{"id":"gen9ou-1998135961","p1":"Did It Done","p2":"spicy piquant","format":"[Gen 9] OU","log":"|j|\u2606Did It Done\n|j|\u2606spicy piquant\n|t:|1700898092\n|gametype|singles\n|player|p1|Did It Done|will-gen2|1489\n|player|p2|spicy piquant|2|1627\n|teamsize|p1|6\n|teamsize|p2|6\n|gen|9\n|tier|[Gen 9] OU\n|rated|\n|rule|Sleep Clause Mod: Limit one foe put to sleep\n|rule|Species Clause: Limit one of each Pok\u00e9mon\n|rule|OHKO Clause: OHKO moves are banned\n|rule|Evasion Items Clause: Evasion items are banned\n|rule|Evasion Moves Clause: Evasion moves are banned\n|rule|Endless Battle Clause: Forcing endless battles is banned\n|rule|HP Percentage Mod: HP is shown in percentages\n|clearpoke\n|poke|p1|Garganacl, F|\n|poke|p1|Greninja-*, M|\n|poke|p1|Heatran, F|\n|poke|p1|Rillaboom, M|\n|poke|p1|Zapdos|\n|poke|p1|Iron Treads|\n|poke|p2|Tinkaton, F|\n|poke|p2|Moltres|\n|poke|p2|Kingambit, M|\n|poke|p2|Dragapult, M|\n|poke|p2|Clodsire, F|\n|poke|p2|Great Tusk|\n|teampreview\n|inactive|Battle timer is ON: inactive players will automatically lose when time's up. (requested by spicy piquant)\n|\n|t:|1700898118\n|start\n|switch|p1a: Iron Treads|Iron Treads|100\/100\n|switch|p2a: Tinkaton|Tinkaton, F|100\/100\n|-ability|p2a: Tinkaton|Mold Breaker\n|-enditem|p1a: Iron Treads|Booster Energy\n|-activate|p1a: Iron Treads|ability: Quark Drive|[fromitem]\n|-start|p1a: Iron Treads|quarkdrivespe\n|turn|1\n|\n|t:|1700898126\n|move|p1a: Iron Treads|Iron Head|p2a: Tinkaton\n|-damage|p2a: Tinkaton|66\/100\n|cant|p2a: Tinkaton|flinch\n|\n|-heal|p2a: Tinkaton|72\/100|[from] item: Leftovers\n|upkeep\n|turn|2\n|\n|t:|1700898144\n|switch|p2a: Moltres|Moltres|100\/100\n|move|p1a: Iron Treads|Iron Head|p2a: Moltres\n|-resisted|p2a: Moltres\n|-damage|p2a: Moltres|84\/100\n|\n|upkeep\n|turn|3\n|\n|t:|1700898149\n|move|p1a: Iron Treads|Volt Switch|p2a: Moltres\n|-supereffective|p2a: Moltres\n|-damage|p2a: Moltres|41\/100\n|\n|t:|1700898160\n|-end|p1a: Iron Treads|Quark Drive|[silent]\n|switch|p1a: Heatran|Heatran, F|100\/100|[from] Volt Switch\n|move|p2a: Moltres|Hurricane|p1a: Heatran\n|-resisted|p1a: Heatran\n|-damage|p1a: Heatran|82\/100\n|\n|-heal|p1a: Heatran|88\/100|[from] item: Leftovers\n|upkeep\n|turn|4\n|\n|t:|1700898165\n|move|p2a: Moltres|U-turn|p1a: Heatran\n|-resisted|p1a: Heatran\n|-damage|p1a: Heatran|85\/100\n|\n|t:|1700898170\n|switch|p2a: Clodsire|Clodsire, F|100\/100|[from] U-turn\n|move|p1a: Heatran|Magma Storm|p2a: Clodsire\n|-damage|p2a: Clodsire|79\/100\n|-activate|p2a: Clodsire|move: Magma Storm|[of] p1a: Heatran\n|\n|-heal|p1a: Heatran|91\/100|[from] item: Leftovers\n|-heal|p2a: Clodsire|85\/100|[from] item: Leftovers\n|-damage|p2a: Clodsire|73\/100|[from] move: Magma Storm|[partiallytrapped]\n|upkeep\n|turn|5\n|inactive|Did It Done has 120 seconds left.\n|\n|t:|1700898201\n|switch|p1a: Rillaboom|Rillaboom, M|100\/100\n|-fieldstart|move: Grassy Terrain|[from] ability: Grassy Surge|[of] p1a: Rillaboom\n|move|p2a: Clodsire|Earthquake|p1a: Rillaboom\n|-resisted|p1a: Rillaboom\n|-damage|p1a: Rillaboom|93\/100\n|\n|-heal|p1a: Rillaboom|99\/100|[from] Grassy Terrain\n|-heal|p2a: Clodsire|79\/100|[from] Grassy Terrain\n|-heal|p2a: Clodsire|85\/100|[from] item: Leftovers\n|-end|p2a: Clodsire|Magma Storm|[partiallytrapped]|[silent]\n|upkeep\n|turn|6\n|\n|t:|1700898205\n|switch|p2a: Moltres|Moltres|41\/100\n|move|p1a: Rillaboom|Wood Hammer|p2a: Moltres\n|-resisted|p2a: Moltres\n|-damage|p2a: Moltres|2\/100\n|-status|p1a: Rillaboom|brn|[from] ability: Flame Body|[of] p2a: Moltres\n|-damage|p1a: Rillaboom|86\/100 brn|[from] Recoil\n|\n|-heal|p1a: Rillaboom|93\/100 brn|[from] Grassy Terrain\n|-damage|p1a: Rillaboom|86\/100 brn|[from] brn\n|upkeep\n|turn|7\n|\n|t:|1700898210\n|move|p2a: Moltres|Roost|p2a: Moltres\n|-heal|p2a: Moltres|52\/100\n|-singleturn|p2a: Moltres|move: Roost\n|move|p1a: Rillaboom|Wood Hammer|p2a: Moltres\n|-resisted|p2a: Moltres\n|-damage|p2a: Moltres|12\/100\n|-damage|p1a: Rillaboom|74\/100 brn|[from] Recoil\n|\n|-heal|p2a: Moltres|18\/100|[from] Grassy Terrain\n|-heal|p1a: Rillaboom|80\/100 brn|[from] Grassy Terrain\n|-damage|p1a: Rillaboom|74\/100 brn|[from] brn\n|upkeep\n|turn|8\n|\n|t:|1700898215\n|switch|p1a: Garganacl|Garganacl, F|100\/100\n|move|p2a: Moltres|Roost|p2a: Moltres\n|-heal|p2a: Moltres|68\/100\n|-singleturn|p2a: Moltres|move: Roost\n|\n|-heal|p2a: Moltres|74\/100|[from] Grassy Terrain\n|upkeep\n|turn|9\n|\n|t:|1700898219\n|move|p2a: Moltres|U-turn|p1a: Garganacl\n|-damage|p1a: Garganacl|93\/100\n|\n|t:|1700898222\n|switch|p2a: Great Tusk|Great Tusk|100\/100|[from] U-turn\n|move|p1a: Garganacl|Salt Cure|p2a: Great Tusk\n|-resisted|p2a: Great Tusk\n|-damage|p2a: Great Tusk|99\/100\n|-start|p2a: Great Tusk|Salt Cure\n|\n|-heal|p2a: Great Tusk|100\/100|[from] Grassy Terrain\n|-heal|p1a: Garganacl|99\/100|[from] Grassy Terrain\n|-heal|p1a: Garganacl|100\/100|[from] item: Leftovers\n|-damage|p2a: Great Tusk|88\/100|[from] Salt Cure\n|-fieldend|move: Grassy Terrain\n|upkeep\n|turn|10\n|\n|t:|1700898235\n|move|p2a: Great Tusk|Knock Off|p1a: Garganacl\n|-damage|p1a: Garganacl|85\/100\n|-enditem|p1a: Garganacl|Leftovers|[from] move: Knock Off|[of] p2a: Great Tusk\n|move|p1a: Garganacl|Curse|p1a: Garganacl\n|-unboost|p1a: Garganacl|spe|1\n|-boost|p1a: Garganacl|atk|1\n|-boost|p1a: Garganacl|def|1\n|\n|-heal|p2a: Great Tusk|94\/100|[from] item: Leftovers\n|-damage|p2a: Great Tusk|82\/100|[from] Salt Cure\n|upkeep\n|turn|11\n|\n|t:|1700898241\n|move|p2a: Great Tusk|Bulk Up|p2a: Great Tusk\n|-boost|p2a: Great Tusk|atk|1\n|-boost|p2a: Great Tusk|def|1\n|move|p1a: Garganacl|Curse|p1a: Garganacl\n|-unboost|p1a: Garganacl|spe|1\n|-boost|p1a: Garganacl|atk|1\n|-boost|p1a: Garganacl|def|1\n|\n|-heal|p2a: Great Tusk|88\/100|[from] item: Leftovers\n|-damage|p2a: Great Tusk|76\/100|[from] Salt Cure\n|upkeep\n|turn|12\n|\n|t:|1700898252\n|-end|p2a: Great Tusk|Protosynthesis|[silent]\n|switch|p2a: Tinkaton|Tinkaton, F|72\/100\n|-ability|p2a: Tinkaton|Mold Breaker\n|move|p1a: Garganacl|Earthquake|p2a: Tinkaton\n|-supereffective|p2a: Tinkaton\n|-damage|p2a: Tinkaton|0 fnt\n|faint|p2a: Tinkaton\n|\n|upkeep\n|\n|t:|1700898258\n|switch|p2a: Kingambit|Kingambit, M|100\/100\n|-activate|p2a: Kingambit|ability: Supreme Overlord\n|-start|p2a: Kingambit|fallen1|[silent]\n|turn|13\n|\n|t:|1700898264\n|move|p2a: Kingambit|Iron Head|p1a: Garganacl\n|-supereffective|p1a: Garganacl\n|-damage|p1a: Garganacl|58\/100\n|move|p1a: Garganacl|Salt Cure|p2a: Kingambit\n|-resisted|p2a: Kingambit\n|-damage|p2a: Kingambit|90\/100\n|-start|p2a: Kingambit|Salt Cure\n|\n|-heal|p2a: Kingambit|97\/100|[from] item: Leftovers\n|-damage|p2a: Kingambit|72\/100|[from] Salt Cure\n|upkeep\n|turn|14\n|\n|t:|1700898270\n|move|p2a: Kingambit|Iron Head|p1a: Garganacl\n|-supereffective|p1a: Garganacl\n|-crit|p1a: Garganacl\n|-damage|p1a: Garganacl|0 fnt\n|faint|p1a: Garganacl\n|\n|-heal|p2a: Kingambit|78\/100|[from] item: Leftovers\n|-damage|p2a: Kingambit|53\/100|[from] Salt Cure\n|upkeep\n|\n|t:|1700898283\n|switch|p1a: Heatran|Heatran, F|91\/100\n|turn|15\n|\n|t:|1700898288\n|-end|p2a: Kingambit|fallen1|[silent]\n|switch|p2a: Clodsire|Clodsire, F|85\/100\n|move|p1a: Heatran|Magma Storm|p2a: Clodsire\n|-damage|p2a: Clodsire|62\/100\n|-activate|p2a: Clodsire|move: Magma Storm|[of] p1a: Heatran\n|\n|-heal|p1a: Heatran|97\/100|[from] item: Leftovers\n|-heal|p2a: Clodsire|68\/100|[from] item: Leftovers\n|-damage|p2a: Clodsire|56\/100|[from] move: Magma Storm|[partiallytrapped]\n|upkeep\n|turn|16\n|inactive|Did It Done has 120 seconds left.\n|\n|t:|1700898319\n|switch|p1a: Rillaboom|Rillaboom, M|74\/100 brn\n|-fieldstart|move: Grassy Terrain|[from] ability: Grassy Surge|[of] p1a: Rillaboom\n|move|p2a: Clodsire|Earthquake|p1a: Rillaboom\n|-resisted|p1a: Rillaboom\n|-damage|p1a: Rillaboom|66\/100 brn\n|\n|-heal|p1a: Rillaboom|72\/100 brn|[from] Grassy Terrain\n|-heal|p2a: Clodsire|62\/100|[from] Grassy Terrain\n|-heal|p2a: Clodsire|68\/100|[from] item: Leftovers\n|-damage|p1a: Rillaboom|66\/100 brn|[from] brn\n|-end|p2a: Clodsire|Magma Storm|[partiallytrapped]|[silent]\n|upkeep\n|turn|17\n|inactive|Did It Done has 120 seconds left.\n|\n|t:|1700898354\n|switch|p2a: Moltres|Moltres|74\/100\n|move|p1a: Rillaboom|U-turn|p2a: Moltres\n|-resisted|p2a: Moltres\n|-damage|p2a: Moltres|69\/100\n|\n|t:|1700898359\n|switch|p1a: Greninja|Greninja, M|100\/100|[from] U-turn\n|-enditem|p1a: Greninja|Grassy Seed\n|-boost|p1a: Greninja|def|1|[from] item: Grassy Seed\n|\n|upkeep\n|turn|18\n|\n|t:|1700898384\n|switch|p2a: Clodsire|Clodsire, F|68\/100\n|move|p1a: Greninja|Surf|p2a: Clodsire\n|-heal|p2a: Clodsire|93\/100|[from] ability: Water Absorb|[of] p1a: Greninja\n|\n|-heal|p2a: Clodsire|99\/100|[from] Grassy Terrain\n|-heal|p2a: Clodsire|100\/100|[from] item: Leftovers\n|upkeep\n|turn|19\n|inactive|Did It Done has 90 seconds left.\n|\n|t:|1700898417\n|switch|p1a: Rillaboom|Rillaboom, M|66\/100 brn\n|move|p2a: Clodsire|Poison Jab|p1a: Rillaboom\n|-supereffective|p1a: Rillaboom\n|-damage|p1a: Rillaboom|18\/100 brn\n|\n|-heal|p1a: Rillaboom|25\/100 brn|[from] Grassy Terrain\n|-damage|p1a: Rillaboom|18\/100 brn|[from] brn\n|upkeep\n|turn|20\n|\n|t:|1700898437\n|switch|p2a: Moltres|Moltres|69\/100\n|move|p1a: Rillaboom|Knock Off|p2a: Moltres\n|-damage|p2a: Moltres|41\/100\n|-enditem|p2a: Moltres|Heavy-Duty Boots|[from] move: Knock Off|[of] p1a: Rillaboom\n|\n|-heal|p1a: Rillaboom|25\/100 brn|[from] Grassy Terrain\n|-damage|p1a: Rillaboom|18\/100 brn|[from] brn\n|-fieldend|move: Grassy Terrain\n|upkeep\n|turn|21\n|\n|t:|1700898451\n|move|p2a: Moltres|Roost|p2a: Moltres\n|-heal|p2a: Moltres|91\/100\n|-singleturn|p2a: Moltres|move: Roost\n|move|p1a: Rillaboom|Knock Off|p2a: Moltres\n|-damage|p2a: Moltres|69\/100\n|\n|-damage|p1a: Rillaboom|12\/100 brn|[from] brn\n|upkeep\n|turn|22\n|inactive|spicy piquant has 120 seconds left.\n|\n|t:|1700898492\n|switch|p1a: Zapdos|Zapdos|100\/100\n|move|p2a: Moltres|U-turn|p1a: Zapdos\n|-resisted|p1a: Zapdos\n|-damage|p1a: Zapdos|94\/100\n|\n|t:|1700898496\n|switch|p2a: Dragapult|Dragapult, M|100\/100|[from] U-turn\n|\n|upkeep\n|turn|23\n|\n|t:|1700898499\n|move|p2a: Dragapult|Substitute|p2a: Dragapult\n|-start|p2a: Dragapult|Substitute\n|-damage|p2a: Dragapult|76\/100\n|move|p1a: Zapdos|Roost|p1a: Zapdos\n|-heal|p1a: Zapdos|100\/100\n|-singleturn|p1a: Zapdos|move: Roost\n|\n|-heal|p2a: Dragapult|82\/100|[from] item: Leftovers\n|upkeep\n|turn|24\n|\n|t:|1700898505\n|move|p2a: Dragapult|Will-O-Wisp|p1a: Zapdos\n|-status|p1a: Zapdos|brn\n|move|p1a: Zapdos|Hurricane|p2a: Dragapult\n|-end|p2a: Dragapult|Substitute\n|\n|-heal|p2a: Dragapult|88\/100|[from] item: Leftovers\n|-damage|p1a: Zapdos|94\/100 brn|[from] brn\n|upkeep\n|turn|25\n|\n|t:|1700898512\n|move|p2a: Dragapult|Substitute|p2a: Dragapult\n|-start|p2a: Dragapult|Substitute\n|-damage|p2a: Dragapult|63\/100\n|move|p1a: Zapdos|U-turn|p2a: Dragapult\n|-resisted|p2a: Dragapult\n|-activate|p2a: Dragapult|move: Substitute|[damage]\n|inactive|Did It Done has 120 seconds left.\n|\n|t:|1700898529\n|switch|p1a: Rillaboom|Rillaboom, M|12\/100 brn|[from] U-turn\n|-fieldstart|move: Grassy Terrain|[from] ability: Grassy Surge|[of] p1a: Rillaboom\n|\n|-heal|p2a: Dragapult|69\/100|[from] Grassy Terrain\n|-heal|p2a: Dragapult|75\/100|[from] item: Leftovers\n|-heal|p1a: Rillaboom|18\/100 brn|[from] Grassy Terrain\n|-damage|p1a: Rillaboom|12\/100 brn|[from] brn\n|upkeep\n|turn|26\n|\n|t:|1700898557\n|move|p1a: Rillaboom|Grassy Glide|p2a: Dragapult\n|-resisted|p2a: Dragapult\n|-end|p2a: Dragapult|Substitute\n|move|p2a: Dragapult|Hex|p1a: Rillaboom\n|-damage|p1a: Rillaboom|0 fnt\n|faint|p1a: Rillaboom\n|\n|-heal|p2a: Dragapult|81\/100|[from] Grassy Terrain\n|-heal|p2a: Dragapult|87\/100|[from] item: Leftovers\n|upkeep\n|inactive|Did It Done has 120 seconds left.\n|\n|t:|1700898576\n|switch|p1a: Heatran|Heatran, F|97\/100\n|turn|27\n|\n|t:|1700898580\n|move|p2a: Dragapult|Substitute|p2a: Dragapult\n|-start|p2a: Dragapult|Substitute\n|-damage|p2a: Dragapult|62\/100\n|move|p1a: Heatran|Magma Storm|p2a: Dragapult|[miss]\n|-miss|p1a: Heatran|p2a: Dragapult\n|\n|-heal|p2a: Dragapult|68\/100|[from] Grassy Terrain\n|-heal|p2a: Dragapult|74\/100|[from] item: Leftovers\n|-heal|p1a: Heatran|100\/100|[from] Grassy Terrain\n|upkeep\n|turn|28\n|\n|t:|1700898587\n|move|p2a: Dragapult|Hex|p1a: Heatran\n|-damage|p1a: Heatran|85\/100\n|move|p1a: Heatran|Earth Power|p2a: Dragapult\n|-end|p2a: Dragapult|Substitute\n|\n|-heal|p2a: Dragapult|80\/100|[from] Grassy Terrain\n|-heal|p2a: Dragapult|86\/100|[from] item: Leftovers\n|-heal|p1a: Heatran|91\/100|[from] Grassy Terrain\n|-heal|p1a: Heatran|97\/100|[from] item: Leftovers\n|upkeep\n|turn|29\n|\n|t:|1700898597\n|move|p2a: Dragapult|Will-O-Wisp|p1a: Heatran\n|-start|p1a: Heatran|ability: Flash Fire\n|move|p1a: Heatran|Magma Storm|p2a: Dragapult\n|-resisted|p2a: Dragapult\n|-damage|p2a: Dragapult|44\/100\n|-activate|p2a: Dragapult|move: Magma Storm|[of] p1a: Heatran\n|\n|-heal|p2a: Dragapult|50\/100|[from] Grassy Terrain\n|-heal|p2a: Dragapult|56\/100|[from] item: Leftovers\n|-heal|p1a: Heatran|100\/100|[from] Grassy Terrain\n|-damage|p2a: Dragapult|44\/100|[from] move: Magma Storm|[partiallytrapped]\n|-fieldend|move: Grassy Terrain\n|upkeep\n|turn|30\n|\n|t:|1700898607\n|move|p2a: Dragapult|Will-O-Wisp|p1a: Heatran\n|-immune|p1a: Heatran|[from] ability: Flash Fire\n|move|p1a: Heatran|Will-O-Wisp|p2a: Dragapult|[miss]\n|-miss|p1a: Heatran|p2a: Dragapult\n|\n|-heal|p2a: Dragapult|50\/100|[from] item: Leftovers\n|-damage|p2a: Dragapult|38\/100|[from] move: Magma Storm|[partiallytrapped]\n|upkeep\n|turn|31\n|\n|t:|1700898625\n|move|p2a: Dragapult|Substitute|p2a: Dragapult\n|-start|p2a: Dragapult|Substitute\n|-end|p2a: Dragapult|Magma Storm|[partiallytrapped]|[silent]\n|-damage|p2a: Dragapult|13\/100\n|move|p1a: Heatran|Earth Power|p2a: Dragapult\n|-end|p2a: Dragapult|Substitute\n|\n|-heal|p2a: Dragapult|19\/100|[from] item: Leftovers\n|upkeep\n|turn|32\n|\n|t:|1700898631\n|switch|p2a: Moltres|Moltres|69\/100\n|move|p1a: Heatran|Earth Power|p2a: Moltres\n|-immune|p2a: Moltres\n|\n|upkeep\n|turn|33\n|\n|t:|1700898642\n|move|p2a: Moltres|U-turn|p1a: Heatran\n|-resisted|p1a: Heatran\n|-damage|p1a: Heatran|97\/100\n|\n|t:|1700898647\n|switch|p2a: Great Tusk|Great Tusk|76\/100|[from] U-turn\n|move|p1a: Heatran|Magma Storm|p2a: Great Tusk\n|-damage|p2a: Great Tusk|0 fnt\n|faint|p2a: Great Tusk\n|-end|p2a: Great Tusk|Protosynthesis|[silent]\n|\n|-heal|p1a: Heatran|100\/100|[from] item: Leftovers\n|upkeep\n|\n|t:|1700898668\n|switch|p2a: Kingambit|Kingambit, M|53\/100\n|-activate|p2a: Kingambit|ability: Supreme Overlord\n|-start|p2a: Kingambit|fallen2|[silent]\n|turn|34\n|\n|t:|1700898677\n|move|p1a: Heatran|Earth Power|p2a: Kingambit\n|-supereffective|p2a: Kingambit\n|-damage|p2a: Kingambit|2\/100\n|move|p2a: Kingambit|Kowtow Cleave|p1a: Heatran\n|-damage|p1a: Heatran|51\/100\n|\n|-heal|p1a: Heatran|57\/100|[from] item: Leftovers\n|-heal|p2a: Kingambit|8\/100|[from] item: Leftovers\n|upkeep\n|turn|35\n|inactive|spicy piquant has 120 seconds left.\n|\n|t:|1700898706\n|-end|p2a: Kingambit|fallen2|[silent]\n|switch|p2a: Moltres|Moltres|69\/100\n|move|p1a: Heatran|Earth Power|p2a: Moltres\n|-immune|p2a: Moltres\n|\n|-heal|p1a: Heatran|63\/100|[from] item: Leftovers\n|upkeep\n|turn|36\n|\n|t:|1700898713\n|move|p2a: Moltres|Hurricane|p1a: Heatran\n|-resisted|p1a: Heatran\n|-damage|p1a: Heatran|45\/100\n|move|p1a: Heatran|Magma Storm|p2a: Moltres\n|-resisted|p2a: Moltres\n|-damage|p2a: Moltres|29\/100\n|-activate|p2a: Moltres|move: Magma Storm|[of] p1a: Heatran\n|\n|-heal|p1a: Heatran|51\/100|[from] item: Leftovers\n|-damage|p2a: Moltres|17\/100|[from] move: Magma Storm|[partiallytrapped]\n|upkeep\n|turn|37\n|\n|t:|1700898723\n|move|p2a: Moltres|Roost|p2a: Moltres\n|-heal|p2a: Moltres|67\/100\n|-singleturn|p2a: Moltres|move: Roost\n|move|p1a: Heatran|Earth Power|p2a: Moltres\n|-supereffective|p2a: Moltres\n|-damage|p2a: Moltres|1\/100\n|\n|-heal|p1a: Heatran|57\/100|[from] item: Leftovers\n|-damage|p2a: Moltres|0 fnt|[from] move: Magma Storm|[partiallytrapped]\n|faint|p2a: Moltres\n|upkeep\n|\n|t:|1700898730\n|switch|p2a: Kingambit|Kingambit, M|8\/100\n|-activate|p2a: Kingambit|ability: Supreme Overlord\n|-start|p2a: Kingambit|fallen3|[silent]\n|turn|38\n|inactive|spicy piquant has 120 seconds left.\n|\n|t:|1700898754\n|move|p2a: Kingambit|Sucker Punch|p1a: Heatran\n|-damage|p1a: Heatran|12\/100\n|move|p1a: Heatran|Earth Power|p2a: Kingambit\n|-supereffective|p2a: Kingambit\n|-damage|p2a: Kingambit|0 fnt\n|faint|p2a: Kingambit\n|-end|p2a: Kingambit|fallen3|[silent]\n|\n|-heal|p1a: Heatran|18\/100|[from] item: Leftovers\n|upkeep\n|inactive|spicy piquant has 120 seconds left.\n|-message|spicy piquant forfeited.\n|\n|win|Did It Done\n|raw|Did It Done's rating: 1489 &rarr; <strong>1516<\/strong><br \/>(+27 for winning)\n|raw|spicy piquant's rating: 1621 &rarr; <strong>1594<\/strong><br \/>(-27 for losing)\n|l|\u2606spicy piquant\n","uploadtime":1700898786,"views":3,"p1id":"diditdone","p2id":"spicypiquant","formatid":"gen9ou","rating":1516,"private":0,"password":""}