{"id":"gen9ou-1990086371","p1":"PenguinODoom","p2":"Pokemaster rico","format":"[Gen 9] OU","log":"|j|\u2606PenguinODoom\n|j|\u2606Pokemaster rico\n|t:|1699923061\n|gametype|singles\n|player|p1|PenguinODoom|101|1048\n|player|p2|Pokemaster rico|blackbelt-gen4dp|1065\n|teamsize|p1|6\n|teamsize|p2|6\n|gen|9\n|tier|[Gen 9] OU\n|rated|\n|rule|Sleep Clause Mod: Limit one foe put to sleep\n|rule|Species Clause: Limit one of each Pok\u00e9mon\n|rule|OHKO Clause: OHKO moves are banned\n|rule|Evasion Items Clause: Evasion items are banned\n|rule|Evasion Moves Clause: Evasion moves are banned\n|rule|Endless Battle Clause: Forcing endless battles is banned\n|rule|HP Percentage Mod: HP is shown in percentages\n|clearpoke\n|poke|p1|Gholdengo|\n|poke|p1|Armarouge, M|\n|poke|p1|Iron Valiant|\n|poke|p1|Alomomola, F|\n|poke|p1|Ting-Lu|\n|poke|p1|Glimmora, M|\n|poke|p2|Hypno, F|\n|poke|p2|Mudsdale, M|\n|poke|p2|Sandslash-Alola, F|\n|poke|p2|Dusclops, F|\n|poke|p2|Oricorio, M|\n|poke|p2|Lumineon, M|\n|teampreview\n|\n|t:|1699923070\n|start\n|switch|p1a: Ting-Lu|Ting-Lu|100\/100\n|switch|p2a: Mudsdale|Mudsdale, M, shiny|100\/100\n|-ability|p1a: Ting-Lu|Vessel of Ruin\n|turn|1\n|\n|t:|1699923087\n|move|p1a: Ting-Lu|Stealth Rock|p2a: Mudsdale\n|-sidestart|p2: Pokemaster rico|move: Stealth Rock\n|move|p2a: Mudsdale|Stealth Rock|p1a: Ting-Lu\n|-sidestart|p1: PenguinODoom|move: Stealth Rock\n|\n|upkeep\n|turn|2\n|\n|t:|1699923094\n|move|p1a: Ting-Lu|Spikes|p2a: Mudsdale\n|-sidestart|p2: Pokemaster rico|Spikes\n|move|p2a: Mudsdale|Earthquake|p1a: Ting-Lu\n|-damage|p1a: Ting-Lu|80\/100\n|\n|-heal|p1a: Ting-Lu|86\/100|[from] item: Leftovers\n|upkeep\n|turn|3\n|\n|t:|1699923108\n|move|p1a: Ting-Lu|Spikes|p2a: Mudsdale\n|-sidestart|p2: Pokemaster rico|Spikes\n|move|p2a: Mudsdale|Earthquake|p1a: Ting-Lu\n|-damage|p1a: Ting-Lu|68\/100\n|\n|-heal|p1a: Ting-Lu|74\/100|[from] item: Leftovers\n|upkeep\n|turn|4\n|l|\u2606Pokemaster rico\n|player|p2|\n|j|\u2606Pokemaster rico\n|player|p2|Pokemaster rico|blackbelt-gen4dp\n|inactive|Battle timer is ON: inactive players will automatically lose when time's up. (requested by PenguinODoom)\n|\n|t:|1699923169\n|move|p1a: Ting-Lu|Spikes|p2a: Mudsdale\n|-sidestart|p2: Pokemaster rico|Spikes\n|move|p2a: Mudsdale|Earthquake|p1a: Ting-Lu\n|-damage|p1a: Ting-Lu|57\/100\n|\n|-heal|p1a: Ting-Lu|63\/100|[from] item: Leftovers\n|upkeep\n|turn|5\n|\n|t:|1699923178\n|move|p1a: Ting-Lu|Ruination|p2a: Mudsdale\n|-damage|p2a: Mudsdale|50\/100\n|-ability|p2a: Mudsdale|Stamina|boost\n|-boost|p2a: Mudsdale|def|1\n|move|p2a: Mudsdale|Body Press|p1a: Ting-Lu\n|-supereffective|p1a: Ting-Lu\n|-damage|p1a: Ting-Lu|25\/100\n|\n|-heal|p1a: Ting-Lu|32\/100|[from] item: Leftovers\n|upkeep\n|turn|6\n|\n|t:|1699923191\n|switch|p1a: Gholdengo|Gholdengo|100\/100\n|-damage|p1a: Gholdengo|94\/100|[from] Stealth Rock\n|move|p2a: Mudsdale|Body Press|p1a: Gholdengo\n|-immune|p1a: Gholdengo\n|\n|upkeep\n|turn|7\n|\n|t:|1699923201\n|move|p1a: Gholdengo|Shadow Ball|p2a: Mudsdale\n|-damage|p2a: Mudsdale|5\/100\n|-ability|p2a: Mudsdale|Stamina|boost\n|-boost|p2a: Mudsdale|def|1\n|-enditem|p2a: Mudsdale|Aguav Berry|[eat]\n|-heal|p2a: Mudsdale|38\/100|[from] item: Aguav Berry\n|move|p2a: Mudsdale|Earthquake|p1a: Gholdengo\n|-supereffective|p1a: Gholdengo\n|-damage|p1a: Gholdengo|3\/100\n|\n|upkeep\n|turn|8\n|\n|t:|1699923214\n|move|p1a: Gholdengo|Shadow Ball|p2a: Mudsdale\n|-damage|p2a: Mudsdale|0 fnt\n|faint|p2a: Mudsdale\n|\n|upkeep\n|\n|t:|1699923225\n|switch|p2a: Oricorio|Oricorio, M|100\/100\n|turn|9\n|\n|t:|1699923233\n|move|p2a: Oricorio|Air Slash|p1a: Gholdengo|[miss]\n|-miss|p2a: Oricorio|p1a: Gholdengo\n|move|p1a: Gholdengo|Recover|p1a: Gholdengo\n|-heal|p1a: Gholdengo|53\/100\n|\n|upkeep\n|turn|10\n|\n|t:|1699923240\n|move|p2a: Oricorio|Defog|p1a: Gholdengo\n|-immune|p1a: Gholdengo|[from] ability: Good as Gold\n|move|p1a: Gholdengo|Recover|p1a: Gholdengo\n|-heal|p1a: Gholdengo|100\/100\n|\n|upkeep\n|turn|11\n|\n|t:|1699923248\n|move|p2a: Oricorio|Quiver Dance|p2a: Oricorio\n|-boost|p2a: Oricorio|spa|1\n|-boost|p2a: Oricorio|spd|1\n|-boost|p2a: Oricorio|spe|1\n|move|p1a: Gholdengo|Make It Rain|p2a: Oricorio\n|-resisted|p2a: Oricorio\n|-damage|p2a: Oricorio|63\/100\n|-unboost|p1a: Gholdengo|spa|1\n|-enditem|p1a: Gholdengo|White Herb\n|-clearnegativeboost|p1a: Gholdengo|[silent]\n|\n|upkeep\n|turn|12\n|\n|t:|1699923261\n|move|p2a: Oricorio|Air Slash|p1a: Gholdengo\n|-resisted|p1a: Gholdengo\n|-damage|p1a: Gholdengo|72\/100\n|cant|p1a: Gholdengo|flinch\n|\n|upkeep\n|turn|13\n|\n|t:|1699923267\n|move|p2a: Oricorio|Air Slash|p1a: Gholdengo\n|-resisted|p1a: Gholdengo\n|-damage|p1a: Gholdengo|38\/100\n|move|p1a: Gholdengo|Thunder Wave|p2a: Oricorio\n|-status|p2a: Oricorio|par\n|\n|upkeep\n|turn|14\n|\n|t:|1699923275\n|move|p1a: Gholdengo|Recover|p1a: Gholdengo\n|-heal|p1a: Gholdengo|88\/100\n|move|p2a: Oricorio|Quiver Dance|p2a: Oricorio\n|-boost|p2a: Oricorio|spa|1\n|-boost|p2a: Oricorio|spd|1\n|-boost|p2a: Oricorio|spe|1\n|\n|upkeep\n|turn|15\n|\n|t:|1699923284\n|move|p2a: Oricorio|Air Slash|p1a: Gholdengo\n|-resisted|p1a: Gholdengo\n|-damage|p1a: Gholdengo|46\/100\n|cant|p1a: Gholdengo|flinch\n|\n|upkeep\n|turn|16\n|\n|t:|1699923290\n|cant|p2a: Oricorio|par\n|move|p1a: Gholdengo|Recover|p1a: Gholdengo\n|-heal|p1a: Gholdengo|96\/100\n|\n|upkeep\n|turn|17\n|\n|t:|1699923301\n|move|p2a: Oricorio|Quiver Dance|p2a: Oricorio\n|-boost|p2a: Oricorio|spa|1\n|-boost|p2a: Oricorio|spd|1\n|-boost|p2a: Oricorio|spe|1\n|move|p1a: Gholdengo|Shadow Ball|p2a: Oricorio\n|-damage|p2a: Oricorio|31\/100 par\n|\n|upkeep\n|turn|18\n|\n|t:|1699923313\n|-terastallize|p2a: Oricorio|Electric\n|move|p2a: Oricorio|Tera Blast|p1a: Gholdengo|[anim] Tera Blast Electric\n|-damage|p1a: Gholdengo|0 fnt\n|faint|p1a: Gholdengo\n|\n|upkeep\n|\n|t:|1699923329\n|switch|p1a: Ting-Lu|Ting-Lu|32\/100\n|-damage|p1a: Ting-Lu|25\/100|[from] Stealth Rock\n|-ability|p1a: Ting-Lu|Vessel of Ruin\n|turn|19\n|\n|t:|1699923336\n|move|p2a: Oricorio|Air Slash|p1a: Ting-Lu\n|-damage|p1a: Ting-Lu|0 fnt\n|faint|p1a: Ting-Lu\n|\n|upkeep\n|\n|t:|1699923351\n|switch|p1a: Glimmora|Glimmora, M, shiny|100\/100\n|-damage|p1a: Glimmora|88\/100|[from] Stealth Rock\n|turn|20\n|\n|t:|1699923358\n|move|p2a: Oricorio|Defog|p1a: Glimmora\n|-unboost|p1a: Glimmora|evasion|1\n|-sideend|p1: PenguinODoom|Stealth Rock|[from] move: Defog|[of] p2a: Oricorio\n|-sideend|p2: Pokemaster rico|Spikes|[from] move: Defog|[of] p2a: Oricorio\n|-sideend|p2: Pokemaster rico|Stealth Rock|[from] move: Defog|[of] p2a: Oricorio\n|move|p1a: Glimmora|Earth Power|p2a: Oricorio\n|-supereffective|p2a: Oricorio\n|-damage|p2a: Oricorio|0 fnt\n|faint|p2a: Oricorio\n|\n|-heal|p1a: Glimmora|94\/100|[from] item: Black Sludge\n|upkeep\n|\n|t:|1699923373\n|switch|p2a: Hypno|Hypno, F, shiny|100\/100\n|-activate|p2a: Hypno|ability: Forewarn|Sludge Wave|[of] p1a: Glimmora\n|turn|21\n|\n|t:|1699923379\n|move|p1a: Glimmora|Spiky Shield|p1a: Glimmora\n|-singleturn|p1a: Glimmora|move: Protect\n|move|p2a: Hypno|Hypnosis|p1a: Glimmora\n|-activate|p1a: Glimmora|move: Protect\n|\n|-heal|p1a: Glimmora|100\/100|[from] item: Black Sludge\n|upkeep\n|turn|22\n|\n|t:|1699923399\n|move|p1a: Glimmora|Mortal Spin|p2a: Hypno\n|-damage|p2a: Hypno|94\/100\n|-status|p2a: Hypno|psn\n|move|p2a: Hypno|Hypnosis|p1a: Glimmora\n|-status|p1a: Glimmora|slp|[from] move: Hypnosis\n|\n|-damage|p2a: Hypno|82\/100 psn|[from] psn\n|upkeep\n|turn|23\n|\n|t:|1699923409\n|cant|p1a: Glimmora|slp\n|move|p2a: Hypno|Calm Mind|p2a: Hypno\n|-boost|p2a: Hypno|spa|1\n|-boost|p2a: Hypno|spd|1\n|\n|-damage|p2a: Hypno|69\/100 psn|[from] psn\n|upkeep\n|turn|24\n|\n|t:|1699923417\n|cant|p1a: Glimmora|slp\n|move|p2a: Hypno|Psyshock|p1a: Glimmora\n|-supereffective|p1a: Glimmora\n|-damage|p1a: Glimmora|0 fnt\n|faint|p1a: Glimmora\n|\n|-damage|p2a: Hypno|57\/100 psn|[from] psn\n|upkeep\n|\n|t:|1699923427\n|switch|p1a: Alomomola|Alomomola, F|100\/100\n|turn|25\n|\n|t:|1699923433\n|move|p1a: Alomomola|Substitute|p1a: Alomomola\n|-start|p1a: Alomomola|Substitute\n|-damage|p1a: Alomomola|76\/100\n|move|p2a: Hypno|Hypnosis||[still]\n|-fail|p2a: Hypno\n|\n|-heal|p1a: Alomomola|82\/100|[from] item: Leftovers\n|-damage|p2a: Hypno|45\/100 psn|[from] psn\n|upkeep\n|turn|26\n|\n|t:|1699923444\n|move|p1a: Alomomola|Protect|p1a: Alomomola\n|-singleturn|p1a: Alomomola|Protect\n|move|p2a: Hypno|Draining Kiss|p1a: Alomomola\n|-activate|p1a: Alomomola|move: Protect\n|\n|-heal|p1a: Alomomola|88\/100|[from] item: Leftovers\n|-damage|p2a: Hypno|32\/100 psn|[from] psn\n|upkeep\n|turn|27\n|\n|t:|1699923454\n|move|p1a: Alomomola|Wish|p1a: Alomomola\n|move|p2a: Hypno|Psyshock|p1a: Alomomola\n|-end|p1a: Alomomola|Substitute\n|\n|-heal|p1a: Alomomola|94\/100|[from] item: Leftovers\n|-damage|p2a: Hypno|20\/100 psn|[from] psn\n|upkeep\n|turn|28\n|\n|t:|1699923463\n|move|p1a: Alomomola|Substitute|p1a: Alomomola\n|-start|p1a: Alomomola|Substitute\n|-damage|p1a: Alomomola|69\/100\n|move|p2a: Hypno|Calm Mind|p2a: Hypno\n|-boost|p2a: Hypno|spa|1\n|-boost|p2a: Hypno|spd|1\n|\n|-heal|p1a: Alomomola|100\/100|[from] move: Wish|[wisher] Alomomola\n|-damage|p2a: Hypno|8\/100 psn|[from] psn\n|upkeep\n|turn|29\n|\n|t:|1699923475\n|switch|p2a: Dusclops|Dusclops, F|100\/100\n|-item|p1a: Alomomola|Leftovers|[from] ability: Frisk|[of] p2a: Dusclops|[identify]\n|move|p1a: Alomomola|Protect||[still]\n|-fail|p1a: Alomomola\n|\n|upkeep\n|turn|30\n|\n|t:|1699923483\n|move|p1a: Alomomola|Flip Turn|p2a: Dusclops\n|-damage|p2a: Dusclops|90\/100\n|\n|t:|1699923487\n|switch|p1a: Iron Valiant|Iron Valiant, shiny|100\/100|[from] Flip Turn\n|-enditem|p1a: Iron Valiant|Booster Energy\n|-activate|p1a: Iron Valiant|ability: Quark Drive|[fromitem]\n|-start|p1a: Iron Valiant|quarkdriveatk\n|move|p2a: Dusclops|Curse|p1a: Iron Valiant\n|-start|p1a: Iron Valiant|Curse|[of] p2a: Dusclops\n|-damage|p2a: Dusclops|40\/100\n|\n|-damage|p1a: Iron Valiant|76\/100|[from] Curse\n|upkeep\n|turn|31\n|\n|t:|1699923503\n|move|p1a: Iron Valiant|Spirit Break|p2a: Dusclops\n|-damage|p2a: Dusclops|6\/100\n|-unboost|p2a: Dusclops|spa|1\n|move|p2a: Dusclops|Pain Split|p1a: Iron Valiant\n|-sethp|p1a: Iron Valiant|41\/100|[from] move: Pain Split|[silent]\n|-sethp|p2a: Dusclops|42\/100|[from] move: Pain Split\n|\n|-damage|p1a: Iron Valiant|16\/100|[from] Curse\n|upkeep\n|turn|32\n|\n|t:|1699923516\n|-end|p1a: Iron Valiant|Quark Drive|[silent]\n|switch|p1a: Alomomola|Alomomola, F|100\/100\n|move|p2a: Dusclops|Shadow Sneak|p1a: Alomomola\n|-damage|p1a: Alomomola|93\/100\n|\n|-heal|p1a: Alomomola|99\/100|[from] item: Leftovers\n|upkeep\n|turn|33\n|\n|t:|1699923529\n|move|p1a: Alomomola|Substitute|p1a: Alomomola\n|-start|p1a: Alomomola|Substitute\n|-damage|p1a: Alomomola|74\/100\n|move|p2a: Dusclops|Will-O-Wisp|p1a: Alomomola|[miss]\n|-miss|p2a: Dusclops|p1a: Alomomola\n|\n|-heal|p1a: Alomomola|80\/100|[from] item: Leftovers\n|upkeep\n|turn|34\n|\n|t:|1699923538\n|move|p1a: Alomomola|Wish|p1a: Alomomola\n|move|p2a: Dusclops|Pain Split||[still]\n|-fail|p2a: Dusclops\n|\n|-heal|p1a: Alomomola|87\/100|[from] item: Leftovers\n|upkeep\n|turn|35\n|\n|t:|1699923561\n|switch|p2a: Lumineon|Lumineon, M|100\/100\n|move|p1a: Alomomola|Protect||[still]\n|-fail|p1a: Alomomola\n|\n|-heal|p1a: Alomomola|100\/100|[from] move: Wish|[wisher] Alomomola\n|upkeep\n|turn|36\n|\n|t:|1699923573\n|move|p2a: Lumineon|Dazzling Gleam|p1a: Alomomola\n|-activate|p1a: Alomomola|move: Substitute|[damage]\n|move|p1a: Alomomola|Wish|p1a: Alomomola\n|\n|upkeep\n|turn|37\n|\n|t:|1699923585\n|switch|p1a: Iron Valiant|Iron Valiant, shiny|16\/100\n|move|p2a: Lumineon|Dazzling Gleam|p1a: Iron Valiant\n|-supereffective|p1a: Iron Valiant\n|-damage|p1a: Iron Valiant|0 fnt\n|faint|p1a: Iron Valiant\n|-end|p1a: Iron Valiant|Quark Drive|[silent]\n|\n|upkeep\n|\n|t:|1699923593\n|switch|p1a: Armarouge|Armarouge, M|100\/100\n|turn|38\n|\n|t:|1699923601\n|move|p2a: Lumineon|Chilling Water|p1a: Armarouge\n|-supereffective|p1a: Armarouge\n|-damage|p1a: Armarouge|56\/100\n|-unboost|p1a: Armarouge|atk|1\n|move|p1a: Armarouge|Energy Ball|p2a: Lumineon\n|-supereffective|p2a: Lumineon\n|-damage|p2a: Lumineon|14\/100\n|-enditem|p2a: Lumineon|Salac Berry|[eat]\n|-boost|p2a: Lumineon|spe|1|[from] item: Salac Berry\n|\n|upkeep\n|turn|39\n|\n|t:|1699923613\n|switch|p1a: Alomomola|Alomomola, F|100\/100\n|move|p2a: Lumineon|Chilling Water|p1a: Alomomola\n|-resisted|p1a: Alomomola\n|-damage|p1a: Alomomola|89\/100\n|-unboost|p1a: Alomomola|atk|1\n|\n|-heal|p1a: Alomomola|95\/100|[from] item: Leftovers\n|upkeep\n|turn|40\n|\n|t:|1699923623\n|move|p2a: Lumineon|Encore||[still]\n|-fail|p2a: Lumineon\n|move|p1a: Alomomola|Wish|p1a: Alomomola\n|\n|-heal|p1a: Alomomola|100\/100|[from] item: Leftovers\n|upkeep\n|turn|41\n|\n|t:|1699923632\n|move|p2a: Lumineon|Encore|p1a: Alomomola\n|-start|p1a: Alomomola|Encore\n|move|p1a: Alomomola|Wish||[still]\n|-fail|p1a: Alomomola\n|\n|upkeep\n|turn|42\n|\n|t:|1699923642\n|switch|p2a: Sandslash|Sandslash-Alola, F|100\/100\n|switch|p1a: Armarouge|Armarouge, M|56\/100\n|\n|upkeep\n|turn|43\n|\n|t:|1699923652\n|-terastallize|p1a: Armarouge|Fire\n|move|p1a: Armarouge|Armor Cannon|p2a: Sandslash\n|-supereffective|p2a: Sandslash\n|-enditem|p2a: Sandslash|Focus Sash\n|-damage|p2a: Sandslash|1\/100\n|-unboost|p1a: Armarouge|def|1\n|-unboost|p1a: Armarouge|spd|1\n|move|p2a: Sandslash|Knock Off|p1a: Armarouge\n|-damage|p1a: Armarouge|5\/100\n|-enditem|p1a: Armarouge|Heavy-Duty Boots|[from] move: Knock Off|[of] p2a: Sandslash\n|\n|upkeep\n|turn|44\n|\n|t:|1699923669\n|switch|p1a: Alomomola|Alomomola, F|100\/100\n|move|p2a: Sandslash|Ice Shard|p1a: Alomomola\n|-resisted|p1a: Alomomola\n|-damage|p1a: Alomomola|94\/100\n|\n|-heal|p1a: Alomomola|99\/100|[from] item: Leftovers\n|upkeep\n|turn|45\n|\n|t:|1699923678\n|move|p1a: Alomomola|Wish|p1a: Alomomola\n|move|p2a: Sandslash|Knock Off|p1a: Alomomola\n|-damage|p1a: Alomomola|75\/100\n|-enditem|p1a: Alomomola|Leftovers|[from] move: Knock Off|[of] p2a: Sandslash\n|\n|upkeep\n|turn|46\n|\n|t:|1699923688\n|move|p1a: Alomomola|Flip Turn|p2a: Sandslash\n|-damage|p2a: Sandslash|0 fnt\n|faint|p2a: Sandslash\n|\n|t:|1699923692\n|switch|p1a: Armarouge|Armarouge, M, tera:Fire|5\/100|[from] Flip Turn\n|\n|-heal|p1a: Armarouge|91\/100|[from] move: Wish|[wisher] Alomomola\n|upkeep\n|\n|t:|1699923702\n|switch|p2a: Hypno|Hypno, F, shiny|8\/100 psn\n|-activate|p2a: Hypno|ability: Forewarn|Armor Cannon|[of] p1a: Armarouge\n|turn|47\n|\n|t:|1699923707\n|switch|p1a: Alomomola|Alomomola, F|100\/100\n|move|p2a: Hypno|Hypnosis|p1a: Alomomola|[miss]\n|-miss|p2a: Hypno|p1a: Alomomola\n|-enditem|p2a: Hypno|Blunder Policy\n|-boost|p2a: Hypno|spe|2\n|\n|-damage|p2a: Hypno|0 fnt|[from] psn\n|faint|p2a: Hypno\n|upkeep\n|\n|t:|1699923718\n|switch|p2a: Dusclops|Dusclops, F|42\/100\n|turn|48\n|\n|t:|1699923725\n|move|p1a: Alomomola|Substitute|p1a: Alomomola\n|-start|p1a: Alomomola|Substitute\n|-damage|p1a: Alomomola|76\/100\n|move|p2a: Dusclops|Pain Split||[still]\n|-fail|p2a: Dusclops\n|\n|upkeep\n|turn|49\n|\n|t:|1699923732\n|move|p1a: Alomomola|Wish|p1a: Alomomola\n|move|p2a: Dusclops|Curse|p1a: Alomomola\n|-start|p1a: Alomomola|Curse|[of] p2a: Dusclops\n|-damage|p2a: Dusclops|0 fnt\n|faint|p2a: Dusclops\n|\n|-damage|p1a: Alomomola|51\/100|[from] Curse\n|upkeep\n|\n|t:|1699923742\n|switch|p2a: Lumineon|Lumineon, M|14\/100\n|turn|50\n|\n|t:|1699923746\n|move|p2a: Lumineon|Chilling Water|p1a: Alomomola\n|-resisted|p1a: Alomomola\n|-activate|p1a: Alomomola|move: Substitute|[damage]\n|move|p1a: Alomomola|Flip Turn|p2a: Lumineon\n|-ability|p2a: Lumineon|Storm Drain|boost\n|-boost|p2a: Lumineon|spa|1\n|\n|-heal|p1a: Alomomola|100\/100|[from] move: Wish|[wisher] Alomomola\n|-damage|p1a: Alomomola|76\/100|[from] Curse\n|upkeep\n|turn|51\n|\n|t:|1699923758\n|move|p2a: Lumineon|Chilling Water|p1a: Alomomola\n|-resisted|p1a: Alomomola\n|-end|p1a: Alomomola|Substitute\n|move|p1a: Alomomola|Wish|p1a: Alomomola\n|\n|-damage|p1a: Alomomola|51\/100|[from] Curse\n|upkeep\n|turn|52\n|\n|t:|1699923765\n|switch|p1a: Armarouge|Armarouge, M, tera:Fire|91\/100\n|move|p2a: Lumineon|Encore||[still]\n|-fail|p2a: Lumineon\n|\n|-heal|p1a: Armarouge|100\/100|[from] move: Wish|[wisher] Alomomola\n|upkeep\n|turn|53\n|\n|t:|1699923779\n|move|p2a: Lumineon|Chilling Water|p1a: Armarouge\n|-supereffective|p1a: Armarouge\n|-damage|p1a: Armarouge|33\/100\n|-unboost|p1a: Armarouge|atk|1\n|move|p1a: Armarouge|Energy Ball|p2a: Lumineon\n|-supereffective|p2a: Lumineon\n|-damage|p2a: Lumineon|0 fnt\n|faint|p2a: Lumineon\n|\n|win|PenguinODoom\n|raw|PenguinODoom's rating: 1048 &rarr; <strong>1082<\/strong><br \/>(+34 for winning)\n|raw|Pokemaster rico's rating: 1065 &rarr; <strong>1044<\/strong><br \/>(-21 for losing)\n|l|\u2606Pokemaster rico\n","uploadtime":1699923799,"views":11,"p1id":"penguinodoom","p2id":"pokemasterrico","formatid":"gen9ou","rating":1044,"private":0,"password":""}