{"id":"gen9ou-2000315402","p1":"dfsfgdsfgdgfd","p2":"Guest 6219901","format":"[Gen 9] OU","log":"|j|\u203ddfsfgdsfgdgfd\n|j|\u203dGuest 6219901\n|t:|1701184231\n|gametype|singles\n|player|p1|dfsfgdsfgdgfd|dawn|1085\n|player|p2|Guest 6219901|shadowtriad|1101\n|teamsize|p1|6\n|teamsize|p2|6\n|gen|9\n|tier|[Gen 9] OU\n|rated|\n|rule|Sleep Clause Mod: Limit one foe put to sleep\n|rule|Species Clause: Limit one of each Pok\u00e9mon\n|rule|OHKO Clause: OHKO moves are banned\n|rule|Evasion Items Clause: Evasion items are banned\n|rule|Evasion Moves Clause: Evasion moves are banned\n|rule|Endless Battle Clause: Forcing endless battles is banned\n|rule|HP Percentage Mod: HP is shown in percentages\n|clearpoke\n|poke|p1|Great Tusk|\n|poke|p1|Hatterene, F|\n|poke|p1|Dondozo, M|\n|poke|p1|Mandibuzz, F|\n|poke|p1|Heatran, M|\n|poke|p1|Dragapult, M|\n|poke|p2|Zapdos|\n|poke|p2|Meowscarada, F|\n|poke|p2|Enamorus, F|\n|poke|p2|Gholdengo|\n|poke|p2|Rillaboom, M|\n|poke|p2|Iron Treads|\n|teampreview\n|inactive|Battle timer is ON: inactive players will automatically lose when time's up. (requested by Guest 6219901)\n|\n|t:|1701184245\n|start\n|switch|p1a: Heatran|Heatran, M|100\/100\n|switch|p2a: Meowscarada|Meowscarada, F|100\/100\n|turn|1\n|\n|t:|1701184261\n|move|p2a: Meowscarada|Knock Off|p1a: Heatran\n|-start|p2a: Meowscarada|typechange|Dark|[from] ability: Protean\n|-crit|p1a: Heatran\n|-damage|p1a: Heatran|41\/100\n|-status|p2a: Meowscarada|brn|[from] ability: Flame Body|[of] p1a: Heatran\n|-enditem|p1a: Heatran|Leftovers|[from] move: Knock Off|[of] p2a: Meowscarada\n|move|p1a: Heatran|Magma Storm|p2a: Meowscarada\n|-damage|p2a: Meowscarada|32\/100 brn\n|-activate|p2a: Meowscarada|move: Magma Storm|[of] p1a: Heatran\n|\n|-damage|p2a: Meowscarada|26\/100 brn|[from] brn\n|-damage|p2a: Meowscarada|13\/100 brn|[from] move: Magma Storm|[partiallytrapped]\n|upkeep\n|turn|2\n|\n|t:|1701184285\n|move|p1a: Heatran|Protect|p1a: Heatran\n|-singleturn|p1a: Heatran|Protect\n|move|p2a: Meowscarada|Spikes|p1a: Heatran\n|-sidestart|p1: dfsfgdsfgdgfd|Spikes\n|\n|-damage|p2a: Meowscarada|7\/100 brn|[from] brn\n|-damage|p2a: Meowscarada|0 fnt|[from] move: Magma Storm|[partiallytrapped]\n|faint|p2a: Meowscarada\n|upkeep\n|\n|t:|1701184290\n|switch|p2a: Enamorus|Enamorus, F|100\/100\n|turn|3\n|\n|t:|1701184294\n|switch|p1a: Dondozo|Dondozo, M|100\/100\n|-damage|p1a: Dondozo|88\/100|[from] Spikes\n|move|p2a: Enamorus|Earth Power|p1a: Dondozo\n|-damage|p1a: Dondozo|69\/100\n|\n|-heal|p1a: Dondozo|75\/100|[from] item: Leftovers\n|upkeep\n|turn|4\n|\n|t:|1701184301\n|switch|p2a: Rillaboom|Rillaboom, M|100\/100\n|-fieldstart|move: Grassy Terrain|[from] ability: Grassy Surge|[of] p2a: Rillaboom\n|switch|p1a: Great Tusk|Great Tusk|100\/100\n|-damage|p1a: Great Tusk|88\/100|[from] Spikes\n|\n|-heal|p1a: Great Tusk|94\/100|[from] Grassy Terrain\n|upkeep\n|turn|5\n|\n|t:|1701184308\n|move|p2a: Rillaboom|Grassy Glide|p1a: Great Tusk\n|-supereffective|p1a: Great Tusk\n|-damage|p1a: Great Tusk|41\/100\n|move|p1a: Great Tusk|Ice Spinner|p2a: Rillaboom\n|-supereffective|p2a: Rillaboom\n|-damage|p2a: Rillaboom|16\/100\n|-fieldend|move: Grassy Terrain\n|\n|upkeep\n|turn|6\n|\n|t:|1701184318\n|switch|p2a: Gholdengo|Gholdengo|100\/100\n|move|p1a: Great Tusk|Ice Spinner|p2a: Gholdengo\n|-resisted|p2a: Gholdengo\n|-damage|p2a: Gholdengo|83\/100\n|\n|upkeep\n|turn|7\n|\n|t:|1701184325\n|-end|p1a: Great Tusk|Protosynthesis|[silent]\n|switch|p1a: Mandibuzz|Mandibuzz, F|100\/100\n|switch|p2a: Zapdos|Zapdos|100\/100\n|\n|upkeep\n|turn|8\n|\n|t:|1701184328\n|move|p2a: Zapdos|Thunderbolt|p1a: Mandibuzz\n|-supereffective|p1a: Mandibuzz\n|-damage|p1a: Mandibuzz|38\/100\n|move|p1a: Mandibuzz|Defog|p2a: Zapdos\n|-unboost|p2a: Zapdos|evasion|1\n|-sideend|p1: dfsfgdsfgdgfd|Spikes|[from] move: Defog|[of] p1a: Mandibuzz\n|\n|upkeep\n|turn|9\n|\n|t:|1701184336\n|switch|p1a: Dragapult|Dragapult, M|100\/100\n|move|p2a: Zapdos|Volt Switch|p1a: Dragapult\n|-resisted|p1a: Dragapult\n|-damage|p1a: Dragapult|81\/100\n|\n|t:|1701184342\n|switch|p2a: Enamorus|Enamorus, F|100\/100|[from] Volt Switch\n|\n|upkeep\n|turn|10\n|\n|t:|1701184351\n|switch|p1a: Heatran|Heatran, M|41\/100\n|move|p2a: Enamorus|Moonblast|p1a: Heatran\n|-resisted|p1a: Heatran\n|-damage|p1a: Heatran|33\/100\n|\n|upkeep\n|turn|11\n|inactive|Guest 6219901 has 120 seconds left.\n|\n|t:|1701184395\n|switch|p2a: Rillaboom|Rillaboom, M|16\/100\n|-fieldstart|move: Grassy Terrain|[from] ability: Grassy Surge|[of] p2a: Rillaboom\n|move|p1a: Heatran|Magma Storm|p2a: Rillaboom|[miss]\n|-miss|p1a: Heatran|p2a: Rillaboom\n|\n|-heal|p2a: Rillaboom|22\/100|[from] Grassy Terrain\n|-heal|p1a: Heatran|40\/100|[from] Grassy Terrain\n|upkeep\n|turn|12\n|\n|t:|1701184408\n|move|p1a: Heatran|Protect|p1a: Heatran\n|-singleturn|p1a: Heatran|Protect\n|move|p2a: Rillaboom|Grassy Glide|p1a: Heatran\n|-activate|p1a: Heatran|move: Protect\n|\n|-heal|p2a: Rillaboom|29\/100|[from] Grassy Terrain\n|-heal|p1a: Heatran|46\/100|[from] Grassy Terrain\n|upkeep\n|turn|13\n|\n|t:|1701184416\n|move|p2a: Rillaboom|U-turn|p1a: Heatran\n|-resisted|p1a: Heatran\n|-damage|p1a: Heatran|41\/100\n|-status|p2a: Rillaboom|brn|[from] ability: Flame Body|[of] p1a: Heatran\n|\n|t:|1701184419\n|switch|p2a: Enamorus|Enamorus, F|100\/100|[from] U-turn\n|move|p1a: Heatran|Magma Storm|p2a: Enamorus\n|-damage|p2a: Enamorus|44\/100\n|-activate|p2a: Enamorus|move: Magma Storm|[of] p1a: Heatran\n|\n|-heal|p1a: Heatran|47\/100|[from] Grassy Terrain\n|-damage|p2a: Enamorus|32\/100|[from] move: Magma Storm|[partiallytrapped]\n|upkeep\n|turn|14\n|\n|t:|1701184426\n|move|p1a: Heatran|Protect|p1a: Heatran\n|-singleturn|p1a: Heatran|Protect\n|move|p2a: Enamorus|Healing Wish|p2a: Enamorus\n|faint|p2a: Enamorus\n|\n|-heal|p1a: Heatran|53\/100|[from] Grassy Terrain\n|upkeep\n|\n|t:|1701184430\n|switch|p2a: Rillaboom|Rillaboom, M|29\/100 brn\n|-heal|p2a: Rillaboom|100\/100|[from] move: Healing Wish\n|turn|15\n|\n|t:|1701184443\n|move|p1a: Heatran|Protect||[still]\n|-fail|p1a: Heatran\n|move|p2a: Rillaboom|U-turn|p1a: Heatran\n|-resisted|p1a: Heatran\n|-damage|p1a: Heatran|48\/100\n|\n|t:|1701184447\n|switch|p2a: Iron Treads|Iron Treads|100\/100|[from] U-turn\n|\n|-heal|p1a: Heatran|54\/100|[from] Grassy Terrain\n|-fieldend|move: Grassy Terrain\n|upkeep\n|turn|16\n|\n|t:|1701184469\n|switch|p1a: Mandibuzz|Mandibuzz, F|38\/100\n|move|p2a: Iron Treads|Earthquake|p1a: Mandibuzz\n|-immune|p1a: Mandibuzz\n|\n|upkeep\n|turn|17\n|\n|t:|1701184480\n|move|p2a: Iron Treads|Volt Switch|p1a: Mandibuzz\n|-supereffective|p1a: Mandibuzz\n|-damage|p1a: Mandibuzz|20\/100\n|\n|t:|1701184489\n|-end|p2a: Iron Treads|Quark Drive|[silent]\n|switch|p2a: Zapdos|Zapdos|100\/100|[from] Volt Switch\n|move|p1a: Mandibuzz|U-turn|p2a: Zapdos\n|-resisted|p2a: Zapdos\n|-damage|p2a: Zapdos|95\/100\n|\n|t:|1701184493\n|switch|p1a: Dragapult|Dragapult, M|81\/100|[from] U-turn\n|\n|upkeep\n|turn|18\n|\n|t:|1701184504\n|move|p1a: Dragapult|Draco Meteor|p2a: Zapdos\n|-damage|p2a: Zapdos|0 fnt\n|-unboost|p1a: Dragapult|spa|2\n|faint|p2a: Zapdos\n|\n|upkeep\n|\n|t:|1701184508\n|switch|p2a: Iron Treads|Iron Treads|100\/100\n|turn|19\n|\n|t:|1701184513\n|switch|p1a: Great Tusk|Great Tusk|41\/100\n|move|p2a: Iron Treads|Heavy Slam|p1a: Great Tusk\n|-damage|p1a: Great Tusk|29\/100\n|\n|upkeep\n|turn|20\n|\n|t:|1701184524\n|move|p2a: Iron Treads|Earthquake|p1a: Great Tusk\n|-damage|p1a: Great Tusk|0 fnt\n|faint|p1a: Great Tusk\n|-end|p1a: Great Tusk|Protosynthesis|[silent]\n|\n|upkeep\n|\n|t:|1701184536\n|switch|p1a: Dragapult|Dragapult, M|81\/100\n|turn|21\n|\n|t:|1701184542\n|move|p1a: Dragapult|Flamethrower|p2a: Iron Treads\n|-supereffective|p2a: Iron Treads\n|-damage|p2a: Iron Treads|34\/100\n|move|p2a: Iron Treads|Heavy Slam|p1a: Dragapult\n|-damage|p1a: Dragapult|27\/100\n|\n|upkeep\n|turn|22\n|\n|t:|1701184551\n|-terastallize|p2a: Iron Treads|Ground\n|move|p1a: Dragapult|Flamethrower|p2a: Iron Treads\n|-damage|p2a: Iron Treads|3\/100\n|move|p2a: Iron Treads|Heavy Slam|p1a: Dragapult\n|-damage|p1a: Dragapult|0 fnt\n|faint|p1a: Dragapult\n|\n|upkeep\n|\n|t:|1701184558\n|switch|p1a: Dondozo|Dondozo, M|75\/100\n|turn|23\n|\n|t:|1701184566\n|move|p2a: Iron Treads|Volt Switch|p1a: Dondozo\n|-supereffective|p1a: Dondozo\n|-damage|p1a: Dondozo|61\/100\n|\n|t:|1701184570\n|-end|p2a: Iron Treads|Quark Drive|[silent]\n|switch|p2a: Rillaboom|Rillaboom, M|100\/100|[from] Volt Switch\n|-fieldstart|move: Grassy Terrain|[from] ability: Grassy Surge|[of] p2a: Rillaboom\n|move|p1a: Dondozo|Curse|p1a: Dondozo\n|-unboost|p1a: Dondozo|spe|1\n|-boost|p1a: Dondozo|atk|1\n|-boost|p1a: Dondozo|def|1\n|\n|-heal|p1a: Dondozo|67\/100|[from] Grassy Terrain\n|-heal|p1a: Dondozo|73\/100|[from] item: Leftovers\n|upkeep\n|turn|24\n|\n|t:|1701184576\n|-terastallize|p1a: Dondozo|Dark\n|move|p2a: Rillaboom|Wood Hammer|p1a: Dondozo\n|-damage|p1a: Dondozo|42\/100\n|-damage|p2a: Rillaboom|86\/100|[from] Recoil\n|move|p1a: Dondozo|Curse|p1a: Dondozo\n|-unboost|p1a: Dondozo|spe|1\n|-boost|p1a: Dondozo|atk|1\n|-boost|p1a: Dondozo|def|1\n|\n|-heal|p2a: Rillaboom|92\/100|[from] Grassy Terrain\n|-heal|p1a: Dondozo|48\/100|[from] Grassy Terrain\n|-heal|p1a: Dondozo|54\/100|[from] item: Leftovers\n|upkeep\n|turn|25\n|\n|t:|1701184581\n|move|p2a: Rillaboom|Knock Off|p1a: Dondozo\n|-resisted|p1a: Dondozo\n|-damage|p1a: Dondozo|50\/100\n|-enditem|p1a: Dondozo|Leftovers|[from] move: Knock Off|[of] p2a: Rillaboom\n|move|p1a: Dondozo|Rest|p1a: Dondozo\n|-status|p1a: Dondozo|slp|[from] move: Rest\n|-heal|p1a: Dondozo|100\/100 slp|[silent]\n|\n|-heal|p2a: Rillaboom|98\/100|[from] Grassy Terrain\n|upkeep\n|turn|26\n|\n|t:|1701184583\n|move|p2a: Rillaboom|U-turn|p1a: Dondozo\n|-supereffective|p1a: Dondozo\n|-damage|p1a: Dondozo|87\/100 slp\n|\n|t:|1701184586\n|switch|p2a: Gholdengo|Gholdengo|83\/100|[from] U-turn\n|cant|p1a: Dondozo|slp\n|move|p1a: Dondozo|Sleep Talk|p1a: Dondozo\n|move|p1a: Dondozo|Curse|p1a: Dondozo|[from]move: Sleep Talk\n|-unboost|p1a: Dondozo|spe|1\n|-boost|p1a: Dondozo|atk|1\n|-boost|p1a: Dondozo|def|1\n|\n|-heal|p2a: Gholdengo|89\/100|[from] Grassy Terrain\n|-heal|p1a: Dondozo|93\/100 slp|[from] Grassy Terrain\n|upkeep\n|turn|27\n|\n|t:|1701184590\n|switch|p1a: Heatran|Heatran, M|54\/100\n|move|p2a: Gholdengo|Nasty Plot|p2a: Gholdengo\n|-boost|p2a: Gholdengo|spa|2\n|\n|-heal|p2a: Gholdengo|95\/100|[from] Grassy Terrain\n|-heal|p1a: Heatran|61\/100|[from] Grassy Terrain\n|-fieldend|move: Grassy Terrain\n|upkeep\n|turn|28\n|\n|t:|1701184617\n|move|p2a: Gholdengo|Make It Rain|p1a: Heatran\n|-resisted|p1a: Heatran\n|-damage|p1a: Heatran|43\/100\n|-unboost|p2a: Gholdengo|spa|1\n|move|p1a: Heatran|Earth Power|p2a: Gholdengo\n|-supereffective|p2a: Gholdengo\n|-damage|p2a: Gholdengo|50\/100\n|-unboost|p2a: Gholdengo|spd|1\n|\n|upkeep\n|turn|29\n|\n|t:|1701184626\n|switch|p2a: Rillaboom|Rillaboom, M|98\/100\n|-fieldstart|move: Grassy Terrain|[from] ability: Grassy Surge|[of] p2a: Rillaboom\n|move|p1a: Heatran|Earth Power|p2a: Rillaboom\n|-resisted|p2a: Rillaboom\n|-damage|p2a: Rillaboom|90\/100\n|-unboost|p2a: Rillaboom|spd|1\n|\n|-heal|p2a: Rillaboom|96\/100|[from] Grassy Terrain\n|-heal|p1a: Heatran|49\/100|[from] Grassy Terrain\n|upkeep\n|turn|30\n|\n|t:|1701184633\n|move|p2a: Rillaboom|Knock Off|p1a: Heatran\n|-damage|p1a: Heatran|30\/100\n|-status|p2a: Rillaboom|brn|[from] ability: Flame Body|[of] p1a: Heatran\n|move|p1a: Heatran|Magma Storm|p2a: Rillaboom\n|-supereffective|p2a: Rillaboom\n|-damage|p2a: Rillaboom|17\/100 brn\n|-activate|p2a: Rillaboom|move: Magma Storm|[of] p1a: Heatran\n|\n|-heal|p2a: Rillaboom|23\/100 brn|[from] Grassy Terrain\n|-heal|p1a: Heatran|37\/100|[from] Grassy Terrain\n|-damage|p2a: Rillaboom|17\/100 brn|[from] brn\n|-damage|p2a: Rillaboom|5\/100 brn|[from] move: Magma Storm|[partiallytrapped]\n|upkeep\n|turn|31\n|\n|t:|1701184637\n|move|p1a: Heatran|Protect|p1a: Heatran\n|-singleturn|p1a: Heatran|Protect\n|move|p2a: Rillaboom|U-turn|p1a: Heatran\n|-activate|p1a: Heatran|move: Protect\n|\n|-heal|p2a: Rillaboom|11\/100 brn|[from] Grassy Terrain\n|-heal|p1a: Heatran|43\/100|[from] Grassy Terrain\n|-damage|p2a: Rillaboom|5\/100 brn|[from] brn\n|-damage|p2a: Rillaboom|0 fnt|[from] move: Magma Storm|[partiallytrapped]\n|faint|p2a: Rillaboom\n|upkeep\n|\n|t:|1701184639\n|switch|p2a: Iron Treads|Iron Treads, tera:Ground|3\/100\n|turn|32\n|\n|t:|1701184652\n|move|p1a: Heatran|Protect||[still]\n|-fail|p1a: Heatran\n|move|p2a: Iron Treads|Heavy Slam|p1a: Heatran\n|-resisted|p1a: Heatran\n|-damage|p1a: Heatran|39\/100\n|\n|-heal|p2a: Iron Treads|9\/100|[from] Grassy Terrain\n|-heal|p1a: Heatran|45\/100|[from] Grassy Terrain\n|upkeep\n|turn|33\n|\n|t:|1701184656\n|move|p1a: Heatran|Protect|p1a: Heatran\n|-singleturn|p1a: Heatran|Protect\n|move|p2a: Iron Treads|Earthquake|p1a: Heatran\n|-activate|p1a: Heatran|move: Protect\n|\n|-heal|p2a: Iron Treads|15\/100|[from] Grassy Terrain\n|-heal|p1a: Heatran|52\/100|[from] Grassy Terrain\n|-fieldend|move: Grassy Terrain\n|upkeep\n|turn|34\n|\n|t:|1701184659\n|switch|p1a: Mandibuzz|Mandibuzz, F|20\/100\n|move|p2a: Iron Treads|Earthquake|p1a: Mandibuzz\n|-immune|p1a: Mandibuzz\n|\n|upkeep\n|turn|35\n|\n|t:|1701184661\n|switch|p1a: Heatran|Heatran, M|52\/100\n|move|p2a: Iron Treads|Heavy Slam|p1a: Heatran\n|-resisted|p1a: Heatran\n|-damage|p1a: Heatran|48\/100\n|-status|p2a: Iron Treads|brn|[from] ability: Flame Body|[of] p1a: Heatran\n|\n|-damage|p2a: Iron Treads|9\/100 brn|[from] brn\n|upkeep\n|turn|36\n|inactive|Guest 6219901 has 120 seconds left.\n|inactive|Guest 6219901 has 90 seconds left.\n|inactive|Guest 6219901 has 60 seconds left.\n|inactive|Guest 6219901 has 30 seconds left.\n|c|\u203ddfsfgdsfgdgfd|\/log dfsfgdsfgdgfd made this room public.\n|inactive|Guest 6219901 has 20 seconds left.\n|inactive|Guest 6219901 has 15 seconds left.\n|inactive|Guest 6219901 has 10 seconds left.\n|inactive|Guest 6219901 has 5 seconds left.\n|-message|Guest 6219901 lost due to inactivity.\n|\n|win|dfsfgdsfgdgfd\n|raw|dfsfgdsfgdgfd's rating: 1114 &rarr; <strong>1138<\/strong><br \/>(+24 for winning)\n|raw|Guest 6219901's rating: 1101 &rarr; <strong>1077<\/strong><br \/>(-24 for losing)\n","uploadtime":1701184815,"views":2,"p1id":"dfsfgdsfgdgfd","p2id":"guest6219901","formatid":"gen9ou","rating":1077,"private":0,"password":""}