{"id":"gen9ou-1996637481","p1":"downthesky","p2":"del water gap","format":"[Gen 9] OU","log":"|j|\u2606downthesky\n|j|\u2606del water gap\n|t:|1700703613\n|gametype|singles\n|player|p1|downthesky|2|1624\n|player|p2|del water gap|acetrainersnowf|1633\n|teamsize|p1|6\n|teamsize|p2|6\n|gen|9\n|tier|[Gen 9] OU\n|rated|\n|rule|Sleep Clause Mod: Limit one foe put to sleep\n|rule|Species Clause: Limit one of each Pok\u00e9mon\n|rule|OHKO Clause: OHKO moves are banned\n|rule|Evasion Items Clause: Evasion items are banned\n|rule|Evasion Moves Clause: Evasion moves are banned\n|rule|Endless Battle Clause: Forcing endless battles is banned\n|rule|HP Percentage Mod: HP is shown in percentages\n|clearpoke\n|poke|p1|Kingambit, F|\n|poke|p1|Iron Valiant|\n|poke|p1|Pawmot, F|\n|poke|p1|Samurott-Hisui, F|\n|poke|p1|Dragapult, F|\n|poke|p1|Glimmora, M|\n|poke|p2|Tinkaton, F|\n|poke|p2|Moltres|\n|poke|p2|Ting-Lu|\n|poke|p2|Gholdengo|\n|poke|p2|Slowking-Galar, M|\n|poke|p2|Meowscarada, F|\n|teampreview\n|inactive|Battle timer is ON: inactive players will automatically lose when time's up. (requested by downthesky)\n|\n|t:|1700703635\n|start\n|switch|p1a: Samurott|Samurott-Hisui, F|100\/100\n|switch|p2a: Tinkaton|Tinkaton, F|100\/100\n|-ability|p2a: Tinkaton|Mold Breaker\n|turn|1\n|\n|t:|1700703653\n|move|p1a: Samurott|Ceaseless Edge|p2a: Tinkaton\n|-resisted|p2a: Tinkaton\n|-damage|p2a: Tinkaton|75\/100\n|-sidestart|p2: del water gap|Spikes\n|-enditem|p2a: Tinkaton|Red Card|[of] p1a: Samurott\n|drag|p1a: Kingambit|Kingambit, F|100\/100\n|move|p2a: Tinkaton|Stealth Rock|p1a: Kingambit\n|-sidestart|p1: downthesky|move: Stealth Rock\n|\n|upkeep\n|turn|2\n|\n|t:|1700703674\n|switch|p2a: Moltres|Moltres|100\/100\n|-end|p1a: Kingambit|fallenundefined|[silent]\n|switch|p1a: Glimmora|Glimmora, M|100\/100\n|-damage|p1a: Glimmora|88\/100|[from] Stealth Rock\n|\n|upkeep\n|turn|3\n|\n|t:|1700703677\n|switch|p2a: Tinkaton|Tinkaton, F|75\/100\n|-damage|p2a: Tinkaton|63\/100|[from] Spikes\n|-ability|p2a: Tinkaton|Mold Breaker\n|move|p1a: Glimmora|Mortal Spin|p2a: Tinkaton\n|-immune|p2a: Tinkaton\n|\n|upkeep\n|turn|4\n|\n|t:|1700703682\n|move|p2a: Tinkaton|Gigaton Hammer|p1a: Glimmora\n|-supereffective|p1a: Glimmora\n|-damage|p1a: Glimmora|4\/100\n|-activate|p1a: Glimmora|ability: Toxic Debris\n|-sidestart|p2: del water gap|move: Toxic Spikes\n|move|p1a: Glimmora|Earth Power|p2a: Tinkaton\n|-supereffective|p2a: Tinkaton\n|-damage|p2a: Tinkaton|2\/100\n|\n|upkeep\n|turn|5\n|\n|t:|1700703693\n|move|p2a: Tinkaton|Knock Off|p1a: Glimmora\n|-crit|p1a: Glimmora\n|-damage|p1a: Glimmora|0 fnt\n|-activate|p1a: Glimmora|ability: Toxic Debris\n|-sidestart|p2: del water gap|move: Toxic Spikes\n|-enditem|p1a: Glimmora|Assault Vest|[from] move: Knock Off|[of] p2a: Tinkaton\n|faint|p1a: Glimmora\n|\n|upkeep\n|\n|t:|1700703705\n|switch|p1a: Samurott|Samurott-Hisui, F|100\/100\n|-damage|p1a: Samurott|88\/100|[from] Stealth Rock\n|turn|6\n|\n|t:|1700703718\n|move|p1a: Samurott|Razor Shell|p2a: Tinkaton\n|-damage|p2a: Tinkaton|0 fnt\n|faint|p2a: Tinkaton\n|\n|upkeep\n|\n|t:|1700703723\n|switch|p2a: Meowscarada|Meowscarada, F|100\/100\n|turn|7\n|\n|t:|1700703735\n|move|p1a: Samurott|Razor Shell|p2a: Meowscarada\n|-resisted|p2a: Meowscarada\n|-damage|p2a: Meowscarada|59\/100\n|-unboost|p2a: Meowscarada|def|1\n|move|p2a: Meowscarada|U-turn|p1a: Samurott\n|-start|p2a: Meowscarada|typechange|Bug|[from] ability: Protean\n|-supereffective|p1a: Samurott\n|-damage|p1a: Samurott|0 fnt\n|faint|p1a: Samurott\n|\n|t:|1700703741\n|switch|p2a: Slowking|Slowking-Galar, M|100\/100|[from] U-turn\n|-sideend|p2: del water gap|move: Toxic Spikes|[of] p2a: Slowking\n|\n|upkeep\n|\n|t:|1700703752\n|switch|p1a: Pawmot|Pawmot, F|100\/100\n|-damage|p1a: Pawmot|94\/100|[from] Stealth Rock\n|turn|8\n|\n|t:|1700703757\n|move|p1a: Pawmot|Revival Blessing|p1a: Pawmot\n|-enditem|p1a: Pawmot|Leppa Berry|[eat]\n|-activate|p1a: Pawmot|item: Leppa Berry|Revival Blessing|[consumed]\n|\n|t:|1700703760\n|-heal|p1: Glimmora|50\/100|[from] move: Revival Blessing\n|move|p2a: Slowking|Future Sight|p1a: Pawmot\n|-start|p2a: Slowking|move: Future Sight\n|\n|upkeep\n|turn|9\n|\n|t:|1700703769\n|move|p1a: Pawmot|Revival Blessing|p1a: Pawmot\n|\n|t:|1700703771\n|-heal|p1: Samurott|50\/100|[from] move: Revival Blessing\n|move|p2a: Slowking|Sludge Bomb|p1a: Pawmot\n|-damage|p1a: Pawmot|29\/100\n|\n|upkeep\n|turn|10\n|\n|t:|1700703777\n|move|p1a: Pawmot|Nuzzle|p2a: Slowking\n|-damage|p2a: Slowking|91\/100\n|-status|p2a: Slowking|par\n|cant|p2a: Slowking|par\n|\n|-end|p1a: Pawmot|move: Future Sight\n|-supereffective|p1a: Pawmot\n|-damage|p1a: Pawmot|0 fnt\n|faint|p1a: Pawmot\n|upkeep\n|\n|t:|1700703782\n|switch|p1a: Samurott|Samurott-Hisui, F|50\/100\n|-damage|p1a: Samurott|38\/100|[from] Stealth Rock\n|turn|11\n|\n|t:|1700703793\n|move|p1a: Samurott|Ceaseless Edge|p2a: Slowking\n|-supereffective|p2a: Slowking\n|-crit|p2a: Slowking\n|-damage|p2a: Slowking|0 fnt\n|-sidestart|p2: del water gap|Spikes\n|faint|p2a: Slowking\n|\n|upkeep\n|\n|t:|1700703799\n|switch|p2a: Meowscarada|Meowscarada, F|59\/100\n|turn|12\n|\n|t:|1700703805\n|move|p1a: Samurott|Ceaseless Edge|p2a: Meowscarada\n|-resisted|p2a: Meowscarada\n|-damage|p2a: Meowscarada|23\/100\n|-sidestart|p2: del water gap|Spikes\n|move|p2a: Meowscarada|Flower Trick|p1a: Samurott\n|-start|p2a: Meowscarada|typechange|Grass|[from] ability: Protean\n|-supereffective|p1a: Samurott\n|-crit|p1a: Samurott\n|-damage|p1a: Samurott|0 fnt\n|faint|p1a: Samurott\n|\n|upkeep\n|\n|t:|1700703817\n|switch|p1a: Dragapult|Dragapult, F|100\/100\n|-damage|p1a: Dragapult|88\/100|[from] Stealth Rock\n|turn|13\n|\n|t:|1700703821\n|switch|p2a: Ting-Lu|Ting-Lu|100\/100\n|-damage|p2a: Ting-Lu|76\/100|[from] Spikes\n|-ability|p2a: Ting-Lu|Vessel of Ruin\n|move|p1a: Dragapult|Shadow Ball|p2a: Ting-Lu\n|-resisted|p2a: Ting-Lu\n|-damage|p2a: Ting-Lu|64\/100\n|\n|-heal|p2a: Ting-Lu|70\/100|[from] item: Leftovers\n|upkeep\n|turn|14\n|\n|t:|1700703832\n|switch|p1a: Glimmora|Glimmora, M|50\/100\n|-damage|p1a: Glimmora|38\/100|[from] Stealth Rock\n|move|p2a: Ting-Lu|Spikes|p1a: Glimmora\n|-sidestart|p1: downthesky|Spikes\n|\n|-heal|p2a: Ting-Lu|77\/100|[from] item: Leftovers\n|upkeep\n|turn|15\n|\n|t:|1700703837\n|switch|p2a: Gholdengo|Gholdengo|100\/100\n|-item|p2a: Gholdengo|Air Balloon\n|move|p1a: Glimmora|Earth Power|p2a: Gholdengo\n|-immune|p2a: Gholdengo\n|\n|upkeep\n|turn|16\n|\n|t:|1700703840\n|move|p2a: Gholdengo|Shadow Ball|p1a: Glimmora\n|-damage|p1a: Glimmora|0 fnt\n|faint|p1a: Glimmora\n|\n|upkeep\n|\n|t:|1700703843\n|switch|p1a: Kingambit|Kingambit, F|100\/100\n|-damage|p1a: Kingambit|94\/100|[from] Stealth Rock\n|-damage|p1a: Kingambit|82\/100|[from] Spikes\n|-activate|p1a: Kingambit|ability: Supreme Overlord\n|-start|p1a: Kingambit|fallen5|[silent]\n|turn|17\n|\n|t:|1700703852\n|switch|p2a: Moltres|Moltres|100\/100\n|move|p1a: Kingambit|Iron Head|p2a: Moltres\n|-resisted|p2a: Moltres\n|-damage|p2a: Moltres|75\/100\n|-status|p1a: Kingambit|brn|[from] ability: Flame Body|[of] p2a: Moltres\n|\n|-heal|p1a: Kingambit|88\/100 brn|[from] item: Leftovers\n|-damage|p1a: Kingambit|82\/100 brn|[from] brn\n|upkeep\n|turn|18\n|c|\u2606del water gap|revival blessing doesn't reset overlord?\n|c|\u2606del water gap|that's wack\n|\n|t:|1700703865\n|move|p2a: Moltres|Flamethrower|p1a: Kingambit\n|-supereffective|p1a: Kingambit\n|-damage|p1a: Kingambit|3\/100 brn\n|move|p1a: Kingambit|Swords Dance|p1a: Kingambit\n|-boost|p1a: Kingambit|atk|2\n|\n|-heal|p1a: Kingambit|9\/100 brn|[from] item: Leftovers\n|-damage|p1a: Kingambit|3\/100 brn|[from] brn\n|upkeep\n|turn|19\n|\n|t:|1700703870\n|move|p1a: Kingambit|Sucker Punch||[still]\n|-fail|p1a: Kingambit\n|move|p2a: Moltres|Roost|p2a: Moltres\n|-heal|p2a: Moltres|100\/100\n|-singleturn|p2a: Moltres|move: Roost\n|\n|-heal|p1a: Kingambit|9\/100 brn|[from] item: Leftovers\n|-damage|p1a: Kingambit|3\/100 brn|[from] brn\n|upkeep\n|turn|20\n|\n|t:|1700703873\n|move|p1a: Kingambit|Sucker Punch|p2a: Moltres\n|-damage|p2a: Moltres|55\/100\n|move|p2a: Moltres|Flamethrower|p1a: Kingambit\n|-supereffective|p1a: Kingambit\n|-damage|p1a: Kingambit|0 fnt\n|faint|p1a: Kingambit\n|-end|p1a: Kingambit|fallen5|[silent]\n|\n|upkeep\n|\n|t:|1700703877\n|switch|p1a: Dragapult|Dragapult, F|88\/100\n|-damage|p1a: Dragapult|76\/100|[from] Stealth Rock\n|-damage|p1a: Dragapult|64\/100|[from] Spikes\n|turn|21\n|\n|t:|1700703881\n|switch|p2a: Ting-Lu|Ting-Lu|77\/100\n|-damage|p2a: Ting-Lu|52\/100|[from] Spikes\n|-ability|p2a: Ting-Lu|Vessel of Ruin\n|move|p1a: Dragapult|Draco Meteor|p2a: Ting-Lu\n|-damage|p2a: Ting-Lu|17\/100\n|-unboost|p1a: Dragapult|spa|2\n|\n|-heal|p2a: Ting-Lu|23\/100|[from] item: Leftovers\n|upkeep\n|turn|22\n|\n|t:|1700703892\n|switch|p1a: Iron Valiant|Iron Valiant|100\/100\n|-damage|p1a: Iron Valiant|94\/100|[from] Stealth Rock\n|-damage|p1a: Iron Valiant|82\/100|[from] Spikes\n|-enditem|p1a: Iron Valiant|Booster Energy\n|-activate|p1a: Iron Valiant|ability: Quark Drive|[fromitem]\n|-start|p1a: Iron Valiant|quarkdrivespe\n|switch|p2a: Gholdengo|Gholdengo|100\/100\n|-item|p2a: Gholdengo|Air Balloon\n|\n|upkeep\n|turn|23\n|\n|t:|1700703904\n|-terastallize|p1a: Iron Valiant|Steel\n|move|p1a: Iron Valiant|Thunderbolt|p2a: Gholdengo\n|-damage|p2a: Gholdengo|70\/100\n|-enditem|p2a: Gholdengo|Air Balloon\n|move|p2a: Gholdengo|Dazzling Gleam|p1a: Iron Valiant\n|-resisted|p1a: Iron Valiant\n|-damage|p1a: Iron Valiant|60\/100\n|\n|upkeep\n|turn|24\n|\n|t:|1700703917\n|move|p1a: Iron Valiant|Moonblast|p2a: Gholdengo\n|-resisted|p2a: Gholdengo\n|-damage|p2a: Gholdengo|47\/100\n|move|p2a: Gholdengo|Shadow Ball|p1a: Iron Valiant\n|-damage|p1a: Iron Valiant|0 fnt\n|faint|p1a: Iron Valiant\n|-end|p1a: Iron Valiant|Quark Drive|[silent]\n|\n|upkeep\n|\n|t:|1700703920\n|switch|p1a: Dragapult|Dragapult, F|64\/100\n|-damage|p1a: Dragapult|51\/100|[from] Stealth Rock\n|-damage|p1a: Dragapult|39\/100|[from] Spikes\n|turn|25\n|\n|t:|1700703924\n|move|p1a: Dragapult|Shadow Ball|p2a: Gholdengo\n|-supereffective|p2a: Gholdengo\n|-damage|p2a: Gholdengo|0 fnt\n|faint|p2a: Gholdengo\n|\n|upkeep\n|\n|t:|1700703927\n|switch|p2a: Meowscarada|Meowscarada, F|23\/100\n|turn|26\n|\n|t:|1700703929\n|move|p2a: Meowscarada|Sucker Punch|p1a: Dragapult\n|-start|p2a: Meowscarada|typechange|Dark|[from] ability: Protean\n|-supereffective|p1a: Dragapult\n|-damage|p1a: Dragapult|0 fnt\n|faint|p1a: Dragapult\n|\n|win|del water gap\n|raw|downthesky's rating: 1624 &rarr; <strong>1605<\/strong><br \/>(-19 for losing)\n|raw|del water gap's rating: 1633 &rarr; <strong>1652<\/strong><br \/>(+19 for winning)\n|l|\u2606downthesky\n","uploadtime":1700703936,"views":2,"p1id":"downthesky","p2id":"delwatergap","formatid":"gen9ou","rating":1605,"private":0,"password":""}