{"id":"gen9ou-1988931905","p1":"3anozy","p2":"edgypunishment","format":"[Gen 9] OU","log":"|j|\u26063anozy\n|j|\u2606edgypunishment\n|t:|1699790104\n|gametype|singles\n|player|p1|3anozy|pokemonrangerf-gen4|1107\n|player|p2|edgypunishment|dawn|1099\n|teamsize|p1|6\n|teamsize|p2|6\n|gen|9\n|tier|[Gen 9] OU\n|rated|\n|rule|Sleep Clause Mod: Limit one foe put to sleep\n|rule|Species Clause: Limit one of each Pok\u00e9mon\n|rule|OHKO Clause: OHKO moves are banned\n|rule|Evasion Items Clause: Evasion items are banned\n|rule|Evasion Moves Clause: Evasion moves are banned\n|rule|Endless Battle Clause: Forcing endless battles is banned\n|rule|HP Percentage Mod: HP is shown in percentages\n|clearpoke\n|poke|p1|Arcanine-Hisui, F|\n|poke|p1|Dragonite, M|\n|poke|p1|Noivern, M|\n|poke|p1|Iron Jugulis|\n|poke|p1|Goodra-Hisui, M|\n|poke|p1|Kingambit, F|\n|poke|p2|Mienshao, F|\n|poke|p2|Infernape, F|\n|poke|p2|Gallade, M|\n|poke|p2|Sneasler, F|\n|poke|p2|Iron Hands|\n|poke|p2|Lucario, F|\n|teampreview\n|\n|t:|1699790125\n|start\n|switch|p1a: Goodra|Goodra-Hisui, M|100\/100\n|switch|p2a: Mienshao|Mienshao, F|100\/100\n|turn|1\n|inactive|Battle timer is ON: inactive players will automatically lose when time's up. (requested by 3anozy)\n|\n|t:|1699790140\n|-terastallize|p1a: Goodra|Flying\n|move|p2a: Mienshao|Fake Out|p1a: Goodra\n|-damage|p1a: Goodra|86\/100\n|-ability|p1a: Goodra|Gooey\n|-unboost|p2a: Mienshao|spe|1\n|-damage|p2a: Mienshao|91\/100|[from] item: Life Orb\n|cant|p1a: Goodra|flinch\n|\n|-heal|p1a: Goodra|92\/100|[from] item: Leftovers\n|upkeep\n|turn|2\n|\n|t:|1699790155\n|move|p2a: Mienshao|Ice Spinner|p1a: Goodra\n|-supereffective|p1a: Goodra\n|-damage|p1a: Goodra|27\/100\n|-ability|p1a: Goodra|Gooey\n|-unboost|p2a: Mienshao|spe|1\n|-damage|p2a: Mienshao|81\/100|[from] item: Life Orb\n|move|p1a: Goodra|Acid Armor|p1a: Goodra\n|-boost|p1a: Goodra|def|2\n|\n|-heal|p1a: Goodra|33\/100|[from] item: Leftovers\n|upkeep\n|turn|3\n|\n|t:|1699790166\n|move|p2a: Mienshao|Ice Spinner|p1a: Goodra\n|-supereffective|p1a: Goodra\n|-damage|p1a: Goodra|2\/100\n|-ability|p1a: Goodra|Gooey\n|-unboost|p2a: Mienshao|spe|1\n|-damage|p2a: Mienshao|71\/100|[from] item: Life Orb\n|move|p1a: Goodra|Rest|p1a: Goodra\n|-status|p1a: Goodra|slp|[from] move: Rest\n|-heal|p1a: Goodra|100\/100 slp|[silent]\n|\n|upkeep\n|turn|4\n|l|\u26063anozy\n|inactive|3anozy disconnected and has a minute to reconnect!\n|player|p1|\n|\n|t:|1699790178\n|cant|p1a: Goodra|slp\n|move|p2a: Mienshao|U-turn|p1a: Goodra\n|-resisted|p1a: Goodra\n|-damage|p1a: Goodra|94\/100 slp\n|-ability|p1a: Goodra|Gooey\n|-unboost|p2a: Mienshao|spe|1\n|-damage|p2a: Mienshao|61\/100|[from] item: Life Orb\n|\n|t:|1699790187\n|switch|p2a: Infernape|Infernape, F|100\/100|[from] U-turn\n|\n|-heal|p1a: Goodra|99\/100 slp|[from] item: Leftovers\n|upkeep\n|turn|5\n|inactive|3anozy has 30 seconds to reconnect!\n|j|\u26063anozy\n|inactive|3anozy reconnected and has 120 seconds left.\n|player|p1|3anozy|pokemonrangerf-gen4\n|\n|t:|1699790224\n|move|p2a: Infernape|Nasty Plot|p2a: Infernape\n|-boost|p2a: Infernape|spa|2\n|cant|p1a: Goodra|slp\n|\n|-heal|p1a: Goodra|100\/100 slp|[from] item: Leftovers\n|upkeep\n|turn|6\n|inactive|3anozy has 120 seconds left.\n|\n|t:|1699790235\n|move|p2a: Infernape|Flamethrower|p1a: Goodra\n|-damage|p1a: Goodra|56\/100 slp\n|-curestatus|p1a: Goodra|slp|[msg]\n|move|p1a: Goodra|Body Press|p2a: Infernape\n|-damage|p2a: Infernape|25\/100\n|\n|-heal|p1a: Goodra|62\/100|[from] item: Leftovers\n|upkeep\n|turn|7\n|inactive|3anozy has 120 seconds left.\n|\n|t:|1699790248\n|move|p2a: Infernape|Flamethrower|p1a: Goodra\n|-damage|p1a: Goodra|0 fnt\n|faint|p1a: Goodra\n|\n|upkeep\n|inactive|3anozy has 120 seconds left.\n|\n|t:|1699790258\n|switch|p1a: Arcanine|Arcanine-Hisui, F|100\/100\n|turn|8\n|\n|t:|1699790263\n|move|p1a: Arcanine|Extreme Speed|p2a: Infernape\n|-damage|p2a: Infernape|0 fnt\n|faint|p2a: Infernape\n|\n|upkeep\n|\n|t:|1699790269\n|switch|p2a: Mienshao|Mienshao, F|94\/100\n|turn|9\n|\n|t:|1699790274\n|move|p2a: Mienshao|Fake Out|p1a: Arcanine\n|-resisted|p1a: Arcanine\n|-damage|p1a: Arcanine|90\/100\n|-damage|p2a: Mienshao|84\/100|[from] item: Life Orb\n|cant|p1a: Arcanine|flinch\n|\n|upkeep\n|turn|10\n|\n|t:|1699790282\n|move|p1a: Arcanine|Extreme Speed|p2a: Mienshao\n|-damage|p2a: Mienshao|34\/100\n|move|p2a: Mienshao|High Jump Kick|p1a: Arcanine\n|-supereffective|p1a: Arcanine\n|-damage|p1a: Arcanine|0 fnt\n|faint|p1a: Arcanine\n|-damage|p2a: Mienshao|24\/100|[from] item: Life Orb\n|\n|upkeep\n|\n|t:|1699790289\n|switch|p1a: Dragonite|Dragonite, M|100\/100\n|turn|11\n|\n|t:|1699790294\n|move|p2a: Mienshao|U-turn|p1a: Dragonite\n|-resisted|p1a: Dragonite\n|-crit|p1a: Dragonite\n|-damage|p1a: Dragonite|90\/100\n|-damage|p2a: Mienshao|14\/100|[from] item: Life Orb\n|\n|t:|1699790304\n|switch|p2a: Sneasler|Sneasler, F|100\/100|[from] U-turn\n|move|p1a: Dragonite|Dragon Dance|p1a: Dragonite\n|-boost|p1a: Dragonite|atk|1\n|-boost|p1a: Dragonite|spe|1\n|\n|upkeep\n|turn|12\n|\n|t:|1699790322\n|move|p2a: Sneasler|Hone Claws|p2a: Sneasler\n|-boost|p2a: Sneasler|atk|1\n|-boost|p2a: Sneasler|accuracy|1\n|move|p1a: Dragonite|Dragon Dance|p1a: Dragonite\n|-boost|p1a: Dragonite|atk|1\n|-boost|p1a: Dragonite|spe|1\n|\n|upkeep\n|turn|13\n|\n|t:|1699790329\n|move|p1a: Dragonite|Earthquake|p2a: Sneasler\n|-supereffective|p2a: Sneasler\n|-enditem|p2a: Sneasler|Focus Sash\n|-damage|p2a: Sneasler|1\/100\n|move|p2a: Sneasler|Gunk Shot|p1a: Dragonite\n|-damage|p1a: Dragonite|0 fnt\n|faint|p1a: Dragonite\n|\n|upkeep\n|\n|t:|1699790339\n|switch|p1a: Kingambit|Kingambit, F|100\/100\n|-activate|p1a: Kingambit|ability: Supreme Overlord\n|-start|p1a: Kingambit|fallen3|[silent]\n|turn|14\n|\n|t:|1699790344\n|move|p1a: Kingambit|Sucker Punch|p2a: Sneasler\n|-resisted|p2a: Sneasler\n|-damage|p2a: Sneasler|0 fnt\n|faint|p2a: Sneasler\n|-damage|p1a: Kingambit|91\/100|[from] item: Life Orb\n|\n|upkeep\n|\n|t:|1699790366\n|switch|p2a: Mienshao|Mienshao, F|48\/100\n|turn|15\n|\n|t:|1699790370\n|move|p2a: Mienshao|Fake Out|p1a: Kingambit\n|-resisted|p1a: Kingambit\n|-damage|p1a: Kingambit|84\/100\n|-damage|p2a: Mienshao|38\/100|[from] item: Life Orb\n|cant|p1a: Kingambit|flinch\n|\n|upkeep\n|turn|16\n|\n|t:|1699790377\n|move|p1a: Kingambit|Sucker Punch|p2a: Mienshao\n|-resisted|p2a: Mienshao\n|-damage|p2a: Mienshao|0 fnt\n|faint|p2a: Mienshao\n|-damage|p1a: Kingambit|75\/100|[from] item: Life Orb\n|\n|upkeep\n|\n|t:|1699790388\n|switch|p2a: Lucario|Lucario, F|100\/100\n|-item|p2a: Lucario|Air Balloon\n|turn|17\n|\n|t:|1699790393\n|move|p2a: Lucario|Swords Dance|p2a: Lucario\n|-boost|p2a: Lucario|atk|2\n|move|p1a: Kingambit|Kowtow Cleave|p2a: Lucario\n|-resisted|p2a: Lucario\n|-damage|p2a: Lucario|33\/100\n|-enditem|p2a: Lucario|Air Balloon\n|-damage|p1a: Kingambit|65\/100|[from] item: Life Orb\n|\n|upkeep\n|turn|18\n|\n|t:|1699790402\n|move|p1a: Kingambit|Sucker Punch|p2a: Lucario\n|-resisted|p2a: Lucario\n|-damage|p2a: Lucario|0 fnt\n|faint|p2a: Lucario\n|-damage|p1a: Kingambit|55\/100|[from] item: Life Orb\n|\n|upkeep\n|\n|t:|1699790409\n|switch|p2a: Iron Hands|Iron Hands|100\/100\n|turn|19\n|\n|t:|1699790413\n|move|p1a: Kingambit|Kowtow Cleave|p2a: Iron Hands\n|-resisted|p2a: Iron Hands\n|-damage|p2a: Iron Hands|76\/100\n|-damage|p1a: Kingambit|45\/100|[from] item: Life Orb\n|move|p2a: Iron Hands|Iron Defense|p2a: Iron Hands\n|-boost|p2a: Iron Hands|def|2\n|\n|-heal|p2a: Iron Hands|82\/100|[from] item: Leftovers\n|upkeep\n|turn|20\n|\n|t:|1699790424\n|move|p2a: Iron Hands|Body Press|p1a: Kingambit\n|-supereffective|p1a: Kingambit\n|-damage|p1a: Kingambit|0 fnt\n|faint|p1a: Kingambit\n|-end|p1a: Kingambit|fallen3|[silent]\n|\n|-heal|p2a: Iron Hands|89\/100|[from] item: Leftovers\n|upkeep\n|\n|t:|1699790428\n|switch|p1a: Noivern|Noivern, M|100\/100\n|turn|21\n|\n|t:|1699790437\n|move|p1a: Noivern|Draco Meteor|p2a: Iron Hands|[miss]\n|-miss|p1a: Noivern|p2a: Iron Hands\n|move|p2a: Iron Hands|Wild Charge|p1a: Noivern\n|-damage|p1a: Noivern|46\/100\n|-damage|p2a: Iron Hands|80\/100|[from] Recoil\n|\n|-heal|p2a: Iron Hands|87\/100|[from] item: Leftovers\n|upkeep\n|turn|22\n|\n|t:|1699790447\n|move|p1a: Noivern|Draco Meteor|p2a: Iron Hands\n|-damage|p2a: Iron Hands|38\/100\n|-unboost|p1a: Noivern|spa|2\n|-damage|p1a: Noivern|36\/100|[from] item: Life Orb\n|move|p2a: Iron Hands|Wild Charge|p1a: Noivern\n|-damage|p1a: Noivern|0 fnt\n|faint|p1a: Noivern\n|-damage|p2a: Iron Hands|32\/100|[from] Recoil\n|\n|-heal|p2a: Iron Hands|39\/100|[from] item: Leftovers\n|upkeep\n|\n|t:|1699790458\n|switch|p1a: Iron Jugulis|Iron Jugulis|100\/100\n|-enditem|p1a: Iron Jugulis|Booster Energy\n|-activate|p1a: Iron Jugulis|ability: Quark Drive|[fromitem]\n|-start|p1a: Iron Jugulis|quarkdrivespa\n|turn|23\n|\n|t:|1699790465\n|move|p1a: Iron Jugulis|Air Slash|p2a: Iron Hands\n|-damage|p2a: Iron Hands|8\/100\n|move|p2a: Iron Hands|Wild Charge|p1a: Iron Jugulis\n|-supereffective|p1a: Iron Jugulis\n|-damage|p1a: Iron Jugulis|0 fnt\n|faint|p1a: Iron Jugulis\n|-end|p1a: Iron Jugulis|Quark Drive|[silent]\n|-damage|p2a: Iron Hands|0 fnt|[from] Recoil\n|faint|p2a: Iron Hands\n|-end|p2a: Iron Hands|Quark Drive|[silent]\n|\n|win|edgypunishment\n|raw|3anozy's rating: 1127 &rarr; <strong>1100<\/strong><br \/>(-27 for losing)\n|raw|edgypunishment's rating: 1099 &rarr; <strong>1126<\/strong><br \/>(+27 for winning)\n|l|\u26063anozy\n","uploadtime":1699790481,"views":10,"p1id":"3anozy","p2id":"edgypunishment","formatid":"gen9ou","rating":1100,"private":0,"password":""}