{"id":"gen9ou-1988938794","p1":"Pow Caeli","p2":"Zkeem1","format":"[Gen 9] OU","log":"|j|\u2606Pow Caeli\n|j|\u2606Zkeem1\n|t:|1699791329\n|gametype|singles\n|player|p1|Pow Caeli|backersf|1261\n|player|p2|Zkeem1|dawn-gen4pt|1324\n|teamsize|p1|6\n|teamsize|p2|6\n|gen|9\n|tier|[Gen 9] OU\n|rated|\n|rule|Sleep Clause Mod: Limit one foe put to sleep\n|rule|Species Clause: Limit one of each Pok\u00e9mon\n|rule|OHKO Clause: OHKO moves are banned\n|rule|Evasion Items Clause: Evasion items are banned\n|rule|Evasion Moves Clause: Evasion moves are banned\n|rule|Endless Battle Clause: Forcing endless battles is banned\n|rule|HP Percentage Mod: HP is shown in percentages\n|clearpoke\n|poke|p1|Heatran, M|\n|poke|p1|Zapdos|\n|poke|p1|Great Tusk|\n|poke|p1|Ogerpon-Wellspring, F|\n|poke|p1|Kingambit, F|\n|poke|p1|Dragapult, F|\n|poke|p2|Alomomola, M|\n|poke|p2|Ting-Lu|\n|poke|p2|Gholdengo|\n|poke|p2|Weezing-Galar, F|\n|poke|p2|Dragonite, F|\n|poke|p2|Sneasler, F|\n|teampreview\n|\n|t:|1699791345\n|start\n|switch|p1a: Hot Mom|Heatran, M|100\/100\n|switch|p2a: Ting-Lu|Ting-Lu|100\/100\n|-ability|p2a: Ting-Lu|Vessel of Ruin\n|turn|1\n|\n|t:|1699791358\n|switch|p1a: Au japon|Ogerpon-Wellspring, F|100\/100\n|move|p2a: Ting-Lu|Earthquake|p1a: Au japon\n|-resisted|p1a: Au japon\n|-damage|p1a: Au japon|78\/100\n|\n|upkeep\n|turn|2\n|\n|t:|1699791388\n|switch|p2a: Weezing|Weezing-Galar, F|100\/100\n|move|p1a: Au japon|Power Whip|p2a: Weezing\n|-resisted|p2a: Weezing\n|-crit|p2a: Weezing\n|-damage|p2a: Weezing|68\/100\n|-damage|p1a: Au japon|61\/100|[from] item: Rocky Helmet|[of] p2a: Weezing\n|\n|upkeep\n|turn|3\n|\n|t:|1699791403\n|switch|p1a: Hot Mom|Heatran, M|100\/100\n|move|p2a: Weezing|Will-O-Wisp|p1a: Hot Mom\n|-start|p1a: Hot Mom|ability: Flash Fire\n|\n|upkeep\n|turn|4\n|\n|t:|1699791411\n|switch|p2a: Ting-Lu|Ting-Lu|100\/100\n|-ability|p2a: Ting-Lu|Vessel of Ruin\n|move|p1a: Hot Mom|Magma Storm|p2a: Ting-Lu\n|-damage|p2a: Ting-Lu|73\/100\n|-activate|p2a: Ting-Lu|move: Magma Storm|[of] p1a: Hot Mom\n|\n|-heal|p2a: Ting-Lu|80\/100|[from] item: Leftovers\n|-damage|p2a: Ting-Lu|67\/100|[from] move: Magma Storm|[partiallytrapped]\n|upkeep\n|turn|5\n|\n|t:|1699791426\n|move|p1a: Hot Mom|Taunt|p2a: Ting-Lu\n|-start|p2a: Ting-Lu|move: Taunt\n|cant|p2a: Ting-Lu|move: Taunt|Stealth Rock\n|\n|-heal|p2a: Ting-Lu|73\/100|[from] item: Leftovers\n|-damage|p2a: Ting-Lu|61\/100|[from] move: Magma Storm|[partiallytrapped]\n|upkeep\n|turn|6\n|\n|t:|1699791434\n|-end|p1a: Hot Mom|ability: Flash Fire|[silent]\n|switch|p1a: Donflon|Great Tusk|100\/100\n|move|p2a: Ting-Lu|Earthquake|p1a: Donflon\n|-damage|p1a: Donflon|82\/100\n|\n|-heal|p1a: Donflon|88\/100|[from] item: Leftovers\n|-heal|p2a: Ting-Lu|67\/100|[from] item: Leftovers\n|-end|p2a: Ting-Lu|Magma Storm|[partiallytrapped]|[silent]\n|upkeep\n|turn|7\n|inactive|Battle timer is ON: inactive players will automatically lose when time's up. (requested by Pow Caeli)\n|\n|t:|1699791474\n|switch|p2a: Gholdengo|Gholdengo|100\/100\n|move|p1a: Donflon|Knock Off|p2a: Gholdengo\n|-supereffective|p2a: Gholdengo\n|-damage|p2a: Gholdengo|36\/100\n|-enditem|p2a: Gholdengo|Choice Scarf|[from] move: Knock Off|[of] p1a: Donflon\n|\n|-heal|p1a: Donflon|94\/100|[from] item: Leftovers\n|upkeep\n|turn|8\n|\n|t:|1699791486\n|-end|p1a: Donflon|Protosynthesis|[silent]\n|switch|p1a: Hot Mom|Heatran, M|100\/100\n|move|p2a: Gholdengo|Shadow Ball|p1a: Hot Mom\n|-damage|p1a: Hot Mom|72\/100\n|\n|-heal|p1a: Hot Mom|79\/100|[from] item: Leftovers\n|upkeep\n|turn|9\n|\n|t:|1699791496\n|move|p2a: Gholdengo|Shadow Ball|p1a: Hot Mom\n|-damage|p1a: Hot Mom|51\/100\n|move|p1a: Hot Mom|Earth Power|p2a: Gholdengo\n|-supereffective|p2a: Gholdengo\n|-damage|p2a: Gholdengo|0 fnt\n|faint|p2a: Gholdengo\n|\n|-heal|p1a: Hot Mom|57\/100|[from] item: Leftovers\n|upkeep\n|\n|t:|1699791508\n|switch|p2a: Ting-Lu|Ting-Lu|67\/100\n|-ability|p2a: Ting-Lu|Vessel of Ruin\n|turn|10\n|\n|t:|1699791512\n|switch|p1a: Zeus|Zapdos|100\/100\n|move|p2a: Ting-Lu|Earthquake|p1a: Zeus\n|-immune|p1a: Zeus\n|\n|-heal|p2a: Ting-Lu|73\/100|[from] item: Leftovers\n|upkeep\n|turn|11\n|\n|t:|1699791521\n|switch|p1a: Donflon|Great Tusk|94\/100\n|move|p2a: Ting-Lu|Stealth Rock|p1a: Donflon\n|-sidestart|p1: Pow Caeli|move: Stealth Rock\n|\n|-heal|p1a: Donflon|100\/100|[from] item: Leftovers\n|-heal|p2a: Ting-Lu|80\/100|[from] item: Leftovers\n|upkeep\n|turn|12\n|\n|t:|1699791530\n|switch|p2a: Sneasler|Sneasler, F|100\/100\n|-item|p2a: Sneasler|Air Balloon\n|move|p1a: Donflon|Rapid Spin|p2a: Sneasler\n|-damage|p2a: Sneasler|76\/100\n|-boost|p1a: Donflon|spe|1\n|-enditem|p2a: Sneasler|Air Balloon\n|-sideend|p1: Pow Caeli|Stealth Rock|[from] move: Rapid Spin|[of] p1a: Donflon\n|\n|upkeep\n|turn|13\n|\n|t:|1699791541\n|-end|p1a: Donflon|Protosynthesis|[silent]\n|switch|p1a: Zeus|Zapdos|100\/100\n|-terastallize|p2a: Sneasler|Flying\n|move|p2a: Sneasler|Swords Dance|p2a: Sneasler\n|-boost|p2a: Sneasler|atk|2\n|\n|upkeep\n|turn|14\n|\n|t:|1699791550\n|move|p2a: Sneasler|Gunk Shot|p1a: Zeus\n|-damage|p1a: Zeus|0 fnt\n|faint|p1a: Zeus\n|\n|upkeep\n|\n|t:|1699791558\n|switch|p1a: Donflon|Great Tusk|100\/100\n|turn|15\n|c|\u2606Pow Caeli|gg\n|\n|t:|1699791585\n|move|p2a: Sneasler|Close Combat|p1a: Donflon\n|-damage|p1a: Donflon|40\/100\n|-unboost|p2a: Sneasler|def|1\n|-unboost|p2a: Sneasler|spd|1\n|move|p1a: Donflon|Knock Off|p2a: Sneasler\n|-damage|p2a: Sneasler|27\/100\n|\n|-heal|p1a: Donflon|47\/100|[from] item: Leftovers\n|upkeep\n|turn|16\n|\n|t:|1699791596\n|move|p2a: Sneasler|Acrobatics|p1a: Donflon\n|-supereffective|p1a: Donflon\n|-damage|p1a: Donflon|0 fnt\n|faint|p1a: Donflon\n|-end|p1a: Donflon|Protosynthesis|[silent]\n|\n|upkeep\n|\n|t:|1699791600\n|switch|p1a: Roi des zeubs|Kingambit, F|100\/100\n|-activate|p1a: Roi des zeubs|ability: Supreme Overlord\n|-start|p1a: Roi des zeubs|fallen2|[silent]\n|turn|17\n|\n|t:|1699791607\n|switch|p2a: Weezing|Weezing-Galar, F|68\/100\n|move|p1a: Roi des zeubs|Kowtow Cleave|p2a: Weezing\n|-resisted|p2a: Weezing\n|-damage|p2a: Weezing|50\/100\n|-damage|p1a: Roi des zeubs|84\/100|[from] item: Rocky Helmet|[of] p2a: Weezing\n|\n|-heal|p1a: Roi des zeubs|90\/100|[from] item: Leftovers\n|upkeep\n|turn|18\n|\n|t:|1699791618\n|switch|p2a: Alomomola|Alomomola, M, shiny|100\/100\n|-end|p1a: Roi des zeubs|fallen2|[silent]\n|switch|p1a: Hot Mom|Heatran, M|57\/100\n|\n|-heal|p1a: Hot Mom|63\/100|[from] item: Leftovers\n|upkeep\n|turn|19\n|\n|t:|1699791628\n|switch|p1a: Au japon|Ogerpon-Wellspring, F|61\/100\n|switch|p2a: Sneasler|Sneasler, F, tera:Flying|27\/100\n|\n|upkeep\n|turn|20\n|\n|t:|1699791642\n|move|p2a: Sneasler|Close Combat|p1a: Au japon\n|-damage|p1a: Au japon|0 fnt\n|-unboost|p2a: Sneasler|def|1\n|-unboost|p2a: Sneasler|spd|1\n|faint|p1a: Au japon\n|\n|upkeep\n|\n|t:|1699791645\n|switch|p1a: Drague cette pute|Dragapult, F|100\/100\n|turn|21\n|\n|t:|1699791655\n|switch|p2a: Ting-Lu|Ting-Lu|80\/100\n|-ability|p2a: Ting-Lu|Vessel of Ruin\n|move|p1a: Drague cette pute|Shadow Ball|p2a: Ting-Lu\n|-resisted|p2a: Ting-Lu\n|-damage|p2a: Ting-Lu|70\/100\n|\n|-heal|p2a: Ting-Lu|76\/100|[from] item: Leftovers\n|upkeep\n|turn|22\n|\n|t:|1699791666\n|switch|p1a: Hot Mom|Heatran, M|63\/100\n|move|p2a: Ting-Lu|Earthquake|p1a: Hot Mom\n|-supereffective|p1a: Hot Mom\n|-damage|p1a: Hot Mom|0 fnt\n|faint|p1a: Hot Mom\n|\n|-heal|p2a: Ting-Lu|82\/100|[from] item: Leftovers\n|upkeep\n|\n|t:|1699791668\n|switch|p1a: Roi des zeubs|Kingambit, F|90\/100\n|-activate|p1a: Roi des zeubs|ability: Supreme Overlord\n|-start|p1a: Roi des zeubs|fallen4|[silent]\n|turn|23\n|\n|t:|1699791679\n|-terastallize|p1a: Roi des zeubs|Fairy\n|move|p1a: Roi des zeubs|Swords Dance|p1a: Roi des zeubs\n|-boost|p1a: Roi des zeubs|atk|2\n|move|p2a: Ting-Lu|Earthquake|p1a: Roi des zeubs\n|-damage|p1a: Roi des zeubs|62\/100\n|\n|-heal|p1a: Roi des zeubs|68\/100|[from] item: Leftovers\n|-heal|p2a: Ting-Lu|88\/100|[from] item: Leftovers\n|upkeep\n|turn|24\n|\n|t:|1699791692\n|move|p1a: Roi des zeubs|Iron Head|p2a: Ting-Lu\n|-damage|p2a: Ting-Lu|18\/100\n|move|p2a: Ting-Lu|Whirlwind|p1a: Roi des zeubs\n|-end|p1a: Roi des zeubs|fallen4|[silent]\n|drag|p1a: Drague cette pute|Dragapult, F|100\/100\n|\n|-heal|p2a: Ting-Lu|24\/100|[from] item: Leftovers\n|upkeep\n|turn|25\n|inactive|Zkeem1 has 120 seconds left.\n|inactive|Zkeem1 has 90 seconds left.\n|\n|t:|1699791771\n|switch|p2a: Weezing|Weezing-Galar, F|50\/100\n|move|p1a: Drague cette pute|U-turn|p2a: Weezing\n|-resisted|p2a: Weezing\n|-damage|p2a: Weezing|47\/100\n|-damage|p1a: Drague cette pute|84\/100|[from] item: Rocky Helmet|[of] p2a: Weezing\n|\n|t:|1699791793\n|switch|p1a: Roi des zeubs|Kingambit, F, tera:Fairy|68\/100|[from] U-turn\n|-activate|p1a: Roi des zeubs|ability: Supreme Overlord\n|-start|p1a: Roi des zeubs|fallen4|[silent]\n|\n|-heal|p1a: Roi des zeubs|74\/100|[from] item: Leftovers\n|upkeep\n|turn|26\n|\n|t:|1699791805\n|move|p2a: Weezing|Will-O-Wisp|p1a: Roi des zeubs\n|-status|p1a: Roi des zeubs|brn\n|move|p1a: Roi des zeubs|Iron Head|p2a: Weezing\n|-supereffective|p2a: Weezing\n|-damage|p2a: Weezing|4\/100\n|-damage|p1a: Roi des zeubs|58\/100 brn|[from] item: Rocky Helmet|[of] p2a: Weezing\n|\n|-heal|p1a: Roi des zeubs|64\/100 brn|[from] item: Leftovers\n|-damage|p1a: Roi des zeubs|58\/100 brn|[from] brn\n|upkeep\n|turn|27\n|\n|t:|1699791816\n|move|p1a: Roi des zeubs|Sucker Punch||[still]\n|-fail|p1a: Roi des zeubs\n|move|p2a: Weezing|Defog|p1a: Roi des zeubs\n|-unboost|p1a: Roi des zeubs|evasion|1\n|\n|-heal|p1a: Roi des zeubs|64\/100 brn|[from] item: Leftovers\n|-damage|p1a: Roi des zeubs|58\/100 brn|[from] brn\n|upkeep\n|turn|28\n|\n|t:|1699791825\n|move|p2a: Weezing|Pain Split|p1a: Roi des zeubs\n|-sethp|p1a: Roi des zeubs|30\/100 brn|[from] move: Pain Split|[silent]\n|-sethp|p2a: Weezing|36\/100|[from] move: Pain Split\n|move|p1a: Roi des zeubs|Swords Dance|p1a: Roi des zeubs\n|-boost|p1a: Roi des zeubs|atk|2\n|\n|-heal|p1a: Roi des zeubs|37\/100 brn|[from] item: Leftovers\n|-damage|p1a: Roi des zeubs|30\/100 brn|[from] brn\n|upkeep\n|turn|29\n|inactive|Zkeem1 has 90 seconds left.\n|\n|t:|1699791836\n|move|p2a: Weezing|Flamethrower|p1a: Roi des zeubs\n|-damage|p1a: Roi des zeubs|14\/100 brn\n|move|p1a: Roi des zeubs|Iron Head|p2a: Weezing\n|-supereffective|p2a: Weezing\n|-damage|p2a: Weezing|0 fnt\n|-damage|p1a: Roi des zeubs|0 fnt|[from] item: Rocky Helmet|[of] p2a: Weezing\n|faint|p2a: Weezing\n|faint|p1a: Roi des zeubs\n|-end|p1a: Roi des zeubs|fallen4|[silent]\n|\n|upkeep\n|inactive|Zkeem1 has 90 seconds left.\n|\n|t:|1699791846\n|switch|p2a: Ting-Lu|Ting-Lu|24\/100\n|switch|p1a: Drague cette pute|Dragapult, F|84\/100\n|-ability|p2a: Ting-Lu|Vessel of Ruin\n|turn|30\n|inactive|Zkeem1 has 90 seconds left.\n|\n|t:|1699791861\n|switch|p2a: Sneasler|Sneasler, F, tera:Flying|27\/100\n|move|p1a: Drague cette pute|Shadow Ball|p2a: Sneasler\n|-damage|p2a: Sneasler|0 fnt\n|faint|p2a: Sneasler\n|\n|upkeep\n|\n|t:|1699791870\n|switch|p2a: Alomomola|Alomomola, M, shiny|100\/100\n|turn|31\n|\n|t:|1699791874\n|move|p1a: Drague cette pute|Shadow Ball|p2a: Alomomola\n|-damage|p2a: Alomomola|41\/100\n|move|p2a: Alomomola|Wish|p2a: Alomomola\n|\n|upkeep\n|turn|32\n|\n|t:|1699791881\n|switch|p2a: Ting-Lu|Ting-Lu|24\/100\n|-ability|p2a: Ting-Lu|Vessel of Ruin\n|move|p1a: Drague cette pute|Shadow Ball|p2a: Ting-Lu\n|-resisted|p2a: Ting-Lu\n|-damage|p2a: Ting-Lu|14\/100\n|\n|-heal|p2a: Ting-Lu|65\/100|[from] move: Wish|[wisher] Alomomola\n|-heal|p2a: Ting-Lu|71\/100|[from] item: Leftovers\n|upkeep\n|turn|33\n|-message|Pow Caeli forfeited.\n|\n|win|Zkeem1\n|raw|Pow Caeli's rating: 1261 &rarr; <strong>1240<\/strong><br \/>(-21 for losing)\n|raw|Zkeem1's rating: 1324 &rarr; <strong>1340<\/strong><br \/>(+16 for winning)\n|l|\u2606Pow Caeli\n","uploadtime":1699791903,"views":17,"p1id":"powcaeli","p2id":"zkeem1","formatid":"gen9ou","rating":1240,"private":0,"password":""}