{"id":"gen9ou-1988661417","p1":"Winterbub","p2":"pantuxd","format":"[Gen 9] OU","log":"|j|\u2606Winterbub\n|j|\u2606pantuxd\n|t:|1699747552\n|gametype|singles\n|player|p1|Winterbub|cynthia|1433\n|player|p2|pantuxd|veteran|1488\n|teamsize|p1|6\n|teamsize|p2|6\n|gen|9\n|tier|[Gen 9] OU\n|rated|\n|rule|Sleep Clause Mod: Limit one foe put to sleep\n|rule|Species Clause: Limit one of each Pok\u00e9mon\n|rule|OHKO Clause: OHKO moves are banned\n|rule|Evasion Items Clause: Evasion items are banned\n|rule|Evasion Moves Clause: Evasion moves are banned\n|rule|Endless Battle Clause: Forcing endless battles is banned\n|rule|HP Percentage Mod: HP is shown in percentages\n|clearpoke\n|poke|p1|Glimmora, F|\n|poke|p1|Greninja-*, M|\n|poke|p1|Iron Valiant|\n|poke|p1|Dragonite, F|\n|poke|p1|Kingambit, F|\n|poke|p1|Iron Moth|\n|poke|p2|Torkoal, M|\n|poke|p2|Walking Wake|\n|poke|p2|Lilligant-Hisui, F|\n|poke|p2|Ceruledge, M|\n|poke|p2|Cinderace, F|\n|poke|p2|Hatterene, F|\n|teampreview\n|inactive|Battle timer is ON: inactive players will automatically lose when time's up. (requested by Winterbub)\n|\n|t:|1699747557\n|start\n|switch|p1a: Glimmora|Glimmora, F|100\/100\n|switch|p2a: Torkoal|Torkoal, M|100\/100\n|-weather|SunnyDay|[from] ability: Drought|[of] p2a: Torkoal\n|turn|1\n|\n|t:|1699747560\n|switch|p2a: Hatterene|Hatterene, F|100\/100\n|move|p1a: Glimmora|Power Gem|p2a: Hatterene\n|-damage|p2a: Hatterene|68\/100\n|-enditem|p2a: Hatterene|Eject Button\n|\n|t:|1699747567\n|switch|p2a: Walking Wake|Walking Wake|100\/100\n|-activate|p2a: Walking Wake|ability: Protosynthesis\n|-start|p2a: Walking Wake|protosynthesisspe\n|\n|-weather|SunnyDay|[upkeep]\n|upkeep\n|turn|2\n|\n|t:|1699747571\n|move|p2a: Walking Wake|Hydro Steam|p1a: Glimmora\n|-supereffective|p1a: Glimmora\n|-enditem|p1a: Glimmora|Focus Sash\n|-damage|p1a: Glimmora|1\/100\n|move|p1a: Glimmora|Power Gem|p2a: Walking Wake\n|-damage|p2a: Walking Wake|51\/100\n|\n|-weather|SunnyDay|[upkeep]\n|upkeep\n|turn|3\n|\n|t:|1699747582\n|switch|p1a: Dragonite|Dragonite, F|100\/100\n|move|p2a: Walking Wake|Hydro Steam|p1a: Dragonite\n|-resisted|p1a: Dragonite\n|-damage|p1a: Dragonite|77\/100\n|\n|-weather|SunnyDay|[upkeep]\n|upkeep\n|turn|4\n|\n|t:|1699747587\n|-end|p2a: Walking Wake|Protosynthesis|[silent]\n|switch|p2a: Hatterene|Hatterene, F|68\/100\n|move|p1a: Dragonite|Extreme Speed|p2a: Hatterene\n|-damage|p2a: Hatterene|30\/100\n|\n|-weather|SunnyDay|[upkeep]\n|upkeep\n|turn|5\n|\n|t:|1699747591\n|move|p1a: Dragonite|Extreme Speed|p2a: Hatterene\n|-damage|p2a: Hatterene|0 fnt\n|faint|p2a: Hatterene\n|\n|-weather|SunnyDay|[upkeep]\n|upkeep\n|\n|t:|1699747594\n|switch|p2a: Lilligant|Lilligant-Hisui, F|100\/100\n|turn|6\n|\n|t:|1699747599\n|move|p2a: Lilligant|Ice Spinner|p1a: Dragonite\n|-supereffective|p1a: Dragonite\n|-damage|p1a: Dragonite|0 fnt\n|faint|p1a: Dragonite\n|\n|-weather|SunnyDay|[upkeep]\n|upkeep\n|\n|t:|1699747602\n|switch|p1a: Glimmora|Glimmora, F|1\/100\n|turn|7\n|\n|t:|1699747610\n|move|p2a: Lilligant|Ice Spinner|p1a: Glimmora\n|-damage|p1a: Glimmora|0 fnt\n|-activate|p1a: Glimmora|ability: Toxic Debris\n|-sidestart|p2: pantuxd|move: Toxic Spikes\n|faint|p1a: Glimmora\n|\n|-weather|SunnyDay|[upkeep]\n|upkeep\n|\n|t:|1699747616\n|switch|p1a: Iron Moth|Iron Moth|100\/100\n|-enditem|p1a: Iron Moth|Booster Energy\n|-activate|p1a: Iron Moth|ability: Quark Drive|[fromitem]\n|-start|p1a: Iron Moth|quarkdrivespa\n|turn|8\n|\n|t:|1699747618\n|move|p2a: Lilligant|Close Combat|p1a: Iron Moth\n|-resisted|p1a: Iron Moth\n|-damage|p1a: Iron Moth|48\/100\n|-unboost|p2a: Lilligant|def|1\n|-unboost|p2a: Lilligant|spd|1\n|move|p1a: Iron Moth|Fiery Dance|p2a: Lilligant\n|-supereffective|p2a: Lilligant\n|-enditem|p2a: Lilligant|Focus Sash\n|-damage|p2a: Lilligant|1\/100\n|-boost|p1a: Iron Moth|spa|1\n|\n|-weather|none\n|upkeep\n|turn|9\n|\n|t:|1699747628\n|switch|p2a: Torkoal|Torkoal, M|100\/100\n|-status|p2a: Torkoal|psn\n|-weather|SunnyDay|[from] ability: Drought|[of] p2a: Torkoal\n|move|p1a: Iron Moth|Fiery Dance|p2a: Torkoal\n|-resisted|p2a: Torkoal\n|-damage|p2a: Torkoal|12\/100 psn\n|\n|-weather|SunnyDay|[upkeep]\n|-damage|p2a: Torkoal|0 fnt|[from] psn\n|faint|p2a: Torkoal\n|upkeep\n|\n|t:|1699747650\n|switch|p2a: Lilligant|Lilligant-Hisui, F|1\/100\n|-status|p2a: Lilligant|psn\n|turn|10\n|\n|t:|1699747677\n|-end|p1a: Iron Moth|Quark Drive|[silent]\n|switch|p1a: Iron Valiant|Iron Valiant|100\/100\n|-enditem|p1a: Iron Valiant|Booster Energy\n|-activate|p1a: Iron Valiant|ability: Quark Drive|[fromitem]\n|-start|p1a: Iron Valiant|quarkdrivespe\n|move|p2a: Lilligant|Close Combat|p1a: Iron Valiant\n|-resisted|p1a: Iron Valiant\n|-damage|p1a: Iron Valiant|63\/100\n|-unboost|p2a: Lilligant|def|1\n|-unboost|p2a: Lilligant|spd|1\n|\n|-weather|SunnyDay|[upkeep]\n|-damage|p2a: Lilligant|0 fnt|[from] psn\n|faint|p2a: Lilligant\n|upkeep\n|\n|t:|1699747696\n|switch|p2a: Ceruledge|Ceruledge, M|100\/100\n|-status|p2a: Ceruledge|psn\n|turn|11\n|\n|t:|1699747699\n|move|p1a: Iron Valiant|Shadow Ball|p2a: Ceruledge\n|-supereffective|p2a: Ceruledge\n|-damage|p2a: Ceruledge|44\/100 psn\n|move|p2a: Ceruledge|Bitter Blade|p1a: Iron Valiant\n|-damage|p1a: Iron Valiant|0 fnt\n|-heal|p2a: Ceruledge|74\/100 psn|[from] drain|[of] p1a: Iron Valiant\n|faint|p1a: Iron Valiant\n|-end|p1a: Iron Valiant|Quark Drive|[silent]\n|\n|-weather|SunnyDay|[upkeep]\n|-damage|p2a: Ceruledge|62\/100 psn|[from] psn\n|upkeep\n|\n|t:|1699747708\n|switch|p1a: Greninja|Greninja, M|100\/100\n|turn|12\n|\n|t:|1699747715\n|-terastallize|p2a: Ceruledge|Grass\n|move|p1a: Greninja|Dark Pulse|p2a: Ceruledge\n|-damage|p2a: Ceruledge|8\/100 psn\n|-damage|p1a: Greninja|91\/100|[from] item: Life Orb\n|move|p2a: Ceruledge|Solar Blade||[still]\n|-prepare|p2a: Ceruledge|Solar Blade\n|-anim|p2a: Ceruledge|Solar Blade|p1a: Greninja\n|-supereffective|p1a: Greninja\n|-damage|p1a: Greninja|0 fnt\n|faint|p1a: Greninja\n|\n|-weather|SunnyDay|[upkeep]\n|-damage|p2a: Ceruledge|0 fnt|[from] psn\n|faint|p2a: Ceruledge\n|upkeep\n|\n|t:|1699747731\n|switch|p1a: Kingambit|Kingambit, F|100\/100\n|switch|p2a: Walking Wake|Walking Wake|51\/100\n|-status|p2a: Walking Wake|psn\n|-activate|p2a: Walking Wake|ability: Protosynthesis\n|-start|p2a: Walking Wake|protosynthesisspe\n|-activate|p1a: Kingambit|ability: Supreme Overlord\n|-start|p1a: Kingambit|fallen4|[silent]\n|-item|p1a: Kingambit|Air Balloon\n|turn|13\n|\n|t:|1699747738\n|move|p1a: Kingambit|Sucker Punch|p2a: Walking Wake\n|-damage|p2a: Walking Wake|0 fnt\n|faint|p2a: Walking Wake\n|-end|p2a: Walking Wake|Protosynthesis|[silent]\n|\n|-weather|SunnyDay|[upkeep]\n|upkeep\n|\n|t:|1699747741\n|switch|p2a: Cinderace|Cinderace, F|100\/100\n|turn|14\n|\n|t:|1699747747\n|-end|p1a: Kingambit|fallen4|[silent]\n|switch|p1a: Iron Moth|Iron Moth|48\/100\n|move|p2a: Cinderace|Will-O-Wisp|p1a: Iron Moth\n|-immune|p1a: Iron Moth\n|\n|-weather|SunnyDay|[upkeep]\n|upkeep\n|turn|15\n|\n|t:|1699747754\n|move|p2a: Cinderace|Pyro Ball|p1a: Iron Moth\n|-resisted|p1a: Iron Moth\n|-crit|p1a: Iron Moth\n|-damage|p1a: Iron Moth|0 fnt\n|faint|p1a: Iron Moth\n|-end|p1a: Iron Moth|Quark Drive|[silent]\n|\n|-weather|SunnyDay|[upkeep]\n|upkeep\n|\n|t:|1699747757\n|switch|p1a: Kingambit|Kingambit, F|100\/100\n|-activate|p1a: Kingambit|ability: Supreme Overlord\n|-start|p1a: Kingambit|fallen5|[silent]\n|-item|p1a: Kingambit|Air Balloon\n|turn|16\n|\n|t:|1699747763\n|-terastallize|p1a: Kingambit|Flying\n|move|p2a: Cinderace|Pyro Ball|p1a: Kingambit\n|-damage|p1a: Kingambit|38\/100\n|-enditem|p1a: Kingambit|Air Balloon\n|move|p1a: Kingambit|Swords Dance|p1a: Kingambit\n|-boost|p1a: Kingambit|atk|2\n|\n|-weather|none\n|upkeep\n|turn|17\n|\n|t:|1699747770\n|move|p1a: Kingambit|Sucker Punch||[still]\n|-fail|p1a: Kingambit\n|move|p2a: Cinderace|Will-O-Wisp|p1a: Kingambit|[miss]\n|-miss|p2a: Cinderace|p1a: Kingambit\n|\n|upkeep\n|turn|18\n|\n|t:|1699747775\n|move|p1a: Kingambit|Sucker Punch|p2a: Cinderace\n|-damage|p2a: Cinderace|0 fnt\n|faint|p2a: Cinderace\n|\n|win|Winterbub\n|raw|Winterbub's rating: 1433 &rarr; <strong>1456<\/strong><br \/>(+23 for winning)\n|raw|pantuxd's rating: 1488 &rarr; <strong>1465<\/strong><br \/>(-23 for losing)\n","uploadtime":1699747779,"views":13,"p1id":"winterbub","p2id":"pantuxd","formatid":"gen9ou","rating":1456,"private":0,"password":""}