{"id":"gen9ou-1989944582","p1":"ratatta17","p2":"BLANK_Ichika","format":"[Gen 9] OU","log":"|j|\u2606ratatta17\n|j|\u203dBLANK_Ichika\n|t:|1699908939\n|gametype|singles\n|player|p1|ratatta17|265|1352\n|player|p2|BLANK_Ichika|clair|1350\n|teamsize|p1|6\n|teamsize|p2|6\n|gen|9\n|tier|[Gen 9] OU\n|rated|\n|rule|Sleep Clause Mod: Limit one foe put to sleep\n|rule|Species Clause: Limit one of each Pok\u00e9mon\n|rule|OHKO Clause: OHKO moves are banned\n|rule|Evasion Items Clause: Evasion items are banned\n|rule|Evasion Moves Clause: Evasion moves are banned\n|rule|Endless Battle Clause: Forcing endless battles is banned\n|rule|HP Percentage Mod: HP is shown in percentages\n|clearpoke\n|poke|p1|Azumarill, F|\n|poke|p1|Staraptor, F|\n|poke|p1|Toedscruel, M|\n|poke|p1|Skeledirge, M|\n|poke|p1|Ninetales-Alola, M|\n|poke|p1|Iron Valiant|\n|poke|p2|Lokix, M|\n|poke|p2|Ceruledge, F|\n|poke|p2|Walking Wake|\n|poke|p2|Milotic, M|\n|poke|p2|Great Tusk|\n|poke|p2|Corviknight, M|\n|teampreview\n|inactive|Battle timer is ON: inactive players will automatically lose when time's up. (requested by ratatta17)\n|\n|t:|1699908945\n|start\n|switch|p1a: Staraptor|Staraptor, F|100\/100\n|switch|p2a: Lokix|Lokix, M|100\/100\n|-ability|p1a: Staraptor|Intimidate|boost\n|-unboost|p2a: Lokix|atk|1\n|turn|1\n|\n|t:|1699908957\n|switch|p1a: Skeledirge|Skeledirge, M|100\/100\n|switch|p2a: Corviknight|Corviknight, M|100\/100\n|\n|upkeep\n|turn|2\n|\n|t:|1699908961\n|move|p2a: Corviknight|U-turn|p1a: Skeledirge\n|-resisted|p1a: Skeledirge\n|-damage|p1a: Skeledirge|98\/100\n|\n|t:|1699908965\n|switch|p2a: Great Tusk|Great Tusk|100\/100|[from] U-turn\n|move|p1a: Skeledirge|Will-O-Wisp|p2a: Great Tusk\n|-status|p2a: Great Tusk|brn\n|\n|-heal|p1a: Skeledirge|100\/100|[from] item: Leftovers\n|-damage|p2a: Great Tusk|94\/100 brn|[from] brn\n|upkeep\n|turn|3\n|\n|t:|1699908975\n|-end|p2a: Great Tusk|Protosynthesis|[silent]\n|switch|p2a: Walking Wake|Walking Wake|100\/100\n|switch|p1a: Ninetales|Ninetales-Alola, M|100\/100\n|-weather|Snow|[from] ability: Snow Warning|[of] p1a: Ninetales\n|\n|-weather|Snow|[upkeep]\n|upkeep\n|turn|4\n|\n|t:|1699908978\n|move|p2a: Walking Wake|Flamethrower|p1a: Ninetales\n|-supereffective|p1a: Ninetales\n|-damage|p1a: Ninetales|40\/100\n|move|p1a: Ninetales|Aurora Veil|p1a: Ninetales\n|-sidestart|p1: ratatta17|move: Aurora Veil\n|\n|-weather|Snow|[upkeep]\n|upkeep\n|turn|5\n|\n|t:|1699908981\n|move|p2a: Walking Wake|Flamethrower|p1a: Ninetales\n|-supereffective|p1a: Ninetales\n|-damage|p1a: Ninetales|9\/100\n|move|p1a: Ninetales|Freeze-Dry|p2a: Walking Wake\n|-supereffective|p2a: Walking Wake\n|-damage|p2a: Walking Wake|0 fnt\n|faint|p2a: Walking Wake\n|-end|p2a: Walking Wake|Protosynthesis|[silent]\n|\n|-weather|Snow|[upkeep]\n|upkeep\n|\n|t:|1699908987\n|switch|p2a: Ceruledge|Ceruledge, F|100\/100\n|turn|6\n|\n|t:|1699908989\n|move|p2a: Ceruledge|Swords Dance|p2a: Ceruledge\n|-boost|p2a: Ceruledge|atk|2\n|move|p1a: Ninetales|Encore|p2a: Ceruledge\n|-start|p2a: Ceruledge|Encore\n|\n|-weather|Snow|[upkeep]\n|upkeep\n|turn|7\n|\n|t:|1699908996\n|switch|p1a: Iron Valiant|Iron Valiant|100\/100\n|move|p2a: Ceruledge|Swords Dance|p2a: Ceruledge\n|-boost|p2a: Ceruledge|atk|2\n|\n|-weather|none\n|upkeep\n|turn|8\n|\n|t:|1699909003\n|move|p1a: Iron Valiant|Knock Off|p2a: Ceruledge\n|-supereffective|p2a: Ceruledge\n|-damage|p2a: Ceruledge|6\/100\n|-ability|p2a: Ceruledge|Weak Armor|boost\n|-unboost|p2a: Ceruledge|def|1\n|-boost|p2a: Ceruledge|spe|2\n|-enditem|p2a: Ceruledge|Focus Sash|[from] move: Knock Off|[of] p1a: Iron Valiant\n|-damage|p1a: Iron Valiant|91\/100|[from] item: Life Orb\n|move|p2a: Ceruledge|Swords Dance|p2a: Ceruledge\n|-boost|p2a: Ceruledge|atk|2\n|\n|upkeep\n|turn|9\n|\n|t:|1699909015\n|move|p2a: Ceruledge|Swords Dance|p2a: Ceruledge\n|-boost|p2a: Ceruledge|atk|0\n|move|p1a: Iron Valiant|Thunderbolt|p2a: Ceruledge\n|-damage|p2a: Ceruledge|0 fnt\n|faint|p2a: Ceruledge\n|-damage|p1a: Iron Valiant|81\/100|[from] item: Life Orb\n|\n|upkeep\n|\n|t:|1699909021\n|switch|p2a: Milotic|Milotic, M|100\/100\n|turn|10\n|\n|t:|1699909032\n|-end|p1a: Iron Valiant|Quark Drive|[silent]\n|switch|p1a: Ninetales|Ninetales-Alola, M|9\/100\n|-weather|Snow|[from] ability: Snow Warning|[of] p1a: Ninetales\n|move|p2a: Milotic|Mirror Coat||[still]\n|-fail|p2a: Milotic\n|\n|-weather|Snow|[upkeep]\n|upkeep\n|turn|11\n|\n|t:|1699909040\n|move|p1a: Ninetales|Encore|p2a: Milotic\n|-start|p2a: Milotic|Encore\n|move|p2a: Milotic|Mirror Coat||[still]\n|-fail|p2a: Milotic\n|\n|-weather|Snow|[upkeep]\n|-sideend|p1: ratatta17|move: Aurora Veil\n|upkeep\n|turn|12\n|\n|t:|1699909044\n|move|p1a: Ninetales|Aurora Veil|p1a: Ninetales\n|-sidestart|p1: ratatta17|move: Aurora Veil\n|move|p2a: Milotic|Mirror Coat||[still]\n|-fail|p2a: Milotic\n|\n|-weather|Snow|[upkeep]\n|upkeep\n|turn|13\n|\n|t:|1699909047\n|switch|p1a: Toedscruel|Toedscruel, M|100\/100\n|move|p2a: Milotic|Mirror Coat||[still]\n|-fail|p2a: Milotic\n|\n|-weather|Snow|[upkeep]\n|-end|p2a: Milotic|Encore\n|upkeep\n|turn|14\n|\n|t:|1699909050\n|move|p1a: Toedscruel|Spore|p2a: Milotic\n|-status|p2a: Milotic|slp|[from] move: Spore\n|cant|p2a: Milotic|slp\n|\n|-weather|none\n|upkeep\n|turn|15\n|\n|t:|1699909055\n|switch|p2a: Lokix|Lokix, M|100\/100\n|move|p1a: Toedscruel|Knock Off|p2a: Lokix\n|-resisted|p2a: Lokix\n|-damage|p2a: Lokix|88\/100\n|-enditem|p2a: Lokix|Life Orb|[from] move: Knock Off|[of] p1a: Toedscruel\n|\n|upkeep\n|turn|16\n|\n|t:|1699909058\n|switch|p1a: Skeledirge|Skeledirge, M|100\/100\n|move|p2a: Lokix|Swords Dance|p2a: Lokix\n|-boost|p2a: Lokix|atk|2\n|\n|upkeep\n|turn|17\n|\n|t:|1699909069\n|move|p2a: Lokix|Sucker Punch||[still]\n|-fail|p2a: Lokix\n|move|p1a: Skeledirge|Will-O-Wisp|p2a: Lokix\n|-status|p2a: Lokix|brn\n|\n|-damage|p2a: Lokix|82\/100 brn|[from] brn\n|upkeep\n|turn|18\n|\n|t:|1699909077\n|switch|p2a: Milotic|Milotic, M|100\/100 slp\n|move|p1a: Skeledirge|Torch Song|p2a: Milotic\n|-resisted|p2a: Milotic\n|-damage|p2a: Milotic|92\/100 slp\n|-boost|p1a: Skeledirge|spa|1\n|\n|upkeep\n|turn|19\n|\n|t:|1699909083\n|-curestatus|p2a: Milotic|slp|[msg]\n|move|p2a: Milotic|Scald|p1a: Skeledirge\n|-supereffective|p1a: Skeledirge\n|-damage|p1a: Skeledirge|82\/100\n|move|p1a: Skeledirge|Torch Song|p2a: Milotic\n|-resisted|p2a: Milotic\n|-damage|p2a: Milotic|80\/100\n|-boost|p1a: Skeledirge|spa|1\n|\n|-heal|p1a: Skeledirge|88\/100|[from] item: Leftovers\n|-sideend|p1: ratatta17|move: Aurora Veil\n|upkeep\n|turn|20\n|\n|t:|1699909100\n|switch|p1a: Ninetales|Ninetales-Alola, M|9\/100\n|-weather|Snow|[from] ability: Snow Warning|[of] p1a: Ninetales\n|move|p2a: Milotic|Scald|p1a: Ninetales\n|-damage|p1a: Ninetales|0 fnt\n|faint|p1a: Ninetales\n|\n|-weather|Snow|[upkeep]\n|upkeep\n|\n|t:|1699909101\n|switch|p1a: Staraptor|Staraptor, F|100\/100\n|-ability|p1a: Staraptor|Intimidate|boost\n|-unboost|p2a: Milotic|atk|1\n|turn|21\n|\n|t:|1699909110\n|move|p1a: Staraptor|Final Gambit|p2a: Milotic\n|-damage|p2a: Milotic|0 fnt\n|faint|p1a: Staraptor\n|faint|p2a: Milotic\n|\n|-weather|Snow|[upkeep]\n|upkeep\n|\n|t:|1699909116\n|switch|p1a: Iron Valiant|Iron Valiant|81\/100\n|switch|p2a: Lokix|Lokix, M|82\/100 brn\n|turn|22\n|\n|t:|1699909123\n|-end|p1a: Iron Valiant|Quark Drive|[silent]\n|switch|p1a: Skeledirge|Skeledirge, M|88\/100\n|-terastallize|p2a: Lokix|Bug\n|move|p2a: Lokix|Swords Dance|p2a: Lokix\n|-boost|p2a: Lokix|atk|2\n|\n|-weather|Snow|[upkeep]\n|-heal|p1a: Skeledirge|94\/100|[from] item: Leftovers\n|-damage|p2a: Lokix|76\/100 brn|[from] brn\n|upkeep\n|turn|23\n|\n|t:|1699909134\n|-terastallize|p1a: Skeledirge|Dragon\n|move|p2a: Lokix|Sucker Punch|p1a: Skeledirge\n|-damage|p1a: Skeledirge|82\/100\n|move|p1a: Skeledirge|Torch Song|p2a: Lokix\n|-supereffective|p2a: Lokix\n|-damage|p2a: Lokix|0 fnt\n|-boost|p1a: Skeledirge|spa|1\n|faint|p2a: Lokix\n|\n|-weather|Snow|[upkeep]\n|-heal|p1a: Skeledirge|88\/100|[from] item: Leftovers\n|upkeep\n|\n|t:|1699909139\n|switch|p2a: Great Tusk|Great Tusk|94\/100 brn\n|turn|24\n|\n|t:|1699909142\n|move|p2a: Great Tusk|Knock Off|p1a: Skeledirge\n|-damage|p1a: Skeledirge|75\/100\n|-enditem|p1a: Skeledirge|Leftovers|[from] move: Knock Off|[of] p2a: Great Tusk\n|move|p1a: Skeledirge|Hex|p2a: Great Tusk\n|-damage|p2a: Great Tusk|23\/100 brn\n|\n|-weather|none\n|-damage|p2a: Great Tusk|17\/100 brn|[from] brn\n|upkeep\n|turn|25\n|\n|t:|1699909146\n|move|p2a: Great Tusk|Headlong Rush|p1a: Skeledirge\n|-damage|p1a: Skeledirge|53\/100\n|-unboost|p2a: Great Tusk|def|1\n|-unboost|p2a: Great Tusk|spd|1\n|move|p1a: Skeledirge|Slack Off|p1a: Skeledirge\n|-heal|p1a: Skeledirge|100\/100\n|\n|-damage|p2a: Great Tusk|10\/100 brn|[from] brn\n|upkeep\n|turn|26\n|\n|t:|1699909148\n|move|p2a: Great Tusk|Close Combat|p1a: Skeledirge\n|-damage|p1a: Skeledirge|76\/100\n|-unboost|p2a: Great Tusk|def|1\n|-unboost|p2a: Great Tusk|spd|1\n|move|p1a: Skeledirge|Torch Song|p2a: Great Tusk\n|-damage|p2a: Great Tusk|0 fnt\n|-boost|p1a: Skeledirge|spa|1\n|faint|p2a: Great Tusk\n|-end|p2a: Great Tusk|Protosynthesis|[silent]\n|\n|upkeep\n|\n|t:|1699909151\n|switch|p2a: Corviknight|Corviknight, M|100\/100\n|turn|27\n|\n|t:|1699909153\n|move|p2a: Corviknight|Brave Bird|p1a: Skeledirge\n|-damage|p1a: Skeledirge|46\/100\n|-damage|p2a: Corviknight|90\/100|[from] Recoil\n|move|p1a: Skeledirge|Torch Song|p2a: Corviknight\n|-supereffective|p2a: Corviknight\n|-damage|p2a: Corviknight|0 fnt\n|-boost|p1a: Skeledirge|spa|1\n|faint|p2a: Corviknight\n|\n|win|ratatta17\n|raw|ratatta17's rating: 1352 &rarr; <strong>1372<\/strong><br \/>(+20 for winning)\n|raw|BLANK_Ichika's rating: 1350 &rarr; <strong>1330<\/strong><br \/>(-20 for losing)\n|l|\u203dBLANK_Ichika\n","uploadtime":1699909164,"views":14,"p1id":"ratatta17","p2id":"blankichika","formatid":"gen9ou","rating":1330,"private":0,"password":""}