{"id":"gen9ou-1997179173","p1":"Derppudding404","p2":"3WishAndLandoT","format":"[Gen 9] OU","log":"|j|\u2606Derppudding404\n|j|\u26063WishAndLandoT\n|t:|1700772634\n|gametype|singles\n|player|p1|Derppudding404|hiker-gen4|1201\n|player|p2|3WishAndLandoT|169|1292\n|teamsize|p1|6\n|teamsize|p2|6\n|gen|9\n|tier|[Gen 9] OU\n|rated|\n|rule|Sleep Clause Mod: Limit one foe put to sleep\n|rule|Species Clause: Limit one of each Pok\u00e9mon\n|rule|OHKO Clause: OHKO moves are banned\n|rule|Evasion Items Clause: Evasion items are banned\n|rule|Evasion Moves Clause: Evasion moves are banned\n|rule|Endless Battle Clause: Forcing endless battles is banned\n|rule|HP Percentage Mod: HP is shown in percentages\n|clearpoke\n|poke|p1|Meowscarada, M|\n|poke|p1|Sinistcha|\n|poke|p1|Skeledirge, M|\n|poke|p1|Quaquaval, M|\n|poke|p1|Garchomp, M|\n|poke|p1|Kingambit, M|\n|poke|p2|Cinderace, M|\n|poke|p2|Empoleon, M|\n|poke|p2|Clodsire, M|\n|poke|p2|Pelipper, M|\n|poke|p2|Barraskewda, M|\n|poke|p2|Rillaboom, F|\n|teampreview\n|\n|t:|1700772657\n|start\n|switch|p1a: Meowscarada|Meowscarada, M|100\/100\n|switch|p2a: Cinderace|Cinderace, M|100\/100\n|turn|1\n|c|\u2606Derppudding404|glhf\n|\n|t:|1700772665\n|switch|p2a: Rillaboom|Rillaboom, F|100\/100\n|-fieldstart|move: Grassy Terrain|[from] ability: Grassy Surge|[of] p2a: Rillaboom\n|move|p1a: Meowscarada|Knock Off|p2a: Rillaboom\n|-start|p1a: Meowscarada|typechange|Dark|[from] ability: Protean\n|-damage|p2a: Rillaboom|72\/100\n|-enditem|p2a: Rillaboom|Leftovers|[from] move: Knock Off|[of] p1a: Meowscarada\n|\n|-heal|p2a: Rillaboom|78\/100|[from] Grassy Terrain\n|upkeep\n|turn|2\n|inactive|Battle timer is ON: inactive players will automatically lose when time's up. (requested by Derppudding404)\n|\n|t:|1700772679\n|move|p1a: Meowscarada|Spikes|p2a: Rillaboom\n|-sidestart|p2: 3WishAndLandoT|Spikes\n|move|p2a: Rillaboom|U-turn|p1a: Meowscarada\n|-supereffective|p1a: Meowscarada\n|-damage|p1a: Meowscarada|40\/100\n|c|\u26063WishAndLandoT|u2\n|\n|t:|1700772690\n|switch|p2a: Pelipper|Pelipper, M|100\/100|[from] U-turn\n|-weather|RainDance|[from] ability: Drizzle|[of] p2a: Pelipper\n|\n|-weather|RainDance|[upkeep]\n|-heal|p1a: Meowscarada|46\/100|[from] Grassy Terrain\n|upkeep\n|turn|3\n|\n|t:|1700772696\n|move|p1a: Meowscarada|Knock Off|p2a: Pelipper\n|-damage|p2a: Pelipper|69\/100\n|-enditem|p2a: Pelipper|Damp Rock|[from] move: Knock Off|[of] p1a: Meowscarada\n|move|p2a: Pelipper|U-turn|p1a: Meowscarada\n|-supereffective|p1a: Meowscarada\n|-damage|p1a: Meowscarada|17\/100\n|\n|t:|1700772698\n|switch|p2a: Barraskewda|Barraskewda, M|100\/100|[from] U-turn\n|-damage|p2a: Barraskewda|88\/100|[from] Spikes\n|\n|-weather|RainDance|[upkeep]\n|-heal|p2a: Barraskewda|94\/100|[from] Grassy Terrain\n|-heal|p1a: Meowscarada|23\/100|[from] Grassy Terrain\n|upkeep\n|turn|4\n|\n|t:|1700772703\n|switch|p1a: Sinistcha|Sinistcha|100\/100\n|move|p2a: Barraskewda|Liquidation|p1a: Sinistcha\n|-resisted|p1a: Sinistcha\n|-damage|p1a: Sinistcha|66\/100\n|-unboost|p1a: Sinistcha|def|1\n|\n|-weather|RainDance|[upkeep]\n|-heal|p2a: Barraskewda|100\/100|[from] Grassy Terrain\n|-heal|p1a: Sinistcha|72\/100|[from] Grassy Terrain\n|-heal|p1a: Sinistcha|78\/100|[from] item: Leftovers\n|upkeep\n|turn|5\n|\n|t:|1700772718\n|switch|p2a: Clodsire|Clodsire, M|100\/100\n|-damage|p2a: Clodsire|88\/100|[from] Spikes\n|move|p1a: Sinistcha|Matcha Gotcha|p2a: Clodsire\n|-damage|p2a: Clodsire|67\/100\n|-heal|p1a: Sinistcha|92\/100|[from] drain|[of] p2a: Clodsire\n|\n|-weather|RainDance|[upkeep]\n|-heal|p1a: Sinistcha|98\/100|[from] Grassy Terrain\n|-heal|p1a: Sinistcha|100\/100|[from] item: Leftovers\n|-heal|p2a: Clodsire|73\/100|[from] Grassy Terrain\n|-heal|p2a: Clodsire|79\/100|[from] item: Leftovers\n|-fieldend|move: Grassy Terrain\n|upkeep\n|turn|6\n|\n|t:|1700772732\n|move|p1a: Sinistcha|Scald|p2a: Clodsire\n|-supereffective|p2a: Clodsire\n|-damage|p2a: Clodsire|46\/100\n|move|p2a: Clodsire|Spikes|p1a: Sinistcha\n|-sidestart|p1: Derppudding404|Spikes\n|\n|-weather|RainDance|[upkeep]\n|-heal|p2a: Clodsire|52\/100|[from] item: Leftovers\n|upkeep\n|turn|7\n|\n|t:|1700772738\n|switch|p1a: Quaquaval|Quaquaval, M|100\/100\n|-damage|p1a: Quaquaval|88\/100|[from] Spikes\n|move|p2a: Clodsire|Toxic|p1a: Quaquaval\n|-status|p1a: Quaquaval|tox\n|\n|-weather|RainDance|[upkeep]\n|-heal|p2a: Clodsire|58\/100|[from] item: Leftovers\n|-damage|p1a: Quaquaval|82\/100 tox|[from] psn\n|upkeep\n|turn|8\n|\n|t:|1700772758\n|switch|p2a: Rillaboom|Rillaboom, F|78\/100\n|-damage|p2a: Rillaboom|66\/100|[from] Spikes\n|-fieldstart|move: Grassy Terrain|[from] ability: Grassy Surge|[of] p2a: Rillaboom\n|move|p1a: Quaquaval|Rapid Spin|p2a: Rillaboom\n|-damage|p2a: Rillaboom|54\/100\n|-boost|p1a: Quaquaval|spe|1\n|-sideend|p1: Derppudding404|Spikes|[from] move: Rapid Spin|[of] p1a: Quaquaval\n|\n|-weather|RainDance|[upkeep]\n|-heal|p1a: Quaquaval|88\/100 tox|[from] Grassy Terrain\n|-heal|p2a: Rillaboom|60\/100|[from] Grassy Terrain\n|-damage|p1a: Quaquaval|76\/100 tox|[from] psn\n|upkeep\n|turn|9\n|\n|t:|1700772770\n|switch|p1a: Sinistcha|Sinistcha|100\/100\n|move|p2a: Rillaboom|Grassy Glide|p1a: Sinistcha\n|-resisted|p1a: Sinistcha\n|-damage|p1a: Sinistcha|90\/100\n|\n|-weather|none\n|-heal|p2a: Rillaboom|67\/100|[from] Grassy Terrain\n|-heal|p1a: Sinistcha|96\/100|[from] Grassy Terrain\n|-heal|p1a: Sinistcha|100\/100|[from] item: Leftovers\n|upkeep\n|turn|10\n|\n|t:|1700772775\n|move|p2a: Rillaboom|U-turn|p1a: Sinistcha\n|-damage|p1a: Sinistcha|87\/100\n|\n|t:|1700772783\n|switch|p2a: Clodsire|Clodsire, M|58\/100|[from] U-turn\n|-damage|p2a: Clodsire|46\/100|[from] Spikes\n|move|p1a: Sinistcha|Scald|p2a: Clodsire\n|-supereffective|p2a: Clodsire\n|-damage|p2a: Clodsire|21\/100\n|\n|-heal|p1a: Sinistcha|93\/100|[from] Grassy Terrain\n|-heal|p1a: Sinistcha|99\/100|[from] item: Leftovers\n|-heal|p2a: Clodsire|28\/100|[from] Grassy Terrain\n|-heal|p2a: Clodsire|34\/100|[from] item: Leftovers\n|upkeep\n|turn|11\n|\n|t:|1700772797\n|switch|p1a: Kingambit|Kingambit, M|100\/100\n|move|p2a: Clodsire|Recover|p2a: Clodsire\n|-heal|p2a: Clodsire|84\/100\n|\n|-heal|p2a: Clodsire|90\/100|[from] Grassy Terrain\n|-heal|p2a: Clodsire|96\/100|[from] item: Leftovers\n|upkeep\n|turn|12\n|\n|t:|1700772803\n|move|p1a: Kingambit|Substitute|p1a: Kingambit\n|-start|p1a: Kingambit|Substitute\n|-damage|p1a: Kingambit|75\/100\n|move|p2a: Clodsire|High Horsepower|p1a: Kingambit\n|-supereffective|p1a: Kingambit\n|-end|p1a: Kingambit|Substitute\n|\n|-heal|p1a: Kingambit|82\/100|[from] Grassy Terrain\n|-heal|p1a: Kingambit|88\/100|[from] item: Leftovers\n|-heal|p2a: Clodsire|100\/100|[from] Grassy Terrain\n|-fieldend|move: Grassy Terrain\n|upkeep\n|turn|13\n|c|\u2606Derppudding404|I see\n|c|\u2606Derppudding404|didn't know it learnt that\n|\n|t:|1700772815\n|-end|p1a: Kingambit|fallenundefined|[silent]\n|switch|p1a: Meowscarada|Meowscarada, M|23\/100\n|move|p2a: Clodsire|High Horsepower|p1a: Meowscarada\n|-resisted|p1a: Meowscarada\n|-damage|p1a: Meowscarada|4\/100\n|\n|upkeep\n|turn|14\n|c|\u26063WishAndLandoT|I mean it gets earthquake\n|\n|t:|1700772832\n|switch|p2a: Rillaboom|Rillaboom, F|67\/100\n|-damage|p2a: Rillaboom|54\/100|[from] Spikes\n|-fieldstart|move: Grassy Terrain|[from] ability: Grassy Surge|[of] p2a: Rillaboom\n|move|p1a: Meowscarada|Spikes|p2a: Rillaboom\n|-start|p1a: Meowscarada|typechange|Ground|[from] ability: Protean\n|-sidestart|p2: 3WishAndLandoT|Spikes\n|\n|-heal|p1a: Meowscarada|10\/100|[from] Grassy Terrain\n|-heal|p2a: Rillaboom|60\/100|[from] Grassy Terrain\n|upkeep\n|turn|15\n|\n|t:|1700772838\n|move|p1a: Meowscarada|Spikes|p2a: Rillaboom\n|-sidestart|p2: 3WishAndLandoT|Spikes\n|move|p2a: Rillaboom|U-turn|p1a: Meowscarada\n|-damage|p1a: Meowscarada|0 fnt\n|faint|p1a: Meowscarada\n|\n|t:|1700772846\n|switch|p2a: Pelipper|Pelipper, M|69\/100|[from] U-turn\n|-weather|RainDance|[from] ability: Drizzle|[of] p2a: Pelipper\n|\n|-weather|RainDance|[upkeep]\n|upkeep\n|\n|t:|1700772865\n|switch|p1a: Sinistcha|Sinistcha|99\/100\n|turn|16\n|\n|t:|1700772869\n|move|p1a: Sinistcha|Matcha Gotcha|p2a: Pelipper\n|-damage|p2a: Pelipper|5\/100\n|-heal|p1a: Sinistcha|100\/100|[from] drain|[of] p2a: Pelipper\n|move|p2a: Pelipper|U-turn|p1a: Sinistcha\n|-damage|p1a: Sinistcha|94\/100\n|\n|t:|1700772879\n|switch|p2a: Cinderace|Cinderace, M|100\/100|[from] U-turn\n|-damage|p2a: Cinderace|76\/100|[from] Spikes\n|\n|-weather|RainDance|[upkeep]\n|-heal|p2a: Cinderace|82\/100|[from] Grassy Terrain\n|-heal|p1a: Sinistcha|99\/100|[from] Grassy Terrain\n|-heal|p1a: Sinistcha|100\/100|[from] item: Leftovers\n|upkeep\n|turn|17\n|\n|t:|1700772902\n|move|p2a: Cinderace|Court Change|p2a: Cinderace\n|-start|p2a: Cinderace|typechange|Normal|[from] ability: Libero\n|-swapsideconditions\n|-activate|p2a: Cinderace|move: Court Change\n|move|p1a: Sinistcha|Scald|p2a: Cinderace\n|-crit|p2a: Cinderace\n|-damage|p2a: Cinderace|11\/100\n|\n|-weather|RainDance|[upkeep]\n|-heal|p2a: Cinderace|17\/100|[from] Grassy Terrain\n|upkeep\n|turn|18\n|inactive|Derppudding404 has 120 seconds left.\n|inactive|3WishAndLandoT has 120 seconds left.\n|\n|t:|1700772951\n|switch|p2a: Rillaboom|Rillaboom, F|60\/100\n|move|p1a: Sinistcha|Scald|p2a: Rillaboom\n|-resisted|p2a: Rillaboom\n|-damage|p2a: Rillaboom|41\/100\n|\n|-weather|RainDance|[upkeep]\n|-heal|p2a: Rillaboom|48\/100|[from] Grassy Terrain\n|-fieldend|move: Grassy Terrain\n|upkeep\n|turn|19\n|inactive|Derppudding404 has 120 seconds left.\n|\n|t:|1700772969\n|move|p2a: Rillaboom|U-turn|p1a: Sinistcha\n|-damage|p1a: Sinistcha|86\/100\n|\n|t:|1700772978\n|switch|p2a: Empoleon|Empoleon, M|100\/100|[from] U-turn\n|move|p1a: Sinistcha|Scald|p2a: Empoleon\n|-resisted|p2a: Empoleon\n|-damage|p2a: Empoleon|89\/100\n|\n|-weather|none\n|-heal|p1a: Sinistcha|92\/100|[from] item: Leftovers\n|-heal|p2a: Empoleon|95\/100|[from] item: Leftovers\n|upkeep\n|turn|20\n|\n|t:|1700772982\n|switch|p1a: Quaquaval|Quaquaval, M|76\/100 tox\n|-damage|p1a: Quaquaval|51\/100 tox|[from] Spikes\n|move|p2a: Empoleon|Ice Beam|p1a: Quaquaval\n|-resisted|p1a: Quaquaval\n|-damage|p1a: Quaquaval|38\/100 tox\n|\n|-heal|p2a: Empoleon|100\/100|[from] item: Leftovers\n|-damage|p1a: Quaquaval|32\/100 tox|[from] psn\n|upkeep\n|turn|21\n|inactive|3WishAndLandoT has 120 seconds left.\n|\n|t:|1700773008\n|switch|p2a: Cinderace|Cinderace, M|17\/100\n|move|p1a: Quaquaval|Rapid Spin|p2a: Cinderace\n|-damage|p2a: Cinderace|0 fnt\n|-boost|p1a: Quaquaval|spe|1\n|-sideend|p1: Derppudding404|Spikes|[from] move: Rapid Spin|[of] p1a: Quaquaval\n|faint|p2a: Cinderace\n|-ability|p1a: Quaquaval|Moxie|boost\n|-boost|p1a: Quaquaval|atk|1\n|\n|-damage|p1a: Quaquaval|19\/100 tox|[from] psn\n|upkeep\n|\n|t:|1700773011\n|switch|p2a: Rillaboom|Rillaboom, F|48\/100\n|-fieldstart|move: Grassy Terrain|[from] ability: Grassy Surge|[of] p2a: Rillaboom\n|turn|22\n|\n|t:|1700773014\n|move|p2a: Rillaboom|Grassy Glide|p1a: Quaquaval\n|-supereffective|p1a: Quaquaval\n|-damage|p1a: Quaquaval|0 fnt\n|faint|p1a: Quaquaval\n|\n|-heal|p2a: Rillaboom|54\/100|[from] Grassy Terrain\n|upkeep\n|\n|t:|1700773024\n|switch|p1a: Garchomp|Garchomp, M|100\/100\n|turn|23\n|\n|t:|1700773028\n|move|p1a: Garchomp|Swords Dance|p1a: Garchomp\n|-boost|p1a: Garchomp|atk|2\n|move|p2a: Rillaboom|U-turn|p1a: Garchomp\n|-damage|p1a: Garchomp|81\/100\n|-damage|p2a: Rillaboom|41\/100|[from] ability: Rough Skin|[of] p1a: Garchomp\n|\n|t:|1700773030\n|switch|p2a: Empoleon|Empoleon, M|100\/100|[from] U-turn\n|\n|-heal|p1a: Garchomp|87\/100|[from] Grassy Terrain\n|upkeep\n|turn|24\n|\n|t:|1700773038\n|-terastallize|p2a: Empoleon|Fighting\n|move|p1a: Garchomp|Earthquake|p2a: Empoleon\n|-damage|p2a: Empoleon|50\/100\n|move|p2a: Empoleon|Ice Beam|p1a: Garchomp\n|-supereffective|p1a: Garchomp\n|-damage|p1a: Garchomp|0 fnt\n|faint|p1a: Garchomp\n|\n|-heal|p2a: Empoleon|56\/100|[from] Grassy Terrain\n|-heal|p2a: Empoleon|63\/100|[from] item: Leftovers\n|upkeep\n|\n|t:|1700773048\n|switch|p1a: Sinistcha|Sinistcha|92\/100\n|turn|25\n|\n|t:|1700773052\n|move|p1a: Sinistcha|Matcha Gotcha|p2a: Empoleon\n|-damage|p2a: Empoleon|28\/100\n|-heal|p1a: Sinistcha|100\/100|[from] drain|[of] p2a: Empoleon\n|move|p2a: Empoleon|Ice Beam|p1a: Sinistcha\n|-supereffective|p1a: Sinistcha\n|-damage|p1a: Sinistcha|37\/100\n|\n|-heal|p1a: Sinistcha|43\/100|[from] Grassy Terrain\n|-heal|p1a: Sinistcha|49\/100|[from] item: Leftovers\n|-heal|p2a: Empoleon|34\/100|[from] Grassy Terrain\n|-heal|p2a: Empoleon|40\/100|[from] item: Leftovers\n|upkeep\n|turn|26\n|\n|t:|1700773065\n|move|p1a: Sinistcha|Matcha Gotcha|p2a: Empoleon\n|-damage|p2a: Empoleon|9\/100\n|-heal|p1a: Sinistcha|66\/100|[from] drain|[of] p2a: Empoleon\n|move|p2a: Empoleon|Roost|p2a: Empoleon\n|-heal|p2a: Empoleon|59\/100\n|\n|-heal|p1a: Sinistcha|72\/100|[from] Grassy Terrain\n|-heal|p1a: Sinistcha|78\/100|[from] item: Leftovers\n|-heal|p2a: Empoleon|66\/100|[from] Grassy Terrain\n|-heal|p2a: Empoleon|72\/100|[from] item: Leftovers\n|-fieldend|move: Grassy Terrain\n|upkeep\n|turn|27\n|\n|t:|1700773075\n|switch|p1a: Skeledirge|Skeledirge, M|100\/100\n|move|p2a: Empoleon|Ice Beam|p1a: Skeledirge\n|-resisted|p1a: Skeledirge\n|-damage|p1a: Skeledirge|90\/100\n|\n|-heal|p2a: Empoleon|78\/100|[from] item: Leftovers\n|upkeep\n|turn|28\n|\n|t:|1700773081\n|move|p1a: Skeledirge|Torch Song|p2a: Empoleon\n|-damage|p2a: Empoleon|54\/100\n|-boost|p1a: Skeledirge|spa|1\n|move|p2a: Empoleon|Surf|p1a: Skeledirge\n|-supereffective|p1a: Skeledirge\n|-damage|p1a: Skeledirge|31\/100\n|\n|-heal|p2a: Empoleon|60\/100|[from] item: Leftovers\n|upkeep\n|turn|29\n|\n|t:|1700773085\n|move|p1a: Skeledirge|Torch Song|p2a: Empoleon\n|-damage|p2a: Empoleon|27\/100\n|-boost|p1a: Skeledirge|spa|1\n|move|p2a: Empoleon|Surf|p1a: Skeledirge\n|-supereffective|p1a: Skeledirge\n|-damage|p1a: Skeledirge|0 fnt\n|faint|p1a: Skeledirge\n|\n|-heal|p2a: Empoleon|33\/100|[from] item: Leftovers\n|upkeep\n|\n|t:|1700773089\n|switch|p1a: Kingambit|Kingambit, M|88\/100\n|-activate|p1a: Kingambit|ability: Supreme Overlord\n|-start|p1a: Kingambit|fallen4|[silent]\n|turn|30\n|\n|t:|1700773092\n|move|p2a: Empoleon|Vacuum Wave|p1a: Kingambit\n|-supereffective|p1a: Kingambit\n|-crit|p1a: Kingambit\n|-damage|p1a: Kingambit|0 fnt\n|faint|p1a: Kingambit\n|-end|p1a: Kingambit|fallen4|[silent]\n|\n|-heal|p2a: Empoleon|39\/100|[from] item: Leftovers\n|upkeep\n|c|\u26063WishAndLandoT|Crit doesnt matter btw\n|\n|t:|1700773112\n|switch|p1a: Sinistcha|Sinistcha|78\/100\n|turn|31\n|c|\u2606Derppudding404|I know\n|\n|t:|1700773118\n|-terastallize|p1a: Sinistcha|Fairy\n|move|p1a: Sinistcha|Matcha Gotcha|p2a: Empoleon|[miss]\n|-miss|p1a: Sinistcha|p2a: Empoleon\n|move|p2a: Empoleon|Roost|p2a: Empoleon\n|-heal|p2a: Empoleon|89\/100\n|\n|-heal|p1a: Sinistcha|84\/100|[from] item: Leftovers\n|-heal|p2a: Empoleon|95\/100|[from] item: Leftovers\n|upkeep\n|turn|32\n|\n|t:|1700773123\n|move|p1a: Sinistcha|Matcha Gotcha|p2a: Empoleon|[miss]\n|-miss|p1a: Sinistcha|p2a: Empoleon\n|move|p2a: Empoleon|Surf|p1a: Sinistcha\n|-damage|p1a: Sinistcha|32\/100\n|\n|-heal|p1a: Sinistcha|38\/100|[from] item: Leftovers\n|-heal|p2a: Empoleon|100\/100|[from] item: Leftovers\n|upkeep\n|turn|33\n|\n|t:|1700773134\n|move|p1a: Sinistcha|Matcha Gotcha|p2a: Empoleon\n|-damage|p2a: Empoleon|75\/100\n|-heal|p1a: Sinistcha|52\/100|[from] drain|[of] p2a: Empoleon\n|-status|p2a: Empoleon|brn\n|move|p2a: Empoleon|Surf|p1a: Sinistcha\n|-damage|p1a: Sinistcha|6\/100\n|\n|-heal|p1a: Sinistcha|12\/100|[from] item: Leftovers\n|-heal|p2a: Empoleon|81\/100 brn|[from] item: Leftovers\n|-damage|p2a: Empoleon|75\/100 brn|[from] brn\n|upkeep\n|turn|34\n|\n|t:|1700773139\n|move|p1a: Sinistcha|Strength Sap|p2a: Empoleon\n|-unboost|p2a: Empoleon|atk|1\n|-ability|p2a: Empoleon|Competitive|boost\n|-boost|p2a: Empoleon|spa|2\n|-heal|p1a: Sinistcha|58\/100\n|move|p2a: Empoleon|Surf|p1a: Sinistcha\n|-damage|p1a: Sinistcha|0 fnt\n|faint|p1a: Sinistcha\n|\n|win|3WishAndLandoT\n|raw|Derppudding404's rating: 1201 &rarr; <strong>1182<\/strong><br \/>(-19 for losing)\n|raw|3WishAndLandoT's rating: 1292 &rarr; <strong>1311<\/strong><br \/>(+19 for winning)\n|c|\u2606Derppudding404|gg wp\n|l|\u2606Derppudding404\n|c|\u26063WishAndLandoT|gg\n","uploadtime":1700773152,"views":17,"p1id":"derppudding404","p2id":"3wishandlandot","formatid":"gen9ou","rating":1182,"private":0,"password":""}