{"id":"gen9ou-1988318105","p1":"Jeffffdd","p2":"h2dk212","format":"[Gen 9] OU","log":"|j|\u2606Jeffffdd\n|j|\u2606h2dk212\n|t:|1699707586\n|gametype|singles\n|player|p1|Jeffffdd|baker|1057\n|player|p2|h2dk212|punkgirl|1000\n|teamsize|p1|6\n|teamsize|p2|6\n|gen|9\n|tier|[Gen 9] OU\n|rated|\n|rule|Sleep Clause Mod: Limit one foe put to sleep\n|rule|Species Clause: Limit one of each Pok\u00e9mon\n|rule|OHKO Clause: OHKO moves are banned\n|rule|Evasion Items Clause: Evasion items are banned\n|rule|Evasion Moves Clause: Evasion moves are banned\n|rule|Endless Battle Clause: Forcing endless battles is banned\n|rule|HP Percentage Mod: HP is shown in percentages\n|clearpoke\n|poke|p1|Rillaboom, F|\n|poke|p1|Sneasler, F|\n|poke|p1|Zamazenta-*|\n|poke|p1|Hatterene, F|\n|poke|p1|Manaphy|\n|poke|p1|Ogerpon-Wellspring, F|\n|poke|p2|Lilligant, F|\n|poke|p2|Komala, M|\n|poke|p2|Meloetta|\n|poke|p2|Sylveon, M|\n|poke|p2|Altaria, F|\n|poke|p2|Oricorio-Pom-Pom, F|\n|teampreview\n|inactive|Battle timer is ON: inactive players will automatically lose when time's up. (requested by Jeffffdd)\n|\n|t:|1699707590\n|start\n|switch|p1a: Ogerpon|Ogerpon-Wellspring, F|100\/100\n|switch|p2a: Altaria|Altaria, F|100\/100\n|turn|1\n|inactive|h2dk212 has 120 seconds left.\n|\n|t:|1699707631\n|move|p1a: Ogerpon|Ivy Cudgel|p2a: Altaria\n|-resisted|p2a: Altaria\n|-damage|p2a: Altaria|60\/100\n|move|p2a: Altaria|Dragon Dance|p2a: Altaria\n|-boost|p2a: Altaria|atk|1\n|-boost|p2a: Altaria|spe|1\n|\n|upkeep\n|turn|2\n|\n|t:|1699707645\n|move|p2a: Altaria|Acrobatics|p1a: Ogerpon\n|-supereffective|p1a: Ogerpon\n|-damage|p1a: Ogerpon|10\/100\n|move|p1a: Ogerpon|Encore|p2a: Altaria\n|-start|p2a: Altaria|Encore\n|\n|upkeep\n|turn|3\n|inactive|h2dk212 has 120 seconds left.\n|\n|t:|1699707670\n|switch|p1a: Zamazenta|Zamazenta, shiny|100\/100\n|-ability|p1a: Zamazenta|Dauntless Shield|boost\n|-boost|p1a: Zamazenta|def|1\n|move|p2a: Altaria|Acrobatics|p1a: Zamazenta\n|-supereffective|p1a: Zamazenta\n|-damage|p1a: Zamazenta|67\/100\n|\n|-heal|p1a: Zamazenta|73\/100|[from] item: Leftovers\n|upkeep\n|turn|4\n|inactive|h2dk212 has 120 seconds left.\n|\n|t:|1699707689\n|move|p2a: Altaria|Acrobatics|p1a: Zamazenta\n|-supereffective|p1a: Zamazenta\n|-damage|p1a: Zamazenta|34\/100\n|move|p1a: Zamazenta|Stone Edge|p2a: Altaria\n|-supereffective|p2a: Altaria\n|-crit|p2a: Altaria\n|-damage|p2a: Altaria|0 fnt\n|faint|p2a: Altaria\n|\n|-heal|p1a: Zamazenta|40\/100|[from] item: Leftovers\n|upkeep\n|\n|t:|1699707702\n|switch|p2a: Komala|Komala, M|100\/100\n|-ability|p2a: Komala|Comatose\n|turn|5\n|\n|t:|1699707708\n|move|p2a: Komala|Sucker Punch|p1a: Zamazenta\n|-resisted|p1a: Zamazenta\n|-damage|p1a: Zamazenta|33\/100\n|move|p1a: Zamazenta|Body Press|p2a: Komala\n|-supereffective|p2a: Komala\n|-damage|p2a: Komala|0 fnt\n|faint|p2a: Komala\n|\n|-heal|p1a: Zamazenta|39\/100|[from] item: Leftovers\n|upkeep\n|\n|t:|1699707715\n|switch|p2a: Meloetta|Meloetta|100\/100\n|turn|6\n|\n|t:|1699707723\n|move|p1a: Zamazenta|Body Press|p2a: Meloetta\n|-damage|p2a: Meloetta|32\/100\n|move|p2a: Meloetta|Psychic|p1a: Zamazenta\n|-supereffective|p1a: Zamazenta\n|-crit|p1a: Zamazenta\n|-damage|p1a: Zamazenta|0 fnt\n|faint|p1a: Zamazenta\n|\n|upkeep\n|\n|t:|1699707729\n|switch|p1a: Ogerpon|Ogerpon-Wellspring, F|10\/100\n|turn|7\n|\n|t:|1699707736\n|move|p1a: Ogerpon|U-turn|p2a: Meloetta\n|-supereffective|p2a: Meloetta\n|-damage|p2a: Meloetta|0 fnt\n|faint|p2a: Meloetta\n|\n|t:|1699707752\n|switch|p1a: Iron Bands|Rillaboom, F|100\/100|[from] U-turn\n|-fieldstart|move: Grassy Terrain|[from] ability: Grassy Surge|[of] p1a: Iron Bands\n|\n|upkeep\n|\n|t:|1699707761\n|switch|p2a: Oricorio|Oricorio-Pom-Pom, F|100\/100\n|turn|8\n|\n|t:|1699707769\n|switch|p1a: Ogerpon|Ogerpon-Wellspring, F|10\/100\n|move|p2a: Oricorio|Hurricane|p1a: Ogerpon|[miss]\n|-miss|p2a: Oricorio|p1a: Ogerpon\n|\n|-heal|p1a: Ogerpon|16\/100|[from] Grassy Terrain\n|upkeep\n|turn|9\n|\n|t:|1699707786\n|move|p1a: Ogerpon|Ivy Cudgel|p2a: Oricorio\n|-damage|p2a: Oricorio|6\/100\n|move|p2a: Oricorio|Revelation Dance|p1a: Ogerpon\n|-damage|p1a: Ogerpon|0 fnt\n|faint|p1a: Ogerpon\n|-damage|p2a: Oricorio|0 fnt|[from] item: Life Orb\n|faint|p2a: Oricorio\n|\n|upkeep\n|\n|t:|1699707794\n|switch|p1a: Creepin'|Sneasler, F|100\/100\n|switch|p2a: Lilligant|Lilligant, F|100\/100\n|-enditem|p1a: Creepin'|Grassy Seed\n|-boost|p1a: Creepin'|def|1|[from] item: Grassy Seed\n|turn|10\n|\n|t:|1699707802\n|move|p1a: Creepin'|Dire Claw|p2a: Lilligant\n|-supereffective|p2a: Lilligant\n|-damage|p2a: Lilligant|0 fnt\n|faint|p2a: Lilligant\n|\n|upkeep\n|\n|t:|1699707806\n|switch|p2a: Sylveon|Sylveon, M|100\/100\n|turn|11\n|\n|t:|1699707812\n|move|p1a: Creepin'|Dire Claw|p2a: Sylveon\n|-supereffective|p2a: Sylveon\n|-damage|p2a: Sylveon|27\/100\n|-status|p2a: Sylveon|par\n|move|p2a: Sylveon|Moonblast|p1a: Creepin'\n|-damage|p1a: Creepin'|57\/100\n|\n|-heal|p1a: Creepin'|63\/100|[from] Grassy Terrain\n|-heal|p2a: Sylveon|33\/100 par|[from] Grassy Terrain\n|-fieldend|move: Grassy Terrain\n|upkeep\n|turn|12\n|\n|t:|1699707817\n|move|p1a: Creepin'|Dire Claw|p2a: Sylveon\n|-supereffective|p2a: Sylveon\n|-damage|p2a: Sylveon|0 fnt\n|faint|p2a: Sylveon\n|\n|win|Jeffffdd\n|raw|Jeffffdd's rating: 1057 &rarr; <strong>1083<\/strong><br \/>(+26 for winning)\n|raw|h2dk212's rating: 1000 &rarr; <strong>1000<\/strong><br \/>(+0 for losing)\n","uploadtime":1699707820,"views":18,"p1id":"jeffffdd","p2id":"h2dk212","formatid":"gen9ou","rating":1000,"private":0,"password":""}