{"id":"gen9ou-1994383071","p1":"bfred","p2":"georgiethefirst","format":"[Gen 9] OU","log":"|j|\u2606bfred\n|j|\u2606georgiethefirst\n|t:|1700437619\n|gametype|singles\n|player|p1|bfred|volkner|1499\n|player|p2|georgiethefirst|hiker-gen2|1590\n|teamsize|p1|6\n|teamsize|p2|6\n|gen|9\n|tier|[Gen 9] OU\n|rated|\n|rule|Sleep Clause Mod: Limit one foe put to sleep\n|rule|Species Clause: Limit one of each Pok\u00e9mon\n|rule|OHKO Clause: OHKO moves are banned\n|rule|Evasion Items Clause: Evasion items are banned\n|rule|Evasion Moves Clause: Evasion moves are banned\n|rule|Endless Battle Clause: Forcing endless battles is banned\n|rule|HP Percentage Mod: HP is shown in percentages\n|clearpoke\n|poke|p1|Ribombee, M|\n|poke|p1|Dragapult, F|\n|poke|p1|Arcanine-Hisui, M|\n|poke|p1|Iron Moth|\n|poke|p1|Ogerpon-Wellspring, F|\n|poke|p1|Gholdengo|\n|poke|p2|Meowscarada, F|\n|poke|p2|Dragonite, M|\n|poke|p2|Great Tusk|\n|poke|p2|Garganacl, M|\n|poke|p2|Dragapult, M|\n|poke|p2|Gholdengo|\n|teampreview\n|inactive|Battle timer is ON: inactive players will automatically lose when time's up. (requested by bfred)\n|\n|t:|1700437633\n|start\n|switch|p1a: Iron Moth|Iron Moth|100\/100\n|switch|p2a: Garganacl|Garganacl, M|100\/100\n|turn|1\n|\n|t:|1700437638\n|move|p1a: Iron Moth|U-turn|p2a: Garganacl\n|-damage|p2a: Garganacl|94\/100\n|\n|t:|1700437656\n|-end|p1a: Iron Moth|Quark Drive|[silent]\n|switch|p1a: Dragapult|Dragapult, F|100\/100|[from] U-turn\n|move|p2a: Garganacl|Salt Cure|p1a: Dragapult\n|-damage|p1a: Dragapult|80\/100\n|-start|p1a: Dragapult|Salt Cure\n|\n|-heal|p2a: Garganacl|99\/100|[from] item: Leftovers\n|-damage|p1a: Dragapult|67\/100|[from] Salt Cure\n|upkeep\n|turn|2\n|\n|t:|1700437663\n|move|p1a: Dragapult|Draco Meteor|p2a: Garganacl\n|-crit|p2a: Garganacl\n|-damage|p2a: Garganacl|13\/100\n|-unboost|p1a: Dragapult|spa|2\n|move|p2a: Garganacl|Recover|p2a: Garganacl\n|-heal|p2a: Garganacl|63\/100\n|\n|-heal|p2a: Garganacl|70\/100|[from] item: Leftovers\n|-damage|p1a: Dragapult|55\/100|[from] Salt Cure\n|upkeep\n|turn|3\n|\n|t:|1700437668\n|switch|p1a: Ogerpon|Ogerpon-Wellspring, F|100\/100\n|move|p2a: Garganacl|Salt Cure|p1a: Ogerpon\n|-damage|p1a: Ogerpon|83\/100\n|-start|p1a: Ogerpon|Salt Cure\n|\n|-heal|p2a: Garganacl|76\/100|[from] item: Leftovers\n|-damage|p1a: Ogerpon|58\/100|[from] Salt Cure\n|upkeep\n|turn|4\n|\n|t:|1700437674\n|switch|p2a: Literally me|Dragonite, M|100\/100\n|move|p1a: Ogerpon|Power Whip|p2a: Literally me\n|-resisted|p2a: Literally me\n|-damage|p2a: Literally me|92\/100\n|\n|-damage|p1a: Ogerpon|33\/100|[from] Salt Cure\n|upkeep\n|turn|5\n|\n|t:|1700437678\n|switch|p1a: Arcanine|Arcanine-Hisui, M|100\/100\n|move|p2a: Literally me|Dragon Dance|p2a: Literally me\n|-boost|p2a: Literally me|atk|1\n|-boost|p2a: Literally me|spe|1\n|\n|upkeep\n|turn|6\n|\n|t:|1700437683\n|switch|p1a: Gholdengo|Gholdengo|100\/100\n|-item|p1a: Gholdengo|Air Balloon\n|move|p2a: Literally me|Earthquake|p1a: Gholdengo\n|-immune|p1a: Gholdengo\n|\n|upkeep\n|turn|7\n|\n|t:|1700437691\n|move|p2a: Literally me|Roost|p2a: Literally me\n|-heal|p2a: Literally me|100\/100\n|-singleturn|p2a: Literally me|move: Roost\n|move|p1a: Gholdengo|Thunder Wave|p2a: Literally me\n|-status|p2a: Literally me|par\n|\n|upkeep\n|turn|8\n|\n|t:|1700437694\n|switch|p2a: Meowscarada|Meowscarada, F|100\/100\n|move|p1a: Gholdengo|Hex|p2a: Meowscarada\n|-resisted|p2a: Meowscarada\n|-damage|p2a: Meowscarada|77\/100\n|\n|upkeep\n|turn|9\n|\n|t:|1700437700\n|switch|p1a: Ogerpon|Ogerpon-Wellspring, F|33\/100\n|move|p2a: Meowscarada|Knock Off|p1a: Ogerpon\n|-damage|p1a: Ogerpon|0 fnt\n|faint|p1a: Ogerpon\n|\n|upkeep\n|\n|t:|1700437702\n|switch|p1a: Ribombee|Ribombee, M|100\/100\n|turn|10\n|\n|t:|1700437706\n|switch|p2a: Garganacl|Garganacl, M|76\/100\n|move|p1a: Ribombee|Sticky Web|p2a: Garganacl\n|-sidestart|p2: georgiethefirst|move: Sticky Web\n|\n|-heal|p2a: Garganacl|82\/100|[from] item: Leftovers\n|upkeep\n|turn|11\n|\n|t:|1700437710\n|move|p1a: Ribombee|Switcheroo|p2a: Garganacl\n|-activate|p1a: Ribombee|move: Trick|[of] p2a: Garganacl\n|-item|p2a: Garganacl|Focus Sash|[from] move: Switcheroo\n|-item|p1a: Ribombee|Leftovers|[from] move: Switcheroo\n|move|p2a: Garganacl|Salt Cure|p1a: Ribombee\n|-supereffective|p1a: Ribombee\n|-damage|p1a: Ribombee|49\/100\n|\n|-heal|p1a: Ribombee|55\/100|[from] item: Leftovers\n|upkeep\n|turn|12\n|\n|t:|1700437716\n|move|p1a: Ribombee|Moonblast|p2a: Garganacl\n|-damage|p2a: Garganacl|54\/100\n|move|p2a: Garganacl|Salt Cure|p1a: Ribombee\n|-supereffective|p1a: Ribombee\n|-damage|p1a: Ribombee|0 fnt\n|faint|p1a: Ribombee\n|\n|upkeep\n|\n|t:|1700437738\n|switch|p1a: Arcanine|Arcanine-Hisui, M|100\/100\n|turn|13\n|\n|t:|1700437745\n|switch|p2a: Great Tusk|Great Tusk|100\/100\n|-activate|p2a: Great Tusk|move: Sticky Web\n|-unboost|p2a: Great Tusk|spe|1\n|-enditem|p2a: Great Tusk|Booster Energy\n|-activate|p2a: Great Tusk|ability: Protosynthesis|[fromitem]\n|-start|p2a: Great Tusk|protosynthesisatk\n|move|p1a: Arcanine|Head Smash|p2a: Great Tusk|[miss]\n|-miss|p1a: Arcanine|p2a: Great Tusk\n|\n|upkeep\n|turn|14\n|\n|t:|1700437756\n|switch|p1a: Gholdengo|Gholdengo|100\/100\n|-item|p1a: Gholdengo|Air Balloon\n|move|p2a: Great Tusk|Ice Spinner|p1a: Gholdengo\n|-resisted|p1a: Gholdengo\n|-damage|p1a: Gholdengo|86\/100\n|-enditem|p1a: Gholdengo|Air Balloon\n|\n|upkeep\n|turn|15\n|\n|t:|1700437763\n|move|p1a: Gholdengo|Make It Rain|p2a: Great Tusk\n|-damage|p2a: Great Tusk|32\/100\n|-unboost|p1a: Gholdengo|spa|1\n|move|p2a: Great Tusk|Earthquake|p1a: Gholdengo\n|-supereffective|p1a: Gholdengo\n|-damage|p1a: Gholdengo|0 fnt\n|faint|p1a: Gholdengo\n|\n|upkeep\n|\n|t:|1700437771\n|switch|p1a: Arcanine|Arcanine-Hisui, M|100\/100\n|turn|16\n|\n|t:|1700437781\n|-end|p2a: Great Tusk|Protosynthesis|[silent]\n|switch|p2a: Literally me|Dragonite, M|100\/100 par\n|move|p1a: Arcanine|Flare Blitz|p2a: Literally me\n|-resisted|p2a: Literally me\n|-damage|p2a: Literally me|79\/100 par\n|\n|upkeep\n|turn|17\n|\n|t:|1700437786\n|switch|p1a: Dragapult|Dragapult, F|55\/100\n|move|p2a: Literally me|Earthquake|p1a: Dragapult\n|-damage|p1a: Dragapult|4\/100\n|\n|upkeep\n|turn|18\n|\n|t:|1700437814\n|switch|p2a: Great Tusk|Great Tusk|32\/100\n|-activate|p2a: Great Tusk|move: Sticky Web\n|-unboost|p2a: Great Tusk|spe|1\n|move|p1a: Dragapult|Draco Meteor|p2a: Great Tusk\n|-damage|p2a: Great Tusk|0 fnt\n|-unboost|p1a: Dragapult|spa|2\n|faint|p2a: Great Tusk\n|-end|p2a: Great Tusk|Protosynthesis|[silent]\n|\n|upkeep\n|\n|t:|1700437819\n|switch|p2a: Meowscarada|Meowscarada, F|77\/100\n|turn|19\n|\n|t:|1700437823\n|move|p1a: Dragapult|Draco Meteor|p2a: Meowscarada\n|-damage|p2a: Meowscarada|4\/100\n|-unboost|p1a: Dragapult|spa|2\n|move|p2a: Meowscarada|Knock Off|p1a: Dragapult\n|-supereffective|p1a: Dragapult\n|-damage|p1a: Dragapult|0 fnt\n|-enditem|p1a: Dragapult|Choice Specs|[from] move: Knock Off|[of] p2a: Meowscarada\n|faint|p1a: Dragapult\n|\n|upkeep\n|\n|t:|1700437830\n|switch|p1a: Iron Moth|Iron Moth|100\/100\n|turn|20\n|\n|t:|1700437835\n|move|p2a: Meowscarada|Knock Off|p1a: Iron Moth\n|-damage|p1a: Iron Moth|25\/100\n|-enditem|p1a: Iron Moth|Heavy-Duty Boots|[from] move: Knock Off|[of] p2a: Meowscarada\n|move|p1a: Iron Moth|Fiery Dance|p2a: Meowscarada\n|-supereffective|p2a: Meowscarada\n|-crit|p2a: Meowscarada\n|-damage|p2a: Meowscarada|0 fnt\n|-boost|p1a: Iron Moth|spa|1\n|faint|p2a: Meowscarada\n|\n|upkeep\n|\n|t:|1700437838\n|switch|p2a: Dragapult|Dragapult, M|100\/100\n|turn|21\n|\n|t:|1700437847\n|-terastallize|p1a: Iron Moth|Fairy\n|move|p2a: Dragapult|Dragon Darts|p1a: Iron Moth\n|-immune|p1a: Iron Moth\n|move|p1a: Iron Moth|Fiery Dance|p2a: Dragapult\n|-resisted|p2a: Dragapult\n|-damage|p2a: Dragapult|49\/100\n|\n|upkeep\n|turn|22\n|\n|t:|1700437851\n|move|p2a: Dragapult|Hex|p1a: Iron Moth\n|-damage|p1a: Iron Moth|0 fnt\n|faint|p1a: Iron Moth\n|-end|p1a: Iron Moth|Quark Drive|[silent]\n|\n|upkeep\n|\n|t:|1700437854\n|switch|p1a: Arcanine|Arcanine-Hisui, M|100\/100\n|turn|23\n|\n|t:|1700437856\n|move|p2a: Dragapult|Dragon Darts|p1a: Arcanine\n|-damage|p1a: Arcanine|77\/100\n|-anim|p2a: Dragapult|Dragon Darts|p1a: Arcanine\n|-damage|p1a: Arcanine|49\/100\n|move|p1a: Arcanine|Head Smash|p2a: Dragapult\n|-damage|p2a: Dragapult|0 fnt\n|faint|p2a: Dragapult\n|\n|upkeep\n|\n|t:|1700437861\n|switch|p2a: Gholdengo|Gholdengo|100\/100\n|-item|p2a: Gholdengo|Air Balloon\n|turn|24\n|\n|t:|1700437865\n|move|p1a: Arcanine|Head Smash|p2a: Gholdengo|[miss]\n|-miss|p1a: Arcanine|p2a: Gholdengo\n|move|p2a: Gholdengo|Make It Rain|p1a: Arcanine\n|-damage|p1a: Arcanine|0 fnt\n|-unboost|p2a: Gholdengo|spa|1\n|faint|p1a: Arcanine\n|\n|win|georgiethefirst\n|raw|bfred's rating: 1499 &rarr; <strong>1484<\/strong><br \/>(-15 for losing)\n|raw|georgiethefirst's rating: 1590 &rarr; <strong>1605<\/strong><br \/>(+15 for winning)\n","uploadtime":1700437870,"views":15,"p1id":"bfred","p2id":"georgiethefirst","formatid":"gen9ou","rating":1484,"private":0,"password":""}