{"id":"gen9ou-1999949242","p1":"CrystalDragex","p2":"aWildTito","format":"[Gen 9] OU","log":"|j|\u2606CrystalDragex\n|j|\u2606aWildTito\n|t:|1701133532\n|gametype|singles\n|player|p1|CrystalDragex|1|\n|player|p2|aWildTito|benga|\n|teamsize|p1|4\n|teamsize|p2|4\n|gen|9\n|tier|[Gen 9] OU\n|rule|Sleep Clause Mod: Limit one foe put to sleep\n|rule|Species Clause: Limit one of each Pok\u00e9mon\n|rule|OHKO Clause: OHKO moves are banned\n|rule|Evasion Items Clause: Evasion items are banned\n|rule|Evasion Moves Clause: Evasion moves are banned\n|rule|Endless Battle Clause: Forcing endless battles is banned\n|rule|HP Percentage Mod: HP is shown in percentages\n|clearpoke\n|poke|p1|Iron Hands|\n|poke|p1|Lokix, M|\n|poke|p1|Hydreigon, M|\n|poke|p1|Weavile, M|\n|poke|p2|Chesnaught, M|\n|poke|p2|Snorlax, M|\n|poke|p2|Ursaluna, F|\n|poke|p2|Meowscarada, F|\n|teampreview\n|inactive|Battle timer is ON: inactive players will automatically lose when time's up. (requested by aWildTito)\n|c|\u2606aWildTito|Hi\n|c|\u2606aWildTito|Good luck\n|\n|t:|1701133551\n|start\n|switch|p1a: Lokix|Lokix, M, shiny|100\/100\n|switch|p2a: Meowscarada|Meowscarada, F|100\/100\n|turn|1\n|\n|t:|1701133561\n|move|p2a: Meowscarada|Protect|p2a: Meowscarada\n|-start|p2a: Meowscarada|typechange|Normal|[from] ability: Protean\n|-singleturn|p2a: Meowscarada|Protect\n|move|p1a: Lokix|First Impression|p2a: Meowscarada\n|-activate|p2a: Meowscarada|move: Protect\n|\n|upkeep\n|turn|2\n|\n|t:|1701133574\n|move|p2a: Meowscarada|Fling|p1a: Lokix\n|-resisted|p1a: Lokix\n|-damage|p1a: Lokix|73\/100\n|-enditem|p2a: Meowscarada|Big Nugget|[from] move: Fling\n|move|p1a: Lokix|U-turn|p2a: Meowscarada\n|-damage|p2a: Meowscarada|34\/100\n|-damage|p1a: Lokix|63\/100|[from] item: Life Orb\n|\n|t:|1701133589\n|switch|p1a: Weavile|Weavile, M|100\/100|[from] U-turn\n|\n|upkeep\n|turn|3\n|\n|t:|1701133595\n|move|p2a: Meowscarada|Protect|p2a: Meowscarada\n|-singleturn|p2a: Meowscarada|Protect\n|move|p1a: Weavile|Ice Shard|p2a: Meowscarada\n|-activate|p2a: Meowscarada|move: Protect\n|\n|upkeep\n|turn|4\n|\n|t:|1701133607\n|move|p1a: Weavile|Ice Shard|p2a: Meowscarada\n|-damage|p2a: Meowscarada|2\/100\n|move|p2a: Meowscarada|Sucker Punch||[still]\n|-fail|p2a: Meowscarada\n|\n|upkeep\n|turn|5\n|\n|t:|1701133614\n|switch|p2a: Snorlax|Snorlax, M|100\/100\n|move|p1a: Weavile|Swords Dance|p1a: Weavile\n|-boost|p1a: Weavile|atk|2\n|\n|upkeep\n|turn|6\n|\n|t:|1701133625\n|move|p1a: Weavile|Knock Off|p2a: Snorlax\n|-damage|p2a: Snorlax|39\/100\n|-enditem|p2a: Snorlax|Sitrus Berry|[from] move: Knock Off|[of] p1a: Weavile\n|move|p2a: Snorlax|Curse|p2a: Snorlax\n|-unboost|p2a: Snorlax|spe|1\n|-boost|p2a: Snorlax|atk|1\n|-boost|p2a: Snorlax|def|1\n|\n|upkeep\n|turn|7\n|\n|t:|1701133634\n|move|p1a: Weavile|Knock Off|p2a: Snorlax\n|-damage|p2a: Snorlax|11\/100\n|move|p2a: Snorlax|Rest|p2a: Snorlax\n|-status|p2a: Snorlax|slp|[from] move: Rest\n|-heal|p2a: Snorlax|100\/100 slp|[silent]\n|\n|upkeep\n|turn|8\n|\n|t:|1701133655\n|move|p1a: Weavile|Swords Dance|p1a: Weavile\n|-boost|p1a: Weavile|atk|2\n|cant|p2a: Snorlax|slp\n|move|p2a: Snorlax|Sleep Talk|p2a: Snorlax\n|move|p2a: Snorlax|Rest||[from]move: Sleep Talk|[still]\n|-fail|p2a: Snorlax\n|\n|upkeep\n|turn|9\n|\n|t:|1701133665\n|move|p1a: Weavile|Ice Spinner|p2a: Snorlax\n|-damage|p2a: Snorlax|73\/100 slp\n|cant|p2a: Snorlax|slp\n|move|p2a: Snorlax|Sleep Talk|p2a: Snorlax\n|move|p2a: Snorlax|Rest||[from]move: Sleep Talk|[still]\n|-fail|p2a: Snorlax\n|\n|upkeep\n|turn|10\n|\n|t:|1701133686\n|switch|p1a: Iron Hands|Iron Hands, shiny|100\/100\n|-curestatus|p2a: Snorlax|slp|[msg]\n|move|p2a: Snorlax|Curse|p2a: Snorlax\n|-unboost|p2a: Snorlax|spe|1\n|-boost|p2a: Snorlax|atk|1\n|-boost|p2a: Snorlax|def|1\n|\n|upkeep\n|turn|11\n|\n|t:|1701133702\n|move|p1a: Iron Hands|Drain Punch|p2a: Snorlax\n|-supereffective|p2a: Snorlax\n|-damage|p2a: Snorlax|38\/100\n|move|p2a: Snorlax|Rest|p2a: Snorlax\n|-status|p2a: Snorlax|slp|[from] move: Rest\n|-heal|p2a: Snorlax|100\/100 slp|[silent]\n|\n|upkeep\n|turn|12\n|\n|t:|1701133723\n|-end|p1a: Iron Hands|Quark Drive|[silent]\n|switch|p1a: Hydreigon|Hydreigon, M, shiny|100\/100\n|cant|p2a: Snorlax|slp\n|move|p2a: Snorlax|Sleep Talk|p2a: Snorlax\n|move|p2a: Snorlax|Curse|p2a: Snorlax|[from]move: Sleep Talk\n|-unboost|p2a: Snorlax|spe|1\n|-boost|p2a: Snorlax|atk|1\n|-boost|p2a: Snorlax|def|1\n|\n|upkeep\n|turn|13\n|inactive|CrystalDragex has 270 seconds left.\n|\n|t:|1701133740\n|-terastallize|p1a: Hydreigon|Dark\n|move|p1a: Hydreigon|Dark Pulse|p2a: Snorlax\n|-damage|p2a: Snorlax|55\/100 slp\n|cant|p2a: Snorlax|slp\n|move|p2a: Snorlax|Sleep Talk|p2a: Snorlax\n|move|p2a: Snorlax|Rest||[from]move: Sleep Talk|[still]\n|-fail|p2a: Snorlax\n|\n|upkeep\n|turn|14\n|\n|t:|1701133751\n|move|p1a: Hydreigon|Dark Pulse|p2a: Snorlax\n|-damage|p2a: Snorlax|14\/100 slp\n|-curestatus|p2a: Snorlax|slp|[msg]\n|move|p2a: Snorlax|Rest|p2a: Snorlax\n|-status|p2a: Snorlax|slp|[from] move: Rest\n|-heal|p2a: Snorlax|100\/100 slp|[silent]\n|\n|upkeep\n|turn|15\n|\n|t:|1701133760\n|move|p1a: Hydreigon|Dark Pulse|p2a: Snorlax\n|-damage|p2a: Snorlax|57\/100 slp\n|cant|p2a: Snorlax|slp\n|cant|p2a: Snorlax|flinch\n|\n|upkeep\n|turn|16\n|\n|t:|1701133771\n|move|p1a: Hydreigon|Dark Pulse|p2a: Snorlax\n|-damage|p2a: Snorlax|14\/100 slp\n|cant|p2a: Snorlax|slp\n|move|p2a: Snorlax|Sleep Talk|p2a: Snorlax\n|move|p2a: Snorlax|Rest||[from]move: Sleep Talk|[still]\n|-fail|p2a: Snorlax\n|\n|upkeep\n|turn|17\n|\n|t:|1701133783\n|move|p1a: Hydreigon|Dark Pulse|p2a: Snorlax\n|-damage|p2a: Snorlax|0 fnt\n|faint|p2a: Snorlax\n|\n|upkeep\n|c|\u2606aWildTito|Lol bad luck i have\n|\n|t:|1701133799\n|switch|p2a: Meowscarada|Meowscarada, F|2\/100\n|turn|18\n|\n|t:|1701133812\n|move|p2a: Meowscarada|Play Rough|p1a: Hydreigon\n|-start|p2a: Meowscarada|typechange|Fairy|[from] ability: Protean\n|-supereffective|p1a: Hydreigon\n|-damage|p1a: Hydreigon|0 fnt\n|faint|p1a: Hydreigon\n|\n|upkeep\n|\n|t:|1701133825\n|switch|p1a: Weavile|Weavile, M|100\/100\n|turn|19\n|\n|t:|1701133829\n|move|p1a: Weavile|Ice Shard|p2a: Meowscarada\n|-damage|p2a: Meowscarada|0 fnt\n|faint|p2a: Meowscarada\n|\n|upkeep\n|\n|t:|1701133834\n|switch|p2a: Ursaluna|Ursaluna, F|100\/100\n|turn|20\n|\n|t:|1701133850\n|move|p2a: Ursaluna|Protect|p2a: Ursaluna\n|-singleturn|p2a: Ursaluna|Protect\n|move|p1a: Weavile|Knock Off|p2a: Ursaluna\n|-activate|p2a: Ursaluna|move: Protect\n|\n|-status|p2a: Ursaluna|brn|[from] item: Flame Orb\n|upkeep\n|turn|21\n|inactive|CrystalDragex has 270 seconds left.\n|\n|t:|1701133876\n|switch|p1a: Iron Hands|Iron Hands, shiny|100\/100\n|move|p2a: Ursaluna|Facade|p1a: Iron Hands\n|-damage|p1a: Iron Hands|15\/100\n|\n|-damage|p2a: Ursaluna|94\/100 brn|[from] brn\n|upkeep\n|turn|22\n|inactive|CrystalDragex has 270 seconds left.\n|\n|t:|1701133890\n|-terastallize|p2a: Ursaluna|Grass\n|move|p2a: Ursaluna|Facade|p1a: Iron Hands\n|-damage|p1a: Iron Hands|0 fnt\n|faint|p1a: Iron Hands\n|-end|p1a: Iron Hands|Quark Drive|[silent]\n|\n|-damage|p2a: Ursaluna|88\/100 brn|[from] brn\n|upkeep\n|inactive|CrystalDragex has 270 seconds left.\n|\n|t:|1701133898\n|switch|p1a: Lokix|Lokix, M, shiny|63\/100\n|turn|23\n|\n|t:|1701133902\n|move|p2a: Ursaluna|Protect|p2a: Ursaluna\n|-singleturn|p2a: Ursaluna|Protect\n|move|p1a: Lokix|First Impression|p2a: Ursaluna\n|-activate|p2a: Ursaluna|move: Protect\n|\n|-damage|p2a: Ursaluna|82\/100 brn|[from] brn\n|upkeep\n|turn|24\n|\n|t:|1701133911\n|move|p1a: Lokix|U-turn|p2a: Ursaluna\n|-supereffective|p2a: Ursaluna\n|-damage|p2a: Ursaluna|24\/100 brn\n|-damage|p1a: Lokix|54\/100|[from] item: Life Orb\n|\n|t:|1701133916\n|switch|p1a: Weavile|Weavile, M|100\/100|[from] U-turn\n|move|p2a: Ursaluna|Facade|p1a: Weavile\n|-enditem|p1a: Weavile|Focus Sash\n|-damage|p1a: Weavile|1\/100\n|-enditem|p2a: Ursaluna|Flame Orb|[silent]|[from] ability: Pickpocket|[of] p2a: Ursaluna\n|-item|p1a: Weavile|Flame Orb|[from] ability: Pickpocket|[of] p2a: Ursaluna\n|\n|-damage|p2a: Ursaluna|18\/100 brn|[from] brn\n|-status|p1a: Weavile|brn|[from] item: Flame Orb\n|upkeep\n|turn|25\n|\n|t:|1701133943\n|switch|p1a: Lokix|Lokix, M, shiny|54\/100\n|move|p2a: Ursaluna|Protect||[still]\n|-fail|p2a: Ursaluna\n|\n|-damage|p2a: Ursaluna|12\/100 brn|[from] brn\n|upkeep\n|turn|26\n|\n|t:|1701133952\n|move|p2a: Ursaluna|Protect|p2a: Ursaluna\n|-singleturn|p2a: Ursaluna|Protect\n|move|p1a: Lokix|U-turn|p2a: Ursaluna\n|-activate|p2a: Ursaluna|move: Protect\n|\n|-damage|p2a: Ursaluna|6\/100 brn|[from] brn\n|upkeep\n|turn|27\n|\n|t:|1701133960\n|move|p1a: Lokix|U-turn|p2a: Ursaluna\n|-supereffective|p2a: Ursaluna\n|-damage|p2a: Ursaluna|0 fnt\n|faint|p2a: Ursaluna\n|-damage|p1a: Lokix|44\/100|[from] item: Life Orb\n|\n|t:|1701133965\n|switch|p1a: Weavile|Weavile, M|1\/100 brn|[from] U-turn\n|\n|-damage|p1a: Weavile|0 fnt|[from] brn\n|faint|p1a: Weavile\n|upkeep\n|\n|t:|1701133972\n|switch|p1a: Lokix|Lokix, M, shiny|44\/100\n|switch|p2a: Chesnaught|Chesnaught, M|100\/100\n|turn|28\n|\n|t:|1701133987\n|move|p1a: Lokix|First Impression|p2a: Chesnaught\n|-damage|p2a: Chesnaught|73\/100\n|-damage|p1a: Lokix|34\/100|[from] item: Life Orb\n|move|p2a: Chesnaught|Close Combat|p1a: Lokix\n|-damage|p1a: Lokix|0 fnt\n|-unboost|p2a: Chesnaught|def|1\n|-unboost|p2a: Chesnaught|spd|1\n|faint|p1a: Lokix\n|\n|win|aWildTito\n|c|\u2606aWildTito|Gg\n|c|\u2606CrystalDragex|gg\n|l|\u2606aWildTito\n","uploadtime":1701134004,"views":30,"p1id":"crystaldragex","p2id":"awildtito","formatid":"gen9ou","rating":0,"private":0,"password":""}