{"id":"gen9ou-1992860502","p1":"Abner67","p2":"Payload13","format":"[Gen 9] OU","log":"|j|\u2606Abner67\n|j|\u2606Payload13\n|t:|1700241739\n|gametype|singles\n|player|p1|Abner67|169|1174\n|player|p2|Payload13|pokemonranger-gen4|1097\n|teamsize|p1|6\n|teamsize|p2|6\n|gen|9\n|tier|[Gen 9] OU\n|rated|\n|rule|Sleep Clause Mod: Limit one foe put to sleep\n|rule|Species Clause: Limit one of each Pok\u00e9mon\n|rule|OHKO Clause: OHKO moves are banned\n|rule|Evasion Items Clause: Evasion items are banned\n|rule|Evasion Moves Clause: Evasion moves are banned\n|rule|Endless Battle Clause: Forcing endless battles is banned\n|rule|HP Percentage Mod: HP is shown in percentages\n|clearpoke\n|poke|p1|Amoonguss, F|\n|poke|p1|Iron Hands|\n|poke|p1|Goodra, F|\n|poke|p1|Maushold|\n|poke|p1|Garchomp, F|\n|poke|p1|Mew|\n|poke|p2|Pincurchin, M|\n|poke|p2|Iron Valiant|\n|poke|p2|Iron Moth|\n|poke|p2|Iron Leaves|\n|poke|p2|Iron Treads|\n|poke|p2|Clefable, F|\n|teampreview\n|\n|t:|1700241753\n|start\n|switch|p1a: Garchomp|Garchomp, F|100\/100\n|switch|p2a: Pincurchin|Pincurchin, M|100\/100\n|-fieldstart|move: Electric Terrain|[from] ability: Electric Surge|[of] p2a: Pincurchin\n|turn|1\n|\n|t:|1700241757\n|switch|p2a: Clefable|Clefable, F|100\/100\n|move|p1a: Garchomp|Stealth Rock|p2a: Clefable\n|-sidestart|p2: Payload13|move: Stealth Rock\n|\n|upkeep\n|turn|2\n|\n|t:|1700241764\n|switch|p1a: Amoonguss|Amoonguss, F|100\/100\n|move|p2a: Clefable|Reflect|p2a: Clefable\n|-sidestart|p2: Payload13|Reflect\n|\n|upkeep\n|turn|3\n|\n|t:|1700241767\n|move|p2a: Clefable|Light Screen|p2a: Clefable\n|-sidestart|p2: Payload13|move: Light Screen\n|move|p1a: Amoonguss|Spore|p2a: Clefable\n|-activate|p2a: Clefable|move: Electric Terrain\n|\n|upkeep\n|turn|4\n|\n|t:|1700241778\n|switch|p2a: Iron Treads|Iron Treads|100\/100\n|-damage|p2a: Iron Treads|97\/100|[from] Stealth Rock\n|-activate|p2a: Iron Treads|ability: Quark Drive\n|-start|p2a: Iron Treads|quarkdriveatk\n|move|p1a: Amoonguss|Sludge Bomb|p2a: Iron Treads\n|-immune|p2a: Iron Treads\n|\n|upkeep\n|turn|5\n|\n|t:|1700241799\n|switch|p1a: Garchomp|Garchomp, F|100\/100\n|move|p2a: Iron Treads|Rapid Spin|p1a: Garchomp\n|-damage|p1a: Garchomp|66\/100\n|-boost|p2a: Iron Treads|spe|1\n|-damage|p2a: Iron Treads|85\/100|[from] ability: Rough Skin|[of] p1a: Garchomp\n|-damage|p2a: Iron Treads|68\/100|[from] item: Rocky Helmet|[of] p1a: Garchomp\n|-sideend|p2: Payload13|Stealth Rock|[from] move: Rapid Spin|[of] p2a: Iron Treads\n|\n|upkeep\n|turn|6\n|\n|t:|1700241808\n|-end|p2a: Iron Treads|Quark Drive|[silent]\n|switch|p2a: Clefable|Clefable, F|100\/100\n|move|p1a: Garchomp|Earthquake|p2a: Clefable\n|-damage|p2a: Clefable|74\/100\n|\n|upkeep\n|turn|7\n|\n|t:|1700241814\n|move|p1a: Garchomp|Stealth Rock|p2a: Clefable\n|-sidestart|p2: Payload13|move: Stealth Rock\n|move|p2a: Clefable|Draining Kiss|p1a: Garchomp\n|-supereffective|p1a: Garchomp\n|-damage|p1a: Garchomp|31\/100\n|-heal|p2a: Clefable|98\/100|[from] drain|[of] p1a: Garchomp\n|-activate|p1a: Garchomp|ability: Rough Skin\n|\n|upkeep\n|turn|8\n|\n|t:|1700241821\n|switch|p1a: Maushold|Maushold|100\/100\n|move|p2a: Clefable|Draining Kiss|p1a: Maushold\n|-damage|p1a: Maushold|79\/100\n|-heal|p2a: Clefable|100\/100|[from] drain|[of] p1a: Maushold\n|\n|-fieldend|move: Electric Terrain\n|upkeep\n|turn|9\n|\n|t:|1700241832\n|switch|p2a: Iron Leaves|Iron Leaves|100\/100\n|-damage|p2a: Iron Leaves|88\/100|[from] Stealth Rock\n|move|p1a: Maushold|Tidy Up|p1a: Maushold\n|-sideend|p2: Payload13|Stealth Rock\n|-activate|p1a: Maushold|move: Tidy Up\n|-boost|p1a: Maushold|atk|1\n|-boost|p1a: Maushold|spe|1\n|\n|-sideend|p2: Payload13|Reflect\n|upkeep\n|turn|10\n|\n|t:|1700241837\n|move|p1a: Maushold|Population Bomb|p2a: Iron Leaves\n|-damage|p2a: Iron Leaves|68\/100\n|-hitcount|p2a: Iron Leaves|1\n|move|p2a: Iron Leaves|Sacred Sword|p1a: Maushold\n|-supereffective|p1a: Maushold\n|-damage|p1a: Maushold|0 fnt\n|faint|p1a: Maushold\n|-damage|p2a: Iron Leaves|58\/100|[from] item: Life Orb\n|\n|-sideend|p2: Payload13|move: Light Screen\n|upkeep\n|\n|t:|1700241849\n|switch|p1a: Goodra|Goodra, F|100\/100\n|turn|11\n|\n|t:|1700241855\n|-end|p2a: Iron Leaves|Quark Drive|[silent]\n|switch|p2a: Pincurchin|Pincurchin, M|100\/100\n|-fieldstart|move: Electric Terrain|[from] ability: Electric Surge|[of] p2a: Pincurchin\n|move|p1a: Goodra|Ice Beam|p2a: Pincurchin\n|-crit|p2a: Pincurchin\n|-damage|p2a: Pincurchin|44\/100\n|\n|upkeep\n|turn|12\n|\n|t:|1700241859\n|switch|p2a: Clefable|Clefable, F|100\/100\n|move|p1a: Goodra|Ice Beam|p2a: Clefable\n|-damage|p2a: Clefable|78\/100\n|\n|upkeep\n|turn|13\n|\n|t:|1700241863\n|move|p1a: Goodra|Thunderbolt|p2a: Clefable\n|-damage|p2a: Clefable|52\/100\n|move|p2a: Clefable|Reflect|p2a: Clefable\n|-sidestart|p2: Payload13|Reflect\n|\n|upkeep\n|turn|14\n|\n|t:|1700241866\n|move|p1a: Goodra|Thunderbolt|p2a: Clefable\n|-damage|p2a: Clefable|24\/100\n|-status|p2a: Clefable|par\n|move|p2a: Clefable|Light Screen|p2a: Clefable\n|-sidestart|p2: Payload13|move: Light Screen\n|\n|upkeep\n|turn|15\n|\n|t:|1700241870\n|move|p1a: Goodra|Thunderbolt|p2a: Clefable\n|-damage|p2a: Clefable|10\/100 par\n|move|p2a: Clefable|Draining Kiss|p1a: Goodra\n|-supereffective|p1a: Goodra\n|-damage|p1a: Goodra|86\/100\n|-heal|p2a: Clefable|21\/100 par|[from] drain|[of] p1a: Goodra\n|\n|upkeep\n|turn|16\n|\n|t:|1700241884\n|switch|p1a: Mew|Mew|100\/100\n|move|p2a: Clefable|Draining Kiss|p1a: Mew\n|-damage|p1a: Mew|88\/100\n|-heal|p2a: Clefable|30\/100 par|[from] drain|[of] p1a: Mew\n|\n|-heal|p1a: Mew|95\/100|[from] item: Leftovers\n|upkeep\n|turn|17\n|\n|t:|1700241890\n|move|p1a: Mew|Calm Mind|p1a: Mew\n|-boost|p1a: Mew|spa|1\n|-boost|p1a: Mew|spd|1\n|cant|p2a: Clefable|par\n|\n|-heal|p1a: Mew|100\/100|[from] item: Leftovers\n|upkeep\n|turn|18\n|\n|t:|1700241897\n|move|p1a: Mew|Calm Mind|p1a: Mew\n|-boost|p1a: Mew|spa|1\n|-boost|p1a: Mew|spd|1\n|cant|p2a: Clefable|par\n|\n|-fieldend|move: Electric Terrain\n|upkeep\n|turn|19\n|\n|t:|1700241904\n|move|p1a: Mew|Iron Defense|p1a: Mew\n|-boost|p1a: Mew|def|2\n|move|p2a: Clefable|Healing Wish|p2a: Clefable\n|faint|p2a: Clefable\n|\n|upkeep\n|\n|t:|1700241909\n|switch|p2a: Iron Leaves|Iron Leaves|58\/100\n|-heal|p2a: Iron Leaves|100\/100|[from] move: Healing Wish\n|turn|20\n|\n|t:|1700241920\n|-terastallize|p2a: Iron Leaves|Dark\n|move|p2a: Iron Leaves|Night Slash|p1a: Mew\n|-supereffective|p1a: Mew\n|-damage|p1a: Mew|62\/100\n|-damage|p2a: Iron Leaves|91\/100|[from] item: Life Orb\n|move|p1a: Mew|Calm Mind|p1a: Mew\n|-boost|p1a: Mew|spa|1\n|-boost|p1a: Mew|spd|1\n|\n|-heal|p1a: Mew|68\/100|[from] item: Leftovers\n|-sideend|p2: Payload13|Reflect\n|upkeep\n|turn|21\n|\n|t:|1700241926\n|-terastallize|p1a: Mew|Fairy\n|move|p2a: Iron Leaves|Night Slash|p1a: Mew\n|-resisted|p1a: Mew\n|-damage|p1a: Mew|58\/100\n|-damage|p2a: Iron Leaves|81\/100|[from] item: Life Orb\n|move|p1a: Mew|Draining Kiss|p2a: Iron Leaves\n|-supereffective|p2a: Iron Leaves\n|-damage|p2a: Iron Leaves|33\/100\n|-heal|p1a: Mew|87\/100|[from] drain|[of] p2a: Iron Leaves\n|\n|-heal|p1a: Mew|93\/100|[from] item: Leftovers\n|-sideend|p2: Payload13|move: Light Screen\n|upkeep\n|turn|22\n|\n|t:|1700241931\n|-end|p2a: Iron Leaves|Quark Drive|[silent]\n|switch|p2a: Pincurchin|Pincurchin, M|44\/100\n|-fieldstart|move: Electric Terrain|[from] ability: Electric Surge|[of] p2a: Pincurchin\n|move|p1a: Mew|Draining Kiss|p2a: Pincurchin\n|-damage|p2a: Pincurchin|0 fnt\n|-heal|p1a: Mew|100\/100|[from] drain|[of] p2a: Pincurchin\n|faint|p2a: Pincurchin\n|\n|upkeep\n|\n|t:|1700241934\n|switch|p2a: Iron Treads|Iron Treads|68\/100\n|-activate|p2a: Iron Treads|ability: Quark Drive\n|-start|p2a: Iron Treads|quarkdriveatk\n|turn|23\n|\n|t:|1700241939\n|move|p1a: Mew|Stored Power|p2a: Iron Treads\n|-resisted|p2a: Iron Treads\n|-damage|p2a: Iron Treads|0 fnt\n|faint|p2a: Iron Treads\n|-end|p2a: Iron Treads|Quark Drive|[silent]\n|\n|upkeep\n|\n|t:|1700241946\n|switch|p2a: Iron Moth|Iron Moth|100\/100\n|-activate|p2a: Iron Moth|ability: Quark Drive\n|-start|p2a: Iron Moth|quarkdrivespa\n|turn|24\n|\n|t:|1700241951\n|move|p2a: Iron Moth|Sludge Wave|p1a: Mew\n|-supereffective|p1a: Mew\n|-damage|p1a: Mew|57\/100\n|move|p1a: Mew|Stored Power|p2a: Iron Moth\n|-supereffective|p2a: Iron Moth\n|-damage|p2a: Iron Moth|0 fnt\n|faint|p2a: Iron Moth\n|-end|p2a: Iron Moth|Quark Drive|[silent]\n|\n|-heal|p1a: Mew|63\/100|[from] item: Leftovers\n|upkeep\n|\n|t:|1700241965\n|switch|p2a: Iron Valiant|Iron Valiant|100\/100\n|-activate|p2a: Iron Valiant|ability: Quark Drive\n|-start|p2a: Iron Valiant|quarkdrivespe\n|turn|25\n|\n|t:|1700241970\n|move|p2a: Iron Valiant|Spirit Break|p1a: Mew\n|-damage|p1a: Mew|47\/100\n|-unboost|p1a: Mew|spa|1\n|move|p1a: Mew|Draining Kiss|p2a: Iron Valiant\n|-supereffective|p2a: Iron Valiant\n|-damage|p2a: Iron Valiant|0 fnt\n|-heal|p1a: Mew|100\/100|[from] drain|[of] p2a: Iron Valiant\n|faint|p2a: Iron Valiant\n|-end|p2a: Iron Valiant|Quark Drive|[silent]\n|\n|upkeep\n|\n|t:|1700241976\n|switch|p2a: Iron Leaves|Iron Leaves, tera:Dark|33\/100\n|-activate|p2a: Iron Leaves|ability: Quark Drive\n|-start|p2a: Iron Leaves|quarkdriveatk\n|turn|26\n|\n|t:|1700241978\n|move|p2a: Iron Leaves|Sacred Sword|p1a: Mew\n|-resisted|p1a: Mew\n|-damage|p1a: Mew|79\/100\n|-damage|p2a: Iron Leaves|23\/100|[from] item: Life Orb\n|move|p1a: Mew|Draining Kiss|p2a: Iron Leaves\n|-supereffective|p2a: Iron Leaves\n|-damage|p2a: Iron Leaves|0 fnt\n|-heal|p1a: Mew|92\/100|[from] drain|[of] p2a: Iron Leaves\n|faint|p2a: Iron Leaves\n|-end|p2a: Iron Leaves|Quark Drive|[silent]\n|\n|win|Abner67\n|raw|Abner67's rating: 1174 &rarr; <strong>1194<\/strong><br \/>(+20 for winning)\n|raw|Payload13's rating: 1097 &rarr; <strong>1078<\/strong><br \/>(-19 for losing)\n","uploadtime":1700241981,"views":9,"p1id":"abner67","p2id":"payload13","formatid":"gen9ou","rating":1078,"private":0,"password":""}