{"id":"gen9ou-1996286871","p1":"Deriverse","p2":"presidentregigigas","format":"[Gen 9] OU","log":"|j|\u2606Deriverse\n|j|\u2606presidentregigigas\n|t:|1700667674\n|gametype|singles\n|player|p1|Deriverse|fantina|1393\n|player|p2|presidentregigigas|pokemaniac|1378\n|teamsize|p1|6\n|teamsize|p2|6\n|gen|9\n|tier|[Gen 9] OU\n|rated|\n|rule|Sleep Clause Mod: Limit one foe put to sleep\n|rule|Species Clause: Limit one of each Pok\u00e9mon\n|rule|OHKO Clause: OHKO moves are banned\n|rule|Evasion Items Clause: Evasion items are banned\n|rule|Evasion Moves Clause: Evasion moves are banned\n|rule|Endless Battle Clause: Forcing endless battles is banned\n|rule|HP Percentage Mod: HP is shown in percentages\n|clearpoke\n|poke|p1|Skeledirge, F|\n|poke|p1|Grimmsnarl, M|\n|poke|p1|Alomomola, F|\n|poke|p1|Great Tusk|\n|poke|p1|Sinistcha|\n|poke|p1|Kingambit, F|\n|poke|p2|Victreebel, F|\n|poke|p2|Torkoal, F|\n|poke|p2|Polteageist|\n|poke|p2|Dragonite, F|\n|poke|p2|Ceruledge, M|\n|poke|p2|Goodra-Hisui, M|\n|teampreview\n|inactive|Battle timer is ON: inactive players will automatically lose when time's up. (requested by presidentregigigas)\n|\n|t:|1700667696\n|start\n|switch|p1a: Grimmsnarl|Grimmsnarl, M|100\/100\n|switch|p2a: Crispy Turt|Torkoal, F|100\/100\n|-weather|SunnyDay|[from] ability: Drought|[of] p2a: Crispy Turt\n|turn|1\n|\n|t:|1700667711\n|move|p1a: Grimmsnarl|Light Screen|p1a: Grimmsnarl\n|-sidestart|p1: Deriverse|move: Light Screen\n|move|p2a: Crispy Turt|Stealth Rock|p1a: Grimmsnarl\n|-sidestart|p1: Deriverse|move: Stealth Rock\n|\n|-weather|SunnyDay|[upkeep]\n|upkeep\n|turn|2\n|\n|t:|1700667721\n|move|p1a: Grimmsnarl|Reflect|p1a: Grimmsnarl\n|-sidestart|p1: Deriverse|Reflect\n|move|p2a: Crispy Turt|Yawn|p1a: Grimmsnarl\n|-start|p1a: Grimmsnarl|move: Yawn|[of] p2a: Crispy Turt\n|\n|-weather|SunnyDay|[upkeep]\n|upkeep\n|turn|3\n|\n|t:|1700667728\n|switch|p2a: YO MAMA|Victreebel, F|100\/100\n|move|p1a: Grimmsnarl|Parting Shot|p2a: YO MAMA\n|-unboost|p2a: YO MAMA|atk|1\n|-unboost|p2a: YO MAMA|spa|1\n|\n|t:|1700667734\n|switch|p1a: Skeledirge|Skeledirge, F|100\/100|[from] Parting Shot\n|\n|-weather|SunnyDay|[upkeep]\n|upkeep\n|turn|4\n|\n|t:|1700667745\n|move|p2a: YO MAMA|Sleep Powder|p1a: Skeledirge\n|-status|p1a: Skeledirge|slp|[from] move: Sleep Powder\n|cant|p1a: Skeledirge|slp\n|\n|-weather|SunnyDay|[upkeep]\n|upkeep\n|turn|5\n|\n|t:|1700667751\n|switch|p2a: Shaggy|Dragonite, F|100\/100\n|-curestatus|p1a: Skeledirge|slp|[msg]\n|move|p1a: Skeledirge|Torch Song|p2a: Shaggy\n|-resisted|p2a: Shaggy\n|-damage|p2a: Shaggy|89\/100\n|-boost|p1a: Skeledirge|spa|1\n|\n|-weather|SunnyDay|[upkeep]\n|upkeep\n|turn|6\n|\n|t:|1700667780\n|move|p2a: Shaggy|Dragon Dance|p2a: Shaggy\n|-boost|p2a: Shaggy|atk|1\n|-boost|p2a: Shaggy|spe|1\n|move|p1a: Skeledirge|Will-O-Wisp|p2a: Shaggy\n|-status|p2a: Shaggy|brn\n|\n|-weather|SunnyDay|[upkeep]\n|-damage|p2a: Shaggy|83\/100 brn|[from] brn\n|upkeep\n|turn|7\n|\n|t:|1700667789\n|move|p2a: Shaggy|Dragon Dance|p2a: Shaggy\n|-boost|p2a: Shaggy|atk|1\n|-boost|p2a: Shaggy|spe|1\n|move|p1a: Skeledirge|Shadow Ball|p2a: Shaggy\n|-crit|p2a: Shaggy\n|-damage|p2a: Shaggy|13\/100 brn\n|-unboost|p2a: Shaggy|spd|1\n|\n|-weather|SunnyDay|[upkeep]\n|-damage|p2a: Shaggy|7\/100 brn|[from] brn\n|upkeep\n|turn|8\n|\n|t:|1700667799\n|move|p2a: Shaggy|Earthquake|p1a: Skeledirge\n|-supereffective|p1a: Skeledirge\n|-damage|p1a: Skeledirge|89\/100\n|move|p1a: Skeledirge|Shadow Ball|p2a: Shaggy\n|-damage|p2a: Shaggy|0 fnt\n|faint|p2a: Shaggy\n|\n|-weather|none\n|-sideend|p1: Deriverse|move: Light Screen\n|upkeep\n|inactive|presidentregigigas has 120 seconds left.\n|\n|t:|1700667820\n|switch|p2a: Crispy Turt|Torkoal, F|100\/100\n|-weather|SunnyDay|[from] ability: Drought|[of] p2a: Crispy Turt\n|turn|9\n|\n|t:|1700667825\n|switch|p2a: Escargot|Goodra-Hisui, M|100\/100\n|move|p1a: Skeledirge|Shadow Ball|p2a: Escargot\n|-damage|p2a: Escargot|71\/100\n|\n|-weather|SunnyDay|[upkeep]\n|-sideend|p1: Deriverse|Reflect\n|upkeep\n|turn|10\n|\n|t:|1700667835\n|switch|p1a: Grimmsnarl|Grimmsnarl, M|100\/100\n|-damage|p1a: Grimmsnarl|88\/100|[from] Stealth Rock\n|move|p2a: Escargot|Dragon Tail|p1a: Grimmsnarl\n|-immune|p1a: Grimmsnarl\n|\n|-weather|SunnyDay|[upkeep]\n|upkeep\n|turn|11\n|\n|t:|1700667844\n|move|p1a: Grimmsnarl|Light Screen|p1a: Grimmsnarl\n|-sidestart|p1: Deriverse|move: Light Screen\n|move|p2a: Escargot|Flash Cannon|p1a: Grimmsnarl\n|-supereffective|p1a: Grimmsnarl\n|-damage|p1a: Grimmsnarl|51\/100\n|\n|-weather|SunnyDay|[upkeep]\n|upkeep\n|turn|12\n|\n|t:|1700667851\n|-terastallize|p2a: Escargot|Steel\n|move|p1a: Grimmsnarl|Thunder Wave|p2a: Escargot\n|-status|p2a: Escargot|par\n|move|p2a: Escargot|Flash Cannon|p1a: Grimmsnarl\n|-supereffective|p1a: Grimmsnarl\n|-damage|p1a: Grimmsnarl|4\/100\n|\n|-weather|SunnyDay|[upkeep]\n|upkeep\n|turn|13\n|\n|t:|1700667859\n|move|p1a: Grimmsnarl|Parting Shot|p2a: Escargot\n|-unboost|p2a: Escargot|atk|1\n|-unboost|p2a: Escargot|spa|1\n|\n|t:|1700667862\n|switch|p1a: Great Tusk|Great Tusk|100\/100|[from] Parting Shot\n|-damage|p1a: Great Tusk|98\/100|[from] Stealth Rock\n|-activate|p1a: Great Tusk|ability: Protosynthesis\n|-start|p1a: Great Tusk|protosynthesisatk\n|move|p2a: Escargot|Flash Cannon|p1a: Great Tusk\n|-damage|p1a: Great Tusk|76\/100\n|\n|-weather|SunnyDay|[upkeep]\n|-heal|p1a: Great Tusk|82\/100|[from] item: Leftovers\n|upkeep\n|turn|14\n|c|\u2606presidentregigigas|so close\n|c|\u2606presidentregigigas|and yet so far\n|\n|t:|1700667874\n|move|p1a: Great Tusk|Stealth Rock|p2a: Escargot\n|-sidestart|p2: presidentregigigas|move: Stealth Rock\n|move|p2a: Escargot|Ice Beam|p1a: Great Tusk\n|-supereffective|p1a: Great Tusk\n|-damage|p1a: Great Tusk|49\/100\n|\n|-weather|SunnyDay|[upkeep]\n|-heal|p1a: Great Tusk|55\/100|[from] item: Leftovers\n|upkeep\n|turn|15\n|\n|t:|1700667883\n|move|p1a: Great Tusk|Rapid Spin|p2a: Escargot\n|-resisted|p2a: Escargot\n|-damage|p2a: Escargot|59\/100 par\n|-boost|p1a: Great Tusk|spe|1\n|-sideend|p1: Deriverse|Stealth Rock|[from] move: Rapid Spin|[of] p1a: Great Tusk\n|cant|p2a: Escargot|par\n|\n|-weather|SunnyDay|[upkeep]\n|-heal|p1a: Great Tusk|62\/100|[from] item: Leftovers\n|upkeep\n|turn|16\n|\n|t:|1700667893\n|switch|p2a: Crispy Turt|Torkoal, F|100\/100\n|-damage|p2a: Crispy Turt|76\/100|[from] Stealth Rock\n|move|p1a: Great Tusk|Headlong Rush|p2a: Crispy Turt\n|-supereffective|p2a: Crispy Turt\n|-damage|p2a: Crispy Turt|0 fnt\n|-unboost|p1a: Great Tusk|def|1\n|-unboost|p1a: Great Tusk|spd|1\n|faint|p2a: Crispy Turt\n|\n|-weather|none\n|-end|p1a: Great Tusk|Protosynthesis\n|-heal|p1a: Great Tusk|68\/100|[from] item: Leftovers\n|upkeep\n|\n|t:|1700667908\n|switch|p2a: YO MAMA|Victreebel, F|100\/100\n|-damage|p2a: YO MAMA|88\/100|[from] Stealth Rock\n|turn|17\n|\n|t:|1700667926\n|move|p1a: Great Tusk|Knock Off|p2a: YO MAMA\n|-damage|p2a: YO MAMA|23\/100\n|-enditem|p2a: YO MAMA|Leftovers|[from] move: Knock Off|[of] p1a: Great Tusk\n|move|p2a: YO MAMA|Solar Beam||[still]\n|-prepare|p2a: YO MAMA|Solar Beam\n|\n|-heal|p1a: Great Tusk|74\/100|[from] item: Leftovers\n|upkeep\n|turn|18\n|\n|t:|1700667934\n|move|p1a: Great Tusk|Headlong Rush|p2a: YO MAMA\n|-damage|p2a: YO MAMA|0 fnt\n|-unboost|p1a: Great Tusk|def|1\n|-unboost|p1a: Great Tusk|spd|1\n|faint|p2a: YO MAMA\n|\n|-heal|p1a: Great Tusk|80\/100|[from] item: Leftovers\n|-sideend|p1: Deriverse|move: Light Screen\n|upkeep\n|\n|t:|1700667944\n|switch|p2a: Mrs. Potts|Polteageist|100\/100\n|-damage|p2a: Mrs. Potts|88\/100|[from] Stealth Rock\n|turn|19\n|\n|t:|1700667951\n|move|p1a: Great Tusk|Headlong Rush|p2a: Mrs. Potts\n|-damage|p2a: Mrs. Potts|0 fnt\n|-unboost|p1a: Great Tusk|def|1\n|-unboost|p1a: Great Tusk|spd|1\n|-start|p1a: Great Tusk|Disable|Headlong Rush|[from] ability: Cursed Body|[of] p2a: Mrs. Potts\n|faint|p2a: Mrs. Potts\n|\n|-heal|p1a: Great Tusk|86\/100|[from] item: Leftovers\n|upkeep\n|\n|t:|1700667960\n|switch|p2a: Atkonartok|Ceruledge, M|100\/100\n|-damage|p2a: Atkonartok|76\/100|[from] Stealth Rock\n|turn|20\n|\n|t:|1700667967\n|move|p1a: Great Tusk|Knock Off|p2a: Atkonartok\n|-supereffective|p2a: Atkonartok\n|-damage|p2a: Atkonartok|0 fnt\n|-enditem|p2a: Atkonartok|Focus Sash|[from] move: Knock Off|[of] p1a: Great Tusk\n|faint|p2a: Atkonartok\n|\n|-heal|p1a: Great Tusk|93\/100|[from] item: Leftovers\n|upkeep\n|\n|t:|1700667974\n|switch|p2a: Escargot|Goodra-Hisui, M, tera:Steel|59\/100 par\n|-damage|p2a: Escargot|53\/100 par|[from] Stealth Rock\n|turn|21\n|\n|t:|1700667984\n|move|p1a: Great Tusk|Knock Off|p2a: Escargot\n|-damage|p2a: Escargot|18\/100 par\n|-enditem|p2a: Escargot|Expert Belt|[from] move: Knock Off|[of] p1a: Great Tusk\n|move|p2a: Escargot|Ice Beam|p1a: Great Tusk\n|-supereffective|p1a: Great Tusk\n|-damage|p1a: Great Tusk|0 fnt\n|faint|p1a: Great Tusk\n|-end|p1a: Great Tusk|Protosynthesis|[silent]\n|\n|upkeep\n|\n|t:|1700667993\n|switch|p1a: Kingambit|Kingambit, F|100\/100\n|-activate|p1a: Kingambit|ability: Supreme Overlord\n|-start|p1a: Kingambit|fallen1|[silent]\n|turn|22\n|\n|t:|1700668000\n|move|p1a: Kingambit|Kowtow Cleave|p2a: Escargot\n|-damage|p2a: Escargot|0 fnt\n|faint|p2a: Escargot\n|\n|win|Deriverse\n|raw|Deriverse's rating: 1393 &rarr; <strong>1412<\/strong><br \/>(+19 for winning)\n|raw|presidentregigigas's rating: 1378 &rarr; <strong>1359<\/strong><br \/>(-19 for losing)\n|l|\u2606presidentregigigas\n|l|\u2606Deriverse\n|j|\u2606Deriverse\n|player|p1|Deriverse|fantina\n","uploadtime":1700668286,"views":1,"p1id":"deriverse","p2id":"presidentregigigas","formatid":"gen9ou","rating":1359,"private":0,"password":""}