{"id":"gen9ou-1990991323","p1":"AubreyOmori1","p2":"swawsold","format":"[Gen 9] OU","log":"|j|\u2606AubreyOmori1\n|j|\u2606swawsold\n|t:|1700024390\n|gametype|singles\n|player|p1|AubreyOmori1|roxie|1326\n|player|p2|swawsold|hiker|1306\n|teamsize|p1|6\n|teamsize|p2|6\n|gen|9\n|tier|[Gen 9] OU\n|rated|\n|rule|Sleep Clause Mod: Limit one foe put to sleep\n|rule|Species Clause: Limit one of each Pok\u00e9mon\n|rule|OHKO Clause: OHKO moves are banned\n|rule|Evasion Items Clause: Evasion items are banned\n|rule|Evasion Moves Clause: Evasion moves are banned\n|rule|Endless Battle Clause: Forcing endless battles is banned\n|rule|HP Percentage Mod: HP is shown in percentages\n|clearpoke\n|poke|p1|Rillaboom, M|\n|poke|p1|Ogerpon-Wellspring, F|\n|poke|p1|Sneasler, F|\n|poke|p1|Manaphy|\n|poke|p1|Kingambit, M|\n|poke|p1|Heatran, M|\n|poke|p2|Kingambit, M|\n|poke|p2|Great Tusk|\n|poke|p2|Sneasler, F|\n|poke|p2|Rillaboom, M|\n|poke|p2|Milotic, M|\n|poke|p2|Ting-Lu|\n|teampreview\n|\n|t:|1700024407\n|start\n|switch|p1a: Donkey Kong|Rillaboom, M, shiny|100\/100\n|switch|p2a: Ting-Lu|Ting-Lu|100\/100\n|-fieldstart|move: Grassy Terrain|[from] ability: Grassy Surge|[of] p1a: Donkey Kong\n|-ability|p2a: Ting-Lu|Vessel of Ruin\n|turn|1\n|\n|t:|1700024413\n|switch|p2a: Rillaboom|Rillaboom, M|100\/100\n|move|p1a: Donkey Kong|Knock Off|p2a: Rillaboom\n|-damage|p2a: Rillaboom|48\/100\n|-enditem|p2a: Rillaboom|Assault Vest|[from] move: Knock Off|[of] p1a: Donkey Kong\n|\n|-heal|p2a: Rillaboom|54\/100|[from] Grassy Terrain\n|upkeep\n|turn|2\n|\n|t:|1700024419\n|move|p1a: Donkey Kong|Knock Off|p2a: Rillaboom\n|-damage|p2a: Rillaboom|19\/100\n|move|p2a: Rillaboom|U-turn|p1a: Donkey Kong\n|-supereffective|p1a: Donkey Kong\n|-damage|p1a: Donkey Kong|45\/100\n|\n|t:|1700024423\n|switch|p2a: Ting-Lu|Ting-Lu|100\/100|[from] U-turn\n|-ability|p2a: Ting-Lu|Vessel of Ruin\n|\n|-heal|p1a: Donkey Kong|52\/100|[from] Grassy Terrain\n|upkeep\n|turn|3\n|\n|t:|1700024433\n|move|p1a: Donkey Kong|Knock Off|p2a: Ting-Lu\n|-resisted|p2a: Ting-Lu\n|-damage|p2a: Ting-Lu|86\/100\n|-enditem|p2a: Ting-Lu|Leftovers|[from] move: Knock Off|[of] p1a: Donkey Kong\n|move|p2a: Ting-Lu|Whirlwind|p1a: Donkey Kong\n|drag|p1a: Firey|Heatran, M, shiny|100\/100\n|-item|p1a: Firey|Air Balloon\n|\n|-heal|p2a: Ting-Lu|93\/100|[from] Grassy Terrain\n|upkeep\n|turn|4\n|\n|t:|1700024443\n|switch|p1a: Manaphy|Manaphy|100\/100\n|move|p2a: Ting-Lu|Spikes|p1a: Manaphy\n|-sidestart|p1: AubreyOmori1|Spikes\n|\n|-heal|p2a: Ting-Lu|99\/100|[from] Grassy Terrain\n|upkeep\n|turn|5\n|\n|t:|1700024449\n|move|p1a: Manaphy|Surf|p2a: Ting-Lu\n|-supereffective|p2a: Ting-Lu\n|-damage|p2a: Ting-Lu|74\/100\n|move|p2a: Ting-Lu|Whirlwind|p1a: Manaphy\n|drag|p1a: Ashlyn|Sneasler, F, shiny|100\/100\n|-damage|p1a: Ashlyn|88\/100|[from] Spikes\n|-enditem|p1a: Ashlyn|Grassy Seed\n|-boost|p1a: Ashlyn|def|1|[from] item: Grassy Seed\n|\n|-heal|p1a: Ashlyn|94\/100|[from] Grassy Terrain\n|-heal|p2a: Ting-Lu|80\/100|[from] Grassy Terrain\n|-fieldend|move: Grassy Terrain\n|upkeep\n|turn|6\n|\n|t:|1700024460\n|-terastallize|p1a: Ashlyn|Dark\n|-terastallize|p2a: Ting-Lu|Poison\n|move|p1a: Ashlyn|Close Combat|p2a: Ting-Lu\n|-resisted|p2a: Ting-Lu\n|-damage|p2a: Ting-Lu|63\/100\n|-unboost|p1a: Ashlyn|def|1\n|-unboost|p1a: Ashlyn|spd|1\n|move|p2a: Ting-Lu|Earthquake|p1a: Ashlyn\n|-damage|p1a: Ashlyn|28\/100\n|\n|upkeep\n|turn|7\n|\n|t:|1700024471\n|move|p1a: Ashlyn|Acrobatics|p2a: Ting-Lu\n|-damage|p2a: Ting-Lu|41\/100\n|move|p2a: Ting-Lu|Spikes|p1a: Ashlyn\n|-sidestart|p1: AubreyOmori1|Spikes\n|\n|upkeep\n|turn|8\n|\n|t:|1700024480\n|switch|p2a: Milotic|Milotic, M|100\/100\n|move|p1a: Ashlyn|Acrobatics|p2a: Milotic\n|-damage|p2a: Milotic|61\/100\n|\n|upkeep\n|turn|9\n|\n|t:|1700024488\n|move|p1a: Ashlyn|Close Combat|p2a: Milotic\n|-damage|p2a: Milotic|0 fnt\n|-unboost|p1a: Ashlyn|def|1\n|-unboost|p1a: Ashlyn|spd|1\n|faint|p2a: Milotic\n|\n|upkeep\n|\n|t:|1700024491\n|switch|p2a: Rillaboom|Rillaboom, M|19\/100\n|-fieldstart|move: Grassy Terrain|[from] ability: Grassy Surge|[of] p2a: Rillaboom\n|turn|10\n|\n|t:|1700024495\n|move|p2a: Rillaboom|Grassy Glide|p1a: Ashlyn\n|-damage|p1a: Ashlyn|0 fnt\n|faint|p1a: Ashlyn\n|\n|-heal|p2a: Rillaboom|25\/100|[from] Grassy Terrain\n|upkeep\n|\n|t:|1700024498\n|switch|p1a: Donkey Kong|Rillaboom, M, shiny|52\/100\n|-damage|p1a: Donkey Kong|35\/100|[from] Spikes\n|turn|11\n|\n|t:|1700024504\n|move|p1a: Donkey Kong|Grassy Glide|p2a: Rillaboom\n|-resisted|p2a: Rillaboom\n|-damage|p2a: Rillaboom|0 fnt\n|faint|p2a: Rillaboom\n|\n|-heal|p1a: Donkey Kong|41\/100|[from] Grassy Terrain\n|upkeep\n|\n|t:|1700024511\n|switch|p2a: Sneasler|Sneasler, F|100\/100\n|-enditem|p2a: Sneasler|Grassy Seed\n|-boost|p2a: Sneasler|def|1|[from] item: Grassy Seed\n|turn|12\n|\n|t:|1700024516\n|move|p1a: Donkey Kong|Grassy Glide|p2a: Sneasler\n|-resisted|p2a: Sneasler\n|-damage|p2a: Sneasler|74\/100\n|move|p2a: Sneasler|Dire Claw|p1a: Donkey Kong\n|-supereffective|p1a: Donkey Kong\n|-damage|p1a: Donkey Kong|0 fnt\n|faint|p1a: Donkey Kong\n|\n|-heal|p2a: Sneasler|80\/100|[from] Grassy Terrain\n|upkeep\n|\n|t:|1700024521\n|switch|p1a: Manaphy|Manaphy|100\/100\n|-damage|p1a: Manaphy|84\/100|[from] Spikes\n|turn|13\n|\n|t:|1700024524\n|move|p2a: Sneasler|Swords Dance|p2a: Sneasler\n|-boost|p2a: Sneasler|atk|2\n|move|p1a: Manaphy|Surf|p2a: Sneasler\n|-damage|p2a: Sneasler|45\/100\n|\n|-heal|p2a: Sneasler|51\/100|[from] Grassy Terrain\n|-heal|p1a: Manaphy|90\/100|[from] Grassy Terrain\n|upkeep\n|turn|14\n|\n|t:|1700024530\n|move|p2a: Sneasler|Dire Claw|p1a: Manaphy\n|-damage|p1a: Manaphy|8\/100\n|-enditem|p1a: Manaphy|Sitrus Berry|[eat]\n|-heal|p1a: Manaphy|33\/100|[from] item: Sitrus Berry\n|move|p1a: Manaphy|Surf|p2a: Sneasler\n|-damage|p2a: Sneasler|14\/100\n|\n|-heal|p2a: Sneasler|21\/100|[from] Grassy Terrain\n|-heal|p1a: Manaphy|40\/100|[from] Grassy Terrain\n|-fieldend|move: Grassy Terrain\n|upkeep\n|turn|15\n|\n|t:|1700024537\n|move|p2a: Sneasler|Dire Claw|p1a: Manaphy\n|-damage|p1a: Manaphy|0 fnt\n|faint|p1a: Manaphy\n|\n|upkeep\n|\n|t:|1700024542\n|switch|p1a: Hero|Kingambit, M, shiny|100\/100\n|-damage|p1a: Hero|84\/100|[from] Spikes\n|-activate|p1a: Hero|ability: Supreme Overlord\n|-start|p1a: Hero|fallen3|[silent]\n|turn|16\n|\n|t:|1700024546\n|move|p1a: Hero|Sucker Punch|p2a: Sneasler\n|-resisted|p2a: Sneasler\n|-damage|p2a: Sneasler|0 fnt\n|faint|p2a: Sneasler\n|\n|-heal|p1a: Hero|90\/100|[from] item: Leftovers\n|upkeep\n|\n|t:|1700024548\n|switch|p2a: Ting-Lu|Ting-Lu, tera:Poison|41\/100\n|-ability|p2a: Ting-Lu|Vessel of Ruin\n|turn|17\n|\n|t:|1700024553\n|move|p1a: Hero|Iron Head|p2a: Ting-Lu\n|-damage|p2a: Ting-Lu|10\/100\n|move|p2a: Ting-Lu|Spikes|p1a: Hero\n|-sidestart|p1: AubreyOmori1|Spikes\n|\n|-heal|p1a: Hero|96\/100|[from] item: Leftovers\n|upkeep\n|turn|18\n|\n|t:|1700024559\n|move|p1a: Hero|Swords Dance|p1a: Hero\n|-boost|p1a: Hero|atk|2\n|move|p2a: Ting-Lu|Whirlwind|p1a: Hero\n|-end|p1a: Hero|fallen3|[silent]\n|drag|p1a: Gangle|Ogerpon-Wellspring, F|100\/100\n|-damage|p1a: Gangle|76\/100|[from] Spikes\n|\n|upkeep\n|turn|19\n|\n|t:|1700024567\n|move|p1a: Gangle|Ivy Cudgel|p2a: Ting-Lu|[anim] Ivy Cudgel Water\n|-damage|p2a: Ting-Lu|0 fnt\n|faint|p2a: Ting-Lu\n|\n|upkeep\n|\n|t:|1700024569\n|switch|p2a: Kingambit|Kingambit, M|100\/100\n|-activate|p2a: Kingambit|ability: Supreme Overlord\n|-start|p2a: Kingambit|fallen4|[silent]\n|-item|p2a: Kingambit|Air Balloon\n|turn|20\n|\n|t:|1700024577\n|switch|p1a: Hero|Kingambit, M, shiny|96\/100\n|-damage|p1a: Hero|71\/100|[from] Spikes\n|-activate|p1a: Hero|ability: Supreme Overlord\n|-start|p1a: Hero|fallen3|[silent]\n|move|p2a: Kingambit|Sucker Punch||[still]\n|-fail|p2a: Kingambit\n|\n|-heal|p1a: Hero|78\/100|[from] item: Leftovers\n|upkeep\n|turn|21\n|\n|t:|1700024584\n|-end|p2a: Kingambit|fallen4|[silent]\n|switch|p2a: Great Tusk|Great Tusk|100\/100\n|move|p1a: Hero|Iron Head|p2a: Great Tusk\n|-damage|p2a: Great Tusk|71\/100\n|-damage|p1a: Hero|61\/100|[from] item: Rocky Helmet|[of] p2a: Great Tusk\n|\n|-heal|p1a: Hero|67\/100|[from] item: Leftovers\n|upkeep\n|turn|22\n|\n|t:|1700024592\n|-end|p1a: Hero|fallen3|[silent]\n|switch|p1a: Gangle|Ogerpon-Wellspring, F|76\/100\n|-damage|p1a: Gangle|51\/100|[from] Spikes\n|move|p2a: Great Tusk|Headlong Rush|p1a: Gangle\n|-resisted|p1a: Gangle\n|-damage|p1a: Gangle|15\/100\n|-unboost|p2a: Great Tusk|def|1\n|-unboost|p2a: Great Tusk|spd|1\n|\n|upkeep\n|turn|23\n|\n|t:|1700024599\n|-end|p2a: Great Tusk|Protosynthesis|[silent]\n|switch|p2a: Kingambit|Kingambit, M|100\/100\n|-activate|p2a: Kingambit|ability: Supreme Overlord\n|-start|p2a: Kingambit|fallen4|[silent]\n|-item|p2a: Kingambit|Air Balloon\n|move|p1a: Gangle|Ivy Cudgel|p2a: Kingambit|[anim] Ivy Cudgel Water\n|-crit|p2a: Kingambit\n|-damage|p2a: Kingambit|19\/100\n|-enditem|p2a: Kingambit|Air Balloon\n|\n|upkeep\n|turn|24\n|\n|t:|1700024606\n|move|p2a: Kingambit|Sucker Punch||[still]\n|-fail|p2a: Kingambit\n|move|p1a: Gangle|Encore|p2a: Kingambit\n|-start|p2a: Kingambit|Encore\n|\n|upkeep\n|turn|25\n|\n|t:|1700024610\n|-end|p2a: Kingambit|fallen4|[silent]\n|switch|p2a: Great Tusk|Great Tusk|71\/100\n|move|p1a: Gangle|Encore||[still]\n|-fail|p1a: Gangle\n|\n|upkeep\n|turn|26\n|\n|t:|1700024617\n|move|p1a: Gangle|Ivy Cudgel|p2a: Great Tusk|[anim] Ivy Cudgel Water\n|-supereffective|p2a: Great Tusk\n|-crit|p2a: Great Tusk\n|-damage|p2a: Great Tusk|0 fnt\n|faint|p2a: Great Tusk\n|-end|p2a: Great Tusk|Protosynthesis|[silent]\n|\n|upkeep\n|c|\u2606swawsold|ok lol\n|-message|swawsold forfeited.\n|\n|win|AubreyOmori1\n|raw|AubreyOmori1's rating: 1326 &rarr; <strong>1345<\/strong><br \/>(+19 for winning)\n|raw|swawsold's rating: 1306 &rarr; <strong>1287<\/strong><br \/>(-19 for losing)\n|l|\u2606swawsold\n","uploadtime":1700024630,"views":9,"p1id":"aubreyomori1","p2id":"swawsold","formatid":"gen9ou","rating":1287,"private":0,"password":""}