{"id":"gen9ou-1993177852","p1":"hjmuzzlord","p2":"KINGTONY6","format":"[Gen 9] OU","log":"|j|\u2606hjmuzzlord\n|j|\u2606KINGTONY6\n|t:|1700274305\n|gametype|singles\n|player|p1|hjmuzzlord|supernerd-gen1|\n|player|p2|KINGTONY6|giovanni-masters|\n|teamsize|p1|6\n|teamsize|p2|6\n|gen|9\n|tier|[Gen 9] OU\n|rule|Sleep Clause Mod: Limit one foe put to sleep\n|rule|Species Clause: Limit one of each Pok\u00e9mon\n|rule|OHKO Clause: OHKO moves are banned\n|rule|Evasion Items Clause: Evasion items are banned\n|rule|Evasion Moves Clause: Evasion moves are banned\n|rule|Endless Battle Clause: Forcing endless battles is banned\n|rule|HP Percentage Mod: HP is shown in percentages\n|clearpoke\n|poke|p1|Ursaluna, M|\n|poke|p1|Empoleon, M|\n|poke|p1|Armarouge, M|\n|poke|p1|Amoonguss, F|\n|poke|p1|Mamoswine, M|\n|poke|p1|Regidrago|\n|poke|p2|Milotic, M|\n|poke|p2|Ninetales-Alola, F|\n|poke|p2|Espeon, F|\n|poke|p2|Okidogi, M|\n|poke|p2|Mudsdale, M|\n|poke|p2|Ceruledge, M|\n|teampreview\n|\n|t:|1700274310\n|start\n|switch|p1a: Jerry|Ursaluna, M|100\/100\n|switch|p2a: Live Laugh Love|Ninetales-Alola, F, shiny|100\/100\n|-weather|Snow|[from] ability: Snow Warning|[of] p2a: Live Laugh Love\n|turn|1\n|j| poggerwog\n|j| napg0d\n|j| lumpfren\n|j| edicts\n|\n|t:|1700274336\n|switch|p1a: Dan Gheesling|Armarouge, M|100\/100\n|move|p2a: Live Laugh Love|Aurora Veil|p2a: Live Laugh Love\n|-sidestart|p2: KINGTONY6|move: Aurora Veil\n|\n|-weather|Snow|[upkeep]\n|upkeep\n|turn|2\n|\n|t:|1700274344\n|switch|p2a: True Night's Edge|Ceruledge, M|100\/100\n|move|p1a: Dan Gheesling|Flash Cannon|p2a: True Night's Edge\n|-resisted|p2a: True Night's Edge\n|-damage|p2a: True Night's Edge|93\/100\n|\n|-weather|Snow|[upkeep]\n|-heal|p2a: True Night's Edge|99\/100|[from] item: Leftovers\n|upkeep\n|turn|3\n|\n|t:|1700274403\n|switch|p1a: Brian|Regidrago|100\/100\n|move|p2a: True Night's Edge|Swords Dance|p2a: True Night's Edge\n|-boost|p2a: True Night's Edge|atk|2\n|\n|-weather|Snow|[upkeep]\n|-heal|p2a: True Night's Edge|100\/100|[from] item: Leftovers\n|upkeep\n|turn|4\n|\n|t:|1700274427\n|move|p1a: Brian|Dragon Energy|p2a: True Night's Edge\n|-damage|p2a: True Night's Edge|26\/100\n|-damage|p1a: Brian|91\/100|[from] item: Life Orb\n|move|p2a: True Night's Edge|Bitter Blade|p1a: Brian\n|-resisted|p1a: Brian\n|-damage|p1a: Brian|33\/100\n|-heal|p2a: True Night's Edge|80\/100|[from] drain|[of] p1a: Brian\n|\n|-weather|Snow|[upkeep]\n|-heal|p2a: True Night's Edge|86\/100|[from] item: Leftovers\n|upkeep\n|turn|5\n|\n|t:|1700274441\n|move|p1a: Brian|Draco Meteor|p2a: True Night's Edge\n|-damage|p2a: True Night's Edge|18\/100\n|-unboost|p1a: Brian|spa|2\n|-damage|p1a: Brian|23\/100|[from] item: Life Orb\n|move|p2a: True Night's Edge|Bitter Blade|p1a: Brian\n|-resisted|p1a: Brian\n|-damage|p1a: Brian|0 fnt\n|-heal|p2a: True Night's Edge|39\/100|[from] drain|[of] p1a: Brian\n|faint|p1a: Brian\n|\n|-weather|none\n|-heal|p2a: True Night's Edge|46\/100|[from] item: Leftovers\n|upkeep\n|\n|t:|1700274453\n|switch|p1a: Memphis|Empoleon, M|100\/100\n|turn|6\n|\n|t:|1700274456\n|move|p2a: True Night's Edge|Close Combat|p1a: Memphis\n|-supereffective|p1a: Memphis\n|-damage|p1a: Memphis|0 fnt\n|-unboost|p2a: True Night's Edge|def|1\n|-unboost|p2a: True Night's Edge|spd|1\n|faint|p1a: Memphis\n|\n|-heal|p2a: True Night's Edge|52\/100|[from] item: Leftovers\n|upkeep\n|\n|t:|1700274463\n|switch|p1a: Jessie|Mamoswine, M|100\/100\n|turn|7\n|\n|t:|1700274465\n|move|p1a: Jessie|Ice Shard|p2a: True Night's Edge\n|-resisted|p2a: True Night's Edge\n|-damage|p2a: True Night's Edge|36\/100\n|-ability|p2a: True Night's Edge|Weak Armor|boost\n|-unboost|p2a: True Night's Edge|def|1\n|-boost|p2a: True Night's Edge|spe|2\n|-damage|p1a: Jessie|91\/100|[from] item: Life Orb\n|move|p2a: True Night's Edge|Bitter Blade|p1a: Jessie\n|-supereffective|p1a: Jessie\n|-damage|p1a: Jessie|0 fnt\n|-heal|p2a: True Night's Edge|92\/100|[from] drain|[of] p1a: Jessie\n|faint|p1a: Jessie\n|\n|-heal|p2a: True Night's Edge|98\/100|[from] item: Leftovers\n|upkeep\n|\n|t:|1700274477\n|switch|p1a: Renny|Amoonguss, F|100\/100\n|turn|8\n|\n|t:|1700274480\n|move|p2a: True Night's Edge|Bitter Blade|p1a: Renny\n|-supereffective|p1a: Renny\n|-damage|p1a: Renny|0 fnt\n|-heal|p2a: True Night's Edge|100\/100|[from] drain|[of] p1a: Renny\n|faint|p1a: Renny\n|\n|-sideend|p2: KINGTONY6|move: Aurora Veil\n|upkeep\n|c| napg0d|pain\n|\n|t:|1700274486\n|switch|p1a: Jerry|Ursaluna, M|100\/100\n|turn|9\n|\n|t:|1700274488\n|move|p2a: True Night's Edge|Close Combat|p1a: Jerry\n|-supereffective|p1a: Jerry\n|-damage|p1a: Jerry|0 fnt\n|-unboost|p2a: True Night's Edge|def|1\n|-unboost|p2a: True Night's Edge|spd|1\n|faint|p1a: Jerry\n|\n|upkeep\n|\n|t:|1700274494\n|switch|p1a: Dan Gheesling|Armarouge, M|100\/100\n|turn|10\n|j| LuichoX\n|\n|t:|1700274498\n|move|p2a: True Night's Edge|Shadow Sneak|p1a: Dan Gheesling\n|-supereffective|p1a: Dan Gheesling\n|-damage|p1a: Dan Gheesling|3\/100\n|-ability|p1a: Dan Gheesling|Weak Armor|boost\n|-unboost|p1a: Dan Gheesling|def|1\n|-boost|p1a: Dan Gheesling|spe|2\n|move|p1a: Dan Gheesling|Psyshock|p2a: True Night's Edge\n|-damage|p2a: True Night's Edge|0 fnt\n|faint|p2a: True Night's Edge\n|\n|upkeep\n|\n|t:|1700274508\n|switch|p2a: \ud83d\udc9a\ud83d\udc9a\ud83d\udc9a|Espeon, F, shiny|100\/100\n|turn|11\n|c| LuichoX|easy\n|\n|t:|1700274511\n|move|p1a: Dan Gheesling|Psyshock|p2a: \ud83d\udc9a\ud83d\udc9a\ud83d\udc9a\n|-resisted|p2a: \ud83d\udc9a\ud83d\udc9a\ud83d\udc9a\n|-damage|p2a: \ud83d\udc9a\ud83d\udc9a\ud83d\udc9a|59\/100\n|move|p2a: \ud83d\udc9a\ud83d\udc9a\ud83d\udc9a|Shadow Ball|p1a: Dan Gheesling\n|-supereffective|p1a: Dan Gheesling\n|-damage|p1a: Dan Gheesling|0 fnt\n|faint|p1a: Dan Gheesling\n|\n|win|KINGTONY6\n","uploadtime":1700274520,"views":13,"p1id":"hjmuzzlord","p2id":"kingtony6","formatid":"gen9ou","rating":0,"private":0,"password":""}