{"id":"gen9ou-1995332817","p1":"takingnoteskinda","p2":"Zapsuki","format":"[Gen 9] OU","log":"|j|\u2606takingnoteskinda\n|j|\u2606Zapsuki\n|t:|1700555230\n|gametype|singles\n|player|p1|takingnoteskinda|170|1515\n|player|p2|Zapsuki|serena-masters2|1634\n|teamsize|p1|6\n|teamsize|p2|6\n|gen|9\n|tier|[Gen 9] OU\n|rated|\n|rule|Sleep Clause Mod: Limit one foe put to sleep\n|rule|Species Clause: Limit one of each Pok\u00e9mon\n|rule|OHKO Clause: OHKO moves are banned\n|rule|Evasion Items Clause: Evasion items are banned\n|rule|Evasion Moves Clause: Evasion moves are banned\n|rule|Endless Battle Clause: Forcing endless battles is banned\n|rule|HP Percentage Mod: HP is shown in percentages\n|clearpoke\n|poke|p1|Ninetales-Alola, M|\n|poke|p1|Dragonite, M|\n|poke|p1|Iron Valiant|\n|poke|p1|Gholdengo|\n|poke|p1|Rillaboom, M|\n|poke|p1|Landorus-Therian, M|\n|poke|p2|Dragonite, F|\n|poke|p2|Garchomp, M|\n|poke|p2|Kommo-o, F|\n|poke|p2|Dragapult, M|\n|poke|p2|Tinkaton, F|\n|poke|p2|Walking Wake|\n|teampreview\n|inactive|Battle timer is ON: inactive players will automatically lose when time's up. (requested by Zapsuki)\n|j| Kyurem\n|\n|t:|1700555241\n|start\n|switch|p1a: Landorus|Landorus-Therian, M|100\/100\n|switch|p2a: Tinkaton|Tinkaton, F, shiny|100\/100\n|-ability|p1a: Landorus|Intimidate|boost\n|-unboost|p2a: Tinkaton|atk|1\n|-ability|p2a: Tinkaton|Mold Breaker\n|turn|1\n|\n|t:|1700555254\n|switch|p2a: Garchomp|Garchomp, M|100\/100\n|move|p1a: Landorus|Stealth Rock|p2a: Garchomp\n|-sidestart|p2: Zapsuki|move: Stealth Rock\n|\n|upkeep\n|turn|2\n|\n|t:|1700555258\n|move|p1a: Landorus|Earthquake|p2a: Garchomp\n|-damage|p2a: Garchomp|66\/100\n|move|p2a: Garchomp|Stealth Rock|p1a: Landorus\n|-sidestart|p1: takingnoteskinda|move: Stealth Rock\n|\n|upkeep\n|turn|3\n|\n|t:|1700555263\n|move|p1a: Landorus|Earthquake|p2a: Garchomp\n|-damage|p2a: Garchomp|30\/100\n|move|p2a: Garchomp|Spikes|p1a: Landorus\n|-sidestart|p1: takingnoteskinda|Spikes\n|\n|upkeep\n|turn|4\n|\n|t:|1700555280\n|move|p1a: Landorus|Earthquake|p2a: Garchomp\n|-damage|p2a: Garchomp|0 fnt\n|faint|p2a: Garchomp\n|\n|upkeep\n|\n|t:|1700555282\n|switch|p2a: Walking Wake|Walking Wake|100\/100\n|-damage|p2a: Walking Wake|88\/100|[from] Stealth Rock\n|turn|5\n|\n|t:|1700555295\n|move|p2a: Walking Wake|Scald|p1a: Landorus\n|-supereffective|p1a: Landorus\n|-crit|p1a: Landorus\n|-enditem|p1a: Landorus|Focus Sash\n|-damage|p1a: Landorus|1\/100\n|move|p1a: Landorus|Earthquake|p2a: Walking Wake\n|-damage|p2a: Walking Wake|22\/100\n|\n|upkeep\n|turn|6\n|\n|t:|1700555308\n|move|p2a: Walking Wake|Flamethrower|p1a: Landorus\n|-damage|p1a: Landorus|0 fnt\n|faint|p1a: Landorus\n|\n|upkeep\n|\n|t:|1700555321\n|switch|p1a: Ninetales|Ninetales-Alola, M|100\/100\n|-damage|p1a: Ninetales|76\/100|[from] Stealth Rock\n|-damage|p1a: Ninetales|63\/100|[from] Spikes\n|-weather|Snow|[from] ability: Snow Warning|[of] p1a: Ninetales\n|turn|7\n|inactive|Zapsuki has 120 seconds left.\n|\n|t:|1700555364\n|-end|p2a: Walking Wake|Protosynthesis|[silent]\n|switch|p2a: Tinkaton|Tinkaton, F, shiny|100\/100\n|-damage|p2a: Tinkaton|94\/100|[from] Stealth Rock\n|-ability|p2a: Tinkaton|Mold Breaker\n|move|p1a: Ninetales|Aurora Veil|p1a: Ninetales\n|-sidestart|p1: takingnoteskinda|move: Aurora Veil\n|\n|-weather|Snow|[upkeep]\n|-heal|p2a: Tinkaton|100\/100|[from] item: Leftovers\n|upkeep\n|turn|8\n|\n|t:|1700555380\n|switch|p1a: Gholdengo|Gholdengo|100\/100\n|-damage|p1a: Gholdengo|94\/100|[from] Stealth Rock\n|-item|p1a: Gholdengo|Air Balloon\n|move|p2a: Tinkaton|Thunder Wave|p1a: Gholdengo\n|-status|p1a: Gholdengo|par\n|\n|-weather|Snow|[upkeep]\n|upkeep\n|turn|9\n|inactive|Zapsuki has 120 seconds left.\n|c|\u2606takingnoteskinda|how does that work\n|inactive|takingnoteskinda has 120 seconds left.\n|c|\u2606takingnoteskinda|oh\n|\n|t:|1700555414\n|move|p2a: Tinkaton|Knock Off|p1a: Gholdengo\n|-supereffective|p1a: Gholdengo\n|-damage|p1a: Gholdengo|75\/100 par\n|-enditem|p1a: Gholdengo|Air Balloon\n|move|p1a: Gholdengo|Nasty Plot|p1a: Gholdengo\n|-boost|p1a: Gholdengo|spa|2\n|\n|-weather|Snow|[upkeep]\n|upkeep\n|turn|10\n|\n|t:|1700555419\n|move|p2a: Tinkaton|Encore|p1a: Gholdengo\n|-start|p1a: Gholdengo|Encore\n|move|p1a: Gholdengo|Nasty Plot|p1a: Gholdengo\n|-boost|p1a: Gholdengo|spa|2\n|\n|-weather|Snow|[upkeep]\n|upkeep\n|turn|11\n|inactive|takingnoteskinda has 120 seconds left.\n|\n|t:|1700555441\n|move|p2a: Tinkaton|Knock Off|p1a: Gholdengo\n|-supereffective|p1a: Gholdengo\n|-damage|p1a: Gholdengo|62\/100 par\n|move|p1a: Gholdengo|Nasty Plot|p1a: Gholdengo\n|-boost|p1a: Gholdengo|spa|2\n|\n|-weather|none\n|upkeep\n|turn|12\n|\n|t:|1700555444\n|switch|p1a: Ninetales|Ninetales-Alola, M|63\/100\n|-damage|p1a: Ninetales|38\/100|[from] Stealth Rock\n|-damage|p1a: Ninetales|26\/100|[from] Spikes\n|-weather|Snow|[from] ability: Snow Warning|[of] p1a: Ninetales\n|move|p2a: Tinkaton|Knock Off|p1a: Ninetales\n|-resisted|p1a: Ninetales\n|-damage|p1a: Ninetales|23\/100\n|-enditem|p1a: Ninetales|Light Clay|[from] move: Knock Off|[of] p2a: Tinkaton\n|\n|-weather|Snow|[upkeep]\n|upkeep\n|turn|13\n|inactive|Zapsuki has 120 seconds left.\n|\n|t:|1700555494\n|move|p1a: Ninetales|Encore|p2a: Tinkaton\n|-start|p2a: Tinkaton|Encore\n|move|p2a: Tinkaton|Knock Off|p1a: Ninetales\n|-resisted|p1a: Ninetales\n|-damage|p1a: Ninetales|20\/100\n|\n|-weather|Snow|[upkeep]\n|upkeep\n|turn|14\n|inactive|takingnoteskinda has 120 seconds left.\n|inactive|takingnoteskinda has 90 seconds left.\n|\n|t:|1700555551\n|move|p1a: Ninetales|Moonblast|p2a: Tinkaton\n|-resisted|p2a: Tinkaton\n|-damage|p2a: Tinkaton|92\/100\n|-unboost|p2a: Tinkaton|spa|1\n|move|p2a: Tinkaton|Knock Off|p1a: Ninetales\n|-resisted|p1a: Ninetales\n|-damage|p1a: Ninetales|18\/100\n|\n|-weather|Snow|[upkeep]\n|-heal|p2a: Tinkaton|98\/100|[from] item: Leftovers\n|-sideend|p1: takingnoteskinda|move: Aurora Veil\n|upkeep\n|turn|15\n|\n|t:|1700555553\n|move|p1a: Ninetales|Aurora Veil|p1a: Ninetales\n|-sidestart|p1: takingnoteskinda|move: Aurora Veil\n|move|p2a: Tinkaton|Knock Off|p1a: Ninetales\n|-resisted|p1a: Ninetales\n|-damage|p1a: Ninetales|15\/100\n|\n|-weather|Snow|[upkeep]\n|-heal|p2a: Tinkaton|100\/100|[from] item: Leftovers\n|-end|p2a: Tinkaton|Encore\n|upkeep\n|turn|16\n|\n|t:|1700555559\n|switch|p2a: Dragapult|Dragapult, M|100\/100\n|move|p1a: Ninetales|Encore||[still]\n|-fail|p1a: Ninetales\n|\n|-weather|none\n|upkeep\n|turn|17\n|\n|t:|1700555565\n|move|p2a: Dragapult|Hex|p1a: Ninetales\n|-damage|p1a: Ninetales|0 fnt\n|faint|p1a: Ninetales\n|\n|upkeep\n|inactive|takingnoteskinda has 120 seconds left.\n|\n|t:|1700555575\n|switch|p1a: Iron Valiant|Iron Valiant|100\/100\n|-damage|p1a: Iron Valiant|94\/100|[from] Stealth Rock\n|-damage|p1a: Iron Valiant|82\/100|[from] Spikes\n|-enditem|p1a: Iron Valiant|Booster Energy\n|-activate|p1a: Iron Valiant|ability: Quark Drive|[fromitem]\n|-start|p1a: Iron Valiant|quarkdrivespe\n|turn|18\n|inactive|Zapsuki has 120 seconds left.\n|inactive|Zapsuki has 90 seconds left.\n|\n|t:|1700555646\n|-terastallize|p2a: Dragapult|Fairy\n|move|p1a: Iron Valiant|Calm Mind|p1a: Iron Valiant\n|-boost|p1a: Iron Valiant|spa|1\n|-boost|p1a: Iron Valiant|spd|1\n|move|p2a: Dragapult|Hex|p1a: Iron Valiant\n|-damage|p1a: Iron Valiant|49\/100\n|\n|upkeep\n|turn|19\n|inactive|takingnoteskinda has 120 seconds left.\n|inactive|takingnoteskinda has 90 seconds left.\n|\n|t:|1700555700\n|switch|p2a: Tinkaton|Tinkaton, F, shiny|100\/100\n|-damage|p2a: Tinkaton|94\/100|[from] Stealth Rock\n|-ability|p2a: Tinkaton|Mold Breaker\n|move|p1a: Iron Valiant|Moonblast|p2a: Tinkaton\n|-resisted|p2a: Tinkaton\n|-damage|p2a: Tinkaton|73\/100\n|-unboost|p2a: Tinkaton|spa|1\n|\n|-heal|p2a: Tinkaton|80\/100|[from] item: Leftovers\n|-sideend|p1: takingnoteskinda|move: Aurora Veil\n|upkeep\n|turn|20\n|\n|t:|1700555703\n|-terastallize|p1a: Iron Valiant|Electric\n|move|p1a: Iron Valiant|Calm Mind|p1a: Iron Valiant\n|-boost|p1a: Iron Valiant|spa|1\n|-boost|p1a: Iron Valiant|spd|1\n|move|p2a: Tinkaton|Gigaton Hammer|p1a: Iron Valiant\n|-resisted|p1a: Iron Valiant\n|-damage|p1a: Iron Valiant|22\/100\n|\n|-heal|p2a: Tinkaton|86\/100|[from] item: Leftovers\n|upkeep\n|turn|21\n|inactive|Zapsuki has 90 seconds left.\n|inactive|Zapsuki has 60 seconds left.\n|inactive|Zapsuki has 30 seconds left.\n|\n|t:|1700555785\n|switch|p2a: Walking Wake|Walking Wake|22\/100\n|-damage|p2a: Walking Wake|10\/100|[from] Stealth Rock\n|move|p1a: Iron Valiant|Encore||[still]\n|-fail|p1a: Iron Valiant\n|\n|upkeep\n|turn|22\n|inactive|takingnoteskinda has 90 seconds left.\n|\n|t:|1700555822\n|move|p1a: Iron Valiant|Moonblast|p2a: Walking Wake\n|-supereffective|p2a: Walking Wake\n|-damage|p2a: Walking Wake|0 fnt\n|faint|p2a: Walking Wake\n|-end|p2a: Walking Wake|Protosynthesis|[silent]\n|\n|upkeep\n|\n|t:|1700555824\n|switch|p2a: Dragonite|Dragonite, F|100\/100\n|turn|23\n|\n|t:|1700555827\n|move|p2a: Dragonite|Extreme Speed|p1a: Iron Valiant\n|-crit|p1a: Iron Valiant\n|-damage|p1a: Iron Valiant|0 fnt\n|faint|p1a: Iron Valiant\n|-end|p1a: Iron Valiant|Quark Drive|[silent]\n|\n|upkeep\n|\n|t:|1700555827\n|switch|p1a: Gholdengo|Gholdengo|62\/100 par\n|-damage|p1a: Gholdengo|56\/100 par|[from] Stealth Rock\n|-damage|p1a: Gholdengo|44\/100 par|[from] Spikes\n|turn|24\n|inactive|Zapsuki has 60 seconds left.\n|-message|takingnoteskinda forfeited.\n|\n|win|Zapsuki\n|raw|takingnoteskinda's rating: 1469 &rarr; <strong>1458<\/strong><br \/>(-11 for losing)\n|raw|Zapsuki's rating: 1634 &rarr; <strong>1645<\/strong><br \/>(+11 for winning)\n|l|\u2606takingnoteskinda\n|l| Kyurem\n|l|\u2606Zapsuki\n|j|\u2606Zapsuki\n|player|p2|Zapsuki|serena-masters2\n","uploadtime":1700555839,"views":4,"p1id":"takingnoteskinda","p2id":"zapsuki","formatid":"gen9ou","rating":1458,"private":0,"password":""}