{"id":"gen9ou-1993400477","p1":"LaForce#Schlingel","p2":"Mario Flare","format":"[Gen 9] OU","log":"|j|\u2606LaForce#Schlingel\n|j|\u2606Mario Flare\n|t:|1700312655\n|gametype|singles\n|player|p1|LaForce#Schlingel|266|\n|player|p2|Mario Flare|169|\n|teamsize|p1|6\n|teamsize|p2|6\n|gen|9\n|tier|[Gen 9] OU\n|rule|Sleep Clause Mod: Limit one foe put to sleep\n|rule|Species Clause: Limit one of each Pok\u00e9mon\n|rule|OHKO Clause: OHKO moves are banned\n|rule|Evasion Items Clause: Evasion items are banned\n|rule|Evasion Moves Clause: Evasion moves are banned\n|rule|Endless Battle Clause: Forcing endless battles is banned\n|rule|HP Percentage Mod: HP is shown in percentages\n|clearpoke\n|poke|p1|Ninetales-Alola, M|\n|poke|p1|Ogerpon-Wellspring, F|\n|poke|p1|Dragapult, F|\n|poke|p1|Munkidori, M|\n|poke|p1|Sneasler, M|\n|poke|p1|Rillaboom, M|\n|poke|p2|Munkidori, M|\n|poke|p2|Okidogi, M|\n|poke|p2|Great Tusk|\n|poke|p2|Kingambit, M|\n|poke|p2|Landorus-Therian, M|\n|poke|p2|Empoleon, F|\n|teampreview\n|inactive|Battle timer is ON: inactive players will automatically lose when time's up. (requested by Mario Flare)\n|inactiveoff|Battle timer is now OFF.\n|c|\u2606LaForce#Schlingel|glhf\n|c|\u2606Mario Flare|Danke dir auch\n|\n|t:|1700312699\n|start\n|switch|p1a: Ogerpon|Ogerpon-Wellspring, F|100\/100\n|switch|p2a: Landorus|Landorus-Therian, M|100\/100\n|-ability|p2a: Landorus|Intimidate|boost\n|-unboost|p1a: Ogerpon|atk|1\n|turn|1\n|\n|t:|1700312713\n|move|p1a: Ogerpon|Ivy Cudgel|p2a: Landorus|[anim] Ivy Cudgel Water\n|-supereffective|p2a: Landorus\n|-damage|p2a: Landorus|49\/100\n|move|p2a: Landorus|U-turn|p1a: Ogerpon\n|-supereffective|p1a: Ogerpon\n|-damage|p1a: Ogerpon|44\/100\n|\n|t:|1700312723\n|switch|p2a: Empoleon|Empoleon, F|100\/100|[from] U-turn\n|\n|upkeep\n|turn|2\n|\n|t:|1700312742\n|move|p1a: Ogerpon|Swords Dance|p1a: Ogerpon\n|-boost|p1a: Ogerpon|atk|2\n|move|p2a: Empoleon|Yawn|p1a: Ogerpon\n|-start|p1a: Ogerpon|move: Yawn|[of] p2a: Empoleon\n|\n|upkeep\n|turn|3\n|\n|t:|1700312759\n|switch|p2a: Okidogi|Okidogi, M|100\/100\n|move|p1a: Ogerpon|Power Whip|p2a: Okidogi\n|-resisted|p2a: Okidogi\n|-damage|p2a: Okidogi|48\/100\n|\n|-end|p1a: Ogerpon|move: Yawn|[silent]\n|-status|p1a: Ogerpon|slp\n|upkeep\n|turn|4\n|\n|t:|1700312772\n|switch|p1a: Munkidori|Munkidori, M|100\/100\n|move|p2a: Okidogi|Knock Off|p1a: Munkidori\n|-supereffective|p1a: Munkidori\n|-damage|p1a: Munkidori|0 fnt\n|-enditem|p1a: Munkidori|Leftovers|[from] move: Knock Off|[of] p2a: Okidogi\n|faint|p1a: Munkidori\n|\n|upkeep\n|\n|t:|1700312786\n|switch|p1a: Ninetales|Ninetales-Alola, M|100\/100\n|-weather|Snow|[from] ability: Snow Warning|[of] p1a: Ninetales\n|turn|5\n|\n|t:|1700312796\n|switch|p2a: Kingambit|Kingambit, M|100\/100\n|move|p1a: Ninetales|Aurora Veil|p1a: Ninetales\n|-sidestart|p1: LaForce#Schlingel|move: Aurora Veil\n|\n|-weather|Snow|[upkeep]\n|upkeep\n|turn|6\n|\n|t:|1700312832\n|move|p1a: Ninetales|Hypnosis|p2a: Kingambit\n|-status|p2a: Kingambit|slp|[from] move: Hypnosis\n|cant|p2a: Kingambit|slp\n|\n|-weather|Snow|[upkeep]\n|upkeep\n|turn|7\n|\n|t:|1700312842\n|switch|p1a: Rillaboom|Rillaboom, M|100\/100\n|-fieldstart|move: Grassy Terrain|[from] ability: Grassy Surge|[of] p1a: Rillaboom\n|-end|p2a: Kingambit|fallenundefined|[silent]\n|switch|p2a: Munkidori|Munkidori, M|100\/100\n|\n|-weather|Snow|[upkeep]\n|upkeep\n|turn|8\n|\n|t:|1700312872\n|move|p2a: Munkidori|Sludge Wave|p1a: Rillaboom\n|-supereffective|p1a: Rillaboom\n|-damage|p1a: Rillaboom|0 fnt\n|faint|p1a: Rillaboom\n|\n|-weather|Snow|[upkeep]\n|upkeep\n|\n|t:|1700312893\n|switch|p1a: Sneasler|Sneasler, M|100\/100\n|-enditem|p1a: Sneasler|Grassy Seed\n|-boost|p1a: Sneasler|def|1|[from] item: Grassy Seed\n|turn|9\n|\n|t:|1700312909\n|switch|p2a: Empoleon|Empoleon, F|100\/100\n|move|p1a: Sneasler|Swords Dance|p1a: Sneasler\n|-boost|p1a: Sneasler|atk|2\n|\n|-weather|none\n|upkeep\n|turn|10\n|\n|t:|1700312916\n|move|p1a: Sneasler|Close Combat|p2a: Empoleon\n|-supereffective|p2a: Empoleon\n|-damage|p2a: Empoleon|0 fnt\n|-unboost|p1a: Sneasler|def|1\n|-unboost|p1a: Sneasler|spd|1\n|faint|p2a: Empoleon\n|\n|upkeep\n|\n|t:|1700312920\n|switch|p2a: Landorus|Landorus-Therian, M|49\/100\n|-ability|p2a: Landorus|Intimidate|boost\n|-unboost|p1a: Sneasler|atk|1\n|turn|11\n|\n|t:|1700312956\n|move|p1a: Sneasler|Swords Dance|p1a: Sneasler\n|-boost|p1a: Sneasler|atk|2\n|move|p2a: Landorus|Earthquake|p1a: Sneasler\n|-supereffective|p1a: Sneasler\n|-damage|p1a: Sneasler|57\/100\n|\n|-heal|p1a: Sneasler|63\/100|[from] Grassy Terrain\n|-fieldend|move: Grassy Terrain\n|upkeep\n|turn|12\n|\n|t:|1700313002\n|switch|p2a: Kingambit|Kingambit, M|100\/100 slp\n|-activate|p2a: Kingambit|ability: Supreme Overlord\n|-start|p2a: Kingambit|fallen1|[silent]\n|-terastallize|p1a: Sneasler|Fairy\n|move|p1a: Sneasler|Tera Blast|p2a: Kingambit|[anim] Tera Blast Fairy\n|-damage|p2a: Kingambit|24\/100 slp\n|\n|-heal|p2a: Kingambit|30\/100 slp|[from] item: Leftovers\n|-sideend|p1: LaForce#Schlingel|move: Aurora Veil\n|upkeep\n|turn|13\n|\n|t:|1700313015\n|cant|p2a: Kingambit|slp\n|move|p1a: Sneasler|Tera Blast|p2a: Kingambit|[anim] Tera Blast Fairy\n|-damage|p2a: Kingambit|0 fnt\n|faint|p2a: Kingambit\n|-end|p2a: Kingambit|fallen1|[silent]\n|\n|upkeep\n|\n|t:|1700313022\n|switch|p2a: Munkidori|Munkidori, M|100\/100\n|turn|14\n|\n|t:|1700313044\n|move|p1a: Sneasler|Dire Claw|p2a: Munkidori\n|-resisted|p2a: Munkidori\n|-crit|p2a: Munkidori\n|-damage|p2a: Munkidori|0 fnt\n|faint|p2a: Munkidori\n|\n|upkeep\n|\n|t:|1700313049\n|switch|p2a: Landorus|Landorus-Therian, M|49\/100\n|-ability|p2a: Landorus|Intimidate|boost\n|-unboost|p1a: Sneasler|atk|1\n|turn|15\n|\n|t:|1700313067\n|move|p1a: Sneasler|Tera Blast|p2a: Landorus|[anim] Tera Blast Fairy\n|-damage|p2a: Landorus|0 fnt\n|faint|p2a: Landorus\n|\n|upkeep\n|\n|t:|1700313077\n|switch|p2a: Okidogi|Okidogi, M|48\/100\n|turn|16\n|\n|t:|1700313087\n|move|p1a: Sneasler|Tera Blast|p2a: Okidogi|[anim] Tera Blast Fairy\n|-damage|p2a: Okidogi|0 fnt\n|faint|p2a: Okidogi\n|\n|upkeep\n|\n|t:|1700313090\n|switch|p2a: Great Tusk|Great Tusk|100\/100\n|turn|17\n|\n|t:|1700313094\n|move|p1a: Sneasler|Tera Blast|p2a: Great Tusk|[anim] Tera Blast Fairy\n|-supereffective|p2a: Great Tusk\n|-damage|p2a: Great Tusk|0 fnt\n|faint|p2a: Great Tusk\n|-end|p2a: Great Tusk|Protosynthesis|[silent]\n|\n|win|LaForce#Schlingel\n|c|\u2606Mario Flare|gg\n","uploadtime":1700313100,"views":8,"p1id":"laforceschlingel","p2id":"marioflare","formatid":"gen9ou","rating":0,"private":0,"password":""}