{"id":"gen9ou-1996356584","p1":"MattFI","p2":"Imanjoneser","format":"[Gen 9] OU","log":"|j|\u2606MattFI\n|j|\u2606Imanjoneser\n|t:|1700674271\n|gametype|singles\n|player|p1|MattFI|lucas|1053\n|player|p2|Imanjoneser|bugcatcher-gen4dp|1027\n|teamsize|p1|6\n|teamsize|p2|6\n|gen|9\n|tier|[Gen 9] OU\n|rated|\n|rule|Sleep Clause Mod: Limit one foe put to sleep\n|rule|Species Clause: Limit one of each Pok\u00e9mon\n|rule|OHKO Clause: OHKO moves are banned\n|rule|Evasion Items Clause: Evasion items are banned\n|rule|Evasion Moves Clause: Evasion moves are banned\n|rule|Endless Battle Clause: Forcing endless battles is banned\n|rule|HP Percentage Mod: HP is shown in percentages\n|clearpoke\n|poke|p1|Cinderace, M|\n|poke|p1|Gastrodon-East, F|\n|poke|p1|Overqwil, F|\n|poke|p1|Electrode-Hisui|\n|poke|p1|Dragapult, M|\n|poke|p1|Zapdos-Galar|\n|poke|p2|Shaymin|\n|poke|p2|Meowscarada, F|\n|poke|p2|Iron Leaves|\n|poke|p2|Chesnaught, M|\n|poke|p2|Amoonguss, F|\n|poke|p2|Torterra, M|\n|teampreview\n|\n|t:|1700674289\n|start\n|switch|p1a: Zapdos|Zapdos-Galar|100\/100\n|switch|p2a: Amoonguss|Amoonguss, F, shiny|100\/100\n|turn|1\n|\n|t:|1700674331\n|move|p1a: Zapdos|Acrobatics|p2a: Amoonguss\n|-supereffective|p2a: Amoonguss\n|-damage|p2a: Amoonguss|52\/100\n|move|p2a: Amoonguss|Spore|p1a: Zapdos\n|-status|p1a: Zapdos|slp|[from] move: Spore\n|\n|-heal|p2a: Amoonguss|58\/100|[from] item: Leftovers\n|upkeep\n|turn|2\n|\n|t:|1700674346\n|cant|p1a: Zapdos|slp\n|move|p2a: Amoonguss|Synthesis|p2a: Amoonguss\n|-heal|p2a: Amoonguss|100\/100\n|\n|upkeep\n|turn|3\n|\n|t:|1700674351\n|cant|p1a: Zapdos|slp\n|move|p2a: Amoonguss|Sludge Bomb|p1a: Zapdos\n|-damage|p1a: Zapdos|70\/100 slp\n|\n|upkeep\n|turn|4\n|\n|t:|1700674356\n|cant|p1a: Zapdos|slp\n|move|p2a: Amoonguss|Sludge Bomb|p1a: Zapdos\n|-crit|p1a: Zapdos\n|-damage|p1a: Zapdos|23\/100 slp\n|\n|upkeep\n|turn|5\n|\n|t:|1700674361\n|-curestatus|p1a: Zapdos|slp|[msg]\n|move|p1a: Zapdos|U-turn|p2a: Amoonguss\n|-damage|p2a: Amoonguss|81\/100\n|\n|t:|1700674369\n|switch|p1a: Overqwil|Overqwil, F|100\/100|[from] U-turn\n|move|p2a: Amoonguss|Sludge Bomb|p1a: Overqwil\n|-resisted|p1a: Overqwil\n|-damage|p1a: Overqwil|81\/100\n|\n|-heal|p1a: Overqwil|87\/100|[from] item: Black Sludge\n|-heal|p2a: Amoonguss|87\/100|[from] item: Leftovers\n|upkeep\n|turn|6\n|\n|t:|1700674379\n|move|p1a: Overqwil|Crunch|p2a: Amoonguss\n|-damage|p2a: Amoonguss|52\/100\n|move|p2a: Amoonguss|Spore|p1a: Overqwil\n|-status|p1a: Overqwil|slp|[from] move: Spore\n|\n|-heal|p1a: Overqwil|93\/100 slp|[from] item: Black Sludge\n|-heal|p2a: Amoonguss|58\/100|[from] item: Leftovers\n|upkeep\n|turn|7\n|\n|t:|1700674390\n|switch|p2a: Chesnaught|Chesnaught, M, shiny|100\/100\n|cant|p1a: Overqwil|slp\n|\n|-heal|p1a: Overqwil|99\/100 slp|[from] item: Black Sludge\n|upkeep\n|turn|8\n|\n|t:|1700674401\n|cant|p1a: Overqwil|slp\n|move|p2a: Chesnaught|Leech Seed|p1a: Overqwil\n|-start|p1a: Overqwil|move: Leech Seed\n|\n|-heal|p1a: Overqwil|100\/100 slp|[from] item: Black Sludge\n|-damage|p1a: Overqwil|88\/100 slp|[from] Leech Seed|[of] p2a: Chesnaught\n|upkeep\n|turn|9\n|\n|t:|1700674408\n|cant|p1a: Overqwil|slp\n|move|p2a: Chesnaught|Knock Off|p1a: Overqwil\n|-resisted|p1a: Overqwil\n|-crit|p1a: Overqwil\n|-damage|p1a: Overqwil|59\/100 slp\n|-status|p2a: Chesnaught|psn|[from] ability: Poison Point|[of] p1a: Overqwil\n|-enditem|p1a: Overqwil|Black Sludge|[from] move: Knock Off|[of] p2a: Chesnaught\n|\n|-damage|p1a: Overqwil|46\/100 slp|[from] Leech Seed|[of] p2a: Chesnaught\n|-damage|p2a: Chesnaught|88\/100 psn|[from] psn\n|upkeep\n|turn|10\n|\n|t:|1700674421\n|switch|p1a: Zapdos|Zapdos-Galar|23\/100\n|move|p2a: Chesnaught|Spiky Shield||[still]\n|-fail|p2a: Chesnaught\n|\n|-damage|p2a: Chesnaught|76\/100 psn|[from] psn\n|upkeep\n|turn|11\n|\n|t:|1700674427\n|move|p1a: Zapdos|Acrobatics|p2a: Chesnaught\n|-supereffective|p2a: Chesnaught\n|-damage|p2a: Chesnaught|0 fnt\n|-damage|p1a: Zapdos|6\/100|[from] item: Rocky Helmet|[of] p2a: Chesnaught\n|faint|p2a: Chesnaught\n|\n|upkeep\n|\n|t:|1700674437\n|switch|p2a: Meowscarada|Meowscarada, F, shiny|100\/100\n|turn|12\n|\n|t:|1700674445\n|move|p2a: Meowscarada|Copycat|p2a: Meowscarada\n|-start|p2a: Meowscarada|typechange|Normal|[from] ability: Protean\n|move|p2a: Meowscarada|Acrobatics|p1a: Zapdos|[from]move: Copycat\n|-supereffective|p1a: Zapdos\n|-damage|p1a: Zapdos|0 fnt\n|faint|p1a: Zapdos\n|\n|upkeep\n|\n|t:|1700674459\n|switch|p1a: Overqwil|Overqwil, F|46\/100 slp\n|turn|13\n|\n|t:|1700674465\n|move|p2a: Meowscarada|Taunt|p1a: Overqwil\n|-start|p1a: Overqwil|move: Taunt\n|-curestatus|p1a: Overqwil|slp|[msg]\n|move|p1a: Overqwil|Barb Barrage|p2a: Meowscarada\n|-damage|p2a: Meowscarada|54\/100\n|-status|p2a: Meowscarada|psn\n|\n|-damage|p2a: Meowscarada|42\/100 psn|[from] psn\n|upkeep\n|turn|14\n|\n|t:|1700674475\n|move|p2a: Meowscarada|Toxic Spikes|p1a: Overqwil\n|-sidestart|p1: MattFI|move: Toxic Spikes\n|move|p1a: Overqwil|Barb Barrage|p2a: Meowscarada\n|-damage|p2a: Meowscarada|0 fnt\n|faint|p2a: Meowscarada\n|\n|upkeep\n|\n|t:|1700674481\n|switch|p2a: Torterra|Torterra, M, shiny|100\/100\n|turn|15\n|\n|t:|1700674503\n|-terastallize|p2a: Torterra|Ground\n|move|p1a: Overqwil|Crunch|p2a: Torterra\n|-damage|p2a: Torterra|62\/100\n|move|p2a: Torterra|Shell Smash|p2a: Torterra\n|-unboost|p2a: Torterra|def|1\n|-unboost|p2a: Torterra|spd|1\n|-boost|p2a: Torterra|atk|2\n|-boost|p2a: Torterra|spa|2\n|-boost|p2a: Torterra|spe|2\n|-enditem|p2a: Torterra|White Herb\n|-clearnegativeboost|p2a: Torterra|[silent]\n|\n|-end|p1a: Overqwil|move: Taunt\n|upkeep\n|turn|16\n|\n|t:|1700674521\n|move|p1a: Overqwil|Protect|p1a: Overqwil\n|-singleturn|p1a: Overqwil|Protect\n|move|p2a: Torterra|Earthquake|p1a: Overqwil\n|-activate|p1a: Overqwil|move: Protect\n|\n|upkeep\n|turn|17\n|\n|t:|1700674535\n|move|p2a: Torterra|Earthquake|p1a: Overqwil\n|-supereffective|p1a: Overqwil\n|-damage|p1a: Overqwil|0 fnt\n|faint|p1a: Overqwil\n|\n|upkeep\n|\n|t:|1700674543\n|switch|p1a: Dragapult|Dragapult, M|100\/100\n|-status|p1a: Dragapult|psn\n|turn|18\n|\n|t:|1700674557\n|move|p2a: Torterra|Earthquake|p1a: Dragapult\n|-damage|p1a: Dragapult|0 fnt\n|-start|p2a: Torterra|Disable|Earthquake|[from] ability: Cursed Body|[of] p1a: Dragapult\n|faint|p1a: Dragapult\n|\n|upkeep\n|c|\u2606Imanjoneser|ugh\n|\n|t:|1700674563\n|switch|p1a: Cinderace|Cinderace, M|100\/100\n|-status|p1a: Cinderace|psn\n|turn|19\n|\n|t:|1700674568\n|move|p2a: Torterra|Seed Bomb|p1a: Cinderace\n|-resisted|p1a: Cinderace\n|-damage|p1a: Cinderace|46\/100 psn\n|move|p1a: Cinderace|Low Kick|p2a: Torterra\n|-start|p1a: Cinderace|typechange|Fighting|[from] ability: Libero\n|-damage|p2a: Torterra|7\/100\n|\n|-damage|p1a: Cinderace|34\/100 psn|[from] psn\n|upkeep\n|turn|20\n|\n|t:|1700674577\n|move|p1a: Cinderace|Sucker Punch|p2a: Torterra\n|-damage|p2a: Torterra|0 fnt\n|faint|p2a: Torterra\n|\n|-damage|p1a: Cinderace|21\/100 psn|[from] psn\n|upkeep\n|\n|t:|1700674583\n|switch|p2a: Iron Leaves|Iron Leaves|100\/100\n|-enditem|p2a: Iron Leaves|Booster Energy\n|-activate|p2a: Iron Leaves|ability: Quark Drive|[fromitem]\n|-start|p2a: Iron Leaves|quarkdrivespe\n|turn|21\n|\n|t:|1700674591\n|move|p2a: Iron Leaves|Psyblade|p1a: Cinderace\n|-supereffective|p1a: Cinderace\n|-damage|p1a: Cinderace|0 fnt\n|faint|p1a: Cinderace\n|\n|upkeep\n|\n|t:|1700674607\n|switch|p1a: Gastrodon|Gastrodon-East, F|100\/100\n|-status|p1a: Gastrodon|psn\n|turn|22\n|\n|t:|1700674613\n|move|p2a: Iron Leaves|Psyblade|p1a: Gastrodon\n|-damage|p1a: Gastrodon|62\/100 psn\n|move|p1a: Gastrodon|Sludge Bomb|p2a: Iron Leaves\n|-supereffective|p2a: Iron Leaves\n|-damage|p2a: Iron Leaves|55\/100\n|-status|p2a: Iron Leaves|psn\n|\n|-heal|p1a: Gastrodon|68\/100 psn|[from] item: Leftovers\n|-damage|p2a: Iron Leaves|42\/100 psn|[from] psn\n|-damage|p1a: Gastrodon|55\/100 psn|[from] psn\n|upkeep\n|turn|23\n|\n|t:|1700674623\n|move|p2a: Iron Leaves|Psyblade|p1a: Gastrodon\n|-damage|p1a: Gastrodon|16\/100 psn\n|move|p1a: Gastrodon|Sludge Bomb|p2a: Iron Leaves\n|-supereffective|p2a: Iron Leaves\n|-damage|p2a: Iron Leaves|0 fnt\n|faint|p2a: Iron Leaves\n|-end|p2a: Iron Leaves|Quark Drive|[silent]\n|\n|-heal|p1a: Gastrodon|22\/100 psn|[from] item: Leftovers\n|-damage|p1a: Gastrodon|10\/100 psn|[from] psn\n|upkeep\n|\n|t:|1700674636\n|switch|p2a: Shaymin|Shaymin, shiny|100\/100\n|turn|24\n|\n|t:|1700674640\n|move|p2a: Shaymin|Air Slash|p1a: Gastrodon\n|-damage|p1a: Gastrodon|0 fnt\n|faint|p1a: Gastrodon\n|\n|upkeep\n|\n|t:|1700674652\n|switch|p1a: Electrode|Electrode-Hisui|100\/100\n|-status|p1a: Electrode|psn\n|turn|25\n|c|\u2606Imanjoneser|Nuts if you can come back here let's see\n|\n|t:|1700674686\n|move|p1a: Electrode|Thunderbolt|p2a: Shaymin\n|-resisted|p2a: Shaymin\n|-damage|p2a: Shaymin|85\/100\n|move|p2a: Shaymin|Worry Seed|p1a: Electrode\n|-endability|p1a: Electrode|Aftermath|[from] move: Worry Seed\n|-ability|p1a: Electrode|Insomnia|[from] move: Worry Seed\n|\n|-heal|p2a: Shaymin|91\/100|[from] item: Leftovers\n|-damage|p1a: Electrode|88\/100 psn|[from] psn\n|upkeep\n|turn|26\n|c|\u2606Imanjoneser|Oh boy\n|\n|t:|1700674702\n|move|p1a: Electrode|Thunderbolt|p2a: Shaymin\n|-resisted|p2a: Shaymin\n|-damage|p2a: Shaymin|73\/100\n|move|p2a: Shaymin|Air Slash|p1a: Electrode\n|-damage|p1a: Electrode|56\/100 psn\n|\n|-heal|p2a: Shaymin|79\/100|[from] item: Leftovers\n|-damage|p1a: Electrode|44\/100 psn|[from] psn\n|upkeep\n|turn|27\n|c|\u2606Imanjoneser|yeah gg\n|\n|t:|1700674714\n|move|p1a: Electrode|Energy Ball|p2a: Shaymin\n|-resisted|p2a: Shaymin\n|-damage|p2a: Shaymin|64\/100\n|move|p2a: Shaymin|Air Slash|p1a: Electrode\n|-damage|p1a: Electrode|11\/100 psn\n|\n|-heal|p2a: Shaymin|70\/100|[from] item: Leftovers\n|-damage|p1a: Electrode|0 fnt|[from] psn\n|faint|p1a: Electrode\n|\n|win|Imanjoneser\n|upkeep\n|raw|MattFI's rating: 1053 &rarr; <strong>1034<\/strong><br \/>(-19 for losing)\n|raw|Imanjoneser's rating: 1027 &rarr; <strong>1066<\/strong><br \/>(+39 for winning)\n|l|\u2606MattFI\n","uploadtime":1700674725,"views":2,"p1id":"mattfi","p2id":"imanjoneser","formatid":"gen9ou","rating":1034,"private":0,"password":""}