{"id":"gen9ou-1997944883","p1":"Podtastic1","p2":"LuckyTux","format":"[Gen 9] OU","log":"|j|\u2606Podtastic1\n|j|\u2606LuckyTux\n|t:|1700870509\n|gametype|singles\n|player|p1|Podtastic1|102|1313\n|player|p2|LuckyTux|biker-gen4|1391\n|teamsize|p1|6\n|teamsize|p2|6\n|gen|9\n|tier|[Gen 9] OU\n|rated|\n|rule|Sleep Clause Mod: Limit one foe put to sleep\n|rule|Species Clause: Limit one of each Pok\u00e9mon\n|rule|OHKO Clause: OHKO moves are banned\n|rule|Evasion Items Clause: Evasion items are banned\n|rule|Evasion Moves Clause: Evasion moves are banned\n|rule|Endless Battle Clause: Forcing endless battles is banned\n|rule|HP Percentage Mod: HP is shown in percentages\n|clearpoke\n|poke|p1|Iron Moth|\n|poke|p1|Iron Valiant|\n|poke|p1|Meowscarada, M|\n|poke|p1|Garchomp, M|\n|poke|p1|Kingambit, M|\n|poke|p1|Hatterene, F|\n|poke|p2|Iron Valiant|\n|poke|p2|Greninja-*, M|\n|poke|p2|Glimmora, M|\n|poke|p2|Zapdos|\n|poke|p2|Scizor, F|\n|poke|p2|Dragonite, F|\n|teampreview\n|inactive|Battle timer is ON: inactive players will automatically lose when time's up. (requested by LuckyTux)\n|\n|t:|1700870539\n|start\n|switch|p1a: Garchomp|Garchomp, M|100\/100\n|switch|p2a: Glimmora|Glimmora, M|100\/100\n|turn|1\n|\n|t:|1700870555\n|switch|p1a: Hatterene|Hatterene, F|100\/100\n|move|p2a: Glimmora|Sludge Wave|p1a: Hatterene\n|-supereffective|p1a: Hatterene\n|-damage|p1a: Hatterene|4\/100\n|-enditem|p1a: Hatterene|Eject Button\n|\n|t:|1700870563\n|switch|p1a: Meowscarada|Meowscarada, M|100\/100\n|\n|upkeep\n|turn|2\n|\n|t:|1700870569\n|move|p2a: Glimmora|Sludge Wave|p1a: Meowscarada\n|-supereffective|p1a: Meowscarada\n|-enditem|p1a: Meowscarada|Focus Sash\n|-damage|p1a: Meowscarada|1\/100\n|move|p1a: Meowscarada|Taunt|p2a: Glimmora\n|-start|p2a: Glimmora|move: Taunt\n|\n|upkeep\n|turn|3\n|\n|t:|1700870578\n|switch|p2a: Scizor|Scizor, F|100\/100\n|switch|p1a: Kingambit|Kingambit, M|100\/100\n|\n|upkeep\n|turn|4\n|\n|t:|1700870589\n|-end|p1a: Kingambit|fallenundefined|[silent]\n|switch|p1a: Garchomp|Garchomp, M|100\/100\n|move|p2a: Scizor|Close Combat|p1a: Garchomp\n|-damage|p1a: Garchomp|27\/100\n|-unboost|p2a: Scizor|def|1\n|-unboost|p2a: Scizor|spd|1\n|-damage|p2a: Scizor|88\/100|[from] ability: Rough Skin|[of] p1a: Garchomp\n|\n|upkeep\n|turn|5\n|\n|t:|1700870600\n|switch|p2a: Zapdos|Zapdos|100\/100\n|move|p1a: Garchomp|Stealth Rock|p2a: Zapdos\n|-sidestart|p2: LuckyTux|move: Stealth Rock\n|\n|upkeep\n|turn|6\n|\n|t:|1700870606\n|move|p1a: Garchomp|Draco Meteor|p2a: Zapdos\n|-damage|p2a: Zapdos|35\/100\n|-unboost|p1a: Garchomp|spa|2\n|-damage|p1a: Garchomp|17\/100|[from] item: Life Orb\n|move|p2a: Zapdos|Hurricane|p1a: Garchomp\n|-damage|p1a: Garchomp|0 fnt\n|faint|p1a: Garchomp\n|\n|upkeep\n|\n|t:|1700870616\n|switch|p1a: Meowscarada|Meowscarada, M|1\/100\n|turn|7\n|\n|t:|1700870619\n|move|p1a: Meowscarada|Spikes|p2a: Zapdos\n|-sidestart|p2: LuckyTux|Spikes\n|move|p2a: Zapdos|Roost|p2a: Zapdos\n|-heal|p2a: Zapdos|85\/100\n|-singleturn|p2a: Zapdos|move: Roost\n|\n|upkeep\n|turn|8\n|\n|t:|1700870626\n|move|p1a: Meowscarada|Taunt|p2a: Zapdos\n|-start|p2a: Zapdos|move: Taunt\n|move|p2a: Zapdos|Volt Switch|p1a: Meowscarada\n|-resisted|p1a: Meowscarada\n|-damage|p1a: Meowscarada|0 fnt\n|faint|p1a: Meowscarada\n|\n|t:|1700870637\n|switch|p2a: Dragonite|Dragonite, F|100\/100|[from] Volt Switch\n|\n|upkeep\n|\n|t:|1700870648\n|switch|p1a: Hatterene|Hatterene, F|4\/100\n|turn|9\n|\n|t:|1700870652\n|move|p2a: Dragonite|Extreme Speed|p1a: Hatterene\n|-damage|p1a: Hatterene|0 fnt\n|faint|p1a: Hatterene\n|\n|upkeep\n|\n|t:|1700870661\n|switch|p1a: Iron Valiant|Iron Valiant|100\/100\n|-enditem|p1a: Iron Valiant|Booster Energy\n|-activate|p1a: Iron Valiant|ability: Quark Drive|[fromitem]\n|-start|p1a: Iron Valiant|quarkdrivespe\n|turn|10\n|\n|t:|1700870667\n|move|p1a: Iron Valiant|Swords Dance|p1a: Iron Valiant\n|-boost|p1a: Iron Valiant|atk|2\n|move|p2a: Dragonite|Dragon Dance|p2a: Dragonite\n|-boost|p2a: Dragonite|atk|1\n|-boost|p2a: Dragonite|spe|1\n|\n|upkeep\n|turn|11\n|\n|t:|1700870674\n|-terastallize|p2a: Dragonite|Normal\n|move|p1a: Iron Valiant|Encore|p2a: Dragonite\n|-start|p2a: Dragonite|Encore\n|move|p2a: Dragonite|Dragon Dance|p2a: Dragonite\n|-boost|p2a: Dragonite|atk|1\n|-boost|p2a: Dragonite|spe|1\n|\n|upkeep\n|turn|12\n|\n|t:|1700870682\n|move|p1a: Iron Valiant|Knock Off|p2a: Dragonite\n|-damage|p2a: Dragonite|66\/100\n|-enditem|p2a: Dragonite|Heavy-Duty Boots|[from] move: Knock Off|[of] p1a: Iron Valiant\n|move|p2a: Dragonite|Dragon Dance|p2a: Dragonite\n|-boost|p2a: Dragonite|atk|1\n|-boost|p2a: Dragonite|spe|1\n|\n|upkeep\n|turn|13\n|\n|t:|1700870689\n|move|p2a: Dragonite|Dragon Dance|p2a: Dragonite\n|-boost|p2a: Dragonite|atk|1\n|-boost|p2a: Dragonite|spe|1\n|move|p1a: Iron Valiant|Close Combat|p2a: Dragonite\n|-supereffective|p2a: Dragonite\n|-damage|p2a: Dragonite|0 fnt\n|-unboost|p1a: Iron Valiant|def|1\n|-unboost|p1a: Iron Valiant|spd|1\n|faint|p2a: Dragonite\n|\n|upkeep\n|\n|t:|1700870696\n|switch|p2a: Zapdos|Zapdos|85\/100\n|turn|14\n|\n|t:|1700870709\n|-terastallize|p1a: Iron Valiant|Dark\n|move|p1a: Iron Valiant|Knock Off|p2a: Zapdos\n|-damage|p2a: Zapdos|0 fnt\n|-status|p1a: Iron Valiant|par|[from] ability: Static|[of] p2a: Zapdos\n|-enditem|p2a: Zapdos|Heavy-Duty Boots|[from] move: Knock Off|[of] p1a: Iron Valiant\n|faint|p2a: Zapdos\n|\n|upkeep\n|\n|t:|1700870714\n|switch|p2a: Scizor|Scizor, F|88\/100\n|-damage|p2a: Scizor|76\/100|[from] Stealth Rock\n|-damage|p2a: Scizor|63\/100|[from] Spikes\n|turn|15\n|\n|t:|1700870724\n|move|p2a: Scizor|Bullet Punch|p1a: Iron Valiant\n|-damage|p1a: Iron Valiant|5\/100 par\n|cant|p1a: Iron Valiant|par\n|\n|upkeep\n|turn|16\n|\n|t:|1700870730\n|move|p2a: Scizor|Bullet Punch|p1a: Iron Valiant\n|-crit|p1a: Iron Valiant\n|-damage|p1a: Iron Valiant|0 fnt\n|faint|p1a: Iron Valiant\n|-end|p1a: Iron Valiant|Quark Drive|[silent]\n|\n|upkeep\n|\n|t:|1700870736\n|switch|p1a: Iron Moth|Iron Moth|100\/100\n|-enditem|p1a: Iron Moth|Booster Energy\n|-activate|p1a: Iron Moth|ability: Quark Drive|[fromitem]\n|-start|p1a: Iron Moth|quarkdrivespe\n|turn|17\n|\n|t:|1700870742\n|switch|p2a: Glimmora|Glimmora, M|100\/100\n|-damage|p2a: Glimmora|88\/100|[from] Stealth Rock\n|-damage|p2a: Glimmora|76\/100|[from] Spikes\n|move|p1a: Iron Moth|Fiery Dance|p2a: Glimmora\n|-resisted|p2a: Glimmora\n|-damage|p2a: Glimmora|48\/100\n|\n|upkeep\n|turn|18\n|\n|t:|1700870751\n|move|p1a: Iron Moth|Psychic|p2a: Glimmora\n|-supereffective|p2a: Glimmora\n|-damage|p2a: Glimmora|0 fnt\n|faint|p2a: Glimmora\n|\n|upkeep\n|\n|t:|1700870753\n|switch|p2a: Greninja|Greninja, M|100\/100\n|-damage|p2a: Greninja|88\/100|[from] Stealth Rock\n|-damage|p2a: Greninja|76\/100|[from] Spikes\n|turn|19\n|\n|t:|1700870766\n|move|p1a: Iron Moth|Dazzling Gleam|p2a: Greninja\n|-supereffective|p2a: Greninja\n|-damage|p2a: Greninja|0 fnt\n|faint|p2a: Greninja\n|\n|upkeep\n|\n|t:|1700870770\n|switch|p2a: Iron Valiant|Iron Valiant|100\/100\n|-damage|p2a: Iron Valiant|94\/100|[from] Stealth Rock\n|-damage|p2a: Iron Valiant|82\/100|[from] Spikes\n|-enditem|p2a: Iron Valiant|Booster Energy\n|-activate|p2a: Iron Valiant|ability: Quark Drive|[fromitem]\n|-start|p2a: Iron Valiant|quarkdrivespe\n|turn|20\n|\n|t:|1700870781\n|move|p2a: Iron Valiant|Moonblast|p1a: Iron Moth\n|-resisted|p1a: Iron Moth\n|-damage|p1a: Iron Moth|90\/100\n|-unboost|p1a: Iron Moth|spa|1\n|move|p1a: Iron Moth|Dazzling Gleam|p2a: Iron Valiant\n|-supereffective|p2a: Iron Valiant\n|-damage|p2a: Iron Valiant|14\/100\n|\n|upkeep\n|turn|21\n|\n|t:|1700870790\n|move|p2a: Iron Valiant|Thunderbolt|p1a: Iron Moth\n|-damage|p1a: Iron Moth|57\/100\n|move|p1a: Iron Moth|Fiery Dance|p2a: Iron Valiant\n|-damage|p2a: Iron Valiant|0 fnt\n|-boost|p1a: Iron Moth|spa|1\n|faint|p2a: Iron Valiant\n|-end|p2a: Iron Valiant|Quark Drive|[silent]\n|\n|upkeep\n|\n|t:|1700870792\n|switch|p2a: Scizor|Scizor, F|63\/100\n|-damage|p2a: Scizor|51\/100|[from] Stealth Rock\n|-damage|p2a: Scizor|39\/100|[from] Spikes\n|turn|22\n|\n|t:|1700870803\n|move|p2a: Scizor|Bullet Punch|p1a: Iron Moth\n|-resisted|p1a: Iron Moth\n|-damage|p1a: Iron Moth|21\/100\n|move|p1a: Iron Moth|Fiery Dance|p2a: Scizor\n|-supereffective|p2a: Scizor\n|-damage|p2a: Scizor|0 fnt\n|-boost|p1a: Iron Moth|spa|1\n|faint|p2a: Scizor\n|\n|win|Podtastic1\n|raw|Podtastic1's rating: 1313 &rarr; <strong>1337<\/strong><br \/>(+24 for winning)\n|raw|LuckyTux's rating: 1391 &rarr; <strong>1367<\/strong><br \/>(-24 for losing)\n","uploadtime":1700870806,"views":1,"p1id":"podtastic1","p2id":"luckytux","formatid":"gen9ou","rating":1337,"private":0,"password":""}