{"id":"gen9ou-1996453936","p1":"yellowy light","p2":"retrowarrior490","format":"[Gen 9] OU","log":"|j|\u2606yellowy light\n|j|\u2606retrowarrior490\n|t:|1700683532\n|gametype|singles\n|player|p1|yellowy light|zinnia|1260\n|player|p2|retrowarrior490|2|1203\n|teamsize|p1|6\n|teamsize|p2|6\n|gen|9\n|tier|[Gen 9] OU\n|rated|\n|rule|Sleep Clause Mod: Limit one foe put to sleep\n|rule|Species Clause: Limit one of each Pok\u00e9mon\n|rule|OHKO Clause: OHKO moves are banned\n|rule|Evasion Items Clause: Evasion items are banned\n|rule|Evasion Moves Clause: Evasion moves are banned\n|rule|Endless Battle Clause: Forcing endless battles is banned\n|rule|HP Percentage Mod: HP is shown in percentages\n|clearpoke\n|poke|p1|Torkoal, M|\n|poke|p1|Walking Wake|\n|poke|p1|Great Tusk|\n|poke|p1|Ceruledge, M|\n|poke|p1|Kingambit, M|\n|poke|p1|Enamorus, F|\n|poke|p2|Great Tusk|\n|poke|p2|Kingambit, F|\n|poke|p2|Heatran, M|\n|poke|p2|Rillaboom, M|\n|poke|p2|Weavile, M|\n|poke|p2|Hawlucha, F|\n|teampreview\n|\n|t:|1700683557\n|start\n|switch|p1a: Enamorus|Enamorus, F|100\/100\n|switch|p2a: Great Tusk|Great Tusk|100\/100\n|turn|1\n|inactive|Battle timer is ON: inactive players will automatically lose when time's up. (requested by yellowy light)\n|\n|t:|1700683606\n|-end|p2a: Great Tusk|Protosynthesis|[silent]\n|switch|p2a: Heatran|Heatran, M|100\/100\n|-item|p2a: Heatran|Air Balloon\n|move|p1a: Enamorus|Moonblast|p2a: Heatran\n|-resisted|p2a: Heatran\n|-damage|p2a: Heatran|92\/100\n|-enditem|p2a: Heatran|Air Balloon\n|\n|upkeep\n|turn|2\n|\n|t:|1700683617\n|move|p1a: Enamorus|Earth Power|p2a: Heatran\n|-supereffective|p2a: Heatran\n|-damage|p2a: Heatran|15\/100\n|move|p2a: Heatran|Stealth Rock|p1a: Enamorus\n|-sidestart|p1: yellowy light|move: Stealth Rock\n|\n|upkeep\n|turn|3\n|\n|t:|1700683627\n|switch|p2a: Rillaboom|Rillaboom, M|100\/100\n|-fieldstart|move: Grassy Terrain|[from] ability: Grassy Surge|[of] p2a: Rillaboom\n|move|p1a: Enamorus|Earth Power|p2a: Rillaboom\n|-resisted|p2a: Rillaboom\n|-crit|p2a: Rillaboom\n|-damage|p2a: Rillaboom|70\/100\n|\n|-heal|p2a: Rillaboom|76\/100|[from] Grassy Terrain\n|upkeep\n|turn|4\n|\n|t:|1700683633\n|move|p1a: Enamorus|Mystical Fire|p2a: Rillaboom\n|-supereffective|p2a: Rillaboom\n|-damage|p2a: Rillaboom|3\/100\n|-unboost|p2a: Rillaboom|spa|1\n|move|p2a: Rillaboom|Swords Dance|p2a: Rillaboom\n|-boost|p2a: Rillaboom|atk|2\n|\n|-heal|p2a: Rillaboom|9\/100|[from] Grassy Terrain\n|upkeep\n|turn|5\n|\n|t:|1700683638\n|-terastallize|p2a: Rillaboom|Water\n|move|p2a: Rillaboom|Grassy Glide|p1a: Enamorus\n|-resisted|p1a: Enamorus\n|-damage|p1a: Enamorus|24\/100\n|-damage|p2a: Rillaboom|0 fnt|[from] item: Life Orb\n|faint|p2a: Rillaboom\n|move|p1a: Enamorus|Moonblast|p2: Rillaboom|[notarget]\n|-fail|p1a: Enamorus\n|\n|upkeep\n|c|\u2606retrowarrior490|fuck\n|\n|t:|1700683648\n|switch|p2a: Hawlucha|Hawlucha, F|100\/100\n|-enditem|p2a: Hawlucha|Grassy Seed\n|-boost|p2a: Hawlucha|def|1|[from] item: Grassy Seed\n|turn|6\n|\n|t:|1700683654\n|move|p2a: Hawlucha|Acrobatics|p1a: Enamorus\n|-damage|p1a: Enamorus|0 fnt\n|faint|p1a: Enamorus\n|\n|upkeep\n|\n|t:|1700683658\n|switch|p1a: Torkoal|Torkoal, M|100\/100\n|-damage|p1a: Torkoal|75\/100|[from] Stealth Rock\n|-weather|SunnyDay|[from] ability: Drought|[of] p1a: Torkoal\n|turn|7\n|\n|t:|1700683665\n|move|p2a: Hawlucha|Swords Dance|p2a: Hawlucha\n|-boost|p2a: Hawlucha|atk|2\n|move|p1a: Torkoal|Rapid Spin|p2a: Hawlucha\n|-damage|p2a: Hawlucha|92\/100\n|-boost|p1a: Torkoal|spe|1\n|-sideend|p1: yellowy light|Stealth Rock|[from] move: Rapid Spin|[of] p1a: Torkoal\n|\n|-weather|SunnyDay|[upkeep]\n|-heal|p1a: Torkoal|82\/100|[from] Grassy Terrain\n|-fieldend|move: Grassy Terrain\n|upkeep\n|turn|8\n|\n|t:|1700683672\n|move|p2a: Hawlucha|Swords Dance|p2a: Hawlucha\n|-boost|p2a: Hawlucha|atk|2\n|move|p1a: Torkoal|Yawn|p2a: Hawlucha\n|-start|p2a: Hawlucha|move: Yawn|[of] p1a: Torkoal\n|\n|-weather|SunnyDay|[upkeep]\n|upkeep\n|turn|9\n|\n|t:|1700683680\n|move|p2a: Hawlucha|Close Combat|p1a: Torkoal\n|-damage|p1a: Torkoal|0 fnt\n|-unboost|p2a: Hawlucha|def|1\n|-unboost|p2a: Hawlucha|spd|1\n|faint|p1a: Torkoal\n|\n|-weather|SunnyDay|[upkeep]\n|-end|p2a: Hawlucha|move: Yawn|[silent]\n|-status|p2a: Hawlucha|slp\n|upkeep\n|\n|t:|1700683690\n|switch|p1a: Walking Wake|Walking Wake|100\/100\n|-activate|p1a: Walking Wake|ability: Protosynthesis\n|-start|p1a: Walking Wake|protosynthesisspe\n|turn|10\n|\n|t:|1700683695\n|-terastallize|p1a: Walking Wake|Water\n|cant|p2a: Hawlucha|slp\n|move|p1a: Walking Wake|Hydro Steam|p2a: Hawlucha\n|-damage|p2a: Hawlucha|0 fnt\n|faint|p2a: Hawlucha\n|\n|-weather|SunnyDay|[upkeep]\n|upkeep\n|\n|t:|1700683703\n|switch|p2a: Heatran|Heatran, M|15\/100\n|turn|11\n|\n|t:|1700683707\n|move|p1a: Walking Wake|Hydro Steam|p2a: Heatran\n|-supereffective|p2a: Heatran\n|-damage|p2a: Heatran|0 fnt\n|faint|p2a: Heatran\n|\n|-weather|SunnyDay|[upkeep]\n|upkeep\n|\n|t:|1700683717\n|switch|p2a: Weavile|Weavile, M|100\/100\n|-ability|p2a: Weavile|Pressure\n|turn|12\n|\n|t:|1700683726\n|move|p1a: Walking Wake|Hydro Steam|p2a: Weavile\n|-damage|p2a: Weavile|0 fnt\n|faint|p2a: Weavile\n|\n|-weather|SunnyDay|[upkeep]\n|upkeep\n|\n|t:|1700683732\n|switch|p2a: Great Tusk|Great Tusk|100\/100\n|-activate|p2a: Great Tusk|ability: Protosynthesis\n|-start|p2a: Great Tusk|protosynthesisatk\n|turn|13\n|\n|t:|1700683736\n|move|p1a: Walking Wake|Hydro Steam|p2a: Great Tusk\n|-supereffective|p2a: Great Tusk\n|-damage|p2a: Great Tusk|0 fnt\n|faint|p2a: Great Tusk\n|-end|p2a: Great Tusk|Protosynthesis|[silent]\n|\n|-weather|SunnyDay|[upkeep]\n|upkeep\n|\n|t:|1700683738\n|switch|p2a: Kingambit|Kingambit, F|100\/100\n|-activate|p2a: Kingambit|ability: Supreme Overlord\n|-start|p2a: Kingambit|fallen5|[silent]\n|turn|14\n|\n|t:|1700683744\n|move|p1a: Walking Wake|Hydro Steam|p2a: Kingambit\n|-damage|p2a: Kingambit|0 fnt\n|faint|p2a: Kingambit\n|-end|p2a: Kingambit|fallen5|[silent]\n|\n|win|yellowy light\n|raw|yellowy light's rating: 1260 &rarr; <strong>1281<\/strong><br \/>(+21 for winning)\n|raw|retrowarrior490's rating: 1203 &rarr; <strong>1182<\/strong><br \/>(-21 for losing)\n|l|\u2606retrowarrior490\n","uploadtime":1700683749,"views":1,"p1id":"yellowylight","p2id":"retrowarrior490","formatid":"gen9ou","rating":1182,"private":0,"password":""}