{"id":"gen9ou-1988914914","p1":"siummmette","p2":"snotnosezill","format":"[Gen 9] OU","log":"|j|\u2606siummmette\n|j|\u2606snotnosezill\n|t:|1699786914\n|gametype|singles\n|player|p1|siummmette|colress|1069\n|player|p2|snotnosezill|169|1120\n|teamsize|p1|6\n|teamsize|p2|6\n|gen|9\n|tier|[Gen 9] OU\n|rated|\n|rule|Sleep Clause Mod: Limit one foe put to sleep\n|rule|Species Clause: Limit one of each Pok\u00e9mon\n|rule|OHKO Clause: OHKO moves are banned\n|rule|Evasion Items Clause: Evasion items are banned\n|rule|Evasion Moves Clause: Evasion moves are banned\n|rule|Endless Battle Clause: Forcing endless battles is banned\n|rule|HP Percentage Mod: HP is shown in percentages\n|clearpoke\n|poke|p1|Infernape, F|\n|poke|p1|Iron Valiant|\n|poke|p1|Quaquaval, F|\n|poke|p1|Corviknight, F|\n|poke|p1|Clodsire, M|\n|poke|p1|Tsareena, F|\n|poke|p2|Torkoal, F|\n|poke|p2|Skeledirge, M|\n|poke|p2|Heatran, F|\n|poke|p2|Scream Tail|\n|poke|p2|Walking Wake|\n|poke|p2|Hatterene, F|\n|teampreview\n|inactive|Battle timer is ON: inactive players will automatically lose when time's up. (requested by siummmette)\n|\n|t:|1699786929\n|start\n|switch|p1a: Clodsire|Clodsire, M|100\/100\n|switch|p2a: Hatterene|Hatterene, F|100\/100\n|turn|1\n|\n|t:|1699786953\n|move|p2a: Hatterene|Dazzling Gleam|p1a: Clodsire\n|-resisted|p1a: Clodsire\n|-damage|p1a: Clodsire|89\/100\n|move|p1a: Clodsire|Earthquake|p2a: Hatterene\n|-damage|p2a: Hatterene|74\/100\n|-enditem|p2a: Hatterene|Eject Button\n|c|\u2606siummmette|terrible type sinergy\n|inactive|snotnosezill has 120 seconds left.\n|\n|t:|1699786968\n|switch|p2a: Walking Wake|Walking Wake|100\/100\n|-enditem|p2a: Walking Wake|Booster Energy\n|-activate|p2a: Walking Wake|ability: Protosynthesis|[fromitem]\n|-start|p2a: Walking Wake|protosynthesisspa\n|\n|-heal|p1a: Clodsire|95\/100|[from] item: Leftovers\n|upkeep\n|turn|2\n|inactive|snotnosezill has 120 seconds left.\n|\n|t:|1699786987\n|move|p2a: Walking Wake|Agility|p2a: Walking Wake\n|-boost|p2a: Walking Wake|spe|2\n|move|p1a: Clodsire|Toxic|p2a: Walking Wake\n|-status|p2a: Walking Wake|tox\n|\n|-heal|p1a: Clodsire|100\/100|[from] item: Leftovers\n|-damage|p2a: Walking Wake|94\/100 tox|[from] psn\n|upkeep\n|turn|3\n|inactive|snotnosezill has 120 seconds left.\n|\n|t:|1699786997\n|move|p2a: Walking Wake|Hydro Steam|p1a: Clodsire\n|-supereffective|p1a: Clodsire\n|-damage|p1a: Clodsire|30\/100\n|move|p1a: Clodsire|Spikes|p2a: Walking Wake\n|-sidestart|p2: snotnosezill|Spikes\n|\n|-heal|p1a: Clodsire|36\/100|[from] item: Leftovers\n|-damage|p2a: Walking Wake|82\/100 tox|[from] psn\n|upkeep\n|turn|4\n|\n|t:|1699787008\n|switch|p1a: Tsareena|Tsareena, F|100\/100\n|move|p2a: Walking Wake|Hydro Steam|p1a: Tsareena\n|-resisted|p1a: Tsareena\n|-damage|p1a: Tsareena|73\/100\n|\n|-damage|p2a: Walking Wake|63\/100 tox|[from] psn\n|upkeep\n|turn|5\n|\n|t:|1699787017\n|move|p2a: Walking Wake|Flamethrower|p1a: Tsareena\n|-supereffective|p1a: Tsareena\n|-damage|p1a: Tsareena|0 fnt\n|faint|p1a: Tsareena\n|\n|-damage|p2a: Walking Wake|39\/100 tox|[from] psn\n|upkeep\n|\n|t:|1699787025\n|switch|p1a: Clodsire|Clodsire, M|36\/100\n|turn|6\n|\n|t:|1699787031\n|-terastallize|p1a: Clodsire|Grass\n|move|p2a: Walking Wake|Hydro Steam|p1a: Clodsire\n|-resisted|p1a: Clodsire\n|-damage|p1a: Clodsire|20\/100\n|move|p1a: Clodsire|Recover|p1a: Clodsire\n|-heal|p1a: Clodsire|70\/100\n|\n|-heal|p1a: Clodsire|76\/100|[from] item: Leftovers\n|-damage|p2a: Walking Wake|8\/100 tox|[from] psn\n|upkeep\n|turn|7\n|\n|t:|1699787046\n|-end|p2a: Walking Wake|Protosynthesis|[silent]\n|switch|p2a: Hatterene|Hatterene, F|74\/100\n|-damage|p2a: Hatterene|62\/100|[from] Spikes\n|move|p1a: Clodsire|Spikes|p2a: Hatterene\n|move|p2a: Hatterene|Spikes|p1a: Clodsire|[from]ability: Magic Bounce\n|-sidestart|p1: siummmette|Spikes\n|\n|-heal|p1a: Clodsire|82\/100|[from] item: Leftovers\n|upkeep\n|turn|8\n|\n|t:|1699787057\n|move|p2a: Hatterene|Nuzzle|p1a: Clodsire\n|-resisted|p1a: Clodsire\n|-damage|p1a: Clodsire|80\/100\n|-status|p1a: Clodsire|par\n|move|p1a: Clodsire|Earthquake|p2a: Hatterene\n|-damage|p2a: Hatterene|35\/100\n|\n|-heal|p1a: Clodsire|86\/100 par|[from] item: Leftovers\n|upkeep\n|turn|9\n|\n|t:|1699787069\n|switch|p2a: Heatran|Heatran, F|100\/100\n|-item|p2a: Heatran|Air Balloon\n|move|p1a: Clodsire|Earthquake|p2a: Heatran\n|-immune|p2a: Heatran\n|\n|-heal|p1a: Clodsire|93\/100 par|[from] item: Leftovers\n|upkeep\n|turn|10\n|\n|t:|1699787079\n|move|p2a: Heatran|Magma Storm|p1a: Clodsire\n|-supereffective|p1a: Clodsire\n|-damage|p1a: Clodsire|37\/100 par\n|-activate|p1a: Clodsire|move: Magma Storm|[of] p2a: Heatran\n|move|p1a: Clodsire|Spikes|p2a: Heatran\n|-sidestart|p2: snotnosezill|Spikes\n|\n|-heal|p1a: Clodsire|43\/100 par|[from] item: Leftovers\n|-damage|p1a: Clodsire|30\/100 par|[from] move: Magma Storm|[partiallytrapped]\n|upkeep\n|turn|11\n|\n|t:|1699787094\n|move|p2a: Heatran|Magma Storm|p1a: Clodsire\n|-supereffective|p1a: Clodsire\n|-damage|p1a: Clodsire|0 fnt\n|faint|p1a: Clodsire\n|\n|upkeep\n|\n|t:|1699787102\n|switch|p1a: Iron Valiant|Iron Valiant|100\/100\n|-damage|p1a: Iron Valiant|88\/100|[from] Spikes\n|-enditem|p1a: Iron Valiant|Booster Energy\n|-activate|p1a: Iron Valiant|ability: Quark Drive|[fromitem]\n|-start|p1a: Iron Valiant|quarkdrivespe\n|turn|12\n|\n|t:|1699787111\n|move|p1a: Iron Valiant|Calm Mind|p1a: Iron Valiant\n|-boost|p1a: Iron Valiant|spa|1\n|-boost|p1a: Iron Valiant|spd|1\n|move|p2a: Heatran|Magma Storm|p1a: Iron Valiant\n|-damage|p1a: Iron Valiant|14\/100\n|-activate|p1a: Iron Valiant|move: Magma Storm|[of] p2a: Heatran\n|\n|-damage|p1a: Iron Valiant|2\/100|[from] move: Magma Storm|[partiallytrapped]\n|upkeep\n|turn|13\n|\n|t:|1699787120\n|move|p2a: Heatran|Protect|p2a: Heatran\n|-singleturn|p2a: Heatran|Protect\n|move|p1a: Iron Valiant|Aura Sphere|p2a: Heatran\n|-activate|p2a: Heatran|move: Protect\n|\n|-damage|p1a: Iron Valiant|0 fnt|[from] move: Magma Storm|[partiallytrapped]\n|faint|p1a: Iron Valiant\n|-end|p1a: Iron Valiant|Quark Drive|[silent]\n|upkeep\n|\n|t:|1699787123\n|switch|p1a: Quaquaval|Quaquaval, F|100\/100\n|-damage|p1a: Quaquaval|88\/100|[from] Spikes\n|turn|14\n|\n|t:|1699787142\n|-terastallize|p2a: Heatran|Grass\n|move|p1a: Quaquaval|Aqua Step|p2a: Heatran\n|-resisted|p2a: Heatran\n|-damage|p2a: Heatran|72\/100\n|-boost|p1a: Quaquaval|spe|1\n|-enditem|p2a: Heatran|Air Balloon\n|move|p2a: Heatran|Solar Beam||[still]\n|-prepare|p2a: Heatran|Solar Beam\n|\n|upkeep\n|turn|15\n|\n|t:|1699787159\n|switch|p1a: Infernape|Infernape, F|100\/100\n|move|p2a: Heatran|Solar Beam|p1a: Infernape|[from]lockedmove\n|-resisted|p1a: Infernape\n|-damage|p1a: Infernape|49\/100\n|\n|upkeep\n|turn|16\n|inactive|siummmette has 120 seconds left.\n|\n|t:|1699787205\n|switch|p2a: Skeledirge|Skeledirge, M|100\/100\n|-damage|p2a: Skeledirge|84\/100|[from] Spikes\n|move|p1a: Infernape|Swords Dance|p1a: Infernape\n|-boost|p1a: Infernape|atk|2\n|\n|upkeep\n|turn|17\n|\n|t:|1699787220\n|move|p1a: Infernape|Knock Off|p2a: Skeledirge\n|-supereffective|p2a: Skeledirge\n|-damage|p2a: Skeledirge|30\/100\n|-enditem|p2a: Skeledirge|Blunder Policy|[from] move: Knock Off|[of] p1a: Infernape\n|move|p2a: Skeledirge|Sing|p1a: Infernape\n|-status|p1a: Infernape|slp|[from] move: Sing\n|\n|upkeep\n|turn|18\n|\n|t:|1699787235\n|cant|p1a: Infernape|slp\n|move|p2a: Skeledirge|Slack Off|p2a: Skeledirge\n|-heal|p2a: Skeledirge|80\/100\n|\n|upkeep\n|turn|19\n|\n|t:|1699787242\n|cant|p1a: Infernape|slp\n|move|p2a: Skeledirge|Earth Power|p1a: Infernape\n|-supereffective|p1a: Infernape\n|-damage|p1a: Infernape|0 fnt\n|faint|p1a: Infernape\n|\n|upkeep\n|\n|t:|1699787247\n|switch|p1a: Quaquaval|Quaquaval, F|88\/100\n|-damage|p1a: Quaquaval|75\/100|[from] Spikes\n|turn|20\n|c|\u2606snotnosezill|No such thing as type synergy in gen 9\n|c|\u2606snotnosezill|Get good\n|c|\u2606snotnosezill|Kid\n|inactive|snotnosezill has 120 seconds left.\n|\n|t:|1699787291\n|move|p1a: Quaquaval|Flip Turn|p2a: Skeledirge\n|-supereffective|p2a: Skeledirge\n|-damage|p2a: Skeledirge|0 fnt\n|faint|p2a: Skeledirge\n|-ability|p1a: Quaquaval|Moxie|boost\n|-boost|p1a: Quaquaval|atk|1\n|\n|t:|1699787308\n|switch|p1a: Corviknight|Corviknight, F|100\/100|[from] Flip Turn\n|-ability|p1a: Corviknight|Pressure\n|\n|upkeep\n|\n|t:|1699787328\n|switch|p2a: Torkoal|Torkoal, F|100\/100\n|-damage|p2a: Torkoal|84\/100|[from] Spikes\n|-weather|SunnyDay|[from] ability: Drought|[of] p2a: Torkoal\n|turn|21\n|inactive|siummmette has 120 seconds left.\n|\n|t:|1699787355\n|move|p1a: Corviknight|Brave Bird|p2a: Torkoal\n|-damage|p2a: Torkoal|58\/100\n|-damage|p1a: Corviknight|93\/100|[from] Recoil\n|move|p2a: Torkoal|Lava Plume|p1a: Corviknight\n|-supereffective|p1a: Corviknight\n|-damage|p1a: Corviknight|0 fnt\n|faint|p1a: Corviknight\n|\n|-weather|SunnyDay|[upkeep]\n|upkeep\n|\n|t:|1699787362\n|switch|p1a: Quaquaval|Quaquaval, F|75\/100\n|-damage|p1a: Quaquaval|63\/100|[from] Spikes\n|turn|22\n|inactive|siummmette has 120 seconds left.\n|\n|t:|1699787378\n|switch|p2a: Scream Tail|Scream Tail|100\/100\n|-damage|p2a: Scream Tail|84\/100|[from] Spikes\n|-activate|p2a: Scream Tail|ability: Protosynthesis\n|-start|p2a: Scream Tail|protosynthesisspd\n|move|p1a: Quaquaval|Close Combat|p2a: Scream Tail\n|-resisted|p2a: Scream Tail\n|-damage|p2a: Scream Tail|64\/100\n|-unboost|p1a: Quaquaval|def|1\n|-unboost|p1a: Quaquaval|spd|1\n|\n|-weather|SunnyDay|[upkeep]\n|-heal|p2a: Scream Tail|70\/100|[from] item: Leftovers\n|upkeep\n|turn|23\n|inactive|snotnosezill has 120 seconds left.\n|\n|t:|1699787392\n|move|p2a: Scream Tail|Encore|p1a: Quaquaval\n|-start|p1a: Quaquaval|Encore\n|move|p1a: Quaquaval|Close Combat|p2a: Scream Tail\n|-resisted|p2a: Scream Tail\n|-damage|p2a: Scream Tail|52\/100\n|-unboost|p1a: Quaquaval|def|1\n|-unboost|p1a: Quaquaval|spd|1\n|\n|-weather|SunnyDay|[upkeep]\n|-heal|p2a: Scream Tail|59\/100|[from] item: Leftovers\n|upkeep\n|turn|24\n|-message|siummmette forfeited.\n|\n|win|snotnosezill\n|raw|siummmette's rating: 1069 &rarr; <strong>1052<\/strong><br \/>(-17 for losing)\n|raw|snotnosezill's rating: 1120 &rarr; <strong>1141<\/strong><br \/>(+21 for winning)\n|l|\u2606siummmette\n","uploadtime":1699787415,"views":22,"p1id":"siummmette","p2id":"snotnosezill","formatid":"gen9ou","rating":1052,"private":0,"password":""}