{"id":"gen9ou-1995051876","p1":"RadReaper","p2":"YoungBaconBoy","format":"[Gen 9] OU","log":"|j|\u2606RadReaper\n|j|\u2606YoungBaconBoy\n|t:|1700517358\n|gametype|singles\n|player|p1|RadReaper|bugcatcher-gen4dp|1184\n|player|p2|YoungBaconBoy|1|1174\n|teamsize|p1|6\n|teamsize|p2|6\n|gen|9\n|tier|[Gen 9] OU\n|rated|\n|rule|Sleep Clause Mod: Limit one foe put to sleep\n|rule|Species Clause: Limit one of each Pok\u00e9mon\n|rule|OHKO Clause: OHKO moves are banned\n|rule|Evasion Items Clause: Evasion items are banned\n|rule|Evasion Moves Clause: Evasion moves are banned\n|rule|Endless Battle Clause: Forcing endless battles is banned\n|rule|HP Percentage Mod: HP is shown in percentages\n|clearpoke\n|poke|p1|Articuno-Galar|\n|poke|p1|Mamoswine, F|\n|poke|p1|Samurott-Hisui, F|\n|poke|p1|Weezing-Galar, F|\n|poke|p1|Brambleghast, M|\n|poke|p1|Moltres|\n|poke|p2|Maushold|\n|poke|p2|Rillaboom, M|\n|poke|p2|Great Tusk|\n|poke|p2|Heatran, F|\n|poke|p2|Enamorus, F|\n|poke|p2|Kingambit, F|\n|teampreview\n|inactive|Battle timer is ON: inactive players will automatically lose when time's up. (requested by RadReaper)\n|inactive|YoungBaconBoy has 120 seconds left.\n|\n|t:|1700517407\n|start\n|switch|p1a: Weezing|Weezing-Galar, F, shiny|100\/100\n|switch|p2a: Rillaboom|Rillaboom, M|100\/100\n|-ability|p1a: Weezing|Neutralizing Gas\n|turn|1\n|inactive|YoungBaconBoy has 120 seconds left.\n|\n|t:|1700517439\n|switch|p2a: Kingambit|Kingambit, F|100\/100\n|move|p1a: Weezing|Toxic Spikes|p2a: Kingambit\n|-sidestart|p2: YoungBaconBoy|move: Toxic Spikes\n|\n|upkeep\n|turn|2\n|inactive|YoungBaconBoy has 120 seconds left.\n|\n|t:|1700517452\n|move|p1a: Weezing|Will-O-Wisp|p2a: Kingambit\n|-status|p2a: Kingambit|brn\n|move|p2a: Kingambit|Kowtow Cleave|p1a: Weezing\n|-resisted|p1a: Weezing\n|-damage|p1a: Weezing|93\/100\n|\n|-heal|p1a: Weezing|99\/100|[from] item: Black Sludge\n|-damage|p2a: Kingambit|94\/100 brn|[from] brn\n|upkeep\n|turn|3\n|inactive|YoungBaconBoy has 120 seconds left.\n|\n|t:|1700517479\n|-end|p2a: Kingambit|fallenundefined|[silent]\n|switch|p2a: Heatran|Heatran, F|100\/100\n|move|p1a: Weezing|Will-O-Wisp|p2a: Heatran\n|-immune|p2a: Heatran\n|\n|-heal|p1a: Weezing|100\/100|[from] item: Black Sludge\n|upkeep\n|turn|4\n|\n|t:|1700517494\n|-end|p1a: Weezing|ability: Neutralizing Gas\n|switch|p1a: Samurott|Samurott-Hisui, F|100\/100\n|move|p2a: Heatran|Taunt|p1a: Samurott\n|-start|p1a: Samurott|move: Taunt\n|\n|upkeep\n|turn|5\n|inactive|YoungBaconBoy has 90 seconds left.\n|\n|t:|1700517529\n|switch|p2a: Rillaboom|Rillaboom, M|100\/100\n|-status|p2a: Rillaboom|psn\n|-fieldstart|move: Grassy Terrain|[from] ability: Grassy Surge|[of] p2a: Rillaboom\n|move|p1a: Samurott|Aqua Cutter|p2a: Rillaboom\n|-resisted|p2a: Rillaboom\n|-damage|p2a: Rillaboom|68\/100 psn\n|\n|-heal|p2a: Rillaboom|74\/100 psn|[from] Grassy Terrain\n|-damage|p2a: Rillaboom|62\/100 psn|[from] psn\n|upkeep\n|turn|6\n|inactive|YoungBaconBoy has 90 seconds left.\n|\n|t:|1700517551\n|move|p1a: Samurott|Ceaseless Edge|p2a: Rillaboom\n|-damage|p2a: Rillaboom|16\/100 psn\n|-sidestart|p2: YoungBaconBoy|Spikes\n|move|p2a: Rillaboom|U-turn|p1a: Samurott\n|-supereffective|p1a: Samurott\n|-damage|p1a: Samurott|9\/100\n|\n|t:|1700517569\n|switch|p2a: Kingambit|Kingambit, F|94\/100 brn|[from] U-turn\n|-damage|p2a: Kingambit|82\/100 brn|[from] Spikes\n|\n|-heal|p1a: Samurott|15\/100|[from] Grassy Terrain\n|-heal|p2a: Kingambit|88\/100 brn|[from] Grassy Terrain\n|-heal|p2a: Kingambit|94\/100 brn|[from] item: Leftovers\n|-damage|p2a: Kingambit|88\/100 brn|[from] brn\n|-end|p1a: Samurott|move: Taunt\n|upkeep\n|turn|7\n|\n|t:|1700517588\n|move|p2a: Kingambit|Sucker Punch|p1a: Samurott\n|-resisted|p1a: Samurott\n|-damage|p1a: Samurott|3\/100\n|move|p1a: Samurott|Aqua Cutter|p2a: Kingambit\n|-damage|p2a: Kingambit|43\/100 brn\n|\n|-heal|p1a: Samurott|9\/100|[from] Grassy Terrain\n|-heal|p2a: Kingambit|49\/100 brn|[from] Grassy Terrain\n|-heal|p2a: Kingambit|56\/100 brn|[from] item: Leftovers\n|-damage|p2a: Kingambit|49\/100 brn|[from] brn\n|upkeep\n|turn|8\n|\n|t:|1700517607\n|move|p2a: Kingambit|Sucker Punch||[still]\n|-fail|p2a: Kingambit\n|move|p1a: Samurott|Swords Dance|p1a: Samurott\n|-boost|p1a: Samurott|atk|2\n|\n|-heal|p1a: Samurott|15\/100|[from] Grassy Terrain\n|-heal|p2a: Kingambit|56\/100 brn|[from] Grassy Terrain\n|-heal|p2a: Kingambit|62\/100 brn|[from] item: Leftovers\n|-damage|p2a: Kingambit|56\/100 brn|[from] brn\n|upkeep\n|turn|9\n|inactive|YoungBaconBoy has 60 seconds left.\n|\n|t:|1700517624\n|move|p2a: Kingambit|Sucker Punch||[still]\n|-fail|p2a: Kingambit\n|move|p1a: Samurott|Swords Dance|p1a: Samurott\n|-boost|p1a: Samurott|atk|2\n|\n|-heal|p1a: Samurott|22\/100|[from] Grassy Terrain\n|-heal|p2a: Kingambit|62\/100 brn|[from] Grassy Terrain\n|-heal|p2a: Kingambit|68\/100 brn|[from] item: Leftovers\n|-damage|p2a: Kingambit|62\/100 brn|[from] brn\n|-fieldend|move: Grassy Terrain\n|upkeep\n|turn|10\n|\n|t:|1700517634\n|move|p1a: Samurott|Aqua Cutter|p2a: Kingambit\n|-damage|p2a: Kingambit|0 fnt\n|faint|p2a: Kingambit\n|-end|p2a: Kingambit|fallenundefined|[silent]\n|\n|upkeep\n|inactive|YoungBaconBoy has 60 seconds left.\n|\n|t:|1700517654\n|switch|p2a: Rillaboom|Rillaboom, M|16\/100 psn\n|-damage|p2a: Rillaboom|4\/100 psn|[from] Spikes\n|-fieldstart|move: Grassy Terrain|[from] ability: Grassy Surge|[of] p2a: Rillaboom\n|turn|11\n|inactive|YoungBaconBoy has 60 seconds left.\n|\n|t:|1700517660\n|move|p1a: Samurott|Sucker Punch|p2a: Rillaboom\n|-damage|p2a: Rillaboom|0 fnt\n|faint|p2a: Rillaboom\n|\n|-heal|p1a: Samurott|28\/100|[from] Grassy Terrain\n|upkeep\n|inactive|YoungBaconBoy has 60 seconds left.\n|c|\u2606RadReaper|bro how long does it take to choose shit\n|c|\u2606RadReaper|u have downs?\n|\n|t:|1700517686\n|switch|p2a: Great Tusk|Great Tusk|100\/100\n|-status|p2a: Great Tusk|psn\n|-damage|p2a: Great Tusk|88\/100 psn|[from] Spikes\n|turn|12\n|\n|t:|1700517695\n|move|p1a: Samurott|Sucker Punch||[still]\n|-fail|p1a: Samurott\n|move|p2a: Great Tusk|Bulk Up|p2a: Great Tusk\n|-boost|p2a: Great Tusk|atk|1\n|-boost|p2a: Great Tusk|def|1\n|\n|-heal|p2a: Great Tusk|94\/100 psn|[from] Grassy Terrain\n|-heal|p2a: Great Tusk|100\/100 psn|[from] item: Leftovers\n|-heal|p1a: Samurott|34\/100|[from] Grassy Terrain\n|-damage|p2a: Great Tusk|88\/100 psn|[from] psn\n|upkeep\n|turn|13\n|c|\u2606RadReaper|u still die to sucker punch\n|c|\u2606RadReaper|moron\n|\n|t:|1700517718\n|move|p2a: Great Tusk|Rapid Spin|p1a: Samurott\n|-damage|p1a: Samurott|6\/100\n|-boost|p2a: Great Tusk|spe|1\n|-sideend|p2: YoungBaconBoy|Spikes|[from] move: Rapid Spin|[of] p2a: Great Tusk\n|-sideend|p2: YoungBaconBoy|Toxic Spikes|[from] move: Rapid Spin|[of] p2a: Great Tusk\n|move|p1a: Samurott|Aqua Cutter|p2a: Great Tusk\n|-supereffective|p2a: Great Tusk\n|-damage|p2a: Great Tusk|0 fnt\n|faint|p2a: Great Tusk\n|-end|p2a: Great Tusk|Protosynthesis|[silent]\n|\n|-heal|p1a: Samurott|13\/100|[from] Grassy Terrain\n|upkeep\n|inactive|YoungBaconBoy has 30 seconds left.\n|c|\u2606YoungBaconBoy|??\n|inactive|YoungBaconBoy has 20 seconds left.\n|\n|t:|1700517741\n|switch|p2a: Enamorus|Enamorus, F|100\/100\n|turn|14\n|inactive|YoungBaconBoy has 30 seconds left this turn.\n|inactive|YoungBaconBoy has 20 seconds left.\n|\n|t:|1700517755\n|move|p2a: Enamorus|Moonblast|p1a: Samurott\n|-supereffective|p1a: Samurott\n|-damage|p1a: Samurott|0 fnt\n|faint|p1a: Samurott\n|\n|upkeep\n|inactive|YoungBaconBoy has 25 seconds left this turn.\n|\n|t:|1700517762\n|switch|p1a: Mamoswine|Mamoswine, F|100\/100\n|turn|15\n|inactive|YoungBaconBoy has 30 seconds left.\n|inactive|YoungBaconBoy has 20 seconds left.\n|inactive|YoungBaconBoy has 15 seconds left.\n|\n|t:|1700517783\n|switch|p2a: Heatran|Heatran, F|100\/100\n|move|p1a: Mamoswine|Icicle Crash|p2a: Heatran\n|-resisted|p2a: Heatran\n|-damage|p2a: Heatran|90\/100\n|\n|-heal|p2a: Heatran|97\/100|[from] Grassy Terrain\n|-heal|p2a: Heatran|100\/100|[from] item: Leftovers\n|-fieldend|move: Grassy Terrain\n|upkeep\n|turn|16\n|inactive|YoungBaconBoy has 25 seconds left this turn.\n|inactive|YoungBaconBoy has 20 seconds left.\n|\n|t:|1700517791\n|switch|p2a: Enamorus|Enamorus, F|100\/100\n|move|p1a: Mamoswine|Earthquake|p2a: Enamorus\n|-immune|p2a: Enamorus\n|\n|upkeep\n|turn|17\n|inactive|YoungBaconBoy has 30 seconds left this turn.\n|\n|t:|1700517799\n|-terastallize|p2a: Enamorus|Fairy\n|move|p2a: Enamorus|Moonblast|p1a: Mamoswine\n|-damage|p1a: Mamoswine|2\/100\n|move|p1a: Mamoswine|Icicle Crash|p2a: Enamorus|[miss]\n|-miss|p1a: Mamoswine|p2a: Enamorus\n|\n|upkeep\n|turn|18\n|c|\u2606RadReaper|???\n|c|\u2606RadReaper|bri are yr giid\n|inactive|YoungBaconBoy has 30 seconds left.\n|n|!RadReaper|radreaper\n|c|\u2606YoungBaconBoy|lol\n|\n|t:|1700517814\n|move|p1a: Mamoswine|Ice Shard|p2a: Enamorus\n|-damage|p2a: Enamorus|64\/100\n|move|p2a: Enamorus|Moonblast|p1a: Mamoswine\n|-damage|p1a: Mamoswine|0 fnt\n|faint|p1a: Mamoswine\n|\n|upkeep\n|inactive|YoungBaconBoy has 30 seconds left this turn.\n|\n|t:|1700517820\n|switch|p1a: Brambleghast|Brambleghast, M|100\/100\n|turn|19\n|\n|t:|1700517824\n|move|p2a: Enamorus|Moonblast|p1a: Brambleghast\n|-damage|p1a: Brambleghast|0 fnt\n|faint|p1a: Brambleghast\n|\n|upkeep\n|\n|t:|1700517833\n|switch|p1a: Moltres|Moltres, shiny|100\/100\n|turn|20\n|\n|t:|1700517842\n|move|p2a: Enamorus|Moonblast|p1a: Moltres\n|-resisted|p1a: Moltres\n|-damage|p1a: Moltres|63\/100\n|-unboost|p1a: Moltres|spa|1\n|move|p1a: Moltres|Flamethrower|p2a: Enamorus\n|-damage|p2a: Enamorus|26\/100\n|\n|upkeep\n|turn|21\n|\n|t:|1700517852\n|move|p2a: Enamorus|Moonblast|p1a: Moltres\n|-resisted|p1a: Moltres\n|-damage|p1a: Moltres|28\/100\n|-unboost|p1a: Moltres|spa|1\n|move|p1a: Moltres|Flamethrower|p2a: Enamorus\n|-damage|p2a: Enamorus|2\/100\n|-status|p2a: Enamorus|brn\n|\n|-damage|p2a: Enamorus|0 fnt|[from] brn\n|faint|p2a: Enamorus\n|upkeep\n|\n|t:|1700517869\n|switch|p2a: Maushold|Maushold|100\/100\n|turn|22\n|\n|t:|1700517880\n|switch|p1a: Weezing|Weezing-Galar, F, shiny|100\/100\n|-ability|p1a: Weezing|Neutralizing Gas\n|move|p2a: Maushold|Tidy Up|p2a: Maushold\n|-boost|p2a: Maushold|atk|1\n|-boost|p2a: Maushold|spe|1\n|\n|upkeep\n|turn|23\n|\n|t:|1700517898\n|move|p2a: Maushold|Population Bomb|p1a: Weezing\n|-damage|p1a: Weezing|93\/100\n|-damage|p1a: Weezing|85\/100\n|-damage|p1a: Weezing|78\/100\n|-damage|p1a: Weezing|71\/100\n|-damage|p1a: Weezing|63\/100\n|-damage|p1a: Weezing|56\/100\n|-damage|p1a: Weezing|49\/100\n|-damage|p1a: Weezing|42\/100\n|-damage|p1a: Weezing|34\/100\n|-damage|p1a: Weezing|26\/100\n|-hitcount|p1a: Weezing|10\n|move|p1a: Weezing|Will-O-Wisp|p2a: Maushold\n|-status|p2a: Maushold|brn\n|\n|-heal|p1a: Weezing|32\/100|[from] item: Black Sludge\n|-damage|p2a: Maushold|94\/100 brn|[from] brn\n|upkeep\n|turn|24\n|inactive|YoungBaconBoy has 30 seconds left.\n|\n|t:|1700517928\n|move|p2a: Maushold|Population Bomb|p1a: Weezing\n|-damage|p1a: Weezing|29\/100\n|-crit|p1a: Weezing\n|-damage|p1a: Weezing|24\/100\n|-damage|p1a: Weezing|20\/100\n|-damage|p1a: Weezing|16\/100\n|-damage|p1a: Weezing|13\/100\n|-damage|p1a: Weezing|9\/100\n|-damage|p1a: Weezing|6\/100\n|-damage|p1a: Weezing|3\/100\n|-crit|p1a: Weezing\n|-damage|p1a: Weezing|0 fnt\n|faint|p1a: Weezing\n|-end|p1a: Weezing|ability: Neutralizing Gas\n|-hitcount|p1: Weezing|9\n|\n|-damage|p2a: Maushold|88\/100 brn|[from] brn\n|upkeep\n|inactive|YoungBaconBoy has 30 seconds left this turn.\n|inactive|RadReaper has 120 seconds left.\n|\n|t:|1700517945\n|switch|p1a: Articuno|Articuno-Galar, shiny|100\/100\n|turn|25\n|inactive|YoungBaconBoy has 30 seconds left.\n|inactive|YoungBaconBoy has 20 seconds left.\n|inactive|YoungBaconBoy has 15 seconds left.\n|\n|t:|1700517974\n|move|p2a: Maushold|Population Bomb|p1a: Articuno\n|-damage|p1a: Articuno|91\/100\n|-damage|p1a: Articuno|80\/100\n|-hitcount|p1a: Articuno|2\n|move|p1a: Articuno|Calm Mind|p1a: Articuno\n|-boost|p1a: Articuno|spa|1\n|-boost|p1a: Articuno|spd|1\n|\n|-damage|p2a: Maushold|82\/100 brn|[from] brn\n|upkeep\n|turn|26\n|inactive|YoungBaconBoy has 25 seconds left this turn.\n|inactive|YoungBaconBoy has 20 seconds left.\n|inactive|YoungBaconBoy has 15 seconds left.\n|inactive|RadReaper has 120 seconds left.\n|\n|t:|1700517995\n|move|p2a: Maushold|Population Bomb|p1a: Articuno\n|-damage|p1a: Articuno|70\/100\n|-damage|p1a: Articuno|61\/100\n|-damage|p1a: Articuno|50\/100\n|-damage|p1a: Articuno|40\/100\n|-damage|p1a: Articuno|30\/100\n|-damage|p1a: Articuno|19\/100\n|-damage|p1a: Articuno|10\/100\n|-damage|p1a: Articuno|0 fnt\n|faint|p1a: Articuno\n|-hitcount|p1: Articuno|8\n|\n|-damage|p2a: Maushold|76\/100 brn|[from] brn\n|upkeep\n|inactive|YoungBaconBoy has 20 seconds left this turn.\n|inactive|RadReaper has 120 seconds left.\n|\n|t:|1700518008\n|switch|p1a: Moltres|Moltres, shiny|28\/100\n|turn|27\n|inactive|YoungBaconBoy has 30 seconds left this turn.\n|inactive|RadReaper has 120 seconds left.\n|\n|t:|1700518017\n|move|p2a: Maushold|Population Bomb|p1a: Moltres\n|-damage|p1a: Moltres|22\/100\n|-damage|p1a: Moltres|16\/100\n|-damage|p1a: Moltres|10\/100\n|-damage|p1a: Moltres|3\/100\n|-damage|p1a: Moltres|0 fnt\n|faint|p1a: Moltres\n|-hitcount|p1: Moltres|5\n|\n|win|YoungBaconBoy\n|inactive|YoungBaconBoy has 30 seconds left this turn.\n|raw|RadReaper's rating: 1184 &rarr; <strong>1158<\/strong><br \/>(-26 for losing)\n|raw|YoungBaconBoy's rating: 1174 &rarr; <strong>1200<\/strong><br \/>(+26 for winning)\n","uploadtime":1700517810,"views":15,"p1id":"radreaper","p2id":"youngbaconboy","formatid":"gen9ou","rating":1158,"private":0,"password":""}