{"id":"gen9ou-1991441410","p1":"superclumsyk","p2":"A2bot","format":"[Gen 9] OU","log":"|j|\u2606superclumsyk\n|j|\u2606A2bot\n|t:|1700077376\n|gametype|singles\n|player|p1|superclumsyk|2|1098\n|player|p2|A2bot|marlon|1059\n|teamsize|p1|6\n|teamsize|p2|6\n|gen|9\n|tier|[Gen 9] OU\n|rated|\n|rule|Sleep Clause Mod: Limit one foe put to sleep\n|rule|Species Clause: Limit one of each Pok\u00e9mon\n|rule|OHKO Clause: OHKO moves are banned\n|rule|Evasion Items Clause: Evasion items are banned\n|rule|Evasion Moves Clause: Evasion moves are banned\n|rule|Endless Battle Clause: Forcing endless battles is banned\n|rule|HP Percentage Mod: HP is shown in percentages\n|clearpoke\n|poke|p1|Greninja-*, M|\n|poke|p1|Pelipper, F|\n|poke|p1|Barraskewda, M|\n|poke|p1|Zapdos|\n|poke|p1|Manaphy|\n|poke|p1|Ting-Lu|\n|poke|p2|Corviknight, M|\n|poke|p2|Ceruledge, F|\n|poke|p2|Ogerpon-Wellspring, F|\n|poke|p2|Iron Valiant|\n|poke|p2|Ting-Lu|\n|poke|p2|Dragapult, F|\n|teampreview\n|\n|t:|1700077385\n|start\n|switch|p1a: Pelipper|Pelipper, F|100\/100\n|switch|p2a: Ogerpon|Ogerpon-Wellspring, F|100\/100\n|-weather|RainDance|[from] ability: Drizzle|[of] p1a: Pelipper\n|turn|1\n|\n|t:|1700077392\n|move|p2a: Ogerpon|Swords Dance|p2a: Ogerpon\n|-boost|p2a: Ogerpon|atk|2\n|move|p1a: Pelipper|U-turn|p2a: Ogerpon\n|-supereffective|p2a: Ogerpon\n|-damage|p2a: Ogerpon|78\/100\n|\n|t:|1700077401\n|switch|p1a: Barraskewda|Barraskewda, M|100\/100|[from] U-turn\n|\n|-weather|RainDance|[upkeep]\n|upkeep\n|turn|2\n|\n|t:|1700077411\n|move|p1a: Barraskewda|Psychic Fangs|p2a: Ogerpon\n|-damage|p2a: Ogerpon|17\/100\n|move|p2a: Ogerpon|Horn Leech|p1a: Barraskewda\n|-supereffective|p1a: Barraskewda\n|-damage|p1a: Barraskewda|0 fnt\n|-heal|p2a: Ogerpon|61\/100|[from] drain|[of] p1a: Barraskewda\n|faint|p1a: Barraskewda\n|\n|-weather|RainDance|[upkeep]\n|upkeep\n|\n|t:|1700077423\n|switch|p1a: Zapdos|Zapdos|100\/100\n|turn|3\n|l|\u2606superclumsyk\n|player|p1|\n|j|\u2606superclumsyk\n|player|p1|superclumsyk|2\n|\n|t:|1700077448\n|move|p2a: Ogerpon|U-turn|p1a: Zapdos\n|-resisted|p1a: Zapdos\n|-damage|p1a: Zapdos|74\/100\n|\n|t:|1700077451\n|switch|p2a: Ting-Lu|Ting-Lu|100\/100|[from] U-turn\n|-ability|p2a: Ting-Lu|Vessel of Ruin\n|move|p1a: Zapdos|Hurricane|p2a: Ting-Lu\n|-damage|p2a: Ting-Lu|88\/100\n|\n|-weather|RainDance|[upkeep]\n|upkeep\n|turn|4\n|\n|t:|1700077460\n|move|p1a: Zapdos|U-turn|p2a: Ting-Lu\n|-supereffective|p2a: Ting-Lu\n|-damage|p2a: Ting-Lu|75\/100\n|\n|t:|1700077465\n|switch|p1a: Manaphy|Manaphy|100\/100|[from] U-turn\n|move|p2a: Ting-Lu|Ruination|p1a: Manaphy\n|-damage|p1a: Manaphy|51\/100\n|\n|-weather|RainDance|[upkeep]\n|upkeep\n|turn|5\n|\n|t:|1700077477\n|move|p1a: Manaphy|Tail Glow|p1a: Manaphy\n|-boost|p1a: Manaphy|spa|3\n|move|p2a: Ting-Lu|Body Press|p1a: Manaphy\n|-damage|p1a: Manaphy|29\/100\n|\n|-weather|RainDance|[upkeep]\n|upkeep\n|turn|6\n|\n|t:|1700077498\n|switch|p2a: Ogerpon|Ogerpon-Wellspring, F|61\/100\n|move|p1a: Manaphy|Rest|p1a: Manaphy\n|-status|p1a: Manaphy|slp|[from] move: Rest\n|-heal|p1a: Manaphy|100\/100 slp|[silent]\n|\n|-weather|RainDance|[upkeep]\n|-activate|p1a: Manaphy|ability: Hydration\n|-curestatus|p1a: Manaphy|slp|[msg]\n|upkeep\n|turn|7\n|\n|t:|1700077505\n|move|p2a: Ogerpon|Horn Leech|p1a: Manaphy\n|-supereffective|p1a: Manaphy\n|-damage|p1a: Manaphy|12\/100\n|-heal|p2a: Ogerpon|100\/100|[from] drain|[of] p1a: Manaphy\n|move|p1a: Manaphy|Stored Power|p2a: Ogerpon\n|-damage|p2a: Ogerpon|36\/100\n|\n|-weather|RainDance|[upkeep]\n|upkeep\n|turn|8\n|\n|t:|1700077539\n|move|p2a: Ogerpon|Horn Leech|p1a: Manaphy\n|-supereffective|p1a: Manaphy\n|-damage|p1a: Manaphy|0 fnt\n|-heal|p2a: Ogerpon|43\/100|[from] drain|[of] p1a: Manaphy\n|faint|p1a: Manaphy\n|\n|-weather|none\n|upkeep\n|-message|superclumsyk forfeited.\n|\n|win|A2bot\n|raw|superclumsyk's rating: 1098 &rarr; <strong>1071<\/strong><br \/>(-27 for losing)\n|raw|A2bot's rating: 1059 &rarr; <strong>1094<\/strong><br \/>(+35 for winning)\n|l|\u2606superclumsyk\n","uploadtime":1700077554,"views":9,"p1id":"superclumsyk","p2id":"a2bot","formatid":"gen9ou","rating":1071,"private":0,"password":""}