{"id":"gen9ou-1992780301","p1":"Pacos601","p2":"Cambrian James","format":"[Gen 9] OU","log":"|j|\u2606Pacos601\n|j|\u2606Cambrian James\n|t:|1700234813\n|gametype|singles\n|player|p1|Pacos601|ghetsis|1179\n|player|p2|Cambrian James|bugcatcher-gen4dp|1078\n|teamsize|p1|6\n|teamsize|p2|6\n|gen|9\n|tier|[Gen 9] OU\n|rated|\n|rule|Sleep Clause Mod: Limit one foe put to sleep\n|rule|Species Clause: Limit one of each Pok\u00e9mon\n|rule|OHKO Clause: OHKO moves are banned\n|rule|Evasion Items Clause: Evasion items are banned\n|rule|Evasion Moves Clause: Evasion moves are banned\n|rule|Endless Battle Clause: Forcing endless battles is banned\n|rule|HP Percentage Mod: HP is shown in percentages\n|clearpoke\n|poke|p1|Glimmora, F|\n|poke|p1|Ceruledge, F|\n|poke|p1|Great Tusk|\n|poke|p1|Iron Moth|\n|poke|p1|Iron Valiant|\n|poke|p1|Thundurus-Therian, M|\n|poke|p2|Samurott-Hisui, F|\n|poke|p2|Gholdengo|\n|poke|p2|Great Tusk|\n|poke|p2|Crawdaunt, F|\n|poke|p2|Dragonite, F|\n|poke|p2|Kingambit, M|\n|teampreview\n|\n|t:|1700234828\n|start\n|switch|p1a: Glimmora|Glimmora, F|100\/100\n|switch|p2a: Samurott|Samurott-Hisui, F|100\/100\n|turn|1\n|\n|t:|1700234834\n|move|p1a: Glimmora|Stealth Rock|p2a: Samurott\n|-sidestart|p2: Cambrian James|move: Stealth Rock\n|move|p2a: Samurott|Ceaseless Edge|p1a: Glimmora\n|-damage|p1a: Glimmora|45\/100\n|-activate|p1a: Glimmora|ability: Toxic Debris\n|-sidestart|p2: Cambrian James|move: Toxic Spikes\n|-sidestart|p1: Pacos601|Spikes\n|\n|upkeep\n|turn|2\n|\n|t:|1700234843\n|move|p1a: Glimmora|Energy Ball|p2a: Samurott\n|-supereffective|p2a: Samurott\n|-enditem|p2a: Samurott|Focus Sash\n|-damage|p2a: Samurott|1\/100\n|move|p2a: Samurott|Ceaseless Edge|p1a: Glimmora\n|-damage|p1a: Glimmora|0 fnt\n|-activate|p1a: Glimmora|ability: Toxic Debris\n|-sidestart|p2: Cambrian James|move: Toxic Spikes\n|-sidestart|p1: Pacos601|Spikes\n|faint|p1a: Glimmora\n|\n|upkeep\n|\n|t:|1700234852\n|switch|p1a: Ceruledge|Ceruledge, F|100\/100\n|turn|3\n|\n|t:|1700234855\n|move|p2a: Samurott|Aqua Jet|p1a: Ceruledge\n|-supereffective|p1a: Ceruledge\n|-damage|p1a: Ceruledge|53\/100\n|move|p1a: Ceruledge|Bulk Up|p1a: Ceruledge\n|-boost|p1a: Ceruledge|atk|1\n|-boost|p1a: Ceruledge|def|1\n|\n|upkeep\n|turn|4\n|\n|t:|1700234865\n|move|p1a: Ceruledge|Shadow Sneak|p2a: Samurott\n|-resisted|p2a: Samurott\n|-damage|p2a: Samurott|0 fnt\n|faint|p2a: Samurott\n|\n|upkeep\n|\n|t:|1700234876\n|switch|p2a: Kingambit|Kingambit, M|100\/100\n|-activate|p2a: Kingambit|ability: Supreme Overlord\n|-start|p2a: Kingambit|fallen1|[silent]\n|turn|5\n|\n|t:|1700234882\n|move|p1a: Ceruledge|Bitter Blade|p2a: Kingambit\n|-supereffective|p2a: Kingambit\n|-damage|p2a: Kingambit|24\/100\n|-heal|p1a: Ceruledge|96\/100|[from] drain|[of] p2a: Kingambit\n|move|p2a: Kingambit|Swords Dance|p2a: Kingambit\n|-boost|p2a: Kingambit|atk|2\n|\n|upkeep\n|turn|6\n|\n|t:|1700234891\n|move|p2a: Kingambit|Sucker Punch|p1a: Ceruledge\n|-supereffective|p1a: Ceruledge\n|-damage|p1a: Ceruledge|0 fnt\n|faint|p1a: Ceruledge\n|\n|upkeep\n|\n|t:|1700234898\n|switch|p1a: Iron Moth|Iron Moth|100\/100\n|turn|7\n|\n|t:|1700234902\n|-end|p2a: Kingambit|fallen1|[silent]\n|switch|p2a: Great Tusk|Great Tusk|100\/100\n|move|p1a: Iron Moth|Flamethrower|p2a: Great Tusk\n|-damage|p2a: Great Tusk|21\/100\n|\n|upkeep\n|turn|8\n|\n|t:|1700234908\n|-end|p1a: Iron Moth|Quark Drive|[silent]\n|switch|p1a: Thundurus|Thundurus-Therian, M|100\/100\n|move|p2a: Great Tusk|Rapid Spin|p1a: Thundurus\n|-damage|p1a: Thundurus|75\/100\n|-boost|p2a: Great Tusk|spe|1\n|-sideend|p2: Cambrian James|Toxic Spikes|[from] move: Rapid Spin|[of] p2a: Great Tusk\n|-sideend|p2: Cambrian James|Stealth Rock|[from] move: Rapid Spin|[of] p2a: Great Tusk\n|\n|upkeep\n|turn|9\n|\n|t:|1700234919\n|move|p2a: Great Tusk|Ice Spinner|p1a: Thundurus\n|-supereffective|p1a: Thundurus\n|-damage|p1a: Thundurus|0 fnt\n|faint|p1a: Thundurus\n|\n|upkeep\n|\n|t:|1700234925\n|switch|p1a: Iron Valiant|Iron Valiant|100\/100\n|-damage|p1a: Iron Valiant|84\/100|[from] Spikes\n|-enditem|p1a: Iron Valiant|Booster Energy\n|-activate|p1a: Iron Valiant|ability: Quark Drive|[fromitem]\n|-start|p1a: Iron Valiant|quarkdrivespe\n|turn|10\n|\n|t:|1700234931\n|move|p1a: Iron Valiant|Moonblast|p2a: Great Tusk\n|-supereffective|p2a: Great Tusk\n|-damage|p2a: Great Tusk|0 fnt\n|faint|p2a: Great Tusk\n|-end|p2a: Great Tusk|Protosynthesis|[silent]\n|\n|upkeep\n|\n|t:|1700234939\n|switch|p2a: Dragonite|Dragonite, F|100\/100\n|turn|11\n|\n|t:|1700234944\n|-terastallize|p2a: Dragonite|Normal\n|move|p1a: Iron Valiant|Moonblast|p2a: Dragonite\n|-damage|p2a: Dragonite|77\/100\n|move|p2a: Dragonite|Dragon Dance|p2a: Dragonite\n|-boost|p2a: Dragonite|atk|1\n|-boost|p2a: Dragonite|spe|1\n|\n|upkeep\n|turn|12\n|\n|t:|1700234960\n|move|p2a: Dragonite|Extreme Speed|p1a: Iron Valiant\n|-damage|p1a: Iron Valiant|7\/100\n|move|p1a: Iron Valiant|Close Combat|p2a: Dragonite\n|-supereffective|p2a: Dragonite\n|-damage|p2a: Dragonite|0 fnt\n|-unboost|p1a: Iron Valiant|def|1\n|-unboost|p1a: Iron Valiant|spd|1\n|faint|p2a: Dragonite\n|\n|upkeep\n|\n|t:|1700234969\n|switch|p2a: Crawdaunt|Crawdaunt, F|100\/100\n|turn|13\n|\n|t:|1700234974\n|move|p2a: Crawdaunt|Aqua Jet|p1a: Iron Valiant\n|-damage|p1a: Iron Valiant|0 fnt\n|faint|p1a: Iron Valiant\n|-end|p1a: Iron Valiant|Quark Drive|[silent]\n|-damage|p2a: Crawdaunt|90\/100|[from] item: Life Orb\n|\n|upkeep\n|\n|t:|1700234982\n|switch|p1a: Great Tusk|Great Tusk|100\/100\n|turn|14\n|\n|t:|1700234993\n|move|p1a: Great Tusk|Rapid Spin|p2a: Crawdaunt\n|-damage|p2a: Crawdaunt|71\/100\n|-boost|p1a: Great Tusk|spe|1\n|-sideend|p1: Pacos601|Spikes|[from] move: Rapid Spin|[of] p1a: Great Tusk\n|move|p2a: Crawdaunt|Crabhammer|p1a: Great Tusk\n|-supereffective|p1a: Great Tusk\n|-damage|p1a: Great Tusk|0 fnt\n|faint|p1a: Great Tusk\n|-end|p1a: Great Tusk|Protosynthesis|[silent]\n|-damage|p2a: Crawdaunt|61\/100|[from] item: Life Orb\n|\n|upkeep\n|-message|Pacos601 forfeited.\n|\n|win|Cambrian James\n|raw|Pacos601's rating: 1179 &rarr; <strong>1147<\/strong><br \/>(-32 for losing)\n|raw|Cambrian James's rating: 1078 &rarr; <strong>1114<\/strong><br \/>(+36 for winning)\n|l|\u2606Pacos601\n","uploadtime":1700235038,"views":10,"p1id":"pacos601","p2id":"cambrianjames","formatid":"gen9ou","rating":1114,"private":0,"password":""}