{"id":"gen9ou-1994020590","p1":"Tyou2.00","p2":"FromRussiaWithLove","format":"[Gen 9] OU","log":"|j|\u2606Tyou2.00\n|j|\u2606FromRussiaWithLove\n|t:|1700394895\n|gametype|singles\n|player|p1|Tyou2.00|steven|1061\n|player|p2|FromRussiaWithLove|swimmerf|1033\n|teamsize|p1|6\n|teamsize|p2|6\n|gen|9\n|tier|[Gen 9] OU\n|rated|\n|rule|Sleep Clause Mod: Limit one foe put to sleep\n|rule|Species Clause: Limit one of each Pok\u00e9mon\n|rule|OHKO Clause: OHKO moves are banned\n|rule|Evasion Items Clause: Evasion items are banned\n|rule|Evasion Moves Clause: Evasion moves are banned\n|rule|Endless Battle Clause: Forcing endless battles is banned\n|rule|HP Percentage Mod: HP is shown in percentages\n|clearpoke\n|poke|p1|Amoonguss, F|\n|poke|p1|Gholdengo|\n|poke|p1|Iron Valiant|\n|poke|p1|Samurott-Hisui, M|\n|poke|p1|Sandy Shocks|\n|poke|p1|Walking Wake|\n|poke|p2|Tinkaton, F|\n|poke|p2|Sneasler, M|\n|poke|p2|Grimmsnarl, M|\n|poke|p2|Lilligant-Hisui, F|\n|poke|p2|Jolteon, M|\n|poke|p2|Arcanine-Hisui, M|\n|teampreview\n|inactive|Battle timer is ON: inactive players will automatically lose when time's up. (requested by FromRussiaWithLove)\n|\n|t:|1700394904\n|start\n|switch|p1a: Sandy Shocks|Sandy Shocks, shiny|100\/100\n|switch|p2a: GNARLY|Grimmsnarl, M, shiny|100\/100\n|-enditem|p1a: Sandy Shocks|Booster Energy\n|-activate|p1a: Sandy Shocks|ability: Protosynthesis|[fromitem]\n|-start|p1a: Sandy Shocks|protosynthesisspa\n|turn|1\n|\n|t:|1700394918\n|move|p2a: GNARLY|Light Screen|p2a: GNARLY\n|-sidestart|p2: FromRussiaWithLove|move: Light Screen\n|move|p1a: Sandy Shocks|Thunderbolt|p2a: GNARLY\n|-damage|p2a: GNARLY|68\/100\n|\n|upkeep\n|turn|2\n|\n|t:|1700394925\n|-terastallize|p1a: Sandy Shocks|Fairy\n|move|p2a: GNARLY|Reflect|p2a: GNARLY\n|-sidestart|p2: FromRussiaWithLove|Reflect\n|move|p1a: Sandy Shocks|Tera Blast|p2a: GNARLY|[anim] Tera Blast Fairy\n|-supereffective|p2a: GNARLY\n|-damage|p2a: GNARLY|16\/100\n|\n|upkeep\n|turn|3\n|\n|t:|1700394932\n|move|p2a: GNARLY|Parting Shot|p1a: Sandy Shocks\n|-unboost|p1a: Sandy Shocks|atk|1\n|-unboost|p1a: Sandy Shocks|spa|1\n|\n|t:|1700394944\n|switch|p2a: LIGHTNING|Jolteon, M|100\/100|[from] Parting Shot\n|move|p1a: Sandy Shocks|Tera Blast|p2a: LIGHTNING|[anim] Tera Blast Fairy\n|-damage|p2a: LIGHTNING|75\/100\n|\n|upkeep\n|turn|4\n|\n|t:|1700394952\n|-end|p1a: Sandy Shocks|Protosynthesis|[silent]\n|switch|p1a: Amoonguss|Amoonguss, F, shiny|100\/100\n|move|p2a: LIGHTNING|Shadow Ball|p1a: Amoonguss\n|-damage|p1a: Amoonguss|69\/100\n|\n|-heal|p1a: Amoonguss|75\/100|[from] item: Leftovers\n|upkeep\n|turn|5\n|\n|t:|1700394960\n|move|p2a: LIGHTNING|Shadow Ball|p1a: Amoonguss\n|-damage|p1a: Amoonguss|43\/100\n|move|p1a: Amoonguss|Toxic|p2a: LIGHTNING\n|-status|p2a: LIGHTNING|tox\n|\n|-heal|p1a: Amoonguss|49\/100|[from] item: Leftovers\n|-damage|p2a: LIGHTNING|70\/100 tox|[from] psn\n|upkeep\n|turn|6\n|\n|t:|1700394968\n|move|p1a: Amoonguss|Protect|p1a: Amoonguss\n|-singleturn|p1a: Amoonguss|Protect\n|move|p2a: LIGHTNING|Shadow Ball|p1a: Amoonguss\n|-activate|p1a: Amoonguss|move: Protect\n|\n|-heal|p1a: Amoonguss|56\/100|[from] item: Leftovers\n|-damage|p2a: LIGHTNING|58\/100 tox|[from] psn\n|upkeep\n|turn|7\n|\n|t:|1700394979\n|move|p2a: LIGHTNING|Shadow Ball|p1a: Amoonguss\n|-damage|p1a: Amoonguss|25\/100\n|-unboost|p1a: Amoonguss|spd|1\n|move|p1a: Amoonguss|Giga Drain|p2a: LIGHTNING\n|-damage|p2a: LIGHTNING|40\/100 tox\n|-heal|p1a: Amoonguss|30\/100|[from] drain|[of] p2a: LIGHTNING\n|\n|-heal|p1a: Amoonguss|37\/100|[from] item: Leftovers\n|-damage|p2a: LIGHTNING|22\/100 tox|[from] psn\n|upkeep\n|turn|8\n|\n|t:|1700394990\n|switch|p2a: THOR|Tinkaton, F|100\/100\n|-ability|p2a: THOR|Mold Breaker\n|move|p1a: Amoonguss|Protect||[still]\n|-fail|p1a: Amoonguss\n|\n|-heal|p1a: Amoonguss|43\/100|[from] item: Leftovers\n|-sideend|p2: FromRussiaWithLove|move: Light Screen\n|upkeep\n|turn|9\n|\n|t:|1700395000\n|move|p1a: Amoonguss|Protect|p1a: Amoonguss\n|-singleturn|p1a: Amoonguss|Protect\n|move|p2a: THOR|Swords Dance|p2a: THOR\n|-boost|p2a: THOR|atk|2\n|\n|-heal|p1a: Amoonguss|49\/100|[from] item: Leftovers\n|-sideend|p2: FromRussiaWithLove|Reflect\n|upkeep\n|turn|10\n|\n|t:|1700395012\n|switch|p1a: Gholdengo|Gholdengo|100\/100\n|-item|p1a: Gholdengo|Air Balloon\n|move|p2a: THOR|Gigaton Hammer|p1a: Gholdengo\n|-resisted|p1a: Gholdengo\n|-damage|p1a: Gholdengo|36\/100\n|-enditem|p1a: Gholdengo|Air Balloon\n|\n|upkeep\n|turn|11\n|\n|t:|1700395021\n|move|p2a: THOR|Play Rough|p1a: Gholdengo\n|-resisted|p1a: Gholdengo\n|-damage|p1a: Gholdengo|0 fnt\n|faint|p1a: Gholdengo\n|\n|upkeep\n|\n|t:|1700395029\n|switch|p1a: Sandy Shocks|Sandy Shocks, shiny, tera:Fairy|100\/100\n|turn|12\n|\n|t:|1700395038\n|move|p2a: THOR|Gigaton Hammer|p1a: Sandy Shocks\n|-supereffective|p1a: Sandy Shocks\n|-damage|p1a: Sandy Shocks|0 fnt\n|faint|p1a: Sandy Shocks\n|-end|p1a: Sandy Shocks|Protosynthesis|[silent]\n|\n|upkeep\n|\n|t:|1700395045\n|switch|p1a: Walking Wake|Walking Wake|100\/100\n|-enditem|p1a: Walking Wake|Booster Energy\n|-activate|p1a: Walking Wake|ability: Protosynthesis|[fromitem]\n|-start|p1a: Walking Wake|protosynthesisspa\n|turn|13\n|\n|t:|1700395051\n|move|p1a: Walking Wake|Surf|p2a: THOR\n|-damage|p2a: THOR|41\/100\n|move|p2a: THOR|Play Rough|p1a: Walking Wake\n|-supereffective|p1a: Walking Wake\n|-damage|p1a: Walking Wake|0 fnt\n|faint|p1a: Walking Wake\n|-end|p1a: Walking Wake|Protosynthesis|[silent]\n|\n|upkeep\n|\n|t:|1700395060\n|switch|p1a: Iron Valiant|Iron Valiant|100\/100\n|-enditem|p1a: Iron Valiant|Booster Energy\n|-activate|p1a: Iron Valiant|ability: Quark Drive|[fromitem]\n|-start|p1a: Iron Valiant|quarkdrivespe\n|turn|14\n|\n|t:|1700395066\n|move|p1a: Iron Valiant|Close Combat|p2a: THOR\n|-damage|p2a: THOR|0 fnt\n|-unboost|p1a: Iron Valiant|def|1\n|-unboost|p1a: Iron Valiant|spd|1\n|faint|p2a: THOR\n|\n|upkeep\n|\n|t:|1700395090\n|switch|p2a: SLASHER|Sneasler, M|100\/100\n|turn|15\n|\n|t:|1700395098\n|move|p2a: SLASHER|Endure|p2a: SLASHER\n|-singleturn|p2a: SLASHER|move: Endure\n|move|p1a: Iron Valiant|Dazzling Gleam|p2a: SLASHER\n|-damage|p2a: SLASHER|34\/100\n|\n|upkeep\n|turn|16\n|\n|t:|1700395104\n|switch|p2a: LIGHTNING|Jolteon, M|22\/100 tox\n|move|p1a: Iron Valiant|Dazzling Gleam|p2a: LIGHTNING\n|-damage|p2a: LIGHTNING|0 fnt\n|faint|p2a: LIGHTNING\n|\n|upkeep\n|\n|t:|1700395106\n|switch|p2a: SLASHER|Sneasler, M|34\/100\n|turn|17\n|\n|t:|1700395112\n|move|p2a: SLASHER|Endure|p2a: SLASHER\n|-singleturn|p2a: SLASHER|move: Endure\n|move|p1a: Iron Valiant|Dazzling Gleam|p2a: SLASHER\n|-activate|p2a: SLASHER|move: Endure\n|-damage|p2a: SLASHER|1\/100\n|-enditem|p2a: SLASHER|Liechi Berry|[eat]\n|-boost|p2a: SLASHER|atk|1|[from] item: Liechi Berry\n|\n|upkeep\n|turn|18\n|\n|t:|1700395119\n|move|p2a: SLASHER|Reversal|p1a: Iron Valiant\n|-resisted|p1a: Iron Valiant\n|-damage|p1a: Iron Valiant|0 fnt\n|faint|p1a: Iron Valiant\n|-end|p1a: Iron Valiant|Quark Drive|[silent]\n|\n|upkeep\n|\n|t:|1700395125\n|switch|p1a: Samurott|Samurott-Hisui, M|100\/100\n|turn|19\n|\n|t:|1700395129\n|move|p2a: SLASHER|Endure|p2a: SLASHER\n|-singleturn|p2a: SLASHER|move: Endure\n|move|p1a: Samurott|Aqua Jet|p2a: SLASHER\n|-crit|p2a: SLASHER\n|-activate|p2a: SLASHER|move: Endure\n|-damage|p2a: SLASHER|1\/100\n|\n|upkeep\n|turn|20\n|\n|t:|1700395137\n|switch|p2a: ELEGANT|Lilligant-Hisui, F|100\/100\n|move|p1a: Samurott|Aqua Jet|p2a: ELEGANT\n|-resisted|p2a: ELEGANT\n|-damage|p2a: ELEGANT|87\/100\n|\n|upkeep\n|turn|21\n|\n|t:|1700395143\n|move|p2a: ELEGANT|Victory Dance|p2a: ELEGANT\n|-boost|p2a: ELEGANT|atk|1\n|-boost|p2a: ELEGANT|def|1\n|-boost|p2a: ELEGANT|spe|1\n|move|p1a: Samurott|Blizzard|p2a: ELEGANT|[miss]\n|-miss|p1a: Samurott|p2a: ELEGANT\n|\n|upkeep\n|turn|22\n|\n|t:|1700395152\n|move|p2a: ELEGANT|Close Combat|p1a: Samurott\n|-supereffective|p1a: Samurott\n|-enditem|p1a: Samurott|Focus Sash\n|-damage|p1a: Samurott|1\/100\n|-unboost|p2a: ELEGANT|def|1\n|-unboost|p2a: ELEGANT|spd|1\n|move|p1a: Samurott|Blizzard|p2a: ELEGANT\n|-supereffective|p2a: ELEGANT\n|-damage|p2a: ELEGANT|0 fnt\n|faint|p2a: ELEGANT\n|\n|upkeep\n|\n|t:|1700395158\n|switch|p2a: SLASHER|Sneasler, M|1\/100\n|turn|23\n|\n|t:|1700395164\n|move|p2a: SLASHER|Quick Attack|p1a: Samurott\n|-damage|p1a: Samurott|0 fnt\n|faint|p1a: Samurott\n|\n|upkeep\n|\n|t:|1700395168\n|switch|p1a: Amoonguss|Amoonguss, F, shiny|82\/100\n|turn|24\n|\n|t:|1700395173\n|move|p2a: SLASHER|Reversal|p1a: Amoonguss\n|-resisted|p1a: Amoonguss\n|-crit|p1a: Amoonguss\n|-damage|p1a: Amoonguss|4\/100\n|move|p1a: Amoonguss|Giga Drain|p2a: SLASHER\n|-resisted|p2a: SLASHER\n|-damage|p2a: SLASHER|0 fnt\n|-heal|p1a: Amoonguss|4\/100|[from] drain|[of] p2a: SLASHER\n|faint|p2a: SLASHER\n|\n|-heal|p1a: Amoonguss|10\/100|[from] item: Leftovers\n|upkeep\n|\n|t:|1700395179\n|switch|p2a: DOGGY|Arcanine-Hisui, M|100\/100\n|turn|25\n|\n|t:|1700395185\n|move|p1a: Amoonguss|Protect|p1a: Amoonguss\n|-singleturn|p1a: Amoonguss|Protect\n|move|p2a: DOGGY|Flare Blitz|p1a: Amoonguss\n|-activate|p1a: Amoonguss|move: Protect\n|\n|-heal|p1a: Amoonguss|17\/100|[from] item: Leftovers\n|upkeep\n|turn|26\n|c|\u2606Tyou2.00|gg\n|-message|Tyou2.00 forfeited.\n|\n|win|FromRussiaWithLove\n|raw|Tyou2.00's rating: 1061 &rarr; <strong>1040<\/strong><br \/>(-21 for losing)\n|raw|FromRussiaWithLove's rating: 1033 &rarr; <strong>1071<\/strong><br \/>(+38 for winning)\n|l|\u2606Tyou2.00\n","uploadtime":1700395201,"views":12,"p1id":"tyou200","p2id":"fromrussiawithlove","formatid":"gen9ou","rating":1040,"private":0,"password":""}