{"id":"gen9ou-1990636383","p1":"orbtherobot","p2":"Majner","format":"[Gen 9] OU","log":"|j|\u2606orbtherobot\n|j|\u2606Majner\n|t:|1699987620\n|gametype|singles\n|player|p1|orbtherobot|2|1097\n|player|p2|Majner|2|1118\n|teamsize|p1|6\n|teamsize|p2|6\n|gen|9\n|tier|[Gen 9] OU\n|rated|\n|rule|Sleep Clause Mod: Limit one foe put to sleep\n|rule|Species Clause: Limit one of each Pok\u00e9mon\n|rule|OHKO Clause: OHKO moves are banned\n|rule|Evasion Items Clause: Evasion items are banned\n|rule|Evasion Moves Clause: Evasion moves are banned\n|rule|Endless Battle Clause: Forcing endless battles is banned\n|rule|HP Percentage Mod: HP is shown in percentages\n|clearpoke\n|poke|p1|Ribombee, M|\n|poke|p1|Gholdengo|\n|poke|p1|Samurott-Hisui, M|\n|poke|p1|Ninetales-Alola, M|\n|poke|p1|Torkoal, M|\n|poke|p1|Manaphy|\n|poke|p2|Grimmsnarl, M|\n|poke|p2|Indeedee, M|\n|poke|p2|Drifblim, F|\n|poke|p2|Ursaluna, M|\n|poke|p2|Frosmoth, F|\n|poke|p2|Sinistcha-Masterpiece|\n|teampreview\n|inactive|Battle timer is ON: inactive players will automatically lose when time's up. (requested by orbtherobot)\n|\n|t:|1699987636\n|start\n|switch|p1a: Ribombee|Ribombee, M|100\/100\n|switch|p2a: Indeedee|Indeedee, M|100\/100\n|-fieldstart|move: Psychic Terrain|[from] ability: Psychic Surge|[of] p2a: Indeedee\n|turn|1\n|\n|t:|1699987643\n|move|p1a: Ribombee|Sticky Web|p2a: Indeedee\n|-sidestart|p2: Majner|move: Sticky Web\n|move|p2a: Indeedee|Encore|p1a: Ribombee\n|-start|p1a: Ribombee|Encore\n|\n|upkeep\n|turn|2\n|\n|t:|1699987651\n|switch|p1a: Samurott|Samurott-Hisui, M|100\/100\n|switch|p2a: Drifblim|Drifblim, F|100\/100\n|-enditem|p2a: Drifblim|Psychic Seed\n|-boost|p2a: Drifblim|spd|1|[from] item: Psychic Seed\n|\n|upkeep\n|turn|3\n|\n|t:|1699987660\n|-terastallize|p2a: Drifblim|Fairy\n|move|p2a: Drifblim|Will-O-Wisp|p1a: Samurott\n|-status|p1a: Samurott|brn\n|move|p1a: Samurott|Ceaseless Edge|p2a: Drifblim\n|-resisted|p2a: Drifblim\n|-damage|p2a: Drifblim|91\/100\n|-sidestart|p2: Majner|Spikes\n|\n|-damage|p1a: Samurott|94\/100 brn|[from] brn\n|upkeep\n|turn|4\n|\n|t:|1699987670\n|move|p2a: Drifblim|Calm Mind|p2a: Drifblim\n|-boost|p2a: Drifblim|spa|1\n|-boost|p2a: Drifblim|spd|1\n|move|p1a: Samurott|Ceaseless Edge|p2a: Drifblim\n|-resisted|p2a: Drifblim\n|-damage|p2a: Drifblim|83\/100\n|-sidestart|p2: Majner|Spikes\n|\n|-damage|p1a: Samurott|88\/100 brn|[from] brn\n|upkeep\n|turn|5\n|\n|t:|1699987691\n|move|p2a: Drifblim|Calm Mind|p2a: Drifblim\n|-boost|p2a: Drifblim|spa|1\n|-boost|p2a: Drifblim|spd|1\n|move|p1a: Samurott|Ceaseless Edge|p2a: Drifblim\n|-resisted|p2a: Drifblim\n|-damage|p2a: Drifblim|74\/100\n|-sidestart|p2: Majner|Spikes\n|\n|-damage|p1a: Samurott|82\/100 brn|[from] brn\n|upkeep\n|turn|6\n|inactive|orbtherobot has 120 seconds left.\n|\n|t:|1699987721\n|switch|p1a: Torkoal|Torkoal, M|100\/100\n|move|p2a: Drifblim|Calm Mind|p2a: Drifblim\n|-boost|p2a: Drifblim|spa|1\n|-boost|p2a: Drifblim|spd|1\n|\n|upkeep\n|turn|7\n|\n|t:|1699987727\n|move|p2a: Drifblim|Hex|p1a: Torkoal\n|-damage|p1a: Torkoal|56\/100\n|move|p1a: Torkoal|Will-O-Wisp|p2a: Drifblim\n|-status|p2a: Drifblim|brn\n|\n|-heal|p1a: Torkoal|62\/100|[from] item: Leftovers\n|-damage|p2a: Drifblim|68\/100 brn|[from] brn\n|upkeep\n|turn|8\n|inactive|orbtherobot has 120 seconds left.\n|\n|t:|1699987736\n|move|p2a: Drifblim|Strength Sap|p1a: Torkoal\n|-unboost|p1a: Torkoal|atk|1\n|-heal|p2a: Drifblim|100\/100 brn\n|move|p1a: Torkoal|Stealth Rock|p2a: Drifblim\n|-sidestart|p2: Majner|move: Stealth Rock\n|\n|-heal|p1a: Torkoal|68\/100|[from] item: Leftovers\n|-damage|p2a: Drifblim|94\/100 brn|[from] brn\n|-fieldend|move: Psychic Terrain\n|upkeep\n|turn|9\n|\n|t:|1699987746\n|move|p2a: Drifblim|Hex|p1a: Torkoal\n|-damage|p1a: Torkoal|20\/100\n|move|p1a: Torkoal|Overheat|p2a: Drifblim\n|-damage|p2a: Drifblim|79\/100 brn\n|-unboost|p1a: Torkoal|spa|2\n|\n|-heal|p1a: Torkoal|26\/100|[from] item: Leftovers\n|-damage|p2a: Drifblim|73\/100 brn|[from] brn\n|upkeep\n|turn|10\n|\n|t:|1699987755\n|switch|p1a: Ribombee|Ribombee, M|100\/100\n|move|p2a: Drifblim|Calm Mind|p2a: Drifblim\n|-boost|p2a: Drifblim|spa|1\n|-boost|p2a: Drifblim|spd|1\n|\n|-damage|p2a: Drifblim|67\/100 brn|[from] brn\n|upkeep\n|turn|11\n|\n|t:|1699987765\n|move|p2a: Drifblim|Will-O-Wisp|p1a: Ribombee\n|-status|p1a: Ribombee|brn\n|move|p1a: Ribombee|Skill Swap|p2a: Drifblim\n|-activate|p1a: Ribombee|move: Skill Swap|Unburden|Shield Dust|[of] p2a: Drifblim\n|\n|-damage|p1a: Ribombee|94\/100 brn|[from] brn\n|-damage|p2a: Drifblim|61\/100 brn|[from] brn\n|upkeep\n|turn|12\n|\n|t:|1699987773\n|move|p1a: Ribombee|U-turn|p2a: Drifblim\n|-resisted|p2a: Drifblim\n|-damage|p2a: Drifblim|58\/100 brn\n|\n|t:|1699987785\n|switch|p1a: Gholdengo|Gholdengo|100\/100|[from] U-turn\n|-item|p1a: Gholdengo|Air Balloon\n|move|p2a: Drifblim|Hex|p1a: Gholdengo\n|-supereffective|p1a: Gholdengo\n|-damage|p1a: Gholdengo|0 fnt\n|-enditem|p1a: Gholdengo|Air Balloon\n|faint|p1a: Gholdengo\n|\n|-damage|p2a: Drifblim|52\/100 brn|[from] brn\n|upkeep\n|\n|t:|1699987796\n|switch|p1a: Manaphy|Manaphy|100\/100\n|turn|13\n|\n|t:|1699987801\n|move|p1a: Manaphy|Tail Glow|p1a: Manaphy\n|-boost|p1a: Manaphy|spa|3\n|move|p2a: Drifblim|Hex|p1a: Manaphy\n|-damage|p1a: Manaphy|39\/100\n|\n|-damage|p2a: Drifblim|46\/100 brn|[from] brn\n|upkeep\n|turn|14\n|\n|t:|1699987810\n|move|p1a: Manaphy|Hydro Pump|p2a: Drifblim|[miss]\n|-miss|p1a: Manaphy|p2a: Drifblim\n|move|p2a: Drifblim|Hex|p1a: Manaphy\n|-damage|p1a: Manaphy|0 fnt\n|faint|p1a: Manaphy\n|\n|-damage|p2a: Drifblim|40\/100 brn|[from] brn\n|upkeep\n|\n|t:|1699987819\n|switch|p1a: Ninetales|Ninetales-Alola, M|100\/100\n|-weather|Snow|[from] ability: Snow Warning|[of] p1a: Ninetales\n|turn|15\n|\n|t:|1699987825\n|move|p1a: Ninetales|Blizzard|p2a: Drifblim\n|-damage|p2a: Drifblim|26\/100 brn\n|move|p2a: Drifblim|Will-O-Wisp|p1a: Ninetales\n|-status|p1a: Ninetales|brn\n|\n|-weather|Snow|[upkeep]\n|-damage|p1a: Ninetales|95\/100 brn|[from] brn\n|-damage|p2a: Drifblim|20\/100 brn|[from] brn\n|upkeep\n|turn|16\n|\n|t:|1699987834\n|move|p1a: Ninetales|Nasty Plot|p1a: Ninetales\n|-boost|p1a: Ninetales|spa|2\n|move|p2a: Drifblim|Strength Sap|p1a: Ninetales\n|-unboost|p1a: Ninetales|atk|1\n|-heal|p2a: Drifblim|45\/100 brn\n|\n|-weather|Snow|[upkeep]\n|-damage|p1a: Ninetales|89\/100 brn|[from] brn\n|-damage|p2a: Drifblim|39\/100 brn|[from] brn\n|upkeep\n|turn|17\n|\n|t:|1699987843\n|move|p1a: Ninetales|Blizzard|p2a: Drifblim\n|-damage|p2a: Drifblim|13\/100 brn\n|move|p2a: Drifblim|Hex|p1a: Ninetales\n|-damage|p1a: Ninetales|0 fnt\n|faint|p1a: Ninetales\n|\n|-weather|Snow|[upkeep]\n|-damage|p2a: Drifblim|7\/100 brn|[from] brn\n|upkeep\n|\n|t:|1699987851\n|switch|p1a: Torkoal|Torkoal, M|26\/100\n|turn|18\n|\n|t:|1699987857\n|move|p2a: Drifblim|Strength Sap|p1a: Torkoal\n|-unboost|p1a: Torkoal|atk|1\n|-heal|p2a: Drifblim|43\/100 brn\n|move|p1a: Torkoal|Overheat|p2a: Drifblim\n|-damage|p2a: Drifblim|30\/100 brn\n|-unboost|p1a: Torkoal|spa|2\n|\n|-weather|Snow|[upkeep]\n|-heal|p1a: Torkoal|32\/100|[from] item: Leftovers\n|-damage|p2a: Drifblim|24\/100 brn|[from] brn\n|upkeep\n|turn|19\n|inactive|orbtherobot has 120 seconds left.\n|\n|t:|1699987899\n|move|p2a: Drifblim|Hex|p1a: Torkoal\n|-damage|p1a: Torkoal|0 fnt\n|faint|p1a: Torkoal\n|\n|-weather|Snow|[upkeep]\n|-damage|p2a: Drifblim|18\/100 brn|[from] brn\n|upkeep\n|\n|t:|1699987916\n|switch|p1a: Samurott|Samurott-Hisui, M|82\/100 brn\n|turn|20\n|\n|t:|1699987919\n|move|p1a: Samurott|Air Slash|p2a: Drifblim|[miss]\n|-miss|p1a: Samurott|p2a: Drifblim\n|move|p2a: Drifblim|Strength Sap|p1a: Samurott\n|-unboost|p1a: Samurott|atk|1\n|-heal|p2a: Drifblim|80\/100 brn\n|\n|-weather|Snow|[upkeep]\n|-damage|p1a: Samurott|76\/100 brn|[from] brn\n|-damage|p2a: Drifblim|74\/100 brn|[from] brn\n|upkeep\n|turn|21\n|inactive|orbtherobot has 90 seconds left.\n|inactive|orbtherobot has 60 seconds left.\n|\n|t:|1699987988\n|move|p1a: Samurott|X-Scissor|p2a: Drifblim\n|-resisted|p2a: Drifblim\n|-damage|p2a: Drifblim|70\/100 brn\n|move|p2a: Drifblim|Hex|p1a: Samurott\n|-resisted|p1a: Samurott\n|-crit|p1a: Samurott\n|-damage|p1a: Samurott|0 fnt\n|faint|p1a: Samurott\n|\n|-weather|Snow|[upkeep]\n|-damage|p2a: Drifblim|63\/100 brn|[from] brn\n|upkeep\n|\n|t:|1699987997\n|switch|p1a: Ribombee|Ribombee, M|94\/100 brn\n|turn|22\n|\n|t:|1699988002\n|move|p1a: Ribombee|U-turn|p2a: Drifblim\n|-resisted|p2a: Drifblim\n|-damage|p2a: Drifblim|61\/100 brn\n|move|p2a: Drifblim|Hex|p1a: Ribombee\n|-damage|p1a: Ribombee|0 fnt\n|faint|p1a: Ribombee\n|\n|win|Majner\n|raw|orbtherobot's rating: 1097 &rarr; <strong>1074<\/strong><br \/>(-23 for losing)\n|raw|Majner's rating: 1118 &rarr; <strong>1141<\/strong><br \/>(+23 for winning)\n|l|\u2606orbtherobot\n","uploadtime":1699988012,"views":14,"p1id":"orbtherobot","p2id":"majner","formatid":"gen9ou","rating":1074,"private":0,"password":""}