{"id":"gen9ou-1990081288","p1":"wei1020","p2":"agagagqweqwe","format":"[Gen 9] OU","log":"|j|\u2606wei1020\n|j|\u2606agagagqweqwe\n|t:|1699922524\n|gametype|singles\n|player|p1|wei1020|rosa|1567\n|player|p2|agagagqweqwe|2|1639\n|teamsize|p1|6\n|teamsize|p2|6\n|gen|9\n|tier|[Gen 9] OU\n|rated|\n|rule|Sleep Clause Mod: Limit one foe put to sleep\n|rule|Species Clause: Limit one of each Pok\u00e9mon\n|rule|OHKO Clause: OHKO moves are banned\n|rule|Evasion Items Clause: Evasion items are banned\n|rule|Evasion Moves Clause: Evasion moves are banned\n|rule|Endless Battle Clause: Forcing endless battles is banned\n|rule|HP Percentage Mod: HP is shown in percentages\n|clearpoke\n|poke|p1|Rillaboom, M|\n|poke|p1|Sandy Shocks|\n|poke|p1|Greninja-*, M|\n|poke|p1|Kingambit, F|\n|poke|p1|Iron Moth|\n|poke|p1|Great Tusk|\n|poke|p2|Iron Valiant|\n|poke|p2|Ogerpon-Cornerstone, F|\n|poke|p2|Scizor, M|\n|poke|p2|Volcanion|\n|poke|p2|Thundurus-Therian, M|\n|poke|p2|Enamorus, F|\n|teampreview\n|inactive|Battle timer is ON: inactive players will automatically lose when time's up. (requested by wei1020)\n|\n|t:|1699922539\n|start\n|switch|p1a: Sandy Shocks|Sandy Shocks|100\/100\n|switch|p2a: Volcanion|Volcanion|100\/100\n|-enditem|p1a: Sandy Shocks|Booster Energy\n|-activate|p1a: Sandy Shocks|ability: Protosynthesis|[fromitem]\n|-start|p1a: Sandy Shocks|protosynthesisspe\n|turn|1\n|\n|t:|1699922549\n|switch|p2a: Thundurus|Thundurus-Therian, M|100\/100\n|move|p1a: Sandy Shocks|Earth Power|p2a: Thundurus\n|-immune|p2a: Thundurus\n|\n|upkeep\n|turn|2\n|\n|t:|1699922556\n|move|p2a: Thundurus|Grass Knot|p1a: Sandy Shocks\n|-supereffective|p1a: Sandy Shocks\n|-damage|p1a: Sandy Shocks|25\/100\n|move|p1a: Sandy Shocks|Stealth Rock|p2a: Thundurus\n|-sidestart|p2: agagagqweqwe|move: Stealth Rock\n|\n|upkeep\n|turn|3\n|\n|t:|1699922563\n|move|p1a: Sandy Shocks|Thunderbolt|p2a: Thundurus\n|-immune|p2a: Thundurus|[from] ability: Volt Absorb\n|move|p2a: Thundurus|Grass Knot|p1a: Sandy Shocks\n|-supereffective|p1a: Sandy Shocks\n|-damage|p1a: Sandy Shocks|0 fnt\n|faint|p1a: Sandy Shocks\n|-end|p1a: Sandy Shocks|Protosynthesis|[silent]\n|\n|upkeep\n|j| SandGetsEverywhere\n|\n|t:|1699922580\n|switch|p1a: Iron Moth|Iron Moth|100\/100\n|-enditem|p1a: Iron Moth|Booster Energy\n|-activate|p1a: Iron Moth|ability: Quark Drive|[fromitem]\n|-start|p1a: Iron Moth|quarkdrivespa\n|turn|4\n|j| burgercute\n|\n|t:|1699922592\n|switch|p2a: Volcanion|Volcanion|100\/100\n|move|p1a: Iron Moth|Substitute|p1a: Iron Moth\n|-start|p1a: Iron Moth|Substitute\n|-damage|p1a: Iron Moth|75\/100\n|\n|upkeep\n|turn|5\n|\n|t:|1699922599\n|move|p1a: Iron Moth|Sludge Wave|p2a: Volcanion\n|-damage|p2a: Volcanion|22\/100\n|move|p2a: Volcanion|Steam Eruption|p1a: Iron Moth\n|-supereffective|p1a: Iron Moth\n|-end|p1a: Iron Moth|Substitute\n|\n|upkeep\n|turn|6\n|\n|t:|1699922612\n|move|p1a: Iron Moth|Sludge Wave|p2a: Volcanion\n|-damage|p2a: Volcanion|0 fnt\n|faint|p2a: Volcanion\n|\n|upkeep\n|\n|t:|1699922619\n|switch|p2a: Ogerpon|Ogerpon-Cornerstone, F|100\/100\n|-damage|p2a: Ogerpon|88\/100|[from] Stealth Rock\n|turn|7\n|\n|t:|1699922631\n|move|p2a: Ogerpon|Ivy Cudgel|p1a: Iron Moth\n|-supereffective|p1a: Iron Moth\n|-damage|p1a: Iron Moth|0 fnt\n|faint|p1a: Iron Moth\n|-end|p1a: Iron Moth|Quark Drive|[silent]\n|\n|upkeep\n|j| i samurai l\n|\n|t:|1699922654\n|switch|p1a: Greninja|Greninja, M|100\/100\n|turn|8\n|inactive|wei1020 has 120 seconds left.\n|\n|t:|1699922674\n|move|p1a: Greninja|Ice Beam|p2a: Ogerpon\n|-supereffective|p2a: Ogerpon\n|-damage|p2a: Ogerpon|10\/100\n|-damage|p1a: Greninja|91\/100|[from] item: Life Orb\n|move|p2a: Ogerpon|Horn Leech|p1a: Greninja\n|-supereffective|p1a: Greninja\n|-damage|p1a: Greninja|0 fnt\n|-heal|p2a: Ogerpon|53\/100|[from] drain|[of] p1a: Greninja\n|faint|p1a: Greninja\n|\n|upkeep\n|\n|t:|1699922697\n|switch|p1a: Great Tusk|Great Tusk|100\/100\n|turn|9\n|\n|t:|1699922701\n|move|p2a: Ogerpon|Horn Leech|p1a: Great Tusk\n|-supereffective|p1a: Great Tusk\n|-damage|p1a: Great Tusk|42\/100\n|-heal|p2a: Ogerpon|94\/100|[from] drain|[of] p1a: Great Tusk\n|move|p1a: Great Tusk|Rapid Spin|p2a: Ogerpon\n|-resisted|p2a: Ogerpon\n|-damage|p2a: Ogerpon|81\/100\n|-boost|p1a: Great Tusk|spe|1\n|\n|-heal|p1a: Great Tusk|48\/100|[from] item: Leftovers\n|upkeep\n|turn|10\n|j| higgsfuckingboson\n|\n|t:|1699922712\n|move|p1a: Great Tusk|Earthquake|p2a: Ogerpon\n|-damage|p2a: Ogerpon|11\/100\n|move|p2a: Ogerpon|Horn Leech|p1a: Great Tusk\n|-supereffective|p1a: Great Tusk\n|-damage|p1a: Great Tusk|0 fnt\n|-heal|p2a: Ogerpon|43\/100|[from] drain|[of] p1a: Great Tusk\n|faint|p1a: Great Tusk\n|-end|p1a: Great Tusk|Protosynthesis|[silent]\n|\n|upkeep\n|\n|t:|1699922722\n|switch|p1a: Rillaboom|Rillaboom, M|100\/100\n|-fieldstart|move: Grassy Terrain|[from] ability: Grassy Surge|[of] p1a: Rillaboom\n|turn|11\n|\n|t:|1699922728\n|move|p2a: Ogerpon|Ivy Cudgel|p1a: Rillaboom\n|-damage|p1a: Rillaboom|40\/100\n|move|p1a: Rillaboom|Swords Dance|p1a: Rillaboom\n|-boost|p1a: Rillaboom|atk|2\n|\n|-heal|p2a: Ogerpon|49\/100|[from] Grassy Terrain\n|-heal|p1a: Rillaboom|46\/100|[from] Grassy Terrain\n|upkeep\n|turn|12\n|inactive|wei1020 has 120 seconds left.\n|\n|t:|1699922737\n|move|p1a: Rillaboom|Grassy Glide|p2a: Ogerpon\n|-damage|p2a: Ogerpon|0 fnt\n|faint|p2a: Ogerpon\n|-damage|p1a: Rillaboom|36\/100|[from] item: Life Orb\n|\n|-heal|p1a: Rillaboom|42\/100|[from] Grassy Terrain\n|upkeep\n|\n|t:|1699922740\n|switch|p2a: Scizor|Scizor, M|100\/100\n|-damage|p2a: Scizor|88\/100|[from] Stealth Rock\n|turn|13\n|\n|t:|1699922753\n|move|p1a: Rillaboom|High Horsepower|p2a: Scizor\n|-damage|p2a: Scizor|5\/100\n|-damage|p1a: Rillaboom|33\/100|[from] item: Life Orb\n|move|p2a: Scizor|U-turn|p1a: Rillaboom\n|-supereffective|p1a: Rillaboom\n|-damage|p1a: Rillaboom|0 fnt\n|faint|p1a: Rillaboom\n|\n|t:|1699922763\n|switch|p2a: Iron Valiant|Iron Valiant|100\/100|[from] U-turn\n|-damage|p2a: Iron Valiant|94\/100|[from] Stealth Rock\n|-enditem|p2a: Iron Valiant|Booster Energy\n|-activate|p2a: Iron Valiant|ability: Quark Drive|[fromitem]\n|-start|p2a: Iron Valiant|quarkdrivespe\n|\n|-heal|p2a: Iron Valiant|100\/100|[from] Grassy Terrain\n|upkeep\n|\n|t:|1699922772\n|switch|p1a: Kingambit|Kingambit, F|100\/100\n|-activate|p1a: Kingambit|ability: Supreme Overlord\n|-start|p1a: Kingambit|fallen5|[silent]\n|turn|14\n|\n|t:|1699922777\n|-terastallize|p1a: Kingambit|Fairy\n|move|p2a: Iron Valiant|Aura Sphere|p1a: Kingambit\n|-resisted|p1a: Kingambit\n|-damage|p1a: Kingambit|82\/100\n|move|p1a: Kingambit|Iron Head|p2a: Iron Valiant\n|-supereffective|p2a: Iron Valiant\n|-damage|p2a: Iron Valiant|0 fnt\n|faint|p2a: Iron Valiant\n|-end|p2a: Iron Valiant|Quark Drive|[silent]\n|\n|-heal|p1a: Kingambit|88\/100|[from] Grassy Terrain\n|upkeep\n|\n|t:|1699922785\n|switch|p2a: Enamorus|Enamorus, F|100\/100\n|-damage|p2a: Enamorus|76\/100|[from] Stealth Rock\n|turn|15\n|l| burgercute\n|\n|t:|1699922795\n|-terastallize|p2a: Enamorus|Fighting\n|move|p2a: Enamorus|Iron Head|p1a: Kingambit\n|-supereffective|p1a: Kingambit\n|-damage|p1a: Kingambit|47\/100\n|move|p1a: Kingambit|Iron Head|p2a: Enamorus\n|-damage|p2a: Enamorus|0 fnt\n|faint|p2a: Enamorus\n|\n|-heal|p1a: Kingambit|53\/100|[from] Grassy Terrain\n|-fieldend|move: Grassy Terrain\n|upkeep\n|\n|t:|1699922803\n|switch|p2a: Thundurus|Thundurus-Therian, M|100\/100\n|-damage|p2a: Thundurus|76\/100|[from] Stealth Rock\n|turn|16\n|\n|t:|1699922810\n|move|p1a: Kingambit|Sucker Punch|p2a: Thundurus\n|-damage|p2a: Thundurus|0 fnt\n|faint|p2a: Thundurus\n|\n|upkeep\n|\n|t:|1699922812\n|switch|p2a: Scizor|Scizor, M|5\/100\n|-damage|p2a: Scizor|0 fnt|[from] Stealth Rock\n|faint|p2a: Scizor\n|\n|win|wei1020\n|raw|wei1020's rating: 1567 &rarr; <strong>1591<\/strong><br \/>(+24 for winning)\n|raw|agagagqweqwe's rating: 1639 &rarr; <strong>1615<\/strong><br \/>(-24 for losing)\n|c| i samurai l|omg\n|c|\u2606agagagqweqwe|i hate that thing lol\n|c|\u2606agagagqweqwe|gg\n|c| higgsfuckingboson|and theyre suspect testing roaring moon lol\n|l| higgsfuckingboson\n|l| SandGetsEverywhere\n|l|\u2606agagagqweqwe\n|l| i samurai l\n|l|\u2606wei1020\n|j|\u2606wei1020\n|player|p1|wei1020|rosa\n|l|\u2606wei1020\n|player|p1|\n|j|\u2606wei1020\n|player|p1|wei1020|rosa\n|l|\u2606wei1020\n|player|p1|\n|j|\u2606wei1020\n|player|p1|wei1020|rosa\n","uploadtime":1699922828,"views":14,"p1id":"wei1020","p2id":"agagagqweqwe","formatid":"gen9ou","rating":1591,"private":0,"password":""}