{"id":"gen9ou-1991546603","p1":"A2bot","p2":"NassBug","format":"[Gen 9] OU","log":"|j|\u2606A2bot\n|j|\u2606NassBug\n|t:|1700087049\n|gametype|singles\n|player|p1|A2bot|marlon|1106\n|player|p2|NassBug|clerkf|1196\n|teamsize|p1|6\n|teamsize|p2|6\n|gen|9\n|tier|[Gen 9] OU\n|rated|\n|rule|Sleep Clause Mod: Limit one foe put to sleep\n|rule|Species Clause: Limit one of each Pok\u00e9mon\n|rule|OHKO Clause: OHKO moves are banned\n|rule|Evasion Items Clause: Evasion items are banned\n|rule|Evasion Moves Clause: Evasion moves are banned\n|rule|Endless Battle Clause: Forcing endless battles is banned\n|rule|HP Percentage Mod: HP is shown in percentages\n|clearpoke\n|poke|p1|Corviknight, M|\n|poke|p1|Ceruledge, F|\n|poke|p1|Ogerpon-Wellspring, F|\n|poke|p1|Iron Valiant|\n|poke|p1|Ting-Lu|\n|poke|p1|Dragapult, F|\n|poke|p2|Great Tusk|\n|poke|p2|Dragonite, M|\n|poke|p2|Ceruledge, M|\n|poke|p2|Jirachi|\n|poke|p2|Salamence, M|\n|poke|p2|Ogerpon-Wellspring, F|\n|teampreview\n|\n|t:|1700087061\n|start\n|switch|p1a: Ceruledge|Ceruledge, F|100\/100\n|switch|p2a: Jirachi|Jirachi|100\/100\n|turn|1\n|\n|t:|1700087089\n|switch|p2a: \ud83d\ude06|Dragonite, M|100\/100\n|move|p1a: Ceruledge|Bitter Blade|p2a: \ud83d\ude06\n|-resisted|p2a: \ud83d\ude06\n|-crit|p2a: \ud83d\ude06\n|-damage|p2a: \ud83d\ude06|81\/100\n|\n|upkeep\n|turn|2\n|inactive|Battle timer is ON: inactive players will automatically lose when time's up. (requested by NassBug)\n|\n|t:|1700087141\n|move|p1a: Ceruledge|Close Combat|p2a: \ud83d\ude06\n|-resisted|p2a: \ud83d\ude06\n|-damage|p2a: \ud83d\ude06|57\/100\n|-unboost|p1a: Ceruledge|def|1\n|-unboost|p1a: Ceruledge|spd|1\n|move|p2a: \ud83d\ude06|Earthquake|p1a: Ceruledge\n|-supereffective|p1a: Ceruledge\n|-enditem|p1a: Ceruledge|Focus Sash\n|-damage|p1a: Ceruledge|1\/100\n|-ability|p1a: Ceruledge|Weak Armor|boost\n|-unboost|p1a: Ceruledge|def|1\n|-boost|p1a: Ceruledge|spe|2\n|\n|upkeep\n|turn|3\n|\n|t:|1700087161\n|switch|p1a: Dragapult|Dragapult, F|100\/100\n|move|p2a: \ud83d\ude06|Earthquake|p1a: Dragapult\n|-damage|p1a: Dragapult|24\/100\n|\n|upkeep\n|turn|4\n|\n|t:|1700087169\n|move|p1a: Dragapult|Dragon Darts|p2a: \ud83d\ude06\n|-supereffective|p2a: \ud83d\ude06\n|-damage|p2a: \ud83d\ude06|14\/100\n|-anim|p1a: Dragapult|Dragon Darts|p2a: \ud83d\ude06\n|-supereffective|p2a: \ud83d\ude06\n|-damage|p2a: \ud83d\ude06|0 fnt\n|faint|p2a: \ud83d\ude06\n|\n|upkeep\n|\n|t:|1700087188\n|switch|p2a: Swords|Ceruledge, M|100\/100\n|turn|5\n|\n|t:|1700087202\n|move|p1a: Dragapult|Sucker Punch||[still]\n|-fail|p1a: Dragapult\n|move|p2a: Swords|Swords Dance|p2a: Swords\n|-boost|p2a: Swords|atk|2\n|\n|upkeep\n|turn|6\n|\n|t:|1700087215\n|switch|p1a: Iron Valiant|Iron Valiant|100\/100\n|move|p2a: Swords|Shadow Sneak|p1a: Iron Valiant\n|-damage|p1a: Iron Valiant|46\/100\n|\n|upkeep\n|turn|7\n|\n|t:|1700087221\n|move|p2a: Swords|Shadow Sneak|p1a: Iron Valiant\n|-damage|p1a: Iron Valiant|0 fnt\n|faint|p1a: Iron Valiant\n|-end|p1a: Iron Valiant|Quark Drive|[silent]\n|\n|upkeep\n|\n|t:|1700087230\n|switch|p1a: Ogerpon|Ogerpon-Wellspring, F|100\/100\n|turn|8\n|\n|t:|1700087240\n|-terastallize|p1a: Ogerpon|Water\n|detailschange|p1a: Ogerpon|Ogerpon-Wellspring-Tera, F, tera:Water\n|-ability|p1a: Ogerpon|Embody Aspect (Wellspring)|boost\n|-boost|p1a: Ogerpon|spd|1\n|-terastallize|p2a: Swords|Grass\n|move|p1a: Ogerpon|Ivy Cudgel|p2a: Swords|[anim] Ivy Cudgel Water\n|-resisted|p2a: Swords\n|-damage|p2a: Swords|43\/100\n|-ability|p2a: Swords|Weak Armor|boost\n|-unboost|p2a: Swords|def|1\n|-boost|p2a: Swords|spe|2\n|move|p2a: Swords|Poltergeist|p1a: Ogerpon\n|-activate|p1a: Ogerpon|move: Poltergeist|Wellspring Mask\n|-damage|p1a: Ogerpon|0 fnt\n|faint|p1a: Ogerpon\n|\n|upkeep\n|\n|t:|1700087265\n|switch|p1a: Corviknight|Corviknight, M|100\/100\n|turn|9\n|\n|t:|1700087268\n|move|p2a: Swords|Bitter Blade|p1a: Corviknight\n|-supereffective|p1a: Corviknight\n|-damage|p1a: Corviknight|0 fnt\n|-heal|p2a: Swords|100\/100|[from] drain|[of] p1a: Corviknight\n|faint|p1a: Corviknight\n|\n|upkeep\n|\n|t:|1700087275\n|switch|p1a: Ting-Lu|Ting-Lu|100\/100\n|-ability|p1a: Ting-Lu|Vessel of Ruin\n|turn|10\n|\n|t:|1700087279\n|move|p2a: Swords|Bitter Blade|p1a: Ting-Lu\n|-damage|p1a: Ting-Lu|53\/100\n|move|p1a: Ting-Lu|Heavy Slam|p2a: Swords\n|-damage|p2a: Swords|35\/100\n|-ability|p2a: Swords|Weak Armor|boost\n|-unboost|p2a: Swords|def|1\n|-boost|p2a: Swords|spe|2\n|\n|upkeep\n|turn|11\n|\n|t:|1700087287\n|move|p2a: Swords|Bitter Blade|p1a: Ting-Lu\n|-damage|p1a: Ting-Lu|0 fnt\n|-heal|p2a: Swords|81\/100|[from] drain|[of] p1a: Ting-Lu\n|faint|p1a: Ting-Lu\n|\n|upkeep\n|-message|A2bot forfeited.\n|\n|win|NassBug\n|raw|A2bot's rating: 1106 &rarr; <strong>1087<\/strong><br \/>(-19 for losing)\n|raw|NassBug's rating: 1196 &rarr; <strong>1215<\/strong><br \/>(+19 for winning)\n|l|\u2606A2bot\n","uploadtime":1700087295,"views":15,"p1id":"a2bot","p2id":"nassbug","formatid":"gen9ou","rating":1087,"private":0,"password":""}