{"id":"gen9ou-1997034143","p1":"Hxte_krxnos__","p2":"toxyzg","format":"[Gen 9] OU","log":"|j|\u2606Hxte_krxnos__\n|j|\u2606toxyzg\n|t:|1700757842\n|gametype|singles\n|player|p1|Hxte_krxnos__|170|1296\n|player|p2|toxyzg|shadowtriad|1267\n|teamsize|p1|6\n|teamsize|p2|6\n|gen|9\n|tier|[Gen 9] OU\n|rated|\n|rule|Sleep Clause Mod: Limit one foe put to sleep\n|rule|Species Clause: Limit one of each Pok\u00e9mon\n|rule|OHKO Clause: OHKO moves are banned\n|rule|Evasion Items Clause: Evasion items are banned\n|rule|Evasion Moves Clause: Evasion moves are banned\n|rule|Endless Battle Clause: Forcing endless battles is banned\n|rule|HP Percentage Mod: HP is shown in percentages\n|clearpoke\n|poke|p1|Ceruledge, F|\n|poke|p1|Mienshao, F|\n|poke|p1|Great Tusk|\n|poke|p1|Ribombee, F|\n|poke|p1|Manaphy|\n|poke|p1|Zapdos|\n|poke|p2|Ribombee, F|\n|poke|p2|Great Tusk|\n|poke|p2|Iron Moth|\n|poke|p2|Ogerpon-Wellspring, F|\n|poke|p2|Kingambit, F|\n|poke|p2|Gholdengo|\n|teampreview\n|inactive|Battle timer is ON: inactive players will automatically lose when time's up. (requested by toxyzg)\n|c|\u2606toxyzg|interesting team\n|\n|t:|1700757865\n|start\n|switch|p1a: Manaphy|Manaphy|100\/100\n|switch|p2a: Ogerpon|Ogerpon-Wellspring, F|100\/100\n|turn|1\n|\n|t:|1700757882\n|switch|p1a: Zapdos|Zapdos|100\/100\n|move|p2a: Ogerpon|Knock Off|p1a: Zapdos\n|-damage|p1a: Zapdos|59\/100\n|-status|p2a: Ogerpon|par|[from] ability: Static|[of] p1a: Zapdos\n|-enditem|p1a: Zapdos|Life Orb|[from] move: Knock Off|[of] p2a: Ogerpon\n|\n|upkeep\n|turn|2\n|c|\u2606toxyzg|bro\n|\n|t:|1700757892\n|move|p1a: Zapdos|Roost|p1a: Zapdos\n|-heal|p1a: Zapdos|100\/100\n|-singleturn|p1a: Zapdos|move: Roost\n|move|p2a: Ogerpon|Ivy Cudgel|p1a: Zapdos|[anim] Ivy Cudgel Water\n|-damage|p1a: Zapdos|39\/100\n|\n|upkeep\n|turn|3\n|\n|t:|1700757899\n|move|p1a: Zapdos|Hurricane|p2a: Ogerpon\n|-supereffective|p2a: Ogerpon\n|-damage|p2a: Ogerpon|0 fnt\n|faint|p2a: Ogerpon\n|\n|upkeep\n|c|\u2606toxyzg|nice luck\n|\n|t:|1700757909\n|switch|p2a: Ribombee|Ribombee, F|100\/100\n|turn|4\n|\n|t:|1700757916\n|move|p2a: Ribombee|Sticky Web|p1a: Zapdos\n|-sidestart|p1: Hxte_krxnos__|move: Sticky Web\n|move|p1a: Zapdos|Thunderbolt|p2a: Ribombee\n|-crit|p2a: Ribombee\n|-enditem|p2a: Ribombee|Focus Sash\n|-damage|p2a: Ribombee|1\/100\n|\n|upkeep\n|turn|5\n|c|\u2606toxyzg|at least i get webs up\n|c|\u2606toxyzg|nice crit\n|\n|t:|1700757924\n|move|p2a: Ribombee|Moonblast|p1a: Zapdos\n|-damage|p1a: Zapdos|0 fnt\n|faint|p1a: Zapdos\n|\n|upkeep\n|\n|t:|1700757928\n|switch|p1a: Great Tusk|Great Tusk|100\/100\n|-activate|p1a: Great Tusk|move: Sticky Web\n|-unboost|p1a: Great Tusk|spe|1\n|-enditem|p1a: Great Tusk|Booster Energy\n|-activate|p1a: Great Tusk|ability: Protosynthesis|[fromitem]\n|-start|p1a: Great Tusk|protosynthesisatk\n|turn|6\n|c|\u2606toxyzg|btw\n|\n|t:|1700757934\n|-terastallize|p1a: Great Tusk|Ground\n|move|p2a: Ribombee|Moonblast|p1a: Great Tusk\n|-damage|p1a: Great Tusk|36\/100\n|move|p1a: Great Tusk|Rapid Spin|p2a: Ribombee\n|-damage|p2a: Ribombee|0 fnt\n|-boost|p1a: Great Tusk|spe|1\n|-sideend|p1: Hxte_krxnos__|Sticky Web|[from] move: Rapid Spin|[of] p1a: Great Tusk\n|faint|p2a: Ribombee\n|\n|upkeep\n|\n|t:|1700757943\n|switch|p2a: Iron Moth|Iron Moth|100\/100\n|-enditem|p2a: Iron Moth|Booster Energy\n|-activate|p2a: Iron Moth|ability: Quark Drive|[fromitem]\n|-start|p2a: Iron Moth|quarkdrivespa\n|turn|7\n|c|\u2606toxyzg|its ok\n|c|\u2606toxyzg|i win tho\n|\n|t:|1700757949\n|move|p2a: Iron Moth|Energy Ball|p1a: Great Tusk\n|-supereffective|p1a: Great Tusk\n|-damage|p1a: Great Tusk|0 fnt\n|faint|p1a: Great Tusk\n|-end|p1a: Great Tusk|Protosynthesis|[silent]\n|\n|upkeep\n|\n|t:|1700757961\n|switch|p1a: Ceruledge|Ceruledge, F|100\/100\n|turn|8\n|\n|t:|1700757966\n|move|p2a: Iron Moth|Sludge Wave|p1a: Ceruledge\n|-resisted|p1a: Ceruledge\n|-damage|p1a: Ceruledge|59\/100\n|move|p1a: Ceruledge|Bitter Blade|p2a: Iron Moth\n|-resisted|p2a: Iron Moth\n|-damage|p2a: Iron Moth|59\/100\n|-heal|p1a: Ceruledge|81\/100|[from] drain|[of] p2a: Iron Moth\n|\n|upkeep\n|turn|9\n|\n|t:|1700757974\n|move|p2a: Iron Moth|Dazzling Gleam|p1a: Ceruledge\n|-resisted|p1a: Ceruledge\n|-damage|p1a: Ceruledge|58\/100\n|move|p1a: Ceruledge|Swords Dance|p1a: Ceruledge\n|-boost|p1a: Ceruledge|atk|2\n|\n|upkeep\n|turn|10\n|\n|t:|1700757980\n|-end|p2a: Iron Moth|Quark Drive|[silent]\n|switch|p2a: Great Tusk|Great Tusk|100\/100\n|-enditem|p2a: Great Tusk|Booster Energy\n|-activate|p2a: Great Tusk|ability: Protosynthesis|[fromitem]\n|-start|p2a: Great Tusk|protosynthesisatk\n|move|p1a: Ceruledge|Bitter Blade|p2a: Great Tusk\n|-damage|p2a: Great Tusk|31\/100\n|-heal|p1a: Ceruledge|100\/100|[from] drain|[of] p2a: Great Tusk\n|\n|upkeep\n|turn|11\n|\n|t:|1700757988\n|move|p2a: Great Tusk|Knock Off|p1a: Ceruledge\n|-supereffective|p1a: Ceruledge\n|-enditem|p1a: Ceruledge|Focus Sash\n|-damage|p1a: Ceruledge|1\/100\n|-ability|p1a: Ceruledge|Weak Armor|boost\n|-unboost|p1a: Ceruledge|def|1\n|-boost|p1a: Ceruledge|spe|2\n|move|p1a: Ceruledge|Swords Dance|p1a: Ceruledge\n|-boost|p1a: Ceruledge|atk|2\n|\n|upkeep\n|turn|12\n|\n|t:|1700757998\n|move|p1a: Ceruledge|Bitter Blade|p2a: Great Tusk\n|-crit|p2a: Great Tusk\n|-damage|p2a: Great Tusk|0 fnt\n|-heal|p1a: Ceruledge|20\/100|[from] drain|[of] p2a: Great Tusk\n|faint|p2a: Great Tusk\n|-end|p2a: Great Tusk|Protosynthesis|[silent]\n|\n|upkeep\n|\n|t:|1700758003\n|switch|p2a: Kingambit|Kingambit, F|100\/100\n|-activate|p2a: Kingambit|ability: Supreme Overlord\n|-start|p2a: Kingambit|fallen3|[silent]\n|turn|13\n|c|\u2606toxyzg|sucker punching\n|c|\u2606toxyzg|cuz why not\n|\n|t:|1700758012\n|move|p2a: Kingambit|Sucker Punch||[still]\n|-fail|p2a: Kingambit\n|move|p1a: Ceruledge|Swords Dance|p1a: Ceruledge\n|-boost|p1a: Ceruledge|atk|2\n|\n|upkeep\n|turn|14\n|\n|t:|1700758016\n|move|p2a: Kingambit|Sucker Punch||[still]\n|-fail|p2a: Kingambit\n|move|p1a: Ceruledge|Swords Dance|p1a: Ceruledge\n|-boost|p1a: Ceruledge|atk|0\n|\n|upkeep\n|turn|15\n|\n|t:|1700758019\n|move|p1a: Ceruledge|Bitter Blade|p2a: Kingambit\n|-supereffective|p2a: Kingambit\n|-damage|p2a: Kingambit|0 fnt\n|-heal|p1a: Ceruledge|79\/100|[from] drain|[of] p2a: Kingambit\n|faint|p2a: Kingambit\n|-end|p2a: Kingambit|fallen3|[silent]\n|\n|upkeep\n|\n|t:|1700758023\n|switch|p2a: Gholdengo|Gholdengo|100\/100\n|-item|p2a: Gholdengo|Air Balloon\n|turn|16\n|c|\u2606Hxte_krxnos__|Lol\n|-message|toxyzg forfeited.\n|\n|win|Hxte_krxnos__\n|raw|Hxte_krxnos__'s rating: 1296 &rarr; <strong>1319<\/strong><br \/>(+23 for winning)\n|raw|toxyzg's rating: 1267 &rarr; <strong>1244<\/strong><br \/>(-23 for losing)\n|l|\u2606toxyzg\n","uploadtime":1700758041,"views":1,"p1id":"hxtekrxnos","p2id":"toxyzg","formatid":"gen9ou","rating":1244,"private":0,"password":""}