{"id":"gen9ou-2000211316","p1":"dgzdr","p2":"Blonking","format":"[Gen 9] OU","log":"|j|\u2606dgzdr\n|j|\u2606Blonking\n|inactive|Battle timer is ON: inactive players will automatically lose when time's up.\n|t:|1701172684\n|gametype|singles\n|player|p1|dgzdr|az|\n|player|p2|Blonking|265|\n|teamsize|p1|4\n|teamsize|p2|4\n|gen|9\n|tier|[Gen 9] OU\n|rated|Tournament battle\n|rule|Sleep Clause Mod: Limit one foe put to sleep\n|rule|Species Clause: Limit one of each Pok\u00e9mon\n|rule|OHKO Clause: OHKO moves are banned\n|rule|Evasion Items Clause: Evasion items are banned\n|rule|Evasion Moves Clause: Evasion moves are banned\n|rule|Endless Battle Clause: Forcing endless battles is banned\n|rule|HP Percentage Mod: HP is shown in percentages\n|clearpoke\n|poke|p1|Crawdaunt, F|\n|poke|p1|Hoppip, L1, M|\n|poke|p1|Bellibolt, M|\n|poke|p1|Hippopotas, F|\n|poke|p2|Spinarak, F|\n|poke|p2|Wingull, F|\n|poke|p2|Pawmot, F|\n|poke|p2|Zweilous, M|\n|teampreview\n|j|*Lady Monita \u2746\n|inactive|Blonking also wants the timer to be on.\n|c|\u2606dgzdr|glhf\n|\n|t:|1701172690\n|start\n|switch|p1a: botemilla|Hoppip, L1, M|100\/100\n|switch|p2a: Spinarak|Spinarak, F|100\/100\n|turn|1\n|c|\u2606Blonking|U2\n|\n|t:|1701172696\n|move|p2a: Spinarak|Sticky Web|p1a: botemilla\n|-sidestart|p1: dgzdr|move: Sticky Web\n|move|p1a: botemilla|Sleep Powder|p2a: Spinarak\n|-status|p2a: Spinarak|slp|[from] move: Sleep Powder\n|\n|upkeep\n|turn|2\n|j| TJ799\n|\n|t:|1701172703\n|cant|p2a: Spinarak|slp\n|move|p1a: botemilla|Substitute|p1a: botemilla\n|-start|p1a: botemilla|Substitute\n|-damage|p1a: botemilla|75\/100\n|\n|upkeep\n|turn|3\n|\n|t:|1701172706\n|cant|p2a: Spinarak|slp\n|move|p1a: botemilla|Leech Seed|p2a: Spinarak\n|-start|p2a: Spinarak|move: Leech Seed\n|\n|-damage|p2a: Spinarak|88\/100 slp|[from] Leech Seed|[of] p1a: botemilla\n|-heal|p1a: botemilla|100\/100|[silent]\n|upkeep\n|turn|4\n|\n|t:|1701172712\n|move|p1a: botemilla|Protect|p1a: botemilla\n|-singleturn|p1a: botemilla|Protect\n|cant|p2a: Spinarak|slp\n|\n|-damage|p2a: Spinarak|76\/100 slp|[from] Leech Seed|[of] p1a: botemilla\n|upkeep\n|turn|5\n|\n|t:|1701172717\n|-curestatus|p2a: Spinarak|slp|[msg]\n|move|p2a: Spinarak|Poison Jab|p1a: botemilla\n|-supereffective|p1a: botemilla\n|-end|p1a: botemilla|Substitute\n|move|p1a: botemilla|Substitute|p1a: botemilla\n|-start|p1a: botemilla|Substitute\n|-damage|p1a: botemilla|75\/100\n|\n|-damage|p2a: Spinarak|63\/100|[from] Leech Seed|[of] p1a: botemilla\n|-heal|p1a: botemilla|100\/100|[silent]\n|upkeep\n|turn|6\n|\n|t:|1701172726\n|move|p1a: botemilla|Protect|p1a: botemilla\n|-singleturn|p1a: botemilla|Protect\n|move|p2a: Spinarak|Poison Jab|p1a: botemilla\n|-activate|p1a: botemilla|move: Protect\n|\n|-damage|p2a: Spinarak|51\/100|[from] Leech Seed|[of] p1a: botemilla\n|upkeep\n|turn|7\n|\n|t:|1701172733\n|move|p2a: Spinarak|Megahorn|p1a: botemilla|[miss]\n|-miss|p2a: Spinarak|p1a: botemilla\n|move|p1a: botemilla|Substitute|p1a: botemilla\n|-fail|p1a: botemilla|move: Substitute\n|\n|-damage|p2a: Spinarak|39\/100|[from] Leech Seed|[of] p1a: botemilla\n|upkeep\n|turn|8\n|\n|t:|1701172737\n|switch|p2a: Wingull|Wingull, F|100\/100\n|move|p1a: botemilla|Protect||[still]\n|-fail|p1a: botemilla\n|\n|upkeep\n|turn|9\n|\n|t:|1701172742\n|move|p2a: Wingull|U-turn|p1a: botemilla\n|-end|p1a: botemilla|Substitute\n|-damage|p2a: Wingull|91\/100|[from] item: Life Orb\n|\n|t:|1701172752\n|switch|p2a: Spinarak|Spinarak, F|39\/100|[from] U-turn\n|move|p1a: botemilla|Leech Seed|p2a: Spinarak\n|-start|p2a: Spinarak|move: Leech Seed\n|\n|-damage|p2a: Spinarak|26\/100|[from] Leech Seed|[of] p1a: botemilla\n|upkeep\n|turn|10\n|\n|t:|1701172757\n|move|p1a: botemilla|Protect|p1a: botemilla\n|-singleturn|p1a: botemilla|Protect\n|move|p2a: Spinarak|Poison Jab|p1a: botemilla\n|-activate|p1a: botemilla|move: Protect\n|\n|-damage|p2a: Spinarak|14\/100|[from] Leech Seed|[of] p1a: botemilla\n|upkeep\n|turn|11\n|\n|t:|1701172766\n|move|p2a: Spinarak|Poison Jab|p1a: botemilla\n|-supereffective|p1a: botemilla\n|-enditem|p1a: botemilla|Focus Sash\n|-damage|p1a: botemilla|9\/100\n|move|p1a: botemilla|Sleep Powder|p2a: Spinarak\n|-status|p2a: Spinarak|slp|[from] move: Sleep Powder\n|\n|-damage|p2a: Spinarak|2\/100 slp|[from] Leech Seed|[of] p1a: botemilla\n|-heal|p1a: botemilla|100\/100|[silent]\n|upkeep\n|turn|12\n|j| HunterBear4\n|c|\u2606Blonking|Aaaa\n|\n|t:|1701172772\n|cant|p2a: Spinarak|slp\n|move|p1a: botemilla|Substitute|p1a: botemilla\n|-start|p1a: botemilla|Substitute\n|-damage|p1a: botemilla|75\/100\n|\n|-damage|p2a: Spinarak|0 fnt|[from] Leech Seed|[of] p1a: botemilla\n|-heal|p1a: botemilla|100\/100|[silent]\n|faint|p2a: Spinarak\n|upkeep\n|\n|t:|1701172782\n|switch|p2a: Wingull|Wingull, F|91\/100\n|turn|13\n|c| TJ799|this is so obnoxious lol\n|c|\u2606dgzdr|the almighty hoppip\n|\n|t:|1701172793\n|move|p2a: Wingull|Ice Beam|p1a: botemilla\n|-supereffective|p1a: botemilla\n|-end|p1a: botemilla|Substitute\n|-damage|p2a: Wingull|81\/100|[from] item: Life Orb\n|move|p1a: botemilla|Leech Seed|p2a: Wingull|[miss]\n|-miss|p1a: botemilla|p2a: Wingull\n|\n|upkeep\n|turn|14\n|c|\u2606Blonking|FINALLY\n|c|\u2606Blonking|die\n|\n|t:|1701172801\n|move|p2a: Wingull|Ice Beam|p1a: botemilla\n|-supereffective|p1a: botemilla\n|-damage|p1a: botemilla|0 fnt\n|faint|p1a: botemilla\n|-damage|p2a: Wingull|71\/100|[from] item: Life Orb\n|\n|upkeep\n|c|\u2606dgzdr|welp\n|\n|t:|1701172812\n|switch|p1a: Barrirayo|Bellibolt, M|100\/100\n|turn|15\n|\n|t:|1701172817\n|move|p2a: Wingull|U-turn|p1a: Barrirayo\n|-damage|p1a: Barrirayo|96\/100\n|-start|p1a: Barrirayo|Charge|U-turn|[from] ability: Electromorphosis\n|-damage|p2a: Wingull|61\/100|[from] item: Life Orb\n|\n|t:|1701172819\n|switch|p2a: Pawmot|Pawmot, F|100\/100|[from] U-turn\n|move|p1a: Barrirayo|Toxic|p2a: Pawmot|[miss]\n|-miss|p1a: Barrirayo|p2a: Pawmot\n|\n|upkeep\n|turn|16\n|\n|t:|1701172827\n|move|p2a: Pawmot|Close Combat|p1a: Barrirayo\n|-damage|p1a: Barrirayo|40\/100\n|-unboost|p2a: Pawmot|def|1\n|-unboost|p2a: Pawmot|spd|1\n|-start|p1a: Barrirayo|Charge|Close Combat|[from] ability: Electromorphosis\n|move|p1a: Barrirayo|Toxic|p2a: Pawmot\n|-status|p2a: Pawmot|tox\n|\n|-damage|p2a: Pawmot|94\/100 tox|[from] psn\n|upkeep\n|turn|17\n|\n|t:|1701172836\n|move|p2a: Pawmot|Close Combat|p1a: Barrirayo\n|-damage|p1a: Barrirayo|0 fnt\n|-unboost|p2a: Pawmot|def|1\n|-unboost|p2a: Pawmot|spd|1\n|faint|p1a: Barrirayo\n|\n|-damage|p2a: Pawmot|82\/100 tox|[from] psn\n|upkeep\n|\n|t:|1701172839\n|switch|p1a: Cangremidante|Crawdaunt, F|100\/100\n|-activate|p1a: Cangremidante|move: Sticky Web\n|-unboost|p1a: Cangremidante|spe|1\n|turn|18\n|\n|t:|1701172842\n|switch|p2a: Wingull|Wingull, F|61\/100\n|-terastallize|p1a: Cangremidante|Poison\n|move|p1a: Cangremidante|Swords Dance|p1a: Cangremidante\n|-boost|p1a: Cangremidante|atk|2\n|\n|upkeep\n|turn|19\n|\n|t:|1701172846\n|move|p2a: Wingull|Surf|p1a: Cangremidante\n|-damage|p1a: Cangremidante|30\/100\n|-damage|p2a: Wingull|51\/100|[from] item: Life Orb\n|move|p1a: Cangremidante|Knock Off|p2a: Wingull\n|-damage|p2a: Wingull|0 fnt\n|-enditem|p2a: Wingull|Life Orb|[from] move: Knock Off|[of] p1a: Cangremidante\n|faint|p2a: Wingull\n|-damage|p1a: Cangremidante|20\/100|[from] item: Life Orb\n|\n|upkeep\n|\n|t:|1701172850\n|switch|p2a: Zweilous|Zweilous, M|100\/100\n|turn|20\n|\n|t:|1701172855\n|move|p1a: Cangremidante|Aqua Jet|p2a: Zweilous\n|-resisted|p2a: Zweilous\n|-damage|p2a: Zweilous|58\/100\n|-damage|p1a: Cangremidante|11\/100|[from] item: Life Orb\n|move|p2a: Zweilous|Stomping Tantrum|p1a: Cangremidante\n|-supereffective|p1a: Cangremidante\n|-damage|p1a: Cangremidante|0 fnt\n|faint|p1a: Cangremidante\n|\n|upkeep\n|\n|t:|1701172857\n|switch|p1a: Hippopotas|Hippopotas, F|100\/100\n|-activate|p1a: Hippopotas|move: Sticky Web\n|-unboost|p1a: Hippopotas|spe|1\n|-weather|Sandstorm|[from] ability: Sand Stream|[of] p1a: Hippopotas\n|turn|21\n|inactive|Blonking has 120 seconds left.\n|\n|t:|1701172888\n|move|p2a: Zweilous|Stomping Tantrum|p1a: Hippopotas\n|-damage|p1a: Hippopotas|66\/100\n|move|p1a: Hippopotas|Ice Fang|p2a: Zweilous\n|-supereffective|p2a: Zweilous\n|-damage|p2a: Zweilous|20\/100\n|\n|-weather|Sandstorm|[upkeep]\n|-damage|p2a: Zweilous|14\/100|[from] Sandstorm\n|upkeep\n|turn|22\n|\n|t:|1701172893\n|switch|p2a: Pawmot|Pawmot, F|82\/100 tox\n|move|p1a: Hippopotas|Slack Off|p1a: Hippopotas\n|-heal|p1a: Hippopotas|100\/100\n|\n|-weather|Sandstorm|[upkeep]\n|-damage|p2a: Pawmot|76\/100 tox|[from] Sandstorm\n|-damage|p2a: Pawmot|70\/100 tox|[from] psn\n|upkeep\n|turn|23\n|\n|t:|1701172898\n|move|p2a: Pawmot|Close Combat|p1a: Hippopotas\n|-damage|p1a: Hippopotas|33\/100\n|-unboost|p2a: Pawmot|def|1\n|-unboost|p2a: Pawmot|spd|1\n|move|p1a: Hippopotas|Earthquake|p2a: Pawmot\n|-supereffective|p2a: Pawmot\n|-damage|p2a: Pawmot|0 fnt\n|faint|p2a: Pawmot\n|\n|-weather|Sandstorm|[upkeep]\n|upkeep\n|\n|t:|1701172901\n|switch|p2a: Zweilous|Zweilous, M|14\/100\n|turn|24\n|\n|t:|1701172904\n|move|p2a: Zweilous|Outrage|p1a: Hippopotas\n|-damage|p1a: Hippopotas|0 fnt\n|faint|p1a: Hippopotas\n|\n|win|Blonking\n|n|\u2606dgzdr|dgzdr\n|n|\u2606Blonking|blonking\n|n|*Lady Monita \u2746|ladymonita\n|n| TJ799|tj799\n|n| HunterBear4|hunterbear4\n","uploadtime":1701172905,"views":2,"p1id":"dgzdr","p2id":"blonking","formatid":"gen9ou","rating":0,"private":0,"password":""}