{"id":"gen9ou-1991106223","p1":"Draeoch","p2":"bubbalobill","format":"[Gen 9] OU","log":"|j|\u2606Draeoch\n|j|\u2606bubbalobill\n|t:|1700043835\n|gametype|singles\n|player|p1|Draeoch|lady-gen4|1115\n|player|p2|bubbalobill|sage|1096\n|teamsize|p1|6\n|teamsize|p2|6\n|gen|9\n|tier|[Gen 9] OU\n|rated|\n|rule|Sleep Clause Mod: Limit one foe put to sleep\n|rule|Species Clause: Limit one of each Pok\u00e9mon\n|rule|OHKO Clause: OHKO moves are banned\n|rule|Evasion Items Clause: Evasion items are banned\n|rule|Evasion Moves Clause: Evasion moves are banned\n|rule|Endless Battle Clause: Forcing endless battles is banned\n|rule|HP Percentage Mod: HP is shown in percentages\n|clearpoke\n|poke|p1|Samurott-Hisui, F|\n|poke|p1|Ninetales-Alola, F|\n|poke|p1|Rillaboom, F|\n|poke|p1|Sneasler, M|\n|poke|p1|Gholdengo|\n|poke|p1|Iron Valiant|\n|poke|p2|Glimmora, M|\n|poke|p2|Ceruledge, M|\n|poke|p2|Iron Valiant|\n|poke|p2|Cinderace, M|\n|poke|p2|Corviknight, M|\n|poke|p2|Blissey, F|\n|teampreview\n|\n|t:|1700043842\n|start\n|switch|p1a: Samurott|Samurott-Hisui, F|100\/100\n|switch|p2a: Glimmora|Glimmora, M|100\/100\n|turn|1\n|\n|t:|1700043859\n|-terastallize|p2a: Glimmora|Grass\n|move|p1a: Samurott|Surf|p2a: Glimmora\n|-resisted|p2a: Glimmora\n|-damage|p2a: Glimmora|89\/100\n|move|p2a: Glimmora|Energy Ball|p1a: Samurott\n|-supereffective|p1a: Samurott\n|-enditem|p1a: Samurott|Focus Sash\n|-damage|p1a: Samurott|1\/100\n|\n|upkeep\n|turn|2\n|\n|t:|1700043875\n|move|p1a: Samurott|Ceaseless Edge|p2a: Glimmora\n|-damage|p2a: Glimmora|48\/100\n|-activate|p2a: Glimmora|ability: Toxic Debris\n|-sidestart|p1: Draeoch|move: Toxic Spikes\n|-sidestart|p2: bubbalobill|Spikes\n|move|p2a: Glimmora|Sludge Wave|p1a: Samurott\n|-damage|p1a: Samurott|0 fnt\n|faint|p1a: Samurott\n|\n|upkeep\n|\n|t:|1700043883\n|switch|p1a: Sneasler|Sneasler, M|100\/100\n|-sideend|p1: Draeoch|move: Toxic Spikes|[of] p1a: Sneasler\n|turn|3\n|inactive|Battle timer is ON: inactive players will automatically lose when time's up. (requested by Draeoch)\n|\n|t:|1700043901\n|move|p1a: Sneasler|Dire Claw|p2a: Glimmora\n|-supereffective|p2a: Glimmora\n|-damage|p2a: Glimmora|0 fnt\n|-activate|p2a: Glimmora|ability: Toxic Debris\n|-sidestart|p1: Draeoch|move: Toxic Spikes\n|faint|p2a: Glimmora\n|\n|upkeep\n|inactive|bubbalobill has 120 seconds left.\n|inactive|bubbalobill has 90 seconds left.\n|\n|t:|1700043964\n|switch|p2a: Ceruledge|Ceruledge, M|100\/100\n|-damage|p2a: Ceruledge|88\/100|[from] Spikes\n|turn|4\n|inactive|Draeoch has 120 seconds left.\n|\n|t:|1700044020\n|switch|p1a: Iron Valiant|Iron Valiant|100\/100\n|-status|p1a: Iron Valiant|psn\n|-enditem|p1a: Iron Valiant|Booster Energy\n|-activate|p1a: Iron Valiant|ability: Quark Drive|[fromitem]\n|-start|p1a: Iron Valiant|quarkdrivespe\n|move|p2a: Ceruledge|Swords Dance|p2a: Ceruledge\n|-boost|p2a: Ceruledge|atk|2\n|\n|-damage|p1a: Iron Valiant|88\/100 psn|[from] psn\n|upkeep\n|turn|5\n|inactive|bubbalobill has 90 seconds left.\n|\n|t:|1700044055\n|move|p1a: Iron Valiant|Knock Off|p2a: Ceruledge\n|-supereffective|p2a: Ceruledge\n|-damage|p2a: Ceruledge|4\/100\n|-ability|p2a: Ceruledge|Weak Armor|boost\n|-unboost|p2a: Ceruledge|def|1\n|-boost|p2a: Ceruledge|spe|2\n|-enditem|p2a: Ceruledge|Focus Sash|[from] move: Knock Off|[of] p1a: Iron Valiant\n|move|p2a: Ceruledge|Bitter Blade|p1a: Iron Valiant\n|-damage|p1a: Iron Valiant|0 fnt\n|-heal|p2a: Ceruledge|47\/100|[from] drain|[of] p1a: Iron Valiant\n|faint|p1a: Iron Valiant\n|-end|p1a: Iron Valiant|Quark Drive|[silent]\n|\n|upkeep\n|inactive|Draeoch has 90 seconds left.\n|\n|t:|1700044077\n|switch|p1a: Gholdengo|Gholdengo|100\/100\n|-item|p1a: Gholdengo|Air Balloon\n|turn|6\n|inactive|Draeoch has 90 seconds left.\n|\n|t:|1700044084\n|-terastallize|p1a: Gholdengo|Dark\n|move|p2a: Ceruledge|Bitter Blade|p1a: Gholdengo\n|-damage|p1a: Gholdengo|0 fnt\n|-heal|p2a: Ceruledge|100\/100|[from] drain|[of] p1a: Gholdengo\n|-enditem|p1a: Gholdengo|Air Balloon\n|faint|p1a: Gholdengo\n|\n|upkeep\n|inactive|Draeoch has 90 seconds left.\n|-message|Draeoch forfeited.\n|\n|win|bubbalobill\n|raw|Draeoch's rating: 1115 &rarr; <strong>1089<\/strong><br \/>(-26 for losing)\n|raw|bubbalobill's rating: 1096 &rarr; <strong>1123<\/strong><br \/>(+27 for winning)\n|l|\u2606Draeoch\n","uploadtime":1700044097,"views":5,"p1id":"draeoch","p2id":"bubbalobill","formatid":"gen9ou","rating":1089,"private":0,"password":""}