{"id":"gen9ou-1988318321","p1":"Brand0n_0","p2":"Yce_Lord","format":"[Gen 9] OU","log":"|j|\u2606Brand0n_0\n|j|\u2606Yce_Lord\n|t:|1699707620\n|gametype|singles\n|player|p1|Brand0n_0|caitlin-masters|1379\n|player|p2|Yce_Lord|brycen|1409\n|teamsize|p1|6\n|teamsize|p2|6\n|gen|9\n|tier|[Gen 9] OU\n|rated|\n|rule|Sleep Clause Mod: Limit one foe put to sleep\n|rule|Species Clause: Limit one of each Pok\u00e9mon\n|rule|OHKO Clause: OHKO moves are banned\n|rule|Evasion Items Clause: Evasion items are banned\n|rule|Evasion Moves Clause: Evasion moves are banned\n|rule|Endless Battle Clause: Forcing endless battles is banned\n|rule|HP Percentage Mod: HP is shown in percentages\n|clearpoke\n|poke|p1|Cresselia, F|\n|poke|p1|Gliscor, F|\n|poke|p1|Ogerpon-Wellspring, F|\n|poke|p1|Dragapult, F|\n|poke|p1|Kingambit, F|\n|poke|p1|Thundurus-Therian, M|\n|poke|p2|Dragapult, F|\n|poke|p2|Iron Moth|\n|poke|p2|Iron Valiant|\n|poke|p2|Kingambit, F|\n|poke|p2|Ogerpon-Wellspring, F|\n|poke|p2|Gliscor, F|\n|teampreview\n|inactive|Battle timer is ON: inactive players will automatically lose when time's up. (requested by Yce_Lord)\n|\n|t:|1699707624\n|start\n|switch|p1a: Thundurus|Thundurus-Therian, M|100\/100\n|switch|p2a: Gliscor|Gliscor, F|100\/100\n|turn|1\n|\n|t:|1699707631\n|-terastallize|p1a: Thundurus|Ice\n|move|p1a: Thundurus|Tera Blast|p2a: Gliscor|[anim] Tera Blast Ice\n|-supereffective|p2a: Gliscor\n|-damage|p2a: Gliscor|0 fnt\n|faint|p2a: Gliscor\n|\n|upkeep\n|\n|t:|1699707637\n|switch|p2a: Iron Moth|Iron Moth|100\/100\n|-enditem|p2a: Iron Moth|Booster Energy\n|-activate|p2a: Iron Moth|ability: Quark Drive|[fromitem]\n|-start|p2a: Iron Moth|quarkdrivespe\n|turn|2\n|\n|t:|1699707642\n|switch|p1a: Cresselia|Cresselia, F, shiny|100\/100\n|move|p2a: Iron Moth|Fiery Dance|p1a: Cresselia\n|-damage|p1a: Cresselia|74\/100\n|-boost|p2a: Iron Moth|spa|1\n|\n|-heal|p1a: Cresselia|80\/100|[from] item: Leftovers\n|upkeep\n|turn|3\n|\n|t:|1699707653\n|move|p2a: Iron Moth|Fiery Dance|p1a: Cresselia\n|-damage|p1a: Cresselia|39\/100\n|-boost|p2a: Iron Moth|spa|1\n|move|p1a: Cresselia|Calm Mind|p1a: Cresselia\n|-boost|p1a: Cresselia|spa|1\n|-boost|p1a: Cresselia|spd|1\n|\n|-heal|p1a: Cresselia|45\/100|[from] item: Leftovers\n|upkeep\n|turn|4\n|\n|t:|1699707679\n|-terastallize|p2a: Iron Moth|Grass\n|move|p2a: Iron Moth|Fiery Dance|p1a: Cresselia\n|-damage|p1a: Cresselia|9\/100\n|move|p1a: Cresselia|Moonlight|p1a: Cresselia\n|-heal|p1a: Cresselia|59\/100\n|\n|-heal|p1a: Cresselia|65\/100|[from] item: Leftovers\n|upkeep\n|turn|5\n|\n|t:|1699707687\n|move|p2a: Iron Moth|Fiery Dance|p1a: Cresselia\n|-damage|p1a: Cresselia|31\/100\n|move|p1a: Cresselia|Calm Mind|p1a: Cresselia\n|-boost|p1a: Cresselia|spa|1\n|-boost|p1a: Cresselia|spd|1\n|\n|-heal|p1a: Cresselia|37\/100|[from] item: Leftovers\n|upkeep\n|turn|6\n|\n|t:|1699707694\n|move|p2a: Iron Moth|Fiery Dance|p1a: Cresselia\n|-damage|p1a: Cresselia|9\/100\n|move|p1a: Cresselia|Moonlight|p1a: Cresselia\n|-heal|p1a: Cresselia|59\/100\n|\n|-heal|p1a: Cresselia|65\/100|[from] item: Leftovers\n|upkeep\n|turn|7\n|\n|t:|1699707700\n|move|p2a: Iron Moth|Fiery Dance|p1a: Cresselia\n|-damage|p1a: Cresselia|39\/100\n|-boost|p2a: Iron Moth|spa|1\n|move|p1a: Cresselia|Calm Mind|p1a: Cresselia\n|-boost|p1a: Cresselia|spa|1\n|-boost|p1a: Cresselia|spd|1\n|\n|-heal|p1a: Cresselia|45\/100|[from] item: Leftovers\n|upkeep\n|turn|8\n|\n|t:|1699707703\n|move|p2a: Iron Moth|Fiery Dance|p1a: Cresselia\n|-damage|p1a: Cresselia|17\/100\n|-boost|p2a: Iron Moth|spa|1\n|move|p1a: Cresselia|Moonlight|p1a: Cresselia\n|-heal|p1a: Cresselia|67\/100\n|\n|-heal|p1a: Cresselia|73\/100|[from] item: Leftovers\n|upkeep\n|turn|9\n|\n|t:|1699707714\n|move|p2a: Iron Moth|Fiery Dance|p1a: Cresselia\n|-damage|p1a: Cresselia|40\/100\n|move|p1a: Cresselia|Calm Mind|p1a: Cresselia\n|-boost|p1a: Cresselia|spa|1\n|-boost|p1a: Cresselia|spd|1\n|\n|-heal|p1a: Cresselia|46\/100|[from] item: Leftovers\n|upkeep\n|turn|10\n|\n|t:|1699707720\n|move|p2a: Iron Moth|Fiery Dance|p1a: Cresselia\n|-damage|p1a: Cresselia|17\/100\n|move|p1a: Cresselia|Moonlight|p1a: Cresselia\n|-heal|p1a: Cresselia|67\/100\n|\n|-heal|p1a: Cresselia|73\/100|[from] item: Leftovers\n|upkeep\n|turn|11\n|\n|t:|1699707725\n|move|p2a: Iron Moth|Fiery Dance|p1a: Cresselia\n|-damage|p1a: Cresselia|45\/100\n|-boost|p2a: Iron Moth|spa|1\n|move|p1a: Cresselia|Calm Mind|p1a: Cresselia\n|-boost|p1a: Cresselia|spa|1\n|-boost|p1a: Cresselia|spd|1\n|\n|-heal|p1a: Cresselia|51\/100|[from] item: Leftovers\n|upkeep\n|turn|12\n|\n|t:|1699707730\n|move|p2a: Iron Moth|Fiery Dance|p1a: Cresselia\n|-damage|p1a: Cresselia|27\/100\n|move|p1a: Cresselia|Moonlight|p1a: Cresselia\n|-heal|p1a: Cresselia|77\/100\n|\n|-heal|p1a: Cresselia|83\/100|[from] item: Leftovers\n|upkeep\n|turn|13\n|\n|t:|1699707736\n|move|p2a: Iron Moth|Fiery Dance|p1a: Cresselia\n|-damage|p1a: Cresselia|56\/100\n|move|p1a: Cresselia|Stored Power|p2a: Iron Moth\n|-damage|p2a: Iron Moth|0 fnt\n|faint|p2a: Iron Moth\n|-end|p2a: Iron Moth|Quark Drive|[silent]\n|\n|-heal|p1a: Cresselia|62\/100|[from] item: Leftovers\n|upkeep\n|\n|t:|1699707746\n|switch|p2a: Kingambit|Kingambit, F|100\/100\n|-activate|p2a: Kingambit|ability: Supreme Overlord\n|-start|p2a: Kingambit|fallen2|[silent]\n|turn|14\n|\n|t:|1699707756\n|move|p2a: Kingambit|Sucker Punch||[still]\n|-fail|p2a: Kingambit\n|move|p1a: Cresselia|Moonlight|p1a: Cresselia\n|-heal|p1a: Cresselia|100\/100\n|\n|upkeep\n|turn|15\n|\n|t:|1699707763\n|move|p2a: Kingambit|Sucker Punch||[still]\n|-fail|p2a: Kingambit\n|move|p1a: Cresselia|Calm Mind|p1a: Cresselia\n|-boost|p1a: Cresselia|spa|1\n|-boost|p1a: Cresselia|spd|1\n|\n|upkeep\n|turn|16\n|\n|t:|1699707768\n|move|p2a: Kingambit|Sucker Punch|p1a: Cresselia\n|-supereffective|p1a: Cresselia\n|-damage|p1a: Cresselia|51\/100\n|move|p1a: Cresselia|Moonblast|p2a: Kingambit\n|-damage|p2a: Kingambit|35\/100\n|\n|-heal|p1a: Cresselia|57\/100|[from] item: Leftovers\n|-heal|p2a: Kingambit|41\/100|[from] item: Leftovers\n|upkeep\n|turn|17\n|\n|t:|1699707778\n|move|p1a: Cresselia|Moonlight|p1a: Cresselia\n|-heal|p1a: Cresselia|100\/100\n|move|p2a: Kingambit|Kowtow Cleave|p1a: Cresselia\n|-supereffective|p1a: Cresselia\n|-damage|p1a: Cresselia|36\/100\n|\n|-heal|p1a: Cresselia|42\/100|[from] item: Leftovers\n|-heal|p2a: Kingambit|48\/100|[from] item: Leftovers\n|upkeep\n|turn|18\n|\n|t:|1699707787\n|move|p2a: Kingambit|Sucker Punch|p1a: Cresselia\n|-supereffective|p1a: Cresselia\n|-damage|p1a: Cresselia|0 fnt\n|faint|p1a: Cresselia\n|\n|-heal|p2a: Kingambit|54\/100|[from] item: Leftovers\n|upkeep\n|\n|t:|1699707794\n|switch|p1a: Thundurus|Thundurus-Therian, M, tera:Ice|100\/100\n|turn|19\n|\n|t:|1699707799\n|move|p2a: Kingambit|Sucker Punch|p1a: Thundurus\n|-damage|p1a: Thundurus|31\/100\n|move|p1a: Thundurus|Wildbolt Storm|p2a: Kingambit\n|-damage|p2a: Kingambit|0 fnt\n|faint|p2a: Kingambit\n|-end|p2a: Kingambit|fallen2|[silent]\n|\n|upkeep\n|\n|t:|1699707806\n|switch|p2a: Ogerpon|Ogerpon-Wellspring, F|100\/100\n|turn|20\n|\n|t:|1699707820\n|move|p2a: Ogerpon|Knock Off|p1a: Thundurus\n|-damage|p1a: Thundurus|0 fnt\n|-enditem|p1a: Thundurus|Heavy-Duty Boots|[from] move: Knock Off|[of] p2a: Ogerpon\n|faint|p1a: Thundurus\n|\n|upkeep\n|\n|t:|1699707833\n|switch|p1a: Dragapult|Dragapult, F, shiny|100\/100\n|turn|21\n|\n|t:|1699707837\n|move|p1a: Dragapult|U-turn|p2a: Ogerpon\n|-supereffective|p2a: Ogerpon\n|-crit|p2a: Ogerpon\n|-damage|p2a: Ogerpon|39\/100\n|\n|t:|1699707851\n|switch|p1a: Kingambit|Kingambit, F|100\/100|[from] U-turn\n|-activate|p1a: Kingambit|ability: Supreme Overlord\n|-start|p1a: Kingambit|fallen2|[silent]\n|move|p2a: Ogerpon|Knock Off|p1a: Kingambit\n|-resisted|p1a: Kingambit\n|-damage|p1a: Kingambit|84\/100\n|-enditem|p1a: Kingambit|Heavy-Duty Boots|[from] move: Knock Off|[of] p2a: Ogerpon\n|\n|upkeep\n|turn|22\n|\n|t:|1699707861\n|move|p2a: Ogerpon|Ivy Cudgel|p1a: Kingambit\n|-crit|p1a: Kingambit\n|-damage|p1a: Kingambit|13\/100\n|move|p1a: Kingambit|Iron Head|p2a: Ogerpon\n|-resisted|p2a: Ogerpon\n|-damage|p2a: Ogerpon|2\/100\n|\n|upkeep\n|turn|23\n|\n|t:|1699707870\n|move|p1a: Kingambit|Sucker Punch|p2a: Ogerpon\n|-damage|p2a: Ogerpon|0 fnt\n|faint|p2a: Ogerpon\n|\n|upkeep\n|\n|t:|1699707872\n|switch|p2a: Iron Valiant|Iron Valiant|100\/100\n|-enditem|p2a: Iron Valiant|Booster Energy\n|-activate|p2a: Iron Valiant|ability: Quark Drive|[fromitem]\n|-start|p2a: Iron Valiant|quarkdrivespe\n|turn|24\n|\n|t:|1699707878\n|move|p2a: Iron Valiant|Spirit Break|p1a: Kingambit\n|-damage|p1a: Kingambit|0 fnt\n|faint|p1a: Kingambit\n|-end|p1a: Kingambit|fallen2|[silent]\n|\n|upkeep\n|\n|t:|1699707884\n|switch|p1a: Gliscor|Gliscor, F|100\/100\n|turn|25\n|\n|t:|1699707890\n|move|p2a: Iron Valiant|Knock Off|p1a: Gliscor\n|-damage|p1a: Gliscor|80\/100\n|-enditem|p1a: Gliscor|Toxic Orb|[from] move: Knock Off|[of] p2a: Iron Valiant\n|move|p1a: Gliscor|Toxic|p2a: Iron Valiant\n|-status|p2a: Iron Valiant|tox\n|\n|-damage|p2a: Iron Valiant|94\/100 tox|[from] psn\n|upkeep\n|turn|26\n|\n|t:|1699707898\n|move|p2a: Iron Valiant|Swords Dance|p2a: Iron Valiant\n|-boost|p2a: Iron Valiant|atk|2\n|move|p1a: Gliscor|Spikes|p2a: Iron Valiant\n|-sidestart|p2: Yce_Lord|Spikes\n|\n|-damage|p2a: Iron Valiant|82\/100 tox|[from] psn\n|upkeep\n|turn|27\n|\n|t:|1699707903\n|move|p2a: Iron Valiant|Spirit Break|p1a: Gliscor\n|-damage|p1a: Gliscor|31\/100\n|-unboost|p1a: Gliscor|spa|1\n|move|p1a: Gliscor|Spikes|p2a: Iron Valiant\n|-sidestart|p2: Yce_Lord|Spikes\n|\n|-damage|p2a: Iron Valiant|63\/100 tox|[from] psn\n|upkeep\n|turn|28\n|\n|t:|1699707908\n|move|p1a: Gliscor|Protect|p1a: Gliscor\n|-singleturn|p1a: Gliscor|Protect\n|move|p2a: Iron Valiant|Spirit Break|p1a: Gliscor\n|-activate|p1a: Gliscor|move: Protect\n|\n|-damage|p2a: Iron Valiant|38\/100 tox|[from] psn\n|upkeep\n|turn|29\n|\n|t:|1699707917\n|move|p1a: Gliscor|Protect|p1a: Gliscor\n|-singleturn|p1a: Gliscor|Protect\n|move|p2a: Iron Valiant|Spirit Break|p1a: Gliscor\n|-activate|p1a: Gliscor|move: Protect\n|\n|-damage|p2a: Iron Valiant|7\/100 tox|[from] psn\n|upkeep\n|turn|30\n|\n|t:|1699707935\n|move|p1a: Gliscor|Protect||[still]\n|-fail|p1a: Gliscor\n|move|p2a: Iron Valiant|Spirit Break|p1a: Gliscor\n|-damage|p1a: Gliscor|0 fnt\n|faint|p1a: Gliscor\n|\n|-damage|p2a: Iron Valiant|0 fnt|[from] psn\n|faint|p2a: Iron Valiant\n|-end|p2a: Iron Valiant|Quark Drive|[silent]\n|upkeep\n|\n|t:|1699707943\n|switch|p2a: Dragapult|Dragapult, F|100\/100\n|switch|p1a: Ogerpon|Ogerpon-Wellspring, F|100\/100\n|-damage|p2a: Dragapult|84\/100|[from] Spikes\n|turn|31\n|\n|t:|1699707956\n|move|p2a: Dragapult|Dragon Darts|p1a: Ogerpon\n|-damage|p1a: Ogerpon|49\/100\n|-anim|p2a: Dragapult|Dragon Darts|p1a: Ogerpon\n|-damage|p1a: Ogerpon|1\/100\n|move|p1a: Ogerpon|Ivy Cudgel|p2a: Dragapult\n|-resisted|p2a: Dragapult\n|-damage|p2a: Dragapult|47\/100\n|\n|upkeep\n|turn|32\n|\n|t:|1699707966\n|move|p2a: Dragapult|Dragon Darts|p1a: Ogerpon\n|-damage|p1a: Ogerpon|0 fnt\n|faint|p1a: Ogerpon\n|\n|upkeep\n|\n|t:|1699707967\n|switch|p1a: Dragapult|Dragapult, F, shiny|100\/100\n|turn|33\n|\n|t:|1699707969\n|move|p2a: Dragapult|Dragon Darts|p1a: Dragapult\n|-supereffective|p1a: Dragapult\n|-damage|p1a: Dragapult|3\/100\n|-anim|p2a: Dragapult|Dragon Darts|p1a: Dragapult\n|-supereffective|p1a: Dragapult\n|-damage|p1a: Dragapult|0 fnt\n|faint|p1a: Dragapult\n|\n|win|Yce_Lord\n|raw|Brand0n_0's rating: 1379 &rarr; <strong>1361<\/strong><br \/>(-18 for losing)\n|raw|Yce_Lord's rating: 1409 &rarr; <strong>1427<\/strong><br \/>(+18 for winning)\n|player|p1|Brand0n_0|caitlin-masters\n","uploadtime":1699708226,"views":35,"p1id":"brand0n0","p2id":"ycelord","formatid":"gen9ou","rating":1361,"private":0,"password":""}