{"id":"gen9ou-1996046336","p1":"del water gap","p2":"Pope Temporal","format":"[Gen 9] OU","log":"|j|\u2606del water gap\n|j|\u2606Pope Temporal\n|t:|1700634839\n|gametype|singles\n|player|p1|del water gap|acetrainersnowf|1504\n|player|p2|Pope Temporal|cynthia-gen4|1613\n|teamsize|p1|6\n|teamsize|p2|6\n|gen|9\n|tier|[Gen 9] OU\n|rated|\n|rule|Sleep Clause Mod: Limit one foe put to sleep\n|rule|Species Clause: Limit one of each Pok\u00e9mon\n|rule|OHKO Clause: OHKO moves are banned\n|rule|Evasion Items Clause: Evasion items are banned\n|rule|Evasion Moves Clause: Evasion moves are banned\n|rule|Endless Battle Clause: Forcing endless battles is banned\n|rule|HP Percentage Mod: HP is shown in percentages\n|clearpoke\n|poke|p1|Goodra-Hisui, M|\n|poke|p1|Alomomola, F|\n|poke|p1|Kingambit, F|\n|poke|p1|Cinderace, F|\n|poke|p1|Thundurus-Therian, M|\n|poke|p1|Landorus-Therian, M|\n|poke|p2|Iron Valiant|\n|poke|p2|Manaphy|\n|poke|p2|Enamorus, F|\n|poke|p2|Iron Treads|\n|poke|p2|Slowking-Galar, F|\n|poke|p2|Landorus-Therian, M|\n|teampreview\n|inactive|Battle timer is ON: inactive players will automatically lose when time's up. (requested by Pope Temporal)\n|\n|t:|1700634856\n|start\n|switch|p1a: Alomomola|Alomomola, F|100\/100\n|switch|p2a: Iron Treads|Iron Treads|100\/100\n|turn|1\n|\n|t:|1700634859\n|move|p2a: Iron Treads|Knock Off|p1a: Alomomola\n|-damage|p1a: Alomomola|87\/100\n|-enditem|p1a: Alomomola|Heavy-Duty Boots|[from] move: Knock Off|[of] p2a: Iron Treads\n|move|p1a: Alomomola|Scald|p2a: Iron Treads\n|-supereffective|p2a: Iron Treads\n|-damage|p2a: Iron Treads|83\/100\n|\n|upkeep\n|turn|2\n|\n|t:|1700634864\n|-end|p2a: Iron Treads|Quark Drive|[silent]\n|switch|p2a: Slowking|Slowking-Galar, F|100\/100\n|move|p1a: Alomomola|Scald|p2a: Slowking\n|-damage|p2a: Slowking|92\/100\n|\n|-heal|p2a: Slowking|98\/100|[from] item: Leftovers\n|upkeep\n|turn|3\n|\n|t:|1700634867\n|move|p1a: Alomomola|Flip Turn|p2a: Slowking\n|-damage|p2a: Slowking|82\/100\n|\n|t:|1700634869\n|switch|p1a: Goodra|Goodra-Hisui, M|100\/100|[from] Flip Turn\n|move|p2a: Slowking|Chilly Reception|p2a: Slowking\n|-weather|Snow\n|\n|t:|1700634871\n|switch|p2a: Landorus|Landorus-Therian, M|100\/100|[from] Chilly Reception\n|-ability|p2a: Landorus|Intimidate|boost\n|-unboost|p1a: Goodra|atk|1\n|\n|-weather|Snow|[upkeep]\n|upkeep\n|turn|4\n|\n|t:|1700634875\n|switch|p1a: Alomomola|Alomomola, F|100\/100\n|move|p2a: Landorus|Stealth Rock|p1a: Alomomola\n|-sidestart|p1: del water gap|move: Stealth Rock\n|\n|-weather|Snow|[upkeep]\n|upkeep\n|turn|5\n|\n|t:|1700634877\n|move|p2a: Landorus|Taunt|p1a: Alomomola\n|-start|p1a: Alomomola|move: Taunt\n|move|p1a: Alomomola|Scald|p2a: Landorus\n|-supereffective|p2a: Landorus\n|-damage|p2a: Landorus|72\/100\n|-status|p2a: Landorus|brn\n|\n|-weather|Snow|[upkeep]\n|-heal|p2a: Landorus|78\/100 brn|[from] item: Leftovers\n|-damage|p2a: Landorus|72\/100 brn|[from] brn\n|upkeep\n|turn|6\n|\n|t:|1700634880\n|move|p2a: Landorus|U-turn|p1a: Alomomola\n|-damage|p1a: Alomomola|94\/100\n|\n|t:|1700634884\n|switch|p2a: Manaphy|Manaphy|100\/100|[from] U-turn\n|move|p1a: Alomomola|Flip Turn|p2a: Manaphy\n|-resisted|p2a: Manaphy\n|-damage|p2a: Manaphy|95\/100\n|\n|t:|1700634896\n|switch|p1a: Goodra|Goodra-Hisui, M|100\/100|[from] Flip Turn\n|-damage|p1a: Goodra|94\/100|[from] Stealth Rock\n|\n|-weather|Snow|[upkeep]\n|-heal|p2a: Manaphy|100\/100|[from] item: Leftovers\n|-heal|p1a: Goodra|100\/100|[from] item: Leftovers\n|upkeep\n|turn|7\n|\n|t:|1700634900\n|move|p2a: Manaphy|Scald|p1a: Goodra\n|-resisted|p1a: Goodra\n|-damage|p1a: Goodra|92\/100\n|move|p1a: Goodra|Knock Off|p2a: Manaphy\n|-damage|p2a: Manaphy|86\/100\n|-enditem|p2a: Manaphy|Leftovers|[from] move: Knock Off|[of] p1a: Goodra\n|\n|-weather|none\n|-heal|p1a: Goodra|98\/100|[from] item: Leftovers\n|upkeep\n|turn|8\n|\n|t:|1700634904\n|move|p2a: Manaphy|Scald|p1a: Goodra\n|-resisted|p1a: Goodra\n|-damage|p1a: Goodra|88\/100\n|move|p1a: Goodra|Body Press|p2a: Manaphy\n|-damage|p2a: Manaphy|68\/100\n|\n|-heal|p1a: Goodra|94\/100|[from] item: Leftovers\n|upkeep\n|turn|9\n|\n|t:|1700634908\n|move|p2a: Manaphy|Scald|p1a: Goodra\n|-resisted|p1a: Goodra\n|-damage|p1a: Goodra|85\/100\n|-status|p1a: Goodra|brn\n|move|p1a: Goodra|Acid Armor|p1a: Goodra\n|-boost|p1a: Goodra|def|2\n|\n|-heal|p1a: Goodra|91\/100 brn|[from] item: Leftovers\n|-damage|p1a: Goodra|85\/100 brn|[from] brn\n|upkeep\n|turn|10\n|\n|t:|1700634916\n|switch|p2a: Slowking|Slowking-Galar, F|100\/100\n|move|p1a: Goodra|Flash Cannon|p2a: Slowking\n|-damage|p2a: Slowking|81\/100\n|\n|-heal|p1a: Goodra|91\/100 brn|[from] item: Leftovers\n|-heal|p2a: Slowking|88\/100|[from] item: Leftovers\n|-damage|p1a: Goodra|85\/100 brn|[from] brn\n|upkeep\n|turn|11\n|\n|t:|1700634919\n|move|p1a: Goodra|Knock Off|p2a: Slowking\n|-supereffective|p2a: Slowking\n|-damage|p2a: Slowking|67\/100\n|-enditem|p2a: Slowking|Leftovers|[from] move: Knock Off|[of] p1a: Goodra\n|move|p2a: Slowking|Future Sight|p1a: Goodra\n|-start|p2a: Slowking|move: Future Sight\n|\n|-heal|p1a: Goodra|91\/100 brn|[from] item: Leftovers\n|-damage|p1a: Goodra|85\/100 brn|[from] brn\n|upkeep\n|turn|12\n|\n|t:|1700634922\n|move|p1a: Goodra|Acid Armor|p1a: Goodra\n|-boost|p1a: Goodra|def|2\n|move|p2a: Slowking|Chilly Reception|p2a: Slowking\n|-weather|Snow\n|\n|t:|1700634927\n|switch|p2a: Iron Valiant|Iron Valiant, shiny|100\/100|[from] Chilly Reception\n|-enditem|p2a: Iron Valiant|Booster Energy\n|-activate|p2a: Iron Valiant|ability: Quark Drive|[fromitem]\n|-start|p2a: Iron Valiant|quarkdrivespe\n|\n|-weather|Snow|[upkeep]\n|-heal|p1a: Goodra|91\/100 brn|[from] item: Leftovers\n|-damage|p1a: Goodra|85\/100 brn|[from] brn\n|upkeep\n|turn|13\n|\n|t:|1700634932\n|switch|p1a: Kingambit|Kingambit, F|100\/100\n|-damage|p1a: Kingambit|94\/100|[from] Stealth Rock\n|move|p2a: Iron Valiant|Encore||[still]\n|-fail|p2a: Iron Valiant\n|\n|-weather|Snow|[upkeep]\n|-end|p1a: Kingambit|move: Future Sight\n|-immune|p1a: Kingambit\n|-heal|p1a: Kingambit|100\/100|[from] item: Leftovers\n|upkeep\n|turn|14\n|\n|t:|1700634939\n|-end|p1a: Kingambit|fallenundefined|[silent]\n|switch|p1a: Alomomola|Alomomola, F|100\/100\n|-damage|p1a: Alomomola|88\/100|[from] Stealth Rock\n|move|p2a: Iron Valiant|Close Combat|p1a: Alomomola\n|-crit|p1a: Alomomola\n|-damage|p1a: Alomomola|34\/100\n|-unboost|p2a: Iron Valiant|def|1\n|-unboost|p2a: Iron Valiant|spd|1\n|\n|-weather|Snow|[upkeep]\n|upkeep\n|turn|15\n|\n|t:|1700634950\n|move|p2a: Iron Valiant|Knock Off|p1a: Alomomola\n|-damage|p1a: Alomomola|21\/100\n|move|p1a: Alomomola|Scald|p2a: Iron Valiant\n|-damage|p2a: Iron Valiant|63\/100\n|\n|-weather|Snow|[upkeep]\n|upkeep\n|turn|16\n|\n|t:|1700634954\n|move|p2a: Iron Valiant|Close Combat|p1a: Alomomola\n|-crit|p1a: Alomomola\n|-damage|p1a: Alomomola|0 fnt\n|-unboost|p2a: Iron Valiant|def|1\n|-unboost|p2a: Iron Valiant|spd|1\n|faint|p1a: Alomomola\n|\n|-weather|none\n|upkeep\n|\n|t:|1700634961\n|switch|p1a: Thundurus|Thundurus-Therian, M|100\/100\n|turn|17\n|\n|t:|1700634972\n|move|p2a: Iron Valiant|Knock Off|p1a: Thundurus\n|-damage|p1a: Thundurus|52\/100\n|-enditem|p1a: Thundurus|Heavy-Duty Boots|[from] move: Knock Off|[of] p2a: Iron Valiant\n|move|p1a: Thundurus|Grass Knot|p2a: Iron Valiant\n|-damage|p2a: Iron Valiant|0 fnt\n|faint|p2a: Iron Valiant\n|-end|p2a: Iron Valiant|Quark Drive|[silent]\n|\n|upkeep\n|\n|t:|1700634978\n|switch|p2a: Iron Treads|Iron Treads|83\/100\n|turn|18\n|\n|t:|1700634984\n|switch|p1a: Goodra|Goodra-Hisui, M|85\/100 brn\n|-damage|p1a: Goodra|79\/100 brn|[from] Stealth Rock\n|move|p2a: Iron Treads|Rapid Spin|p1a: Goodra\n|-resisted|p1a: Goodra\n|-damage|p1a: Goodra|75\/100 brn\n|-boost|p2a: Iron Treads|spe|1\n|\n|-heal|p1a: Goodra|81\/100 brn|[from] item: Leftovers\n|-damage|p1a: Goodra|75\/100 brn|[from] brn\n|upkeep\n|turn|19\n|\n|t:|1700634990\n|switch|p1a: Landorus|Landorus-Therian, M|100\/100\n|-damage|p1a: Landorus|88\/100|[from] Stealth Rock\n|-ability|p1a: Landorus|Intimidate|boost\n|-unboost|p2a: Iron Treads|atk|1\n|move|p2a: Iron Treads|Earthquake|p1a: Landorus\n|-immune|p1a: Landorus\n|\n|upkeep\n|turn|20\n|\n|t:|1700634999\n|switch|p1a: Thundurus|Thundurus-Therian, M|52\/100\n|-damage|p1a: Thundurus|27\/100|[from] Stealth Rock\n|move|p2a: Iron Treads|Knock Off|p1a: Thundurus\n|-damage|p1a: Thundurus|9\/100\n|\n|upkeep\n|turn|21\n|\n|t:|1700635006\n|move|p2a: Iron Treads|Knock Off|p1a: Thundurus\n|-damage|p1a: Thundurus|0 fnt\n|faint|p1a: Thundurus\n|\n|upkeep\n|\n|t:|1700635026\n|switch|p1a: Landorus|Landorus-Therian, M|88\/100\n|-damage|p1a: Landorus|76\/100|[from] Stealth Rock\n|-ability|p1a: Landorus|Intimidate|boost\n|-unboost|p2a: Iron Treads|atk|1\n|turn|22\n|\n|t:|1700635030\n|move|p1a: Landorus|Earthquake|p2a: Iron Treads\n|-supereffective|p2a: Iron Treads\n|-damage|p2a: Iron Treads|0 fnt\n|faint|p2a: Iron Treads\n|-end|p2a: Iron Treads|Quark Drive|[silent]\n|\n|upkeep\n|\n|t:|1700635033\n|switch|p2a: Enamorus|Enamorus, F|100\/100\n|turn|23\n|\n|t:|1700635037\n|switch|p1a: Cinderace|Cinderace, F|100\/100\n|move|p2a: Enamorus|Moonblast|p1a: Cinderace\n|-resisted|p1a: Cinderace\n|-damage|p1a: Cinderace|60\/100\n|\n|upkeep\n|turn|24\n|\n|t:|1700635042\n|switch|p2a: Landorus|Landorus-Therian, M|72\/100 brn\n|-ability|p2a: Landorus|Intimidate|boost\n|-unboost|p1a: Cinderace|atk|1\n|move|p1a: Cinderace|Court Change|p1a: Cinderace\n|-start|p1a: Cinderace|typechange|Normal|[from] ability: Libero\n|-swapsideconditions\n|-activate|p1a: Cinderace|move: Court Change\n|\n|-heal|p2a: Landorus|78\/100 brn|[from] item: Leftovers\n|-damage|p2a: Landorus|72\/100 brn|[from] brn\n|upkeep\n|turn|25\n|\n|t:|1700635047\n|switch|p1a: Landorus|Landorus-Therian, M|76\/100\n|-ability|p1a: Landorus|Intimidate|boost\n|-unboost|p2a: Landorus|atk|1\n|move|p2a: Landorus|Stealth Rock|p1a: Landorus\n|-sidestart|p1: del water gap|move: Stealth Rock\n|\n|-heal|p2a: Landorus|78\/100 brn|[from] item: Leftovers\n|-damage|p2a: Landorus|72\/100 brn|[from] brn\n|upkeep\n|turn|26\n|\n|t:|1700635050\n|move|p1a: Landorus|Stone Edge|p2a: Landorus\n|-damage|p2a: Landorus|46\/100 brn\n|move|p2a: Landorus|U-turn|p1a: Landorus\n|-resisted|p1a: Landorus\n|-damage|p1a: Landorus|72\/100\n|\n|t:|1700635054\n|switch|p2a: Slowking|Slowking-Galar, F|99\/100|[from] U-turn\n|-damage|p2a: Slowking|88\/100|[from] Stealth Rock\n|\n|upkeep\n|turn|27\n|\n|t:|1700635057\n|switch|p1a: Goodra|Goodra-Hisui, M|75\/100 brn\n|-damage|p1a: Goodra|69\/100 brn|[from] Stealth Rock\n|move|p2a: Slowking|Future Sight|p1a: Goodra\n|-start|p2a: Slowking|move: Future Sight\n|\n|-heal|p1a: Goodra|75\/100 brn|[from] item: Leftovers\n|-damage|p1a: Goodra|69\/100 brn|[from] brn\n|upkeep\n|turn|28\n|\n|t:|1700635062\n|move|p1a: Goodra|Acid Armor|p1a: Goodra\n|-boost|p1a: Goodra|def|2\n|move|p2a: Slowking|Chilly Reception|p2a: Slowking\n|-weather|Snow\n|\n|t:|1700635069\n|switch|p2a: Manaphy|Manaphy|68\/100|[from] Chilly Reception\n|-damage|p2a: Manaphy|56\/100|[from] Stealth Rock\n|\n|-weather|Snow|[upkeep]\n|-heal|p1a: Goodra|75\/100 brn|[from] item: Leftovers\n|-damage|p1a: Goodra|69\/100 brn|[from] brn\n|upkeep\n|turn|29\n|\n|t:|1700635072\n|move|p2a: Manaphy|Acid Armor|p2a: Manaphy\n|-boost|p2a: Manaphy|def|2\n|move|p1a: Goodra|Body Press|p2a: Manaphy\n|-damage|p2a: Manaphy|47\/100\n|\n|-weather|Snow|[upkeep]\n|-end|p1a: Goodra|move: Future Sight\n|-resisted|p1a: Goodra\n|-damage|p1a: Goodra|54\/100 brn\n|-heal|p1a: Goodra|60\/100 brn|[from] item: Leftovers\n|-damage|p1a: Goodra|54\/100 brn|[from] brn\n|upkeep\n|turn|30\n|\n|t:|1700635079\n|move|p2a: Manaphy|Acid Armor|p2a: Manaphy\n|-boost|p2a: Manaphy|def|2\n|move|p1a: Goodra|Body Press|p2a: Manaphy\n|-damage|p2a: Manaphy|41\/100\n|\n|-weather|Snow|[upkeep]\n|-heal|p1a: Goodra|60\/100 brn|[from] item: Leftovers\n|-damage|p1a: Goodra|54\/100 brn|[from] brn\n|upkeep\n|turn|31\n|\n|t:|1700635081\n|move|p2a: Manaphy|Take Heart|p2a: Manaphy\n|-boost|p2a: Manaphy|spa|1\n|-boost|p2a: Manaphy|spd|1\n|move|p1a: Goodra|Body Press|p2a: Manaphy\n|-damage|p2a: Manaphy|35\/100\n|\n|-weather|Snow|[upkeep]\n|-heal|p1a: Goodra|60\/100 brn|[from] item: Leftovers\n|-damage|p1a: Goodra|54\/100 brn|[from] brn\n|upkeep\n|turn|32\n|\n|t:|1700635084\n|move|p2a: Manaphy|Take Heart|p2a: Manaphy\n|-boost|p2a: Manaphy|spa|1\n|-boost|p2a: Manaphy|spd|1\n|move|p1a: Goodra|Body Press|p2a: Manaphy\n|-damage|p2a: Manaphy|30\/100\n|\n|-weather|none\n|-heal|p1a: Goodra|60\/100 brn|[from] item: Leftovers\n|-damage|p1a: Goodra|54\/100 brn|[from] brn\n|upkeep\n|turn|33\n|\n|t:|1700635085\n|move|p2a: Manaphy|Stored Power|p1a: Goodra\n|-resisted|p1a: Goodra\n|-damage|p1a: Goodra|27\/100 brn\n|move|p1a: Goodra|Body Press|p2a: Manaphy\n|-damage|p2a: Manaphy|25\/100\n|\n|-heal|p1a: Goodra|33\/100 brn|[from] item: Leftovers\n|-damage|p1a: Goodra|27\/100 brn|[from] brn\n|upkeep\n|turn|34\n|\n|t:|1700635088\n|move|p2a: Manaphy|Stored Power|p1a: Goodra\n|-resisted|p1a: Goodra\n|-damage|p1a: Goodra|2\/100 brn\n|move|p1a: Goodra|Body Press|p2a: Manaphy\n|-damage|p2a: Manaphy|19\/100\n|\n|-heal|p1a: Goodra|8\/100 brn|[from] item: Leftovers\n|-damage|p1a: Goodra|2\/100 brn|[from] brn\n|upkeep\n|turn|35\n|\n|t:|1700635090\n|move|p2a: Manaphy|Stored Power|p1a: Goodra\n|-resisted|p1a: Goodra\n|-damage|p1a: Goodra|0 fnt\n|faint|p1a: Goodra\n|\n|upkeep\n|\n|t:|1700635093\n|switch|p1a: Landorus|Landorus-Therian, M|72\/100\n|-damage|p1a: Landorus|60\/100|[from] Stealth Rock\n|-ability|p1a: Landorus|Intimidate|boost\n|-unboost|p2a: Manaphy|atk|1\n|turn|36\n|\n|t:|1700635095\n|switch|p2a: Landorus|Landorus-Therian, M|46\/100 brn\n|-damage|p2a: Landorus|34\/100 brn|[from] Stealth Rock\n|-ability|p2a: Landorus|Intimidate|boost\n|-unboost|p1a: Landorus|atk|1\n|move|p1a: Landorus|Earthquake|p2a: Landorus\n|-immune|p2a: Landorus\n|\n|-heal|p2a: Landorus|40\/100 brn|[from] item: Leftovers\n|-damage|p2a: Landorus|34\/100 brn|[from] brn\n|upkeep\n|turn|37\n|\n|t:|1700635104\n|switch|p1a: Cinderace|Cinderace, F|60\/100\n|move|p2a: Landorus|U-turn|p1a: Cinderace\n|-resisted|p1a: Cinderace\n|-damage|p1a: Cinderace|52\/100\n|\n|t:|1700635107\n|switch|p2a: Enamorus|Enamorus, F|100\/100|[from] U-turn\n|-damage|p2a: Enamorus|76\/100|[from] Stealth Rock\n|\n|upkeep\n|turn|38\n|\n|t:|1700635111\n|move|p2a: Enamorus|Earth Power|p1a: Cinderace\n|-supereffective|p1a: Cinderace\n|-damage|p1a: Cinderace|0 fnt\n|faint|p1a: Cinderace\n|\n|upkeep\n|\n|t:|1700635114\n|switch|p1a: Kingambit|Kingambit, F|100\/100\n|-damage|p1a: Kingambit|94\/100|[from] Stealth Rock\n|-activate|p1a: Kingambit|ability: Supreme Overlord\n|-start|p1a: Kingambit|fallen4|[silent]\n|turn|39\n|\n|t:|1700635117\n|-terastallize|p1a: Kingambit|Fairy\n|move|p2a: Enamorus|Earth Power|p1a: Kingambit\n|-damage|p1a: Kingambit|62\/100\n|move|p1a: Kingambit|Swords Dance|p1a: Kingambit\n|-boost|p1a: Kingambit|atk|2\n|\n|-heal|p1a: Kingambit|68\/100|[from] item: Leftovers\n|upkeep\n|turn|40\n|\n|t:|1700635121\n|switch|p2a: Landorus|Landorus-Therian, M|34\/100 brn\n|-damage|p2a: Landorus|22\/100 brn|[from] Stealth Rock\n|-ability|p2a: Landorus|Intimidate|boost\n|-unboost|p1a: Kingambit|atk|1\n|move|p1a: Kingambit|Kowtow Cleave|p2a: Landorus\n|-damage|p2a: Landorus|0 fnt\n|faint|p2a: Landorus\n|\n|-heal|p1a: Kingambit|74\/100|[from] item: Leftovers\n|upkeep\n|\n|t:|1700635124\n|switch|p2a: Enamorus|Enamorus, F|76\/100\n|-damage|p2a: Enamorus|51\/100|[from] Stealth Rock\n|turn|41\n|\n|t:|1700635127\n|move|p1a: Kingambit|Sucker Punch||[still]\n|-fail|p1a: Kingambit\n|move|p2a: Enamorus|Healing Wish|p2a: Enamorus\n|faint|p2a: Enamorus\n|\n|-heal|p1a: Kingambit|80\/100|[from] item: Leftovers\n|upkeep\n|\n|t:|1700635128\n|switch|p2a: Manaphy|Manaphy|19\/100\n|-heal|p2a: Manaphy|100\/100|[from] move: Healing Wish\n|-damage|p2a: Manaphy|88\/100|[from] Stealth Rock\n|turn|42\n|\n|t:|1700635131\n|move|p2a: Manaphy|Acid Armor|p2a: Manaphy\n|-boost|p2a: Manaphy|def|2\n|move|p1a: Kingambit|Kowtow Cleave|p2a: Manaphy\n|-damage|p2a: Manaphy|51\/100\n|\n|-heal|p1a: Kingambit|87\/100|[from] item: Leftovers\n|upkeep\n|turn|43\n|\n|t:|1700635134\n|move|p2a: Manaphy|Scald|p1a: Kingambit\n|-damage|p1a: Kingambit|62\/100\n|move|p1a: Kingambit|Kowtow Cleave|p2a: Manaphy\n|-damage|p2a: Manaphy|16\/100\n|\n|-heal|p1a: Kingambit|68\/100|[from] item: Leftovers\n|upkeep\n|turn|44\n|\n|t:|1700635138\n|move|p2a: Manaphy|Acid Armor|p2a: Manaphy\n|-boost|p2a: Manaphy|def|2\n|move|p1a: Kingambit|Kowtow Cleave|p2a: Manaphy\n|-damage|p2a: Manaphy|0 fnt\n|faint|p2a: Manaphy\n|\n|-heal|p1a: Kingambit|74\/100|[from] item: Leftovers\n|upkeep\n|-message|Pope Temporal forfeited.\n|\n|win|del water gap\n|raw|del water gap's rating: 1504 &rarr; <strong>1530<\/strong><br \/>(+26 for winning)\n|raw|Pope Temporal's rating: 1613 &rarr; <strong>1587<\/strong><br \/>(-26 for losing)\n|l|\u2606Pope Temporal\n","uploadtime":1700635146,"views":0,"p1id":"delwatergap","p2id":"popetemporal","formatid":"gen9ou","rating":1530,"private":0,"password":""}