{"id":"gen9ou-1995977688","p1":"Min","p2":"Onte bad","format":"[Gen 9] OU","log":"|j|\u2606Min\n|j|\u2606Onte bad\n|t:|1700624464\n|gametype|singles\n|player|p1|Min|lass-gen4|1099\n|player|p2|Onte bad|169|1208\n|teamsize|p1|6\n|teamsize|p2|6\n|gen|9\n|tier|[Gen 9] OU\n|rated|\n|rule|Sleep Clause Mod: Limit one foe put to sleep\n|rule|Species Clause: Limit one of each Pok\u00e9mon\n|rule|OHKO Clause: OHKO moves are banned\n|rule|Evasion Items Clause: Evasion items are banned\n|rule|Evasion Moves Clause: Evasion moves are banned\n|rule|Endless Battle Clause: Forcing endless battles is banned\n|rule|HP Percentage Mod: HP is shown in percentages\n|clearpoke\n|poke|p1|Indeedee, M|\n|poke|p1|Glimmora, F|\n|poke|p1|Dragapult, F|\n|poke|p1|Talonflame, M|\n|poke|p1|Weavile, F|\n|poke|p1|Ribombee, M|\n|poke|p2|Regidrago|\n|poke|p2|Ribombee, F|\n|poke|p2|Scizor, F|\n|poke|p2|Slowking-Galar, F|\n|poke|p2|Breloom, M|\n|poke|p2|Quaquaval, F|\n|teampreview\n|\n|t:|1700624475\n|start\n|switch|p1a: Indeedee|Indeedee, M|100\/100\n|switch|p2a: Scizor|Scizor, F|100\/100\n|-fieldstart|move: Psychic Terrain|[from] ability: Psychic Surge|[of] p1a: Indeedee\n|turn|1\n|\n|t:|1700624481\n|switch|p1a: Talonflame|Talonflame, M|100\/100\n|move|p2a: Scizor|U-turn|p1a: Talonflame\n|-resisted|p1a: Talonflame\n|-damage|p1a: Talonflame|77\/100\n|-enditem|p1a: Talonflame|Red Card|[of] p2a: Scizor\n|drag|p2a: Regidrago|Regidrago|100\/100\n|\n|upkeep\n|turn|2\n|\n|t:|1700624490\n|move|p1a: Talonflame|Swords Dance|p1a: Talonflame\n|-boost|p1a: Talonflame|atk|2\n|move|p2a: Regidrago|Ancient Power|p1a: Talonflame\n|-supereffective|p1a: Talonflame\n|-damage|p1a: Talonflame|0 fnt\n|faint|p1a: Talonflame\n|\n|upkeep\n|\n|t:|1700624498\n|switch|p1a: Ribombee|Ribombee, M|100\/100\n|turn|3\n|\n|t:|1700624501\n|switch|p2a: Slowking|Slowking-Galar, F|100\/100\n|move|p1a: Ribombee|Sticky Web|p2a: Slowking\n|-sidestart|p2: Onte bad|move: Sticky Web\n|\n|upkeep\n|turn|4\n|\n|t:|1700624507\n|switch|p1a: Dragapult|Dragapult, F|100\/100\n|move|p2a: Slowking|Sludge Bomb|p1a: Dragapult\n|-resisted|p1a: Dragapult\n|-damage|p1a: Dragapult|70\/100\n|\n|upkeep\n|turn|5\n|\n|t:|1700624514\n|-terastallize|p2a: Slowking|Steel\n|move|p1a: Dragapult|Dragon Dance|p1a: Dragapult\n|-boost|p1a: Dragapult|atk|1\n|-boost|p1a: Dragapult|spe|1\n|move|p2a: Slowking|Ice Beam|p1a: Dragapult\n|-supereffective|p1a: Dragapult\n|-damage|p1a: Dragapult|0 fnt\n|faint|p1a: Dragapult\n|\n|upkeep\n|\n|t:|1700624522\n|switch|p1a: Glimmora|Glimmora, F|100\/100\n|turn|6\n|\n|t:|1700624535\n|switch|p2a: Breloom|Breloom, M|100\/100\n|-activate|p2a: Breloom|move: Sticky Web\n|-unboost|p2a: Breloom|spe|1\n|move|p1a: Glimmora|Earth Power|p2a: Breloom\n|-resisted|p2a: Breloom\n|-damage|p2a: Breloom|51\/100\n|\n|upkeep\n|turn|7\n|\n|t:|1700624542\n|move|p1a: Glimmora|Earth Power|p2a: Breloom\n|-resisted|p2a: Breloom\n|-crit|p2a: Breloom\n|-damage|p2a: Breloom|0 fnt\n|faint|p2a: Breloom\n|\n|upkeep\n|\n|t:|1700624548\n|switch|p2a: Quaquaval|Quaquaval, F|100\/100\n|turn|8\n|\n|t:|1700624558\n|move|p1a: Glimmora|Earth Power|p2a: Quaquaval\n|-damage|p2a: Quaquaval|32\/100\n|move|p2a: Quaquaval|Aqua Step|p1a: Glimmora\n|-supereffective|p1a: Glimmora\n|-damage|p1a: Glimmora|13\/100\n|-boost|p2a: Quaquaval|spe|1\n|-activate|p1a: Glimmora|ability: Toxic Debris\n|-sidestart|p2: Onte bad|move: Toxic Spikes\n|\n|-fieldend|move: Psychic Terrain\n|upkeep\n|turn|9\n|\n|t:|1700624567\n|move|p2a: Quaquaval|Aqua Step|p1a: Glimmora\n|-supereffective|p1a: Glimmora\n|-damage|p1a: Glimmora|0 fnt\n|-boost|p2a: Quaquaval|spe|1\n|-activate|p1a: Glimmora|ability: Toxic Debris\n|-sidestart|p2: Onte bad|move: Toxic Spikes\n|faint|p1a: Glimmora\n|-ability|p2a: Quaquaval|Moxie|boost\n|-boost|p2a: Quaquaval|atk|1\n|\n|upkeep\n|\n|t:|1700624575\n|switch|p1a: Ribombee|Ribombee, M|100\/100\n|turn|10\n|\n|t:|1700624578\n|move|p2a: Quaquaval|Rapid Spin|p1a: Ribombee\n|-damage|p1a: Ribombee|50\/100\n|-boost|p2a: Quaquaval|spe|1\n|-sideend|p2: Onte bad|Toxic Spikes|[from] move: Rapid Spin|[of] p2a: Quaquaval\n|-sideend|p2: Onte bad|Sticky Web|[from] move: Rapid Spin|[of] p2a: Quaquaval\n|move|p1a: Ribombee|Moonblast|p2a: Quaquaval\n|-supereffective|p2a: Quaquaval\n|-damage|p2a: Quaquaval|0 fnt\n|faint|p2a: Quaquaval\n|\n|upkeep\n|\n|t:|1700624582\n|switch|p2a: Scizor|Scizor, F|100\/100\n|turn|11\n|\n|t:|1700624589\n|switch|p1a: Indeedee|Indeedee, M|100\/100\n|-fieldstart|move: Psychic Terrain|[from] ability: Psychic Surge|[of] p1a: Indeedee\n|move|p2a: Scizor|U-turn|p1a: Indeedee\n|-supereffective|p1a: Indeedee\n|-damage|p1a: Indeedee|0 fnt\n|faint|p1a: Indeedee\n|\n|t:|1700624594\n|switch|p2a: Regidrago|Regidrago|100\/100|[from] U-turn\n|\n|upkeep\n|\n|t:|1700624599\n|switch|p1a: Weavile|Weavile, F|100\/100\n|turn|12\n|\n|t:|1700624602\n|move|p1a: Weavile|Swords Dance|p1a: Weavile\n|-boost|p1a: Weavile|atk|2\n|move|p2a: Regidrago|Draco Meteor|p1a: Weavile\n|-crit|p1a: Weavile\n|-enditem|p1a: Weavile|Focus Sash\n|-damage|p1a: Weavile|1\/100\n|-unboost|p2a: Regidrago|spa|2\n|\n|upkeep\n|turn|13\n|\n|t:|1700624610\n|move|p1a: Weavile|Ice Punch|p2a: Regidrago\n|-supereffective|p2a: Regidrago\n|-damage|p2a: Regidrago|0 fnt\n|faint|p2a: Regidrago\n|\n|upkeep\n|\n|t:|1700624612\n|switch|p2a: Ribombee|Ribombee, F|100\/100\n|turn|14\n|\n|t:|1700624616\n|move|p1a: Weavile|Ice Punch|p2a: Ribombee\n|-crit|p2a: Ribombee\n|-enditem|p2a: Ribombee|Focus Sash\n|-damage|p2a: Ribombee|1\/100\n|move|p2a: Ribombee|Moonblast|p1a: Weavile\n|-supereffective|p1a: Weavile\n|-damage|p1a: Weavile|0 fnt\n|faint|p1a: Weavile\n|\n|upkeep\n|\n|t:|1700624624\n|switch|p1a: Ribombee|Ribombee, M|50\/100\n|turn|15\n|\n|t:|1700624628\n|move|p2a: Ribombee|Moonblast|p1a: Ribombee\n|-damage|p1a: Ribombee|0 fnt\n|faint|p1a: Ribombee\n|\n|win|Onte bad\n|raw|Min's rating: 1099 &rarr; <strong>1082<\/strong><br \/>(-17 for losing)\n|raw|Onte bad's rating: 1208 &rarr; <strong>1225<\/strong><br \/>(+17 for winning)\n|l|\u2606Min\n|c|\u2606Onte bad|ggs\n","uploadtime":1700624634,"views":0,"p1id":"min","p2id":"ontebad","formatid":"gen9ou","rating":1082,"private":0,"password":""}