{"id":"gen9ou-1991213984","p1":"bingus revolution","p2":"Vvgyertc","format":"[Gen 9] OU","log":"|j|\u2606bingus revolution\n|j|\u2606Vvgyertc\n|t:|1700057858\n|gametype|singles\n|player|p1|bingus revolution|guitarist|1069\n|player|p2|Vvgyertc|266|1069\n|teamsize|p1|6\n|teamsize|p2|6\n|gen|9\n|tier|[Gen 9] OU\n|rated|\n|rule|Sleep Clause Mod: Limit one foe put to sleep\n|rule|Species Clause: Limit one of each Pok\u00e9mon\n|rule|OHKO Clause: OHKO moves are banned\n|rule|Evasion Items Clause: Evasion items are banned\n|rule|Evasion Moves Clause: Evasion moves are banned\n|rule|Endless Battle Clause: Forcing endless battles is banned\n|rule|HP Percentage Mod: HP is shown in percentages\n|clearpoke\n|poke|p1|Typhlosion-Hisui, F|\n|poke|p1|Cinderace, F|\n|poke|p1|Corviknight, M|\n|poke|p1|Kommo-o, M|\n|poke|p1|Great Tusk|\n|poke|p1|Greninja-*, M|\n|poke|p2|Maushold|\n|poke|p2|Rillaboom, F|\n|poke|p2|Sneasler, F|\n|poke|p2|Kingambit, M|\n|poke|p2|Overqwil, M|\n|poke|p2|Dragonite, F|\n|teampreview\n|inactive|Battle timer is ON: inactive players will automatically lose when time's up. (requested by bingus revolution)\n|\n|t:|1700057867\n|start\n|switch|p1a: Typhlosion|Typhlosion-Hisui, F|100\/100\n|switch|p2a: Overqwil|Overqwil, M|100\/100\n|-item|p2a: Overqwil|Loaded Dice|[from] ability: Frisk|[of] p1a: Typhlosion|[identify]\n|-ability|p2a: Overqwil|Intimidate|boost\n|-unboost|p1a: Typhlosion|atk|1\n|turn|1\n|\n|t:|1700057878\n|move|p1a: Typhlosion|Eruption|p2a: Overqwil\n|-damage|p2a: Overqwil|0 fnt\n|faint|p2a: Overqwil\n|\n|upkeep\n|\n|t:|1700057881\n|switch|p2a: Dragonite|Dragonite, F|100\/100\n|turn|2\n|\n|t:|1700057884\n|move|p1a: Typhlosion|Eruption|p2a: Dragonite\n|-resisted|p2a: Dragonite\n|-damage|p2a: Dragonite|82\/100\n|move|p2a: Dragonite|Dragon Dance|p2a: Dragonite\n|-boost|p2a: Dragonite|atk|1\n|-boost|p2a: Dragonite|spe|1\n|\n|upkeep\n|turn|3\n|\n|t:|1700057893\n|switch|p1a: Corviknight|Corviknight, M|100\/100\n|-ability|p1a: Corviknight|Pressure\n|move|p2a: Dragonite|Earthquake|p1a: Corviknight\n|-immune|p1a: Corviknight\n|\n|upkeep\n|turn|4\n|\n|t:|1700057900\n|-terastallize|p2a: Dragonite|Electric\n|move|p2a: Dragonite|Thunderbolt|p1a: Corviknight\n|-supereffective|p1a: Corviknight\n|-damage|p1a: Corviknight|19\/100\n|move|p1a: Corviknight|Brave Bird|p2a: Dragonite\n|-resisted|p2a: Dragonite\n|-damage|p2a: Dragonite|63\/100\n|-damage|p1a: Corviknight|14\/100|[from] Recoil\n|\n|-heal|p1a: Corviknight|20\/100|[from] item: Leftovers\n|upkeep\n|turn|5\n|\n|t:|1700057908\n|switch|p1a: Great Tusk|Great Tusk|100\/100\n|move|p2a: Dragonite|Ice Beam|p1a: Great Tusk\n|-supereffective|p1a: Great Tusk\n|-damage|p1a: Great Tusk|22\/100\n|\n|-heal|p1a: Great Tusk|28\/100|[from] item: Leftovers\n|upkeep\n|turn|6\n|\n|t:|1700057911\n|move|p2a: Dragonite|Ice Beam|p1a: Great Tusk\n|-supereffective|p1a: Great Tusk\n|-damage|p1a: Great Tusk|0 fnt\n|faint|p1a: Great Tusk\n|-end|p1a: Great Tusk|Protosynthesis|[silent]\n|\n|upkeep\n|\n|t:|1700057917\n|switch|p1a: Cinderace|Cinderace, F|100\/100\n|turn|7\n|\n|t:|1700057919\n|move|p2a: Dragonite|Earthquake|p1a: Cinderace\n|-supereffective|p1a: Cinderace\n|-damage|p1a: Cinderace|0 fnt\n|faint|p1a: Cinderace\n|\n|upkeep\n|\n|t:|1700057928\n|switch|p1a: Greninja|Greninja, M|100\/100\n|turn|8\n|\n|t:|1700057933\n|move|p2a: Dragonite|Thunderbolt|p1a: Greninja\n|-supereffective|p1a: Greninja\n|-damage|p1a: Greninja|0 fnt\n|faint|p1a: Greninja\n|\n|upkeep\n|-message|bingus revolution forfeited.\n|\n|win|Vvgyertc\n|raw|bingus revolution's rating: 1069 &rarr; <strong>1049<\/strong><br \/>(-20 for losing)\n|raw|Vvgyertc's rating: 1069 &rarr; <strong>1099<\/strong><br \/>(+30 for winning)\n|l|\u2606bingus revolution\n","uploadtime":1700057945,"views":5,"p1id":"bingusrevolution","p2id":"vvgyertc","formatid":"gen9ou","rating":1049,"private":0,"password":""}