{"id":"gen9ou-1989371129","p1":"pizzadeliverygirl","p2":"ademalawerr","format":"[Gen 9] OU","log":"|j|\u2606pizzadeliverygirl\n|j|\u2606ademalawerr\n|t:|1699841895\n|gametype|singles\n|player|p1|pizzadeliverygirl|may-masters|1590\n|player|p2|ademalawerr|fisherman|1538\n|teamsize|p1|6\n|teamsize|p2|6\n|gen|9\n|tier|[Gen 9] OU\n|rated|\n|rule|Sleep Clause Mod: Limit one foe put to sleep\n|rule|Species Clause: Limit one of each Pok\u00e9mon\n|rule|OHKO Clause: OHKO moves are banned\n|rule|Evasion Items Clause: Evasion items are banned\n|rule|Evasion Moves Clause: Evasion moves are banned\n|rule|Endless Battle Clause: Forcing endless battles is banned\n|rule|HP Percentage Mod: HP is shown in percentages\n|clearpoke\n|poke|p1|Garganacl, M|\n|poke|p1|Zamazenta-*|\n|poke|p1|Forretress, F|\n|poke|p1|Dondozo, M|\n|poke|p1|Clefable, M|\n|poke|p1|Mismagius, F|\n|poke|p2|Rillaboom, F|\n|poke|p2|Garganacl, M|\n|poke|p2|Landorus-Therian, M|\n|poke|p2|Ogerpon-Wellspring, F|\n|poke|p2|Gholdengo|\n|poke|p2|Iron Moth|\n|teampreview\n|inactive|Battle timer is ON: inactive players will automatically lose when time's up. (requested by ademalawerr)\n|\n|t:|1699841923\n|start\n|switch|p1a: Mismagius|Mismagius, F|100\/100\n|switch|p2a: Iron Moth|Iron Moth|100\/100\n|turn|1\n|\n|t:|1699841929\n|move|p1a: Mismagius|Trick|p2a: Iron Moth\n|-activate|p1a: Mismagius|move: Trick|[of] p2a: Iron Moth\n|-item|p2a: Iron Moth|Choice Scarf|[from] move: Trick\n|-item|p1a: Mismagius|Heavy-Duty Boots|[from] move: Trick\n|move|p2a: Iron Moth|Flamethrower|p1a: Mismagius\n|-damage|p1a: Mismagius|36\/100\n|\n|upkeep\n|turn|2\n|\n|t:|1699841936\n|switch|p1a: Dondozo|Dondozo, M|100\/100\n|move|p2a: Iron Moth|Flamethrower|p1a: Dondozo\n|-resisted|p1a: Dondozo\n|-damage|p1a: Dondozo|76\/100\n|\n|-heal|p1a: Dondozo|82\/100|[from] item: Leftovers\n|upkeep\n|turn|3\n|\n|t:|1699841941\n|-end|p2a: Iron Moth|Quark Drive|[silent]\n|switch|p2a: Ogerpon|Ogerpon-Wellspring, F|100\/100\n|move|p1a: Dondozo|Body Press|p2a: Ogerpon\n|-damage|p2a: Ogerpon|68\/100\n|\n|-heal|p1a: Dondozo|88\/100|[from] item: Leftovers\n|upkeep\n|turn|4\n|\n|t:|1699841945\n|switch|p1a: Forretress|Forretress, F|100\/100\n|move|p2a: Ogerpon|Spikes|p1a: Forretress\n|-sidestart|p1: pizzadeliverygirl|Spikes\n|\n|upkeep\n|turn|5\n|\n|t:|1699841953\n|move|p2a: Ogerpon|U-turn|p1a: Forretress\n|-resisted|p1a: Forretress\n|-damage|p1a: Forretress|93\/100\n|\n|t:|1699841956\n|switch|p2a: Iron Moth|Iron Moth|100\/100|[from] U-turn\n|move|p1a: Forretress|Spikes|p2a: Iron Moth\n|-sidestart|p2: ademalawerr|Spikes\n|\n|-heal|p1a: Forretress|99\/100|[from] item: Leftovers\n|upkeep\n|turn|6\n|\n|t:|1699841961\n|switch|p1a: Garganacl|Garganacl, M|100\/100\n|-damage|p1a: Garganacl|88\/100|[from] Spikes\n|move|p2a: Iron Moth|Dazzling Gleam|p1a: Garganacl\n|-damage|p1a: Garganacl|61\/100\n|\n|-heal|p1a: Garganacl|67\/100|[from] item: Leftovers\n|upkeep\n|turn|7\n|\n|t:|1699841968\n|-end|p2a: Iron Moth|Quark Drive|[silent]\n|switch|p2a: Garganacl|Garganacl, M|100\/100\n|-damage|p2a: Garganacl|88\/100|[from] Spikes\n|move|p1a: Garganacl|Salt Cure|p2a: Garganacl\n|-damage|p2a: Garganacl|78\/100\n|\n|-heal|p1a: Garganacl|73\/100|[from] item: Leftovers\n|upkeep\n|turn|8\n|\n|t:|1699841984\n|switch|p1a: Clefable|Clefable, M|100\/100\n|-damage|p1a: Clefable|88\/100|[from] Spikes\n|switch|p2a: Iron Moth|Iron Moth|100\/100\n|-damage|p2a: Iron Moth|88\/100|[from] Spikes\n|\n|upkeep\n|turn|9\n|\n|t:|1699841986\n|move|p1a: Clefable|Protect|p1a: Clefable\n|-singleturn|p1a: Clefable|Protect\n|move|p2a: Iron Moth|Flamethrower|p1a: Clefable\n|-activate|p1a: Clefable|move: Protect\n|\n|upkeep\n|turn|10\n|\n|t:|1699841991\n|-end|p2a: Iron Moth|Quark Drive|[silent]\n|switch|p2a: Ogerpon|Ogerpon-Wellspring, F|68\/100\n|-damage|p2a: Ogerpon|56\/100|[from] Spikes\n|move|p1a: Clefable|Wish|p1a: Clefable\n|\n|upkeep\n|turn|11\n|\n|t:|1699841998\n|move|p2a: Ogerpon|Ivy Cudgel|p1a: Clefable\n|-damage|p1a: Clefable|29\/100\n|move|p1a: Clefable|Moonblast|p2a: Ogerpon\n|-damage|p2a: Ogerpon|21\/100\n|\n|-heal|p1a: Clefable|79\/100|[from] move: Wish|[wisher] Clefable\n|upkeep\n|turn|12\n|\n|t:|1699842013\n|switch|p1a: Forretress|Forretress, F|99\/100\n|-damage|p1a: Forretress|87\/100|[from] Spikes\n|move|p2a: Ogerpon|Spikes|p1a: Forretress\n|-sidestart|p1: pizzadeliverygirl|Spikes\n|\n|-heal|p1a: Forretress|93\/100|[from] item: Leftovers\n|upkeep\n|turn|13\n|\n|t:|1699842021\n|switch|p2a: Gholdengo|Gholdengo|100\/100\n|-item|p2a: Gholdengo|Air Balloon\n|move|p1a: Forretress|Rapid Spin|p2a: Gholdengo\n|-immune|p2a: Gholdengo\n|\n|-heal|p1a: Forretress|99\/100|[from] item: Leftovers\n|upkeep\n|turn|14\n|\n|t:|1699842027\n|move|p2a: Gholdengo|Shadow Ball|p1a: Forretress\n|-damage|p1a: Forretress|53\/100\n|move|p1a: Forretress|Volt Switch|p2a: Gholdengo\n|-damage|p2a: Gholdengo|89\/100\n|-enditem|p2a: Gholdengo|Air Balloon\n|\n|t:|1699842038\n|switch|p1a: Mismagius|Mismagius, F|36\/100|[from] Volt Switch\n|\n|upkeep\n|turn|15\n|\n|t:|1699842048\n|switch|p2a: Iron Moth|Iron Moth|88\/100\n|-damage|p2a: Iron Moth|76\/100|[from] Spikes\n|move|p1a: Mismagius|Trick|p2a: Iron Moth\n|-activate|p1a: Mismagius|move: Trick|[of] p2a: Iron Moth\n|-item|p2a: Iron Moth|Heavy-Duty Boots|[from] move: Trick\n|-item|p1a: Mismagius|Choice Scarf|[from] move: Trick\n|\n|upkeep\n|turn|16\n|\n|t:|1699842055\n|-end|p2a: Iron Moth|Quark Drive|[silent]\n|switch|p2a: Ogerpon|Ogerpon-Wellspring, F|21\/100\n|-damage|p2a: Ogerpon|9\/100|[from] Spikes\n|move|p1a: Mismagius|Destiny Bond|p1a: Mismagius\n|-singlemove|p1a: Mismagius|Destiny Bond\n|\n|upkeep\n|turn|17\n|\n|t:|1699842065\n|switch|p1a: Forretress|Forretress, F|53\/100\n|-damage|p1a: Forretress|36\/100|[from] Spikes\n|move|p2a: Ogerpon|Spikes|p1a: Forretress\n|-sidestart|p1: pizzadeliverygirl|Spikes\n|\n|-heal|p1a: Forretress|42\/100|[from] item: Leftovers\n|upkeep\n|turn|18\n|\n|t:|1699842072\n|move|p2a: Ogerpon|U-turn|p1a: Forretress\n|-resisted|p1a: Forretress\n|-damage|p1a: Forretress|36\/100\n|\n|t:|1699842075\n|switch|p2a: Gholdengo|Gholdengo|89\/100|[from] U-turn\n|-damage|p2a: Gholdengo|76\/100|[from] Spikes\n|move|p1a: Forretress|Volt Switch|p2a: Gholdengo\n|-damage|p2a: Gholdengo|67\/100\n|\n|t:|1699842085\n|switch|p1a: Mismagius|Mismagius, F|36\/100|[from] Volt Switch\n|\n|upkeep\n|turn|19\n|\n|t:|1699842095\n|switch|p2a: Iron Bands|Rillaboom, F|100\/100\n|-damage|p2a: Iron Bands|88\/100|[from] Spikes\n|-fieldstart|move: Grassy Terrain|[from] ability: Grassy Surge|[of] p2a: Iron Bands\n|move|p1a: Mismagius|Shadow Ball|p2a: Iron Bands\n|-damage|p2a: Iron Bands|40\/100\n|\n|-heal|p2a: Iron Bands|46\/100|[from] Grassy Terrain\n|upkeep\n|turn|20\n|\n|t:|1699842100\n|switch|p1a: Forretress|Forretress, F|36\/100\n|-damage|p1a: Forretress|11\/100|[from] Spikes\n|move|p2a: Iron Bands|U-turn|p1a: Forretress\n|-resisted|p1a: Forretress\n|-damage|p1a: Forretress|0 fnt\n|faint|p1a: Forretress\n|\n|t:|1699842105\n|switch|p2a: Landorus|Landorus-Therian, M|100\/100|[from] U-turn\n|\n|upkeep\n|\n|t:|1699842123\n|switch|p1a: Dondozo|Dondozo, M|88\/100\n|-damage|p1a: Dondozo|63\/100|[from] Spikes\n|turn|21\n|\n|t:|1699842128\n|move|p2a: Landorus|Taunt|p1a: Dondozo\n|-start|p1a: Dondozo|move: Taunt\n|cant|p1a: Dondozo|move: Taunt|Curse\n|\n|-heal|p1a: Dondozo|69\/100|[from] Grassy Terrain\n|-heal|p1a: Dondozo|75\/100|[from] item: Leftovers\n|upkeep\n|turn|22\n|\n|t:|1699842133\n|move|p2a: Landorus|Stealth Rock|p1a: Dondozo\n|-sidestart|p1: pizzadeliverygirl|move: Stealth Rock\n|move|p1a: Dondozo|Liquidation|p2a: Landorus\n|-supereffective|p2a: Landorus\n|-damage|p2a: Landorus|45\/100\n|\n|-heal|p2a: Landorus|51\/100|[from] item: Leftovers\n|-heal|p1a: Dondozo|81\/100|[from] Grassy Terrain\n|-heal|p1a: Dondozo|88\/100|[from] item: Leftovers\n|upkeep\n|turn|23\n|\n|t:|1699842137\n|switch|p2a: Ogerpon|Ogerpon-Wellspring, F|9\/100\n|-damage|p2a: Ogerpon|0 fnt|[from] Spikes\n|faint|p2a: Ogerpon\n|move|p1a: Dondozo|Liquidation|p2: Ogerpon|[notarget]\n|-fail|p1a: Dondozo\n|\n|-heal|p1a: Dondozo|94\/100|[from] Grassy Terrain\n|-heal|p1a: Dondozo|99\/100|[from] item: Leftovers\n|-end|p1a: Dondozo|move: Taunt\n|-fieldend|move: Grassy Terrain\n|upkeep\n|\n|t:|1699842143\n|switch|p2a: Iron Moth|Iron Moth|76\/100\n|turn|24\n|\n|t:|1699842154\n|-terastallize|p2a: Iron Moth|Fairy\n|move|p2a: Iron Moth|Acid Spray|p1a: Dondozo\n|-damage|p1a: Dondozo|80\/100\n|-unboost|p1a: Dondozo|spd|2\n|move|p1a: Dondozo|Curse|p1a: Dondozo\n|-unboost|p1a: Dondozo|spe|1\n|-boost|p1a: Dondozo|atk|1\n|-boost|p1a: Dondozo|def|1\n|\n|-heal|p1a: Dondozo|86\/100|[from] item: Leftovers\n|upkeep\n|turn|25\n|\n|t:|1699842163\n|switch|p1a: Clefable|Clefable, M|79\/100\n|-damage|p1a: Clefable|54\/100|[from] Spikes\n|-damage|p1a: Clefable|42\/100|[from] Stealth Rock\n|move|p2a: Iron Moth|Dazzling Gleam|p1a: Clefable\n|-damage|p1a: Clefable|10\/100\n|\n|upkeep\n|turn|26\n|-message|pizzadeliverygirl forfeited.\n|\n|win|ademalawerr\n|raw|pizzadeliverygirl's rating: 1590 &rarr; <strong>1567<\/strong><br \/>(-23 for losing)\n|raw|ademalawerr's rating: 1538 &rarr; <strong>1561<\/strong><br \/>(+23 for winning)\n|l|\u2606pizzadeliverygirl\n","uploadtime":1699842174,"views":18,"p1id":"pizzadeliverygirl","p2id":"ademalawerr","formatid":"gen9ou","rating":1561,"private":0,"password":""}