{"id":"gen9ou-1990174624","p1":"v4tex","p2":"GrassmanJuan","format":"[Gen 9] OU","log":"|j|\u2606v4tex\n|j|\u2606GrassmanJuan\n|t:|1699932964\n|gametype|singles\n|player|p1|v4tex|steven|1079\n|player|p2|GrassmanJuan|acetrainer-gen4dp|1105\n|teamsize|p1|6\n|teamsize|p2|6\n|gen|9\n|tier|[Gen 9] OU\n|rated|\n|rule|Sleep Clause Mod: Limit one foe put to sleep\n|rule|Species Clause: Limit one of each Pok\u00e9mon\n|rule|OHKO Clause: OHKO moves are banned\n|rule|Evasion Items Clause: Evasion items are banned\n|rule|Evasion Moves Clause: Evasion moves are banned\n|rule|Endless Battle Clause: Forcing endless battles is banned\n|rule|HP Percentage Mod: HP is shown in percentages\n|clearpoke\n|poke|p1|Ribombee, F|\n|poke|p1|Blissey, F|\n|poke|p1|Heatran, M|\n|poke|p1|Gholdengo|\n|poke|p1|Landorus-Therian, M|\n|poke|p1|Kingambit, M|\n|poke|p2|Dragapult, F|\n|poke|p2|Thundurus-Therian, M|\n|poke|p2|Eiscue, M|\n|poke|p2|Scizor, F|\n|poke|p2|Zapdos|\n|poke|p2|Samurott-Hisui, F|\n|teampreview\n|inactive|Battle timer is ON: inactive players will automatically lose when time's up. (requested by v4tex)\n|\n|t:|1699932980\n|start\n|switch|p1a: 464BST|Ribombee, F|100\/100\n|switch|p2a: Eiscue|Eiscue, M|100\/100\n|turn|1\n|\n|t:|1699932989\n|move|p1a: 464BST|Sticky Web|p2a: Eiscue\n|-sidestart|p2: GrassmanJuan|move: Sticky Web\n|move|p2a: Eiscue|Ice Spinner|p1a: 464BST\n|-damage|p1a: 464BST|40\/100\n|\n|upkeep\n|turn|2\n|\n|t:|1699932995\n|move|p1a: 464BST|Moonblast|p2a: Eiscue\n|-damage|p2a: Eiscue|56\/100\n|move|p2a: Eiscue|Ice Spinner|p1a: 464BST\n|-damage|p1a: 464BST|0 fnt\n|faint|p1a: 464BST\n|\n|upkeep\n|\n|t:|1699933001\n|switch|p1a: The OU Council|Heatran, M|100\/100\n|turn|3\n|\n|t:|1699933007\n|move|p2a: Eiscue|Ice Spinner|p1a: The OU Council\n|-resisted|p1a: The OU Council\n|-damage|p1a: The OU Council|93\/100\n|move|p1a: The OU Council|Lava Plume|p2a: Eiscue\n|-supereffective|p2a: Eiscue\n|-damage|p2a: Eiscue|0 fnt\n|faint|p2a: Eiscue\n|\n|-heal|p1a: The OU Council|99\/100|[from] item: Leftovers\n|upkeep\n|\n|t:|1699933026\n|switch|p2a: Thundurus|Thundurus-Therian, M|100\/100\n|turn|4\n|\n|t:|1699933032\n|move|p2a: Thundurus|Volt Switch|p1a: The OU Council\n|-damage|p1a: The OU Council|57\/100\n|-damage|p2a: Thundurus|91\/100|[from] item: Life Orb\n|\n|t:|1699933038\n|switch|p2a: Samurott|Samurott-Hisui, F|100\/100|[from] Volt Switch\n|-activate|p2a: Samurott|move: Sticky Web\n|-unboost|p2a: Samurott|spe|1\n|move|p1a: The OU Council|Magma Storm|p2a: Samurott|[miss]\n|-miss|p1a: The OU Council|p2a: Samurott\n|\n|-heal|p1a: The OU Council|63\/100|[from] item: Leftovers\n|upkeep\n|turn|5\n|\n|t:|1699933052\n|switch|p1a: Gen8Stall|Blissey, F|100\/100\n|move|p2a: Samurott|Ceaseless Edge|p1a: Gen8Stall\n|-damage|p1a: Gen8Stall|60\/100\n|-sidestart|p1: v4tex|Spikes\n|\n|upkeep\n|turn|6\n|\n|t:|1699933059\n|move|p1a: Gen8Stall|Soft-Boiled|p1a: Gen8Stall\n|-heal|p1a: Gen8Stall|100\/100\n|move|p2a: Samurott|Sacred Sword|p1a: Gen8Stall\n|-supereffective|p1a: Gen8Stall\n|-damage|p1a: Gen8Stall|3\/100\n|\n|upkeep\n|turn|7\n|\n|t:|1699933066\n|move|p1a: Gen8Stall|Seismic Toss|p2a: Samurott\n|-damage|p2a: Samurott|74\/100\n|move|p2a: Samurott|Ceaseless Edge|p1a: Gen8Stall\n|-damage|p1a: Gen8Stall|0 fnt\n|-sidestart|p1: v4tex|Spikes\n|faint|p1a: Gen8Stall\n|\n|upkeep\n|\n|t:|1699933070\n|switch|p1a: Reddit Ghold|Gholdengo|100\/100\n|-item|p1a: Reddit Ghold|Air Balloon\n|turn|8\n|\n|t:|1699933077\n|-terastallize|p1a: Reddit Ghold|Water\n|move|p1a: Reddit Ghold|Nasty Plot|p1a: Reddit Ghold\n|-boost|p1a: Reddit Ghold|spa|2\n|move|p2a: Samurott|Ceaseless Edge|p1a: Reddit Ghold\n|-damage|p1a: Reddit Ghold|58\/100\n|-enditem|p1a: Reddit Ghold|Air Balloon\n|-sidestart|p1: v4tex|Spikes\n|\n|upkeep\n|turn|9\n|\n|t:|1699933087\n|move|p1a: Reddit Ghold|Shadow Ball|p2a: Samurott\n|-resisted|p2a: Samurott\n|-damage|p2a: Samurott|18\/100\n|move|p2a: Samurott|Sacred Sword|p1a: Reddit Ghold\n|-damage|p1a: Reddit Ghold|15\/100\n|\n|upkeep\n|turn|10\n|\n|t:|1699933096\n|move|p1a: Reddit Ghold|Shadow Ball|p2a: Samurott\n|-resisted|p2a: Samurott\n|-damage|p2a: Samurott|0 fnt\n|faint|p2a: Samurott\n|\n|upkeep\n|\n|t:|1699933108\n|switch|p2a: Thundurus|Thundurus-Therian, M|91\/100\n|turn|11\n|\n|t:|1699933123\n|move|p2a: Thundurus|Grass Knot|p1a: Reddit Ghold\n|-supereffective|p1a: Reddit Ghold\n|-damage|p1a: Reddit Ghold|0 fnt\n|faint|p1a: Reddit Ghold\n|-damage|p2a: Thundurus|81\/100|[from] item: Life Orb\n|\n|upkeep\n|\n|t:|1699933127\n|switch|p1a: The OU Council|Heatran, M|63\/100\n|-damage|p1a: The OU Council|38\/100|[from] Spikes\n|turn|12\n|\n|t:|1699933133\n|move|p2a: Thundurus|Volt Switch|p1a: The OU Council\n|-crit|p1a: The OU Council\n|-damage|p1a: The OU Council|0 fnt\n|faint|p1a: The OU Council\n|-damage|p2a: Thundurus|71\/100|[from] item: Life Orb\n|\n|t:|1699933140\n|switch|p2a: Scizor|Scizor, F|100\/100|[from] Volt Switch\n|-activate|p2a: Scizor|move: Sticky Web\n|-unboost|p2a: Scizor|spe|1\n|\n|upkeep\n|\n|t:|1699933146\n|switch|p1a: Vengeance|Landorus-Therian, M|100\/100\n|-ability|p1a: Vengeance|Intimidate|boost\n|-unboost|p2a: Scizor|atk|1\n|turn|13\n|\n|t:|1699933151\n|move|p1a: Vengeance|Taunt|p2a: Scizor\n|-start|p2a: Scizor|move: Taunt\n|move|p2a: Scizor|U-turn|p1a: Vengeance\n|-resisted|p1a: Vengeance\n|-damage|p1a: Vengeance|84\/100\n|\n|t:|1699933160\n|switch|p2a: Zapdos|Zapdos|100\/100|[from] U-turn\n|\n|-heal|p1a: Vengeance|90\/100|[from] item: Leftovers\n|upkeep\n|turn|14\n|\n|t:|1699933172\n|move|p2a: Zapdos|Tailwind|p2a: Zapdos\n|-sidestart|p2: GrassmanJuan|move: Tailwind\n|move|p1a: Vengeance|Taunt|p2a: Zapdos\n|-start|p2a: Zapdos|move: Taunt\n|\n|-heal|p1a: Vengeance|95\/100|[from] item: Leftovers\n|upkeep\n|turn|15\n|\n|t:|1699933180\n|move|p2a: Zapdos|Hurricane|p1a: Vengeance\n|-damage|p1a: Vengeance|25\/100\n|move|p1a: Vengeance|Stealth Rock|p2a: Zapdos\n|-sidestart|p2: GrassmanJuan|move: Stealth Rock\n|\n|-heal|p1a: Vengeance|31\/100|[from] item: Leftovers\n|upkeep\n|turn|16\n|\n|t:|1699933186\n|move|p2a: Zapdos|Hurricane|p1a: Vengeance\n|-damage|p1a: Vengeance|0 fnt\n|faint|p1a: Vengeance\n|\n|upkeep\n|\n|t:|1699933190\n|switch|p1a: LondonSystem|Kingambit, M|100\/100\n|-damage|p1a: LondonSystem|75\/100|[from] Spikes\n|-activate|p1a: LondonSystem|ability: Supreme Overlord\n|-start|p1a: LondonSystem|fallen5|[silent]\n|turn|17\n|\n|t:|1699933198\n|move|p2a: Zapdos|Hurricane|p1a: LondonSystem\n|-resisted|p1a: LondonSystem\n|-crit|p1a: LondonSystem\n|-damage|p1a: LondonSystem|33\/100\n|move|p1a: LondonSystem|Swords Dance|p1a: LondonSystem\n|-boost|p1a: LondonSystem|atk|2\n|\n|-end|p2a: Zapdos|move: Taunt\n|-sideend|p2: GrassmanJuan|move: Tailwind\n|upkeep\n|turn|18\n|\n|t:|1699933206\n|move|p1a: LondonSystem|Sucker Punch||[still]\n|-fail|p1a: LondonSystem\n|move|p2a: Zapdos|Tailwind|p2a: Zapdos\n|-sidestart|p2: GrassmanJuan|move: Tailwind\n|\n|upkeep\n|turn|19\n|\n|t:|1699933215\n|move|p1a: LondonSystem|Sucker Punch|p2a: Zapdos\n|-damage|p2a: Zapdos|0 fnt\n|faint|p2a: Zapdos\n|\n|upkeep\n|\n|t:|1699933222\n|switch|p2a: Thundurus|Thundurus-Therian, M|71\/100\n|-damage|p2a: Thundurus|47\/100|[from] Stealth Rock\n|turn|20\n|\n|t:|1699933227\n|move|p1a: LondonSystem|Sucker Punch||[still]\n|-fail|p1a: LondonSystem\n|move|p2a: Thundurus|Thunder Wave|p1a: LondonSystem\n|-status|p1a: LondonSystem|par\n|-enditem|p1a: LondonSystem|Lum Berry|[eat]\n|-curestatus|p1a: LondonSystem|par|[msg]\n|\n|upkeep\n|turn|21\n|\n|t:|1699933235\n|move|p2a: Thundurus|Thunder Wave|p1a: LondonSystem\n|-status|p1a: LondonSystem|par\n|move|p1a: LondonSystem|Kowtow Cleave|p2a: Thundurus\n|-damage|p2a: Thundurus|0 fnt\n|faint|p2a: Thundurus\n|\n|-sideend|p2: GrassmanJuan|move: Tailwind\n|upkeep\n|\n|t:|1699933243\n|switch|p2a: Dragapult|Dragapult, F|100\/100\n|-activate|p2a: Dragapult|move: Sticky Web\n|-fail|p2a: Dragapult|unboost|[from] ability: Clear Body|[of] p2a: Dragapult\n|-damage|p2a: Dragapult|88\/100|[from] Stealth Rock\n|turn|22\n|\n|t:|1699933250\n|move|p1a: LondonSystem|Sucker Punch|p2a: Dragapult\n|-supereffective|p2a: Dragapult\n|-damage|p2a: Dragapult|0 fnt\n|faint|p2a: Dragapult\n|\n|upkeep\n|\n|t:|1699933255\n|switch|p2a: Scizor|Scizor, F|100\/100\n|-activate|p2a: Scizor|move: Sticky Web\n|-unboost|p2a: Scizor|spe|1\n|-damage|p2a: Scizor|88\/100|[from] Stealth Rock\n|turn|23\n|\n|t:|1699933264\n|move|p1a: LondonSystem|Sucker Punch|p2a: Scizor\n|-damage|p2a: Scizor|0 fnt\n|faint|p2a: Scizor\n|\n|win|v4tex\n|raw|v4tex's rating: 1079 &rarr; <strong>1109<\/strong><br \/>(+30 for winning)\n|raw|GrassmanJuan's rating: 1105 &rarr; <strong>1078<\/strong><br \/>(-27 for losing)\n|l|\u2606GrassmanJuan\n","uploadtime":1699933282,"views":29,"p1id":"v4tex","p2id":"grassmanjuan","formatid":"gen9ou","rating":1078,"private":0,"password":""}