{"id":"gen9ou-2000416741","p1":"The ch g t tc","p2":"jfvulc","format":"[Gen 9] OU","log":"|j|\u2606The ch g t tc\n|j|\u2606jfvulc\n|t:|1701193008\n|gametype|singles\n|player|p1|The ch g t tc|265|1000\n|player|p2|jfvulc|169|1000\n|teamsize|p1|6\n|teamsize|p2|6\n|gen|9\n|tier|[Gen 9] OU\n|rated|\n|rule|Sleep Clause Mod: Limit one foe put to sleep\n|rule|Species Clause: Limit one of each Pok\u00e9mon\n|rule|OHKO Clause: OHKO moves are banned\n|rule|Evasion Items Clause: Evasion items are banned\n|rule|Evasion Moves Clause: Evasion moves are banned\n|rule|Endless Battle Clause: Forcing endless battles is banned\n|rule|HP Percentage Mod: HP is shown in percentages\n|clearpoke\n|poke|p1|Shiftry, F|\n|poke|p1|Zapdos|\n|poke|p1|Toxapex, M|\n|poke|p1|Gholdengo|\n|poke|p1|Ogerpon-Cornerstone, F|\n|poke|p1|Iron Valiant|\n|poke|p2|Ampharos, F|\n|poke|p2|Mew|\n|poke|p2|Jolteon, M|\n|poke|p2|Gyarados, M|\n|poke|p2|Blissey, F|\n|poke|p2|Arcanine, M|\n|teampreview\n|\n|t:|1701193013\n|start\n|switch|p1a: Gholdengo|Gholdengo|100\/100\n|switch|p2a: Blissey|Blissey, F|100\/100\n|-item|p1a: Gholdengo|Air Balloon\n|turn|1\n|\n|t:|1701193030\n|move|p1a: Gholdengo|Nasty Plot|p1a: Gholdengo\n|-boost|p1a: Gholdengo|spa|2\n|move|p2a: Blissey|Calm Mind|p2a: Blissey\n|-boost|p2a: Blissey|spa|1\n|-boost|p2a: Blissey|spd|1\n|\n|upkeep\n|turn|2\n|\n|t:|1701193039\n|move|p1a: Gholdengo|Make It Rain|p2a: Blissey\n|-damage|p2a: Blissey|64\/100\n|-unboost|p1a: Gholdengo|spa|1\n|move|p2a: Blissey|Calm Mind|p2a: Blissey\n|-boost|p2a: Blissey|spa|1\n|-boost|p2a: Blissey|spd|1\n|\n|-heal|p2a: Blissey|70\/100|[from] item: Leftovers\n|upkeep\n|turn|3\n|\n|t:|1701193053\n|move|p1a: Gholdengo|Make It Rain|p2a: Blissey\n|-damage|p2a: Blissey|50\/100\n|-unboost|p1a: Gholdengo|spa|1\n|move|p2a: Blissey|Calm Mind|p2a: Blissey\n|-boost|p2a: Blissey|spa|1\n|-boost|p2a: Blissey|spd|1\n|\n|-heal|p2a: Blissey|56\/100|[from] item: Leftovers\n|upkeep\n|turn|4\n|\n|t:|1701193065\n|switch|p1a: Iron Valiant|Iron Valiant|100\/100\n|-enditem|p1a: Iron Valiant|Booster Energy\n|-activate|p1a: Iron Valiant|ability: Quark Drive|[fromitem]\n|-start|p1a: Iron Valiant|quarkdriveatk\n|move|p2a: Blissey|Calm Mind|p2a: Blissey\n|-boost|p2a: Blissey|spa|1\n|-boost|p2a: Blissey|spd|1\n|\n|-heal|p2a: Blissey|62\/100|[from] item: Leftovers\n|upkeep\n|turn|5\n|\n|t:|1701193083\n|switch|p2a: Mew|Mew|100\/100\n|move|p1a: Iron Valiant|Close Combat|p2a: Mew\n|-resisted|p2a: Mew\n|-damage|p2a: Mew|58\/100\n|-unboost|p1a: Iron Valiant|def|1\n|-unboost|p1a: Iron Valiant|spd|1\n|\n|upkeep\n|turn|6\n|\n|t:|1701193098\n|move|p1a: Iron Valiant|Knock Off|p2a: Mew\n|-supereffective|p2a: Mew\n|-damage|p2a: Mew|0 fnt\n|faint|p2a: Mew\n|\n|upkeep\n|\n|t:|1701193103\n|switch|p2a: Gyarados|Gyarados, M, shiny|100\/100\n|turn|7\n|\n|t:|1701193109\n|move|p1a: Iron Valiant|Knock Off|p2a: Gyarados\n|-damage|p2a: Gyarados|40\/100\n|-enditem|p2a: Gyarados|Assault Vest|[from] move: Knock Off|[of] p1a: Iron Valiant\n|move|p2a: Gyarados|Waterfall|p1a: Iron Valiant\n|-damage|p1a: Iron Valiant|34\/100\n|\n|upkeep\n|turn|8\n|\n|t:|1701193119\n|move|p1a: Iron Valiant|Spirit Break|p2a: Gyarados\n|-damage|p2a: Gyarados|0 fnt\n|faint|p2a: Gyarados\n|\n|upkeep\n|\n|t:|1701193125\n|switch|p2a: Jolteon|Jolteon, M|100\/100\n|turn|9\n|\n|t:|1701193133\n|move|p2a: Jolteon|Thunderbolt|p1a: Iron Valiant\n|-damage|p1a: Iron Valiant|0 fnt\n|faint|p1a: Iron Valiant\n|-end|p1a: Iron Valiant|Quark Drive|[silent]\n|\n|upkeep\n|\n|t:|1701193144\n|switch|p1a: Zapdos|Zapdos|100\/100\n|-ability|p1a: Zapdos|Pressure\n|turn|10\n|\n|t:|1701193149\n|move|p2a: Jolteon|Shadow Ball|p1a: Zapdos\n|-damage|p1a: Zapdos|73\/100\n|move|p1a: Zapdos|Tailwind|p1a: Zapdos\n|-sidestart|p1: The ch g t tc|move: Tailwind\n|\n|-heal|p1a: Zapdos|79\/100|[from] item: Leftovers\n|upkeep\n|turn|11\n|\n|t:|1701193162\n|switch|p1a: Shiftry|Shiftry, F, shiny|100\/100\n|-ability|p1a: Shiftry|Wind Rider|boost\n|-boost|p1a: Shiftry|atk|1\n|move|p2a: Jolteon|Shadow Ball|p1a: Shiftry\n|-resisted|p1a: Shiftry\n|-damage|p1a: Shiftry|81\/100\n|\n|upkeep\n|turn|12\n|\n|t:|1701193171\n|move|p1a: Shiftry|Fake Out|p2a: Jolteon\n|-damage|p2a: Jolteon|63\/100\n|cant|p2a: Jolteon|flinch\n|\n|upkeep\n|turn|13\n|\n|t:|1701193179\n|move|p1a: Shiftry|Leaf Blade|p2a: Jolteon\n|-damage|p2a: Jolteon|0 fnt\n|faint|p2a: Jolteon\n|\n|-sideend|p1: The ch g t tc|move: Tailwind\n|upkeep\n|\n|t:|1701193186\n|switch|p2a: Arcanine|Arcanine, M|100\/100\n|-ability|p2a: Arcanine|Intimidate|boost\n|-fail|p1a: Shiftry|unboost|[from] item: Clear Amulet|[of] p1a: Shiftry\n|turn|14\n|\n|t:|1701193191\n|-terastallize|p1a: Shiftry|Fire\n|move|p1a: Shiftry|Swords Dance|p1a: Shiftry\n|-boost|p1a: Shiftry|atk|2\n|move|p2a: Arcanine|Thunder Fang|p1a: Shiftry\n|-damage|p1a: Shiftry|52\/100\n|\n|upkeep\n|turn|15\n|\n|t:|1701193200\n|move|p1a: Shiftry|Leaf Blade|p2a: Arcanine\n|-resisted|p2a: Arcanine\n|-damage|p2a: Arcanine|42\/100\n|move|p2a: Arcanine|Play Rough|p1a: Shiftry\n|-resisted|p1a: Shiftry\n|-damage|p1a: Shiftry|31\/100\n|\n|upkeep\n|turn|16\n|\n|t:|1701193208\n|move|p1a: Shiftry|Leaf Blade|p2a: Arcanine\n|-resisted|p2a: Arcanine\n|-damage|p2a: Arcanine|0 fnt\n|faint|p2a: Arcanine\n|\n|upkeep\n|\n|t:|1701193213\n|switch|p2a: Blissey|Blissey, F|62\/100\n|turn|17\n|\n|t:|1701193218\n|move|p1a: Shiftry|Leaf Blade|p2a: Blissey\n|-damage|p2a: Blissey|0 fnt\n|faint|p2a: Blissey\n|\n|upkeep\n|\n|t:|1701193223\n|switch|p2a: Ampharos|Ampharos, F|100\/100\n|turn|18\n|\n|t:|1701193230\n|-terastallize|p2a: Ampharos|Rock\n|move|p1a: Shiftry|Leaf Blade|p2a: Ampharos\n|-supereffective|p2a: Ampharos\n|-damage|p2a: Ampharos|0 fnt\n|-status|p1a: Shiftry|par|[from] ability: Static|[of] p2a: Ampharos\n|faint|p2a: Ampharos\n|\n|win|The ch g t tc\n|raw|The ch g t tc's rating: 1000 &rarr; <strong>1040<\/strong><br \/>(+40 for winning)\n|raw|jfvulc's rating: 1000 &rarr; <strong>1000<\/strong><br \/>(+0 for losing)\n|l|\u2606jfvulc\n|l|\u2606The ch g t tc\n","uploadtime":1701193240,"views":11,"p1id":"thechgttc","p2id":"jfvulc","formatid":"gen9ou","rating":1000,"private":0,"password":""}