{"id":"gen9ou-1988746068","p1":"Hydrotix","p2":"Manof10000switches","format":"[Gen 9] OU","log":"|j|\u2606Hydrotix\n|j|\u2606Manof10000switches\n|t:|1699757823\n|gametype|singles\n|player|p1|Hydrotix|265|1108\n|player|p2|Manof10000switches|youngster-gen4dp|1125\n|teamsize|p1|6\n|teamsize|p2|6\n|gen|9\n|tier|[Gen 9] OU\n|rated|\n|rule|Sleep Clause Mod: Limit one foe put to sleep\n|rule|Species Clause: Limit one of each Pok\u00e9mon\n|rule|OHKO Clause: OHKO moves are banned\n|rule|Evasion Items Clause: Evasion items are banned\n|rule|Evasion Moves Clause: Evasion moves are banned\n|rule|Endless Battle Clause: Forcing endless battles is banned\n|rule|HP Percentage Mod: HP is shown in percentages\n|clearpoke\n|poke|p1|Greninja-*, M|\n|poke|p1|Dragapult, M|\n|poke|p1|Quaquaval, F|\n|poke|p1|Cinderace, F|\n|poke|p1|Thundurus, M|\n|poke|p1|Magnezone|\n|poke|p2|Lokix, F|\n|poke|p2|Ogerpon-Wellspring, F|\n|poke|p2|Cinderace, M|\n|poke|p2|Whiscash, F|\n|poke|p2|Zapdos|\n|poke|p2|Shiftry, F|\n|teampreview\n|\n|t:|1699757835\n|start\n|switch|p1a: Cinderace|Cinderace, F|100\/100\n|switch|p2a: Stormtrooper|Zapdos|100\/100\n|turn|1\n|inactive|Battle timer is ON: inactive players will automatically lose when time's up. (requested by Manof10000switches)\n|\n|t:|1699757841\n|move|p1a: Cinderace|Will-O-Wisp|p2a: Stormtrooper\n|-status|p2a: Stormtrooper|brn\n|move|p2a: Stormtrooper|Thunder|p1a: Cinderace\n|-damage|p1a: Cinderace|17\/100\n|\n|-damage|p2a: Stormtrooper|94\/100 brn|[from] brn\n|upkeep\n|turn|2\n|\n|t:|1699757848\n|switch|p1a: Magnezone|Magnezone|100\/100\n|move|p2a: Stormtrooper|Heat Wave|p1a: Magnezone\n|-supereffective|p1a: Magnezone\n|-damage|p1a: Magnezone|31\/100\n|\n|-damage|p2a: Stormtrooper|88\/100 brn|[from] brn\n|upkeep\n|turn|3\n|\n|t:|1699757856\n|move|p2a: Stormtrooper|Hurricane|p1a: Magnezone\n|-resisted|p1a: Magnezone\n|-damage|p1a: Magnezone|13\/100\n|move|p1a: Magnezone|Thunderbolt|p2a: Stormtrooper\n|-damage|p2a: Stormtrooper|0 fnt\n|faint|p2a: Stormtrooper\n|\n|upkeep\n|\n|t:|1699757866\n|switch|p2a: Nefarious|Shiftry, F|100\/100\n|turn|4\n|\n|t:|1699757870\n|move|p2a: Nefarious|Knock Off|p1a: Magnezone\n|-damage|p1a: Magnezone|0 fnt\n|-enditem|p1a: Magnezone|Choice Specs|[from] move: Knock Off|[of] p2a: Nefarious\n|faint|p1a: Magnezone\n|\n|upkeep\n|\n|t:|1699757880\n|switch|p1a: Thundurus|Thundurus, M|100\/100\n|turn|5\n|\n|t:|1699757888\n|move|p1a: Thundurus|Sludge Bomb|p2a: Nefarious\n|-supereffective|p2a: Nefarious\n|-damage|p2a: Nefarious|5\/100\n|move|p2a: Nefarious|Tailwind|p2a: Nefarious\n|-sidestart|p2: Manof10000switches|move: Tailwind\n|-ability|p2a: Nefarious|Wind Rider|boost\n|-boost|p2a: Nefarious|atk|1\n|\n|upkeep\n|turn|6\n|\n|t:|1699757897\n|move|p1a: Thundurus|Thunder Wave|p2a: Nefarious\n|-hint|Since gen 7, Dark is immune to Prankster moves.\n|-immune|p2a: Nefarious\n|move|p2a: Nefarious|Knock Off|p1a: Thundurus\n|-damage|p1a: Thundurus|0 fnt\n|-enditem|p1a: Thundurus|Leftovers|[from] move: Knock Off|[of] p2a: Nefarious\n|faint|p1a: Thundurus\n|\n|upkeep\n|\n|t:|1699757903\n|switch|p1a: Greninja|Greninja, M|100\/100\n|turn|7\n|\n|t:|1699757906\n|move|p1a: Greninja|Water Shuriken|p2a: Nefarious\n|-resisted|p2a: Nefarious\n|-damage|p2a: Nefarious|0 fnt\n|faint|p2a: Nefarious\n|-ability|p1a: Greninja|Battle Bond|boost\n|-boost|p1a: Greninja|atk|1\n|-boost|p1a: Greninja|spa|1\n|-boost|p1a: Greninja|spe|1\n|-activate|p1a: Greninja|ability: Battle Bond\n|-hitcount|p2: Nefarious|1\n|\n|upkeep\n|\n|t:|1699757910\n|switch|p2a: Ogerpon|Ogerpon-Wellspring, F|100\/100\n|turn|8\n|\n|t:|1699757936\n|move|p2a: Ogerpon|Horn Leech|p1a: Greninja\n|-supereffective|p1a: Greninja\n|-damage|p1a: Greninja|0 fnt\n|faint|p1a: Greninja\n|\n|-sideend|p2: Manof10000switches|move: Tailwind\n|upkeep\n|\n|t:|1699757945\n|switch|p1a: Dragapult|Dragapult, M|100\/100\n|turn|9\n|\n|t:|1699757955\n|move|p1a: Dragapult|Substitute|p1a: Dragapult\n|-start|p1a: Dragapult|Substitute\n|-damage|p1a: Dragapult|76\/100\n|move|p2a: Ogerpon|Ivy Cudgel|p1a: Dragapult\n|-resisted|p1a: Dragapult\n|-end|p1a: Dragapult|Substitute\n|\n|-heal|p1a: Dragapult|82\/100|[from] item: Leftovers\n|upkeep\n|turn|10\n|\n|t:|1699757961\n|move|p1a: Dragapult|Dragon Dance|p1a: Dragapult\n|-boost|p1a: Dragapult|atk|1\n|-boost|p1a: Dragapult|spe|1\n|move|p2a: Ogerpon|Encore|p1a: Dragapult\n|-start|p1a: Dragapult|Encore\n|\n|-heal|p1a: Dragapult|88\/100|[from] item: Leftovers\n|upkeep\n|turn|11\n|\n|t:|1699757973\n|switch|p1a: Quaquaval|Quaquaval, F|100\/100\n|move|p2a: Ogerpon|Ivy Cudgel|p1a: Quaquaval\n|-resisted|p1a: Quaquaval\n|-damage|p1a: Quaquaval|61\/100\n|\n|upkeep\n|turn|12\n|\n|t:|1699757978\n|move|p2a: Ogerpon|Horn Leech|p1a: Quaquaval\n|-supereffective|p1a: Quaquaval\n|-damage|p1a: Quaquaval|0 fnt\n|faint|p1a: Quaquaval\n|\n|upkeep\n|\n|t:|1699757981\n|switch|p1a: Cinderace|Cinderace, F|17\/100\n|turn|13\n|\n|t:|1699757986\n|move|p1a: Cinderace|U-turn|p2a: Ogerpon\n|-start|p1a: Cinderace|typechange|Bug|[from] ability: Libero\n|-supereffective|p2a: Ogerpon\n|-crit|p2a: Ogerpon\n|-damage|p2a: Ogerpon|0 fnt\n|faint|p2a: Ogerpon\n|\n|t:|1699757988\n|switch|p1a: Dragapult|Dragapult, M|88\/100|[from] U-turn\n|\n|-heal|p1a: Dragapult|94\/100|[from] item: Leftovers\n|upkeep\n|\n|t:|1699757998\n|switch|p2a: Gaming|Lokix, F|100\/100\n|turn|14\n|\n|t:|1699758006\n|-terastallize|p2a: Gaming|Dark\n|move|p1a: Dragapult|Substitute|p1a: Dragapult\n|-start|p1a: Dragapult|Substitute\n|-damage|p1a: Dragapult|69\/100\n|move|p2a: Gaming|Knock Off|p1a: Dragapult\n|-supereffective|p1a: Dragapult\n|-end|p1a: Dragapult|Substitute\n|-damage|p2a: Gaming|91\/100|[from] item: Life Orb\n|\n|-heal|p1a: Dragapult|75\/100|[from] item: Leftovers\n|upkeep\n|turn|15\n|\n|t:|1699758011\n|-terastallize|p1a: Dragapult|Steel\n|move|p1a: Dragapult|Dragon Dance|p1a: Dragapult\n|-boost|p1a: Dragapult|atk|1\n|-boost|p1a: Dragapult|spe|1\n|move|p2a: Gaming|Knock Off|p1a: Dragapult\n|-damage|p1a: Dragapult|0 fnt\n|-enditem|p1a: Dragapult|Leftovers|[from] move: Knock Off|[of] p2a: Gaming\n|faint|p1a: Dragapult\n|-damage|p2a: Gaming|81\/100|[from] item: Life Orb\n|\n|upkeep\n|\n|t:|1699758015\n|switch|p1a: Cinderace|Cinderace, F|17\/100\n|turn|16\n|\n|t:|1699758019\n|move|p2a: Gaming|Sucker Punch|p1a: Cinderace\n|-damage|p1a: Cinderace|0 fnt\n|faint|p1a: Cinderace\n|-damage|p2a: Gaming|71\/100|[from] item: Life Orb\n|\n|win|Manof10000switches\n|raw|Hydrotix's rating: 1108 &rarr; <strong>1084<\/strong><br \/>(-24 for losing)\n|raw|Manof10000switches's rating: 1125 &rarr; <strong>1149<\/strong><br \/>(+24 for winning)\n|l|\u2606Hydrotix\n","uploadtime":1699758034,"views":8,"p1id":"hydrotix","p2id":"manof10000switches","formatid":"gen9ou","rating":1084,"private":0,"password":""}