{"id":"gen9ou-2000404925","p1":"meliaudass","p2":"liaoya","format":"[Gen 9] OU","log":"|j|\u2606meliaudass\n|j|\u2606liaoya\n|t:|1701192024\n|gametype|singles\n|player|p1|meliaudass|169|1446\n|player|p2|liaoya|petrel|1533\n|teamsize|p1|6\n|teamsize|p2|6\n|gen|9\n|tier|[Gen 9] OU\n|rated|\n|rule|Sleep Clause Mod: Limit one foe put to sleep\n|rule|Species Clause: Limit one of each Pok\u00e9mon\n|rule|OHKO Clause: OHKO moves are banned\n|rule|Evasion Items Clause: Evasion items are banned\n|rule|Evasion Moves Clause: Evasion moves are banned\n|rule|Endless Battle Clause: Forcing endless battles is banned\n|rule|HP Percentage Mod: HP is shown in percentages\n|clearpoke\n|poke|p1|Zamazenta-*|\n|poke|p1|Kingambit, F|\n|poke|p1|Slowking-Galar, F|\n|poke|p1|Zapdos|\n|poke|p1|Great Tusk|\n|poke|p1|Ogerpon-Wellspring, F|\n|poke|p2|Drifblim, M|\n|poke|p2|Garganacl, F|\n|poke|p2|Umbreon, M|\n|poke|p2|Rotom-Wash|\n|poke|p2|Glimmora, M|\n|poke|p2|Espeon, F|\n|teampreview\n|inactive|Battle timer is ON: inactive players will automatically lose when time's up. (requested by liaoya)\n|\n|t:|1701192031\n|start\n|switch|p1a: Great Tusk|Great Tusk|100\/100\n|switch|p2a: Rotom|Rotom-Wash|100\/100\n|turn|1\n|\n|t:|1701192037\n|-end|p1a: Great Tusk|Protosynthesis|[silent]\n|switch|p1a: Ogerpon|Ogerpon-Wellspring, F|100\/100\n|move|p2a: Rotom|Will-O-Wisp|p1a: Ogerpon|[miss]\n|-miss|p2a: Rotom|p1a: Ogerpon\n|\n|upkeep\n|turn|2\n|\n|t:|1701192043\n|move|p1a: Ogerpon|Power Whip|p2a: Rotom|[miss]\n|-miss|p1a: Ogerpon|p2a: Rotom\n|move|p2a: Rotom|Will-O-Wisp|p1a: Ogerpon\n|-status|p1a: Ogerpon|brn\n|\n|-damage|p1a: Ogerpon|95\/100 brn|[from] brn\n|upkeep\n|turn|3\n|\n|t:|1701192051\n|switch|p2a: Umbreon|Umbreon, M, shiny|100\/100\n|move|p1a: Ogerpon|Spikes|p2a: Umbreon\n|-sidestart|p2: liaoya|Spikes\n|\n|-damage|p1a: Ogerpon|89\/100 brn|[from] brn\n|upkeep\n|turn|4\n|\n|t:|1701192055\n|move|p1a: Ogerpon|Spikes|p2a: Umbreon\n|-sidestart|p2: liaoya|Spikes\n|move|p2a: Umbreon|Foul Play|p1a: Ogerpon\n|-damage|p1a: Ogerpon|29\/100 brn\n|\n|-damage|p1a: Ogerpon|23\/100 brn|[from] brn\n|upkeep\n|turn|5\n|\n|t:|1701192063\n|move|p1a: Ogerpon|Spikes|p2a: Umbreon\n|-sidestart|p2: liaoya|Spikes\n|move|p2a: Umbreon|Foul Play|p1a: Ogerpon\n|-damage|p1a: Ogerpon|0 fnt\n|faint|p1a: Ogerpon\n|\n|upkeep\n|\n|t:|1701192070\n|switch|p1a: Zamazenta|Zamazenta|100\/100\n|-ability|p1a: Zamazenta|Dauntless Shield|boost\n|-boost|p1a: Zamazenta|def|1\n|turn|6\n|\n|t:|1701192077\n|switch|p2a: Drifblim|Drifblim, M|100\/100\n|move|p1a: Zamazenta|Substitute|p1a: Zamazenta\n|-start|p1a: Zamazenta|Substitute\n|-damage|p1a: Zamazenta|76\/100\n|\n|-heal|p1a: Zamazenta|82\/100|[from] item: Leftovers\n|upkeep\n|turn|7\n|\n|t:|1701192084\n|move|p2a: Drifblim|Defog|p1a: Zamazenta\n|-sideend|p2: liaoya|Spikes|[from] move: Defog|[of] p2a: Drifblim\n|move|p1a: Zamazenta|Crunch|p2a: Drifblim\n|-supereffective|p2a: Drifblim\n|-damage|p2a: Drifblim|34\/100\n|-unboost|p2a: Drifblim|def|1\n|\n|-heal|p1a: Zamazenta|88\/100|[from] item: Leftovers\n|upkeep\n|turn|8\n|\n|t:|1701192093\n|switch|p2a: Rotom|Rotom-Wash|100\/100\n|move|p1a: Zamazenta|Crunch|p2a: Rotom\n|-damage|p2a: Rotom|77\/100\n|\n|-heal|p1a: Zamazenta|94\/100|[from] item: Leftovers\n|upkeep\n|turn|9\n|\n|t:|1701192101\n|move|p1a: Zamazenta|Iron Defense|p1a: Zamazenta\n|-boost|p1a: Zamazenta|def|2\n|move|p2a: Rotom|Volt Switch|p1a: Zamazenta\n|-end|p1a: Zamazenta|Substitute\n|\n|t:|1701192106\n|switch|p2a: Drifblim|Drifblim, M|34\/100|[from] Volt Switch\n|\n|-heal|p1a: Zamazenta|100\/100|[from] item: Leftovers\n|upkeep\n|turn|10\n|\n|t:|1701192116\n|switch|p1a: Great Tusk|Great Tusk|100\/100\n|move|p2a: Drifblim|Trick|p1a: Great Tusk\n|-activate|p2a: Drifblim|move: Trick|[of] p1a: Great Tusk\n|-item|p1a: Great Tusk|Choice Scarf|[from] move: Trick\n|-item|p2a: Drifblim|Leftovers|[from] move: Trick\n|\n|-heal|p2a: Drifblim|40\/100|[from] item: Leftovers\n|upkeep\n|turn|11\n|\n|t:|1701192128\n|switch|p2a: Espeon|Espeon, F|100\/100\n|move|p1a: Great Tusk|Knock Off|p2a: Espeon\n|-supereffective|p2a: Espeon\n|-damage|p2a: Espeon|34\/100\n|-enditem|p2a: Espeon|Choice Scarf|[from] move: Knock Off|[of] p1a: Great Tusk\n|\n|upkeep\n|turn|12\n|\n|t:|1701192136\n|move|p1a: Great Tusk|Knock Off|p2a: Espeon\n|-supereffective|p2a: Espeon\n|-damage|p2a: Espeon|0 fnt\n|faint|p2a: Espeon\n|\n|upkeep\n|\n|t:|1701192140\n|switch|p2a: Rotom|Rotom-Wash|77\/100\n|turn|13\n|\n|t:|1701192144\n|move|p1a: Great Tusk|Knock Off|p2a: Rotom\n|-damage|p2a: Rotom|49\/100\n|-enditem|p2a: Rotom|Choice Scarf|[from] move: Knock Off|[of] p1a: Great Tusk\n|move|p2a: Rotom|Hydro Pump|p1a: Great Tusk\n|-supereffective|p1a: Great Tusk\n|-damage|p1a: Great Tusk|0 fnt\n|faint|p1a: Great Tusk\n|-end|p1a: Great Tusk|Protosynthesis|[silent]\n|\n|upkeep\n|\n|t:|1701192153\n|switch|p1a: Zamazenta|Zamazenta|100\/100\n|turn|14\n|\n|t:|1701192158\n|move|p1a: Zamazenta|Substitute|p1a: Zamazenta\n|-start|p1a: Zamazenta|Substitute\n|-damage|p1a: Zamazenta|76\/100\n|move|p2a: Rotom|Volt Switch|p1a: Zamazenta\n|-end|p1a: Zamazenta|Substitute\n|\n|t:|1701192169\n|switch|p2a: Garganacl|Garganacl, F, shiny|100\/100|[from] Volt Switch\n|\n|-heal|p1a: Zamazenta|82\/100|[from] item: Leftovers\n|upkeep\n|turn|15\n|\n|t:|1701192174\n|-terastallize|p2a: Garganacl|Ghost\n|move|p1a: Zamazenta|Substitute|p1a: Zamazenta\n|-start|p1a: Zamazenta|Substitute\n|-damage|p1a: Zamazenta|57\/100\n|move|p2a: Garganacl|Iron Defense|p2a: Garganacl\n|-boost|p2a: Garganacl|def|2\n|\n|-heal|p1a: Zamazenta|63\/100|[from] item: Leftovers\n|upkeep\n|turn|16\n|\n|t:|1701192194\n|switch|p1a: Slowking|Slowking-Galar, F|100\/100\n|move|p2a: Garganacl|Iron Defense|p2a: Garganacl\n|-boost|p2a: Garganacl|def|2\n|\n|upkeep\n|turn|17\n|\n|t:|1701192200\n|move|p2a: Garganacl|Salt Cure|p1a: Slowking\n|-damage|p1a: Slowking|86\/100\n|-start|p1a: Slowking|Salt Cure\n|move|p1a: Slowking|Future Sight|p2a: Garganacl\n|-start|p1a: Slowking|move: Future Sight\n|\n|-damage|p1a: Slowking|73\/100|[from] Salt Cure\n|upkeep\n|turn|18\n|\n|t:|1701192211\n|move|p2a: Garganacl|Salt Cure|p1a: Slowking\n|-damage|p1a: Slowking|60\/100\n|move|p1a: Slowking|Chilly Reception|p1a: Slowking\n|-weather|Snow\n|\n|t:|1701192217\n|switch|p1a: Zapdos|Zapdos|100\/100|[from] Chilly Reception\n|\n|-weather|Snow|[upkeep]\n|upkeep\n|turn|19\n|\n|t:|1701192224\n|move|p1a: Zapdos|Hurricane|p2a: Garganacl\n|-damage|p2a: Garganacl|70\/100\n|-start|p2a: Garganacl|confusion\n|-activate|p2a: Garganacl|confusion\n|move|p2a: Garganacl|Recover|p2a: Garganacl\n|-heal|p2a: Garganacl|100\/100\n|\n|-weather|Snow|[upkeep]\n|-end|p2a: Garganacl|move: Future Sight\n|-damage|p2a: Garganacl|70\/100\n|-heal|p2a: Garganacl|76\/100|[from] item: Leftovers\n|upkeep\n|turn|20\n|\n|t:|1701192236\n|move|p1a: Zapdos|Hurricane|p2a: Garganacl|[miss]\n|-miss|p1a: Zapdos|p2a: Garganacl\n|-activate|p2a: Garganacl|confusion\n|-damage|p2a: Garganacl|74\/100|[from] confusion\n|\n|-weather|Snow|[upkeep]\n|-heal|p2a: Garganacl|80\/100|[from] item: Leftovers\n|upkeep\n|turn|21\n|\n|t:|1701192239\n|move|p1a: Zapdos|Hurricane|p2a: Garganacl\n|-damage|p2a: Garganacl|48\/100\n|-end|p2a: Garganacl|confusion\n|move|p2a: Garganacl|Salt Cure|p1a: Zapdos\n|-supereffective|p1a: Zapdos\n|-damage|p1a: Zapdos|75\/100\n|-start|p1a: Zapdos|Salt Cure\n|\n|-weather|Snow|[upkeep]\n|-heal|p2a: Garganacl|54\/100|[from] item: Leftovers\n|-damage|p1a: Zapdos|63\/100|[from] Salt Cure\n|upkeep\n|turn|22\n|\n|t:|1701192245\n|move|p1a: Zapdos|Hurricane|p2a: Garganacl|[miss]\n|-miss|p1a: Zapdos|p2a: Garganacl\n|move|p2a: Garganacl|Recover|p2a: Garganacl\n|-heal|p2a: Garganacl|100\/100\n|\n|-weather|none\n|-damage|p1a: Zapdos|50\/100|[from] Salt Cure\n|upkeep\n|turn|23\n|\n|t:|1701192250\n|move|p1a: Zapdos|Roost|p1a: Zapdos\n|-heal|p1a: Zapdos|100\/100\n|-singleturn|p1a: Zapdos|move: Roost\n|move|p2a: Garganacl|Salt Cure|p1a: Zapdos\n|-damage|p1a: Zapdos|88\/100\n|\n|-damage|p1a: Zapdos|75\/100|[from] Salt Cure\n|upkeep\n|turn|24\n|\n|t:|1701192260\n|move|p1a: Zapdos|Hurricane|p2a: Garganacl\n|-damage|p2a: Garganacl|73\/100\n|move|p2a: Garganacl|Salt Cure|p1a: Zapdos\n|-supereffective|p1a: Zapdos\n|-damage|p1a: Zapdos|48\/100\n|\n|-heal|p2a: Garganacl|79\/100|[from] item: Leftovers\n|-damage|p1a: Zapdos|36\/100|[from] Salt Cure\n|upkeep\n|turn|25\n|\n|t:|1701192267\n|move|p1a: Zapdos|Hurricane|p2a: Garganacl\n|-damage|p2a: Garganacl|49\/100\n|move|p2a: Garganacl|Salt Cure|p1a: Zapdos\n|-supereffective|p1a: Zapdos\n|-damage|p1a: Zapdos|9\/100\n|\n|-heal|p2a: Garganacl|55\/100|[from] item: Leftovers\n|-damage|p1a: Zapdos|0 fnt|[from] Salt Cure\n|faint|p1a: Zapdos\n|upkeep\n|\n|t:|1701192277\n|switch|p1a: Kingambit|Kingambit, F|100\/100\n|-activate|p1a: Kingambit|ability: Supreme Overlord\n|-start|p1a: Kingambit|fallen3|[silent]\n|turn|26\n|\n|t:|1701192284\n|move|p1a: Kingambit|Swords Dance|p1a: Kingambit\n|-boost|p1a: Kingambit|atk|2\n|move|p2a: Garganacl|Body Press|p1a: Kingambit\n|-supereffective|p1a: Kingambit\n|-damage|p1a: Kingambit|0 fnt\n|faint|p1a: Kingambit\n|-end|p1a: Kingambit|fallen3|[silent]\n|\n|-heal|p2a: Garganacl|62\/100|[from] item: Leftovers\n|upkeep\n|-message|meliaudass forfeited.\n|\n|win|liaoya\n|raw|meliaudass's rating: 1446 &rarr; <strong>1431<\/strong><br \/>(-15 for losing)\n|raw|liaoya's rating: 1533 &rarr; <strong>1548<\/strong><br \/>(+15 for winning)\n|l|\u2606meliaudass\n","uploadtime":1701192293,"views":1,"p1id":"meliaudass","p2id":"liaoya","formatid":"gen9ou","rating":1431,"private":0,"password":""}