{"id":"gen9ou-1997011600","p1":"thedebatablereaper","p2":"knexhawk2","format":"[Gen 9] OU","log":"|j|\u2606thedebatablereaper\n|j|\u2606knexhawk2\n|t:|1700755475\n|gametype|singles\n|player|p1|thedebatablereaper|170|1767\n|player|p2|knexhawk2|red-masters|1756\n|teamsize|p1|6\n|teamsize|p2|6\n|gen|9\n|tier|[Gen 9] OU\n|rated|\n|rule|Sleep Clause Mod: Limit one foe put to sleep\n|rule|Species Clause: Limit one of each Pok\u00e9mon\n|rule|OHKO Clause: OHKO moves are banned\n|rule|Evasion Items Clause: Evasion items are banned\n|rule|Evasion Moves Clause: Evasion moves are banned\n|rule|Endless Battle Clause: Forcing endless battles is banned\n|rule|HP Percentage Mod: HP is shown in percentages\n|clearpoke\n|poke|p1|Gholdengo|\n|poke|p1|Garganacl, F|\n|poke|p1|Ogerpon-Wellspring, F|\n|poke|p1|Kingambit, F|\n|poke|p1|Zapdos-Galar|\n|poke|p1|Iron Valiant|\n|poke|p2|Wo-Chien|\n|poke|p2|Talonflame, F|\n|poke|p2|Alomomola, M|\n|poke|p2|Blissey, F|\n|poke|p2|Cyclizar, F|\n|poke|p2|Clodsire, M|\n|teampreview\n|j| DirdieBirdieATX\n|\n|t:|1700755503\n|start\n|switch|p1a: Zapdos|Zapdos-Galar|100\/100\n|switch|p2a: Your father.|Talonflame, F|100\/100\n|turn|1\n|\n|t:|1700755511\n|switch|p1a: Garganacl|Garganacl, F|100\/100\n|move|p2a: Your father.|Roost||[still]\n|-fail|p2a: Your father.|heal\n|\n|upkeep\n|turn|2\n|\n|t:|1700755518\n|switch|p2a: ur my lizard|Cyclizar, F|100\/100\n|move|p1a: Garganacl|Stealth Rock|p2a: ur my lizard\n|-sidestart|p2: knexhawk2|move: Stealth Rock\n|\n|upkeep\n|turn|3\n|\n|t:|1700755524\n|move|p2a: ur my lizard|Knock Off|p1a: Garganacl\n|-damage|p1a: Garganacl|89\/100\n|-enditem|p1a: Garganacl|Leftovers|[from] move: Knock Off|[of] p2a: ur my lizard\n|move|p1a: Garganacl|Salt Cure|p2a: ur my lizard\n|-damage|p2a: ur my lizard|80\/100\n|-start|p2a: ur my lizard|Salt Cure\n|\n|-damage|p2a: ur my lizard|68\/100|[from] Salt Cure\n|upkeep\n|turn|4\n|\n|t:|1700755531\n|switch|p1a: Gholdengo|Gholdengo|100\/100\n|move|p2a: ur my lizard|U-turn|p1a: Gholdengo\n|-resisted|p1a: Gholdengo\n|-damage|p1a: Gholdengo|98\/100\n|\n|t:|1700755539\n|switch|p2a: I'm your mom.|Blissey, F|100\/100|[from] U-turn\n|\n|-heal|p1a: Gholdengo|100\/100|[from] item: Leftovers\n|upkeep\n|turn|5\n|\n|t:|1700755547\n|switch|p1a: Ogerpon|Ogerpon-Wellspring, F|100\/100\n|move|p2a: I'm your mom.|Stealth Rock|p1a: Ogerpon\n|-sidestart|p1: thedebatablereaper|move: Stealth Rock\n|\n|upkeep\n|turn|6\n|\n|t:|1700755554\n|switch|p2a: I own you.|Wo-Chien|100\/100\n|-damage|p2a: I own you.|88\/100|[from] Stealth Rock\n|-ability|p2a: I own you.|Tablets of Ruin\n|move|p1a: Ogerpon|Knock Off|p2a: I own you.\n|-resisted|p2a: I own you.\n|-damage|p2a: I own you.|78\/100\n|-enditem|p2a: I own you.|Leftovers|[from] move: Knock Off|[of] p1a: Ogerpon\n|\n|upkeep\n|turn|7\n|\n|t:|1700755568\n|switch|p1a: Gholdengo|Gholdengo|100\/100\n|-damage|p1a: Gholdengo|94\/100|[from] Stealth Rock\n|move|p2a: I own you.|Giga Drain|p1a: Gholdengo\n|-resisted|p1a: Gholdengo\n|-damage|p1a: Gholdengo|81\/100\n|-heal|p2a: I own you.|85\/100|[from] drain|[of] p1a: Gholdengo\n|\n|-heal|p1a: Gholdengo|88\/100|[from] item: Leftovers\n|upkeep\n|turn|8\n|\n|t:|1700755581\n|switch|p2a: I'm your mom.|Blissey, F|100\/100\n|move|p1a: Gholdengo|Thunder Wave|p2a: I'm your mom.\n|-status|p2a: I'm your mom.|par\n|\n|-heal|p1a: Gholdengo|94\/100|[from] item: Leftovers\n|upkeep\n|turn|9\n|j| Outdated Ahh Team\n|\n|t:|1700755589\n|switch|p1a: Ogerpon|Ogerpon-Wellspring, F|100\/100\n|-damage|p1a: Ogerpon|88\/100|[from] Stealth Rock\n|-curestatus|p2a: I'm your mom.|par|[from] ability: Natural Cure\n|switch|p2a: ur my lizard|Cyclizar, F|100\/100\n|\n|upkeep\n|turn|10\n|\n|t:|1700755597\n|switch|p2a: I own you.|Wo-Chien|85\/100\n|-damage|p2a: I own you.|72\/100|[from] Stealth Rock\n|-ability|p2a: I own you.|Tablets of Ruin\n|move|p1a: Ogerpon|Knock Off|p2a: I own you.\n|-resisted|p2a: I own you.\n|-damage|p2a: I own you.|67\/100\n|\n|upkeep\n|turn|11\n|j| Modachi\n|\n|t:|1700755611\n|switch|p1a: Kingambit|Kingambit, F|100\/100\n|-damage|p1a: Kingambit|94\/100|[from] Stealth Rock\n|move|p2a: I own you.|Knock Off|p1a: Kingambit\n|-resisted|p1a: Kingambit\n|-damage|p1a: Kingambit|83\/100\n|-enditem|p1a: Kingambit|Black Glasses|[from] move: Knock Off|[of] p2a: I own you.\n|\n|upkeep\n|turn|12\n|\n|t:|1700755620\n|switch|p2a: Your father.|Talonflame, F|100\/100\n|move|p1a: Kingambit|Swords Dance|p1a: Kingambit\n|-boost|p1a: Kingambit|atk|2\n|\n|upkeep\n|turn|13\n|\n|t:|1700755626\n|-end|p1a: Kingambit|fallenundefined|[silent]\n|switch|p1a: Garganacl|Garganacl, F|89\/100\n|-damage|p1a: Garganacl|76\/100|[from] Stealth Rock\n|move|p2a: Your father.|Will-O-Wisp|p1a: Garganacl\n|-immune|p1a: Garganacl|[from] ability: Purifying Salt\n|\n|upkeep\n|turn|14\n|\n|t:|1700755634\n|switch|p2a: You are my son|Alomomola, M|100\/100\n|-damage|p2a: You are my son|88\/100|[from] Stealth Rock\n|move|p1a: Garganacl|Salt Cure|p2a: You are my son\n|-damage|p2a: You are my son|81\/100\n|-start|p2a: You are my son|Salt Cure\n|\n|-damage|p2a: You are my son|56\/100|[from] Salt Cure\n|upkeep\n|turn|15\n|\n|t:|1700755642\n|move|p1a: Garganacl|Protect|p1a: Garganacl\n|-singleturn|p1a: Garganacl|Protect\n|move|p2a: You are my son|Wish|p2a: You are my son\n|\n|-damage|p2a: You are my son|31\/100|[from] Salt Cure\n|upkeep\n|turn|16\n|\n|t:|1700755649\n|switch|p2a: I own you.|Wo-Chien|67\/100\n|-damage|p2a: I own you.|54\/100|[from] Stealth Rock\n|-ability|p2a: I own you.|Tablets of Ruin\n|move|p1a: Garganacl|Salt Cure|p2a: I own you.\n|-damage|p2a: I own you.|47\/100\n|-start|p2a: I own you.|Salt Cure\n|\n|-heal|p2a: I own you.|100\/100|[from] move: Wish|[wisher] You are my son\n|-damage|p2a: I own you.|88\/100|[from] Salt Cure\n|upkeep\n|turn|17\n|\n|t:|1700755661\n|switch|p2a: ur my lizard|Cyclizar, F|100\/100\n|switch|p1a: Zapdos|Zapdos-Galar|100\/100\n|-damage|p1a: Zapdos|88\/100|[from] Stealth Rock\n|\n|upkeep\n|turn|18\n|\n|t:|1700755672\n|switch|p2a: Your father.|Talonflame, F|100\/100\n|-terastallize|p1a: Zapdos|Flying\n|move|p1a: Zapdos|Brave Bird|p2a: Your father.\n|-damage|p2a: Your father.|0 fnt\n|faint|p2a: Your father.\n|-damage|p1a: Zapdos|51\/100|[from] Recoil\n|\n|upkeep\n|\n|t:|1700755684\n|switch|p2a: you are my pet|Clodsire, M|100\/100\n|-damage|p2a: you are my pet|94\/100|[from] Stealth Rock\n|turn|19\n|\n|t:|1700755689\n|move|p1a: Zapdos|Brave Bird|p2a: you are my pet\n|-damage|p2a: you are my pet|2\/100\n|-damage|p1a: Zapdos|7\/100|[from] Recoil\n|move|p2a: you are my pet|Counter|p1a: Zapdos\n|-damage|p1a: Zapdos|0 fnt\n|faint|p1a: Zapdos\n|\n|-heal|p2a: you are my pet|8\/100|[from] item: Leftovers\n|upkeep\n|\n|t:|1700755700\n|switch|p1a: Kingambit|Kingambit, F|83\/100\n|-damage|p1a: Kingambit|77\/100|[from] Stealth Rock\n|-activate|p1a: Kingambit|ability: Supreme Overlord\n|-start|p1a: Kingambit|fallen1|[silent]\n|turn|20\n|\n|t:|1700755707\n|switch|p2a: I own you.|Wo-Chien|88\/100\n|-damage|p2a: I own you.|76\/100|[from] Stealth Rock\n|-ability|p2a: I own you.|Tablets of Ruin\n|move|p1a: Kingambit|Kowtow Cleave|p2a: I own you.\n|-resisted|p2a: I own you.\n|-damage|p2a: I own you.|62\/100\n|\n|upkeep\n|turn|21\n|\n|t:|1700755716\n|move|p1a: Kingambit|Swords Dance|p1a: Kingambit\n|-boost|p1a: Kingambit|atk|2\n|move|p2a: I own you.|Leech Seed|p1a: Kingambit|[miss]\n|-miss|p2a: I own you.|p1a: Kingambit\n|\n|upkeep\n|turn|22\n|j| Titantula\n|\n|t:|1700755726\n|move|p1a: Kingambit|Iron Head|p2a: I own you.\n|-damage|p2a: I own you.|8\/100\n|move|p2a: I own you.|Leech Seed|p1a: Kingambit\n|-start|p1a: Kingambit|move: Leech Seed\n|\n|-damage|p1a: Kingambit|65\/100|[from] Leech Seed|[of] p2a: I own you.\n|-heal|p2a: I own you.|20\/100|[silent]\n|upkeep\n|turn|23\n|\n|t:|1700755732\n|switch|p2a: You are my son|Alomomola, M|65\/100\n|-damage|p2a: You are my son|52\/100|[from] Stealth Rock\n|move|p1a: Kingambit|Kowtow Cleave|p2a: You are my son\n|-damage|p2a: You are my son|0 fnt\n|-damage|p1a: Kingambit|48\/100|[from] item: Rocky Helmet|[of] p2a: You are my son\n|faint|p2a: You are my son\n|\n|upkeep\n|-message|knexhawk2 forfeited.\n|\n|win|thedebatablereaper\n|raw|thedebatablereaper's rating: 1767 &rarr; <strong>1786<\/strong><br \/>(+19 for winning)\n|raw|knexhawk2's rating: 1756 &rarr; <strong>1737<\/strong><br \/>(-19 for losing)\n|l|\u2606knexhawk2\n|c|\u2606thedebatablereaper|gg\n|l| Modachi\n|l|\u2606thedebatablereaper\n|l| Titantula\n","uploadtime":1700755763,"views":0,"p1id":"thedebatablereaper","p2id":"knexhawk2","formatid":"gen9ou","rating":1737,"private":0,"password":""}