{"id":"gen9ou-2000386780","p1":"alkazoth","p2":"SlimyTime","format":"[Gen 9] OU","log":"|j|\u2606alkazoth\n|j|\u2606SlimyTime\n|t:|1701190491\n|gametype|singles\n|player|p1|alkazoth|ballguy|1487\n|player|p2|SlimyTime|266|1485\n|teamsize|p1|6\n|teamsize|p2|6\n|gen|9\n|tier|[Gen 9] OU\n|rated|\n|rule|Sleep Clause Mod: Limit one foe put to sleep\n|rule|Species Clause: Limit one of each Pok\u00e9mon\n|rule|OHKO Clause: OHKO moves are banned\n|rule|Evasion Items Clause: Evasion items are banned\n|rule|Evasion Moves Clause: Evasion moves are banned\n|rule|Endless Battle Clause: Forcing endless battles is banned\n|rule|HP Percentage Mod: HP is shown in percentages\n|clearpoke\n|poke|p1|Great Tusk|\n|poke|p1|Bellibolt, M|\n|poke|p1|Milotic, F|\n|poke|p1|Heatran, F|\n|poke|p1|Sinistcha-Masterpiece|\n|poke|p1|Dragapult, F|\n|poke|p2|Hawlucha, F|\n|poke|p2|Indeedee, M|\n|poke|p2|Glimmora, F|\n|poke|p2|Armarouge, M|\n|poke|p2|Zamazenta-*|\n|poke|p2|Polteageist-Antique|\n|teampreview\n|inactive|Battle timer is ON: inactive players will automatically lose when time's up. (requested by SlimyTime)\n|\n|t:|1701190571\n|start\n|switch|p1a: Milotic|Milotic, F|100\/100\n|switch|p2a: Glimmora|Glimmora, F|100\/100\n|turn|1\n|\n|t:|1701190576\n|move|p2a: Glimmora|Stealth Rock|p1a: Milotic\n|-sidestart|p1: alkazoth|move: Stealth Rock\n|move|p1a: Milotic|Scald|p2a: Glimmora\n|-supereffective|p2a: Glimmora\n|-damage|p2a: Glimmora|24\/100\n|\n|upkeep\n|turn|2\n|\n|t:|1701190581\n|move|p2a: Glimmora|Energy Ball|p1a: Milotic\n|-supereffective|p1a: Milotic\n|-damage|p1a: Milotic|65\/100\n|move|p1a: Milotic|Scald|p2a: Glimmora\n|-supereffective|p2a: Glimmora\n|-damage|p2a: Glimmora|0 fnt\n|faint|p2a: Glimmora\n|\n|upkeep\n|\n|t:|1701190587\n|switch|p2a: Polteageist|Polteageist-Antique|100\/100\n|turn|3\n|\n|t:|1701190595\n|move|p1a: Milotic|Haze|p1a: Milotic\n|-clearallboost\n|move|p2a: Polteageist|Shell Smash|p2a: Polteageist\n|-unboost|p2a: Polteageist|def|1\n|-unboost|p2a: Polteageist|spd|1\n|-boost|p2a: Polteageist|atk|2\n|-boost|p2a: Polteageist|spa|2\n|-boost|p2a: Polteageist|spe|2\n|-enditem|p2a: Polteageist|White Herb\n|-clearnegativeboost|p2a: Polteageist|[silent]\n|\n|upkeep\n|turn|4\n|\n|t:|1701190596\n|move|p2a: Polteageist|Shell Smash|p2a: Polteageist\n|-unboost|p2a: Polteageist|def|1\n|-unboost|p2a: Polteageist|spd|1\n|-boost|p2a: Polteageist|atk|2\n|-boost|p2a: Polteageist|spa|2\n|-boost|p2a: Polteageist|spe|2\n|move|p1a: Milotic|Haze|p1a: Milotic\n|-clearallboost\n|\n|upkeep\n|turn|5\n|\n|t:|1701190599\n|move|p1a: Milotic|Recover|p1a: Milotic\n|-heal|p1a: Milotic|100\/100\n|move|p2a: Polteageist|Shell Smash|p2a: Polteageist\n|-unboost|p2a: Polteageist|def|1\n|-unboost|p2a: Polteageist|spd|1\n|-boost|p2a: Polteageist|atk|2\n|-boost|p2a: Polteageist|spa|2\n|-boost|p2a: Polteageist|spe|2\n|\n|upkeep\n|turn|6\n|\n|t:|1701190602\n|move|p2a: Polteageist|Giga Drain|p1a: Milotic\n|-supereffective|p1a: Milotic\n|-damage|p1a: Milotic|52\/100\n|move|p1a: Milotic|Haze|p1a: Milotic\n|-clearallboost\n|\n|upkeep\n|turn|7\n|\n|t:|1701190604\n|move|p1a: Milotic|Recover|p1a: Milotic\n|-heal|p1a: Milotic|100\/100\n|move|p2a: Polteageist|Shadow Ball|p1a: Milotic\n|-damage|p1a: Milotic|81\/100\n|\n|upkeep\n|turn|8\n|\n|t:|1701190624\n|switch|p2a: Indeedee|Indeedee, M|100\/100\n|-fieldstart|move: Psychic Terrain|[from] ability: Psychic Surge|[of] p2a: Indeedee\n|move|p1a: Milotic|Scald|p2a: Indeedee\n|-damage|p2a: Indeedee|64\/100\n|\n|upkeep\n|turn|9\n|\n|t:|1701190633\n|switch|p2a: Armarouge|Armarouge, M|100\/100\n|switch|p1a: Heatran|Heatran, F|100\/100\n|-damage|p1a: Heatran|88\/100|[from] Stealth Rock\n|\n|-heal|p1a: Heatran|94\/100|[from] item: Leftovers\n|upkeep\n|turn|10\n|\n|t:|1701190637\n|switch|p2a: Zamazenta|Zamazenta|100\/100\n|-ability|p2a: Zamazenta|Dauntless Shield|boost\n|-boost|p2a: Zamazenta|def|1\n|move|p1a: Heatran|Earth Power|p2a: Zamazenta\n|-damage|p2a: Zamazenta|78\/100\n|\n|-heal|p1a: Heatran|100\/100|[from] item: Leftovers\n|upkeep\n|turn|11\n|\n|t:|1701190641\n|switch|p1a: Sinistcha|Sinistcha-Masterpiece|100\/100\n|-damage|p1a: Sinistcha|88\/100|[from] Stealth Rock\n|move|p2a: Zamazenta|Crunch|p1a: Sinistcha\n|-supereffective|p1a: Sinistcha\n|-damage|p1a: Sinistcha|33\/100\n|\n|-heal|p1a: Sinistcha|39\/100|[from] item: Leftovers\n|upkeep\n|turn|12\n|\n|t:|1701190658\n|switch|p1a: Great Tusk|Great Tusk|100\/100\n|move|p2a: Zamazenta|Crunch|p1a: Great Tusk\n|-resisted|p1a: Great Tusk\n|-damage|p1a: Great Tusk|86\/100\n|\n|upkeep\n|turn|13\n|\n|t:|1701190671\n|switch|p2a: Hawlucha|Hawlucha, F|100\/100\n|-enditem|p2a: Hawlucha|Psychic Seed\n|-boost|p2a: Hawlucha|spd|1|[from] item: Psychic Seed\n|move|p1a: Great Tusk|Earthquake|p2a: Hawlucha\n|-immune|p2a: Hawlucha\n|\n|upkeep\n|turn|14\n|\n|t:|1701190678\n|-end|p1a: Great Tusk|Protosynthesis|[silent]\n|switch|p1a: Bellibolt|Bellibolt, M|100\/100\n|move|p2a: Hawlucha|Bulk Up|p2a: Hawlucha\n|-boost|p2a: Hawlucha|atk|1\n|-boost|p2a: Hawlucha|def|1\n|\n|upkeep\n|turn|15\n|\n|t:|1701190681\n|move|p2a: Hawlucha|Bulk Up|p2a: Hawlucha\n|-boost|p2a: Hawlucha|atk|1\n|-boost|p2a: Hawlucha|def|1\n|move|p1a: Bellibolt|Parabolic Charge|p2a: Hawlucha\n|-supereffective|p2a: Hawlucha\n|-damage|p2a: Hawlucha|63\/100\n|\n|-fieldend|move: Psychic Terrain\n|upkeep\n|turn|16\n|\n|t:|1701190693\n|move|p2a: Hawlucha|Bulk Up|p2a: Hawlucha\n|-boost|p2a: Hawlucha|atk|1\n|-boost|p2a: Hawlucha|def|1\n|move|p1a: Bellibolt|Parabolic Charge|p2a: Hawlucha\n|-supereffective|p2a: Hawlucha\n|-damage|p2a: Hawlucha|26\/100\n|\n|upkeep\n|turn|17\n|\n|t:|1701190696\n|move|p2a: Hawlucha|Roost|p2a: Hawlucha\n|-heal|p2a: Hawlucha|77\/100\n|-singleturn|p2a: Hawlucha|move: Roost\n|move|p1a: Bellibolt|Parabolic Charge|p2a: Hawlucha\n|-damage|p2a: Hawlucha|58\/100\n|\n|upkeep\n|turn|18\n|\n|t:|1701190699\n|move|p2a: Hawlucha|Bulk Up|p2a: Hawlucha\n|-boost|p2a: Hawlucha|atk|1\n|-boost|p2a: Hawlucha|def|1\n|move|p1a: Bellibolt|Toxic|p2a: Hawlucha\n|-status|p2a: Hawlucha|tox\n|\n|-damage|p2a: Hawlucha|52\/100 tox|[from] psn\n|upkeep\n|turn|19\n|\n|t:|1701190702\n|move|p2a: Hawlucha|Drain Punch|p1a: Bellibolt\n|-damage|p1a: Bellibolt|39\/100\n|-heal|p2a: Hawlucha|96\/100 tox|[from] drain|[of] p1a: Bellibolt\n|-start|p1a: Bellibolt|Charge|Drain Punch|[from] ability: Electromorphosis\n|move|p1a: Bellibolt|Parabolic Charge|p2a: Hawlucha\n|-supereffective|p2a: Hawlucha\n|-damage|p2a: Hawlucha|19\/100 tox\n|-heal|p1a: Bellibolt|66\/100|[from] drain|[of] p2a: Hawlucha\n|-end|p1a: Bellibolt|Charge|[silent]\n|\n|-damage|p2a: Hawlucha|7\/100 tox|[from] psn\n|upkeep\n|turn|20\n|\n|t:|1701190711\n|move|p2a: Hawlucha|Acrobatics|p1a: Bellibolt\n|-resisted|p1a: Bellibolt\n|-damage|p1a: Bellibolt|23\/100\n|-start|p1a: Bellibolt|Charge|Acrobatics|[from] ability: Electromorphosis\n|move|p1a: Bellibolt|Slack Off|p1a: Bellibolt\n|-heal|p1a: Bellibolt|73\/100\n|\n|-damage|p2a: Hawlucha|0 fnt|[from] psn\n|faint|p2a: Hawlucha\n|upkeep\n|\n|t:|1701190718\n|switch|p2a: Indeedee|Indeedee, M|64\/100\n|-fieldstart|move: Psychic Terrain|[from] ability: Psychic Surge|[of] p2a: Indeedee\n|turn|21\n|\n|t:|1701190721\n|switch|p1a: Heatran|Heatran, F|100\/100\n|-damage|p1a: Heatran|88\/100|[from] Stealth Rock\n|move|p2a: Indeedee|Psychic|p1a: Heatran\n|-resisted|p1a: Heatran\n|-damage|p1a: Heatran|72\/100\n|\n|-heal|p1a: Heatran|78\/100|[from] item: Leftovers\n|upkeep\n|turn|22\n|\n|t:|1701190725\n|switch|p2a: Zamazenta|Zamazenta|78\/100\n|move|p1a: Heatran|Stealth Rock|p2a: Zamazenta\n|-sidestart|p2: SlimyTime|move: Stealth Rock\n|\n|-heal|p1a: Heatran|84\/100|[from] item: Leftovers\n|upkeep\n|turn|23\n|\n|t:|1701190738\n|switch|p1a: Great Tusk|Great Tusk|86\/100\n|move|p2a: Zamazenta|Close Combat|p1a: Great Tusk\n|-damage|p1a: Great Tusk|27\/100\n|-unboost|p2a: Zamazenta|def|1\n|-unboost|p2a: Zamazenta|spd|1\n|\n|upkeep\n|turn|24\n|\n|t:|1701190750\n|switch|p2a: Indeedee|Indeedee, M|64\/100\n|-damage|p2a: Indeedee|52\/100|[from] Stealth Rock\n|move|p1a: Great Tusk|Earthquake|p2a: Indeedee\n|-damage|p2a: Indeedee|0 fnt\n|faint|p2a: Indeedee\n|\n|upkeep\n|\n|t:|1701190760\n|switch|p2a: Polteageist|Polteageist-Antique|100\/100\n|-damage|p2a: Polteageist|88\/100|[from] Stealth Rock\n|turn|25\n|\n|t:|1701190768\n|move|p1a: Great Tusk|Earthquake|p2a: Polteageist\n|-damage|p2a: Polteageist|40\/100\n|-start|p1a: Great Tusk|Disable|Earthquake|[from] ability: Cursed Body|[of] p2a: Polteageist\n|move|p2a: Polteageist|Shell Smash|p2a: Polteageist\n|-unboost|p2a: Polteageist|def|1\n|-unboost|p2a: Polteageist|spd|1\n|-boost|p2a: Polteageist|atk|2\n|-boost|p2a: Polteageist|spa|2\n|-boost|p2a: Polteageist|spe|2\n|\n|upkeep\n|turn|26\n|\n|t:|1701190775\n|move|p2a: Polteageist|Strength Sap|p1a: Great Tusk\n|-unboost|p1a: Great Tusk|atk|1\n|-heal|p2a: Polteageist|100\/100\n|move|p1a: Great Tusk|Knock Off|p2a: Polteageist\n|-supereffective|p2a: Polteageist\n|-damage|p2a: Polteageist|58\/100\n|\n|upkeep\n|turn|27\n|\n|t:|1701190786\n|-end|p1a: Great Tusk|Protosynthesis|[silent]\n|switch|p1a: Sinistcha|Sinistcha-Masterpiece|39\/100\n|-damage|p1a: Sinistcha|26\/100|[from] Stealth Rock\n|move|p2a: Polteageist|Strength Sap|p1a: Sinistcha\n|-unboost|p1a: Sinistcha|atk|1\n|-heal|p2a: Polteageist|92\/100\n|\n|-heal|p1a: Sinistcha|32\/100|[from] item: Leftovers\n|upkeep\n|turn|28\n|\n|t:|1701190793\n|move|p2a: Polteageist|Shadow Ball|p1a: Sinistcha\n|-supereffective|p1a: Sinistcha\n|-damage|p1a: Sinistcha|0 fnt\n|faint|p1a: Sinistcha\n|\n|-fieldend|move: Psychic Terrain\n|upkeep\n|\n|t:|1701190795\n|switch|p1a: Milotic|Milotic, F|81\/100\n|turn|29\n|\n|t:|1701190802\n|-terastallize|p2a: Polteageist|Grass\n|move|p2a: Polteageist|Giga Drain|p1a: Milotic\n|-supereffective|p1a: Milotic\n|-damage|p1a: Milotic|7\/100\n|-heal|p2a: Polteageist|100\/100|[from] drain|[of] p1a: Milotic\n|move|p1a: Milotic|Mirror Coat|p2a: Polteageist\n|-damage|p2a: Polteageist|0 fnt\n|-start|p1a: Milotic|Disable|Mirror Coat|[from] ability: Cursed Body|[of] p2a: Polteageist\n|faint|p2a: Polteageist\n|\n|upkeep\n|\n|t:|1701190809\n|switch|p2a: Zamazenta|Zamazenta|78\/100\n|-damage|p2a: Zamazenta|72\/100|[from] Stealth Rock\n|turn|30\n|\n|t:|1701190818\n|move|p2a: Zamazenta|Crunch|p1a: Milotic\n|-damage|p1a: Milotic|0 fnt\n|faint|p1a: Milotic\n|\n|upkeep\n|\n|t:|1701190823\n|switch|p1a: Great Tusk|Great Tusk|27\/100\n|turn|31\n|\n|t:|1701190824\n|move|p2a: Zamazenta|Crunch|p1a: Great Tusk\n|-resisted|p1a: Great Tusk\n|-damage|p1a: Great Tusk|13\/100\n|move|p1a: Great Tusk|Rapid Spin|p2a: Zamazenta\n|-damage|p2a: Zamazenta|55\/100\n|-boost|p1a: Great Tusk|spe|1\n|-sideend|p1: alkazoth|Stealth Rock|[from] move: Rapid Spin|[of] p1a: Great Tusk\n|\n|upkeep\n|turn|32\n|\n|t:|1701190830\n|move|p1a: Great Tusk|Earthquake|p2a: Zamazenta\n|-damage|p2a: Zamazenta|7\/100\n|move|p2a: Zamazenta|Crunch|p1a: Great Tusk\n|-resisted|p1a: Great Tusk\n|-damage|p1a: Great Tusk|0 fnt\n|faint|p1a: Great Tusk\n|-end|p1a: Great Tusk|Protosynthesis|[silent]\n|\n|upkeep\n|\n|t:|1701190838\n|switch|p1a: Bellibolt|Bellibolt, M|73\/100\n|turn|33\n|\n|t:|1701190845\n|move|p2a: Zamazenta|Crunch|p1a: Bellibolt\n|-damage|p1a: Bellibolt|50\/100\n|-start|p1a: Bellibolt|Charge|Crunch|[from] ability: Electromorphosis\n|move|p1a: Bellibolt|Parabolic Charge|p2a: Zamazenta\n|-damage|p2a: Zamazenta|0 fnt\n|-heal|p1a: Bellibolt|52\/100|[from] drain|[of] p2a: Zamazenta\n|faint|p2a: Zamazenta\n|-end|p1a: Bellibolt|Charge|[silent]\n|\n|upkeep\n|\n|t:|1701190849\n|switch|p2a: Armarouge|Armarouge, M|100\/100\n|-damage|p2a: Armarouge|76\/100|[from] Stealth Rock\n|turn|34\n|\n|t:|1701190855\n|move|p2a: Armarouge|Armor Cannon|p1a: Bellibolt\n|-damage|p1a: Bellibolt|0 fnt\n|-unboost|p2a: Armarouge|def|1\n|-unboost|p2a: Armarouge|spd|1\n|faint|p1a: Bellibolt\n|\n|upkeep\n|\n|t:|1701190857\n|switch|p1a: Heatran|Heatran, F|84\/100\n|turn|35\n|\n|t:|1701190859\n|move|p2a: Armarouge|Expanding Force|p1a: Heatran\n|-resisted|p1a: Heatran\n|-damage|p1a: Heatran|71\/100\n|move|p1a: Heatran|Earth Power|p2a: Armarouge\n|-supereffective|p2a: Armarouge\n|-damage|p2a: Armarouge|0 fnt\n|faint|p2a: Armarouge\n|\n|win|alkazoth\n|raw|alkazoth's rating: 1487 &rarr; <strong>1507<\/strong><br \/>(+20 for winning)\n|raw|SlimyTime's rating: 1485 &rarr; <strong>1465<\/strong><br \/>(-20 for losing)\n|l|\u2606SlimyTime\n","uploadtime":1701190868,"views":2,"p1id":"alkazoth","p2id":"slimytime","formatid":"gen9ou","rating":1465,"private":0,"password":""}