{"id":"gen9ou-1996395935","p1":"FantaShadowRYT","p2":"Big$mokii","format":"[Gen 9] OU","log":"|j|\u2606FantaShadowRYT\n|j|\u2606Big$mokii\n|t:|1700678012\n|gametype|singles\n|player|p1|FantaShadowRYT|wallace|1194\n|player|p2|Big$mokii|veteran|1119\n|teamsize|p1|6\n|teamsize|p2|6\n|gen|9\n|tier|[Gen 9] OU\n|rated|\n|rule|Sleep Clause Mod: Limit one foe put to sleep\n|rule|Species Clause: Limit one of each Pok\u00e9mon\n|rule|OHKO Clause: OHKO moves are banned\n|rule|Evasion Items Clause: Evasion items are banned\n|rule|Evasion Moves Clause: Evasion moves are banned\n|rule|Endless Battle Clause: Forcing endless battles is banned\n|rule|HP Percentage Mod: HP is shown in percentages\n|clearpoke\n|poke|p1|Cyclizar, F|\n|poke|p1|Alomomola, F|\n|poke|p1|Tornadus-Therian, M|\n|poke|p1|Amoonguss, F|\n|poke|p1|Mienshao, F|\n|poke|p1|Slowking-Galar, F|\n|poke|p2|Gholdengo|\n|poke|p2|Hatterene, F|\n|poke|p2|Iron Hands|\n|poke|p2|Cinderace, F|\n|poke|p2|Salamence, M|\n|poke|p2|Amoonguss, F|\n|teampreview\n|inactive|Battle timer is ON: inactive players will automatically lose when time's up. (requested by FantaShadowRYT)\n|\n|t:|1700678038\n|start\n|switch|p1a: Mienshao|Mienshao, F|100\/100\n|switch|p2a: Cap|Hatterene, F|100\/100\n|turn|1\n|\n|t:|1700678045\n|move|p1a: Mienshao|U-turn|p2a: Cap\n|-damage|p2a: Cap|72\/100\n|-damage|p1a: Mienshao|91\/100|[from] item: Life Orb\n|\n|t:|1700678049\n|switch|p1a: Slowking|Slowking-Galar, F|100\/100|[from] U-turn\n|move|p2a: Cap|Calm Mind|p2a: Cap\n|-boost|p2a: Cap|spa|1\n|-boost|p2a: Cap|spd|1\n|\n|-heal|p2a: Cap|78\/100|[from] item: Leftovers\n|upkeep\n|turn|2\n|\n|t:|1700678057\n|move|p2a: Cap|Thunder Wave|p1a: Slowking\n|-status|p1a: Slowking|par\n|move|p1a: Slowking|Future Sight|p2a: Cap\n|-start|p1a: Slowking|move: Future Sight\n|\n|-heal|p2a: Cap|84\/100|[from] item: Leftovers\n|upkeep\n|turn|3\n|\n|t:|1700678064\n|move|p2a: Cap|Mystical Fire|p1a: Slowking\n|-damage|p1a: Slowking|73\/100 par\n|-unboost|p1a: Slowking|spa|1\n|move|p1a: Slowking|Sludge Bomb|p2a: Cap\n|-supereffective|p2a: Cap\n|-damage|p2a: Cap|54\/100\n|\n|-heal|p2a: Cap|60\/100|[from] item: Leftovers\n|upkeep\n|turn|4\n|\n|t:|1700678074\n|move|p2a: Cap|Mystical Fire|p1a: Slowking\n|-damage|p1a: Slowking|46\/100 par\n|-unboost|p1a: Slowking|spa|1\n|move|p1a: Slowking|Chilly Reception|p1a: Slowking\n|-weather|Snow\n|\n|t:|1700678078\n|switch|p1a: Mienshao|Mienshao, F|100\/100|[from] Chilly Reception\n|\n|-weather|Snow|[upkeep]\n|-end|p2a: Cap|move: Future Sight\n|-resisted|p2a: Cap\n|-damage|p2a: Cap|44\/100\n|-heal|p2a: Cap|50\/100|[from] item: Leftovers\n|upkeep\n|turn|5\n|\n|t:|1700678087\n|move|p1a: Mienshao|U-turn|p2a: Cap\n|-damage|p2a: Cap|24\/100\n|-damage|p1a: Mienshao|91\/100|[from] item: Life Orb\n|\n|t:|1700678089\n|switch|p1a: Slowking|Slowking-Galar, F|79\/100 par|[from] U-turn\n|move|p2a: Cap|Dazzling Gleam|p1a: Slowking\n|-resisted|p1a: Slowking\n|-damage|p1a: Slowking|59\/100 par\n|\n|-weather|Snow|[upkeep]\n|-heal|p2a: Cap|30\/100|[from] item: Leftovers\n|upkeep\n|turn|6\n|\n|t:|1700678099\n|move|p2a: Cap|Calm Mind|p2a: Cap\n|-boost|p2a: Cap|spa|1\n|-boost|p2a: Cap|spd|1\n|move|p1a: Slowking|Sludge Bomb|p2a: Cap\n|-supereffective|p2a: Cap\n|-damage|p2a: Cap|0 fnt\n|faint|p2a: Cap\n|\n|-weather|Snow|[upkeep]\n|upkeep\n|\n|t:|1700678112\n|switch|p2a: cheesestick|Gholdengo|100\/100\n|turn|7\n|\n|t:|1700678123\n|switch|p1a: Cyclizar|Cyclizar, F|100\/100\n|move|p2a: cheesestick|Nasty Plot|p2a: cheesestick\n|-boost|p2a: cheesestick|spa|2\n|\n|-weather|Snow|[upkeep]\n|upkeep\n|turn|8\n|\n|t:|1700678132\n|move|p1a: Cyclizar|Dragon Claw|p2a: cheesestick\n|-resisted|p2a: cheesestick\n|-damage|p2a: cheesestick|83\/100\n|move|p2a: cheesestick|Make It Rain|p1a: Cyclizar\n|-damage|p1a: Cyclizar|0 fnt\n|-unboost|p2a: cheesestick|spa|1\n|faint|p1a: Cyclizar\n|\n|-weather|none\n|upkeep\n|\n|t:|1700678135\n|switch|p1a: Mienshao|Mienshao, F|100\/100\n|turn|9\n|\n|t:|1700678148\n|move|p1a: Mienshao|Knock Off|p2a: cheesestick\n|-supereffective|p2a: cheesestick\n|-damage|p2a: cheesestick|0 fnt\n|-enditem|p2a: cheesestick|Covert Cloak|[from] move: Knock Off|[of] p1a: Mienshao\n|faint|p2a: cheesestick\n|-damage|p1a: Mienshao|91\/100|[from] item: Life Orb\n|\n|upkeep\n|\n|t:|1700678155\n|switch|p2a: TheBigShow|Iron Hands|100\/100\n|-enditem|p2a: TheBigShow|Booster Energy\n|-activate|p2a: TheBigShow|ability: Quark Drive|[fromitem]\n|-start|p2a: TheBigShow|quarkdriveatk\n|turn|10\n|\n|t:|1700678162\n|move|p2a: TheBigShow|Fake Out|p1a: Mienshao\n|-damage|p1a: Mienshao|59\/100\n|cant|p1a: Mienshao|flinch\n|\n|upkeep\n|turn|11\n|\n|t:|1700678168\n|move|p1a: Mienshao|U-turn|p2a: TheBigShow\n|-resisted|p2a: TheBigShow\n|-damage|p2a: TheBigShow|93\/100\n|-damage|p1a: Mienshao|49\/100|[from] item: Life Orb\n|\n|t:|1700678177\n|switch|p1a: Slowking|Slowking-Galar, F|92\/100 par|[from] U-turn\n|move|p2a: TheBigShow|Thunder Punch|p1a: Slowking\n|-damage|p1a: Slowking|60\/100 par\n|\n|upkeep\n|turn|12\n|\n|t:|1700678185\n|move|p2a: TheBigShow|Iron Head|p1a: Slowking\n|-damage|p1a: Slowking|34\/100 par\n|cant|p1a: Slowking|flinch\n|\n|upkeep\n|turn|13\n|\n|t:|1700678192\n|move|p2a: TheBigShow|Thunder Punch|p1a: Slowking\n|-damage|p1a: Slowking|1\/100 par\n|move|p1a: Slowking|Future Sight|p2a: TheBigShow\n|-start|p1a: Slowking|move: Future Sight\n|\n|upkeep\n|turn|14\n|\n|t:|1700678200\n|switch|p1a: Amoonguss|Amoonguss, F, shiny|100\/100\n|move|p2a: TheBigShow|Thunder Punch|p1a: Amoonguss\n|-resisted|p1a: Amoonguss\n|-damage|p1a: Amoonguss|75\/100\n|-damage|p2a: TheBigShow|76\/100|[from] item: Rocky Helmet|[of] p1a: Amoonguss\n|\n|upkeep\n|turn|15\n|\n|t:|1700678218\n|-end|p2a: TheBigShow|Quark Drive|[silent]\n|switch|p2a: Cinderace|Cinderace, F|100\/100\n|move|p1a: Amoonguss|Sludge Bomb|p2a: Cinderace\n|-damage|p2a: Cinderace|48\/100\n|-status|p2a: Cinderace|psn\n|\n|-end|p2a: Cinderace|move: Future Sight\n|-damage|p2a: Cinderace|0 fnt\n|faint|p2a: Cinderace\n|upkeep\n|\n|t:|1700678232\n|switch|p2a: Salamence|Salamence, M|100\/100\n|-ability|p2a: Salamence|Intimidate|boost\n|-unboost|p1a: Amoonguss|atk|1\n|turn|16\n|\n|t:|1700678237\n|move|p2a: Salamence|Fire Blast|p1a: Amoonguss\n|-supereffective|p1a: Amoonguss\n|-damage|p1a: Amoonguss|26\/100\n|move|p1a: Amoonguss|Spore|p2a: Salamence\n|-status|p2a: Salamence|slp|[from] move: Spore\n|\n|upkeep\n|turn|17\n|\n|t:|1700678247\n|switch|p2a: TheBigShow|Iron Hands|76\/100\n|switch|p1a: Mienshao|Mienshao, F|82\/100\n|\n|upkeep\n|turn|18\n|\n|t:|1700678253\n|move|p2a: TheBigShow|Fake Out|p1a: Mienshao\n|-damage|p1a: Mienshao|57\/100\n|cant|p1a: Mienshao|flinch\n|\n|upkeep\n|turn|19\n|\n|t:|1700678259\n|move|p1a: Mienshao|U-turn|p2a: TheBigShow\n|-resisted|p2a: TheBigShow\n|-damage|p2a: TheBigShow|68\/100\n|-damage|p1a: Mienshao|47\/100|[from] item: Life Orb\n|\n|t:|1700678261\n|switch|p1a: Amoonguss|Amoonguss, F, shiny|59\/100|[from] U-turn\n|move|p2a: TheBigShow|Thunder Punch|p1a: Amoonguss\n|-resisted|p1a: Amoonguss\n|-damage|p1a: Amoonguss|41\/100\n|-damage|p2a: TheBigShow|52\/100|[from] item: Rocky Helmet|[of] p1a: Amoonguss\n|\n|upkeep\n|turn|20\n|\n|t:|1700678271\n|move|p2a: TheBigShow|Iron Head|p1a: Amoonguss\n|-damage|p1a: Amoonguss|15\/100\n|-damage|p2a: TheBigShow|35\/100|[from] item: Rocky Helmet|[of] p1a: Amoonguss\n|cant|p1a: Amoonguss|flinch\n|\n|upkeep\n|turn|21\n|\n|t:|1700678278\n|switch|p1a: Alomomola|Alomomola, F|100\/100\n|move|p2a: TheBigShow|Drain Punch|p1a: Alomomola\n|-damage|p1a: Alomomola|82\/100\n|-heal|p2a: TheBigShow|45\/100|[from] drain|[of] p1a: Alomomola\n|\n|upkeep\n|turn|22\n|\n|t:|1700678286\n|move|p2a: TheBigShow|Thunder Punch|p1a: Alomomola\n|-supereffective|p1a: Alomomola\n|-damage|p1a: Alomomola|39\/100\n|move|p1a: Alomomola|Wish|p1a: Alomomola\n|\n|upkeep\n|turn|23\n|\n|t:|1700678292\n|switch|p1a: Amoonguss|Amoonguss, F, shiny|48\/100\n|move|p2a: TheBigShow|Thunder Punch|p1a: Amoonguss\n|-resisted|p1a: Amoonguss\n|-damage|p1a: Amoonguss|30\/100\n|-damage|p2a: TheBigShow|28\/100|[from] item: Rocky Helmet|[of] p1a: Amoonguss\n|\n|-heal|p1a: Amoonguss|92\/100|[from] move: Wish|[wisher] Alomomola\n|upkeep\n|turn|24\n|\n|t:|1700678302\n|-end|p2a: TheBigShow|Quark Drive|[silent]\n|switch|p2a: Salamence|Salamence, M|100\/100 slp\n|-ability|p2a: Salamence|Intimidate|boost\n|-unboost|p1a: Amoonguss|atk|1\n|move|p1a: Amoonguss|Sludge Bomb|p2a: Salamence\n|-damage|p2a: Salamence|63\/100 slp\n|\n|-heal|p2a: Salamence|69\/100 slp|[from] item: Leftovers\n|upkeep\n|turn|25\n|\n|t:|1700678312\n|switch|p1a: Tornadus|Tornadus-Therian, M, shiny|100\/100\n|cant|p2a: Salamence|slp\n|\n|-heal|p2a: Salamence|75\/100 slp|[from] item: Leftovers\n|upkeep\n|turn|26\n|\n|t:|1700678320\n|move|p1a: Tornadus|Nasty Plot|p1a: Tornadus\n|-boost|p1a: Tornadus|spa|2\n|-curestatus|p2a: Salamence|slp|[msg]\n|move|p2a: Salamence|Roost|p2a: Salamence\n|-heal|p2a: Salamence|100\/100\n|-singleturn|p2a: Salamence|move: Roost\n|\n|upkeep\n|turn|27\n|\n|t:|1700678332\n|move|p1a: Tornadus|Bleakwind Storm|p2a: Salamence\n|-damage|p2a: Salamence|0 fnt\n|faint|p2a: Salamence\n|\n|upkeep\n|c|\u2606FantaShadowRYT|gg\n|-message|Big$mokii forfeited.\n|\n|win|FantaShadowRYT\n|raw|FantaShadowRYT's rating: 1194 &rarr; <strong>1214<\/strong><br \/>(+20 for winning)\n|raw|Big$mokii's rating: 1119 &rarr; <strong>1099<\/strong><br \/>(-20 for losing)\n|l|\u2606Big$mokii\n","uploadtime":1700678342,"views":2,"p1id":"fantashadowryt","p2id":"bigmokii","formatid":"gen9ou","rating":1099,"private":0,"password":""}