{"id":"gen9ou-1992735774","p1":"qking88","p2":"fartinhalerr27","format":"[Gen 9] OU","log":"|j|\u2606qking88\n|j|\u2606fartinhalerr27\n|t:|1700230559\n|gametype|singles\n|player|p1|qking88|swimmer|1068\n|player|p2|fartinhalerr27|erika|1051\n|teamsize|p1|6\n|teamsize|p2|6\n|gen|9\n|tier|[Gen 9] OU\n|rated|\n|rule|Sleep Clause Mod: Limit one foe put to sleep\n|rule|Species Clause: Limit one of each Pok\u00e9mon\n|rule|OHKO Clause: OHKO moves are banned\n|rule|Evasion Items Clause: Evasion items are banned\n|rule|Evasion Moves Clause: Evasion moves are banned\n|rule|Endless Battle Clause: Forcing endless battles is banned\n|rule|HP Percentage Mod: HP is shown in percentages\n|clearpoke\n|poke|p1|Skeledirge, M|\n|poke|p1|Torterra, M|\n|poke|p1|Dudunsparce-*, M|\n|poke|p1|Garganacl, F|\n|poke|p1|Quagsire, F|\n|poke|p1|Delphox, M|\n|poke|p2|Murkrow, M|\n|poke|p2|Dragonite, M|\n|poke|p2|Raichu, F|\n|poke|p2|Gardevoir, M|\n|poke|p2|Scizor, M|\n|poke|p2|Amoonguss, F|\n|teampreview\n|\n|t:|1700230574\n|start\n|switch|p1a: sandy cheeks|Quagsire, F, shiny|100\/100\n|switch|p2a: silly goose|Murkrow, M|100\/100\n|turn|1\n|c|\u2606fartinhalerr27|i love sandy cheeks\n|c|\u2606fartinhalerr27|so precious\n|c|\u2606qking88|ty lol\n|\n|t:|1700230596\n|move|p2a: silly goose|Taunt|p1a: sandy cheeks\n|-start|p1a: sandy cheeks|move: Taunt\n|cant|p1a: sandy cheeks|move: Taunt|Curse\n|\n|upkeep\n|turn|2\n|\n|t:|1700230605\n|switch|p2a: sussy|Amoonguss, F|100\/100\n|move|p1a: sandy cheeks|Ice Punch|p2a: sussy\n|-supereffective|p2a: sussy\n|-damage|p2a: sussy|51\/100\n|\n|-heal|p2a: sussy|57\/100|[from] item: Leftovers\n|upkeep\n|turn|3\n|\n|t:|1700230619\n|switch|p1a: Garganacl|Garganacl, F|100\/100\n|move|p2a: sussy|Spore|p1a: Garganacl\n|-immune|p1a: Garganacl|[from] ability: Purifying Salt\n|\n|-heal|p2a: sussy|63\/100|[from] item: Leftovers\n|upkeep\n|turn|4\n|\n|t:|1700230633\n|move|p1a: Garganacl|Fire Punch|p2a: sussy\n|-supereffective|p2a: sussy\n|-damage|p2a: sussy|11\/100\n|-status|p2a: sussy|brn\n|move|p2a: sussy|Giga Drain|p1a: Garganacl\n|-supereffective|p1a: Garganacl\n|-damage|p1a: Garganacl|60\/100\n|-heal|p2a: sussy|30\/100 brn|[from] drain|[of] p1a: Garganacl\n|\n|-heal|p2a: sussy|36\/100 brn|[from] item: Leftovers\n|-damage|p2a: sussy|30\/100 brn|[from] brn\n|upkeep\n|turn|5\n|\n|t:|1700230644\n|move|p1a: Garganacl|Fire Punch|p2a: sussy\n|-supereffective|p2a: sussy\n|-damage|p2a: sussy|0 fnt\n|faint|p2a: sussy\n|\n|upkeep\n|\n|t:|1700230658\n|switch|p2a: kashimo|Raichu, F|100\/100\n|-item|p2a: kashimo|Air Balloon\n|turn|6\n|\n|t:|1700230671\n|-terastallize|p1a: Garganacl|Ghost\n|move|p2a: kashimo|Encore|p1a: Garganacl\n|-start|p1a: Garganacl|Encore\n|move|p1a: Garganacl|Fire Punch|p2a: kashimo\n|-damage|p2a: kashimo|58\/100\n|-enditem|p2a: kashimo|Air Balloon\n|\n|upkeep\n|turn|7\n|\n|t:|1700230680\n|switch|p2a: drake|Dragonite, M|100\/100\n|move|p1a: Garganacl|Fire Punch|p2a: drake\n|-resisted|p2a: drake\n|-damage|p2a: drake|94\/100\n|\n|upkeep\n|turn|8\n|\n|t:|1700230687\n|switch|p1a: Dudunsparce|Dudunsparce, M|100\/100\n|move|p2a: drake|Dragon Dance|p2a: drake\n|-boost|p2a: drake|atk|1\n|-boost|p2a: drake|spe|1\n|\n|upkeep\n|turn|9\n|\n|t:|1700230704\n|move|p2a: drake|Dragon Dance|p2a: drake\n|-boost|p2a: drake|atk|1\n|-boost|p2a: drake|spe|1\n|move|p1a: Dudunsparce|Thunder|p2a: drake\n|-damage|p2a: drake|63\/100\n|-status|p2a: drake|par\n|-enditem|p2a: drake|Lum Berry|[eat]\n|-curestatus|p2a: drake|par|[msg]\n|\n|upkeep\n|turn|10\n|c|\u2606fartinhalerr27|just realized that is a unique team wow\n|c|\u2606qking88|yes i made it\n|\n|t:|1700230726\n|move|p2a: drake|Earthquake|p1a: Dudunsparce\n|-damage|p1a: Dudunsparce|36\/100\n|move|p1a: Dudunsparce|Thunder|p2a: drake\n|-damage|p2a: drake|28\/100\n|-status|p2a: drake|par\n|\n|upkeep\n|turn|11\n|c|\u2606fartinhalerr27|nice\n|c|\u2606fartinhalerr27|WHT\n|\n|t:|1700230738\n|move|p2a: drake|Earthquake|p1a: Dudunsparce\n|-damage|p1a: Dudunsparce|0 fnt\n|faint|p1a: Dudunsparce\n|\n|upkeep\n|\n|t:|1700230756\n|switch|p1a: Garganacl|Garganacl, F, tera:Ghost|60\/100\n|turn|12\n|\n|t:|1700230762\n|cant|p2a: drake|par\n|move|p1a: Garganacl|Avalanche|p2a: drake\n|-supereffective|p2a: drake\n|-damage|p2a: drake|0 fnt\n|faint|p2a: drake\n|\n|upkeep\n|\n|t:|1700230768\n|switch|p2a: kashimo|Raichu, F|58\/100\n|turn|13\n|c|\u2606fartinhalerr27|oh no\n|\n|t:|1700230777\n|move|p2a: kashimo|Encore|p1a: Garganacl\n|-start|p1a: Garganacl|Encore\n|move|p1a: Garganacl|Avalanche|p2a: kashimo\n|-damage|p2a: kashimo|26\/100\n|\n|upkeep\n|turn|14\n|\n|t:|1700230783\n|switch|p2a: mr. krabs|Scizor, M|100\/100\n|move|p1a: Garganacl|Avalanche|p2a: mr. krabs\n|-resisted|p2a: mr. krabs\n|-damage|p2a: mr. krabs|91\/100\n|\n|upkeep\n|turn|15\n|\n|t:|1700230791\n|switch|p1a: Delphox|Delphox, M|100\/100\n|move|p2a: mr. krabs|Swords Dance|p2a: mr. krabs\n|-boost|p2a: mr. krabs|atk|2\n|\n|upkeep\n|turn|16\n|\n|t:|1700230801\n|move|p1a: Delphox|Fire Blast|p2a: mr. krabs\n|-supereffective|p2a: mr. krabs\n|-enditem|p2a: mr. krabs|Occa Berry|[eat]\n|-enditem|p2a: mr. krabs|Occa Berry|[weaken]\n|-damage|p2a: mr. krabs|0 fnt\n|faint|p2a: mr. krabs\n|\n|upkeep\n|c|\u2606fartinhalerr27|YO WHAT\n|c|\u2606fartinhalerr27|I HAD OCCA\n|c|\u2606fartinhalerr27|oh nah\n|\n|t:|1700230820\n|switch|p2a: silly goose|Murkrow, M|100\/100\n|turn|17\n|c|\u2606qking88|she got alot  pf\n|c|\u2606fartinhalerr27|ggs\n|\n|t:|1700230836\n|move|p1a: Delphox|Fire Blast|p2a: silly goose|[miss]\n|-miss|p1a: Delphox|p2a: silly goose\n|move|p2a: silly goose|Foul Play|p1a: Delphox\n|-supereffective|p1a: Delphox\n|-damage|p1a: Delphox|50\/100\n|\n|upkeep\n|turn|18\n|c|\u2606qking88|132\n|\n|t:|1700230845\n|move|p1a: Delphox|Dazzling Gleam|p2a: silly goose\n|-supereffective|p2a: silly goose\n|-enditem|p2a: silly goose|Focus Sash\n|-damage|p2a: silly goose|1\/100\n|move|p2a: silly goose|Foul Play|p1a: Delphox\n|-supereffective|p1a: Delphox\n|-damage|p1a: Delphox|0 fnt\n|faint|p1a: Delphox\n|\n|upkeep\n|\n|t:|1700230854\n|switch|p1a: sandy cheeks|Quagsire, F, shiny|100\/100\n|turn|19\n|\n|t:|1700230861\n|switch|p2a: cabbage|Gardevoir, M|100\/100\n|move|p1a: sandy cheeks|Counter||[still]\n|-fail|p1a: sandy cheeks\n|\n|upkeep\n|turn|20\n|\n|t:|1700230873\n|switch|p1a: Garganacl|Garganacl, F, tera:Ghost|60\/100\n|move|p2a: cabbage|Trick|p1a: Garganacl\n|-activate|p2a: cabbage|move: Trick|[of] p1a: Garganacl\n|-item|p1a: Garganacl|Choice Scarf|[from] move: Trick\n|-item|p2a: cabbage|Rocky Helmet|[from] move: Trick\n|\n|upkeep\n|turn|21\n|\n|t:|1700230883\n|move|p2a: cabbage|Moonblast|p1a: Garganacl\n|-damage|p1a: Garganacl|18\/100\n|-unboost|p1a: Garganacl|spa|1\n|move|p1a: Garganacl|Salt Cure|p2a: cabbage\n|-damage|p2a: cabbage|67\/100\n|-start|p2a: cabbage|Salt Cure\n|\n|-damage|p2a: cabbage|54\/100|[from] Salt Cure\n|upkeep\n|turn|22\n|\n|t:|1700230896\n|switch|p1a: Torterra|Torterra, M, shiny|100\/100\n|move|p2a: cabbage|Moonblast|p1a: Torterra\n|-damage|p1a: Torterra|49\/100\n|-unboost|p1a: Torterra|spa|1\n|\n|-damage|p2a: cabbage|42\/100|[from] Salt Cure\n|upkeep\n|turn|23\n|\n|t:|1700230905\n|move|p2a: cabbage|Moonblast|p1a: Torterra\n|-damage|p1a: Torterra|0 fnt\n|faint|p1a: Torterra\n|\n|-damage|p2a: cabbage|30\/100|[from] Salt Cure\n|upkeep\n|\n|t:|1700230911\n|switch|p1a: sandy cheeks|Quagsire, F, shiny|100\/100\n|turn|24\n|\n|t:|1700230926\n|switch|p2a: kashimo|Raichu, F|26\/100\n|move|p1a: sandy cheeks|Earthquake|p2a: kashimo\n|-supereffective|p2a: kashimo\n|-damage|p2a: kashimo|0 fnt\n|faint|p2a: kashimo\n|\n|upkeep\n|\n|t:|1700230932\n|switch|p2a: cabbage|Gardevoir, M|30\/100\n|turn|25\n|\n|t:|1700230941\n|move|p2a: cabbage|Moonblast|p1a: sandy cheeks\n|-damage|p1a: sandy cheeks|37\/100\n|-enditem|p1a: sandy cheeks|Red Card|[of] p2a: cabbage\n|drag|p2a: silly goose|Murkrow, M|1\/100\n|move|p1a: sandy cheeks|Earthquake|p2a: silly goose\n|-immune|p2a: silly goose\n|\n|upkeep\n|turn|26\n|\n|t:|1700230955\n|move|p2a: silly goose|Foul Play|p1a: sandy cheeks\n|-damage|p1a: sandy cheeks|0 fnt\n|faint|p1a: sandy cheeks\n|\n|upkeep\n|\n|t:|1700230961\n|switch|p1a: Garganacl|Garganacl, F, tera:Ghost|18\/100\n|turn|27\n|c|\u2606fartinhalerr27|wait what\n|\n|t:|1700230966\n|move|p2a: silly goose|Foul Play|p1a: Garganacl\n|-supereffective|p1a: Garganacl\n|-damage|p1a: Garganacl|0 fnt\n|faint|p1a: Garganacl\n|\n|upkeep\n|\n|t:|1700230970\n|switch|p1a: Skeledirge|Skeledirge, M|100\/100\n|turn|28\n|c|\u2606qking88|dang\n|\n|t:|1700230979\n|move|p2a: silly goose|Foul Play|p1a: Skeledirge\n|-supereffective|p1a: Skeledirge\n|-damage|p1a: Skeledirge|38\/100\n|-damage|p2a: silly goose|0 fnt|[from] item: Rocky Helmet|[of] p1a: Skeledirge\n|faint|p2a: silly goose\n|move|p1a: Skeledirge|Flame Charge|p2: silly goose|[notarget]\n|-fail|p1a: Skeledirge\n|\n|upkeep\n|\n|t:|1700230984\n|switch|p2a: cabbage|Gardevoir, M|30\/100\n|turn|29\n|\n|t:|1700230989\n|move|p2a: cabbage|Moonblast|p1a: Skeledirge\n|-resisted|p1a: Skeledirge\n|-damage|p1a: Skeledirge|4\/100\n|-unboost|p1a: Skeledirge|spa|1\n|move|p1a: Skeledirge|Flame Charge|p2a: cabbage\n|-damage|p2a: cabbage|0 fnt\n|-boost|p1a: Skeledirge|spe|1\n|-damage|p1a: Skeledirge|0 fnt|[from] item: Rocky Helmet|[of] p2a: cabbage\n|faint|p2a: cabbage\n|faint|p1a: Skeledirge\n|\n|win|qking88\n|raw|qking88's rating: 1068 &rarr; <strong>1096<\/strong><br \/>(+28 for winning)\n|raw|fartinhalerr27's rating: 1051 &rarr; <strong>1034<\/strong><br \/>(-17 for losing)\n|c|\u2606fartinhalerr27|closee\n|c|\u2606fartinhalerr27|ggs\n|c|\u2606qking88|who won ?\n|c|\u2606fartinhalerr27|u\n|c|\u2606qking88|gg\n|l|\u2606fartinhalerr27\n|c|\u2606qking88|all pokemekon are gone that cool\n","uploadtime":1700231038,"views":11,"p1id":"qking88","p2id":"fartinhalerr27","formatid":"gen9ou","rating":1034,"private":0,"password":""}