{"id":"gen9ou-1993775262","p1":"Kibamike","p2":"Azur_le_goat","format":"[Gen 9] OU","log":"|j|\u2606Kibamike\n|j|\u2606Azur_le_goat\n|t:|1700355781\n|gametype|singles\n|player|p1|Kibamike|266|1088\n|player|p2|Azur_le_goat|benga|1145\n|teamsize|p1|6\n|teamsize|p2|6\n|gen|9\n|tier|[Gen 9] OU\n|rated|\n|rule|Sleep Clause Mod: Limit one foe put to sleep\n|rule|Species Clause: Limit one of each Pok\u00e9mon\n|rule|OHKO Clause: OHKO moves are banned\n|rule|Evasion Items Clause: Evasion items are banned\n|rule|Evasion Moves Clause: Evasion moves are banned\n|rule|Endless Battle Clause: Forcing endless battles is banned\n|rule|HP Percentage Mod: HP is shown in percentages\n|clearpoke\n|poke|p1|Torterra, M|\n|poke|p1|Ribombee, M|\n|poke|p1|Gholdengo|\n|poke|p1|Iron Moth|\n|poke|p1|Great Tusk|\n|poke|p1|Walking Wake|\n|poke|p2|Iron Moth|\n|poke|p2|Kingambit, F|\n|poke|p2|Ogerpon-Cornerstone, F|\n|poke|p2|Walking Wake|\n|poke|p2|Zoroark-Hisui, F|\n|poke|p2|Great Tusk|\n|teampreview\n|c|\u2606Azur_le_goat|have fun\n|inactive|Battle timer is ON: inactive players will automatically lose when time's up. (requested by Kibamike)\n|\n|t:|1700355796\n|start\n|switch|p1a: SpiderWoman|Ribombee, M|100\/100\n|switch|p2a: Zobal|Ogerpon-Cornerstone, F|100\/100\n|turn|1\n|\n|t:|1700355806\n|move|p1a: SpiderWoman|Sticky Web|p2a: Zobal\n|-sidestart|p2: Azur_le_goat|move: Sticky Web\n|move|p2a: Zobal|Ivy Cudgel|p1a: SpiderWoman|[anim] Ivy Cudgel Rock\n|-supereffective|p1a: SpiderWoman\n|-enditem|p1a: SpiderWoman|Focus Sash\n|-damage|p1a: SpiderWoman|1\/100\n|\n|upkeep\n|turn|2\n|\n|t:|1700355818\n|move|p1a: SpiderWoman|Stun Spore|p2a: Zobal\n|-immune|p2a: Zobal\n|move|p2a: Zobal|Spikes|p1a: SpiderWoman\n|-sidestart|p1: Kibamike|Spikes\n|\n|upkeep\n|turn|3\n|\n|t:|1700355846\n|move|p1a: SpiderWoman|Psychic|p2a: Zobal\n|-damage|p2a: Zobal|73\/100\n|move|p2a: Zobal|Ivy Cudgel|p1a: SpiderWoman|[anim] Ivy Cudgel Rock\n|-supereffective|p1a: SpiderWoman\n|-damage|p1a: SpiderWoman|0 fnt\n|faint|p1a: SpiderWoman\n|\n|upkeep\n|\n|t:|1700355866\n|switch|p1a: FreeVolc|Iron Moth|100\/100\n|-damage|p1a: FreeVolc|88\/100|[from] Spikes\n|-enditem|p1a: FreeVolc|Booster Energy\n|-activate|p1a: FreeVolc|ability: Quark Drive|[fromitem]\n|-start|p1a: FreeVolc|quarkdrivespa\n|turn|4\n|inactive|Azur_le_goat has 120 seconds left.\n|\n|t:|1700355888\n|-terastallize|p2a: Zobal|Rock\n|detailschange|p2a: Zobal|Ogerpon-Cornerstone-Tera, F, tera:Rock\n|-ability|p2a: Zobal|Embody Aspect (Cornerstone)|boost\n|-boost|p2a: Zobal|def|1\n|move|p1a: FreeVolc|Fiery Dance|p2a: Zobal\n|-resisted|p2a: Zobal\n|-damage|p2a: Zobal|41\/100\n|move|p2a: Zobal|Ivy Cudgel|p1a: FreeVolc|[anim] Ivy Cudgel Rock\n|-supereffective|p1a: FreeVolc\n|-crit|p1a: FreeVolc\n|-damage|p1a: FreeVolc|0 fnt\n|faint|p1a: FreeVolc\n|-end|p1a: FreeVolc|Quark Drive|[silent]\n|\n|upkeep\n|\n|t:|1700355896\n|switch|p1a: Tusky|Great Tusk|100\/100\n|-damage|p1a: Tusky|88\/100|[from] Spikes\n|-enditem|p1a: Tusky|Booster Energy\n|-activate|p1a: Tusky|ability: Protosynthesis|[fromitem]\n|-start|p1a: Tusky|protosynthesisatk\n|turn|5\n|\n|t:|1700355909\n|move|p2a: Zobal|Power Whip|p1a: Tusky\n|-supereffective|p1a: Tusky\n|-damage|p1a: Tusky|0 fnt\n|faint|p1a: Tusky\n|-end|p1a: Tusky|Protosynthesis|[silent]\n|\n|upkeep\n|\n|t:|1700355913\n|switch|p1a: WhenSeptEnds|Walking Wake|100\/100\n|-damage|p1a: WhenSeptEnds|88\/100|[from] Spikes\n|-enditem|p1a: WhenSeptEnds|Booster Energy\n|-activate|p1a: WhenSeptEnds|ability: Protosynthesis|[fromitem]\n|-start|p1a: WhenSeptEnds|protosynthesisspa\n|turn|6\n|\n|t:|1700355927\n|move|p2a: Zobal|Ivy Cudgel|p1a: WhenSeptEnds|[anim] Ivy Cudgel Rock\n|-damage|p1a: WhenSeptEnds|0 fnt\n|faint|p1a: WhenSeptEnds\n|-end|p1a: WhenSeptEnds|Protosynthesis|[silent]\n|\n|upkeep\n|-message|Kibamike forfeited.\n|\n|win|Azur_le_goat\n|raw|Kibamike's rating: 1088 &rarr; <strong>1069<\/strong><br \/>(-19 for losing)\n|raw|Azur_le_goat's rating: 1145 &rarr; <strong>1166<\/strong><br \/>(+21 for winning)\n|l|\u2606Kibamike\n","uploadtime":1700355937,"views":40,"p1id":"kibamike","p2id":"azurlegoat","formatid":"gen9ou","rating":1069,"private":0,"password":""}