{"id":"gen9ou-2000404983","p1":"Hibbityhoopblah","p2":"lushna","format":"[Gen 9] OU","log":"|j|\u2606Hibbityhoopblah\n|j|\u2606lushna\n|t:|1701192029\n|gametype|singles\n|player|p1|Hibbityhoopblah|2|1293\n|player|p2|lushna|harlequin|1387\n|teamsize|p1|6\n|teamsize|p2|6\n|gen|9\n|tier|[Gen 9] OU\n|rated|\n|rule|Sleep Clause Mod: Limit one foe put to sleep\n|rule|Species Clause: Limit one of each Pok\u00e9mon\n|rule|OHKO Clause: OHKO moves are banned\n|rule|Evasion Items Clause: Evasion items are banned\n|rule|Evasion Moves Clause: Evasion moves are banned\n|rule|Endless Battle Clause: Forcing endless battles is banned\n|rule|HP Percentage Mod: HP is shown in percentages\n|clearpoke\n|poke|p1|Ursaluna, F|\n|poke|p1|Ogerpon-Wellspring, F|\n|poke|p1|Ting-Lu|\n|poke|p1|Gholdengo|\n|poke|p1|Zapdos|\n|poke|p1|Great Tusk|\n|poke|p2|Slowking-Galar, F|\n|poke|p2|Kingambit, M|\n|poke|p2|Hoopa-Unbound|\n|poke|p2|Cresselia, F|\n|poke|p2|Conkeldurr, F|\n|poke|p2|Glastrier|\n|teampreview\n|inactive|Battle timer is ON: inactive players will automatically lose when time's up. (requested by Hibbityhoopblah)\n|\n|t:|1701192037\n|start\n|switch|p1a: Zapdos|Zapdos|100\/100\n|switch|p2a: Cresselia|Cresselia, F|100\/100\n|turn|1\n|\n|t:|1701192041\n|move|p1a: Zapdos|Thunder Wave|p2a: Cresselia\n|-status|p2a: Cresselia|par\n|cant|p2a: Cresselia|par\n|\n|upkeep\n|turn|2\n|\n|t:|1701192044\n|move|p1a: Zapdos|Volt Switch|p2a: Cresselia\n|-damage|p2a: Cresselia|83\/100 par\n|\n|t:|1701192050\n|switch|p1a: Ting-Lu|Ting-Lu|100\/100|[from] Volt Switch\n|-ability|p1a: Ting-Lu|Vessel of Ruin\n|move|p2a: Cresselia|Trick Room|p2a: Cresselia\n|-fieldstart|move: Trick Room|[of] p2a: Cresselia\n|\n|upkeep\n|turn|3\n|\n|t:|1701192055\n|switch|p2a: Glastrier|Glastrier|100\/100\n|move|p1a: Ting-Lu|Spikes|p2a: Glastrier\n|-sidestart|p2: lushna|Spikes\n|\n|upkeep\n|turn|4\n|\n|t:|1701192067\n|move|p2a: Glastrier|Icicle Crash|p1a: Ting-Lu\n|-supereffective|p1a: Ting-Lu\n|-damage|p1a: Ting-Lu|39\/100\n|move|p1a: Ting-Lu|Spikes|p2a: Glastrier\n|-sidestart|p2: lushna|Spikes\n|\n|-heal|p1a: Ting-Lu|46\/100|[from] item: Leftovers\n|upkeep\n|turn|5\n|\n|t:|1701192072\n|move|p2a: Glastrier|Icicle Crash|p1a: Ting-Lu\n|-supereffective|p1a: Ting-Lu\n|-crit|p1a: Ting-Lu\n|-damage|p1a: Ting-Lu|0 fnt\n|faint|p1a: Ting-Lu\n|-ability|p2a: Glastrier|Chilling Neigh|boost\n|-boost|p2a: Glastrier|atk|1\n|\n|upkeep\n|\n|t:|1701192077\n|switch|p1a: Gholdengo|Gholdengo|100\/100\n|turn|6\n|\n|t:|1701192082\n|move|p2a: Glastrier|High Horsepower|p1a: Gholdengo\n|-supereffective|p1a: Gholdengo\n|-damage|p1a: Gholdengo|0 fnt\n|faint|p1a: Gholdengo\n|-ability|p2a: Glastrier|Chilling Neigh|boost\n|-boost|p2a: Glastrier|atk|1\n|\n|-fieldend|move: Trick Room\n|upkeep\n|\n|t:|1701192091\n|switch|p1a: Ursaluna|Ursaluna, F|100\/100\n|turn|7\n|\n|t:|1701192099\n|-terastallize|p1a: Ursaluna|Ghost\n|move|p1a: Ursaluna|Fire Punch|p2a: Glastrier\n|-supereffective|p2a: Glastrier\n|-damage|p2a: Glastrier|61\/100\n|move|p2a: Glastrier|Icicle Crash|p1a: Ursaluna\n|-damage|p1a: Ursaluna|8\/100\n|\n|-status|p1a: Ursaluna|brn|[from] item: Flame Orb\n|upkeep\n|turn|8\n|\n|t:|1701192119\n|switch|p2a: Cresselia|Cresselia, F|83\/100 par\n|move|p1a: Ursaluna|Facade|p2a: Cresselia\n|-damage|p2a: Cresselia|13\/100 par\n|-damage|p1a: Ursaluna|0 fnt|[from] item: Rocky Helmet|[of] p2a: Cresselia\n|faint|p1a: Ursaluna\n|\n|upkeep\n|\n|t:|1701192131\n|switch|p1a: Ogerpon|Ogerpon-Wellspring, F|100\/100\n|turn|9\n|\n|t:|1701192139\n|switch|p2a: Conkeldurr|Conkeldurr, F|100\/100\n|-damage|p2a: Conkeldurr|84\/100|[from] Spikes\n|move|p1a: Ogerpon|Ivy Cudgel|p2a: Conkeldurr|[anim] Ivy Cudgel Water\n|-damage|p2a: Conkeldurr|28\/100\n|\n|-status|p2a: Conkeldurr|brn|[from] item: Flame Orb\n|upkeep\n|turn|10\n|\n|t:|1701192142\n|move|p2a: Conkeldurr|Mach Punch|p1a: Ogerpon\n|-damage|p1a: Ogerpon|51\/100\n|move|p1a: Ogerpon|Ivy Cudgel|p2a: Conkeldurr|[anim] Ivy Cudgel Water\n|-damage|p2a: Conkeldurr|0 fnt\n|faint|p2a: Conkeldurr\n|\n|upkeep\n|\n|t:|1701192152\n|switch|p2a: Slowking|Slowking-Galar, F|100\/100\n|turn|11\n|\n|t:|1701192158\n|-terastallize|p2a: Slowking|Grass\n|move|p1a: Ogerpon|Ivy Cudgel|p2a: Slowking|[anim] Ivy Cudgel Water\n|-resisted|p2a: Slowking\n|-damage|p2a: Slowking|69\/100\n|move|p2a: Slowking|Trick Room|p2a: Slowking\n|-fieldstart|move: Trick Room|[of] p2a: Slowking\n|\n|upkeep\n|turn|12\n|\n|t:|1701192164\n|switch|p1a: Zapdos|Zapdos|100\/100\n|move|p2a: Slowking|Sludge Bomb|p1a: Zapdos\n|-damage|p1a: Zapdos|71\/100\n|\n|upkeep\n|turn|13\n|\n|t:|1701192173\n|move|p2a: Slowking|Chilly Reception|p2a: Slowking\n|-weather|Snow\n|\n|t:|1701192176\n|switch|p2a: Glastrier|Glastrier|61\/100|[from] Chilly Reception\n|move|p1a: Zapdos|Hurricane|p2a: Glastrier\n|-damage|p2a: Glastrier|25\/100\n|\n|-weather|Snow|[upkeep]\n|upkeep\n|turn|14\n|\n|t:|1701192190\n|move|p2a: Glastrier|Icicle Crash|p1a: Zapdos\n|-supereffective|p1a: Zapdos\n|-damage|p1a: Zapdos|0 fnt\n|faint|p1a: Zapdos\n|-ability|p2a: Glastrier|Chilling Neigh|boost\n|-boost|p2a: Glastrier|atk|1\n|\n|-weather|Snow|[upkeep]\n|upkeep\n|\n|t:|1701192205\n|switch|p1a: Ogerpon|Ogerpon-Wellspring, F|51\/100\n|turn|15\n|\n|t:|1701192209\n|move|p2a: Glastrier|Icicle Crash|p1a: Ogerpon\n|-damage|p1a: Ogerpon|0 fnt\n|faint|p1a: Ogerpon\n|-ability|p2a: Glastrier|Chilling Neigh|boost\n|-boost|p2a: Glastrier|atk|1\n|\n|-weather|Snow|[upkeep]\n|-fieldend|move: Trick Room\n|upkeep\n|\n|t:|1701192211\n|switch|p1a: Great Tusk|Great Tusk|100\/100\n|-enditem|p1a: Great Tusk|Booster Energy\n|-activate|p1a: Great Tusk|ability: Protosynthesis|[fromitem]\n|-start|p1a: Great Tusk|protosynthesisspe\n|turn|16\n|\n|t:|1701192218\n|move|p1a: Great Tusk|Headlong Rush|p2a: Glastrier\n|-damage|p2a: Glastrier|1\/100\n|-unboost|p1a: Great Tusk|def|1\n|-unboost|p1a: Great Tusk|spd|1\n|move|p2a: Glastrier|Icicle Crash|p1a: Great Tusk\n|-supereffective|p1a: Great Tusk\n|-crit|p1a: Great Tusk\n|-damage|p1a: Great Tusk|0 fnt\n|faint|p1a: Great Tusk\n|-end|p1a: Great Tusk|Protosynthesis|[silent]\n|\n|win|lushna\n|raw|Hibbityhoopblah's rating: 1293 &rarr; <strong>1275<\/strong><br \/>(-18 for losing)\n|raw|lushna's rating: 1387 &rarr; <strong>1402<\/strong><br \/>(+15 for winning)\n|c|\u2606Hibbityhoopblah|Yeah sure\n|l|\u2606Hibbityhoopblah\n|c|\u2606lushna|Lmao\n|c|\u2606lushna|!data glastrier\n|raw|<div class=\"message\"><ul class=\"utilichart\"><li class=\"result\"><span class=\"col numcol\">NU<\/span> <span class=\"col iconcol\"><psicon pokemon=\"glastrier\"\/><\/span> <span class=\"col pokemonnamecol\" style=\"white-space:nowrap\"><a href=\"https:\/\/dex.pokemonshowdown.com\/pokemon\/glastrier\" target=\"_blank\">Glastrier<\/a><\/span> <span class=\"col typecol\"><img src=\"https:\/\/play.pokemonshowdown.com\/sprites\/types\/Ice.png\" alt=\"Ice\" height=\"14\" width=\"32\"><\/span> <span style=\"float:left;min-height:26px\"><span class=\"col abilitycol\">Chilling Neigh<\/span><span class=\"col abilitycol\"><\/span><\/span><span style=\"float:left;min-height:26px\"><span class=\"col statcol\"><em>HP<\/em><br \/>100<\/span> <span class=\"col statcol\"><em>Atk<\/em><br \/>145<\/span> <span class=\"col statcol\"><em>Def<\/em><br \/>130<\/span> <span class=\"col statcol\"><em>SpA<\/em><br \/>65<\/span> <span class=\"col statcol\"><em>SpD<\/em><br \/>110<\/span> <span class=\"col statcol\"><em>Spe<\/em><br \/>30<\/span> <span class=\"col bstcol\"><em>BST<br \/>580<\/em><\/span> <\/span><\/li><li style=\"clear:both\"><\/li><\/ul><\/div>\n\n|c|\u2606lushna|He fat as fuck\n","uploadtime":1701192249,"views":4,"p1id":"hibbityhoopblah","p2id":"lushna","formatid":"gen9ou","rating":1275,"private":0,"password":""}