{"id":"gen9ou-1994541564","p1":"liaoya","p2":"Aldrick C","format":"[Gen 9] OU","log":"|j|\u2606liaoya\n|j|\u2606Aldrick C\n|t:|1700456919\n|gametype|singles\n|player|p1|liaoya|petrel|1510\n|player|p2|Aldrick C|lucas|1438\n|teamsize|p1|6\n|teamsize|p2|6\n|gen|9\n|tier|[Gen 9] OU\n|rated|\n|rule|Sleep Clause Mod: Limit one foe put to sleep\n|rule|Species Clause: Limit one of each Pok\u00e9mon\n|rule|OHKO Clause: OHKO moves are banned\n|rule|Evasion Items Clause: Evasion items are banned\n|rule|Evasion Moves Clause: Evasion moves are banned\n|rule|Endless Battle Clause: Forcing endless battles is banned\n|rule|HP Percentage Mod: HP is shown in percentages\n|clearpoke\n|poke|p1|Drifblim, M|\n|poke|p1|Garganacl, F|\n|poke|p1|Umbreon, F|\n|poke|p1|Rotom-Wash|\n|poke|p1|Glimmora, M|\n|poke|p1|Espeon, F|\n|poke|p2|Torkoal, M|\n|poke|p2|Walking Wake|\n|poke|p2|Clefable, M|\n|poke|p2|Great Tusk|\n|poke|p2|Volcanion|\n|poke|p2|Thundurus-Therian, M|\n|teampreview\n|inactive|Battle timer is ON: inactive players will automatically lose when time's up. (requested by Aldrick C)\n|\n|t:|1700456930\n|start\n|switch|p1a: Rotom|Rotom-Wash|100\/100\n|switch|p2a: Torkoal|Torkoal, M|100\/100\n|-weather|SunnyDay|[from] ability: Drought|[of] p2a: Torkoal\n|turn|1\n|\n|t:|1700456941\n|switch|p2a: Thundurus|Thundurus-Therian, M|100\/100\n|move|p1a: Rotom|Trick|p2a: Thundurus\n|-activate|p1a: Rotom|move: Trick|[of] p2a: Thundurus\n|-item|p2a: Thundurus|Choice Scarf|[from] move: Trick\n|-item|p1a: Rotom|Choice Scarf|[from] move: Trick\n|\n|-weather|SunnyDay|[upkeep]\n|upkeep\n|turn|2\n|\n|t:|1700456957\n|move|p2a: Thundurus|Volt Switch|p1a: Rotom\n|-damage|p1a: Rotom|59\/100\n|\n|t:|1700456975\n|switch|p2a: Clefable|Clefable, M|100\/100|[from] Volt Switch\n|move|p1a: Rotom|Hydro Pump|p2a: Clefable\n|-damage|p2a: Clefable|76\/100\n|\n|-weather|SunnyDay|[upkeep]\n|-heal|p2a: Clefable|82\/100|[from] item: Leftovers\n|upkeep\n|turn|3\n|\n|t:|1700456982\n|switch|p1a: Espeon|Espeon, F|100\/100\n|move|p2a: Clefable|Protect||[still]\n|-fail|p2a: Clefable\n|\n|-weather|SunnyDay|[upkeep]\n|-heal|p2a: Clefable|88\/100|[from] item: Leftovers\n|upkeep\n|turn|4\n|\n|t:|1700456986\n|move|p1a: Espeon|Trick|p2a: Clefable\n|-activate|p1a: Espeon|move: Trick|[of] p2a: Clefable\n|-item|p2a: Clefable|Choice Scarf|[from] move: Trick\n|-item|p1a: Espeon|Leftovers|[from] move: Trick\n|move|p2a: Clefable|Wish|p2a: Clefable\n|\n|-weather|SunnyDay|[upkeep]\n|upkeep\n|turn|5\n|\n|t:|1700457005\n|switch|p1a: Glimmora|Glimmora, M|100\/100\n|switch|p2a: Walking Wake|Walking Wake|100\/100\n|-activate|p2a: Walking Wake|ability: Protosynthesis\n|-start|p2a: Walking Wake|protosynthesisspe\n|\n|-weather|SunnyDay|[upkeep]\n|upkeep\n|turn|6\n|\n|t:|1700457019\n|switch|p1a: Umbreon|Umbreon, F, shiny|100\/100\n|move|p2a: Walking Wake|Hydro Steam|p1a: Umbreon\n|-damage|p1a: Umbreon|48\/100\n|\n|-weather|SunnyDay|[upkeep]\n|-heal|p1a: Umbreon|54\/100|[from] item: Leftovers\n|upkeep\n|turn|7\n|\n|t:|1700457027\n|-terastallize|p2a: Walking Wake|Water\n|move|p1a: Umbreon|Protect|p1a: Umbreon\n|-singleturn|p1a: Umbreon|Protect\n|move|p2a: Walking Wake|Hydro Steam|p1a: Umbreon\n|-activate|p1a: Umbreon|move: Protect\n|\n|-weather|SunnyDay|[upkeep]\n|-heal|p1a: Umbreon|60\/100|[from] item: Leftovers\n|upkeep\n|turn|8\n|\n|t:|1700457045\n|switch|p1a: Espeon|Espeon, F|100\/100\n|move|p2a: Walking Wake|Hydro Steam|p1a: Espeon\n|-damage|p1a: Espeon|0 fnt\n|faint|p1a: Espeon\n|\n|-weather|none\n|-end|p2a: Walking Wake|Protosynthesis\n|upkeep\n|\n|t:|1700457055\n|switch|p1a: Umbreon|Umbreon, F, shiny|60\/100\n|turn|9\n|\n|t:|1700457061\n|-end|p2a: Walking Wake|Protosynthesis|[silent]\n|switch|p2a: Torkoal|Torkoal, M|100\/100\n|-weather|SunnyDay|[from] ability: Drought|[of] p2a: Torkoal\n|move|p1a: Umbreon|Wish|p1a: Umbreon\n|\n|-weather|SunnyDay|[upkeep]\n|-heal|p1a: Umbreon|66\/100|[from] item: Leftovers\n|upkeep\n|turn|10\n|\n|t:|1700457083\n|switch|p1a: Glimmora|Glimmora, M|100\/100\n|move|p2a: Torkoal|Yawn|p1a: Glimmora\n|-start|p1a: Glimmora|move: Yawn|[of] p2a: Torkoal\n|\n|-weather|SunnyDay|[upkeep]\n|upkeep\n|turn|11\n|\n|t:|1700457091\n|switch|p1a: Rotom|Rotom-Wash|59\/100\n|move|p2a: Torkoal|Lava Plume|p1a: Rotom\n|-resisted|p1a: Rotom\n|-damage|p1a: Rotom|41\/100\n|\n|-weather|SunnyDay|[upkeep]\n|upkeep\n|turn|12\n|\n|t:|1700457104\n|switch|p2a: Walking Wake|Walking Wake, tera:Water|100\/100\n|-activate|p2a: Walking Wake|ability: Protosynthesis\n|-start|p2a: Walking Wake|protosynthesisspe\n|move|p1a: Rotom|Trick|p2a: Walking Wake\n|-activate|p1a: Rotom|move: Trick|[of] p2a: Walking Wake\n|-item|p2a: Walking Wake|Choice Scarf|[from] move: Trick\n|-item|p1a: Rotom|Choice Specs|[from] move: Trick\n|\n|-weather|SunnyDay|[upkeep]\n|upkeep\n|turn|13\n|\n|t:|1700457132\n|move|p2a: Walking Wake|Hydro Steam|p1a: Rotom\n|-resisted|p1a: Rotom\n|-damage|p1a: Rotom|0 fnt\n|faint|p1a: Rotom\n|\n|-weather|SunnyDay|[upkeep]\n|upkeep\n|\n|t:|1700457137\n|switch|p1a: Umbreon|Umbreon, F, shiny|66\/100\n|turn|14\n|\n|t:|1700457141\n|move|p2a: Walking Wake|Hydro Steam|p1a: Umbreon\n|-damage|p1a: Umbreon|18\/100\n|move|p1a: Umbreon|Wish|p1a: Umbreon\n|\n|-weather|SunnyDay|[upkeep]\n|-heal|p1a: Umbreon|24\/100|[from] item: Leftovers\n|upkeep\n|turn|15\n|\n|t:|1700457149\n|-end|p2a: Walking Wake|Protosynthesis|[silent]\n|switch|p2a: Volcanion|Volcanion|100\/100\n|move|p1a: Umbreon|Protect||[still]\n|-fail|p1a: Umbreon\n|\n|-weather|SunnyDay|[upkeep]\n|-heal|p1a: Umbreon|74\/100|[from] move: Wish|[wisher] Umbreon\n|-heal|p1a: Umbreon|80\/100|[from] item: Leftovers\n|upkeep\n|turn|16\n|\n|t:|1700457160\n|move|p2a: Volcanion|Fire Spin|p1a: Umbreon\n|-damage|p1a: Umbreon|63\/100\n|-activate|p1a: Umbreon|move: Fire Spin|[of] p2a: Volcanion\n|move|p1a: Umbreon|Yawn|p2a: Volcanion\n|-start|p2a: Volcanion|move: Yawn|[of] p1a: Umbreon\n|\n|-weather|none\n|-heal|p1a: Umbreon|69\/100|[from] item: Leftovers\n|-damage|p1a: Umbreon|57\/100|[from] move: Fire Spin|[partiallytrapped]\n|upkeep\n|turn|17\n|\n|t:|1700457170\n|move|p2a: Volcanion|Focus Blast|p1a: Umbreon|[miss]\n|-miss|p2a: Volcanion|p1a: Umbreon\n|move|p1a: Umbreon|Wish|p1a: Umbreon\n|\n|-heal|p1a: Umbreon|63\/100|[from] item: Leftovers\n|-damage|p1a: Umbreon|50\/100|[from] move: Fire Spin|[partiallytrapped]\n|-end|p2a: Volcanion|move: Yawn|[silent]\n|-status|p2a: Volcanion|slp\n|upkeep\n|turn|18\n|\n|t:|1700457176\n|cant|p2a: Volcanion|slp\n|move|p1a: Umbreon|Foul Play|p2a: Volcanion\n|-damage|p2a: Volcanion|74\/100 slp\n|\n|-heal|p1a: Umbreon|100\/100|[from] move: Wish|[wisher] Umbreon\n|-damage|p1a: Umbreon|88\/100|[from] move: Fire Spin|[partiallytrapped]\n|upkeep\n|turn|19\n|\n|t:|1700457182\n|cant|p2a: Volcanion|slp\n|move|p1a: Umbreon|Foul Play|p2a: Volcanion\n|-damage|p2a: Volcanion|44\/100 slp\n|\n|-heal|p1a: Umbreon|94\/100|[from] item: Leftovers\n|-damage|p1a: Umbreon|82\/100|[from] move: Fire Spin|[partiallytrapped]\n|upkeep\n|turn|20\n|\n|t:|1700457186\n|-curestatus|p2a: Volcanion|slp|[msg]\n|move|p2a: Volcanion|Focus Blast|p1a: Umbreon\n|-supereffective|p1a: Umbreon\n|-damage|p1a: Umbreon|29\/100\n|-unboost|p1a: Umbreon|spd|1\n|move|p1a: Umbreon|Wish|p1a: Umbreon\n|\n|-heal|p1a: Umbreon|36\/100|[from] item: Leftovers\n|-end|p1a: Umbreon|Fire Spin|[partiallytrapped]\n|upkeep\n|turn|21\n|\n|t:|1700457195\n|move|p1a: Umbreon|Protect|p1a: Umbreon\n|-singleturn|p1a: Umbreon|Protect\n|move|p2a: Volcanion|Fire Spin|p1a: Umbreon\n|-activate|p1a: Umbreon|move: Protect\n|\n|-heal|p1a: Umbreon|86\/100|[from] move: Wish|[wisher] Umbreon\n|-heal|p1a: Umbreon|92\/100|[from] item: Leftovers\n|upkeep\n|turn|22\n|\n|t:|1700457199\n|move|p2a: Volcanion|Fire Spin|p1a: Umbreon\n|-damage|p1a: Umbreon|73\/100\n|-activate|p1a: Umbreon|move: Fire Spin|[of] p2a: Volcanion\n|move|p1a: Umbreon|Yawn|p2a: Volcanion\n|-start|p2a: Volcanion|move: Yawn|[of] p1a: Umbreon\n|\n|-heal|p1a: Umbreon|79\/100|[from] item: Leftovers\n|-damage|p1a: Umbreon|67\/100|[from] move: Fire Spin|[partiallytrapped]\n|upkeep\n|turn|23\n|\n|t:|1700457205\n|move|p1a: Umbreon|Protect|p1a: Umbreon\n|-singleturn|p1a: Umbreon|Protect\n|move|p2a: Volcanion|Focus Blast|p1a: Umbreon\n|-activate|p1a: Umbreon|move: Protect\n|\n|-heal|p1a: Umbreon|73\/100|[from] item: Leftovers\n|-damage|p1a: Umbreon|60\/100|[from] move: Fire Spin|[partiallytrapped]\n|-end|p2a: Volcanion|move: Yawn|[silent]\n|-status|p2a: Volcanion|slp\n|upkeep\n|turn|24\n|\n|t:|1700457210\n|cant|p2a: Volcanion|slp\n|move|p1a: Umbreon|Foul Play|p2a: Volcanion\n|-damage|p2a: Volcanion|15\/100 slp\n|\n|-heal|p1a: Umbreon|66\/100|[from] item: Leftovers\n|-damage|p1a: Umbreon|54\/100|[from] move: Fire Spin|[partiallytrapped]\n|upkeep\n|turn|25\n|\n|t:|1700457213\n|cant|p2a: Volcanion|slp\n|move|p1a: Umbreon|Foul Play|p2a: Volcanion\n|-damage|p2a: Volcanion|0 fnt\n|faint|p2a: Volcanion\n|\n|-heal|p1a: Umbreon|60\/100|[from] item: Leftovers\n|-end|p1a: Umbreon|Fire Spin|[partiallytrapped]|[silent]\n|upkeep\n|\n|t:|1700457224\n|switch|p2a: Torkoal|Torkoal, M|100\/100\n|-weather|SunnyDay|[from] ability: Drought|[of] p2a: Torkoal\n|turn|26\n|\n|t:|1700457231\n|switch|p2a: Thundurus|Thundurus-Therian, M|100\/100\n|move|p1a: Umbreon|Wish|p1a: Umbreon\n|\n|-weather|SunnyDay|[upkeep]\n|-heal|p1a: Umbreon|66\/100|[from] item: Leftovers\n|upkeep\n|turn|27\n|\n|t:|1700457240\n|move|p1a: Umbreon|Protect|p1a: Umbreon\n|-singleturn|p1a: Umbreon|Protect\n|move|p2a: Thundurus|Volt Switch|p1a: Umbreon\n|-activate|p1a: Umbreon|move: Protect\n|\n|-weather|SunnyDay|[upkeep]\n|-heal|p1a: Umbreon|100\/100|[from] move: Wish|[wisher] Umbreon\n|upkeep\n|turn|28\n|\n|t:|1700457253\n|switch|p1a: Garganacl|Garganacl, F, shiny|100\/100\n|move|p2a: Thundurus|Volt Switch|p1a: Garganacl\n|-damage|p1a: Garganacl|73\/100\n|\n|t:|1700457259\n|switch|p2a: Great Tusk|Great Tusk|100\/100|[from] Volt Switch\n|-activate|p2a: Great Tusk|ability: Protosynthesis\n|-start|p2a: Great Tusk|protosynthesisdef\n|\n|-weather|SunnyDay|[upkeep]\n|-heal|p1a: Garganacl|79\/100|[from] item: Leftovers\n|upkeep\n|turn|29\n|\n|t:|1700457269\n|-terastallize|p1a: Garganacl|Ghost\n|move|p2a: Great Tusk|Headlong Rush|p1a: Garganacl\n|-damage|p1a: Garganacl|27\/100\n|-unboost|p2a: Great Tusk|def|1\n|-unboost|p2a: Great Tusk|spd|1\n|move|p1a: Garganacl|Iron Defense|p1a: Garganacl\n|-boost|p1a: Garganacl|def|2\n|\n|-weather|SunnyDay|[upkeep]\n|-heal|p1a: Garganacl|33\/100|[from] item: Leftovers\n|upkeep\n|turn|30\n|\n|t:|1700457275\n|move|p2a: Great Tusk|Headlong Rush|p1a: Garganacl\n|-damage|p1a: Garganacl|6\/100\n|-unboost|p2a: Great Tusk|def|1\n|-unboost|p2a: Great Tusk|spd|1\n|move|p1a: Garganacl|Recover|p1a: Garganacl\n|-heal|p1a: Garganacl|56\/100\n|\n|-weather|SunnyDay|[upkeep]\n|-heal|p1a: Garganacl|62\/100|[from] item: Leftovers\n|upkeep\n|turn|31\n|\n|t:|1700457285\n|-end|p2a: Great Tusk|Protosynthesis|[silent]\n|switch|p2a: Walking Wake|Walking Wake, tera:Water|100\/100\n|-activate|p2a: Walking Wake|ability: Protosynthesis\n|-start|p2a: Walking Wake|protosynthesisspe\n|move|p1a: Garganacl|Recover|p1a: Garganacl\n|-heal|p1a: Garganacl|100\/100\n|\n|-weather|SunnyDay|[upkeep]\n|upkeep\n|turn|32\n|\n|t:|1700457294\n|move|p2a: Walking Wake|Draco Meteor|p1a: Garganacl\n|-damage|p1a: Garganacl|59\/100\n|-unboost|p2a: Walking Wake|spa|2\n|move|p1a: Garganacl|Salt Cure|p2a: Walking Wake\n|-damage|p2a: Walking Wake|85\/100\n|-start|p2a: Walking Wake|Salt Cure\n|\n|-weather|SunnyDay|[upkeep]\n|-heal|p1a: Garganacl|65\/100|[from] item: Leftovers\n|-damage|p2a: Walking Wake|60\/100|[from] Salt Cure\n|upkeep\n|turn|33\n|\n|t:|1700457310\n|-end|p2a: Walking Wake|Protosynthesis|[silent]\n|switch|p2a: Thundurus|Thundurus-Therian, M|100\/100\n|move|p1a: Garganacl|Recover|p1a: Garganacl\n|-heal|p1a: Garganacl|100\/100\n|\n|-weather|none\n|upkeep\n|turn|34\n|\n|t:|1700457317\n|move|p2a: Thundurus|Grass Knot|p1a: Garganacl\n|-damage|p1a: Garganacl|71\/100\n|move|p1a: Garganacl|Salt Cure|p2a: Thundurus\n|-supereffective|p2a: Thundurus\n|-damage|p2a: Thundurus|60\/100\n|-start|p2a: Thundurus|Salt Cure\n|\n|-heal|p1a: Garganacl|77\/100|[from] item: Leftovers\n|-damage|p2a: Thundurus|48\/100|[from] Salt Cure\n|upkeep\n|turn|35\n|-message|Aldrick C forfeited.\n|\n|win|liaoya\n|raw|liaoya's rating: 1510 &rarr; <strong>1526<\/strong><br \/>(+16 for winning)\n|raw|Aldrick C's rating: 1438 &rarr; <strong>1422<\/strong><br \/>(-16 for losing)\n","uploadtime":1700457330,"views":13,"p1id":"liaoya","p2id":"aldrickc","formatid":"gen9ou","rating":1422,"private":0,"password":""}