{"id":"gen9ou-1992502457","p1":"No Policy","p2":"anemone14th","format":"[Gen 9] OU","log":"|j|\u2606No Policy\n|j|\u2606anemone14th\n|t:|1700195931\n|gametype|singles\n|player|p1|No Policy|101|1091\n|player|p2|anemone14th|carmine-festival|1158\n|teamsize|p1|6\n|teamsize|p2|6\n|gen|9\n|tier|[Gen 9] OU\n|rated|\n|rule|Sleep Clause Mod: Limit one foe put to sleep\n|rule|Species Clause: Limit one of each Pok\u00e9mon\n|rule|OHKO Clause: OHKO moves are banned\n|rule|Evasion Items Clause: Evasion items are banned\n|rule|Evasion Moves Clause: Evasion moves are banned\n|rule|Endless Battle Clause: Forcing endless battles is banned\n|rule|HP Percentage Mod: HP is shown in percentages\n|clearpoke\n|poke|p1|Tatsugiri, M|\n|poke|p1|Decidueye-Hisui, F|\n|poke|p1|Heatran, F|\n|poke|p1|Blissey, F|\n|poke|p1|Weezing-Galar, M|\n|poke|p1|Great Tusk|\n|poke|p2|Dragonite, M|\n|poke|p2|Zamazenta-*|\n|poke|p2|Landorus-Therian, M|\n|poke|p2|Greninja-*, M|\n|poke|p2|Scizor, F|\n|poke|p2|Gengar, M|\n|teampreview\n|\n|t:|1700195935\n|start\n|switch|p1a: Heatran|Heatran, F, shiny|100\/100\n|switch|p2a: dangan|Dragonite, M|100\/100\n|turn|1\n|\n|t:|1700195941\n|move|p2a: dangan|Dragon Dance|p2a: dangan\n|-boost|p2a: dangan|atk|1\n|-boost|p2a: dangan|spe|1\n|move|p1a: Heatran|Will-O-Wisp|p2a: dangan\n|-status|p2a: dangan|brn\n|\n|-damage|p2a: dangan|94\/100 brn|[from] brn\n|upkeep\n|turn|2\n|\n|t:|1700195952\n|switch|p1a: Weezing|Weezing-Galar, M|100\/100\n|-ability|p1a: Weezing|Neutralizing Gas\n|move|p2a: dangan|Earthquake|p1a: Weezing\n|-supereffective|p1a: Weezing\n|-damage|p1a: Weezing|53\/100\n|\n|-heal|p2a: dangan|100\/100 brn|[from] item: Leftovers\n|-heal|p1a: Weezing|59\/100|[from] item: Leftovers\n|-damage|p2a: dangan|94\/100 brn|[from] brn\n|upkeep\n|turn|3\n|\n|t:|1700195962\n|move|p2a: dangan|Earthquake|p1a: Weezing\n|-supereffective|p1a: Weezing\n|-damage|p1a: Weezing|13\/100\n|move|p1a: Weezing|Dazzling Gleam|p2a: dangan\n|-supereffective|p2a: dangan\n|-damage|p2a: dangan|16\/100 brn\n|\n|-heal|p2a: dangan|22\/100 brn|[from] item: Leftovers\n|-heal|p1a: Weezing|19\/100|[from] item: Leftovers\n|-damage|p2a: dangan|16\/100 brn|[from] brn\n|upkeep\n|turn|4\n|\n|t:|1700195977\n|-terastallize|p1a: Weezing|Flying\n|move|p2a: dangan|Earthquake|p1a: Weezing\n|-immune|p1a: Weezing\n|move|p1a: Weezing|Dazzling Gleam|p2a: dangan\n|-supereffective|p2a: dangan\n|-damage|p2a: dangan|0 fnt\n|faint|p2a: dangan\n|\n|-heal|p1a: Weezing|25\/100|[from] item: Leftovers\n|upkeep\n|\n|t:|1700195986\n|switch|p2a: sazabi|Scizor, F|100\/100\n|turn|5\n|\n|t:|1700195997\n|-end|p1a: Weezing|ability: Neutralizing Gas\n|switch|p1a: Heatran|Heatran, F, shiny|100\/100\n|move|p2a: sazabi|Bullet Punch|p1a: Heatran\n|-resisted|p1a: Heatran\n|-damage|p1a: Heatran|94\/100\n|\n|-heal|p1a: Heatran|99\/100|[from] item: Leftovers\n|upkeep\n|turn|6\n|\n|t:|1700196006\n|switch|p2a: Greninja|Greninja, M|100\/100\n|move|p1a: Heatran|Will-O-Wisp|p2a: Greninja\n|-status|p2a: Greninja|brn\n|\n|-heal|p1a: Heatran|100\/100|[from] item: Leftovers\n|-damage|p2a: Greninja|95\/100 brn|[from] brn\n|upkeep\n|turn|7\n|\n|t:|1700196015\n|switch|p1a: Tatsugiri|Tatsugiri, M|100\/100\n|move|p2a: Greninja|Surf|p1a: Tatsugiri\n|-ability|p1a: Tatsugiri|Storm Drain|boost\n|-boost|p1a: Tatsugiri|spa|1\n|\n|-damage|p2a: Greninja|89\/100 brn|[from] brn\n|upkeep\n|turn|8\n|\n|t:|1700196025\n|switch|p2a: Gengar|Gengar, M|100\/100\n|move|p1a: Tatsugiri|Draco Meteor|p2a: Gengar\n|-damage|p2a: Gengar|0 fnt\n|-unboost|p1a: Tatsugiri|spa|2\n|-start|p1a: Tatsugiri|Disable|Draco Meteor|[from] ability: Cursed Body|[of] p2a: Gengar\n|faint|p2a: Gengar\n|\n|upkeep\n|\n|t:|1700196033\n|switch|p2a: Greninja|Greninja, M|89\/100 brn\n|turn|9\n|\n|t:|1700196038\n|switch|p1a: Blissey|Blissey, F|100\/100\n|move|p2a: Greninja|Dark Pulse|p1a: Blissey\n|-damage|p1a: Blissey|90\/100\n|\n|-heal|p1a: Blissey|96\/100|[from] item: Leftovers\n|-damage|p2a: Greninja|83\/100 brn|[from] brn\n|upkeep\n|turn|10\n|\n|t:|1700196047\n|switch|p2a: Zamazenta|Zamazenta|100\/100\n|-ability|p2a: Zamazenta|Dauntless Shield|boost\n|-boost|p2a: Zamazenta|def|1\n|move|p1a: Blissey|Thunder Wave|p2a: Zamazenta\n|-status|p2a: Zamazenta|par\n|\n|-heal|p1a: Blissey|100\/100|[from] item: Leftovers\n|upkeep\n|turn|11\n|\n|t:|1700196057\n|switch|p1a: Great Tusk|Great Tusk|100\/100\n|-enditem|p1a: Great Tusk|Booster Energy\n|-activate|p1a: Great Tusk|ability: Protosynthesis|[fromitem]\n|-start|p1a: Great Tusk|protosynthesisatk\n|cant|p2a: Zamazenta|par\n|\n|upkeep\n|turn|12\n|-message|anemone14th forfeited.\n|\n|win|No Policy\n|raw|No Policy's rating: 1091 &rarr; <strong>1122<\/strong><br \/>(+31 for winning)\n|raw|anemone14th's rating: 1158 &rarr; <strong>1128<\/strong><br \/>(-30 for losing)\n|l|\u2606anemone14th\n","uploadtime":1700196076,"views":7,"p1id":"nopolicy","p2id":"anemone14th","formatid":"gen9ou","rating":1122,"private":0,"password":""}