{"id":"gen9ou-1990254452","p1":"OU (Very Popular)","p2":"chrisbilledk","format":"[Gen 9] OU","log":"|j|\u2606OU (Very Popular)\n|j|\u2606chrisbilledk\n|t:|1699945360\n|gametype|singles\n|player|p1|OU (Very Popular)|hilbert-wonderlauncher|1279\n|player|p2|chrisbilledk|clair|1344\n|teamsize|p1|6\n|teamsize|p2|6\n|gen|9\n|tier|[Gen 9] OU\n|rated|\n|rule|Sleep Clause Mod: Limit one foe put to sleep\n|rule|Species Clause: Limit one of each Pok\u00e9mon\n|rule|OHKO Clause: OHKO moves are banned\n|rule|Evasion Items Clause: Evasion items are banned\n|rule|Evasion Moves Clause: Evasion moves are banned\n|rule|Endless Battle Clause: Forcing endless battles is banned\n|rule|HP Percentage Mod: HP is shown in percentages\n|clearpoke\n|poke|p1|Sneasler, F|\n|poke|p1|Weezing-Galar, F|\n|poke|p1|Great Tusk|\n|poke|p1|Iron Valiant|\n|poke|p1|Corviknight, F|\n|poke|p1|Slowking-Galar, F|\n|poke|p2|Cinderace, M|\n|poke|p2|Dragapult, M|\n|poke|p2|Kingambit, M|\n|poke|p2|Iron Jugulis|\n|poke|p2|Landorus-Therian, M|\n|poke|p2|Great Tusk|\n|teampreview\n|inactive|Battle timer is ON: inactive players will automatically lose when time's up. (requested by chrisbilledk)\n|inactive|OU (Very Popular) also wants the timer to be on.\n|\n|t:|1699945364\n|start\n|switch|p1a: Weezing|Weezing-Galar, F, shiny|100\/100\n|switch|p2a: Landorus|Landorus-Therian, M, shiny|100\/100\n|-ability|p2a: Landorus|Intimidate|boost\n|-unboost|p1a: Weezing|atk|1\n|-fieldstart|move: Misty Terrain|[from] ability: Misty Surge|[of] p1a: Weezing\n|turn|1\n|\n|t:|1699945369\n|move|p2a: Landorus|Earthquake|p1a: Weezing\n|-supereffective|p1a: Weezing\n|-damage|p1a: Weezing|3\/100\n|move|p1a: Weezing|Misty Explosion|p2a: Landorus\n|-damage|p2a: Landorus|29\/100\n|faint|p1a: Weezing\n|\n|upkeep\n|\n|t:|1699945374\n|switch|p1a: Sneasler|Sneasler, F, shiny|100\/100\n|-enditem|p1a: Sneasler|Misty Seed\n|-boost|p1a: Sneasler|spd|1|[from] item: Misty Seed\n|turn|2\n|c|\u2606chrisbilledk|dude what\n|\n|t:|1699945384\n|-terastallize|p1a: Sneasler|Ice\n|move|p1a: Sneasler|Tera Blast|p2a: Landorus|[anim] Tera Blast Ice\n|-supereffective|p2a: Landorus\n|-damage|p2a: Landorus|0 fnt\n|faint|p2a: Landorus\n|\n|upkeep\n|\n|t:|1699945390\n|switch|p2a: Cinderace|Cinderace, M, shiny|100\/100\n|turn|3\n|\n|t:|1699945395\n|move|p1a: Sneasler|Dire Claw|p2a: Cinderace\n|-damage|p2a: Cinderace|40\/100\n|move|p2a: Cinderace|Pyro Ball|p1a: Sneasler\n|-supereffective|p1a: Sneasler\n|-damage|p1a: Sneasler|0 fnt\n|faint|p1a: Sneasler\n|\n|upkeep\n|\n|t:|1699945402\n|switch|p1a: Great Tusk|Great Tusk, shiny|100\/100\n|turn|4\n|c|\u2606chrisbilledk|what is that strat\n|\n|t:|1699945407\n|move|p2a: Cinderace|High Jump Kick|p1a: Great Tusk\n|-start|p2a: Cinderace|typechange|Fighting|[from] ability: Libero\n|-damage|p1a: Great Tusk|54\/100\n|move|p1a: Great Tusk|Rapid Spin|p2a: Cinderace\n|-damage|p2a: Cinderace|16\/100\n|-boost|p1a: Great Tusk|spe|1\n|\n|upkeep\n|turn|5\n|\n|t:|1699945414\n|switch|p2a: Great Tusk|Great Tusk|100\/100\n|-enditem|p2a: Great Tusk|Booster Energy\n|-activate|p2a: Great Tusk|ability: Protosynthesis|[fromitem]\n|-start|p2a: Great Tusk|protosynthesisspe\n|move|p1a: Great Tusk|Rapid Spin|p2a: Great Tusk\n|-damage|p2a: Great Tusk|89\/100\n|-boost|p1a: Great Tusk|spe|1\n|\n|-fieldend|Misty Terrain\n|upkeep\n|turn|6\n|\n|t:|1699945426\n|move|p1a: Great Tusk|Ice Spinner|p2a: Great Tusk\n|-supereffective|p2a: Great Tusk\n|-damage|p2a: Great Tusk|47\/100\n|move|p2a: Great Tusk|Ice Spinner|p1a: Great Tusk\n|-supereffective|p1a: Great Tusk\n|-damage|p1a: Great Tusk|19\/100\n|\n|upkeep\n|turn|7\n|\n|t:|1699945441\n|move|p1a: Great Tusk|Ice Spinner|p2a: Great Tusk\n|-supereffective|p2a: Great Tusk\n|-damage|p2a: Great Tusk|8\/100\n|move|p2a: Great Tusk|Rapid Spin|p1a: Great Tusk\n|-damage|p1a: Great Tusk|7\/100\n|-boost|p2a: Great Tusk|spe|1\n|\n|upkeep\n|turn|8\n|\n|t:|1699945445\n|move|p2a: Great Tusk|Ice Spinner|p1a: Great Tusk\n|-supereffective|p1a: Great Tusk\n|-damage|p1a: Great Tusk|0 fnt\n|faint|p1a: Great Tusk\n|-end|p1a: Great Tusk|Protosynthesis|[silent]\n|\n|upkeep\n|\n|t:|1699945447\n|switch|p1a: Iron Valiant|Iron Valiant, shiny|100\/100\n|-enditem|p1a: Iron Valiant|Booster Energy\n|-activate|p1a: Iron Valiant|ability: Quark Drive|[fromitem]\n|-start|p1a: Iron Valiant|quarkdrivespe\n|turn|9\n|\n|t:|1699945451\n|move|p1a: Iron Valiant|Vacuum Wave|p2a: Great Tusk\n|-damage|p2a: Great Tusk|0 fnt\n|faint|p2a: Great Tusk\n|-end|p2a: Great Tusk|Protosynthesis|[silent]\n|\n|upkeep\n|\n|t:|1699945457\n|switch|p2a: Kingambit|Kingambit, M, shiny|100\/100\n|-activate|p2a: Kingambit|ability: Supreme Overlord\n|-start|p2a: Kingambit|fallen2|[silent]\n|turn|10\n|\n|t:|1699945460\n|-terastallize|p2a: Kingambit|Ghost\n|move|p1a: Iron Valiant|Destiny Bond|p1a: Iron Valiant\n|-singlemove|p1a: Iron Valiant|Destiny Bond\n|move|p2a: Kingambit|Iron Head|p1a: Iron Valiant\n|-supereffective|p1a: Iron Valiant\n|-damage|p1a: Iron Valiant|0 fnt\n|faint|p1a: Iron Valiant\n|-activate|p1a: Iron Valiant|move: Destiny Bond\n|-end|p1a: Iron Valiant|Quark Drive|[silent]\n|faint|p2a: Kingambit\n|-end|p2a: Kingambit|fallen2|[silent]\n|\n|upkeep\n|c|\u2606chrisbilledk|what is that moveset\n|\n|t:|1699945473\n|switch|p1a: Slowking|Slowking-Galar, F, shiny|100\/100\n|switch|p2a: Cinderace|Cinderace, M, shiny|16\/100\n|turn|11\n|\n|t:|1699945482\n|move|p2a: Cinderace|Pyro Ball|p1a: Slowking\n|-damage|p1a: Slowking|61\/100\n|move|p1a: Slowking|Future Sight|p2a: Cinderace\n|-start|p1a: Slowking|move: Future Sight\n|\n|upkeep\n|turn|12\n|\n|t:|1699945487\n|move|p2a: Cinderace|Pyro Ball|p1a: Slowking\n|-damage|p1a: Slowking|25\/100\n|move|p1a: Slowking|Sludge Bomb|p2a: Cinderace\n|-damage|p2a: Cinderace|0 fnt\n|faint|p2a: Cinderace\n|\n|upkeep\n|\n|t:|1699945490\n|switch|p2a: Iron Jugulis|Iron Jugulis, shiny|100\/100\n|-enditem|p2a: Iron Jugulis|Booster Energy\n|-activate|p2a: Iron Jugulis|ability: Quark Drive|[fromitem]\n|-start|p2a: Iron Jugulis|quarkdrivespe\n|turn|13\n|\n|t:|1699945493\n|switch|p1a: Corviknight|Corviknight, F|100\/100\n|-ability|p1a: Corviknight|Pressure\n|move|p2a: Iron Jugulis|Dark Pulse|p1a: Corviknight\n|-damage|p1a: Corviknight|66\/100\n|\n|-end|p2a: Iron Jugulis|move: Future Sight\n|-immune|p2a: Iron Jugulis\n|upkeep\n|turn|14\n|\n|t:|1699945498\n|move|p2a: Iron Jugulis|Dark Pulse|p1a: Corviknight\n|-damage|p1a: Corviknight|30\/100\n|move|p1a: Corviknight|Roost|p1a: Corviknight\n|-heal|p1a: Corviknight|80\/100\n|-singleturn|p1a: Corviknight|move: Roost\n|\n|upkeep\n|turn|15\n|\n|t:|1699945506\n|move|p2a: Iron Jugulis|Dark Pulse|p1a: Corviknight\n|-damage|p1a: Corviknight|47\/100\n|move|p1a: Corviknight|Brave Bird|p2a: Iron Jugulis\n|-damage|p2a: Iron Jugulis|59\/100\n|-damage|p1a: Corviknight|36\/100|[from] Recoil\n|\n|upkeep\n|turn|16\n|\n|t:|1699945510\n|move|p2a: Iron Jugulis|Dark Pulse|p1a: Corviknight\n|-damage|p1a: Corviknight|0 fnt\n|faint|p1a: Corviknight\n|\n|upkeep\n|\n|t:|1699945512\n|switch|p1a: Slowking|Slowking-Galar, F, shiny|58\/100\n|turn|17\n|\n|t:|1699945514\n|move|p2a: Iron Jugulis|Dark Pulse|p1a: Slowking\n|-supereffective|p1a: Slowking\n|-damage|p1a: Slowking|0 fnt\n|faint|p1a: Slowking\n|\n|win|chrisbilledk\n|raw|OU (Very Popular)'s rating: 1279 &rarr; <strong>1259<\/strong><br \/>(-20 for losing)\n|raw|chrisbilledk's rating: 1344 &rarr; <strong>1360<\/strong><br \/>(+16 for winning)\n|c|\u2606OU (Very Popular)|gg\n|l|\u2606chrisbilledk\n|l|\u2606OU (Very Popular)\n|j|\u2606chrisbilledk\n|player|p2|chrisbilledk|clair\n","uploadtime":1699945990,"views":12,"p1id":"ouverypopular","p2id":"chrisbilledk","formatid":"gen9ou","rating":1259,"private":0,"password":""}