{"id":"gen9ou-1997749761","p1":"Podtastic1","p2":"RSDPM","format":"[Gen 9] OU","log":"|j|\u2606Podtastic1\n|j|\u2606RSDPM\n|t:|1700848638\n|gametype|singles\n|player|p1|Podtastic1|170|1244\n|player|p2|RSDPM|riley|1331\n|teamsize|p1|6\n|teamsize|p2|6\n|gen|9\n|tier|[Gen 9] OU\n|rated|\n|rule|Sleep Clause Mod: Limit one foe put to sleep\n|rule|Species Clause: Limit one of each Pok\u00e9mon\n|rule|OHKO Clause: OHKO moves are banned\n|rule|Evasion Items Clause: Evasion items are banned\n|rule|Evasion Moves Clause: Evasion moves are banned\n|rule|Endless Battle Clause: Forcing endless battles is banned\n|rule|HP Percentage Mod: HP is shown in percentages\n|clearpoke\n|poke|p1|Ogerpon-Wellspring, F|\n|poke|p1|Cinderace, M|\n|poke|p1|Iron Valiant|\n|poke|p1|Glimmora, M|\n|poke|p1|Gholdengo|\n|poke|p1|Arcanine-Hisui, M|\n|poke|p2|Arcanine-Hisui, M|\n|poke|p2|Electrode-Hisui|\n|poke|p2|Lilligant-Hisui, F|\n|poke|p2|Zoroark-Hisui, F|\n|poke|p2|Braviary-Hisui, M|\n|poke|p2|Avalugg-Hisui, M|\n|teampreview\n|\n|t:|1700848647\n|start\n|switch|p1a: Glimmora|Glimmora, M|100\/100\n|switch|p2a: Avalugg|Avalugg-Hisui, M|100\/100\n|turn|1\n|inactive|Battle timer is ON: inactive players will automatically lose when time's up. (requested by RSDPM)\n|\n|t:|1700848653\n|move|p1a: Glimmora|Mortal Spin|p2a: Avalugg\n|-resisted|p2a: Avalugg\n|-damage|p2a: Avalugg|99\/100\n|-status|p2a: Avalugg|psn\n|-damage|p1a: Glimmora|84\/100|[from] item: Rocky Helmet|[of] p2a: Avalugg\n|move|p2a: Avalugg|Gyro Ball|p1a: Glimmora\n|-supereffective|p1a: Glimmora\n|-damage|p1a: Glimmora|0 fnt\n|-activate|p1a: Glimmora|ability: Toxic Debris\n|-sidestart|p2: RSDPM|move: Toxic Spikes\n|faint|p1a: Glimmora\n|\n|-damage|p2a: Avalugg|87\/100 psn|[from] psn\n|upkeep\n|\n|t:|1700848671\n|switch|p1a: Iron Valiant|Iron Valiant|100\/100\n|turn|2\n|\n|t:|1700848677\n|move|p1a: Iron Valiant|Close Combat|p2a: Avalugg\n|-supereffective|p2a: Avalugg\n|-damage|p2a: Avalugg|0 fnt\n|-unboost|p1a: Iron Valiant|def|1\n|-unboost|p1a: Iron Valiant|spd|1\n|-damage|p1a: Iron Valiant|84\/100|[from] item: Rocky Helmet|[of] p2a: Avalugg\n|faint|p2a: Avalugg\n|\n|upkeep\n|\n|t:|1700848686\n|switch|p2a: Arcanine|Arcanine-Hisui, M|100\/100\n|-status|p2a: Arcanine|psn\n|turn|3\n|\n|t:|1700848695\n|-end|p1a: Iron Valiant|Quark Drive|[silent]\n|switch|p1a: Gholdengo|Gholdengo|100\/100\n|-item|p1a: Gholdengo|Air Balloon\n|move|p2a: Arcanine|Bitter Malice|p1a: Gholdengo\n|-supereffective|p1a: Gholdengo\n|-damage|p1a: Gholdengo|15\/100\n|-unboost|p1a: Gholdengo|atk|1\n|-enditem|p1a: Gholdengo|Air Balloon\n|\n|-damage|p2a: Arcanine|88\/100 psn|[from] psn\n|upkeep\n|turn|4\n|\n|t:|1700848710\n|move|p2a: Arcanine|Bitter Malice|p1a: Gholdengo\n|-supereffective|p1a: Gholdengo\n|-damage|p1a: Gholdengo|0 fnt\n|faint|p1a: Gholdengo\n|\n|-damage|p2a: Arcanine|76\/100 psn|[from] psn\n|upkeep\n|\n|t:|1700848719\n|switch|p1a: Ogerpon|Ogerpon-Wellspring, F|100\/100\n|turn|5\n|\n|t:|1700848731\n|switch|p2a: Electrode|Electrode-Hisui|100\/100\n|-status|p2a: Electrode|psn\n|move|p1a: Ogerpon|Ivy Cudgel|p2a: Electrode|[anim] Ivy Cudgel Water\n|-resisted|p2a: Electrode\n|-damage|p2a: Electrode|49\/100 psn\n|\n|-damage|p2a: Electrode|37\/100 psn|[from] psn\n|upkeep\n|turn|6\n|inactive|Podtastic1 has 120 seconds left.\n|\n|t:|1700848761\n|move|p2a: Electrode|Chloroblast|p1a: Ogerpon\n|-damage|p1a: Ogerpon|0 fnt\n|faint|p1a: Ogerpon\n|-damage|p2a: Electrode|0 fnt|[from] Recoil\n|faint|p2a: Electrode\n|\n|upkeep\n|inactive|Podtastic1 has 120 seconds left.\n|\n|t:|1700848779\n|switch|p2a: Arcanine|Arcanine-Hisui, M|100\/100\n|switch|p1a: Cinderace|Cinderace, M|100\/100\n|-status|p2a: Arcanine|psn\n|turn|7\n|\n|t:|1700848789\n|move|p1a: Cinderace|U-turn|p2a: Arcanine\n|-start|p1a: Cinderace|typechange|Bug|[from] ability: Libero\n|-resisted|p2a: Arcanine\n|-damage|p2a: Arcanine|79\/100 psn\n|\n|t:|1700848795\n|switch|p1a: Arcanine|Arcanine-Hisui, M|100\/100|[from] U-turn\n|move|p2a: Arcanine|Head Smash|p1a: Arcanine\n|-supereffective|p1a: Arcanine\n|-damage|p1a: Arcanine|0 fnt\n|faint|p1a: Arcanine\n|\n|-damage|p2a: Arcanine|67\/100 psn|[from] psn\n|upkeep\n|inactive|Podtastic1 has 120 seconds left.\n|\n|t:|1700848806\n|switch|p1a: Iron Valiant|Iron Valiant|84\/100\n|turn|8\n|\n|t:|1700848812\n|switch|p2a: Lilligant|Lilligant-Hisui, F|76\/100 psn\n|move|p1a: Iron Valiant|Close Combat|p2a: Lilligant\n|-immune|p2a: Lilligant\n|\n|-damage|p2a: Lilligant|63\/100 psn|[from] psn\n|upkeep\n|turn|9\n|inactive|Podtastic1 has 120 seconds left.\n|\n|t:|1700848827\n|move|p1a: Iron Valiant|Close Combat|p2a: Lilligant\n|-immune|p2a: Lilligant\n|move|p2a: Lilligant|Bitter Malice|p1a: Iron Valiant\n|-damage|p1a: Iron Valiant|13\/100\n|-unboost|p1a: Iron Valiant|atk|1\n|\n|-damage|p2a: Lilligant|51\/100 psn|[from] psn\n|upkeep\n|turn|10\n|inactive|Podtastic1 has 120 seconds left.\n|\n|t:|1700848839\n|move|p1a: Iron Valiant|Close Combat|p2a: Lilligant\n|-immune|p2a: Lilligant\n|move|p2a: Lilligant|Bitter Malice|p1a: Iron Valiant\n|-crit|p1a: Iron Valiant\n|-damage|p1a: Iron Valiant|0 fnt\n|faint|p1a: Iron Valiant\n|-end|p1a: Iron Valiant|Quark Drive|[silent]\n|\n|-damage|p2a: Lilligant|39\/100 psn|[from] psn\n|upkeep\n|inactive|Podtastic1 has 120 seconds left.\n|l|\u2606Podtastic1\n|inactive|Podtastic1 disconnected and has a minute to reconnect!\n|player|p1|\n|c|\u2606RSDPM|gg\n|inactive|Podtastic1 has 30 seconds to reconnect!\n|inactive|Podtastic1 has 20 seconds to reconnect!\n|inactive|Podtastic1 has 15 seconds to reconnect!\n|inactive|Podtastic1 has 10 seconds to reconnect!\n|inactive|Podtastic1 has 5 seconds to reconnect!\n|-message|Podtastic1 lost due to inactivity.\n|\n|win|RSDPM\n|raw|Podtastic1's rating: 1244 &rarr; <strong>1225<\/strong><br \/>(-19 for losing)\n|raw|RSDPM's rating: 1331 &rarr; <strong>1346<\/strong><br \/>(+15 for winning)\n","uploadtime":1700848921,"views":1,"p1id":"podtastic1","p2id":"rsdpm","formatid":"gen9ou","rating":1225,"private":0,"password":""}