{"id":"gen9ou-1991084529","p1":"dilkem","p2":"BenBenzZX","format":"[Gen 9] OU","log":"|j|\u203ddilkem\n|j|\u2606BenBenzZX\n|t:|1700040394\n|gametype|singles\n|player|p1|dilkem|worker|1381\n|player|p2|BenBenzZX|unknown|1383\n|teamsize|p1|6\n|teamsize|p2|6\n|gen|9\n|tier|[Gen 9] OU\n|rated|\n|rule|Sleep Clause Mod: Limit one foe put to sleep\n|rule|Species Clause: Limit one of each Pok\u00e9mon\n|rule|OHKO Clause: OHKO moves are banned\n|rule|Evasion Items Clause: Evasion items are banned\n|rule|Evasion Moves Clause: Evasion moves are banned\n|rule|Endless Battle Clause: Forcing endless battles is banned\n|rule|HP Percentage Mod: HP is shown in percentages\n|clearpoke\n|poke|p1|Slowbro, M|\n|poke|p1|Diancie|\n|poke|p1|Slither Wing|\n|poke|p1|Donphan, M|\n|poke|p1|Arcanine-Hisui, M|\n|poke|p1|Revavroom, M|\n|poke|p2|Kommo-o, M|\n|poke|p2|Dugtrio, F|\n|poke|p2|Cinderace, M|\n|poke|p2|Ceruledge, M|\n|poke|p2|Meowscarada, F|\n|poke|p2|Rotom-Wash|\n|teampreview\n|inactive|Battle timer is ON: inactive players will automatically lose when time's up. (requested by BenBenzZX)\n|\n|t:|1700040411\n|start\n|switch|p1a: Slowbro|Slowbro, M, shiny|100\/100\n|switch|p2a: Rotom|Rotom-Wash, shiny|100\/100\n|turn|1\n|\n|t:|1700040418\n|move|p2a: Rotom|Thunder Wave|p1a: Slowbro|[miss]\n|-miss|p2a: Rotom|p1a: Slowbro\n|move|p1a: Slowbro|Trick Room|p1a: Slowbro\n|-fieldstart|move: Trick Room|[of] p1a: Slowbro\n|\n|upkeep\n|turn|2\n|\n|t:|1700040440\n|move|p1a: Slowbro|Psychic|p2a: Rotom\n|-damage|p2a: Rotom|58\/100\n|move|p2a: Rotom|Thunder Wave|p1a: Slowbro\n|-status|p1a: Slowbro|par\n|\n|-heal|p2a: Rotom|64\/100|[from] item: Leftovers\n|upkeep\n|turn|3\n|\n|t:|1700040448\n|move|p1a: Slowbro|Psychic|p2a: Rotom\n|-damage|p2a: Rotom|15\/100\n|move|p2a: Rotom|Volt Switch|p1a: Slowbro\n|-supereffective|p1a: Slowbro\n|-damage|p1a: Slowbro|30\/100 par\n|-enditem|p1a: Slowbro|Weakness Policy\n|-boost|p1a: Slowbro|atk|2|[from] item: Weakness Policy\n|-boost|p1a: Slowbro|spa|2|[from] item: Weakness Policy\n|\n|t:|1700040457\n|switch|p2a: Meowscarada|Meowscarada, F|100\/100|[from] Volt Switch\n|\n|upkeep\n|turn|4\n|\n|t:|1700040463\n|switch|p1a: Slither Wing|Slither Wing|100\/100\n|move|p2a: Meowscarada|U-turn|p1a: Slither Wing\n|-start|p2a: Meowscarada|typechange|Bug|[from] ability: Protean\n|-resisted|p1a: Slither Wing\n|-damage|p1a: Slither Wing|76\/100\n|-damage|p2a: Meowscarada|91\/100|[from] item: Life Orb\n|\n|t:|1700040470\n|switch|p2a: Rotom|Rotom-Wash, shiny|15\/100|[from] U-turn\n|\n|-heal|p2a: Rotom|21\/100|[from] item: Leftovers\n|upkeep\n|turn|5\n|\n|t:|1700040476\n|move|p1a: Slither Wing|First Impression|p2a: Rotom\n|-damage|p2a: Rotom|0 fnt\n|faint|p2a: Rotom\n|\n|-fieldend|move: Trick Room\n|upkeep\n|\n|t:|1700040480\n|switch|p2a: Ceruledge|Ceruledge, M, shiny|100\/100\n|turn|6\n|\n|t:|1700040500\n|move|p2a: Ceruledge|Swords Dance|p2a: Ceruledge\n|-boost|p2a: Ceruledge|atk|2\n|move|p1a: Slither Wing|U-turn|p2a: Ceruledge\n|-resisted|p2a: Ceruledge\n|-damage|p2a: Ceruledge|83\/100\n|-ability|p2a: Ceruledge|Weak Armor|boost\n|-unboost|p2a: Ceruledge|def|1\n|-boost|p2a: Ceruledge|spe|2\n|\n|t:|1700040512\n|-end|p1a: Slither Wing|Protosynthesis|[silent]\n|switch|p1a: Donphan|Donphan, M|100\/100|[from] U-turn\n|\n|upkeep\n|turn|7\n|\n|t:|1700040520\n|move|p2a: Ceruledge|Poltergeist|p1a: Donphan|[miss]\n|-miss|p2a: Ceruledge|p1a: Donphan\n|move|p1a: Donphan|Earthquake|p2a: Ceruledge\n|-supereffective|p2a: Ceruledge\n|-damage|p2a: Ceruledge|0 fnt\n|faint|p2a: Ceruledge\n|\n|upkeep\n|\n|t:|1700040524\n|switch|p2a: Meowscarada|Meowscarada, F|91\/100\n|turn|8\n|\n|t:|1700040530\n|switch|p1a: Slither Wing|Slither Wing|76\/100\n|move|p2a: Meowscarada|Flower Trick|p1a: Slither Wing\n|-start|p2a: Meowscarada|typechange|Grass|[from] ability: Protean\n|-resisted|p1a: Slither Wing\n|-crit|p1a: Slither Wing\n|-damage|p1a: Slither Wing|39\/100\n|-damage|p2a: Meowscarada|81\/100|[from] item: Life Orb\n|\n|upkeep\n|turn|9\n|\n|t:|1700040540\n|switch|p2a: Dugtrio|Dugtrio, F|100\/100\n|move|p1a: Slither Wing|U-turn|p2a: Dugtrio\n|-enditem|p2a: Dugtrio|Focus Sash\n|-damage|p2a: Dugtrio|1\/100\n|\n|t:|1700040546\n|-end|p1a: Slither Wing|Protosynthesis|[silent]\n|switch|p1a: Donphan|Donphan, M|100\/100|[from] U-turn\n|\n|upkeep\n|turn|10\n|\n|t:|1700040551\n|move|p1a: Donphan|Ice Shard|p2a: Dugtrio\n|-supereffective|p2a: Dugtrio\n|-damage|p2a: Dugtrio|0 fnt\n|faint|p2a: Dugtrio\n|\n|upkeep\n|\n|t:|1700040553\n|switch|p2a: Kommo-o|Kommo-o, M|100\/100\n|turn|11\n|\n|t:|1700040575\n|switch|p1a: Slowbro|Slowbro, M, shiny|63\/100 par\n|move|p2a: Kommo-o|Clangorous Soul|p2a: Kommo-o\n|-boost|p2a: Kommo-o|atk|1\n|-boost|p2a: Kommo-o|def|1\n|-boost|p2a: Kommo-o|spa|1\n|-boost|p2a: Kommo-o|spd|1\n|-boost|p2a: Kommo-o|spe|1\n|-damage|p2a: Kommo-o|68\/100\n|-enditem|p2a: Kommo-o|Throat Spray\n|-boost|p2a: Kommo-o|spa|1|[from] item: Throat Spray\n|\n|upkeep\n|turn|12\n|\n|t:|1700040586\n|move|p2a: Kommo-o|Clanging Scales|p1a: Slowbro\n|-damage|p1a: Slowbro|0 fnt\n|faint|p1a: Slowbro\n|-unboost|p2a: Kommo-o|def|1\n|\n|upkeep\n|inactive|dilkem has 120 seconds left.\n|inactive|dilkem has 90 seconds left.\n|\n|t:|1700040650\n|switch|p1a: Donphan|Donphan, M|100\/100\n|turn|13\n|\n|t:|1700040659\n|move|p2a: Kommo-o|Clanging Scales|p1a: Donphan\n|-crit|p1a: Donphan\n|-ability|p1a: Donphan|Sturdy\n|-damage|p1a: Donphan|1\/100\n|-unboost|p2a: Kommo-o|def|1\n|move|p1a: Donphan|Earthquake|p2a: Kommo-o\n|-damage|p2a: Kommo-o|0 fnt\n|faint|p2a: Kommo-o\n|\n|-heal|p1a: Donphan|7\/100|[from] item: Leftovers\n|upkeep\n|\n|t:|1700040667\n|switch|p2a: Meowscarada|Meowscarada, F|81\/100\n|turn|14\n|\n|t:|1700040672\n|move|p1a: Donphan|Ice Shard|p2a: Meowscarada\n|-supereffective|p2a: Meowscarada\n|-damage|p2a: Meowscarada|37\/100\n|move|p2a: Meowscarada|U-turn|p1a: Donphan\n|-start|p2a: Meowscarada|typechange|Bug|[from] ability: Protean\n|-damage|p1a: Donphan|0 fnt\n|faint|p1a: Donphan\n|-damage|p2a: Meowscarada|27\/100|[from] item: Life Orb\n|\n|t:|1700040681\n|switch|p2a: Cinderace|Cinderace, M, shiny|100\/100|[from] U-turn\n|\n|upkeep\n|\n|t:|1700040684\n|switch|p1a: Diancie|Diancie|100\/100\n|turn|15\n|\n|t:|1700040692\n|move|p2a: Cinderace|High Jump Kick|p1a: Diancie\n|-start|p2a: Cinderace|typechange|Fighting|[from] ability: Libero\n|-damage|p1a: Diancie|54\/100\n|move|p1a: Diancie|Trick Room|p1a: Diancie\n|-fieldstart|move: Trick Room|[of] p1a: Diancie\n|\n|-heal|p1a: Diancie|60\/100|[from] item: Leftovers\n|upkeep\n|turn|16\n|\n|t:|1700040700\n|move|p1a: Diancie|Moonblast|p2a: Cinderace\n|-supereffective|p2a: Cinderace\n|-damage|p2a: Cinderace|0 fnt\n|faint|p2a: Cinderace\n|\n|-heal|p1a: Diancie|66\/100|[from] item: Leftovers\n|upkeep\n|-message|BenBenzZX forfeited.\n|\n|win|dilkem\n|raw|dilkem's rating: 1381 &rarr; <strong>1401<\/strong><br \/>(+20 for winning)\n|raw|BenBenzZX's rating: 1383 &rarr; <strong>1363<\/strong><br \/>(-20 for losing)\n|l|\u2606BenBenzZX\n","uploadtime":1700040709,"views":7,"p1id":"dilkem","p2id":"benbenzzx","formatid":"gen9ou","rating":1363,"private":0,"password":""}