{"id":"gen9ou-1994324589","p1":"Not Hell","p2":"Prince Smurf","format":"[Gen 9] OU","log":"|j|\u2606Not Hell\n|j|\u2606Prince Smurf\n|t:|1700431205\n|gametype|singles\n|player|p1|Not Hell|flint|\n|player|p2|Prince Smurf|hop-masters|\n|teamsize|p1|6\n|teamsize|p2|6\n|gen|9\n|tier|[Gen 9] OU\n|rule|Sleep Clause Mod: Limit one foe put to sleep\n|rule|Species Clause: Limit one of each Pok\u00e9mon\n|rule|OHKO Clause: OHKO moves are banned\n|rule|Evasion Items Clause: Evasion items are banned\n|rule|Evasion Moves Clause: Evasion moves are banned\n|rule|Endless Battle Clause: Forcing endless battles is banned\n|rule|HP Percentage Mod: HP is shown in percentages\n|clearpoke\n|poke|p1|Noivern, F|\n|poke|p1|Corviknight, M|\n|poke|p1|Golem, M|\n|poke|p1|Ditto|\n|poke|p1|Quagsire, M|\n|poke|p1|Ceruledge, M|\n|poke|p2|Pincurchin, F|\n|poke|p2|Hawlucha, M|\n|poke|p2|Garganacl, M|\n|poke|p2|Cyclizar, F|\n|poke|p2|Ninetales-Alola, M|\n|poke|p2|Gastrodon-East, F|\n|teampreview\n|c|\u2606Not Hell|gl hffff\n|j| Horrific17\n|c|\u2606Prince Smurf|my stomach hurts\n|c|\u2606Prince Smurf|gl hf\n|c| Horrific17|youre giving birth\n|\n|t:|1700431265\n|start\n|switch|p1a: Noivern|Noivern, F|100\/100\n|switch|p2a: Ninetales|Ninetales-Alola, M|100\/100\n|-weather|Snow|[from] ability: Snow Warning|[of] p2a: Ninetales\n|turn|1\n|l|\u2606Prince Smurf\n|player|p2|\n|j|\u2606Prince Smurf\n|player|p2|Prince Smurf|hop-masters\n|\n|t:|1700431325\n|switch|p2a: Garganacl|Garganacl, M|100\/100\n|move|p1a: Noivern|U-turn|p2a: Garganacl\n|-damage|p2a: Garganacl|93\/100\n|\n|t:|1700431329\n|switch|p1a: Golem|Golem, M|100\/100|[from] U-turn\n|\n|-weather|Snow|[upkeep]\n|-heal|p2a: Garganacl|99\/100|[from] item: Leftovers\n|upkeep\n|turn|2\n|\n|t:|1700431376\n|switch|p2a: Ninetales|Ninetales-Alola, M|100\/100\n|move|p1a: Golem|Earthquake|p2a: Ninetales\n|-crit|p2a: Ninetales\n|-damage|p2a: Ninetales|11\/100\n|\n|-weather|Snow|[upkeep]\n|upkeep\n|turn|3\n|c|\u2606Prince Smurf|ow\n|\n|t:|1700431387\n|move|p2a: Ninetales|Aurora Veil|p2a: Ninetales\n|-sidestart|p2: Prince Smurf|move: Aurora Veil\n|move|p1a: Golem|Earthquake|p2a: Ninetales\n|-damage|p2a: Ninetales|0 fnt\n|faint|p2a: Ninetales\n|\n|-weather|Snow|[upkeep]\n|upkeep\n|\n|t:|1700431398\n|switch|p2a: Garganacl|Garganacl, M|99\/100\n|turn|4\n|c|\u2606Prince Smurf|wait fuck\n|c|\u2606Prince Smurf|there's a quagsire\n|c|\u2606Prince Smurf|LOL\n|c| Horrific17|sure is\n|c|\u2606Not Hell|my quagyyyy\n|\n|t:|1700431437\n|switch|p2a: Gastrodon|Gastrodon-East, F|100\/100\n|move|p1a: Golem|Earthquake|p2a: Gastrodon\n|-damage|p2a: Gastrodon|71\/100\n|\n|-weather|Snow|[upkeep]\n|-heal|p2a: Gastrodon|77\/100|[from] item: Leftovers\n|upkeep\n|turn|5\n|\n|t:|1700431459\n|switch|p1a: Corviknight|Corviknight, M|100\/100\n|-ability|p1a: Corviknight|Pressure\n|move|p2a: Gastrodon|Earth Power|p1a: Corviknight\n|-immune|p1a: Corviknight\n|\n|-weather|none\n|-heal|p2a: Gastrodon|83\/100|[from] item: Leftovers\n|upkeep\n|turn|6\n|\n|t:|1700431467\n|move|p1a: Corviknight|U-turn|p2a: Gastrodon\n|-damage|p2a: Gastrodon|76\/100\n|\n|t:|1700431475\n|switch|p1a: Quagsire|Quagsire, M|100\/100|[from] U-turn\n|move|p2a: Gastrodon|Stealth Rock|p1a: Quagsire\n|-sidestart|p1: Not Hell|move: Stealth Rock\n|\n|-heal|p2a: Gastrodon|82\/100|[from] item: Leftovers\n|upkeep\n|turn|7\n|\n|t:|1700431490\n|move|p2a: Gastrodon|Earth Power|p1a: Quagsire\n|-damage|p1a: Quagsire|65\/100\n|move|p1a: Quagsire|Toxic|p2a: Gastrodon\n|-status|p2a: Gastrodon|tox\n|\n|-heal|p2a: Gastrodon|88\/100 tox|[from] item: Leftovers\n|-heal|p1a: Quagsire|71\/100|[from] item: Leftovers\n|-damage|p2a: Gastrodon|82\/100 tox|[from] psn\n|upkeep\n|turn|8\n|\n|t:|1700431501\n|switch|p2a: Cyclizar|Cyclizar, F|100\/100\n|move|p1a: Quagsire|Acid Spray|p2a: Cyclizar\n|-damage|p2a: Cyclizar|98\/100\n|-unboost|p2a: Cyclizar|spd|2\n|\n|-heal|p1a: Quagsire|77\/100|[from] item: Leftovers\n|upkeep\n|turn|9\n|\n|t:|1700431523\n|switch|p1a: Corviknight|Corviknight, M|100\/100\n|-damage|p1a: Corviknight|88\/100|[from] Stealth Rock\n|-ability|p1a: Corviknight|Pressure\n|move|p2a: Cyclizar|Knock Off|p1a: Corviknight\n|-damage|p1a: Corviknight|75\/100\n|-damage|p2a: Cyclizar|81\/100|[from] item: Rocky Helmet|[of] p1a: Corviknight\n|-enditem|p1a: Corviknight|Rocky Helmet|[from] move: Knock Off|[of] p2a: Cyclizar\n|\n|upkeep\n|turn|10\n|\n|t:|1700431536\n|move|p2a: Cyclizar|Overheat|p1a: Corviknight\n|-supereffective|p1a: Corviknight\n|-damage|p1a: Corviknight|31\/100\n|-unboost|p2a: Cyclizar|spa|2\n|move|p1a: Corviknight|Defog|p2a: Cyclizar\n|-unboost|p2a: Cyclizar|evasion|1\n|-sideend|p2: Prince Smurf|move: Aurora Veil\n|-sideend|p1: Not Hell|Stealth Rock|[from] move: Defog|[of] p1a: Corviknight\n|\n|upkeep\n|turn|11\n|\n|t:|1700431549\n|move|p2a: Cyclizar|U-turn|p1a: Corviknight\n|-resisted|p1a: Corviknight\n|-damage|p1a: Corviknight|29\/100\n|\n|t:|1700431553\n|switch|p2a: Pincurchin|Pincurchin, F|100\/100|[from] U-turn\n|-fieldstart|move: Electric Terrain|[from] ability: Electric Surge|[of] p2a: Pincurchin\n|move|p1a: Corviknight|Roost|p1a: Corviknight\n|-heal|p1a: Corviknight|79\/100\n|-singleturn|p1a: Corviknight|move: Roost\n|\n|upkeep\n|turn|12\n|\n|t:|1700431562\n|switch|p1a: Golem|Golem, M|100\/100\n|move|p2a: Pincurchin|Spikes|p1a: Golem\n|-sidestart|p1: Not Hell|Spikes\n|\n|upkeep\n|turn|13\n|\n|t:|1700431581\n|switch|p2a: Hawlucha|Hawlucha, M|100\/100\n|-enditem|p2a: Hawlucha|Electric Seed\n|-boost|p2a: Hawlucha|def|1|[from] item: Electric Seed\n|move|p1a: Golem|Earthquake|p2a: Hawlucha\n|-immune|p2a: Hawlucha\n|\n|upkeep\n|turn|14\n|\n|t:|1700431595\n|switch|p1a: Ceruledge|Ceruledge, M|100\/100\n|move|p2a: Hawlucha|Close Combat|p1a: Ceruledge\n|-immune|p1a: Ceruledge\n|\n|upkeep\n|turn|15\n|\n|t:|1700431601\n|move|p2a: Hawlucha|Swords Dance|p2a: Hawlucha\n|-boost|p2a: Hawlucha|atk|2\n|move|p1a: Ceruledge|Bulk Up|p1a: Ceruledge\n|-boost|p1a: Ceruledge|atk|1\n|-boost|p1a: Ceruledge|def|1\n|\n|upkeep\n|turn|16\n|\n|t:|1700431636\n|move|p2a: Hawlucha|Acrobatics|p1a: Ceruledge\n|-damage|p1a: Ceruledge|15\/100\n|-ability|p1a: Ceruledge|Weak Armor|boost\n|-unboost|p1a: Ceruledge|def|1\n|-boost|p1a: Ceruledge|spe|2\n|move|p1a: Ceruledge|Bitter Blade|p2a: Hawlucha\n|-damage|p2a: Hawlucha|28\/100\n|-heal|p1a: Ceruledge|51\/100|[from] drain|[of] p2a: Hawlucha\n|\n|upkeep\n|turn|17\n|\n|t:|1700431650\n|move|p1a: Ceruledge|Endure|p1a: Ceruledge\n|-singleturn|p1a: Ceruledge|move: Endure\n|move|p2a: Hawlucha|Acrobatics|p1a: Ceruledge\n|-activate|p1a: Ceruledge|move: Endure\n|-damage|p1a: Ceruledge|1\/100\n|-ability|p1a: Ceruledge|Weak Armor|boost\n|-unboost|p1a: Ceruledge|def|1\n|-boost|p1a: Ceruledge|spe|2\n|\n|upkeep\n|turn|18\n|\n|t:|1700431680\n|switch|p2a: Garganacl|Garganacl, M|99\/100\n|move|p1a: Ceruledge|Poltergeist|p2a: Garganacl\n|-activate|p2a: Garganacl|move: Poltergeist|Leftovers\n|-damage|p2a: Garganacl|72\/100\n|\n|-heal|p2a: Garganacl|78\/100|[from] item: Leftovers\n|-fieldend|move: Electric Terrain\n|upkeep\n|turn|19\n|\n|t:|1700431730\n|switch|p1a: Corviknight|Corviknight, M|79\/100\n|-ability|p1a: Corviknight|Pressure\n|move|p2a: Garganacl|Salt Cure|p1a: Corviknight\n|-damage|p1a: Corviknight|70\/100\n|-start|p1a: Corviknight|Salt Cure\n|\n|-heal|p2a: Garganacl|84\/100|[from] item: Leftovers\n|-damage|p1a: Corviknight|45\/100|[from] Salt Cure\n|upkeep\n|turn|20\n|\n|t:|1700431743\n|switch|p2a: Pincurchin|Pincurchin, F|100\/100\n|-fieldstart|move: Electric Terrain|[from] ability: Electric Surge|[of] p2a: Pincurchin\n|move|p1a: Corviknight|Defog|p2a: Pincurchin\n|-unboost|p2a: Pincurchin|evasion|1\n|-sideend|p1: Not Hell|Spikes|[from] move: Defog|[of] p1a: Corviknight\n|-fieldend|move: Electric Terrain\n|\n|-damage|p1a: Corviknight|20\/100|[from] Salt Cure\n|upkeep\n|turn|21\n|\n|t:|1700431766\n|move|p1a: Corviknight|Roost|p1a: Corviknight\n|-heal|p1a: Corviknight|70\/100\n|-singleturn|p1a: Corviknight|move: Roost\n|move|p2a: Pincurchin|Spikes|p1a: Corviknight\n|-sidestart|p1: Not Hell|Spikes\n|\n|-damage|p1a: Corviknight|45\/100|[from] Salt Cure\n|upkeep\n|turn|22\n|\n|t:|1700431771\n|move|p1a: Corviknight|U-turn|p2a: Pincurchin\n|-damage|p2a: Pincurchin|87\/100\n|\n|t:|1700431775\n|switch|p1a: Quagsire|Quagsire, M|77\/100|[from] U-turn\n|-damage|p1a: Quagsire|65\/100|[from] Spikes\n|move|p2a: Pincurchin|Discharge|p1a: Quagsire\n|-immune|p1a: Quagsire\n|\n|-heal|p1a: Quagsire|71\/100|[from] item: Leftovers\n|upkeep\n|turn|23\n|\n|t:|1700431788\n|switch|p2a: Cyclizar|Cyclizar, F|100\/100\n|move|p1a: Quagsire|Toxic|p2a: Cyclizar\n|-status|p2a: Cyclizar|tox\n|\n|-heal|p1a: Quagsire|77\/100|[from] item: Leftovers\n|-damage|p2a: Cyclizar|94\/100 tox|[from] psn\n|upkeep\n|turn|24\n|\n|t:|1700431797\n|switch|p1a: Corviknight|Corviknight, M|45\/100\n|-ability|p1a: Corviknight|Pressure\n|move|p2a: Cyclizar|Knock Off|p1a: Corviknight\n|-damage|p1a: Corviknight|36\/100\n|\n|-damage|p2a: Cyclizar|82\/100 tox|[from] psn\n|upkeep\n|turn|25\n|\n|t:|1700431817\n|switch|p1a: Noivern|Noivern, F|100\/100\n|move|p2a: Cyclizar|Overheat|p1a: Noivern\n|-resisted|p1a: Noivern\n|-damage|p1a: Noivern|85\/100\n|-unboost|p2a: Cyclizar|spa|2\n|\n|-damage|p2a: Cyclizar|64\/100 tox|[from] psn\n|upkeep\n|turn|26\n|\n|t:|1700431823\n|switch|p2a: Garganacl|Garganacl, M|84\/100\n|move|p1a: Noivern|U-turn|p2a: Garganacl\n|-damage|p2a: Garganacl|76\/100\n|\n|t:|1700431826\n|switch|p1a: Golem|Golem, M|100\/100|[from] U-turn\n|-damage|p1a: Golem|88\/100|[from] Spikes\n|\n|-heal|p2a: Garganacl|82\/100|[from] item: Leftovers\n|upkeep\n|turn|27\n|\n|t:|1700431848\n|switch|p2a: Hawlucha|Hawlucha, M|28\/100\n|move|p1a: Golem|Stone Edge|p2a: Hawlucha\n|-crit|p2a: Hawlucha\n|-damage|p2a: Hawlucha|0 fnt\n|faint|p2a: Hawlucha\n|\n|upkeep\n|\n|t:|1700431859\n|switch|p2a: Gastrodon|Gastrodon-East, F|82\/100 tox\n|turn|28\n|\n|t:|1700431873\n|switch|p1a: Corviknight|Corviknight, M|36\/100\n|-ability|p1a: Corviknight|Pressure\n|move|p2a: Gastrodon|Stealth Rock|p1a: Corviknight\n|-sidestart|p1: Not Hell|move: Stealth Rock\n|\n|-heal|p2a: Gastrodon|88\/100 tox|[from] item: Leftovers\n|-damage|p2a: Gastrodon|82\/100 tox|[from] psn\n|upkeep\n|turn|29\n|\n|t:|1700431880\n|move|p1a: Corviknight|Defog|p2a: Gastrodon\n|-unboost|p2a: Gastrodon|evasion|1\n|-sideend|p1: Not Hell|Spikes|[from] move: Defog|[of] p1a: Corviknight\n|-sideend|p1: Not Hell|Stealth Rock|[from] move: Defog|[of] p1a: Corviknight\n|move|p2a: Gastrodon|Surf|p1a: Corviknight\n|-damage|p1a: Corviknight|9\/100\n|\n|-heal|p2a: Gastrodon|88\/100 tox|[from] item: Leftovers\n|-damage|p2a: Gastrodon|76\/100 tox|[from] psn\n|upkeep\n|turn|30\n|\n|t:|1700431890\n|move|p1a: Corviknight|Brave Bird|p2a: Gastrodon\n|-damage|p2a: Gastrodon|33\/100 tox\n|-damage|p1a: Corviknight|0 fnt|[from] Recoil\n|faint|p1a: Corviknight\n|move|p2a: Gastrodon|Earth Power|p1: Corviknight|[notarget]\n|-fail|p2a: Gastrodon\n|\n|-heal|p2a: Gastrodon|39\/100 tox|[from] item: Leftovers\n|-damage|p2a: Gastrodon|21\/100 tox|[from] psn\n|upkeep\n|\n|t:|1700431904\n|switch|p1a: Golem|Golem, M|88\/100\n|turn|31\n|\n|t:|1700431914\n|move|p1a: Golem|Earthquake|p2a: Gastrodon\n|-damage|p2a: Gastrodon|0 fnt\n|faint|p2a: Gastrodon\n|\n|upkeep\n|\n|t:|1700431940\n|switch|p2a: Garganacl|Garganacl, M|82\/100\n|turn|32\n|c|\u2606Prince Smurf|oh\n|c|\u2606Prince Smurf|LOL\n|c|\u2606Prince Smurf|WHY AM I CURSE TERA GHOST\n|c|\u2606Prince Smurf|Fuck\n|c| Horrific17|for quagsire\n|c| Horrific17|kappa\n|\n|t:|1700431989\n|-terastallize|p2a: Garganacl|Ghost\n|move|p1a: Golem|Earthquake|p2a: Garganacl\n|-damage|p2a: Garganacl|49\/100\n|move|p2a: Garganacl|Earthquake|p1a: Golem\n|-supereffective|p1a: Golem\n|-damage|p1a: Golem|52\/100\n|\n|-heal|p2a: Garganacl|55\/100|[from] item: Leftovers\n|upkeep\n|turn|33\n|\n|t:|1700432006\n|move|p1a: Golem|Earthquake|p2a: Garganacl\n|-damage|p2a: Garganacl|20\/100\n|move|p2a: Garganacl|Recover|p2a: Garganacl\n|-heal|p2a: Garganacl|70\/100\n|\n|-heal|p2a: Garganacl|76\/100|[from] item: Leftovers\n|upkeep\n|turn|34\n|\n|t:|1700432014\n|move|p1a: Golem|Earthquake|p2a: Garganacl\n|-damage|p2a: Garganacl|38\/100\n|move|p2a: Garganacl|Recover|p2a: Garganacl\n|-heal|p2a: Garganacl|88\/100\n|\n|-heal|p2a: Garganacl|95\/100|[from] item: Leftovers\n|upkeep\n|turn|35\n|\n|t:|1700432021\n|move|p1a: Golem|Earthquake|p2a: Garganacl\n|-damage|p2a: Garganacl|59\/100\n|move|p2a: Garganacl|Earthquake|p1a: Golem\n|-supereffective|p1a: Golem\n|-damage|p1a: Golem|18\/100\n|\n|-heal|p2a: Garganacl|66\/100|[from] item: Leftovers\n|upkeep\n|turn|36\n|\n|t:|1700432035\n|switch|p1a: Ceruledge|Ceruledge, M|1\/100\n|move|p2a: Garganacl|Recover|p2a: Garganacl\n|-heal|p2a: Garganacl|100\/100\n|\n|upkeep\n|turn|37\n|\n|t:|1700432043\n|move|p1a: Ceruledge|Poltergeist|p2a: Garganacl\n|-activate|p2a: Garganacl|move: Poltergeist|Leftovers\n|-supereffective|p2a: Garganacl\n|-damage|p2a: Garganacl|62\/100\n|move|p2a: Garganacl|Earthquake|p1a: Ceruledge\n|-supereffective|p1a: Ceruledge\n|-damage|p1a: Ceruledge|0 fnt\n|faint|p1a: Ceruledge\n|\n|-heal|p2a: Garganacl|68\/100|[from] item: Leftovers\n|upkeep\n|\n|t:|1700432053\n|switch|p1a: Ditto|Ditto|100\/100\n|-transform|p1a: Ditto|p2a: Garganacl|[from] ability: Imposter\n|-start|p1a: Ditto|typechange|Rock|[silent]\n|turn|38\n|\n|t:|1700432069\n|move|p1a: Ditto|Salt Cure|p2a: Garganacl\n|-damage|p2a: Garganacl|58\/100\n|-start|p2a: Garganacl|Salt Cure\n|move|p2a: Garganacl|Earthquake|p1a: Ditto\n|-supereffective|p1a: Ditto\n|-damage|p1a: Ditto|62\/100\n|\n|-heal|p2a: Garganacl|64\/100|[from] item: Leftovers\n|-damage|p2a: Garganacl|52\/100|[from] Salt Cure\n|upkeep\n|turn|39\n|c| Horrific17|so imposter doesnt copy the tera type\n|c| Horrific17|i see\n|c| Horrific17|did not know that\n|\n|t:|1700432091\n|switch|p1a: Quagsire|Quagsire, M|77\/100\n|move|p2a: Garganacl|Salt Cure|p1a: Quagsire\n|-resisted|p1a: Quagsire\n|-damage|p1a: Quagsire|73\/100\n|-start|p1a: Quagsire|Salt Cure\n|\n|-heal|p1a: Quagsire|79\/100|[from] item: Leftovers\n|-heal|p2a: Garganacl|58\/100|[from] item: Leftovers\n|-damage|p2a: Garganacl|46\/100|[from] Salt Cure\n|-damage|p1a: Quagsire|54\/100|[from] Salt Cure\n|upkeep\n|turn|40\n|\n|t:|1700432105\n|switch|p1a: Golem|Golem, M|18\/100\n|move|p2a: Garganacl|Recover|p2a: Garganacl\n|-heal|p2a: Garganacl|96\/100\n|\n|-heal|p2a: Garganacl|100\/100|[from] item: Leftovers\n|-damage|p2a: Garganacl|88\/100|[from] Salt Cure\n|upkeep\n|turn|41\n|-enditem|p1a: Golem|Custap Berry|[eat]\n|-activate|p1a: Golem|item: Custap Berry|[consumed]\n|\n|t:|1700432116\n|move|p1a: Golem|Earthquake|p2a: Garganacl\n|-damage|p2a: Garganacl|53\/100\n|move|p2a: Garganacl|Earthquake|p1a: Golem\n|-supereffective|p1a: Golem\n|-damage|p1a: Golem|0 fnt\n|faint|p1a: Golem\n|\n|-heal|p2a: Garganacl|59\/100|[from] item: Leftovers\n|-damage|p2a: Garganacl|47\/100|[from] Salt Cure\n|upkeep\n|\n|t:|1700432133\n|switch|p1a: Quagsire|Quagsire, M|54\/100\n|turn|42\n|\n|t:|1700432138\n|move|p1a: Quagsire|Acid Spray|p2a: Garganacl\n|-resisted|p2a: Garganacl\n|-damage|p2a: Garganacl|45\/100\n|-unboost|p2a: Garganacl|spd|2\n|move|p2a: Garganacl|Recover|p2a: Garganacl\n|-heal|p2a: Garganacl|95\/100\n|\n|-heal|p2a: Garganacl|100\/100|[from] item: Leftovers\n|-heal|p1a: Quagsire|60\/100|[from] item: Leftovers\n|-damage|p2a: Garganacl|88\/100|[from] Salt Cure\n|upkeep\n|turn|43\n|\n|t:|1700432178\n|move|p1a: Quagsire|Acid Spray|p2a: Garganacl\n|-resisted|p2a: Garganacl\n|-damage|p2a: Garganacl|86\/100\n|-unboost|p2a: Garganacl|spd|2\n|move|p2a: Garganacl|Salt Cure|p1a: Quagsire\n|-resisted|p1a: Quagsire\n|-damage|p1a: Quagsire|55\/100\n|-start|p1a: Quagsire|Salt Cure\n|\n|-heal|p1a: Quagsire|61\/100|[from] item: Leftovers\n|-heal|p2a: Garganacl|92\/100|[from] item: Leftovers\n|-damage|p2a: Garganacl|80\/100|[from] Salt Cure\n|-damage|p1a: Quagsire|36\/100|[from] Salt Cure\n|upkeep\n|turn|44\n|\n|t:|1700432184\n|move|p2a: Garganacl|Earthquake|p1a: Quagsire\n|-damage|p1a: Quagsire|20\/100\n|move|p1a: Quagsire|Recover|p1a: Quagsire\n|-heal|p1a: Quagsire|70\/100\n|\n|-heal|p2a: Garganacl|86\/100|[from] item: Leftovers\n|-heal|p1a: Quagsire|76\/100|[from] item: Leftovers\n|-damage|p2a: Garganacl|74\/100|[from] Salt Cure\n|-damage|p1a: Quagsire|52\/100|[from] Salt Cure\n|upkeep\n|turn|45\n|\n|t:|1700432191\n|switch|p1a: Noivern|Noivern, F|85\/100\n|move|p2a: Garganacl|Earthquake|p1a: Noivern\n|-immune|p1a: Noivern\n|\n|-heal|p2a: Garganacl|80\/100|[from] item: Leftovers\n|-damage|p2a: Garganacl|67\/100|[from] Salt Cure\n|upkeep\n|turn|46\n|\n|t:|1700432204\n|switch|p2a: Pincurchin|Pincurchin, F|87\/100\n|-fieldstart|move: Electric Terrain|[from] ability: Electric Surge|[of] p2a: Pincurchin\n|move|p1a: Noivern|Draco Meteor|p2a: Pincurchin\n|-damage|p2a: Pincurchin|20\/100\n|-unboost|p1a: Noivern|spa|2\n|\n|upkeep\n|turn|47\n|\n|t:|1700432213\n|move|p1a: Noivern|Draco Meteor|p2a: Pincurchin\n|-damage|p2a: Pincurchin|0 fnt\n|-unboost|p1a: Noivern|spa|2\n|faint|p2a: Pincurchin\n|\n|upkeep\n|\n|t:|1700432220\n|switch|p2a: Garganacl|Garganacl, M, tera:Ghost|67\/100\n|turn|48\n|\n|t:|1700432230\n|move|p1a: Noivern|U-turn|p2a: Garganacl\n|-resisted|p2a: Garganacl\n|-damage|p2a: Garganacl|64\/100\n|\n|t:|1700432232\n|switch|p1a: Ditto|Ditto|62\/100|[from] U-turn\n|-transform|p1a: Ditto|p2a: Garganacl|[from] ability: Imposter\n|move|p2a: Garganacl|Salt Cure|p1a: Ditto\n|-damage|p1a: Ditto|48\/100\n|-start|p1a: Ditto|Salt Cure\n|\n|-heal|p2a: Garganacl|70\/100|[from] item: Leftovers\n|-damage|p1a: Ditto|36\/100|[from] Salt Cure\n|upkeep\n|turn|49\n|\n|t:|1700432251\n|move|p1a: Ditto|Salt Cure|p2a: Garganacl\n|-damage|p2a: Garganacl|60\/100\n|-start|p2a: Garganacl|Salt Cure\n|move|p2a: Garganacl|Earthquake|p1a: Ditto\n|-supereffective|p1a: Ditto\n|-damage|p1a: Ditto|0 fnt\n|faint|p1a: Ditto\n|\n|-heal|p2a: Garganacl|66\/100|[from] item: Leftovers\n|-damage|p2a: Garganacl|54\/100|[from] Salt Cure\n|upkeep\n|\n|t:|1700432264\n|switch|p1a: Noivern|Noivern, F|85\/100\n|turn|50\n|\n|t:|1700432295\n|move|p1a: Noivern|U-turn|p2a: Garganacl\n|-resisted|p2a: Garganacl\n|-damage|p2a: Garganacl|50\/100\n|\n|t:|1700432297\n|switch|p1a: Quagsire|Quagsire, M|52\/100|[from] U-turn\n|move|p2a: Garganacl|Recover|p2a: Garganacl\n|-heal|p2a: Garganacl|99\/100\n|\n|-heal|p1a: Quagsire|58\/100|[from] item: Leftovers\n|-heal|p2a: Garganacl|100\/100|[from] item: Leftovers\n|-damage|p2a: Garganacl|88\/100|[from] Salt Cure\n|upkeep\n|turn|51\n|\n|t:|1700432308\n|-terastallize|p1a: Quagsire|Poison\n|move|p2a: Garganacl|Salt Cure|p1a: Quagsire\n|-damage|p1a: Quagsire|48\/100\n|-start|p1a: Quagsire|Salt Cure\n|move|p1a: Quagsire|Acid Spray|p2a: Garganacl\n|-resisted|p2a: Garganacl\n|-damage|p2a: Garganacl|84\/100\n|-unboost|p2a: Garganacl|spd|2\n|\n|-heal|p2a: Garganacl|90\/100|[from] item: Leftovers\n|-heal|p1a: Quagsire|55\/100|[from] item: Leftovers\n|-damage|p2a: Garganacl|77\/100|[from] Salt Cure\n|-damage|p1a: Quagsire|42\/100|[from] Salt Cure\n|upkeep\n|turn|52\n|\n|t:|1700432323\n|switch|p1a: Noivern|Noivern, F|85\/100\n|move|p2a: Garganacl|Earthquake|p1a: Noivern\n|-immune|p1a: Noivern\n|\n|-heal|p2a: Garganacl|84\/100|[from] item: Leftovers\n|-damage|p2a: Garganacl|71\/100|[from] Salt Cure\n|upkeep\n|turn|53\n|c|\u2606Prince Smurf|unfort\n|\n|t:|1700432351\n|switch|p2a: Cyclizar|Cyclizar, F|97\/100 tox\n|move|p1a: Noivern|Draco Meteor|p2a: Cyclizar\n|-supereffective|p2a: Cyclizar\n|-damage|p2a: Cyclizar|6\/100 tox\n|-unboost|p1a: Noivern|spa|2\n|\n|-damage|p2a: Cyclizar|0 fnt|[from] psn\n|faint|p2a: Cyclizar\n|-fieldend|move: Electric Terrain\n|upkeep\n|\n|t:|1700432358\n|switch|p2a: Garganacl|Garganacl, M, tera:Ghost|71\/100\n|turn|54\n|\n|t:|1700432362\n|move|p1a: Noivern|U-turn|p2a: Garganacl\n|-resisted|p2a: Garganacl\n|-damage|p2a: Garganacl|68\/100\n|\n|t:|1700432365\n|switch|p1a: Quagsire|Quagsire, M, tera:Poison|42\/100|[from] U-turn\n|move|p2a: Garganacl|Salt Cure|p1a: Quagsire\n|-damage|p1a: Quagsire|32\/100\n|-start|p1a: Quagsire|Salt Cure\n|\n|-heal|p1a: Quagsire|38\/100|[from] item: Leftovers\n|-heal|p2a: Garganacl|74\/100|[from] item: Leftovers\n|-damage|p1a: Quagsire|26\/100|[from] Salt Cure\n|upkeep\n|turn|55\n|\n|t:|1700432378\n|move|p2a: Garganacl|Earthquake|p1a: Quagsire\n|-supereffective|p1a: Quagsire\n|-damage|p1a: Quagsire|0 fnt\n|faint|p1a: Quagsire\n|\n|-heal|p2a: Garganacl|80\/100|[from] item: Leftovers\n|upkeep\n|\n|t:|1700432383\n|switch|p1a: Noivern|Noivern, F|85\/100\n|turn|56\n|\n|t:|1700432386\n|move|p1a: Noivern|Hurricane|p2a: Garganacl\n|-damage|p2a: Garganacl|50\/100\n|move|p2a: Garganacl|Salt Cure|p1a: Noivern\n|-supereffective|p1a: Noivern\n|-damage|p1a: Noivern|50\/100\n|-start|p1a: Noivern|Salt Cure\n|\n|-heal|p2a: Garganacl|56\/100|[from] item: Leftovers\n|-damage|p1a: Noivern|38\/100|[from] Salt Cure\n|upkeep\n|turn|57\n|\n|t:|1700432393\n|move|p1a: Noivern|Draco Meteor|p2a: Garganacl\n|-damage|p2a: Garganacl|21\/100\n|-unboost|p1a: Noivern|spa|2\n|move|p2a: Garganacl|Salt Cure|p1a: Noivern\n|-supereffective|p1a: Noivern\n|-crit|p1a: Noivern\n|-damage|p1a: Noivern|0 fnt\n|faint|p1a: Noivern\n|\n|win|Prince Smurf\n|c|\u2606Prince Smurf|garganacl gaming\n|c|\u2606Prince Smurf|gggg\n|c|\u2606Prince Smurf|Pog\n|c|\u2606Not Hell|Man you got meeee\n|c|\u2606Not Hell|gg\n|l| Horrific17\n|l|\u2606Prince Smurf\n|l|\u2606Not Hell\n|j|\u2606Not Hell\n|player|p1|Not Hell|flint\n","uploadtime":1700432424,"views":9,"p1id":"nothell","p2id":"princesmurf","formatid":"gen9ou","rating":0,"private":0,"password":""}