{"id":"gen9ou-1988479345","p1":"ArchBaka","p2":"kronk104","format":"[Gen 9] OU","log":"|j|\u2606ArchBaka\n|j|\u2606kronk104\n|t:|1699727361\n|gametype|singles\n|player|p1|ArchBaka|misty|\n|player|p2|kronk104|shauntal|\n|teamsize|p1|6\n|teamsize|p2|6\n|gen|9\n|tier|[Gen 9] OU\n|rule|Sleep Clause Mod: Limit one foe put to sleep\n|rule|Species Clause: Limit one of each Pok\u00e9mon\n|rule|OHKO Clause: OHKO moves are banned\n|rule|Evasion Items Clause: Evasion items are banned\n|rule|Evasion Moves Clause: Evasion moves are banned\n|rule|Endless Battle Clause: Forcing endless battles is banned\n|rule|HP Percentage Mod: HP is shown in percentages\n|clearpoke\n|poke|p1|Braviary-Hisui, M|\n|poke|p1|Zarude-Dada|\n|poke|p1|Blissey, F|\n|poke|p1|Greninja-*, M|\n|poke|p1|Gallade, M|\n|poke|p1|Cinderace, F|\n|poke|p2|Gyarados, M|\n|poke|p2|Noivern, M|\n|poke|p2|Glimmet, M|\n|poke|p2|Perrserker, F|\n|poke|p2|Gastrodon, F|\n|poke|p2|Gogoat, F|\n|teampreview\n|j| Karpsy\n|j| Col Spiffington\n|\n|t:|1699727395\n|start\n|switch|p1a: Madoka|Blissey, F, shiny|100\/100\n|switch|p2a: shit sprite|Glimmet, M|100\/100\n|turn|1\n|\n|t:|1699727417\n|move|p2a: shit sprite|Spikes|p1a: Madoka\n|-sidestart|p1: ArchBaka|Spikes\n|move|p1a: Madoka|Stealth Rock|p2a: shit sprite\n|-sidestart|p2: kronk104|move: Stealth Rock\n|\n|upkeep\n|turn|2\n|\n|t:|1699727424\n|move|p2a: shit sprite|Stone Edge|p1a: Madoka\n|-crit|p1a: Madoka\n|-damage|p1a: Madoka|58\/100\n|move|p1a: Madoka|Light Screen|p1a: Madoka\n|-sidestart|p1: ArchBaka|move: Light Screen\n|\n|upkeep\n|turn|3\n|\n|t:|1699727433\n|move|p2a: shit sprite|Stone Edge|p1a: Madoka\n|-damage|p1a: Madoka|30\/100\n|move|p1a: Madoka|Seismic Toss|p2a: shit sprite\n|-damage|p2a: shit sprite|67\/100\n|-activate|p2a: shit sprite|ability: Toxic Debris\n|-sidestart|p1: ArchBaka|move: Toxic Spikes\n|\n|-heal|p2a: shit sprite|73\/100|[from] item: Leftovers\n|upkeep\n|turn|4\n|\n|t:|1699727451\n|switch|p1a: Mikasa Ackerman|Greninja, M|100\/100\n|-damage|p1a: Mikasa Ackerman|88\/100|[from] Spikes\n|-status|p1a: Mikasa Ackerman|psn\n|move|p2a: shit sprite|Stone Edge|p1a: Mikasa Ackerman\n|-damage|p1a: Mikasa Ackerman|39\/100 psn\n|\n|-heal|p2a: shit sprite|79\/100|[from] item: Leftovers\n|-damage|p1a: Mikasa Ackerman|27\/100 psn|[from] psn\n|upkeep\n|turn|5\n|j| thesunthesunthesun\n|\n|t:|1699727514\n|move|p1a: Mikasa Ackerman|Water Shuriken|p2a: shit sprite\n|-supereffective|p2a: shit sprite\n|-damage|p2a: shit sprite|57\/100\n|-supereffective|p2a: shit sprite\n|-damage|p2a: shit sprite|35\/100\n|-supereffective|p2a: shit sprite\n|-damage|p2a: shit sprite|11\/100\n|-supereffective|p2a: shit sprite\n|-damage|p2a: shit sprite|0 fnt\n|faint|p2a: shit sprite\n|-ability|p1a: Mikasa Ackerman|Battle Bond|boost\n|-boost|p1a: Mikasa Ackerman|atk|1\n|-boost|p1a: Mikasa Ackerman|spa|1\n|-boost|p1a: Mikasa Ackerman|spe|1\n|-activate|p1a: Mikasa Ackerman|ability: Battle Bond\n|-hitcount|p2: shit sprite|4\n|\n|-damage|p1a: Mikasa Ackerman|15\/100 psn|[from] psn\n|upkeep\n|\n|t:|1699727557\n|switch|p2a: ill stomp u|Gogoat, F|100\/100\n|-damage|p2a: ill stomp u|88\/100|[from] Stealth Rock\n|turn|6\n|\n|t:|1699727563\n|move|p1a: Mikasa Ackerman|Ice Beam|p2a: ill stomp u\n|-supereffective|p2a: ill stomp u\n|-damage|p2a: ill stomp u|11\/100\n|move|p2a: ill stomp u|Wild Charge|p1a: Mikasa Ackerman\n|-supereffective|p1a: Mikasa Ackerman\n|-damage|p1a: Mikasa Ackerman|0 fnt\n|faint|p1a: Mikasa Ackerman\n|-damage|p2a: ill stomp u|8\/100|[from] Recoil\n|\n|-heal|p2a: ill stomp u|15\/100|[from] item: Leftovers\n|-sideend|p1: ArchBaka|move: Light Screen\n|upkeep\n|\n|t:|1699727583\n|switch|p1a: Hawks|Braviary-Hisui, M|100\/100\n|turn|7\n|\n|t:|1699727606\n|move|p1a: Hawks|Esper Wing|p2a: ill stomp u\n|-damage|p2a: ill stomp u|0 fnt\n|-boost|p1a: Hawks|spe|1\n|faint|p2a: ill stomp u\n|\n|upkeep\n|\n|t:|1699727618\n|switch|p2a: baby|Perrserker, F|100\/100\n|-damage|p2a: baby|94\/100|[from] Stealth Rock\n|turn|8\n|\n|t:|1699727638\n|switch|p1a: Soccer Player|Cinderace, F, shiny|100\/100\n|move|p2a: baby|Dark Pulse|p1a: Soccer Player\n|-damage|p1a: Soccer Player|85\/100\n|\n|-heal|p2a: baby|100\/100|[from] item: Leftovers\n|upkeep\n|turn|9\n|\n|t:|1699727663\n|move|p1a: Soccer Player|Pyro Ball|p2a: baby\n|-supereffective|p2a: baby\n|-damage|p2a: baby|0 fnt\n|faint|p2a: baby\n|\n|upkeep\n|\n|t:|1699727672\n|switch|p2a: dont squeeze me|Gastrodon, F|100\/100\n|-damage|p2a: dont squeeze me|94\/100|[from] Stealth Rock\n|turn|10\n|\n|t:|1699727713\n|move|p1a: Soccer Player|Sucker Punch|p2a: dont squeeze me\n|-start|p1a: Soccer Player|typechange|Dark|[from] ability: Libero\n|-damage|p2a: dont squeeze me|54\/100\n|move|p2a: dont squeeze me|Chilling Water|p1a: Soccer Player\n|-damage|p1a: Soccer Player|54\/100\n|-unboost|p1a: Soccer Player|atk|1\n|\n|-heal|p2a: dont squeeze me|60\/100|[from] item: Leftovers\n|upkeep\n|turn|11\n|\n|t:|1699727733\n|switch|p1a: Hawks|Braviary-Hisui, M|100\/100\n|move|p2a: dont squeeze me|Earthquake|p1a: Hawks\n|-immune|p1a: Hawks\n|\n|-heal|p2a: dont squeeze me|66\/100|[from] item: Leftovers\n|upkeep\n|turn|12\n|\n|t:|1699727760\n|move|p1a: Hawks|Esper Wing|p2a: dont squeeze me\n|-damage|p2a: dont squeeze me|40\/100\n|-boost|p1a: Hawks|spe|1\n|move|p2a: dont squeeze me|Chilling Water|p1a: Hawks\n|-damage|p1a: Hawks|74\/100\n|-unboost|p1a: Hawks|atk|1\n|\n|-heal|p2a: dont squeeze me|46\/100|[from] item: Leftovers\n|upkeep\n|turn|13\n|\n|t:|1699727771\n|move|p1a: Hawks|Hurricane|p2a: dont squeeze me\n|-damage|p2a: dont squeeze me|6\/100\n|-start|p2a: dont squeeze me|confusion\n|-activate|p2a: dont squeeze me|confusion\n|move|p2a: dont squeeze me|Blizzard|p1a: Hawks|[miss]\n|-miss|p2a: dont squeeze me|p1a: Hawks\n|\n|-heal|p2a: dont squeeze me|12\/100|[from] item: Leftovers\n|upkeep\n|turn|14\n|\n|t:|1699727781\n|move|p1a: Hawks|Esper Wing|p2a: dont squeeze me\n|-damage|p2a: dont squeeze me|0 fnt\n|-boost|p1a: Hawks|spe|1\n|faint|p2a: dont squeeze me\n|\n|upkeep\n|\n|t:|1699727794\n|switch|p2a: matt berry|Noivern, M|100\/100\n|-damage|p2a: matt berry|76\/100|[from] Stealth Rock\n|-item|p1a: Hawks|Heavy-Duty Boots|[from] ability: Frisk|[of] p2a: matt berry|[identify]\n|turn|15\n|\n|t:|1699727827\n|move|p1a: Hawks|Hurricane|p2a: matt berry|[miss]\n|-miss|p1a: Hawks|p2a: matt berry\n|move|p2a: matt berry|Shadow Claw|p1a: Hawks\n|-supereffective|p1a: Hawks\n|-crit|p1a: Hawks\n|-damage|p1a: Hawks|36\/100\n|\n|-heal|p2a: matt berry|82\/100|[from] item: Leftovers\n|upkeep\n|turn|16\n|\n|t:|1699727837\n|move|p1a: Hawks|Hurricane|p2a: matt berry|[miss]\n|-miss|p1a: Hawks|p2a: matt berry\n|move|p2a: matt berry|Shadow Claw|p1a: Hawks\n|-supereffective|p1a: Hawks\n|-damage|p1a: Hawks|9\/100\n|\n|-heal|p2a: matt berry|88\/100|[from] item: Leftovers\n|upkeep\n|turn|17\n|\n|t:|1699727846\n|move|p1a: Hawks|Roost|p1a: Hawks\n|-heal|p1a: Hawks|59\/100\n|-singleturn|p1a: Hawks|move: Roost\n|move|p2a: matt berry|Shadow Claw|p1a: Hawks\n|-supereffective|p1a: Hawks\n|-damage|p1a: Hawks|33\/100\n|\n|-heal|p2a: matt berry|94\/100|[from] item: Leftovers\n|upkeep\n|turn|18\n|\n|t:|1699727855\n|move|p1a: Hawks|Roost|p1a: Hawks\n|-heal|p1a: Hawks|83\/100\n|-singleturn|p1a: Hawks|move: Roost\n|move|p2a: matt berry|Shadow Claw|p1a: Hawks\n|-supereffective|p1a: Hawks\n|-damage|p1a: Hawks|57\/100\n|\n|-heal|p2a: matt berry|99\/100|[from] item: Leftovers\n|upkeep\n|turn|19\n|\n|t:|1699727864\n|move|p1a: Hawks|Hurricane|p2a: matt berry\n|-damage|p2a: matt berry|46\/100\n|move|p2a: matt berry|Shadow Claw|p1a: Hawks\n|-supereffective|p1a: Hawks\n|-damage|p1a: Hawks|31\/100\n|\n|-heal|p2a: matt berry|52\/100|[from] item: Leftovers\n|upkeep\n|turn|20\n|\n|t:|1699727872\n|move|p1a: Hawks|Roost|p1a: Hawks\n|-heal|p1a: Hawks|81\/100\n|-singleturn|p1a: Hawks|move: Roost\n|move|p2a: matt berry|Shadow Claw|p1a: Hawks\n|-supereffective|p1a: Hawks\n|-damage|p1a: Hawks|55\/100\n|\n|-heal|p2a: matt berry|58\/100|[from] item: Leftovers\n|upkeep\n|turn|21\n|\n|t:|1699727880\n|move|p1a: Hawks|Hurricane|p2a: matt berry\n|-damage|p2a: matt berry|6\/100\n|move|p2a: matt berry|Shadow Claw|p1a: Hawks\n|-supereffective|p1a: Hawks\n|-damage|p1a: Hawks|28\/100\n|\n|-heal|p2a: matt berry|12\/100|[from] item: Leftovers\n|upkeep\n|turn|22\n|\n|t:|1699727903\n|move|p1a: Hawks|Esper Wing|p2a: matt berry\n|-damage|p2a: matt berry|0 fnt\n|-boost|p1a: Hawks|spe|1\n|faint|p2a: matt berry\n|\n|upkeep\n|\n|t:|1699727909\n|switch|p2a: suckysucky|Gyarados, M|100\/100\n|-damage|p2a: suckysucky|76\/100|[from] Stealth Rock\n|-ability|p2a: suckysucky|Intimidate|boost\n|-unboost|p1a: Hawks|atk|1\n|turn|23\n|\n|t:|1699727968\n|switch|p1a: Anime Protagonist|Gallade, M, shiny|100\/100\n|-damage|p1a: Anime Protagonist|88\/100|[from] Spikes\n|-status|p1a: Anime Protagonist|psn\n|move|p2a: suckysucky|Dark Pulse|p1a: Anime Protagonist\n|-damage|p1a: Anime Protagonist|68\/100 psn\n|\n|-heal|p2a: suckysucky|82\/100|[from] item: Leftovers\n|-damage|p1a: Anime Protagonist|55\/100 psn|[from] psn\n|upkeep\n|turn|24\n|\n|t:|1699728003\n|move|p2a: suckysucky|Dragon Pulse|p1a: Anime Protagonist\n|-damage|p1a: Anime Protagonist|34\/100 psn\n|move|p1a: Anime Protagonist|Destiny Bond|p1a: Anime Protagonist\n|-singlemove|p1a: Anime Protagonist|Destiny Bond\n|\n|-heal|p2a: suckysucky|88\/100|[from] item: Leftovers\n|-damage|p1a: Anime Protagonist|21\/100 psn|[from] psn\n|upkeep\n|turn|25\n|\n|t:|1699728019\n|move|p2a: suckysucky|Aqua Tail|p1a: Anime Protagonist\n|-damage|p1a: Anime Protagonist|0 fnt\n|faint|p1a: Anime Protagonist\n|-activate|p1a: Anime Protagonist|move: Destiny Bond\n|faint|p2a: suckysucky\n|\n|win|ArchBaka\n","uploadtime":1699728027,"views":15,"p1id":"archbaka","p2id":"kronk104","formatid":"gen9ou","rating":0,"private":0,"password":""}