{"id":"gen9ou-1988796712","p1":"xgermx","p2":"santos_overlord","format":"[Gen 9] OU","log":"|j|\u2606xgermx\n|j|\u2606santos_overlord\n|t:|1699764454\n|gametype|singles\n|player|p1|xgermx|169|1700\n|player|p2|santos_overlord|scientist-gen4dp|1667\n|teamsize|p1|6\n|teamsize|p2|6\n|gen|9\n|tier|[Gen 9] OU\n|rated|\n|rule|Sleep Clause Mod: Limit one foe put to sleep\n|rule|Species Clause: Limit one of each Pok\u00e9mon\n|rule|OHKO Clause: OHKO moves are banned\n|rule|Evasion Items Clause: Evasion items are banned\n|rule|Evasion Moves Clause: Evasion moves are banned\n|rule|Endless Battle Clause: Forcing endless battles is banned\n|rule|HP Percentage Mod: HP is shown in percentages\n|clearpoke\n|poke|p1|Ogerpon-Wellspring, F|\n|poke|p1|Manaphy|\n|poke|p1|Great Tusk|\n|poke|p1|Skeledirge, M|\n|poke|p1|Dragonite, M|\n|poke|p1|Heatran, F|\n|poke|p2|Samurott-Hisui, F|\n|poke|p2|Ogerpon-Wellspring, F|\n|poke|p2|Gliscor, F|\n|poke|p2|Corviknight, M|\n|poke|p2|Cinderace, M|\n|poke|p2|Dragonite, F|\n|teampreview\n|j|+Shellnuts\n|inactive|Battle timer is ON: inactive players will automatically lose when time's up. (requested by santos_overlord)\n|\n|t:|1699764488\n|start\n|switch|p1a: Ogerpon|Ogerpon-Wellspring, F|100\/100\n|switch|p2a: Cinderace|Cinderace, M|100\/100\n|turn|1\n|\n|t:|1699764496\n|switch|p1a: Heatran|Heatran, F|100\/100\n|move|p2a: Cinderace|U-turn|p1a: Heatran\n|-start|p2a: Cinderace|typechange|Bug|[from] ability: Libero\n|-resisted|p1a: Heatran\n|-damage|p1a: Heatran|94\/100\n|\n|t:|1699764502\n|switch|p2a: Gliscor|Gliscor, F|100\/100|[from] U-turn\n|\n|-heal|p1a: Heatran|99\/100|[from] item: Leftovers\n|-status|p2a: Gliscor|tox|[from] item: Toxic Orb\n|upkeep\n|turn|2\n|\n|t:|1699764511\n|switch|p1a: Manaphy|Manaphy|100\/100\n|move|p2a: Gliscor|Earthquake|p1a: Manaphy\n|-damage|p1a: Manaphy|76\/100\n|\n|-heal|p1a: Manaphy|83\/100|[from] item: Leftovers\n|upkeep\n|turn|3\n|\n|t:|1699764518\n|switch|p2a: Samurott|Samurott-Hisui, F|100\/100\n|move|p1a: Manaphy|Acid Armor|p1a: Manaphy\n|-boost|p1a: Manaphy|def|2\n|\n|-heal|p1a: Manaphy|89\/100|[from] item: Leftovers\n|upkeep\n|turn|4\n|\n|t:|1699764524\n|move|p1a: Manaphy|Take Heart|p1a: Manaphy\n|-boost|p1a: Manaphy|spa|1\n|-boost|p1a: Manaphy|spd|1\n|move|p2a: Samurott|Ceaseless Edge|p1a: Manaphy\n|-damage|p1a: Manaphy|76\/100\n|-sidestart|p1: xgermx|Spikes\n|\n|-heal|p1a: Manaphy|82\/100|[from] item: Leftovers\n|upkeep\n|turn|5\n|\n|t:|1699764532\n|move|p1a: Manaphy|Take Heart|p1a: Manaphy\n|-boost|p1a: Manaphy|spa|1\n|-boost|p1a: Manaphy|spd|1\n|move|p2a: Samurott|Sacred Sword|p1a: Manaphy\n|-damage|p1a: Manaphy|59\/100\n|\n|-heal|p1a: Manaphy|65\/100|[from] item: Leftovers\n|upkeep\n|turn|6\n|j| jdbysjwwh\n|\n|t:|1699764542\n|-terastallize|p1a: Manaphy|Poison\n|move|p1a: Manaphy|Take Heart|p1a: Manaphy\n|-boost|p1a: Manaphy|spa|1\n|-boost|p1a: Manaphy|spd|1\n|move|p2a: Samurott|Sacred Sword|p1a: Manaphy\n|-resisted|p1a: Manaphy\n|-damage|p1a: Manaphy|54\/100\n|\n|-heal|p1a: Manaphy|60\/100|[from] item: Leftovers\n|upkeep\n|turn|7\n|\n|t:|1699764562\n|move|p1a: Manaphy|Scald|p2a: Samurott\n|-resisted|p2a: Samurott\n|-damage|p2a: Samurott|76\/100\n|-status|p2a: Samurott|brn\n|move|p2a: Samurott|Ceaseless Edge|p1a: Manaphy\n|-damage|p1a: Manaphy|54\/100\n|-sidestart|p1: xgermx|Spikes\n|\n|-heal|p1a: Manaphy|60\/100|[from] item: Leftovers\n|-damage|p2a: Samurott|70\/100 brn|[from] brn\n|upkeep\n|turn|8\n|\n|t:|1699764582\n|move|p1a: Manaphy|Acid Armor|p1a: Manaphy\n|-boost|p1a: Manaphy|def|2\n|move|p2a: Samurott|Ceaseless Edge|p1a: Manaphy\n|-damage|p1a: Manaphy|55\/100\n|-sidestart|p1: xgermx|Spikes\n|\n|-heal|p1a: Manaphy|62\/100|[from] item: Leftovers\n|-damage|p2a: Samurott|64\/100 brn|[from] brn\n|upkeep\n|turn|9\n|l|+Shellnuts\n|\n|t:|1699764590\n|move|p1a: Manaphy|Take Heart|p1a: Manaphy\n|-boost|p1a: Manaphy|spa|1\n|-boost|p1a: Manaphy|spd|1\n|move|p2a: Samurott|Aqua Cutter|p1a: Manaphy\n|-damage|p1a: Manaphy|57\/100\n|\n|-heal|p1a: Manaphy|63\/100|[from] item: Leftovers\n|-damage|p2a: Samurott|58\/100 brn|[from] brn\n|upkeep\n|turn|10\n|c|\u2606xgermx|!dt ceaseless edge\n|raw|<ul class=\"utilichart\"><li class=\"result\"><span class=\"col movenamecol\"><a href=\"https:\/\/dex.pokemonshowdown.com\/moves\/ceaselessedge\">Ceaseless Edge<\/a><\/span> <span class=\"col typecol\"><img src=\"\/\/play.pokemonshowdown.com\/sprites\/types\/Dark.png\" alt=\"Dark\" width=\"32\" height=\"14\"><img src=\"\/\/play.pokemonshowdown.com\/sprites\/categories\/Physical.png\" alt=\"Physical\" width=\"32\" height=\"14\"><\/span> <span class=\"col labelcol\"><em>Power<\/em><br>65<\/span> <span class=\"col widelabelcol\"><em>Accuracy<\/em><br>90%<\/span> <span class=\"col pplabelcol\"><em>PP<\/em><br>24<\/span> <span class=\"col movedesccol\">Sets a layer of Spikes on the opposing side.<\/span> <\/li><li style=\"clear:both\"><\/li><\/ul>\n|raw|<font size=\"1\"><font color=\"#686868\">Priority:<\/font> 0&nbsp;|&ThickSpace;<font color=\"#686868\">Gen:<\/font> 9&nbsp;|&ThickSpace;&#10003; Boosted by Sheer Force&nbsp;|&ThickSpace;&#10003; Contact&nbsp;|&ThickSpace;&#10003; Slicing move&nbsp;|&ThickSpace;<font color=\"#686868\">Z-Power:<\/font> 120&nbsp;|&ThickSpace;<font color=\"#686868\">Dynamax Power:<\/font> 120&nbsp;|&ThickSpace;<font color=\"#686868\">Target:<\/font> One Adjacent Pok\u00e9mon<\/font>\n\n|\n|t:|1699764601\n|move|p1a: Manaphy|Take Heart|p1a: Manaphy\n|-boost|p1a: Manaphy|spa|1\n|-boost|p1a: Manaphy|spd|1\n|move|p2a: Samurott|Aqua Cutter|p1a: Manaphy\n|-damage|p1a: Manaphy|59\/100\n|\n|-heal|p1a: Manaphy|65\/100|[from] item: Leftovers\n|-damage|p2a: Samurott|52\/100 brn|[from] brn\n|upkeep\n|turn|11\n|c|\u2606xgermx|ok no high crit chance\n|\n|t:|1699764616\n|move|p1a: Manaphy|Acid Armor|p1a: Manaphy\n|-boost|p1a: Manaphy|def|2\n|move|p2a: Samurott|Aqua Cutter|p1a: Manaphy\n|-crit|p1a: Manaphy\n|-damage|p1a: Manaphy|43\/100\n|\n|-heal|p1a: Manaphy|49\/100|[from] item: Leftovers\n|-damage|p2a: Samurott|46\/100 brn|[from] brn\n|upkeep\n|turn|12\n|\n|t:|1699764625\n|move|p1a: Manaphy|Scald|p2a: Samurott\n|-resisted|p2a: Samurott\n|-damage|p2a: Samurott|13\/100 brn\n|move|p2a: Samurott|Aqua Cutter|p1a: Manaphy\n|-crit|p1a: Manaphy\n|-damage|p1a: Manaphy|28\/100\n|\n|-heal|p1a: Manaphy|34\/100|[from] item: Leftovers\n|-damage|p2a: Samurott|7\/100 brn|[from] brn\n|upkeep\n|turn|13\n|c|\u2606santos_overlord|it has, 6.5\n|\n|t:|1699764635\n|move|p1a: Manaphy|Scald|p2a: Samurott\n|-resisted|p2a: Samurott\n|-damage|p2a: Samurott|0 fnt\n|faint|p2a: Samurott\n|\n|-heal|p1a: Manaphy|41\/100|[from] item: Leftovers\n|upkeep\n|\n|t:|1699764644\n|switch|p2a: Ogerpon|Ogerpon-Wellspring, F|100\/100\n|turn|14\n|c|\u2606xgermx|wow, two crits in a row\n|\n|t:|1699764648\n|move|p2a: Ogerpon|Ivy Cudgel|p1a: Manaphy\n|-damage|p1a: Manaphy|31\/100\n|move|p1a: Manaphy|Stored Power|p2a: Ogerpon\n|-damage|p2a: Ogerpon|0 fnt\n|faint|p2a: Ogerpon\n|\n|-heal|p1a: Manaphy|37\/100|[from] item: Leftovers\n|upkeep\n|\n|t:|1699764653\n|switch|p2a: Dragonite|Dragonite, F|100\/100\n|turn|15\n|\n|t:|1699764659\n|move|p1a: Manaphy|Stored Power|p2a: Dragonite\n|-damage|p2a: Dragonite|0 fnt\n|faint|p2a: Dragonite\n|\n|-heal|p1a: Manaphy|43\/100|[from] item: Leftovers\n|upkeep\n|j| OMG WEMBANYAMA\n|-message|santos_overlord forfeited.\n|\n|win|xgermx\n|raw|xgermx's rating: 1700 &rarr; <strong>1718<\/strong><br \/>(+18 for winning)\n|raw|santos_overlord's rating: 1667 &rarr; <strong>1649<\/strong><br \/>(-18 for losing)\n|l|\u2606santos_overlord\n|c|\u2606xgermx|gg\n|l|\u2606xgermx\n","uploadtime":1699764675,"views":14,"p1id":"xgermx","p2id":"santosoverlord","formatid":"gen9ou","rating":1649,"private":0,"password":""}