{"id":"gen9ou-1993423866","p1":"CrossRebellion","p2":"Dex Slay3r","format":"[Gen 9] OU","log":"|j|\u2606CrossRebellion\n|j|\u2606Dex Slay3r\n|t:|1700316044\n|gametype|singles\n|player|p1|CrossRebellion|clair|1256\n|player|p2|Dex Slay3r|101|1250\n|teamsize|p1|6\n|teamsize|p2|6\n|gen|9\n|tier|[Gen 9] OU\n|rated|\n|rule|Sleep Clause Mod: Limit one foe put to sleep\n|rule|Species Clause: Limit one of each Pok\u00e9mon\n|rule|OHKO Clause: OHKO moves are banned\n|rule|Evasion Items Clause: Evasion items are banned\n|rule|Evasion Moves Clause: Evasion moves are banned\n|rule|Endless Battle Clause: Forcing endless battles is banned\n|rule|HP Percentage Mod: HP is shown in percentages\n|clearpoke\n|poke|p1|Lokix, F|\n|poke|p1|Ribombee, M|\n|poke|p1|Great Tusk|\n|poke|p1|Gholdengo|\n|poke|p1|Dragapult, F|\n|poke|p1|Ogerpon-Wellspring, F|\n|poke|p2|Great Tusk|\n|poke|p2|Dragapult, F|\n|poke|p2|Ting-Lu|\n|poke|p2|Rillaboom, M|\n|poke|p2|Sneasler, M|\n|poke|p2|Enamorus, F|\n|teampreview\n|inactive|Battle timer is ON: inactive players will automatically lose when time's up. (requested by Dex Slay3r)\n|\n|t:|1700316067\n|start\n|switch|p1a: Mr Beest|Ribombee, M, shiny|100\/100\n|switch|p2a: Dragapult|Dragapult, F|100\/100\n|turn|1\n|\n|t:|1700316075\n|move|p2a: Dragapult|Will-O-Wisp|p1a: Mr Beest|[miss]\n|-miss|p2a: Dragapult|p1a: Mr Beest\n|move|p1a: Mr Beest|Sticky Web|p2a: Dragapult\n|-sidestart|p2: Dex Slay3r|move: Sticky Web\n|\n|upkeep\n|turn|2\n|\n|t:|1700316087\n|switch|p2a: Ting-Lu|Ting-Lu|100\/100\n|-activate|p2a: Ting-Lu|move: Sticky Web\n|-unboost|p2a: Ting-Lu|spe|1\n|-ability|p2a: Ting-Lu|Vessel of Ruin\n|move|p1a: Mr Beest|Stun Spore|p2a: Ting-Lu\n|-status|p2a: Ting-Lu|par\n|\n|upkeep\n|turn|3\n|\n|t:|1700316105\n|switch|p1a: Dr kill|Ogerpon-Wellspring, F|100\/100\n|move|p2a: Ting-Lu|Spikes|p1a: Dr kill\n|-sidestart|p1: CrossRebellion|Spikes\n|\n|upkeep\n|turn|4\n|\n|t:|1700316128\n|move|p1a: Dr kill|Swords Dance|p1a: Dr kill\n|-boost|p1a: Dr kill|atk|2\n|move|p2a: Ting-Lu|Whirlwind|p1a: Dr kill\n|drag|p1a: A jump to the sky|Lokix, F, shiny|100\/100\n|-damage|p1a: A jump to the sky|88\/100|[from] Spikes\n|\n|upkeep\n|turn|5\n|\n|t:|1700316141\n|switch|p2a: Great Tusk|Great Tusk|100\/100\n|-activate|p2a: Great Tusk|move: Sticky Web\n|-unboost|p2a: Great Tusk|spe|1\n|move|p1a: A jump to the sky|U-turn|p2a: Great Tusk\n|-resisted|p2a: Great Tusk\n|-damage|p2a: Great Tusk|76\/100\n|inactive|CrossRebellion has 120 seconds left.\n|\n|t:|1700316165\n|switch|p1a: Dr kill|Ogerpon-Wellspring, F|100\/100|[from] U-turn\n|-damage|p1a: Dr kill|88\/100|[from] Spikes\n|\n|-heal|p2a: Great Tusk|82\/100|[from] item: Leftovers\n|upkeep\n|turn|6\n|\n|t:|1700316171\n|move|p1a: Dr kill|Swords Dance|p1a: Dr kill\n|-boost|p1a: Dr kill|atk|2\n|move|p2a: Great Tusk|Rapid Spin|p1a: Dr kill\n|-damage|p1a: Dr kill|70\/100\n|-boost|p2a: Great Tusk|spe|1\n|-sideend|p2: Dex Slay3r|Sticky Web|[from] move: Rapid Spin|[of] p2a: Great Tusk\n|\n|-heal|p2a: Great Tusk|89\/100|[from] item: Leftovers\n|upkeep\n|turn|7\n|\n|t:|1700316182\n|-end|p2a: Great Tusk|Protosynthesis|[silent]\n|switch|p2a: Dragapult|Dragapult, F|100\/100\n|move|p1a: Dr kill|Ivy Cudgel|p2a: Dragapult|[anim] Ivy Cudgel Water\n|-resisted|p2a: Dragapult\n|-damage|p2a: Dragapult|31\/100\n|\n|upkeep\n|turn|8\n|\n|t:|1700316194\n|switch|p1a: Mr Beest|Ribombee, M, shiny|100\/100\n|-damage|p1a: Mr Beest|88\/100|[from] Spikes\n|move|p2a: Dragapult|Reflect|p2a: Dragapult\n|-sidestart|p2: Dex Slay3r|Reflect\n|\n|upkeep\n|turn|9\n|\n|t:|1700316219\n|move|p2a: Dragapult|Light Screen|p2a: Dragapult\n|-sidestart|p2: Dex Slay3r|move: Light Screen\n|move|p1a: Mr Beest|Sticky Web|p2a: Dragapult\n|-sidestart|p2: Dex Slay3r|move: Sticky Web\n|\n|upkeep\n|turn|10\n|\n|t:|1700316229\n|switch|p2a: Ting-Lu|Ting-Lu|100\/100 par\n|-activate|p2a: Ting-Lu|move: Sticky Web\n|-unboost|p2a: Ting-Lu|spe|1\n|-ability|p2a: Ting-Lu|Vessel of Ruin\n|move|p1a: Mr Beest|Moonblast|p2a: Ting-Lu\n|-supereffective|p2a: Ting-Lu\n|-damage|p2a: Ting-Lu|83\/100 par\n|\n|-heal|p2a: Ting-Lu|89\/100 par|[from] item: Leftovers\n|upkeep\n|turn|11\n|inactive|CrossRebellion has 120 seconds left.\n|\n|t:|1700316262\n|switch|p1a: A jump to the sky|Lokix, F, shiny|88\/100\n|-damage|p1a: A jump to the sky|76\/100|[from] Spikes\n|cant|p2a: Ting-Lu|par\n|\n|-heal|p2a: Ting-Lu|95\/100 par|[from] item: Leftovers\n|upkeep\n|turn|12\n|inactive|Dex Slay3r has 120 seconds left.\n|\n|t:|1700316283\n|-terastallize|p2a: Ting-Lu|Ghost\n|move|p1a: A jump to the sky|Knock Off|p2a: Ting-Lu\n|-supereffective|p2a: Ting-Lu\n|-damage|p2a: Ting-Lu|60\/100 par\n|-enditem|p2a: Ting-Lu|Leftovers|[from] move: Knock Off|[of] p1a: A jump to the sky\n|cant|p2a: Ting-Lu|par\n|\n|upkeep\n|turn|13\n|inactive|CrossRebellion has 120 seconds left.\n|\n|t:|1700316307\n|switch|p1a: Big Iron|Gholdengo|100\/100\n|-item|p1a: Big Iron|Air Balloon\n|move|p2a: Ting-Lu|Whirlwind|p1a: Big Iron\n|-immune|p1a: Big Iron|[from] ability: Good as Gold\n|\n|upkeep\n|turn|14\n|inactive|Dex Slay3r has 120 seconds left.\n|\n|t:|1700316324\n|move|p1a: Big Iron|Nasty Plot|p1a: Big Iron\n|-boost|p1a: Big Iron|spa|2\n|cant|p2a: Ting-Lu|par\n|\n|upkeep\n|turn|15\n|\n|t:|1700316332\n|move|p1a: Big Iron|Shadow Ball|p2a: Ting-Lu\n|-supereffective|p2a: Ting-Lu\n|-damage|p2a: Ting-Lu|23\/100 par\n|-unboost|p2a: Ting-Lu|spd|1\n|move|p2a: Ting-Lu|Ruination|p1a: Big Iron\n|-damage|p1a: Big Iron|51\/100\n|-enditem|p1a: Big Iron|Air Balloon\n|\n|-sideend|p2: Dex Slay3r|Reflect\n|upkeep\n|turn|16\n|inactive|Dex Slay3r has 120 seconds left.\n|\n|t:|1700316347\n|switch|p2a: Great Tusk|Great Tusk|89\/100\n|-activate|p2a: Great Tusk|move: Sticky Web\n|-unboost|p2a: Great Tusk|spe|1\n|move|p1a: Big Iron|Shadow Ball|p2a: Great Tusk\n|-damage|p2a: Great Tusk|26\/100\n|\n|-heal|p2a: Great Tusk|33\/100|[from] item: Leftovers\n|-sideend|p2: Dex Slay3r|move: Light Screen\n|upkeep\n|turn|17\n|\n|t:|1700316359\n|move|p1a: Big Iron|Shadow Ball|p2a: Great Tusk\n|-crit|p2a: Great Tusk\n|-damage|p2a: Great Tusk|0 fnt\n|faint|p2a: Great Tusk\n|-end|p2a: Great Tusk|Protosynthesis|[silent]\n|\n|upkeep\n|\n|t:|1700316361\n|switch|p2a: Enamorus|Enamorus, F|100\/100\n|turn|18\n|inactive|CrossRebellion has 120 seconds left.\n|\n|t:|1700316370\n|move|p2a: Enamorus|Earth Power|p1a: Big Iron\n|-supereffective|p1a: Big Iron\n|-damage|p1a: Big Iron|0 fnt\n|faint|p1a: Big Iron\n|\n|upkeep\n|inactive|CrossRebellion has 120 seconds left.\n|\n|t:|1700316395\n|switch|p1a: Dr kill|Ogerpon-Wellspring, F|70\/100\n|-damage|p1a: Dr kill|58\/100|[from] Spikes\n|turn|19\n|\n|t:|1700316404\n|switch|p2a: Ting-Lu|Ting-Lu, tera:Ghost|23\/100 par\n|-activate|p2a: Ting-Lu|move: Sticky Web\n|-unboost|p2a: Ting-Lu|spe|1\n|-ability|p2a: Ting-Lu|Vessel of Ruin\n|-terastallize|p1a: Dr kill|Water\n|detailschange|p1a: Dr kill|Ogerpon-Wellspring-Tera, F, tera:Water\n|-ability|p1a: Dr kill|Embody Aspect (Wellspring)|boost\n|-boost|p1a: Dr kill|spd|1\n|move|p1a: Dr kill|Swords Dance|p1a: Dr kill\n|-boost|p1a: Dr kill|atk|2\n|\n|upkeep\n|turn|20\n|\n|t:|1700316419\n|move|p1a: Dr kill|Ivy Cudgel|p2a: Ting-Lu|[anim] Ivy Cudgel Water\n|-damage|p2a: Ting-Lu|0 fnt\n|faint|p2a: Ting-Lu\n|\n|upkeep\n|\n|t:|1700316422\n|switch|p2a: Dragapult|Dragapult, F|31\/100\n|-activate|p2a: Dragapult|move: Sticky Web\n|-unboost|p2a: Dragapult|spe|1\n|turn|21\n|inactive|CrossRebellion has 120 seconds left.\n|\n|t:|1700316428\n|move|p1a: Dr kill|Ivy Cudgel|p2a: Dragapult|[anim] Ivy Cudgel Water\n|-resisted|p2a: Dragapult\n|-damage|p2a: Dragapult|0 fnt\n|faint|p2a: Dragapult\n|\n|upkeep\n|\n|t:|1700316430\n|switch|p2a: Rillaboom|Rillaboom, M|100\/100\n|-activate|p2a: Rillaboom|move: Sticky Web\n|-unboost|p2a: Rillaboom|spe|1\n|-fieldstart|move: Grassy Terrain|[from] ability: Grassy Surge|[of] p2a: Rillaboom\n|turn|22\n|inactive|CrossRebellion has 120 seconds left.\n|\n|t:|1700316458\n|switch|p1a: Mr Beest|Ribombee, M, shiny|88\/100\n|-damage|p1a: Mr Beest|76\/100|[from] Spikes\n|move|p2a: Rillaboom|Grassy Glide|p1a: Mr Beest\n|-resisted|p1a: Mr Beest\n|-damage|p1a: Mr Beest|22\/100\n|\n|-heal|p1a: Mr Beest|28\/100|[from] Grassy Terrain\n|upkeep\n|turn|23\n|inactive|CrossRebellion has 120 seconds left.\n|\n|t:|1700316473\n|switch|p1a: Drag-on Dragapult|Dragapult, F|100\/100\n|-damage|p1a: Drag-on Dragapult|88\/100|[from] Spikes\n|move|p2a: Rillaboom|Grassy Glide|p1a: Drag-on Dragapult\n|-resisted|p1a: Drag-on Dragapult\n|-damage|p1a: Drag-on Dragapult|50\/100\n|\n|-heal|p1a: Drag-on Dragapult|56\/100|[from] Grassy Terrain\n|upkeep\n|turn|24\n|inactive|CrossRebellion has 120 seconds left.\n|\n|t:|1700316489\n|move|p2a: Rillaboom|Grassy Glide|p1a: Drag-on Dragapult\n|-resisted|p1a: Drag-on Dragapult\n|-damage|p1a: Drag-on Dragapult|16\/100\n|move|p1a: Drag-on Dragapult|Shadow Ball|p2a: Rillaboom\n|-damage|p2a: Rillaboom|25\/100\n|\n|-heal|p1a: Drag-on Dragapult|22\/100|[from] Grassy Terrain\n|-heal|p2a: Rillaboom|31\/100|[from] Grassy Terrain\n|upkeep\n|turn|25\n|\n|t:|1700316502\n|move|p2a: Rillaboom|Grassy Glide|p1a: Drag-on Dragapult\n|-resisted|p1a: Drag-on Dragapult\n|-damage|p1a: Drag-on Dragapult|0 fnt\n|faint|p1a: Drag-on Dragapult\n|\n|-heal|p2a: Rillaboom|37\/100|[from] Grassy Terrain\n|upkeep\n|\n|t:|1700316509\n|switch|p1a: A jump to the sky|Lokix, F, shiny|76\/100\n|-damage|p1a: A jump to the sky|63\/100|[from] Spikes\n|turn|26\n|\n|t:|1700316513\n|switch|p2a: Sneasler|Sneasler, M|100\/100\n|-activate|p2a: Sneasler|move: Sticky Web\n|-unboost|p2a: Sneasler|spe|1\n|-enditem|p2a: Sneasler|Grassy Seed\n|-boost|p2a: Sneasler|def|1|[from] item: Grassy Seed\n|move|p1a: A jump to the sky|First Impression|p2a: Sneasler\n|-resisted|p2a: Sneasler\n|-damage|p2a: Sneasler|66\/100\n|\n|-heal|p2a: Sneasler|72\/100|[from] Grassy Terrain\n|-heal|p1a: A jump to the sky|69\/100|[from] Grassy Terrain\n|-fieldend|move: Grassy Terrain\n|upkeep\n|turn|27\n|inactive|CrossRebellion has 120 seconds left.\n|\n|t:|1700316538\n|switch|p1a: Mr Beest|Ribombee, M, shiny|28\/100\n|-damage|p1a: Mr Beest|15\/100|[from] Spikes\n|move|p2a: Sneasler|Acrobatics|p1a: Mr Beest\n|-supereffective|p1a: Mr Beest\n|-damage|p1a: Mr Beest|0 fnt\n|faint|p1a: Mr Beest\n|\n|upkeep\n|inactive|CrossRebellion has 90 seconds left.\n|c|\u2606CrossRebellion|god i hate sneasler\n|\n|t:|1700316588\n|switch|p1a: Tusk|Great Tusk|100\/100\n|turn|28\n|\n|t:|1700316594\n|move|p2a: Sneasler|Acrobatics|p1a: Tusk\n|-supereffective|p1a: Tusk\n|-damage|p1a: Tusk|38\/100\n|move|p1a: Tusk|Rapid Spin|p2a: Sneasler\n|-damage|p2a: Sneasler|53\/100\n|-boost|p1a: Tusk|spe|1\n|-sideend|p1: CrossRebellion|Spikes|[from] move: Rapid Spin|[of] p1a: Tusk\n|\n|upkeep\n|turn|29\n|c|\u2606CrossRebellion|oh\n|c|\u2606CrossRebellion|I couldve just killed it\n|inactive|CrossRebellion has 60 seconds left.\n|\n|t:|1700316625\n|move|p1a: Tusk|Headlong Rush|p2a: Sneasler\n|-supereffective|p2a: Sneasler\n|-damage|p2a: Sneasler|0 fnt\n|-unboost|p1a: Tusk|def|1\n|-unboost|p1a: Tusk|spd|1\n|faint|p2a: Sneasler\n|\n|upkeep\n|c|\u2606CrossRebellion|nvm\n|inactive|Dex Slay3r has 120 seconds left.\n|\n|t:|1700316666\n|switch|p2a: Enamorus|Enamorus, F|100\/100\n|turn|30\n|\n|t:|1700316677\n|-end|p1a: Tusk|Protosynthesis|[silent]\n|switch|p1a: Dr kill|Ogerpon-Wellspring-Tera, F, tera:Water|58\/100\n|-ability|p1a: Dr kill|Embody Aspect (Wellspring)|boost\n|-boost|p1a: Dr kill|spd|1\n|move|p2a: Enamorus|Moonblast|p1a: Dr kill\n|-damage|p1a: Dr kill|21\/100\n|-unboost|p1a: Dr kill|spa|1\n|\n|upkeep\n|turn|31\n|inactive|Dex Slay3r has 120 seconds left.\n|inactive|CrossRebellion has 60 seconds left.\n|\n|t:|1700316698\n|move|p1a: Dr kill|Ivy Cudgel|p2a: Enamorus|[anim] Ivy Cudgel Water\n|-crit|p2a: Enamorus\n|-damage|p2a: Enamorus|0 fnt\n|faint|p2a: Enamorus\n|\n|upkeep\n|inactive|Dex Slay3r has 120 seconds left.\n|inactive|Dex Slay3r has 90 seconds left.\n|inactive|Dex Slay3r has 60 seconds left.\n|c|\u2606CrossRebellion|I genuinely dont know if the crit mattered or not\n|c|\u2606Dex Slay3r|It didn\u2019t\n|\n|t:|1700316783\n|switch|p2a: Rillaboom|Rillaboom, M|37\/100\n|-activate|p2a: Rillaboom|move: Sticky Web\n|-unboost|p2a: Rillaboom|spe|1\n|-fieldstart|move: Grassy Terrain|[from] ability: Grassy Surge|[of] p2a: Rillaboom\n|turn|32\n|c|\u2606CrossRebellion|ok\n|\n|t:|1700316793\n|move|p2a: Rillaboom|Grassy Glide|p1a: Dr kill\n|-supereffective|p1a: Dr kill\n|-damage|p1a: Dr kill|0 fnt\n|faint|p1a: Dr kill\n|\n|-heal|p2a: Rillaboom|43\/100|[from] Grassy Terrain\n|upkeep\n|-message|Dex Slay3r forfeited.\n|\n|win|CrossRebellion\n|raw|CrossRebellion's rating: 1256 &rarr; <strong>1281<\/strong><br \/>(+25 for winning)\n|raw|Dex Slay3r's rating: 1250 &rarr; <strong>1225<\/strong><br \/>(-25 for losing)\n|l|\u2606Dex Slay3r\n|j|\u2606Dex Slay3r\n|player|p2|Dex Slay3r|101\n|l|\u2606Dex Slay3r\n|player|p2|\n|c|\u2606CrossRebellion|gg\n","uploadtime":1700316850,"views":12,"p1id":"crossrebellion","p2id":"dexslay3r","formatid":"gen9ou","rating":1225,"private":0,"password":""}