{"id":"gen9ou-1992429798","p1":"generacion7","p2":"Sharpergamer","format":"[Gen 9] OU","log":"|j|\u2606generacion7\n|j|\u2606Sharpergamer\n|t:|1700186597\n|gametype|singles\n|player|p1|generacion7|cynthia|1208\n|player|p2|Sharpergamer|giovanni|1182\n|teamsize|p1|6\n|teamsize|p2|6\n|gen|9\n|tier|[Gen 9] OU\n|rated|\n|rule|Sleep Clause Mod: Limit one foe put to sleep\n|rule|Species Clause: Limit one of each Pok\u00e9mon\n|rule|OHKO Clause: OHKO moves are banned\n|rule|Evasion Items Clause: Evasion items are banned\n|rule|Evasion Moves Clause: Evasion moves are banned\n|rule|Endless Battle Clause: Forcing endless battles is banned\n|rule|HP Percentage Mod: HP is shown in percentages\n|clearpoke\n|poke|p1|Muk-Alola, M|\n|poke|p1|Arcanine, M|\n|poke|p1|Chansey, F|\n|poke|p1|Rotom-Wash|\n|poke|p1|Mimikyu, F|\n|poke|p1|Great Tusk|\n|poke|p2|Ursaluna, F|\n|poke|p2|Ditto|\n|poke|p2|Zoroark, M|\n|poke|p2|Cresselia, F|\n|poke|p2|Chandelure, M|\n|poke|p2|Salamence, F|\n|teampreview\n|inactive|Battle timer is ON: inactive players will automatically lose when time's up. (requested by generacion7)\n|\n|t:|1700186605\n|start\n|switch|p1a: Chansey|Chansey, F|100\/100\n|switch|p2a: Chandelure|Chandelure, M, shiny|100\/100\n|turn|1\n|\n|t:|1700186613\n|move|p2a: Chandelure|Flamethrower|p1a: Chansey\n|-damage|p1a: Chansey|75\/100\n|move|p1a: Chansey|Stealth Rock|p2a: Chandelure\n|-sidestart|p2: Sharpergamer|move: Stealth Rock\n|\n|upkeep\n|turn|2\n|\n|t:|1700186619\n|move|p2a: Chandelure|Flamethrower|p1a: Chansey\n|-crit|p1a: Chansey\n|-damage|p1a: Chansey|38\/100\n|move|p1a: Chansey|Thunder Wave|p2a: Chandelure\n|-status|p2a: Chandelure|par\n|\n|upkeep\n|turn|3\n|\n|t:|1700186626\n|move|p1a: Chansey|Soft-Boiled|p1a: Chansey\n|-heal|p1a: Chansey|88\/100\n|move|p2a: Chandelure|Flamethrower|p1a: Chansey\n|-damage|p1a: Chansey|63\/100\n|\n|upkeep\n|turn|4\n|\n|t:|1700186634\n|switch|p1a: Rotom|Rotom-Wash|100\/100\n|cant|p2a: Chandelure|par\n|\n|upkeep\n|turn|5\n|\n|t:|1700186640\n|move|p1a: Rotom|Hydro Pump|p2a: Chandelure\n|-supereffective|p2a: Chandelure\n|-damage|p2a: Chandelure|0 fnt\n|faint|p2a: Chandelure\n|\n|upkeep\n|\n|t:|1700186645\n|switch|p2a: Ursaluna|Ursaluna, F|100\/100\n|-damage|p2a: Ursaluna|88\/100|[from] Stealth Rock\n|turn|6\n|\n|t:|1700186650\n|move|p2a: Ursaluna|Knock Off|p1a: Rotom\n|-damage|p1a: Rotom|48\/100\n|-enditem|p1a: Rotom|Leftovers|[from] move: Knock Off|[of] p2a: Ursaluna\n|move|p1a: Rotom|Hydro Pump|p2a: Ursaluna\n|-damage|p2a: Ursaluna|0 fnt\n|replace|p2a: Zoroark|Zoroark, M, shiny\n|-end|p2a: Zoroark|Illusion\n|faint|p2a: Zoroark\n|\n|upkeep\n|\n|t:|1700186663\n|switch|p2a: Salamence|Salamence, F, shiny|100\/100\n|-damage|p2a: Salamence|76\/100|[from] Stealth Rock\n|turn|7\n|\n|t:|1700186667\n|move|p2a: Salamence|Dragon Dance|p2a: Salamence\n|-boost|p2a: Salamence|atk|1\n|-boost|p2a: Salamence|spe|1\n|move|p1a: Rotom|Will-O-Wisp|p2a: Salamence|[miss]\n|-miss|p1a: Rotom|p2a: Salamence\n|\n|upkeep\n|turn|8\n|\n|t:|1700186678\n|move|p2a: Salamence|Body Slam|p1a: Rotom\n|-damage|p1a: Rotom|0 fnt\n|faint|p1a: Rotom\n|-ability|p2a: Salamence|Moxie|boost\n|-boost|p2a: Salamence|atk|1\n|-damage|p2a: Salamence|66\/100|[from] item: Life Orb\n|\n|upkeep\n|\n|t:|1700186703\n|switch|p1a: Great Tusk|Great Tusk|100\/100\n|turn|9\n|\n|t:|1700186707\n|move|p2a: Salamence|Outrage|p1a: Great Tusk\n|-damage|p1a: Great Tusk|0 fnt\n|faint|p1a: Great Tusk\n|-end|p1a: Great Tusk|Protosynthesis|[silent]\n|-ability|p2a: Salamence|Moxie|boost\n|-boost|p2a: Salamence|atk|1\n|-damage|p2a: Salamence|56\/100|[from] item: Life Orb\n|\n|upkeep\n|\n|t:|1700186713\n|switch|p1a: Mimikyu|Mimikyu, F|100\/100\n|turn|10\n|\n|t:|1700186716\n|move|p2a: Salamence|Outrage|p1a: Mimikyu|[from]lockedmove\n|-immune|p1a: Mimikyu\n|move|p1a: Mimikyu|Swords Dance|p1a: Mimikyu\n|-boost|p1a: Mimikyu|atk|2\n|\n|upkeep\n|turn|11\n|\n|t:|1700186723\n|move|p1a: Mimikyu|Shadow Sneak|p2a: Salamence\n|-crit|p2a: Salamence\n|-damage|p2a: Salamence|0 fnt\n|faint|p2a: Salamence\n|-damage|p1a: Mimikyu|91\/100|[from] item: Life Orb\n|\n|upkeep\n|\n|t:|1700186728\n|switch|p2a: Ursaluna|Ursaluna, F|100\/100\n|-damage|p2a: Ursaluna|94\/100|[from] Stealth Rock\n|turn|12\n|\n|t:|1700186733\n|move|p2a: Ursaluna|Protect|p2a: Ursaluna\n|-singleturn|p2a: Ursaluna|Protect\n|move|p1a: Mimikyu|Drain Punch|p2a: Ursaluna\n|-activate|p2a: Ursaluna|move: Protect\n|\n|-status|p2a: Ursaluna|brn|[from] item: Flame Orb\n|upkeep\n|turn|13\n|\n|t:|1700186740\n|-terastallize|p2a: Ursaluna|Ghost\n|move|p1a: Mimikyu|Drain Punch|p2a: Ursaluna\n|-immune|p2a: Ursaluna\n|move|p2a: Ursaluna|Earthquake|p1a: Mimikyu\n|-activate|p1a: Mimikyu|ability: Disguise\n|-damage|p1a: Mimikyu|91\/100\n|detailschange|p1a: Mimikyu|Mimikyu-Busted, F\n|-damage|p1a: Mimikyu|78\/100|[from] pokemon: Mimikyu-Busted\n|\n|-damage|p2a: Ursaluna|88\/100 brn|[from] brn\n|upkeep\n|turn|14\n|\n|t:|1700186752\n|move|p1a: Mimikyu|Shadow Sneak|p2a: Ursaluna\n|-supereffective|p2a: Ursaluna\n|-damage|p2a: Ursaluna|22\/100 brn\n|-damage|p1a: Mimikyu|68\/100|[from] item: Life Orb\n|move|p2a: Ursaluna|Earthquake|p1a: Mimikyu\n|-damage|p1a: Mimikyu|0 fnt\n|faint|p1a: Mimikyu\n|\n|-damage|p2a: Ursaluna|16\/100 brn|[from] brn\n|upkeep\n|\n|t:|1700186761\n|switch|p1a: Arcanine|Arcanine, M|100\/100\n|-ability|p1a: Arcanine|Intimidate|boost\n|-unboost|p2a: Ursaluna|atk|1\n|turn|15\n|\n|t:|1700186767\n|switch|p2a: Cresselia|Cresselia, F|100\/100\n|-damage|p2a: Cresselia|88\/100|[from] Stealth Rock\n|move|p1a: Arcanine|Flare Blitz|p2a: Cresselia\n|-damage|p2a: Cresselia|51\/100\n|-status|p2a: Cresselia|brn\n|-damage|p1a: Arcanine|83\/100|[from] Recoil\n|\n|-heal|p1a: Arcanine|90\/100|[from] item: Leftovers\n|-heal|p2a: Cresselia|57\/100 brn|[from] item: Leftovers\n|-damage|p2a: Cresselia|51\/100 brn|[from] brn\n|upkeep\n|turn|16\n|\n|t:|1700186781\n|switch|p1a: Muk|Muk-Alola, M|100\/100\n|move|p2a: Cresselia|Lunar Dance|p2a: Cresselia\n|faint|p2a: Cresselia\n|\n|upkeep\n|\n|t:|1700186786\n|switch|p2a: Ursaluna|Ursaluna, F, tera:Ghost|16\/100 brn\n|-heal|p2a: Ursaluna|100\/100|[from] move: Lunar Dance\n|-damage|p2a: Ursaluna|88\/100|[from] Stealth Rock\n|turn|17\n|inactive|generacion7 has 120 seconds left.\n|\n|t:|1700186819\n|-terastallize|p1a: Muk|Fighting\n|move|p2a: Ursaluna|Protect|p2a: Ursaluna\n|-singleturn|p2a: Ursaluna|Protect\n|move|p1a: Muk|Knock Off|p2a: Ursaluna\n|-activate|p2a: Ursaluna|move: Protect\n|\n|-status|p2a: Ursaluna|brn|[from] item: Flame Orb\n|upkeep\n|turn|18\n|\n|t:|1700186827\n|move|p2a: Ursaluna|Facade|p1a: Muk\n|-damage|p1a: Muk|0 fnt\n|faint|p1a: Muk\n|\n|-damage|p2a: Ursaluna|82\/100 brn|[from] brn\n|upkeep\n|\n|t:|1700186833\n|switch|p1a: Arcanine|Arcanine, M|90\/100\n|-ability|p1a: Arcanine|Intimidate|boost\n|-unboost|p2a: Ursaluna|atk|1\n|turn|19\n|\n|t:|1700186839\n|move|p1a: Arcanine|Flare Blitz|p2a: Ursaluna\n|-damage|p2a: Ursaluna|41\/100 brn\n|-damage|p1a: Arcanine|70\/100|[from] Recoil\n|move|p2a: Ursaluna|Facade|p1a: Arcanine\n|-damage|p1a: Arcanine|0 fnt\n|faint|p1a: Arcanine\n|\n|-damage|p2a: Ursaluna|35\/100 brn|[from] brn\n|upkeep\n|\n|t:|1700186847\n|switch|p1a: Chansey|Chansey, F|63\/100\n|turn|20\n|\n|t:|1700186851\n|move|p2a: Ursaluna|Facade|p1a: Chansey\n|-damage|p1a: Chansey|4\/100\n|move|p1a: Chansey|Soft-Boiled|p1a: Chansey\n|-heal|p1a: Chansey|54\/100\n|\n|-damage|p2a: Ursaluna|29\/100 brn|[from] brn\n|upkeep\n|turn|21\n|\n|t:|1700186858\n|move|p2a: Ursaluna|Facade|p1a: Chansey\n|-damage|p1a: Chansey|3\/100\n|move|p1a: Chansey|Soft-Boiled|p1a: Chansey\n|-heal|p1a: Chansey|53\/100\n|\n|-damage|p2a: Ursaluna|22\/100 brn|[from] brn\n|upkeep\n|turn|22\n|\n|t:|1700186865\n|move|p1a: Chansey|Soft-Boiled|p1a: Chansey\n|-heal|p1a: Chansey|100\/100\n|move|p2a: Ursaluna|Earthquake|p1a: Chansey\n|-damage|p1a: Chansey|65\/100\n|\n|-damage|p2a: Ursaluna|16\/100 brn|[from] brn\n|upkeep\n|turn|23\n|\n|t:|1700186874\n|move|p1a: Chansey|Soft-Boiled|p1a: Chansey\n|-heal|p1a: Chansey|100\/100\n|move|p2a: Ursaluna|Facade|p1a: Chansey\n|-damage|p1a: Chansey|42\/100\n|\n|-damage|p2a: Ursaluna|10\/100 brn|[from] brn\n|upkeep\n|turn|24\n|\n|t:|1700186880\n|move|p1a: Chansey|Soft-Boiled|p1a: Chansey\n|-heal|p1a: Chansey|92\/100\n|move|p2a: Ursaluna|Facade|p1a: Chansey\n|-damage|p1a: Chansey|36\/100\n|\n|-damage|p2a: Ursaluna|4\/100 brn|[from] brn\n|upkeep\n|turn|25\n|\n|t:|1700186888\n|move|p1a: Chansey|Soft-Boiled|p1a: Chansey\n|-heal|p1a: Chansey|86\/100\n|move|p2a: Ursaluna|Facade|p1a: Chansey\n|-damage|p1a: Chansey|30\/100\n|\n|-damage|p2a: Ursaluna|0 fnt|[from] brn\n|faint|p2a: Ursaluna\n|upkeep\n|c|\u2606generacion7|byee bitch\n|c|\u2606generacion7|jajajajaja\n|c|\u2606generacion7|:D\n|\n|t:|1700186895\n|switch|p2a: Ditto|Ditto|100\/100\n|-damage|p2a: Ditto|88\/100|[from] Stealth Rock\n|-transform|p2a: Ditto|p1a: Chansey|[from] ability: Imposter\n|turn|26\n|\n|t:|1700186905\n|move|p2a: Ditto|Thunder Wave|p1a: Chansey|[miss]\n|-miss|p2a: Ditto|p1a: Chansey\n|move|p1a: Chansey|Thunder Wave|p2a: Ditto\n|-status|p2a: Ditto|par\n|\n|upkeep\n|turn|27\n|\n|t:|1700186911\n|move|p1a: Chansey|Soft-Boiled|p1a: Chansey\n|-heal|p1a: Chansey|80\/100\n|cant|p2a: Ditto|par\n|\n|upkeep\n|turn|28\n|\n|t:|1700186916\n|move|p1a: Chansey|Seismic Toss|p2a: Ditto\n|-damage|p2a: Ditto|55\/100 par\n|move|p2a: Ditto|Thunder Wave|p1a: Chansey\n|-status|p1a: Chansey|par\n|\n|upkeep\n|turn|29\n|-message|Sharpergamer forfeited.\n|\n|win|generacion7\n|raw|generacion7's rating: 1208 &rarr; <strong>1231<\/strong><br \/>(+23 for winning)\n|raw|Sharpergamer's rating: 1182 &rarr; <strong>1159<\/strong><br \/>(-23 for losing)\n|l|\u2606Sharpergamer\n","uploadtime":1700186956,"views":11,"p1id":"generacion7","p2id":"sharpergamer","formatid":"gen9ou","rating":1159,"private":0,"password":""}