{"id":"gen9ou-1994692284","p1":"vailorn","p2":"jackyjaneeyre","format":"[Gen 9] OU","log":"|j|\u2606vailorn\n|j|\u203djackyjaneeyre\n|t:|1700481819\n|gametype|singles\n|player|p1|vailorn|rood|1450\n|player|p2|jackyjaneeyre|marnie|1562\n|teamsize|p1|6\n|teamsize|p2|6\n|gen|9\n|tier|[Gen 9] OU\n|rated|\n|rule|Sleep Clause Mod: Limit one foe put to sleep\n|rule|Species Clause: Limit one of each Pok\u00e9mon\n|rule|OHKO Clause: OHKO moves are banned\n|rule|Evasion Items Clause: Evasion items are banned\n|rule|Evasion Moves Clause: Evasion moves are banned\n|rule|Endless Battle Clause: Forcing endless battles is banned\n|rule|HP Percentage Mod: HP is shown in percentages\n|clearpoke\n|poke|p1|Weavile, M|\n|poke|p1|Weezing-Galar, M|\n|poke|p1|Alomomola, M|\n|poke|p1|Ting-Lu|\n|poke|p1|Corviknight, F|\n|poke|p1|Dondozo, M|\n|poke|p2|Greninja-*, M|\n|poke|p2|Pelipper, F|\n|poke|p2|Glimmora, F|\n|poke|p2|Dragapult, M|\n|poke|p2|Kingambit, F|\n|poke|p2|Gholdengo|\n|teampreview\n|\n|t:|1700481852\n|start\n|switch|p1a: Ting-Lu|Ting-Lu|100\/100\n|switch|p2a: Dragapult|Dragapult, M|100\/100\n|-ability|p1a: Ting-Lu|Vessel of Ruin\n|turn|1\n|\n|t:|1700481860\n|move|p1a: Ting-Lu|Protect|p1a: Ting-Lu\n|-singleturn|p1a: Ting-Lu|Protect\n|move|p2a: Dragapult|U-turn|p1a: Ting-Lu\n|-activate|p1a: Ting-Lu|move: Protect\n|\n|upkeep\n|turn|2\n|\n|t:|1700481870\n|move|p2a: Dragapult|U-turn|p1a: Ting-Lu\n|-supereffective|p1a: Ting-Lu\n|-damage|p1a: Ting-Lu|82\/100\n|\n|t:|1700481872\n|switch|p2a: Pelipper|Pelipper, F|100\/100|[from] U-turn\n|-weather|RainDance|[from] ability: Drizzle|[of] p2a: Pelipper\n|move|p1a: Ting-Lu|Stealth Rock|p2a: Pelipper\n|-sidestart|p2: jackyjaneeyre|move: Stealth Rock\n|\n|-weather|RainDance|[upkeep]\n|-heal|p1a: Ting-Lu|88\/100|[from] item: Leftovers\n|upkeep\n|turn|3\n|\n|t:|1700481901\n|move|p1a: Ting-Lu|Protect|p1a: Ting-Lu\n|-singleturn|p1a: Ting-Lu|Protect\n|move|p2a: Pelipper|Hydro Pump|p1a: Ting-Lu\n|-activate|p1a: Ting-Lu|move: Protect\n|\n|-weather|RainDance|[upkeep]\n|-heal|p1a: Ting-Lu|94\/100|[from] item: Leftovers\n|upkeep\n|turn|4\n|\n|t:|1700481915\n|switch|p1a: Alomomola|Alomomola, M|100\/100\n|move|p2a: Pelipper|Hydro Pump|p1a: Alomomola\n|-resisted|p1a: Alomomola\n|-damage|p1a: Alomomola|51\/100\n|\n|-weather|RainDance|[upkeep]\n|-heal|p1a: Alomomola|57\/100|[from] item: Leftovers\n|upkeep\n|turn|5\n|\n|t:|1700481922\n|move|p2a: Pelipper|Hydro Pump|p1a: Alomomola\n|-resisted|p1a: Alomomola\n|-damage|p1a: Alomomola|9\/100\n|move|p1a: Alomomola|Mirror Coat|p2a: Pelipper\n|-damage|p2a: Pelipper|0 fnt\n|faint|p2a: Pelipper\n|\n|-weather|RainDance|[upkeep]\n|-heal|p1a: Alomomola|15\/100|[from] item: Leftovers\n|upkeep\n|\n|t:|1700481927\n|switch|p2a: Glimmora|Glimmora, F|100\/100\n|-damage|p2a: Glimmora|88\/100|[from] Stealth Rock\n|turn|6\n|\n|t:|1700481932\n|move|p1a: Alomomola|Protect|p1a: Alomomola\n|-singleturn|p1a: Alomomola|Protect\n|move|p2a: Glimmora|Stealth Rock|p1a: Alomomola\n|-sidestart|p1: vailorn|move: Stealth Rock\n|\n|-weather|none\n|-heal|p1a: Alomomola|22\/100|[from] item: Leftovers\n|upkeep\n|turn|7\n|\n|t:|1700481961\n|switch|p1a: Ting-Lu|Ting-Lu|94\/100\n|-damage|p1a: Ting-Lu|88\/100|[from] Stealth Rock\n|-ability|p1a: Ting-Lu|Vessel of Ruin\n|move|p2a: Glimmora|Mortal Spin|p1a: Ting-Lu\n|-resisted|p1a: Ting-Lu\n|-damage|p1a: Ting-Lu|86\/100\n|-status|p1a: Ting-Lu|psn\n|-sideend|p2: jackyjaneeyre|Stealth Rock|[from] move: Mortal Spin|[of] p2a: Glimmora\n|\n|-heal|p1a: Ting-Lu|93\/100 psn|[from] item: Leftovers\n|-damage|p1a: Ting-Lu|80\/100 psn|[from] psn\n|upkeep\n|turn|8\n|\n|t:|1700481967\n|move|p2a: Glimmora|Energy Ball|p1a: Ting-Lu\n|-supereffective|p1a: Ting-Lu\n|-damage|p1a: Ting-Lu|53\/100 psn\n|move|p1a: Ting-Lu|Stealth Rock|p2a: Glimmora\n|-sidestart|p2: jackyjaneeyre|move: Stealth Rock\n|\n|-heal|p1a: Ting-Lu|59\/100 psn|[from] item: Leftovers\n|-damage|p1a: Ting-Lu|47\/100 psn|[from] psn\n|upkeep\n|turn|9\n|\n|t:|1700481972\n|move|p2a: Glimmora|Mortal Spin|p1a: Ting-Lu\n|-resisted|p1a: Ting-Lu\n|-damage|p1a: Ting-Lu|45\/100 psn\n|-sideend|p2: jackyjaneeyre|Stealth Rock|[from] move: Mortal Spin|[of] p2a: Glimmora\n|move|p1a: Ting-Lu|Earthquake|p2a: Glimmora\n|-supereffective|p2a: Glimmora\n|-damage|p2a: Glimmora|0 fnt\n|-activate|p2a: Glimmora|ability: Toxic Debris\n|-sidestart|p1: vailorn|move: Toxic Spikes\n|faint|p2a: Glimmora\n|\n|-heal|p1a: Ting-Lu|51\/100 psn|[from] item: Leftovers\n|-damage|p1a: Ting-Lu|39\/100 psn|[from] psn\n|upkeep\n|\n|t:|1700481980\n|switch|p2a: Greninja|Greninja, M|100\/100\n|turn|10\n|\n|t:|1700481988\n|move|p1a: Ting-Lu|Protect|p1a: Ting-Lu\n|-singleturn|p1a: Ting-Lu|Protect\n|move|p2a: Greninja|Surf|p1a: Ting-Lu\n|-activate|p1a: Ting-Lu|move: Protect\n|\n|-heal|p1a: Ting-Lu|45\/100 psn|[from] item: Leftovers\n|-damage|p1a: Ting-Lu|33\/100 psn|[from] psn\n|upkeep\n|turn|11\n|\n|t:|1700481993\n|switch|p1a: Dondozo|Dondozo, M|100\/100\n|-damage|p1a: Dondozo|88\/100|[from] Stealth Rock\n|-status|p1a: Dondozo|psn\n|move|p2a: Greninja|Dark Pulse|p1a: Dondozo\n|-damage|p1a: Dondozo|56\/100 psn\n|-damage|p2a: Greninja|91\/100|[from] item: Life Orb\n|\n|-heal|p1a: Dondozo|62\/100 psn|[from] item: Leftovers\n|-damage|p1a: Dondozo|50\/100 psn|[from] psn\n|upkeep\n|turn|12\n|\n|t:|1700482006\n|move|p2a: Greninja|Dark Pulse|p1a: Dondozo\n|-damage|p1a: Dondozo|19\/100 psn\n|-damage|p2a: Greninja|81\/100|[from] item: Life Orb\n|move|p1a: Dondozo|Rest|p1a: Dondozo\n|-status|p1a: Dondozo|slp|[from] move: Rest\n|-heal|p1a: Dondozo|100\/100 slp|[silent]\n|\n|upkeep\n|turn|13\n|\n|t:|1700482024\n|switch|p2a: Dragapult|Dragapult, M|100\/100\n|switch|p1a: Corviknight|Corviknight, F|100\/100\n|-damage|p1a: Corviknight|88\/100|[from] Stealth Rock\n|-ability|p1a: Corviknight|Pressure\n|\n|upkeep\n|turn|14\n|\n|t:|1700482036\n|switch|p1a: Weezing|Weezing-Galar, M|100\/100\n|-ability|p1a: Weezing|Neutralizing Gas\n|-sideend|p1: vailorn|move: Toxic Spikes|[of] p1a: Weezing\n|move|p2a: Dragapult|Flamethrower|p1a: Weezing\n|-damage|p1a: Weezing|46\/100\n|\n|upkeep\n|turn|15\n|\n|t:|1700482049\n|-end|p1a: Weezing|ability: Neutralizing Gas\n|switch|p1a: Ting-Lu|Ting-Lu|33\/100 psn\n|-damage|p1a: Ting-Lu|27\/100 psn|[from] Stealth Rock\n|-ability|p1a: Ting-Lu|Vessel of Ruin\n|move|p2a: Dragapult|Flamethrower|p1a: Ting-Lu\n|-damage|p1a: Ting-Lu|9\/100 psn\n|\n|-heal|p1a: Ting-Lu|16\/100 psn|[from] item: Leftovers\n|-damage|p1a: Ting-Lu|3\/100 psn|[from] psn\n|upkeep\n|turn|16\n|\n|t:|1700482054\n|move|p2a: Dragapult|Flamethrower|p1a: Ting-Lu\n|-damage|p1a: Ting-Lu|0 fnt\n|faint|p1a: Ting-Lu\n|\n|upkeep\n|\n|t:|1700482057\n|switch|p1a: Alomomola|Alomomola, M|55\/100\n|-damage|p1a: Alomomola|42\/100|[from] Stealth Rock\n|turn|17\n|\n|t:|1700482065\n|switch|p2a: Greninja|Greninja, M|81\/100\n|move|p1a: Alomomola|Wish|p1a: Alomomola\n|\n|-heal|p1a: Alomomola|49\/100|[from] item: Leftovers\n|upkeep\n|turn|18\n|\n|t:|1700482072\n|move|p1a: Alomomola|Protect|p1a: Alomomola\n|-singleturn|p1a: Alomomola|Protect\n|move|p2a: Greninja|Dark Pulse|p1a: Alomomola\n|-activate|p1a: Alomomola|move: Protect\n|\n|-heal|p1a: Alomomola|99\/100|[from] move: Wish|[wisher] Alomomola\n|-heal|p1a: Alomomola|100\/100|[from] item: Leftovers\n|upkeep\n|turn|19\n|\n|t:|1700482076\n|move|p2a: Greninja|Dark Pulse|p1a: Alomomola\n|-damage|p1a: Alomomola|56\/100\n|-damage|p2a: Greninja|71\/100|[from] item: Life Orb\n|move|p1a: Alomomola|Wish|p1a: Alomomola\n|\n|-heal|p1a: Alomomola|62\/100|[from] item: Leftovers\n|upkeep\n|turn|20\n|\n|t:|1700482082\n|switch|p2a: Gholdengo|Gholdengo|100\/100\n|-item|p2a: Gholdengo|Air Balloon\n|move|p1a: Alomomola|Mirror Coat||[still]\n|-fail|p1a: Alomomola\n|\n|-heal|p1a: Alomomola|100\/100|[from] move: Wish|[wisher] Alomomola\n|upkeep\n|turn|21\n|\n|t:|1700482085\n|move|p2a: Gholdengo|Nasty Plot|p2a: Gholdengo\n|-boost|p2a: Gholdengo|spa|2\n|move|p1a: Alomomola|Flip Turn|p2a: Gholdengo\n|-damage|p2a: Gholdengo|84\/100\n|-enditem|p2a: Gholdengo|Air Balloon\n|\n|t:|1700482100\n|switch|p1a: Weezing|Weezing-Galar, M|46\/100|[from] Flip Turn\n|-ability|p1a: Weezing|Neutralizing Gas\n|\n|upkeep\n|turn|22\n|\n|t:|1700482107\n|move|p2a: Gholdengo|Shadow Ball|p1a: Weezing\n|-damage|p1a: Weezing|0 fnt\n|faint|p1a: Weezing\n|-end|p1a: Weezing|ability: Neutralizing Gas\n|\n|upkeep\n|\n|t:|1700482113\n|switch|p1a: Weavile|Weavile, M|100\/100\n|-damage|p1a: Weavile|76\/100|[from] Stealth Rock\n|-ability|p1a: Weavile|Pressure\n|turn|23\n|\n|t:|1700482119\n|-terastallize|p2a: Gholdengo|Fighting\n|move|p1a: Weavile|Substitute|p1a: Weavile\n|-start|p1a: Weavile|Substitute\n|-damage|p1a: Weavile|51\/100\n|move|p2a: Gholdengo|Make It Rain|p1a: Weavile\n|-supereffective|p1a: Weavile\n|-end|p1a: Weavile|Substitute\n|-unboost|p2a: Gholdengo|spa|1\n|\n|-heal|p1a: Weavile|57\/100|[from] item: Leftovers\n|upkeep\n|turn|24\n|\n|t:|1700482125\n|move|p1a: Weavile|Knock Off|p2a: Gholdengo\n|-resisted|p2a: Gholdengo\n|-damage|p2a: Gholdengo|71\/100\n|move|p2a: Gholdengo|Make It Rain|p1a: Weavile\n|-supereffective|p1a: Weavile\n|-damage|p1a: Weavile|0 fnt\n|-unboost|p2a: Gholdengo|spa|1\n|faint|p1a: Weavile\n|\n|upkeep\n|\n|t:|1700482129\n|switch|p1a: Corviknight|Corviknight, F|88\/100\n|-damage|p1a: Corviknight|76\/100|[from] Stealth Rock\n|-ability|p1a: Corviknight|Pressure\n|turn|25\n|\n|t:|1700482134\n|move|p2a: Gholdengo|Shadow Ball|p1a: Corviknight\n|-damage|p1a: Corviknight|23\/100\n|move|p1a: Corviknight|Brave Bird|p2a: Gholdengo\n|-supereffective|p2a: Gholdengo\n|-damage|p2a: Gholdengo|6\/100\n|-damage|p1a: Corviknight|1\/100|[from] Recoil\n|\n|upkeep\n|turn|26\n|\n|t:|1700482138\n|move|p2a: Gholdengo|Shadow Ball|p1a: Corviknight\n|-damage|p1a: Corviknight|0 fnt\n|faint|p1a: Corviknight\n|\n|upkeep\n|\n|t:|1700482141\n|switch|p1a: Alomomola|Alomomola, M|100\/100\n|-damage|p1a: Alomomola|88\/100|[from] Stealth Rock\n|turn|27\n|\n|t:|1700482147\n|move|p2a: Gholdengo|Recover|p2a: Gholdengo\n|-heal|p2a: Gholdengo|56\/100\n|move|p1a: Alomomola|Flip Turn|p2a: Gholdengo\n|-damage|p2a: Gholdengo|40\/100\n|\n|t:|1700482149\n|switch|p1a: Dondozo|Dondozo, M|100\/100 slp|[from] Flip Turn\n|-damage|p1a: Dondozo|88\/100 slp|[from] Stealth Rock\n|\n|-heal|p1a: Dondozo|94\/100 slp|[from] item: Leftovers\n|upkeep\n|turn|28\n|-message|vailorn forfeited.\n|\n|win|jackyjaneeyre\n|raw|vailorn's rating: 1450 &rarr; <strong>1436<\/strong><br \/>(-14 for losing)\n|raw|jackyjaneeyre's rating: 1562 &rarr; <strong>1576<\/strong><br \/>(+14 for winning)\n","uploadtime":1700482155,"views":17,"p1id":"vailorn","p2id":"jackyjaneeyre","formatid":"gen9ou","rating":1436,"private":0,"password":""}