{"id":"gen9ou-1993217529","p1":"Requin citron","p2":"Kuzwa","format":"[Gen 9] OU","log":"|j|\u2606Requin citron\n|j|\u2606Kuzwa\n|t:|1700279455\n|gametype|singles\n|player|p1|Requin citron|firebreather|1095\n|player|p2|Kuzwa|kieran-festival|1189\n|teamsize|p1|6\n|teamsize|p2|6\n|gen|9\n|tier|[Gen 9] OU\n|rated|\n|rule|Sleep Clause Mod: Limit one foe put to sleep\n|rule|Species Clause: Limit one of each Pok\u00e9mon\n|rule|OHKO Clause: OHKO moves are banned\n|rule|Evasion Items Clause: Evasion items are banned\n|rule|Evasion Moves Clause: Evasion moves are banned\n|rule|Endless Battle Clause: Forcing endless battles is banned\n|rule|HP Percentage Mod: HP is shown in percentages\n|clearpoke\n|poke|p1|Spiritomb, F|\n|poke|p1|Armarouge, M|\n|poke|p1|Mudsdale, F|\n|poke|p1|Komala, F|\n|poke|p1|Weavile, F|\n|poke|p1|Trevenant, F|\n|poke|p2|Greninja-*, M|\n|poke|p2|Sinistcha-Masterpiece|\n|poke|p2|Gallade, M|\n|poke|p2|Weavile, F|\n|poke|p2|Hydreigon, M|\n|poke|p2|Glimmora, M|\n|teampreview\n|inactive|Battle timer is ON: inactive players will automatically lose when time's up. (requested by Kuzwa)\n|\n|t:|1700279465\n|start\n|switch|p1a: Komala|Komala, F|100\/100\n|switch|p2a: thing|Glimmora, M, shiny|100\/100\n|-item|p2a: thing|Air Balloon\n|-ability|p1a: Komala|Comatose\n|turn|1\n|\n|t:|1700279469\n|move|p2a: thing|Sludge Wave|p1a: Komala\n|-damage|p1a: Komala|62\/100\n|move|p1a: Komala|Rapid Spin|p2a: thing\n|-resisted|p2a: thing\n|-damage|p2a: thing|86\/100\n|-boost|p1a: Komala|spe|1\n|-activate|p2a: thing|ability: Toxic Debris\n|-sidestart|p1: Requin citron|move: Toxic Spikes\n|-enditem|p2a: thing|Air Balloon\n|-sideend|p1: Requin citron|Toxic Spikes|[from] move: Rapid Spin|[of] p1a: Komala\n|\n|upkeep\n|turn|2\n|\n|t:|1700279476\n|switch|p2a: Ken Amada|Sinistcha-Masterpiece|100\/100\n|move|p1a: Komala|Rapid Spin|p2a: Ken Amada\n|-immune|p2a: Ken Amada\n|\n|upkeep\n|turn|3\n|\n|t:|1700279482\n|move|p1a: Komala|U-turn|p2a: Ken Amada\n|-damage|p2a: Ken Amada|79\/100\n|\n|t:|1700279485\n|switch|p1a: Spiritomb|Spiritomb, F|100\/100|[from] U-turn\n|move|p2a: Ken Amada|Calm Mind|p2a: Ken Amada\n|-boost|p2a: Ken Amada|spa|1\n|-boost|p2a: Ken Amada|spd|1\n|\n|upkeep\n|turn|4\n|\n|t:|1700279488\n|move|p2a: Ken Amada|Shadow Ball|p1a: Spiritomb\n|-damage|p1a: Spiritomb|39\/100\n|move|p1a: Spiritomb|Trick|p2a: Ken Amada\n|-activate|p1a: Spiritomb|move: Trick|[of] p2a: Ken Amada\n|-item|p2a: Ken Amada|Lagging Tail|[from] move: Trick\n|-item|p1a: Spiritomb|Heavy-Duty Boots|[from] move: Trick\n|\n|upkeep\n|turn|5\n|\n|t:|1700279496\n|move|p1a: Spiritomb|Poltergeist|p2a: Ken Amada\n|-activate|p2a: Ken Amada|move: Poltergeist|Lagging Tail\n|-supereffective|p2a: Ken Amada\n|-damage|p2a: Ken Amada|5\/100\n|move|p2a: Ken Amada|Shadow Ball|p1a: Spiritomb\n|-damage|p1a: Spiritomb|0 fnt\n|faint|p1a: Spiritomb\n|\n|upkeep\n|\n|t:|1700279502\n|switch|p1a: Komala|Komala, F|62\/100\n|-ability|p1a: Komala|Comatose\n|turn|6\n|\n|t:|1700279506\n|switch|p2a: thing|Glimmora, M, shiny|86\/100\n|move|p1a: Komala|U-turn|p2a: thing\n|-resisted|p2a: thing\n|-damage|p2a: thing|72\/100\n|-activate|p2a: thing|ability: Toxic Debris\n|-sidestart|p1: Requin citron|move: Toxic Spikes\n|\n|t:|1700279510\n|switch|p1a: Mudsdale|Mudsdale, F|100\/100|[from] U-turn\n|-status|p1a: Mudsdale|psn\n|\n|-damage|p1a: Mudsdale|88\/100 psn|[from] psn\n|upkeep\n|turn|7\n|\n|t:|1700279514\n|switch|p2a: Ken Amada|Sinistcha-Masterpiece|5\/100\n|move|p1a: Mudsdale|Stomping Tantrum|p2a: Ken Amada\n|-resisted|p2a: Ken Amada\n|-damage|p2a: Ken Amada|0 fnt\n|faint|p2a: Ken Amada\n|\n|-damage|p1a: Mudsdale|76\/100 psn|[from] psn\n|upkeep\n|\n|t:|1700279518\n|switch|p2a: Hidetoshi Odagiri|Greninja, M|100\/100\n|turn|8\n|\n|t:|1700279527\n|switch|p1a: Trevenant|Trevenant, F|100\/100\n|-status|p1a: Trevenant|psn\n|move|p2a: Hidetoshi Odagiri|Ice Beam|p1a: Trevenant\n|-supereffective|p1a: Trevenant\n|-damage|p1a: Trevenant|46\/100 psn\n|-enditem|p1a: Trevenant|Sitrus Berry|[eat]\n|-heal|p1a: Trevenant|71\/100 psn|[from] item: Sitrus Berry\n|\n|-damage|p1a: Trevenant|59\/100 psn|[from] psn\n|upkeep\n|turn|9\n|\n|t:|1700279533\n|move|p2a: Hidetoshi Odagiri|Dark Pulse|p1a: Trevenant\n|-supereffective|p1a: Trevenant\n|-damage|p1a: Trevenant|0 fnt\n|faint|p1a: Trevenant\n|-ability|p2a: Hidetoshi Odagiri|Battle Bond|boost\n|-boost|p2a: Hidetoshi Odagiri|atk|1\n|-boost|p2a: Hidetoshi Odagiri|spa|1\n|-boost|p2a: Hidetoshi Odagiri|spe|1\n|-activate|p2a: Hidetoshi Odagiri|ability: Battle Bond\n|\n|upkeep\n|\n|t:|1700279537\n|switch|p1a: Komala|Komala, F|62\/100\n|-ability|p1a: Komala|Comatose\n|turn|10\n|\n|t:|1700279540\n|move|p2a: Hidetoshi Odagiri|Protect|p2a: Hidetoshi Odagiri\n|-singleturn|p2a: Hidetoshi Odagiri|Protect\n|move|p1a: Komala|Rapid Spin|p2a: Hidetoshi Odagiri\n|-activate|p2a: Hidetoshi Odagiri|move: Protect\n|\n|upkeep\n|turn|11\n|\n|t:|1700279545\n|move|p2a: Hidetoshi Odagiri|Dark Pulse|p1a: Komala\n|-damage|p1a: Komala|18\/100\n|cant|p1a: Komala|flinch\n|\n|upkeep\n|turn|12\n|\n|t:|1700279549\n|move|p2a: Hidetoshi Odagiri|Dark Pulse|p1a: Komala\n|-crit|p1a: Komala\n|-damage|p1a: Komala|0 fnt\n|faint|p1a: Komala\n|\n|upkeep\n|\n|t:|1700279557\n|switch|p1a: Weavile|Weavile, F|100\/100\n|-status|p1a: Weavile|psn\n|-ability|p1a: Weavile|Pressure\n|turn|13\n|\n|t:|1700279561\n|move|p2a: Hidetoshi Odagiri|Protect|p2a: Hidetoshi Odagiri\n|-singleturn|p2a: Hidetoshi Odagiri|Protect\n|move|p1a: Weavile|Brick Break|p2a: Hidetoshi Odagiri\n|-activate|p2a: Hidetoshi Odagiri|move: Protect\n|\n|-damage|p1a: Weavile|88\/100 psn|[from] psn\n|upkeep\n|turn|14\n|\n|t:|1700279567\n|move|p2a: Hidetoshi Odagiri|Water Shuriken|p1a: Weavile\n|-damage|p1a: Weavile|75\/100 psn\n|-damage|p1a: Weavile|62\/100 psn\n|-hitcount|p1a: Weavile|2\n|move|p1a: Weavile|Brick Break|p2a: Hidetoshi Odagiri\n|-supereffective|p2a: Hidetoshi Odagiri\n|-damage|p2a: Hidetoshi Odagiri|20\/100\n|\n|-damage|p1a: Weavile|50\/100 psn|[from] psn\n|upkeep\n|turn|15\n|\n|t:|1700279570\n|move|p2a: Hidetoshi Odagiri|Protect|p2a: Hidetoshi Odagiri\n|-singleturn|p2a: Hidetoshi Odagiri|Protect\n|move|p1a: Weavile|Brick Break|p2a: Hidetoshi Odagiri\n|-activate|p2a: Hidetoshi Odagiri|move: Protect\n|\n|-damage|p1a: Weavile|37\/100 psn|[from] psn\n|upkeep\n|turn|16\n|\n|t:|1700279573\n|move|p2a: Hidetoshi Odagiri|Water Shuriken|p1a: Weavile\n|-damage|p1a: Weavile|24\/100 psn\n|-damage|p1a: Weavile|10\/100 psn\n|-damage|p1a: Weavile|0 fnt\n|faint|p1a: Weavile\n|-hitcount|p1: Weavile|3\n|\n|upkeep\n|\n|t:|1700279575\n|switch|p1a: Mudsdale|Mudsdale, F|76\/100 psn\n|turn|17\n|\n|t:|1700279578\n|-terastallize|p1a: Mudsdale|Steel\n|move|p2a: Hidetoshi Odagiri|Protect|p2a: Hidetoshi Odagiri\n|-singleturn|p2a: Hidetoshi Odagiri|Protect\n|move|p1a: Mudsdale|Rest|p1a: Mudsdale\n|-status|p1a: Mudsdale|slp|[from] move: Rest\n|-heal|p1a: Mudsdale|100\/100 slp|[silent]\n|\n|upkeep\n|turn|18\n|\n|t:|1700279585\n|move|p2a: Hidetoshi Odagiri|Water Shuriken|p1a: Mudsdale\n|-damage|p1a: Mudsdale|94\/100 slp\n|-ability|p1a: Mudsdale|Stamina|boost\n|-boost|p1a: Mudsdale|def|1\n|-damage|p1a: Mudsdale|87\/100 slp\n|-ability|p1a: Mudsdale|Stamina|boost\n|-boost|p1a: Mudsdale|def|1\n|-damage|p1a: Mudsdale|80\/100 slp\n|-ability|p1a: Mudsdale|Stamina|boost\n|-boost|p1a: Mudsdale|def|1\n|-damage|p1a: Mudsdale|73\/100 slp\n|-ability|p1a: Mudsdale|Stamina|boost\n|-boost|p1a: Mudsdale|def|1\n|-hitcount|p1a: Mudsdale|4\n|cant|p1a: Mudsdale|slp\n|move|p1a: Mudsdale|Sleep Talk|p1a: Mudsdale\n|move|p1a: Mudsdale|Stomping Tantrum|p2a: Hidetoshi Odagiri|[from]move: Sleep Talk\n|-damage|p2a: Hidetoshi Odagiri|0 fnt\n|faint|p2a: Hidetoshi Odagiri\n|\n|upkeep\n|\n|t:|1700279590\n|switch|p2a: Ryoji Mochizuki|Gallade, M, shiny|100\/100\n|turn|19\n|\n|t:|1700279593\n|move|p2a: Ryoji Mochizuki|Swords Dance|p2a: Ryoji Mochizuki\n|-boost|p2a: Ryoji Mochizuki|atk|2\n|cant|p1a: Mudsdale|slp\n|move|p1a: Mudsdale|Sleep Talk|p1a: Mudsdale\n|move|p1a: Mudsdale|Rest||[from]move: Sleep Talk|[still]\n|-fail|p1a: Mudsdale\n|\n|upkeep\n|turn|20\n|\n|t:|1700279598\n|move|p2a: Ryoji Mochizuki|Sacred Sword|p1a: Mudsdale\n|-supereffective|p1a: Mudsdale\n|-damage|p1a: Mudsdale|0 fnt\n|faint|p1a: Mudsdale\n|\n|upkeep\n|\n|t:|1700279601\n|switch|p1a: Armarouge|Armarouge, M|100\/100\n|-status|p1a: Armarouge|psn\n|turn|21\n|\n|t:|1700279604\n|move|p2a: Ryoji Mochizuki|Swords Dance|p2a: Ryoji Mochizuki\n|-boost|p2a: Ryoji Mochizuki|atk|2\n|move|p1a: Armarouge|Expanding Force|p2a: Ryoji Mochizuki\n|-damage|p2a: Ryoji Mochizuki|55\/100\n|\n|-damage|p1a: Armarouge|88\/100 psn|[from] psn\n|upkeep\n|turn|22\n|c|\u2606Requin citron|gg\n|\n|t:|1700279608\n|move|p2a: Ryoji Mochizuki|Shadow Sneak|p1a: Armarouge\n|-supereffective|p1a: Armarouge\n|-damage|p1a: Armarouge|0 fnt\n|faint|p1a: Armarouge\n|\n|win|Kuzwa\n|raw|Requin citron's rating: 1095 &rarr; <strong>1077<\/strong><br \/>(-18 for losing)\n|raw|Kuzwa's rating: 1189 &rarr; <strong>1207<\/strong><br \/>(+18 for winning)\n|l|\u2606Requin citron\n","uploadtime":1700279612,"views":12,"p1id":"requincitron","p2id":"kuzwa","formatid":"gen9ou","rating":1077,"private":0,"password":""}