{"id":"gen9ou-1996175602","p1":"elqixr","p2":"Chaitanya15","format":"[Gen 9] OU","log":"|j|\u2606elqixr\n|j|\u2606Chaitanya15\n|t:|1700655211\n|gametype|singles\n|player|p1|elqixr|n|1167\n|player|p2|Chaitanya15|265|1215\n|teamsize|p1|6\n|teamsize|p2|6\n|gen|9\n|tier|[Gen 9] OU\n|rated|\n|rule|Sleep Clause Mod: Limit one foe put to sleep\n|rule|Species Clause: Limit one of each Pok\u00e9mon\n|rule|OHKO Clause: OHKO moves are banned\n|rule|Evasion Items Clause: Evasion items are banned\n|rule|Evasion Moves Clause: Evasion moves are banned\n|rule|Endless Battle Clause: Forcing endless battles is banned\n|rule|HP Percentage Mod: HP is shown in percentages\n|clearpoke\n|poke|p1|Heatran, M|\n|poke|p1|Dragonite, M|\n|poke|p1|Rotom-Wash|\n|poke|p1|Great Tusk|\n|poke|p1|Iron Valiant|\n|poke|p1|Lycanroc-Dusk, M|\n|poke|p2|Dragonite, M|\n|poke|p2|Hatterene, F|\n|poke|p2|Greninja-*, M|\n|poke|p2|Rillaboom, M|\n|poke|p2|Iron Moth|\n|poke|p2|Iron Valiant|\n|teampreview\n|\n|t:|1700655219\n|start\n|switch|p1a: rocknan|Lycanroc-Dusk, M, shiny|100\/100\n|switch|p2a: Rillaboom|Rillaboom, M|100\/100\n|-fieldstart|move: Grassy Terrain|[from] ability: Grassy Surge|[of] p2a: Rillaboom\n|-enditem|p2a: Rillaboom|Grassy Seed\n|-boost|p2a: Rillaboom|def|1|[from] item: Grassy Seed\n|turn|1\n|inactive|Battle timer is ON: inactive players will automatically lose when time's up. (requested by Chaitanya15)\n|\n|t:|1700655226\n|move|p2a: Rillaboom|Fake Out|p1a: rocknan\n|-resisted|p1a: rocknan\n|-damage|p1a: rocknan|90\/100\n|cant|p1a: rocknan|flinch\n|\n|-heal|p1a: rocknan|96\/100|[from] Grassy Terrain\n|upkeep\n|turn|2\n|\n|t:|1700655235\n|switch|p1a: tom wash|Rotom-Wash, shiny|100\/100\n|move|p2a: Rillaboom|Grassy Glide|p1a: tom wash\n|-supereffective|p1a: tom wash\n|-damage|p1a: tom wash|43\/100\n|\n|-heal|p1a: tom wash|50\/100|[from] item: Leftovers\n|upkeep\n|turn|3\n|\n|t:|1700655243\n|move|p2a: Rillaboom|Grassy Glide|p1a: tom wash\n|-supereffective|p1a: tom wash\n|-damage|p1a: tom wash|0 fnt\n|faint|p1a: tom wash\n|\n|upkeep\n|\n|t:|1700655245\n|switch|p1a: rocknan|Lycanroc-Dusk, M, shiny|96\/100\n|turn|4\n|\n|t:|1700655254\n|move|p2a: Rillaboom|Grassy Glide|p1a: rocknan\n|-supereffective|p1a: rocknan\n|-damage|p1a: rocknan|0 fnt\n|faint|p1a: rocknan\n|\n|upkeep\n|\n|t:|1700655260\n|switch|p1a: in da heat|Heatran, M|100\/100\n|turn|5\n|\n|t:|1700655264\n|move|p2a: Rillaboom|Knock Off|p1a: in da heat\n|-damage|p1a: in da heat|75\/100\n|-enditem|p1a: in da heat|Leftovers|[from] move: Knock Off|[of] p2a: Rillaboom\n|move|p1a: in da heat|Magma Storm|p2a: Rillaboom|[miss]\n|-miss|p1a: in da heat|p2a: Rillaboom\n|\n|-heal|p1a: in da heat|81\/100|[from] Grassy Terrain\n|-fieldend|move: Grassy Terrain\n|upkeep\n|turn|6\n|\n|t:|1700655277\n|switch|p2a: Greninja|Greninja, M|100\/100\n|move|p1a: in da heat|Magma Storm|p2a: Greninja|[miss]\n|-miss|p1a: in da heat|p2a: Greninja\n|\n|upkeep\n|turn|7\n|\n|t:|1700655294\n|-terastallize|p1a: in da heat|Grass\n|move|p2a: Greninja|Dark Pulse|p1a: in da heat\n|-damage|p1a: in da heat|50\/100\n|move|p1a: in da heat|Will-O-Wisp|p2a: Greninja\n|-status|p2a: Greninja|brn\n|\n|-damage|p2a: Greninja|95\/100 brn|[from] brn\n|upkeep\n|turn|8\n|\n|t:|1700655305\n|move|p2a: Greninja|Dark Pulse|p1a: in da heat\n|-damage|p1a: in da heat|14\/100\n|move|p1a: in da heat|Magma Storm|p2a: Greninja\n|-resisted|p2a: Greninja\n|-damage|p2a: Greninja|59\/100 brn\n|-activate|p2a: Greninja|move: Magma Storm|[of] p1a: in da heat\n|\n|-damage|p2a: Greninja|53\/100 brn|[from] brn\n|-damage|p2a: Greninja|41\/100 brn|[from] move: Magma Storm|[partiallytrapped]\n|upkeep\n|turn|9\n|\n|t:|1700655314\n|move|p2a: Greninja|Dark Pulse|p1a: in da heat\n|-damage|p1a: in da heat|0 fnt\n|faint|p1a: in da heat\n|-ability|p2a: Greninja|Battle Bond|boost\n|-boost|p2a: Greninja|atk|1\n|-boost|p2a: Greninja|spa|1\n|-boost|p2a: Greninja|spe|1\n|-activate|p2a: Greninja|ability: Battle Bond\n|\n|-damage|p2a: Greninja|35\/100 brn|[from] brn\n|-end|p2a: Greninja|Magma Storm|[partiallytrapped]|[silent]\n|upkeep\n|\n|t:|1700655323\n|switch|p1a: ironamm|Iron Valiant, shiny|100\/100\n|-enditem|p1a: ironamm|Booster Energy\n|-activate|p1a: ironamm|ability: Quark Drive|[fromitem]\n|-start|p1a: ironamm|quarkdrivespe\n|turn|10\n|\n|t:|1700655331\n|move|p2a: Greninja|Dark Pulse|p1a: ironamm\n|-resisted|p1a: ironamm\n|-damage|p1a: ironamm|64\/100\n|move|p1a: ironamm|Swords Dance|p1a: ironamm\n|-boost|p1a: ironamm|atk|2\n|\n|-damage|p2a: Greninja|29\/100 brn|[from] brn\n|upkeep\n|turn|11\n|\n|t:|1700655339\n|move|p2a: Greninja|Dark Pulse|p1a: ironamm\n|-resisted|p1a: ironamm\n|-damage|p1a: ironamm|26\/100\n|move|p1a: ironamm|Swords Dance|p1a: ironamm\n|-boost|p1a: ironamm|atk|2\n|\n|-damage|p2a: Greninja|23\/100 brn|[from] brn\n|upkeep\n|turn|12\n|\n|t:|1700655349\n|move|p2a: Greninja|Dark Pulse|p1a: ironamm\n|-resisted|p1a: ironamm\n|-damage|p1a: ironamm|0 fnt\n|faint|p1a: ironamm\n|-end|p1a: ironamm|Quark Drive|[silent]\n|\n|-damage|p2a: Greninja|17\/100 brn|[from] brn\n|upkeep\n|\n|t:|1700655353\n|switch|p1a: balling|Dragonite, M, shiny|100\/100\n|turn|13\n|\n|t:|1700655357\n|move|p1a: balling|Extreme Speed|p2a: Greninja\n|-damage|p2a: Greninja|0 fnt\n|faint|p2a: Greninja\n|\n|upkeep\n|\n|t:|1700655363\n|switch|p2a: Rillaboom|Rillaboom, M|100\/100\n|-fieldstart|move: Grassy Terrain|[from] ability: Grassy Surge|[of] p2a: Rillaboom\n|turn|14\n|\n|t:|1700655367\n|move|p2a: Rillaboom|Fake Out|p1a: balling\n|-damage|p1a: balling|93\/100\n|cant|p1a: balling|flinch\n|\n|-heal|p1a: balling|99\/100|[from] item: Leftovers\n|upkeep\n|turn|15\n|\n|t:|1700655374\n|move|p2a: Rillaboom|Knock Off|p1a: balling\n|-damage|p1a: balling|65\/100\n|-enditem|p1a: balling|Leftovers|[from] move: Knock Off|[of] p2a: Rillaboom\n|move|p1a: balling|Dragon Dance|p1a: balling\n|-boost|p1a: balling|atk|1\n|-boost|p1a: balling|spe|1\n|\n|upkeep\n|turn|16\n|\n|t:|1700655381\n|move|p1a: balling|Extreme Speed|p2a: Rillaboom\n|-damage|p2a: Rillaboom|54\/100\n|move|p2a: Rillaboom|Acrobatics|p1a: balling\n|-damage|p1a: balling|24\/100\n|\n|-heal|p2a: Rillaboom|61\/100|[from] Grassy Terrain\n|upkeep\n|turn|17\n|\n|t:|1700655389\n|move|p1a: balling|Dragon Claw|p2a: Rillaboom\n|-damage|p2a: Rillaboom|0 fnt\n|faint|p2a: Rillaboom\n|\n|upkeep\n|\n|t:|1700655397\n|switch|p2a: Dragonite|Dragonite, M|100\/100\n|turn|18\n|\n|t:|1700655416\n|move|p1a: balling|Dragon Claw|p2a: Dragonite\n|-supereffective|p2a: Dragonite\n|-damage|p2a: Dragonite|29\/100\n|move|p2a: Dragonite|Dragon Claw|p1a: balling\n|-supereffective|p1a: balling\n|-damage|p1a: balling|0 fnt\n|faint|p1a: balling\n|\n|-fieldend|move: Grassy Terrain\n|upkeep\n|\n|t:|1700655423\n|switch|p1a: tuskman|Great Tusk|100\/100\n|-enditem|p1a: tuskman|Booster Energy\n|-activate|p1a: tuskman|ability: Protosynthesis|[fromitem]\n|-start|p1a: tuskman|protosynthesisatk\n|turn|19\n|\n|t:|1700655429\n|move|p2a: Dragonite|Extreme Speed|p1a: tuskman\n|-damage|p1a: tuskman|79\/100\n|move|p1a: tuskman|Ice Spinner|p2a: Dragonite\n|-supereffective|p2a: Dragonite\n|-damage|p2a: Dragonite|0 fnt\n|faint|p2a: Dragonite\n|\n|upkeep\n|\n|t:|1700655437\n|switch|p2a: Iron Moth|Iron Moth|100\/100\n|-enditem|p2a: Iron Moth|Booster Energy\n|-activate|p2a: Iron Moth|ability: Quark Drive|[fromitem]\n|-start|p2a: Iron Moth|quarkdrivespa\n|turn|20\n|\n|t:|1700655441\n|move|p2a: Iron Moth|Energy Ball|p1a: tuskman\n|-supereffective|p1a: tuskman\n|-damage|p1a: tuskman|0 fnt\n|faint|p1a: tuskman\n|-end|p1a: tuskman|Protosynthesis|[silent]\n|\n|win|Chaitanya15\n|raw|elqixr's rating: 1167 &rarr; <strong>1145<\/strong><br \/>(-22 for losing)\n|raw|Chaitanya15's rating: 1215 &rarr; <strong>1237<\/strong><br \/>(+22 for winning)\n|l|\u2606elqixr\n","uploadtime":1700655450,"views":1,"p1id":"elqixr","p2id":"chaitanya15","formatid":"gen9ou","rating":1145,"private":0,"password":""}