{"id":"gen9ou-1996273073","p1":"bojacksonisapimp","p2":"bademann","format":"[Gen 9] OU","log":"|j|\u2606bojacksonisapimp\n|j|\u2606bademann\n|t:|1700666307\n|gametype|singles\n|player|p1|bojacksonisapimp|swimmerf|1351\n|player|p2|bademann|flannery|1429\n|teamsize|p1|6\n|teamsize|p2|6\n|gen|9\n|tier|[Gen 9] OU\n|rated|\n|rule|Sleep Clause Mod: Limit one foe put to sleep\n|rule|Species Clause: Limit one of each Pok\u00e9mon\n|rule|OHKO Clause: OHKO moves are banned\n|rule|Evasion Items Clause: Evasion items are banned\n|rule|Evasion Moves Clause: Evasion moves are banned\n|rule|Endless Battle Clause: Forcing endless battles is banned\n|rule|HP Percentage Mod: HP is shown in percentages\n|clearpoke\n|poke|p1|Skeledirge, F|\n|poke|p1|Ogerpon-Wellspring, F|\n|poke|p1|Gholdengo|\n|poke|p1|Great Tusk|\n|poke|p1|Samurott-Hisui, F|\n|poke|p1|Dipplin, F|\n|poke|p2|Vikavolt, M|\n|poke|p2|Enamorus, F|\n|poke|p2|Great Tusk|\n|poke|p2|Gholdengo|\n|poke|p2|Kommo-o, M|\n|poke|p2|Iron Moth|\n|teampreview\n|inactive|Battle timer is ON: inactive players will automatically lose when time's up. (requested by bademann)\n|\n|t:|1700666315\n|start\n|switch|p1a: Samurott|Samurott-Hisui, F, shiny|100\/100\n|switch|p2a: Vikavolt|Vikavolt, M|100\/100\n|turn|1\n|\n|t:|1700666325\n|move|p1a: Samurott|Flip Turn|p2a: Vikavolt\n|-damage|p2a: Vikavolt|70\/100\n|\n|t:|1700666334\n|switch|p1a: Gholdengo|Gholdengo|100\/100|[from] Flip Turn\n|move|p2a: Vikavolt|Sticky Web|p1a: Gholdengo\n|-sidestart|p1: bojacksonisapimp|move: Sticky Web\n|\n|upkeep\n|turn|2\n|\n|t:|1700666345\n|move|p1a: Gholdengo|Shadow Ball|p2a: Vikavolt\n|-damage|p2a: Vikavolt|0 fnt\n|faint|p2a: Vikavolt\n|\n|upkeep\n|\n|t:|1700666349\n|switch|p2a: Kommo-o|Kommo-o, M|100\/100\n|turn|3\n|\n|t:|1700666357\n|switch|p1a: Skeledirge|Skeledirge, F|100\/100\n|-activate|p1a: Skeledirge|move: Sticky Web\n|-unboost|p1a: Skeledirge|spe|1\n|move|p2a: Kommo-o|Clangorous Soul|p2a: Kommo-o\n|-boost|p2a: Kommo-o|atk|1\n|-boost|p2a: Kommo-o|def|1\n|-boost|p2a: Kommo-o|spa|1\n|-boost|p2a: Kommo-o|spd|1\n|-boost|p2a: Kommo-o|spe|1\n|-damage|p2a: Kommo-o|68\/100\n|\n|-heal|p2a: Kommo-o|74\/100|[from] item: Leftovers\n|upkeep\n|turn|4\n|\n|t:|1700666370\n|move|p2a: Kommo-o|Clanging Scales|p1a: Skeledirge\n|-damage|p1a: Skeledirge|69\/100\n|-unboost|p2a: Kommo-o|def|1\n|move|p1a: Skeledirge|Will-O-Wisp|p2a: Kommo-o\n|-status|p2a: Kommo-o|brn\n|\n|-heal|p2a: Kommo-o|80\/100 brn|[from] item: Leftovers\n|-heal|p1a: Skeledirge|75\/100|[from] item: Leftovers\n|-damage|p2a: Kommo-o|74\/100 brn|[from] brn\n|upkeep\n|turn|5\n|\n|t:|1700666383\n|move|p2a: Kommo-o|Clanging Scales|p1a: Skeledirge\n|-damage|p1a: Skeledirge|37\/100\n|-unboost|p2a: Kommo-o|def|1\n|move|p1a: Skeledirge|Torch Song|p2a: Kommo-o\n|-resisted|p2a: Kommo-o\n|-damage|p2a: Kommo-o|54\/100 brn\n|-boost|p1a: Skeledirge|spa|1\n|\n|-heal|p2a: Kommo-o|60\/100 brn|[from] item: Leftovers\n|-heal|p1a: Skeledirge|44\/100|[from] item: Leftovers\n|-damage|p2a: Kommo-o|54\/100 brn|[from] brn\n|upkeep\n|turn|6\n|\n|t:|1700666396\n|move|p2a: Kommo-o|Clanging Scales|p1a: Skeledirge\n|-damage|p1a: Skeledirge|7\/100\n|-unboost|p2a: Kommo-o|def|1\n|move|p1a: Skeledirge|Slack Off|p1a: Skeledirge\n|-heal|p1a: Skeledirge|57\/100\n|\n|-heal|p2a: Kommo-o|60\/100 brn|[from] item: Leftovers\n|-heal|p1a: Skeledirge|63\/100|[from] item: Leftovers\n|-damage|p2a: Kommo-o|54\/100 brn|[from] brn\n|upkeep\n|turn|7\n|\n|t:|1700666407\n|move|p2a: Kommo-o|Clanging Scales|p1a: Skeledirge\n|-damage|p1a: Skeledirge|28\/100\n|-unboost|p2a: Kommo-o|def|1\n|move|p1a: Skeledirge|Slack Off|p1a: Skeledirge\n|-heal|p1a: Skeledirge|78\/100\n|\n|-heal|p2a: Kommo-o|60\/100 brn|[from] item: Leftovers\n|-heal|p1a: Skeledirge|84\/100|[from] item: Leftovers\n|-damage|p2a: Kommo-o|54\/100 brn|[from] brn\n|upkeep\n|turn|8\n|\n|t:|1700666419\n|move|p2a: Kommo-o|Clanging Scales|p1a: Skeledirge\n|-damage|p1a: Skeledirge|52\/100\n|-unboost|p2a: Kommo-o|def|1\n|move|p1a: Skeledirge|Torch Song|p2a: Kommo-o\n|-resisted|p2a: Kommo-o\n|-damage|p2a: Kommo-o|28\/100 brn\n|-boost|p1a: Skeledirge|spa|1\n|\n|-heal|p2a: Kommo-o|34\/100 brn|[from] item: Leftovers\n|-heal|p1a: Skeledirge|58\/100|[from] item: Leftovers\n|-damage|p2a: Kommo-o|28\/100 brn|[from] brn\n|upkeep\n|turn|9\n|\n|t:|1700666432\n|move|p2a: Kommo-o|Clanging Scales|p1a: Skeledirge\n|-damage|p1a: Skeledirge|25\/100\n|-unboost|p2a: Kommo-o|def|1\n|move|p1a: Skeledirge|Slack Off|p1a: Skeledirge\n|-heal|p1a: Skeledirge|75\/100\n|\n|-heal|p2a: Kommo-o|34\/100 brn|[from] item: Leftovers\n|-heal|p1a: Skeledirge|81\/100|[from] item: Leftovers\n|-damage|p2a: Kommo-o|28\/100 brn|[from] brn\n|upkeep\n|turn|10\n|\n|t:|1700666443\n|move|p2a: Kommo-o|Clanging Scales|p1a: Skeledirge\n|-damage|p1a: Skeledirge|44\/100\n|-unboost|p2a: Kommo-o|def|1\n|move|p1a: Skeledirge|Torch Song|p2a: Kommo-o\n|-resisted|p2a: Kommo-o\n|-damage|p2a: Kommo-o|0 fnt\n|-boost|p1a: Skeledirge|spa|1\n|faint|p2a: Kommo-o\n|\n|-heal|p1a: Skeledirge|50\/100|[from] item: Leftovers\n|upkeep\n|\n|t:|1700666456\n|switch|p2a: Enamorus|Enamorus, F|100\/100\n|turn|11\n|\n|t:|1700666483\n|switch|p1a: Ogerpon|Ogerpon-Wellspring, F|100\/100\n|-activate|p1a: Ogerpon|move: Sticky Web\n|-unboost|p1a: Ogerpon|spe|1\n|move|p2a: Enamorus|Earth Power|p1a: Ogerpon\n|-resisted|p1a: Ogerpon\n|-damage|p1a: Ogerpon|75\/100\n|-damage|p2a: Enamorus|91\/100|[from] item: Life Orb\n|\n|upkeep\n|turn|12\n|\n|t:|1700666494\n|move|p2a: Enamorus|Moonblast|p1a: Ogerpon\n|-damage|p1a: Ogerpon|0 fnt\n|faint|p1a: Ogerpon\n|-damage|p2a: Enamorus|81\/100|[from] item: Life Orb\n|\n|upkeep\n|inactive|bojacksonisapimp has 120 seconds left.\n|\n|t:|1700666513\n|switch|p1a: Gholdengo|Gholdengo|100\/100\n|-activate|p1a: Gholdengo|move: Sticky Web\n|-unboost|p1a: Gholdengo|spe|1\n|turn|13\n|\n|t:|1700666518\n|move|p2a: Enamorus|Mystical Fire|p1a: Gholdengo\n|-supereffective|p1a: Gholdengo\n|-damage|p1a: Gholdengo|22\/100\n|-unboost|p1a: Gholdengo|spa|1\n|-damage|p2a: Enamorus|71\/100|[from] item: Life Orb\n|move|p1a: Gholdengo|Make It Rain|p2a: Enamorus\n|-supereffective|p2a: Enamorus\n|-damage|p2a: Enamorus|0 fnt\n|-unboost|p1a: Gholdengo|spa|1\n|faint|p2a: Enamorus\n|\n|upkeep\n|\n|t:|1700666529\n|switch|p2a: Great Tusk|Great Tusk|100\/100\n|turn|14\n|\n|t:|1700666535\n|switch|p1a: Iron Treads \u25fd\ufe0f|Great Tusk|100\/100\n|-activate|p1a: Iron Treads \u25fd\ufe0f|move: Sticky Web\n|-unboost|p1a: Iron Treads \u25fd\ufe0f|spe|1\n|move|p2a: Great Tusk|Headlong Rush|p1a: Iron Treads \u25fd\ufe0f\n|-damage|p1a: Iron Treads \u25fd\ufe0f|69\/100\n|-unboost|p2a: Great Tusk|def|1\n|-unboost|p2a: Great Tusk|spd|1\n|\n|-heal|p1a: Iron Treads \u25fd\ufe0f|76\/100|[from] item: Leftovers\n|upkeep\n|turn|15\n|\n|t:|1700666551\n|-end|p2a: Great Tusk|Protosynthesis|[silent]\n|switch|p2a: Gholdengo|Gholdengo|100\/100\n|-item|p2a: Gholdengo|Air Balloon\n|move|p1a: Iron Treads \u25fd\ufe0f|Rapid Spin|p2a: Gholdengo\n|-immune|p2a: Gholdengo\n|\n|-heal|p1a: Iron Treads \u25fd\ufe0f|82\/100|[from] item: Leftovers\n|upkeep\n|turn|16\n|\n|t:|1700666575\n|-end|p1a: Iron Treads \u25fd\ufe0f|Protosynthesis|[silent]\n|switch|p1a: Ogerpon-Carnival|Dipplin, F|100\/100\n|-activate|p1a: Ogerpon-Carnival|move: Sticky Web\n|-unboost|p1a: Ogerpon-Carnival|spe|1\n|move|p2a: Gholdengo|Make It Rain|p1a: Ogerpon-Carnival\n|-damage|p1a: Ogerpon-Carnival|49\/100\n|-unboost|p2a: Gholdengo|spa|1\n|\n|upkeep\n|turn|17\n|\n|t:|1700666585\n|switch|p2a: Great Tusk|Great Tusk|100\/100\n|move|p1a: Ogerpon-Carnival|Recover|p1a: Ogerpon-Carnival\n|-heal|p1a: Ogerpon-Carnival|99\/100\n|\n|upkeep\n|turn|18\n|\n|t:|1700666607\n|move|p2a: Great Tusk|Ice Spinner|p1a: Ogerpon-Carnival\n|-supereffective|p1a: Ogerpon-Carnival\n|-crit|p1a: Ogerpon-Carnival\n|-damage|p1a: Ogerpon-Carnival|8\/100\n|move|p1a: Ogerpon-Carnival|Energy Ball|p2a: Great Tusk\n|-supereffective|p2a: Great Tusk\n|-damage|p2a: Great Tusk|0 fnt\n|faint|p2a: Great Tusk\n|-end|p2a: Great Tusk|Protosynthesis|[silent]\n|\n|upkeep\n|\n|t:|1700666617\n|switch|p2a: Iron Moth|Iron Moth|100\/100\n|-enditem|p2a: Iron Moth|Booster Energy\n|-activate|p2a: Iron Moth|ability: Quark Drive|[fromitem]\n|-start|p2a: Iron Moth|quarkdrivespe\n|turn|19\n|\n|t:|1700666622\n|move|p2a: Iron Moth|Fiery Dance|p1a: Ogerpon-Carnival\n|-damage|p1a: Ogerpon-Carnival|0 fnt\n|faint|p1a: Ogerpon-Carnival\n|\n|upkeep\n|\n|t:|1700666627\n|switch|p1a: Skeledirge|Skeledirge, F|50\/100\n|-activate|p1a: Skeledirge|move: Sticky Web\n|-unboost|p1a: Skeledirge|spe|1\n|turn|20\n|\n|t:|1700666633\n|-terastallize|p2a: Iron Moth|Ground\n|move|p2a: Iron Moth|Tera Blast|p1a: Skeledirge|[anim] Tera Blast Ground\n|-supereffective|p1a: Skeledirge\n|-damage|p1a: Skeledirge|0 fnt\n|faint|p1a: Skeledirge\n|\n|upkeep\n|\n|t:|1700666640\n|switch|p1a: Samurott|Samurott-Hisui, F, shiny|100\/100\n|-activate|p1a: Samurott|move: Sticky Web\n|-unboost|p1a: Samurott|spe|1\n|turn|21\n|\n|t:|1700666647\n|move|p2a: Iron Moth|Dazzling Gleam|p1a: Samurott\n|-supereffective|p1a: Samurott\n|-damage|p1a: Samurott|57\/100\n|move|p1a: Samurott|Razor Shell|p2a: Iron Moth\n|-supereffective|p2a: Iron Moth\n|-damage|p2a: Iron Moth|0 fnt\n|faint|p2a: Iron Moth\n|-end|p2a: Iron Moth|Quark Drive|[silent]\n|\n|upkeep\n|\n|t:|1700666653\n|switch|p2a: Gholdengo|Gholdengo|100\/100\n|-item|p2a: Gholdengo|Air Balloon\n|turn|22\n|\n|t:|1700666660\n|move|p2a: Gholdengo|Thunderbolt|p1a: Samurott\n|-supereffective|p1a: Samurott\n|-damage|p1a: Samurott|0 fnt\n|faint|p1a: Samurott\n|\n|upkeep\n|\n|t:|1700666670\n|switch|p1a: Iron Treads \u25fd\ufe0f|Great Tusk|82\/100\n|-activate|p1a: Iron Treads \u25fd\ufe0f|move: Sticky Web\n|-unboost|p1a: Iron Treads \u25fd\ufe0f|spe|1\n|turn|23\n|\n|t:|1700666680\n|-terastallize|p1a: Iron Treads \u25fd\ufe0f|Dragon\n|move|p2a: Gholdengo|Psyshock|p1a: Iron Treads \u25fd\ufe0f\n|-damage|p1a: Iron Treads \u25fd\ufe0f|68\/100\n|move|p1a: Iron Treads \u25fd\ufe0f|Knock Off|p2a: Gholdengo\n|-supereffective|p2a: Gholdengo\n|-damage|p2a: Gholdengo|33\/100\n|-enditem|p2a: Gholdengo|Air Balloon\n|\n|-heal|p1a: Iron Treads \u25fd\ufe0f|74\/100|[from] item: Leftovers\n|upkeep\n|turn|24\n|\n|t:|1700666693\n|-end|p1a: Iron Treads \u25fd\ufe0f|Protosynthesis|[silent]\n|switch|p1a: Gholdengo|Gholdengo|22\/100\n|-activate|p1a: Gholdengo|move: Sticky Web\n|-unboost|p1a: Gholdengo|spe|1\n|move|p2a: Gholdengo|Make It Rain|p1a: Gholdengo\n|-resisted|p1a: Gholdengo\n|-damage|p1a: Gholdengo|0 fnt\n|-unboost|p2a: Gholdengo|spa|1\n|faint|p1a: Gholdengo\n|\n|upkeep\n|\n|t:|1700666704\n|switch|p1a: Iron Treads \u25fd\ufe0f|Great Tusk, tera:Dragon|74\/100\n|-activate|p1a: Iron Treads \u25fd\ufe0f|move: Sticky Web\n|-unboost|p1a: Iron Treads \u25fd\ufe0f|spe|1\n|turn|25\n|\n|t:|1700666709\n|move|p2a: Gholdengo|Make It Rain|p1a: Iron Treads \u25fd\ufe0f\n|-damage|p1a: Iron Treads \u25fd\ufe0f|17\/100\n|-unboost|p2a: Gholdengo|spa|1\n|move|p1a: Iron Treads \u25fd\ufe0f|Knock Off|p2a: Gholdengo\n|-supereffective|p2a: Gholdengo\n|-damage|p2a: Gholdengo|0 fnt\n|faint|p2a: Gholdengo\n|\n|win|bojacksonisapimp\n|raw|bojacksonisapimp's rating: 1351 &rarr; <strong>1375<\/strong><br \/>(+24 for winning)\n|raw|bademann's rating: 1429 &rarr; <strong>1405<\/strong><br \/>(-24 for losing)\n|l|\u2606bademann\n|c|\u2606bojacksonisapimp|Gg\n","uploadtime":1700667127,"views":0,"p1id":"bojacksonisapimp","p2id":"bademann","formatid":"gen9ou","rating":1375,"private":0,"password":""}