{"id":"gen9ou-1988481010","p1":"Karpsy","p2":"SianShouldShutUp","format":"[Gen 9] OU","log":"|j|\u2606Karpsy\n|j|\u2606SianShouldShutUp\n|t:|1699727540\n|gametype|singles\n|player|p1|Karpsy|candice|\n|player|p2|SianShouldShutUp|lady|\n|teamsize|p1|6\n|teamsize|p2|6\n|gen|9\n|tier|[Gen 9] OU\n|rule|Sleep Clause Mod: Limit one foe put to sleep\n|rule|Species Clause: Limit one of each Pok\u00e9mon\n|rule|OHKO Clause: OHKO moves are banned\n|rule|Evasion Items Clause: Evasion items are banned\n|rule|Evasion Moves Clause: Evasion moves are banned\n|rule|Endless Battle Clause: Forcing endless battles is banned\n|rule|HP Percentage Mod: HP is shown in percentages\n|clearpoke\n|poke|p1|Zamazenta-*|\n|poke|p1|Hoopa-Unbound|\n|poke|p1|Maushold-Four|\n|poke|p1|Frosmoth, F|\n|poke|p1|Arcanine-Hisui, M|\n|poke|p1|Toxtricity-Low-Key, F|\n|poke|p2|Dachsbun, F|\n|poke|p2|Hatterene, F|\n|poke|p2|Sableye, F|\n|poke|p2|Appletun, F|\n|poke|p2|Azumarill, F|\n|poke|p2|Ceruledge, F|\n|teampreview\n|j| Col Spiffington\n|\n|t:|1699727585\n|start\n|switch|p1a: Arcanine|Arcanine-Hisui, M|100\/100\n|switch|p2a: Ceruledge|Ceruledge, F|100\/100\n|turn|1\n|\n|t:|1699727602\n|move|p1a: Arcanine|Head Smash|p2a: Ceruledge\n|-supereffective|p2a: Ceruledge\n|-damage|p2a: Ceruledge|0 fnt\n|faint|p2a: Ceruledge\n|\n|upkeep\n|\n|t:|1699727611\n|switch|p2a: Azumarill|Azumarill, F|100\/100\n|turn|2\n|\n|t:|1699727647\n|move|p1a: Arcanine|Head Smash|p2a: Azumarill\n|-damage|p2a: Azumarill|0 fnt\n|faint|p2a: Azumarill\n|\n|upkeep\n|\n|t:|1699727660\n|switch|p2a: Dachsbun|Dachsbun, F|100\/100\n|turn|3\n|\n|t:|1699727667\n|-terastallize|p2a: Dachsbun|Water\n|move|p1a: Arcanine|Head Smash|p2a: Dachsbun|[miss]\n|-miss|p1a: Arcanine|p2a: Dachsbun\n|move|p2a: Dachsbun|Body Press|p1a: Arcanine\n|-supereffective|p1a: Arcanine\n|-damage|p1a: Arcanine|26\/100\n|\n|upkeep\n|turn|4\n|\n|t:|1699727675\n|move|p1a: Arcanine|Head Smash|p2a: Dachsbun\n|-damage|p2a: Dachsbun|26\/100\n|-damage|p1a: Arcanine|10\/100|[from] item: Rocky Helmet|[of] p2a: Dachsbun\n|move|p2a: Dachsbun|Body Press|p1a: Arcanine\n|-supereffective|p1a: Arcanine\n|-damage|p1a: Arcanine|0 fnt\n|faint|p1a: Arcanine\n|\n|upkeep\n|\n|t:|1699727705\n|switch|p1a: Zamazenta|Zamazenta, shiny|100\/100\n|-ability|p1a: Zamazenta|Dauntless Shield|boost\n|-boost|p1a: Zamazenta|def|1\n|turn|5\n|\n|t:|1699727736\n|move|p1a: Zamazenta|Psychic Fangs|p2a: Dachsbun\n|-crit|p2a: Dachsbun\n|-damage|p2a: Dachsbun|0 fnt\n|-damage|p1a: Zamazenta|84\/100|[from] item: Rocky Helmet|[of] p2a: Dachsbun\n|faint|p2a: Dachsbun\n|\n|-heal|p1a: Zamazenta|90\/100|[from] item: Leftovers\n|upkeep\n|\n|t:|1699727746\n|switch|p2a: Hatterene|Hatterene, F|100\/100\n|turn|6\n|\n|t:|1699727759\n|-terastallize|p1a: Zamazenta|Steel\n|move|p1a: Zamazenta|Heavy Slam|p2a: Hatterene\n|-supereffective|p2a: Hatterene\n|-damage|p2a: Hatterene|0 fnt\n|faint|p2a: Hatterene\n|\n|-heal|p1a: Zamazenta|96\/100|[from] item: Leftovers\n|upkeep\n|\n|t:|1699727767\n|switch|p2a: Sableye|Sableye, F|100\/100\n|turn|7\n|\n|t:|1699727776\n|move|p2a: Sableye|Will-O-Wisp|p1a: Zamazenta\n|-status|p1a: Zamazenta|brn\n|move|p1a: Zamazenta|Heavy Slam|p2a: Sableye\n|-damage|p2a: Sableye|67\/100\n|\n|-heal|p1a: Zamazenta|100\/100 brn|[from] item: Leftovers\n|-damage|p1a: Zamazenta|94\/100 brn|[from] brn\n|upkeep\n|turn|8\n|\n|t:|1699727799\n|move|p1a: Zamazenta|Heavy Slam|p2a: Sableye\n|-damage|p2a: Sableye|34\/100\n|move|p2a: Sableye|Knock Off|p1a: Zamazenta\n|-damage|p1a: Zamazenta|77\/100 brn\n|-enditem|p1a: Zamazenta|Leftovers|[from] move: Knock Off|[of] p2a: Sableye\n|\n|-damage|p1a: Zamazenta|71\/100 brn|[from] brn\n|upkeep\n|turn|9\n|\n|t:|1699727808\n|move|p2a: Sableye|Recover|p2a: Sableye\n|-heal|p2a: Sableye|85\/100\n|move|p1a: Zamazenta|Heavy Slam|p2a: Sableye\n|-damage|p2a: Sableye|54\/100\n|\n|-damage|p1a: Zamazenta|65\/100 brn|[from] brn\n|upkeep\n|turn|10\n|\n|t:|1699727817\n|move|p2a: Sableye|Recover|p2a: Sableye\n|-heal|p2a: Sableye|100\/100\n|move|p1a: Zamazenta|Crunch|p2a: Sableye\n|-damage|p2a: Sableye|87\/100\n|-unboost|p2a: Sableye|def|1\n|\n|-damage|p1a: Zamazenta|58\/100 brn|[from] brn\n|upkeep\n|turn|11\n|\n|t:|1699727827\n|move|p1a: Zamazenta|Heavy Slam|p2a: Sableye\n|-damage|p2a: Sableye|38\/100\n|move|p2a: Sableye|Knock Off|p1a: Zamazenta\n|-damage|p1a: Zamazenta|47\/100 brn\n|\n|-damage|p1a: Zamazenta|40\/100 brn|[from] brn\n|upkeep\n|turn|12\n|\n|t:|1699727834\n|move|p2a: Sableye|Recover|p2a: Sableye\n|-heal|p2a: Sableye|89\/100\n|move|p1a: Zamazenta|Heavy Slam|p2a: Sableye\n|-damage|p2a: Sableye|43\/100\n|\n|-damage|p1a: Zamazenta|34\/100 brn|[from] brn\n|upkeep\n|turn|13\n|\n|t:|1699727842\n|move|p2a: Sableye|Recover|p2a: Sableye\n|-heal|p2a: Sableye|94\/100\n|move|p1a: Zamazenta|Crunch|p2a: Sableye\n|-damage|p2a: Sableye|74\/100\n|-unboost|p2a: Sableye|def|1\n|\n|-damage|p1a: Zamazenta|28\/100 brn|[from] brn\n|upkeep\n|turn|14\n|\n|t:|1699727853\n|move|p2a: Sableye|Recover|p2a: Sableye\n|-heal|p2a: Sableye|100\/100\n|move|p1a: Zamazenta|Heavy Slam|p2a: Sableye\n|-damage|p2a: Sableye|36\/100\n|\n|-damage|p1a: Zamazenta|22\/100 brn|[from] brn\n|upkeep\n|turn|15\n|\n|t:|1699727861\n|move|p2a: Sableye|Recover|p2a: Sableye\n|-heal|p2a: Sableye|86\/100\n|move|p1a: Zamazenta|Heavy Slam|p2a: Sableye\n|-damage|p2a: Sableye|22\/100\n|\n|-damage|p1a: Zamazenta|16\/100 brn|[from] brn\n|upkeep\n|turn|16\n|\n|t:|1699727875\n|move|p2a: Sableye|Recover|p2a: Sableye\n|-heal|p2a: Sableye|72\/100\n|move|p1a: Zamazenta|Heavy Slam|p2a: Sableye\n|-damage|p2a: Sableye|12\/100\n|\n|-damage|p1a: Zamazenta|10\/100 brn|[from] brn\n|upkeep\n|turn|17\n|\n|t:|1699727886\n|move|p1a: Zamazenta|Heavy Slam|p2a: Sableye\n|-damage|p2a: Sableye|0 fnt\n|faint|p2a: Sableye\n|\n|-damage|p1a: Zamazenta|4\/100 brn|[from] brn\n|upkeep\n|\n|t:|1699727892\n|switch|p2a: Appletun|Appletun, F|100\/100\n|turn|18\n|\n|t:|1699727932\n|move|p1a: Zamazenta|Heavy Slam|p2a: Appletun\n|-damage|p2a: Appletun|67\/100\n|move|p2a: Appletun|Leech Seed|p1a: Zamazenta\n|-start|p1a: Zamazenta|move: Leech Seed\n|\n|-damage|p1a: Zamazenta|0 fnt|[from] Leech Seed|[of] p2a: Appletun\n|-heal|p2a: Appletun|69\/100|[silent]\n|faint|p1a: Zamazenta\n|upkeep\n|\n|t:|1699727944\n|switch|p1a: Toxtricity|Toxtricity-Low-Key, F|100\/100\n|turn|19\n|\n|t:|1699727959\n|move|p1a: Toxtricity|Boomburst|p2a: Appletun\n|-damage|p2a: Appletun|29\/100\n|-enditem|p1a: Toxtricity|Throat Spray\n|-boost|p1a: Toxtricity|spa|1|[from] item: Throat Spray\n|move|p2a: Appletun|Dragon Tail|p1a: Toxtricity\n|-damage|p1a: Toxtricity|78\/100\n|drag|p1a: Hoopa|Hoopa-Unbound|100\/100\n|\n|upkeep\n|turn|20\n|\n|t:|1699727972\n|move|p1a: Hoopa|Psychic|p2a: Appletun\n|-damage|p2a: Appletun|0 fnt\n|faint|p2a: Appletun\n|\n|win|Karpsy\n","uploadtime":1699727988,"views":18,"p1id":"karpsy","p2id":"sianshouldshutup","formatid":"gen9ou","rating":0,"private":0,"password":""}