{"id":"gen9ou-1992152729","p1":"Djdbdb","p2":"iCounterMeta","format":"[Gen 9] OU","log":"|j|\u2606Djdbdb\n|j|\u2606iCounterMeta\n|t:|1700159396\n|gametype|singles\n|player|p1|Djdbdb|266|1000\n|player|p2|iCounterMeta|265|1019\n|teamsize|p1|6\n|teamsize|p2|5\n|gen|9\n|tier|[Gen 9] OU\n|rated|\n|rule|Sleep Clause Mod: Limit one foe put to sleep\n|rule|Species Clause: Limit one of each Pok\u00e9mon\n|rule|OHKO Clause: OHKO moves are banned\n|rule|Evasion Items Clause: Evasion items are banned\n|rule|Evasion Moves Clause: Evasion moves are banned\n|rule|Endless Battle Clause: Forcing endless battles is banned\n|rule|HP Percentage Mod: HP is shown in percentages\n|clearpoke\n|poke|p1|Dragonite, M|\n|poke|p1|Kingambit, M|\n|poke|p1|Great Tusk|\n|poke|p1|Zapdos|\n|poke|p1|Alomomola, F|\n|poke|p1|Greninja-*, M|\n|poke|p2|Hatterene, F|\n|poke|p2|Clefairy, F|\n|poke|p2|Indeedee, M|\n|poke|p2|Pawmot, M|\n|poke|p2|Weezing-Galar, M|\n|teampreview\n|\n|t:|1700159403\n|start\n|switch|p1a: Great Tusk|Great Tusk|100\/100\n|switch|p2a: Hatterene|Hatterene, F, shiny|100\/100\n|turn|1\n|\n|t:|1700159410\n|move|p1a: Great Tusk|Stealth Rock|p2a: Hatterene\n|move|p2a: Hatterene|Stealth Rock|p1a: Great Tusk|[from]ability: Magic Bounce\n|-sidestart|p1: Djdbdb|move: Stealth Rock\n|move|p2a: Hatterene|Trick Room|p2a: Hatterene\n|-fieldstart|move: Trick Room|[of] p2a: Hatterene\n|\n|upkeep\n|turn|2\n|\n|t:|1700159416\n|move|p2a: Hatterene|Psychic|p1a: Great Tusk\n|-supereffective|p1a: Great Tusk\n|-damage|p1a: Great Tusk|0 fnt\n|faint|p1a: Great Tusk\n|-end|p1a: Great Tusk|Protosynthesis|[silent]\n|\n|upkeep\n|\n|t:|1700159421\n|switch|p1a: Kingambit|Kingambit, M|100\/100\n|-activate|p1a: Kingambit|ability: Supreme Overlord\n|-start|p1a: Kingambit|fallen1|[silent]\n|turn|3\n|\n|t:|1700159428\n|move|p2a: Hatterene|Mystical Fire|p1a: Kingambit\n|-supereffective|p1a: Kingambit\n|-damage|p1a: Kingambit|44\/100\n|-unboost|p1a: Kingambit|spa|1\n|move|p1a: Kingambit|Swords Dance|p1a: Kingambit\n|-boost|p1a: Kingambit|atk|2\n|\n|upkeep\n|turn|4\n|\n|t:|1700159434\n|move|p1a: Kingambit|Sucker Punch|p2a: Hatterene\n|-enditem|p2a: Hatterene|Focus Sash\n|-damage|p2a: Hatterene|1\/100\n|move|p2a: Hatterene|Mystical Fire|p1a: Kingambit\n|-supereffective|p1a: Kingambit\n|-crit|p1a: Kingambit\n|-damage|p1a: Kingambit|0 fnt\n|faint|p1a: Kingambit\n|-end|p1a: Kingambit|fallen1|[silent]\n|\n|upkeep\n|\n|t:|1700159441\n|switch|p1a: Dragonite|Dragonite, M|100\/100\n|-damage|p1a: Dragonite|76\/100|[from] Stealth Rock\n|turn|5\n|\n|t:|1700159453\n|switch|p2a: Clefairy|Clefairy, F, shiny|100\/100\n|move|p1a: Dragonite|Extreme Speed|p2a: Clefairy\n|-damage|p2a: Clefairy|79\/100\n|\n|-fieldend|move: Trick Room\n|upkeep\n|turn|6\n|\n|t:|1700159463\n|switch|p1a: Zapdos|Zapdos|100\/100\n|-damage|p1a: Zapdos|75\/100|[from] Stealth Rock\n|move|p2a: Clefairy|Moonblast|p1a: Zapdos\n|-damage|p1a: Zapdos|54\/100\n|\n|-heal|p1a: Zapdos|60\/100|[from] item: Leftovers\n|upkeep\n|turn|7\n|\n|t:|1700159471\n|move|p1a: Zapdos|Thunderbolt|p2a: Clefairy\n|-damage|p2a: Clefairy|40\/100\n|move|p2a: Clefairy|Wish|p2a: Clefairy\n|\n|-heal|p1a: Zapdos|66\/100|[from] item: Leftovers\n|upkeep\n|turn|8\n|\n|t:|1700159486\n|switch|p2a: Pawmot|Pawmot, M, shiny|100\/100\n|move|p1a: Zapdos|Roost|p1a: Zapdos\n|-heal|p1a: Zapdos|100\/100\n|-singleturn|p1a: Zapdos|move: Roost\n|\n|upkeep\n|turn|9\n|\n|t:|1700159496\n|move|p2a: Pawmot|Fake Out|p1a: Zapdos\n|-damage|p1a: Zapdos|87\/100\n|cant|p1a: Zapdos|flinch\n|\n|-heal|p1a: Zapdos|93\/100|[from] item: Leftovers\n|upkeep\n|turn|10\n|\n|t:|1700159507\n|switch|p2a: Weezing|Weezing-Galar, M, shiny|100\/100\n|move|p1a: Zapdos|U-turn|p2a: Weezing\n|-resisted|p2a: Weezing\n|-damage|p2a: Weezing|98\/100\n|\n|t:|1700159516\n|switch|p1a: Greninja|Greninja, M|100\/100|[from] U-turn\n|\n|-heal|p2a: Weezing|100\/100|[from] item: Black Sludge\n|upkeep\n|turn|11\n|\n|t:|1700159520\n|move|p1a: Greninja|Hydro Pump|p2a: Weezing\n|-damage|p2a: Weezing|34\/100\n|move|p2a: Weezing|Will-O-Wisp|p1a: Greninja\n|-status|p1a: Greninja|brn\n|\n|-heal|p2a: Weezing|40\/100|[from] item: Black Sludge\n|-damage|p1a: Greninja|95\/100 brn|[from] brn\n|upkeep\n|turn|12\n|\n|t:|1700159544\n|move|p1a: Greninja|Hydro Pump|p2a: Weezing|[miss]\n|-miss|p1a: Greninja|p2a: Weezing\n|move|p2a: Weezing|Dazzling Gleam|p1a: Greninja\n|-supereffective|p1a: Greninja\n|-damage|p1a: Greninja|20\/100 brn\n|\n|-heal|p2a: Weezing|46\/100|[from] item: Black Sludge\n|-damage|p1a: Greninja|14\/100 brn|[from] brn\n|upkeep\n|turn|13\n|\n|t:|1700159550\n|move|p1a: Greninja|Ice Beam|p2a: Weezing\n|-damage|p2a: Weezing|8\/100\n|move|p2a: Weezing|Dazzling Gleam|p1a: Greninja\n|-supereffective|p1a: Greninja\n|-damage|p1a: Greninja|0 fnt\n|faint|p1a: Greninja\n|\n|-heal|p2a: Weezing|14\/100|[from] item: Black Sludge\n|upkeep\n|\n|t:|1700159553\n|switch|p1a: Alomomola|Alomomola, F|100\/100\n|-damage|p1a: Alomomola|88\/100|[from] Stealth Rock\n|turn|14\n|\n|t:|1700159556\n|move|p1a: Alomomola|Scald|p2a: Weezing\n|-damage|p2a: Weezing|0 fnt\n|faint|p2a: Weezing\n|\n|-heal|p1a: Alomomola|94\/100|[from] item: Leftovers\n|upkeep\n|\n|t:|1700159565\n|switch|p2a: Indeedee|Indeedee, M, shiny|100\/100\n|-fieldstart|move: Psychic Terrain|[from] ability: Psychic Surge|[of] p2a: Indeedee\n|turn|15\n|\n|t:|1700159571\n|move|p2a: Indeedee|Healing Wish|p2a: Indeedee\n|faint|p2a: Indeedee\n|move|p1a: Alomomola|Scald|p2: Indeedee|[notarget]\n|-fail|p1a: Alomomola\n|\n|-heal|p1a: Alomomola|100\/100|[from] item: Leftovers\n|upkeep\n|\n|t:|1700159578\n|switch|p2a: Hatterene|Hatterene, F, shiny|1\/100\n|-heal|p2a: Hatterene|100\/100|[from] move: Healing Wish\n|turn|16\n|\n|t:|1700159581\n|move|p1a: Alomomola|Wish|p1a: Alomomola\n|move|p2a: Hatterene|Trick Room|p2a: Hatterene\n|-fieldstart|move: Trick Room|[of] p2a: Hatterene\n|\n|upkeep\n|turn|17\n|\n|t:|1700159591\n|switch|p2a: Clefairy|Clefairy, F, shiny|40\/100\n|move|p1a: Alomomola|Scald|p2a: Clefairy\n|-damage|p2a: Clefairy|28\/100\n|-status|p2a: Clefairy|brn\n|\n|upkeep\n|turn|18\n|\n|t:|1700159597\n|move|p2a: Clefairy|Wish|p2a: Clefairy\n|move|p1a: Alomomola|Flip Turn|p2a: Clefairy\n|-damage|p2a: Clefairy|14\/100 brn\n|\n|t:|1700159602\n|switch|p1a: Dragonite|Dragonite, M|76\/100|[from] Flip Turn\n|-damage|p1a: Dragonite|51\/100|[from] Stealth Rock\n|\n|upkeep\n|turn|19\n|\n|t:|1700159611\n|move|p1a: Dragonite|Extreme Speed|p2a: Clefairy\n|-activate|p2a: Clefairy|move: Psychic Terrain\n|move|p2a: Clefairy|Night Shade|p1a: Dragonite\n|-damage|p1a: Dragonite|25\/100\n|\n|-heal|p2a: Clefairy|64\/100 brn|[from] move: Wish|[wisher] Clefairy\n|-fieldend|move: Psychic Terrain\n|upkeep\n|turn|20\n|\n|t:|1700159638\n|move|p2a: Clefairy|Moonblast|p1a: Dragonite\n|-supereffective|p1a: Dragonite\n|-damage|p1a: Dragonite|0 fnt\n|faint|p1a: Dragonite\n|\n|-fieldend|move: Trick Room\n|upkeep\n|\n|t:|1700159648\n|switch|p1a: Zapdos|Zapdos|93\/100\n|-damage|p1a: Zapdos|68\/100|[from] Stealth Rock\n|turn|21\n|c|\u2606iCounterMeta|I know you like my tech\n|\n|t:|1700159663\n|switch|p2a: Pawmot|Pawmot, M, shiny|100\/100\n|move|p1a: Zapdos|Thunderbolt|p2a: Pawmot\n|-immune|p2a: Pawmot|[from] ability: Volt Absorb\n|\n|-heal|p1a: Zapdos|74\/100|[from] item: Leftovers\n|upkeep\n|turn|22\n|\n|t:|1700159681\n|move|p2a: Pawmot|Revival Blessing|p2a: Pawmot\n|\n|t:|1700159683\n|-heal|p2: Indeedee|50\/100|[from] move: Revival Blessing\n|move|p1a: Zapdos|Heat Wave|p2a: Pawmot\n|-damage|p2a: Pawmot|31\/100\n|\n|-heal|p1a: Zapdos|81\/100|[from] item: Leftovers\n|upkeep\n|turn|23\n|\n|t:|1700159702\n|move|p2a: Pawmot|Double Shock|p1a: Zapdos\n|-damage|p1a: Zapdos|25\/100\n|-start|p2a: Pawmot|typechange|???\/Fighting|[from] move: Double Shock\n|move|p1a: Zapdos|Heat Wave|p2a: Pawmot\n|-damage|p2a: Pawmot|0 fnt\n|faint|p2a: Pawmot\n|\n|-heal|p1a: Zapdos|31\/100|[from] item: Leftovers\n|upkeep\n|\n|t:|1700159710\n|switch|p2a: Indeedee|Indeedee, M, shiny|50\/100\n|-fieldstart|move: Psychic Terrain|[from] ability: Psychic Surge|[of] p2a: Indeedee\n|turn|24\n|\n|t:|1700159732\n|move|p2a: Indeedee|Psychic|p1a: Zapdos\n|-damage|p1a: Zapdos|0 fnt\n|faint|p1a: Zapdos\n|\n|upkeep\n|c|\u2606iCounterMeta|Do you like my moves?\n|\n|t:|1700159753\n|switch|p1a: Alomomola|Alomomola, F|100\/100\n|-damage|p1a: Alomomola|88\/100|[from] Stealth Rock\n|turn|25\n|\n|t:|1700159762\n|move|p2a: Indeedee|Psychic|p1a: Alomomola\n|-damage|p1a: Alomomola|23\/100\n|move|p1a: Alomomola|Scald|p2a: Indeedee\n|-damage|p2a: Indeedee|33\/100\n|-status|p2a: Indeedee|brn\n|\n|-heal|p1a: Alomomola|30\/100|[from] item: Leftovers\n|-damage|p2a: Indeedee|27\/100 brn|[from] brn\n|upkeep\n|turn|26\n|inactive|Battle timer is ON: inactive players will automatically lose when time's up. (requested by iCounterMeta)\n|c|\u2606iCounterMeta|L\n|\n|t:|1700159794\n|-terastallize|p1a: Alomomola|Water\n|move|p2a: Indeedee|Psychic|p1a: Alomomola\n|-damage|p1a: Alomomola|0 fnt\n|faint|p1a: Alomomola\n|\n|win|iCounterMeta\n|raw|Djdbdb's rating: 1000 &rarr; <strong>1000<\/strong><br \/>(+0 for losing)\n|raw|iCounterMeta's rating: 1009 &rarr; <strong>1047<\/strong><br \/>(+38 for winning)\n","uploadtime":1700159804,"views":32,"p1id":"djdbdb","p2id":"icountermeta","formatid":"gen9ou","rating":1000,"private":0,"password":""}