{"id":"gen9ou-1996458568","p1":"7snEeIIg8AYIUtZs","p2":"TrojanOrNah","format":"[Gen 9] OU","log":"|j|\u26067snEeIIg8AYIUtZs\n|j|\u2606TrojanOrNah\n|t:|1700683986\n|gametype|singles\n|player|p1|7snEeIIg8AYIUtZs|2|1000\n|player|p2|TrojanOrNah|169|1000\n|teamsize|p1|6\n|teamsize|p2|6\n|gen|9\n|tier|[Gen 9] OU\n|rated|\n|rule|Sleep Clause Mod: Limit one foe put to sleep\n|rule|Species Clause: Limit one of each Pok\u00e9mon\n|rule|OHKO Clause: OHKO moves are banned\n|rule|Evasion Items Clause: Evasion items are banned\n|rule|Evasion Moves Clause: Evasion moves are banned\n|rule|Endless Battle Clause: Forcing endless battles is banned\n|rule|HP Percentage Mod: HP is shown in percentages\n|clearpoke\n|poke|p1|Torkoal, M|\n|poke|p1|Great Tusk|\n|poke|p1|Walking Wake|\n|poke|p1|Kingambit, M|\n|poke|p1|Infernape, M|\n|poke|p1|Rillaboom, F|\n|poke|p2|Rillaboom, F|\n|poke|p2|Garganacl, F|\n|poke|p2|Great Tusk|\n|poke|p2|Heatran, F|\n|poke|p2|Zapdos|\n|poke|p2|Walking Wake|\n|teampreview\n|inactive|Battle timer is ON: inactive players will automatically lose when time's up. (requested by 7snEeIIg8AYIUtZs)\n|\n|t:|1700683994\n|start\n|switch|p1a: Torkoal|Torkoal, M|100\/100\n|switch|p2a: Heatran|Heatran, F|100\/100\n|-weather|SunnyDay|[from] ability: Drought|[of] p1a: Torkoal\n|turn|1\n|\n|t:|1700684001\n|switch|p1a: Great Tusk|Great Tusk|100\/100\n|-activate|p1a: Great Tusk|ability: Protosynthesis\n|-start|p1a: Great Tusk|protosynthesisspe\n|move|p2a: Heatran|Stealth Rock|p1a: Great Tusk\n|-sidestart|p1: 7snEeIIg8AYIUtZs|move: Stealth Rock\n|\n|-weather|SunnyDay|[upkeep]\n|upkeep\n|turn|2\n|\n|t:|1700684013\n|move|p1a: Great Tusk|Rapid Spin|p2a: Heatran\n|-resisted|p2a: Heatran\n|-damage|p2a: Heatran|94\/100\n|-boost|p1a: Great Tusk|spe|1\n|-status|p1a: Great Tusk|brn|[from] ability: Flame Body|[of] p2a: Heatran\n|-sideend|p1: 7snEeIIg8AYIUtZs|Stealth Rock|[from] move: Rapid Spin|[of] p1a: Great Tusk\n|move|p2a: Heatran|Taunt|p1a: Great Tusk\n|-start|p1a: Great Tusk|move: Taunt\n|\n|-weather|SunnyDay|[upkeep]\n|-heal|p2a: Heatran|100\/100|[from] item: Leftovers\n|-damage|p1a: Great Tusk|94\/100 brn|[from] brn\n|upkeep\n|turn|3\n|\n|t:|1700684025\n|move|p1a: Great Tusk|Headlong Rush|p2a: Heatran\n|-supereffective|p2a: Heatran\n|-damage|p2a: Heatran|8\/100\n|-unboost|p1a: Great Tusk|def|1\n|-unboost|p1a: Great Tusk|spd|1\n|move|p2a: Heatran|Earth Power|p1a: Great Tusk\n|-damage|p1a: Great Tusk|44\/100 brn\n|\n|-weather|SunnyDay|[upkeep]\n|-heal|p2a: Heatran|15\/100|[from] item: Leftovers\n|-damage|p1a: Great Tusk|38\/100 brn|[from] brn\n|upkeep\n|turn|4\n|\n|t:|1700684036\n|move|p1a: Great Tusk|Headlong Rush|p2a: Heatran\n|-supereffective|p2a: Heatran\n|-damage|p2a: Heatran|0 fnt\n|-unboost|p1a: Great Tusk|def|1\n|-unboost|p1a: Great Tusk|spd|1\n|faint|p2a: Heatran\n|\n|-weather|SunnyDay|[upkeep]\n|-damage|p1a: Great Tusk|32\/100 brn|[from] brn\n|upkeep\n|\n|t:|1700684045\n|switch|p2a: Walking Wake|Walking Wake|100\/100\n|-activate|p2a: Walking Wake|ability: Protosynthesis\n|-start|p2a: Walking Wake|protosynthesisspe\n|turn|5\n|\n|t:|1700684052\n|move|p1a: Great Tusk|Headlong Rush|p2a: Walking Wake\n|-damage|p2a: Walking Wake|73\/100\n|-unboost|p1a: Great Tusk|def|1\n|-unboost|p1a: Great Tusk|spd|1\n|move|p2a: Walking Wake|Scald|p1a: Great Tusk\n|-supereffective|p1a: Great Tusk\n|-damage|p1a: Great Tusk|0 fnt\n|faint|p1a: Great Tusk\n|-end|p1a: Great Tusk|Protosynthesis|[silent]\n|\n|-weather|SunnyDay|[upkeep]\n|upkeep\n|\n|t:|1700684057\n|switch|p1a: Rillaboom|Rillaboom, F|100\/100\n|-fieldstart|move: Grassy Terrain|[from] ability: Grassy Surge|[of] p1a: Rillaboom\n|turn|6\n|\n|t:|1700684072\n|-terastallize|p2a: Walking Wake|Steel\n|move|p2a: Walking Wake|Scald|p1a: Rillaboom\n|-resisted|p1a: Rillaboom\n|-damage|p1a: Rillaboom|87\/100\n|move|p1a: Rillaboom|Wood Hammer|p2a: Walking Wake\n|-resisted|p2a: Walking Wake\n|-damage|p2a: Walking Wake|8\/100\n|-damage|p1a: Rillaboom|66\/100|[from] Recoil\n|\n|-weather|SunnyDay|[upkeep]\n|-heal|p2a: Walking Wake|14\/100|[from] Grassy Terrain\n|-heal|p1a: Rillaboom|72\/100|[from] Grassy Terrain\n|upkeep\n|turn|7\n|\n|t:|1700684087\n|move|p2a: Walking Wake|Knock Off|p1a: Rillaboom\n|-damage|p1a: Rillaboom|52\/100\n|-enditem|p1a: Rillaboom|Choice Band|[from] move: Knock Off|[of] p2a: Walking Wake\n|move|p1a: Rillaboom|Wood Hammer|p2a: Walking Wake\n|-resisted|p2a: Walking Wake\n|-damage|p2a: Walking Wake|0 fnt\n|faint|p2a: Walking Wake\n|-end|p2a: Walking Wake|Protosynthesis|[silent]\n|-damage|p1a: Rillaboom|47\/100|[from] Recoil\n|\n|-weather|SunnyDay|[upkeep]\n|-heal|p1a: Rillaboom|53\/100|[from] Grassy Terrain\n|upkeep\n|\n|t:|1700684099\n|switch|p2a: Zapdos|Zapdos|100\/100\n|turn|8\n|\n|t:|1700684110\n|move|p2a: Zapdos|Hurricane|p1a: Rillaboom\n|-supereffective|p1a: Rillaboom\n|-damage|p1a: Rillaboom|0 fnt\n|faint|p1a: Rillaboom\n|\n|-weather|none\n|upkeep\n|\n|t:|1700684112\n|switch|p1a: Torkoal|Torkoal, M|100\/100\n|-weather|SunnyDay|[from] ability: Drought|[of] p1a: Torkoal\n|turn|9\n|\n|t:|1700684122\n|switch|p1a: Infernape|Infernape, M|100\/100\n|move|p2a: Zapdos|Thunder Wave|p1a: Infernape\n|-status|p1a: Infernape|par\n|\n|-weather|SunnyDay|[upkeep]\n|upkeep\n|turn|10\n|\n|t:|1700684132\n|move|p2a: Zapdos|Volt Switch|p1a: Infernape\n|-damage|p1a: Infernape|55\/100 par\n|\n|t:|1700684135\n|switch|p2a: Great Tusk|Great Tusk|100\/100|[from] Volt Switch\n|-activate|p2a: Great Tusk|ability: Protosynthesis\n|-start|p2a: Great Tusk|protosynthesisatk\n|move|p1a: Infernape|Overheat|p2a: Great Tusk\n|-damage|p2a: Great Tusk|0 fnt\n|-unboost|p1a: Infernape|spa|2\n|-enditem|p1a: Infernape|Eject Pack\n|faint|p2a: Great Tusk\n|-end|p2a: Great Tusk|Protosynthesis|[silent]\n|\n|t:|1700684138\n|switch|p1a: Walking Wake|Walking Wake|100\/100\n|-activate|p1a: Walking Wake|ability: Protosynthesis\n|-start|p1a: Walking Wake|protosynthesisspe\n|\n|-weather|SunnyDay|[upkeep]\n|-fieldend|move: Grassy Terrain\n|upkeep\n|\n|t:|1700684150\n|switch|p2a: Rillaboom|Rillaboom, F|100\/100\n|-fieldstart|move: Grassy Terrain|[from] ability: Grassy Surge|[of] p2a: Rillaboom\n|turn|11\n|\n|t:|1700684158\n|move|p2a: Rillaboom|Grassy Glide|p1a: Walking Wake\n|-damage|p1a: Walking Wake|36\/100\n|move|p1a: Walking Wake|Flamethrower|p2a: Rillaboom\n|-supereffective|p2a: Rillaboom\n|-damage|p2a: Rillaboom|0 fnt\n|faint|p2a: Rillaboom\n|\n|-weather|SunnyDay|[upkeep]\n|-heal|p1a: Walking Wake|43\/100|[from] Grassy Terrain\n|upkeep\n|\n|t:|1700684170\n|switch|p2a: Garganacl|Garganacl, F|100\/100\n|turn|12\n|\n|t:|1700684178\n|-end|p1a: Walking Wake|Protosynthesis|[silent]\n|switch|p1a: Infernape|Infernape, M|55\/100 par\n|move|p2a: Garganacl|Salt Cure|p1a: Infernape\n|-crit|p1a: Infernape\n|-damage|p1a: Infernape|26\/100 par\n|-start|p1a: Infernape|Salt Cure\n|\n|-weather|SunnyDay|[upkeep]\n|-heal|p1a: Infernape|32\/100 par|[from] Grassy Terrain\n|-damage|p1a: Infernape|20\/100 par|[from] Salt Cure\n|upkeep\n|turn|13\n|\n|t:|1700684188\n|cant|p1a: Infernape|par\n|move|p2a: Garganacl|Iron Defense|p2a: Garganacl\n|-boost|p2a: Garganacl|def|2\n|\n|-weather|SunnyDay|[upkeep]\n|-heal|p1a: Infernape|26\/100 par|[from] Grassy Terrain\n|-damage|p1a: Infernape|13\/100 par|[from] Salt Cure\n|upkeep\n|turn|14\n|\n|t:|1700684205\n|move|p1a: Infernape|Grass Knot|p2a: Garganacl\n|-supereffective|p2a: Garganacl\n|-damage|p2a: Garganacl|38\/100\n|move|p2a: Garganacl|Body Press|p1a: Infernape\n|-crit|p1a: Infernape\n|-damage|p1a: Infernape|0 fnt\n|faint|p1a: Infernape\n|\n|-weather|SunnyDay|[upkeep]\n|-heal|p2a: Garganacl|44\/100|[from] Grassy Terrain\n|-heal|p2a: Garganacl|50\/100|[from] item: Leftovers\n|upkeep\n|\n|t:|1700684208\n|switch|p1a: Walking Wake|Walking Wake|43\/100\n|-activate|p1a: Walking Wake|ability: Protosynthesis\n|-start|p1a: Walking Wake|protosynthesisspe\n|turn|15\n|\n|t:|1700684224\n|move|p1a: Walking Wake|Hydro Steam|p2a: Garganacl\n|-supereffective|p2a: Garganacl\n|-damage|p2a: Garganacl|0 fnt\n|faint|p2a: Garganacl\n|\n|-weather|SunnyDay|[upkeep]\n|-heal|p1a: Walking Wake|49\/100|[from] Grassy Terrain\n|-fieldend|move: Grassy Terrain\n|upkeep\n|\n|t:|1700684231\n|switch|p2a: Zapdos|Zapdos|100\/100\n|turn|16\n|\n|t:|1700684236\n|-terastallize|p1a: Walking Wake|Water\n|move|p1a: Walking Wake|Hydro Steam|p2a: Zapdos\n|-damage|p2a: Zapdos|0 fnt\n|faint|p2a: Zapdos\n|\n|win|7snEeIIg8AYIUtZs\n|raw|7snEeIIg8AYIUtZs's rating: 1000 &rarr; <strong>1040<\/strong><br \/>(+40 for winning)\n|raw|TrojanOrNah's rating: 1000 &rarr; <strong>1000<\/strong><br \/>(+0 for losing)\n","uploadtime":1700684238,"views":0,"p1id":"7sneeiig8ayiutzs","p2id":"trojanornah","formatid":"gen9ou","rating":1000,"private":0,"password":""}