{"id":"gen9ou-1988372006","p1":"superstallenjoyer","p2":"Gattano","format":"[Gen 9] OU","log":"|j|\u2606superstallenjoyer\n|j|\u2606Gattano\n|t:|1699715320\n|gametype|singles\n|player|p1|superstallenjoyer|170|1171\n|player|p2|Gattano|hilbert-wonderlauncher|1291\n|teamsize|p1|6\n|teamsize|p2|6\n|gen|9\n|tier|[Gen 9] OU\n|rated|\n|rule|Sleep Clause Mod: Limit one foe put to sleep\n|rule|Species Clause: Limit one of each Pok\u00e9mon\n|rule|OHKO Clause: OHKO moves are banned\n|rule|Evasion Items Clause: Evasion items are banned\n|rule|Evasion Moves Clause: Evasion moves are banned\n|rule|Endless Battle Clause: Forcing endless battles is banned\n|rule|HP Percentage Mod: HP is shown in percentages\n|clearpoke\n|poke|p1|Alomomola, M|\n|poke|p1|Toxapex, M|\n|poke|p1|Thundurus-Therian, M|\n|poke|p1|Landorus-Therian, M|\n|poke|p1|Dragonite, M|\n|poke|p1|Cinderace, M|\n|poke|p2|Skeledirge, M|\n|poke|p2|Kleavor, M|\n|poke|p2|Ceruledge, M|\n|poke|p2|Ribombee, F|\n|poke|p2|Dragonite, M|\n|poke|p2|Iron Valiant|\n|teampreview\n|\n|t:|1699715327\n|start\n|switch|p1a: Toxapex|Toxapex, M|100\/100\n|switch|p2a: Ribombee|Ribombee, F|100\/100\n|turn|1\n|inactive|Battle timer is ON: inactive players will automatically lose when time's up. (requested by superstallenjoyer)\n|\n|t:|1699715336\n|move|p2a: Ribombee|Psychic|p1a: Toxapex\n|-supereffective|p1a: Toxapex\n|-damage|p1a: Toxapex|71\/100\n|move|p1a: Toxapex|Infestation|p2a: Ribombee\n|-resisted|p2a: Ribombee\n|-damage|p2a: Ribombee|96\/100\n|-activate|p2a: Ribombee|move: Infestation|[of] p1a: Toxapex\n|\n|-damage|p2a: Ribombee|84\/100|[from] move: Infestation|[partiallytrapped]\n|upkeep\n|turn|2\n|\n|t:|1699715343\n|move|p2a: Ribombee|Sticky Web|p1a: Toxapex\n|-sidestart|p1: superstallenjoyer|move: Sticky Web\n|move|p1a: Toxapex|Sludge Bomb|p2a: Ribombee\n|-supereffective|p2a: Ribombee\n|-damage|p2a: Ribombee|0 fnt\n|faint|p2a: Ribombee\n|\n|upkeep\n|\n|t:|1699715360\n|switch|p2a: Iron Valiant|Iron Valiant|100\/100\n|-enditem|p2a: Iron Valiant|Booster Energy\n|-activate|p2a: Iron Valiant|ability: Quark Drive|[fromitem]\n|-start|p2a: Iron Valiant|quarkdrivespe\n|turn|3\n|\n|t:|1699715368\n|move|p2a: Iron Valiant|Psyshock|p1a: Toxapex\n|-supereffective|p1a: Toxapex\n|-damage|p1a: Toxapex|27\/100\n|move|p1a: Toxapex|Sludge Bomb|p2a: Iron Valiant\n|-supereffective|p2a: Iron Valiant\n|-damage|p2a: Iron Valiant|0 fnt\n|faint|p2a: Iron Valiant\n|-end|p2a: Iron Valiant|Quark Drive|[silent]\n|\n|upkeep\n|\n|t:|1699715380\n|switch|p2a: Dragonite|Dragonite, M|100\/100\n|turn|4\n|\n|t:|1699715384\n|move|p2a: Dragonite|Dragon Dance|p2a: Dragonite\n|-boost|p2a: Dragonite|atk|1\n|-boost|p2a: Dragonite|spe|1\n|move|p1a: Toxapex|Ice Beam|p2a: Dragonite\n|-supereffective|p2a: Dragonite\n|-damage|p2a: Dragonite|61\/100\n|\n|upkeep\n|turn|5\n|\n|t:|1699715393\n|switch|p1a: Alomomola|Alomomola, M|100\/100\n|-activate|p1a: Alomomola|move: Sticky Web\n|-unboost|p1a: Alomomola|spe|1\n|move|p2a: Dragonite|Extreme Speed|p1a: Alomomola\n|-damage|p1a: Alomomola|74\/100\n|\n|-heal|p1a: Alomomola|80\/100|[from] item: Leftovers\n|upkeep\n|turn|6\n|j| NeveringStar\n|\n|t:|1699715409\n|-terastallize|p2a: Dragonite|Normal\n|move|p2a: Dragonite|Extreme Speed|p1a: Alomomola\n|-damage|p1a: Alomomola|45\/100\n|move|p1a: Alomomola|Scald|p2a: Dragonite\n|-crit|p2a: Dragonite\n|-damage|p2a: Dragonite|40\/100\n|\n|-heal|p1a: Alomomola|52\/100|[from] item: Leftovers\n|upkeep\n|turn|7\n|j| jdbysjwwh\n|l| NeveringStar\n|\n|t:|1699715424\n|move|p2a: Dragonite|Extreme Speed|p1a: Alomomola\n|-damage|p1a: Alomomola|17\/100\n|move|p1a: Alomomola|Scald|p2a: Dragonite\n|-damage|p2a: Dragonite|27\/100\n|\n|-heal|p1a: Alomomola|24\/100|[from] item: Leftovers\n|upkeep\n|turn|8\n|\n|t:|1699715440\n|switch|p1a: Toxapex|Toxapex, M|61\/100\n|-activate|p1a: Toxapex|move: Sticky Web\n|-unboost|p1a: Toxapex|spe|1\n|move|p2a: Dragonite|Extreme Speed|p1a: Toxapex\n|-damage|p1a: Toxapex|5\/100\n|\n|upkeep\n|turn|9\n|\n|t:|1699715448\n|switch|p1a: Alomomola|Alomomola, M|57\/100\n|-activate|p1a: Alomomola|move: Sticky Web\n|-unboost|p1a: Alomomola|spe|1\n|move|p2a: Dragonite|Extreme Speed|p1a: Alomomola\n|-damage|p1a: Alomomola|18\/100\n|\n|-heal|p1a: Alomomola|24\/100|[from] item: Leftovers\n|upkeep\n|turn|10\n|\n|t:|1699715459\n|move|p1a: Alomomola|Protect|p1a: Alomomola\n|-singleturn|p1a: Alomomola|Protect\n|move|p2a: Dragonite|Extreme Speed|p1a: Alomomola\n|-activate|p1a: Alomomola|move: Protect\n|\n|-heal|p1a: Alomomola|30\/100|[from] item: Leftovers\n|upkeep\n|turn|11\n|\n|t:|1699715468\n|move|p2a: Dragonite|Extreme Speed|p1a: Alomomola\n|-damage|p1a: Alomomola|0 fnt\n|faint|p1a: Alomomola\n|\n|upkeep\n|\n|t:|1699715472\n|switch|p1a: Dragonite|Dragonite, M|100\/100\n|turn|12\n|\n|t:|1699715482\n|move|p2a: Dragonite|Ice Spinner|p1a: Dragonite\n|-supereffective|p1a: Dragonite\n|-damage|p1a: Dragonite|0 fnt\n|faint|p1a: Dragonite\n|\n|upkeep\n|\n|t:|1699715489\n|switch|p1a: Landorus|Landorus-Therian, M|100\/100\n|-ability|p1a: Landorus|Intimidate|boost\n|-unboost|p2a: Dragonite|atk|1\n|turn|13\n|\n|t:|1699715494\n|move|p2a: Dragonite|Ice Spinner|p1a: Landorus\n|-supereffective|p1a: Landorus\n|-damage|p1a: Landorus|0 fnt\n|faint|p1a: Landorus\n|\n|upkeep\n|-message|superstallenjoyer forfeited.\n|\n|win|Gattano\n|raw|superstallenjoyer's rating: 1171 &rarr; <strong>1154<\/strong><br \/>(-17 for losing)\n|raw|Gattano's rating: 1291 &rarr; <strong>1308<\/strong><br \/>(+17 for winning)\n|l|\u2606superstallenjoyer\n|l|\u2606Gattano\n","uploadtime":1699715584,"views":15,"p1id":"superstallenjoyer","p2id":"gattano","formatid":"gen9ou","rating":1154,"private":0,"password":""}