{"id":"gen9ou-1992462281","p1":"ratatta17","p2":"eightplussix","format":"[Gen 9] OU","log":"|j|\u2606ratatta17\n|j|\u2606eightplussix\n|t:|1700190521\n|gametype|singles\n|player|p1|ratatta17|101|1468\n|player|p2|eightplussix|hiker-gen4|1419\n|teamsize|p1|6\n|teamsize|p2|6\n|gen|9\n|tier|[Gen 9] OU\n|rated|\n|rule|Sleep Clause Mod: Limit one foe put to sleep\n|rule|Species Clause: Limit one of each Pok\u00e9mon\n|rule|OHKO Clause: OHKO moves are banned\n|rule|Evasion Items Clause: Evasion items are banned\n|rule|Evasion Moves Clause: Evasion moves are banned\n|rule|Endless Battle Clause: Forcing endless battles is banned\n|rule|HP Percentage Mod: HP is shown in percentages\n|clearpoke\n|poke|p1|Azumarill, F|\n|poke|p1|Staraptor, F|\n|poke|p1|Toedscruel, F|\n|poke|p1|Skeledirge, F|\n|poke|p1|Ninetales-Alola, F|\n|poke|p1|Iron Valiant|\n|poke|p2|Ogerpon-Cornerstone, F|\n|poke|p2|Clefable, M|\n|poke|p2|Gholdengo|\n|poke|p2|Landorus-Therian, M|\n|poke|p2|Rotom-Wash|\n|poke|p2|Quaquaval, F|\n|teampreview\n|inactive|Battle timer is ON: inactive players will automatically lose when time's up. (requested by eightplussix)\n|\n|t:|1700190539\n|start\n|switch|p1a: Staraptor|Staraptor, F|100\/100\n|switch|p2a: Landorus|Landorus-Therian, M, shiny|100\/100\n|-ability|p1a: Staraptor|Intimidate|boost\n|-unboost|p2a: Landorus|atk|1\n|-ability|p2a: Landorus|Intimidate|boost\n|-unboost|p1a: Staraptor|atk|1\n|turn|1\n|\n|t:|1700190543\n|move|p1a: Staraptor|Final Gambit|p2a: Landorus\n|-damage|p2a: Landorus|2\/100\n|faint|p1a: Staraptor\n|move|p2a: Landorus|Smack Down|p1: Staraptor|[notarget]\n|-fail|p2a: Landorus\n|\n|upkeep\n|\n|t:|1700190547\n|switch|p1a: Ninetales|Ninetales-Alola, F|100\/100\n|-weather|Snow|[from] ability: Snow Warning|[of] p1a: Ninetales\n|turn|2\n|\n|t:|1700190549\n|move|p2a: Landorus|Stealth Rock|p1a: Ninetales\n|-sidestart|p1: ratatta17|move: Stealth Rock\n|move|p1a: Ninetales|Aurora Veil|p1a: Ninetales\n|-sidestart|p1: ratatta17|move: Aurora Veil\n|\n|-weather|Snow|[upkeep]\n|upkeep\n|turn|3\n|\n|t:|1700190554\n|move|p1a: Ninetales|Ice Shard|p2a: Landorus\n|-supereffective|p2a: Landorus\n|-damage|p2a: Landorus|0 fnt\n|faint|p2a: Landorus\n|\n|-weather|Snow|[upkeep]\n|upkeep\n|\n|t:|1700190579\n|switch|p2a: Ogerpon|Ogerpon-Cornerstone, F|100\/100\n|turn|4\n|\n|t:|1700190582\n|switch|p1a: Toedscruel|Toedscruel, F|100\/100\n|-damage|p1a: Toedscruel|94\/100|[from] Stealth Rock\n|move|p2a: Ogerpon|Ivy Cudgel|p1a: Toedscruel|[anim] Ivy Cudgel Rock\n|-resisted|p1a: Toedscruel\n|-damage|p1a: Toedscruel|82\/100\n|\n|-weather|Snow|[upkeep]\n|-heal|p1a: Toedscruel|88\/100|[from] item: Leftovers\n|upkeep\n|turn|5\n|\n|t:|1700190594\n|move|p2a: Ogerpon|Horn Leech|p1a: Toedscruel\n|-damage|p1a: Toedscruel|69\/100\n|move|p1a: Toedscruel|Rapid Spin|p2a: Ogerpon\n|-resisted|p2a: Ogerpon\n|-damage|p2a: Ogerpon|95\/100\n|-boost|p1a: Toedscruel|spe|1\n|-sideend|p1: ratatta17|Stealth Rock|[from] move: Rapid Spin|[of] p1a: Toedscruel\n|\n|-weather|Snow|[upkeep]\n|-heal|p1a: Toedscruel|75\/100|[from] item: Leftovers\n|upkeep\n|turn|6\n|\n|t:|1700190601\n|move|p1a: Toedscruel|Knock Off|p2a: Ogerpon\n|-damage|p2a: Ogerpon|79\/100\n|move|p2a: Ogerpon|Swords Dance|p2a: Ogerpon\n|-boost|p2a: Ogerpon|atk|2\n|\n|-weather|none\n|-heal|p1a: Toedscruel|81\/100|[from] item: Leftovers\n|upkeep\n|turn|7\n|\n|t:|1700190605\n|switch|p1a: Skeledirge|Skeledirge, F|100\/100\n|move|p2a: Ogerpon|Swords Dance|p2a: Ogerpon\n|-boost|p2a: Ogerpon|atk|2\n|\n|upkeep\n|turn|8\n|\n|t:|1700190612\n|-terastallize|p2a: Ogerpon|Rock\n|detailschange|p2a: Ogerpon|Ogerpon-Cornerstone-Tera, F, tera:Rock\n|-ability|p2a: Ogerpon|Embody Aspect (Cornerstone)|boost\n|-boost|p2a: Ogerpon|def|1\n|move|p2a: Ogerpon|Ivy Cudgel|p1a: Skeledirge|[anim] Ivy Cudgel Rock\n|-supereffective|p1a: Skeledirge\n|-damage|p1a: Skeledirge|30\/100\n|move|p1a: Skeledirge|Will-O-Wisp|p2a: Ogerpon\n|-status|p2a: Ogerpon|brn\n|\n|-heal|p1a: Skeledirge|36\/100|[from] item: Leftovers\n|-damage|p2a: Ogerpon|73\/100 brn|[from] brn\n|upkeep\n|turn|9\n|\n|t:|1700190625\n|switch|p1a: Toedscruel|Toedscruel, F|81\/100\n|move|p2a: Ogerpon|Ivy Cudgel|p1a: Toedscruel|[anim] Ivy Cudgel Rock\n|-resisted|p1a: Toedscruel\n|-damage|p1a: Toedscruel|57\/100\n|\n|-heal|p1a: Toedscruel|63\/100|[from] item: Leftovers\n|-damage|p2a: Ogerpon|67\/100 brn|[from] brn\n|-sideend|p1: ratatta17|move: Aurora Veil\n|upkeep\n|turn|10\n|\n|t:|1700190632\n|move|p2a: Ogerpon|Horn Leech|p1a: Toedscruel\n|-damage|p1a: Toedscruel|5\/100\n|-heal|p2a: Ogerpon|100\/100 brn|[from] drain|[of] p1a: Toedscruel\n|move|p1a: Toedscruel|Leech Seed|p2a: Ogerpon\n|-start|p2a: Ogerpon|move: Leech Seed\n|\n|-heal|p1a: Toedscruel|11\/100|[from] item: Leftovers\n|-damage|p2a: Ogerpon|88\/100 brn|[from] Leech Seed|[of] p1a: Toedscruel\n|-heal|p1a: Toedscruel|21\/100|[silent]\n|-damage|p2a: Ogerpon|82\/100 brn|[from] brn\n|upkeep\n|turn|11\n|\n|t:|1700190641\n|switch|p1a: Ninetales|Ninetales-Alola, F|100\/100\n|-weather|Snow|[from] ability: Snow Warning|[of] p1a: Ninetales\n|move|p2a: Ogerpon|Horn Leech|p1a: Ninetales\n|-damage|p1a: Ninetales|46\/100\n|-heal|p2a: Ogerpon|100\/100 brn|[from] drain|[of] p1a: Ninetales\n|\n|-weather|Snow|[upkeep]\n|-damage|p2a: Ogerpon|88\/100 brn|[from] Leech Seed|[of] p1a: Ninetales\n|-heal|p1a: Ninetales|56\/100|[silent]\n|-damage|p2a: Ogerpon|82\/100 brn|[from] brn\n|upkeep\n|turn|12\n|\n|t:|1700190653\n|move|p2a: Ogerpon|Ivy Cudgel|p1a: Ninetales|[anim] Ivy Cudgel Rock\n|-supereffective|p1a: Ninetales\n|-damage|p1a: Ninetales|0 fnt\n|faint|p1a: Ninetales\n|\n|-weather|Snow|[upkeep]\n|-damage|p2a: Ogerpon|76\/100 brn|[from] brn\n|upkeep\n|\n|t:|1700190658\n|switch|p1a: Iron Valiant|Iron Valiant|100\/100\n|turn|13\n|\n|t:|1700190676\n|move|p1a: Iron Valiant|Aura Sphere|p2a: Ogerpon\n|-supereffective|p2a: Ogerpon\n|-damage|p2a: Ogerpon|0 fnt\n|faint|p2a: Ogerpon\n|-damage|p1a: Iron Valiant|91\/100|[from] item: Life Orb\n|\n|-weather|Snow|[upkeep]\n|upkeep\n|\n|t:|1700190685\n|switch|p2a: Quaquaval|Quaquaval, F|100\/100\n|turn|14\n|\n|t:|1700190690\n|move|p1a: Iron Valiant|Moonblast|p2a: Quaquaval\n|-supereffective|p2a: Quaquaval\n|-damage|p2a: Quaquaval|25\/100\n|-unboost|p2a: Quaquaval|spa|1\n|-damage|p1a: Iron Valiant|81\/100|[from] item: Life Orb\n|move|p2a: Quaquaval|Aqua Step|p1a: Iron Valiant\n|-damage|p1a: Iron Valiant|36\/100\n|-boost|p2a: Quaquaval|spe|1\n|\n|-weather|Snow|[upkeep]\n|upkeep\n|turn|15\n|\n|t:|1700190698\n|move|p1a: Iron Valiant|Moonblast|p2a: Quaquaval\n|-supereffective|p2a: Quaquaval\n|-damage|p2a: Quaquaval|0 fnt\n|faint|p2a: Quaquaval\n|-damage|p1a: Iron Valiant|26\/100|[from] item: Life Orb\n|\n|-weather|none\n|upkeep\n|\n|t:|1700190702\n|switch|p2a: Gholdengo|Gholdengo|100\/100\n|turn|16\n|\n|t:|1700190704\n|move|p2a: Gholdengo|Shadow Ball|p1a: Iron Valiant\n|-damage|p1a: Iron Valiant|0 fnt\n|faint|p1a: Iron Valiant\n|-end|p1a: Iron Valiant|Quark Drive|[silent]\n|\n|upkeep\n|\n|t:|1700190724\n|switch|p1a: Azumarill|Azumarill, F|100\/100\n|turn|17\n|\n|t:|1700190734\n|switch|p2a: Rotom|Rotom-Wash|100\/100\n|move|p1a: Azumarill|Belly Drum|p1a: Azumarill\n|-damage|p1a: Azumarill|50\/100\n|-setboost|p1a: Azumarill|atk|6|[from] move: Belly Drum\n|-enditem|p1a: Azumarill|Sitrus Berry|[eat]\n|-heal|p1a: Azumarill|75\/100|[from] item: Sitrus Berry\n|\n|upkeep\n|turn|18\n|\n|t:|1700190742\n|-terastallize|p1a: Azumarill|Steel\n|move|p2a: Rotom|Volt Switch|p1a: Azumarill\n|-damage|p1a: Azumarill|50\/100\n|\n|t:|1700190746\n|switch|p2a: Gholdengo|Gholdengo|100\/100|[from] Volt Switch\n|move|p1a: Azumarill|Play Rough|p2a: Gholdengo|[miss]\n|-miss|p1a: Azumarill|p2a: Gholdengo\n|\n|upkeep\n|turn|19\n|\n|t:|1700190752\n|move|p1a: Azumarill|Aqua Jet|p2a: Gholdengo\n|-damage|p2a: Gholdengo|0 fnt\n|faint|p2a: Gholdengo\n|\n|upkeep\n|\n|t:|1700190757\n|switch|p2a: Rotom|Rotom-Wash|100\/100\n|turn|20\n|\n|t:|1700190760\n|move|p1a: Azumarill|Aqua Jet|p2a: Rotom\n|-resisted|p2a: Rotom\n|-damage|p2a: Rotom|62\/100\n|move|p2a: Rotom|Hydro Pump|p1a: Azumarill|[miss]\n|-miss|p2a: Rotom|p1a: Azumarill\n|\n|-heal|p2a: Rotom|68\/100|[from] item: Leftovers\n|upkeep\n|turn|21\n|\n|t:|1700190765\n|move|p1a: Azumarill|Aqua Jet|p2a: Rotom\n|-resisted|p2a: Rotom\n|-damage|p2a: Rotom|25\/100\n|move|p2a: Rotom|Hydro Pump|p1a: Azumarill\n|-damage|p1a: Azumarill|8\/100\n|\n|-heal|p2a: Rotom|31\/100|[from] item: Leftovers\n|upkeep\n|turn|22\n|\n|t:|1700190774\n|move|p1a: Azumarill|Aqua Jet|p2a: Rotom\n|-resisted|p2a: Rotom\n|-damage|p2a: Rotom|0 fnt\n|faint|p2a: Rotom\n|\n|upkeep\n|\n|t:|1700190776\n|switch|p2a: Clefable|Clefable, M|100\/100\n|turn|23\n|\n|t:|1700190782\n|move|p1a: Azumarill|Aqua Jet|p2a: Clefable\n|-damage|p2a: Clefable|81\/100\n|move|p2a: Clefable|Moonblast|p1a: Azumarill\n|-resisted|p1a: Azumarill\n|-damage|p1a: Azumarill|0 fnt\n|faint|p1a: Azumarill\n|\n|upkeep\n|\n|t:|1700190787\n|switch|p1a: Toedscruel|Toedscruel, F|21\/100\n|turn|24\n|\n|t:|1700190790\n|move|p2a: Clefable|Calm Mind|p2a: Clefable\n|-boost|p2a: Clefable|spa|1\n|-boost|p2a: Clefable|spd|1\n|move|p1a: Toedscruel|Spore|p2a: Clefable\n|-status|p2a: Clefable|slp|[from] move: Spore\n|\n|-heal|p1a: Toedscruel|27\/100|[from] item: Leftovers\n|upkeep\n|turn|25\n|\n|t:|1700190793\n|cant|p2a: Clefable|slp\n|move|p1a: Toedscruel|Leech Seed|p2a: Clefable\n|-start|p2a: Clefable|move: Leech Seed\n|\n|-heal|p1a: Toedscruel|33\/100|[from] item: Leftovers\n|-damage|p2a: Clefable|68\/100 slp|[from] Leech Seed|[of] p1a: Toedscruel\n|-heal|p1a: Toedscruel|47\/100|[silent]\n|upkeep\n|turn|26\n|\n|t:|1700190796\n|move|p1a: Toedscruel|Knock Off|p2a: Clefable\n|-resisted|p2a: Clefable\n|-damage|p2a: Clefable|62\/100 slp\n|-enditem|p2a: Clefable|Heavy-Duty Boots|[from] move: Knock Off|[of] p1a: Toedscruel\n|-curestatus|p2a: Clefable|slp|[msg]\n|move|p2a: Clefable|Calm Mind|p2a: Clefable\n|-boost|p2a: Clefable|spa|1\n|-boost|p2a: Clefable|spd|1\n|\n|-heal|p1a: Toedscruel|53\/100|[from] item: Leftovers\n|-damage|p2a: Clefable|49\/100|[from] Leech Seed|[of] p1a: Toedscruel\n|-heal|p1a: Toedscruel|66\/100|[silent]\n|upkeep\n|turn|27\n|\n|t:|1700190802\n|move|p2a: Clefable|Flamethrower|p1a: Toedscruel\n|-supereffective|p1a: Toedscruel\n|-damage|p1a: Toedscruel|0 fnt\n|faint|p1a: Toedscruel\n|\n|upkeep\n|\n|t:|1700190805\n|switch|p1a: Skeledirge|Skeledirge, F|36\/100\n|turn|28\n|\n|t:|1700190807\n|move|p1a: Skeledirge|Slack Off|p1a: Skeledirge\n|-heal|p1a: Skeledirge|86\/100\n|move|p2a: Clefable|Moonblast|p1a: Skeledirge\n|-resisted|p1a: Skeledirge\n|-damage|p1a: Skeledirge|74\/100\n|-unboost|p1a: Skeledirge|spa|1\n|\n|-heal|p1a: Skeledirge|80\/100|[from] item: Leftovers\n|-damage|p2a: Clefable|37\/100|[from] Leech Seed|[of] p1a: Skeledirge\n|-heal|p1a: Skeledirge|92\/100|[silent]\n|upkeep\n|turn|29\n|-message|eightplussix forfeited.\n|\n|win|ratatta17\n|raw|ratatta17's rating: 1468 &rarr; <strong>1485<\/strong><br \/>(+17 for winning)\n|raw|eightplussix's rating: 1419 &rarr; <strong>1402<\/strong><br \/>(-17 for losing)\n|l|\u2606eightplussix\n","uploadtime":1700190823,"views":9,"p1id":"ratatta17","p2id":"eightplussix","formatid":"gen9ou","rating":1402,"private":0,"password":""}