{"id":"gen9ou-1994439334","p1":"muffinATEthat","p2":"burberry bax","format":"[Gen 9] OU","log":"|j|\u2606muffinATEthat\n|j|\u2606burberry bax\n|t:|1700444078\n|gametype|singles\n|player|p1|muffinATEthat|iris-masters|\n|player|p2|burberry bax|lucas|\n|teamsize|p1|6\n|teamsize|p2|6\n|gen|9\n|tier|[Gen 9] OU\n|rule|Sleep Clause Mod: Limit one foe put to sleep\n|rule|Species Clause: Limit one of each Pok\u00e9mon\n|rule|OHKO Clause: OHKO moves are banned\n|rule|Evasion Items Clause: Evasion items are banned\n|rule|Evasion Moves Clause: Evasion moves are banned\n|rule|Endless Battle Clause: Forcing endless battles is banned\n|rule|HP Percentage Mod: HP is shown in percentages\n|clearpoke\n|poke|p1|Slowbro, F|\n|poke|p1|Breloom, F|\n|poke|p1|Sandy Shocks|\n|poke|p1|Sneasel-Hisui, F|\n|poke|p1|Rotom-Heat|\n|poke|p1|Kingambit, M|\n|poke|p2|Quaquaval, M|\n|poke|p2|Mudsdale, M|\n|poke|p2|Umbreon, F|\n|poke|p2|Eelektross, F|\n|poke|p2|Salamence, M|\n|poke|p2|Amoonguss, M|\n|teampreview\n|j| GymLeader Avery\n|j| CTE World\n|c|\u2606muffinATEthat|\ud83e\udd1d\ud83c\udffd\n|j| DomNeedsHelp\n|j| FirstClassWill\n|j| TBK Renegades\n|c|\u2606burberry bax|\ud83e\udd1d\ud83c\udffd\n|c| FirstClassWill|Hmm.\n|c| DomNeedsHelp|Go!\n|\n|t:|1700444185\n|start\n|switch|p1a: FREE HAITI|Sneasel-Hisui, F|100\/100\n|switch|p2a: montenegro|Mudsdale, M, shiny|100\/100\n|turn|1\n|j| SenketsuThreads\n|l| CTE World\n|j| CTE World\n|\n|t:|1700444204\n|move|p1a: FREE HAITI|Toxic|p2a: montenegro\n|-status|p2a: montenegro|tox\n|move|p2a: montenegro|Smack Down|p1a: FREE HAITI\n|-resisted|p1a: FREE HAITI\n|-damage|p1a: FREE HAITI|91\/100\n|\n|-damage|p2a: montenegro|94\/100 tox|[from] psn\n|upkeep\n|turn|2\n|\n|t:|1700444212\n|switch|p1a: FREE PALESTINE|Slowbro, F, shiny|100\/100\n|move|p2a: montenegro|Stealth Rock|p1a: FREE PALESTINE\n|-sidestart|p1: muffinATEthat|move: Stealth Rock\n|\n|-heal|p2a: montenegro|100\/100 tox|[from] item: Leftovers\n|-damage|p2a: montenegro|88\/100 tox|[from] psn\n|upkeep\n|turn|3\n|\n|t:|1700444233\n|switch|p2a: celty|Umbreon, F, shiny|100\/100\n|switch|p1a: FREE SUDAN|Rotom-Heat, shiny|100\/100\n|\n|upkeep\n|turn|4\n|c| FirstClassWill|Got them air fried timbs hold on now\n|\n|t:|1700444266\n|-terastallize|p2a: celty|Fairy\n|move|p1a: FREE SUDAN|Volt Switch|p2a: celty\n|-damage|p2a: celty|81\/100\n|\n|t:|1700444281\n|switch|p1a: FREE HAITI|Sneasel-Hisui, F|91\/100|[from] Volt Switch\n|-damage|p1a: FREE HAITI|85\/100|[from] Stealth Rock\n|move|p2a: celty|Toxic|p1a: FREE HAITI\n|-immune|p1a: FREE HAITI\n|\n|upkeep\n|turn|5\n|\n|t:|1700444294\n|switch|p1a: FREE TIGRAY|Breloom, F, shiny|100\/100\n|-damage|p1a: FREE TIGRAY|94\/100|[from] Stealth Rock\n|switch|p2a: ultra headtop|Amoonguss, M, shiny|100\/100\n|\n|upkeep\n|turn|6\n|\n|t:|1700444323\n|switch|p1a: FREE SUDAN|Rotom-Heat, shiny|100\/100\n|move|p2a: ultra headtop|Sludge Bomb|p1a: FREE SUDAN\n|-damage|p1a: FREE SUDAN|66\/100\n|\n|upkeep\n|turn|7\n|\n|t:|1700444344\n|switch|p2a: montenegro|Mudsdale, M, shiny|88\/100 tox\n|move|p1a: FREE SUDAN|Reflect|p1a: FREE SUDAN\n|-sidestart|p1: muffinATEthat|Reflect\n|\n|-heal|p2a: montenegro|94\/100 tox|[from] item: Leftovers\n|-damage|p2a: montenegro|88\/100 tox|[from] psn\n|upkeep\n|turn|8\n|\n|t:|1700444363\n|move|p1a: FREE SUDAN|Nasty Plot|p1a: FREE SUDAN\n|-boost|p1a: FREE SUDAN|spa|2\n|move|p2a: montenegro|Smack Down|p1a: FREE SUDAN\n|-supereffective|p1a: FREE SUDAN\n|-damage|p1a: FREE SUDAN|47\/100\n|-start|p1a: FREE SUDAN|Smack Down\n|\n|-heal|p2a: montenegro|94\/100 tox|[from] item: Leftovers\n|-damage|p2a: montenegro|82\/100 tox|[from] psn\n|upkeep\n|turn|9\n|\n|t:|1700444376\n|switch|p2a: shit trash lmao|Salamence, M, shiny|100\/100\n|-ability|p2a: shit trash lmao|Intimidate|boost\n|-unboost|p1a: FREE SUDAN|atk|1\n|move|p1a: FREE SUDAN|Overheat|p2a: shit trash lmao\n|-resisted|p2a: shit trash lmao\n|-damage|p2a: shit trash lmao|28\/100\n|-unboost|p1a: FREE SUDAN|spa|2\n|\n|upkeep\n|turn|10\n|\n|t:|1700444400\n|switch|p1a: FREE PALESTINE|Slowbro, F, shiny|100\/100\n|-damage|p1a: FREE PALESTINE|88\/100|[from] Stealth Rock\n|move|p2a: shit trash lmao|Roost|p2a: shit trash lmao\n|-heal|p2a: shit trash lmao|78\/100\n|-singleturn|p2a: shit trash lmao|move: Roost\n|\n|-heal|p1a: FREE PALESTINE|94\/100|[from] item: Leftovers\n|upkeep\n|turn|11\n|\n|t:|1700444419\n|move|p2a: shit trash lmao|Hurricane|p1a: FREE PALESTINE\n|-damage|p1a: FREE PALESTINE|39\/100\n|move|p1a: FREE PALESTINE|Scald|p2a: shit trash lmao\n|-resisted|p2a: shit trash lmao\n|-damage|p2a: shit trash lmao|62\/100\n|\n|-heal|p1a: FREE PALESTINE|45\/100|[from] item: Leftovers\n|-sideend|p1: muffinATEthat|Reflect\n|upkeep\n|turn|12\n|\n|t:|1700444430\n|switch|p1a: FREE SUDAN|Rotom-Heat, shiny|47\/100\n|move|p2a: shit trash lmao|Roost|p2a: shit trash lmao\n|-heal|p2a: shit trash lmao|100\/100\n|-singleturn|p2a: shit trash lmao|move: Roost\n|\n|upkeep\n|turn|13\n|\n|t:|1700444453\n|move|p1a: FREE SUDAN|Volt Switch|p2a: shit trash lmao\n|-damage|p2a: shit trash lmao|62\/100\n|\n|t:|1700444475\n|switch|p1a: FREE CONGO|Sandy Shocks|100\/100|[from] Volt Switch\n|-damage|p1a: FREE CONGO|94\/100|[from] Stealth Rock\n|move|p2a: shit trash lmao|Draco Meteor|p1a: FREE CONGO\n|-damage|p1a: FREE CONGO|4\/100\n|-unboost|p2a: shit trash lmao|spa|2\n|\n|upkeep\n|turn|14\n|\n|t:|1700444492\n|switch|p2a: rika|Eelektross, F, shiny|100\/100\n|move|p1a: FREE CONGO|Stealth Rock|p2a: rika\n|-sidestart|p2: burberry bax|move: Stealth Rock\n|\n|upkeep\n|turn|15\n|\n|t:|1700444501\n|move|p1a: FREE CONGO|Stealth Rock||[still]\n|-fail|p1a: FREE CONGO\n|move|p2a: rika|Knock Off|p1a: FREE CONGO\n|-damage|p1a: FREE CONGO|0 fnt\n|-enditem|p1a: FREE CONGO|Choice Specs|[from] move: Knock Off|[of] p2a: rika\n|faint|p1a: FREE CONGO\n|-end|p1a: FREE CONGO|Protosynthesis|[silent]\n|\n|upkeep\n|\n|t:|1700444534\n|switch|p1a: FREE HAITI|Sneasel-Hisui, F|85\/100\n|-damage|p1a: FREE HAITI|79\/100|[from] Stealth Rock\n|turn|16\n|\n|t:|1700444542\n|switch|p2a: ultra headtop|Amoonguss, M, shiny|100\/100\n|move|p1a: FREE HAITI|Toxic|p2a: ultra headtop\n|-immune|p2a: ultra headtop\n|\n|upkeep\n|turn|17\n|\n|t:|1700444555\n|move|p1a: FREE HAITI|Switcheroo|p2a: ultra headtop\n|-activate|p1a: FREE HAITI|move: Trick|[of] p2a: ultra headtop\n|-item|p2a: ultra headtop|Eviolite|[from] move: Switcheroo\n|-item|p1a: FREE HAITI|Heavy-Duty Boots|[from] move: Switcheroo\n|move|p2a: ultra headtop|Spore|p1a: FREE HAITI\n|-status|p1a: FREE HAITI|slp|[from] move: Spore\n|\n|upkeep\n|turn|18\n|\n|t:|1700444574\n|switch|p1a: FREE SUDAN|Rotom-Heat, shiny|47\/100\n|switch|p2a: shit trash lmao|Salamence, M, shiny|62\/100\n|-ability|p2a: shit trash lmao|Intimidate|boost\n|-unboost|p1a: FREE SUDAN|atk|1\n|\n|upkeep\n|turn|19\n|\n|t:|1700444596\n|move|p1a: FREE SUDAN|Overheat|p2a: shit trash lmao\n|-resisted|p2a: shit trash lmao\n|-damage|p2a: shit trash lmao|26\/100\n|-unboost|p1a: FREE SUDAN|spa|2\n|move|p2a: shit trash lmao|Roost|p2a: shit trash lmao\n|-heal|p2a: shit trash lmao|76\/100\n|-singleturn|p2a: shit trash lmao|move: Roost\n|\n|upkeep\n|turn|20\n|\n|t:|1700444633\n|move|p1a: FREE SUDAN|Nasty Plot|p1a: FREE SUDAN\n|-boost|p1a: FREE SUDAN|spa|2\n|move|p2a: shit trash lmao|Roost|p2a: shit trash lmao\n|-heal|p2a: shit trash lmao|100\/100\n|-singleturn|p2a: shit trash lmao|move: Roost\n|\n|upkeep\n|turn|21\n|\n|t:|1700444645\n|move|p1a: FREE SUDAN|Overheat|p2a: shit trash lmao\n|-resisted|p2a: shit trash lmao\n|-damage|p2a: shit trash lmao|67\/100\n|-unboost|p1a: FREE SUDAN|spa|2\n|move|p2a: shit trash lmao|Draco Meteor|p1a: FREE SUDAN\n|-damage|p1a: FREE SUDAN|0 fnt\n|-unboost|p2a: shit trash lmao|spa|2\n|faint|p1a: FREE SUDAN\n|\n|upkeep\n|l| TBK Renegades\n|\n|t:|1700444684\n|switch|p1a: FIRE FIST FOREVER|Kingambit, M, shiny|100\/100\n|-damage|p1a: FIRE FIST FOREVER|94\/100|[from] Stealth Rock\n|-activate|p1a: FIRE FIST FOREVER|ability: Supreme Overlord\n|-start|p1a: FIRE FIST FOREVER|fallen2|[silent]\n|turn|22\n|\n|t:|1700444700\n|switch|p2a: zest lord|Quaquaval, M, shiny|100\/100\n|-damage|p2a: zest lord|94\/100|[from] Stealth Rock\n|move|p1a: FIRE FIST FOREVER|Kowtow Cleave|p2a: zest lord\n|-resisted|p2a: zest lord\n|-damage|p2a: zest lord|54\/100\n|\n|upkeep\n|turn|23\n|\n|t:|1700444717\n|-end|p1a: FIRE FIST FOREVER|fallen2|[silent]\n|switch|p1a: FREE PALESTINE|Slowbro, F, shiny|78\/100\n|-damage|p1a: FREE PALESTINE|65\/100|[from] Stealth Rock\n|move|p2a: zest lord|Close Combat|p1a: FREE PALESTINE\n|-resisted|p1a: FREE PALESTINE\n|-damage|p1a: FREE PALESTINE|39\/100\n|-unboost|p2a: zest lord|def|1\n|-unboost|p2a: zest lord|spd|1\n|\n|-heal|p1a: FREE PALESTINE|45\/100|[from] item: Leftovers\n|upkeep\n|turn|24\n|j| TBK Renegades\n|\n|t:|1700444750\n|switch|p2a: rika|Eelektross, F, shiny|100\/100\n|-damage|p2a: rika|88\/100|[from] Stealth Rock\n|switch|p1a: FREE TIGRAY|Breloom, F, shiny|94\/100\n|-damage|p1a: FREE TIGRAY|88\/100|[from] Stealth Rock\n|\n|upkeep\n|turn|25\n|\n|t:|1700444779\n|move|p1a: FREE TIGRAY|Bullet Seed|p2a: rika\n|-damage|p2a: rika|65\/100\n|-damage|p2a: rika|43\/100\n|-damage|p2a: rika|22\/100\n|-damage|p2a: rika|0 fnt\n|faint|p2a: rika\n|-hitcount|p2: rika|4\n|\n|upkeep\n|\n|t:|1700444781\n|switch|p2a: shit trash lmao|Salamence, M, shiny|67\/100\n|-ability|p2a: shit trash lmao|Intimidate|boost\n|-unboost|p1a: FREE TIGRAY|atk|1\n|turn|26\n|\n|t:|1700444818\n|switch|p1a: FREE HAITI|Sneasel-Hisui, F|79\/100 slp\n|move|p2a: shit trash lmao|Hurricane|p1a: FREE HAITI\n|-supereffective|p1a: FREE HAITI\n|-damage|p1a: FREE HAITI|0 fnt\n|faint|p1a: FREE HAITI\n|\n|upkeep\n|\n|t:|1700444826\n|switch|p1a: FREE PALESTINE|Slowbro, F, shiny|78\/100\n|-damage|p1a: FREE PALESTINE|66\/100|[from] Stealth Rock\n|turn|27\n|\n|t:|1700444833\n|move|p2a: shit trash lmao|Hurricane|p1a: FREE PALESTINE|[miss]\n|-miss|p2a: shit trash lmao|p1a: FREE PALESTINE\n|move|p1a: FREE PALESTINE|Ice Beam|p2a: shit trash lmao\n|-supereffective|p2a: shit trash lmao\n|-damage|p2a: shit trash lmao|0 fnt\n|faint|p2a: shit trash lmao\n|\n|-heal|p1a: FREE PALESTINE|72\/100|[from] item: Leftovers\n|upkeep\n|\n|t:|1700444849\n|switch|p2a: zest lord|Quaquaval, M, shiny|54\/100\n|-damage|p2a: zest lord|48\/100|[from] Stealth Rock\n|turn|28\n|\n|t:|1700444878\n|-terastallize|p1a: FREE PALESTINE|Water\n|move|p2a: zest lord|U-turn|p1a: FREE PALESTINE\n|-damage|p1a: FREE PALESTINE|52\/100\n|\n|t:|1700444887\n|switch|p2a: ultra headtop|Amoonguss, M, shiny|100\/100|[from] U-turn\n|-damage|p2a: ultra headtop|88\/100|[from] Stealth Rock\n|move|p1a: FREE PALESTINE|Psychic|p2a: ultra headtop\n|-supereffective|p2a: ultra headtop\n|-damage|p2a: ultra headtop|29\/100\n|\n|-heal|p1a: FREE PALESTINE|58\/100|[from] item: Leftovers\n|upkeep\n|turn|29\n|\n|t:|1700444911\n|switch|p2a: celty|Umbreon, F, shiny, tera:Fairy|81\/100\n|move|p1a: FREE PALESTINE|Ice Beam|p2a: celty\n|-damage|p2a: celty|69\/100\n|\n|-heal|p1a: FREE PALESTINE|64\/100|[from] item: Leftovers\n|upkeep\n|turn|30\n|\n|t:|1700444933\n|switch|p2a: ultra headtop|Amoonguss, M, shiny|62\/100\n|-damage|p2a: ultra headtop|50\/100|[from] Stealth Rock\n|switch|p1a: FIRE FIST FOREVER|Kingambit, M, shiny|94\/100\n|-damage|p1a: FIRE FIST FOREVER|88\/100|[from] Stealth Rock\n|-activate|p1a: FIRE FIST FOREVER|ability: Supreme Overlord\n|-start|p1a: FIRE FIST FOREVER|fallen3|[silent]\n|\n|upkeep\n|turn|31\n|\n|t:|1700444949\n|move|p1a: FIRE FIST FOREVER|Kowtow Cleave|p2a: ultra headtop\n|-damage|p2a: ultra headtop|6\/100\n|move|p2a: ultra headtop|Spore|p1a: FIRE FIST FOREVER\n|-status|p1a: FIRE FIST FOREVER|slp|[from] move: Spore\n|-enditem|p1a: FIRE FIST FOREVER|Lum Berry|[eat]\n|-curestatus|p1a: FIRE FIST FOREVER|slp|[msg]\n|\n|upkeep\n|turn|32\n|\n|t:|1700444966\n|move|p1a: FIRE FIST FOREVER|Iron Head|p2a: ultra headtop\n|-damage|p2a: ultra headtop|0 fnt\n|faint|p2a: ultra headtop\n|\n|upkeep\n|\n|t:|1700444973\n|switch|p2a: zest lord|Quaquaval, M, shiny|48\/100\n|-damage|p2a: zest lord|42\/100|[from] Stealth Rock\n|turn|33\n|\n|t:|1700444986\n|move|p1a: FIRE FIST FOREVER|Sucker Punch|p2a: zest lord\n|-resisted|p2a: zest lord\n|-damage|p2a: zest lord|10\/100\n|move|p2a: zest lord|Close Combat|p1a: FIRE FIST FOREVER\n|-supereffective|p1a: FIRE FIST FOREVER\n|-damage|p1a: FIRE FIST FOREVER|0 fnt\n|-unboost|p2a: zest lord|def|1\n|-unboost|p2a: zest lord|spd|1\n|faint|p1a: FIRE FIST FOREVER\n|-end|p1a: FIRE FIST FOREVER|fallen3|[silent]\n|-ability|p2a: zest lord|Moxie|boost\n|-boost|p2a: zest lord|atk|1\n|\n|upkeep\n|\n|t:|1700444996\n|switch|p1a: FREE TIGRAY|Breloom, F, shiny|88\/100\n|-damage|p1a: FREE TIGRAY|82\/100|[from] Stealth Rock\n|turn|34\n|\n|t:|1700445008\n|switch|p2a: celty|Umbreon, F, shiny, tera:Fairy|69\/100\n|move|p1a: FREE TIGRAY|Mach Punch|p2a: celty\n|-resisted|p2a: celty\n|-damage|p2a: celty|56\/100\n|\n|upkeep\n|turn|35\n|\n|t:|1700445018\n|move|p1a: FREE TIGRAY|Bullet Seed|p2a: celty\n|-damage|p2a: celty|40\/100\n|-damage|p2a: celty|24\/100\n|-damage|p2a: celty|9\/100\n|-damage|p2a: celty|0 fnt\n|faint|p2a: celty\n|-hitcount|p2: celty|4\n|\n|upkeep\n|\n|t:|1700445021\n|switch|p2a: montenegro|Mudsdale, M, shiny|82\/100 tox\n|-damage|p2a: montenegro|76\/100 tox|[from] Stealth Rock\n|turn|36\n|\n|t:|1700445055\n|switch|p1a: FREE PALESTINE|Slowbro, F, shiny, tera:Water|97\/100\n|-damage|p1a: FREE PALESTINE|85\/100|[from] Stealth Rock\n|switch|p2a: zest lord|Quaquaval, M, shiny|10\/100\n|-damage|p2a: zest lord|4\/100|[from] Stealth Rock\n|\n|-heal|p1a: FREE PALESTINE|91\/100|[from] item: Leftovers\n|upkeep\n|turn|37\n|\n|t:|1700445069\n|move|p2a: zest lord|Close Combat|p1a: FREE PALESTINE\n|-damage|p1a: FREE PALESTINE|42\/100\n|-unboost|p2a: zest lord|def|1\n|-unboost|p2a: zest lord|spd|1\n|move|p1a: FREE PALESTINE|Scald|p2a: zest lord\n|-resisted|p2a: zest lord\n|-damage|p2a: zest lord|0 fnt\n|faint|p2a: zest lord\n|\n|-heal|p1a: FREE PALESTINE|48\/100|[from] item: Leftovers\n|upkeep\n|\n|t:|1700445073\n|switch|p2a: montenegro|Mudsdale, M, shiny|76\/100 tox\n|-damage|p2a: montenegro|69\/100 tox|[from] Stealth Rock\n|turn|38\n|\n|t:|1700445088\n|move|p2a: montenegro|Earthquake|p1a: FREE PALESTINE\n|-damage|p1a: FREE PALESTINE|23\/100\n|move|p1a: FREE PALESTINE|Scald|p2a: montenegro\n|-supereffective|p2a: montenegro\n|-damage|p2a: montenegro|10\/100 tox\n|-ability|p2a: montenegro|Stamina|boost\n|-boost|p2a: montenegro|def|1\n|\n|-heal|p2a: montenegro|16\/100 tox|[from] item: Leftovers\n|-heal|p1a: FREE PALESTINE|29\/100|[from] item: Leftovers\n|-damage|p2a: montenegro|10\/100 tox|[from] psn\n|upkeep\n|turn|39\n|\n|t:|1700445101\n|move|p2a: montenegro|Earthquake|p1a: FREE PALESTINE\n|-damage|p1a: FREE PALESTINE|4\/100\n|move|p1a: FREE PALESTINE|Scald|p2a: montenegro\n|-supereffective|p2a: montenegro\n|-damage|p2a: montenegro|0 fnt\n|faint|p2a: montenegro\n|\n|win|muffinATEthat\n|c|\u2606burberry bax|gg no swap\n","uploadtime":1700445106,"views":16,"p1id":"muffinatethat","p2id":"burberrybax","formatid":"gen9ou","rating":0,"private":0,"password":""}