{"id":"gen9ou-1994198871","p1":"Jeusu","p2":"shando.430","format":"[Gen 9] OU","log":"|j|\u2606Jeusu\n|j|\u2606shando.430\n|t:|1700418039\n|gametype|singles\n|player|p1|Jeusu|plasmagruntf|1291\n|player|p2|shando.430|101|1317\n|teamsize|p1|6\n|teamsize|p2|6\n|gen|9\n|tier|[Gen 9] OU\n|rated|\n|rule|Sleep Clause Mod: Limit one foe put to sleep\n|rule|Species Clause: Limit one of each Pok\u00e9mon\n|rule|OHKO Clause: OHKO moves are banned\n|rule|Evasion Items Clause: Evasion items are banned\n|rule|Evasion Moves Clause: Evasion moves are banned\n|rule|Endless Battle Clause: Forcing endless battles is banned\n|rule|HP Percentage Mod: HP is shown in percentages\n|clearpoke\n|poke|p1|Rillaboom, M|\n|poke|p1|Iron Moth|\n|poke|p1|Dondozo, M|\n|poke|p1|Clodsire, F|\n|poke|p1|Iron Treads|\n|poke|p1|Haxorus, F|\n|poke|p2|Dragapult, M|\n|poke|p2|Skeledirge, F|\n|poke|p2|Mandibuzz, F|\n|poke|p2|Weezing-Galar, M|\n|poke|p2|Milotic, M|\n|poke|p2|Great Tusk|\n|teampreview\n|inactive|Battle timer is ON: inactive players will automatically lose when time's up. (requested by shando.430)\n|\n|t:|1700418054\n|start\n|switch|p1a: Iron Moth|Iron Moth|100\/100\n|switch|p2a: Mandibuzz|Mandibuzz, F|100\/100\n|turn|1\n|\n|t:|1700418061\n|move|p1a: Iron Moth|U-turn|p2a: Mandibuzz\n|-damage|p2a: Mandibuzz|94\/100\n|\n|t:|1700418069\n|-end|p1a: Iron Moth|Quark Drive|[silent]\n|switch|p1a: Dondozo|Dondozo, M|100\/100|[from] U-turn\n|move|p2a: Mandibuzz|U-turn|p1a: Dondozo\n|-damage|p1a: Dondozo|95\/100\n|\n|t:|1700418084\n|switch|p2a: Milotic|Milotic, M|100\/100|[from] U-turn\n|\n|-heal|p1a: Dondozo|100\/100|[from] item: Leftovers\n|upkeep\n|turn|2\n|\n|t:|1700418097\n|move|p2a: Milotic|Scald|p1a: Dondozo\n|-resisted|p1a: Dondozo\n|-damage|p1a: Dondozo|87\/100\n|move|p1a: Dondozo|Curse|p1a: Dondozo\n|-unboost|p1a: Dondozo|spe|1\n|-boost|p1a: Dondozo|atk|1\n|-boost|p1a: Dondozo|def|1\n|\n|-heal|p1a: Dondozo|93\/100|[from] item: Leftovers\n|upkeep\n|turn|3\n|\n|t:|1700418102\n|move|p2a: Milotic|Scald|p1a: Dondozo\n|-resisted|p1a: Dondozo\n|-damage|p1a: Dondozo|79\/100\n|move|p1a: Dondozo|Curse|p1a: Dondozo\n|-unboost|p1a: Dondozo|spe|1\n|-boost|p1a: Dondozo|atk|1\n|-boost|p1a: Dondozo|def|1\n|\n|-heal|p1a: Dondozo|85\/100|[from] item: Leftovers\n|upkeep\n|turn|4\n|\n|t:|1700418107\n|move|p2a: Milotic|Haze|p2a: Milotic\n|-clearallboost\n|move|p1a: Dondozo|Curse|p1a: Dondozo\n|-unboost|p1a: Dondozo|spe|1\n|-boost|p1a: Dondozo|atk|1\n|-boost|p1a: Dondozo|def|1\n|\n|-heal|p1a: Dondozo|91\/100|[from] item: Leftovers\n|upkeep\n|turn|5\n|\n|t:|1700418119\n|switch|p1a: Clodsire|Clodsire, F|100\/100\n|move|p2a: Milotic|Haze|p2a: Milotic\n|-clearallboost\n|\n|upkeep\n|turn|6\n|\n|t:|1700418135\n|switch|p2a: Weezing|Weezing-Galar, M|100\/100\n|-ability|p2a: Weezing|Neutralizing Gas\n|move|p1a: Clodsire|Stealth Rock|p2a: Weezing\n|-sidestart|p2: shando.430|move: Stealth Rock\n|\n|upkeep\n|turn|7\n|\n|t:|1700418156\n|switch|p1a: Iron Treads|Iron Treads|100\/100\n|move|p2a: Weezing|Defog|p1a: Iron Treads\n|-unboost|p1a: Iron Treads|evasion|1\n|-sideend|p2: shando.430|Stealth Rock|[from] move: Defog|[of] p2a: Weezing\n|\n|upkeep\n|turn|8\n|\n|t:|1700418163\n|-end|p2a: Weezing|ability: Neutralizing Gas\n|switch|p2a: Mandibuzz|Mandibuzz, F|94\/100\n|move|p1a: Iron Treads|Knock Off|p2a: Mandibuzz\n|-resisted|p2a: Mandibuzz\n|-damage|p2a: Mandibuzz|88\/100\n|-enditem|p2a: Mandibuzz|Heavy-Duty Boots|[from] move: Knock Off|[of] p1a: Iron Treads\n|\n|upkeep\n|turn|9\n|\n|t:|1700418180\n|move|p1a: Iron Treads|Volt Switch|p2a: Mandibuzz\n|-supereffective|p2a: Mandibuzz\n|-damage|p2a: Mandibuzz|69\/100\n|\n|t:|1700418191\n|-end|p1a: Iron Treads|Quark Drive|[silent]\n|switch|p1a: Dondozo|Dondozo, M|91\/100|[from] Volt Switch\n|move|p2a: Mandibuzz|Knock Off|p1a: Dondozo\n|-damage|p1a: Dondozo|81\/100\n|-enditem|p1a: Dondozo|Leftovers|[from] move: Knock Off|[of] p2a: Mandibuzz\n|\n|upkeep\n|turn|10\n|l|\u2606shando.430\n|inactive|shando.430 disconnected and has a minute to reconnect!\n|player|p2|\n|j|\u2606shando.430\n|inactive|shando.430 reconnected and has 120 seconds left.\n|player|p2|shando.430|101\n|\n|t:|1700418228\n|move|p2a: Mandibuzz|Toxic|p1a: Dondozo\n|-status|p1a: Dondozo|tox\n|move|p1a: Dondozo|Liquidation|p2a: Mandibuzz\n|-damage|p2a: Mandibuzz|52\/100\n|\n|-damage|p1a: Dondozo|75\/100 tox|[from] psn\n|upkeep\n|turn|11\n|inactive|shando.430 has 120 seconds left.\n|\n|t:|1700418240\n|move|p2a: Mandibuzz|Knock Off|p1a: Dondozo\n|-damage|p1a: Dondozo|69\/100 tox\n|move|p1a: Dondozo|Curse|p1a: Dondozo\n|-unboost|p1a: Dondozo|spe|1\n|-boost|p1a: Dondozo|atk|1\n|-boost|p1a: Dondozo|def|1\n|\n|-damage|p1a: Dondozo|56\/100 tox|[from] psn\n|upkeep\n|turn|12\n|\n|t:|1700418249\n|move|p2a: Mandibuzz|Roost|p2a: Mandibuzz\n|-heal|p2a: Mandibuzz|100\/100\n|-singleturn|p2a: Mandibuzz|move: Roost\n|move|p1a: Dondozo|Liquidation|p2a: Mandibuzz\n|-damage|p2a: Mandibuzz|76\/100\n|\n|-damage|p1a: Dondozo|38\/100 tox|[from] psn\n|upkeep\n|turn|13\n|\n|t:|1700418254\n|move|p2a: Mandibuzz|U-turn|p1a: Dondozo\n|-damage|p1a: Dondozo|34\/100 tox\n|\n|t:|1700418256\n|switch|p2a: Milotic|Milotic, M|100\/100|[from] U-turn\n|move|p1a: Dondozo|Rest|p1a: Dondozo\n|-status|p1a: Dondozo|slp|[from] move: Rest\n|-heal|p1a: Dondozo|100\/100 slp|[silent]\n|\n|upkeep\n|turn|14\n|\n|t:|1700418264\n|move|p2a: Milotic|Haze|p2a: Milotic\n|-clearallboost\n|cant|p1a: Dondozo|slp\n|move|p1a: Dondozo|Sleep Talk|p1a: Dondozo\n|move|p1a: Dondozo|Curse|p1a: Dondozo|[from]move: Sleep Talk\n|-unboost|p1a: Dondozo|spe|1\n|-boost|p1a: Dondozo|atk|1\n|-boost|p1a: Dondozo|def|1\n|\n|upkeep\n|turn|15\n|\n|t:|1700418275\n|move|p2a: Milotic|Haze|p2a: Milotic\n|-clearallboost\n|cant|p1a: Dondozo|slp\n|move|p1a: Dondozo|Sleep Talk|p1a: Dondozo\n|move|p1a: Dondozo|Rest||[from]move: Sleep Talk|[still]\n|-fail|p1a: Dondozo\n|\n|upkeep\n|turn|16\n|\n|t:|1700418291\n|switch|p1a: Rillaboom|Rillaboom, M|100\/100\n|-fieldstart|move: Grassy Terrain|[from] ability: Grassy Surge|[of] p1a: Rillaboom\n|move|p2a: Milotic|Scald|p1a: Rillaboom\n|-resisted|p1a: Rillaboom\n|-damage|p1a: Rillaboom|84\/100\n|\n|-heal|p1a: Rillaboom|90\/100|[from] Grassy Terrain\n|upkeep\n|turn|17\n|inactive|shando.430 has 120 seconds left.\n|\n|t:|1700418323\n|move|p1a: Rillaboom|Wood Hammer|p2a: Milotic\n|-supereffective|p2a: Milotic\n|-crit|p2a: Milotic\n|-damage|p2a: Milotic|0 fnt\n|faint|p2a: Milotic\n|-damage|p1a: Rillaboom|52\/100|[from] Recoil\n|\n|-heal|p1a: Rillaboom|58\/100|[from] Grassy Terrain\n|upkeep\n|\n|t:|1700418328\n|switch|p2a: Weezing|Weezing-Galar, M|100\/100\n|-ability|p2a: Weezing|Neutralizing Gas\n|turn|18\n|\n|t:|1700418336\n|switch|p1a: Iron Treads|Iron Treads|100\/100\n|move|p2a: Weezing|Will-O-Wisp|p1a: Iron Treads\n|-status|p1a: Iron Treads|brn\n|\n|-damage|p1a: Iron Treads|94\/100 brn|[from] brn\n|upkeep\n|turn|19\n|inactive|shando.430 has 120 seconds left.\n|\n|t:|1700418371\n|-end|p2a: Weezing|ability: Neutralizing Gas\n|switch|p2a: Mandibuzz|Mandibuzz, F|76\/100\n|move|p1a: Iron Treads|Iron Head|p2a: Mandibuzz\n|-damage|p2a: Mandibuzz|68\/100\n|\n|-heal|p1a: Iron Treads|100\/100 brn|[from] Grassy Terrain\n|-damage|p1a: Iron Treads|94\/100 brn|[from] brn\n|upkeep\n|turn|20\n|\n|t:|1700418380\n|move|p1a: Iron Treads|Volt Switch|p2a: Mandibuzz\n|-supereffective|p2a: Mandibuzz\n|-damage|p2a: Mandibuzz|48\/100\n|\n|t:|1700418386\n|-end|p1a: Iron Treads|Quark Drive|[silent]\n|switch|p1a: Dondozo|Dondozo, M|100\/100 slp|[from] Volt Switch\n|move|p2a: Mandibuzz|Roost|p2a: Mandibuzz\n|-heal|p2a: Mandibuzz|98\/100\n|-singleturn|p2a: Mandibuzz|move: Roost\n|\n|-heal|p2a: Mandibuzz|100\/100|[from] Grassy Terrain\n|-fieldend|move: Grassy Terrain\n|upkeep\n|turn|21\n|inactive|shando.430 has 120 seconds left.\n|\n|t:|1700418412\n|move|p2a: Mandibuzz|Knock Off|p1a: Dondozo\n|-damage|p1a: Dondozo|94\/100 slp\n|-curestatus|p1a: Dondozo|slp|[msg]\n|move|p1a: Dondozo|Curse|p1a: Dondozo\n|-unboost|p1a: Dondozo|spe|1\n|-boost|p1a: Dondozo|atk|1\n|-boost|p1a: Dondozo|def|1\n|\n|upkeep\n|turn|22\n|\n|t:|1700418418\n|move|p2a: Mandibuzz|Toxic|p1a: Dondozo\n|-status|p1a: Dondozo|tox\n|move|p1a: Dondozo|Curse|p1a: Dondozo\n|-unboost|p1a: Dondozo|spe|1\n|-boost|p1a: Dondozo|atk|1\n|-boost|p1a: Dondozo|def|1\n|\n|-damage|p1a: Dondozo|88\/100 tox|[from] psn\n|upkeep\n|turn|23\n|\n|t:|1700418423\n|move|p2a: Mandibuzz|U-turn|p1a: Dondozo\n|-damage|p1a: Dondozo|85\/100 tox\n|\n|t:|1700418435\n|switch|p2a: Skeledirge|Skeledirge, F|100\/100|[from] U-turn\n|move|p1a: Dondozo|Liquidation|p2a: Skeledirge\n|-supereffective|p2a: Skeledirge\n|-damage|p2a: Skeledirge|55\/100\n|\n|-damage|p1a: Dondozo|73\/100 tox|[from] psn\n|upkeep\n|turn|24\n|\n|t:|1700418440\n|move|p2a: Skeledirge|Slack Off|p2a: Skeledirge\n|-heal|p2a: Skeledirge|100\/100\n|move|p1a: Dondozo|Liquidation|p2a: Skeledirge\n|-supereffective|p2a: Skeledirge\n|-damage|p2a: Skeledirge|54\/100\n|\n|-damage|p1a: Dondozo|55\/100 tox|[from] psn\n|upkeep\n|turn|25\n|inactive|shando.430 has 120 seconds left.\n|\n|t:|1700418456\n|switch|p1a: Clodsire|Clodsire, F|100\/100\n|move|p2a: Skeledirge|Hex|p1a: Clodsire\n|-damage|p1a: Clodsire|88\/100\n|\n|-heal|p1a: Clodsire|94\/100|[from] item: Black Sludge\n|upkeep\n|turn|26\n|\n|t:|1700418462\n|-terastallize|p2a: Skeledirge|Water\n|move|p2a: Skeledirge|Will-O-Wisp|p1a: Clodsire\n|-status|p1a: Clodsire|brn\n|move|p1a: Clodsire|Toxic|p2a: Skeledirge\n|-status|p2a: Skeledirge|tox\n|\n|-heal|p1a: Clodsire|100\/100 brn|[from] item: Black Sludge\n|-damage|p2a: Skeledirge|48\/100 tox|[from] psn\n|-damage|p1a: Clodsire|94\/100 brn|[from] brn\n|upkeep\n|turn|27\n|\n|t:|1700418478\n|move|p2a: Skeledirge|Slack Off|p2a: Skeledirge\n|-heal|p2a: Skeledirge|98\/100 tox\n|move|p1a: Clodsire|Stealth Rock|p2a: Skeledirge\n|-sidestart|p2: shando.430|move: Stealth Rock\n|\n|-heal|p1a: Clodsire|100\/100 brn|[from] item: Black Sludge\n|-damage|p2a: Skeledirge|86\/100 tox|[from] psn\n|-damage|p1a: Clodsire|94\/100 brn|[from] brn\n|upkeep\n|turn|28\n|\n|t:|1700418485\n|switch|p2a: Great Tusk|Great Tusk|100\/100\n|-damage|p2a: Great Tusk|98\/100|[from] Stealth Rock\n|move|p1a: Clodsire|Poison Jab|p2a: Great Tusk\n|-resisted|p2a: Great Tusk\n|-damage|p2a: Great Tusk|95\/100\n|-status|p2a: Great Tusk|psn\n|\n|-heal|p2a: Great Tusk|100\/100 psn|[from] item: Leftovers\n|-heal|p1a: Clodsire|100\/100 brn|[from] item: Black Sludge\n|-damage|p2a: Great Tusk|88\/100 psn|[from] psn\n|-damage|p1a: Clodsire|94\/100 brn|[from] brn\n|upkeep\n|turn|29\n|\n|t:|1700418494\n|switch|p1a: Rillaboom|Rillaboom, M|58\/100\n|-fieldstart|move: Grassy Terrain|[from] ability: Grassy Surge|[of] p1a: Rillaboom\n|move|p2a: Great Tusk|Earthquake|p1a: Rillaboom\n|-resisted|p1a: Rillaboom\n|-damage|p1a: Rillaboom|46\/100\n|\n|-heal|p1a: Rillaboom|52\/100|[from] Grassy Terrain\n|-heal|p2a: Great Tusk|94\/100 psn|[from] Grassy Terrain\n|-heal|p2a: Great Tusk|100\/100 psn|[from] item: Leftovers\n|-damage|p2a: Great Tusk|88\/100 psn|[from] psn\n|upkeep\n|turn|30\n|\n|t:|1700418500\n|move|p1a: Rillaboom|Grassy Glide|p2a: Great Tusk\n|-supereffective|p2a: Great Tusk\n|-damage|p2a: Great Tusk|31\/100 psn\n|move|p2a: Great Tusk|Ice Spinner|p1a: Rillaboom\n|-supereffective|p1a: Rillaboom\n|-damage|p1a: Rillaboom|3\/100\n|-fieldend|move: Grassy Terrain\n|\n|-heal|p2a: Great Tusk|38\/100 psn|[from] item: Leftovers\n|-damage|p2a: Great Tusk|25\/100 psn|[from] psn\n|upkeep\n|turn|31\n|\n|t:|1700418507\n|switch|p1a: Dondozo|Dondozo, M|55\/100 tox\n|-end|p2a: Great Tusk|Protosynthesis|[silent]\n|switch|p2a: Mandibuzz|Mandibuzz, F|100\/100\n|-damage|p2a: Mandibuzz|76\/100|[from] Stealth Rock\n|\n|-damage|p1a: Dondozo|49\/100 tox|[from] psn\n|upkeep\n|turn|32\n|\n|t:|1700418529\n|move|p2a: Mandibuzz|U-turn|p1a: Dondozo\n|-damage|p1a: Dondozo|43\/100 tox\n|\n|t:|1700418533\n|switch|p2a: Skeledirge|Skeledirge, F, tera:Water|86\/100 tox|[from] U-turn\n|move|p1a: Dondozo|Rest|p1a: Dondozo\n|-status|p1a: Dondozo|slp|[from] move: Rest\n|-heal|p1a: Dondozo|100\/100 slp|[silent]\n|\n|-damage|p2a: Skeledirge|80\/100 tox|[from] psn\n|upkeep\n|turn|33\n|\n|t:|1700418550\n|switch|p1a: Clodsire|Clodsire, F|94\/100 brn\n|move|p2a: Skeledirge|Hex|p1a: Clodsire\n|-damage|p1a: Clodsire|68\/100 brn\n|\n|-heal|p1a: Clodsire|74\/100 brn|[from] item: Black Sludge\n|-damage|p2a: Skeledirge|67\/100 tox|[from] psn\n|-damage|p1a: Clodsire|68\/100 brn|[from] brn\n|upkeep\n|turn|34\n|\n|t:|1700418560\n|switch|p2a: Great Tusk|Great Tusk|25\/100 psn\n|-damage|p2a: Great Tusk|22\/100 psn|[from] Stealth Rock\n|move|p1a: Clodsire|Poison Jab|p2a: Great Tusk\n|-resisted|p2a: Great Tusk\n|-damage|p2a: Great Tusk|20\/100 psn\n|\n|-heal|p2a: Great Tusk|26\/100 psn|[from] item: Leftovers\n|-heal|p1a: Clodsire|74\/100 brn|[from] item: Black Sludge\n|-damage|p2a: Great Tusk|13\/100 psn|[from] psn\n|-damage|p1a: Clodsire|68\/100 brn|[from] brn\n|upkeep\n|turn|35\n|\n|t:|1700418564\n|switch|p1a: Dondozo|Dondozo, M|100\/100 slp\n|move|p2a: Great Tusk|Stealth Rock|p1a: Dondozo\n|-sidestart|p1: Jeusu|move: Stealth Rock\n|\n|-heal|p2a: Great Tusk|20\/100 psn|[from] item: Leftovers\n|-damage|p2a: Great Tusk|7\/100 psn|[from] psn\n|upkeep\n|turn|36\n|\n|t:|1700418575\n|-end|p2a: Great Tusk|Protosynthesis|[silent]\n|switch|p2a: Mandibuzz|Mandibuzz, F|76\/100\n|-damage|p2a: Mandibuzz|51\/100|[from] Stealth Rock\n|cant|p1a: Dondozo|slp\n|move|p1a: Dondozo|Sleep Talk|p1a: Dondozo\n|move|p1a: Dondozo|Rest||[from]move: Sleep Talk|[still]\n|-fail|p1a: Dondozo\n|\n|upkeep\n|turn|37\n|\n|t:|1700418584\n|switch|p1a: Iron Treads|Iron Treads|94\/100 brn\n|-damage|p1a: Iron Treads|91\/100 brn|[from] Stealth Rock\n|move|p2a: Mandibuzz|Roost|p2a: Mandibuzz\n|-heal|p2a: Mandibuzz|100\/100\n|-singleturn|p2a: Mandibuzz|move: Roost\n|\n|-damage|p1a: Iron Treads|85\/100 brn|[from] brn\n|upkeep\n|turn|38\n|\n|t:|1700418596\n|move|p1a: Iron Treads|Knock Off|p2a: Mandibuzz\n|-resisted|p2a: Mandibuzz\n|-damage|p2a: Mandibuzz|98\/100\n|move|p2a: Mandibuzz|U-turn|p1a: Iron Treads\n|-resisted|p1a: Iron Treads\n|-damage|p1a: Iron Treads|81\/100 brn\n|\n|t:|1700418600\n|switch|p2a: Dragapult|Dragapult, M|100\/100|[from] U-turn\n|-damage|p2a: Dragapult|88\/100|[from] Stealth Rock\n|\n|-damage|p1a: Iron Treads|75\/100 brn|[from] brn\n|upkeep\n|turn|39\n|\n|t:|1700418616\n|-end|p1a: Iron Treads|Quark Drive|[silent]\n|switch|p1a: Clodsire|Clodsire, F|68\/100 brn\n|-damage|p1a: Clodsire|62\/100 brn|[from] Stealth Rock\n|move|p2a: Dragapult|Shadow Ball|p1a: Clodsire\n|-damage|p1a: Clodsire|35\/100 brn\n|\n|-heal|p1a: Clodsire|41\/100 brn|[from] item: Black Sludge\n|-damage|p1a: Clodsire|35\/100 brn|[from] brn\n|upkeep\n|turn|40\n|\n|t:|1700418623\n|move|p2a: Dragapult|Shadow Ball|p1a: Clodsire\n|-damage|p1a: Clodsire|5\/100 brn\n|move|p1a: Clodsire|Recover|p1a: Clodsire\n|-heal|p1a: Clodsire|55\/100 brn\n|\n|-heal|p1a: Clodsire|61\/100 brn|[from] item: Black Sludge\n|-damage|p1a: Clodsire|55\/100 brn|[from] brn\n|upkeep\n|turn|41\n|\n|t:|1700418631\n|move|p2a: Dragapult|Shadow Ball|p1a: Clodsire\n|-crit|p1a: Clodsire\n|-damage|p1a: Clodsire|13\/100 brn\n|move|p1a: Clodsire|Recover|p1a: Clodsire\n|-heal|p1a: Clodsire|63\/100 brn\n|\n|-heal|p1a: Clodsire|69\/100 brn|[from] item: Black Sludge\n|-damage|p1a: Clodsire|63\/100 brn|[from] brn\n|upkeep\n|turn|42\n|\n|t:|1700418636\n|move|p2a: Dragapult|Shadow Ball|p1a: Clodsire\n|-damage|p1a: Clodsire|36\/100 brn\n|move|p1a: Clodsire|Recover|p1a: Clodsire\n|-heal|p1a: Clodsire|86\/100 brn\n|\n|-heal|p1a: Clodsire|92\/100 brn|[from] item: Black Sludge\n|-damage|p1a: Clodsire|86\/100 brn|[from] brn\n|upkeep\n|turn|43\n|\n|t:|1700418649\n|switch|p2a: Skeledirge|Skeledirge, F, tera:Water|67\/100 tox\n|move|p1a: Clodsire|Toxic|p2a: Skeledirge\n|-fail|p2a: Skeledirge|tox\n|\n|-heal|p1a: Clodsire|92\/100 brn|[from] item: Black Sludge\n|-damage|p2a: Skeledirge|61\/100 tox|[from] psn\n|-damage|p1a: Clodsire|86\/100 brn|[from] brn\n|upkeep\n|turn|44\n|\n|t:|1700418661\n|switch|p1a: Iron Treads|Iron Treads|75\/100 brn\n|-damage|p1a: Iron Treads|72\/100 brn|[from] Stealth Rock\n|move|p2a: Skeledirge|Hex|p1a: Iron Treads\n|-damage|p1a: Iron Treads|37\/100 brn\n|\n|-damage|p2a: Skeledirge|49\/100 tox|[from] psn\n|-damage|p1a: Iron Treads|31\/100 brn|[from] brn\n|upkeep\n|turn|45\n|\n|t:|1700418667\n|move|p1a: Iron Treads|Rapid Spin|p2a: Skeledirge\n|-damage|p2a: Skeledirge|44\/100 tox\n|-boost|p1a: Iron Treads|spe|1\n|-sideend|p1: Jeusu|Stealth Rock|[from] move: Rapid Spin|[of] p1a: Iron Treads\n|move|p2a: Skeledirge|Slack Off|p2a: Skeledirge\n|-heal|p2a: Skeledirge|94\/100 tox\n|\n|-damage|p2a: Skeledirge|76\/100 tox|[from] psn\n|-damage|p1a: Iron Treads|25\/100 brn|[from] brn\n|upkeep\n|turn|46\n|\n|t:|1700418675\n|switch|p2a: Dragapult|Dragapult, M|88\/100\n|-damage|p2a: Dragapult|76\/100|[from] Stealth Rock\n|move|p1a: Iron Treads|Knock Off|p2a: Dragapult\n|-supereffective|p2a: Dragapult\n|-damage|p2a: Dragapult|41\/100\n|-enditem|p2a: Dragapult|Choice Specs|[from] move: Knock Off|[of] p1a: Iron Treads\n|\n|-damage|p1a: Iron Treads|18\/100 brn|[from] brn\n|upkeep\n|turn|47\n|\n|t:|1700418684\n|-end|p1a: Iron Treads|Quark Drive|[silent]\n|switch|p1a: Clodsire|Clodsire, F|86\/100 brn\n|move|p2a: Dragapult|Shadow Ball|p1a: Clodsire\n|-damage|p1a: Clodsire|67\/100 brn\n|-unboost|p1a: Clodsire|spd|1\n|\n|-heal|p1a: Clodsire|73\/100 brn|[from] item: Black Sludge\n|-damage|p1a: Clodsire|67\/100 brn|[from] brn\n|upkeep\n|turn|48\n|l|\u2606shando.430\n|inactive|shando.430 disconnected and has a minute to reconnect!\n|player|p2|\n|inactive|shando.430 has 30 seconds to reconnect!\n|inactive|shando.430 has 20 seconds to reconnect!\n|inactive|shando.430 has 15 seconds to reconnect!\n|inactive|shando.430 has 10 seconds to reconnect!\n|inactive|shando.430 has 5 seconds to reconnect!\n|-message|shando.430 lost due to inactivity.\n|\n|win|Jeusu\n|raw|Jeusu's rating: 1291 &rarr; <strong>1318<\/strong><br \/>(+27 for winning)\n|raw|shando.430's rating: 1317 &rarr; <strong>1296<\/strong><br \/>(-21 for losing)\n","uploadtime":1700418841,"views":8,"p1id":"jeusu","p2id":"shando430","formatid":"gen9ou","rating":1296,"private":0,"password":""}