{"id":"gen9ou-1994389251","p1":"Ihatekingambit12","p2":"galaxyxxivory","format":"[Gen 9] OU","log":"|j|\u2606Ihatekingambit12\n|j|\u2606galaxyxxivory\n|t:|1700438322\n|gametype|singles\n|player|p1|Ihatekingambit12|101|1155\n|player|p2|galaxyxxivory|acetrainerf-gen4dp|1230\n|teamsize|p1|6\n|teamsize|p2|6\n|gen|9\n|tier|[Gen 9] OU\n|rated|\n|rule|Sleep Clause Mod: Limit one foe put to sleep\n|rule|Species Clause: Limit one of each Pok\u00e9mon\n|rule|OHKO Clause: OHKO moves are banned\n|rule|Evasion Items Clause: Evasion items are banned\n|rule|Evasion Moves Clause: Evasion moves are banned\n|rule|Endless Battle Clause: Forcing endless battles is banned\n|rule|HP Percentage Mod: HP is shown in percentages\n|clearpoke\n|poke|p1|Weavile, M|\n|poke|p1|Salamence, F|\n|poke|p1|Glimmora, M|\n|poke|p1|Great Tusk|\n|poke|p1|Clefable, F|\n|poke|p1|Meowscarada, M|\n|poke|p2|Garganacl, M|\n|poke|p2|Milotic, M|\n|poke|p2|Dondozo, F|\n|poke|p2|Samurott-Hisui, M|\n|poke|p2|Glimmora, M|\n|poke|p2|Thundurus-Therian, M|\n|teampreview\n|inactive|Battle timer is ON: inactive players will automatically lose when time's up. (requested by galaxyxxivory)\n|\n|t:|1700438340\n|start\n|switch|p1a: Meowscarada|Meowscarada, M|100\/100\n|switch|p2a: Glimmora|Glimmora, M|100\/100\n|turn|1\n|\n|t:|1700438345\n|move|p1a: Meowscarada|Taunt|p2a: Glimmora\n|-start|p2a: Glimmora|move: Taunt\n|move|p2a: Glimmora|Earth Power|p1a: Meowscarada\n|-resisted|p1a: Meowscarada\n|-damage|p1a: Meowscarada|78\/100\n|-enditem|p1a: Meowscarada|Red Card|[of] p2a: Glimmora\n|drag|p2a: Samurott|Samurott-Hisui, M|100\/100\n|\n|upkeep\n|turn|2\n|\n|t:|1700438353\n|move|p1a: Meowscarada|U-turn|p2a: Samurott\n|-supereffective|p2a: Samurott\n|-crit|p2a: Samurott\n|-damage|p2a: Samurott|39\/100\n|\n|t:|1700438355\n|switch|p1a: Glimmora|Glimmora, M|100\/100|[from] U-turn\n|move|p2a: Samurott|Ceaseless Edge|p1a: Glimmora\n|-damage|p1a: Glimmora|70\/100\n|-damage|p2a: Samurott|22\/100|[from] item: Rocky Helmet|[of] p1a: Glimmora\n|-activate|p1a: Glimmora|ability: Toxic Debris\n|-sidestart|p2: galaxyxxivory|move: Toxic Spikes\n|-sidestart|p1: Ihatekingambit12|Spikes\n|\n|-heal|p2a: Samurott|29\/100|[from] item: Leftovers\n|upkeep\n|turn|3\n|\n|t:|1700438362\n|move|p1a: Glimmora|Sludge Bomb|p2a: Samurott\n|-damage|p2a: Samurott|0 fnt\n|faint|p2a: Samurott\n|\n|upkeep\n|\n|t:|1700438365\n|switch|p2a: Glimmora|Glimmora, M|100\/100\n|-sideend|p2: galaxyxxivory|move: Toxic Spikes|[of] p2a: Glimmora\n|turn|4\n|\n|t:|1700438380\n|move|p1a: Glimmora|Earth Power|p2a: Glimmora\n|-supereffective|p2a: Glimmora\n|-enditem|p2a: Glimmora|Focus Sash\n|-damage|p2a: Glimmora|1\/100\n|move|p2a: Glimmora|Earth Power|p1a: Glimmora\n|-supereffective|p1a: Glimmora\n|-damage|p1a: Glimmora|0 fnt\n|faint|p1a: Glimmora\n|\n|upkeep\n|\n|t:|1700438391\n|switch|p1a: Great Tusk|Great Tusk|100\/100\n|-damage|p1a: Great Tusk|88\/100|[from] Spikes\n|turn|5\n|\n|t:|1700438400\n|switch|p2a: Milotic|Milotic, M|100\/100\n|move|p1a: Great Tusk|Rapid Spin|p2a: Milotic\n|-damage|p2a: Milotic|82\/100\n|-boost|p1a: Great Tusk|spe|1\n|-sideend|p1: Ihatekingambit12|Spikes|[from] move: Rapid Spin|[of] p1a: Great Tusk\n|\n|-heal|p1a: Great Tusk|94\/100|[from] item: Leftovers\n|upkeep\n|turn|6\n|\n|t:|1700438405\n|move|p1a: Great Tusk|Knock Off|p2a: Milotic\n|-crit|p2a: Milotic\n|-damage|p2a: Milotic|20\/100\n|-enditem|p2a: Milotic|Heavy-Duty Boots|[from] move: Knock Off|[of] p1a: Great Tusk\n|move|p2a: Milotic|Scald|p1a: Great Tusk\n|-supereffective|p1a: Great Tusk\n|-damage|p1a: Great Tusk|27\/100\n|-status|p1a: Great Tusk|brn\n|\n|-heal|p1a: Great Tusk|34\/100 brn|[from] item: Leftovers\n|-damage|p1a: Great Tusk|27\/100 brn|[from] brn\n|upkeep\n|turn|7\n|\n|t:|1700438412\n|move|p1a: Great Tusk|Headlong Rush|p2a: Milotic\n|-damage|p2a: Milotic|0 fnt\n|-unboost|p1a: Great Tusk|def|1\n|-unboost|p1a: Great Tusk|spd|1\n|faint|p2a: Milotic\n|\n|-heal|p1a: Great Tusk|34\/100 brn|[from] item: Leftovers\n|-damage|p1a: Great Tusk|27\/100 brn|[from] brn\n|upkeep\n|\n|t:|1700438426\n|switch|p2a: Garganacl|Garganacl, M|100\/100\n|turn|8\n|\n|t:|1700438436\n|-terastallize|p2a: Garganacl|Grass\n|move|p1a: Great Tusk|Knock Off|p2a: Garganacl\n|-damage|p2a: Garganacl|88\/100\n|-enditem|p2a: Garganacl|Covert Cloak|[from] move: Knock Off|[of] p1a: Great Tusk\n|move|p2a: Garganacl|Iron Defense|p2a: Garganacl\n|-boost|p2a: Garganacl|def|2\n|\n|-heal|p1a: Great Tusk|34\/100 brn|[from] item: Leftovers\n|-damage|p1a: Great Tusk|27\/100 brn|[from] brn\n|upkeep\n|turn|9\n|\n|t:|1700438446\n|move|p1a: Great Tusk|Ice Spinner|p2a: Garganacl\n|-supereffective|p2a: Garganacl\n|-damage|p2a: Garganacl|77\/100\n|move|p2a: Garganacl|Iron Defense|p2a: Garganacl\n|-boost|p2a: Garganacl|def|2\n|\n|-heal|p1a: Great Tusk|34\/100 brn|[from] item: Leftovers\n|-damage|p1a: Great Tusk|27\/100 brn|[from] brn\n|upkeep\n|turn|10\n|\n|t:|1700438449\n|move|p1a: Great Tusk|Ice Spinner|p2a: Garganacl\n|-supereffective|p2a: Garganacl\n|-damage|p2a: Garganacl|70\/100\n|move|p2a: Garganacl|Iron Defense|p2a: Garganacl\n|-boost|p2a: Garganacl|def|2\n|\n|-heal|p1a: Great Tusk|34\/100 brn|[from] item: Leftovers\n|-damage|p1a: Great Tusk|27\/100 brn|[from] brn\n|upkeep\n|turn|11\n|\n|t:|1700438452\n|move|p1a: Great Tusk|Ice Spinner|p2a: Garganacl\n|-supereffective|p2a: Garganacl\n|-damage|p2a: Garganacl|65\/100\n|move|p2a: Garganacl|Recover|p2a: Garganacl\n|-heal|p2a: Garganacl|100\/100\n|\n|-heal|p1a: Great Tusk|34\/100 brn|[from] item: Leftovers\n|-damage|p1a: Great Tusk|27\/100 brn|[from] brn\n|upkeep\n|turn|12\n|\n|t:|1700438453\n|move|p1a: Great Tusk|Ice Spinner|p2a: Garganacl\n|-supereffective|p2a: Garganacl\n|-damage|p2a: Garganacl|96\/100\n|move|p2a: Garganacl|Salt Cure|p1a: Great Tusk\n|-resisted|p1a: Great Tusk\n|-damage|p1a: Great Tusk|24\/100 brn\n|-start|p1a: Great Tusk|Salt Cure\n|\n|-heal|p1a: Great Tusk|31\/100 brn|[from] item: Leftovers\n|-damage|p1a: Great Tusk|24\/100 brn|[from] brn\n|-damage|p1a: Great Tusk|12\/100 brn|[from] Salt Cure\n|upkeep\n|turn|13\n|\n|t:|1700438460\n|move|p1a: Great Tusk|Ice Spinner|p2a: Garganacl\n|-supereffective|p2a: Garganacl\n|-damage|p2a: Garganacl|91\/100\n|move|p2a: Garganacl|Iron Defense|p2a: Garganacl\n|-boost|p2a: Garganacl|def|0\n|\n|-heal|p1a: Great Tusk|18\/100 brn|[from] item: Leftovers\n|-damage|p1a: Great Tusk|12\/100 brn|[from] brn\n|-damage|p1a: Great Tusk|0 fnt|[from] Salt Cure\n|faint|p1a: Great Tusk\n|-end|p1a: Great Tusk|Protosynthesis|[silent]\n|upkeep\n|\n|t:|1700438465\n|switch|p1a: Clefable|Clefable, F|100\/100\n|turn|14\n|\n|t:|1700438469\n|-terastallize|p1a: Clefable|Ghost\n|move|p1a: Clefable|Fire Blast|p2a: Garganacl\n|-supereffective|p2a: Garganacl\n|-damage|p2a: Garganacl|49\/100\n|move|p2a: Garganacl|Body Press|p1a: Clefable\n|-immune|p1a: Clefable\n|\n|upkeep\n|turn|15\n|\n|t:|1700438476\n|move|p1a: Clefable|Moonblast|p2a: Garganacl\n|-damage|p2a: Garganacl|23\/100\n|-unboost|p2a: Garganacl|spa|1\n|move|p2a: Garganacl|Recover|p2a: Garganacl\n|-heal|p2a: Garganacl|73\/100\n|\n|upkeep\n|turn|16\n|\n|t:|1700438482\n|move|p1a: Clefable|Fire Blast|p2a: Garganacl\n|-supereffective|p2a: Garganacl\n|-damage|p2a: Garganacl|33\/100\n|move|p2a: Garganacl|Salt Cure|p1a: Clefable\n|-damage|p1a: Clefable|87\/100\n|-start|p1a: Clefable|Salt Cure\n|\n|upkeep\n|turn|17\n|\n|t:|1700438492\n|switch|p2a: Thundurus|Thundurus-Therian, M|100\/100\n|move|p1a: Clefable|Chilling Water|p2a: Thundurus\n|-damage|p2a: Thundurus|80\/100\n|-unboost|p2a: Thundurus|atk|1\n|\n|upkeep\n|turn|18\n|\n|t:|1700438496\n|switch|p1a: Meowscarada|Meowscarada, M|78\/100\n|move|p2a: Thundurus|Thunderbolt|p1a: Meowscarada\n|-resisted|p1a: Meowscarada\n|-damage|p1a: Meowscarada|38\/100\n|\n|upkeep\n|turn|19\n|\n|t:|1700438499\n|switch|p2a: Glimmora|Glimmora, M|1\/100\n|move|p1a: Meowscarada|Knock Off|p2a: Glimmora\n|-damage|p2a: Glimmora|0 fnt\n|-activate|p2a: Glimmora|ability: Toxic Debris\n|-sidestart|p1: Ihatekingambit12|move: Toxic Spikes\n|faint|p2a: Glimmora\n|\n|upkeep\n|\n|t:|1700438503\n|switch|p2a: Garganacl|Garganacl, M, tera:Grass|33\/100\n|turn|20\n|\n|t:|1700438508\n|move|p1a: Meowscarada|Taunt|p2a: Garganacl\n|-start|p2a: Garganacl|move: Taunt\n|cant|p2a: Garganacl|move: Taunt|Recover\n|\n|upkeep\n|turn|21\n|\n|t:|1700438511\n|switch|p2a: Thundurus|Thundurus-Therian, M|80\/100\n|move|p1a: Meowscarada|U-turn|p2a: Thundurus\n|-resisted|p2a: Thundurus\n|-damage|p2a: Thundurus|62\/100\n|\n|t:|1700438513\n|switch|p1a: Salamence|Salamence, F|100\/100|[from] U-turn\n|\n|upkeep\n|turn|22\n|\n|t:|1700438516\n|switch|p2a: Dondozo|Dondozo, F|100\/100\n|move|p1a: Salamence|Outrage|p2a: Dondozo\n|-damage|p2a: Dondozo|73\/100\n|\n|-heal|p2a: Dondozo|79\/100|[from] item: Leftovers\n|upkeep\n|turn|23\n|\n|t:|1700438523\n|move|p1a: Salamence|Outrage|p2a: Dondozo|[from]lockedmove\n|-damage|p2a: Dondozo|50\/100\n|-start|p1a: Salamence|confusion|[fatigue]\n|move|p2a: Dondozo|Curse|p2a: Dondozo\n|-unboost|p2a: Dondozo|spe|1\n|-boost|p2a: Dondozo|atk|1\n|-boost|p2a: Dondozo|def|1\n|\n|-heal|p2a: Dondozo|56\/100|[from] item: Leftovers\n|upkeep\n|turn|24\n|\n|t:|1700438527\n|switch|p1a: Meowscarada|Meowscarada, M|38\/100\n|-status|p1a: Meowscarada|psn\n|move|p2a: Dondozo|Liquidation|p1a: Meowscarada\n|-resisted|p1a: Meowscarada\n|-damage|p1a: Meowscarada|6\/100 psn\n|\n|-heal|p2a: Dondozo|62\/100|[from] item: Leftovers\n|-damage|p1a: Meowscarada|0 fnt|[from] psn\n|faint|p1a: Meowscarada\n|upkeep\n|\n|t:|1700438531\n|switch|p1a: Clefable|Clefable, F, tera:Ghost|87\/100\n|-status|p1a: Clefable|psn\n|turn|25\n|\n|t:|1700438537\n|switch|p2a: Garganacl|Garganacl, M, tera:Grass|33\/100\n|move|p1a: Clefable|Chilling Water|p2a: Garganacl\n|-resisted|p2a: Garganacl\n|-damage|p2a: Garganacl|29\/100\n|-unboost|p2a: Garganacl|atk|1\n|\n|upkeep\n|turn|26\n|\n|t:|1700438540\n|move|p1a: Clefable|Moonblast|p2a: Garganacl\n|-damage|p2a: Garganacl|0 fnt\n|faint|p2a: Garganacl\n|\n|upkeep\n|\n|t:|1700438551\n|switch|p2a: Thundurus|Thundurus-Therian, M|62\/100\n|turn|27\n|\n|t:|1700438558\n|switch|p1a: Salamence|Salamence, F|100\/100\n|move|p2a: Thundurus|Thunderbolt|p1a: Salamence\n|-crit|p1a: Salamence\n|-damage|p1a: Salamence|0 fnt\n|faint|p1a: Salamence\n|\n|upkeep\n|\n|t:|1700438560\n|switch|p1a: Weavile|Weavile, M|100\/100\n|-ability|p1a: Weavile|Pressure\n|turn|28\n|\n|t:|1700438565\n|switch|p2a: Dondozo|Dondozo, F|62\/100\n|move|p1a: Weavile|Ice Spinner|p2a: Dondozo\n|-resisted|p2a: Dondozo\n|-damage|p2a: Dondozo|53\/100\n|\n|-heal|p2a: Dondozo|59\/100|[from] item: Leftovers\n|upkeep\n|turn|29\n|\n|t:|1700438568\n|move|p1a: Weavile|Knock Off|p2a: Dondozo\n|-damage|p2a: Dondozo|38\/100\n|-enditem|p2a: Dondozo|Leftovers|[from] move: Knock Off|[of] p1a: Weavile\n|move|p2a: Dondozo|Curse|p2a: Dondozo\n|-unboost|p2a: Dondozo|spe|1\n|-boost|p2a: Dondozo|atk|1\n|-boost|p2a: Dondozo|def|1\n|\n|upkeep\n|turn|30\n|\n|t:|1700438572\n|switch|p1a: Clefable|Clefable, F, tera:Ghost|87\/100 psn\n|move|p2a: Dondozo|Rest|p2a: Dondozo\n|-status|p2a: Dondozo|slp|[from] move: Rest\n|-heal|p2a: Dondozo|100\/100 slp|[silent]\n|\n|upkeep\n|turn|31\n|\n|t:|1700438575\n|move|p1a: Clefable|Chilling Water|p2a: Dondozo\n|-resisted|p2a: Dondozo\n|-damage|p2a: Dondozo|93\/100 slp\n|-unboost|p2a: Dondozo|atk|1\n|cant|p2a: Dondozo|slp\n|move|p2a: Dondozo|Sleep Talk|p2a: Dondozo\n|move|p2a: Dondozo|Liquidation|p1a: Clefable|[from]move: Sleep Talk\n|-damage|p1a: Clefable|61\/100 psn\n|\n|upkeep\n|turn|32\n|\n|t:|1700438587\n|move|p1a: Clefable|Moonblast|p2a: Dondozo\n|-damage|p2a: Dondozo|53\/100 slp\n|cant|p2a: Dondozo|slp\n|move|p2a: Dondozo|Sleep Talk|p2a: Dondozo\n|move|p2a: Dondozo|Curse|p2a: Dondozo|[from]move: Sleep Talk\n|-unboost|p2a: Dondozo|spe|1\n|-boost|p2a: Dondozo|atk|1\n|-boost|p2a: Dondozo|def|1\n|\n|upkeep\n|turn|33\n|\n|t:|1700438592\n|move|p1a: Clefable|Chilling Water|p2a: Dondozo\n|-resisted|p2a: Dondozo\n|-damage|p2a: Dondozo|45\/100 slp\n|-unboost|p2a: Dondozo|atk|1\n|-curestatus|p2a: Dondozo|slp|[msg]\n|move|p2a: Dondozo|Rest|p2a: Dondozo\n|-status|p2a: Dondozo|slp|[from] move: Rest\n|-heal|p2a: Dondozo|100\/100 slp|[silent]\n|\n|upkeep\n|turn|34\n|\n|t:|1700438597\n|switch|p2a: Thundurus|Thundurus-Therian, M|62\/100\n|move|p1a: Clefable|Moonlight|p1a: Clefable\n|-heal|p1a: Clefable|100\/100 psn\n|\n|upkeep\n|turn|35\n|\n|t:|1700438601\n|move|p2a: Thundurus|Nasty Plot|p2a: Thundurus\n|-boost|p2a: Thundurus|spa|2\n|move|p1a: Clefable|Moonblast|p2a: Thundurus\n|-damage|p2a: Thundurus|4\/100\n|\n|upkeep\n|turn|36\n|\n|t:|1700438605\n|switch|p1a: Weavile|Weavile, M|100\/100\n|-ability|p1a: Weavile|Pressure\n|move|p2a: Thundurus|Thunderbolt|p1a: Weavile\n|-damage|p1a: Weavile|0 fnt\n|faint|p1a: Weavile\n|\n|upkeep\n|\n|t:|1700438606\n|switch|p1a: Clefable|Clefable, F, tera:Ghost|100\/100 psn\n|turn|37\n|\n|t:|1700438609\n|move|p2a: Thundurus|Thunderbolt|p1a: Clefable\n|-damage|p1a: Clefable|22\/100 psn\n|move|p1a: Clefable|Chilling Water|p2a: Thundurus\n|-damage|p2a: Thundurus|0 fnt\n|faint|p2a: Thundurus\n|\n|upkeep\n|\n|t:|1700438611\n|switch|p2a: Dondozo|Dondozo, F|100\/100 slp\n|turn|38\n|\n|t:|1700438615\n|move|p1a: Clefable|Moonlight|p1a: Clefable\n|-heal|p1a: Clefable|72\/100 psn\n|cant|p2a: Dondozo|slp\n|move|p2a: Dondozo|Sleep Talk|p2a: Dondozo\n|move|p2a: Dondozo|Rest||[from]move: Sleep Talk|[still]\n|-fail|p2a: Dondozo\n|\n|upkeep\n|turn|39\n|\n|t:|1700438618\n|move|p1a: Clefable|Chilling Water|p2a: Dondozo\n|-resisted|p2a: Dondozo\n|-damage|p2a: Dondozo|94\/100 slp\n|-unboost|p2a: Dondozo|atk|1\n|cant|p2a: Dondozo|slp\n|move|p2a: Dondozo|Sleep Talk|p2a: Dondozo\n|move|p2a: Dondozo|Rest||[from]move: Sleep Talk|[still]\n|-fail|p2a: Dondozo\n|\n|upkeep\n|turn|40\n|\n|t:|1700438620\n|move|p1a: Clefable|Chilling Water|p2a: Dondozo\n|-resisted|p2a: Dondozo\n|-damage|p2a: Dondozo|87\/100 slp\n|-unboost|p2a: Dondozo|atk|1\n|-curestatus|p2a: Dondozo|slp|[msg]\n|move|p2a: Dondozo|Curse|p2a: Dondozo\n|-unboost|p2a: Dondozo|spe|1\n|-boost|p2a: Dondozo|atk|1\n|-boost|p2a: Dondozo|def|1\n|\n|upkeep\n|turn|41\n|\n|t:|1700438623\n|move|p1a: Clefable|Chilling Water|p2a: Dondozo\n|-resisted|p2a: Dondozo\n|-damage|p2a: Dondozo|79\/100\n|-unboost|p2a: Dondozo|atk|1\n|move|p2a: Dondozo|Curse|p2a: Dondozo\n|-unboost|p2a: Dondozo|spe|1\n|-boost|p2a: Dondozo|atk|1\n|-boost|p2a: Dondozo|def|1\n|\n|upkeep\n|turn|42\n|\n|t:|1700438627\n|move|p1a: Clefable|Chilling Water|p2a: Dondozo\n|-resisted|p2a: Dondozo\n|-damage|p2a: Dondozo|73\/100\n|-unboost|p2a: Dondozo|atk|1\n|move|p2a: Dondozo|Curse|p2a: Dondozo\n|-unboost|p2a: Dondozo|spe|1\n|-boost|p2a: Dondozo|atk|1\n|-boost|p2a: Dondozo|def|1\n|\n|upkeep\n|turn|43\n|\n|t:|1700438629\n|move|p1a: Clefable|Chilling Water|p2a: Dondozo\n|-resisted|p2a: Dondozo\n|-damage|p2a: Dondozo|66\/100\n|-unboost|p2a: Dondozo|atk|1\n|move|p2a: Dondozo|Curse|p2a: Dondozo\n|-unboost|p2a: Dondozo|spe|1\n|-boost|p2a: Dondozo|atk|1\n|-boost|p2a: Dondozo|def|1\n|\n|upkeep\n|turn|44\n|\n|t:|1700438631\n|move|p1a: Clefable|Chilling Water|p2a: Dondozo\n|-resisted|p2a: Dondozo\n|-damage|p2a: Dondozo|58\/100\n|-unboost|p2a: Dondozo|atk|1\n|move|p2a: Dondozo|Curse|p2a: Dondozo\n|-unboost|p2a: Dondozo|spe|1\n|-boost|p2a: Dondozo|atk|1\n|-boost|p2a: Dondozo|def|1\n|\n|upkeep\n|turn|45\n|\n|t:|1700438635\n|move|p1a: Clefable|Moonblast|p2a: Dondozo\n|-damage|p2a: Dondozo|19\/100\n|move|p2a: Dondozo|Rest|p2a: Dondozo\n|-status|p2a: Dondozo|slp|[from] move: Rest\n|-heal|p2a: Dondozo|100\/100 slp|[silent]\n|\n|upkeep\n|turn|46\n|\n|t:|1700438637\n|move|p1a: Clefable|Chilling Water|p2a: Dondozo\n|-resisted|p2a: Dondozo\n|-damage|p2a: Dondozo|94\/100 slp\n|-unboost|p2a: Dondozo|atk|1\n|cant|p2a: Dondozo|slp\n|move|p2a: Dondozo|Sleep Talk|p2a: Dondozo\n|move|p2a: Dondozo|Rest||[from]move: Sleep Talk|[still]\n|-fail|p2a: Dondozo\n|\n|upkeep\n|turn|47\n|\n|t:|1700438639\n|move|p1a: Clefable|Chilling Water|p2a: Dondozo\n|-resisted|p2a: Dondozo\n|-damage|p2a: Dondozo|87\/100 slp\n|-unboost|p2a: Dondozo|atk|1\n|cant|p2a: Dondozo|slp\n|move|p2a: Dondozo|Sleep Talk|p2a: Dondozo\n|move|p2a: Dondozo|Rest||[from]move: Sleep Talk|[still]\n|-fail|p2a: Dondozo\n|\n|upkeep\n|turn|48\n|-message|galaxyxxivory forfeited.\n|\n|win|Ihatekingambit12\n|raw|Ihatekingambit12's rating: 1155 &rarr; <strong>1185<\/strong><br \/>(+30 for winning)\n|raw|galaxyxxivory's rating: 1230 &rarr; <strong>1200<\/strong><br \/>(-30 for losing)\n|l|\u2606galaxyxxivory\n","uploadtime":1700438650,"views":8,"p1id":"ihatekingambit12","p2id":"galaxyxxivory","formatid":"gen9ou","rating":1185,"private":0,"password":""}