{"id":"gen9ou-1992892536","p1":"Phrensoph","p2":"bobishca321","format":"[Gen 9] OU","log":"|j|\u2606Phrensoph\n|j|\u2606bobishca321\n|t:|1700244485\n|gametype|singles\n|player|p1|Phrensoph|harlequin|1113\n|player|p2|bobishca321|102|1169\n|teamsize|p1|6\n|teamsize|p2|6\n|gen|9\n|tier|[Gen 9] OU\n|rated|\n|rule|Sleep Clause Mod: Limit one foe put to sleep\n|rule|Species Clause: Limit one of each Pok\u00e9mon\n|rule|OHKO Clause: OHKO moves are banned\n|rule|Evasion Items Clause: Evasion items are banned\n|rule|Evasion Moves Clause: Evasion moves are banned\n|rule|Endless Battle Clause: Forcing endless battles is banned\n|rule|HP Percentage Mod: HP is shown in percentages\n|clearpoke\n|poke|p1|Great Tusk|\n|poke|p1|Meowscarada, M|\n|poke|p1|Basculegion, M|\n|poke|p1|Garchomp, F|\n|poke|p1|Pelipper, M|\n|poke|p1|Heatran, F|\n|poke|p2|Ting-Lu|\n|poke|p2|Landorus-Therian, M|\n|poke|p2|Samurott-Hisui, F|\n|poke|p2|Iron Valiant|\n|poke|p2|Weezing-Galar, M|\n|poke|p2|Dragapult, F|\n|teampreview\n|\n|t:|1700244490\n|start\n|switch|p1a: Meowscarada|Meowscarada, M|100\/100\n|switch|p2a: Dragapult|Dragapult, F|100\/100\n|turn|1\n|\n|t:|1700244502\n|move|p2a: Dragapult|U-turn|p1a: Meowscarada\n|-supereffective|p1a: Meowscarada\n|-enditem|p1a: Meowscarada|Focus Sash\n|-damage|p1a: Meowscarada|1\/100\n|\n|t:|1700244506\n|switch|p2a: Landorus|Landorus-Therian, M, shiny|100\/100|[from] U-turn\n|-ability|p2a: Landorus|Intimidate|boost\n|-unboost|p1a: Meowscarada|atk|1\n|move|p1a: Meowscarada|Spikes|p2a: Landorus\n|-sidestart|p2: bobishca321|Spikes\n|\n|upkeep\n|turn|2\n|\n|t:|1700244516\n|move|p1a: Meowscarada|Spikes|p2a: Landorus\n|-sidestart|p2: bobishca321|Spikes\n|move|p2a: Landorus|Stealth Rock|p1a: Meowscarada\n|-sidestart|p1: Phrensoph|move: Stealth Rock\n|\n|upkeep\n|turn|3\n|\n|t:|1700244524\n|move|p1a: Meowscarada|Knock Off|p2a: Landorus\n|-damage|p2a: Landorus|85\/100\n|-damage|p1a: Meowscarada|0 fnt|[from] item: Rocky Helmet|[of] p2a: Landorus\n|faint|p1a: Meowscarada\n|move|p2a: Landorus|U-turn|p1: Meowscarada|[notarget]\n|-fail|p2a: Landorus\n|\n|upkeep\n|\n|t:|1700244540\n|switch|p1a: Pelipper|Pelipper, M|100\/100\n|-damage|p1a: Pelipper|76\/100|[from] Stealth Rock\n|-weather|RainDance|[from] ability: Drizzle|[of] p1a: Pelipper\n|turn|4\n|\n|t:|1700244551\n|switch|p2a: Weezing|Weezing-Galar, M|100\/100\n|-ability|p2a: Weezing|Neutralizing Gas\n|-damage|p2a: Weezing|84\/100|[from] Spikes\n|move|p1a: Pelipper|Surf|p2a: Weezing\n|-damage|p2a: Weezing|45\/100\n|\n|-weather|RainDance|[upkeep]\n|-heal|p2a: Weezing|51\/100|[from] item: Leftovers\n|upkeep\n|turn|5\n|\n|t:|1700244566\n|move|p2a: Weezing|Pain Split|p1a: Pelipper\n|-sethp|p1a: Pelipper|64\/100|[from] move: Pain Split|[silent]\n|-sethp|p2a: Weezing|62\/100|[from] move: Pain Split\n|move|p1a: Pelipper|U-turn|p2a: Weezing\n|-resisted|p2a: Weezing\n|-damage|p2a: Weezing|60\/100\n|\n|t:|1700244588\n|switch|p1a: Great Tusk|Great Tusk|100\/100|[from] U-turn\n|\n|-weather|RainDance|[upkeep]\n|-heal|p2a: Weezing|66\/100|[from] item: Leftovers\n|upkeep\n|turn|6\n|\n|t:|1700244594\n|move|p1a: Great Tusk|Headlong Rush|p2a: Weezing\n|-supereffective|p2a: Weezing\n|-crit|p2a: Weezing\n|-damage|p2a: Weezing|0 fnt\n|-unboost|p1a: Great Tusk|def|1\n|-unboost|p1a: Great Tusk|spd|1\n|faint|p2a: Weezing\n|-end|p2a: Weezing|ability: Neutralizing Gas\n|\n|-weather|RainDance|[upkeep]\n|upkeep\n|\n|t:|1700244599\n|switch|p2a: Iron Valiant|Iron Valiant|100\/100\n|-damage|p2a: Iron Valiant|84\/100|[from] Spikes\n|-enditem|p2a: Iron Valiant|Booster Energy\n|-activate|p2a: Iron Valiant|ability: Quark Drive|[fromitem]\n|-start|p2a: Iron Valiant|quarkdrivespe\n|turn|7\n|\n|t:|1700244608\n|move|p2a: Iron Valiant|Calm Mind|p2a: Iron Valiant\n|-boost|p2a: Iron Valiant|spa|1\n|-boost|p2a: Iron Valiant|spd|1\n|move|p1a: Great Tusk|Rapid Spin|p2a: Iron Valiant\n|-damage|p2a: Iron Valiant|62\/100\n|-boost|p1a: Great Tusk|spe|1\n|-sideend|p1: Phrensoph|Stealth Rock|[from] move: Rapid Spin|[of] p1a: Great Tusk\n|\n|-weather|RainDance|[upkeep]\n|upkeep\n|turn|8\n|\n|t:|1700244622\n|move|p2a: Iron Valiant|Moonblast|p1a: Great Tusk\n|-supereffective|p1a: Great Tusk\n|-damage|p1a: Great Tusk|0 fnt\n|faint|p1a: Great Tusk\n|-end|p1a: Great Tusk|Protosynthesis|[silent]\n|\n|-weather|RainDance|[upkeep]\n|upkeep\n|\n|t:|1700244628\n|switch|p1a: Basculegion|Basculegion, M|100\/100\n|turn|9\n|\n|t:|1700244636\n|move|p2a: Iron Valiant|Moonblast|p1a: Basculegion\n|-damage|p1a: Basculegion|17\/100\n|-unboost|p1a: Basculegion|spa|1\n|move|p1a: Basculegion|Wave Crash|p2a: Iron Valiant\n|-damage|p2a: Iron Valiant|0 fnt\n|faint|p2a: Iron Valiant\n|-end|p2a: Iron Valiant|Quark Drive|[silent]\n|-damage|p1a: Basculegion|2\/100|[from] Recoil\n|\n|-weather|RainDance|[upkeep]\n|upkeep\n|\n|t:|1700244642\n|switch|p2a: Landorus|Landorus-Therian, M, shiny|85\/100\n|-ability|p2a: Landorus|Intimidate|boost\n|-unboost|p1a: Basculegion|atk|1\n|turn|10\n|\n|t:|1700244652\n|switch|p2a: Dragapult|Dragapult, F|100\/100\n|-damage|p2a: Dragapult|84\/100|[from] Spikes\n|move|p1a: Basculegion|Wave Crash|p2a: Dragapult\n|-resisted|p2a: Dragapult\n|-damage|p2a: Dragapult|18\/100\n|-damage|p1a: Basculegion|0 fnt|[from] Recoil\n|faint|p1a: Basculegion\n|\n|-weather|RainDance|[upkeep]\n|upkeep\n|\n|t:|1700244674\n|switch|p1a: Heatran|Heatran, F|100\/100\n|turn|11\n|\n|t:|1700244683\n|switch|p2a: Ting-Lu|Ting-Lu|100\/100\n|-damage|p2a: Ting-Lu|84\/100|[from] Spikes\n|-ability|p2a: Ting-Lu|Vessel of Ruin\n|move|p1a: Heatran|Earth Power|p2a: Ting-Lu\n|-damage|p2a: Ting-Lu|74\/100\n|\n|-weather|none\n|-heal|p2a: Ting-Lu|80\/100|[from] item: Leftovers\n|upkeep\n|turn|12\n|\n|t:|1700244697\n|-terastallize|p1a: Heatran|Grass\n|move|p1a: Heatran|Magma Storm|p2a: Ting-Lu\n|-damage|p2a: Ting-Lu|62\/100\n|-activate|p2a: Ting-Lu|move: Magma Storm|[of] p1a: Heatran\n|move|p2a: Ting-Lu|Earthquake|p1a: Heatran\n|-resisted|p1a: Heatran\n|-damage|p1a: Heatran|85\/100\n|\n|-heal|p1a: Heatran|91\/100|[from] item: Leftovers\n|-heal|p2a: Ting-Lu|68\/100|[from] item: Leftovers\n|-damage|p2a: Ting-Lu|55\/100|[from] move: Magma Storm|[partiallytrapped]\n|upkeep\n|turn|13\n|\n|t:|1700244707\n|move|p1a: Heatran|Stealth Rock|p2a: Ting-Lu\n|-sidestart|p2: bobishca321|move: Stealth Rock\n|move|p2a: Ting-Lu|Spikes|p1a: Heatran\n|-sidestart|p1: Phrensoph|Spikes\n|\n|-heal|p1a: Heatran|97\/100|[from] item: Leftovers\n|-heal|p2a: Ting-Lu|62\/100|[from] item: Leftovers\n|-damage|p2a: Ting-Lu|49\/100|[from] move: Magma Storm|[partiallytrapped]\n|upkeep\n|turn|14\n|\n|t:|1700244715\n|move|p1a: Heatran|Taunt|p2a: Ting-Lu\n|-start|p2a: Ting-Lu|move: Taunt\n|cant|p2a: Ting-Lu|move: Taunt|Spikes\n|\n|-heal|p1a: Heatran|100\/100|[from] item: Leftovers\n|-heal|p2a: Ting-Lu|55\/100|[from] item: Leftovers\n|-damage|p2a: Ting-Lu|43\/100|[from] move: Magma Storm|[partiallytrapped]\n|upkeep\n|turn|15\n|\n|t:|1700244722\n|move|p1a: Heatran|Magma Storm|p2a: Ting-Lu\n|-damage|p2a: Ting-Lu|25\/100\n|move|p2a: Ting-Lu|Ruination|p1a: Heatran\n|-damage|p1a: Heatran|50\/100\n|\n|-heal|p1a: Heatran|57\/100|[from] item: Leftovers\n|-heal|p2a: Ting-Lu|31\/100|[from] item: Leftovers\n|-damage|p2a: Ting-Lu|18\/100|[from] move: Magma Storm|[partiallytrapped]\n|upkeep\n|turn|16\n|\n|t:|1700244742\n|move|p1a: Heatran|Magma Storm|p2a: Ting-Lu\n|-damage|p2a: Ting-Lu|0 fnt\n|faint|p2a: Ting-Lu\n|\n|-heal|p1a: Heatran|63\/100|[from] item: Leftovers\n|upkeep\n|\n|t:|1700244746\n|switch|p2a: Landorus|Landorus-Therian, M, shiny|85\/100\n|-damage|p2a: Landorus|72\/100|[from] Stealth Rock\n|-ability|p2a: Landorus|Intimidate|boost\n|-unboost|p1a: Heatran|atk|1\n|turn|17\n|\n|t:|1700244754\n|move|p2a: Landorus|U-turn|p1a: Heatran\n|-supereffective|p1a: Heatran\n|-damage|p1a: Heatran|27\/100\n|\n|t:|1700244758\n|switch|p2a: Samurott|Samurott-Hisui, F|100\/100|[from] U-turn\n|-damage|p2a: Samurott|84\/100|[from] Spikes\n|-damage|p2a: Samurott|72\/100|[from] Stealth Rock\n|move|p1a: Heatran|Magma Storm|p2a: Samurott\n|-resisted|p2a: Samurott\n|-damage|p2a: Samurott|38\/100\n|-activate|p2a: Samurott|move: Magma Storm|[of] p1a: Heatran\n|\n|-heal|p1a: Heatran|33\/100|[from] item: Leftovers\n|-damage|p2a: Samurott|25\/100|[from] move: Magma Storm|[partiallytrapped]\n|upkeep\n|turn|18\n|\n|t:|1700244771\n|move|p2a: Samurott|Ceaseless Edge|p1a: Heatran\n|-damage|p1a: Heatran|0 fnt\n|-sidestart|p1: Phrensoph|Spikes\n|faint|p1a: Heatran\n|\n|-end|p2a: Samurott|Magma Storm|[partiallytrapped]|[silent]\n|upkeep\n|\n|t:|1700244786\n|switch|p1a: Pelipper|Pelipper, M|64\/100\n|-weather|RainDance|[from] ability: Drizzle|[of] p1a: Pelipper\n|turn|19\n|\n|t:|1700244796\n|switch|p1a: Garchomp|Garchomp, F|100\/100\n|-damage|p1a: Garchomp|84\/100|[from] Spikes\n|move|p2a: Samurott|Ceaseless Edge|p1a: Garchomp\n|-damage|p1a: Garchomp|39\/100\n|-damage|p2a: Samurott|13\/100|[from] ability: Rough Skin|[of] p1a: Garchomp\n|-sidestart|p1: Phrensoph|Spikes\n|\n|-weather|RainDance|[upkeep]\n|upkeep\n|turn|20\n|\n|t:|1700244807\n|move|p2a: Samurott|Aqua Jet|p1a: Garchomp\n|-damage|p1a: Garchomp|13\/100\n|-damage|p2a: Samurott|0 fnt|[from] ability: Rough Skin|[of] p1a: Garchomp\n|faint|p2a: Samurott\n|move|p1a: Garchomp|Draco Meteor|p2: Samurott|[notarget]\n|-fail|p1a: Garchomp\n|\n|-weather|RainDance|[upkeep]\n|upkeep\n|\n|t:|1700244814\n|switch|p2a: Landorus|Landorus-Therian, M, shiny|72\/100\n|-damage|p2a: Landorus|60\/100|[from] Stealth Rock\n|-ability|p2a: Landorus|Intimidate|boost\n|-unboost|p1a: Garchomp|atk|1\n|turn|21\n|\n|t:|1700244819\n|move|p1a: Garchomp|Draco Meteor|p2a: Landorus\n|-damage|p2a: Landorus|0 fnt\n|-unboost|p1a: Garchomp|spa|2\n|faint|p2a: Landorus\n|-damage|p1a: Garchomp|3\/100|[from] item: Life Orb\n|\n|-weather|RainDance|[upkeep]\n|upkeep\n|\n|t:|1700244822\n|switch|p2a: Dragapult|Dragapult, F|18\/100\n|-damage|p2a: Dragapult|1\/100|[from] Spikes\n|-damage|p2a: Dragapult|0 fnt|[from] Stealth Rock\n|faint|p2a: Dragapult\n|\n|win|Phrensoph\n|raw|Phrensoph's rating: 1113 &rarr; <strong>1142<\/strong><br \/>(+29 for winning)\n|raw|bobishca321's rating: 1169 &rarr; <strong>1140<\/strong><br \/>(-29 for losing)\n|l|\u2606bobishca321\n|c|\u2606Phrensoph|gg\n","uploadtime":1700244839,"views":11,"p1id":"phrensoph","p2id":"bobishca321","formatid":"gen9ou","rating":1140,"private":0,"password":""}