{"id":"gen9ou-1990029678","p1":"Eucalipto69!","p2":"Auburn Hills","format":"[Gen 9] OU","log":"|j|\u2606Eucalipto69!\n|j|\u2606Auburn Hills\n|t:|1699917034\n|gametype|singles\n|player|p1|Eucalipto69!|alder|1649\n|player|p2|Auburn Hills|alder|1664\n|teamsize|p1|6\n|teamsize|p2|6\n|gen|9\n|tier|[Gen 9] OU\n|rated|\n|rule|Sleep Clause Mod: Limit one foe put to sleep\n|rule|Species Clause: Limit one of each Pok\u00e9mon\n|rule|OHKO Clause: OHKO moves are banned\n|rule|Evasion Items Clause: Evasion items are banned\n|rule|Evasion Moves Clause: Evasion moves are banned\n|rule|Endless Battle Clause: Forcing endless battles is banned\n|rule|HP Percentage Mod: HP is shown in percentages\n|clearpoke\n|poke|p1|Scizor, F|\n|poke|p1|Dragapult, M|\n|poke|p1|Kilowattrel, F|\n|poke|p1|Samurott-Hisui, F|\n|poke|p1|Great Tusk|\n|poke|p1|Ogerpon-Cornerstone, F|\n|poke|p2|Iron Moth|\n|poke|p2|Umbreon, M|\n|poke|p2|Garchomp, M|\n|poke|p2|Glimmora, M|\n|poke|p2|Gholdengo|\n|poke|p2|Dragonite, M|\n|teampreview\n|l|\u2606Eucalipto69!\n|player|p1|\n|j|\u2606Eucalipto69!\n|player|p1|Eucalipto69!|alder\n|inactive|Battle timer is ON: inactive players will automatically lose when time's up. (requested by Eucalipto69!)\n|\n|t:|1699917110\n|start\n|switch|p1a: Scizor|Scizor, F|100\/100\n|switch|p2a: Julia Jacklin|Glimmora, M|100\/100\n|turn|1\n|inactive|Auburn Hills has 120 seconds left.\n|\n|t:|1699917154\n|move|p1a: Scizor|Bullet Punch|p2a: Julia Jacklin\n|-supereffective|p2a: Julia Jacklin\n|-damage|p2a: Julia Jacklin|16\/100\n|-activate|p2a: Julia Jacklin|ability: Toxic Debris\n|-sidestart|p1: Eucalipto69!|move: Toxic Spikes\n|move|p2a: Julia Jacklin|Earth Power|p1a: Scizor\n|-damage|p1a: Scizor|66\/100\n|\n|upkeep\n|turn|2\n|\n|t:|1699917181\n|move|p2a: Julia Jacklin|Earth Power|p1a: Scizor\n|-damage|p1a: Scizor|28\/100\n|move|p1a: Scizor|Defog|p2a: Julia Jacklin\n|-unboost|p2a: Julia Jacklin|evasion|1\n|-sideend|p1: Eucalipto69!|Toxic Spikes|[from] move: Defog|[of] p1a: Scizor\n|\n|upkeep\n|turn|3\n|inactive|Auburn Hills has 120 seconds left.\n|\n|t:|1699917190\n|move|p1a: Scizor|Bullet Punch|p2a: Julia Jacklin\n|-supereffective|p2a: Julia Jacklin\n|-damage|p2a: Julia Jacklin|0 fnt\n|-activate|p2a: Julia Jacklin|ability: Toxic Debris\n|-sidestart|p1: Eucalipto69!|move: Toxic Spikes\n|faint|p2a: Julia Jacklin\n|\n|upkeep\n|\n|t:|1699917194\n|switch|p2a: Carly Rae|Iron Moth|100\/100\n|-enditem|p2a: Carly Rae|Booster Energy\n|-activate|p2a: Carly Rae|ability: Quark Drive|[fromitem]\n|-start|p2a: Carly Rae|quarkdrivespe\n|turn|4\n|\n|t:|1699917200\n|move|p1a: Scizor|Bullet Punch|p2a: Carly Rae\n|-resisted|p2a: Carly Rae\n|-damage|p2a: Carly Rae|74\/100\n|move|p2a: Carly Rae|Fiery Dance|p1a: Scizor\n|-supereffective|p1a: Scizor\n|-damage|p1a: Scizor|0 fnt\n|-boost|p2a: Carly Rae|spa|1\n|faint|p1a: Scizor\n|\n|upkeep\n|\n|t:|1699917207\n|switch|p1a: Samurott|Samurott-Hisui, F|100\/100\n|-status|p1a: Samurott|psn\n|turn|5\n|\n|t:|1699917221\n|move|p2a: Carly Rae|Discharge|p1a: Samurott\n|-supereffective|p1a: Samurott\n|-damage|p1a: Samurott|26\/100 psn\n|move|p1a: Samurott|Ceaseless Edge|p2a: Carly Rae\n|-damage|p2a: Carly Rae|0 fnt\n|-sidestart|p2: Auburn Hills|Spikes\n|faint|p2a: Carly Rae\n|-end|p2a: Carly Rae|Quark Drive|[silent]\n|\n|-damage|p1a: Samurott|14\/100 psn|[from] psn\n|upkeep\n|\n|t:|1699917227\n|switch|p2a: Elucid|Dragonite, M|100\/100\n|turn|6\n|\n|t:|1699917232\n|move|p2a: Elucid|Dragon Dance|p2a: Elucid\n|-boost|p2a: Elucid|atk|1\n|-boost|p2a: Elucid|spe|1\n|move|p1a: Samurott|Ceaseless Edge|p2a: Elucid\n|-damage|p2a: Elucid|75\/100\n|-sidestart|p2: Auburn Hills|Spikes\n|\n|-damage|p1a: Samurott|1\/100 psn|[from] psn\n|upkeep\n|turn|7\n|\n|t:|1699917238\n|move|p2a: Elucid|Dragon Dance|p2a: Elucid\n|-boost|p2a: Elucid|atk|1\n|-boost|p2a: Elucid|spe|1\n|move|p1a: Samurott|Ceaseless Edge|p2a: Elucid\n|-damage|p2a: Elucid|23\/100\n|-sidestart|p2: Auburn Hills|Spikes\n|\n|-damage|p1a: Samurott|0 fnt|[from] psn\n|faint|p1a: Samurott\n|upkeep\n|\n|t:|1699917240\n|switch|p1a: Great Tusk|Great Tusk|100\/100\n|-status|p1a: Great Tusk|psn\n|turn|8\n|\n|t:|1699917243\n|move|p2a: Elucid|Ice Spinner|p1a: Great Tusk\n|-supereffective|p1a: Great Tusk\n|-damage|p1a: Great Tusk|46\/100 psn\n|-damage|p2a: Elucid|7\/100|[from] item: Rocky Helmet|[of] p1a: Great Tusk\n|move|p1a: Great Tusk|Rapid Spin|p2a: Elucid\n|-damage|p2a: Elucid|0 fnt\n|-boost|p1a: Great Tusk|spe|1\n|-sideend|p1: Eucalipto69!|Toxic Spikes|[from] move: Rapid Spin|[of] p1a: Great Tusk\n|faint|p2a: Elucid\n|\n|-damage|p1a: Great Tusk|34\/100 psn|[from] psn\n|upkeep\n|\n|t:|1699917251\n|switch|p2a: Alvvays|Umbreon, M|100\/100\n|-damage|p2a: Alvvays|76\/100|[from] Spikes\n|turn|9\n|\n|t:|1699917255\n|move|p2a: Alvvays|Protect|p2a: Alvvays\n|-singleturn|p2a: Alvvays|Protect\n|move|p1a: Great Tusk|Stealth Rock|p2a: Alvvays\n|-sidestart|p2: Auburn Hills|move: Stealth Rock\n|\n|-heal|p2a: Alvvays|82\/100|[from] item: Leftovers\n|-damage|p1a: Great Tusk|21\/100 psn|[from] psn\n|upkeep\n|turn|10\n|\n|t:|1699917260\n|move|p1a: Great Tusk|Earthquake|p2a: Alvvays\n|-damage|p2a: Alvvays|49\/100\n|move|p2a: Alvvays|Wish|p2a: Alvvays\n|\n|-heal|p2a: Alvvays|56\/100|[from] item: Leftovers\n|-damage|p1a: Great Tusk|9\/100 psn|[from] psn\n|upkeep\n|turn|11\n|\n|t:|1699917265\n|-end|p1a: Great Tusk|Protosynthesis|[silent]\n|switch|p1a: Ogerpon|Ogerpon-Cornerstone, F|100\/100\n|move|p2a: Alvvays|Protect||[still]\n|-fail|p2a: Alvvays\n|\n|-heal|p2a: Alvvays|100\/100|[from] move: Wish|[wisher] Alvvays\n|upkeep\n|turn|12\n|\n|t:|1699917268\n|move|p1a: Ogerpon|Encore|p2a: Alvvays\n|-start|p2a: Alvvays|Encore\n|move|p2a: Alvvays|Protect||[still]\n|-fail|p2a: Alvvays\n|\n|upkeep\n|turn|13\n|\n|t:|1699917272\n|switch|p2a: Smino|Gholdengo|100\/100\n|-damage|p2a: Smino|76\/100|[from] Spikes\n|-damage|p2a: Smino|70\/100|[from] Stealth Rock\n|move|p1a: Ogerpon|Swords Dance|p1a: Ogerpon\n|-boost|p1a: Ogerpon|atk|2\n|\n|upkeep\n|turn|14\n|-message|Auburn Hills forfeited.\n|\n|win|Eucalipto69!\n|raw|Eucalipto69!'s rating: 1649 &rarr; <strong>1670<\/strong><br \/>(+21 for winning)\n|raw|Auburn Hills's rating: 1664 &rarr; <strong>1643<\/strong><br \/>(-21 for losing)\n|l|\u2606Auburn Hills\n","uploadtime":1699917292,"views":18,"p1id":"eucalipto69","p2id":"auburnhills","formatid":"gen9ou","rating":1643,"private":0,"password":""}