{"id":"gen9ou-1995733441","p1":"Saltitant","p2":"drain story","format":"[Gen 9] OU","log":"|j|\u2606Saltitant\n|j|\u2606drain story\n|t:|1700598103\n|gametype|singles\n|player|p1|Saltitant|wallace|1205\n|player|p2|drain story|gambler|1148\n|teamsize|p1|6\n|teamsize|p2|6\n|gen|9\n|tier|[Gen 9] OU\n|rated|\n|rule|Sleep Clause Mod: Limit one foe put to sleep\n|rule|Species Clause: Limit one of each Pok\u00e9mon\n|rule|OHKO Clause: OHKO moves are banned\n|rule|Evasion Items Clause: Evasion items are banned\n|rule|Evasion Moves Clause: Evasion moves are banned\n|rule|Endless Battle Clause: Forcing endless battles is banned\n|rule|HP Percentage Mod: HP is shown in percentages\n|clearpoke\n|poke|p1|Espeon, F|\n|poke|p1|Ribombee, F|\n|poke|p1|Kingambit, F|\n|poke|p1|Milotic, M|\n|poke|p1|Empoleon, F|\n|poke|p1|Drifblim, F|\n|poke|p2|Alomomola, M|\n|poke|p2|Great Tusk|\n|poke|p2|Clodsire, F|\n|poke|p2|Kingambit, F|\n|poke|p2|Zapdos|\n|poke|p2|Dragapult, M|\n|teampreview\n|inactive|Battle timer is ON: inactive players will automatically lose when time's up. (requested by drain story)\n|\n|t:|1700598122\n|start\n|switch|p1a: Espeon|Espeon, F|100\/100\n|switch|p2a: Zapdos|Zapdos|100\/100\n|turn|1\n|\n|t:|1700598127\n|move|p1a: Espeon|Skill Swap|p2a: Zapdos\n|-activate|p1a: Espeon|move: Skill Swap|Static|Magic Bounce|[of] p2a: Zapdos\n|move|p2a: Zapdos|Volt Switch|p1a: Espeon\n|-damage|p1a: Espeon|55\/100\n|-enditem|p1a: Espeon|Eject Button\n|\n|t:|1700598133\n|switch|p1a: Ribombee|Ribombee, F|100\/100\n|\n|upkeep\n|turn|2\n|\n|t:|1700598138\n|move|p1a: Ribombee|Sticky Web|p2a: Zapdos\n|move|p2a: Zapdos|Sticky Web|p1a: Ribombee|[from]ability: Magic Bounce\n|-sidestart|p1: Saltitant|move: Sticky Web\n|move|p2a: Zapdos|Thunder Wave|p1a: Ribombee\n|-status|p1a: Ribombee|par\n|\n|upkeep\n|turn|3\n|\n|t:|1700598144\n|move|p2a: Zapdos|Heat Wave|p1a: Ribombee\n|-supereffective|p1a: Ribombee\n|-enditem|p1a: Ribombee|Focus Sash\n|-damage|p1a: Ribombee|1\/100 par\n|move|p1a: Ribombee|Moonblast|p2a: Zapdos\n|-damage|p2a: Zapdos|54\/100\n|\n|upkeep\n|turn|4\n|\n|t:|1700598152\n|move|p2a: Zapdos|Volt Switch|p1a: Ribombee\n|-damage|p1a: Ribombee|0 fnt\n|faint|p1a: Ribombee\n|\n|t:|1700598156\n|switch|p2a: Alomomola|Alomomola, M, shiny|100\/100|[from] Volt Switch\n|\n|upkeep\n|inactive|Saltitant has 120 seconds left.\n|\n|t:|1700598196\n|switch|p1a: Kingambit|Kingambit, F|100\/100\n|-activate|p1a: Kingambit|move: Sticky Web\n|-unboost|p1a: Kingambit|spe|1\n|-ability|p1a: Kingambit|Defiant|boost\n|-boost|p1a: Kingambit|atk|2\n|turn|5\n|inactive|Saltitant has 120 seconds left.\n|\n|t:|1700598202\n|move|p2a: Alomomola|Wish|p2a: Alomomola\n|move|p1a: Kingambit|Kowtow Cleave|p2a: Alomomola\n|-damage|p2a: Alomomola|46\/100\n|-enditem|p2a: Alomomola|Red Card|[of] p1a: Kingambit\n|drag|p1a: Drifblim|Drifblim, F|100\/100\n|\n|upkeep\n|turn|6\n|inactive|Saltitant has 120 seconds left.\n|\n|t:|1700598214\n|move|p2a: Alomomola|Flip Turn|p1a: Drifblim\n|-crit|p1a: Drifblim\n|-damage|p1a: Drifblim|68\/100\n|\n|t:|1700598225\n|switch|p2a: Zapdos|Zapdos|54\/100|[from] Flip Turn\n|move|p1a: Drifblim|Will-O-Wisp|p2a: Zapdos\n|-status|p2a: Zapdos|brn\n|\n|-heal|p2a: Zapdos|100\/100 brn|[from] move: Wish|[wisher] Alomomola\n|-damage|p2a: Zapdos|94\/100 brn|[from] brn\n|upkeep\n|turn|7\n|\n|t:|1700598237\n|move|p2a: Zapdos|Thunder Wave|p1a: Drifblim\n|-status|p1a: Drifblim|par\n|move|p1a: Drifblim|Trick Room|p1a: Drifblim\n|-fieldstart|move: Trick Room|[of] p1a: Drifblim\n|\n|-damage|p2a: Zapdos|88\/100 brn|[from] brn\n|upkeep\n|turn|8\n|\n|t:|1700598243\n|cant|p1a: Drifblim|par\n|move|p2a: Zapdos|Volt Switch|p1a: Drifblim\n|-supereffective|p1a: Drifblim\n|-damage|p1a: Drifblim|19\/100 par\n|\n|t:|1700598247\n|switch|p2a: Kingambit|Kingambit, F|100\/100|[from] Volt Switch\n|\n|upkeep\n|turn|9\n|\n|t:|1700598255\n|move|p1a: Drifblim|Destiny Bond|p1a: Drifblim\n|-singlemove|p1a: Drifblim|Destiny Bond\n|move|p2a: Kingambit|Kowtow Cleave|p1a: Drifblim\n|-supereffective|p1a: Drifblim\n|-damage|p1a: Drifblim|0 fnt\n|-damage|p2a: Kingambit|75\/100|[from] ability: Aftermath|[of] p1a: Drifblim\n|faint|p1a: Drifblim\n|-activate|p1a: Drifblim|move: Destiny Bond\n|faint|p2a: Kingambit\n|-end|p2a: Kingambit|fallenundefined|[silent]\n|\n|upkeep\n|\n|t:|1700598269\n|switch|p2a: Zapdos|Zapdos|88\/100 brn\n|switch|p1a: Empoleon|Empoleon, F|100\/100\n|-activate|p1a: Empoleon|move: Sticky Web\n|-unboost|p1a: Empoleon|spe|1\n|-ability|p1a: Empoleon|Competitive|boost\n|-boost|p1a: Empoleon|spa|2\n|turn|10\n|\n|t:|1700598289\n|move|p1a: Empoleon|Surf|p2a: Zapdos\n|-damage|p2a: Zapdos|0 fnt\n|faint|p2a: Zapdos\n|\n|upkeep\n|\n|t:|1700598296\n|switch|p2a: Alomomola|Alomomola, M, shiny|79\/100\n|turn|11\n|\n|t:|1700598307\n|move|p1a: Empoleon|Tera Blast|p2a: Alomomola\n|-damage|p2a: Alomomola|16\/100\n|move|p2a: Alomomola|Flip Turn|p1a: Empoleon\n|-resisted|p1a: Empoleon\n|-damage|p1a: Empoleon|93\/100\n|\n|t:|1700598313\n|switch|p2a: submit to stall|Clodsire, F|100\/100|[from] Flip Turn\n|\n|-fieldend|move: Trick Room\n|upkeep\n|turn|12\n|\n|t:|1700598328\n|move|p1a: Empoleon|Surf|p2a: submit to stall\n|-immune|p2a: submit to stall|[from] ability: Water Absorb\n|move|p2a: submit to stall|Earthquake|p1a: Empoleon\n|-supereffective|p1a: Empoleon\n|-damage|p1a: Empoleon|44\/100\n|-enditem|p1a: Empoleon|Weakness Policy\n|-boost|p1a: Empoleon|atk|2|[from] item: Weakness Policy\n|-boost|p1a: Empoleon|spa|2|[from] item: Weakness Policy\n|\n|upkeep\n|turn|13\n|\n|t:|1700598343\n|-terastallize|p1a: Empoleon|Ground\n|move|p1a: Empoleon|Tera Blast|p2a: submit to stall|[anim] Tera Blast Ground\n|-supereffective|p2a: submit to stall\n|-damage|p2a: submit to stall|0 fnt\n|faint|p2a: submit to stall\n|\n|upkeep\n|\n|t:|1700598348\n|switch|p2a: Dragapult|Dragapult, M, shiny|100\/100\n|turn|14\n|\n|t:|1700598358\n|move|p2a: Dragapult|Protect|p2a: Dragapult\n|-singleturn|p2a: Dragapult|Protect\n|move|p1a: Empoleon|Tera Blast|p2a: Dragapult|[anim] Tera Blast Ground\n|-activate|p2a: Dragapult|move: Protect\n|\n|upkeep\n|turn|15\n|\n|t:|1700598363\n|move|p2a: Dragapult|Disable|p1a: Empoleon\n|-start|p1a: Empoleon|Disable|Tera Blast\n|cant|p1a: Empoleon|Disable|Tera Blast\n|\n|upkeep\n|turn|16\n|\n|t:|1700598367\n|move|p2a: Dragapult|Will-O-Wisp|p1a: Empoleon\n|-status|p1a: Empoleon|brn\n|move|p1a: Empoleon|Flash Cannon|p2a: Dragapult\n|-damage|p2a: Dragapult|0 fnt\n|faint|p2a: Dragapult\n|\n|-damage|p1a: Empoleon|38\/100 brn|[from] brn\n|upkeep\n|\n|t:|1700598373\n|switch|p2a: FRANK|Great Tusk|100\/100\n|turn|17\n|\n|t:|1700598378\n|move|p2a: FRANK|Ice Spinner|p1a: Empoleon\n|-supereffective|p1a: Empoleon\n|-damage|p1a: Empoleon|0 fnt\n|faint|p1a: Empoleon\n|\n|upkeep\n|\n|t:|1700598391\n|switch|p1a: Milotic|Milotic, M|100\/100\n|-activate|p1a: Milotic|move: Sticky Web\n|-unboost|p1a: Milotic|spe|1\n|-ability|p1a: Milotic|Competitive|boost\n|-boost|p1a: Milotic|spa|2\n|turn|18\n|\n|t:|1700598399\n|-end|p2a: FRANK|Protosynthesis|[silent]\n|switch|p2a: Alomomola|Alomomola, M, shiny|49\/100\n|move|p1a: Milotic|Substitute|p1a: Milotic\n|-start|p1a: Milotic|Substitute\n|-damage|p1a: Milotic|76\/100\n|\n|-heal|p1a: Milotic|82\/100|[from] item: Leftovers\n|upkeep\n|turn|19\n|\n|t:|1700598405\n|move|p2a: Alomomola|Wish|p2a: Alomomola\n|move|p1a: Milotic|Hydro Pump|p2a: Alomomola|[miss]\n|-miss|p1a: Milotic|p2a: Alomomola\n|\n|-heal|p1a: Milotic|88\/100|[from] item: Leftovers\n|upkeep\n|turn|20\n|\n|t:|1700598413\n|move|p2a: Alomomola|Acrobatics|p1a: Milotic\n|-activate|p1a: Milotic|move: Substitute|[damage]\n|move|p1a: Milotic|Ice Beam|p2a: Alomomola\n|-resisted|p2a: Alomomola\n|-damage|p2a: Alomomola|16\/100\n|\n|-heal|p2a: Alomomola|66\/100|[from] move: Wish|[wisher] Alomomola\n|-heal|p1a: Milotic|94\/100|[from] item: Leftovers\n|upkeep\n|turn|21\n|\n|t:|1700598421\n|move|p2a: Alomomola|Acrobatics|p1a: Milotic\n|-end|p1a: Milotic|Substitute\n|move|p1a: Milotic|Hydro Pump|p2a: Alomomola\n|-resisted|p2a: Alomomola\n|-damage|p2a: Alomomola|4\/100\n|\n|-heal|p1a: Milotic|99\/100|[from] item: Leftovers\n|upkeep\n|turn|22\n|\n|t:|1700598430\n|move|p2a: Alomomola|Acrobatics|p1a: Milotic\n|-damage|p1a: Milotic|80\/100\n|move|p1a: Milotic|Ice Beam|p2a: Alomomola\n|-resisted|p2a: Alomomola\n|-damage|p2a: Alomomola|0 fnt\n|faint|p2a: Alomomola\n|\n|-heal|p1a: Milotic|86\/100|[from] item: Leftovers\n|upkeep\n|\n|t:|1700598432\n|switch|p2a: FRANK|Great Tusk|100\/100\n|turn|23\n|\n|t:|1700598439\n|move|p2a: FRANK|Headlong Rush|p1a: Milotic\n|-damage|p1a: Milotic|17\/100\n|-unboost|p2a: FRANK|def|1\n|-unboost|p2a: FRANK|spd|1\n|move|p1a: Milotic|Ice Beam|p2a: FRANK\n|-supereffective|p2a: FRANK\n|-damage|p2a: FRANK|0 fnt\n|faint|p2a: FRANK\n|-end|p2a: FRANK|Protosynthesis|[silent]\n|\n|win|Saltitant\n|raw|Saltitant's rating: 1205 &rarr; <strong>1226<\/strong><br \/>(+21 for winning)\n|raw|drain story's rating: 1148 &rarr; <strong>1127<\/strong><br \/>(-21 for losing)\n|l|\u2606drain story\n","uploadtime":1700598451,"views":0,"p1id":"saltitant","p2id":"drainstory","formatid":"gen9ou","rating":1127,"private":0,"password":""}