{"id":"gen9ou-1991594921","p1":"E4Everyone","p2":"WooperLeTrooper","format":"[Gen 9] OU","log":"|j|\u2606E4Everyone\n|j|\u2606WooperLeTrooper\n|inactive|Battle timer is ON: inactive players will automatically lose when time's up.\n|t:|1700092187\n|gametype|singles\n|player|p1|E4Everyone|hugh|\n|player|p2|WooperLeTrooper|brendan|\n|teamsize|p1|2\n|teamsize|p2|2\n|gen|9\n|tier|[Gen 9] OU\n|rated|Tournament battle\n|rule|Sleep Clause Mod: Limit one foe put to sleep\n|rule|Species Clause: Limit one of each Pok\u00e9mon\n|rule|OHKO Clause: OHKO moves are banned\n|rule|Evasion Items Clause: Evasion items are banned\n|rule|Evasion Moves Clause: Evasion moves are banned\n|rule|Endless Battle Clause: Forcing endless battles is banned\n|rule|HP Percentage Mod: HP is shown in percentages\n|clearpoke\n|poke|p1|Magcargo, F|\n|poke|p1|Hypno, F|\n|poke|p2|Gholdengo|\n|poke|p2|Salamence, F|\n|teampreview\n|j|*Lady Monita \u2746\n|j| FrostArcanine19\n|\n|t:|1700092196\n|start\n|switch|p1a: Hypno|Hypno, F|100\/100\n|switch|p2a: Bagel|Salamence, F|100\/100\n|-ability|p2a: Bagel|Intimidate|boost\n|-unboost|p1a: Hypno|atk|1\n|turn|1\n|\n|t:|1700092215\n|move|p2a: Bagel|Earthquake|p1a: Hypno\n|-damage|p1a: Hypno|58\/100\n|move|p1a: Hypno|Reflect|p1a: Hypno\n|-sidestart|p1: E4Everyone|Reflect\n|\n|upkeep\n|turn|2\n|\n|t:|1700092221\n|move|p2a: Bagel|Dragon Dance|p2a: Bagel\n|-boost|p2a: Bagel|atk|1\n|-boost|p2a: Bagel|spe|1\n|move|p1a: Hypno|Light Screen|p1a: Hypno\n|-sidestart|p1: E4Everyone|move: Light Screen\n|\n|upkeep\n|turn|3\n|\n|t:|1700092224\n|move|p2a: Bagel|Dragon Dance|p2a: Bagel\n|-boost|p2a: Bagel|atk|1\n|-boost|p2a: Bagel|spe|1\n|move|p1a: Hypno|Hypnosis|p2a: Bagel\n|-status|p2a: Bagel|slp|[from] move: Hypnosis\n|\n|upkeep\n|turn|4\n|j| Zoroark_Fanboy\n|\n|t:|1700092233\n|switch|p1a: Magcargo|Magcargo, F|100\/100\n|cant|p2a: Bagel|slp\n|\n|upkeep\n|turn|5\n|\n|t:|1700092253\n|cant|p2a: Bagel|slp\n|move|p1a: Magcargo|Shell Smash|p1a: Magcargo\n|-unboost|p1a: Magcargo|def|1\n|-unboost|p1a: Magcargo|spd|1\n|-boost|p1a: Magcargo|atk|2\n|-boost|p1a: Magcargo|spa|2\n|-boost|p1a: Magcargo|spe|2\n|-enditem|p1a: Magcargo|White Herb\n|-clearnegativeboost|p1a: Magcargo|[silent]\n|\n|upkeep\n|turn|6\n|\n|t:|1700092259\n|-terastallize|p1a: Magcargo|Grass\n|cant|p2a: Bagel|slp\n|move|p1a: Magcargo|Shell Smash|p1a: Magcargo\n|-unboost|p1a: Magcargo|def|1\n|-unboost|p1a: Magcargo|spd|1\n|-boost|p1a: Magcargo|atk|2\n|-boost|p1a: Magcargo|spa|2\n|-boost|p1a: Magcargo|spe|2\n|\n|upkeep\n|turn|7\n|\n|t:|1700092266\n|-curestatus|p2a: Bagel|slp|[msg]\n|move|p2a: Bagel|Outrage|p1a: Magcargo\n|-damage|p1a: Magcargo|0 fnt\n|faint|p1a: Magcargo\n|\n|upkeep\n|\n|t:|1700092272\n|switch|p1a: Hypno|Hypno, F|58\/100\n|turn|8\n|c|\u2606E4Everyone|gg\n|\n|t:|1700092275\n|move|p2a: Bagel|Outrage|p1a: Hypno|[from]lockedmove\n|-damage|p1a: Hypno|0 fnt\n|faint|p1a: Hypno\n|\n|win|WooperLeTrooper\n|n|\u2606E4Everyone|e4everyone\n|n|\u2606WooperLeTrooper|wooperletrooper\n|n|*Lady Monita \u2746|ladymonita\n|n| FrostArcanine19|frostarcanine19\n|n| Zoroark_Fanboy|zoroarkfanboy\n","uploadtime":1700092276,"views":8,"p1id":"e4everyone","p2id":"wooperletrooper","formatid":"gen9ou","rating":0,"private":0,"password":""}