{"id":"gen9ou-2000017595","p1":"LordThemberchaud","p2":"gock glocker","format":"[Gen 9] OU","log":"|j|\u2606LordThemberchaud\n|j|\u2606gock glocker\n|t:|1701141719\n|gametype|singles\n|player|p1|LordThemberchaud|medium|1683\n|player|p2|gock glocker|acerola-masters|1640\n|teamsize|p1|6\n|teamsize|p2|6\n|gen|9\n|tier|[Gen 9] OU\n|rated|\n|rule|Sleep Clause Mod: Limit one foe put to sleep\n|rule|Species Clause: Limit one of each Pok\u00e9mon\n|rule|OHKO Clause: OHKO moves are banned\n|rule|Evasion Items Clause: Evasion items are banned\n|rule|Evasion Moves Clause: Evasion moves are banned\n|rule|Endless Battle Clause: Forcing endless battles is banned\n|rule|HP Percentage Mod: HP is shown in percentages\n|clearpoke\n|poke|p1|Great Tusk|\n|poke|p1|Rillaboom, F|\n|poke|p1|Samurott-Hisui, M|\n|poke|p1|Zapdos|\n|poke|p1|Garganacl, M|\n|poke|p1|Heatran, M|\n|poke|p2|Manaphy|\n|poke|p2|Kingambit, M|\n|poke|p2|Ribombee, F|\n|poke|p2|Gholdengo|\n|poke|p2|Iron Moth|\n|poke|p2|Ogerpon-Wellspring, F|\n|teampreview\n|inactive|Battle timer is ON: inactive players will automatically lose when time's up. (requested by gock glocker)\n|\n|t:|1701141729\n|start\n|switch|p1a: Heatran|Heatran, M|100\/100\n|switch|p2a: wildfiree|Ribombee, F, shiny|100\/100\n|turn|1\n|\n|t:|1701141736\n|move|p2a: wildfiree|Sticky Web|p1a: Heatran\n|-sidestart|p1: LordThemberchaud|move: Sticky Web\n|move|p1a: Heatran|Flash Cannon|p2a: wildfiree\n|-supereffective|p2a: wildfiree\n|-enditem|p2a: wildfiree|Focus Sash\n|-damage|p2a: wildfiree|1\/100\n|\n|upkeep\n|turn|2\n|\n|t:|1701141741\n|move|p2a: wildfiree|Stun Spore|p1a: Heatran|[miss]\n|-miss|p2a: wildfiree|p1a: Heatran\n|move|p1a: Heatran|Flash Cannon|p2a: wildfiree\n|-supereffective|p2a: wildfiree\n|-damage|p2a: wildfiree|0 fnt\n|faint|p2a: wildfiree\n|\n|upkeep\n|\n|t:|1701141751\n|switch|p2a: faya|Ogerpon-Wellspring, F|100\/100\n|turn|3\n|\n|t:|1701141779\n|move|p2a: faya|Swords Dance|p2a: faya\n|-boost|p2a: faya|atk|2\n|move|p1a: Heatran|Magma Storm|p2a: faya|[miss]\n|-miss|p1a: Heatran|p2a: faya\n|\n|upkeep\n|turn|4\n|\n|t:|1701141784\n|move|p2a: faya|Ivy Cudgel|p1a: Heatran|[anim] Ivy Cudgel Water\n|-supereffective|p1a: Heatran\n|-damage|p1a: Heatran|0 fnt\n|faint|p1a: Heatran\n|\n|upkeep\n|\n|t:|1701141789\n|switch|p1a: Zapdos|Zapdos|100\/100\n|turn|5\n|\n|t:|1701141795\n|move|p2a: faya|Ivy Cudgel|p1a: Zapdos|[anim] Ivy Cudgel Water\n|-damage|p1a: Zapdos|0 fnt\n|faint|p1a: Zapdos\n|\n|upkeep\n|\n|t:|1701141800\n|switch|p1a: Samurott|Samurott-Hisui, M|100\/100\n|-activate|p1a: Samurott|move: Sticky Web\n|-unboost|p1a: Samurott|spe|1\n|turn|6\n|\n|t:|1701141807\n|move|p2a: faya|Power Whip|p1a: Samurott\n|-supereffective|p1a: Samurott\n|-damage|p1a: Samurott|0 fnt\n|faint|p1a: Samurott\n|\n|upkeep\n|\n|t:|1701141810\n|switch|p1a: Rillaboom|Rillaboom, F|100\/100\n|-activate|p1a: Rillaboom|move: Sticky Web\n|-unboost|p1a: Rillaboom|spe|1\n|-fieldstart|move: Grassy Terrain|[from] ability: Grassy Surge|[of] p1a: Rillaboom\n|turn|7\n|c|\u2606gock glocker|me when rillaboom\n|\n|t:|1701141816\n|-terastallize|p1a: Rillaboom|Grass\n|move|p1a: Rillaboom|Grassy Glide|p2a: faya\n|-damage|p2a: faya|0 fnt\n|faint|p2a: faya\n|\n|upkeep\n|\n|t:|1701141822\n|switch|p2a: scarlet|Iron Moth|100\/100\n|-enditem|p2a: scarlet|Booster Energy\n|-activate|p2a: scarlet|ability: Quark Drive|[fromitem]\n|-start|p2a: scarlet|quarkdrivespe\n|turn|8\n|\n|t:|1701141827\n|switch|p1a: Garganacl|Garganacl, M|100\/100\n|-activate|p1a: Garganacl|move: Sticky Web\n|-unboost|p1a: Garganacl|spe|1\n|move|p2a: scarlet|Fiery Dance|p1a: Garganacl\n|-resisted|p1a: Garganacl\n|-damage|p1a: Garganacl|83\/100\n|-boost|p2a: scarlet|spa|1\n|\n|-heal|p1a: Garganacl|89\/100|[from] Grassy Terrain\n|-heal|p1a: Garganacl|95\/100|[from] item: Leftovers\n|upkeep\n|turn|9\n|\n|t:|1701141834\n|move|p2a: scarlet|Energy Ball|p1a: Garganacl\n|-supereffective|p1a: Garganacl\n|-damage|p1a: Garganacl|2\/100\n|move|p1a: Garganacl|Salt Cure|p2a: scarlet\n|-supereffective|p2a: scarlet\n|-damage|p2a: scarlet|61\/100\n|-start|p2a: scarlet|Salt Cure\n|\n|-heal|p2a: scarlet|67\/100|[from] Grassy Terrain\n|-heal|p1a: Garganacl|9\/100|[from] Grassy Terrain\n|-heal|p1a: Garganacl|15\/100|[from] item: Leftovers\n|-damage|p2a: scarlet|54\/100|[from] Salt Cure\n|upkeep\n|turn|10\n|\n|t:|1701141838\n|move|p2a: scarlet|Fiery Dance|p1a: Garganacl\n|-resisted|p1a: Garganacl\n|-damage|p1a: Garganacl|0 fnt\n|faint|p1a: Garganacl\n|\n|-heal|p2a: scarlet|60\/100|[from] Grassy Terrain\n|-damage|p2a: scarlet|48\/100|[from] Salt Cure\n|upkeep\n|\n|t:|1701141844\n|switch|p1a: Great Tusk|Great Tusk|100\/100\n|-activate|p1a: Great Tusk|move: Sticky Web\n|-unboost|p1a: Great Tusk|spe|1\n|turn|11\n|\n|t:|1701141847\n|move|p2a: scarlet|Energy Ball|p1a: Great Tusk\n|-supereffective|p1a: Great Tusk\n|-damage|p1a: Great Tusk|0 fnt\n|faint|p1a: Great Tusk\n|-end|p1a: Great Tusk|Protosynthesis|[silent]\n|\n|-heal|p2a: scarlet|54\/100|[from] Grassy Terrain\n|-damage|p2a: scarlet|42\/100|[from] Salt Cure\n|-fieldend|move: Grassy Terrain\n|upkeep\n|\n|t:|1701141849\n|switch|p1a: Rillaboom|Rillaboom, F, tera:Grass|100\/100\n|-activate|p1a: Rillaboom|move: Sticky Web\n|-unboost|p1a: Rillaboom|spe|1\n|-fieldstart|move: Grassy Terrain|[from] ability: Grassy Surge|[of] p1a: Rillaboom\n|turn|12\n|c|\u2606gock glocker|this is one of the worst battles of all time\n|\n|t:|1701141861\n|move|p1a: Rillaboom|Grassy Glide|p2a: scarlet\n|-resisted|p2a: scarlet\n|-damage|p2a: scarlet|11\/100\n|move|p2a: scarlet|Fiery Dance|p1a: Rillaboom\n|-supereffective|p1a: Rillaboom\n|-damage|p1a: Rillaboom|0 fnt\n|-boost|p2a: scarlet|spa|1\n|faint|p1a: Rillaboom\n|\n|win|gock glocker\n|raw|LordThemberchaud's rating: 1683 &rarr; <strong>1661<\/strong><br \/>(-22 for losing)\n|raw|gock glocker's rating: 1640 &rarr; <strong>1662<\/strong><br \/>(+22 for winning)\n|l|\u2606LordThemberchaud\n","uploadtime":1701141875,"views":4,"p1id":"lordthemberchaud","p2id":"gockglocker","formatid":"gen9ou","rating":1661,"private":0,"password":""}