{"id":"gen9ou-1990877137","p1":"AHumanoidBeing","p2":"Tytheguy004","format":"[Gen 9] OU","log":"|j|\u2606AHumanoidBeing\n|j|\u2606Tytheguy004\n|t:|1700010406\n|gametype|singles\n|player|p1|AHumanoidBeing|benga|\n|player|p2|Tytheguy004|biker-gen4|\n|teamsize|p1|4\n|teamsize|p2|5\n|gen|9\n|tier|[Gen 9] OU\n|rule|Sleep Clause Mod: Limit one foe put to sleep\n|rule|Species Clause: Limit one of each Pok\u00e9mon\n|rule|OHKO Clause: OHKO moves are banned\n|rule|Evasion Items Clause: Evasion items are banned\n|rule|Evasion Moves Clause: Evasion moves are banned\n|rule|Endless Battle Clause: Forcing endless battles is banned\n|rule|HP Percentage Mod: HP is shown in percentages\n|clearpoke\n|poke|p1|Cyclizar, F|\n|poke|p1|Zoroark-Hisui, M|\n|poke|p1|Staraptor, F|\n|poke|p1|Grafaiai, F|\n|poke|p2|Electrode-Hisui|\n|poke|p2|Breloom, F|\n|poke|p2|Meowscarada, F|\n|poke|p2|Rillaboom, M|\n|poke|p2|Ogerpon, F|\n|teampreview\n|c|\u2606Tytheguy004|glhf\n|\n|t:|1700010435\n|start\n|switch|p1a: Grafaiai|Grafaiai, F|100\/100\n|switch|p2a: Electrode|Electrode-Hisui|100\/100\n|turn|1\n|\n|t:|1700010443\n|move|p2a: Electrode|Volt Switch|p1a: Grafaiai\n|-damage|p1a: Grafaiai|40\/100\n|-damage|p2a: Electrode|91\/100|[from] item: Life Orb\n|\n|t:|1700010452\n|switch|p2a: Meowscarada|Meowscarada, F|100\/100|[from] Volt Switch\n|move|p1a: Grafaiai|Gunk Shot|p2a: Meowscarada\n|-supereffective|p2a: Meowscarada\n|-damage|p2a: Meowscarada|0 fnt\n|faint|p2a: Meowscarada\n|\n|upkeep\n|\n|t:|1700010456\n|switch|p2a: Electrode|Electrode-Hisui|91\/100\n|turn|2\n|\n|t:|1700010461\n|move|p2a: Electrode|Volt Switch|p1a: Grafaiai\n|-damage|p1a: Grafaiai|0 fnt\n|faint|p1a: Grafaiai\n|-damage|p2a: Electrode|81\/100|[from] item: Life Orb\n|\n|t:|1700010464\n|switch|p2a: Breloom|Breloom, F|100\/100|[from] Volt Switch\n|\n|upkeep\n|\n|t:|1700010473\n|switch|p1a: Cyclizar|Cyclizar, F|100\/100\n|turn|3\n|\n|t:|1700010477\n|move|p1a: Cyclizar|Flamethrower|p2a: Breloom\n|-supereffective|p2a: Breloom\n|-damage|p2a: Breloom|10\/100\n|move|p2a: Breloom|Spore|p1a: Cyclizar\n|-status|p1a: Cyclizar|slp|[from] move: Spore\n|\n|upkeep\n|turn|4\n|\n|t:|1700010483\n|cant|p1a: Cyclizar|slp\n|move|p2a: Breloom|Drain Punch|p1a: Cyclizar\n|-immune|p1a: Cyclizar\n|\n|upkeep\n|turn|5\n|j| Notgeeta101\n|\n|t:|1700010487\n|cant|p1a: Cyclizar|slp\n|move|p2a: Breloom|Bullet Seed|p1a: Cyclizar\n|-damage|p1a: Cyclizar|60\/100 slp\n|replace|p1a: Zoroark|Zoroark-Hisui, M\n|-end|p1a: Zoroark|Illusion\n|-damage|p1a: Zoroark|14\/100 slp\n|-damage|p1a: Zoroark|0 fnt\n|faint|p1a: Zoroark\n|-hitcount|p1: Zoroark|3\n|\n|upkeep\n|\n|t:|1700010497\n|switch|p1a: Cyclizar|Cyclizar, F|100\/100\n|turn|6\n|\n|t:|1700010500\n|move|p2a: Breloom|Mach Punch|p1a: Cyclizar\n|-supereffective|p1a: Cyclizar\n|-damage|p1a: Cyclizar|0 fnt\n|faint|p1a: Cyclizar\n|\n|upkeep\n|\n|t:|1700010502\n|switch|p1a: Staraptor|Staraptor, F|100\/100\n|turn|7\n|\n|t:|1700010510\n|move|p2a: Breloom|Mach Punch|p1a: Staraptor\n|-damage|p1a: Staraptor|54\/100\n|move|p1a: Staraptor|Brave Bird|p2a: Breloom\n|-supereffective|p2a: Breloom\n|-damage|p2a: Breloom|0 fnt\n|faint|p2a: Breloom\n|-damage|p1a: Staraptor|51\/100|[from] Recoil\n|\n|upkeep\n|\n|t:|1700010514\n|switch|p2a: Electrode|Electrode-Hisui|81\/100\n|turn|8\n|\n|t:|1700010518\n|-terastallize|p1a: Staraptor|Normal\n|move|p1a: Staraptor|Brave Bird|p2a: Electrode\n|-damage|p2a: Electrode|0 fnt\n|faint|p2a: Electrode\n|-damage|p1a: Staraptor|29\/100|[from] Recoil\n|\n|upkeep\n|j| Aceman2798\n|\n|t:|1700010524\n|switch|p2a: Rillaboom|Rillaboom, M|100\/100\n|-fieldstart|move: Grassy Terrain|[from] ability: Grassy Surge|[of] p2a: Rillaboom\n|turn|9\n|\n|t:|1700010526\n|move|p2a: Rillaboom|Grassy Glide|p1a: Staraptor\n|-damage|p1a: Staraptor|0 fnt\n|faint|p1a: Staraptor\n|\n|win|Tytheguy004\n|c|\u2606Tytheguy004|gg\n|l| Notgeeta101\n|l|\u2606AHumanoidBeing\n","uploadtime":1700010535,"views":65,"p1id":"ahumanoidbeing","p2id":"tytheguy004","formatid":"gen9ou","rating":0,"private":0,"password":""}