{"id":"gen9ou-1988759491","p1":"Annler_Regi","p2":"HxneyLovie","format":"[Gen 9] OU","log":"|j|\u2606Annler_Regi\n|j|\u2606HxneyLovie\n|t:|1699759512\n|gametype|singles\n|player|p1|Annler_Regi|selene|\n|player|p2|HxneyLovie|dawn-gen4pt|\n|teamsize|p1|6\n|teamsize|p2|6\n|gen|9\n|tier|[Gen 9] OU\n|rule|Sleep Clause Mod: Limit one foe put to sleep\n|rule|Species Clause: Limit one of each Pok\u00e9mon\n|rule|OHKO Clause: OHKO moves are banned\n|rule|Evasion Items Clause: Evasion items are banned\n|rule|Evasion Moves Clause: Evasion moves are banned\n|rule|Endless Battle Clause: Forcing endless battles is banned\n|rule|HP Percentage Mod: HP is shown in percentages\n|clearpoke\n|poke|p1|Meowscarada, M|\n|poke|p1|Klawf, F|\n|poke|p1|Garganacl, M|\n|poke|p1|Tinkaton, F|\n|poke|p1|Ceruledge, F|\n|poke|p1|Pawmot, F|\n|poke|p2|Piplup, M|\n|poke|p2|Delphox, M|\n|poke|p2|Meowscarada, F|\n|poke|p2|Blissey, F|\n|poke|p2|Tinkaton, F|\n|poke|p2|Hydreigon, F|\n|teampreview\n|inactive|Battle timer is ON: inactive players will automatically lose when time's up. (requested by Annler_Regi)\n|\n|t:|1699759546\n|start\n|switch|p1a: Piranha|Meowscarada, M|100\/100\n|switch|p2a: Piplup|Piplup, M|100\/100\n|turn|1\n|\n|t:|1699759558\n|switch|p2a: Meowscarada|Meowscarada, F|100\/100\n|move|p1a: Piranha|Protect||[still]\n|-fail|p1a: Piranha\n|\n|-status|p1a: Piranha|brn|[from] item: Flame Orb\n|upkeep\n|turn|2\n|\n|t:|1699759565\n|move|p2a: Meowscarada|Knock Off|p1a: Piranha\n|-resisted|p1a: Piranha\n|-damage|p1a: Piranha|66\/100 brn\n|-enditem|p1a: Piranha|Flame Orb|[from] move: Knock Off|[of] p2a: Meowscarada\n|move|p1a: Piranha|Facade|p2a: Meowscarada\n|-start|p1a: Piranha|typechange|Normal|[from] ability: Protean\n|-enditem|p2a: Meowscarada|Focus Sash\n|-damage|p2a: Meowscarada|1\/100\n|\n|-damage|p1a: Piranha|60\/100 brn|[from] brn\n|upkeep\n|turn|3\n|\n|t:|1699759581\n|move|p2a: Meowscarada|Flower Trick|p1a: Piranha\n|-crit|p1a: Piranha\n|-damage|p1a: Piranha|0 fnt\n|faint|p1a: Piranha\n|\n|upkeep\n|inactive|Annler_Regi has 270 seconds left.\n|\n|t:|1699759607\n|switch|p1a: Overshadowed|Ceruledge, F|100\/100\n|turn|4\n|\n|t:|1699759612\n|move|p2a: Meowscarada|Knock Off|p1a: Overshadowed\n|-supereffective|p1a: Overshadowed\n|-enditem|p1a: Overshadowed|Focus Sash\n|-damage|p1a: Overshadowed|1\/100\n|-ability|p1a: Overshadowed|Weak Armor|boost\n|-unboost|p1a: Overshadowed|def|1\n|-boost|p1a: Overshadowed|spe|2\n|move|p1a: Overshadowed|Flame Charge|p2a: Meowscarada\n|-supereffective|p2a: Meowscarada\n|-damage|p2a: Meowscarada|0 fnt\n|-boost|p1a: Overshadowed|spe|1\n|faint|p2a: Meowscarada\n|\n|upkeep\n|\n|t:|1699759638\n|switch|p2a: Hydreigon|Hydreigon, F|100\/100\n|turn|5\n|\n|t:|1699759645\n|move|p1a: Overshadowed|Destiny Bond|p1a: Overshadowed\n|-singlemove|p1a: Overshadowed|Destiny Bond\n|move|p2a: Hydreigon|Dark Pulse|p1a: Overshadowed\n|-supereffective|p1a: Overshadowed\n|-damage|p1a: Overshadowed|0 fnt\n|faint|p1a: Overshadowed\n|-activate|p1a: Overshadowed|move: Destiny Bond\n|faint|p2a: Hydreigon\n|\n|upkeep\n|\n|t:|1699759664\n|switch|p2a: Tinkaton|Tinkaton, F|100\/100\n|switch|p1a: Crustle 2.0|Klawf, F|100\/100\n|-ability|p2a: Tinkaton|Mold Breaker\n|turn|6\n|\n|t:|1699759672\n|move|p1a: Crustle 2.0|Protect|p1a: Crustle 2.0\n|-singleturn|p1a: Crustle 2.0|Protect\n|move|p2a: Tinkaton|Fake Out|p1a: Crustle 2.0\n|-activate|p1a: Crustle 2.0|move: Protect\n|\n|upkeep\n|turn|7\n|\n|t:|1699759685\n|switch|p2a: Piplup|Piplup, M|100\/100\n|move|p1a: Crustle 2.0|Endeavor|p2a: Piplup\n|-damage|p2a: Piplup|87\/100\n|\n|upkeep\n|turn|8\n|\n|t:|1699759692\n|move|p1a: Crustle 2.0|Endeavor|p2a: Piplup\n|-immune|p2a: Piplup\n|move|p2a: Piplup|Yawn|p1a: Crustle 2.0\n|-start|p1a: Crustle 2.0|move: Yawn|[of] p2a: Piplup\n|\n|upkeep\n|turn|9\n|\n|t:|1699759695\n|switch|p1a: Hxney|Tinkaton, F|100\/100\n|-ability|p1a: Hxney|Mold Breaker\n|move|p2a: Piplup|Hydro Pump|p1a: Hxney\n|-damage|p1a: Hxney|72\/100\n|\n|upkeep\n|turn|10\n|\n|t:|1699759720\n|switch|p2a: Blissey|Blissey, F|100\/100\n|move|p1a: Hxney|Light Screen|p1a: Hxney\n|-sidestart|p1: Annler_Regi|move: Light Screen\n|\n|upkeep\n|turn|11\n|\n|t:|1699759732\n|switch|p1a: Crustle 2.0|Klawf, F|100\/100\n|move|p2a: Blissey|Stealth Rock|p1a: Crustle 2.0\n|-sidestart|p1: Annler_Regi|move: Stealth Rock\n|\n|upkeep\n|turn|12\n|\n|t:|1699759741\n|switch|p2a: Piplup|Piplup, M|87\/100\n|move|p1a: Crustle 2.0|Swords Dance|p1a: Crustle 2.0\n|-boost|p1a: Crustle 2.0|atk|2\n|\n|upkeep\n|turn|13\n|\n|t:|1699759748\n|move|p1a: Crustle 2.0|Protect|p1a: Crustle 2.0\n|-singleturn|p1a: Crustle 2.0|Protect\n|move|p2a: Piplup|Yawn|p1a: Crustle 2.0\n|-activate|p1a: Crustle 2.0|move: Protect\n|\n|upkeep\n|turn|14\n|\n|t:|1699759752\n|move|p1a: Crustle 2.0|Reversal|p2a: Piplup\n|-damage|p2a: Piplup|73\/100\n|move|p2a: Piplup|Haze|p2a: Piplup\n|-clearallboost\n|\n|upkeep\n|turn|15\n|\n|t:|1699759760\n|move|p1a: Crustle 2.0|Protect|p1a: Crustle 2.0\n|-singleturn|p1a: Crustle 2.0|Protect\n|move|p2a: Piplup|Ice Beam|p1a: Crustle 2.0\n|-activate|p1a: Crustle 2.0|move: Protect\n|\n|upkeep\n|turn|16\n|\n|t:|1699759769\n|move|p1a: Crustle 2.0|Swords Dance|p1a: Crustle 2.0\n|-boost|p1a: Crustle 2.0|atk|2\n|move|p2a: Piplup|Ice Beam|p1a: Crustle 2.0\n|-damage|p1a: Crustle 2.0|74\/100\n|-status|p1a: Crustle 2.0|frz\n|\n|upkeep\n|turn|17\n|inactive|Annler_Regi has 270 seconds left.\n|inactive|Annler_Regi has 240 seconds left.\n|\n|t:|1699759846\n|switch|p1a: Hxney|Tinkaton, F|72\/100\n|-damage|p1a: Hxney|65\/100|[from] Stealth Rock\n|-ability|p1a: Hxney|Mold Breaker\n|switch|p2a: Delphox|Delphox, M|100\/100\n|-item|p2a: Delphox|Air Balloon\n|\n|-sideend|p1: Annler_Regi|move: Light Screen\n|upkeep\n|turn|18\n|\n|t:|1699759871\n|move|p2a: Delphox|Nasty Plot|p2a: Delphox\n|-boost|p2a: Delphox|spa|2\n|move|p1a: Hxney|Knock Off|p2a: Delphox\n|-supereffective|p2a: Delphox\n|-crit|p2a: Delphox\n|-damage|p2a: Delphox|23\/100\n|-enditem|p2a: Delphox|Air Balloon\n|\n|upkeep\n|turn|19\n|\n|t:|1699759882\n|switch|p1a: Crustle 2.0|Klawf, F|74\/100 frz\n|-damage|p1a: Crustle 2.0|62\/100 frz|[from] Stealth Rock\n|-terastallize|p2a: Delphox|Fighting\n|move|p2a: Delphox|Fire Blast|p1a: Crustle 2.0\n|-resisted|p1a: Crustle 2.0\n|-damage|p1a: Crustle 2.0|0 fnt\n|faint|p1a: Crustle 2.0\n|\n|upkeep\n|\n|t:|1699759889\n|switch|p1a: Lil' Gremlin|Pawmot, F|100\/100\n|-damage|p1a: Lil' Gremlin|94\/100|[from] Stealth Rock\n|turn|20\n|inactive|Annler_Regi has 210 seconds left.\n|\n|t:|1699759906\n|move|p1a: Lil' Gremlin|Wild Charge|p2a: Delphox\n|-damage|p2a: Delphox|0 fnt\n|faint|p2a: Delphox\n|-damage|p1a: Lil' Gremlin|90\/100|[from] Recoil\n|\n|upkeep\n|\n|t:|1699759915\n|switch|p2a: Tinkaton|Tinkaton, F|100\/100\n|-ability|p2a: Tinkaton|Mold Breaker\n|turn|21\n|\n|t:|1699759924\n|move|p2a: Tinkaton|Fake Out|p1a: Lil' Gremlin\n|-damage|p1a: Lil' Gremlin|73\/100\n|-damage|p2a: Tinkaton|91\/100|[from] item: Life Orb\n|cant|p1a: Lil' Gremlin|flinch\n|\n|upkeep\n|turn|22\n|\n|t:|1699759929\n|move|p1a: Lil' Gremlin|Revival Blessing|p1a: Lil' Gremlin\n|-enditem|p1a: Lil' Gremlin|Leppa Berry|[eat]\n|-activate|p1a: Lil' Gremlin|item: Leppa Berry|Revival Blessing|[consumed]\n|\n|t:|1699759950\n|-heal|p1: Crustle 2.0|50\/100|[from] move: Revival Blessing\n|move|p2a: Tinkaton|Play Rough|p1a: Lil' Gremlin\n|-supereffective|p1a: Lil' Gremlin\n|-damage|p1a: Lil' Gremlin|0 fnt\n|faint|p1a: Lil' Gremlin\n|-damage|p2a: Tinkaton|81\/100|[from] item: Life Orb\n|\n|upkeep\n|\n|t:|1699759956\n|switch|p1a: Cheap Bear|Garganacl, M|100\/100\n|-damage|p1a: Cheap Bear|88\/100|[from] Stealth Rock\n|turn|23\n|\n|t:|1699759964\n|switch|p2a: Blissey|Blissey, F|100\/100\n|-terastallize|p1a: Cheap Bear|Normal\n|move|p1a: Cheap Bear|Salt Cure|p2a: Blissey\n|-damage|p2a: Blissey|84\/100\n|-start|p2a: Blissey|Salt Cure\n|\n|-heal|p2a: Blissey|90\/100|[from] item: Leftovers\n|-damage|p2a: Blissey|78\/100|[from] Salt Cure\n|-status|p1a: Cheap Bear|brn|[from] item: Flame Orb\n|upkeep\n|turn|24\n|\n|t:|1699759973\n|move|p2a: Blissey|Seismic Toss|p1a: Cheap Bear\n|-damage|p1a: Cheap Bear|63\/100 brn\n|move|p1a: Cheap Bear|Facade|p2a: Blissey\n|-damage|p2a: Blissey|18\/100\n|\n|-heal|p2a: Blissey|24\/100|[from] item: Leftovers\n|-damage|p1a: Cheap Bear|57\/100 brn|[from] brn\n|-damage|p2a: Blissey|12\/100|[from] Salt Cure\n|upkeep\n|turn|25\n|\n|t:|1699759977\n|move|p2a: Blissey|Seismic Toss|p1a: Cheap Bear\n|-damage|p1a: Cheap Bear|32\/100 brn\n|move|p1a: Cheap Bear|Recover|p1a: Cheap Bear\n|-heal|p1a: Cheap Bear|82\/100 brn\n|\n|-heal|p2a: Blissey|18\/100|[from] item: Leftovers\n|-damage|p1a: Cheap Bear|76\/100 brn|[from] brn\n|-damage|p2a: Blissey|6\/100|[from] Salt Cure\n|upkeep\n|turn|26\n|inactive|Annler_Regi has 240 seconds left.\n|\n|t:|1699759986\n|move|p2a: Blissey|Soft-Boiled|p2a: Blissey\n|-heal|p2a: Blissey|56\/100\n|move|p1a: Cheap Bear|Facade|p2a: Blissey\n|-damage|p2a: Blissey|3\/100\n|\n|-heal|p2a: Blissey|9\/100|[from] item: Leftovers\n|-damage|p1a: Cheap Bear|70\/100 brn|[from] brn\n|-damage|p2a: Blissey|0 fnt|[from] Salt Cure\n|faint|p2a: Blissey\n|upkeep\n|\n|t:|1699759991\n|switch|p2a: Piplup|Piplup, M|73\/100\n|turn|27\n|\n|t:|1699760007\n|move|p2a: Piplup|Hydro Pump|p1a: Cheap Bear\n|-damage|p1a: Cheap Bear|34\/100 brn\n|move|p1a: Cheap Bear|Facade|p2a: Piplup\n|-damage|p2a: Piplup|0 fnt\n|faint|p2a: Piplup\n|\n|-damage|p1a: Cheap Bear|28\/100 brn|[from] brn\n|upkeep\n|\n|t:|1699760013\n|switch|p2a: Tinkaton|Tinkaton, F|81\/100\n|-ability|p2a: Tinkaton|Mold Breaker\n|turn|28\n|\n|t:|1699760017\n|move|p1a: Cheap Bear|Protect|p1a: Cheap Bear\n|-singleturn|p1a: Cheap Bear|Protect\n|move|p2a: Tinkaton|Fake Out|p1a: Cheap Bear\n|-activate|p1a: Cheap Bear|move: Protect\n|\n|-damage|p1a: Cheap Bear|22\/100 brn|[from] brn\n|upkeep\n|turn|29\n|\n|t:|1699760021\n|move|p2a: Tinkaton|Swords Dance|p2a: Tinkaton\n|-boost|p2a: Tinkaton|atk|2\n|move|p1a: Cheap Bear|Salt Cure|p2a: Tinkaton\n|-resisted|p2a: Tinkaton\n|-damage|p2a: Tinkaton|74\/100\n|-start|p2a: Tinkaton|Salt Cure\n|\n|-damage|p1a: Cheap Bear|16\/100 brn|[from] brn\n|-damage|p2a: Tinkaton|49\/100|[from] Salt Cure\n|upkeep\n|turn|30\n|\n|t:|1699760026\n|move|p1a: Cheap Bear|Protect|p1a: Cheap Bear\n|-singleturn|p1a: Cheap Bear|Protect\n|move|p2a: Tinkaton|Gigaton Hammer|p1a: Cheap Bear\n|-activate|p1a: Cheap Bear|move: Protect\n|\n|-damage|p1a: Cheap Bear|9\/100 brn|[from] brn\n|-damage|p2a: Tinkaton|25\/100|[from] Salt Cure\n|upkeep\n|turn|31\n|\n|t:|1699760033\n|move|p1a: Cheap Bear|Protect|p1a: Cheap Bear\n|-singleturn|p1a: Cheap Bear|Protect\n|move|p2a: Tinkaton|Play Rough|p1a: Cheap Bear\n|-activate|p1a: Cheap Bear|move: Protect\n|\n|-damage|p1a: Cheap Bear|3\/100 brn|[from] brn\n|-damage|p2a: Tinkaton|0 fnt|[from] Salt Cure\n|faint|p2a: Tinkaton\n|\n|win|Annler_Regi\n|upkeep\n|l|\u2606HxneyLovie\n","uploadtime":1699760069,"views":9,"p1id":"annlerregi","p2id":"hxneylovie","formatid":"gen9ou","rating":0,"private":0,"password":""}