{"id":"gen9ou-1996795617","p1":"Ouvt frfr","p2":"Bouli_Guili","format":"[Gen 9] OU","log":"|j|\u2606Ouvt frfr\n|j|\u2606Bouli_Guili\n|t:|1700726630\n|gametype|singles\n|player|p1|Ouvt frfr|dawn|1511\n|player|p2|Bouli_Guili|266|1585\n|teamsize|p1|6\n|teamsize|p2|6\n|gen|9\n|tier|[Gen 9] OU\n|rated|\n|rule|Sleep Clause Mod: Limit one foe put to sleep\n|rule|Species Clause: Limit one of each Pok\u00e9mon\n|rule|OHKO Clause: OHKO moves are banned\n|rule|Evasion Items Clause: Evasion items are banned\n|rule|Evasion Moves Clause: Evasion moves are banned\n|rule|Endless Battle Clause: Forcing endless battles is banned\n|rule|HP Percentage Mod: HP is shown in percentages\n|clearpoke\n|poke|p1|Clefable, M|\n|poke|p1|Gholdengo|\n|poke|p1|Cinderace, F|\n|poke|p1|Empoleon, M|\n|poke|p1|Landorus-Therian, M|\n|poke|p1|Ogerpon, F|\n|poke|p2|Ceruledge, F|\n|poke|p2|Garganacl, M|\n|poke|p2|Dragapult, M|\n|poke|p2|Cinderace, M|\n|poke|p2|Corviknight, M|\n|poke|p2|Great Tusk|\n|teampreview\n|\n|t:|1700726637\n|start\n|switch|p1a: Ogerpon|Ogerpon, F|100\/100\n|switch|p2a: Ronaldino soccer|Cinderace, M|100\/100\n|turn|1\n|\n|t:|1700726644\n|switch|p1a: Cinderace|Cinderace, F|100\/100\n|move|p2a: Ronaldino soccer|Pyro Ball|p1a: Cinderace\n|-resisted|p1a: Cinderace\n|-damage|p1a: Cinderace|66\/100\n|\n|upkeep\n|turn|2\n|\n|t:|1700726650\n|move|p2a: Ronaldino soccer|U-turn|p1a: Cinderace\n|-start|p2a: Ronaldino soccer|typechange|Bug|[from] ability: Libero\n|-resisted|p1a: Cinderace\n|-damage|p1a: Cinderace|47\/100\n|\n|t:|1700726655\n|switch|p2a: Grouink GROUIIINK|Great Tusk|100\/100|[from] U-turn\n|move|p1a: Cinderace|U-turn|p2a: Grouink GROUIIINK\n|-resisted|p2a: Grouink GROUIIINK\n|-damage|p2a: Grouink GROUIIINK|97\/100\n|\n|t:|1700726664\n|switch|p1a: Landorus|Landorus-Therian, M|100\/100|[from] U-turn\n|-ability|p1a: Landorus|Intimidate|boost\n|-unboost|p2a: Grouink GROUIIINK|atk|1\n|\n|-heal|p2a: Grouink GROUIIINK|100\/100|[from] item: Leftovers\n|upkeep\n|turn|3\n|\n|t:|1700726672\n|-end|p2a: Grouink GROUIIINK|Protosynthesis|[silent]\n|switch|p2a: GRIAAAAAARK|Corviknight, M|100\/100\n|-ability|p2a: GRIAAAAAARK|Pressure\n|move|p1a: Landorus|U-turn|p2a: GRIAAAAAARK\n|-resisted|p2a: GRIAAAAAARK\n|-damage|p2a: GRIAAAAAARK|96\/100\n|-damage|p1a: Landorus|84\/100|[from] item: Rocky Helmet|[of] p2a: GRIAAAAAARK\n|\n|t:|1700726677\n|switch|p1a: Cinderace|Cinderace, F|47\/100|[from] U-turn\n|\n|upkeep\n|turn|4\n|\n|t:|1700726680\n|switch|p2a: Grouink GROUIIINK|Great Tusk|100\/100\n|move|p1a: Cinderace|Will-O-Wisp|p2a: Grouink GROUIIINK\n|-status|p2a: Grouink GROUIIINK|brn\n|\n|-damage|p2a: Grouink GROUIIINK|94\/100 brn|[from] brn\n|upkeep\n|turn|5\n|\n|t:|1700726687\n|switch|p1a: Landorus|Landorus-Therian, M|84\/100\n|-ability|p1a: Landorus|Intimidate|boost\n|-unboost|p2a: Grouink GROUIIINK|atk|1\n|move|p2a: Grouink GROUIIINK|Stealth Rock|p1a: Landorus\n|-sidestart|p1: Ouvt frfr|move: Stealth Rock\n|\n|-heal|p2a: Grouink GROUIIINK|100\/100 brn|[from] item: Leftovers\n|-damage|p2a: Grouink GROUIIINK|94\/100 brn|[from] brn\n|upkeep\n|turn|6\n|\n|t:|1700726690\n|-end|p2a: Grouink GROUIIINK|Protosynthesis|[silent]\n|switch|p2a: GRIAAAAAARK|Corviknight, M|96\/100\n|-ability|p2a: GRIAAAAAARK|Pressure\n|move|p1a: Landorus|Stealth Rock|p2a: GRIAAAAAARK\n|-sidestart|p2: Bouli_Guili|move: Stealth Rock\n|\n|upkeep\n|turn|7\n|\n|t:|1700726702\n|move|p1a: Landorus|Taunt|p2a: GRIAAAAAARK\n|-start|p2a: GRIAAAAAARK|move: Taunt\n|move|p2a: GRIAAAAAARK|U-turn|p1a: Landorus\n|-resisted|p1a: Landorus\n|-damage|p1a: Landorus|77\/100\n|-damage|p2a: GRIAAAAAARK|80\/100|[from] item: Rocky Helmet|[of] p1a: Landorus\n|inactive|Battle timer is ON: inactive players will automatically lose when time's up. (requested by Ouvt frfr)\n|\n|t:|1700726705\n|switch|p2a: Grouink GROUIIINK|Great Tusk|94\/100 brn|[from] U-turn\n|-damage|p2a: Grouink GROUIIINK|91\/100 brn|[from] Stealth Rock\n|\n|-heal|p2a: Grouink GROUIIINK|98\/100 brn|[from] item: Leftovers\n|-damage|p2a: Grouink GROUIIINK|91\/100 brn|[from] brn\n|upkeep\n|turn|8\n|\n|t:|1700726712\n|switch|p1a: Gholdengo|Gholdengo|100\/100\n|-damage|p1a: Gholdengo|94\/100|[from] Stealth Rock\n|move|p2a: Grouink GROUIIINK|Rapid Spin|p1a: Gholdengo\n|-immune|p1a: Gholdengo\n|\n|-heal|p2a: Grouink GROUIIINK|98\/100 brn|[from] item: Leftovers\n|-damage|p2a: Grouink GROUIIINK|91\/100 brn|[from] brn\n|upkeep\n|turn|9\n|\n|t:|1700726720\n|-end|p2a: Grouink GROUIIINK|Protosynthesis|[silent]\n|switch|p2a: GRIAAAAAARK|Corviknight, M|80\/100\n|-damage|p2a: GRIAAAAAARK|67\/100|[from] Stealth Rock\n|-ability|p2a: GRIAAAAAARK|Pressure\n|move|p1a: Gholdengo|Make It Rain|p2a: GRIAAAAAARK\n|-resisted|p2a: GRIAAAAAARK\n|-damage|p2a: GRIAAAAAARK|44\/100\n|-unboost|p1a: Gholdengo|spa|1\n|\n|upkeep\n|turn|10\n|\n|t:|1700726733\n|switch|p1a: Ogerpon|Ogerpon, F|100\/100\n|-damage|p1a: Ogerpon|88\/100|[from] Stealth Rock\n|move|p2a: GRIAAAAAARK|Roost|p2a: GRIAAAAAARK\n|-heal|p2a: GRIAAAAAARK|94\/100\n|-singleturn|p2a: GRIAAAAAARK|move: Roost\n|\n|upkeep\n|turn|11\n|\n|t:|1700726738\n|switch|p1a: Gholdengo|Gholdengo|94\/100\n|-damage|p1a: Gholdengo|88\/100|[from] Stealth Rock\n|move|p2a: GRIAAAAAARK|Brave Bird|p1a: Gholdengo\n|-resisted|p1a: Gholdengo\n|-damage|p1a: Gholdengo|68\/100\n|-damage|p2a: GRIAAAAAARK|89\/100|[from] Recoil\n|\n|upkeep\n|turn|12\n|\n|t:|1700726748\n|switch|p2a: Grouink GROUIIINK|Great Tusk|91\/100 brn\n|-damage|p2a: Grouink GROUIIINK|88\/100 brn|[from] Stealth Rock\n|move|p1a: Gholdengo|Shadow Ball|p2a: Grouink GROUIIINK\n|-damage|p2a: Grouink GROUIIINK|36\/100 brn\n|\n|-heal|p2a: Grouink GROUIIINK|42\/100 brn|[from] item: Leftovers\n|-damage|p2a: Grouink GROUIIINK|36\/100 brn|[from] brn\n|upkeep\n|turn|13\n|\n|t:|1700726755\n|move|p1a: Gholdengo|Shadow Ball|p2a: Grouink GROUIIINK\n|-damage|p2a: Grouink GROUIIINK|0 fnt\n|faint|p2a: Grouink GROUIIINK\n|-end|p2a: Grouink GROUIIINK|Protosynthesis|[silent]\n|\n|upkeep\n|\n|t:|1700726763\n|switch|p2a: GRIAAAAAARK|Corviknight, M|89\/100\n|-damage|p2a: GRIAAAAAARK|77\/100|[from] Stealth Rock\n|-ability|p2a: GRIAAAAAARK|Pressure\n|turn|14\n|\n|t:|1700726767\n|move|p1a: Gholdengo|Shadow Ball|p2a: GRIAAAAAARK\n|-damage|p2a: GRIAAAAAARK|47\/100\n|move|p2a: GRIAAAAAARK|Brave Bird|p1a: Gholdengo\n|-resisted|p1a: Gholdengo\n|-damage|p1a: Gholdengo|47\/100\n|-damage|p2a: GRIAAAAAARK|41\/100|[from] Recoil\n|\n|upkeep\n|turn|15\n|\n|t:|1700726770\n|move|p1a: Gholdengo|Shadow Ball|p2a: GRIAAAAAARK\n|-damage|p2a: GRIAAAAAARK|13\/100\n|move|p2a: GRIAAAAAARK|Roost|p2a: GRIAAAAAARK\n|-heal|p2a: GRIAAAAAARK|63\/100\n|-singleturn|p2a: GRIAAAAAARK|move: Roost\n|\n|upkeep\n|turn|16\n|\n|t:|1700726774\n|move|p1a: Gholdengo|Shadow Ball|p2a: GRIAAAAAARK\n|-damage|p2a: GRIAAAAAARK|35\/100\n|move|p2a: GRIAAAAAARK|Roost|p2a: GRIAAAAAARK\n|-heal|p2a: GRIAAAAAARK|85\/100\n|-singleturn|p2a: GRIAAAAAARK|move: Roost\n|\n|upkeep\n|turn|17\n|\n|t:|1700726780\n|switch|p1a: Clefable|Clefable, M|100\/100\n|switch|p2a: gragragnagrrrrr|Garganacl, M|100\/100\n|-damage|p2a: gragragnagrrrrr|88\/100|[from] Stealth Rock\n|\n|-heal|p2a: gragragnagrrrrr|94\/100|[from] item: Leftovers\n|upkeep\n|turn|18\n|\n|t:|1700726785\n|move|p1a: Clefable|Knock Off|p2a: gragragnagrrrrr\n|-damage|p2a: gragragnagrrrrr|84\/100\n|-enditem|p2a: gragragnagrrrrr|Leftovers|[from] move: Knock Off|[of] p1a: Clefable\n|move|p2a: gragragnagrrrrr|Salt Cure|p1a: Clefable\n|-damage|p1a: Clefable|88\/100\n|-start|p1a: Clefable|Salt Cure\n|\n|-heal|p1a: Clefable|94\/100|[from] item: Leftovers\n|upkeep\n|turn|19\n|\n|t:|1700726791\n|switch|p2a: GRIAAAAAARK|Corviknight, M|85\/100\n|-damage|p2a: GRIAAAAAARK|73\/100|[from] Stealth Rock\n|-ability|p2a: GRIAAAAAARK|Pressure\n|move|p1a: Clefable|Wish|p1a: Clefable\n|\n|-heal|p1a: Clefable|100\/100|[from] item: Leftovers\n|upkeep\n|turn|20\n|\n|t:|1700726797\n|switch|p1a: Gholdengo|Gholdengo|47\/100\n|-damage|p1a: Gholdengo|41\/100|[from] Stealth Rock\n|move|p2a: GRIAAAAAARK|U-turn|p1a: Gholdengo\n|-resisted|p1a: Gholdengo\n|-damage|p1a: Gholdengo|37\/100\n|\n|t:|1700726804\n|switch|p2a: Ronaldino soccer|Cinderace, M|100\/100|[from] U-turn\n|\n|-heal|p1a: Gholdengo|99\/100|[from] move: Wish|[wisher] Clefable\n|upkeep\n|turn|21\n|\n|t:|1700726810\n|switch|p1a: Landorus|Landorus-Therian, M|77\/100\n|-damage|p1a: Landorus|64\/100|[from] Stealth Rock\n|-ability|p1a: Landorus|Intimidate|boost\n|-unboost|p2a: Ronaldino soccer|atk|1\n|move|p2a: Ronaldino soccer|U-turn|p1a: Landorus\n|-start|p2a: Ronaldino soccer|typechange|Bug|[from] ability: Libero\n|-resisted|p1a: Landorus\n|-damage|p1a: Landorus|54\/100\n|-damage|p2a: Ronaldino soccer|84\/100|[from] item: Rocky Helmet|[of] p1a: Landorus\n|\n|t:|1700726816\n|switch|p2a: Russian rockets|Dragapult, M|100\/100|[from] U-turn\n|-damage|p2a: Russian rockets|88\/100|[from] Stealth Rock\n|\n|upkeep\n|turn|22\n|\n|t:|1700726822\n|switch|p1a: Empoleon|Empoleon, M|100\/100\n|move|p2a: Russian rockets|Shadow Ball|p1a: Empoleon\n|-damage|p1a: Empoleon|63\/100\n|\n|upkeep\n|turn|23\n|\n|t:|1700726826\n|move|p2a: Russian rockets|Shadow Ball|p1a: Empoleon\n|-damage|p1a: Empoleon|29\/100\n|move|p1a: Empoleon|Roost|p1a: Empoleon\n|-heal|p1a: Empoleon|79\/100\n|-singleturn|p1a: Empoleon|move: Roost\n|\n|upkeep\n|turn|24\n|\n|t:|1700726830\n|move|p2a: Russian rockets|Shadow Ball|p1a: Empoleon\n|-damage|p1a: Empoleon|47\/100\n|move|p1a: Empoleon|Ice Beam|p2a: Russian rockets\n|-supereffective|p2a: Russian rockets\n|-damage|p2a: Russian rockets|26\/100\n|\n|upkeep\n|turn|25\n|\n|t:|1700726836\n|switch|p2a: GRIAAAAAARK|Corviknight, M|73\/100\n|-damage|p2a: GRIAAAAAARK|61\/100|[from] Stealth Rock\n|-ability|p2a: GRIAAAAAARK|Pressure\n|move|p1a: Empoleon|Roost|p1a: Empoleon\n|-heal|p1a: Empoleon|97\/100\n|-singleturn|p1a: Empoleon|move: Roost\n|\n|upkeep\n|turn|26\n|\n|t:|1700726841\n|switch|p1a: Gholdengo|Gholdengo|99\/100\n|-damage|p1a: Gholdengo|94\/100|[from] Stealth Rock\n|move|p2a: GRIAAAAAARK|U-turn|p1a: Gholdengo\n|-resisted|p1a: Gholdengo\n|-damage|p1a: Gholdengo|89\/100\n|\n|t:|1700726846\n|switch|p2a: Ronaldino soccer|Cinderace, M|84\/100|[from] U-turn\n|\n|upkeep\n|turn|27\n|\n|t:|1700726854\n|switch|p1a: Landorus|Landorus-Therian, M|54\/100\n|-damage|p1a: Landorus|42\/100|[from] Stealth Rock\n|-ability|p1a: Landorus|Intimidate|boost\n|-unboost|p2a: Ronaldino soccer|atk|1\n|move|p2a: Ronaldino soccer|Pyro Ball|p1a: Landorus\n|-damage|p1a: Landorus|4\/100\n|\n|upkeep\n|turn|28\n|\n|t:|1700726863\n|switch|p1a: Empoleon|Empoleon, M|97\/100\n|move|p2a: Ronaldino soccer|U-turn|p1a: Empoleon\n|-start|p2a: Ronaldino soccer|typechange|Bug|[from] ability: Libero\n|-resisted|p1a: Empoleon\n|-damage|p1a: Empoleon|85\/100\n|\n|t:|1700726871\n|switch|p2a: GRIAAAAAARK|Corviknight, M|61\/100|[from] U-turn\n|-damage|p2a: GRIAAAAAARK|49\/100|[from] Stealth Rock\n|-ability|p2a: GRIAAAAAARK|Pressure\n|\n|upkeep\n|turn|29\n|\n|t:|1700726885\n|move|p1a: Empoleon|Surf|p2a: GRIAAAAAARK\n|-damage|p2a: GRIAAAAAARK|26\/100\n|move|p2a: GRIAAAAAARK|Roost|p2a: GRIAAAAAARK\n|-heal|p2a: GRIAAAAAARK|76\/100\n|-singleturn|p2a: GRIAAAAAARK|move: Roost\n|\n|upkeep\n|turn|30\n|\n|t:|1700726891\n|switch|p1a: Gholdengo|Gholdengo|89\/100\n|-damage|p1a: Gholdengo|83\/100|[from] Stealth Rock\n|move|p2a: GRIAAAAAARK|Defog|p1a: Gholdengo\n|-immune|p1a: Gholdengo|[from] ability: Good as Gold\n|\n|upkeep\n|turn|31\n|\n|t:|1700726898\n|move|p1a: Gholdengo|Shadow Ball|p2a: GRIAAAAAARK\n|-damage|p2a: GRIAAAAAARK|44\/100\n|move|p2a: GRIAAAAAARK|U-turn|p1a: Gholdengo\n|-resisted|p1a: Gholdengo\n|-damage|p1a: Gholdengo|79\/100\n|\n|t:|1700726903\n|switch|p2a: Ronaldino soccer|Cinderace, M|84\/100|[from] U-turn\n|\n|upkeep\n|turn|32\n|\n|t:|1700726906\n|switch|p1a: Landorus|Landorus-Therian, M|4\/100\n|-damage|p1a: Landorus|0 fnt|[from] Stealth Rock\n|faint|p1a: Landorus\n|move|p2a: Ronaldino soccer|U-turn|p1: Landorus|[notarget]\n|-fail|p2a: Ronaldino soccer\n|\n|upkeep\n|\n|t:|1700726909\n|switch|p1a: Cinderace|Cinderace, F|47\/100\n|turn|33\n|\n|t:|1700726915\n|move|p1a: Cinderace|Pyro Ball|p2a: Ronaldino soccer\n|-resisted|p2a: Ronaldino soccer\n|-damage|p2a: Ronaldino soccer|51\/100\n|move|p2a: Ronaldino soccer|Pyro Ball|p1a: Cinderace\n|-resisted|p1a: Cinderace\n|-damage|p1a: Cinderace|10\/100\n|\n|upkeep\n|turn|34\n|\n|t:|1700726922\n|move|p1a: Cinderace|Pyro Ball|p2a: Ronaldino soccer\n|-resisted|p2a: Ronaldino soccer\n|-damage|p2a: Ronaldino soccer|0 fnt\n|faint|p2a: Ronaldino soccer\n|\n|upkeep\n|\n|t:|1700726930\n|switch|p2a: gragragnagrrrrr|Garganacl, M|84\/100\n|-damage|p2a: gragragnagrrrrr|72\/100|[from] Stealth Rock\n|turn|35\n|\n|t:|1700726940\n|move|p1a: Cinderace|U-turn|p2a: gragragnagrrrrr\n|-damage|p2a: gragragnagrrrrr|58\/100\n|\n|t:|1700726942\n|switch|p1a: Clefable|Clefable, M|100\/100|[from] U-turn\n|move|p2a: gragragnagrrrrr|Iron Defense|p2a: gragragnagrrrrr\n|-boost|p2a: gragragnagrrrrr|def|2\n|\n|upkeep\n|turn|36\n|\n|t:|1700726946\n|move|p1a: Clefable|Moonblast|p2a: gragragnagrrrrr\n|-damage|p2a: gragragnagrrrrr|39\/100\n|move|p2a: gragragnagrrrrr|Recover|p2a: gragragnagrrrrr\n|-heal|p2a: gragragnagrrrrr|89\/100\n|\n|upkeep\n|turn|37\n|\n|t:|1700726949\n|move|p1a: Clefable|Moonblast|p2a: gragragnagrrrrr\n|-damage|p2a: gragragnagrrrrr|69\/100\n|move|p2a: gragragnagrrrrr|Iron Defense|p2a: gragragnagrrrrr\n|-boost|p2a: gragragnagrrrrr|def|2\n|\n|upkeep\n|turn|38\n|j| dfghhhg\n|\n|t:|1700726955\n|move|p1a: Clefable|Moonblast|p2a: gragragnagrrrrr\n|-damage|p2a: gragragnagrrrrr|49\/100\n|move|p2a: gragragnagrrrrr|Iron Defense|p2a: gragragnagrrrrr\n|-boost|p2a: gragragnagrrrrr|def|2\n|\n|upkeep\n|turn|39\n|\n|t:|1700726960\n|move|p1a: Clefable|Wish|p1a: Clefable\n|move|p2a: gragragnagrrrrr|Recover|p2a: gragragnagrrrrr\n|-heal|p2a: gragragnagrrrrr|99\/100\n|\n|upkeep\n|turn|40\n|\n|t:|1700726964\n|move|p1a: Clefable|Moonblast|p2a: gragragnagrrrrr\n|-damage|p2a: gragragnagrrrrr|80\/100\n|move|p2a: gragragnagrrrrr|Body Press|p1a: Clefable\n|-resisted|p1a: Clefable\n|-damage|p1a: Clefable|63\/100\n|\n|-heal|p1a: Clefable|100\/100|[from] move: Wish|[wisher] Clefable\n|upkeep\n|turn|41\n|\n|t:|1700726968\n|move|p1a: Clefable|Moonblast|p2a: gragragnagrrrrr\n|-damage|p2a: gragragnagrrrrr|60\/100\n|move|p2a: gragragnagrrrrr|Body Press|p1a: Clefable\n|-resisted|p1a: Clefable\n|-damage|p1a: Clefable|66\/100\n|\n|-heal|p1a: Clefable|72\/100|[from] item: Leftovers\n|upkeep\n|turn|42\n|\n|t:|1700726974\n|move|p1a: Clefable|Protect|p1a: Clefable\n|-singleturn|p1a: Clefable|Protect\n|move|p2a: gragragnagrrrrr|Body Press|p1a: Clefable\n|-activate|p1a: Clefable|move: Protect\n|\n|-heal|p1a: Clefable|78\/100|[from] item: Leftovers\n|upkeep\n|turn|43\n|\n|t:|1700726977\n|move|p1a: Clefable|Wish|p1a: Clefable\n|move|p2a: gragragnagrrrrr|Body Press|p1a: Clefable\n|-resisted|p1a: Clefable\n|-damage|p1a: Clefable|42\/100\n|\n|-heal|p1a: Clefable|48\/100|[from] item: Leftovers\n|upkeep\n|turn|44\n|\n|t:|1700726979\n|move|p1a: Clefable|Moonblast|p2a: gragragnagrrrrr\n|-damage|p2a: gragragnagrrrrr|39\/100\n|move|p2a: gragragnagrrrrr|Body Press|p1a: Clefable\n|-resisted|p1a: Clefable\n|-damage|p1a: Clefable|9\/100\n|\n|-heal|p1a: Clefable|59\/100|[from] move: Wish|[wisher] Clefable\n|-heal|p1a: Clefable|65\/100|[from] item: Leftovers\n|upkeep\n|turn|45\n|\n|t:|1700726985\n|move|p1a: Clefable|Protect|p1a: Clefable\n|-singleturn|p1a: Clefable|Protect\n|move|p2a: gragragnagrrrrr|Body Press|p1a: Clefable\n|-activate|p1a: Clefable|move: Protect\n|\n|-heal|p1a: Clefable|71\/100|[from] item: Leftovers\n|upkeep\n|turn|46\n|\n|t:|1700726988\n|move|p1a: Clefable|Wish|p1a: Clefable\n|move|p2a: gragragnagrrrrr|Recover|p2a: gragragnagrrrrr\n|-heal|p2a: gragragnagrrrrr|89\/100\n|\n|-heal|p1a: Clefable|77\/100|[from] item: Leftovers\n|upkeep\n|turn|47\n|\n|t:|1700726993\n|move|p1a: Clefable|Moonblast|p2a: gragragnagrrrrr\n|-damage|p2a: gragragnagrrrrr|70\/100\n|-unboost|p2a: gragragnagrrrrr|spa|1\n|move|p2a: gragragnagrrrrr|Body Press|p1a: Clefable\n|-resisted|p1a: Clefable\n|-damage|p1a: Clefable|41\/100\n|\n|-heal|p1a: Clefable|91\/100|[from] move: Wish|[wisher] Clefable\n|-heal|p1a: Clefable|97\/100|[from] item: Leftovers\n|upkeep\n|turn|48\n|\n|t:|1700726999\n|move|p1a: Clefable|Protect|p1a: Clefable\n|-singleturn|p1a: Clefable|Protect\n|move|p2a: gragragnagrrrrr|Salt Cure|p1a: Clefable\n|-activate|p1a: Clefable|move: Protect\n|\n|-heal|p1a: Clefable|100\/100|[from] item: Leftovers\n|upkeep\n|turn|49\n|\n|t:|1700727003\n|move|p1a: Clefable|Knock Off|p2a: gragragnagrrrrr\n|-damage|p2a: gragragnagrrrrr|68\/100\n|move|p2a: gragragnagrrrrr|Body Press|p1a: Clefable\n|-resisted|p1a: Clefable\n|-damage|p1a: Clefable|64\/100\n|\n|-heal|p1a: Clefable|70\/100|[from] item: Leftovers\n|upkeep\n|turn|50\n|\n|t:|1700727006\n|move|p1a: Clefable|Protect|p1a: Clefable\n|-singleturn|p1a: Clefable|Protect\n|move|p2a: gragragnagrrrrr|Salt Cure|p1a: Clefable\n|-activate|p1a: Clefable|move: Protect\n|\n|-heal|p1a: Clefable|76\/100|[from] item: Leftovers\n|upkeep\n|turn|51\n|\n|t:|1700727011\n|move|p1a: Clefable|Wish|p1a: Clefable\n|move|p2a: gragragnagrrrrr|Body Press|p1a: Clefable\n|-resisted|p1a: Clefable\n|-damage|p1a: Clefable|37\/100\n|\n|-heal|p1a: Clefable|43\/100|[from] item: Leftovers\n|upkeep\n|turn|52\n|\n|t:|1700727016\n|move|p1a: Clefable|Moonblast|p2a: gragragnagrrrrr\n|-damage|p2a: gragragnagrrrrr|47\/100\n|move|p2a: gragragnagrrrrr|Salt Cure|p1a: Clefable\n|-damage|p1a: Clefable|32\/100\n|-start|p1a: Clefable|Salt Cure\n|\n|-heal|p1a: Clefable|82\/100|[from] move: Wish|[wisher] Clefable\n|-heal|p1a: Clefable|88\/100|[from] item: Leftovers\n|upkeep\n|turn|53\n|\n|t:|1700727025\n|move|p1a: Clefable|Knock Off|p2a: gragragnagrrrrr\n|-damage|p2a: gragragnagrrrrr|45\/100\n|move|p2a: gragragnagrrrrr|Recover|p2a: gragragnagrrrrr\n|-heal|p2a: gragragnagrrrrr|95\/100\n|\n|-heal|p1a: Clefable|94\/100|[from] item: Leftovers\n|upkeep\n|turn|54\n|\n|t:|1700727033\n|move|p1a: Clefable|Knock Off|p2a: gragragnagrrrrr\n|-damage|p2a: gragragnagrrrrr|93\/100\n|move|p2a: gragragnagrrrrr|Body Press|p1a: Clefable\n|-resisted|p1a: Clefable\n|-damage|p1a: Clefable|57\/100\n|\n|-heal|p1a: Clefable|63\/100|[from] item: Leftovers\n|upkeep\n|turn|55\n|\n|t:|1700727039\n|move|p1a: Clefable|Wish|p1a: Clefable\n|move|p2a: gragragnagrrrrr|Body Press|p1a: Clefable\n|-resisted|p1a: Clefable\n|-damage|p1a: Clefable|28\/100\n|\n|-heal|p1a: Clefable|34\/100|[from] item: Leftovers\n|upkeep\n|turn|56\n|\n|t:|1700727050\n|move|p1a: Clefable|Protect|p1a: Clefable\n|-singleturn|p1a: Clefable|Protect\n|move|p2a: gragragnagrrrrr|Salt Cure|p1a: Clefable\n|-activate|p1a: Clefable|move: Protect\n|\n|-heal|p1a: Clefable|84\/100|[from] move: Wish|[wisher] Clefable\n|-heal|p1a: Clefable|90\/100|[from] item: Leftovers\n|upkeep\n|turn|57\n|\n|t:|1700727056\n|move|p1a: Clefable|Moonblast|p2a: gragragnagrrrrr\n|-damage|p2a: gragragnagrrrrr|71\/100\n|move|p2a: gragragnagrrrrr|Body Press|p1a: Clefable\n|-resisted|p1a: Clefable\n|-damage|p1a: Clefable|55\/100\n|\n|-heal|p1a: Clefable|61\/100|[from] item: Leftovers\n|upkeep\n|turn|58\n|\n|t:|1700727061\n|move|p1a: Clefable|Protect|p1a: Clefable\n|-singleturn|p1a: Clefable|Protect\n|move|p2a: gragragnagrrrrr|Body Press|p1a: Clefable\n|-activate|p1a: Clefable|move: Protect\n|\n|-heal|p1a: Clefable|68\/100|[from] item: Leftovers\n|upkeep\n|turn|59\n|\n|t:|1700727065\n|switch|p2a: GRIAAAAAARK|Corviknight, M|44\/100\n|-damage|p2a: GRIAAAAAARK|32\/100|[from] Stealth Rock\n|-ability|p2a: GRIAAAAAARK|Pressure\n|move|p1a: Clefable|Wish|p1a: Clefable\n|\n|-heal|p1a: Clefable|74\/100|[from] item: Leftovers\n|upkeep\n|turn|60\n|\n|t:|1700727072\n|move|p1a: Clefable|Knock Off|p2a: GRIAAAAAARK\n|-damage|p2a: GRIAAAAAARK|20\/100\n|-enditem|p2a: GRIAAAAAARK|Rocky Helmet|[from] move: Knock Off|[of] p1a: Clefable\n|move|p2a: GRIAAAAAARK|Defog|p1a: Clefable\n|-unboost|p1a: Clefable|evasion|1\n|-sideend|p1: Ouvt frfr|Stealth Rock|[from] move: Defog|[of] p2a: GRIAAAAAARK\n|-sideend|p2: Bouli_Guili|Stealth Rock|[from] move: Defog|[of] p2a: GRIAAAAAARK\n|\n|-heal|p1a: Clefable|100\/100|[from] move: Wish|[wisher] Clefable\n|upkeep\n|turn|61\n|\n|t:|1700727095\n|switch|p1a: Empoleon|Empoleon, M|85\/100\n|move|p2a: GRIAAAAAARK|Roost|p2a: GRIAAAAAARK\n|-heal|p2a: GRIAAAAAARK|70\/100\n|-singleturn|p2a: GRIAAAAAARK|move: Roost\n|\n|upkeep\n|turn|62\n|\n|t:|1700727102\n|move|p1a: Empoleon|Surf|p2a: GRIAAAAAARK\n|-damage|p2a: GRIAAAAAARK|44\/100\n|move|p2a: GRIAAAAAARK|Roost|p2a: GRIAAAAAARK\n|-heal|p2a: GRIAAAAAARK|94\/100\n|-singleturn|p2a: GRIAAAAAARK|move: Roost\n|\n|upkeep\n|turn|63\n|\n|t:|1700727107\n|move|p1a: Empoleon|Surf|p2a: GRIAAAAAARK\n|-damage|p2a: GRIAAAAAARK|72\/100\n|move|p2a: GRIAAAAAARK|U-turn|p1a: Empoleon\n|-resisted|p1a: Empoleon\n|-damage|p1a: Empoleon|77\/100\n|\n|t:|1700727127\n|switch|p2a: gragragnagrrrrr|Garganacl, M|71\/100|[from] U-turn\n|\n|upkeep\n|turn|64\n|\n|t:|1700727137\n|switch|p1a: Clefable|Clefable, M|100\/100\n|-terastallize|p2a: gragragnagrrrrr|Water\n|move|p2a: gragragnagrrrrr|Salt Cure|p1a: Clefable\n|-damage|p1a: Clefable|88\/100\n|-start|p1a: Clefable|Salt Cure\n|\n|-heal|p1a: Clefable|94\/100|[from] item: Leftovers\n|upkeep\n|turn|65\n|\n|t:|1700727145\n|switch|p2a: GRIAAAAAARK|Corviknight, M|72\/100\n|-ability|p2a: GRIAAAAAARK|Pressure\n|move|p1a: Clefable|Wish|p1a: Clefable\n|\n|-heal|p1a: Clefable|100\/100|[from] item: Leftovers\n|upkeep\n|turn|66\n|\n|t:|1700727156\n|switch|p1a: Empoleon|Empoleon, M|77\/100\n|move|p2a: GRIAAAAAARK|U-turn|p1a: Empoleon\n|-resisted|p1a: Empoleon\n|-damage|p1a: Empoleon|70\/100\n|\n|t:|1700727161\n|switch|p2a: gragragnagrrrrr|Garganacl, M, tera:Water|71\/100|[from] U-turn\n|\n|-heal|p1a: Empoleon|100\/100|[from] move: Wish|[wisher] Clefable\n|upkeep\n|turn|67\n|\n|t:|1700727167\n|switch|p1a: Clefable|Clefable, M|100\/100\n|move|p2a: gragragnagrrrrr|Salt Cure|p1a: Clefable\n|-damage|p1a: Clefable|90\/100\n|-start|p1a: Clefable|Salt Cure\n|\n|-heal|p1a: Clefable|96\/100|[from] item: Leftovers\n|upkeep\n|turn|68\n|\n|t:|1700727177\n|switch|p2a: GRIAAAAAARK|Corviknight, M|72\/100\n|-ability|p2a: GRIAAAAAARK|Pressure\n|move|p1a: Clefable|Wish|p1a: Clefable\n|\n|-heal|p1a: Clefable|100\/100|[from] item: Leftovers\n|upkeep\n|turn|69\n|\n|t:|1700727183\n|switch|p1a: Gholdengo|Gholdengo|79\/100\n|move|p2a: GRIAAAAAARK|U-turn|p1a: Gholdengo\n|-resisted|p1a: Gholdengo\n|-damage|p1a: Gholdengo|75\/100\n|\n|t:|1700727188\n|switch|p2a: Russian rockets|Dragapult, M|26\/100|[from] U-turn\n|\n|-heal|p1a: Gholdengo|100\/100|[from] move: Wish|[wisher] Clefable\n|upkeep\n|turn|70\n|\n|t:|1700727191\n|move|p1a: Gholdengo|Shadow Ball|p2a: Russian rockets\n|-supereffective|p2a: Russian rockets\n|-damage|p2a: Russian rockets|0 fnt\n|faint|p2a: Russian rockets\n|\n|upkeep\n|\n|t:|1700727197\n|switch|p2a: Adam Smith|Ceruledge, F|100\/100\n|turn|71\n|\n|t:|1700727205\n|switch|p2a: gragragnagrrrrr|Garganacl, M, tera:Water|71\/100\n|move|p1a: Gholdengo|Shadow Ball|p2a: gragragnagrrrrr\n|-damage|p2a: gragragnagrrrrr|56\/100\n|-unboost|p2a: gragragnagrrrrr|spd|1\n|\n|upkeep\n|turn|72\n|\n|t:|1700727217\n|switch|p1a: Ogerpon|Ogerpon, F|88\/100\n|switch|p2a: GRIAAAAAARK|Corviknight, M|72\/100\n|-ability|p2a: GRIAAAAAARK|Pressure\n|\n|upkeep\n|turn|73\n|\n|t:|1700727226\n|move|p1a: Ogerpon|U-turn|p2a: GRIAAAAAARK\n|-resisted|p2a: GRIAAAAAARK\n|-crit|p2a: GRIAAAAAARK\n|-damage|p2a: GRIAAAAAARK|65\/100\n|\n|t:|1700727228\n|switch|p1a: Empoleon|Empoleon, M|100\/100|[from] U-turn\n|move|p2a: GRIAAAAAARK|Brave Bird|p1a: Empoleon\n|-resisted|p1a: Empoleon\n|-damage|p1a: Empoleon|81\/100\n|-damage|p2a: GRIAAAAAARK|59\/100|[from] Recoil\n|\n|upkeep\n|turn|74\n|\n|t:|1700727233\n|move|p1a: Empoleon|Surf|p2a: GRIAAAAAARK\n|-damage|p2a: GRIAAAAAARK|34\/100\n|move|p2a: GRIAAAAAARK|Roost|p2a: GRIAAAAAARK\n|-heal|p2a: GRIAAAAAARK|84\/100\n|-singleturn|p2a: GRIAAAAAARK|move: Roost\n|\n|upkeep\n|turn|75\n|l| dfghhhg\n|\n|t:|1700727239\n|move|p1a: Empoleon|Surf|p2a: GRIAAAAAARK\n|-crit|p2a: GRIAAAAAARK\n|-damage|p2a: GRIAAAAAARK|48\/100\n|move|p2a: GRIAAAAAARK|U-turn|p1a: Empoleon\n|-resisted|p1a: Empoleon\n|-damage|p1a: Empoleon|73\/100\n|\n|t:|1700727242\n|switch|p2a: gragragnagrrrrr|Garganacl, M, tera:Water|56\/100|[from] U-turn\n|\n|upkeep\n|turn|76\n|\n|t:|1700727251\n|switch|p1a: Clefable|Clefable, M|100\/100\n|move|p2a: gragragnagrrrrr|Recover|p2a: gragragnagrrrrr\n|-heal|p2a: gragragnagrrrrr|100\/100\n|\n|upkeep\n|turn|77\n|\n|t:|1700727262\n|switch|p2a: GRIAAAAAARK|Corviknight, M|48\/100\n|-ability|p2a: GRIAAAAAARK|Pressure\n|move|p1a: Clefable|Moonblast|p2a: GRIAAAAAARK\n|-resisted|p2a: GRIAAAAAARK\n|-damage|p2a: GRIAAAAAARK|37\/100\n|\n|upkeep\n|turn|78\n|\n|t:|1700727269\n|switch|p1a: Empoleon|Empoleon, M|73\/100\n|move|p2a: GRIAAAAAARK|Roost|p2a: GRIAAAAAARK\n|-heal|p2a: GRIAAAAAARK|87\/100\n|-singleturn|p2a: GRIAAAAAARK|move: Roost\n|\n|upkeep\n|turn|79\n|\n|t:|1700727276\n|move|p1a: Empoleon|Roost|p1a: Empoleon\n|-heal|p1a: Empoleon|100\/100\n|-singleturn|p1a: Empoleon|move: Roost\n|move|p2a: GRIAAAAAARK|U-turn|p1a: Empoleon\n|-resisted|p1a: Empoleon\n|-damage|p1a: Empoleon|94\/100\n|\n|t:|1700727285\n|switch|p2a: gragragnagrrrrr|Garganacl, M, tera:Water|100\/100|[from] U-turn\n|\n|upkeep\n|turn|80\n|\n|t:|1700727288\n|switch|p1a: Clefable|Clefable, M|100\/100\n|move|p2a: gragragnagrrrrr|Iron Defense|p2a: gragragnagrrrrr\n|-boost|p2a: gragragnagrrrrr|def|2\n|\n|upkeep\n|turn|81\n|\n|t:|1700727293\n|move|p1a: Clefable|Knock Off|p2a: gragragnagrrrrr\n|-crit|p2a: gragragnagrrrrr\n|-damage|p2a: gragragnagrrrrr|89\/100\n|move|p2a: gragragnagrrrrr|Iron Defense|p2a: gragragnagrrrrr\n|-boost|p2a: gragragnagrrrrr|def|2\n|\n|upkeep\n|turn|82\n|\n|t:|1700727299\n|move|p1a: Clefable|Knock Off|p2a: gragragnagrrrrr\n|-damage|p2a: gragragnagrrrrr|87\/100\n|move|p2a: gragragnagrrrrr|Iron Defense|p2a: gragragnagrrrrr\n|-boost|p2a: gragragnagrrrrr|def|2\n|\n|upkeep\n|turn|83\n|\n|t:|1700727306\n|move|p1a: Clefable|Knock Off|p2a: gragragnagrrrrr\n|-damage|p2a: gragragnagrrrrr|85\/100\n|move|p2a: gragragnagrrrrr|Salt Cure|p1a: Clefable\n|-damage|p1a: Clefable|90\/100\n|-start|p1a: Clefable|Salt Cure\n|\n|-heal|p1a: Clefable|96\/100|[from] item: Leftovers\n|upkeep\n|turn|84\n|\n|t:|1700727313\n|move|p1a: Clefable|Moonblast|p2a: gragragnagrrrrr\n|-crit|p2a: gragragnagrrrrr\n|-damage|p2a: gragragnagrrrrr|57\/100\n|move|p2a: gragragnagrrrrr|Salt Cure|p1a: Clefable\n|-damage|p1a: Clefable|85\/100\n|\n|-heal|p1a: Clefable|91\/100|[from] item: Leftovers\n|upkeep\n|turn|85\n|\n|t:|1700727326\n|switch|p1a: Gholdengo|Gholdengo|100\/100\n|move|p2a: gragragnagrrrrr|Salt Cure|p1a: Gholdengo\n|-resisted|p1a: Gholdengo\n|-damage|p1a: Gholdengo|92\/100\n|-start|p1a: Gholdengo|Salt Cure\n|\n|-damage|p1a: Gholdengo|67\/100|[from] Salt Cure\n|upkeep\n|turn|86\n|\n|t:|1700727331\n|move|p1a: Gholdengo|Trick|p2a: gragragnagrrrrr\n|-activate|p1a: Gholdengo|move: Trick|[of] p2a: gragragnagrrrrr\n|-item|p2a: gragragnagrrrrr|Choice Scarf|[from] move: Trick\n|-enditem|p1a: Gholdengo|Choice Scarf|[silent]|[from] move: Trick\n|move|p2a: gragragnagrrrrr|Recover|p2a: gragragnagrrrrr\n|-heal|p2a: gragragnagrrrrr|100\/100\n|\n|-damage|p1a: Gholdengo|42\/100|[from] Salt Cure\n|upkeep\n|turn|87\n|\n|t:|1700727337\n|switch|p1a: Empoleon|Empoleon, M|94\/100\n|switch|p2a: GRIAAAAAARK|Corviknight, M|87\/100\n|-ability|p2a: GRIAAAAAARK|Pressure\n|\n|upkeep\n|turn|88\n|\n|t:|1700727343\n|move|p1a: Empoleon|Surf|p2a: GRIAAAAAARK\n|-damage|p2a: GRIAAAAAARK|65\/100\n|move|p2a: GRIAAAAAARK|U-turn|p1a: Empoleon\n|-resisted|p1a: Empoleon\n|-damage|p1a: Empoleon|86\/100\n|\n|t:|1700727346\n|switch|p2a: gragragnagrrrrr|Garganacl, M, tera:Water|100\/100|[from] U-turn\n|\n|upkeep\n|turn|89\n|\n|t:|1700727349\n|switch|p1a: Clefable|Clefable, M|91\/100\n|move|p2a: gragragnagrrrrr|Salt Cure|p1a: Clefable\n|-damage|p1a: Clefable|78\/100\n|-start|p1a: Clefable|Salt Cure\n|\n|-heal|p1a: Clefable|85\/100|[from] item: Leftovers\n|upkeep\n|turn|90\n|\n|t:|1700727354\n|move|p2a: gragragnagrrrrr|Salt Cure|p1a: Clefable\n|-damage|p1a: Clefable|72\/100\n|move|p1a: Clefable|Wish|p1a: Clefable\n|\n|-heal|p1a: Clefable|78\/100|[from] item: Leftovers\n|upkeep\n|turn|91\n|\n|t:|1700727358\n|switch|p2a: GRIAAAAAARK|Corviknight, M|65\/100\n|-ability|p2a: GRIAAAAAARK|Pressure\n|switch|p1a: Gholdengo|Gholdengo|42\/100\n|\n|-heal|p1a: Gholdengo|100\/100|[from] move: Wish|[wisher] Clefable\n|upkeep\n|turn|92\n|\n|t:|1700727368\n|move|p1a: Gholdengo|Shadow Ball|p2a: GRIAAAAAARK\n|-damage|p2a: GRIAAAAAARK|36\/100\n|-unboost|p2a: GRIAAAAAARK|spd|1\n|move|p2a: GRIAAAAAARK|U-turn|p1a: Gholdengo\n|-resisted|p1a: Gholdengo\n|-damage|p1a: Gholdengo|96\/100\n|\n|t:|1700727377\n|switch|p2a: Adam Smith|Ceruledge, F|100\/100|[from] U-turn\n|\n|upkeep\n|turn|93\n|\n|t:|1700727387\n|move|p2a: Adam Smith|Poltergeist||[still]\n|-fail|p2a: Adam Smith\n|move|p1a: Gholdengo|Shadow Ball|p2a: Adam Smith\n|-supereffective|p2a: Adam Smith\n|-damage|p2a: Adam Smith|4\/100\n|\n|upkeep\n|turn|94\n|c|\u2606Bouli_Guili|fuck\n|c|\u2606Bouli_Guili|i'm so stupid\n|\n|t:|1700727398\n|switch|p1a: Cinderace|Cinderace, F|10\/100\n|move|p2a: Adam Smith|Bitter Blade|p1a: Cinderace\n|-resisted|p1a: Cinderace\n|-damage|p1a: Cinderace|0 fnt\n|-heal|p2a: Adam Smith|10\/100|[from] drain|[of] p1a: Cinderace\n|faint|p1a: Cinderace\n|\n|upkeep\n|\n|t:|1700727401\n|switch|p1a: Ogerpon|Ogerpon, F|88\/100\n|turn|95\n|\n|t:|1700727405\n|-terastallize|p1a: Ogerpon|Grass\n|detailschange|p1a: Ogerpon|Ogerpon-Teal-Tera, F, tera:Grass\n|-ability|p1a: Ogerpon|Embody Aspect (Teal)|boost\n|-boost|p1a: Ogerpon|spe|1\n|move|p1a: Ogerpon|Ivy Cudgel|p2a: Adam Smith\n|-resisted|p2a: Adam Smith\n|-damage|p2a: Adam Smith|0 fnt\n|faint|p2a: Adam Smith\n|\n|upkeep\n|\n|t:|1700727413\n|switch|p2a: GRIAAAAAARK|Corviknight, M|36\/100\n|-ability|p2a: GRIAAAAAARK|Pressure\n|turn|96\n|\n|t:|1700727416\n|switch|p1a: Gholdengo|Gholdengo|96\/100\n|move|p2a: GRIAAAAAARK|Brave Bird|p1a: Gholdengo\n|-resisted|p1a: Gholdengo\n|-damage|p1a: Gholdengo|74\/100\n|-damage|p2a: GRIAAAAAARK|30\/100|[from] Recoil\n|\n|upkeep\n|turn|97\n|\n|t:|1700727420\n|switch|p1a: Ogerpon|Ogerpon-Teal-Tera, F, tera:Grass|88\/100\n|-ability|p1a: Ogerpon|Embody Aspect (Teal)|boost\n|-boost|p1a: Ogerpon|spe|1\n|switch|p2a: gragragnagrrrrr|Garganacl, M, tera:Water|100\/100\n|\n|upkeep\n|turn|98\n|\n|t:|1700727426\n|move|p1a: Ogerpon|Ivy Cudgel|p2a: gragragnagrrrrr\n|-supereffective|p2a: gragragnagrrrrr\n|-damage|p2a: gragragnagrrrrr|17\/100\n|move|p2a: gragragnagrrrrr|Salt Cure|p1a: Ogerpon\n|-damage|p1a: Ogerpon|70\/100\n|-start|p1a: Ogerpon|Salt Cure\n|\n|-damage|p1a: Ogerpon|58\/100|[from] Salt Cure\n|upkeep\n|turn|99\n|\n|t:|1700727431\n|switch|p2a: GRIAAAAAARK|Corviknight, M|30\/100\n|-ability|p2a: GRIAAAAAARK|Pressure\n|move|p1a: Ogerpon|Ivy Cudgel|p2a: GRIAAAAAARK\n|-resisted|p2a: GRIAAAAAARK\n|-damage|p2a: GRIAAAAAARK|18\/100\n|\n|-damage|p1a: Ogerpon|46\/100|[from] Salt Cure\n|upkeep\n|turn|100\n|\n|t:|1700727435\n|switch|p1a: Gholdengo|Gholdengo|74\/100\n|move|p2a: GRIAAAAAARK|U-turn|p1a: Gholdengo\n|-resisted|p1a: Gholdengo\n|-damage|p1a: Gholdengo|71\/100\n|\n|t:|1700727438\n|switch|p2a: gragragnagrrrrr|Garganacl, M, tera:Water|17\/100|[from] U-turn\n|\n|upkeep\n|turn|101\n|\n|t:|1700727441\n|move|p1a: Gholdengo|Shadow Ball|p2a: gragragnagrrrrr\n|-damage|p2a: gragragnagrrrrr|4\/100\n|move|p2a: gragragnagrrrrr|Recover|p2a: gragragnagrrrrr\n|-heal|p2a: gragragnagrrrrr|54\/100\n|\n|upkeep\n|turn|102\n|\n|t:|1700727447\n|move|p1a: Gholdengo|Shadow Ball|p2a: gragragnagrrrrr\n|-damage|p2a: gragragnagrrrrr|40\/100\n|move|p2a: gragragnagrrrrr|Recover|p2a: gragragnagrrrrr\n|-heal|p2a: gragragnagrrrrr|90\/100\n|\n|upkeep\n|turn|103\n|\n|t:|1700727451\n|switch|p2a: GRIAAAAAARK|Corviknight, M|18\/100\n|-ability|p2a: GRIAAAAAARK|Pressure\n|move|p1a: Gholdengo|Shadow Ball|p2a: GRIAAAAAARK\n|-damage|p2a: GRIAAAAAARK|0 fnt\n|faint|p2a: GRIAAAAAARK\n|\n|upkeep\n|\n|t:|1700727453\n|switch|p2a: gragragnagrrrrr|Garganacl, M, tera:Water|90\/100\n|turn|104\n|\n|t:|1700727456\n|switch|p1a: Clefable|Clefable, M|78\/100\n|move|p2a: gragragnagrrrrr|Salt Cure|p1a: Clefable\n|-damage|p1a: Clefable|67\/100\n|-start|p1a: Clefable|Salt Cure\n|\n|-heal|p1a: Clefable|73\/100|[from] item: Leftovers\n|upkeep\n|turn|105\n|\n|t:|1700727460\n|move|p2a: gragragnagrrrrr|Salt Cure|p1a: Clefable\n|-damage|p1a: Clefable|61\/100\n|move|p1a: Clefable|Wish|p1a: Clefable\n|\n|-heal|p1a: Clefable|68\/100|[from] item: Leftovers\n|upkeep\n|turn|106\n|\n|t:|1700727462\n|switch|p1a: Ogerpon|Ogerpon-Teal-Tera, F, tera:Grass|46\/100\n|-ability|p1a: Ogerpon|Embody Aspect (Teal)|boost\n|-boost|p1a: Ogerpon|spe|1\n|move|p2a: gragragnagrrrrr|Salt Cure|p1a: Ogerpon\n|-damage|p1a: Ogerpon|27\/100\n|-start|p1a: Ogerpon|Salt Cure\n|\n|-heal|p1a: Ogerpon|92\/100|[from] move: Wish|[wisher] Clefable\n|-damage|p1a: Ogerpon|80\/100|[from] Salt Cure\n|upkeep\n|turn|107\n|\n|t:|1700727464\n|move|p1a: Ogerpon|Ivy Cudgel|p2a: gragragnagrrrrr\n|-supereffective|p2a: gragragnagrrrrr\n|-crit|p2a: gragragnagrrrrr\n|-damage|p2a: gragragnagrrrrr|0 fnt\n|faint|p2a: gragragnagrrrrr\n|\n|win|Ouvt frfr\n|raw|Ouvt frfr's rating: 1511 &rarr; <strong>1535<\/strong><br \/>(+24 for winning)\n|raw|Bouli_Guili's rating: 1585 &rarr; <strong>1561<\/strong><br \/>(-24 for losing)\n|l|\u2606Bouli_Guili\n","uploadtime":1700727481,"views":2,"p1id":"ouvtfrfr","p2id":"bouliguili","formatid":"gen9ou","rating":1535,"private":0,"password":""}