{"id":"gen9ou-2000496499","p1":"Ashirpa","p2":"silent39","format":"[Gen 9] OU","log":"|j|\u2606Ashirpa\n|j|\u2606silent39\n|t:|1701199709\n|gametype|singles\n|player|p1|Ashirpa|psychicf|1053\n|player|p2|silent39|ninjaboy|1077\n|teamsize|p1|6\n|teamsize|p2|6\n|gen|9\n|tier|[Gen 9] OU\n|rated|\n|rule|Sleep Clause Mod: Limit one foe put to sleep\n|rule|Species Clause: Limit one of each Pok\u00e9mon\n|rule|OHKO Clause: OHKO moves are banned\n|rule|Evasion Items Clause: Evasion items are banned\n|rule|Evasion Moves Clause: Evasion moves are banned\n|rule|Endless Battle Clause: Forcing endless battles is banned\n|rule|HP Percentage Mod: HP is shown in percentages\n|clearpoke\n|poke|p1|Dragonite, F|\n|poke|p1|Dragapult, F|\n|poke|p1|Samurott-Hisui, F|\n|poke|p1|Ninetales-Alola, F|\n|poke|p1|Zamazenta-*|\n|poke|p1|Iron Moth|\n|poke|p2|Garchomp, M|\n|poke|p2|Toxapex, F|\n|poke|p2|Gholdengo|\n|poke|p2|Ninetales-Alola, F|\n|poke|p2|Samurott-Hisui, F|\n|poke|p2|Hatterene, F|\n|teampreview\n|inactive|Battle timer is ON: inactive players will automatically lose when time's up. (requested by silent39)\n|\n|t:|1701199761\n|start\n|switch|p1a: Iron Moth|Iron Moth|100\/100\n|switch|p2a: Ninetales|Ninetales-Alola, F|100\/100\n|-weather|Snow|[from] ability: Snow Warning|[of] p2a: Ninetales\n|-enditem|p1a: Iron Moth|Booster Energy\n|-activate|p1a: Iron Moth|ability: Quark Drive|[fromitem]\n|-start|p1a: Iron Moth|quarkdrivespa\n|turn|1\n|inactive|Ashirpa has 120 seconds left.\n|\n|t:|1701199794\n|move|p1a: Iron Moth|Flamethrower|p2a: Ninetales\n|-supereffective|p2a: Ninetales\n|-damage|p2a: Ninetales|0 fnt\n|faint|p2a: Ninetales\n|\n|-weather|Snow|[upkeep]\n|upkeep\n|inactive|silent39 has 120 seconds left.\n|\n|t:|1701199828\n|switch|p2a: Garchomp|Garchomp, M|100\/100\n|turn|2\n|\n|t:|1701199835\n|move|p1a: Iron Moth|Energy Ball|p2a: Garchomp\n|-damage|p2a: Garchomp|51\/100\n|move|p2a: Garchomp|Swords Dance|p2a: Garchomp\n|-boost|p2a: Garchomp|atk|2\n|\n|-weather|Snow|[upkeep]\n|upkeep\n|turn|3\n|\n|t:|1701199844\n|move|p1a: Iron Moth|Energy Ball|p2a: Garchomp\n|-damage|p2a: Garchomp|8\/100\n|move|p2a: Garchomp|Scale Shot|p1a: Iron Moth\n|-damage|p1a: Iron Moth|53\/100\n|-damage|p1a: Iron Moth|11\/100\n|-damage|p1a: Iron Moth|0 fnt\n|faint|p1a: Iron Moth\n|-end|p1a: Iron Moth|Quark Drive|[silent]\n|-hitcount|p1: Iron Moth|3\n|-unboost|p2a: Garchomp|def|1\n|-boost|p2a: Garchomp|spe|1\n|\n|-weather|Snow|[upkeep]\n|upkeep\n|\n|t:|1701199863\n|switch|p1a: Dragonite|Dragonite, F, shiny|100\/100\n|turn|4\n|\n|t:|1701199866\n|move|p1a: Dragonite|Extreme Speed|p2a: Garchomp\n|-damage|p2a: Garchomp|0 fnt\n|-damage|p1a: Dragonite|88\/100|[from] ability: Rough Skin|[of] p2a: Garchomp\n|faint|p2a: Garchomp\n|\n|-weather|Snow|[upkeep]\n|upkeep\n|\n|t:|1701199870\n|switch|p2a: Hatterene|Hatterene, F|100\/100\n|turn|5\n|\n|t:|1701199883\n|switch|p1a: Ninetales|Ninetales-Alola, F|100\/100\n|move|p2a: Hatterene|Calm Mind|p2a: Hatterene\n|-boost|p2a: Hatterene|spa|1\n|-boost|p2a: Hatterene|spd|1\n|\n|-weather|none\n|upkeep\n|turn|6\n|\n|t:|1701199902\n|move|p1a: Ninetales|Hypnosis|p2a: Hatterene\n|move|p2a: Hatterene|Hypnosis|p1a: Ninetales|[from]ability: Magic Bounce\n|-status|p1a: Ninetales|slp|[from] move: Hypnosis\n|move|p2a: Hatterene|Mystical Fire|p1a: Ninetales\n|-supereffective|p1a: Ninetales\n|-damage|p1a: Ninetales|32\/100 slp\n|-unboost|p1a: Ninetales|spa|1\n|\n|upkeep\n|turn|7\n|\n|t:|1701199922\n|switch|p1a: Samurott|Samurott-Hisui, F|100\/100\n|move|p2a: Hatterene|Calm Mind|p2a: Hatterene\n|-boost|p2a: Hatterene|spa|1\n|-boost|p2a: Hatterene|spd|1\n|\n|upkeep\n|turn|8\n|inactive|Ashirpa has 120 seconds left.\n|\n|t:|1701199959\n|move|p1a: Samurott|Ceaseless Edge|p2a: Hatterene\n|-damage|p2a: Hatterene|64\/100\n|-sidestart|p2: silent39|Spikes\n|move|p2a: Hatterene|Draining Kiss|p1a: Samurott\n|-supereffective|p1a: Samurott\n|-enditem|p1a: Samurott|Focus Sash\n|-damage|p1a: Samurott|1\/100\n|-heal|p2a: Hatterene|100\/100|[from] drain|[of] p1a: Samurott\n|\n|upkeep\n|turn|9\n|\n|t:|1701199972\n|move|p1a: Samurott|Knock Off|p2a: Hatterene\n|-damage|p2a: Hatterene|62\/100\n|-enditem|p2a: Hatterene|Leftovers|[from] move: Knock Off|[of] p1a: Samurott\n|move|p2a: Hatterene|Draining Kiss|p1a: Samurott\n|-supereffective|p1a: Samurott\n|-crit|p1a: Samurott\n|-damage|p1a: Samurott|0 fnt\n|-heal|p2a: Hatterene|62\/100|[from] drain|[of] p1a: Samurott\n|faint|p1a: Samurott\n|\n|upkeep\n|inactive|Ashirpa has 90 seconds left.\n|\n|t:|1701199988\n|switch|p1a: Zamazenta|Zamazenta|100\/100\n|-ability|p1a: Zamazenta|Dauntless Shield|boost\n|-boost|p1a: Zamazenta|def|1\n|turn|10\n|inactive|Ashirpa has 90 seconds left.\n|\n|t:|1701200000\n|-terastallize|p1a: Zamazenta|Steel\n|move|p1a: Zamazenta|Iron Head|p2a: Hatterene\n|-supereffective|p2a: Hatterene\n|-damage|p2a: Hatterene|0 fnt\n|faint|p2a: Hatterene\n|\n|upkeep\n|\n|t:|1701200006\n|switch|p2a: Samurott|Samurott-Hisui, F|100\/100\n|-damage|p2a: Samurott|88\/100|[from] Spikes\n|turn|11\n|inactive|Ashirpa has 90 seconds left.\n|\n|t:|1701200026\n|move|p1a: Zamazenta|Iron Head|p2a: Samurott\n|-resisted|p2a: Samurott\n|-damage|p2a: Samurott|49\/100\n|move|p2a: Samurott|Razor Shell|p1a: Zamazenta\n|-damage|p1a: Zamazenta|67\/100\n|-unboost|p1a: Zamazenta|def|1\n|\n|upkeep\n|turn|12\n|inactive|Ashirpa has 90 seconds left.\n|\n|t:|1701200057\n|move|p1a: Zamazenta|Iron Head|p2a: Samurott\n|-resisted|p2a: Samurott\n|-damage|p2a: Samurott|13\/100\n|cant|p2a: Samurott|flinch\n|\n|upkeep\n|turn|13\n|\n|t:|1701200064\n|move|p1a: Zamazenta|Iron Head|p2a: Samurott\n|-resisted|p2a: Samurott\n|-damage|p2a: Samurott|0 fnt\n|faint|p2a: Samurott\n|\n|upkeep\n|\n|t:|1701200085\n|switch|p2a: Gholdengo|Gholdengo|100\/100\n|-item|p2a: Gholdengo|Air Balloon\n|turn|14\n|inactive|Ashirpa has 60 seconds left.\n|\n|t:|1701200129\n|move|p1a: Zamazenta|Iron Head|p2a: Gholdengo\n|-resisted|p2a: Gholdengo\n|-damage|p2a: Gholdengo|66\/100\n|-enditem|p2a: Gholdengo|Air Balloon\n|move|p2a: Gholdengo|Nasty Plot|p2a: Gholdengo\n|-boost|p2a: Gholdengo|spa|2\n|\n|upkeep\n|turn|15\n|\n|t:|1701200141\n|move|p1a: Zamazenta|Iron Head|p2a: Gholdengo\n|-resisted|p2a: Gholdengo\n|-damage|p2a: Gholdengo|32\/100\n|move|p2a: Gholdengo|Recover|p2a: Gholdengo\n|-heal|p2a: Gholdengo|82\/100\n|\n|upkeep\n|turn|16\n|inactive|Ashirpa has 60 seconds left.\n|\n|t:|1701200154\n|move|p1a: Zamazenta|Iron Head|p2a: Gholdengo\n|-resisted|p2a: Gholdengo\n|-damage|p2a: Gholdengo|51\/100\n|cant|p2a: Gholdengo|flinch\n|\n|upkeep\n|turn|17\n|inactive|Ashirpa has 60 seconds left.\n|\n|t:|1701200159\n|move|p1a: Zamazenta|Iron Head|p2a: Gholdengo\n|-resisted|p2a: Gholdengo\n|-damage|p2a: Gholdengo|19\/100\n|cant|p2a: Gholdengo|flinch\n|\n|upkeep\n|turn|18\n|\n|t:|1701200164\n|move|p1a: Zamazenta|Iron Head|p2a: Gholdengo\n|-resisted|p2a: Gholdengo\n|-damage|p2a: Gholdengo|0 fnt\n|faint|p2a: Gholdengo\n|\n|upkeep\n|\n|t:|1701200166\n|switch|p2a: Toxapex|Toxapex, F|100\/100\n|-damage|p2a: Toxapex|88\/100|[from] Spikes\n|turn|19\n|-message|silent39 forfeited.\n|\n|win|Ashirpa\n|raw|Ashirpa's rating: 1053 &rarr; <strong>1087<\/strong><br \/>(+34 for winning)\n|raw|silent39's rating: 1077 &rarr; <strong>1054<\/strong><br \/>(-23 for losing)\n|l|\u2606silent39\n|c|\u2606Ashirpa|sorry\n","uploadtime":1701200215,"views":11,"p1id":"ashirpa","p2id":"silent39","formatid":"gen9ou","rating":1054,"private":0,"password":""}