{"id":"gen9ou-1995780645","p1":"batata505","p2":"Player36252","format":"[Gen 9] OU","log":"|j|\u2606batata505\n|j|\u2606Player36252\n|t:|1700602497\n|gametype|singles\n|player|p1|batata505|266|1070\n|player|p2|Player36252|169|1000\n|teamsize|p1|6\n|teamsize|p2|6\n|gen|9\n|tier|[Gen 9] OU\n|rated|\n|rule|Sleep Clause Mod: Limit one foe put to sleep\n|rule|Species Clause: Limit one of each Pok\u00e9mon\n|rule|OHKO Clause: OHKO moves are banned\n|rule|Evasion Items Clause: Evasion items are banned\n|rule|Evasion Moves Clause: Evasion moves are banned\n|rule|Endless Battle Clause: Forcing endless battles is banned\n|rule|HP Percentage Mod: HP is shown in percentages\n|clearpoke\n|poke|p1|Moltres-Galar|\n|poke|p1|Hoopa-Unbound|\n|poke|p1|Mimikyu, F|\n|poke|p1|Ditto|\n|poke|p1|Articuno|\n|poke|p1|Toxapex, M|\n|poke|p2|Zoroark-Hisui, M|\n|poke|p2|Sinistcha-Masterpiece|\n|poke|p2|Blissey, F|\n|poke|p2|Corviknight, M|\n|poke|p2|Pelipper, M|\n|poke|p2|Samurott-Hisui, F|\n|teampreview\n|\n|t:|1700602511\n|start\n|switch|p1a: Ditto|Ditto|100\/100\n|switch|p2a: Pelipper|Pelipper, M|100\/100\n|-weather|RainDance|[from] ability: Drizzle|[of] p2a: Pelipper\n|turn|1\n|\n|t:|1700602521\n|move|p1a: Ditto|Transform|p2a: Pelipper\n|-transform|p1a: Ditto|p2a: Pelipper\n|move|p2a: Pelipper|Tailwind|p2a: Pelipper\n|-sidestart|p2: Player36252|move: Tailwind\n|\n|-weather|RainDance|[upkeep]\n|upkeep\n|turn|2\n|\n|t:|1700602530\n|move|p2a: Pelipper|U-turn|p1a: Ditto\n|-resisted|p1a: Ditto\n|-damage|p1a: Ditto|97\/100\n|\n|t:|1700602548\n|switch|p2a: Blissey|Blissey, F|100\/100|[from] U-turn\n|move|p1a: Ditto|Hydro Pump|p2a: Blissey\n|-crit|p2a: Blissey\n|-damage|p2a: Blissey|76\/100\n|\n|-weather|RainDance|[upkeep]\n|-heal|p2a: Blissey|83\/100|[from] item: Leftovers\n|upkeep\n|turn|3\n|\n|t:|1700602558\n|move|p2a: Blissey|Thunder|p1a: Ditto\n|-supereffective|p1a: Ditto\n|-damage|p1a: Ditto|0 fnt\n|faint|p1a: Ditto\n|\n|-weather|RainDance|[upkeep]\n|-heal|p2a: Blissey|89\/100|[from] item: Leftovers\n|upkeep\n|\n|t:|1700602571\n|switch|p1a: Articuno|Articuno|100\/100\n|-ability|p1a: Articuno|Pressure\n|turn|4\n|\n|t:|1700602577\n|move|p2a: Blissey|Thunder|p1a: Articuno\n|-supereffective|p1a: Articuno\n|-damage|p1a: Articuno|62\/100\n|-status|p1a: Articuno|par\n|cant|p1a: Articuno|par\n|\n|-weather|RainDance|[upkeep]\n|-heal|p2a: Blissey|95\/100|[from] item: Leftovers\n|-sideend|p2: Player36252|move: Tailwind\n|upkeep\n|turn|5\n|\n|t:|1700602589\n|-terastallize|p1a: Articuno|Ice\n|move|p2a: Blissey|Calm Mind|p2a: Blissey\n|-boost|p2a: Blissey|spa|1\n|-boost|p2a: Blissey|spd|1\n|move|p1a: Articuno|Blizzard|p2a: Blissey\n|-damage|p2a: Blissey|82\/100\n|\n|-weather|RainDance|[upkeep]\n|-heal|p2a: Blissey|88\/100|[from] item: Leftovers\n|upkeep\n|turn|6\n|\n|t:|1700602601\n|move|p2a: Blissey|Thunder|p1a: Articuno\n|-damage|p1a: Articuno|37\/100 par\n|move|p1a: Articuno|Giga Impact|p2a: Blissey\n|-damage|p2a: Blissey|22\/100\n|-mustrecharge|p1a: Articuno\n|\n|-weather|RainDance|[upkeep]\n|-heal|p2a: Blissey|29\/100|[from] item: Leftovers\n|upkeep\n|turn|7\n|\n|t:|1700602612\n|move|p2a: Blissey|Soft-Boiled|p2a: Blissey\n|-heal|p2a: Blissey|79\/100\n|cant|p1a: Articuno|recharge\n|\n|-weather|RainDance|[upkeep]\n|-heal|p2a: Blissey|85\/100|[from] item: Leftovers\n|upkeep\n|turn|8\n|\n|t:|1700602620\n|move|p2a: Blissey|Thunder|p1a: Articuno\n|-damage|p1a: Articuno|11\/100 par\n|cant|p1a: Articuno|par\n|\n|-weather|none\n|-heal|p2a: Blissey|91\/100|[from] item: Leftovers\n|upkeep\n|turn|9\n|\n|t:|1700602629\n|switch|p1a: Hoopa|Hoopa-Unbound|100\/100\n|move|p2a: Blissey|Thunder|p1a: Hoopa\n|-damage|p1a: Hoopa|79\/100\n|-status|p1a: Hoopa|par\n|\n|-heal|p2a: Blissey|97\/100|[from] item: Leftovers\n|upkeep\n|turn|10\n|\n|t:|1700602643\n|move|p2a: Blissey|Ice Beam|p1a: Hoopa\n|-damage|p1a: Hoopa|60\/100 par\n|cant|p1a: Hoopa|par\n|\n|-heal|p2a: Blissey|100\/100|[from] item: Leftovers\n|upkeep\n|turn|11\n|\n|t:|1700602659\n|move|p2a: Blissey|Ice Beam|p1a: Hoopa\n|-damage|p1a: Hoopa|41\/100 par\n|cant|p1a: Hoopa|par\n|\n|upkeep\n|turn|12\n|\n|t:|1700602667\n|move|p2a: Blissey|Calm Mind|p2a: Blissey\n|-boost|p2a: Blissey|spa|1\n|-boost|p2a: Blissey|spd|1\n|move|p1a: Hoopa|Calm Mind|p1a: Hoopa\n|-boost|p1a: Hoopa|spa|1\n|-boost|p1a: Hoopa|spd|1\n|\n|upkeep\n|turn|13\n|\n|t:|1700602677\n|move|p2a: Blissey|Ice Beam|p1a: Hoopa\n|-damage|p1a: Hoopa|25\/100 par\n|move|p1a: Hoopa|Psychic|p2a: Blissey\n|-damage|p2a: Blissey|90\/100\n|-item|p1a: Hoopa|Leftovers|[from] ability: Magician|[of] p2a: Blissey\n|\n|-heal|p1a: Hoopa|31\/100 par|[from] item: Leftovers\n|upkeep\n|turn|14\n|\n|t:|1700602689\n|switch|p1a: Toxapex|Toxapex, M|100\/100\n|move|p2a: Blissey|Ice Beam|p1a: Toxapex\n|-resisted|p1a: Toxapex\n|-damage|p1a: Toxapex|87\/100\n|\n|upkeep\n|turn|15\n|\n|t:|1700602701\n|move|p1a: Toxapex|Water Pulse|p2a: Blissey\n|-damage|p2a: Blissey|88\/100\n|move|p2a: Blissey|Thunder|p1a: Toxapex\n|-supereffective|p1a: Toxapex\n|-damage|p1a: Toxapex|19\/100\n|\n|upkeep\n|turn|16\n|\n|t:|1700602709\n|move|p1a: Toxapex|Recover|p1a: Toxapex\n|-heal|p1a: Toxapex|69\/100\n|move|p2a: Blissey|Thunder|p1a: Toxapex|[miss]\n|-miss|p2a: Blissey|p1a: Toxapex\n|\n|upkeep\n|turn|17\n|\n|t:|1700602715\n|move|p1a: Toxapex|Surf|p2a: Blissey\n|-damage|p2a: Blissey|86\/100\n|move|p2a: Blissey|Thunder|p1a: Toxapex\n|-supereffective|p1a: Toxapex\n|-damage|p1a: Toxapex|8\/100\n|-status|p1a: Toxapex|par\n|\n|upkeep\n|turn|18\n|\n|t:|1700602725\n|switch|p1a: Mimikyu|Mimikyu, F|100\/100\n|move|p2a: Blissey|Ice Beam|p1a: Mimikyu\n|-activate|p1a: Mimikyu|ability: Disguise\n|-damage|p1a: Mimikyu|100\/100\n|detailschange|p1a: Mimikyu|Mimikyu-Busted, F\n|-damage|p1a: Mimikyu|88\/100|[from] pokemon: Mimikyu-Busted\n|\n|upkeep\n|turn|19\n|\n|t:|1700602741\n|move|p1a: Mimikyu|Shadow Ball|p2a: Blissey\n|-immune|p2a: Blissey\n|move|p2a: Blissey|Ice Beam|p1a: Mimikyu\n|-damage|p1a: Mimikyu|56\/100\n|-status|p1a: Mimikyu|frz\n|\n|upkeep\n|turn|20\n|inactive|Battle timer is ON: inactive players will automatically lose when time's up. (requested by Player36252)\n|\n|t:|1700602836\n|cant|p1a: Mimikyu|frz\n|move|p2a: Blissey|Thunder|p1a: Mimikyu\n|-damage|p1a: Mimikyu|16\/100 frz\n|\n|upkeep\n|turn|21\n|-message|batata505 forfeited.\n|\n|win|Player36252\n|raw|batata505's rating: 1070 &rarr; <strong>1045<\/strong><br \/>(-25 for losing)\n|raw|Player36252's rating: 1000 &rarr; <strong>1048<\/strong><br \/>(+48 for winning)\n|l|\u2606batata505\n","uploadtime":1700602853,"views":16,"p1id":"batata505","p2id":"player36252","formatid":"gen9ou","rating":1045,"private":0,"password":""}