{"id":"gen9ou-1989305472","p1":"truax571","p2":"Jangod67","format":"[Gen 9] OU","log":"|j|\u2606truax571\n|j|\u2606Jangod67\n|t:|1699834253\n|gametype|singles\n|player|p1|truax571|ghetsis-gen5bw|\n|player|p2|Jangod67|266|\n|teamsize|p1|6\n|teamsize|p2|6\n|gen|9\n|tier|[Gen 9] OU\n|rule|Sleep Clause Mod: Limit one foe put to sleep\n|rule|Species Clause: Limit one of each Pok\u00e9mon\n|rule|OHKO Clause: OHKO moves are banned\n|rule|Evasion Items Clause: Evasion items are banned\n|rule|Evasion Moves Clause: Evasion moves are banned\n|rule|Endless Battle Clause: Forcing endless battles is banned\n|rule|HP Percentage Mod: HP is shown in percentages\n|clearpoke\n|poke|p1|Diancie|\n|poke|p1|Brute Bonnet|\n|poke|p1|Weezing-Galar, M|\n|poke|p1|Jolteon, M|\n|poke|p1|Ceruledge, F|\n|poke|p1|Azumarill, F|\n|poke|p2|Torterra, F|\n|poke|p2|Crawdaunt, M|\n|poke|p2|Glimmora, M|\n|poke|p2|Milotic, F|\n|poke|p2|Ditto|\n|poke|p2|Lokix, F|\n|teampreview\n|j| Azzels\n|j| jallen25\n|\n|t:|1699834329\n|start\n|switch|p1a: Diancie|Diancie, shiny|100\/100\n|switch|p2a: Torterra|Torterra, F|100\/100\n|turn|1\n|\n|t:|1699834355\n|move|p2a: Torterra|Shell Smash|p2a: Torterra\n|-unboost|p2a: Torterra|def|1\n|-unboost|p2a: Torterra|spd|1\n|-boost|p2a: Torterra|atk|2\n|-boost|p2a: Torterra|spa|2\n|-boost|p2a: Torterra|spe|2\n|move|p1a: Diancie|Trick Room|p1a: Diancie\n|-fieldstart|move: Trick Room|[of] p1a: Diancie\n|\n|upkeep\n|turn|2\n|\n|t:|1699834370\n|switch|p1a: Weezing|Weezing-Galar, M, shiny|100\/100\n|move|p2a: Torterra|Bullet Seed|p1a: Weezing\n|-resisted|p1a: Weezing\n|-damage|p1a: Weezing|89\/100\n|-resisted|p1a: Weezing\n|-damage|p1a: Weezing|77\/100\n|-resisted|p1a: Weezing\n|-damage|p1a: Weezing|65\/100\n|-resisted|p1a: Weezing\n|-damage|p1a: Weezing|55\/100\n|-hitcount|p1a: Weezing|4\n|\n|-heal|p1a: Weezing|61\/100|[from] item: Leftovers\n|upkeep\n|turn|3\n|\n|t:|1699834383\n|-terastallize|p2a: Torterra|Steel\n|move|p1a: Weezing|Toxic|p2a: Torterra\n|-immune|p2a: Torterra\n|move|p2a: Torterra|Iron Head|p1a: Weezing\n|-supereffective|p1a: Weezing\n|-damage|p1a: Weezing|0 fnt\n|faint|p1a: Weezing\n|\n|upkeep\n|\n|t:|1699834390\n|switch|p1a: Ceruledge|Ceruledge, F|100\/100\n|turn|4\n|\n|t:|1699834421\n|switch|p2a: Milotic|Milotic, F, shiny|100\/100\n|move|p1a: Ceruledge|Bitter Blade|p2a: Milotic\n|-resisted|p2a: Milotic\n|-damage|p2a: Milotic|77\/100\n|\n|-heal|p2a: Milotic|83\/100|[from] item: Leftovers\n|upkeep\n|turn|5\n|\n|t:|1699834441\n|switch|p1a: Azumarill|Azumarill, F|100\/100\n|move|p2a: Milotic|Flip Turn|p1a: Azumarill\n|-resisted|p1a: Azumarill\n|-damage|p1a: Azumarill|94\/100\n|\n|t:|1699834454\n|switch|p2a: Torterra|Torterra, F, tera:Steel|100\/100|[from] Flip Turn\n|\n|-heal|p1a: Azumarill|99\/100|[from] item: Leftovers\n|-fieldend|move: Trick Room\n|upkeep\n|turn|6\n|\n|t:|1699834465\n|move|p2a: Torterra|Bullet Seed|p1a: Azumarill\n|-supereffective|p1a: Azumarill\n|-damage|p1a: Azumarill|72\/100\n|-supereffective|p1a: Azumarill\n|-damage|p1a: Azumarill|45\/100\n|-supereffective|p1a: Azumarill\n|-damage|p1a: Azumarill|20\/100\n|-supereffective|p1a: Azumarill\n|-damage|p1a: Azumarill|0 fnt\n|faint|p1a: Azumarill\n|-hitcount|p1: Azumarill|4\n|\n|upkeep\n|\n|t:|1699834481\n|switch|p1a: Brute Bonnet|Brute Bonnet, shiny|100\/100\n|-enditem|p1a: Brute Bonnet|Booster Energy\n|-activate|p1a: Brute Bonnet|ability: Protosynthesis|[fromitem]\n|-start|p1a: Brute Bonnet|protosynthesisatk\n|turn|7\n|\n|t:|1699834528\n|move|p2a: Torterra|Iron Head|p1a: Brute Bonnet\n|-damage|p1a: Brute Bonnet|61\/100\n|cant|p1a: Brute Bonnet|flinch\n|\n|upkeep\n|turn|8\n|\n|t:|1699834536\n|move|p2a: Torterra|Iron Head|p1a: Brute Bonnet\n|-damage|p1a: Brute Bonnet|21\/100\n|move|p1a: Brute Bonnet|Spore|p2a: Torterra\n|-status|p2a: Torterra|slp|[from] move: Spore\n|\n|upkeep\n|turn|9\n|\n|t:|1699834548\n|cant|p2a: Torterra|slp\n|move|p1a: Brute Bonnet|Crunch|p2a: Torterra\n|-damage|p2a: Torterra|50\/100 slp\n|\n|upkeep\n|turn|10\n|\n|t:|1699834563\n|switch|p2a: Lokix|Lokix, F|100\/100\n|move|p1a: Brute Bonnet|Crunch|p2a: Lokix\n|-resisted|p2a: Lokix\n|-damage|p2a: Lokix|62\/100\n|\n|upkeep\n|turn|11\n|j| Lageon\n|\n|t:|1699834575\n|move|p1a: Brute Bonnet|Sucker Punch|p2a: Lokix\n|-resisted|p2a: Lokix\n|-damage|p2a: Lokix|30\/100\n|move|p2a: Lokix|U-turn|p1a: Brute Bonnet\n|-supereffective|p1a: Brute Bonnet\n|-damage|p1a: Brute Bonnet|0 fnt\n|faint|p1a: Brute Bonnet\n|-end|p1a: Brute Bonnet|Protosynthesis|[silent]\n|\n|t:|1699834588\n|switch|p2a: Glimmora|Glimmora, M|100\/100|[from] U-turn\n|\n|upkeep\n|\n|t:|1699834594\n|switch|p1a: Diancie|Diancie, shiny|100\/100\n|turn|12\n|\n|t:|1699834602\n|move|p2a: Glimmora|Mortal Spin|p1a: Diancie\n|-damage|p1a: Diancie|94\/100\n|-status|p1a: Diancie|psn\n|move|p1a: Diancie|Earth Power|p2a: Glimmora\n|-supereffective|p2a: Glimmora\n|-damage|p2a: Glimmora|40\/100\n|\n|-heal|p2a: Glimmora|46\/100|[from] item: Leftovers\n|-heal|p1a: Diancie|100\/100 psn|[from] item: Leftovers\n|-damage|p1a: Diancie|88\/100 psn|[from] psn\n|upkeep\n|turn|13\n|\n|t:|1699834614\n|move|p2a: Glimmora|Spiky Shield|p2a: Glimmora\n|-singleturn|p2a: Glimmora|move: Protect\n|move|p1a: Diancie|Trick Room|p1a: Diancie\n|-fieldstart|move: Trick Room|[of] p1a: Diancie\n|\n|-heal|p1a: Diancie|94\/100 psn|[from] item: Leftovers\n|-heal|p2a: Glimmora|52\/100|[from] item: Leftovers\n|-damage|p1a: Diancie|82\/100 psn|[from] psn\n|upkeep\n|turn|14\n|\n|t:|1699834622\n|switch|p2a: Milotic|Milotic, F, shiny|83\/100\n|move|p1a: Diancie|Earth Power|p2a: Milotic\n|-damage|p2a: Milotic|71\/100\n|\n|-heal|p1a: Diancie|88\/100 psn|[from] item: Leftovers\n|-heal|p2a: Milotic|77\/100|[from] item: Leftovers\n|-damage|p1a: Diancie|76\/100 psn|[from] psn\n|upkeep\n|turn|15\n|\n|t:|1699834632\n|move|p1a: Diancie|Iron Defense|p1a: Diancie\n|-boost|p1a: Diancie|def|2\n|move|p2a: Milotic|Light Screen|p2a: Milotic\n|-sidestart|p2: Jangod67|move: Light Screen\n|\n|-heal|p1a: Diancie|82\/100 psn|[from] item: Leftovers\n|-heal|p2a: Milotic|83\/100|[from] item: Leftovers\n|-damage|p1a: Diancie|69\/100 psn|[from] psn\n|upkeep\n|turn|16\n|\n|t:|1699834641\n|move|p1a: Diancie|Diamond Storm|p2a: Milotic\n|-damage|p2a: Milotic|50\/100\n|move|p2a: Milotic|Flip Turn|p1a: Diancie\n|-supereffective|p1a: Diancie\n|-damage|p1a: Diancie|56\/100 psn\n|\n|t:|1699834663\n|switch|p2a: Crawdaunt|Crawdaunt, M, shiny|100\/100|[from] Flip Turn\n|\n|-heal|p1a: Diancie|62\/100 psn|[from] item: Leftovers\n|-damage|p1a: Diancie|50\/100 psn|[from] psn\n|upkeep\n|turn|17\n|\n|t:|1699834672\n|move|p1a: Diancie|Diamond Storm|p2a: Crawdaunt\n|-damage|p2a: Crawdaunt|60\/100\n|-boost|p1a: Diancie|def|2\n|move|p2a: Crawdaunt|Swords Dance|p2a: Crawdaunt\n|-boost|p2a: Crawdaunt|atk|2\n|\n|-heal|p1a: Diancie|56\/100 psn|[from] item: Leftovers\n|-damage|p1a: Diancie|44\/100 psn|[from] psn\n|-fieldend|move: Trick Room\n|upkeep\n|turn|18\n|\n|t:|1699834684\n|move|p2a: Crawdaunt|Liquidation|p1a: Diancie\n|-supereffective|p1a: Diancie\n|-damage|p1a: Diancie|0 fnt\n|faint|p1a: Diancie\n|-damage|p2a: Crawdaunt|50\/100|[from] item: Life Orb\n|\n|upkeep\n|\n|t:|1699834690\n|switch|p1a: Jolteon|Jolteon, M, shiny|100\/100\n|turn|19\n|\n|t:|1699834696\n|move|p2a: Crawdaunt|Aqua Jet|p1a: Jolteon\n|-damage|p1a: Jolteon|0 fnt\n|faint|p1a: Jolteon\n|-damage|p2a: Crawdaunt|40\/100|[from] item: Life Orb\n|\n|-sideend|p2: Jangod67|move: Light Screen\n|upkeep\n|\n|t:|1699834701\n|switch|p1a: Ceruledge|Ceruledge, F|100\/100\n|turn|20\n|\n|t:|1699834706\n|move|p2a: Crawdaunt|Aqua Jet|p1a: Ceruledge\n|-supereffective|p1a: Ceruledge\n|-enditem|p1a: Ceruledge|Focus Sash\n|-damage|p1a: Ceruledge|1\/100\n|-damage|p2a: Crawdaunt|30\/100|[from] item: Life Orb\n|move|p1a: Ceruledge|X-Scissor|p2a: Crawdaunt\n|-supereffective|p2a: Crawdaunt\n|-damage|p2a: Crawdaunt|0 fnt\n|faint|p2a: Crawdaunt\n|\n|upkeep\n|\n|t:|1699834719\n|switch|p2a: Ditto|Ditto, shiny|100\/100\n|-transform|p2a: Ditto|p1a: Ceruledge|[from] ability: Imposter\n|turn|21\n|\n|t:|1699834726\n|move|p2a: Ditto|Shadow Claw|p1a: Ceruledge\n|-supereffective|p1a: Ceruledge\n|-damage|p1a: Ceruledge|0 fnt\n|faint|p1a: Ceruledge\n|\n|win|Jangod67\n|l| Lageon\n","uploadtime":1699834736,"views":11,"p1id":"truax571","p2id":"jangod67","formatid":"gen9ou","rating":0,"private":0,"password":""}