{"id":"gen9ou-1994460284","p1":"RepeatUntilTired3","p2":"gengarsslowcousin","format":"[Gen 9] OU","log":"|j|\u2606RepeatUntilTired3\n|j|\u2606gengarsslowcousin\n|t:|1700446449\n|gametype|singles\n|player|p1|RepeatUntilTired3|marlon|1531\n|player|p2|gengarsslowcousin|cynthia-gen4|1636\n|teamsize|p1|6\n|teamsize|p2|6\n|gen|9\n|tier|[Gen 9] OU\n|rated|\n|rule|Sleep Clause Mod: Limit one foe put to sleep\n|rule|Species Clause: Limit one of each Pok\u00e9mon\n|rule|OHKO Clause: OHKO moves are banned\n|rule|Evasion Items Clause: Evasion items are banned\n|rule|Evasion Moves Clause: Evasion moves are banned\n|rule|Endless Battle Clause: Forcing endless battles is banned\n|rule|HP Percentage Mod: HP is shown in percentages\n|clearpoke\n|poke|p1|Basculegion-F, F|\n|poke|p1|Iron Treads|\n|poke|p1|Tornadus-Therian, M|\n|poke|p1|Pelipper, M|\n|poke|p1|Chesnaught, M|\n|poke|p1|Samurott-Hisui, M|\n|poke|p2|Thundurus-Therian, M|\n|poke|p2|Cinderace, F|\n|poke|p2|Dragapult, M|\n|poke|p2|Garganacl, F|\n|poke|p2|Slowking-Galar, M|\n|poke|p2|Kingambit, F|\n|teampreview\n|inactive|Battle timer is ON: inactive players will automatically lose when time's up. (requested by RepeatUntilTired3)\n|inactive|gengarsslowcousin has 120 seconds left.\n|\n|t:|1700446505\n|start\n|switch|p1a: BigDaddyPel|Pelipper, M|100\/100\n|switch|p2a: AC\/DC|Thundurus-Therian, M|100\/100\n|-weather|RainDance|[from] ability: Drizzle|[of] p1a: BigDaddyPel\n|turn|1\n|j| qrib\n|\n|t:|1700446527\n|switch|p1a: Droideka|Iron Treads|100\/100\n|move|p2a: AC\/DC|Knock Off|p1a: Droideka\n|-damage|p1a: Droideka|81\/100\n|-enditem|p1a: Droideka|Heavy-Duty Boots|[from] move: Knock Off|[of] p2a: AC\/DC\n|\n|-weather|RainDance|[upkeep]\n|upkeep\n|turn|2\n|\n|t:|1700446540\n|move|p2a: AC\/DC|Grass Knot|p1a: Droideka\n|-damage|p1a: Droideka|43\/100\n|move|p1a: Droideka|Stealth Rock|p2a: AC\/DC\n|-sidestart|p2: gengarsslowcousin|move: Stealth Rock\n|\n|-weather|RainDance|[upkeep]\n|upkeep\n|turn|3\n|\n|t:|1700446551\n|move|p2a: AC\/DC|Grass Knot|p1a: Droideka\n|-damage|p1a: Droideka|5\/100\n|move|p1a: Droideka|Knock Off|p2a: AC\/DC\n|-damage|p2a: AC\/DC|57\/100\n|-enditem|p2a: AC\/DC|Heavy-Duty Boots|[from] move: Knock Off|[of] p1a: Droideka\n|\n|-weather|RainDance|[upkeep]\n|upkeep\n|turn|4\n|\n|t:|1700446560\n|move|p2a: AC\/DC|Knock Off|p1a: Droideka\n|-damage|p1a: Droideka|0 fnt\n|faint|p1a: Droideka\n|-end|p1a: Droideka|Quark Drive|[silent]\n|\n|-weather|RainDance|[upkeep]\n|upkeep\n|\n|t:|1700446572\n|switch|p1a: QueenSalmon|Basculegion-F, F|100\/100\n|turn|5\n|inactive|gengarsslowcousin has 120 seconds left.\n|inactive|gengarsslowcousin has 90 seconds left.\n|\n|t:|1700446657\n|move|p1a: QueenSalmon|Surf|p2a: AC\/DC\n|-damage|p2a: AC\/DC|0 fnt\n|faint|p2a: AC\/DC\n|\n|-weather|RainDance|[upkeep]\n|upkeep\n|\n|t:|1700446660\n|switch|p2a: tina turner|Dragapult, M|100\/100\n|-damage|p2a: tina turner|88\/100|[from] Stealth Rock\n|turn|6\n|\n|t:|1700446671\n|switch|p1a: AlsoHim|Chesnaught, M|100\/100\n|move|p2a: tina turner|Dragon Darts|p1a: AlsoHim\n|-damage|p1a: AlsoHim|76\/100\n|-anim|p2a: tina turner|Dragon Darts|p1a: AlsoHim\n|-damage|p1a: AlsoHim|50\/100\n|\n|-weather|RainDance|[upkeep]\n|-heal|p1a: AlsoHim|56\/100|[from] item: Leftovers\n|upkeep\n|turn|7\n|\n|t:|1700446680\n|switch|p2a: phil foden|Cinderace, F|100\/100\n|move|p1a: AlsoHim|Knock Off|p2a: phil foden\n|-damage|p2a: phil foden|71\/100\n|-enditem|p2a: phil foden|Heavy-Duty Boots|[from] move: Knock Off|[of] p1a: AlsoHim\n|\n|-weather|RainDance|[upkeep]\n|-heal|p1a: AlsoHim|63\/100|[from] item: Leftovers\n|upkeep\n|turn|8\n|\n|t:|1700446688\n|move|p2a: phil foden|Court Change|p2a: phil foden\n|-swapsideconditions\n|-activate|p2a: phil foden|move: Court Change\n|move|p1a: AlsoHim|Spikes|p2a: phil foden\n|-sidestart|p2: gengarsslowcousin|Spikes\n|\n|-weather|none\n|-heal|p1a: AlsoHim|69\/100|[from] item: Leftovers\n|upkeep\n|turn|9\n|\n|t:|1700446697\n|move|p2a: phil foden|Will-O-Wisp|p1a: AlsoHim\n|-status|p1a: AlsoHim|brn\n|move|p1a: AlsoHim|Iron Defense|p1a: AlsoHim\n|-boost|p1a: AlsoHim|def|2\n|\n|-heal|p1a: AlsoHim|75\/100 brn|[from] item: Leftovers\n|-damage|p1a: AlsoHim|69\/100 brn|[from] brn\n|upkeep\n|turn|10\n|inactive|gengarsslowcousin has 90 seconds left.\n|\n|t:|1700446722\n|move|p2a: phil foden|U-turn|p1a: AlsoHim\n|-damage|p1a: AlsoHim|63\/100 brn\n|\n|t:|1700446726\n|switch|p2a: noob enabler|Garganacl, F|100\/100|[from] U-turn\n|-damage|p2a: noob enabler|88\/100|[from] Spikes\n|move|p1a: AlsoHim|Spikes|p2a: noob enabler\n|-sidestart|p2: gengarsslowcousin|Spikes\n|\n|-heal|p1a: AlsoHim|69\/100 brn|[from] item: Leftovers\n|-heal|p2a: noob enabler|94\/100|[from] item: Leftovers\n|-damage|p1a: AlsoHim|63\/100 brn|[from] brn\n|upkeep\n|turn|11\n|\n|t:|1700446736\n|move|p1a: AlsoHim|Body Press|p2a: noob enabler\n|-supereffective|p2a: noob enabler\n|-damage|p2a: noob enabler|49\/100\n|move|p2a: noob enabler|Salt Cure|p1a: AlsoHim\n|-resisted|p1a: AlsoHim\n|-damage|p1a: AlsoHim|61\/100 brn\n|-start|p1a: AlsoHim|Salt Cure\n|\n|-heal|p1a: AlsoHim|67\/100 brn|[from] item: Leftovers\n|-heal|p2a: noob enabler|55\/100|[from] item: Leftovers\n|-damage|p1a: AlsoHim|61\/100 brn|[from] brn\n|-damage|p1a: AlsoHim|48\/100 brn|[from] Salt Cure\n|upkeep\n|turn|12\n|inactive|gengarsslowcousin has 90 seconds left.\n|\n|t:|1700446752\n|-terastallize|p2a: noob enabler|Water\n|move|p1a: AlsoHim|Iron Defense|p1a: AlsoHim\n|-boost|p1a: AlsoHim|def|2\n|move|p2a: noob enabler|Recover|p2a: noob enabler\n|-heal|p2a: noob enabler|100\/100\n|\n|-heal|p1a: AlsoHim|54\/100 brn|[from] item: Leftovers\n|-damage|p1a: AlsoHim|48\/100 brn|[from] brn\n|-damage|p1a: AlsoHim|36\/100 brn|[from] Salt Cure\n|upkeep\n|turn|13\n|inactive|gengarsslowcousin has 90 seconds left.\n|\n|t:|1700446771\n|switch|p1a: BigDaddyPel|Pelipper, M|100\/100\n|-damage|p1a: BigDaddyPel|76\/100|[from] Stealth Rock\n|-weather|RainDance|[from] ability: Drizzle|[of] p1a: BigDaddyPel\n|switch|p2a: phil foden|Cinderace, F|71\/100\n|-damage|p2a: phil foden|55\/100|[from] Spikes\n|\n|-weather|RainDance|[upkeep]\n|upkeep\n|turn|14\n|inactive|gengarsslowcousin has 90 seconds left.\n|\n|t:|1700446781\n|move|p2a: phil foden|U-turn|p1a: BigDaddyPel\n|-resisted|p1a: BigDaddyPel\n|-damage|p1a: BigDaddyPel|65\/100\n|inactive|gengarsslowcousin has 90 seconds left.\n|\n|t:|1700446802\n|switch|p2a: Dick n da Car Door|Kingambit, F|100\/100|[from] U-turn\n|-damage|p2a: Dick n da Car Door|84\/100|[from] Spikes\n|-activate|p2a: Dick n da Car Door|ability: Supreme Overlord\n|-start|p2a: Dick n da Car Door|fallen1|[silent]\n|move|p1a: BigDaddyPel|U-turn|p2a: Dick n da Car Door\n|-damage|p2a: Dick n da Car Door|77\/100\n|\n|t:|1700446810\n|switch|p1a: Dauntless|Samurott-Hisui, M|100\/100|[from] U-turn\n|-damage|p1a: Dauntless|88\/100|[from] Stealth Rock\n|\n|-weather|RainDance|[upkeep]\n|upkeep\n|turn|15\n|\n|t:|1700446820\n|-end|p2a: Dick n da Car Door|fallen1|[silent]\n|switch|p2a: phil foden|Cinderace, F|55\/100\n|-damage|p2a: phil foden|38\/100|[from] Spikes\n|move|p1a: Dauntless|Aqua Cutter|p2a: phil foden\n|-supereffective|p2a: phil foden\n|-damage|p2a: phil foden|0 fnt\n|faint|p2a: phil foden\n|\n|-weather|RainDance|[upkeep]\n|upkeep\n|\n|t:|1700446826\n|switch|p2a: noob enabler|Garganacl, F, tera:Water|100\/100\n|-damage|p2a: noob enabler|84\/100|[from] Spikes\n|turn|16\n|\n|t:|1700446832\n|switch|p1a: AlsoHim|Chesnaught, M|36\/100 brn\n|-damage|p1a: AlsoHim|30\/100 brn|[from] Stealth Rock\n|move|p2a: noob enabler|Salt Cure|p1a: AlsoHim\n|-resisted|p1a: AlsoHim\n|-damage|p1a: AlsoHim|25\/100 brn\n|-start|p1a: AlsoHim|Salt Cure\n|\n|-weather|RainDance|[upkeep]\n|-heal|p1a: AlsoHim|31\/100 brn|[from] item: Leftovers\n|-heal|p2a: noob enabler|90\/100|[from] item: Leftovers\n|-damage|p1a: AlsoHim|25\/100 brn|[from] brn\n|-damage|p1a: AlsoHim|13\/100 brn|[from] Salt Cure\n|upkeep\n|turn|17\n|\n|t:|1700446843\n|move|p2a: noob enabler|Protect|p2a: noob enabler\n|-singleturn|p2a: noob enabler|Protect\n|move|p1a: AlsoHim|Spikes|p2a: noob enabler\n|-sidestart|p2: gengarsslowcousin|Spikes\n|\n|-weather|RainDance|[upkeep]\n|-heal|p1a: AlsoHim|19\/100 brn|[from] item: Leftovers\n|-heal|p2a: noob enabler|96\/100|[from] item: Leftovers\n|-damage|p1a: AlsoHim|13\/100 brn|[from] brn\n|-damage|p1a: AlsoHim|0 fnt|[from] Salt Cure\n|faint|p1a: AlsoHim\n|upkeep\n|inactive|RepeatUntilTired3 has 120 seconds left.\n|\n|t:|1700446874\n|switch|p1a: Him|Tornadus-Therian, M|100\/100\n|turn|18\n|\n|t:|1700446884\n|move|p1a: Him|Taunt|p2a: noob enabler\n|-start|p2a: noob enabler|move: Taunt\n|move|p2a: noob enabler|Salt Cure|p1a: Him\n|-supereffective|p1a: Him\n|-damage|p1a: Him|65\/100\n|-start|p1a: Him|Salt Cure\n|\n|-weather|RainDance|[upkeep]\n|-heal|p2a: noob enabler|100\/100|[from] item: Leftovers\n|-damage|p1a: Him|52\/100|[from] Salt Cure\n|upkeep\n|turn|19\n|\n|t:|1700446897\n|move|p1a: Him|Hurricane|p2a: noob enabler\n|-damage|p2a: noob enabler|49\/100\n|-start|p2a: noob enabler|confusion\n|-activate|p2a: noob enabler|confusion\n|move|p2a: noob enabler|Salt Cure|p1a: Him\n|-supereffective|p1a: Him\n|-damage|p1a: Him|12\/100\n|\n|-weather|RainDance|[upkeep]\n|-heal|p2a: noob enabler|55\/100|[from] item: Leftovers\n|-damage|p1a: Him|0 fnt|[from] Salt Cure\n|faint|p1a: Him\n|upkeep\n|\n|t:|1700446909\n|switch|p1a: Dauntless|Samurott-Hisui, M|88\/100\n|-damage|p1a: Dauntless|76\/100|[from] Stealth Rock\n|turn|20\n|inactive|gengarsslowcousin has 120 seconds left.\n|\n|t:|1700446914\n|move|p1a: Dauntless|Knock Off|p2a: noob enabler\n|-damage|p2a: noob enabler|19\/100\n|-enditem|p2a: noob enabler|Leftovers|[from] move: Knock Off|[of] p1a: Dauntless\n|-activate|p2a: noob enabler|confusion\n|move|p2a: noob enabler|Salt Cure|p1a: Dauntless\n|-damage|p1a: Dauntless|61\/100\n|-start|p1a: Dauntless|Salt Cure\n|\n|-weather|none\n|-damage|p1a: Dauntless|36\/100|[from] Salt Cure\n|-end|p2a: noob enabler|move: Taunt\n|upkeep\n|turn|21\n|c|\u2606RepeatUntilTired3|fucking piece of shit\n|-message|RepeatUntilTired3 forfeited.\n|\n|win|gengarsslowcousin\n|raw|RepeatUntilTired3's rating: 1531 &rarr; <strong>1517<\/strong><br \/>(-14 for losing)\n|raw|gengarsslowcousin's rating: 1636 &rarr; <strong>1650<\/strong><br \/>(+14 for winning)\n|l|\u2606RepeatUntilTired3\n","uploadtime":1700446930,"views":10,"p1id":"repeatuntiltired3","p2id":"gengarsslowcousin","formatid":"gen9ou","rating":1517,"private":0,"password":""}