{"id":"gen9ou-1988548727","p1":"Digi irl","p2":"Im_Not_A_Whale","format":"[Gen 9] OU","log":"|j|\u2606Digi irl\n|j|\u2606Im_Not_A_Whale\n|t:|1699734878\n|gametype|singles\n|player|p1|Digi irl|sophocles|1179\n|player|p2|Im_Not_A_Whale|drayden|1232\n|teamsize|p1|6\n|teamsize|p2|6\n|gen|9\n|tier|[Gen 9] OU\n|rated|\n|rule|Sleep Clause Mod: Limit one foe put to sleep\n|rule|Species Clause: Limit one of each Pok\u00e9mon\n|rule|OHKO Clause: OHKO moves are banned\n|rule|Evasion Items Clause: Evasion items are banned\n|rule|Evasion Moves Clause: Evasion moves are banned\n|rule|Endless Battle Clause: Forcing endless battles is banned\n|rule|HP Percentage Mod: HP is shown in percentages\n|clearpoke\n|poke|p1|Alomomola, M|\n|poke|p1|Cinderace, M|\n|poke|p1|Clefable, M|\n|poke|p1|Great Tusk|\n|poke|p1|Heatran, F|\n|poke|p1|Rillaboom, M|\n|poke|p2|Landorus-Therian, M|\n|poke|p2|Toxapex, F|\n|poke|p2|Jirachi|\n|poke|p2|Great Tusk|\n|poke|p2|Gengar, F|\n|poke|p2|Breloom, F|\n|teampreview\n|j| KleinerTriwi\n|j| Abgestuerzt\n|\n|t:|1699734905\n|start\n|switch|p1a: Clefable|Clefable, M|100\/100\n|switch|p2a: Toxapex|Toxapex, F|100\/100\n|turn|1\n|\n|t:|1699734922\n|move|p1a: Clefable|Calm Mind|p1a: Clefable\n|-boost|p1a: Clefable|spa|1\n|-boost|p1a: Clefable|spd|1\n|move|p2a: Toxapex|Sludge Bomb|p1a: Clefable\n|-supereffective|p1a: Clefable\n|-damage|p1a: Clefable|75\/100\n|-status|p1a: Clefable|psn\n|\n|upkeep\n|turn|2\n|\n|t:|1699734927\n|move|p1a: Clefable|Moonblast|p2a: Toxapex\n|-resisted|p2a: Toxapex\n|-damage|p2a: Toxapex|63\/100\n|-unboost|p2a: Toxapex|spa|1\n|move|p2a: Toxapex|Toxic Spikes|p1a: Clefable\n|-sidestart|p1: Digi irl|move: Toxic Spikes\n|\n|-heal|p2a: Toxapex|69\/100|[from] item: Black Sludge\n|upkeep\n|turn|3\n|\n|t:|1699734932\n|move|p1a: Clefable|Calm Mind|p1a: Clefable\n|-boost|p1a: Clefable|spa|1\n|-boost|p1a: Clefable|spd|1\n|move|p2a: Toxapex|Recover|p2a: Toxapex\n|-heal|p2a: Toxapex|100\/100\n|\n|upkeep\n|turn|4\n|\n|t:|1699734941\n|move|p2a: Toxapex|Baneful Bunker|p2a: Toxapex\n|-singleturn|p2a: Toxapex|move: Protect\n|move|p1a: Clefable|Flamethrower|p2a: Toxapex\n|-activate|p2a: Toxapex|move: Protect\n|\n|upkeep\n|turn|5\n|\n|t:|1699734948\n|move|p1a: Clefable|Moonblast|p2a: Toxapex\n|-resisted|p2a: Toxapex\n|-damage|p2a: Toxapex|55\/100\n|-unboost|p2a: Toxapex|spa|1\n|move|p2a: Toxapex|Sludge Bomb|p1a: Clefable\n|-supereffective|p1a: Clefable\n|-crit|p1a: Clefable\n|-damage|p1a: Clefable|19\/100 psn\n|\n|-heal|p2a: Toxapex|61\/100|[from] item: Black Sludge\n|upkeep\n|turn|6\n|\n|t:|1699734959\n|move|p1a: Clefable|Moonlight|p1a: Clefable\n|-heal|p1a: Clefable|69\/100 psn\n|move|p2a: Toxapex|Recover|p2a: Toxapex\n|-heal|p2a: Toxapex|100\/100\n|\n|upkeep\n|turn|7\n|\n|t:|1699734969\n|move|p1a: Clefable|Moonlight|p1a: Clefable\n|-heal|p1a: Clefable|100\/100 psn\n|move|p2a: Toxapex|Sludge Bomb|p1a: Clefable\n|-supereffective|p1a: Clefable\n|-damage|p1a: Clefable|90\/100 psn\n|\n|upkeep\n|turn|8\n|\n|t:|1699734987\n|move|p1a: Clefable|Moonblast|p2a: Toxapex\n|-resisted|p2a: Toxapex\n|-damage|p2a: Toxapex|54\/100\n|-unboost|p2a: Toxapex|spa|1\n|move|p2a: Toxapex|Toxic Spikes|p1a: Clefable\n|-sidestart|p1: Digi irl|move: Toxic Spikes\n|\n|-heal|p2a: Toxapex|61\/100|[from] item: Black Sludge\n|upkeep\n|turn|9\n|\n|t:|1699735010\n|switch|p2a: Breloom|Breloom, F|100\/100\n|move|p1a: Clefable|Calm Mind|p1a: Clefable\n|-boost|p1a: Clefable|spa|1\n|-boost|p1a: Clefable|spd|1\n|\n|upkeep\n|turn|10\n|\n|t:|1699735019\n|-terastallize|p1a: Clefable|Fire\n|move|p2a: Breloom|Bullet Seed|p1a: Clefable\n|-resisted|p1a: Clefable\n|-damage|p1a: Clefable|78\/100 psn\n|-resisted|p1a: Clefable\n|-damage|p1a: Clefable|68\/100 psn\n|-resisted|p1a: Clefable\n|-damage|p1a: Clefable|57\/100 psn\n|-resisted|p1a: Clefable\n|-damage|p1a: Clefable|46\/100 psn\n|-hitcount|p1a: Clefable|4\n|move|p1a: Clefable|Flamethrower|p2a: Breloom\n|-supereffective|p2a: Breloom\n|-damage|p2a: Breloom|0 fnt\n|faint|p2a: Breloom\n|\n|upkeep\n|\n|t:|1699735028\n|switch|p2a: Landorus|Landorus-Therian, M|100\/100\n|-ability|p2a: Landorus|Intimidate|boost\n|-unboost|p1a: Clefable|atk|1\n|turn|11\n|\n|t:|1699735049\n|switch|p1a: Great Tusk|Great Tusk|100\/100\n|-status|p1a: Great Tusk|tox\n|move|p2a: Landorus|Earthquake|p1a: Great Tusk\n|-damage|p1a: Great Tusk|57\/100 tox\n|\n|-damage|p1a: Great Tusk|50\/100 tox|[from] psn\n|upkeep\n|turn|12\n|\n|t:|1699735063\n|move|p2a: Landorus|Earthquake|p1a: Great Tusk\n|-damage|p1a: Great Tusk|11\/100 tox\n|move|p1a: Great Tusk|Rapid Spin|p2a: Landorus\n|-damage|p2a: Landorus|80\/100\n|-boost|p1a: Great Tusk|spe|1\n|-sideend|p1: Digi irl|Toxic Spikes|[from] move: Rapid Spin|[of] p1a: Great Tusk\n|\n|-heal|p2a: Landorus|86\/100|[from] item: Leftovers\n|-damage|p1a: Great Tusk|0 fnt|[from] psn\n|faint|p1a: Great Tusk\n|-end|p1a: Great Tusk|Protosynthesis|[silent]\n|upkeep\n|\n|t:|1699735085\n|switch|p1a: Alomomola|Alomomola, M|100\/100\n|turn|13\n|\n|t:|1699735092\n|move|p2a: Landorus|Stealth Rock|p1a: Alomomola\n|-sidestart|p1: Digi irl|move: Stealth Rock\n|move|p1a: Alomomola|Flip Turn|p2a: Landorus\n|-supereffective|p2a: Landorus\n|-damage|p2a: Landorus|48\/100\n|\n|t:|1699735094\n|switch|p1a: Cinderace|Cinderace, M|100\/100|[from] Flip Turn\n|\n|-heal|p2a: Landorus|54\/100|[from] item: Leftovers\n|upkeep\n|turn|14\n|\n|t:|1699735101\n|switch|p2a: Toxapex|Toxapex, F|94\/100\n|move|p1a: Cinderace|Pyro Ball|p2a: Toxapex|[miss]\n|-miss|p1a: Cinderace|p2a: Toxapex\n|\n|-heal|p2a: Toxapex|99\/100|[from] item: Black Sludge\n|upkeep\n|turn|15\n|\n|t:|1699735113\n|move|p2a: Toxapex|Baneful Bunker|p2a: Toxapex\n|-singleturn|p2a: Toxapex|move: Protect\n|move|p1a: Cinderace|U-turn|p2a: Toxapex\n|-start|p1a: Cinderace|typechange|Bug|[from] ability: Libero\n|-activate|p2a: Toxapex|move: Protect\n|-status|p1a: Cinderace|psn\n|\n|-heal|p2a: Toxapex|100\/100|[from] item: Black Sludge\n|-damage|p1a: Cinderace|88\/100 psn|[from] psn\n|upkeep\n|turn|16\n|\n|t:|1699735116\n|move|p1a: Cinderace|U-turn|p2a: Toxapex\n|-resisted|p2a: Toxapex\n|-damage|p2a: Toxapex|91\/100\n|\n|t:|1699735118\n|switch|p1a: Clefable|Clefable, M, tera:Fire|46\/100 psn|[from] U-turn\n|move|p2a: Toxapex|Toxic Spikes|p1a: Clefable\n|-sidestart|p1: Digi irl|move: Toxic Spikes\n|\n|-heal|p2a: Toxapex|97\/100|[from] item: Black Sludge\n|upkeep\n|turn|17\n|\n|t:|1699735124\n|move|p1a: Clefable|Moonlight|p1a: Clefable\n|-heal|p1a: Clefable|96\/100 psn\n|move|p2a: Toxapex|Sludge Bomb|p1a: Clefable\n|-damage|p1a: Clefable|77\/100 psn\n|\n|-heal|p2a: Toxapex|100\/100|[from] item: Black Sludge\n|upkeep\n|turn|18\n|\n|t:|1699735134\n|switch|p2a: Landorus|Landorus-Therian, M|54\/100\n|-ability|p2a: Landorus|Intimidate|boost\n|-unboost|p1a: Clefable|atk|1\n|move|p1a: Clefable|Calm Mind|p1a: Clefable\n|-boost|p1a: Clefable|spa|1\n|-boost|p1a: Clefable|spd|1\n|\n|-heal|p2a: Landorus|60\/100|[from] item: Leftovers\n|upkeep\n|turn|19\n|\n|t:|1699735140\n|switch|p1a: Alomomola|Alomomola, M|100\/100\n|-damage|p1a: Alomomola|88\/100|[from] Stealth Rock\n|-status|p1a: Alomomola|psn\n|move|p2a: Landorus|Earthquake|p1a: Alomomola\n|-damage|p1a: Alomomola|57\/100 psn\n|\n|-heal|p2a: Landorus|66\/100|[from] item: Leftovers\n|-damage|p1a: Alomomola|45\/100 psn|[from] psn\n|upkeep\n|turn|20\n|\n|t:|1699735146\n|move|p2a: Landorus|Earthquake|p1a: Alomomola\n|-damage|p1a: Alomomola|15\/100 psn\n|move|p1a: Alomomola|Flip Turn|p2a: Landorus\n|-supereffective|p2a: Landorus\n|-damage|p2a: Landorus|25\/100\n|\n|t:|1699735149\n|switch|p1a: Cinderace|Cinderace, M|88\/100 psn|[from] Flip Turn\n|\n|-heal|p2a: Landorus|31\/100|[from] item: Leftovers\n|-damage|p1a: Cinderace|76\/100 psn|[from] psn\n|upkeep\n|turn|21\n|\n|t:|1699735156\n|switch|p2a: Toxapex|Toxapex, F|100\/100\n|move|p1a: Cinderace|U-turn|p2a: Toxapex\n|-start|p1a: Cinderace|typechange|Bug|[from] ability: Libero\n|-resisted|p2a: Toxapex\n|-damage|p2a: Toxapex|91\/100\n|\n|t:|1699735158\n|switch|p1a: Clefable|Clefable, M, tera:Fire|77\/100 psn|[from] U-turn\n|\n|-heal|p2a: Toxapex|97\/100|[from] item: Black Sludge\n|upkeep\n|turn|22\n|\n|t:|1699735181\n|switch|p2a: Gengar|Gengar, F|100\/100\n|move|p1a: Clefable|Calm Mind|p1a: Clefable\n|-boost|p1a: Clefable|spa|1\n|-boost|p1a: Clefable|spd|1\n|\n|upkeep\n|turn|23\n|\n|t:|1699735187\n|move|p2a: Gengar|Trick|p1a: Clefable\n|-activate|p2a: Gengar|move: Trick|[of] p1a: Clefable\n|-item|p1a: Clefable|Choice Specs|[from] move: Trick\n|-item|p2a: Gengar|Life Orb|[from] move: Trick\n|move|p1a: Clefable|Moonlight|p1a: Clefable\n|-heal|p1a: Clefable|100\/100 psn\n|\n|upkeep\n|turn|24\n|\n|t:|1699735197\n|switch|p2a: Landorus|Landorus-Therian, M|31\/100\n|-ability|p2a: Landorus|Intimidate|boost\n|-unboost|p1a: Clefable|atk|1\n|switch|p1a: Alomomola|Alomomola, M|49\/100 psn\n|-damage|p1a: Alomomola|36\/100 psn|[from] Stealth Rock\n|\n|-heal|p2a: Landorus|37\/100|[from] item: Leftovers\n|-damage|p1a: Alomomola|24\/100 psn|[from] psn\n|upkeep\n|turn|25\n|\n|t:|1699735202\n|move|p2a: Landorus|Earthquake|p1a: Alomomola\n|-damage|p1a: Alomomola|0 fnt\n|faint|p1a: Alomomola\n|\n|-heal|p2a: Landorus|43\/100|[from] item: Leftovers\n|upkeep\n|\n|t:|1699735205\n|switch|p1a: Cinderace|Cinderace, M|76\/100 psn\n|turn|26\n|\n|t:|1699735209\n|switch|p2a: Toxapex|Toxapex, F|100\/100\n|move|p1a: Cinderace|Pyro Ball|p2a: Toxapex\n|-resisted|p2a: Toxapex\n|-damage|p2a: Toxapex|82\/100\n|\n|-heal|p2a: Toxapex|89\/100|[from] item: Black Sludge\n|-damage|p1a: Cinderace|64\/100 psn|[from] psn\n|upkeep\n|turn|27\n|\n|t:|1699735215\n|switch|p1a: Heatran|Heatran, F|100\/100\n|-damage|p1a: Heatran|88\/100|[from] Stealth Rock\n|move|p2a: Toxapex|Toxic Spikes|p1a: Heatran\n|-sidestart|p1: Digi irl|move: Toxic Spikes\n|\n|-heal|p1a: Heatran|94\/100|[from] item: Leftovers\n|-heal|p2a: Toxapex|95\/100|[from] item: Black Sludge\n|upkeep\n|turn|28\n|\n|t:|1699735236\n|move|p2a: Toxapex|Baneful Bunker|p2a: Toxapex\n|-singleturn|p2a: Toxapex|move: Protect\n|move|p1a: Heatran|Magma Storm|p2a: Toxapex\n|-activate|p2a: Toxapex|move: Protect\n|\n|-heal|p1a: Heatran|100\/100|[from] item: Leftovers\n|-heal|p2a: Toxapex|100\/100|[from] item: Black Sludge\n|upkeep\n|turn|29\n|\n|t:|1699735259\n|switch|p2a: Gengar|Gengar, F|100\/100\n|move|p1a: Heatran|Magma Storm|p2a: Gengar\n|-damage|p2a: Gengar|35\/100\n|-activate|p2a: Gengar|move: Magma Storm|[of] p1a: Heatran\n|\n|-damage|p2a: Gengar|22\/100|[from] move: Magma Storm|[partiallytrapped]\n|upkeep\n|turn|30\n|\n|t:|1699735273\n|move|p2a: Gengar|Shadow Ball|p1a: Heatran\n|-damage|p1a: Heatran|67\/100\n|-damage|p2a: Gengar|12\/100|[from] item: Life Orb\n|move|p1a: Heatran|Earth Power|p2a: Gengar\n|-supereffective|p2a: Gengar\n|-damage|p2a: Gengar|0 fnt\n|faint|p2a: Gengar\n|\n|-heal|p1a: Heatran|74\/100|[from] item: Leftovers\n|upkeep\n|\n|t:|1699735281\n|switch|p2a: Landorus|Landorus-Therian, M|43\/100\n|-ability|p2a: Landorus|Intimidate|boost\n|-unboost|p1a: Heatran|atk|1\n|turn|31\n|\n|t:|1699735285\n|switch|p1a: Rillaboom|Rillaboom, M|100\/100\n|-damage|p1a: Rillaboom|88\/100|[from] Stealth Rock\n|-status|p1a: Rillaboom|tox\n|-fieldstart|move: Grassy Terrain|[from] ability: Grassy Surge|[of] p1a: Rillaboom\n|move|p2a: Landorus|Earthquake|p1a: Rillaboom\n|-resisted|p1a: Rillaboom\n|-damage|p1a: Rillaboom|78\/100 tox\n|\n|-heal|p2a: Landorus|49\/100|[from] item: Leftovers\n|-heal|p1a: Rillaboom|84\/100 tox|[from] Grassy Terrain\n|-heal|p1a: Rillaboom|90\/100 tox|[from] item: Leftovers\n|-damage|p1a: Rillaboom|84\/100 tox|[from] psn\n|upkeep\n|turn|32\n|\n|t:|1699735297\n|switch|p2a: Jirachi|Jirachi|100\/100\n|move|p1a: Rillaboom|U-turn|p2a: Jirachi\n|-damage|p2a: Jirachi|84\/100\n|\n|t:|1699735304\n|switch|p1a: Heatran|Heatran, F|74\/100|[from] U-turn\n|-damage|p1a: Heatran|61\/100|[from] Stealth Rock\n|\n|-heal|p2a: Jirachi|90\/100|[from] Grassy Terrain\n|-heal|p1a: Heatran|67\/100|[from] Grassy Terrain\n|-heal|p1a: Heatran|74\/100|[from] item: Leftovers\n|upkeep\n|turn|33\n|\n|t:|1699735317\n|-terastallize|p2a: Jirachi|Dragon\n|move|p2a: Jirachi|Drain Punch|p1a: Heatran\n|-supereffective|p1a: Heatran\n|-damage|p1a: Heatran|27\/100\n|-heal|p2a: Jirachi|100\/100|[from] drain|[of] p1a: Heatran\n|move|p1a: Heatran|Magma Storm|p2a: Jirachi\n|-resisted|p2a: Jirachi\n|-damage|p2a: Jirachi|88\/100\n|-activate|p2a: Jirachi|move: Magma Storm|[of] p1a: Heatran\n|\n|-heal|p2a: Jirachi|94\/100|[from] Grassy Terrain\n|-heal|p1a: Heatran|34\/100|[from] Grassy Terrain\n|-heal|p1a: Heatran|40\/100|[from] item: Leftovers\n|-damage|p2a: Jirachi|81\/100|[from] move: Magma Storm|[partiallytrapped]\n|upkeep\n|turn|34\n|\n|t:|1699735322\n|switch|p1a: Clefable|Clefable, M, tera:Fire|100\/100 psn\n|move|p2a: Jirachi|Drain Punch|p1a: Clefable\n|-damage|p1a: Clefable|71\/100 psn\n|-heal|p2a: Jirachi|95\/100|[from] drain|[of] p1a: Clefable\n|\n|-heal|p2a: Jirachi|100\/100|[from] Grassy Terrain\n|-heal|p1a: Clefable|77\/100 psn|[from] Grassy Terrain\n|-end|p2a: Jirachi|Magma Storm|[partiallytrapped]|[silent]\n|upkeep\n|turn|35\n|\n|t:|1699735335\n|switch|p2a: Toxapex|Toxapex, F|100\/100\n|move|p1a: Clefable|Moonblast|p2a: Toxapex\n|-resisted|p2a: Toxapex\n|-damage|p2a: Toxapex|75\/100\n|-unboost|p2a: Toxapex|spa|1\n|\n|-heal|p1a: Clefable|83\/100 psn|[from] Grassy Terrain\n|-heal|p2a: Toxapex|82\/100|[from] Grassy Terrain\n|-heal|p2a: Toxapex|88\/100|[from] item: Black Sludge\n|-fieldend|move: Grassy Terrain\n|upkeep\n|turn|36\n|\n|t:|1699735353\n|switch|p1a: Rillaboom|Rillaboom, M|84\/100 tox\n|-damage|p1a: Rillaboom|71\/100 tox|[from] Stealth Rock\n|-fieldstart|move: Grassy Terrain|[from] ability: Grassy Surge|[of] p1a: Rillaboom\n|move|p2a: Toxapex|Baneful Bunker||[still]\n|-fail|p2a: Toxapex\n|\n|-heal|p1a: Rillaboom|78\/100 tox|[from] Grassy Terrain\n|-heal|p1a: Rillaboom|84\/100 tox|[from] item: Leftovers\n|-heal|p2a: Toxapex|94\/100|[from] Grassy Terrain\n|-heal|p2a: Toxapex|100\/100|[from] item: Black Sludge\n|-damage|p1a: Rillaboom|78\/100 tox|[from] psn\n|upkeep\n|turn|37\n|\n|t:|1699735357\n|move|p1a: Rillaboom|Leech Seed|p2a: Toxapex\n|-start|p2a: Toxapex|move: Leech Seed\n|move|p2a: Toxapex|Sludge Bomb|p1a: Rillaboom\n|-supereffective|p1a: Rillaboom\n|-damage|p1a: Rillaboom|48\/100 tox\n|\n|-heal|p1a: Rillaboom|54\/100 tox|[from] Grassy Terrain\n|-heal|p1a: Rillaboom|60\/100 tox|[from] item: Leftovers\n|-damage|p2a: Toxapex|88\/100|[from] Leech Seed|[of] p1a: Rillaboom\n|-heal|p1a: Rillaboom|70\/100 tox|[silent]\n|-damage|p1a: Rillaboom|57\/100 tox|[from] psn\n|upkeep\n|turn|38\n|\n|t:|1699735367\n|switch|p1a: Heatran|Heatran, F|40\/100\n|-damage|p1a: Heatran|27\/100|[from] Stealth Rock\n|move|p2a: Toxapex|Baneful Bunker||[still]\n|-fail|p2a: Toxapex\n|\n|-heal|p1a: Heatran|34\/100|[from] Grassy Terrain\n|-heal|p1a: Heatran|40\/100|[from] item: Leftovers\n|-heal|p2a: Toxapex|94\/100|[from] Grassy Terrain\n|-heal|p2a: Toxapex|100\/100|[from] item: Black Sludge\n|-damage|p2a: Toxapex|88\/100|[from] Leech Seed|[of] p1a: Heatran\n|-heal|p1a: Heatran|50\/100|[silent]\n|upkeep\n|turn|39\n|\n|t:|1699735375\n|switch|p2a: Landorus|Landorus-Therian, M|49\/100\n|-ability|p2a: Landorus|Intimidate|boost\n|-unboost|p1a: Heatran|atk|1\n|move|p1a: Heatran|Magma Storm|p2a: Landorus\n|-damage|p2a: Landorus|0 fnt\n|faint|p2a: Landorus\n|\n|-heal|p1a: Heatran|56\/100|[from] Grassy Terrain\n|-heal|p1a: Heatran|63\/100|[from] item: Leftovers\n|upkeep\n|\n|t:|1699735385\n|switch|p2a: Great Tusk|Great Tusk|100\/100\n|turn|40\n|\n|t:|1699735400\n|switch|p1a: Clefable|Clefable, M, tera:Fire|83\/100 psn\n|move|p2a: Great Tusk|Rapid Spin|p1a: Clefable\n|-damage|p1a: Clefable|62\/100 psn\n|-boost|p2a: Great Tusk|spe|1\n|\n|-heal|p1a: Clefable|68\/100 psn|[from] Grassy Terrain\n|-fieldend|move: Grassy Terrain\n|upkeep\n|turn|41\n|\n|t:|1699735406\n|move|p2a: Great Tusk|Headlong Rush|p1a: Clefable\n|-supereffective|p1a: Clefable\n|-damage|p1a: Clefable|0 fnt\n|-unboost|p2a: Great Tusk|def|1\n|-unboost|p2a: Great Tusk|spd|1\n|faint|p1a: Clefable\n|\n|upkeep\n|\n|t:|1699735411\n|switch|p1a: Rillaboom|Rillaboom, M|57\/100 tox\n|-damage|p1a: Rillaboom|45\/100 tox|[from] Stealth Rock\n|-fieldstart|move: Grassy Terrain|[from] ability: Grassy Surge|[of] p1a: Rillaboom\n|turn|42\n|\n|t:|1699735426\n|-end|p2a: Great Tusk|Protosynthesis|[silent]\n|switch|p2a: Jirachi|Jirachi, tera:Dragon|100\/100\n|move|p1a: Rillaboom|Leech Seed|p2a: Jirachi\n|-start|p2a: Jirachi|move: Leech Seed\n|\n|-heal|p1a: Rillaboom|51\/100 tox|[from] Grassy Terrain\n|-heal|p1a: Rillaboom|57\/100 tox|[from] item: Leftovers\n|-damage|p2a: Jirachi|88\/100|[from] Leech Seed|[of] p1a: Rillaboom\n|-heal|p1a: Rillaboom|69\/100 tox|[silent]\n|-damage|p1a: Rillaboom|63\/100 tox|[from] psn\n|upkeep\n|turn|43\n|\n|t:|1699735431\n|move|p2a: Jirachi|Meteor Mash|p1a: Rillaboom\n|-damage|p1a: Rillaboom|34\/100 tox\n|-boost|p2a: Jirachi|atk|1\n|move|p1a: Rillaboom|U-turn|p2a: Jirachi\n|-damage|p2a: Jirachi|73\/100\n|\n|t:|1699735438\n|switch|p1a: Cinderace|Cinderace, M|64\/100 psn|[from] U-turn\n|\n|-heal|p1a: Cinderace|70\/100 psn|[from] Grassy Terrain\n|-heal|p2a: Jirachi|79\/100|[from] Grassy Terrain\n|-damage|p2a: Jirachi|66\/100|[from] Leech Seed|[of] p1a: Cinderace\n|-heal|p1a: Cinderace|86\/100 psn|[silent]\n|-damage|p1a: Cinderace|74\/100 psn|[from] psn\n|upkeep\n|turn|44\n|\n|t:|1699735444\n|move|p1a: Cinderace|U-turn|p2a: Jirachi\n|-start|p1a: Cinderace|typechange|Bug|[from] ability: Libero\n|-damage|p2a: Jirachi|36\/100\n|\n|t:|1699735446\n|switch|p1a: Rillaboom|Rillaboom, M|34\/100 tox|[from] U-turn\n|-damage|p1a: Rillaboom|21\/100 tox|[from] Stealth Rock\n|move|p2a: Jirachi|Drain Punch|p1a: Rillaboom\n|-damage|p1a: Rillaboom|0 fnt\n|-heal|p2a: Jirachi|46\/100|[from] drain|[of] p1a: Rillaboom\n|faint|p1a: Rillaboom\n|\n|-heal|p2a: Jirachi|52\/100|[from] Grassy Terrain\n|upkeep\n|\n|t:|1699735449\n|switch|p1a: Cinderace|Cinderace, M|74\/100 psn\n|turn|45\n|\n|t:|1699735462\n|move|p1a: Cinderace|Pyro Ball|p2a: Jirachi\n|-resisted|p2a: Jirachi\n|-damage|p2a: Jirachi|28\/100\n|move|p2a: Jirachi|Drain Punch|p1a: Cinderace\n|-damage|p1a: Cinderace|26\/100 psn\n|-heal|p2a: Jirachi|47\/100|[from] drain|[of] p1a: Cinderace\n|\n|-heal|p1a: Cinderace|32\/100 psn|[from] Grassy Terrain\n|-heal|p2a: Jirachi|53\/100|[from] Grassy Terrain\n|-damage|p2a: Jirachi|40\/100|[from] Leech Seed|[of] p1a: Cinderace\n|-heal|p1a: Cinderace|48\/100 psn|[silent]\n|-damage|p1a: Cinderace|36\/100 psn|[from] psn\n|upkeep\n|turn|46\n|\n|t:|1699735472\n|move|p1a: Cinderace|Pyro Ball|p2a: Jirachi\n|-resisted|p2a: Jirachi\n|-damage|p2a: Jirachi|18\/100\n|move|p2a: Jirachi|Drain Punch|p1a: Cinderace\n|-damage|p1a: Cinderace|0 fnt\n|-heal|p2a: Jirachi|31\/100|[from] drain|[of] p1a: Cinderace\n|faint|p1a: Cinderace\n|\n|-heal|p2a: Jirachi|37\/100|[from] Grassy Terrain\n|-fieldend|move: Grassy Terrain\n|upkeep\n|\n|t:|1699735474\n|switch|p1a: Heatran|Heatran, F|63\/100\n|-damage|p1a: Heatran|50\/100|[from] Stealth Rock\n|turn|47\n|\n|t:|1699735476\n|move|p2a: Jirachi|Drain Punch|p1a: Heatran\n|-supereffective|p1a: Heatran\n|-damage|p1a: Heatran|0 fnt\n|-heal|p2a: Jirachi|60\/100|[from] drain|[of] p1a: Heatran\n|faint|p1a: Heatran\n|\n|win|Im_Not_A_Whale\n|raw|Digi irl's rating: 1179 &rarr; <strong>1158<\/strong><br \/>(-21 for losing)\n|raw|Im_Not_A_Whale's rating: 1232 &rarr; <strong>1253<\/strong><br \/>(+21 for winning)\n|c|\u2606Im_Not_A_Whale|ggs\n|l|\u2606Digi irl\n|l| KleinerTriwi\n|l| Abgestuerzt\n","uploadtime":1699735486,"views":32,"p1id":"digiirl","p2id":"imnotawhale","formatid":"gen9ou","rating":1158,"private":0,"password":""}