{"id":"gen9ou-1995966143","p1":"wizteria!","p2":"madmage147","format":"[Gen 9] OU","log":"|j|\u2606wizteria!\n|j|\u2606madmage147\n|t:|1700623016\n|gametype|singles\n|player|p1|wizteria!|266|1461\n|player|p2|madmage147|roxie|1538\n|teamsize|p1|6\n|teamsize|p2|6\n|gen|9\n|tier|[Gen 9] OU\n|rated|\n|rule|Sleep Clause Mod: Limit one foe put to sleep\n|rule|Species Clause: Limit one of each Pok\u00e9mon\n|rule|OHKO Clause: OHKO moves are banned\n|rule|Evasion Items Clause: Evasion items are banned\n|rule|Evasion Moves Clause: Evasion moves are banned\n|rule|Endless Battle Clause: Forcing endless battles is banned\n|rule|HP Percentage Mod: HP is shown in percentages\n|clearpoke\n|poke|p1|Gholdengo|\n|poke|p1|Glimmora, F|\n|poke|p1|Thundurus-Therian, M|\n|poke|p1|Great Tusk|\n|poke|p1|Dragapult, F|\n|poke|p1|Kingambit, F|\n|poke|p2|Dusclops, M|\n|poke|p2|Ting-Lu|\n|poke|p2|Corviknight, M|\n|poke|p2|Blissey, F|\n|poke|p2|Cyclizar, M|\n|poke|p2|Dragonite, F|\n|teampreview\n|inactive|Battle timer is ON: inactive players will automatically lose when time's up. (requested by wizteria!)\n|\n|t:|1700623027\n|start\n|switch|p1a: Glimmora|Glimmora, F|100\/100\n|switch|p2a: Cyclizar|Cyclizar, M|100\/100\n|turn|1\n|\n|t:|1700623032\n|move|p2a: Cyclizar|Draco Meteor|p1a: Glimmora\n|-damage|p1a: Glimmora|51\/100\n|-unboost|p2a: Cyclizar|spa|2\n|move|p1a: Glimmora|Stealth Rock|p2a: Cyclizar\n|-sidestart|p2: madmage147|move: Stealth Rock\n|\n|upkeep\n|turn|2\n|\n|t:|1700623038\n|move|p2a: Cyclizar|Rapid Spin|p1a: Glimmora\n|-resisted|p1a: Glimmora\n|-damage|p1a: Glimmora|42\/100\n|-boost|p2a: Cyclizar|spe|1\n|-activate|p1a: Glimmora|ability: Toxic Debris\n|-sidestart|p2: madmage147|move: Toxic Spikes\n|-sideend|p2: madmage147|Toxic Spikes|[from] move: Rapid Spin|[of] p2a: Cyclizar\n|-sideend|p2: madmage147|Stealth Rock|[from] move: Rapid Spin|[of] p2a: Cyclizar\n|move|p1a: Glimmora|Spikes|p2a: Cyclizar\n|-sidestart|p2: madmage147|Spikes\n|\n|upkeep\n|turn|3\n|\n|t:|1700623044\n|move|p2a: Cyclizar|Rapid Spin|p1a: Glimmora\n|-resisted|p1a: Glimmora\n|-damage|p1a: Glimmora|31\/100\n|-boost|p2a: Cyclizar|spe|1\n|-activate|p1a: Glimmora|ability: Toxic Debris\n|-sidestart|p2: madmage147|move: Toxic Spikes\n|-sideend|p2: madmage147|Spikes|[from] move: Rapid Spin|[of] p2a: Cyclizar\n|-sideend|p2: madmage147|Toxic Spikes|[from] move: Rapid Spin|[of] p2a: Cyclizar\n|move|p1a: Glimmora|Spikes|p2a: Cyclizar\n|-sidestart|p2: madmage147|Spikes\n|\n|upkeep\n|turn|4\n|\n|t:|1700623050\n|move|p2a: Cyclizar|Rapid Spin|p1a: Glimmora\n|-resisted|p1a: Glimmora\n|-damage|p1a: Glimmora|20\/100\n|-boost|p2a: Cyclizar|spe|1\n|-activate|p1a: Glimmora|ability: Toxic Debris\n|-sidestart|p2: madmage147|move: Toxic Spikes\n|-sideend|p2: madmage147|Spikes|[from] move: Rapid Spin|[of] p2a: Cyclizar\n|-sideend|p2: madmage147|Toxic Spikes|[from] move: Rapid Spin|[of] p2a: Cyclizar\n|move|p1a: Glimmora|Spikes|p2a: Cyclizar\n|-sidestart|p2: madmage147|Spikes\n|\n|upkeep\n|turn|5\n|\n|t:|1700623052\n|switch|p1a: Gholdengo|Gholdengo|100\/100\n|-item|p1a: Gholdengo|Air Balloon\n|move|p2a: Cyclizar|Rapid Spin|p1a: Gholdengo\n|-immune|p1a: Gholdengo\n|\n|upkeep\n|turn|6\n|\n|t:|1700623055\n|move|p2a: Cyclizar|U-turn|p1a: Gholdengo\n|-resisted|p1a: Gholdengo\n|-damage|p1a: Gholdengo|98\/100\n|-enditem|p1a: Gholdengo|Air Balloon\n|\n|t:|1700623057\n|switch|p2a: Ting-Lu|Ting-Lu|100\/100|[from] U-turn\n|-damage|p2a: Ting-Lu|88\/100|[from] Spikes\n|-ability|p2a: Ting-Lu|Vessel of Ruin\n|move|p1a: Gholdengo|Nasty Plot|p1a: Gholdengo\n|-boost|p1a: Gholdengo|spa|2\n|\n|-heal|p2a: Ting-Lu|94\/100|[from] item: Leftovers\n|upkeep\n|turn|7\n|\n|t:|1700623063\n|switch|p1a: Glimmora|Glimmora, F|20\/100\n|move|p2a: Ting-Lu|Ruination|p1a: Glimmora\n|-damage|p1a: Glimmora|11\/100\n|\n|-heal|p2a: Ting-Lu|100\/100|[from] item: Leftovers\n|upkeep\n|turn|8\n|\n|t:|1700623069\n|switch|p2a: Cyclizar|Cyclizar, M|100\/100\n|move|p1a: Glimmora|Mortal Spin|p2a: Cyclizar\n|-damage|p2a: Cyclizar|90\/100\n|-status|p2a: Cyclizar|psn\n|\n|-damage|p2a: Cyclizar|77\/100 psn|[from] psn\n|upkeep\n|turn|9\n|\n|t:|1700623076\n|switch|p1a: Gholdengo|Gholdengo|98\/100\n|move|p2a: Cyclizar|Rapid Spin|p1a: Gholdengo\n|-immune|p1a: Gholdengo\n|\n|-damage|p2a: Cyclizar|65\/100 psn|[from] psn\n|upkeep\n|turn|10\n|\n|t:|1700623081\n|move|p2a: Cyclizar|U-turn|p1a: Gholdengo\n|-resisted|p1a: Gholdengo\n|-damage|p1a: Gholdengo|95\/100\n|\n|t:|1700623084\n|switch|p2a: Ting-Lu|Ting-Lu|100\/100|[from] U-turn\n|-damage|p2a: Ting-Lu|88\/100|[from] Spikes\n|-ability|p2a: Ting-Lu|Vessel of Ruin\n|move|p1a: Gholdengo|Nasty Plot|p1a: Gholdengo\n|-boost|p1a: Gholdengo|spa|2\n|\n|-heal|p2a: Ting-Lu|94\/100|[from] item: Leftovers\n|upkeep\n|turn|11\n|\n|t:|1700623089\n|switch|p1a: Glimmora|Glimmora, F|11\/100\n|move|p2a: Ting-Lu|Ruination|p1a: Glimmora\n|-damage|p1a: Glimmora|6\/100\n|\n|-heal|p2a: Ting-Lu|100\/100|[from] item: Leftovers\n|upkeep\n|turn|12\n|\n|t:|1700623098\n|switch|p2a: Cyclizar|Cyclizar, M|98\/100 psn\n|move|p1a: Glimmora|Stealth Rock|p2a: Cyclizar\n|-sidestart|p2: madmage147|move: Stealth Rock\n|\n|-damage|p2a: Cyclizar|86\/100 psn|[from] psn\n|upkeep\n|turn|13\n|\n|t:|1700623101\n|switch|p1a: Gholdengo|Gholdengo|95\/100\n|move|p2a: Cyclizar|Draco Meteor|p1a: Gholdengo\n|-resisted|p1a: Gholdengo\n|-damage|p1a: Gholdengo|75\/100\n|-unboost|p2a: Cyclizar|spa|2\n|\n|-damage|p2a: Cyclizar|74\/100 psn|[from] psn\n|upkeep\n|turn|14\n|\n|t:|1700623105\n|move|p2a: Cyclizar|U-turn|p1a: Gholdengo\n|-resisted|p1a: Gholdengo\n|-damage|p1a: Gholdengo|72\/100\n|\n|t:|1700623109\n|switch|p2a: Ting-Lu|Ting-Lu|100\/100|[from] U-turn\n|-damage|p2a: Ting-Lu|88\/100|[from] Spikes\n|-damage|p2a: Ting-Lu|82\/100|[from] Stealth Rock\n|-ability|p2a: Ting-Lu|Vessel of Ruin\n|move|p1a: Gholdengo|Recover|p1a: Gholdengo\n|-heal|p1a: Gholdengo|100\/100\n|\n|-heal|p2a: Ting-Lu|88\/100|[from] item: Leftovers\n|upkeep\n|turn|15\n|\n|t:|1700623111\n|switch|p1a: Glimmora|Glimmora, F|6\/100\n|move|p2a: Ting-Lu|Spikes|p1a: Glimmora\n|-sidestart|p1: wizteria!|Spikes\n|\n|-heal|p2a: Ting-Lu|94\/100|[from] item: Leftovers\n|upkeep\n|turn|16\n|\n|t:|1700623113\n|move|p1a: Glimmora|Mortal Spin|p2a: Ting-Lu\n|-resisted|p2a: Ting-Lu\n|-damage|p2a: Ting-Lu|93\/100\n|-status|p2a: Ting-Lu|psn\n|-sideend|p1: wizteria!|Spikes|[from] move: Mortal Spin|[of] p1a: Glimmora\n|move|p2a: Ting-Lu|Spikes|p1a: Glimmora\n|-sidestart|p1: wizteria!|Spikes\n|\n|-heal|p2a: Ting-Lu|99\/100 psn|[from] item: Leftovers\n|-damage|p2a: Ting-Lu|86\/100 psn|[from] psn\n|upkeep\n|turn|17\n|\n|t:|1700623117\n|switch|p2a: Cyclizar|Cyclizar, M|100\/100 psn\n|move|p1a: Glimmora|Mortal Spin|p2a: Cyclizar\n|-damage|p2a: Cyclizar|91\/100 psn\n|-sideend|p1: wizteria!|Spikes|[from] move: Mortal Spin|[of] p1a: Glimmora\n|\n|-damage|p2a: Cyclizar|79\/100 psn|[from] psn\n|upkeep\n|turn|18\n|\n|t:|1700623120\n|switch|p1a: Gholdengo|Gholdengo|100\/100\n|move|p2a: Cyclizar|Knock Off|p1a: Gholdengo\n|-supereffective|p1a: Gholdengo\n|-crit|p1a: Gholdengo\n|-damage|p1a: Gholdengo|67\/100\n|\n|-damage|p2a: Cyclizar|66\/100 psn|[from] psn\n|upkeep\n|turn|19\n|\n|t:|1700623123\n|move|p2a: Cyclizar|U-turn|p1a: Gholdengo\n|-resisted|p1a: Gholdengo\n|-damage|p1a: Gholdengo|64\/100\n|\n|t:|1700623128\n|switch|p2a: Blissey|Blissey, F|100\/100|[from] U-turn\n|-damage|p2a: Blissey|88\/100|[from] Spikes\n|-damage|p2a: Blissey|76\/100|[from] Stealth Rock\n|move|p1a: Gholdengo|Recover|p1a: Gholdengo\n|-heal|p1a: Gholdengo|100\/100\n|\n|-heal|p2a: Blissey|82\/100|[from] item: Leftovers\n|upkeep\n|turn|20\n|\n|t:|1700623133\n|move|p1a: Gholdengo|Nasty Plot|p1a: Gholdengo\n|-boost|p1a: Gholdengo|spa|2\n|move|p2a: Blissey|Stealth Rock|p1a: Gholdengo\n|-sidestart|p1: wizteria!|move: Stealth Rock\n|\n|-heal|p2a: Blissey|88\/100|[from] item: Leftovers\n|upkeep\n|turn|21\n|\n|t:|1700623138\n|move|p1a: Gholdengo|Nasty Plot|p1a: Gholdengo\n|-boost|p1a: Gholdengo|spa|2\n|move|p2a: Blissey|Heal Bell|p2a: Blissey\n|-activate|p2a: Blissey|move: Heal Bell\n|-curestatus|p2: Ting-Lu|psn|[msg]\n|-curestatus|p2: Cyclizar|psn|[msg]\n|\n|-heal|p2a: Blissey|94\/100|[from] item: Leftovers\n|upkeep\n|turn|22\n|\n|t:|1700623146\n|switch|p2a: Ting-Lu|Ting-Lu|86\/100\n|-damage|p2a: Ting-Lu|74\/100|[from] Spikes\n|-damage|p2a: Ting-Lu|68\/100|[from] Stealth Rock\n|-ability|p2a: Ting-Lu|Vessel of Ruin\n|move|p1a: Gholdengo|Nasty Plot|p1a: Gholdengo\n|-boost|p1a: Gholdengo|spa|2\n|\n|-heal|p2a: Ting-Lu|74\/100|[from] item: Leftovers\n|upkeep\n|turn|23\n|\n|t:|1700623150\n|move|p1a: Gholdengo|Make It Rain|p2a: Ting-Lu\n|-damage|p2a: Ting-Lu|0 fnt\n|-unboost|p1a: Gholdengo|spa|1\n|faint|p2a: Ting-Lu\n|\n|upkeep\n|-message|madmage147 forfeited.\n|\n|win|wizteria!\n|raw|wizteria!'s rating: 1461 &rarr; <strong>1485<\/strong><br \/>(+24 for winning)\n|raw|madmage147's rating: 1538 &rarr; <strong>1514<\/strong><br \/>(-24 for losing)\n|l|\u2606madmage147\n","uploadtime":1700623158,"views":4,"p1id":"wizteria","p2id":"madmage147","formatid":"gen9ou","rating":1485,"private":0,"password":""}