{"id":"gen9ou-1994108526","p1":"Hunter_of_Keys","p2":"mangolol","format":"[Gen 9] OU","log":"|j|\u203dHunter_of_Keys\n|j|\u2606mangolol\n|t:|1700407856\n|gametype|singles\n|player|p1|Hunter_of_Keys|clerk-boss|1361\n|player|p2|mangolol|adaman|1326\n|teamsize|p1|6\n|teamsize|p2|6\n|gen|9\n|tier|[Gen 9] OU\n|rated|\n|rule|Sleep Clause Mod: Limit one foe put to sleep\n|rule|Species Clause: Limit one of each Pok\u00e9mon\n|rule|OHKO Clause: OHKO moves are banned\n|rule|Evasion Items Clause: Evasion items are banned\n|rule|Evasion Moves Clause: Evasion moves are banned\n|rule|Endless Battle Clause: Forcing endless battles is banned\n|rule|HP Percentage Mod: HP is shown in percentages\n|clearpoke\n|poke|p1|Espeon, F|\n|poke|p1|Armarouge, M|\n|poke|p1|Indeedee, M|\n|poke|p1|Gallade, M|\n|poke|p1|Cresselia, F|\n|poke|p1|Articuno-Galar|\n|poke|p2|Ribombee, F|\n|poke|p2|Samurott-Hisui, M|\n|poke|p2|Ninetales-Alola, M|\n|poke|p2|Rillaboom, F|\n|poke|p2|Sneasler, M|\n|poke|p2|Kingambit, F|\n|teampreview\n|inactive|Battle timer is ON: inactive players will automatically lose when time's up. (requested by Hunter_of_Keys)\n|inactive|mangolol has 120 seconds left.\n|inactive|mangolol has 90 seconds left.\n|\n|t:|1700407929\n|start\n|switch|p1a: Indeedee|Indeedee, M|100\/100\n|switch|p2a: more usg thn lando|Ribombee, F|100\/100\n|-fieldstart|move: Psychic Terrain|[from] ability: Psychic Surge|[of] p1a: Indeedee\n|turn|1\n|\n|t:|1700407934\n|switch|p1a: Espeon|Espeon, F|100\/100\n|move|p2a: more usg thn lando|Moonblast|p1a: Espeon\n|-damage|p1a: Espeon|51\/100\n|-unboost|p1a: Espeon|spa|1\n|\n|upkeep\n|turn|2\n|\n|t:|1700407944\n|move|p2a: more usg thn lando|Moonblast|p1a: Espeon\n|-damage|p1a: Espeon|6\/100\n|move|p1a: Espeon|Thunder Wave|p2a: more usg thn lando\n|-status|p2a: more usg thn lando|par\n|\n|upkeep\n|turn|3\n|\n|t:|1700407960\n|move|p1a: Espeon|Reflect|p1a: Espeon\n|-sidestart|p1: Hunter_of_Keys|Reflect\n|cant|p2a: more usg thn lando|par\n|\n|upkeep\n|turn|4\n|\n|t:|1700407962\n|move|p1a: Espeon|Light Screen|p1a: Espeon\n|-sidestart|p1: Hunter_of_Keys|move: Light Screen\n|move|p2a: more usg thn lando|Moonblast|p1a: Espeon\n|-damage|p1a: Espeon|0 fnt\n|faint|p1a: Espeon\n|\n|upkeep\n|\n|t:|1700407964\n|switch|p1a: Armarouge|Armarouge, M|100\/100\n|turn|5\n|\n|t:|1700407968\n|move|p1a: Armarouge|Armor Cannon|p2a: more usg thn lando\n|-supereffective|p2a: more usg thn lando\n|-enditem|p2a: more usg thn lando|Focus Sash\n|-damage|p2a: more usg thn lando|1\/100 par\n|-unboost|p1a: Armarouge|def|1\n|-unboost|p1a: Armarouge|spd|1\n|cant|p2a: more usg thn lando|par\n|\n|upkeep\n|turn|6\n|\n|t:|1700407975\n|move|p1a: Armarouge|Armor Cannon|p2a: more usg thn lando\n|-supereffective|p2a: more usg thn lando\n|-damage|p2a: more usg thn lando|0 fnt\n|-unboost|p1a: Armarouge|def|1\n|-unboost|p1a: Armarouge|spd|1\n|faint|p2a: more usg thn lando\n|\n|upkeep\n|\n|t:|1700407977\n|switch|p2a: the antichrist|Ninetales-Alola, M|100\/100\n|-weather|Snow|[from] ability: Snow Warning|[of] p2a: the antichrist\n|turn|7\n|\n|t:|1700407983\n|move|p2a: the antichrist|Aurora Veil|p2a: the antichrist\n|-sidestart|p2: mangolol|move: Aurora Veil\n|move|p1a: Armarouge|Armor Cannon|p2a: the antichrist\n|-supereffective|p2a: the antichrist\n|-damage|p2a: the antichrist|24\/100\n|-unboost|p1a: Armarouge|def|1\n|-unboost|p1a: Armarouge|spd|1\n|\n|-weather|Snow|[upkeep]\n|upkeep\n|turn|8\n|\n|t:|1700407988\n|switch|p1a: Cresselia|Cresselia, F|100\/100\n|move|p2a: the antichrist|Moonblast|p1a: Cresselia\n|-damage|p1a: Cresselia|91\/100\n|\n|-weather|Snow|[upkeep]\n|-fieldend|move: Psychic Terrain\n|upkeep\n|turn|9\n|\n|t:|1700407995\n|switch|p2a: GOAT|Samurott-Hisui, M|100\/100\n|move|p1a: Cresselia|Thunder Wave|p2a: GOAT\n|-status|p2a: GOAT|par\n|\n|-weather|Snow|[upkeep]\n|upkeep\n|turn|10\n|\n|t:|1700408004\n|cant|p2a: GOAT|par\n|move|p1a: Cresselia|Moonblast|p2a: GOAT\n|-supereffective|p2a: GOAT\n|-damage|p2a: GOAT|74\/100 par\n|\n|-weather|Snow|[upkeep]\n|-sideend|p1: Hunter_of_Keys|Reflect\n|upkeep\n|turn|11\n|\n|t:|1700408012\n|move|p2a: GOAT|Ceaseless Edge|p1a: Cresselia\n|-supereffective|p1a: Cresselia\n|-damage|p1a: Cresselia|39\/100\n|-damage|p2a: GOAT|58\/100 par|[from] item: Rocky Helmet|[of] p1a: Cresselia\n|-sidestart|p1: Hunter_of_Keys|Spikes\n|move|p1a: Cresselia|Moonblast|p2a: GOAT\n|-supereffective|p2a: GOAT\n|-damage|p2a: GOAT|33\/100 par\n|\n|-weather|none\n|-sideend|p1: Hunter_of_Keys|move: Light Screen\n|upkeep\n|turn|12\n|\n|t:|1700408023\n|cant|p2a: GOAT|par\n|move|p1a: Cresselia|Moonblast|p2a: GOAT\n|-supereffective|p2a: GOAT\n|-damage|p2a: GOAT|8\/100 par\n|\n|upkeep\n|turn|13\n|\n|t:|1700408036\n|cant|p2a: GOAT|par\n|move|p1a: Cresselia|Moonblast|p2a: GOAT\n|-supereffective|p2a: GOAT\n|-damage|p2a: GOAT|0 fnt\n|faint|p2a: GOAT\n|\n|upkeep\n|\n|t:|1700408039\n|switch|p2a: #DICKSOUT|Rillaboom, F|100\/100\n|-fieldstart|move: Grassy Terrain|[from] ability: Grassy Surge|[of] p2a: #DICKSOUT\n|turn|14\n|\n|t:|1700408046\n|move|p2a: #DICKSOUT|U-turn|p1a: Cresselia\n|-supereffective|p1a: Cresselia\n|-damage|p1a: Cresselia|0 fnt\n|-damage|p2a: #DICKSOUT|84\/100|[from] item: Rocky Helmet|[of] p1a: Cresselia\n|faint|p1a: Cresselia\n|\n|t:|1700408052\n|switch|p2a: LOL XD!!!!!!|Sneasler, M|100\/100|[from] U-turn\n|-enditem|p2a: LOL XD!!!!!!|Grassy Seed\n|-boost|p2a: LOL XD!!!!!!|def|1|[from] item: Grassy Seed\n|\n|-sideend|p2: mangolol|move: Aurora Veil\n|upkeep\n|\n|t:|1700408061\n|switch|p1a: Indeedee|Indeedee, M|100\/100\n|-damage|p1a: Indeedee|88\/100|[from] Spikes\n|-fieldstart|move: Psychic Terrain|[from] ability: Psychic Surge|[of] p1a: Indeedee\n|turn|15\n|\n|t:|1700408078\n|switch|p1a: Armarouge|Armarouge, M|100\/100\n|-damage|p1a: Armarouge|88\/100|[from] Spikes\n|move|p2a: LOL XD!!!!!!|Dire Claw|p1a: Armarouge\n|-damage|p1a: Armarouge|35\/100\n|-status|p1a: Armarouge|par\n|-ability|p1a: Armarouge|Weak Armor|boost\n|-unboost|p1a: Armarouge|def|1\n|-boost|p1a: Armarouge|spe|2\n|\n|upkeep\n|turn|16\n|\n|t:|1700408086\n|move|p1a: Armarouge|Endure|p1a: Armarouge\n|-singleturn|p1a: Armarouge|move: Endure\n|move|p2a: LOL XD!!!!!!|Acrobatics|p1a: Armarouge\n|-activate|p1a: Armarouge|move: Endure\n|-damage|p1a: Armarouge|1\/100 par\n|-ability|p1a: Armarouge|Weak Armor|boost\n|-unboost|p1a: Armarouge|def|1\n|-boost|p1a: Armarouge|spe|2\n|\n|upkeep\n|turn|17\n|\n|t:|1700408092\n|move|p2a: LOL XD!!!!!!|Acrobatics|p1a: Armarouge\n|-damage|p1a: Armarouge|0 fnt\n|faint|p1a: Armarouge\n|\n|upkeep\n|\n|t:|1700408094\n|switch|p1a: Gallade|Gallade, M|100\/100\n|-damage|p1a: Gallade|88\/100|[from] Spikes\n|turn|18\n|\n|t:|1700408098\n|-terastallize|p2a: LOL XD!!!!!!|Flying\n|move|p2a: LOL XD!!!!!!|Acrobatics|p1a: Gallade\n|-supereffective|p1a: Gallade\n|-damage|p1a: Gallade|0 fnt\n|faint|p1a: Gallade\n|\n|upkeep\n|\n|t:|1700408101\n|switch|p1a: Articuno|Articuno-Galar|100\/100\n|turn|19\n|\n|t:|1700408111\n|move|p2a: LOL XD!!!!!!|Dire Claw|p1a: Articuno\n|-damage|p1a: Articuno|58\/100\n|-status|p1a: Articuno|par\n|move|p1a: Articuno|Agility|p1a: Articuno\n|-boost|p1a: Articuno|spe|2\n|\n|upkeep\n|turn|20\n|\n|t:|1700408117\n|move|p2a: LOL XD!!!!!!|Acrobatics|p1a: Articuno\n|-damage|p1a: Articuno|0 fnt\n|faint|p1a: Articuno\n|\n|upkeep\n|\n|t:|1700408118\n|switch|p1a: Indeedee|Indeedee, M|88\/100\n|-damage|p1a: Indeedee|76\/100|[from] Spikes\n|turn|21\n|\n|t:|1700408122\n|move|p2a: LOL XD!!!!!!|Close Combat|p1a: Indeedee\n|-damage|p1a: Indeedee|0 fnt\n|-unboost|p2a: LOL XD!!!!!!|def|1\n|-unboost|p2a: LOL XD!!!!!!|spd|1\n|faint|p1a: Indeedee\n|\n|win|mangolol\n|raw|Hunter_of_Keys's rating: 1361 &rarr; <strong>1339<\/strong><br \/>(-22 for losing)\n|raw|mangolol's rating: 1326 &rarr; <strong>1348<\/strong><br \/>(+22 for winning)\n|l|\u203dHunter_of_Keys\n","uploadtime":1700408135,"views":6,"p1id":"hunterofkeys","p2id":"mangolol","formatid":"gen9ou","rating":1339,"private":0,"password":""}