{"id":"gen9ou-2000662951","p1":"Zonek","p2":"CheetosD","format":"[Gen 9] OU","log":"|j|\u2606Zonek\n|j|\u2606CheetosD\n|t:|1701216014\n|gametype|singles\n|player|p1|Zonek|acetrainer-gen4dp|1193\n|player|p2|CheetosD|shadowtriad|1191\n|teamsize|p1|6\n|teamsize|p2|6\n|gen|9\n|tier|[Gen 9] OU\n|rated|\n|rule|Sleep Clause Mod: Limit one foe put to sleep\n|rule|Species Clause: Limit one of each Pok\u00e9mon\n|rule|OHKO Clause: OHKO moves are banned\n|rule|Evasion Items Clause: Evasion items are banned\n|rule|Evasion Moves Clause: Evasion moves are banned\n|rule|Endless Battle Clause: Forcing endless battles is banned\n|rule|HP Percentage Mod: HP is shown in percentages\n|clearpoke\n|poke|p1|Rillaboom, M|\n|poke|p1|Hawlucha, M|\n|poke|p1|Iron Valiant|\n|poke|p1|Skeledirge, M|\n|poke|p1|Samurott-Hisui, M|\n|poke|p1|Sylveon, F|\n|poke|p2|Zapdos|\n|poke|p2|Pelipper, F|\n|poke|p2|Ogerpon-Wellspring, F|\n|poke|p2|Rillaboom, M|\n|poke|p2|Cramorant, M|\n|poke|p2|Iron Moth|\n|teampreview\n|inactive|Battle timer is ON: inactive players will automatically lose when time's up. (requested by CheetosD)\n|\n|t:|1701216027\n|start\n|switch|p1a: Samurott|Samurott-Hisui, M|100\/100\n|switch|p2a: Giga Pomba|Pelipper, F|100\/100\n|-weather|RainDance|[from] ability: Drizzle|[of] p2a: Giga Pomba\n|turn|1\n|\n|t:|1701216035\n|move|p1a: Samurott|Swords Dance|p1a: Samurott\n|-boost|p1a: Samurott|atk|2\n|move|p2a: Giga Pomba|U-turn|p1a: Samurott\n|-supereffective|p1a: Samurott\n|-damage|p1a: Samurott|81\/100\n|\n|t:|1701216039\n|switch|p2a: Magago com shape|Rillaboom, M|100\/100|[from] U-turn\n|-fieldstart|move: Grassy Terrain|[from] ability: Grassy Surge|[of] p2a: Magago com shape\n|\n|-weather|RainDance|[upkeep]\n|-heal|p1a: Samurott|87\/100|[from] Grassy Terrain\n|upkeep\n|turn|2\n|\n|t:|1701216049\n|-terastallize|p1a: Samurott|Dark\n|move|p2a: Magago com shape|Grassy Glide|p1a: Samurott\n|-damage|p1a: Samurott|16\/100\n|move|p1a: Samurott|Sucker Punch||[still]\n|-fail|p1a: Samurott\n|\n|-weather|RainDance|[upkeep]\n|-heal|p1a: Samurott|22\/100|[from] Grassy Terrain\n|upkeep\n|turn|3\n|\n|t:|1701216063\n|switch|p1a: Skeledirge|Skeledirge, M|100\/100\n|move|p2a: Magago com shape|Grassy Glide|p1a: Skeledirge\n|-resisted|p1a: Skeledirge\n|-damage|p1a: Skeledirge|83\/100\n|\n|-weather|RainDance|[upkeep]\n|-heal|p1a: Skeledirge|89\/100|[from] Grassy Terrain\n|upkeep\n|turn|4\n|\n|t:|1701216071\n|switch|p2a: Pato|Cramorant, M, shiny|100\/100\n|move|p1a: Skeledirge|Will-O-Wisp|p2a: Pato\n|-status|p2a: Pato|brn\n|\n|-weather|RainDance|[upkeep]\n|-heal|p1a: Skeledirge|95\/100|[from] Grassy Terrain\n|-damage|p2a: Pato|94\/100 brn|[from] brn\n|upkeep\n|turn|5\n|\n|t:|1701216080\n|switch|p1a: Sylveon|Sylveon, F|100\/100\n|move|p2a: Pato|Tailwind|p2a: Pato\n|-sidestart|p2: CheetosD|move: Tailwind\n|\n|-weather|RainDance|[upkeep]\n|-damage|p2a: Pato|88\/100 brn|[from] brn\n|-fieldend|move: Grassy Terrain\n|upkeep\n|turn|6\n|\n|t:|1701216087\n|move|p2a: Pato|Hydro Pump|p1a: Sylveon\n|-damage|p1a: Sylveon|67\/100\n|move|p1a: Sylveon|Calm Mind|p1a: Sylveon\n|-boost|p1a: Sylveon|spa|1\n|-boost|p1a: Sylveon|spd|1\n|\n|-weather|RainDance|[upkeep]\n|-heal|p1a: Sylveon|73\/100|[from] item: Leftovers\n|-damage|p2a: Pato|82\/100 brn|[from] brn\n|upkeep\n|turn|7\n|\n|t:|1701216099\n|move|p2a: Pato|Icy Wind|p1a: Sylveon\n|-damage|p1a: Sylveon|68\/100\n|-unboost|p1a: Sylveon|spe|1\n|move|p1a: Sylveon|Hyper Voice|p2a: Pato\n|-damage|p2a: Pato|1\/100 brn\n|\n|-weather|RainDance|[upkeep]\n|-heal|p1a: Sylveon|74\/100|[from] item: Leftovers\n|-damage|p2a: Pato|0 fnt|[from] brn\n|faint|p2a: Pato\n|upkeep\n|\n|t:|1701216104\n|switch|p2a: Magago|Ogerpon-Wellspring, F|100\/100\n|turn|8\n|\n|t:|1701216112\n|-terastallize|p2a: Magago|Water\n|detailschange|p2a: Magago|Ogerpon-Wellspring-Tera, F, tera:Water\n|-ability|p2a: Magago|Embody Aspect (Wellspring)|boost\n|-boost|p2a: Magago|spd|1\n|move|p1a: Sylveon|Protect|p1a: Sylveon\n|-singleturn|p1a: Sylveon|Protect\n|move|p2a: Magago|Swords Dance|p2a: Magago\n|-boost|p2a: Magago|atk|2\n|\n|-weather|none\n|-heal|p1a: Sylveon|80\/100|[from] item: Leftovers\n|-sideend|p2: CheetosD|move: Tailwind\n|upkeep\n|turn|9\n|\n|t:|1701216125\n|switch|p1a: Skeledirge|Skeledirge, M|95\/100\n|move|p2a: Magago|Ivy Cudgel|p1a: Skeledirge|[anim] Ivy Cudgel Water\n|-supereffective|p1a: Skeledirge\n|-damage|p1a: Skeledirge|0 fnt\n|faint|p1a: Skeledirge\n|\n|upkeep\n|\n|t:|1701216133\n|switch|p1a: Samurott|Samurott-Hisui, M, tera:Dark|22\/100\n|turn|10\n|\n|t:|1701216142\n|move|p1a: Samurott|Sucker Punch|p2a: Magago\n|-damage|p2a: Magago|15\/100\n|-damage|p1a: Samurott|12\/100|[from] item: Life Orb\n|move|p2a: Magago|Ivy Cudgel|p1a: Samurott|[anim] Ivy Cudgel Water\n|-damage|p1a: Samurott|0 fnt\n|faint|p1a: Samurott\n|\n|upkeep\n|\n|t:|1701216150\n|switch|p1a: Rillaboom|Rillaboom, M, shiny|100\/100\n|-fieldstart|move: Grassy Terrain|[from] ability: Grassy Surge|[of] p1a: Rillaboom\n|turn|11\n|\n|t:|1701216155\n|switch|p2a: Giga Pomba|Pelipper, F|100\/100\n|-weather|RainDance|[from] ability: Drizzle|[of] p2a: Giga Pomba\n|move|p1a: Rillaboom|Grassy Glide|p2a: Giga Pomba\n|-damage|p2a: Giga Pomba|46\/100\n|-damage|p1a: Rillaboom|91\/100|[from] item: Life Orb\n|\n|-weather|RainDance|[upkeep]\n|-heal|p1a: Rillaboom|97\/100|[from] Grassy Terrain\n|upkeep\n|turn|12\n|\n|t:|1701216167\n|move|p1a: Rillaboom|Knock Off|p2a: Giga Pomba\n|-damage|p2a: Giga Pomba|0 fnt\n|-enditem|p2a: Giga Pomba|Damp Rock|[from] move: Knock Off|[of] p1a: Rillaboom\n|faint|p2a: Giga Pomba\n|-damage|p1a: Rillaboom|87\/100|[from] item: Life Orb\n|\n|-weather|RainDance|[upkeep]\n|-heal|p1a: Rillaboom|93\/100|[from] Grassy Terrain\n|upkeep\n|\n|t:|1701216169\n|switch|p2a: Pomba|Zapdos|100\/100\n|turn|13\n|\n|t:|1701216181\n|switch|p1a: Sylveon|Sylveon, F|80\/100\n|move|p2a: Pomba|Hurricane|p1a: Sylveon\n|-damage|p1a: Sylveon|52\/100\n|\n|-weather|RainDance|[upkeep]\n|-heal|p1a: Sylveon|58\/100|[from] Grassy Terrain\n|-heal|p1a: Sylveon|64\/100|[from] item: Leftovers\n|upkeep\n|turn|14\n|\n|t:|1701216191\n|move|p2a: Pomba|Thunder Wave|p1a: Sylveon\n|-status|p1a: Sylveon|par\n|move|p1a: Sylveon|Wish|p1a: Sylveon\n|\n|-weather|RainDance|[upkeep]\n|-heal|p1a: Sylveon|70\/100 par|[from] Grassy Terrain\n|-heal|p1a: Sylveon|76\/100 par|[from] item: Leftovers\n|upkeep\n|turn|15\n|\n|t:|1701216204\n|switch|p2a: Iron Moth|Iron Moth|100\/100\n|-enditem|p2a: Iron Moth|Booster Energy\n|-activate|p2a: Iron Moth|ability: Quark Drive|[fromitem]\n|-start|p2a: Iron Moth|quarkdrivespe\n|cant|p1a: Sylveon|par\n|\n|-weather|RainDance|[upkeep]\n|-heal|p1a: Sylveon|100\/100 par|[from] move: Wish|[wisher] Sylveon\n|-fieldend|move: Grassy Terrain\n|upkeep\n|turn|16\n|\n|t:|1701216216\n|move|p2a: Iron Moth|Sludge Wave|p1a: Sylveon\n|-supereffective|p1a: Sylveon\n|-damage|p1a: Sylveon|54\/100 par\n|move|p1a: Sylveon|Calm Mind|p1a: Sylveon\n|-boost|p1a: Sylveon|spa|1\n|-boost|p1a: Sylveon|spd|1\n|\n|-weather|RainDance|[upkeep]\n|-heal|p1a: Sylveon|60\/100 par|[from] item: Leftovers\n|upkeep\n|turn|17\n|\n|t:|1701216224\n|cant|p1a: Sylveon|par\n|move|p2a: Iron Moth|Fiery Dance|p1a: Sylveon\n|-damage|p1a: Sylveon|53\/100 par\n|-boost|p2a: Iron Moth|spa|1\n|\n|-weather|RainDance|[upkeep]\n|-heal|p1a: Sylveon|59\/100 par|[from] item: Leftovers\n|upkeep\n|turn|18\n|\n|t:|1701216233\n|move|p2a: Iron Moth|Sludge Wave|p1a: Sylveon\n|-supereffective|p1a: Sylveon\n|-damage|p1a: Sylveon|9\/100 par\n|move|p1a: Sylveon|Wish|p1a: Sylveon\n|\n|-weather|none\n|-heal|p1a: Sylveon|15\/100 par|[from] item: Leftovers\n|upkeep\n|turn|19\n|\n|t:|1701216242\n|cant|p1a: Sylveon|par\n|move|p2a: Iron Moth|Sludge Wave|p1a: Sylveon\n|-supereffective|p1a: Sylveon\n|-damage|p1a: Sylveon|0 fnt\n|faint|p1a: Sylveon\n|\n|upkeep\n|\n|t:|1701216249\n|switch|p1a: Rillaboom|Rillaboom, M, shiny|93\/100\n|-fieldstart|move: Grassy Terrain|[from] ability: Grassy Surge|[of] p1a: Rillaboom\n|turn|20\n|\n|t:|1701216255\n|move|p2a: Iron Moth|Sludge Wave|p1a: Rillaboom\n|-supereffective|p1a: Rillaboom\n|-damage|p1a: Rillaboom|0 fnt\n|faint|p1a: Rillaboom\n|\n|upkeep\n|\n|t:|1701216260\n|switch|p1a: Hawlucha|Hawlucha, M|100\/100\n|-enditem|p1a: Hawlucha|Grassy Seed\n|-boost|p1a: Hawlucha|def|1|[from] item: Grassy Seed\n|turn|21\n|\n|t:|1701216266\n|move|p1a: Hawlucha|Acrobatics|p2a: Iron Moth\n|-damage|p2a: Iron Moth|30\/100\n|move|p2a: Iron Moth|Psychic|p1a: Hawlucha\n|-supereffective|p1a: Hawlucha\n|-damage|p1a: Hawlucha|0 fnt\n|faint|p1a: Hawlucha\n|\n|-heal|p2a: Iron Moth|36\/100|[from] Grassy Terrain\n|upkeep\n|\n|t:|1701216274\n|switch|p1a: Iron Valiant|Iron Valiant|100\/100\n|-enditem|p1a: Iron Valiant|Booster Energy\n|-activate|p1a: Iron Valiant|ability: Quark Drive|[fromitem]\n|-start|p1a: Iron Valiant|quarkdrivespe\n|turn|22\n|\n|t:|1701216291\n|move|p1a: Iron Valiant|Aura Sphere|p2a: Iron Moth\n|-resisted|p2a: Iron Moth\n|-damage|p2a: Iron Moth|17\/100\n|move|p2a: Iron Moth|Psychic|p1a: Iron Valiant\n|-supereffective|p1a: Iron Valiant\n|-damage|p1a: Iron Valiant|0 fnt\n|faint|p1a: Iron Valiant\n|-end|p1a: Iron Valiant|Quark Drive|[silent]\n|\n|win|CheetosD\n|raw|Zonek's rating: 1193 &rarr; <strong>1168<\/strong><br \/>(-25 for losing)\n|raw|CheetosD's rating: 1191 &rarr; <strong>1216<\/strong><br \/>(+25 for winning)\n|l|\u2606CheetosD\n|l|\u2606Zonek\n|j|\u2606CheetosD\n|player|p2|CheetosD|shadowtriad\n","uploadtime":1701216303,"views":1,"p1id":"zonek","p2id":"cheetosd","formatid":"gen9ou","rating":1168,"private":0,"password":""}