{"id":"gen9ou-1991463619","p1":"mystori_","p2":"danielmullins7","format":"[Gen 9] OU","log":"|j|\u2606mystori_\n|j|\u2606danielmullins7\n|t:|1700079323\n|gametype|singles\n|player|p1|mystori_|shauntal|1065\n|player|p2|danielmullins7|266|1032\n|teamsize|p1|6\n|teamsize|p2|4\n|gen|9\n|tier|[Gen 9] OU\n|rated|\n|rule|Sleep Clause Mod: Limit one foe put to sleep\n|rule|Species Clause: Limit one of each Pok\u00e9mon\n|rule|OHKO Clause: OHKO moves are banned\n|rule|Evasion Items Clause: Evasion items are banned\n|rule|Evasion Moves Clause: Evasion moves are banned\n|rule|Endless Battle Clause: Forcing endless battles is banned\n|rule|HP Percentage Mod: HP is shown in percentages\n|clearpoke\n|poke|p1|Sliggoo, M|\n|poke|p1|Ditto|\n|poke|p1|Pawniard, M|\n|poke|p1|Kirlia, F|\n|poke|p1|Ralts, M|\n|poke|p1|Empoleon, M|\n|poke|p2|Clawitzer, M|\n|poke|p2|Crawdaunt, M|\n|poke|p2|Crabominable, M|\n|poke|p2|Klawf, M|\n|teampreview\n|inactive|Battle timer is ON: inactive players will automatically lose when time's up. (requested by mystori_)\n|c|\u2606mystori_|crabs vs kirby characters\n|inactive|danielmullins7 has 120 seconds left.\n|\n|t:|1700079353\n|start\n|switch|p1a: Meta Knight|Pawniard, M, shiny|100\/100\n|switch|p2a: Crawdaunt|Crawdaunt, M|100\/100\n|turn|1\n|\n|t:|1700079365\n|move|p2a: Crawdaunt|Rain Dance|p2a: Crawdaunt\n|-weather|RainDance\n|move|p1a: Meta Knight|Swords Dance|p1a: Meta Knight\n|-boost|p1a: Meta Knight|atk|2\n|\n|-weather|RainDance|[upkeep]\n|upkeep\n|turn|2\n|\n|t:|1700079376\n|switch|p2a: Clawitzer|Clawitzer, M|100\/100\n|move|p1a: Meta Knight|Brick Break|p2a: Clawitzer\n|-damage|p2a: Clawitzer|54\/100\n|\n|-weather|RainDance|[upkeep]\n|upkeep\n|turn|3\n|\n|t:|1700079383\n|move|p1a: Meta Knight|Sucker Punch|p2a: Clawitzer\n|-damage|p2a: Clawitzer|0 fnt\n|faint|p2a: Clawitzer\n|\n|-weather|RainDance|[upkeep]\n|upkeep\n|\n|t:|1700079391\n|switch|p2a: Crabominable|Crabominable, M|100\/100\n|turn|4\n|\n|t:|1700079398\n|-terastallize|p1a: Meta Knight|Flying\n|move|p1a: Meta Knight|Iron Head|p2a: Crabominable\n|-supereffective|p2a: Crabominable\n|-damage|p2a: Crabominable|0 fnt\n|faint|p2a: Crabominable\n|\n|-weather|RainDance|[upkeep]\n|upkeep\n|\n|t:|1700079409\n|switch|p2a: Klawf|Klawf, M|100\/100\n|turn|5\n|\n|t:|1700079413\n|move|p1a: Meta Knight|Sucker Punch|p2a: Klawf\n|-damage|p2a: Klawf|48\/100\n|-ability|p2a: Klawf|Anger Shell|boost\n|-boost|p2a: Klawf|atk|1\n|-boost|p2a: Klawf|spa|1\n|-boost|p2a: Klawf|spe|1\n|-unboost|p2a: Klawf|def|1\n|-unboost|p2a: Klawf|spd|1\n|move|p2a: Klawf|High Horsepower|p1a: Meta Knight\n|-immune|p1a: Meta Knight\n|\n|-weather|none\n|upkeep\n|turn|6\n|\n|t:|1700079424\n|move|p1a: Meta Knight|Sucker Punch|p2a: Klawf\n|-damage|p2a: Klawf|0 fnt\n|faint|p2a: Klawf\n|\n|upkeep\n|\n|t:|1700079426\n|switch|p2a: Crawdaunt|Crawdaunt, M|100\/100\n|turn|7\n|\n|t:|1700079430\n|move|p2a: Crawdaunt|Switcheroo|p1a: Meta Knight\n|-activate|p2a: Crawdaunt|move: Trick|[of] p1a: Meta Knight\n|-item|p1a: Meta Knight|Choice Scarf|[from] move: Switcheroo\n|-item|p2a: Crawdaunt|Eviolite|[from] move: Switcheroo\n|move|p1a: Meta Knight|Brick Break|p2a: Crawdaunt\n|-supereffective|p2a: Crawdaunt\n|-damage|p2a: Crawdaunt|0 fnt\n|faint|p2a: Crawdaunt\n|\n|win|mystori_\n|raw|mystori_'s rating: 1065 &rarr; <strong>1092<\/strong><br \/>(+27 for winning)\n|raw|danielmullins7's rating: 1032 &rarr; <strong>1019<\/strong><br \/>(-13 for losing)\n|c|\u2606mystori_|gg\n|l|\u2606danielmullins7\n","uploadtime":1700079438,"views":43,"p1id":"mystori","p2id":"danielmullins7","formatid":"gen9ou","rating":1019,"private":0,"password":""}