{"id":"gen9ou-1998382389","p1":"Sallounet","p2":"dragonbrrr","format":"[Gen 9] OU","log":"|j|\u2606Sallounet\n|j|\u2606dragonbrrr\n|t:|1700936078\n|gametype|singles\n|player|p1|Sallounet|acetrainer-gen4dp|1417\n|player|p2|dragonbrrr|unknownf|1533\n|teamsize|p1|6\n|teamsize|p2|6\n|gen|9\n|tier|[Gen 9] OU\n|rated|\n|rule|Sleep Clause Mod: Limit one foe put to sleep\n|rule|Species Clause: Limit one of each Pok\u00e9mon\n|rule|OHKO Clause: OHKO moves are banned\n|rule|Evasion Items Clause: Evasion items are banned\n|rule|Evasion Moves Clause: Evasion moves are banned\n|rule|Endless Battle Clause: Forcing endless battles is banned\n|rule|HP Percentage Mod: HP is shown in percentages\n|clearpoke\n|poke|p1|Glimmora, F|\n|poke|p1|Gholdengo|\n|poke|p1|Ogerpon-Wellspring, F|\n|poke|p1|Kingambit, F|\n|poke|p1|Iron Moth|\n|poke|p1|Enamorus, F|\n|poke|p2|Skeledirge, F|\n|poke|p2|Clefable, F|\n|poke|p2|Dragapult, F|\n|poke|p2|Blissey, F|\n|poke|p2|Clodsire, F|\n|poke|p2|Mandibuzz, F|\n|teampreview\n|inactive|Battle timer is ON: inactive players will automatically lose when time's up. (requested by dragonbrrr)\n|\n|t:|1700936097\n|start\n|switch|p1a: Glimmora|Glimmora, F|100\/100\n|switch|p2a: Blissey|Blissey, F|100\/100\n|turn|1\n|\n|t:|1700936104\n|move|p1a: Glimmora|Stealth Rock|p2a: Blissey\n|-sidestart|p2: dragonbrrr|move: Stealth Rock\n|move|p2a: Blissey|Thunder Wave|p1a: Glimmora\n|-status|p1a: Glimmora|par\n|\n|upkeep\n|turn|2\n|\n|t:|1700936114\n|cant|p1a: Glimmora|par\n|move|p2a: Blissey|Calm Mind|p2a: Blissey\n|-boost|p2a: Blissey|spa|1\n|-boost|p2a: Blissey|spd|1\n|\n|upkeep\n|turn|3\n|\n|t:|1700936125\n|switch|p1a: Ogerpon|Ogerpon-Wellspring, F|100\/100\n|move|p2a: Blissey|Thunder Wave|p1a: Ogerpon\n|-status|p1a: Ogerpon|par\n|\n|upkeep\n|turn|4\n|\n|t:|1700936133\n|switch|p2a: Mandibuzz|Mandibuzz, F|100\/100\n|move|p1a: Ogerpon|Ivy Cudgel|p2a: Mandibuzz|[anim] Ivy Cudgel Water\n|-damage|p2a: Mandibuzz|65\/100\n|\n|upkeep\n|turn|5\n|\n|t:|1700936142\n|move|p2a: Mandibuzz|Roost|p2a: Mandibuzz\n|-heal|p2a: Mandibuzz|100\/100\n|-singleturn|p2a: Mandibuzz|move: Roost\n|move|p1a: Ogerpon|Encore|p2a: Mandibuzz\n|-start|p2a: Mandibuzz|Encore\n|\n|upkeep\n|turn|6\n|\n|t:|1700936157\n|switch|p2a: Clodsire|Clodsire, F|100\/100\n|move|p1a: Ogerpon|Swords Dance|p1a: Ogerpon\n|-boost|p1a: Ogerpon|atk|2\n|\n|upkeep\n|turn|7\n|\n|t:|1700936170\n|cant|p1a: Ogerpon|par\n|move|p2a: Clodsire|Spikes|p1a: Ogerpon\n|-sidestart|p1: Sallounet|Spikes\n|\n|upkeep\n|turn|8\n|\n|t:|1700936174\n|move|p1a: Ogerpon|Power Whip|p2a: Clodsire\n|-damage|p2a: Clodsire|0 fnt\n|faint|p2a: Clodsire\n|\n|upkeep\n|\n|t:|1700936186\n|switch|p2a: Mandibuzz|Mandibuzz, F|100\/100\n|turn|9\n|\n|t:|1700936189\n|move|p2a: Mandibuzz|Foul Play|p1a: Ogerpon\n|-damage|p1a: Ogerpon|0 fnt\n|faint|p1a: Ogerpon\n|\n|upkeep\n|\n|t:|1700936201\n|switch|p1a: Glimmora|Glimmora, F|100\/100 par\n|-damage|p1a: Glimmora|88\/100 par|[from] Spikes\n|turn|10\n|\n|t:|1700936208\n|switch|p2a: clefunable|Clefable, F|100\/100\n|cant|p1a: Glimmora|par\n|\n|upkeep\n|turn|11\n|\n|t:|1700936213\n|move|p2a: clefunable|Stealth Rock|p1a: Glimmora\n|-sidestart|p1: Sallounet|move: Stealth Rock\n|move|p1a: Glimmora|Mortal Spin|p2a: clefunable\n|-supereffective|p2a: clefunable\n|-damage|p2a: clefunable|91\/100\n|-status|p2a: clefunable|psn\n|-sideend|p1: Sallounet|Spikes|[from] move: Mortal Spin|[of] p1a: Glimmora\n|-sideend|p1: Sallounet|Stealth Rock|[from] move: Mortal Spin|[of] p1a: Glimmora\n|\n|-heal|p2a: clefunable|97\/100 psn|[from] item: Leftovers\n|upkeep\n|turn|12\n|\n|t:|1700936223\n|move|p2a: clefunable|Protect|p2a: clefunable\n|-singleturn|p2a: clefunable|Protect\n|move|p1a: Glimmora|Mortal Spin|p2a: clefunable\n|-activate|p2a: clefunable|move: Protect\n|\n|-heal|p2a: clefunable|100\/100 psn|[from] item: Leftovers\n|upkeep\n|turn|13\n|\n|t:|1700936236\n|switch|p2a: Blissey|Blissey, F|100\/100\n|cant|p1a: Glimmora|par\n|\n|upkeep\n|turn|14\n|\n|t:|1700936263\n|switch|p1a: Kingambit|Kingambit, F|100\/100\n|-activate|p1a: Kingambit|ability: Supreme Overlord\n|-start|p1a: Kingambit|fallen1|[silent]\n|move|p2a: Blissey|Calm Mind|p2a: Blissey\n|-boost|p2a: Blissey|spa|1\n|-boost|p2a: Blissey|spd|1\n|\n|upkeep\n|turn|15\n|\n|t:|1700936274\n|switch|p2a: Mandibuzz|Mandibuzz, F|100\/100\n|move|p1a: Kingambit|Kowtow Cleave|p2a: Mandibuzz\n|-resisted|p2a: Mandibuzz\n|-damage|p2a: Mandibuzz|83\/100\n|\n|upkeep\n|turn|16\n|\n|t:|1700936284\n|move|p2a: Mandibuzz|Knock Off|p1a: Kingambit\n|-resisted|p1a: Kingambit\n|-damage|p1a: Kingambit|91\/100\n|-enditem|p1a: Kingambit|Black Glasses|[from] move: Knock Off|[of] p2a: Mandibuzz\n|move|p1a: Kingambit|Iron Head|p2a: Mandibuzz\n|-damage|p2a: Mandibuzz|53\/100\n|\n|upkeep\n|turn|17\n|\n|t:|1700936295\n|move|p2a: Mandibuzz|Roost|p2a: Mandibuzz\n|-heal|p2a: Mandibuzz|100\/100\n|-singleturn|p2a: Mandibuzz|move: Roost\n|move|p1a: Kingambit|Swords Dance|p1a: Kingambit\n|-boost|p1a: Kingambit|atk|2\n|\n|upkeep\n|turn|18\n|\n|t:|1700936301\n|move|p2a: Mandibuzz|Iron Defense|p2a: Mandibuzz\n|-boost|p2a: Mandibuzz|def|2\n|move|p1a: Kingambit|Iron Head|p2a: Mandibuzz\n|-damage|p2a: Mandibuzz|69\/100\n|\n|upkeep\n|turn|19\n|\n|t:|1700936311\n|move|p2a: Mandibuzz|Iron Defense|p2a: Mandibuzz\n|-boost|p2a: Mandibuzz|def|2\n|move|p1a: Kingambit|Swords Dance|p1a: Kingambit\n|-boost|p1a: Kingambit|atk|2\n|\n|upkeep\n|turn|20\n|\n|t:|1700936319\n|move|p2a: Mandibuzz|Foul Play|p1a: Kingambit\n|-resisted|p1a: Kingambit\n|-damage|p1a: Kingambit|31\/100\n|move|p1a: Kingambit|Iron Head|p2a: Mandibuzz\n|-damage|p2a: Mandibuzz|38\/100\n|\n|upkeep\n|turn|21\n|\n|t:|1700936334\n|move|p2a: Mandibuzz|Roost|p2a: Mandibuzz\n|-heal|p2a: Mandibuzz|88\/100\n|-singleturn|p2a: Mandibuzz|move: Roost\n|move|p1a: Kingambit|Iron Head|p2a: Mandibuzz\n|-damage|p2a: Mandibuzz|59\/100\n|\n|upkeep\n|turn|22\n|\n|t:|1700936340\n|move|p2a: Mandibuzz|Roost|p2a: Mandibuzz\n|-heal|p2a: Mandibuzz|100\/100\n|-singleturn|p2a: Mandibuzz|move: Roost\n|move|p1a: Kingambit|Iron Head|p2a: Mandibuzz\n|-damage|p2a: Mandibuzz|70\/100\n|\n|upkeep\n|turn|23\n|\n|t:|1700936348\n|-end|p1a: Kingambit|fallen1|[silent]\n|switch|p1a: Enamorus|Enamorus, F|100\/100\n|move|p2a: Mandibuzz|Foul Play|p1a: Enamorus\n|-resisted|p1a: Enamorus\n|-damage|p1a: Enamorus|73\/100\n|\n|upkeep\n|turn|24\n|\n|t:|1700936365\n|switch|p1a: Iron Moth|Iron Moth|100\/100\n|-enditem|p1a: Iron Moth|Booster Energy\n|-activate|p1a: Iron Moth|ability: Quark Drive|[fromitem]\n|-start|p1a: Iron Moth|quarkdrivespe\n|switch|p2a: Blissey|Blissey, F|100\/100\n|\n|upkeep\n|turn|25\n|\n|t:|1700936372\n|move|p1a: Iron Moth|Substitute|p1a: Iron Moth\n|-start|p1a: Iron Moth|Substitute\n|-damage|p1a: Iron Moth|76\/100\n|move|p2a: Blissey|Thunder Wave||[still]\n|-fail|p2a: Blissey\n|\n|upkeep\n|turn|26\n|\n|t:|1700936376\n|move|p1a: Iron Moth|Fiery Dance|p2a: Blissey\n|-damage|p2a: Blissey|88\/100\n|-boost|p1a: Iron Moth|spa|1\n|move|p2a: Blissey|Calm Mind|p2a: Blissey\n|-boost|p2a: Blissey|spa|1\n|-boost|p2a: Blissey|spd|1\n|\n|upkeep\n|turn|27\n|\n|t:|1700936383\n|move|p1a: Iron Moth|Fiery Dance|p2a: Blissey\n|-damage|p2a: Blissey|74\/100\n|move|p2a: Blissey|Calm Mind|p2a: Blissey\n|-boost|p2a: Blissey|spa|1\n|-boost|p2a: Blissey|spd|1\n|\n|upkeep\n|turn|28\n|\n|t:|1700936389\n|move|p1a: Iron Moth|Fiery Dance|p2a: Blissey\n|-damage|p2a: Blissey|64\/100\n|move|p2a: Blissey|Calm Mind|p2a: Blissey\n|-boost|p2a: Blissey|spa|1\n|-boost|p2a: Blissey|spd|1\n|\n|upkeep\n|turn|29\n|\n|t:|1700936396\n|move|p1a: Iron Moth|Fiery Dance|p2a: Blissey\n|-damage|p2a: Blissey|55\/100\n|move|p2a: Blissey|Shadow Ball|p1a: Iron Moth\n|-end|p1a: Iron Moth|Substitute\n|\n|upkeep\n|turn|30\n|\n|t:|1700936403\n|move|p1a: Iron Moth|Sludge Wave|p2a: Blissey\n|-damage|p2a: Blissey|44\/100\n|move|p2a: Blissey|Soft-Boiled|p2a: Blissey\n|-heal|p2a: Blissey|94\/100\n|\n|upkeep\n|turn|31\n|-message|Sallounet forfeited.\n|\n|win|dragonbrrr\n|raw|Sallounet's rating: 1417 &rarr; <strong>1403<\/strong><br \/>(-14 for losing)\n|raw|dragonbrrr's rating: 1533 &rarr; <strong>1547<\/strong><br \/>(+14 for winning)\n|l|\u2606Sallounet\n","uploadtime":1700936412,"views":1,"p1id":"sallounet","p2id":"dragonbrrr","formatid":"gen9ou","rating":1403,"private":0,"password":""}