{"id":"gen9ou-1995480049","p1":"KewlTheo","p2":"Halo144p","format":"[Gen 9] OU","log":"|j|\u2606KewlTheo\n|j|\u2606Halo144p\n|t:|1700575448\n|gametype|singles\n|player|p1|KewlTheo|morty|1339\n|player|p2|Halo144p|may-masters2|1350\n|teamsize|p1|6\n|teamsize|p2|6\n|gen|9\n|tier|[Gen 9] OU\n|rated|\n|rule|Sleep Clause Mod: Limit one foe put to sleep\n|rule|Species Clause: Limit one of each Pok\u00e9mon\n|rule|OHKO Clause: OHKO moves are banned\n|rule|Evasion Items Clause: Evasion items are banned\n|rule|Evasion Moves Clause: Evasion moves are banned\n|rule|Endless Battle Clause: Forcing endless battles is banned\n|rule|HP Percentage Mod: HP is shown in percentages\n|clearpoke\n|poke|p1|Meowscarada, F|\n|poke|p1|Chandelure, M|\n|poke|p1|Lokix, F|\n|poke|p1|Great Tusk|\n|poke|p1|Empoleon, F|\n|poke|p1|Hatterene, F|\n|poke|p2|Landorus-Therian, M|\n|poke|p2|Blissey, F|\n|poke|p2|Corviknight, M|\n|poke|p2|Dondozo, M|\n|poke|p2|Ribombee, M|\n|poke|p2|Iron Valiant|\n|teampreview\n|\n|t:|1700575462\n|start\n|switch|p1a: Meowscarada|Meowscarada, F|100\/100\n|switch|p2a: Corviknight|Corviknight, M|100\/100\n|-ability|p2a: Corviknight|Pressure\n|turn|1\n|\n|t:|1700575477\n|move|p1a: Meowscarada|Knock Off|p2a: Corviknight\n|-start|p1a: Meowscarada|typechange|Dark|[from] ability: Protean\n|-damage|p2a: Corviknight|75\/100\n|-enditem|p2a: Corviknight|Leftovers|[from] move: Knock Off|[of] p1a: Meowscarada\n|move|p2a: Corviknight|U-turn|p1a: Meowscarada\n|-supereffective|p1a: Meowscarada\n|-damage|p1a: Meowscarada|55\/100\n|inactive|Battle timer is ON: inactive players will automatically lose when time's up. (requested by KewlTheo)\n|\n|t:|1700575506\n|switch|p2a: I used to rule OU|Landorus-Therian, M|100\/100|[from] U-turn\n|-ability|p2a: I used to rule OU|Intimidate|boost\n|-unboost|p1a: Meowscarada|atk|1\n|\n|upkeep\n|turn|2\n|\n|t:|1700575534\n|move|p1a: Meowscarada|Knock Off|p2a: I used to rule OU\n|-damage|p2a: I used to rule OU|80\/100\n|-enditem|p2a: I used to rule OU|Leftovers|[from] move: Knock Off|[of] p1a: Meowscarada\n|move|p2a: I used to rule OU|Stealth Rock|p1a: Meowscarada\n|-sidestart|p1: KewlTheo|move: Stealth Rock\n|\n|upkeep\n|turn|3\n|\n|t:|1700575543\n|switch|p1a: Great Tusk|Great Tusk|100\/100\n|move|p2a: I used to rule OU|U-turn|p1a: Great Tusk\n|-resisted|p1a: Great Tusk\n|-damage|p1a: Great Tusk|92\/100\n|\n|t:|1700575548\n|switch|p2a: A Cereal Mascot|Ribombee, M|100\/100|[from] U-turn\n|\n|upkeep\n|turn|4\n|\n|t:|1700575552\n|-end|p1a: Great Tusk|Protosynthesis|[silent]\n|switch|p1a: Hatterene|Hatterene, F|100\/100\n|-damage|p1a: Hatterene|88\/100|[from] Stealth Rock\n|move|p2a: A Cereal Mascot|Moonblast|p1a: Hatterene\n|-damage|p1a: Hatterene|46\/100\n|-unboost|p1a: Hatterene|spa|1\n|\n|-heal|p1a: Hatterene|52\/100|[from] item: Leftovers\n|upkeep\n|turn|5\n|\n|t:|1700575566\n|move|p2a: A Cereal Mascot|Skill Swap|p1a: Hatterene\n|-activate|p2a: A Cereal Mascot|move: Skill Swap|Magic Bounce|Shield Dust|[of] p1a: Hatterene\n|move|p1a: Hatterene|Mystical Fire|p2a: A Cereal Mascot\n|-supereffective|p2a: A Cereal Mascot\n|-damage|p2a: A Cereal Mascot|49\/100\n|-unboost|p2a: A Cereal Mascot|spa|1\n|\n|-heal|p1a: Hatterene|58\/100|[from] item: Leftovers\n|upkeep\n|turn|6\n|inactive|KewlTheo has 120 seconds left.\n|\n|t:|1700575599\n|move|p2a: A Cereal Mascot|Sticky Web|p1a: Hatterene\n|-sidestart|p1: KewlTheo|move: Sticky Web\n|move|p1a: Hatterene|Mystical Fire|p2a: A Cereal Mascot\n|-supereffective|p2a: A Cereal Mascot\n|-damage|p2a: A Cereal Mascot|0 fnt\n|faint|p2a: A Cereal Mascot\n|\n|-heal|p1a: Hatterene|64\/100|[from] item: Leftovers\n|upkeep\n|\n|t:|1700575606\n|switch|p2a: Corviknight|Corviknight, M|75\/100\n|-ability|p2a: Corviknight|Pressure\n|turn|7\n|\n|t:|1700575613\n|move|p2a: Corviknight|U-turn|p1a: Hatterene\n|-damage|p1a: Hatterene|52\/100\n|\n|t:|1700575618\n|switch|p2a: I used to rule OU|Landorus-Therian, M|80\/100|[from] U-turn\n|-ability|p2a: I used to rule OU|Intimidate|boost\n|-unboost|p1a: Hatterene|atk|1\n|move|p1a: Hatterene|Calm Mind|p1a: Hatterene\n|-boost|p1a: Hatterene|spa|1\n|-boost|p1a: Hatterene|spd|1\n|\n|-heal|p1a: Hatterene|58\/100|[from] item: Leftovers\n|upkeep\n|turn|8\n|\n|t:|1700575631\n|move|p2a: I used to rule OU|U-turn|p1a: Hatterene\n|-damage|p1a: Hatterene|39\/100\n|\n|t:|1700575634\n|switch|p2a: Eggs Bomb|Blissey, F|100\/100|[from] U-turn\n|move|p1a: Hatterene|Draining Kiss|p2a: Eggs Bomb\n|-damage|p2a: Eggs Bomb|94\/100\n|-heal|p1a: Hatterene|49\/100|[from] drain|[of] p2a: Eggs Bomb\n|\n|-heal|p1a: Hatterene|55\/100|[from] item: Leftovers\n|upkeep\n|turn|9\n|\n|t:|1700575643\n|move|p2a: Eggs Bomb|Thunder Wave|p1a: Hatterene\n|-status|p1a: Hatterene|par\n|move|p1a: Hatterene|Calm Mind|p1a: Hatterene\n|-boost|p1a: Hatterene|spa|1\n|-boost|p1a: Hatterene|spd|1\n|\n|-heal|p1a: Hatterene|61\/100 par|[from] item: Leftovers\n|upkeep\n|turn|10\n|\n|t:|1700575649\n|move|p2a: Eggs Bomb|Seismic Toss|p1a: Hatterene\n|-damage|p1a: Hatterene|30\/100 par\n|move|p1a: Hatterene|Calm Mind|p1a: Hatterene\n|-boost|p1a: Hatterene|spa|1\n|-boost|p1a: Hatterene|spd|1\n|\n|-heal|p1a: Hatterene|36\/100 par|[from] item: Leftovers\n|upkeep\n|turn|11\n|\n|t:|1700575655\n|move|p2a: Eggs Bomb|Seismic Toss|p1a: Hatterene\n|-damage|p1a: Hatterene|4\/100 par\n|move|p1a: Hatterene|Draining Kiss|p2a: Eggs Bomb\n|-damage|p2a: Eggs Bomb|80\/100\n|-heal|p1a: Hatterene|26\/100 par|[from] drain|[of] p2a: Eggs Bomb\n|\n|-heal|p1a: Hatterene|32\/100 par|[from] item: Leftovers\n|upkeep\n|turn|12\n|\n|t:|1700575664\n|move|p2a: Eggs Bomb|Seismic Toss|p1a: Hatterene\n|-damage|p1a: Hatterene|0 fnt\n|faint|p1a: Hatterene\n|\n|upkeep\n|\n|t:|1700575672\n|switch|p1a: Great Tusk|Great Tusk|92\/100\n|turn|13\n|\n|t:|1700575679\n|switch|p2a: I used to rule OU|Landorus-Therian, M|80\/100\n|-ability|p2a: I used to rule OU|Intimidate|boost\n|-unboost|p1a: Great Tusk|atk|1\n|move|p1a: Great Tusk|Rapid Spin|p2a: I used to rule OU\n|-damage|p2a: I used to rule OU|71\/100\n|-boost|p1a: Great Tusk|spe|1\n|-sideend|p1: KewlTheo|Stealth Rock|[from] move: Rapid Spin|[of] p1a: Great Tusk\n|-sideend|p1: KewlTheo|Sticky Web|[from] move: Rapid Spin|[of] p1a: Great Tusk\n|\n|upkeep\n|turn|14\n|\n|t:|1700575686\n|move|p1a: Great Tusk|Ice Spinner|p2a: I used to rule OU\n|-supereffective|p2a: I used to rule OU\n|-damage|p2a: I used to rule OU|23\/100\n|move|p2a: I used to rule OU|Grass Knot|p1a: Great Tusk\n|-supereffective|p1a: Great Tusk\n|-damage|p1a: Great Tusk|19\/100\n|\n|upkeep\n|turn|15\n|\n|t:|1700575695\n|move|p1a: Great Tusk|Ice Spinner|p2a: I used to rule OU\n|-supereffective|p2a: I used to rule OU\n|-damage|p2a: I used to rule OU|0 fnt\n|faint|p2a: I used to rule OU\n|\n|upkeep\n|\n|t:|1700575698\n|switch|p2a: Non-Binary Code|Iron Valiant|100\/100\n|turn|16\n|\n|t:|1700575705\n|move|p1a: Great Tusk|Headlong Rush|p2a: Non-Binary Code\n|-damage|p2a: Non-Binary Code|48\/100\n|-unboost|p1a: Great Tusk|def|1\n|-unboost|p1a: Great Tusk|spd|1\n|move|p2a: Non-Binary Code|Moonblast|p1a: Great Tusk\n|-supereffective|p1a: Great Tusk\n|-damage|p1a: Great Tusk|0 fnt\n|faint|p1a: Great Tusk\n|-end|p1a: Great Tusk|Protosynthesis|[silent]\n|\n|upkeep\n|\n|t:|1700575716\n|switch|p1a: Meowscarada|Meowscarada, F|55\/100\n|turn|17\n|\n|t:|1700575727\n|-end|p2a: Non-Binary Code|Quark Drive|[silent]\n|switch|p2a: Corviknight|Corviknight, M|75\/100\n|-ability|p2a: Corviknight|Pressure\n|move|p1a: Meowscarada|Play Rough|p2a: Corviknight\n|-start|p1a: Meowscarada|typechange|Fairy|[from] ability: Protean\n|-resisted|p2a: Corviknight\n|-damage|p2a: Corviknight|63\/100\n|\n|upkeep\n|turn|18\n|\n|t:|1700575742\n|switch|p1a: Empoleon|Empoleon, F|100\/100\n|move|p2a: Corviknight|Roost|p2a: Corviknight\n|-heal|p2a: Corviknight|100\/100\n|-singleturn|p2a: Corviknight|move: Roost\n|\n|upkeep\n|turn|19\n|\n|t:|1700575748\n|move|p2a: Corviknight|U-turn|p1a: Empoleon\n|-resisted|p1a: Empoleon\n|-damage|p1a: Empoleon|93\/100\n|\n|t:|1700575752\n|switch|p2a: Eggs Bomb|Blissey, F|80\/100|[from] U-turn\n|move|p1a: Empoleon|Surf|p2a: Eggs Bomb\n|-damage|p2a: Eggs Bomb|67\/100\n|\n|-heal|p1a: Empoleon|99\/100|[from] item: Leftovers\n|upkeep\n|turn|20\n|\n|t:|1700575775\n|switch|p1a: Chandelure|Chandelure, M|100\/100\n|move|p2a: Eggs Bomb|Soft-Boiled|p2a: Eggs Bomb\n|-heal|p2a: Eggs Bomb|100\/100\n|\n|upkeep\n|turn|21\n|\n|t:|1700575784\n|move|p1a: Chandelure|Flamethrower|p2a: Eggs Bomb\n|-damage|p2a: Eggs Bomb|77\/100\n|move|p2a: Eggs Bomb|Thunder Wave|p1a: Chandelure\n|-status|p1a: Chandelure|par\n|\n|upkeep\n|turn|22\n|\n|t:|1700575793\n|move|p2a: Eggs Bomb|Thunder Wave|p1a: Chandelure\n|-fail|p1a: Chandelure|par\n|cant|p1a: Chandelure|par\n|\n|upkeep\n|turn|23\n|\n|t:|1700575798\n|move|p2a: Eggs Bomb|Thunder Wave|p1a: Chandelure\n|-fail|p1a: Chandelure|par\n|move|p1a: Chandelure|Flamethrower|p2a: Eggs Bomb\n|-damage|p2a: Eggs Bomb|54\/100\n|\n|upkeep\n|turn|24\n|\n|t:|1700575806\n|move|p2a: Eggs Bomb|Soft-Boiled|p2a: Eggs Bomb\n|-heal|p2a: Eggs Bomb|100\/100\n|move|p1a: Chandelure|Flamethrower|p2a: Eggs Bomb\n|-damage|p2a: Eggs Bomb|77\/100\n|\n|upkeep\n|turn|25\n|\n|t:|1700575814\n|move|p2a: Eggs Bomb|Thunder Wave|p1a: Chandelure\n|-fail|p1a: Chandelure|par\n|move|p1a: Chandelure|Flamethrower|p2a: Eggs Bomb\n|-damage|p2a: Eggs Bomb|54\/100\n|\n|upkeep\n|turn|26\n|\n|t:|1700575819\n|move|p2a: Eggs Bomb|Soft-Boiled|p2a: Eggs Bomb\n|-heal|p2a: Eggs Bomb|100\/100\n|move|p1a: Chandelure|Flamethrower|p2a: Eggs Bomb\n|-damage|p2a: Eggs Bomb|78\/100\n|\n|upkeep\n|turn|27\n|\n|t:|1700575827\n|switch|p2a: Non-Binary Code|Iron Valiant|48\/100\n|move|p1a: Chandelure|Flamethrower|p2a: Non-Binary Code\n|-damage|p2a: Non-Binary Code|0 fnt\n|faint|p2a: Non-Binary Code\n|-end|p2a: Non-Binary Code|Quark Drive|[silent]\n|\n|upkeep\n|\n|t:|1700575832\n|switch|p2a: DonBOZO|Dondozo, M|100\/100\n|turn|28\n|\n|t:|1700575847\n|switch|p1a: Lokix|Lokix, F|100\/100\n|move|p2a: DonBOZO|Liquidation|p1a: Lokix\n|-damage|p1a: Lokix|57\/100\n|\n|upkeep\n|turn|29\n|\n|t:|1700575855\n|move|p1a: Lokix|Knock Off|p2a: DonBOZO\n|-damage|p2a: DonBOZO|66\/100\n|-enditem|p2a: DonBOZO|Leftovers|[from] move: Knock Off|[of] p1a: Lokix\n|move|p2a: DonBOZO|Liquidation|p1a: Lokix\n|-damage|p1a: Lokix|15\/100\n|\n|upkeep\n|turn|30\n|\n|t:|1700575868\n|switch|p1a: Meowscarada|Meowscarada, F|55\/100\n|move|p2a: DonBOZO|Curse|p2a: DonBOZO\n|-unboost|p2a: DonBOZO|spe|1\n|-boost|p2a: DonBOZO|atk|1\n|-boost|p2a: DonBOZO|def|1\n|\n|upkeep\n|turn|31\n|\n|t:|1700575877\n|move|p1a: Meowscarada|Flower Trick|p2a: DonBOZO\n|-start|p1a: Meowscarada|typechange|Grass|[from] ability: Protean\n|-supereffective|p2a: DonBOZO\n|-crit|p2a: DonBOZO\n|-damage|p2a: DonBOZO|14\/100\n|move|p2a: DonBOZO|Liquidation|p1a: Meowscarada\n|-resisted|p1a: Meowscarada\n|-damage|p1a: Meowscarada|21\/100\n|\n|upkeep\n|turn|32\n|\n|t:|1700575897\n|-terastallize|p2a: DonBOZO|Grass\n|move|p1a: Meowscarada|Flower Trick|p2a: DonBOZO\n|-resisted|p2a: DonBOZO\n|-crit|p2a: DonBOZO\n|-damage|p2a: DonBOZO|3\/100\n|move|p2a: DonBOZO|Rest|p2a: DonBOZO\n|-status|p2a: DonBOZO|slp|[from] move: Rest\n|-heal|p2a: DonBOZO|100\/100 slp|[silent]\n|\n|upkeep\n|turn|33\n|\n|t:|1700575912\n|switch|p1a: Chandelure|Chandelure, M|100\/100 par\n|cant|p2a: DonBOZO|slp\n|move|p2a: DonBOZO|Sleep Talk|p2a: DonBOZO\n|move|p2a: DonBOZO|Rest||[from]move: Sleep Talk|[still]\n|-fail|p2a: DonBOZO\n|\n|upkeep\n|turn|34\n|\n|t:|1700575922\n|move|p1a: Chandelure|Overheat|p2a: DonBOZO\n|-supereffective|p2a: DonBOZO\n|-damage|p2a: DonBOZO|0 fnt\n|-unboost|p1a: Chandelure|spa|2\n|faint|p2a: DonBOZO\n|\n|upkeep\n|\n|t:|1700575925\n|switch|p2a: Corviknight|Corviknight, M|100\/100\n|-ability|p2a: Corviknight|Pressure\n|turn|35\n|\n|t:|1700575929\n|move|p2a: Corviknight|Iron Head|p1a: Chandelure\n|-resisted|p1a: Chandelure\n|-damage|p1a: Chandelure|82\/100 par\n|move|p1a: Chandelure|Overheat|p2a: Corviknight\n|-supereffective|p2a: Corviknight\n|-damage|p2a: Corviknight|0 fnt\n|-unboost|p1a: Chandelure|spa|2\n|faint|p2a: Corviknight\n|\n|upkeep\n|-message|Halo144p forfeited.\n|\n|win|KewlTheo\n|raw|KewlTheo's rating: 1339 &rarr; <strong>1360<\/strong><br \/>(+21 for winning)\n|raw|Halo144p's rating: 1350 &rarr; <strong>1329<\/strong><br \/>(-21 for losing)\n|l|\u2606Halo144p\n","uploadtime":1700575954,"views":4,"p1id":"kewltheo","p2id":"halo144p","formatid":"gen9ou","rating":1329,"private":0,"password":""}