{"id":"gen9ou-1992395683","p1":"Aceman2798","p2":"aWildTito","format":"[Gen 9] OU","log":"|j|\u2606Aceman2798\n|j|\u2606aWildTito\n|t:|1700182639\n|gametype|singles\n|player|p1|Aceman2798|acetrainer-gen4dp|\n|player|p2|aWildTito|benga|\n|teamsize|p1|4\n|teamsize|p2|4\n|gen|9\n|tier|[Gen 9] OU\n|rule|Sleep Clause Mod: Limit one foe put to sleep\n|rule|Species Clause: Limit one of each Pok\u00e9mon\n|rule|OHKO Clause: OHKO moves are banned\n|rule|Evasion Items Clause: Evasion items are banned\n|rule|Evasion Moves Clause: Evasion moves are banned\n|rule|Endless Battle Clause: Forcing endless battles is banned\n|rule|HP Percentage Mod: HP is shown in percentages\n|clearpoke\n|poke|p1|Meowscarada, F|\n|poke|p1|Rillaboom, M|\n|poke|p1|Breloom, M|\n|poke|p1|Abomasnow, M|\n|poke|p2|Staraptor, M|\n|poke|p2|Zoroark-Hisui, F|\n|poke|p2|Snorlax, M|\n|poke|p2|Indeedee, M|\n|teampreview\n|inactive|Battle timer is ON: inactive players will automatically lose when time's up. (requested by aWildTito)\n|c|\u2606aWildTito|Ok so thats scary\n|c|\u2606Aceman2798|what is?\n|inactive|Aceman2798 has 270 seconds left.\n|inactive|aWildTito has 270 seconds left.\n|c|\u2606aWildTito|Doubles\n|c|\u2606aWildTito|?\n|c|\u2606aWildTito|Noooo is not\n|c|\u2606Aceman2798|double what?\n|inactive|Aceman2798 has 240 seconds left.\n|c|\u2606aWildTito|It asked to choose the order for my mons\n|c|\u2606Aceman2798|oh its singles\n|c|\u2606Aceman2798|oh for zoroark\n|c|\u2606aWildTito|Havent seen that before\n|c|\u2606Aceman2798|stop timer\n|c|\u2606aWildTito|Ooooh cuz of zoroark ok lmao\n|inactive|Aceman2798 has 210 seconds left.\n|inactiveoff|Battle timer is now OFF.\n|c|\u2606Aceman2798|yea lol\n|c|\u2606aWildTito|Ok so im ready\n|\n|t:|1700182755\n|start\n|switch|p1a: Meowscarada|Meowscarada, F|100\/100\n|switch|p2a: Staraptor|Staraptor, M|100\/100\n|turn|1\n|c|\u2606aWildTito|Glhf\n|c|\u2606Aceman2798|like wise\n|\n|t:|1700182777\n|-terastallize|p2a: Staraptor|Normal\n|move|p1a: Meowscarada|Power Gem|p2a: Staraptor\n|-start|p1a: Meowscarada|typechange|Rock|[from] ability: Protean\n|-damage|p2a: Staraptor|67\/100\n|move|p2a: Staraptor|U-turn|p1a: Meowscarada\n|-damage|p1a: Meowscarada|65\/100\n|c|\u2606Aceman2798|nice\n|\n|t:|1700182792\n|switch|p2a: Snorlax|Snorlax, M|100\/100|[from] U-turn\n|\n|upkeep\n|turn|2\n|\n|t:|1700182805\n|switch|p1a: Breloom|Breloom, M|100\/100\n|move|p2a: Snorlax|Shadow Ball|p1a: Breloom\n|-crit|p1a: Breloom\n|-enditem|p1a: Breloom|Focus Sash\n|-damage|p1a: Breloom|1\/100\n|\n|upkeep\n|turn|3\n|c|\u2606Aceman2798|oof\n|\n|t:|1700182832\n|move|p2a: Snorlax|Shadow Ball|p1a: Breloom\n|-damage|p1a: Breloom|0 fnt\n|faint|p1a: Breloom\n|\n|upkeep\n|\n|t:|1700182834\n|switch|p1a: Meowscarada|Meowscarada, F|65\/100\n|turn|4\n|\n|t:|1700182844\n|switch|p2a: Snorlax|Snorlax, M|100\/100\n|move|p1a: Meowscarada|Dark Pulse|p2a: Snorlax\n|-start|p1a: Meowscarada|typechange|Dark|[from] ability: Protean\n|-damage|p2a: Snorlax|91\/100\n|\n|-heal|p2a: Snorlax|97\/100|[from] item: Leftovers\n|upkeep\n|turn|5\n|\n|t:|1700182871\n|switch|p1a: Rillaboom|Rillaboom, M|100\/100\n|-fieldstart|move: Grassy Terrain|[from] ability: Grassy Surge|[of] p1a: Rillaboom\n|move|p2a: Snorlax|Body Slam|p1a: Rillaboom\n|-damage|p1a: Rillaboom|69\/100\n|-status|p1a: Rillaboom|par\n|\n|-heal|p1a: Rillaboom|75\/100 par|[from] Grassy Terrain\n|-heal|p2a: Snorlax|100\/100|[from] Grassy Terrain\n|upkeep\n|turn|6\n|\n|t:|1700182890\n|switch|p2a: Snorlax|Snorlax, M|100\/100\n|cant|p1a: Rillaboom|par\n|\n|-heal|p1a: Rillaboom|81\/100 par|[from] Grassy Terrain\n|upkeep\n|turn|7\n|\n|t:|1700182904\n|-terastallize|p1a: Rillaboom|Grass\n|move|p1a: Rillaboom|Grassy Glide|p2a: Snorlax\n|-damage|p2a: Snorlax|0 fnt\n|replace|p2a: Zoroark|Zoroark-Hisui, F\n|-end|p2a: Zoroark|Illusion\n|faint|p2a: Zoroark\n|\n|-heal|p1a: Rillaboom|87\/100 par|[from] Grassy Terrain\n|upkeep\n|\n|t:|1700182920\n|switch|p2a: Staraptor|Staraptor, M, tera:Normal|67\/100\n|turn|8\n|\n|t:|1700182925\n|move|p1a: Rillaboom|Grassy Glide|p2a: Staraptor\n|-damage|p2a: Staraptor|0 fnt\n|faint|p2a: Staraptor\n|\n|-heal|p1a: Rillaboom|93\/100 par|[from] Grassy Terrain\n|upkeep\n|\n|t:|1700182932\n|switch|p2a: Indeedee|Indeedee, M|100\/100\n|-fieldstart|move: Psychic Terrain|[from] ability: Psychic Surge|[of] p2a: Indeedee\n|turn|9\n|\n|t:|1700182947\n|switch|p1a: Abomasnow|Abomasnow, M|100\/100\n|-weather|Snow|[from] ability: Snow Warning|[of] p1a: Abomasnow\n|move|p2a: Indeedee|Hyper Voice|p1a: Abomasnow\n|-damage|p1a: Abomasnow|63\/100\n|\n|-weather|Snow|[upkeep]\n|upkeep\n|turn|10\n|\n|t:|1700182965\n|move|p2a: Indeedee|Hyper Voice|p1a: Abomasnow\n|-damage|p1a: Abomasnow|25\/100\n|move|p1a: Abomasnow|Aurora Veil|p1a: Abomasnow\n|-sidestart|p1: Aceman2798|move: Aurora Veil\n|\n|-weather|Snow|[upkeep]\n|upkeep\n|turn|11\n|\n|t:|1700182972\n|move|p2a: Indeedee|Hyper Voice|p1a: Abomasnow\n|-damage|p1a: Abomasnow|5\/100\n|move|p1a: Abomasnow|Leech Seed|p2a: Indeedee\n|-start|p2a: Indeedee|move: Leech Seed\n|\n|-weather|Snow|[upkeep]\n|-damage|p2a: Indeedee|88\/100|[from] Leech Seed|[of] p1a: Abomasnow\n|-heal|p1a: Abomasnow|14\/100|[silent]\n|upkeep\n|turn|12\n|\n|t:|1700182981\n|switch|p2a: Snorlax|Snorlax, M|100\/100\n|move|p1a: Abomasnow|Protect||[still]\n|-fail|p1a: Abomasnow\n|\n|-weather|Snow|[upkeep]\n|upkeep\n|turn|13\n|\n|t:|1700182989\n|move|p1a: Abomasnow|Leech Seed|p2a: Snorlax|[miss]\n|-miss|p1a: Abomasnow|p2a: Snorlax\n|move|p2a: Snorlax|Curse|p2a: Snorlax\n|-unboost|p2a: Snorlax|spe|1\n|-boost|p2a: Snorlax|atk|1\n|-boost|p2a: Snorlax|def|1\n|\n|-weather|none\n|-fieldend|move: Psychic Terrain\n|upkeep\n|turn|14\n|\n|t:|1700182999\n|move|p1a: Abomasnow|Leech Seed|p2a: Snorlax\n|-start|p2a: Snorlax|move: Leech Seed\n|move|p2a: Snorlax|Curse|p2a: Snorlax\n|-unboost|p2a: Snorlax|spe|1\n|-boost|p2a: Snorlax|atk|1\n|-boost|p2a: Snorlax|def|1\n|\n|-damage|p2a: Snorlax|88\/100|[from] Leech Seed|[of] p1a: Abomasnow\n|-heal|p1a: Abomasnow|31\/100|[silent]\n|-sideend|p1: Aceman2798|move: Aurora Veil\n|upkeep\n|turn|15\n|\n|t:|1700183008\n|switch|p1a: Meowscarada|Meowscarada, F|65\/100\n|move|p2a: Snorlax|Body Slam|p1a: Meowscarada\n|-damage|p1a: Meowscarada|0 fnt\n|faint|p1a: Meowscarada\n|\n|-heal|p2a: Snorlax|94\/100|[from] item: Leftovers\n|upkeep\n|\n|t:|1700183013\n|switch|p1a: Abomasnow|Abomasnow, M|31\/100\n|-weather|Snow|[from] ability: Snow Warning|[of] p1a: Abomasnow\n|turn|16\n|\n|t:|1700183024\n|move|p1a: Abomasnow|Aurora Veil|p1a: Abomasnow\n|-sidestart|p1: Aceman2798|move: Aurora Veil\n|move|p2a: Snorlax|Body Slam|p1a: Abomasnow\n|-crit|p1a: Abomasnow\n|-damage|p1a: Abomasnow|0 fnt\n|faint|p1a: Abomasnow\n|\n|-weather|Snow|[upkeep]\n|-heal|p2a: Snorlax|99\/100|[from] item: Leftovers\n|upkeep\n|\n|t:|1700183027\n|switch|p1a: Rillaboom|Rillaboom, M, tera:Grass|93\/100 par\n|-fieldstart|move: Grassy Terrain|[from] ability: Grassy Surge|[of] p1a: Rillaboom\n|turn|17\n|\n|t:|1700183041\n|cant|p1a: Rillaboom|par\n|move|p2a: Snorlax|Body Slam|p1a: Rillaboom\n|-damage|p1a: Rillaboom|58\/100 par\n|\n|-weather|Snow|[upkeep]\n|-heal|p1a: Rillaboom|64\/100 par|[from] Grassy Terrain\n|-heal|p2a: Snorlax|100\/100|[from] Grassy Terrain\n|-damage|p2a: Snorlax|88\/100|[from] Leech Seed|[of] p1a: Rillaboom\n|-heal|p1a: Rillaboom|83\/100 par|[silent]\n|upkeep\n|turn|18\n|\n|t:|1700183053\n|switch|p2a: Indeedee|Indeedee, M|88\/100\n|-fieldstart|move: Psychic Terrain|[from] ability: Psychic Surge|[of] p2a: Indeedee\n|cant|p1a: Rillaboom|par\n|\n|-weather|Snow|[upkeep]\n|upkeep\n|turn|19\n|\n|t:|1700183062\n|move|p2a: Indeedee|Hyper Voice|p1a: Rillaboom\n|-damage|p1a: Rillaboom|58\/100 par\n|cant|p1a: Rillaboom|par\n|\n|-weather|Snow|[upkeep]\n|upkeep\n|turn|20\n|c|\u2606Aceman2798|bruh\n|\n|t:|1700183072\n|move|p2a: Indeedee|Hyper Voice|p1a: Rillaboom\n|-damage|p1a: Rillaboom|30\/100 par\n|move|p1a: Rillaboom|Drain Punch|p2a: Indeedee\n|-damage|p2a: Indeedee|4\/100\n|-heal|p1a: Rillaboom|63\/100 par|[from] drain|[of] p2a: Indeedee\n|\n|-weather|none\n|-sideend|p1: Aceman2798|move: Aurora Veil\n|upkeep\n|turn|21\n|c|\u2606aWildTito|I hope im this lucky when it counts\n|\n|t:|1700183092\n|move|p2a: Indeedee|Hyper Voice|p1a: Rillaboom\n|-damage|p1a: Rillaboom|13\/100 par\n|move|p1a: Rillaboom|Drain Punch|p2a: Indeedee\n|-damage|p2a: Indeedee|0 fnt\n|-heal|p1a: Rillaboom|14\/100 par|[from] drain|[of] p2a: Indeedee\n|faint|p2a: Indeedee\n|\n|upkeep\n|\n|t:|1700183101\n|switch|p2a: Snorlax|Snorlax, M|88\/100\n|turn|22\n|\n|t:|1700183106\n|cant|p1a: Rillaboom|par\n|move|p2a: Snorlax|Body Slam|p1a: Rillaboom\n|-damage|p1a: Rillaboom|0 fnt\n|faint|p1a: Rillaboom\n|\n|win|aWildTito\n|c|\u2606Aceman2798|gg\n","uploadtime":1700183116,"views":29,"p1id":"aceman2798","p2id":"awildtito","formatid":"gen9ou","rating":0,"private":0,"password":""}