{"id":"gen9ou-1995836843","p1":"mereszero","p2":"LA\u2019Katone","format":"[Gen 9] OU","log":"|j|\u2606mereszero\n|j|\u2606LA\u2019Katone\n|t:|1700608072\n|gametype|singles\n|player|p1|mereszero|riley|1107\n|player|p2|LA\u2019Katone|dahlia|1184\n|teamsize|p1|6\n|teamsize|p2|6\n|gen|9\n|tier|[Gen 9] OU\n|rated|\n|rule|Sleep Clause Mod: Limit one foe put to sleep\n|rule|Species Clause: Limit one of each Pok\u00e9mon\n|rule|OHKO Clause: OHKO moves are banned\n|rule|Evasion Items Clause: Evasion items are banned\n|rule|Evasion Moves Clause: Evasion moves are banned\n|rule|Endless Battle Clause: Forcing endless battles is banned\n|rule|HP Percentage Mod: HP is shown in percentages\n|clearpoke\n|poke|p1|Greninja-*, M|\n|poke|p1|Cinderace, M|\n|poke|p1|Torterra, M|\n|poke|p1|Inteleon, M|\n|poke|p1|Charizard, M|\n|poke|p1|Meowscarada, M|\n|poke|p2|Zapdos|\n|poke|p2|Empoleon, M|\n|poke|p2|Ninetales-Alola, M|\n|poke|p2|Frosmoth, F|\n|poke|p2|Ogerpon-Wellspring, F|\n|poke|p2|Great Tusk|\n|teampreview\n|inactive|Battle timer is ON: inactive players will automatically lose when time's up. (requested by mereszero)\n|\n|t:|1700608084\n|start\n|switch|p1a: Torterra|Torterra, M|100\/100\n|switch|p2a: Napoleon Dynamite|Empoleon, M|100\/100\n|turn|1\n|c|\u2606LA\u2019Katone|Glhf\n|\n|t:|1700608106\n|move|p1a: Torterra|Shell Smash|p1a: Torterra\n|-unboost|p1a: Torterra|def|1\n|-unboost|p1a: Torterra|spd|1\n|-boost|p1a: Torterra|atk|2\n|-boost|p1a: Torterra|spa|2\n|-boost|p1a: Torterra|spe|2\n|-enditem|p1a: Torterra|White Herb\n|-clearnegativeboost|p1a: Torterra|[silent]\n|move|p2a: Napoleon Dynamite|Stealth Rock|p1a: Torterra\n|-sidestart|p1: mereszero|move: Stealth Rock\n|\n|upkeep\n|turn|2\n|\n|t:|1700608123\n|switch|p2a: ShockedCock|Zapdos|100\/100\n|move|p1a: Torterra|Headlong Rush|p2a: ShockedCock\n|-immune|p2a: ShockedCock\n|\n|upkeep\n|turn|3\n|\n|t:|1700608130\n|move|p1a: Torterra|Stone Edge|p2a: ShockedCock\n|-supereffective|p2a: ShockedCock\n|-damage|p2a: ShockedCock|0 fnt\n|faint|p2a: ShockedCock\n|\n|upkeep\n|\n|t:|1700608134\n|switch|p2a: Ninetales|Ninetales-Alola, M|100\/100\n|-weather|Snow|[from] ability: Snow Warning|[of] p2a: Ninetales\n|turn|4\n|\n|t:|1700608141\n|move|p2a: Ninetales|Blizzard|p1a: Torterra\n|-supereffective|p1a: Torterra\n|-damage|p1a: Torterra|0 fnt\n|faint|p1a: Torterra\n|\n|-weather|Snow|[upkeep]\n|upkeep\n|\n|t:|1700608148\n|switch|p1a: Cinderace|Cinderace, M|100\/100\n|-damage|p1a: Cinderace|76\/100|[from] Stealth Rock\n|turn|5\n|\n|t:|1700608152\n|switch|p2a: What\u2019s a Landorus?|Great Tusk|100\/100\n|move|p1a: Cinderace|High Jump Kick|p2a: What\u2019s a Landorus?\n|-start|p1a: Cinderace|typechange|Fighting|[from] ability: Libero\n|-damage|p2a: What\u2019s a Landorus?|39\/100\n|-damage|p1a: Cinderace|66\/100|[from] item: Life Orb\n|\n|-weather|Snow|[upkeep]\n|upkeep\n|turn|6\n|\n|t:|1700608170\n|move|p1a: Cinderace|High Jump Kick|p2a: What\u2019s a Landorus?\n|-damage|p2a: What\u2019s a Landorus?|0 fnt\n|faint|p2a: What\u2019s a Landorus?\n|-end|p2a: What\u2019s a Landorus?|Protosynthesis|[silent]\n|-damage|p1a: Cinderace|56\/100|[from] item: Life Orb\n|\n|-weather|Snow|[upkeep]\n|upkeep\n|\n|t:|1700608174\n|switch|p2a: Ninetales|Ninetales-Alola, M|100\/100\n|turn|7\n|\n|t:|1700608179\n|move|p2a: Ninetales|Aurora Veil|p2a: Ninetales\n|-sidestart|p2: LA\u2019Katone|move: Aurora Veil\n|move|p1a: Cinderace|U-turn|p2a: Ninetales\n|-resisted|p2a: Ninetales\n|-damage|p2a: Ninetales|93\/100\n|-damage|p1a: Cinderace|46\/100|[from] item: Life Orb\n|\n|t:|1700608188\n|switch|p1a: Charizard|Charizard, M|100\/100|[from] U-turn\n|\n|-weather|Snow|[upkeep]\n|upkeep\n|turn|8\n|\n|t:|1700608195\n|switch|p2a: Ludicolo But Good|Ogerpon-Wellspring, F|100\/100\n|move|p1a: Charizard|Flamethrower|p2a: Ludicolo But Good\n|-damage|p2a: Ludicolo But Good|78\/100\n|\n|-weather|none\n|upkeep\n|turn|9\n|\n|t:|1700608209\n|switch|p1a: Meowscarada|Meowscarada, M|100\/100\n|-damage|p1a: Meowscarada|88\/100|[from] Stealth Rock\n|-terastallize|p2a: Ludicolo But Good|Water\n|detailschange|p2a: Ludicolo But Good|Ogerpon-Wellspring-Tera, F, tera:Water\n|-ability|p2a: Ludicolo But Good|Embody Aspect (Wellspring)|boost\n|-boost|p2a: Ludicolo But Good|spd|1\n|move|p2a: Ludicolo But Good|Swords Dance|p2a: Ludicolo But Good\n|-boost|p2a: Ludicolo But Good|atk|2\n|\n|upkeep\n|turn|10\n|\n|t:|1700608220\n|move|p1a: Meowscarada|Flower Trick|p2a: Ludicolo But Good\n|-start|p1a: Meowscarada|typechange|Grass|[from] ability: Protean\n|-supereffective|p2a: Ludicolo But Good\n|-crit|p2a: Ludicolo But Good\n|-damage|p2a: Ludicolo But Good|0 fnt\n|faint|p2a: Ludicolo But Good\n|\n|upkeep\n|\n|t:|1700608226\n|switch|p2a: Icecarona|Frosmoth, F, shiny|100\/100\n|turn|11\n|\n|t:|1700608233\n|switch|p1a: Cinderace|Cinderace, M|46\/100\n|-damage|p1a: Cinderace|21\/100|[from] Stealth Rock\n|move|p2a: Icecarona|Quiver Dance|p2a: Icecarona\n|-boost|p2a: Icecarona|spa|1\n|-boost|p2a: Icecarona|spd|1\n|-boost|p2a: Icecarona|spe|1\n|\n|-sideend|p2: LA\u2019Katone|move: Aurora Veil\n|upkeep\n|turn|12\n|\n|t:|1700608242\n|move|p1a: Cinderace|Sucker Punch|p2a: Icecarona\n|-start|p1a: Cinderace|typechange|Dark|[from] ability: Libero\n|-damage|p2a: Icecarona|23\/100\n|-damage|p1a: Cinderace|11\/100|[from] item: Life Orb\n|move|p2a: Icecarona|Tera Blast|p1a: Cinderace\n|-damage|p1a: Cinderace|0 fnt\n|faint|p1a: Cinderace\n|\n|upkeep\n|\n|t:|1700608256\n|switch|p1a: Charizard|Charizard, M|100\/100\n|turn|13\n|\n|t:|1700608263\n|move|p2a: Icecarona|Ice Beam|p1a: Charizard\n|-damage|p1a: Charizard|7\/100\n|move|p1a: Charizard|Ancient Power|p2a: Icecarona\n|-supereffective|p2a: Icecarona\n|-damage|p2a: Icecarona|0 fnt\n|faint|p2a: Icecarona\n|\n|upkeep\n|\n|t:|1700608269\n|switch|p2a: Napoleon Dynamite|Empoleon, M|100\/100\n|turn|14\n|\n|t:|1700608273\n|move|p1a: Charizard|Focus Blast|p2a: Napoleon Dynamite\n|-supereffective|p2a: Napoleon Dynamite\n|-damage|p2a: Napoleon Dynamite|53\/100\n|move|p2a: Napoleon Dynamite|Surf|p1a: Charizard\n|-supereffective|p1a: Charizard\n|-damage|p1a: Charizard|0 fnt\n|faint|p1a: Charizard\n|\n|-heal|p2a: Napoleon Dynamite|59\/100|[from] item: Leftovers\n|upkeep\n|\n|t:|1700608288\n|switch|p1a: Greninja|Greninja, M|100\/100\n|-damage|p1a: Greninja|88\/100|[from] Stealth Rock\n|turn|15\n|\n|t:|1700608294\n|move|p1a: Greninja|Dark Pulse|p2a: Napoleon Dynamite\n|-start|p1a: Greninja|typechange|Dark|[from] ability: Protean\n|-damage|p2a: Napoleon Dynamite|38\/100\n|move|p2a: Napoleon Dynamite|Flip Turn|p1a: Greninja\n|-damage|p1a: Greninja|56\/100\n|\n|t:|1700608305\n|switch|p2a: Ninetales|Ninetales-Alola, M|93\/100|[from] Flip Turn\n|-weather|Snow|[from] ability: Snow Warning|[of] p2a: Ninetales\n|\n|-weather|Snow|[upkeep]\n|upkeep\n|turn|16\n|\n|t:|1700608313\n|move|p2a: Ninetales|Moonblast|p1a: Greninja\n|-supereffective|p1a: Greninja\n|-damage|p1a: Greninja|0 fnt\n|faint|p1a: Greninja\n|\n|-weather|Snow|[upkeep]\n|upkeep\n|\n|t:|1700608317\n|switch|p1a: Inteleon|Inteleon, M|100\/100\n|-damage|p1a: Inteleon|88\/100|[from] Stealth Rock\n|turn|17\n|\n|t:|1700608323\n|switch|p2a: Napoleon Dynamite|Empoleon, M|38\/100\n|move|p1a: Inteleon|Snipe Shot|p2a: Napoleon Dynamite\n|-resisted|p2a: Napoleon Dynamite\n|-damage|p2a: Napoleon Dynamite|24\/100\n|\n|-weather|Snow|[upkeep]\n|-heal|p2a: Napoleon Dynamite|31\/100|[from] item: Leftovers\n|upkeep\n|turn|18\n|\n|t:|1700608332\n|move|p1a: Inteleon|Dark Pulse|p2a: Napoleon Dynamite\n|-damage|p2a: Napoleon Dynamite|12\/100\n|move|p2a: Napoleon Dynamite|Flip Turn|p1a: Inteleon\n|-resisted|p1a: Inteleon\n|-damage|p1a: Inteleon|71\/100\n|\n|t:|1700608335\n|switch|p2a: Ninetales|Ninetales-Alola, M|93\/100|[from] Flip Turn\n|\n|-weather|Snow|[upkeep]\n|upkeep\n|turn|19\n|\n|t:|1700608339\n|move|p2a: Ninetales|Freeze-Dry|p1a: Inteleon\n|-supereffective|p1a: Inteleon\n|-damage|p1a: Inteleon|14\/100\n|move|p1a: Inteleon|Snipe Shot|p2a: Ninetales\n|-damage|p2a: Ninetales|41\/100\n|\n|-weather|none\n|upkeep\n|turn|20\n|\n|t:|1700608348\n|move|p2a: Ninetales|Freeze-Dry|p1a: Inteleon\n|-supereffective|p1a: Inteleon\n|-damage|p1a: Inteleon|0 fnt\n|faint|p1a: Inteleon\n|\n|upkeep\n|\n|t:|1700608352\n|switch|p1a: Meowscarada|Meowscarada, M|88\/100\n|-damage|p1a: Meowscarada|76\/100|[from] Stealth Rock\n|turn|21\n|\n|t:|1700608357\n|switch|p2a: Napoleon Dynamite|Empoleon, M|12\/100\n|move|p1a: Meowscarada|Flower Trick|p2a: Napoleon Dynamite\n|-start|p1a: Meowscarada|typechange|Grass|[from] ability: Protean\n|-crit|p2a: Napoleon Dynamite\n|-damage|p2a: Napoleon Dynamite|0 fnt\n|faint|p2a: Napoleon Dynamite\n|\n|upkeep\n|c|\u2606LA\u2019Katone|Gg\n|\n|t:|1700608366\n|switch|p2a: Ninetales|Ninetales-Alola, M|41\/100\n|-weather|Snow|[from] ability: Snow Warning|[of] p2a: Ninetales\n|turn|22\n|\n|t:|1700608370\n|-terastallize|p1a: Meowscarada|Steel\n|move|p2a: Ninetales|Blizzard|p1a: Meowscarada\n|-resisted|p1a: Meowscarada\n|-damage|p1a: Meowscarada|41\/100\n|move|p1a: Meowscarada|Flower Trick|p2a: Ninetales\n|-crit|p2a: Ninetales\n|-damage|p2a: Ninetales|0 fnt\n|faint|p2a: Ninetales\n|\n|win|mereszero\n|raw|mereszero's rating: 1107 &rarr; <strong>1137<\/strong><br \/>(+30 for winning)\n|raw|LA\u2019Katone's rating: 1184 &rarr; <strong>1154<\/strong><br \/>(-30 for losing)\n|l|\u2606LA\u2019Katone\n","uploadtime":1700608397,"views":14,"p1id":"mereszero","p2id":"lakatone","formatid":"gen9ou","rating":1137,"private":0,"password":""}