{"id":"gen9ou-1995515908","p1":"Camellia-god","p2":"Calamarimar","format":"[Gen 9] OU","log":"|j|\u2606Camellia-god\n|j|\u2606Calamarimar\n|inactive|Battle timer is ON: inactive players will automatically lose when time's up.\n|t:|1700578940\n|gametype|singles\n|player|p1|Camellia-god|101|\n|player|p2|Calamarimar|sanqua|\n|teamsize|p1|5\n|teamsize|p2|5\n|gen|9\n|tier|[Gen 9] OU\n|rated|Tournament battle\n|rule|Sleep Clause Mod: Limit one foe put to sleep\n|rule|Species Clause: Limit one of each Pok\u00e9mon\n|rule|OHKO Clause: OHKO moves are banned\n|rule|Evasion Items Clause: Evasion items are banned\n|rule|Evasion Moves Clause: Evasion moves are banned\n|rule|Endless Battle Clause: Forcing endless battles is banned\n|rule|HP Percentage Mod: HP is shown in percentages\n|clearpoke\n|poke|p1|Crabominable, F|\n|poke|p1|Salazzle, F|\n|poke|p1|Dugtrio-Alola, M|\n|poke|p1|Haxorus, F|\n|poke|p1|Meowscarada, M|\n|poke|p2|Toxapex, M|\n|poke|p2|Tinkaton, F|\n|poke|p2|Sandslash-Alola, M|\n|poke|p2|Amoonguss, M|\n|poke|p2|Arcanine-Hisui, F|\n|teampreview\n|j|*Lady Monita \u2746\n|j| Zwellish\n|c|\u2606Camellia-god|gl hf\n|c|\u2606Calamarimar|gl\n|\n|t:|1700578950\n|start\n|switch|p1a: Haxorus|Haxorus, F|100\/100\n|switch|p2a: Toxapex|Toxapex, M, shiny|100\/100\n|-ability|p1a: Haxorus|Mold Breaker\n|turn|1\n|\n|t:|1700578954\n|move|p1a: Haxorus|Dragon Dance|p1a: Haxorus\n|-boost|p1a: Haxorus|atk|1\n|-boost|p1a: Haxorus|spe|1\n|move|p2a: Toxapex|Toxic|p1a: Haxorus\n|-status|p1a: Haxorus|tox\n|-enditem|p1a: Haxorus|Lum Berry|[eat]\n|-curestatus|p1a: Haxorus|tox|[msg]\n|\n|upkeep\n|turn|2\n|j| Yeet259\n|\n|t:|1700578959\n|move|p1a: Haxorus|Earthquake|p2a: Toxapex\n|-supereffective|p2a: Toxapex\n|-damage|p2a: Toxapex|30\/100\n|move|p2a: Toxapex|Toxic|p1a: Haxorus\n|-status|p1a: Haxorus|tox\n|\n|-heal|p2a: Toxapex|36\/100|[from] item: Leftovers\n|-damage|p1a: Haxorus|94\/100 tox|[from] psn\n|upkeep\n|turn|3\n|j| TJ799\n|\n|t:|1700578965\n|switch|p2a: Arcanine|Arcanine-Hisui, F|100\/100\n|-ability|p2a: Arcanine|Intimidate|boost\n|-unboost|p1a: Haxorus|atk|1\n|-item|p2a: Arcanine|Air Balloon\n|move|p1a: Haxorus|Dragon Dance|p1a: Haxorus\n|-boost|p1a: Haxorus|atk|1\n|-boost|p1a: Haxorus|spe|1\n|\n|-damage|p1a: Haxorus|82\/100 tox|[from] psn\n|upkeep\n|turn|4\n|\n|t:|1700578975\n|switch|p2a: Amoonguss|Amoonguss, M, shiny|100\/100\n|move|p1a: Haxorus|Dragon Claw|p2a: Amoonguss\n|-damage|p2a: Amoonguss|22\/100\n|\n|-heal|p2a: Amoonguss|28\/100|[from] item: Leftovers\n|-damage|p1a: Haxorus|64\/100 tox|[from] psn\n|upkeep\n|turn|5\n|\n|t:|1700578985\n|switch|p2a: Arcanine|Arcanine-Hisui, F|100\/100\n|-ability|p2a: Arcanine|Intimidate|boost\n|-unboost|p1a: Haxorus|atk|1\n|-item|p2a: Arcanine|Air Balloon\n|move|p1a: Haxorus|Dragon Claw|p2a: Arcanine\n|-damage|p2a: Arcanine|38\/100\n|-enditem|p2a: Arcanine|Air Balloon\n|\n|-damage|p1a: Haxorus|39\/100 tox|[from] psn\n|upkeep\n|turn|6\n|\n|t:|1700578995\n|move|p2a: Arcanine|Extreme Speed|p1a: Haxorus\n|-damage|p1a: Haxorus|5\/100 tox\n|move|p1a: Haxorus|Dragon Dance|p1a: Haxorus\n|-boost|p1a: Haxorus|atk|1\n|-boost|p1a: Haxorus|spe|1\n|\n|-damage|p1a: Haxorus|0 fnt|[from] psn\n|faint|p1a: Haxorus\n|upkeep\n|\n|t:|1700579000\n|switch|p1a: Dugtrio|Dugtrio-Alola, M|100\/100\n|turn|7\n|j| SoulfulData\n|\n|t:|1700579013\n|switch|p2a: Amoonguss|Amoonguss, M, shiny|62\/100\n|move|p1a: Dugtrio|Earthquake|p2a: Amoonguss\n|-damage|p2a: Amoonguss|0 fnt\n|faint|p2a: Amoonguss\n|\n|upkeep\n|l| SoulfulData\n|\n|t:|1700579028\n|switch|p2a: Tinkaton|Tinkaton, F, shiny|100\/100\n|-ability|p2a: Tinkaton|Mold Breaker\n|turn|8\n|\n|t:|1700579030\n|-terastallize|p1a: Dugtrio|Ground\n|move|p2a: Tinkaton|Fake Out|p1a: Dugtrio\n|-damage|p1a: Dugtrio|76\/100\n|cant|p1a: Dugtrio|flinch\n|\n|upkeep\n|turn|9\n|c|\u2606Camellia-god|band dug\n|\n|t:|1700579041\n|-terastallize|p2a: Tinkaton|Flying\n|move|p1a: Dugtrio|Earthquake|p2a: Tinkaton\n|-immune|p2a: Tinkaton\n|move|p2a: Tinkaton|Knock Off|p1a: Dugtrio\n|-damage|p1a: Dugtrio|20\/100\n|-enditem|p1a: Dugtrio|Choice Band|[from] move: Knock Off|[of] p2a: Tinkaton\n|\n|upkeep\n|turn|10\n|\n|t:|1700579051\n|move|p1a: Dugtrio|Stone Edge|p2a: Tinkaton\n|-supereffective|p2a: Tinkaton\n|-damage|p2a: Tinkaton|18\/100\n|move|p2a: Tinkaton|Gigaton Hammer|p1a: Dugtrio\n|-damage|p1a: Dugtrio|0 fnt\n|faint|p1a: Dugtrio\n|\n|upkeep\n|\n|t:|1700579057\n|switch|p1a: Salazzle|Salazzle, F|100\/100\n|turn|11\n|\n|t:|1700579062\n|switch|p2a: Toxapex|Toxapex, M, shiny|70\/100\n|move|p1a: Salazzle|Flamethrower|p2a: Toxapex\n|-resisted|p2a: Toxapex\n|-damage|p2a: Toxapex|55\/100\n|\n|-heal|p2a: Toxapex|61\/100|[from] item: Leftovers\n|upkeep\n|turn|12\n|\n|t:|1700579069\n|move|p1a: Salazzle|Toxic|p2a: Toxapex\n|-status|p2a: Toxapex|tox\n|move|p2a: Toxapex|Toxic Spikes|p1a: Salazzle\n|-sidestart|p1: Camellia-god|move: Toxic Spikes\n|\n|-heal|p2a: Toxapex|68\/100 tox|[from] item: Leftovers\n|-damage|p2a: Toxapex|61\/100 tox|[from] psn\n|upkeep\n|turn|13\n|\n|t:|1700579074\n|move|p1a: Salazzle|Substitute|p1a: Salazzle\n|-start|p1a: Salazzle|Substitute\n|-damage|p1a: Salazzle|76\/100\n|move|p2a: Toxapex|Toxic Spikes|p1a: Salazzle\n|-sidestart|p1: Camellia-god|move: Toxic Spikes\n|\n|-heal|p1a: Salazzle|82\/100|[from] item: Leftovers\n|-heal|p2a: Toxapex|68\/100 tox|[from] item: Leftovers\n|-damage|p2a: Toxapex|55\/100 tox|[from] psn\n|upkeep\n|turn|14\n|\n|t:|1700579082\n|switch|p2a: Tinkaton|Tinkaton, F, shiny, tera:Flying|18\/100\n|-ability|p2a: Tinkaton|Mold Breaker\n|move|p1a: Salazzle|Protect||[still]\n|-fail|p1a: Salazzle\n|\n|-heal|p1a: Salazzle|88\/100|[from] item: Leftovers\n|upkeep\n|turn|15\n|\n|t:|1700579087\n|move|p2a: Tinkaton|Fake Out|p1a: Salazzle\n|-activate|p1a: Salazzle|move: Substitute|[damage]\n|move|p1a: Salazzle|Flamethrower|p2a: Tinkaton\n|-damage|p2a: Tinkaton|0 fnt\n|faint|p2a: Tinkaton\n|\n|-heal|p1a: Salazzle|94\/100|[from] item: Leftovers\n|upkeep\n|\n|t:|1700579091\n|switch|p2a: Sandslash|Sandslash-Alola, M|100\/100\n|turn|16\n|\n|t:|1700579094\n|move|p1a: Salazzle|Flamethrower|p2a: Sandslash\n|-supereffective|p2a: Sandslash\n|-damage|p2a: Sandslash|0 fnt\n|faint|p2a: Sandslash\n|\n|-heal|p1a: Salazzle|100\/100|[from] item: Leftovers\n|upkeep\n|\n|t:|1700579097\n|switch|p2a: Arcanine|Arcanine-Hisui, F|38\/100\n|-ability|p2a: Arcanine|Intimidate|boost\n|-immune|p1a: Salazzle\n|turn|17\n|\n|t:|1700579104\n|move|p2a: Arcanine|Extreme Speed|p1a: Salazzle\n|-end|p1a: Salazzle|Substitute\n|move|p1a: Salazzle|Toxic|p2a: Arcanine\n|-status|p2a: Arcanine|tox\n|\n|-damage|p2a: Arcanine|32\/100 tox|[from] psn\n|upkeep\n|turn|18\n|c|\u2606Camellia-god|gg\n|c|\u2606Calamarimar|gg\n|\n|t:|1700579111\n|move|p2a: Arcanine|Extreme Speed|p1a: Salazzle\n|-damage|p1a: Salazzle|60\/100\n|move|p1a: Salazzle|Substitute|p1a: Salazzle\n|-start|p1a: Salazzle|Substitute\n|-damage|p1a: Salazzle|35\/100\n|\n|-heal|p1a: Salazzle|41\/100|[from] item: Leftovers\n|-damage|p2a: Arcanine|20\/100 tox|[from] psn\n|upkeep\n|turn|19\n|\n|t:|1700579120\n|move|p1a: Salazzle|Protect|p1a: Salazzle\n|-singleturn|p1a: Salazzle|Protect\n|move|p2a: Arcanine|Flare Blitz|p1a: Salazzle\n|-activate|p1a: Salazzle|move: Protect\n|\n|-heal|p1a: Salazzle|47\/100|[from] item: Leftovers\n|-damage|p2a: Arcanine|2\/100 tox|[from] psn\n|upkeep\n|turn|20\n|\n|t:|1700579125\n|switch|p2a: Toxapex|Toxapex, M, shiny|88\/100 tox\n|move|p1a: Salazzle|Substitute|p1a: Salazzle\n|-fail|p1a: Salazzle|move: Substitute\n|\n|-heal|p1a: Salazzle|54\/100|[from] item: Leftovers\n|-heal|p2a: Toxapex|95\/100 tox|[from] item: Leftovers\n|-damage|p2a: Toxapex|88\/100 tox|[from] psn\n|upkeep\n|turn|21\n|\n|t:|1700579132\n|move|p1a: Salazzle|Protect|p1a: Salazzle\n|-singleturn|p1a: Salazzle|Protect\n|move|p2a: Toxapex|Baneful Bunker||[still]\n|-fail|p2a: Toxapex\n|\n|-heal|p1a: Salazzle|60\/100|[from] item: Leftovers\n|-heal|p2a: Toxapex|95\/100 tox|[from] item: Leftovers\n|-damage|p2a: Toxapex|82\/100 tox|[from] psn\n|upkeep\n|turn|22\n|l|\u2606Camellia-god\n|inactive|Camellia-god disconnected and has a minute to reconnect!\n|player|p1|\n|\n|t:|1700579135\n|move|p1a: Salazzle|Flamethrower|p2a: Toxapex\n|-resisted|p2a: Toxapex\n|-damage|p2a: Toxapex|67\/100 tox\n|move|p2a: Toxapex|Toxic Spikes||[still]\n|-fail|p2a: Toxapex\n|\n|-heal|p1a: Salazzle|66\/100|[from] item: Leftovers\n|-heal|p2a: Toxapex|73\/100 tox|[from] item: Leftovers\n|-damage|p2a: Toxapex|54\/100 tox|[from] psn\n|upkeep\n|turn|23\n|l| Yeet259\n|j| SoulfulData\n|c| TJ799|hang on\n|j| BigSilverBilver\n|c| TJ799|chance for the win lol\n|c|\u2606Calamarimar|yeah lol\n|l| SoulfulData\n|j|\u2606Camellia-god\n|inactive|Camellia-god reconnected and has 125 seconds left.\n|player|p1|Camellia-god|101\n|inactive|Camellia-god has 120 seconds left.\n|\n|t:|1700579168\n|move|p1a: Salazzle|Flamethrower|p2a: Toxapex\n|-resisted|p2a: Toxapex\n|-damage|p2a: Toxapex|41\/100 tox\n|move|p2a: Toxapex|Recover|p2a: Toxapex\n|-heal|p2a: Toxapex|91\/100 tox\n|\n|-heal|p1a: Salazzle|72\/100|[from] item: Leftovers\n|-heal|p2a: Toxapex|97\/100 tox|[from] item: Leftovers\n|-damage|p2a: Toxapex|72\/100 tox|[from] psn\n|upkeep\n|turn|24\n|\n|t:|1700579175\n|switch|p1a: Meowscarada|Meowscarada, M|100\/100\n|-status|p1a: Meowscarada|tox\n|switch|p2a: Arcanine|Arcanine-Hisui, F|2\/100 tox\n|-ability|p2a: Arcanine|Intimidate|boost\n|-unboost|p1a: Meowscarada|atk|1\n|\n|-damage|p1a: Meowscarada|94\/100 tox|[from] psn\n|-damage|p2a: Arcanine|0 fnt|[from] psn\n|faint|p2a: Arcanine\n|upkeep\n|\n|t:|1700579179\n|switch|p2a: Toxapex|Toxapex, M, shiny|100\/100 tox\n|turn|25\n|\n|t:|1700579183\n|move|p2a: Toxapex|Baneful Bunker|p2a: Toxapex\n|-singleturn|p2a: Toxapex|move: Protect\n|move|p1a: Meowscarada|Hone Claws|p1a: Meowscarada\n|-boost|p1a: Meowscarada|atk|1\n|-boost|p1a: Meowscarada|accuracy|1\n|\n|-heal|p1a: Meowscarada|100\/100 tox|[from] item: Leftovers\n|-damage|p1a: Meowscarada|88\/100 tox|[from] psn\n|-damage|p2a: Toxapex|94\/100 tox|[from] psn\n|upkeep\n|turn|26\n|j| Ember The Unknown\n|\n|t:|1700579190\n|move|p1a: Meowscarada|Hone Claws|p1a: Meowscarada\n|-boost|p1a: Meowscarada|atk|1\n|-boost|p1a: Meowscarada|accuracy|1\n|move|p2a: Toxapex|Toxic Spikes||[still]\n|-fail|p2a: Toxapex\n|\n|-heal|p1a: Meowscarada|94\/100 tox|[from] item: Leftovers\n|-heal|p2a: Toxapex|100\/100 tox|[from] item: Leftovers\n|-damage|p1a: Meowscarada|76\/100 tox|[from] psn\n|-damage|p2a: Toxapex|88\/100 tox|[from] psn\n|upkeep\n|turn|27\n|j| BlisseyHasSpecsKEK\n|\n|t:|1700579194\n|move|p1a: Meowscarada|Hone Claws|p1a: Meowscarada\n|-boost|p1a: Meowscarada|atk|1\n|-boost|p1a: Meowscarada|accuracy|1\n|move|p2a: Toxapex|Toxic Spikes||[still]\n|-fail|p2a: Toxapex\n|\n|-heal|p1a: Meowscarada|82\/100 tox|[from] item: Leftovers\n|-heal|p2a: Toxapex|94\/100 tox|[from] item: Leftovers\n|-damage|p1a: Meowscarada|57\/100 tox|[from] psn\n|-damage|p2a: Toxapex|75\/100 tox|[from] psn\n|upkeep\n|turn|28\n|\n|t:|1700579199\n|move|p1a: Meowscarada|Flower Trick|p2a: Toxapex\n|-crit|p2a: Toxapex\n|-damage|p2a: Toxapex|18\/100 tox\n|move|p2a: Toxapex|Toxic Spikes||[still]\n|-fail|p2a: Toxapex\n|\n|-heal|p1a: Meowscarada|64\/100 tox|[from] item: Leftovers\n|-heal|p2a: Toxapex|24\/100 tox|[from] item: Leftovers\n|-damage|p1a: Meowscarada|33\/100 tox|[from] psn\n|-damage|p2a: Toxapex|0 fnt|[from] psn\n|faint|p2a: Toxapex\n|\n|win|Camellia-god\n|upkeep\n|n|\u2606Calamarimar|calamarimar\n|n|*Lady Monita \u2746|ladymonita\n|n| Zwellish|zwellish\n|n| TJ799|tj799\n|n| BigSilverBilver|bigsilverbilver\n|n|\u2606Camellia-god|camelliagod\n|n| Ember The Unknown|embertheunknown\n|n| BlisseyHasSpecsKEK|blisseyhasspecskek\n","uploadtime":1700579201,"views":1,"p1id":"camelliagod","p2id":"calamarimar","formatid":"gen9ou","rating":0,"private":0,"password":""}