{"id":"gen9ou-1989463021","p1":"AubreyOmori1","p2":"asreilstrife47","format":"[Gen 9] OU","log":"|j|\u2606AubreyOmori1\n|j|\u2606asreilstrife47\n|t:|1699854376\n|gametype|singles\n|player|p1|AubreyOmori1|roxie|1140\n|player|p2|asreilstrife47|hilbert-wonderlauncher|1042\n|teamsize|p1|6\n|teamsize|p2|6\n|gen|9\n|tier|[Gen 9] OU\n|rated|\n|rule|Sleep Clause Mod: Limit one foe put to sleep\n|rule|Species Clause: Limit one of each Pok\u00e9mon\n|rule|OHKO Clause: OHKO moves are banned\n|rule|Evasion Items Clause: Evasion items are banned\n|rule|Evasion Moves Clause: Evasion moves are banned\n|rule|Endless Battle Clause: Forcing endless battles is banned\n|rule|HP Percentage Mod: HP is shown in percentages\n|clearpoke\n|poke|p1|Landorus-Therian, M|\n|poke|p1|Gholdengo|\n|poke|p1|Alomomola, F|\n|poke|p1|Hatterene, F|\n|poke|p1|Kingambit, M|\n|poke|p1|Great Tusk|\n|poke|p2|Tyranitar, F|\n|poke|p2|Garchomp, M|\n|poke|p2|Gyarados, M|\n|poke|p2|Amoonguss, F|\n|poke|p2|Ceruledge, M|\n|poke|p2|Kingambit, F|\n|teampreview\n|\n|t:|1699854390\n|start\n|switch|p1a: Wario|Landorus-Therian, M, shiny|100\/100\n|switch|p2a: godzillia|Tyranitar, F|100\/100\n|-ability|p1a: Wario|Intimidate|boost\n|-unboost|p2a: godzillia|atk|1\n|-weather|Sandstorm|[from] ability: Sand Stream|[of] p2a: godzillia\n|turn|1\n|\n|t:|1699854398\n|move|p1a: Wario|Grass Knot|p2a: godzillia\n|-supereffective|p2a: godzillia\n|-damage|p2a: godzillia|66\/100\n|move|p2a: godzillia|Stealth Rock|p1a: Wario\n|-sidestart|p1: AubreyOmori1|move: Stealth Rock\n|\n|-weather|Sandstorm|[upkeep]\n|-heal|p2a: godzillia|72\/100|[from] item: Leftovers\n|upkeep\n|turn|2\n|\n|t:|1699854405\n|move|p1a: Wario|Grass Knot|p2a: godzillia\n|-supereffective|p2a: godzillia\n|-damage|p2a: godzillia|36\/100\n|move|p2a: godzillia|Rock Slide|p1a: Wario\n|-damage|p1a: Wario|70\/100\n|\n|-weather|Sandstorm|[upkeep]\n|-heal|p2a: godzillia|42\/100|[from] item: Leftovers\n|upkeep\n|turn|3\n|\n|t:|1699854413\n|move|p1a: Wario|Grass Knot|p2a: godzillia\n|-supereffective|p2a: godzillia\n|-damage|p2a: godzillia|5\/100\n|move|p2a: godzillia|Rock Slide|p1a: Wario\n|-damage|p1a: Wario|40\/100\n|\n|-weather|Sandstorm|[upkeep]\n|-heal|p2a: godzillia|11\/100|[from] item: Leftovers\n|upkeep\n|turn|4\n|\n|t:|1699854421\n|move|p1a: Wario|Grass Knot|p2a: godzillia\n|-supereffective|p2a: godzillia\n|-damage|p2a: godzillia|0 fnt\n|faint|p2a: godzillia\n|\n|-weather|Sandstorm|[upkeep]\n|upkeep\n|\n|t:|1699854428\n|switch|p2a: Ralsei|Gyarados, M, shiny|100\/100\n|turn|5\n|\n|t:|1699854438\n|switch|p1a: Amelia|Alomomola, F, shiny|100\/100\n|move|p2a: Ralsei|Dragon Dance|p2a: Ralsei\n|-boost|p2a: Ralsei|atk|1\n|-boost|p2a: Ralsei|spe|1\n|\n|-weather|none\n|upkeep\n|turn|6\n|\n|t:|1699854447\n|move|p2a: Ralsei|Dragon Dance|p2a: Ralsei\n|-boost|p2a: Ralsei|atk|1\n|-boost|p2a: Ralsei|spe|1\n|move|p1a: Amelia|Scald|p2a: Ralsei\n|-resisted|p2a: Ralsei\n|-damage|p2a: Ralsei|94\/100\n|\n|upkeep\n|turn|7\n|\n|t:|1699854455\n|switch|p1a: Mari|Hatterene, F, shiny|100\/100\n|-damage|p1a: Mari|88\/100|[from] Stealth Rock\n|move|p2a: Ralsei|Dragon Dance|p2a: Ralsei\n|-boost|p2a: Ralsei|atk|1\n|-boost|p2a: Ralsei|spe|1\n|\n|-heal|p1a: Mari|94\/100|[from] item: Leftovers\n|upkeep\n|turn|8\n|\n|t:|1699854463\n|-terastallize|p1a: Mari|Water\n|move|p2a: Ralsei|Waterfall|p1a: Mari\n|-resisted|p1a: Mari\n|-damage|p1a: Mari|56\/100\n|-heal|p2a: Ralsei|98\/100|[from] item: Shell Bell|[of] p1a: Mari\n|move|p1a: Mari|Nuzzle|p2a: Ralsei\n|-supereffective|p2a: Ralsei\n|-damage|p2a: Ralsei|80\/100\n|-status|p2a: Ralsei|par\n|\n|-heal|p1a: Mari|62\/100|[from] item: Leftovers\n|upkeep\n|turn|9\n|\n|t:|1699854475\n|move|p2a: Ralsei|Crunch|p1a: Mari\n|-damage|p1a: Mari|7\/100\n|-heal|p2a: Ralsei|86\/100 par|[from] item: Shell Bell|[of] p1a: Mari\n|move|p1a: Mari|Draining Kiss|p2a: Ralsei\n|-damage|p2a: Ralsei|65\/100 par\n|-heal|p1a: Mari|25\/100|[from] drain|[of] p2a: Ralsei\n|\n|-heal|p1a: Mari|31\/100|[from] item: Leftovers\n|upkeep\n|turn|10\n|\n|t:|1699854495\n|cant|p2a: Ralsei|par\n|move|p1a: Mari|Psyshock|p2a: Ralsei\n|-damage|p2a: Ralsei|28\/100 par\n|\n|-heal|p1a: Mari|37\/100|[from] item: Leftovers\n|upkeep\n|turn|11\n|\n|t:|1699854504\n|switch|p1a: Hero|Kingambit, M, shiny|100\/100\n|-damage|p1a: Hero|94\/100|[from] Stealth Rock\n|cant|p2a: Ralsei|par\n|\n|-heal|p1a: Hero|100\/100|[from] item: Leftovers\n|upkeep\n|turn|12\n|\n|t:|1699854511\n|move|p1a: Hero|Sucker Punch|p2a: Ralsei\n|-damage|p2a: Ralsei|0 fnt\n|faint|p2a: Ralsei\n|\n|upkeep\n|\n|t:|1699854518\n|switch|p2a: zero|Ceruledge, M, shiny|100\/100\n|turn|13\n|\n|t:|1699854523\n|move|p2a: zero|Swords Dance|p2a: zero\n|-boost|p2a: zero|atk|2\n|move|p1a: Hero|Kowtow Cleave|p2a: zero\n|-supereffective|p2a: zero\n|-crit|p2a: zero\n|-damage|p2a: zero|0 fnt\n|faint|p2a: zero\n|\n|upkeep\n|\n|t:|1699854530\n|switch|p2a: chompy mage|Garchomp, M, shiny|100\/100\n|turn|14\n|\n|t:|1699854545\n|move|p1a: Hero|Sucker Punch||[still]\n|-fail|p1a: Hero\n|move|p2a: chompy mage|Swords Dance|p2a: chompy mage\n|-boost|p2a: chompy mage|atk|2\n|\n|upkeep\n|turn|15\n|\n|t:|1699854550\n|move|p1a: Hero|Sucker Punch||[still]\n|-fail|p1a: Hero\n|move|p2a: chompy mage|Swords Dance|p2a: chompy mage\n|-boost|p2a: chompy mage|atk|2\n|\n|upkeep\n|turn|16\n|\n|t:|1699854555\n|move|p1a: Hero|Sucker Punch||[still]\n|-fail|p1a: Hero\n|move|p2a: chompy mage|Swords Dance|p2a: chompy mage\n|-boost|p2a: chompy mage|atk|2\n|\n|upkeep\n|turn|17\n|\n|t:|1699854560\n|move|p1a: Hero|Sucker Punch||[still]\n|-fail|p1a: Hero\n|move|p2a: chompy mage|Swords Dance|p2a: chompy mage\n|-boost|p2a: chompy mage|atk|0\n|\n|upkeep\n|turn|18\n|\n|t:|1699854577\n|-terastallize|p2a: chompy mage|Ground\n|move|p1a: Hero|Sucker Punch|p2a: chompy mage\n|-damage|p2a: chompy mage|65\/100\n|-damage|p1a: Hero|88\/100|[from] ability: Rough Skin|[of] p2a: chompy mage\n|move|p2a: chompy mage|Earth Power|p1a: Hero\n|-supereffective|p1a: Hero\n|-damage|p1a: Hero|23\/100\n|-unboost|p1a: Hero|spd|1\n|\n|-heal|p2a: chompy mage|71\/100|[from] item: Leftovers\n|-heal|p1a: Hero|29\/100|[from] item: Leftovers\n|upkeep\n|turn|19\n|\n|t:|1699854589\n|move|p1a: Hero|Sucker Punch|p2a: chompy mage\n|-damage|p2a: chompy mage|36\/100\n|-damage|p1a: Hero|17\/100|[from] ability: Rough Skin|[of] p2a: chompy mage\n|move|p2a: chompy mage|Earth Power|p1a: Hero\n|-supereffective|p1a: Hero\n|-crit|p1a: Hero\n|-damage|p1a: Hero|0 fnt\n|faint|p1a: Hero\n|-end|p1a: Hero|fallenundefined|[silent]\n|\n|-heal|p2a: chompy mage|42\/100|[from] item: Leftovers\n|upkeep\n|\n|t:|1699854593\n|switch|p1a: Amelia|Alomomola, F, shiny|100\/100\n|turn|20\n|\n|t:|1699854600\n|move|p2a: chompy mage|Dragon Pulse|p1a: Amelia\n|-damage|p1a: Amelia|71\/100\n|move|p1a: Amelia|Flip Turn|p2a: chompy mage\n|-supereffective|p2a: chompy mage\n|-damage|p2a: chompy mage|16\/100\n|-damage|p1a: Amelia|59\/100|[from] ability: Rough Skin|[of] p2a: chompy mage\n|\n|t:|1699854614\n|switch|p1a: Wario|Landorus-Therian, M, shiny|40\/100|[from] Flip Turn\n|-damage|p1a: Wario|28\/100|[from] Stealth Rock\n|-ability|p1a: Wario|Intimidate|boost\n|-unboost|p2a: chompy mage|atk|1\n|\n|-heal|p2a: chompy mage|22\/100|[from] item: Leftovers\n|upkeep\n|turn|21\n|\n|t:|1699854624\n|move|p1a: Wario|Grass Knot|p2a: chompy mage\n|-supereffective|p2a: chompy mage\n|-damage|p2a: chompy mage|0 fnt\n|-damage|p1a: Wario|16\/100|[from] ability: Rough Skin|[of] p2a: chompy mage\n|faint|p2a: chompy mage\n|\n|upkeep\n|\n|t:|1699854629\n|switch|p2a: Among us|Amoonguss, F|100\/100\n|turn|22\n|c|\u2606AubreyOmori1|I think you should put physical moves on your Garchomp instead of special stuff like Earthpower\n|\n|t:|1699854656\n|switch|p1a: Kel|Gholdengo|100\/100\n|move|p2a: Among us|Spore|p1a: Kel\n|-immune|p1a: Kel|[from] ability: Good as Gold\n|\n|upkeep\n|turn|23\n|c|\u2606asreilstrife47|oh i should sorry im new to this\n|\n|t:|1699854674\n|move|p1a: Kel|Nasty Plot|p1a: Kel\n|-boost|p1a: Kel|spa|2\n|move|p2a: Among us|Spore|p1a: Kel\n|-immune|p1a: Kel|[from] ability: Good as Gold\n|\n|upkeep\n|turn|24\n|\n|t:|1699854684\n|move|p1a: Kel|Shadow Ball|p2a: Among us\n|-damage|p2a: Among us|31\/100\n|move|p2a: Among us|Sludge Bomb|p1a: Kel\n|-immune|p1a: Kel\n|\n|-heal|p2a: Among us|37\/100|[from] item: Black Sludge\n|upkeep\n|turn|25\n|\n|t:|1699854697\n|move|p1a: Kel|Shadow Ball|p2a: Among us\n|-damage|p2a: Among us|0 fnt\n|faint|p2a: Among us\n|\n|upkeep\n|\n|t:|1699854703\n|switch|p2a: King fuck face|Kingambit, F, shiny|100\/100\n|-activate|p2a: King fuck face|ability: Supreme Overlord\n|-start|p2a: King fuck face|fallen5|[silent]\n|turn|26\n|\n|t:|1699854708\n|move|p1a: Kel|Nasty Plot|p1a: Kel\n|-boost|p1a: Kel|spa|2\n|move|p2a: King fuck face|Swords Dance|p2a: King fuck face\n|-boost|p2a: King fuck face|atk|2\n|\n|upkeep\n|turn|27\n|\n|t:|1699854714\n|move|p1a: Kel|Dazzling Gleam|p2a: King fuck face\n|-damage|p2a: King fuck face|21\/100\n|move|p2a: King fuck face|Kowtow Cleave|p1a: Kel\n|-supereffective|p1a: Kel\n|-damage|p1a: Kel|0 fnt\n|faint|p1a: Kel\n|-heal|p2a: King fuck face|34\/100|[from] item: Shell Bell|[of] p1: Kel\n|\n|upkeep\n|\n|t:|1699854721\n|switch|p1a: Amelia|Alomomola, F, shiny|92\/100\n|turn|28\n|\n|t:|1699854725\n|move|p2a: King fuck face|Sucker Punch|p1a: Amelia\n|-crit|p1a: Amelia\n|-damage|p1a: Amelia|0 fnt\n|faint|p1a: Amelia\n|-heal|p2a: King fuck face|51\/100|[from] item: Shell Bell|[of] p1: Amelia\n|\n|upkeep\n|\n|t:|1699854732\n|switch|p1a: Wario|Landorus-Therian, M, shiny|16\/100\n|-damage|p1a: Wario|3\/100|[from] Stealth Rock\n|-ability|p1a: Wario|Intimidate|boost\n|-unboost|p2a: King fuck face|atk|1\n|turn|29\n|\n|t:|1699854737\n|move|p2a: King fuck face|Sucker Punch|p1a: Wario\n|-damage|p1a: Wario|0 fnt\n|faint|p1a: Wario\n|-heal|p2a: King fuck face|51\/100|[from] item: Shell Bell|[of] p1: Wario\n|\n|upkeep\n|\n|t:|1699854740\n|switch|p1a: Blocky|Great Tusk, shiny|100\/100\n|turn|30\n|\n|t:|1699854748\n|move|p1a: Blocky|Close Combat|p2a: King fuck face\n|-supereffective|p2a: King fuck face\n|-damage|p2a: King fuck face|0 fnt\n|-unboost|p1a: Blocky|def|1\n|-unboost|p1a: Blocky|spd|1\n|faint|p2a: King fuck face\n|-end|p2a: King fuck face|fallen5|[silent]\n|\n|win|AubreyOmori1\n|raw|AubreyOmori1's rating: 1140 &rarr; <strong>1158<\/strong><br \/>(+18 for winning)\n|raw|asreilstrife47's rating: 1042 &rarr; <strong>1030<\/strong><br \/>(-12 for losing)\n|c|\u2606AubreyOmori1|gg\n","uploadtime":1699854755,"views":21,"p1id":"aubreyomori1","p2id":"asreilstrife47","formatid":"gen9ou","rating":1030,"private":0,"password":""}