{"id":"gen9ou-1993335330","p1":"Rhyfinn 05","p2":"trainer matixo","format":"[Gen 9] OU","log":"|j|\u2606Rhyfinn 05\n|j|\u2606trainer matixo\n|t:|1700300751\n|gametype|singles\n|player|p1|Rhyfinn 05|alder|1000\n|player|p2|trainer matixo|1|1000\n|teamsize|p1|6\n|teamsize|p2|6\n|gen|9\n|tier|[Gen 9] OU\n|rated|\n|rule|Sleep Clause Mod: Limit one foe put to sleep\n|rule|Species Clause: Limit one of each Pok\u00e9mon\n|rule|OHKO Clause: OHKO moves are banned\n|rule|Evasion Items Clause: Evasion items are banned\n|rule|Evasion Moves Clause: Evasion moves are banned\n|rule|Endless Battle Clause: Forcing endless battles is banned\n|rule|HP Percentage Mod: HP is shown in percentages\n|clearpoke\n|poke|p1|Cinderace, F|\n|poke|p1|Slowking-Galar, M|\n|poke|p1|Alomomola, F|\n|poke|p1|Dragapult, F|\n|poke|p1|Tornadus-Therian, M|\n|poke|p1|Dragonite, F|\n|poke|p2|Sableye, M|\n|poke|p2|Clefable, M|\n|poke|p2|Scizor, F|\n|poke|p2|Amoonguss, F|\n|poke|p2|Heatran, M|\n|poke|p2|Rotom-Wash|\n|teampreview\n|inactive|Battle timer is ON: inactive players will automatically lose when time's up. (requested by Rhyfinn 05)\n|\n|t:|1700300766\n|start\n|switch|p1a: Cinderace|Cinderace, F|100\/100\n|switch|p2a: Rotom|Rotom-Wash|100\/100\n|turn|1\n|\n|t:|1700300774\n|move|p1a: Cinderace|U-turn|p2a: Rotom\n|-start|p1a: Cinderace|typechange|Bug|[from] ability: Libero\n|-damage|p2a: Rotom|57\/100\n|\n|t:|1700300795\n|switch|p1a: Slowking|Slowking-Galar, M|100\/100|[from] U-turn\n|move|p2a: Rotom|Hydro Pump|p1a: Slowking|[miss]\n|-miss|p2a: Rotom|p1a: Slowking\n|\n|upkeep\n|turn|2\n|\n|t:|1700300816\n|switch|p2a: Sableye|Sableye, M|100\/100\n|move|p1a: Slowking|Future Sight|p2a: Sableye\n|-start|p1a: Slowking|move: Future Sight\n|\n|upkeep\n|turn|3\n|\n|t:|1700300824\n|move|p2a: Sableye|Will-O-Wisp|p1a: Slowking\n|-status|p1a: Slowking|brn\n|move|p1a: Slowking|Yawn|p2a: Sableye\n|-start|p2a: Sableye|move: Yawn|[of] p1a: Slowking\n|\n|-damage|p1a: Slowking|94\/100 brn|[from] brn\n|upkeep\n|turn|4\n|\n|t:|1700300839\n|switch|p2a: Clefable|Clefable, M|100\/100\n|move|p1a: Slowking|Chilly Reception|p1a: Slowking\n|-weather|Snow\n|\n|t:|1700300853\n|switch|p1a: Tornadus|Tornadus-Therian, M|100\/100|[from] Chilly Reception\n|\n|-weather|Snow|[upkeep]\n|-end|p2a: Clefable|move: Future Sight\n|-damage|p2a: Clefable|56\/100\n|-heal|p2a: Clefable|62\/100|[from] item: Leftovers\n|upkeep\n|turn|5\n|\n|t:|1700300867\n|move|p1a: Tornadus|Taunt|p2a: Clefable\n|-start|p2a: Clefable|move: Taunt\n|move|p2a: Clefable|Moonblast|p1a: Tornadus\n|-damage|p1a: Tornadus|63\/100\n|\n|-weather|Snow|[upkeep]\n|-heal|p2a: Clefable|68\/100|[from] item: Leftovers\n|upkeep\n|turn|6\n|\n|t:|1700300874\n|move|p1a: Tornadus|Bleakwind Storm|p2a: Clefable\n|-damage|p2a: Clefable|27\/100\n|move|p2a: Clefable|Moonblast|p1a: Tornadus\n|-damage|p1a: Tornadus|21\/100\n|-unboost|p1a: Tornadus|spa|1\n|\n|-weather|Snow|[upkeep]\n|-heal|p2a: Clefable|33\/100|[from] item: Leftovers\n|upkeep\n|turn|7\n|\n|t:|1700300894\n|switch|p1a: Slowking|Slowking-Galar, M|100\/100 brn\n|switch|p2a: Heatran|Heatran, M|100\/100\n|\n|-weather|Snow|[upkeep]\n|-damage|p1a: Slowking|94\/100 brn|[from] brn\n|upkeep\n|turn|8\n|\n|t:|1700300909\n|move|p2a: Heatran|Earth Power|p1a: Slowking\n|-supereffective|p1a: Slowking\n|-damage|p1a: Slowking|44\/100 brn\n|move|p1a: Slowking|Yawn|p2a: Heatran\n|-start|p2a: Heatran|move: Yawn|[of] p1a: Slowking\n|\n|-weather|none\n|-damage|p1a: Slowking|38\/100 brn|[from] brn\n|upkeep\n|turn|9\n|\n|t:|1700300913\n|switch|p1a: Tornadus|Tornadus-Therian, M|54\/100\n|move|p2a: Heatran|Earth Power|p1a: Tornadus\n|-immune|p1a: Tornadus\n|\n|-end|p2a: Heatran|move: Yawn|[silent]\n|-status|p2a: Heatran|slp\n|upkeep\n|turn|10\n|\n|t:|1700300932\n|switch|p1a: Dragonite|Dragonite, F|100\/100\n|switch|p2a: Rotom|Rotom-Wash|57\/100\n|\n|upkeep\n|turn|11\n|\n|t:|1700300944\n|switch|p1a: Slowking|Slowking-Galar, M|71\/100 brn\n|move|p2a: Rotom|Shadow Ball|p1a: Slowking\n|-supereffective|p1a: Slowking\n|-damage|p1a: Slowking|27\/100 brn\n|\n|-damage|p1a: Slowking|21\/100 brn|[from] brn\n|upkeep\n|turn|12\n|\n|t:|1700300964\n|switch|p1a: Tornadus|Tornadus-Therian, M|87\/100\n|move|p2a: Rotom|Shadow Ball|p1a: Tornadus\n|-damage|p1a: Tornadus|39\/100\n|\n|upkeep\n|turn|13\n|\n|t:|1700300973\n|switch|p1a: Dragapult|Dragapult, F|100\/100\n|move|p2a: Rotom|Shadow Ball|p1a: Dragapult\n|-supereffective|p1a: Dragapult\n|-damage|p1a: Dragapult|0 fnt\n|faint|p1a: Dragapult\n|\n|upkeep\n|c|\u2606trainer matixo|WP XDDDDD\n|\n|t:|1700300987\n|switch|p1a: Cinderace|Cinderace, F|100\/100\n|turn|14\n|\n|t:|1700300994\n|move|p1a: Cinderace|High Jump Kick|p2a: Rotom\n|-start|p1a: Cinderace|typechange|Fighting|[from] ability: Libero\n|-damage|p2a: Rotom|0 fnt\n|faint|p2a: Rotom\n|\n|upkeep\n|\n|t:|1700301008\n|switch|p2a: Heatran|Heatran, M|100\/100 slp\n|turn|15\n|\n|t:|1700301014\n|move|p1a: Cinderace|U-turn|p2a: Heatran\n|-resisted|p2a: Heatran\n|-damage|p2a: Heatran|96\/100 slp\n|\n|t:|1700301019\n|switch|p1a: Dragonite|Dragonite, F|100\/100|[from] U-turn\n|cant|p2a: Heatran|slp\n|\n|upkeep\n|turn|16\n|\n|t:|1700301025\n|-curestatus|p2a: Heatran|slp|[msg]\n|move|p2a: Heatran|Flash Cannon|p1a: Dragonite\n|-damage|p1a: Dragonite|75\/100\n|move|p1a: Dragonite|Earthquake|p2a: Heatran\n|-supereffective|p2a: Heatran\n|-damage|p2a: Heatran|0 fnt\n|faint|p2a: Heatran\n|\n|upkeep\n|\n|t:|1700301039\n|switch|p2a: Clefable|Clefable, M|33\/100\n|turn|17\n|\n|t:|1700301054\n|move|p1a: Dragonite|Earthquake|p2a: Clefable\n|-damage|p2a: Clefable|6\/100\n|move|p2a: Clefable|Moonblast|p1a: Dragonite\n|-supereffective|p1a: Dragonite\n|-damage|p1a: Dragonite|21\/100\n|\n|-heal|p2a: Clefable|12\/100|[from] item: Leftovers\n|upkeep\n|turn|18\n|\n|t:|1700301071\n|move|p1a: Dragonite|Earthquake|p2a: Clefable\n|-damage|p2a: Clefable|0 fnt\n|faint|p2a: Clefable\n|\n|upkeep\n|\n|t:|1700301076\n|switch|p2a: Amoonguss|Amoonguss, F|100\/100\n|turn|19\n|\n|t:|1700301082\n|switch|p1a: Slowking|Slowking-Galar, M|54\/100 brn\n|move|p2a: Amoonguss|Sludge Bomb|p1a: Slowking\n|-resisted|p1a: Slowking\n|-damage|p1a: Slowking|47\/100 brn\n|\n|-damage|p1a: Slowking|41\/100 brn|[from] brn\n|upkeep\n|turn|20\n|\n|t:|1700301093\n|move|p1a: Slowking|Slack Off|p1a: Slowking\n|-heal|p1a: Slowking|91\/100 brn\n|move|p2a: Amoonguss|Spore||[still]\n|-fail|p2a: Amoonguss\n|\n|-damage|p1a: Slowking|85\/100 brn|[from] brn\n|upkeep\n|turn|21\n|\n|t:|1700301107\n|switch|p2a: Scizor|Scizor, F|100\/100\n|move|p1a: Slowking|Future Sight|p2a: Scizor\n|-start|p1a: Slowking|move: Future Sight\n|\n|-damage|p1a: Slowking|78\/100 brn|[from] brn\n|upkeep\n|turn|22\n|\n|t:|1700301112\n|move|p2a: Scizor|Defog|p1a: Slowking\n|-unboost|p1a: Slowking|evasion|1\n|move|p1a: Slowking|Yawn|p2a: Scizor\n|-start|p2a: Scizor|move: Yawn|[of] p1a: Slowking\n|\n|-damage|p1a: Slowking|72\/100 brn|[from] brn\n|upkeep\n|turn|23\n|c|\u2606Rhyfinn 05|bruh\n|\n|t:|1700301120\n|move|p2a: Scizor|Bullet Punch|p1a: Slowking\n|-damage|p1a: Slowking|33\/100 brn\n|move|p1a: Slowking|Chilly Reception|p1a: Slowking\n|-weather|Snow\n|\n|t:|1700301128\n|switch|p1a: Tornadus|Tornadus-Therian, M|72\/100|[from] Chilly Reception\n|\n|-weather|Snow|[upkeep]\n|-end|p2a: Scizor|move: Future Sight\n|-resisted|p2a: Scizor\n|-damage|p2a: Scizor|75\/100\n|-end|p2a: Scizor|move: Yawn|[silent]\n|-status|p2a: Scizor|slp\n|upkeep\n|turn|24\n|\n|t:|1700301139\n|switch|p2a: Sableye|Sableye, M|100\/100\n|move|p1a: Tornadus|Nasty Plot|p1a: Tornadus\n|-boost|p1a: Tornadus|spa|2\n|\n|-weather|Snow|[upkeep]\n|upkeep\n|turn|25\n|\n|t:|1700301145\n|move|p1a: Tornadus|Bleakwind Storm|p2a: Sableye\n|-damage|p2a: Sableye|0 fnt\n|faint|p2a: Sableye\n|\n|-weather|Snow|[upkeep]\n|upkeep\n|\n|t:|1700301151\n|switch|p2a: Scizor|Scizor, F|75\/100 slp\n|turn|26\n|\n|t:|1700301158\n|cant|p2a: Scizor|slp\n|move|p1a: Tornadus|Heat Wave|p2a: Scizor\n|-supereffective|p2a: Scizor\n|-damage|p2a: Scizor|0 fnt\n|faint|p2a: Scizor\n|\n|-weather|Snow|[upkeep]\n|upkeep\n|\n|t:|1700301160\n|switch|p2a: Amoonguss|Amoonguss, F|100\/100\n|turn|27\n|\n|t:|1700301170\n|move|p1a: Tornadus|Heat Wave|p2a: Amoonguss\n|-supereffective|p2a: Amoonguss\n|-damage|p2a: Amoonguss|13\/100\n|move|p2a: Amoonguss|Sludge Bomb|p1a: Tornadus\n|-damage|p1a: Tornadus|41\/100\n|-status|p1a: Tornadus|psn\n|\n|-weather|none\n|-heal|p2a: Amoonguss|19\/100|[from] item: Black Sludge\n|-damage|p1a: Tornadus|28\/100 psn|[from] psn\n|upkeep\n|turn|28\n|\n|t:|1700301178\n|move|p1a: Tornadus|Heat Wave|p2a: Amoonguss\n|-supereffective|p2a: Amoonguss\n|-damage|p2a: Amoonguss|0 fnt\n|faint|p2a: Amoonguss\n|\n|win|Rhyfinn 05\n|raw|Rhyfinn 05's rating: 1000 &rarr; <strong>1040<\/strong><br \/>(+40 for winning)\n|raw|trainer matixo's rating: 1000 &rarr; <strong>1000<\/strong><br \/>(+0 for losing)\n|l|\u2606trainer matixo\n","uploadtime":1700301185,"views":9,"p1id":"rhyfinn05","p2id":"trainermatixo","formatid":"gen9ou","rating":1000,"private":0,"password":""}