{"id":"gen9ou-1997243712","p1":"circleButton","p2":"bh ijn","format":"[Gen 9] OU","log":"|j|\u2606circleButton\n|j|\u2606bh ijn\n|t:|1700779663\n|gametype|singles\n|player|p1|circleButton|waitress|1106\n|player|p2|bh ijn|1|1000\n|teamsize|p1|6\n|teamsize|p2|6\n|gen|9\n|tier|[Gen 9] OU\n|rated|\n|rule|Sleep Clause Mod: Limit one foe put to sleep\n|rule|Species Clause: Limit one of each Pok\u00e9mon\n|rule|OHKO Clause: OHKO moves are banned\n|rule|Evasion Items Clause: Evasion items are banned\n|rule|Evasion Moves Clause: Evasion moves are banned\n|rule|Endless Battle Clause: Forcing endless battles is banned\n|rule|HP Percentage Mod: HP is shown in percentages\n|clearpoke\n|poke|p1|Furret, M|\n|poke|p1|Zamazenta-*|\n|poke|p1|Ogerpon-Wellspring, F|\n|poke|p1|Garchomp, F|\n|poke|p1|Iron Moth|\n|poke|p1|Corviknight, M|\n|poke|p2|Slowking-Galar, M|\n|poke|p2|Cinderace, M|\n|poke|p2|Great Tusk|\n|poke|p2|Landorus-Therian, M|\n|poke|p2|Gholdengo|\n|poke|p2|Skeledirge, M|\n|teampreview\n|inactive|Battle timer is ON: inactive players will automatically lose when time's up. (requested by bh ijn)\n|\n|t:|1700779681\n|start\n|switch|p1a: Ogerpon|Ogerpon-Wellspring, F|100\/100\n|switch|p2a: Slowking|Slowking-Galar, M|100\/100\n|turn|1\n|\n|t:|1700779689\n|move|p1a: Ogerpon|Stomping Tantrum|p2a: Slowking\n|-supereffective|p2a: Slowking\n|-damage|p2a: Slowking|35\/100\n|move|p2a: Slowking|Sludge Bomb|p1a: Ogerpon\n|-supereffective|p1a: Ogerpon\n|-damage|p1a: Ogerpon|0 fnt\n|faint|p1a: Ogerpon\n|\n|upkeep\n|\n|t:|1700779696\n|switch|p1a: Garchomp|Garchomp, F|100\/100\n|turn|2\n|\n|t:|1700779710\n|switch|p1a: Iron Moth|Iron Moth|100\/100\n|move|p2a: Slowking|Ice Beam|p1a: Iron Moth\n|-resisted|p1a: Iron Moth\n|-damage|p1a: Iron Moth|86\/100\n|\n|upkeep\n|turn|3\n|\n|t:|1700779717\n|switch|p2a: Skeledirge|Skeledirge, M|100\/100\n|move|p1a: Iron Moth|Fiery Dance|p2a: Skeledirge\n|-resisted|p2a: Skeledirge\n|-damage|p2a: Skeledirge|85\/100\n|\n|-heal|p2a: Skeledirge|91\/100|[from] item: Leftovers\n|upkeep\n|turn|4\n|\n|t:|1700779721\n|-end|p1a: Iron Moth|Quark Drive|[silent]\n|switch|p1a: Furret|Furret, M|100\/100\n|-item|p2a: Skeledirge|Leftovers|[from] ability: Frisk|[of] p1a: Furret|[identify]\n|move|p2a: Skeledirge|Torch Song|p1a: Furret\n|-damage|p1a: Furret|48\/100\n|-boost|p2a: Skeledirge|spa|1\n|\n|-heal|p2a: Skeledirge|97\/100|[from] item: Leftovers\n|upkeep\n|turn|5\n|\n|t:|1700779730\n|move|p1a: Furret|Knock Off|p2a: Skeledirge\n|-supereffective|p2a: Skeledirge\n|-damage|p2a: Skeledirge|57\/100\n|-enditem|p2a: Skeledirge|Leftovers|[from] move: Knock Off|[of] p1a: Furret\n|move|p2a: Skeledirge|Torch Song|p1a: Furret\n|-damage|p1a: Furret|0 fnt\n|-boost|p2a: Skeledirge|spa|1\n|faint|p1a: Furret\n|\n|upkeep\n|\n|t:|1700779742\n|switch|p1a: Zamazenta|Zamazenta|100\/100\n|-ability|p1a: Zamazenta|Dauntless Shield|boost\n|-boost|p1a: Zamazenta|def|1\n|turn|6\n|\n|t:|1700779745\n|move|p1a: Zamazenta|Crunch|p2a: Skeledirge\n|-supereffective|p2a: Skeledirge\n|-crit|p2a: Skeledirge\n|-damage|p2a: Skeledirge|0 fnt\n|faint|p2a: Skeledirge\n|\n|upkeep\n|\n|t:|1700779753\n|switch|p2a: Landorus|Landorus-Therian, M|100\/100\n|-ability|p2a: Landorus|Intimidate|boost\n|-unboost|p1a: Zamazenta|atk|1\n|turn|7\n|\n|t:|1700779761\n|switch|p1a: Corviknight|Corviknight, M|100\/100\n|-ability|p1a: Corviknight|Pressure\n|move|p2a: Landorus|Stealth Rock|p1a: Corviknight\n|-sidestart|p1: circleButton|move: Stealth Rock\n|\n|upkeep\n|turn|8\n|\n|t:|1700779769\n|switch|p2a: Slowking|Slowking-Galar, M|68\/100\n|move|p1a: Corviknight|Defog|p2a: Slowking\n|-unboost|p2a: Slowking|evasion|1\n|-sideend|p1: circleButton|Stealth Rock|[from] move: Defog|[of] p1a: Corviknight\n|\n|upkeep\n|turn|9\n|\n|t:|1700779773\n|move|p1a: Corviknight|U-turn|p2a: Slowking\n|-damage|p2a: Slowking|52\/100\n|\n|t:|1700779778\n|switch|p1a: Zamazenta|Zamazenta|100\/100|[from] U-turn\n|move|p2a: Slowking|Future Sight|p1a: Zamazenta\n|-start|p2a: Slowking|move: Future Sight\n|\n|upkeep\n|turn|10\n|\n|t:|1700779787\n|switch|p2a: Cinderace|Cinderace, M|100\/100\n|move|p1a: Zamazenta|Crunch|p2a: Cinderace\n|-damage|p2a: Cinderace|59\/100\n|\n|upkeep\n|turn|11\n|\n|t:|1700779800\n|switch|p1a: Corviknight|Corviknight, M|100\/100\n|-ability|p1a: Corviknight|Pressure\n|move|p2a: Cinderace|Pyro Ball|p1a: Corviknight\n|-supereffective|p1a: Corviknight\n|-damage|p1a: Corviknight|4\/100\n|-status|p1a: Corviknight|brn\n|-damage|p2a: Cinderace|49\/100|[from] item: Life Orb\n|\n|-end|p1a: Corviknight|move: Future Sight\n|-resisted|p1a: Corviknight\n|-damage|p1a: Corviknight|0 fnt\n|faint|p1a: Corviknight\n|upkeep\n|\n|t:|1700779812\n|switch|p1a: Iron Moth|Iron Moth|86\/100\n|turn|12\n|\n|t:|1700779824\n|move|p1a: Iron Moth|Sludge Wave|p2a: Cinderace\n|-damage|p2a: Cinderace|0 fnt\n|faint|p2a: Cinderace\n|\n|upkeep\n|\n|t:|1700779828\n|switch|p2a: Slowking|Slowking-Galar, M|85\/100\n|turn|13\n|\n|t:|1700779832\n|-end|p1a: Iron Moth|Quark Drive|[silent]\n|switch|p1a: Zamazenta|Zamazenta|100\/100\n|move|p2a: Slowking|Future Sight|p1a: Zamazenta\n|-start|p2a: Slowking|move: Future Sight\n|\n|upkeep\n|turn|14\n|\n|t:|1700779842\n|switch|p2a: Landorus|Landorus-Therian, M|100\/100\n|-ability|p2a: Landorus|Intimidate|boost\n|-unboost|p1a: Zamazenta|atk|1\n|move|p1a: Zamazenta|Crunch|p2a: Landorus\n|-damage|p2a: Landorus|83\/100\n|-unboost|p2a: Landorus|def|1\n|-damage|p1a: Zamazenta|84\/100|[from] item: Rocky Helmet|[of] p2a: Landorus\n|\n|upkeep\n|turn|15\n|inactive|circleButton has 120 seconds left.\n|\n|t:|1700779879\n|move|p1a: Zamazenta|Iron Head|p2a: Landorus\n|-damage|p2a: Landorus|60\/100\n|-damage|p1a: Zamazenta|67\/100|[from] item: Rocky Helmet|[of] p2a: Landorus\n|move|p2a: Landorus|Earthquake|p1a: Zamazenta\n|-damage|p1a: Zamazenta|21\/100\n|\n|-end|p1a: Zamazenta|move: Future Sight\n|-supereffective|p1a: Zamazenta\n|-damage|p1a: Zamazenta|0 fnt\n|faint|p1a: Zamazenta\n|upkeep\n|\n|t:|1700779891\n|switch|p1a: Iron Moth|Iron Moth|86\/100\n|turn|16\n|\n|t:|1700779907\n|move|p1a: Iron Moth|Fiery Dance|p2a: Landorus\n|-damage|p2a: Landorus|14\/100\n|move|p2a: Landorus|Earthquake|p1a: Iron Moth\n|-supereffective|p1a: Iron Moth\n|-damage|p1a: Iron Moth|0 fnt\n|faint|p1a: Iron Moth\n|-end|p1a: Iron Moth|Quark Drive|[silent]\n|\n|upkeep\n|inactive|circleButton has 120 seconds left.\n|\n|t:|1700779913\n|switch|p1a: Garchomp|Garchomp, F|100\/100\n|turn|17\n|\n|t:|1700779920\n|move|p1a: Garchomp|Poison Jab|p2a: Landorus\n|-resisted|p2a: Landorus\n|-damage|p2a: Landorus|0 fnt\n|-damage|p1a: Garchomp|84\/100|[from] item: Rocky Helmet|[of] p2a: Landorus\n|faint|p2a: Landorus\n|-damage|p1a: Garchomp|74\/100|[from] item: Life Orb\n|\n|upkeep\n|\n|t:|1700779922\n|switch|p2a: Great Tusk|Great Tusk|100\/100\n|-enditem|p2a: Great Tusk|Booster Energy\n|-activate|p2a: Great Tusk|ability: Protosynthesis|[fromitem]\n|-start|p2a: Great Tusk|protosynthesisatk\n|turn|18\n|\n|t:|1700779928\n|-terastallize|p1a: Garchomp|Electric\n|move|p1a: Garchomp|Swords Dance|p1a: Garchomp\n|-boost|p1a: Garchomp|atk|2\n|move|p2a: Great Tusk|Ice Spinner|p1a: Garchomp\n|-damage|p1a: Garchomp|38\/100\n|-damage|p2a: Great Tusk|88\/100|[from] ability: Rough Skin|[of] p1a: Garchomp\n|\n|upkeep\n|turn|19\n|\n|t:|1700779935\n|-terastallize|p2a: Great Tusk|Ground\n|move|p1a: Garchomp|Earthquake|p2a: Great Tusk\n|-damage|p2a: Great Tusk|0 fnt\n|faint|p2a: Great Tusk\n|-end|p2a: Great Tusk|Protosynthesis|[silent]\n|-damage|p1a: Garchomp|28\/100|[from] item: Life Orb\n|\n|upkeep\n|\n|t:|1700779937\n|switch|p2a: Gholdengo|Gholdengo|100\/100\n|turn|20\n|\n|t:|1700779942\n|move|p1a: Garchomp|Earthquake|p2a: Gholdengo\n|-supereffective|p2a: Gholdengo\n|-damage|p2a: Gholdengo|0 fnt\n|faint|p2a: Gholdengo\n|-damage|p1a: Garchomp|18\/100|[from] item: Life Orb\n|\n|upkeep\n|\n|t:|1700779944\n|switch|p2a: Slowking|Slowking-Galar, M|100\/100\n|turn|21\n|\n|t:|1700779945\n|move|p1a: Garchomp|Earthquake|p2a: Slowking\n|-supereffective|p2a: Slowking\n|-damage|p2a: Slowking|0 fnt\n|faint|p2a: Slowking\n|-damage|p1a: Garchomp|9\/100|[from] item: Life Orb\n|\n|win|circleButton\n|raw|circleButton's rating: 1106 &rarr; <strong>1124<\/strong><br \/>(+18 for winning)\n|raw|bh ijn's rating: 1000 &rarr; <strong>1000<\/strong><br \/>(+0 for losing)\n|l|\u2606bh ijn\n","uploadtime":1700779986,"views":9,"p1id":"circlebutton","p2id":"bhijn","formatid":"gen9ou","rating":1000,"private":0,"password":""}