{"id":"gen9ou-1995233432","p1":"Imanjoneser","p2":"jimmy12356","format":"[Gen 9] OU","log":"|j|\u2606Imanjoneser\n|j|\u2606jimmy12356\n|t:|1700537860\n|gametype|singles\n|player|p1|Imanjoneser|bugcatcher-gen4dp|1068\n|player|p2|jimmy12356|gentleman-gen4|1001\n|teamsize|p1|6\n|teamsize|p2|6\n|gen|9\n|tier|[Gen 9] OU\n|rated|\n|rule|Sleep Clause Mod: Limit one foe put to sleep\n|rule|Species Clause: Limit one of each Pok\u00e9mon\n|rule|OHKO Clause: OHKO moves are banned\n|rule|Evasion Items Clause: Evasion items are banned\n|rule|Evasion Moves Clause: Evasion moves are banned\n|rule|Endless Battle Clause: Forcing endless battles is banned\n|rule|HP Percentage Mod: HP is shown in percentages\n|clearpoke\n|poke|p1|Shaymin|\n|poke|p1|Meowscarada, F|\n|poke|p1|Iron Leaves|\n|poke|p1|Chesnaught, M|\n|poke|p1|Amoonguss, F|\n|poke|p1|Torterra, M|\n|poke|p2|Garganacl, M|\n|poke|p2|Arbok, F|\n|poke|p2|Slowbro-Galar, M|\n|poke|p2|Furret, F|\n|poke|p2|Kommo-o, M|\n|poke|p2|Grimmsnarl, M|\n|teampreview\n|inactive|Battle timer is ON: inactive players will automatically lose when time's up. (requested by jimmy12356)\n|c|\u2606Imanjoneser|DUDE\n|c|\u2606Imanjoneser|AWESOME TEAM!\n|inactive|Imanjoneser has 120 seconds left.\n|\n|t:|1700537897\n|start\n|switch|p1a: Meowscarada|Meowscarada, F, shiny|100\/100\n|switch|p2a: Grimmsnarl|Grimmsnarl, M, shiny|100\/100\n|turn|1\n|\n|t:|1700537913\n|move|p2a: Grimmsnarl|Bulk Up|p2a: Grimmsnarl\n|-boost|p2a: Grimmsnarl|atk|1\n|-boost|p2a: Grimmsnarl|def|1\n|move|p1a: Meowscarada|Taunt|p2a: Grimmsnarl\n|-start|p1a: Meowscarada|typechange|Dark|[from] ability: Protean\n|-start|p2a: Grimmsnarl|move: Taunt\n|\n|upkeep\n|turn|2\n|\n|t:|1700537926\n|move|p1a: Meowscarada|Copycat|p1a: Meowscarada\n|move|p1a: Meowscarada|Taunt||[from]move: Copycat|[still]\n|-fail|p1a: Meowscarada\n|move|p2a: Grimmsnarl|Spirit Break|p1a: Meowscarada\n|-supereffective|p1a: Meowscarada\n|-enditem|p1a: Meowscarada|Focus Sash\n|-damage|p1a: Meowscarada|1\/100\n|-unboost|p1a: Meowscarada|spa|1\n|\n|upkeep\n|turn|3\n|\n|t:|1700537938\n|move|p1a: Meowscarada|Copycat|p1a: Meowscarada\n|move|p1a: Meowscarada|Spirit Break|p2a: Grimmsnarl|[from]move: Copycat\n|-supereffective|p2a: Grimmsnarl\n|-damage|p2a: Grimmsnarl|59\/100\n|-unboost|p2a: Grimmsnarl|spa|1\n|move|p2a: Grimmsnarl|Spirit Break|p1a: Meowscarada\n|-supereffective|p1a: Meowscarada\n|-damage|p1a: Meowscarada|0 fnt\n|faint|p1a: Meowscarada\n|\n|-heal|p2a: Grimmsnarl|65\/100|[from] item: Leftovers\n|upkeep\n|\n|t:|1700537953\n|switch|p1a: Amoonguss|Amoonguss, F, shiny|100\/100\n|turn|4\n|\n|t:|1700537965\n|move|p2a: Grimmsnarl|Ice Punch|p1a: Amoonguss\n|-supereffective|p1a: Amoonguss\n|-damage|p1a: Amoonguss|26\/100\n|move|p1a: Amoonguss|Spore|p2a: Grimmsnarl\n|-status|p2a: Grimmsnarl|slp|[from] move: Spore\n|\n|-heal|p2a: Grimmsnarl|72\/100 slp|[from] item: Leftovers\n|-heal|p1a: Amoonguss|32\/100|[from] item: Leftovers\n|-end|p2a: Grimmsnarl|move: Taunt\n|upkeep\n|turn|5\n|\n|t:|1700537980\n|switch|p2a: Garganacl|Garganacl, M|100\/100\n|move|p1a: Amoonguss|Clear Smog|p2a: Garganacl\n|-resisted|p2a: Garganacl\n|-crit|p2a: Garganacl\n|-damage|p2a: Garganacl|90\/100\n|-clearboost|p2a: Garganacl\n|\n|-heal|p2a: Garganacl|96\/100|[from] item: Leftovers\n|-heal|p1a: Amoonguss|38\/100|[from] item: Leftovers\n|upkeep\n|turn|6\n|\n|t:|1700537995\n|switch|p1a: Chesnaught|Chesnaught, M, shiny|100\/100\n|move|p2a: Garganacl|Curse|p2a: Garganacl\n|-unboost|p2a: Garganacl|spe|1\n|-boost|p2a: Garganacl|atk|1\n|-boost|p2a: Garganacl|def|1\n|\n|-heal|p2a: Garganacl|100\/100|[from] item: Leftovers\n|upkeep\n|turn|7\n|\n|t:|1700538005\n|move|p1a: Chesnaught|Leech Seed|p2a: Garganacl\n|-start|p2a: Garganacl|move: Leech Seed\n|move|p2a: Garganacl|Salt Cure|p1a: Chesnaught\n|-resisted|p1a: Chesnaught\n|-damage|p1a: Chesnaught|92\/100\n|-start|p1a: Chesnaught|Salt Cure\n|\n|-damage|p2a: Garganacl|88\/100|[from] Leech Seed|[of] p1a: Chesnaught\n|-heal|p1a: Chesnaught|100\/100|[silent]\n|-damage|p1a: Chesnaught|88\/100|[from] Salt Cure\n|upkeep\n|turn|8\n|\n|t:|1700538033\n|switch|p2a: Kommo-o|Kommo-o, M, shiny|100\/100\n|move|p1a: Chesnaught|Knock Off|p2a: Kommo-o\n|-resisted|p2a: Kommo-o\n|-damage|p2a: Kommo-o|85\/100\n|-enditem|p2a: Kommo-o|Loaded Dice|[from] move: Knock Off|[of] p1a: Chesnaught\n|\n|-damage|p1a: Chesnaught|76\/100|[from] Salt Cure\n|upkeep\n|turn|9\n|\n|t:|1700538049\n|move|p2a: Kommo-o|Clangorous Soul|p2a: Kommo-o\n|-boost|p2a: Kommo-o|atk|1\n|-boost|p2a: Kommo-o|def|1\n|-boost|p2a: Kommo-o|spa|1\n|-boost|p2a: Kommo-o|spd|1\n|-boost|p2a: Kommo-o|spe|1\n|-damage|p2a: Kommo-o|52\/100\n|move|p1a: Chesnaught|Leech Seed|p2a: Kommo-o\n|-start|p2a: Kommo-o|move: Leech Seed\n|\n|-damage|p2a: Kommo-o|40\/100|[from] Leech Seed|[of] p1a: Chesnaught\n|-heal|p1a: Chesnaught|87\/100|[silent]\n|-damage|p1a: Chesnaught|75\/100|[from] Salt Cure\n|upkeep\n|turn|10\n|\n|t:|1700538061\n|move|p1a: Chesnaught|Spiky Shield|p1a: Chesnaught\n|-singleturn|p1a: Chesnaught|move: Protect\n|move|p2a: Kommo-o|Poison Jab|p1a: Chesnaught\n|-activate|p1a: Chesnaught|move: Protect\n|-damage|p2a: Kommo-o|28\/100|[from] Spiky Shield|[of] p1a: Chesnaught\n|\n|-damage|p2a: Kommo-o|15\/100|[from] Leech Seed|[of] p1a: Chesnaught\n|-heal|p1a: Chesnaught|86\/100|[silent]\n|-damage|p1a: Chesnaught|74\/100|[from] Salt Cure\n|upkeep\n|turn|11\n|\n|t:|1700538078\n|switch|p1a: Amoonguss|Amoonguss, F, shiny|72\/100\n|move|p2a: Kommo-o|Poison Jab|p1a: Amoonguss\n|-damage|p1a: Amoonguss|41\/100\n|\n|-heal|p1a: Amoonguss|47\/100|[from] item: Leftovers\n|-damage|p2a: Kommo-o|3\/100|[from] Leech Seed|[of] p1a: Amoonguss\n|-heal|p1a: Amoonguss|55\/100|[silent]\n|upkeep\n|turn|12\n|inactive|Imanjoneser has 120 seconds left.\n|\n|t:|1700538110\n|move|p2a: Kommo-o|Scale Shot|p1a: Amoonguss\n|-damage|p1a: Amoonguss|39\/100\n|-damage|p1a: Amoonguss|25\/100\n|-damage|p1a: Amoonguss|10\/100\n|-hitcount|p1a: Amoonguss|3\n|-unboost|p2a: Kommo-o|def|1\n|-boost|p2a: Kommo-o|spe|1\n|move|p1a: Amoonguss|Synthesis|p1a: Amoonguss\n|-heal|p1a: Amoonguss|60\/100\n|\n|-heal|p1a: Amoonguss|66\/100|[from] item: Leftovers\n|-damage|p2a: Kommo-o|0 fnt|[from] Leech Seed|[of] p1a: Amoonguss\n|-heal|p1a: Amoonguss|68\/100|[silent]\n|faint|p2a: Kommo-o\n|upkeep\n|inactive|jimmy12356 has 120 seconds left.\n|\n|t:|1700538129\n|switch|p2a: Slowbro|Slowbro-Galar, M, shiny|100\/100\n|turn|13\n|inactive|Imanjoneser has 120 seconds left.\n|\n|t:|1700538144\n|move|p1a: Amoonguss|Synthesis|p1a: Amoonguss\n|-heal|p1a: Amoonguss|100\/100\n|move|p2a: Slowbro|Psychic|p1a: Amoonguss\n|-supereffective|p1a: Amoonguss\n|-damage|p1a: Amoonguss|25\/100\n|\n|-heal|p1a: Amoonguss|31\/100|[from] item: Leftovers\n|upkeep\n|turn|14\n|inactive|Imanjoneser has 120 seconds left.\n|-activate|p2a: Slowbro|item: Quick Claw\n|\n|t:|1700538166\n|switch|p1a: Shaymin|Shaymin, shiny|100\/100\n|move|p2a: Slowbro|Psychic|p1a: Shaymin\n|-damage|p1a: Shaymin|54\/100\n|\n|-heal|p1a: Shaymin|61\/100|[from] item: Leftovers\n|upkeep\n|turn|15\n|\n|t:|1700538181\n|move|p1a: Shaymin|Air Slash|p2a: Slowbro\n|-damage|p2a: Slowbro|75\/100\n|cant|p2a: Slowbro|flinch\n|\n|-heal|p1a: Shaymin|67\/100|[from] item: Leftovers\n|upkeep\n|turn|16\n|-activate|p2a: Slowbro|ability: Quick Draw\n|\n|t:|1700538189\n|move|p2a: Slowbro|Shell Side Arm|p1a: Shaymin|[anim] Shell Side Arm Special\n|-supereffective|p1a: Shaymin\n|-damage|p1a: Shaymin|0 fnt\n|-hint|Special Shell Side Arm\n|faint|p1a: Shaymin\n|\n|upkeep\n|\n|t:|1700538196\n|switch|p1a: Torterra|Torterra, M, shiny|100\/100\n|turn|17\n|-activate|p2a: Slowbro|ability: Quick Draw\n|\n|t:|1700538204\n|-terastallize|p1a: Torterra|Ground\n|move|p2a: Slowbro|Shell Side Arm|p1a: Torterra|[anim] Shell Side Arm Special\n|-resisted|p1a: Torterra\n|-damage|p1a: Torterra|76\/100\n|-hint|Special Shell Side Arm\n|move|p1a: Torterra|Shell Smash|p1a: Torterra\n|-unboost|p1a: Torterra|def|1\n|-unboost|p1a: Torterra|spd|1\n|-boost|p1a: Torterra|atk|2\n|-boost|p1a: Torterra|spa|2\n|-boost|p1a: Torterra|spe|2\n|-enditem|p1a: Torterra|White Herb\n|-clearnegativeboost|p1a: Torterra|[silent]\n|\n|upkeep\n|turn|18\n|\n|t:|1700538219\n|move|p1a: Torterra|Earthquake|p2a: Slowbro\n|-supereffective|p2a: Slowbro\n|-damage|p2a: Slowbro|0 fnt\n|faint|p2a: Slowbro\n|\n|upkeep\n|\n|t:|1700538240\n|switch|p2a: Arbok|Arbok, F, shiny|100\/100\n|turn|19\n|inactive|Imanjoneser has 120 seconds left.\n|\n|t:|1700538247\n|-terastallize|p2a: Arbok|Dragon\n|move|p1a: Torterra|Earthquake|p2a: Arbok\n|-damage|p2a: Arbok|0 fnt\n|faint|p2a: Arbok\n|\n|upkeep\n|-message|jimmy12356 forfeited.\n|\n|win|Imanjoneser\n|raw|Imanjoneser's rating: 1068 &rarr; <strong>1092<\/strong><br \/>(+24 for winning)\n|raw|jimmy12356's rating: 1001 &rarr; <strong>1000<\/strong><br \/>(-1 for losing)\n|l|\u2606jimmy12356\n","uploadtime":1700538258,"views":17,"p1id":"imanjoneser","p2id":"jimmy12356","formatid":"gen9ou","rating":1000,"private":0,"password":""}