{"id":"gen9ou-1992381772","p1":"DragonAtNight","p2":"thundercloudstrife","format":"[Gen 9] OU","log":"|j|\u2606DragonAtNight\n|j|\u2606thundercloudstrife\n|t:|1700181064\n|gametype|singles\n|player|p1|DragonAtNight|ltsurge|1263\n|player|p2|thundercloudstrife|steven-masters2|1265\n|teamsize|p1|6\n|teamsize|p2|6\n|gen|9\n|tier|[Gen 9] OU\n|rated|\n|rule|Sleep Clause Mod: Limit one foe put to sleep\n|rule|Species Clause: Limit one of each Pok\u00e9mon\n|rule|OHKO Clause: OHKO moves are banned\n|rule|Evasion Items Clause: Evasion items are banned\n|rule|Evasion Moves Clause: Evasion moves are banned\n|rule|Endless Battle Clause: Forcing endless battles is banned\n|rule|HP Percentage Mod: HP is shown in percentages\n|clearpoke\n|poke|p1|Breloom, M|\n|poke|p1|Dragonite, M|\n|poke|p1|Slither Wing|\n|poke|p1|Corviknight, M|\n|poke|p1|Kingambit, F|\n|poke|p1|Clefable, F|\n|poke|p2|Amoonguss, M|\n|poke|p2|Gholdengo|\n|poke|p2|Zamazenta-*|\n|poke|p2|Ting-Lu|\n|poke|p2|Zapdos|\n|poke|p2|Slowking, M|\n|teampreview\n|inactive|Battle timer is ON: inactive players will automatically lose when time's up. (requested by thundercloudstrife)\n|\n|t:|1700181080\n|start\n|switch|p1a: Slither Wing|Slither Wing|100\/100\n|switch|p2a: Ting-Lu|Ting-Lu|100\/100\n|-ability|p2a: Ting-Lu|Vessel of Ruin\n|turn|1\n|\n|t:|1700181107\n|switch|p2a: Zapdos|Zapdos|100\/100\n|move|p1a: Slither Wing|U-turn|p2a: Zapdos\n|-resisted|p2a: Zapdos\n|-damage|p2a: Zapdos|65\/100\n|\n|t:|1700181114\n|-end|p1a: Slither Wing|Protosynthesis|[silent]\n|switch|p1a: Dragonite|Dragonite, M|100\/100|[from] U-turn\n|\n|upkeep\n|turn|2\n|\n|t:|1700181129\n|switch|p2a: Slowking|Slowking, M|100\/100\n|-terastallize|p1a: Dragonite|Normal\n|move|p1a: Dragonite|Extreme Speed|p2a: Slowking\n|-damage|p2a: Slowking|33\/100\n|\n|upkeep\n|turn|3\n|\n|t:|1700181140\n|switch|p2a: Gholdengo|Gholdengo|100\/100\n|move|p1a: Dragonite|Extreme Speed|p2a: Gholdengo\n|-immune|p2a: Gholdengo\n|\n|upkeep\n|turn|4\n|\n|t:|1700181146\n|switch|p1a: Kingambit|Kingambit, F|100\/100\n|move|p2a: Gholdengo|Make It Rain|p1a: Kingambit\n|-resisted|p1a: Kingambit\n|-damage|p1a: Kingambit|55\/100\n|-unboost|p2a: Gholdengo|spa|1\n|\n|-heal|p1a: Kingambit|61\/100|[from] item: Leftovers\n|upkeep\n|turn|5\n|\n|t:|1700181165\n|switch|p2a: Ting-Lu|Ting-Lu|100\/100\n|-ability|p2a: Ting-Lu|Vessel of Ruin\n|-end|p1a: Kingambit|fallenundefined|[silent]\n|switch|p1a: Clefable|Clefable, F|100\/100\n|\n|upkeep\n|turn|6\n|\n|t:|1700181173\n|move|p1a: Clefable|Moonblast|p2a: Ting-Lu\n|-supereffective|p2a: Ting-Lu\n|-damage|p2a: Ting-Lu|74\/100\n|move|p2a: Ting-Lu|Stealth Rock|p1a: Clefable\n|-sidestart|p1: DragonAtNight|move: Stealth Rock\n|\n|upkeep\n|turn|7\n|\n|t:|1700181176\n|move|p1a: Clefable|Stealth Rock|p2a: Ting-Lu\n|-sidestart|p2: thundercloudstrife|move: Stealth Rock\n|move|p2a: Ting-Lu|Whirlwind|p1a: Clefable\n|drag|p1a: Breloom|Breloom, M|100\/100\n|-damage|p1a: Breloom|94\/100|[from] Stealth Rock\n|\n|upkeep\n|turn|8\n|\n|t:|1700181186\n|switch|p2a: Amoonguss|Amoonguss, M|100\/100\n|move|p1a: Breloom|Bullet Seed|p2a: Amoonguss\n|-resisted|p2a: Amoonguss\n|-damage|p2a: Amoonguss|95\/100\n|-resisted|p2a: Amoonguss\n|-damage|p2a: Amoonguss|90\/100\n|-resisted|p2a: Amoonguss\n|-damage|p2a: Amoonguss|84\/100\n|-resisted|p2a: Amoonguss\n|-damage|p2a: Amoonguss|79\/100\n|-hitcount|p2a: Amoonguss|4\n|\n|upkeep\n|turn|9\n|\n|t:|1700181195\n|switch|p1a: Corviknight|Corviknight, M|100\/100\n|-damage|p1a: Corviknight|88\/100|[from] Stealth Rock\n|-ability|p1a: Corviknight|Pressure\n|move|p2a: Amoonguss|Spore|p1a: Corviknight\n|-status|p1a: Corviknight|slp|[from] move: Spore\n|\n|upkeep\n|turn|10\n|\n|t:|1700181206\n|switch|p1a: Slither Wing|Slither Wing|100\/100\n|-damage|p1a: Slither Wing|88\/100|[from] Stealth Rock\n|switch|p2a: Slowking|Slowking, M|67\/100\n|\n|upkeep\n|turn|11\n|\n|t:|1700181233\n|switch|p2a: Amoonguss|Amoonguss, M|100\/100\n|move|p1a: Slither Wing|U-turn|p2a: Amoonguss\n|-damage|p2a: Amoonguss|57\/100\n|\n|t:|1700181247\n|-end|p1a: Slither Wing|Protosynthesis|[silent]\n|switch|p1a: Kingambit|Kingambit, F|61\/100|[from] U-turn\n|-damage|p1a: Kingambit|55\/100|[from] Stealth Rock\n|\n|-heal|p1a: Kingambit|61\/100|[from] item: Leftovers\n|upkeep\n|turn|12\n|\n|t:|1700181263\n|move|p1a: Kingambit|Iron Head|p2a: Amoonguss\n|-damage|p2a: Amoonguss|22\/100\n|move|p2a: Amoonguss|Worry Seed|p1a: Kingambit\n|-end|p1a: Kingambit|fallenundefined|[silent]\n|-endability|p1a: Kingambit|Supreme Overlord|[from] move: Worry Seed\n|-ability|p1a: Kingambit|Insomnia|[from] move: Worry Seed\n|\n|-heal|p1a: Kingambit|67\/100|[from] item: Leftovers\n|upkeep\n|turn|13\n|inactive|thundercloudstrife has 120 seconds left.\n|\n|t:|1700181281\n|switch|p2a: Zamazenta|Zamazenta|100\/100\n|-ability|p2a: Zamazenta|Dauntless Shield|boost\n|-boost|p2a: Zamazenta|def|1\n|move|p1a: Kingambit|Kowtow Cleave|p2a: Zamazenta\n|-resisted|p2a: Zamazenta\n|-damage|p2a: Zamazenta|85\/100\n|\n|-heal|p1a: Kingambit|74\/100|[from] item: Leftovers\n|upkeep\n|turn|14\n|inactive|thundercloudstrife has 120 seconds left.\n|\n|t:|1700181299\n|switch|p1a: Clefable|Clefable, F|100\/100\n|-damage|p1a: Clefable|88\/100|[from] Stealth Rock\n|move|p2a: Zamazenta|Stone Edge|p1a: Clefable|[miss]\n|-miss|p2a: Zamazenta|p1a: Clefable\n|\n|-heal|p1a: Clefable|94\/100|[from] item: Leftovers\n|upkeep\n|turn|15\n|inactive|thundercloudstrife has 120 seconds left.\n|\n|t:|1700181323\n|switch|p2a: Amoonguss|Amoonguss, M|56\/100\n|move|p1a: Clefable|Moonblast|p2a: Amoonguss\n|-resisted|p2a: Amoonguss\n|-damage|p2a: Amoonguss|41\/100\n|-unboost|p2a: Amoonguss|spa|1\n|\n|-heal|p1a: Clefable|99\/100|[from] item: Leftovers\n|upkeep\n|turn|16\n|\n|t:|1700181332\n|switch|p2a: Slowking|Slowking, M|99\/100\n|move|p1a: Clefable|Flamethrower|p2a: Slowking\n|-resisted|p2a: Slowking\n|-damage|p2a: Slowking|95\/100\n|\n|-heal|p1a: Clefable|100\/100|[from] item: Leftovers\n|upkeep\n|turn|17\n|\n|t:|1700181340\n|move|p1a: Clefable|Thunderbolt|p2a: Slowking\n|-supereffective|p2a: Slowking\n|-damage|p2a: Slowking|72\/100\n|move|p2a: Slowking|Chilly Reception|p2a: Slowking\n|-weather|Snow\n|\n|t:|1700181358\n|switch|p2a: Ting-Lu|Ting-Lu|74\/100|[from] Chilly Reception\n|-ability|p2a: Ting-Lu|Vessel of Ruin\n|\n|-weather|Snow|[upkeep]\n|upkeep\n|turn|18\n|\n|t:|1700181361\n|move|p1a: Clefable|Moonblast|p2a: Ting-Lu\n|-supereffective|p2a: Ting-Lu\n|-crit|p2a: Ting-Lu\n|-damage|p2a: Ting-Lu|34\/100\n|move|p2a: Ting-Lu|Whirlwind|p1a: Clefable\n|drag|p1a: Corviknight|Corviknight, M|88\/100 slp\n|-damage|p1a: Corviknight|76\/100 slp|[from] Stealth Rock\n|-ability|p1a: Corviknight|Pressure\n|\n|-weather|Snow|[upkeep]\n|upkeep\n|turn|19\n|inactive|thundercloudstrife has 120 seconds left.\n|\n|t:|1700181369\n|cant|p1a: Corviknight|slp\n|move|p2a: Ting-Lu|Whirlwind|p1a: Corviknight\n|drag|p1a: Dragonite|Dragonite, M, tera:Normal|100\/100\n|-damage|p1a: Dragonite|88\/100|[from] Stealth Rock\n|\n|-weather|Snow|[upkeep]\n|upkeep\n|turn|20\n|inactive|thundercloudstrife has 120 seconds left.\n|\n|t:|1700181383\n|switch|p2a: Zapdos|Zapdos|65\/100\n|move|p1a: Dragonite|Earthquake|p2a: Zapdos\n|-immune|p2a: Zapdos\n|\n|-weather|Snow|[upkeep]\n|upkeep\n|turn|21\n|\n|t:|1700181394\n|switch|p1a: Corviknight|Corviknight, M|76\/100 slp\n|-damage|p1a: Corviknight|64\/100 slp|[from] Stealth Rock\n|-ability|p1a: Corviknight|Pressure\n|move|p2a: Zapdos|Volt Switch|p1a: Corviknight\n|-supereffective|p1a: Corviknight\n|-damage|p1a: Corviknight|12\/100 slp\n|\n|t:|1700181401\n|switch|p2a: Amoonguss|Amoonguss, M|75\/100|[from] Volt Switch\n|\n|-weather|none\n|upkeep\n|turn|22\n|\n|t:|1700181414\n|cant|p1a: Corviknight|slp\n|move|p2a: Amoonguss|Worry Seed|p1a: Corviknight\n|-endability|p1a: Corviknight|Pressure|[from] move: Worry Seed\n|-ability|p1a: Corviknight|Insomnia|[from] move: Worry Seed\n|-curestatus|p1a: Corviknight|slp|[msg]\n|\n|upkeep\n|turn|23\n|inactive|thundercloudstrife has 120 seconds left.\n|\n|t:|1700181429\n|switch|p2a: Gholdengo|Gholdengo|100\/100\n|-damage|p2a: Gholdengo|94\/100|[from] Stealth Rock\n|move|p1a: Corviknight|Roost|p1a: Corviknight\n|-heal|p1a: Corviknight|62\/100\n|-singleturn|p1a: Corviknight|move: Roost\n|\n|upkeep\n|turn|24\n|\n|t:|1700181435\n|move|p2a: Gholdengo|Trick|p1a: Corviknight\n|-activate|p2a: Gholdengo|move: Trick|[of] p1a: Corviknight\n|-item|p1a: Corviknight|Choice Specs|[from] move: Trick\n|-item|p2a: Gholdengo|Rocky Helmet|[from] move: Trick\n|move|p1a: Corviknight|Roost|p1a: Corviknight\n|-heal|p1a: Corviknight|100\/100\n|-singleturn|p1a: Corviknight|move: Roost\n|\n|upkeep\n|turn|25\n|\n|t:|1700181447\n|switch|p1a: Kingambit|Kingambit, F|74\/100\n|-damage|p1a: Kingambit|67\/100|[from] Stealth Rock\n|move|p2a: Gholdengo|Shadow Ball|p1a: Kingambit\n|-resisted|p1a: Kingambit\n|-damage|p1a: Kingambit|48\/100\n|\n|-heal|p1a: Kingambit|54\/100|[from] item: Leftovers\n|upkeep\n|turn|26\n|\n|t:|1700181462\n|switch|p2a: Amoonguss|Amoonguss, M|100\/100\n|move|p1a: Kingambit|Kowtow Cleave|p2a: Amoonguss\n|-damage|p2a: Amoonguss|61\/100\n|\n|-heal|p1a: Kingambit|60\/100|[from] item: Leftovers\n|upkeep\n|turn|27\n|\n|t:|1700181469\n|move|p1a: Kingambit|Kowtow Cleave|p2a: Amoonguss\n|-crit|p2a: Amoonguss\n|-damage|p2a: Amoonguss|4\/100\n|move|p2a: Amoonguss|Spore|p1a: Kingambit\n|-status|p1a: Kingambit|slp|[from] move: Spore\n|\n|-heal|p1a: Kingambit|67\/100 slp|[from] item: Leftovers\n|upkeep\n|turn|28\n|\n|t:|1700181476\n|switch|p2a: Zamazenta|Zamazenta|85\/100\n|cant|p1a: Kingambit|slp\n|\n|-heal|p1a: Kingambit|73\/100 slp|[from] item: Leftovers\n|upkeep\n|turn|29\n|\n|t:|1700181481\n|-end|p1a: Kingambit|fallenundefined|[silent]\n|switch|p1a: Clefable|Clefable, F|100\/100\n|-damage|p1a: Clefable|88\/100|[from] Stealth Rock\n|move|p2a: Zamazenta|Heavy Slam|p1a: Clefable\n|-supereffective|p1a: Clefable\n|-damage|p1a: Clefable|25\/100\n|\n|-heal|p1a: Clefable|31\/100|[from] item: Leftovers\n|upkeep\n|turn|30\n|\n|t:|1700181486\n|switch|p1a: Corviknight|Corviknight, M|100\/100\n|-damage|p1a: Corviknight|88\/100|[from] Stealth Rock\n|-ability|p1a: Corviknight|Pressure\n|move|p2a: Zamazenta|Heavy Slam|p1a: Corviknight\n|-resisted|p1a: Corviknight\n|-damage|p1a: Corviknight|81\/100\n|\n|upkeep\n|turn|31\n|\n|t:|1700181500\n|switch|p2a: Amoonguss|Amoonguss, M|37\/100\n|move|p1a: Corviknight|Defog|p2a: Amoonguss\n|-unboost|p2a: Amoonguss|evasion|1\n|-sideend|p2: thundercloudstrife|Stealth Rock|[from] move: Defog|[of] p1a: Corviknight\n|-sideend|p1: DragonAtNight|Stealth Rock|[from] move: Defog|[of] p1a: Corviknight\n|\n|upkeep\n|turn|32\n|\n|t:|1700181517\n|switch|p1a: Kingambit|Kingambit, F|73\/100 slp\n|switch|p2a: Slowking|Slowking, M|100\/100\n|\n|-heal|p1a: Kingambit|79\/100 slp|[from] item: Leftovers\n|upkeep\n|turn|33\n|\n|t:|1700181537\n|switch|p2a: Zamazenta|Zamazenta|85\/100\n|-curestatus|p1a: Kingambit|slp|[msg]\n|move|p1a: Kingambit|Kowtow Cleave|p2a: Zamazenta\n|-resisted|p2a: Zamazenta\n|-damage|p2a: Zamazenta|63\/100\n|\n|-heal|p1a: Kingambit|85\/100|[from] item: Leftovers\n|upkeep\n|turn|34\n|\n|t:|1700181546\n|-end|p1a: Kingambit|fallenundefined|[silent]\n|switch|p1a: Corviknight|Corviknight, M|81\/100\n|-ability|p1a: Corviknight|Pressure\n|move|p2a: Zamazenta|Close Combat|p1a: Corviknight\n|-damage|p1a: Corviknight|38\/100\n|-unboost|p2a: Zamazenta|def|1\n|-unboost|p2a: Zamazenta|spd|1\n|\n|upkeep\n|turn|35\n|\n|t:|1700181555\n|move|p2a: Zamazenta|Close Combat|p1a: Corviknight\n|-damage|p1a: Corviknight|0 fnt\n|-unboost|p2a: Zamazenta|def|1\n|-unboost|p2a: Zamazenta|spd|1\n|faint|p1a: Corviknight\n|\n|upkeep\n|\n|t:|1700181558\n|switch|p1a: Slither Wing|Slither Wing|88\/100\n|turn|36\n|\n|t:|1700181576\n|switch|p2a: Zapdos|Zapdos|65\/100\n|move|p1a: Slither Wing|First Impression|p2a: Zapdos\n|-resisted|p2a: Zapdos\n|-damage|p2a: Zapdos|22\/100\n|\n|upkeep\n|turn|37\n|\n|t:|1700181581\n|-end|p1a: Slither Wing|Protosynthesis|[silent]\n|switch|p1a: Dragonite|Dragonite, M, tera:Normal|88\/100\n|move|p2a: Zapdos|Roost|p2a: Zapdos\n|-heal|p2a: Zapdos|72\/100\n|-singleturn|p2a: Zapdos|move: Roost\n|\n|upkeep\n|turn|38\n|inactive|thundercloudstrife has 120 seconds left.\n|\n|t:|1700181612\n|move|p2a: Zapdos|Hurricane|p1a: Dragonite\n|-damage|p1a: Dragonite|32\/100\n|move|p1a: Dragonite|Ice Spinner|p2a: Zapdos\n|-supereffective|p2a: Zapdos\n|-crit|p2a: Zapdos\n|-damage|p2a: Zapdos|0 fnt\n|-status|p1a: Dragonite|par|[from] ability: Static|[of] p2a: Zapdos\n|faint|p2a: Zapdos\n|\n|upkeep\n|inactive|thundercloudstrife has 120 seconds left.\n|\n|t:|1700181632\n|switch|p2a: Zamazenta|Zamazenta|63\/100\n|turn|39\n|\n|t:|1700181637\n|switch|p1a: Clefable|Clefable, F|31\/100\n|move|p2a: Zamazenta|Stone Edge|p1a: Clefable\n|-damage|p1a: Clefable|4\/100\n|\n|-heal|p1a: Clefable|10\/100|[from] item: Leftovers\n|upkeep\n|turn|40\n|\n|t:|1700181648\n|move|p2a: Zamazenta|Heavy Slam|p1a: Clefable\n|-supereffective|p1a: Clefable\n|-damage|p1a: Clefable|0 fnt\n|faint|p1a: Clefable\n|\n|upkeep\n|\n|t:|1700181652\n|switch|p1a: Breloom|Breloom, M|94\/100\n|turn|41\n|\n|t:|1700181665\n|switch|p2a: Gholdengo|Gholdengo|94\/100\n|move|p1a: Breloom|Bullet Seed|p2a: Gholdengo\n|-resisted|p2a: Gholdengo\n|-damage|p2a: Gholdengo|78\/100\n|-resisted|p2a: Gholdengo\n|-damage|p2a: Gholdengo|60\/100\n|-hitcount|p2a: Gholdengo|2\n|\n|upkeep\n|turn|42\n|\n|t:|1700181670\n|switch|p1a: Kingambit|Kingambit, F|85\/100\n|-activate|p1a: Kingambit|ability: Supreme Overlord\n|-start|p1a: Kingambit|fallen2|[silent]\n|move|p2a: Gholdengo|Recover|p2a: Gholdengo\n|-heal|p2a: Gholdengo|100\/100\n|\n|-heal|p1a: Kingambit|91\/100|[from] item: Leftovers\n|upkeep\n|turn|43\n|\n|t:|1700181689\n|switch|p2a: Zamazenta|Zamazenta|63\/100\n|move|p1a: Kingambit|Swords Dance|p1a: Kingambit\n|-boost|p1a: Kingambit|atk|2\n|\n|-heal|p1a: Kingambit|98\/100|[from] item: Leftovers\n|upkeep\n|turn|44\n|\n|t:|1700181701\n|move|p1a: Kingambit|Sucker Punch|p2a: Zamazenta\n|-resisted|p2a: Zamazenta\n|-damage|p2a: Zamazenta|24\/100\n|move|p2a: Zamazenta|Close Combat|p1a: Kingambit\n|-supereffective|p1a: Kingambit\n|-damage|p1a: Kingambit|0 fnt\n|-unboost|p2a: Zamazenta|def|1\n|-unboost|p2a: Zamazenta|spd|1\n|faint|p1a: Kingambit\n|-end|p1a: Kingambit|fallen2|[silent]\n|\n|upkeep\n|\n|t:|1700181722\n|switch|p1a: Slither Wing|Slither Wing|88\/100\n|turn|45\n|\n|t:|1700181735\n|switch|p2a: Ting-Lu|Ting-Lu|34\/100\n|-ability|p2a: Ting-Lu|Vessel of Ruin\n|move|p1a: Slither Wing|U-turn|p2a: Ting-Lu\n|-supereffective|p2a: Ting-Lu\n|-damage|p2a: Ting-Lu|0 fnt\n|faint|p2a: Ting-Lu\n|\n|t:|1700181742\n|-end|p1a: Slither Wing|Protosynthesis|[silent]\n|switch|p1a: Dragonite|Dragonite, M, tera:Normal|32\/100 par|[from] U-turn\n|\n|upkeep\n|\n|t:|1700181748\n|switch|p2a: Gholdengo|Gholdengo|100\/100\n|turn|46\n|\n|t:|1700181753\n|move|p2a: Gholdengo|Make It Rain|p1a: Dragonite\n|-damage|p1a: Dragonite|0 fnt\n|-unboost|p2a: Gholdengo|spa|1\n|faint|p1a: Dragonite\n|\n|upkeep\n|\n|t:|1700181757\n|switch|p1a: Slither Wing|Slither Wing|88\/100\n|turn|47\n|\n|t:|1700181770\n|switch|p2a: Amoonguss|Amoonguss, M|71\/100\n|move|p1a: Slither Wing|Leech Life|p2a: Amoonguss\n|-damage|p2a: Amoonguss|24\/100\n|-heal|p1a: Slither Wing|100\/100|[from] drain|[of] p2a: Amoonguss\n|\n|upkeep\n|turn|48\n|\n|t:|1700181779\n|move|p1a: Slither Wing|Leech Life|p2a: Amoonguss\n|-damage|p2a: Amoonguss|0 fnt\n|faint|p2a: Amoonguss\n|\n|upkeep\n|\n|t:|1700181799\n|switch|p2a: Zamazenta|Zamazenta|24\/100\n|turn|49\n|\n|t:|1700181804\n|move|p2a: Zamazenta|Close Combat|p1a: Slither Wing\n|-resisted|p1a: Slither Wing\n|-damage|p1a: Slither Wing|62\/100\n|-unboost|p2a: Zamazenta|def|1\n|-unboost|p2a: Zamazenta|spd|1\n|move|p1a: Slither Wing|Leech Life|p2a: Zamazenta\n|-resisted|p2a: Zamazenta\n|-damage|p2a: Zamazenta|0 fnt\n|-heal|p1a: Slither Wing|75\/100|[from] drain|[of] p2a: Zamazenta\n|faint|p2a: Zamazenta\n|\n|upkeep\n|\n|t:|1700181808\n|switch|p2a: Gholdengo|Gholdengo|100\/100\n|turn|50\n|\n|t:|1700181817\n|-terastallize|p2a: Gholdengo|Ghost\n|move|p2a: Gholdengo|Shadow Ball|p1a: Slither Wing\n|-damage|p1a: Slither Wing|17\/100\n|-unboost|p1a: Slither Wing|spd|1\n|move|p1a: Slither Wing|Leech Life|p2a: Gholdengo\n|-resisted|p2a: Gholdengo\n|-damage|p2a: Gholdengo|62\/100\n|-heal|p1a: Slither Wing|36\/100|[from] drain|[of] p2a: Gholdengo\n|-damage|p1a: Slither Wing|20\/100|[from] item: Rocky Helmet|[of] p2a: Gholdengo\n|\n|upkeep\n|turn|51\n|\n|t:|1700181828\n|-end|p1a: Slither Wing|Protosynthesis|[silent]\n|switch|p1a: Breloom|Breloom, M|94\/100\n|move|p2a: Gholdengo|Shadow Ball|p1a: Breloom\n|-damage|p1a: Breloom|0 fnt\n|faint|p1a: Breloom\n|\n|upkeep\n|\n|t:|1700181831\n|switch|p1a: Slither Wing|Slither Wing|20\/100\n|turn|52\n|\n|t:|1700181835\n|move|p1a: Slither Wing|First Impression|p2a: Gholdengo\n|-resisted|p2a: Gholdengo\n|-damage|p2a: Gholdengo|19\/100\n|-damage|p1a: Slither Wing|3\/100|[from] item: Rocky Helmet|[of] p2a: Gholdengo\n|move|p2a: Gholdengo|Shadow Ball|p1a: Slither Wing\n|-damage|p1a: Slither Wing|0 fnt\n|faint|p1a: Slither Wing\n|-end|p1a: Slither Wing|Protosynthesis|[silent]\n|\n|win|thundercloudstrife\n|raw|DragonAtNight's rating: 1263 &rarr; <strong>1238<\/strong><br \/>(-25 for losing)\n|raw|thundercloudstrife's rating: 1265 &rarr; <strong>1290<\/strong><br \/>(+25 for winning)\n|c|\u2606thundercloudstrife|gg\n|l|\u2606DragonAtNight\n","uploadtime":1700181853,"views":8,"p1id":"dragonatnight","p2id":"thundercloudstrife","formatid":"gen9ou","rating":1238,"private":0,"password":""}