{"id":"gen9ou-1997486808","p1":"Ventus230","p2":"drarybo","format":"[Gen 9] OU","log":"|j|\u2606Ventus230\n|j|\u2606drarybo\n|t:|1700813862\n|gametype|singles\n|player|p1|Ventus230|101|1402\n|player|p2|drarybo|101|1409\n|teamsize|p1|6\n|teamsize|p2|6\n|gen|9\n|tier|[Gen 9] OU\n|rated|\n|rule|Sleep Clause Mod: Limit one foe put to sleep\n|rule|Species Clause: Limit one of each Pok\u00e9mon\n|rule|OHKO Clause: OHKO moves are banned\n|rule|Evasion Items Clause: Evasion items are banned\n|rule|Evasion Moves Clause: Evasion moves are banned\n|rule|Endless Battle Clause: Forcing endless battles is banned\n|rule|HP Percentage Mod: HP is shown in percentages\n|clearpoke\n|poke|p1|Dragapult, M|\n|poke|p1|Landorus-Therian, M|\n|poke|p1|Hoopa-Unbound|\n|poke|p1|Zamazenta-*|\n|poke|p1|Garganacl, F|\n|poke|p1|Weezing-Galar, F|\n|poke|p2|Cinderace, M|\n|poke|p2|Ribombee, M|\n|poke|p2|Gholdengo|\n|poke|p2|Manaphy|\n|poke|p2|Dragapult, F|\n|poke|p2|Ogerpon-Wellspring, F|\n|teampreview\n|\n|t:|1700813877\n|start\n|switch|p1a: Garganacl|Garganacl, F|100\/100\n|switch|p2a: Ribombee|Ribombee, M|100\/100\n|turn|1\n|\n|t:|1700813883\n|move|p2a: Ribombee|Sticky Web|p1a: Garganacl\n|-sidestart|p1: Ventus230|move: Sticky Web\n|move|p1a: Garganacl|Salt Cure|p2a: Ribombee\n|-supereffective|p2a: Ribombee\n|-damage|p2a: Ribombee|50\/100\n|\n|upkeep\n|turn|2\n|\n|t:|1700813888\n|move|p2a: Ribombee|Moonblast|p1a: Garganacl\n|-damage|p1a: Garganacl|71\/100\n|move|p1a: Garganacl|Salt Cure|p2a: Ribombee\n|-supereffective|p2a: Ribombee\n|-damage|p2a: Ribombee|0 fnt\n|faint|p2a: Ribombee\n|\n|upkeep\n|\n|t:|1700813899\n|switch|p2a: Ogerpon|Ogerpon-Wellspring, F|100\/100\n|turn|3\n|\n|t:|1700813906\n|switch|p1a: Weezing|Weezing-Galar, F|100\/100\n|-ability|p1a: Weezing|Neutralizing Gas\n|move|p2a: Ogerpon|Ivy Cudgel|p1a: Weezing|[anim] Ivy Cudgel Water\n|-damage|p1a: Weezing|58\/100\n|\n|upkeep\n|turn|4\n|\n|t:|1700813916\n|switch|p2a: Gholdengo|Gholdengo|100\/100\n|-item|p2a: Gholdengo|Air Balloon\n|move|p1a: Weezing|Defog|p2a: Gholdengo\n|-unboost|p2a: Gholdengo|evasion|1\n|-sideend|p1: Ventus230|Sticky Web|[from] move: Defog|[of] p1a: Weezing\n|\n|upkeep\n|turn|5\n|\n|t:|1700813931\n|move|p2a: Gholdengo|Make It Rain|p1a: Weezing\n|-supereffective|p1a: Weezing\n|-damage|p1a: Weezing|0 fnt\n|-unboost|p2a: Gholdengo|spa|1\n|faint|p1a: Weezing\n|-end|p1a: Weezing|ability: Neutralizing Gas\n|\n|upkeep\n|\n|t:|1700813940\n|switch|p1a: Hoopa|Hoopa-Unbound|100\/100\n|turn|6\n|inactive|Battle timer is ON: inactive players will automatically lose when time's up. (requested by Ventus230)\n|\n|t:|1700813977\n|switch|p2a: Cinderace|Cinderace, M|100\/100\n|move|p1a: Hoopa|Knock Off|p2a: Cinderace\n|-damage|p2a: Cinderace|26\/100\n|-enditem|p2a: Cinderace|Heavy-Duty Boots|[from] move: Knock Off|[of] p1a: Hoopa\n|\n|upkeep\n|turn|7\n|\n|t:|1700813987\n|switch|p1a: Landorus|Landorus-Therian, M|100\/100\n|-ability|p1a: Landorus|Intimidate|boost\n|-unboost|p2a: Cinderace|atk|1\n|move|p2a: Cinderace|U-turn|p1a: Landorus\n|-resisted|p1a: Landorus\n|-crit|p1a: Landorus\n|-damage|p1a: Landorus|88\/100\n|-damage|p2a: Cinderace|9\/100|[from] item: Rocky Helmet|[of] p1a: Landorus\n|\n|t:|1700813993\n|switch|p2a: Manaphy|Manaphy|100\/100|[from] U-turn\n|\n|upkeep\n|turn|8\n|\n|t:|1700814003\n|switch|p1a: Hoopa|Hoopa-Unbound|100\/100\n|move|p2a: Manaphy|Ice Beam|p1a: Hoopa\n|-damage|p1a: Hoopa|86\/100\n|\n|upkeep\n|turn|9\n|\n|t:|1700814016\n|move|p2a: Manaphy|Tail Glow|p2a: Manaphy\n|-boost|p2a: Manaphy|spa|3\n|move|p1a: Hoopa|Knock Off|p2a: Manaphy\n|-damage|p2a: Manaphy|42\/100\n|-enditem|p2a: Manaphy|Covert Cloak|[from] move: Knock Off|[of] p1a: Hoopa\n|\n|upkeep\n|turn|10\n|\n|t:|1700814022\n|move|p2a: Manaphy|Surf|p1a: Hoopa\n|-damage|p1a: Hoopa|34\/100\n|move|p1a: Hoopa|Thunderbolt|p2a: Manaphy\n|-supereffective|p2a: Manaphy\n|-damage|p2a: Manaphy|0 fnt\n|faint|p2a: Manaphy\n|\n|upkeep\n|\n|t:|1700814029\n|switch|p2a: Ogerpon|Ogerpon-Wellspring, F|100\/100\n|turn|11\n|\n|t:|1700814045\n|move|p2a: Ogerpon|Knock Off|p1a: Hoopa\n|-crit|p1a: Hoopa\n|-damage|p1a: Hoopa|0 fnt\n|-enditem|p1a: Hoopa|Assault Vest|[from] move: Knock Off|[of] p2a: Ogerpon\n|faint|p1a: Hoopa\n|\n|upkeep\n|inactive|Ventus230 has 120 seconds left.\n|\n|t:|1700814077\n|switch|p1a: Zamazenta|Zamazenta|100\/100\n|-ability|p1a: Zamazenta|Dauntless Shield|boost\n|-boost|p1a: Zamazenta|def|1\n|turn|12\n|\n|t:|1700814083\n|move|p1a: Zamazenta|Crunch|p2a: Ogerpon\n|-damage|p2a: Ogerpon|67\/100\n|move|p2a: Ogerpon|Encore|p1a: Zamazenta\n|-start|p1a: Zamazenta|Encore\n|\n|upkeep\n|turn|13\n|\n|t:|1700814089\n|switch|p2a: Cinderace|Cinderace, M|9\/100\n|move|p1a: Zamazenta|Crunch|p2a: Cinderace\n|-damage|p2a: Cinderace|0 fnt\n|faint|p2a: Cinderace\n|\n|upkeep\n|\n|t:|1700814098\n|switch|p2a: Gholdengo|Gholdengo|100\/100\n|-item|p2a: Gholdengo|Air Balloon\n|turn|14\n|\n|t:|1700814103\n|-terastallize|p2a: Gholdengo|Flying\n|move|p1a: Zamazenta|Crunch|p2a: Gholdengo\n|-damage|p2a: Gholdengo|84\/100\n|-enditem|p2a: Gholdengo|Air Balloon\n|move|p2a: Gholdengo|Nasty Plot|p2a: Gholdengo\n|-boost|p2a: Gholdengo|spa|2\n|\n|upkeep\n|turn|15\n|\n|t:|1700814116\n|move|p1a: Zamazenta|Crunch|p2a: Gholdengo\n|-damage|p2a: Gholdengo|67\/100\n|move|p2a: Gholdengo|Shadow Ball|p1a: Zamazenta\n|-damage|p1a: Zamazenta|29\/100\n|\n|-end|p1a: Zamazenta|Encore\n|upkeep\n|turn|16\n|\n|t:|1700814123\n|move|p1a: Zamazenta|Stone Edge|p2a: Gholdengo\n|-supereffective|p2a: Gholdengo\n|-damage|p2a: Gholdengo|20\/100\n|move|p2a: Gholdengo|Recover|p2a: Gholdengo\n|-heal|p2a: Gholdengo|70\/100\n|\n|upkeep\n|turn|17\n|\n|t:|1700814129\n|move|p1a: Zamazenta|Stone Edge|p2a: Gholdengo\n|-supereffective|p2a: Gholdengo\n|-damage|p2a: Gholdengo|24\/100\n|move|p2a: Gholdengo|Recover|p2a: Gholdengo\n|-heal|p2a: Gholdengo|74\/100\n|\n|upkeep\n|turn|18\n|\n|t:|1700814134\n|move|p1a: Zamazenta|Stone Edge|p2a: Gholdengo|[miss]\n|-miss|p1a: Zamazenta|p2a: Gholdengo\n|move|p2a: Gholdengo|Recover|p2a: Gholdengo\n|-heal|p2a: Gholdengo|100\/100\n|\n|upkeep\n|turn|19\n|\n|t:|1700814139\n|move|p1a: Zamazenta|Stone Edge|p2a: Gholdengo\n|-supereffective|p2a: Gholdengo\n|-damage|p2a: Gholdengo|59\/100\n|move|p2a: Gholdengo|Shadow Ball|p1a: Zamazenta\n|-damage|p1a: Zamazenta|0 fnt\n|faint|p1a: Zamazenta\n|\n|upkeep\n|inactive|Ventus230 has 120 seconds left.\n|\n|t:|1700814186\n|switch|p1a: Dragapult|Dragapult, M|100\/100\n|turn|20\n|\n|t:|1700814188\n|move|p1a: Dragapult|Draco Meteor|p2a: Gholdengo\n|-damage|p2a: Gholdengo|0 fnt\n|-unboost|p1a: Dragapult|spa|2\n|faint|p2a: Gholdengo\n|\n|upkeep\n|\n|t:|1700814195\n|switch|p2a: Dragapult|Dragapult, F|100\/100\n|turn|21\n|inactive|Ventus230 has 120 seconds left.\n|\n|t:|1700814221\n|-terastallize|p1a: Dragapult|Fairy\n|move|p1a: Dragapult|Draco Meteor|p2a: Dragapult\n|-supereffective|p2a: Dragapult\n|-enditem|p2a: Dragapult|Focus Sash\n|-damage|p2a: Dragapult|1\/100\n|-unboost|p1a: Dragapult|spa|2\n|move|p2a: Dragapult|Dragon Dance|p2a: Dragapult\n|-boost|p2a: Dragapult|atk|1\n|-boost|p2a: Dragapult|spe|1\n|\n|upkeep\n|turn|22\n|\n|t:|1700814230\n|move|p2a: Dragapult|Phantom Force||[still]\n|-prepare|p2a: Dragapult|Phantom Force\n|move|p1a: Dragapult|Draco Meteor|p2a: Dragapult|[miss]\n|-miss|p1a: Dragapult|p2a: Dragapult\n|\n|upkeep\n|turn|23\n|\n|t:|1700814234\n|move|p2a: Dragapult|Phantom Force|p1a: Dragapult|[from]lockedmove\n|-damage|p1a: Dragapult|4\/100\n|move|p1a: Dragapult|Draco Meteor|p2a: Dragapult\n|-supereffective|p2a: Dragapult\n|-damage|p2a: Dragapult|0 fnt\n|-unboost|p1a: Dragapult|spa|2\n|faint|p2a: Dragapult\n|\n|upkeep\n|\n|t:|1700814237\n|switch|p2a: Ogerpon|Ogerpon-Wellspring, F|67\/100\n|turn|24\n|\n|t:|1700814245\n|switch|p1a: Landorus|Landorus-Therian, M|88\/100\n|-ability|p1a: Landorus|Intimidate|boost\n|-unboost|p2a: Ogerpon|atk|1\n|move|p2a: Ogerpon|Knock Off|p1a: Landorus\n|-damage|p1a: Landorus|71\/100\n|-damage|p2a: Ogerpon|51\/100|[from] item: Rocky Helmet|[of] p1a: Landorus\n|-enditem|p1a: Landorus|Rocky Helmet|[from] move: Knock Off|[of] p2a: Ogerpon\n|\n|upkeep\n|turn|25\n|\n|t:|1700814257\n|move|p2a: Ogerpon|Power Whip|p1a: Landorus\n|-damage|p1a: Landorus|37\/100\n|move|p1a: Landorus|U-turn|p2a: Ogerpon\n|-supereffective|p2a: Ogerpon\n|-damage|p2a: Ogerpon|0 fnt\n|faint|p2a: Ogerpon\n|\n|win|Ventus230\n|raw|Ventus230's rating: 1402 &rarr; <strong>1422<\/strong><br \/>(+20 for winning)\n|raw|drarybo's rating: 1409 &rarr; <strong>1389<\/strong><br \/>(-20 for losing)\n|l|\u2606drarybo\n","uploadtime":1700814280,"views":10,"p1id":"ventus230","p2id":"drarybo","formatid":"gen9ou","rating":1389,"private":0,"password":""}