{"id":"gen9ou-1988702863","p1":"uniandes5","p2":"tranmin001","format":"[Gen 9] OU","log":"|j|\u2606uniandes5\n|j|\u2606tranmin001\n|t:|1699752587\n|gametype|singles\n|player|p1|uniandes5|102|1585\n|player|p2|tranmin001|102|1680\n|teamsize|p1|6\n|teamsize|p2|6\n|gen|9\n|tier|[Gen 9] OU\n|rated|\n|rule|Sleep Clause Mod: Limit one foe put to sleep\n|rule|Species Clause: Limit one of each Pok\u00e9mon\n|rule|OHKO Clause: OHKO moves are banned\n|rule|Evasion Items Clause: Evasion items are banned\n|rule|Evasion Moves Clause: Evasion moves are banned\n|rule|Endless Battle Clause: Forcing endless battles is banned\n|rule|HP Percentage Mod: HP is shown in percentages\n|clearpoke\n|poke|p1|Hoopa-Unbound|\n|poke|p1|Thundurus-Therian, M|\n|poke|p1|Gholdengo|\n|poke|p1|Samurott-Hisui, F|\n|poke|p1|Kingambit, M|\n|poke|p1|Rillaboom, M|\n|poke|p2|Great Tusk|\n|poke|p2|Hatterene, F|\n|poke|p2|Dondozo, F|\n|poke|p2|Mandibuzz, F|\n|poke|p2|Heatran, M|\n|poke|p2|Dragapult, M|\n|teampreview\n|inactive|Battle timer is ON: inactive players will automatically lose when time's up. (requested by tranmin001)\n|\n|t:|1699752608\n|start\n|switch|p1a: Thundurus|Thundurus-Therian, M|100\/100\n|switch|p2a: Great Tusk|Great Tusk, shiny|100\/100\n|turn|1\n|j| DR.NP\n|\n|t:|1699752613\n|-terastallize|p2a: Great Tusk|Steel\n|move|p2a: Great Tusk|Ice Spinner|p1a: Thundurus\n|-supereffective|p1a: Thundurus\n|-damage|p1a: Thundurus|0 fnt\n|faint|p1a: Thundurus\n|\n|upkeep\n|\n|t:|1699752620\n|switch|p1a: Sekiro|Samurott-Hisui, F, shiny|100\/100\n|turn|2\n|\n|t:|1699752625\n|-end|p2a: Great Tusk|Protosynthesis|[silent]\n|switch|p2a: Mandibuzz|Mandibuzz, F, shiny|100\/100\n|move|p1a: Sekiro|Ceaseless Edge|p2a: Mandibuzz\n|-resisted|p2a: Mandibuzz\n|-damage|p2a: Mandibuzz|88\/100\n|-sidestart|p2: tranmin001|Spikes\n|\n|upkeep\n|turn|3\n|\n|t:|1699752631\n|move|p1a: Sekiro|Ceaseless Edge|p2a: Mandibuzz\n|-resisted|p2a: Mandibuzz\n|-damage|p2a: Mandibuzz|76\/100\n|-sidestart|p2: tranmin001|Spikes\n|move|p2a: Mandibuzz|U-turn|p1a: Sekiro\n|-supereffective|p1a: Sekiro\n|-damage|p1a: Sekiro|69\/100\n|\n|t:|1699752635\n|switch|p2a: Great Tusk|Great Tusk, shiny, tera:Steel|100\/100|[from] U-turn\n|-damage|p2a: Great Tusk|84\/100|[from] Spikes\n|\n|upkeep\n|turn|4\n|\n|t:|1699752650\n|switch|p1a: Kuzko|Gholdengo, shiny|100\/100\n|move|p2a: Great Tusk|Headlong Rush|p1a: Kuzko\n|-supereffective|p1a: Kuzko\n|-damage|p1a: Kuzko|0 fnt\n|-unboost|p2a: Great Tusk|def|1\n|-unboost|p2a: Great Tusk|spd|1\n|faint|p1a: Kuzko\n|\n|upkeep\n|\n|t:|1699752658\n|switch|p1a: Sekiro|Samurott-Hisui, F, shiny|69\/100\n|turn|5\n|\n|t:|1699752662\n|move|p1a: Sekiro|Flip Turn|p2a: Great Tusk\n|-damage|p2a: Great Tusk|51\/100\n|\n|t:|1699752665\n|switch|p1a: Rip Em!|Kingambit, M, shiny|100\/100|[from] Flip Turn\n|-activate|p1a: Rip Em!|ability: Supreme Overlord\n|-start|p1a: Rip Em!|fallen2|[silent]\n|move|p2a: Great Tusk|Headlong Rush|p1a: Rip Em!\n|-supereffective|p1a: Rip Em!\n|-damage|p1a: Rip Em!|0 fnt\n|-unboost|p2a: Great Tusk|def|1\n|-unboost|p2a: Great Tusk|spd|1\n|faint|p1a: Rip Em!\n|-end|p1a: Rip Em!|fallen2|[silent]\n|\n|upkeep\n|-message|uniandes5 forfeited.\n|\n|win|tranmin001\n|raw|uniandes5's rating: 1585 &rarr; <strong>1570<\/strong><br \/>(-15 for losing)\n|raw|tranmin001's rating: 1680 &rarr; <strong>1695<\/strong><br \/>(+15 for winning)\n|l|\u2606uniandes5\n","uploadtime":1699752679,"views":8,"p1id":"uniandes5","p2id":"tranmin001","formatid":"gen9ou","rating":1570,"private":0,"password":""}