{"id":"gen9ou-1990815912","p1":"TwiceStan","p2":"CraCraPrr","format":"[Gen 9] OU","log":"|j|\u2606TwiceStan\n|j|\u2606CraCraPrr\n|t:|1700003728\n|gametype|singles\n|player|p1|TwiceStan|102|1341\n|player|p2|CraCraPrr|leon-tower|1357\n|teamsize|p1|6\n|teamsize|p2|6\n|gen|9\n|tier|[Gen 9] OU\n|rated|\n|rule|Sleep Clause Mod: Limit one foe put to sleep\n|rule|Species Clause: Limit one of each Pok\u00e9mon\n|rule|OHKO Clause: OHKO moves are banned\n|rule|Evasion Items Clause: Evasion items are banned\n|rule|Evasion Moves Clause: Evasion moves are banned\n|rule|Endless Battle Clause: Forcing endless battles is banned\n|rule|HP Percentage Mod: HP is shown in percentages\n|clearpoke\n|poke|p1|Sylveon, F|\n|poke|p1|Dragapult, F|\n|poke|p1|Umbreon, M|\n|poke|p1|Slowbro-Galar, M|\n|poke|p1|Great Tusk|\n|poke|p1|Ting-Lu|\n|poke|p2|Cinderace, M|\n|poke|p2|Great Tusk|\n|poke|p2|Alomomola, F|\n|poke|p2|Slowking-Galar, M|\n|poke|p2|Yanmega, M|\n|poke|p2|Kingambit, M|\n|teampreview\n|\n|t:|1700003743\n|start\n|switch|p1a: Umbreon|Umbreon, M|100\/100\n|switch|p2a: Cinderace|Cinderace, M|100\/100\n|turn|1\n|\n|t:|1700003751\n|move|p2a: Cinderace|U-turn|p1a: Umbreon\n|-supereffective|p1a: Umbreon\n|-damage|p1a: Umbreon|72\/100\n|j| EldeGioss\n|\n|t:|1700003761\n|switch|p2a: Slowking|Slowking-Galar, M|100\/100|[from] U-turn\n|move|p1a: Umbreon|Toxic|p2a: Slowking\n|-immune|p2a: Slowking\n|\n|-heal|p1a: Umbreon|78\/100|[from] item: Leftovers\n|upkeep\n|turn|2\n|\n|t:|1700003769\n|move|p1a: Umbreon|Wish|p1a: Umbreon\n|move|p2a: Slowking|Chilly Reception|p2a: Slowking\n|-weather|Snow\n|\n|t:|1700003774\n|switch|p2a: Cinderace|Cinderace, M|100\/100|[from] Chilly Reception\n|\n|-weather|Snow|[upkeep]\n|-heal|p1a: Umbreon|84\/100|[from] item: Leftovers\n|upkeep\n|turn|3\n|\n|t:|1700003781\n|move|p2a: Cinderace|U-turn|p1a: Umbreon\n|-supereffective|p1a: Umbreon\n|-damage|p1a: Umbreon|54\/100\n|\n|t:|1700003785\n|switch|p2a: Yanmega|Yanmega, M|100\/100|[from] U-turn\n|move|p1a: Umbreon|Toxic|p2a: Yanmega|[miss]\n|-miss|p1a: Umbreon|p2a: Yanmega\n|\n|-weather|Snow|[upkeep]\n|-heal|p1a: Umbreon|100\/100|[from] move: Wish|[wisher] Umbreon\n|upkeep\n|turn|4\n|\n|t:|1700003797\n|move|p2a: Yanmega|Bug Buzz|p1a: Umbreon\n|-supereffective|p1a: Umbreon\n|-damage|p1a: Umbreon|27\/100\n|move|p1a: Umbreon|Toxic|p2a: Yanmega\n|-status|p2a: Yanmega|tox\n|\n|-weather|Snow|[upkeep]\n|-heal|p1a: Umbreon|33\/100|[from] item: Leftovers\n|-damage|p2a: Yanmega|94\/100 tox|[from] psn\n|-ability|p2a: Yanmega|Speed Boost|boost\n|-boost|p2a: Yanmega|spe|1\n|upkeep\n|turn|5\n|\n|t:|1700003809\n|switch|p2a: Cinderace|Cinderace, M|100\/100\n|move|p1a: Umbreon|Protect||[still]\n|-fail|p1a: Umbreon\n|\n|-weather|Snow|[upkeep]\n|-heal|p1a: Umbreon|40\/100|[from] item: Leftovers\n|upkeep\n|turn|6\n|\n|t:|1700003819\n|move|p2a: Cinderace|Pyro Ball|p1a: Umbreon\n|-damage|p1a: Umbreon|0 fnt\n|faint|p1a: Umbreon\n|\n|-weather|none\n|upkeep\n|\n|t:|1700003825\n|switch|p1a: Slowbro|Slowbro-Galar, M|100\/100\n|turn|7\n|\n|t:|1700003830\n|move|p2a: Cinderace|U-turn|p1a: Slowbro\n|-damage|p1a: Slowbro|85\/100\n|\n|t:|1700003832\n|switch|p2a: Kingambit|Kingambit, M|100\/100|[from] U-turn\n|move|p1a: Slowbro|Nasty Plot|p1a: Slowbro\n|-boost|p1a: Slowbro|spa|2\n|\n|upkeep\n|turn|8\n|-activate|p1a: Slowbro|ability: Quick Draw\n|\n|t:|1700003851\n|-terastallize|p2a: Kingambit|Flying\n|move|p1a: Slowbro|Flamethrower|p2a: Kingambit\n|-damage|p2a: Kingambit|33\/100\n|move|p2a: Kingambit|Kowtow Cleave|p1a: Slowbro\n|-supereffective|p1a: Slowbro\n|-damage|p1a: Slowbro|0 fnt\n|faint|p1a: Slowbro\n|\n|upkeep\n|\n|t:|1700003865\n|switch|p1a: Dragapult|Dragapult, F|100\/100\n|turn|9\n|\n|t:|1700003874\n|move|p1a: Dragapult|Shadow Ball|p2a: Kingambit\n|-damage|p2a: Kingambit|0 fnt\n|faint|p2a: Kingambit\n|-end|p2a: Kingambit|fallenundefined|[silent]\n|\n|upkeep\n|\n|t:|1700003881\n|switch|p2a: Great Tusk|Great Tusk|100\/100\n|turn|10\n|\n|t:|1700003890\n|switch|p1a: Great Tusk|Great Tusk|100\/100\n|-enditem|p1a: Great Tusk|Booster Energy\n|-activate|p1a: Great Tusk|ability: Protosynthesis|[fromitem]\n|-start|p1a: Great Tusk|protosynthesisspe\n|move|p2a: Great Tusk|Knock Off|p1a: Great Tusk\n|-resisted|p1a: Great Tusk\n|-damage|p1a: Great Tusk|93\/100\n|\n|upkeep\n|turn|11\n|\n|t:|1700003901\n|-end|p2a: Great Tusk|Protosynthesis|[silent]\n|switch|p2a: Alomomola|Alomomola, F|100\/100\n|move|p1a: Great Tusk|Stealth Rock|p2a: Alomomola\n|-sidestart|p2: CraCraPrr|move: Stealth Rock\n|\n|upkeep\n|turn|12\n|\n|t:|1700003912\n|move|p1a: Great Tusk|Rapid Spin|p2a: Alomomola\n|-damage|p2a: Alomomola|93\/100\n|-boost|p1a: Great Tusk|spe|1\n|move|p2a: Alomomola|Scald|p1a: Great Tusk\n|-supereffective|p1a: Great Tusk\n|-damage|p1a: Great Tusk|65\/100\n|-status|p1a: Great Tusk|brn\n|\n|-damage|p1a: Great Tusk|59\/100 brn|[from] brn\n|upkeep\n|turn|13\n|\n|t:|1700003927\n|move|p1a: Great Tusk|Close Combat|p2a: Alomomola\n|-damage|p2a: Alomomola|80\/100\n|-unboost|p1a: Great Tusk|def|1\n|-unboost|p1a: Great Tusk|spd|1\n|move|p2a: Alomomola|Wish|p2a: Alomomola\n|\n|-damage|p1a: Great Tusk|53\/100 brn|[from] brn\n|upkeep\n|turn|14\n|\n|t:|1700003936\n|move|p1a: Great Tusk|Ice Spinner|p2a: Alomomola\n|-resisted|p2a: Alomomola\n|-damage|p2a: Alomomola|77\/100\n|move|p2a: Alomomola|Flip Turn|p1a: Great Tusk\n|-supereffective|p1a: Great Tusk\n|-damage|p1a: Great Tusk|22\/100 brn\n|\n|t:|1700003944\n|switch|p2a: Great Tusk|Great Tusk|100\/100|[from] Flip Turn\n|-damage|p2a: Great Tusk|98\/100|[from] Stealth Rock\n|\n|-heal|p2a: Great Tusk|100\/100|[from] move: Wish|[wisher] Alomomola\n|-damage|p1a: Great Tusk|16\/100 brn|[from] brn\n|upkeep\n|turn|15\n|\n|t:|1700003962\n|move|p1a: Great Tusk|Ice Spinner|p2a: Great Tusk\n|-supereffective|p2a: Great Tusk\n|-crit|p2a: Great Tusk\n|-damage|p2a: Great Tusk|77\/100\n|move|p2a: Great Tusk|Knock Off|p1a: Great Tusk\n|-resisted|p1a: Great Tusk\n|-damage|p1a: Great Tusk|5\/100 brn\n|\n|-heal|p2a: Great Tusk|83\/100|[from] item: Leftovers\n|-damage|p1a: Great Tusk|0 fnt|[from] brn\n|faint|p1a: Great Tusk\n|-end|p1a: Great Tusk|Protosynthesis|[silent]\n|upkeep\n|\n|t:|1700003974\n|switch|p1a: Sylveon|Sylveon, F|100\/100\n|turn|16\n|\n|t:|1700003983\n|-end|p2a: Great Tusk|Protosynthesis|[silent]\n|switch|p2a: Slowking|Slowking-Galar, M|100\/100\n|move|p1a: Sylveon|Calm Mind|p1a: Sylveon\n|-boost|p1a: Sylveon|spa|1\n|-boost|p1a: Sylveon|spd|1\n|\n|upkeep\n|turn|17\n|\n|t:|1700004000\n|-terastallize|p1a: Sylveon|Water\n|move|p1a: Sylveon|Calm Mind|p1a: Sylveon\n|-boost|p1a: Sylveon|spa|1\n|-boost|p1a: Sylveon|spd|1\n|move|p2a: Slowking|Thunder Wave|p1a: Sylveon\n|-status|p1a: Sylveon|par\n|\n|upkeep\n|turn|18\n|\n|t:|1700004009\n|move|p2a: Slowking|Sludge Bomb|p1a: Sylveon\n|-damage|p1a: Sylveon|89\/100 par\n|move|p1a: Sylveon|Hyper Voice|p2a: Slowking\n|-resisted|p2a: Slowking\n|-damage|p2a: Slowking|62\/100\n|\n|upkeep\n|turn|19\n|\n|t:|1700004018\n|move|p2a: Slowking|Future Sight|p1a: Sylveon\n|-start|p2a: Slowking|move: Future Sight\n|move|p1a: Sylveon|Calm Mind|p1a: Sylveon\n|-boost|p1a: Sylveon|spa|1\n|-boost|p1a: Sylveon|spd|1\n|\n|upkeep\n|turn|20\n|\n|t:|1700004032\n|switch|p2a: Alomomola|Alomomola, F|100\/100\n|move|p1a: Sylveon|Calm Mind|p1a: Sylveon\n|-boost|p1a: Sylveon|spa|1\n|-boost|p1a: Sylveon|spd|1\n|\n|upkeep\n|turn|21\n|\n|t:|1700004040\n|move|p2a: Alomomola|Flip Turn|p1a: Sylveon\n|-resisted|p1a: Sylveon\n|-damage|p1a: Sylveon|81\/100 par\n|\n|t:|1700004050\n|switch|p2a: Cinderace|Cinderace, M|100\/100|[from] Flip Turn\n|move|p1a: Sylveon|Draining Kiss|p2a: Cinderace\n|-resisted|p2a: Cinderace\n|-damage|p2a: Cinderace|45\/100\n|-heal|p1a: Sylveon|100\/100 par|[from] drain|[of] p2a: Cinderace\n|\n|-end|p1a: Sylveon|move: Future Sight\n|-damage|p1a: Sylveon|89\/100 par\n|upkeep\n|turn|22\n|\n|t:|1700004062\n|move|p2a: Cinderace|Court Change|p2a: Cinderace\n|-swapsideconditions\n|-activate|p2a: Cinderace|move: Court Change\n|move|p1a: Sylveon|Draining Kiss|p2a: Cinderace\n|-resisted|p2a: Cinderace\n|-damage|p2a: Cinderace|0 fnt\n|-heal|p1a: Sylveon|100\/100 par|[from] drain|[of] p2a: Cinderace\n|faint|p2a: Cinderace\n|\n|upkeep\n|\n|t:|1700004066\n|switch|p2a: Great Tusk|Great Tusk|83\/100\n|turn|23\n|\n|t:|1700004074\n|move|p2a: Great Tusk|Close Combat|p1a: Sylveon\n|-damage|p1a: Sylveon|22\/100 par\n|-unboost|p2a: Great Tusk|def|1\n|-unboost|p2a: Great Tusk|spd|1\n|move|p1a: Sylveon|Hyper Voice|p2a: Great Tusk\n|-supereffective|p2a: Great Tusk\n|-damage|p2a: Great Tusk|0 fnt\n|faint|p2a: Great Tusk\n|-end|p2a: Great Tusk|Protosynthesis|[silent]\n|\n|upkeep\n|\n|t:|1700004081\n|switch|p2a: Yanmega|Yanmega, M|94\/100 tox\n|turn|24\n|\n|t:|1700004087\n|move|p2a: Yanmega|Giga Drain|p1a: Sylveon\n|-supereffective|p1a: Sylveon\n|-damage|p1a: Sylveon|6\/100 par\n|-heal|p2a: Yanmega|100\/100 tox|[from] drain|[of] p1a: Sylveon\n|move|p1a: Sylveon|Draining Kiss|p2a: Yanmega\n|-damage|p2a: Yanmega|0 fnt\n|-heal|p1a: Sylveon|65\/100 par|[from] drain|[of] p2a: Yanmega\n|faint|p2a: Yanmega\n|\n|upkeep\n|-message|CraCraPrr forfeited.\n|\n|win|TwiceStan\n|raw|TwiceStan's rating: 1341 &rarr; <strong>1362<\/strong><br \/>(+21 for winning)\n|raw|CraCraPrr's rating: 1357 &rarr; <strong>1336<\/strong><br \/>(-21 for losing)\n|l|\u2606CraCraPrr\n|l| EldeGioss\n","uploadtime":1700004101,"views":12,"p1id":"twicestan","p2id":"cracraprr","formatid":"gen9ou","rating":1336,"private":0,"password":""}