{"id":"gen9ou-1991473899","p1":"thereisoneimpostor","p2":"Abc Megalovania","format":"[Gen 9] OU","log":"|j|\u2606thereisoneimpostor\n|j|\u2606Abc Megalovania\n|t:|1700080234\n|gametype|singles\n|player|p1|thereisoneimpostor|101|\n|player|p2|Abc Megalovania|larry|\n|teamsize|p1|6\n|teamsize|p2|6\n|gen|9\n|tier|[Gen 9] OU\n|rule|Sleep Clause Mod: Limit one foe put to sleep\n|rule|Species Clause: Limit one of each Pok\u00e9mon\n|rule|OHKO Clause: OHKO moves are banned\n|rule|Evasion Items Clause: Evasion items are banned\n|rule|Evasion Moves Clause: Evasion moves are banned\n|rule|Endless Battle Clause: Forcing endless battles is banned\n|rule|HP Percentage Mod: HP is shown in percentages\n|clearpoke\n|poke|p1|Kingambit, F|\n|poke|p1|Glimmora, M|\n|poke|p1|Zamazenta-*|\n|poke|p1|Iron Valiant|\n|poke|p1|Iron Moth|\n|poke|p1|Ogerpon-Wellspring, F|\n|poke|p2|Sneasler, F|\n|poke|p2|Kingambit, F|\n|poke|p2|Rillaboom, M|\n|poke|p2|Ribombee, F|\n|poke|p2|Samurott-Hisui, M|\n|poke|p2|Great Tusk|\n|teampreview\n|inactive|Battle timer is ON: inactive players will automatically lose when time's up. (requested by Abc Megalovania)\n|\n|t:|1700080250\n|start\n|switch|p1a: Zamazenta|Zamazenta, shiny|100\/100\n|switch|p2a: Ribombee|Ribombee, F|100\/100\n|-ability|p1a: Zamazenta|Dauntless Shield|boost\n|-boost|p1a: Zamazenta|def|1\n|turn|1\n|\n|t:|1700080264\n|switch|p1a: Glimmora|Glimmora, M|100\/100\n|move|p2a: Ribombee|Sticky Web|p1a: Glimmora\n|-sidestart|p1: thereisoneimpostor|move: Sticky Web\n|\n|upkeep\n|turn|2\n|\n|t:|1700080274\n|move|p2a: Ribombee|Reflect|p2a: Ribombee\n|-sidestart|p2: Abc Megalovania|Reflect\n|move|p1a: Glimmora|Mortal Spin|p2a: Ribombee\n|-supereffective|p2a: Ribombee\n|-damage|p2a: Ribombee|90\/100\n|-sideend|p1: thereisoneimpostor|Sticky Web|[from] move: Mortal Spin|[of] p1a: Glimmora\n|\n|upkeep\n|turn|3\n|\n|t:|1700080279\n|move|p2a: Ribombee|Light Screen|p2a: Ribombee\n|-sidestart|p2: Abc Megalovania|move: Light Screen\n|move|p1a: Glimmora|Power Gem|p2a: Ribombee\n|-supereffective|p2a: Ribombee\n|-damage|p2a: Ribombee|34\/100\n|\n|upkeep\n|turn|4\n|\n|t:|1700080286\n|move|p2a: Ribombee|Sticky Web|p1a: Glimmora\n|-sidestart|p1: thereisoneimpostor|move: Sticky Web\n|move|p1a: Glimmora|Mortal Spin|p2a: Ribombee\n|-supereffective|p2a: Ribombee\n|-damage|p2a: Ribombee|24\/100\n|-sideend|p1: thereisoneimpostor|Sticky Web|[from] move: Mortal Spin|[of] p1a: Glimmora\n|\n|upkeep\n|turn|5\n|\n|t:|1700080294\n|switch|p2a: Kingambit|Kingambit, F|100\/100\n|move|p1a: Glimmora|Mortal Spin|p2a: Kingambit\n|-immune|p2a: Kingambit\n|\n|upkeep\n|turn|6\n|\n|t:|1700080315\n|switch|p1a: Zamazenta|Zamazenta, shiny|100\/100\n|-end|p2a: Kingambit|fallenundefined|[silent]\n|switch|p2a: Great Tusk|Great Tusk|100\/100\n|\n|-sideend|p2: Abc Megalovania|Reflect\n|upkeep\n|turn|7\n|\n|t:|1700080323\n|move|p1a: Zamazenta|Iron Defense|p1a: Zamazenta\n|-boost|p1a: Zamazenta|def|2\n|move|p2a: Great Tusk|Knock Off|p1a: Zamazenta\n|-resisted|p1a: Zamazenta\n|-damage|p1a: Zamazenta|94\/100\n|-enditem|p1a: Zamazenta|Leftovers|[from] move: Knock Off|[of] p2a: Great Tusk\n|\n|-sideend|p2: Abc Megalovania|move: Light Screen\n|upkeep\n|turn|8\n|\n|t:|1700080330\n|move|p1a: Zamazenta|Stone Edge|p2a: Great Tusk\n|-resisted|p2a: Great Tusk\n|-damage|p2a: Great Tusk|95\/100\n|move|p2a: Great Tusk|Stealth Rock|p1a: Zamazenta\n|-sidestart|p1: thereisoneimpostor|move: Stealth Rock\n|\n|-heal|p2a: Great Tusk|100\/100|[from] item: Leftovers\n|upkeep\n|turn|9\n|\n|t:|1700080337\n|move|p1a: Zamazenta|Body Press|p2a: Great Tusk\n|-damage|p2a: Great Tusk|53\/100\n|move|p2a: Great Tusk|Earthquake|p1a: Zamazenta\n|-damage|p1a: Zamazenta|74\/100\n|\n|-heal|p2a: Great Tusk|59\/100|[from] item: Leftovers\n|upkeep\n|turn|10\n|\n|t:|1700080350\n|move|p1a: Zamazenta|Iron Defense|p1a: Zamazenta\n|-boost|p1a: Zamazenta|def|2\n|move|p2a: Great Tusk|Earthquake|p1a: Zamazenta\n|-damage|p1a: Zamazenta|59\/100\n|\n|-heal|p2a: Great Tusk|65\/100|[from] item: Leftovers\n|upkeep\n|turn|11\n|\n|t:|1700080355\n|move|p1a: Zamazenta|Body Press|p2a: Great Tusk\n|-damage|p2a: Great Tusk|0 fnt\n|faint|p2a: Great Tusk\n|-end|p2a: Great Tusk|Protosynthesis|[silent]\n|\n|upkeep\n|\n|t:|1700080358\n|switch|p2a: Samurott|Samurott-Hisui, M|100\/100\n|turn|12\n|\n|t:|1700080366\n|move|p1a: Zamazenta|Crunch|p2a: Samurott\n|-resisted|p2a: Samurott\n|-damage|p2a: Samurott|83\/100\n|move|p2a: Samurott|Razor Shell|p1a: Zamazenta\n|-damage|p1a: Zamazenta|45\/100\n|-unboost|p1a: Zamazenta|def|1\n|\n|upkeep\n|turn|13\n|\n|t:|1700080383\n|move|p1a: Zamazenta|Body Press|p2a: Samurott\n|-supereffective|p2a: Samurott\n|-damage|p2a: Samurott|0 fnt\n|faint|p2a: Samurott\n|\n|upkeep\n|\n|t:|1700080386\n|switch|p2a: Rillaboom|Rillaboom, M|100\/100\n|-fieldstart|move: Grassy Terrain|[from] ability: Grassy Surge|[of] p2a: Rillaboom\n|turn|14\n|\n|t:|1700080395\n|-terastallize|p1a: Zamazenta|Fire\n|move|p2a: Rillaboom|Grassy Glide|p1a: Zamazenta\n|-resisted|p1a: Zamazenta\n|-damage|p1a: Zamazenta|36\/100\n|move|p1a: Zamazenta|Body Press|p2a: Rillaboom\n|-damage|p2a: Rillaboom|2\/100\n|\n|-heal|p1a: Zamazenta|42\/100|[from] Grassy Terrain\n|-heal|p2a: Rillaboom|8\/100|[from] Grassy Terrain\n|upkeep\n|turn|15\n|\n|t:|1700080403\n|move|p2a: Rillaboom|Grassy Glide|p1a: Zamazenta\n|-resisted|p1a: Zamazenta\n|-damage|p1a: Zamazenta|32\/100\n|move|p1a: Zamazenta|Body Press|p2a: Rillaboom\n|-damage|p2a: Rillaboom|0 fnt\n|faint|p2a: Rillaboom\n|\n|-heal|p1a: Zamazenta|39\/100|[from] Grassy Terrain\n|upkeep\n|\n|t:|1700080410\n|switch|p2a: Sneasler|Sneasler, F|100\/100\n|-enditem|p2a: Sneasler|Grassy Seed\n|-boost|p2a: Sneasler|def|1|[from] item: Grassy Seed\n|turn|16\n|\n|t:|1700080416\n|-terastallize|p2a: Sneasler|Flying\n|move|p2a: Sneasler|Dire Claw|p1a: Zamazenta\n|-damage|p1a: Zamazenta|24\/100\n|move|p1a: Zamazenta|Body Press|p2a: Sneasler\n|-resisted|p2a: Sneasler\n|-damage|p2a: Sneasler|54\/100\n|\n|-heal|p1a: Zamazenta|30\/100|[from] Grassy Terrain\n|upkeep\n|turn|17\n|\n|t:|1700080423\n|move|p2a: Sneasler|Dire Claw|p1a: Zamazenta\n|-damage|p1a: Zamazenta|14\/100\n|-status|p1a: Zamazenta|psn\n|move|p1a: Zamazenta|Iron Defense|p1a: Zamazenta\n|-boost|p1a: Zamazenta|def|2\n|\n|-heal|p1a: Zamazenta|20\/100 psn|[from] Grassy Terrain\n|-damage|p1a: Zamazenta|8\/100 psn|[from] psn\n|upkeep\n|turn|18\n|\n|t:|1700080434\n|move|p2a: Sneasler|Dire Claw|p1a: Zamazenta\n|-damage|p1a: Zamazenta|0 fnt\n|faint|p1a: Zamazenta\n|\n|-fieldend|move: Grassy Terrain\n|upkeep\n|\n|t:|1700080439\n|switch|p1a: Iron Moth|Iron Moth|100\/100\n|-damage|p1a: Iron Moth|76\/100|[from] Stealth Rock\n|-enditem|p1a: Iron Moth|Booster Energy\n|-activate|p1a: Iron Moth|ability: Quark Drive|[fromitem]\n|-start|p1a: Iron Moth|quarkdrivespe\n|turn|19\n|\n|t:|1700080448\n|move|p2a: Sneasler|Dire Claw|p1a: Iron Moth\n|-resisted|p1a: Iron Moth\n|-damage|p1a: Iron Moth|41\/100\n|-status|p1a: Iron Moth|slp\n|cant|p1a: Iron Moth|slp\n|\n|upkeep\n|turn|20\n|\n|t:|1700080454\n|move|p2a: Sneasler|Dire Claw|p1a: Iron Moth\n|-resisted|p1a: Iron Moth\n|-damage|p1a: Iron Moth|6\/100 slp\n|cant|p1a: Iron Moth|slp\n|\n|upkeep\n|turn|21\n|\n|t:|1700080458\n|move|p2a: Sneasler|Dire Claw|p1a: Iron Moth\n|-resisted|p1a: Iron Moth\n|-damage|p1a: Iron Moth|0 fnt\n|faint|p1a: Iron Moth\n|-end|p1a: Iron Moth|Quark Drive|[silent]\n|\n|upkeep\n|\n|t:|1700080465\n|switch|p1a: Kingambit|Kingambit, F|100\/100\n|-damage|p1a: Kingambit|94\/100|[from] Stealth Rock\n|-activate|p1a: Kingambit|ability: Supreme Overlord\n|-start|p1a: Kingambit|fallen2|[silent]\n|turn|22\n|\n|t:|1700080471\n|move|p1a: Kingambit|Sucker Punch||[still]\n|-fail|p1a: Kingambit\n|move|p2a: Sneasler|Swords Dance|p2a: Sneasler\n|-boost|p2a: Sneasler|atk|2\n|\n|upkeep\n|turn|23\n|\n|t:|1700080477\n|move|p2a: Sneasler|Close Combat|p1a: Kingambit\n|-supereffective|p1a: Kingambit\n|-damage|p1a: Kingambit|0 fnt\n|-unboost|p2a: Sneasler|def|1\n|-unboost|p2a: Sneasler|spd|1\n|faint|p1a: Kingambit\n|-end|p1a: Kingambit|fallen2|[silent]\n|\n|upkeep\n|\n|t:|1700080484\n|switch|p1a: Iron Valiant|Iron Valiant|100\/100\n|-damage|p1a: Iron Valiant|94\/100|[from] Stealth Rock\n|-enditem|p1a: Iron Valiant|Booster Energy\n|-activate|p1a: Iron Valiant|ability: Quark Drive|[fromitem]\n|-start|p1a: Iron Valiant|quarkdrivespe\n|turn|24\n|\n|t:|1700080489\n|move|p2a: Sneasler|Dire Claw|p1a: Iron Valiant\n|-supereffective|p1a: Iron Valiant\n|-damage|p1a: Iron Valiant|0 fnt\n|faint|p1a: Iron Valiant\n|-end|p1a: Iron Valiant|Quark Drive|[silent]\n|\n|upkeep\n|-message|thereisoneimpostor forfeited.\n|\n|win|Abc Megalovania\n|l|\u2606thereisoneimpostor\n|l|\u2606Abc Megalovania\n|j|\u2606Abc Megalovania\n|player|p2|Abc Megalovania|larry\n","uploadtime":1700080500,"views":13,"p1id":"thereisoneimpostor","p2id":"abcmegalovania","formatid":"gen9ou","rating":0,"private":0,"password":""}