{"id":"gen9ou-1996723548","p1":"MonadoMaelstrom","p2":"Yeah32","format":"[Gen 9] OU","log":"|j|\u2606MonadoMaelstrom\n|j|\u2606Yeah32\n|t:|1700714714\n|gametype|singles\n|player|p1|MonadoMaelstrom|sonia-professor|1236\n|player|p2|Yeah32|170|1139\n|teamsize|p1|6\n|teamsize|p2|6\n|gen|9\n|tier|[Gen 9] OU\n|rated|\n|rule|Sleep Clause Mod: Limit one foe put to sleep\n|rule|Species Clause: Limit one of each Pok\u00e9mon\n|rule|OHKO Clause: OHKO moves are banned\n|rule|Evasion Items Clause: Evasion items are banned\n|rule|Evasion Moves Clause: Evasion moves are banned\n|rule|Endless Battle Clause: Forcing endless battles is banned\n|rule|HP Percentage Mod: HP is shown in percentages\n|clearpoke\n|poke|p1|Kingambit, F|\n|poke|p1|Great Tusk|\n|poke|p1|Corviknight, F|\n|poke|p1|Iron Valiant|\n|poke|p1|Zapdos|\n|poke|p1|Gholdengo|\n|poke|p2|Munkidori, M|\n|poke|p2|Gholdengo|\n|poke|p2|Gastrodon, M|\n|poke|p2|Corviknight, F|\n|poke|p2|Kommo-o, F|\n|poke|p2|Grimmsnarl, M|\n|teampreview\n|inactive|Battle timer is ON: inactive players will automatically lose when time's up. (requested by MonadoMaelstrom)\n|\n|t:|1700714725\n|start\n|switch|p1a: Zapdos|Zapdos|100\/100\n|switch|p2a: Munkidori|Munkidori, M|100\/100\n|turn|1\n|\n|t:|1700714742\n|move|p2a: Munkidori|Parting Shot|p1a: Zapdos\n|-unboost|p1a: Zapdos|atk|1\n|-unboost|p1a: Zapdos|spa|1\n|\n|t:|1700714745\n|switch|p2a: Gastrodon|Gastrodon, M|100\/100|[from] Parting Shot\n|move|p1a: Zapdos|Hurricane|p2a: Gastrodon|[miss]\n|-miss|p1a: Zapdos|p2a: Gastrodon\n|\n|upkeep\n|turn|2\n|\n|t:|1700714751\n|move|p1a: Zapdos|U-turn|p2a: Gastrodon\n|-damage|p2a: Gastrodon|90\/100\n|\n|t:|1700714758\n|switch|p1a: Corviknight|Corviknight, F|100\/100|[from] U-turn\n|-ability|p1a: Corviknight|Pressure\n|move|p2a: Gastrodon|Stealth Rock|p1a: Corviknight\n|-sidestart|p1: MonadoMaelstrom|move: Stealth Rock\n|\n|-heal|p2a: Gastrodon|96\/100|[from] item: Leftovers\n|upkeep\n|turn|3\n|\n|t:|1700714764\n|switch|p2a: Gholdengo|Gholdengo|100\/100\n|move|p1a: Corviknight|Defog|p2a: Gholdengo\n|-immune|p2a: Gholdengo|[from] ability: Good as Gold\n|\n|upkeep\n|turn|4\n|\n|t:|1700714769\n|move|p2a: Gholdengo|Shadow Ball|p1a: Corviknight\n|-damage|p1a: Corviknight|61\/100\n|move|p1a: Corviknight|Brave Bird|p2a: Gholdengo\n|-resisted|p2a: Gholdengo\n|-damage|p2a: Gholdengo|80\/100\n|-damage|p1a: Corviknight|56\/100|[from] Recoil\n|\n|upkeep\n|turn|5\n|\n|t:|1700714775\n|move|p2a: Gholdengo|Shadow Ball|p1a: Corviknight\n|-damage|p1a: Corviknight|14\/100\n|move|p1a: Corviknight|Roost|p1a: Corviknight\n|-heal|p1a: Corviknight|64\/100\n|-singleturn|p1a: Corviknight|move: Roost\n|\n|upkeep\n|turn|6\n|\n|t:|1700714782\n|switch|p1a: Kingambit|Kingambit, F|100\/100\n|-damage|p1a: Kingambit|94\/100|[from] Stealth Rock\n|move|p2a: Gholdengo|Shadow Ball|p1a: Kingambit\n|-resisted|p1a: Kingambit\n|-damage|p1a: Kingambit|73\/100\n|\n|-heal|p1a: Kingambit|79\/100|[from] item: Leftovers\n|upkeep\n|turn|7\n|\n|t:|1700714794\n|switch|p2a: Corviknight|Corviknight, F, shiny|100\/100\n|-ability|p2a: Corviknight|Pressure\n|move|p1a: Kingambit|Kowtow Cleave|p2a: Corviknight\n|-damage|p2a: Corviknight|72\/100\n|-damage|p1a: Kingambit|63\/100|[from] item: Rocky Helmet|[of] p2a: Corviknight\n|\n|-heal|p1a: Kingambit|69\/100|[from] item: Leftovers\n|upkeep\n|turn|8\n|\n|t:|1700714801\n|-end|p1a: Kingambit|fallenundefined|[silent]\n|switch|p1a: Great Tusk|Great Tusk|100\/100\n|-damage|p1a: Great Tusk|98\/100|[from] Stealth Rock\n|-enditem|p1a: Great Tusk|Booster Energy\n|-activate|p1a: Great Tusk|ability: Protosynthesis|[fromitem]\n|-start|p1a: Great Tusk|protosynthesisatk\n|move|p2a: Corviknight|U-turn|p1a: Great Tusk\n|-resisted|p1a: Great Tusk\n|-damage|p1a: Great Tusk|92\/100\n|\n|t:|1700714815\n|switch|p2a: Gholdengo|Gholdengo|80\/100|[from] U-turn\n|\n|upkeep\n|turn|9\n|\n|t:|1700714830\n|-terastallize|p2a: Gholdengo|Fairy\n|move|p2a: Gholdengo|Dazzling Gleam|p1a: Great Tusk\n|-supereffective|p1a: Great Tusk\n|-damage|p1a: Great Tusk|0 fnt\n|faint|p1a: Great Tusk\n|-end|p1a: Great Tusk|Protosynthesis|[silent]\n|\n|upkeep\n|\n|t:|1700714835\n|switch|p1a: Gholdengo|Gholdengo|100\/100\n|-damage|p1a: Gholdengo|94\/100|[from] Stealth Rock\n|turn|10\n|\n|t:|1700714841\n|switch|p2a: Gastrodon|Gastrodon, M|96\/100\n|move|p1a: Gholdengo|Trick|p2a: Gastrodon\n|-activate|p1a: Gholdengo|move: Trick|[of] p2a: Gastrodon\n|-item|p2a: Gastrodon|Choice Scarf|[from] move: Trick\n|-item|p1a: Gholdengo|Leftovers|[from] move: Trick\n|\n|-heal|p1a: Gholdengo|100\/100|[from] item: Leftovers\n|upkeep\n|turn|11\n|\n|t:|1700714849\n|switch|p1a: Corviknight|Corviknight, F|64\/100\n|-damage|p1a: Corviknight|51\/100|[from] Stealth Rock\n|-ability|p1a: Corviknight|Pressure\n|move|p2a: Gastrodon|Ice Beam|p1a: Corviknight\n|-damage|p1a: Corviknight|32\/100\n|\n|upkeep\n|turn|12\n|\n|t:|1700714865\n|switch|p2a: Gholdengo|Gholdengo, tera:Fairy|80\/100\n|move|p1a: Corviknight|Roost|p1a: Corviknight\n|-heal|p1a: Corviknight|82\/100\n|-singleturn|p1a: Corviknight|move: Roost\n|\n|upkeep\n|turn|13\n|\n|t:|1700714874\n|move|p2a: Gholdengo|Trick|p1a: Corviknight\n|-activate|p2a: Gholdengo|move: Trick|[of] p1a: Corviknight\n|-item|p1a: Corviknight|Choice Scarf|[from] move: Trick\n|-item|p2a: Gholdengo|Rocky Helmet|[from] move: Trick\n|move|p1a: Corviknight|Brave Bird|p2a: Gholdengo\n|-damage|p2a: Gholdengo|41\/100\n|-damage|p1a: Corviknight|65\/100|[from] item: Rocky Helmet|[of] p2a: Gholdengo\n|-damage|p1a: Corviknight|55\/100|[from] Recoil\n|\n|upkeep\n|turn|14\n|\n|t:|1700714883\n|switch|p2a: Corviknight|Corviknight, F, shiny|72\/100\n|-ability|p2a: Corviknight|Pressure\n|move|p1a: Corviknight|Brave Bird|p2a: Corviknight\n|-resisted|p2a: Corviknight\n|-damage|p2a: Corviknight|61\/100\n|-damage|p1a: Corviknight|38\/100|[from] item: Rocky Helmet|[of] p2a: Corviknight\n|-damage|p1a: Corviknight|35\/100|[from] Recoil\n|\n|upkeep\n|turn|15\n|\n|t:|1700714889\n|move|p1a: Corviknight|Brave Bird|p2a: Corviknight\n|-resisted|p2a: Corviknight\n|-damage|p2a: Corviknight|51\/100\n|-damage|p1a: Corviknight|18\/100|[from] item: Rocky Helmet|[of] p2a: Corviknight\n|-damage|p1a: Corviknight|15\/100|[from] Recoil\n|move|p2a: Corviknight|Roost|p2a: Corviknight\n|-heal|p2a: Corviknight|100\/100\n|-singleturn|p2a: Corviknight|move: Roost\n|\n|upkeep\n|turn|16\n|\n|t:|1700714895\n|switch|p1a: Gholdengo|Gholdengo|100\/100\n|-damage|p1a: Gholdengo|94\/100|[from] Stealth Rock\n|move|p2a: Corviknight|U-turn|p1a: Gholdengo\n|-resisted|p1a: Gholdengo\n|-damage|p1a: Gholdengo|90\/100\n|\n|t:|1700714909\n|switch|p2a: Gastrodon|Gastrodon, M|96\/100|[from] U-turn\n|\n|-heal|p1a: Gholdengo|96\/100|[from] item: Leftovers\n|upkeep\n|turn|17\n|\n|t:|1700714921\n|switch|p1a: Zapdos|Zapdos|100\/100\n|move|p2a: Gastrodon|Earth Power|p1a: Zapdos\n|-immune|p1a: Zapdos\n|\n|upkeep\n|turn|18\n|\n|t:|1700714930\n|switch|p2a: Grimmsnarl|Grimmsnarl, M|100\/100\n|move|p1a: Zapdos|Hurricane|p2a: Grimmsnarl\n|-damage|p2a: Grimmsnarl|27\/100\n|\n|upkeep\n|turn|19\n|\n|t:|1700714935\n|move|p2a: Grimmsnarl|Trick|p1a: Zapdos\n|-activate|p2a: Grimmsnarl|move: Trick|[of] p1a: Zapdos\n|-item|p1a: Zapdos|Choice Band|[from] move: Trick\n|-item|p2a: Grimmsnarl|Heavy-Duty Boots|[from] move: Trick\n|move|p1a: Zapdos|Hurricane|p2a: Grimmsnarl\n|-damage|p2a: Grimmsnarl|0 fnt\n|faint|p2a: Grimmsnarl\n|\n|upkeep\n|\n|t:|1700714944\n|switch|p2a: Gholdengo|Gholdengo, tera:Fairy|41\/100\n|turn|20\n|\n|t:|1700714954\n|move|p2a: Gholdengo|Shadow Ball|p1a: Zapdos\n|-damage|p1a: Zapdos|58\/100\n|move|p1a: Zapdos|Hurricane|p2a: Gholdengo\n|-damage|p2a: Gholdengo|0 fnt\n|faint|p2a: Gholdengo\n|\n|upkeep\n|\n|t:|1700714963\n|switch|p2a: Kommo-o|Kommo-o, F|100\/100\n|turn|21\n|\n|t:|1700714968\n|move|p2a: Kommo-o|Clangorous Soul|p2a: Kommo-o\n|-boost|p2a: Kommo-o|atk|1\n|-boost|p2a: Kommo-o|def|1\n|-boost|p2a: Kommo-o|spa|1\n|-boost|p2a: Kommo-o|spd|1\n|-boost|p2a: Kommo-o|spe|1\n|-damage|p2a: Kommo-o|68\/100\n|-enditem|p2a: Kommo-o|Throat Spray\n|-boost|p2a: Kommo-o|spa|1|[from] item: Throat Spray\n|move|p1a: Zapdos|Hurricane|p2a: Kommo-o\n|-supereffective|p2a: Kommo-o\n|-damage|p2a: Kommo-o|0 fnt\n|faint|p2a: Kommo-o\n|\n|upkeep\n|-message|Yeah32 forfeited.\n|\n|win|MonadoMaelstrom\n|raw|MonadoMaelstrom's rating: 1236 &rarr; <strong>1254<\/strong><br \/>(+18 for winning)\n|raw|Yeah32's rating: 1139 &rarr; <strong>1121<\/strong><br \/>(-18 for losing)\n|l|\u2606Yeah32\n","uploadtime":1700714983,"views":17,"p1id":"monadomaelstrom","p2id":"yeah32","formatid":"gen9ou","rating":1121,"private":0,"password":""}