{"id":"gen9ou-1998299734","p1":"natcentre","p2":"empoleon9000","format":"[Gen 9] OU","log":"|j|\u2606natcentre\n|j|\u2606empoleon9000\n|t:|1700926555\n|gametype|singles\n|player|p1|natcentre|101|\n|player|p2|empoleon9000|169|\n|teamsize|p1|6\n|teamsize|p2|6\n|gen|9\n|tier|[Gen 9] OU\n|rule|Sleep Clause Mod: Limit one foe put to sleep\n|rule|Species Clause: Limit one of each Pok\u00e9mon\n|rule|OHKO Clause: OHKO moves are banned\n|rule|Evasion Items Clause: Evasion items are banned\n|rule|Evasion Moves Clause: Evasion moves are banned\n|rule|Endless Battle Clause: Forcing endless battles is banned\n|rule|HP Percentage Mod: HP is shown in percentages\n|clearpoke\n|poke|p1|Tatsugiri, F|\n|poke|p1|Dondozo, F|\n|poke|p1|Phanpy, F|\n|poke|p1|Amoonguss, F|\n|poke|p1|Glimmora, F|\n|poke|p1|Arcanine-Hisui, M|\n|poke|p2|Alomomola, F|\n|poke|p2|Slowking-Galar, F|\n|poke|p2|Frosmoth, F|\n|poke|p2|Kingambit, F|\n|poke|p2|Landorus-Therian, M|\n|poke|p2|Cinderace, M|\n|teampreview\n|c|\u2606empoleon9000|glhf\n|c|\u2606natcentre|u2\n|\n|t:|1700926611\n|start\n|switch|p1a: All That Glitters|Glimmora, F|100\/100\n|switch|p2a: Cinderace|Cinderace, M|100\/100\n|turn|1\n|\n|t:|1700926636\n|move|p2a: Cinderace|U-turn|p1a: All That Glitters\n|-resisted|p1a: All That Glitters\n|-damage|p1a: All That Glitters|89\/100\n|-activate|p1a: All That Glitters|ability: Toxic Debris\n|-sidestart|p2: empoleon9000|move: Toxic Spikes\n|\n|t:|1700926645\n|switch|p2a: Slowking|Slowking-Galar, F|100\/100|[from] U-turn\n|-sideend|p2: empoleon9000|move: Toxic Spikes|[of] p2a: Slowking\n|move|p1a: All That Glitters|Stealth Rock|p2a: Slowking\n|-sidestart|p2: empoleon9000|move: Stealth Rock\n|\n|upkeep\n|turn|2\n|\n|t:|1700926661\n|move|p1a: All That Glitters|Earth Power|p2a: Slowking\n|-supereffective|p2a: Slowking\n|-damage|p2a: Slowking|50\/100\n|move|p2a: Slowking|Future Sight|p1a: All That Glitters\n|-start|p2a: Slowking|move: Future Sight\n|\n|upkeep\n|turn|3\n|\n|t:|1700926695\n|switch|p2a: Landorus|Landorus-Therian, M|100\/100\n|-damage|p2a: Landorus|88\/100|[from] Stealth Rock\n|-ability|p2a: Landorus|Intimidate|boost\n|-unboost|p1a: All That Glitters|atk|1\n|move|p1a: All That Glitters|Earth Power|p2a: Landorus\n|-immune|p2a: Landorus\n|\n|-heal|p2a: Landorus|94\/100|[from] item: Leftovers\n|upkeep\n|turn|4\n|\n|t:|1700926700\n|switch|p2a: Cinderace|Cinderace, M|100\/100\n|switch|p1a: The Greatest|Phanpy, F|100\/100\n|\n|-end|p1a: The Greatest|move: Future Sight\n|-damage|p1a: The Greatest|0 fnt\n|faint|p1a: The Greatest\n|upkeep\n|\n|t:|1700926718\n|switch|p1a: Max Capacity|Arcanine-Hisui, M|100\/100\n|turn|5\n|\n|t:|1700926774\n|switch|p2a: Landorus|Landorus-Therian, M|94\/100\n|-damage|p2a: Landorus|82\/100|[from] Stealth Rock\n|-ability|p2a: Landorus|Intimidate|boost\n|-unboost|p1a: Max Capacity|atk|1\n|move|p1a: Max Capacity|Head Smash|p2a: Landorus\n|-damage|p2a: Landorus|24\/100\n|\n|-heal|p2a: Landorus|30\/100|[from] item: Leftovers\n|upkeep\n|turn|6\n|\n|t:|1700926782\n|move|p1a: Max Capacity|Head Smash|p2a: Landorus|[miss]\n|-miss|p1a: Max Capacity|p2a: Landorus\n|move|p2a: Landorus|Earthquake|p1a: Max Capacity\n|-supereffective|p1a: Max Capacity\n|-damage|p1a: Max Capacity|0 fnt\n|faint|p1a: Max Capacity\n|\n|-heal|p2a: Landorus|36\/100|[from] item: Leftovers\n|upkeep\n|\n|t:|1700926794\n|switch|p1a: Boris Johnson|Dondozo, F|100\/100\n|turn|7\n|\n|t:|1700926817\n|switch|p2a: Cinderace|Cinderace, M|100\/100\n|move|p1a: Boris Johnson|Curse|p1a: Boris Johnson\n|-unboost|p1a: Boris Johnson|spe|1\n|-boost|p1a: Boris Johnson|atk|1\n|-boost|p1a: Boris Johnson|def|1\n|\n|upkeep\n|turn|8\n|\n|t:|1700926822\n|move|p2a: Cinderace|Will-O-Wisp|p1a: Boris Johnson\n|-status|p1a: Boris Johnson|brn\n|move|p1a: Boris Johnson|Liquidation|p2a: Cinderace\n|-supereffective|p2a: Cinderace\n|-damage|p2a: Cinderace|47\/100\n|\n|-damage|p1a: Boris Johnson|94\/100 brn|[from] brn\n|upkeep\n|turn|9\n|\n|t:|1700926845\n|move|p2a: Cinderace|U-turn|p1a: Boris Johnson\n|-damage|p1a: Boris Johnson|87\/100 brn\n|\n|t:|1700926862\n|switch|p2a: Landorus|Landorus-Therian, M|36\/100|[from] U-turn\n|-damage|p2a: Landorus|23\/100|[from] Stealth Rock\n|-ability|p2a: Landorus|Intimidate|boost\n|-unboost|p1a: Boris Johnson|atk|1\n|move|p1a: Boris Johnson|Curse|p1a: Boris Johnson\n|-unboost|p1a: Boris Johnson|spe|1\n|-boost|p1a: Boris Johnson|atk|1\n|-boost|p1a: Boris Johnson|def|1\n|\n|-heal|p2a: Landorus|29\/100|[from] item: Leftovers\n|-heal|p1a: Boris Johnson|93\/100 brn|[from] item: Leftovers\n|-damage|p1a: Boris Johnson|87\/100 brn|[from] brn\n|upkeep\n|turn|10\n|\n|t:|1700926881\n|switch|p2a: Slowking|Slowking-Galar, F|83\/100\n|move|p1a: Boris Johnson|Curse|p1a: Boris Johnson\n|-unboost|p1a: Boris Johnson|spe|1\n|-boost|p1a: Boris Johnson|atk|1\n|-boost|p1a: Boris Johnson|def|1\n|\n|-heal|p1a: Boris Johnson|93\/100 brn|[from] item: Leftovers\n|-damage|p1a: Boris Johnson|87\/100 brn|[from] brn\n|upkeep\n|turn|11\n|\n|t:|1700926890\n|move|p2a: Slowking|Future Sight|p1a: Boris Johnson\n|-start|p2a: Slowking|move: Future Sight\n|move|p1a: Boris Johnson|Rest|p1a: Boris Johnson\n|-status|p1a: Boris Johnson|slp|[from] move: Rest\n|-heal|p1a: Boris Johnson|100\/100 slp|[silent]\n|\n|upkeep\n|turn|12\n|\n|t:|1700926903\n|move|p2a: Slowking|Chilly Reception|p2a: Slowking\n|-weather|Snow\n|\n|t:|1700926925\n|switch|p2a: Cinderace|Cinderace, M|47\/100|[from] Chilly Reception\n|cant|p1a: Boris Johnson|slp\n|move|p1a: Boris Johnson|Sleep Talk|p1a: Boris Johnson\n|move|p1a: Boris Johnson|Liquidation|p2a: Cinderace|[from]move: Sleep Talk\n|-supereffective|p2a: Cinderace\n|-damage|p2a: Cinderace|0 fnt\n|faint|p2a: Cinderace\n|\n|-weather|Snow|[upkeep]\n|upkeep\n|j| Hallowed_Hazel\n|\n|t:|1700926945\n|switch|p2a: Frosmoth|Frosmoth, F|100\/100\n|-damage|p2a: Frosmoth|51\/100|[from] Stealth Rock\n|turn|13\n|\n|t:|1700926951\n|move|p2a: Frosmoth|Aurora Veil|p2a: Frosmoth\n|-sidestart|p2: empoleon9000|move: Aurora Veil\n|cant|p1a: Boris Johnson|slp\n|move|p1a: Boris Johnson|Sleep Talk|p1a: Boris Johnson\n|move|p1a: Boris Johnson|Curse|p1a: Boris Johnson|[from]move: Sleep Talk\n|-unboost|p1a: Boris Johnson|spe|1\n|-boost|p1a: Boris Johnson|atk|1\n|-boost|p1a: Boris Johnson|def|1\n|\n|-weather|Snow|[upkeep]\n|-end|p1a: Boris Johnson|move: Future Sight\n|-damage|p1a: Boris Johnson|70\/100 slp\n|-heal|p1a: Boris Johnson|76\/100 slp|[from] item: Leftovers\n|upkeep\n|turn|14\n|\n|t:|1700926974\n|switch|p2a: Slowking|Slowking-Galar, F|100\/100\n|-curestatus|p1a: Boris Johnson|slp|[msg]\n|move|p1a: Boris Johnson|Liquidation|p2a: Slowking\n|-damage|p2a: Slowking|74\/100\n|-unboost|p2a: Slowking|def|1\n|\n|-weather|Snow|[upkeep]\n|-heal|p1a: Boris Johnson|82\/100|[from] item: Leftovers\n|upkeep\n|turn|15\n|\n|t:|1700926985\n|move|p2a: Slowking|Thunder Wave|p1a: Boris Johnson\n|-status|p1a: Boris Johnson|par\n|move|p1a: Boris Johnson|Liquidation|p2a: Slowking\n|-damage|p2a: Slowking|49\/100\n|\n|-weather|Snow|[upkeep]\n|-heal|p1a: Boris Johnson|88\/100 par|[from] item: Leftovers\n|upkeep\n|turn|16\n|\n|t:|1700926991\n|move|p2a: Slowking|Future Sight|p1a: Boris Johnson\n|-start|p2a: Slowking|move: Future Sight\n|cant|p1a: Boris Johnson|par\n|\n|-weather|none\n|-heal|p1a: Boris Johnson|94\/100 par|[from] item: Leftovers\n|upkeep\n|turn|17\n|\n|t:|1700926996\n|move|p2a: Slowking|Sludge Bomb|p1a: Boris Johnson\n|-damage|p1a: Boris Johnson|72\/100 par\n|move|p1a: Boris Johnson|Liquidation|p2a: Slowking\n|-damage|p2a: Slowking|25\/100\n|\n|-heal|p1a: Boris Johnson|78\/100 par|[from] item: Leftovers\n|upkeep\n|turn|18\n|\n|t:|1700927027\n|move|p2a: Slowking|Sludge Bomb|p1a: Boris Johnson\n|-damage|p1a: Boris Johnson|57\/100 par\n|move|p1a: Boris Johnson|Liquidation|p2a: Slowking\n|-crit|p2a: Slowking\n|-damage|p2a: Slowking|0 fnt\n|faint|p2a: Slowking\n|\n|-end|p1a: Boris Johnson|move: Future Sight\n|-damage|p1a: Boris Johnson|26\/100 par\n|-heal|p1a: Boris Johnson|33\/100 par|[from] item: Leftovers\n|upkeep\n|\n|t:|1700927048\n|switch|p2a: Frosmoth|Frosmoth, F|51\/100\n|-damage|p2a: Frosmoth|1\/100|[from] Stealth Rock\n|turn|19\n|\n|t:|1700927067\n|-terastallize|p2a: Frosmoth|Ground\n|move|p2a: Frosmoth|Tera Blast|p1a: Boris Johnson|[anim] Tera Blast Ground\n|-damage|p1a: Boris Johnson|8\/100 par\n|move|p1a: Boris Johnson|Rest|p1a: Boris Johnson\n|-status|p1a: Boris Johnson|slp|[from] move: Rest\n|-heal|p1a: Boris Johnson|100\/100 slp|[silent]\n|\n|upkeep\n|turn|20\n|\n|t:|1700927078\n|move|p2a: Frosmoth|Tera Blast|p1a: Boris Johnson|[anim] Tera Blast Ground\n|-damage|p1a: Boris Johnson|73\/100 slp\n|cant|p1a: Boris Johnson|slp\n|move|p1a: Boris Johnson|Sleep Talk|p1a: Boris Johnson\n|move|p1a: Boris Johnson|Liquidation|p2a: Frosmoth|[from]move: Sleep Talk\n|-supereffective|p2a: Frosmoth\n|-damage|p2a: Frosmoth|0 fnt\n|faint|p2a: Frosmoth\n|\n|-heal|p1a: Boris Johnson|79\/100 slp|[from] item: Leftovers\n|-sideend|p2: empoleon9000|move: Aurora Veil\n|upkeep\n|\n|t:|1700927093\n|switch|p2a: Kingambit|Kingambit, F|100\/100\n|-damage|p2a: Kingambit|94\/100|[from] Stealth Rock\n|-activate|p2a: Kingambit|ability: Supreme Overlord\n|-start|p2a: Kingambit|fallen3|[silent]\n|turn|21\n|\n|t:|1700927112\n|move|p2a: Kingambit|Kowtow Cleave|p1a: Boris Johnson\n|-damage|p1a: Boris Johnson|62\/100 slp\n|cant|p1a: Boris Johnson|slp\n|move|p1a: Boris Johnson|Sleep Talk|p1a: Boris Johnson\n|move|p1a: Boris Johnson|Curse|p1a: Boris Johnson|[from]move: Sleep Talk\n|-unboost|p1a: Boris Johnson|spe|1\n|-boost|p1a: Boris Johnson|atk|1\n|-boost|p1a: Boris Johnson|def|1\n|\n|-heal|p1a: Boris Johnson|69\/100 slp|[from] item: Leftovers\n|upkeep\n|turn|22\n|\n|t:|1700927123\n|move|p2a: Kingambit|Kowtow Cleave|p1a: Boris Johnson\n|-damage|p1a: Boris Johnson|54\/100 slp\n|-curestatus|p1a: Boris Johnson|slp|[msg]\n|move|p1a: Boris Johnson|Liquidation|p2a: Kingambit\n|-damage|p2a: Kingambit|15\/100\n|\n|-heal|p1a: Boris Johnson|60\/100|[from] item: Leftovers\n|upkeep\n|turn|23\n|\n|t:|1700927132\n|move|p2a: Kingambit|Kowtow Cleave|p1a: Boris Johnson\n|-damage|p1a: Boris Johnson|47\/100\n|move|p1a: Boris Johnson|Liquidation|p2a: Kingambit\n|-damage|p2a: Kingambit|0 fnt\n|faint|p2a: Kingambit\n|-end|p2a: Kingambit|fallen3|[silent]\n|\n|-heal|p1a: Boris Johnson|53\/100|[from] item: Leftovers\n|upkeep\n|\n|t:|1700927136\n|switch|p2a: Landorus|Landorus-Therian, M|29\/100\n|-damage|p2a: Landorus|17\/100|[from] Stealth Rock\n|-ability|p2a: Landorus|Intimidate|boost\n|-unboost|p1a: Boris Johnson|atk|1\n|turn|24\n|\n|t:|1700927141\n|move|p2a: Landorus|Earthquake|p1a: Boris Johnson\n|-damage|p1a: Boris Johnson|43\/100\n|move|p1a: Boris Johnson|Liquidation|p2a: Landorus\n|-supereffective|p2a: Landorus\n|-damage|p2a: Landorus|0 fnt\n|faint|p2a: Landorus\n|\n|-heal|p1a: Boris Johnson|49\/100|[from] item: Leftovers\n|upkeep\n|\n|t:|1700927143\n|switch|p2a: Alomomola|Alomomola, F|100\/100\n|-damage|p2a: Alomomola|88\/100|[from] Stealth Rock\n|turn|25\n|\n|t:|1700927150\n|switch|p1a: Among Us|Amoonguss, F|100\/100\n|move|p2a: Alomomola|Scald|p1a: Among Us\n|-resisted|p1a: Among Us\n|-damage|p1a: Among Us|94\/100\n|-status|p1a: Among Us|brn\n|\n|-damage|p1a: Among Us|88\/100 brn|[from] brn\n|upkeep\n|turn|26\n|\n|t:|1700927166\n|-terastallize|p1a: Among Us|Grass\n|move|p2a: Alomomola|Scald|p1a: Among Us\n|-resisted|p1a: Among Us\n|-damage|p1a: Among Us|82\/100 brn\n|move|p1a: Among Us|Leaf Storm|p2a: Alomomola\n|-supereffective|p2a: Alomomola\n|-damage|p2a: Alomomola|0 fnt\n|-unboost|p1a: Among Us|spa|2\n|faint|p2a: Alomomola\n|\n|win|natcentre\n|c|\u2606natcentre|gg\n|c|\u2606empoleon9000|gg\n","uploadtime":1700927186,"views":3,"p1id":"natcentre","p2id":"empoleon9000","formatid":"gen9ou","rating":0,"private":0,"password":""}