{"id":"gen9ou-1989343468","p1":"jaredswan","p2":"Onte bad","format":"[Gen 9] OU","log":"|j|\u2606jaredswan\n|j|\u2606Onte bad\n|t:|1699838660\n|gametype|singles\n|player|p1|jaredswan|101|1062\n|player|p2|Onte bad|1|1139\n|teamsize|p1|6\n|teamsize|p2|6\n|gen|9\n|tier|[Gen 9] OU\n|rated|\n|rule|Sleep Clause Mod: Limit one foe put to sleep\n|rule|Species Clause: Limit one of each Pok\u00e9mon\n|rule|OHKO Clause: OHKO moves are banned\n|rule|Evasion Items Clause: Evasion items are banned\n|rule|Evasion Moves Clause: Evasion moves are banned\n|rule|Endless Battle Clause: Forcing endless battles is banned\n|rule|HP Percentage Mod: HP is shown in percentages\n|clearpoke\n|poke|p1|Sneasler, F|\n|poke|p1|Rillaboom, F|\n|poke|p1|Samurott-Hisui, M|\n|poke|p1|Ursaluna, M|\n|poke|p1|Zapdos|\n|poke|p1|Ceruledge, M|\n|poke|p2|Gholdengo|\n|poke|p2|Glimmora, M|\n|poke|p2|Ribombee, F|\n|poke|p2|Cinderace, M|\n|poke|p2|Dragonite, M|\n|poke|p2|Thundurus-Therian, M|\n|teampreview\n|inactive|Battle timer is ON: inactive players will automatically lose when time's up. (requested by jaredswan)\n|\n|t:|1699838669\n|start\n|switch|p1a: Samurott|Samurott-Hisui, M|100\/100\n|switch|p2a: Cinderace|Cinderace, M|100\/100\n|turn|1\n|\n|t:|1699838684\n|move|p2a: Cinderace|U-turn|p1a: Samurott\n|-start|p2a: Cinderace|typechange|Bug|[from] ability: Libero\n|-supereffective|p1a: Samurott\n|-damage|p1a: Samurott|16\/100\n|\n|t:|1699838686\n|switch|p2a: Ribombee|Ribombee, F|100\/100|[from] U-turn\n|move|p1a: Samurott|Razor Shell|p2a: Ribombee\n|-enditem|p2a: Ribombee|Focus Sash\n|-damage|p2a: Ribombee|1\/100\n|-unboost|p2a: Ribombee|def|1\n|\n|upkeep\n|turn|2\n|\n|t:|1699838700\n|move|p2a: Ribombee|Sticky Web|p1a: Samurott\n|-sidestart|p1: jaredswan|move: Sticky Web\n|move|p1a: Samurott|Taunt|p2a: Ribombee\n|-start|p2a: Ribombee|move: Taunt\n|\n|upkeep\n|turn|3\n|\n|t:|1699838705\n|move|p1a: Samurott|Aqua Jet|p2a: Ribombee\n|-damage|p2a: Ribombee|0 fnt\n|faint|p2a: Ribombee\n|\n|upkeep\n|\n|t:|1699838715\n|switch|p2a: Cinderace|Cinderace, M|100\/100\n|turn|4\n|\n|t:|1699838719\n|move|p1a: Samurott|Aqua Jet|p2a: Cinderace\n|-supereffective|p2a: Cinderace\n|-damage|p2a: Cinderace|52\/100\n|move|p2a: Cinderace|U-turn|p1a: Samurott\n|-start|p2a: Cinderace|typechange|Bug|[from] ability: Libero\n|-supereffective|p1a: Samurott\n|-damage|p1a: Samurott|0 fnt\n|faint|p1a: Samurott\n|\n|t:|1699838721\n|switch|p2a: Glimmora|Glimmora, M|100\/100|[from] U-turn\n|\n|upkeep\n|\n|t:|1699838735\n|switch|p1a: Ursaluna|Ursaluna, M|100\/100\n|-activate|p1a: Ursaluna|move: Sticky Web\n|-unboost|p1a: Ursaluna|spe|1\n|turn|5\n|\n|t:|1699838743\n|move|p2a: Glimmora|Stealth Rock|p1a: Ursaluna\n|-sidestart|p1: jaredswan|move: Stealth Rock\n|move|p1a: Ursaluna|Swords Dance|p1a: Ursaluna\n|-boost|p1a: Ursaluna|atk|2\n|\n|-status|p1a: Ursaluna|brn|[from] item: Flame Orb\n|upkeep\n|turn|6\n|\n|t:|1699838750\n|move|p2a: Glimmora|Spikes|p1a: Ursaluna\n|-sidestart|p1: jaredswan|Spikes\n|move|p1a: Ursaluna|Headlong Rush|p2a: Glimmora\n|-supereffective|p2a: Glimmora\n|-enditem|p2a: Glimmora|Focus Sash\n|-damage|p2a: Glimmora|1\/100\n|-unboost|p1a: Ursaluna|def|1\n|-unboost|p1a: Ursaluna|spd|1\n|-activate|p2a: Glimmora|ability: Toxic Debris\n|-sidestart|p1: jaredswan|move: Toxic Spikes\n|\n|-damage|p1a: Ursaluna|94\/100 brn|[from] brn\n|upkeep\n|turn|7\n|\n|t:|1699838767\n|move|p2a: Glimmora|Spikes|p1a: Ursaluna\n|-sidestart|p1: jaredswan|Spikes\n|move|p1a: Ursaluna|Facade|p2a: Glimmora\n|-resisted|p2a: Glimmora\n|-damage|p2a: Glimmora|0 fnt\n|-activate|p2a: Glimmora|ability: Toxic Debris\n|-sidestart|p1: jaredswan|move: Toxic Spikes\n|faint|p2a: Glimmora\n|\n|-damage|p1a: Ursaluna|88\/100 brn|[from] brn\n|upkeep\n|\n|t:|1699838782\n|switch|p2a: Cinderace|Cinderace, M|52\/100\n|turn|8\n|\n|t:|1699838797\n|move|p2a: Cinderace|High Jump Kick|p1a: Ursaluna\n|-start|p2a: Cinderace|typechange|Fighting|[from] ability: Libero\n|-supereffective|p1a: Ursaluna\n|-damage|p1a: Ursaluna|0 fnt\n|faint|p1a: Ursaluna\n|\n|upkeep\n|\n|t:|1699838803\n|switch|p1a: Rillaboom|Rillaboom, F|100\/100\n|-activate|p1a: Rillaboom|move: Sticky Web\n|-unboost|p1a: Rillaboom|spe|1\n|-damage|p1a: Rillaboom|88\/100|[from] Stealth Rock\n|-damage|p1a: Rillaboom|71\/100|[from] Spikes\n|-status|p1a: Rillaboom|tox\n|-fieldstart|move: Grassy Terrain|[from] ability: Grassy Surge|[of] p1a: Rillaboom\n|turn|9\n|\n|t:|1699838819\n|move|p2a: Cinderace|U-turn|p1a: Rillaboom\n|-supereffective|p1a: Rillaboom\n|-damage|p1a: Rillaboom|32\/100 tox\n|\n|t:|1699838823\n|switch|p2a: Gholdengo|Gholdengo|100\/100|[from] U-turn\n|move|p1a: Rillaboom|U-turn|p2a: Gholdengo\n|-resisted|p2a: Gholdengo\n|-damage|p2a: Gholdengo|94\/100\n|\n|t:|1699838828\n|switch|p1a: Sneasler|Sneasler, F|100\/100|[from] U-turn\n|-activate|p1a: Sneasler|move: Sticky Web\n|-unboost|p1a: Sneasler|spe|1\n|-damage|p1a: Sneasler|95\/100|[from] Stealth Rock\n|-damage|p1a: Sneasler|78\/100|[from] Spikes\n|-sideend|p1: jaredswan|move: Toxic Spikes|[of] p1a: Sneasler\n|-enditem|p1a: Sneasler|Grassy Seed\n|-boost|p1a: Sneasler|def|1|[from] item: Grassy Seed\n|\n|-heal|p1a: Sneasler|84\/100|[from] Grassy Terrain\n|-heal|p2a: Gholdengo|99\/100|[from] Grassy Terrain\n|-heal|p2a: Gholdengo|100\/100|[from] item: Leftovers\n|upkeep\n|turn|10\n|\n|t:|1699838848\n|-terastallize|p1a: Sneasler|Ghost\n|-terastallize|p2a: Gholdengo|Steel\n|move|p1a: Sneasler|Shadow Claw|p2a: Gholdengo\n|-damage|p2a: Gholdengo|66\/100\n|move|p2a: Gholdengo|Shadow Ball|p1a: Sneasler\n|-supereffective|p1a: Sneasler\n|-damage|p1a: Sneasler|0 fnt\n|faint|p1a: Sneasler\n|\n|-heal|p2a: Gholdengo|72\/100|[from] Grassy Terrain\n|-heal|p2a: Gholdengo|78\/100|[from] item: Leftovers\n|upkeep\n|\n|t:|1699838862\n|switch|p1a: Ceruledge|Ceruledge, M|100\/100\n|turn|11\n|\n|t:|1699838876\n|switch|p2a: Cinderace|Cinderace, M|52\/100\n|move|p1a: Ceruledge|Bitter Blade|p2a: Cinderace\n|-resisted|p2a: Cinderace\n|-damage|p2a: Cinderace|25\/100\n|\n|-heal|p2a: Cinderace|31\/100|[from] Grassy Terrain\n|upkeep\n|turn|12\n|\n|t:|1699838887\n|move|p1a: Ceruledge|Shadow Sneak|p2a: Cinderace\n|-damage|p2a: Cinderace|8\/100\n|move|p2a: Cinderace|U-turn|p1a: Ceruledge\n|-start|p2a: Cinderace|typechange|Bug|[from] ability: Libero\n|-resisted|p1a: Ceruledge\n|-damage|p1a: Ceruledge|90\/100\n|\n|t:|1699838891\n|switch|p2a: Dragonite|Dragonite, M|100\/100|[from] U-turn\n|\n|-heal|p1a: Ceruledge|97\/100|[from] Grassy Terrain\n|upkeep\n|turn|13\n|\n|t:|1699838900\n|move|p2a: Dragonite|Roost||[still]\n|-fail|p2a: Dragonite|heal\n|move|p1a: Ceruledge|Bulk Up|p1a: Ceruledge\n|-boost|p1a: Ceruledge|atk|1\n|-boost|p1a: Ceruledge|def|1\n|\n|-heal|p1a: Ceruledge|100\/100|[from] Grassy Terrain\n|upkeep\n|turn|14\n|\n|t:|1699838907\n|move|p2a: Dragonite|Dragon Dance|p2a: Dragonite\n|-boost|p2a: Dragonite|atk|1\n|-boost|p2a: Dragonite|spe|1\n|move|p1a: Ceruledge|Bulk Up|p1a: Ceruledge\n|-boost|p1a: Ceruledge|atk|1\n|-boost|p1a: Ceruledge|def|1\n|\n|upkeep\n|turn|15\n|\n|t:|1699838915\n|move|p2a: Dragonite|Dragon Dance|p2a: Dragonite\n|-boost|p2a: Dragonite|atk|1\n|-boost|p2a: Dragonite|spe|1\n|move|p1a: Ceruledge|Taunt|p2a: Dragonite\n|-start|p2a: Dragonite|move: Taunt\n|\n|upkeep\n|turn|16\n|\n|t:|1699838922\n|move|p1a: Ceruledge|Shadow Sneak|p2a: Dragonite\n|-damage|p2a: Dragonite|82\/100\n|move|p2a: Dragonite|Earthquake|p1a: Ceruledge\n|-supereffective|p1a: Ceruledge\n|-damage|p1a: Ceruledge|56\/100\n|\n|-heal|p1a: Ceruledge|63\/100|[from] Grassy Terrain\n|-fieldend|move: Grassy Terrain\n|upkeep\n|turn|17\n|\n|t:|1699838936\n|move|p2a: Dragonite|Earthquake|p1a: Ceruledge\n|-supereffective|p1a: Ceruledge\n|-damage|p1a: Ceruledge|0 fnt\n|faint|p1a: Ceruledge\n|\n|upkeep\n|\n|t:|1699838943\n|switch|p1a: Zapdos|Zapdos|100\/100\n|turn|18\n|\n|t:|1699838964\n|move|p2a: Dragonite|Extreme Speed|p1a: Zapdos\n|-damage|p1a: Zapdos|28\/100\n|-status|p2a: Dragonite|par|[from] ability: Static|[of] p1a: Zapdos\n|-enditem|p2a: Dragonite|Lum Berry|[eat]\n|-curestatus|p2a: Dragonite|par|[msg]\n|move|p1a: Zapdos|Hurricane|p2a: Dragonite\n|-damage|p2a: Dragonite|19\/100\n|\n|-end|p2a: Dragonite|move: Taunt\n|upkeep\n|turn|19\n|\n|t:|1699838978\n|move|p2a: Dragonite|Extreme Speed|p1a: Zapdos\n|-damage|p1a: Zapdos|0 fnt\n|faint|p1a: Zapdos\n|\n|upkeep\n|\n|t:|1699838982\n|switch|p1a: Rillaboom|Rillaboom, F|32\/100 tox\n|-activate|p1a: Rillaboom|move: Sticky Web\n|-unboost|p1a: Rillaboom|spe|1\n|-damage|p1a: Rillaboom|19\/100 tox|[from] Stealth Rock\n|-damage|p1a: Rillaboom|3\/100 tox|[from] Spikes\n|-fieldstart|move: Grassy Terrain|[from] ability: Grassy Surge|[of] p1a: Rillaboom\n|turn|20\n|\n|t:|1699838992\n|move|p2a: Dragonite|Roost|p2a: Dragonite\n|-heal|p2a: Dragonite|69\/100\n|-singleturn|p2a: Dragonite|move: Roost\n|move|p1a: Rillaboom|Knock Off|p2a: Dragonite\n|-damage|p2a: Dragonite|41\/100\n|\n|-heal|p2a: Dragonite|47\/100|[from] Grassy Terrain\n|-heal|p1a: Rillaboom|9\/100 tox|[from] Grassy Terrain\n|-damage|p1a: Rillaboom|3\/100 tox|[from] psn\n|upkeep\n|turn|21\n|\n|t:|1699839007\n|move|p2a: Dragonite|Roost|p2a: Dragonite\n|-heal|p2a: Dragonite|97\/100\n|-singleturn|p2a: Dragonite|move: Roost\n|move|p1a: Rillaboom|U-turn|p2a: Dragonite\n|-crit|p2a: Dragonite\n|-damage|p2a: Dragonite|53\/100\n|\n|-heal|p2a: Dragonite|59\/100|[from] Grassy Terrain\n|-heal|p1a: Rillaboom|9\/100 tox|[from] Grassy Terrain\n|-damage|p1a: Rillaboom|0 fnt|[from] psn\n|faint|p1a: Rillaboom\n|\n|win|Onte bad\n|upkeep\n|raw|jaredswan's rating: 1062 &rarr; <strong>1047<\/strong><br \/>(-15 for losing)\n|raw|Onte bad's rating: 1139 &rarr; <strong>1159<\/strong><br \/>(+20 for winning)\n|l|\u2606jaredswan\n","uploadtime":1699839015,"views":17,"p1id":"jaredswan","p2id":"ontebad","formatid":"gen9ou","rating":1047,"private":0,"password":""}