{"id":"gen9ou-1995163883","p1":"StatykBoy","p2":"karpmain","format":"[Gen 9] OU","log":"|j|\u2606StatykBoy\n|j|\u2606karpmain\n|t:|1700529721\n|gametype|singles\n|player|p1|StatykBoy|101|1204\n|player|p2|karpmain|unknown|1147\n|teamsize|p1|6\n|teamsize|p2|6\n|gen|9\n|tier|[Gen 9] OU\n|rated|\n|rule|Sleep Clause Mod: Limit one foe put to sleep\n|rule|Species Clause: Limit one of each Pok\u00e9mon\n|rule|OHKO Clause: OHKO moves are banned\n|rule|Evasion Items Clause: Evasion items are banned\n|rule|Evasion Moves Clause: Evasion moves are banned\n|rule|Endless Battle Clause: Forcing endless battles is banned\n|rule|HP Percentage Mod: HP is shown in percentages\n|clearpoke\n|poke|p1|Kingambit, M|\n|poke|p1|Great Tusk|\n|poke|p1|Dragapult, F|\n|poke|p1|Ogerpon-Wellspring, F|\n|poke|p1|Blissey, F|\n|poke|p1|Zapdos|\n|poke|p2|Polteageist|\n|poke|p2|Cloyster, M|\n|poke|p2|Quagsire, M|\n|poke|p2|Corviknight, M|\n|poke|p2|Vivillon, F|\n|poke|p2|Azumarill, M|\n|teampreview\n|j| wookiepizza\n|\n|t:|1700529745\n|start\n|switch|p1a: Dragapult|Dragapult, F|100\/100\n|switch|p2a: karpVivillon|Vivillon, F|100\/100\n|turn|1\n|\n|t:|1700529765\n|switch|p2a: Corviknight|Corviknight, M|100\/100\n|move|p1a: Dragapult|U-turn|p2a: Corviknight\n|-resisted|p2a: Corviknight\n|-damage|p2a: Corviknight|98\/100\n|\n|t:|1700529772\n|switch|p1a: Zapdos|Zapdos|100\/100|[from] U-turn\n|\n|-heal|p2a: Corviknight|100\/100|[from] item: Leftovers\n|upkeep\n|turn|2\n|\n|t:|1700529812\n|switch|p1a: Ogerpon|Ogerpon-Wellspring, F|100\/100\n|switch|p2a: karpQuagsire|Quagsire, M|100\/100\n|\n|upkeep\n|turn|3\n|\n|t:|1700529829\n|switch|p2a: Corviknight|Corviknight, M|100\/100\n|move|p1a: Ogerpon|U-turn|p2a: Corviknight\n|-resisted|p2a: Corviknight\n|-damage|p2a: Corviknight|96\/100\n|\n|t:|1700529848\n|switch|p1a: Dragapult|Dragapult, F|100\/100|[from] U-turn\n|\n|-heal|p2a: Corviknight|100\/100|[from] item: Leftovers\n|upkeep\n|turn|4\n|\n|t:|1700529864\n|switch|p2a: karpVivillon|Vivillon, F|100\/100\n|move|p1a: Dragapult|Shadow Ball|p2a: karpVivillon\n|-damage|p2a: karpVivillon|3\/100\n|\n|-heal|p2a: karpVivillon|9\/100|[from] item: Leftovers\n|upkeep\n|turn|5\n|\n|t:|1700529876\n|move|p1a: Dragapult|Shadow Ball|p2a: karpVivillon\n|-damage|p2a: karpVivillon|0 fnt\n|faint|p2a: karpVivillon\n|\n|upkeep\n|\n|t:|1700529881\n|switch|p2a: Azumarill|Azumarill, M|100\/100\n|turn|6\n|\n|t:|1700529890\n|switch|p1a: Zapdos|Zapdos|100\/100\n|move|p2a: Azumarill|Belly Drum|p2a: Azumarill\n|-damage|p2a: Azumarill|50\/100\n|-setboost|p2a: Azumarill|atk|6|[from] move: Belly Drum\n|\n|-heal|p2a: Azumarill|57\/100|[from] item: Leftovers\n|upkeep\n|turn|7\n|\n|t:|1700529905\n|move|p2a: Azumarill|Aqua Jet|p1a: Zapdos\n|-damage|p1a: Zapdos|46\/100\n|-status|p2a: Azumarill|par|[from] ability: Static|[of] p1a: Zapdos\n|move|p1a: Zapdos|Volt Switch|p2a: Azumarill\n|-supereffective|p2a: Azumarill\n|-damage|p2a: Azumarill|15\/100 par\n|\n|t:|1700529916\n|switch|p1a: Ogerpon|Ogerpon-Wellspring, F|100\/100|[from] Volt Switch\n|\n|-heal|p2a: Azumarill|21\/100 par|[from] item: Leftovers\n|upkeep\n|turn|8\n|\n|t:|1700529929\n|move|p1a: Ogerpon|Ivy Cudgel|p2a: Azumarill|[anim] Ivy Cudgel Water\n|-resisted|p2a: Azumarill\n|-damage|p2a: Azumarill|0 fnt\n|faint|p2a: Azumarill\n|\n|upkeep\n|\n|t:|1700529941\n|switch|p2a: karpPolteageist|Polteageist|100\/100\n|turn|9\n|\n|t:|1700529958\n|move|p1a: Ogerpon|U-turn|p2a: karpPolteageist\n|-resisted|p2a: karpPolteageist\n|-damage|p2a: karpPolteageist|74\/100\n|-ability|p2a: karpPolteageist|Weak Armor|boost\n|-unboost|p2a: karpPolteageist|def|1\n|-boost|p2a: karpPolteageist|spe|2\n|\n|t:|1700529964\n|switch|p1a: Kingambit|Kingambit, M|100\/100|[from] U-turn\n|move|p2a: karpPolteageist|Shell Smash|p2a: karpPolteageist\n|-unboost|p2a: karpPolteageist|def|1\n|-unboost|p2a: karpPolteageist|spd|1\n|-boost|p2a: karpPolteageist|atk|2\n|-boost|p2a: karpPolteageist|spa|2\n|-boost|p2a: karpPolteageist|spe|2\n|\n|upkeep\n|turn|10\n|\n|t:|1700529975\n|move|p1a: Kingambit|Sucker Punch||[still]\n|-fail|p1a: Kingambit\n|move|p2a: karpPolteageist|Shell Smash|p2a: karpPolteageist\n|-unboost|p2a: karpPolteageist|def|1\n|-unboost|p2a: karpPolteageist|spd|1\n|-boost|p2a: karpPolteageist|atk|2\n|-boost|p2a: karpPolteageist|spa|2\n|-boost|p2a: karpPolteageist|spe|2\n|\n|upkeep\n|turn|11\n|\n|t:|1700529991\n|move|p1a: Kingambit|Sucker Punch|p2a: karpPolteageist\n|-supereffective|p2a: karpPolteageist\n|-damage|p2a: karpPolteageist|0 fnt\n|faint|p2a: karpPolteageist\n|\n|upkeep\n|\n|t:|1700530002\n|switch|p2a: karpQuagsire|Quagsire, M|100\/100\n|turn|12\n|\n|t:|1700530011\n|-end|p1a: Kingambit|fallenundefined|[silent]\n|switch|p1a: Ogerpon|Ogerpon-Wellspring, F|100\/100\n|move|p2a: karpQuagsire|Toxic|p1a: Ogerpon\n|-status|p1a: Ogerpon|tox\n|\n|-damage|p1a: Ogerpon|95\/100 tox|[from] psn\n|upkeep\n|turn|13\n|\n|t:|1700530026\n|move|p2a: karpQuagsire|Protect|p2a: karpQuagsire\n|-singleturn|p2a: karpQuagsire|Protect\n|move|p1a: Ogerpon|Power Whip|p2a: karpQuagsire\n|-activate|p2a: karpQuagsire|move: Protect\n|\n|-damage|p1a: Ogerpon|83\/100 tox|[from] psn\n|upkeep\n|turn|14\n|\n|t:|1700530038\n|switch|p2a: Corviknight|Corviknight, M|100\/100\n|move|p1a: Ogerpon|Encore||[still]\n|-fail|p1a: Ogerpon\n|\n|-damage|p1a: Ogerpon|65\/100 tox|[from] psn\n|upkeep\n|turn|15\n|\n|t:|1700530051\n|switch|p2a: karpQuagsire|Quagsire, M|100\/100\n|move|p1a: Ogerpon|U-turn|p2a: karpQuagsire\n|-damage|p2a: karpQuagsire|72\/100\n|\n|t:|1700530060\n|switch|p1a: Dragapult|Dragapult, F|100\/100|[from] U-turn\n|\n|-heal|p2a: karpQuagsire|78\/100|[from] item: Leftovers\n|upkeep\n|turn|16\n|\n|t:|1700530076\n|move|p1a: Dragapult|Draco Meteor|p2a: karpQuagsire\n|-damage|p2a: karpQuagsire|8\/100\n|-unboost|p1a: Dragapult|spa|2\n|move|p2a: karpQuagsire|Toxic|p1a: Dragapult\n|-status|p1a: Dragapult|tox\n|\n|-heal|p2a: karpQuagsire|14\/100|[from] item: Leftovers\n|-damage|p1a: Dragapult|95\/100 tox|[from] psn\n|upkeep\n|turn|17\n|\n|t:|1700530088\n|switch|p1a: Ogerpon|Ogerpon-Wellspring, F|65\/100 tox\n|move|p2a: karpQuagsire|Recover|p2a: karpQuagsire\n|-heal|p2a: karpQuagsire|64\/100\n|\n|-heal|p2a: karpQuagsire|70\/100|[from] item: Leftovers\n|-damage|p1a: Ogerpon|59\/100 tox|[from] psn\n|upkeep\n|turn|18\n|\n|t:|1700530098\n|move|p2a: karpQuagsire|Protect|p2a: karpQuagsire\n|-singleturn|p2a: karpQuagsire|Protect\n|move|p1a: Ogerpon|Power Whip|p2a: karpQuagsire\n|-activate|p2a: karpQuagsire|move: Protect\n|\n|-heal|p2a: karpQuagsire|76\/100|[from] item: Leftovers\n|-damage|p1a: Ogerpon|47\/100 tox|[from] psn\n|upkeep\n|turn|19\n|\n|t:|1700530110\n|switch|p2a: Corviknight|Corviknight, M|100\/100\n|move|p1a: Ogerpon|U-turn|p2a: Corviknight\n|-resisted|p2a: Corviknight\n|-damage|p2a: Corviknight|97\/100\n|\n|t:|1700530117\n|switch|p1a: Dragapult|Dragapult, F|95\/100 tox|[from] U-turn\n|\n|-heal|p2a: Corviknight|100\/100|[from] item: Leftovers\n|-damage|p1a: Dragapult|89\/100 tox|[from] psn\n|upkeep\n|turn|20\n|\n|t:|1700530126\n|switch|p2a: karpQuagsire|Quagsire, M|76\/100\n|move|p1a: Dragapult|Flamethrower|p2a: karpQuagsire\n|-resisted|p2a: karpQuagsire\n|-damage|p2a: karpQuagsire|61\/100\n|\n|-heal|p2a: karpQuagsire|67\/100|[from] item: Leftovers\n|-damage|p1a: Dragapult|77\/100 tox|[from] psn\n|upkeep\n|turn|21\n|\n|t:|1700530164\n|switch|p1a: Ogerpon|Ogerpon-Wellspring, F|47\/100 tox\n|move|p2a: karpQuagsire|Earthquake|p1a: Ogerpon\n|-resisted|p1a: Ogerpon\n|-damage|p1a: Ogerpon|26\/100 tox\n|\n|-heal|p2a: karpQuagsire|73\/100|[from] item: Leftovers\n|-damage|p1a: Ogerpon|20\/100 tox|[from] psn\n|upkeep\n|turn|22\n|\n|t:|1700530194\n|switch|p1a: Dragapult|Dragapult, F|77\/100 tox\n|move|p2a: karpQuagsire|Protect||[still]\n|-fail|p2a: karpQuagsire\n|\n|-heal|p2a: karpQuagsire|79\/100|[from] item: Leftovers\n|-damage|p1a: Dragapult|71\/100 tox|[from] psn\n|upkeep\n|turn|23\n|\n|t:|1700530211\n|move|p1a: Dragapult|Shadow Ball|p2a: karpQuagsire\n|-damage|p2a: karpQuagsire|39\/100\n|move|p2a: karpQuagsire|Recover|p2a: karpQuagsire\n|-heal|p2a: karpQuagsire|89\/100\n|\n|-heal|p2a: karpQuagsire|95\/100|[from] item: Leftovers\n|-damage|p1a: Dragapult|59\/100 tox|[from] psn\n|upkeep\n|turn|24\n|\n|t:|1700530242\n|move|p1a: Dragapult|Shadow Ball|p2a: karpQuagsire\n|-damage|p2a: karpQuagsire|56\/100\n|move|p2a: karpQuagsire|Earthquake|p1a: Dragapult\n|-crit|p1a: Dragapult\n|-damage|p1a: Dragapult|0 fnt\n|faint|p1a: Dragapult\n|\n|-heal|p2a: karpQuagsire|62\/100|[from] item: Leftovers\n|upkeep\n|\n|t:|1700530264\n|switch|p1a: Great Tusk|Great Tusk|100\/100\n|turn|25\n|\n|t:|1700530275\n|move|p1a: Great Tusk|Bulk Up|p1a: Great Tusk\n|-boost|p1a: Great Tusk|atk|1\n|-boost|p1a: Great Tusk|def|1\n|move|p2a: karpQuagsire|Toxic|p1a: Great Tusk\n|-status|p1a: Great Tusk|tox\n|\n|-heal|p2a: karpQuagsire|68\/100|[from] item: Leftovers\n|-damage|p1a: Great Tusk|94\/100 tox|[from] psn\n|upkeep\n|turn|26\n|\n|t:|1700530303\n|move|p1a: Great Tusk|Bulk Up|p1a: Great Tusk\n|-boost|p1a: Great Tusk|atk|1\n|-boost|p1a: Great Tusk|def|1\n|move|p2a: karpQuagsire|Earthquake|p1a: Great Tusk\n|-damage|p1a: Great Tusk|76\/100 tox\n|\n|-heal|p1a: Great Tusk|82\/100 tox|[from] item: Leftovers\n|-heal|p2a: karpQuagsire|74\/100|[from] item: Leftovers\n|-damage|p1a: Great Tusk|69\/100 tox|[from] psn\n|upkeep\n|turn|27\n|\n|t:|1700530322\n|move|p1a: Great Tusk|Knock Off|p2a: karpQuagsire\n|-damage|p2a: karpQuagsire|48\/100\n|-enditem|p2a: karpQuagsire|Leftovers|[from] move: Knock Off|[of] p1a: Great Tusk\n|move|p2a: karpQuagsire|Earthquake|p1a: Great Tusk\n|-damage|p1a: Great Tusk|51\/100 tox\n|\n|-heal|p1a: Great Tusk|57\/100 tox|[from] item: Leftovers\n|-damage|p1a: Great Tusk|38\/100 tox|[from] psn\n|upkeep\n|turn|28\n|\n|t:|1700530334\n|move|p1a: Great Tusk|Earthquake|p2a: karpQuagsire\n|-damage|p2a: karpQuagsire|1\/100\n|move|p2a: karpQuagsire|Recover|p2a: karpQuagsire\n|-heal|p2a: karpQuagsire|51\/100\n|\n|-heal|p1a: Great Tusk|45\/100 tox|[from] item: Leftovers\n|-damage|p1a: Great Tusk|20\/100 tox|[from] psn\n|upkeep\n|turn|29\n|\n|t:|1700530351\n|move|p2a: karpQuagsire|Protect|p2a: karpQuagsire\n|-singleturn|p2a: karpQuagsire|Protect\n|move|p1a: Great Tusk|Knock Off|p2a: karpQuagsire\n|-activate|p2a: karpQuagsire|move: Protect\n|\n|-heal|p1a: Great Tusk|26\/100 tox|[from] item: Leftovers\n|-damage|p1a: Great Tusk|0 fnt|[from] psn\n|faint|p1a: Great Tusk\n|-end|p1a: Great Tusk|Protosynthesis|[silent]\n|upkeep\n|\n|t:|1700530368\n|switch|p1a: Ogerpon|Ogerpon-Wellspring, F|20\/100 tox\n|turn|30\n|\n|t:|1700530387\n|switch|p1a: Zapdos|Zapdos|46\/100\n|switch|p2a: Corviknight|Corviknight, M|100\/100\n|\n|upkeep\n|turn|31\n|\n|t:|1700530405\n|switch|p2a: karpQuagsire|Quagsire, M|51\/100\n|move|p1a: Zapdos|Volt Switch|p2a: karpQuagsire\n|-immune|p2a: karpQuagsire\n|\n|upkeep\n|turn|32\n|\n|t:|1700530425\n|move|p1a: Zapdos|Roost|p1a: Zapdos\n|-heal|p1a: Zapdos|96\/100\n|-singleturn|p1a: Zapdos|move: Roost\n|move|p2a: karpQuagsire|Toxic|p1a: Zapdos\n|-status|p1a: Zapdos|tox\n|\n|-damage|p1a: Zapdos|90\/100 tox|[from] psn\n|upkeep\n|turn|33\n|\n|t:|1700530442\n|switch|p1a: Ogerpon|Ogerpon-Wellspring, F|20\/100 tox\n|move|p2a: karpQuagsire|Recover|p2a: karpQuagsire\n|-heal|p2a: karpQuagsire|100\/100\n|\n|-damage|p1a: Ogerpon|14\/100 tox|[from] psn\n|upkeep\n|turn|34\n|\n|t:|1700530460\n|switch|p2a: Corviknight|Corviknight, M|100\/100\n|move|p1a: Ogerpon|Encore||[still]\n|-fail|p1a: Ogerpon\n|\n|-damage|p1a: Ogerpon|2\/100 tox|[from] psn\n|upkeep\n|turn|35\n|\n|t:|1700530475\n|move|p1a: Ogerpon|U-turn|p2a: Corviknight\n|-resisted|p2a: Corviknight\n|-damage|p2a: Corviknight|97\/100\n|\n|t:|1700530480\n|switch|p1a: Zapdos|Zapdos|90\/100 tox|[from] U-turn\n|move|p2a: Corviknight|Body Press|p1a: Zapdos\n|-resisted|p1a: Zapdos\n|-damage|p1a: Zapdos|80\/100 tox\n|\n|-heal|p2a: Corviknight|100\/100|[from] item: Leftovers\n|-damage|p1a: Zapdos|74\/100 tox|[from] psn\n|upkeep\n|turn|36\n|\n|t:|1700530491\n|switch|p2a: karpQuagsire|Quagsire, M|100\/100\n|move|p1a: Zapdos|Hurricane|p2a: karpQuagsire\n|-damage|p2a: karpQuagsire|61\/100\n|-start|p2a: karpQuagsire|confusion\n|\n|-damage|p1a: Zapdos|61\/100 tox|[from] psn\n|upkeep\n|turn|37\n|\n|t:|1700530510\n|-activate|p2a: karpQuagsire|confusion\n|-damage|p2a: karpQuagsire|53\/100|[from] confusion\n|move|p1a: Zapdos|Roost|p1a: Zapdos\n|-heal|p1a: Zapdos|100\/100 tox\n|-singleturn|p1a: Zapdos|move: Roost\n|\n|-damage|p1a: Zapdos|82\/100 tox|[from] psn\n|upkeep\n|turn|38\n|\n|t:|1700530524\n|-activate|p2a: karpQuagsire|confusion\n|move|p2a: karpQuagsire|Protect|p2a: karpQuagsire\n|-singleturn|p2a: karpQuagsire|Protect\n|move|p1a: Zapdos|Hurricane|p2a: karpQuagsire\n|-activate|p2a: karpQuagsire|move: Protect\n|\n|-damage|p1a: Zapdos|57\/100 tox|[from] psn\n|upkeep\n|turn|39\n|\n|t:|1700530534\n|switch|p1a: Blissey|Blissey, F|100\/100\n|-activate|p2a: karpQuagsire|confusion\n|move|p2a: karpQuagsire|Recover|p2a: karpQuagsire\n|-heal|p2a: karpQuagsire|100\/100\n|\n|upkeep\n|turn|40\n|\n|t:|1700530544\n|move|p1a: Blissey|Stealth Rock|p2a: karpQuagsire\n|-sidestart|p2: karpmain|move: Stealth Rock\n|-end|p2a: karpQuagsire|confusion\n|move|p2a: karpQuagsire|Toxic|p1a: Blissey\n|-status|p1a: Blissey|tox\n|\n|-damage|p1a: Blissey|94\/100 tox|[from] psn\n|upkeep\n|turn|41\n|\n|t:|1700530556\n|move|p2a: karpQuagsire|Protect|p2a: karpQuagsire\n|-singleturn|p2a: karpQuagsire|Protect\n|move|p1a: Blissey|Seismic Toss|p2a: karpQuagsire\n|-activate|p2a: karpQuagsire|move: Protect\n|\n|-damage|p1a: Blissey|82\/100 tox|[from] psn\n|upkeep\n|turn|42\n|\n|t:|1700530571\n|switch|p2a: Corviknight|Corviknight, M|100\/100\n|-damage|p2a: Corviknight|88\/100|[from] Stealth Rock\n|move|p1a: Blissey|Seismic Toss|p2a: Corviknight\n|-damage|p2a: Corviknight|63\/100\n|\n|-heal|p2a: Corviknight|69\/100|[from] item: Leftovers\n|-damage|p1a: Blissey|64\/100 tox|[from] psn\n|upkeep\n|turn|43\n|\n|t:|1700530582\n|-curestatus|p1a: Blissey|tox|[from] ability: Natural Cure\n|switch|p1a: Zapdos|Zapdos|57\/100 tox\n|move|p2a: Corviknight|Body Press|p1a: Zapdos\n|-resisted|p1a: Zapdos\n|-damage|p1a: Zapdos|45\/100 tox\n|\n|-heal|p2a: Corviknight|75\/100|[from] item: Leftovers\n|-damage|p1a: Zapdos|39\/100 tox|[from] psn\n|upkeep\n|turn|44\n|\n|t:|1700530594\n|switch|p2a: karpQuagsire|Quagsire, M|100\/100\n|-damage|p2a: karpQuagsire|94\/100|[from] Stealth Rock\n|move|p1a: Zapdos|Hurricane|p2a: karpQuagsire\n|-damage|p2a: karpQuagsire|56\/100\n|\n|-damage|p1a: Zapdos|27\/100 tox|[from] psn\n|upkeep\n|turn|45\n|\n|t:|1700530610\n|move|p2a: karpQuagsire|Protect|p2a: karpQuagsire\n|-singleturn|p2a: karpQuagsire|Protect\n|move|p1a: Zapdos|Roost|p1a: Zapdos\n|-heal|p1a: Zapdos|77\/100 tox\n|-singleturn|p1a: Zapdos|move: Roost\n|\n|-damage|p1a: Zapdos|58\/100 tox|[from] psn\n|upkeep\n|turn|46\n|\n|t:|1700530632\n|switch|p1a: Blissey|Blissey, F|64\/100\n|move|p2a: karpQuagsire|Recover|p2a: karpQuagsire\n|-heal|p2a: karpQuagsire|100\/100\n|\n|upkeep\n|turn|47\n|\n|t:|1700530643\n|move|p1a: Blissey|Soft-Boiled|p1a: Blissey\n|-heal|p1a: Blissey|100\/100\n|move|p2a: karpQuagsire|Toxic|p1a: Blissey\n|-status|p1a: Blissey|tox\n|\n|-damage|p1a: Blissey|94\/100 tox|[from] psn\n|upkeep\n|turn|48\n|\n|t:|1700530672\n|move|p2a: karpQuagsire|Protect|p2a: karpQuagsire\n|-singleturn|p2a: karpQuagsire|Protect\n|move|p1a: Blissey|Seismic Toss|p2a: karpQuagsire\n|-activate|p2a: karpQuagsire|move: Protect\n|\n|-damage|p1a: Blissey|82\/100 tox|[from] psn\n|upkeep\n|turn|49\n|\n|t:|1700530686\n|move|p1a: Blissey|Seismic Toss|p2a: karpQuagsire\n|-damage|p2a: karpQuagsire|75\/100\n|move|p2a: karpQuagsire|Earthquake|p1a: Blissey\n|-damage|p1a: Blissey|57\/100 tox\n|\n|-damage|p1a: Blissey|39\/100 tox|[from] psn\n|upkeep\n|turn|50\n|\n|t:|1700530708\n|-curestatus|p1a: Blissey|tox|[from] ability: Natural Cure\n|switch|p1a: Zapdos|Zapdos|58\/100 tox\n|move|p2a: karpQuagsire|Earthquake|p1a: Zapdos\n|-immune|p1a: Zapdos\n|\n|-damage|p1a: Zapdos|52\/100 tox|[from] psn\n|upkeep\n|turn|51\n|\n|t:|1700530723\n|move|p2a: karpQuagsire|Protect|p2a: karpQuagsire\n|-singleturn|p2a: karpQuagsire|Protect\n|move|p1a: Zapdos|Roost|p1a: Zapdos\n|-heal|p1a: Zapdos|100\/100 tox\n|-singleturn|p1a: Zapdos|move: Roost\n|\n|-damage|p1a: Zapdos|88\/100 tox|[from] psn\n|upkeep\n|turn|52\n|\n|t:|1700530733\n|move|p1a: Zapdos|Hurricane|p2a: karpQuagsire\n|-damage|p2a: karpQuagsire|35\/100\n|move|p2a: karpQuagsire|Earthquake|p1a: Zapdos\n|-immune|p1a: Zapdos\n|\n|-damage|p1a: Zapdos|69\/100 tox|[from] psn\n|upkeep\n|turn|53\n|\n|t:|1700530742\n|move|p2a: karpQuagsire|Protect|p2a: karpQuagsire\n|-singleturn|p2a: karpQuagsire|Protect\n|move|p1a: Zapdos|Hurricane|p2a: karpQuagsire\n|-activate|p2a: karpQuagsire|move: Protect\n|\n|-damage|p1a: Zapdos|44\/100 tox|[from] psn\n|upkeep\n|turn|54\n|\n|t:|1700530750\n|move|p1a: Zapdos|Hurricane|p2a: karpQuagsire\n|-damage|p2a: karpQuagsire|0 fnt\n|faint|p2a: karpQuagsire\n|\n|-damage|p1a: Zapdos|13\/100 tox|[from] psn\n|upkeep\n|\n|t:|1700530757\n|switch|p2a: karpCloyster|Cloyster, M|100\/100\n|turn|55\n|\n|t:|1700530771\n|switch|p1a: Ogerpon|Ogerpon-Wellspring, F|2\/100 tox\n|move|p2a: karpCloyster|Ice Shard|p1a: Ogerpon\n|-damage|p1a: Ogerpon|0 fnt\n|faint|p1a: Ogerpon\n|\n|upkeep\n|\n|t:|1700530781\n|switch|p1a: Kingambit|Kingambit, M|100\/100\n|-activate|p1a: Kingambit|ability: Supreme Overlord\n|-start|p1a: Kingambit|fallen3|[silent]\n|turn|56\n|\n|t:|1700530801\n|-terastallize|p2a: karpCloyster|Water\n|move|p2a: karpCloyster|Shell Smash|p2a: karpCloyster\n|-unboost|p2a: karpCloyster|def|1\n|-unboost|p2a: karpCloyster|spd|1\n|-boost|p2a: karpCloyster|atk|2\n|-boost|p2a: karpCloyster|spa|2\n|-boost|p2a: karpCloyster|spe|2\n|move|p1a: Kingambit|Swords Dance|p1a: Kingambit\n|-boost|p1a: Kingambit|atk|2\n|\n|upkeep\n|turn|57\n|\n|t:|1700530815\n|move|p2a: karpCloyster|Ice Shard|p1a: Kingambit\n|-resisted|p1a: Kingambit\n|-damage|p1a: Kingambit|87\/100\n|move|p1a: Kingambit|Kowtow Cleave|p2a: karpCloyster\n|-damage|p2a: karpCloyster|0 fnt\n|faint|p2a: karpCloyster\n|\n|upkeep\n|\n|t:|1700530823\n|switch|p2a: Corviknight|Corviknight, M|75\/100\n|-damage|p2a: Corviknight|63\/100|[from] Stealth Rock\n|turn|58\n|c|\u2606StatykBoy|gg\n|\n|t:|1700530836\n|move|p1a: Kingambit|Kowtow Cleave|p2a: Corviknight\n|-damage|p2a: Corviknight|0 fnt\n|faint|p2a: Corviknight\n|\n|win|StatykBoy\n|raw|StatykBoy's rating: 1204 &rarr; <strong>1225<\/strong><br \/>(+21 for winning)\n|raw|karpmain's rating: 1147 &rarr; <strong>1126<\/strong><br \/>(-21 for losing)\n|l|\u2606karpmain\n|l| wookiepizza\n","uploadtime":1700530884,"views":5,"p1id":"statykboy","p2id":"karpmain","formatid":"gen9ou","rating":1126,"private":0,"password":""}