{"id":"gen9ou-1994800146","p1":"mexicanpasta","p2":"Calamarimar","format":"[Gen 9] OU","log":"|j|\u2606mexicanpasta\n|j|\u2606Calamarimar\n|inactive|Battle timer is ON: inactive players will automatically lose when time's up.\n|t:|1700493972\n|gametype|singles\n|player|p1|mexicanpasta|parasollady|\n|player|p2|Calamarimar|sanqua|\n|teamsize|p1|3\n|teamsize|p2|3\n|gen|9\n|tier|[Gen 9] OU\n|rated|Tournament battle\n|rule|Sleep Clause Mod: Limit one foe put to sleep\n|rule|Species Clause: Limit one of each Pok\u00e9mon\n|rule|OHKO Clause: OHKO moves are banned\n|rule|Evasion Items Clause: Evasion items are banned\n|rule|Evasion Moves Clause: Evasion moves are banned\n|rule|Endless Battle Clause: Forcing endless battles is banned\n|rule|HP Percentage Mod: HP is shown in percentages\n|clearpoke\n|poke|p1|Morgrem, M|\n|poke|p1|Lucario, F|\n|poke|p1|Medicham, F|\n|poke|p2|Spinarak, F|\n|poke|p2|Salamence, F|\n|poke|p2|Sylveon, F|\n|teampreview\n|j|*Lady Monita \u2746\n|inactive|mexicanpasta also wants the timer to be on.\n|\n|t:|1700493978\n|start\n|switch|p1a: Morgrem|Morgrem, M|100\/100\n|switch|p2a: Spinarak|Spinarak, F, shiny|100\/100\n|turn|1\n|\n|t:|1700493983\n|move|p1a: Morgrem|Reflect|p1a: Morgrem\n|-sidestart|p1: mexicanpasta|Reflect\n|move|p2a: Spinarak|Infestation|p1a: Morgrem\n|-damage|p1a: Morgrem|97\/100\n|-activate|p1a: Morgrem|move: Infestation|[of] p2a: Spinarak\n|\n|-damage|p1a: Morgrem|85\/100|[from] move: Infestation|[partiallytrapped]\n|upkeep\n|turn|2\n|\n|t:|1700493987\n|move|p1a: Morgrem|Light Screen|p1a: Morgrem\n|-sidestart|p1: mexicanpasta|move: Light Screen\n|move|p2a: Spinarak|Sticky Web|p1a: Morgrem\n|-sidestart|p1: mexicanpasta|move: Sticky Web\n|\n|-damage|p1a: Morgrem|72\/100|[from] move: Infestation|[partiallytrapped]\n|upkeep\n|turn|3\n|\n|t:|1700493991\n|move|p1a: Morgrem|Parting Shot|p2a: Spinarak\n|-unboost|p2a: Spinarak|atk|1\n|-unboost|p2a: Spinarak|spa|1\n|\n|t:|1700493993\n|switch|p1a: Lucario|Lucario, F|100\/100|[from] Parting Shot\n|-activate|p1a: Lucario|move: Sticky Web\n|-unboost|p1a: Lucario|spe|1\n|move|p2a: Spinarak|Toxic|p1a: Lucario\n|-immune|p1a: Lucario\n|\n|upkeep\n|turn|4\n|\n|t:|1700493999\n|move|p1a: Lucario|Swords Dance|p1a: Lucario\n|-boost|p1a: Lucario|atk|2\n|move|p2a: Spinarak|Toxic Spikes|p1a: Lucario\n|-sidestart|p1: mexicanpasta|move: Toxic Spikes\n|\n|upkeep\n|turn|5\n|\n|t:|1700494006\n|move|p1a: Lucario|Meteor Mash|p2a: Spinarak\n|-damage|p2a: Spinarak|0 fnt\n|faint|p2a: Spinarak\n|\n|upkeep\n|\n|t:|1700494016\n|switch|p2a: Salamence|Salamence, F|100\/100\n|turn|6\n|\n|t:|1700494020\n|-terastallize|p2a: Salamence|Ground\n|move|p2a: Salamence|Earthquake|p1a: Lucario\n|-supereffective|p1a: Lucario\n|-damage|p1a: Lucario|7\/100\n|move|p1a: Lucario|Meteor Mash|p2a: Salamence\n|-damage|p2a: Salamence|0 fnt\n|faint|p2a: Salamence\n|\n|upkeep\n|\n|t:|1700494026\n|switch|p2a: Sylveon|Sylveon, F, shiny|100\/100\n|turn|7\n|c|\u2606Calamarimar|gg\n|\n|t:|1700494031\n|move|p1a: Lucario|Extreme Speed|p2a: Sylveon\n|-damage|p2a: Sylveon|28\/100\n|move|p2a: Sylveon|Hyper Voice|p1a: Lucario\n|-damage|p1a: Lucario|0 fnt\n|faint|p1a: Lucario\n|\n|-heal|p2a: Sylveon|34\/100|[from] item: Leftovers\n|upkeep\n|c|\u2606mexicanpasta|gg\n|\n|t:|1700494035\n|switch|p1a: Medicham|Medicham, F|100\/100\n|-activate|p1a: Medicham|move: Sticky Web\n|-unboost|p1a: Medicham|spe|1\n|-status|p1a: Medicham|psn\n|turn|8\n|c|\u2606Calamarimar|oh\n|\n|t:|1700494040\n|-terastallize|p1a: Medicham|Steel\n|move|p2a: Sylveon|Protect|p2a: Sylveon\n|-singleturn|p2a: Sylveon|Protect\n|move|p1a: Medicham|Zen Headbutt|p2a: Sylveon\n|-activate|p2a: Sylveon|move: Protect\n|\n|-heal|p2a: Sylveon|40\/100|[from] item: Leftovers\n|-damage|p1a: Medicham|88\/100 psn|[from] psn\n|-sideend|p1: mexicanpasta|Reflect\n|upkeep\n|turn|9\n|\n|t:|1700494047\n|move|p1a: Medicham|Zen Headbutt|p2a: Sylveon\n|-damage|p2a: Sylveon|0 fnt\n|faint|p2a: Sylveon\n|\n|win|mexicanpasta\n|n|\u2606mexicanpasta|mexicanpasta\n|n|\u2606Calamarimar|calamarimar\n|n|*Lady Monita \u2746|ladymonita\n","uploadtime":1700494048,"views":4,"p1id":"mexicanpasta","p2id":"calamarimar","formatid":"gen9ou","rating":0,"private":0,"password":""}