{"id":"gen9ou-1993441324","p1":"zmanciomattia","p2":"dwarfleader","format":"[Gen 9] OU","log":"|j|\u2606zmanciomattia\n|j|\u2606dwarfleader\n|t:|1700318314\n|gametype|singles\n|player|p1|zmanciomattia|101|1178\n|player|p2|dwarfleader|101|1204\n|teamsize|p1|6\n|teamsize|p2|6\n|gen|9\n|tier|[Gen 9] OU\n|rated|\n|rule|Sleep Clause Mod: Limit one foe put to sleep\n|rule|Species Clause: Limit one of each Pok\u00e9mon\n|rule|OHKO Clause: OHKO moves are banned\n|rule|Evasion Items Clause: Evasion items are banned\n|rule|Evasion Moves Clause: Evasion moves are banned\n|rule|Endless Battle Clause: Forcing endless battles is banned\n|rule|HP Percentage Mod: HP is shown in percentages\n|clearpoke\n|poke|p1|Gligar, F|\n|poke|p1|Dugtrio-Alola, F|\n|poke|p1|Azumarill, M|\n|poke|p1|Dragapult, F|\n|poke|p1|Heatran, F|\n|poke|p1|Ditto|\n|poke|p2|Barraskewda, M|\n|poke|p2|Pelipper, F|\n|poke|p2|Greninja-*, M|\n|poke|p2|Ogerpon, F|\n|poke|p2|Iron Valiant|\n|poke|p2|Dragapult, F|\n|teampreview\n|\n|t:|1700318325\n|start\n|switch|p1a: Gliscor Wannabe|Gligar, F, shiny|100\/100\n|switch|p2a: Dragapult|Dragapult, F|100\/100\n|turn|1\n|\n|t:|1700318333\n|move|p2a: Dragapult|Reflect|p2a: Dragapult\n|-sidestart|p2: dwarfleader|Reflect\n|move|p1a: Gliscor Wannabe|U-turn|p2a: Dragapult\n|-resisted|p2a: Dragapult\n|-damage|p2a: Dragapult|97\/100\n|-start|p1a: Gliscor Wannabe|Disable|U-turn|[from] ability: Cursed Body|[of] p2a: Dragapult\n|\n|t:|1700318343\n|switch|p1a: Meme di Spiderman|Ditto|100\/100|[from] U-turn\n|-transform|p1a: Meme di Spiderman|p2a: Dragapult|[from] ability: Imposter\n|\n|upkeep\n|turn|2\n|\n|t:|1700318354\n|move|p1a: Meme di Spiderman|Dragon Darts|p2a: Dragapult\n|-supereffective|p2a: Dragapult\n|-damage|p2a: Dragapult|75\/100\n|-start|p1a: Meme di Spiderman|Disable|Dragon Darts|[from] ability: Cursed Body|[of] p2a: Dragapult\n|-anim|p1a: Meme di Spiderman|Dragon Darts|p2a: Dragapult\n|-supereffective|p2a: Dragapult\n|-damage|p2a: Dragapult|52\/100\n|move|p2a: Dragapult|Dragon Darts|p1a: Meme di Spiderman\n|-supereffective|p1a: Meme di Spiderman\n|-damage|p1a: Meme di Spiderman|46\/100\n|-anim|p2a: Dragapult|Dragon Darts|p1a: Meme di Spiderman\n|-supereffective|p1a: Meme di Spiderman\n|-damage|p1a: Meme di Spiderman|0 fnt\n|faint|p1a: Meme di Spiderman\n|\n|upkeep\n|\n|t:|1700318365\n|switch|p1a: Spara Bambini|Dragapult, F|100\/100\n|turn|3\n|\n|t:|1700318374\n|-terastallize|p1a: Spara Bambini|Fairy\n|move|p2a: Dragapult|Dragon Darts|p1a: Spara Bambini\n|-immune|p1a: Spara Bambini\n|move|p1a: Spara Bambini|Tera Blast|p2a: Dragapult|[anim] Tera Blast Fairy\n|-supereffective|p2a: Dragapult\n|-damage|p2a: Dragapult|0 fnt\n|faint|p2a: Dragapult\n|-damage|p1a: Spara Bambini|91\/100|[from] item: Life Orb\n|\n|upkeep\n|\n|t:|1700318389\n|switch|p2a: Pelipper|Pelipper, F|100\/100\n|-weather|RainDance|[from] ability: Drizzle|[of] p2a: Pelipper\n|turn|4\n|\n|t:|1700318393\n|move|p1a: Spara Bambini|Thunderbolt|p2a: Pelipper\n|-supereffective|p2a: Pelipper\n|-damage|p2a: Pelipper|0 fnt\n|faint|p2a: Pelipper\n|-damage|p1a: Spara Bambini|81\/100|[from] item: Life Orb\n|\n|-weather|RainDance|[upkeep]\n|upkeep\n|\n|t:|1700318397\n|switch|p2a: Barraskewda|Barraskewda, M|100\/100\n|turn|5\n|\n|t:|1700318402\n|move|p2a: Barraskewda|Liquidation|p1a: Spara Bambini\n|-crit|p1a: Spara Bambini\n|-damage|p1a: Spara Bambini|0 fnt\n|faint|p1a: Spara Bambini\n|\n|-weather|RainDance|[upkeep]\n|upkeep\n|\n|t:|1700318413\n|switch|p1a: Pasquale|Azumarill, M|100\/100\n|turn|6\n|\n|t:|1700318425\n|move|p2a: Barraskewda|Liquidation|p1a: Pasquale\n|-resisted|p1a: Pasquale\n|-damage|p1a: Pasquale|40\/100\n|move|p1a: Pasquale|Ice Spinner|p2a: Barraskewda\n|-resisted|p2a: Barraskewda\n|-damage|p2a: Barraskewda|89\/100\n|-damage|p1a: Pasquale|30\/100|[from] item: Life Orb\n|\n|-weather|RainDance|[upkeep]\n|upkeep\n|turn|7\n|\n|t:|1700318430\n|move|p2a: Barraskewda|Liquidation|p1a: Pasquale\n|-resisted|p1a: Pasquale\n|-damage|p1a: Pasquale|0 fnt\n|faint|p1a: Pasquale\n|\n|-weather|RainDance|[upkeep]\n|upkeep\n|\n|t:|1700318448\n|switch|p1a: Stilish Dug|Dugtrio-Alola, F|100\/100\n|turn|8\n|\n|t:|1700318454\n|move|p2a: Barraskewda|Liquidation|p1a: Stilish Dug\n|-supereffective|p1a: Stilish Dug\n|-enditem|p1a: Stilish Dug|Focus Sash\n|-damage|p1a: Stilish Dug|1\/100\n|-ability|p1a: Stilish Dug|Tangling Hair\n|-unboost|p2a: Barraskewda|spe|1\n|move|p1a: Stilish Dug|Earthquake|p2a: Barraskewda\n|-damage|p2a: Barraskewda|48\/100\n|\n|-weather|RainDance|[upkeep]\n|-sideend|p2: dwarfleader|Reflect\n|upkeep\n|turn|9\n|\n|t:|1700318459\n|move|p2a: Barraskewda|Liquidation|p1a: Stilish Dug\n|-supereffective|p1a: Stilish Dug\n|-damage|p1a: Stilish Dug|0 fnt\n|-ability|p1a: Stilish Dug|Tangling Hair\n|-unboost|p2a: Barraskewda|spe|1\n|faint|p1a: Stilish Dug\n|\n|-weather|RainDance|[upkeep]\n|upkeep\n|\n|t:|1700318470\n|switch|p1a: Gliscor Wannabe|Gligar, F, shiny|100\/100\n|turn|10\n|\n|t:|1700318473\n|move|p2a: Barraskewda|Liquidation|p1a: Gliscor Wannabe\n|-supereffective|p1a: Gliscor Wannabe\n|-damage|p1a: Gliscor Wannabe|0 fnt\n|faint|p1a: Gliscor Wannabe\n|\n|-weather|RainDance|[upkeep]\n|upkeep\n|\n|t:|1700318479\n|switch|p1a: hentra??|Heatran, F|100\/100\n|-item|p1a: hentra??|Air Balloon\n|turn|11\n|\n|t:|1700318484\n|move|p2a: Barraskewda|Liquidation|p1a: hentra??\n|-supereffective|p1a: hentra??\n|-damage|p1a: hentra??|0 fnt\n|-enditem|p1a: hentra??|Air Balloon\n|faint|p1a: hentra??\n|\n|win|dwarfleader\n|raw|zmanciomattia's rating: 1178 &rarr; <strong>1155<\/strong><br \/>(-23 for losing)\n|raw|dwarfleader's rating: 1204 &rarr; <strong>1227<\/strong><br \/>(+23 for winning)\n","uploadtime":1700318490,"views":27,"p1id":"zmanciomattia","p2id":"dwarfleader","formatid":"gen9ou","rating":1155,"private":0,"password":""}