{"id":"gen9ou-1992197097","p1":"xcxcxxcxc","p2":"McD's Dollar Menu","format":"[Gen 9] OU","log":"|j|\u2606xcxcxxcxc\n|j|\u2606McD's Dollar Menu\n|t:|1700163047\n|gametype|singles\n|player|p1|xcxcxxcxc|lucas|1599\n|player|p2|McD's Dollar Menu|medium|1534\n|teamsize|p1|6\n|teamsize|p2|6\n|gen|9\n|tier|[Gen 9] OU\n|rated|\n|rule|Sleep Clause Mod: Limit one foe put to sleep\n|rule|Species Clause: Limit one of each Pok\u00e9mon\n|rule|OHKO Clause: OHKO moves are banned\n|rule|Evasion Items Clause: Evasion items are banned\n|rule|Evasion Moves Clause: Evasion moves are banned\n|rule|Endless Battle Clause: Forcing endless battles is banned\n|rule|HP Percentage Mod: HP is shown in percentages\n|clearpoke\n|poke|p1|Dragapult, F|\n|poke|p1|Rillaboom, F|\n|poke|p1|Sneasler, M|\n|poke|p1|Great Tusk|\n|poke|p1|Slowking-Galar, F|\n|poke|p1|Heatran, F|\n|poke|p2|Dragapult, M|\n|poke|p2|Dondozo, M|\n|poke|p2|Great Tusk|\n|poke|p2|Milotic, M|\n|poke|p2|Mandibuzz, F|\n|poke|p2|Skeledirge, M|\n|teampreview\n|inactive|Battle timer is ON: inactive players will automatically lose when time's up. (requested by McD's Dollar Menu)\n|\n|t:|1700163056\n|start\n|switch|p1a: Rillaboom|Rillaboom, F|100\/100\n|switch|p2a: Kendrick Lamar|Dragapult, M, shiny|100\/100\n|-fieldstart|move: Grassy Terrain|[from] ability: Grassy Surge|[of] p1a: Rillaboom\n|turn|1\n|\n|t:|1700163060\n|switch|p1a: Heatran|Heatran, F|100\/100\n|move|p2a: Kendrick Lamar|U-turn|p1a: Heatran\n|-resisted|p1a: Heatran\n|-damage|p1a: Heatran|97\/100\n|\n|t:|1700163064\n|switch|p2a: Dr. Dre|Milotic, M, shiny|100\/100|[from] U-turn\n|\n|-heal|p1a: Heatran|100\/100|[from] Grassy Terrain\n|upkeep\n|turn|2\n|\n|t:|1700163066\n|move|p1a: Heatran|Stealth Rock|p2a: Dr. Dre\n|-sidestart|p2: McD's Dollar Menu|move: Stealth Rock\n|move|p2a: Dr. Dre|Scald|p1a: Heatran\n|-supereffective|p1a: Heatran\n|-damage|p1a: Heatran|48\/100\n|\n|-heal|p1a: Heatran|54\/100|[from] Grassy Terrain\n|upkeep\n|turn|3\n|\n|t:|1700163069\n|switch|p1a: Rillaboom|Rillaboom, F|100\/100\n|move|p2a: Dr. Dre|Scald|p1a: Rillaboom\n|-resisted|p1a: Rillaboom\n|-damage|p1a: Rillaboom|83\/100\n|\n|-heal|p1a: Rillaboom|89\/100|[from] Grassy Terrain\n|upkeep\n|turn|4\n|\n|t:|1700163072\n|switch|p2a: Nicki Minaj|Mandibuzz, F, shiny|100\/100\n|move|p1a: Rillaboom|Knock Off|p2a: Nicki Minaj\n|-resisted|p2a: Nicki Minaj\n|-damage|p2a: Nicki Minaj|87\/100\n|-enditem|p2a: Nicki Minaj|Heavy-Duty Boots|[from] move: Knock Off|[of] p1a: Rillaboom\n|-damage|p1a: Rillaboom|79\/100|[from] item: Life Orb\n|\n|-heal|p1a: Rillaboom|85\/100|[from] Grassy Terrain\n|upkeep\n|turn|5\n|\n|t:|1700163076\n|move|p1a: Rillaboom|U-turn|p2a: Nicki Minaj\n|-damage|p2a: Nicki Minaj|68\/100\n|-damage|p1a: Rillaboom|75\/100|[from] item: Life Orb\n|\n|t:|1700163080\n|switch|p1a: Sneasler|Sneasler, M|100\/100|[from] U-turn\n|-enditem|p1a: Sneasler|Grassy Seed\n|-boost|p1a: Sneasler|def|1|[from] item: Grassy Seed\n|move|p2a: Nicki Minaj|Defog|p1a: Sneasler\n|-unboost|p1a: Sneasler|evasion|1\n|-sideend|p2: McD's Dollar Menu|Stealth Rock|[from] move: Defog|[of] p2a: Nicki Minaj\n|-fieldend|move: Grassy Terrain\n|\n|upkeep\n|turn|6\n|\n|t:|1700163084\n|move|p1a: Sneasler|Substitute|p1a: Sneasler\n|-start|p1a: Sneasler|Substitute\n|-damage|p1a: Sneasler|76\/100\n|move|p2a: Nicki Minaj|Roost|p2a: Nicki Minaj\n|-heal|p2a: Nicki Minaj|100\/100\n|-singleturn|p2a: Nicki Minaj|move: Roost\n|\n|upkeep\n|turn|7\n|\n|t:|1700163087\n|move|p1a: Sneasler|Swords Dance|p1a: Sneasler\n|-boost|p1a: Sneasler|atk|2\n|move|p2a: Nicki Minaj|Iron Defense|p2a: Nicki Minaj\n|-boost|p2a: Nicki Minaj|def|2\n|\n|upkeep\n|turn|8\n|\n|t:|1700163089\n|move|p1a: Sneasler|Gunk Shot|p2a: Nicki Minaj\n|-damage|p2a: Nicki Minaj|58\/100\n|move|p2a: Nicki Minaj|Iron Defense|p2a: Nicki Minaj\n|-boost|p2a: Nicki Minaj|def|2\n|\n|upkeep\n|turn|9\n|\n|t:|1700163093\n|move|p1a: Sneasler|Swords Dance|p1a: Sneasler\n|-boost|p1a: Sneasler|atk|2\n|move|p2a: Nicki Minaj|Roost|p2a: Nicki Minaj\n|-heal|p2a: Nicki Minaj|100\/100\n|-singleturn|p2a: Nicki Minaj|move: Roost\n|\n|upkeep\n|turn|10\n|\n|t:|1700163095\n|move|p1a: Sneasler|Swords Dance|p1a: Sneasler\n|-boost|p1a: Sneasler|atk|2\n|move|p2a: Nicki Minaj|Iron Defense|p2a: Nicki Minaj\n|-boost|p2a: Nicki Minaj|def|2\n|\n|upkeep\n|turn|11\n|\n|t:|1700163098\n|move|p1a: Sneasler|Gunk Shot|p2a: Nicki Minaj\n|-damage|p2a: Nicki Minaj|64\/100\n|-status|p2a: Nicki Minaj|psn\n|move|p2a: Nicki Minaj|Foul Play|p1a: Sneasler\n|-resisted|p1a: Sneasler\n|-end|p1a: Sneasler|Substitute\n|\n|-damage|p2a: Nicki Minaj|52\/100 psn|[from] psn\n|upkeep\n|turn|12\n|\n|t:|1700163102\n|move|p1a: Sneasler|Substitute|p1a: Sneasler\n|-start|p1a: Sneasler|Substitute\n|-damage|p1a: Sneasler|51\/100\n|move|p2a: Nicki Minaj|Foul Play|p1a: Sneasler\n|-resisted|p1a: Sneasler\n|-end|p1a: Sneasler|Substitute\n|\n|-damage|p2a: Nicki Minaj|39\/100 psn|[from] psn\n|upkeep\n|turn|13\n|\n|t:|1700163105\n|move|p1a: Sneasler|Close Combat|p2a: Nicki Minaj\n|-damage|p2a: Nicki Minaj|0 fnt\n|-unboost|p1a: Sneasler|def|1\n|-unboost|p1a: Sneasler|spd|1\n|faint|p2a: Nicki Minaj\n|\n|upkeep\n|\n|t:|1700163109\n|switch|p2a: Slim Shady|Skeledirge, M, shiny|100\/100\n|turn|14\n|\n|t:|1700163113\n|move|p1a: Sneasler|Gunk Shot|p2a: Slim Shady\n|-resisted|p2a: Slim Shady\n|-damage|p2a: Slim Shady|73\/100\n|move|p2a: Slim Shady|Torch Song|p1a: Sneasler\n|-damage|p1a: Sneasler|12\/100\n|-boost|p2a: Slim Shady|spa|1\n|\n|upkeep\n|turn|15\n|\n|t:|1700163116\n|move|p1a: Sneasler|Gunk Shot|p2a: Slim Shady\n|-resisted|p2a: Slim Shady\n|-damage|p2a: Slim Shady|45\/100\n|move|p2a: Slim Shady|Hex|p1a: Sneasler\n|-damage|p1a: Sneasler|0 fnt\n|faint|p1a: Sneasler\n|\n|upkeep\n|\n|t:|1700163119\n|switch|p1a: Rillaboom|Rillaboom, F|75\/100\n|-fieldstart|move: Grassy Terrain|[from] ability: Grassy Surge|[of] p1a: Rillaboom\n|turn|16\n|\n|t:|1700163128\n|switch|p2a: Notorious B.I.G.|Dondozo, M, shiny|100\/100\n|move|p1a: Rillaboom|U-turn|p2a: Notorious B.I.G.\n|-damage|p2a: Notorious B.I.G.|87\/100\n|-damage|p1a: Rillaboom|65\/100|[from] item: Life Orb\n|\n|t:|1700163131\n|switch|p1a: Dragapult|Dragapult, F|100\/100|[from] U-turn\n|\n|-heal|p2a: Notorious B.I.G.|93\/100|[from] Grassy Terrain\n|upkeep\n|turn|17\n|\n|t:|1700163133\n|switch|p2a: Dr. Dre|Milotic, M, shiny|100\/100\n|move|p1a: Dragapult|Thunder Wave|p2a: Dr. Dre\n|-status|p2a: Dr. Dre|par\n|\n|upkeep\n|turn|18\n|\n|t:|1700163137\n|move|p1a: Dragapult|Hex|p2a: Dr. Dre\n|-damage|p2a: Dr. Dre|75\/100 par\n|move|p2a: Dr. Dre|Mirror Coat|p1a: Dragapult\n|-damage|p1a: Dragapult|46\/100\n|\n|-heal|p1a: Dragapult|52\/100|[from] Grassy Terrain\n|-heal|p1a: Dragapult|58\/100|[from] item: Leftovers\n|-heal|p2a: Dr. Dre|81\/100 par|[from] Grassy Terrain\n|-heal|p2a: Dr. Dre|87\/100 par|[from] item: Leftovers\n|upkeep\n|turn|19\n|\n|t:|1700163142\n|switch|p1a: Heatran|Heatran, F|54\/100\n|move|p2a: Dr. Dre|Scald|p1a: Heatran\n|-supereffective|p1a: Heatran\n|-damage|p1a: Heatran|0 fnt\n|faint|p1a: Heatran\n|\n|-heal|p2a: Dr. Dre|93\/100 par|[from] Grassy Terrain\n|-heal|p2a: Dr. Dre|99\/100 par|[from] item: Leftovers\n|upkeep\n|\n|t:|1700163144\n|switch|p1a: Slowking|Slowking-Galar, F|100\/100\n|turn|20\n|\n|t:|1700163148\n|switch|p2a: Slim Shady|Skeledirge, M, shiny|45\/100\n|move|p1a: Slowking|Future Sight|p2a: Slim Shady\n|-start|p1a: Slowking|move: Future Sight\n|\n|-heal|p2a: Slim Shady|51\/100|[from] Grassy Terrain\n|-fieldend|move: Grassy Terrain\n|upkeep\n|turn|21\n|\n|t:|1700163156\n|switch|p1a: Great Tusk|Great Tusk|100\/100\n|-enditem|p1a: Great Tusk|Booster Energy\n|-activate|p1a: Great Tusk|ability: Protosynthesis|[fromitem]\n|-start|p1a: Great Tusk|protosynthesisspe\n|move|p2a: Slim Shady|Will-O-Wisp|p1a: Great Tusk\n|-status|p1a: Great Tusk|brn\n|\n|-damage|p1a: Great Tusk|94\/100 brn|[from] brn\n|upkeep\n|turn|22\n|\n|t:|1700163163\n|move|p1a: Great Tusk|Headlong Rush|p2a: Slim Shady\n|-supereffective|p2a: Slim Shady\n|-damage|p2a: Slim Shady|6\/100\n|-unboost|p1a: Great Tusk|def|1\n|-unboost|p1a: Great Tusk|spd|1\n|move|p2a: Slim Shady|Slack Off|p2a: Slim Shady\n|-heal|p2a: Slim Shady|56\/100\n|\n|-end|p2a: Slim Shady|move: Future Sight\n|-damage|p2a: Slim Shady|12\/100\n|-damage|p1a: Great Tusk|88\/100 brn|[from] brn\n|upkeep\n|turn|23\n|\n|t:|1700163167\n|switch|p2a: Notorious B.I.G.|Dondozo, M, shiny|93\/100\n|move|p1a: Great Tusk|Headlong Rush|p2a: Notorious B.I.G.\n|-damage|p2a: Notorious B.I.G.|81\/100\n|-unboost|p1a: Great Tusk|def|1\n|-unboost|p1a: Great Tusk|spd|1\n|\n|-damage|p1a: Great Tusk|82\/100 brn|[from] brn\n|upkeep\n|turn|24\n|\n|t:|1700163173\n|-end|p1a: Great Tusk|Protosynthesis|[silent]\n|switch|p1a: Slowking|Slowking-Galar, F|100\/100\n|move|p2a: Notorious B.I.G.|Liquidation|p1a: Slowking\n|-damage|p1a: Slowking|73\/100\n|\n|upkeep\n|turn|25\n|\n|t:|1700163177\n|switch|p2a: Slim Shady|Skeledirge, M, shiny|12\/100\n|move|p1a: Slowking|Future Sight|p2a: Slim Shady\n|-start|p1a: Slowking|move: Future Sight\n|\n|upkeep\n|turn|26\n|\n|t:|1700163179\n|switch|p1a: Rillaboom|Rillaboom, F|65\/100\n|-fieldstart|move: Grassy Terrain|[from] ability: Grassy Surge|[of] p1a: Rillaboom\n|move|p2a: Slim Shady|Slack Off|p2a: Slim Shady\n|-heal|p2a: Slim Shady|63\/100\n|\n|-heal|p1a: Rillaboom|71\/100|[from] Grassy Terrain\n|-heal|p2a: Slim Shady|69\/100|[from] Grassy Terrain\n|upkeep\n|turn|27\n|\n|t:|1700163194\n|move|p1a: Rillaboom|Knock Off|p2a: Slim Shady\n|-supereffective|p2a: Slim Shady\n|-damage|p2a: Slim Shady|0 fnt\n|-enditem|p2a: Slim Shady|Heavy-Duty Boots|[from] move: Knock Off|[of] p1a: Rillaboom\n|faint|p2a: Slim Shady\n|-damage|p1a: Rillaboom|61\/100|[from] item: Life Orb\n|\n|-hint|Future Sight did not hit because the target is fainted.\n|-heal|p1a: Rillaboom|68\/100|[from] Grassy Terrain\n|upkeep\n|\n|t:|1700163196\n|switch|p2a: Kendrick Lamar|Dragapult, M, shiny|100\/100\n|turn|28\n|\n|t:|1700163199\n|switch|p1a: Great Tusk|Great Tusk|82\/100 brn\n|move|p2a: Kendrick Lamar|Shadow Ball|p1a: Great Tusk\n|-damage|p1a: Great Tusk|18\/100 brn\n|\n|-heal|p1a: Great Tusk|24\/100 brn|[from] Grassy Terrain\n|-damage|p1a: Great Tusk|18\/100 brn|[from] brn\n|upkeep\n|turn|29\n|\n|t:|1700163201\n|move|p2a: Kendrick Lamar|Shadow Ball|p1a: Great Tusk\n|-damage|p1a: Great Tusk|0 fnt\n|faint|p1a: Great Tusk\n|-end|p1a: Great Tusk|Protosynthesis|[silent]\n|\n|upkeep\n|\n|t:|1700163204\n|switch|p1a: Slowking|Slowking-Galar, F|100\/100\n|turn|30\n|\n|t:|1700163209\n|-terastallize|p1a: Slowking|Flying\n|move|p2a: Kendrick Lamar|Shadow Ball|p1a: Slowking\n|-damage|p1a: Slowking|76\/100\n|move|p1a: Slowking|Future Sight|p2a: Kendrick Lamar\n|-start|p1a: Slowking|move: Future Sight\n|\n|-fieldend|move: Grassy Terrain\n|upkeep\n|turn|31\n|\n|t:|1700163212\n|move|p2a: Kendrick Lamar|Shadow Ball|p1a: Slowking\n|-damage|p1a: Slowking|52\/100\n|move|p1a: Slowking|Sludge Bomb|p2a: Kendrick Lamar\n|-resisted|p2a: Kendrick Lamar\n|-damage|p2a: Kendrick Lamar|73\/100\n|\n|upkeep\n|turn|32\n|\n|t:|1700163218\n|switch|p2a: Dr. Dre|Milotic, M, shiny|99\/100 par\n|move|p1a: Slowking|Sludge Bomb|p2a: Dr. Dre\n|-damage|p2a: Dr. Dre|74\/100 par\n|\n|-end|p2a: Dr. Dre|move: Future Sight\n|-damage|p2a: Dr. Dre|44\/100 par\n|-heal|p2a: Dr. Dre|50\/100 par|[from] item: Leftovers\n|upkeep\n|turn|33\n|\n|t:|1700163223\n|switch|p2a: Kendrick Lamar|Dragapult, M, shiny|73\/100\n|switch|p1a: Rillaboom|Rillaboom, F|68\/100\n|-fieldstart|move: Grassy Terrain|[from] ability: Grassy Surge|[of] p1a: Rillaboom\n|\n|-heal|p2a: Kendrick Lamar|79\/100|[from] Grassy Terrain\n|-heal|p1a: Rillaboom|74\/100|[from] Grassy Terrain\n|upkeep\n|turn|34\n|\n|t:|1700163229\n|switch|p1a: Slowking|Slowking-Galar, F, tera:Flying|85\/100\n|-terastallize|p2a: Kendrick Lamar|Ghost\n|move|p2a: Kendrick Lamar|Shadow Ball|p1a: Slowking\n|-damage|p1a: Slowking|50\/100\n|\n|-heal|p2a: Kendrick Lamar|85\/100|[from] Grassy Terrain\n|upkeep\n|turn|35\n|\n|t:|1700163233\n|move|p2a: Kendrick Lamar|Shadow Ball|p1a: Slowking\n|-damage|p1a: Slowking|16\/100\n|move|p1a: Slowking|Future Sight|p2a: Kendrick Lamar\n|-start|p1a: Slowking|move: Future Sight\n|\n|-heal|p2a: Kendrick Lamar|91\/100|[from] Grassy Terrain\n|upkeep\n|turn|36\n|\n|t:|1700163236\n|switch|p1a: Dragapult|Dragapult, F|58\/100\n|move|p2a: Kendrick Lamar|Shadow Ball|p1a: Dragapult\n|-supereffective|p1a: Dragapult\n|-damage|p1a: Dragapult|0 fnt\n|faint|p1a: Dragapult\n|\n|-heal|p2a: Kendrick Lamar|97\/100|[from] Grassy Terrain\n|upkeep\n|\n|t:|1700163238\n|switch|p1a: Slowking|Slowking-Galar, F, tera:Flying|50\/100\n|turn|37\n|\n|t:|1700163241\n|switch|p2a: Dr. Dre|Milotic, M, shiny|50\/100 par\n|move|p1a: Slowking|Sludge Bomb|p2a: Dr. Dre\n|-damage|p2a: Dr. Dre|27\/100 par\n|\n|-end|p2a: Dr. Dre|move: Future Sight\n|-damage|p2a: Dr. Dre|0 fnt\n|faint|p2a: Dr. Dre\n|-fieldend|move: Grassy Terrain\n|upkeep\n|\n|t:|1700163243\n|switch|p2a: Kendrick Lamar|Dragapult, M, shiny, tera:Ghost|97\/100\n|turn|38\n|\n|t:|1700163248\n|move|p2a: Kendrick Lamar|Shadow Ball|p1a: Slowking\n|-damage|p1a: Slowking|16\/100\n|move|p1a: Slowking|Sludge Bomb|p2a: Kendrick Lamar\n|-resisted|p2a: Kendrick Lamar\n|-damage|p2a: Kendrick Lamar|69\/100\n|-status|p2a: Kendrick Lamar|psn\n|\n|-damage|p2a: Kendrick Lamar|56\/100 psn|[from] psn\n|upkeep\n|turn|39\n|\n|t:|1700163251\n|move|p2a: Kendrick Lamar|Shadow Ball|p1a: Slowking\n|-damage|p1a: Slowking|0 fnt\n|faint|p1a: Slowking\n|\n|-damage|p2a: Kendrick Lamar|44\/100 psn|[from] psn\n|upkeep\n|\n|t:|1700163253\n|switch|p1a: Rillaboom|Rillaboom, F|74\/100\n|-fieldstart|move: Grassy Terrain|[from] ability: Grassy Surge|[of] p1a: Rillaboom\n|turn|40\n|\n|t:|1700163257\n|move|p1a: Rillaboom|Grassy Glide|p2a: Kendrick Lamar\n|-damage|p2a: Kendrick Lamar|0 fnt\n|faint|p2a: Kendrick Lamar\n|-damage|p1a: Rillaboom|64\/100|[from] item: Life Orb\n|\n|-heal|p1a: Rillaboom|70\/100|[from] Grassy Terrain\n|upkeep\n|\n|t:|1700163260\n|switch|p2a: 50 Cent|Great Tusk|100\/100\n|turn|41\n|\n|t:|1700163264\n|move|p1a: Rillaboom|Grassy Glide|p2a: 50 Cent\n|-supereffective|p2a: 50 Cent\n|-damage|p2a: 50 Cent|33\/100\n|-damage|p1a: Rillaboom|60\/100|[from] item: Life Orb\n|move|p2a: 50 Cent|Ice Spinner|p1a: Rillaboom\n|-supereffective|p1a: Rillaboom\n|-damage|p1a: Rillaboom|13\/100\n|-fieldend|move: Grassy Terrain\n|\n|-heal|p2a: 50 Cent|40\/100|[from] item: Leftovers\n|upkeep\n|turn|42\n|\n|t:|1700163270\n|move|p1a: Rillaboom|Grassy Glide|p2a: 50 Cent\n|-supereffective|p2a: 50 Cent\n|-damage|p2a: 50 Cent|0 fnt\n|faint|p2a: 50 Cent\n|-end|p2a: 50 Cent|Protosynthesis|[silent]\n|-damage|p1a: Rillaboom|3\/100|[from] item: Life Orb\n|\n|upkeep\n|\n|t:|1700163271\n|switch|p2a: Notorious B.I.G.|Dondozo, M, shiny|81\/100\n|turn|43\n|\n|t:|1700163274\n|move|p1a: Rillaboom|Grassy Glide|p2a: Notorious B.I.G.\n|-supereffective|p2a: Notorious B.I.G.\n|-damage|p2a: Notorious B.I.G.|45\/100\n|-damage|p1a: Rillaboom|0 fnt|[from] item: Life Orb\n|faint|p1a: Rillaboom\n|\n|win|McD's Dollar Menu\n|raw|xcxcxxcxc's rating: 1599 &rarr; <strong>1575<\/strong><br \/>(-24 for losing)\n|raw|McD&apos;s Dollar Menu's rating: 1534 &rarr; <strong>1558<\/strong><br \/>(+24 for winning)\n|c|\u2606xcxcxxcxc|gg\n|c|\u2606McD's Dollar Menu|gg\n|l|\u2606xcxcxxcxc\n","uploadtime":1700163286,"views":9,"p1id":"xcxcxxcxc","p2id":"mcdsdollarmenu","formatid":"gen9ou","rating":1558,"private":0,"password":""}