{"id":"gen9ou-2000079046","p1":"MonadoMaelstrom","p2":"J.arch","format":"[Gen 9] OU","log":"|j|\u2606MonadoMaelstrom\n|j|\u2606J.arch\n|t:|1701150846\n|gametype|singles\n|player|p1|MonadoMaelstrom|sonia-professor|1125\n|player|p2|J.arch|blue|1209\n|teamsize|p1|6\n|teamsize|p2|6\n|gen|9\n|tier|[Gen 9] OU\n|rated|\n|rule|Sleep Clause Mod: Limit one foe put to sleep\n|rule|Species Clause: Limit one of each Pok\u00e9mon\n|rule|OHKO Clause: OHKO moves are banned\n|rule|Evasion Items Clause: Evasion items are banned\n|rule|Evasion Moves Clause: Evasion moves are banned\n|rule|Endless Battle Clause: Forcing endless battles is banned\n|rule|HP Percentage Mod: HP is shown in percentages\n|clearpoke\n|poke|p1|Kingambit, M|\n|poke|p1|Iron Valiant|\n|poke|p1|Ogerpon-Wellspring, F|\n|poke|p1|Goodra-Hisui, F|\n|poke|p1|Heatran, M|\n|poke|p1|Iron Treads|\n|poke|p2|Dragonite, F|\n|poke|p2|Gengar, F|\n|poke|p2|Scizor, M|\n|poke|p2|Tyranitar, M|\n|poke|p2|Rotom-Wash|\n|poke|p2|Clefable, M|\n|teampreview\n|inactive|Battle timer is ON: inactive players will automatically lose when time's up. (requested by MonadoMaelstrom)\n|\n|t:|1701150856\n|start\n|switch|p1a: Gumball|Ogerpon-Wellspring, F|100\/100\n|switch|p2a: Rotom|Rotom-Wash|100\/100\n|turn|1\n|\n|t:|1701150877\n|switch|p2a: Scizor|Scizor, M|100\/100\n|move|p1a: Gumball|Power Whip|p2a: Scizor\n|-resisted|p2a: Scizor\n|-damage|p2a: Scizor|83\/100\n|\n|upkeep\n|turn|2\n|\n|t:|1701150889\n|switch|p1a: Heatran|Heatran, M|100\/100\n|move|p2a: Scizor|U-turn|p1a: Heatran\n|-resisted|p1a: Heatran\n|-crit|p1a: Heatran\n|-damage|p1a: Heatran|76\/100\n|\n|t:|1701150902\n|switch|p2a: Tyranitar|Tyranitar, M|100\/100|[from] U-turn\n|-weather|Sandstorm|[from] ability: Sand Stream|[of] p2a: Tyranitar\n|\n|-weather|Sandstorm|[upkeep]\n|-heal|p1a: Heatran|83\/100|[from] item: Leftovers\n|upkeep\n|turn|3\n|\n|t:|1701150910\n|switch|p1a: Plant|Goodra-Hisui, F|100\/100\n|move|p2a: Tyranitar|Stealth Rock|p1a: Plant\n|-sidestart|p1: MonadoMaelstrom|move: Stealth Rock\n|\n|-weather|Sandstorm|[upkeep]\n|upkeep\n|turn|4\n|\n|t:|1701150919\n|move|p2a: Tyranitar|Curse|p2a: Tyranitar\n|-unboost|p2a: Tyranitar|spe|1\n|-boost|p2a: Tyranitar|atk|1\n|-boost|p2a: Tyranitar|def|1\n|move|p1a: Plant|Knock Off|p2a: Tyranitar\n|-resisted|p2a: Tyranitar\n|-damage|p2a: Tyranitar|96\/100\n|-enditem|p2a: Tyranitar|Leftovers|[from] move: Knock Off|[of] p1a: Plant\n|\n|-weather|Sandstorm|[upkeep]\n|upkeep\n|turn|5\n|\n|t:|1701150928\n|move|p1a: Plant|Flash Cannon|p2a: Tyranitar\n|-supereffective|p2a: Tyranitar\n|-crit|p2a: Tyranitar\n|-damage|p2a: Tyranitar|57\/100\n|move|p2a: Tyranitar|Earthquake|p1a: Plant\n|-supereffective|p1a: Plant\n|-damage|p1a: Plant|35\/100\n|\n|-weather|Sandstorm|[upkeep]\n|upkeep\n|turn|6\n|\n|t:|1701150939\n|move|p1a: Plant|Flash Cannon|p2a: Tyranitar\n|-supereffective|p2a: Tyranitar\n|-damage|p2a: Tyranitar|32\/100\n|move|p2a: Tyranitar|Earthquake|p1a: Plant\n|-supereffective|p1a: Plant\n|-damage|p1a: Plant|0 fnt\n|faint|p1a: Plant\n|\n|-weather|none\n|upkeep\n|\n|t:|1701150952\n|switch|p1a: Gumball|Ogerpon-Wellspring, F|100\/100\n|-damage|p1a: Gumball|88\/100|[from] Stealth Rock\n|turn|7\n|\n|t:|1701150963\n|move|p1a: Gumball|Power Whip|p2a: Tyranitar\n|-supereffective|p2a: Tyranitar\n|-damage|p2a: Tyranitar|0 fnt\n|faint|p2a: Tyranitar\n|\n|upkeep\n|\n|t:|1701150968\n|switch|p2a: Scizor|Scizor, M|83\/100\n|turn|8\n|\n|t:|1701150982\n|switch|p1a: Robo Plant|Iron Treads|100\/100\n|move|p2a: Scizor|U-turn|p1a: Robo Plant\n|-resisted|p1a: Robo Plant\n|-damage|p1a: Robo Plant|79\/100\n|\n|t:|1701150989\n|switch|p2a: Rotom|Rotom-Wash|100\/100|[from] U-turn\n|\n|upkeep\n|turn|9\n|\n|t:|1701150997\n|move|p2a: Rotom|Hydro Pump|p1a: Robo Plant\n|-supereffective|p1a: Robo Plant\n|-damage|p1a: Robo Plant|0 fnt\n|faint|p1a: Robo Plant\n|-end|p1a: Robo Plant|Quark Drive|[silent]\n|\n|upkeep\n|\n|t:|1701150999\n|switch|p1a: Gumball|Ogerpon-Wellspring, F|88\/100\n|-damage|p1a: Gumball|76\/100|[from] Stealth Rock\n|turn|10\n|\n|t:|1701151005\n|switch|p2a: Scizor|Scizor, M|83\/100\n|move|p1a: Gumball|Power Whip|p2a: Scizor\n|-resisted|p2a: Scizor\n|-damage|p2a: Scizor|64\/100\n|\n|upkeep\n|turn|11\n|\n|t:|1701151012\n|-terastallize|p1a: Gumball|Water\n|detailschange|p1a: Gumball|Ogerpon-Wellspring-Tera, F, tera:Water\n|-ability|p1a: Gumball|Embody Aspect (Wellspring)|boost\n|-boost|p1a: Gumball|spd|1\n|move|p1a: Gumball|Ivy Cudgel|p2a: Scizor|[anim] Ivy Cudgel Water\n|-damage|p2a: Scizor|0 fnt\n|faint|p2a: Scizor\n|\n|upkeep\n|\n|t:|1701151025\n|switch|p2a: Dragonite|Dragonite, F|100\/100\n|turn|12\n|\n|t:|1701151029\n|move|p1a: Gumball|U-turn|p2a: Dragonite\n|-resisted|p2a: Dragonite\n|-damage|p2a: Dragonite|93\/100\n|\n|t:|1701151030\n|switch|p1a: Gender Neutral|Iron Valiant|100\/100|[from] U-turn\n|-damage|p1a: Gender Neutral|94\/100|[from] Stealth Rock\n|move|p2a: Dragonite|Dragon Dance|p2a: Dragonite\n|-boost|p2a: Dragonite|atk|1\n|-boost|p2a: Dragonite|spe|1\n|\n|upkeep\n|turn|13\n|\n|t:|1701151041\n|-terastallize|p2a: Dragonite|Normal\n|move|p2a: Dragonite|Extreme Speed|p1a: Gender Neutral\n|-damage|p1a: Gender Neutral|9\/100\n|move|p1a: Gender Neutral|Moonblast|p2a: Dragonite\n|-damage|p2a: Dragonite|41\/100\n|-unboost|p2a: Dragonite|spa|1\n|\n|upkeep\n|turn|14\n|\n|t:|1701151050\n|move|p2a: Dragonite|Extreme Speed|p1a: Gender Neutral\n|-damage|p1a: Gender Neutral|0 fnt\n|faint|p1a: Gender Neutral\n|-end|p1a: Gender Neutral|Quark Drive|[silent]\n|\n|upkeep\n|\n|t:|1701151057\n|switch|p1a: White Pawn E4|Kingambit, M|100\/100\n|-damage|p1a: White Pawn E4|94\/100|[from] Stealth Rock\n|-activate|p1a: White Pawn E4|ability: Supreme Overlord\n|-start|p1a: White Pawn E4|fallen3|[silent]\n|turn|15\n|\n|t:|1701151064\n|move|p2a: Dragonite|Earthquake|p1a: White Pawn E4\n|-supereffective|p1a: White Pawn E4\n|-damage|p1a: White Pawn E4|13\/100\n|move|p1a: White Pawn E4|Kowtow Cleave|p2a: Dragonite\n|-damage|p2a: Dragonite|0 fnt\n|faint|p2a: Dragonite\n|\n|-heal|p1a: White Pawn E4|19\/100|[from] item: Leftovers\n|upkeep\n|\n|t:|1701151080\n|switch|p2a: Rotom|Rotom-Wash|100\/100\n|turn|16\n|\n|t:|1701151084\n|-end|p1a: White Pawn E4|fallen3|[silent]\n|switch|p1a: Heatran|Heatran, M|83\/100\n|-damage|p1a: Heatran|70\/100|[from] Stealth Rock\n|move|p2a: Rotom|Volt Switch|p1a: Heatran\n|-damage|p1a: Heatran|41\/100\n|\n|t:|1701151092\n|switch|p2a: Gengar|Gengar, F|100\/100|[from] Volt Switch\n|\n|-heal|p1a: Heatran|47\/100|[from] item: Leftovers\n|upkeep\n|turn|17\n|\n|t:|1701151099\n|move|p2a: Gengar|Focus Blast|p1a: Heatran\n|-supereffective|p1a: Heatran\n|-damage|p1a: Heatran|0 fnt\n|faint|p1a: Heatran\n|\n|upkeep\n|\n|t:|1701151101\n|switch|p1a: Gumball|Ogerpon-Wellspring-Tera, F, tera:Water|76\/100\n|-damage|p1a: Gumball|64\/100|[from] Stealth Rock\n|-ability|p1a: Gumball|Embody Aspect (Wellspring)|boost\n|-boost|p1a: Gumball|spd|1\n|turn|18\n|\n|t:|1701151112\n|switch|p2a: Rotom|Rotom-Wash|100\/100\n|move|p1a: Gumball|Ivy Cudgel|p2a: Rotom|[anim] Ivy Cudgel Water\n|-resisted|p2a: Rotom\n|-damage|p2a: Rotom|61\/100\n|\n|upkeep\n|turn|19\n|\n|t:|1701151123\n|move|p1a: Gumball|Power Whip|p2a: Rotom\n|-supereffective|p2a: Rotom\n|-damage|p2a: Rotom|0 fnt\n|faint|p2a: Rotom\n|\n|upkeep\n|\n|t:|1701151139\n|switch|p2a: Gengar|Gengar, F|100\/100\n|turn|20\n|c|\u2606MonadoMaelstrom|rng time\n|\n|t:|1701151147\n|move|p2a: Gengar|Sludge Bomb|p1a: Gumball\n|-damage|p1a: Gumball|24\/100\n|move|p1a: Gumball|Ivy Cudgel|p2a: Gengar|[anim] Ivy Cudgel Water\n|-damage|p2a: Gengar|0 fnt\n|faint|p2a: Gengar\n|\n|upkeep\n|c|\u2606MonadoMaelstrom|respect\n|\n|t:|1701151154\n|switch|p2a: Clefable|Clefable, M|100\/100\n|turn|21\n|\n|t:|1701151157\n|move|p1a: Gumball|Ivy Cudgel|p2a: Clefable|[anim] Ivy Cudgel Water\n|-damage|p2a: Clefable|37\/100\n|move|p2a: Clefable|Moonblast|p1a: Gumball\n|-damage|p1a: Gumball|1\/100\n|\n|-heal|p2a: Clefable|43\/100|[from] item: Leftovers\n|upkeep\n|turn|22\n|c|\u2606MonadoMaelstrom|gg\n|\n|t:|1701151168\n|move|p1a: Gumball|Ivy Cudgel|p2a: Clefable|[anim] Ivy Cudgel Water\n|-damage|p2a: Clefable|0 fnt\n|faint|p2a: Clefable\n|\n|win|MonadoMaelstrom\n|raw|MonadoMaelstrom's rating: 1125 &rarr; <strong>1156<\/strong><br \/>(+31 for winning)\n|raw|J.arch's rating: 1209 &rarr; <strong>1178<\/strong><br \/>(-31 for losing)\n","uploadtime":1701151175,"views":13,"p1id":"monadomaelstrom","p2id":"jarch","formatid":"gen9ou","rating":1156,"private":0,"password":""}