{"id":"gen9ou-1992743554","p1":"Ralphael96","p2":"UrSheerForce","format":"[Gen 9] OU","log":"|j|\u2606Ralphael96\n|j|\u2606UrSheerForce\n|t:|1700231356\n|gametype|singles\n|player|p1|Ralphael96|cynthia|1496\n|player|p2|UrSheerForce|bruno-gen2|1581\n|teamsize|p1|6\n|teamsize|p2|6\n|gen|9\n|tier|[Gen 9] OU\n|rated|\n|rule|Sleep Clause Mod: Limit one foe put to sleep\n|rule|Species Clause: Limit one of each Pok\u00e9mon\n|rule|OHKO Clause: OHKO moves are banned\n|rule|Evasion Items Clause: Evasion items are banned\n|rule|Evasion Moves Clause: Evasion moves are banned\n|rule|Endless Battle Clause: Forcing endless battles is banned\n|rule|HP Percentage Mod: HP is shown in percentages\n|clearpoke\n|poke|p1|Rotom-Mow|\n|poke|p1|Landorus-Therian, M|\n|poke|p1|Skeledirge, F|\n|poke|p1|Cyclizar, F|\n|poke|p1|Gengar, M|\n|poke|p1|Goodra-Hisui, F|\n|poke|p2|Sinistcha-Masterpiece|\n|poke|p2|Ogerpon-Wellspring, F|\n|poke|p2|Heatran, M|\n|poke|p2|Kingambit, M|\n|poke|p2|Iron Valiant|\n|poke|p2|Great Tusk|\n|teampreview\n|inactive|Battle timer is ON: inactive players will automatically lose when time's up. (requested by UrSheerForce)\n|\n|t:|1700231378\n|start\n|switch|p1a: Landorus|Landorus-Therian, M|100\/100\n|switch|p2a: Treadwrong Crush|Great Tusk|100\/100\n|-ability|p1a: Landorus|Intimidate|boost\n|-unboost|p2a: Treadwrong Crush|atk|1\n|turn|1\n|\n|t:|1700231387\n|switch|p1a: Rotom|Rotom-Mow|100\/100\n|move|p2a: Treadwrong Crush|Knock Off|p1a: Rotom\n|-damage|p1a: Rotom|79\/100\n|-enditem|p1a: Rotom|Leftovers|[from] move: Knock Off|[of] p2a: Treadwrong Crush\n|\n|upkeep\n|turn|2\n|\n|t:|1700231398\n|-end|p2a: Treadwrong Crush|Protosynthesis|[silent]\n|switch|p2a: Gilliam II|Heatran, M|100\/100\n|-item|p2a: Gilliam II|Air Balloon\n|move|p1a: Rotom|Volt Switch|p2a: Gilliam II\n|-damage|p2a: Gilliam II|71\/100\n|-enditem|p2a: Gilliam II|Air Balloon\n|\n|t:|1700231408\n|switch|p1a: Landorus|Landorus-Therian, M|100\/100|[from] Volt Switch\n|-ability|p1a: Landorus|Intimidate|boost\n|-unboost|p2a: Gilliam II|atk|1\n|\n|upkeep\n|turn|3\n|\n|t:|1700231414\n|move|p1a: Landorus|Earthquake|p2a: Gilliam II\n|-supereffective|p2a: Gilliam II\n|-damage|p2a: Gilliam II|0 fnt\n|faint|p2a: Gilliam II\n|\n|upkeep\n|\n|t:|1700231419\n|switch|p2a: Twilight Suzuka|Ogerpon-Wellspring, F|100\/100\n|turn|4\n|\n|t:|1700231424\n|switch|p1a: Rotom|Rotom-Mow|79\/100\n|move|p2a: Twilight Suzuka|Ivy Cudgel|p1a: Rotom|[anim] Ivy Cudgel Water\n|-resisted|p1a: Rotom\n|-damage|p1a: Rotom|54\/100\n|\n|upkeep\n|turn|5\n|\n|t:|1700231432\n|move|p2a: Twilight Suzuka|Ivy Cudgel|p1a: Rotom|[anim] Ivy Cudgel Water\n|-resisted|p1a: Rotom\n|-damage|p1a: Rotom|29\/100\n|move|p1a: Rotom|Will-O-Wisp|p2a: Twilight Suzuka\n|-status|p2a: Twilight Suzuka|brn\n|\n|-damage|p2a: Twilight Suzuka|95\/100 brn|[from] brn\n|upkeep\n|turn|6\n|\n|t:|1700231441\n|move|p2a: Twilight Suzuka|Ivy Cudgel|p1a: Rotom|[anim] Ivy Cudgel Water\n|-resisted|p1a: Rotom\n|-damage|p1a: Rotom|17\/100\n|move|p1a: Rotom|Leaf Storm|p2a: Twilight Suzuka\n|-damage|p2a: Twilight Suzuka|38\/100 brn\n|-unboost|p1a: Rotom|spa|2\n|\n|-damage|p2a: Twilight Suzuka|32\/100 brn|[from] brn\n|upkeep\n|turn|7\n|\n|t:|1700231451\n|move|p2a: Twilight Suzuka|Horn Leech|p1a: Rotom\n|-resisted|p1a: Rotom\n|-damage|p1a: Rotom|7\/100\n|-heal|p2a: Twilight Suzuka|37\/100 brn|[from] drain|[of] p1a: Rotom\n|move|p1a: Rotom|Leaf Storm|p2a: Twilight Suzuka\n|-damage|p2a: Twilight Suzuka|8\/100 brn\n|-unboost|p1a: Rotom|spa|2\n|\n|-damage|p2a: Twilight Suzuka|2\/100 brn|[from] brn\n|upkeep\n|turn|8\n|\n|t:|1700231462\n|move|p1a: Rotom|Protect|p1a: Rotom\n|-singleturn|p1a: Rotom|Protect\n|move|p2a: Twilight Suzuka|Horn Leech|p1a: Rotom\n|-activate|p1a: Rotom|move: Protect\n|\n|-damage|p2a: Twilight Suzuka|0 fnt|[from] brn\n|faint|p2a: Twilight Suzuka\n|upkeep\n|\n|t:|1700231467\n|switch|p2a: Treadwrong Crush|Great Tusk|100\/100\n|turn|9\n|\n|t:|1700231474\n|move|p2a: Treadwrong Crush|Rapid Spin|p1a: Rotom\n|-damage|p1a: Rotom|0 fnt\n|-boost|p2a: Treadwrong Crush|spe|1\n|faint|p1a: Rotom\n|\n|upkeep\n|\n|t:|1700231492\n|switch|p1a: Skeledirge|Skeledirge, F|100\/100\n|turn|10\n|\n|t:|1700231496\n|move|p2a: Treadwrong Crush|Headlong Rush|p1a: Skeledirge\n|-supereffective|p1a: Skeledirge\n|-damage|p1a: Skeledirge|27\/100\n|-unboost|p2a: Treadwrong Crush|def|1\n|-unboost|p2a: Treadwrong Crush|spd|1\n|move|p1a: Skeledirge|Will-O-Wisp|p2a: Treadwrong Crush\n|-status|p2a: Treadwrong Crush|brn\n|\n|-heal|p1a: Skeledirge|33\/100|[from] item: Leftovers\n|-damage|p2a: Treadwrong Crush|94\/100 brn|[from] brn\n|upkeep\n|turn|11\n|\n|t:|1700231508\n|switch|p1a: Landorus|Landorus-Therian, M|100\/100\n|-ability|p1a: Landorus|Intimidate|boost\n|-unboost|p2a: Treadwrong Crush|atk|1\n|move|p2a: Treadwrong Crush|Ice Spinner|p1a: Landorus\n|-supereffective|p1a: Landorus\n|-damage|p1a: Landorus|59\/100\n|\n|-damage|p2a: Treadwrong Crush|88\/100 brn|[from] brn\n|upkeep\n|turn|12\n|\n|t:|1700231519\n|move|p2a: Treadwrong Crush|Ice Spinner|p1a: Landorus\n|-supereffective|p1a: Landorus\n|-crit|p1a: Landorus\n|-damage|p1a: Landorus|0 fnt\n|faint|p1a: Landorus\n|\n|-damage|p2a: Treadwrong Crush|82\/100 brn|[from] brn\n|upkeep\n|\n|t:|1700231531\n|switch|p1a: Gengar|Gengar, M|100\/100\n|turn|13\n|\n|t:|1700231534\n|move|p2a: Treadwrong Crush|Headlong Rush|p1a: Gengar\n|-supereffective|p1a: Gengar\n|-damage|p1a: Gengar|18\/100\n|-unboost|p2a: Treadwrong Crush|def|1\n|-unboost|p2a: Treadwrong Crush|spd|1\n|move|p1a: Gengar|Shadow Ball|p2a: Treadwrong Crush\n|-damage|p2a: Treadwrong Crush|0 fnt\n|faint|p2a: Treadwrong Crush\n|-end|p2a: Treadwrong Crush|Protosynthesis|[silent]\n|\n|upkeep\n|\n|t:|1700231544\n|switch|p2a: Melfina|Iron Valiant|100\/100\n|-enditem|p2a: Melfina|Booster Energy\n|-activate|p2a: Melfina|ability: Quark Drive|[fromitem]\n|-start|p2a: Melfina|quarkdrivespe\n|turn|14\n|\n|t:|1700231550\n|move|p2a: Melfina|Moonblast|p1a: Gengar\n|-resisted|p1a: Gengar\n|-damage|p1a: Gengar|0 fnt\n|-start|p2a: Melfina|Disable|Moonblast|[from] ability: Cursed Body|[of] p1a: Gengar\n|faint|p1a: Gengar\n|\n|upkeep\n|\n|t:|1700231558\n|switch|p1a: Skeledirge|Skeledirge, F|33\/100\n|turn|15\n|\n|t:|1700231562\n|-terastallize|p2a: Melfina|Ghost\n|move|p2a: Melfina|Shadow Ball|p1a: Skeledirge\n|-supereffective|p1a: Skeledirge\n|-damage|p1a: Skeledirge|0 fnt\n|faint|p1a: Skeledirge\n|\n|upkeep\n|\n|t:|1700231569\n|switch|p1a: Goodra|Goodra-Hisui, F|100\/100\n|turn|16\n|\n|t:|1700231574\n|move|p2a: Melfina|Close Combat|p1a: Goodra\n|-supereffective|p1a: Goodra\n|-damage|p1a: Goodra|5\/100\n|-unboost|p2a: Melfina|def|1\n|-unboost|p2a: Melfina|spd|1\n|move|p1a: Goodra|Draco Meteor|p2a: Melfina\n|-damage|p2a: Melfina|0 fnt\n|-unboost|p1a: Goodra|spa|2\n|faint|p2a: Melfina\n|-end|p2a: Melfina|Quark Drive|[silent]\n|\n|upkeep\n|-message|Ralphael96 forfeited.\n|\n|win|UrSheerForce\n|raw|Ralphael96's rating: 1496 &rarr; <strong>1481<\/strong><br \/>(-15 for losing)\n|raw|UrSheerForce's rating: 1581 &rarr; <strong>1596<\/strong><br \/>(+15 for winning)\n|l|\u2606Ralphael96\n","uploadtime":1700231586,"views":9,"p1id":"ralphael96","p2id":"ursheerforce","formatid":"gen9ou","rating":1481,"private":0,"password":""}