{"id":"gen9ou-1993097147","p1":"Envymetta_TTV","p2":"KingCah","format":"[Gen 9] OU","log":"|j|\u2606Envymetta_TTV\n|j|\u2606KingCah\n|t:|1700264400\n|gametype|singles\n|player|p1|Envymetta_TTV|acetrainer-gen4|1445\n|player|p2|KingCah|dancer|1456\n|teamsize|p1|6\n|teamsize|p2|6\n|gen|9\n|tier|[Gen 9] OU\n|rated|\n|rule|Sleep Clause Mod: Limit one foe put to sleep\n|rule|Species Clause: Limit one of each Pok\u00e9mon\n|rule|OHKO Clause: OHKO moves are banned\n|rule|Evasion Items Clause: Evasion items are banned\n|rule|Evasion Moves Clause: Evasion moves are banned\n|rule|Endless Battle Clause: Forcing endless battles is banned\n|rule|HP Percentage Mod: HP is shown in percentages\n|clearpoke\n|poke|p1|Meloetta|\n|poke|p1|Meowscarada, F|\n|poke|p1|Manaphy|\n|poke|p1|Great Tusk|\n|poke|p1|Glimmora, F|\n|poke|p1|Mew|\n|poke|p2|Charizard, M|\n|poke|p2|Torkoal, M|\n|poke|p2|Scream Tail|\n|poke|p2|Great Tusk|\n|poke|p2|Shiftry, F|\n|poke|p2|Scovillain, M|\n|teampreview\n|inactive|Battle timer is ON: inactive players will automatically lose when time's up. (requested by Envymetta_TTV)\n|\n|t:|1700264422\n|start\n|switch|p1a: Meloetta|Meloetta|100\/100\n|switch|p2a: Phantusk|Great Tusk|100\/100\n|turn|1\n|\n|t:|1700264425\n|-end|p2a: Phantusk|Protosynthesis|[silent]\n|switch|p2a: Shiftry|Shiftry, F|100\/100\n|move|p1a: Meloetta|Substitute|p1a: Meloetta\n|-start|p1a: Meloetta|Substitute\n|-damage|p1a: Meloetta|75\/100\n|\n|-heal|p1a: Meloetta|82\/100|[from] item: Leftovers\n|upkeep\n|turn|2\n|\n|t:|1700264428\n|move|p1a: Meloetta|Relic Song|p2a: Shiftry\n|-damage|p2a: Shiftry|48\/100\n|-formechange|p1a: Meloetta|Meloetta-Pirouette|[msg]\n|move|p2a: Shiftry|Tailwind|p2a: Shiftry\n|-sidestart|p2: KingCah|move: Tailwind\n|-ability|p2a: Shiftry|Wind Rider|boost\n|-boost|p2a: Shiftry|atk|1\n|\n|-heal|p1a: Meloetta|88\/100|[from] item: Leftovers\n|upkeep\n|turn|3\n|\n|t:|1700264438\n|-terastallize|p2a: Shiftry|Ghost\n|move|p2a: Shiftry|Knock Off|p1a: Meloetta\n|-resisted|p1a: Meloetta\n|-end|p1a: Meloetta|Substitute\n|move|p1a: Meloetta|Calm Mind|p1a: Meloetta\n|-boost|p1a: Meloetta|spa|1\n|-boost|p1a: Meloetta|spd|1\n|\n|-heal|p1a: Meloetta|94\/100|[from] item: Leftovers\n|upkeep\n|turn|4\n|\n|t:|1700264456\n|switch|p1a: Great Tusk|Great Tusk, shiny|100\/100\n|move|p2a: Shiftry|Explosion|p1a: Great Tusk\n|-damage|p1a: Great Tusk|32\/100\n|faint|p2a: Shiftry\n|\n|upkeep\n|\n|t:|1700264461\n|switch|p2a: Phantusk|Great Tusk|100\/100\n|turn|5\n|\n|t:|1700264470\n|move|p2a: Phantusk|Rapid Spin|p1a: Great Tusk\n|-damage|p1a: Great Tusk|21\/100\n|-boost|p2a: Phantusk|spe|1\n|-damage|p2a: Phantusk|84\/100|[from] item: Rocky Helmet|[of] p1a: Great Tusk\n|move|p1a: Great Tusk|Knock Off|p2a: Phantusk\n|-resisted|p2a: Phantusk\n|-damage|p2a: Phantusk|74\/100\n|-enditem|p2a: Phantusk|Eject Pack|[from] move: Knock Off|[of] p1a: Great Tusk\n|\n|-sideend|p2: KingCah|move: Tailwind\n|upkeep\n|turn|6\n|\n|t:|1700264475\n|move|p2a: Phantusk|Ice Spinner|p1a: Great Tusk\n|-supereffective|p1a: Great Tusk\n|-damage|p1a: Great Tusk|0 fnt\n|-damage|p2a: Phantusk|57\/100|[from] item: Rocky Helmet|[of] p1a: Great Tusk\n|faint|p1a: Great Tusk\n|-end|p1a: Great Tusk|Protosynthesis|[silent]\n|\n|upkeep\n|\n|t:|1700264478\n|switch|p1a: Meowscarada|Meowscarada, F, shiny|100\/100\n|turn|7\n|\n|t:|1700264481\n|-end|p2a: Phantusk|Protosynthesis|[silent]\n|switch|p2a: Torkoal|Torkoal, M|100\/100\n|-weather|SunnyDay|[from] ability: Drought|[of] p2a: Torkoal\n|move|p1a: Meowscarada|Flower Trick|p2a: Torkoal\n|-start|p1a: Meowscarada|typechange|Grass|[from] ability: Protean\n|-resisted|p2a: Torkoal\n|-crit|p2a: Torkoal\n|-damage|p2a: Torkoal|87\/100\n|\n|-weather|SunnyDay|[upkeep]\n|upkeep\n|turn|8\n|\n|t:|1700264484\n|switch|p1a: Glimmora|Glimmora, F, shiny|100\/100\n|-item|p1a: Glimmora|Air Balloon\n|switch|p2a: Phantusk|Great Tusk|57\/100\n|-activate|p2a: Phantusk|ability: Protosynthesis\n|-start|p2a: Phantusk|protosynthesisatk\n|\n|-weather|SunnyDay|[upkeep]\n|upkeep\n|turn|9\n|\n|t:|1700264491\n|move|p2a: Phantusk|Rapid Spin|p1a: Glimmora\n|-resisted|p1a: Glimmora\n|-damage|p1a: Glimmora|89\/100\n|-boost|p2a: Phantusk|spe|1\n|-activate|p1a: Glimmora|ability: Toxic Debris\n|-sidestart|p2: KingCah|move: Toxic Spikes\n|-enditem|p1a: Glimmora|Air Balloon\n|-sideend|p2: KingCah|Toxic Spikes|[from] move: Rapid Spin|[of] p2a: Phantusk\n|move|p1a: Glimmora|Mortal Spin|p2a: Phantusk\n|-resisted|p2a: Phantusk\n|-damage|p2a: Phantusk|55\/100\n|-status|p2a: Phantusk|psn\n|\n|-weather|SunnyDay|[upkeep]\n|-damage|p2a: Phantusk|42\/100 psn|[from] psn\n|upkeep\n|turn|10\n|\n|t:|1700264499\n|move|p2a: Phantusk|Earthquake|p1a: Glimmora\n|-supereffective|p1a: Glimmora\n|-damage|p1a: Glimmora|0 fnt\n|-activate|p1a: Glimmora|ability: Toxic Debris\n|-sidestart|p2: KingCah|move: Toxic Spikes\n|faint|p1a: Glimmora\n|\n|-weather|SunnyDay|[upkeep]\n|-damage|p2a: Phantusk|30\/100 psn|[from] psn\n|upkeep\n|\n|t:|1700264501\n|switch|p1a: Meowscarada|Meowscarada, F, shiny|100\/100\n|turn|11\n|\n|t:|1700264504\n|move|p1a: Meowscarada|Flower Trick|p2a: Phantusk\n|-start|p1a: Meowscarada|typechange|Grass|[from] ability: Protean\n|-supereffective|p2a: Phantusk\n|-crit|p2a: Phantusk\n|-damage|p2a: Phantusk|0 fnt\n|faint|p2a: Phantusk\n|-end|p2a: Phantusk|Protosynthesis|[silent]\n|\n|-weather|SunnyDay|[upkeep]\n|upkeep\n|\n|t:|1700264508\n|switch|p2a: Torkoal|Torkoal, M|87\/100\n|-status|p2a: Torkoal|psn\n|turn|12\n|\n|t:|1700264515\n|switch|p1a: Meloetta|Meloetta|94\/100\n|move|p2a: Torkoal|Rapid Spin|p1a: Meloetta\n|-crit|p1a: Meloetta\n|-damage|p1a: Meloetta|80\/100\n|-boost|p2a: Torkoal|spe|1\n|-sideend|p2: KingCah|Toxic Spikes|[from] move: Rapid Spin|[of] p2a: Torkoal\n|\n|-weather|SunnyDay|[upkeep]\n|-heal|p1a: Meloetta|86\/100|[from] item: Leftovers\n|-damage|p2a: Torkoal|74\/100 psn|[from] psn\n|upkeep\n|turn|13\n|\n|t:|1700264518\n|move|p1a: Meloetta|Substitute|p1a: Meloetta\n|-start|p1a: Meloetta|Substitute\n|-damage|p1a: Meloetta|61\/100\n|move|p2a: Torkoal|Yawn||[still]\n|-fail|p2a: Torkoal\n|\n|-weather|SunnyDay|[upkeep]\n|-heal|p1a: Meloetta|67\/100|[from] item: Leftovers\n|-damage|p2a: Torkoal|62\/100 psn|[from] psn\n|upkeep\n|turn|14\n|\n|t:|1700264523\n|switch|p2a: Scream Puff|Scream Tail, shiny|100\/100\n|-activate|p2a: Scream Puff|ability: Protosynthesis\n|-start|p2a: Scream Puff|protosynthesisspe\n|move|p1a: Meloetta|Calm Mind|p1a: Meloetta\n|-boost|p1a: Meloetta|spa|1\n|-boost|p1a: Meloetta|spd|1\n|\n|-weather|none\n|-end|p2a: Scream Puff|Protosynthesis\n|-heal|p1a: Meloetta|74\/100|[from] item: Leftovers\n|upkeep\n|turn|15\n|\n|t:|1700264527\n|move|p2a: Scream Puff|Encore|p1a: Meloetta\n|-start|p1a: Meloetta|Encore\n|move|p1a: Meloetta|Calm Mind|p1a: Meloetta\n|-boost|p1a: Meloetta|spa|1\n|-boost|p1a: Meloetta|spd|1\n|\n|-heal|p1a: Meloetta|80\/100|[from] item: Leftovers\n|upkeep\n|turn|16\n|\n|t:|1700264533\n|-end|p2a: Scream Puff|Protosynthesis|[silent]\n|switch|p2a: Torkoal|Torkoal, M|62\/100 psn\n|-weather|SunnyDay|[from] ability: Drought|[of] p2a: Torkoal\n|switch|p1a: Manaphy|Manaphy, shiny|100\/100\n|\n|-weather|SunnyDay|[upkeep]\n|-damage|p2a: Torkoal|50\/100 psn|[from] psn\n|upkeep\n|turn|17\n|\n|t:|1700264542\n|move|p1a: Manaphy|Take Heart|p1a: Manaphy\n|-boost|p1a: Manaphy|spa|1\n|-boost|p1a: Manaphy|spd|1\n|move|p2a: Torkoal|Yawn|p1a: Manaphy\n|-start|p1a: Manaphy|move: Yawn|[of] p2a: Torkoal\n|\n|-weather|SunnyDay|[upkeep]\n|-damage|p2a: Torkoal|38\/100 psn|[from] psn\n|upkeep\n|turn|18\n|\n|t:|1700264553\n|switch|p1a: Mew|Mew, shiny|100\/100\n|move|p2a: Torkoal|Stealth Rock|p1a: Mew\n|-sidestart|p1: Envymetta_TTV|move: Stealth Rock\n|\n|-weather|SunnyDay|[upkeep]\n|-damage|p2a: Torkoal|25\/100 psn|[from] psn\n|upkeep\n|turn|19\n|\n|t:|1700264560\n|move|p1a: Mew|Calm Mind|p1a: Mew\n|-boost|p1a: Mew|spa|1\n|-boost|p1a: Mew|spd|1\n|move|p2a: Torkoal|Yawn|p1a: Mew\n|-start|p1a: Mew|move: Yawn|[of] p2a: Torkoal\n|\n|-weather|SunnyDay|[upkeep]\n|-damage|p2a: Torkoal|13\/100 psn|[from] psn\n|upkeep\n|turn|20\n|\n|t:|1700264566\n|switch|p1a: Manaphy|Manaphy, shiny|100\/100\n|-damage|p1a: Manaphy|88\/100|[from] Stealth Rock\n|switch|p2a: Blackfire|Charizard, M, shiny|100\/100\n|\n|-weather|SunnyDay|[upkeep]\n|-damage|p2a: Blackfire|88\/100|[from] ability: Solar Power|[of] p2a: Blackfire\n|-heal|p1a: Manaphy|94\/100|[from] item: Leftovers\n|upkeep\n|turn|21\n|\n|t:|1700264573\n|move|p1a: Manaphy|Take Heart|p1a: Manaphy\n|-boost|p1a: Manaphy|spa|1\n|-boost|p1a: Manaphy|spd|1\n|move|p2a: Blackfire|Overheat|p1a: Manaphy\n|-resisted|p1a: Manaphy\n|-damage|p1a: Manaphy|50\/100\n|-unboost|p2a: Blackfire|spa|2\n|\n|-weather|SunnyDay|[upkeep]\n|-damage|p2a: Blackfire|76\/100|[from] ability: Solar Power|[of] p2a: Blackfire\n|-heal|p1a: Manaphy|56\/100|[from] item: Leftovers\n|upkeep\n|turn|22\n|\n|t:|1700264579\n|switch|p2a: Scream Puff|Scream Tail, shiny|100\/100\n|-activate|p2a: Scream Puff|ability: Protosynthesis\n|-start|p2a: Scream Puff|protosynthesisspe\n|move|p1a: Manaphy|Scald|p2a: Scream Puff\n|-damage|p2a: Scream Puff|85\/100\n|-status|p2a: Scream Puff|brn\n|\n|-weather|SunnyDay|[upkeep]\n|-heal|p2a: Scream Puff|92\/100 brn|[from] item: Leftovers\n|-heal|p1a: Manaphy|62\/100|[from] item: Leftovers\n|-damage|p2a: Scream Puff|85\/100 brn|[from] brn\n|upkeep\n|turn|23\n|\n|t:|1700264587\n|move|p2a: Scream Puff|Wish|p2a: Scream Puff\n|move|p1a: Manaphy|Scald|p2a: Scream Puff\n|-damage|p2a: Scream Puff|71\/100 brn\n|\n|-weather|none\n|-end|p2a: Scream Puff|Protosynthesis\n|-heal|p2a: Scream Puff|77\/100 brn|[from] item: Leftovers\n|-heal|p1a: Manaphy|69\/100|[from] item: Leftovers\n|-damage|p2a: Scream Puff|71\/100 brn|[from] brn\n|upkeep\n|turn|24\n|\n|t:|1700264592\n|-end|p2a: Scream Puff|Protosynthesis|[silent]\n|switch|p2a: Torkoal|Torkoal, M|13\/100 psn\n|-weather|SunnyDay|[from] ability: Drought|[of] p2a: Torkoal\n|move|p1a: Manaphy|Scald|p2a: Torkoal\n|-supereffective|p2a: Torkoal\n|-damage|p2a: Torkoal|0 fnt\n|faint|p2a: Torkoal\n|\n|-weather|SunnyDay|[upkeep]\n|-heal|p1a: Manaphy|75\/100|[from] item: Leftovers\n|upkeep\n|\n|t:|1700264595\n|switch|p2a: Scovillain|Scovillain, M|100\/100\n|turn|25\n|\n|t:|1700264607\n|move|p2a: Scovillain|Giga Drain|p1a: Manaphy\n|-supereffective|p1a: Manaphy\n|-damage|p1a: Manaphy|23\/100\n|-damage|p2a: Scovillain|91\/100|[from] item: Life Orb\n|move|p1a: Manaphy|Scald|p2a: Scovillain\n|-damage|p2a: Scovillain|55\/100\n|\n|-weather|SunnyDay|[upkeep]\n|-heal|p1a: Manaphy|29\/100|[from] item: Leftovers\n|upkeep\n|turn|26\n|\n|t:|1700264613\n|move|p2a: Scovillain|Giga Drain|p1a: Manaphy\n|-supereffective|p1a: Manaphy\n|-damage|p1a: Manaphy|0 fnt\n|-heal|p2a: Scovillain|76\/100|[from] drain|[of] p1a: Manaphy\n|faint|p1a: Manaphy\n|-damage|p2a: Scovillain|66\/100|[from] item: Life Orb\n|\n|-weather|SunnyDay|[upkeep]\n|upkeep\n|\n|t:|1700264615\n|switch|p1a: Meowscarada|Meowscarada, F, shiny|100\/100\n|-damage|p1a: Meowscarada|88\/100|[from] Stealth Rock\n|turn|27\n|\n|t:|1700264617\n|move|p1a: Meowscarada|Knock Off|p2a: Scovillain\n|-start|p1a: Meowscarada|typechange|Dark|[from] ability: Protean\n|-damage|p2a: Scovillain|0 fnt\n|-enditem|p2a: Scovillain|Life Orb|[from] move: Knock Off|[of] p1a: Meowscarada\n|faint|p2a: Scovillain\n|\n|-weather|SunnyDay|[upkeep]\n|upkeep\n|\n|t:|1700264620\n|switch|p2a: Scream Puff|Scream Tail, shiny|71\/100 brn\n|-activate|p2a: Scream Puff|ability: Protosynthesis\n|-start|p2a: Scream Puff|protosynthesisspe\n|turn|28\n|\n|t:|1700264623\n|move|p1a: Meowscarada|Knock Off|p2a: Scream Puff\n|-damage|p2a: Scream Puff|33\/100 brn\n|-enditem|p2a: Scream Puff|Leftovers|[from] move: Knock Off|[of] p1a: Meowscarada\n|move|p2a: Scream Puff|Wish|p2a: Scream Puff\n|\n|-weather|SunnyDay|[upkeep]\n|-damage|p2a: Scream Puff|27\/100 brn|[from] brn\n|upkeep\n|turn|29\n|\n|t:|1700264635\n|switch|p1a: Mew|Mew, shiny|100\/100\n|-damage|p1a: Mew|88\/100|[from] Stealth Rock\n|move|p2a: Scream Puff|Protect||[still]\n|-fail|p2a: Scream Puff\n|\n|-weather|SunnyDay|[upkeep]\n|-heal|p2a: Scream Puff|77\/100 brn|[from] move: Wish|[wisher] Scream Puff\n|-heal|p1a: Mew|94\/100|[from] item: Leftovers\n|-damage|p2a: Scream Puff|71\/100 brn|[from] brn\n|upkeep\n|turn|30\n|\n|t:|1700264639\n|move|p2a: Scream Puff|Wish|p2a: Scream Puff\n|move|p1a: Mew|Calm Mind|p1a: Mew\n|-boost|p1a: Mew|spa|1\n|-boost|p1a: Mew|spd|1\n|\n|-weather|SunnyDay|[upkeep]\n|-heal|p1a: Mew|100\/100|[from] item: Leftovers\n|-damage|p2a: Scream Puff|65\/100 brn|[from] brn\n|upkeep\n|turn|31\n|\n|t:|1700264643\n|move|p2a: Scream Puff|Encore|p1a: Mew\n|-start|p1a: Mew|Encore\n|move|p1a: Mew|Calm Mind|p1a: Mew\n|-boost|p1a: Mew|spa|1\n|-boost|p1a: Mew|spd|1\n|\n|-weather|none\n|-end|p2a: Scream Puff|Protosynthesis\n|-heal|p2a: Scream Puff|100\/100 brn|[from] move: Wish|[wisher] Scream Puff\n|-damage|p2a: Scream Puff|94\/100 brn|[from] brn\n|upkeep\n|turn|32\n|\n|t:|1700264646\n|move|p2a: Scream Puff|Dazzling Gleam|p1a: Mew\n|-damage|p1a: Mew|93\/100\n|move|p1a: Mew|Calm Mind|p1a: Mew\n|-boost|p1a: Mew|spa|1\n|-boost|p1a: Mew|spd|1\n|\n|-heal|p1a: Mew|99\/100|[from] item: Leftovers\n|-damage|p2a: Scream Puff|88\/100 brn|[from] brn\n|upkeep\n|turn|33\n|\n|t:|1700264650\n|move|p2a: Scream Puff|Dazzling Gleam|p1a: Mew\n|-damage|p1a: Mew|92\/100\n|move|p1a: Mew|Calm Mind|p1a: Mew\n|-boost|p1a: Mew|spa|1\n|-boost|p1a: Mew|spd|1\n|\n|-heal|p1a: Mew|99\/100|[from] item: Leftovers\n|-damage|p2a: Scream Puff|82\/100 brn|[from] brn\n|-end|p1a: Mew|Encore\n|upkeep\n|turn|34\n|\n|t:|1700264652\n|move|p2a: Scream Puff|Encore|p1a: Mew\n|-start|p1a: Mew|Encore\n|move|p1a: Mew|Calm Mind|p1a: Mew\n|-boost|p1a: Mew|spa|1\n|-boost|p1a: Mew|spd|1\n|\n|-heal|p1a: Mew|100\/100|[from] item: Leftovers\n|-damage|p2a: Scream Puff|76\/100 brn|[from] brn\n|upkeep\n|turn|35\n|\n|t:|1700264654\n|move|p2a: Scream Puff|Wish|p2a: Scream Puff\n|move|p1a: Mew|Calm Mind|p1a: Mew\n|-boost|p1a: Mew|spa|1\n|-boost|p1a: Mew|spd|1\n|\n|-damage|p2a: Scream Puff|69\/100 brn|[from] brn\n|upkeep\n|turn|36\n|\n|t:|1700264656\n|move|p2a: Scream Puff|Dazzling Gleam|p1a: Mew\n|-damage|p1a: Mew|97\/100\n|move|p1a: Mew|Calm Mind|p1a: Mew\n|-boost|p1a: Mew|spa|0\n|-boost|p1a: Mew|spd|0\n|\n|-heal|p2a: Scream Puff|100\/100 brn|[from] move: Wish|[wisher] Scream Puff\n|-heal|p1a: Mew|100\/100|[from] item: Leftovers\n|-damage|p2a: Scream Puff|94\/100 brn|[from] brn\n|-end|p1a: Mew|Encore\n|upkeep\n|turn|37\n|-message|KingCah forfeited.\n|\n|win|Envymetta_TTV\n|raw|Envymetta_TTV's rating: 1445 &rarr; <strong>1466<\/strong><br \/>(+21 for winning)\n|raw|KingCah's rating: 1456 &rarr; <strong>1435<\/strong><br \/>(-21 for losing)\n|l|\u2606KingCah\n","uploadtime":1700264665,"views":11,"p1id":"envymettattv","p2id":"kingcah","formatid":"gen9ou","rating":1435,"private":0,"password":""}