{"id":"gen9ou-1995281178","p1":"mcgriddlesoe","p2":"BigJarInAJam","format":"[Gen 9] OU","log":"|j|\u2606mcgriddlesoe\n|j|\u2606BigJarInAJam\n|t:|1700546161\n|gametype|singles\n|player|p1|mcgriddlesoe|roughneck-gen4|1189\n|player|p2|BigJarInAJam|backers|1146\n|teamsize|p1|6\n|teamsize|p2|6\n|gen|9\n|tier|[Gen 9] OU\n|rated|\n|rule|Sleep Clause Mod: Limit one foe put to sleep\n|rule|Species Clause: Limit one of each Pok\u00e9mon\n|rule|OHKO Clause: OHKO moves are banned\n|rule|Evasion Items Clause: Evasion items are banned\n|rule|Evasion Moves Clause: Evasion moves are banned\n|rule|Endless Battle Clause: Forcing endless battles is banned\n|rule|HP Percentage Mod: HP is shown in percentages\n|clearpoke\n|poke|p1|Lokix, F|\n|poke|p1|Ogerpon-Wellspring, F|\n|poke|p1|Corviknight, M|\n|poke|p1|Zoroark-Hisui, F|\n|poke|p1|Great Tusk|\n|poke|p1|Ceruledge, F|\n|poke|p2|Enamorus, F|\n|poke|p2|Iron Treads|\n|poke|p2|Blissey, F|\n|poke|p2|Dragapult, F|\n|poke|p2|Heatran, F|\n|poke|p2|Ogerpon-Wellspring, F|\n|teampreview\n|inactive|Battle timer is ON: inactive players will automatically lose when time's up. (requested by BigJarInAJam)\n|inactive|mcgriddlesoe has 120 seconds left.\n|inactive|mcgriddlesoe has 90 seconds left.\n|\n|t:|1700546239\n|start\n|switch|p1a: Deadass|Ceruledge, F|100\/100\n|switch|p2a: Blissey|Blissey, F|100\/100\n|turn|1\n|inactive|BigJarInAJam has 120 seconds left.\n|\n|t:|1700546273\n|switch|p1a: Medium Tusk|Great Tusk|100\/100\n|-enditem|p1a: Medium Tusk|Booster Energy\n|-activate|p1a: Medium Tusk|ability: Protosynthesis|[fromitem]\n|-start|p1a: Medium Tusk|protosynthesisatk\n|move|p2a: Blissey|Thunder Wave|p1a: Medium Tusk\n|-immune|p1a: Medium Tusk\n|\n|upkeep\n|turn|2\n|\n|t:|1700546279\n|move|p1a: Medium Tusk|Rapid Spin|p2a: Blissey\n|-damage|p2a: Blissey|81\/100\n|-boost|p1a: Medium Tusk|spe|1\n|move|p2a: Blissey|Seismic Toss|p1a: Medium Tusk\n|-damage|p1a: Medium Tusk|74\/100\n|\n|-heal|p2a: Blissey|87\/100|[from] item: Leftovers\n|upkeep\n|turn|3\n|inactive|mcgriddlesoe has 120 seconds left.\n|\n|t:|1700546318\n|move|p1a: Medium Tusk|Close Combat|p2a: Blissey\n|-supereffective|p2a: Blissey\n|-damage|p2a: Blissey|0 fnt\n|-unboost|p1a: Medium Tusk|def|1\n|-unboost|p1a: Medium Tusk|spd|1\n|faint|p2a: Blissey\n|\n|upkeep\n|\n|t:|1700546325\n|switch|p2a: Enamorus|Enamorus, F|100\/100\n|turn|4\n|\n|t:|1700546330\n|move|p1a: Medium Tusk|Ice Spinner|p2a: Enamorus\n|-supereffective|p2a: Enamorus\n|-damage|p2a: Enamorus|0 fnt\n|faint|p2a: Enamorus\n|\n|upkeep\n|\n|t:|1700546343\n|switch|p2a: Iron Treads|Iron Treads|100\/100\n|turn|5\n|\n|t:|1700546349\n|move|p1a: Medium Tusk|Headlong Rush|p2a: Iron Treads\n|-supereffective|p2a: Iron Treads\n|-damage|p2a: Iron Treads|0 fnt\n|-unboost|p1a: Medium Tusk|def|1\n|-unboost|p1a: Medium Tusk|spd|1\n|faint|p2a: Iron Treads\n|-end|p2a: Iron Treads|Quark Drive|[silent]\n|\n|upkeep\n|\n|t:|1700546351\n|switch|p2a: Dragapult|Dragapult, F|100\/100\n|turn|6\n|\n|t:|1700546355\n|move|p1a: Medium Tusk|Ice Spinner|p2a: Dragapult\n|-supereffective|p2a: Dragapult\n|-enditem|p2a: Dragapult|Focus Sash\n|-damage|p2a: Dragapult|1\/100\n|move|p2a: Dragapult|Dragon Dance|p2a: Dragapult\n|-boost|p2a: Dragapult|atk|1\n|-boost|p2a: Dragapult|spe|1\n|\n|upkeep\n|turn|7\n|\n|t:|1700546361\n|move|p2a: Dragapult|Phantom Force||[still]\n|-prepare|p2a: Dragapult|Phantom Force\n|move|p1a: Medium Tusk|Ice Spinner|p2a: Dragapult|[miss]\n|-miss|p1a: Medium Tusk|p2a: Dragapult\n|\n|upkeep\n|turn|8\n|\n|t:|1700546367\n|-end|p1a: Medium Tusk|Protosynthesis|[silent]\n|switch|p1a: Dark Knight|Corviknight, M|100\/100\n|-ability|p1a: Dark Knight|Pressure\n|move|p2a: Dragapult|Phantom Force|p1a: Dark Knight|[from]lockedmove\n|-damage|p1a: Dark Knight|55\/100\n|-damage|p2a: Dragapult|0 fnt|[from] item: Rocky Helmet|[of] p1a: Dark Knight\n|faint|p2a: Dragapult\n|\n|upkeep\n|\n|t:|1700546374\n|switch|p2a: Heatran|Heatran, F|100\/100\n|-item|p2a: Heatran|Air Balloon\n|turn|9\n|\n|t:|1700546400\n|switch|p1a: Medium Tusk|Great Tusk|74\/100\n|move|p2a: Heatran|Magma Storm|p1a: Medium Tusk\n|-damage|p1a: Medium Tusk|0 fnt\n|faint|p1a: Medium Tusk\n|-end|p1a: Medium Tusk|Protosynthesis|[silent]\n|\n|upkeep\n|inactive|mcgriddlesoe has 120 seconds left.\n|\n|t:|1700546414\n|switch|p1a: Oger|Ogerpon-Wellspring, F|100\/100\n|turn|10\n|\n|t:|1700546419\n|switch|p2a: Ogerpon|Ogerpon-Wellspring, F|100\/100\n|move|p1a: Oger|U-turn|p2a: Ogerpon\n|-supereffective|p2a: Ogerpon\n|-damage|p2a: Ogerpon|23\/100\n|\n|t:|1700546428\n|switch|p1a: Pablo|Lokix, F|100\/100|[from] U-turn\n|\n|upkeep\n|turn|11\n|\n|t:|1700546433\n|switch|p2a: Heatran|Heatran, F|100\/100\n|-item|p2a: Heatran|Air Balloon\n|move|p1a: Pablo|First Impression|p2a: Heatran\n|-resisted|p2a: Heatran\n|-damage|p2a: Heatran|72\/100\n|-enditem|p2a: Heatran|Air Balloon\n|\n|upkeep\n|turn|12\n|\n|t:|1700546441\n|switch|p1a: Dark Knight|Corviknight, M|55\/100\n|-ability|p1a: Dark Knight|Pressure\n|move|p2a: Heatran|Magma Storm|p1a: Dark Knight\n|-supereffective|p1a: Dark Knight\n|-damage|p1a: Dark Knight|0 fnt\n|faint|p1a: Dark Knight\n|\n|upkeep\n|\n|t:|1700546451\n|switch|p1a: Oger|Ogerpon-Wellspring, F|100\/100\n|turn|13\n|\n|t:|1700546461\n|move|p1a: Oger|Focus Blast|p2a: Heatran\n|-supereffective|p2a: Heatran\n|-damage|p2a: Heatran|9\/100\n|move|p2a: Heatran|Magma Storm|p1a: Oger\n|-damage|p1a: Oger|0 fnt\n|replace|p1a: Gottem|Zoroark-Hisui, F\n|-end|p1a: Gottem|Illusion\n|faint|p1a: Gottem\n|\n|upkeep\n|\n|t:|1700546469\n|switch|p1a: Oger|Ogerpon-Wellspring, F|100\/100\n|turn|14\n|\n|t:|1700546475\n|move|p1a: Oger|Ivy Cudgel|p2a: Heatran|[anim] Ivy Cudgel Water\n|-supereffective|p2a: Heatran\n|-damage|p2a: Heatran|0 fnt\n|faint|p2a: Heatran\n|\n|upkeep\n|\n|t:|1700546478\n|switch|p2a: Ogerpon|Ogerpon-Wellspring, F|23\/100\n|turn|15\n|inactive|mcgriddlesoe has 120 seconds left.\n|\n|t:|1700546526\n|move|p2a: Ogerpon|Horn Leech|p1a: Oger\n|-damage|p1a: Oger|41\/100\n|-heal|p2a: Ogerpon|53\/100|[from] drain|[of] p1a: Oger\n|move|p1a: Oger|U-turn|p2a: Ogerpon\n|-supereffective|p2a: Ogerpon\n|-damage|p2a: Ogerpon|0 fnt\n|faint|p2a: Ogerpon\n|\n|win|mcgriddlesoe\n|raw|mcgriddlesoe's rating: 1189 &rarr; <strong>1211<\/strong><br \/>(+22 for winning)\n|raw|BigJarInAJam's rating: 1146 &rarr; <strong>1124<\/strong><br \/>(-22 for losing)\n|l|\u2606BigJarInAJam\n","uploadtime":1700546550,"views":5,"p1id":"mcgriddlesoe","p2id":"bigjarinajam","formatid":"gen9ou","rating":1124,"private":0,"password":""}