{"id":"gen9ou-1992170195","p1":"squi101","p2":"dsagdfawefrs","format":"[Gen 9] OU","log":"|j|\u2606squi101\n|j|\u2606dsagdfawefrs\n|t:|1700160824\n|gametype|singles\n|player|p1|squi101|2|1191\n|player|p2|dsagdfawefrs|266|1231\n|teamsize|p1|6\n|teamsize|p2|6\n|gen|9\n|tier|[Gen 9] OU\n|rated|\n|rule|Sleep Clause Mod: Limit one foe put to sleep\n|rule|Species Clause: Limit one of each Pok\u00e9mon\n|rule|OHKO Clause: OHKO moves are banned\n|rule|Evasion Items Clause: Evasion items are banned\n|rule|Evasion Moves Clause: Evasion moves are banned\n|rule|Endless Battle Clause: Forcing endless battles is banned\n|rule|HP Percentage Mod: HP is shown in percentages\n|clearpoke\n|poke|p1|Ogerpon, F|\n|poke|p1|Greninja-*, F|\n|poke|p1|Sneasler, M|\n|poke|p1|Skeledirge, M|\n|poke|p1|Great Tusk|\n|poke|p1|Sableye, F|\n|poke|p2|Manaphy|\n|poke|p2|Cinderace, F|\n|poke|p2|Dragapult, F|\n|poke|p2|Amoonguss, M|\n|poke|p2|Thundurus-Therian, M|\n|poke|p2|Ting-Lu|\n|teampreview\n|\n|t:|1700160847\n|start\n|switch|p1a: Sableye|Sableye, F|100\/100\n|switch|p2a: Ting-Lu|Ting-Lu|100\/100\n|-ability|p2a: Ting-Lu|Vessel of Ruin\n|turn|1\n|\n|t:|1700160854\n|move|p1a: Sableye|Fake Out|p2a: Ting-Lu\n|-damage|p2a: Ting-Lu|96\/100\n|cant|p2a: Ting-Lu|flinch\n|\n|-heal|p2a: Ting-Lu|100\/100|[from] item: Leftovers\n|upkeep\n|turn|2\n|\n|t:|1700160863\n|switch|p1a: Great Tusk|Great Tusk|100\/100\n|move|p2a: Ting-Lu|Stealth Rock|p1a: Great Tusk\n|-sidestart|p1: squi101|move: Stealth Rock\n|\n|upkeep\n|turn|3\n|\n|t:|1700160879\n|switch|p2a: Manaphy|Manaphy|100\/100\n|move|p1a: Great Tusk|Knock Off|p2a: Manaphy\n|-damage|p2a: Manaphy|60\/100\n|-enditem|p2a: Manaphy|Leftovers|[from] move: Knock Off|[of] p1a: Great Tusk\n|\n|upkeep\n|turn|4\n|\n|t:|1700160888\n|move|p2a: Manaphy|Surf|p1a: Great Tusk\n|-supereffective|p1a: Great Tusk\n|-damage|p1a: Great Tusk|32\/100\n|move|p1a: Great Tusk|Rapid Spin|p2a: Manaphy\n|-damage|p2a: Manaphy|40\/100\n|-boost|p1a: Great Tusk|spe|1\n|-sideend|p1: squi101|Stealth Rock|[from] move: Rapid Spin|[of] p1a: Great Tusk\n|\n|upkeep\n|turn|5\n|\n|t:|1700160909\n|move|p1a: Great Tusk|Headlong Rush|p2a: Manaphy\n|-damage|p2a: Manaphy|0 fnt\n|-unboost|p1a: Great Tusk|def|1\n|-unboost|p1a: Great Tusk|spd|1\n|faint|p2a: Manaphy\n|\n|upkeep\n|\n|t:|1700160915\n|switch|p2a: Dragapult|Dragapult, F|100\/100\n|turn|6\n|\n|t:|1700160923\n|-end|p1a: Great Tusk|Protosynthesis|[silent]\n|switch|p1a: Skeledirge|Skeledirge, M|100\/100\n|move|p2a: Dragapult|Shadow Ball|p1a: Skeledirge\n|-supereffective|p1a: Skeledirge\n|-damage|p1a: Skeledirge|0 fnt\n|faint|p1a: Skeledirge\n|\n|upkeep\n|\n|t:|1700160944\n|switch|p1a: Ogerpon|Ogerpon, F|100\/100\n|turn|7\n|\n|t:|1700160950\n|switch|p2a: Amoonguss|Amoonguss, M|100\/100\n|move|p1a: Ogerpon|Knock Off|p2a: Amoonguss\n|-damage|p2a: Amoonguss|66\/100\n|-enditem|p2a: Amoonguss|Red Card|[from] move: Knock Off|[of] p1a: Ogerpon\n|\n|upkeep\n|turn|8\n|\n|t:|1700160965\n|switch|p1a: Sableye|Sableye, F|100\/100\n|move|p2a: Amoonguss|Foul Play|p1a: Sableye\n|-damage|p1a: Sableye|82\/100\n|\n|-heal|p1a: Sableye|88\/100|[from] item: Leftovers\n|upkeep\n|turn|9\n|\n|t:|1700160975\n|switch|p2a: Ting-Lu|Ting-Lu|100\/100\n|-ability|p2a: Ting-Lu|Vessel of Ruin\n|move|p1a: Sableye|Fake Out|p2a: Ting-Lu\n|-damage|p2a: Ting-Lu|96\/100\n|\n|-heal|p1a: Sableye|94\/100|[from] item: Leftovers\n|-heal|p2a: Ting-Lu|100\/100|[from] item: Leftovers\n|upkeep\n|turn|10\n|\n|t:|1700160985\n|switch|p1a: Sneasler|Sneasler, M, shiny|100\/100\n|move|p2a: Ting-Lu|Stealth Rock|p1a: Sneasler\n|-sidestart|p1: squi101|move: Stealth Rock\n|\n|upkeep\n|turn|11\n|\n|t:|1700160990\n|move|p1a: Sneasler|Swords Dance|p1a: Sneasler\n|-boost|p1a: Sneasler|atk|2\n|move|p2a: Ting-Lu|Whirlwind|p1a: Sneasler\n|drag|p1a: Ogerpon|Ogerpon, F|100\/100\n|-damage|p1a: Ogerpon|88\/100|[from] Stealth Rock\n|\n|upkeep\n|turn|12\n|\n|t:|1700160999\n|switch|p2a: Amoonguss|Amoonguss, M|99\/100\n|move|p1a: Ogerpon|U-turn|p2a: Amoonguss\n|-damage|p2a: Amoonguss|71\/100\n|\n|t:|1700161007\n|switch|p1a: Great Tusk|Great Tusk|32\/100|[from] U-turn\n|-damage|p1a: Great Tusk|29\/100|[from] Stealth Rock\n|\n|upkeep\n|turn|13\n|\n|t:|1700161015\n|move|p1a: Great Tusk|Headlong Rush|p2a: Amoonguss\n|-damage|p2a: Amoonguss|21\/100\n|-unboost|p1a: Great Tusk|def|1\n|-unboost|p1a: Great Tusk|spd|1\n|move|p2a: Amoonguss|Giga Drain|p1a: Great Tusk\n|-supereffective|p1a: Great Tusk\n|-damage|p1a: Great Tusk|0 fnt\n|-heal|p2a: Amoonguss|33\/100|[from] drain|[of] p1a: Great Tusk\n|faint|p1a: Great Tusk\n|-end|p1a: Great Tusk|Protosynthesis|[silent]\n|\n|upkeep\n|\n|t:|1700161028\n|switch|p1a: Sneasler|Sneasler, M, shiny|100\/100\n|-damage|p1a: Sneasler|95\/100|[from] Stealth Rock\n|turn|14\n|\n|t:|1700161053\n|move|p1a: Sneasler|Dire Claw|p2a: Amoonguss\n|-damage|p2a: Amoonguss|0 fnt\n|faint|p2a: Amoonguss\n|\n|upkeep\n|\n|t:|1700161072\n|switch|p2a: Thundurus|Thundurus-Therian, M|100\/100\n|turn|15\n|\n|t:|1700161081\n|move|p1a: Sneasler|Dire Claw|p2a: Thundurus\n|-damage|p2a: Thundurus|32\/100\n|move|p2a: Thundurus|Volt Switch|p1a: Sneasler\n|-damage|p1a: Sneasler|19\/100\n|\n|t:|1700161087\n|switch|p2a: Dragapult|Dragapult, F|100\/100|[from] Volt Switch\n|\n|upkeep\n|turn|16\n|\n|t:|1700161093\n|-terastallize|p2a: Dragapult|Ghost\n|move|p2a: Dragapult|Shadow Ball|p1a: Sneasler\n|-damage|p1a: Sneasler|0 fnt\n|faint|p1a: Sneasler\n|\n|upkeep\n|\n|t:|1700161107\n|switch|p1a: Greninja|Greninja, F|100\/100\n|-damage|p1a: Greninja|88\/100|[from] Stealth Rock\n|turn|17\n|\n|t:|1700161116\n|switch|p2a: Ting-Lu|Ting-Lu|100\/100\n|-ability|p2a: Ting-Lu|Vessel of Ruin\n|move|p1a: Greninja|U-turn|p2a: Ting-Lu\n|-start|p1a: Greninja|typechange|Bug|[from] ability: Protean\n|-supereffective|p2a: Ting-Lu\n|-damage|p2a: Ting-Lu|70\/100\n|-damage|p1a: Greninja|78\/100|[from] item: Life Orb\n|\n|t:|1700161125\n|switch|p1a: Ogerpon|Ogerpon, F|88\/100|[from] U-turn\n|-damage|p1a: Ogerpon|76\/100|[from] Stealth Rock\n|\n|-heal|p2a: Ting-Lu|76\/100|[from] item: Leftovers\n|upkeep\n|turn|18\n|\n|t:|1700161139\n|switch|p2a: Cinderace|Cinderace, F|100\/100\n|move|p1a: Ogerpon|U-turn|p2a: Cinderace\n|-resisted|p2a: Cinderace\n|-damage|p2a: Cinderace|75\/100\n|\n|t:|1700161146\n|switch|p1a: Greninja|Greninja, F|78\/100|[from] U-turn\n|-damage|p1a: Greninja|66\/100|[from] Stealth Rock\n|\n|upkeep\n|turn|19\n|\n|t:|1700161153\n|move|p2a: Cinderace|Sucker Punch||[still]\n|-fail|p2a: Cinderace\n|move|p1a: Greninja|Spikes|p2a: Cinderace\n|-start|p1a: Greninja|typechange|Ground|[from] ability: Protean\n|-sidestart|p2: dsagdfawefrs|Spikes\n|\n|upkeep\n|turn|20\n|\n|t:|1700161166\n|move|p2a: Cinderace|Sucker Punch|p1a: Greninja\n|-start|p2a: Cinderace|typechange|Dark|[from] ability: Libero\n|-damage|p1a: Greninja|10\/100\n|move|p1a: Greninja|Surf|p2a: Cinderace\n|-damage|p2a: Cinderace|22\/100\n|-damage|p1a: Greninja|0 fnt|[from] item: Life Orb\n|faint|p1a: Greninja\n|\n|upkeep\n|\n|t:|1700161184\n|switch|p1a: Sableye|Sableye, F|94\/100\n|-damage|p1a: Sableye|82\/100|[from] Stealth Rock\n|turn|21\n|\n|t:|1700161193\n|move|p1a: Sableye|Fake Out|p2a: Cinderace\n|-damage|p2a: Cinderace|11\/100\n|cant|p2a: Cinderace|flinch\n|\n|-heal|p1a: Sableye|88\/100|[from] item: Leftovers\n|upkeep\n|turn|22\n|\n|t:|1700161199\n|move|p1a: Sableye|Recover|p1a: Sableye\n|-heal|p1a: Sableye|100\/100\n|move|p2a: Cinderace|Pyro Ball|p1a: Sableye\n|-damage|p1a: Sableye|64\/100\n|-status|p1a: Sableye|brn\n|\n|-heal|p1a: Sableye|69\/100 brn|[from] item: Leftovers\n|-damage|p1a: Sableye|64\/100 brn|[from] brn\n|upkeep\n|turn|23\n|\n|t:|1700161208\n|move|p2a: Cinderace|Pyro Ball|p1a: Sableye\n|-damage|p1a: Sableye|27\/100 brn\n|move|p1a: Sableye|Foul Play|p2a: Cinderace\n|-resisted|p2a: Cinderace\n|-damage|p2a: Cinderace|0 fnt\n|faint|p2a: Cinderace\n|\n|-heal|p1a: Sableye|33\/100 brn|[from] item: Leftovers\n|-damage|p1a: Sableye|27\/100 brn|[from] brn\n|upkeep\n|\n|t:|1700161217\n|switch|p2a: Thundurus|Thundurus-Therian, M|32\/100\n|turn|24\n|\n|t:|1700161233\n|move|p1a: Sableye|Recover|p1a: Sableye\n|-heal|p1a: Sableye|77\/100 brn\n|move|p2a: Thundurus|Volt Switch|p1a: Sableye\n|-damage|p1a: Sableye|0 fnt\n|faint|p1a: Sableye\n|\n|t:|1700161236\n|switch|p2a: Dragapult|Dragapult, F, tera:Ghost|100\/100|[from] Volt Switch\n|-damage|p2a: Dragapult|88\/100|[from] Spikes\n|\n|upkeep\n|\n|t:|1700161243\n|switch|p1a: Ogerpon|Ogerpon, F|76\/100\n|-damage|p1a: Ogerpon|64\/100|[from] Stealth Rock\n|turn|25\n|c|\u2606squi101|gg\n|\n|t:|1700161253\n|-terastallize|p1a: Ogerpon|Grass\n|detailschange|p1a: Ogerpon|Ogerpon-Teal-Tera, F, tera:Grass\n|-ability|p1a: Ogerpon|Embody Aspect (Teal)|boost\n|-boost|p1a: Ogerpon|spe|1\n|move|p1a: Ogerpon|Ivy Cudgel|p2a: Dragapult\n|-damage|p2a: Dragapult|0 fnt\n|faint|p2a: Dragapult\n|\n|upkeep\n|\n|t:|1700161270\n|switch|p2a: Ting-Lu|Ting-Lu|76\/100\n|-damage|p2a: Ting-Lu|63\/100|[from] Spikes\n|-ability|p2a: Ting-Lu|Vessel of Ruin\n|turn|26\n|\n|t:|1700161275\n|move|p1a: Ogerpon|Ivy Cudgel|p2a: Ting-Lu\n|-supereffective|p2a: Ting-Lu\n|-crit|p2a: Ting-Lu\n|-damage|p2a: Ting-Lu|0 fnt\n|faint|p2a: Ting-Lu\n|\n|upkeep\n|\n|t:|1700161279\n|switch|p2a: Thundurus|Thundurus-Therian, M|32\/100\n|turn|27\n|\n|t:|1700161288\n|move|p1a: Ogerpon|Ivy Cudgel|p2a: Thundurus\n|-resisted|p2a: Thundurus\n|-damage|p2a: Thundurus|0 fnt\n|faint|p2a: Thundurus\n|\n|win|squi101\n|raw|squi101's rating: 1191 &rarr; <strong>1219<\/strong><br \/>(+28 for winning)\n|raw|dsagdfawefrs's rating: 1231 &rarr; <strong>1203<\/strong><br \/>(-28 for losing)\n|l|\u2606dsagdfawefrs\n","uploadtime":1700161297,"views":7,"p1id":"squi101","p2id":"dsagdfawefrs","formatid":"gen9ou","rating":1203,"private":0,"password":""}