{"id":"gen9ou-1993892445","p1":"doncheedle","p2":"trialteam98","format":"[Gen 9] OU","log":"|j|\u2606doncheedle\n|j|\u2606trialteam98\n|t:|1700371081\n|gametype|singles\n|player|p1|doncheedle|101|1199\n|player|p2|trialteam98|lady-gen4|1238\n|teamsize|p1|6\n|teamsize|p2|6\n|gen|9\n|tier|[Gen 9] OU\n|rated|\n|rule|Sleep Clause Mod: Limit one foe put to sleep\n|rule|Species Clause: Limit one of each Pok\u00e9mon\n|rule|OHKO Clause: OHKO moves are banned\n|rule|Evasion Items Clause: Evasion items are banned\n|rule|Evasion Moves Clause: Evasion moves are banned\n|rule|Endless Battle Clause: Forcing endless battles is banned\n|rule|HP Percentage Mod: HP is shown in percentages\n|clearpoke\n|poke|p1|Sneasler, F|\n|poke|p1|Rotom-Wash|\n|poke|p1|Kingambit, M|\n|poke|p1|Slowking-Galar, M|\n|poke|p1|Landorus-Therian, M|\n|poke|p1|Cinderace, F|\n|poke|p2|Skeledirge, F|\n|poke|p2|Hippowdon, F|\n|poke|p2|Hatterene, F|\n|poke|p2|Blissey, F|\n|poke|p2|Chansey, F|\n|poke|p2|Clefable, M|\n|teampreview\n|inactive|Battle timer is ON: inactive players will automatically lose when time's up. (requested by doncheedle)\n|c|\u2606doncheedle|fat bastards\n|\n|t:|1700371107\n|start\n|switch|p1a: Sneasler|Sneasler, F|100\/100\n|switch|p2a: Hippowdon|Hippowdon, F|100\/100\n|-weather|Sandstorm|[from] ability: Sand Stream|[of] p2a: Hippowdon\n|turn|1\n|\n|t:|1700371115\n|move|p1a: Sneasler|U-turn|p2a: Hippowdon\n|-damage|p2a: Hippowdon|87\/100\n|\n|t:|1700371117\n|switch|p1a: Rotom|Rotom-Wash|100\/100|[from] U-turn\n|move|p2a: Hippowdon|Stealth Rock|p1a: Rotom\n|-sidestart|p1: doncheedle|move: Stealth Rock\n|\n|-weather|Sandstorm|[upkeep]\n|-damage|p1a: Rotom|95\/100|[from] Sandstorm\n|-heal|p1a: Rotom|100\/100|[from] item: Leftovers\n|-heal|p2a: Hippowdon|93\/100|[from] item: Leftovers\n|upkeep\n|turn|2\n|\n|t:|1700371127\n|switch|p2a: Hatterene|Hatterene, F|100\/100\n|move|p1a: Rotom|Hydro Pump|p2a: Hatterene\n|-damage|p2a: Hatterene|60\/100\n|\n|-weather|Sandstorm|[upkeep]\n|-damage|p1a: Rotom|95\/100|[from] Sandstorm\n|-damage|p2a: Hatterene|54\/100|[from] Sandstorm\n|-heal|p1a: Rotom|100\/100|[from] item: Leftovers\n|upkeep\n|turn|3\n|\n|t:|1700371136\n|move|p1a: Rotom|Hydro Pump|p2a: Hatterene\n|-crit|p2a: Hatterene\n|-damage|p2a: Hatterene|0 fnt\n|faint|p2a: Hatterene\n|\n|-weather|Sandstorm|[upkeep]\n|-damage|p1a: Rotom|95\/100|[from] Sandstorm\n|-heal|p1a: Rotom|100\/100|[from] item: Leftovers\n|upkeep\n|\n|t:|1700371146\n|switch|p2a: Blissey|Blissey, F|100\/100\n|turn|4\n|\n|t:|1700371156\n|move|p1a: Rotom|Thunder Wave|p2a: Blissey\n|-status|p2a: Blissey|par\n|move|p2a: Blissey|Shadow Ball|p1a: Rotom\n|-damage|p1a: Rotom|90\/100\n|-unboost|p1a: Rotom|spd|1\n|\n|-weather|Sandstorm|[upkeep]\n|-damage|p1a: Rotom|84\/100|[from] Sandstorm\n|-damage|p2a: Blissey|94\/100 par|[from] Sandstorm\n|-heal|p1a: Rotom|90\/100|[from] item: Leftovers\n|-heal|p2a: Blissey|100\/100 par|[from] item: Leftovers\n|upkeep\n|turn|5\n|\n|t:|1700371167\n|move|p1a: Rotom|Volt Switch|p2a: Blissey\n|-damage|p2a: Blissey|92\/100 par\n|\n|t:|1700371173\n|switch|p1a: Sneasler|Sneasler, F|100\/100|[from] Volt Switch\n|-damage|p1a: Sneasler|95\/100|[from] Stealth Rock\n|cant|p2a: Blissey|par\n|\n|-weather|none\n|-heal|p2a: Blissey|98\/100 par|[from] item: Leftovers\n|upkeep\n|turn|6\n|\n|t:|1700371185\n|switch|p2a: Skeledirge|Skeledirge, F|100\/100\n|move|p1a: Sneasler|Switcheroo|p2a: Skeledirge\n|-activate|p1a: Sneasler|move: Trick|[of] p2a: Skeledirge\n|-item|p2a: Skeledirge|Choice Scarf|[from] move: Switcheroo\n|-item|p1a: Sneasler|Leftovers|[from] move: Switcheroo\n|\n|-heal|p1a: Sneasler|100\/100|[from] item: Leftovers\n|upkeep\n|turn|7\n|\n|t:|1700371195\n|move|p1a: Sneasler|U-turn|p2a: Skeledirge\n|-resisted|p2a: Skeledirge\n|-damage|p2a: Skeledirge|96\/100\n|\n|t:|1700371202\n|switch|p1a: Landorus|Landorus-Therian, M|100\/100|[from] U-turn\n|-damage|p1a: Landorus|88\/100|[from] Stealth Rock\n|-ability|p1a: Landorus|Intimidate|boost\n|-unboost|p2a: Skeledirge|atk|1\n|move|p2a: Skeledirge|Will-O-Wisp|p1a: Landorus\n|-status|p1a: Landorus|brn\n|\n|-heal|p1a: Landorus|94\/100 brn|[from] item: Leftovers\n|-damage|p1a: Landorus|88\/100 brn|[from] brn\n|upkeep\n|turn|8\n|\n|t:|1700371214\n|switch|p2a: Hippowdon|Hippowdon, F|93\/100\n|-weather|Sandstorm|[from] ability: Sand Stream|[of] p2a: Hippowdon\n|move|p1a: Landorus|Substitute|p1a: Landorus\n|-start|p1a: Landorus|Substitute\n|-damage|p1a: Landorus|63\/100 brn\n|\n|-weather|Sandstorm|[upkeep]\n|-heal|p1a: Landorus|69\/100 brn|[from] item: Leftovers\n|-heal|p2a: Hippowdon|99\/100|[from] item: Leftovers\n|-damage|p1a: Landorus|63\/100 brn|[from] brn\n|upkeep\n|turn|9\n|\n|t:|1700371217\n|move|p1a: Landorus|Grass Knot|p2a: Hippowdon\n|-supereffective|p2a: Hippowdon\n|-damage|p2a: Hippowdon|48\/100\n|move|p2a: Hippowdon|Roar|p1a: Landorus\n|drag|p1a: Slowking|Slowking-Galar, M|100\/100\n|\n|-weather|Sandstorm|[upkeep]\n|-damage|p1a: Slowking|94\/100|[from] Sandstorm\n|-heal|p2a: Hippowdon|54\/100|[from] item: Leftovers\n|upkeep\n|turn|10\n|\n|t:|1700371226\n|move|p2a: Hippowdon|Slack Off|p2a: Hippowdon\n|-heal|p2a: Hippowdon|100\/100\n|move|p1a: Slowking|Grass Knot|p2a: Hippowdon\n|-supereffective|p2a: Hippowdon\n|-damage|p2a: Hippowdon|42\/100\n|\n|-weather|Sandstorm|[upkeep]\n|-damage|p1a: Slowking|88\/100|[from] Sandstorm\n|-heal|p2a: Hippowdon|48\/100|[from] item: Leftovers\n|upkeep\n|turn|11\n|\n|t:|1700371233\n|move|p2a: Hippowdon|Slack Off|p2a: Hippowdon\n|-heal|p2a: Hippowdon|98\/100\n|move|p1a: Slowking|Grass Knot|p2a: Hippowdon\n|-supereffective|p2a: Hippowdon\n|-damage|p2a: Hippowdon|33\/100\n|\n|-weather|Sandstorm|[upkeep]\n|-damage|p1a: Slowking|82\/100|[from] Sandstorm\n|-heal|p2a: Hippowdon|40\/100|[from] item: Leftovers\n|upkeep\n|turn|12\n|\n|t:|1700371239\n|switch|p2a: Skeledirge|Skeledirge, F|96\/100\n|move|p1a: Slowking|Grass Knot|p2a: Skeledirge\n|-resisted|p2a: Skeledirge\n|-damage|p2a: Skeledirge|82\/100\n|\n|-weather|none\n|upkeep\n|turn|13\n|\n|t:|1700371244\n|move|p2a: Skeledirge|Torch Song|p1a: Slowking\n|-damage|p1a: Slowking|53\/100\n|-boost|p2a: Skeledirge|spa|1\n|move|p1a: Slowking|Future Sight|p2a: Skeledirge\n|-start|p1a: Slowking|move: Future Sight\n|\n|upkeep\n|turn|14\n|\n|t:|1700371252\n|switch|p1a: Rotom|Rotom-Wash|90\/100\n|-damage|p1a: Rotom|77\/100|[from] Stealth Rock\n|move|p2a: Skeledirge|Torch Song|p1a: Rotom\n|-resisted|p1a: Rotom\n|-damage|p1a: Rotom|56\/100\n|-boost|p2a: Skeledirge|spa|1\n|\n|-heal|p1a: Rotom|62\/100|[from] item: Leftovers\n|upkeep\n|turn|15\n|\n|t:|1700371267\n|switch|p2a: Blissey|Blissey, F|98\/100 par\n|move|p1a: Rotom|Hydro Pump|p2a: Blissey\n|-damage|p2a: Blissey|84\/100 par\n|\n|-end|p2a: Blissey|move: Future Sight\n|-damage|p2a: Blissey|66\/100 par\n|-heal|p1a: Rotom|67\/100|[from] item: Leftovers\n|-heal|p2a: Blissey|72\/100 par|[from] item: Leftovers\n|upkeep\n|turn|16\n|\n|t:|1700371278\n|move|p1a: Rotom|Volt Switch|p2a: Blissey\n|-damage|p2a: Blissey|62\/100 par\n|\n|t:|1700371282\n|switch|p1a: Sneasler|Sneasler, F|100\/100|[from] Volt Switch\n|-damage|p1a: Sneasler|95\/100|[from] Stealth Rock\n|cant|p2a: Blissey|par\n|\n|-heal|p1a: Sneasler|100\/100|[from] item: Leftovers\n|-heal|p2a: Blissey|68\/100 par|[from] item: Leftovers\n|upkeep\n|turn|17\n|\n|t:|1700371296\n|move|p1a: Sneasler|Dire Claw|p2a: Blissey\n|-damage|p2a: Blissey|32\/100 par\n|move|p2a: Blissey|Body Slam|p1a: Sneasler\n|-damage|p1a: Sneasler|89\/100\n|-status|p1a: Sneasler|par\n|\n|-heal|p1a: Sneasler|95\/100 par|[from] item: Leftovers\n|-heal|p2a: Blissey|38\/100 par|[from] item: Leftovers\n|upkeep\n|turn|18\n|\n|t:|1700371308\n|switch|p2a: Hippowdon|Hippowdon, F|40\/100\n|-weather|Sandstorm|[from] ability: Sand Stream|[of] p2a: Hippowdon\n|move|p1a: Sneasler|Dire Claw|p2a: Hippowdon\n|-resisted|p2a: Hippowdon\n|-damage|p2a: Hippowdon|29\/100\n|\n|-weather|Sandstorm|[upkeep]\n|-damage|p1a: Sneasler|89\/100 par|[from] Sandstorm\n|-heal|p1a: Sneasler|95\/100 par|[from] item: Leftovers\n|-heal|p2a: Hippowdon|35\/100|[from] item: Leftovers\n|upkeep\n|turn|19\n|\n|t:|1700371316\n|cant|p1a: Sneasler|par\n|move|p2a: Hippowdon|Slack Off|p2a: Hippowdon\n|-heal|p2a: Hippowdon|85\/100\n|\n|-weather|Sandstorm|[upkeep]\n|-damage|p1a: Sneasler|89\/100 par|[from] Sandstorm\n|-heal|p1a: Sneasler|95\/100 par|[from] item: Leftovers\n|-heal|p2a: Hippowdon|91\/100|[from] item: Leftovers\n|upkeep\n|turn|20\n|\n|t:|1700371325\n|switch|p1a: Rotom|Rotom-Wash|67\/100\n|-damage|p1a: Rotom|55\/100|[from] Stealth Rock\n|move|p2a: Hippowdon|Roar|p1a: Rotom\n|drag|p1a: Cinderace|Cinderace, F|100\/100\n|\n|-weather|Sandstorm|[upkeep]\n|-damage|p1a: Cinderace|95\/100|[from] Sandstorm\n|-heal|p2a: Hippowdon|97\/100|[from] item: Leftovers\n|upkeep\n|turn|21\n|\n|t:|1700371338\n|switch|p2a: Skeledirge|Skeledirge, F|82\/100\n|move|p1a: Cinderace|Court Change|p1a: Cinderace\n|-start|p1a: Cinderace|typechange|Normal|[from] ability: Libero\n|-swapsideconditions\n|-activate|p1a: Cinderace|move: Court Change\n|\n|-weather|Sandstorm|[upkeep]\n|-damage|p1a: Cinderace|89\/100|[from] Sandstorm\n|-damage|p2a: Skeledirge|75\/100|[from] Sandstorm\n|upkeep\n|turn|22\n|\n|t:|1700371345\n|move|p1a: Cinderace|U-turn|p2a: Skeledirge\n|-resisted|p2a: Skeledirge\n|-damage|p2a: Skeledirge|71\/100\n|\n|t:|1700371347\n|switch|p1a: Rotom|Rotom-Wash|55\/100|[from] U-turn\n|move|p2a: Skeledirge|Will-O-Wisp|p1a: Rotom|[miss]\n|-miss|p2a: Skeledirge|p1a: Rotom\n|\n|-weather|none\n|-heal|p1a: Rotom|61\/100|[from] item: Leftovers\n|upkeep\n|turn|23\n|\n|t:|1700371356\n|switch|p2a: Blissey|Blissey, F|38\/100 par\n|-damage|p2a: Blissey|25\/100 par|[from] Stealth Rock\n|move|p1a: Rotom|Volt Switch|p2a: Blissey\n|-damage|p2a: Blissey|15\/100 par\n|\n|t:|1700371368\n|switch|p1a: Sneasler|Sneasler, F|95\/100 par|[from] Volt Switch\n|\n|-heal|p1a: Sneasler|100\/100 par|[from] item: Leftovers\n|-heal|p2a: Blissey|21\/100 par|[from] item: Leftovers\n|upkeep\n|turn|24\n|\n|t:|1700371374\n|move|p1a: Sneasler|Dire Claw|p2a: Blissey\n|-damage|p2a: Blissey|0 fnt\n|faint|p2a: Blissey\n|\n|upkeep\n|\n|t:|1700371378\n|switch|p2a: Hippowdon|Hippowdon, F|97\/100\n|-damage|p2a: Hippowdon|91\/100|[from] Stealth Rock\n|-weather|Sandstorm|[from] ability: Sand Stream|[of] p2a: Hippowdon\n|turn|25\n|\n|t:|1700371386\n|move|p1a: Sneasler|U-turn|p2a: Hippowdon\n|-damage|p2a: Hippowdon|79\/100\n|\n|t:|1700371388\n|switch|p1a: Rotom|Rotom-Wash|61\/100|[from] U-turn\n|move|p2a: Hippowdon|Stealth Rock|p1a: Rotom\n|-sidestart|p1: doncheedle|move: Stealth Rock\n|\n|-weather|Sandstorm|[upkeep]\n|-damage|p1a: Rotom|55\/100|[from] Sandstorm\n|-heal|p1a: Rotom|61\/100|[from] item: Leftovers\n|-heal|p2a: Hippowdon|85\/100|[from] item: Leftovers\n|upkeep\n|turn|26\n|\n|t:|1700371397\n|switch|p2a: Chansey|Chansey, F|100\/100\n|-damage|p2a: Chansey|88\/100|[from] Stealth Rock\n|move|p1a: Rotom|Hydro Pump|p2a: Chansey\n|-damage|p2a: Chansey|76\/100\n|\n|-weather|Sandstorm|[upkeep]\n|-damage|p1a: Rotom|55\/100|[from] Sandstorm\n|-damage|p2a: Chansey|70\/100|[from] Sandstorm\n|-heal|p1a: Rotom|61\/100|[from] item: Leftovers\n|upkeep\n|turn|27\n|\n|t:|1700371405\n|move|p1a: Rotom|Volt Switch|p2a: Chansey\n|-damage|p2a: Chansey|62\/100\n|\n|t:|1700371414\n|switch|p1a: Sneasler|Sneasler, F|100\/100 par|[from] Volt Switch\n|-damage|p1a: Sneasler|95\/100 par|[from] Stealth Rock\n|move|p2a: Chansey|Shadow Ball|p1a: Sneasler\n|-damage|p1a: Sneasler|83\/100 par\n|-unboost|p1a: Sneasler|spd|1\n|\n|-weather|Sandstorm|[upkeep]\n|-damage|p1a: Sneasler|77\/100 par|[from] Sandstorm\n|-damage|p2a: Chansey|56\/100|[from] Sandstorm\n|-heal|p1a: Sneasler|83\/100 par|[from] item: Leftovers\n|upkeep\n|turn|28\n|\n|t:|1700371430\n|switch|p2a: Hippowdon|Hippowdon, F|85\/100\n|-damage|p2a: Hippowdon|79\/100|[from] Stealth Rock\n|move|p1a: Sneasler|Dire Claw|p2a: Hippowdon\n|-resisted|p2a: Hippowdon\n|-damage|p2a: Hippowdon|67\/100\n|-status|p2a: Hippowdon|psn\n|\n|-weather|Sandstorm|[upkeep]\n|-damage|p1a: Sneasler|77\/100 par|[from] Sandstorm\n|-heal|p1a: Sneasler|83\/100 par|[from] item: Leftovers\n|-heal|p2a: Hippowdon|74\/100 psn|[from] item: Leftovers\n|-damage|p2a: Hippowdon|61\/100 psn|[from] psn\n|upkeep\n|turn|29\n|\n|t:|1700371438\n|cant|p1a: Sneasler|par\n|move|p2a: Hippowdon|Slack Off|p2a: Hippowdon\n|-heal|p2a: Hippowdon|100\/100 psn\n|\n|-weather|none\n|-heal|p1a: Sneasler|89\/100 par|[from] item: Leftovers\n|-damage|p2a: Hippowdon|88\/100 psn|[from] psn\n|upkeep\n|turn|30\n|\n|t:|1700371446\n|cant|p1a: Sneasler|par\n|move|p2a: Hippowdon|Roar|p1a: Sneasler\n|drag|p1a: Rotom|Rotom-Wash|61\/100\n|-damage|p1a: Rotom|49\/100|[from] Stealth Rock\n|\n|-heal|p1a: Rotom|55\/100|[from] item: Leftovers\n|-heal|p2a: Hippowdon|94\/100 psn|[from] item: Leftovers\n|-damage|p2a: Hippowdon|82\/100 psn|[from] psn\n|upkeep\n|turn|31\n|\n|t:|1700371452\n|switch|p2a: Chansey|Chansey, F|56\/100\n|-damage|p2a: Chansey|44\/100|[from] Stealth Rock\n|move|p1a: Rotom|Hydro Pump|p2a: Chansey\n|-damage|p2a: Chansey|32\/100\n|\n|-heal|p1a: Rotom|61\/100|[from] item: Leftovers\n|upkeep\n|turn|32\n|\n|t:|1700371456\n|move|p1a: Rotom|Thunder Wave|p2a: Chansey\n|-status|p2a: Chansey|par\n|move|p2a: Chansey|Soft-Boiled|p2a: Chansey\n|-heal|p2a: Chansey|82\/100 par\n|\n|-heal|p1a: Rotom|67\/100|[from] item: Leftovers\n|upkeep\n|turn|33\n|\n|t:|1700371463\n|move|p1a: Rotom|Volt Switch|p2a: Chansey\n|-damage|p2a: Chansey|74\/100 par\n|\n|t:|1700371471\n|switch|p1a: Sneasler|Sneasler, F|89\/100 par|[from] Volt Switch\n|-damage|p1a: Sneasler|83\/100 par|[from] Stealth Rock\n|move|p2a: Chansey|Heal Bell|p2a: Chansey\n|-activate|p2a: Chansey|move: Heal Bell\n|-curestatus|p2a: Chansey|par|[msg]\n|-curestatus|p2: Hippowdon|psn|[msg]\n|\n|-heal|p1a: Sneasler|89\/100 par|[from] item: Leftovers\n|upkeep\n|turn|34\n|\n|t:|1700371484\n|switch|p2a: Hippowdon|Hippowdon, F|82\/100\n|-damage|p2a: Hippowdon|76\/100|[from] Stealth Rock\n|-weather|Sandstorm|[from] ability: Sand Stream|[of] p2a: Hippowdon\n|move|p1a: Sneasler|Dire Claw|p2a: Hippowdon\n|-resisted|p2a: Hippowdon\n|-damage|p2a: Hippowdon|65\/100\n|\n|-weather|Sandstorm|[upkeep]\n|-damage|p1a: Sneasler|83\/100 par|[from] Sandstorm\n|-heal|p1a: Sneasler|89\/100 par|[from] item: Leftovers\n|-heal|p2a: Hippowdon|71\/100|[from] item: Leftovers\n|upkeep\n|turn|35\n|\n|t:|1700371494\n|cant|p1a: Sneasler|par\n|move|p2a: Hippowdon|Roar|p1a: Sneasler\n|drag|p1a: Cinderace|Cinderace, F|89\/100\n|\n|-weather|Sandstorm|[upkeep]\n|-damage|p1a: Cinderace|83\/100|[from] Sandstorm\n|-heal|p2a: Hippowdon|77\/100|[from] item: Leftovers\n|upkeep\n|turn|36\n|\n|t:|1700371502\n|move|p1a: Cinderace|U-turn|p2a: Hippowdon\n|-start|p1a: Cinderace|typechange|Bug|[from] ability: Libero\n|-damage|p2a: Hippowdon|60\/100\n|\n|t:|1700371509\n|switch|p1a: Rotom|Rotom-Wash|67\/100|[from] U-turn\n|-damage|p1a: Rotom|55\/100|[from] Stealth Rock\n|move|p2a: Hippowdon|Roar|p1a: Rotom\n|drag|p1a: Kingambit|Kingambit, M|100\/100\n|-damage|p1a: Kingambit|94\/100|[from] Stealth Rock\n|\n|-weather|Sandstorm|[upkeep]\n|-heal|p1a: Kingambit|100\/100|[from] item: Leftovers\n|-heal|p2a: Hippowdon|66\/100|[from] item: Leftovers\n|upkeep\n|turn|37\n|\n|t:|1700371522\n|move|p1a: Kingambit|Kowtow Cleave|p2a: Hippowdon\n|-damage|p2a: Hippowdon|41\/100\n|move|p2a: Hippowdon|Roar|p1a: Kingambit\n|-end|p1a: Kingambit|fallenundefined|[silent]\n|drag|p1a: Cinderace|Cinderace, F|83\/100\n|\n|-weather|Sandstorm|[upkeep]\n|-damage|p1a: Cinderace|77\/100|[from] Sandstorm\n|-heal|p2a: Hippowdon|47\/100|[from] item: Leftovers\n|upkeep\n|turn|38\n|\n|t:|1700371532\n|move|p1a: Cinderace|Low Kick|p2a: Hippowdon\n|-start|p1a: Cinderace|typechange|Fighting|[from] ability: Libero\n|-damage|p2a: Hippowdon|18\/100\n|move|p2a: Hippowdon|Roar|p1a: Cinderace\n|drag|p1a: Sneasler|Sneasler, F|89\/100 par\n|-damage|p1a: Sneasler|83\/100 par|[from] Stealth Rock\n|\n|-weather|none\n|-heal|p1a: Sneasler|89\/100 par|[from] item: Leftovers\n|-heal|p2a: Hippowdon|25\/100|[from] item: Leftovers\n|upkeep\n|turn|39\n|\n|t:|1700371542\n|cant|p1a: Sneasler|par\n|move|p2a: Hippowdon|Slack Off|p2a: Hippowdon\n|-heal|p2a: Hippowdon|75\/100\n|\n|-heal|p1a: Sneasler|95\/100 par|[from] item: Leftovers\n|-heal|p2a: Hippowdon|81\/100|[from] item: Leftovers\n|upkeep\n|turn|40\n|\n|t:|1700371550\n|move|p1a: Sneasler|U-turn|p2a: Hippowdon\n|-damage|p2a: Hippowdon|69\/100\n|\n|t:|1700371553\n|switch|p1a: Rotom|Rotom-Wash|55\/100|[from] U-turn\n|-damage|p1a: Rotom|42\/100|[from] Stealth Rock\n|move|p2a: Hippowdon|Roar|p1a: Rotom\n|drag|p1a: Cinderace|Cinderace, F|77\/100\n|\n|-heal|p2a: Hippowdon|75\/100|[from] item: Leftovers\n|upkeep\n|turn|41\n|\n|t:|1700371561\n|move|p1a: Cinderace|Low Kick|p2a: Hippowdon\n|-start|p1a: Cinderace|typechange|Fighting|[from] ability: Libero\n|-damage|p2a: Hippowdon|44\/100\n|move|p2a: Hippowdon|Roar|p1a: Cinderace\n|drag|p1a: Slowking|Slowking-Galar, M|86\/100\n|\n|-heal|p2a: Hippowdon|50\/100|[from] item: Leftovers\n|upkeep\n|turn|42\n|\n|t:|1700371574\n|switch|p2a: Chansey|Chansey, F|74\/100\n|-damage|p2a: Chansey|62\/100|[from] Stealth Rock\n|move|p1a: Slowking|Grass Knot|p2a: Chansey\n|-damage|p2a: Chansey|57\/100\n|\n|upkeep\n|turn|43\n|\n|t:|1700371577\n|move|p2a: Chansey|Thunder Wave|p1a: Slowking\n|-status|p1a: Slowking|par\n|move|p1a: Slowking|Future Sight|p2a: Chansey\n|-start|p1a: Slowking|move: Future Sight\n|\n|upkeep\n|turn|44\n|\n|t:|1700371584\n|move|p2a: Chansey|Soft-Boiled|p2a: Chansey\n|-heal|p2a: Chansey|100\/100\n|move|p1a: Slowking|Chilly Reception|p1a: Slowking\n|-weather|Snow\n|\n|t:|1700371597\n|switch|p1a: Sneasler|Sneasler, F|95\/100 par|[from] Chilly Reception\n|-damage|p1a: Sneasler|89\/100 par|[from] Stealth Rock\n|\n|-weather|Snow|[upkeep]\n|-heal|p1a: Sneasler|95\/100 par|[from] item: Leftovers\n|upkeep\n|turn|45\n|\n|t:|1700371607\n|move|p1a: Sneasler|Dire Claw|p2a: Chansey\n|-damage|p2a: Chansey|74\/100\n|-status|p2a: Chansey|psn|[from] ability: Poison Touch|[of] p1a: Sneasler\n|move|p2a: Chansey|Shadow Ball|p1a: Sneasler\n|-damage|p1a: Sneasler|83\/100 par\n|-unboost|p1a: Sneasler|spd|1\n|\n|-weather|Snow|[upkeep]\n|-end|p2a: Chansey|move: Future Sight\n|-damage|p2a: Chansey|60\/100 psn\n|-heal|p1a: Sneasler|89\/100 par|[from] item: Leftovers\n|-damage|p2a: Chansey|47\/100 psn|[from] psn\n|upkeep\n|turn|46\n|\n|t:|1700371616\n|move|p1a: Sneasler|Close Combat|p2a: Chansey\n|-supereffective|p2a: Chansey\n|-damage|p2a: Chansey|0 fnt\n|-unboost|p1a: Sneasler|def|1\n|-unboost|p1a: Sneasler|spd|1\n|faint|p2a: Chansey\n|\n|-weather|Snow|[upkeep]\n|-heal|p1a: Sneasler|95\/100 par|[from] item: Leftovers\n|upkeep\n|\n|t:|1700371625\n|switch|p2a: Skeledirge|Skeledirge, F|71\/100\n|-damage|p2a: Skeledirge|46\/100|[from] Stealth Rock\n|turn|47\n|\n|t:|1700371645\n|switch|p1a: Rotom|Rotom-Wash|42\/100\n|-damage|p1a: Rotom|30\/100|[from] Stealth Rock\n|move|p2a: Skeledirge|Hex|p1a: Rotom\n|-damage|p1a: Rotom|5\/100\n|\n|-weather|Snow|[upkeep]\n|-heal|p1a: Rotom|11\/100|[from] item: Leftovers\n|upkeep\n|turn|48\n|\n|t:|1700371659\n|switch|p2a: Hippowdon|Hippowdon, F|50\/100\n|-damage|p2a: Hippowdon|44\/100|[from] Stealth Rock\n|-weather|Sandstorm|[from] ability: Sand Stream|[of] p2a: Hippowdon\n|move|p1a: Rotom|Hydro Pump|p2a: Hippowdon|[miss]\n|-miss|p1a: Rotom|p2a: Hippowdon\n|\n|-weather|Sandstorm|[upkeep]\n|-damage|p1a: Rotom|5\/100|[from] Sandstorm\n|-heal|p1a: Rotom|11\/100|[from] item: Leftovers\n|-heal|p2a: Hippowdon|50\/100|[from] item: Leftovers\n|upkeep\n|turn|49\n|\n|t:|1700371668\n|move|p1a: Rotom|Hydro Pump|p2a: Hippowdon\n|-supereffective|p2a: Hippowdon\n|-damage|p2a: Hippowdon|0 fnt\n|faint|p2a: Hippowdon\n|\n|-weather|Sandstorm|[upkeep]\n|-damage|p1a: Rotom|5\/100|[from] Sandstorm\n|-heal|p1a: Rotom|11\/100|[from] item: Leftovers\n|upkeep\n|\n|t:|1700371672\n|switch|p2a: Clefable|Clefable, M|100\/100\n|-damage|p2a: Clefable|88\/100|[from] Stealth Rock\n|turn|50\n|\n|t:|1700371679\n|move|p1a: Rotom|Volt Switch|p2a: Clefable\n|-damage|p2a: Clefable|64\/100\n|\n|t:|1700371688\n|switch|p1a: Landorus|Landorus-Therian, M|63\/100 brn|[from] Volt Switch\n|-damage|p1a: Landorus|50\/100 brn|[from] Stealth Rock\n|-ability|p1a: Landorus|Intimidate|boost\n|-unboost|p2a: Clefable|atk|1\n|move|p2a: Clefable|Cosmic Power|p2a: Clefable\n|-boost|p2a: Clefable|def|1\n|-boost|p2a: Clefable|spd|1\n|\n|-weather|Sandstorm|[upkeep]\n|-damage|p2a: Clefable|58\/100|[from] Sandstorm\n|-heal|p1a: Landorus|57\/100 brn|[from] item: Leftovers\n|-heal|p2a: Clefable|64\/100|[from] item: Leftovers\n|-damage|p1a: Landorus|50\/100 brn|[from] brn\n|upkeep\n|turn|51\n|\n|t:|1700371701\n|move|p1a: Landorus|Substitute|p1a: Landorus\n|-start|p1a: Landorus|Substitute\n|-damage|p1a: Landorus|25\/100 brn\n|move|p2a: Clefable|Cosmic Power|p2a: Clefable\n|-boost|p2a: Clefable|def|1\n|-boost|p2a: Clefable|spd|1\n|\n|-weather|Sandstorm|[upkeep]\n|-damage|p2a: Clefable|58\/100|[from] Sandstorm\n|-heal|p1a: Landorus|32\/100 brn|[from] item: Leftovers\n|-heal|p2a: Clefable|64\/100|[from] item: Leftovers\n|-damage|p1a: Landorus|25\/100 brn|[from] brn\n|upkeep\n|turn|52\n|\n|t:|1700371706\n|move|p1a: Landorus|Earthquake|p2a: Clefable\n|-damage|p2a: Clefable|48\/100\n|move|p2a: Clefable|Cosmic Power|p2a: Clefable\n|-boost|p2a: Clefable|def|1\n|-boost|p2a: Clefable|spd|1\n|\n|-weather|none\n|-heal|p1a: Landorus|32\/100 brn|[from] item: Leftovers\n|-heal|p2a: Clefable|55\/100|[from] item: Leftovers\n|-damage|p1a: Landorus|25\/100 brn|[from] brn\n|upkeep\n|turn|53\n|\n|t:|1700371710\n|move|p1a: Landorus|Earthquake|p2a: Clefable\n|-damage|p2a: Clefable|41\/100\n|move|p2a: Clefable|Cosmic Power|p2a: Clefable\n|-boost|p2a: Clefable|def|1\n|-boost|p2a: Clefable|spd|1\n|\n|-heal|p1a: Landorus|32\/100 brn|[from] item: Leftovers\n|-heal|p2a: Clefable|47\/100|[from] item: Leftovers\n|-damage|p1a: Landorus|25\/100 brn|[from] brn\n|upkeep\n|turn|54\n|\n|t:|1700371717\n|move|p1a: Landorus|Grass Knot|p2a: Clefable\n|-damage|p2a: Clefable|43\/100\n|move|p2a: Clefable|Moonlight|p2a: Clefable\n|-heal|p2a: Clefable|93\/100\n|\n|-heal|p1a: Landorus|32\/100 brn|[from] item: Leftovers\n|-heal|p2a: Clefable|99\/100|[from] item: Leftovers\n|-damage|p1a: Landorus|25\/100 brn|[from] brn\n|upkeep\n|turn|55\n|\n|t:|1700371726\n|switch|p1a: Rotom|Rotom-Wash|11\/100\n|-damage|p1a: Rotom|0 fnt|[from] Stealth Rock\n|faint|p1a: Rotom\n|move|p2a: Clefable|Cosmic Power|p2a: Clefable\n|-boost|p2a: Clefable|def|1\n|-boost|p2a: Clefable|spd|1\n|\n|-heal|p2a: Clefable|100\/100|[from] item: Leftovers\n|upkeep\n|\n|t:|1700371730\n|switch|p1a: Sneasler|Sneasler, F|95\/100 par\n|-damage|p1a: Sneasler|89\/100 par|[from] Stealth Rock\n|turn|56\n|\n|t:|1700371737\n|move|p1a: Sneasler|Dire Claw|p2a: Clefable\n|-supereffective|p2a: Clefable\n|-damage|p2a: Clefable|71\/100\n|move|p2a: Clefable|Stored Power|p1a: Sneasler\n|-supereffective|p1a: Sneasler\n|-damage|p1a: Sneasler|0 fnt\n|faint|p1a: Sneasler\n|\n|-heal|p2a: Clefable|77\/100|[from] item: Leftovers\n|upkeep\n|\n|t:|1700371752\n|switch|p1a: Kingambit|Kingambit, M|100\/100\n|-damage|p1a: Kingambit|94\/100|[from] Stealth Rock\n|-activate|p1a: Kingambit|ability: Supreme Overlord\n|-start|p1a: Kingambit|fallen2|[silent]\n|turn|57\n|\n|t:|1700371762\n|move|p1a: Kingambit|Swords Dance|p1a: Kingambit\n|-boost|p1a: Kingambit|atk|2\n|move|p2a: Clefable|Cosmic Power|p2a: Clefable\n|-boost|p2a: Clefable|def|1\n|-boost|p2a: Clefable|spd|1\n|\n|-heal|p1a: Kingambit|100\/100|[from] item: Leftovers\n|-heal|p2a: Clefable|83\/100|[from] item: Leftovers\n|upkeep\n|turn|58\n|\n|t:|1700371766\n|move|p1a: Kingambit|Swords Dance|p1a: Kingambit\n|-boost|p1a: Kingambit|atk|2\n|move|p2a: Clefable|Moonblast|p1a: Kingambit\n|-damage|p1a: Kingambit|48\/100\n|\n|-heal|p1a: Kingambit|54\/100|[from] item: Leftovers\n|-heal|p2a: Clefable|89\/100|[from] item: Leftovers\n|upkeep\n|turn|59\n|\n|t:|1700371777\n|-end|p1a: Kingambit|fallen2|[silent]\n|switch|p1a: Landorus|Landorus-Therian, M|25\/100 brn\n|-damage|p1a: Landorus|13\/100 brn|[from] Stealth Rock\n|-ability|p1a: Landorus|Intimidate|boost\n|-unboost|p2a: Clefable|atk|1\n|move|p2a: Clefable|Moonblast|p1a: Landorus\n|-damage|p1a: Landorus|0 fnt\n|faint|p1a: Landorus\n|\n|-heal|p2a: Clefable|95\/100|[from] item: Leftovers\n|upkeep\n|\n|t:|1700371786\n|switch|p1a: Slowking|Slowking-Galar, M|100\/100 par\n|turn|60\n|\n|t:|1700371792\n|move|p2a: Clefable|Stored Power|p1a: Slowking\n|-damage|p1a: Slowking|40\/100 par\n|move|p1a: Slowking|Psychic|p2a: Clefable\n|-damage|p2a: Clefable|87\/100\n|\n|-heal|p2a: Clefable|93\/100|[from] item: Leftovers\n|upkeep\n|turn|61\n|\n|t:|1700371797\n|move|p2a: Clefable|Stored Power|p1a: Slowking\n|-damage|p1a: Slowking|0 fnt\n|faint|p1a: Slowking\n|\n|-heal|p2a: Clefable|99\/100|[from] item: Leftovers\n|upkeep\n|\n|t:|1700371800\n|switch|p1a: Cinderace|Cinderace, F|77\/100\n|turn|62\n|\n|t:|1700371805\n|move|p1a: Cinderace|Pyro Ball|p2a: Clefable\n|-damage|p2a: Clefable|84\/100\n|-status|p2a: Clefable|brn\n|move|p2a: Clefable|Stored Power|p1a: Cinderace\n|-damage|p1a: Cinderace|0 fnt\n|faint|p1a: Cinderace\n|\n|-heal|p2a: Clefable|90\/100 brn|[from] item: Leftovers\n|-damage|p2a: Clefable|84\/100 brn|[from] brn\n|upkeep\n|\n|t:|1700371809\n|switch|p1a: Kingambit|Kingambit, M|54\/100\n|-damage|p1a: Kingambit|48\/100|[from] Stealth Rock\n|-activate|p1a: Kingambit|ability: Supreme Overlord\n|-start|p1a: Kingambit|fallen5|[silent]\n|turn|63\n|\n|t:|1700371819\n|-terastallize|p1a: Kingambit|Fairy\n|move|p1a: Kingambit|Swords Dance|p1a: Kingambit\n|-boost|p1a: Kingambit|atk|2\n|move|p2a: Clefable|Moonblast|p1a: Kingambit\n|-damage|p1a: Kingambit|0 fnt\n|faint|p1a: Kingambit\n|-end|p1a: Kingambit|fallen5|[silent]\n|\n|win|trialteam98\n|raw|doncheedle's rating: 1199 &rarr; <strong>1173<\/strong><br \/>(-26 for losing)\n|raw|trialteam98's rating: 1187 &rarr; <strong>1213<\/strong><br \/>(+26 for winning)\n|l|\u2606doncheedle\n","uploadtime":1700371093,"views":12,"p1id":"doncheedle","p2id":"trialteam98","formatid":"gen9ou","rating":1173,"private":0,"password":""}