{"id":"gen9ou-1999617326","p1":"Friede275","p2":"crocante","format":"[Gen 9] OU","log":"|j|\u2606Friede275\n|j|\u2606crocante\n|t:|1701101609\n|gametype|singles\n|player|p1|Friede275|drayden|1047\n|player|p2|crocante|hexmaniac-gen6|1040\n|teamsize|p1|6\n|teamsize|p2|6\n|gen|9\n|tier|[Gen 9] OU\n|rated|\n|rule|Sleep Clause Mod: Limit one foe put to sleep\n|rule|Species Clause: Limit one of each Pok\u00e9mon\n|rule|OHKO Clause: OHKO moves are banned\n|rule|Evasion Items Clause: Evasion items are banned\n|rule|Evasion Moves Clause: Evasion moves are banned\n|rule|Endless Battle Clause: Forcing endless battles is banned\n|rule|HP Percentage Mod: HP is shown in percentages\n|clearpoke\n|poke|p1|Dipplin, M|\n|poke|p1|Heatran, F|\n|poke|p1|Dondozo, F|\n|poke|p1|Landorus-Therian, M|\n|poke|p1|Iron Valiant|\n|poke|p1|Corviknight, M|\n|poke|p2|Iron Valiant|\n|poke|p2|Iron Moth|\n|poke|p2|Iron Leaves|\n|poke|p2|Iron Treads|\n|poke|p2|Iron Hands|\n|poke|p2|Iron Jugulis|\n|teampreview\n|\n|t:|1701101636\n|start\n|switch|p1a: Dipplin|Dipplin, M|100\/100\n|switch|p2a: Iron Treads|Iron Treads|100\/100\n|turn|1\n|\n|t:|1701101649\n|move|p2a: Iron Treads|Ice Spinner|p1a: Dipplin\n|-supereffective|p1a: Dipplin\n|-damage|p1a: Dipplin|46\/100\n|move|p1a: Dipplin|Syrup Bomb|p2a: Iron Treads\n|-damage|p2a: Iron Treads|72\/100\n|-start|p2a: Iron Treads|Syrup Bomb\n|\n|-unboost|p2a: Iron Treads|spe|1\n|upkeep\n|turn|2\n|\n|t:|1701101668\n|switch|p1a: Corviknight|Corviknight, M|100\/100\n|move|p2a: Iron Treads|Ice Spinner|p1a: Corviknight\n|-damage|p1a: Corviknight|86\/100\n|\n|-unboost|p2a: Iron Treads|spe|1\n|upkeep\n|turn|3\n|\n|t:|1701101709\n|-end|p2a: Iron Treads|Quark Drive|[silent]\n|switch|p2a: Iron Moth|Iron Moth|100\/100\n|move|p1a: Corviknight|Body Press|p2a: Iron Moth\n|-resisted|p2a: Iron Moth\n|-damage|p2a: Iron Moth|76\/100\n|\n|upkeep\n|turn|4\n|\n|t:|1701101723\n|switch|p1a: Heatran|Heatran, F|100\/100\n|move|p2a: Iron Moth|Fiery Dance|p1a: Heatran\n|-start|p1a: Heatran|ability: Flash Fire\n|\n|upkeep\n|turn|5\n|\n|t:|1701101738\n|-end|p2a: Iron Moth|Quark Drive|[silent]\n|switch|p2a: Iron Leaves|Iron Leaves|100\/100\n|-enditem|p2a: Iron Leaves|Booster Energy\n|-activate|p2a: Iron Leaves|ability: Quark Drive|[fromitem]\n|-start|p2a: Iron Leaves|quarkdriveatk\n|move|p1a: Heatran|Earth Power|p2a: Iron Leaves\n|-resisted|p2a: Iron Leaves\n|-damage|p2a: Iron Leaves|83\/100\n|\n|upkeep\n|turn|6\n|\n|t:|1701101762\n|move|p2a: Iron Leaves|Sacred Sword|p1a: Heatran\n|-supereffective|p1a: Heatran\n|-damage|p1a: Heatran|26\/100\n|move|p1a: Heatran|Magma Storm|p2a: Iron Leaves\n|-supereffective|p2a: Iron Leaves\n|-damage|p2a: Iron Leaves|0 fnt\n|faint|p2a: Iron Leaves\n|-end|p2a: Iron Leaves|Quark Drive|[silent]\n|\n|-heal|p1a: Heatran|32\/100|[from] item: Leftovers\n|upkeep\n|\n|t:|1701101784\n|switch|p2a: Iron Treads|Iron Treads|72\/100\n|turn|7\n|\n|t:|1701101800\n|-end|p1a: Heatran|ability: Flash Fire|[silent]\n|switch|p1a: Corviknight|Corviknight, M|86\/100\n|move|p2a: Iron Treads|Earthquake|p1a: Corviknight\n|-immune|p1a: Corviknight\n|\n|upkeep\n|turn|8\n|\n|t:|1701101819\n|-end|p2a: Iron Treads|Quark Drive|[silent]\n|switch|p2a: Iron Moth|Iron Moth|76\/100\n|move|p1a: Corviknight|Body Press|p2a: Iron Moth\n|-resisted|p2a: Iron Moth\n|-damage|p2a: Iron Moth|52\/100\n|\n|upkeep\n|turn|9\n|\n|t:|1701101828\n|-end|p2a: Iron Moth|Quark Drive|[silent]\n|switch|p2a: Iron Treads|Iron Treads|72\/100\n|switch|p1a: Heatran|Heatran, F|32\/100\n|\n|-heal|p1a: Heatran|38\/100|[from] item: Leftovers\n|upkeep\n|turn|10\n|\n|t:|1701101843\n|switch|p1a: Corviknight|Corviknight, M|86\/100\n|move|p2a: Iron Treads|Earthquake|p1a: Corviknight\n|-immune|p1a: Corviknight\n|\n|upkeep\n|turn|11\n|\n|t:|1701101851\n|-end|p2a: Iron Treads|Quark Drive|[silent]\n|switch|p2a: Iron Hands|Iron Hands|100\/100\n|move|p1a: Corviknight|Body Press|p2a: Iron Hands\n|-damage|p2a: Iron Hands|85\/100\n|\n|upkeep\n|turn|12\n|\n|t:|1701101869\n|move|p2a: Iron Hands|Fake Out|p1a: Corviknight\n|-resisted|p1a: Corviknight\n|-damage|p1a: Corviknight|79\/100\n|cant|p1a: Corviknight|flinch\n|\n|upkeep\n|turn|13\n|\n|t:|1701101891\n|switch|p1a: Landorus|Landorus-Therian, M|100\/100\n|-ability|p1a: Landorus|Intimidate|boost\n|-unboost|p2a: Iron Hands|atk|1\n|-end|p2a: Iron Hands|Quark Drive|[silent]\n|switch|p2a: Iron Moth|Iron Moth|52\/100\n|\n|upkeep\n|turn|14\n|\n|t:|1701101961\n|-end|p2a: Iron Moth|Quark Drive|[silent]\n|switch|p2a: Iron Jugulis|Iron Jugulis|100\/100\n|switch|p1a: Heatran|Heatran, F|38\/100\n|\n|-heal|p1a: Heatran|45\/100|[from] item: Leftovers\n|upkeep\n|turn|15\n|\n|t:|1701101988\n|switch|p1a: Corviknight|Corviknight, M|79\/100\n|move|p2a: Iron Jugulis|Earth Power|p1a: Corviknight\n|-immune|p1a: Corviknight\n|\n|upkeep\n|turn|16\n|\n|t:|1701102031\n|-end|p2a: Iron Jugulis|Quark Drive|[silent]\n|switch|p2a: Iron Hands|Iron Hands|85\/100\n|move|p1a: Corviknight|Body Press|p2a: Iron Hands\n|-damage|p2a: Iron Hands|69\/100\n|\n|upkeep\n|turn|17\n|\n|t:|1701102059\n|switch|p1a: Landorus|Landorus-Therian, M|100\/100\n|-ability|p1a: Landorus|Intimidate|boost\n|-unboost|p2a: Iron Hands|atk|1\n|move|p2a: Iron Hands|Wild Charge|p1a: Landorus\n|-immune|p1a: Landorus\n|\n|upkeep\n|turn|18\n|\n|t:|1701102071\n|-end|p2a: Iron Hands|Quark Drive|[silent]\n|switch|p2a: Iron Jugulis|Iron Jugulis|100\/100\n|move|p1a: Landorus|Earthquake|p2a: Iron Jugulis\n|-immune|p2a: Iron Jugulis\n|\n|upkeep\n|turn|19\n|\n|t:|1701102084\n|move|p2a: Iron Jugulis|Hurricane|p1a: Landorus|[miss]\n|-miss|p2a: Iron Jugulis|p1a: Landorus\n|move|p1a: Landorus|U-turn|p2a: Iron Jugulis\n|-damage|p2a: Iron Jugulis|67\/100\n|\n|t:|1701102092\n|switch|p1a: Corviknight|Corviknight, M|79\/100|[from] U-turn\n|\n|upkeep\n|turn|20\n|\n|t:|1701102102\n|move|p2a: Iron Jugulis|Hurricane|p1a: Corviknight\n|-resisted|p1a: Corviknight\n|-damage|p1a: Corviknight|43\/100\n|-damage|p2a: Iron Jugulis|57\/100|[from] item: Life Orb\n|move|p1a: Corviknight|Body Press|p2a: Iron Jugulis\n|-damage|p2a: Iron Jugulis|24\/100\n|\n|upkeep\n|turn|21\n|\n|t:|1701102112\n|move|p2a: Iron Jugulis|Hurricane|p1a: Corviknight\n|-resisted|p1a: Corviknight\n|-damage|p1a: Corviknight|10\/100\n|-damage|p2a: Iron Jugulis|14\/100|[from] item: Life Orb\n|move|p1a: Corviknight|Roost|p1a: Corviknight\n|-heal|p1a: Corviknight|60\/100\n|-singleturn|p1a: Corviknight|move: Roost\n|\n|upkeep\n|turn|22\n|\n|t:|1701102149\n|move|p2a: Iron Jugulis|Hurricane|p1a: Corviknight|[miss]\n|-miss|p2a: Iron Jugulis|p1a: Corviknight\n|move|p1a: Corviknight|Body Press|p2a: Iron Jugulis\n|-damage|p2a: Iron Jugulis|0 fnt\n|faint|p2a: Iron Jugulis\n|-end|p2a: Iron Jugulis|Quark Drive|[silent]\n|\n|upkeep\n|n|!crocante|crocante\n|-message|crocante forfeited.\n|\n|win|Friede275\n|raw|Friede275's rating: 1047 &rarr; <strong>1079<\/strong><br \/>(+32 for winning)\n|raw|crocante's rating: 1040 &rarr; <strong>1024<\/strong><br \/>(-16 for losing)\n|l|!crocante\n","uploadtime":1701102167,"views":2,"p1id":"friede275","p2id":"crocante","formatid":"gen9ou","rating":1024,"private":0,"password":""}