{"id":"gen9ou-1996570139","p1":"SDK04","p2":"spicy piquant","format":"[Gen 9] OU","log":"|j|\u2606SDK04\n|j|\u2606spicy piquant\n|inactive|Battle timer is ON: inactive players will automatically lose when time's up.\n|t:|1700695492\n|gametype|singles\n|player|p1|SDK04|unknown|\n|player|p2|spicy piquant|170|\n|teamsize|p1|6\n|teamsize|p2|6\n|gen|9\n|tier|[Gen 9] OU\n|rated|Tournament battle\n|rule|Sleep Clause Mod: Limit one foe put to sleep\n|rule|Species Clause: Limit one of each Pok\u00e9mon\n|rule|OHKO Clause: OHKO moves are banned\n|rule|Evasion Items Clause: Evasion items are banned\n|rule|Evasion Moves Clause: Evasion moves are banned\n|rule|Endless Battle Clause: Forcing endless battles is banned\n|rule|HP Percentage Mod: HP is shown in percentages\n|clearpoke\n|poke|p1|Munkidori, M|\n|poke|p1|Enamorus, F|\n|poke|p1|Rillaboom, F|\n|poke|p1|Dragonite, F|\n|poke|p1|Great Tusk|\n|poke|p1|Muk-Alola, F|\n|poke|p2|Enamorus, F|\n|poke|p2|Gholdengo|\n|poke|p2|Cinderace, F|\n|poke|p2|Toxapex, M|\n|poke|p2|Corviknight, M|\n|poke|p2|Ursaluna, M|\n|teampreview\n|c|\u2606spicy piquant|hf\n|j| StormJet1613\n|j| SandVeil10\n|c|\u2606SDK04|u2\n|\n|t:|1700695506\n|start\n|switch|p1a: HIM|Enamorus, F|100\/100\n|switch|p2a: fontaines dc|Ursaluna, M|100\/100\n|turn|1\n|\n|t:|1700695512\n|move|p2a: fontaines dc|Protect|p2a: fontaines dc\n|-singleturn|p2a: fontaines dc|Protect\n|move|p1a: HIM|Moonblast|p2a: fontaines dc\n|-activate|p2a: fontaines dc|move: Protect\n|\n|-status|p2a: fontaines dc|brn|[from] item: Flame Orb\n|upkeep\n|turn|2\n|\n|t:|1700695516\n|switch|p1a: Donphan-Therian|Great Tusk|100\/100\n|move|p2a: fontaines dc|Facade|p1a: Donphan-Therian\n|-damage|p1a: Donphan-Therian|43\/100\n|-damage|p2a: fontaines dc|84\/100 brn|[from] item: Rocky Helmet|[of] p1a: Donphan-Therian\n|\n|-damage|p2a: fontaines dc|78\/100 brn|[from] brn\n|upkeep\n|turn|3\n|\n|t:|1700695523\n|switch|p2a: mitski|Enamorus, F|100\/100\n|move|p1a: Donphan-Therian|Stealth Rock|p2a: mitski\n|-sidestart|p2: spicy piquant|move: Stealth Rock\n|\n|upkeep\n|turn|4\n|j| Kcaix03\n|\n|t:|1700695530\n|move|p2a: mitski|Moonblast|p1a: Donphan-Therian\n|-supereffective|p1a: Donphan-Therian\n|-damage|p1a: Donphan-Therian|0 fnt\n|faint|p1a: Donphan-Therian\n|-end|p1a: Donphan-Therian|Protosynthesis|[silent]\n|\n|upkeep\n|\n|t:|1700695532\n|switch|p1a: Mojo Jojo|Munkidori, M|100\/100\n|turn|5\n|\n|t:|1700695538\n|switch|p2a: fontaines dc|Ursaluna, M|78\/100 brn\n|-damage|p2a: fontaines dc|72\/100 brn|[from] Stealth Rock\n|move|p1a: Mojo Jojo|Psychic|p2a: fontaines dc\n|-damage|p2a: fontaines dc|28\/100 brn\n|\n|-damage|p2a: fontaines dc|22\/100 brn|[from] brn\n|upkeep\n|turn|6\n|j| l9testtren\n|\n|t:|1700695547\n|switch|p2a: stevie wonder|Gholdengo|100\/100\n|-damage|p2a: stevie wonder|94\/100|[from] Stealth Rock\n|move|p1a: Mojo Jojo|Psychic|p2a: stevie wonder\n|-resisted|p2a: stevie wonder\n|-damage|p2a: stevie wonder|69\/100\n|\n|upkeep\n|turn|7\n|j| MattC (Banned)\n|l| MattC (Banned)\n|\n|t:|1700695571\n|switch|p1a: Certified Eater|Muk-Alola, F|100\/100\n|switch|p2a: CSH|Cinderace, F|100\/100\n|\n|upkeep\n|turn|8\n|\n|t:|1700695576\n|move|p2a: CSH|Court Change|p2a: CSH\n|-start|p2a: CSH|typechange|Normal|[from] ability: Libero\n|-swapsideconditions\n|-activate|p2a: CSH|move: Court Change\n|move|p1a: Certified Eater|Knock Off|p2a: CSH\n|-damage|p2a: CSH|54\/100\n|-status|p2a: CSH|psn|[from] ability: Poison Touch|[of] p1a: Certified Eater\n|-enditem|p2a: CSH|Heavy-Duty Boots|[from] move: Knock Off|[of] p1a: Certified Eater\n|\n|-damage|p2a: CSH|41\/100 psn|[from] psn\n|upkeep\n|turn|9\n|\n|t:|1700695583\n|move|p1a: Certified Eater|Protect|p1a: Certified Eater\n|-singleturn|p1a: Certified Eater|Protect\n|move|p2a: CSH|U-turn|p1a: Certified Eater\n|-activate|p1a: Certified Eater|move: Protect\n|\n|-damage|p2a: CSH|29\/100 psn|[from] psn\n|upkeep\n|turn|10\n|\n|t:|1700695588\n|move|p2a: CSH|U-turn|p1a: Certified Eater\n|-damage|p1a: Certified Eater|78\/100\n|\n|t:|1700695591\n|switch|p2a: death grips|Corviknight, M|100\/100|[from] U-turn\n|-ability|p2a: death grips|Pressure\n|move|p1a: Certified Eater|Knock Off|p2a: death grips\n|-crit|p2a: death grips\n|-damage|p2a: death grips|66\/100\n|-damage|p1a: Certified Eater|62\/100|[from] item: Rocky Helmet|[of] p2a: death grips\n|-enditem|p2a: death grips|Rocky Helmet|[from] move: Knock Off|[of] p1a: Certified Eater\n|\n|-heal|p1a: Certified Eater|68\/100|[from] item: Black Sludge\n|upkeep\n|turn|11\n|j| yomaalt\n|\n|t:|1700695597\n|move|p1a: Certified Eater|Protect|p1a: Certified Eater\n|-singleturn|p1a: Certified Eater|Protect\n|move|p2a: death grips|Roost|p2a: death grips\n|-heal|p2a: death grips|100\/100\n|-singleturn|p2a: death grips|move: Roost\n|\n|-heal|p1a: Certified Eater|74\/100|[from] item: Black Sludge\n|upkeep\n|turn|12\n|\n|t:|1700695606\n|move|p2a: death grips|U-turn|p1a: Certified Eater\n|-damage|p1a: Certified Eater|59\/100\n|c| yomaalt|SKD04 you're CLEARLY lucky i threw my game cause hgant was going to sweep you frfr\n|\n|t:|1700695614\n|switch|p2a: radiohead|Toxapex, M|100\/100|[from] U-turn\n|move|p1a: Certified Eater|Knock Off|p2a: radiohead\n|-damage|p2a: radiohead|71\/100\n|-enditem|p2a: radiohead|Assault Vest|[from] move: Knock Off|[of] p1a: Certified Eater\n|\n|-heal|p1a: Certified Eater|65\/100|[from] item: Black Sludge\n|upkeep\n|turn|13\n|j| You lick paint\n|\n|t:|1700695619\n|switch|p2a: death grips|Corviknight, M|100\/100\n|-ability|p2a: death grips|Pressure\n|move|p1a: Certified Eater|Protect||[still]\n|-fail|p1a: Certified Eater\n|\n|-heal|p1a: Certified Eater|71\/100|[from] item: Black Sludge\n|upkeep\n|turn|14\n|\n|t:|1700695623\n|move|p2a: death grips|Iron Defense|p2a: death grips\n|-boost|p2a: death grips|def|2\n|move|p1a: Certified Eater|Knock Off|p2a: death grips\n|-damage|p2a: death grips|93\/100\n|\n|-heal|p1a: Certified Eater|77\/100|[from] item: Black Sludge\n|upkeep\n|turn|15\n|l| You lick paint\n|\n|t:|1700695627\n|switch|p1a: HIM|Enamorus, F|100\/100\n|-damage|p1a: HIM|76\/100|[from] Stealth Rock\n|move|p2a: death grips|Body Press|p1a: HIM\n|-resisted|p1a: HIM\n|-damage|p1a: HIM|53\/100\n|\n|upkeep\n|turn|16\n|\n|t:|1700695631\n|move|p1a: HIM|Mystical Fire|p2a: death grips\n|-supereffective|p2a: death grips\n|-damage|p2a: death grips|11\/100\n|-unboost|p2a: death grips|spa|1\n|move|p2a: death grips|U-turn|p1a: HIM\n|-resisted|p1a: HIM\n|-damage|p1a: HIM|47\/100\n|\n|t:|1700695637\n|switch|p2a: mitski|Enamorus, F|100\/100|[from] U-turn\n|\n|upkeep\n|turn|17\n|\n|t:|1700695642\n|switch|p1a: Mojo Jojo|Munkidori, M|100\/100\n|-damage|p1a: Mojo Jojo|88\/100|[from] Stealth Rock\n|move|p2a: mitski|Moonblast|p1a: Mojo Jojo\n|-resisted|p1a: Mojo Jojo\n|-damage|p1a: Mojo Jojo|60\/100\n|-unboost|p1a: Mojo Jojo|spa|1\n|\n|upkeep\n|turn|18\n|\n|t:|1700695647\n|switch|p2a: radiohead|Toxapex, M|100\/100\n|move|p1a: Mojo Jojo|U-turn|p2a: radiohead\n|-resisted|p2a: radiohead\n|-damage|p2a: radiohead|97\/100\n|\n|t:|1700695663\n|switch|p1a: Nature\u2019s Nuke|Rillaboom, F, shiny|100\/100|[from] U-turn\n|-damage|p1a: Nature\u2019s Nuke|88\/100|[from] Stealth Rock\n|-fieldstart|move: Grassy Terrain|[from] ability: Grassy Surge|[of] p1a: Nature\u2019s Nuke\n|\n|-heal|p1a: Nature\u2019s Nuke|94\/100|[from] Grassy Terrain\n|-heal|p2a: radiohead|100\/100|[from] Grassy Terrain\n|upkeep\n|turn|19\n|j|#UnovX\n|\n|t:|1700695668\n|move|p1a: Nature\u2019s Nuke|Swords Dance|p1a: Nature\u2019s Nuke\n|-boost|p1a: Nature\u2019s Nuke|atk|2\n|move|p2a: radiohead|Sludge Bomb|p1a: Nature\u2019s Nuke\n|-supereffective|p1a: Nature\u2019s Nuke\n|-damage|p1a: Nature\u2019s Nuke|20\/100\n|\n|-heal|p1a: Nature\u2019s Nuke|26\/100|[from] Grassy Terrain\n|upkeep\n|turn|20\n|c|#UnovX|no poison\n|c|#UnovX|for shame\n|\n|t:|1700695678\n|switch|p2a: fontaines dc|Ursaluna, M|22\/100 brn\n|move|p1a: Nature\u2019s Nuke|Grassy Glide|p2a: fontaines dc\n|-supereffective|p2a: fontaines dc\n|-damage|p2a: fontaines dc|0 fnt\n|faint|p2a: fontaines dc\n|\n|-heal|p1a: Nature\u2019s Nuke|33\/100|[from] Grassy Terrain\n|upkeep\n|\n|t:|1700695680\n|switch|p2a: CSH|Cinderace, F|29\/100 psn\n|turn|21\n|\n|t:|1700695683\n|move|p2a: CSH|Sucker Punch|p1a: Nature\u2019s Nuke\n|-start|p2a: CSH|typechange|Dark|[from] ability: Libero\n|-damage|p1a: Nature\u2019s Nuke|0 fnt\n|faint|p1a: Nature\u2019s Nuke\n|\n|-heal|p2a: CSH|35\/100 psn|[from] Grassy Terrain\n|-damage|p2a: CSH|23\/100 psn|[from] psn\n|upkeep\n|\n|t:|1700695689\n|switch|p1a: HIM|Enamorus, F|47\/100\n|-damage|p1a: HIM|22\/100|[from] Stealth Rock\n|turn|22\n|\n|t:|1700695693\n|move|p2a: CSH|Sucker Punch|p1a: HIM\n|-resisted|p1a: HIM\n|-damage|p1a: HIM|0 fnt\n|faint|p1a: HIM\n|\n|-heal|p2a: CSH|29\/100 psn|[from] Grassy Terrain\n|-damage|p2a: CSH|16\/100 psn|[from] psn\n|-fieldend|move: Grassy Terrain\n|upkeep\n|\n|t:|1700695697\n|switch|p1a: Navigator|Dragonite, F|100\/100\n|-damage|p1a: Navigator|76\/100|[from] Stealth Rock\n|turn|23\n|\n|t:|1700695712\n|move|p2a: CSH|U-turn|p1a: Navigator\n|-resisted|p1a: Navigator\n|-damage|p1a: Navigator|64\/100\n|\n|t:|1700695720\n|switch|p2a: mitski|Enamorus, F|100\/100|[from] U-turn\n|move|p1a: Navigator|Ice Spinner|p2a: mitski\n|-supereffective|p2a: mitski\n|-crit|p2a: mitski\n|-damage|p2a: mitski|0 fnt\n|faint|p2a: mitski\n|\n|upkeep\n|c|\u2606spicy piquant|unfortunate\n|\n|t:|1700695737\n|switch|p2a: stevie wonder|Gholdengo|69\/100\n|turn|24\n|\n|t:|1700695740\n|switch|p1a: Certified Eater|Muk-Alola, F|77\/100\n|-damage|p1a: Certified Eater|64\/100|[from] Stealth Rock\n|move|p2a: stevie wonder|Nasty Plot|p2a: stevie wonder\n|-boost|p2a: stevie wonder|spa|2\n|\n|-heal|p1a: Certified Eater|70\/100|[from] item: Black Sludge\n|upkeep\n|turn|25\n|j| Weather_Agent67\n|\n|t:|1700695762\n|move|p1a: Certified Eater|Protect|p1a: Certified Eater\n|-singleturn|p1a: Certified Eater|Protect\n|move|p2a: stevie wonder|Make It Rain|p1a: Certified Eater\n|-activate|p1a: Certified Eater|move: Protect\n|\n|-heal|p1a: Certified Eater|77\/100|[from] item: Black Sludge\n|upkeep\n|turn|26\n|\n|t:|1700695771\n|-terastallize|p2a: stevie wonder|Flying\n|move|p2a: stevie wonder|Make It Rain|p1a: Certified Eater\n|-damage|p1a: Certified Eater|7\/100\n|-unboost|p2a: stevie wonder|spa|1\n|move|p1a: Certified Eater|Knock Off|p2a: stevie wonder\n|-damage|p2a: stevie wonder|32\/100\n|-enditem|p2a: stevie wonder|Covert Cloak|[from] move: Knock Off|[of] p1a: Certified Eater\n|\n|-heal|p1a: Certified Eater|13\/100|[from] item: Black Sludge\n|upkeep\n|turn|27\n|\n|t:|1700695783\n|move|p2a: stevie wonder|Make It Rain|p1a: Certified Eater\n|-damage|p1a: Certified Eater|0 fnt\n|-unboost|p2a: stevie wonder|spa|1\n|faint|p1a: Certified Eater\n|\n|upkeep\n|\n|t:|1700695785\n|switch|p1a: Navigator|Dragonite, F|64\/100\n|-damage|p1a: Navigator|39\/100|[from] Stealth Rock\n|turn|28\n|\n|t:|1700695791\n|switch|p2a: CSH|Cinderace, F|16\/100 psn\n|-terastallize|p1a: Navigator|Normal\n|move|p1a: Navigator|Extreme Speed|p2a: CSH\n|-damage|p2a: CSH|0 fnt\n|faint|p2a: CSH\n|\n|upkeep\n|\n|t:|1700695794\n|switch|p2a: radiohead|Toxapex, M|100\/100\n|turn|29\n|\n|t:|1700695806\n|move|p1a: Navigator|Extreme Speed|p2a: radiohead\n|-damage|p2a: radiohead|42\/100\n|move|p2a: radiohead|Acid Spray|p1a: Navigator\n|-damage|p1a: Navigator|25\/100\n|-unboost|p1a: Navigator|spd|2\n|\n|upkeep\n|turn|30\n|c|#UnovX|goddamn\n|\n|t:|1700695813\n|switch|p2a: death grips|Corviknight, M|11\/100\n|-ability|p2a: death grips|Pressure\n|move|p1a: Navigator|Extreme Speed|p2a: death grips\n|-resisted|p2a: death grips\n|-damage|p2a: death grips|0 fnt\n|faint|p2a: death grips\n|\n|upkeep\n|\n|t:|1700695815\n|switch|p2a: radiohead|Toxapex, M|75\/100\n|turn|31\n|c|\u2606SDK04|Alright then\n|c|\u2606SDK04|gg\n|c|\u2606SDK04|wp\n|\n|t:|1700695821\n|move|p1a: Navigator|Extreme Speed|p2a: radiohead\n|-damage|p2a: radiohead|20\/100\n|move|p2a: radiohead|Sludge Bomb|p1a: Navigator\n|-damage|p1a: Navigator|0 fnt\n|faint|p1a: Navigator\n|\n|upkeep\n|\n|t:|1700695823\n|switch|p1a: Mojo Jojo|Munkidori, M|60\/100\n|-damage|p1a: Mojo Jojo|48\/100|[from] Stealth Rock\n|turn|32\n|\n|t:|1700695834\n|move|p1a: Mojo Jojo|Psychic|p2a: radiohead\n|-supereffective|p2a: radiohead\n|-damage|p2a: radiohead|0 fnt\n|faint|p2a: radiohead\n|\n|upkeep\n|\n|t:|1700695836\n|switch|p2a: stevie wonder|Gholdengo, tera:Flying|32\/100\n|turn|33\n|c|\u2606spicy piquant|gg\n|c|\u2606SDK04|And Mojo Jojo takes it home\n|\n|t:|1700695843\n|move|p1a: Mojo Jojo|Psychic|p2a: stevie wonder\n|-damage|p2a: stevie wonder|0 fnt\n|faint|p2a: stevie wonder\n|\n|win|SDK04\n|n|\u2606SDK04|sdk04\n|n|\u2606spicy piquant|spicypiquant\n|n| StormJet1613|stormjet1613\n|n| SandVeil10|sandveil10\n|n| Kcaix03|kcaix03\n|n| l9testtren|l9testtren\n|n| yomaalt|yomaalt\n|n|+UnovX|unovx\n|n| Weather_Agent67|weatheragent67\n|l|\u2606spicy piquant\n|l|+UnovX\n|l| Weather_Agent67\n|l| l9testtren\n|l|\u2606SDK04\n|j|\u2606SDK04\n|player|p1|SDK04|unknown\n","uploadtime":1700695844,"views":10,"p1id":"sdk04","p2id":"spicypiquant","formatid":"gen9ou","rating":0,"private":0,"password":""}