{"id":"gen9ou-1993755992","p1":"casual-baby","p2":"VanhominTesting","format":"[Gen 9] OU","log":"|j|\u2606casual-baby\n|j|\u2606VanhominTesting\n|t:|1700353492\n|gametype|singles\n|player|p1|casual-baby|dawn|1131\n|player|p2|VanhominTesting|scientist-gen4|1131\n|teamsize|p1|6\n|teamsize|p2|6\n|gen|9\n|tier|[Gen 9] OU\n|rated|\n|rule|Sleep Clause Mod: Limit one foe put to sleep\n|rule|Species Clause: Limit one of each Pok\u00e9mon\n|rule|OHKO Clause: OHKO moves are banned\n|rule|Evasion Items Clause: Evasion items are banned\n|rule|Evasion Moves Clause: Evasion moves are banned\n|rule|Endless Battle Clause: Forcing endless battles is banned\n|rule|HP Percentage Mod: HP is shown in percentages\n|clearpoke\n|poke|p1|Glimmora, F|\n|poke|p1|Gholdengo|\n|poke|p1|Iron Moth|\n|poke|p1|Iron Valiant|\n|poke|p1|Dondozo, M|\n|poke|p1|Rillaboom, F|\n|poke|p2|Zapdos|\n|poke|p2|Ninetales-Alola, M|\n|poke|p2|Garganacl, F|\n|poke|p2|Ursaluna, M|\n|poke|p2|Toxapex, F|\n|poke|p2|Ditto|\n|teampreview\n|inactive|Battle timer is ON: inactive players will automatically lose when time's up. (requested by VanhominTesting)\n|inactive|casual-baby also wants the timer to be on.\n|c|\u2606casual-baby|gl hf\n|\n|t:|1700353502\n|start\n|switch|p1a: Glimmora|Glimmora, F|100\/100\n|switch|p2a: Ninetales|Ninetales-Alola, M|100\/100\n|-weather|Snow|[from] ability: Snow Warning|[of] p2a: Ninetales\n|turn|1\n|\n|t:|1700353508\n|move|p2a: Ninetales|Aurora Veil|p2a: Ninetales\n|-sidestart|p2: VanhominTesting|move: Aurora Veil\n|move|p1a: Glimmora|Sludge Bomb|p2a: Ninetales\n|-supereffective|p2a: Ninetales\n|-damage|p2a: Ninetales|48\/100\n|\n|-weather|Snow|[upkeep]\n|upkeep\n|turn|2\n|\n|t:|1700353519\n|move|p2a: Ninetales|Blizzard|p1a: Glimmora\n|-damage|p1a: Glimmora|46\/100\n|move|p1a: Glimmora|Sludge Bomb|p2a: Ninetales\n|-supereffective|p2a: Ninetales\n|-damage|p2a: Ninetales|0 fnt\n|faint|p2a: Ninetales\n|\n|-weather|Snow|[upkeep]\n|upkeep\n|\n|t:|1700353532\n|switch|p2a: Zapdos|Zapdos|100\/100\n|-ability|p2a: Zapdos|Pressure\n|turn|3\n|\n|t:|1700353536\n|move|p2a: Zapdos|Thunderbolt|p1a: Glimmora\n|-damage|p1a: Glimmora|0 fnt\n|faint|p1a: Glimmora\n|\n|-weather|Snow|[upkeep]\n|upkeep\n|\n|t:|1700353550\n|switch|p1a: Gholdengo|Gholdengo|100\/100\n|turn|4\n|\n|t:|1700353566\n|move|p2a: Zapdos|Thunderbolt|p1a: Gholdengo\n|-damage|p1a: Gholdengo|42\/100\n|move|p1a: Gholdengo|Power Gem|p2a: Zapdos\n|-supereffective|p2a: Zapdos\n|-damage|p2a: Zapdos|58\/100\n|-damage|p1a: Gholdengo|33\/100|[from] item: Life Orb\n|\n|-weather|Snow|[upkeep]\n|-heal|p2a: Zapdos|64\/100|[from] item: Leftovers\n|upkeep\n|turn|5\n|\n|t:|1700353576\n|move|p2a: Zapdos|Thunderbolt|p1a: Gholdengo\n|-damage|p1a: Gholdengo|0 fnt\n|faint|p1a: Gholdengo\n|\n|-weather|none\n|-heal|p2a: Zapdos|70\/100|[from] item: Leftovers\n|upkeep\n|\n|t:|1700353584\n|switch|p1a: Iron Valiant|Iron Valiant|100\/100\n|-enditem|p1a: Iron Valiant|Booster Energy\n|-activate|p1a: Iron Valiant|ability: Quark Drive|[fromitem]\n|-start|p1a: Iron Valiant|quarkdrivespe\n|turn|6\n|\n|t:|1700353594\n|move|p1a: Iron Valiant|Swords Dance|p1a: Iron Valiant\n|-boost|p1a: Iron Valiant|atk|2\n|move|p2a: Zapdos|Volt Switch|p1a: Iron Valiant\n|-damage|p1a: Iron Valiant|41\/100\n|\n|t:|1700353600\n|switch|p2a: Recursion|Ditto|100\/100|[from] Volt Switch\n|-transform|p2a: Recursion|p1a: Iron Valiant|[from] ability: Imposter\n|\n|upkeep\n|turn|7\n|\n|t:|1700353616\n|move|p1a: Iron Valiant|Spirit Break|p2a: Recursion\n|-supereffective|p2a: Recursion\n|-damage|p2a: Recursion|0 fnt\n|faint|p2a: Recursion\n|-end|p2a: Recursion|Quark Drive|[silent]\n|\n|upkeep\n|\n|t:|1700353624\n|switch|p2a: Zapdos|Zapdos|70\/100\n|-ability|p2a: Zapdos|Pressure\n|turn|8\n|\n|t:|1700353628\n|move|p1a: Iron Valiant|Ice Punch|p2a: Zapdos\n|-supereffective|p2a: Zapdos\n|-damage|p2a: Zapdos|7\/100\n|-status|p2a: Zapdos|frz\n|-curestatus|p2a: Zapdos|frz|[msg]\n|move|p2a: Zapdos|Thunderbolt|p1a: Iron Valiant\n|-damage|p1a: Iron Valiant|0 fnt\n|faint|p1a: Iron Valiant\n|-end|p1a: Iron Valiant|Quark Drive|[silent]\n|\n|-heal|p2a: Zapdos|13\/100|[from] item: Leftovers\n|-sideend|p2: VanhominTesting|move: Aurora Veil\n|upkeep\n|\n|t:|1700353645\n|switch|p1a: Iron Moth|Iron Moth|100\/100\n|-enditem|p1a: Iron Moth|Booster Energy\n|-activate|p1a: Iron Moth|ability: Quark Drive|[fromitem]\n|-start|p1a: Iron Moth|quarkdrivespa\n|turn|9\n|\n|t:|1700353654\n|switch|p2a: Catalyst|Garganacl, F|100\/100\n|move|p1a: Iron Moth|Fiery Dance|p2a: Catalyst\n|-resisted|p2a: Catalyst\n|-crit|p2a: Catalyst\n|-damage|p2a: Catalyst|71\/100\n|\n|-heal|p2a: Catalyst|77\/100|[from] item: Leftovers\n|upkeep\n|turn|10\n|\n|t:|1700353662\n|move|p1a: Iron Moth|Fiery Dance|p2a: Catalyst\n|-resisted|p2a: Catalyst\n|-damage|p2a: Catalyst|59\/100\n|-boost|p1a: Iron Moth|spa|1\n|move|p2a: Catalyst|Salt Cure|p1a: Iron Moth\n|-supereffective|p1a: Iron Moth\n|-damage|p1a: Iron Moth|50\/100\n|-start|p1a: Iron Moth|Salt Cure\n|\n|-heal|p2a: Catalyst|65\/100|[from] item: Leftovers\n|-damage|p1a: Iron Moth|38\/100|[from] Salt Cure\n|upkeep\n|turn|11\n|\n|t:|1700353674\n|-terastallize|p2a: Catalyst|Ghost\n|move|p1a: Iron Moth|Fiery Dance|p2a: Catalyst\n|-crit|p2a: Catalyst\n|-damage|p2a: Catalyst|0 fnt\n|-boost|p1a: Iron Moth|spa|1\n|faint|p2a: Catalyst\n|\n|-damage|p1a: Iron Moth|25\/100|[from] Salt Cure\n|upkeep\n|inactive|VanhominTesting has 120 seconds left.\n|\n|t:|1700353730\n|switch|p2a: Aristotle|Toxapex, F|100\/100\n|turn|12\n|\n|t:|1700353733\n|move|p2a: Aristotle|Protect|p2a: Aristotle\n|-singleturn|p2a: Aristotle|Protect\n|move|p1a: Iron Moth|Discharge|p2a: Aristotle\n|-activate|p2a: Aristotle|move: Protect\n|\n|-damage|p1a: Iron Moth|13\/100|[from] Salt Cure\n|upkeep\n|turn|13\n|\n|t:|1700353739\n|switch|p2a: Makwa|Ursaluna, M|100\/100\n|move|p1a: Iron Moth|Discharge|p2a: Makwa\n|-immune|p2a: Makwa\n|\n|-damage|p1a: Iron Moth|1\/100|[from] Salt Cure\n|-status|p2a: Makwa|brn|[from] item: Flame Orb\n|upkeep\n|turn|14\n|\n|t:|1700353754\n|switch|p2a: Aristotle|Toxapex, F|100\/100\n|move|p1a: Iron Moth|Bug Buzz|p2a: Aristotle\n|-resisted|p2a: Aristotle\n|-damage|p2a: Aristotle|63\/100\n|\n|-heal|p2a: Aristotle|70\/100|[from] item: Black Sludge\n|-damage|p1a: Iron Moth|0 fnt|[from] Salt Cure\n|faint|p1a: Iron Moth\n|-end|p1a: Iron Moth|Quark Drive|[silent]\n|upkeep\n|\n|t:|1700353763\n|switch|p1a: Rillaboom|Rillaboom, F|100\/100\n|-fieldstart|move: Grassy Terrain|[from] ability: Grassy Surge|[of] p1a: Rillaboom\n|turn|15\n|\n|t:|1700353775\n|move|p1a: Rillaboom|High Horsepower|p2a: Aristotle\n|-supereffective|p2a: Aristotle\n|-damage|p2a: Aristotle|30\/100\n|move|p2a: Aristotle|Toxic|p1a: Rillaboom\n|-status|p1a: Rillaboom|tox\n|\n|-heal|p2a: Aristotle|36\/100|[from] Grassy Terrain\n|-heal|p2a: Aristotle|43\/100|[from] item: Black Sludge\n|-damage|p1a: Rillaboom|94\/100 tox|[from] psn\n|upkeep\n|turn|16\n|-message|casual-baby forfeited.\n|\n|win|VanhominTesting\n|raw|casual-baby's rating: 1131 &rarr; <strong>1106<\/strong><br \/>(-25 for losing)\n|raw|VanhominTesting's rating: 1131 &rarr; <strong>1156<\/strong><br \/>(+25 for winning)\n|l|\u2606casual-baby\n","uploadtime":1700353786,"views":20,"p1id":"casualbaby","p2id":"vanhomintesting","formatid":"gen9ou","rating":1106,"private":0,"password":""}