{"id":"gen9ou-1993731127","p1":"yyysneasel","p2":"kuhihuihihhuhi","format":"[Gen 9] OU","log":"|j|\u2606yyysneasel\n|j|\u2606kuhihuihihhuhi\n|inactive|Battle timer is ON: inactive players will automatically lose when time's up.\n|t:|1700350553\n|gametype|singles\n|player|p1|yyysneasel|bugcatcher-gen4dp|\n|player|p2|kuhihuihihhuhi|bugcatcher-gen4dp|\n|teamsize|p1|6\n|teamsize|p2|6\n|gen|9\n|tier|[Gen 9] OU\n|rated|Tournament battle\n|rule|Sleep Clause Mod: Limit one foe put to sleep\n|rule|Species Clause: Limit one of each Pok\u00e9mon\n|rule|OHKO Clause: OHKO moves are banned\n|rule|Evasion Items Clause: Evasion items are banned\n|rule|Evasion Moves Clause: Evasion moves are banned\n|rule|Endless Battle Clause: Forcing endless battles is banned\n|rule|HP Percentage Mod: HP is shown in percentages\n|clearpoke\n|poke|p1|Corviknight, M|\n|poke|p1|Toxapex, F|\n|poke|p1|Dondozo, M|\n|poke|p1|Slowking-Galar, M|\n|poke|p1|Blissey, F|\n|poke|p1|Jirachi|\n|poke|p2|Hawlucha, F|\n|poke|p2|Great Tusk|\n|poke|p2|Rillaboom, F|\n|poke|p2|Heatran, F|\n|poke|p2|Dragapult, F|\n|poke|p2|Toxapex, F|\n|teampreview\n|j| Revilo6000\n|\n|t:|1700350580\n|start\n|switch|p1a: Joever|Jirachi|100\/100\n|switch|p2a: Heiz Guderitran|Heatran, F|100\/100\n|turn|1\n|\n|t:|1700350595\n|switch|p2a: Sichelschnittplan|Toxapex, F|100\/100\n|move|p1a: Joever|Trick|p2a: Sichelschnittplan\n|-activate|p1a: Joever|move: Trick|[of] p2a: Sichelschnittplan\n|-item|p2a: Sichelschnittplan|Choice Scarf|[from] move: Trick\n|-item|p1a: Joever|Eject Button|[from] move: Trick\n|\n|upkeep\n|turn|2\n|\n|t:|1700350616\n|switch|p1a: stannin on bihness|Toxapex, F|100\/100\n|move|p2a: Sichelschnittplan|Surf|p1a: stannin on bihness\n|-resisted|p1a: stannin on bihness\n|-damage|p1a: stannin on bihness|93\/100\n|\n|-heal|p1a: stannin on bihness|99\/100|[from] item: Leftovers\n|upkeep\n|turn|3\n|l| Revilo6000\n|\n|t:|1700350628\n|switch|p2a: Horton Ho 229|Dragapult, F|100\/100\n|move|p1a: stannin on bihness|Infestation|p2a: Horton Ho 229\n|-resisted|p2a: Horton Ho 229\n|-damage|p2a: Horton Ho 229|99\/100\n|-activate|p2a: Horton Ho 229|move: Infestation|[of] p1a: stannin on bihness\n|\n|-heal|p1a: stannin on bihness|100\/100|[from] item: Leftovers\n|-damage|p2a: Horton Ho 229|86\/100|[from] move: Infestation|[partiallytrapped]\n|upkeep\n|turn|4\n|\n|t:|1700350639\n|switch|p2a: Heiz Guderitran|Heatran, F|100\/100\n|move|p1a: stannin on bihness|Toxic|p2a: Heiz Guderitran\n|-immune|p2a: Heiz Guderitran\n|\n|upkeep\n|turn|5\n|\n|t:|1700350656\n|switch|p1a: Blissey|Blissey, F|100\/100\n|move|p2a: Heiz Guderitran|Stealth Rock|p1a: Blissey\n|-sidestart|p1: yyysneasel|move: Stealth Rock\n|\n|upkeep\n|turn|6\n|j| srtyjj\n|\n|t:|1700350668\n|switch|p2a: Schwerer Gustav|Great Tusk|100\/100\n|move|p1a: Blissey|Seismic Toss|p2a: Schwerer Gustav\n|-damage|p2a: Schwerer Gustav|74\/100\n|\n|upkeep\n|turn|7\n|\n|t:|1700350678\n|switch|p1a: stannin on bihness|Toxapex, F|100\/100\n|-damage|p1a: stannin on bihness|88\/100|[from] Stealth Rock\n|move|p2a: Schwerer Gustav|Knock Off|p1a: stannin on bihness\n|-damage|p1a: stannin on bihness|59\/100\n|-enditem|p1a: stannin on bihness|Leftovers|[from] move: Knock Off|[of] p2a: Schwerer Gustav\n|\n|upkeep\n|turn|8\n|\n|t:|1700350697\n|-end|p2a: Schwerer Gustav|Protosynthesis|[silent]\n|switch|p2a: Heiz Guderitran|Heatran, F|100\/100\n|switch|p1a: FreePalestine\ud83c\uddf5\ud83c\uddf8|Corviknight, M|100\/100\n|-damage|p1a: FreePalestine\ud83c\uddf5\ud83c\uddf8|88\/100|[from] Stealth Rock\n|-ability|p1a: FreePalestine\ud83c\uddf5\ud83c\uddf8|Pressure\n|\n|upkeep\n|turn|9\n|inactive|kuhihuihihhuhi has 120 seconds left.\n|inactive|yyysneasel has 120 seconds left.\n|\n|t:|1700350733\n|switch|p2a: Schwerer Gustav|Great Tusk|74\/100\n|switch|p1a: Blissey|Blissey, F|100\/100\n|-damage|p1a: Blissey|88\/100|[from] Stealth Rock\n|\n|-heal|p1a: Blissey|94\/100|[from] item: Leftovers\n|upkeep\n|turn|10\n|\n|t:|1700350748\n|switch|p1a: Ripbozo \ud83d\ude02 \ud83d\ude02|Dondozo, M|100\/100\n|-damage|p1a: Ripbozo \ud83d\ude02 \ud83d\ude02|88\/100|[from] Stealth Rock\n|move|p2a: Schwerer Gustav|Close Combat|p1a: Ripbozo \ud83d\ude02 \ud83d\ude02\n|-damage|p1a: Ripbozo \ud83d\ude02 \ud83d\ude02|46\/100\n|-unboost|p2a: Schwerer Gustav|def|1\n|-unboost|p2a: Schwerer Gustav|spd|1\n|\n|-heal|p1a: Ripbozo \ud83d\ude02 \ud83d\ude02|52\/100|[from] item: Leftovers\n|upkeep\n|turn|11\n|\n|t:|1700350757\n|-end|p2a: Schwerer Gustav|Protosynthesis|[silent]\n|switch|p2a: Erwin Trommel|Rillaboom, F|100\/100\n|-fieldstart|move: Grassy Terrain|[from] ability: Grassy Surge|[of] p2a: Erwin Trommel\n|move|p1a: Ripbozo \ud83d\ude02 \ud83d\ude02|Rest|p1a: Ripbozo \ud83d\ude02 \ud83d\ude02\n|-status|p1a: Ripbozo \ud83d\ude02 \ud83d\ude02|slp|[from] move: Rest\n|-heal|p1a: Ripbozo \ud83d\ude02 \ud83d\ude02|100\/100 slp|[silent]\n|\n|upkeep\n|turn|12\n|j| Van Pyro\n|\n|t:|1700350765\n|-terastallize|p1a: Ripbozo \ud83d\ude02 \ud83d\ude02|Dragon\n|move|p2a: Erwin Trommel|U-turn|p1a: Ripbozo \ud83d\ude02 \ud83d\ude02\n|-damage|p1a: Ripbozo \ud83d\ude02 \ud83d\ude02|82\/100 slp\n|\n|t:|1700350774\n|switch|p2a: Horton Ho 229|Dragapult, F|86\/100|[from] U-turn\n|cant|p1a: Ripbozo \ud83d\ude02 \ud83d\ude02|slp\n|move|p1a: Ripbozo \ud83d\ude02 \ud83d\ude02|Sleep Talk|p1a: Ripbozo \ud83d\ude02 \ud83d\ude02\n|move|p1a: Ripbozo \ud83d\ude02 \ud83d\ude02|Rest||[from]move: Sleep Talk|[still]\n|-fail|p1a: Ripbozo \ud83d\ude02 \ud83d\ude02\n|\n|-heal|p2a: Horton Ho 229|92\/100|[from] Grassy Terrain\n|-heal|p1a: Ripbozo \ud83d\ude02 \ud83d\ude02|88\/100 slp|[from] Grassy Terrain\n|-heal|p1a: Ripbozo \ud83d\ude02 \ud83d\ude02|94\/100 slp|[from] item: Leftovers\n|upkeep\n|turn|13\n|inactive|kuhihuihihhuhi has 120 seconds left.\n|\n|t:|1700350780\n|switch|p1a: Blissey|Blissey, F|94\/100\n|-damage|p1a: Blissey|82\/100|[from] Stealth Rock\n|move|p2a: Horton Ho 229|U-turn|p1a: Blissey\n|-damage|p1a: Blissey|67\/100\n|\n|t:|1700350783\n|switch|p2a: Schwerer Gustav|Great Tusk|74\/100|[from] U-turn\n|\n|-heal|p2a: Schwerer Gustav|80\/100|[from] Grassy Terrain\n|-heal|p1a: Blissey|73\/100|[from] Grassy Terrain\n|-heal|p1a: Blissey|79\/100|[from] item: Leftovers\n|upkeep\n|turn|14\n|\n|t:|1700350795\n|switch|p1a: stannin on bihness|Toxapex, F|93\/100\n|-damage|p1a: stannin on bihness|80\/100|[from] Stealth Rock\n|move|p2a: Schwerer Gustav|Knock Off|p1a: stannin on bihness\n|-damage|p1a: stannin on bihness|62\/100\n|\n|-heal|p2a: Schwerer Gustav|86\/100|[from] Grassy Terrain\n|-heal|p1a: stannin on bihness|67\/100|[from] Grassy Terrain\n|upkeep\n|turn|15\n|\n|t:|1700350803\n|-end|p2a: Schwerer Gustav|Protosynthesis|[silent]\n|switch|p2a: Heiz Guderitran|Heatran, F|100\/100\n|move|p1a: stannin on bihness|Infestation|p2a: Heiz Guderitran\n|-resisted|p2a: Heiz Guderitran\n|-damage|p2a: Heiz Guderitran|99\/100\n|-activate|p2a: Heiz Guderitran|move: Infestation|[of] p1a: stannin on bihness\n|\n|-heal|p2a: Heiz Guderitran|100\/100|[from] Grassy Terrain\n|-heal|p1a: stannin on bihness|73\/100|[from] Grassy Terrain\n|-damage|p2a: Heiz Guderitran|88\/100|[from] move: Infestation|[partiallytrapped]\n|-fieldend|move: Grassy Terrain\n|upkeep\n|turn|16\n|\n|t:|1700350810\n|move|p2a: Heiz Guderitran|Earth Power|p1a: stannin on bihness\n|-supereffective|p1a: stannin on bihness\n|-damage|p1a: stannin on bihness|30\/100\n|move|p1a: stannin on bihness|Surf|p2a: Heiz Guderitran\n|-supereffective|p2a: Heiz Guderitran\n|-damage|p2a: Heiz Guderitran|64\/100\n|\n|-heal|p2a: Heiz Guderitran|70\/100|[from] item: Leftovers\n|-damage|p2a: Heiz Guderitran|58\/100|[from] move: Infestation|[partiallytrapped]\n|upkeep\n|turn|17\n|j| akakPUMPKIN\n|\n|t:|1700350817\n|switch|p1a: Blissey|Blissey, F|79\/100\n|-damage|p1a: Blissey|66\/100|[from] Stealth Rock\n|move|p2a: Heiz Guderitran|Magma Storm|p1a: Blissey\n|-damage|p1a: Blissey|50\/100\n|-activate|p1a: Blissey|move: Magma Storm|[of] p2a: Heiz Guderitran\n|\n|-heal|p2a: Heiz Guderitran|64\/100|[from] item: Leftovers\n|-heal|p1a: Blissey|56\/100|[from] item: Leftovers\n|-end|p2a: Heiz Guderitran|Infestation|[partiallytrapped]|[silent]\n|-damage|p1a: Blissey|43\/100|[from] move: Magma Storm|[partiallytrapped]\n|upkeep\n|turn|18\n|\n|t:|1700350840\n|switch|p2a: Schwerer Gustav|Great Tusk|86\/100\n|move|p1a: Blissey|Seismic Toss|p2a: Schwerer Gustav\n|-damage|p2a: Schwerer Gustav|59\/100\n|\n|-heal|p1a: Blissey|50\/100|[from] item: Leftovers\n|-end|p1a: Blissey|Magma Storm|[partiallytrapped]|[silent]\n|upkeep\n|turn|19\n|\n|t:|1700350858\n|switch|p1a: FreePalestine\ud83c\uddf5\ud83c\uddf8|Corviknight, M|88\/100\n|-damage|p1a: FreePalestine\ud83c\uddf5\ud83c\uddf8|76\/100|[from] Stealth Rock\n|-ability|p1a: FreePalestine\ud83c\uddf5\ud83c\uddf8|Pressure\n|move|p2a: Schwerer Gustav|Close Combat|p1a: FreePalestine\ud83c\uddf5\ud83c\uddf8\n|-damage|p1a: FreePalestine\ud83c\uddf5\ud83c\uddf8|22\/100\n|-unboost|p2a: Schwerer Gustav|def|1\n|-unboost|p2a: Schwerer Gustav|spd|1\n|-damage|p2a: Schwerer Gustav|43\/100|[from] item: Rocky Helmet|[of] p1a: FreePalestine\ud83c\uddf5\ud83c\uddf8\n|\n|upkeep\n|turn|20\n|\n|t:|1700350864\n|switch|p1a: Slowking|Slowking-Galar, M|100\/100\n|-damage|p1a: Slowking|88\/100|[from] Stealth Rock\n|move|p2a: Schwerer Gustav|Close Combat|p1a: Slowking\n|-resisted|p1a: Slowking\n|-damage|p1a: Slowking|58\/100\n|-unboost|p2a: Schwerer Gustav|def|1\n|-unboost|p2a: Schwerer Gustav|spd|1\n|\n|upkeep\n|turn|21\n|\n|t:|1700350883\n|-end|p2a: Schwerer Gustav|Protosynthesis|[silent]\n|switch|p2a: Erwin Trommel|Rillaboom, F|100\/100\n|-fieldstart|move: Grassy Terrain|[from] ability: Grassy Surge|[of] p2a: Erwin Trommel\n|move|p1a: Slowking|Trick|p2a: Erwin Trommel\n|-activate|p1a: Slowking|move: Trick|[of] p2a: Erwin Trommel\n|-item|p2a: Erwin Trommel|Choice Scarf|[from] move: Trick\n|-item|p1a: Slowking|Choice Band|[from] move: Trick\n|\n|-heal|p1a: Slowking|64\/100|[from] Grassy Terrain\n|upkeep\n|turn|22\n|\n|t:|1700350894\n|switch|p1a: stannin on bihness|Toxapex, F|63\/100\n|-damage|p1a: stannin on bihness|51\/100|[from] Stealth Rock\n|move|p2a: Erwin Trommel|U-turn|p1a: stannin on bihness\n|-resisted|p1a: stannin on bihness\n|-damage|p1a: stannin on bihness|43\/100\n|inactive|kuhihuihihhuhi has 120 seconds left.\n|\n|t:|1700350910\n|switch|p2a: Horton Ho 229|Dragapult, F|92\/100|[from] U-turn\n|\n|-heal|p2a: Horton Ho 229|98\/100|[from] Grassy Terrain\n|-heal|p1a: stannin on bihness|49\/100|[from] Grassy Terrain\n|upkeep\n|turn|23\n|inactive|kuhihuihihhuhi has 120 seconds left.\n|\n|t:|1700350924\n|-terastallize|p2a: Horton Ho 229|Dragon\n|move|p2a: Horton Ho 229|Draco Meteor|p1a: stannin on bihness\n|-damage|p1a: stannin on bihness|0 fnt\n|-unboost|p2a: Horton Ho 229|spa|2\n|faint|p1a: stannin on bihness\n|\n|-heal|p2a: Horton Ho 229|100\/100|[from] Grassy Terrain\n|upkeep\n|\n|t:|1700350928\n|switch|p1a: Blissey|Blissey, F|50\/100\n|-damage|p1a: Blissey|37\/100|[from] Stealth Rock\n|turn|24\n|\n|t:|1700350938\n|switch|p2a: Schwerer Gustav|Great Tusk|43\/100\n|move|p1a: Blissey|Soft-Boiled|p1a: Blissey\n|-heal|p1a: Blissey|87\/100\n|\n|-heal|p2a: Schwerer Gustav|49\/100|[from] Grassy Terrain\n|-heal|p1a: Blissey|93\/100|[from] Grassy Terrain\n|-heal|p1a: Blissey|99\/100|[from] item: Leftovers\n|upkeep\n|turn|25\n|\n|t:|1700350946\n|switch|p1a: Ripbozo \ud83d\ude02 \ud83d\ude02|Dondozo, M, tera:Dragon|94\/100 slp\n|-damage|p1a: Ripbozo \ud83d\ude02 \ud83d\ude02|82\/100 slp|[from] Stealth Rock\n|move|p2a: Schwerer Gustav|Close Combat|p1a: Ripbozo \ud83d\ude02 \ud83d\ude02\n|-damage|p1a: Ripbozo \ud83d\ude02 \ud83d\ude02|42\/100 slp\n|-unboost|p2a: Schwerer Gustav|def|1\n|-unboost|p2a: Schwerer Gustav|spd|1\n|\n|-heal|p2a: Schwerer Gustav|55\/100|[from] Grassy Terrain\n|-heal|p1a: Ripbozo \ud83d\ude02 \ud83d\ude02|48\/100 slp|[from] Grassy Terrain\n|-heal|p1a: Ripbozo \ud83d\ude02 \ud83d\ude02|54\/100 slp|[from] item: Leftovers\n|-fieldend|move: Grassy Terrain\n|upkeep\n|turn|26\n|\n|t:|1700350952\n|switch|p1a: Slowking|Slowking-Galar, M|97\/100\n|-damage|p1a: Slowking|85\/100|[from] Stealth Rock\n|move|p2a: Schwerer Gustav|Close Combat|p1a: Slowking\n|-resisted|p1a: Slowking\n|-damage|p1a: Slowking|57\/100\n|-unboost|p2a: Schwerer Gustav|def|1\n|-unboost|p2a: Schwerer Gustav|spd|1\n|\n|upkeep\n|turn|27\n|\n|t:|1700350964\n|-end|p2a: Schwerer Gustav|Protosynthesis|[silent]\n|switch|p2a: Erwin Trommel|Rillaboom, F|100\/100\n|-fieldstart|move: Grassy Terrain|[from] ability: Grassy Surge|[of] p2a: Erwin Trommel\n|move|p1a: Slowking|Future Sight|p2a: Erwin Trommel\n|-start|p1a: Slowking|move: Future Sight\n|\n|-heal|p1a: Slowking|63\/100|[from] Grassy Terrain\n|upkeep\n|turn|28\n|\n|t:|1700350985\n|switch|p1a: Ripbozo \ud83d\ude02 \ud83d\ude02|Dondozo, M, tera:Dragon|54\/100 slp\n|-damage|p1a: Ripbozo \ud83d\ude02 \ud83d\ude02|42\/100 slp|[from] Stealth Rock\n|move|p2a: Erwin Trommel|U-turn|p1a: Ripbozo \ud83d\ude02 \ud83d\ude02\n|-damage|p1a: Ripbozo \ud83d\ude02 \ud83d\ude02|29\/100 slp\n|\n|t:|1700350997\n|switch|p2a: Horton Ho 229|Dragapult, F, tera:Dragon|100\/100|[from] U-turn\n|\n|-heal|p1a: Ripbozo \ud83d\ude02 \ud83d\ude02|36\/100 slp|[from] Grassy Terrain\n|-heal|p1a: Ripbozo \ud83d\ude02 \ud83d\ude02|42\/100 slp|[from] item: Leftovers\n|upkeep\n|turn|29\n|\n|t:|1700351007\n|switch|p1a: Blissey|Blissey, F|99\/100\n|-damage|p1a: Blissey|87\/100|[from] Stealth Rock\n|move|p2a: Horton Ho 229|U-turn|p1a: Blissey\n|-damage|p1a: Blissey|72\/100\n|\n|t:|1700351014\n|switch|p2a: Heiz Guderitran|Heatran, F|64\/100|[from] U-turn\n|\n|-end|p2a: Heiz Guderitran|move: Future Sight\n|-resisted|p2a: Heiz Guderitran\n|-damage|p2a: Heiz Guderitran|47\/100\n|-heal|p2a: Heiz Guderitran|53\/100|[from] Grassy Terrain\n|-heal|p2a: Heiz Guderitran|59\/100|[from] item: Leftovers\n|-heal|p1a: Blissey|78\/100|[from] Grassy Terrain\n|-heal|p1a: Blissey|84\/100|[from] item: Leftovers\n|upkeep\n|turn|30\n|l| akakPUMPKIN\n|\n|t:|1700351029\n|switch|p2a: Erwin Trommel|Rillaboom, F|100\/100\n|move|p1a: Blissey|Stealth Rock|p2a: Erwin Trommel\n|-sidestart|p2: kuhihuihihhuhi|move: Stealth Rock\n|\n|-heal|p1a: Blissey|91\/100|[from] Grassy Terrain\n|-heal|p1a: Blissey|97\/100|[from] item: Leftovers\n|upkeep\n|turn|31\n|\n|t:|1700351037\n|switch|p1a: FreePalestine\ud83c\uddf5\ud83c\uddf8|Corviknight, M|22\/100\n|-damage|p1a: FreePalestine\ud83c\uddf5\ud83c\uddf8|9\/100|[from] Stealth Rock\n|-ability|p1a: FreePalestine\ud83c\uddf5\ud83c\uddf8|Pressure\n|move|p2a: Erwin Trommel|Wood Hammer|p1a: FreePalestine\ud83c\uddf5\ud83c\uddf8\n|-resisted|p1a: FreePalestine\ud83c\uddf5\ud83c\uddf8\n|-damage|p1a: FreePalestine\ud83c\uddf5\ud83c\uddf8|0 fnt\n|-damage|p2a: Erwin Trommel|84\/100|[from] item: Rocky Helmet|[of] p1a: FreePalestine\ud83c\uddf5\ud83c\uddf8\n|faint|p1a: FreePalestine\ud83c\uddf5\ud83c\uddf8\n|-damage|p2a: Erwin Trommel|81\/100|[from] Recoil\n|\n|-heal|p2a: Erwin Trommel|87\/100|[from] Grassy Terrain\n|-fieldend|move: Grassy Terrain\n|upkeep\n|\n|t:|1700351043\n|switch|p1a: Slowking|Slowking-Galar, M|97\/100\n|-damage|p1a: Slowking|84\/100|[from] Stealth Rock\n|turn|32\n|\n|t:|1700351054\n|switch|p2a: Heiz Guderitran|Heatran, F|59\/100\n|-damage|p2a: Heiz Guderitran|47\/100|[from] Stealth Rock\n|move|p1a: Slowking|Future Sight|p2a: Heiz Guderitran\n|-start|p1a: Slowking|move: Future Sight\n|\n|-heal|p2a: Heiz Guderitran|53\/100|[from] item: Leftovers\n|upkeep\n|turn|33\n|\n|t:|1700351064\n|switch|p1a: Blissey|Blissey, F|97\/100\n|-damage|p1a: Blissey|84\/100|[from] Stealth Rock\n|move|p2a: Heiz Guderitran|Earth Power|p1a: Blissey\n|-damage|p1a: Blissey|76\/100\n|-unboost|p1a: Blissey|spd|1\n|\n|-heal|p2a: Heiz Guderitran|59\/100|[from] item: Leftovers\n|-heal|p1a: Blissey|82\/100|[from] item: Leftovers\n|upkeep\n|turn|34\n|\n|t:|1700351074\n|switch|p2a: Sichelschnittplan|Toxapex, F|100\/100\n|-damage|p2a: Sichelschnittplan|88\/100|[from] Stealth Rock\n|switch|p1a: Slowking|Slowking-Galar, M|100\/100\n|-damage|p1a: Slowking|88\/100|[from] Stealth Rock\n|\n|-end|p2a: Sichelschnittplan|move: Future Sight\n|-supereffective|p2a: Sichelschnittplan\n|-damage|p2a: Sichelschnittplan|18\/100\n|upkeep\n|turn|35\n|\n|t:|1700351091\n|move|p1a: Slowking|Future Sight|p2a: Sichelschnittplan\n|-start|p1a: Slowking|move: Future Sight\n|move|p2a: Sichelschnittplan|Recover|p2a: Sichelschnittplan\n|-heal|p2a: Sichelschnittplan|68\/100\n|\n|upkeep\n|turn|36\n|\n|t:|1700351097\n|switch|p1a: Ripbozo \ud83d\ude02 \ud83d\ude02|Dondozo, M, tera:Dragon|42\/100 slp\n|-damage|p1a: Ripbozo \ud83d\ude02 \ud83d\ude02|29\/100 slp|[from] Stealth Rock\n|switch|p2a: Heiz Guderitran|Heatran, F|59\/100\n|-damage|p2a: Heiz Guderitran|47\/100|[from] Stealth Rock\n|\n|-heal|p2a: Heiz Guderitran|53\/100|[from] item: Leftovers\n|-heal|p1a: Ripbozo \ud83d\ude02 \ud83d\ude02|35\/100 slp|[from] item: Leftovers\n|upkeep\n|turn|37\n|\n|t:|1700351109\n|switch|p2a: Horton Ho 229|Dragapult, F, tera:Dragon|100\/100\n|-damage|p2a: Horton Ho 229|88\/100|[from] Stealth Rock\n|cant|p1a: Ripbozo \ud83d\ude02 \ud83d\ude02|slp\n|move|p1a: Ripbozo \ud83d\ude02 \ud83d\ude02|Sleep Talk|p1a: Ripbozo \ud83d\ude02 \ud83d\ude02\n|move|p1a: Ripbozo \ud83d\ude02 \ud83d\ude02|Rest||[from]move: Sleep Talk|[still]\n|-fail|p1a: Ripbozo \ud83d\ude02 \ud83d\ude02\n|\n|-end|p2a: Horton Ho 229|move: Future Sight\n|-damage|p2a: Horton Ho 229|15\/100\n|-heal|p1a: Ripbozo \ud83d\ude02 \ud83d\ude02|42\/100 slp|[from] item: Leftovers\n|upkeep\n|turn|38\n|\n|t:|1700351117\n|switch|p1a: Blissey|Blissey, F|82\/100\n|-damage|p1a: Blissey|69\/100|[from] Stealth Rock\n|move|p2a: Horton Ho 229|Draco Meteor|p1a: Blissey\n|-damage|p1a: Blissey|25\/100\n|-unboost|p2a: Horton Ho 229|spa|2\n|\n|-heal|p1a: Blissey|31\/100|[from] item: Leftovers\n|upkeep\n|turn|39\n|\n|t:|1700351122\n|switch|p2a: Schwerer Gustav|Great Tusk|55\/100\n|-damage|p2a: Schwerer Gustav|52\/100|[from] Stealth Rock\n|move|p1a: Blissey|Soft-Boiled|p1a: Blissey\n|-heal|p1a: Blissey|81\/100\n|\n|-heal|p1a: Blissey|87\/100|[from] item: Leftovers\n|upkeep\n|turn|40\n|\n|t:|1700351130\n|switch|p1a: Joever|Jirachi|100\/100\n|-damage|p1a: Joever|94\/100|[from] Stealth Rock\n|move|p2a: Schwerer Gustav|Headlong Rush|p1a: Joever\n|-supereffective|p1a: Joever\n|-damage|p1a: Joever|0 fnt\n|-unboost|p2a: Schwerer Gustav|def|1\n|-unboost|p2a: Schwerer Gustav|spd|1\n|faint|p1a: Joever\n|\n|upkeep\n|\n|t:|1700351140\n|switch|p1a: Ripbozo \ud83d\ude02 \ud83d\ude02|Dondozo, M, tera:Dragon|42\/100 slp\n|-damage|p1a: Ripbozo \ud83d\ude02 \ud83d\ude02|29\/100 slp|[from] Stealth Rock\n|turn|41\n|\n|t:|1700351142\n|move|p2a: Schwerer Gustav|Headlong Rush|p1a: Ripbozo \ud83d\ude02 \ud83d\ude02\n|-damage|p1a: Ripbozo \ud83d\ude02 \ud83d\ude02|0 fnt\n|-unboost|p2a: Schwerer Gustav|def|1\n|-unboost|p2a: Schwerer Gustav|spd|1\n|faint|p1a: Ripbozo \ud83d\ude02 \ud83d\ude02\n|\n|upkeep\n|\n|t:|1700351148\n|switch|p1a: Blissey|Blissey, F|87\/100\n|-damage|p1a: Blissey|75\/100|[from] Stealth Rock\n|turn|42\n|\n|t:|1700351151\n|move|p2a: Schwerer Gustav|Headlong Rush|p1a: Blissey\n|-damage|p1a: Blissey|0 fnt\n|-unboost|p2a: Schwerer Gustav|def|1\n|-unboost|p2a: Schwerer Gustav|spd|1\n|faint|p1a: Blissey\n|\n|upkeep\n|-message|yyysneasel forfeited.\n|l|\u2606yyysneasel\n|inactive|yyysneasel disconnected and has a minute to reconnect!\n|player|p1|\n|\n|win|kuhihuihihhuhi\n|n|\u2606kuhihuihihhuhi|kuhihuihihhuhi\n|n| srtyjj|srtyjj\n|n| Van Pyro|vanpyro\n","uploadtime":1700351163,"views":53,"p1id":"yyysneasel","p2id":"kuhihuihihhuhi","formatid":"gen9ou","rating":0,"private":0,"password":""}