{"id":"gen9ou-1989676435","p1":"Sundale","p2":"GreTier0","format":"[Gen 9] OU","log":"|j|\u2606Sundale\n|j|\u2606GreTier0\n|t:|1699885873\n|gametype|singles\n|player|p1|Sundale|giovanni|1015\n|player|p2|GreTier0|ghetsis|1047\n|teamsize|p1|6\n|teamsize|p2|6\n|gen|9\n|tier|[Gen 9] OU\n|rated|\n|rule|Sleep Clause Mod: Limit one foe put to sleep\n|rule|Species Clause: Limit one of each Pok\u00e9mon\n|rule|OHKO Clause: OHKO moves are banned\n|rule|Evasion Items Clause: Evasion items are banned\n|rule|Evasion Moves Clause: Evasion moves are banned\n|rule|Endless Battle Clause: Forcing endless battles is banned\n|rule|HP Percentage Mod: HP is shown in percentages\n|clearpoke\n|poke|p1|Ceruledge, M|\n|poke|p1|Cinderace, M|\n|poke|p1|Torkoal, M|\n|poke|p1|Scovillain, F|\n|poke|p1|Heatran, M|\n|poke|p1|Infernape, M|\n|poke|p2|Kingambit, F|\n|poke|p2|Dondozo, M|\n|poke|p2|Mandibuzz, F|\n|poke|p2|Garganacl, M|\n|poke|p2|Iron Valiant|\n|poke|p2|Ogerpon-Wellspring, F|\n|teampreview\n|\n|t:|1699885888\n|start\n|switch|p1a: Infernape|Infernape, M|100\/100\n|switch|p2a: Garganacl|Garganacl, M|100\/100\n|turn|1\n|\n|t:|1699885897\n|move|p1a: Infernape|Sunny Day|p1a: Infernape\n|-weather|SunnyDay\n|move|p2a: Garganacl|Salt Cure|p1a: Infernape\n|-damage|p1a: Infernape|80\/100\n|-start|p1a: Infernape|Salt Cure\n|\n|-weather|SunnyDay|[upkeep]\n|-damage|p1a: Infernape|68\/100|[from] Salt Cure\n|upkeep\n|turn|2\n|\n|t:|1699885910\n|move|p2a: Garganacl|Protect|p2a: Garganacl\n|-singleturn|p2a: Garganacl|Protect\n|move|p1a: Infernape|Close Combat|p2a: Garganacl\n|-activate|p2a: Garganacl|move: Protect\n|\n|-weather|SunnyDay|[upkeep]\n|-damage|p1a: Infernape|56\/100|[from] Salt Cure\n|upkeep\n|turn|3\n|\n|t:|1699885920\n|switch|p1a: Scovillain|Scovillain, F|100\/100\n|switch|p2a: Mandibuzz|Mandibuzz, F|100\/100\n|\n|-weather|SunnyDay|[upkeep]\n|upkeep\n|turn|4\n|\n|t:|1699885931\n|move|p1a: Scovillain|Fire Blast|p2a: Mandibuzz\n|-damage|p2a: Mandibuzz|3\/100\n|move|p2a: Mandibuzz|Toxic|p1a: Scovillain\n|-status|p1a: Scovillain|tox\n|\n|-weather|SunnyDay|[upkeep]\n|-heal|p2a: Mandibuzz|9\/100|[from] item: Leftovers\n|-damage|p1a: Scovillain|94\/100 tox|[from] psn\n|upkeep\n|turn|5\n|\n|t:|1699885941\n|move|p2a: Mandibuzz|Protect|p2a: Mandibuzz\n|-singleturn|p2a: Mandibuzz|Protect\n|move|p1a: Scovillain|Fire Blast|p2a: Mandibuzz\n|-activate|p2a: Mandibuzz|move: Protect\n|\n|-weather|SunnyDay|[upkeep]\n|-heal|p2a: Mandibuzz|16\/100|[from] item: Leftovers\n|-damage|p1a: Scovillain|82\/100 tox|[from] psn\n|upkeep\n|turn|6\n|\n|t:|1699885955\n|move|p1a: Scovillain|Fire Blast|p2a: Mandibuzz\n|-crit|p2a: Mandibuzz\n|-damage|p2a: Mandibuzz|0 fnt\n|faint|p2a: Mandibuzz\n|\n|-weather|SunnyDay|[upkeep]\n|-damage|p1a: Scovillain|63\/100 tox|[from] psn\n|upkeep\n|\n|t:|1699885962\n|switch|p2a: Ogerpon|Ogerpon-Wellspring, F|100\/100\n|turn|7\n|\n|t:|1699885965\n|move|p1a: Scovillain|Fire Blast|p2a: Ogerpon\n|-damage|p2a: Ogerpon|0 fnt\n|faint|p2a: Ogerpon\n|\n|-weather|SunnyDay|[upkeep]\n|-damage|p1a: Scovillain|38\/100 tox|[from] psn\n|upkeep\n|\n|t:|1699885974\n|switch|p2a: Iron Valiant|Iron Valiant|100\/100\n|-enditem|p2a: Iron Valiant|Booster Energy\n|-activate|p2a: Iron Valiant|ability: Quark Drive|[fromitem]\n|-start|p2a: Iron Valiant|quarkdrivespe\n|turn|8\n|\n|t:|1699885978\n|move|p2a: Iron Valiant|Calm Mind|p2a: Iron Valiant\n|-boost|p2a: Iron Valiant|spa|1\n|-boost|p2a: Iron Valiant|spd|1\n|move|p1a: Scovillain|Fire Blast|p2a: Iron Valiant\n|-damage|p2a: Iron Valiant|0 fnt\n|faint|p2a: Iron Valiant\n|-end|p2a: Iron Valiant|Quark Drive|[silent]\n|\n|-weather|none\n|-damage|p1a: Scovillain|7\/100 tox|[from] psn\n|upkeep\n|c|\u2606GreTier0|can you send me your team?\n|\n|t:|1699886018\n|switch|p2a: Dondozo|Dondozo, M|100\/100\n|turn|9\n|\n|t:|1699886042\n|switch|p1a: Torkoal|Torkoal, M|100\/100\n|-weather|SunnyDay|[from] ability: Drought|[of] p1a: Torkoal\n|move|p2a: Dondozo|Curse|p2a: Dondozo\n|-unboost|p2a: Dondozo|spe|1\n|-boost|p2a: Dondozo|atk|1\n|-boost|p2a: Dondozo|def|1\n|\n|-weather|SunnyDay|[upkeep]\n|upkeep\n|turn|10\n|\n|t:|1699886062\n|-terastallize|p1a: Torkoal|Fire\n|move|p2a: Dondozo|Yawn|p1a: Torkoal\n|-start|p1a: Torkoal|move: Yawn|[of] p2a: Dondozo\n|move|p1a: Torkoal|Fire Blast|p2a: Dondozo\n|-resisted|p2a: Dondozo\n|-damage|p2a: Dondozo|80\/100\n|\n|-weather|SunnyDay|[upkeep]\n|-heal|p2a: Dondozo|87\/100|[from] item: Leftovers\n|upkeep\n|turn|11\n|\n|t:|1699886087\n|switch|p1a: Infernape|Infernape, M|56\/100\n|move|p2a: Dondozo|Liquidation|p1a: Infernape\n|-supereffective|p1a: Infernape\n|-damage|p1a: Infernape|0 fnt\n|faint|p1a: Infernape\n|\n|-weather|SunnyDay|[upkeep]\n|-heal|p2a: Dondozo|93\/100|[from] item: Leftovers\n|upkeep\n|\n|t:|1699886089\n|switch|p1a: Scovillain|Scovillain, F|7\/100 tox\n|turn|12\n|\n|t:|1699886096\n|move|p1a: Scovillain|Solar Beam||[still]\n|-prepare|p1a: Scovillain|Solar Beam\n|-anim|p1a: Scovillain|Solar Beam|p2a: Dondozo\n|-supereffective|p2a: Dondozo\n|-damage|p2a: Dondozo|0 fnt\n|faint|p2a: Dondozo\n|\n|-weather|SunnyDay|[upkeep]\n|-damage|p1a: Scovillain|0 fnt|[from] psn\n|faint|p1a: Scovillain\n|upkeep\n|c|\u2606GreTier0|PLAY\n|\n|t:|1699886124\n|switch|p1a: Heatran|Heatran, M|100\/100\n|switch|p2a: Garganacl|Garganacl, M|100\/100\n|turn|13\n|\n|t:|1699886133\n|move|p1a: Heatran|Magma Storm|p2a: Garganacl|[miss]\n|-miss|p1a: Heatran|p2a: Garganacl\n|move|p2a: Garganacl|Iron Defense|p2a: Garganacl\n|-boost|p2a: Garganacl|def|2\n|\n|-weather|none\n|upkeep\n|turn|14\n|\n|t:|1699886138\n|move|p1a: Heatran|Magma Storm|p2a: Garganacl\n|-resisted|p2a: Garganacl\n|-damage|p2a: Garganacl|82\/100\n|-activate|p2a: Garganacl|move: Magma Storm|[of] p1a: Heatran\n|move|p2a: Garganacl|Iron Defense|p2a: Garganacl\n|-boost|p2a: Garganacl|def|2\n|\n|-heal|p2a: Garganacl|88\/100|[from] item: Leftovers\n|-damage|p2a: Garganacl|76\/100|[from] move: Magma Storm|[partiallytrapped]\n|upkeep\n|turn|15\n|\n|t:|1699886148\n|move|p1a: Heatran|Earth Power|p2a: Garganacl\n|-supereffective|p2a: Garganacl\n|-damage|p2a: Garganacl|33\/100\n|move|p2a: Garganacl|Salt Cure|p1a: Heatran\n|-damage|p1a: Heatran|86\/100\n|-start|p1a: Heatran|Salt Cure\n|\n|-heal|p1a: Heatran|92\/100|[from] item: Leftovers\n|-heal|p2a: Garganacl|39\/100|[from] item: Leftovers\n|-damage|p1a: Heatran|67\/100|[from] Salt Cure\n|-damage|p2a: Garganacl|27\/100|[from] move: Magma Storm|[partiallytrapped]\n|upkeep\n|turn|16\n|\n|t:|1699886156\n|switch|p1a: Torkoal|Torkoal, M, tera:Fire|100\/100\n|-weather|SunnyDay|[from] ability: Drought|[of] p1a: Torkoal\n|move|p2a: Garganacl|Protect||[still]\n|-fail|p2a: Garganacl\n|\n|-weather|SunnyDay|[upkeep]\n|-heal|p2a: Garganacl|33\/100|[from] item: Leftovers\n|-end|p2a: Garganacl|Magma Storm|[partiallytrapped]|[silent]\n|upkeep\n|turn|17\n|\n|t:|1699886159\n|move|p2a: Garganacl|Recover|p2a: Garganacl\n|-heal|p2a: Garganacl|83\/100\n|move|p1a: Torkoal|Earth Power|p2a: Garganacl\n|-supereffective|p2a: Garganacl\n|-damage|p2a: Garganacl|59\/100\n|-unboost|p2a: Garganacl|spd|1\n|\n|-weather|SunnyDay|[upkeep]\n|-heal|p2a: Garganacl|65\/100|[from] item: Leftovers\n|upkeep\n|turn|18\n|\n|t:|1699886164\n|move|p2a: Garganacl|Salt Cure|p1a: Torkoal\n|-supereffective|p1a: Torkoal\n|-damage|p1a: Torkoal|80\/100\n|-start|p1a: Torkoal|Salt Cure\n|move|p1a: Torkoal|Earth Power|p2a: Garganacl\n|-supereffective|p2a: Garganacl\n|-damage|p2a: Garganacl|32\/100\n|\n|-weather|SunnyDay|[upkeep]\n|-heal|p2a: Garganacl|38\/100|[from] item: Leftovers\n|-damage|p1a: Torkoal|67\/100|[from] Salt Cure\n|upkeep\n|turn|19\n|\n|t:|1699886168\n|move|p2a: Garganacl|Protect|p2a: Garganacl\n|-singleturn|p2a: Garganacl|Protect\n|move|p1a: Torkoal|Earth Power|p2a: Garganacl\n|-activate|p2a: Garganacl|move: Protect\n|\n|-weather|SunnyDay|[upkeep]\n|-heal|p2a: Garganacl|45\/100|[from] item: Leftovers\n|-damage|p1a: Torkoal|55\/100|[from] Salt Cure\n|upkeep\n|turn|20\n|\n|t:|1699886171\n|move|p2a: Garganacl|Recover|p2a: Garganacl\n|-heal|p2a: Garganacl|95\/100\n|move|p1a: Torkoal|Earth Power|p2a: Garganacl\n|-supereffective|p2a: Garganacl\n|-damage|p2a: Garganacl|60\/100\n|\n|-weather|none\n|-heal|p2a: Garganacl|66\/100|[from] item: Leftovers\n|-damage|p1a: Torkoal|42\/100|[from] Salt Cure\n|upkeep\n|turn|21\n|\n|t:|1699886174\n|move|p2a: Garganacl|Protect|p2a: Garganacl\n|-singleturn|p2a: Garganacl|Protect\n|move|p1a: Torkoal|Earth Power|p2a: Garganacl\n|-activate|p2a: Garganacl|move: Protect\n|\n|-heal|p2a: Garganacl|72\/100|[from] item: Leftovers\n|-damage|p1a: Torkoal|30\/100|[from] Salt Cure\n|upkeep\n|turn|22\n|\n|t:|1699886177\n|move|p2a: Garganacl|Recover|p2a: Garganacl\n|-heal|p2a: Garganacl|100\/100\n|move|p1a: Torkoal|Earth Power|p2a: Garganacl\n|-supereffective|p2a: Garganacl\n|-damage|p2a: Garganacl|64\/100\n|-unboost|p2a: Garganacl|spd|1\n|\n|-heal|p2a: Garganacl|70\/100|[from] item: Leftovers\n|-damage|p1a: Torkoal|17\/100|[from] Salt Cure\n|upkeep\n|turn|23\n|\n|t:|1699886183\n|move|p2a: Garganacl|Protect|p2a: Garganacl\n|-singleturn|p2a: Garganacl|Protect\n|move|p1a: Torkoal|Earth Power|p2a: Garganacl\n|-activate|p2a: Garganacl|move: Protect\n|\n|-heal|p2a: Garganacl|76\/100|[from] item: Leftovers\n|-damage|p1a: Torkoal|5\/100|[from] Salt Cure\n|upkeep\n|turn|24\n|\n|t:|1699886186\n|move|p2a: Garganacl|Protect||[still]\n|-fail|p2a: Garganacl\n|move|p1a: Torkoal|Earth Power|p2a: Garganacl\n|-supereffective|p2a: Garganacl\n|-damage|p2a: Garganacl|27\/100\n|\n|-heal|p2a: Garganacl|33\/100|[from] item: Leftovers\n|-damage|p1a: Torkoal|0 fnt|[from] Salt Cure\n|faint|p1a: Torkoal\n|upkeep\n|\n|t:|1699886191\n|switch|p1a: Heatran|Heatran, M|67\/100\n|turn|25\n|\n|t:|1699886195\n|move|p1a: Heatran|Earth Power|p2a: Garganacl\n|-supereffective|p2a: Garganacl\n|-damage|p2a: Garganacl|0 fnt\n|faint|p2a: Garganacl\n|\n|-heal|p1a: Heatran|73\/100|[from] item: Leftovers\n|upkeep\n|\n|t:|1699886199\n|switch|p2a: Kingambit|Kingambit, F|100\/100\n|-activate|p2a: Kingambit|ability: Supreme Overlord\n|-start|p2a: Kingambit|fallen5|[silent]\n|turn|26\n|\n|t:|1699886212\n|-terastallize|p2a: Kingambit|Water\n|move|p1a: Heatran|Earth Power|p2a: Kingambit\n|-damage|p2a: Kingambit|69\/100\n|move|p2a: Kingambit|Swords Dance|p2a: Kingambit\n|-boost|p2a: Kingambit|atk|2\n|\n|-heal|p1a: Heatran|79\/100|[from] item: Leftovers\n|upkeep\n|turn|27\n|\n|t:|1699886227\n|move|p1a: Heatran|Magma Storm|p2a: Kingambit\n|-resisted|p2a: Kingambit\n|-damage|p2a: Kingambit|41\/100\n|-activate|p2a: Kingambit|move: Magma Storm|[of] p1a: Heatran\n|move|p2a: Kingambit|Kowtow Cleave|p1a: Heatran\n|-damage|p1a: Heatran|0 fnt\n|faint|p1a: Heatran\n|\n|-end|p2a: Kingambit|Magma Storm|[partiallytrapped]|[silent]\n|upkeep\n|\n|t:|1699886234\n|switch|p1a: Cinderace|Cinderace, M|100\/100\n|turn|28\n|inactive|Battle timer is ON: inactive players will automatically lose when time's up. (requested by GreTier0)\n|\n|t:|1699886253\n|switch|p1a: Ceruledge|Ceruledge, M|100\/100\n|move|p2a: Kingambit|Sucker Punch||[still]\n|-fail|p2a: Kingambit\n|\n|upkeep\n|turn|29\n|\n|t:|1699886265\n|move|p2a: Kingambit|Sucker Punch|p1a: Ceruledge\n|-supereffective|p1a: Ceruledge\n|-damage|p1a: Ceruledge|0 fnt\n|faint|p1a: Ceruledge\n|\n|upkeep\n|\n|t:|1699886267\n|switch|p1a: Cinderace|Cinderace, M|100\/100\n|turn|30\n|\n|t:|1699886270\n|move|p2a: Kingambit|Sucker Punch||[still]\n|-fail|p2a: Kingambit\n|move|p1a: Cinderace|Court Change||[still]\n|-start|p1a: Cinderace|typechange|Normal|[from] ability: Libero\n|-swapsideconditions\n|-fail|p1a: Cinderace\n|\n|upkeep\n|turn|31\n|\n|t:|1699886278\n|move|p1a: Cinderace|Sucker Punch|p2a: Kingambit\n|-crit|p2a: Kingambit\n|-damage|p2a: Kingambit|16\/100\n|move|p2a: Kingambit|Sucker Punch||[still]\n|-fail|p2a: Kingambit\n|\n|upkeep\n|turn|32\n|\n|t:|1699886283\n|move|p1a: Cinderace|Sucker Punch|p2a: Kingambit\n|-damage|p2a: Kingambit|1\/100\n|move|p2a: Kingambit|Kowtow Cleave|p1a: Cinderace\n|-crit|p1a: Cinderace\n|-damage|p1a: Cinderace|0 fnt\n|faint|p1a: Cinderace\n|\n|win|GreTier0\n|raw|Sundale's rating: 1015 &rarr; <strong>1004<\/strong><br \/>(-11 for losing)\n|raw|GreTier0's rating: 1047 &rarr; <strong>1077<\/strong><br \/>(+30 for winning)\n","uploadtime":1699886292,"views":12,"p1id":"sundale","p2id":"gretier0","formatid":"gen9ou","rating":1004,"private":0,"password":""}