{"id":"gen9ou-1990019621","p1":"MonotoneExcitement","p2":"Violet Mask","format":"[Gen 9] OU","log":"|j|\u2606MonotoneExcitement\n|j|\u2606Violet Mask\n|t:|1699916008\n|gametype|singles\n|player|p1|MonotoneExcitement|ethan|1389\n|player|p2|Violet Mask|mira|1524\n|teamsize|p1|6\n|teamsize|p2|6\n|gen|9\n|tier|[Gen 9] OU\n|rated|\n|rule|Sleep Clause Mod: Limit one foe put to sleep\n|rule|Species Clause: Limit one of each Pok\u00e9mon\n|rule|OHKO Clause: OHKO moves are banned\n|rule|Evasion Items Clause: Evasion items are banned\n|rule|Evasion Moves Clause: Evasion moves are banned\n|rule|Endless Battle Clause: Forcing endless battles is banned\n|rule|HP Percentage Mod: HP is shown in percentages\n|clearpoke\n|poke|p1|Meowscarada, M|\n|poke|p1|Iron Treads|\n|poke|p1|Iron Moth|\n|poke|p1|Manaphy|\n|poke|p1|Enamorus, F|\n|poke|p1|Zamazenta-*|\n|poke|p2|Toxapex, M|\n|poke|p2|Blissey, F|\n|poke|p2|Tornadus-Therian, M|\n|poke|p2|Corviknight, F|\n|poke|p2|Garchomp, F|\n|poke|p2|Skeledirge, M|\n|teampreview\n|inactive|Battle timer is ON: inactive players will automatically lose when time's up. (requested by Violet Mask)\n|j| benjababy\n|inactive|Violet Mask has 120 seconds left.\n|\n|t:|1699916048\n|start\n|switch|p1a: Iron Treads|Iron Treads|100\/100\n|switch|p2a: Corviknight|Corviknight, F|100\/100\n|-ability|p2a: Corviknight|Pressure\n|turn|1\n|\n|t:|1699916056\n|-end|p1a: Iron Treads|Quark Drive|[silent]\n|switch|p1a: The Sun's Wrath|Iron Moth|100\/100\n|move|p2a: Corviknight|Body Press|p1a: The Sun's Wrath\n|-resisted|p1a: The Sun's Wrath\n|-damage|p1a: The Sun's Wrath|79\/100\n|\n|upkeep\n|turn|2\n|\n|t:|1699916065\n|switch|p2a: Blissey|Blissey, F|100\/100\n|move|p1a: The Sun's Wrath|Fiery Dance|p2a: Blissey\n|-damage|p2a: Blissey|85\/100\n|\n|upkeep\n|turn|3\n|\n|t:|1699916076\n|move|p1a: The Sun's Wrath|Toxic|p2a: Blissey\n|-status|p2a: Blissey|tox\n|move|p2a: Blissey|Shadow Ball|p1a: The Sun's Wrath\n|-damage|p1a: The Sun's Wrath|64\/100\n|\n|-damage|p2a: Blissey|79\/100 tox|[from] psn\n|upkeep\n|turn|4\n|\n|t:|1699916085\n|-end|p1a: The Sun's Wrath|Quark Drive|[silent]\n|switch|p1a: Ta-da!|Meowscarada, M|100\/100\n|-curestatus|p2a: Blissey|tox|[from] ability: Natural Cure\n|switch|p2a: Toxapex|Toxapex, M|100\/100\n|\n|upkeep\n|turn|5\n|\n|t:|1699916093\n|move|p1a: Ta-da!|U-turn|p2a: Toxapex\n|-start|p1a: Ta-da!|typechange|Bug|[from] ability: Protean\n|-resisted|p2a: Toxapex\n|-damage|p2a: Toxapex|90\/100\n|\n|t:|1699916098\n|switch|p1a: Iron Treads|Iron Treads|100\/100|[from] U-turn\n|move|p2a: Toxapex|Toxic|p1a: Iron Treads\n|-immune|p1a: Iron Treads\n|\n|upkeep\n|turn|6\n|\n|t:|1699916105\n|switch|p2a: Corviknight|Corviknight, F|100\/100\n|-ability|p2a: Corviknight|Pressure\n|move|p1a: Iron Treads|Knock Off|p2a: Corviknight\n|-damage|p2a: Corviknight|87\/100\n|-damage|p1a: Iron Treads|84\/100|[from] item: Rocky Helmet|[of] p2a: Corviknight\n|-enditem|p2a: Corviknight|Rocky Helmet|[from] move: Knock Off|[of] p1a: Iron Treads\n|\n|-heal|p1a: Iron Treads|90\/100|[from] item: Leftovers\n|upkeep\n|turn|7\n|\n|t:|1699916123\n|-end|p1a: Iron Treads|Quark Drive|[silent]\n|switch|p1a: The Sun's Wrath|Iron Moth|64\/100\n|move|p2a: Corviknight|Body Press|p1a: The Sun's Wrath\n|-resisted|p1a: The Sun's Wrath\n|-damage|p1a: The Sun's Wrath|42\/100\n|\n|upkeep\n|turn|8\n|\n|t:|1699916130\n|switch|p2a: Toxapex|Toxapex, M|100\/100\n|move|p1a: The Sun's Wrath|Fiery Dance|p2a: Toxapex\n|-resisted|p2a: Toxapex\n|-damage|p2a: Toxapex|83\/100\n|-boost|p1a: The Sun's Wrath|spa|1\n|\n|upkeep\n|turn|9\n|\n|t:|1699916138\n|move|p1a: The Sun's Wrath|Energy Ball|p2a: Toxapex\n|-damage|p2a: Toxapex|41\/100\n|move|p2a: Toxapex|Surf|p1a: The Sun's Wrath\n|-supereffective|p1a: The Sun's Wrath\n|-damage|p1a: The Sun's Wrath|0 fnt\n|faint|p1a: The Sun's Wrath\n|-end|p1a: The Sun's Wrath|Quark Drive|[silent]\n|\n|upkeep\n|\n|t:|1699916147\n|switch|p1a: Enamorus|Enamorus, F|100\/100\n|turn|10\n|\n|t:|1699916152\n|switch|p2a: Blissey|Blissey, F|79\/100\n|move|p1a: Enamorus|Earth Power|p2a: Blissey\n|-damage|p2a: Blissey|67\/100\n|\n|upkeep\n|turn|11\n|\n|t:|1699916159\n|switch|p1a: Iron Treads|Iron Treads|90\/100\n|move|p2a: Blissey|Soft-Boiled|p2a: Blissey\n|-heal|p2a: Blissey|100\/100\n|\n|-heal|p1a: Iron Treads|96\/100|[from] item: Leftovers\n|upkeep\n|turn|12\n|\n|t:|1699916163\n|switch|p2a: Corviknight|Corviknight, F|87\/100\n|-ability|p2a: Corviknight|Pressure\n|move|p1a: Iron Treads|Stealth Rock|p2a: Corviknight\n|-sidestart|p2: Violet Mask|move: Stealth Rock\n|\n|-heal|p1a: Iron Treads|100\/100|[from] item: Leftovers\n|upkeep\n|turn|13\n|\n|t:|1699916172\n|-end|p1a: Iron Treads|Quark Drive|[silent]\n|switch|p1a: wader|Manaphy, shiny|100\/100\n|move|p2a: Corviknight|Defog|p1a: wader\n|-unboost|p1a: wader|evasion|1\n|-sideend|p2: Violet Mask|Stealth Rock|[from] move: Defog|[of] p2a: Corviknight\n|\n|upkeep\n|turn|14\n|\n|t:|1699916182\n|switch|p2a: Toxapex|Toxapex, M|74\/100\n|move|p1a: wader|Tail Glow|p1a: wader\n|-boost|p1a: wader|spa|3\n|\n|upkeep\n|turn|15\n|\n|t:|1699916192\n|move|p1a: wader|Energy Ball|p2a: Toxapex\n|-damage|p2a: Toxapex|15\/100\n|move|p2a: Toxapex|Toxic|p1a: wader\n|-status|p1a: wader|tox\n|\n|-damage|p1a: wader|94\/100 tox|[from] psn\n|upkeep\n|turn|16\n|\n|t:|1699916198\n|switch|p2a: Blissey|Blissey, F|100\/100\n|move|p1a: wader|Surf|p2a: Blissey\n|-damage|p2a: Blissey|63\/100\n|\n|-damage|p1a: wader|82\/100 tox|[from] psn\n|upkeep\n|turn|17\n|\n|t:|1699916206\n|switch|p1a: Zamazenta|Zamazenta|100\/100\n|-ability|p1a: Zamazenta|Dauntless Shield|boost\n|-boost|p1a: Zamazenta|def|1\n|move|p2a: Blissey|Soft-Boiled|p2a: Blissey\n|-heal|p2a: Blissey|100\/100\n|\n|upkeep\n|turn|18\n|\n|t:|1699916216\n|switch|p2a: Toxapex|Toxapex, M|48\/100\n|move|p1a: Zamazenta|Iron Defense|p1a: Zamazenta\n|-boost|p1a: Zamazenta|def|2\n|\n|upkeep\n|turn|19\n|\n|t:|1699916223\n|move|p1a: Zamazenta|Psychic Fangs|p2a: Toxapex\n|-supereffective|p2a: Toxapex\n|-damage|p2a: Toxapex|4\/100\n|-damage|p1a: Zamazenta|91\/100|[from] item: Life Orb\n|move|p2a: Toxapex|Recover|p2a: Toxapex\n|-heal|p2a: Toxapex|54\/100\n|\n|upkeep\n|turn|20\n|\n|t:|1699916231\n|switch|p1a: Iron Treads|Iron Treads|100\/100\n|move|p2a: Toxapex|Recover|p2a: Toxapex\n|-heal|p2a: Toxapex|100\/100\n|\n|upkeep\n|turn|21\n|\n|t:|1699916244\n|-end|p1a: Iron Treads|Quark Drive|[silent]\n|switch|p1a: wader|Manaphy, shiny|82\/100 tox\n|switch|p2a: Corviknight|Corviknight, F|87\/100\n|-ability|p2a: Corviknight|Pressure\n|\n|-damage|p1a: wader|76\/100 tox|[from] psn\n|upkeep\n|turn|22\n|\n|t:|1699916252\n|switch|p2a: Blissey|Blissey, F|100\/100\n|move|p1a: wader|Tail Glow|p1a: wader\n|-boost|p1a: wader|spa|3\n|\n|-damage|p1a: wader|64\/100 tox|[from] psn\n|upkeep\n|turn|23\n|\n|t:|1699916256\n|move|p1a: wader|Tail Glow|p1a: wader\n|-boost|p1a: wader|spa|3\n|move|p2a: Blissey|Shadow Ball|p1a: wader\n|-damage|p1a: wader|49\/100 tox\n|\n|-damage|p1a: wader|31\/100 tox|[from] psn\n|upkeep\n|turn|24\n|\n|t:|1699916262\n|move|p1a: wader|Surf|p2a: Blissey\n|-damage|p2a: Blissey|39\/100\n|move|p2a: Blissey|Soft-Boiled|p2a: Blissey\n|-heal|p2a: Blissey|89\/100\n|\n|-damage|p1a: wader|6\/100 tox|[from] psn\n|upkeep\n|turn|25\n|\n|t:|1699916266\n|switch|p2a: Toxapex|Toxapex, M|100\/100\n|move|p1a: wader|Surf|p2a: Toxapex\n|-resisted|p2a: Toxapex\n|-damage|p2a: Toxapex|37\/100\n|\n|-damage|p1a: wader|0 fnt|[from] psn\n|faint|p1a: wader\n|upkeep\n|\n|t:|1699916271\n|switch|p1a: Ta-da!|Meowscarada, M|100\/100\n|turn|26\n|\n|t:|1699916276\n|switch|p2a: Corviknight|Corviknight, F|87\/100\n|-ability|p2a: Corviknight|Pressure\n|move|p1a: Ta-da!|Flower Trick|p2a: Corviknight\n|-start|p1a: Ta-da!|typechange|Grass|[from] ability: Protean\n|-resisted|p2a: Corviknight\n|-crit|p2a: Corviknight\n|-damage|p2a: Corviknight|79\/100\n|\n|upkeep\n|turn|27\n|\n|t:|1699916284\n|switch|p2a: Toxapex|Toxapex, M|70\/100\n|move|p1a: Ta-da!|U-turn|p2a: Toxapex\n|-resisted|p2a: Toxapex\n|-damage|p2a: Toxapex|63\/100\n|\n|t:|1699916290\n|switch|p1a: Enamorus|Enamorus, F|100\/100|[from] U-turn\n|\n|upkeep\n|turn|28\n|\n|t:|1699916295\n|switch|p2a: Blissey|Blissey, F|89\/100\n|move|p1a: Enamorus|Earth Power|p2a: Blissey\n|-crit|p2a: Blissey\n|-damage|p2a: Blissey|71\/100\n|-unboost|p2a: Blissey|spd|1\n|\n|upkeep\n|turn|29\n|\n|t:|1699916304\n|switch|p2a: Corviknight|Corviknight, F|79\/100\n|-ability|p2a: Corviknight|Pressure\n|move|p1a: Enamorus|Moonblast|p2a: Corviknight\n|-resisted|p2a: Corviknight\n|-damage|p2a: Corviknight|56\/100\n|-unboost|p2a: Corviknight|spa|1\n|\n|upkeep\n|turn|30\n|\n|t:|1699916318\n|switch|p2a: Blissey|Blissey, F|71\/100\n|move|p1a: Enamorus|Mystical Fire|p2a: Blissey\n|-damage|p2a: Blissey|60\/100\n|-unboost|p2a: Blissey|spa|1\n|\n|upkeep\n|turn|31\n|\n|t:|1699916340\n|move|p1a: Enamorus|Moonblast|p2a: Blissey\n|-damage|p2a: Blissey|43\/100\n|move|p2a: Blissey|Soft-Boiled|p2a: Blissey\n|-heal|p2a: Blissey|94\/100\n|\n|upkeep\n|turn|32\n|\n|t:|1699916347\n|move|p1a: Enamorus|Moonblast|p2a: Blissey\n|-damage|p2a: Blissey|76\/100\n|move|p2a: Blissey|Calm Mind|p2a: Blissey\n|-boost|p2a: Blissey|spa|1\n|-boost|p2a: Blissey|spd|1\n|\n|upkeep\n|turn|33\n|\n|t:|1699916356\n|switch|p1a: Zamazenta|Zamazenta|91\/100\n|switch|p2a: Toxapex|Toxapex, M|97\/100\n|\n|upkeep\n|turn|34\n|\n|t:|1699916363\n|switch|p1a: Iron Treads|Iron Treads|100\/100\n|move|p2a: Toxapex|Toxic|p1a: Iron Treads\n|-immune|p1a: Iron Treads\n|\n|upkeep\n|turn|35\n|\n|t:|1699916369\n|switch|p2a: Corviknight|Corviknight, F|56\/100\n|-ability|p2a: Corviknight|Pressure\n|move|p1a: Iron Treads|Stealth Rock|p2a: Corviknight\n|-sidestart|p2: Violet Mask|move: Stealth Rock\n|\n|upkeep\n|turn|36\n|\n|t:|1699916375\n|-end|p1a: Iron Treads|Quark Drive|[silent]\n|switch|p1a: Zamazenta|Zamazenta|91\/100\n|move|p2a: Corviknight|Defog|p1a: Zamazenta\n|-unboost|p1a: Zamazenta|evasion|1\n|-sideend|p2: Violet Mask|Stealth Rock|[from] move: Defog|[of] p2a: Corviknight\n|\n|upkeep\n|turn|37\n|\n|t:|1699916382\n|move|p1a: Zamazenta|Body Press|p2a: Corviknight\n|-damage|p2a: Corviknight|30\/100\n|-damage|p1a: Zamazenta|81\/100|[from] item: Life Orb\n|move|p2a: Corviknight|Roost|p2a: Corviknight\n|-heal|p2a: Corviknight|80\/100\n|-singleturn|p2a: Corviknight|move: Roost\n|\n|upkeep\n|turn|38\n|l| benjababy\n|\n|t:|1699916390\n|move|p1a: Zamazenta|Iron Defense|p1a: Zamazenta\n|-boost|p1a: Zamazenta|def|2\n|move|p2a: Corviknight|Iron Defense|p2a: Corviknight\n|-boost|p2a: Corviknight|def|2\n|\n|upkeep\n|turn|39\n|\n|t:|1699916395\n|move|p1a: Zamazenta|Iron Defense|p1a: Zamazenta\n|-boost|p1a: Zamazenta|def|2\n|move|p2a: Corviknight|Body Press|p1a: Zamazenta\n|-damage|p1a: Zamazenta|68\/100\n|\n|upkeep\n|turn|40\n|\n|t:|1699916401\n|switch|p2a: Toxapex|Toxapex, M|100\/100\n|move|p1a: Zamazenta|Body Press|p2a: Toxapex\n|-resisted|p2a: Toxapex\n|-damage|p2a: Toxapex|65\/100\n|-damage|p1a: Zamazenta|58\/100|[from] item: Life Orb\n|\n|upkeep\n|turn|41\n|\n|t:|1699916408\n|move|p1a: Zamazenta|Psychic Fangs|p2a: Toxapex\n|-supereffective|p2a: Toxapex\n|-damage|p2a: Toxapex|25\/100\n|-damage|p1a: Zamazenta|48\/100|[from] item: Life Orb\n|move|p2a: Toxapex|Recover|p2a: Toxapex\n|-heal|p2a: Toxapex|75\/100\n|\n|upkeep\n|turn|42\n|\n|t:|1699916415\n|move|p1a: Zamazenta|Psychic Fangs|p2a: Toxapex\n|-supereffective|p2a: Toxapex\n|-damage|p2a: Toxapex|37\/100\n|-damage|p1a: Zamazenta|38\/100|[from] item: Life Orb\n|move|p2a: Toxapex|Toxic|p1a: Zamazenta\n|-status|p1a: Zamazenta|tox\n|\n|-damage|p1a: Zamazenta|32\/100 tox|[from] psn\n|upkeep\n|turn|43\n|\n|t:|1699916422\n|switch|p2a: Skeledirge|Skeledirge, M|100\/100\n|move|p1a: Zamazenta|Iron Defense|p1a: Zamazenta\n|-boost|p1a: Zamazenta|def|2\n|\n|-damage|p1a: Zamazenta|20\/100 tox|[from] psn\n|upkeep\n|turn|44\n|\n|t:|1699916431\n|switch|p2a: Toxapex|Toxapex, M|70\/100\n|move|p1a: Zamazenta|Crunch|p2a: Toxapex\n|-damage|p2a: Toxapex|50\/100\n|-damage|p1a: Zamazenta|10\/100 tox|[from] item: Life Orb\n|\n|-damage|p1a: Zamazenta|0 fnt|[from] psn\n|faint|p1a: Zamazenta\n|upkeep\n|\n|t:|1699916439\n|switch|p1a: Iron Treads|Iron Treads|100\/100\n|turn|45\n|\n|t:|1699916451\n|switch|p2a: Corviknight|Corviknight, F|80\/100\n|-ability|p2a: Corviknight|Pressure\n|move|p1a: Iron Treads|Knock Off|p2a: Corviknight\n|-damage|p2a: Corviknight|70\/100\n|\n|upkeep\n|turn|46\n|\n|t:|1699916465\n|-end|p1a: Iron Treads|Quark Drive|[silent]\n|switch|p1a: Enamorus|Enamorus, F|100\/100\n|move|p2a: Corviknight|Roost|p2a: Corviknight\n|-heal|p2a: Corviknight|100\/100\n|-singleturn|p2a: Corviknight|move: Roost\n|\n|upkeep\n|turn|47\n|\n|t:|1699916470\n|switch|p2a: Toxapex|Toxapex, M|83\/100\n|move|p1a: Enamorus|Mystical Fire|p2a: Toxapex\n|-resisted|p2a: Toxapex\n|-damage|p2a: Toxapex|73\/100\n|-unboost|p2a: Toxapex|spa|1\n|\n|upkeep\n|turn|48\n|\n|t:|1699916475\n|move|p1a: Enamorus|Earth Power|p2a: Toxapex\n|-supereffective|p2a: Toxapex\n|-damage|p2a: Toxapex|24\/100\n|move|p2a: Toxapex|Toxic|p1a: Enamorus\n|-status|p1a: Enamorus|tox\n|\n|-damage|p1a: Enamorus|95\/100 tox|[from] psn\n|upkeep\n|turn|49\n|\n|t:|1699916485\n|switch|p2a: Blissey|Blissey, F|76\/100\n|-terastallize|p1a: Enamorus|Fairy\n|move|p1a: Enamorus|Moonblast|p2a: Blissey\n|-damage|p2a: Blissey|51\/100\n|-unboost|p2a: Blissey|spa|1\n|\n|-damage|p1a: Enamorus|83\/100 tox|[from] psn\n|upkeep\n|turn|50\n|\n|t:|1699916495\n|switch|p1a: Iron Treads|Iron Treads|100\/100\n|move|p2a: Blissey|Soft-Boiled|p2a: Blissey\n|-heal|p2a: Blissey|100\/100\n|\n|upkeep\n|turn|51\n|\n|t:|1699916514\n|-end|p1a: Iron Treads|Quark Drive|[silent]\n|switch|p1a: Enamorus|Enamorus, F, tera:Fairy|83\/100 tox\n|switch|p2a: Corviknight|Corviknight, F|100\/100\n|-ability|p2a: Corviknight|Pressure\n|\n|-damage|p1a: Enamorus|77\/100 tox|[from] psn\n|upkeep\n|turn|52\n|\n|t:|1699916519\n|switch|p2a: Toxapex|Toxapex, M|57\/100\n|move|p1a: Enamorus|Moonblast|p2a: Toxapex\n|-resisted|p2a: Toxapex\n|-damage|p2a: Toxapex|28\/100\n|-unboost|p2a: Toxapex|spa|1\n|\n|-damage|p1a: Enamorus|65\/100 tox|[from] psn\n|upkeep\n|turn|53\n|\n|t:|1699916527\n|switch|p2a: Blissey|Blissey, F|100\/100\n|move|p1a: Enamorus|Moonblast|p2a: Blissey\n|-damage|p2a: Blissey|78\/100\n|\n|-damage|p1a: Enamorus|47\/100 tox|[from] psn\n|upkeep\n|turn|54\n|\n|t:|1699916550\n|switch|p1a: Ta-da!|Meowscarada, M|100\/100\n|move|p2a: Blissey|Focus Blast|p1a: Ta-da!\n|-supereffective|p1a: Ta-da!\n|-damage|p1a: Ta-da!|33\/100\n|\n|upkeep\n|turn|55\n|\n|t:|1699916560\n|switch|p2a: Corviknight|Corviknight, F|100\/100\n|-ability|p2a: Corviknight|Pressure\n|move|p1a: Ta-da!|Knock Off|p2a: Corviknight\n|-start|p1a: Ta-da!|typechange|Dark|[from] ability: Protean\n|-damage|p2a: Corviknight|82\/100\n|\n|upkeep\n|turn|56\n|\n|t:|1699916570\n|move|p1a: Ta-da!|Flower Trick|p2a: Corviknight\n|-resisted|p2a: Corviknight\n|-crit|p2a: Corviknight\n|-damage|p2a: Corviknight|77\/100\n|move|p2a: Corviknight|Body Press|p1a: Ta-da!\n|-supereffective|p1a: Ta-da!\n|-damage|p1a: Ta-da!|0 fnt\n|faint|p1a: Ta-da!\n|\n|upkeep\n|-message|MonotoneExcitement forfeited.\n|\n|win|Violet Mask\n|raw|MonotoneExcitement's rating: 1389 &rarr; <strong>1376<\/strong><br \/>(-13 for losing)\n|raw|Violet Mask's rating: 1524 &rarr; <strong>1537<\/strong><br \/>(+13 for winning)\n|l|\u2606MonotoneExcitement\n","uploadtime":1699916583,"views":7,"p1id":"monotoneexcitement","p2id":"violetmask","formatid":"gen9ou","rating":1376,"private":0,"password":""}