{"id":"gen9ou-1998209344","p1":"endersOverlord","p2":"Tails185","format":"[Gen 9] OU","log":"|j|\u2606endersOverlord\n|j|\u2606Tails185\n|t:|1700913054\n|gametype|singles\n|player|p1|endersOverlord|colress|\n|player|p2|Tails185|steven|\n|teamsize|p1|6\n|teamsize|p2|6\n|gen|9\n|tier|[Gen 9] OU\n|rule|Sleep Clause Mod: Limit one foe put to sleep\n|rule|Species Clause: Limit one of each Pok\u00e9mon\n|rule|OHKO Clause: OHKO moves are banned\n|rule|Evasion Items Clause: Evasion items are banned\n|rule|Evasion Moves Clause: Evasion moves are banned\n|rule|Endless Battle Clause: Forcing endless battles is banned\n|rule|HP Percentage Mod: HP is shown in percentages\n|clearpoke\n|poke|p1|Rotom-Wash|\n|poke|p1|Tinkaton, F|\n|poke|p1|Iron Hands|\n|poke|p1|Hydreigon, F|\n|poke|p1|Iron Moth|\n|poke|p1|Ogerpon, F|\n|poke|p2|Walking Wake|\n|poke|p2|Pelipper, F|\n|poke|p2|Quaquaval, F|\n|poke|p2|Greninja-*, F|\n|poke|p2|Azumarill, F|\n|poke|p2|Rotom-Wash|\n|teampreview\n|inactive|Battle timer is ON: inactive players will automatically lose when time's up. (requested by Tails185)\n|\n|t:|1700913072\n|start\n|switch|p1a: Cal-Gone|Rotom-Wash|100\/100\n|switch|p2a: Flappy|Pelipper, F, shiny|100\/100\n|-weather|RainDance|[from] ability: Drizzle|[of] p2a: Flappy\n|turn|1\n|\n|t:|1700913080\n|move|p1a: Cal-Gone|Electric Terrain|p1a: Cal-Gone\n|-fieldstart|move: Electric Terrain\n|move|p2a: Flappy|U-turn|p1a: Cal-Gone\n|-damage|p1a: Cal-Gone|93\/100\n|\n|t:|1700913095\n|switch|p2a: Poisonous dinner|Greninja, F, shiny|100\/100|[from] U-turn\n|\n|-weather|RainDance|[upkeep]\n|upkeep\n|turn|2\n|\n|t:|1700913103\n|move|p2a: Poisonous dinner|Dark Pulse|p1a: Cal-Gone\n|-start|p2a: Poisonous dinner|typechange|Dark|[from] ability: Protean\n|-damage|p1a: Cal-Gone|40\/100\n|-damage|p2a: Poisonous dinner|91\/100|[from] item: Life Orb\n|move|p1a: Cal-Gone|Volt Switch|p2a: Poisonous dinner\n|-damage|p2a: Poisonous dinner|54\/100\n|\n|t:|1700913111\n|switch|p1a: Mr. Electric|Iron Hands|100\/100|[from] Volt Switch\n|-activate|p1a: Mr. Electric|ability: Quark Drive\n|-start|p1a: Mr. Electric|quarkdrivedef\n|\n|-weather|RainDance|[upkeep]\n|upkeep\n|turn|3\n|\n|t:|1700913121\n|move|p2a: Poisonous dinner|Hydro Pump|p1a: Mr. Electric\n|-damage|p1a: Mr. Electric|45\/100\n|-damage|p2a: Poisonous dinner|44\/100|[from] item: Life Orb\n|move|p1a: Mr. Electric|Drain Punch|p2a: Poisonous dinner\n|-supereffective|p2a: Poisonous dinner\n|-damage|p2a: Poisonous dinner|0 fnt\n|-heal|p1a: Mr. Electric|57\/100|[from] drain|[of] p2a: Poisonous dinner\n|faint|p2a: Poisonous dinner\n|\n|-weather|RainDance|[upkeep]\n|-heal|p1a: Mr. Electric|63\/100|[from] item: Leftovers\n|upkeep\n|\n|t:|1700913136\n|switch|p2a: Leviathan|Walking Wake|100\/100\n|-enditem|p2a: Leviathan|Booster Energy\n|-activate|p2a: Leviathan|ability: Protosynthesis|[fromitem]\n|-start|p2a: Leviathan|protosynthesisspa\n|turn|4\n|\n|t:|1700913145\n|-terastallize|p1a: Mr. Electric|Water\n|move|p2a: Leviathan|Surf|p1a: Mr. Electric\n|-resisted|p1a: Mr. Electric\n|-damage|p1a: Mr. Electric|22\/100\n|move|p1a: Mr. Electric|Wild Charge|p2a: Leviathan\n|-damage|p2a: Leviathan|43\/100\n|-damage|p1a: Mr. Electric|12\/100|[from] Recoil\n|\n|-weather|RainDance|[upkeep]\n|-heal|p1a: Mr. Electric|18\/100|[from] item: Leftovers\n|upkeep\n|turn|5\n|\n|t:|1700913157\n|move|p2a: Leviathan|Dragon Pulse|p1a: Mr. Electric\n|-damage|p1a: Mr. Electric|0 fnt\n|faint|p1a: Mr. Electric\n|-end|p1a: Mr. Electric|Quark Drive|[silent]\n|\n|-weather|none\n|upkeep\n|\n|t:|1700913163\n|switch|p1a: Ra-Moon|Iron Moth|100\/100\n|-activate|p1a: Ra-Moon|ability: Quark Drive\n|-start|p1a: Ra-Moon|quarkdrivespa\n|turn|6\n|\n|t:|1700913168\n|move|p1a: Ra-Moon|Energy Ball|p2a: Leviathan\n|-damage|p2a: Leviathan|0 fnt\n|faint|p2a: Leviathan\n|-end|p2a: Leviathan|Protosynthesis|[silent]\n|\n|upkeep\n|\n|t:|1700913176\n|switch|p2a: Flappy|Pelipper, F, shiny|100\/100\n|-weather|RainDance|[from] ability: Drizzle|[of] p2a: Flappy\n|turn|7\n|\n|t:|1700913187\n|move|p1a: Ra-Moon|Energy Ball|p2a: Flappy\n|-damage|p2a: Flappy|16\/100\n|move|p2a: Flappy|U-turn|p1a: Ra-Moon\n|-resisted|p1a: Ra-Moon\n|-damage|p1a: Ra-Moon|97\/100\n|\n|t:|1700913193\n|switch|p2a: First-deckhand|Quaquaval, F|100\/100|[from] U-turn\n|\n|-weather|RainDance|[upkeep]\n|upkeep\n|turn|8\n|\n|t:|1700913198\n|move|p1a: Ra-Moon|Energy Ball|p2a: First-deckhand\n|-supereffective|p2a: First-deckhand\n|-enditem|p2a: First-deckhand|Focus Sash\n|-damage|p2a: First-deckhand|1\/100\n|move|p2a: First-deckhand|Aqua Step|p1a: Ra-Moon\n|-supereffective|p1a: Ra-Moon\n|-damage|p1a: Ra-Moon|0 fnt\n|-boost|p2a: First-deckhand|spe|1\n|faint|p1a: Ra-Moon\n|-end|p1a: Ra-Moon|Quark Drive|[silent]\n|-ability|p2a: First-deckhand|Moxie|boost\n|-boost|p2a: First-deckhand|atk|1\n|\n|-weather|RainDance|[upkeep]\n|-fieldend|move: Electric Terrain\n|upkeep\n|\n|t:|1700913209\n|switch|p1a: Smashy|Ogerpon, F|100\/100\n|turn|9\n|\n|t:|1700913216\n|move|p2a: First-deckhand|Close Combat|p1a: Smashy\n|-damage|p1a: Smashy|0 fnt\n|-unboost|p2a: First-deckhand|def|1\n|-unboost|p2a: First-deckhand|spd|1\n|faint|p1a: Smashy\n|-ability|p2a: First-deckhand|Moxie|boost\n|-boost|p2a: First-deckhand|atk|1\n|\n|-weather|RainDance|[upkeep]\n|upkeep\n|\n|t:|1700913231\n|switch|p1a: Harmonia|Hydreigon, F|100\/100\n|turn|10\n|\n|t:|1700913235\n|move|p2a: First-deckhand|Close Combat|p1a: Harmonia\n|-supereffective|p1a: Harmonia\n|-damage|p1a: Harmonia|0 fnt\n|-unboost|p2a: First-deckhand|def|1\n|-unboost|p2a: First-deckhand|spd|1\n|faint|p1a: Harmonia\n|-ability|p2a: First-deckhand|Moxie|boost\n|-boost|p2a: First-deckhand|atk|1\n|\n|-weather|RainDance|[upkeep]\n|upkeep\n|\n|t:|1700913243\n|switch|p1a: Doubletap|Tinkaton, F|100\/100\n|-ability|p1a: Doubletap|Mold Breaker\n|turn|11\n|\n|t:|1700913250\n|move|p2a: First-deckhand|Aqua Step|p1a: Doubletap\n|-damage|p1a: Doubletap|0 fnt\n|-boost|p2a: First-deckhand|spe|1\n|faint|p1a: Doubletap\n|-ability|p2a: First-deckhand|Moxie|boost\n|-boost|p2a: First-deckhand|atk|1\n|\n|-weather|none\n|upkeep\n|\n|t:|1700913260\n|switch|p1a: Cal-Gone|Rotom-Wash|40\/100\n|turn|12\n|\n|t:|1700913267\n|move|p1a: Cal-Gone|Protect|p1a: Cal-Gone\n|-singleturn|p1a: Cal-Gone|Protect\n|move|p2a: First-deckhand|Aqua Step|p1a: Cal-Gone\n|-activate|p1a: Cal-Gone|move: Protect\n|\n|upkeep\n|turn|13\n|\n|t:|1700913273\n|move|p2a: First-deckhand|Aqua Step|p1a: Cal-Gone\n|-resisted|p1a: Cal-Gone\n|-damage|p1a: Cal-Gone|0 fnt\n|-boost|p2a: First-deckhand|spe|1\n|faint|p1a: Cal-Gone\n|\n|win|Tails185\n","uploadtime":1700913282,"views":1,"p1id":"endersoverlord","p2id":"tails185","formatid":"gen9ou","rating":0,"private":0,"password":""}