{"id":"gen9ou-1990217482","p1":"blled vs feed","p2":"soy bebe","format":"[Gen 9] OU","log":"|j|\u2606blled vs feed\n|j|\u2606soy bebe\n|t:|1699938968\n|gametype|singles\n|player|p1|blled vs feed|misty|1348\n|player|p2|soy bebe|winona-gen3|1429\n|teamsize|p1|6\n|teamsize|p2|6\n|gen|9\n|tier|[Gen 9] OU\n|rated|\n|rule|Sleep Clause Mod: Limit one foe put to sleep\n|rule|Species Clause: Limit one of each Pok\u00e9mon\n|rule|OHKO Clause: OHKO moves are banned\n|rule|Evasion Items Clause: Evasion items are banned\n|rule|Evasion Moves Clause: Evasion moves are banned\n|rule|Endless Battle Clause: Forcing endless battles is banned\n|rule|HP Percentage Mod: HP is shown in percentages\n|clearpoke\n|poke|p1|Talonflame, F|\n|poke|p1|Hatterene, F|\n|poke|p1|Dragapult, F|\n|poke|p1|Great Tusk|\n|poke|p1|Zamazenta-*|\n|poke|p1|Azumarill, F|\n|poke|p2|Politoed, M|\n|poke|p2|Zapdos|\n|poke|p2|Iron Treads|\n|poke|p2|Basculegion-F, F|\n|poke|p2|Quaquaval, M|\n|poke|p2|Meowscarada, F|\n|teampreview\n|inactive|Battle timer is ON: inactive players will automatically lose when time's up. (requested by blled vs feed)\n|\n|t:|1699938983\n|start\n|switch|p1a: Dragapult|Dragapult, F, shiny|100\/100\n|switch|p2a: PoliSwirl~|Politoed, M, shiny|100\/100\n|-weather|RainDance|[from] ability: Drizzle|[of] p2a: PoliSwirl~\n|turn|1\n|\n|t:|1699938991\n|move|p1a: Dragapult|U-turn|p2a: PoliSwirl~\n|-damage|p2a: PoliSwirl~|59\/100\n|\n|t:|1699938993\n|switch|p1a: Azumarill|Azumarill, F|100\/100|[from] U-turn\n|move|p2a: PoliSwirl~|Ice Beam|p1a: Azumarill\n|-resisted|p1a: Azumarill\n|-damage|p1a: Azumarill|91\/100\n|\n|-weather|RainDance|[upkeep]\n|upkeep\n|turn|2\n|\n|t:|1699939004\n|switch|p2a: Tempo|Zapdos, shiny|100\/100\n|move|p1a: Azumarill|Knock Off|p2a: Tempo\n|-damage|p2a: Tempo|64\/100\n|-status|p1a: Azumarill|par|[from] ability: Static|[of] p2a: Tempo\n|-enditem|p2a: Tempo|Heavy-Duty Boots|[from] move: Knock Off|[of] p1a: Azumarill\n|\n|-weather|RainDance|[upkeep]\n|upkeep\n|turn|3\n|\n|t:|1699939015\n|move|p2a: Tempo|Hurricane|p1a: Azumarill\n|-damage|p1a: Azumarill|59\/100 par\n|move|p1a: Azumarill|Liquidation|p2a: Tempo\n|-damage|p2a: Tempo|0 fnt\n|faint|p2a: Tempo\n|\n|-weather|RainDance|[upkeep]\n|upkeep\n|\n|t:|1699939025\n|switch|p2a: Silly Cayt|Meowscarada, F, shiny|100\/100\n|turn|4\n|\n|t:|1699939033\n|switch|p1a: Talonflame|Talonflame, F|100\/100\n|move|p2a: Silly Cayt|U-turn|p1a: Talonflame\n|-start|p2a: Silly Cayt|typechange|Bug|[from] ability: Protean\n|-resisted|p1a: Talonflame\n|-damage|p1a: Talonflame|89\/100\n|-status|p2a: Silly Cayt|brn|[from] ability: Flame Body|[of] p1a: Talonflame\n|\n|t:|1699939045\n|switch|p2a: Golden Girl|Basculegion-F, F, shiny|100\/100|[from] U-turn\n|\n|-weather|RainDance|[upkeep]\n|upkeep\n|turn|5\n|\n|t:|1699939063\n|-terastallize|p2a: Golden Girl|Water\n|move|p2a: Golden Girl|Surf|p1a: Talonflame\n|-supereffective|p1a: Talonflame\n|-damage|p1a: Talonflame|0 fnt\n|faint|p1a: Talonflame\n|\n|-weather|RainDance|[upkeep]\n|upkeep\n|\n|t:|1699939067\n|switch|p1a: Azumarill|Azumarill, F|59\/100 par\n|turn|6\n|\n|t:|1699939072\n|move|p2a: Golden Girl|Surf|p1a: Azumarill\n|-resisted|p1a: Azumarill\n|-crit|p1a: Azumarill\n|-damage|p1a: Azumarill|0 fnt\n|faint|p1a: Azumarill\n|\n|-weather|RainDance|[upkeep]\n|upkeep\n|c|\u2606blled vs feed|crit mattered\n|\n|t:|1699939086\n|switch|p1a: Hatterene|Hatterene, F|100\/100\n|turn|7\n|\n|t:|1699939094\n|-terastallize|p1a: Hatterene|Water\n|move|p2a: Golden Girl|Surf|p1a: Hatterene\n|-resisted|p1a: Hatterene\n|-damage|p1a: Hatterene|28\/100\n|-enditem|p1a: Hatterene|Red Card|[of] p2a: Golden Girl\n|drag|p2a: Quavo|Quaquaval, M, shiny|100\/100\n|move|p1a: Hatterene|Calm Mind|p1a: Hatterene\n|-boost|p1a: Hatterene|spa|1\n|-boost|p1a: Hatterene|spd|1\n|\n|-weather|RainDance|[upkeep]\n|upkeep\n|turn|8\n|\n|t:|1699939112\n|move|p2a: Quavo|Aqua Step|p1a: Hatterene\n|-resisted|p1a: Hatterene\n|-damage|p1a: Hatterene|0 fnt\n|-boost|p2a: Quavo|spe|1\n|faint|p1a: Hatterene\n|-ability|p2a: Quavo|Moxie|boost\n|-boost|p2a: Quavo|atk|1\n|\n|-weather|none\n|upkeep\n|\n|t:|1699939117\n|switch|p1a: Dragapult|Dragapult, F, shiny|100\/100\n|turn|9\n|\n|t:|1699939120\n|move|p2a: Quavo|Knock Off|p1a: Dragapult\n|-supereffective|p1a: Dragapult\n|-damage|p1a: Dragapult|0 fnt\n|-enditem|p1a: Dragapult|Choice Band|[from] move: Knock Off|[of] p2a: Quavo\n|faint|p1a: Dragapult\n|-ability|p2a: Quavo|Moxie|boost\n|-boost|p2a: Quavo|atk|1\n|\n|upkeep\n|-message|blled vs feed forfeited.\n|\n|win|soy bebe\n|raw|blled vs feed's rating: 1348 &rarr; <strong>1333<\/strong><br \/>(-15 for losing)\n|raw|soy bebe's rating: 1429 &rarr; <strong>1444<\/strong><br \/>(+15 for winning)\n|l|\u2606blled vs feed\n","uploadtime":1699939146,"views":9,"p1id":"blledvsfeed","p2id":"soybebe","formatid":"gen9ou","rating":1333,"private":0,"password":""}