{"id":"gen9ou-1999446822","p1":"Hhhhhhhhhh1","p2":"Lawrence1307","format":"[Gen 9] OU","log":"|j|\u2606Hhhhhhhhhh1\n|j|\u2606Lawrence1307\n|t:|1701081912\n|gametype|singles\n|player|p1|Hhhhhhhhhh1|steven|1029\n|player|p2|Lawrence1307|veteran|1099\n|teamsize|p1|6\n|teamsize|p2|6\n|gen|9\n|tier|[Gen 9] OU\n|rated|\n|rule|Sleep Clause Mod: Limit one foe put to sleep\n|rule|Species Clause: Limit one of each Pok\u00e9mon\n|rule|OHKO Clause: OHKO moves are banned\n|rule|Evasion Items Clause: Evasion items are banned\n|rule|Evasion Moves Clause: Evasion moves are banned\n|rule|Endless Battle Clause: Forcing endless battles is banned\n|rule|HP Percentage Mod: HP is shown in percentages\n|clearpoke\n|poke|p1|Heracross, M|\n|poke|p1|Salamence, M|\n|poke|p1|Charizard, M|\n|poke|p1|Gardevoir, F|\n|poke|p1|Zoroark, F|\n|poke|p1|Abomasnow, M|\n|poke|p2|Gardevoir, F|\n|poke|p2|Walking Wake|\n|poke|p2|Skeledirge, M|\n|poke|p2|Amoonguss, M|\n|poke|p2|Ting-Lu|\n|poke|p2|Kingambit, M|\n|teampreview\n|\n|t:|1701081929\n|start\n|switch|p1a: Salamence|Salamence, M|100\/100\n|switch|p2a: Amoonguss|Amoonguss, M|100\/100\n|-ability|p1a: Salamence|Intimidate|boost\n|-unboost|p2a: Amoonguss|atk|1\n|turn|1\n|\n|t:|1701081938\n|move|p1a: Salamence|Hurricane|p2a: Amoonguss\n|-supereffective|p2a: Amoonguss\n|-damage|p2a: Amoonguss|26\/100\n|move|p2a: Amoonguss|Toxic|p1a: Salamence\n|-status|p1a: Salamence|tox\n|\n|-heal|p2a: Amoonguss|33\/100|[from] item: Black Sludge\n|-damage|p1a: Salamence|94\/100 tox|[from] psn\n|upkeep\n|turn|2\n|\n|t:|1701081958\n|switch|p2a: Ting-Lu|Ting-Lu|100\/100\n|-ability|p2a: Ting-Lu|Vessel of Ruin\n|move|p1a: Salamence|Hurricane|p2a: Ting-Lu\n|-damage|p2a: Ting-Lu|74\/100\n|-start|p2a: Ting-Lu|confusion\n|\n|-heal|p2a: Ting-Lu|80\/100|[from] item: Leftovers\n|-damage|p1a: Salamence|82\/100 tox|[from] psn\n|upkeep\n|turn|3\n|\n|t:|1701081976\n|move|p1a: Salamence|Hydro Pump|p2a: Ting-Lu\n|-supereffective|p2a: Ting-Lu\n|-damage|p2a: Ting-Lu|49\/100\n|-activate|p2a: Ting-Lu|confusion\n|move|p2a: Ting-Lu|Ruination|p1a: Salamence\n|-damage|p1a: Salamence|41\/100 tox\n|\n|-heal|p2a: Ting-Lu|55\/100|[from] item: Leftovers\n|-damage|p1a: Salamence|23\/100 tox|[from] psn\n|upkeep\n|turn|4\n|\n|t:|1701081987\n|move|p1a: Salamence|Hurricane|p2a: Ting-Lu|[miss]\n|-miss|p1a: Salamence|p2a: Ting-Lu\n|-end|p2a: Ting-Lu|confusion\n|move|p2a: Ting-Lu|Earthquake|p1a: Salamence\n|-immune|p1a: Salamence\n|\n|-heal|p2a: Ting-Lu|62\/100|[from] item: Leftovers\n|-damage|p1a: Salamence|0 fnt|[from] psn\n|faint|p1a: Salamence\n|upkeep\n|\n|t:|1701082011\n|switch|p1a: Charizard|Charizard, M|100\/100\n|turn|5\n|\n|t:|1701082019\n|switch|p2a: Walking Wake|Walking Wake|100\/100\n|move|p1a: Charizard|Hurricane|p2a: Walking Wake\n|-damage|p2a: Walking Wake|53\/100\n|\n|upkeep\n|turn|6\n|\n|t:|1701082030\n|-terastallize|p1a: Charizard|Grass\n|move|p2a: Walking Wake|Hydro Steam|p1a: Charizard\n|-resisted|p1a: Charizard\n|-damage|p1a: Charizard|81\/100\n|move|p1a: Charizard|Dragon Pulse|p2a: Walking Wake\n|-supereffective|p2a: Walking Wake\n|-damage|p2a: Walking Wake|0 fnt\n|faint|p2a: Walking Wake\n|-end|p2a: Walking Wake|Protosynthesis|[silent]\n|\n|upkeep\n|\n|t:|1701082042\n|switch|p2a: Skeledirge|Skeledirge, M|100\/100\n|turn|7\n|\n|t:|1701082052\n|switch|p1a: Gardevoir|Gardevoir, F|100\/100\n|move|p2a: Skeledirge|Torch Song|p1a: Gardevoir\n|-damage|p1a: Gardevoir|55\/100\n|-boost|p2a: Skeledirge|spa|1\n|replace|p1a: Zoroark|Zoroark, F\n|-end|p1a: Zoroark|Illusion\n|-enditem|p2a: Skeledirge|Throat Spray\n|-boost|p2a: Skeledirge|spa|1|[from] item: Throat Spray\n|\n|upkeep\n|turn|8\n|\n|t:|1701082065\n|move|p1a: Zoroark|Dark Pulse|p2a: Skeledirge\n|-supereffective|p2a: Skeledirge\n|-damage|p2a: Skeledirge|28\/100\n|move|p2a: Skeledirge|Shadow Ball|p1a: Zoroark\n|-resisted|p1a: Zoroark\n|-damage|p1a: Zoroark|10\/100\n|\n|upkeep\n|turn|9\n|\n|t:|1701082076\n|switch|p2a: Ting-Lu|Ting-Lu|62\/100\n|-ability|p2a: Ting-Lu|Vessel of Ruin\n|move|p1a: Zoroark|Dark Pulse|p2a: Ting-Lu\n|-resisted|p2a: Ting-Lu\n|-damage|p2a: Ting-Lu|51\/100\n|\n|-heal|p2a: Ting-Lu|58\/100|[from] item: Leftovers\n|upkeep\n|turn|10\n|\n|t:|1701082088\n|move|p1a: Zoroark|Focus Blast|p2a: Ting-Lu|[miss]\n|-miss|p1a: Zoroark|p2a: Ting-Lu\n|move|p2a: Ting-Lu|Earthquake|p1a: Zoroark\n|-damage|p1a: Zoroark|0 fnt\n|faint|p1a: Zoroark\n|\n|-heal|p2a: Ting-Lu|64\/100|[from] item: Leftovers\n|upkeep\n|\n|t:|1701082117\n|switch|p1a: Charizard|Charizard, M, tera:Grass|81\/100\n|turn|11\n|\n|t:|1701082124\n|move|p1a: Charizard|Hurricane|p2a: Ting-Lu\n|-damage|p2a: Ting-Lu|37\/100\n|move|p2a: Ting-Lu|Ruination|p1a: Charizard\n|-damage|p1a: Charizard|41\/100\n|\n|-heal|p2a: Ting-Lu|43\/100|[from] item: Leftovers\n|upkeep\n|turn|12\n|\n|t:|1701082138\n|switch|p2a: Amoonguss|Amoonguss, M|66\/100\n|move|p1a: Charizard|Hurricane|p2a: Amoonguss\n|-supereffective|p2a: Amoonguss\n|-damage|p2a: Amoonguss|0 fnt\n|faint|p2a: Amoonguss\n|\n|upkeep\n|\n|t:|1701082149\n|switch|p2a: Ting-Lu|Ting-Lu|43\/100\n|-ability|p2a: Ting-Lu|Vessel of Ruin\n|turn|13\n|\n|t:|1701082174\n|move|p1a: Charizard|Hurricane|p2a: Ting-Lu|[miss]\n|-miss|p1a: Charizard|p2a: Ting-Lu\n|move|p2a: Ting-Lu|Ruination|p1a: Charizard\n|-damage|p1a: Charizard|21\/100\n|\n|-heal|p2a: Ting-Lu|49\/100|[from] item: Leftovers\n|upkeep\n|turn|14\n|\n|t:|1701082204\n|move|p1a: Charizard|Hurricane|p2a: Ting-Lu\n|-damage|p2a: Ting-Lu|21\/100\n|move|p2a: Ting-Lu|Whirlwind|p1a: Charizard\n|drag|p1a: Abomasnow|Abomasnow, M|100\/100\n|-weather|Snow|[from] ability: Snow Warning|[of] p1a: Abomasnow\n|\n|-weather|Snow|[upkeep]\n|-heal|p2a: Ting-Lu|27\/100|[from] item: Leftovers\n|upkeep\n|turn|15\n|\n|t:|1701082218\n|switch|p2a: Skeledirge|Skeledirge, M|28\/100\n|move|p1a: Abomasnow|Leaf Storm|p2a: Skeledirge\n|-resisted|p2a: Skeledirge\n|-damage|p2a: Skeledirge|3\/100\n|-unboost|p1a: Abomasnow|spa|2\n|\n|-weather|Snow|[upkeep]\n|upkeep\n|turn|16\n|\n|t:|1701082233\n|move|p1a: Abomasnow|Giga Drain|p2a: Skeledirge\n|-resisted|p2a: Skeledirge\n|-damage|p2a: Skeledirge|0 fnt\n|faint|p2a: Skeledirge\n|\n|-weather|Snow|[upkeep]\n|upkeep\n|\n|t:|1701082244\n|switch|p2a: Ting-Lu|Ting-Lu|27\/100\n|-ability|p2a: Ting-Lu|Vessel of Ruin\n|turn|17\n|\n|t:|1701082249\n|move|p1a: Abomasnow|Leaf Storm|p2a: Ting-Lu\n|-supereffective|p2a: Ting-Lu\n|-damage|p2a: Ting-Lu|0 fnt\n|-unboost|p1a: Abomasnow|spa|2\n|faint|p2a: Ting-Lu\n|\n|-weather|Snow|[upkeep]\n|upkeep\n|\n|t:|1701082258\n|switch|p2a: Gardevoir|Gardevoir, F|100\/100\n|-ability|p2a: Gardevoir|Snow Warning|[from] ability: Trace|[of] p1a: Abomasnow\n|turn|18\n|\n|t:|1701082274\n|move|p2a: Gardevoir|Future Sight|p1a: Abomasnow\n|-start|p2a: Gardevoir|move: Future Sight\n|move|p1a: Abomasnow|Blizzard|p2a: Gardevoir\n|-damage|p2a: Gardevoir|85\/100\n|\n|-weather|none\n|upkeep\n|turn|19\n|\n|t:|1701082284\n|move|p2a: Gardevoir|Moonblast|p1a: Abomasnow\n|-damage|p1a: Abomasnow|62\/100\n|move|p1a: Abomasnow|Blizzard|p2a: Gardevoir|[miss]\n|-miss|p1a: Abomasnow|p2a: Gardevoir\n|\n|upkeep\n|turn|20\n|\n|t:|1701082291\n|move|p2a: Gardevoir|Moonblast|p1a: Abomasnow\n|-damage|p1a: Abomasnow|25\/100\n|move|p1a: Abomasnow|Leaf Storm|p2a: Gardevoir\n|-damage|p2a: Gardevoir|68\/100\n|-unboost|p1a: Abomasnow|spa|2\n|\n|-end|p1a: Abomasnow|move: Future Sight\n|-damage|p1a: Abomasnow|0 fnt\n|faint|p1a: Abomasnow\n|upkeep\n|\n|t:|1701082315\n|switch|p1a: Heracross|Heracross, M|100\/100\n|turn|21\n|\n|t:|1701082323\n|move|p2a: Gardevoir|Moonblast|p1a: Heracross\n|-supereffective|p1a: Heracross\n|-crit|p1a: Heracross\n|-damage|p1a: Heracross|0 fnt\n|faint|p1a: Heracross\n|\n|upkeep\n|\n|t:|1701082330\n|switch|p1a: Gardevoir|Gardevoir, F|100\/100\n|turn|22\n|\n|t:|1701082337\n|switch|p2a: Kingambit|Kingambit, M|100\/100\n|-activate|p2a: Kingambit|ability: Supreme Overlord\n|-start|p2a: Kingambit|fallen4|[silent]\n|move|p1a: Gardevoir|Moonblast|p2a: Kingambit\n|-damage|p2a: Kingambit|60\/100\n|\n|upkeep\n|turn|23\n|\n|t:|1701082347\n|move|p1a: Gardevoir|Moonblast|p2a: Kingambit\n|-damage|p2a: Kingambit|19\/100\n|move|p2a: Kingambit|Kowtow Cleave|p1a: Gardevoir\n|-damage|p1a: Gardevoir|0 fnt\n|faint|p1a: Gardevoir\n|\n|upkeep\n|\n|t:|1701082356\n|switch|p1a: Charizard|Charizard, M, tera:Grass|21\/100\n|turn|24\n|\n|t:|1701082362\n|-terastallize|p2a: Kingambit|Dark\n|move|p2a: Kingambit|Sucker Punch|p1a: Charizard\n|-damage|p1a: Charizard|0 fnt\n|faint|p1a: Charizard\n|\n|win|Lawrence1307\n|raw|Hhhhhhhhhh1's rating: 1029 &rarr; <strong>1018<\/strong><br \/>(-11 for losing)\n|raw|Lawrence1307's rating: 1099 &rarr; <strong>1119<\/strong><br \/>(+20 for winning)\n","uploadtime":1701082372,"views":6,"p1id":"hhhhhhhhhh1","p2id":"lawrence1307","formatid":"gen9ou","rating":1018,"private":0,"password":""}