{"id":"gen9ou-1989577482","p1":"SouzinhaAPELAO","p2":"Shinkuu8","format":"[Gen 9] OU","log":"|j|\u2606SouzinhaAPELAO\n|j|\u2606Shinkuu8\n|t:|1699873962\n|gametype|singles\n|player|p1|SouzinhaAPELAO|gentleman-gen4|1318\n|player|p2|Shinkuu8|clair|1363\n|teamsize|p1|6\n|teamsize|p2|6\n|gen|9\n|tier|[Gen 9] OU\n|rated|\n|rule|Sleep Clause Mod: Limit one foe put to sleep\n|rule|Species Clause: Limit one of each Pok\u00e9mon\n|rule|OHKO Clause: OHKO moves are banned\n|rule|Evasion Items Clause: Evasion items are banned\n|rule|Evasion Moves Clause: Evasion moves are banned\n|rule|Endless Battle Clause: Forcing endless battles is banned\n|rule|HP Percentage Mod: HP is shown in percentages\n|clearpoke\n|poke|p1|Walking Wake|\n|poke|p1|Maushold-Four|\n|poke|p1|Dragonite, F|\n|poke|p1|Weezing-Galar, M|\n|poke|p1|Great Tusk|\n|poke|p1|Muk-Alola, F|\n|poke|p2|Ceruledge, M|\n|poke|p2|Ninetales-Alola, F|\n|poke|p2|Meowscarada, M|\n|poke|p2|Volcanion|\n|poke|p2|Great Tusk|\n|poke|p2|Zapdos|\n|teampreview\n|inactive|Battle timer is ON: inactive players will automatically lose when time's up. (requested by Shinkuu8)\n|\n|t:|1699873977\n|start\n|switch|p1a: Muk|Muk-Alola, F|100\/100\n|switch|p2a: Ninetales|Ninetales-Alola, F|100\/100\n|-weather|Snow|[from] ability: Snow Warning|[of] p2a: Ninetales\n|turn|1\n|\n|t:|1699873985\n|switch|p2a: Great Tusk|Great Tusk|100\/100\n|move|p1a: Muk|Poison Jab|p2a: Great Tusk\n|-resisted|p2a: Great Tusk\n|-damage|p2a: Great Tusk|94\/100\n|\n|-weather|Snow|[upkeep]\n|-heal|p2a: Great Tusk|99\/100|[from] item: Leftovers\n|upkeep\n|turn|2\n|\n|t:|1699873998\n|switch|p1a: Dragonite|Dragonite, F|100\/100\n|move|p2a: Great Tusk|Stealth Rock|p1a: Dragonite\n|-sidestart|p1: SouzinhaAPELAO|move: Stealth Rock\n|\n|-weather|Snow|[upkeep]\n|-heal|p2a: Great Tusk|100\/100|[from] item: Leftovers\n|upkeep\n|turn|3\n|\n|t:|1699874011\n|-end|p2a: Great Tusk|Protosynthesis|[silent]\n|switch|p2a: Ninetales|Ninetales-Alola, F|100\/100\n|move|p1a: Dragonite|Ice Spinner|p2a: Ninetales\n|-resisted|p2a: Ninetales\n|-damage|p2a: Ninetales|78\/100\n|\n|-weather|Snow|[upkeep]\n|upkeep\n|turn|4\n|\n|t:|1699874021\n|switch|p1a: Muk|Muk-Alola, F|100\/100\n|-damage|p1a: Muk|88\/100|[from] Stealth Rock\n|move|p2a: Ninetales|Freeze-Dry|p1a: Muk\n|-damage|p1a: Muk|72\/100\n|\n|-weather|Snow|[upkeep]\n|-heal|p1a: Muk|78\/100|[from] item: Black Sludge\n|upkeep\n|turn|5\n|\n|t:|1699874030\n|move|p2a: Ninetales|Moonblast|p1a: Muk\n|-crit|p1a: Muk\n|-damage|p1a: Muk|47\/100\n|move|p1a: Muk|Knock Off|p2a: Ninetales\n|-resisted|p2a: Ninetales\n|-damage|p2a: Ninetales|61\/100\n|-enditem|p2a: Ninetales|Heavy-Duty Boots|[from] move: Knock Off|[of] p1a: Muk\n|\n|-weather|none\n|-heal|p1a: Muk|53\/100|[from] item: Black Sludge\n|upkeep\n|turn|6\n|\n|t:|1699874039\n|switch|p2a: Great Tusk|Great Tusk|100\/100\n|move|p1a: Muk|Poison Jab|p2a: Great Tusk\n|-resisted|p2a: Great Tusk\n|-damage|p2a: Great Tusk|94\/100\n|\n|-heal|p2a: Great Tusk|99\/100|[from] item: Leftovers\n|-heal|p1a: Muk|59\/100|[from] item: Black Sludge\n|upkeep\n|turn|7\n|\n|t:|1699874053\n|switch|p1a: Dragonite|Dragonite, F|100\/100\n|-damage|p1a: Dragonite|76\/100|[from] Stealth Rock\n|move|p2a: Great Tusk|Earthquake|p1a: Dragonite\n|-immune|p1a: Dragonite\n|\n|-heal|p2a: Great Tusk|100\/100|[from] item: Leftovers\n|upkeep\n|turn|8\n|\n|t:|1699874068\n|-end|p2a: Great Tusk|Protosynthesis|[silent]\n|switch|p2a: Zapdos|Zapdos|100\/100\n|move|p1a: Dragonite|Ice Spinner|p2a: Zapdos\n|-supereffective|p2a: Zapdos\n|-damage|p2a: Zapdos|18\/100\n|\n|upkeep\n|turn|9\n|\n|t:|1699874079\n|switch|p2a: Volcanion|Volcanion|100\/100\n|move|p1a: Dragonite|Ice Spinner|p2a: Volcanion\n|-resisted|p2a: Volcanion\n|-damage|p2a: Volcanion|91\/100\n|\n|upkeep\n|turn|10\n|\n|t:|1699874086\n|switch|p1a: Muk|Muk-Alola, F|59\/100\n|-damage|p1a: Muk|47\/100|[from] Stealth Rock\n|move|p2a: Volcanion|Steam Eruption|p1a: Muk\n|-damage|p1a: Muk|7\/100\n|\n|-heal|p1a: Muk|13\/100|[from] item: Black Sludge\n|upkeep\n|turn|11\n|\n|t:|1699874099\n|move|p1a: Muk|Protect|p1a: Muk\n|-singleturn|p1a: Muk|Protect\n|move|p2a: Volcanion|Steam Eruption|p1a: Muk\n|-activate|p1a: Muk|move: Protect\n|\n|-heal|p1a: Muk|19\/100|[from] item: Black Sludge\n|upkeep\n|turn|12\n|\n|t:|1699874108\n|move|p2a: Volcanion|Steam Eruption|p1a: Muk\n|-damage|p1a: Muk|0 fnt\n|faint|p1a: Muk\n|\n|upkeep\n|\n|t:|1699874124\n|switch|p1a: Maushold|Maushold-Four|100\/100\n|-damage|p1a: Maushold|88\/100|[from] Stealth Rock\n|turn|13\n|\n|t:|1699874135\n|move|p1a: Maushold|Tidy Up|p1a: Maushold\n|-sideend|p1: SouzinhaAPELAO|Stealth Rock\n|-activate|p1a: Maushold|move: Tidy Up\n|-boost|p1a: Maushold|atk|1\n|-boost|p1a: Maushold|spe|1\n|move|p2a: Volcanion|Steam Eruption|p1a: Maushold\n|-damage|p1a: Maushold|2\/100\n|\n|upkeep\n|turn|14\n|\n|t:|1699874149\n|move|p1a: Maushold|Population Bomb|p2a: Volcanion\n|-crit|p2a: Volcanion\n|-damage|p2a: Volcanion|70\/100\n|-damage|p2a: Volcanion|55\/100\n|-damage|p2a: Volcanion|41\/100\n|-damage|p2a: Volcanion|27\/100\n|-damage|p2a: Volcanion|11\/100\n|-damage|p2a: Volcanion|0 fnt\n|faint|p2a: Volcanion\n|-hitcount|p2: Volcanion|6\n|\n|upkeep\n|\n|t:|1699874156\n|switch|p2a: Meowscarada|Meowscarada, M|100\/100\n|turn|15\n|\n|t:|1699874165\n|move|p2a: Meowscarada|U-turn|p1a: Maushold\n|-start|p2a: Meowscarada|typechange|Bug|[from] ability: Protean\n|-damage|p1a: Maushold|0 fnt\n|faint|p1a: Maushold\n|\n|t:|1699874171\n|switch|p2a: Ninetales|Ninetales-Alola, F|61\/100|[from] U-turn\n|-weather|Snow|[from] ability: Snow Warning|[of] p2a: Ninetales\n|\n|-weather|Snow|[upkeep]\n|upkeep\n|\n|t:|1699874182\n|switch|p1a: Weezing|Weezing-Galar, M|100\/100\n|turn|16\n|\n|t:|1699874190\n|switch|p2a: Ceruledge|Ceruledge, M|100\/100\n|move|p1a: Weezing|Sludge Bomb|p2a: Ceruledge\n|-resisted|p2a: Ceruledge\n|-damage|p2a: Ceruledge|79\/100\n|\n|-weather|Snow|[upkeep]\n|upkeep\n|turn|17\n|\n|t:|1699874199\n|switch|p1a: Dragonite|Dragonite, F|76\/100\n|move|p2a: Ceruledge|Bulk Up|p2a: Ceruledge\n|-boost|p2a: Ceruledge|atk|1\n|-boost|p2a: Ceruledge|def|1\n|\n|-weather|Snow|[upkeep]\n|upkeep\n|turn|18\n|\n|t:|1699874206\n|-terastallize|p2a: Ceruledge|Bug\n|move|p1a: Dragonite|Earthquake|p2a: Ceruledge\n|-resisted|p2a: Ceruledge\n|-crit|p2a: Ceruledge\n|-damage|p2a: Ceruledge|28\/100\n|move|p2a: Ceruledge|Bulk Up|p2a: Ceruledge\n|-boost|p2a: Ceruledge|atk|1\n|-boost|p2a: Ceruledge|def|1\n|\n|-weather|Snow|[upkeep]\n|upkeep\n|turn|19\n|\n|t:|1699874215\n|move|p1a: Dragonite|Earthquake|p2a: Ceruledge\n|-resisted|p2a: Ceruledge\n|-crit|p2a: Ceruledge\n|-damage|p2a: Ceruledge|0 fnt\n|faint|p2a: Ceruledge\n|\n|-weather|none\n|upkeep\n|c|\u2606Shinkuu8|Ok bro\n|c|\u2606Shinkuu8|Chill\n|c|\u2606SouzinhaAPELAO|;-;\n|\n|t:|1699874234\n|switch|p2a: Zapdos|Zapdos|18\/100\n|turn|20\n|\n|t:|1699874243\n|switch|p1a: Walking Wake|Walking Wake|100\/100\n|move|p2a: Zapdos|Roost|p2a: Zapdos\n|-heal|p2a: Zapdos|68\/100\n|-singleturn|p2a: Zapdos|move: Roost\n|\n|upkeep\n|turn|21\n|\n|t:|1699874249\n|move|p1a: Walking Wake|Draco Meteor|p2a: Zapdos\n|-damage|p2a: Zapdos|6\/100\n|-unboost|p1a: Walking Wake|spa|2\n|move|p2a: Zapdos|Volt Switch|p1a: Walking Wake\n|-damage|p1a: Walking Wake|63\/100\n|\n|t:|1699874256\n|switch|p2a: Ninetales|Ninetales-Alola, F|61\/100|[from] Volt Switch\n|-weather|Snow|[from] ability: Snow Warning|[of] p2a: Ninetales\n|\n|-weather|Snow|[upkeep]\n|upkeep\n|turn|22\n|\n|t:|1699874261\n|-end|p1a: Walking Wake|Protosynthesis|[silent]\n|switch|p1a: Weezing|Weezing-Galar, M|100\/100\n|move|p2a: Ninetales|Nasty Plot|p2a: Ninetales\n|-boost|p2a: Ninetales|spa|2\n|\n|-weather|Snow|[upkeep]\n|upkeep\n|turn|23\n|\n|t:|1699874266\n|move|p2a: Ninetales|Freeze-Dry|p1a: Weezing\n|-damage|p1a: Weezing|3\/100\n|move|p1a: Weezing|Sludge Bomb|p2a: Ninetales\n|-supereffective|p2a: Ninetales\n|-damage|p2a: Ninetales|0 fnt\n|faint|p2a: Ninetales\n|\n|-weather|Snow|[upkeep]\n|upkeep\n|\n|t:|1699874272\n|switch|p2a: Zapdos|Zapdos|6\/100\n|turn|24\n|\n|t:|1699874280\n|switch|p1a: Dragonite|Dragonite, F|76\/100\n|move|p2a: Zapdos|Roost|p2a: Zapdos\n|-heal|p2a: Zapdos|56\/100\n|-singleturn|p2a: Zapdos|move: Roost\n|\n|-weather|Snow|[upkeep]\n|upkeep\n|turn|25\n|\n|t:|1699874290\n|move|p2a: Zapdos|Thunderbolt|p1a: Dragonite\n|-damage|p1a: Dragonite|35\/100\n|move|p1a: Dragonite|Ice Spinner|p2a: Zapdos\n|-supereffective|p2a: Zapdos\n|-damage|p2a: Zapdos|0 fnt\n|faint|p2a: Zapdos\n|\n|-weather|none\n|upkeep\n|\n|t:|1699874293\n|switch|p2a: Meowscarada|Meowscarada, M|100\/100\n|turn|26\n|\n|t:|1699874296\n|move|p2a: Meowscarada|Play Rough|p1a: Dragonite\n|-start|p2a: Meowscarada|typechange|Fairy|[from] ability: Protean\n|-supereffective|p1a: Dragonite\n|-damage|p1a: Dragonite|0 fnt\n|faint|p1a: Dragonite\n|\n|upkeep\n|\n|t:|1699874307\n|switch|p1a: Walking Wake|Walking Wake|63\/100\n|turn|27\n|\n|t:|1699874322\n|-terastallize|p1a: Walking Wake|Steel\n|move|p2a: Meowscarada|Play Rough|p1a: Walking Wake|[miss]\n|-miss|p2a: Meowscarada|p1a: Walking Wake\n|move|p1a: Walking Wake|Hydro Steam|p2a: Meowscarada\n|-damage|p2a: Meowscarada|42\/100\n|\n|upkeep\n|turn|28\n|\n|t:|1699874331\n|switch|p2a: Great Tusk|Great Tusk|100\/100\n|move|p1a: Walking Wake|Hydro Steam|p2a: Great Tusk\n|-supereffective|p2a: Great Tusk\n|-damage|p2a: Great Tusk|0 fnt\n|faint|p2a: Great Tusk\n|-end|p2a: Great Tusk|Protosynthesis|[silent]\n|\n|upkeep\n|\n|t:|1699874332\n|switch|p2a: Meowscarada|Meowscarada, M|42\/100\n|turn|29\n|\n|t:|1699874336\n|move|p2a: Meowscarada|Knock Off|p1a: Walking Wake\n|-start|p2a: Meowscarada|typechange|Dark|[from] ability: Protean\n|-crit|p1a: Walking Wake\n|-damage|p1a: Walking Wake|0 fnt\n|-enditem|p1a: Walking Wake|Choice Scarf|[from] move: Knock Off|[of] p2a: Meowscarada\n|faint|p1a: Walking Wake\n|-end|p1a: Walking Wake|Protosynthesis|[silent]\n|\n|upkeep\n|-message|Shinkuu8 forfeited.\n|\n|win|SouzinhaAPELAO\n|raw|SouzinhaAPELAO's rating: 1318 &rarr; <strong>1341<\/strong><br \/>(+23 for winning)\n|raw|Shinkuu8's rating: 1363 &rarr; <strong>1340<\/strong><br \/>(-23 for losing)\n|l|\u2606Shinkuu8\n","uploadtime":1699874348,"views":6,"p1id":"souzinhaapelao","p2id":"shinkuu8","formatid":"gen9ou","rating":1340,"private":0,"password":""}