{"id":"gen9ou-1989703537","p1":"WillDog859","p2":"kwstrife","format":"[Gen 9] OU","log":"|j|\u2606WillDog859\n|j|\u2606kwstrife\n|t:|1699888426\n|gametype|singles\n|player|p1|WillDog859|ethan|\n|player|p2|kwstrife|shadowtriad|\n|teamsize|p1|4\n|teamsize|p2|4\n|gen|9\n|tier|[Gen 9] OU\n|rule|Sleep Clause Mod: Limit one foe put to sleep\n|rule|Species Clause: Limit one of each Pok\u00e9mon\n|rule|OHKO Clause: OHKO moves are banned\n|rule|Evasion Items Clause: Evasion items are banned\n|rule|Evasion Moves Clause: Evasion moves are banned\n|rule|Endless Battle Clause: Forcing endless battles is banned\n|rule|HP Percentage Mod: HP is shown in percentages\n|clearpoke\n|poke|p1|Scizor, M|\n|poke|p1|Corviknight, M|\n|poke|p1|Lucario, M|\n|poke|p1|Empoleon, F|\n|poke|p2|Arcanine-Hisui, F|\n|poke|p2|Iron Thorns|\n|poke|p2|Tyranitar, M|\n|poke|p2|Probopass, M|\n|teampreview\n|l|\u2606WillDog859\n|player|p1|\n|j|\u2606WillDog859\n|player|p1|WillDog859|ethan\n|\n|t:|1699888457\n|start\n|switch|p1a: Empoleon|Empoleon, F, shiny|100\/100\n|switch|p2a: Tyranitar|Tyranitar, M|100\/100\n|-weather|Sandstorm|[from] ability: Sand Stream|[of] p2a: Tyranitar\n|turn|1\n|\n|t:|1699888469\n|move|p2a: Tyranitar|Protect|p2a: Tyranitar\n|-singleturn|p2a: Tyranitar|Protect\n|move|p1a: Empoleon|Rain Dance|p1a: Empoleon\n|-weather|RainDance\n|\n|-weather|RainDance|[upkeep]\n|upkeep\n|turn|2\n|\n|t:|1699888482\n|move|p1a: Empoleon|Surf|p2a: Tyranitar\n|-supereffective|p2a: Tyranitar\n|-damage|p2a: Tyranitar|0 fnt\n|faint|p2a: Tyranitar\n|\n|-weather|RainDance|[upkeep]\n|upkeep\n|\n|t:|1699888492\n|switch|p2a: Arcanine|Arcanine-Hisui, F|100\/100\n|turn|3\n|\n|t:|1699888496\n|move|p2a: Arcanine|Wild Charge|p1a: Empoleon\n|-supereffective|p1a: Empoleon\n|-damage|p1a: Empoleon|33\/100\n|move|p1a: Empoleon|Surf|p2a: Arcanine\n|-supereffective|p2a: Arcanine\n|-damage|p2a: Arcanine|0 fnt\n|faint|p2a: Arcanine\n|\n|-weather|RainDance|[upkeep]\n|upkeep\n|\n|t:|1699888499\n|switch|p2a: Iron Thorns|Iron Thorns|100\/100\n|-enditem|p2a: Iron Thorns|Booster Energy\n|-activate|p2a: Iron Thorns|ability: Quark Drive|[fromitem]\n|-start|p2a: Iron Thorns|quarkdrivedef\n|turn|4\n|j| Notgeeta101\n|\n|t:|1699888524\n|switch|p1a: Lucario|Lucario, M, shiny|100\/100\n|move|p2a: Iron Thorns|Earthquake|p1a: Lucario\n|-supereffective|p1a: Lucario\n|-damage|p1a: Lucario|12\/100\n|\n|-weather|RainDance|[upkeep]\n|upkeep\n|turn|5\n|\n|t:|1699888532\n|move|p1a: Lucario|Vacuum Wave|p2a: Iron Thorns\n|-supereffective|p2a: Iron Thorns\n|-damage|p2a: Iron Thorns|51\/100\n|move|p2a: Iron Thorns|Dragon Dance|p2a: Iron Thorns\n|-boost|p2a: Iron Thorns|atk|1\n|-boost|p2a: Iron Thorns|spe|1\n|\n|-weather|none\n|upkeep\n|turn|6\n|\n|t:|1699888539\n|move|p1a: Lucario|Vacuum Wave|p2a: Iron Thorns\n|-supereffective|p2a: Iron Thorns\n|-damage|p2a: Iron Thorns|3\/100\n|move|p2a: Iron Thorns|Earthquake|p1a: Lucario\n|-supereffective|p1a: Lucario\n|-damage|p1a: Lucario|0 fnt\n|faint|p1a: Lucario\n|\n|upkeep\n|\n|t:|1699888547\n|switch|p1a: Scizor|Scizor, M, shiny|100\/100\n|turn|7\n|\n|t:|1699888553\n|move|p1a: Scizor|Bullet Punch|p2a: Iron Thorns\n|-damage|p2a: Iron Thorns|0 fnt\n|faint|p2a: Iron Thorns\n|-end|p2a: Iron Thorns|Quark Drive|[silent]\n|\n|upkeep\n|\n|t:|1699888555\n|switch|p2a: Probopass|Probopass, M|100\/100\n|turn|8\n|\n|t:|1699888566\n|move|p1a: Scizor|Bullet Punch|p2a: Probopass\n|-damage|p2a: Probopass|76\/100\n|-damage|p1a: Scizor|84\/100|[from] item: Rocky Helmet|[of] p2a: Probopass\n|move|p2a: Probopass|Thunder Wave|p1a: Scizor\n|-status|p1a: Scizor|par\n|\n|upkeep\n|turn|9\n|\n|t:|1699888575\n|move|p2a: Probopass|Earth Power|p1a: Scizor\n|-damage|p1a: Scizor|62\/100 par\n|move|p1a: Scizor|Swords Dance|p1a: Scizor\n|-boost|p1a: Scizor|atk|2\n|\n|upkeep\n|turn|10\n|\n|t:|1699888584\n|move|p2a: Probopass|Thunderbolt|p1a: Scizor\n|-damage|p1a: Scizor|38\/100 par\n|move|p1a: Scizor|Trailblaze|p2a: Probopass\n|-damage|p2a: Probopass|35\/100\n|-boost|p1a: Scizor|spe|1\n|-damage|p1a: Scizor|22\/100 par|[from] item: Rocky Helmet|[of] p2a: Probopass\n|\n|upkeep\n|turn|11\n|\n|t:|1699888590\n|move|p1a: Scizor|Bullet Punch|p2a: Probopass\n|-damage|p2a: Probopass|0 fnt\n|-damage|p1a: Scizor|5\/100 par|[from] item: Rocky Helmet|[of] p2a: Probopass\n|faint|p2a: Probopass\n|\n|win|WillDog859\n","uploadtime":1699888596,"views":50,"p1id":"willdog859","p2id":"kwstrife","formatid":"gen9ou","rating":0,"private":0,"password":""}