{"id":"gen9ou-1989833346","p1":"ChloraSucks","p2":"VicBossMG","format":"[Gen 9] OU","log":"|j|\u2606ChloraSucks\n|j|\u2606VicBossMG\n|inactive|Battle timer is ON: inactive players will automatically lose when time's up.\n|t:|1699899547\n|gametype|singles\n|player|p1|ChloraSucks|plasmagruntf-gen5bw|\n|player|p2|VicBossMG|elesa-masters2|\n|teamsize|p1|6\n|teamsize|p2|6\n|gen|9\n|tier|[Gen 9] OU\n|rated|Tournament battle\n|rule|Sleep Clause Mod: Limit one foe put to sleep\n|rule|Species Clause: Limit one of each Pok\u00e9mon\n|rule|OHKO Clause: OHKO moves are banned\n|rule|Evasion Items Clause: Evasion items are banned\n|rule|Evasion Moves Clause: Evasion moves are banned\n|rule|Endless Battle Clause: Forcing endless battles is banned\n|rule|HP Percentage Mod: HP is shown in percentages\n|clearpoke\n|poke|p1|Gastrodon, M|\n|poke|p1|Dondozo, M|\n|poke|p1|Blissey, F|\n|poke|p1|Chesnaught, F|\n|poke|p1|Clefable, M|\n|poke|p1|Skeledirge, M|\n|poke|p2|Weavile, F|\n|poke|p2|Amoonguss, M|\n|poke|p2|Garganacl, F|\n|poke|p2|Maushold|\n|poke|p2|Kingambit, F|\n|poke|p2|Samurott-Hisui, M|\n|teampreview\n|inactive|ChloraSucks also wants the timer to be on.\n|inactive|VicBossMG also wants the timer to be on.\n|j| sandveil10\n|\n|t:|1699899565\n|start\n|switch|p1a: Clefable|Clefable, M|100\/100\n|switch|p2a: Amoonguss|Amoonguss, M, shiny|100\/100\n|turn|1\n|\n|t:|1699899579\n|switch|p1a: Chesnaught|Chesnaught, F|100\/100\n|move|p2a: Amoonguss|Spore|p1a: Chesnaught\n|-immune|p1a: Chesnaught\n|\n|upkeep\n|turn|2\n|\n|t:|1699899582\n|move|p1a: Chesnaught|Knock Off|p2a: Amoonguss\n|-damage|p2a: Amoonguss|82\/100\n|-enditem|p2a: Amoonguss|Red Card|[from] move: Knock Off|[of] p1a: Chesnaught\n|move|p2a: Amoonguss|Spore|p1a: Chesnaught\n|-immune|p1a: Chesnaught\n|\n|upkeep\n|turn|3\n|\n|t:|1699899588\n|move|p1a: Chesnaught|Knock Off|p2a: Amoonguss\n|-damage|p2a: Amoonguss|72\/100\n|move|p2a: Amoonguss|Spore|p1a: Chesnaught\n|-immune|p1a: Chesnaught\n|\n|upkeep\n|turn|4\n|\n|t:|1699899594\n|move|p1a: Chesnaught|Body Press|p2a: Amoonguss\n|-resisted|p2a: Amoonguss\n|-damage|p2a: Amoonguss|57\/100\n|move|p2a: Amoonguss|Sludge Bomb|p1a: Chesnaught\n|-immune|p1a: Chesnaught|[from] ability: Bulletproof\n|\n|upkeep\n|turn|5\n|\n|t:|1699899603\n|switch|p2a: Garganacl|Garganacl, F|100\/100\n|move|p1a: Chesnaught|Body Press|p2a: Garganacl\n|-supereffective|p2a: Garganacl\n|-damage|p2a: Garganacl|46\/100\n|\n|-heal|p2a: Garganacl|52\/100|[from] item: Leftovers\n|upkeep\n|turn|6\n|\n|t:|1699899609\n|-terastallize|p2a: Garganacl|Fairy\n|move|p1a: Chesnaught|Body Press|p2a: Garganacl\n|-resisted|p2a: Garganacl\n|-damage|p2a: Garganacl|37\/100\n|move|p2a: Garganacl|Iron Defense|p2a: Garganacl\n|-boost|p2a: Garganacl|def|2\n|\n|-heal|p2a: Garganacl|43\/100|[from] item: Leftovers\n|upkeep\n|turn|7\n|\n|t:|1699899615\n|switch|p1a: Clefable|Clefable, M|100\/100\n|move|p2a: Garganacl|Recover|p2a: Garganacl\n|-heal|p2a: Garganacl|93\/100\n|\n|-heal|p2a: Garganacl|99\/100|[from] item: Leftovers\n|upkeep\n|turn|8\n|\n|t:|1699899618\n|switch|p2a: Maushold|Maushold|100\/100\n|move|p1a: Clefable|Calm Mind|p1a: Clefable\n|-boost|p1a: Clefable|spa|1\n|-boost|p1a: Clefable|spd|1\n|\n|upkeep\n|turn|9\n|\n|t:|1699899624\n|switch|p1a: Skeledirge|Skeledirge, M|100\/100\n|move|p2a: Maushold|Encore||[still]\n|-fail|p2a: Maushold\n|\n|upkeep\n|turn|10\n|\n|t:|1699899629\n|switch|p2a: Garganacl|Garganacl, F, tera:Fairy|99\/100\n|move|p1a: Skeledirge|Torch Song|p2a: Garganacl\n|-damage|p2a: Garganacl|81\/100\n|-boost|p1a: Skeledirge|spa|1\n|\n|-heal|p2a: Garganacl|88\/100|[from] item: Leftovers\n|upkeep\n|turn|11\n|\n|t:|1699899632\n|switch|p1a: Clefable|Clefable, M|100\/100\n|move|p2a: Garganacl|Salt Cure|p1a: Clefable\n|-damage|p1a: Clefable|89\/100\n|-start|p1a: Clefable|Salt Cure\n|\n|-heal|p1a: Clefable|95\/100|[from] item: Leftovers\n|-heal|p2a: Garganacl|94\/100|[from] item: Leftovers\n|upkeep\n|turn|12\n|\n|t:|1699899635\n|switch|p2a: Maushold|Maushold|100\/100\n|move|p1a: Clefable|Calm Mind|p1a: Clefable\n|-boost|p1a: Clefable|spa|1\n|-boost|p1a: Clefable|spd|1\n|\n|-heal|p1a: Clefable|100\/100|[from] item: Leftovers\n|upkeep\n|turn|13\n|\n|t:|1699899639\n|move|p2a: Maushold|Bite|p1a: Clefable\n|-resisted|p1a: Clefable\n|-crit|p1a: Clefable\n|-damage|p1a: Clefable|88\/100\n|move|p1a: Clefable|Moonblast|p2a: Maushold\n|-damage|p2a: Maushold|25\/100\n|\n|-heal|p1a: Clefable|94\/100|[from] item: Leftovers\n|upkeep\n|turn|14\n|\n|t:|1699899642\n|move|p2a: Maushold|Population Bomb|p1a: Clefable\n|-damage|p1a: Clefable|85\/100\n|-damage|p1a: Clefable|77\/100\n|-damage|p1a: Clefable|70\/100\n|-damage|p1a: Clefable|62\/100\n|-damage|p1a: Clefable|53\/100\n|-damage|p1a: Clefable|45\/100\n|-damage|p1a: Clefable|37\/100\n|-damage|p1a: Clefable|28\/100\n|-damage|p1a: Clefable|19\/100\n|-damage|p1a: Clefable|11\/100\n|-hitcount|p1a: Clefable|10\n|move|p1a: Clefable|Moonblast|p2a: Maushold\n|-damage|p2a: Maushold|0 fnt\n|faint|p2a: Maushold\n|\n|-heal|p1a: Clefable|17\/100|[from] item: Leftovers\n|upkeep\n|\n|t:|1699899645\n|switch|p2a: Samurott|Samurott-Hisui, M, shiny|100\/100\n|turn|15\n|\n|t:|1699899648\n|move|p1a: Clefable|Protect|p1a: Clefable\n|-singleturn|p1a: Clefable|Protect\n|move|p2a: Samurott|Aqua Cutter|p1a: Clefable\n|-activate|p1a: Clefable|move: Protect\n|\n|-heal|p1a: Clefable|23\/100|[from] item: Leftovers\n|upkeep\n|turn|16\n|\n|t:|1699899650\n|switch|p1a: Chesnaught|Chesnaught, F|100\/100\n|move|p2a: Samurott|Aqua Cutter|p1a: Chesnaught\n|-resisted|p1a: Chesnaught\n|-damage|p1a: Chesnaught|83\/100\n|\n|upkeep\n|turn|17\n|\n|t:|1699899653\n|switch|p2a: Garganacl|Garganacl, F, tera:Fairy|94\/100\n|move|p1a: Chesnaught|Body Press|p2a: Garganacl\n|-resisted|p2a: Garganacl\n|-damage|p2a: Garganacl|79\/100\n|\n|-heal|p2a: Garganacl|85\/100|[from] item: Leftovers\n|upkeep\n|turn|18\n|\n|t:|1699899663\n|switch|p2a: Weavile|Weavile, F|100\/100\n|-ability|p2a: Weavile|Pressure\n|move|p1a: Chesnaught|Knock Off|p2a: Weavile\n|-resisted|p2a: Weavile\n|-damage|p2a: Weavile|82\/100\n|-enditem|p2a: Weavile|Heavy-Duty Boots|[from] move: Knock Off|[of] p1a: Chesnaught\n|\n|upkeep\n|turn|19\n|\n|t:|1699899670\n|move|p2a: Weavile|Knock Off|p1a: Chesnaught\n|-resisted|p1a: Chesnaught\n|-damage|p1a: Chesnaught|69\/100\n|-enditem|p1a: Chesnaught|Heavy-Duty Boots|[from] move: Knock Off|[of] p2a: Weavile\n|move|p1a: Chesnaught|Body Press|p2a: Weavile\n|-supereffective|p2a: Weavile\n|-damage|p2a: Weavile|0 fnt\n|faint|p2a: Weavile\n|\n|upkeep\n|\n|t:|1699899671\n|switch|p2a: Garganacl|Garganacl, F, tera:Fairy|85\/100\n|turn|20\n|\n|t:|1699899677\n|move|p1a: Chesnaught|Spiky Shield|p1a: Chesnaught\n|-singleturn|p1a: Chesnaught|move: Protect\n|move|p2a: Garganacl|Salt Cure|p1a: Chesnaught\n|-activate|p1a: Chesnaught|move: Protect\n|\n|-heal|p2a: Garganacl|91\/100|[from] item: Leftovers\n|upkeep\n|turn|21\n|\n|t:|1699899681\n|move|p1a: Chesnaught|Knock Off|p2a: Garganacl\n|-resisted|p2a: Garganacl\n|-damage|p2a: Garganacl|83\/100\n|-enditem|p2a: Garganacl|Leftovers|[from] move: Knock Off|[of] p1a: Chesnaught\n|move|p2a: Garganacl|Salt Cure|p1a: Chesnaught\n|-resisted|p1a: Chesnaught\n|-crit|p1a: Chesnaught\n|-damage|p1a: Chesnaught|63\/100\n|-start|p1a: Chesnaught|Salt Cure\n|\n|-damage|p1a: Chesnaught|51\/100|[from] Salt Cure\n|upkeep\n|turn|22\n|\n|t:|1699899685\n|move|p1a: Chesnaught|Synthesis|p1a: Chesnaught\n|-heal|p1a: Chesnaught|100\/100\n|move|p2a: Garganacl|Salt Cure|p1a: Chesnaught\n|-resisted|p1a: Chesnaught\n|-damage|p1a: Chesnaught|96\/100\n|\n|-damage|p1a: Chesnaught|84\/100|[from] Salt Cure\n|upkeep\n|turn|23\n|\n|t:|1699899688\n|switch|p1a: Clefable|Clefable, M|23\/100\n|move|p2a: Garganacl|Salt Cure|p1a: Clefable\n|-damage|p1a: Clefable|13\/100\n|-start|p1a: Clefable|Salt Cure\n|\n|-heal|p1a: Clefable|19\/100|[from] item: Leftovers\n|upkeep\n|turn|24\n|\n|t:|1699899691\n|switch|p2a: Samurott|Samurott-Hisui, M, shiny|100\/100\n|move|p1a: Clefable|Wish|p1a: Clefable\n|\n|-heal|p1a: Clefable|25\/100|[from] item: Leftovers\n|upkeep\n|turn|25\n|\n|t:|1699899692\n|move|p1a: Clefable|Protect|p1a: Clefable\n|-singleturn|p1a: Clefable|Protect\n|move|p2a: Samurott|Swords Dance|p2a: Samurott\n|-boost|p2a: Samurott|atk|2\n|\n|-heal|p1a: Clefable|75\/100|[from] move: Wish|[wisher] Clefable\n|-heal|p1a: Clefable|81\/100|[from] item: Leftovers\n|upkeep\n|turn|26\n|\n|t:|1699899696\n|switch|p1a: Dondozo|Dondozo, M|100\/100\n|move|p2a: Samurott|Aqua Cutter|p1a: Dondozo\n|-resisted|p1a: Dondozo\n|-damage|p1a: Dondozo|87\/100\n|\n|upkeep\n|turn|27\n|\n|t:|1699899698\n|move|p2a: Samurott|Ceaseless Edge|p1a: Dondozo\n|-damage|p1a: Dondozo|65\/100\n|-sidestart|p1: ChloraSucks|Spikes\n|move|p1a: Dondozo|Body Press|p2a: Samurott\n|-supereffective|p2a: Samurott\n|-damage|p2a: Samurott|32\/100\n|\n|upkeep\n|turn|28\n|\n|t:|1699899703\n|switch|p2a: Amoonguss|Amoonguss, M, shiny|90\/100\n|move|p1a: Dondozo|Rest|p1a: Dondozo\n|-status|p1a: Dondozo|slp|[from] move: Rest\n|-heal|p1a: Dondozo|100\/100 slp|[silent]\n|\n|upkeep\n|turn|29\n|\n|t:|1699899707\n|switch|p1a: Chesnaught|Chesnaught, F|84\/100\n|-damage|p1a: Chesnaught|72\/100|[from] Spikes\n|switch|p2a: Garganacl|Garganacl, F, tera:Fairy|83\/100\n|\n|upkeep\n|turn|30\n|\n|t:|1699899710\n|switch|p1a: Clefable|Clefable, M|81\/100\n|move|p2a: Garganacl|Iron Defense|p2a: Garganacl\n|-boost|p2a: Garganacl|def|2\n|\n|-heal|p1a: Clefable|87\/100|[from] item: Leftovers\n|upkeep\n|turn|31\n|\n|t:|1699899714\n|switch|p2a: Amoonguss|Amoonguss, M, shiny|100\/100\n|move|p1a: Clefable|Calm Mind|p1a: Clefable\n|-boost|p1a: Clefable|spa|1\n|-boost|p1a: Clefable|spd|1\n|\n|-heal|p1a: Clefable|93\/100|[from] item: Leftovers\n|upkeep\n|turn|32\n|\n|t:|1699899720\n|switch|p1a: Chesnaught|Chesnaught, F|72\/100\n|-damage|p1a: Chesnaught|59\/100|[from] Spikes\n|move|p2a: Amoonguss|Spore|p1a: Chesnaught\n|-immune|p1a: Chesnaught\n|\n|upkeep\n|turn|33\n|\n|t:|1699899722\n|switch|p2a: Garganacl|Garganacl, F, tera:Fairy|83\/100\n|move|p1a: Chesnaught|Synthesis|p1a: Chesnaught\n|-heal|p1a: Chesnaught|100\/100\n|\n|upkeep\n|turn|34\n|\n|t:|1699899730\n|switch|p1a: Clefable|Clefable, M|93\/100\n|move|p2a: Garganacl|Salt Cure|p1a: Clefable\n|-damage|p1a: Clefable|83\/100\n|-start|p1a: Clefable|Salt Cure\n|\n|-heal|p1a: Clefable|89\/100|[from] item: Leftovers\n|upkeep\n|turn|35\n|\n|t:|1699899734\n|switch|p1a: Blissey|Blissey, F|100\/100\n|switch|p2a: Kingambit|Kingambit, F|100\/100\n|-activate|p2a: Kingambit|ability: Supreme Overlord\n|-start|p2a: Kingambit|fallen2|[silent]\n|\n|upkeep\n|turn|36\n|\n|t:|1699899737\n|switch|p1a: Chesnaught|Chesnaught, F|100\/100\n|-damage|p1a: Chesnaught|88\/100|[from] Spikes\n|move|p2a: Kingambit|Swords Dance|p2a: Kingambit\n|-boost|p2a: Kingambit|atk|2\n|\n|upkeep\n|turn|37\n|\n|t:|1699899740\n|-end|p2a: Kingambit|fallen2|[silent]\n|switch|p2a: Garganacl|Garganacl, F, tera:Fairy|83\/100\n|move|p1a: Chesnaught|Body Press|p2a: Garganacl\n|-resisted|p2a: Garganacl\n|-damage|p2a: Garganacl|67\/100\n|\n|upkeep\n|turn|38\n|\n|t:|1699899747\n|switch|p1a: Clefable|Clefable, M|89\/100\n|move|p2a: Garganacl|Recover|p2a: Garganacl\n|-heal|p2a: Garganacl|100\/100\n|\n|-heal|p1a: Clefable|95\/100|[from] item: Leftovers\n|upkeep\n|turn|39\n|\n|t:|1699899752\n|switch|p1a: Gastrodon|Gastrodon, M|100\/100\n|move|p2a: Garganacl|Iron Defense|p2a: Garganacl\n|-boost|p2a: Garganacl|def|2\n|\n|upkeep\n|turn|40\n|\n|t:|1699899756\n|move|p1a: Gastrodon|Spikes|p2a: Garganacl\n|-sidestart|p2: VicBossMG|Spikes\n|move|p2a: Garganacl|Salt Cure|p1a: Gastrodon\n|-resisted|p1a: Gastrodon\n|-damage|p1a: Gastrodon|96\/100\n|-start|p1a: Gastrodon|Salt Cure\n|\n|-damage|p1a: Gastrodon|71\/100|[from] Salt Cure\n|upkeep\n|turn|41\n|\n|t:|1699899762\n|switch|p2a: Samurott|Samurott-Hisui, M, shiny|32\/100\n|-damage|p2a: Samurott|19\/100|[from] Spikes\n|move|p1a: Gastrodon|Spikes|p2a: Samurott\n|-sidestart|p2: VicBossMG|Spikes\n|\n|-damage|p1a: Gastrodon|46\/100|[from] Salt Cure\n|upkeep\n|turn|42\n|\n|t:|1699899767\n|switch|p1a: Dondozo|Dondozo, M|100\/100 slp\n|move|p2a: Samurott|Ceaseless Edge|p1a: Dondozo\n|-damage|p1a: Dondozo|78\/100 slp\n|-sidestart|p1: ChloraSucks|Spikes\n|\n|upkeep\n|turn|43\n|\n|t:|1699899770\n|move|p2a: Samurott|Ceaseless Edge|p1a: Dondozo\n|-damage|p1a: Dondozo|56\/100 slp\n|-sidestart|p1: ChloraSucks|Spikes\n|cant|p1a: Dondozo|slp\n|move|p1a: Dondozo|Sleep Talk|p1a: Dondozo\n|move|p1a: Dondozo|Rest||[from]move: Sleep Talk|[still]\n|-fail|p1a: Dondozo\n|\n|upkeep\n|turn|44\n|\n|t:|1699899775\n|switch|p2a: Amoonguss|Amoonguss, M, shiny|100\/100\n|-damage|p2a: Amoonguss|84\/100|[from] Spikes\n|cant|p1a: Dondozo|slp\n|move|p1a: Dondozo|Sleep Talk|p1a: Dondozo\n|move|p1a: Dondozo|Body Press|p2a: Amoonguss|[from]move: Sleep Talk\n|-resisted|p2a: Amoonguss\n|-damage|p2a: Amoonguss|75\/100\n|\n|upkeep\n|turn|45\n|\n|t:|1699899781\n|switch|p1a: Chesnaught|Chesnaught, F|88\/100\n|-damage|p1a: Chesnaught|63\/100|[from] Spikes\n|switch|p2a: Garganacl|Garganacl, F, tera:Fairy|100\/100\n|-damage|p2a: Garganacl|84\/100|[from] Spikes\n|\n|upkeep\n|turn|46\n|\n|t:|1699899787\n|switch|p1a: Clefable|Clefable, M|95\/100\n|move|p2a: Garganacl|Iron Defense|p2a: Garganacl\n|-boost|p2a: Garganacl|def|2\n|\n|-heal|p1a: Clefable|100\/100|[from] item: Leftovers\n|upkeep\n|turn|47\n|\n|t:|1699899794\n|move|p1a: Clefable|Calm Mind|p1a: Clefable\n|-boost|p1a: Clefable|spa|1\n|-boost|p1a: Clefable|spd|1\n|move|p2a: Garganacl|Body Press|p1a: Clefable\n|-resisted|p1a: Clefable\n|-damage|p1a: Clefable|82\/100\n|\n|-heal|p1a: Clefable|88\/100|[from] item: Leftovers\n|upkeep\n|turn|48\n|\n|t:|1699899796\n|switch|p2a: Amoonguss|Amoonguss, M, shiny|100\/100\n|-damage|p2a: Amoonguss|84\/100|[from] Spikes\n|move|p1a: Clefable|Moonblast|p2a: Amoonguss\n|-resisted|p2a: Amoonguss\n|-damage|p2a: Amoonguss|61\/100\n|\n|-heal|p1a: Clefable|94\/100|[from] item: Leftovers\n|upkeep\n|turn|49\n|\n|t:|1699899803\n|switch|p1a: Blissey|Blissey, F|100\/100\n|switch|p2a: Samurott|Samurott-Hisui, M, shiny|19\/100\n|-damage|p2a: Samurott|3\/100|[from] Spikes\n|\n|upkeep\n|turn|50\n|\n|t:|1699899806\n|move|p2a: Samurott|Aqua Cutter|p1a: Blissey\n|-damage|p1a: Blissey|37\/100\n|move|p1a: Blissey|Stealth Rock|p2a: Samurott\n|-sidestart|p2: VicBossMG|move: Stealth Rock\n|\n|upkeep\n|turn|51\n|\n|t:|1699899809\n|move|p2a: Samurott|Aqua Cutter|p1a: Blissey\n|-damage|p1a: Blissey|0 fnt\n|faint|p1a: Blissey\n|\n|upkeep\n|\n|t:|1699899816\n|switch|p1a: Dondozo|Dondozo, M|56\/100 slp\n|turn|52\n|\n|t:|1699899821\n|switch|p2a: Amoonguss|Amoonguss, M, shiny|95\/100\n|-damage|p2a: Amoonguss|78\/100|[from] Spikes\n|-damage|p2a: Amoonguss|66\/100|[from] Stealth Rock\n|-curestatus|p1a: Dondozo|slp|[msg]\n|move|p1a: Dondozo|Rest|p1a: Dondozo\n|-status|p1a: Dondozo|slp|[from] move: Rest\n|-heal|p1a: Dondozo|100\/100 slp|[silent]\n|\n|upkeep\n|turn|53\n|j| 6r6xr6rx\n|\n|t:|1699899830\n|switch|p1a: Skeledirge|Skeledirge, M|100\/100\n|switch|p2a: Samurott|Samurott-Hisui, M, shiny|3\/100\n|-damage|p2a: Samurott|0 fnt|[from] Spikes\n|faint|p2a: Samurott\n|\n|upkeep\n|\n|t:|1699899834\n|switch|p2a: Garganacl|Garganacl, F, tera:Fairy|84\/100\n|-damage|p2a: Garganacl|67\/100|[from] Spikes\n|-damage|p2a: Garganacl|55\/100|[from] Stealth Rock\n|turn|54\n|\n|t:|1699899837\n|switch|p1a: Clefable|Clefable, M|94\/100\n|move|p2a: Garganacl|Recover|p2a: Garganacl\n|-heal|p2a: Garganacl|100\/100\n|\n|-heal|p1a: Clefable|100\/100|[from] item: Leftovers\n|upkeep\n|turn|55\n|\n|t:|1699899840\n|switch|p2a: Amoonguss|Amoonguss, M, shiny|99\/100\n|-damage|p2a: Amoonguss|82\/100|[from] Spikes\n|-damage|p2a: Amoonguss|70\/100|[from] Stealth Rock\n|move|p1a: Clefable|Moonblast|p2a: Amoonguss\n|-resisted|p2a: Amoonguss\n|-damage|p2a: Amoonguss|56\/100\n|\n|upkeep\n|turn|56\n|\n|t:|1699899846\n|switch|p1a: Skeledirge|Skeledirge, M|100\/100\n|switch|p2a: Garganacl|Garganacl, F, tera:Fairy|100\/100\n|-damage|p2a: Garganacl|84\/100|[from] Spikes\n|-damage|p2a: Garganacl|72\/100|[from] Stealth Rock\n|\n|upkeep\n|turn|57\n|\n|t:|1699899851\n|switch|p1a: Clefable|Clefable, M|100\/100\n|move|p2a: Garganacl|Salt Cure|p1a: Clefable\n|-damage|p1a: Clefable|90\/100\n|-start|p1a: Clefable|Salt Cure\n|\n|-heal|p1a: Clefable|96\/100|[from] item: Leftovers\n|upkeep\n|turn|58\n|\n|t:|1699899854\n|move|p1a: Clefable|Calm Mind|p1a: Clefable\n|-boost|p1a: Clefable|spa|1\n|-boost|p1a: Clefable|spd|1\n|move|p2a: Garganacl|Recover|p2a: Garganacl\n|-heal|p2a: Garganacl|100\/100\n|\n|-heal|p1a: Clefable|100\/100|[from] item: Leftovers\n|upkeep\n|turn|59\n|\n|t:|1699899855\n|switch|p2a: Amoonguss|Amoonguss, M, shiny|89\/100\n|-damage|p2a: Amoonguss|72\/100|[from] Spikes\n|-damage|p2a: Amoonguss|60\/100|[from] Stealth Rock\n|move|p1a: Clefable|Moonblast|p2a: Amoonguss\n|-resisted|p2a: Amoonguss\n|-damage|p2a: Amoonguss|38\/100\n|\n|upkeep\n|turn|60\n|\n|t:|1699899866\n|switch|p1a: Chesnaught|Chesnaught, F|63\/100\n|-damage|p1a: Chesnaught|38\/100|[from] Spikes\n|move|p2a: Amoonguss|Spore|p1a: Chesnaught\n|-immune|p1a: Chesnaught\n|\n|upkeep\n|turn|61\n|\n|t:|1699899870\n|switch|p2a: Garganacl|Garganacl, F, tera:Fairy|100\/100\n|-damage|p2a: Garganacl|84\/100|[from] Spikes\n|-damage|p2a: Garganacl|72\/100|[from] Stealth Rock\n|move|p1a: Chesnaught|Synthesis|p1a: Chesnaught\n|-heal|p1a: Chesnaught|88\/100\n|\n|upkeep\n|turn|62\n|\n|t:|1699899878\n|switch|p1a: Clefable|Clefable, M|100\/100\n|switch|p2a: Kingambit|Kingambit, F|100\/100\n|-damage|p2a: Kingambit|84\/100|[from] Spikes\n|-damage|p2a: Kingambit|78\/100|[from] Stealth Rock\n|-activate|p2a: Kingambit|ability: Supreme Overlord\n|-start|p2a: Kingambit|fallen3|[silent]\n|\n|-heal|p2a: Kingambit|84\/100|[from] item: Leftovers\n|upkeep\n|turn|63\n|j| DogsSHOULDNOTDrive\n|\n|t:|1699899882\n|switch|p1a: Dondozo|Dondozo, M|100\/100 slp\n|move|p2a: Kingambit|Swords Dance|p2a: Kingambit\n|-boost|p2a: Kingambit|atk|2\n|\n|-heal|p2a: Kingambit|90\/100|[from] item: Leftovers\n|upkeep\n|turn|64\n|\n|t:|1699899884\n|move|p2a: Kingambit|Low Kick|p1a: Dondozo\n|-damage|p1a: Dondozo|74\/100 slp\n|cant|p1a: Dondozo|slp\n|move|p1a: Dondozo|Sleep Talk|p1a: Dondozo\n|move|p1a: Dondozo|Liquidation|p2a: Kingambit|[from]move: Sleep Talk\n|-damage|p2a: Kingambit|66\/100\n|\n|-heal|p2a: Kingambit|72\/100|[from] item: Leftovers\n|upkeep\n|turn|65\n|\n|t:|1699899887\n|move|p2a: Kingambit|Low Kick|p1a: Dondozo\n|-damage|p1a: Dondozo|46\/100 slp\n|cant|p1a: Dondozo|slp\n|move|p1a: Dondozo|Sleep Talk|p1a: Dondozo\n|move|p1a: Dondozo|Liquidation|p2a: Kingambit|[from]move: Sleep Talk\n|-damage|p2a: Kingambit|45\/100\n|\n|-heal|p2a: Kingambit|51\/100|[from] item: Leftovers\n|upkeep\n|turn|66\n|\n|t:|1699899892\n|-end|p2a: Kingambit|fallen3|[silent]\n|switch|p2a: Amoonguss|Amoonguss, M, shiny|72\/100\n|-damage|p2a: Amoonguss|55\/100|[from] Spikes\n|-damage|p2a: Amoonguss|43\/100|[from] Stealth Rock\n|-curestatus|p1a: Dondozo|slp|[msg]\n|move|p1a: Dondozo|Body Press|p2a: Amoonguss\n|-resisted|p2a: Amoonguss\n|-damage|p2a: Amoonguss|32\/100\n|\n|upkeep\n|turn|67\n|\n|t:|1699899898\n|switch|p1a: Chesnaught|Chesnaught, F|88\/100\n|-damage|p1a: Chesnaught|63\/100|[from] Spikes\n|move|p2a: Amoonguss|Grass Knot|p1a: Chesnaught\n|-resisted|p1a: Chesnaught\n|-damage|p1a: Chesnaught|49\/100\n|\n|upkeep\n|turn|68\n|\n|t:|1699899901\n|move|p1a: Chesnaught|Synthesis|p1a: Chesnaught\n|-heal|p1a: Chesnaught|99\/100\n|move|p2a: Amoonguss|Foul Play|p1a: Chesnaught\n|-resisted|p1a: Chesnaught\n|-damage|p1a: Chesnaught|92\/100\n|\n|upkeep\n|turn|69\n|\n|t:|1699899906\n|switch|p2a: Garganacl|Garganacl, F, tera:Fairy|72\/100\n|-damage|p2a: Garganacl|55\/100|[from] Spikes\n|-damage|p2a: Garganacl|43\/100|[from] Stealth Rock\n|move|p1a: Chesnaught|Body Press|p2a: Garganacl\n|-resisted|p2a: Garganacl\n|-damage|p2a: Garganacl|27\/100\n|\n|upkeep\n|turn|70\n|\n|t:|1699899918\n|switch|p1a: Gastrodon|Gastrodon, M|46\/100\n|move|p2a: Garganacl|Recover|p2a: Garganacl\n|-heal|p2a: Garganacl|77\/100\n|\n|upkeep\n|turn|71\n|j| Marklanders9\n|\n|t:|1699899924\n|move|p1a: Gastrodon|Spikes|p2a: Garganacl\n|-sidestart|p2: VicBossMG|Spikes\n|move|p2a: Garganacl|Salt Cure|p1a: Gastrodon\n|-resisted|p1a: Gastrodon\n|-damage|p1a: Gastrodon|41\/100\n|-start|p1a: Gastrodon|Salt Cure\n|\n|-damage|p1a: Gastrodon|16\/100|[from] Salt Cure\n|upkeep\n|turn|72\n|\n|t:|1699899930\n|move|p1a: Gastrodon|Recover|p1a: Gastrodon\n|-heal|p1a: Gastrodon|66\/100\n|move|p2a: Garganacl|Iron Defense|p2a: Garganacl\n|-boost|p2a: Garganacl|def|2\n|\n|-damage|p1a: Gastrodon|41\/100|[from] Salt Cure\n|upkeep\n|turn|73\n|\n|t:|1699899933\n|switch|p1a: Clefable|Clefable, M|100\/100\n|move|p2a: Garganacl|Iron Defense|p2a: Garganacl\n|-boost|p2a: Garganacl|def|2\n|\n|upkeep\n|turn|74\n|\n|t:|1699899936\n|move|p1a: Clefable|Calm Mind|p1a: Clefable\n|-boost|p1a: Clefable|spa|1\n|-boost|p1a: Clefable|spd|1\n|move|p2a: Garganacl|Body Press|p1a: Clefable\n|-resisted|p1a: Clefable\n|-damage|p1a: Clefable|76\/100\n|\n|-heal|p1a: Clefable|82\/100|[from] item: Leftovers\n|upkeep\n|turn|75\n|\n|t:|1699899938\n|move|p1a: Clefable|Moonblast|p2a: Garganacl\n|-damage|p2a: Garganacl|49\/100\n|move|p2a: Garganacl|Body Press|p1a: Clefable\n|-resisted|p1a: Clefable\n|-damage|p1a: Clefable|57\/100\n|\n|-heal|p1a: Clefable|63\/100|[from] item: Leftovers\n|upkeep\n|turn|76\n|\n|t:|1699899943\n|move|p1a: Clefable|Wish|p1a: Clefable\n|move|p2a: Garganacl|Recover|p2a: Garganacl\n|-heal|p2a: Garganacl|99\/100\n|\n|-heal|p1a: Clefable|69\/100|[from] item: Leftovers\n|upkeep\n|turn|77\n|\n|t:|1699899946\n|move|p1a: Clefable|Calm Mind|p1a: Clefable\n|-boost|p1a: Clefable|spa|1\n|-boost|p1a: Clefable|spd|1\n|move|p2a: Garganacl|Iron Defense|p2a: Garganacl\n|-boost|p2a: Garganacl|def|2\n|\n|-heal|p1a: Clefable|100\/100|[from] move: Wish|[wisher] Clefable\n|upkeep\n|turn|78\n|\n|t:|1699899948\n|move|p1a: Clefable|Moonblast|p2a: Garganacl\n|-damage|p2a: Garganacl|59\/100\n|-unboost|p2a: Garganacl|spa|1\n|move|p2a: Garganacl|Body Press|p1a: Clefable\n|-resisted|p1a: Clefable\n|-damage|p1a: Clefable|67\/100\n|\n|-heal|p1a: Clefable|73\/100|[from] item: Leftovers\n|upkeep\n|turn|79\n|l| Marklanders9\n|\n|t:|1699899951\n|move|p1a: Clefable|Moonblast|p2a: Garganacl\n|-damage|p2a: Garganacl|18\/100\n|move|p2a: Garganacl|Body Press|p1a: Clefable\n|-resisted|p1a: Clefable\n|-damage|p1a: Clefable|38\/100\n|\n|-heal|p1a: Clefable|44\/100|[from] item: Leftovers\n|upkeep\n|turn|80\n|\n|t:|1699899955\n|move|p1a: Clefable|Moonblast|p2a: Garganacl\n|-damage|p2a: Garganacl|0 fnt\n|faint|p2a: Garganacl\n|\n|-heal|p1a: Clefable|50\/100|[from] item: Leftovers\n|upkeep\n|\n|t:|1699899957\n|switch|p2a: Kingambit|Kingambit, F|51\/100\n|-damage|p2a: Kingambit|26\/100|[from] Spikes\n|-damage|p2a: Kingambit|20\/100|[from] Stealth Rock\n|-activate|p2a: Kingambit|ability: Supreme Overlord\n|-start|p2a: Kingambit|fallen4|[silent]\n|turn|81\n|\n|t:|1699899968\n|move|p2a: Kingambit|Swords Dance|p2a: Kingambit\n|-boost|p2a: Kingambit|atk|2\n|move|p1a: Clefable|Moonblast|p2a: Kingambit\n|-damage|p2a: Kingambit|0 fnt\n|faint|p2a: Kingambit\n|-end|p2a: Kingambit|fallen4|[silent]\n|\n|-heal|p1a: Clefable|56\/100|[from] item: Leftovers\n|upkeep\n|-message|VicBossMG forfeited.\n|\n|win|ChloraSucks\n|n|\u2606ChloraSucks|chlorasucks\n|n|\u2606VicBossMG|vicbossmg\n|n| sandveil10|sandveil10\n|n| 6r6xr6rx|6r6xr6rx\n|n| DogsSHOULDNOTDrive|dogsshouldnotdrive\n","uploadtime":1699899977,"views":29,"p1id":"chlorasucks","p2id":"vicbossmg","formatid":"gen9ou","rating":0,"private":0,"password":""}