{"id":"gen9ou-1993855680","p1":"Dabbington City","p2":"moope","format":"[Gen 9] OU","log":"|j|\u2606Dabbington City\n|j|\u2606moope\n|t:|1700365845\n|gametype|singles\n|player|p1|Dabbington City|fantina|1403\n|player|p2|moope|iono|1364\n|teamsize|p1|6\n|teamsize|p2|6\n|gen|9\n|tier|[Gen 9] OU\n|rated|\n|rule|Sleep Clause Mod: Limit one foe put to sleep\n|rule|Species Clause: Limit one of each Pok\u00e9mon\n|rule|OHKO Clause: OHKO moves are banned\n|rule|Evasion Items Clause: Evasion items are banned\n|rule|Evasion Moves Clause: Evasion moves are banned\n|rule|Endless Battle Clause: Forcing endless battles is banned\n|rule|HP Percentage Mod: HP is shown in percentages\n|clearpoke\n|poke|p1|Ogerpon-Wellspring, F|\n|poke|p1|Cinderace, F|\n|poke|p1|Walking Wake|\n|poke|p1|Great Tusk|\n|poke|p1|Zapdos|\n|poke|p1|Slowking-Galar, M|\n|poke|p2|Hoopa-Unbound|\n|poke|p2|Iron Valiant|\n|poke|p2|Dragapult, M|\n|poke|p2|Ursaluna, M|\n|poke|p2|Brute Bonnet|\n|poke|p2|Hatterene, F|\n|teampreview\n|\n|t:|1700365870\n|start\n|switch|p1a: Cinderace|Cinderace, F|100\/100\n|switch|p2a: Hatterene|Hatterene, F|100\/100\n|turn|1\n|\n|t:|1700365876\n|move|p1a: Cinderace|Pyro Ball|p2a: Hatterene\n|-damage|p2a: Hatterene|48\/100\n|move|p2a: Hatterene|Trick Room|p2a: Hatterene\n|-fieldstart|move: Trick Room|[of] p2a: Hatterene\n|\n|-heal|p2a: Hatterene|54\/100|[from] item: Leftovers\n|upkeep\n|turn|2\n|\n|t:|1700365882\n|move|p2a: Hatterene|Psychic|p1a: Cinderace\n|-damage|p1a: Cinderace|40\/100\n|move|p1a: Cinderace|U-turn|p2a: Hatterene\n|-damage|p2a: Hatterene|35\/100\n|\n|t:|1700365889\n|switch|p1a: Slowking|Slowking-Galar, M|100\/100|[from] U-turn\n|\n|-heal|p2a: Hatterene|41\/100|[from] item: Leftovers\n|upkeep\n|turn|3\n|\n|t:|1700365929\n|move|p2a: Hatterene|Calm Mind|p2a: Hatterene\n|-boost|p2a: Hatterene|spa|1\n|-boost|p2a: Hatterene|spd|1\n|move|p1a: Slowking|Future Sight|p2a: Hatterene\n|-start|p1a: Slowking|move: Future Sight\n|\n|-heal|p2a: Hatterene|47\/100|[from] item: Leftovers\n|upkeep\n|turn|4\n|\n|t:|1700365933\n|move|p2a: Hatterene|Calm Mind|p2a: Hatterene\n|-boost|p2a: Hatterene|spa|1\n|-boost|p2a: Hatterene|spd|1\n|move|p1a: Slowking|Sludge Bomb|p2a: Hatterene\n|-supereffective|p2a: Hatterene\n|-damage|p2a: Hatterene|11\/100\n|\n|-heal|p2a: Hatterene|17\/100|[from] item: Leftovers\n|upkeep\n|turn|5\n|\n|t:|1700365936\n|move|p2a: Hatterene|Psychic|p1a: Slowking\n|-damage|p1a: Slowking|41\/100\n|move|p1a: Slowking|Sludge Bomb|p2a: Hatterene\n|-supereffective|p2a: Hatterene\n|-damage|p2a: Hatterene|0 fnt\n|faint|p2a: Hatterene\n|\n|-hint|Future Sight did not hit because the target is fainted.\n|-fieldend|move: Trick Room\n|upkeep\n|\n|t:|1700365940\n|switch|p2a: Hoopa|Hoopa-Unbound|100\/100\n|turn|6\n|\n|t:|1700365943\n|switch|p1a: Great Tusk|Great Tusk|100\/100\n|move|p2a: Hoopa|Trick Room|p2a: Hoopa\n|-fieldstart|move: Trick Room|[of] p2a: Hoopa\n|\n|upkeep\n|turn|7\n|\n|t:|1700365949\n|-end|p1a: Great Tusk|Protosynthesis|[silent]\n|switch|p1a: Slowking|Slowking-Galar, M|41\/100\n|move|p2a: Hoopa|Nasty Plot|p2a: Hoopa\n|-boost|p2a: Hoopa|spa|2\n|\n|upkeep\n|turn|8\n|\n|t:|1700365953\n|switch|p1a: Great Tusk|Great Tusk|100\/100\n|move|p2a: Hoopa|Dark Pulse|p1a: Great Tusk\n|-resisted|p1a: Great Tusk\n|-damage|p1a: Great Tusk|23\/100\n|\n|-heal|p1a: Great Tusk|30\/100|[from] item: Leftovers\n|upkeep\n|turn|9\n|\n|t:|1700365963\n|move|p2a: Hoopa|Psychic|p1a: Great Tusk\n|-supereffective|p1a: Great Tusk\n|-damage|p1a: Great Tusk|0 fnt\n|faint|p1a: Great Tusk\n|-end|p1a: Great Tusk|Protosynthesis|[silent]\n|\n|upkeep\n|\n|t:|1700365974\n|switch|p1a: Slowking|Slowking-Galar, M|41\/100\n|turn|10\n|\n|t:|1700365994\n|switch|p1a: Zapdos|Zapdos|100\/100\n|move|p2a: Hoopa|Dark Pulse|p1a: Zapdos\n|-damage|p1a: Zapdos|0 fnt\n|faint|p1a: Zapdos\n|\n|-fieldend|move: Trick Room\n|upkeep\n|\n|t:|1700365997\n|switch|p1a: Cinderace|Cinderace, F|40\/100\n|turn|11\n|\n|t:|1700366002\n|move|p1a: Cinderace|U-turn|p2a: Hoopa\n|-supereffective|p2a: Hoopa\n|-enditem|p2a: Hoopa|Focus Sash\n|-damage|p2a: Hoopa|1\/100\n|inactive|Battle timer is ON: inactive players will automatically lose when time's up. (requested by moope)\n|inactive|Dabbington City has 120 seconds left.\n|\n|t:|1700366085\n|switch|p1a: Slowking|Slowking-Galar, M|41\/100|[from] U-turn\n|move|p2a: Hoopa|Trick Room|p2a: Hoopa\n|-fieldstart|move: Trick Room|[of] p2a: Hoopa\n|\n|upkeep\n|turn|12\n|\n|t:|1700366094\n|move|p1a: Slowking|Future Sight|p2a: Hoopa\n|-start|p1a: Slowking|move: Future Sight\n|move|p2a: Hoopa|Dark Pulse|p1a: Slowking\n|-supereffective|p1a: Slowking\n|-damage|p1a: Slowking|0 fnt\n|faint|p1a: Slowking\n|\n|upkeep\n|\n|t:|1700366111\n|switch|p1a: Walking Wake|Walking Wake|100\/100\n|turn|13\n|\n|t:|1700366122\n|move|p2a: Hoopa|Psychic|p1a: Walking Wake\n|-damage|p1a: Walking Wake|0 fnt\n|faint|p1a: Walking Wake\n|-end|p1a: Walking Wake|Protosynthesis|[silent]\n|\n|upkeep\n|\n|t:|1700366126\n|switch|p1a: Cinderace|Cinderace, F|40\/100\n|turn|14\n|\n|t:|1700366129\n|move|p2a: Hoopa|Psychic|p1a: Cinderace\n|-damage|p1a: Cinderace|0 fnt\n|faint|p1a: Cinderace\n|\n|-end|p2a: Hoopa|move: Future Sight\n|-immune|p2a: Hoopa\n|upkeep\n|\n|t:|1700366130\n|switch|p1a: Ogerpon|Ogerpon-Wellspring, F|100\/100\n|turn|15\n|\n|t:|1700366135\n|-terastallize|p1a: Ogerpon|Water\n|detailschange|p1a: Ogerpon|Ogerpon-Wellspring-Tera, F, tera:Water\n|-ability|p1a: Ogerpon|Embody Aspect (Wellspring)|boost\n|-boost|p1a: Ogerpon|spd|1\n|move|p2a: Hoopa|Psychic|p1a: Ogerpon\n|-damage|p1a: Ogerpon|0 fnt\n|faint|p1a: Ogerpon\n|\n|win|moope\n|raw|Dabbington City's rating: 1403 &rarr; <strong>1381<\/strong><br \/>(-22 for losing)\n|raw|moope's rating: 1364 &rarr; <strong>1386<\/strong><br \/>(+22 for winning)\n","uploadtime":1700366138,"views":20,"p1id":"dabbingtoncity","p2id":"moope","formatid":"gen9ou","rating":1381,"private":0,"password":""}