{"id":"gen9ou-1996563029","p1":"mkyn","p2":"Elite R2Dnl","format":"[Gen 9] OU","log":"|j|\u2606mkyn\n|j|\u2606Elite R2Dnl\n|t:|1700694676\n|gametype|singles\n|player|p1|mkyn|morty|1617\n|player|p2|Elite R2Dnl|kimonogirl|1511\n|teamsize|p1|6\n|teamsize|p2|6\n|gen|9\n|tier|[Gen 9] OU\n|rated|\n|rule|Sleep Clause Mod: Limit one foe put to sleep\n|rule|Species Clause: Limit one of each Pok\u00e9mon\n|rule|OHKO Clause: OHKO moves are banned\n|rule|Evasion Items Clause: Evasion items are banned\n|rule|Evasion Moves Clause: Evasion moves are banned\n|rule|Endless Battle Clause: Forcing endless battles is banned\n|rule|HP Percentage Mod: HP is shown in percentages\n|clearpoke\n|poke|p1|Heatran, F|\n|poke|p1|Hatterene, F|\n|poke|p1|Zapdos|\n|poke|p1|Ogerpon-Wellspring, F|\n|poke|p1|Weezing-Galar, M|\n|poke|p1|Dragapult, M|\n|poke|p2|Garchomp, M|\n|poke|p2|Empoleon, M|\n|poke|p2|Great Tusk|\n|poke|p2|Dragapult, M|\n|poke|p2|Zapdos|\n|poke|p2|Amoonguss, F|\n|teampreview\n|inactive|Battle timer is ON: inactive players will automatically lose when time's up. (requested by Elite R2Dnl)\n|\n|t:|1700694719\n|start\n|switch|p1a: Dragapult|Dragapult, M|100\/100\n|switch|p2a: Clhodoweich|Zapdos|100\/100\n|turn|1\n|\n|t:|1700694732\n|-terastallize|p1a: Dragapult|Ghost\n|move|p1a: Dragapult|Tera Blast|p2a: Clhodoweich|[anim] Tera Blast Ghost\n|-damage|p2a: Clhodoweich|15\/100\n|move|p2a: Clhodoweich|Volt Switch|p1a: Dragapult\n|-damage|p1a: Dragapult|56\/100\n|inactive|Elite R2Dnl has 120 seconds left.\n|inactive|Elite R2Dnl has 90 seconds left.\n|\n|t:|1700694808\n|switch|p2a: Pingu|Empoleon, M|100\/100|[from] Volt Switch\n|\n|upkeep\n|turn|2\n|\n|t:|1700694824\n|move|p1a: Dragapult|Tera Blast|p2a: Pingu|[anim] Tera Blast Ghost\n|-damage|p2a: Pingu|40\/100\n|move|p2a: Pingu|Surf|p1a: Dragapult\n|-damage|p1a: Dragapult|8\/100\n|\n|-heal|p2a: Pingu|46\/100|[from] item: Leftovers\n|upkeep\n|turn|3\n|\n|t:|1700694832\n|move|p1a: Dragapult|Tera Blast|p2a: Pingu|[anim] Tera Blast Ghost\n|-damage|p2a: Pingu|0 fnt\n|faint|p2a: Pingu\n|\n|upkeep\n|\n|t:|1700694841\n|switch|p2a: Oppenheimer|Dragapult, M|100\/100\n|turn|4\n|\n|t:|1700694851\n|switch|p1a: Weezing|Weezing-Galar, M|100\/100\n|-ability|p1a: Weezing|Neutralizing Gas\n|move|p2a: Oppenheimer|Shadow Ball|p1a: Weezing\n|-damage|p1a: Weezing|31\/100\n|\n|-heal|p1a: Weezing|37\/100|[from] item: Leftovers\n|upkeep\n|turn|5\n|\n|t:|1700694861\n|-end|p1a: Weezing|ability: Neutralizing Gas\n|switch|p1a: Heatran|Heatran, F|100\/100\n|move|p2a: Oppenheimer|Shadow Ball|p1a: Heatran\n|-damage|p1a: Heatran|70\/100\n|\n|-heal|p1a: Heatran|76\/100|[from] item: Leftovers\n|upkeep\n|turn|6\n|inactive|Elite R2Dnl has 90 seconds left.\n|\n|t:|1700694871\n|switch|p2a: Manny|Great Tusk|100\/100\n|move|p1a: Heatran|Protect||[still]\n|-fail|p1a: Heatran\n|\n|-heal|p1a: Heatran|82\/100|[from] item: Leftovers\n|upkeep\n|turn|7\n|\n|t:|1700694884\n|switch|p1a: Hatterene|Hatterene, F|100\/100\n|move|p2a: Manny|Stealth Rock|p1a: Hatterene\n|move|p1a: Hatterene|Stealth Rock|p2a: Manny|[from]ability: Magic Bounce\n|-sidestart|p2: Elite R2Dnl|move: Stealth Rock\n|\n|upkeep\n|turn|8\n|\n|t:|1700694891\n|move|p2a: Manny|Rapid Spin|p1a: Hatterene\n|-damage|p1a: Hatterene|88\/100\n|-boost|p2a: Manny|spe|1\n|-sideend|p2: Elite R2Dnl|Stealth Rock|[from] move: Rapid Spin|[of] p2a: Manny\n|move|p1a: Hatterene|Calm Mind|p1a: Hatterene\n|-boost|p1a: Hatterene|spa|1\n|-boost|p1a: Hatterene|spd|1\n|\n|-heal|p1a: Hatterene|94\/100|[from] item: Leftovers\n|upkeep\n|turn|9\n|\n|t:|1700694906\n|move|p2a: Manny|Knock Off|p1a: Hatterene\n|-crit|p1a: Hatterene\n|-damage|p1a: Hatterene|57\/100\n|-enditem|p1a: Hatterene|Leftovers|[from] move: Knock Off|[of] p2a: Manny\n|move|p1a: Hatterene|Draining Kiss|p2a: Manny\n|-supereffective|p2a: Manny\n|-damage|p2a: Manny|3\/100\n|-heal|p1a: Hatterene|100\/100|[from] drain|[of] p2a: Manny\n|\n|upkeep\n|turn|10\n|\n|t:|1700694921\n|-end|p2a: Manny|Protosynthesis|[silent]\n|switch|p2a: Sussy|Amoonguss, F|100\/100\n|move|p1a: Hatterene|Draining Kiss|p2a: Sussy\n|-resisted|p2a: Sussy\n|-damage|p2a: Sussy|89\/100\n|\n|-heal|p2a: Sussy|95\/100|[from] item: Black Sludge\n|upkeep\n|turn|11\n|\n|t:|1700694925\n|move|p1a: Hatterene|Psyshock|p2a: Sussy\n|-supereffective|p2a: Sussy\n|-damage|p2a: Sussy|0 fnt\n|faint|p2a: Sussy\n|\n|upkeep\n|\n|t:|1700694937\n|switch|p2a: Glaurung|Garchomp, M|100\/100\n|turn|12\n|\n|t:|1700694942\n|-terastallize|p2a: Glaurung|Fire\n|move|p2a: Glaurung|Swords Dance|p2a: Glaurung\n|-boost|p2a: Glaurung|atk|2\n|move|p1a: Hatterene|Draining Kiss|p2a: Glaurung\n|-resisted|p2a: Glaurung\n|-damage|p2a: Glaurung|84\/100\n|-damage|p1a: Hatterene|88\/100|[from] ability: Rough Skin|[of] p2a: Glaurung\n|\n|upkeep\n|turn|13\n|inactive|Elite R2Dnl has 120 seconds left.\n|\n|t:|1700694953\n|switch|p1a: Weezing|Weezing-Galar, M|37\/100\n|-ability|p1a: Weezing|Neutralizing Gas\n|move|p2a: Glaurung|Earthquake|p1a: Weezing\n|-supereffective|p1a: Weezing\n|-damage|p1a: Weezing|0 fnt\n|faint|p1a: Weezing\n|-end|p1a: Weezing|ability: Neutralizing Gas\n|\n|upkeep\n|\n|t:|1700694956\n|switch|p1a: Dragapult|Dragapult, M, tera:Ghost|8\/100\n|turn|14\n|\n|t:|1700694964\n|move|p1a: Dragapult|Tera Blast|p2a: Glaurung|[anim] Tera Blast Ghost\n|-damage|p2a: Glaurung|14\/100\n|move|p2a: Glaurung|Scale Shot|p1a: Dragapult\n|-damage|p1a: Dragapult|0 fnt\n|faint|p1a: Dragapult\n|-hitcount|p1: Dragapult|1\n|-unboost|p2a: Glaurung|def|1\n|-boost|p2a: Glaurung|spe|1\n|\n|upkeep\n|\n|t:|1700694990\n|switch|p1a: Zapdos|Zapdos|100\/100\n|turn|15\n|\n|t:|1700694995\n|move|p2a: Glaurung|Stone Edge|p1a: Zapdos\n|-supereffective|p1a: Zapdos\n|-damage|p1a: Zapdos|0 fnt\n|faint|p1a: Zapdos\n|\n|upkeep\n|\n|t:|1700694998\n|switch|p1a: Ogerpon|Ogerpon-Wellspring, F|100\/100\n|turn|16\n|\n|t:|1700695002\n|move|p2a: Glaurung|Scale Shot|p1a: Ogerpon\n|-damage|p1a: Ogerpon|67\/100\n|-damage|p1a: Ogerpon|33\/100\n|-damage|p1a: Ogerpon|0 fnt\n|faint|p1a: Ogerpon\n|-hitcount|p1: Ogerpon|3\n|-unboost|p2a: Glaurung|def|1\n|-boost|p2a: Glaurung|spe|1\n|\n|upkeep\n|-message|mkyn forfeited.\n|\n|win|Elite R2Dnl\n|raw|mkyn's rating: 1617 &rarr; <strong>1591<\/strong><br \/>(-26 for losing)\n|raw|Elite R2Dnl's rating: 1511 &rarr; <strong>1537<\/strong><br \/>(+26 for winning)\n|l|\u2606mkyn\n","uploadtime":1700695019,"views":4,"p1id":"mkyn","p2id":"eliter2dnl","formatid":"gen9ou","rating":1537,"private":0,"password":""}