{"id":"gen9ou-1999483902","p1":"FatalisPL","p2":"DynaTheCryo","format":"[Gen 9] OU","log":"|j|\u2606FatalisPL\n|j|\u2606DynaTheCryo\n|t:|1701087419\n|gametype|singles\n|player|p1|FatalisPL|101|1210\n|player|p2|DynaTheCryo|unknown|1201\n|teamsize|p1|6\n|teamsize|p2|6\n|gen|9\n|tier|[Gen 9] OU\n|rated|\n|rule|Sleep Clause Mod: Limit one foe put to sleep\n|rule|Species Clause: Limit one of each Pok\u00e9mon\n|rule|OHKO Clause: OHKO moves are banned\n|rule|Evasion Items Clause: Evasion items are banned\n|rule|Evasion Moves Clause: Evasion moves are banned\n|rule|Endless Battle Clause: Forcing endless battles is banned\n|rule|HP Percentage Mod: HP is shown in percentages\n|clearpoke\n|poke|p1|Ursaluna, M|\n|poke|p1|Ogerpon-Wellspring, F|\n|poke|p1|Ting-Lu|\n|poke|p1|Gholdengo|\n|poke|p1|Zapdos|\n|poke|p1|Great Tusk|\n|poke|p2|Samurott-Hisui, M|\n|poke|p2|Heatran, F|\n|poke|p2|Dragonite, F|\n|poke|p2|Ogerpon-Wellspring, F|\n|poke|p2|Corviknight, F|\n|poke|p2|Grimmsnarl, M|\n|teampreview\n|\n|t:|1701087428\n|start\n|switch|p1a: Ting-Lu|Ting-Lu|100\/100\n|switch|p2a: Grimmsnarl|Grimmsnarl, M|100\/100\n|-ability|p1a: Ting-Lu|Vessel of Ruin\n|turn|1\n|inactive|Battle timer is ON: inactive players will automatically lose when time's up. (requested by FatalisPL)\n|\n|t:|1701087433\n|move|p2a: Grimmsnarl|Reflect|p2a: Grimmsnarl\n|-sidestart|p2: DynaTheCryo|Reflect\n|move|p1a: Ting-Lu|Spikes|p2a: Grimmsnarl\n|-sidestart|p2: DynaTheCryo|Spikes\n|\n|upkeep\n|turn|2\n|\n|t:|1701087435\n|move|p2a: Grimmsnarl|Light Screen|p2a: Grimmsnarl\n|-sidestart|p2: DynaTheCryo|move: Light Screen\n|move|p1a: Ting-Lu|Spikes|p2a: Grimmsnarl\n|-sidestart|p2: DynaTheCryo|Spikes\n|\n|upkeep\n|turn|3\n|\n|t:|1701087438\n|switch|p2a: Corviknight|Corviknight, F, shiny|100\/100\n|move|p1a: Ting-Lu|Spikes|p2a: Corviknight\n|-sidestart|p2: DynaTheCryo|Spikes\n|\n|upkeep\n|turn|4\n|\n|t:|1701087451\n|switch|p1a: Gholdengo|Gholdengo|100\/100\n|move|p2a: Corviknight|U-turn|p1a: Gholdengo\n|-resisted|p1a: Gholdengo\n|-damage|p1a: Gholdengo|97\/100\n|\n|t:|1701087463\n|switch|p2a: Samurott-Unova|Samurott-Hisui, M, shiny|100\/100|[from] U-turn\n|-damage|p2a: Samurott-Unova|76\/100|[from] Spikes\n|\n|upkeep\n|turn|5\n|\n|t:|1701087470\n|switch|p1a: Ogerpon|Ogerpon-Wellspring, F|100\/100\n|move|p2a: Samurott-Unova|Ceaseless Edge|p1a: Ogerpon\n|-damage|p1a: Ogerpon|44\/100\n|-sidestart|p1: FatalisPL|Spikes\n|\n|-sideend|p2: DynaTheCryo|Reflect\n|upkeep\n|turn|6\n|\n|t:|1701087477\n|move|p1a: Ogerpon|Power Whip|p2a: Samurott-Unova\n|-supereffective|p2a: Samurott-Unova\n|-damage|p2a: Samurott-Unova|0 fnt\n|faint|p2a: Samurott-Unova\n|\n|-sideend|p2: DynaTheCryo|move: Light Screen\n|upkeep\n|\n|t:|1701087482\n|switch|p2a: Corviknight|Corviknight, F, shiny|100\/100\n|turn|7\n|\n|t:|1701087487\n|switch|p1a: Gholdengo|Gholdengo|97\/100\n|-damage|p1a: Gholdengo|85\/100|[from] Spikes\n|move|p2a: Corviknight|Defog|p1a: Gholdengo\n|-immune|p1a: Gholdengo|[from] ability: Good as Gold\n|\n|upkeep\n|turn|8\n|\n|t:|1701087495\n|move|p1a: Gholdengo|Shadow Ball|p2a: Corviknight\n|-damage|p2a: Corviknight|65\/100\n|move|p2a: Corviknight|U-turn|p1a: Gholdengo\n|-resisted|p1a: Gholdengo\n|-damage|p1a: Gholdengo|81\/100\n|\n|t:|1701087501\n|switch|p2a: Heatran|Heatran, F|100\/100|[from] U-turn\n|-damage|p2a: Heatran|76\/100|[from] Spikes\n|\n|upkeep\n|turn|9\n|\n|t:|1701087515\n|switch|p1a: Ting-Lu|Ting-Lu|100\/100\n|-damage|p1a: Ting-Lu|88\/100|[from] Spikes\n|-ability|p1a: Ting-Lu|Vessel of Ruin\n|move|p2a: Heatran|Flamethrower|p1a: Ting-Lu\n|-crit|p1a: Ting-Lu\n|-damage|p1a: Ting-Lu|59\/100\n|\n|-heal|p1a: Ting-Lu|65\/100|[from] item: Leftovers\n|upkeep\n|turn|10\n|\n|t:|1701087528\n|switch|p2a: Corviknight|Corviknight, F, shiny|65\/100\n|move|p1a: Ting-Lu|Ruination|p2a: Corviknight\n|-damage|p2a: Corviknight|33\/100\n|\n|-heal|p1a: Ting-Lu|72\/100|[from] item: Leftovers\n|upkeep\n|turn|11\n|\n|t:|1701087533\n|switch|p1a: Gholdengo|Gholdengo|81\/100\n|-damage|p1a: Gholdengo|69\/100|[from] Spikes\n|move|p2a: Corviknight|Roost|p2a: Corviknight\n|-heal|p2a: Corviknight|83\/100\n|-singleturn|p2a: Corviknight|move: Roost\n|\n|upkeep\n|turn|12\n|\n|t:|1701087538\n|move|p1a: Gholdengo|Shadow Ball|p2a: Corviknight\n|-damage|p2a: Corviknight|48\/100\n|-ability|p2a: Corviknight|Mirror Armor\n|-unboost|p1a: Gholdengo|spd|1\n|move|p2a: Corviknight|U-turn|p1a: Gholdengo\n|-resisted|p1a: Gholdengo\n|-damage|p1a: Gholdengo|66\/100\n|\n|t:|1701087543\n|switch|p2a: Heatran|Heatran, F|76\/100|[from] U-turn\n|-damage|p2a: Heatran|51\/100|[from] Spikes\n|\n|upkeep\n|turn|13\n|\n|t:|1701087549\n|switch|p1a: Ting-Lu|Ting-Lu|72\/100\n|-damage|p1a: Ting-Lu|59\/100|[from] Spikes\n|-ability|p1a: Ting-Lu|Vessel of Ruin\n|move|p2a: Heatran|Flamethrower|p1a: Ting-Lu\n|-damage|p1a: Ting-Lu|38\/100\n|\n|-heal|p1a: Ting-Lu|44\/100|[from] item: Leftovers\n|upkeep\n|turn|14\n|\n|t:|1701087556\n|switch|p2a: Grimmsnarl|Grimmsnarl, M|100\/100\n|-damage|p2a: Grimmsnarl|76\/100|[from] Spikes\n|move|p1a: Ting-Lu|Whirlwind|p2a: Grimmsnarl\n|drag|p2a: Dragonite|Dragonite, F|100\/100\n|\n|-heal|p1a: Ting-Lu|50\/100|[from] item: Leftovers\n|upkeep\n|turn|15\n|\n|t:|1701087566\n|move|p2a: Dragonite|Ice Spinner|p1a: Ting-Lu\n|-supereffective|p1a: Ting-Lu\n|-damage|p1a: Ting-Lu|18\/100\n|move|p1a: Ting-Lu|Whirlwind|p2a: Dragonite\n|drag|p2a: Heatran|Heatran, F|51\/100\n|-damage|p2a: Heatran|26\/100|[from] Spikes\n|\n|-heal|p1a: Ting-Lu|24\/100|[from] item: Leftovers\n|upkeep\n|turn|16\n|\n|t:|1701087573\n|-terastallize|p2a: Heatran|Grass\n|move|p2a: Heatran|Tera Blast|p1a: Ting-Lu|[anim] Tera Blast Grass\n|-supereffective|p1a: Ting-Lu\n|-damage|p1a: Ting-Lu|0 fnt\n|faint|p1a: Ting-Lu\n|\n|upkeep\n|\n|t:|1701087583\n|switch|p1a: Ogerpon|Ogerpon-Wellspring, F|44\/100\n|-damage|p1a: Ogerpon|32\/100|[from] Spikes\n|turn|17\n|\n|t:|1701087587\n|move|p2a: Heatran|Tera Blast|p1a: Ogerpon|[anim] Tera Blast Grass\n|-damage|p1a: Ogerpon|0 fnt\n|faint|p1a: Ogerpon\n|\n|upkeep\n|\n|t:|1701087593\n|switch|p1a: Zapdos|Zapdos|100\/100\n|turn|18\n|\n|t:|1701087598\n|switch|p2a: Grimmsnarl|Grimmsnarl, M|76\/100\n|-damage|p2a: Grimmsnarl|51\/100|[from] Spikes\n|move|p1a: Zapdos|Hurricane|p2a: Grimmsnarl|[miss]\n|-miss|p1a: Zapdos|p2a: Grimmsnarl\n|\n|upkeep\n|turn|19\n|\n|t:|1701087606\n|move|p2a: Grimmsnarl|Light Screen|p2a: Grimmsnarl\n|-sidestart|p2: DynaTheCryo|move: Light Screen\n|move|p1a: Zapdos|Thunder Wave|p2a: Grimmsnarl|[miss]\n|-miss|p1a: Zapdos|p2a: Grimmsnarl\n|\n|upkeep\n|turn|20\n|\n|t:|1701087610\n|move|p2a: Grimmsnarl|Taunt|p1a: Zapdos\n|-start|p1a: Zapdos|move: Taunt\n|cant|p1a: Zapdos|move: Taunt|Thunder Wave\n|\n|upkeep\n|turn|21\n|\n|t:|1701087613\n|move|p2a: Grimmsnarl|Reflect|p2a: Grimmsnarl\n|-sidestart|p2: DynaTheCryo|Reflect\n|move|p1a: Zapdos|Hurricane|p2a: Grimmsnarl\n|-damage|p2a: Grimmsnarl|31\/100\n|\n|upkeep\n|turn|22\n|\n|t:|1701087617\n|move|p2a: Grimmsnarl|Sucker Punch|p1a: Zapdos\n|-damage|p1a: Zapdos|66\/100\n|move|p1a: Zapdos|Volt Switch|p2a: Grimmsnarl\n|-damage|p2a: Grimmsnarl|17\/100\n|\n|t:|1701087623\n|switch|p1a: Great Tusk|Great Tusk|100\/100|[from] Volt Switch\n|-damage|p1a: Great Tusk|88\/100|[from] Spikes\n|-enditem|p1a: Great Tusk|Booster Energy\n|-activate|p1a: Great Tusk|ability: Protosynthesis|[fromitem]\n|-start|p1a: Great Tusk|protosynthesisspe\n|\n|upkeep\n|turn|23\n|\n|t:|1701087628\n|move|p2a: Grimmsnarl|Taunt|p1a: Great Tusk\n|-start|p1a: Great Tusk|move: Taunt\n|cant|p1a: Great Tusk|move: Taunt|Bulk Up\n|\n|-sideend|p2: DynaTheCryo|move: Light Screen\n|upkeep\n|turn|24\n|\n|t:|1701087634\n|move|p2a: Grimmsnarl|Sucker Punch|p1a: Great Tusk\n|-resisted|p1a: Great Tusk\n|-damage|p1a: Great Tusk|76\/100\n|move|p1a: Great Tusk|Rapid Spin|p2a: Grimmsnarl\n|-damage|p2a: Grimmsnarl|6\/100\n|-boost|p1a: Great Tusk|spe|1\n|-sideend|p1: FatalisPL|Spikes|[from] move: Rapid Spin|[of] p1a: Great Tusk\n|\n|upkeep\n|turn|25\n|\n|t:|1701087638\n|move|p2a: Grimmsnarl|Sucker Punch|p1a: Great Tusk\n|-resisted|p1a: Great Tusk\n|-damage|p1a: Great Tusk|65\/100\n|move|p1a: Great Tusk|Rapid Spin|p2a: Grimmsnarl\n|-damage|p2a: Grimmsnarl|0 fnt\n|-boost|p1a: Great Tusk|spe|1\n|faint|p2a: Grimmsnarl\n|\n|-end|p1a: Great Tusk|move: Taunt\n|-sideend|p2: DynaTheCryo|Reflect\n|upkeep\n|\n|t:|1701087641\n|switch|p2a: Dragonite|Dragonite, F|100\/100\n|turn|26\n|\n|t:|1701087644\n|move|p1a: Great Tusk|Ice Spinner|p2a: Dragonite\n|-supereffective|p2a: Dragonite\n|-damage|p2a: Dragonite|48\/100\n|-enditem|p2a: Dragonite|Weakness Policy\n|-boost|p2a: Dragonite|atk|2|[from] item: Weakness Policy\n|-boost|p2a: Dragonite|spa|2|[from] item: Weakness Policy\n|move|p2a: Dragonite|Ice Spinner|p1a: Great Tusk\n|-supereffective|p1a: Great Tusk\n|-damage|p1a: Great Tusk|0 fnt\n|faint|p1a: Great Tusk\n|-end|p1a: Great Tusk|Protosynthesis|[silent]\n|\n|upkeep\n|\n|t:|1701087653\n|switch|p1a: Zapdos|Zapdos|66\/100\n|turn|27\n|\n|t:|1701087655\n|move|p2a: Dragonite|Extreme Speed|p1a: Zapdos\n|-damage|p1a: Zapdos|5\/100\n|move|p1a: Zapdos|Thunder Wave|p2a: Dragonite\n|-status|p2a: Dragonite|par\n|\n|upkeep\n|turn|28\n|\n|t:|1701087661\n|move|p2a: Dragonite|Extreme Speed|p1a: Zapdos\n|-damage|p1a: Zapdos|0 fnt\n|faint|p1a: Zapdos\n|\n|upkeep\n|\n|t:|1701087665\n|switch|p1a: Ursaluna|Ursaluna, M|100\/100\n|turn|29\n|\n|t:|1701087671\n|-terastallize|p1a: Ursaluna|Ghost\n|move|p1a: Ursaluna|Facade|p2a: Dragonite\n|-damage|p2a: Dragonite|3\/100 par\n|cant|p2a: Dragonite|par\n|\n|-status|p1a: Ursaluna|brn|[from] item: Flame Orb\n|upkeep\n|turn|30\n|\n|t:|1701087676\n|move|p1a: Ursaluna|Facade|p2a: Dragonite\n|-damage|p2a: Dragonite|0 fnt\n|faint|p2a: Dragonite\n|\n|-damage|p1a: Ursaluna|94\/100 brn|[from] brn\n|upkeep\n|\n|t:|1701087683\n|switch|p2a: Corviknight|Corviknight, F, shiny|48\/100\n|turn|31\n|\n|t:|1701087686\n|move|p1a: Ursaluna|Fire Punch|p2a: Corviknight\n|-supereffective|p2a: Corviknight\n|-damage|p2a: Corviknight|0 fnt\n|faint|p2a: Corviknight\n|\n|-damage|p1a: Ursaluna|88\/100 brn|[from] brn\n|upkeep\n|\n|t:|1701087688\n|switch|p2a: Ogerpon|Ogerpon-Wellspring, F|100\/100\n|-damage|p2a: Ogerpon|76\/100|[from] Spikes\n|turn|32\n|\n|t:|1701087692\n|move|p2a: Ogerpon|Ivy Cudgel|p1a: Ursaluna|[anim] Ivy Cudgel Water\n|-damage|p1a: Ursaluna|44\/100 brn\n|move|p1a: Ursaluna|Facade|p2a: Ogerpon\n|-damage|p2a: Ogerpon|0 fnt\n|faint|p2a: Ogerpon\n|\n|-damage|p1a: Ursaluna|37\/100 brn|[from] brn\n|upkeep\n|\n|t:|1701087695\n|switch|p2a: Heatran|Heatran, F, tera:Grass|26\/100\n|-damage|p2a: Heatran|1\/100|[from] Spikes\n|turn|33\n|\n|t:|1701087705\n|move|p2a: Heatran|Flamethrower|p1a: Ursaluna\n|-damage|p1a: Ursaluna|0 fnt\n|faint|p1a: Ursaluna\n|\n|upkeep\n|\n|t:|1701087707\n|switch|p1a: Gholdengo|Gholdengo|66\/100\n|turn|34\n|\n|t:|1701087709\n|move|p2a: Heatran|Flamethrower|p1a: Gholdengo\n|-supereffective|p1a: Gholdengo\n|-damage|p1a: Gholdengo|0 fnt\n|faint|p1a: Gholdengo\n|\n|win|DynaTheCryo\n|raw|FatalisPL's rating: 1210 &rarr; <strong>1184<\/strong><br \/>(-26 for losing)\n|raw|DynaTheCryo's rating: 1201 &rarr; <strong>1227<\/strong><br \/>(+26 for winning)\n|l|\u2606FatalisPL\n|c|\u2606DynaTheCryo|gg\n","uploadtime":1701087717,"views":12,"p1id":"fatalispl","p2id":"dynathecryo","formatid":"gen9ou","rating":1184,"private":0,"password":""}