{"id":"gen9ou-2000048707","p1":"DerekGrish","p2":"BossShuckle","format":"[Gen 9] OU","log":"|j|\u2606DerekGrish\n|j|\u2606BossShuckle\n|t:|1701145964\n|gametype|singles\n|player|p1|DerekGrish|hoopster|\n|player|p2|BossShuckle|veteran|\n|teamsize|p1|6\n|teamsize|p2|6\n|gen|9\n|tier|[Gen 9] OU\n|rule|Sleep Clause Mod: Limit one foe put to sleep\n|rule|Species Clause: Limit one of each Pok\u00e9mon\n|rule|OHKO Clause: OHKO moves are banned\n|rule|Evasion Items Clause: Evasion items are banned\n|rule|Evasion Moves Clause: Evasion moves are banned\n|rule|Endless Battle Clause: Forcing endless battles is banned\n|rule|HP Percentage Mod: HP is shown in percentages\n|clearpoke\n|poke|p1|Samurott-Hisui, M|\n|poke|p1|Tornadus-Therian, M|\n|poke|p1|Magnezone|\n|poke|p1|Quaquaval, M|\n|poke|p1|Gholdengo|\n|poke|p1|Rotom-Mow|\n|poke|p2|Scream Tail|\n|poke|p2|Umbreon, M|\n|poke|p2|Amoonguss, M|\n|poke|p2|Coalossal, M|\n|poke|p2|Tyranitar, F|\n|poke|p2|Dondozo, M|\n|teampreview\n|j| MaxiumMeda\n|c| MaxiumMeda|go ahedo mr jostr\n|inactive|Battle timer is ON: inactive players will automatically lose when time's up. (requested by DerekGrish)\n|\n|t:|1701146021\n|start\n|switch|p1a: Tornadus|Tornadus-Therian, M|100\/100\n|switch|p2a: Rodney|Umbreon, M, shiny|100\/100\n|turn|1\n|\n|t:|1701146041\n|move|p1a: Tornadus|Taunt|p2a: Rodney\n|-start|p2a: Rodney|move: Taunt\n|cant|p2a: Rodney|move: Taunt|Toxic\n|\n|upkeep\n|turn|2\n|\n|t:|1701146049\n|switch|p2a: Dad|Coalossal, M|100\/100\n|move|p1a: Tornadus|U-turn|p2a: Dad\n|-resisted|p2a: Dad\n|-damage|p2a: Dad|96\/100\n|\n|t:|1701146052\n|switch|p1a: Samurott|Samurott-Hisui, M|100\/100|[from] U-turn\n|\n|upkeep\n|turn|3\n|\n|t:|1701146059\n|switch|p2a: Swich out boi|Amoonguss, M|100\/100\n|move|p1a: Samurott|Ceaseless Edge|p2a: Swich out boi\n|-damage|p2a: Swich out boi|66\/100\n|-sidestart|p2: BossShuckle|Spikes\n|\n|-heal|p2a: Swich out boi|72\/100|[from] item: Black Sludge\n|upkeep\n|turn|4\n|\n|t:|1701146071\n|switch|p1a: Tornadus|Tornadus-Therian, M|100\/100\n|move|p2a: Swich out boi|Sludge Bomb|p1a: Tornadus\n|-damage|p1a: Tornadus|71\/100\n|\n|-heal|p2a: Swich out boi|78\/100|[from] item: Black Sludge\n|upkeep\n|turn|5\n|\n|t:|1701146080\n|switch|p2a: Dad|Coalossal, M|96\/100\n|move|p1a: Tornadus|Bleakwind Storm|p2a: Dad\n|-resisted|p2a: Dad\n|-damage|p2a: Dad|74\/100\n|-unboost|p2a: Dad|spe|1\n|\n|upkeep\n|turn|6\n|\n|t:|1701146095\n|move|p1a: Tornadus|Taunt|p2a: Dad\n|-start|p2a: Dad|move: Taunt\n|move|p2a: Dad|Stone Edge|p1a: Tornadus\n|-supereffective|p1a: Tornadus\n|-damage|p1a: Tornadus|2\/100\n|\n|upkeep\n|turn|7\n|\n|t:|1701146105\n|move|p1a: Tornadus|U-turn|p2a: Dad\n|-resisted|p2a: Dad\n|-damage|p2a: Dad|70\/100\n|-status|p1a: Tornadus|brn|[from] ability: Flame Body|[of] p2a: Dad\n|\n|t:|1701146121\n|switch|p1a: Samurott|Samurott-Hisui, M|100\/100|[from] U-turn\n|move|p2a: Dad|Rapid Spin|p1a: Samurott\n|-damage|p1a: Samurott|89\/100\n|-boost|p2a: Dad|spe|1\n|-sideend|p2: BossShuckle|Spikes|[from] move: Rapid Spin|[of] p2a: Dad\n|\n|upkeep\n|turn|8\n|\n|t:|1701146139\n|switch|p2a: Fish|Dondozo, M|100\/100\n|move|p1a: Samurott|Flip Turn|p2a: Fish\n|-resisted|p2a: Fish\n|-damage|p2a: Fish|94\/100\n|\n|t:|1701146143\n|switch|p1a: Rotom|Rotom-Mow|100\/100|[from] Flip Turn\n|\n|-heal|p2a: Fish|100\/100|[from] item: Leftovers\n|upkeep\n|turn|9\n|\n|t:|1701146157\n|switch|p2a: Mom|Tyranitar, F|100\/100\n|-weather|Sandstorm|[from] ability: Sand Stream|[of] p2a: Mom\n|move|p1a: Rotom|Will-O-Wisp|p2a: Mom\n|-status|p2a: Mom|brn\n|\n|-weather|Sandstorm|[upkeep]\n|-damage|p1a: Rotom|94\/100|[from] Sandstorm\n|-heal|p1a: Rotom|100\/100|[from] item: Leftovers\n|-damage|p2a: Mom|94\/100 brn|[from] brn\n|upkeep\n|turn|10\n|\n|t:|1701146170\n|move|p1a: Rotom|Volt Switch|p2a: Mom\n|-damage|p2a: Mom|88\/100 brn\n|\n|t:|1701146179\n|switch|p1a: Samurott|Samurott-Hisui, M|89\/100|[from] Volt Switch\n|move|p2a: Mom|Knock Off|p1a: Samurott\n|-resisted|p1a: Samurott\n|-damage|p1a: Samurott|74\/100\n|-enditem|p1a: Samurott|Choice Scarf|[from] move: Knock Off|[of] p2a: Mom\n|\n|-weather|Sandstorm|[upkeep]\n|-damage|p1a: Samurott|67\/100|[from] Sandstorm\n|-damage|p2a: Mom|81\/100 brn|[from] brn\n|upkeep\n|turn|11\n|\n|t:|1701146193\n|switch|p2a: Fish|Dondozo, M|100\/100\n|move|p1a: Samurott|Knock Off|p2a: Fish\n|-damage|p2a: Fish|81\/100\n|-enditem|p2a: Fish|Leftovers|[from] move: Knock Off|[of] p1a: Samurott\n|\n|-weather|Sandstorm|[upkeep]\n|-damage|p1a: Samurott|61\/100|[from] Sandstorm\n|-damage|p2a: Fish|75\/100|[from] Sandstorm\n|upkeep\n|turn|12\n|\n|t:|1701146202\n|move|p1a: Samurott|Flip Turn|p2a: Fish\n|-resisted|p2a: Fish\n|-crit|p2a: Fish\n|-damage|p2a: Fish|66\/100\n|\n|t:|1701146206\n|switch|p1a: Rotom|Rotom-Mow|100\/100|[from] Flip Turn\n|move|p2a: Fish|Body Press|p1a: Rotom\n|-damage|p1a: Rotom|79\/100\n|\n|-weather|Sandstorm|[upkeep]\n|-damage|p1a: Rotom|73\/100|[from] Sandstorm\n|-damage|p2a: Fish|59\/100|[from] Sandstorm\n|-heal|p1a: Rotom|79\/100|[from] item: Leftovers\n|upkeep\n|turn|13\n|\n|t:|1701146219\n|switch|p2a: Mom|Tyranitar, F|81\/100 brn\n|move|p1a: Rotom|Volt Switch|p2a: Mom\n|-damage|p2a: Mom|74\/100 brn\n|\n|t:|1701146221\n|switch|p1a: Quaquaval|Quaquaval, M|100\/100|[from] Volt Switch\n|\n|-weather|none\n|-damage|p2a: Mom|67\/100 brn|[from] brn\n|upkeep\n|turn|14\n|\n|t:|1701146234\n|switch|p2a: Rodney|Umbreon, M, shiny|100\/100\n|move|p1a: Quaquaval|Aqua Step|p2a: Rodney\n|-damage|p2a: Rodney|70\/100\n|-boost|p1a: Quaquaval|spe|1\n|\n|-heal|p2a: Rodney|76\/100|[from] item: Leftovers\n|upkeep\n|turn|15\n|\n|t:|1701146251\n|switch|p1a: Gholdengo|Gholdengo|100\/100\n|-terastallize|p2a: Rodney|Poison\n|move|p2a: Rodney|Toxic|p1a: Gholdengo\n|-immune|p1a: Gholdengo|[from] ability: Good as Gold\n|\n|-heal|p2a: Rodney|82\/100|[from] item: Leftovers\n|upkeep\n|turn|16\n|\n|t:|1701146275\n|move|p1a: Gholdengo|Make It Rain|p2a: Rodney\n|-damage|p2a: Rodney|28\/100\n|-unboost|p1a: Gholdengo|spa|1\n|move|p2a: Rodney|Foul Play|p1a: Gholdengo\n|-supereffective|p1a: Gholdengo\n|-damage|p1a: Gholdengo|67\/100\n|\n|-heal|p2a: Rodney|34\/100|[from] item: Leftovers\n|upkeep\n|turn|17\n|inactive|DerekGrish has 270 seconds left.\n|\n|t:|1701146290\n|switch|p1a: Tornadus|Tornadus-Therian, M|35\/100 brn\n|move|p2a: Rodney|Protect||[still]\n|-fail|p2a: Rodney\n|\n|-heal|p2a: Rodney|40\/100|[from] item: Leftovers\n|-damage|p1a: Tornadus|29\/100 brn|[from] brn\n|upkeep\n|turn|18\n|\n|t:|1701146307\n|switch|p2a: Katy Perry|Scream Tail|100\/100\n|move|p1a: Tornadus|Taunt|p2a: Katy Perry\n|-start|p2a: Katy Perry|move: Taunt\n|\n|-damage|p1a: Tornadus|23\/100 brn|[from] brn\n|upkeep\n|turn|19\n|\n|t:|1701146319\n|switch|p1a: Gholdengo|Gholdengo|67\/100\n|move|p2a: Katy Perry|Dazzling Gleam|p1a: Gholdengo\n|-resisted|p1a: Gholdengo\n|-damage|p1a: Gholdengo|57\/100\n|\n|upkeep\n|turn|20\n|\n|t:|1701146340\n|-end|p2a: Katy Perry|Protosynthesis|[silent]\n|switch|p2a: Swich out boi|Amoonguss, M|100\/100\n|move|p1a: Gholdengo|Shadow Ball|p2a: Swich out boi\n|-damage|p2a: Swich out boi|57\/100\n|\n|-heal|p2a: Swich out boi|63\/100|[from] item: Black Sludge\n|upkeep\n|turn|21\n|\n|t:|1701146349\n|switch|p1a: Tornadus|Tornadus-Therian, M|56\/100 brn\n|move|p2a: Swich out boi|Spore||[still]\n|-fail|p2a: Swich out boi\n|\n|-heal|p2a: Swich out boi|69\/100|[from] item: Black Sludge\n|-damage|p1a: Tornadus|50\/100 brn|[from] brn\n|upkeep\n|turn|22\n|\n|t:|1701146361\n|move|p1a: Tornadus|Bleakwind Storm|p2a: Swich out boi\n|-supereffective|p2a: Swich out boi\n|-damage|p2a: Swich out boi|6\/100\n|-unboost|p2a: Swich out boi|spe|1\n|move|p2a: Swich out boi|Sludge Bomb|p1a: Tornadus\n|-damage|p1a: Tornadus|17\/100 brn\n|\n|-heal|p2a: Swich out boi|12\/100|[from] item: Black Sludge\n|-damage|p1a: Tornadus|11\/100 brn|[from] brn\n|upkeep\n|turn|23\n|\n|t:|1701146374\n|switch|p1a: Gholdengo|Gholdengo|57\/100\n|switch|p2a: Dad|Coalossal, M|70\/100\n|\n|upkeep\n|turn|24\n|\n|t:|1701146384\n|move|p1a: Gholdengo|Make It Rain|p2a: Dad\n|-damage|p2a: Dad|0 fnt\n|-unboost|p1a: Gholdengo|spa|1\n|faint|p2a: Dad\n|\n|upkeep\n|\n|t:|1701146399\n|switch|p2a: Fish|Dondozo, M|59\/100\n|turn|25\n|\n|t:|1701146419\n|switch|p1a: Rotom|Rotom-Mow|79\/100\n|switch|p2a: Swich out boi|Amoonguss, M|46\/100\n|\n|-heal|p1a: Rotom|86\/100|[from] item: Leftovers\n|-heal|p2a: Swich out boi|52\/100|[from] item: Black Sludge\n|upkeep\n|turn|26\n|\n|t:|1701146435\n|move|p1a: Rotom|Volt Switch|p2a: Swich out boi\n|-resisted|p2a: Swich out boi\n|-damage|p2a: Swich out boi|43\/100\n|\n|t:|1701146437\n|switch|p1a: Tornadus|Tornadus-Therian, M|44\/100 brn|[from] Volt Switch\n|move|p2a: Swich out boi|Sludge Bomb|p1a: Tornadus\n|-damage|p1a: Tornadus|15\/100 brn\n|\n|-heal|p2a: Swich out boi|49\/100|[from] item: Black Sludge\n|-damage|p1a: Tornadus|9\/100 brn|[from] brn\n|upkeep\n|turn|27\n|\n|t:|1701146446\n|switch|p2a: Mom|Tyranitar, F|67\/100 brn\n|-weather|Sandstorm|[from] ability: Sand Stream|[of] p2a: Mom\n|move|p1a: Tornadus|U-turn|p2a: Mom\n|-supereffective|p2a: Mom\n|-damage|p2a: Mom|55\/100 brn\n|\n|t:|1701146449\n|switch|p1a: Quaquaval|Quaquaval, M|100\/100|[from] U-turn\n|\n|-weather|Sandstorm|[upkeep]\n|-damage|p1a: Quaquaval|94\/100|[from] Sandstorm\n|-damage|p2a: Mom|49\/100 brn|[from] brn\n|upkeep\n|turn|28\n|\n|t:|1701146465\n|switch|p2a: Rodney|Umbreon, M, shiny, tera:Poison|40\/100\n|move|p1a: Quaquaval|Close Combat|p2a: Rodney\n|-resisted|p2a: Rodney\n|-damage|p2a: Rodney|18\/100\n|-unboost|p1a: Quaquaval|def|1\n|-unboost|p1a: Quaquaval|spd|1\n|\n|-weather|Sandstorm|[upkeep]\n|-damage|p1a: Quaquaval|88\/100|[from] Sandstorm\n|-damage|p2a: Rodney|12\/100|[from] Sandstorm\n|-heal|p2a: Rodney|18\/100|[from] item: Leftovers\n|upkeep\n|turn|29\n|\n|t:|1701146476\n|move|p2a: Rodney|Protect|p2a: Rodney\n|-singleturn|p2a: Rodney|Protect\n|move|p1a: Quaquaval|Aqua Step|p2a: Rodney\n|-activate|p2a: Rodney|move: Protect\n|\n|-weather|Sandstorm|[upkeep]\n|-damage|p1a: Quaquaval|82\/100|[from] Sandstorm\n|-damage|p2a: Rodney|12\/100|[from] Sandstorm\n|-heal|p2a: Rodney|18\/100|[from] item: Leftovers\n|upkeep\n|turn|30\n|\n|t:|1701146492\n|switch|p2a: Katy Perry|Scream Tail|100\/100\n|move|p1a: Quaquaval|Aqua Step|p2a: Katy Perry\n|-damage|p2a: Katy Perry|77\/100\n|-boost|p1a: Quaquaval|spe|1\n|\n|-weather|Sandstorm|[upkeep]\n|-damage|p1a: Quaquaval|76\/100|[from] Sandstorm\n|-damage|p2a: Katy Perry|71\/100|[from] Sandstorm\n|-heal|p2a: Katy Perry|77\/100|[from] item: Leftovers\n|upkeep\n|turn|31\n|\n|t:|1701146503\n|switch|p1a: Gholdengo|Gholdengo|57\/100\n|move|p2a: Katy Perry|Wish|p2a: Katy Perry\n|\n|-weather|none\n|-heal|p2a: Katy Perry|83\/100|[from] item: Leftovers\n|upkeep\n|turn|32\n|\n|t:|1701146514\n|move|p2a: Katy Perry|Protect|p2a: Katy Perry\n|-singleturn|p2a: Katy Perry|Protect\n|move|p1a: Gholdengo|Trick|p2a: Katy Perry\n|-activate|p2a: Katy Perry|move: Protect\n|\n|-heal|p2a: Katy Perry|100\/100|[from] move: Wish|[wisher] Katy Perry\n|upkeep\n|turn|33\n|\n|t:|1701146531\n|move|p1a: Gholdengo|Trick|p2a: Katy Perry\n|-activate|p1a: Gholdengo|move: Trick|[of] p2a: Katy Perry\n|-item|p2a: Katy Perry|Choice Specs|[from] move: Trick\n|-item|p1a: Gholdengo|Leftovers|[from] move: Trick\n|move|p2a: Katy Perry|Encore|p1a: Gholdengo\n|-immune|p1a: Gholdengo|[from] ability: Good as Gold\n|\n|-heal|p1a: Gholdengo|63\/100|[from] item: Leftovers\n|upkeep\n|turn|34\n|inactive|BossShuckle has 270 seconds left.\n|c| MaxiumMeda|ironic\n|c| MaxiumMeda|locked into encore\n|inactive|BossShuckle has 240 seconds left.\n|\n|t:|1701146589\n|-end|p2a: Katy Perry|Protosynthesis|[silent]\n|switch|p2a: Swich out boi|Amoonguss, M|82\/100\n|move|p1a: Gholdengo|Shadow Ball|p2a: Swich out boi\n|-damage|p2a: Swich out boi|52\/100\n|\n|-heal|p1a: Gholdengo|69\/100|[from] item: Leftovers\n|-heal|p2a: Swich out boi|58\/100|[from] item: Black Sludge\n|upkeep\n|turn|35\n|inactive|DerekGrish has 270 seconds left.\n|\n|t:|1701146626\n|move|p1a: Gholdengo|Make It Rain|p2a: Swich out boi\n|-damage|p2a: Swich out boi|19\/100\n|-unboost|p1a: Gholdengo|spa|1\n|move|p2a: Swich out boi|Sludge Bomb|p1a: Gholdengo\n|-immune|p1a: Gholdengo\n|\n|-heal|p1a: Gholdengo|75\/100|[from] item: Leftovers\n|-heal|p2a: Swich out boi|25\/100|[from] item: Black Sludge\n|upkeep\n|turn|36\n|c| MaxiumMeda|my brain\n|inactive|DerekGrish has 240 seconds left.\n|\n|t:|1701146654\n|switch|p1a: Magnezone|Magnezone|100\/100\n|switch|p2a: Fish|Dondozo, M|59\/100\n|\n|upkeep\n|turn|37\n|\n|t:|1701146662\n|switch|p2a: Rodney|Umbreon, M, shiny, tera:Poison|18\/100\n|move|p1a: Magnezone|Thunderbolt|p2a: Rodney\n|-damage|p2a: Rodney|0 fnt\n|faint|p2a: Rodney\n|\n|upkeep\n|\n|t:|1701146669\n|switch|p2a: Mom|Tyranitar, F|49\/100 brn\n|-weather|Sandstorm|[from] ability: Sand Stream|[of] p2a: Mom\n|turn|38\n|\n|t:|1701146682\n|switch|p1a: Samurott|Samurott-Hisui, M|61\/100\n|move|p2a: Mom|Earthquake|p1a: Samurott\n|-damage|p1a: Samurott|41\/100\n|\n|-weather|Sandstorm|[upkeep]\n|-damage|p1a: Samurott|34\/100|[from] Sandstorm\n|-damage|p2a: Mom|43\/100 brn|[from] brn\n|upkeep\n|turn|39\n|\n|t:|1701146696\n|switch|p2a: Fish|Dondozo, M|59\/100\n|move|p1a: Samurott|Flip Turn|p2a: Fish\n|-resisted|p2a: Fish\n|-damage|p2a: Fish|53\/100\n|\n|t:|1701146698\n|switch|p1a: Rotom|Rotom-Mow|86\/100|[from] Flip Turn\n|\n|-weather|Sandstorm|[upkeep]\n|-damage|p1a: Rotom|79\/100|[from] Sandstorm\n|-damage|p2a: Fish|47\/100|[from] Sandstorm\n|-heal|p1a: Rotom|86\/100|[from] item: Leftovers\n|upkeep\n|turn|40\n|\n|t:|1701146700\n|move|p1a: Rotom|Volt Switch|p2a: Fish\n|-supereffective|p2a: Fish\n|-damage|p2a: Fish|2\/100\n|inactive|DerekGrish has 270 seconds left.\n|\n|t:|1701146706\n|switch|p1a: Gholdengo|Gholdengo|75\/100|[from] Volt Switch\n|move|p2a: Fish|Rest|p2a: Fish\n|-status|p2a: Fish|slp|[from] move: Rest\n|-heal|p2a: Fish|100\/100 slp|[silent]\n|\n|-weather|Sandstorm|[upkeep]\n|-damage|p2a: Fish|94\/100 slp|[from] Sandstorm\n|-heal|p1a: Gholdengo|82\/100|[from] item: Leftovers\n|upkeep\n|turn|41\n|inactive|BossShuckle has 240 seconds left.\n|\n|t:|1701146729\n|switch|p2a: Katy Perry|Scream Tail|100\/100\n|move|p1a: Gholdengo|Thunderbolt|p2a: Katy Perry\n|-damage|p2a: Katy Perry|80\/100\n|\n|-weather|Sandstorm|[upkeep]\n|-damage|p2a: Katy Perry|74\/100|[from] Sandstorm\n|-heal|p1a: Gholdengo|88\/100|[from] item: Leftovers\n|upkeep\n|turn|42\n|\n|t:|1701146738\n|move|p1a: Gholdengo|Make It Rain|p2a: Katy Perry\n|-supereffective|p2a: Katy Perry\n|-damage|p2a: Katy Perry|0 fnt\n|-unboost|p1a: Gholdengo|spa|1\n|faint|p2a: Katy Perry\n|-end|p2a: Katy Perry|Protosynthesis|[silent]\n|\n|-weather|none\n|-heal|p1a: Gholdengo|94\/100|[from] item: Leftovers\n|upkeep\n|\n|t:|1701146743\n|switch|p2a: Fish|Dondozo, M|94\/100 slp\n|turn|43\n|\n|t:|1701146746\n|move|p1a: Gholdengo|Thunderbolt|p2a: Fish\n|-supereffective|p2a: Fish\n|-damage|p2a: Fish|32\/100 slp\n|cant|p2a: Fish|slp\n|move|p2a: Fish|Sleep Talk|p2a: Fish\n|move|p2a: Fish|Rest||[from]move: Sleep Talk|[still]\n|-fail|p2a: Fish\n|\n|-heal|p1a: Gholdengo|99\/100|[from] item: Leftovers\n|upkeep\n|turn|44\n|\n|t:|1701146754\n|switch|p2a: Mom|Tyranitar, F|43\/100 brn\n|-weather|Sandstorm|[from] ability: Sand Stream|[of] p2a: Mom\n|move|p1a: Gholdengo|Thunderbolt|p2a: Mom\n|-damage|p2a: Mom|37\/100 brn\n|\n|-weather|Sandstorm|[upkeep]\n|-heal|p1a: Gholdengo|100\/100|[from] item: Leftovers\n|-damage|p2a: Mom|31\/100 brn|[from] brn\n|upkeep\n|turn|45\n|\n|t:|1701146762\n|switch|p1a: Samurott|Samurott-Hisui, M|34\/100\n|move|p2a: Mom|Knock Off|p1a: Samurott\n|-resisted|p1a: Samurott\n|-damage|p1a: Samurott|24\/100\n|\n|-weather|Sandstorm|[upkeep]\n|-damage|p1a: Samurott|18\/100|[from] Sandstorm\n|-damage|p2a: Mom|25\/100 brn|[from] brn\n|upkeep\n|turn|46\n|inactive|BossShuckle has 270 seconds left.\n|\n|t:|1701146768\n|switch|p2a: Swich out boi|Amoonguss, M|58\/100\n|move|p1a: Samurott|Flip Turn|p2a: Swich out boi\n|-resisted|p2a: Swich out boi\n|-damage|p2a: Swich out boi|37\/100\n|\n|t:|1701146773\n|switch|p1a: Tornadus|Tornadus-Therian, M|43\/100 brn|[from] Flip Turn\n|\n|-weather|Sandstorm|[upkeep]\n|-damage|p1a: Tornadus|37\/100 brn|[from] Sandstorm\n|-damage|p2a: Swich out boi|31\/100|[from] Sandstorm\n|-heal|p2a: Swich out boi|37\/100|[from] item: Black Sludge\n|-damage|p1a: Tornadus|31\/100 brn|[from] brn\n|upkeep\n|turn|47\n|\n|t:|1701146784\n|switch|p2a: Fish|Dondozo, M|32\/100 slp\n|move|p1a: Tornadus|Bleakwind Storm|p2a: Fish|[miss]\n|-miss|p1a: Tornadus|p2a: Fish\n|\n|-weather|Sandstorm|[upkeep]\n|-damage|p1a: Tornadus|25\/100 brn|[from] Sandstorm\n|-damage|p2a: Fish|26\/100 slp|[from] Sandstorm\n|-damage|p1a: Tornadus|19\/100 brn|[from] brn\n|upkeep\n|turn|48\n|\n|t:|1701146790\n|move|p1a: Tornadus|Taunt|p2a: Fish\n|-start|p2a: Fish|move: Taunt\n|cant|p2a: Fish|slp\n|cant|p2a: Fish|move: Taunt|Sleep Talk\n|\n|-weather|none\n|-damage|p1a: Tornadus|13\/100 brn|[from] brn\n|upkeep\n|turn|49\n|\n|t:|1701146797\n|move|p1a: Tornadus|U-turn|p2a: Fish\n|-damage|p2a: Fish|22\/100 slp\n|\n|t:|1701146801\n|switch|p1a: Magnezone|Magnezone|100\/100|[from] U-turn\n|-curestatus|p2a: Fish|slp|[msg]\n|move|p2a: Fish|Wave Crash|p1a: Magnezone\n|-damage|p1a: Magnezone|63\/100\n|-damage|p2a: Fish|14\/100|[from] Recoil\n|\n|upkeep\n|turn|50\n|\n|t:|1701146807\n|move|p1a: Magnezone|Thunderbolt|p2a: Fish\n|-supereffective|p2a: Fish\n|-damage|p2a: Fish|0 fnt\n|faint|p2a: Fish\n|\n|upkeep\n|\n|t:|1701146809\n|switch|p2a: Mom|Tyranitar, F|25\/100 brn\n|-weather|Sandstorm|[from] ability: Sand Stream|[of] p2a: Mom\n|turn|51\n|\n|t:|1701146818\n|switch|p1a: Rotom|Rotom-Mow|86\/100\n|move|p2a: Mom|Earthquake|p1a: Rotom\n|-immune|p1a: Rotom|[from] ability: Levitate\n|\n|-weather|Sandstorm|[upkeep]\n|-damage|p1a: Rotom|79\/100|[from] Sandstorm\n|-heal|p1a: Rotom|86\/100|[from] item: Leftovers\n|-damage|p2a: Mom|19\/100 brn|[from] brn\n|upkeep\n|turn|52\n|\n|t:|1701146824\n|move|p1a: Rotom|Leaf Storm|p2a: Mom|[miss]\n|-miss|p1a: Rotom|p2a: Mom\n|move|p2a: Mom|Dragon Tail|p1a: Rotom\n|-damage|p1a: Rotom|78\/100\n|drag|p1a: Samurott|Samurott-Hisui, M|18\/100\n|\n|-weather|Sandstorm|[upkeep]\n|-damage|p1a: Samurott|12\/100|[from] Sandstorm\n|-damage|p2a: Mom|12\/100 brn|[from] brn\n|upkeep\n|turn|53\n|\n|t:|1701146836\n|switch|p2a: Swich out boi|Amoonguss, M|71\/100\n|move|p1a: Samurott|Flip Turn|p2a: Swich out boi\n|-resisted|p2a: Swich out boi\n|-damage|p2a: Swich out boi|48\/100\n|\n|t:|1701146839\n|switch|p1a: Magnezone|Magnezone|63\/100|[from] Flip Turn\n|\n|-weather|Sandstorm|[upkeep]\n|-damage|p2a: Swich out boi|42\/100|[from] Sandstorm\n|-heal|p2a: Swich out boi|48\/100|[from] item: Black Sludge\n|upkeep\n|turn|54\n|\n|t:|1701146841\n|-terastallize|p1a: Magnezone|Fire\n|move|p1a: Magnezone|Tera Blast|p2a: Swich out boi|[anim] Tera Blast Fire\n|-supereffective|p2a: Swich out boi\n|-damage|p2a: Swich out boi|0 fnt\n|faint|p2a: Swich out boi\n|\n|-weather|Sandstorm|[upkeep]\n|-damage|p1a: Magnezone|57\/100|[from] Sandstorm\n|upkeep\n|\n|t:|1701146845\n|switch|p2a: Mom|Tyranitar, F|12\/100 brn\n|turn|55\n|\n|t:|1701146848\n|switch|p1a: Rotom|Rotom-Mow|78\/100\n|move|p2a: Mom|Earthquake|p1a: Rotom\n|-immune|p1a: Rotom|[from] ability: Levitate\n|\n|-weather|none\n|-heal|p1a: Rotom|85\/100|[from] item: Leftovers\n|-damage|p2a: Mom|6\/100 brn|[from] brn\n|upkeep\n|turn|56\n|\n|t:|1701146854\n|move|p1a: Rotom|Leaf Storm|p2a: Mom\n|-supereffective|p2a: Mom\n|-damage|p2a: Mom|0 fnt\n|-unboost|p1a: Rotom|spa|2\n|faint|p2a: Mom\n|\n|win|DerekGrish\n|c| MaxiumMeda|where nicknames\n|l|\u2606BossShuckle\n|l|\u2606DerekGrish\n","uploadtime":1701147093,"views":28,"p1id":"derekgrish","p2id":"bossshuckle","formatid":"gen9ou","rating":0,"private":0,"password":""}