{"id":"gen9ou-1991029736","p1":"fgvetgh","p2":"Fantasy64","format":"[Gen 9] OU","log":"|j|\u2606fgvetgh\n|j|\u2606Fantasy64\n|t:|1700030915\n|gametype|singles\n|player|p1|fgvetgh|101|1000\n|player|p2|Fantasy64|265|1082\n|teamsize|p1|6\n|teamsize|p2|6\n|gen|9\n|tier|[Gen 9] OU\n|rated|\n|rule|Sleep Clause Mod: Limit one foe put to sleep\n|rule|Species Clause: Limit one of each Pok\u00e9mon\n|rule|OHKO Clause: OHKO moves are banned\n|rule|Evasion Items Clause: Evasion items are banned\n|rule|Evasion Moves Clause: Evasion moves are banned\n|rule|Endless Battle Clause: Forcing endless battles is banned\n|rule|HP Percentage Mod: HP is shown in percentages\n|clearpoke\n|poke|p1|Luxray, F|\n|poke|p1|Samurott-Hisui, M|\n|poke|p1|Great Tusk|\n|poke|p1|Gholdengo|\n|poke|p1|Enamorus, F|\n|poke|p1|Dragonite, M|\n|poke|p2|Toxapex, F|\n|poke|p2|Garganacl, F|\n|poke|p2|Amoonguss, F|\n|poke|p2|Clodsire, F|\n|poke|p2|Chansey, F|\n|poke|p2|Avalugg, M|\n|teampreview\n|inactive|Battle timer is ON: inactive players will automatically lose when time's up. (requested by fgvetgh)\n|\n|t:|1700030924\n|start\n|switch|p1a: Samurott|Samurott-Hisui, M|100\/100\n|switch|p2a: Toxapex|Toxapex, F|100\/100\n|turn|1\n|\n|t:|1700030930\n|move|p1a: Samurott|Taunt|p2a: Toxapex\n|-start|p2a: Toxapex|move: Taunt\n|-enditem|p2a: Toxapex|Mental Herb\n|-end|p2a: Toxapex|move: Taunt\n|move|p2a: Toxapex|Toxic|p1a: Samurott\n|-status|p1a: Samurott|tox\n|\n|-damage|p1a: Samurott|94\/100 tox|[from] psn\n|upkeep\n|turn|2\n|\n|t:|1700030938\n|move|p1a: Samurott|Ceaseless Edge|p2a: Toxapex\n|-damage|p2a: Toxapex|71\/100\n|-sidestart|p2: Fantasy64|Spikes\n|move|p2a: Toxapex|Toxic Spikes|p1a: Samurott\n|-sidestart|p1: fgvetgh|move: Toxic Spikes\n|\n|-damage|p1a: Samurott|82\/100 tox|[from] psn\n|upkeep\n|turn|3\n|\n|t:|1700030945\n|move|p1a: Samurott|Ceaseless Edge|p2a: Toxapex\n|-damage|p2a: Toxapex|42\/100\n|-sidestart|p2: Fantasy64|Spikes\n|move|p2a: Toxapex|Toxic Spikes|p1a: Samurott\n|-sidestart|p1: fgvetgh|move: Toxic Spikes\n|\n|-damage|p1a: Samurott|63\/100 tox|[from] psn\n|upkeep\n|turn|4\n|\n|t:|1700030951\n|move|p1a: Samurott|Ceaseless Edge|p2a: Toxapex\n|-damage|p2a: Toxapex|14\/100\n|-sidestart|p2: Fantasy64|Spikes\n|move|p2a: Toxapex|Recover|p2a: Toxapex\n|-heal|p2a: Toxapex|64\/100\n|\n|-damage|p1a: Samurott|38\/100 tox|[from] psn\n|upkeep\n|turn|5\n|\n|t:|1700030968\n|switch|p1a: Gholdengo|Gholdengo|100\/100\n|-item|p1a: Gholdengo|Air Balloon\n|move|p2a: Toxapex|Recover|p2a: Toxapex\n|-heal|p2a: Toxapex|100\/100\n|\n|upkeep\n|turn|6\n|\n|t:|1700030973\n|switch|p2a: Amoonguss|Amoonguss, F|100\/100\n|-damage|p2a: Amoonguss|76\/100|[from] Spikes\n|move|p1a: Gholdengo|Nasty Plot|p1a: Gholdengo\n|-boost|p1a: Gholdengo|spa|2\n|\n|upkeep\n|turn|7\n|\n|t:|1700030996\n|switch|p2a: Chansey|Chansey, F|100\/100\n|-damage|p2a: Chansey|76\/100|[from] Spikes\n|move|p1a: Gholdengo|Make It Rain|p2a: Chansey\n|-damage|p2a: Chansey|42\/100\n|-unboost|p1a: Gholdengo|spa|1\n|\n|upkeep\n|turn|8\n|\n|t:|1700031019\n|switch|p1a: Great Tusk|Great Tusk|100\/100\n|-status|p1a: Great Tusk|tox\n|move|p2a: Chansey|Soft-Boiled|p2a: Chansey\n|-heal|p2a: Chansey|92\/100\n|\n|-damage|p1a: Great Tusk|94\/100 tox|[from] psn\n|upkeep\n|turn|9\n|\n|t:|1700031033\n|switch|p2a: Garganacl|Garganacl, F|100\/100\n|-damage|p2a: Garganacl|75\/100|[from] Spikes\n|move|p1a: Great Tusk|Knock Off|p2a: Garganacl\n|-damage|p2a: Garganacl|61\/100\n|-enditem|p2a: Garganacl|Leftovers|[from] move: Knock Off|[of] p1a: Great Tusk\n|\n|-heal|p1a: Great Tusk|100\/100 tox|[from] item: Leftovers\n|-damage|p1a: Great Tusk|88\/100 tox|[from] psn\n|upkeep\n|turn|10\n|\n|t:|1700031040\n|move|p1a: Great Tusk|Earthquake|p2a: Garganacl\n|-supereffective|p2a: Garganacl\n|-damage|p2a: Garganacl|14\/100\n|move|p2a: Garganacl|Iron Defense|p2a: Garganacl\n|-boost|p2a: Garganacl|def|2\n|\n|-heal|p1a: Great Tusk|94\/100 tox|[from] item: Leftovers\n|-damage|p1a: Great Tusk|76\/100 tox|[from] psn\n|upkeep\n|turn|11\n|\n|t:|1700031046\n|-terastallize|p2a: Garganacl|Flying\n|move|p1a: Great Tusk|Earthquake|p2a: Garganacl\n|-immune|p2a: Garganacl\n|move|p2a: Garganacl|Recover|p2a: Garganacl\n|-heal|p2a: Garganacl|64\/100\n|\n|-heal|p1a: Great Tusk|82\/100 tox|[from] item: Leftovers\n|-damage|p1a: Great Tusk|57\/100 tox|[from] psn\n|upkeep\n|turn|12\n|\n|t:|1700031057\n|-end|p1a: Great Tusk|Protosynthesis|[silent]\n|switch|p1a: Enamorus|Enamorus, F|100\/100\n|move|p2a: Garganacl|Recover|p2a: Garganacl\n|-heal|p2a: Garganacl|100\/100\n|\n|upkeep\n|turn|13\n|\n|t:|1700031073\n|switch|p2a: Clodsire|Clodsire, F|100\/100\n|-damage|p2a: Clodsire|75\/100|[from] Spikes\n|-terastallize|p1a: Enamorus|Fairy\n|move|p1a: Enamorus|Moonblast|p2a: Clodsire\n|-resisted|p2a: Clodsire\n|-damage|p2a: Clodsire|56\/100\n|\n|upkeep\n|turn|14\n|\n|t:|1700031086\n|switch|p1a: Gholdengo|Gholdengo|100\/100\n|-item|p1a: Gholdengo|Air Balloon\n|move|p2a: Clodsire|Toxic|p1a: Gholdengo\n|-immune|p1a: Gholdengo|[from] ability: Good as Gold\n|\n|upkeep\n|turn|15\n|\n|t:|1700031095\n|move|p1a: Gholdengo|Nasty Plot|p1a: Gholdengo\n|-boost|p1a: Gholdengo|spa|2\n|move|p2a: Clodsire|Recover|p2a: Clodsire\n|-heal|p2a: Clodsire|100\/100\n|\n|upkeep\n|turn|16\n|\n|t:|1700031100\n|switch|p2a: Amoonguss|Amoonguss, F|100\/100\n|-damage|p2a: Amoonguss|76\/100|[from] Spikes\n|move|p1a: Gholdengo|Nasty Plot|p1a: Gholdengo\n|-boost|p1a: Gholdengo|spa|2\n|\n|upkeep\n|turn|17\n|\n|t:|1700031107\n|switch|p2a: Chansey|Chansey, F|92\/100\n|-damage|p2a: Chansey|67\/100|[from] Spikes\n|move|p1a: Gholdengo|Make It Rain|p2a: Chansey\n|-damage|p2a: Chansey|20\/100\n|-unboost|p1a: Gholdengo|spa|1\n|\n|upkeep\n|turn|18\n|\n|t:|1700031111\n|move|p1a: Gholdengo|Make It Rain|p2a: Chansey\n|-damage|p2a: Chansey|0 fnt\n|-unboost|p1a: Gholdengo|spa|1\n|faint|p2a: Chansey\n|\n|upkeep\n|-message|Fantasy64 forfeited.\n|\n|win|fgvetgh\n|raw|fgvetgh's rating: 1000 &rarr; <strong>1049<\/strong><br \/>(+49 for winning)\n|raw|Fantasy64's rating: 1082 &rarr; <strong>1055<\/strong><br \/>(-27 for losing)\n|l|\u2606Fantasy64\n|c|\u2606fgvetgh|lol\n","uploadtime":1700031127,"views":6,"p1id":"fgvetgh","p2id":"fantasy64","formatid":"gen9ou","rating":1049,"private":0,"password":""}