{"id":"gen9ou-1996108578","p1":"Darth_Darkrai","p2":"yyysneasel","format":"[Gen 9] OU","log":"|j|\u2606Darth_Darkrai\n|j|\u2606yyysneasel\n|t:|1700645397\n|gametype|singles\n|player|p1|Darth_Darkrai|giovanni|1572\n|player|p2|yyysneasel|bugcatcher-gen4dp|1631\n|teamsize|p1|6\n|teamsize|p2|6\n|gen|9\n|tier|[Gen 9] OU\n|rated|\n|rule|Sleep Clause Mod: Limit one foe put to sleep\n|rule|Species Clause: Limit one of each Pok\u00e9mon\n|rule|OHKO Clause: OHKO moves are banned\n|rule|Evasion Items Clause: Evasion items are banned\n|rule|Evasion Moves Clause: Evasion moves are banned\n|rule|Endless Battle Clause: Forcing endless battles is banned\n|rule|HP Percentage Mod: HP is shown in percentages\n|clearpoke\n|poke|p1|Great Tusk|\n|poke|p1|Heatran, F|\n|poke|p1|Zapdos|\n|poke|p1|Dragapult, M|\n|poke|p1|Ogerpon-Wellspring, F|\n|poke|p1|Kingambit, F|\n|poke|p2|Corviknight, F|\n|poke|p2|Toxapex, M|\n|poke|p2|Dondozo, M|\n|poke|p2|Slowking-Galar, M|\n|poke|p2|Blissey, F|\n|poke|p2|Clefable, M|\n|teampreview\n|\n|t:|1700645406\n|start\n|switch|p1a: Vesuvius|Heatran, F|100\/100\n|switch|p2a: stannin on bihness|Toxapex, M|100\/100\n|turn|1\n|\n|t:|1700645412\n|move|p1a: Vesuvius|Taunt|p2a: stannin on bihness\n|-start|p2a: stannin on bihness|move: Taunt\n|move|p2a: stannin on bihness|Infestation|p1a: Vesuvius\n|-resisted|p1a: Vesuvius\n|-damage|p1a: Vesuvius|99\/100\n|-activate|p1a: Vesuvius|move: Infestation|[of] p2a: stannin on bihness\n|\n|-heal|p1a: Vesuvius|100\/100|[from] item: Leftovers\n|-damage|p1a: Vesuvius|88\/100|[from] move: Infestation|[partiallytrapped]\n|upkeep\n|turn|2\n|\n|t:|1700645420\n|move|p1a: Vesuvius|Magma Storm|p2a: stannin on bihness|[miss]\n|-miss|p1a: Vesuvius|p2a: stannin on bihness\n|move|p2a: stannin on bihness|Surf|p1a: Vesuvius\n|-supereffective|p1a: Vesuvius\n|-damage|p1a: Vesuvius|64\/100\n|\n|-heal|p1a: Vesuvius|70\/100|[from] item: Leftovers\n|-damage|p1a: Vesuvius|58\/100|[from] move: Infestation|[partiallytrapped]\n|upkeep\n|turn|3\n|\n|t:|1700645425\n|move|p1a: Vesuvius|Stealth Rock|p2a: stannin on bihness\n|-sidestart|p2: yyysneasel|move: Stealth Rock\n|move|p2a: stannin on bihness|Surf|p1a: Vesuvius\n|-supereffective|p1a: Vesuvius\n|-damage|p1a: Vesuvius|36\/100\n|\n|-heal|p1a: Vesuvius|42\/100|[from] item: Leftovers\n|-damage|p1a: Vesuvius|30\/100|[from] move: Infestation|[partiallytrapped]\n|-end|p2a: stannin on bihness|move: Taunt\n|upkeep\n|turn|4\n|\n|t:|1700645431\n|move|p1a: Vesuvius|Magma Storm|p2a: stannin on bihness\n|-resisted|p2a: stannin on bihness\n|-damage|p2a: stannin on bihness|84\/100\n|-activate|p2a: stannin on bihness|move: Magma Storm|[of] p1a: Vesuvius\n|move|p2a: stannin on bihness|Surf|p1a: Vesuvius\n|-supereffective|p1a: Vesuvius\n|-damage|p1a: Vesuvius|6\/100\n|\n|-heal|p1a: Vesuvius|12\/100|[from] item: Leftovers\n|-damage|p1a: Vesuvius|0 fnt|[from] move: Infestation|[partiallytrapped]\n|faint|p1a: Vesuvius\n|-end|p2a: stannin on bihness|Magma Storm|[partiallytrapped]|[silent]\n|upkeep\n|c|\u2606yyysneasel|he done\n|\n|t:|1700645440\n|switch|p1a: SSJ2 Fearow|Zapdos|100\/100\n|turn|5\n|\n|t:|1700645448\n|move|p1a: SSJ2 Fearow|Volt Switch|p2a: stannin on bihness\n|-supereffective|p2a: stannin on bihness\n|-damage|p2a: stannin on bihness|38\/100\n|\n|t:|1700645454\n|switch|p1a: Mega Donphan|Great Tusk|100\/100|[from] Volt Switch\n|move|p2a: stannin on bihness|Toxic|p1a: Mega Donphan\n|-status|p1a: Mega Donphan|tox\n|\n|-damage|p1a: Mega Donphan|94\/100 tox|[from] psn\n|upkeep\n|turn|6\n|\n|t:|1700645463\n|switch|p2a: FreePalestine\ud83c\uddf5\ud83c\uddf8|Corviknight, F|100\/100\n|-damage|p2a: FreePalestine\ud83c\uddf5\ud83c\uddf8|88\/100|[from] Stealth Rock\n|-ability|p2a: FreePalestine\ud83c\uddf5\ud83c\uddf8|Pressure\n|move|p1a: Mega Donphan|Knock Off|p2a: FreePalestine\ud83c\uddf5\ud83c\uddf8\n|-damage|p2a: FreePalestine\ud83c\uddf5\ud83c\uddf8|71\/100\n|-damage|p1a: Mega Donphan|78\/100 tox|[from] item: Rocky Helmet|[of] p2a: FreePalestine\ud83c\uddf5\ud83c\uddf8\n|-enditem|p2a: FreePalestine\ud83c\uddf5\ud83c\uddf8|Rocky Helmet|[from] move: Knock Off|[of] p1a: Mega Donphan\n|\n|-heal|p1a: Mega Donphan|84\/100 tox|[from] item: Leftovers\n|-damage|p1a: Mega Donphan|71\/100 tox|[from] psn\n|upkeep\n|turn|7\n|c|\u2606yyysneasel|gg\n|\n|t:|1700645476\n|-end|p1a: Mega Donphan|Protosynthesis|[silent]\n|switch|p1a: SSJ2 Fearow|Zapdos|100\/100\n|move|p2a: FreePalestine\ud83c\uddf5\ud83c\uddf8|Defog|p1a: SSJ2 Fearow\n|-unboost|p1a: SSJ2 Fearow|evasion|1\n|-sideend|p2: yyysneasel|Stealth Rock|[from] move: Defog|[of] p2a: FreePalestine\ud83c\uddf5\ud83c\uddf8\n|\n|upkeep\n|turn|8\n|\n|t:|1700645481\n|switch|p2a: ban dengo ffs|Blissey, F|100\/100\n|move|p1a: SSJ2 Fearow|Volt Switch|p2a: ban dengo ffs\n|-damage|p2a: ban dengo ffs|90\/100\n|\n|t:|1700645488\n|switch|p1a: Aoi|Ogerpon-Wellspring, F|100\/100|[from] Volt Switch\n|\n|upkeep\n|turn|9\n|\n|t:|1700645493\n|switch|p2a: stannin on bihness|Toxapex, M|71\/100\n|move|p1a: Aoi|Ivy Cudgel|p2a: stannin on bihness|[anim] Ivy Cudgel Water\n|-resisted|p2a: stannin on bihness\n|-damage|p2a: stannin on bihness|53\/100\n|\n|upkeep\n|turn|10\n|\n|t:|1700645500\n|move|p1a: Aoi|U-turn|p2a: stannin on bihness\n|-resisted|p2a: stannin on bihness\n|-damage|p2a: stannin on bihness|45\/100\n|\n|t:|1700645503\n|switch|p1a: SSJ2 Fearow|Zapdos|100\/100|[from] U-turn\n|move|p2a: stannin on bihness|Recover|p2a: stannin on bihness\n|-heal|p2a: stannin on bihness|95\/100\n|\n|upkeep\n|turn|11\n|\n|t:|1700645509\n|move|p1a: SSJ2 Fearow|Volt Switch|p2a: stannin on bihness\n|-supereffective|p2a: stannin on bihness\n|-damage|p2a: stannin on bihness|45\/100\n|\n|t:|1700645514\n|switch|p1a: Aoi|Ogerpon-Wellspring, F|100\/100|[from] Volt Switch\n|move|p2a: stannin on bihness|Infestation|p1a: Aoi\n|-supereffective|p1a: Aoi\n|-damage|p1a: Aoi|94\/100\n|-activate|p1a: Aoi|move: Infestation|[of] p2a: stannin on bihness\n|\n|-damage|p1a: Aoi|82\/100|[from] move: Infestation|[partiallytrapped]\n|upkeep\n|turn|12\n|\n|t:|1700645520\n|move|p1a: Aoi|Horn Leech|p2a: stannin on bihness\n|-damage|p2a: stannin on bihness|19\/100\n|-heal|p1a: Aoi|95\/100|[from] drain|[of] p2a: stannin on bihness\n|move|p2a: stannin on bihness|Toxic|p1a: Aoi\n|-status|p1a: Aoi|tox\n|\n|-damage|p1a: Aoi|89\/100 tox|[from] psn\n|-damage|p1a: Aoi|77\/100 tox|[from] move: Infestation|[partiallytrapped]\n|upkeep\n|turn|13\n|\n|t:|1700645527\n|switch|p2a: Ripbozo \ud83d\ude02 \ud83d\ude02|Dondozo, M|100\/100\n|move|p1a: Aoi|Horn Leech|p2a: Ripbozo \ud83d\ude02 \ud83d\ude02\n|-supereffective|p2a: Ripbozo \ud83d\ude02 \ud83d\ude02\n|-damage|p2a: Ripbozo \ud83d\ude02 \ud83d\ude02|61\/100\n|-heal|p1a: Aoi|100\/100 tox|[from] drain|[of] p2a: Ripbozo \ud83d\ude02 \ud83d\ude02\n|\n|-heal|p2a: Ripbozo \ud83d\ude02 \ud83d\ude02|67\/100|[from] item: Leftovers\n|-damage|p1a: Aoi|89\/100 tox|[from] psn\n|-end|p1a: Aoi|Infestation|[partiallytrapped]|[silent]\n|upkeep\n|turn|14\n|\n|t:|1700645540\n|move|p1a: Aoi|Horn Leech|p2a: Ripbozo \ud83d\ude02 \ud83d\ude02\n|-supereffective|p2a: Ripbozo \ud83d\ude02 \ud83d\ude02\n|-damage|p2a: Ripbozo \ud83d\ude02 \ud83d\ude02|26\/100\n|-heal|p1a: Aoi|100\/100 tox|[from] drain|[of] p2a: Ripbozo \ud83d\ude02 \ud83d\ude02\n|move|p2a: Ripbozo \ud83d\ude02 \ud83d\ude02|Curse|p2a: Ripbozo \ud83d\ude02 \ud83d\ude02\n|-unboost|p2a: Ripbozo \ud83d\ude02 \ud83d\ude02|spe|1\n|-boost|p2a: Ripbozo \ud83d\ude02 \ud83d\ude02|atk|1\n|-boost|p2a: Ripbozo \ud83d\ude02 \ud83d\ude02|def|1\n|\n|-heal|p2a: Ripbozo \ud83d\ude02 \ud83d\ude02|33\/100|[from] item: Leftovers\n|-damage|p1a: Aoi|83\/100 tox|[from] psn\n|upkeep\n|turn|15\n|\n|t:|1700645567\n|move|p1a: Aoi|Encore|p2a: Ripbozo \ud83d\ude02 \ud83d\ude02\n|-start|p2a: Ripbozo \ud83d\ude02 \ud83d\ude02|Encore\n|move|p2a: Ripbozo \ud83d\ude02 \ud83d\ude02|Curse|p2a: Ripbozo \ud83d\ude02 \ud83d\ude02\n|-unboost|p2a: Ripbozo \ud83d\ude02 \ud83d\ude02|spe|1\n|-boost|p2a: Ripbozo \ud83d\ude02 \ud83d\ude02|atk|1\n|-boost|p2a: Ripbozo \ud83d\ude02 \ud83d\ude02|def|1\n|\n|-heal|p2a: Ripbozo \ud83d\ude02 \ud83d\ude02|39\/100|[from] item: Leftovers\n|-damage|p1a: Aoi|59\/100 tox|[from] psn\n|upkeep\n|turn|16\n|\n|t:|1700645573\n|move|p1a: Aoi|Horn Leech|p2a: Ripbozo \ud83d\ude02 \ud83d\ude02\n|-supereffective|p2a: Ripbozo \ud83d\ude02 \ud83d\ude02\n|-damage|p2a: Ripbozo \ud83d\ude02 \ud83d\ude02|17\/100\n|-heal|p1a: Aoi|77\/100 tox|[from] drain|[of] p2a: Ripbozo \ud83d\ude02 \ud83d\ude02\n|move|p2a: Ripbozo \ud83d\ude02 \ud83d\ude02|Curse|p2a: Ripbozo \ud83d\ude02 \ud83d\ude02\n|-unboost|p2a: Ripbozo \ud83d\ude02 \ud83d\ude02|spe|1\n|-boost|p2a: Ripbozo \ud83d\ude02 \ud83d\ude02|atk|1\n|-boost|p2a: Ripbozo \ud83d\ude02 \ud83d\ude02|def|1\n|\n|-heal|p2a: Ripbozo \ud83d\ude02 \ud83d\ude02|23\/100|[from] item: Leftovers\n|-damage|p1a: Aoi|47\/100 tox|[from] psn\n|upkeep\n|turn|17\n|\n|t:|1700645578\n|move|p1a: Aoi|U-turn|p2a: Ripbozo \ud83d\ude02 \ud83d\ude02\n|-damage|p2a: Ripbozo \ud83d\ude02 \ud83d\ude02|18\/100\n|\n|t:|1700645581\n|switch|p1a: SSJ2 Fearow|Zapdos|100\/100|[from] U-turn\n|move|p2a: Ripbozo \ud83d\ude02 \ud83d\ude02|Curse|p2a: Ripbozo \ud83d\ude02 \ud83d\ude02\n|-unboost|p2a: Ripbozo \ud83d\ude02 \ud83d\ude02|spe|1\n|-boost|p2a: Ripbozo \ud83d\ude02 \ud83d\ude02|atk|1\n|-boost|p2a: Ripbozo \ud83d\ude02 \ud83d\ude02|def|1\n|\n|-heal|p2a: Ripbozo \ud83d\ude02 \ud83d\ude02|24\/100|[from] item: Leftovers\n|-end|p2a: Ripbozo \ud83d\ude02 \ud83d\ude02|Encore\n|upkeep\n|turn|18\n|\n|t:|1700645587\n|switch|p2a: ban dengo ffs|Blissey, F|90\/100\n|move|p1a: SSJ2 Fearow|Volt Switch|p2a: ban dengo ffs\n|-damage|p2a: ban dengo ffs|79\/100\n|\n|t:|1700645593\n|switch|p1a: Mega Donphan|Great Tusk|71\/100 tox|[from] Volt Switch\n|\n|-heal|p1a: Mega Donphan|78\/100 tox|[from] item: Leftovers\n|-damage|p1a: Mega Donphan|71\/100 tox|[from] psn\n|upkeep\n|turn|19\n|\n|t:|1700645599\n|switch|p2a: FreePalestine\ud83c\uddf5\ud83c\uddf8|Corviknight, F|71\/100\n|-ability|p2a: FreePalestine\ud83c\uddf5\ud83c\uddf8|Pressure\n|move|p1a: Mega Donphan|Body Press|p2a: FreePalestine\ud83c\uddf5\ud83c\uddf8\n|-damage|p2a: FreePalestine\ud83c\uddf5\ud83c\uddf8|46\/100\n|\n|-heal|p1a: Mega Donphan|78\/100 tox|[from] item: Leftovers\n|-damage|p1a: Mega Donphan|65\/100 tox|[from] psn\n|upkeep\n|turn|20\n|c|\u2606yyysneasel|its joever mate\n|\n|t:|1700645611\n|-end|p1a: Mega Donphan|Protosynthesis|[silent]\n|switch|p1a: SSJ2 Fearow|Zapdos|100\/100\n|move|p2a: FreePalestine\ud83c\uddf5\ud83c\uddf8|Roost|p2a: FreePalestine\ud83c\uddf5\ud83c\uddf8\n|-heal|p2a: FreePalestine\ud83c\uddf5\ud83c\uddf8|96\/100\n|-singleturn|p2a: FreePalestine\ud83c\uddf5\ud83c\uddf8|move: Roost\n|\n|upkeep\n|turn|21\n|c|\u2606yyysneasel|forfeit o'clock\n|\n|t:|1700645617\n|switch|p2a: ban dengo ffs|Blissey, F|79\/100\n|move|p1a: SSJ2 Fearow|Volt Switch|p2a: ban dengo ffs\n|-damage|p2a: ban dengo ffs|68\/100\n|\n|t:|1700645623\n|switch|p1a: Mega Donphan|Great Tusk|65\/100 tox|[from] Volt Switch\n|\n|-heal|p1a: Mega Donphan|71\/100 tox|[from] item: Leftovers\n|-damage|p1a: Mega Donphan|65\/100 tox|[from] psn\n|upkeep\n|turn|22\n|\n|t:|1700645627\n|switch|p2a: FreePalestine\ud83c\uddf5\ud83c\uddf8|Corviknight, F|96\/100\n|-ability|p2a: FreePalestine\ud83c\uddf5\ud83c\uddf8|Pressure\n|move|p1a: Mega Donphan|Rapid Spin|p2a: FreePalestine\ud83c\uddf5\ud83c\uddf8\n|-resisted|p2a: FreePalestine\ud83c\uddf5\ud83c\uddf8\n|-damage|p2a: FreePalestine\ud83c\uddf5\ud83c\uddf8|91\/100\n|-boost|p1a: Mega Donphan|spe|1\n|\n|-heal|p1a: Mega Donphan|71\/100 tox|[from] item: Leftovers\n|-damage|p1a: Mega Donphan|59\/100 tox|[from] psn\n|upkeep\n|turn|23\n|\n|t:|1700645636\n|move|p1a: Mega Donphan|Body Press|p2a: FreePalestine\ud83c\uddf5\ud83c\uddf8\n|-damage|p2a: FreePalestine\ud83c\uddf5\ud83c\uddf8|62\/100\n|move|p2a: FreePalestine\ud83c\uddf5\ud83c\uddf8|U-turn|p1a: Mega Donphan\n|-resisted|p1a: Mega Donphan\n|-damage|p1a: Mega Donphan|55\/100 tox\n|\n|t:|1700645639\n|switch|p2a: Ripbozo \ud83d\ude02 \ud83d\ude02|Dondozo, M|24\/100|[from] U-turn\n|\n|-heal|p1a: Mega Donphan|62\/100 tox|[from] item: Leftovers\n|-heal|p2a: Ripbozo \ud83d\ude02 \ud83d\ude02|30\/100|[from] item: Leftovers\n|-damage|p1a: Mega Donphan|43\/100 tox|[from] psn\n|upkeep\n|turn|24\n|\n|t:|1700645646\n|-end|p1a: Mega Donphan|Protosynthesis|[silent]\n|switch|p1a: SSJ2 Fearow|Zapdos|100\/100\n|move|p2a: Ripbozo \ud83d\ude02 \ud83d\ude02|Rest|p2a: Ripbozo \ud83d\ude02 \ud83d\ude02\n|-status|p2a: Ripbozo \ud83d\ude02 \ud83d\ude02|slp|[from] move: Rest\n|-heal|p2a: Ripbozo \ud83d\ude02 \ud83d\ude02|100\/100 slp|[silent]\n|\n|upkeep\n|turn|25\n|\n|t:|1700645653\n|switch|p2a: Slowking|Slowking-Galar, M|100\/100\n|move|p1a: SSJ2 Fearow|Hurricane|p2a: Slowking|[miss]\n|-miss|p1a: SSJ2 Fearow|p2a: Slowking\n|\n|upkeep\n|turn|26\n|\n|t:|1700645658\n|move|p1a: SSJ2 Fearow|Volt Switch|p2a: Slowking\n|-damage|p2a: Slowking|73\/100\n|\n|t:|1700645663\n|switch|p1a: Air Draco|Dragapult, M|100\/100|[from] Volt Switch\n|move|p2a: Slowking|Trick|p1a: Air Draco\n|-activate|p2a: Slowking|move: Trick|[of] p1a: Air Draco\n|-item|p1a: Air Draco|Choice Scarf|[from] move: Trick\n|-item|p2a: Slowking|Choice Specs|[from] move: Trick\n|\n|upkeep\n|turn|27\n|\n|t:|1700645673\n|switch|p2a: ban dengo ffs|Blissey, F|68\/100\n|move|p1a: Air Draco|Shadow Ball|p2a: ban dengo ffs\n|-immune|p2a: ban dengo ffs\n|\n|upkeep\n|turn|28\n|\n|t:|1700645677\n|switch|p1a: Mega Donphan|Great Tusk|43\/100 tox\n|move|p2a: ban dengo ffs|Stealth Rock|p1a: Mega Donphan\n|-sidestart|p1: Darth_Darkrai|move: Stealth Rock\n|\n|-heal|p1a: Mega Donphan|49\/100 tox|[from] item: Leftovers\n|-damage|p1a: Mega Donphan|43\/100 tox|[from] psn\n|upkeep\n|turn|29\n|\n|t:|1700645683\n|-end|p1a: Mega Donphan|Protosynthesis|[silent]\n|switch|p1a: SSJ2 Fearow|Zapdos|100\/100\n|switch|p2a: FreePalestine\ud83c\uddf5\ud83c\uddf8|Corviknight, F|62\/100\n|-ability|p2a: FreePalestine\ud83c\uddf5\ud83c\uddf8|Pressure\n|\n|upkeep\n|turn|30\n|\n|t:|1700645690\n|switch|p2a: Slowking|Slowking-Galar, M|100\/100\n|move|p1a: SSJ2 Fearow|Volt Switch|p2a: Slowking\n|-damage|p2a: Slowking|74\/100\n|\n|t:|1700645696\n|switch|p1a: Mega Donphan|Great Tusk|43\/100 tox|[from] Volt Switch\n|-damage|p1a: Mega Donphan|40\/100 tox|[from] Stealth Rock\n|\n|-heal|p1a: Mega Donphan|46\/100 tox|[from] item: Leftovers\n|-damage|p1a: Mega Donphan|40\/100 tox|[from] psn\n|upkeep\n|turn|31\n|\n|t:|1700645700\n|switch|p2a: FreePalestine\ud83c\uddf5\ud83c\uddf8|Corviknight, F|62\/100\n|-ability|p2a: FreePalestine\ud83c\uddf5\ud83c\uddf8|Pressure\n|move|p1a: Mega Donphan|Knock Off|p2a: FreePalestine\ud83c\uddf5\ud83c\uddf8\n|-damage|p2a: FreePalestine\ud83c\uddf5\ud83c\uddf8|51\/100\n|\n|-heal|p1a: Mega Donphan|46\/100 tox|[from] item: Leftovers\n|-damage|p1a: Mega Donphan|34\/100 tox|[from] psn\n|upkeep\n|turn|32\n|\n|t:|1700645708\n|-end|p1a: Mega Donphan|Protosynthesis|[silent]\n|switch|p1a: SSJ2 Fearow|Zapdos|100\/100\n|move|p2a: FreePalestine\ud83c\uddf5\ud83c\uddf8|Roost|p2a: FreePalestine\ud83c\uddf5\ud83c\uddf8\n|-heal|p2a: FreePalestine\ud83c\uddf5\ud83c\uddf8|100\/100\n|-singleturn|p2a: FreePalestine\ud83c\uddf5\ud83c\uddf8|move: Roost\n|\n|upkeep\n|turn|33\n|\n|t:|1700645716\n|switch|p2a: Slowking|Slowking-Galar, M|100\/100\n|move|p1a: SSJ2 Fearow|Volt Switch|p2a: Slowking\n|-damage|p2a: Slowking|73\/100\n|\n|t:|1700645725\n|switch|p1a: Air Draco|Dragapult, M|100\/100|[from] Volt Switch\n|-damage|p1a: Air Draco|88\/100|[from] Stealth Rock\n|\n|upkeep\n|turn|34\n|\n|t:|1700645729\n|switch|p2a: ban dengo ffs|Blissey, F|68\/100\n|move|p1a: Air Draco|U-turn|p2a: ban dengo ffs\n|-damage|p2a: ban dengo ffs|54\/100\n|\n|t:|1700645734\n|switch|p1a: Mega Donphan|Great Tusk|34\/100 tox|[from] U-turn\n|-damage|p1a: Mega Donphan|31\/100 tox|[from] Stealth Rock\n|\n|-heal|p1a: Mega Donphan|37\/100 tox|[from] item: Leftovers\n|-damage|p1a: Mega Donphan|31\/100 tox|[from] psn\n|upkeep\n|turn|35\n|\n|t:|1700645738\n|switch|p2a: FreePalestine\ud83c\uddf5\ud83c\uddf8|Corviknight, F|100\/100\n|-ability|p2a: FreePalestine\ud83c\uddf5\ud83c\uddf8|Pressure\n|move|p1a: Mega Donphan|Body Press|p2a: FreePalestine\ud83c\uddf5\ud83c\uddf8\n|-damage|p2a: FreePalestine\ud83c\uddf5\ud83c\uddf8|73\/100\n|\n|-heal|p1a: Mega Donphan|37\/100 tox|[from] item: Leftovers\n|-damage|p1a: Mega Donphan|24\/100 tox|[from] psn\n|upkeep\n|turn|36\n|\n|t:|1700645747\n|-end|p1a: Mega Donphan|Protosynthesis|[silent]\n|switch|p1a: SSJ2 Fearow|Zapdos|100\/100\n|switch|p2a: stannin on bihness|Toxapex, M|53\/100\n|\n|upkeep\n|turn|37\n|\n|t:|1700645752\n|switch|p2a: Slowking|Slowking-Galar, M|100\/100\n|move|p1a: SSJ2 Fearow|Volt Switch|p2a: Slowking\n|-damage|p2a: Slowking|73\/100\n|\n|t:|1700645757\n|switch|p1a: Mega Donphan|Great Tusk|24\/100 tox|[from] Volt Switch\n|-damage|p1a: Mega Donphan|21\/100 tox|[from] Stealth Rock\n|\n|-heal|p1a: Mega Donphan|28\/100 tox|[from] item: Leftovers\n|-damage|p1a: Mega Donphan|21\/100 tox|[from] psn\n|upkeep\n|turn|38\n|\n|t:|1700645762\n|switch|p2a: FreePalestine\ud83c\uddf5\ud83c\uddf8|Corviknight, F|73\/100\n|-ability|p2a: FreePalestine\ud83c\uddf5\ud83c\uddf8|Pressure\n|move|p1a: Mega Donphan|Body Press|p2a: FreePalestine\ud83c\uddf5\ud83c\uddf8\n|-damage|p2a: FreePalestine\ud83c\uddf5\ud83c\uddf8|44\/100\n|\n|-heal|p1a: Mega Donphan|28\/100 tox|[from] item: Leftovers\n|-damage|p1a: Mega Donphan|15\/100 tox|[from] psn\n|upkeep\n|turn|39\n|\n|t:|1700645772\n|-end|p1a: Mega Donphan|Protosynthesis|[silent]\n|switch|p1a: SSJ2 Fearow|Zapdos|100\/100\n|move|p2a: FreePalestine\ud83c\uddf5\ud83c\uddf8|Roost|p2a: FreePalestine\ud83c\uddf5\ud83c\uddf8\n|-heal|p2a: FreePalestine\ud83c\uddf5\ud83c\uddf8|94\/100\n|-singleturn|p2a: FreePalestine\ud83c\uddf5\ud83c\uddf8|move: Roost\n|\n|upkeep\n|turn|40\n|\n|t:|1700645777\n|switch|p2a: Slowking|Slowking-Galar, M|100\/100\n|move|p1a: SSJ2 Fearow|Volt Switch|p2a: Slowking\n|-damage|p2a: Slowking|73\/100\n|\n|t:|1700645783\n|switch|p1a: Air Draco|Dragapult, M|88\/100|[from] Volt Switch\n|-damage|p1a: Air Draco|76\/100|[from] Stealth Rock\n|\n|upkeep\n|turn|41\n|\n|t:|1700645788\n|switch|p2a: It's Joever|Clefable, M|100\/100\n|move|p1a: Air Draco|U-turn|p2a: It's Joever\n|-resisted|p2a: It's Joever\n|-damage|p2a: It's Joever|90\/100\n|\n|t:|1700645793\n|switch|p1a: Kasparov|Kingambit, F|100\/100|[from] U-turn\n|-damage|p1a: Kasparov|94\/100|[from] Stealth Rock\n|-activate|p1a: Kasparov|ability: Supreme Overlord\n|-start|p1a: Kasparov|fallen1|[silent]\n|\n|-heal|p1a: Kasparov|100\/100|[from] item: Leftovers\n|upkeep\n|turn|42\n|\n|t:|1700645802\n|switch|p2a: stannin on bihness|Toxapex, M|86\/100\n|move|p1a: Kasparov|Iron Head|p2a: stannin on bihness\n|-resisted|p2a: stannin on bihness\n|-damage|p2a: stannin on bihness|71\/100\n|\n|upkeep\n|turn|43\n|\n|t:|1700645809\n|-end|p1a: Kasparov|fallen1|[silent]\n|switch|p1a: SSJ2 Fearow|Zapdos|100\/100\n|move|p2a: stannin on bihness|Infestation|p1a: SSJ2 Fearow\n|-resisted|p1a: SSJ2 Fearow\n|-damage|p1a: SSJ2 Fearow|99\/100\n|-activate|p1a: SSJ2 Fearow|move: Infestation|[of] p2a: stannin on bihness\n|\n|-damage|p1a: SSJ2 Fearow|86\/100|[from] move: Infestation|[partiallytrapped]\n|upkeep\n|turn|44\n|\n|t:|1700645815\n|switch|p2a: Slowking|Slowking-Galar, M|100\/100\n|move|p1a: SSJ2 Fearow|Volt Switch|p2a: Slowking\n|-damage|p2a: Slowking|75\/100\n|\n|t:|1700645823\n|switch|p1a: Kasparov|Kingambit, F|100\/100|[from] Volt Switch\n|-damage|p1a: Kasparov|94\/100|[from] Stealth Rock\n|-activate|p1a: Kasparov|ability: Supreme Overlord\n|-start|p1a: Kasparov|fallen1|[silent]\n|\n|-heal|p1a: Kasparov|100\/100|[from] item: Leftovers\n|upkeep\n|turn|45\n|\n|t:|1700645829\n|switch|p2a: stannin on bihness|Toxapex, M|100\/100\n|move|p1a: Kasparov|Kowtow Cleave|p2a: stannin on bihness\n|-damage|p2a: stannin on bihness|65\/100\n|\n|upkeep\n|turn|46\n|\n|t:|1700645836\n|-end|p1a: Kasparov|fallen1|[silent]\n|switch|p1a: SSJ2 Fearow|Zapdos|86\/100\n|switch|p2a: Ripbozo \ud83d\ude02 \ud83d\ude02|Dondozo, M|100\/100 slp\n|\n|upkeep\n|turn|47\n|\n|t:|1700645841\n|switch|p2a: Slowking|Slowking-Galar, M|100\/100\n|move|p1a: SSJ2 Fearow|Volt Switch|p2a: Slowking\n|-damage|p2a: Slowking|74\/100\n|\n|t:|1700645849\n|switch|p1a: Kasparov|Kingambit, F|100\/100|[from] Volt Switch\n|-damage|p1a: Kasparov|94\/100|[from] Stealth Rock\n|-activate|p1a: Kasparov|ability: Supreme Overlord\n|-start|p1a: Kasparov|fallen1|[silent]\n|\n|-heal|p1a: Kasparov|100\/100|[from] item: Leftovers\n|upkeep\n|turn|48\n|\n|t:|1700645853\n|switch|p2a: FreePalestine\ud83c\uddf5\ud83c\uddf8|Corviknight, F|94\/100\n|-ability|p2a: FreePalestine\ud83c\uddf5\ud83c\uddf8|Pressure\n|move|p1a: Kasparov|Kowtow Cleave|p2a: FreePalestine\ud83c\uddf5\ud83c\uddf8\n|-damage|p2a: FreePalestine\ud83c\uddf5\ud83c\uddf8|62\/100\n|\n|upkeep\n|turn|49\n|\n|t:|1700645864\n|-end|p1a: Kasparov|fallen1|[silent]\n|switch|p1a: SSJ2 Fearow|Zapdos|86\/100\n|move|p2a: FreePalestine\ud83c\uddf5\ud83c\uddf8|Roost|p2a: FreePalestine\ud83c\uddf5\ud83c\uddf8\n|-heal|p2a: FreePalestine\ud83c\uddf5\ud83c\uddf8|100\/100\n|-singleturn|p2a: FreePalestine\ud83c\uddf5\ud83c\uddf8|move: Roost\n|\n|upkeep\n|turn|50\n|\n|t:|1700645869\n|switch|p2a: Slowking|Slowking-Galar, M|100\/100\n|move|p1a: SSJ2 Fearow|Volt Switch|p2a: Slowking\n|-damage|p2a: Slowking|72\/100\n|\n|t:|1700645876\n|switch|p1a: Kasparov|Kingambit, F|100\/100|[from] Volt Switch\n|-damage|p1a: Kasparov|94\/100|[from] Stealth Rock\n|-activate|p1a: Kasparov|ability: Supreme Overlord\n|-start|p1a: Kasparov|fallen1|[silent]\n|\n|-heal|p1a: Kasparov|100\/100|[from] item: Leftovers\n|upkeep\n|turn|51\n|\n|t:|1700645879\n|switch|p2a: stannin on bihness|Toxapex, M|98\/100\n|move|p1a: Kasparov|Kowtow Cleave|p2a: stannin on bihness\n|-damage|p2a: stannin on bihness|67\/100\n|\n|upkeep\n|turn|52\n|\n|t:|1700645886\n|-end|p1a: Kasparov|fallen1|[silent]\n|switch|p1a: SSJ2 Fearow|Zapdos|86\/100\n|move|p2a: stannin on bihness|Infestation|p1a: SSJ2 Fearow\n|-resisted|p1a: SSJ2 Fearow\n|-damage|p1a: SSJ2 Fearow|85\/100\n|-activate|p1a: SSJ2 Fearow|move: Infestation|[of] p2a: stannin on bihness\n|\n|-damage|p1a: SSJ2 Fearow|73\/100|[from] move: Infestation|[partiallytrapped]\n|upkeep\n|turn|53\n|\n|t:|1700645892\n|switch|p2a: Slowking|Slowking-Galar, M|100\/100\n|move|p1a: SSJ2 Fearow|Volt Switch|p2a: Slowking\n|-damage|p2a: Slowking|73\/100\n|j| dfghhhg\n|\n|t:|1700645899\n|switch|p1a: Kasparov|Kingambit, F|100\/100|[from] Volt Switch\n|-damage|p1a: Kasparov|94\/100|[from] Stealth Rock\n|-activate|p1a: Kasparov|ability: Supreme Overlord\n|-start|p1a: Kasparov|fallen1|[silent]\n|\n|-heal|p1a: Kasparov|100\/100|[from] item: Leftovers\n|upkeep\n|turn|54\n|\n|t:|1700645903\n|switch|p2a: stannin on bihness|Toxapex, M|100\/100\n|move|p1a: Kasparov|Swords Dance|p1a: Kasparov\n|-boost|p1a: Kasparov|atk|2\n|\n|upkeep\n|turn|55\n|\n|t:|1700645909\n|move|p1a: Kasparov|Kowtow Cleave|p2a: stannin on bihness\n|-damage|p2a: stannin on bihness|32\/100\n|move|p2a: stannin on bihness|Infestation|p1a: Kasparov\n|-damage|p1a: Kasparov|97\/100\n|-activate|p1a: Kasparov|move: Infestation|[of] p2a: stannin on bihness\n|\n|-heal|p1a: Kasparov|100\/100|[from] item: Leftovers\n|-damage|p1a: Kasparov|88\/100|[from] move: Infestation|[partiallytrapped]\n|upkeep\n|turn|56\n|\n|t:|1700645915\n|switch|p2a: Ripbozo \ud83d\ude02 \ud83d\ude02|Dondozo, M|100\/100 slp\n|move|p1a: Kasparov|Kowtow Cleave|p2a: Ripbozo \ud83d\ude02 \ud83d\ude02\n|-damage|p2a: Ripbozo \ud83d\ude02 \ud83d\ude02|78\/100 slp\n|\n|-heal|p1a: Kasparov|94\/100|[from] item: Leftovers\n|-heal|p2a: Ripbozo \ud83d\ude02 \ud83d\ude02|84\/100 slp|[from] item: Leftovers\n|-end|p1a: Kasparov|Infestation|[partiallytrapped]|[silent]\n|upkeep\n|turn|57\n|\n|t:|1700645923\n|-end|p1a: Kasparov|fallen1|[silent]\n|switch|p1a: SSJ2 Fearow|Zapdos|73\/100\n|cant|p2a: Ripbozo \ud83d\ude02 \ud83d\ude02|slp\n|move|p2a: Ripbozo \ud83d\ude02 \ud83d\ude02|Sleep Talk|p2a: Ripbozo \ud83d\ude02 \ud83d\ude02\n|move|p2a: Ripbozo \ud83d\ude02 \ud83d\ude02|Wave Crash|p1a: SSJ2 Fearow|[from]move: Sleep Talk\n|-damage|p1a: SSJ2 Fearow|38\/100\n|-damage|p2a: Ripbozo \ud83d\ude02 \ud83d\ude02|75\/100 slp|[from] Recoil\n|\n|-heal|p2a: Ripbozo \ud83d\ude02 \ud83d\ude02|81\/100 slp|[from] item: Leftovers\n|upkeep\n|turn|58\n|\n|t:|1700645934\n|switch|p2a: Slowking|Slowking-Galar, M|100\/100\n|move|p1a: SSJ2 Fearow|Volt Switch|p2a: Slowking\n|-damage|p2a: Slowking|76\/100\n|\n|t:|1700645941\n|switch|p1a: Kasparov|Kingambit, F|94\/100|[from] Volt Switch\n|-damage|p1a: Kasparov|88\/100|[from] Stealth Rock\n|-activate|p1a: Kasparov|ability: Supreme Overlord\n|-start|p1a: Kasparov|fallen1|[silent]\n|\n|-heal|p1a: Kasparov|94\/100|[from] item: Leftovers\n|upkeep\n|turn|59\n|\n|t:|1700645945\n|switch|p2a: Ripbozo \ud83d\ude02 \ud83d\ude02|Dondozo, M|81\/100 slp\n|move|p1a: Kasparov|Swords Dance|p1a: Kasparov\n|-boost|p1a: Kasparov|atk|2\n|\n|-heal|p1a: Kasparov|100\/100|[from] item: Leftovers\n|-heal|p2a: Ripbozo \ud83d\ude02 \ud83d\ude02|87\/100 slp|[from] item: Leftovers\n|upkeep\n|turn|60\n|\n|t:|1700645951\n|move|p1a: Kasparov|Kowtow Cleave|p2a: Ripbozo \ud83d\ude02 \ud83d\ude02\n|-crit|p2a: Ripbozo \ud83d\ude02 \ud83d\ude02\n|-damage|p2a: Ripbozo \ud83d\ude02 \ud83d\ude02|50\/100 slp\n|cant|p2a: Ripbozo \ud83d\ude02 \ud83d\ude02|slp\n|move|p2a: Ripbozo \ud83d\ude02 \ud83d\ude02|Sleep Talk|p2a: Ripbozo \ud83d\ude02 \ud83d\ude02\n|move|p2a: Ripbozo \ud83d\ude02 \ud83d\ude02|Curse|p2a: Ripbozo \ud83d\ude02 \ud83d\ude02|[from]move: Sleep Talk\n|-unboost|p2a: Ripbozo \ud83d\ude02 \ud83d\ude02|spe|1\n|-boost|p2a: Ripbozo \ud83d\ude02 \ud83d\ude02|atk|1\n|-boost|p2a: Ripbozo \ud83d\ude02 \ud83d\ude02|def|1\n|\n|-heal|p2a: Ripbozo \ud83d\ude02 \ud83d\ude02|56\/100 slp|[from] item: Leftovers\n|upkeep\n|turn|61\n|\n|t:|1700645959\n|-end|p1a: Kasparov|fallen1|[silent]\n|switch|p1a: SSJ2 Fearow|Zapdos|38\/100\n|-curestatus|p2a: Ripbozo \ud83d\ude02 \ud83d\ude02|slp|[msg]\n|move|p2a: Ripbozo \ud83d\ude02 \ud83d\ude02|Curse|p2a: Ripbozo \ud83d\ude02 \ud83d\ude02\n|-unboost|p2a: Ripbozo \ud83d\ude02 \ud83d\ude02|spe|1\n|-boost|p2a: Ripbozo \ud83d\ude02 \ud83d\ude02|atk|1\n|-boost|p2a: Ripbozo \ud83d\ude02 \ud83d\ude02|def|1\n|\n|-heal|p2a: Ripbozo \ud83d\ude02 \ud83d\ude02|62\/100|[from] item: Leftovers\n|upkeep\n|turn|62\n|\n|t:|1700645966\n|switch|p2a: Slowking|Slowking-Galar, M|100\/100\n|move|p1a: SSJ2 Fearow|Volt Switch|p2a: Slowking\n|-damage|p2a: Slowking|77\/100\n|\n|t:|1700645972\n|switch|p1a: Kasparov|Kingambit, F|100\/100|[from] Volt Switch\n|-damage|p1a: Kasparov|94\/100|[from] Stealth Rock\n|-activate|p1a: Kasparov|ability: Supreme Overlord\n|-start|p1a: Kasparov|fallen1|[silent]\n|\n|-heal|p1a: Kasparov|100\/100|[from] item: Leftovers\n|upkeep\n|turn|63\n|\n|t:|1700645977\n|switch|p2a: stannin on bihness|Toxapex, M|66\/100\n|move|p1a: Kasparov|Swords Dance|p1a: Kasparov\n|-boost|p1a: Kasparov|atk|2\n|\n|upkeep\n|turn|64\n|\n|t:|1700645980\n|switch|p2a: Ripbozo \ud83d\ude02 \ud83d\ude02|Dondozo, M|62\/100\n|move|p1a: Kasparov|Kowtow Cleave|p2a: Ripbozo \ud83d\ude02 \ud83d\ude02\n|-damage|p2a: Ripbozo \ud83d\ude02 \ud83d\ude02|37\/100\n|\n|-heal|p2a: Ripbozo \ud83d\ude02 \ud83d\ude02|43\/100|[from] item: Leftovers\n|upkeep\n|turn|65\n|\n|t:|1700645989\n|-end|p1a: Kasparov|fallen1|[silent]\n|switch|p1a: SSJ2 Fearow|Zapdos|38\/100\n|move|p2a: Ripbozo \ud83d\ude02 \ud83d\ude02|Rest|p2a: Ripbozo \ud83d\ude02 \ud83d\ude02\n|-status|p2a: Ripbozo \ud83d\ude02 \ud83d\ude02|slp|[from] move: Rest\n|-heal|p2a: Ripbozo \ud83d\ude02 \ud83d\ude02|100\/100 slp|[silent]\n|\n|upkeep\n|turn|66\n|\n|t:|1700645994\n|switch|p2a: Slowking|Slowking-Galar, M|100\/100\n|move|p1a: SSJ2 Fearow|Roost|p1a: SSJ2 Fearow\n|-heal|p1a: SSJ2 Fearow|88\/100\n|-singleturn|p1a: SSJ2 Fearow|move: Roost\n|\n|upkeep\n|turn|67\n|\n|t:|1700645998\n|move|p1a: SSJ2 Fearow|Volt Switch|p2a: Slowking\n|-damage|p2a: Slowking|75\/100\n|\n|t:|1700646002\n|switch|p1a: Kasparov|Kingambit, F|100\/100|[from] Volt Switch\n|-damage|p1a: Kasparov|94\/100|[from] Stealth Rock\n|-activate|p1a: Kasparov|ability: Supreme Overlord\n|-start|p1a: Kasparov|fallen1|[silent]\n|move|p2a: Slowking|Future Sight|p1a: Kasparov\n|-start|p2a: Slowking|move: Future Sight\n|\n|-heal|p1a: Kasparov|100\/100|[from] item: Leftovers\n|upkeep\n|turn|68\n|\n|t:|1700646010\n|switch|p2a: stannin on bihness|Toxapex, M|99\/100\n|move|p1a: Kasparov|Swords Dance|p1a: Kasparov\n|-boost|p1a: Kasparov|atk|2\n|\n|upkeep\n|turn|69\n|\n|t:|1700646015\n|move|p1a: Kasparov|Kowtow Cleave|p2a: stannin on bihness\n|-damage|p2a: stannin on bihness|30\/100\n|move|p2a: stannin on bihness|Infestation|p1a: Kasparov\n|-damage|p1a: Kasparov|98\/100\n|-activate|p1a: Kasparov|move: Infestation|[of] p2a: stannin on bihness\n|\n|-end|p1a: Kasparov|move: Future Sight\n|-immune|p1a: Kasparov\n|-heal|p1a: Kasparov|100\/100|[from] item: Leftovers\n|-damage|p1a: Kasparov|88\/100|[from] move: Infestation|[partiallytrapped]\n|upkeep\n|turn|70\n|\n|t:|1700646021\n|switch|p2a: Ripbozo \ud83d\ude02 \ud83d\ude02|Dondozo, M|100\/100 slp\n|move|p1a: Kasparov|Kowtow Cleave|p2a: Ripbozo \ud83d\ude02 \ud83d\ude02\n|-crit|p2a: Ripbozo \ud83d\ude02 \ud83d\ude02\n|-damage|p2a: Ripbozo \ud83d\ude02 \ud83d\ude02|64\/100 slp\n|\n|-heal|p1a: Kasparov|94\/100|[from] item: Leftovers\n|-heal|p2a: Ripbozo \ud83d\ude02 \ud83d\ude02|70\/100 slp|[from] item: Leftovers\n|-end|p1a: Kasparov|Infestation|[partiallytrapped]|[silent]\n|upkeep\n|turn|71\n|\n|t:|1700646027\n|move|p1a: Kasparov|Kowtow Cleave|p2a: Ripbozo \ud83d\ude02 \ud83d\ude02\n|-damage|p2a: Ripbozo \ud83d\ude02 \ud83d\ude02|44\/100 slp\n|cant|p2a: Ripbozo \ud83d\ude02 \ud83d\ude02|slp\n|move|p2a: Ripbozo \ud83d\ude02 \ud83d\ude02|Sleep Talk|p2a: Ripbozo \ud83d\ude02 \ud83d\ude02\n|move|p2a: Ripbozo \ud83d\ude02 \ud83d\ude02|Wave Crash|p1a: Kasparov|[from]move: Sleep Talk\n|-damage|p1a: Kasparov|61\/100\n|-damage|p2a: Ripbozo \ud83d\ude02 \ud83d\ude02|35\/100 slp|[from] Recoil\n|\n|-heal|p1a: Kasparov|67\/100|[from] item: Leftovers\n|-heal|p2a: Ripbozo \ud83d\ude02 \ud83d\ude02|42\/100 slp|[from] item: Leftovers\n|upkeep\n|turn|72\n|\n|t:|1700646036\n|switch|p2a: It's Joever|Clefable, M|90\/100\n|move|p1a: Kasparov|Kowtow Cleave|p2a: It's Joever\n|-resisted|p2a: It's Joever\n|-damage|p2a: It's Joever|59\/100\n|\n|-heal|p1a: Kasparov|74\/100|[from] item: Leftovers\n|upkeep\n|turn|73\n|\n|t:|1700646043\n|move|p2a: It's Joever|Protect|p2a: It's Joever\n|-singleturn|p2a: It's Joever|Protect\n|move|p1a: Kasparov|Iron Head|p2a: It's Joever\n|-activate|p2a: It's Joever|move: Protect\n|\n|-heal|p1a: Kasparov|80\/100|[from] item: Leftovers\n|upkeep\n|turn|74\n|\n|t:|1700646048\n|switch|p2a: stannin on bihness|Toxapex, M|63\/100\n|move|p1a: Kasparov|Kowtow Cleave|p2a: stannin on bihness\n|-damage|p2a: stannin on bihness|1\/100\n|\n|-heal|p1a: Kasparov|86\/100|[from] item: Leftovers\n|upkeep\n|turn|75\n|\n|t:|1700646055\n|switch|p2a: FreePalestine\ud83c\uddf5\ud83c\uddf8|Corviknight, F|100\/100\n|-ability|p2a: FreePalestine\ud83c\uddf5\ud83c\uddf8|Pressure\n|move|p1a: Kasparov|Kowtow Cleave|p2a: FreePalestine\ud83c\uddf5\ud83c\uddf8\n|-damage|p2a: FreePalestine\ud83c\uddf5\ud83c\uddf8|31\/100\n|\n|-heal|p1a: Kasparov|92\/100|[from] item: Leftovers\n|upkeep\n|turn|76\n|j| Ctannn\n|\n|t:|1700646063\n|move|p2a: FreePalestine\ud83c\uddf5\ud83c\uddf8|Roost|p2a: FreePalestine\ud83c\uddf5\ud83c\uddf8\n|-heal|p2a: FreePalestine\ud83c\uddf5\ud83c\uddf8|81\/100\n|-singleturn|p2a: FreePalestine\ud83c\uddf5\ud83c\uddf8|move: Roost\n|move|p1a: Kasparov|Kowtow Cleave|p2a: FreePalestine\ud83c\uddf5\ud83c\uddf8\n|-damage|p2a: FreePalestine\ud83c\uddf5\ud83c\uddf8|17\/100\n|\n|-heal|p1a: Kasparov|99\/100|[from] item: Leftovers\n|upkeep\n|turn|77\n|\n|t:|1700646074\n|move|p2a: FreePalestine\ud83c\uddf5\ud83c\uddf8|Roost|p2a: FreePalestine\ud83c\uddf5\ud83c\uddf8\n|-heal|p2a: FreePalestine\ud83c\uddf5\ud83c\uddf8|67\/100\n|-singleturn|p2a: FreePalestine\ud83c\uddf5\ud83c\uddf8|move: Roost\n|move|p1a: Kasparov|Iron Head|p2a: FreePalestine\ud83c\uddf5\ud83c\uddf8\n|-resisted|p2a: FreePalestine\ud83c\uddf5\ud83c\uddf8\n|-damage|p2a: FreePalestine\ud83c\uddf5\ud83c\uddf8|39\/100\n|\n|-heal|p1a: Kasparov|100\/100|[from] item: Leftovers\n|upkeep\n|turn|78\n|\n|t:|1700646082\n|-end|p1a: Kasparov|fallen1|[silent]\n|switch|p1a: SSJ2 Fearow|Zapdos|88\/100\n|move|p2a: FreePalestine\ud83c\uddf5\ud83c\uddf8|Roost|p2a: FreePalestine\ud83c\uddf5\ud83c\uddf8\n|-heal|p2a: FreePalestine\ud83c\uddf5\ud83c\uddf8|89\/100\n|-singleturn|p2a: FreePalestine\ud83c\uddf5\ud83c\uddf8|move: Roost\n|\n|upkeep\n|turn|79\n|\n|t:|1700646086\n|switch|p2a: Slowking|Slowking-Galar, M|100\/100\n|move|p1a: SSJ2 Fearow|Volt Switch|p2a: Slowking\n|-damage|p2a: Slowking|72\/100\n|\n|t:|1700646093\n|switch|p1a: Mega Donphan|Great Tusk|15\/100 tox|[from] Volt Switch\n|-damage|p1a: Mega Donphan|12\/100 tox|[from] Stealth Rock\n|\n|-heal|p1a: Mega Donphan|18\/100 tox|[from] item: Leftovers\n|-damage|p1a: Mega Donphan|12\/100 tox|[from] psn\n|upkeep\n|turn|80\n|\n|t:|1700646098\n|switch|p2a: FreePalestine\ud83c\uddf5\ud83c\uddf8|Corviknight, F|89\/100\n|-ability|p2a: FreePalestine\ud83c\uddf5\ud83c\uddf8|Pressure\n|move|p1a: Mega Donphan|Body Press|p2a: FreePalestine\ud83c\uddf5\ud83c\uddf8\n|-damage|p2a: FreePalestine\ud83c\uddf5\ud83c\uddf8|63\/100\n|\n|-heal|p1a: Mega Donphan|18\/100 tox|[from] item: Leftovers\n|-damage|p1a: Mega Donphan|6\/100 tox|[from] psn\n|upkeep\n|turn|81\n|\n|t:|1700646109\n|move|p1a: Mega Donphan|Body Press|p2a: FreePalestine\ud83c\uddf5\ud83c\uddf8\n|-damage|p2a: FreePalestine\ud83c\uddf5\ud83c\uddf8|37\/100\n|move|p2a: FreePalestine\ud83c\uddf5\ud83c\uddf8|Roost|p2a: FreePalestine\ud83c\uddf5\ud83c\uddf8\n|-heal|p2a: FreePalestine\ud83c\uddf5\ud83c\uddf8|87\/100\n|-singleturn|p2a: FreePalestine\ud83c\uddf5\ud83c\uddf8|move: Roost\n|\n|-heal|p1a: Mega Donphan|12\/100 tox|[from] item: Leftovers\n|-damage|p1a: Mega Donphan|0 fnt|[from] psn\n|faint|p1a: Mega Donphan\n|-end|p1a: Mega Donphan|Protosynthesis|[silent]\n|upkeep\n|\n|t:|1700646117\n|switch|p1a: SSJ2 Fearow|Zapdos|88\/100\n|turn|82\n|\n|t:|1700646120\n|switch|p2a: Slowking|Slowking-Galar, M|100\/100\n|move|p1a: SSJ2 Fearow|Volt Switch|p2a: Slowking\n|-damage|p2a: Slowking|73\/100\n|\n|t:|1700646127\n|switch|p1a: Kasparov|Kingambit, F|100\/100|[from] Volt Switch\n|-damage|p1a: Kasparov|94\/100|[from] Stealth Rock\n|-activate|p1a: Kasparov|ability: Supreme Overlord\n|-start|p1a: Kasparov|fallen2|[silent]\n|\n|-heal|p1a: Kasparov|100\/100|[from] item: Leftovers\n|upkeep\n|turn|83\n|\n|t:|1700646130\n|switch|p2a: stannin on bihness|Toxapex, M|34\/100\n|move|p1a: Kasparov|Iron Head|p2a: stannin on bihness\n|-resisted|p2a: stannin on bihness\n|-damage|p2a: stannin on bihness|19\/100\n|\n|upkeep\n|turn|84\n|\n|t:|1700646136\n|move|p1a: Kasparov|Iron Head|p2a: stannin on bihness\n|-resisted|p2a: stannin on bihness\n|-damage|p2a: stannin on bihness|1\/100\n|move|p2a: stannin on bihness|Recover|p2a: stannin on bihness\n|-heal|p2a: stannin on bihness|51\/100\n|\n|upkeep\n|turn|85\n|\n|t:|1700646143\n|-end|p1a: Kasparov|fallen2|[silent]\n|switch|p1a: SSJ2 Fearow|Zapdos|88\/100\n|move|p2a: stannin on bihness|Infestation|p1a: SSJ2 Fearow\n|-resisted|p1a: SSJ2 Fearow\n|-damage|p1a: SSJ2 Fearow|87\/100\n|-activate|p1a: SSJ2 Fearow|move: Infestation|[of] p2a: stannin on bihness\n|-status|p2a: stannin on bihness|par|[from] ability: Static|[of] p1a: SSJ2 Fearow\n|\n|-damage|p1a: SSJ2 Fearow|74\/100|[from] move: Infestation|[partiallytrapped]\n|upkeep\n|turn|86\n|\n|t:|1700646149\n|switch|p2a: Slowking|Slowking-Galar, M|100\/100\n|move|p1a: SSJ2 Fearow|Volt Switch|p2a: Slowking\n|-damage|p2a: Slowking|75\/100\n|\n|t:|1700646156\n|switch|p1a: Kasparov|Kingambit, F|100\/100|[from] Volt Switch\n|-damage|p1a: Kasparov|94\/100|[from] Stealth Rock\n|-activate|p1a: Kasparov|ability: Supreme Overlord\n|-start|p1a: Kasparov|fallen2|[silent]\n|\n|-heal|p1a: Kasparov|100\/100|[from] item: Leftovers\n|upkeep\n|turn|87\n|\n|t:|1700646158\n|switch|p2a: stannin on bihness|Toxapex, M|85\/100 par\n|move|p1a: Kasparov|Swords Dance|p1a: Kasparov\n|-boost|p1a: Kasparov|atk|2\n|\n|upkeep\n|turn|88\n|\n|t:|1700646163\n|switch|p2a: Ripbozo \ud83d\ude02 \ud83d\ude02|Dondozo, M|42\/100 slp\n|move|p1a: Kasparov|Iron Head|p2a: Ripbozo \ud83d\ude02 \ud83d\ude02\n|-resisted|p2a: Ripbozo \ud83d\ude02 \ud83d\ude02\n|-damage|p2a: Ripbozo \ud83d\ude02 \ud83d\ude02|29\/100 slp\n|\n|-heal|p2a: Ripbozo \ud83d\ude02 \ud83d\ude02|35\/100 slp|[from] item: Leftovers\n|upkeep\n|turn|89\n|\n|t:|1700646169\n|move|p1a: Kasparov|Iron Head|p2a: Ripbozo \ud83d\ude02 \ud83d\ude02\n|-resisted|p2a: Ripbozo \ud83d\ude02 \ud83d\ude02\n|-damage|p2a: Ripbozo \ud83d\ude02 \ud83d\ude02|24\/100 slp\n|cant|p2a: Ripbozo \ud83d\ude02 \ud83d\ude02|slp\n|move|p2a: Ripbozo \ud83d\ude02 \ud83d\ude02|Sleep Talk|p2a: Ripbozo \ud83d\ude02 \ud83d\ude02\n|move|p2a: Ripbozo \ud83d\ude02 \ud83d\ude02|Wave Crash|p1a: Kasparov|[from]move: Sleep Talk\n|-damage|p1a: Kasparov|70\/100\n|-damage|p2a: Ripbozo \ud83d\ude02 \ud83d\ude02|16\/100 slp|[from] Recoil\n|\n|-heal|p1a: Kasparov|77\/100|[from] item: Leftovers\n|-heal|p2a: Ripbozo \ud83d\ude02 \ud83d\ude02|22\/100 slp|[from] item: Leftovers\n|upkeep\n|turn|90\n|\n|t:|1700646177\n|move|p1a: Kasparov|Iron Head|p2a: Ripbozo \ud83d\ude02 \ud83d\ude02\n|-resisted|p2a: Ripbozo \ud83d\ude02 \ud83d\ude02\n|-damage|p2a: Ripbozo \ud83d\ude02 \ud83d\ude02|9\/100 slp\n|-curestatus|p2a: Ripbozo \ud83d\ude02 \ud83d\ude02|slp|[msg]\n|move|p2a: Ripbozo \ud83d\ude02 \ud83d\ude02|Rest|p2a: Ripbozo \ud83d\ude02 \ud83d\ude02\n|-status|p2a: Ripbozo \ud83d\ude02 \ud83d\ude02|slp|[from] move: Rest\n|-heal|p2a: Ripbozo \ud83d\ude02 \ud83d\ude02|100\/100 slp|[silent]\n|\n|-heal|p1a: Kasparov|83\/100|[from] item: Leftovers\n|upkeep\n|turn|91\n|\n|t:|1700646184\n|-end|p1a: Kasparov|fallen2|[silent]\n|switch|p1a: SSJ2 Fearow|Zapdos|74\/100\n|cant|p2a: Ripbozo \ud83d\ude02 \ud83d\ude02|slp\n|move|p2a: Ripbozo \ud83d\ude02 \ud83d\ude02|Sleep Talk|p2a: Ripbozo \ud83d\ude02 \ud83d\ude02\n|move|p2a: Ripbozo \ud83d\ude02 \ud83d\ude02|Wave Crash|p1a: SSJ2 Fearow|[from]move: Sleep Talk\n|-damage|p1a: SSJ2 Fearow|38\/100\n|-damage|p2a: Ripbozo \ud83d\ude02 \ud83d\ude02|91\/100 slp|[from] Recoil\n|\n|-heal|p2a: Ripbozo \ud83d\ude02 \ud83d\ude02|98\/100 slp|[from] item: Leftovers\n|upkeep\n|turn|92\n|\n|t:|1700646193\n|switch|p2a: Slowking|Slowking-Galar, M|100\/100\n|move|p1a: SSJ2 Fearow|Roost|p1a: SSJ2 Fearow\n|-heal|p1a: SSJ2 Fearow|88\/100\n|-singleturn|p1a: SSJ2 Fearow|move: Roost\n|\n|upkeep\n|turn|93\n|\n|t:|1700646198\n|move|p1a: SSJ2 Fearow|Volt Switch|p2a: Slowking\n|-damage|p2a: Slowking|74\/100\n|\n|t:|1700646201\n|switch|p1a: Kasparov|Kingambit, F|83\/100|[from] Volt Switch\n|-damage|p1a: Kasparov|77\/100|[from] Stealth Rock\n|-activate|p1a: Kasparov|ability: Supreme Overlord\n|-start|p1a: Kasparov|fallen2|[silent]\n|move|p2a: Slowking|Future Sight|p1a: Kasparov\n|-start|p2a: Slowking|move: Future Sight\n|\n|-heal|p1a: Kasparov|83\/100|[from] item: Leftovers\n|upkeep\n|turn|94\n|\n|t:|1700646209\n|switch|p2a: stannin on bihness|Toxapex, M|100\/100 par\n|move|p1a: Kasparov|Swords Dance|p1a: Kasparov\n|-boost|p1a: Kasparov|atk|2\n|\n|-heal|p1a: Kasparov|89\/100|[from] item: Leftovers\n|upkeep\n|turn|95\n|l| Ctannn\n|\n|t:|1700646213\n|move|p1a: Kasparov|Iron Head|p2a: stannin on bihness\n|-resisted|p2a: stannin on bihness\n|-damage|p2a: stannin on bihness|69\/100 par\n|cant|p2a: stannin on bihness|flinch\n|\n|-end|p1a: Kasparov|move: Future Sight\n|-immune|p1a: Kasparov\n|-heal|p1a: Kasparov|95\/100|[from] item: Leftovers\n|upkeep\n|turn|96\n|\n|t:|1700646223\n|switch|p2a: Ripbozo \ud83d\ude02 \ud83d\ude02|Dondozo, M|98\/100 slp\n|move|p1a: Kasparov|Swords Dance|p1a: Kasparov\n|-boost|p1a: Kasparov|atk|2\n|\n|-heal|p1a: Kasparov|100\/100|[from] item: Leftovers\n|-heal|p2a: Ripbozo \ud83d\ude02 \ud83d\ude02|100\/100 slp|[from] item: Leftovers\n|upkeep\n|turn|97\n|\n|t:|1700646228\n|move|p1a: Kasparov|Iron Head|p2a: Ripbozo \ud83d\ude02 \ud83d\ude02\n|-resisted|p2a: Ripbozo \ud83d\ude02 \ud83d\ude02\n|-damage|p2a: Ripbozo \ud83d\ude02 \ud83d\ude02|87\/100 slp\n|cant|p2a: Ripbozo \ud83d\ude02 \ud83d\ude02|slp\n|move|p2a: Ripbozo \ud83d\ude02 \ud83d\ude02|Sleep Talk|p2a: Ripbozo \ud83d\ude02 \ud83d\ude02\n|move|p2a: Ripbozo \ud83d\ude02 \ud83d\ude02|Wave Crash|p1a: Kasparov|[from]move: Sleep Talk\n|-damage|p1a: Kasparov|71\/100\n|-damage|p2a: Ripbozo \ud83d\ude02 \ud83d\ude02|79\/100 slp|[from] Recoil\n|\n|-heal|p1a: Kasparov|77\/100|[from] item: Leftovers\n|-heal|p2a: Ripbozo \ud83d\ude02 \ud83d\ude02|85\/100 slp|[from] item: Leftovers\n|upkeep\n|turn|98\n|j| Ctannn\n|\n|t:|1700646233\n|move|p1a: Kasparov|Iron Head|p2a: Ripbozo \ud83d\ude02 \ud83d\ude02\n|-resisted|p2a: Ripbozo \ud83d\ude02 \ud83d\ude02\n|-damage|p2a: Ripbozo \ud83d\ude02 \ud83d\ude02|74\/100 slp\n|-curestatus|p2a: Ripbozo \ud83d\ude02 \ud83d\ude02|slp|[msg]\n|move|p2a: Ripbozo \ud83d\ude02 \ud83d\ude02|Curse|p2a: Ripbozo \ud83d\ude02 \ud83d\ude02\n|-unboost|p2a: Ripbozo \ud83d\ude02 \ud83d\ude02|spe|1\n|-boost|p2a: Ripbozo \ud83d\ude02 \ud83d\ude02|atk|1\n|-boost|p2a: Ripbozo \ud83d\ude02 \ud83d\ude02|def|1\n|\n|-heal|p1a: Kasparov|83\/100|[from] item: Leftovers\n|-heal|p2a: Ripbozo \ud83d\ude02 \ud83d\ude02|80\/100|[from] item: Leftovers\n|upkeep\n|turn|99\n|l| Ctannn\n|\n|t:|1700646242\n|-end|p1a: Kasparov|fallen2|[silent]\n|switch|p1a: SSJ2 Fearow|Zapdos|88\/100\n|move|p2a: Ripbozo \ud83d\ude02 \ud83d\ude02|Wave Crash|p1a: SSJ2 Fearow\n|-damage|p1a: SSJ2 Fearow|29\/100\n|-status|p2a: Ripbozo \ud83d\ude02 \ud83d\ude02|par|[from] ability: Static|[of] p1a: SSJ2 Fearow\n|-damage|p2a: Ripbozo \ud83d\ude02 \ud83d\ude02|65\/100 par|[from] Recoil\n|\n|-heal|p2a: Ripbozo \ud83d\ude02 \ud83d\ude02|71\/100 par|[from] item: Leftovers\n|upkeep\n|turn|100\n|\n|t:|1700646249\n|switch|p2a: Slowking|Slowking-Galar, M|100\/100\n|move|p1a: SSJ2 Fearow|Roost|p1a: SSJ2 Fearow\n|-heal|p1a: SSJ2 Fearow|79\/100\n|-singleturn|p1a: SSJ2 Fearow|move: Roost\n|\n|upkeep\n|turn|101\n|\n|t:|1700646256\n|move|p1a: SSJ2 Fearow|Volt Switch|p2a: Slowking\n|-damage|p2a: Slowking|72\/100\n|\n|t:|1700646262\n|switch|p1a: Kasparov|Kingambit, F|83\/100|[from] Volt Switch\n|-damage|p1a: Kasparov|77\/100|[from] Stealth Rock\n|-activate|p1a: Kasparov|ability: Supreme Overlord\n|-start|p1a: Kasparov|fallen2|[silent]\n|move|p2a: Slowking|Future Sight|p1a: Kasparov\n|-start|p2a: Slowking|move: Future Sight\n|\n|-heal|p1a: Kasparov|83\/100|[from] item: Leftovers\n|upkeep\n|turn|102\n|\n|t:|1700646268\n|switch|p2a: Ripbozo \ud83d\ude02 \ud83d\ude02|Dondozo, M|71\/100 par\n|move|p1a: Kasparov|Swords Dance|p1a: Kasparov\n|-boost|p1a: Kasparov|atk|2\n|\n|-heal|p1a: Kasparov|90\/100|[from] item: Leftovers\n|-heal|p2a: Ripbozo \ud83d\ude02 \ud83d\ude02|77\/100 par|[from] item: Leftovers\n|upkeep\n|turn|103\n|\n|t:|1700646272\n|move|p1a: Kasparov|Iron Head|p2a: Ripbozo \ud83d\ude02 \ud83d\ude02\n|-resisted|p2a: Ripbozo \ud83d\ude02 \ud83d\ude02\n|-damage|p2a: Ripbozo \ud83d\ude02 \ud83d\ude02|65\/100 par\n|move|p2a: Ripbozo \ud83d\ude02 \ud83d\ude02|Wave Crash|p1a: Kasparov\n|-damage|p1a: Kasparov|59\/100\n|-damage|p2a: Ripbozo \ud83d\ude02 \ud83d\ude02|57\/100 par|[from] Recoil\n|\n|-end|p1a: Kasparov|move: Future Sight\n|-immune|p1a: Kasparov\n|-heal|p1a: Kasparov|65\/100|[from] item: Leftovers\n|-heal|p2a: Ripbozo \ud83d\ude02 \ud83d\ude02|63\/100 par|[from] item: Leftovers\n|upkeep\n|turn|104\n|\n|t:|1700646278\n|move|p1a: Kasparov|Iron Head|p2a: Ripbozo \ud83d\ude02 \ud83d\ude02\n|-resisted|p2a: Ripbozo \ud83d\ude02 \ud83d\ude02\n|-damage|p2a: Ripbozo \ud83d\ude02 \ud83d\ude02|51\/100 par\n|move|p2a: Ripbozo \ud83d\ude02 \ud83d\ude02|Wave Crash|p1a: Kasparov\n|-damage|p1a: Kasparov|33\/100\n|-damage|p2a: Ripbozo \ud83d\ude02 \ud83d\ude02|43\/100 par|[from] Recoil\n|\n|-heal|p1a: Kasparov|40\/100|[from] item: Leftovers\n|-heal|p2a: Ripbozo \ud83d\ude02 \ud83d\ude02|49\/100 par|[from] item: Leftovers\n|upkeep\n|turn|105\n|\n|t:|1700646287\n|move|p1a: Kasparov|Iron Head|p2a: Ripbozo \ud83d\ude02 \ud83d\ude02\n|-resisted|p2a: Ripbozo \ud83d\ude02 \ud83d\ude02\n|-damage|p2a: Ripbozo \ud83d\ude02 \ud83d\ude02|37\/100 par\n|move|p2a: Ripbozo \ud83d\ude02 \ud83d\ude02|Rest|p2a: Ripbozo \ud83d\ude02 \ud83d\ude02\n|-status|p2a: Ripbozo \ud83d\ude02 \ud83d\ude02|slp|[from] move: Rest\n|-heal|p2a: Ripbozo \ud83d\ude02 \ud83d\ude02|100\/100 slp|[silent]\n|\n|-heal|p1a: Kasparov|46\/100|[from] item: Leftovers\n|upkeep\n|turn|106\n|\n|t:|1700646293\n|-end|p1a: Kasparov|fallen2|[silent]\n|switch|p1a: SSJ2 Fearow|Zapdos|79\/100\n|cant|p2a: Ripbozo \ud83d\ude02 \ud83d\ude02|slp\n|move|p2a: Ripbozo \ud83d\ude02 \ud83d\ude02|Sleep Talk|p2a: Ripbozo \ud83d\ude02 \ud83d\ude02\n|move|p2a: Ripbozo \ud83d\ude02 \ud83d\ude02|Curse|p2a: Ripbozo \ud83d\ude02 \ud83d\ude02|[from]move: Sleep Talk\n|-unboost|p2a: Ripbozo \ud83d\ude02 \ud83d\ude02|spe|1\n|-boost|p2a: Ripbozo \ud83d\ude02 \ud83d\ude02|atk|1\n|-boost|p2a: Ripbozo \ud83d\ude02 \ud83d\ude02|def|1\n|\n|upkeep\n|turn|107\n|\n|t:|1700646320\n|switch|p2a: Slowking|Slowking-Galar, M|100\/100\n|move|p1a: SSJ2 Fearow|Volt Switch|p2a: Slowking\n|-damage|p2a: Slowking|76\/100\n|\n|t:|1700646326\n|switch|p1a: Kasparov|Kingambit, F|46\/100|[from] Volt Switch\n|-damage|p1a: Kasparov|40\/100|[from] Stealth Rock\n|-activate|p1a: Kasparov|ability: Supreme Overlord\n|-start|p1a: Kasparov|fallen2|[silent]\n|\n|-heal|p1a: Kasparov|46\/100|[from] item: Leftovers\n|upkeep\n|turn|108\n|\n|t:|1700646331\n|switch|p2a: stannin on bihness|Toxapex, M|100\/100 par\n|move|p1a: Kasparov|Swords Dance|p1a: Kasparov\n|-boost|p1a: Kasparov|atk|2\n|\n|-heal|p1a: Kasparov|52\/100|[from] item: Leftovers\n|upkeep\n|turn|109\n|\n|t:|1700646335\n|move|p1a: Kasparov|Iron Head|p2a: stannin on bihness\n|-resisted|p2a: stannin on bihness\n|-damage|p2a: stannin on bihness|65\/100 par\n|move|p2a: stannin on bihness|Infestation|p1a: Kasparov\n|-damage|p1a: Kasparov|49\/100\n|-activate|p1a: Kasparov|move: Infestation|[of] p2a: stannin on bihness\n|\n|-heal|p1a: Kasparov|56\/100|[from] item: Leftovers\n|-damage|p1a: Kasparov|43\/100|[from] move: Infestation|[partiallytrapped]\n|upkeep\n|turn|110\n|\n|t:|1700646342\n|switch|p2a: Ripbozo \ud83d\ude02 \ud83d\ude02|Dondozo, M|100\/100 slp\n|move|p1a: Kasparov|Iron Head|p2a: Ripbozo \ud83d\ude02 \ud83d\ude02\n|-resisted|p2a: Ripbozo \ud83d\ude02 \ud83d\ude02\n|-damage|p2a: Ripbozo \ud83d\ude02 \ud83d\ude02|89\/100 slp\n|\n|-heal|p1a: Kasparov|49\/100|[from] item: Leftovers\n|-heal|p2a: Ripbozo \ud83d\ude02 \ud83d\ude02|95\/100 slp|[from] item: Leftovers\n|-end|p1a: Kasparov|Infestation|[partiallytrapped]|[silent]\n|upkeep\n|turn|111\n|\n|t:|1700646348\n|-end|p1a: Kasparov|fallen2|[silent]\n|switch|p1a: SSJ2 Fearow|Zapdos|79\/100\n|cant|p2a: Ripbozo \ud83d\ude02 \ud83d\ude02|slp\n|move|p2a: Ripbozo \ud83d\ude02 \ud83d\ude02|Sleep Talk|p2a: Ripbozo \ud83d\ude02 \ud83d\ude02\n|move|p2a: Ripbozo \ud83d\ude02 \ud83d\ude02|Rest||[from]move: Sleep Talk|[still]\n|-fail|p2a: Ripbozo \ud83d\ude02 \ud83d\ude02\n|\n|-heal|p2a: Ripbozo \ud83d\ude02 \ud83d\ude02|100\/100 slp|[from] item: Leftovers\n|upkeep\n|turn|112\n|c|\u2606yyysneasel|i am sorry if i disappoint you but i actually love pp stalling you to death\n|\n|t:|1700646368\n|switch|p2a: Slowking|Slowking-Galar, M|100\/100\n|move|p1a: SSJ2 Fearow|Volt Switch|p2a: Slowking\n|-damage|p2a: Slowking|76\/100\n|\n|t:|1700646372\n|switch|p1a: Kasparov|Kingambit, F|49\/100|[from] Volt Switch\n|-damage|p1a: Kasparov|43\/100|[from] Stealth Rock\n|-activate|p1a: Kasparov|ability: Supreme Overlord\n|-start|p1a: Kasparov|fallen2|[silent]\n|\n|-heal|p1a: Kasparov|49\/100|[from] item: Leftovers\n|upkeep\n|turn|113\n|c|\u2606yyysneasel|so if your goal is to annoy me you should ff at this point\n|\n|t:|1700646387\n|switch|p2a: stannin on bihness|Toxapex, M|99\/100 par\n|move|p1a: Kasparov|Swords Dance|p1a: Kasparov\n|-boost|p1a: Kasparov|atk|2\n|\n|-heal|p1a: Kasparov|56\/100|[from] item: Leftovers\n|upkeep\n|turn|114\n|\n|t:|1700646392\n|move|p1a: Kasparov|Iron Head|p2a: stannin on bihness\n|-resisted|p2a: stannin on bihness\n|-damage|p2a: stannin on bihness|62\/100 par\n|move|p2a: stannin on bihness|Infestation|p1a: Kasparov\n|-damage|p1a: Kasparov|53\/100\n|-activate|p1a: Kasparov|move: Infestation|[of] p2a: stannin on bihness\n|\n|-heal|p1a: Kasparov|59\/100|[from] item: Leftovers\n|-damage|p1a: Kasparov|46\/100|[from] move: Infestation|[partiallytrapped]\n|upkeep\n|turn|115\n|\n|t:|1700646399\n|switch|p2a: Ripbozo \ud83d\ude02 \ud83d\ude02|Dondozo, M|100\/100 slp\n|move|p1a: Kasparov|Iron Head|p2a: Ripbozo \ud83d\ude02 \ud83d\ude02\n|-resisted|p2a: Ripbozo \ud83d\ude02 \ud83d\ude02\n|-damage|p2a: Ripbozo \ud83d\ude02 \ud83d\ude02|88\/100 slp\n|\n|-heal|p1a: Kasparov|53\/100|[from] item: Leftovers\n|-heal|p2a: Ripbozo \ud83d\ude02 \ud83d\ude02|94\/100 slp|[from] item: Leftovers\n|-end|p1a: Kasparov|Infestation|[partiallytrapped]|[silent]\n|upkeep\n|turn|116\n|\n|t:|1700646405\n|-end|p1a: Kasparov|fallen2|[silent]\n|switch|p1a: SSJ2 Fearow|Zapdos|79\/100\n|-curestatus|p2a: Ripbozo \ud83d\ude02 \ud83d\ude02|slp|[msg]\n|move|p2a: Ripbozo \ud83d\ude02 \ud83d\ude02|Wave Crash|p1a: SSJ2 Fearow\n|-damage|p1a: SSJ2 Fearow|41\/100\n|-damage|p2a: Ripbozo \ud83d\ude02 \ud83d\ude02|84\/100|[from] Recoil\n|\n|-heal|p2a: Ripbozo \ud83d\ude02 \ud83d\ude02|90\/100|[from] item: Leftovers\n|upkeep\n|turn|117\n|\n|t:|1700646414\n|switch|p2a: Slowking|Slowking-Galar, M|100\/100\n|move|p1a: SSJ2 Fearow|Volt Switch|p2a: Slowking\n|-damage|p2a: Slowking|73\/100\n|\n|t:|1700646420\n|switch|p1a: Kasparov|Kingambit, F|53\/100|[from] Volt Switch\n|-damage|p1a: Kasparov|46\/100|[from] Stealth Rock\n|-activate|p1a: Kasparov|ability: Supreme Overlord\n|-start|p1a: Kasparov|fallen2|[silent]\n|\n|-heal|p1a: Kasparov|53\/100|[from] item: Leftovers\n|upkeep\n|turn|118\n|\n|t:|1700646422\n|switch|p2a: stannin on bihness|Toxapex, M|96\/100 par\n|move|p1a: Kasparov|Swords Dance|p1a: Kasparov\n|-boost|p1a: Kasparov|atk|2\n|\n|-heal|p1a: Kasparov|59\/100|[from] item: Leftovers\n|upkeep\n|turn|119\n|\n|t:|1700646425\n|move|p1a: Kasparov|Sucker Punch|p2a: stannin on bihness\n|-damage|p2a: stannin on bihness|35\/100 par\n|move|p2a: stannin on bihness|Infestation|p1a: Kasparov\n|-crit|p1a: Kasparov\n|-damage|p1a: Kasparov|55\/100\n|-activate|p1a: Kasparov|move: Infestation|[of] p2a: stannin on bihness\n|\n|-heal|p1a: Kasparov|61\/100|[from] item: Leftovers\n|-damage|p1a: Kasparov|49\/100|[from] move: Infestation|[partiallytrapped]\n|upkeep\n|turn|120\n|\n|t:|1700646430\n|switch|p2a: Ripbozo \ud83d\ude02 \ud83d\ude02|Dondozo, M|90\/100\n|move|p1a: Kasparov|Iron Head|p2a: Ripbozo \ud83d\ude02 \ud83d\ude02\n|-resisted|p2a: Ripbozo \ud83d\ude02 \ud83d\ude02\n|-damage|p2a: Ripbozo \ud83d\ude02 \ud83d\ude02|78\/100\n|\n|-heal|p1a: Kasparov|55\/100|[from] item: Leftovers\n|-heal|p2a: Ripbozo \ud83d\ude02 \ud83d\ude02|84\/100|[from] item: Leftovers\n|-end|p1a: Kasparov|Infestation|[partiallytrapped]|[silent]\n|upkeep\n|turn|121\n|\n|t:|1700646439\n|-end|p1a: Kasparov|fallen2|[silent]\n|switch|p1a: Aoi|Ogerpon-Wellspring, F|47\/100 tox\n|-damage|p1a: Aoi|35\/100 tox|[from] Stealth Rock\n|move|p2a: Ripbozo \ud83d\ude02 \ud83d\ude02|Wave Crash|p1a: Aoi\n|-heal|p1a: Aoi|60\/100 tox|[from] ability: Water Absorb|[of] p2a: Ripbozo \ud83d\ude02 \ud83d\ude02\n|\n|-heal|p2a: Ripbozo \ud83d\ude02 \ud83d\ude02|90\/100|[from] item: Leftovers\n|-damage|p1a: Aoi|54\/100 tox|[from] psn\n|upkeep\n|turn|122\n|\n|t:|1700646450\n|switch|p1a: SSJ2 Fearow|Zapdos|41\/100\n|switch|p2a: stannin on bihness|Toxapex, M|68\/100 par\n|\n|upkeep\n|turn|123\n|\n|t:|1700646456\n|switch|p2a: Slowking|Slowking-Galar, M|100\/100\n|move|p1a: SSJ2 Fearow|Roost|p1a: SSJ2 Fearow\n|-heal|p1a: SSJ2 Fearow|91\/100\n|-singleturn|p1a: SSJ2 Fearow|move: Roost\n|\n|upkeep\n|turn|124\n|\n|t:|1700646460\n|move|p1a: SSJ2 Fearow|Volt Switch|p2a: Slowking\n|-crit|p2a: Slowking\n|-damage|p2a: Slowking|59\/100\n|\n|t:|1700646465\n|switch|p1a: Kasparov|Kingambit, F|55\/100|[from] Volt Switch\n|-damage|p1a: Kasparov|49\/100|[from] Stealth Rock\n|-activate|p1a: Kasparov|ability: Supreme Overlord\n|-start|p1a: Kasparov|fallen2|[silent]\n|move|p2a: Slowking|Trick|p1a: Kasparov\n|-activate|p2a: Slowking|move: Trick|[of] p1a: Kasparov\n|-item|p1a: Kasparov|Choice Specs|[from] move: Trick\n|-item|p2a: Slowking|Leftovers|[from] move: Trick\n|\n|-heal|p2a: Slowking|65\/100|[from] item: Leftovers\n|upkeep\n|turn|125\n|\n|t:|1700646480\n|switch|p2a: stannin on bihness|Toxapex, M|100\/100 par\n|move|p1a: Kasparov|Iron Head|p2a: stannin on bihness\n|-resisted|p2a: stannin on bihness\n|-damage|p2a: stannin on bihness|84\/100 par\n|\n|upkeep\n|turn|126\n|\n|t:|1700646487\n|-end|p1a: Kasparov|fallen2|[silent]\n|switch|p1a: SSJ2 Fearow|Zapdos|91\/100\n|move|p2a: stannin on bihness|Toxic|p1a: SSJ2 Fearow\n|-status|p1a: SSJ2 Fearow|tox\n|\n|-damage|p1a: SSJ2 Fearow|85\/100 tox|[from] psn\n|upkeep\n|turn|127\n|\n|t:|1700646493\n|switch|p2a: Slowking|Slowking-Galar, M|98\/100\n|move|p1a: SSJ2 Fearow|Volt Switch|p2a: Slowking\n|-damage|p2a: Slowking|73\/100\n|\n|t:|1700646499\n|switch|p1a: Air Draco|Dragapult, M|76\/100|[from] Volt Switch\n|-damage|p1a: Air Draco|64\/100|[from] Stealth Rock\n|\n|-heal|p2a: Slowking|79\/100|[from] item: Leftovers\n|upkeep\n|turn|128\n|\n|t:|1700646505\n|switch|p2a: ban dengo ffs|Blissey, F|54\/100\n|move|p1a: Air Draco|Draco Meteor|p2a: ban dengo ffs\n|-damage|p2a: ban dengo ffs|32\/100\n|-unboost|p1a: Air Draco|spa|2\n|\n|upkeep\n|turn|129\n|\n|t:|1700646513\n|switch|p1a: Aoi|Ogerpon-Wellspring, F|54\/100 tox\n|-damage|p1a: Aoi|41\/100 tox|[from] Stealth Rock\n|move|p2a: ban dengo ffs|Soft-Boiled|p2a: ban dengo ffs\n|-heal|p2a: ban dengo ffs|82\/100\n|\n|-damage|p1a: Aoi|35\/100 tox|[from] psn\n|upkeep\n|turn|130\n|c|\u2606yyysneasel|ez + timer in this beh\n|inactive|Battle timer is ON: inactive players will automatically lose when time's up. (requested by yyysneasel)\n|\n|t:|1700646521\n|switch|p2a: stannin on bihness|Toxapex, M|100\/100 par\n|move|p1a: Aoi|Horn Leech|p2a: stannin on bihness\n|-damage|p2a: stannin on bihness|75\/100 par\n|-heal|p1a: Aoi|48\/100 tox|[from] drain|[of] p2a: stannin on bihness\n|\n|-damage|p1a: Aoi|36\/100 tox|[from] psn\n|upkeep\n|turn|131\n|\n|t:|1700646529\n|move|p1a: Aoi|U-turn|p2a: stannin on bihness\n|-resisted|p2a: stannin on bihness\n|-damage|p2a: stannin on bihness|66\/100 par\n|\n|t:|1700646532\n|switch|p1a: SSJ2 Fearow|Zapdos|85\/100 tox|[from] U-turn\n|cant|p2a: stannin on bihness|par\n|\n|-damage|p1a: SSJ2 Fearow|78\/100 tox|[from] psn\n|upkeep\n|turn|132\n|\n|t:|1700646537\n|switch|p2a: Slowking|Slowking-Galar, M|100\/100\n|move|p1a: SSJ2 Fearow|Volt Switch|p2a: Slowking\n|-damage|p2a: Slowking|73\/100\n|\n|t:|1700646544\n|switch|p1a: Kasparov|Kingambit, F|49\/100|[from] Volt Switch\n|-damage|p1a: Kasparov|42\/100|[from] Stealth Rock\n|-activate|p1a: Kasparov|ability: Supreme Overlord\n|-start|p1a: Kasparov|fallen2|[silent]\n|\n|-heal|p2a: Slowking|79\/100|[from] item: Leftovers\n|upkeep\n|turn|133\n|\n|t:|1700646549\n|switch|p2a: stannin on bihness|Toxapex, M|99\/100 par\n|move|p1a: Kasparov|Iron Head|p2a: stannin on bihness\n|-resisted|p2a: stannin on bihness\n|-damage|p2a: stannin on bihness|82\/100 par\n|\n|upkeep\n|turn|134\n|\n|t:|1700646554\n|-end|p1a: Kasparov|fallen2|[silent]\n|switch|p1a: SSJ2 Fearow|Zapdos|78\/100 tox\n|cant|p2a: stannin on bihness|par\n|\n|-damage|p1a: SSJ2 Fearow|72\/100 tox|[from] psn\n|upkeep\n|turn|135\n|\n|t:|1700646559\n|switch|p2a: Slowking|Slowking-Galar, M|100\/100\n|move|p1a: SSJ2 Fearow|Volt Switch|p2a: Slowking\n|-damage|p2a: Slowking|72\/100\n|\n|t:|1700646566\n|switch|p1a: Kasparov|Kingambit, F|42\/100|[from] Volt Switch\n|-damage|p1a: Kasparov|36\/100|[from] Stealth Rock\n|-activate|p1a: Kasparov|ability: Supreme Overlord\n|-start|p1a: Kasparov|fallen2|[silent]\n|\n|-heal|p2a: Slowking|78\/100|[from] item: Leftovers\n|upkeep\n|turn|136\n|\n|t:|1700646569\n|switch|p2a: stannin on bihness|Toxapex, M|100\/100 par\n|move|p1a: Kasparov|Iron Head|p2a: stannin on bihness\n|-resisted|p2a: stannin on bihness\n|-damage|p2a: stannin on bihness|84\/100 par\n|\n|upkeep\n|turn|137\n|\n|t:|1700646576\n|-end|p1a: Kasparov|fallen2|[silent]\n|switch|p1a: SSJ2 Fearow|Zapdos|72\/100 tox\n|move|p2a: stannin on bihness|Surf|p1a: SSJ2 Fearow\n|-crit|p1a: SSJ2 Fearow\n|-damage|p1a: SSJ2 Fearow|46\/100 tox\n|\n|-damage|p1a: SSJ2 Fearow|39\/100 tox|[from] psn\n|upkeep\n|turn|138\n|\n|t:|1700646580\n|switch|p2a: Slowking|Slowking-Galar, M|100\/100\n|move|p1a: SSJ2 Fearow|Volt Switch|p2a: Slowking\n|-damage|p2a: Slowking|74\/100\n|\n|t:|1700646587\n|switch|p1a: Air Draco|Dragapult, M|64\/100|[from] Volt Switch\n|-damage|p1a: Air Draco|51\/100|[from] Stealth Rock\n|\n|-heal|p2a: Slowking|80\/100|[from] item: Leftovers\n|upkeep\n|turn|139\n|\n|t:|1700646593\n|switch|p2a: ban dengo ffs|Blissey, F|82\/100\n|move|p1a: Air Draco|U-turn|p2a: ban dengo ffs\n|-damage|p2a: ban dengo ffs|69\/100\n|\n|t:|1700646599\n|switch|p1a: Aoi|Ogerpon-Wellspring, F|36\/100 tox|[from] U-turn\n|-damage|p1a: Aoi|24\/100 tox|[from] Stealth Rock\n|\n|-damage|p1a: Aoi|18\/100 tox|[from] psn\n|upkeep\n|turn|140\n|\n|t:|1700646604\n|switch|p2a: stannin on bihness|Toxapex, M|100\/100 par\n|move|p1a: Aoi|Horn Leech|p2a: stannin on bihness\n|-damage|p2a: stannin on bihness|71\/100 par\n|-heal|p1a: Aoi|33\/100 tox|[from] drain|[of] p2a: stannin on bihness\n|\n|-damage|p1a: Aoi|21\/100 tox|[from] psn\n|upkeep\n|turn|141\n|\n|t:|1700646614\n|move|p1a: Aoi|Horn Leech|p2a: stannin on bihness\n|-damage|p2a: stannin on bihness|45\/100 par\n|-heal|p1a: Aoi|34\/100 tox|[from] drain|[of] p2a: stannin on bihness\n|move|p2a: stannin on bihness|Infestation|p1a: Aoi\n|-supereffective|p1a: Aoi\n|-damage|p1a: Aoi|28\/100 tox\n|-activate|p1a: Aoi|move: Infestation|[of] p2a: stannin on bihness\n|\n|-damage|p1a: Aoi|10\/100 tox|[from] psn\n|-damage|p1a: Aoi|0 fnt|[from] move: Infestation|[partiallytrapped]\n|faint|p1a: Aoi\n|upkeep\n|\n|t:|1700646621\n|switch|p1a: Air Draco|Dragapult, M|51\/100\n|-damage|p1a: Air Draco|39\/100|[from] Stealth Rock\n|turn|142\n|\n|t:|1700646625\n|switch|p2a: ban dengo ffs|Blissey, F|69\/100\n|move|p1a: Air Draco|Draco Meteor|p2a: ban dengo ffs\n|-damage|p2a: ban dengo ffs|48\/100\n|-unboost|p1a: Air Draco|spa|2\n|\n|upkeep\n|turn|143\n|\n|t:|1700646633\n|switch|p1a: Kasparov|Kingambit, F|36\/100\n|-damage|p1a: Kasparov|30\/100|[from] Stealth Rock\n|-activate|p1a: Kasparov|ability: Supreme Overlord\n|-start|p1a: Kasparov|fallen3|[silent]\n|move|p2a: ban dengo ffs|Soft-Boiled|p2a: ban dengo ffs\n|-heal|p2a: ban dengo ffs|98\/100\n|\n|upkeep\n|turn|144\n|\n|t:|1700646638\n|switch|p2a: stannin on bihness|Toxapex, M|78\/100 par\n|move|p1a: Kasparov|Iron Head|p2a: stannin on bihness\n|-resisted|p2a: stannin on bihness\n|-damage|p2a: stannin on bihness|60\/100 par\n|\n|upkeep\n|turn|145\n|\n|t:|1700646645\n|-end|p1a: Kasparov|fallen3|[silent]\n|switch|p1a: SSJ2 Fearow|Zapdos|39\/100 tox\n|move|p2a: stannin on bihness|Surf|p1a: SSJ2 Fearow\n|-damage|p1a: SSJ2 Fearow|21\/100 tox\n|\n|-damage|p1a: SSJ2 Fearow|15\/100 tox|[from] psn\n|upkeep\n|turn|146\n|\n|t:|1700646649\n|switch|p2a: Slowking|Slowking-Galar, M|100\/100\n|move|p1a: SSJ2 Fearow|Roost|p1a: SSJ2 Fearow\n|-heal|p1a: SSJ2 Fearow|65\/100 tox\n|-singleturn|p1a: SSJ2 Fearow|move: Roost\n|\n|-damage|p1a: SSJ2 Fearow|52\/100 tox|[from] psn\n|upkeep\n|turn|147\n|\n|t:|1700646654\n|move|p1a: SSJ2 Fearow|Volt Switch|p2a: Slowking\n|-crit|p2a: Slowking\n|-damage|p2a: Slowking|61\/100\n|\n|t:|1700646658\n|switch|p1a: Kasparov|Kingambit, F|30\/100|[from] Volt Switch\n|-damage|p1a: Kasparov|24\/100|[from] Stealth Rock\n|-activate|p1a: Kasparov|ability: Supreme Overlord\n|-start|p1a: Kasparov|fallen3|[silent]\n|move|p2a: Slowking|Future Sight|p1a: Kasparov\n|-start|p2a: Slowking|move: Future Sight\n|\n|-heal|p2a: Slowking|67\/100|[from] item: Leftovers\n|upkeep\n|turn|148\n|\n|t:|1700646665\n|move|p1a: Kasparov|Sucker Punch||[still]\n|-fail|p1a: Kasparov\n|move|p2a: Slowking|Thunder Wave|p1a: Kasparov\n|-status|p1a: Kasparov|par\n|\n|-heal|p2a: Slowking|73\/100|[from] item: Leftovers\n|upkeep\n|turn|149\n|\n|t:|1700646669\n|switch|p2a: It's Joever|Clefable, M|59\/100\n|move|p1a: Kasparov|Sucker Punch||[still]\n|-fail|p1a: Kasparov\n|\n|-end|p1a: Kasparov|move: Future Sight\n|-immune|p1a: Kasparov\n|upkeep\n|turn|150\n|\n|t:|1700646674\n|move|p1a: Kasparov|Sucker Punch||[still]\n|-fail|p1a: Kasparov\n|move|p2a: It's Joever|Wish|p2a: It's Joever\n|\n|upkeep\n|turn|151\n|\n|t:|1700646681\n|-end|p1a: Kasparov|fallen3|[silent]\n|switch|p1a: SSJ2 Fearow|Zapdos|52\/100 tox\n|move|p2a: It's Joever|Protect||[still]\n|-fail|p2a: It's Joever\n|\n|-heal|p2a: It's Joever|100\/100|[from] move: Wish|[wisher] It's Joever\n|-damage|p1a: SSJ2 Fearow|46\/100 tox|[from] psn\n|upkeep\n|turn|152\n|\n|t:|1700646687\n|switch|p2a: Slowking|Slowking-Galar, M|100\/100\n|move|p1a: SSJ2 Fearow|Roost|p1a: SSJ2 Fearow\n|-heal|p1a: SSJ2 Fearow|96\/100 tox\n|-singleturn|p1a: SSJ2 Fearow|move: Roost\n|\n|-damage|p1a: SSJ2 Fearow|84\/100 tox|[from] psn\n|upkeep\n|turn|153\n|\n|t:|1700646692\n|move|p1a: SSJ2 Fearow|Hurricane|p2a: Slowking\n|-damage|p2a: Slowking|57\/100\n|-start|p2a: Slowking|confusion\n|-activate|p2a: Slowking|confusion\n|-damage|p2a: Slowking|52\/100|[from] confusion\n|\n|-heal|p2a: Slowking|58\/100|[from] item: Leftovers\n|-damage|p1a: SSJ2 Fearow|65\/100 tox|[from] psn\n|upkeep\n|turn|154\n|\n|t:|1700646702\n|move|p1a: SSJ2 Fearow|Hurricane|p2a: Slowking|[miss]\n|-miss|p1a: SSJ2 Fearow|p2a: Slowking\n|-activate|p2a: Slowking|confusion\n|move|p2a: Slowking|Future Sight|p1a: SSJ2 Fearow\n|-start|p2a: Slowking|move: Future Sight\n|\n|-heal|p2a: Slowking|64\/100|[from] item: Leftovers\n|-damage|p1a: SSJ2 Fearow|40\/100 tox|[from] psn\n|upkeep\n|turn|155\n|\n|t:|1700646709\n|switch|p2a: ban dengo ffs|Blissey, F|98\/100\n|move|p1a: SSJ2 Fearow|Roost|p1a: SSJ2 Fearow\n|-heal|p1a: SSJ2 Fearow|90\/100 tox\n|-singleturn|p1a: SSJ2 Fearow|move: Roost\n|\n|-damage|p1a: SSJ2 Fearow|59\/100 tox|[from] psn\n|upkeep\n|turn|156\n|\n|t:|1700646715\n|switch|p2a: Slowking|Slowking-Galar, M|97\/100\n|move|p1a: SSJ2 Fearow|Volt Switch|p2a: Slowking\n|-damage|p2a: Slowking|73\/100\n|\n|t:|1700646720\n|switch|p1a: Kasparov|Kingambit, F|24\/100 par|[from] Volt Switch\n|-damage|p1a: Kasparov|17\/100 par|[from] Stealth Rock\n|-activate|p1a: Kasparov|ability: Supreme Overlord\n|-start|p1a: Kasparov|fallen3|[silent]\n|\n|-end|p1a: Kasparov|move: Future Sight\n|-immune|p1a: Kasparov\n|-heal|p2a: Slowking|79\/100|[from] item: Leftovers\n|upkeep\n|turn|157\n|\n|t:|1700646726\n|switch|p2a: FreePalestine\ud83c\uddf5\ud83c\uddf8|Corviknight, F|87\/100\n|-ability|p2a: FreePalestine\ud83c\uddf5\ud83c\uddf8|Pressure\n|cant|p1a: Kasparov|par\n|\n|upkeep\n|turn|158\n|\n|t:|1700646730\n|switch|p2a: stannin on bihness|Toxapex, M|93\/100 par\n|move|p1a: Kasparov|Sucker Punch||[still]\n|-fail|p1a: Kasparov\n|\n|upkeep\n|turn|159\n|\n|t:|1700646736\n|-end|p1a: Kasparov|fallen3|[silent]\n|switch|p1a: SSJ2 Fearow|Zapdos|59\/100 tox\n|switch|p2a: FreePalestine\ud83c\uddf5\ud83c\uddf8|Corviknight, F|87\/100\n|-ability|p2a: FreePalestine\ud83c\uddf5\ud83c\uddf8|Pressure\n|\n|-damage|p1a: SSJ2 Fearow|52\/100 tox|[from] psn\n|upkeep\n|turn|160\n|\n|t:|1700646745\n|switch|p2a: Slowking|Slowking-Galar, M|100\/100\n|move|p1a: SSJ2 Fearow|Thunder Wave|p2a: Slowking\n|-status|p2a: Slowking|par\n|\n|-damage|p1a: SSJ2 Fearow|40\/100 tox|[from] psn\n|upkeep\n|turn|161\n|\n|t:|1700646752\n|move|p1a: SSJ2 Fearow|Roost|p1a: SSJ2 Fearow\n|-heal|p1a: SSJ2 Fearow|90\/100 tox\n|-singleturn|p1a: SSJ2 Fearow|move: Roost\n|move|p2a: Slowking|Future Sight|p1a: SSJ2 Fearow\n|-start|p2a: Slowking|move: Future Sight\n|\n|-damage|p1a: SSJ2 Fearow|71\/100 tox|[from] psn\n|upkeep\n|turn|162\n|\n|t:|1700646759\n|move|p1a: SSJ2 Fearow|Hurricane|p2a: Slowking\n|-damage|p2a: Slowking|58\/100 par\n|-start|p2a: Slowking|confusion\n|-activate|p2a: Slowking|confusion\n|-damage|p2a: Slowking|52\/100 par|[from] confusion\n|\n|-heal|p2a: Slowking|58\/100 par|[from] item: Leftovers\n|-damage|p1a: SSJ2 Fearow|46\/100 tox|[from] psn\n|upkeep\n|turn|163\n|\n|t:|1700646766\n|move|p1a: SSJ2 Fearow|Hurricane|p2a: Slowking\n|-damage|p2a: Slowking|20\/100 par\n|-activate|p2a: Slowking|confusion\n|-damage|p2a: Slowking|14\/100 par|[from] confusion\n|\n|-end|p1a: SSJ2 Fearow|move: Future Sight\n|-damage|p1a: SSJ2 Fearow|0 fnt\n|faint|p1a: SSJ2 Fearow\n|-heal|p2a: Slowking|20\/100 par|[from] item: Leftovers\n|upkeep\n|\n|t:|1700646773\n|switch|p1a: Air Draco|Dragapult, M|39\/100\n|-damage|p1a: Air Draco|27\/100|[from] Stealth Rock\n|turn|164\n|\n|t:|1700646777\n|switch|p2a: ban dengo ffs|Blissey, F|98\/100\n|move|p1a: Air Draco|U-turn|p2a: ban dengo ffs\n|-damage|p2a: ban dengo ffs|82\/100\n|\n|t:|1700646781\n|switch|p1a: Kasparov|Kingambit, F|17\/100 par|[from] U-turn\n|-damage|p1a: Kasparov|11\/100 par|[from] Stealth Rock\n|-activate|p1a: Kasparov|ability: Supreme Overlord\n|-start|p1a: Kasparov|fallen4|[silent]\n|\n|upkeep\n|turn|165\n|\n|t:|1700646784\n|switch|p2a: Slowking|Slowking-Galar, M|53\/100 par\n|move|p1a: Kasparov|Sucker Punch||[still]\n|-fail|p1a: Kasparov\n|\n|-heal|p2a: Slowking|59\/100 par|[from] item: Leftovers\n|upkeep\n|turn|166\n|\n|t:|1700646788\n|switch|p2a: FreePalestine\ud83c\uddf5\ud83c\uddf8|Corviknight, F|87\/100\n|-ability|p2a: FreePalestine\ud83c\uddf5\ud83c\uddf8|Pressure\n|cant|p1a: Kasparov|par\n|\n|upkeep\n|turn|167\n|\n|t:|1700646796\n|-end|p1a: Kasparov|fallen4|[silent]\n|switch|p1a: Air Draco|Dragapult, M|27\/100\n|-damage|p1a: Air Draco|14\/100|[from] Stealth Rock\n|move|p2a: FreePalestine\ud83c\uddf5\ud83c\uddf8|Brave Bird|p1a: Air Draco\n|-damage|p1a: Air Draco|0 fnt\n|faint|p1a: Air Draco\n|-damage|p2a: FreePalestine\ud83c\uddf5\ud83c\uddf8|83\/100|[from] Recoil\n|\n|upkeep\n|\n|t:|1700646799\n|switch|p1a: Kasparov|Kingambit, F|11\/100 par\n|-damage|p1a: Kasparov|5\/100 par|[from] Stealth Rock\n|-activate|p1a: Kasparov|ability: Supreme Overlord\n|-start|p1a: Kasparov|fallen5|[silent]\n|turn|168\n|\n|t:|1700646803\n|switch|p2a: stannin on bihness|Toxapex, M|100\/100 par\n|move|p1a: Kasparov|Sucker Punch||[still]\n|-fail|p1a: Kasparov\n|\n|upkeep\n|turn|169\n|\n|t:|1700646806\n|switch|p2a: FreePalestine\ud83c\uddf5\ud83c\uddf8|Corviknight, F|83\/100\n|-ability|p2a: FreePalestine\ud83c\uddf5\ud83c\uddf8|Pressure\n|move|p1a: Kasparov|Sucker Punch||[still]\n|-fail|p1a: Kasparov\n|\n|upkeep\n|turn|170\n|\n|t:|1700646810\n|move|p2a: FreePalestine\ud83c\uddf5\ud83c\uddf8|Defog|p1a: Kasparov\n|-unboost|p1a: Kasparov|evasion|1\n|-sideend|p1: Darth_Darkrai|Stealth Rock|[from] move: Defog|[of] p2a: FreePalestine\ud83c\uddf5\ud83c\uddf8\n|-activate|p1a: Kasparov|move: Struggle\n|move|p1a: Kasparov|Struggle|p2a: FreePalestine\ud83c\uddf5\ud83c\uddf8\n|-damage|p2a: FreePalestine\ud83c\uddf5\ud83c\uddf8|64\/100\n|-damage|p1a: Kasparov|0 fnt|[from] recoil\n|faint|p1a: Kasparov\n|-end|p1a: Kasparov|fallen5|[silent]\n|\n|win|yyysneasel\n|raw|Darth_Darkrai's rating: 1572 &rarr; <strong>1555<\/strong><br \/>(-17 for losing)\n|raw|yyysneasel's rating: 1631 &rarr; <strong>1648<\/strong><br \/>(+17 for winning)\n|c|\u2606Darth_Darkrai|gg\n","uploadtime":1700646818,"views":0,"p1id":"darthdarkrai","p2id":"yyysneasel","formatid":"gen9ou","rating":1555,"private":0,"password":""}