{"id":"gen9ou-2000450403","p1":"Cyberboss 1","p2":"chaoticat","format":"[Gen 9] OU","log":"|j|\u2606Cyberboss 1\n|j|\u203dchaoticat\n|t:|1701195852\n|gametype|singles\n|player|p1|Cyberboss 1|palmer|1199\n|player|p2|chaoticat|1|1168\n|teamsize|p1|6\n|teamsize|p2|6\n|gen|9\n|tier|[Gen 9] OU\n|rated|\n|rule|Sleep Clause Mod: Limit one foe put to sleep\n|rule|Species Clause: Limit one of each Pok\u00e9mon\n|rule|OHKO Clause: OHKO moves are banned\n|rule|Evasion Items Clause: Evasion items are banned\n|rule|Evasion Moves Clause: Evasion moves are banned\n|rule|Endless Battle Clause: Forcing endless battles is banned\n|rule|HP Percentage Mod: HP is shown in percentages\n|clearpoke\n|poke|p1|Cloyster, M|\n|poke|p1|Umbreon, M|\n|poke|p1|Vikavolt, F|\n|poke|p1|Great Tusk|\n|poke|p1|Sableye, M|\n|poke|p1|Dragonite, F|\n|poke|p2|Bellibolt, F|\n|poke|p2|Azelf|\n|poke|p2|Great Tusk|\n|poke|p2|Manaphy|\n|poke|p2|Altaria, M|\n|poke|p2|Kingambit, M|\n|teampreview\n|inactive|Battle timer is ON: inactive players will automatically lose when time's up. (requested by Cyberboss 1)\n|\n|t:|1701195861\n|start\n|switch|p1a: Cloyster|Cloyster, M|100\/100\n|switch|p2a: Bellibolt|Bellibolt, F|100\/100\n|turn|1\n|\n|t:|1701195871\n|-terastallize|p1a: Cloyster|Ice\n|move|p1a: Cloyster|Shell Smash|p1a: Cloyster\n|-unboost|p1a: Cloyster|def|1\n|-unboost|p1a: Cloyster|spd|1\n|-boost|p1a: Cloyster|atk|2\n|-boost|p1a: Cloyster|spa|2\n|-boost|p1a: Cloyster|spe|2\n|-enditem|p1a: Cloyster|White Herb\n|-clearnegativeboost|p1a: Cloyster|[silent]\n|move|p2a: Bellibolt|Toxic|p1a: Cloyster\n|-status|p1a: Cloyster|tox\n|\n|-damage|p1a: Cloyster|94\/100 tox|[from] psn\n|upkeep\n|turn|2\n|\n|t:|1701195885\n|move|p1a: Cloyster|Icicle Spear|p2a: Bellibolt\n|-damage|p2a: Bellibolt|80\/100\n|-start|p2a: Bellibolt|Charge|Icicle Spear|[from] ability: Electromorphosis\n|-damage|p2a: Bellibolt|60\/100\n|-start|p2a: Bellibolt|Charge|Icicle Spear|[from] ability: Electromorphosis\n|-damage|p2a: Bellibolt|42\/100\n|-start|p2a: Bellibolt|Charge|Icicle Spear|[from] ability: Electromorphosis\n|-damage|p2a: Bellibolt|23\/100\n|-start|p2a: Bellibolt|Charge|Icicle Spear|[from] ability: Electromorphosis\n|-damage|p2a: Bellibolt|4\/100\n|-start|p2a: Bellibolt|Charge|Icicle Spear|[from] ability: Electromorphosis\n|-hitcount|p2a: Bellibolt|5\n|move|p2a: Bellibolt|Parabolic Charge|p1a: Cloyster\n|-damage|p1a: Cloyster|0 fnt\n|-heal|p2a: Bellibolt|31\/100|[from] drain|[of] p1a: Cloyster\n|faint|p1a: Cloyster\n|-end|p2a: Bellibolt|Charge|[silent]\n|\n|-heal|p2a: Bellibolt|37\/100|[from] item: Leftovers\n|upkeep\n|inactive|Cyberboss 1 has 120 seconds left.\n|\n|t:|1701195910\n|switch|p1a: Great Tusk|Great Tusk|100\/100\n|turn|3\n|\n|t:|1701195916\n|switch|p2a: Azelf|Azelf|100\/100\n|move|p1a: Great Tusk|Earthquake|p2a: Azelf\n|-immune|p2a: Azelf|[from] ability: Levitate\n|\n|upkeep\n|turn|4\n|\n|t:|1701195925\n|-end|p1a: Great Tusk|Protosynthesis|[silent]\n|switch|p1a: Umbreon|Umbreon, M|100\/100\n|move|p2a: Azelf|Draining Kiss|p1a: Umbreon\n|-supereffective|p1a: Umbreon\n|-damage|p1a: Umbreon|81\/100\n|\n|-heal|p1a: Umbreon|87\/100|[from] item: Leftovers\n|upkeep\n|turn|5\n|\n|t:|1701195938\n|move|p2a: Azelf|Calm Mind|p2a: Azelf\n|-boost|p2a: Azelf|spa|1\n|-boost|p2a: Azelf|spd|1\n|move|p1a: Umbreon|Toxic|p2a: Azelf\n|-status|p2a: Azelf|tox\n|\n|-heal|p1a: Umbreon|93\/100|[from] item: Leftovers\n|-damage|p2a: Azelf|94\/100 tox|[from] psn\n|upkeep\n|turn|6\n|\n|t:|1701195949\n|move|p2a: Azelf|Draining Kiss|p1a: Umbreon\n|-supereffective|p1a: Umbreon\n|-damage|p1a: Umbreon|62\/100\n|-heal|p2a: Azelf|100\/100 tox|[from] drain|[of] p1a: Umbreon\n|move|p1a: Umbreon|Foul Play|p2a: Azelf\n|-supereffective|p2a: Azelf\n|-crit|p2a: Azelf\n|-damage|p2a: Azelf|0 fnt\n|faint|p2a: Azelf\n|\n|-heal|p1a: Umbreon|68\/100|[from] item: Leftovers\n|upkeep\n|\n|t:|1701195957\n|switch|p2a: Great Tusk|Great Tusk|100\/100\n|turn|7\n|\n|t:|1701195965\n|move|p1a: Umbreon|Protect|p1a: Umbreon\n|-singleturn|p1a: Umbreon|Protect\n|move|p2a: Great Tusk|Knock Off|p1a: Umbreon\n|-activate|p1a: Umbreon|move: Protect\n|\n|-heal|p1a: Umbreon|74\/100|[from] item: Leftovers\n|upkeep\n|turn|8\n|\n|t:|1701195983\n|-end|p2a: Great Tusk|Protosynthesis|[silent]\n|switch|p2a: Altaria|Altaria, M|100\/100\n|-ability|p2a: Altaria|Cloud Nine\n|switch|p1a: Great Tusk|Great Tusk|100\/100\n|\n|upkeep\n|turn|9\n|\n|t:|1701195991\n|move|p1a: Great Tusk|Play Rough|p2a: Altaria\n|-supereffective|p2a: Altaria\n|-damage|p2a: Altaria|25\/100\n|move|p2a: Altaria|Moonblast|p1a: Great Tusk\n|-supereffective|p1a: Great Tusk\n|-damage|p1a: Great Tusk|72\/100\n|\n|-heal|p2a: Altaria|32\/100|[from] item: Leftovers\n|upkeep\n|turn|10\n|\n|t:|1701196011\n|move|p1a: Great Tusk|Play Rough|p2a: Altaria\n|-supereffective|p2a: Altaria\n|-damage|p2a: Altaria|0 fnt\n|faint|p2a: Altaria\n|\n|upkeep\n|\n|t:|1701196013\n|switch|p2a: Manaphy|Manaphy|100\/100\n|turn|11\n|\n|t:|1701196029\n|-end|p1a: Great Tusk|Protosynthesis|[silent]\n|switch|p1a: Vikavolt|Vikavolt, F|100\/100\n|move|p2a: Manaphy|Acid Armor|p2a: Manaphy\n|-boost|p2a: Manaphy|def|2\n|\n|upkeep\n|turn|12\n|\n|t:|1701196039\n|switch|p2a: Bellibolt|Bellibolt, F|37\/100\n|move|p1a: Vikavolt|Sticky Web|p2a: Bellibolt\n|-sidestart|p2: chaoticat|move: Sticky Web\n|\n|-heal|p2a: Bellibolt|43\/100|[from] item: Leftovers\n|upkeep\n|turn|13\n|\n|t:|1701196051\n|move|p2a: Bellibolt|Toxic|p1a: Vikavolt|[miss]\n|-miss|p2a: Bellibolt|p1a: Vikavolt\n|move|p1a: Vikavolt|Bug Buzz|p2a: Bellibolt\n|-damage|p2a: Bellibolt|0 fnt\n|faint|p2a: Bellibolt\n|\n|upkeep\n|\n|t:|1701196059\n|switch|p2a: Great Tusk|Great Tusk|100\/100\n|turn|14\n|\n|t:|1701196066\n|switch|p1a: Great Tusk|Great Tusk|72\/100\n|move|p2a: Great Tusk|Rapid Spin|p1a: Great Tusk\n|-damage|p1a: Great Tusk|61\/100\n|-boost|p2a: Great Tusk|spe|1\n|-sideend|p2: chaoticat|Sticky Web|[from] move: Rapid Spin|[of] p2a: Great Tusk\n|\n|upkeep\n|turn|15\n|\n|t:|1701196075\n|move|p2a: Great Tusk|Close Combat|p1a: Great Tusk\n|-damage|p1a: Great Tusk|25\/100\n|-unboost|p2a: Great Tusk|def|1\n|-unboost|p2a: Great Tusk|spd|1\n|move|p1a: Great Tusk|Play Rough|p2a: Great Tusk\n|-supereffective|p2a: Great Tusk\n|-damage|p2a: Great Tusk|25\/100\n|\n|upkeep\n|turn|16\n|\n|t:|1701196088\n|move|p2a: Great Tusk|Headlong Rush|p1a: Great Tusk\n|-damage|p1a: Great Tusk|0 fnt\n|-unboost|p2a: Great Tusk|def|1\n|-unboost|p2a: Great Tusk|spd|1\n|faint|p1a: Great Tusk\n|-end|p1a: Great Tusk|Protosynthesis|[silent]\n|\n|upkeep\n|\n|t:|1701196093\n|switch|p1a: Vikavolt|Vikavolt, F|100\/100\n|turn|17\n|\n|t:|1701196101\n|-end|p2a: Great Tusk|Protosynthesis|[silent]\n|switch|p2a: Manaphy|Manaphy|100\/100\n|move|p1a: Vikavolt|Flash Cannon|p2a: Manaphy\n|-resisted|p2a: Manaphy\n|-damage|p2a: Manaphy|88\/100\n|\n|-heal|p2a: Manaphy|94\/100|[from] item: Leftovers\n|upkeep\n|turn|18\n|\n|t:|1701196112\n|-terastallize|p2a: Manaphy|Poison\n|move|p2a: Manaphy|Take Heart|p2a: Manaphy\n|-boost|p2a: Manaphy|spa|1\n|-boost|p2a: Manaphy|spd|1\n|move|p1a: Vikavolt|Discharge|p2a: Manaphy\n|-damage|p2a: Manaphy|66\/100\n|\n|-heal|p2a: Manaphy|72\/100|[from] item: Leftovers\n|upkeep\n|turn|19\n|\n|t:|1701196124\n|switch|p1a: Sableye|Sableye, M|100\/100\n|move|p2a: Manaphy|Take Heart|p2a: Manaphy\n|-boost|p2a: Manaphy|spa|1\n|-boost|p2a: Manaphy|spd|1\n|\n|-heal|p2a: Manaphy|78\/100|[from] item: Leftovers\n|upkeep\n|turn|20\n|\n|t:|1701196133\n|move|p1a: Sableye|Thunder Wave|p2a: Manaphy\n|-status|p2a: Manaphy|par\n|cant|p2a: Manaphy|par\n|\n|-heal|p2a: Manaphy|84\/100 par|[from] item: Leftovers\n|upkeep\n|turn|21\n|\n|t:|1701196141\n|move|p1a: Sableye|Knock Off|p2a: Manaphy\n|-damage|p2a: Manaphy|62\/100 par\n|-enditem|p2a: Manaphy|Leftovers|[from] move: Knock Off|[of] p1a: Sableye\n|move|p2a: Manaphy|Acid Armor|p2a: Manaphy\n|-boost|p2a: Manaphy|def|2\n|\n|upkeep\n|turn|22\n|\n|t:|1701196153\n|switch|p1a: Dragonite|Dragonite, F|100\/100\n|cant|p2a: Manaphy|par\n|\n|upkeep\n|turn|23\n|\n|t:|1701196160\n|move|p1a: Dragonite|Dragon Dance|p1a: Dragonite\n|-boost|p1a: Dragonite|atk|1\n|-boost|p1a: Dragonite|spe|1\n|move|p2a: Manaphy|Stored Power|p1a: Dragonite\n|-crit|p1a: Dragonite\n|-damage|p1a: Dragonite|36\/100\n|\n|upkeep\n|turn|24\n|\n|t:|1701196172\n|move|p1a: Dragonite|Iron Head|p2a: Manaphy\n|-damage|p2a: Manaphy|42\/100 par\n|cant|p2a: Manaphy|flinch\n|\n|upkeep\n|turn|25\n|\n|t:|1701196183\n|move|p1a: Dragonite|Iron Head|p2a: Manaphy\n|-damage|p2a: Manaphy|21\/100 par\n|cant|p2a: Manaphy|flinch\n|\n|upkeep\n|turn|26\n|\n|t:|1701196189\n|switch|p2a: Great Tusk|Great Tusk|25\/100\n|move|p1a: Dragonite|Iron Head|p2a: Great Tusk\n|-damage|p2a: Great Tusk|0 fnt\n|faint|p2a: Great Tusk\n|-end|p2a: Great Tusk|Protosynthesis|[silent]\n|\n|upkeep\n|\n|t:|1701196192\n|switch|p2a: Kingambit|Kingambit, M|100\/100\n|-activate|p2a: Kingambit|ability: Supreme Overlord\n|-start|p2a: Kingambit|fallen4|[silent]\n|turn|27\n|\n|t:|1701196203\n|move|p1a: Dragonite|Dragon Dance|p1a: Dragonite\n|-boost|p1a: Dragonite|atk|1\n|-boost|p1a: Dragonite|spe|1\n|move|p2a: Kingambit|Kowtow Cleave|p1a: Dragonite\n|-damage|p1a: Dragonite|0 fnt\n|faint|p1a: Dragonite\n|\n|upkeep\n|\n|t:|1701196210\n|switch|p1a: Sableye|Sableye, M|100\/100\n|turn|28\n|\n|t:|1701196221\n|move|p1a: Sableye|Will-O-Wisp|p2a: Kingambit\n|-hint|Since gen 7, Dark is immune to Prankster moves.\n|-immune|p2a: Kingambit\n|move|p2a: Kingambit|Kowtow Cleave|p1a: Sableye\n|-damage|p1a: Sableye|0 fnt\n|faint|p1a: Sableye\n|\n|upkeep\n|\n|t:|1701196230\n|switch|p1a: Umbreon|Umbreon, M|74\/100\n|turn|29\n|\n|t:|1701196236\n|move|p1a: Umbreon|Toxic|p2a: Kingambit\n|-immune|p2a: Kingambit\n|move|p2a: Kingambit|Iron Head|p1a: Umbreon\n|-damage|p1a: Umbreon|21\/100\n|\n|-heal|p1a: Umbreon|27\/100|[from] item: Leftovers\n|upkeep\n|turn|30\n|\n|t:|1701196245\n|move|p1a: Umbreon|Protect|p1a: Umbreon\n|-singleturn|p1a: Umbreon|Protect\n|move|p2a: Kingambit|Iron Head|p1a: Umbreon\n|-activate|p1a: Umbreon|move: Protect\n|\n|-heal|p1a: Umbreon|33\/100|[from] item: Leftovers\n|upkeep\n|turn|31\n|\n|t:|1701196263\n|move|p1a: Umbreon|Foul Play|p2a: Kingambit\n|-resisted|p2a: Kingambit\n|-damage|p2a: Kingambit|80\/100\n|move|p2a: Kingambit|Iron Head|p1a: Umbreon\n|-damage|p1a: Umbreon|0 fnt\n|faint|p1a: Umbreon\n|\n|upkeep\n|\n|t:|1701196266\n|switch|p1a: Vikavolt|Vikavolt, F|100\/100\n|turn|32\n|\n|t:|1701196274\n|move|p2a: Kingambit|Sucker Punch|p1a: Vikavolt\n|-damage|p1a: Vikavolt|25\/100\n|-enditem|p1a: Vikavolt|Sitrus Berry|[eat]\n|-heal|p1a: Vikavolt|50\/100|[from] item: Sitrus Berry\n|move|p1a: Vikavolt|Bug Buzz|p2a: Kingambit\n|-damage|p2a: Kingambit|30\/100\n|\n|upkeep\n|turn|33\n|\n|t:|1701196293\n|move|p2a: Kingambit|Sucker Punch|p1a: Vikavolt\n|-damage|p1a: Vikavolt|0 fnt\n|faint|p1a: Vikavolt\n|\n|win|chaoticat\n|raw|Cyberboss 1's rating: 1199 &rarr; <strong>1172<\/strong><br \/>(-27 for losing)\n|raw|chaoticat's rating: 1168 &rarr; <strong>1195<\/strong><br \/>(+27 for winning)\n|l|\u2606Cyberboss 1\n","uploadtime":1701196305,"views":4,"p1id":"cyberboss1","p2id":"chaoticat","formatid":"gen9ou","rating":1172,"private":0,"password":""}