{"id":"gen9ou-1995213343","p1":"TheZalmancer","p2":"A Pimp Named Kata","format":"[Gen 9] OU","log":"|j|\u2606TheZalmancer\n|j|\u2606A Pimp Named Kata\n|t:|1700535365\n|gametype|singles\n|player|p1|TheZalmancer|skyla|1367\n|player|p2|A Pimp Named Kata|hiker-gen4|1342\n|teamsize|p1|6\n|teamsize|p2|6\n|gen|9\n|tier|[Gen 9] OU\n|rated|\n|rule|Sleep Clause Mod: Limit one foe put to sleep\n|rule|Species Clause: Limit one of each Pok\u00e9mon\n|rule|OHKO Clause: OHKO moves are banned\n|rule|Evasion Items Clause: Evasion items are banned\n|rule|Evasion Moves Clause: Evasion moves are banned\n|rule|Endless Battle Clause: Forcing endless battles is banned\n|rule|HP Percentage Mod: HP is shown in percentages\n|clearpoke\n|poke|p1|Ogerpon-Wellspring, F|\n|poke|p1|Ninetales-Alola, F|\n|poke|p1|Corviknight, M|\n|poke|p1|Slowking-Galar, M|\n|poke|p1|Hydreigon, M|\n|poke|p1|Zamazenta-*|\n|poke|p2|Kingambit, M|\n|poke|p2|Ogerpon-Wellspring, F|\n|poke|p2|Gholdengo|\n|poke|p2|Ribombee, M|\n|poke|p2|Great Tusk|\n|poke|p2|Iron Moth|\n|teampreview\n|\n|t:|1700535377\n|start\n|switch|p1a: Hydreigon|Hydreigon, M|100\/100\n|switch|p2a: The sun|Iron Moth|100\/100\n|-enditem|p2a: The sun|Booster Energy\n|-activate|p2a: The sun|ability: Quark Drive|[fromitem]\n|-start|p2a: The sun|quarkdrivespe\n|turn|1\n|\n|t:|1700535388\n|move|p2a: The sun|Substitute|p2a: The sun\n|-start|p2a: The sun|Substitute\n|-damage|p2a: The sun|76\/100\n|move|p1a: Hydreigon|Thunder Wave|p2a: The sun|[miss]\n|-miss|p1a: Hydreigon|p2a: The sun\n|\n|upkeep\n|turn|2\n|\n|t:|1700535399\n|move|p2a: The sun|Sludge Wave|p1a: Hydreigon\n|-damage|p1a: Hydreigon|55\/100\n|move|p1a: Hydreigon|Draco Meteor|p2a: The sun|[miss]\n|-miss|p1a: Hydreigon|p2a: The sun\n|\n|upkeep\n|turn|3\n|\n|t:|1700535406\n|move|p2a: The sun|Sludge Wave|p1a: Hydreigon\n|-damage|p1a: Hydreigon|7\/100\n|move|p1a: Hydreigon|Draco Meteor|p2a: The sun\n|-end|p2a: The sun|Substitute\n|-unboost|p1a: Hydreigon|spa|2\n|\n|upkeep\n|turn|4\n|\n|t:|1700535424\n|switch|p1a: Ogerpon|Ogerpon-Wellspring, F|100\/100\n|move|p2a: The sun|Fiery Dance|p1a: Ogerpon\n|-damage|p1a: Ogerpon|49\/100\n|\n|upkeep\n|turn|5\n|\n|t:|1700535431\n|move|p2a: The sun|Sludge Wave|p1a: Ogerpon\n|-supereffective|p1a: Ogerpon\n|-damage|p1a: Ogerpon|0 fnt\n|faint|p1a: Ogerpon\n|\n|upkeep\n|\n|t:|1700535437\n|switch|p1a: Slowking|Slowking-Galar, M|100\/100\n|turn|6\n|\n|t:|1700535445\n|-terastallize|p2a: The sun|Psychic\n|move|p2a: The sun|Psychic|p1a: Slowking\n|-damage|p1a: Slowking|62\/100\n|move|p1a: Slowking|Nasty Plot|p1a: Slowking\n|-boost|p1a: Slowking|spa|2\n|\n|-heal|p1a: Slowking|68\/100|[from] item: Black Sludge\n|upkeep\n|turn|7\n|\n|t:|1700535455\n|move|p2a: The sun|Psychic|p1a: Slowking\n|-damage|p1a: Slowking|33\/100\n|move|p1a: Slowking|Trick Room|p1a: Slowking\n|-fieldstart|move: Trick Room|[of] p1a: Slowking\n|\n|-heal|p1a: Slowking|39\/100|[from] item: Black Sludge\n|upkeep\n|turn|8\n|\n|t:|1700535462\n|move|p1a: Slowking|Shadow Ball|p2a: The sun\n|-supereffective|p2a: The sun\n|-damage|p2a: The sun|0 fnt\n|faint|p2a: The sun\n|-end|p2a: The sun|Quark Drive|[silent]\n|\n|-heal|p1a: Slowking|45\/100|[from] item: Black Sludge\n|upkeep\n|\n|t:|1700535471\n|switch|p2a: Its real|Kingambit, M|100\/100\n|turn|9\n|\n|t:|1700535485\n|switch|p1a: Hydreigon|Hydreigon, M|7\/100\n|move|p2a: Its real|Sucker Punch||[still]\n|-fail|p2a: Its real\n|\n|upkeep\n|turn|10\n|\n|t:|1700535492\n|move|p2a: Its real|Iron Head|p1a: Hydreigon\n|-damage|p1a: Hydreigon|0 fnt\n|faint|p1a: Hydreigon\n|\n|upkeep\n|\n|t:|1700535497\n|switch|p1a: Zamazenta|Zamazenta|100\/100\n|-ability|p1a: Zamazenta|Dauntless Shield|boost\n|-boost|p1a: Zamazenta|def|1\n|turn|11\n|\n|t:|1700535504\n|switch|p2a: Great Tuskcs Hater|Gholdengo|100\/100\n|-item|p2a: Great Tuskcs Hater|Air Balloon\n|move|p1a: Zamazenta|Crunch|p2a: Great Tuskcs Hater\n|-supereffective|p2a: Great Tuskcs Hater\n|-damage|p2a: Great Tuskcs Hater|19\/100\n|-enditem|p2a: Great Tuskcs Hater|Air Balloon\n|\n|-fieldend|move: Trick Room\n|upkeep\n|turn|12\n|\n|t:|1700535514\n|move|p1a: Zamazenta|Crunch|p2a: Great Tuskcs Hater\n|-supereffective|p2a: Great Tuskcs Hater\n|-damage|p2a: Great Tuskcs Hater|0 fnt\n|faint|p2a: Great Tuskcs Hater\n|\n|upkeep\n|\n|t:|1700535519\n|switch|p2a: Serves|Ribombee, M|100\/100\n|turn|13\n|\n|t:|1700535525\n|switch|p1a: Corviknight|Corviknight, M, shiny|100\/100\n|-ability|p1a: Corviknight|Pressure\n|move|p2a: Serves|Moonblast|p1a: Corviknight\n|-resisted|p1a: Corviknight\n|-damage|p1a: Corviknight|82\/100\n|\n|-heal|p1a: Corviknight|88\/100|[from] item: Leftovers\n|upkeep\n|turn|14\n|\n|t:|1700535536\n|switch|p2a: Its real|Kingambit, M|100\/100\n|move|p1a: Corviknight|Iron Head|p2a: Its real\n|-resisted|p2a: Its real\n|-damage|p2a: Its real|90\/100\n|\n|-heal|p2a: Its real|96\/100|[from] item: Leftovers\n|-heal|p1a: Corviknight|94\/100|[from] item: Leftovers\n|upkeep\n|turn|15\n|\n|t:|1700535550\n|move|p2a: Its real|Iron Head|p1a: Corviknight\n|-resisted|p1a: Corviknight\n|-damage|p1a: Corviknight|80\/100\n|move|p1a: Corviknight|U-turn|p2a: Its real\n|-damage|p2a: Its real|85\/100\n|\n|t:|1700535555\n|switch|p1a: Zamazenta|Zamazenta|100\/100|[from] U-turn\n|\n|-heal|p2a: Its real|91\/100|[from] item: Leftovers\n|upkeep\n|turn|16\n|\n|t:|1700535563\n|switch|p2a: Hanma|Ogerpon-Wellspring, F|100\/100\n|move|p1a: Zamazenta|Iron Head|p2a: Hanma\n|-resisted|p2a: Hanma\n|-damage|p2a: Hanma|76\/100\n|\n|upkeep\n|turn|17\n|\n|t:|1700535574\n|switch|p1a: Slowking|Slowking-Galar, M|78\/100\n|move|p2a: Hanma|Encore||[still]\n|-fail|p2a: Hanma\n|\n|-heal|p1a: Slowking|85\/100|[from] item: Black Sludge\n|upkeep\n|turn|18\n|\n|t:|1700535585\n|move|p2a: Hanma|Power Whip|p1a: Slowking\n|-resisted|p1a: Slowking\n|-damage|p1a: Slowking|48\/100\n|move|p1a: Slowking|Sludge Bomb|p2a: Hanma\n|-supereffective|p2a: Hanma\n|-damage|p2a: Hanma|0 fnt\n|faint|p2a: Hanma\n|\n|-heal|p1a: Slowking|54\/100|[from] item: Black Sludge\n|upkeep\n|\n|t:|1700535595\n|switch|p2a: Its real|Kingambit, M|91\/100\n|turn|19\n|\n|t:|1700535602\n|switch|p1a: Zamazenta|Zamazenta|100\/100\n|move|p2a: Its real|Swords Dance|p2a: Its real\n|-boost|p2a: Its real|atk|2\n|\n|-heal|p2a: Its real|97\/100|[from] item: Leftovers\n|upkeep\n|turn|20\n|\n|t:|1700535614\n|move|p1a: Zamazenta|Close Combat|p2a: Its real\n|-supereffective|p2a: Its real\n|-damage|p2a: Its real|0 fnt\n|-unboost|p1a: Zamazenta|def|1\n|-unboost|p1a: Zamazenta|spd|1\n|faint|p2a: Its real\n|\n|upkeep\n|\n|t:|1700535625\n|switch|p2a: Serves|Ribombee, M|100\/100\n|turn|21\n|\n|t:|1700535629\n|switch|p1a: Corviknight|Corviknight, M, shiny|80\/100\n|-ability|p1a: Corviknight|Pressure\n|move|p2a: Serves|Bug Buzz|p1a: Corviknight\n|-resisted|p1a: Corviknight\n|-damage|p1a: Corviknight|71\/100\n|\n|-heal|p1a: Corviknight|78\/100|[from] item: Leftovers\n|upkeep\n|turn|22\n|-message|A Pimp Named Kata forfeited.\n|\n|win|TheZalmancer\n|raw|TheZalmancer's rating: 1367 &rarr; <strong>1386<\/strong><br \/>(+19 for winning)\n|raw|A Pimp Named Kata's rating: 1342 &rarr; <strong>1323<\/strong><br \/>(-19 for losing)\n|l|\u2606A Pimp Named Kata\n|c|\u2606TheZalmancer|ggs\n","uploadtime":1700535643,"views":11,"p1id":"thezalmancer","p2id":"apimpnamedkata","formatid":"gen9ou","rating":1323,"private":0,"password":""}