{"id":"gen9ou-1996149388","p1":"saj554","p2":"Ordmas","format":"[Gen 9] OU","log":"|j|\u2606saj554\n|j|\u2606Ordmas\n|t:|1700651532\n|gametype|singles\n|player|p1|saj554|larry|1109\n|player|p2|Ordmas|rocketgruntf|1013\n|teamsize|p1|6\n|teamsize|p2|6\n|gen|9\n|tier|[Gen 9] OU\n|rated|\n|rule|Sleep Clause Mod: Limit one foe put to sleep\n|rule|Species Clause: Limit one of each Pok\u00e9mon\n|rule|OHKO Clause: OHKO moves are banned\n|rule|Evasion Items Clause: Evasion items are banned\n|rule|Evasion Moves Clause: Evasion moves are banned\n|rule|Endless Battle Clause: Forcing endless battles is banned\n|rule|HP Percentage Mod: HP is shown in percentages\n|clearpoke\n|poke|p1|Ogerpon-Wellspring, F|\n|poke|p1|Iron Moth|\n|poke|p1|Iron Valiant|\n|poke|p1|Tinkaton, F|\n|poke|p1|Great Tusk|\n|poke|p1|Kingambit, M|\n|poke|p2|Jirachi|\n|poke|p2|Garchomp, M|\n|poke|p2|Zapdos|\n|poke|p2|Azumarill, M|\n|poke|p2|Scizor, M|\n|poke|p2|Volcanion|\n|teampreview\n|\n|t:|1700651547\n|start\n|switch|p1a: No|Iron Valiant|100\/100\n|switch|p2a: Wisha|Jirachi|100\/100\n|turn|1\n|\n|t:|1700651556\n|move|p1a: No|Shadow Ball|p2a: Wisha\n|-supereffective|p2a: Wisha\n|-damage|p2a: Wisha|67\/100\n|move|p2a: Wisha|Stealth Rock|p1a: No\n|-sidestart|p1: saj554|move: Stealth Rock\n|\n|-heal|p2a: Wisha|73\/100|[from] item: Leftovers\n|upkeep\n|turn|2\n|\n|t:|1700651569\n|-end|p1a: No|Quark Drive|[silent]\n|switch|p1a: Monke|Great Tusk|100\/100\n|-damage|p1a: Monke|98\/100|[from] Stealth Rock\n|move|p2a: Wisha|Zen Headbutt|p1a: Monke\n|-supereffective|p1a: Monke\n|-damage|p1a: Monke|60\/100\n|\n|-heal|p2a: Wisha|80\/100|[from] item: Leftovers\n|upkeep\n|turn|3\n|\n|t:|1700651583\n|move|p1a: Monke|Rapid Spin|p2a: Wisha\n|-resisted|p2a: Wisha\n|-damage|p2a: Wisha|71\/100\n|-boost|p1a: Monke|spe|1\n|-sideend|p1: saj554|Stealth Rock|[from] move: Rapid Spin|[of] p1a: Monke\n|move|p2a: Wisha|U-turn|p1a: Monke\n|-resisted|p1a: Monke\n|-damage|p1a: Monke|55\/100\n|\n|t:|1700651603\n|switch|p2a: Pylesos|Azumarill, M, shiny|100\/100|[from] U-turn\n|\n|upkeep\n|turn|4\n|\n|t:|1700651613\n|move|p1a: Monke|Headlong Rush|p2a: Pylesos\n|-damage|p2a: Pylesos|34\/100\n|-unboost|p1a: Monke|def|1\n|-unboost|p1a: Monke|spd|1\n|move|p2a: Pylesos|Liquidation|p1a: Monke\n|-supereffective|p1a: Monke\n|-damage|p1a: Monke|0 fnt\n|faint|p1a: Monke\n|-end|p1a: Monke|Protosynthesis|[silent]\n|\n|upkeep\n|\n|t:|1700651624\n|switch|p1a: Ponoger|Ogerpon-Wellspring, F|100\/100\n|turn|5\n|\n|t:|1700651633\n|switch|p2a: Alkid|Scizor, M, shiny|100\/100\n|move|p1a: Ponoger|Power Whip|p2a: Alkid\n|-resisted|p2a: Alkid\n|-damage|p2a: Alkid|82\/100\n|\n|upkeep\n|turn|6\n|\n|t:|1700651658\n|move|p2a: Alkid|Bullet Punch|p1a: Ponoger\n|-resisted|p1a: Ponoger\n|-damage|p1a: Ponoger|79\/100\n|move|p1a: Ponoger|Knock Off|p2a: Alkid\n|-damage|p2a: Alkid|41\/100\n|-enditem|p2a: Alkid|Heavy-Duty Boots|[from] move: Knock Off|[of] p1a: Ponoger\n|\n|upkeep\n|turn|7\n|\n|t:|1700651668\n|move|p1a: Ponoger|Ivy Cudgel|p2a: Alkid|[anim] Ivy Cudgel Water\n|-damage|p2a: Alkid|0 fnt\n|faint|p2a: Alkid\n|\n|upkeep\n|\n|t:|1700651677\n|switch|p2a: Zeida|Zapdos|100\/100\n|turn|8\n|\n|t:|1700651683\n|move|p1a: Ponoger|Knock Off|p2a: Zeida\n|-damage|p2a: Zeida|53\/100\n|-enditem|p2a: Zeida|Heavy-Duty Boots|[from] move: Knock Off|[of] p1a: Ponoger\n|move|p2a: Zeida|Hurricane|p1a: Ponoger\n|-supereffective|p1a: Ponoger\n|-damage|p1a: Ponoger|0 fnt\n|faint|p1a: Ponoger\n|\n|upkeep\n|\n|t:|1700651693\n|switch|p1a: No|Iron Valiant|100\/100\n|turn|9\n|\n|t:|1700651706\n|move|p1a: No|Moonblast|p2a: Zeida\n|-damage|p2a: Zeida|0 fnt\n|faint|p2a: Zeida\n|\n|upkeep\n|\n|t:|1700651712\n|switch|p2a: Wisha|Jirachi|71\/100\n|turn|10\n|\n|t:|1700651717\n|move|p1a: No|Shadow Ball|p2a: Wisha\n|-supereffective|p2a: Wisha\n|-damage|p2a: Wisha|38\/100\n|move|p2a: Wisha|Zen Headbutt|p1a: No\n|-supereffective|p1a: No\n|-crit|p1a: No\n|-damage|p1a: No|0 fnt\n|faint|p1a: No\n|-end|p1a: No|Quark Drive|[silent]\n|\n|-heal|p2a: Wisha|44\/100|[from] item: Leftovers\n|upkeep\n|\n|t:|1700651724\n|switch|p1a: Yes|Iron Moth|100\/100\n|turn|11\n|\n|t:|1700651739\n|move|p1a: Yes|Fiery Dance|p2a: Wisha\n|-supereffective|p2a: Wisha\n|-damage|p2a: Wisha|0 fnt\n|faint|p2a: Wisha\n|\n|upkeep\n|\n|t:|1700651748\n|switch|p2a: Garcha|Garchomp, M|100\/100\n|turn|12\n|\n|t:|1700651757\n|-end|p1a: Yes|Quark Drive|[silent]\n|switch|p1a: Goober|Tinkaton, F|100\/100\n|-ability|p1a: Goober|Mold Breaker\n|move|p2a: Garcha|Earthquake|p1a: Goober\n|-supereffective|p1a: Goober\n|-damage|p1a: Goober|0 fnt\n|faint|p1a: Goober\n|\n|upkeep\n|\n|t:|1700651771\n|switch|p1a: Yes|Iron Moth|100\/100\n|turn|13\n|\n|t:|1700651776\n|-terastallize|p1a: Yes|Grass\n|move|p1a: Yes|Energy Ball|p2a: Garcha\n|-damage|p2a: Garcha|48\/100\n|move|p2a: Garcha|Earthquake|p1a: Yes\n|-resisted|p1a: Yes\n|-damage|p1a: Yes|57\/100\n|\n|upkeep\n|turn|14\n|\n|t:|1700651803\n|-terastallize|p2a: Garcha|Dragon\n|move|p1a: Yes|Energy Ball|p2a: Garcha\n|-resisted|p2a: Garcha\n|-damage|p2a: Garcha|21\/100\n|-unboost|p2a: Garcha|spd|1\n|move|p2a: Garcha|Earthquake|p1a: Yes\n|-resisted|p1a: Yes\n|-damage|p1a: Yes|16\/100\n|\n|upkeep\n|turn|15\n|\n|t:|1700651821\n|move|p1a: Yes|Energy Ball|p2a: Garcha\n|-resisted|p2a: Garcha\n|-damage|p2a: Garcha|0 fnt\n|faint|p2a: Garcha\n|\n|upkeep\n|\n|t:|1700651827\n|switch|p2a: Pylesos|Azumarill, M, shiny|34\/100\n|turn|16\n|\n|t:|1700651831\n|move|p2a: Pylesos|Aqua Jet|p1a: Yes\n|-resisted|p1a: Yes\n|-damage|p1a: Yes|0 fnt\n|faint|p1a: Yes\n|-end|p1a: Yes|Quark Drive|[silent]\n|\n|upkeep\n|\n|t:|1700651837\n|switch|p1a: Cancer|Kingambit, M|100\/100\n|-activate|p1a: Cancer|ability: Supreme Overlord\n|-start|p1a: Cancer|fallen5|[silent]\n|turn|17\n|\n|t:|1700651848\n|move|p2a: Pylesos|Play Rough|p1a: Cancer\n|-damage|p1a: Cancer|56\/100\n|move|p1a: Cancer|Kowtow Cleave|p2a: Pylesos\n|-resisted|p2a: Pylesos\n|-damage|p2a: Pylesos|0 fnt\n|faint|p2a: Pylesos\n|\n|upkeep\n|\n|t:|1700651857\n|switch|p2a: Tower|Volcanion|100\/100\n|turn|18\n|\n|t:|1700651868\n|move|p1a: Cancer|Sucker Punch|p2a: Tower\n|-damage|p2a: Tower|37\/100\n|move|p2a: Tower|Flamethrower|p1a: Cancer\n|-supereffective|p1a: Cancer\n|-damage|p1a: Cancer|0 fnt\n|faint|p1a: Cancer\n|-end|p1a: Cancer|fallen5|[silent]\n|\n|win|Ordmas\n|raw|saj554's rating: 1109 &rarr; <strong>1077<\/strong><br \/>(-32 for losing)\n|raw|Ordmas's rating: 1013 &rarr; <strong>1061<\/strong><br \/>(+48 for winning)\n|l|\u2606saj554\n","uploadtime":1700651881,"views":1,"p1id":"saj554","p2id":"ordmas","formatid":"gen9ou","rating":1061,"private":0,"password":""}