{"id":"gen9ou-2000306451","p1":"hpl12345","p2":"Luck matter","format":"[Gen 9] OU","log":"|j|\u2606hpl12345\n|j|\u2606Luck matter\n|inactive|Battle timer is ON: inactive players will automatically lose when time's up.\n|t:|1701183380\n|gametype|singles\n|player|p1|hpl12345|102|\n|player|p2|Luck matter|265|\n|teamsize|p1|3\n|teamsize|p2|3\n|gen|9\n|tier|[Gen 9] OU\n|rated|Tournament battle\n|rule|Sleep Clause Mod: Limit one foe put to sleep\n|rule|Species Clause: Limit one of each Pok\u00e9mon\n|rule|OHKO Clause: OHKO moves are banned\n|rule|Evasion Items Clause: Evasion items are banned\n|rule|Evasion Moves Clause: Evasion moves are banned\n|rule|Endless Battle Clause: Forcing endless battles is banned\n|rule|HP Percentage Mod: HP is shown in percentages\n|clearpoke\n|poke|p1|Misdreavus, F|\n|poke|p1|Gholdengo|\n|poke|p1|Corviknight, M|\n|poke|p2|Girafarig, M|\n|poke|p2|Mandibuzz, F|\n|poke|p2|Bronzor|\n|teampreview\n|j|*Lady Monita \u2746\n|inactive|Luck matter also wants the timer to be on.\n|j| Yeet259\n|\n|t:|1701183408\n|start\n|switch|p1a: Misdreavus|Misdreavus, F|100\/100\n|switch|p2a: Bronzor|Bronzor|100\/100\n|turn|1\n|\n|t:|1701183425\n|switch|p2a: Girafarig|Girafarig, M|100\/100\n|move|p1a: Misdreavus|Shadow Ball|p2a: Girafarig\n|-immune|p2a: Girafarig\n|\n|upkeep\n|turn|2\n|\n|t:|1701183429\n|move|p2a: Girafarig|Nasty Plot|p2a: Girafarig\n|-boost|p2a: Girafarig|spa|2\n|move|p1a: Misdreavus|Dark Pulse|p2a: Girafarig\n|-supereffective|p2a: Girafarig\n|-crit|p2a: Girafarig\n|-damage|p2a: Girafarig|28\/100\n|\n|upkeep\n|turn|3\n|l| Yeet259\n|\n|t:|1701183435\n|move|p2a: Girafarig|Shadow Ball|p1a: Misdreavus\n|-supereffective|p1a: Misdreavus\n|-damage|p1a: Misdreavus|35\/100\n|-unboost|p1a: Misdreavus|spd|1\n|move|p1a: Misdreavus|Dark Pulse|p2a: Girafarig\n|-supereffective|p2a: Girafarig\n|-damage|p2a: Girafarig|0 fnt\n|faint|p2a: Girafarig\n|\n|upkeep\n|\n|t:|1701183454\n|switch|p2a: Bronzor|Bronzor|100\/100\n|turn|4\n|j| poketough\n|\n|t:|1701183481\n|switch|p2a: Mandibuzz|Mandibuzz, F|100\/100\n|move|p1a: Misdreavus|Shadow Ball|p2a: Mandibuzz\n|-resisted|p2a: Mandibuzz\n|-damage|p2a: Mandibuzz|89\/100\n|-unboost|p2a: Mandibuzz|spd|1\n|\n|upkeep\n|turn|5\n|\n|t:|1701183489\n|move|p1a: Misdreavus|Power Gem|p2a: Mandibuzz\n|-supereffective|p2a: Mandibuzz\n|-damage|p2a: Mandibuzz|40\/100\n|move|p2a: Mandibuzz|Foul Play|p1a: Misdreavus\n|-supereffective|p1a: Misdreavus\n|-damage|p1a: Misdreavus|0 fnt\n|faint|p1a: Misdreavus\n|\n|upkeep\n|\n|t:|1701183499\n|switch|p1a: Gholdengo|Gholdengo|100\/100\n|turn|6\n|\n|t:|1701183511\n|-terastallize|p2a: Mandibuzz|Poison\n|move|p1a: Gholdengo|Nasty Plot|p1a: Gholdengo\n|-boost|p1a: Gholdengo|spa|2\n|move|p2a: Mandibuzz|Roost|p2a: Mandibuzz\n|-heal|p2a: Mandibuzz|90\/100\n|\n|upkeep\n|turn|7\n|j| Yeet259\n|inactive|hpl12345 has 120 seconds left.\n|\n|t:|1701183540\n|-terastallize|p1a: Gholdengo|Steel\n|move|p1a: Gholdengo|Nasty Plot|p1a: Gholdengo\n|-boost|p1a: Gholdengo|spa|2\n|move|p2a: Mandibuzz|Foul Play|p1a: Gholdengo\n|-damage|p1a: Gholdengo|83\/100\n|\n|-heal|p1a: Gholdengo|89\/100|[from] item: Leftovers\n|upkeep\n|turn|8\n|\n|t:|1701183549\n|move|p1a: Gholdengo|Make It Rain|p2a: Mandibuzz\n|-damage|p2a: Mandibuzz|0 fnt\n|-unboost|p1a: Gholdengo|spa|1\n|faint|p2a: Mandibuzz\n|\n|-heal|p1a: Gholdengo|95\/100|[from] item: Leftovers\n|upkeep\n|\n|t:|1701183550\n|switch|p2a: Bronzor|Bronzor|100\/100\n|turn|9\n|\n|t:|1701183553\n|move|p1a: Gholdengo|Shadow Ball|p2a: Bronzor\n|-supereffective|p2a: Bronzor\n|-damage|p2a: Bronzor|0 fnt\n|faint|p2a: Bronzor\n|\n|win|hpl12345\n|n|\u2606hpl12345|hpl12345\n|n|\u2606Luck matter|luckmatter\n|n|*Lady Monita \u2746|ladymonita\n|n| poketough|poketough\n|n| Yeet259|yeet259\n","uploadtime":1701183554,"views":3,"p1id":"hpl12345","p2id":"luckmatter","formatid":"gen9ou","rating":0,"private":0,"password":""}