{"id":"gen9ou-1993731760","p1":"Gniqknaime","p2":"Gatrekd","format":"[Gen 9] OU","log":"|j|\u2606Gniqknaime\n|j|\u2606Gatrekd\n|t:|1700350628\n|gametype|singles\n|player|p1|Gniqknaime|169|1101\n|player|p2|Gatrekd|marlon|1131\n|teamsize|p1|6\n|teamsize|p2|6\n|gen|9\n|tier|[Gen 9] OU\n|rated|\n|rule|Sleep Clause Mod: Limit one foe put to sleep\n|rule|Species Clause: Limit one of each Pok\u00e9mon\n|rule|OHKO Clause: OHKO moves are banned\n|rule|Evasion Items Clause: Evasion items are banned\n|rule|Evasion Moves Clause: Evasion moves are banned\n|rule|Endless Battle Clause: Forcing endless battles is banned\n|rule|HP Percentage Mod: HP is shown in percentages\n|clearpoke\n|poke|p1|Glaceon, M|\n|poke|p1|Ninetales-Alola, F|\n|poke|p1|Slowking-Galar, F|\n|poke|p1|Shiftry, M|\n|poke|p1|Forretress, F|\n|poke|p1|Arcanine-Hisui, M|\n|poke|p2|Ribombee, M|\n|poke|p2|Gholdengo|\n|poke|p2|Landorus-Therian, M|\n|poke|p2|Walking Wake|\n|poke|p2|Ogerpon-Cornerstone, F|\n|poke|p2|Skeledirge, F|\n|teampreview\n|\n|t:|1700350645\n|start\n|switch|p1a: Slowking|Slowking-Galar, F|100\/100\n|switch|p2a: Kash Krabs|Gholdengo|100\/100\n|-item|p1a: Slowking|Air Balloon\n|turn|1\n|\n|t:|1700350664\n|move|p2a: Kash Krabs|Nasty Plot|p2a: Kash Krabs\n|-boost|p2a: Kash Krabs|spa|2\n|move|p1a: Slowking|Chilly Reception|p1a: Slowking\n|-weather|Snow\n|\n|t:|1700350684\n|switch|p1a: Arcanine|Arcanine-Hisui, M|100\/100|[from] Chilly Reception\n|\n|-weather|Snow|[upkeep]\n|upkeep\n|turn|2\n|\n|t:|1700350715\n|switch|p2a: Skeledirge|Skeledirge, F|100\/100\n|move|p1a: Arcanine|Flare Blitz|p2a: Skeledirge\n|-resisted|p2a: Skeledirge\n|-crit|p2a: Skeledirge\n|-damage|p2a: Skeledirge|76\/100\n|\n|-weather|Snow|[upkeep]\n|upkeep\n|turn|3\n|\n|t:|1700350763\n|switch|p1a: Glaceon|Glaceon, M|100\/100\n|switch|p2a: IDFK|Landorus-Therian, M|100\/100\n|-ability|p2a: IDFK|Intimidate|boost\n|-unboost|p1a: Glaceon|atk|1\n|\n|-weather|Snow|[upkeep]\n|upkeep\n|turn|4\n|\n|t:|1700350806\n|switch|p2a: Skeledirge|Skeledirge, F|76\/100\n|move|p1a: Glaceon|Freeze-Dry|p2a: Skeledirge\n|-resisted|p2a: Skeledirge\n|-damage|p2a: Skeledirge|58\/100\n|\n|-weather|Snow|[upkeep]\n|upkeep\n|turn|5\n|\n|t:|1700350835\n|switch|p1a: Arcanine|Arcanine-Hisui, M|100\/100\n|move|p2a: Skeledirge|Slack Off|p2a: Skeledirge\n|-heal|p2a: Skeledirge|100\/100\n|\n|-weather|none\n|upkeep\n|turn|6\n|\n|t:|1700350870\n|switch|p2a: IDFK|Landorus-Therian, M|100\/100\n|-ability|p2a: IDFK|Intimidate|boost\n|-unboost|p1a: Arcanine|atk|1\n|move|p1a: Arcanine|Head Smash|p2a: IDFK\n|-damage|p2a: IDFK|49\/100\n|\n|upkeep\n|turn|7\n|\n|t:|1700350894\n|move|p1a: Arcanine|Head Smash|p2a: IDFK\n|-damage|p2a: IDFK|0 fnt\n|faint|p2a: IDFK\n|\n|upkeep\n|\n|t:|1700350914\n|switch|p2a: Kash Krabs|Gholdengo|100\/100\n|turn|8\n|\n|t:|1700350930\n|switch|p1a: Forretress|Forretress, F|100\/100\n|move|p2a: Kash Krabs|Make It Rain|p1a: Forretress\n|-resisted|p1a: Forretress\n|-damage|p1a: Forretress|36\/100\n|-unboost|p2a: Kash Krabs|spa|1\n|-damage|p2a: Kash Krabs|91\/100|[from] item: Life Orb\n|\n|upkeep\n|turn|9\n|\n|t:|1700350950\n|switch|p1a: Arcanine|Arcanine-Hisui, M|100\/100\n|move|p2a: Kash Krabs|Make It Rain|p1a: Arcanine\n|-damage|p1a: Arcanine|31\/100\n|-unboost|p2a: Kash Krabs|spa|1\n|-damage|p2a: Kash Krabs|81\/100|[from] item: Life Orb\n|\n|upkeep\n|turn|10\n|\n|t:|1700350972\n|switch|p2a: Skeledirge|Skeledirge, F|100\/100\n|move|p1a: Arcanine|Flare Blitz|p2a: Skeledirge\n|-resisted|p2a: Skeledirge\n|-damage|p2a: Skeledirge|82\/100\n|\n|upkeep\n|turn|11\n|\n|t:|1700350990\n|switch|p1a: Forretress|Forretress, F|36\/100\n|move|p2a: Skeledirge|Torch Song|p1a: Forretress\n|-supereffective|p1a: Forretress\n|-damage|p1a: Forretress|0 fnt\n|-boost|p2a: Skeledirge|spa|1\n|faint|p1a: Forretress\n|\n|upkeep\n|\n|t:|1700351017\n|switch|p1a: Arcanine|Arcanine-Hisui, M|31\/100\n|turn|12\n|\n|t:|1700351031\n|switch|p2a: Kash Krabs|Gholdengo|81\/100\n|move|p1a: Arcanine|Head Smash|p2a: Kash Krabs\n|-resisted|p2a: Kash Krabs\n|-damage|p2a: Kash Krabs|40\/100\n|\n|upkeep\n|turn|13\n|\n|t:|1700351059\n|switch|p1a: Slowking|Slowking-Galar, F|100\/100\n|-item|p1a: Slowking|Air Balloon\n|-terastallize|p2a: Kash Krabs|Steel\n|move|p2a: Kash Krabs|Make It Rain|p1a: Slowking\n|-damage|p1a: Slowking|40\/100\n|-unboost|p2a: Kash Krabs|spa|1\n|-enditem|p1a: Slowking|Air Balloon\n|-damage|p2a: Kash Krabs|31\/100|[from] item: Life Orb\n|\n|upkeep\n|turn|14\n|inactive|Battle timer is ON: inactive players will automatically lose when time's up. (requested by Gatrekd)\n|\n|t:|1700351116\n|move|p2a: Kash Krabs|Shadow Ball|p1a: Slowking\n|-supereffective|p1a: Slowking\n|-damage|p1a: Slowking|0 fnt\n|faint|p1a: Slowking\n|-damage|p2a: Kash Krabs|21\/100|[from] item: Life Orb\n|\n|upkeep\n|\n|t:|1700351137\n|switch|p1a: Glaceon|Glaceon, M|100\/100\n|turn|15\n|inactive|Gniqknaime has 120 seconds left.\n|\n|t:|1700351161\n|-terastallize|p1a: Glaceon|Ground\n|move|p2a: Kash Krabs|Make It Rain|p1a: Glaceon\n|-damage|p1a: Glaceon|18\/100\n|-unboost|p2a: Kash Krabs|spa|1\n|-damage|p2a: Kash Krabs|11\/100|[from] item: Life Orb\n|move|p1a: Glaceon|Calm Mind|p1a: Glaceon\n|-boost|p1a: Glaceon|spa|1\n|-boost|p1a: Glaceon|spd|1\n|\n|-heal|p1a: Glaceon|24\/100|[from] item: Leftovers\n|upkeep\n|turn|16\n|inactive|Gniqknaime has 120 seconds left.\n|inactive|Gniqknaime has 90 seconds left.\n|\n|t:|1700351204\n|move|p2a: Kash Krabs|Shadow Ball|p1a: Glaceon\n|-damage|p1a: Glaceon|5\/100\n|-damage|p2a: Kash Krabs|1\/100|[from] item: Life Orb\n|move|p1a: Glaceon|Tera Blast|p2a: Kash Krabs|[anim] Tera Blast Ground\n|-supereffective|p2a: Kash Krabs\n|-damage|p2a: Kash Krabs|0 fnt\n|faint|p2a: Kash Krabs\n|\n|-heal|p1a: Glaceon|11\/100|[from] item: Leftovers\n|upkeep\n|\n|t:|1700351219\n|switch|p2a: Suicune?|Walking Wake|100\/100\n|turn|17\n|inactive|Gniqknaime has 90 seconds left.\n|\n|t:|1700351247\n|move|p2a: Suicune?|Hydro Steam|p1a: Glaceon\n|-supereffective|p1a: Glaceon\n|-damage|p1a: Glaceon|0 fnt\n|faint|p1a: Glaceon\n|\n|upkeep\n|\n|t:|1700351265\n|switch|p1a: Ninetales|Ninetales-Alola, F|100\/100\n|-weather|Snow|[from] ability: Snow Warning|[of] p1a: Ninetales\n|turn|18\n|\n|t:|1700351278\n|move|p2a: Suicune?|Hydro Steam|p1a: Ninetales\n|-damage|p1a: Ninetales|23\/100\n|move|p1a: Ninetales|Aurora Veil|p1a: Ninetales\n|-sidestart|p1: Gniqknaime|move: Aurora Veil\n|\n|-weather|Snow|[upkeep]\n|upkeep\n|turn|19\n|\n|t:|1700351296\n|move|p1a: Ninetales|Moonblast|p2a: Suicune?\n|-supereffective|p2a: Suicune?\n|-damage|p2a: Suicune?|21\/100\n|move|p2a: Suicune?|Hydro Steam|p1a: Ninetales\n|-damage|p1a: Ninetales|0 fnt\n|faint|p1a: Ninetales\n|\n|-weather|Snow|[upkeep]\n|upkeep\n|inactive|Gniqknaime has 60 seconds left.\n|\n|t:|1700351315\n|switch|p1a: Shiftry|Shiftry, M|100\/100\n|turn|20\n|inactive|Gniqknaime has 60 seconds left.\n|\n|t:|1700351323\n|move|p2a: Suicune?|Hydro Steam|p1a: Shiftry\n|-resisted|p1a: Shiftry\n|-damage|p1a: Shiftry|76\/100\n|move|p1a: Shiftry|Tailwind|p1a: Shiftry\n|-sidestart|p1: Gniqknaime|move: Tailwind\n|-ability|p1a: Shiftry|Wind Rider|boost\n|-boost|p1a: Shiftry|atk|1\n|\n|-weather|Snow|[upkeep]\n|upkeep\n|turn|21\n|inactive|Gniqknaime has 60 seconds left.\n|\n|t:|1700351345\n|move|p1a: Shiftry|Knock Off|p2a: Suicune?\n|-damage|p2a: Suicune?|0 fnt\n|-enditem|p2a: Suicune?|Choice Specs|[from] move: Knock Off|[of] p1a: Shiftry\n|faint|p2a: Suicune?\n|-end|p2a: Suicune?|Protosynthesis|[silent]\n|\n|-weather|Snow|[upkeep]\n|upkeep\n|\n|t:|1700351351\n|switch|p2a: Buzz Buzz|Ribombee, M|100\/100\n|turn|22\n|inactive|Gniqknaime has 60 seconds left.\n|\n|t:|1700351378\n|move|p1a: Shiftry|Leaf Blade|p2a: Buzz Buzz\n|-resisted|p2a: Buzz Buzz\n|-damage|p2a: Buzz Buzz|45\/100\n|move|p2a: Buzz Buzz|Sticky Web|p1a: Shiftry\n|-sidestart|p1: Gniqknaime|move: Sticky Web\n|\n|-weather|none\n|upkeep\n|turn|23\n|inactive|Gniqknaime has 30 seconds left.\n|\n|t:|1700351405\n|move|p1a: Shiftry|Leaf Blade|p2a: Buzz Buzz\n|-resisted|p2a: Buzz Buzz\n|-damage|p2a: Buzz Buzz|0 fnt\n|faint|p2a: Buzz Buzz\n|\n|-sideend|p1: Gniqknaime|move: Tailwind\n|upkeep\n|inactive|Gniqknaime has 30 seconds left this turn.\n|\n|t:|1700351414\n|switch|p2a: Shrek|Ogerpon-Cornerstone, F|100\/100\n|turn|24\n|inactive|Gniqknaime has 30 seconds left.\n|\n|t:|1700351438\n|move|p2a: Shrek|Ivy Cudgel|p1a: Shiftry|[anim] Ivy Cudgel Rock\n|-damage|p1a: Shiftry|25\/100\n|move|p1a: Shiftry|Defog|p2a: Shrek\n|-unboost|p2a: Shrek|evasion|1\n|-sideend|p1: Gniqknaime|Sticky Web|[from] move: Defog|[of] p1a: Shiftry\n|\n|upkeep\n|turn|25\n|inactive|Gniqknaime has 30 seconds left.\n|inactive|Gniqknaime has 20 seconds left.\n|inactive|Gniqknaime has 15 seconds left.\n|inactive|Gniqknaime has 10 seconds left.\n|inactive|Gniqknaime has 5 seconds left.\n|\n|t:|1700351468\n|move|p2a: Shrek|Ivy Cudgel|p1a: Shiftry|[anim] Ivy Cudgel Rock\n|-damage|p1a: Shiftry|0 fnt\n|faint|p1a: Shiftry\n|\n|-sideend|p1: Gniqknaime|move: Aurora Veil\n|upkeep\n|inactive|Gniqknaime has 10 seconds left this turn.\n|inactive|Gniqknaime has 5 seconds left.\n|-message|Gniqknaime lost due to inactivity.\n|\n|win|Gatrekd\n|raw|Gniqknaime's rating: 1101 &rarr; <strong>1078<\/strong><br \/>(-23 for losing)\n|raw|Gatrekd's rating: 1131 &rarr; <strong>1154<\/strong><br \/>(+23 for winning)\n","uploadtime":1700351483,"views":9,"p1id":"gniqknaime","p2id":"gatrekd","formatid":"gen9ou","rating":1078,"private":0,"password":""}