{"id":"gen9ou-1994759037","p1":"Zergut","p2":"Gutsikki","format":"[Gen 9] OU","log":"|j|\u2606Zergut\n|j|\u2606Gutsikki\n|t:|1700489893\n|gametype|singles\n|player|p1|Zergut|falkner|1323\n|player|p2|Gutsikki|collector|1310\n|teamsize|p1|6\n|teamsize|p2|6\n|gen|9\n|tier|[Gen 9] OU\n|rated|\n|rule|Sleep Clause Mod: Limit one foe put to sleep\n|rule|Species Clause: Limit one of each Pok\u00e9mon\n|rule|OHKO Clause: OHKO moves are banned\n|rule|Evasion Items Clause: Evasion items are banned\n|rule|Evasion Moves Clause: Evasion moves are banned\n|rule|Endless Battle Clause: Forcing endless battles is banned\n|rule|HP Percentage Mod: HP is shown in percentages\n|clearpoke\n|poke|p1|Staraptor, F|\n|poke|p1|Landorus-Therian, M|\n|poke|p1|Gholdengo|\n|poke|p1|Cinderace, M|\n|poke|p1|Iron Valiant|\n|poke|p1|Clefable, M|\n|poke|p2|Ogerpon-Wellspring, F|\n|poke|p2|Gholdengo|\n|poke|p2|Kingambit, M|\n|poke|p2|Zamazenta-*|\n|poke|p2|Enamorus, F|\n|poke|p2|Glimmora, M|\n|teampreview\n|inactive|Battle timer is ON: inactive players will automatically lose when time's up. (requested by Gutsikki)\n|\n|t:|1700489905\n|start\n|switch|p1a: Landorus|Landorus-Therian, M|100\/100\n|switch|p2a: Glimmora|Glimmora, M|100\/100\n|-ability|p1a: Landorus|Intimidate|boost\n|-unboost|p2a: Glimmora|atk|1\n|turn|1\n|\n|t:|1700489916\n|move|p1a: Landorus|Earthquake|p2a: Glimmora\n|-supereffective|p2a: Glimmora\n|-enditem|p2a: Glimmora|Focus Sash\n|-damage|p2a: Glimmora|1\/100\n|-activate|p2a: Glimmora|ability: Toxic Debris\n|-sidestart|p1: Zergut|move: Toxic Spikes\n|move|p2a: Glimmora|Spikes|p1a: Landorus\n|-sidestart|p1: Zergut|Spikes\n|\n|upkeep\n|turn|2\n|\n|t:|1700489927\n|move|p1a: Landorus|Earthquake|p2a: Glimmora\n|-supereffective|p2a: Glimmora\n|-damage|p2a: Glimmora|0 fnt\n|-activate|p2a: Glimmora|ability: Toxic Debris\n|-sidestart|p1: Zergut|move: Toxic Spikes\n|faint|p2a: Glimmora\n|\n|upkeep\n|\n|t:|1700489937\n|switch|p2a: Ogerpon|Ogerpon-Wellspring, F|100\/100\n|turn|3\n|\n|t:|1700489943\n|move|p1a: Landorus|Earthquake|p2a: Ogerpon\n|-resisted|p2a: Ogerpon\n|-damage|p2a: Ogerpon|63\/100\n|move|p2a: Ogerpon|Swords Dance|p2a: Ogerpon\n|-boost|p2a: Ogerpon|atk|2\n|\n|upkeep\n|turn|4\n|\n|t:|1700489961\n|move|p1a: Landorus|Earthquake|p2a: Ogerpon\n|-resisted|p2a: Ogerpon\n|-damage|p2a: Ogerpon|23\/100\n|move|p2a: Ogerpon|Ivy Cudgel|p1a: Landorus|[anim] Ivy Cudgel Water\n|-supereffective|p1a: Landorus\n|-damage|p1a: Landorus|0 fnt\n|faint|p1a: Landorus\n|\n|upkeep\n|\n|t:|1700489971\n|switch|p1a: Staraptor|Staraptor, F|100\/100\n|turn|5\n|\n|t:|1700489982\n|move|p1a: Staraptor|U-turn|p2a: Ogerpon\n|-supereffective|p2a: Ogerpon\n|-damage|p2a: Ogerpon|0 fnt\n|faint|p2a: Ogerpon\n|\n|t:|1700489986\n|switch|p1a: Cinderace|Cinderace, M|100\/100|[from] U-turn\n|\n|upkeep\n|\n|t:|1700490003\n|switch|p2a: Enamorus|Enamorus, F|100\/100\n|turn|6\n|\n|t:|1700490007\n|move|p2a: Enamorus|Earth Power|p1a: Cinderace\n|-supereffective|p1a: Cinderace\n|-damage|p1a: Cinderace|20\/100\n|move|p1a: Cinderace|Court Change|p1a: Cinderace\n|-swapsideconditions\n|-activate|p1a: Cinderace|move: Court Change\n|\n|upkeep\n|turn|7\n|\n|t:|1700490023\n|move|p2a: Enamorus|Earth Power|p1a: Cinderace\n|-supereffective|p1a: Cinderace\n|-damage|p1a: Cinderace|0 fnt\n|faint|p1a: Cinderace\n|\n|upkeep\n|\n|t:|1700490032\n|switch|p1a: Staraptor|Staraptor, F|100\/100\n|turn|8\n|\n|t:|1700490044\n|switch|p2a: Gholdengo|Gholdengo|100\/100\n|-item|p2a: Gholdengo|Air Balloon\n|move|p1a: Staraptor|Brave Bird|p2a: Gholdengo\n|-resisted|p2a: Gholdengo\n|-damage|p2a: Gholdengo|60\/100\n|-enditem|p2a: Gholdengo|Air Balloon\n|-damage|p1a: Staraptor|87\/100|[from] Recoil\n|\n|upkeep\n|turn|9\n|\n|t:|1700490059\n|move|p1a: Staraptor|Brave Bird|p2a: Gholdengo\n|-resisted|p2a: Gholdengo\n|-damage|p2a: Gholdengo|19\/100\n|-damage|p1a: Staraptor|73\/100|[from] Recoil\n|move|p2a: Gholdengo|Make It Rain|p1a: Staraptor\n|-damage|p1a: Staraptor|0 fnt\n|-unboost|p2a: Gholdengo|spa|1\n|faint|p1a: Staraptor\n|\n|upkeep\n|\n|t:|1700490072\n|switch|p1a: Iron Valiant|Iron Valiant|100\/100\n|-enditem|p1a: Iron Valiant|Booster Energy\n|-activate|p1a: Iron Valiant|ability: Quark Drive|[fromitem]\n|-start|p1a: Iron Valiant|quarkdrivespe\n|turn|10\n|\n|t:|1700490085\n|move|p1a: Iron Valiant|Moonblast|p2a: Gholdengo\n|-resisted|p2a: Gholdengo\n|-damage|p2a: Gholdengo|0 fnt\n|faint|p2a: Gholdengo\n|\n|upkeep\n|\n|t:|1700490094\n|switch|p2a: Enamorus|Enamorus, F|100\/100\n|turn|11\n|\n|t:|1700490105\n|-terastallize|p1a: Iron Valiant|Fairy\n|-terastallize|p2a: Enamorus|Fairy\n|move|p1a: Iron Valiant|Thunderbolt|p2a: Enamorus\n|-crit|p2a: Enamorus\n|-damage|p2a: Enamorus|36\/100\n|move|p2a: Enamorus|Moonblast|p1a: Iron Valiant\n|-damage|p1a: Iron Valiant|0 fnt\n|faint|p1a: Iron Valiant\n|-end|p1a: Iron Valiant|Quark Drive|[silent]\n|\n|upkeep\n|\n|t:|1700490114\n|switch|p1a: Gholdengo|Gholdengo|100\/100\n|turn|12\n|\n|t:|1700490119\n|move|p2a: Enamorus|Moonblast|p1a: Gholdengo\n|-resisted|p1a: Gholdengo\n|-damage|p1a: Gholdengo|70\/100\n|move|p1a: Gholdengo|Thunder Wave|p2a: Enamorus\n|-status|p2a: Enamorus|par\n|\n|-heal|p1a: Gholdengo|76\/100|[from] item: Leftovers\n|upkeep\n|turn|13\n|\n|t:|1700490127\n|cant|p2a: Enamorus|par\n|move|p1a: Gholdengo|Recover|p1a: Gholdengo\n|-heal|p1a: Gholdengo|100\/100\n|\n|upkeep\n|turn|14\n|\n|t:|1700490132\n|cant|p2a: Enamorus|par\n|move|p1a: Gholdengo|Hex|p2a: Enamorus\n|-damage|p2a: Enamorus|0 fnt\n|faint|p2a: Enamorus\n|\n|upkeep\n|\n|t:|1700490139\n|switch|p2a: Kingambit|Kingambit, M|100\/100\n|-damage|p2a: Kingambit|88\/100|[from] Spikes\n|-activate|p2a: Kingambit|ability: Supreme Overlord\n|-start|p2a: Kingambit|fallen4|[silent]\n|turn|15\n|\n|t:|1700490144\n|move|p1a: Gholdengo|Thunder Wave|p2a: Kingambit\n|-status|p2a: Kingambit|par\n|-enditem|p2a: Kingambit|Lum Berry|[eat]\n|-curestatus|p2a: Kingambit|par|[msg]\n|move|p2a: Kingambit|Swords Dance|p2a: Kingambit\n|-boost|p2a: Kingambit|atk|2\n|\n|upkeep\n|turn|16\n|\n|t:|1700490155\n|move|p1a: Gholdengo|Thunder Wave|p2a: Kingambit\n|-status|p2a: Kingambit|par\n|move|p2a: Kingambit|Kowtow Cleave|p1a: Gholdengo\n|-supereffective|p1a: Gholdengo\n|-damage|p1a: Gholdengo|0 fnt\n|faint|p1a: Gholdengo\n|\n|upkeep\n|\n|t:|1700490162\n|switch|p1a: Clefable|Clefable, M|100\/100\n|turn|17\n|\n|t:|1700490165\n|move|p1a: Clefable|Flamethrower|p2a: Kingambit\n|-supereffective|p2a: Kingambit\n|-damage|p2a: Kingambit|24\/100 par\n|cant|p2a: Kingambit|par\n|\n|upkeep\n|turn|18\n|\n|t:|1700490171\n|move|p1a: Clefable|Flamethrower|p2a: Kingambit\n|-supereffective|p2a: Kingambit\n|-damage|p2a: Kingambit|0 fnt\n|faint|p2a: Kingambit\n|-end|p2a: Kingambit|fallen4|[silent]\n|\n|upkeep\n|\n|t:|1700490175\n|switch|p2a: Zamazenta|Zamazenta|100\/100\n|-status|p2a: Zamazenta|tox\n|-damage|p2a: Zamazenta|88\/100 tox|[from] Spikes\n|-ability|p2a: Zamazenta|Dauntless Shield|boost\n|-boost|p2a: Zamazenta|def|1\n|turn|19\n|\n|t:|1700490186\n|move|p2a: Zamazenta|Iron Defense|p2a: Zamazenta\n|-boost|p2a: Zamazenta|def|2\n|move|p1a: Clefable|Moonblast|p2a: Zamazenta\n|-supereffective|p2a: Zamazenta\n|-damage|p2a: Zamazenta|5\/100 tox\n|\n|-heal|p2a: Zamazenta|12\/100 tox|[from] item: Leftovers\n|-damage|p2a: Zamazenta|5\/100 tox|[from] psn\n|upkeep\n|turn|20\n|c|\u2606Gutsikki|the para ...\n|c|\u2606Gutsikki|gg\n|-message|Gutsikki forfeited.\n|\n|win|Zergut\n|raw|Zergut's rating: 1323 &rarr; <strong>1342<\/strong><br \/>(+19 for winning)\n|raw|Gutsikki's rating: 1310 &rarr; <strong>1291<\/strong><br \/>(-19 for losing)\n|l|\u2606Gutsikki\n","uploadtime":1700490500,"views":11,"p1id":"zergut","p2id":"gutsikki","formatid":"gen9ou","rating":1291,"private":0,"password":""}