{"id":"gen9ou-1997079624","p1":"Bio_Hazz","p2":"Vivilia7982","format":"[Gen 9] OU","log":"|j|\u2606Bio_Hazz\n|j|\u2606Vivilia7982\n|t:|1700762421\n|gametype|singles\n|player|p1|Bio_Hazz|lucas|\n|player|p2|Vivilia7982|backersf|\n|teamsize|p1|6\n|teamsize|p2|6\n|gen|9\n|tier|[Gen 9] OU\n|rule|Sleep Clause Mod: Limit one foe put to sleep\n|rule|Species Clause: Limit one of each Pok\u00e9mon\n|rule|OHKO Clause: OHKO moves are banned\n|rule|Evasion Items Clause: Evasion items are banned\n|rule|Evasion Moves Clause: Evasion moves are banned\n|rule|Endless Battle Clause: Forcing endless battles is banned\n|rule|HP Percentage Mod: HP is shown in percentages\n|clearpoke\n|poke|p1|Iron Valiant|\n|poke|p1|Dragapult, M|\n|poke|p1|Garganacl, F|\n|poke|p1|Scizor, M|\n|poke|p1|Cinderace, M|\n|poke|p1|Iron Moth|\n|poke|p2|Torkoal, F|\n|poke|p2|Armarouge, F|\n|poke|p2|Lilligant-Hisui, F|\n|poke|p2|Victreebel, F|\n|poke|p2|Goodra-Hisui, F|\n|poke|p2|Alomomola, F|\n|teampreview\n|inactive|Battle timer is ON: inactive players will automatically lose when time's up. (requested by Vivilia7982)\n|c|\u2606Bio_Hazz|glhf\n|c|\u2606Vivilia7982|Glhf\n|c|\u2606Bio_Hazz|i havent seen a sun team in a while, nice\n|\n|t:|1700762447\n|start\n|switch|p1a: Iron Moth|Iron Moth|100\/100\n|switch|p2a: Alomomola|Alomomola, F|100\/100\n|turn|1\n|c|\u2606Vivilia7982|Yeah thats why i made it\n|c|\u2606Vivilia7982|I barely see weather now\n|\n|t:|1700762463\n|switch|p2a: Goodra|Goodra-Hisui, F|100\/100\n|move|p1a: Iron Moth|Substitute|p1a: Iron Moth\n|-start|p1a: Iron Moth|Substitute\n|-damage|p1a: Iron Moth|76\/100\n|\n|upkeep\n|turn|2\n|c|\u2606Bio_Hazz|ye\n|c|\u2606Bio_Hazz|thats a shame\n|c|\u2606Bio_Hazz|shit wrong item\n|c|\u2606Bio_Hazz|and you gonna now why\n|\n|t:|1700762487\n|-end|p1a: Iron Moth|Quark Drive|[silent]\n|switch|p1a: Cinderace|Cinderace, M|100\/100\n|move|p2a: Goodra|Dragon Tail|p1a: Cinderace\n|-damage|p1a: Cinderace|75\/100\n|drag|p1a: Dragapult|Dragapult, M|100\/100\n|\n|upkeep\n|turn|3\n|\n|t:|1700762496\n|move|p1a: Dragapult|U-turn|p2a: Goodra\n|-resisted|p2a: Goodra\n|-damage|p2a: Goodra|93\/100\n|\n|t:|1700762502\n|switch|p1a: Cinderace|Cinderace, M|75\/100|[from] U-turn\n|move|p2a: Goodra|Draco Meteor|p1a: Cinderace\n|-damage|p1a: Cinderace|2\/100\n|-unboost|p2a: Goodra|spa|2\n|\n|-heal|p2a: Goodra|99\/100|[from] item: Leftovers\n|upkeep\n|turn|4\n|c|\u2606Vivilia7982|Rip\n|\n|t:|1700762517\n|move|p1a: Cinderace|High Jump Kick|p2a: Goodra\n|-start|p1a: Cinderace|typechange|Fighting|[from] ability: Libero\n|-supereffective|p2a: Goodra\n|-damage|p2a: Goodra|0 fnt\n|faint|p2a: Goodra\n|\n|upkeep\n|\n|t:|1700762524\n|switch|p2a: Alomomola|Alomomola, F|100\/100\n|turn|5\n|c|\u2606Bio_Hazz|that item screwed me over\n|\n|t:|1700762530\n|move|p1a: Cinderace|High Jump Kick|p2a: Alomomola\n|-damage|p2a: Alomomola|66\/100\n|-damage|p1a: Cinderace|0 fnt|[from] item: Rocky Helmet|[of] p2a: Alomomola\n|faint|p1a: Cinderace\n|move|p2a: Alomomola|Wish|p2a: Alomomola\n|\n|upkeep\n|\n|t:|1700762537\n|switch|p1a: Iron Valiant|Iron Valiant|100\/100\n|-enditem|p1a: Iron Valiant|Booster Energy\n|-activate|p1a: Iron Valiant|ability: Quark Drive|[fromitem]\n|-start|p1a: Iron Valiant|quarkdrivespe\n|turn|6\n|inactive|Vivilia7982 has 270 seconds left.\n|\n|t:|1700762572\n|move|p2a: Alomomola|Protect|p2a: Alomomola\n|-singleturn|p2a: Alomomola|Protect\n|move|p1a: Iron Valiant|Swords Dance|p1a: Iron Valiant\n|-boost|p1a: Iron Valiant|atk|2\n|\n|-heal|p2a: Alomomola|100\/100|[from] move: Wish|[wisher] Alomomola\n|upkeep\n|turn|7\n|\n|t:|1700762581\n|move|p1a: Iron Valiant|Knock Off|p2a: Alomomola\n|-damage|p2a: Alomomola|67\/100\n|-damage|p1a: Iron Valiant|84\/100|[from] item: Rocky Helmet|[of] p2a: Alomomola\n|-enditem|p2a: Alomomola|Rocky Helmet|[from] move: Knock Off|[of] p1a: Iron Valiant\n|move|p2a: Alomomola|Scald|p1a: Iron Valiant\n|-crit|p1a: Iron Valiant\n|-damage|p1a: Iron Valiant|48\/100\n|\n|upkeep\n|turn|8\n|\n|t:|1700762591\n|move|p1a: Iron Valiant|Close Combat|p2a: Alomomola\n|-damage|p2a: Alomomola|0 fnt\n|-unboost|p1a: Iron Valiant|def|1\n|-unboost|p1a: Iron Valiant|spd|1\n|faint|p2a: Alomomola\n|\n|upkeep\n|c|\u2606Vivilia7982|Im throwing rn\n|\n|t:|1700762605\n|switch|p2a: Torkoal|Torkoal, F|100\/100\n|-weather|SunnyDay|[from] ability: Drought|[of] p2a: Torkoal\n|turn|9\n|\n|t:|1700762613\n|move|p1a: Iron Valiant|Close Combat|p2a: Torkoal\n|-damage|p2a: Torkoal|32\/100\n|-unboost|p1a: Iron Valiant|def|1\n|-unboost|p1a: Iron Valiant|spd|1\n|move|p2a: Torkoal|Lava Plume|p1a: Iron Valiant\n|-damage|p1a: Iron Valiant|0 fnt\n|faint|p1a: Iron Valiant\n|-end|p1a: Iron Valiant|Quark Drive|[silent]\n|\n|-weather|SunnyDay|[upkeep]\n|upkeep\n|\n|t:|1700762621\n|switch|p1a: Garganacl|Garganacl, F|100\/100\n|turn|10\n|\n|t:|1700762631\n|switch|p2a: Victreebel|Victreebel, F|100\/100\n|move|p1a: Garganacl|Iron Defense|p1a: Garganacl\n|-boost|p1a: Garganacl|def|2\n|\n|-weather|SunnyDay|[upkeep]\n|upkeep\n|turn|11\n|\n|t:|1700762643\n|move|p2a: Victreebel|Solar Beam||[still]\n|-prepare|p2a: Victreebel|Solar Beam\n|-anim|p2a: Victreebel|Solar Beam|p1a: Garganacl\n|-supereffective|p1a: Garganacl\n|-damage|p1a: Garganacl|0 fnt\n|faint|p1a: Garganacl\n|-damage|p2a: Victreebel|91\/100|[from] item: Life Orb\n|\n|-weather|SunnyDay|[upkeep]\n|upkeep\n|\n|t:|1700762649\n|switch|p1a: Scizor|Scizor, M|100\/100\n|turn|12\n|\n|t:|1700762660\n|switch|p2a: Armarouge|Armarouge, F|100\/100\n|move|p1a: Scizor|Dual Wingbeat|p2a: Armarouge\n|-damage|p2a: Armarouge|75\/100\n|-damage|p2a: Armarouge|47\/100\n|-hitcount|p2a: Armarouge|2\n|\n|-weather|SunnyDay|[upkeep]\n|upkeep\n|turn|13\n|\n|t:|1700762686\n|switch|p1a: Iron Moth|Iron Moth|76\/100\n|move|p2a: Armarouge|Armor Cannon|p1a: Iron Moth\n|-resisted|p1a: Iron Moth\n|-damage|p1a: Iron Moth|29\/100\n|-unboost|p2a: Armarouge|def|1\n|-unboost|p2a: Armarouge|spd|1\n|\n|-weather|SunnyDay|[upkeep]\n|upkeep\n|turn|14\n|\n|t:|1700762691\n|move|p1a: Iron Moth|Fiery Dance|p2a: Armarouge\n|-start|p2a: Armarouge|ability: Flash Fire\n|move|p2a: Armarouge|Armor Cannon|p1a: Iron Moth\n|-resisted|p1a: Iron Moth\n|-damage|p1a: Iron Moth|0 fnt\n|-unboost|p2a: Armarouge|def|1\n|-unboost|p2a: Armarouge|spd|1\n|faint|p1a: Iron Moth\n|-end|p1a: Iron Moth|Quark Drive|[silent]\n|\n|-weather|SunnyDay|[upkeep]\n|upkeep\n|c|\u2606Bio_Hazz|and forgot about its abiloity nice\n|\n|t:|1700762702\n|switch|p1a: Dragapult|Dragapult, M|100\/100\n|turn|15\n|\n|t:|1700762721\n|-end|p2a: Armarouge|ability: Flash Fire|[silent]\n|switch|p2a: Victreebel|Victreebel, F|91\/100\n|move|p1a: Dragapult|Shadow Ball|p2a: Victreebel\n|-damage|p2a: Victreebel|17\/100\n|\n|-weather|SunnyDay|[upkeep]\n|upkeep\n|turn|16\n|\n|t:|1700762733\n|move|p2a: Victreebel|Sludge Bomb|p1a: Dragapult\n|-resisted|p1a: Dragapult\n|-damage|p1a: Dragapult|62\/100\n|-damage|p2a: Victreebel|7\/100|[from] item: Life Orb\n|move|p1a: Dragapult|Shadow Ball|p2a: Victreebel\n|-damage|p2a: Victreebel|0 fnt\n|faint|p2a: Victreebel\n|\n|-weather|none\n|upkeep\n|\n|t:|1700762740\n|switch|p2a: Torkoal|Torkoal, F|32\/100\n|-weather|SunnyDay|[from] ability: Drought|[of] p2a: Torkoal\n|turn|17\n|\n|t:|1700762755\n|move|p1a: Dragapult|Shadow Ball|p2a: Torkoal\n|-damage|p2a: Torkoal|0 fnt\n|faint|p2a: Torkoal\n|\n|-weather|SunnyDay|[upkeep]\n|upkeep\n|\n|t:|1700762758\n|switch|p2a: Lilligant|Lilligant-Hisui, F|100\/100\n|turn|18\n|\n|t:|1700762769\n|-terastallize|p1a: Dragapult|Ghost\n|move|p2a: Lilligant|Ice Spinner|p1a: Dragapult\n|-crit|p1a: Dragapult\n|-damage|p1a: Dragapult|0 fnt\n|faint|p1a: Dragapult\n|\n|-weather|SunnyDay|[upkeep]\n|upkeep\n|c|\u2606Bio_Hazz|no way\n|c|\u2606Vivilia7982|Wow\n|\n|t:|1700762780\n|switch|p1a: Scizor|Scizor, M|100\/100\n|turn|19\n|c|\u2606Bio_Hazz|now its def a gg for you\n|\n|t:|1700762795\n|move|p2a: Lilligant|Ice Spinner|p1a: Scizor\n|-resisted|p1a: Scizor\n|-damage|p1a: Scizor|81\/100\n|move|p1a: Scizor|Swords Dance|p1a: Scizor\n|-boost|p1a: Scizor|atk|2\n|\n|-weather|SunnyDay|[upkeep]\n|upkeep\n|turn|20\n|c|\u2606Vivilia7982|Mightve just thrown\n|c|\u2606Vivilia7982|Ngl\n|\n|t:|1700762815\n|move|p2a: Lilligant|Ice Spinner|p1a: Scizor\n|-resisted|p1a: Scizor\n|-damage|p1a: Scizor|61\/100\n|move|p1a: Scizor|Swords Dance|p1a: Scizor\n|-boost|p1a: Scizor|atk|2\n|\n|-weather|SunnyDay|[upkeep]\n|upkeep\n|turn|21\n|\n|t:|1700762824\n|move|p1a: Scizor|Bullet Punch|p2a: Lilligant\n|-damage|p2a: Lilligant|0 fnt\n|faint|p2a: Lilligant\n|\n|-weather|SunnyDay|[upkeep]\n|upkeep\n|\n|t:|1700762826\n|switch|p2a: Armarouge|Armarouge, F|47\/100\n|turn|22\n|\n|t:|1700762831\n|move|p1a: Scizor|Bullet Punch|p2a: Armarouge\n|-resisted|p2a: Armarouge\n|-damage|p2a: Armarouge|0 fnt\n|faint|p2a: Armarouge\n|\n|win|Bio_Hazz\n|c|\u2606Vivilia7982|Gg\n|c|\u2606Vivilia7982|I was banded\n|c|\u2606Bio_Hazz|gg\n|c|\u2606Bio_Hazz|that was close\n|l|\u2606Vivilia7982\n|c|\u2606Bio_Hazz|i was scarf on the iron for some reason\n","uploadtime":1700763339,"views":9,"p1id":"biohazz","p2id":"vivilia7982","formatid":"gen9ou","rating":0,"private":0,"password":""}