{"id":"gen9ou-1995368440","p1":"liaoya","p2":"lesangdelaveine","format":"[Gen 9] OU","log":"|j|\u2606liaoya\n|j|\u2606lesangdelaveine\n|t:|1700561018\n|gametype|singles\n|player|p1|liaoya|petrel|1562\n|player|p2|lesangdelaveine|1|1486\n|teamsize|p1|6\n|teamsize|p2|6\n|gen|9\n|tier|[Gen 9] OU\n|rated|\n|rule|Sleep Clause Mod: Limit one foe put to sleep\n|rule|Species Clause: Limit one of each Pok\u00e9mon\n|rule|OHKO Clause: OHKO moves are banned\n|rule|Evasion Items Clause: Evasion items are banned\n|rule|Evasion Moves Clause: Evasion moves are banned\n|rule|Endless Battle Clause: Forcing endless battles is banned\n|rule|HP Percentage Mod: HP is shown in percentages\n|clearpoke\n|poke|p1|Drifblim, F|\n|poke|p1|Garganacl, F|\n|poke|p1|Umbreon, F|\n|poke|p1|Rotom-Wash|\n|poke|p1|Glimmora, F|\n|poke|p1|Espeon, M|\n|poke|p2|Glimmora, F|\n|poke|p2|Gholdengo|\n|poke|p2|Ogerpon-Wellspring, F|\n|poke|p2|Kingambit, F|\n|poke|p2|Iron Moth|\n|poke|p2|Enamorus, F|\n|teampreview\n|inactive|Battle timer is ON: inactive players will automatically lose when time's up. (requested by liaoya)\n|\n|t:|1700561029\n|start\n|switch|p1a: Rotom|Rotom-Wash|100\/100\n|switch|p2a: Glimmora|Glimmora, F|100\/100\n|turn|1\n|\n|t:|1700561032\n|move|p1a: Rotom|Volt Switch|p2a: Glimmora\n|-damage|p2a: Glimmora|55\/100\n|\n|t:|1700561035\n|switch|p1a: Espeon|Espeon, M|100\/100|[from] Volt Switch\n|move|p2a: Glimmora|Energy Ball|p1a: Espeon\n|-damage|p1a: Espeon|68\/100\n|\n|upkeep\n|turn|2\n|\n|t:|1700561045\n|switch|p2a: Gholdengo|Gholdengo|100\/100\n|-item|p2a: Gholdengo|Air Balloon\n|move|p1a: Espeon|Trick|p2a: Gholdengo\n|-immune|p2a: Gholdengo|[from] ability: Good as Gold\n|\n|upkeep\n|turn|3\n|\n|t:|1700561054\n|switch|p1a: Rotom|Rotom-Wash|100\/100\n|move|p2a: Gholdengo|Shadow Ball|p1a: Rotom\n|-damage|p1a: Rotom|55\/100\n|\n|upkeep\n|turn|4\n|\n|t:|1700561066\n|switch|p2a: Ogerpon|Ogerpon-Wellspring, F|100\/100\n|move|p1a: Rotom|Volt Switch|p2a: Ogerpon\n|-damage|p2a: Ogerpon|61\/100\n|\n|t:|1700561071\n|switch|p1a: Umbreon|Umbreon, F, shiny|100\/100|[from] Volt Switch\n|\n|upkeep\n|turn|5\n|\n|t:|1700561077\n|move|p2a: Ogerpon|Ivy Cudgel|p1a: Umbreon|[anim] Ivy Cudgel Water\n|-damage|p1a: Umbreon|64\/100\n|move|p1a: Umbreon|Foul Play|p2a: Ogerpon\n|-damage|p2a: Ogerpon|0 fnt\n|faint|p2a: Ogerpon\n|\n|-heal|p1a: Umbreon|71\/100|[from] item: Leftovers\n|upkeep\n|\n|t:|1700561086\n|switch|p2a: Enamorus|Enamorus, F|100\/100\n|turn|6\n|\n|t:|1700561095\n|move|p1a: Umbreon|Protect|p1a: Umbreon\n|-singleturn|p1a: Umbreon|Protect\n|move|p2a: Enamorus|Earth Power|p1a: Umbreon\n|-activate|p1a: Umbreon|move: Protect\n|\n|-heal|p1a: Umbreon|77\/100|[from] item: Leftovers\n|upkeep\n|turn|7\n|\n|t:|1700561099\n|switch|p2a: Glimmora|Glimmora, F|55\/100\n|move|p1a: Umbreon|Yawn|p2a: Glimmora\n|-start|p2a: Glimmora|move: Yawn|[of] p1a: Umbreon\n|\n|-heal|p1a: Umbreon|83\/100|[from] item: Leftovers\n|upkeep\n|turn|8\n|\n|t:|1700561105\n|switch|p2a: Enamorus|Enamorus, F|100\/100\n|switch|p1a: Espeon|Espeon, M|68\/100\n|\n|upkeep\n|turn|9\n|\n|t:|1700561111\n|move|p2a: Enamorus|Moonblast|p1a: Espeon\n|-damage|p1a: Espeon|19\/100\n|move|p1a: Espeon|Psyshock|p2a: Enamorus\n|-damage|p2a: Enamorus|48\/100\n|\n|upkeep\n|turn|10\n|\n|t:|1700561120\n|switch|p1a: Garganacl|Garganacl, F, shiny|100\/100\n|move|p2a: Enamorus|Moonblast|p1a: Garganacl\n|-damage|p1a: Garganacl|66\/100\n|-unboost|p1a: Garganacl|spa|1\n|\n|-heal|p1a: Garganacl|72\/100|[from] item: Leftovers\n|upkeep\n|turn|11\n|\n|t:|1700561125\n|switch|p2a: Gholdengo|Gholdengo|100\/100\n|-item|p2a: Gholdengo|Air Balloon\n|-terastallize|p1a: Garganacl|Ghost\n|move|p1a: Garganacl|Salt Cure|p2a: Gholdengo\n|-resisted|p2a: Gholdengo\n|-damage|p2a: Gholdengo|93\/100\n|-start|p2a: Gholdengo|Salt Cure\n|-enditem|p2a: Gholdengo|Air Balloon\n|\n|-heal|p1a: Garganacl|78\/100|[from] item: Leftovers\n|-damage|p2a: Gholdengo|68\/100|[from] Salt Cure\n|upkeep\n|turn|12\n|\n|t:|1700561136\n|move|p2a: Gholdengo|Nasty Plot|p2a: Gholdengo\n|-boost|p2a: Gholdengo|spa|2\n|move|p1a: Garganacl|Recover|p1a: Garganacl\n|-heal|p1a: Garganacl|100\/100\n|\n|-damage|p2a: Gholdengo|43\/100|[from] Salt Cure\n|upkeep\n|turn|13\n|\n|t:|1700561140\n|switch|p1a: Rotom|Rotom-Wash|55\/100\n|move|p2a: Gholdengo|Make It Rain|p1a: Rotom\n|-resisted|p1a: Rotom\n|-damage|p1a: Rotom|18\/100\n|-unboost|p2a: Gholdengo|spa|1\n|\n|-damage|p2a: Gholdengo|18\/100|[from] Salt Cure\n|upkeep\n|turn|14\n|\n|t:|1700561149\n|move|p1a: Rotom|Hydro Pump|p2a: Gholdengo\n|-damage|p2a: Gholdengo|0 fnt\n|faint|p2a: Gholdengo\n|\n|upkeep\n|\n|t:|1700561158\n|switch|p2a: Iron Moth|Iron Moth|100\/100\n|-enditem|p2a: Iron Moth|Booster Energy\n|-activate|p2a: Iron Moth|ability: Quark Drive|[fromitem]\n|-start|p2a: Iron Moth|quarkdrivespe\n|turn|15\n|\n|t:|1700561163\n|move|p2a: Iron Moth|Fiery Dance|p1a: Rotom\n|-resisted|p1a: Rotom\n|-damage|p1a: Rotom|0 fnt\n|faint|p1a: Rotom\n|\n|upkeep\n|\n|t:|1700561168\n|switch|p1a: Garganacl|Garganacl, F, shiny, tera:Ghost|100\/100\n|turn|16\n|\n|t:|1700561173\n|-terastallize|p2a: Iron Moth|Ground\n|move|p2a: Iron Moth|Substitute|p2a: Iron Moth\n|-start|p2a: Iron Moth|Substitute\n|-damage|p2a: Iron Moth|76\/100\n|move|p1a: Garganacl|Salt Cure|p2a: Iron Moth\n|-resisted|p2a: Iron Moth\n|-crit|p2a: Iron Moth\n|-activate|p2a: Iron Moth|move: Substitute|[damage]\n|\n|upkeep\n|turn|17\n|\n|t:|1700561180\n|move|p2a: Iron Moth|Fiery Dance|p1a: Garganacl\n|-damage|p1a: Garganacl|75\/100\n|move|p1a: Garganacl|Iron Defense|p1a: Garganacl\n|-boost|p1a: Garganacl|def|2\n|\n|-heal|p1a: Garganacl|81\/100|[from] item: Leftovers\n|upkeep\n|turn|18\n|\n|t:|1700561185\n|move|p2a: Iron Moth|Fiery Dance|p1a: Garganacl\n|-damage|p1a: Garganacl|55\/100\n|-boost|p2a: Iron Moth|spa|1\n|move|p1a: Garganacl|Body Press|p2a: Iron Moth\n|-end|p2a: Iron Moth|Substitute\n|\n|-heal|p1a: Garganacl|61\/100|[from] item: Leftovers\n|upkeep\n|turn|19\n|\n|t:|1700561191\n|move|p2a: Iron Moth|Substitute|p2a: Iron Moth\n|-start|p2a: Iron Moth|Substitute\n|-damage|p2a: Iron Moth|51\/100\n|move|p1a: Garganacl|Body Press|p2a: Iron Moth\n|-end|p2a: Iron Moth|Substitute\n|\n|-heal|p1a: Garganacl|67\/100|[from] item: Leftovers\n|upkeep\n|turn|20\n|\n|t:|1700561196\n|move|p2a: Iron Moth|Fiery Dance|p1a: Garganacl\n|-damage|p1a: Garganacl|31\/100\n|-boost|p2a: Iron Moth|spa|1\n|move|p1a: Garganacl|Body Press|p2a: Iron Moth\n|-damage|p2a: Iron Moth|0 fnt\n|faint|p2a: Iron Moth\n|-end|p2a: Iron Moth|Quark Drive|[silent]\n|\n|-heal|p1a: Garganacl|37\/100|[from] item: Leftovers\n|upkeep\n|\n|t:|1700561202\n|switch|p2a: Enamorus|Enamorus, F|48\/100\n|turn|21\n|\n|t:|1700561208\n|switch|p1a: Espeon|Espeon, M|19\/100\n|move|p2a: Enamorus|Moonblast|p1a: Espeon\n|-damage|p1a: Espeon|0 fnt\n|faint|p1a: Espeon\n|\n|upkeep\n|\n|t:|1700561216\n|switch|p1a: Glimmora|Glimmora, F|100\/100\n|turn|22\n|\n|t:|1700561218\n|switch|p2a: Glimmora|Glimmora, F|55\/100\n|move|p1a: Glimmora|Mortal Spin|p2a: Glimmora\n|-resisted|p2a: Glimmora\n|-damage|p2a: Glimmora|53\/100\n|-activate|p2a: Glimmora|ability: Toxic Debris\n|-sidestart|p1: liaoya|move: Toxic Spikes\n|-sideend|p1: liaoya|Toxic Spikes|[from] move: Mortal Spin|[of] p1a: Glimmora\n|\n|upkeep\n|turn|23\n|\n|t:|1700561226\n|move|p2a: Glimmora|Earth Power|p1a: Glimmora\n|-supereffective|p1a: Glimmora\n|-enditem|p1a: Glimmora|Focus Sash\n|-damage|p1a: Glimmora|1\/100\n|move|p1a: Glimmora|Light Screen|p1a: Glimmora\n|-sidestart|p1: liaoya|move: Light Screen\n|\n|upkeep\n|turn|24\n|\n|t:|1700561231\n|switch|p1a: Garganacl|Garganacl, F, shiny, tera:Ghost|37\/100\n|move|p2a: Glimmora|Stealth Rock|p1a: Garganacl\n|-sidestart|p1: liaoya|move: Stealth Rock\n|\n|-heal|p1a: Garganacl|43\/100|[from] item: Leftovers\n|upkeep\n|turn|25\n|\n|t:|1700561235\n|move|p2a: Glimmora|Mortal Spin|p1a: Garganacl\n|-resisted|p1a: Garganacl\n|-damage|p1a: Garganacl|41\/100\n|move|p1a: Garganacl|Recover|p1a: Garganacl\n|-heal|p1a: Garganacl|91\/100\n|\n|-heal|p1a: Garganacl|97\/100|[from] item: Leftovers\n|upkeep\n|turn|26\n|\n|t:|1700561242\n|switch|p2a: Kingambit|Kingambit, F|100\/100\n|-activate|p2a: Kingambit|ability: Supreme Overlord\n|-start|p2a: Kingambit|fallen3|[silent]\n|move|p1a: Garganacl|Iron Defense|p1a: Garganacl\n|-boost|p1a: Garganacl|def|2\n|\n|-heal|p1a: Garganacl|100\/100|[from] item: Leftovers\n|upkeep\n|turn|27\n|\n|t:|1700561248\n|move|p2a: Kingambit|Swords Dance|p2a: Kingambit\n|-boost|p2a: Kingambit|atk|2\n|move|p1a: Garganacl|Body Press|p2a: Kingambit\n|-supereffective|p2a: Kingambit\n|-damage|p2a: Kingambit|0 fnt\n|faint|p2a: Kingambit\n|-end|p2a: Kingambit|fallen3|[silent]\n|\n|-sideend|p1: liaoya|move: Light Screen\n|upkeep\n|l|\u2606lesangdelaveine\n|inactive|lesangdelaveine disconnected and has a minute to reconnect!\n|player|p2|\n|inactive|lesangdelaveine has 30 seconds to reconnect!\n|inactive|lesangdelaveine has 20 seconds to reconnect!\n|inactive|lesangdelaveine has 15 seconds to reconnect!\n|inactive|lesangdelaveine has 10 seconds to reconnect!\n|inactive|lesangdelaveine has 5 seconds to reconnect!\n|c|\u2606liaoya|oh\n|c|\u2606liaoya|haha\n|-message|lesangdelaveine lost due to inactivity.\n|\n|win|liaoya\n|raw|liaoya's rating: 1562 &rarr; <strong>1578<\/strong><br \/>(+16 for winning)\n|raw|lesangdelaveine's rating: 1486 &rarr; <strong>1470<\/strong><br \/>(-16 for losing)\n","uploadtime":1700561316,"views":9,"p1id":"liaoya","p2id":"lesangdelaveine","formatid":"gen9ou","rating":1470,"private":0,"password":""}