{"id":"gen9ou-1994038113","p1":"CliffyB","p2":"Bram1345","format":"[Gen 9] OU","log":"|j|\u2606CliffyB\n|j|\u2606Bram1345\n|t:|1700397971\n|gametype|singles\n|player|p1|CliffyB|fisherman-gen4|1442\n|player|p2|Bram1345|burgh|1430\n|teamsize|p1|6\n|teamsize|p2|6\n|gen|9\n|tier|[Gen 9] OU\n|rated|\n|rule|Sleep Clause Mod: Limit one foe put to sleep\n|rule|Species Clause: Limit one of each Pok\u00e9mon\n|rule|OHKO Clause: OHKO moves are banned\n|rule|Evasion Items Clause: Evasion items are banned\n|rule|Evasion Moves Clause: Evasion moves are banned\n|rule|Endless Battle Clause: Forcing endless battles is banned\n|rule|HP Percentage Mod: HP is shown in percentages\n|clearpoke\n|poke|p1|Ting-Lu|\n|poke|p1|Ogerpon-Wellspring, F|\n|poke|p1|Maushold-Four|\n|poke|p1|Corviknight, F|\n|poke|p1|Weezing-Galar, M|\n|poke|p1|Iron Valiant|\n|poke|p2|Zamazenta-*|\n|poke|p2|Iron Valiant|\n|poke|p2|Dondozo, F|\n|poke|p2|Rillaboom, F|\n|poke|p2|Ursaluna, F|\n|poke|p2|Corviknight, M|\n|teampreview\n|c|\u2606Bram1345|glhf\n|inactive|Battle timer is ON: inactive players will automatically lose when time's up. (requested by Bram1345)\n|\n|t:|1700398002\n|start\n|switch|p1a: Weezing|Weezing-Galar, M|100\/100\n|switch|p2a: Rillaboom|Rillaboom, F|100\/100\n|-fieldstart|move: Grassy Terrain|[from] ability: Grassy Surge|[of] p2a: Rillaboom\n|turn|1\n|\n|t:|1700398015\n|move|p2a: Rillaboom|U-turn|p1a: Weezing\n|-resisted|p1a: Weezing\n|-damage|p1a: Weezing|96\/100\n|inactive|Bram1345 has 120 seconds left.\n|\n|t:|1700398041\n|switch|p2a: Ursaluna|Ursaluna, F|100\/100|[from] U-turn\n|move|p1a: Weezing|Toxic Spikes|p2a: Ursaluna\n|-sidestart|p2: Bram1345|move: Toxic Spikes\n|\n|-heal|p1a: Weezing|100\/100|[from] item: Black Sludge\n|upkeep\n|turn|2\n|inactive|Bram1345 has 120 seconds left.\n|\n|t:|1700398052\n|move|p1a: Weezing|Strange Steam|p2a: Ursaluna\n|-damage|p2a: Ursaluna|83\/100\n|move|p2a: Ursaluna|Body Slam|p1a: Weezing\n|-damage|p1a: Weezing|67\/100\n|\n|-heal|p1a: Weezing|73\/100|[from] item: Black Sludge\n|-heal|p2a: Ursaluna|89\/100|[from] Grassy Terrain\n|upkeep\n|turn|3\n|\n|t:|1700398068\n|move|p1a: Weezing|Strange Steam|p2a: Ursaluna\n|-damage|p2a: Ursaluna|71\/100\n|move|p2a: Ursaluna|Body Slam|p1a: Weezing\n|-damage|p1a: Weezing|38\/100\n|-status|p1a: Weezing|par\n|\n|-heal|p2a: Ursaluna|77\/100|[from] Grassy Terrain\n|-heal|p1a: Weezing|44\/100 par|[from] item: Black Sludge\n|upkeep\n|turn|4\n|\n|t:|1700398078\n|move|p2a: Ursaluna|Body Slam|p1a: Weezing\n|-crit|p1a: Weezing\n|-damage|p1a: Weezing|0 fnt\n|faint|p1a: Weezing\n|\n|-heal|p2a: Ursaluna|83\/100|[from] Grassy Terrain\n|upkeep\n|\n|t:|1700398090\n|switch|p1a: Ting-Lu|Ting-Lu|100\/100\n|-ability|p1a: Ting-Lu|Vessel of Ruin\n|turn|5\n|\n|t:|1700398115\n|switch|p2a: Corviknight|Corviknight, M|100\/100\n|move|p1a: Ting-Lu|Payback|p2a: Corviknight\n|-damage|p2a: Corviknight|85\/100\n|\n|-heal|p2a: Corviknight|91\/100|[from] item: Leftovers\n|-fieldend|move: Grassy Terrain\n|upkeep\n|turn|6\n|\n|t:|1700398129\n|switch|p1a: Ogerpon|Ogerpon-Wellspring, F|100\/100\n|move|p2a: Corviknight|Defog|p1a: Ogerpon\n|-unboost|p1a: Ogerpon|evasion|1\n|-sideend|p2: Bram1345|Toxic Spikes|[from] move: Defog|[of] p2a: Corviknight\n|\n|-heal|p2a: Corviknight|97\/100|[from] item: Leftovers\n|upkeep\n|turn|7\n|inactive|Bram1345 has 120 seconds left.\n|\n|t:|1700398146\n|move|p1a: Ogerpon|Knock Off|p2a: Corviknight\n|-damage|p2a: Corviknight|75\/100\n|-enditem|p2a: Corviknight|Leftovers|[from] move: Knock Off|[of] p1a: Ogerpon\n|move|p2a: Corviknight|Brave Bird|p1a: Ogerpon\n|-supereffective|p1a: Ogerpon\n|-damage|p1a: Ogerpon|2\/100\n|-damage|p2a: Corviknight|50\/100|[from] Recoil\n|\n|upkeep\n|turn|8\n|inactive|CliffyB has 120 seconds left.\n|\n|t:|1700398178\n|move|p1a: Ogerpon|Ivy Cudgel|p2a: Corviknight|[anim] Ivy Cudgel Water\n|-damage|p2a: Corviknight|13\/100\n|move|p2a: Corviknight|Roost|p2a: Corviknight\n|-heal|p2a: Corviknight|63\/100\n|-singleturn|p2a: Corviknight|move: Roost\n|\n|upkeep\n|turn|9\n|inactive|CliffyB has 120 seconds left.\n|\n|t:|1700398192\n|move|p1a: Ogerpon|Ivy Cudgel|p2a: Corviknight|[anim] Ivy Cudgel Water\n|-damage|p2a: Corviknight|30\/100\n|move|p2a: Corviknight|U-turn|p1a: Ogerpon\n|-supereffective|p1a: Ogerpon\n|-damage|p1a: Ogerpon|0 fnt\n|faint|p1a: Ogerpon\n|inactive|Bram1345 has 120 seconds left.\n|\n|t:|1700398220\n|switch|p2a: Rillaboom|Rillaboom, F|100\/100|[from] U-turn\n|-fieldstart|move: Grassy Terrain|[from] ability: Grassy Surge|[of] p2a: Rillaboom\n|\n|upkeep\n|\n|t:|1700398223\n|switch|p1a: Corviknight|Corviknight, F|100\/100\n|turn|10\n|\n|t:|1700398232\n|move|p2a: Rillaboom|Knock Off|p1a: Corviknight\n|-damage|p1a: Corviknight|79\/100\n|-enditem|p1a: Corviknight|Leftovers|[from] move: Knock Off|[of] p2a: Rillaboom\n|move|p1a: Corviknight|U-turn|p2a: Rillaboom\n|-supereffective|p2a: Rillaboom\n|-damage|p2a: Rillaboom|75\/100\n|\n|t:|1700398255\n|switch|p1a: Maushold|Maushold-Four|100\/100|[from] U-turn\n|\n|-heal|p2a: Rillaboom|81\/100|[from] Grassy Terrain\n|upkeep\n|turn|11\n|\n|t:|1700398268\n|move|p1a: Maushold|Bite|p2a: Rillaboom\n|-damage|p2a: Rillaboom|60\/100\n|cant|p2a: Rillaboom|flinch\n|\n|-heal|p2a: Rillaboom|66\/100|[from] Grassy Terrain\n|upkeep\n|turn|12\n|\n|t:|1700398276\n|move|p1a: Maushold|Population Bomb|p2a: Rillaboom\n|-damage|p2a: Rillaboom|54\/100\n|-damage|p2a: Rillaboom|44\/100\n|-crit|p2a: Rillaboom\n|-damage|p2a: Rillaboom|29\/100\n|-damage|p2a: Rillaboom|18\/100\n|-damage|p2a: Rillaboom|7\/100\n|-damage|p2a: Rillaboom|0 fnt\n|faint|p2a: Rillaboom\n|-hitcount|p2: Rillaboom|6\n|\n|upkeep\n|inactive|Bram1345 has 120 seconds left.\n|\n|t:|1700398317\n|switch|p2a: Iron Valiant|Iron Valiant|100\/100\n|-enditem|p2a: Iron Valiant|Booster Energy\n|-activate|p2a: Iron Valiant|ability: Quark Drive|[fromitem]\n|-start|p2a: Iron Valiant|quarkdrivespe\n|turn|13\n|\n|t:|1700398328\n|-terastallize|p1a: Maushold|Ghost\n|move|p2a: Iron Valiant|Close Combat|p1a: Maushold\n|-immune|p1a: Maushold\n|move|p1a: Maushold|Population Bomb|p2a: Iron Valiant\n|-damage|p2a: Iron Valiant|86\/100\n|-damage|p2a: Iron Valiant|72\/100\n|-damage|p2a: Iron Valiant|57\/100\n|-damage|p2a: Iron Valiant|43\/100\n|-damage|p2a: Iron Valiant|29\/100\n|-damage|p2a: Iron Valiant|15\/100\n|-damage|p2a: Iron Valiant|1\/100\n|-damage|p2a: Iron Valiant|0 fnt\n|faint|p2a: Iron Valiant\n|-end|p2a: Iron Valiant|Quark Drive|[silent]\n|-hitcount|p2: Iron Valiant|8\n|\n|-fieldend|move: Grassy Terrain\n|upkeep\n|inactive|Bram1345 has 90 seconds left.\n|inactive|Bram1345 has 60 seconds left.\n|\n|t:|1700398370\n|switch|p2a: Corviknight|Corviknight, M|30\/100\n|turn|14\n|\n|t:|1700398381\n|move|p1a: Maushold|Population Bomb|p2a: Corviknight\n|-resisted|p2a: Corviknight\n|-damage|p2a: Corviknight|27\/100\n|-resisted|p2a: Corviknight\n|-damage|p2a: Corviknight|24\/100\n|-resisted|p2a: Corviknight\n|-damage|p2a: Corviknight|20\/100\n|-resisted|p2a: Corviknight\n|-damage|p2a: Corviknight|17\/100\n|-resisted|p2a: Corviknight\n|-damage|p2a: Corviknight|14\/100\n|-resisted|p2a: Corviknight\n|-damage|p2a: Corviknight|10\/100\n|-resisted|p2a: Corviknight\n|-damage|p2a: Corviknight|7\/100\n|-resisted|p2a: Corviknight\n|-damage|p2a: Corviknight|3\/100\n|-resisted|p2a: Corviknight\n|-damage|p2a: Corviknight|0 fnt\n|faint|p2a: Corviknight\n|-hitcount|p2: Corviknight|9\n|\n|upkeep\n|inactive|Bram1345 has 60 seconds left.\n|\n|t:|1700398416\n|switch|p2a: Dondozo|Dondozo, F|100\/100\n|turn|15\n|\n|t:|1700398423\n|switch|p1a: Ting-Lu|Ting-Lu|100\/100\n|-ability|p1a: Ting-Lu|Vessel of Ruin\n|move|p2a: Dondozo|Yawn|p1a: Ting-Lu\n|-start|p1a: Ting-Lu|move: Yawn|[of] p2a: Dondozo\n|\n|upkeep\n|turn|16\n|\n|t:|1700398433\n|switch|p1a: Corviknight|Corviknight, F|79\/100\n|move|p2a: Dondozo|Curse|p2a: Dondozo\n|-unboost|p2a: Dondozo|spe|1\n|-boost|p2a: Dondozo|atk|1\n|-boost|p2a: Dondozo|def|1\n|\n|upkeep\n|turn|17\n|\n|t:|1700398446\n|move|p1a: Corviknight|U-turn|p2a: Dondozo\n|-damage|p2a: Dondozo|96\/100\n|\n|t:|1700398448\n|switch|p1a: Ting-Lu|Ting-Lu|100\/100|[from] U-turn\n|-ability|p1a: Ting-Lu|Vessel of Ruin\n|move|p2a: Dondozo|Yawn|p1a: Ting-Lu\n|-start|p1a: Ting-Lu|move: Yawn|[of] p2a: Dondozo\n|\n|-heal|p2a: Dondozo|100\/100|[from] item: Leftovers\n|upkeep\n|turn|18\n|inactive|Bram1345 has 60 seconds left.\n|\n|t:|1700398457\n|move|p2a: Dondozo|Curse|p2a: Dondozo\n|-unboost|p2a: Dondozo|spe|1\n|-boost|p2a: Dondozo|atk|1\n|-boost|p2a: Dondozo|def|1\n|move|p1a: Ting-Lu|Whirlwind|p2a: Dondozo\n|drag|p2a: Ursaluna|Ursaluna, F|83\/100\n|\n|-end|p1a: Ting-Lu|move: Yawn|[silent]\n|-status|p1a: Ting-Lu|slp\n|upkeep\n|turn|19\n|inactive|Bram1345 has 60 seconds left.\n|\n|t:|1700398479\n|move|p2a: Ursaluna|Fire Punch|p1a: Ting-Lu\n|-damage|p1a: Ting-Lu|84\/100 slp\n|cant|p1a: Ting-Lu|slp\n|\n|upkeep\n|turn|20\n|inactive|Bram1345 has 60 seconds left.\n|\n|t:|1700398489\n|move|p2a: Ursaluna|Headlong Rush|p1a: Ting-Lu\n|-damage|p1a: Ting-Lu|46\/100 slp\n|-unboost|p2a: Ursaluna|def|1\n|-unboost|p2a: Ursaluna|spd|1\n|cant|p1a: Ting-Lu|slp\n|\n|upkeep\n|turn|21\n|inactive|Bram1345 has 60 seconds left.\n|\n|t:|1700398506\n|-terastallize|p2a: Ursaluna|Ground\n|move|p2a: Ursaluna|Headlong Rush|p1a: Ting-Lu\n|-damage|p1a: Ting-Lu|0 fnt\n|-unboost|p2a: Ursaluna|def|1\n|-unboost|p2a: Ursaluna|spd|1\n|faint|p1a: Ting-Lu\n|\n|upkeep\n|\n|t:|1700398513\n|switch|p1a: Maushold|Maushold-Four, tera:Ghost|100\/100\n|turn|22\n|inactive|Bram1345 has 60 seconds left.\n|\n|t:|1700398533\n|move|p1a: Maushold|Population Bomb|p2a: Ursaluna\n|-damage|p2a: Ursaluna|67\/100\n|-damage|p2a: Ursaluna|53\/100\n|-damage|p2a: Ursaluna|38\/100\n|-damage|p2a: Ursaluna|22\/100\n|-damage|p2a: Ursaluna|7\/100\n|-damage|p2a: Ursaluna|0 fnt\n|faint|p2a: Ursaluna\n|-hitcount|p2: Ursaluna|6\n|\n|upkeep\n|inactive|Bram1345 has 30 seconds left.\n|inactive|Bram1345 has 20 seconds left.\n|inactive|Bram1345 has 15 seconds left.\n|\n|t:|1700398582\n|switch|p2a: Zamazenta|Zamazenta|100\/100\n|-ability|p2a: Zamazenta|Dauntless Shield|boost\n|-boost|p2a: Zamazenta|def|1\n|turn|23\n|inactive|Bram1345 has 25 seconds left this turn.\n|inactive|Bram1345 has 20 seconds left.\n|inactive|CliffyB has 120 seconds left.\n|\n|t:|1700398612\n|switch|p1a: Iron Valiant|Iron Valiant|100\/100\n|-enditem|p1a: Iron Valiant|Booster Energy\n|-activate|p1a: Iron Valiant|ability: Quark Drive|[fromitem]\n|-start|p1a: Iron Valiant|quarkdrivespe\n|move|p2a: Zamazenta|Iron Defense|p2a: Zamazenta\n|-boost|p2a: Zamazenta|def|2\n|\n|upkeep\n|turn|24\n|inactive|Bram1345 has 30 seconds left this turn.\n|inactive|CliffyB has 120 seconds left.\n|inactive|Bram1345 has 20 seconds left.\n|\n|t:|1700398625\n|move|p1a: Iron Valiant|Swords Dance|p1a: Iron Valiant\n|-boost|p1a: Iron Valiant|atk|2\n|move|p2a: Zamazenta|Body Press|p1a: Iron Valiant\n|-resisted|p1a: Iron Valiant\n|-damage|p1a: Iron Valiant|44\/100\n|\n|upkeep\n|turn|25\n|inactive|Bram1345 has 30 seconds left this turn.\n|inactive|CliffyB has 120 seconds left.\n|\n|t:|1700398636\n|move|p1a: Iron Valiant|Destiny Bond|p1a: Iron Valiant\n|-singlemove|p1a: Iron Valiant|Destiny Bond\n|move|p2a: Zamazenta|Body Press|p1a: Iron Valiant\n|-resisted|p1a: Iron Valiant\n|-damage|p1a: Iron Valiant|0 fnt\n|faint|p1a: Iron Valiant\n|-activate|p1a: Iron Valiant|move: Destiny Bond\n|-end|p1a: Iron Valiant|Quark Drive|[silent]\n|faint|p2a: Zamazenta\n|\n|upkeep\n|inactive|Bram1345 has 30 seconds left.\n|\n|t:|1700398647\n|switch|p2a: Dondozo|Dondozo, F|100\/100\n|switch|p1a: Maushold|Maushold-Four, tera:Ghost|100\/100\n|turn|26\n|inactive|Bram1345 has 30 seconds left.\n|\n|t:|1700398656\n|move|p1a: Maushold|Population Bomb|p2a: Dondozo\n|-damage|p2a: Dondozo|95\/100\n|-damage|p2a: Dondozo|90\/100\n|-damage|p2a: Dondozo|84\/100\n|-damage|p2a: Dondozo|79\/100\n|-damage|p2a: Dondozo|73\/100\n|-damage|p2a: Dondozo|68\/100\n|-damage|p2a: Dondozo|63\/100\n|-damage|p2a: Dondozo|58\/100\n|-damage|p2a: Dondozo|52\/100\n|-damage|p2a: Dondozo|47\/100\n|-hitcount|p2a: Dondozo|10\n|move|p2a: Dondozo|Curse|p2a: Dondozo\n|-unboost|p2a: Dondozo|spe|1\n|-boost|p2a: Dondozo|atk|1\n|-boost|p2a: Dondozo|def|1\n|\n|-heal|p2a: Dondozo|53\/100|[from] item: Leftovers\n|upkeep\n|turn|27\n|inactive|Bram1345 has 30 seconds left.\n|\n|t:|1700398669\n|move|p1a: Maushold|Encore|p2a: Dondozo\n|-start|p2a: Dondozo|Encore\n|move|p2a: Dondozo|Curse|p2a: Dondozo\n|-unboost|p2a: Dondozo|spe|1\n|-boost|p2a: Dondozo|atk|1\n|-boost|p2a: Dondozo|def|1\n|\n|-heal|p2a: Dondozo|59\/100|[from] item: Leftovers\n|upkeep\n|turn|28\n|\n|t:|1700398673\n|move|p1a: Maushold|Population Bomb|p2a: Dondozo\n|-damage|p2a: Dondozo|56\/100\n|-damage|p2a: Dondozo|53\/100\n|-damage|p2a: Dondozo|50\/100\n|-damage|p2a: Dondozo|47\/100\n|-damage|p2a: Dondozo|44\/100\n|-damage|p2a: Dondozo|41\/100\n|-damage|p2a: Dondozo|38\/100\n|-damage|p2a: Dondozo|36\/100\n|-damage|p2a: Dondozo|33\/100\n|-damage|p2a: Dondozo|31\/100\n|-hitcount|p2a: Dondozo|10\n|move|p2a: Dondozo|Curse|p2a: Dondozo\n|-unboost|p2a: Dondozo|spe|1\n|-boost|p2a: Dondozo|atk|1\n|-boost|p2a: Dondozo|def|1\n|\n|-heal|p2a: Dondozo|37\/100|[from] item: Leftovers\n|upkeep\n|turn|29\n|c|\u2606Bram1345|gg\n|\n|t:|1700398688\n|move|p1a: Maushold|Population Bomb|p2a: Dondozo\n|-damage|p2a: Dondozo|34\/100\n|-damage|p2a: Dondozo|32\/100\n|-damage|p2a: Dondozo|30\/100\n|-damage|p2a: Dondozo|27\/100\n|-damage|p2a: Dondozo|25\/100\n|-damage|p2a: Dondozo|23\/100\n|-damage|p2a: Dondozo|20\/100\n|-damage|p2a: Dondozo|18\/100\n|-damage|p2a: Dondozo|15\/100\n|-crit|p2a: Dondozo\n|-damage|p2a: Dondozo|7\/100\n|-hitcount|p2a: Dondozo|10\n|move|p2a: Dondozo|Curse|p2a: Dondozo\n|-unboost|p2a: Dondozo|spe|1\n|-boost|p2a: Dondozo|atk|1\n|-boost|p2a: Dondozo|def|1\n|\n|-heal|p2a: Dondozo|14\/100|[from] item: Leftovers\n|-end|p2a: Dondozo|Encore\n|upkeep\n|turn|30\n|c|\u2606CliffyB|gg\n|\n|t:|1700398702\n|move|p1a: Maushold|Encore|p2a: Dondozo\n|-start|p2a: Dondozo|Encore\n|move|p2a: Dondozo|Curse|p2a: Dondozo\n|-unboost|p2a: Dondozo|spe|1\n|-boost|p2a: Dondozo|atk|1\n|-boost|p2a: Dondozo|def|1\n|\n|-heal|p2a: Dondozo|20\/100|[from] item: Leftovers\n|upkeep\n|turn|31\n|\n|t:|1700398710\n|move|p1a: Maushold|Population Bomb|p2a: Dondozo\n|-damage|p2a: Dondozo|18\/100\n|-damage|p2a: Dondozo|16\/100\n|-damage|p2a: Dondozo|14\/100\n|-damage|p2a: Dondozo|13\/100\n|-damage|p2a: Dondozo|11\/100\n|-damage|p2a: Dondozo|9\/100\n|-damage|p2a: Dondozo|8\/100\n|-damage|p2a: Dondozo|6\/100\n|-damage|p2a: Dondozo|4\/100\n|-damage|p2a: Dondozo|3\/100\n|-hitcount|p2a: Dondozo|10\n|move|p2a: Dondozo|Curse|p2a: Dondozo\n|-unboost|p2a: Dondozo|spe|1\n|-boost|p2a: Dondozo|atk|1\n|-boost|p2a: Dondozo|def|1\n|\n|-heal|p2a: Dondozo|9\/100|[from] item: Leftovers\n|upkeep\n|turn|32\n|inactive|Bram1345 has 60 seconds left.\n|\n|t:|1700398720\n|move|p1a: Maushold|Population Bomb|p2a: Dondozo\n|-damage|p2a: Dondozo|7\/100\n|-damage|p2a: Dondozo|6\/100\n|-damage|p2a: Dondozo|5\/100\n|-damage|p2a: Dondozo|3\/100\n|-damage|p2a: Dondozo|2\/100\n|-damage|p2a: Dondozo|0 fnt\n|faint|p2a: Dondozo\n|-hitcount|p2: Dondozo|6\n|\n|win|CliffyB\n|raw|CliffyB's rating: 1442 &rarr; <strong>1461<\/strong><br \/>(+19 for winning)\n|raw|Bram1345's rating: 1430 &rarr; <strong>1411<\/strong><br \/>(-19 for losing)\n|l|\u2606Bram1345\n|l|\u2606CliffyB\n|j|\u2606CliffyB\n|player|p1|CliffyB|fisherman-gen4\n","uploadtime":1700398758,"views":9,"p1id":"cliffyb","p2id":"bram1345","formatid":"gen9ou","rating":1411,"private":0,"password":""}