{"id":"gen9ou-1992582771","p1":"DiaDreams","p2":"ChillLanturnYT","format":"[Gen 9] OU","log":"|j|\u2606DiaDreams\n|j|\u2606ChillLanturnYT\n|t:|1700209797\n|gametype|singles\n|player|p1|DiaDreams|yellow|1196\n|player|p2|ChillLanturnYT|palmer|1204\n|teamsize|p1|6\n|teamsize|p2|6\n|gen|9\n|tier|[Gen 9] OU\n|rated|\n|rule|Sleep Clause Mod: Limit one foe put to sleep\n|rule|Species Clause: Limit one of each Pok\u00e9mon\n|rule|OHKO Clause: OHKO moves are banned\n|rule|Evasion Items Clause: Evasion items are banned\n|rule|Evasion Moves Clause: Evasion moves are banned\n|rule|Endless Battle Clause: Forcing endless battles is banned\n|rule|HP Percentage Mod: HP is shown in percentages\n|clearpoke\n|poke|p1|Kingambit, F|\n|poke|p1|Ogerpon-Wellspring, F|\n|poke|p1|Gholdengo|\n|poke|p1|Ribombee, F|\n|poke|p1|Great Tusk|\n|poke|p1|Iron Moth|\n|poke|p2|Regidrago|\n|poke|p2|Jirachi|\n|poke|p2|Lokix, F|\n|poke|p2|Ribombee, F|\n|poke|p2|Toxapex, M|\n|poke|p2|Cinderace, M|\n|teampreview\n|\n|t:|1700209815\n|start\n|switch|p1a: Ribombee|Ribombee, F|100\/100\n|switch|p2a: Lokix|Lokix, F|100\/100\n|turn|1\n|\n|t:|1700209819\n|move|p2a: Lokix|First Impression|p1a: Ribombee\n|-resisted|p1a: Ribombee\n|-crit|p1a: Ribombee\n|-enditem|p1a: Ribombee|Focus Sash\n|-damage|p1a: Ribombee|1\/100\n|-damage|p2a: Lokix|91\/100|[from] item: Life Orb\n|move|p1a: Ribombee|Stun Spore|p2a: Lokix|[miss]\n|-miss|p1a: Ribombee|p2a: Lokix\n|\n|upkeep\n|turn|2\n|\n|t:|1700209828\n|move|p1a: Ribombee|Sticky Web|p2a: Lokix\n|-sidestart|p2: ChillLanturnYT|move: Sticky Web\n|move|p2a: Lokix|Leech Life|p1a: Ribombee\n|-resisted|p1a: Ribombee\n|-damage|p1a: Ribombee|0 fnt\n|-heal|p2a: Lokix|91\/100|[from] drain|[of] p1a: Ribombee\n|faint|p1a: Ribombee\n|-damage|p2a: Lokix|81\/100|[from] item: Life Orb\n|\n|upkeep\n|\n|t:|1700209837\n|switch|p1a: Iron Moth|Iron Moth|100\/100\n|-enditem|p1a: Iron Moth|Booster Energy\n|-activate|p1a: Iron Moth|ability: Quark Drive|[fromitem]\n|-start|p1a: Iron Moth|quarkdrivespe\n|turn|3\n|\n|t:|1700209845\n|switch|p2a: Toxapex|Toxapex, M|100\/100\n|-activate|p2a: Toxapex|move: Sticky Web\n|-unboost|p2a: Toxapex|spe|1\n|move|p1a: Iron Moth|Substitute|p1a: Iron Moth\n|-start|p1a: Iron Moth|Substitute\n|-damage|p1a: Iron Moth|76\/100\n|\n|upkeep\n|turn|4\n|\n|t:|1700209867\n|move|p1a: Iron Moth|Psychic|p2a: Toxapex\n|-supereffective|p2a: Toxapex\n|-damage|p2a: Toxapex|53\/100\n|move|p2a: Toxapex|Liquidation|p1a: Iron Moth\n|-supereffective|p1a: Iron Moth\n|-end|p1a: Iron Moth|Substitute\n|\n|-heal|p2a: Toxapex|59\/100|[from] item: Leftovers\n|upkeep\n|turn|5\n|\n|t:|1700209879\n|-end|p1a: Iron Moth|Quark Drive|[silent]\n|switch|p1a: Ogerpon|Ogerpon-Wellspring, F|100\/100\n|move|p2a: Toxapex|Liquidation|p1a: Ogerpon\n|-immune|p1a: Ogerpon|[from] ability: Water Absorb\n|\n|-heal|p2a: Toxapex|65\/100|[from] item: Leftovers\n|upkeep\n|turn|6\n|\n|t:|1700209887\n|move|p1a: Ogerpon|Encore|p2a: Toxapex\n|-start|p2a: Toxapex|Encore\n|move|p2a: Toxapex|Liquidation|p1a: Ogerpon\n|-immune|p1a: Ogerpon|[from] ability: Water Absorb\n|\n|-heal|p2a: Toxapex|71\/100|[from] item: Leftovers\n|upkeep\n|turn|7\n|\n|t:|1700209900\n|switch|p2a: Regidrago|Regidrago|100\/100\n|-activate|p2a: Regidrago|move: Sticky Web\n|-unboost|p2a: Regidrago|spe|1\n|move|p1a: Ogerpon|Swords Dance|p1a: Ogerpon\n|-boost|p1a: Ogerpon|atk|2\n|\n|upkeep\n|turn|8\n|\n|t:|1700209909\n|move|p1a: Ogerpon|Ivy Cudgel|p2a: Regidrago|[anim] Ivy Cudgel Water\n|-resisted|p2a: Regidrago\n|-damage|p2a: Regidrago|39\/100\n|move|p2a: Regidrago|Dragon Pulse|p1a: Ogerpon\n|-damage|p1a: Ogerpon|37\/100\n|\n|upkeep\n|turn|9\n|\n|t:|1700209917\n|move|p1a: Ogerpon|Ivy Cudgel|p2a: Regidrago|[anim] Ivy Cudgel Water\n|-resisted|p2a: Regidrago\n|-damage|p2a: Regidrago|0 fnt\n|faint|p2a: Regidrago\n|\n|upkeep\n|\n|t:|1700209919\n|switch|p2a: Lokix|Lokix, F|81\/100\n|-activate|p2a: Lokix|move: Sticky Web\n|-unboost|p2a: Lokix|spe|1\n|turn|10\n|\n|t:|1700209932\n|switch|p1a: Iron Moth|Iron Moth|76\/100\n|move|p2a: Lokix|First Impression|p1a: Iron Moth\n|-resisted|p1a: Iron Moth\n|-damage|p1a: Iron Moth|41\/100\n|-damage|p2a: Lokix|71\/100|[from] item: Life Orb\n|\n|upkeep\n|turn|11\n|\n|t:|1700209939\n|switch|p2a: Toxapex|Toxapex, M|71\/100\n|-activate|p2a: Toxapex|move: Sticky Web\n|-unboost|p2a: Toxapex|spe|1\n|move|p1a: Iron Moth|Fiery Dance|p2a: Toxapex\n|-resisted|p2a: Toxapex\n|-damage|p2a: Toxapex|54\/100\n|\n|-heal|p2a: Toxapex|60\/100|[from] item: Leftovers\n|upkeep\n|turn|12\n|\n|t:|1700209946\n|move|p1a: Iron Moth|Psychic|p2a: Toxapex\n|-supereffective|p2a: Toxapex\n|-crit|p2a: Toxapex\n|-damage|p2a: Toxapex|0 fnt\n|faint|p2a: Toxapex\n|\n|upkeep\n|\n|t:|1700209958\n|switch|p2a: Cinderace|Cinderace, M|100\/100\n|turn|13\n|\n|t:|1700209975\n|move|p2a: Cinderace|Court Change|p2a: Cinderace\n|-start|p2a: Cinderace|typechange|Normal|[from] ability: Libero\n|-swapsideconditions\n|-activate|p2a: Cinderace|move: Court Change\n|move|p1a: Iron Moth|Substitute|p1a: Iron Moth\n|-start|p1a: Iron Moth|Substitute\n|-damage|p1a: Iron Moth|16\/100\n|\n|upkeep\n|turn|14\n|\n|t:|1700209980\n|move|p2a: Cinderace|Pyro Ball|p1a: Iron Moth\n|-resisted|p1a: Iron Moth\n|-end|p1a: Iron Moth|Substitute\n|move|p1a: Iron Moth|Fiery Dance|p2a: Cinderace\n|-damage|p2a: Cinderace|44\/100\n|\n|upkeep\n|turn|15\n|\n|t:|1700210006\n|move|p2a: Cinderace|Pyro Ball|p1a: Iron Moth|[miss]\n|-miss|p2a: Cinderace|p1a: Iron Moth\n|move|p1a: Iron Moth|Fiery Dance|p2a: Cinderace\n|-damage|p2a: Cinderace|0 fnt\n|-boost|p1a: Iron Moth|spa|1\n|faint|p2a: Cinderace\n|\n|upkeep\n|\n|t:|1700210014\n|switch|p2a: Ribombee|Ribombee, F|100\/100\n|turn|16\n|\n|t:|1700210024\n|-terastallize|p2a: Ribombee|Fire\n|move|p1a: Iron Moth|Fiery Dance|p2a: Ribombee\n|-resisted|p2a: Ribombee\n|-crit|p2a: Ribombee\n|-damage|p2a: Ribombee|33\/100\n|move|p2a: Ribombee|Quiver Dance|p2a: Ribombee\n|-boost|p2a: Ribombee|spa|1\n|-boost|p2a: Ribombee|spd|1\n|-boost|p2a: Ribombee|spe|1\n|\n|upkeep\n|turn|17\n|\n|t:|1700210037\n|move|p2a: Ribombee|Stored Power|p1a: Iron Moth\n|-supereffective|p1a: Iron Moth\n|-damage|p1a: Iron Moth|0 fnt\n|faint|p1a: Iron Moth\n|-end|p1a: Iron Moth|Quark Drive|[silent]\n|\n|upkeep\n|c|\u2606DiaDreams|I saw your rain video yesterday, just realised where your name was from, it seemed familiar\n|c|\u2606DiaDreams|o\/\n|\n|t:|1700210045\n|switch|p1a: Ogerpon|Ogerpon-Wellspring, F|37\/100\n|-activate|p1a: Ogerpon|move: Sticky Web\n|-unboost|p1a: Ogerpon|spe|1\n|turn|18\n|\n|t:|1700210050\n|move|p2a: Ribombee|Draining Kiss|p1a: Ogerpon\n|-damage|p1a: Ogerpon|9\/100\n|-heal|p2a: Ribombee|53\/100|[from] drain|[of] p1a: Ogerpon\n|move|p1a: Ogerpon|Ivy Cudgel|p2a: Ribombee|[anim] Ivy Cudgel Water\n|-supereffective|p2a: Ribombee\n|-damage|p2a: Ribombee|0 fnt\n|faint|p2a: Ribombee\n|\n|upkeep\n|\n|t:|1700210057\n|switch|p2a: Lokix|Lokix, F|71\/100\n|turn|19\n|\n|t:|1700210064\n|move|p2a: Lokix|Leech Life|p1a: Ogerpon\n|-supereffective|p1a: Ogerpon\n|-damage|p1a: Ogerpon|0 fnt\n|-heal|p2a: Lokix|76\/100|[from] drain|[of] p1a: Ogerpon\n|faint|p1a: Ogerpon\n|-damage|p2a: Lokix|66\/100|[from] item: Life Orb\n|\n|upkeep\n|\n|t:|1700210071\n|switch|p1a: Gholdengo|Gholdengo|100\/100\n|-item|p1a: Gholdengo|Air Balloon\n|turn|20\n|\n|t:|1700210079\n|-terastallize|p1a: Gholdengo|Dark\n|move|p2a: Lokix|Sucker Punch|p1a: Gholdengo\n|-resisted|p1a: Gholdengo\n|-damage|p1a: Gholdengo|51\/100\n|-enditem|p1a: Gholdengo|Air Balloon\n|-damage|p2a: Lokix|56\/100|[from] item: Life Orb\n|move|p1a: Gholdengo|Make It Rain|p2a: Lokix\n|-damage|p2a: Lokix|0 fnt\n|-unboost|p1a: Gholdengo|spa|1\n|faint|p2a: Lokix\n|\n|upkeep\n|\n|t:|1700210083\n|switch|p2a: Jirachi|Jirachi|100\/100\n|turn|21\n|\n|t:|1700210090\n|move|p1a: Gholdengo|Shadow Ball|p2a: Jirachi\n|-supereffective|p2a: Jirachi\n|-damage|p2a: Jirachi|68\/100\n|move|p2a: Jirachi|Cosmic Power|p2a: Jirachi\n|-boost|p2a: Jirachi|def|1\n|-boost|p2a: Jirachi|spd|1\n|\n|-heal|p2a: Jirachi|74\/100|[from] item: Leftovers\n|upkeep\n|turn|22\n|\n|t:|1700210096\n|move|p1a: Gholdengo|Shadow Ball|p2a: Jirachi\n|-supereffective|p2a: Jirachi\n|-damage|p2a: Jirachi|50\/100\n|-unboost|p2a: Jirachi|spd|1\n|move|p2a: Jirachi|Wish|p2a: Jirachi\n|\n|-heal|p2a: Jirachi|56\/100|[from] item: Leftovers\n|upkeep\n|turn|23\n|\n|t:|1700210102\n|move|p1a: Gholdengo|Nasty Plot|p1a: Gholdengo\n|-boost|p1a: Gholdengo|spa|2\n|move|p2a: Jirachi|Cosmic Power|p2a: Jirachi\n|-boost|p2a: Jirachi|def|1\n|-boost|p2a: Jirachi|spd|1\n|\n|-heal|p2a: Jirachi|100\/100|[from] move: Wish|[wisher] Jirachi\n|upkeep\n|turn|24\n|\n|t:|1700210107\n|move|p1a: Gholdengo|Focus Blast|p2a: Jirachi|[miss]\n|-miss|p1a: Gholdengo|p2a: Jirachi\n|move|p2a: Jirachi|Cosmic Power|p2a: Jirachi\n|-boost|p2a: Jirachi|def|1\n|-boost|p2a: Jirachi|spd|1\n|\n|upkeep\n|turn|25\n|\n|t:|1700210114\n|move|p1a: Gholdengo|Shadow Ball|p2a: Jirachi\n|-supereffective|p2a: Jirachi\n|-damage|p2a: Jirachi|63\/100\n|move|p2a: Jirachi|Cosmic Power|p2a: Jirachi\n|-boost|p2a: Jirachi|def|1\n|-boost|p2a: Jirachi|spd|1\n|\n|-heal|p2a: Jirachi|70\/100|[from] item: Leftovers\n|upkeep\n|turn|26\n|\n|t:|1700210120\n|move|p1a: Gholdengo|Shadow Ball|p2a: Jirachi\n|-supereffective|p2a: Jirachi\n|-damage|p2a: Jirachi|38\/100\n|move|p2a: Jirachi|Charge Beam|p1a: Gholdengo|[miss]\n|-miss|p2a: Jirachi|p1a: Gholdengo\n|\n|-heal|p2a: Jirachi|44\/100|[from] item: Leftovers\n|upkeep\n|turn|27\n|\n|t:|1700210125\n|move|p1a: Gholdengo|Shadow Ball|p2a: Jirachi\n|-supereffective|p2a: Jirachi\n|-damage|p2a: Jirachi|11\/100\n|-unboost|p2a: Jirachi|spd|1\n|move|p2a: Jirachi|Wish|p2a: Jirachi\n|\n|-heal|p2a: Jirachi|18\/100|[from] item: Leftovers\n|upkeep\n|turn|28\n|\n|t:|1700210137\n|switch|p1a: Kingambit|Kingambit, F|100\/100\n|-activate|p1a: Kingambit|move: Sticky Web\n|-unboost|p1a: Kingambit|spe|1\n|-activate|p1a: Kingambit|ability: Supreme Overlord\n|-start|p1a: Kingambit|fallen3|[silent]\n|move|p2a: Jirachi|Charge Beam|p1a: Kingambit\n|-damage|p1a: Kingambit|88\/100\n|-boost|p2a: Jirachi|spa|1\n|\n|-heal|p2a: Jirachi|68\/100|[from] move: Wish|[wisher] Jirachi\n|-heal|p2a: Jirachi|74\/100|[from] item: Leftovers\n|-heal|p1a: Kingambit|94\/100|[from] item: Leftovers\n|upkeep\n|turn|29\n|\n|t:|1700210147\n|move|p2a: Jirachi|Charge Beam|p1a: Kingambit\n|-damage|p1a: Kingambit|75\/100\n|-boost|p2a: Jirachi|spa|1\n|move|p1a: Kingambit|Iron Head|p2a: Jirachi\n|-resisted|p2a: Jirachi\n|-crit|p2a: Jirachi\n|-damage|p2a: Jirachi|34\/100\n|\n|-heal|p2a: Jirachi|41\/100|[from] item: Leftovers\n|-heal|p1a: Kingambit|81\/100|[from] item: Leftovers\n|upkeep\n|turn|30\n|\n|t:|1700210157\n|move|p1a: Kingambit|Sucker Punch||[still]\n|-fail|p1a: Kingambit\n|move|p2a: Jirachi|Wish|p2a: Jirachi\n|\n|-heal|p2a: Jirachi|47\/100|[from] item: Leftovers\n|-heal|p1a: Kingambit|87\/100|[from] item: Leftovers\n|upkeep\n|turn|31\n|\n|t:|1700210163\n|move|p2a: Jirachi|Cosmic Power|p2a: Jirachi\n|-boost|p2a: Jirachi|def|1\n|-boost|p2a: Jirachi|spd|1\n|move|p1a: Kingambit|Iron Head|p2a: Jirachi\n|-resisted|p2a: Jirachi\n|-damage|p2a: Jirachi|39\/100\n|\n|-heal|p2a: Jirachi|89\/100|[from] move: Wish|[wisher] Jirachi\n|-heal|p2a: Jirachi|96\/100|[from] item: Leftovers\n|-heal|p1a: Kingambit|94\/100|[from] item: Leftovers\n|upkeep\n|turn|32\n|\n|t:|1700210168\n|move|p2a: Jirachi|Wish|p2a: Jirachi\n|move|p1a: Kingambit|Kowtow Cleave|p2a: Jirachi\n|-supereffective|p2a: Jirachi\n|-damage|p2a: Jirachi|66\/100\n|\n|-heal|p2a: Jirachi|72\/100|[from] item: Leftovers\n|-heal|p1a: Kingambit|99\/100|[from] item: Leftovers\n|upkeep\n|turn|33\n|\n|t:|1700210174\n|move|p2a: Jirachi|Charge Beam|p1a: Kingambit\n|-damage|p1a: Kingambit|75\/100\n|-boost|p2a: Jirachi|spa|1\n|move|p1a: Kingambit|Kowtow Cleave|p2a: Jirachi\n|-supereffective|p2a: Jirachi\n|-damage|p2a: Jirachi|43\/100\n|\n|-heal|p2a: Jirachi|93\/100|[from] move: Wish|[wisher] Jirachi\n|-heal|p2a: Jirachi|99\/100|[from] item: Leftovers\n|-heal|p1a: Kingambit|82\/100|[from] item: Leftovers\n|upkeep\n|turn|34\n|c|\u2606DiaDreams|WHAT IS THIS BEING\n|\n|t:|1700210189\n|move|p2a: Jirachi|Charge Beam|p1a: Kingambit\n|-damage|p1a: Kingambit|53\/100\n|-boost|p2a: Jirachi|spa|1\n|move|p1a: Kingambit|Kowtow Cleave|p2a: Jirachi\n|-supereffective|p2a: Jirachi\n|-damage|p2a: Jirachi|68\/100\n|\n|-heal|p2a: Jirachi|75\/100|[from] item: Leftovers\n|-heal|p1a: Kingambit|59\/100|[from] item: Leftovers\n|upkeep\n|turn|35\n|c|\u2606ChillLanturnYT|A being off nightmares\n|c|\u2606DiaDreams|I can't break this\n|c|\u2606DiaDreams|holy\n|\n|t:|1700210202\n|move|p2a: Jirachi|Wish|p2a: Jirachi\n|move|p1a: Kingambit|Kowtow Cleave|p2a: Jirachi\n|-supereffective|p2a: Jirachi\n|-damage|p2a: Jirachi|41\/100\n|\n|-heal|p2a: Jirachi|48\/100|[from] item: Leftovers\n|-heal|p1a: Kingambit|65\/100|[from] item: Leftovers\n|upkeep\n|turn|36\n|\n|t:|1700210208\n|move|p2a: Jirachi|Cosmic Power|p2a: Jirachi\n|-boost|p2a: Jirachi|def|1\n|-boost|p2a: Jirachi|spd|1\n|move|p1a: Kingambit|Kowtow Cleave|p2a: Jirachi\n|-supereffective|p2a: Jirachi\n|-damage|p2a: Jirachi|20\/100\n|\n|-heal|p2a: Jirachi|70\/100|[from] move: Wish|[wisher] Jirachi\n|-heal|p2a: Jirachi|76\/100|[from] item: Leftovers\n|-heal|p1a: Kingambit|71\/100|[from] item: Leftovers\n|upkeep\n|turn|37\n|\n|t:|1700210216\n|move|p2a: Jirachi|Wish|p2a: Jirachi\n|move|p1a: Kingambit|Kowtow Cleave|p2a: Jirachi\n|-supereffective|p2a: Jirachi\n|-damage|p2a: Jirachi|51\/100\n|\n|-heal|p2a: Jirachi|57\/100|[from] item: Leftovers\n|-heal|p1a: Kingambit|78\/100|[from] item: Leftovers\n|upkeep\n|turn|38\n|\n|t:|1700210225\n|move|p2a: Jirachi|Charge Beam|p1a: Kingambit\n|-damage|p1a: Kingambit|41\/100\n|-boost|p2a: Jirachi|spa|1\n|move|p1a: Kingambit|Kowtow Cleave|p2a: Jirachi\n|-supereffective|p2a: Jirachi\n|-damage|p2a: Jirachi|31\/100\n|\n|-heal|p2a: Jirachi|81\/100|[from] move: Wish|[wisher] Jirachi\n|-heal|p2a: Jirachi|87\/100|[from] item: Leftovers\n|-heal|p1a: Kingambit|48\/100|[from] item: Leftovers\n|upkeep\n|turn|39\n|\n|t:|1700210237\n|move|p2a: Jirachi|Wish|p2a: Jirachi\n|move|p1a: Kingambit|Kowtow Cleave|p2a: Jirachi\n|-supereffective|p2a: Jirachi\n|-damage|p2a: Jirachi|59\/100\n|\n|-heal|p2a: Jirachi|65\/100|[from] item: Leftovers\n|-heal|p1a: Kingambit|54\/100|[from] item: Leftovers\n|upkeep\n|turn|40\n|\n|t:|1700210241\n|move|p2a: Jirachi|Charge Beam|p1a: Kingambit|[miss]\n|-miss|p2a: Jirachi|p1a: Kingambit\n|move|p1a: Kingambit|Kowtow Cleave|p2a: Jirachi\n|-supereffective|p2a: Jirachi\n|-damage|p2a: Jirachi|38\/100\n|\n|-heal|p2a: Jirachi|88\/100|[from] move: Wish|[wisher] Jirachi\n|-heal|p2a: Jirachi|94\/100|[from] item: Leftovers\n|-heal|p1a: Kingambit|60\/100|[from] item: Leftovers\n|upkeep\n|turn|41\n|\n|t:|1700210246\n|move|p2a: Jirachi|Charge Beam|p1a: Kingambit\n|-damage|p1a: Kingambit|19\/100\n|-boost|p2a: Jirachi|spa|1\n|move|p1a: Kingambit|Kowtow Cleave|p2a: Jirachi\n|-supereffective|p2a: Jirachi\n|-damage|p2a: Jirachi|66\/100\n|\n|-heal|p2a: Jirachi|72\/100|[from] item: Leftovers\n|-heal|p1a: Kingambit|25\/100|[from] item: Leftovers\n|upkeep\n|turn|42\n|\n|t:|1700210253\n|-end|p1a: Kingambit|fallen3|[silent]\n|switch|p1a: Great Tusk|Great Tusk|100\/100\n|-activate|p1a: Great Tusk|move: Sticky Web\n|-unboost|p1a: Great Tusk|spe|1\n|move|p2a: Jirachi|Wish|p2a: Jirachi\n|\n|-heal|p2a: Jirachi|78\/100|[from] item: Leftovers\n|upkeep\n|turn|43\n|\n|t:|1700210260\n|move|p2a: Jirachi|Stored Power|p1a: Great Tusk\n|-supereffective|p1a: Great Tusk\n|-damage|p1a: Great Tusk|0 fnt\n|faint|p1a: Great Tusk\n|-end|p1a: Great Tusk|Protosynthesis|[silent]\n|\n|-heal|p2a: Jirachi|100\/100|[from] move: Wish|[wisher] Jirachi\n|upkeep\n|\n|t:|1700210264\n|switch|p1a: Gholdengo|Gholdengo, tera:Dark|51\/100\n|-activate|p1a: Gholdengo|move: Sticky Web\n|-unboost|p1a: Gholdengo|spe|1\n|turn|44\n|\n|t:|1700210269\n|move|p2a: Jirachi|Charge Beam|p1a: Gholdengo\n|-damage|p1a: Gholdengo|1\/100\n|move|p1a: Gholdengo|Shadow Ball|p2a: Jirachi\n|-supereffective|p2a: Jirachi\n|-damage|p2a: Jirachi|82\/100\n|\n|-heal|p2a: Jirachi|88\/100|[from] item: Leftovers\n|upkeep\n|turn|45\n|\n|t:|1700210275\n|move|p2a: Jirachi|Charge Beam|p1a: Gholdengo\n|-damage|p1a: Gholdengo|0 fnt\n|faint|p1a: Gholdengo\n|\n|-heal|p2a: Jirachi|95\/100|[from] item: Leftovers\n|upkeep\n|\n|t:|1700210278\n|switch|p1a: Kingambit|Kingambit, F|25\/100\n|-activate|p1a: Kingambit|move: Sticky Web\n|-unboost|p1a: Kingambit|spe|1\n|-activate|p1a: Kingambit|ability: Supreme Overlord\n|-start|p1a: Kingambit|fallen5|[silent]\n|turn|46\n|c|\u2606ChillLanturnYT|gg :)\n|c|\u2606DiaDreams|I thought O had this game\n|c|\u2606DiaDreams|ggs <3\n|\n|t:|1700210291\n|move|p2a: Jirachi|Charge Beam|p1a: Kingambit\n|-damage|p1a: Kingambit|0 fnt\n|faint|p1a: Kingambit\n|-end|p1a: Kingambit|fallen5|[silent]\n|\n|win|ChillLanturnYT\n|raw|DiaDreams's rating: 1196 &rarr; <strong>1172<\/strong><br \/>(-24 for losing)\n|raw|ChillLanturnYT's rating: 1204 &rarr; <strong>1228<\/strong><br \/>(+24 for winning)\n|c|\u2606ChillLanturnYT|So did I xD\n|c|\u2606DiaDreams|got gimmicked by my favorite mon\n|c|\u2606DiaDreams|such is life\n|c|\u2606DiaDreams|have fun next :)\n|c|\u2606ChillLanturnYT|You too!\n|c|\u2606ChillLanturnYT|say hi to YouTube :)\n|c|\u2606DiaDreams|yeah after that you deserve it\n|c|\u2606DiaDreams|o\/ youtube\n|l|\u2606DiaDreams\n|c|\u2606ChillLanturnYT|\ud83d\ude01 thank you!\n","uploadtime":1700210305,"views":10,"p1id":"diadreams","p2id":"chilllanturnyt","formatid":"gen9ou","rating":1172,"private":0,"password":""}