{"id":"gen9ou-1989240468","p1":"reggisterh","p2":"EpiclyEpicGamerW","format":"[Gen 9] OU","log":"|j|\u2606reggisterh\n|j|\u2606EpiclyEpicGamerW\n|t:|1699826962\n|gametype|singles\n|player|p1|reggisterh|jogger|1542\n|player|p2|EpiclyEpicGamerW|red-masters|1443\n|teamsize|p1|6\n|teamsize|p2|6\n|gen|9\n|tier|[Gen 9] OU\n|rated|\n|rule|Sleep Clause Mod: Limit one foe put to sleep\n|rule|Species Clause: Limit one of each Pok\u00e9mon\n|rule|OHKO Clause: OHKO moves are banned\n|rule|Evasion Items Clause: Evasion items are banned\n|rule|Evasion Moves Clause: Evasion moves are banned\n|rule|Endless Battle Clause: Forcing endless battles is banned\n|rule|HP Percentage Mod: HP is shown in percentages\n|clearpoke\n|poke|p1|Cinderace, M|\n|poke|p1|Garganacl, M|\n|poke|p1|Garchomp, F|\n|poke|p1|Alomomola, F|\n|poke|p1|Kingambit, F|\n|poke|p1|Cresselia, F|\n|poke|p2|Alomomola, F|\n|poke|p2|Slowking-Galar, F|\n|poke|p2|Kingambit, F|\n|poke|p2|Great Tusk|\n|poke|p2|Cinderace, F|\n|poke|p2|Thundurus-Therian, M|\n|teampreview\n|inactive|Battle timer is ON: inactive players will automatically lose when time's up. (requested by EpiclyEpicGamerW)\n|\n|t:|1699826989\n|start\n|switch|p1a: Garganacl|Garganacl, M|100\/100\n|switch|p2a: Slowking|Slowking-Galar, F|100\/100\n|turn|1\n|\n|t:|1699826995\n|move|p1a: Garganacl|Earthquake|p2a: Slowking\n|-supereffective|p2a: Slowking\n|-damage|p2a: Slowking|50\/100\n|move|p2a: Slowking|Future Sight|p1a: Garganacl\n|-start|p2a: Slowking|move: Future Sight\n|\n|upkeep\n|turn|2\n|\n|t:|1699827006\n|switch|p2a: Great Tusk|Great Tusk|100\/100\n|move|p1a: Garganacl|Salt Cure|p2a: Great Tusk\n|-resisted|p2a: Great Tusk\n|-damage|p2a: Great Tusk|98\/100\n|-start|p2a: Great Tusk|Salt Cure\n|\n|-damage|p2a: Great Tusk|86\/100|[from] Salt Cure\n|upkeep\n|turn|3\n|\n|t:|1699827015\n|switch|p1a: Cresselia|Cresselia, F|100\/100\n|move|p2a: Great Tusk|Headlong Rush|p1a: Cresselia\n|-immune|p1a: Cresselia|[from] ability: Levitate\n|\n|-end|p1a: Cresselia|move: Future Sight\n|-resisted|p1a: Cresselia\n|-damage|p1a: Cresselia|86\/100\n|-damage|p2a: Great Tusk|73\/100|[from] Salt Cure\n|upkeep\n|turn|4\n|l|\u2606EpiclyEpicGamerW\n|inactive|EpiclyEpicGamerW disconnected and has a minute to reconnect!\n|player|p2|\n|j|\u2606EpiclyEpicGamerW\n|inactive|EpiclyEpicGamerW reconnected and has 125 seconds left.\n|player|p2|EpiclyEpicGamerW|red-masters\n|inactive|EpiclyEpicGamerW has 120 seconds left.\n|\n|t:|1699827051\n|-end|p2a: Great Tusk|Protosynthesis|[silent]\n|switch|p2a: Kingambit|Kingambit, F|100\/100\n|switch|p1a: Garchomp|Garchomp, F|100\/100\n|\n|upkeep\n|turn|5\n|inactive|EpiclyEpicGamerW has 120 seconds left.\n|\n|t:|1699827061\n|-end|p2a: Kingambit|fallenundefined|[silent]\n|switch|p2a: Thundurus|Thundurus-Therian, M|100\/100\n|move|p1a: Garchomp|Earthquake|p2a: Thundurus\n|-immune|p2a: Thundurus\n|\n|upkeep\n|turn|6\n|\n|t:|1699827068\n|-terastallize|p2a: Thundurus|Flying\n|move|p1a: Garchomp|Scale Shot|p2a: Thundurus|[miss]\n|-miss|p1a: Garchomp|p2a: Thundurus\n|move|p2a: Thundurus|Tera Blast|p1a: Garchomp|[anim] Tera Blast Flying\n|-damage|p1a: Garchomp|0 fnt\n|faint|p1a: Garchomp\n|\n|upkeep\n|\n|t:|1699827076\n|switch|p1a: Garganacl|Garganacl, M|100\/100\n|turn|7\n|inactive|EpiclyEpicGamerW has 120 seconds left.\n|\n|t:|1699827101\n|switch|p2a: Alomomola|Alomomola, F|100\/100\n|move|p1a: Garganacl|Salt Cure|p2a: Alomomola\n|-damage|p2a: Alomomola|92\/100\n|-start|p2a: Alomomola|Salt Cure\n|\n|-damage|p2a: Alomomola|67\/100|[from] Salt Cure\n|upkeep\n|turn|8\n|inactive|EpiclyEpicGamerW has 120 seconds left.\n|\n|t:|1699827110\n|move|p2a: Alomomola|Flip Turn|p1a: Garganacl\n|-supereffective|p1a: Garganacl\n|-damage|p1a: Garganacl|82\/100\n|inactive|EpiclyEpicGamerW has 120 seconds left.\n|\n|t:|1699827119\n|switch|p2a: Great Tusk|Great Tusk|73\/100|[from] Flip Turn\n|move|p1a: Garganacl|Curse|p1a: Garganacl\n|-unboost|p1a: Garganacl|spe|1\n|-boost|p1a: Garganacl|atk|1\n|-boost|p1a: Garganacl|def|1\n|\n|-heal|p1a: Garganacl|88\/100|[from] item: Leftovers\n|upkeep\n|turn|9\n|\n|t:|1699827126\n|move|p2a: Great Tusk|Stealth Rock|p1a: Garganacl\n|-sidestart|p1: reggisterh|move: Stealth Rock\n|move|p1a: Garganacl|Salt Cure|p2a: Great Tusk\n|-resisted|p2a: Great Tusk\n|-damage|p2a: Great Tusk|70\/100\n|-start|p2a: Great Tusk|Salt Cure\n|\n|-heal|p1a: Garganacl|95\/100|[from] item: Leftovers\n|-damage|p2a: Great Tusk|57\/100|[from] Salt Cure\n|upkeep\n|turn|10\n|\n|t:|1699827132\n|switch|p1a: Cresselia|Cresselia, F|86\/100\n|-damage|p1a: Cresselia|73\/100|[from] Stealth Rock\n|move|p2a: Great Tusk|Headlong Rush|p1a: Cresselia\n|-immune|p1a: Cresselia|[from] ability: Levitate\n|\n|-damage|p2a: Great Tusk|45\/100|[from] Salt Cure\n|upkeep\n|turn|11\n|\n|t:|1699827139\n|-end|p2a: Great Tusk|Protosynthesis|[silent]\n|switch|p2a: Kingambit|Kingambit, F|100\/100\n|move|p1a: Cresselia|Moonblast|p2a: Kingambit\n|-damage|p2a: Kingambit|84\/100\n|\n|-heal|p2a: Kingambit|90\/100|[from] item: Leftovers\n|upkeep\n|turn|12\n|\n|t:|1699827155\n|switch|p1a: Alomomola|Alomomola, F|100\/100\n|-damage|p1a: Alomomola|88\/100|[from] Stealth Rock\n|-end|p2a: Kingambit|fallenundefined|[silent]\n|switch|p2a: Thundurus|Thundurus-Therian, M, tera:Flying|100\/100\n|\n|upkeep\n|turn|13\n|\n|t:|1699827160\n|switch|p1a: Garganacl|Garganacl, M|95\/100\n|-damage|p1a: Garganacl|82\/100|[from] Stealth Rock\n|move|p2a: Thundurus|Volt Switch|p1a: Garganacl\n|-damage|p1a: Garganacl|36\/100\n|\n|t:|1699827172\n|switch|p2a: Kingambit|Kingambit, F|90\/100|[from] Volt Switch\n|\n|-heal|p2a: Kingambit|96\/100|[from] item: Leftovers\n|-heal|p1a: Garganacl|42\/100|[from] item: Leftovers\n|upkeep\n|turn|14\n|\n|t:|1699827179\n|move|p2a: Kingambit|Iron Head|p1a: Garganacl\n|-supereffective|p1a: Garganacl\n|-damage|p1a: Garganacl|0 fnt\n|faint|p1a: Garganacl\n|\n|-heal|p2a: Kingambit|100\/100|[from] item: Leftovers\n|upkeep\n|\n|t:|1699827181\n|switch|p1a: Cinderace|Cinderace, M|100\/100\n|turn|15\n|\n|t:|1699827194\n|-end|p2a: Kingambit|fallenundefined|[silent]\n|switch|p2a: Alomomola|Alomomola, F|99\/100\n|move|p1a: Cinderace|Court Change|p1a: Cinderace\n|-start|p1a: Cinderace|typechange|Normal|[from] ability: Libero\n|-swapsideconditions\n|-activate|p1a: Cinderace|move: Court Change\n|\n|upkeep\n|turn|16\n|\n|t:|1699827200\n|move|p1a: Cinderace|Will-O-Wisp|p2a: Alomomola\n|-status|p2a: Alomomola|brn\n|move|p2a: Alomomola|Scald|p1a: Cinderace\n|-damage|p1a: Cinderace|85\/100\n|-status|p1a: Cinderace|brn\n|\n|-damage|p1a: Cinderace|79\/100 brn|[from] brn\n|-damage|p2a: Alomomola|94\/100 brn|[from] brn\n|upkeep\n|turn|17\n|\n|t:|1699827209\n|move|p1a: Cinderace|U-turn|p2a: Alomomola\n|-damage|p2a: Alomomola|88\/100 brn\n|\n|t:|1699827212\n|switch|p1a: Cresselia|Cresselia, F|73\/100|[from] U-turn\n|move|p2a: Alomomola|Wish|p2a: Alomomola\n|\n|-damage|p2a: Alomomola|82\/100 brn|[from] brn\n|upkeep\n|turn|18\n|\n|t:|1699827224\n|switch|p2a: Kingambit|Kingambit, F|100\/100\n|-damage|p2a: Kingambit|94\/100|[from] Stealth Rock\n|move|p1a: Cresselia|Moonblast|p2a: Kingambit\n|-damage|p2a: Kingambit|77\/100\n|\n|-heal|p2a: Kingambit|100\/100|[from] move: Wish|[wisher] Alomomola\n|upkeep\n|turn|19\n|\n|t:|1699827240\n|switch|p1a: Alomomola|Alomomola, F|100\/100\n|move|p2a: Kingambit|Kowtow Cleave|p1a: Alomomola\n|-damage|p1a: Alomomola|72\/100\n|-enditem|p1a: Alomomola|Red Card|[of] p2a: Kingambit\n|-end|p2a: Kingambit|fallenundefined|[silent]\n|drag|p2a: Thundurus|Thundurus-Therian, M, tera:Flying|100\/100\n|-damage|p2a: Thundurus|76\/100|[from] Stealth Rock\n|\n|upkeep\n|turn|20\n|\n|t:|1699827254\n|switch|p1a: Cinderace|Cinderace, M|79\/100 brn\n|move|p2a: Thundurus|Volt Switch|p1a: Cinderace\n|-damage|p1a: Cinderace|9\/100 brn\n|\n|t:|1699827266\n|switch|p2a: Great Tusk|Great Tusk|45\/100|[from] Volt Switch\n|-damage|p2a: Great Tusk|42\/100|[from] Stealth Rock\n|\n|-damage|p1a: Cinderace|3\/100 brn|[from] brn\n|upkeep\n|turn|21\n|\n|t:|1699827276\n|move|p1a: Cinderace|Pyro Ball|p2a: Great Tusk\n|-damage|p2a: Great Tusk|25\/100\n|move|p2a: Great Tusk|Rapid Spin|p1a: Cinderace\n|-damage|p1a: Cinderace|0 fnt\n|-boost|p2a: Great Tusk|spe|1\n|-sideend|p2: EpiclyEpicGamerW|Stealth Rock|[from] move: Rapid Spin|[of] p2a: Great Tusk\n|faint|p1a: Cinderace\n|\n|upkeep\n|\n|t:|1699827281\n|switch|p1a: Cresselia|Cresselia, F|73\/100\n|turn|22\n|\n|t:|1699827288\n|-end|p2a: Great Tusk|Protosynthesis|[silent]\n|switch|p2a: Kingambit|Kingambit, F|100\/100\n|move|p1a: Cresselia|Moonblast|p2a: Kingambit\n|-damage|p2a: Kingambit|85\/100\n|-unboost|p2a: Kingambit|spa|1\n|\n|-heal|p2a: Kingambit|91\/100|[from] item: Leftovers\n|upkeep\n|turn|23\n|\n|t:|1699827295\n|switch|p1a: Alomomola|Alomomola, F|100\/100\n|move|p2a: Kingambit|Kowtow Cleave|p1a: Alomomola\n|-damage|p1a: Alomomola|70\/100\n|\n|-heal|p2a: Kingambit|98\/100|[from] item: Leftovers\n|upkeep\n|turn|24\n|\n|t:|1699827302\n|-end|p2a: Kingambit|fallenundefined|[silent]\n|switch|p2a: Slowking|Slowking-Galar, F|83\/100\n|move|p1a: Alomomola|Scald|p2a: Slowking\n|-damage|p2a: Slowking|75\/100\n|-status|p2a: Slowking|brn\n|\n|-damage|p2a: Slowking|68\/100 brn|[from] brn\n|upkeep\n|turn|25\n|\n|t:|1699827310\n|move|p1a: Alomomola|Wish|p1a: Alomomola\n|move|p2a: Slowking|Chilly Reception|p2a: Slowking\n|-weather|Snow\n|\n|t:|1699827315\n|switch|p2a: Thundurus|Thundurus-Therian, M, tera:Flying|76\/100|[from] Chilly Reception\n|\n|-weather|Snow|[upkeep]\n|upkeep\n|turn|26\n|\n|t:|1699827321\n|switch|p1a: Cresselia|Cresselia, F|73\/100\n|move|p2a: Thundurus|Tera Blast|p1a: Cresselia|[anim] Tera Blast Flying\n|-damage|p1a: Cresselia|14\/100\n|\n|-weather|Snow|[upkeep]\n|-heal|p1a: Cresselia|67\/100|[from] move: Wish|[wisher] Alomomola\n|upkeep\n|turn|27\n|\n|t:|1699827333\n|switch|p2a: Kingambit|Kingambit, F|98\/100\n|move|p1a: Cresselia|Moonblast|p2a: Kingambit\n|-crit|p2a: Kingambit\n|-damage|p2a: Kingambit|71\/100\n|\n|-weather|Snow|[upkeep]\n|-heal|p2a: Kingambit|77\/100|[from] item: Leftovers\n|upkeep\n|turn|28\n|\n|t:|1699827344\n|switch|p1a: Alomomola|Alomomola, F|100\/100\n|move|p2a: Kingambit|Kowtow Cleave|p1a: Alomomola\n|-damage|p1a: Alomomola|69\/100\n|\n|-weather|Snow|[upkeep]\n|-heal|p2a: Kingambit|83\/100|[from] item: Leftovers\n|upkeep\n|turn|29\n|\n|t:|1699827353\n|-end|p2a: Kingambit|fallenundefined|[silent]\n|switch|p2a: Slowking|Slowking-Galar, F|100\/100 brn\n|move|p1a: Alomomola|Flip Turn|p2a: Slowking\n|-damage|p2a: Slowking|84\/100 brn\n|\n|t:|1699827357\n|switch|p1a: Kingambit|Kingambit, F|100\/100|[from] Flip Turn\n|-activate|p1a: Kingambit|ability: Supreme Overlord\n|-start|p1a: Kingambit|fallen3|[silent]\n|\n|-weather|none\n|-damage|p2a: Slowking|78\/100 brn|[from] brn\n|upkeep\n|turn|30\n|\n|t:|1699827368\n|switch|p2a: Great Tusk|Great Tusk|25\/100\n|move|p1a: Kingambit|Swords Dance|p1a: Kingambit\n|-boost|p1a: Kingambit|atk|2\n|\n|upkeep\n|turn|31\n|\n|t:|1699827374\n|-terastallize|p1a: Kingambit|Flying\n|move|p2a: Great Tusk|Headlong Rush|p1a: Kingambit\n|-immune|p1a: Kingambit\n|move|p1a: Kingambit|Iron Head|p2a: Great Tusk\n|-crit|p2a: Great Tusk\n|-damage|p2a: Great Tusk|0 fnt\n|-damage|p1a: Kingambit|84\/100|[from] item: Rocky Helmet|[of] p2a: Great Tusk\n|faint|p2a: Great Tusk\n|-end|p2a: Great Tusk|Protosynthesis|[silent]\n|\n|-heal|p1a: Kingambit|90\/100|[from] item: Leftovers\n|upkeep\n|\n|t:|1699827379\n|switch|p2a: Cinderace|Cinderace, F|100\/100\n|turn|32\n|\n|t:|1699827391\n|move|p2a: Cinderace|Will-O-Wisp|p1a: Kingambit\n|-status|p1a: Kingambit|brn\n|move|p1a: Kingambit|Low Kick|p2a: Cinderace\n|-damage|p2a: Cinderace|60\/100\n|\n|-heal|p1a: Kingambit|96\/100 brn|[from] item: Leftovers\n|-damage|p1a: Kingambit|90\/100 brn|[from] brn\n|upkeep\n|turn|33\n|\n|t:|1699827396\n|move|p2a: Cinderace|Pyro Ball|p1a: Kingambit\n|-damage|p1a: Kingambit|40\/100 brn\n|move|p1a: Kingambit|Swords Dance|p1a: Kingambit\n|-boost|p1a: Kingambit|atk|2\n|\n|-heal|p1a: Kingambit|46\/100 brn|[from] item: Leftovers\n|-damage|p1a: Kingambit|40\/100 brn|[from] brn\n|upkeep\n|turn|34\n|\n|t:|1699827406\n|move|p1a: Kingambit|Sucker Punch|p2a: Cinderace\n|-damage|p2a: Cinderace|0 fnt\n|faint|p2a: Cinderace\n|\n|-heal|p1a: Kingambit|46\/100 brn|[from] item: Leftovers\n|-damage|p1a: Kingambit|40\/100 brn|[from] brn\n|upkeep\n|\n|t:|1699827418\n|switch|p2a: Alomomola|Alomomola, F|100\/100 brn\n|turn|35\n|\n|t:|1699827431\n|move|p1a: Kingambit|Sucker Punch||[still]\n|-fail|p1a: Kingambit\n|move|p2a: Alomomola|Wish|p2a: Alomomola\n|\n|-heal|p1a: Kingambit|46\/100 brn|[from] item: Leftovers\n|-damage|p1a: Kingambit|40\/100 brn|[from] brn\n|-damage|p2a: Alomomola|94\/100 brn|[from] brn\n|upkeep\n|turn|36\n|\n|t:|1699827437\n|move|p1a: Kingambit|Sucker Punch|p2a: Alomomola\n|-damage|p2a: Alomomola|45\/100 brn\n|move|p2a: Alomomola|Scald|p1a: Kingambit\n|-damage|p1a: Kingambit|23\/100 brn\n|\n|-heal|p2a: Alomomola|95\/100 brn|[from] move: Wish|[wisher] Alomomola\n|-heal|p1a: Kingambit|29\/100 brn|[from] item: Leftovers\n|-damage|p1a: Kingambit|23\/100 brn|[from] brn\n|-damage|p2a: Alomomola|89\/100 brn|[from] brn\n|upkeep\n|turn|37\n|\n|t:|1699827451\n|move|p1a: Kingambit|Iron Head|p2a: Alomomola\n|-resisted|p2a: Alomomola\n|-damage|p2a: Alomomola|60\/100 brn\n|move|p2a: Alomomola|Wish|p2a: Alomomola\n|\n|-heal|p1a: Kingambit|29\/100 brn|[from] item: Leftovers\n|-damage|p1a: Kingambit|23\/100 brn|[from] brn\n|-damage|p2a: Alomomola|53\/100 brn|[from] brn\n|upkeep\n|turn|38\n|\n|t:|1699827460\n|move|p1a: Kingambit|Iron Head|p2a: Alomomola\n|-resisted|p2a: Alomomola\n|-damage|p2a: Alomomola|28\/100 brn\n|cant|p2a: Alomomola|flinch\n|\n|-heal|p2a: Alomomola|78\/100 brn|[from] move: Wish|[wisher] Alomomola\n|-heal|p1a: Kingambit|29\/100 brn|[from] item: Leftovers\n|-damage|p1a: Kingambit|23\/100 brn|[from] brn\n|-damage|p2a: Alomomola|72\/100 brn|[from] brn\n|upkeep\n|turn|39\n|\n|t:|1699827467\n|move|p1a: Kingambit|Iron Head|p2a: Alomomola\n|-resisted|p2a: Alomomola\n|-damage|p2a: Alomomola|46\/100 brn\n|move|p2a: Alomomola|Scald|p1a: Kingambit\n|-damage|p1a: Kingambit|8\/100 brn\n|\n|-heal|p1a: Kingambit|14\/100 brn|[from] item: Leftovers\n|-damage|p1a: Kingambit|8\/100 brn|[from] brn\n|-damage|p2a: Alomomola|40\/100 brn|[from] brn\n|upkeep\n|turn|40\n|\n|t:|1699827474\n|move|p1a: Kingambit|Iron Head|p2a: Alomomola\n|-resisted|p2a: Alomomola\n|-damage|p2a: Alomomola|12\/100 brn\n|cant|p2a: Alomomola|flinch\n|\n|-heal|p1a: Kingambit|14\/100 brn|[from] item: Leftovers\n|-damage|p1a: Kingambit|8\/100 brn|[from] brn\n|-damage|p2a: Alomomola|6\/100 brn|[from] brn\n|upkeep\n|turn|41\n|\n|t:|1699827481\n|move|p1a: Kingambit|Iron Head|p2a: Alomomola\n|-resisted|p2a: Alomomola\n|-damage|p2a: Alomomola|0 fnt\n|faint|p2a: Alomomola\n|\n|-heal|p1a: Kingambit|14\/100 brn|[from] item: Leftovers\n|-damage|p1a: Kingambit|8\/100 brn|[from] brn\n|upkeep\n|\n|t:|1699827490\n|switch|p2a: Kingambit|Kingambit, F|83\/100\n|-activate|p2a: Kingambit|ability: Supreme Overlord\n|-start|p2a: Kingambit|fallen3|[silent]\n|turn|42\n|\n|t:|1699827494\n|move|p1a: Kingambit|Sucker Punch|p2a: Kingambit\n|-resisted|p2a: Kingambit\n|-damage|p2a: Kingambit|52\/100\n|move|p2a: Kingambit|Sucker Punch||[still]\n|-fail|p2a: Kingambit\n|\n|-heal|p1a: Kingambit|14\/100 brn|[from] item: Leftovers\n|-heal|p2a: Kingambit|58\/100|[from] item: Leftovers\n|-damage|p1a: Kingambit|8\/100 brn|[from] brn\n|upkeep\n|turn|43\n|\n|t:|1699827501\n|move|p1a: Kingambit|Low Kick|p2a: Kingambit\n|-supereffective|p2a: Kingambit\n|-damage|p2a: Kingambit|0 fnt\n|faint|p2a: Kingambit\n|-end|p2a: Kingambit|fallen3|[silent]\n|\n|-heal|p1a: Kingambit|14\/100 brn|[from] item: Leftovers\n|-damage|p1a: Kingambit|8\/100 brn|[from] brn\n|upkeep\n|\n|t:|1699827504\n|switch|p2a: Slowking|Slowking-Galar, F|100\/100 brn\n|turn|44\n|\n|t:|1699827510\n|move|p1a: Kingambit|Iron Head|p2a: Slowking\n|-damage|p2a: Slowking|0 fnt\n|faint|p2a: Slowking\n|\n|-heal|p1a: Kingambit|14\/100 brn|[from] item: Leftovers\n|-damage|p1a: Kingambit|8\/100 brn|[from] brn\n|upkeep\n|\n|t:|1699827513\n|switch|p2a: Thundurus|Thundurus-Therian, M, tera:Flying|76\/100\n|turn|45\n|\n|t:|1699827516\n|move|p1a: Kingambit|Sucker Punch|p2a: Thundurus\n|-damage|p2a: Thundurus|0 fnt\n|faint|p2a: Thundurus\n|\n|win|reggisterh\n|raw|reggisterh's rating: 1542 &rarr; <strong>1556<\/strong><br \/>(+14 for winning)\n|raw|EpiclyEpicGamerW's rating: 1443 &rarr; <strong>1429<\/strong><br \/>(-14 for losing)\n|l|\u2606EpiclyEpicGamerW\n|c|\u2606reggisterh|gg\n","uploadtime":1699827527,"views":10,"p1id":"reggisterh","p2id":"epiclyepicgamerw","formatid":"gen9ou","rating":1429,"private":0,"password":""}