{"id":"gen9ou-1989396651","p1":"badwbs","p2":"FTLJustice","format":"[Gen 9] OU","log":"|j|\u2606badwbs\n|j|\u2606FTLJustice\n|t:|1699844973\n|gametype|singles\n|player|p1|badwbs|lady|1080\n|player|p2|FTLJustice|blue|1000\n|teamsize|p1|6\n|teamsize|p2|6\n|gen|9\n|tier|[Gen 9] OU\n|rated|\n|rule|Sleep Clause Mod: Limit one foe put to sleep\n|rule|Species Clause: Limit one of each Pok\u00e9mon\n|rule|OHKO Clause: OHKO moves are banned\n|rule|Evasion Items Clause: Evasion items are banned\n|rule|Evasion Moves Clause: Evasion moves are banned\n|rule|Endless Battle Clause: Forcing endless battles is banned\n|rule|HP Percentage Mod: HP is shown in percentages\n|clearpoke\n|poke|p1|Ursaluna, F|\n|poke|p1|Alomomola, F|\n|poke|p1|Dragapult, M|\n|poke|p1|Kingambit, F|\n|poke|p1|Enamorus, F|\n|poke|p1|Moltres|\n|poke|p2|Samurott-Hisui, M|\n|poke|p2|Iron Valiant|\n|poke|p2|Kingambit, F|\n|poke|p2|Heatran, F|\n|poke|p2|Dragapult, F|\n|poke|p2|Great Tusk|\n|teampreview\n|inactive|Battle timer is ON: inactive players will automatically lose when time's up. (requested by badwbs)\n|\n|t:|1699844981\n|start\n|switch|p1a: Enamorus|Enamorus, F|100\/100\n|switch|p2a: Samurott|Samurott-Hisui, M|100\/100\n|turn|1\n|\n|t:|1699844989\n|move|p1a: Enamorus|Superpower|p2a: Samurott\n|-supereffective|p2a: Samurott\n|-damage|p2a: Samurott|16\/100\n|-boost|p1a: Enamorus|atk|1\n|-boost|p1a: Enamorus|def|1\n|move|p2a: Samurott|Ceaseless Edge|p1a: Enamorus\n|-resisted|p1a: Enamorus\n|-damage|p1a: Enamorus|79\/100\n|-sidestart|p1: badwbs|Spikes\n|\n|upkeep\n|turn|2\n|\n|t:|1699844997\n|move|p1a: Enamorus|Superpower|p2a: Samurott\n|-supereffective|p2a: Samurott\n|-damage|p2a: Samurott|0 fnt\n|-boost|p1a: Enamorus|atk|1\n|-boost|p1a: Enamorus|def|1\n|faint|p2a: Samurott\n|\n|upkeep\n|inactive|FTLJustice has 120 seconds left.\n|\n|t:|1699845029\n|switch|p2a: Dragapult|Dragapult, F|100\/100\n|turn|3\n|\n|t:|1699845039\n|-terastallize|p1a: Enamorus|Electric\n|move|p2a: Dragapult|Shadow Ball|p1a: Enamorus\n|-damage|p1a: Enamorus|13\/100\n|move|p1a: Enamorus|Play Rough|p2a: Dragapult\n|-supereffective|p2a: Dragapult\n|-damage|p2a: Dragapult|0 fnt\n|faint|p2a: Dragapult\n|\n|upkeep\n|inactive|FTLJustice has 120 seconds left.\n|\n|t:|1699845073\n|switch|p2a: Iron Valiant|Iron Valiant|100\/100\n|-enditem|p2a: Iron Valiant|Booster Energy\n|-activate|p2a: Iron Valiant|ability: Quark Drive|[fromitem]\n|-start|p2a: Iron Valiant|quarkdrivespe\n|turn|4\n|\n|t:|1699845079\n|move|p2a: Iron Valiant|Knock Off|p1a: Enamorus\n|-damage|p1a: Enamorus|0 fnt\n|-enditem|p1a: Enamorus|Heavy-Duty Boots|[from] move: Knock Off|[of] p2a: Iron Valiant\n|faint|p1a: Enamorus\n|\n|upkeep\n|\n|t:|1699845087\n|switch|p1a: Kingambit|Kingambit, F|100\/100\n|-damage|p1a: Kingambit|88\/100|[from] Spikes\n|-activate|p1a: Kingambit|ability: Supreme Overlord\n|-start|p1a: Kingambit|fallen1|[silent]\n|turn|5\n|\n|t:|1699845094\n|move|p2a: Iron Valiant|Close Combat|p1a: Kingambit\n|-supereffective|p1a: Kingambit\n|-damage|p1a: Kingambit|0 fnt\n|-unboost|p2a: Iron Valiant|def|1\n|-unboost|p2a: Iron Valiant|spd|1\n|faint|p1a: Kingambit\n|-end|p1a: Kingambit|fallen1|[silent]\n|\n|upkeep\n|\n|t:|1699845098\n|switch|p1a: Alomomola|Alomomola, F|100\/100\n|-damage|p1a: Alomomola|88\/100|[from] Spikes\n|turn|6\n|\n|t:|1699845105\n|move|p2a: Iron Valiant|Knock Off|p1a: Alomomola\n|-damage|p1a: Alomomola|67\/100\n|-enditem|p1a: Alomomola|Leftovers|[from] move: Knock Off|[of] p2a: Iron Valiant\n|move|p1a: Alomomola|Flip Turn|p2a: Iron Valiant\n|-damage|p2a: Iron Valiant|74\/100\n|\n|t:|1699845109\n|switch|p1a: Moltres|Moltres|100\/100|[from] Flip Turn\n|\n|upkeep\n|turn|7\n|\n|t:|1699845115\n|-end|p2a: Iron Valiant|Quark Drive|[silent]\n|switch|p2a: Heatran|Heatran, F|100\/100\n|move|p1a: Moltres|Hurricane|p2a: Heatran\n|-resisted|p2a: Heatran\n|-damage|p2a: Heatran|81\/100\n|-start|p2a: Heatran|confusion\n|\n|-heal|p2a: Heatran|87\/100|[from] item: Leftovers\n|upkeep\n|turn|8\n|\n|t:|1699845118\n|move|p1a: Moltres|U-turn|p2a: Heatran\n|-resisted|p2a: Heatran\n|-damage|p2a: Heatran|83\/100\n|\n|t:|1699845120\n|switch|p1a: Alomomola|Alomomola, F|99\/100|[from] U-turn\n|-damage|p1a: Alomomola|87\/100|[from] Spikes\n|-activate|p2a: Heatran|confusion\n|move|p2a: Heatran|Taunt|p1a: Alomomola\n|-start|p1a: Alomomola|move: Taunt\n|\n|-heal|p2a: Heatran|90\/100|[from] item: Leftovers\n|upkeep\n|turn|9\n|\n|t:|1699845128\n|-terastallize|p2a: Heatran|Grass\n|-activate|p2a: Heatran|confusion\n|move|p2a: Heatran|Will-O-Wisp|p1a: Alomomola\n|-status|p1a: Alomomola|brn\n|move|p1a: Alomomola|Flip Turn|p2a: Heatran\n|-resisted|p2a: Heatran\n|-damage|p2a: Heatran|87\/100\n|\n|t:|1699845140\n|switch|p1a: Dragapult|Dragapult, M|100\/100|[from] Flip Turn\n|-damage|p1a: Dragapult|88\/100|[from] Spikes\n|\n|-heal|p2a: Heatran|93\/100|[from] item: Leftovers\n|upkeep\n|turn|10\n|\n|t:|1699845144\n|move|p1a: Dragapult|Shadow Ball|p2a: Heatran\n|-damage|p2a: Heatran|60\/100\n|-end|p2a: Heatran|confusion\n|move|p2a: Heatran|Will-O-Wisp|p1a: Dragapult|[miss]\n|-miss|p2a: Heatran|p1a: Dragapult\n|\n|-heal|p2a: Heatran|67\/100|[from] item: Leftovers\n|upkeep\n|turn|11\n|\n|t:|1699845158\n|switch|p1a: Ursaluna|Ursaluna, F|100\/100\n|-damage|p1a: Ursaluna|88\/100|[from] Spikes\n|move|p2a: Heatran|Will-O-Wisp|p1a: Ursaluna\n|-status|p1a: Ursaluna|brn\n|\n|-heal|p2a: Heatran|73\/100|[from] item: Leftovers\n|-damage|p1a: Ursaluna|82\/100 brn|[from] brn\n|upkeep\n|turn|12\n|\n|t:|1699845164\n|move|p2a: Heatran|Taunt|p1a: Ursaluna\n|-start|p1a: Ursaluna|move: Taunt\n|move|p1a: Ursaluna|Facade|p2a: Heatran\n|-damage|p2a: Heatran|0 fnt\n|faint|p2a: Heatran\n|\n|-damage|p1a: Ursaluna|76\/100 brn|[from] brn\n|upkeep\n|\n|t:|1699845171\n|switch|p2a: Iron Valiant|Iron Valiant|74\/100\n|turn|13\n|\n|t:|1699845176\n|switch|p1a: Dragapult|Dragapult, M|88\/100\n|-damage|p1a: Dragapult|76\/100|[from] Spikes\n|move|p2a: Iron Valiant|Knock Off|p1a: Dragapult\n|-supereffective|p1a: Dragapult\n|-damage|p1a: Dragapult|0 fnt\n|-enditem|p1a: Dragapult|Choice Specs|[from] move: Knock Off|[of] p2a: Iron Valiant\n|faint|p1a: Dragapult\n|\n|upkeep\n|\n|t:|1699845181\n|switch|p1a: Alomomola|Alomomola, F|100\/100 brn\n|-damage|p1a: Alomomola|88\/100 brn|[from] Spikes\n|turn|14\n|\n|t:|1699845189\n|move|p2a: Iron Valiant|Spirit Break|p1a: Alomomola\n|-damage|p1a: Alomomola|64\/100 brn\n|-unboost|p1a: Alomomola|spa|1\n|move|p1a: Alomomola|Scald|p2a: Iron Valiant\n|-damage|p2a: Iron Valiant|57\/100\n|-status|p2a: Iron Valiant|brn\n|\n|-damage|p2a: Iron Valiant|50\/100 brn|[from] brn\n|-damage|p1a: Alomomola|58\/100 brn|[from] brn\n|upkeep\n|turn|15\n|\n|t:|1699845198\n|move|p2a: Iron Valiant|Swords Dance|p2a: Iron Valiant\n|-boost|p2a: Iron Valiant|atk|2\n|move|p1a: Alomomola|Wish|p1a: Alomomola\n|\n|-damage|p2a: Iron Valiant|44\/100 brn|[from] brn\n|-damage|p1a: Alomomola|52\/100 brn|[from] brn\n|upkeep\n|turn|16\n|\n|t:|1699845200\n|move|p2a: Iron Valiant|Swords Dance|p2a: Iron Valiant\n|-boost|p2a: Iron Valiant|atk|2\n|move|p1a: Alomomola|Flip Turn|p2a: Iron Valiant\n|-damage|p2a: Iron Valiant|34\/100 brn\n|\n|t:|1699845202\n|switch|p1a: Ursaluna|Ursaluna, F|76\/100 brn|[from] Flip Turn\n|-damage|p1a: Ursaluna|64\/100 brn|[from] Spikes\n|\n|-heal|p1a: Ursaluna|100\/100 brn|[from] move: Wish|[wisher] Alomomola\n|-damage|p2a: Iron Valiant|28\/100 brn|[from] brn\n|-damage|p1a: Ursaluna|94\/100 brn|[from] brn\n|upkeep\n|turn|17\n|\n|t:|1699845205\n|move|p2a: Iron Valiant|Close Combat|p1a: Ursaluna\n|-supereffective|p1a: Ursaluna\n|-damage|p1a: Ursaluna|0 fnt\n|-unboost|p2a: Iron Valiant|def|1\n|-unboost|p2a: Iron Valiant|spd|1\n|faint|p1a: Ursaluna\n|\n|-damage|p2a: Iron Valiant|22\/100 brn|[from] brn\n|upkeep\n|\n|t:|1699845208\n|switch|p1a: Alomomola|Alomomola, F|86\/100 brn\n|-damage|p1a: Alomomola|73\/100 brn|[from] Spikes\n|turn|18\n|-message|badwbs forfeited.\n|\n|win|FTLJustice\n|raw|badwbs's rating: 1080 &rarr; <strong>1053<\/strong><br \/>(-27 for losing)\n|raw|FTLJustice's rating: 1000 &rarr; <strong>1049<\/strong><br \/>(+49 for winning)\n|l|\u2606badwbs\n","uploadtime":1699845215,"views":26,"p1id":"badwbs","p2id":"ftljustice","formatid":"gen9ou","rating":1049,"private":0,"password":""}