{"id":"gen9ou-1997594370","p1":"djsxhnsksksjdjjdh","p2":"Apoteosis","format":"[Gen 9] OU","log":"|j|\u2606djsxhnsksksjdjjdh\n|j|\u2606Apoteosis\n|t:|1700830514\n|gametype|singles\n|player|p1|djsxhnsksksjdjjdh|266|1676\n|player|p2|Apoteosis|102|1698\n|teamsize|p1|6\n|teamsize|p2|6\n|gen|9\n|tier|[Gen 9] OU\n|rated|\n|rule|Sleep Clause Mod: Limit one foe put to sleep\n|rule|Species Clause: Limit one of each Pok\u00e9mon\n|rule|OHKO Clause: OHKO moves are banned\n|rule|Evasion Items Clause: Evasion items are banned\n|rule|Evasion Moves Clause: Evasion moves are banned\n|rule|Endless Battle Clause: Forcing endless battles is banned\n|rule|HP Percentage Mod: HP is shown in percentages\n|clearpoke\n|poke|p1|Dragapult, M|\n|poke|p1|Thundurus-Therian, M|\n|poke|p1|Ninetales-Alola, F|\n|poke|p1|Cinderace, M|\n|poke|p1|Landorus-Therian, M|\n|poke|p1|Great Tusk|\n|poke|p2|Ninetales-Alola, M|\n|poke|p2|Slowbro-Galar, M|\n|poke|p2|Iron Hands|\n|poke|p2|Manaphy|\n|poke|p2|Cresselia, F|\n|poke|p2|Landorus-Therian, M|\n|teampreview\n|j| dfghhhg\n|inactive|Battle timer is ON: inactive players will automatically lose when time's up. (requested by Apoteosis)\n|\n|t:|1700830535\n|start\n|switch|p1a: Dragapult|Dragapult, M|100\/100\n|switch|p2a: Landorus|Landorus-Therian, M|100\/100\n|-ability|p2a: Landorus|Intimidate|boost\n|-fail|p1a: Dragapult|unboost|[from] ability: Clear Body|[of] p1a: Dragapult\n|turn|1\n|\n|t:|1700830547\n|switch|p1a: Landorus|Landorus-Therian, M|100\/100\n|-ability|p1a: Landorus|Intimidate|boost\n|-unboost|p2a: Landorus|atk|1\n|move|p2a: Landorus|Earthquake|p1a: Landorus\n|-immune|p1a: Landorus\n|\n|upkeep\n|turn|2\n|\n|t:|1700830559\n|switch|p2a: Ninetales|Ninetales-Alola, M|100\/100\n|-weather|Snow|[from] ability: Snow Warning|[of] p2a: Ninetales\n|move|p1a: Landorus|Stealth Rock|p2a: Ninetales\n|-sidestart|p2: Apoteosis|move: Stealth Rock\n|\n|-weather|Snow|[upkeep]\n|upkeep\n|turn|3\n|j| KangkongNation\n|\n|t:|1700830565\n|switch|p1a: Ninetales|Ninetales-Alola, F|100\/100\n|move|p2a: Ninetales|Hypnosis|p1a: Ninetales\n|-status|p1a: Ninetales|slp|[from] move: Hypnosis\n|\n|-weather|Snow|[upkeep]\n|upkeep\n|turn|4\n|\n|t:|1700830571\n|move|p2a: Ninetales|Aurora Veil|p2a: Ninetales\n|-sidestart|p2: Apoteosis|move: Aurora Veil\n|cant|p1a: Ninetales|slp\n|\n|-weather|Snow|[upkeep]\n|upkeep\n|turn|5\n|\n|t:|1700830578\n|switch|p2a: Slowbro|Slowbro-Galar, M|100\/100\n|-damage|p2a: Slowbro|88\/100|[from] Stealth Rock\n|-curestatus|p1a: Ninetales|slp|[msg]\n|move|p1a: Ninetales|Blizzard|p2a: Slowbro\n|-damage|p2a: Slowbro|55\/100\n|-damage|p1a: Ninetales|91\/100|[from] item: Life Orb\n|\n|-weather|Snow|[upkeep]\n|upkeep\n|turn|6\n|-activate|p2a: Slowbro|ability: Quick Draw\n|\n|t:|1700830590\n|move|p2a: Slowbro|Sludge Bomb|p1a: Ninetales\n|-supereffective|p1a: Ninetales\n|-damage|p1a: Ninetales|0 fnt\n|faint|p1a: Ninetales\n|\n|-weather|none\n|upkeep\n|j| pllv51SHOW404\n|\n|t:|1700830603\n|switch|p1a: Dragapult|Dragapult, M|100\/100\n|turn|7\n|-activate|p2a: Slowbro|item: Quick Claw\n|\n|t:|1700830613\n|-terastallize|p1a: Dragapult|Dragon\n|move|p2a: Slowbro|Psychic|p1a: Dragapult\n|-damage|p1a: Dragapult|39\/100\n|move|p1a: Dragapult|Dragon Darts|p2a: Slowbro\n|-damage|p2a: Slowbro|31\/100\n|-anim|p1a: Dragapult|Dragon Darts|p2a: Slowbro\n|-damage|p2a: Slowbro|7\/100\n|\n|upkeep\n|turn|8\n|-activate|p2a: Slowbro|item: Quick Claw\n|\n|t:|1700830622\n|switch|p1a: Thundurus|Thundurus-Therian, M|100\/100\n|move|p2a: Slowbro|Psychic|p1a: Thundurus\n|-crit|p1a: Thundurus\n|-damage|p1a: Thundurus|67\/100\n|\n|upkeep\n|turn|9\n|-activate|p2a: Slowbro|ability: Quick Draw\n|\n|t:|1700830628\n|move|p2a: Slowbro|Sludge Bomb|p1a: Thundurus\n|-damage|p1a: Thundurus|42\/100\n|-status|p1a: Thundurus|psn\n|move|p1a: Thundurus|Volt Switch|p2a: Slowbro\n|-damage|p2a: Slowbro|0 fnt\n|faint|p2a: Slowbro\n|\n|t:|1700830636\n|switch|p1a: Dragapult|Dragapult, M, tera:Dragon|39\/100|[from] Volt Switch\n|\n|upkeep\n|\n|t:|1700830642\n|switch|p2a: Ninetales|Ninetales-Alola, M|100\/100\n|-damage|p2a: Ninetales|76\/100|[from] Stealth Rock\n|-weather|Snow|[from] ability: Snow Warning|[of] p2a: Ninetales\n|turn|10\n|\n|t:|1700830648\n|switch|p1a: Cinderace|Cinderace, M|100\/100\n|move|p2a: Ninetales|Blizzard|p1a: Cinderace\n|-resisted|p1a: Cinderace\n|-damage|p1a: Cinderace|69\/100\n|\n|-weather|Snow|[upkeep]\n|upkeep\n|turn|11\n|\n|t:|1700830657\n|move|p1a: Cinderace|Zen Headbutt|p2a: Ninetales|[miss]\n|-start|p1a: Cinderace|typechange|Psychic|[from] ability: Libero\n|-miss|p1a: Cinderace|p2a: Ninetales\n|move|p2a: Ninetales|Hypnosis|p1a: Cinderace|[miss]\n|-miss|p2a: Ninetales|p1a: Cinderace\n|\n|-weather|Snow|[upkeep]\n|-sideend|p2: Apoteosis|move: Aurora Veil\n|upkeep\n|turn|12\n|\n|t:|1700830663\n|move|p1a: Cinderace|Zen Headbutt|p2a: Ninetales\n|-crit|p2a: Ninetales\n|-damage|p2a: Ninetales|5\/100\n|-damage|p1a: Cinderace|59\/100|[from] item: Life Orb\n|move|p2a: Ninetales|Aurora Veil|p2a: Ninetales\n|-sidestart|p2: Apoteosis|move: Aurora Veil\n|\n|-weather|Snow|[upkeep]\n|upkeep\n|turn|13\n|\n|t:|1700830682\n|move|p1a: Cinderace|Low Kick|p2a: Ninetales\n|-damage|p2a: Ninetales|0 fnt\n|faint|p2a: Ninetales\n|-damage|p1a: Cinderace|49\/100|[from] item: Life Orb\n|\n|-weather|Snow|[upkeep]\n|upkeep\n|\n|t:|1700830693\n|switch|p2a: Landorus|Landorus-Therian, M|100\/100\n|-damage|p2a: Landorus|88\/100|[from] Stealth Rock\n|-ability|p2a: Landorus|Intimidate|boost\n|-unboost|p1a: Cinderace|atk|1\n|turn|14\n|l| KangkongNation\n|\n|t:|1700830696\n|switch|p1a: Landorus|Landorus-Therian, M|100\/100\n|-ability|p1a: Landorus|Intimidate|boost\n|-unboost|p2a: Landorus|atk|1\n|move|p2a: Landorus|U-turn|p1a: Landorus\n|-resisted|p1a: Landorus\n|-damage|p1a: Landorus|94\/100\n|-damage|p2a: Landorus|72\/100|[from] item: Rocky Helmet|[of] p1a: Landorus\n|\n|t:|1700830705\n|switch|p2a: Manaphy|Manaphy|100\/100|[from] U-turn\n|-damage|p2a: Manaphy|88\/100|[from] Stealth Rock\n|\n|-weather|none\n|upkeep\n|turn|15\n|\n|t:|1700830707\n|move|p2a: Manaphy|Tail Glow|p2a: Manaphy\n|-boost|p2a: Manaphy|spa|3\n|move|p1a: Landorus|U-turn|p2a: Manaphy\n|-damage|p2a: Manaphy|77\/100\n|\n|t:|1700830710\n|switch|p1a: Cinderace|Cinderace, M|49\/100|[from] U-turn\n|\n|upkeep\n|turn|16\n|\n|t:|1700830718\n|move|p1a: Cinderace|Court Change|p1a: Cinderace\n|-start|p1a: Cinderace|typechange|Normal|[from] ability: Libero\n|-swapsideconditions\n|-activate|p1a: Cinderace|move: Court Change\n|move|p2a: Manaphy|Surf|p1a: Cinderace\n|-damage|p1a: Cinderace|0 fnt\n|faint|p1a: Cinderace\n|\n|upkeep\n|j| KangkongNation\n|\n|t:|1700830726\n|switch|p1a: Dragapult|Dragapult, M, tera:Dragon|39\/100\n|-damage|p1a: Dragapult|27\/100|[from] Stealth Rock\n|turn|17\n|l| KangkongNation\n|\n|t:|1700830730\n|move|p1a: Dragapult|Dragon Darts|p2a: Manaphy\n|-damage|p2a: Manaphy|20\/100\n|-anim|p1a: Dragapult|Dragon Darts|p2a: Manaphy\n|-damage|p2a: Manaphy|0 fnt\n|faint|p2a: Manaphy\n|\n|upkeep\n|\n|t:|1700830734\n|switch|p2a: Landorus|Landorus-Therian, M|72\/100\n|-ability|p2a: Landorus|Intimidate|boost\n|-fail|p1a: Dragapult|unboost|[from] ability: Clear Body|[of] p1a: Dragapult\n|turn|18\n|\n|t:|1700830740\n|switch|p1a: Landorus|Landorus-Therian, M|94\/100\n|-damage|p1a: Landorus|82\/100|[from] Stealth Rock\n|-ability|p1a: Landorus|Intimidate|boost\n|-unboost|p2a: Landorus|atk|1\n|move|p2a: Landorus|U-turn|p1a: Landorus\n|-resisted|p1a: Landorus\n|-damage|p1a: Landorus|79\/100\n|-damage|p2a: Landorus|55\/100|[from] item: Rocky Helmet|[of] p1a: Landorus\n|\n|t:|1700830749\n|switch|p2a: Cresselia|Cresselia, F|100\/100|[from] U-turn\n|\n|upkeep\n|turn|19\n|-activate|p2a: Cresselia|item: Quick Claw\n|\n|t:|1700830755\n|-terastallize|p2a: Cresselia|Poison\n|move|p2a: Cresselia|Calm Mind|p2a: Cresselia\n|-boost|p2a: Cresselia|spa|1\n|-boost|p2a: Cresselia|spd|1\n|move|p1a: Landorus|U-turn|p2a: Cresselia\n|-resisted|p2a: Cresselia\n|-damage|p2a: Cresselia|94\/100\n|c|\u2606djsxhnsksksjdjjdh|!dt quick claw\n|raw|<ul class=\"utilichart\"><li class=\"result\"><span class=\"col itemiconcol\"><psicon item=\"quickclaw\"><\/span> <span class=\"col namecol\"><a href=\"https:\/\/dex.pokemonshowdown.com\/items\/quickclaw\">Quick Claw<\/a><\/span> <span class=\"col itemdesccol\">Each turn, holder has a 20% chance to move first in its priority bracket.<\/span> <\/li><li style=\"clear:both\"><\/li><\/ul>\n|raw|<font size=\"1\"><font color=\"#686868\">Gen:<\/font> 2&nbsp;|&ThickSpace;<font color=\"#686868\">Fling Base Power:<\/font> 80<\/font>\n\n|inactive|djsxhnsksksjdjjdh has 120 seconds left.\n|c| pllv51SHOW404|:f\n|c|\u2606djsxhnsksksjdjjdh|what\n|c|\u2606djsxhnsksksjdjjdh|I get the logic\n|c| pllv51SHOW404|obscure strat\n|inactive|djsxhnsksksjdjjdh has 90 seconds left.\n|c|\u2606djsxhnsksksjdjjdh|it's like hoping your stone edge misses\n|c|\u2606djsxhnsksksjdjjdh|it always misses\n|\n|t:|1700830837\n|switch|p1a: Great Tusk|Great Tusk|100\/100|[from] U-turn\n|-damage|p1a: Great Tusk|97\/100|[from] Stealth Rock\n|\n|-heal|p1a: Great Tusk|100\/100|[from] item: Leftovers\n|-sideend|p1: djsxhnsksksjdjjdh|move: Aurora Veil\n|upkeep\n|turn|20\n|\n|t:|1700830852\n|move|p1a: Great Tusk|Knock Off|p2a: Cresselia\n|-damage|p2a: Cresselia|78\/100\n|-enditem|p2a: Cresselia|Quick Claw|[from] move: Knock Off|[of] p1a: Great Tusk\n|move|p2a: Cresselia|Calm Mind|p2a: Cresselia\n|-boost|p2a: Cresselia|spa|1\n|-boost|p2a: Cresselia|spd|1\n|\n|upkeep\n|turn|21\n|\n|t:|1700830860\n|-end|p1a: Great Tusk|Protosynthesis|[silent]\n|switch|p1a: Thundurus|Thundurus-Therian, M|42\/100 psn\n|-damage|p1a: Thundurus|17\/100 psn|[from] Stealth Rock\n|move|p2a: Cresselia|Calm Mind|p2a: Cresselia\n|-boost|p2a: Cresselia|spa|1\n|-boost|p2a: Cresselia|spd|1\n|\n|-damage|p1a: Thundurus|5\/100 psn|[from] psn\n|upkeep\n|turn|22\n|c| pllv51SHOW404|:'(\n|inactive|djsxhnsksksjdjjdh has 90 seconds left.\n|\n|t:|1700830868\n|move|p1a: Thundurus|Psychic|p2a: Cresselia\n|-supereffective|p2a: Cresselia\n|-damage|p2a: Cresselia|63\/100\n|move|p2a: Cresselia|Moonlight|p2a: Cresselia\n|-heal|p2a: Cresselia|100\/100\n|\n|-damage|p1a: Thundurus|0 fnt|[from] psn\n|faint|p1a: Thundurus\n|upkeep\n|inactive|djsxhnsksksjdjjdh has 90 seconds left.\n|c|\u2606Apoteosis|It\u2019s a quick team\n|\n|t:|1700830885\n|switch|p1a: Landorus|Landorus-Therian, M|79\/100\n|-damage|p1a: Landorus|67\/100|[from] Stealth Rock\n|-ability|p1a: Landorus|Intimidate|boost\n|-unboost|p2a: Cresselia|atk|1\n|turn|23\n|c|\u2606Apoteosis|lol\n|\n|t:|1700830895\n|move|p2a: Cresselia|Stored Power|p1a: Landorus\n|-damage|p1a: Landorus|0 fnt\n|faint|p1a: Landorus\n|\n|upkeep\n|inactive|djsxhnsksksjdjjdh has 90 seconds left.\n|-message|djsxhnsksksjdjjdh forfeited.\n|\n|win|Apoteosis\n|raw|djsxhnsksksjdjjdh's rating: 1676 &rarr; <strong>1657<\/strong><br \/>(-19 for losing)\n|raw|Apoteosis's rating: 1698 &rarr; <strong>1717<\/strong><br \/>(+19 for winning)\n|l|\u2606djsxhnsksksjdjjdh\n|l|\u2606Apoteosis\n","uploadtime":1700830937,"views":25,"p1id":"djsxhnsksksjdjjdh","p2id":"apoteosis","formatid":"gen9ou","rating":1657,"private":0,"password":""}