{"id":"gen9ou-1990706180","p1":"josh4president","p2":"moght le reprouve","format":"[Gen 9] OU","log":"|j|\u2606josh4president\n|j|\u2606moght le reprouve\n|t:|1699993436\n|gametype|singles\n|player|p1|josh4president|benga|1269\n|player|p2|moght le reprouve|swimmer|1237\n|teamsize|p1|6\n|teamsize|p2|6\n|gen|9\n|tier|[Gen 9] OU\n|rated|\n|rule|Sleep Clause Mod: Limit one foe put to sleep\n|rule|Species Clause: Limit one of each Pok\u00e9mon\n|rule|OHKO Clause: OHKO moves are banned\n|rule|Evasion Items Clause: Evasion items are banned\n|rule|Evasion Moves Clause: Evasion moves are banned\n|rule|Endless Battle Clause: Forcing endless battles is banned\n|rule|HP Percentage Mod: HP is shown in percentages\n|clearpoke\n|poke|p1|Manaphy|\n|poke|p1|Kingambit, F|\n|poke|p1|Ribombee, M|\n|poke|p1|Gholdengo|\n|poke|p1|Iron Moth|\n|poke|p1|Ogerpon-Wellspring, F|\n|poke|p2|Landorus-Therian, M|\n|poke|p2|Zapdos|\n|poke|p2|Gholdengo|\n|poke|p2|Rillaboom, M|\n|poke|p2|Ogerpon-Wellspring, F|\n|poke|p2|Kingambit, M|\n|teampreview\n|\n|t:|1699993453\n|start\n|switch|p1a: wildfiree|Ribombee, M, shiny|100\/100\n|switch|p2a: Landorus|Landorus-Therian, M|100\/100\n|-ability|p2a: Landorus|Intimidate|boost\n|-unboost|p1a: wildfiree|atk|1\n|turn|1\n|\n|t:|1699993477\n|move|p2a: Landorus|U-turn|p1a: wildfiree\n|-resisted|p1a: wildfiree\n|-damage|p1a: wildfiree|80\/100\n|\n|t:|1699993480\n|switch|p2a: Gholdengo|Gholdengo|100\/100|[from] U-turn\n|-item|p2a: Gholdengo|Air Balloon\n|move|p1a: wildfiree|Sticky Web|p2a: Gholdengo\n|-sidestart|p2: moght le reprouve|move: Sticky Web\n|\n|upkeep\n|turn|2\n|\n|t:|1699993488\n|switch|p1a: awyp|Kingambit, F|100\/100\n|move|p2a: Gholdengo|Make It Rain|p1a: awyp\n|-resisted|p1a: awyp\n|-damage|p1a: awyp|61\/100\n|-unboost|p2a: Gholdengo|spa|1\n|\n|upkeep\n|turn|3\n|\n|t:|1699993504\n|switch|p2a: Landorus|Landorus-Therian, M|100\/100\n|-ability|p2a: Landorus|Intimidate|boost\n|-unboost|p1a: awyp|atk|1\n|-end|p1a: awyp|fallenundefined|[silent]\n|switch|p1a: HPDARKEAGLE|Manaphy|100\/100\n|\n|upkeep\n|turn|4\n|\n|t:|1699993510\n|move|p2a: Landorus|U-turn|p1a: HPDARKEAGLE\n|-damage|p1a: HPDARKEAGLE|81\/100\n|\n|t:|1699993513\n|switch|p2a: Rillaboom|Rillaboom, M|100\/100|[from] U-turn\n|-activate|p2a: Rillaboom|move: Sticky Web\n|-unboost|p2a: Rillaboom|spe|1\n|-fieldstart|move: Grassy Terrain|[from] ability: Grassy Surge|[of] p2a: Rillaboom\n|move|p1a: HPDARKEAGLE|Tail Glow|p1a: HPDARKEAGLE\n|-boost|p1a: HPDARKEAGLE|spa|3\n|\n|-heal|p1a: HPDARKEAGLE|87\/100|[from] Grassy Terrain\n|-heal|p1a: HPDARKEAGLE|93\/100|[from] item: Leftovers\n|upkeep\n|turn|5\n|\n|t:|1699993531\n|-terastallize|p1a: HPDARKEAGLE|Grass\n|move|p1a: HPDARKEAGLE|Ice Beam|p2a: Rillaboom\n|-supereffective|p2a: Rillaboom\n|-damage|p2a: Rillaboom|25\/100\n|move|p2a: Rillaboom|Knock Off|p1a: HPDARKEAGLE\n|-damage|p1a: HPDARKEAGLE|66\/100\n|-enditem|p1a: HPDARKEAGLE|Leftovers|[from] move: Knock Off|[of] p2a: Rillaboom\n|\n|-heal|p1a: HPDARKEAGLE|72\/100|[from] Grassy Terrain\n|-heal|p2a: Rillaboom|31\/100|[from] Grassy Terrain\n|upkeep\n|turn|6\n|\n|t:|1699993547\n|switch|p2a: Gholdengo|Gholdengo|100\/100\n|-item|p2a: Gholdengo|Air Balloon\n|move|p1a: HPDARKEAGLE|Ice Beam|p2a: Gholdengo\n|-resisted|p2a: Gholdengo\n|-damage|p2a: Gholdengo|63\/100\n|-enditem|p2a: Gholdengo|Air Balloon\n|\n|-heal|p1a: HPDARKEAGLE|78\/100|[from] Grassy Terrain\n|-heal|p2a: Gholdengo|69\/100|[from] Grassy Terrain\n|upkeep\n|turn|7\n|\n|t:|1699993578\n|move|p1a: HPDARKEAGLE|Surf|p2a: Gholdengo\n|-damage|p2a: Gholdengo|0 fnt\n|faint|p2a: Gholdengo\n|\n|-heal|p1a: HPDARKEAGLE|84\/100|[from] Grassy Terrain\n|upkeep\n|\n|t:|1699993586\n|switch|p2a: Zapdos|Zapdos|100\/100\n|turn|8\n|\n|t:|1699993592\n|-terastallize|p2a: Zapdos|Fire\n|move|p1a: HPDARKEAGLE|Ice Beam|p2a: Zapdos\n|-resisted|p2a: Zapdos\n|-damage|p2a: Zapdos|67\/100\n|move|p2a: Zapdos|Heat Wave|p1a: HPDARKEAGLE\n|-supereffective|p1a: HPDARKEAGLE\n|-damage|p1a: HPDARKEAGLE|3\/100\n|\n|-heal|p1a: HPDARKEAGLE|9\/100|[from] Grassy Terrain\n|-heal|p2a: Zapdos|74\/100|[from] Grassy Terrain\n|-heal|p2a: Zapdos|80\/100|[from] item: Leftovers\n|-fieldend|move: Grassy Terrain\n|upkeep\n|turn|9\n|c|\u2606moght le reprouve|wow\n|\n|t:|1699993615\n|switch|p2a: Rillaboom|Rillaboom, M|31\/100\n|-activate|p2a: Rillaboom|move: Sticky Web\n|-unboost|p2a: Rillaboom|spe|1\n|-fieldstart|move: Grassy Terrain|[from] ability: Grassy Surge|[of] p2a: Rillaboom\n|move|p1a: HPDARKEAGLE|Surf|p2a: Rillaboom\n|-resisted|p2a: Rillaboom\n|-crit|p2a: Rillaboom\n|-damage|p2a: Rillaboom|0 fnt\n|faint|p2a: Rillaboom\n|\n|-heal|p1a: HPDARKEAGLE|15\/100|[from] Grassy Terrain\n|upkeep\n|\n|t:|1699993618\n|switch|p2a: Landorus|Landorus-Therian, M|100\/100\n|-ability|p2a: Landorus|Intimidate|boost\n|-unboost|p1a: HPDARKEAGLE|atk|1\n|turn|10\n|\n|t:|1699993655\n|switch|p1a: scarlet|Iron Moth|100\/100\n|-enditem|p1a: scarlet|Booster Energy\n|-activate|p1a: scarlet|ability: Quark Drive|[fromitem]\n|-start|p1a: scarlet|quarkdrivespe\n|move|p2a: Landorus|U-turn|p1a: scarlet\n|-resisted|p1a: scarlet\n|-damage|p1a: scarlet|93\/100\n|\n|t:|1699993663\n|switch|p2a: Zapdos|Zapdos, tera:Fire|80\/100|[from] U-turn\n|-activate|p2a: Zapdos|move: Sticky Web\n|-unboost|p2a: Zapdos|spe|1\n|\n|-heal|p1a: scarlet|99\/100|[from] Grassy Terrain\n|-heal|p2a: Zapdos|86\/100|[from] Grassy Terrain\n|-heal|p2a: Zapdos|92\/100|[from] item: Leftovers\n|upkeep\n|turn|11\n|inactive|Battle timer is ON: inactive players will automatically lose when time's up. (requested by moght le reprouve)\n|\n|t:|1699993709\n|move|p1a: scarlet|Psychic|p2a: Zapdos\n|-crit|p2a: Zapdos\n|-damage|p2a: Zapdos|52\/100\n|move|p2a: Zapdos|Thunder Wave|p1a: scarlet|[miss]\n|-miss|p2a: Zapdos|p1a: scarlet\n|\n|-heal|p1a: scarlet|100\/100|[from] Grassy Terrain\n|-heal|p2a: Zapdos|58\/100|[from] Grassy Terrain\n|-heal|p2a: Zapdos|64\/100|[from] item: Leftovers\n|upkeep\n|turn|12\n|\n|t:|1699993718\n|move|p1a: scarlet|Substitute|p1a: scarlet\n|-start|p1a: scarlet|Substitute\n|-damage|p1a: scarlet|76\/100\n|move|p2a: Zapdos|Roost|p2a: Zapdos\n|-heal|p2a: Zapdos|100\/100\n|\n|-heal|p1a: scarlet|82\/100|[from] Grassy Terrain\n|upkeep\n|turn|13\n|-message|moght le reprouve forfeited.\n|\n|win|josh4president\n|raw|josh4president's rating: 1269 &rarr; <strong>1292<\/strong><br \/>(+23 for winning)\n|raw|moght le reprouve's rating: 1237 &rarr; <strong>1214<\/strong><br \/>(-23 for losing)\n|l|\u2606moght le reprouve\n","uploadtime":1699993724,"views":6,"p1id":"josh4president","p2id":"moghtlereprouve","formatid":"gen9ou","rating":1214,"private":0,"password":""}