{"id":"gen9ou-1990261853","p1":"jimmynut","p2":"gggogat","format":"[Gen 9] OU","log":"|j|\u2606jimmynut\n|j|\u2606gggogat\n|t:|1699946706\n|gametype|singles\n|player|p1|jimmynut|janitor|1179\n|player|p2|gggogat|169|1093\n|teamsize|p1|6\n|teamsize|p2|6\n|gen|9\n|tier|[Gen 9] OU\n|rated|\n|rule|Sleep Clause Mod: Limit one foe put to sleep\n|rule|Species Clause: Limit one of each Pok\u00e9mon\n|rule|OHKO Clause: OHKO moves are banned\n|rule|Evasion Items Clause: Evasion items are banned\n|rule|Evasion Moves Clause: Evasion moves are banned\n|rule|Endless Battle Clause: Forcing endless battles is banned\n|rule|HP Percentage Mod: HP is shown in percentages\n|clearpoke\n|poke|p1|Alomomola, F|\n|poke|p1|Corviknight, F|\n|poke|p1|Sneasler, F|\n|poke|p1|Kingambit, F|\n|poke|p1|Weezing-Galar, M|\n|poke|p1|Clodsire, F|\n|poke|p2|Rillaboom, F|\n|poke|p2|Iron Moth|\n|poke|p2|Walking Wake|\n|poke|p2|Torkoal, M|\n|poke|p2|Great Tusk|\n|poke|p2|Ribombee, F|\n|teampreview\n|inactive|Battle timer is ON: inactive players will automatically lose when time's up. (requested by gggogat)\n|\n|t:|1699946728\n|start\n|switch|p1a: Sneasler|Sneasler, F, shiny|100\/100\n|switch|p2a: Torkoal|Torkoal, M|100\/100\n|-ability|p1a: Sneasler|Pressure\n|-weather|SunnyDay|[from] ability: Drought|[of] p2a: Torkoal\n|turn|1\n|\n|t:|1699946737\n|move|p1a: Sneasler|Substitute|p1a: Sneasler\n|-start|p1a: Sneasler|Substitute\n|-damage|p1a: Sneasler|76\/100\n|move|p2a: Torkoal|Yawn||[still]\n|-fail|p2a: Torkoal\n|\n|-weather|SunnyDay|[upkeep]\n|-heal|p1a: Sneasler|82\/100|[from] item: Black Sludge\n|upkeep\n|turn|2\n|\n|t:|1699946744\n|move|p1a: Sneasler|Protect|p1a: Sneasler\n|-singleturn|p1a: Sneasler|Protect\n|move|p2a: Torkoal|Lava Plume|p1a: Sneasler\n|-activate|p1a: Sneasler|move: Protect\n|\n|-weather|SunnyDay|[upkeep]\n|-heal|p1a: Sneasler|88\/100|[from] item: Black Sludge\n|upkeep\n|turn|3\n|\n|t:|1699946750\n|move|p1a: Sneasler|Dire Claw|p2a: Torkoal\n|-damage|p2a: Torkoal|80\/100\n|move|p2a: Torkoal|Lava Plume|p1a: Sneasler\n|-end|p1a: Sneasler|Substitute\n|\n|-weather|SunnyDay|[upkeep]\n|-heal|p1a: Sneasler|94\/100|[from] item: Black Sludge\n|upkeep\n|turn|4\n|\n|t:|1699946759\n|move|p1a: Sneasler|Protect|p1a: Sneasler\n|-singleturn|p1a: Sneasler|Protect\n|move|p2a: Torkoal|Lava Plume|p1a: Sneasler\n|-activate|p1a: Sneasler|move: Protect\n|\n|-weather|SunnyDay|[upkeep]\n|-heal|p1a: Sneasler|99\/100|[from] item: Black Sludge\n|upkeep\n|turn|5\n|\n|t:|1699946766\n|move|p1a: Sneasler|Substitute|p1a: Sneasler\n|-start|p1a: Sneasler|Substitute\n|-damage|p1a: Sneasler|75\/100\n|move|p2a: Torkoal|Lava Plume|p1a: Sneasler\n|-end|p1a: Sneasler|Substitute\n|\n|-weather|SunnyDay|[upkeep]\n|-heal|p1a: Sneasler|81\/100|[from] item: Black Sludge\n|upkeep\n|turn|6\n|\n|t:|1699946774\n|move|p1a: Sneasler|Protect|p1a: Sneasler\n|-singleturn|p1a: Sneasler|Protect\n|move|p2a: Torkoal|Stealth Rock|p1a: Sneasler\n|-sidestart|p1: jimmynut|move: Stealth Rock\n|\n|-weather|SunnyDay|[upkeep]\n|-heal|p1a: Sneasler|87\/100|[from] item: Black Sludge\n|upkeep\n|turn|7\n|\n|t:|1699946780\n|move|p1a: Sneasler|Substitute|p1a: Sneasler\n|-start|p1a: Sneasler|Substitute\n|-damage|p1a: Sneasler|62\/100\n|move|p2a: Torkoal|Lava Plume|p1a: Sneasler\n|-end|p1a: Sneasler|Substitute\n|\n|-weather|SunnyDay|[upkeep]\n|-heal|p1a: Sneasler|69\/100|[from] item: Black Sludge\n|upkeep\n|turn|8\n|\n|t:|1699946788\n|move|p1a: Sneasler|Dire Claw|p2a: Torkoal\n|-damage|p2a: Torkoal|60\/100\n|-status|p2a: Torkoal|slp\n|cant|p2a: Torkoal|slp\n|\n|-weather|none\n|-heal|p1a: Sneasler|75\/100|[from] item: Black Sludge\n|upkeep\n|turn|9\n|\n|t:|1699946802\n|switch|p1a: Corviknight|Corviknight, F|100\/100\n|-damage|p1a: Corviknight|88\/100|[from] Stealth Rock\n|-ability|p1a: Corviknight|Pressure\n|switch|p2a: Ribombee|Ribombee, F|100\/100\n|\n|-heal|p1a: Corviknight|94\/100|[from] item: Leftovers\n|upkeep\n|turn|10\n|\n|t:|1699946811\n|move|p2a: Ribombee|Stun Spore|p1a: Corviknight|[miss]\n|-miss|p2a: Ribombee|p1a: Corviknight\n|move|p1a: Corviknight|Defog|p2a: Ribombee\n|-unboost|p2a: Ribombee|evasion|1\n|-sideend|p1: jimmynut|Stealth Rock|[from] move: Defog|[of] p1a: Corviknight\n|\n|-heal|p1a: Corviknight|100\/100|[from] item: Leftovers\n|upkeep\n|turn|11\n|\n|t:|1699946826\n|switch|p2a: Torkoal|Torkoal, M|60\/100 slp\n|-weather|SunnyDay|[from] ability: Drought|[of] p2a: Torkoal\n|switch|p1a: Clodsire|Clodsire, F|100\/100\n|\n|-weather|SunnyDay|[upkeep]\n|upkeep\n|turn|12\n|\n|t:|1699946838\n|switch|p2a: Great Tusk|Great Tusk|100\/100\n|-activate|p2a: Great Tusk|ability: Protosynthesis\n|-start|p2a: Great Tusk|protosynthesisatk\n|move|p1a: Clodsire|Earthquake|p2a: Great Tusk\n|-damage|p2a: Great Tusk|80\/100\n|\n|-weather|SunnyDay|[upkeep]\n|upkeep\n|turn|13\n|\n|t:|1699946847\n|switch|p1a: Corviknight|Corviknight, F|100\/100\n|-ability|p1a: Corviknight|Pressure\n|move|p2a: Great Tusk|Knock Off|p1a: Corviknight\n|-damage|p1a: Corviknight|76\/100\n|-enditem|p1a: Corviknight|Leftovers|[from] move: Knock Off|[of] p2a: Great Tusk\n|\n|-weather|SunnyDay|[upkeep]\n|upkeep\n|turn|14\n|\n|t:|1699946858\n|-end|p2a: Great Tusk|Protosynthesis|[silent]\n|switch|p2a: Iron Moth|Iron Moth|100\/100\n|-enditem|p2a: Iron Moth|Booster Energy\n|-activate|p2a: Iron Moth|ability: Quark Drive|[fromitem]\n|-start|p2a: Iron Moth|quarkdrivespe\n|move|p1a: Corviknight|Iron Defense|p1a: Corviknight\n|-boost|p1a: Corviknight|def|2\n|\n|-weather|SunnyDay|[upkeep]\n|upkeep\n|turn|15\n|\n|t:|1699946868\n|switch|p1a: Clodsire|Clodsire, F|100\/100\n|move|p2a: Iron Moth|Fiery Dance|p1a: Clodsire\n|-damage|p1a: Clodsire|63\/100\n|-boost|p2a: Iron Moth|spa|1\n|\n|-weather|SunnyDay|[upkeep]\n|-heal|p1a: Clodsire|69\/100|[from] item: Leftovers\n|upkeep\n|turn|16\n|\n|t:|1699946877\n|move|p2a: Iron Moth|Psychic|p1a: Clodsire\n|-supereffective|p1a: Clodsire\n|-damage|p1a: Clodsire|32\/100\n|move|p1a: Clodsire|Toxic|p2a: Iron Moth\n|-immune|p2a: Iron Moth\n|\n|-weather|SunnyDay|[upkeep]\n|-heal|p1a: Clodsire|38\/100|[from] item: Leftovers\n|upkeep\n|turn|17\n|\n|t:|1699946889\n|move|p2a: Iron Moth|Fiery Dance|p1a: Clodsire\n|-damage|p1a: Clodsire|1\/100\n|-boost|p2a: Iron Moth|spa|1\n|move|p1a: Clodsire|Recover|p1a: Clodsire\n|-heal|p1a: Clodsire|51\/100\n|\n|-weather|SunnyDay|[upkeep]\n|-heal|p1a: Clodsire|57\/100|[from] item: Leftovers\n|upkeep\n|turn|18\n|\n|t:|1699946898\n|move|p2a: Iron Moth|Solar Beam||[still]\n|-prepare|p2a: Iron Moth|Solar Beam\n|-anim|p2a: Iron Moth|Solar Beam|p1a: Clodsire\n|-damage|p1a: Clodsire|32\/100\n|move|p1a: Clodsire|Recover|p1a: Clodsire\n|-heal|p1a: Clodsire|82\/100\n|\n|-weather|none\n|-heal|p1a: Clodsire|88\/100|[from] item: Leftovers\n|upkeep\n|turn|19\n|\n|t:|1699946906\n|move|p2a: Iron Moth|Psychic|p1a: Clodsire\n|-supereffective|p1a: Clodsire\n|-damage|p1a: Clodsire|55\/100\n|move|p1a: Clodsire|Toxic|p2a: Iron Moth\n|-immune|p2a: Iron Moth\n|\n|-heal|p1a: Clodsire|62\/100|[from] item: Leftovers\n|upkeep\n|turn|20\n|\n|t:|1699946911\n|move|p2a: Iron Moth|Fiery Dance|p1a: Clodsire\n|-damage|p1a: Clodsire|38\/100\n|-boost|p2a: Iron Moth|spa|1\n|move|p1a: Clodsire|Recover|p1a: Clodsire\n|-heal|p1a: Clodsire|88\/100\n|\n|-heal|p1a: Clodsire|94\/100|[from] item: Leftovers\n|upkeep\n|turn|21\n|\n|t:|1699946917\n|-end|p2a: Iron Moth|Quark Drive|[silent]\n|switch|p2a: Torkoal|Torkoal, M|60\/100 slp\n|-weather|SunnyDay|[from] ability: Drought|[of] p2a: Torkoal\n|move|p1a: Clodsire|Earthquake|p2a: Torkoal\n|-supereffective|p2a: Torkoal\n|-damage|p2a: Torkoal|32\/100 slp\n|\n|-weather|SunnyDay|[upkeep]\n|-heal|p1a: Clodsire|99\/100|[from] item: Leftovers\n|upkeep\n|turn|22\n|\n|t:|1699946921\n|move|p1a: Clodsire|Earthquake|p2a: Torkoal\n|-supereffective|p2a: Torkoal\n|-damage|p2a: Torkoal|2\/100 slp\n|cant|p2a: Torkoal|slp\n|\n|-weather|SunnyDay|[upkeep]\n|-heal|p1a: Clodsire|100\/100|[from] item: Leftovers\n|upkeep\n|turn|23\n|\n|t:|1699946925\n|switch|p2a: Rillaboom|Rillaboom, F|100\/100\n|-fieldstart|move: Grassy Terrain|[from] ability: Grassy Surge|[of] p2a: Rillaboom\n|move|p1a: Clodsire|Earthquake|p2a: Rillaboom\n|-resisted|p2a: Rillaboom\n|-damage|p2a: Rillaboom|93\/100\n|\n|-weather|SunnyDay|[upkeep]\n|-heal|p2a: Rillaboom|99\/100|[from] Grassy Terrain\n|upkeep\n|turn|24\n|\n|t:|1699946932\n|move|p2a: Rillaboom|Taunt|p1a: Clodsire\n|-start|p1a: Clodsire|move: Taunt\n|move|p1a: Clodsire|Counter||[still]\n|-fail|p1a: Clodsire\n|\n|-weather|SunnyDay|[upkeep]\n|-heal|p2a: Rillaboom|100\/100|[from] Grassy Terrain\n|upkeep\n|turn|25\n|\n|t:|1699946938\n|switch|p1a: Corviknight|Corviknight, F|76\/100\n|-ability|p1a: Corviknight|Pressure\n|move|p2a: Rillaboom|Knock Off|p1a: Corviknight\n|-damage|p1a: Corviknight|61\/100\n|\n|-weather|SunnyDay|[upkeep]\n|upkeep\n|turn|26\n|\n|t:|1699946947\n|move|p2a: Rillaboom|Taunt|p1a: Corviknight\n|-start|p1a: Corviknight|move: Taunt\n|cant|p1a: Corviknight|move: Taunt|Roost\n|\n|-weather|SunnyDay|[upkeep]\n|upkeep\n|turn|27\n|\n|t:|1699946958\n|switch|p1a: Sneasler|Sneasler, F, shiny|75\/100\n|-ability|p1a: Sneasler|Pressure\n|move|p2a: Rillaboom|U-turn|p1a: Sneasler\n|-resisted|p1a: Sneasler\n|-damage|p1a: Sneasler|67\/100\n|\n|t:|1699946967\n|switch|p2a: Walking Wake|Walking Wake|100\/100|[from] U-turn\n|-activate|p2a: Walking Wake|ability: Protosynthesis\n|-start|p2a: Walking Wake|protosynthesisspe\n|\n|-weather|SunnyDay|[upkeep]\n|-heal|p1a: Sneasler|73\/100|[from] Grassy Terrain\n|-heal|p1a: Sneasler|79\/100|[from] item: Black Sludge\n|upkeep\n|turn|28\n|\n|t:|1699946975\n|move|p1a: Sneasler|Protect|p1a: Sneasler\n|-singleturn|p1a: Sneasler|Protect\n|move|p2a: Walking Wake|Hydro Steam|p1a: Sneasler\n|-activate|p1a: Sneasler|move: Protect\n|\n|-weather|none\n|-end|p2a: Walking Wake|Protosynthesis\n|-heal|p1a: Sneasler|85\/100|[from] Grassy Terrain\n|-heal|p1a: Sneasler|91\/100|[from] item: Black Sludge\n|upkeep\n|turn|29\n|inactive|gggogat has 120 seconds left.\n|inactive|gggogat has 90 seconds left.\n|inactive|gggogat has 60 seconds left.\n|\n|t:|1699947082\n|move|p1a: Sneasler|Dire Claw|p2a: Walking Wake\n|-damage|p2a: Walking Wake|65\/100\n|move|p2a: Walking Wake|Hydro Steam|p1a: Sneasler\n|-damage|p1a: Sneasler|27\/100\n|\n|-heal|p1a: Sneasler|33\/100|[from] Grassy Terrain\n|-heal|p1a: Sneasler|39\/100|[from] item: Black Sludge\n|-heal|p2a: Walking Wake|71\/100|[from] Grassy Terrain\n|upkeep\n|turn|30\n|inactiveoff|Battle timer is now OFF.\n|\n|t:|1699947113\n|move|p1a: Sneasler|Protect|p1a: Sneasler\n|-singleturn|p1a: Sneasler|Protect\n|move|p2a: Walking Wake|Hydro Steam|p1a: Sneasler\n|-activate|p1a: Sneasler|move: Protect\n|\n|-heal|p1a: Sneasler|45\/100|[from] Grassy Terrain\n|-heal|p1a: Sneasler|51\/100|[from] item: Black Sludge\n|-heal|p2a: Walking Wake|77\/100|[from] Grassy Terrain\n|-fieldend|move: Grassy Terrain\n|upkeep\n|turn|31\n|\n|t:|1699947176\n|move|p1a: Sneasler|Substitute|p1a: Sneasler\n|-start|p1a: Sneasler|Substitute\n|-damage|p1a: Sneasler|27\/100\n|move|p2a: Walking Wake|Hydro Steam|p1a: Sneasler\n|-end|p1a: Sneasler|Substitute\n|\n|-heal|p1a: Sneasler|33\/100|[from] item: Black Sludge\n|upkeep\n|turn|32\n|\n|t:|1699947183\n|-end|p2a: Walking Wake|Protosynthesis|[silent]\n|switch|p2a: Torkoal|Torkoal, M|2\/100 slp\n|-weather|SunnyDay|[from] ability: Drought|[of] p2a: Torkoal\n|move|p1a: Sneasler|Protect||[still]\n|-fail|p1a: Sneasler\n|\n|-weather|SunnyDay|[upkeep]\n|-heal|p1a: Sneasler|39\/100|[from] item: Black Sludge\n|upkeep\n|turn|33\n|\n|t:|1699947187\n|switch|p2a: Rillaboom|Rillaboom, F|100\/100\n|-fieldstart|move: Grassy Terrain|[from] ability: Grassy Surge|[of] p2a: Rillaboom\n|move|p1a: Sneasler|Dire Claw|p2a: Rillaboom\n|-supereffective|p2a: Rillaboom\n|-damage|p2a: Rillaboom|23\/100\n|-message|Sleep Clause Mod activated.\n|-hint|Sleep Clause Mod prevents players from putting more than one of their opponent's Pok\u00e9mon to sleep at a time\n|\n|-weather|SunnyDay|[upkeep]\n|-heal|p1a: Sneasler|45\/100|[from] Grassy Terrain\n|-heal|p1a: Sneasler|51\/100|[from] item: Black Sludge\n|-heal|p2a: Rillaboom|29\/100|[from] Grassy Terrain\n|upkeep\n|turn|34\n|\n|t:|1699947200\n|switch|p2a: Iron Moth|Iron Moth|100\/100\n|move|p1a: Sneasler|Protect||[still]\n|-fail|p1a: Sneasler\n|\n|-weather|SunnyDay|[upkeep]\n|-heal|p1a: Sneasler|57\/100|[from] Grassy Terrain\n|-heal|p1a: Sneasler|63\/100|[from] item: Black Sludge\n|upkeep\n|turn|35\n|\n|t:|1699947212\n|move|p1a: Sneasler|Substitute|p1a: Sneasler\n|-start|p1a: Sneasler|Substitute\n|-damage|p1a: Sneasler|38\/100\n|move|p2a: Iron Moth|Psychic|p1a: Sneasler\n|-supereffective|p1a: Sneasler\n|-end|p1a: Sneasler|Substitute\n|\n|-weather|SunnyDay|[upkeep]\n|-heal|p1a: Sneasler|44\/100|[from] Grassy Terrain\n|-heal|p1a: Sneasler|50\/100|[from] item: Black Sludge\n|upkeep\n|turn|36\n|\n|t:|1699947231\n|move|p1a: Sneasler|Protect|p1a: Sneasler\n|-singleturn|p1a: Sneasler|Protect\n|move|p2a: Iron Moth|Fiery Dance|p1a: Sneasler\n|-activate|p1a: Sneasler|move: Protect\n|\n|-weather|SunnyDay|[upkeep]\n|-heal|p1a: Sneasler|56\/100|[from] Grassy Terrain\n|-heal|p1a: Sneasler|62\/100|[from] item: Black Sludge\n|upkeep\n|turn|37\n|\n|t:|1699947240\n|switch|p1a: Clodsire|Clodsire, F|100\/100\n|move|p2a: Iron Moth|Psychic|p1a: Clodsire\n|-supereffective|p1a: Clodsire\n|-damage|p1a: Clodsire|67\/100\n|\n|-weather|SunnyDay|[upkeep]\n|-heal|p1a: Clodsire|74\/100|[from] Grassy Terrain\n|-heal|p1a: Clodsire|80\/100|[from] item: Leftovers\n|upkeep\n|turn|38\n|\n|t:|1699947251\n|-end|p2a: Iron Moth|Quark Drive|[silent]\n|switch|p2a: Great Tusk|Great Tusk|80\/100\n|-activate|p2a: Great Tusk|ability: Protosynthesis\n|-start|p2a: Great Tusk|protosynthesisatk\n|move|p1a: Clodsire|Toxic|p2a: Great Tusk\n|-status|p2a: Great Tusk|tox\n|\n|-weather|SunnyDay|[upkeep]\n|-heal|p2a: Great Tusk|86\/100 tox|[from] Grassy Terrain\n|-heal|p1a: Clodsire|86\/100|[from] Grassy Terrain\n|-heal|p1a: Clodsire|92\/100|[from] item: Leftovers\n|-damage|p2a: Great Tusk|80\/100 tox|[from] psn\n|upkeep\n|turn|39\n|\n|t:|1699947268\n|switch|p1a: Corviknight|Corviknight, F|61\/100\n|-ability|p1a: Corviknight|Pressure\n|move|p2a: Great Tusk|Rapid Spin|p1a: Corviknight\n|-resisted|p1a: Corviknight\n|-damage|p1a: Corviknight|54\/100\n|-boost|p2a: Great Tusk|spe|1\n|\n|-weather|none\n|-end|p2a: Great Tusk|Protosynthesis\n|-heal|p2a: Great Tusk|86\/100 tox|[from] Grassy Terrain\n|-damage|p2a: Great Tusk|74\/100 tox|[from] psn\n|upkeep\n|turn|40\n|\n|t:|1699947282\n|move|p2a: Great Tusk|Close Combat|p1a: Corviknight\n|-crit|p1a: Corviknight\n|-damage|p1a: Corviknight|0 fnt\n|-unboost|p2a: Great Tusk|def|1\n|-unboost|p2a: Great Tusk|spd|1\n|faint|p1a: Corviknight\n|\n|-heal|p2a: Great Tusk|80\/100 tox|[from] Grassy Terrain\n|-damage|p2a: Great Tusk|61\/100 tox|[from] psn\n|-fieldend|move: Grassy Terrain\n|upkeep\n|\n|t:|1699947291\n|switch|p1a: Alomomola|Alomomola, F|100\/100\n|turn|41\n|\n|t:|1699947298\n|move|p2a: Great Tusk|Knock Off|p1a: Alomomola\n|-damage|p1a: Alomomola|79\/100\n|-enditem|p1a: Alomomola|Leftovers|[from] move: Knock Off|[of] p2a: Great Tusk\n|move|p1a: Alomomola|Wish|p1a: Alomomola\n|\n|-damage|p2a: Great Tusk|37\/100 tox|[from] psn\n|upkeep\n|turn|42\n|\n|t:|1699947305\n|-end|p2a: Great Tusk|Protosynthesis|[silent]\n|switch|p2a: Ribombee|Ribombee, F|100\/100\n|move|p1a: Alomomola|Flip Turn|p2a: Ribombee\n|-crit|p2a: Ribombee\n|-damage|p2a: Ribombee|58\/100\n|\n|t:|1699947310\n|switch|p1a: Weezing|Weezing-Galar, M|100\/100|[from] Flip Turn\n|-ability|p1a: Weezing|Neutralizing Gas\n|\n|upkeep\n|turn|43\n|\n|t:|1699947317\n|move|p2a: Ribombee|Sticky Web|p1a: Weezing\n|-sidestart|p1: jimmynut|move: Sticky Web\n|move|p1a: Weezing|Sludge Bomb|p2a: Ribombee\n|-supereffective|p2a: Ribombee\n|-damage|p2a: Ribombee|0 fnt\n|faint|p2a: Ribombee\n|\n|upkeep\n|\n|t:|1699947332\n|switch|p2a: Torkoal|Torkoal, M|2\/100 slp\n|turn|44\n|\n|t:|1699947340\n|switch|p2a: Iron Moth|Iron Moth|100\/100\n|move|p1a: Weezing|Sludge Bomb|p2a: Iron Moth\n|-resisted|p2a: Iron Moth\n|-damage|p2a: Iron Moth|87\/100\n|\n|upkeep\n|turn|45\n|\n|t:|1699947349\n|-end|p1a: Weezing|ability: Neutralizing Gas\n|switch|p1a: Clodsire|Clodsire, F|92\/100\n|-activate|p1a: Clodsire|move: Sticky Web\n|-unboost|p1a: Clodsire|spe|1\n|move|p2a: Iron Moth|Fiery Dance|p1a: Clodsire\n|-damage|p1a: Clodsire|69\/100\n|\n|-heal|p1a: Clodsire|76\/100|[from] item: Leftovers\n|upkeep\n|turn|46\n|\n|t:|1699947359\n|-end|p2a: Iron Moth|Quark Drive|[silent]\n|switch|p2a: Rillaboom|Rillaboom, F|29\/100\n|-fieldstart|move: Grassy Terrain|[from] ability: Grassy Surge|[of] p2a: Rillaboom\n|move|p1a: Clodsire|Earthquake|p2a: Rillaboom\n|-resisted|p2a: Rillaboom\n|-damage|p2a: Rillaboom|22\/100\n|\n|-heal|p2a: Rillaboom|28\/100|[from] Grassy Terrain\n|-heal|p1a: Clodsire|82\/100|[from] Grassy Terrain\n|-heal|p1a: Clodsire|88\/100|[from] item: Leftovers\n|upkeep\n|turn|47\n|\n|t:|1699947373\n|switch|p1a: Weezing|Weezing-Galar, M|100\/100\n|-ability|p1a: Weezing|Neutralizing Gas\n|move|p2a: Rillaboom|Taunt|p1a: Weezing\n|-start|p1a: Weezing|move: Taunt\n|\n|-heal|p2a: Rillaboom|34\/100|[from] Grassy Terrain\n|upkeep\n|turn|48\n|\n|t:|1699947382\n|switch|p2a: Iron Moth|Iron Moth|87\/100\n|move|p1a: Weezing|Sludge Bomb|p2a: Iron Moth\n|-resisted|p2a: Iron Moth\n|-damage|p2a: Iron Moth|72\/100\n|\n|-heal|p2a: Iron Moth|78\/100|[from] Grassy Terrain\n|upkeep\n|turn|49\n|\n|t:|1699947392\n|-end|p1a: Weezing|ability: Neutralizing Gas\n|switch|p1a: Clodsire|Clodsire, F|88\/100\n|-activate|p1a: Clodsire|move: Sticky Web\n|-unboost|p1a: Clodsire|spe|1\n|move|p2a: Iron Moth|Psychic|p1a: Clodsire\n|-supereffective|p1a: Clodsire\n|-damage|p1a: Clodsire|53\/100\n|\n|-heal|p2a: Iron Moth|84\/100|[from] Grassy Terrain\n|-heal|p1a: Clodsire|59\/100|[from] Grassy Terrain\n|-heal|p1a: Clodsire|65\/100|[from] item: Leftovers\n|upkeep\n|turn|50\n|\n|t:|1699947403\n|move|p2a: Iron Moth|Psychic|p1a: Clodsire\n|-supereffective|p1a: Clodsire\n|-damage|p1a: Clodsire|29\/100\n|move|p1a: Clodsire|Earthquake|p2a: Iron Moth\n|-supereffective|p2a: Iron Moth\n|-damage|p2a: Iron Moth|8\/100\n|\n|-heal|p2a: Iron Moth|14\/100|[from] Grassy Terrain\n|-heal|p1a: Clodsire|35\/100|[from] Grassy Terrain\n|-heal|p1a: Clodsire|41\/100|[from] item: Leftovers\n|upkeep\n|turn|51\n|\n|t:|1699947413\n|-end|p2a: Iron Moth|Quark Drive|[silent]\n|switch|p2a: Torkoal|Torkoal, M|2\/100 slp\n|-weather|SunnyDay|[from] ability: Drought|[of] p2a: Torkoal\n|move|p1a: Clodsire|Recover|p1a: Clodsire\n|-heal|p1a: Clodsire|91\/100\n|\n|-weather|SunnyDay|[upkeep]\n|-heal|p2a: Torkoal|8\/100 slp|[from] Grassy Terrain\n|-heal|p1a: Clodsire|97\/100|[from] Grassy Terrain\n|-heal|p1a: Clodsire|100\/100|[from] item: Leftovers\n|upkeep\n|turn|52\n|\n|t:|1699947417\n|cant|p2a: Torkoal|slp\n|move|p1a: Clodsire|Earthquake|p2a: Torkoal\n|-supereffective|p2a: Torkoal\n|-damage|p2a: Torkoal|0 fnt\n|faint|p2a: Torkoal\n|\n|-weather|SunnyDay|[upkeep]\n|upkeep\n|\n|t:|1699947423\n|switch|p2a: Walking Wake|Walking Wake|77\/100\n|-activate|p2a: Walking Wake|ability: Protosynthesis\n|-start|p2a: Walking Wake|protosynthesisspe\n|turn|53\n|\n|t:|1699947440\n|-terastallize|p1a: Clodsire|Water\n|move|p2a: Walking Wake|Hydro Steam|p1a: Clodsire\n|-resisted|p1a: Clodsire\n|-damage|p1a: Clodsire|77\/100\n|move|p1a: Clodsire|Toxic|p2a: Walking Wake|[miss]\n|-miss|p1a: Clodsire|p2a: Walking Wake\n|\n|-weather|SunnyDay|[upkeep]\n|-heal|p2a: Walking Wake|83\/100|[from] Grassy Terrain\n|-heal|p1a: Clodsire|83\/100|[from] Grassy Terrain\n|-heal|p1a: Clodsire|89\/100|[from] item: Leftovers\n|-fieldend|move: Grassy Terrain\n|upkeep\n|turn|54\n|\n|t:|1699947448\n|-end|p2a: Walking Wake|Protosynthesis|[silent]\n|switch|p2a: Rillaboom|Rillaboom, F|34\/100\n|-fieldstart|move: Grassy Terrain|[from] ability: Grassy Surge|[of] p2a: Rillaboom\n|move|p1a: Clodsire|Earthquake|p2a: Rillaboom\n|-resisted|p2a: Rillaboom\n|-damage|p2a: Rillaboom|27\/100\n|\n|-weather|SunnyDay|[upkeep]\n|-heal|p2a: Rillaboom|33\/100|[from] Grassy Terrain\n|-heal|p1a: Clodsire|95\/100|[from] Grassy Terrain\n|-heal|p1a: Clodsire|100\/100|[from] item: Leftovers\n|upkeep\n|turn|55\n|\n|t:|1699947458\n|switch|p1a: Weezing|Weezing-Galar, M|100\/100\n|-ability|p1a: Weezing|Neutralizing Gas\n|move|p2a: Rillaboom|Taunt|p1a: Weezing\n|-start|p1a: Weezing|move: Taunt\n|\n|-weather|SunnyDay|[upkeep]\n|-heal|p2a: Rillaboom|39\/100|[from] Grassy Terrain\n|upkeep\n|turn|56\n|\n|t:|1699947467\n|move|p2a: Rillaboom|U-turn|p1a: Weezing\n|-resisted|p1a: Weezing\n|-damage|p1a: Weezing|97\/100\n|\n|t:|1699947474\n|switch|p2a: Great Tusk|Great Tusk|37\/100 tox|[from] U-turn\n|-activate|p2a: Great Tusk|ability: Protosynthesis\n|-start|p2a: Great Tusk|protosynthesisatk\n|move|p1a: Weezing|Sludge Bomb|p2a: Great Tusk\n|-resisted|p2a: Great Tusk\n|-damage|p2a: Great Tusk|15\/100 tox\n|\n|-weather|SunnyDay|[upkeep]\n|-heal|p2a: Great Tusk|21\/100 tox|[from] Grassy Terrain\n|-heal|p1a: Weezing|100\/100|[from] Grassy Terrain\n|-damage|p2a: Great Tusk|15\/100 tox|[from] psn\n|upkeep\n|turn|57\n|\n|t:|1699947494\n|-end|p1a: Weezing|ability: Neutralizing Gas\n|switch|p1a: Alomomola|Alomomola, F|100\/100\n|-activate|p1a: Alomomola|move: Sticky Web\n|-unboost|p1a: Alomomola|spe|1\n|move|p2a: Great Tusk|Headlong Rush|p1a: Alomomola\n|-damage|p1a: Alomomola|47\/100\n|-unboost|p2a: Great Tusk|def|1\n|-unboost|p2a: Great Tusk|spd|1\n|\n|-weather|SunnyDay|[upkeep]\n|-heal|p2a: Great Tusk|21\/100 tox|[from] Grassy Terrain\n|-heal|p1a: Alomomola|53\/100|[from] Grassy Terrain\n|-damage|p2a: Great Tusk|9\/100 tox|[from] psn\n|upkeep\n|turn|58\n|\n|t:|1699947510\n|move|p1a: Alomomola|Protect|p1a: Alomomola\n|-singleturn|p1a: Alomomola|Protect\n|move|p2a: Great Tusk|Headlong Rush|p1a: Alomomola\n|-activate|p1a: Alomomola|move: Protect\n|\n|-weather|none\n|-end|p2a: Great Tusk|Protosynthesis\n|-heal|p2a: Great Tusk|15\/100 tox|[from] Grassy Terrain\n|-heal|p1a: Alomomola|59\/100|[from] Grassy Terrain\n|-damage|p2a: Great Tusk|0 fnt|[from] psn\n|faint|p2a: Great Tusk\n|-end|p2a: Great Tusk|Protosynthesis|[silent]\n|upkeep\n|\n|t:|1699947515\n|switch|p2a: Rillaboom|Rillaboom, F|39\/100\n|turn|59\n|\n|t:|1699947527\n|switch|p1a: Weezing|Weezing-Galar, M|100\/100\n|-ability|p1a: Weezing|Neutralizing Gas\n|move|p2a: Rillaboom|Taunt|p1a: Weezing\n|-start|p1a: Weezing|move: Taunt\n|\n|-heal|p2a: Rillaboom|45\/100|[from] Grassy Terrain\n|upkeep\n|turn|60\n|\n|t:|1699947533\n|move|p2a: Rillaboom|U-turn|p1a: Weezing\n|-resisted|p1a: Weezing\n|-damage|p1a: Weezing|97\/100\n|\n|t:|1699947536\n|switch|p2a: Iron Moth|Iron Moth|14\/100|[from] U-turn\n|move|p1a: Weezing|Sludge Bomb|p2a: Iron Moth\n|-resisted|p2a: Iron Moth\n|-damage|p2a: Iron Moth|0 fnt\n|faint|p2a: Iron Moth\n|-end|p2a: Iron Moth|Quark Drive|[silent]\n|\n|-heal|p1a: Weezing|100\/100|[from] Grassy Terrain\n|upkeep\n|\n|t:|1699947539\n|switch|p2a: Walking Wake|Walking Wake|83\/100\n|turn|61\n|-message|gggogat forfeited.\n|\n|win|jimmynut\n|raw|jimmynut's rating: 1179 &rarr; <strong>1198<\/strong><br \/>(+19 for winning)\n|raw|gggogat's rating: 1093 &rarr; <strong>1075<\/strong><br \/>(-18 for losing)\n|l|\u2606gggogat\n","uploadtime":1699947569,"views":15,"p1id":"jimmynut","p2id":"gggogat","formatid":"gen9ou","rating":1075,"private":0,"password":""}