{"id":"gen9ou-1993639271","p1":"samorathat","p2":"LegacyShowden","format":"[Gen 9] OU","log":"|j|\u2606samorathat\n|j|\u2606LegacyShowden\n|t:|1700340364\n|gametype|singles\n|player|p1|samorathat|boarder|1459\n|player|p2|LegacyShowden|rosa|1556\n|teamsize|p1|6\n|teamsize|p2|6\n|gen|9\n|tier|[Gen 9] OU\n|rated|\n|rule|Sleep Clause Mod: Limit one foe put to sleep\n|rule|Species Clause: Limit one of each Pok\u00e9mon\n|rule|OHKO Clause: OHKO moves are banned\n|rule|Evasion Items Clause: Evasion items are banned\n|rule|Evasion Moves Clause: Evasion moves are banned\n|rule|Endless Battle Clause: Forcing endless battles is banned\n|rule|HP Percentage Mod: HP is shown in percentages\n|clearpoke\n|poke|p1|Azumarill, M|\n|poke|p1|Zapdos|\n|poke|p1|Walking Wake|\n|poke|p1|Dragapult, M|\n|poke|p1|Ribombee, F|\n|poke|p1|Great Tusk|\n|poke|p2|Great Tusk|\n|poke|p2|Samurott-Hisui, M|\n|poke|p2|Dragapult, M|\n|poke|p2|Gholdengo|\n|poke|p2|Heatran, M|\n|poke|p2|Ogerpon-Wellspring, F|\n|teampreview\n|inactive|Battle timer is ON: inactive players will automatically lose when time's up. (requested by LegacyShowden)\n|inactive|samorathat also wants the timer to be on.\n|\n|t:|1700340371\n|start\n|switch|p1a: B2|Dragapult, M|100\/100\n|switch|p2a: Heatran|Heatran, M, shiny|100\/100\n|turn|1\n|\n|t:|1700340385\n|switch|p1a: Blue Balls|Azumarill, M|100\/100\n|move|p2a: Heatran|Magma Storm|p1a: Blue Balls\n|-resisted|p1a: Blue Balls\n|-damage|p1a: Blue Balls|86\/100\n|-activate|p1a: Blue Balls|move: Magma Storm|[of] p2a: Heatran\n|\n|-damage|p1a: Blue Balls|74\/100|[from] move: Magma Storm|[partiallytrapped]\n|upkeep\n|turn|2\n|\n|t:|1700340392\n|move|p2a: Heatran|Will-O-Wisp|p1a: Blue Balls\n|-status|p1a: Blue Balls|brn\n|move|p1a: Blue Balls|Knock Off|p2a: Heatran\n|-damage|p2a: Heatran|82\/100\n|-enditem|p2a: Heatran|Leftovers|[from] move: Knock Off|[of] p1a: Blue Balls\n|\n|-damage|p1a: Blue Balls|67\/100 brn|[from] brn\n|-damage|p1a: Blue Balls|55\/100 brn|[from] move: Magma Storm|[partiallytrapped]\n|upkeep\n|turn|3\n|\n|t:|1700340401\n|move|p2a: Heatran|Stealth Rock|p1a: Blue Balls\n|-sidestart|p1: samorathat|move: Stealth Rock\n|move|p1a: Blue Balls|Brick Break|p2a: Heatran\n|-supereffective|p2a: Heatran\n|-damage|p2a: Heatran|57\/100\n|\n|-damage|p1a: Blue Balls|49\/100 brn|[from] brn\n|-damage|p1a: Blue Balls|36\/100 brn|[from] move: Magma Storm|[partiallytrapped]\n|upkeep\n|turn|4\n|\n|t:|1700340409\n|switch|p2a: Ogerpon|Ogerpon-Wellspring, F|100\/100\n|move|p1a: Blue Balls|Aqua Jet|p2a: Ogerpon\n|-immune|p2a: Ogerpon|[from] ability: Water Absorb\n|\n|-damage|p1a: Blue Balls|30\/100 brn|[from] brn\n|-end|p1a: Blue Balls|Magma Storm|[partiallytrapped]|[silent]\n|upkeep\n|turn|5\n|\n|t:|1700340418\n|move|p2a: Ogerpon|Ivy Cudgel|p1a: Blue Balls|[anim] Ivy Cudgel Water\n|-resisted|p1a: Blue Balls\n|-damage|p1a: Blue Balls|2\/100 brn\n|move|p1a: Blue Balls|Knock Off|p2a: Ogerpon\n|-damage|p2a: Ogerpon|83\/100\n|\n|-damage|p1a: Blue Balls|0 fnt|[from] brn\n|faint|p1a: Blue Balls\n|upkeep\n|\n|t:|1700340426\n|switch|p1a: B2|Dragapult, M|100\/100\n|-damage|p1a: B2|88\/100|[from] Stealth Rock\n|turn|6\n|\n|t:|1700340434\n|switch|p2a: Heatran|Heatran, M, shiny|57\/100\n|-terastallize|p1a: B2|Ghost\n|move|p1a: B2|Tera Blast|p2a: Heatran|[anim] Tera Blast Ghost\n|-damage|p2a: Heatran|0 fnt\n|faint|p2a: Heatran\n|\n|upkeep\n|\n|t:|1700340439\n|switch|p2a: Samurott|Samurott-Hisui, M|100\/100\n|turn|7\n|\n|t:|1700340444\n|switch|p1a: Birbington City|Zapdos|100\/100\n|-damage|p1a: Birbington City|76\/100|[from] Stealth Rock\n|move|p2a: Samurott|Aqua Cutter|p1a: Birbington City\n|-damage|p1a: Birbington City|13\/100\n|\n|upkeep\n|turn|8\n|\n|t:|1700340451\n|switch|p2a: Dragapult|Dragapult, M, shiny|100\/100\n|move|p1a: Birbington City|Volt Switch|p2a: Dragapult\n|-resisted|p2a: Dragapult\n|-damage|p2a: Dragapult|78\/100\n|\n|t:|1700340458\n|switch|p1a: Elefun|Great Tusk|100\/100|[from] Volt Switch\n|-damage|p1a: Elefun|98\/100|[from] Stealth Rock\n|-enditem|p1a: Elefun|Booster Energy\n|-activate|p1a: Elefun|ability: Protosynthesis|[fromitem]\n|-start|p1a: Elefun|protosynthesisatk\n|\n|upkeep\n|turn|9\n|\n|t:|1700340466\n|move|p2a: Dragapult|Draco Meteor|p1a: Elefun|[miss]\n|-miss|p2a: Dragapult|p1a: Elefun\n|move|p1a: Elefun|Earthquake|p2a: Dragapult\n|-damage|p2a: Dragapult|0 fnt\n|faint|p2a: Dragapult\n|\n|upkeep\n|\n|t:|1700340469\n|switch|p2a: Great Tusk|Great Tusk|100\/100\n|turn|10\n|\n|t:|1700340474\n|move|p2a: Great Tusk|Rapid Spin|p1a: Elefun\n|-damage|p1a: Elefun|86\/100\n|-boost|p2a: Great Tusk|spe|1\n|move|p1a: Elefun|Rapid Spin|p2a: Great Tusk\n|-damage|p2a: Great Tusk|83\/100\n|-boost|p1a: Elefun|spe|1\n|-sideend|p1: samorathat|Stealth Rock|[from] move: Rapid Spin|[of] p1a: Elefun\n|\n|upkeep\n|turn|11\n|\n|t:|1700340481\n|-end|p1a: Elefun|Protosynthesis|[silent]\n|switch|p1a: Birbington City|Zapdos|13\/100\n|move|p2a: Great Tusk|Rapid Spin|p1a: Birbington City\n|-damage|p1a: Birbington City|0 fnt\n|-boost|p2a: Great Tusk|spe|1\n|-damage|p2a: Great Tusk|67\/100|[from] item: Rocky Helmet|[of] p1a: Birbington City\n|-status|p2a: Great Tusk|par|[from] ability: Static|[of] p1a: Birbington City\n|faint|p1a: Birbington City\n|\n|upkeep\n|\n|t:|1700340490\n|switch|p1a: Simba|Walking Wake|100\/100\n|-enditem|p1a: Simba|Booster Energy\n|-activate|p1a: Simba|ability: Protosynthesis|[fromitem]\n|-start|p1a: Simba|protosynthesisspa\n|turn|12\n|\n|t:|1700340497\n|move|p1a: Simba|Dragon Pulse|p2a: Great Tusk\n|-damage|p2a: Great Tusk|0 fnt\n|faint|p2a: Great Tusk\n|-end|p2a: Great Tusk|Protosynthesis|[silent]\n|\n|upkeep\n|\n|t:|1700340505\n|switch|p2a: Ogerpon|Ogerpon-Wellspring, F|83\/100\n|turn|13\n|\n|t:|1700340510\n|-terastallize|p2a: Ogerpon|Water\n|detailschange|p2a: Ogerpon|Ogerpon-Wellspring-Tera, F, tera:Water\n|-ability|p2a: Ogerpon|Embody Aspect (Wellspring)|boost\n|-boost|p2a: Ogerpon|spd|1\n|move|p2a: Ogerpon|Horn Leech|p1a: Simba\n|-damage|p1a: Simba|58\/100\n|-heal|p2a: Ogerpon|100\/100|[from] drain|[of] p1a: Simba\n|move|p1a: Simba|Dragon Pulse|p2a: Ogerpon\n|-damage|p2a: Ogerpon|52\/100\n|\n|upkeep\n|turn|14\n|\n|t:|1700340526\n|move|p2a: Ogerpon|Horn Leech|p1a: Simba\n|-damage|p1a: Simba|13\/100\n|-heal|p2a: Ogerpon|79\/100|[from] drain|[of] p1a: Simba\n|move|p1a: Simba|Dragon Pulse|p2a: Ogerpon\n|-damage|p2a: Ogerpon|30\/100\n|\n|upkeep\n|turn|15\n|\n|t:|1700340549\n|move|p2a: Ogerpon|Horn Leech|p1a: Simba\n|-damage|p1a: Simba|0 fnt\n|-heal|p2a: Ogerpon|37\/100|[from] drain|[of] p1a: Simba\n|faint|p1a: Simba\n|-end|p1a: Simba|Protosynthesis|[silent]\n|\n|upkeep\n|inactive|samorathat has 120 seconds left.\n|\n|t:|1700340567\n|switch|p1a: B2|Dragapult, M, tera:Ghost|88\/100\n|turn|16\n|\n|t:|1700340574\n|switch|p2a: Samurott|Samurott-Hisui, M|100\/100\n|move|p1a: B2|Tera Blast|p2a: Samurott|[anim] Tera Blast Ghost\n|-resisted|p2a: Samurott\n|-damage|p2a: Samurott|62\/100\n|\n|upkeep\n|turn|17\n|\n|t:|1700340586\n|switch|p1a: Ribombee|Ribombee, F|100\/100\n|move|p2a: Samurott|Aqua Cutter|p1a: Ribombee\n|-enditem|p1a: Ribombee|Focus Sash\n|-damage|p1a: Ribombee|1\/100\n|\n|upkeep\n|turn|18\n|\n|t:|1700340595\n|switch|p2a: Ogerpon|Ogerpon-Wellspring-Tera, F, tera:Water|37\/100\n|-ability|p2a: Ogerpon|Embody Aspect (Wellspring)|boost\n|-boost|p2a: Ogerpon|spd|1\n|move|p1a: Ribombee|Moonblast|p2a: Ogerpon\n|-damage|p2a: Ogerpon|2\/100\n|-unboost|p2a: Ogerpon|spa|1\n|\n|upkeep\n|turn|19\n|\n|t:|1700340607\n|switch|p1a: Elefun|Great Tusk|86\/100\n|move|p2a: Ogerpon|Horn Leech|p1a: Elefun\n|-supereffective|p1a: Elefun\n|-damage|p1a: Elefun|23\/100\n|-heal|p2a: Ogerpon|44\/100|[from] drain|[of] p1a: Elefun\n|\n|upkeep\n|turn|20\n|\n|t:|1700340617\n|-end|p1a: Elefun|Protosynthesis|[silent]\n|switch|p1a: Ribombee|Ribombee, F|1\/100\n|move|p2a: Ogerpon|Horn Leech|p1a: Ribombee\n|-resisted|p1a: Ribombee\n|-damage|p1a: Ribombee|0 fnt\n|-heal|p2a: Ogerpon|44\/100|[from] drain|[of] p1a: Ribombee\n|faint|p1a: Ribombee\n|\n|upkeep\n|\n|t:|1700340625\n|switch|p1a: B2|Dragapult, M, tera:Ghost|88\/100\n|turn|21\n|\n|t:|1700340629\n|move|p1a: B2|Dragon Darts|p2a: Ogerpon\n|-damage|p2a: Ogerpon|0 fnt\n|faint|p2a: Ogerpon\n|\n|upkeep\n|\n|t:|1700340634\n|switch|p2a: Samurott|Samurott-Hisui, M|62\/100\n|turn|22\n|\n|t:|1700340637\n|switch|p1a: Elefun|Great Tusk|23\/100\n|move|p2a: Samurott|Sucker Punch||[still]\n|-fail|p2a: Samurott\n|\n|upkeep\n|turn|23\n|\n|t:|1700340643\n|switch|p2a: Gholdengo|Gholdengo|100\/100\n|-item|p2a: Gholdengo|Air Balloon\n|move|p1a: Elefun|Earthquake|p2a: Gholdengo\n|-immune|p2a: Gholdengo\n|\n|upkeep\n|turn|24\n|\n|t:|1700340650\n|move|p1a: Elefun|Ice Spinner|p2a: Gholdengo\n|-resisted|p2a: Gholdengo\n|-damage|p2a: Gholdengo|91\/100\n|-enditem|p2a: Gholdengo|Air Balloon\n|move|p2a: Gholdengo|Hex|p1a: Elefun\n|-damage|p1a: Elefun|0 fnt\n|faint|p1a: Elefun\n|-end|p1a: Elefun|Protosynthesis|[silent]\n|\n|upkeep\n|\n|t:|1700340657\n|switch|p1a: B2|Dragapult, M, tera:Ghost|88\/100\n|turn|25\n|\n|t:|1700340660\n|move|p1a: B2|Tera Blast|p2a: Gholdengo|[anim] Tera Blast Ghost\n|-supereffective|p2a: Gholdengo\n|-damage|p2a: Gholdengo|0 fnt\n|faint|p2a: Gholdengo\n|\n|upkeep\n|\n|t:|1700340662\n|switch|p2a: Samurott|Samurott-Hisui, M|62\/100\n|turn|26\n|\n|t:|1700340666\n|move|p2a: Samurott|Sucker Punch|p1a: B2\n|-supereffective|p1a: B2\n|-damage|p1a: B2|0 fnt\n|faint|p1a: B2\n|\n|win|LegacyShowden\n|raw|samorathat's rating: 1459 &rarr; <strong>1444<\/strong><br \/>(-15 for losing)\n|raw|LegacyShowden's rating: 1556 &rarr; <strong>1571<\/strong><br \/>(+15 for winning)\n|l|\u2606samorathat\n","uploadtime":1700340672,"views":10,"p1id":"samorathat","p2id":"legacyshowden","formatid":"gen9ou","rating":1444,"private":0,"password":""}