{"id":"gen9ou-1996740310","p1":"pokemanpablotest","p2":"dys0920","format":"[Gen 9] OU","log":"|j|\u2606pokemanpablotest\n|j|\u2606dys0920\n|t:|1700717270\n|gametype|singles\n|player|p1|pokemanpablotest|102|1107\n|player|p2|dys0920|caitlin|1192\n|teamsize|p1|6\n|teamsize|p2|6\n|gen|9\n|tier|[Gen 9] OU\n|rated|\n|rule|Sleep Clause Mod: Limit one foe put to sleep\n|rule|Species Clause: Limit one of each Pok\u00e9mon\n|rule|OHKO Clause: OHKO moves are banned\n|rule|Evasion Items Clause: Evasion items are banned\n|rule|Evasion Moves Clause: Evasion moves are banned\n|rule|Endless Battle Clause: Forcing endless battles is banned\n|rule|HP Percentage Mod: HP is shown in percentages\n|clearpoke\n|poke|p1|Dragapult, F|\n|poke|p1|Ninetales-Alola, F|\n|poke|p1|Ceruledge, M|\n|poke|p1|Grimmsnarl, M|\n|poke|p1|Hatterene, F|\n|poke|p1|Rillaboom, F|\n|poke|p2|Armarouge, M|\n|poke|p2|Dragonite, F|\n|poke|p2|Gholdengo|\n|poke|p2|Glimmora, M|\n|poke|p2|Maushold|\n|poke|p2|Meowscarada, M|\n|teampreview\n|inactive|Battle timer is ON: inactive players will automatically lose when time's up. (requested by pokemanpablotest)\n|\n|t:|1700717279\n|start\n|switch|p1a: Ninetales|Ninetales-Alola, F|100\/100\n|switch|p2a: Meowscarada|Meowscarada, M|100\/100\n|-weather|Snow|[from] ability: Snow Warning|[of] p1a: Ninetales\n|turn|1\n|\n|t:|1700717289\n|switch|p2a: Gholdengo|Gholdengo|100\/100\n|move|p1a: Ninetales|Aurora Veil|p1a: Ninetales\n|-sidestart|p1: pokemanpablotest|move: Aurora Veil\n|\n|-weather|Snow|[upkeep]\n|upkeep\n|turn|2\n|\n|t:|1700717313\n|switch|p1a: Grimmsnarl|Grimmsnarl, M|100\/100\n|move|p2a: Gholdengo|Make It Rain|p1a: Grimmsnarl\n|-supereffective|p1a: Grimmsnarl\n|-damage|p1a: Grimmsnarl|43\/100\n|-unboost|p2a: Gholdengo|spa|1\n|-damage|p2a: Gholdengo|91\/100|[from] item: Life Orb\n|\n|-weather|Snow|[upkeep]\n|upkeep\n|turn|3\n|\n|t:|1700717325\n|switch|p2a: Meowscarada|Meowscarada, M|100\/100\n|move|p1a: Grimmsnarl|Parting Shot|p2a: Meowscarada\n|-hint|Since gen 7, Dark is immune to Prankster moves.\n|-immune|p2a: Meowscarada\n|\n|-weather|Snow|[upkeep]\n|upkeep\n|turn|4\n|\n|t:|1700717335\n|move|p1a: Grimmsnarl|Substitute|p1a: Grimmsnarl\n|-start|p1a: Grimmsnarl|Substitute\n|-damage|p1a: Grimmsnarl|18\/100\n|move|p2a: Meowscarada|Brick Break|p1a: Grimmsnarl\n|-start|p2a: Meowscarada|typechange|Fighting|[from] ability: Protean\n|-sideend|p1: pokemanpablotest|move: Aurora Veil\n|-end|p1a: Grimmsnarl|Substitute\n|\n|-weather|Snow|[upkeep]\n|upkeep\n|turn|5\n|\n|t:|1700717344\n|switch|p1a: Hatterene|Hatterene, F|100\/100\n|move|p2a: Meowscarada|Flower Trick|p1a: Hatterene\n|-crit|p1a: Hatterene\n|-damage|p1a: Hatterene|69\/100\n|\n|-weather|none\n|upkeep\n|turn|6\n|\n|t:|1700717353\n|switch|p2a: Maushold|Maushold|100\/100\n|move|p1a: Hatterene|Mystical Fire|p2a: Maushold\n|-damage|p2a: Maushold|67\/100\n|-unboost|p2a: Maushold|spa|1\n|\n|upkeep\n|turn|7\n|\n|t:|1700717361\n|move|p2a: Maushold|Population Bomb|p1a: Hatterene\n|-damage|p1a: Hatterene|59\/100\n|-damage|p2a: Maushold|51\/100|[from] item: Rocky Helmet|[of] p1a: Hatterene\n|-damage|p1a: Hatterene|49\/100\n|-damage|p2a: Maushold|34\/100|[from] item: Rocky Helmet|[of] p1a: Hatterene\n|-damage|p1a: Hatterene|39\/100\n|-damage|p2a: Maushold|17\/100|[from] item: Rocky Helmet|[of] p1a: Hatterene\n|-damage|p1a: Hatterene|28\/100\n|-damage|p2a: Maushold|1\/100|[from] item: Rocky Helmet|[of] p1a: Hatterene\n|-damage|p1a: Hatterene|18\/100\n|-damage|p2a: Maushold|0 fnt|[from] item: Rocky Helmet|[of] p1a: Hatterene\n|faint|p2a: Maushold\n|-hitcount|p1a: Hatterene|5\n|move|p1a: Hatterene|Misty Terrain|p1a: Hatterene\n|-fieldstart|move: Misty Terrain\n|\n|upkeep\n|\n|t:|1700717370\n|switch|p2a: Dragonite|Dragonite, F|100\/100\n|turn|8\n|\n|t:|1700717380\n|switch|p1a: Ninetales|Ninetales-Alola, F|100\/100\n|-weather|Snow|[from] ability: Snow Warning|[of] p1a: Ninetales\n|-terastallize|p2a: Dragonite|Normal\n|move|p2a: Dragonite|Extreme Speed|p1a: Ninetales\n|-damage|p1a: Ninetales|61\/100\n|\n|-weather|Snow|[upkeep]\n|upkeep\n|turn|9\n|\n|t:|1700717388\n|move|p1a: Ninetales|Aurora Veil|p1a: Ninetales\n|-sidestart|p1: pokemanpablotest|move: Aurora Veil\n|move|p2a: Dragonite|Dragon Dance|p2a: Dragonite\n|-boost|p2a: Dragonite|atk|1\n|-boost|p2a: Dragonite|spe|1\n|\n|-weather|Snow|[upkeep]\n|upkeep\n|turn|10\n|\n|t:|1700717397\n|switch|p1a: Dragapult|Dragapult, F|100\/100\n|move|p2a: Dragonite|Dragon Dance|p2a: Dragonite\n|-boost|p2a: Dragonite|atk|1\n|-boost|p2a: Dragonite|spe|1\n|\n|-weather|Snow|[upkeep]\n|upkeep\n|turn|11\n|\n|t:|1700717403\n|move|p1a: Dragapult|Will-O-Wisp|p2a: Dragonite\n|-activate|p2a: Dragonite|move: Misty Terrain\n|move|p2a: Dragonite|Earthquake|p1a: Dragapult\n|-damage|p1a: Dragapult|44\/100\n|\n|-weather|Snow|[upkeep]\n|-heal|p1a: Dragapult|50\/100|[from] item: Leftovers\n|-fieldend|Misty Terrain\n|upkeep\n|turn|12\n|\n|t:|1700717408\n|move|p1a: Dragapult|Will-O-Wisp|p2a: Dragonite\n|-status|p2a: Dragonite|brn\n|move|p2a: Dragonite|Earthquake|p1a: Dragapult\n|-damage|p1a: Dragapult|21\/100\n|\n|-weather|none\n|-heal|p1a: Dragapult|27\/100|[from] item: Leftovers\n|-damage|p2a: Dragonite|94\/100 brn|[from] brn\n|upkeep\n|turn|13\n|\n|t:|1700717418\n|switch|p1a: Ninetales|Ninetales-Alola, F|61\/100\n|-weather|Snow|[from] ability: Snow Warning|[of] p1a: Ninetales\n|move|p2a: Dragonite|Earthquake|p1a: Ninetales\n|-damage|p1a: Ninetales|45\/100\n|\n|-weather|Snow|[upkeep]\n|-damage|p2a: Dragonite|88\/100 brn|[from] brn\n|upkeep\n|turn|14\n|\n|t:|1700717426\n|move|p2a: Dragonite|Dragon Dance|p2a: Dragonite\n|-boost|p2a: Dragonite|atk|1\n|-boost|p2a: Dragonite|spe|1\n|move|p1a: Ninetales|Freeze-Dry|p2a: Dragonite\n|-crit|p2a: Dragonite\n|-damage|p2a: Dragonite|61\/100 brn\n|\n|-weather|Snow|[upkeep]\n|-damage|p2a: Dragonite|55\/100 brn|[from] brn\n|upkeep\n|turn|15\n|\n|t:|1700717432\n|move|p2a: Dragonite|Dragon Dance|p2a: Dragonite\n|-boost|p2a: Dragonite|atk|1\n|-boost|p2a: Dragonite|spe|1\n|move|p1a: Ninetales|Misty Terrain|p1a: Ninetales\n|-fieldstart|move: Misty Terrain\n|\n|-weather|Snow|[upkeep]\n|-damage|p2a: Dragonite|48\/100 brn|[from] brn\n|upkeep\n|turn|16\n|\n|t:|1700717440\n|switch|p1a: Rillaboom|Rillaboom, F|100\/100\n|-fieldstart|move: Grassy Terrain|[from] ability: Grassy Surge|[of] p1a: Rillaboom\n|move|p2a: Dragonite|Extreme Speed|p1a: Rillaboom\n|-damage|p1a: Rillaboom|62\/100\n|\n|-weather|Snow|[upkeep]\n|-heal|p2a: Dragonite|55\/100 brn|[from] Grassy Terrain\n|-heal|p1a: Rillaboom|68\/100|[from] Grassy Terrain\n|-damage|p2a: Dragonite|48\/100 brn|[from] brn\n|-sideend|p1: pokemanpablotest|move: Aurora Veil\n|upkeep\n|turn|17\n|\n|t:|1700717444\n|move|p2a: Dragonite|Earthquake|p1a: Rillaboom\n|-resisted|p1a: Rillaboom\n|-damage|p1a: Rillaboom|52\/100\n|move|p1a: Rillaboom|Drain Punch|p2a: Dragonite\n|-supereffective|p2a: Dragonite\n|-damage|p2a: Dragonite|0 fnt\n|-heal|p1a: Rillaboom|79\/100|[from] drain|[of] p2a: Dragonite\n|faint|p2a: Dragonite\n|\n|-weather|none\n|-heal|p1a: Rillaboom|85\/100|[from] Grassy Terrain\n|upkeep\n|\n|t:|1700717448\n|switch|p2a: Armarouge|Armarouge, M, shiny|100\/100\n|turn|18\n|\n|t:|1700717465\n|switch|p1a: Grimmsnarl|Grimmsnarl, M|18\/100\n|move|p2a: Armarouge|Armor Cannon|p1a: Grimmsnarl\n|-damage|p1a: Grimmsnarl|0 fnt\n|-unboost|p2a: Armarouge|def|1\n|-unboost|p2a: Armarouge|spd|1\n|faint|p1a: Grimmsnarl\n|\n|upkeep\n|\n|t:|1700717471\n|switch|p1a: Dragapult|Dragapult, F|27\/100\n|turn|19\n|\n|t:|1700717476\n|move|p1a: Dragapult|Phantom Force||[still]\n|-prepare|p1a: Dragapult|Phantom Force\n|move|p2a: Armarouge|Armor Cannon|p1a: Dragapult|[miss]\n|-miss|p2a: Armarouge|p1a: Dragapult\n|\n|-heal|p1a: Dragapult|33\/100|[from] item: Leftovers\n|upkeep\n|turn|20\n|\n|t:|1700717482\n|move|p2a: Armarouge|Endure|p2a: Armarouge\n|-singleturn|p2a: Armarouge|move: Endure\n|move|p1a: Dragapult|Phantom Force|p2a: Armarouge|[from]lockedmove\n|-supereffective|p2a: Armarouge\n|-activate|p2a: Armarouge|move: Endure\n|-damage|p2a: Armarouge|1\/100\n|-ability|p2a: Armarouge|Weak Armor|boost\n|-unboost|p2a: Armarouge|def|1\n|-boost|p2a: Armarouge|spe|2\n|-enditem|p2a: Armarouge|Weakness Policy\n|-boost|p2a: Armarouge|atk|2|[from] item: Weakness Policy\n|-boost|p2a: Armarouge|spa|2|[from] item: Weakness Policy\n|\n|-heal|p2a: Armarouge|7\/100|[from] Grassy Terrain\n|-heal|p1a: Dragapult|39\/100|[from] Grassy Terrain\n|-heal|p1a: Dragapult|45\/100|[from] item: Leftovers\n|-fieldend|move: Grassy Terrain\n|upkeep\n|turn|21\n|\n|t:|1700717499\n|move|p2a: Armarouge|Psychic|p1a: Dragapult\n|-damage|p1a: Dragapult|0 fnt\n|faint|p1a: Dragapult\n|\n|upkeep\n|\n|t:|1700717504\n|switch|p1a: Ceruledge|Ceruledge, M|100\/100\n|turn|22\n|\n|t:|1700717508\n|move|p2a: Armarouge|Endure|p2a: Armarouge\n|-singleturn|p2a: Armarouge|move: Endure\n|move|p1a: Ceruledge|Shadow Sneak|p2a: Armarouge\n|-supereffective|p2a: Armarouge\n|-activate|p2a: Armarouge|move: Endure\n|-damage|p2a: Armarouge|1\/100\n|-ability|p2a: Armarouge|Weak Armor|boost\n|-unboost|p2a: Armarouge|def|1\n|-boost|p2a: Armarouge|spe|2\n|\n|upkeep\n|turn|23\n|\n|t:|1700717515\n|move|p1a: Ceruledge|Shadow Sneak|p2a: Armarouge\n|-supereffective|p2a: Armarouge\n|-damage|p2a: Armarouge|0 fnt\n|faint|p2a: Armarouge\n|\n|upkeep\n|\n|t:|1700717519\n|switch|p2a: Meowscarada|Meowscarada, M|100\/100\n|turn|24\n|\n|t:|1700717525\n|move|p2a: Meowscarada|Knock Off|p1a: Ceruledge\n|-start|p2a: Meowscarada|typechange|Dark|[from] ability: Protean\n|-supereffective|p1a: Ceruledge\n|-damage|p1a: Ceruledge|0 fnt\n|-enditem|p1a: Ceruledge|Misty Seed|[from] move: Knock Off|[of] p2a: Meowscarada\n|faint|p1a: Ceruledge\n|\n|upkeep\n|\n|t:|1700717532\n|switch|p1a: Ninetales|Ninetales-Alola, F|45\/100\n|-weather|Snow|[from] ability: Snow Warning|[of] p1a: Ninetales\n|turn|25\n|\n|t:|1700717540\n|move|p2a: Meowscarada|Flower Trick|p1a: Ninetales\n|-crit|p1a: Ninetales\n|-damage|p1a: Ninetales|19\/100\n|move|p1a: Ninetales|Aurora Veil|p1a: Ninetales\n|-sidestart|p1: pokemanpablotest|move: Aurora Veil\n|\n|-weather|Snow|[upkeep]\n|upkeep\n|turn|26\n|\n|t:|1700717546\n|move|p2a: Meowscarada|Brick Break|p1a: Ninetales\n|-sideend|p1: pokemanpablotest|move: Aurora Veil\n|-damage|p1a: Ninetales|0 fnt\n|faint|p1a: Ninetales\n|\n|-weather|Snow|[upkeep]\n|upkeep\n|\n|t:|1700717550\n|switch|p1a: Rillaboom|Rillaboom, F|85\/100\n|-fieldstart|move: Grassy Terrain|[from] ability: Grassy Surge|[of] p1a: Rillaboom\n|turn|27\n|\n|t:|1700717555\n|move|p2a: Meowscarada|Knock Off|p1a: Rillaboom\n|-damage|p1a: Rillaboom|33\/100\n|-enditem|p1a: Rillaboom|Choice Band|[from] move: Knock Off|[of] p2a: Meowscarada\n|move|p1a: Rillaboom|Drain Punch|p2a: Meowscarada\n|-supereffective|p2a: Meowscarada\n|-crit|p2a: Meowscarada\n|-enditem|p2a: Meowscarada|Focus Sash\n|-damage|p2a: Meowscarada|1\/100\n|-heal|p1a: Rillaboom|76\/100|[from] drain|[of] p2a: Meowscarada\n|\n|-weather|Snow|[upkeep]\n|-heal|p2a: Meowscarada|7\/100|[from] Grassy Terrain\n|-heal|p1a: Rillaboom|82\/100|[from] Grassy Terrain\n|upkeep\n|turn|28\n|\n|t:|1700717565\n|move|p1a: Rillaboom|Grassy Glide|p2a: Meowscarada\n|-damage|p2a: Meowscarada|0 fnt\n|faint|p2a: Meowscarada\n|\n|-weather|Snow|[upkeep]\n|-heal|p1a: Rillaboom|88\/100|[from] Grassy Terrain\n|upkeep\n|\n|t:|1700717571\n|switch|p2a: Gholdengo|Gholdengo|91\/100\n|turn|29\n|\n|t:|1700717577\n|move|p2a: Gholdengo|Make It Rain|p1a: Rillaboom\n|-damage|p1a: Rillaboom|0 fnt\n|-unboost|p2a: Gholdengo|spa|1\n|faint|p1a: Rillaboom\n|-damage|p2a: Gholdengo|81\/100|[from] item: Life Orb\n|\n|-weather|none\n|-heal|p2a: Gholdengo|87\/100|[from] Grassy Terrain\n|upkeep\n|-message|pokemanpablotest forfeited.\n|\n|win|dys0920\n|raw|pokemanpablotest's rating: 1107 &rarr; <strong>1088<\/strong><br \/>(-19 for losing)\n|raw|dys0920's rating: 1192 &rarr; <strong>1211<\/strong><br \/>(+19 for winning)\n|l|\u2606pokemanpablotest\n","uploadtime":1700717590,"views":14,"p1id":"pokemanpablotest","p2id":"dys0920","formatid":"gen9ou","rating":1088,"private":0,"password":""}