{"id":"gen9ou-1994576015","p1":"mrbadd","p2":"Updog1337","format":"[Gen 9] OU","log":"|j|\u2606mrbadd\n|j|\u2606Updog1337\n|t:|1700462756\n|gametype|singles\n|player|p1|mrbadd|rocker-gen1rb|1337\n|player|p2|Updog1337|2|1344\n|teamsize|p1|6\n|teamsize|p2|6\n|gen|9\n|tier|[Gen 9] OU\n|rated|\n|rule|Sleep Clause Mod: Limit one foe put to sleep\n|rule|Species Clause: Limit one of each Pok\u00e9mon\n|rule|OHKO Clause: OHKO moves are banned\n|rule|Evasion Items Clause: Evasion items are banned\n|rule|Evasion Moves Clause: Evasion moves are banned\n|rule|Endless Battle Clause: Forcing endless battles is banned\n|rule|HP Percentage Mod: HP is shown in percentages\n|clearpoke\n|poke|p1|Dragapult, F|\n|poke|p1|Skeledirge, M|\n|poke|p1|Milotic, F|\n|poke|p1|Clefable, M|\n|poke|p1|Clodsire, M|\n|poke|p1|Mandibuzz, F|\n|poke|p2|Iron Valiant|\n|poke|p2|Glimmora, M|\n|poke|p2|Gholdengo|\n|poke|p2|Zapdos|\n|poke|p2|Dragapult, M|\n|poke|p2|Kingambit, F|\n|teampreview\n|inactive|Battle timer is ON: inactive players will automatically lose when time's up. (requested by Updog1337)\n|\n|t:|1700462770\n|start\n|switch|p1a: Creep|Dragapult, F, shiny|100\/100\n|switch|p2a: Glimmora|Glimmora, M|100\/100\n|turn|1\n|\n|t:|1700462778\n|move|p1a: Creep|Shadow Ball|p2a: Glimmora\n|-crit|p2a: Glimmora\n|-enditem|p2a: Glimmora|Focus Sash\n|-damage|p2a: Glimmora|1\/100\n|move|p2a: Glimmora|Stealth Rock|p1a: Creep\n|-sidestart|p1: mrbadd|move: Stealth Rock\n|\n|upkeep\n|turn|2\n|\n|t:|1700462788\n|switch|p2a: Kingambit|Kingambit, F|100\/100\n|move|p1a: Creep|Shadow Ball|p2a: Kingambit\n|-resisted|p2a: Kingambit\n|-damage|p2a: Kingambit|77\/100\n|\n|-heal|p2a: Kingambit|83\/100|[from] item: Leftovers\n|upkeep\n|turn|3\n|\n|t:|1700462796\n|switch|p1a: Mandibuzz|Mandibuzz, F, shiny|100\/100\n|move|p2a: Kingambit|Iron Head|p1a: Mandibuzz\n|-damage|p1a: Mandibuzz|73\/100\n|\n|-heal|p2a: Kingambit|89\/100|[from] item: Leftovers\n|upkeep\n|turn|4\n|\n|t:|1700462806\n|-end|p2a: Kingambit|fallenundefined|[silent]\n|switch|p2a: Glimmora|Glimmora, M|1\/100\n|move|p1a: Mandibuzz|Iron Defense|p1a: Mandibuzz\n|-boost|p1a: Mandibuzz|def|2\n|\n|upkeep\n|turn|5\n|\n|t:|1700462814\n|switch|p1a: Clodsire|Clodsire, M|100\/100\n|-damage|p1a: Clodsire|94\/100|[from] Stealth Rock\n|move|p2a: Glimmora|Mortal Spin|p1a: Clodsire\n|-resisted|p1a: Clodsire\n|-damage|p1a: Clodsire|93\/100\n|\n|-heal|p1a: Clodsire|99\/100|[from] item: Black Sludge\n|upkeep\n|turn|6\n|\n|t:|1700462826\n|move|p2a: Glimmora|Earth Power|p1a: Clodsire\n|-supereffective|p1a: Clodsire\n|-damage|p1a: Clodsire|50\/100\n|move|p1a: Clodsire|Spikes|p2a: Glimmora\n|-sidestart|p2: Updog1337|Spikes\n|\n|-heal|p1a: Clodsire|57\/100|[from] item: Black Sludge\n|upkeep\n|turn|7\n|\n|t:|1700462839\n|move|p2a: Glimmora|Mortal Spin|p1a: Clodsire\n|-resisted|p1a: Clodsire\n|-damage|p1a: Clodsire|56\/100\n|-sideend|p2: Updog1337|Spikes|[from] move: Mortal Spin|[of] p2a: Glimmora\n|move|p1a: Clodsire|Earthquake|p2a: Glimmora\n|-supereffective|p2a: Glimmora\n|-damage|p2a: Glimmora|0 fnt\n|-activate|p2a: Glimmora|ability: Toxic Debris\n|-sidestart|p1: mrbadd|move: Toxic Spikes\n|faint|p2a: Glimmora\n|\n|-heal|p1a: Clodsire|62\/100|[from] item: Black Sludge\n|upkeep\n|\n|t:|1700462864\n|switch|p2a: Gholdengo|Gholdengo|100\/100\n|-item|p2a: Gholdengo|Air Balloon\n|turn|8\n|\n|t:|1700462877\n|switch|p1a: Cytherea|Milotic, F|100\/100\n|move|p2a: Gholdengo|Nasty Plot|p2a: Gholdengo\n|-boost|p2a: Gholdengo|spa|2\n|\n|upkeep\n|turn|9\n|\n|t:|1700462884\n|move|p2a: Gholdengo|Shadow Ball|p1a: Cytherea\n|-damage|p1a: Cytherea|51\/100\n|move|p1a: Cytherea|Haze|p1a: Cytherea\n|-clearallboost\n|\n|upkeep\n|turn|10\n|\n|t:|1700462899\n|switch|p2a: Zapdos|Zapdos|100\/100\n|-ability|p2a: Zapdos|Pressure\n|move|p1a: Cytherea|Recover|p1a: Cytherea\n|-heal|p1a: Cytherea|100\/100\n|\n|upkeep\n|turn|11\n|\n|t:|1700462907\n|switch|p2a: Kingambit|Kingambit, F|89\/100\n|-activate|p2a: Kingambit|ability: Supreme Overlord\n|-start|p2a: Kingambit|fallen1|[silent]\n|move|p1a: Cytherea|Mirror Coat||[still]\n|-fail|p1a: Cytherea\n|\n|-heal|p2a: Kingambit|95\/100|[from] item: Leftovers\n|upkeep\n|turn|12\n|\n|t:|1700462915\n|move|p1a: Cytherea|Scald|p2a: Kingambit\n|-damage|p2a: Kingambit|67\/100\n|-status|p2a: Kingambit|brn\n|move|p2a: Kingambit|Kowtow Cleave|p1a: Cytherea\n|-damage|p1a: Cytherea|74\/100\n|\n|-heal|p2a: Kingambit|73\/100 brn|[from] item: Leftovers\n|-damage|p2a: Kingambit|67\/100 brn|[from] brn\n|upkeep\n|turn|13\n|\n|t:|1700462927\n|move|p1a: Cytherea|Scald|p2a: Kingambit\n|-damage|p2a: Kingambit|41\/100 brn\n|move|p2a: Kingambit|Swords Dance|p2a: Kingambit\n|-boost|p2a: Kingambit|atk|2\n|\n|-heal|p2a: Kingambit|47\/100 brn|[from] item: Leftovers\n|-damage|p2a: Kingambit|41\/100 brn|[from] brn\n|upkeep\n|turn|14\n|\n|t:|1700462936\n|move|p1a: Cytherea|Haze|p1a: Cytherea\n|-clearallboost\n|move|p2a: Kingambit|Kowtow Cleave|p1a: Cytherea\n|-damage|p1a: Cytherea|44\/100\n|\n|-heal|p2a: Kingambit|47\/100 brn|[from] item: Leftovers\n|-damage|p2a: Kingambit|41\/100 brn|[from] brn\n|upkeep\n|turn|15\n|\n|t:|1700462946\n|-end|p2a: Kingambit|fallen1|[silent]\n|switch|p2a: Dragapult|Dragapult, M|100\/100\n|move|p1a: Cytherea|Recover|p1a: Cytherea\n|-heal|p1a: Cytherea|94\/100\n|\n|upkeep\n|turn|16\n|\n|t:|1700462961\n|switch|p1a: Clefable|Clefable, M, shiny|100\/100\n|-status|p1a: Clefable|psn\n|-terastallize|p2a: Dragapult|Ghost\n|move|p2a: Dragapult|Shadow Ball|p1a: Clefable\n|-damage|p1a: Clefable|34\/100 psn\n|\n|-heal|p1a: Clefable|40\/100 psn|[from] item: Leftovers\n|upkeep\n|turn|17\n|\n|t:|1700462976\n|switch|p1a: Mandibuzz|Mandibuzz, F, shiny|73\/100\n|move|p2a: Dragapult|Shadow Ball|p1a: Mandibuzz\n|-resisted|p1a: Mandibuzz\n|-damage|p1a: Mandibuzz|44\/100\n|\n|upkeep\n|turn|18\n|\n|t:|1700462986\n|switch|p2a: Gholdengo|Gholdengo|100\/100\n|-item|p2a: Gholdengo|Air Balloon\n|move|p1a: Mandibuzz|Roost|p1a: Mandibuzz\n|-heal|p1a: Mandibuzz|94\/100\n|-singleturn|p1a: Mandibuzz|move: Roost\n|\n|upkeep\n|turn|19\n|\n|t:|1700462997\n|switch|p1a: Cytherea|Milotic, F|94\/100\n|move|p2a: Gholdengo|Nasty Plot|p2a: Gholdengo\n|-boost|p2a: Gholdengo|spa|2\n|\n|upkeep\n|turn|20\n|\n|t:|1700463007\n|move|p2a: Gholdengo|Shadow Ball|p1a: Cytherea\n|-damage|p1a: Cytherea|49\/100\n|move|p1a: Cytherea|Mirror Coat|p2a: Gholdengo\n|-damage|p2a: Gholdengo|0 fnt\n|-enditem|p2a: Gholdengo|Air Balloon\n|faint|p2a: Gholdengo\n|\n|upkeep\n|\n|t:|1700463010\n|switch|p2a: Dragapult|Dragapult, M, tera:Ghost|100\/100\n|turn|21\n|\n|t:|1700463030\n|switch|p1a: Mandibuzz|Mandibuzz, F, shiny|94\/100\n|move|p2a: Dragapult|Shadow Ball|p1a: Mandibuzz\n|-resisted|p1a: Mandibuzz\n|-damage|p1a: Mandibuzz|63\/100\n|-unboost|p1a: Mandibuzz|spd|1\n|\n|upkeep\n|turn|22\n|\n|t:|1700463040\n|move|p2a: Dragapult|Shadow Ball|p1a: Mandibuzz\n|-resisted|p1a: Mandibuzz\n|-damage|p1a: Mandibuzz|23\/100\n|move|p1a: Mandibuzz|Roost|p1a: Mandibuzz\n|-heal|p1a: Mandibuzz|73\/100\n|-singleturn|p1a: Mandibuzz|move: Roost\n|\n|upkeep\n|turn|23\n|\n|t:|1700463050\n|switch|p1a: Clodsire|Clodsire, M|62\/100\n|-damage|p1a: Clodsire|56\/100|[from] Stealth Rock\n|-sideend|p1: mrbadd|move: Toxic Spikes|[of] p1a: Clodsire\n|move|p2a: Dragapult|Shadow Ball|p1a: Clodsire\n|-damage|p1a: Clodsire|4\/100\n|-unboost|p1a: Clodsire|spd|1\n|\n|-heal|p1a: Clodsire|11\/100|[from] item: Black Sludge\n|upkeep\n|turn|24\n|inactive|mrbadd has 120 seconds left.\n|\n|t:|1700463092\n|move|p2a: Dragapult|Shadow Ball|p1a: Clodsire\n|-damage|p1a: Clodsire|0 fnt\n|faint|p1a: Clodsire\n|\n|upkeep\n|\n|t:|1700463097\n|switch|p1a: Mandibuzz|Mandibuzz, F, shiny|73\/100\n|turn|25\n|\n|t:|1700463102\n|switch|p2a: Zapdos|Zapdos|100\/100\n|-ability|p2a: Zapdos|Pressure\n|move|p1a: Mandibuzz|Foul Play|p2a: Zapdos\n|-damage|p2a: Zapdos|81\/100\n|\n|upkeep\n|turn|26\n|\n|t:|1700463111\n|switch|p1a: Creep|Dragapult, F, shiny|100\/100\n|-damage|p1a: Creep|88\/100|[from] Stealth Rock\n|move|p2a: Zapdos|Volt Switch|p1a: Creep\n|-resisted|p1a: Creep\n|-damage|p1a: Creep|69\/100\n|\n|t:|1700463115\n|switch|p2a: Kingambit|Kingambit, F|41\/100 brn|[from] Volt Switch\n|-activate|p2a: Kingambit|ability: Supreme Overlord\n|-start|p2a: Kingambit|fallen2|[silent]\n|\n|-heal|p2a: Kingambit|47\/100 brn|[from] item: Leftovers\n|-damage|p2a: Kingambit|41\/100 brn|[from] brn\n|upkeep\n|turn|27\n|\n|t:|1700463125\n|switch|p1a: Mandibuzz|Mandibuzz, F, shiny|73\/100\n|move|p2a: Kingambit|Kowtow Cleave|p1a: Mandibuzz\n|-resisted|p1a: Mandibuzz\n|-damage|p1a: Mandibuzz|65\/100\n|\n|-heal|p2a: Kingambit|47\/100 brn|[from] item: Leftovers\n|-damage|p2a: Kingambit|41\/100 brn|[from] brn\n|upkeep\n|turn|28\n|\n|t:|1700463137\n|-end|p2a: Kingambit|fallen2|[silent]\n|switch|p2a: Zapdos|Zapdos|81\/100\n|-ability|p2a: Zapdos|Pressure\n|move|p1a: Mandibuzz|Roost|p1a: Mandibuzz\n|-heal|p1a: Mandibuzz|100\/100\n|-singleturn|p1a: Mandibuzz|move: Roost\n|\n|upkeep\n|turn|29\n|\n|t:|1700463154\n|switch|p1a: Clefable|Clefable, M, shiny|40\/100 psn\n|move|p2a: Zapdos|Hurricane|p1a: Clefable\n|-damage|p1a: Clefable|0 fnt\n|faint|p1a: Clefable\n|\n|upkeep\n|inactive|mrbadd has 120 seconds left.\n|\n|t:|1700463169\n|switch|p1a: Huling El Bimbo|Skeledirge, M, shiny|100\/100\n|turn|30\n|\n|t:|1700463178\n|move|p2a: Zapdos|Hurricane|p1a: Huling El Bimbo|[miss]\n|-miss|p2a: Zapdos|p1a: Huling El Bimbo\n|move|p1a: Huling El Bimbo|Torch Song|p2a: Zapdos\n|-crit|p2a: Zapdos\n|-damage|p2a: Zapdos|40\/100\n|-boost|p1a: Huling El Bimbo|spa|1\n|\n|upkeep\n|turn|31\n|inactive|mrbadd has 120 seconds left.\n|\n|t:|1700463200\n|switch|p2a: Kingambit|Kingambit, F|41\/100 brn\n|-activate|p2a: Kingambit|ability: Supreme Overlord\n|-start|p2a: Kingambit|fallen2|[silent]\n|move|p1a: Huling El Bimbo|Torch Song|p2a: Kingambit\n|-supereffective|p2a: Kingambit\n|-damage|p2a: Kingambit|0 fnt\n|-boost|p1a: Huling El Bimbo|spa|1\n|faint|p2a: Kingambit\n|-end|p2a: Kingambit|fallen2|[silent]\n|\n|upkeep\n|\n|t:|1700463202\n|switch|p2a: Dragapult|Dragapult, M, tera:Ghost|100\/100\n|turn|32\n|inactive|mrbadd has 120 seconds left.\n|\n|t:|1700463239\n|switch|p1a: Mandibuzz|Mandibuzz, F, shiny|100\/100\n|move|p2a: Dragapult|Shadow Ball|p1a: Mandibuzz\n|-resisted|p1a: Mandibuzz\n|-damage|p1a: Mandibuzz|72\/100\n|\n|upkeep\n|turn|33\n|\n|t:|1700463254\n|switch|p2a: Zapdos|Zapdos|40\/100\n|-ability|p2a: Zapdos|Pressure\n|switch|p1a: Huling El Bimbo|Skeledirge, M, shiny|100\/100\n|\n|upkeep\n|turn|34\n|\n|t:|1700463264\n|move|p2a: Zapdos|Hurricane|p1a: Huling El Bimbo\n|-crit|p1a: Huling El Bimbo\n|-damage|p1a: Huling El Bimbo|49\/100\n|-start|p1a: Huling El Bimbo|confusion\n|-activate|p1a: Huling El Bimbo|confusion\n|move|p1a: Huling El Bimbo|Torch Song|p2a: Zapdos\n|-damage|p2a: Zapdos|12\/100\n|-boost|p1a: Huling El Bimbo|spa|1\n|\n|upkeep\n|turn|35\n|\n|t:|1700463276\n|move|p2a: Zapdos|Hurricane|p1a: Huling El Bimbo\n|-damage|p1a: Huling El Bimbo|18\/100\n|-end|p1a: Huling El Bimbo|confusion\n|move|p1a: Huling El Bimbo|Slack Off|p1a: Huling El Bimbo\n|-heal|p1a: Huling El Bimbo|68\/100\n|\n|upkeep\n|turn|36\n|\n|t:|1700463287\n|move|p2a: Zapdos|Volt Switch|p1a: Huling El Bimbo\n|-damage|p1a: Huling El Bimbo|47\/100\n|\n|t:|1700463289\n|switch|p2a: Dragapult|Dragapult, M, tera:Ghost|100\/100|[from] Volt Switch\n|move|p1a: Huling El Bimbo|Slack Off|p1a: Huling El Bimbo\n|-heal|p1a: Huling El Bimbo|97\/100\n|\n|upkeep\n|turn|37\n|\n|t:|1700463297\n|switch|p1a: Mandibuzz|Mandibuzz, F, shiny|72\/100\n|move|p2a: Dragapult|Shadow Ball|p1a: Mandibuzz\n|-resisted|p1a: Mandibuzz\n|-damage|p1a: Mandibuzz|43\/100\n|\n|upkeep\n|turn|38\n|inactive|mrbadd has 120 seconds left.\n|\n|t:|1700463309\n|move|p2a: Dragapult|Shadow Ball|p1a: Mandibuzz\n|-resisted|p1a: Mandibuzz\n|-damage|p1a: Mandibuzz|13\/100\n|move|p1a: Mandibuzz|Foul Play|p2a: Dragapult\n|-supereffective|p2a: Dragapult\n|-damage|p2a: Dragapult|8\/100\n|\n|upkeep\n|turn|39\n|inactive|mrbadd has 120 seconds left.\n|\n|t:|1700463324\n|move|p2a: Dragapult|Shadow Ball|p1a: Mandibuzz\n|-resisted|p1a: Mandibuzz\n|-damage|p1a: Mandibuzz|0 fnt\n|faint|p1a: Mandibuzz\n|\n|upkeep\n|\n|t:|1700463335\n|switch|p1a: Creep|Dragapult, F, shiny|69\/100\n|-damage|p1a: Creep|57\/100|[from] Stealth Rock\n|turn|40\n|\n|t:|1700463342\n|switch|p2a: Zapdos|Zapdos|12\/100\n|-ability|p2a: Zapdos|Pressure\n|move|p1a: Creep|Shadow Ball|p2a: Zapdos\n|-damage|p2a: Zapdos|0 fnt\n|faint|p2a: Zapdos\n|\n|upkeep\n|\n|t:|1700463344\n|switch|p2a: Iron Valiant|Iron Valiant|100\/100\n|-enditem|p2a: Iron Valiant|Booster Energy\n|-activate|p2a: Iron Valiant|ability: Quark Drive|[fromitem]\n|-start|p2a: Iron Valiant|quarkdrivespe\n|turn|41\n|inactive|mrbadd has 120 seconds left.\n|\n|t:|1700463358\n|move|p2a: Iron Valiant|Knock Off|p1a: Creep\n|-supereffective|p1a: Creep\n|-damage|p1a: Creep|0 fnt\n|-enditem|p1a: Creep|Choice Specs|[from] move: Knock Off|[of] p2a: Iron Valiant\n|faint|p1a: Creep\n|\n|upkeep\n|inactive|mrbadd has 120 seconds left.\n|\n|t:|1700463364\n|switch|p1a: Cytherea|Milotic, F|49\/100\n|turn|42\n|\n|t:|1700463372\n|move|p2a: Iron Valiant|Close Combat|p1a: Cytherea\n|-damage|p1a: Cytherea|0 fnt\n|-unboost|p2a: Iron Valiant|def|1\n|-unboost|p2a: Iron Valiant|spd|1\n|faint|p1a: Cytherea\n|\n|upkeep\n|\n|t:|1700463379\n|switch|p1a: Huling El Bimbo|Skeledirge, M, shiny|97\/100\n|turn|43\n|\n|t:|1700463392\n|-terastallize|p1a: Huling El Bimbo|Water\n|move|p2a: Iron Valiant|Knock Off|p1a: Huling El Bimbo\n|-damage|p1a: Huling El Bimbo|68\/100\n|-enditem|p1a: Huling El Bimbo|Heavy-Duty Boots|[from] move: Knock Off|[of] p2a: Iron Valiant\n|move|p1a: Huling El Bimbo|Will-O-Wisp|p2a: Iron Valiant\n|-status|p2a: Iron Valiant|brn\n|\n|-damage|p2a: Iron Valiant|94\/100 brn|[from] brn\n|upkeep\n|turn|44\n|\n|t:|1700463405\n|move|p2a: Iron Valiant|Close Combat|p1a: Huling El Bimbo\n|-damage|p1a: Huling El Bimbo|44\/100\n|-unboost|p2a: Iron Valiant|def|1\n|-unboost|p2a: Iron Valiant|spd|1\n|move|p1a: Huling El Bimbo|Torch Song|p2a: Iron Valiant\n|-damage|p2a: Iron Valiant|45\/100 brn\n|-boost|p1a: Huling El Bimbo|spa|1\n|\n|-damage|p2a: Iron Valiant|39\/100 brn|[from] brn\n|upkeep\n|turn|45\n|\n|t:|1700463416\n|-end|p2a: Iron Valiant|Quark Drive|[silent]\n|switch|p2a: Dragapult|Dragapult, M, tera:Ghost|8\/100\n|move|p1a: Huling El Bimbo|Slack Off|p1a: Huling El Bimbo\n|-heal|p1a: Huling El Bimbo|94\/100\n|\n|upkeep\n|turn|46\n|inactive|Updog1337 has 120 seconds left.\n|c|\u2606mrbadd|u gotta land draco at like 76%\n|c|\u2606mrbadd|if u do that gg\n|c|\u2606mrbadd|this was a good fight mate\n|\n|t:|1700463475\n|move|p2a: Dragapult|Draco Meteor|p1a: Huling El Bimbo\n|-damage|p1a: Huling El Bimbo|39\/100\n|-unboost|p2a: Dragapult|spa|2\n|move|p1a: Huling El Bimbo|Torch Song|p2a: Dragapult\n|-damage|p2a: Dragapult|0 fnt\n|-boost|p1a: Huling El Bimbo|spa|1\n|faint|p2a: Dragapult\n|\n|upkeep\n|\n|t:|1700463478\n|switch|p2a: Iron Valiant|Iron Valiant|39\/100 brn\n|turn|47\n|\n|t:|1700463491\n|move|p2a: Iron Valiant|Close Combat|p1a: Huling El Bimbo\n|-damage|p1a: Huling El Bimbo|11\/100\n|-unboost|p2a: Iron Valiant|def|1\n|-unboost|p2a: Iron Valiant|spd|1\n|move|p1a: Huling El Bimbo|Slack Off|p1a: Huling El Bimbo\n|-heal|p1a: Huling El Bimbo|61\/100\n|\n|-damage|p2a: Iron Valiant|33\/100 brn|[from] brn\n|upkeep\n|turn|48\n|inactive|Updog1337 has 120 seconds left.\n|c|\u2606mrbadd|u could crit cc\n|c|\u2606Updog1337|Slack off was a dick move\n|c|\u2606mrbadd|i mean\n|c|\u2606mrbadd|i coulda hexed\n|inactive|Updog1337 has 90 seconds left.\n|c|\u2606mrbadd|but gg man\n|c|\u2606Updog1337|Gg\n|c|\u2606Updog1337|Not a bad stall team\n|c|\u2606mrbadd|can u tell this is just a glisocr team\n|inactive|Updog1337 has 60 seconds left.\n|c|\u2606mrbadd|semi-stall\n|c|\u2606Updog1337|Wasnt just copy and pasted\n|c|\u2606mrbadd|i mean most of it was\n|c|\u2606Updog1337|Bro if it aint HO its stall\n|c|\u2606mrbadd|the pult makes it samistall\n|inactive|Updog1337 has 30 seconds left.\n|c|\u2606mrbadd|but yeah\n|c|\u2606mrbadd|its not brain dead stall\n|inactive|Updog1337 has 20 seconds left.\n|inactive|Updog1337 has 15 seconds left.\n|c|\u2606Updog1337|Fo sho. Ggs brother\n|inactive|Updog1337 has 10 seconds left.\n|\n|t:|1700463607\n|move|p2a: Iron Valiant|Close Combat|p1a: Huling El Bimbo\n|-damage|p1a: Huling El Bimbo|37\/100\n|-unboost|p2a: Iron Valiant|def|1\n|-unboost|p2a: Iron Valiant|spd|1\n|move|p1a: Huling El Bimbo|Hex|p2a: Iron Valiant\n|-damage|p2a: Iron Valiant|0 fnt\n|faint|p2a: Iron Valiant\n|-end|p2a: Iron Valiant|Quark Drive|[silent]\n|\n|win|mrbadd\n|inactive|Updog1337 has 15 seconds left this turn.\n|raw|mrbadd's rating: 1337 &rarr; <strong>1357<\/strong><br \/>(+20 for winning)\n|raw|Updog1337's rating: 1344 &rarr; <strong>1324<\/strong><br \/>(-20 for losing)\n|c|\u2606mrbadd|u played ur pult super well\n|c|\u2606Updog1337|Just made this team\n|c|\u2606mrbadd|thanks for the fight\n|c|\u2606Updog1337|Making adjustments as i play\n|c|\u2606mrbadd|tryin to go for balance?\n|c|\u2606mrbadd|yeah i just slapped clod on mine\n|c|\u2606mrbadd|i like mine ostly cuz of dirge\n|c|\u2606mrbadd|and milo\n","uploadtime":1700463690,"views":13,"p1id":"mrbadd","p2id":"updog1337","formatid":"gen9ou","rating":1324,"private":0,"password":""}