{"id":"gen9ou-1997202290","p1":"skottles","p2":"mathismathin","format":"[Gen 9] OU","log":"|j|\u2606skottles\n|j|\u2606mathismathin\n|t:|1700775073\n|gametype|singles\n|player|p1|skottles|youngster-gen4|1661\n|player|p2|mathismathin|nate|1739\n|teamsize|p1|6\n|teamsize|p2|6\n|gen|9\n|tier|[Gen 9] OU\n|rated|\n|rule|Sleep Clause Mod: Limit one foe put to sleep\n|rule|Species Clause: Limit one of each Pok\u00e9mon\n|rule|OHKO Clause: OHKO moves are banned\n|rule|Evasion Items Clause: Evasion items are banned\n|rule|Evasion Moves Clause: Evasion moves are banned\n|rule|Endless Battle Clause: Forcing endless battles is banned\n|rule|HP Percentage Mod: HP is shown in percentages\n|clearpoke\n|poke|p1|Kingambit, M|\n|poke|p1|Ogerpon-Wellspring, F|\n|poke|p1|Tinkaton, F|\n|poke|p1|Iron Moth|\n|poke|p1|Great Tusk|\n|poke|p1|Dragapult, F|\n|poke|p2|Brambleghast, F|\n|poke|p2|Tornadus, M|\n|poke|p2|Great Tusk|\n|poke|p2|Corviknight, F|\n|poke|p2|Hoopa-Unbound|\n|poke|p2|Azumarill, M|\n|teampreview\n|inactive|Battle timer is ON: inactive players will automatically lose when time's up. (requested by skottles)\n|inactive|mathismathin has 120 seconds left.\n|inactive|mathismathin has 90 seconds left.\n|j| Heihachi Mishima\n|\n|t:|1700775164\n|start\n|switch|p1a: Ogerpon|Ogerpon-Wellspring, F|100\/100\n|switch|p2a: frozen nuggies|Tornadus, M|100\/100\n|turn|1\n|\n|t:|1700775173\n|move|p2a: frozen nuggies|Hurricane|p1a: Ogerpon\n|-supereffective|p1a: Ogerpon\n|-damage|p1a: Ogerpon|0 fnt\n|faint|p1a: Ogerpon\n|\n|upkeep\n|\n|t:|1700775177\n|switch|p1a: Dragapult|Dragapult, F|100\/100\n|turn|2\n|\n|t:|1700775182\n|-terastallize|p1a: Dragapult|Ghost\n|move|p2a: frozen nuggies|Tailwind|p2a: frozen nuggies\n|-sidestart|p2: mathismathin|move: Tailwind\n|move|p1a: Dragapult|Shadow Ball|p2a: frozen nuggies\n|-crit|p2a: frozen nuggies\n|-damage|p2a: frozen nuggies|0 fnt\n|faint|p2a: frozen nuggies\n|\n|upkeep\n|\n|t:|1700775185\n|switch|p2a: air fryer|Brambleghast, F|100\/100\n|-ability|p2a: air fryer|Wind Rider|boost\n|-boost|p2a: air fryer|atk|1\n|turn|3\n|\n|t:|1700775188\n|switch|p1a: Tinkaton|Tinkaton, F|100\/100\n|-item|p1a: Tinkaton|Air Balloon\n|move|p2a: air fryer|Poltergeist|p1a: Tinkaton\n|-activate|p1a: Tinkaton|move: Poltergeist|Air Balloon\n|-damage|p1a: Tinkaton|0 fnt\n|-enditem|p1a: Tinkaton|Air Balloon\n|faint|p1a: Tinkaton\n|-damage|p2a: air fryer|91\/100|[from] item: Life Orb\n|\n|upkeep\n|\n|t:|1700775190\n|switch|p1a: Kingambit|Kingambit, M|100\/100\n|-activate|p1a: Kingambit|ability: Supreme Overlord\n|-start|p1a: Kingambit|fallen2|[silent]\n|turn|4\n|\n|t:|1700775193\n|switch|p2a: pop corn button|Great Tusk|100\/100\n|-enditem|p2a: pop corn button|Booster Energy\n|-activate|p2a: pop corn button|ability: Protosynthesis|[fromitem]\n|-start|p2a: pop corn button|protosynthesisatk\n|move|p1a: Kingambit|Sucker Punch||[still]\n|-fail|p1a: Kingambit\n|\n|upkeep\n|turn|5\n|\n|t:|1700775196\n|-end|p1a: Kingambit|fallen2|[silent]\n|switch|p1a: Great Tusk|Great Tusk|100\/100\n|-enditem|p1a: Great Tusk|Booster Energy\n|-activate|p1a: Great Tusk|ability: Protosynthesis|[fromitem]\n|-start|p1a: Great Tusk|protosynthesisspe\n|move|p2a: pop corn button|Headlong Rush|p1a: Great Tusk\n|-damage|p1a: Great Tusk|50\/100\n|-unboost|p2a: pop corn button|def|1\n|-unboost|p2a: pop corn button|spd|1\n|\n|-sideend|p2: mathismathin|move: Tailwind\n|upkeep\n|turn|6\n|\n|t:|1700775201\n|move|p1a: Great Tusk|Ice Spinner|p2a: pop corn button\n|-supereffective|p2a: pop corn button\n|-damage|p2a: pop corn button|49\/100\n|move|p2a: pop corn button|Rapid Spin|p1a: Great Tusk\n|-damage|p1a: Great Tusk|37\/100\n|-boost|p2a: pop corn button|spe|1\n|\n|upkeep\n|turn|7\n|\n|t:|1700775204\n|move|p2a: pop corn button|Ice Spinner|p1a: Great Tusk\n|-supereffective|p1a: Great Tusk\n|-damage|p1a: Great Tusk|0 fnt\n|faint|p1a: Great Tusk\n|-end|p1a: Great Tusk|Protosynthesis|[silent]\n|\n|upkeep\n|\n|t:|1700775208\n|switch|p1a: Kingambit|Kingambit, M|100\/100\n|-activate|p1a: Kingambit|ability: Supreme Overlord\n|-start|p1a: Kingambit|fallen3|[silent]\n|turn|8\n|\n|t:|1700775212\n|move|p1a: Kingambit|Sucker Punch|p2a: pop corn button\n|-resisted|p2a: pop corn button\n|-damage|p2a: pop corn button|19\/100\n|move|p2a: pop corn button|Headlong Rush|p1a: Kingambit\n|-supereffective|p1a: Kingambit\n|-damage|p1a: Kingambit|0 fnt\n|-unboost|p2a: pop corn button|def|1\n|-unboost|p2a: pop corn button|spd|1\n|faint|p1a: Kingambit\n|-end|p1a: Kingambit|fallen3|[silent]\n|\n|upkeep\n|\n|t:|1700775213\n|switch|p1a: Dragapult|Dragapult, F, tera:Ghost|100\/100\n|turn|9\n|\n|t:|1700775217\n|move|p2a: pop corn button|Headlong Rush|p1a: Dragapult\n|-damage|p1a: Dragapult|0 fnt\n|-unboost|p2a: pop corn button|def|1\n|-unboost|p2a: pop corn button|spd|1\n|faint|p1a: Dragapult\n|\n|upkeep\n|\n|t:|1700775219\n|switch|p1a: Iron Moth|Iron Moth|100\/100\n|-enditem|p1a: Iron Moth|Booster Energy\n|-activate|p1a: Iron Moth|ability: Quark Drive|[fromitem]\n|-start|p1a: Iron Moth|quarkdrivespe\n|turn|10\n|\n|t:|1700775221\n|move|p1a: Iron Moth|Fiery Dance|p2a: pop corn button\n|-damage|p2a: pop corn button|0 fnt\n|faint|p2a: pop corn button\n|-end|p2a: pop corn button|Protosynthesis|[silent]\n|\n|upkeep\n|\n|t:|1700775225\n|switch|p2a: TWELVE WAR CRIMES|Hoopa-Unbound|100\/100\n|turn|11\n|\n|t:|1700775228\n|move|p1a: Iron Moth|Dazzling Gleam|p2a: TWELVE WAR CRIMES\n|-supereffective|p2a: TWELVE WAR CRIMES\n|-damage|p2a: TWELVE WAR CRIMES|52\/100\n|move|p2a: TWELVE WAR CRIMES|Hyperspace Fury|p1a: Iron Moth\n|-damage|p1a: Iron Moth|0 fnt\n|-unboost|p2a: TWELVE WAR CRIMES|def|1\n|faint|p1a: Iron Moth\n|-end|p1a: Iron Moth|Quark Drive|[silent]\n|\n|win|mathismathin\n|raw|skottles's rating: 1661 &rarr; <strong>1645<\/strong><br \/>(-16 for losing)\n|raw|mathismathin's rating: 1739 &rarr; <strong>1755<\/strong><br \/>(+16 for winning)\n|l|\u2606mathismathin\n","uploadtime":1700775262,"views":6,"p1id":"skottles","p2id":"mathismathin","formatid":"gen9ou","rating":1645,"private":0,"password":""}