{"id":"gen9ou-1991036561","p1":"HPDARKEAGLE","p2":"twinklover254","format":"[Gen 9] OU","log":"|j|\u2606HPDARKEAGLE\n|j|\u2606twinklover254\n|t:|1700032197\n|gametype|singles\n|player|p1|HPDARKEAGLE|lucas|1588\n|player|p2|twinklover254|1|1580\n|teamsize|p1|6\n|teamsize|p2|6\n|gen|9\n|tier|[Gen 9] OU\n|rated|\n|rule|Sleep Clause Mod: Limit one foe put to sleep\n|rule|Species Clause: Limit one of each Pok\u00e9mon\n|rule|OHKO Clause: OHKO moves are banned\n|rule|Evasion Items Clause: Evasion items are banned\n|rule|Evasion Moves Clause: Evasion moves are banned\n|rule|Endless Battle Clause: Forcing endless battles is banned\n|rule|HP Percentage Mod: HP is shown in percentages\n|clearpoke\n|poke|p1|Zapdos|\n|poke|p1|Toxapex, M|\n|poke|p1|Amoonguss, F|\n|poke|p1|Dragapult, F|\n|poke|p1|Great Tusk|\n|poke|p1|Kingambit, F|\n|poke|p2|Rillaboom, F|\n|poke|p2|Sneasler, F|\n|poke|p2|Zamazenta-*|\n|poke|p2|Heatran, M|\n|poke|p2|Manaphy|\n|poke|p2|Ninetales-Alola, M|\n|teampreview\n|inactive|Battle timer is ON: inactive players will automatically lose when time's up. (requested by HPDARKEAGLE)\n|\n|t:|1700032204\n|start\n|switch|p1a: jazz|Dragapult, F|100\/100\n|switch|p2a: Ninetales|Ninetales-Alola, M|100\/100\n|-weather|Snow|[from] ability: Snow Warning|[of] p2a: Ninetales\n|turn|1\n|\n|t:|1700032210\n|move|p1a: jazz|U-turn|p2a: Ninetales\n|-resisted|p2a: Ninetales\n|-damage|p2a: Ninetales|94\/100\n|\n|t:|1700032222\n|switch|p1a: jello|Toxapex, M, shiny|100\/100|[from] U-turn\n|move|p2a: Ninetales|Aurora Veil|p2a: Ninetales\n|-sidestart|p2: twinklover254|move: Aurora Veil\n|\n|-weather|Snow|[upkeep]\n|upkeep\n|turn|2\n|\n|t:|1700032224\n|switch|p2a: Chosen|Manaphy|100\/100\n|move|p1a: jello|Toxic|p2a: Chosen\n|-status|p2a: Chosen|tox\n|\n|-weather|Snow|[upkeep]\n|-damage|p2a: Chosen|94\/100 tox|[from] psn\n|upkeep\n|turn|3\n|\n|t:|1700032230\n|move|p2a: Chosen|Take Heart|p2a: Chosen\n|-boost|p2a: Chosen|spa|1\n|-boost|p2a: Chosen|spd|1\n|-curestatus|p2a: Chosen|tox|[msg]\n|move|p1a: jello|Haze|p1a: jello\n|-clearallboost\n|\n|-weather|Snow|[upkeep]\n|-heal|p2a: Chosen|100\/100|[from] item: Leftovers\n|upkeep\n|turn|4\n|\n|t:|1700032234\n|move|p2a: Chosen|Take Heart|p2a: Chosen\n|-boost|p2a: Chosen|spa|1\n|-boost|p2a: Chosen|spd|1\n|move|p1a: jello|Haze|p1a: jello\n|-clearallboost\n|\n|-weather|Snow|[upkeep]\n|upkeep\n|turn|5\n|\n|t:|1700032237\n|move|p2a: Chosen|Take Heart|p2a: Chosen\n|-boost|p2a: Chosen|spa|1\n|-boost|p2a: Chosen|spd|1\n|move|p1a: jello|Haze|p1a: jello\n|-clearallboost\n|\n|-weather|none\n|upkeep\n|turn|6\n|\n|t:|1700032240\n|move|p2a: Chosen|Take Heart|p2a: Chosen\n|-boost|p2a: Chosen|spa|1\n|-boost|p2a: Chosen|spd|1\n|move|p1a: jello|Haze|p1a: jello\n|-clearallboost\n|\n|upkeep\n|turn|7\n|\n|t:|1700032242\n|move|p2a: Chosen|Acid Armor|p2a: Chosen\n|-boost|p2a: Chosen|def|2\n|move|p1a: jello|Haze|p1a: jello\n|-clearallboost\n|\n|upkeep\n|turn|8\n|\n|t:|1700032247\n|move|p2a: Chosen|Acid Armor|p2a: Chosen\n|-boost|p2a: Chosen|def|2\n|move|p1a: jello|Toxic|p2a: Chosen\n|-status|p2a: Chosen|tox\n|\n|-damage|p2a: Chosen|94\/100 tox|[from] psn\n|-sideend|p2: twinklover254|move: Aurora Veil\n|upkeep\n|turn|9\n|\n|t:|1700032251\n|move|p2a: Chosen|Take Heart|p2a: Chosen\n|-boost|p2a: Chosen|spa|1\n|-boost|p2a: Chosen|spd|1\n|-curestatus|p2a: Chosen|tox|[msg]\n|move|p1a: jello|Haze|p1a: jello\n|-clearallboost\n|\n|-heal|p2a: Chosen|100\/100|[from] item: Leftovers\n|upkeep\n|turn|10\n|\n|t:|1700032255\n|move|p2a: Chosen|Acid Armor|p2a: Chosen\n|-boost|p2a: Chosen|def|2\n|move|p1a: jello|Haze|p1a: jello\n|-clearallboost\n|\n|upkeep\n|turn|11\n|\n|t:|1700032258\n|move|p2a: Chosen|Acid Armor|p2a: Chosen\n|-boost|p2a: Chosen|def|2\n|move|p1a: jello|Toxic|p2a: Chosen\n|-status|p2a: Chosen|tox\n|\n|-damage|p2a: Chosen|94\/100 tox|[from] psn\n|upkeep\n|turn|12\n|\n|t:|1700032261\n|move|p2a: Chosen|Take Heart|p2a: Chosen\n|-boost|p2a: Chosen|spa|1\n|-boost|p2a: Chosen|spd|1\n|-curestatus|p2a: Chosen|tox|[msg]\n|move|p1a: jello|Haze|p1a: jello\n|-clearallboost\n|\n|-heal|p2a: Chosen|100\/100|[from] item: Leftovers\n|upkeep\n|turn|13\n|\n|t:|1700032264\n|move|p2a: Chosen|Acid Armor|p2a: Chosen\n|-boost|p2a: Chosen|def|2\n|move|p1a: jello|Toxic|p2a: Chosen\n|-status|p2a: Chosen|tox\n|\n|-damage|p2a: Chosen|94\/100 tox|[from] psn\n|upkeep\n|turn|14\n|\n|t:|1700032266\n|move|p2a: Chosen|Take Heart|p2a: Chosen\n|-boost|p2a: Chosen|spa|1\n|-boost|p2a: Chosen|spd|1\n|-curestatus|p2a: Chosen|tox|[msg]\n|move|p1a: jello|Haze|p1a: jello\n|-clearallboost\n|\n|-heal|p2a: Chosen|100\/100|[from] item: Leftovers\n|upkeep\n|turn|15\n|\n|t:|1700032269\n|move|p2a: Chosen|Acid Armor|p2a: Chosen\n|-boost|p2a: Chosen|def|2\n|move|p1a: jello|Toxic|p2a: Chosen\n|-status|p2a: Chosen|tox\n|\n|-damage|p2a: Chosen|94\/100 tox|[from] psn\n|upkeep\n|turn|16\n|\n|t:|1700032271\n|move|p2a: Chosen|Take Heart|p2a: Chosen\n|-boost|p2a: Chosen|spa|1\n|-boost|p2a: Chosen|spd|1\n|-curestatus|p2a: Chosen|tox|[msg]\n|move|p1a: jello|Haze|p1a: jello\n|-clearallboost\n|\n|-heal|p2a: Chosen|100\/100|[from] item: Leftovers\n|upkeep\n|turn|17\n|\n|t:|1700032276\n|move|p2a: Chosen|Acid Armor|p2a: Chosen\n|-boost|p2a: Chosen|def|2\n|move|p1a: jello|Toxic|p2a: Chosen\n|-status|p2a: Chosen|tox\n|\n|-damage|p2a: Chosen|94\/100 tox|[from] psn\n|upkeep\n|turn|18\n|\n|t:|1700032279\n|move|p2a: Chosen|Stored Power|p1a: jello\n|-supereffective|p1a: jello\n|-damage|p1a: jello|83\/100\n|move|p1a: jello|Haze|p1a: jello\n|-clearallboost\n|\n|-heal|p2a: Chosen|100\/100 tox|[from] item: Leftovers\n|-damage|p2a: Chosen|88\/100 tox|[from] psn\n|upkeep\n|turn|19\n|\n|t:|1700032283\n|move|p2a: Chosen|Take Heart|p2a: Chosen\n|-boost|p2a: Chosen|spa|1\n|-boost|p2a: Chosen|spd|1\n|-curestatus|p2a: Chosen|tox|[msg]\n|move|p1a: jello|Surf|p2a: Chosen\n|-resisted|p2a: Chosen\n|-damage|p2a: Chosen|83\/100\n|\n|-heal|p2a: Chosen|89\/100|[from] item: Leftovers\n|upkeep\n|turn|20\n|\n|t:|1700032287\n|move|p2a: Chosen|Acid Armor|p2a: Chosen\n|-boost|p2a: Chosen|def|2\n|move|p1a: jello|Haze|p1a: jello\n|-clearallboost\n|\n|-heal|p2a: Chosen|95\/100|[from] item: Leftovers\n|upkeep\n|turn|21\n|\n|t:|1700032290\n|move|p2a: Chosen|Acid Armor|p2a: Chosen\n|-boost|p2a: Chosen|def|2\n|move|p1a: jello|Haze|p1a: jello\n|-clearallboost\n|\n|-heal|p2a: Chosen|100\/100|[from] item: Leftovers\n|upkeep\n|turn|22\n|\n|t:|1700032294\n|move|p2a: Chosen|Acid Armor|p2a: Chosen\n|-boost|p2a: Chosen|def|2\n|move|p1a: jello|Toxic|p2a: Chosen\n|-status|p2a: Chosen|tox\n|\n|-damage|p2a: Chosen|94\/100 tox|[from] psn\n|upkeep\n|turn|23\n|\n|t:|1700032297\n|move|p2a: Chosen|Take Heart|p2a: Chosen\n|-boost|p2a: Chosen|spa|1\n|-boost|p2a: Chosen|spd|1\n|-curestatus|p2a: Chosen|tox|[msg]\n|move|p1a: jello|Haze|p1a: jello\n|-clearallboost\n|\n|-heal|p2a: Chosen|100\/100|[from] item: Leftovers\n|upkeep\n|turn|24\n|\n|t:|1700032307\n|move|p2a: Chosen|Scald|p1a: jello\n|-resisted|p1a: jello\n|-damage|p1a: jello|74\/100\n|-status|p1a: jello|brn\n|move|p1a: jello|Toxic|p2a: Chosen\n|-status|p2a: Chosen|tox\n|\n|-damage|p2a: Chosen|94\/100 tox|[from] psn\n|-damage|p1a: jello|68\/100 brn|[from] brn\n|upkeep\n|turn|25\n|\n|t:|1700032313\n|move|p2a: Chosen|Take Heart|p2a: Chosen\n|-boost|p2a: Chosen|spa|1\n|-boost|p2a: Chosen|spd|1\n|-curestatus|p2a: Chosen|tox|[msg]\n|move|p1a: jello|Haze|p1a: jello\n|-clearallboost\n|\n|-heal|p2a: Chosen|100\/100|[from] item: Leftovers\n|-damage|p1a: jello|62\/100 brn|[from] brn\n|upkeep\n|turn|26\n|\n|t:|1700032317\n|move|p2a: Chosen|Acid Armor|p2a: Chosen\n|-boost|p2a: Chosen|def|2\n|move|p1a: jello|Recover|p1a: jello\n|-heal|p1a: jello|100\/100 brn\n|\n|-damage|p1a: jello|95\/100 brn|[from] brn\n|upkeep\n|turn|27\n|\n|t:|1700032321\n|move|p2a: Chosen|Stored Power|p1a: jello\n|-supereffective|p1a: jello\n|-damage|p1a: jello|76\/100 brn\n|move|p1a: jello|Haze|p1a: jello\n|-clearallboost\n|\n|-damage|p1a: jello|70\/100 brn|[from] brn\n|upkeep\n|turn|28\n|\n|t:|1700032328\n|move|p2a: Chosen|Scald|p1a: jello\n|-resisted|p1a: jello\n|-damage|p1a: jello|61\/100 brn\n|move|p1a: jello|Surf|p2a: Chosen\n|-resisted|p2a: Chosen\n|-damage|p2a: Chosen|93\/100\n|\n|-heal|p2a: Chosen|99\/100|[from] item: Leftovers\n|-damage|p1a: jello|55\/100 brn|[from] brn\n|upkeep\n|turn|29\n|\n|t:|1700032331\n|move|p2a: Chosen|Scald|p1a: jello\n|-resisted|p1a: jello\n|-damage|p1a: jello|46\/100 brn\n|move|p1a: jello|Recover|p1a: jello\n|-heal|p1a: jello|96\/100 brn\n|\n|-heal|p2a: Chosen|100\/100|[from] item: Leftovers\n|-damage|p1a: jello|90\/100 brn|[from] brn\n|upkeep\n|turn|30\n|\n|t:|1700032338\n|move|p2a: Chosen|Scald|p1a: jello\n|-resisted|p1a: jello\n|-damage|p1a: jello|81\/100 brn\n|move|p1a: jello|Toxic|p2a: Chosen\n|-status|p2a: Chosen|tox\n|\n|-damage|p2a: Chosen|94\/100 tox|[from] psn\n|-damage|p1a: jello|75\/100 brn|[from] brn\n|upkeep\n|turn|31\n|\n|t:|1700032341\n|move|p2a: Chosen|Take Heart|p2a: Chosen\n|-boost|p2a: Chosen|spa|1\n|-boost|p2a: Chosen|spd|1\n|-curestatus|p2a: Chosen|tox|[msg]\n|move|p1a: jello|Haze|p1a: jello\n|-clearallboost\n|\n|-heal|p2a: Chosen|100\/100|[from] item: Leftovers\n|-damage|p1a: jello|69\/100 brn|[from] brn\n|upkeep\n|turn|32\n|\n|t:|1700032344\n|move|p2a: Chosen|Scald|p1a: jello\n|-resisted|p1a: jello\n|-damage|p1a: jello|60\/100 brn\n|move|p1a: jello|Recover|p1a: jello\n|-heal|p1a: jello|100\/100 brn\n|\n|-damage|p1a: jello|95\/100 brn|[from] brn\n|upkeep\n|turn|33\n|\n|t:|1700032352\n|move|p2a: Chosen|Scald|p1a: jello\n|-resisted|p1a: jello\n|-damage|p1a: jello|86\/100 brn\n|move|p1a: jello|Surf|p2a: Chosen\n|-resisted|p2a: Chosen\n|-damage|p2a: Chosen|93\/100\n|\n|-heal|p2a: Chosen|99\/100|[from] item: Leftovers\n|-damage|p1a: jello|80\/100 brn|[from] brn\n|upkeep\n|turn|34\n|\n|t:|1700032357\n|move|p2a: Chosen|Scald|p1a: jello\n|-resisted|p1a: jello\n|-damage|p1a: jello|70\/100 brn\n|move|p1a: jello|Surf|p2a: Chosen\n|-resisted|p2a: Chosen\n|-damage|p2a: Chosen|91\/100\n|\n|-heal|p2a: Chosen|97\/100|[from] item: Leftovers\n|-damage|p1a: jello|65\/100 brn|[from] brn\n|upkeep\n|turn|35\n|\n|t:|1700032360\n|move|p2a: Chosen|Scald|p1a: jello\n|-resisted|p1a: jello\n|-damage|p1a: jello|56\/100 brn\n|move|p1a: jello|Recover|p1a: jello\n|-heal|p1a: jello|100\/100 brn\n|\n|-heal|p2a: Chosen|100\/100|[from] item: Leftovers\n|-damage|p1a: jello|95\/100 brn|[from] brn\n|upkeep\n|turn|36\n|\n|t:|1700032368\n|move|p2a: Chosen|Scald|p1a: jello\n|-resisted|p1a: jello\n|-damage|p1a: jello|86\/100 brn\n|move|p1a: jello|Surf|p2a: Chosen\n|-resisted|p2a: Chosen\n|-damage|p2a: Chosen|92\/100\n|\n|-heal|p2a: Chosen|98\/100|[from] item: Leftovers\n|-damage|p1a: jello|80\/100 brn|[from] brn\n|upkeep\n|turn|37\n|\n|t:|1700032373\n|move|p2a: Chosen|Scald|p1a: jello\n|-resisted|p1a: jello\n|-damage|p1a: jello|71\/100 brn\n|move|p1a: jello|Surf|p2a: Chosen\n|-resisted|p2a: Chosen\n|-damage|p2a: Chosen|91\/100\n|\n|-heal|p2a: Chosen|97\/100|[from] item: Leftovers\n|-damage|p1a: jello|65\/100 brn|[from] brn\n|upkeep\n|turn|38\n|\n|t:|1700032377\n|move|p2a: Chosen|Scald|p1a: jello\n|-resisted|p1a: jello\n|-damage|p1a: jello|56\/100 brn\n|move|p1a: jello|Surf|p2a: Chosen\n|-resisted|p2a: Chosen\n|-damage|p2a: Chosen|89\/100\n|\n|-heal|p2a: Chosen|95\/100|[from] item: Leftovers\n|-damage|p1a: jello|50\/100 brn|[from] brn\n|upkeep\n|turn|39\n|\n|t:|1700032380\n|move|p2a: Chosen|Scald|p1a: jello\n|-resisted|p1a: jello\n|-damage|p1a: jello|40\/100 brn\n|move|p1a: jello|Recover|p1a: jello\n|-heal|p1a: jello|91\/100 brn\n|\n|-heal|p2a: Chosen|100\/100|[from] item: Leftovers\n|-damage|p1a: jello|85\/100 brn|[from] brn\n|upkeep\n|turn|40\n|\n|t:|1700032383\n|move|p2a: Chosen|Scald|p1a: jello\n|-resisted|p1a: jello\n|-damage|p1a: jello|75\/100 brn\n|move|p1a: jello|Surf|p2a: Chosen\n|-resisted|p2a: Chosen\n|-damage|p2a: Chosen|93\/100\n|\n|-heal|p2a: Chosen|99\/100|[from] item: Leftovers\n|-damage|p1a: jello|69\/100 brn|[from] brn\n|upkeep\n|turn|41\n|\n|t:|1700032386\n|move|p2a: Chosen|Scald|p1a: jello\n|-resisted|p1a: jello\n|-damage|p1a: jello|60\/100 brn\n|move|p1a: jello|Surf|p2a: Chosen\n|-resisted|p2a: Chosen\n|-damage|p2a: Chosen|91\/100\n|\n|-heal|p2a: Chosen|97\/100|[from] item: Leftovers\n|-damage|p1a: jello|54\/100 brn|[from] brn\n|upkeep\n|turn|42\n|\n|t:|1700032389\n|move|p2a: Chosen|Scald|p1a: jello\n|-resisted|p1a: jello\n|-damage|p1a: jello|44\/100 brn\n|move|p1a: jello|Surf|p2a: Chosen\n|-resisted|p2a: Chosen\n|-damage|p2a: Chosen|89\/100\n|\n|-heal|p2a: Chosen|95\/100|[from] item: Leftovers\n|-damage|p1a: jello|38\/100 brn|[from] brn\n|upkeep\n|turn|43\n|\n|t:|1700032391\n|move|p2a: Chosen|Scald|p1a: jello\n|-resisted|p1a: jello\n|-damage|p1a: jello|30\/100 brn\n|move|p1a: jello|Recover|p1a: jello\n|-heal|p1a: jello|80\/100 brn\n|\n|-heal|p2a: Chosen|100\/100|[from] item: Leftovers\n|-damage|p1a: jello|74\/100 brn|[from] brn\n|upkeep\n|turn|44\n|\n|t:|1700032396\n|switch|p1a: curry|Amoonguss, F|100\/100\n|move|p2a: Chosen|Scald|p1a: curry\n|-resisted|p1a: curry\n|-damage|p1a: curry|88\/100\n|\n|upkeep\n|turn|45\n|\n|t:|1700032403\n|switch|p1a: jello|Toxapex, M, shiny|100\/100 brn\n|move|p2a: Chosen|Take Heart|p2a: Chosen\n|-boost|p2a: Chosen|spa|1\n|-boost|p2a: Chosen|spd|1\n|\n|-damage|p1a: jello|95\/100 brn|[from] brn\n|upkeep\n|turn|46\n|\n|t:|1700032415\n|move|p2a: Chosen|Stored Power|p1a: jello\n|-supereffective|p1a: jello\n|-damage|p1a: jello|67\/100 brn\n|move|p1a: jello|Haze|p1a: jello\n|-clearallboost\n|\n|-damage|p1a: jello|62\/100 brn|[from] brn\n|upkeep\n|turn|47\n|\n|t:|1700032419\n|switch|p1a: curry|Amoonguss, F|100\/100\n|move|p2a: Chosen|Take Heart|p2a: Chosen\n|-boost|p2a: Chosen|spa|1\n|-boost|p2a: Chosen|spd|1\n|\n|upkeep\n|turn|48\n|\n|t:|1700032423\n|move|p2a: Chosen|Stored Power|p1a: curry\n|-supereffective|p1a: curry\n|-crit|p1a: curry\n|-damage|p1a: curry|38\/100\n|move|p1a: curry|Spore|p2a: Chosen\n|-status|p2a: Chosen|slp|[from] move: Spore\n|\n|upkeep\n|turn|49\n|\n|t:|1700032427\n|switch|p1a: jello|Toxapex, M, shiny|95\/100 brn\n|cant|p2a: Chosen|slp\n|\n|-damage|p1a: jello|89\/100 brn|[from] brn\n|upkeep\n|turn|50\n|\n|t:|1700032429\n|cant|p2a: Chosen|slp\n|move|p1a: jello|Haze|p1a: jello\n|-clearallboost\n|\n|-damage|p1a: jello|83\/100 brn|[from] brn\n|upkeep\n|turn|51\n|\n|t:|1700032433\n|cant|p2a: Chosen|slp\n|move|p1a: jello|Surf|p2a: Chosen\n|-resisted|p2a: Chosen\n|-damage|p2a: Chosen|92\/100 slp\n|\n|-heal|p2a: Chosen|99\/100 slp|[from] item: Leftovers\n|-damage|p1a: jello|77\/100 brn|[from] brn\n|upkeep\n|turn|52\n|\n|t:|1700032439\n|-curestatus|p2a: Chosen|slp|[msg]\n|move|p2a: Chosen|Scald|p1a: jello\n|-resisted|p1a: jello\n|-damage|p1a: jello|69\/100 brn\n|move|p1a: jello|Surf|p2a: Chosen\n|-resisted|p2a: Chosen\n|-damage|p2a: Chosen|91\/100\n|\n|-heal|p2a: Chosen|97\/100|[from] item: Leftovers\n|-damage|p1a: jello|63\/100 brn|[from] brn\n|upkeep\n|turn|53\n|\n|t:|1700032446\n|move|p2a: Chosen|Take Heart|p2a: Chosen\n|-boost|p2a: Chosen|spa|1\n|-boost|p2a: Chosen|spd|1\n|move|p1a: jello|Surf|p2a: Chosen\n|-resisted|p2a: Chosen\n|-damage|p2a: Chosen|92\/100\n|\n|-heal|p2a: Chosen|98\/100|[from] item: Leftovers\n|-damage|p1a: jello|57\/100 brn|[from] brn\n|upkeep\n|turn|54\n|\n|t:|1700032449\n|move|p2a: Chosen|Stored Power|p1a: jello\n|-supereffective|p1a: jello\n|-damage|p1a: jello|31\/100 brn\n|move|p1a: jello|Haze|p1a: jello\n|-clearallboost\n|\n|-heal|p2a: Chosen|100\/100|[from] item: Leftovers\n|-damage|p1a: jello|25\/100 brn|[from] brn\n|upkeep\n|turn|55\n|\n|t:|1700032454\n|move|p2a: Chosen|Scald|p1a: jello\n|-resisted|p1a: jello\n|-crit|p1a: jello\n|-damage|p1a: jello|12\/100 brn\n|move|p1a: jello|Recover|p1a: jello\n|-heal|p1a: jello|63\/100 brn\n|\n|-damage|p1a: jello|57\/100 brn|[from] brn\n|upkeep\n|turn|56\n|\n|t:|1700032466\n|switch|p1a: curry|Amoonguss, F|72\/100\n|move|p2a: Chosen|Stored Power|p1a: curry\n|-supereffective|p1a: curry\n|-damage|p1a: curry|63\/100\n|\n|upkeep\n|turn|57\n|\n|t:|1700032472\n|switch|p1a: jello|Toxapex, M, shiny|90\/100 brn\n|move|p2a: Chosen|Take Heart|p2a: Chosen\n|-boost|p2a: Chosen|spa|1\n|-boost|p2a: Chosen|spd|1\n|\n|-damage|p1a: jello|84\/100 brn|[from] brn\n|upkeep\n|turn|58\n|\n|t:|1700032475\n|move|p2a: Chosen|Stored Power|p1a: jello\n|-supereffective|p1a: jello\n|-damage|p1a: jello|57\/100 brn\n|move|p1a: jello|Haze|p1a: jello\n|-clearallboost\n|\n|-damage|p1a: jello|51\/100 brn|[from] brn\n|upkeep\n|turn|59\n|\n|t:|1700032479\n|switch|p1a: curry|Amoonguss, F|96\/100\n|move|p2a: Chosen|Acid Armor|p2a: Chosen\n|-boost|p2a: Chosen|def|2\n|\n|upkeep\n|turn|60\n|\n|t:|1700032486\n|move|p2a: Chosen|Take Heart|p2a: Chosen\n|-boost|p2a: Chosen|spa|1\n|-boost|p2a: Chosen|spd|1\n|move|p1a: curry|Spore|p2a: Chosen\n|-status|p2a: Chosen|slp|[from] move: Spore\n|\n|upkeep\n|turn|61\n|j|+Shellnuts\n|\n|t:|1700032489\n|switch|p1a: jello|Toxapex, M, shiny|84\/100 brn\n|cant|p2a: Chosen|slp\n|\n|-damage|p1a: jello|78\/100 brn|[from] brn\n|upkeep\n|turn|62\n|l|+Shellnuts\n|\n|t:|1700032491\n|-curestatus|p2a: Chosen|slp|[msg]\n|move|p2a: Chosen|Stored Power|p1a: jello\n|-supereffective|p1a: jello\n|-damage|p1a: jello|32\/100 brn\n|move|p1a: jello|Haze|p1a: jello\n|-clearallboost\n|\n|-damage|p1a: jello|26\/100 brn|[from] brn\n|upkeep\n|turn|63\n|\n|t:|1700032497\n|move|p2a: Chosen|Acid Armor|p2a: Chosen\n|-boost|p2a: Chosen|def|2\n|move|p1a: jello|Recover|p1a: jello\n|-heal|p1a: jello|76\/100 brn\n|\n|-damage|p1a: jello|70\/100 brn|[from] brn\n|upkeep\n|turn|64\n|\n|t:|1700032501\n|move|p2a: Chosen|Acid Armor|p2a: Chosen\n|-boost|p2a: Chosen|def|2\n|move|p1a: jello|Haze|p1a: jello\n|-clearallboost\n|\n|-damage|p1a: jello|65\/100 brn|[from] brn\n|upkeep\n|turn|65\n|j| t-modesty\n|\n|t:|1700032510\n|move|p2a: Chosen|Acid Armor|p2a: Chosen\n|-boost|p2a: Chosen|def|2\n|move|p1a: jello|Toxic|p2a: Chosen\n|-status|p2a: Chosen|tox\n|\n|-damage|p2a: Chosen|94\/100 tox|[from] psn\n|-damage|p1a: jello|59\/100 brn|[from] brn\n|upkeep\n|turn|66\n|\n|t:|1700032513\n|move|p2a: Chosen|Take Heart|p2a: Chosen\n|-boost|p2a: Chosen|spa|1\n|-boost|p2a: Chosen|spd|1\n|-curestatus|p2a: Chosen|tox|[msg]\n|move|p1a: jello|Haze|p1a: jello\n|-clearallboost\n|\n|-heal|p2a: Chosen|100\/100|[from] item: Leftovers\n|-damage|p1a: jello|53\/100 brn|[from] brn\n|upkeep\n|turn|67\n|\n|t:|1700032516\n|move|p2a: Chosen|Acid Armor|p2a: Chosen\n|-boost|p2a: Chosen|def|2\n|move|p1a: jello|Toxic|p2a: Chosen\n|-status|p2a: Chosen|tox\n|\n|-damage|p2a: Chosen|94\/100 tox|[from] psn\n|-damage|p1a: jello|47\/100 brn|[from] brn\n|upkeep\n|turn|68\n|\n|t:|1700032520\n|move|p2a: Chosen|Stored Power|p1a: jello\n|-supereffective|p1a: jello\n|-damage|p1a: jello|28\/100 brn\n|move|p1a: jello|Haze|p1a: jello\n|-clearallboost\n|\n|-heal|p2a: Chosen|100\/100 tox|[from] item: Leftovers\n|-damage|p2a: Chosen|88\/100 tox|[from] psn\n|-damage|p1a: jello|22\/100 brn|[from] brn\n|upkeep\n|turn|69\n|\n|t:|1700032524\n|switch|p1a: curry|Amoonguss, F|100\/100\n|move|p2a: Chosen|Take Heart|p2a: Chosen\n|-boost|p2a: Chosen|spa|1\n|-boost|p2a: Chosen|spd|1\n|-curestatus|p2a: Chosen|tox|[msg]\n|\n|-heal|p2a: Chosen|94\/100|[from] item: Leftovers\n|upkeep\n|turn|70\n|\n|t:|1700032527\n|move|p2a: Chosen|Take Heart|p2a: Chosen\n|-boost|p2a: Chosen|spa|1\n|-boost|p2a: Chosen|spd|1\n|move|p1a: curry|Spore|p2a: Chosen\n|-status|p2a: Chosen|slp|[from] move: Spore\n|\n|-heal|p2a: Chosen|100\/100 slp|[from] item: Leftovers\n|upkeep\n|turn|71\n|\n|t:|1700032530\n|switch|p1a: jello|Toxapex, M, shiny|55\/100 brn\n|cant|p2a: Chosen|slp\n|\n|-damage|p1a: jello|49\/100 brn|[from] brn\n|upkeep\n|turn|72\n|\n|t:|1700032533\n|cant|p2a: Chosen|slp\n|move|p1a: jello|Haze|p1a: jello\n|-clearallboost\n|\n|-damage|p1a: jello|43\/100 brn|[from] brn\n|upkeep\n|turn|73\n|\n|t:|1700032536\n|switch|p1a: curry|Amoonguss, F|100\/100\n|cant|p2a: Chosen|slp\n|\n|upkeep\n|turn|74\n|\n|t:|1700032541\n|switch|p1a: jello|Toxapex, M, shiny|76\/100 brn\n|-curestatus|p2a: Chosen|slp|[msg]\n|move|p2a: Chosen|Take Heart|p2a: Chosen\n|-boost|p2a: Chosen|spa|1\n|-boost|p2a: Chosen|spd|1\n|\n|-damage|p1a: jello|70\/100 brn|[from] brn\n|upkeep\n|turn|75\n|\n|t:|1700032545\n|move|p2a: Chosen|Stored Power|p1a: jello\n|-supereffective|p1a: jello\n|-damage|p1a: jello|43\/100 brn\n|move|p1a: jello|Haze|p1a: jello\n|-clearallboost\n|\n|-damage|p1a: jello|37\/100 brn|[from] brn\n|upkeep\n|turn|76\n|\n|t:|1700032550\n|switch|p1a: curry|Amoonguss, F|100\/100\n|move|p2a: Chosen|Take Heart|p2a: Chosen\n|-boost|p2a: Chosen|spa|1\n|-boost|p2a: Chosen|spd|1\n|\n|upkeep\n|turn|77\n|\n|t:|1700032555\n|move|p2a: Chosen|Take Heart|p2a: Chosen\n|-boost|p2a: Chosen|spa|1\n|-boost|p2a: Chosen|spd|1\n|move|p1a: curry|Spore|p2a: Chosen\n|-status|p2a: Chosen|slp|[from] move: Spore\n|\n|upkeep\n|turn|78\n|\n|t:|1700032558\n|switch|p1a: jello|Toxapex, M, shiny|70\/100 brn\n|cant|p2a: Chosen|slp\n|\n|-damage|p1a: jello|64\/100 brn|[from] brn\n|upkeep\n|turn|79\n|\n|t:|1700032560\n|cant|p2a: Chosen|slp\n|move|p1a: jello|Haze|p1a: jello\n|-clearallboost\n|\n|-damage|p1a: jello|58\/100 brn|[from] brn\n|upkeep\n|turn|80\n|\n|t:|1700032567\n|switch|p1a: curry|Amoonguss, F|100\/100\n|cant|p2a: Chosen|slp\n|\n|upkeep\n|turn|81\n|\n|t:|1700032572\n|switch|p1a: jello|Toxapex, M, shiny|92\/100 brn\n|-curestatus|p2a: Chosen|slp|[msg]\n|move|p2a: Chosen|Acid Armor|p2a: Chosen\n|-boost|p2a: Chosen|def|2\n|\n|-damage|p1a: jello|86\/100 brn|[from] brn\n|upkeep\n|turn|82\n|\n|t:|1700032581\n|move|p2a: Chosen|Stored Power|p1a: jello\n|-supereffective|p1a: jello\n|-damage|p1a: jello|67\/100 brn\n|move|p1a: jello|Toxic|p2a: Chosen\n|-status|p2a: Chosen|tox\n|\n|-damage|p2a: Chosen|94\/100 tox|[from] psn\n|-damage|p1a: jello|61\/100 brn|[from] brn\n|upkeep\n|turn|83\n|\n|t:|1700032596\n|move|p2a: Chosen|Take Heart|p2a: Chosen\n|-boost|p2a: Chosen|spa|1\n|-boost|p2a: Chosen|spd|1\n|-curestatus|p2a: Chosen|tox|[msg]\n|move|p1a: jello|Haze|p1a: jello\n|-clearallboost\n|\n|-heal|p2a: Chosen|100\/100|[from] item: Leftovers\n|-damage|p1a: jello|55\/100 brn|[from] brn\n|upkeep\n|turn|84\n|\n|t:|1700032604\n|switch|p2a: Effie|Rillaboom, F|100\/100\n|-fieldstart|move: Grassy Terrain|[from] ability: Grassy Surge|[of] p2a: Effie\n|move|p1a: jello|Toxic|p2a: Effie\n|-status|p2a: Effie|tox\n|\n|-heal|p1a: jello|61\/100 brn|[from] Grassy Terrain\n|-damage|p2a: Effie|94\/100 tox|[from] psn\n|-damage|p1a: jello|55\/100 brn|[from] brn\n|upkeep\n|turn|85\n|\n|t:|1700032607\n|switch|p1a: curry|Amoonguss, F|100\/100\n|move|p2a: Effie|U-turn|p1a: curry\n|-damage|p1a: curry|72\/100\n|-damage|p2a: Effie|78\/100 tox|[from] item: Rocky Helmet|[of] p1a: curry\n|\n|t:|1700032609\n|switch|p2a: Violeta|Sneasler, F|100\/100|[from] U-turn\n|-enditem|p2a: Violeta|Grassy Seed\n|-boost|p2a: Violeta|def|1|[from] item: Grassy Seed\n|\n|-heal|p1a: curry|78\/100|[from] Grassy Terrain\n|upkeep\n|turn|86\n|\n|t:|1700032619\n|move|p2a: Violeta|Swords Dance|p2a: Violeta\n|-boost|p2a: Violeta|atk|2\n|move|p1a: curry|Spore|p2a: Violeta\n|-status|p2a: Violeta|slp|[from] move: Spore\n|\n|-heal|p1a: curry|84\/100|[from] Grassy Terrain\n|upkeep\n|turn|87\n|\n|t:|1700032625\n|cant|p2a: Violeta|slp\n|move|p1a: curry|Foul Play|p2a: Violeta\n|-resisted|p2a: Violeta\n|-damage|p2a: Violeta|62\/100 slp\n|\n|-heal|p2a: Violeta|68\/100 slp|[from] Grassy Terrain\n|-heal|p1a: curry|90\/100|[from] Grassy Terrain\n|upkeep\n|turn|88\n|\n|t:|1700032634\n|cant|p2a: Violeta|slp\n|move|p1a: curry|Foul Play|p2a: Violeta\n|-resisted|p2a: Violeta\n|-damage|p2a: Violeta|29\/100 slp\n|\n|-heal|p2a: Violeta|35\/100 slp|[from] Grassy Terrain\n|-heal|p1a: curry|96\/100|[from] Grassy Terrain\n|-fieldend|move: Grassy Terrain\n|upkeep\n|turn|89\n|\n|t:|1700032643\n|switch|p1a: leng|Zapdos|100\/100\n|cant|p2a: Violeta|slp\n|\n|upkeep\n|turn|90\n|\n|t:|1700032650\n|-curestatus|p2a: Violeta|slp|[msg]\n|move|p2a: Violeta|Dire Claw|p1a: leng\n|-damage|p1a: leng|34\/100\n|-status|p1a: leng|slp\n|cant|p1a: leng|slp\n|\n|upkeep\n|turn|91\n|\n|t:|1700032662\n|move|p2a: Violeta|Swords Dance|p2a: Violeta\n|-boost|p2a: Violeta|atk|2\n|cant|p1a: leng|slp\n|\n|upkeep\n|turn|92\n|\n|t:|1700032667\n|move|p2a: Violeta|Dire Claw|p1a: leng\n|-damage|p1a: leng|0 fnt\n|faint|p1a: leng\n|\n|upkeep\n|\n|t:|1700032671\n|switch|p1a: donny|Kingambit, F|100\/100\n|-activate|p1a: donny|ability: Supreme Overlord\n|-start|p1a: donny|fallen1|[silent]\n|turn|93\n|\n|t:|1700032698\n|-terastallize|p1a: donny|Fairy\n|move|p2a: Violeta|Close Combat|p1a: donny\n|-resisted|p1a: donny\n|-damage|p1a: donny|19\/100\n|-unboost|p2a: Violeta|def|1\n|-unboost|p2a: Violeta|spd|1\n|move|p1a: donny|Tera Blast|p2a: Violeta|[anim] Tera Blast Fairy\n|-damage|p2a: Violeta|0 fnt\n|faint|p2a: Violeta\n|\n|-heal|p1a: donny|26\/100|[from] item: Leftovers\n|upkeep\n|\n|t:|1700032710\n|switch|p2a: Vanguard|Zamazenta|100\/100\n|-ability|p2a: Vanguard|Dauntless Shield|boost\n|-boost|p2a: Vanguard|def|1\n|turn|94\n|\n|t:|1700032717\n|-end|p1a: donny|fallen1|[silent]\n|switch|p1a: jello|Toxapex, M, shiny|89\/100 brn\n|-terastallize|p2a: Vanguard|Steel\n|move|p2a: Vanguard|Iron Defense|p2a: Vanguard\n|-boost|p2a: Vanguard|def|2\n|\n|-damage|p1a: jello|83\/100 brn|[from] brn\n|upkeep\n|turn|95\n|\n|t:|1700032724\n|move|p2a: Vanguard|Iron Defense|p2a: Vanguard\n|-boost|p2a: Vanguard|def|2\n|move|p1a: jello|Haze|p1a: jello\n|-clearallboost\n|\n|-damage|p1a: jello|77\/100 brn|[from] brn\n|upkeep\n|turn|96\n|\n|t:|1700032727\n|switch|p1a: curry|Amoonguss, F|100\/100\n|move|p2a: Vanguard|Iron Defense|p2a: Vanguard\n|-boost|p2a: Vanguard|def|2\n|\n|upkeep\n|turn|97\n|\n|t:|1700032730\n|move|p2a: Vanguard|Body Press|p1a: curry\n|-resisted|p1a: curry\n|-damage|p1a: curry|75\/100\n|-damage|p2a: Vanguard|84\/100|[from] item: Rocky Helmet|[of] p1a: curry\n|move|p1a: curry|Spore|p2a: Vanguard\n|-status|p2a: Vanguard|slp|[from] move: Spore\n|\n|-heal|p2a: Vanguard|90\/100 slp|[from] item: Leftovers\n|upkeep\n|turn|98\n|\n|t:|1700032736\n|cant|p2a: Vanguard|slp\n|move|p1a: curry|Foul Play|p2a: Vanguard\n|-damage|p2a: Vanguard|81\/100 slp\n|\n|-heal|p2a: Vanguard|87\/100 slp|[from] item: Leftovers\n|upkeep\n|turn|99\n|\n|t:|1700032741\n|switch|p1a: jello|Toxapex, M, shiny|100\/100 brn\n|-curestatus|p2a: Vanguard|slp|[msg]\n|move|p2a: Vanguard|Iron Defense|p2a: Vanguard\n|-boost|p2a: Vanguard|def|2\n|\n|-heal|p2a: Vanguard|93\/100|[from] item: Leftovers\n|-damage|p1a: jello|95\/100 brn|[from] brn\n|upkeep\n|turn|100\n|\n|t:|1700032745\n|move|p2a: Vanguard|Body Press|p1a: jello\n|-resisted|p1a: jello\n|-damage|p1a: jello|49\/100 brn\n|move|p1a: jello|Haze|p1a: jello\n|-clearallboost\n|\n|-heal|p2a: Vanguard|99\/100|[from] item: Leftovers\n|-damage|p1a: jello|43\/100 brn|[from] brn\n|upkeep\n|turn|101\n|\n|t:|1700032750\n|switch|p2a: Effie|Rillaboom, F|78\/100 tox\n|-fieldstart|move: Grassy Terrain|[from] ability: Grassy Surge|[of] p2a: Effie\n|switch|p1a: curry|Amoonguss, F|100\/100\n|\n|-heal|p2a: Effie|84\/100 tox|[from] Grassy Terrain\n|-damage|p2a: Effie|78\/100 tox|[from] psn\n|upkeep\n|turn|102\n|\n|t:|1700032755\n|move|p2a: Effie|Wood Hammer|p1a: curry\n|-resisted|p1a: curry\n|-damage|p1a: curry|78\/100\n|-damage|p2a: Effie|61\/100 tox|[from] item: Rocky Helmet|[of] p1a: curry\n|-damage|p2a: Effie|53\/100 tox|[from] Recoil\n|move|p1a: curry|Foul Play|p2a: Effie\n|-damage|p2a: Effie|17\/100 tox\n|\n|-heal|p2a: Effie|23\/100 tox|[from] Grassy Terrain\n|-heal|p1a: curry|84\/100|[from] Grassy Terrain\n|-damage|p2a: Effie|10\/100 tox|[from] psn\n|upkeep\n|turn|103\n|\n|t:|1700032772\n|switch|p2a: Ninetales|Ninetales-Alola, M|94\/100\n|-weather|Snow|[from] ability: Snow Warning|[of] p2a: Ninetales\n|move|p1a: curry|Giga Drain|p2a: Ninetales\n|-damage|p2a: Ninetales|66\/100\n|-heal|p1a: curry|96\/100|[from] drain|[of] p2a: Ninetales\n|\n|-weather|Snow|[upkeep]\n|-heal|p2a: Ninetales|72\/100|[from] Grassy Terrain\n|-heal|p1a: curry|100\/100|[from] Grassy Terrain\n|upkeep\n|turn|104\n|\n|t:|1700032776\n|switch|p1a: donny|Kingambit, F, tera:Fairy|26\/100\n|-activate|p1a: donny|ability: Supreme Overlord\n|-start|p1a: donny|fallen1|[silent]\n|move|p2a: Ninetales|Aurora Veil|p2a: Ninetales\n|-sidestart|p2: twinklover254|move: Aurora Veil\n|\n|-weather|Snow|[upkeep]\n|-heal|p2a: Ninetales|78\/100|[from] Grassy Terrain\n|-heal|p1a: donny|32\/100|[from] Grassy Terrain\n|-heal|p1a: donny|38\/100|[from] item: Leftovers\n|upkeep\n|turn|105\n|\n|t:|1700032789\n|-end|p1a: donny|fallen1|[silent]\n|switch|p1a: jello|Toxapex, M, shiny|76\/100 brn\n|move|p2a: Ninetales|Moonblast|p1a: jello\n|-resisted|p1a: jello\n|-damage|p1a: jello|67\/100 brn\n|-unboost|p1a: jello|spa|1\n|\n|-weather|Snow|[upkeep]\n|-heal|p2a: Ninetales|84\/100|[from] Grassy Terrain\n|-heal|p1a: jello|73\/100 brn|[from] Grassy Terrain\n|-damage|p1a: jello|67\/100 brn|[from] brn\n|-fieldend|move: Grassy Terrain\n|upkeep\n|turn|106\n|\n|t:|1700032799\n|switch|p2a: Effie|Rillaboom, F|10\/100 tox\n|-fieldstart|move: Grassy Terrain|[from] ability: Grassy Surge|[of] p2a: Effie\n|move|p1a: jello|Surf|p2a: Effie\n|-resisted|p2a: Effie\n|-damage|p2a: Effie|7\/100 tox\n|\n|-weather|Snow|[upkeep]\n|-heal|p2a: Effie|13\/100 tox|[from] Grassy Terrain\n|-heal|p1a: jello|73\/100 brn|[from] Grassy Terrain\n|-damage|p2a: Effie|7\/100 tox|[from] psn\n|-damage|p1a: jello|67\/100 brn|[from] brn\n|upkeep\n|turn|107\n|\n|t:|1700032803\n|switch|p1a: curry|Amoonguss, F|100\/100\n|move|p2a: Effie|U-turn|p1a: curry\n|-damage|p1a: curry|72\/100\n|-damage|p2a: Effie|0 fnt|[from] item: Rocky Helmet|[of] p1a: curry\n|faint|p2a: Effie\n|\n|-weather|none\n|-heal|p1a: curry|78\/100|[from] Grassy Terrain\n|upkeep\n|\n|t:|1700032806\n|switch|p2a: Isagi|Heatran, M|100\/100\n|-item|p2a: Isagi|Air Balloon\n|turn|108\n|\n|t:|1700032815\n|switch|p1a: jazz|Dragapult, F|100\/100\n|move|p2a: Isagi|Magma Storm|p1a: jazz\n|-resisted|p1a: jazz\n|-damage|p1a: jazz|72\/100\n|-activate|p1a: jazz|move: Magma Storm|[of] p2a: Isagi\n|\n|-heal|p1a: jazz|78\/100|[from] Grassy Terrain\n|-damage|p1a: jazz|66\/100|[from] move: Magma Storm|[partiallytrapped]\n|upkeep\n|turn|109\n|\n|t:|1700032820\n|move|p1a: jazz|U-turn|p2a: Isagi\n|-resisted|p2a: Isagi\n|-damage|p2a: Isagi|99\/100\n|-enditem|p2a: Isagi|Air Balloon\n|\n|t:|1700032823\n|switch|p1a: jello|Toxapex, M, shiny|100\/100 brn|[from] U-turn\n|move|p2a: Isagi|Will-O-Wisp|p1a: jello\n|-fail|p1a: jello|brn\n|\n|-heal|p2a: Isagi|100\/100|[from] Grassy Terrain\n|-damage|p1a: jello|95\/100 brn|[from] brn\n|upkeep\n|turn|110\n|\n|t:|1700032834\n|switch|p1a: pt|Great Tusk|100\/100\n|move|p2a: Isagi|Magma Storm|p1a: pt|[miss]\n|-miss|p2a: Isagi|p1a: pt\n|\n|-fieldend|move: Grassy Terrain\n|upkeep\n|turn|111\n|\n|t:|1700032846\n|switch|p2a: Vanguard|Zamazenta, tera:Steel|99\/100\n|move|p1a: pt|Earthquake|p2a: Vanguard\n|-supereffective|p2a: Vanguard\n|-damage|p2a: Vanguard|67\/100\n|\n|-heal|p2a: Vanguard|73\/100|[from] item: Leftovers\n|-sideend|p2: twinklover254|move: Aurora Veil\n|upkeep\n|turn|112\n|\n|t:|1700032850\n|move|p2a: Vanguard|Iron Defense|p2a: Vanguard\n|-boost|p2a: Vanguard|def|2\n|move|p1a: pt|Knock Off|p2a: Vanguard\n|-damage|p2a: Vanguard|63\/100\n|-enditem|p2a: Vanguard|Leftovers|[from] move: Knock Off|[of] p1a: pt\n|\n|upkeep\n|turn|113\n|\n|t:|1700032853\n|-end|p1a: pt|Protosynthesis|[silent]\n|switch|p1a: jello|Toxapex, M, shiny|100\/100 brn\n|move|p2a: Vanguard|Body Press|p1a: jello\n|-resisted|p1a: jello\n|-damage|p1a: jello|74\/100 brn\n|\n|-damage|p1a: jello|68\/100 brn|[from] brn\n|upkeep\n|turn|114\n|\n|t:|1700032857\n|switch|p2a: Isagi|Heatran, M|100\/100\n|move|p1a: jello|Haze|p1a: jello\n|-clearallboost\n|\n|-damage|p1a: jello|62\/100 brn|[from] brn\n|upkeep\n|turn|115\n|\n|t:|1700032866\n|switch|p1a: donny|Kingambit, F, tera:Fairy|38\/100\n|-activate|p1a: donny|ability: Supreme Overlord\n|-start|p1a: donny|fallen1|[silent]\n|move|p2a: Isagi|Magma Storm|p1a: donny\n|-damage|p1a: donny|0 fnt\n|faint|p1a: donny\n|-end|p1a: donny|fallen1|[silent]\n|\n|upkeep\n|\n|t:|1700032874\n|switch|p1a: pt|Great Tusk|100\/100\n|turn|116\n|\n|t:|1700032878\n|switch|p2a: Chosen|Manaphy|100\/100\n|move|p1a: pt|Earthquake|p2a: Chosen\n|-damage|p2a: Chosen|68\/100\n|\n|-heal|p2a: Chosen|75\/100|[from] item: Leftovers\n|upkeep\n|turn|117\n|l| t-modesty\n|\n|t:|1700032892\n|-end|p1a: pt|Protosynthesis|[silent]\n|switch|p1a: curry|Amoonguss, F|100\/100\n|move|p2a: Chosen|Acid Armor|p2a: Chosen\n|-boost|p2a: Chosen|def|2\n|\n|-heal|p2a: Chosen|81\/100|[from] item: Leftovers\n|upkeep\n|turn|118\n|\n|t:|1700032900\n|move|p2a: Chosen|Acid Armor|p2a: Chosen\n|-boost|p2a: Chosen|def|2\n|move|p1a: curry|Spore|p2a: Chosen\n|-status|p2a: Chosen|slp|[from] move: Spore\n|\n|-heal|p2a: Chosen|87\/100 slp|[from] item: Leftovers\n|upkeep\n|turn|119\n|\n|t:|1700032903\n|cant|p2a: Chosen|slp\n|move|p1a: curry|Giga Drain|p2a: Chosen\n|-supereffective|p2a: Chosen\n|-damage|p2a: Chosen|50\/100 slp\n|\n|-heal|p2a: Chosen|56\/100 slp|[from] item: Leftovers\n|upkeep\n|turn|120\n|\n|t:|1700032906\n|-curestatus|p2a: Chosen|slp|[msg]\n|move|p2a: Chosen|Stored Power|p1a: curry\n|-supereffective|p1a: curry\n|-damage|p1a: curry|59\/100\n|move|p1a: curry|Giga Drain|p2a: Chosen\n|-supereffective|p2a: Chosen\n|-damage|p2a: Chosen|20\/100\n|-heal|p1a: curry|75\/100|[from] drain|[of] p2a: Chosen\n|\n|-heal|p2a: Chosen|26\/100|[from] item: Leftovers\n|upkeep\n|turn|121\n|\n|t:|1700032915\n|move|p2a: Chosen|Stored Power|p1a: curry\n|-supereffective|p1a: curry\n|-damage|p1a: curry|29\/100\n|move|p1a: curry|Giga Drain|p2a: Chosen\n|-supereffective|p2a: Chosen\n|-damage|p2a: Chosen|0 fnt\n|-heal|p1a: curry|41\/100|[from] drain|[of] p2a: Chosen\n|faint|p2a: Chosen\n|\n|upkeep\n|\n|t:|1700032920\n|switch|p2a: Isagi|Heatran, M|100\/100\n|turn|122\n|\n|t:|1700032926\n|switch|p1a: jazz|Dragapult, F|66\/100\n|move|p2a: Isagi|Magma Storm|p1a: jazz\n|-resisted|p1a: jazz\n|-damage|p1a: jazz|34\/100\n|-activate|p1a: jazz|move: Magma Storm|[of] p2a: Isagi\n|\n|-damage|p1a: jazz|22\/100|[from] move: Magma Storm|[partiallytrapped]\n|upkeep\n|turn|123\n|\n|t:|1700032933\n|move|p1a: jazz|Shadow Ball|p2a: Isagi\n|-damage|p2a: Isagi|69\/100\n|move|p2a: Isagi|Earth Power|p1a: jazz\n|-damage|p1a: jazz|0 fnt\n|faint|p1a: jazz\n|\n|upkeep\n|\n|t:|1700032939\n|switch|p1a: pt|Great Tusk|100\/100\n|turn|124\n|\n|t:|1700032943\n|switch|p2a: Ninetales|Ninetales-Alola, M|84\/100\n|-weather|Snow|[from] ability: Snow Warning|[of] p2a: Ninetales\n|move|p1a: pt|Earthquake|p2a: Ninetales\n|-damage|p2a: Ninetales|48\/100\n|\n|-weather|Snow|[upkeep]\n|upkeep\n|turn|125\n|\n|t:|1700032948\n|-end|p1a: pt|Protosynthesis|[silent]\n|switch|p1a: curry|Amoonguss, F|75\/100\n|move|p2a: Ninetales|Aurora Veil|p2a: Ninetales\n|-sidestart|p2: twinklover254|move: Aurora Veil\n|\n|-weather|Snow|[upkeep]\n|upkeep\n|turn|126\n|\n|t:|1700032955\n|switch|p2a: Isagi|Heatran, M|69\/100\n|move|p1a: curry|Spore|p2a: Isagi\n|-status|p2a: Isagi|slp|[from] move: Spore\n|\n|-weather|Snow|[upkeep]\n|upkeep\n|turn|127\n|\n|t:|1700032960\n|switch|p1a: pt|Great Tusk|100\/100\n|cant|p2a: Isagi|slp\n|\n|-weather|Snow|[upkeep]\n|upkeep\n|turn|128\n|\n|t:|1700032966\n|switch|p2a: Vanguard|Zamazenta, tera:Steel|63\/100\n|move|p1a: pt|Earthquake|p2a: Vanguard\n|-supereffective|p2a: Vanguard\n|-damage|p2a: Vanguard|31\/100\n|\n|-weather|none\n|upkeep\n|turn|129\n|\n|t:|1700032969\n|move|p2a: Vanguard|Iron Defense|p2a: Vanguard\n|-boost|p2a: Vanguard|def|2\n|move|p1a: pt|Stealth Rock|p2a: Vanguard\n|-sidestart|p2: twinklover254|move: Stealth Rock\n|\n|upkeep\n|turn|130\n|\n|t:|1700032973\n|-end|p1a: pt|Protosynthesis|[silent]\n|switch|p1a: jello|Toxapex, M, shiny|95\/100 brn\n|move|p2a: Vanguard|Crunch|p1a: jello\n|-crit|p1a: jello\n|-damage|p1a: jello|69\/100 brn\n|\n|-damage|p1a: jello|63\/100 brn|[from] brn\n|upkeep\n|turn|131\n|\n|t:|1700032981\n|switch|p2a: Isagi|Heatran, M|69\/100 slp\n|-damage|p2a: Isagi|57\/100 slp|[from] Stealth Rock\n|move|p1a: jello|Haze|p1a: jello\n|-clearallboost\n|\n|-damage|p1a: jello|57\/100 brn|[from] brn\n|upkeep\n|turn|132\n|\n|t:|1700032984\n|switch|p1a: pt|Great Tusk|100\/100\n|-curestatus|p2a: Isagi|slp|[msg]\n|move|p2a: Isagi|Magma Storm|p1a: pt\n|-damage|p1a: pt|44\/100\n|-activate|p1a: pt|move: Magma Storm|[of] p2a: Isagi\n|\n|-heal|p1a: pt|50\/100|[from] item: Leftovers\n|-damage|p1a: pt|37\/100|[from] move: Magma Storm|[partiallytrapped]\n|-sideend|p2: twinklover254|move: Aurora Veil\n|upkeep\n|turn|133\n|\n|t:|1700032990\n|switch|p2a: Ninetales|Ninetales-Alola, M|48\/100\n|-damage|p2a: Ninetales|23\/100|[from] Stealth Rock\n|-weather|Snow|[from] ability: Snow Warning|[of] p2a: Ninetales\n|move|p1a: pt|Earthquake|p2a: Ninetales\n|-damage|p2a: Ninetales|0 fnt\n|faint|p2a: Ninetales\n|\n|-weather|Snow|[upkeep]\n|-heal|p1a: pt|44\/100|[from] item: Leftovers\n|-end|p1a: pt|Magma Storm|[partiallytrapped]|[silent]\n|upkeep\n|\n|t:|1700032997\n|switch|p2a: Vanguard|Zamazenta, tera:Steel|31\/100\n|-damage|p2a: Vanguard|25\/100|[from] Stealth Rock\n|turn|134\n|j| ucica\n|\n|t:|1700033006\n|-end|p1a: pt|Protosynthesis|[silent]\n|switch|p1a: curry|Amoonguss, F|100\/100\n|move|p2a: Vanguard|Iron Defense|p2a: Vanguard\n|-boost|p2a: Vanguard|def|2\n|\n|-weather|Snow|[upkeep]\n|upkeep\n|turn|135\n|\n|t:|1700033010\n|move|p2a: Vanguard|Body Press|p1a: curry\n|-resisted|p1a: curry\n|-damage|p1a: curry|75\/100\n|-damage|p2a: Vanguard|8\/100|[from] item: Rocky Helmet|[of] p1a: curry\n|move|p1a: curry|Spore|p2a: Vanguard\n|-status|p2a: Vanguard|slp|[from] move: Spore\n|\n|-weather|Snow|[upkeep]\n|upkeep\n|turn|136\n|\n|t:|1700033014\n|cant|p2a: Vanguard|slp\n|move|p1a: curry|Foul Play|p2a: Vanguard\n|-damage|p2a: Vanguard|0 fnt\n|faint|p2a: Vanguard\n|\n|-weather|Snow|[upkeep]\n|upkeep\n|\n|t:|1700033016\n|switch|p2a: Isagi|Heatran, M|57\/100\n|-damage|p2a: Isagi|44\/100|[from] Stealth Rock\n|turn|137\n|\n|t:|1700033020\n|move|p2a: Isagi|Magma Storm|p1a: curry\n|-supereffective|p1a: curry\n|-crit|p1a: curry\n|-damage|p1a: curry|0 fnt\n|faint|p1a: curry\n|\n|-weather|none\n|upkeep\n|\n|t:|1700033023\n|switch|p1a: pt|Great Tusk|44\/100\n|turn|138\n|c| ucica|136 turn?\n|\n|t:|1700033025\n|move|p1a: pt|Earthquake|p2a: Isagi\n|-supereffective|p2a: Isagi\n|-damage|p2a: Isagi|0 fnt\n|faint|p2a: Isagi\n|\n|win|HPDARKEAGLE\n|raw|HPDARKEAGLE's rating: 1588 &rarr; <strong>1608<\/strong><br \/>(+20 for winning)\n|raw|twinklover254's rating: 1580 &rarr; <strong>1560<\/strong><br \/>(-20 for losing)\n|l|\u2606twinklover254\n","uploadtime":1700033034,"views":20,"p1id":"hpdarkeagle","p2id":"twinklover254","formatid":"gen9ou","rating":1560,"private":0,"password":""}