{"id":"gen9ou-2000102159","p1":"Add 6669420","p2":"Huh 69","format":"[Gen 9] OU","log":"|j|\u2606Add 6669420\n|j|\u2606Huh 69\n|t:|1701155151\n|gametype|singles\n|player|p1|Add 6669420|ash-sinnoh|1308\n|player|p2|Huh 69|2|1239\n|teamsize|p1|6\n|teamsize|p2|2\n|gen|9\n|tier|[Gen 9] OU\n|rated|\n|rule|Sleep Clause Mod: Limit one foe put to sleep\n|rule|Species Clause: Limit one of each Pok\u00e9mon\n|rule|OHKO Clause: OHKO moves are banned\n|rule|Evasion Items Clause: Evasion items are banned\n|rule|Evasion Moves Clause: Evasion moves are banned\n|rule|Endless Battle Clause: Forcing endless battles is banned\n|rule|HP Percentage Mod: HP is shown in percentages\n|clearpoke\n|poke|p1|Zarude|\n|poke|p1|Cinderace, M|\n|poke|p1|Zapdos|\n|poke|p1|Landorus-Therian, M|\n|poke|p1|Slowking-Galar, F|\n|poke|p1|Haxorus, F|\n|poke|p2|Manaphy|\n|poke|p2|Corviknight, F|\n|teampreview\n|c|\u2606Add 6669420|Glhf\n|inactive|Battle timer is ON: inactive players will automatically lose when time's up. (requested by Huh 69)\n|\n|t:|1701155165\n|start\n|switch|p1a: Zapdos|Zapdos|100\/100\n|switch|p2a: Corviknight|Corviknight, F|100\/100\n|turn|1\n|\n|t:|1701155170\n|move|p1a: Zapdos|Discharge|p2a: Corviknight\n|-supereffective|p2a: Corviknight\n|-damage|p2a: Corviknight|38\/100\n|move|p2a: Corviknight|Tailwind|p2a: Corviknight\n|-sidestart|p2: Huh 69|move: Tailwind\n|\n|upkeep\n|turn|2\n|c|\u2606Add 6669420|Thx for the elo?\n|\n|t:|1701155178\n|move|p2a: Corviknight|Brave Bird|p1a: Zapdos\n|-resisted|p1a: Zapdos\n|-damage|p1a: Zapdos|81\/100\n|-damage|p2a: Corviknight|32\/100|[from] Recoil\n|move|p1a: Zapdos|Discharge|p2a: Corviknight\n|-supereffective|p2a: Corviknight\n|-damage|p2a: Corviknight|0 fnt\n|faint|p2a: Corviknight\n|\n|upkeep\n|\n|t:|1701155180\n|switch|p2a: Manaphy|Manaphy, shiny|100\/100\n|turn|3\n|\n|t:|1701155184\n|-terastallize|p2a: Manaphy|Fairy\n|move|p2a: Manaphy|Tail Glow|p2a: Manaphy\n|-boost|p2a: Manaphy|spa|3\n|move|p1a: Zapdos|Hurricane|p2a: Manaphy\n|-damage|p2a: Manaphy|73\/100\n|\n|-heal|p2a: Manaphy|79\/100|[from] item: Leftovers\n|upkeep\n|turn|4\n|\n|t:|1701155188\n|move|p2a: Manaphy|Acid Armor|p2a: Manaphy\n|-boost|p2a: Manaphy|def|2\n|move|p1a: Zapdos|Discharge|p2a: Manaphy\n|-damage|p2a: Manaphy|57\/100\n|-status|p2a: Manaphy|par\n|\n|-heal|p2a: Manaphy|63\/100 par|[from] item: Leftovers\n|-sideend|p2: Huh 69|move: Tailwind\n|upkeep\n|turn|5\n|\n|t:|1701155194\n|move|p1a: Zapdos|Volt Switch|p2a: Manaphy\n|-damage|p2a: Manaphy|45\/100 par\n|\n|t:|1701155196\n|switch|p1a: Zarude|Zarude|100\/100|[from] Volt Switch\n|cant|p2a: Manaphy|par\n|\n|-heal|p2a: Manaphy|51\/100 par|[from] item: Leftovers\n|upkeep\n|turn|6\n|\n|t:|1701155201\n|move|p1a: Zarude|Power Whip|p2a: Manaphy\n|-damage|p2a: Manaphy|21\/100 par\n|-damage|p1a: Zarude|91\/100|[from] item: Life Orb\n|move|p2a: Manaphy|Energy Ball|p1a: Zarude\n|-resisted|p1a: Zarude\n|-damage|p1a: Zarude|66\/100\n|\n|-heal|p2a: Manaphy|27\/100 par|[from] item: Leftovers\n|upkeep\n|turn|7\n|\n|t:|1701155209\n|move|p1a: Zarude|Knock Off|p2a: Manaphy\n|-resisted|p2a: Manaphy\n|-damage|p2a: Manaphy|15\/100 par\n|-enditem|p2a: Manaphy|Leftovers|[from] move: Knock Off|[of] p1a: Zarude\n|-damage|p1a: Zarude|56\/100|[from] item: Life Orb\n|cant|p2a: Manaphy|par\n|\n|upkeep\n|turn|8\n|c|\u2606Add 6669420|Ggs\n|c|\u2606Add 6669420|Hiny\n|c|\u2606Add 6669420|If u wanna use tailwind use shiftru\n|-message|Huh 69 forfeited.\n|\n|win|Add 6669420\n|raw|Add 6669420's rating: 1308 &rarr; <strong>1324<\/strong><br \/>(+16 for winning)\n|raw|Huh 69's rating: 1239 &rarr; <strong>1219<\/strong><br \/>(-20 for losing)\n|l|\u2606Huh 69\n","uploadtime":1701155234,"views":4,"p1id":"add6669420","p2id":"huh69","formatid":"gen9ou","rating":1219,"private":0,"password":""}