{"id":"gen9ou-1992639886","p1":"CaterpieSenpai6","p2":"niflouz","format":"[Gen 9] OU","log":"|j|\u2606CaterpieSenpai6\n|j|\u2606niflouz\n|t:|1700218901\n|gametype|singles\n|player|p1|CaterpieSenpai6|cheryl|1216\n|player|p2|niflouz|lucas|1314\n|teamsize|p1|6\n|teamsize|p2|6\n|gen|9\n|tier|[Gen 9] OU\n|rated|\n|rule|Sleep Clause Mod: Limit one foe put to sleep\n|rule|Species Clause: Limit one of each Pok\u00e9mon\n|rule|OHKO Clause: OHKO moves are banned\n|rule|Evasion Items Clause: Evasion items are banned\n|rule|Evasion Moves Clause: Evasion moves are banned\n|rule|Endless Battle Clause: Forcing endless battles is banned\n|rule|HP Percentage Mod: HP is shown in percentages\n|clearpoke\n|poke|p1|Samurott-Hisui, M|\n|poke|p1|Gholdengo|\n|poke|p1|Ceruledge, M|\n|poke|p1|Rillaboom, M|\n|poke|p1|Zamazenta-*|\n|poke|p1|Great Tusk|\n|poke|p2|Kingambit, M|\n|poke|p2|Great Tusk|\n|poke|p2|Dragapult, F|\n|poke|p2|Ogerpon-Wellspring, F|\n|poke|p2|Blissey, F|\n|poke|p2|Zapdos|\n|teampreview\n|inactive|Battle timer is ON: inactive players will automatically lose when time's up. (requested by niflouz)\n|\n|t:|1700218927\n|start\n|switch|p1a: look there woops|Gholdengo, shiny|100\/100\n|switch|p2a: Zapdos|Zapdos|100\/100\n|turn|1\n|\n|t:|1700218939\n|move|p1a: look there woops|Trick|p2a: Zapdos\n|-activate|p1a: look there woops|move: Trick|[of] p2a: Zapdos\n|-item|p2a: Zapdos|Choice Scarf|[from] move: Trick\n|-item|p1a: look there woops|Heavy-Duty Boots|[from] move: Trick\n|move|p2a: Zapdos|Volt Switch|p1a: look there woops\n|-damage|p1a: look there woops|65\/100\n|inactive|niflouz has 120 seconds left.\n|\n|t:|1700218975\n|switch|p2a: Dragapult|Dragapult, F|100\/100|[from] Volt Switch\n|\n|upkeep\n|turn|2\n|\n|t:|1700218983\n|move|p2a: Dragapult|Shadow Ball|p1a: look there woops\n|-supereffective|p1a: look there woops\n|-crit|p1a: look there woops\n|-damage|p1a: look there woops|0 fnt\n|faint|p1a: look there woops\n|\n|upkeep\n|\n|t:|1700218995\n|switch|p1a: i js look cool|Ceruledge, M|100\/100\n|turn|3\n|\n|t:|1700219004\n|move|p2a: Dragapult|Shadow Ball|p1a: i js look cool\n|-supereffective|p1a: i js look cool\n|-enditem|p1a: i js look cool|Focus Sash\n|-damage|p1a: i js look cool|1\/100\n|move|p1a: i js look cool|Swords Dance|p1a: i js look cool\n|-boost|p1a: i js look cool|atk|2\n|\n|upkeep\n|turn|4\n|\n|t:|1700219013\n|switch|p2a: Blissey|Blissey, F|100\/100\n|move|p1a: i js look cool|Shadow Sneak|p2a: Blissey\n|-immune|p2a: Blissey\n|\n|upkeep\n|turn|5\n|\n|t:|1700219029\n|move|p1a: i js look cool|Bitter Blade|p2a: Blissey\n|-damage|p2a: Blissey|27\/100\n|-heal|p1a: i js look cool|91\/100|[from] drain|[of] p2a: Blissey\n|move|p2a: Blissey|Shadow Ball|p1a: i js look cool\n|-supereffective|p1a: i js look cool\n|-damage|p1a: i js look cool|56\/100\n|\n|upkeep\n|turn|6\n|\n|t:|1700219037\n|switch|p2a: Zapdos|Zapdos|100\/100\n|move|p1a: i js look cool|Bitter Blade|p2a: Zapdos\n|-damage|p2a: Zapdos|31\/100\n|-heal|p1a: i js look cool|100\/100|[from] drain|[of] p2a: Zapdos\n|\n|upkeep\n|turn|7\n|\n|t:|1700219048\n|move|p2a: Zapdos|Hurricane|p1a: i js look cool\n|-damage|p1a: i js look cool|49\/100\n|move|p1a: i js look cool|Bitter Blade|p2a: Zapdos\n|-damage|p2a: Zapdos|0 fnt\n|-heal|p1a: i js look cool|69\/100|[from] drain|[of] p2a: Zapdos\n|faint|p2a: Zapdos\n|\n|upkeep\n|\n|t:|1700219053\n|switch|p2a: Dragapult|Dragapult, F|100\/100\n|turn|8\n|\n|t:|1700219061\n|-terastallize|p1a: i js look cool|Fairy\n|move|p1a: i js look cool|Shadow Sneak|p2a: Dragapult\n|-supereffective|p2a: Dragapult\n|-damage|p2a: Dragapult|0 fnt\n|faint|p2a: Dragapult\n|\n|upkeep\n|\n|t:|1700219066\n|switch|p2a: Great Tusk|Great Tusk|100\/100\n|turn|9\n|\n|t:|1700219083\n|move|p2a: Great Tusk|Earthquake|p1a: i js look cool\n|-damage|p1a: i js look cool|10\/100\n|-ability|p1a: i js look cool|Weak Armor|boost\n|-unboost|p1a: i js look cool|def|1\n|-boost|p1a: i js look cool|spe|2\n|move|p1a: i js look cool|Bitter Blade|p2a: Great Tusk\n|-damage|p2a: Great Tusk|41\/100\n|-heal|p1a: i js look cool|54\/100|[from] drain|[of] p2a: Great Tusk\n|\n|-heal|p2a: Great Tusk|47\/100|[from] item: Leftovers\n|upkeep\n|turn|10\n|\n|t:|1700219095\n|move|p1a: i js look cool|Bitter Blade|p2a: Great Tusk\n|-damage|p2a: Great Tusk|0 fnt\n|-heal|p1a: i js look cool|89\/100|[from] drain|[of] p2a: Great Tusk\n|faint|p2a: Great Tusk\n|-end|p2a: Great Tusk|Protosynthesis|[silent]\n|\n|upkeep\n|\n|t:|1700219097\n|switch|p2a: Ogerpon|Ogerpon-Wellspring, F|100\/100\n|turn|11\n|\n|t:|1700219107\n|-terastallize|p2a: Ogerpon|Water\n|detailschange|p2a: Ogerpon|Ogerpon-Wellspring-Tera, F, tera:Water\n|-ability|p2a: Ogerpon|Embody Aspect (Wellspring)|boost\n|-boost|p2a: Ogerpon|spd|1\n|move|p1a: i js look cool|Bitter Blade|p2a: Ogerpon\n|-resisted|p2a: Ogerpon\n|-damage|p2a: Ogerpon|38\/100\n|-heal|p1a: i js look cool|100\/100|[from] drain|[of] p2a: Ogerpon\n|move|p2a: Ogerpon|Ivy Cudgel|p1a: i js look cool|[anim] Ivy Cudgel Water\n|-damage|p1a: i js look cool|0 fnt\n|faint|p1a: i js look cool\n|\n|upkeep\n|\n|t:|1700219122\n|switch|p1a: idk why i add him|Samurott-Hisui, M|100\/100\n|turn|12\n|\n|t:|1700219131\n|move|p2a: Ogerpon|Power Whip|p1a: idk why i add him\n|-supereffective|p1a: idk why i add him\n|-damage|p1a: idk why i add him|0 fnt\n|faint|p1a: idk why i add him\n|\n|upkeep\n|\n|t:|1700219139\n|switch|p1a: idk why im here|Rillaboom, M|100\/100\n|-fieldstart|move: Grassy Terrain|[from] ability: Grassy Surge|[of] p1a: idk why im here\n|turn|13\n|\n|t:|1700219150\n|move|p1a: idk why im here|Grassy Glide|p2a: Ogerpon\n|-supereffective|p2a: Ogerpon\n|-damage|p2a: Ogerpon|0 fnt\n|faint|p2a: Ogerpon\n|-damage|p1a: idk why im here|91\/100|[from] item: Life Orb\n|\n|-heal|p1a: idk why im here|97\/100|[from] Grassy Terrain\n|upkeep\n|\n|t:|1700219153\n|switch|p2a: Kingambit|Kingambit, M|100\/100\n|-activate|p2a: Kingambit|ability: Supreme Overlord\n|-start|p2a: Kingambit|fallen4|[silent]\n|turn|14\n|\n|t:|1700219166\n|move|p1a: idk why im here|Drain Punch|p2a: Kingambit\n|-supereffective|p2a: Kingambit\n|-damage|p2a: Kingambit|3\/100\n|-heal|p1a: idk why im here|100\/100|[from] drain|[of] p2a: Kingambit\n|-damage|p1a: idk why im here|91\/100|[from] item: Life Orb\n|move|p2a: Kingambit|Kowtow Cleave|p1a: idk why im here\n|-damage|p1a: idk why im here|19\/100\n|\n|-heal|p1a: idk why im here|25\/100|[from] Grassy Terrain\n|-heal|p2a: Kingambit|9\/100|[from] Grassy Terrain\n|upkeep\n|turn|15\n|\n|t:|1700219177\n|move|p1a: idk why im here|Grassy Glide|p2a: Kingambit\n|-resisted|p2a: Kingambit\n|-damage|p2a: Kingambit|0 fnt\n|faint|p2a: Kingambit\n|-end|p2a: Kingambit|fallen4|[silent]\n|-damage|p1a: idk why im here|15\/100|[from] item: Life Orb\n|\n|-heal|p1a: idk why im here|22\/100|[from] Grassy Terrain\n|upkeep\n|\n|t:|1700219179\n|switch|p2a: Blissey|Blissey, F|27\/100\n|turn|16\n|c|\u2606niflouz|gg\n|\n|t:|1700219189\n|move|p1a: idk why im here|Drain Punch|p2a: Blissey\n|-supereffective|p2a: Blissey\n|-damage|p2a: Blissey|0 fnt\n|-heal|p1a: idk why im here|49\/100|[from] drain|[of] p2a: Blissey\n|faint|p2a: Blissey\n|-damage|p1a: idk why im here|40\/100|[from] item: Life Orb\n|\n|win|CaterpieSenpai6\n|raw|CaterpieSenpai6's rating: 1216 &rarr; <strong>1248<\/strong><br \/>(+32 for winning)\n|raw|niflouz's rating: 1314 &rarr; <strong>1289<\/strong><br \/>(-25 for losing)\n|l|\u2606niflouz\n","uploadtime":1700219202,"views":10,"p1id":"caterpiesenpai6","p2id":"niflouz","formatid":"gen9ou","rating":1248,"private":0,"password":""}