{"id":"gen9ou-1990026752","p1":"LOOPJ21","p2":"ShadowzLmao","format":"[Gen 9] OU","log":"|j|\u2606LOOPJ21\n|j|\u2606ShadowzLmao\n|t:|1699916741\n|gametype|singles\n|player|p1|LOOPJ21|riley|1178\n|player|p2|ShadowzLmao|hugh|1104\n|teamsize|p1|6\n|teamsize|p2|6\n|gen|9\n|tier|[Gen 9] OU\n|rated|\n|rule|Sleep Clause Mod: Limit one foe put to sleep\n|rule|Species Clause: Limit one of each Pok\u00e9mon\n|rule|OHKO Clause: OHKO moves are banned\n|rule|Evasion Items Clause: Evasion items are banned\n|rule|Evasion Moves Clause: Evasion moves are banned\n|rule|Endless Battle Clause: Forcing endless battles is banned\n|rule|HP Percentage Mod: HP is shown in percentages\n|clearpoke\n|poke|p1|Weavile, F|\n|poke|p1|Conkeldurr, M|\n|poke|p1|Zapdos|\n|poke|p1|Iron Valiant|\n|poke|p1|Glimmora, F|\n|poke|p1|Cinderace, M|\n|poke|p2|Alomomola, F|\n|poke|p2|Gholdengo|\n|poke|p2|Dondozo, F|\n|poke|p2|Kingambit, M|\n|poke|p2|Great Tusk|\n|poke|p2|Thundurus-Therian, M|\n|teampreview\n|inactive|Battle timer is ON: inactive players will automatically lose when time's up. (requested by ShadowzLmao)\n|\n|t:|1699916763\n|start\n|switch|p1a: Glimmora|Glimmora, F|100\/100\n|switch|p2a: Gholdengo|Gholdengo|100\/100\n|turn|1\n|\n|t:|1699916772\n|move|p1a: Glimmora|Stealth Rock|p2a: Gholdengo\n|-sidestart|p2: ShadowzLmao|move: Stealth Rock\n|move|p2a: Gholdengo|Make It Rain|p1a: Glimmora\n|-supereffective|p1a: Glimmora\n|-damage|p1a: Glimmora|0 fnt\n|-unboost|p2a: Gholdengo|spa|1\n|faint|p1a: Glimmora\n|\n|upkeep\n|\n|t:|1699916785\n|switch|p1a: Conkeldurr|Conkeldurr, M|100\/100\n|turn|2\n|inactive|ShadowzLmao has 120 seconds left.\n|\n|t:|1699916815\n|switch|p2a: Alomomola|Alomomola, F|100\/100\n|-damage|p2a: Alomomola|88\/100|[from] Stealth Rock\n|move|p1a: Conkeldurr|Earthquake|p2a: Alomomola\n|-damage|p2a: Alomomola|59\/100\n|\n|-heal|p2a: Alomomola|65\/100|[from] item: Leftovers\n|upkeep\n|turn|3\n|\n|t:|1699916827\n|switch|p1a: Weavile|Weavile, F|100\/100\n|-ability|p1a: Weavile|Pressure\n|move|p2a: Alomomola|Wish|p2a: Alomomola\n|\n|-heal|p2a: Alomomola|72\/100|[from] item: Leftovers\n|upkeep\n|turn|4\n|\n|t:|1699916836\n|move|p1a: Weavile|Knock Off|p2a: Alomomola\n|-damage|p2a: Alomomola|21\/100\n|-enditem|p2a: Alomomola|Leftovers|[from] move: Knock Off|[of] p1a: Weavile\n|move|p2a: Alomomola|Flip Turn|p1a: Weavile\n|-damage|p1a: Weavile|74\/100\n|\n|t:|1699916846\n|switch|p2a: Kingambit|Kingambit, M|100\/100|[from] Flip Turn\n|-damage|p2a: Kingambit|94\/100|[from] Stealth Rock\n|\n|-heal|p2a: Kingambit|100\/100|[from] move: Wish|[wisher] Alomomola\n|upkeep\n|turn|5\n|\n|t:|1699916855\n|switch|p1a: Cinderace|Cinderace, M|100\/100\n|move|p2a: Kingambit|Iron Head|p1a: Cinderace\n|-resisted|p1a: Cinderace\n|-damage|p1a: Cinderace|69\/100\n|\n|upkeep\n|turn|6\n|\n|t:|1699916867\n|-end|p2a: Kingambit|fallenundefined|[silent]\n|switch|p2a: Dondozo|Dondozo, F|100\/100\n|-damage|p2a: Dondozo|88\/100|[from] Stealth Rock\n|move|p1a: Cinderace|Will-O-Wisp|p2a: Dondozo\n|-status|p2a: Dondozo|brn\n|\n|-heal|p2a: Dondozo|94\/100 brn|[from] item: Leftovers\n|-damage|p2a: Dondozo|88\/100 brn|[from] brn\n|upkeep\n|turn|7\n|\n|t:|1699916879\n|move|p1a: Cinderace|Trailblaze|p2a: Dondozo\n|-start|p1a: Cinderace|typechange|Grass|[from] ability: Libero\n|-supereffective|p2a: Dondozo\n|-damage|p2a: Dondozo|65\/100 brn\n|-boost|p1a: Cinderace|spe|1\n|move|p2a: Dondozo|Yawn|p1a: Cinderace\n|-start|p1a: Cinderace|move: Yawn|[of] p2a: Dondozo\n|\n|-heal|p2a: Dondozo|72\/100 brn|[from] item: Leftovers\n|-damage|p2a: Dondozo|65\/100 brn|[from] brn\n|upkeep\n|turn|8\n|\n|t:|1699916904\n|switch|p1a: Zapdos|Zapdos|100\/100\n|move|p2a: Dondozo|Body Press|p1a: Zapdos\n|-resisted|p1a: Zapdos\n|-damage|p1a: Zapdos|95\/100\n|\n|-heal|p1a: Zapdos|100\/100|[from] item: Leftovers\n|-heal|p2a: Dondozo|72\/100 brn|[from] item: Leftovers\n|-damage|p2a: Dondozo|65\/100 brn|[from] brn\n|upkeep\n|turn|9\n|\n|t:|1699916918\n|switch|p1a: Iron Valiant|Iron Valiant, shiny|100\/100\n|-enditem|p1a: Iron Valiant|Booster Energy\n|-activate|p1a: Iron Valiant|ability: Quark Drive|[fromitem]\n|-start|p1a: Iron Valiant|quarkdrivespe\n|switch|p2a: Great Tusk|Great Tusk|100\/100\n|-damage|p2a: Great Tusk|98\/100|[from] Stealth Rock\n|-enditem|p2a: Great Tusk|Booster Energy\n|-activate|p2a: Great Tusk|ability: Protosynthesis|[fromitem]\n|-start|p2a: Great Tusk|protosynthesisatk\n|\n|upkeep\n|turn|10\n|\n|t:|1699916936\n|-terastallize|p2a: Great Tusk|Ground\n|move|p1a: Iron Valiant|Moonblast|p2a: Great Tusk\n|-crit|p2a: Great Tusk\n|-damage|p2a: Great Tusk|0 fnt\n|faint|p2a: Great Tusk\n|-end|p2a: Great Tusk|Protosynthesis|[silent]\n|\n|upkeep\n|-message|ShadowzLmao forfeited.\n|\n|win|LOOPJ21\n|raw|LOOPJ21's rating: 1178 &rarr; <strong>1198<\/strong><br \/>(+20 for winning)\n|raw|ShadowzLmao's rating: 1104 &rarr; <strong>1084<\/strong><br \/>(-20 for losing)\n|l|\u2606ShadowzLmao\n|l|\u2606LOOPJ21\n|j|\u2606LOOPJ21\n|player|p1|LOOPJ21|riley\n","uploadtime":1699916975,"views":13,"p1id":"loopj21","p2id":"shadowzlmao","formatid":"gen9ou","rating":1084,"private":0,"password":""}