{"id":"gen9ou-1992919071","p1":"Daniel5ury","p2":"Shadia_chan","format":"[Gen 9] OU","log":"|j|\u2606Daniel5ury\n|j|\u2606Shadia_chan\n|t:|1700246805\n|gametype|singles\n|player|p1|Daniel5ury|rosa|\n|player|p2|Shadia_chan|lady-gen4|\n|teamsize|p1|6\n|teamsize|p2|6\n|gen|9\n|tier|[Gen 9] OU\n|rule|Sleep Clause Mod: Limit one foe put to sleep\n|rule|Species Clause: Limit one of each Pok\u00e9mon\n|rule|OHKO Clause: OHKO moves are banned\n|rule|Evasion Items Clause: Evasion items are banned\n|rule|Evasion Moves Clause: Evasion moves are banned\n|rule|Endless Battle Clause: Forcing endless battles is banned\n|rule|HP Percentage Mod: HP is shown in percentages\n|clearpoke\n|poke|p1|Weezing-Galar, F|\n|poke|p1|Lilligant-Hisui, F|\n|poke|p1|Iron Moth|\n|poke|p1|Milotic, F|\n|poke|p1|Iron Valiant|\n|poke|p1|Ogerpon-Wellspring, F|\n|poke|p2|Greninja-*, F|\n|poke|p2|Glimmora, F|\n|poke|p2|Garchomp, F|\n|poke|p2|Pawmot, F|\n|poke|p2|Kingambit, F|\n|poke|p2|Gardevoir, F|\n|teampreview\n|inactive|Battle timer is ON: inactive players will automatically lose when time's up. (requested by Daniel5ury)\n|c|\u2606Daniel5ury|A ver puta\n|\n|t:|1700246828\n|start\n|switch|p1a: Gummy Worn|Milotic, F|100\/100\n|switch|p2a: Kai|Glimmora, F|100\/100\n|turn|1\n|c|\u2606Daniel5ury|deja ense\u00f1arte c\u00f3mo se coje a alguien\n|c|\u2606Shadia_chan|a mi me dices puta pedazo de perra asquerosa?\n|c|\u2606Daniel5ury|Si malcriada\n|inactive|Daniel5ury has 270 seconds left.\n|c|\u2606Daniel5ury|te voy a dejar sin fuerzas\n|c|\u2606Shadia_chan|te vas a enterar\n|c|\u2606Daniel5ury|no vas poder caminar\n|\n|t:|1700246879\n|move|p2a: Kai|Spiky Shield|p2a: Kai\n|-singleturn|p2a: Kai|move: Protect\n|move|p1a: Gummy Worn|Substitute|p1a: Gummy Worn\n|-start|p1a: Gummy Worn|Substitute\n|-damage|p1a: Gummy Worn|76\/100\n|\n|-heal|p1a: Gummy Worn|82\/100|[from] item: Leftovers\n|upkeep\n|turn|2\n|c|\u2606Shadia_chan|intentalo si puedes\n|c|\u2606Daniel5ury|Si puedo\n|\n|t:|1700246902\n|switch|p2a: Daniella|Pawmot, F|100\/100\n|move|p1a: Gummy Worn|Scald|p2a: Daniella\n|-damage|p2a: Daniella|46\/100\n|\n|-heal|p1a: Gummy Worn|88\/100|[from] item: Leftovers\n|upkeep\n|turn|3\n|c|\u2606Daniel5ury|te puedo recoger como una pluma\n|\n|t:|1700246912\n|move|p2a: Daniella|Thunder Punch|p1a: Gummy Worn\n|-supereffective|p1a: Gummy Worn\n|-end|p1a: Gummy Worn|Substitute\n|move|p1a: Gummy Worn|Scald|p2a: Daniella\n|-damage|p2a: Daniella|0 fnt\n|faint|p2a: Daniella\n|\n|-heal|p1a: Gummy Worn|94\/100|[from] item: Leftovers\n|upkeep\n|c|\u2606Daniel5ury|Mira\n|\n|t:|1700246924\n|switch|p2a: 9S|Greninja, F, shiny|100\/100\n|turn|4\n|c|\u2606Daniel5ury|hasta yo me cogi\n|c|\u2606Shadia_chan|ya veras yaq veras\n|inactive|Daniel5ury has 270 seconds left.\n|\n|t:|1700246937\n|move|p2a: 9S|Dark Pulse|p1a: Gummy Worn\n|-start|p2a: 9S|typechange|Dark|[from] ability: Protean\n|-damage|p1a: Gummy Worn|65\/100\n|move|p1a: Gummy Worn|Scald|p2a: 9S\n|-damage|p2a: 9S|54\/100\n|-status|p2a: 9S|brn\n|\n|-heal|p1a: Gummy Worn|71\/100|[from] item: Leftovers\n|-damage|p2a: 9S|48\/100 brn|[from] brn\n|upkeep\n|turn|5\n|\n|t:|1700246948\n|move|p2a: 9S|Dark Pulse|p1a: Gummy Worn\n|-damage|p1a: Gummy Worn|40\/100\n|move|p1a: Gummy Worn|Scald|p2a: 9S\n|-damage|p2a: 9S|0 fnt\n|faint|p2a: 9S\n|\n|-heal|p1a: Gummy Worn|46\/100|[from] item: Leftovers\n|upkeep\n|\n|t:|1700246960\n|switch|p2a: Cohete|Garchomp, F|100\/100\n|turn|6\n|c|\u2606Daniel5ury|El que pierde le toca ser puta por hoy\n|\n|t:|1700246972\n|-terastallize|p2a: Cohete|Steel\n|move|p2a: Cohete|Iron Head|p1a: Gummy Worn\n|-resisted|p1a: Gummy Worn\n|-damage|p1a: Gummy Worn|24\/100\n|move|p1a: Gummy Worn|Ice Beam|p2a: Cohete\n|-resisted|p2a: Cohete\n|-damage|p2a: Cohete|87\/100\n|\n|-heal|p1a: Gummy Worn|30\/100|[from] item: Leftovers\n|upkeep\n|turn|7\n|c|\u2606Shadia_chan|te voy a ganar\n|c|\u2606Daniel5ury|\u00bfTrato?\n|inactive|Daniel5ury has 270 seconds left.\n|c|\u2606Shadia_chan|trato\n|c|\u2606Daniel5ury|Trato\n|\n|t:|1700247003\n|switch|p1a: Capitalism|Weezing-Galar, F|100\/100\n|-ability|p1a: Capitalism|Neutralizing Gas\n|move|p2a: Cohete|Iron Head|p1a: Capitalism\n|-supereffective|p1a: Capitalism\n|-damage|p1a: Capitalism|48\/100\n|\n|-heal|p1a: Capitalism|54\/100|[from] item: Leftovers\n|upkeep\n|turn|8\n|\n|t:|1700247014\n|-terastallize|p1a: Capitalism|Flying\n|move|p2a: Cohete|Iron Head|p1a: Capitalism\n|-damage|p1a: Capitalism|28\/100\n|move|p1a: Capitalism|Will-O-Wisp|p2a: Cohete|[miss]\n|-miss|p1a: Capitalism|p2a: Cohete\n|\n|-heal|p1a: Capitalism|34\/100|[from] item: Leftovers\n|upkeep\n|turn|9\n|\n|t:|1700247021\n|move|p2a: Cohete|Iron Head|p1a: Capitalism\n|-damage|p1a: Capitalism|7\/100\n|move|p1a: Capitalism|Will-O-Wisp|p2a: Cohete\n|-status|p2a: Cohete|brn\n|\n|-heal|p1a: Capitalism|13\/100|[from] item: Leftovers\n|-damage|p2a: Cohete|81\/100 brn|[from] brn\n|upkeep\n|turn|10\n|inactive|Daniel5ury has 270 seconds left.\n|\n|t:|1700247033\n|move|p2a: Cohete|Iron Head|p1a: Capitalism\n|-damage|p1a: Capitalism|0 fnt\n|faint|p1a: Capitalism\n|-end|p1a: Capitalism|ability: Neutralizing Gas\n|\n|-damage|p2a: Cohete|75\/100 brn|[from] brn\n|upkeep\n|c|\u2606Shadia_chan|el flinch son los padres\n|\n|t:|1700247043\n|switch|p1a: Gummy Worn|Milotic, F|30\/100\n|turn|11\n|\n|t:|1700247047\n|switch|p2a: Shadia|Gardevoir, F, shiny|100\/100\n|-ability|p2a: Shadia|Competitive|[from] ability: Trace|[of] p1a: Gummy Worn\n|move|p1a: Gummy Worn|Recover|p1a: Gummy Worn\n|-heal|p1a: Gummy Worn|80\/100\n|\n|-heal|p1a: Gummy Worn|86\/100|[from] item: Leftovers\n|upkeep\n|turn|12\n|\n|t:|1700247056\n|move|p2a: Shadia|Psychic|p1a: Gummy Worn\n|-damage|p1a: Gummy Worn|61\/100\n|move|p1a: Gummy Worn|Scald|p2a: Shadia\n|-damage|p2a: Shadia|79\/100\n|-status|p2a: Shadia|brn\n|\n|-heal|p1a: Gummy Worn|67\/100|[from] item: Leftovers\n|-damage|p2a: Shadia|73\/100 brn|[from] brn\n|upkeep\n|turn|13\n|c|\u2606Shadia_chan|...\n|c|\u2606Shadia_chan|donde esta la camara?\n|\n|t:|1700247071\n|move|p2a: Shadia|Psychic|p1a: Gummy Worn\n|-damage|p1a: Gummy Worn|43\/100\n|-unboost|p1a: Gummy Worn|spd|1\n|-ability|p1a: Gummy Worn|Competitive|boost\n|-boost|p1a: Gummy Worn|spa|2\n|move|p1a: Gummy Worn|Scald|p2a: Shadia\n|-damage|p2a: Shadia|25\/100 brn\n|\n|-heal|p1a: Gummy Worn|49\/100|[from] item: Leftovers\n|-damage|p2a: Shadia|19\/100 brn|[from] brn\n|upkeep\n|turn|14\n|\n|t:|1700247082\n|move|p2a: Shadia|Psychic|p1a: Gummy Worn\n|-damage|p1a: Gummy Worn|13\/100\n|move|p1a: Gummy Worn|Recover|p1a: Gummy Worn\n|-heal|p1a: Gummy Worn|63\/100\n|\n|-heal|p1a: Gummy Worn|69\/100|[from] item: Leftovers\n|-damage|p2a: Shadia|12\/100 brn|[from] brn\n|upkeep\n|turn|15\n|\n|t:|1700247093\n|move|p2a: Shadia|Draining Kiss|p1a: Gummy Worn\n|-damage|p1a: Gummy Worn|47\/100\n|-heal|p2a: Shadia|34\/100 brn|[from] drain|[of] p1a: Gummy Worn\n|move|p1a: Gummy Worn|Recover|p1a: Gummy Worn\n|-heal|p1a: Gummy Worn|98\/100\n|\n|-heal|p1a: Gummy Worn|100\/100|[from] item: Leftovers\n|-damage|p2a: Shadia|28\/100 brn|[from] brn\n|upkeep\n|turn|16\n|\n|t:|1700247101\n|move|p2a: Shadia|Draining Kiss|p1a: Gummy Worn\n|-damage|p1a: Gummy Worn|78\/100\n|-heal|p2a: Shadia|51\/100 brn|[from] drain|[of] p1a: Gummy Worn\n|move|p1a: Gummy Worn|Scald|p2a: Shadia\n|-damage|p2a: Shadia|4\/100 brn\n|\n|-heal|p1a: Gummy Worn|84\/100|[from] item: Leftovers\n|-damage|p2a: Shadia|0 fnt|[from] brn\n|faint|p2a: Shadia\n|upkeep\n|\n|t:|1700247113\n|switch|p2a: Shinoa|Kingambit, F|100\/100\n|-activate|p2a: Shinoa|ability: Supreme Overlord\n|-start|p2a: Shinoa|fallen3|[silent]\n|-item|p2a: Shinoa|Air Balloon\n|turn|17\n|c|\u2606Daniel5ury|XDD\n|c|\u2606Daniel5ury|Voy a disfrutar maltratar tu cuerpo asqueroso\n|\n|t:|1700247135\n|move|p1a: Gummy Worn|Scald|p2a: Shinoa\n|-damage|p2a: Shinoa|46\/100\n|-enditem|p2a: Shinoa|Air Balloon\n|move|p2a: Shinoa|Kowtow Cleave|p1a: Gummy Worn\n|-damage|p1a: Gummy Worn|9\/100\n|\n|-heal|p1a: Gummy Worn|15\/100|[from] item: Leftovers\n|upkeep\n|turn|18\n|c|\u2606Shadia_chan|mal me veo...\n|\n|t:|1700247144\n|move|p2a: Shinoa|Sucker Punch||[still]\n|-fail|p2a: Shinoa\n|move|p1a: Gummy Worn|Recover|p1a: Gummy Worn\n|-heal|p1a: Gummy Worn|65\/100\n|\n|-heal|p1a: Gummy Worn|71\/100|[from] item: Leftovers\n|upkeep\n|turn|19\n|\n|t:|1700247151\n|move|p1a: Gummy Worn|Substitute|p1a: Gummy Worn\n|-start|p1a: Gummy Worn|Substitute\n|-damage|p1a: Gummy Worn|46\/100\n|move|p2a: Shinoa|Kowtow Cleave|p1a: Gummy Worn\n|-end|p1a: Gummy Worn|Substitute\n|\n|-heal|p1a: Gummy Worn|52\/100|[from] item: Leftovers\n|upkeep\n|turn|20\n|\n|t:|1700247162\n|move|p1a: Gummy Worn|Scald|p2a: Shinoa\n|-damage|p2a: Shinoa|0 fnt\n|faint|p2a: Shinoa\n|-end|p2a: Shinoa|fallen3|[silent]\n|\n|-heal|p1a: Gummy Worn|58\/100|[from] item: Leftovers\n|upkeep\n|\n|t:|1700247168\n|switch|p2a: Kai|Glimmora, F|100\/100\n|turn|21\n|\n|t:|1700247175\n|move|p2a: Kai|Toxic|p1a: Gummy Worn\n|-status|p1a: Gummy Worn|tox\n|move|p1a: Gummy Worn|Substitute|p1a: Gummy Worn\n|-start|p1a: Gummy Worn|Substitute\n|-damage|p1a: Gummy Worn|33\/100 tox\n|\n|-heal|p1a: Gummy Worn|39\/100 tox|[from] item: Leftovers\n|-damage|p1a: Gummy Worn|33\/100 tox|[from] psn\n|upkeep\n|turn|22\n|\n|t:|1700247183\n|move|p2a: Kai|Spiky Shield|p2a: Kai\n|-singleturn|p2a: Kai|move: Protect\n|move|p1a: Gummy Worn|Recover|p1a: Gummy Worn\n|-heal|p1a: Gummy Worn|83\/100 tox\n|\n|-heal|p1a: Gummy Worn|89\/100 tox|[from] item: Leftovers\n|-damage|p1a: Gummy Worn|77\/100 tox|[from] psn\n|upkeep\n|turn|23\n|\n|t:|1700247192\n|switch|p2a: Cohete|Garchomp, F, tera:Steel|75\/100 brn\n|move|p1a: Gummy Worn|Scald|p2a: Cohete\n|-damage|p2a: Cohete|7\/100 brn\n|\n|-heal|p1a: Gummy Worn|83\/100 tox|[from] item: Leftovers\n|-damage|p1a: Gummy Worn|65\/100 tox|[from] psn\n|-damage|p2a: Cohete|0 fnt|[from] brn\n|faint|p2a: Cohete\n|upkeep\n|c|\u2606Daniel5ury|Como eres pendeja para todo, puta\n|\n|t:|1700247204\n|switch|p2a: Kai|Glimmora, F|100\/100\n|turn|24\n|c|\u2606Shadia_chan|...\n|\n|t:|1700247213\n|move|p2a: Kai|Sludge Bomb|p1a: Gummy Worn\n|-end|p1a: Gummy Worn|Substitute\n|move|p1a: Gummy Worn|Recover|p1a: Gummy Worn\n|-heal|p1a: Gummy Worn|100\/100 tox\n|\n|-damage|p1a: Gummy Worn|76\/100 tox|[from] psn\n|upkeep\n|turn|25\n|\n|t:|1700247222\n|move|p2a: Kai|Sludge Bomb|p1a: Gummy Worn\n|-damage|p1a: Gummy Worn|41\/100 tox\n|move|p1a: Gummy Worn|Substitute|p1a: Gummy Worn\n|-start|p1a: Gummy Worn|Substitute\n|-damage|p1a: Gummy Worn|16\/100 tox\n|\n|-heal|p1a: Gummy Worn|22\/100 tox|[from] item: Leftovers\n|-damage|p1a: Gummy Worn|0 fnt|[from] psn\n|faint|p1a: Gummy Worn\n|upkeep\n|c|\u2606Shadia_chan|pendeja\n|\n|t:|1700247231\n|switch|p1a: Katara|Ogerpon-Wellspring, F|100\/100\n|turn|26\n|\n|t:|1700247236\n|move|p1a: Katara|Ivy Cudgel|p2a: Kai|[anim] Ivy Cudgel Water\n|-supereffective|p2a: Kai\n|-damage|p2a: Kai|14\/100\n|move|p2a: Kai|Toxic|p1a: Katara\n|-status|p1a: Katara|tox\n|\n|-heal|p2a: Kai|20\/100|[from] item: Black Sludge\n|-damage|p1a: Katara|95\/100 tox|[from] psn\n|upkeep\n|turn|27\n|c|\u2606Daniel5ury|QUIEN MANDA AQU\u00cd PUTA\n|c|\u2606Daniel5ury|YO\n|\n|t:|1700247253\n|move|p2a: Kai|Spiky Shield|p2a: Kai\n|-singleturn|p2a: Kai|move: Protect\n|move|p1a: Katara|Swords Dance|p1a: Katara\n|-boost|p1a: Katara|atk|2\n|\n|-heal|p2a: Kai|26\/100|[from] item: Black Sludge\n|-damage|p1a: Katara|83\/100 tox|[from] psn\n|upkeep\n|turn|28\n|c|\u2606Shadia_chan|aun no acabo\n|\n|t:|1700247273\n|move|p2a: Kai|Spiky Shield|p2a: Kai\n|-singleturn|p2a: Kai|move: Protect\n|move|p1a: Katara|Ivy Cudgel|p2a: Kai|[anim] Ivy Cudgel Water\n|-activate|p2a: Kai|move: Protect\n|\n|-heal|p2a: Kai|33\/100|[from] item: Black Sludge\n|-damage|p1a: Katara|65\/100 tox|[from] psn\n|upkeep\n|turn|29\n|\n|t:|1700247281\n|move|p1a: Katara|Ivy Cudgel|p2a: Kai|[anim] Ivy Cudgel Water\n|-supereffective|p2a: Kai\n|-damage|p2a: Kai|0 fnt\n|faint|p2a: Kai\n|\n|win|Daniel5ury\n|c|\u2606Shadia_chan|emmmmmmmmm\n|c|\u2606Shadia_chan|que tarde no?\n|c|\u2606Daniel5ury|Te toca la tortura m\u00e1s doloroso del mundo puta pendeja\n|c|\u2606Shadia_chan|buenas noches :3\n|c|\u2606Daniel5ury|>:(\n|l|\u2606Daniel5ury\n|c|\u2606Shadia_chan|no cuela no?\n|l|\u2606Shadia_chan\n|j|\u2606Daniel5ury\n|player|p1|Daniel5ury|rosa\n","uploadtime":1700247390,"views":11,"p1id":"daniel5ury","p2id":"shadiachan","formatid":"gen9ou","rating":0,"private":0,"password":""}