{"id":"gen9ou-1996404934","p1":"thunderdog_32","p2":"RobotTester101","format":"[Gen 9] OU","log":"|j|\u2606thunderdog_32\n|j|\u2606RobotTester101\n|t:|1700678853\n|gametype|singles\n|player|p1|thunderdog_32|2|1275\n|player|p2|RobotTester101|265|1194\n|teamsize|p1|6\n|teamsize|p2|6\n|gen|9\n|tier|[Gen 9] OU\n|rated|\n|rule|Sleep Clause Mod: Limit one foe put to sleep\n|rule|Species Clause: Limit one of each Pok\u00e9mon\n|rule|OHKO Clause: OHKO moves are banned\n|rule|Evasion Items Clause: Evasion items are banned\n|rule|Evasion Moves Clause: Evasion moves are banned\n|rule|Endless Battle Clause: Forcing endless battles is banned\n|rule|HP Percentage Mod: HP is shown in percentages\n|clearpoke\n|poke|p1|Hatterene, F|\n|poke|p1|Great Tusk|\n|poke|p1|Heatran, F|\n|poke|p1|Ogerpon-Wellspring, F|\n|poke|p1|Zapdos|\n|poke|p1|Dragapult, M|\n|poke|p2|Torkoal, M|\n|poke|p2|Ceruledge, M|\n|poke|p2|Great Tusk|\n|poke|p2|Cinderace, M|\n|poke|p2|Alomomola, F|\n|poke|p2|Walking Wake|\n|teampreview\n|inactive|Battle timer is ON: inactive players will automatically lose when time's up. (requested by thunderdog_32)\n|\n|t:|1700678870\n|start\n|switch|p1a: Heatran|Heatran, F|100\/100\n|switch|p2a: Cinderace|Cinderace, M|100\/100\n|turn|1\n|\n|t:|1700678877\n|move|p2a: Cinderace|U-turn|p1a: Heatran\n|-start|p2a: Cinderace|typechange|Bug|[from] ability: Libero\n|-resisted|p1a: Heatran\n|-damage|p1a: Heatran|94\/100\n|\n|t:|1700678885\n|switch|p2a: Walking Wake|Walking Wake|100\/100|[from] U-turn\n|move|p1a: Heatran|Earth Power|p2a: Walking Wake\n|-damage|p2a: Walking Wake|71\/100\n|\n|-heal|p1a: Heatran|99\/100|[from] item: Leftovers\n|upkeep\n|turn|2\n|\n|t:|1700678891\n|switch|p1a: Ogerpon|Ogerpon-Wellspring, F|100\/100\n|move|p2a: Walking Wake|Hydro Steam|p1a: Ogerpon\n|-immune|p1a: Ogerpon|[from] ability: Water Absorb\n|\n|upkeep\n|turn|3\n|\n|t:|1700678897\n|-end|p2a: Walking Wake|Protosynthesis|[silent]\n|switch|p2a: Torkoal|Torkoal, M|100\/100\n|-weather|SunnyDay|[from] ability: Drought|[of] p2a: Torkoal\n|move|p1a: Ogerpon|Swords Dance|p1a: Ogerpon\n|-boost|p1a: Ogerpon|atk|2\n|\n|-weather|SunnyDay|[upkeep]\n|upkeep\n|turn|4\n|\n|t:|1700678906\n|move|p1a: Ogerpon|Ivy Cudgel|p2a: Torkoal|[anim] Ivy Cudgel Water\n|-supereffective|p2a: Torkoal\n|-damage|p2a: Torkoal|18\/100\n|move|p2a: Torkoal|Will-O-Wisp|p1a: Ogerpon\n|-status|p1a: Ogerpon|brn\n|\n|-weather|SunnyDay|[upkeep]\n|-damage|p1a: Ogerpon|95\/100 brn|[from] brn\n|upkeep\n|turn|5\n|\n|t:|1700678924\n|switch|p2a: Alomomola|Alomomola, F|100\/100\n|move|p1a: Ogerpon|Power Whip|p2a: Alomomola\n|-supereffective|p2a: Alomomola\n|-damage|p2a: Alomomola|25\/100\n|\n|-weather|SunnyDay|[upkeep]\n|-damage|p1a: Ogerpon|89\/100 brn|[from] brn\n|upkeep\n|turn|6\n|\n|t:|1700678936\n|move|p1a: Ogerpon|Power Whip|p2a: Alomomola\n|-supereffective|p2a: Alomomola\n|-damage|p2a: Alomomola|0 fnt\n|faint|p2a: Alomomola\n|\n|-weather|SunnyDay|[upkeep]\n|-damage|p1a: Ogerpon|83\/100 brn|[from] brn\n|upkeep\n|\n|t:|1700678940\n|switch|p2a: Ceruledge|Ceruledge, M|100\/100\n|turn|7\n|inactive|thunderdog_32 has 120 seconds left.\n|inactive|RobotTester101 has 120 seconds left.\n|inactive|RobotTester101 has 90 seconds left.\n|\n|t:|1700679001\n|-terastallize|p1a: Ogerpon|Water\n|detailschange|p1a: Ogerpon|Ogerpon-Wellspring-Tera, F, tera:Water\n|-ability|p1a: Ogerpon|Embody Aspect (Wellspring)|boost\n|-boost|p1a: Ogerpon|spd|1\n|move|p1a: Ogerpon|Ivy Cudgel|p2a: Ceruledge|[anim] Ivy Cudgel Water\n|-supereffective|p2a: Ceruledge\n|-enditem|p2a: Ceruledge|Focus Sash\n|-damage|p2a: Ceruledge|1\/100\n|-ability|p2a: Ceruledge|Weak Armor|boost\n|-unboost|p2a: Ceruledge|def|1\n|-boost|p2a: Ceruledge|spe|2\n|move|p2a: Ceruledge|Bitter Blade|p1a: Ogerpon\n|-resisted|p1a: Ogerpon\n|-damage|p1a: Ogerpon|40\/100 brn\n|-heal|p2a: Ceruledge|23\/100|[from] drain|[of] p1a: Ogerpon\n|\n|-weather|SunnyDay|[upkeep]\n|-damage|p1a: Ogerpon|34\/100 brn|[from] brn\n|upkeep\n|turn|8\n|inactive|thunderdog_32 has 120 seconds left.\n|inactive|RobotTester101 has 90 seconds left.\n|\n|t:|1700679017\n|move|p2a: Ceruledge|Shadow Sneak|p1a: Ogerpon\n|-damage|p1a: Ogerpon|8\/100 brn\n|move|p1a: Ogerpon|Ivy Cudgel|p2a: Ceruledge|[anim] Ivy Cudgel Water\n|-supereffective|p2a: Ceruledge\n|-damage|p2a: Ceruledge|0 fnt\n|faint|p2a: Ceruledge\n|\n|-weather|SunnyDay|[upkeep]\n|-damage|p1a: Ogerpon|2\/100 brn|[from] brn\n|upkeep\n|inactive|RobotTester101 has 90 seconds left.\n|\n|t:|1700679030\n|switch|p2a: Cinderace|Cinderace, M|100\/100\n|turn|9\n|\n|t:|1700679040\n|move|p2a: Cinderace|Trailblaze|p1a: Ogerpon\n|-start|p2a: Cinderace|typechange|Grass|[from] ability: Libero\n|-supereffective|p1a: Ogerpon\n|-damage|p1a: Ogerpon|0 fnt\n|-boost|p2a: Cinderace|spe|1\n|faint|p1a: Ogerpon\n|\n|-weather|SunnyDay|[upkeep]\n|upkeep\n|\n|t:|1700679049\n|switch|p1a: Heatran|Heatran, F|99\/100\n|turn|10\n|\n|t:|1700679053\n|move|p2a: Cinderace|U-turn|p1a: Heatran\n|-resisted|p1a: Heatran\n|-damage|p1a: Heatran|96\/100\n|\n|t:|1700679058\n|switch|p2a: Great Tusk|Great Tusk|100\/100|[from] U-turn\n|-activate|p2a: Great Tusk|ability: Protosynthesis\n|-start|p2a: Great Tusk|protosynthesisdef\n|move|p1a: Heatran|Magma Storm|p2a: Great Tusk|[miss]\n|-miss|p1a: Heatran|p2a: Great Tusk\n|\n|-weather|none\n|-end|p2a: Great Tusk|Protosynthesis\n|-heal|p1a: Heatran|100\/100|[from] item: Leftovers\n|upkeep\n|turn|11\n|inactive|RobotTester101 has 120 seconds left.\n|\n|t:|1700679067\n|switch|p1a: Zapdos|Zapdos|100\/100\n|move|p2a: Great Tusk|Ice Spinner|p1a: Zapdos\n|-supereffective|p1a: Zapdos\n|-damage|p1a: Zapdos|58\/100\n|\n|upkeep\n|turn|12\n|\n|t:|1700679074\n|move|p1a: Zapdos|Roost|p1a: Zapdos\n|-heal|p1a: Zapdos|100\/100\n|-singleturn|p1a: Zapdos|move: Roost\n|move|p2a: Great Tusk|Ice Spinner|p1a: Zapdos\n|-damage|p1a: Zapdos|81\/100\n|\n|upkeep\n|turn|13\n|\n|t:|1700679081\n|move|p1a: Zapdos|Hurricane|p2a: Great Tusk|[miss]\n|-miss|p1a: Zapdos|p2a: Great Tusk\n|move|p2a: Great Tusk|Knock Off|p1a: Zapdos\n|-damage|p1a: Zapdos|55\/100\n|-status|p2a: Great Tusk|par|[from] ability: Static|[of] p1a: Zapdos\n|-enditem|p1a: Zapdos|Heavy-Duty Boots|[from] move: Knock Off|[of] p2a: Great Tusk\n|\n|upkeep\n|turn|14\n|\n|t:|1700679086\n|move|p1a: Zapdos|Roost|p1a: Zapdos\n|-heal|p1a: Zapdos|100\/100\n|-singleturn|p1a: Zapdos|move: Roost\n|move|p2a: Great Tusk|Ice Spinner|p1a: Zapdos\n|-damage|p1a: Zapdos|78\/100\n|\n|upkeep\n|turn|15\n|\n|t:|1700679090\n|move|p1a: Zapdos|Hurricane|p2a: Great Tusk\n|-supereffective|p2a: Great Tusk\n|-crit|p2a: Great Tusk\n|-damage|p2a: Great Tusk|3\/100 par\n|move|p2a: Great Tusk|Ice Spinner|p1a: Zapdos\n|-supereffective|p1a: Zapdos\n|-damage|p1a: Zapdos|38\/100\n|\n|upkeep\n|turn|16\n|\n|t:|1700679094\n|move|p1a: Zapdos|Roost|p1a: Zapdos\n|-heal|p1a: Zapdos|88\/100\n|-singleturn|p1a: Zapdos|move: Roost\n|move|p2a: Great Tusk|Earthquake|p1a: Zapdos\n|-supereffective|p1a: Zapdos\n|-damage|p1a: Zapdos|6\/100\n|\n|upkeep\n|turn|17\n|\n|t:|1700679106\n|-end|p2a: Great Tusk|Protosynthesis|[silent]\n|switch|p2a: Torkoal|Torkoal, M|18\/100\n|-weather|SunnyDay|[from] ability: Drought|[of] p2a: Torkoal\n|move|p1a: Zapdos|Heat Wave|p2a: Torkoal\n|-resisted|p2a: Torkoal\n|-damage|p2a: Torkoal|1\/100\n|\n|-weather|SunnyDay|[upkeep]\n|upkeep\n|turn|18\n|\n|t:|1700679115\n|move|p1a: Zapdos|Volt Switch|p2a: Torkoal\n|-damage|p2a: Torkoal|0 fnt\n|faint|p2a: Torkoal\n|\n|t:|1700679122\n|switch|p1a: Hatterene|Hatterene, F|100\/100|[from] Volt Switch\n|\n|-weather|SunnyDay|[upkeep]\n|upkeep\n|\n|t:|1700679131\n|switch|p2a: Cinderace|Cinderace, M|100\/100\n|turn|19\n|\n|t:|1700679136\n|switch|p1a: Zapdos|Zapdos|6\/100\n|move|p2a: Cinderace|Gunk Shot|p1a: Zapdos\n|-start|p2a: Cinderace|typechange|Poison|[from] ability: Libero\n|-damage|p1a: Zapdos|0 fnt\n|faint|p1a: Zapdos\n|\n|-weather|SunnyDay|[upkeep]\n|upkeep\n|\n|t:|1700679157\n|switch|p1a: Heatran|Heatran, F|100\/100\n|turn|20\n|\n|t:|1700679160\n|move|p2a: Cinderace|U-turn|p1a: Heatran\n|-resisted|p1a: Heatran\n|-damage|p1a: Heatran|96\/100\n|\n|t:|1700679162\n|switch|p2a: Great Tusk|Great Tusk|3\/100 par|[from] U-turn\n|-activate|p2a: Great Tusk|ability: Protosynthesis\n|-start|p2a: Great Tusk|protosynthesisdef\n|move|p1a: Heatran|Magma Storm|p2a: Great Tusk\n|-damage|p2a: Great Tusk|0 fnt\n|faint|p2a: Great Tusk\n|-end|p2a: Great Tusk|Protosynthesis|[silent]\n|\n|-weather|SunnyDay|[upkeep]\n|-heal|p1a: Heatran|100\/100|[from] item: Leftovers\n|upkeep\n|\n|t:|1700679165\n|switch|p2a: Walking Wake|Walking Wake|71\/100\n|-activate|p2a: Walking Wake|ability: Protosynthesis\n|-start|p2a: Walking Wake|protosynthesisspa\n|turn|21\n|\n|t:|1700679190\n|move|p2a: Walking Wake|Hydro Steam|p1a: Heatran\n|-supereffective|p1a: Heatran\n|-damage|p1a: Heatran|0 fnt\n|faint|p1a: Heatran\n|\n|-weather|SunnyDay|[upkeep]\n|upkeep\n|\n|t:|1700679198\n|switch|p1a: Dragapult|Dragapult, M|100\/100\n|turn|22\n|\n|t:|1700679202\n|-terastallize|p2a: Walking Wake|Fire\n|move|p2a: Walking Wake|Hydro Steam|p1a: Dragapult\n|-resisted|p1a: Dragapult\n|-damage|p1a: Dragapult|39\/100\n|move|p1a: Dragapult|Draco Meteor|p2a: Walking Wake\n|-damage|p2a: Walking Wake|0 fnt\n|-unboost|p1a: Dragapult|spa|2\n|faint|p2a: Walking Wake\n|-end|p2a: Walking Wake|Protosynthesis|[silent]\n|\n|-weather|SunnyDay|[upkeep]\n|upkeep\n|\n|t:|1700679206\n|switch|p2a: Cinderace|Cinderace, M|100\/100\n|turn|23\n|\n|t:|1700679210\n|switch|p1a: Hatterene|Hatterene, F|100\/100\n|move|p2a: Cinderace|Gunk Shot|p1a: Hatterene|[miss]\n|-start|p2a: Cinderace|typechange|Poison|[from] ability: Libero\n|-miss|p2a: Cinderace|p1a: Hatterene\n|\n|-weather|SunnyDay|[upkeep]\n|upkeep\n|turn|24\n|\n|t:|1700679217\n|move|p2a: Cinderace|Gunk Shot|p1a: Hatterene|[miss]\n|-miss|p2a: Cinderace|p1a: Hatterene\n|move|p1a: Hatterene|Psyshock|p2a: Cinderace\n|-supereffective|p2a: Cinderace\n|-damage|p2a: Cinderace|2\/100\n|\n|-weather|none\n|upkeep\n|turn|25\n|\n|t:|1700679221\n|move|p2a: Cinderace|Gunk Shot|p1a: Hatterene|[miss]\n|-miss|p2a: Cinderace|p1a: Hatterene\n|move|p1a: Hatterene|Draining Kiss|p2a: Cinderace\n|-resisted|p2a: Cinderace\n|-damage|p2a: Cinderace|0 fnt\n|faint|p2a: Cinderace\n|\n|win|thunderdog_32\n|raw|thunderdog_32's rating: 1275 &rarr; <strong>1294<\/strong><br \/>(+19 for winning)\n|raw|RobotTester101's rating: 1194 &rarr; <strong>1175<\/strong><br \/>(-19 for losing)\n|c|\u2606RobotTester101|what the fuck\n","uploadtime":1700679229,"views":2,"p1id":"thunderdog32","p2id":"robottester101","formatid":"gen9ou","rating":1175,"private":0,"password":""}