{"id":"gen9ou-1991930897","p1":"ninjanic05","p2":"wyverbal","format":"[Gen 9] OU","log":"|j|\u2606ninjanic05\n|j|\u2606wyverbal\n|t:|1700139557\n|gametype|singles\n|player|p1|ninjanic05|169|1000\n|player|p2|wyverbal|101|1042\n|teamsize|p1|6\n|teamsize|p2|6\n|gen|9\n|tier|[Gen 9] OU\n|rated|\n|rule|Sleep Clause Mod: Limit one foe put to sleep\n|rule|Species Clause: Limit one of each Pok\u00e9mon\n|rule|OHKO Clause: OHKO moves are banned\n|rule|Evasion Items Clause: Evasion items are banned\n|rule|Evasion Moves Clause: Evasion moves are banned\n|rule|Endless Battle Clause: Forcing endless battles is banned\n|rule|HP Percentage Mod: HP is shown in percentages\n|clearpoke\n|poke|p1|Gengar, M|\n|poke|p1|Lucario, F|\n|poke|p1|Toxicroak, F|\n|poke|p1|Infernape, M|\n|poke|p1|Rotom-Wash|\n|poke|p1|Azumarill, M|\n|poke|p2|Dipplin, F|\n|poke|p2|Enamorus-Therian, F|\n|poke|p2|Swalot, F|\n|poke|p2|Okidogi, M|\n|poke|p2|Flareon, M|\n|poke|p2|Manaphy|\n|teampreview\n|inactive|Battle timer is ON: inactive players will automatically lose when time's up. (requested by wyverbal)\n|\n|t:|1700139564\n|start\n|switch|p1a: Rotom|Rotom-Wash|100\/100\n|switch|p2a: Enamorus|Enamorus-Therian, F, shiny|100\/100\n|turn|1\n|\n|t:|1700139570\n|move|p1a: Rotom|Volt Switch|p2a: Enamorus\n|-supereffective|p2a: Enamorus\n|-damage|p2a: Enamorus|36\/100\n|-enditem|p2a: Enamorus|Weakness Policy\n|-boost|p2a: Enamorus|atk|2|[from] item: Weakness Policy\n|-boost|p2a: Enamorus|spa|2|[from] item: Weakness Policy\n|\n|t:|1700139577\n|switch|p1a: Toxicroak|Toxicroak, F|100\/100|[from] Volt Switch\n|move|p2a: Enamorus|Agility|p2a: Enamorus\n|-boost|p2a: Enamorus|spe|2\n|\n|upkeep\n|turn|2\n|\n|t:|1700139586\n|move|p2a: Enamorus|Earth Power|p1a: Toxicroak\n|-supereffective|p1a: Toxicroak\n|-damage|p1a: Toxicroak|0 fnt\n|faint|p1a: Toxicroak\n|\n|upkeep\n|\n|t:|1700139599\n|switch|p1a: Gengar|Gengar, M|100\/100\n|turn|3\n|\n|t:|1700139605\n|move|p2a: Enamorus|Earth Power|p1a: Gengar\n|-supereffective|p1a: Gengar\n|-damage|p1a: Gengar|0 fnt\n|-start|p2a: Enamorus|Disable|Earth Power|[from] ability: Cursed Body|[of] p1a: Gengar\n|faint|p1a: Gengar\n|\n|upkeep\n|\n|t:|1700139611\n|switch|p1a: Rotom|Rotom-Wash|100\/100\n|turn|4\n|\n|t:|1700139627\n|move|p2a: Enamorus|Moonblast|p1a: Rotom\n|-damage|p1a: Rotom|0 fnt\n|faint|p1a: Rotom\n|\n|upkeep\n|\n|t:|1700139635\n|switch|p1a: Lucario|Lucario, F|100\/100\n|turn|5\n|\n|t:|1700139646\n|move|p2a: Enamorus|Mystical Fire|p1a: Lucario\n|-supereffective|p1a: Lucario\n|-damage|p1a: Lucario|0 fnt\n|faint|p1a: Lucario\n|\n|upkeep\n|\n|t:|1700139651\n|switch|p1a: Infernape|Infernape, M|100\/100\n|turn|6\n|\n|t:|1700139656\n|move|p1a: Infernape|Vacuum Wave|p2a: Enamorus\n|-resisted|p2a: Enamorus\n|-damage|p2a: Enamorus|31\/100\n|move|p2a: Enamorus|Moonblast|p1a: Infernape\n|-damage|p1a: Infernape|0 fnt\n|faint|p1a: Infernape\n|\n|-end|p2a: Enamorus|Disable\n|upkeep\n|\n|t:|1700139665\n|switch|p1a: Azumarill|Azumarill, M|100\/100\n|turn|7\n|\n|t:|1700139672\n|move|p2a: Enamorus|Moonblast|p1a: Azumarill\n|-damage|p1a: Azumarill|39\/100\n|move|p1a: Azumarill|Knock Off|p2a: Enamorus\n|-resisted|p2a: Enamorus\n|-crit|p2a: Enamorus\n|-damage|p2a: Enamorus|10\/100\n|\n|upkeep\n|turn|8\n|\n|t:|1700139680\n|move|p1a: Azumarill|Aqua Jet|p2a: Enamorus\n|-damage|p2a: Enamorus|0 fnt\n|faint|p2a: Enamorus\n|\n|upkeep\n|\n|t:|1700139698\n|switch|p2a: Swalot|Swalot, F, shiny|100\/100\n|turn|9\n|\n|t:|1700139703\n|move|p2a: Swalot|Toxic|p1a: Azumarill\n|-status|p1a: Azumarill|tox\n|move|p1a: Azumarill|Knock Off|p2a: Swalot\n|-damage|p2a: Swalot|75\/100\n|-damage|p1a: Azumarill|23\/100 tox|[from] item: Rocky Helmet|[of] p2a: Swalot\n|-enditem|p2a: Swalot|Rocky Helmet|[from] move: Knock Off|[of] p1a: Azumarill\n|\n|-damage|p1a: Azumarill|17\/100 tox|[from] psn\n|upkeep\n|turn|10\n|\n|t:|1700139712\n|move|p2a: Swalot|Acid Armor|p2a: Swalot\n|-boost|p2a: Swalot|def|2\n|move|p1a: Azumarill|Liquidation|p2a: Swalot\n|-damage|p2a: Swalot|58\/100\n|\n|-damage|p1a: Azumarill|4\/100 tox|[from] psn\n|upkeep\n|turn|11\n|\n|t:|1700139720\n|move|p2a: Swalot|Acid Armor|p2a: Swalot\n|-boost|p2a: Swalot|def|2\n|move|p1a: Azumarill|Play Rough|p2a: Swalot\n|-resisted|p2a: Swalot\n|-damage|p2a: Swalot|52\/100\n|\n|-damage|p1a: Azumarill|0 fnt|[from] psn\n|faint|p1a: Azumarill\n|\n|win|wyverbal\n|upkeep\n|raw|ninjanic05's rating: 1000 &rarr; <strong>1000<\/strong><br \/>(+0 for losing)\n|raw|wyverbal's rating: 1042 &rarr; <strong>1072<\/strong><br \/>(+30 for winning)\n|l|\u2606ninjanic05\n","uploadtime":1700139731,"views":11,"p1id":"ninjanic05","p2id":"wyverbal","formatid":"gen9ou","rating":1000,"private":0,"password":""}