{"id":"gen9ou-1992451727","p1":"Jestrada14","p2":"Theimpactassault","format":"[Gen 9] OU","log":"|j|\u2606Jestrada14\n|j|\u2606Theimpactassault\n|t:|1700189227\n|gametype|singles\n|player|p1|Jestrada14|2|1372\n|player|p2|Theimpactassault|hilda|1340\n|teamsize|p1|6\n|teamsize|p2|6\n|gen|9\n|tier|[Gen 9] OU\n|rated|\n|rule|Sleep Clause Mod: Limit one foe put to sleep\n|rule|Species Clause: Limit one of each Pok\u00e9mon\n|rule|OHKO Clause: OHKO moves are banned\n|rule|Evasion Items Clause: Evasion items are banned\n|rule|Evasion Moves Clause: Evasion moves are banned\n|rule|Endless Battle Clause: Forcing endless battles is banned\n|rule|HP Percentage Mod: HP is shown in percentages\n|clearpoke\n|poke|p1|Corviknight, M|\n|poke|p1|Landorus-Therian, M|\n|poke|p1|Rotom-Wash|\n|poke|p1|Iron Valiant|\n|poke|p1|Sneasler, F|\n|poke|p1|Chansey, F|\n|poke|p2|Samurott-Hisui, M|\n|poke|p2|Arcanine-Hisui, F|\n|poke|p2|Corviknight, M|\n|poke|p2|Clodsire, F|\n|poke|p2|Forretress, F|\n|poke|p2|Meowscarada, F|\n|teampreview\n|\n|t:|1700189231\n|start\n|switch|p1a: Landorus|Landorus-Therian, M, shiny|100\/100\n|switch|p2a: Meowscarada|Meowscarada, F|100\/100\n|-ability|p1a: Landorus|Intimidate|boost\n|-unboost|p2a: Meowscarada|atk|1\n|turn|1\n|\n|t:|1700189239\n|move|p2a: Meowscarada|U-turn|p1a: Landorus\n|-start|p2a: Meowscarada|typechange|Bug|[from] ability: Protean\n|-resisted|p1a: Landorus\n|-damage|p1a: Landorus|88\/100\n|\n|t:|1700189242\n|switch|p2a: Corviknight|Corviknight, M|100\/100|[from] U-turn\n|-ability|p2a: Corviknight|Pressure\n|move|p1a: Landorus|U-turn|p2a: Corviknight\n|-resisted|p2a: Corviknight\n|-damage|p2a: Corviknight|96\/100\n|\n|t:|1700189251\n|switch|p1a: Rotom|Rotom-Wash, shiny|100\/100|[from] U-turn\n|\n|-heal|p2a: Corviknight|100\/100|[from] item: Leftovers\n|upkeep\n|turn|2\n|\n|t:|1700189259\n|switch|p2a: Clodsire|Clodsire, F|100\/100\n|move|p1a: Rotom|Will-O-Wisp|p2a: Clodsire\n|-status|p2a: Clodsire|brn\n|\n|-damage|p2a: Clodsire|94\/100 brn|[from] brn\n|upkeep\n|turn|3\n|\n|t:|1700189270\n|switch|p1a: Corviknight|Corviknight, M, shiny|100\/100\n|-ability|p1a: Corviknight|Pressure\n|move|p2a: Clodsire|Toxic|p1a: Corviknight\n|-immune|p1a: Corviknight\n|\n|-heal|p2a: Clodsire|100\/100 brn|[from] item: Black Sludge\n|-damage|p2a: Clodsire|94\/100 brn|[from] brn\n|upkeep\n|turn|4\n|inactive|Battle timer is ON: inactive players will automatically lose when time's up. (requested by Theimpactassault)\n|\n|t:|1700189296\n|move|p1a: Corviknight|Iron Head|p2a: Clodsire\n|-damage|p2a: Clodsire|68\/100 brn\n|move|p2a: Clodsire|Toxic|p1a: Corviknight\n|-immune|p1a: Corviknight\n|\n|-heal|p2a: Clodsire|74\/100 brn|[from] item: Black Sludge\n|-damage|p2a: Clodsire|68\/100 brn|[from] brn\n|upkeep\n|turn|5\n|\n|t:|1700189306\n|switch|p2a: Corviknight|Corviknight, M|100\/100\n|-ability|p2a: Corviknight|Pressure\n|move|p1a: Corviknight|Defog|p2a: Corviknight\n|-unboost|p2a: Corviknight|evasion|1\n|\n|upkeep\n|turn|6\n|\n|t:|1700189315\n|switch|p1a: Rotom|Rotom-Wash, shiny|100\/100\n|move|p2a: Corviknight|Substitute|p2a: Corviknight\n|-start|p2a: Corviknight|Substitute\n|-damage|p2a: Corviknight|75\/100\n|\n|-heal|p2a: Corviknight|82\/100|[from] item: Leftovers\n|upkeep\n|turn|7\n|\n|t:|1700189324\n|move|p1a: Rotom|Discharge|p2a: Corviknight\n|-supereffective|p2a: Corviknight\n|-end|p2a: Corviknight|Substitute\n|move|p2a: Corviknight|Substitute|p2a: Corviknight\n|-start|p2a: Corviknight|Substitute\n|-damage|p2a: Corviknight|57\/100\n|\n|-heal|p2a: Corviknight|63\/100|[from] item: Leftovers\n|upkeep\n|turn|8\n|\n|t:|1700189333\n|move|p1a: Rotom|Discharge|p2a: Corviknight\n|-supereffective|p2a: Corviknight\n|-end|p2a: Corviknight|Substitute\n|move|p2a: Corviknight|Substitute|p2a: Corviknight\n|-start|p2a: Corviknight|Substitute\n|-damage|p2a: Corviknight|38\/100\n|\n|-heal|p2a: Corviknight|44\/100|[from] item: Leftovers\n|upkeep\n|turn|9\n|\n|t:|1700189343\n|move|p1a: Rotom|Volt Switch|p2a: Corviknight\n|-supereffective|p2a: Corviknight\n|-end|p2a: Corviknight|Substitute\n|\n|t:|1700189348\n|switch|p1a: Sneasler|Sneasler, F, shiny|100\/100|[from] Volt Switch\n|move|p2a: Corviknight|Substitute|p2a: Corviknight\n|-start|p2a: Corviknight|Substitute\n|-damage|p2a: Corviknight|19\/100\n|\n|-heal|p2a: Corviknight|25\/100|[from] item: Leftovers\n|upkeep\n|turn|10\n|\n|t:|1700189357\n|move|p1a: Sneasler|U-turn|p2a: Corviknight\n|-resisted|p2a: Corviknight\n|-activate|p2a: Corviknight|move: Substitute|[damage]\n|\n|t:|1700189361\n|switch|p1a: Rotom|Rotom-Wash, shiny|100\/100|[from] U-turn\n|move|p2a: Corviknight|Roost|p2a: Corviknight\n|-heal|p2a: Corviknight|75\/100\n|-singleturn|p2a: Corviknight|move: Roost\n|\n|-heal|p2a: Corviknight|82\/100|[from] item: Leftovers\n|upkeep\n|turn|11\n|\n|t:|1700189372\n|move|p1a: Rotom|Discharge|p2a: Corviknight\n|-supereffective|p2a: Corviknight\n|-end|p2a: Corviknight|Substitute\n|move|p2a: Corviknight|Substitute|p2a: Corviknight\n|-start|p2a: Corviknight|Substitute\n|-damage|p2a: Corviknight|57\/100\n|\n|-heal|p2a: Corviknight|63\/100|[from] item: Leftovers\n|upkeep\n|turn|12\n|\n|t:|1700189381\n|move|p1a: Rotom|Discharge|p2a: Corviknight\n|-supereffective|p2a: Corviknight\n|-end|p2a: Corviknight|Substitute\n|move|p2a: Corviknight|Substitute|p2a: Corviknight\n|-start|p2a: Corviknight|Substitute\n|-damage|p2a: Corviknight|38\/100\n|\n|-heal|p2a: Corviknight|44\/100|[from] item: Leftovers\n|upkeep\n|turn|13\n|\n|t:|1700189390\n|move|p1a: Rotom|Discharge|p2a: Corviknight\n|-supereffective|p2a: Corviknight\n|-end|p2a: Corviknight|Substitute\n|move|p2a: Corviknight|Roost|p2a: Corviknight\n|-heal|p2a: Corviknight|94\/100\n|-singleturn|p2a: Corviknight|move: Roost\n|\n|-heal|p2a: Corviknight|100\/100|[from] item: Leftovers\n|upkeep\n|turn|14\n|\n|t:|1700189402\n|switch|p1a: Landorus|Landorus-Therian, M, shiny|88\/100\n|-ability|p1a: Landorus|Intimidate|boost\n|-unboost|p2a: Corviknight|atk|1\n|switch|p2a: Clodsire|Clodsire, F|68\/100 brn\n|\n|-heal|p2a: Clodsire|74\/100 brn|[from] item: Black Sludge\n|-damage|p2a: Clodsire|68\/100 brn|[from] brn\n|upkeep\n|turn|15\n|\n|t:|1700189413\n|move|p1a: Landorus|U-turn|p2a: Clodsire\n|-resisted|p2a: Clodsire\n|-damage|p2a: Clodsire|52\/100 brn\n|\n|t:|1700189420\n|switch|p1a: Chansey|Chansey, F, shiny|100\/100|[from] U-turn\n|move|p2a: Clodsire|Toxic|p1a: Chansey\n|-status|p1a: Chansey|tox\n|\n|-heal|p2a: Clodsire|59\/100 brn|[from] item: Black Sludge\n|-damage|p1a: Chansey|94\/100 tox|[from] psn\n|-damage|p2a: Clodsire|52\/100 brn|[from] brn\n|upkeep\n|turn|16\n|\n|t:|1700189431\n|move|p1a: Chansey|Stealth Rock|p2a: Clodsire\n|-sidestart|p2: Theimpactassault|move: Stealth Rock\n|move|p2a: Clodsire|Recover|p2a: Clodsire\n|-heal|p2a: Clodsire|100\/100 brn\n|\n|-damage|p1a: Chansey|82\/100 tox|[from] psn\n|-damage|p2a: Clodsire|94\/100 brn|[from] brn\n|upkeep\n|turn|17\n|\n|t:|1700189441\n|-curestatus|p1a: Chansey|tox|[from] ability: Natural Cure\n|switch|p1a: Rotom|Rotom-Wash, shiny|100\/100\n|switch|p2a: Forretress|Forretress, F|100\/100\n|\n|upkeep\n|turn|18\n|\n|t:|1700189449\n|move|p1a: Rotom|Discharge|p2a: Forretress\n|-damage|p2a: Forretress|62\/100\n|move|p2a: Forretress|Rapid Spin|p1a: Rotom\n|-damage|p1a: Rotom|88\/100\n|-boost|p2a: Forretress|spe|1\n|-sideend|p2: Theimpactassault|Stealth Rock|[from] move: Rapid Spin|[of] p2a: Forretress\n|\n|-heal|p1a: Rotom|95\/100|[from] item: Leftovers\n|upkeep\n|turn|19\n|\n|t:|1700189459\n|move|p1a: Rotom|Volt Switch|p2a: Forretress\n|-damage|p2a: Forretress|28\/100\n|\n|t:|1700189464\n|switch|p1a: Corviknight|Corviknight, M, shiny|100\/100|[from] Volt Switch\n|-ability|p1a: Corviknight|Pressure\n|move|p2a: Forretress|Stealth Rock|p1a: Corviknight\n|-sidestart|p1: Jestrada14|move: Stealth Rock\n|\n|upkeep\n|turn|20\n|\n|t:|1700189472\n|switch|p2a: Samurott|Samurott-Hisui, M, shiny|100\/100\n|move|p1a: Corviknight|Defog|p2a: Samurott\n|-unboost|p2a: Samurott|evasion|1\n|-sideend|p1: Jestrada14|Stealth Rock|[from] move: Defog|[of] p1a: Corviknight\n|\n|upkeep\n|turn|21\n|\n|t:|1700189480\n|-terastallize|p2a: Samurott|Water\n|move|p2a: Samurott|Swords Dance|p2a: Samurott\n|-boost|p2a: Samurott|atk|2\n|move|p1a: Corviknight|Body Press|p2a: Samurott\n|-damage|p2a: Samurott|67\/100\n|\n|-heal|p2a: Samurott|73\/100|[from] item: Leftovers\n|upkeep\n|turn|22\n|\n|t:|1700189490\n|move|p2a: Samurott|Razor Shell|p1a: Corviknight\n|-damage|p1a: Corviknight|15\/100\n|-unboost|p1a: Corviknight|def|1\n|-damage|p2a: Samurott|56\/100|[from] item: Rocky Helmet|[of] p1a: Corviknight\n|move|p1a: Corviknight|Body Press|p2a: Samurott\n|-damage|p2a: Samurott|33\/100\n|\n|-heal|p2a: Samurott|39\/100|[from] item: Leftovers\n|upkeep\n|turn|23\n|\n|t:|1700189511\n|switch|p1a: Rotom|Rotom-Wash, shiny|95\/100\n|move|p2a: Samurott|Swords Dance|p2a: Samurott\n|-boost|p2a: Samurott|atk|2\n|\n|-heal|p2a: Samurott|45\/100|[from] item: Leftovers\n|-heal|p1a: Rotom|100\/100|[from] item: Leftovers\n|upkeep\n|turn|24\n|\n|t:|1700189521\n|move|p2a: Samurott|Ceaseless Edge|p1a: Rotom\n|-damage|p1a: Rotom|0 fnt\n|-sidestart|p1: Jestrada14|Spikes\n|faint|p1a: Rotom\n|\n|-heal|p2a: Samurott|52\/100|[from] item: Leftovers\n|upkeep\n|c|\u2606Theimpactassault|Game changer\n|inactive|Jestrada14 has 120 seconds left.\n|\n|t:|1700189552\n|switch|p1a: Landorus|Landorus-Therian, M, shiny|88\/100\n|-ability|p1a: Landorus|Intimidate|boost\n|-unboost|p2a: Samurott|atk|1\n|turn|25\n|inactive|Jestrada14 has 120 seconds left.\n|\n|t:|1700189558\n|switch|p1a: Corviknight|Corviknight, M, shiny|15\/100\n|-ability|p1a: Corviknight|Pressure\n|move|p2a: Samurott|Aqua Jet|p1a: Corviknight\n|-damage|p1a: Corviknight|0 fnt\n|-damage|p2a: Samurott|35\/100|[from] item: Rocky Helmet|[of] p1a: Corviknight\n|faint|p1a: Corviknight\n|\n|-heal|p2a: Samurott|41\/100|[from] item: Leftovers\n|upkeep\n|inactive|Jestrada14 has 120 seconds left.\n|\n|t:|1700189569\n|switch|p1a: Landorus|Landorus-Therian, M, shiny|88\/100\n|-ability|p1a: Landorus|Intimidate|boost\n|-unboost|p2a: Samurott|atk|1\n|turn|26\n|\n|t:|1700189576\n|move|p2a: Samurott|Aqua Jet|p1a: Landorus\n|-supereffective|p1a: Landorus\n|-crit|p1a: Landorus\n|-damage|p1a: Landorus|0 fnt\n|faint|p1a: Landorus\n|\n|-heal|p2a: Samurott|48\/100|[from] item: Leftovers\n|upkeep\n|\n|t:|1700189584\n|switch|p1a: Iron Valiant|Iron Valiant, shiny|100\/100\n|-damage|p1a: Iron Valiant|88\/100|[from] Spikes\n|turn|27\n|\n|t:|1700189592\n|move|p2a: Samurott|Aqua Jet|p1a: Iron Valiant\n|-damage|p1a: Iron Valiant|21\/100\n|move|p1a: Iron Valiant|Aura Sphere|p2a: Samurott\n|-crit|p2a: Samurott\n|-damage|p2a: Samurott|0 fnt\n|faint|p2a: Samurott\n|\n|upkeep\n|\n|t:|1700189599\n|switch|p2a: Meowscarada|Meowscarada, F|100\/100\n|turn|28\n|\n|t:|1700189604\n|-end|p1a: Iron Valiant|Quark Drive|[silent]\n|switch|p1a: Sneasler|Sneasler, F, shiny|100\/100\n|-damage|p1a: Sneasler|88\/100|[from] Spikes\n|move|p2a: Meowscarada|Play Rough|p1a: Sneasler\n|-start|p2a: Meowscarada|typechange|Fairy|[from] ability: Protean\n|-damage|p1a: Sneasler|21\/100\n|\n|-heal|p1a: Sneasler|27\/100|[from] item: Black Sludge\n|upkeep\n|turn|29\n|l|\u2606Jestrada14\n|inactive|Jestrada14 disconnected and has a minute to reconnect!\n|player|p1|\n|c|\u2606Theimpactassault|Wooooooooooow\n|inactive|Jestrada14 has 30 seconds to reconnect!\n|inactive|Jestrada14 has 20 seconds to reconnect!\n|inactive|Jestrada14 has 15 seconds to reconnect!\n|inactive|Jestrada14 has 10 seconds to reconnect!\n|inactive|Jestrada14 has 5 seconds to reconnect!\n|-message|Jestrada14 lost due to inactivity.\n|\n|win|Theimpactassault\n|raw|Jestrada14's rating: 1372 &rarr; <strong>1350<\/strong><br \/>(-22 for losing)\n|raw|Theimpactassault's rating: 1340 &rarr; <strong>1362<\/strong><br \/>(+22 for winning)\n","uploadtime":1700189678,"views":13,"p1id":"jestrada14","p2id":"theimpactassault","formatid":"gen9ou","rating":1350,"private":0,"password":""}