{"id":"gen9ou-1992378226","p1":"S3PP1","p2":"Shadeshade22","format":"[Gen 9] OU","log":"|j|\u2606S3PP1\n|j|\u2606Shadeshade22\n|t:|1700180649\n|gametype|singles\n|player|p1|S3PP1|chuck|1153\n|player|p2|Shadeshade22|266|1082\n|teamsize|p1|6\n|teamsize|p2|6\n|gen|9\n|tier|[Gen 9] OU\n|rated|\n|rule|Sleep Clause Mod: Limit one foe put to sleep\n|rule|Species Clause: Limit one of each Pok\u00e9mon\n|rule|OHKO Clause: OHKO moves are banned\n|rule|Evasion Items Clause: Evasion items are banned\n|rule|Evasion Moves Clause: Evasion moves are banned\n|rule|Endless Battle Clause: Forcing endless battles is banned\n|rule|HP Percentage Mod: HP is shown in percentages\n|clearpoke\n|poke|p1|Rillaboom, M|\n|poke|p1|Zamazenta-*|\n|poke|p1|Iron Treads|\n|poke|p1|Iron Valiant|\n|poke|p1|Sneasler, F|\n|poke|p1|Heatran, M|\n|poke|p2|Arcanine, M|\n|poke|p2|Gastrodon, M|\n|poke|p2|Tinkaton, F|\n|poke|p2|Gyarados, M|\n|poke|p2|Snorlax, M|\n|poke|p2|Salamence, F|\n|teampreview\n|inactive|Battle timer is ON: inactive players will automatically lose when time's up. (requested by S3PP1)\n|\n|t:|1700180657\n|start\n|switch|p1a: Rillaboom|Rillaboom, M|100\/100\n|switch|p2a: Gyarados|Gyarados, M|100\/100\n|-fieldstart|move: Grassy Terrain|[from] ability: Grassy Surge|[of] p1a: Rillaboom\n|-ability|p2a: Gyarados|Intimidate|boost\n|-unboost|p1a: Rillaboom|atk|1\n|turn|1\n|\n|t:|1700180670\n|switch|p1a: Iron Valiant|Iron Valiant|100\/100\n|-enditem|p1a: Iron Valiant|Booster Energy\n|-activate|p1a: Iron Valiant|ability: Quark Drive|[fromitem]\n|-start|p1a: Iron Valiant|quarkdrivespe\n|switch|p2a: Arcanine|Arcanine, M|100\/100\n|\n|upkeep\n|turn|2\n|\n|t:|1700180678\n|move|p2a: Arcanine|Extreme Speed|p1a: Iron Valiant\n|-damage|p1a: Iron Valiant|76\/100\n|move|p1a: Iron Valiant|Calm Mind|p1a: Iron Valiant\n|-boost|p1a: Iron Valiant|spa|1\n|-boost|p1a: Iron Valiant|spd|1\n|\n|-heal|p1a: Iron Valiant|82\/100|[from] Grassy Terrain\n|upkeep\n|turn|3\n|\n|t:|1700180687\n|switch|p2a: Gyarados|Gyarados, M|100\/100\n|-ability|p2a: Gyarados|Intimidate|boost\n|-unboost|p1a: Iron Valiant|atk|1\n|move|p1a: Iron Valiant|Aura Sphere|p2a: Gyarados\n|-resisted|p2a: Gyarados\n|-damage|p2a: Gyarados|71\/100\n|\n|-heal|p1a: Iron Valiant|88\/100|[from] Grassy Terrain\n|-heal|p2a: Gyarados|77\/100|[from] item: Leftovers\n|upkeep\n|turn|4\n|\n|t:|1700180697\n|move|p1a: Iron Valiant|Moonblast|p2a: Gyarados\n|-damage|p2a: Gyarados|6\/100\n|-unboost|p2a: Gyarados|spa|1\n|move|p2a: Gyarados|Surf|p1a: Iron Valiant\n|-damage|p1a: Iron Valiant|66\/100\n|\n|-heal|p1a: Iron Valiant|72\/100|[from] Grassy Terrain\n|-heal|p2a: Gyarados|12\/100|[from] item: Leftovers\n|upkeep\n|turn|5\n|\n|t:|1700180707\n|move|p1a: Iron Valiant|Vacuum Wave|p2a: Gyarados\n|-resisted|p2a: Gyarados\n|-damage|p2a: Gyarados|0 fnt\n|faint|p2a: Gyarados\n|\n|-heal|p1a: Iron Valiant|78\/100|[from] Grassy Terrain\n|-fieldend|move: Grassy Terrain\n|upkeep\n|\n|t:|1700180713\n|switch|p2a: Arcanine|Arcanine, M|100\/100\n|turn|6\n|\n|t:|1700180717\n|move|p1a: Iron Valiant|Aura Sphere|p2a: Arcanine\n|-damage|p2a: Arcanine|44\/100\n|move|p2a: Arcanine|Raging Fury|p1a: Iron Valiant\n|-damage|p1a: Iron Valiant|24\/100\n|\n|-heal|p2a: Arcanine|50\/100|[from] item: Leftovers\n|upkeep\n|turn|7\n|\n|t:|1700180728\n|move|p1a: Iron Valiant|Aura Sphere|p2a: Arcanine\n|-damage|p2a: Arcanine|0 fnt\n|faint|p2a: Arcanine\n|\n|upkeep\n|\n|t:|1700180733\n|switch|p2a: Gastrodon|Gastrodon, M|100\/100\n|turn|8\n|\n|t:|1700180737\n|move|p1a: Iron Valiant|Moonblast|p2a: Gastrodon\n|-damage|p2a: Gastrodon|34\/100\n|move|p2a: Gastrodon|Earthquake|p1a: Iron Valiant\n|-damage|p1a: Iron Valiant|0 fnt\n|faint|p1a: Iron Valiant\n|-end|p1a: Iron Valiant|Quark Drive|[silent]\n|\n|-heal|p2a: Gastrodon|40\/100|[from] item: Leftovers\n|upkeep\n|\n|t:|1700180743\n|switch|p1a: Rillaboom|Rillaboom, M|100\/100\n|-fieldstart|move: Grassy Terrain|[from] ability: Grassy Surge|[of] p1a: Rillaboom\n|turn|9\n|\n|t:|1700180748\n|switch|p2a: Salamence|Salamence, F|100\/100\n|move|p1a: Rillaboom|Grassy Glide|p2a: Salamence\n|-resisted|p2a: Salamence\n|-damage|p2a: Salamence|91\/100\n|\n|upkeep\n|turn|10\n|\n|t:|1700180757\n|switch|p1a: Zamazenta|Zamazenta|100\/100\n|-ability|p1a: Zamazenta|Dauntless Shield|boost\n|-boost|p1a: Zamazenta|def|1\n|-enditem|p1a: Zamazenta|Grassy Seed\n|-boost|p1a: Zamazenta|def|1|[from] item: Grassy Seed\n|move|p2a: Salamence|Hurricane|p1a: Zamazenta\n|-supereffective|p1a: Zamazenta\n|-damage|p1a: Zamazenta|19\/100\n|\n|-heal|p1a: Zamazenta|25\/100|[from] Grassy Terrain\n|upkeep\n|turn|11\n|\n|t:|1700180767\n|move|p1a: Zamazenta|Body Press|p2a: Salamence\n|-resisted|p2a: Salamence\n|-damage|p2a: Salamence|62\/100\n|move|p2a: Salamence|Hurricane|p1a: Zamazenta\n|-supereffective|p1a: Zamazenta\n|-damage|p1a: Zamazenta|0 fnt\n|faint|p1a: Zamazenta\n|-ability|p2a: Salamence|Moxie|boost\n|-boost|p2a: Salamence|atk|1\n|\n|upkeep\n|\n|t:|1700180772\n|switch|p1a: Iron Treads|Iron Treads|100\/100\n|turn|12\n|\n|t:|1700180782\n|switch|p2a: Gastrodon|Gastrodon, M|40\/100\n|move|p1a: Iron Treads|Steel Roller|p2a: Gastrodon\n|-resisted|p2a: Gastrodon\n|-damage|p2a: Gastrodon|7\/100\n|-fieldend|move: Grassy Terrain\n|\n|-heal|p2a: Gastrodon|13\/100|[from] item: Leftovers\n|upkeep\n|turn|13\n|\n|t:|1700180795\n|switch|p2a: Snorlax|Snorlax, M|100\/100\n|move|p1a: Iron Treads|High Horsepower|p2a: Snorlax\n|-damage|p2a: Snorlax|64\/100\n|\n|-heal|p2a: Snorlax|70\/100|[from] item: Leftovers\n|upkeep\n|turn|14\n|\n|t:|1700180806\n|-end|p1a: Iron Treads|Quark Drive|[silent]\n|switch|p1a: Rillaboom|Rillaboom, M|100\/100\n|-fieldstart|move: Grassy Terrain|[from] ability: Grassy Surge|[of] p1a: Rillaboom\n|move|p2a: Snorlax|Earthquake|p1a: Rillaboom\n|-resisted|p1a: Rillaboom\n|-damage|p1a: Rillaboom|95\/100\n|\n|-heal|p1a: Rillaboom|100\/100|[from] Grassy Terrain\n|-heal|p2a: Snorlax|76\/100|[from] Grassy Terrain\n|-heal|p2a: Snorlax|82\/100|[from] item: Leftovers\n|upkeep\n|turn|15\n|\n|t:|1700180816\n|move|p1a: Rillaboom|Drain Punch|p2a: Snorlax\n|-supereffective|p2a: Snorlax\n|-damage|p2a: Snorlax|39\/100\n|move|p2a: Snorlax|Ice Beam|p1a: Rillaboom\n|-supereffective|p1a: Rillaboom\n|-damage|p1a: Rillaboom|73\/100\n|\n|-heal|p1a: Rillaboom|79\/100|[from] Grassy Terrain\n|-heal|p2a: Snorlax|45\/100|[from] Grassy Terrain\n|-heal|p2a: Snorlax|51\/100|[from] item: Leftovers\n|upkeep\n|turn|16\n|\n|t:|1700180826\n|switch|p2a: Salamence|Salamence, F|62\/100\n|move|p1a: Rillaboom|U-turn|p2a: Salamence\n|-resisted|p2a: Salamence\n|-damage|p2a: Salamence|50\/100\n|\n|t:|1700180831\n|switch|p1a: Iron Treads|Iron Treads|100\/100|[from] U-turn\n|\n|upkeep\n|turn|17\n|\n|t:|1700180835\n|move|p1a: Iron Treads|Steel Roller|p2a: Salamence\n|-damage|p2a: Salamence|0 fnt\n|-fieldend|move: Grassy Terrain\n|faint|p2a: Salamence\n|\n|upkeep\n|\n|t:|1700180839\n|switch|p2a: Tinkaton|Tinkaton, F|100\/100\n|-ability|p2a: Tinkaton|Mold Breaker\n|turn|18\n|\n|t:|1700180847\n|-terastallize|p2a: Tinkaton|Fairy\n|move|p1a: Iron Treads|High Horsepower|p2a: Tinkaton\n|-damage|p2a: Tinkaton|40\/100\n|move|p2a: Tinkaton|Draining Kiss|p1a: Iron Treads\n|-resisted|p1a: Iron Treads\n|-damage|p1a: Iron Treads|87\/100\n|-heal|p2a: Tinkaton|50\/100|[from] drain|[of] p1a: Iron Treads\n|\n|upkeep\n|turn|19\n|-message|Shadeshade22 forfeited.\n|\n|win|S3PP1\n|raw|S3PP1's rating: 1153 &rarr; <strong>1173<\/strong><br \/>(+20 for winning)\n|raw|Shadeshade22's rating: 1082 &rarr; <strong>1064<\/strong><br \/>(-18 for losing)\n|l|\u2606Shadeshade22\n","uploadtime":1700180862,"views":14,"p1id":"s3pp1","p2id":"shadeshade22","formatid":"gen9ou","rating":1064,"private":0,"password":""}