{"id":"gen9ou-1988478757","p1":"AlexDaDuck","p2":"uniandes5","format":"[Gen 9] OU","log":"|j|\u2606AlexDaDuck\n|j|\u2606uniandes5\n|t:|1699727297\n|gametype|singles\n|player|p1|AlexDaDuck|2|1367\n|player|p2|uniandes5|102|1431\n|teamsize|p1|6\n|teamsize|p2|6\n|gen|9\n|tier|[Gen 9] OU\n|rated|\n|rule|Sleep Clause Mod: Limit one foe put to sleep\n|rule|Species Clause: Limit one of each Pok\u00e9mon\n|rule|OHKO Clause: OHKO moves are banned\n|rule|Evasion Items Clause: Evasion items are banned\n|rule|Evasion Moves Clause: Evasion moves are banned\n|rule|Endless Battle Clause: Forcing endless battles is banned\n|rule|HP Percentage Mod: HP is shown in percentages\n|clearpoke\n|poke|p1|Manaphy|\n|poke|p1|Ribombee, M|\n|poke|p1|Gholdengo|\n|poke|p1|Great Tusk|\n|poke|p1|Kingambit, M|\n|poke|p1|Thundurus-Therian, M|\n|poke|p2|Hoopa-Unbound|\n|poke|p2|Thundurus-Therian, M|\n|poke|p2|Gholdengo|\n|poke|p2|Samurott-Hisui, F|\n|poke|p2|Kingambit, M|\n|poke|p2|Rillaboom, M|\n|teampreview\n|\n|t:|1699727313\n|start\n|switch|p1a: Ribombee|Ribombee, M|100\/100\n|switch|p2a: Hoopa|Hoopa-Unbound|100\/100\n|turn|1\n|\n|t:|1699727318\n|move|p1a: Ribombee|Sticky Web|p2a: Hoopa\n|-sidestart|p2: uniandes5|move: Sticky Web\n|move|p2a: Hoopa|Psychic|p1a: Ribombee\n|-damage|p1a: Ribombee|34\/100\n|\n|upkeep\n|turn|2\n|\n|t:|1699727323\n|move|p1a: Ribombee|U-turn|p2a: Hoopa\n|-supereffective|p2a: Hoopa\n|-damage|p2a: Hoopa|30\/100\n|\n|t:|1699727326\n|switch|p1a: Kingambit|Kingambit, M|100\/100|[from] U-turn\n|move|p2a: Hoopa|Psychic|p1a: Kingambit\n|-immune|p1a: Kingambit\n|\n|upkeep\n|turn|3\n|\n|t:|1699727329\n|move|p1a: Kingambit|Sucker Punch|p2a: Hoopa\n|-damage|p2a: Hoopa|0 fnt\n|faint|p2a: Hoopa\n|\n|upkeep\n|\n|t:|1699727332\n|switch|p2a: Sekiro|Samurott-Hisui, F, shiny|100\/100\n|-activate|p2a: Sekiro|move: Sticky Web\n|-unboost|p2a: Sekiro|spe|1\n|turn|4\n|\n|t:|1699727340\n|-end|p1a: Kingambit|fallenundefined|[silent]\n|switch|p1a: Ribombee|Ribombee, M|34\/100\n|move|p2a: Sekiro|Ceaseless Edge|p1a: Ribombee\n|-resisted|p1a: Ribombee\n|-damage|p1a: Ribombee|2\/100\n|-sidestart|p1: AlexDaDuck|Spikes\n|\n|upkeep\n|turn|5\n|\n|t:|1699727346\n|move|p1a: Ribombee|Stun Spore|p2a: Sekiro\n|-status|p2a: Sekiro|par\n|cant|p2a: Sekiro|par\n|\n|upkeep\n|turn|6\n|\n|t:|1699727350\n|move|p1a: Ribombee|Moonblast|p2a: Sekiro\n|-supereffective|p2a: Sekiro\n|-damage|p2a: Sekiro|7\/100 par\n|-unboost|p2a: Sekiro|spa|1\n|move|p2a: Sekiro|Ceaseless Edge|p1a: Ribombee\n|-resisted|p1a: Ribombee\n|-damage|p1a: Ribombee|0 fnt\n|-sidestart|p1: AlexDaDuck|Spikes\n|faint|p1a: Ribombee\n|\n|upkeep\n|\n|t:|1699727356\n|switch|p1a: Great Tusk|Great Tusk|100\/100\n|-damage|p1a: Great Tusk|84\/100|[from] Spikes\n|-enditem|p1a: Great Tusk|Booster Energy\n|-activate|p1a: Great Tusk|ability: Protosynthesis|[fromitem]\n|-start|p1a: Great Tusk|protosynthesisatk\n|turn|7\n|\n|t:|1699727361\n|switch|p2a: Kuzko|Gholdengo, shiny|100\/100\n|-activate|p2a: Kuzko|move: Sticky Web\n|-unboost|p2a: Kuzko|spe|1\n|move|p1a: Great Tusk|Rapid Spin|p2a: Kuzko\n|-immune|p2a: Kuzko\n|\n|upkeep\n|turn|8\n|\n|t:|1699727374\n|switch|p2a: Rillaboom|Rillaboom, M|100\/100\n|-activate|p2a: Rillaboom|move: Sticky Web\n|-unboost|p2a: Rillaboom|spe|1\n|-fieldstart|move: Grassy Terrain|[from] ability: Grassy Surge|[of] p2a: Rillaboom\n|move|p1a: Great Tusk|Rapid Spin|p2a: Rillaboom\n|-crit|p2a: Rillaboom\n|-damage|p2a: Rillaboom|67\/100\n|-boost|p1a: Great Tusk|spe|1\n|-sideend|p1: AlexDaDuck|Spikes|[from] move: Rapid Spin|[of] p1a: Great Tusk\n|\n|-heal|p1a: Great Tusk|90\/100|[from] Grassy Terrain\n|-heal|p2a: Rillaboom|73\/100|[from] Grassy Terrain\n|upkeep\n|turn|9\n|-message|uniandes5 forfeited.\n|\n|win|AlexDaDuck\n|raw|AlexDaDuck's rating: 1367 &rarr; <strong>1391<\/strong><br \/>(+24 for winning)\n|raw|uniandes5's rating: 1431 &rarr; <strong>1407<\/strong><br \/>(-24 for losing)\n|l|\u2606uniandes5\n","uploadtime":1699727402,"views":16,"p1id":"alexdaduck","p2id":"uniandes5","formatid":"gen9ou","rating":1391,"private":0,"password":""}