{"id":"gen9ou-1999802166","p1":"PurpleBuddyGuy","p2":"satanicdoggo999","format":"[Gen 9] OU","log":"|j|\u2606PurpleBuddyGuy\n|j|\u2606satanicdoggo999\n|t:|1701118031\n|gametype|singles\n|player|p1|PurpleBuddyGuy|alder|1011\n|player|p2|satanicdoggo999|266|1113\n|teamsize|p1|6\n|teamsize|p2|6\n|gen|9\n|tier|[Gen 9] OU\n|rated|\n|rule|Sleep Clause Mod: Limit one foe put to sleep\n|rule|Species Clause: Limit one of each Pok\u00e9mon\n|rule|OHKO Clause: OHKO moves are banned\n|rule|Evasion Items Clause: Evasion items are banned\n|rule|Evasion Moves Clause: Evasion moves are banned\n|rule|Endless Battle Clause: Forcing endless battles is banned\n|rule|HP Percentage Mod: HP is shown in percentages\n|clearpoke\n|poke|p1|Pelipper, M|\n|poke|p1|Basculegion, M|\n|poke|p1|Manaphy|\n|poke|p1|Goodra, M|\n|poke|p1|Iron Treads|\n|poke|p1|Zapdos|\n|poke|p2|Alomomola, F|\n|poke|p2|Clodsire, M|\n|poke|p2|Toxapex, F|\n|poke|p2|Landorus-Therian, M|\n|poke|p2|Dondozo, M|\n|poke|p2|Blissey, F|\n|teampreview\n|\n|t:|1701118054\n|start\n|switch|p1a: Manaphy|Manaphy|100\/100\n|switch|p2a: Landorus|Landorus-Therian, M|100\/100\n|-ability|p2a: Landorus|Intimidate|boost\n|-unboost|p1a: Manaphy|atk|1\n|turn|1\n|\n|t:|1701118061\n|switch|p2a: Blissey|Blissey, F|100\/100\n|move|p1a: Manaphy|Tail Glow|p1a: Manaphy\n|-boost|p1a: Manaphy|spa|3\n|\n|upkeep\n|turn|2\n|\n|t:|1701118068\n|move|p1a: Manaphy|Tail Glow|p1a: Manaphy\n|-boost|p1a: Manaphy|spa|3\n|move|p2a: Blissey|Thunder Wave|p1a: Manaphy\n|-status|p1a: Manaphy|par\n|\n|upkeep\n|turn|3\n|\n|t:|1701118074\n|switch|p2a: Dondozo|Dondozo, M|100\/100\n|move|p1a: Manaphy|Tail Glow|p1a: Manaphy\n|-boost|p1a: Manaphy|spa|0\n|\n|upkeep\n|turn|4\n|\n|t:|1701118080\n|switch|p1a: Zapdos|Zapdos|100\/100\n|move|p2a: Dondozo|Curse|p2a: Dondozo\n|-unboost|p2a: Dondozo|spe|1\n|-boost|p2a: Dondozo|atk|1\n|-boost|p2a: Dondozo|def|1\n|\n|upkeep\n|turn|5\n|\n|t:|1701118087\n|-terastallize|p2a: Dondozo|Fairy\n|move|p1a: Zapdos|Thunder|p2a: Dondozo\n|-damage|p2a: Dondozo|57\/100\n|move|p2a: Dondozo|Avalanche|p1a: Zapdos\n|-supereffective|p1a: Zapdos\n|-damage|p1a: Zapdos|23\/100\n|\n|-heal|p2a: Dondozo|64\/100|[from] item: Leftovers\n|upkeep\n|turn|6\n|\n|t:|1701118103\n|switch|p1a: Manaphy|Manaphy|100\/100 par\n|move|p2a: Dondozo|Avalanche|p1a: Manaphy\n|-resisted|p1a: Manaphy\n|-damage|p1a: Manaphy|93\/100 par\n|\n|-heal|p1a: Manaphy|99\/100 par|[from] item: Leftovers\n|-heal|p2a: Dondozo|70\/100|[from] item: Leftovers\n|upkeep\n|turn|7\n|\n|t:|1701118114\n|switch|p2a: Blissey|Blissey, F|100\/100\n|move|p1a: Manaphy|Tail Glow|p1a: Manaphy\n|-boost|p1a: Manaphy|spa|3\n|\n|-heal|p1a: Manaphy|100\/100 par|[from] item: Leftovers\n|upkeep\n|turn|8\n|\n|t:|1701118121\n|move|p1a: Manaphy|Tail Glow|p1a: Manaphy\n|-boost|p1a: Manaphy|spa|3\n|move|p2a: Blissey|Seismic Toss|p1a: Manaphy\n|-damage|p1a: Manaphy|76\/100 par\n|\n|-heal|p1a: Manaphy|82\/100 par|[from] item: Leftovers\n|upkeep\n|turn|9\n|\n|t:|1701118136\n|switch|p2a: Dondozo|Dondozo, M, tera:Fairy|70\/100\n|cant|p1a: Manaphy|par\n|\n|-heal|p1a: Manaphy|88\/100 par|[from] item: Leftovers\n|-heal|p2a: Dondozo|76\/100|[from] item: Leftovers\n|upkeep\n|turn|10\n|\n|t:|1701118143\n|move|p1a: Manaphy|Ice Beam|p2a: Dondozo\n|-damage|p2a: Dondozo|57\/100\n|move|p2a: Dondozo|Curse|p2a: Dondozo\n|-unboost|p2a: Dondozo|spe|1\n|-boost|p2a: Dondozo|atk|1\n|-boost|p2a: Dondozo|def|1\n|\n|-heal|p1a: Manaphy|94\/100 par|[from] item: Leftovers\n|-heal|p2a: Dondozo|63\/100|[from] item: Leftovers\n|upkeep\n|turn|11\n|\n|t:|1701118151\n|move|p1a: Manaphy|Ice Beam|p2a: Dondozo\n|-damage|p2a: Dondozo|42\/100\n|move|p2a: Dondozo|Curse|p2a: Dondozo\n|-unboost|p2a: Dondozo|spe|1\n|-boost|p2a: Dondozo|atk|1\n|-boost|p2a: Dondozo|def|1\n|\n|-heal|p1a: Manaphy|100\/100 par|[from] item: Leftovers\n|-heal|p2a: Dondozo|48\/100|[from] item: Leftovers\n|upkeep\n|turn|12\n|\n|t:|1701118160\n|move|p1a: Manaphy|Ice Beam|p2a: Dondozo\n|-crit|p2a: Dondozo\n|-damage|p2a: Dondozo|16\/100\n|move|p2a: Dondozo|Earthquake|p1a: Manaphy\n|-damage|p1a: Manaphy|64\/100 par\n|\n|-heal|p1a: Manaphy|70\/100 par|[from] item: Leftovers\n|-heal|p2a: Dondozo|22\/100|[from] item: Leftovers\n|upkeep\n|turn|13\n|\n|t:|1701118169\n|move|p1a: Manaphy|Ice Beam|p2a: Dondozo\n|-damage|p2a: Dondozo|3\/100\n|move|p2a: Dondozo|Rest|p2a: Dondozo\n|-status|p2a: Dondozo|slp|[from] move: Rest\n|-heal|p2a: Dondozo|100\/100 slp|[silent]\n|\n|-heal|p1a: Manaphy|76\/100 par|[from] item: Leftovers\n|upkeep\n|turn|14\n|\n|t:|1701118184\n|switch|p1a: Zapdos|Zapdos|23\/100\n|cant|p2a: Dondozo|slp\n|\n|upkeep\n|turn|15\n|\n|t:|1701118191\n|move|p1a: Zapdos|Thunder|p2a: Dondozo|[miss]\n|-miss|p1a: Zapdos|p2a: Dondozo\n|cant|p2a: Dondozo|slp\n|\n|upkeep\n|turn|16\n|\n|t:|1701118221\n|move|p1a: Zapdos|Thunder|p2a: Dondozo|[miss]\n|-miss|p1a: Zapdos|p2a: Dondozo\n|-curestatus|p2a: Dondozo|slp|[msg]\n|move|p2a: Dondozo|Avalanche|p1a: Zapdos\n|-supereffective|p1a: Zapdos\n|-damage|p1a: Zapdos|0 fnt\n|faint|p1a: Zapdos\n|\n|upkeep\n|\n|t:|1701118228\n|switch|p1a: Manaphy|Manaphy|76\/100 par\n|turn|17\n|\n|t:|1701118231\n|move|p1a: Manaphy|Ice Beam|p2a: Dondozo\n|-damage|p2a: Dondozo|82\/100\n|move|p2a: Dondozo|Earthquake|p1a: Manaphy\n|-damage|p1a: Manaphy|41\/100 par\n|\n|-heal|p1a: Manaphy|48\/100 par|[from] item: Leftovers\n|-heal|p2a: Dondozo|88\/100|[from] item: Leftovers\n|upkeep\n|turn|18\n|\n|t:|1701118239\n|cant|p1a: Manaphy|par\n|move|p2a: Dondozo|Earthquake|p1a: Manaphy\n|-damage|p1a: Manaphy|15\/100 par\n|\n|-heal|p1a: Manaphy|21\/100 par|[from] item: Leftovers\n|-heal|p2a: Dondozo|95\/100|[from] item: Leftovers\n|upkeep\n|turn|19\n|\n|t:|1701118246\n|switch|p1a: Basculegion|Basculegion, M|100\/100\n|move|p2a: Dondozo|Earthquake|p1a: Basculegion\n|-damage|p1a: Basculegion|38\/100\n|\n|-heal|p2a: Dondozo|100\/100|[from] item: Leftovers\n|upkeep\n|turn|20\n|\n|t:|1701118255\n|move|p1a: Basculegion|Wave Crash|p2a: Dondozo\n|-damage|p2a: Dondozo|82\/100\n|-damage|p1a: Basculegion|29\/100|[from] Recoil\n|move|p2a: Dondozo|Earthquake|p1a: Basculegion\n|-damage|p1a: Basculegion|0 fnt\n|faint|p1a: Basculegion\n|\n|-heal|p2a: Dondozo|88\/100|[from] item: Leftovers\n|upkeep\n|\n|t:|1701118257\n|switch|p1a: Goodra|Goodra, M|100\/100\n|turn|21\n|\n|t:|1701118275\n|move|p1a: Goodra|Toxic|p2a: Dondozo\n|-status|p2a: Dondozo|tox\n|move|p2a: Dondozo|Avalanche|p1a: Goodra\n|-supereffective|p1a: Goodra\n|-damage|p1a: Goodra|50\/100\n|\n|-heal|p1a: Goodra|56\/100|[from] item: Leftovers\n|-heal|p2a: Dondozo|94\/100 tox|[from] item: Leftovers\n|-damage|p2a: Dondozo|88\/100 tox|[from] psn\n|upkeep\n|turn|22\n|\n|t:|1701118284\n|move|p2a: Dondozo|Avalanche|p1a: Goodra\n|-supereffective|p1a: Goodra\n|-damage|p1a: Goodra|3\/100\n|move|p1a: Goodra|Dragon Tail|p2a: Dondozo\n|-immune|p2a: Dondozo\n|\n|-heal|p1a: Goodra|9\/100|[from] item: Leftovers\n|-heal|p2a: Dondozo|94\/100 tox|[from] item: Leftovers\n|-damage|p2a: Dondozo|82\/100 tox|[from] psn\n|upkeep\n|turn|23\n|\n|t:|1701118294\n|move|p1a: Goodra|Rest|p1a: Goodra\n|-status|p1a: Goodra|slp|[from] move: Rest\n|-heal|p1a: Goodra|100\/100 slp|[silent]\n|move|p2a: Dondozo|Avalanche|p1a: Goodra\n|-supereffective|p1a: Goodra\n|-damage|p1a: Goodra|42\/100 slp\n|\n|-heal|p1a: Goodra|48\/100 slp|[from] item: Leftovers\n|-heal|p2a: Dondozo|88\/100 tox|[from] item: Leftovers\n|-damage|p2a: Dondozo|70\/100 tox|[from] psn\n|upkeep\n|turn|24\n|\n|t:|1701118304\n|switch|p1a: Iron Treads|Iron Treads|100\/100\n|move|p2a: Dondozo|Rest|p2a: Dondozo\n|-status|p2a: Dondozo|slp|[from] move: Rest\n|-heal|p2a: Dondozo|100\/100 slp|[silent]\n|\n|upkeep\n|turn|25\n|\n|t:|1701118316\n|switch|p2a: Toxapex|Toxapex, F|100\/100\n|move|p1a: Iron Treads|Earthquake|p2a: Toxapex\n|-supereffective|p2a: Toxapex\n|-damage|p2a: Toxapex|55\/100\n|\n|upkeep\n|turn|26\n|\n|t:|1701118325\n|move|p1a: Iron Treads|Earthquake|p2a: Toxapex\n|-supereffective|p2a: Toxapex\n|-crit|p2a: Toxapex\n|-damage|p2a: Toxapex|0 fnt\n|faint|p2a: Toxapex\n|\n|upkeep\n|\n|t:|1701118330\n|switch|p2a: Alomomola|Alomomola, F|100\/100\n|turn|27\n|\n|t:|1701118333\n|move|p1a: Iron Treads|Stealth Rock|p2a: Alomomola\n|-sidestart|p2: satanicdoggo999|move: Stealth Rock\n|move|p2a: Alomomola|Whirlpool|p1a: Iron Treads\n|-supereffective|p1a: Iron Treads\n|-damage|p1a: Iron Treads|90\/100\n|-activate|p1a: Iron Treads|move: Whirlpool|[of] p2a: Alomomola\n|\n|-heal|p1a: Iron Treads|96\/100|[from] item: Leftovers\n|-damage|p1a: Iron Treads|84\/100|[from] move: Whirlpool|[partiallytrapped]\n|upkeep\n|turn|28\n|\n|t:|1701118350\n|move|p1a: Iron Treads|Stealth Rock||[still]\n|-fail|p1a: Iron Treads\n|move|p2a: Alomomola|Play Rough|p1a: Iron Treads\n|-resisted|p1a: Iron Treads\n|-damage|p1a: Iron Treads|77\/100\n|\n|-heal|p1a: Iron Treads|83\/100|[from] item: Leftovers\n|-damage|p1a: Iron Treads|71\/100|[from] move: Whirlpool|[partiallytrapped]\n|upkeep\n|turn|29\n|\n|t:|1701118368\n|move|p1a: Iron Treads|Earthquake|p2a: Alomomola\n|-damage|p2a: Alomomola|82\/100\n|move|p2a: Alomomola|Wish|p2a: Alomomola\n|\n|-heal|p1a: Iron Treads|77\/100|[from] item: Leftovers\n|-damage|p1a: Iron Treads|65\/100|[from] move: Whirlpool|[partiallytrapped]\n|upkeep\n|turn|30\n|\n|t:|1701118377\n|switch|p2a: Dondozo|Dondozo, M, tera:Fairy|100\/100 slp\n|-damage|p2a: Dondozo|88\/100 slp|[from] Stealth Rock\n|move|p1a: Iron Treads|Rapid Spin|p2a: Dondozo\n|-damage|p2a: Dondozo|82\/100 slp\n|-boost|p1a: Iron Treads|spe|1\n|-end|p1a: Iron Treads|Whirlpool|[partiallytrapped]\n|\n|-heal|p2a: Dondozo|100\/100 slp|[from] move: Wish|[wisher] Alomomola\n|-heal|p1a: Iron Treads|71\/100|[from] item: Leftovers\n|upkeep\n|turn|31\n|\n|t:|1701118389\n|-terastallize|p1a: Iron Treads|Grass\n|move|p1a: Iron Treads|Earthquake|p2a: Dondozo\n|-damage|p2a: Dondozo|85\/100 slp\n|cant|p2a: Dondozo|slp\n|\n|-heal|p1a: Iron Treads|77\/100|[from] item: Leftovers\n|-heal|p2a: Dondozo|91\/100 slp|[from] item: Leftovers\n|upkeep\n|turn|32\n|\n|t:|1701118408\n|move|p1a: Iron Treads|Earthquake|p2a: Dondozo\n|-damage|p2a: Dondozo|73\/100 slp\n|cant|p2a: Dondozo|slp\n|\n|-heal|p1a: Iron Treads|83\/100|[from] item: Leftovers\n|-heal|p2a: Dondozo|79\/100 slp|[from] item: Leftovers\n|upkeep\n|turn|33\n|\n|t:|1701118415\n|move|p1a: Iron Treads|Knock Off|p2a: Dondozo\n|-resisted|p2a: Dondozo\n|-damage|p2a: Dondozo|74\/100 slp\n|-enditem|p2a: Dondozo|Leftovers|[from] move: Knock Off|[of] p1a: Iron Treads\n|-curestatus|p2a: Dondozo|slp|[msg]\n|move|p2a: Dondozo|Curse|p2a: Dondozo\n|-unboost|p2a: Dondozo|spe|1\n|-boost|p2a: Dondozo|atk|1\n|-boost|p2a: Dondozo|def|1\n|\n|-heal|p1a: Iron Treads|89\/100|[from] item: Leftovers\n|upkeep\n|turn|34\n|\n|t:|1701118425\n|move|p1a: Iron Treads|Knock Off|p2a: Dondozo\n|-resisted|p2a: Dondozo\n|-damage|p2a: Dondozo|71\/100\n|move|p2a: Dondozo|Avalanche|p1a: Iron Treads\n|-supereffective|p1a: Iron Treads\n|-damage|p1a: Iron Treads|20\/100\n|\n|-heal|p1a: Iron Treads|26\/100|[from] item: Leftovers\n|upkeep\n|turn|35\n|\n|t:|1701118432\n|move|p1a: Iron Treads|Earthquake|p2a: Dondozo\n|-damage|p2a: Dondozo|60\/100\n|move|p2a: Dondozo|Avalanche|p1a: Iron Treads\n|-supereffective|p1a: Iron Treads\n|-damage|p1a: Iron Treads|0 fnt\n|faint|p1a: Iron Treads\n|-end|p1a: Iron Treads|Quark Drive|[silent]\n|\n|upkeep\n|\n|t:|1701118436\n|switch|p1a: Pelipper|Pelipper, M|100\/100\n|-weather|RainDance|[from] ability: Drizzle|[of] p1a: Pelipper\n|turn|36\n|\n|t:|1701118443\n|move|p1a: Pelipper|Hurricane|p2a: Dondozo\n|-damage|p2a: Dondozo|24\/100\n|move|p2a: Dondozo|Avalanche|p1a: Pelipper\n|-damage|p1a: Pelipper|63\/100\n|\n|-weather|RainDance|[upkeep]\n|upkeep\n|turn|37\n|\n|t:|1701118452\n|switch|p2a: Blissey|Blissey, F|100\/100\n|move|p1a: Pelipper|Hurricane|p2a: Blissey\n|-damage|p2a: Blissey|90\/100\n|\n|-weather|RainDance|[upkeep]\n|upkeep\n|turn|38\n|\n|t:|1701118460\n|move|p2a: Blissey|Thunder Wave|p1a: Pelipper\n|-status|p1a: Pelipper|par\n|move|p1a: Pelipper|U-turn|p2a: Blissey\n|-crit|p2a: Blissey\n|-damage|p2a: Blissey|76\/100\n|\n|t:|1701118464\n|switch|p1a: Manaphy|Manaphy|21\/100 par|[from] U-turn\n|\n|-weather|RainDance|[upkeep]\n|-activate|p1a: Manaphy|ability: Hydration\n|-curestatus|p1a: Manaphy|par|[msg]\n|-heal|p1a: Manaphy|27\/100|[from] item: Leftovers\n|upkeep\n|turn|39\n|\n|t:|1701118472\n|move|p1a: Manaphy|Scald|p2a: Blissey\n|-crit|p2a: Blissey\n|-damage|p2a: Blissey|57\/100\n|move|p2a: Blissey|Seismic Toss|p1a: Manaphy\n|-damage|p1a: Manaphy|2\/100\n|\n|-weather|RainDance|[upkeep]\n|-heal|p1a: Manaphy|8\/100|[from] item: Leftovers\n|upkeep\n|turn|40\n|\n|t:|1701118480\n|move|p1a: Manaphy|Rest|p1a: Manaphy\n|-status|p1a: Manaphy|slp|[from] move: Rest\n|-heal|p1a: Manaphy|100\/100 slp|[silent]\n|move|p2a: Blissey|Seismic Toss|p1a: Manaphy\n|-damage|p1a: Manaphy|76\/100 slp\n|\n|-weather|RainDance|[upkeep]\n|-activate|p1a: Manaphy|ability: Hydration\n|-curestatus|p1a: Manaphy|slp|[msg]\n|-heal|p1a: Manaphy|82\/100|[from] item: Leftovers\n|upkeep\n|turn|41\n|\n|t:|1701118494\n|move|p1a: Manaphy|Scald|p2a: Blissey\n|-damage|p2a: Blissey|45\/100\n|move|p2a: Blissey|Seismic Toss|p1a: Manaphy\n|-damage|p1a: Manaphy|57\/100\n|\n|-weather|RainDance|[upkeep]\n|-heal|p1a: Manaphy|63\/100|[from] item: Leftovers\n|upkeep\n|turn|42\n|\n|t:|1701118502\n|move|p1a: Manaphy|Scald|p2a: Blissey\n|-damage|p2a: Blissey|32\/100\n|move|p2a: Blissey|Seismic Toss|p1a: Manaphy\n|-damage|p1a: Manaphy|38\/100\n|\n|-weather|RainDance|[upkeep]\n|-heal|p1a: Manaphy|45\/100|[from] item: Leftovers\n|upkeep\n|turn|43\n|\n|t:|1701118510\n|move|p1a: Manaphy|Scald|p2a: Blissey\n|-damage|p2a: Blissey|20\/100\n|-status|p2a: Blissey|brn\n|move|p2a: Blissey|Soft-Boiled|p2a: Blissey\n|-heal|p2a: Blissey|70\/100 brn\n|\n|-weather|none\n|-heal|p1a: Manaphy|51\/100|[from] item: Leftovers\n|-damage|p2a: Blissey|64\/100 brn|[from] brn\n|upkeep\n|turn|44\n|\n|t:|1701118523\n|move|p1a: Manaphy|Scald|p2a: Blissey\n|-damage|p2a: Blissey|55\/100 brn\n|move|p2a: Blissey|Thunder Wave|p1a: Manaphy\n|-status|p1a: Manaphy|par\n|\n|-heal|p1a: Manaphy|57\/100 par|[from] item: Leftovers\n|-damage|p2a: Blissey|49\/100 brn|[from] brn\n|upkeep\n|turn|45\n|\n|t:|1701118532\n|move|p1a: Manaphy|Scald|p2a: Blissey\n|-damage|p2a: Blissey|40\/100 brn\n|move|p2a: Blissey|Seismic Toss|p1a: Manaphy\n|-damage|p1a: Manaphy|32\/100 par\n|\n|-heal|p1a: Manaphy|38\/100 par|[from] item: Leftovers\n|-damage|p2a: Blissey|34\/100 brn|[from] brn\n|upkeep\n|turn|46\n|\n|t:|1701118541\n|cant|p1a: Manaphy|par\n|move|p2a: Blissey|Soft-Boiled|p2a: Blissey\n|-heal|p2a: Blissey|84\/100 brn\n|\n|-heal|p1a: Manaphy|45\/100 par|[from] item: Leftovers\n|-damage|p2a: Blissey|78\/100 brn|[from] brn\n|upkeep\n|turn|47\n|\n|t:|1701118551\n|-curestatus|p2a: Blissey|brn|[from] ability: Natural Cure\n|switch|p2a: Dondozo|Dondozo, M, tera:Fairy|24\/100\n|-damage|p2a: Dondozo|11\/100|[from] Stealth Rock\n|move|p1a: Manaphy|Rest|p1a: Manaphy\n|-status|p1a: Manaphy|slp|[from] move: Rest\n|-heal|p1a: Manaphy|100\/100 slp|[silent]\n|\n|upkeep\n|turn|48\n|\n|t:|1701118571\n|cant|p1a: Manaphy|slp\n|move|p2a: Dondozo|Rest|p2a: Dondozo\n|-status|p2a: Dondozo|slp|[from] move: Rest\n|-heal|p2a: Dondozo|100\/100 slp|[silent]\n|\n|upkeep\n|turn|49\n|\n|t:|1701118592\n|cant|p1a: Manaphy|slp\n|cant|p2a: Dondozo|slp\n|\n|upkeep\n|turn|50\n|\n|t:|1701118597\n|-curestatus|p1a: Manaphy|slp|[msg]\n|move|p1a: Manaphy|Scald|p2a: Dondozo\n|-damage|p2a: Dondozo|74\/100 slp\n|cant|p2a: Dondozo|slp\n|\n|upkeep\n|turn|51\n|\n|t:|1701118604\n|move|p1a: Manaphy|Tail Glow|p1a: Manaphy\n|-boost|p1a: Manaphy|spa|3\n|-curestatus|p2a: Dondozo|slp|[msg]\n|move|p2a: Dondozo|Curse|p2a: Dondozo\n|-unboost|p2a: Dondozo|spe|1\n|-boost|p2a: Dondozo|atk|1\n|-boost|p2a: Dondozo|def|1\n|\n|upkeep\n|turn|52\n|\n|t:|1701118613\n|move|p1a: Manaphy|Tail Glow|p1a: Manaphy\n|-boost|p1a: Manaphy|spa|3\n|move|p2a: Dondozo|Curse|p2a: Dondozo\n|-unboost|p2a: Dondozo|spe|1\n|-boost|p2a: Dondozo|atk|1\n|-boost|p2a: Dondozo|def|1\n|\n|upkeep\n|turn|53\n|\n|t:|1701118621\n|move|p1a: Manaphy|Scald|p2a: Dondozo\n|-damage|p2a: Dondozo|48\/100\n|move|p2a: Dondozo|Earthquake|p1a: Manaphy\n|-damage|p1a: Manaphy|67\/100\n|\n|-heal|p1a: Manaphy|74\/100|[from] item: Leftovers\n|upkeep\n|turn|54\n|\n|t:|1701118633\n|switch|p2a: Clodsire|Clodsire, M|100\/100\n|-damage|p2a: Clodsire|94\/100|[from] Stealth Rock\n|move|p1a: Manaphy|Scald|p2a: Clodsire\n|-heal|p2a: Clodsire|100\/100|[from] ability: Water Absorb|[of] p1a: Manaphy\n|\n|-heal|p1a: Manaphy|80\/100|[from] item: Leftovers\n|upkeep\n|turn|55\n|\n|t:|1701118641\n|move|p1a: Manaphy|Scald|p2a: Clodsire\n|-immune|p2a: Clodsire|[from] ability: Water Absorb\n|move|p2a: Clodsire|Toxic|p1a: Manaphy\n|-status|p1a: Manaphy|tox\n|\n|-heal|p1a: Manaphy|86\/100 tox|[from] item: Leftovers\n|-damage|p1a: Manaphy|80\/100 tox|[from] psn\n|upkeep\n|turn|56\n|\n|t:|1701118652\n|move|p1a: Manaphy|Ice Beam|p2a: Clodsire\n|-supereffective|p2a: Clodsire\n|-damage|p2a: Clodsire|18\/100\n|move|p2a: Clodsire|Spikes|p1a: Manaphy\n|-sidestart|p1: PurpleBuddyGuy|Spikes\n|\n|-heal|p1a: Manaphy|86\/100 tox|[from] item: Leftovers\n|-heal|p2a: Clodsire|24\/100|[from] item: Leftovers\n|-damage|p1a: Manaphy|74\/100 tox|[from] psn\n|upkeep\n|turn|57\n|\n|t:|1701118661\n|switch|p2a: Alomomola|Alomomola, F|100\/100\n|-damage|p2a: Alomomola|88\/100|[from] Stealth Rock\n|move|p1a: Manaphy|Ice Beam|p2a: Alomomola\n|-resisted|p2a: Alomomola\n|-damage|p2a: Alomomola|42\/100\n|\n|-heal|p1a: Manaphy|80\/100 tox|[from] item: Leftovers\n|-damage|p1a: Manaphy|61\/100 tox|[from] psn\n|upkeep\n|turn|58\n|\n|t:|1701118671\n|move|p1a: Manaphy|Ice Beam|p2a: Alomomola\n|-resisted|p2a: Alomomola\n|-damage|p2a: Alomomola|0 fnt\n|faint|p2a: Alomomola\n|\n|-heal|p1a: Manaphy|67\/100 tox|[from] item: Leftovers\n|-damage|p1a: Manaphy|43\/100 tox|[from] psn\n|upkeep\n|\n|t:|1701118679\n|switch|p2a: Landorus|Landorus-Therian, M|100\/100\n|-damage|p2a: Landorus|88\/100|[from] Stealth Rock\n|-ability|p2a: Landorus|Intimidate|boost\n|-unboost|p1a: Manaphy|atk|1\n|turn|59\n|\n|t:|1701118684\n|move|p1a: Manaphy|Scald|p2a: Landorus\n|-supereffective|p2a: Landorus\n|-damage|p2a: Landorus|0 fnt\n|faint|p2a: Landorus\n|\n|-heal|p1a: Manaphy|49\/100 tox|[from] item: Leftovers\n|-damage|p1a: Manaphy|18\/100 tox|[from] psn\n|upkeep\n|\n|t:|1701118693\n|switch|p2a: Clodsire|Clodsire, M|24\/100\n|-damage|p2a: Clodsire|18\/100|[from] Stealth Rock\n|turn|60\n|\n|t:|1701118704\n|move|p1a: Manaphy|Rest|p1a: Manaphy\n|-status|p1a: Manaphy|slp|[from] move: Rest\n|-heal|p1a: Manaphy|100\/100 slp|[silent]\n|move|p2a: Clodsire|Recover|p2a: Clodsire\n|-heal|p2a: Clodsire|68\/100\n|\n|-heal|p2a: Clodsire|74\/100|[from] item: Leftovers\n|upkeep\n|turn|61\n|\n|t:|1701118713\n|cant|p1a: Manaphy|slp\n|move|p2a: Clodsire|Spikes|p1a: Manaphy\n|-sidestart|p1: PurpleBuddyGuy|Spikes\n|\n|-heal|p2a: Clodsire|80\/100|[from] item: Leftovers\n|upkeep\n|turn|62\n|\n|t:|1701118720\n|cant|p1a: Manaphy|slp\n|move|p2a: Clodsire|Spikes|p1a: Manaphy\n|-sidestart|p1: PurpleBuddyGuy|Spikes\n|\n|-heal|p2a: Clodsire|86\/100|[from] item: Leftovers\n|upkeep\n|turn|63\n|\n|t:|1701118726\n|-curestatus|p1a: Manaphy|slp|[msg]\n|move|p1a: Manaphy|Ice Beam|p2a: Clodsire\n|-supereffective|p2a: Clodsire\n|-damage|p2a: Clodsire|3\/100\n|move|p2a: Clodsire|Toxic|p1a: Manaphy\n|-status|p1a: Manaphy|tox\n|\n|-heal|p2a: Clodsire|9\/100|[from] item: Leftovers\n|-damage|p1a: Manaphy|94\/100 tox|[from] psn\n|upkeep\n|turn|64\n|\n|t:|1701118737\n|switch|p2a: Blissey|Blissey, F|78\/100\n|move|p1a: Manaphy|Ice Beam|p2a: Blissey\n|-damage|p2a: Blissey|54\/100\n|\n|-heal|p1a: Manaphy|100\/100 tox|[from] item: Leftovers\n|-damage|p1a: Manaphy|88\/100 tox|[from] psn\n|upkeep\n|turn|65\n|\n|t:|1701118745\n|move|p1a: Manaphy|Scald|p2a: Blissey\n|-damage|p2a: Blissey|23\/100\n|move|p2a: Blissey|Soft-Boiled|p2a: Blissey\n|-heal|p2a: Blissey|73\/100\n|\n|-heal|p1a: Manaphy|94\/100 tox|[from] item: Leftovers\n|-damage|p1a: Manaphy|76\/100 tox|[from] psn\n|upkeep\n|turn|66\n|\n|t:|1701118753\n|move|p1a: Manaphy|Scald|p2a: Blissey\n|-damage|p2a: Blissey|42\/100\n|move|p2a: Blissey|Seismic Toss|p1a: Manaphy\n|-damage|p1a: Manaphy|51\/100 tox\n|\n|-heal|p1a: Manaphy|57\/100 tox|[from] item: Leftovers\n|-damage|p1a: Manaphy|32\/100 tox|[from] psn\n|upkeep\n|turn|67\n|\n|t:|1701118767\n|move|p1a: Manaphy|Rest|p1a: Manaphy\n|-status|p1a: Manaphy|slp|[from] move: Rest\n|-heal|p1a: Manaphy|100\/100 slp|[silent]\n|move|p2a: Blissey|Stealth Rock|p1a: Manaphy\n|-sidestart|p1: PurpleBuddyGuy|move: Stealth Rock\n|\n|upkeep\n|turn|68\n|\n|t:|1701118773\n|switch|p2a: Clodsire|Clodsire, M|9\/100\n|-damage|p2a: Clodsire|3\/100|[from] Stealth Rock\n|cant|p1a: Manaphy|slp\n|\n|-heal|p2a: Clodsire|9\/100|[from] item: Leftovers\n|upkeep\n|turn|69\n|\n|t:|1701118780\n|cant|p1a: Manaphy|slp\n|move|p2a: Clodsire|Recover|p2a: Clodsire\n|-heal|p2a: Clodsire|59\/100\n|\n|-heal|p2a: Clodsire|65\/100|[from] item: Leftovers\n|upkeep\n|turn|70\n|\n|t:|1701118799\n|-curestatus|p1a: Manaphy|slp|[msg]\n|move|p1a: Manaphy|Ice Beam|p2a: Clodsire\n|-supereffective|p2a: Clodsire\n|-damage|p2a: Clodsire|0 fnt\n|faint|p2a: Clodsire\n|\n|upkeep\n|\n|t:|1701118807\n|switch|p2a: Blissey|Blissey, F|42\/100\n|turn|71\n|\n|t:|1701118811\n|move|p1a: Manaphy|Scald|p2a: Blissey\n|-damage|p2a: Blissey|11\/100\n|move|p2a: Blissey|Thunder Wave|p1a: Manaphy\n|-status|p1a: Manaphy|par\n|\n|upkeep\n|turn|72\n|\n|t:|1701118817\n|move|p1a: Manaphy|Scald|p2a: Blissey\n|-damage|p2a: Blissey|0 fnt\n|faint|p2a: Blissey\n|\n|upkeep\n|\n|t:|1701118822\n|switch|p2a: Dondozo|Dondozo, M, tera:Fairy|48\/100\n|-damage|p2a: Dondozo|36\/100|[from] Stealth Rock\n|turn|73\n|\n|t:|1701118827\n|move|p1a: Manaphy|Ice Beam|p2a: Dondozo\n|-damage|p2a: Dondozo|16\/100\n|move|p2a: Dondozo|Rest|p2a: Dondozo\n|-status|p2a: Dondozo|slp|[from] move: Rest\n|-heal|p2a: Dondozo|100\/100 slp|[silent]\n|\n|upkeep\n|turn|74\n|\n|t:|1701118834\n|move|p1a: Manaphy|Scald|p2a: Dondozo\n|-damage|p2a: Dondozo|73\/100 slp\n|cant|p2a: Dondozo|slp\n|\n|upkeep\n|turn|75\n|\n|t:|1701118848\n|move|p1a: Manaphy|Scald|p2a: Dondozo\n|-damage|p2a: Dondozo|46\/100 slp\n|cant|p2a: Dondozo|slp\n|\n|upkeep\n|turn|76\n|\n|t:|1701118856\n|move|p1a: Manaphy|Scald|p2a: Dondozo\n|-damage|p2a: Dondozo|22\/100 slp\n|-curestatus|p2a: Dondozo|slp|[msg]\n|move|p2a: Dondozo|Earthquake|p1a: Manaphy\n|-damage|p1a: Manaphy|82\/100 par\n|\n|-heal|p1a: Manaphy|88\/100 par|[from] item: Leftovers\n|upkeep\n|turn|77\n|-message|satanicdoggo999 forfeited.\n|\n|win|PurpleBuddyGuy\n|raw|PurpleBuddyGuy's rating: 1011 &rarr; <strong>1060<\/strong><br \/>(+49 for winning)\n|raw|satanicdoggo999's rating: 1113 &rarr; <strong>1081<\/strong><br \/>(-32 for losing)\n|l|\u2606satanicdoggo999\n","uploadtime":1701118876,"views":4,"p1id":"purplebuddyguy","p2id":"satanicdoggo999","formatid":"gen9ou","rating":1060,"private":0,"password":""}