{"id":"gen9ou-1993541214","p1":"Yumalegoat","p2":"Diatere","format":"[Gen 9] OU","log":"|j|\u2606Yumalegoat\n|j|\u2606Diatere\n|t:|1700329730\n|gametype|singles\n|player|p1|Yumalegoat|266|1309\n|player|p2|Diatere|mina|1409\n|teamsize|p1|6\n|teamsize|p2|6\n|gen|9\n|tier|[Gen 9] OU\n|rated|\n|rule|Sleep Clause Mod: Limit one foe put to sleep\n|rule|Species Clause: Limit one of each Pok\u00e9mon\n|rule|OHKO Clause: OHKO moves are banned\n|rule|Evasion Items Clause: Evasion items are banned\n|rule|Evasion Moves Clause: Evasion moves are banned\n|rule|Endless Battle Clause: Forcing endless battles is banned\n|rule|HP Percentage Mod: HP is shown in percentages\n|clearpoke\n|poke|p1|Cresselia, F|\n|poke|p1|Hatterene, F|\n|poke|p1|Ursaluna, M|\n|poke|p1|Kingambit, M|\n|poke|p1|Dondozo, M|\n|poke|p1|Enamorus-Therian, F|\n|poke|p2|Ninetales-Alola, M|\n|poke|p2|Sneasler, M|\n|poke|p2|Hatterene, F|\n|poke|p2|Manaphy|\n|poke|p2|Ogerpon-Cornerstone, F|\n|poke|p2|Rillaboom, M|\n|teampreview\n|inactive|Battle timer is ON: inactive players will automatically lose when time's up. (requested by Yumalegoat)\n|\n|t:|1700329738\n|start\n|switch|p1a: Hatterene|Hatterene, F|100\/100\n|switch|p2a: Tavros|Ninetales-Alola, M|100\/100\n|-weather|Snow|[from] ability: Snow Warning|[of] p2a: Tavros\n|turn|1\n|\n|t:|1700329745\n|move|p2a: Tavros|Aurora Veil|p2a: Tavros\n|-sidestart|p2: Diatere|move: Aurora Veil\n|move|p1a: Hatterene|Trick Room|p1a: Hatterene\n|-fieldstart|move: Trick Room|[of] p1a: Hatterene\n|\n|-weather|Snow|[upkeep]\n|upkeep\n|turn|2\n|\n|t:|1700329763\n|switch|p1a: Ursaluna|Ursaluna, M|100\/100\n|switch|p2a: Gamzee|Rillaboom, M|100\/100\n|-fieldstart|move: Grassy Terrain|[from] ability: Grassy Surge|[of] p2a: Gamzee\n|\n|-weather|Snow|[upkeep]\n|-status|p1a: Ursaluna|brn|[from] item: Flame Orb\n|upkeep\n|turn|3\n|\n|t:|1700329779\n|-terastallize|p1a: Ursaluna|Normal\n|move|p2a: Gamzee|Grassy Glide|p1a: Ursaluna\n|-damage|p1a: Ursaluna|60\/100 brn\n|move|p1a: Ursaluna|Facade|p2a: Gamzee\n|-damage|p2a: Gamzee|5\/100\n|\n|-weather|Snow|[upkeep]\n|-heal|p1a: Ursaluna|66\/100 brn|[from] Grassy Terrain\n|-heal|p2a: Gamzee|11\/100|[from] Grassy Terrain\n|-damage|p1a: Ursaluna|60\/100 brn|[from] brn\n|upkeep\n|turn|4\n|\n|t:|1700329791\n|move|p2a: Gamzee|Grassy Glide|p1a: Ursaluna\n|-damage|p1a: Ursaluna|24\/100 brn\n|move|p1a: Ursaluna|Facade|p2a: Gamzee\n|-damage|p2a: Gamzee|0 fnt\n|faint|p2a: Gamzee\n|\n|-weather|Snow|[upkeep]\n|-heal|p1a: Ursaluna|30\/100 brn|[from] Grassy Terrain\n|-damage|p1a: Ursaluna|24\/100 brn|[from] brn\n|upkeep\n|\n|t:|1700329796\n|switch|p2a: Karkat|Sneasler, M|100\/100\n|-enditem|p2a: Karkat|Grassy Seed\n|-boost|p2a: Karkat|def|1|[from] item: Grassy Seed\n|turn|5\n|\n|t:|1700329808\n|-terastallize|p2a: Karkat|Flying\n|move|p1a: Ursaluna|Headlong Rush|p2a: Karkat\n|-immune|p2a: Karkat\n|move|p2a: Karkat|Acrobatics|p1a: Ursaluna\n|-damage|p1a: Ursaluna|0 fnt\n|faint|p1a: Ursaluna\n|\n|-weather|none\n|-fieldend|move: Trick Room\n|upkeep\n|\n|t:|1700329818\n|switch|p1a: Hatterene|Hatterene, F|100\/100\n|turn|6\n|\n|t:|1700329821\n|move|p2a: Karkat|Swords Dance|p2a: Karkat\n|-boost|p2a: Karkat|atk|2\n|move|p1a: Hatterene|Trick Room|p1a: Hatterene\n|-fieldstart|move: Trick Room|[of] p1a: Hatterene\n|\n|-fieldend|move: Grassy Terrain\n|upkeep\n|turn|7\n|\n|t:|1700329831\n|move|p1a: Hatterene|Healing Wish|p1a: Hatterene\n|faint|p1a: Hatterene\n|move|p2a: Karkat|Dire Claw|p1: Hatterene|[notarget]\n|-fail|p2a: Karkat\n|\n|upkeep\n|\n|t:|1700329835\n|switch|p1a: Enamorus|Enamorus-Therian, F|100\/100\n|turn|8\n|\n|t:|1700329839\n|move|p1a: Enamorus|Moonblast|p2a: Karkat\n|-damage|p2a: Karkat|43\/100\n|-unboost|p2a: Karkat|spa|1\n|move|p2a: Karkat|Dire Claw|p1a: Enamorus\n|-supereffective|p1a: Enamorus\n|-damage|p1a: Enamorus|0 fnt\n|faint|p1a: Enamorus\n|\n|-sideend|p2: Diatere|move: Aurora Veil\n|upkeep\n|\n|t:|1700329848\n|switch|p1a: Kingambit|Kingambit, M|100\/100\n|-activate|p1a: Kingambit|ability: Supreme Overlord\n|-start|p1a: Kingambit|fallen3|[silent]\n|turn|9\n|\n|t:|1700329855\n|move|p1a: Kingambit|Kowtow Cleave|p2a: Karkat\n|-damage|p2a: Karkat|0 fnt\n|faint|p2a: Karkat\n|\n|upkeep\n|\n|t:|1700329859\n|switch|p2a: Tavros|Ninetales-Alola, M|100\/100\n|-weather|Snow|[from] ability: Snow Warning|[of] p2a: Tavros\n|turn|10\n|\n|t:|1700329868\n|switch|p2a: Terezi|Manaphy|100\/100\n|move|p1a: Kingambit|Swords Dance|p1a: Kingambit\n|-boost|p1a: Kingambit|atk|2\n|\n|-weather|Snow|[upkeep]\n|-fieldend|move: Trick Room\n|upkeep\n|turn|11\n|\n|t:|1700329877\n|move|p2a: Terezi|Scald|p1a: Kingambit\n|-damage|p1a: Kingambit|63\/100\n|move|p1a: Kingambit|Kowtow Cleave|p2a: Terezi\n|-damage|p2a: Terezi|0 fnt\n|faint|p2a: Terezi\n|\n|-weather|Snow|[upkeep]\n|upkeep\n|\n|t:|1700329884\n|switch|p2a: Tavros|Ninetales-Alola, M|100\/100\n|turn|12\n|\n|t:|1700329889\n|move|p2a: Tavros|Aurora Veil|p2a: Tavros\n|-sidestart|p2: Diatere|move: Aurora Veil\n|move|p1a: Kingambit|Low Kick|p2a: Tavros\n|-damage|p2a: Tavros|82\/100\n|\n|-weather|Snow|[upkeep]\n|upkeep\n|turn|13\n|\n|t:|1700329895\n|-end|p1a: Kingambit|fallen3|[silent]\n|switch|p1a: Cresselia|Cresselia, F|100\/100\n|move|p2a: Tavros|Moonblast|p1a: Cresselia\n|-damage|p1a: Cresselia|87\/100\n|\n|-weather|Snow|[upkeep]\n|-heal|p1a: Cresselia|93\/100|[from] item: Leftovers\n|upkeep\n|turn|14\n|\n|t:|1700329906\n|switch|p2a: Kanaya|Hatterene, F|100\/100\n|move|p1a: Cresselia|Trick Room|p1a: Cresselia\n|-fieldstart|move: Trick Room|[of] p1a: Cresselia\n|\n|-weather|none\n|-heal|p1a: Cresselia|99\/100|[from] item: Leftovers\n|upkeep\n|turn|15\n|\n|t:|1700329913\n|switch|p1a: Dondozo|Dondozo, M|100\/100\n|move|p2a: Kanaya|Calm Mind|p2a: Kanaya\n|-boost|p2a: Kanaya|spa|1\n|-boost|p2a: Kanaya|spd|1\n|\n|upkeep\n|turn|16\n|\n|t:|1700329921\n|move|p1a: Dondozo|Substitute|p1a: Dondozo\n|-start|p1a: Dondozo|Substitute\n|-damage|p1a: Dondozo|75\/100\n|move|p2a: Kanaya|Draining Kiss|p1a: Dondozo\n|-activate|p1a: Dondozo|move: Substitute|[damage]\n|\n|-heal|p1a: Dondozo|82\/100|[from] item: Leftovers\n|upkeep\n|turn|17\n|\n|t:|1700329931\n|switch|p2a: Tavros|Ninetales-Alola, M|82\/100\n|-weather|Snow|[from] ability: Snow Warning|[of] p2a: Tavros\n|move|p1a: Dondozo|Curse|p1a: Dondozo\n|-unboost|p1a: Dondozo|spe|1\n|-boost|p1a: Dondozo|atk|1\n|-boost|p1a: Dondozo|def|1\n|\n|-weather|Snow|[upkeep]\n|-heal|p1a: Dondozo|88\/100|[from] item: Leftovers\n|upkeep\n|turn|18\n|\n|t:|1700329948\n|move|p1a: Dondozo|Liquidation|p2a: Tavros\n|-damage|p2a: Tavros|63\/100\n|-unboost|p2a: Tavros|def|1\n|move|p2a: Tavros|Freeze-Dry|p1a: Dondozo\n|-supereffective|p1a: Dondozo\n|-end|p1a: Dondozo|Substitute\n|\n|-weather|Snow|[upkeep]\n|-heal|p1a: Dondozo|94\/100|[from] item: Leftovers\n|-fieldend|move: Trick Room\n|upkeep\n|turn|19\n|\n|t:|1700329963\n|switch|p1a: Cresselia|Cresselia, F|99\/100\n|-heal|p1a: Cresselia|100\/100|[from] move: Healing Wish\n|move|p2a: Tavros|Freeze-Dry|p1a: Cresselia\n|-damage|p1a: Cresselia|90\/100\n|\n|-weather|Snow|[upkeep]\n|-heal|p1a: Cresselia|96\/100|[from] item: Leftovers\n|-sideend|p2: Diatere|move: Aurora Veil\n|upkeep\n|turn|20\n|\n|t:|1700329972\n|move|p2a: Tavros|Aurora Veil|p2a: Tavros\n|-sidestart|p2: Diatere|move: Aurora Veil\n|move|p1a: Cresselia|Trick Room|p1a: Cresselia\n|-fieldstart|move: Trick Room|[of] p1a: Cresselia\n|\n|-weather|Snow|[upkeep]\n|-heal|p1a: Cresselia|100\/100|[from] item: Leftovers\n|upkeep\n|turn|21\n|\n|t:|1700329978\n|switch|p1a: Kingambit|Kingambit, M|63\/100\n|-activate|p1a: Kingambit|ability: Supreme Overlord\n|-start|p1a: Kingambit|fallen3|[silent]\n|move|p2a: Tavros|Freeze-Dry|p1a: Kingambit\n|-resisted|p1a: Kingambit\n|-damage|p1a: Kingambit|54\/100\n|\n|-weather|none\n|upkeep\n|turn|22\n|\n|t:|1700329988\n|move|p1a: Kingambit|Kowtow Cleave|p2a: Tavros\n|-resisted|p2a: Tavros\n|-damage|p2a: Tavros|24\/100\n|move|p2a: Tavros|Moonblast|p1a: Kingambit\n|-damage|p1a: Kingambit|27\/100\n|-unboost|p1a: Kingambit|spa|1\n|\n|upkeep\n|turn|23\n|\n|t:|1700330010\n|switch|p2a: Kanaya|Hatterene, F|100\/100\n|move|p1a: Kingambit|Kowtow Cleave|p2a: Kanaya\n|-damage|p2a: Kanaya|66\/100\n|\n|upkeep\n|turn|24\n|\n|t:|1700330021\n|move|p1a: Kingambit|Kowtow Cleave|p2a: Kanaya\n|-damage|p2a: Kanaya|35\/100\n|move|p2a: Kanaya|Calm Mind|p2a: Kanaya\n|-boost|p2a: Kanaya|spa|1\n|-boost|p2a: Kanaya|spd|1\n|\n|-fieldend|move: Trick Room\n|upkeep\n|turn|25\n|\n|t:|1700330039\n|-end|p1a: Kingambit|fallen3|[silent]\n|switch|p1a: Dondozo|Dondozo, M|94\/100\n|move|p2a: Kanaya|Draining Kiss|p1a: Dondozo\n|-damage|p1a: Dondozo|79\/100\n|-heal|p2a: Kanaya|52\/100|[from] drain|[of] p1a: Dondozo\n|\n|-heal|p1a: Dondozo|86\/100|[from] item: Leftovers\n|upkeep\n|turn|26\n|\n|t:|1700330048\n|switch|p2a: Tavros|Ninetales-Alola, M|24\/100\n|-weather|Snow|[from] ability: Snow Warning|[of] p2a: Tavros\n|move|p1a: Dondozo|Substitute|p1a: Dondozo\n|-start|p1a: Dondozo|Substitute\n|-damage|p1a: Dondozo|61\/100\n|\n|-weather|Snow|[upkeep]\n|-heal|p1a: Dondozo|67\/100|[from] item: Leftovers\n|upkeep\n|turn|27\n|\n|t:|1700330058\n|move|p2a: Tavros|Freeze-Dry|p1a: Dondozo\n|-supereffective|p1a: Dondozo\n|-end|p1a: Dondozo|Substitute\n|move|p1a: Dondozo|Liquidation|p2a: Tavros\n|-damage|p2a: Tavros|11\/100\n|\n|-weather|Snow|[upkeep]\n|-heal|p1a: Dondozo|73\/100|[from] item: Leftovers\n|-sideend|p2: Diatere|move: Aurora Veil\n|upkeep\n|turn|28\n|\n|t:|1700330068\n|switch|p2a: Vriska|Ogerpon-Cornerstone, F|100\/100\n|switch|p1a: Cresselia|Cresselia, F|100\/100\n|\n|-weather|Snow|[upkeep]\n|upkeep\n|turn|29\n|\n|t:|1700330076\n|move|p2a: Vriska|Ivy Cudgel|p1a: Cresselia|[anim] Ivy Cudgel Rock\n|-damage|p1a: Cresselia|58\/100\n|move|p1a: Cresselia|Trick Room|p1a: Cresselia\n|-fieldstart|move: Trick Room|[of] p1a: Cresselia\n|\n|-weather|Snow|[upkeep]\n|-heal|p1a: Cresselia|64\/100|[from] item: Leftovers\n|upkeep\n|turn|30\n|\n|t:|1700330086\n|move|p1a: Cresselia|Lunar Dance|p1a: Cresselia\n|faint|p1a: Cresselia\n|move|p2a: Vriska|Swords Dance|p2a: Vriska\n|-boost|p2a: Vriska|atk|2\n|\n|-weather|none\n|upkeep\n|\n|t:|1700330102\n|switch|p1a: Kingambit|Kingambit, M|27\/100\n|-heal|p1a: Kingambit|100\/100|[from] move: Lunar Dance\n|-activate|p1a: Kingambit|ability: Supreme Overlord\n|-start|p1a: Kingambit|fallen4|[silent]\n|turn|31\n|\n|t:|1700330110\n|move|p1a: Kingambit|Swords Dance|p1a: Kingambit\n|-boost|p1a: Kingambit|atk|2\n|move|p2a: Vriska|Low Kick|p1a: Kingambit\n|-supereffective|p1a: Kingambit\n|-damage|p1a: Kingambit|0 fnt\n|faint|p1a: Kingambit\n|-end|p1a: Kingambit|fallen4|[silent]\n|\n|upkeep\n|\n|t:|1700330116\n|switch|p1a: Dondozo|Dondozo, M|73\/100\n|turn|32\n|\n|t:|1700330131\n|move|p1a: Dondozo|Curse|p1a: Dondozo\n|-unboost|p1a: Dondozo|spe|1\n|-boost|p1a: Dondozo|atk|1\n|-boost|p1a: Dondozo|def|1\n|move|p2a: Vriska|Power Whip|p1a: Dondozo\n|-supereffective|p1a: Dondozo\n|-damage|p1a: Dondozo|13\/100\n|\n|-heal|p1a: Dondozo|19\/100|[from] item: Leftovers\n|upkeep\n|turn|33\n|\n|t:|1700330139\n|move|p1a: Dondozo|Liquidation|p2a: Vriska\n|-damage|p2a: Vriska|42\/100\n|-unboost|p2a: Vriska|def|1\n|move|p2a: Vriska|Ivy Cudgel|p1a: Dondozo|[anim] Ivy Cudgel Rock\n|-damage|p1a: Dondozo|0 fnt\n|faint|p1a: Dondozo\n|\n|win|Diatere\n|raw|Yumalegoat's rating: 1309 &rarr; <strong>1295<\/strong><br \/>(-14 for losing)\n|raw|Diatere's rating: 1409 &rarr; <strong>1423<\/strong><br \/>(+14 for winning)\n|c|\u2606Diatere|gg\n","uploadtime":1700330147,"views":8,"p1id":"yumalegoat","p2id":"diatere","formatid":"gen9ou","rating":1295,"private":0,"password":""}