{"id":"gen9ou-1994573650","p1":"paradox 420","p2":"ceruledge999","format":"[Gen 9] OU","log":"|j|\u2606paradox 420\n|j|\u2606ceruledge999\n|t:|1700462299\n|gametype|singles\n|player|p1|paradox 420|preschooler|1349\n|player|p2|ceruledge999|169|1365\n|teamsize|p1|6\n|teamsize|p2|6\n|gen|9\n|tier|[Gen 9] OU\n|rated|\n|rule|Sleep Clause Mod: Limit one foe put to sleep\n|rule|Species Clause: Limit one of each Pok\u00e9mon\n|rule|OHKO Clause: OHKO moves are banned\n|rule|Evasion Items Clause: Evasion items are banned\n|rule|Evasion Moves Clause: Evasion moves are banned\n|rule|Endless Battle Clause: Forcing endless battles is banned\n|rule|HP Percentage Mod: HP is shown in percentages\n|clearpoke\n|poke|p1|Iron Moth|\n|poke|p1|Iron Valiant|\n|poke|p1|Kingambit, M|\n|poke|p1|Great Tusk|\n|poke|p1|Samurott-Hisui, F|\n|poke|p1|Enamorus, F|\n|poke|p2|Dragonite, M|\n|poke|p2|Azelf|\n|poke|p2|Torkoal, M|\n|poke|p2|Chandelure, F|\n|poke|p2|Walking Wake|\n|poke|p2|Iron Treads|\n|teampreview\n|\n|t:|1700462350\n|start\n|switch|p1a: Iron Moth|Iron Moth|100\/100\n|switch|p2a: Shelly|Torkoal, M, shiny|100\/100\n|-weather|SunnyDay|[from] ability: Drought|[of] p2a: Shelly\n|-enditem|p1a: Iron Moth|Booster Energy\n|-activate|p1a: Iron Moth|ability: Quark Drive|[fromitem]\n|-start|p1a: Iron Moth|quarkdrivespe\n|turn|1\n|\n|t:|1700462366\n|move|p1a: Iron Moth|Substitute|p1a: Iron Moth\n|-start|p1a: Iron Moth|Substitute\n|-damage|p1a: Iron Moth|76\/100\n|move|p2a: Shelly|Yawn||[still]\n|-fail|p2a: Shelly\n|\n|-weather|SunnyDay|[upkeep]\n|upkeep\n|turn|2\n|\n|t:|1700462375\n|move|p1a: Iron Moth|Fiery Dance|p2a: Shelly\n|-resisted|p2a: Shelly\n|-damage|p2a: Shelly|71\/100\n|move|p2a: Shelly|Earth Power|p1a: Iron Moth\n|-supereffective|p1a: Iron Moth\n|-end|p1a: Iron Moth|Substitute\n|\n|-weather|SunnyDay|[upkeep]\n|upkeep\n|turn|3\n|\n|t:|1700462390\n|-end|p1a: Iron Moth|Quark Drive|[silent]\n|switch|p1a: Enamorus|Enamorus, F|100\/100\n|move|p2a: Shelly|Earth Power|p1a: Enamorus\n|-immune|p1a: Enamorus\n|\n|-weather|SunnyDay|[upkeep]\n|upkeep\n|turn|4\n|\n|t:|1700462397\n|switch|p2a: Ancient One|Azelf, shiny|100\/100\n|move|p1a: Enamorus|Earth Power|p2a: Ancient One\n|-immune|p2a: Ancient One|[from] ability: Levitate\n|\n|-weather|SunnyDay|[upkeep]\n|upkeep\n|turn|5\n|\n|t:|1700462409\n|move|p2a: Ancient One|Encore|p1a: Enamorus\n|-start|p1a: Enamorus|Encore\n|move|p1a: Enamorus|Earth Power|p2a: Ancient One\n|-immune|p2a: Ancient One|[from] ability: Levitate\n|\n|-weather|none\n|upkeep\n|turn|6\n|\n|t:|1700462420\n|switch|p1a: Samurott|Samurott-Hisui, F|100\/100\n|move|p2a: Ancient One|U-turn|p1a: Samurott\n|-supereffective|p1a: Samurott\n|-damage|p1a: Samurott|41\/100\n|\n|t:|1700462440\n|switch|p2a: Shelly|Torkoal, M, shiny|71\/100|[from] U-turn\n|-weather|SunnyDay|[from] ability: Drought|[of] p2a: Shelly\n|\n|-weather|SunnyDay|[upkeep]\n|upkeep\n|turn|7\n|\n|t:|1700462453\n|move|p1a: Samurott|Ceaseless Edge|p2a: Shelly\n|-damage|p2a: Shelly|41\/100\n|-sidestart|p2: ceruledge999|Spikes\n|move|p2a: Shelly|Yawn|p1a: Samurott\n|-start|p1a: Samurott|move: Yawn|[of] p2a: Shelly\n|\n|-weather|SunnyDay|[upkeep]\n|upkeep\n|turn|8\n|\n|t:|1700462464\n|-terastallize|p1a: Samurott|Ghost\n|move|p1a: Samurott|Ceaseless Edge|p2a: Shelly\n|-damage|p2a: Shelly|7\/100\n|-sidestart|p2: ceruledge999|Spikes\n|move|p2a: Shelly|Rapid Spin|p1a: Samurott\n|-immune|p1a: Samurott\n|\n|-weather|SunnyDay|[upkeep]\n|-end|p1a: Samurott|move: Yawn|[silent]\n|-status|p1a: Samurott|slp\n|upkeep\n|turn|9\n|\n|t:|1700462473\n|cant|p1a: Samurott|slp\n|move|p2a: Shelly|Earth Power|p1a: Samurott\n|-damage|p1a: Samurott|11\/100 slp\n|\n|-weather|SunnyDay|[upkeep]\n|upkeep\n|turn|10\n|\n|t:|1700462479\n|cant|p1a: Samurott|slp\n|move|p2a: Shelly|Earth Power|p1a: Samurott\n|-damage|p1a: Samurott|0 fnt\n|faint|p1a: Samurott\n|\n|-weather|none\n|upkeep\n|\n|t:|1700462486\n|switch|p1a: Iron Moth|Iron Moth|76\/100\n|turn|11\n|\n|t:|1700462490\n|switch|p2a: Chandelier|Chandelure, F, shiny|100\/100\n|-damage|p2a: Chandelier|84\/100|[from] Spikes\n|move|p1a: Iron Moth|Fiery Dance|p2a: Chandelier\n|-start|p2a: Chandelier|ability: Flash Fire\n|\n|upkeep\n|turn|12\n|\n|t:|1700462495\n|move|p2a: Chandelier|Psychic|p1a: Iron Moth\n|-supereffective|p1a: Iron Moth\n|-damage|p1a: Iron Moth|1\/100\n|move|p1a: Iron Moth|Substitute|p1a: Iron Moth\n|-fail|p1a: Iron Moth|move: Substitute|[weak]\n|\n|upkeep\n|turn|13\n|\n|t:|1700462500\n|-end|p2a: Chandelier|ability: Flash Fire|[silent]\n|switch|p2a: Ancient One|Azelf, shiny|100\/100\n|move|p1a: Iron Moth|Fiery Dance|p2a: Ancient One\n|-damage|p2a: Ancient One|32\/100\n|-boost|p1a: Iron Moth|spa|1\n|\n|upkeep\n|turn|14\n|\n|t:|1700462506\n|move|p2a: Ancient One|U-turn|p1a: Iron Moth\n|-resisted|p1a: Iron Moth\n|-damage|p1a: Iron Moth|0 fnt\n|faint|p1a: Iron Moth\n|-end|p1a: Iron Moth|Quark Drive|[silent]\n|\n|t:|1700462509\n|switch|p2a: Threads|Iron Treads|100\/100|[from] U-turn\n|-damage|p2a: Threads|84\/100|[from] Spikes\n|\n|-heal|p2a: Threads|90\/100|[from] item: Leftovers\n|upkeep\n|\n|t:|1700462524\n|switch|p1a: Iron Valiant|Iron Valiant|100\/100\n|-enditem|p1a: Iron Valiant|Booster Energy\n|-activate|p1a: Iron Valiant|ability: Quark Drive|[fromitem]\n|-start|p1a: Iron Valiant|quarkdrivespe\n|turn|15\n|\n|t:|1700462532\n|move|p1a: Iron Valiant|Close Combat|p2a: Threads\n|-supereffective|p2a: Threads\n|-crit|p2a: Threads\n|-damage|p2a: Threads|0 fnt\n|-unboost|p1a: Iron Valiant|def|1\n|-unboost|p1a: Iron Valiant|spd|1\n|faint|p2a: Threads\n|-end|p2a: Threads|Quark Drive|[silent]\n|\n|upkeep\n|\n|t:|1700462554\n|switch|p2a: MVP|Dragonite, M, shiny|100\/100\n|turn|16\n|\n|t:|1700462566\n|move|p1a: Iron Valiant|Knock Off|p2a: MVP\n|-damage|p2a: MVP|82\/100\n|-enditem|p2a: MVP|Weakness Policy|[from] move: Knock Off|[of] p1a: Iron Valiant\n|move|p2a: MVP|Dragon Dance|p2a: MVP\n|-boost|p2a: MVP|atk|1\n|-boost|p2a: MVP|spe|1\n|\n|upkeep\n|turn|17\n|\n|t:|1700462579\n|-end|p1a: Iron Valiant|Quark Drive|[silent]\n|switch|p1a: Great Tusk|Great Tusk|100\/100\n|-enditem|p1a: Great Tusk|Booster Energy\n|-activate|p1a: Great Tusk|ability: Protosynthesis|[fromitem]\n|-start|p1a: Great Tusk|protosynthesisspe\n|-terastallize|p2a: MVP|Normal\n|move|p2a: MVP|Extreme Speed|p1a: Great Tusk\n|-damage|p1a: Great Tusk|58\/100\n|\n|upkeep\n|turn|18\n|\n|t:|1700462592\n|move|p2a: MVP|Extreme Speed|p1a: Great Tusk\n|-damage|p1a: Great Tusk|15\/100\n|move|p1a: Great Tusk|Headlong Rush|p2a: MVP\n|-damage|p2a: MVP|28\/100\n|-unboost|p1a: Great Tusk|def|1\n|-unboost|p1a: Great Tusk|spd|1\n|\n|upkeep\n|turn|19\n|\n|t:|1700462598\n|move|p2a: MVP|Extreme Speed|p1a: Great Tusk\n|-crit|p1a: Great Tusk\n|-damage|p1a: Great Tusk|0 fnt\n|faint|p1a: Great Tusk\n|-end|p1a: Great Tusk|Protosynthesis|[silent]\n|\n|upkeep\n|inactive|Battle timer is ON: inactive players will automatically lose when time's up. (requested by ceruledge999)\n|\n|t:|1700462631\n|switch|p1a: Iron Valiant|Iron Valiant|100\/100\n|turn|20\n|\n|t:|1700462639\n|move|p2a: MVP|Extreme Speed|p1a: Iron Valiant\n|-damage|p1a: Iron Valiant|17\/100\n|move|p1a: Iron Valiant|Close Combat|p2a: MVP\n|-supereffective|p2a: MVP\n|-damage|p2a: MVP|0 fnt\n|-unboost|p1a: Iron Valiant|def|1\n|-unboost|p1a: Iron Valiant|spd|1\n|faint|p2a: MVP\n|\n|upkeep\n|\n|t:|1700462651\n|switch|p2a: Chandelier|Chandelure, F, shiny|84\/100\n|-damage|p2a: Chandelier|68\/100|[from] Spikes\n|turn|21\n|\n|t:|1700462662\n|move|p2a: Chandelier|Flamethrower|p1a: Iron Valiant\n|-damage|p1a: Iron Valiant|0 fnt\n|faint|p1a: Iron Valiant\n|-end|p1a: Iron Valiant|Quark Drive|[silent]\n|\n|upkeep\n|\n|t:|1700462671\n|switch|p1a: Enamorus|Enamorus, F|100\/100\n|turn|22\n|\n|t:|1700462677\n|switch|p2a: Ancient One|Azelf, shiny|32\/100\n|move|p1a: Enamorus|Agility|p1a: Enamorus\n|-boost|p1a: Enamorus|spe|2\n|\n|upkeep\n|turn|23\n|\n|t:|1700462684\n|move|p1a: Enamorus|Moonblast|p2a: Ancient One\n|-damage|p2a: Ancient One|0 fnt\n|faint|p2a: Ancient One\n|\n|upkeep\n|\n|t:|1700462689\n|switch|p2a: Shelly|Torkoal, M, shiny|7\/100\n|-weather|SunnyDay|[from] ability: Drought|[of] p2a: Shelly\n|turn|24\n|\n|t:|1700462694\n|move|p1a: Enamorus|Moonblast|p2a: Shelly\n|-resisted|p2a: Shelly\n|-damage|p2a: Shelly|0 fnt\n|faint|p2a: Shelly\n|\n|-weather|SunnyDay|[upkeep]\n|upkeep\n|\n|t:|1700462696\n|switch|p2a: Christopher Walken|Walking Wake|100\/100\n|-damage|p2a: Christopher Walken|84\/100|[from] Spikes\n|-activate|p2a: Christopher Walken|ability: Protosynthesis\n|-start|p2a: Christopher Walken|protosynthesisspe\n|turn|25\n|\n|t:|1700462711\n|move|p1a: Enamorus|Calm Mind|p1a: Enamorus\n|-boost|p1a: Enamorus|spa|1\n|-boost|p1a: Enamorus|spd|1\n|move|p2a: Christopher Walken|Hydro Steam|p1a: Enamorus\n|-damage|p1a: Enamorus|33\/100\n|\n|-weather|SunnyDay|[upkeep]\n|-heal|p1a: Enamorus|39\/100|[from] item: Leftovers\n|upkeep\n|turn|26\n|\n|t:|1700462718\n|move|p1a: Enamorus|Moonblast|p2a: Christopher Walken\n|-supereffective|p2a: Christopher Walken\n|-damage|p2a: Christopher Walken|0 fnt\n|faint|p2a: Christopher Walken\n|-end|p2a: Christopher Walken|Protosynthesis|[silent]\n|\n|-weather|SunnyDay|[upkeep]\n|-heal|p1a: Enamorus|45\/100|[from] item: Leftovers\n|upkeep\n|\n|t:|1700462721\n|switch|p2a: Chandelier|Chandelure, F, shiny|68\/100\n|-damage|p2a: Chandelier|51\/100|[from] Spikes\n|turn|27\n|c|\u2606paradox 420|gg\n|c|\u2606ceruledge999|wow\n|c|\u2606ceruledge999|wp\n|c|\u2606ceruledge999|gg\n|\n|t:|1700462733\n|move|p1a: Enamorus|Earth Power|p2a: Chandelier\n|-supereffective|p2a: Chandelier\n|-damage|p2a: Chandelier|0 fnt\n|faint|p2a: Chandelier\n|\n|win|paradox 420\n|raw|paradox 420's rating: 1349 &rarr; <strong>1370<\/strong><br \/>(+21 for winning)\n|raw|ceruledge999's rating: 1365 &rarr; <strong>1344<\/strong><br \/>(-21 for losing)\n|c|\u2606paradox 420|thanks\n","uploadtime":1700462742,"views":25,"p1id":"paradox420","p2id":"ceruledge999","formatid":"gen9ou","rating":1344,"private":0,"password":""}