{"id":"gen9ou-1993484292","p1":"ademalawerr","p2":"8thjim","format":"[Gen 9] OU","log":"|j|\u2606ademalawerr\n|j|\u26068thjim\n|t:|1700323448\n|gametype|singles\n|player|p1|ademalawerr|fisherman|1613\n|player|p2|8thjim|raihan|1599\n|teamsize|p1|6\n|teamsize|p2|6\n|gen|9\n|tier|[Gen 9] OU\n|rated|\n|rule|Sleep Clause Mod: Limit one foe put to sleep\n|rule|Species Clause: Limit one of each Pok\u00e9mon\n|rule|OHKO Clause: OHKO moves are banned\n|rule|Evasion Items Clause: Evasion items are banned\n|rule|Evasion Moves Clause: Evasion moves are banned\n|rule|Endless Battle Clause: Forcing endless battles is banned\n|rule|HP Percentage Mod: HP is shown in percentages\n|clearpoke\n|poke|p1|Rillaboom, F|\n|poke|p1|Iron Valiant|\n|poke|p1|Maushold|\n|poke|p1|Heatran, M|\n|poke|p1|Great Tusk|\n|poke|p1|Sneasler, M|\n|poke|p2|Iron Valiant|\n|poke|p2|Lokix, F|\n|poke|p2|Ceruledge, M|\n|poke|p2|Ogerpon-Wellspring, F|\n|poke|p2|Arcanine-Hisui, M|\n|poke|p2|Corviknight, F|\n|teampreview\n|inactive|Battle timer is ON: inactive players will automatically lose when time's up. (requested by ademalawerr)\n|\n|t:|1700323465\n|start\n|switch|p1a: VIVALOSPRIDE|Rillaboom, F|100\/100\n|switch|p2a: Lokix|Lokix, F|100\/100\n|-fieldstart|move: Grassy Terrain|[from] ability: Grassy Surge|[of] p1a: VIVALOSPRIDE\n|turn|1\n|\n|t:|1700323472\n|switch|p1a: SAVOURAS|Heatran, M|100\/100\n|-item|p1a: SAVOURAS|Air Balloon\n|move|p2a: Lokix|Knock Off|p1a: SAVOURAS\n|-damage|p1a: SAVOURAS|55\/100\n|-enditem|p1a: SAVOURAS|Air Balloon\n|\n|-heal|p1a: SAVOURAS|61\/100|[from] Grassy Terrain\n|upkeep\n|turn|2\n|\n|t:|1700323477\n|move|p2a: Lokix|U-turn|p1a: SAVOURAS\n|-resisted|p1a: SAVOURAS\n|-crit|p1a: SAVOURAS\n|-damage|p1a: SAVOURAS|33\/100\n|\n|t:|1700323482\n|switch|p2a: Arcanine|Arcanine-Hisui, M|100\/100|[from] U-turn\n|move|p1a: SAVOURAS|Stealth Rock|p2a: Arcanine\n|-sidestart|p2: 8thjim|move: Stealth Rock\n|\n|-heal|p1a: SAVOURAS|39\/100|[from] Grassy Terrain\n|upkeep\n|turn|3\n|\n|t:|1700323490\n|move|p2a: Arcanine|Flare Blitz|p1a: SAVOURAS\n|-start|p1a: SAVOURAS|ability: Flash Fire\n|move|p1a: SAVOURAS|Earth Power|p2a: Arcanine\n|-supereffective|p2a: Arcanine\n|-damage|p2a: Arcanine|0 fnt\n|faint|p2a: Arcanine\n|\n|-heal|p1a: SAVOURAS|45\/100|[from] Grassy Terrain\n|upkeep\n|\n|t:|1700323493\n|switch|p2a: Ogerpon|Ogerpon-Wellspring, F|100\/100\n|-damage|p2a: Ogerpon|88\/100|[from] Stealth Rock\n|turn|4\n|c|\u26068thjim|Miss click but whatever\n|\n|t:|1700323514\n|-end|p1a: SAVOURAS|ability: Flash Fire|[silent]\n|switch|p1a: VIVALOSPRIDE|Rillaboom, F|100\/100\n|move|p2a: Ogerpon|Ivy Cudgel|p1a: VIVALOSPRIDE|[anim] Ivy Cudgel Water\n|-resisted|p1a: VIVALOSPRIDE\n|-damage|p1a: VIVALOSPRIDE|71\/100\n|\n|-heal|p2a: Ogerpon|94\/100|[from] Grassy Terrain\n|-heal|p1a: VIVALOSPRIDE|77\/100|[from] Grassy Terrain\n|upkeep\n|turn|5\n|\n|t:|1700323517\n|move|p2a: Ogerpon|U-turn|p1a: VIVALOSPRIDE\n|-supereffective|p1a: VIVALOSPRIDE\n|-damage|p1a: VIVALOSPRIDE|16\/100\n|\n|t:|1700323519\n|switch|p2a: Corviknight|Corviknight, F|100\/100|[from] U-turn\n|-damage|p2a: Corviknight|88\/100|[from] Stealth Rock\n|-ability|p2a: Corviknight|Pressure\n|move|p1a: VIVALOSPRIDE|U-turn|p2a: Corviknight\n|-resisted|p2a: Corviknight\n|-damage|p2a: Corviknight|84\/100\n|\n|t:|1700323524\n|switch|p1a: SAVOURAS|Heatran, M|45\/100|[from] U-turn\n|\n|-heal|p1a: SAVOURAS|52\/100|[from] Grassy Terrain\n|-heal|p2a: Corviknight|90\/100|[from] item: Leftovers\n|-fieldend|move: Grassy Terrain\n|upkeep\n|turn|6\n|\n|t:|1700323528\n|switch|p2a: X blade|Ceruledge, M, shiny|100\/100\n|move|p1a: SAVOURAS|Magma Storm|p2a: X blade\n|-start|p2a: X blade|ability: Flash Fire\n|\n|upkeep\n|turn|7\n|\n|t:|1700323537\n|-end|p2a: X blade|ability: Flash Fire|[silent]\n|switch|p2a: Ogerpon|Ogerpon-Wellspring, F|94\/100\n|-damage|p2a: Ogerpon|82\/100|[from] Stealth Rock\n|move|p1a: SAVOURAS|Magma Storm|p2a: Ogerpon\n|-damage|p2a: Ogerpon|16\/100\n|-activate|p2a: Ogerpon|move: Magma Storm|[of] p1a: SAVOURAS\n|\n|-damage|p2a: Ogerpon|3\/100|[from] move: Magma Storm|[partiallytrapped]\n|upkeep\n|turn|8\n|\n|t:|1700323549\n|switch|p1a: VIVALOSPRIDE|Rillaboom, F|16\/100\n|-fieldstart|move: Grassy Terrain|[from] ability: Grassy Surge|[of] p1a: VIVALOSPRIDE\n|move|p2a: Ogerpon|Ivy Cudgel|p1a: VIVALOSPRIDE|[anim] Ivy Cudgel Water\n|-resisted|p1a: VIVALOSPRIDE\n|-crit|p1a: VIVALOSPRIDE\n|-damage|p1a: VIVALOSPRIDE|0 fnt\n|faint|p1a: VIVALOSPRIDE\n|\n|-heal|p2a: Ogerpon|9\/100|[from] Grassy Terrain\n|-end|p2a: Ogerpon|Magma Storm|[partiallytrapped]|[silent]\n|upkeep\n|\n|t:|1700323555\n|switch|p1a: ISZA (2X SPEED)|Sneasler, M|100\/100\n|-enditem|p1a: ISZA (2X SPEED)|Grassy Seed\n|-boost|p1a: ISZA (2X SPEED)|def|1|[from] item: Grassy Seed\n|turn|9\n|\n|t:|1700323565\n|move|p1a: ISZA (2X SPEED)|Shadow Claw|p2a: Ogerpon\n|-damage|p2a: Ogerpon|0 fnt\n|faint|p2a: Ogerpon\n|\n|upkeep\n|\n|t:|1700323578\n|switch|p2a: Iron Valiant|Iron Valiant|100\/100\n|-damage|p2a: Iron Valiant|94\/100|[from] Stealth Rock\n|-enditem|p2a: Iron Valiant|Booster Energy\n|-activate|p2a: Iron Valiant|ability: Quark Drive|[fromitem]\n|-start|p2a: Iron Valiant|quarkdrivespe\n|turn|10\n|\n|t:|1700323583\n|-terastallize|p2a: Iron Valiant|Steel\n|move|p1a: ISZA (2X SPEED)|Close Combat|p2a: Iron Valiant\n|-supereffective|p2a: Iron Valiant\n|-damage|p2a: Iron Valiant|0 fnt\n|-unboost|p1a: ISZA (2X SPEED)|def|1\n|-unboost|p1a: ISZA (2X SPEED)|spd|1\n|faint|p2a: Iron Valiant\n|-end|p2a: Iron Valiant|Quark Drive|[silent]\n|\n|upkeep\n|\n|t:|1700323589\n|switch|p2a: Corviknight|Corviknight, F|90\/100\n|-damage|p2a: Corviknight|78\/100|[from] Stealth Rock\n|-ability|p2a: Corviknight|Pressure\n|turn|11\n|\n|t:|1700323611\n|switch|p1a: SAVOURAS|Heatran, M|52\/100\n|move|p2a: Corviknight|Brave Bird|p1a: SAVOURAS\n|-resisted|p1a: SAVOURAS\n|-crit|p1a: SAVOURAS\n|-damage|p1a: SAVOURAS|27\/100\n|-damage|p2a: Corviknight|71\/100|[from] Recoil\n|\n|-heal|p1a: SAVOURAS|33\/100|[from] Grassy Terrain\n|-heal|p2a: Corviknight|77\/100|[from] item: Leftovers\n|upkeep\n|turn|12\n|\n|t:|1700323615\n|switch|p2a: X blade|Ceruledge, M, shiny|100\/100\n|move|p1a: SAVOURAS|Magma Storm|p2a: X blade\n|-start|p2a: X blade|ability: Flash Fire\n|\n|-heal|p1a: SAVOURAS|40\/100|[from] Grassy Terrain\n|-fieldend|move: Grassy Terrain\n|upkeep\n|turn|13\n|\n|t:|1700323618\n|move|p2a: X blade|Poltergeist||[still]\n|-fail|p2a: X blade\n|move|p1a: SAVOURAS|Magma Storm|p2a: X blade\n|-immune|p2a: X blade|[from] ability: Flash Fire\n|\n|upkeep\n|turn|14\n|\n|t:|1700323629\n|-end|p2a: X blade|ability: Flash Fire|[silent]\n|switch|p2a: Corviknight|Corviknight, F|77\/100\n|-damage|p2a: Corviknight|65\/100|[from] Stealth Rock\n|-ability|p2a: Corviknight|Pressure\n|move|p1a: SAVOURAS|Earth Power|p2a: Corviknight\n|-immune|p2a: Corviknight\n|\n|-heal|p2a: Corviknight|71\/100|[from] item: Leftovers\n|upkeep\n|turn|15\n|\n|t:|1700323635\n|move|p1a: SAVOURAS|Magma Storm|p2a: Corviknight\n|-supereffective|p2a: Corviknight\n|-damage|p2a: Corviknight|0 fnt\n|faint|p2a: Corviknight\n|\n|upkeep\n|\n|t:|1700323640\n|switch|p2a: Lokix|Lokix, F|100\/100\n|-damage|p2a: Lokix|76\/100|[from] Stealth Rock\n|turn|16\n|\n|t:|1700323647\n|move|p2a: Lokix|U-turn|p1a: SAVOURAS\n|-resisted|p1a: SAVOURAS\n|-damage|p1a: SAVOURAS|21\/100\n|\n|t:|1700323649\n|switch|p2a: X blade|Ceruledge, M, shiny|100\/100|[from] U-turn\n|move|p1a: SAVOURAS|Magma Storm|p2a: X blade\n|-start|p2a: X blade|ability: Flash Fire\n|\n|upkeep\n|turn|17\n|\n|t:|1700323656\n|-end|p2a: X blade|ability: Flash Fire|[silent]\n|switch|p2a: Lokix|Lokix, F|76\/100\n|-damage|p2a: Lokix|51\/100|[from] Stealth Rock\n|move|p1a: SAVOURAS|Magma Storm|p2a: Lokix|[miss]\n|-miss|p1a: SAVOURAS|p2a: Lokix\n|\n|upkeep\n|turn|18\n|\n|t:|1700323662\n|move|p2a: Lokix|Knock Off|p1a: SAVOURAS\n|-damage|p1a: SAVOURAS|0 fnt\n|faint|p1a: SAVOURAS\n|\n|upkeep\n|\n|t:|1700323667\n|switch|p1a: ISZA (2X SPEED)|Sneasler, M|100\/100\n|turn|19\n|\n|t:|1700323678\n|move|p2a: Lokix|Sucker Punch|p1a: ISZA (2X SPEED)\n|-resisted|p1a: ISZA (2X SPEED)\n|-damage|p1a: ISZA (2X SPEED)|53\/100\n|move|p1a: ISZA (2X SPEED)|Dire Claw|p2a: Lokix\n|-damage|p2a: Lokix|0 fnt\n|faint|p2a: Lokix\n|\n|upkeep\n|\n|t:|1700323681\n|switch|p2a: X blade|Ceruledge, M, shiny|100\/100\n|turn|20\n|\n|t:|1700323686\n|move|p1a: ISZA (2X SPEED)|Dire Claw|p2a: X blade\n|-resisted|p2a: X blade\n|-damage|p2a: X blade|66\/100\n|move|p2a: X blade|Bitter Blade|p1a: ISZA (2X SPEED)\n|-damage|p1a: ISZA (2X SPEED)|0 fnt\n|-heal|p2a: X blade|94\/100|[from] drain|[of] p1a: ISZA (2X SPEED)\n|faint|p1a: ISZA (2X SPEED)\n|\n|upkeep\n|\n|t:|1700323698\n|switch|p1a: GREAT FREEZAI|Great Tusk|100\/100\n|-enditem|p1a: GREAT FREEZAI|Booster Energy\n|-activate|p1a: GREAT FREEZAI|ability: Protosynthesis|[fromitem]\n|-start|p1a: GREAT FREEZAI|protosynthesisspe\n|turn|21\n|c|\u2606ademalawerr|gg\n|\n|t:|1700323703\n|move|p1a: GREAT FREEZAI|Headlong Rush|p2a: X blade\n|-supereffective|p2a: X blade\n|-damage|p2a: X blade|0 fnt\n|-unboost|p1a: GREAT FREEZAI|def|1\n|-unboost|p1a: GREAT FREEZAI|spd|1\n|faint|p2a: X blade\n|\n|win|ademalawerr\n|raw|ademalawerr's rating: 1613 &rarr; <strong>1632<\/strong><br \/>(+19 for winning)\n|raw|8thjim's rating: 1599 &rarr; <strong>1580<\/strong><br \/>(-19 for losing)\n|l|\u26068thjim\n","uploadtime":1700323707,"views":9,"p1id":"ademalawerr","p2id":"8thjim","formatid":"gen9ou","rating":1580,"private":0,"password":""}