{"id":"gen9ou-1994095994","p1":"RiceCracuhh","p2":"senegal","format":"[Gen 9] OU","log":"|j|\u2606RiceCracuhh\n|j|\u2606senegal\n|inactive|Battle timer is ON: inactive players will automatically lose when time's up.\n|t:|1700406300\n|gametype|singles\n|player|p1|RiceCracuhh|plasmagruntf|\n|player|p2|senegal|101|\n|teamsize|p1|6\n|teamsize|p2|6\n|gen|9\n|tier|[Gen 9] OU\n|rated|Tournament battle\n|rule|Sleep Clause Mod: Limit one foe put to sleep\n|rule|Species Clause: Limit one of each Pok\u00e9mon\n|rule|OHKO Clause: OHKO moves are banned\n|rule|Evasion Items Clause: Evasion items are banned\n|rule|Evasion Moves Clause: Evasion moves are banned\n|rule|Endless Battle Clause: Forcing endless battles is banned\n|rule|HP Percentage Mod: HP is shown in percentages\n|clearpoke\n|poke|p1|Spiritomb, F|\n|poke|p1|Glastrier|\n|poke|p1|Flareon, M|\n|poke|p1|Golduck, M|\n|poke|p1|Braviary, M|\n|poke|p1|Magcargo, F|\n|poke|p2|Spiritomb, M|\n|poke|p2|Glastrier|\n|poke|p2|Flareon, M|\n|poke|p2|Golduck, M|\n|poke|p2|Braviary, M|\n|poke|p2|Magcargo, M|\n|teampreview\n|j|*Lady Monita \u2746\n|inactive|RiceCracuhh also wants the timer to be on.\n|c|\u2606RiceCracuhh|glhf\n|\n|t:|1700406312\n|start\n|switch|p1a: Magcargo|Magcargo, F|100\/100\n|switch|p2a: Flareon|Flareon, M|100\/100\n|turn|1\n|\n|t:|1700406328\n|switch|p2a: Glastrier|Glastrier|100\/100\n|move|p1a: Magcargo|Light Screen|p1a: Magcargo\n|-sidestart|p1: RiceCracuhh|move: Light Screen\n|\n|upkeep\n|turn|2\n|\n|t:|1700406332\n|move|p2a: Glastrier|High Horsepower|p1a: Magcargo\n|-supereffective|p1a: Magcargo\n|-damage|p1a: Magcargo|18\/100\n|move|p1a: Magcargo|Stealth Rock|p2a: Glastrier\n|-sidestart|p2: senegal|move: Stealth Rock\n|\n|-heal|p1a: Magcargo|24\/100|[from] item: Leftovers\n|upkeep\n|turn|3\n|\n|t:|1700406354\n|switch|p1a: Braviary|Braviary, M|100\/100\n|move|p2a: Glastrier|High Horsepower|p1a: Braviary\n|-immune|p1a: Braviary\n|\n|upkeep\n|turn|4\n|inactive|senegal has 120 seconds left.\n|\n|t:|1700406375\n|move|p1a: Braviary|Close Combat|p2a: Glastrier\n|-supereffective|p2a: Glastrier\n|-crit|p2a: Glastrier\n|-damage|p2a: Glastrier|39\/100\n|-unboost|p1a: Braviary|def|1\n|-unboost|p1a: Braviary|spd|1\n|move|p2a: Glastrier|Icicle Crash|p1a: Braviary\n|-supereffective|p1a: Braviary\n|-damage|p1a: Braviary|0 fnt\n|faint|p1a: Braviary\n|-ability|p2a: Glastrier|Chilling Neigh|boost\n|-boost|p2a: Glastrier|atk|1\n|\n|-heal|p2a: Glastrier|45\/100|[from] item: Leftovers\n|upkeep\n|\n|t:|1700406398\n|switch|p1a: Golduck|Golduck, M|100\/100\n|turn|5\n|\n|t:|1700406407\n|move|p1a: Golduck|Nasty Plot|p1a: Golduck\n|-boost|p1a: Golduck|spa|2\n|move|p2a: Glastrier|Rest|p2a: Glastrier\n|-status|p2a: Glastrier|slp|[from] move: Rest\n|-heal|p2a: Glastrier|100\/100 slp|[silent]\n|\n|-sideend|p1: RiceCracuhh|move: Light Screen\n|upkeep\n|turn|6\n|\n|t:|1700406415\n|move|p1a: Golduck|Hydro Pump|p2a: Glastrier\n|-damage|p2a: Glastrier|23\/100 slp\n|-damage|p1a: Golduck|91\/100|[from] item: Life Orb\n|cant|p2a: Glastrier|slp\n|move|p2a: Glastrier|Sleep Talk|p2a: Glastrier\n|move|p2a: Glastrier|Rest||[from]move: Sleep Talk|[still]\n|-fail|p2a: Glastrier\n|\n|-heal|p2a: Glastrier|29\/100 slp|[from] item: Leftovers\n|upkeep\n|turn|7\n|\n|t:|1700406427\n|move|p1a: Golduck|Ice Beam|p2a: Glastrier\n|-resisted|p2a: Glastrier\n|-damage|p2a: Glastrier|8\/100 slp\n|-damage|p1a: Golduck|81\/100|[from] item: Life Orb\n|cant|p2a: Glastrier|slp\n|move|p2a: Glastrier|Sleep Talk|p2a: Glastrier\n|move|p2a: Glastrier|Icicle Crash|p1a: Golduck|[from]move: Sleep Talk\n|-resisted|p1a: Golduck\n|-damage|p1a: Golduck|33\/100\n|\n|-heal|p2a: Glastrier|15\/100 slp|[from] item: Leftovers\n|upkeep\n|turn|8\n|\n|t:|1700406441\n|move|p1a: Golduck|Ice Beam|p2a: Glastrier\n|-resisted|p2a: Glastrier\n|-damage|p2a: Glastrier|0 fnt\n|faint|p2a: Glastrier\n|-damage|p1a: Golduck|23\/100|[from] item: Life Orb\n|\n|upkeep\n|inactive|senegal has 120 seconds left.\n|\n|t:|1700406495\n|switch|p2a: Golduck|Golduck, M|100\/100\n|-damage|p2a: Golduck|88\/100|[from] Stealth Rock\n|turn|9\n|\n|t:|1700406500\n|move|p1a: Golduck|Hydro Pump|p2a: Golduck|[miss]\n|-miss|p1a: Golduck|p2a: Golduck\n|move|p2a: Golduck|Knock Off|p1a: Golduck\n|-damage|p1a: Golduck|0 fnt\n|-enditem|p1a: Golduck|Life Orb|[from] move: Knock Off|[of] p2a: Golduck\n|faint|p1a: Golduck\n|\n|-heal|p2a: Golduck|94\/100|[from] item: Leftovers\n|upkeep\n|\n|t:|1700406521\n|switch|p1a: Spiritomb|Spiritomb, F|100\/100\n|-ability|p1a: Spiritomb|Pressure\n|turn|10\n|inactive|senegal has 120 seconds left.\n|\n|t:|1700406544\n|move|p2a: Golduck|Knock Off|p1a: Spiritomb\n|-damage|p1a: Spiritomb|82\/100\n|-enditem|p1a: Spiritomb|Leftovers|[from] move: Knock Off|[of] p2a: Golduck\n|move|p1a: Spiritomb|Poltergeist|p2a: Golduck\n|-activate|p2a: Golduck|move: Poltergeist|Leftovers\n|-damage|p2a: Golduck|41\/100\n|\n|-heal|p2a: Golduck|47\/100|[from] item: Leftovers\n|upkeep\n|turn|11\n|\n|t:|1700406561\n|move|p2a: Golduck|Encore|p1a: Spiritomb\n|-start|p1a: Spiritomb|Encore\n|move|p1a: Spiritomb|Poltergeist|p2a: Golduck\n|-activate|p2a: Golduck|move: Poltergeist|Leftovers\n|-damage|p2a: Golduck|0 fnt\n|faint|p2a: Golduck\n|\n|upkeep\n|\n|t:|1700406563\n|switch|p2a: Magcargo|Magcargo, M|100\/100\n|-damage|p2a: Magcargo|76\/100|[from] Stealth Rock\n|turn|12\n|\n|t:|1700406571\n|move|p2a: Magcargo|Shell Smash|p2a: Magcargo\n|-unboost|p2a: Magcargo|def|1\n|-unboost|p2a: Magcargo|spd|1\n|-boost|p2a: Magcargo|atk|2\n|-boost|p2a: Magcargo|spa|2\n|-boost|p2a: Magcargo|spe|2\n|-enditem|p2a: Magcargo|White Herb\n|-clearnegativeboost|p2a: Magcargo|[silent]\n|move|p1a: Spiritomb|Poltergeist||[still]\n|-fail|p1a: Spiritomb\n|\n|upkeep\n|turn|13\n|inactive|senegal has 120 seconds left.\n|\n|t:|1700406590\n|switch|p1a: Magcargo|Magcargo, F|24\/100\n|move|p2a: Magcargo|Shell Smash|p2a: Magcargo\n|-unboost|p2a: Magcargo|def|1\n|-unboost|p2a: Magcargo|spd|1\n|-boost|p2a: Magcargo|atk|2\n|-boost|p2a: Magcargo|spa|2\n|-boost|p2a: Magcargo|spe|2\n|\n|-heal|p1a: Magcargo|30\/100|[from] item: Leftovers\n|upkeep\n|turn|14\n|\n|t:|1700406596\n|move|p2a: Magcargo|Power Gem|p1a: Magcargo\n|-supereffective|p1a: Magcargo\n|-damage|p1a: Magcargo|0 fnt\n|faint|p1a: Magcargo\n|\n|upkeep\n|\n|t:|1700406600\n|switch|p1a: Glastrier|Glastrier|100\/100\n|turn|15\n|\n|t:|1700406605\n|-terastallize|p1a: Glastrier|Ground\n|move|p2a: Magcargo|Power Gem|p1a: Glastrier\n|-resisted|p1a: Glastrier\n|-damage|p1a: Glastrier|64\/100\n|move|p1a: Glastrier|Substitute|p1a: Glastrier\n|-start|p1a: Glastrier|Substitute\n|-damage|p1a: Glastrier|39\/100\n|\n|-heal|p1a: Glastrier|46\/100|[from] item: Leftovers\n|upkeep\n|turn|16\n|\n|t:|1700406612\n|-terastallize|p2a: Magcargo|Grass\n|move|p2a: Magcargo|Tera Blast|p1a: Glastrier|[anim] Tera Blast Grass\n|-supereffective|p1a: Glastrier\n|-end|p1a: Glastrier|Substitute\n|move|p1a: Glastrier|Stomping Tantrum|p2a: Magcargo\n|-resisted|p2a: Magcargo\n|-damage|p2a: Magcargo|37\/100\n|-ability|p2a: Magcargo|Weak Armor|boost\n|-unboost|p2a: Magcargo|def|1\n|-boost|p2a: Magcargo|spe|2\n|\n|-heal|p1a: Glastrier|52\/100|[from] item: Leftovers\n|upkeep\n|turn|17\n|\n|t:|1700406626\n|move|p2a: Magcargo|Tera Blast|p1a: Glastrier|[anim] Tera Blast Grass\n|-supereffective|p1a: Glastrier\n|-damage|p1a: Glastrier|0 fnt\n|faint|p1a: Glastrier\n|\n|upkeep\n|\n|t:|1700406633\n|switch|p1a: Spiritomb|Spiritomb, F|82\/100\n|-ability|p1a: Spiritomb|Pressure\n|turn|18\n|\n|t:|1700406638\n|move|p1a: Spiritomb|Sucker Punch|p2a: Magcargo\n|-damage|p2a: Magcargo|0 fnt\n|faint|p2a: Magcargo\n|\n|upkeep\n|inactive|senegal has 120 seconds left.\n|\n|t:|1700406671\n|switch|p2a: Flareon|Flareon, M|100\/100\n|-damage|p2a: Flareon|76\/100|[from] Stealth Rock\n|turn|19\n|\n|t:|1700406676\n|move|p2a: Flareon|Flare Blitz|p1a: Spiritomb\n|-damage|p1a: Spiritomb|8\/100\n|-damage|p2a: Flareon|53\/100|[from] Recoil\n|move|p1a: Spiritomb|Poltergeist|p2a: Flareon\n|-activate|p2a: Flareon|move: Poltergeist|Toxic Orb\n|-damage|p2a: Flareon|0 fnt\n|faint|p2a: Flareon\n|\n|upkeep\n|\n|t:|1700406686\n|switch|p2a: Braviary|Braviary, M|100\/100\n|-damage|p2a: Braviary|75\/100|[from] Stealth Rock\n|turn|20\n|\n|t:|1700406693\n|move|p1a: Spiritomb|Sucker Punch||[still]\n|-fail|p1a: Spiritomb\n|move|p2a: Braviary|Substitute|p2a: Braviary\n|-start|p2a: Braviary|Substitute\n|-damage|p2a: Braviary|50\/100\n|\n|-heal|p2a: Braviary|57\/100|[from] item: Leftovers\n|upkeep\n|turn|21\n|\n|t:|1700406701\n|move|p2a: Braviary|Bulk Up|p2a: Braviary\n|-boost|p2a: Braviary|atk|1\n|-boost|p2a: Braviary|def|1\n|move|p1a: Spiritomb|Poltergeist|p2a: Braviary\n|-immune|p2a: Braviary\n|\n|-heal|p2a: Braviary|63\/100|[from] item: Leftovers\n|upkeep\n|turn|22\n|\n|t:|1700406709\n|move|p2a: Braviary|Bulk Up|p2a: Braviary\n|-boost|p2a: Braviary|atk|1\n|-boost|p2a: Braviary|def|1\n|move|p1a: Spiritomb|Dark Pulse|p2a: Braviary\n|-activate|p2a: Braviary|move: Substitute|[damage]\n|\n|-heal|p2a: Braviary|69\/100|[from] item: Leftovers\n|upkeep\n|turn|23\n|\n|t:|1700406718\n|move|p2a: Braviary|Bulk Up|p2a: Braviary\n|-boost|p2a: Braviary|atk|1\n|-boost|p2a: Braviary|def|1\n|move|p1a: Spiritomb|Dark Pulse|p2a: Braviary\n|-end|p2a: Braviary|Substitute\n|\n|-heal|p2a: Braviary|75\/100|[from] item: Leftovers\n|upkeep\n|turn|24\n|\n|t:|1700406727\n|move|p2a: Braviary|Substitute|p2a: Braviary\n|-start|p2a: Braviary|Substitute\n|-damage|p2a: Braviary|50\/100\n|move|p1a: Spiritomb|Dark Pulse|p2a: Braviary\n|-activate|p2a: Braviary|move: Substitute|[damage]\n|\n|-heal|p2a: Braviary|56\/100|[from] item: Leftovers\n|upkeep\n|turn|25\n|\n|t:|1700406733\n|move|p2a: Braviary|Roost|p2a: Braviary\n|-heal|p2a: Braviary|100\/100\n|-singleturn|p2a: Braviary|move: Roost\n|move|p1a: Spiritomb|Dark Pulse|p2a: Braviary\n|-end|p2a: Braviary|Substitute\n|\n|upkeep\n|turn|26\n|\n|t:|1700406741\n|move|p1a: Spiritomb|Sucker Punch||[still]\n|-fail|p1a: Spiritomb\n|move|p2a: Braviary|Substitute|p2a: Braviary\n|-start|p2a: Braviary|Substitute\n|-damage|p2a: Braviary|75\/100\n|\n|-heal|p2a: Braviary|82\/100|[from] item: Leftovers\n|upkeep\n|turn|27\n|\n|t:|1700406746\n|move|p2a: Braviary|Brave Bird|p1a: Spiritomb\n|-damage|p1a: Spiritomb|0 fnt\n|faint|p1a: Spiritomb\n|-damage|p2a: Braviary|80\/100|[from] Recoil\n|\n|-heal|p2a: Braviary|86\/100|[from] item: Leftovers\n|upkeep\n|\n|t:|1700406754\n|switch|p1a: Flareon|Flareon, M|100\/100\n|turn|28\n|\n|t:|1700406769\n|move|p2a: Braviary|Brave Bird|p1a: Flareon\n|-damage|p1a: Flareon|0 fnt\n|faint|p1a: Flareon\n|-damage|p2a: Braviary|59\/100|[from] Recoil\n|\n|win|senegal\n|n|\u2606RiceCracuhh|ricecracuhh\n|n|\u2606senegal|senegal\n|n|*Lady Monita \u2746|ladymonita\n","uploadtime":1700406770,"views":5,"p1id":"ricecracuhh","p2id":"senegal","formatid":"gen9ou","rating":0,"private":0,"password":""}