{"id":"gen9ou-1992782954","p1":"a1-a4","p2":"Thuder","format":"[Gen 9] OU","log":"|j|\u2606a1-a4\n|j|\u203dThuder\n|t:|1700235046\n|gametype|singles\n|player|p1|a1-a4|170|1108\n|player|p2|Thuder|benga|1134\n|teamsize|p1|6\n|teamsize|p2|6\n|gen|9\n|tier|[Gen 9] OU\n|rated|\n|rule|Sleep Clause Mod: Limit one foe put to sleep\n|rule|Species Clause: Limit one of each Pok\u00e9mon\n|rule|OHKO Clause: OHKO moves are banned\n|rule|Evasion Items Clause: Evasion items are banned\n|rule|Evasion Moves Clause: Evasion moves are banned\n|rule|Endless Battle Clause: Forcing endless battles is banned\n|rule|HP Percentage Mod: HP is shown in percentages\n|clearpoke\n|poke|p1|Dragapult, F|\n|poke|p1|Azumarill, M|\n|poke|p1|Donphan, M|\n|poke|p1|Houndoom, F|\n|poke|p1|Mamoswine, F|\n|poke|p1|Scizor, M|\n|poke|p2|Ribombee, F|\n|poke|p2|Gholdengo|\n|poke|p2|Manaphy|\n|poke|p2|Kingambit, M|\n|poke|p2|Iron Valiant|\n|poke|p2|Great Tusk|\n|teampreview\n|\n|t:|1700235063\n|start\n|switch|p1a: Houndoom|Houndoom, F|100\/100\n|switch|p2a: Ribombee|Ribombee, F|100\/100\n|turn|1\n|\n|t:|1700235069\n|move|p2a: Ribombee|Sticky Web|p1a: Houndoom\n|-sidestart|p1: a1-a4|move: Sticky Web\n|move|p1a: Houndoom|Flame Charge|p2a: Ribombee\n|-supereffective|p2a: Ribombee\n|-damage|p2a: Ribombee|38\/100\n|-boost|p1a: Houndoom|spe|1\n|\n|upkeep\n|turn|2\n|\n|t:|1700235072\n|move|p1a: Houndoom|Flame Charge|p2a: Ribombee\n|-supereffective|p2a: Ribombee\n|-damage|p2a: Ribombee|0 fnt\n|-boost|p1a: Houndoom|spe|1\n|faint|p2a: Ribombee\n|\n|upkeep\n|\n|t:|1700235075\n|switch|p2a: Great Tusk|Great Tusk|100\/100\n|turn|3\n|\n|t:|1700235090\n|move|p2a: Great Tusk|Earthquake|p1a: Houndoom\n|-supereffective|p1a: Houndoom\n|-enditem|p1a: Houndoom|Focus Sash\n|-damage|p1a: Houndoom|1\/100\n|move|p1a: Houndoom|Counter|p2a: Great Tusk\n|-damage|p2a: Great Tusk|0 fnt\n|faint|p2a: Great Tusk\n|-end|p2a: Great Tusk|Protosynthesis|[silent]\n|\n|upkeep\n|\n|t:|1700235093\n|switch|p2a: Kingambit|Kingambit, M|100\/100\n|-activate|p2a: Kingambit|ability: Supreme Overlord\n|-start|p2a: Kingambit|fallen2|[silent]\n|turn|4\n|\n|t:|1700235100\n|move|p2a: Kingambit|Sucker Punch||[still]\n|-fail|p2a: Kingambit\n|move|p1a: Houndoom|Destiny Bond|p1a: Houndoom\n|-singlemove|p1a: Houndoom|Destiny Bond\n|\n|upkeep\n|turn|5\n|\n|t:|1700235110\n|-end|p2a: Kingambit|fallen2|[silent]\n|switch|p2a: Manaphy|Manaphy|100\/100\n|move|p1a: Houndoom|Taunt|p2a: Manaphy\n|-start|p2a: Manaphy|move: Taunt\n|\n|upkeep\n|turn|6\n|\n|t:|1700235119\n|switch|p2a: Gholdengo|Gholdengo|100\/100\n|-item|p2a: Gholdengo|Air Balloon\n|move|p1a: Houndoom|Destiny Bond|p1a: Houndoom\n|-singlemove|p1a: Houndoom|Destiny Bond\n|\n|upkeep\n|turn|7\n|\n|t:|1700235135\n|switch|p2a: Iron Valiant|Iron Valiant|100\/100\n|-enditem|p2a: Iron Valiant|Booster Energy\n|-activate|p2a: Iron Valiant|ability: Quark Drive|[fromitem]\n|-start|p2a: Iron Valiant|quarkdrivespe\n|move|p1a: Houndoom|Flame Charge|p2a: Iron Valiant\n|-damage|p2a: Iron Valiant|81\/100\n|-boost|p1a: Houndoom|spe|1\n|\n|upkeep\n|turn|8\n|\n|t:|1700235145\n|move|p1a: Houndoom|Destiny Bond|p1a: Houndoom\n|-singlemove|p1a: Houndoom|Destiny Bond\n|move|p2a: Iron Valiant|Calm Mind|p2a: Iron Valiant\n|-boost|p2a: Iron Valiant|spa|1\n|-boost|p2a: Iron Valiant|spd|1\n|\n|upkeep\n|turn|9\n|\n|t:|1700235150\n|-terastallize|p2a: Iron Valiant|Electric\n|move|p1a: Houndoom|Taunt|p2a: Iron Valiant\n|-start|p2a: Iron Valiant|move: Taunt\n|cant|p2a: Iron Valiant|move: Taunt|Calm Mind\n|\n|upkeep\n|turn|10\n|\n|t:|1700235153\n|move|p1a: Houndoom|Destiny Bond|p1a: Houndoom\n|-singlemove|p1a: Houndoom|Destiny Bond\n|move|p2a: Iron Valiant|Moonblast|p1a: Houndoom\n|-damage|p1a: Houndoom|0 fnt\n|faint|p1a: Houndoom\n|-activate|p1a: Houndoom|move: Destiny Bond\n|faint|p2a: Iron Valiant\n|-end|p2a: Iron Valiant|Quark Drive|[silent]\n|\n|upkeep\n|l|\u203dThuder\n|player|p2|\n|inactive|Battle timer is ON: inactive players will automatically lose when time's up. (requested by a1-a4)\n|inactive|Thuder has 30 seconds to reconnect!\n|inactive|Thuder has 20 seconds to reconnect!\n|inactive|Thuder has 15 seconds to reconnect!\n|inactive|Thuder has 10 seconds to reconnect!\n|inactive|Thuder has 5 seconds to reconnect!\n|-message|Thuder lost due to inactivity.\n|\n|win|a1-a4\n|raw|a1-a4's rating: 1108 &rarr; <strong>1135<\/strong><br \/>(+27 for winning)\n|raw|Thuder's rating: 1134 &rarr; <strong>1107<\/strong><br \/>(-27 for losing)\n","uploadtime":1700235280,"views":14,"p1id":"a1a4","p2id":"thuder","formatid":"gen9ou","rating":1107,"private":0,"password":""}