{"id":"gen9ou-1999606384","p1":"Dogattacks","p2":"RadiatorPlease","format":"[Gen 9] OU","log":"|j|\u2606Dogattacks\n|j|\u2606RadiatorPlease\n|t:|1701100589\n|gametype|singles\n|player|p1|Dogattacks|koga|1214\n|player|p2|RadiatorPlease|101|1244\n|teamsize|p1|6\n|teamsize|p2|6\n|gen|9\n|tier|[Gen 9] OU\n|rated|\n|rule|Sleep Clause Mod: Limit one foe put to sleep\n|rule|Species Clause: Limit one of each Pok\u00e9mon\n|rule|OHKO Clause: OHKO moves are banned\n|rule|Evasion Items Clause: Evasion items are banned\n|rule|Evasion Moves Clause: Evasion moves are banned\n|rule|Endless Battle Clause: Forcing endless battles is banned\n|rule|HP Percentage Mod: HP is shown in percentages\n|clearpoke\n|poke|p1|Greninja-*, M|\n|poke|p1|Iron Hands|\n|poke|p1|Arcanine-Hisui, M|\n|poke|p1|Landorus-Therian, M|\n|poke|p1|Slowking-Galar, F|\n|poke|p1|Corviknight, F|\n|poke|p2|Iron Valiant|\n|poke|p2|Zamazenta-*|\n|poke|p2|Glimmora, F|\n|poke|p2|Kingambit, F|\n|poke|p2|Iron Moth|\n|poke|p2|Ogerpon-Wellspring, F|\n|teampreview\n|\n|t:|1701100606\n|start\n|switch|p1a: OldSkoo|Landorus-Therian, M|100\/100\n|switch|p2a: Glimmora|Glimmora, F|100\/100\n|-ability|p1a: OldSkoo|Intimidate|boost\n|-unboost|p2a: Glimmora|atk|1\n|turn|1\n|\n|t:|1701100610\n|move|p2a: Glimmora|Stealth Rock|p1a: OldSkoo\n|-sidestart|p1: Dogattacks|move: Stealth Rock\n|move|p1a: OldSkoo|Earth Power|p2a: Glimmora\n|-supereffective|p2a: Glimmora\n|-enditem|p2a: Glimmora|Focus Sash\n|-damage|p2a: Glimmora|1\/100\n|-unboost|p2a: Glimmora|spd|1\n|\n|upkeep\n|turn|2\n|\n|t:|1701100622\n|move|p2a: Glimmora|Spikes|p1a: OldSkoo\n|-sidestart|p1: Dogattacks|Spikes\n|move|p1a: OldSkoo|Stealth Rock|p2a: Glimmora\n|-sidestart|p2: RadiatorPlease|move: Stealth Rock\n|\n|upkeep\n|turn|3\n|\n|t:|1701100627\n|switch|p1a: ToxicStall|Slowking-Galar, F|100\/100\n|move|p2a: Glimmora|Mortal Spin|p1a: ToxicStall\n|-resisted|p1a: ToxicStall\n|-damage|p1a: ToxicStall|98\/100\n|-sideend|p2: RadiatorPlease|Stealth Rock|[from] move: Mortal Spin|[of] p2a: Glimmora\n|\n|upkeep\n|turn|4\n|\n|t:|1701100632\n|move|p2a: Glimmora|Spikes|p1a: ToxicStall\n|-sidestart|p1: Dogattacks|Spikes\n|move|p1a: ToxicStall|Future Sight|p2a: Glimmora\n|-start|p1a: ToxicStall|move: Future Sight\n|\n|upkeep\n|turn|5\n|\n|t:|1701100637\n|switch|p1a: BigBird|Corviknight, F|100\/100\n|-damage|p1a: BigBird|88\/100|[from] Stealth Rock\n|-ability|p1a: BigBird|Pressure\n|move|p2a: Glimmora|Spikes|p1a: BigBird\n|-sidestart|p1: Dogattacks|Spikes\n|\n|upkeep\n|turn|6\n|\n|t:|1701100651\n|move|p2a: Glimmora|Power Gem|p1a: BigBird\n|-damage|p1a: BigBird|55\/100\n|move|p1a: BigBird|Defog|p2a: Glimmora\n|-unboost|p2a: Glimmora|evasion|1\n|-sideend|p1: Dogattacks|Spikes|[from] move: Defog|[of] p1a: BigBird\n|-sideend|p1: Dogattacks|Stealth Rock|[from] move: Defog|[of] p1a: BigBird\n|\n|-end|p2a: Glimmora|move: Future Sight\n|-supereffective|p2a: Glimmora\n|-crit|p2a: Glimmora\n|-damage|p2a: Glimmora|0 fnt\n|faint|p2a: Glimmora\n|upkeep\n|\n|t:|1701100654\n|switch|p2a: Iron Moth|Iron Moth|100\/100\n|-enditem|p2a: Iron Moth|Booster Energy\n|-activate|p2a: Iron Moth|ability: Quark Drive|[fromitem]\n|-start|p2a: Iron Moth|quarkdrivespe\n|turn|7\n|\n|t:|1701100660\n|switch|p1a: ToxicStall|Slowking-Galar, F|100\/100\n|move|p2a: Iron Moth|Substitute|p2a: Iron Moth\n|-start|p2a: Iron Moth|Substitute\n|-damage|p2a: Iron Moth|75\/100\n|\n|upkeep\n|turn|8\n|\n|t:|1701100666\n|move|p2a: Iron Moth|Fiery Dance|p1a: ToxicStall\n|-damage|p1a: ToxicStall|78\/100\n|-boost|p2a: Iron Moth|spa|1\n|move|p1a: ToxicStall|Sludge Bomb|p2a: Iron Moth\n|-resisted|p2a: Iron Moth\n|-activate|p2a: Iron Moth|move: Substitute|[damage]\n|\n|upkeep\n|turn|9\n|\n|t:|1701100673\n|move|p2a: Iron Moth|Fiery Dance|p1a: ToxicStall\n|-damage|p1a: ToxicStall|46\/100\n|move|p1a: ToxicStall|Future Sight|p2a: Iron Moth\n|-start|p1a: ToxicStall|move: Future Sight\n|\n|upkeep\n|turn|10\n|\n|t:|1701100679\n|move|p2a: Iron Moth|Fiery Dance|p1a: ToxicStall\n|-damage|p1a: ToxicStall|13\/100\n|-boost|p2a: Iron Moth|spa|1\n|move|p1a: ToxicStall|Surf|p2a: Iron Moth\n|-supereffective|p2a: Iron Moth\n|-end|p2a: Iron Moth|Substitute\n|\n|upkeep\n|turn|11\n|\n|t:|1701100692\n|-end|p2a: Iron Moth|Quark Drive|[silent]\n|switch|p2a: Kingambit|Kingambit, F|100\/100\n|-activate|p2a: Kingambit|ability: Supreme Overlord\n|-start|p2a: Kingambit|fallen1|[silent]\n|switch|p1a: GoodBoi|Arcanine-Hisui, M|100\/100\n|\n|-end|p2a: Kingambit|move: Future Sight\n|-immune|p2a: Kingambit\n|upkeep\n|turn|12\n|\n|t:|1701100700\n|-end|p2a: Kingambit|fallen1|[silent]\n|switch|p2a: Zamazenta|Zamazenta|100\/100\n|-ability|p2a: Zamazenta|Dauntless Shield|boost\n|-boost|p2a: Zamazenta|def|1\n|-terastallize|p1a: GoodBoi|Fire\n|move|p1a: GoodBoi|Flare Blitz|p2a: Zamazenta\n|-damage|p2a: Zamazenta|60\/100\n|\n|-heal|p2a: Zamazenta|66\/100|[from] item: Leftovers\n|upkeep\n|turn|13\n|inactive|Battle timer is ON: inactive players will automatically lose when time's up. (requested by RadiatorPlease)\n|\n|t:|1701100718\n|switch|p1a: ToxicStall|Slowking-Galar, F|46\/100\n|move|p2a: Zamazenta|Body Press|p1a: ToxicStall\n|-resisted|p1a: ToxicStall\n|-damage|p1a: ToxicStall|28\/100\n|\n|-heal|p2a: Zamazenta|72\/100|[from] item: Leftovers\n|upkeep\n|turn|14\n|\n|t:|1701100725\n|move|p2a: Zamazenta|Body Press|p1a: ToxicStall\n|-resisted|p1a: ToxicStall\n|-damage|p1a: ToxicStall|13\/100\n|move|p1a: ToxicStall|Future Sight|p2a: Zamazenta\n|-start|p1a: ToxicStall|move: Future Sight\n|\n|-heal|p2a: Zamazenta|78\/100|[from] item: Leftovers\n|upkeep\n|turn|15\n|\n|t:|1701100729\n|switch|p1a: BigBird|Corviknight, F|55\/100\n|-ability|p1a: BigBird|Pressure\n|move|p2a: Zamazenta|Body Press|p1a: BigBird\n|-damage|p1a: BigBird|19\/100\n|-damage|p2a: Zamazenta|62\/100|[from] item: Rocky Helmet|[of] p1a: BigBird\n|\n|-heal|p2a: Zamazenta|68\/100|[from] item: Leftovers\n|upkeep\n|turn|16\n|\n|t:|1701100736\n|move|p2a: Zamazenta|Body Press|p1a: BigBird\n|-damage|p1a: BigBird|0 fnt\n|-damage|p2a: Zamazenta|52\/100|[from] item: Rocky Helmet|[of] p1a: BigBird\n|faint|p1a: BigBird\n|\n|-end|p2a: Zamazenta|move: Future Sight\n|-supereffective|p2a: Zamazenta\n|-damage|p2a: Zamazenta|0 fnt\n|faint|p2a: Zamazenta\n|upkeep\n|\n|t:|1701100745\n|switch|p2a: Ogerpon|Ogerpon-Wellspring, F|100\/100\n|switch|p1a: CatchThese|Iron Hands|100\/100\n|turn|17\n|\n|t:|1701100750\n|move|p1a: CatchThese|Fake Out|p2a: Ogerpon\n|-damage|p2a: Ogerpon|81\/100\n|cant|p2a: Ogerpon|flinch\n|\n|upkeep\n|turn|18\n|\n|t:|1701100774\n|move|p2a: Ogerpon|Swords Dance|p2a: Ogerpon\n|-boost|p2a: Ogerpon|atk|2\n|move|p1a: CatchThese|Wild Charge|p2a: Ogerpon\n|-damage|p2a: Ogerpon|15\/100\n|-damage|p1a: CatchThese|90\/100|[from] Recoil\n|\n|upkeep\n|turn|19\n|inactive|RadiatorPlease has 120 seconds left.\n|\n|t:|1701100811\n|-end|p1a: CatchThese|Quark Drive|[silent]\n|switch|p1a: ToxicStall|Slowking-Galar, F|47\/100\n|move|p2a: Ogerpon|Ivy Cudgel|p1a: ToxicStall|[anim] Ivy Cudgel Water\n|-damage|p1a: ToxicStall|0 fnt\n|faint|p1a: ToxicStall\n|\n|upkeep\n|\n|t:|1701100817\n|switch|p1a: CatchThese|Iron Hands|90\/100\n|turn|20\n|inactive|RadiatorPlease has 120 seconds left.\n|\n|t:|1701100853\n|move|p1a: CatchThese|Fake Out|p2a: Ogerpon\n|-damage|p2a: Ogerpon|0 fnt\n|faint|p2a: Ogerpon\n|\n|upkeep\n|inactive|RadiatorPlease has 90 seconds left.\n|\n|t:|1701100887\n|switch|p2a: Iron Moth|Iron Moth|75\/100\n|turn|21\n|\n|t:|1701100899\n|move|p2a: Iron Moth|Substitute|p2a: Iron Moth\n|-start|p2a: Iron Moth|Substitute\n|-damage|p2a: Iron Moth|50\/100\n|move|p1a: CatchThese|Wild Charge|p2a: Iron Moth\n|-end|p2a: Iron Moth|Substitute\n|-damage|p1a: CatchThese|86\/100|[from] Recoil|[of] p2a: Iron Moth\n|\n|upkeep\n|turn|22\n|\n|t:|1701100910\n|move|p2a: Iron Moth|Fiery Dance|p1a: CatchThese\n|-crit|p1a: CatchThese\n|-damage|p1a: CatchThese|45\/100\n|move|p1a: CatchThese|Wild Charge|p2a: Iron Moth\n|-damage|p2a: Iron Moth|0 fnt\n|faint|p2a: Iron Moth\n|-end|p2a: Iron Moth|Quark Drive|[silent]\n|-damage|p1a: CatchThese|37\/100|[from] Recoil\n|\n|upkeep\n|\n|t:|1701100913\n|switch|p2a: Iron Valiant|Iron Valiant|100\/100\n|-enditem|p2a: Iron Valiant|Booster Energy\n|-activate|p2a: Iron Valiant|ability: Quark Drive|[fromitem]\n|-start|p2a: Iron Valiant|quarkdrivespe\n|turn|23\n|\n|t:|1701100922\n|move|p2a: Iron Valiant|Moonblast|p1a: CatchThese\n|-supereffective|p1a: CatchThese\n|-damage|p1a: CatchThese|0 fnt\n|faint|p1a: CatchThese\n|-end|p1a: CatchThese|Quark Drive|[silent]\n|\n|upkeep\n|\n|t:|1701100930\n|switch|p1a: BondBail|Greninja, M|100\/100\n|turn|24\n|\n|t:|1701100938\n|move|p2a: Iron Valiant|Moonblast|p1a: BondBail\n|-supereffective|p1a: BondBail\n|-damage|p1a: BondBail|0 fnt\n|faint|p1a: BondBail\n|\n|upkeep\n|\n|t:|1701100941\n|switch|p1a: OldSkoo|Landorus-Therian, M|100\/100\n|-ability|p1a: OldSkoo|Intimidate|boost\n|-unboost|p2a: Iron Valiant|atk|1\n|turn|25\n|\n|t:|1701100952\n|move|p2a: Iron Valiant|Moonblast|p1a: OldSkoo\n|-damage|p1a: OldSkoo|52\/100\n|move|p1a: OldSkoo|Earth Power|p2a: Iron Valiant\n|-damage|p2a: Iron Valiant|35\/100\n|\n|-heal|p1a: OldSkoo|58\/100|[from] item: Leftovers\n|upkeep\n|turn|26\n|\n|t:|1701100961\n|switch|p1a: GoodBoi|Arcanine-Hisui, M, tera:Fire|100\/100\n|move|p2a: Iron Valiant|Moonblast|p1a: GoodBoi\n|-resisted|p1a: GoodBoi\n|-damage|p1a: GoodBoi|73\/100\n|-unboost|p1a: GoodBoi|spa|1\n|\n|upkeep\n|turn|27\n|\n|t:|1701100966\n|move|p1a: GoodBoi|Extreme Speed|p2a: Iron Valiant\n|-damage|p2a: Iron Valiant|0 fnt\n|faint|p2a: Iron Valiant\n|-end|p2a: Iron Valiant|Quark Drive|[silent]\n|\n|upkeep\n|\n|t:|1701100970\n|switch|p2a: Kingambit|Kingambit, F|100\/100\n|-activate|p2a: Kingambit|ability: Supreme Overlord\n|-start|p2a: Kingambit|fallen5|[silent]\n|turn|28\n|\n|t:|1701100973\n|switch|p1a: OldSkoo|Landorus-Therian, M|58\/100\n|-ability|p1a: OldSkoo|Intimidate|boost\n|-unboost|p2a: Kingambit|atk|1\n|-terastallize|p2a: Kingambit|Fairy\n|move|p2a: Kingambit|Sucker Punch||[still]\n|-fail|p2a: Kingambit\n|\n|-heal|p1a: OldSkoo|64\/100|[from] item: Leftovers\n|upkeep\n|turn|29\n|\n|t:|1701100982\n|move|p1a: OldSkoo|Earth Power|p2a: Kingambit\n|-damage|p2a: Kingambit|66\/100\n|move|p2a: Kingambit|Kowtow Cleave|p1a: OldSkoo\n|-damage|p1a: OldSkoo|24\/100\n|\n|-heal|p1a: OldSkoo|30\/100|[from] item: Leftovers\n|upkeep\n|turn|30\n|inactive|RadiatorPlease has 120 seconds left.\n|\n|t:|1701101035\n|move|p2a: Kingambit|Sucker Punch|p1a: OldSkoo\n|-damage|p1a: OldSkoo|0 fnt\n|faint|p1a: OldSkoo\n|\n|upkeep\n|\n|t:|1701101040\n|switch|p1a: GoodBoi|Arcanine-Hisui, M, tera:Fire|73\/100\n|turn|31\n|\n|t:|1701101058\n|move|p1a: GoodBoi|Flare Blitz|p2a: Kingambit\n|-damage|p2a: Kingambit|0 fnt\n|faint|p2a: Kingambit\n|-end|p2a: Kingambit|fallen5|[silent]\n|\n|win|Dogattacks\n|raw|Dogattacks's rating: 1214 &rarr; <strong>1241<\/strong><br \/>(+27 for winning)\n|raw|RadiatorPlease's rating: 1244 &rarr; <strong>1217<\/strong><br \/>(-27 for losing)\n","uploadtime":1701101064,"views":3,"p1id":"dogattacks","p2id":"radiatorplease","formatid":"gen9ou","rating":1217,"private":0,"password":""}