{"id":"gen9ou-1992066689","p1":"edgypunishment","p2":"king adaly","format":"[Gen 9] OU","log":"|j|\u2606edgypunishment\n|j|\u2606king adaly\n|t:|1700152275\n|gametype|singles\n|player|p1|edgypunishment|dawn|1216\n|player|p2|king adaly|1|1161\n|teamsize|p1|6\n|teamsize|p2|6\n|gen|9\n|tier|[Gen 9] OU\n|rated|\n|rule|Sleep Clause Mod: Limit one foe put to sleep\n|rule|Species Clause: Limit one of each Pok\u00e9mon\n|rule|OHKO Clause: OHKO moves are banned\n|rule|Evasion Items Clause: Evasion items are banned\n|rule|Evasion Moves Clause: Evasion moves are banned\n|rule|Endless Battle Clause: Forcing endless battles is banned\n|rule|HP Percentage Mod: HP is shown in percentages\n|clearpoke\n|poke|p1|Braviary, M|\n|poke|p1|Kilowattrel, M|\n|poke|p1|Salamence, F|\n|poke|p1|Pelipper, F|\n|poke|p1|Hawlucha, M|\n|poke|p1|Corviknight, M|\n|poke|p2|Pelipper, M|\n|poke|p2|Barraskewda, M|\n|poke|p2|Pawmot, F|\n|poke|p2|Azumarill, M|\n|poke|p2|Toedscruel, M|\n|poke|p2|Ludicolo, F|\n|teampreview\n|inactive|Battle timer is ON: inactive players will automatically lose when time's up. (requested by king adaly)\n|inactive|edgypunishment also wants the timer to be on.\n|\n|t:|1700152292\n|start\n|switch|p1a: Braviary|Braviary, M|100\/100\n|switch|p2a: Pelipper|Pelipper, M|100\/100\n|-weather|RainDance|[from] ability: Drizzle|[of] p2a: Pelipper\n|turn|1\n|\n|t:|1700152307\n|move|p1a: Braviary|Crush Claw|p2a: Pelipper\n|-damage|p2a: Pelipper|72\/100\n|move|p2a: Pelipper|U-turn|p1a: Braviary\n|-resisted|p1a: Braviary\n|-damage|p1a: Braviary|96\/100\n|\n|t:|1700152315\n|switch|p2a: Barraskewda|Barraskewda, M|100\/100|[from] U-turn\n|\n|-weather|RainDance|[upkeep]\n|upkeep\n|turn|2\n|\n|t:|1700152321\n|move|p2a: Barraskewda|Flip Turn|p1a: Braviary\n|-damage|p1a: Braviary|11\/100\n|\n|t:|1700152325\n|switch|p2a: Pawmot|Pawmot, F|100\/100|[from] Flip Turn\n|move|p1a: Braviary|Brave Bird|p2a: Pawmot\n|-damage|p2a: Pawmot|10\/100\n|-damage|p1a: Braviary|0 fnt|[from] Recoil\n|faint|p1a: Braviary\n|\n|-weather|RainDance|[upkeep]\n|upkeep\n|\n|t:|1700152333\n|switch|p1a: Kilowattrel|Kilowattrel, M, shiny|100\/100\n|turn|3\n|\n|t:|1700152341\n|move|p1a: Kilowattrel|Hurricane|p2a: Pawmot\n|-damage|p2a: Pawmot|0 fnt\n|faint|p2a: Pawmot\n|\n|-weather|RainDance|[upkeep]\n|upkeep\n|\n|t:|1700152345\n|switch|p2a: Barraskewda|Barraskewda, M|100\/100\n|turn|4\n|\n|t:|1700152352\n|move|p2a: Barraskewda|Flip Turn|p1a: Kilowattrel\n|-damage|p1a: Kilowattrel|0 fnt\n|faint|p1a: Kilowattrel\n|\n|t:|1700152358\n|switch|p2a: Ludicolo|Ludicolo, F|100\/100|[from] Flip Turn\n|\n|-weather|RainDance|[upkeep]\n|upkeep\n|\n|t:|1700152365\n|switch|p1a: Pelipper|Pelipper, F|100\/100\n|turn|5\n|\n|t:|1700152369\n|move|p2a: Ludicolo|Ice Beam|p1a: Pelipper\n|-damage|p1a: Pelipper|44\/100\n|-damage|p2a: Ludicolo|91\/100|[from] item: Life Orb\n|move|p1a: Pelipper|Hurricane|p2a: Ludicolo\n|-supereffective|p2a: Ludicolo\n|-damage|p2a: Ludicolo|0 fnt\n|faint|p2a: Ludicolo\n|\n|-weather|RainDance|[upkeep]\n|upkeep\n|\n|t:|1700152378\n|switch|p2a: Barraskewda|Barraskewda, M|100\/100\n|turn|6\n|\n|t:|1700152383\n|move|p2a: Barraskewda|Flip Turn|p1a: Pelipper\n|-resisted|p1a: Pelipper\n|-damage|p1a: Pelipper|0 fnt\n|faint|p1a: Pelipper\n|\n|t:|1700152387\n|switch|p2a: Toedscruel|Toedscruel, M|100\/100|[from] Flip Turn\n|\n|-weather|RainDance|[upkeep]\n|upkeep\n|\n|t:|1700152393\n|switch|p1a: Hawlucha|Hawlucha, M|100\/100\n|turn|7\n|\n|t:|1700152397\n|move|p1a: Hawlucha|Substitute|p1a: Hawlucha\n|-start|p1a: Hawlucha|Substitute\n|-damage|p1a: Hawlucha|75\/100\n|move|p2a: Toedscruel|Spore||[still]\n|-fail|p2a: Toedscruel\n|\n|-weather|RainDance|[upkeep]\n|upkeep\n|turn|8\n|\n|t:|1700152405\n|switch|p2a: Barraskewda|Barraskewda, M|100\/100\n|move|p1a: Hawlucha|Hone Claws|p1a: Hawlucha\n|-boost|p1a: Hawlucha|atk|1\n|-boost|p1a: Hawlucha|accuracy|1\n|\n|-weather|none\n|upkeep\n|turn|9\n|\n|t:|1700152413\n|move|p2a: Barraskewda|Liquidation|p1a: Hawlucha\n|-end|p1a: Hawlucha|Substitute\n|move|p1a: Hawlucha|Acrobatics|p2a: Barraskewda\n|-crit|p2a: Barraskewda\n|-damage|p2a: Barraskewda|0 fnt\n|faint|p2a: Barraskewda\n|\n|upkeep\n|\n|t:|1700152420\n|switch|p2a: Pelipper|Pelipper, M|72\/100\n|-weather|RainDance|[from] ability: Drizzle|[of] p2a: Pelipper\n|turn|10\n|\n|t:|1700152425\n|move|p1a: Hawlucha|Substitute|p1a: Hawlucha\n|-start|p1a: Hawlucha|Substitute\n|-damage|p1a: Hawlucha|50\/100\n|-enditem|p1a: Hawlucha|Sitrus Berry|[eat]\n|-heal|p1a: Hawlucha|75\/100|[from] item: Sitrus Berry\n|move|p2a: Pelipper|Hurricane|p1a: Hawlucha\n|-supereffective|p1a: Hawlucha\n|-end|p1a: Hawlucha|Substitute\n|\n|-weather|RainDance|[upkeep]\n|upkeep\n|turn|11\n|\n|t:|1700152440\n|-terastallize|p1a: Hawlucha|Flying\n|move|p1a: Hawlucha|Acrobatics|p2a: Pelipper\n|-damage|p2a: Pelipper|2\/100\n|move|p2a: Pelipper|Hurricane|p1a: Hawlucha\n|-damage|p1a: Hawlucha|23\/100\n|\n|-weather|RainDance|[upkeep]\n|upkeep\n|turn|12\n|\n|t:|1700152448\n|move|p1a: Hawlucha|Acrobatics|p2a: Pelipper\n|-damage|p2a: Pelipper|0 fnt\n|faint|p2a: Pelipper\n|\n|-weather|RainDance|[upkeep]\n|upkeep\n|\n|t:|1700152453\n|switch|p2a: Azumarill|Azumarill, M|100\/100\n|turn|13\n|\n|t:|1700152457\n|move|p2a: Azumarill|Aqua Jet|p1a: Hawlucha\n|-damage|p1a: Hawlucha|0 fnt\n|faint|p1a: Hawlucha\n|\n|-weather|RainDance|[upkeep]\n|upkeep\n|\n|t:|1700152462\n|switch|p1a: Corviknight|Corviknight, M|100\/100\n|turn|14\n|\n|t:|1700152466\n|switch|p2a: Toedscruel|Toedscruel, M|100\/100\n|move|p1a: Corviknight|Bulk Up|p1a: Corviknight\n|-boost|p1a: Corviknight|atk|1\n|-boost|p1a: Corviknight|def|1\n|\n|-weather|RainDance|[upkeep]\n|upkeep\n|turn|15\n|\n|t:|1700152474\n|switch|p1a: Salamence|Salamence, F|100\/100\n|-ability|p1a: Salamence|Intimidate|boost\n|-unboost|p2a: Toedscruel|atk|1\n|move|p2a: Toedscruel|Spore|p1a: Salamence\n|-status|p1a: Salamence|slp|[from] move: Spore\n|-enditem|p1a: Salamence|Lum Berry|[eat]\n|-curestatus|p1a: Salamence|slp|[msg]\n|\n|-weather|RainDance|[upkeep]\n|upkeep\n|turn|16\n|\n|t:|1700152485\n|move|p1a: Salamence|Dual Wingbeat|p2a: Toedscruel\n|-supereffective|p2a: Toedscruel\n|-damage|p2a: Toedscruel|34\/100\n|-supereffective|p2a: Toedscruel\n|-damage|p2a: Toedscruel|0 fnt\n|faint|p2a: Toedscruel\n|-hitcount|p2: Toedscruel|2\n|\n|-weather|RainDance|[upkeep]\n|upkeep\n|\n|t:|1700152492\n|switch|p2a: Azumarill|Azumarill, M|100\/100\n|turn|17\n|\n|t:|1700152499\n|move|p1a: Salamence|Dual Wingbeat|p2a: Azumarill\n|-damage|p2a: Azumarill|77\/100\n|-damage|p2a: Azumarill|55\/100\n|-hitcount|p2a: Azumarill|2\n|move|p2a: Azumarill|Belly Drum|p2a: Azumarill\n|-damage|p2a: Azumarill|5\/100\n|-setboost|p2a: Azumarill|atk|6|[from] move: Belly Drum\n|-enditem|p2a: Azumarill|Sitrus Berry|[eat]\n|-heal|p2a: Azumarill|30\/100|[from] item: Sitrus Berry\n|\n|-weather|none\n|upkeep\n|turn|18\n|\n|t:|1700152510\n|-terastallize|p2a: Azumarill|Water\n|move|p2a: Azumarill|Aqua Jet|p1a: Salamence\n|-resisted|p1a: Salamence\n|-damage|p1a: Salamence|22\/100\n|move|p1a: Salamence|Dual Wingbeat|p2a: Azumarill\n|-damage|p2a: Azumarill|7\/100\n|-damage|p2a: Azumarill|0 fnt\n|faint|p2a: Azumarill\n|-hitcount|p2: Azumarill|2\n|\n|win|edgypunishment\n|raw|edgypunishment's rating: 1216 &rarr; <strong>1237<\/strong><br \/>(+21 for winning)\n|raw|king adaly's rating: 1161 &rarr; <strong>1140<\/strong><br \/>(-21 for losing)\n|l|\u2606king adaly\n","uploadtime":1700152522,"views":8,"p1id":"edgypunishment","p2id":"kingadaly","formatid":"gen9ou","rating":1140,"private":0,"password":""}