{"id":"gen9ou-1995241953","p1":"ch1ck3n nu99ets","p2":"knexhawk2","format":"[Gen 9] OU","log":"|j|\u2606ch1ck3n nu99ets\n|j|\u2606knexhawk2\n|t:|1700538982\n|gametype|singles\n|player|p1|ch1ck3n nu99ets|170|1688\n|player|p2|knexhawk2|benga|1788\n|teamsize|p1|6\n|teamsize|p2|6\n|gen|9\n|tier|[Gen 9] OU\n|rated|\n|rule|Sleep Clause Mod: Limit one foe put to sleep\n|rule|Species Clause: Limit one of each Pok\u00e9mon\n|rule|OHKO Clause: OHKO moves are banned\n|rule|Evasion Items Clause: Evasion items are banned\n|rule|Evasion Moves Clause: Evasion moves are banned\n|rule|Endless Battle Clause: Forcing endless battles is banned\n|rule|HP Percentage Mod: HP is shown in percentages\n|clearpoke\n|poke|p1|Arcanine-Hisui, M|\n|poke|p1|Toxapex, M|\n|poke|p1|Great Tusk|\n|poke|p1|Zapdos|\n|poke|p1|Hydreigon, M|\n|poke|p1|Dragapult, F|\n|poke|p2|Dipplin, F|\n|poke|p2|Talonflame, M|\n|poke|p2|Corviknight, F|\n|poke|p2|Blissey, F|\n|poke|p2|Dondozo, F|\n|poke|p2|Ting-Lu|\n|teampreview\n|inactive|Battle timer is ON: inactive players will automatically lose when time's up. (requested by ch1ck3n nu99ets)\n|\n|t:|1700539002\n|start\n|switch|p1a: Great Tusk|Great Tusk|100\/100\n|switch|p2a: unkillable deer|Ting-Lu|100\/100\n|-ability|p2a: unkillable deer|Vessel of Ruin\n|turn|1\n|\n|t:|1700539005\n|switch|p2a: shitterpon|Dipplin, F|100\/100\n|move|p1a: Great Tusk|Knock Off|p2a: shitterpon\n|-damage|p2a: shitterpon|89\/100\n|-activate|p2a: shitterpon|ability: Sticky Hold\n|\n|upkeep\n|turn|2\n|\n|t:|1700539011\n|-end|p1a: Great Tusk|Protosynthesis|[silent]\n|switch|p1a: Toxapex|Toxapex, M|100\/100\n|move|p2a: shitterpon|Infestation|p1a: Toxapex\n|-resisted|p1a: Toxapex\n|-damage|p1a: Toxapex|99\/100\n|-activate|p1a: Toxapex|move: Infestation|[of] p2a: shitterpon\n|\n|-damage|p1a: Toxapex|86\/100|[from] move: Infestation|[partiallytrapped]\n|upkeep\n|turn|3\n|\n|t:|1700539016\n|switch|p2a: thiccums|Blissey, F|100\/100\n|move|p1a: Toxapex|Toxic|p2a: thiccums\n|-status|p2a: thiccums|tox\n|\n|-damage|p2a: thiccums|94\/100 tox|[from] psn\n|-end|p1a: Toxapex|Infestation|[partiallytrapped]|[silent]\n|upkeep\n|turn|4\n|\n|t:|1700539020\n|switch|p1a: Arcanine|Arcanine-Hisui, M|100\/100\n|move|p2a: thiccums|Stealth Rock|p1a: Arcanine\n|-sidestart|p1: ch1ck3n nu99ets|move: Stealth Rock\n|\n|-damage|p2a: thiccums|82\/100 tox|[from] psn\n|upkeep\n|turn|5\n|j| Tlub\n|\n|t:|1700539025\n|-curestatus|p2a: thiccums|tox|[from] ability: Natural Cure\n|switch|p2a: unkillable deer|Ting-Lu|100\/100\n|-ability|p2a: unkillable deer|Vessel of Ruin\n|move|p1a: Arcanine|Head Smash|p2a: unkillable deer\n|-resisted|p2a: unkillable deer\n|-damage|p2a: unkillable deer|71\/100\n|\n|upkeep\n|turn|6\n|\n|t:|1700539030\n|switch|p1a: Great Tusk|Great Tusk|100\/100\n|move|p2a: unkillable deer|Spikes|p1a: Great Tusk\n|-sidestart|p1: ch1ck3n nu99ets|Spikes\n|\n|upkeep\n|turn|7\n|\n|t:|1700539035\n|switch|p2a: what the bird doin|Talonflame, M|100\/100\n|move|p1a: Great Tusk|Rapid Spin|p2a: what the bird doin\n|-damage|p2a: what the bird doin|87\/100\n|-boost|p1a: Great Tusk|spe|1\n|-sideend|p1: ch1ck3n nu99ets|Spikes|[from] move: Rapid Spin|[of] p1a: Great Tusk\n|-sideend|p1: ch1ck3n nu99ets|Stealth Rock|[from] move: Rapid Spin|[of] p1a: Great Tusk\n|\n|upkeep\n|turn|8\n|\n|t:|1700539040\n|-end|p1a: Great Tusk|Protosynthesis|[silent]\n|switch|p1a: Zapdos|Zapdos|100\/100\n|switch|p2a: shitterpon|Dipplin, F|89\/100\n|\n|upkeep\n|turn|9\n|\n|t:|1700539045\n|switch|p1a: Dragapult|Dragapult, F|100\/100\n|switch|p2a: thiccums|Blissey, F|82\/100\n|\n|upkeep\n|turn|10\n|\n|t:|1700539049\n|move|p1a: Dragapult|U-turn|p2a: thiccums\n|-damage|p2a: thiccums|55\/100\n|j| Plplk\n|\n|t:|1700539051\n|switch|p1a: Great Tusk|Great Tusk|100\/100|[from] U-turn\n|move|p2a: thiccums|Stealth Rock|p1a: Great Tusk\n|-sidestart|p1: ch1ck3n nu99ets|move: Stealth Rock\n|\n|upkeep\n|turn|11\n|\n|t:|1700539054\n|switch|p2a: what the bird doin|Talonflame, M|87\/100\n|move|p1a: Great Tusk|Stealth Rock|p2a: what the bird doin\n|-sidestart|p2: knexhawk2|move: Stealth Rock\n|\n|upkeep\n|turn|12\n|\n|t:|1700539060\n|-end|p1a: Great Tusk|Protosynthesis|[silent]\n|switch|p1a: Zapdos|Zapdos|100\/100\n|move|p2a: what the bird doin|Will-O-Wisp|p1a: Zapdos\n|-status|p1a: Zapdos|brn\n|\n|-damage|p1a: Zapdos|94\/100 brn|[from] brn\n|upkeep\n|turn|13\n|\n|t:|1700539065\n|switch|p2a: unkillable deer|Ting-Lu|71\/100\n|-ability|p2a: unkillable deer|Vessel of Ruin\n|move|p1a: Zapdos|Hurricane|p2a: unkillable deer|[miss]\n|-miss|p1a: Zapdos|p2a: unkillable deer\n|\n|-damage|p1a: Zapdos|88\/100 brn|[from] brn\n|upkeep\n|turn|14\n|\n|t:|1700539068\n|move|p1a: Zapdos|Hurricane|p2a: unkillable deer|[miss]\n|-miss|p1a: Zapdos|p2a: unkillable deer\n|move|p2a: unkillable deer|Spikes|p1a: Zapdos\n|-sidestart|p1: ch1ck3n nu99ets|Spikes\n|\n|-damage|p1a: Zapdos|82\/100 brn|[from] brn\n|upkeep\n|turn|15\n|\n|t:|1700539071\n|switch|p1a: Great Tusk|Great Tusk|100\/100\n|switch|p2a: thiccums|Blissey, F|55\/100\n|\n|upkeep\n|turn|16\n|\n|t:|1700539075\n|switch|p2a: what the bird doin|Talonflame, M|87\/100\n|move|p1a: Great Tusk|Knock Off|p2a: what the bird doin\n|-crit|p2a: what the bird doin\n|-damage|p2a: what the bird doin|52\/100\n|-enditem|p2a: what the bird doin|Heavy-Duty Boots|[from] move: Knock Off|[of] p1a: Great Tusk\n|\n|upkeep\n|turn|17\n|\n|t:|1700539079\n|-end|p1a: Great Tusk|Protosynthesis|[silent]\n|switch|p1a: Toxapex|Toxapex, M|100\/100\n|move|p2a: what the bird doin|Defog|p1a: Toxapex\n|-unboost|p1a: Toxapex|evasion|1\n|-sideend|p1: ch1ck3n nu99ets|Spikes|[from] move: Defog|[of] p2a: what the bird doin\n|-sideend|p1: ch1ck3n nu99ets|Stealth Rock|[from] move: Defog|[of] p2a: what the bird doin\n|-sideend|p2: knexhawk2|Stealth Rock|[from] move: Defog|[of] p2a: what the bird doin\n|\n|upkeep\n|turn|18\n|\n|t:|1700539087\n|switch|p2a: bird v2|Corviknight, F|100\/100\n|-ability|p2a: bird v2|Pressure\n|move|p1a: Toxapex|Toxic|p2a: bird v2\n|-immune|p2a: bird v2\n|\n|upkeep\n|turn|19\n|\n|t:|1700539091\n|switch|p2a: thiccums|Blissey, F|55\/100\n|switch|p1a: Zapdos|Zapdos|82\/100 brn\n|\n|-damage|p1a: Zapdos|75\/100 brn|[from] brn\n|upkeep\n|turn|20\n|\n|t:|1700539094\n|move|p1a: Zapdos|Volt Switch|p2a: thiccums\n|-damage|p2a: thiccums|47\/100\n|\n|t:|1700539095\n|switch|p1a: Arcanine|Arcanine-Hisui, M|100\/100|[from] Volt Switch\n|move|p2a: thiccums|Soft-Boiled|p2a: thiccums\n|-heal|p2a: thiccums|97\/100\n|\n|upkeep\n|turn|21\n|\n|t:|1700539114\n|switch|p2a: dondozo erp|Dondozo, F|100\/100\n|move|p1a: Arcanine|Flare Blitz|p2a: dondozo erp\n|-resisted|p2a: dondozo erp\n|-damage|p2a: dondozo erp|79\/100\n|\n|upkeep\n|turn|22\n|\n|t:|1700539119\n|switch|p1a: Toxapex|Toxapex, M|100\/100\n|move|p2a: dondozo erp|Avalanche|p1a: Toxapex\n|-resisted|p1a: Toxapex\n|-crit|p1a: Toxapex\n|-damage|p1a: Toxapex|93\/100\n|\n|upkeep\n|turn|23\n|\n|t:|1700539125\n|switch|p2a: thiccums|Blissey, F|97\/100\n|switch|p1a: Great Tusk|Great Tusk|100\/100\n|\n|upkeep\n|turn|24\n|\n|t:|1700539128\n|switch|p2a: what the bird doin|Talonflame, M|52\/100\n|move|p1a: Great Tusk|Stealth Rock|p2a: what the bird doin\n|-sidestart|p2: knexhawk2|move: Stealth Rock\n|\n|upkeep\n|turn|25\n|\n|t:|1700539142\n|-end|p1a: Great Tusk|Protosynthesis|[silent]\n|switch|p1a: Arcanine|Arcanine-Hisui, M|100\/100\n|move|p2a: what the bird doin|Defog|p1a: Arcanine\n|-unboost|p1a: Arcanine|evasion|1\n|-sideend|p2: knexhawk2|Stealth Rock|[from] move: Defog|[of] p2a: what the bird doin\n|\n|upkeep\n|turn|26\n|\n|t:|1700539146\n|switch|p2a: unkillable deer|Ting-Lu|71\/100\n|-ability|p2a: unkillable deer|Vessel of Ruin\n|move|p1a: Arcanine|Flare Blitz|p2a: unkillable deer\n|-damage|p2a: unkillable deer|19\/100\n|\n|upkeep\n|turn|27\n|\n|t:|1700539150\n|switch|p2a: shitterpon|Dipplin, F|89\/100\n|move|p1a: Arcanine|Flare Blitz|p2a: shitterpon\n|-damage|p2a: shitterpon|50\/100\n|\n|upkeep\n|turn|28\n|\n|t:|1700539153\n|move|p1a: Arcanine|Flare Blitz|p2a: shitterpon\n|-crit|p2a: shitterpon\n|-damage|p2a: shitterpon|0 fnt\n|faint|p2a: shitterpon\n|\n|upkeep\n|\n|t:|1700539156\n|switch|p2a: dondozo erp|Dondozo, F|79\/100\n|turn|29\n|inactive|knexhawk2 has 120 seconds left.\n|\n|t:|1700539197\n|switch|p1a: Toxapex|Toxapex, M|100\/100\n|switch|p2a: unkillable deer|Ting-Lu|19\/100\n|-ability|p2a: unkillable deer|Vessel of Ruin\n|\n|upkeep\n|turn|30\n|\n|t:|1700539207\n|switch|p1a: Great Tusk|Great Tusk|100\/100\n|move|p2a: unkillable deer|Rest|p2a: unkillable deer\n|-status|p2a: unkillable deer|slp|[from] move: Rest\n|-heal|p2a: unkillable deer|100\/100 slp|[silent]\n|\n|upkeep\n|turn|31\n|j| Dittoo\n|inactive|knexhawk2 has 120 seconds left.\n|\n|t:|1700539231\n|switch|p2a: what the bird doin|Talonflame, M|52\/100\n|move|p1a: Great Tusk|Stealth Rock|p2a: what the bird doin\n|-sidestart|p2: knexhawk2|move: Stealth Rock\n|\n|upkeep\n|turn|32\n|\n|t:|1700539238\n|-end|p1a: Great Tusk|Protosynthesis|[silent]\n|switch|p1a: Arcanine|Arcanine-Hisui, M|100\/100\n|move|p2a: what the bird doin|Defog|p1a: Arcanine\n|-unboost|p1a: Arcanine|evasion|1\n|-sideend|p2: knexhawk2|Stealth Rock|[from] move: Defog|[of] p2a: what the bird doin\n|\n|upkeep\n|turn|33\n|\n|t:|1700539246\n|switch|p2a: dondozo erp|Dondozo, F|79\/100\n|move|p1a: Arcanine|Flare Blitz|p2a: dondozo erp\n|-resisted|p2a: dondozo erp\n|-damage|p2a: dondozo erp|59\/100\n|\n|upkeep\n|turn|34\n|\n|t:|1700539251\n|switch|p1a: Toxapex|Toxapex, M|100\/100\n|move|p2a: dondozo erp|Rest|p2a: dondozo erp\n|-status|p2a: dondozo erp|slp|[from] move: Rest\n|-heal|p2a: dondozo erp|100\/100 slp|[silent]\n|\n|upkeep\n|turn|35\n|\n|t:|1700539259\n|switch|p1a: Zapdos|Zapdos|75\/100 brn\n|cant|p2a: dondozo erp|slp\n|move|p2a: dondozo erp|Sleep Talk|p2a: dondozo erp\n|move|p2a: dondozo erp|Body Press|p1a: Zapdos|[from]move: Sleep Talk\n|-resisted|p1a: Zapdos\n|-damage|p1a: Zapdos|63\/100 brn\n|\n|-damage|p1a: Zapdos|57\/100 brn|[from] brn\n|upkeep\n|turn|36\n|j| Bad Players\n|\n|t:|1700539282\n|switch|p1a: Toxapex|Toxapex, M|100\/100\n|switch|p2a: unkillable deer|Ting-Lu|100\/100 slp\n|-ability|p2a: unkillable deer|Vessel of Ruin\n|\n|upkeep\n|turn|37\n|l| Tlub\n|\n|t:|1700539290\n|switch|p1a: Hydreigon|Hydreigon, M|100\/100\n|cant|p2a: unkillable deer|slp\n|move|p2a: unkillable deer|Sleep Talk|p2a: unkillable deer\n|move|p2a: unkillable deer|Rest||[from]move: Sleep Talk|[still]\n|-fail|p2a: unkillable deer\n|\n|upkeep\n|turn|38\n|c| Bad Players|Dipplin why...\n|c|\u2606ch1ck3n nu99ets|its heat\n|c|\u2606knexhawk2|it owns ogrepon\n|c|\u2606knexhawk2|for eternity\n|\n|t:|1700539316\n|switch|p2a: thiccums|Blissey, F|97\/100\n|move|p1a: Hydreigon|Nasty Plot|p1a: Hydreigon\n|-boost|p1a: Hydreigon|spa|2\n|\n|upkeep\n|turn|39\n|c|\u2606knexhawk2|which is funny\n|c|\u2606ch1ck3n nu99ets|sd play rough is my go to set\n|\n|t:|1700539333\n|move|p1a: Hydreigon|Substitute|p1a: Hydreigon\n|-start|p1a: Hydreigon|Substitute\n|-damage|p1a: Hydreigon|76\/100\n|move|p2a: thiccums|Calm Mind|p2a: thiccums\n|-boost|p2a: thiccums|spa|1\n|-boost|p2a: thiccums|spd|1\n|\n|-heal|p1a: Hydreigon|82\/100|[from] item: Leftovers\n|upkeep\n|turn|40\n|c| Bad Players|I thought only fire ogre ran play rough\n|c| Bad Players|Rockpon sets are varied tho\n|inactive|knexhawk2 has 120 seconds left.\n|c|\u2606knexhawk2|+2 252 Atk Wellspring Mask Ogerpon-Wellspring Play Rough vs. 252 HP \/ 252+ Def Eviolite Dipplin: 202-238 (55.4 - 65.3%) -- guaranteed 2HKO\n|\n|t:|1700539365\n|move|p1a: Hydreigon|Dark Pulse|p2a: thiccums\n|-damage|p2a: thiccums|81\/100\n|move|p2a: thiccums|Stealth Rock|p1a: Hydreigon\n|-sidestart|p1: ch1ck3n nu99ets|move: Stealth Rock\n|\n|-heal|p1a: Hydreigon|88\/100|[from] item: Leftovers\n|upkeep\n|turn|41\n|c|\u2606ch1ck3n nu99ets|thats an insane calc\n|\n|t:|1700539370\n|move|p1a: Hydreigon|Dark Pulse|p2a: thiccums\n|-damage|p2a: thiccums|63\/100\n|move|p2a: thiccums|Calm Mind|p2a: thiccums\n|-boost|p2a: thiccums|spa|1\n|-boost|p2a: thiccums|spd|1\n|\n|-heal|p1a: Hydreigon|94\/100|[from] item: Leftovers\n|upkeep\n|turn|42\n|c|\u2606knexhawk2|yeah lmao\n|c|\u2606knexhawk2|most dont have that move either\n|c|\u2606knexhawk2|and i do have dtail\n|\n|t:|1700539380\n|move|p1a: Hydreigon|Dark Pulse|p2a: thiccums\n|-damage|p2a: thiccums|50\/100\n|move|p2a: thiccums|Soft-Boiled|p2a: thiccums\n|-heal|p2a: thiccums|99\/100\n|\n|-heal|p1a: Hydreigon|100\/100|[from] item: Leftovers\n|upkeep\n|turn|43\n|\n|t:|1700539385\n|switch|p1a: Toxapex|Toxapex, M|100\/100\n|move|p2a: thiccums|Seismic Toss|p1a: Toxapex\n|-damage|p1a: Toxapex|68\/100\n|\n|upkeep\n|turn|44\n|c|\u2606knexhawk2|so im not encore setup fodder\n|\n|t:|1700539388\n|move|p2a: thiccums|Seismic Toss|p1a: Toxapex\n|-damage|p1a: Toxapex|35\/100\n|move|p1a: Toxapex|Haze|p1a: Toxapex\n|-clearallboost\n|\n|upkeep\n|turn|45\n|c|\u2606ch1ck3n nu99ets|ting lu have whirlwind for sub?\n|c|\u2606knexhawk2|it doesnt\n|c|\u2606knexhawk2|i just build this team\n|\n|t:|1700539416\n|switch|p2a: unkillable deer|Ting-Lu|100\/100 slp\n|-ability|p2a: unkillable deer|Vessel of Ruin\n|switch|p1a: Great Tusk|Great Tusk|100\/100\n|\n|upkeep\n|turn|46\n|c|\u2606knexhawk2|first game\n|c|\u2606knexhawk2|its probably ass\n|\n|t:|1700539420\n|switch|p2a: what the bird doin|Talonflame, M|52\/100\n|move|p1a: Great Tusk|Stealth Rock|p2a: what the bird doin\n|-sidestart|p2: knexhawk2|move: Stealth Rock\n|\n|upkeep\n|turn|47\n|\n|t:|1700539426\n|-end|p1a: Great Tusk|Protosynthesis|[silent]\n|switch|p1a: Toxapex|Toxapex, M|68\/100\n|move|p2a: what the bird doin|Defog|p1a: Toxapex\n|-unboost|p1a: Toxapex|evasion|1\n|-sideend|p1: ch1ck3n nu99ets|Stealth Rock|[from] move: Defog|[of] p2a: what the bird doin\n|-sideend|p2: knexhawk2|Stealth Rock|[from] move: Defog|[of] p2a: what the bird doin\n|\n|upkeep\n|turn|48\n|c|\u2606knexhawk2|ive already changed it a bit mid game lol\n|c|\u2606ch1ck3n nu99ets|valid lol\n|\n|t:|1700539439\n|switch|p2a: unkillable deer|Ting-Lu|100\/100 slp\n|-ability|p2a: unkillable deer|Vessel of Ruin\n|switch|p1a: Arcanine|Arcanine-Hisui, M|100\/100\n|\n|upkeep\n|turn|49\n|c|\u2606knexhawk2|theres no more dozo, hes now a mola\n|\n|t:|1700539445\n|move|p1a: Arcanine|Flare Blitz|p2a: unkillable deer\n|-crit|p2a: unkillable deer\n|-damage|p2a: unkillable deer|21\/100 slp\n|cant|p2a: unkillable deer|slp\n|\n|upkeep\n|turn|50\n|\n|t:|1700539449\n|switch|p2a: dondozo erp|Dondozo, F|100\/100 slp\n|move|p1a: Arcanine|Flare Blitz|p2a: dondozo erp\n|-resisted|p2a: dondozo erp\n|-damage|p2a: dondozo erp|79\/100 slp\n|\n|upkeep\n|turn|51\n|\n|t:|1700539456\n|switch|p1a: Toxapex|Toxapex, M|100\/100\n|switch|p2a: unkillable deer|Ting-Lu|21\/100 slp\n|-ability|p2a: unkillable deer|Vessel of Ruin\n|\n|upkeep\n|turn|52\n|\n|t:|1700539465\n|switch|p1a: Dragapult|Dragapult, F|100\/100\n|-curestatus|p2a: unkillable deer|slp|[msg]\n|move|p2a: unkillable deer|Rest|p2a: unkillable deer\n|-status|p2a: unkillable deer|slp|[from] move: Rest\n|-heal|p2a: unkillable deer|100\/100 slp|[silent]\n|\n|upkeep\n|turn|53\n|\n|t:|1700539490\n|switch|p2a: bird v2|Corviknight, F|100\/100\n|-ability|p2a: bird v2|Pressure\n|move|p1a: Dragapult|Dragon Darts|p2a: bird v2\n|-resisted|p2a: bird v2\n|-damage|p2a: bird v2|92\/100\n|-anim|p1a: Dragapult|Dragon Darts|p2a: bird v2\n|-resisted|p2a: bird v2\n|-damage|p2a: bird v2|83\/100\n|\n|upkeep\n|turn|54\n|\n|t:|1700539494\n|switch|p1a: Zapdos|Zapdos|57\/100 brn\n|move|p2a: bird v2|Iron Head|p1a: Zapdos\n|-resisted|p1a: Zapdos\n|-damage|p1a: Zapdos|46\/100 brn\n|\n|-damage|p1a: Zapdos|40\/100 brn|[from] brn\n|upkeep\n|turn|55\n|\n|t:|1700539498\n|switch|p1a: Arcanine|Arcanine-Hisui, M|100\/100\n|switch|p2a: unkillable deer|Ting-Lu|100\/100 slp\n|-ability|p2a: unkillable deer|Vessel of Ruin\n|\n|upkeep\n|turn|56\n|\n|t:|1700539506\n|switch|p2a: dondozo erp|Dondozo, F|79\/100 slp\n|move|p1a: Arcanine|Flare Blitz|p2a: dondozo erp\n|-resisted|p2a: dondozo erp\n|-damage|p2a: dondozo erp|57\/100 slp\n|\n|upkeep\n|turn|57\n|\n|t:|1700539510\n|switch|p1a: Toxapex|Toxapex, M|100\/100\n|cant|p2a: dondozo erp|slp\n|move|p2a: dondozo erp|Sleep Talk|p2a: dondozo erp\n|move|p2a: dondozo erp|Avalanche|p1a: Toxapex|[from]move: Sleep Talk\n|-resisted|p1a: Toxapex\n|-damage|p1a: Toxapex|96\/100\n|\n|upkeep\n|turn|58\n|\n|t:|1700539517\n|-curestatus|p2a: dondozo erp|slp|[msg]\n|move|p2a: dondozo erp|Body Press|p1a: Toxapex\n|-resisted|p1a: Toxapex\n|-damage|p1a: Toxapex|87\/100\n|move|p1a: Toxapex|Toxic|p2a: dondozo erp\n|-status|p2a: dondozo erp|tox\n|\n|-damage|p2a: dondozo erp|51\/100 tox|[from] psn\n|upkeep\n|turn|59\n|\n|t:|1700539525\n|switch|p1a: Dragapult|Dragapult, F|100\/100\n|move|p2a: dondozo erp|Rest|p2a: dondozo erp\n|-status|p2a: dondozo erp|slp|[from] move: Rest\n|-heal|p2a: dondozo erp|100\/100 slp|[silent]\n|\n|upkeep\n|turn|60\n|j| JTD783\n|\n|t:|1700539548\n|switch|p2a: bird v2|Corviknight, F|83\/100\n|-ability|p2a: bird v2|Pressure\n|move|p1a: Dragapult|U-turn|p2a: bird v2\n|-resisted|p2a: bird v2\n|-damage|p2a: bird v2|79\/100\n|-damage|p1a: Dragapult|84\/100|[from] item: Rocky Helmet|[of] p2a: bird v2\n|\n|t:|1700539552\n|switch|p1a: Arcanine|Arcanine-Hisui, M|100\/100|[from] U-turn\n|\n|upkeep\n|turn|61\n|\n|t:|1700539559\n|switch|p2a: dondozo erp|Dondozo, F|100\/100 slp\n|move|p1a: Arcanine|Flare Blitz|p2a: dondozo erp\n|-resisted|p2a: dondozo erp\n|-damage|p2a: dondozo erp|79\/100 slp\n|\n|upkeep\n|turn|62\n|\n|t:|1700539564\n|switch|p1a: Toxapex|Toxapex, M|100\/100\n|cant|p2a: dondozo erp|slp\n|move|p2a: dondozo erp|Sleep Talk|p2a: dondozo erp\n|move|p2a: dondozo erp|Body Press|p1a: Toxapex|[from]move: Sleep Talk\n|-resisted|p1a: Toxapex\n|-damage|p1a: Toxapex|92\/100\n|\n|upkeep\n|turn|63\n|\n|t:|1700539571\n|switch|p1a: Great Tusk|Great Tusk|100\/100\n|cant|p2a: dondozo erp|slp\n|move|p2a: dondozo erp|Sleep Talk|p2a: dondozo erp\n|move|p2a: dondozo erp|Avalanche|p1a: Great Tusk|[from]move: Sleep Talk\n|-supereffective|p1a: Great Tusk\n|-damage|p1a: Great Tusk|88\/100\n|\n|upkeep\n|turn|64\n|\n|t:|1700539576\n|switch|p2a: what the bird doin|Talonflame, M|52\/100\n|move|p1a: Great Tusk|Stealth Rock|p2a: what the bird doin\n|-sidestart|p2: knexhawk2|move: Stealth Rock\n|\n|upkeep\n|turn|65\n|\n|t:|1700539580\n|-end|p1a: Great Tusk|Protosynthesis|[silent]\n|switch|p1a: Zapdos|Zapdos|40\/100 brn\n|move|p2a: what the bird doin|Defog|p1a: Zapdos\n|-unboost|p1a: Zapdos|evasion|1\n|-sideend|p2: knexhawk2|Stealth Rock|[from] move: Defog|[of] p2a: what the bird doin\n|\n|-damage|p1a: Zapdos|34\/100 brn|[from] brn\n|upkeep\n|turn|66\n|\n|t:|1700539584\n|move|p1a: Zapdos|Roost|p1a: Zapdos\n|-heal|p1a: Zapdos|84\/100 brn\n|-singleturn|p1a: Zapdos|move: Roost\n|move|p2a: what the bird doin|Roost|p2a: what the bird doin\n|-heal|p2a: what the bird doin|100\/100\n|-singleturn|p2a: what the bird doin|move: Roost\n|\n|-damage|p1a: Zapdos|78\/100 brn|[from] brn\n|upkeep\n|turn|67\n|\n|t:|1700539590\n|switch|p1a: Dragapult|Dragapult, F|84\/100\n|switch|p2a: unkillable deer|Ting-Lu|100\/100 slp\n|-ability|p2a: unkillable deer|Vessel of Ruin\n|\n|-heal|p1a: Dragapult|90\/100|[from] item: Leftovers\n|upkeep\n|turn|68\n|\n|t:|1700539605\n|switch|p1a: Hydreigon|Hydreigon, M|100\/100\n|switch|p2a: bird v2|Corviknight, F|79\/100\n|-ability|p2a: bird v2|Pressure\n|\n|upkeep\n|turn|69\n|\n|t:|1700539617\n|switch|p2a: thiccums|Blissey, F|99\/100\n|move|p1a: Hydreigon|Nasty Plot|p1a: Hydreigon\n|-boost|p1a: Hydreigon|spa|2\n|\n|upkeep\n|turn|70\n|\n|t:|1700539619\n|move|p1a: Hydreigon|Nasty Plot|p1a: Hydreigon\n|-boost|p1a: Hydreigon|spa|2\n|move|p2a: thiccums|Calm Mind|p2a: thiccums\n|-boost|p2a: thiccums|spa|1\n|-boost|p2a: thiccums|spd|1\n|\n|upkeep\n|turn|71\n|\n|t:|1700539622\n|move|p1a: Hydreigon|Dark Pulse|p2a: thiccums\n|-damage|p2a: thiccums|74\/100\n|move|p2a: thiccums|Calm Mind|p2a: thiccums\n|-boost|p2a: thiccums|spa|1\n|-boost|p2a: thiccums|spd|1\n|\n|upkeep\n|turn|72\n|\n|t:|1700539625\n|move|p1a: Hydreigon|Dark Pulse|p2a: thiccums\n|-damage|p2a: thiccums|56\/100\n|cant|p2a: thiccums|flinch\n|\n|upkeep\n|turn|73\n|\n|t:|1700539630\n|switch|p1a: Arcanine|Arcanine-Hisui, M|100\/100\n|move|p2a: thiccums|Seismic Toss|p1a: Arcanine\n|-damage|p1a: Arcanine|70\/100\n|\n|upkeep\n|turn|74\n|\n|t:|1700539654\n|switch|p2a: unkillable deer|Ting-Lu|100\/100 slp\n|-ability|p2a: unkillable deer|Vessel of Ruin\n|move|p1a: Arcanine|Flare Blitz|p2a: unkillable deer\n|-damage|p2a: unkillable deer|53\/100 slp\n|\n|upkeep\n|turn|75\n|j| MiniLarry\n|l| Dittoo\n|\n|t:|1700539663\n|switch|p2a: what the bird doin|Talonflame, M|100\/100\n|move|p1a: Arcanine|Flare Blitz|p2a: what the bird doin\n|-resisted|p2a: what the bird doin\n|-damage|p2a: what the bird doin|58\/100\n|\n|upkeep\n|turn|76\n|\n|t:|1700539668\n|switch|p1a: Zapdos|Zapdos|78\/100 brn\n|move|p2a: what the bird doin|Roost|p2a: what the bird doin\n|-heal|p2a: what the bird doin|100\/100\n|-singleturn|p2a: what the bird doin|move: Roost\n|\n|-damage|p1a: Zapdos|71\/100 brn|[from] brn\n|upkeep\n|turn|77\n|\n|t:|1700539677\n|switch|p1a: Dragapult|Dragapult, F|90\/100\n|switch|p2a: unkillable deer|Ting-Lu|53\/100 slp\n|-ability|p2a: unkillable deer|Vessel of Ruin\n|\n|-heal|p1a: Dragapult|96\/100|[from] item: Leftovers\n|upkeep\n|turn|78\n|\n|t:|1700539682\n|switch|p2a: what the bird doin|Talonflame, M|100\/100\n|move|p1a: Dragapult|U-turn|p2a: what the bird doin\n|-resisted|p2a: what the bird doin\n|-crit|p2a: what the bird doin\n|-damage|p2a: what the bird doin|93\/100\n|\n|t:|1700539684\n|switch|p1a: Arcanine|Arcanine-Hisui, M|70\/100|[from] U-turn\n|\n|upkeep\n|turn|79\n|c|\u2606knexhawk2|ive never struggled with arcanine this much before\n|c|\u2606ch1ck3n nu99ets|adamant rock head is a crazy drug\n|c|\u2606knexhawk2|usually i end up just stuffing this thing\n|\n|t:|1700539704\n|switch|p2a: bird v2|Corviknight, F|79\/100\n|-ability|p2a: bird v2|Pressure\n|move|p1a: Arcanine|Head Smash|p2a: bird v2\n|-damage|p2a: bird v2|3\/100\n|-damage|p1a: Arcanine|54\/100|[from] item: Rocky Helmet|[of] p2a: bird v2\n|\n|upkeep\n|turn|80\n|c|\u2606knexhawk2|granted i use a lot of alomomola\n|\n|t:|1700539714\n|switch|p2a: unkillable deer|Ting-Lu|53\/100 slp\n|-ability|p2a: unkillable deer|Vessel of Ruin\n|move|p1a: Arcanine|Head Smash|p2a: unkillable deer\n|-resisted|p2a: unkillable deer\n|-damage|p2a: unkillable deer|22\/100 slp\n|\n|upkeep\n|turn|81\n|\n|t:|1700539719\n|switch|p2a: bird v2|Corviknight, F|3\/100\n|-ability|p2a: bird v2|Pressure\n|move|p1a: Arcanine|Head Smash|p2a: bird v2\n|-damage|p2a: bird v2|0 fnt\n|-damage|p1a: Arcanine|37\/100|[from] item: Rocky Helmet|[of] p2a: bird v2\n|faint|p2a: bird v2\n|\n|upkeep\n|\n|t:|1700539721\n|switch|p2a: dondozo erp|Dondozo, F|79\/100 slp\n|turn|82\n|\n|t:|1700539728\n|switch|p1a: Toxapex|Toxapex, M|100\/100\n|switch|p2a: unkillable deer|Ting-Lu|22\/100 slp\n|-ability|p2a: unkillable deer|Vessel of Ruin\n|\n|upkeep\n|turn|83\n|\n|t:|1700539732\n|cant|p2a: unkillable deer|slp\n|move|p1a: Toxapex|Surf|p2a: unkillable deer\n|-supereffective|p2a: unkillable deer\n|-damage|p2a: unkillable deer|6\/100 slp\n|\n|upkeep\n|turn|84\n|\n|t:|1700539735\n|switch|p2a: thiccums|Blissey, F|56\/100\n|move|p1a: Toxapex|Surf|p2a: thiccums\n|-damage|p2a: thiccums|51\/100\n|\n|upkeep\n|turn|85\n|\n|t:|1700539739\n|move|p2a: thiccums|Stealth Rock|p1a: Toxapex\n|-sidestart|p1: ch1ck3n nu99ets|move: Stealth Rock\n|move|p1a: Toxapex|Toxic|p2a: thiccums\n|-status|p2a: thiccums|tox\n|\n|-damage|p2a: thiccums|45\/100 tox|[from] psn\n|upkeep\n|turn|86\n|\n|t:|1700539741\n|move|p2a: thiccums|Seismic Toss|p1a: Toxapex\n|-damage|p1a: Toxapex|68\/100\n|move|p1a: Toxapex|Surf|p2a: thiccums\n|-damage|p2a: thiccums|39\/100 tox\n|\n|-damage|p2a: thiccums|27\/100 tox|[from] psn\n|upkeep\n|turn|87\n|\n|t:|1700539743\n|move|p2a: thiccums|Soft-Boiled|p2a: thiccums\n|-heal|p2a: thiccums|77\/100 tox\n|move|p1a: Toxapex|Surf|p2a: thiccums\n|-damage|p2a: thiccums|71\/100 tox\n|\n|-damage|p2a: thiccums|53\/100 tox|[from] psn\n|upkeep\n|turn|88\n|\n|t:|1700539745\n|-curestatus|p2a: thiccums|tox|[from] ability: Natural Cure\n|switch|p2a: dondozo erp|Dondozo, F|79\/100 slp\n|move|p1a: Toxapex|Surf|p2a: dondozo erp\n|-resisted|p2a: dondozo erp\n|-damage|p2a: dondozo erp|71\/100 slp\n|\n|upkeep\n|turn|89\n|\n|t:|1700539749\n|switch|p2a: thiccums|Blissey, F|53\/100\n|move|p1a: Toxapex|Toxic|p2a: thiccums\n|-status|p2a: thiccums|tox\n|\n|-damage|p2a: thiccums|47\/100 tox|[from] psn\n|upkeep\n|turn|90\n|\n|t:|1700539752\n|switch|p1a: Great Tusk|Great Tusk|88\/100\n|move|p2a: thiccums|Soft-Boiled|p2a: thiccums\n|-heal|p2a: thiccums|97\/100 tox\n|\n|-damage|p2a: thiccums|84\/100 tox|[from] psn\n|upkeep\n|turn|91\n|\n|t:|1700539754\n|-curestatus|p2a: thiccums|tox|[from] ability: Natural Cure\n|switch|p2a: what the bird doin|Talonflame, M|93\/100\n|move|p1a: Great Tusk|Stealth Rock|p2a: what the bird doin\n|-sidestart|p2: knexhawk2|move: Stealth Rock\n|\n|upkeep\n|turn|92\n|\n|t:|1700539758\n|-end|p1a: Great Tusk|Protosynthesis|[silent]\n|switch|p1a: Zapdos|Zapdos|71\/100 brn\n|move|p2a: what the bird doin|Defog|p1a: Zapdos\n|-unboost|p1a: Zapdos|evasion|1\n|-sideend|p1: ch1ck3n nu99ets|Stealth Rock|[from] move: Defog|[of] p2a: what the bird doin\n|-sideend|p2: knexhawk2|Stealth Rock|[from] move: Defog|[of] p2a: what the bird doin\n|\n|-damage|p1a: Zapdos|65\/100 brn|[from] brn\n|upkeep\n|turn|93\n|\n|t:|1700539762\n|switch|p2a: unkillable deer|Ting-Lu|6\/100 slp\n|-ability|p2a: unkillable deer|Vessel of Ruin\n|move|p1a: Zapdos|Volt Switch|p2a: unkillable deer\n|-immune|p2a: unkillable deer\n|\n|-damage|p1a: Zapdos|59\/100 brn|[from] brn\n|upkeep\n|turn|94\n|c|\u2606knexhawk2|you miss 2\n|\n|t:|1700539768\n|move|p1a: Zapdos|Hurricane|p2a: unkillable deer\n|-damage|p2a: unkillable deer|0 fnt\n|faint|p2a: unkillable deer\n|\n|-damage|p1a: Zapdos|53\/100 brn|[from] brn\n|upkeep\n|c|\u2606knexhawk2|nope\n|c|\u2606knexhawk2|yeah gg\n|c|\u2606ch1ck3n nu99ets|ha\n|c|\u2606ch1ck3n nu99ets|gg\n|c|\u2606knexhawk2|fuck ting lu this guy sucks\n|l| MiniLarry\n|n|\u203dknexhawk2|knexhawk2\n|c|&|\/log knexhawk2 was locked from talking by Artemis. (\u2606knexhawk2: fuck ting lu this guy sucks)\n|c|&|\/raw <small>This action was done automatically. Want to learn more about the AI? <a href=\"https:\/\/www.smogon.com\/forums\/threads\/3570628\/#post-9056769\">Visit the information thread<\/a>.<\/small>\n|c|\u2606ch1ck3n nu99ets|damn lmao\n|c|\u2606ch1ck3n nu99ets|1984 ass bot\n|inactive|knexhawk2 has 120 seconds left.\n|c|\u2606ch1ck3n nu99ets|free my man\n|\n|t:|1700539816\n|switch|p2a: thiccums|Blissey, F|84\/100\n|turn|95\n|\n|t:|1700539821\n|move|p1a: Zapdos|Volt Switch|p2a: thiccums\n|-damage|p2a: thiccums|75\/100\n|\n|t:|1700539824\n|switch|p1a: Dragapult|Dragapult, F|96\/100|[from] Volt Switch\n|move|p2a: thiccums|Seismic Toss|p1a: Dragapult\n|-immune|p1a: Dragapult\n|\n|-heal|p1a: Dragapult|100\/100|[from] item: Leftovers\n|upkeep\n|turn|96\n|n|\u2606knexhawk2|knexhawk2\n|c|\u2606knexhawk2|well\n|c|\u2606knexhawk2|staff was fast\n|c|\u2606knexhawk2|lmao\n|\n|t:|1700539848\n|switch|p2a: dondozo erp|Dondozo, F|71\/100 slp\n|move|p1a: Dragapult|Dragon Darts|p2a: dondozo erp\n|-damage|p2a: dondozo erp|58\/100 slp\n|-anim|p1a: Dragapult|Dragon Darts|p2a: dondozo erp\n|-damage|p2a: dondozo erp|46\/100 slp\n|\n|upkeep\n|turn|97\n|\n|t:|1700539854\n|move|p1a: Dragapult|U-turn|p2a: dondozo erp\n|-damage|p2a: dondozo erp|34\/100 slp\n|\n|t:|1700539856\n|switch|p1a: Toxapex|Toxapex, M|100\/100|[from] U-turn\n|-curestatus|p2a: dondozo erp|slp|[msg]\n|move|p2a: dondozo erp|Rest|p2a: dondozo erp\n|-status|p2a: dondozo erp|slp|[from] move: Rest\n|-heal|p2a: dondozo erp|100\/100 slp|[silent]\n|\n|upkeep\n|turn|98\n|\n|t:|1700539871\n|switch|p1a: Dragapult|Dragapult, F|100\/100\n|cant|p2a: dondozo erp|slp\n|\n|upkeep\n|turn|99\n|\n|t:|1700539876\n|move|p1a: Dragapult|Dragon Darts|p2a: dondozo erp\n|-damage|p2a: dondozo erp|87\/100 slp\n|-anim|p1a: Dragapult|Dragon Darts|p2a: dondozo erp\n|-damage|p2a: dondozo erp|76\/100 slp\n|cant|p2a: dondozo erp|slp\n|\n|upkeep\n|turn|100\n|c|\u2606knexhawk2|ill just ff i lose already\n|\n|t:|1700539881\n|switch|p1a: Toxapex|Toxapex, M|100\/100\n|-curestatus|p2a: dondozo erp|slp|[msg]\n|move|p2a: dondozo erp|Avalanche|p1a: Toxapex\n|-resisted|p1a: Toxapex\n|-damage|p1a: Toxapex|97\/100\n|\n|upkeep\n|turn|101\n|c|\u2606knexhawk2|ggs\n|c|\u2606ch1ck3n nu99ets|gg\n|-message|knexhawk2 forfeited.\n|c|\u2606ch1ck3n nu99ets|btw\n|\n|win|ch1ck3n nu99ets\n|raw|ch1ck3n nu99ets's rating: 1688 &rarr; <strong>1714<\/strong><br \/>(+26 for winning)\n|raw|knexhawk2's rating: 1788 &rarr; <strong>1762<\/strong><br \/>(-26 for losing)\n|l|\u2606knexhawk2\n","uploadtime":1700539776,"views":20,"p1id":"ch1ck3nnu99ets","p2id":"knexhawk2","formatid":"gen9ou","rating":1714,"private":0,"password":""}