{"id":"gen9ou-1993709623","p1":"lcjerich","p2":"Wiseblood2707","format":"[Gen 9] OU","log":"|j|\u2606lcjerich\n|j|\u2606Wiseblood2707\n|t:|1700348084\n|gametype|singles\n|player|p1|lcjerich|bruno|\n|player|p2|Wiseblood2707|giovanni|\n|teamsize|p1|6\n|teamsize|p2|6\n|gen|9\n|tier|[Gen 9] OU\n|rule|Sleep Clause Mod: Limit one foe put to sleep\n|rule|Species Clause: Limit one of each Pok\u00e9mon\n|rule|OHKO Clause: OHKO moves are banned\n|rule|Evasion Items Clause: Evasion items are banned\n|rule|Evasion Moves Clause: Evasion moves are banned\n|rule|Endless Battle Clause: Forcing endless battles is banned\n|rule|HP Percentage Mod: HP is shown in percentages\n|clearpoke\n|poke|p1|Gholdengo|\n|poke|p1|Cinderace, M|\n|poke|p1|Tyranitar, F|\n|poke|p1|Rotom-Wash|\n|poke|p1|Mandibuzz, F|\n|poke|p1|Thundurus, M|\n|poke|p2|Iron Thorns|\n|poke|p2|Abomasnow, F|\n|poke|p2|Dragapult, F|\n|poke|p2|Quagsire, F|\n|poke|p2|Rillaboom, F|\n|poke|p2|Articuno|\n|teampreview\n|inactive|Battle timer is ON: inactive players will automatically lose when time's up. (requested by lcjerich)\n|c|\u2606Wiseblood2707|ese?\n|c|\u2606lcjerich|glhf\n|c|\u2606lcjerich|si\n|c|\u2606Wiseblood2707|dale\n|c|\u2606Wiseblood2707|gl\n|\n|t:|1700348114\n|start\n|switch|p1a: Tyranitar|Tyranitar, F|100\/100\n|switch|p2a: Quack Sid|Quagsire, F|100\/100\n|-weather|Sandstorm|[from] ability: Sand Stream|[of] p1a: Tyranitar\n|turn|1\n|j| LuichoX\n|\n|t:|1700348130\n|switch|p1a: Gholdengo|Gholdengo|100\/100\n|-item|p1a: Gholdengo|Air Balloon\n|move|p2a: Quack Sid|Spikes|p1a: Gholdengo\n|-sidestart|p1: lcjerich|Spikes\n|\n|-weather|Sandstorm|[upkeep]\n|upkeep\n|turn|2\n|j| LupinoFTW\n|j| Due Lipa\n|\n|t:|1700348145\n|move|p1a: Gholdengo|Shadow Ball|p2a: Quack Sid\n|-damage|p2a: Quack Sid|55\/100\n|move|p2a: Quack Sid|Spikes|p1a: Gholdengo\n|-sidestart|p1: lcjerich|Spikes\n|\n|-weather|Sandstorm|[upkeep]\n|-heal|p2a: Quack Sid|61\/100|[from] item: Leftovers\n|upkeep\n|turn|3\n|\n|t:|1700348153\n|move|p1a: Gholdengo|Shadow Ball|p2a: Quack Sid\n|-damage|p2a: Quack Sid|15\/100\n|move|p2a: Quack Sid|Recover|p2a: Quack Sid\n|-heal|p2a: Quack Sid|65\/100\n|\n|-weather|Sandstorm|[upkeep]\n|-heal|p2a: Quack Sid|72\/100|[from] item: Leftovers\n|upkeep\n|turn|4\n|\n|t:|1700348164\n|move|p1a: Gholdengo|Shadow Ball|p2a: Quack Sid\n|-damage|p2a: Quack Sid|28\/100\n|-unboost|p2a: Quack Sid|spd|1\n|move|p2a: Quack Sid|Recover|p2a: Quack Sid\n|-heal|p2a: Quack Sid|78\/100\n|\n|-weather|Sandstorm|[upkeep]\n|-heal|p2a: Quack Sid|84\/100|[from] item: Leftovers\n|upkeep\n|turn|5\n|\n|t:|1700348183\n|move|p1a: Gholdengo|Shadow Ball|p2a: Quack Sid\n|-damage|p2a: Quack Sid|19\/100\n|move|p2a: Quack Sid|Spikes|p1a: Gholdengo\n|-sidestart|p1: lcjerich|Spikes\n|\n|-weather|none\n|-heal|p2a: Quack Sid|25\/100|[from] item: Leftovers\n|upkeep\n|turn|6\n|\n|t:|1700348192\n|move|p1a: Gholdengo|Shadow Ball|p2a: Quack Sid\n|-damage|p2a: Quack Sid|0 fnt\n|faint|p2a: Quack Sid\n|\n|upkeep\n|c| Due Lipa|no unaware???\n|\n|t:|1700348198\n|switch|p2a: Pejelagarto|Dragapult, F|100\/100\n|turn|7\n|\n|t:|1700348214\n|switch|p1a: Tyranitar|Tyranitar, F|100\/100\n|-damage|p1a: Tyranitar|75\/100|[from] Spikes\n|-weather|Sandstorm|[from] ability: Sand Stream|[of] p1a: Tyranitar\n|move|p2a: Pejelagarto|Flamethrower|p1a: Tyranitar\n|-resisted|p1a: Tyranitar\n|-damage|p1a: Tyranitar|67\/100\n|\n|-weather|Sandstorm|[upkeep]\n|-damage|p2a: Pejelagarto|95\/100|[from] Sandstorm\n|-heal|p1a: Tyranitar|73\/100|[from] item: Leftovers\n|upkeep\n|turn|8\n|\n|t:|1700348228\n|switch|p2a: San Nicolas|Abomasnow, F|100\/100\n|-weather|Snow|[from] ability: Snow Warning|[of] p2a: San Nicolas\n|move|p1a: Tyranitar|Crunch|p2a: San Nicolas\n|-damage|p2a: San Nicolas|83\/100\n|-unboost|p2a: San Nicolas|def|1\n|\n|-weather|Snow|[upkeep]\n|-heal|p1a: Tyranitar|79\/100|[from] item: Leftovers\n|upkeep\n|turn|9\n|inactive|Wiseblood2707 has 270 seconds left.\n|\n|t:|1700348249\n|switch|p1a: Rotom|Rotom-Wash|100\/100\n|move|p2a: San Nicolas|Aurora Veil|p2a: San Nicolas\n|-sidestart|p2: Wiseblood2707|move: Aurora Veil\n|\n|-weather|Snow|[upkeep]\n|upkeep\n|turn|10\n|\n|t:|1700348259\n|switch|p2a: Larcey Muno|Articuno|100\/100\n|-ability|p2a: Larcey Muno|Pressure\n|move|p1a: Rotom|Trick|p2a: Larcey Muno\n|-activate|p1a: Rotom|move: Trick|[of] p2a: Larcey Muno\n|-item|p2a: Larcey Muno|Choice Scarf|[from] move: Trick\n|-item|p1a: Rotom|Assault Vest|[from] move: Trick\n|\n|-weather|Snow|[upkeep]\n|upkeep\n|turn|11\n|\n|t:|1700348272\n|switch|p1a: Tyranitar|Tyranitar, F|79\/100\n|-damage|p1a: Tyranitar|54\/100|[from] Spikes\n|-weather|Sandstorm|[from] ability: Sand Stream|[of] p1a: Tyranitar\n|move|p2a: Larcey Muno|Freeze-Dry|p1a: Tyranitar\n|-damage|p1a: Tyranitar|40\/100\n|\n|-weather|Sandstorm|[upkeep]\n|-damage|p2a: Larcey Muno|94\/100|[from] Sandstorm\n|-heal|p1a: Tyranitar|47\/100|[from] item: Leftovers\n|upkeep\n|turn|12\n|c| Due Lipa|ASSAULT VEST ARTICUNO???\n|c| LuichoX|he crazy for that one\n|\n|t:|1700348296\n|switch|p2a: San Nicolas|Abomasnow, F|83\/100\n|-weather|Snow|[from] ability: Snow Warning|[of] p2a: San Nicolas\n|move|p1a: Tyranitar|Stealth Rock|p2a: San Nicolas\n|-sidestart|p2: Wiseblood2707|move: Stealth Rock\n|\n|-weather|Snow|[upkeep]\n|-heal|p1a: Tyranitar|53\/100|[from] item: Leftovers\n|upkeep\n|turn|13\n|\n|t:|1700348305\n|switch|p1a: Rotom|Rotom-Wash|100\/100\n|move|p2a: San Nicolas|Body Press|p1a: Rotom\n|-damage|p1a: Rotom|72\/100\n|\n|-weather|Snow|[upkeep]\n|upkeep\n|turn|14\n|\n|t:|1700348323\n|switch|p2a: Las Gens viejas|Iron Thorns|100\/100\n|-damage|p2a: Las Gens viejas|88\/100|[from] Stealth Rock\n|-enditem|p2a: Las Gens viejas|Booster Energy\n|-activate|p2a: Las Gens viejas|ability: Quark Drive|[fromitem]\n|-start|p2a: Las Gens viejas|quarkdriveatk\n|move|p1a: Rotom|Volt Switch|p2a: Las Gens viejas\n|-resisted|p2a: Las Gens viejas\n|-damage|p2a: Las Gens viejas|80\/100\n|\n|t:|1700348331\n|switch|p1a: Tyranitar|Tyranitar, F|53\/100|[from] Volt Switch\n|-damage|p1a: Tyranitar|28\/100|[from] Spikes\n|-weather|Sandstorm|[from] ability: Sand Stream|[of] p1a: Tyranitar\n|\n|-weather|Sandstorm|[upkeep]\n|-heal|p1a: Tyranitar|34\/100|[from] item: Leftovers\n|upkeep\n|turn|15\n|\n|t:|1700348346\n|move|p2a: Las Gens viejas|Earthquake|p1a: Tyranitar\n|-supereffective|p1a: Tyranitar\n|-damage|p1a: Tyranitar|0 fnt\n|faint|p1a: Tyranitar\n|\n|-weather|Sandstorm|[upkeep]\n|upkeep\n|\n|t:|1700348349\n|switch|p1a: Mandibuzz|Mandibuzz, F|100\/100\n|turn|16\n|inactive|lcjerich has 270 seconds left.\n|\n|t:|1700348402\n|-end|p2a: Las Gens viejas|Quark Drive|[silent]\n|switch|p2a: San Nicolas|Abomasnow, F|83\/100\n|-damage|p2a: San Nicolas|58\/100|[from] Stealth Rock\n|-weather|Snow|[from] ability: Snow Warning|[of] p2a: San Nicolas\n|-terastallize|p1a: Mandibuzz|Fighting\n|move|p1a: Mandibuzz|Defog|p2a: San Nicolas\n|-unboost|p2a: San Nicolas|evasion|1\n|-sideend|p2: Wiseblood2707|move: Aurora Veil\n|-sideend|p2: Wiseblood2707|Stealth Rock|[from] move: Defog|[of] p1a: Mandibuzz\n|-sideend|p1: lcjerich|Spikes|[from] move: Defog|[of] p1a: Mandibuzz\n|\n|-weather|Snow|[upkeep]\n|upkeep\n|turn|17\n|inactive|lcjerich has 240 seconds left.\n|\n|t:|1700348438\n|move|p1a: Mandibuzz|U-turn|p2a: San Nicolas\n|-supereffective|p2a: San Nicolas\n|-damage|p2a: San Nicolas|46\/100\n|\n|t:|1700348439\n|switch|p1a: Cinderace|Cinderace, M|100\/100|[from] U-turn\n|move|p2a: San Nicolas|Aurora Veil|p2a: San Nicolas\n|-sidestart|p2: Wiseblood2707|move: Aurora Veil\n|\n|-weather|Snow|[upkeep]\n|upkeep\n|turn|18\n|\n|t:|1700348447\n|switch|p2a: Las Gens viejas|Iron Thorns|80\/100\n|move|p1a: Cinderace|Pyro Ball|p2a: Las Gens viejas\n|-resisted|p2a: Las Gens viejas\n|-damage|p2a: Las Gens viejas|69\/100\n|\n|-weather|Snow|[upkeep]\n|upkeep\n|turn|19\n|\n|t:|1700348453\n|move|p1a: Cinderace|U-turn|p2a: Las Gens viejas\n|-start|p1a: Cinderace|typechange|Bug|[from] ability: Libero\n|-damage|p2a: Las Gens viejas|56\/100\n|\n|t:|1700348455\n|switch|p1a: Mandibuzz|Mandibuzz, F, tera:Fighting|100\/100|[from] U-turn\n|move|p2a: Las Gens viejas|Dragon Dance|p2a: Las Gens viejas\n|-boost|p2a: Las Gens viejas|atk|1\n|-boost|p2a: Las Gens viejas|spe|1\n|\n|-weather|Snow|[upkeep]\n|upkeep\n|turn|20\n|\n|t:|1700348469\n|-end|p2a: Las Gens viejas|Quark Drive|[silent]\n|switch|p2a: Larcey Muno|Articuno|94\/100\n|-ability|p2a: Larcey Muno|Pressure\n|move|p1a: Mandibuzz|Foul Play|p2a: Larcey Muno\n|-damage|p2a: Larcey Muno|86\/100\n|\n|-weather|none\n|upkeep\n|turn|21\n|\n|t:|1700348483\n|switch|p1a: Cinderace|Cinderace, M|100\/100\n|move|p2a: Larcey Muno|Freeze-Dry|p1a: Cinderace\n|-resisted|p1a: Cinderace\n|-damage|p1a: Cinderace|80\/100\n|\n|upkeep\n|turn|22\n|\n|t:|1700348493\n|switch|p2a: Las Gens viejas|Iron Thorns|56\/100\n|move|p1a: Cinderace|Pyro Ball|p2a: Las Gens viejas\n|-resisted|p2a: Las Gens viejas\n|-damage|p2a: Las Gens viejas|45\/100\n|\n|upkeep\n|turn|23\n|\n|t:|1700348502\n|move|p1a: Cinderace|U-turn|p2a: Las Gens viejas\n|-start|p1a: Cinderace|typechange|Bug|[from] ability: Libero\n|-damage|p2a: Las Gens viejas|31\/100\n|\n|t:|1700348504\n|switch|p1a: Mandibuzz|Mandibuzz, F, tera:Fighting|100\/100|[from] U-turn\n|move|p2a: Las Gens viejas|Wild Charge|p1a: Mandibuzz\n|-damage|p1a: Mandibuzz|78\/100\n|-damage|p2a: Las Gens viejas|25\/100|[from] Recoil\n|\n|upkeep\n|turn|24\n|\n|t:|1700348522\n|move|p2a: Las Gens viejas|Dragon Dance|p2a: Las Gens viejas\n|-boost|p2a: Las Gens viejas|atk|1\n|-boost|p2a: Las Gens viejas|spe|1\n|move|p1a: Mandibuzz|Roost|p1a: Mandibuzz\n|-heal|p1a: Mandibuzz|100\/100\n|\n|-sideend|p2: Wiseblood2707|move: Aurora Veil\n|upkeep\n|turn|25\n|l| Due Lipa\n|j| Due Lipa\n|\n|t:|1700348534\n|move|p2a: Las Gens viejas|Earthquake|p1a: Mandibuzz\n|-damage|p1a: Mandibuzz|76\/100\n|move|p1a: Mandibuzz|Foul Play|p2a: Las Gens viejas\n|-damage|p2a: Las Gens viejas|0 fnt\n|faint|p2a: Las Gens viejas\n|-end|p2a: Las Gens viejas|Quark Drive|[silent]\n|\n|upkeep\n|\n|t:|1700348540\n|switch|p2a: San Nicolas|Abomasnow, F|46\/100\n|-weather|Snow|[from] ability: Snow Warning|[of] p2a: San Nicolas\n|turn|26\n|\n|t:|1700348544\n|move|p1a: Mandibuzz|Roost|p1a: Mandibuzz\n|-heal|p1a: Mandibuzz|100\/100\n|move|p2a: San Nicolas|Aurora Veil|p2a: San Nicolas\n|-sidestart|p2: Wiseblood2707|move: Aurora Veil\n|\n|-weather|Snow|[upkeep]\n|upkeep\n|turn|27\n|\n|t:|1700348551\n|switch|p2a: Larcey Muno|Articuno|86\/100\n|-ability|p2a: Larcey Muno|Pressure\n|move|p1a: Mandibuzz|U-turn|p2a: Larcey Muno\n|-resisted|p2a: Larcey Muno\n|-crit|p2a: Larcey Muno\n|-damage|p2a: Larcey Muno|80\/100\n|\n|t:|1700348553\n|switch|p1a: Cinderace|Cinderace, M|80\/100|[from] U-turn\n|\n|-weather|Snow|[upkeep]\n|upkeep\n|turn|28\n|\n|t:|1700348565\n|move|p2a: Larcey Muno|U-turn|p1a: Cinderace\n|-resisted|p1a: Cinderace\n|-damage|p1a: Cinderace|70\/100\n|\n|t:|1700348573\n|switch|p2a: Pejelagarto|Dragapult, F|95\/100|[from] U-turn\n|move|p1a: Cinderace|Pyro Ball|p2a: Pejelagarto|[miss]\n|-miss|p1a: Cinderace|p2a: Pejelagarto\n|\n|-weather|Snow|[upkeep]\n|upkeep\n|turn|29\n|\n|t:|1700348595\n|switch|p1a: Rotom|Rotom-Wash|72\/100\n|move|p2a: Pejelagarto|Flamethrower|p1a: Rotom\n|-resisted|p1a: Rotom\n|-damage|p1a: Rotom|54\/100\n|\n|-weather|Snow|[upkeep]\n|upkeep\n|turn|30\n|\n|t:|1700348605\n|switch|p2a: MermeladaBunch|Rillaboom, F|100\/100\n|-fieldstart|move: Grassy Terrain|[from] ability: Grassy Surge|[of] p2a: MermeladaBunch\n|move|p1a: Rotom|Volt Switch|p2a: MermeladaBunch\n|-resisted|p2a: MermeladaBunch\n|-damage|p2a: MermeladaBunch|90\/100\n|\n|t:|1700348611\n|switch|p1a: Mandibuzz|Mandibuzz, F, tera:Fighting|100\/100|[from] Volt Switch\n|\n|-weather|none\n|-heal|p2a: MermeladaBunch|96\/100|[from] Grassy Terrain\n|upkeep\n|turn|31\n|\n|t:|1700348619\n|switch|p2a: Larcey Muno|Articuno|80\/100\n|-ability|p2a: Larcey Muno|Pressure\n|move|p1a: Mandibuzz|Foul Play|p2a: Larcey Muno\n|-damage|p2a: Larcey Muno|65\/100\n|\n|upkeep\n|turn|32\n|\n|t:|1700348634\n|move|p2a: Larcey Muno|Air Slash|p1a: Mandibuzz\n|-supereffective|p1a: Mandibuzz\n|-damage|p1a: Mandibuzz|43\/100\n|move|p1a: Mandibuzz|Foul Play|p2a: Larcey Muno\n|-damage|p2a: Larcey Muno|52\/100\n|\n|-heal|p1a: Mandibuzz|49\/100|[from] Grassy Terrain\n|upkeep\n|turn|33\n|\n|t:|1700348643\n|switch|p1a: Rotom|Rotom-Wash|54\/100\n|move|p2a: Larcey Muno|Air Slash|p1a: Rotom\n|-resisted|p1a: Rotom\n|-damage|p1a: Rotom|39\/100\n|\n|-sideend|p2: Wiseblood2707|move: Aurora Veil\n|upkeep\n|turn|34\n|\n|t:|1700348650\n|switch|p2a: San Nicolas|Abomasnow, F|46\/100\n|-weather|Snow|[from] ability: Snow Warning|[of] p2a: San Nicolas\n|move|p1a: Rotom|Volt Switch|p2a: San Nicolas\n|-resisted|p2a: San Nicolas\n|-damage|p2a: San Nicolas|29\/100\n|\n|t:|1700348652\n|switch|p1a: Mandibuzz|Mandibuzz, F, tera:Fighting|49\/100|[from] Volt Switch\n|\n|-weather|Snow|[upkeep]\n|-heal|p1a: Mandibuzz|55\/100|[from] Grassy Terrain\n|-heal|p2a: San Nicolas|35\/100|[from] Grassy Terrain\n|-fieldend|move: Grassy Terrain\n|upkeep\n|turn|35\n|\n|t:|1700348665\n|move|p1a: Mandibuzz|Roost|p1a: Mandibuzz\n|-heal|p1a: Mandibuzz|100\/100\n|move|p2a: San Nicolas|Aurora Veil|p2a: San Nicolas\n|-sidestart|p2: Wiseblood2707|move: Aurora Veil\n|\n|-weather|Snow|[upkeep]\n|upkeep\n|turn|36\n|\n|t:|1700348670\n|switch|p2a: Larcey Muno|Articuno|52\/100\n|-ability|p2a: Larcey Muno|Pressure\n|move|p1a: Mandibuzz|U-turn|p2a: Larcey Muno\n|-resisted|p2a: Larcey Muno\n|-damage|p2a: Larcey Muno|50\/100\n|\n|t:|1700348673\n|switch|p1a: Rotom|Rotom-Wash|39\/100|[from] U-turn\n|\n|-weather|Snow|[upkeep]\n|upkeep\n|turn|37\n|\n|t:|1700348680\n|move|p2a: Larcey Muno|Freeze-Dry|p1a: Rotom\n|-supereffective|p1a: Rotom\n|-damage|p1a: Rotom|0 fnt\n|faint|p1a: Rotom\n|\n|-weather|Snow|[upkeep]\n|upkeep\n|\n|t:|1700348684\n|switch|p1a: Cinderace|Cinderace, M|70\/100\n|turn|38\n|l| Due Lipa\n|\n|t:|1700348689\n|switch|p2a: Pejelagarto|Dragapult, F|95\/100\n|move|p1a: Cinderace|Pyro Ball|p2a: Pejelagarto\n|-resisted|p2a: Pejelagarto\n|-damage|p2a: Pejelagarto|75\/100\n|\n|-weather|none\n|upkeep\n|turn|39\n|j| Due Lipa\n|\n|t:|1700348713\n|switch|p1a: Mandibuzz|Mandibuzz, F, tera:Fighting|100\/100\n|move|p2a: Pejelagarto|Draco Meteor|p1a: Mandibuzz\n|-damage|p1a: Mandibuzz|20\/100\n|-unboost|p2a: Pejelagarto|spa|2\n|\n|upkeep\n|turn|40\n|\n|t:|1700348727\n|switch|p1a: Gholdengo|Gholdengo|100\/100\n|-item|p1a: Gholdengo|Air Balloon\n|move|p2a: Pejelagarto|Draco Meteor|p1a: Gholdengo\n|-resisted|p1a: Gholdengo\n|-damage|p1a: Gholdengo|79\/100\n|-unboost|p2a: Pejelagarto|spa|2\n|-enditem|p1a: Gholdengo|Air Balloon\n|\n|upkeep\n|turn|41\n|l| Due Lipa\n|\n|t:|1700348743\n|switch|p2a: MermeladaBunch|Rillaboom, F|96\/100\n|-fieldstart|move: Grassy Terrain|[from] ability: Grassy Surge|[of] p2a: MermeladaBunch\n|move|p1a: Gholdengo|Thunder Wave|p2a: MermeladaBunch\n|-status|p2a: MermeladaBunch|par\n|\n|-heal|p1a: Gholdengo|85\/100|[from] Grassy Terrain\n|-heal|p2a: MermeladaBunch|100\/100 par|[from] Grassy Terrain\n|upkeep\n|turn|42\n|j| Due Lipa\n|inactive|lcjerich has 270 seconds left.\n|inactive|lcjerich has 240 seconds left.\n|\n|t:|1700348798\n|switch|p1a: Mandibuzz|Mandibuzz, F, tera:Fighting|20\/100\n|move|p2a: MermeladaBunch|Knock Off|p1a: Mandibuzz\n|-resisted|p1a: Mandibuzz\n|-crit|p1a: Mandibuzz\n|-damage|p1a: Mandibuzz|0 fnt\n|-enditem|p1a: Mandibuzz|Heavy-Duty Boots|[from] move: Knock Off|[of] p2a: MermeladaBunch\n|faint|p1a: Mandibuzz\n|\n|-sideend|p2: Wiseblood2707|move: Aurora Veil\n|upkeep\n|\n|t:|1700348804\n|switch|p1a: Cinderace|Cinderace, M|70\/100\n|turn|43\n|\n|t:|1700348823\n|switch|p2a: San Nicolas|Abomasnow, F|35\/100\n|-weather|Snow|[from] ability: Snow Warning|[of] p2a: San Nicolas\n|move|p1a: Cinderace|Pyro Ball|p2a: San Nicolas\n|-supereffective|p2a: San Nicolas\n|-damage|p2a: San Nicolas|0 fnt\n|faint|p2a: San Nicolas\n|\n|-weather|Snow|[upkeep]\n|-heal|p1a: Cinderace|76\/100|[from] Grassy Terrain\n|upkeep\n|\n|t:|1700348833\n|switch|p2a: Pejelagarto|Dragapult, F|75\/100\n|turn|44\n|\n|t:|1700348839\n|move|p1a: Cinderace|Sucker Punch|p2a: Pejelagarto\n|-start|p1a: Cinderace|typechange|Dark|[from] ability: Libero\n|-supereffective|p2a: Pejelagarto\n|-damage|p2a: Pejelagarto|0 fnt\n|faint|p2a: Pejelagarto\n|\n|-weather|Snow|[upkeep]\n|-heal|p1a: Cinderace|82\/100|[from] Grassy Terrain\n|upkeep\n|\n|t:|1700348846\n|switch|p2a: MermeladaBunch|Rillaboom, F|100\/100 par\n|turn|45\n|inactive|lcjerich has 270 seconds left.\n|\n|t:|1700348872\n|move|p1a: Cinderace|Pyro Ball|p2a: MermeladaBunch\n|-supereffective|p2a: MermeladaBunch\n|-damage|p2a: MermeladaBunch|12\/100 par\n|move|p2a: MermeladaBunch|Wood Hammer|p1a: Cinderace\n|-damage|p1a: Cinderace|0 fnt\n|faint|p1a: Cinderace\n|-damage|p2a: MermeladaBunch|0 fnt|[from] Recoil\n|faint|p2a: MermeladaBunch\n|\n|-weather|Snow|[upkeep]\n|-fieldend|move: Grassy Terrain\n|upkeep\n|\n|t:|1700348882\n|switch|p1a: Thundurus|Thundurus, M|100\/100\n|switch|p2a: Larcey Muno|Articuno|50\/100\n|-ability|p2a: Larcey Muno|Pressure\n|turn|46\n|\n|t:|1700348887\n|move|p2a: Larcey Muno|Blizzard|p1a: Thundurus\n|-supereffective|p1a: Thundurus\n|-damage|p1a: Thundurus|0 fnt\n|faint|p1a: Thundurus\n|\n|-weather|Snow|[upkeep]\n|upkeep\n|\n|t:|1700348889\n|switch|p1a: Gholdengo|Gholdengo|85\/100\n|turn|47\n|\n|t:|1700348897\n|-terastallize|p2a: Larcey Muno|Ground\n|move|p2a: Larcey Muno|Blizzard|p1a: Gholdengo\n|-resisted|p1a: Gholdengo\n|-damage|p1a: Gholdengo|60\/100\n|move|p1a: Gholdengo|Recover|p1a: Gholdengo\n|-heal|p1a: Gholdengo|100\/100\n|\n|-weather|none\n|upkeep\n|turn|48\n|inactive|lcjerich has 270 seconds left.\n|\n|t:|1700348921\n|move|p2a: Larcey Muno|Blizzard|p1a: Gholdengo\n|-resisted|p1a: Gholdengo\n|-damage|p1a: Gholdengo|75\/100\n|-status|p1a: Gholdengo|frz\n|cant|p1a: Gholdengo|frz\n|\n|upkeep\n|turn|49\n|c|\u2606lcjerich|wow\n|\n|t:|1700348928\n|move|p2a: Larcey Muno|Blizzard|p1a: Gholdengo\n|-resisted|p1a: Gholdengo\n|-damage|p1a: Gholdengo|52\/100 frz\n|cant|p1a: Gholdengo|frz\n|\n|upkeep\n|turn|50\n|c| Due Lipa|que maldita leche\n|\n|t:|1700348933\n|move|p2a: Larcey Muno|Blizzard|p1a: Gholdengo\n|-resisted|p1a: Gholdengo\n|-damage|p1a: Gholdengo|27\/100 frz\n|cant|p1a: Gholdengo|frz\n|\n|upkeep\n|turn|51\n|\n|t:|1700348939\n|move|p2a: Larcey Muno|Blizzard|p1a: Gholdengo\n|-resisted|p1a: Gholdengo\n|-damage|p1a: Gholdengo|4\/100 frz\n|cant|p1a: Gholdengo|frz\n|\n|upkeep\n|turn|52\n|c| Due Lipa|dude\n|c| Due Lipa|queee\n|\n|t:|1700348945\n|move|p2a: Larcey Muno|Blizzard|p1a: Gholdengo\n|-resisted|p1a: Gholdengo\n|-damage|p1a: Gholdengo|0 fnt\n|faint|p1a: Gholdengo\n|\n|win|Wiseblood2707\n|c| LuichoX|bro\n|c| Due Lipa|lmao\n|c|\u2606Wiseblood2707|WOW\n|c|\u2606lcjerich|ggs\n|l| Due Lipa\n|j| Due Lipa\n|l| Due Lipa\n|l|\u2606lcjerich\n|l| LuichoX\n","uploadtime":1700348970,"views":13,"p1id":"lcjerich","p2id":"wiseblood2707","formatid":"gen9ou","rating":0,"private":0,"password":""}