{"id":"gen9ou-1998278852","p1":"Kamthapoet","p2":"Luxgia","format":"[Gen 9] OU","log":"|j|\u2606Kamthapoet\n|j|\u2606Luxgia\n|t:|1700923856\n|gametype|singles\n|player|p1|Kamthapoet|rei|1385\n|player|p2|Luxgia|byron|1473\n|teamsize|p1|6\n|teamsize|p2|6\n|gen|9\n|tier|[Gen 9] OU\n|rated|\n|rule|Sleep Clause Mod: Limit one foe put to sleep\n|rule|Species Clause: Limit one of each Pok\u00e9mon\n|rule|OHKO Clause: OHKO moves are banned\n|rule|Evasion Items Clause: Evasion items are banned\n|rule|Evasion Moves Clause: Evasion moves are banned\n|rule|Endless Battle Clause: Forcing endless battles is banned\n|rule|HP Percentage Mod: HP is shown in percentages\n|clearpoke\n|poke|p1|Sandy Shocks|\n|poke|p1|Walking Wake|\n|poke|p1|Toxapex, F|\n|poke|p1|Ting-Lu|\n|poke|p1|Weavile, F|\n|poke|p1|Iron Valiant|\n|poke|p2|Kingambit, M|\n|poke|p2|Great Tusk|\n|poke|p2|Dragapult, F|\n|poke|p2|Ogerpon-Wellspring, F|\n|poke|p2|Blissey, F|\n|poke|p2|Zapdos|\n|teampreview\n|inactive|Battle timer is ON: inactive players will automatically lose when time's up. (requested by Kamthapoet)\n|\n|t:|1700923887\n|start\n|switch|p1a: Sandy Shocks|Sandy Shocks|100\/100\n|switch|p2a: Dragapult|Dragapult, F|100\/100\n|-enditem|p1a: Sandy Shocks|Booster Energy\n|-activate|p1a: Sandy Shocks|ability: Protosynthesis|[fromitem]\n|-start|p1a: Sandy Shocks|protosynthesisspe\n|turn|1\n|\n|t:|1700923893\n|-terastallize|p1a: Sandy Shocks|Ice\n|move|p1a: Sandy Shocks|Tera Blast|p2a: Dragapult|[anim] Tera Blast Ice\n|-supereffective|p2a: Dragapult\n|-damage|p2a: Dragapult|0 fnt\n|faint|p2a: Dragapult\n|\n|upkeep\n|\n|t:|1700923900\n|switch|p2a: Blissey|Blissey, F|100\/100\n|turn|2\n|\n|t:|1700923903\n|move|p1a: Sandy Shocks|Stealth Rock|p2a: Blissey\n|-sidestart|p2: Luxgia|move: Stealth Rock\n|move|p2a: Blissey|Stealth Rock|p1a: Sandy Shocks\n|-sidestart|p1: Kamthapoet|move: Stealth Rock\n|\n|upkeep\n|turn|3\n|\n|t:|1700923908\n|-end|p1a: Sandy Shocks|Protosynthesis|[silent]\n|switch|p1a: Toxapex|Toxapex, F|100\/100\n|-damage|p1a: Toxapex|88\/100|[from] Stealth Rock\n|move|p2a: Blissey|Seismic Toss|p1a: Toxapex\n|-damage|p1a: Toxapex|55\/100\n|-damage|p2a: Blissey|84\/100|[from] item: Rocky Helmet|[of] p1a: Toxapex\n|\n|upkeep\n|turn|4\n|\n|t:|1700923915\n|switch|p2a: Great Tusk|Great Tusk|100\/100\n|-damage|p2a: Great Tusk|98\/100|[from] Stealth Rock\n|move|p1a: Toxapex|Toxic Spikes|p2a: Great Tusk\n|-sidestart|p2: Luxgia|move: Toxic Spikes\n|\n|-heal|p2a: Great Tusk|100\/100|[from] item: Leftovers\n|upkeep\n|turn|5\n|inactive|Kamthapoet has 120 seconds left.\n|\n|t:|1700923951\n|move|p2a: Great Tusk|Rapid Spin|p1a: Toxapex\n|-damage|p1a: Toxapex|46\/100\n|-boost|p2a: Great Tusk|spe|1\n|-damage|p2a: Great Tusk|84\/100|[from] item: Rocky Helmet|[of] p1a: Toxapex\n|-sideend|p2: Luxgia|Toxic Spikes|[from] move: Rapid Spin|[of] p2a: Great Tusk\n|-sideend|p2: Luxgia|Stealth Rock|[from] move: Rapid Spin|[of] p2a: Great Tusk\n|move|p1a: Toxapex|Surf|p2a: Great Tusk\n|-supereffective|p2a: Great Tusk\n|-damage|p2a: Great Tusk|31\/100\n|\n|-heal|p2a: Great Tusk|38\/100|[from] item: Leftovers\n|upkeep\n|turn|6\n|inactive|Kamthapoet has 120 seconds left.\n|\n|t:|1700923961\n|move|p2a: Great Tusk|Earthquake|p1a: Toxapex\n|-supereffective|p1a: Toxapex\n|-damage|p1a: Toxapex|0 fnt\n|faint|p1a: Toxapex\n|\n|-heal|p2a: Great Tusk|44\/100|[from] item: Leftovers\n|upkeep\n|\n|t:|1700923964\n|switch|p1a: Iron Valiant|Iron Valiant|100\/100\n|-damage|p1a: Iron Valiant|94\/100|[from] Stealth Rock\n|-enditem|p1a: Iron Valiant|Booster Energy\n|-activate|p1a: Iron Valiant|ability: Quark Drive|[fromitem]\n|-start|p1a: Iron Valiant|quarkdrivespe\n|turn|7\n|\n|t:|1700923973\n|-end|p2a: Great Tusk|Protosynthesis|[silent]\n|switch|p2a: Blissey|Blissey, F|84\/100\n|move|p1a: Iron Valiant|Calm Mind|p1a: Iron Valiant\n|-boost|p1a: Iron Valiant|spa|1\n|-boost|p1a: Iron Valiant|spd|1\n|\n|upkeep\n|turn|8\n|\n|t:|1700923987\n|-terastallize|p2a: Blissey|Ghost\n|move|p1a: Iron Valiant|Calm Mind|p1a: Iron Valiant\n|-boost|p1a: Iron Valiant|spa|1\n|-boost|p1a: Iron Valiant|spd|1\n|move|p2a: Blissey|Shadow Ball|p1a: Iron Valiant\n|-damage|p1a: Iron Valiant|74\/100\n|\n|upkeep\n|turn|9\n|\n|t:|1700923992\n|move|p1a: Iron Valiant|Calm Mind|p1a: Iron Valiant\n|-boost|p1a: Iron Valiant|spa|1\n|-boost|p1a: Iron Valiant|spd|1\n|move|p2a: Blissey|Seismic Toss|p1a: Iron Valiant\n|-damage|p1a: Iron Valiant|40\/100\n|\n|upkeep\n|turn|10\n|\n|t:|1700924002\n|move|p1a: Iron Valiant|Moonblast|p2a: Blissey\n|-damage|p2a: Blissey|43\/100\n|move|p2a: Blissey|Seismic Toss|p1a: Iron Valiant\n|-damage|p1a: Iron Valiant|5\/100\n|\n|upkeep\n|turn|11\n|\n|t:|1700924006\n|move|p1a: Iron Valiant|Moonblast|p2a: Blissey\n|-damage|p2a: Blissey|0 fnt\n|faint|p2a: Blissey\n|\n|upkeep\n|\n|t:|1700924009\n|switch|p2a: Kingambit|Kingambit, M|100\/100\n|-activate|p2a: Kingambit|ability: Supreme Overlord\n|-start|p2a: Kingambit|fallen2|[silent]\n|turn|12\n|\n|t:|1700924014\n|move|p2a: Kingambit|Sucker Punch||[still]\n|-fail|p2a: Kingambit\n|move|p1a: Iron Valiant|Calm Mind|p1a: Iron Valiant\n|-boost|p1a: Iron Valiant|spa|1\n|-boost|p1a: Iron Valiant|spd|1\n|\n|upkeep\n|turn|13\n|\n|t:|1700924018\n|move|p2a: Kingambit|Sucker Punch||[still]\n|-fail|p2a: Kingambit\n|move|p1a: Iron Valiant|Calm Mind|p1a: Iron Valiant\n|-boost|p1a: Iron Valiant|spa|1\n|-boost|p1a: Iron Valiant|spd|1\n|\n|upkeep\n|turn|14\n|\n|t:|1700924024\n|move|p2a: Kingambit|Sucker Punch|p1a: Iron Valiant\n|-resisted|p1a: Iron Valiant\n|-damage|p1a: Iron Valiant|0 fnt\n|faint|p1a: Iron Valiant\n|-end|p1a: Iron Valiant|Quark Drive|[silent]\n|\n|upkeep\n|\n|t:|1700924029\n|switch|p1a: Weavile|Weavile, F|100\/100\n|-damage|p1a: Weavile|76\/100|[from] Stealth Rock\n|-ability|p1a: Weavile|Pressure\n|turn|15\n|\n|t:|1700924034\n|-end|p2a: Kingambit|fallen2|[silent]\n|switch|p2a: Great Tusk|Great Tusk|44\/100\n|move|p1a: Weavile|Low Kick|p2a: Great Tusk\n|-damage|p2a: Great Tusk|11\/100\n|-damage|p1a: Weavile|66\/100|[from] item: Life Orb\n|\n|-heal|p2a: Great Tusk|17\/100|[from] item: Leftovers\n|upkeep\n|turn|16\n|\n|t:|1700924045\n|move|p1a: Weavile|Icicle Crash|p2a: Great Tusk\n|-supereffective|p2a: Great Tusk\n|-damage|p2a: Great Tusk|0 fnt\n|faint|p2a: Great Tusk\n|-end|p2a: Great Tusk|Protosynthesis|[silent]\n|-damage|p1a: Weavile|56\/100|[from] item: Life Orb\n|\n|upkeep\n|\n|t:|1700924056\n|switch|p2a: Ogerpon|Ogerpon-Wellspring, F|100\/100\n|turn|17\n|\n|t:|1700924063\n|move|p1a: Weavile|Icicle Crash|p2a: Ogerpon\n|-damage|p2a: Ogerpon|25\/100\n|-damage|p1a: Weavile|46\/100|[from] item: Life Orb\n|cant|p2a: Ogerpon|flinch\n|\n|upkeep\n|turn|18\n|\n|t:|1700924071\n|switch|p2a: Kingambit|Kingambit, M|100\/100\n|-activate|p2a: Kingambit|ability: Supreme Overlord\n|-start|p2a: Kingambit|fallen3|[silent]\n|move|p1a: Weavile|Knock Off|p2a: Kingambit\n|-resisted|p2a: Kingambit\n|-damage|p2a: Kingambit|77\/100\n|-enditem|p2a: Kingambit|Mental Herb|[from] move: Knock Off|[of] p1a: Weavile\n|-damage|p1a: Weavile|36\/100|[from] item: Life Orb\n|\n|upkeep\n|turn|19\n|\n|t:|1700924079\n|-end|p2a: Kingambit|fallen3|[silent]\n|switch|p2a: Zapdos|Zapdos|100\/100\n|move|p1a: Weavile|Low Kick|p2a: Zapdos\n|-resisted|p2a: Zapdos\n|-damage|p2a: Zapdos|86\/100\n|-status|p1a: Weavile|par|[from] ability: Static|[of] p2a: Zapdos\n|-damage|p1a: Weavile|26\/100 par|[from] item: Life Orb\n|\n|upkeep\n|turn|20\n|\n|t:|1700924085\n|move|p1a: Weavile|Ice Shard|p2a: Zapdos\n|-supereffective|p2a: Zapdos\n|-damage|p2a: Zapdos|46\/100\n|-damage|p1a: Weavile|16\/100 par|[from] item: Life Orb\n|move|p2a: Zapdos|Volt Switch|p1a: Weavile\n|-damage|p1a: Weavile|0 fnt\n|faint|p1a: Weavile\n|\n|t:|1700924090\n|switch|p2a: Ogerpon|Ogerpon-Wellspring, F|25\/100|[from] Volt Switch\n|\n|upkeep\n|\n|t:|1700924094\n|switch|p1a: Walking Wake|Walking Wake|100\/100\n|-damage|p1a: Walking Wake|88\/100|[from] Stealth Rock\n|turn|21\n|\n|t:|1700924101\n|move|p2a: Ogerpon|Power Whip|p1a: Walking Wake\n|-damage|p1a: Walking Wake|5\/100\n|move|p1a: Walking Wake|Flamethrower|p2a: Ogerpon\n|-damage|p2a: Ogerpon|0 fnt\n|faint|p2a: Ogerpon\n|\n|upkeep\n|\n|t:|1700924108\n|switch|p2a: Kingambit|Kingambit, M|77\/100\n|-activate|p2a: Kingambit|ability: Supreme Overlord\n|-start|p2a: Kingambit|fallen4|[silent]\n|turn|22\n|\n|t:|1700924112\n|move|p2a: Kingambit|Sucker Punch|p1a: Walking Wake\n|-damage|p1a: Walking Wake|0 fnt\n|faint|p1a: Walking Wake\n|-end|p1a: Walking Wake|Protosynthesis|[silent]\n|\n|upkeep\n|\n|t:|1700924117\n|switch|p1a: Ting-Lu|Ting-Lu|100\/100\n|-damage|p1a: Ting-Lu|94\/100|[from] Stealth Rock\n|-ability|p1a: Ting-Lu|Vessel of Ruin\n|turn|23\n|\n|t:|1700924123\n|-end|p2a: Kingambit|fallen4|[silent]\n|switch|p2a: Zapdos|Zapdos|46\/100\n|move|p1a: Ting-Lu|Earthquake|p2a: Zapdos\n|-immune|p2a: Zapdos\n|\n|-heal|p1a: Ting-Lu|100\/100|[from] item: Leftovers\n|upkeep\n|turn|24\n|\n|t:|1700924129\n|switch|p1a: Sandy Shocks|Sandy Shocks, tera:Ice|100\/100\n|-damage|p1a: Sandy Shocks|76\/100|[from] Stealth Rock\n|move|p2a: Zapdos|Hurricane|p1a: Sandy Shocks\n|-damage|p1a: Sandy Shocks|18\/100\n|\n|upkeep\n|turn|25\n|\n|t:|1700924154\n|switch|p2a: Kingambit|Kingambit, M|77\/100\n|-activate|p2a: Kingambit|ability: Supreme Overlord\n|-start|p2a: Kingambit|fallen4|[silent]\n|move|p1a: Sandy Shocks|Earth Power|p2a: Kingambit\n|-supereffective|p2a: Kingambit\n|-damage|p2a: Kingambit|0 fnt\n|faint|p2a: Kingambit\n|-end|p2a: Kingambit|fallen4|[silent]\n|\n|upkeep\n|\n|t:|1700924163\n|switch|p2a: Zapdos|Zapdos|46\/100\n|turn|26\n|\n|t:|1700924166\n|move|p1a: Sandy Shocks|Tera Blast|p2a: Zapdos|[anim] Tera Blast Ice\n|-supereffective|p2a: Zapdos\n|-damage|p2a: Zapdos|0 fnt\n|faint|p2a: Zapdos\n|\n|win|Kamthapoet\n|raw|Kamthapoet's rating: 1385 &rarr; <strong>1410<\/strong><br \/>(+25 for winning)\n|raw|Luxgia's rating: 1473 &rarr; <strong>1448<\/strong><br \/>(-25 for losing)\n","uploadtime":1700924174,"views":1,"p1id":"kamthapoet","p2id":"luxgia","formatid":"gen9ou","rating":1410,"private":0,"password":""}