{"id":"gen9ou-1993692877","p1":"Lo-F1","p2":"JPSP 233","format":"[Gen 9] OU","log":"|j|\u2606Lo-F1\n|j|\u2606JPSP 233\n|t:|1700346221\n|gametype|singles\n|player|p1|Lo-F1|pokemonrangerf|1098\n|player|p2|JPSP 233|hiker-gen4|1000\n|teamsize|p1|6\n|teamsize|p2|6\n|gen|9\n|tier|[Gen 9] OU\n|rated|\n|rule|Sleep Clause Mod: Limit one foe put to sleep\n|rule|Species Clause: Limit one of each Pok\u00e9mon\n|rule|OHKO Clause: OHKO moves are banned\n|rule|Evasion Items Clause: Evasion items are banned\n|rule|Evasion Moves Clause: Evasion moves are banned\n|rule|Endless Battle Clause: Forcing endless battles is banned\n|rule|HP Percentage Mod: HP is shown in percentages\n|clearpoke\n|poke|p1|Great Tusk|\n|poke|p1|Ribombee, F|\n|poke|p1|Mew|\n|poke|p1|Cinderace, F|\n|poke|p1|Gholdengo|\n|poke|p1|Grafaiai, M|\n|poke|p2|Quaquaval, M|\n|poke|p2|Cyclizar, M|\n|poke|p2|Kilowattrel, M|\n|poke|p2|Brambleghast, M|\n|poke|p2|Toedscruel, M|\n|poke|p2|Orthworm, F|\n|teampreview\n|inactive|Battle timer is ON: inactive players will automatically lose when time's up. (requested by Lo-F1)\n|\n|t:|1700346238\n|start\n|switch|p1a: King Julian|Grafaiai, M|100\/100\n|switch|p2a: Toedscruel|Toedscruel, M|100\/100\n|turn|1\n|\n|t:|1700346245\n|move|p1a: King Julian|Substitute|p1a: King Julian\n|-start|p1a: King Julian|Substitute\n|-damage|p1a: King Julian|75\/100\n|move|p2a: Toedscruel|Spore||[still]\n|-fail|p2a: Toedscruel\n|\n|upkeep\n|turn|2\n|\n|t:|1700346252\n|move|p2a: Toedscruel|Earth Power|p1a: King Julian\n|-supereffective|p1a: King Julian\n|-end|p1a: King Julian|Substitute\n|move|p1a: King Julian|Swagger|p2a: Toedscruel\n|-boost|p2a: Toedscruel|atk|2\n|-enditem|p1a: King Julian|Mirror Herb\n|-boost|p1a: King Julian|atk|2|[from] item: Mirror Herb\n|-start|p2a: Toedscruel|confusion\n|\n|upkeep\n|turn|3\n|\n|t:|1700346263\n|-terastallize|p1a: King Julian|Flying\n|move|p1a: King Julian|Acrobatics|p2a: Toedscruel\n|-supereffective|p2a: Toedscruel\n|-enditem|p2a: Toedscruel|Focus Sash\n|-damage|p2a: Toedscruel|1\/100\n|-activate|p2a: Toedscruel|confusion\n|move|p2a: Toedscruel|Earth Power|p1a: King Julian\n|-immune|p1a: King Julian\n|\n|upkeep\n|turn|4\n|\n|t:|1700346274\n|move|p1a: King Julian|Acrobatics|p2a: Toedscruel\n|-supereffective|p2a: Toedscruel\n|-damage|p2a: Toedscruel|0 fnt\n|faint|p2a: Toedscruel\n|\n|upkeep\n|\n|t:|1700346280\n|switch|p2a: Kilowattrel|Kilowattrel, M|100\/100\n|turn|5\n|\n|t:|1700346289\n|move|p1a: King Julian|Acrobatics|p2a: Kilowattrel\n|-resisted|p2a: Kilowattrel\n|-damage|p2a: Kilowattrel|4\/100\n|move|p2a: Kilowattrel|Electro Ball|p1a: King Julian\n|-supereffective|p1a: King Julian\n|-damage|p1a: King Julian|14\/100\n|\n|upkeep\n|turn|6\n|\n|t:|1700346297\n|move|p1a: King Julian|Acrobatics|p2a: Kilowattrel\n|-resisted|p2a: Kilowattrel\n|-damage|p2a: Kilowattrel|0 fnt\n|faint|p2a: Kilowattrel\n|\n|upkeep\n|\n|t:|1700346304\n|switch|p2a: Brambleghast|Brambleghast, M|100\/100\n|turn|7\n|\n|t:|1700346308\n|move|p1a: King Julian|Acrobatics|p2a: Brambleghast\n|-supereffective|p2a: Brambleghast\n|-damage|p2a: Brambleghast|0 fnt\n|faint|p2a: Brambleghast\n|\n|upkeep\n|\n|t:|1700346315\n|switch|p2a: Cyclizar|Cyclizar, M|100\/100\n|turn|8\n|\n|t:|1700346322\n|move|p1a: King Julian|Acrobatics|p2a: Cyclizar\n|-damage|p2a: Cyclizar|0 fnt\n|faint|p2a: Cyclizar\n|\n|upkeep\n|-message|JPSP 233 forfeited.\n|\n|win|Lo-F1\n|raw|Lo-F1's rating: 1098 &rarr; <strong>1116<\/strong><br \/>(+18 for winning)\n|raw|JPSP 233's rating: 1000 &rarr; <strong>1000<\/strong><br \/>(+0 for losing)\n|l|\u2606JPSP 233\n|l|\u2606Lo-F1\n|j|\u2606Lo-F1\n|player|p1|Lo-F1|pokemonrangerf\n","uploadtime":1700346561,"views":12,"p1id":"lof1","p2id":"jpsp233","formatid":"gen9ou","rating":1000,"private":0,"password":""}