{"id":"gen9ou-2000223560","p1":"wyverbal","p2":"sargenta","format":"[Gen 9] OU","log":"|j|\u2606wyverbal\n|j|\u2606sargenta\n|t:|1701174306\n|gametype|singles\n|player|p1|wyverbal|102|1108\n|player|p2|sargenta|gardenia|1079\n|teamsize|p1|6\n|teamsize|p2|6\n|gen|9\n|tier|[Gen 9] OU\n|rated|\n|rule|Sleep Clause Mod: Limit one foe put to sleep\n|rule|Species Clause: Limit one of each Pok\u00e9mon\n|rule|OHKO Clause: OHKO moves are banned\n|rule|Evasion Items Clause: Evasion items are banned\n|rule|Evasion Moves Clause: Evasion moves are banned\n|rule|Endless Battle Clause: Forcing endless battles is banned\n|rule|HP Percentage Mod: HP is shown in percentages\n|clearpoke\n|poke|p1|Okidogi, M|\n|poke|p1|Persian-Alola, M|\n|poke|p1|Heatran, M|\n|poke|p1|Milotic, M|\n|poke|p1|Girafarig, F|\n|poke|p1|Scizor, M|\n|poke|p2|Arboliva, M|\n|poke|p2|Tinkaton, F|\n|poke|p2|Furret, F|\n|poke|p2|Azumarill, M|\n|poke|p2|Coalossal, F|\n|poke|p2|Hydreigon, F|\n|teampreview\n|inactive|Battle timer is ON: inactive players will automatically lose when time's up. (requested by wyverbal)\n|\n|t:|1701174331\n|start\n|switch|p1a: Okidogi|Okidogi, M|100\/100\n|switch|p2a: syrah's favorite|Arboliva, M|100\/100\n|turn|1\n|\n|t:|1701174358\n|-terastallize|p2a: syrah's favorite|Fire\n|move|p1a: Okidogi|Drain Punch|p2a: syrah's favorite\n|-damage|p2a: syrah's favorite|45\/100\n|-enditem|p2a: syrah's favorite|Sitrus Berry|[eat]\n|-heal|p2a: syrah's favorite|70\/100|[from] item: Sitrus Berry\n|move|p2a: syrah's favorite|Leech Seed|p1a: Okidogi\n|-start|p1a: Okidogi|move: Leech Seed\n|\n|-damage|p1a: Okidogi|88\/100|[from] Leech Seed|[of] p2a: syrah's favorite\n|-heal|p2a: syrah's favorite|85\/100|[silent]\n|-item|p2a: syrah's favorite|Sitrus Berry|[from] ability: Harvest\n|upkeep\n|turn|2\n|\n|t:|1701174372\n|move|p1a: Okidogi|Poison Fang|p2a: syrah's favorite\n|-damage|p2a: syrah's favorite|51\/100\n|move|p2a: syrah's favorite|Substitute|p2a: syrah's favorite\n|-start|p2a: syrah's favorite|Substitute\n|-damage|p2a: syrah's favorite|26\/100\n|-enditem|p2a: syrah's favorite|Sitrus Berry|[eat]\n|-heal|p2a: syrah's favorite|51\/100|[from] item: Sitrus Berry\n|\n|-damage|p1a: Okidogi|76\/100|[from] Leech Seed|[of] p2a: syrah's favorite\n|-heal|p2a: syrah's favorite|67\/100|[silent]\n|-item|p2a: syrah's favorite|Sitrus Berry|[from] ability: Harvest\n|upkeep\n|turn|3\n|\n|t:|1701174383\n|switch|p1a: Girafarig|Girafarig, F, shiny|100\/100\n|move|p2a: syrah's favorite|Giga Drain|p1a: Girafarig\n|-ability|p1a: Girafarig|Sap Sipper|boost\n|-boost|p1a: Girafarig|atk|1\n|\n|upkeep\n|turn|4\n|\n|t:|1701174390\n|move|p1a: Girafarig|Calm Mind|p1a: Girafarig\n|-boost|p1a: Girafarig|spa|1\n|-boost|p1a: Girafarig|spd|1\n|move|p2a: syrah's favorite|Hyper Voice|p1a: Girafarig\n|-damage|p1a: Girafarig|70\/100\n|\n|upkeep\n|turn|5\n|\n|t:|1701174398\n|move|p1a: Girafarig|Wish|p1a: Girafarig\n|move|p2a: syrah's favorite|Hyper Voice|p1a: Girafarig\n|-damage|p1a: Girafarig|37\/100\n|\n|upkeep\n|turn|6\n|\n|t:|1701174405\n|move|p1a: Girafarig|Calm Mind|p1a: Girafarig\n|-boost|p1a: Girafarig|spa|1\n|-boost|p1a: Girafarig|spd|1\n|move|p2a: syrah's favorite|Hyper Voice|p1a: Girafarig\n|-damage|p1a: Girafarig|12\/100\n|\n|-heal|p1a: Girafarig|62\/100|[from] move: Wish|[wisher] Girafarig\n|upkeep\n|turn|7\n|\n|t:|1701174416\n|move|p1a: Girafarig|Wish|p1a: Girafarig\n|move|p2a: syrah's favorite|Leech Seed|p1a: Girafarig\n|-ability|p1a: Girafarig|Sap Sipper|boost\n|-boost|p1a: Girafarig|atk|1\n|\n|upkeep\n|turn|8\n|\n|t:|1701174426\n|move|p1a: Girafarig|Calm Mind|p1a: Girafarig\n|-boost|p1a: Girafarig|spa|1\n|-boost|p1a: Girafarig|spd|1\n|move|p2a: syrah's favorite|Hyper Voice|p1a: Girafarig\n|-damage|p1a: Girafarig|43\/100\n|\n|-heal|p1a: Girafarig|93\/100|[from] move: Wish|[wisher] Girafarig\n|upkeep\n|turn|9\n|\n|t:|1701174441\n|switch|p2a: Hydreigon|Hydreigon, F|100\/100\n|move|p1a: Girafarig|Psyshock|p2a: Hydreigon\n|-immune|p2a: Hydreigon\n|\n|upkeep\n|turn|10\n|\n|t:|1701174452\n|move|p2a: Hydreigon|Dark Pulse|p1a: Girafarig\n|-supereffective|p1a: Girafarig\n|-damage|p1a: Girafarig|46\/100\n|move|p1a: Girafarig|Dazzling Gleam|p2a: Hydreigon\n|-supereffective|p2a: Hydreigon\n|-crit|p2a: Hydreigon\n|-damage|p2a: Hydreigon|0 fnt\n|faint|p2a: Hydreigon\n|\n|upkeep\n|\n|t:|1701174468\n|switch|p2a: toothfairy|Tinkaton, F|100\/100\n|-ability|p2a: toothfairy|Mold Breaker\n|turn|11\n|\n|t:|1701174488\n|switch|p1a: Heatran|Heatran, M, shiny|100\/100\n|move|p2a: toothfairy|Fake Out|p1a: Heatran\n|-resisted|p1a: Heatran\n|-damage|p1a: Heatran|96\/100\n|\n|-heal|p1a: Heatran|100\/100|[from] item: Leftovers\n|upkeep\n|turn|12\n|\n|t:|1701174501\n|switch|p2a: Azumarill|Azumarill, M, shiny|100\/100\n|move|p1a: Heatran|Will-O-Wisp|p2a: Azumarill\n|-status|p2a: Azumarill|brn\n|\n|-damage|p2a: Azumarill|94\/100 brn|[from] brn\n|upkeep\n|turn|13\n|\n|t:|1701174520\n|switch|p1a: Persian|Persian-Alola, M, shiny|100\/100\n|move|p2a: Azumarill|Belly Drum|p2a: Azumarill\n|-damage|p2a: Azumarill|44\/100 brn\n|-setboost|p2a: Azumarill|atk|6|[from] move: Belly Drum\n|-enditem|p2a: Azumarill|Sitrus Berry|[eat]\n|-heal|p2a: Azumarill|69\/100 brn|[from] item: Sitrus Berry\n|\n|-damage|p2a: Azumarill|63\/100 brn|[from] brn\n|upkeep\n|turn|14\n|\n|t:|1701174532\n|move|p2a: Azumarill|Aqua Jet|p1a: Persian\n|-damage|p1a: Persian|76\/100\n|move|p1a: Persian|Foul Play|p2a: Azumarill\n|-resisted|p2a: Azumarill\n|-crit|p2a: Azumarill\n|-damage|p2a: Azumarill|0 fnt\n|faint|p2a: Azumarill\n|\n|-heal|p1a: Persian|82\/100|[from] item: Leftovers\n|upkeep\n|\n|t:|1701174547\n|switch|p2a: Coalossal|Coalossal, F|100\/100\n|turn|15\n|\n|t:|1701174554\n|move|p1a: Persian|Taunt|p2a: Coalossal\n|-start|p2a: Coalossal|move: Taunt\n|cant|p2a: Coalossal|move: Taunt|Iron Defense\n|\n|-heal|p1a: Persian|88\/100|[from] item: Leftovers\n|upkeep\n|turn|16\n|\n|t:|1701174565\n|move|p1a: Persian|Parting Shot|p2a: Coalossal\n|-unboost|p2a: Coalossal|atk|1\n|-unboost|p2a: Coalossal|spa|1\n|\n|t:|1701174575\n|switch|p1a: Heatran|Heatran, M, shiny|100\/100|[from] Parting Shot\n|move|p2a: Coalossal|Body Press|p1a: Heatran\n|-supereffective|p1a: Heatran\n|-damage|p1a: Heatran|57\/100\n|\n|-heal|p1a: Heatran|63\/100|[from] item: Leftovers\n|upkeep\n|turn|17\n|\n|t:|1701174590\n|move|p1a: Heatran|Rock Blast|p2a: Coalossal\n|-supereffective|p2a: Coalossal\n|-damage|p2a: Coalossal|91\/100\n|-enditem|p2a: Coalossal|Weakness Policy\n|-boost|p2a: Coalossal|atk|2|[from] item: Weakness Policy\n|-boost|p2a: Coalossal|spa|2|[from] item: Weakness Policy\n|-supereffective|p2a: Coalossal\n|-damage|p2a: Coalossal|81\/100\n|-supereffective|p2a: Coalossal\n|-damage|p2a: Coalossal|71\/100\n|-hitcount|p2a: Coalossal|3\n|move|p2a: Coalossal|Earthquake|p1a: Heatran\n|-supereffective|p1a: Heatran\n|-damage|p1a: Heatran|0 fnt\n|faint|p1a: Heatran\n|\n|-end|p2a: Coalossal|move: Taunt\n|upkeep\n|\n|t:|1701174604\n|switch|p1a: Persian|Persian-Alola, M, shiny|88\/100\n|turn|18\n|\n|t:|1701174614\n|move|p2a: Coalossal|Stone Edge|p1a: Persian\n|-damage|p1a: Persian|60\/100\n|move|p1a: Persian|Roar|p2a: Coalossal\n|drag|p2a: toothfairy|Tinkaton, F|100\/100\n|-ability|p2a: toothfairy|Mold Breaker\n|\n|-heal|p1a: Persian|66\/100|[from] item: Leftovers\n|upkeep\n|turn|19\n|\n|t:|1701174623\n|move|p1a: Persian|Taunt|p2a: toothfairy\n|-start|p2a: toothfairy|move: Taunt\n|cant|p2a: toothfairy|move: Taunt|Stealth Rock\n|\n|-heal|p1a: Persian|72\/100|[from] item: Leftovers\n|upkeep\n|turn|20\n|\n|t:|1701174630\n|move|p1a: Persian|Foul Play|p2a: toothfairy\n|-resisted|p2a: toothfairy\n|-damage|p2a: toothfairy|74\/100\n|move|p2a: toothfairy|Gigaton Hammer|p1a: Persian\n|-crit|p1a: Persian\n|-damage|p1a: Persian|0 fnt\n|faint|p1a: Persian\n|\n|upkeep\n|\n|t:|1701174652\n|switch|p1a: Scizor|Scizor, M|100\/100\n|turn|21\n|\n|t:|1701174661\n|switch|p2a: Coalossal|Coalossal, F|71\/100\n|move|p1a: Scizor|Swords Dance|p1a: Scizor\n|-boost|p1a: Scizor|atk|2\n|\n|upkeep\n|turn|22\n|\n|t:|1701174677\n|move|p1a: Scizor|Swords Dance|p1a: Scizor\n|-boost|p1a: Scizor|atk|2\n|move|p2a: Coalossal|Iron Defense|p2a: Coalossal\n|-boost|p2a: Coalossal|def|2\n|\n|upkeep\n|turn|23\n|\n|t:|1701174695\n|switch|p1a: Milotic|Milotic, M, shiny|100\/100\n|move|p2a: Coalossal|Iron Defense|p2a: Coalossal\n|-boost|p2a: Coalossal|def|2\n|\n|upkeep\n|turn|24\n|\n|t:|1701174701\n|move|p1a: Milotic|Scald|p2a: Coalossal\n|-supereffective|p2a: Coalossal\n|-damage|p2a: Coalossal|0 fnt\n|faint|p2a: Coalossal\n|\n|upkeep\n|\n|t:|1701174707\n|switch|p2a: toothfairy|Tinkaton, F|74\/100\n|-ability|p2a: toothfairy|Mold Breaker\n|turn|25\n|\n|t:|1701174714\n|move|p2a: toothfairy|Fake Out|p1a: Milotic\n|-damage|p1a: Milotic|93\/100\n|move|p1a: Milotic|Scald|p2a: toothfairy\n|-damage|p2a: toothfairy|50\/100\n|\n|upkeep\n|turn|26\n|\n|t:|1701174721\n|move|p2a: toothfairy|Gigaton Hammer|p1a: Milotic\n|-resisted|p1a: Milotic\n|-damage|p1a: Milotic|69\/100\n|move|p1a: Milotic|Scald|p2a: toothfairy\n|-damage|p2a: toothfairy|28\/100\n|-status|p2a: toothfairy|brn\n|\n|-damage|p2a: toothfairy|22\/100 brn|[from] brn\n|upkeep\n|turn|27\n|\n|t:|1701174731\n|move|p2a: toothfairy|Play Rough|p1a: Milotic\n|-damage|p1a: Milotic|57\/100\n|move|p1a: Milotic|Recover|p1a: Milotic\n|-heal|p1a: Milotic|100\/100\n|\n|-damage|p2a: toothfairy|16\/100 brn|[from] brn\n|upkeep\n|turn|28\n|\n|t:|1701174739\n|move|p2a: toothfairy|Stealth Rock|p1a: Milotic\n|-sidestart|p1: wyverbal|move: Stealth Rock\n|move|p1a: Milotic|Scald|p2a: toothfairy\n|-damage|p2a: toothfairy|0 fnt\n|faint|p2a: toothfairy\n|\n|upkeep\n|\n|t:|1701174749\n|switch|p2a: syrah's favorite|Arboliva, M, tera:Fire|67\/100\n|turn|29\n|\n|t:|1701174764\n|move|p1a: Milotic|Scald|p2a: syrah's favorite\n|-supereffective|p2a: syrah's favorite\n|-damage|p2a: syrah's favorite|16\/100\n|-enditem|p2a: syrah's favorite|Sitrus Berry|[eat]\n|-heal|p2a: syrah's favorite|41\/100|[from] item: Sitrus Berry\n|move|p2a: syrah's favorite|Giga Drain|p1a: Milotic\n|-supereffective|p1a: Milotic\n|-damage|p1a: Milotic|41\/100\n|-heal|p2a: syrah's favorite|80\/100|[from] drain|[of] p1a: Milotic\n|\n|upkeep\n|turn|30\n|\n|t:|1701174774\n|move|p1a: Milotic|Scald|p2a: syrah's favorite\n|-supereffective|p2a: syrah's favorite\n|-crit|p2a: syrah's favorite\n|-damage|p2a: syrah's favorite|7\/100\n|move|p2a: syrah's favorite|Giga Drain|p1a: Milotic\n|-supereffective|p1a: Milotic\n|-damage|p1a: Milotic|0 fnt\n|-heal|p2a: syrah's favorite|34\/100|[from] drain|[of] p1a: Milotic\n|faint|p1a: Milotic\n|\n|upkeep\n|\n|t:|1701174796\n|switch|p1a: Okidogi|Okidogi, M|76\/100\n|-damage|p1a: Okidogi|70\/100|[from] Stealth Rock\n|turn|31\n|\n|t:|1701174802\n|move|p1a: Okidogi|Drain Punch|p2a: syrah's favorite\n|-damage|p2a: syrah's favorite|0 fnt\n|-heal|p1a: Okidogi|83\/100|[from] drain|[of] p2a: syrah's favorite\n|faint|p2a: syrah's favorite\n|\n|upkeep\n|\n|t:|1701174808\n|switch|p2a: Furret|Furret, F|100\/100\n|-item|p1a: Okidogi|Assault Vest|[from] ability: Frisk|[of] p2a: Furret|[identify]\n|turn|32\n|\n|t:|1701174819\n|move|p2a: Furret|Facade|p1a: Okidogi\n|-damage|p1a: Okidogi|60\/100\n|move|p1a: Okidogi|Drain Punch|p2a: Furret\n|-supereffective|p2a: Furret\n|-damage|p2a: Furret|0 fnt\n|-heal|p1a: Okidogi|100\/100|[from] drain|[of] p2a: Furret\n|faint|p2a: Furret\n|\n|win|wyverbal\n|raw|wyverbal's rating: 1108 &rarr; <strong>1131<\/strong><br \/>(+23 for winning)\n|raw|sargenta's rating: 1079 &rarr; <strong>1059<\/strong><br \/>(-20 for losing)\n","uploadtime":1701174828,"views":6,"p1id":"wyverbal","p2id":"sargenta","formatid":"gen9ou","rating":1059,"private":0,"password":""}