{"id":"gen9ou-1992299622","p1":"dusteet","p2":"Davidtheswampert","format":"[Gen 9] OU","log":"|j|\u2606dusteet\n|j|\u2606Davidtheswampert\n|t:|1700172300\n|gametype|singles\n|player|p1|dusteet|karen|1303\n|player|p2|Davidtheswampert|policeman-gen4|1326\n|teamsize|p1|6\n|teamsize|p2|6\n|gen|9\n|tier|[Gen 9] OU\n|rated|\n|rule|Sleep Clause Mod: Limit one foe put to sleep\n|rule|Species Clause: Limit one of each Pok\u00e9mon\n|rule|OHKO Clause: OHKO moves are banned\n|rule|Evasion Items Clause: Evasion items are banned\n|rule|Evasion Moves Clause: Evasion moves are banned\n|rule|Endless Battle Clause: Forcing endless battles is banned\n|rule|HP Percentage Mod: HP is shown in percentages\n|clearpoke\n|poke|p1|Rillaboom, F|\n|poke|p1|Garganacl, F|\n|poke|p1|Great Tusk|\n|poke|p1|Heatran, M|\n|poke|p1|Zapdos|\n|poke|p1|Walking Wake|\n|poke|p2|Ogerpon-Wellspring, F|\n|poke|p2|Heatran, M|\n|poke|p2|Weavile, F|\n|poke|p2|Iron Valiant|\n|poke|p2|Kingambit, M|\n|poke|p2|Dragapult, F|\n|teampreview\n|inactive|Battle timer is ON: inactive players will automatically lose when time's up. (requested by Davidtheswampert)\n|\n|t:|1700172317\n|start\n|switch|p1a: Zapdos|Zapdos|100\/100\n|switch|p2a: Heatran|Heatran, M|100\/100\n|-item|p2a: Heatran|Air Balloon\n|turn|1\n|\n|t:|1700172328\n|move|p1a: Zapdos|Thunder Wave|p2a: Heatran\n|-status|p2a: Heatran|par\n|move|p2a: Heatran|Magma Storm|p1a: Zapdos\n|-damage|p1a: Zapdos|57\/100\n|-activate|p1a: Zapdos|move: Magma Storm|[of] p2a: Heatran\n|\n|-damage|p1a: Zapdos|44\/100|[from] move: Magma Storm|[partiallytrapped]\n|upkeep\n|turn|2\n|\n|t:|1700172334\n|move|p2a: Heatran|Protect|p2a: Heatran\n|-singleturn|p2a: Heatran|Protect\n|move|p1a: Zapdos|Volt Switch|p2a: Heatran\n|-activate|p2a: Heatran|move: Protect\n|\n|-damage|p1a: Zapdos|32\/100|[from] move: Magma Storm|[partiallytrapped]\n|upkeep\n|turn|3\n|\n|t:|1700172337\n|move|p1a: Zapdos|Volt Switch|p2a: Heatran\n|-damage|p2a: Heatran|83\/100 par\n|-enditem|p2a: Heatran|Air Balloon\n|\n|t:|1700172344\n|switch|p1a: Walking Wake|Walking Wake|100\/100|[from] Volt Switch\n|cant|p2a: Heatran|par\n|\n|upkeep\n|turn|4\n|\n|t:|1700172349\n|move|p1a: Walking Wake|Scald|p2a: Heatran\n|-supereffective|p2a: Heatran\n|-damage|p2a: Heatran|35\/100 par\n|move|p2a: Heatran|Magma Storm|p1a: Walking Wake\n|-resisted|p1a: Walking Wake\n|-crit|p1a: Walking Wake\n|-damage|p1a: Walking Wake|81\/100\n|-activate|p1a: Walking Wake|move: Magma Storm|[of] p2a: Heatran\n|\n|-damage|p1a: Walking Wake|69\/100|[from] move: Magma Storm|[partiallytrapped]\n|upkeep\n|turn|5\n|\n|t:|1700172352\n|move|p2a: Heatran|Protect|p2a: Heatran\n|-singleturn|p2a: Heatran|Protect\n|move|p1a: Walking Wake|Scald|p2a: Heatran\n|-activate|p2a: Heatran|move: Protect\n|\n|-damage|p1a: Walking Wake|57\/100|[from] move: Magma Storm|[partiallytrapped]\n|upkeep\n|turn|6\n|\n|t:|1700172365\n|move|p1a: Walking Wake|Draco Meteor|p2a: Heatran\n|-resisted|p2a: Heatran\n|-damage|p2a: Heatran|13\/100 par\n|-unboost|p1a: Walking Wake|spa|2\n|move|p2a: Heatran|Earth Power|p1a: Walking Wake\n|-damage|p1a: Walking Wake|26\/100\n|\n|-damage|p1a: Walking Wake|13\/100|[from] move: Magma Storm|[partiallytrapped]\n|upkeep\n|turn|7\n|\n|t:|1700172373\n|move|p2a: Heatran|Protect|p2a: Heatran\n|-singleturn|p2a: Heatran|Protect\n|move|p1a: Walking Wake|Flip Turn|p2a: Heatran\n|-activate|p2a: Heatran|move: Protect\n|\n|-damage|p1a: Walking Wake|1\/100|[from] move: Magma Storm|[partiallytrapped]\n|upkeep\n|turn|8\n|\n|t:|1700172382\n|cant|p2a: Heatran|par\n|move|p1a: Walking Wake|Flip Turn|p2a: Heatran\n|-supereffective|p2a: Heatran\n|-damage|p2a: Heatran|0 fnt\n|faint|p2a: Heatran\n|\n|t:|1700172390\n|-end|p1a: Walking Wake|Protosynthesis|[silent]\n|switch|p1a: Heatran|Heatran, M|100\/100|[from] Flip Turn\n|\n|upkeep\n|\n|t:|1700172401\n|switch|p2a: Ogerpon|Ogerpon-Wellspring, F|100\/100\n|turn|9\n|\n|t:|1700172409\n|switch|p1a: Rillaboom|Rillaboom, F|100\/100\n|-fieldstart|move: Grassy Terrain|[from] ability: Grassy Surge|[of] p1a: Rillaboom\n|move|p2a: Ogerpon|Knock Off|p1a: Rillaboom\n|-damage|p1a: Rillaboom|58\/100\n|-enditem|p1a: Rillaboom|Choice Band|[from] move: Knock Off|[of] p2a: Ogerpon\n|\n|-heal|p1a: Rillaboom|64\/100|[from] Grassy Terrain\n|upkeep\n|turn|10\n|\n|t:|1700172414\n|switch|p2a: Dragapult|Dragapult, F|100\/100\n|move|p1a: Rillaboom|Wood Hammer|p2a: Dragapult\n|-resisted|p2a: Dragapult\n|-damage|p2a: Dragapult|39\/100\n|-damage|p1a: Rillaboom|46\/100|[from] Recoil\n|\n|-heal|p2a: Dragapult|45\/100|[from] Grassy Terrain\n|-heal|p1a: Rillaboom|52\/100|[from] Grassy Terrain\n|upkeep\n|turn|11\n|\n|t:|1700172417\n|switch|p1a: Heatran|Heatran, M|100\/100\n|move|p2a: Dragapult|Shadow Ball|p1a: Heatran\n|-damage|p1a: Heatran|70\/100\n|\n|-heal|p2a: Dragapult|51\/100|[from] Grassy Terrain\n|-heal|p1a: Heatran|76\/100|[from] Grassy Terrain\n|-heal|p1a: Heatran|83\/100|[from] item: Leftovers\n|upkeep\n|turn|12\n|\n|t:|1700172423\n|move|p2a: Dragapult|Shadow Ball|p1a: Heatran\n|-crit|p1a: Heatran\n|-damage|p1a: Heatran|29\/100\n|move|p1a: Heatran|Magma Storm|p2a: Dragapult\n|-resisted|p2a: Dragapult\n|-crit|p2a: Dragapult\n|-damage|p2a: Dragapult|9\/100\n|-activate|p2a: Dragapult|move: Magma Storm|[of] p1a: Heatran\n|\n|-heal|p2a: Dragapult|15\/100|[from] Grassy Terrain\n|-heal|p1a: Heatran|36\/100|[from] Grassy Terrain\n|-heal|p1a: Heatran|42\/100|[from] item: Leftovers\n|-damage|p2a: Dragapult|3\/100|[from] move: Magma Storm|[partiallytrapped]\n|upkeep\n|turn|13\n|\n|t:|1700172435\n|move|p2a: Dragapult|Shadow Ball|p1a: Heatran\n|-damage|p1a: Heatran|11\/100\n|move|p1a: Heatran|Stealth Rock|p2a: Dragapult\n|-sidestart|p2: Davidtheswampert|move: Stealth Rock\n|\n|-heal|p2a: Dragapult|9\/100|[from] Grassy Terrain\n|-heal|p1a: Heatran|17\/100|[from] Grassy Terrain\n|-heal|p1a: Heatran|24\/100|[from] item: Leftovers\n|-damage|p2a: Dragapult|0 fnt|[from] move: Magma Storm|[partiallytrapped]\n|faint|p2a: Dragapult\n|-fieldend|move: Grassy Terrain\n|upkeep\n|\n|t:|1700172438\n|switch|p2a: Ogerpon|Ogerpon-Wellspring, F|100\/100\n|-damage|p2a: Ogerpon|88\/100|[from] Stealth Rock\n|turn|14\n|\n|t:|1700172442\n|move|p2a: Ogerpon|Ivy Cudgel|p1a: Heatran|[anim] Ivy Cudgel Water\n|-supereffective|p1a: Heatran\n|-damage|p1a: Heatran|0 fnt\n|faint|p1a: Heatran\n|\n|upkeep\n|\n|t:|1700172445\n|switch|p1a: Rillaboom|Rillaboom, F|52\/100\n|-fieldstart|move: Grassy Terrain|[from] ability: Grassy Surge|[of] p1a: Rillaboom\n|turn|15\n|\n|t:|1700172457\n|move|p2a: Ogerpon|Ivy Cudgel|p1a: Rillaboom|[anim] Ivy Cudgel Water\n|-resisted|p1a: Rillaboom\n|-damage|p1a: Rillaboom|21\/100\n|move|p1a: Rillaboom|Wood Hammer|p2a: Ogerpon\n|-damage|p2a: Ogerpon|0 fnt\n|faint|p2a: Ogerpon\n|-damage|p1a: Rillaboom|0 fnt|[from] Recoil\n|faint|p1a: Rillaboom\n|\n|upkeep\n|\n|t:|1700172472\n|switch|p2a: Iron Valiant|Iron Valiant|100\/100\n|switch|p1a: Walking Wake|Walking Wake|1\/100\n|-damage|p2a: Iron Valiant|94\/100|[from] Stealth Rock\n|-enditem|p2a: Iron Valiant|Booster Energy\n|-activate|p2a: Iron Valiant|ability: Quark Drive|[fromitem]\n|-start|p2a: Iron Valiant|quarkdrivespe\n|turn|16\n|\n|t:|1700172475\n|move|p2a: Iron Valiant|Thunderbolt|p1a: Walking Wake\n|-damage|p1a: Walking Wake|0 fnt\n|faint|p1a: Walking Wake\n|-end|p1a: Walking Wake|Protosynthesis|[silent]\n|\n|-heal|p2a: Iron Valiant|100\/100|[from] Grassy Terrain\n|upkeep\n|inactive|dusteet has 120 seconds left.\n|\n|t:|1700172511\n|switch|p1a: Garganacl|Garganacl, F|100\/100\n|turn|17\n|\n|t:|1700172517\n|-terastallize|p1a: Garganacl|Fairy\n|move|p2a: Iron Valiant|Aura Sphere|p1a: Garganacl\n|-resisted|p1a: Garganacl\n|-damage|p1a: Garganacl|87\/100\n|move|p1a: Garganacl|Salt Cure|p2a: Iron Valiant\n|-resisted|p2a: Iron Valiant\n|-damage|p2a: Iron Valiant|92\/100\n|-start|p2a: Iron Valiant|Salt Cure\n|\n|-heal|p2a: Iron Valiant|98\/100|[from] Grassy Terrain\n|-heal|p1a: Garganacl|93\/100|[from] Grassy Terrain\n|-heal|p1a: Garganacl|99\/100|[from] item: Leftovers\n|-damage|p2a: Iron Valiant|86\/100|[from] Salt Cure\n|upkeep\n|turn|18\n|\n|t:|1700172524\n|move|p2a: Iron Valiant|Moonblast|p1a: Garganacl\n|-damage|p1a: Garganacl|66\/100\n|-unboost|p1a: Garganacl|spa|1\n|move|p1a: Garganacl|Iron Defense|p1a: Garganacl\n|-boost|p1a: Garganacl|def|2\n|\n|-heal|p2a: Iron Valiant|92\/100|[from] Grassy Terrain\n|-heal|p1a: Garganacl|72\/100|[from] Grassy Terrain\n|-heal|p1a: Garganacl|78\/100|[from] item: Leftovers\n|-damage|p2a: Iron Valiant|80\/100|[from] Salt Cure\n|upkeep\n|turn|19\n|\n|t:|1700172527\n|move|p2a: Iron Valiant|Moonblast|p1a: Garganacl\n|-damage|p1a: Garganacl|48\/100\n|move|p1a: Garganacl|Recover|p1a: Garganacl\n|-heal|p1a: Garganacl|98\/100\n|\n|-heal|p2a: Iron Valiant|86\/100|[from] Grassy Terrain\n|-heal|p1a: Garganacl|100\/100|[from] Grassy Terrain\n|-damage|p2a: Iron Valiant|74\/100|[from] Salt Cure\n|-fieldend|move: Grassy Terrain\n|upkeep\n|turn|20\n|\n|t:|1700172533\n|-end|p2a: Iron Valiant|Quark Drive|[silent]\n|switch|p2a: Kingambit|Kingambit, M|100\/100\n|-damage|p2a: Kingambit|94\/100|[from] Stealth Rock\n|-activate|p2a: Kingambit|ability: Supreme Overlord\n|-start|p2a: Kingambit|fallen3|[silent]\n|move|p1a: Garganacl|Iron Defense|p1a: Garganacl\n|-boost|p1a: Garganacl|def|2\n|\n|upkeep\n|turn|21\n|\n|t:|1700172537\n|move|p2a: Kingambit|Iron Head|p1a: Garganacl\n|-supereffective|p1a: Garganacl\n|-crit|p1a: Garganacl\n|-damage|p1a: Garganacl|0 fnt\n|faint|p1a: Garganacl\n|\n|upkeep\n|\n|t:|1700172541\n|switch|p1a: Great Tusk|Great Tusk|100\/100\n|turn|22\n|\n|t:|1700172550\n|move|p1a: Great Tusk|Rapid Spin|p2a: Kingambit\n|-resisted|p2a: Kingambit\n|-damage|p2a: Kingambit|89\/100\n|-boost|p1a: Great Tusk|spe|1\n|move|p2a: Kingambit|Iron Head|p1a: Great Tusk\n|-damage|p1a: Great Tusk|61\/100\n|\n|-heal|p1a: Great Tusk|67\/100|[from] item: Leftovers\n|upkeep\n|turn|23\n|\n|t:|1700172560\n|-terastallize|p2a: Kingambit|Water\n|move|p1a: Great Tusk|Bulk Up|p1a: Great Tusk\n|-boost|p1a: Great Tusk|atk|1\n|-boost|p1a: Great Tusk|def|1\n|move|p2a: Kingambit|Iron Head|p1a: Great Tusk\n|-damage|p1a: Great Tusk|42\/100\n|\n|-heal|p1a: Great Tusk|48\/100|[from] item: Leftovers\n|upkeep\n|turn|24\n|\n|t:|1700172566\n|move|p1a: Great Tusk|Bulk Up|p1a: Great Tusk\n|-boost|p1a: Great Tusk|atk|1\n|-boost|p1a: Great Tusk|def|1\n|move|p2a: Kingambit|Iron Head|p1a: Great Tusk\n|-damage|p1a: Great Tusk|28\/100\n|\n|-heal|p1a: Great Tusk|34\/100|[from] item: Leftovers\n|upkeep\n|turn|25\n|\n|t:|1700172575\n|move|p1a: Great Tusk|Bulk Up|p1a: Great Tusk\n|-boost|p1a: Great Tusk|atk|1\n|-boost|p1a: Great Tusk|def|1\n|move|p2a: Kingambit|Iron Head|p1a: Great Tusk\n|-damage|p1a: Great Tusk|19\/100\n|\n|-heal|p1a: Great Tusk|25\/100|[from] item: Leftovers\n|upkeep\n|turn|26\n|\n|t:|1700172580\n|move|p2a: Kingambit|Sucker Punch|p1a: Great Tusk\n|-resisted|p1a: Great Tusk\n|-damage|p1a: Great Tusk|17\/100\n|move|p1a: Great Tusk|Headlong Rush|p2a: Kingambit\n|-damage|p2a: Kingambit|0 fnt\n|-unboost|p1a: Great Tusk|def|1\n|-unboost|p1a: Great Tusk|spd|1\n|faint|p2a: Kingambit\n|-end|p2a: Kingambit|fallen3|[silent]\n|\n|-heal|p1a: Great Tusk|24\/100|[from] item: Leftovers\n|upkeep\n|\n|t:|1700172582\n|switch|p2a: Weavile|Weavile, F|100\/100\n|-damage|p2a: Weavile|76\/100|[from] Stealth Rock\n|-ability|p2a: Weavile|Pressure\n|turn|27\n|\n|t:|1700172584\n|move|p2a: Weavile|Ice Shard|p1a: Great Tusk\n|-supereffective|p1a: Great Tusk\n|-damage|p1a: Great Tusk|12\/100\n|move|p1a: Great Tusk|Headlong Rush|p2a: Weavile\n|-damage|p2a: Weavile|0 fnt\n|-unboost|p1a: Great Tusk|def|1\n|-unboost|p1a: Great Tusk|spd|1\n|faint|p2a: Weavile\n|\n|-heal|p1a: Great Tusk|18\/100|[from] item: Leftovers\n|upkeep\n|\n|t:|1700172588\n|switch|p2a: Iron Valiant|Iron Valiant|74\/100\n|-damage|p2a: Iron Valiant|67\/100|[from] Stealth Rock\n|turn|28\n|\n|t:|1700172590\n|move|p1a: Great Tusk|Headlong Rush|p2a: Iron Valiant\n|-damage|p2a: Iron Valiant|0 fnt\n|-unboost|p1a: Great Tusk|def|1\n|-unboost|p1a: Great Tusk|spd|1\n|faint|p2a: Iron Valiant\n|-end|p2a: Iron Valiant|Quark Drive|[silent]\n|\n|win|dusteet\n|raw|dusteet's rating: 1303 &rarr; <strong>1324<\/strong><br \/>(+21 for winning)\n|raw|Davidtheswampert's rating: 1326 &rarr; <strong>1305<\/strong><br \/>(-21 for losing)\n","uploadtime":1700172596,"views":14,"p1id":"dusteet","p2id":"davidtheswampert","formatid":"gen9ou","rating":1305,"private":0,"password":""}