{"id":"gen9ou-1988554464","p1":"freebird88","p2":"bigrig420","format":"[Gen 9] OU","log":"|j|\u2606freebird88\n|j|\u2606bigrig420\n|inactive|Battle timer is ON: inactive players will automatically lose when time's up.\n|t:|1699735520\n|gametype|singles\n|player|p1|freebird88|clown|\n|player|p2|bigrig420|265|\n|teamsize|p1|3\n|teamsize|p2|3\n|gen|9\n|tier|[Gen 9] OU\n|rated|Tournament battle\n|rule|Sleep Clause Mod: Limit one foe put to sleep\n|rule|Species Clause: Limit one of each Pok\u00e9mon\n|rule|OHKO Clause: OHKO moves are banned\n|rule|Evasion Items Clause: Evasion items are banned\n|rule|Evasion Moves Clause: Evasion moves are banned\n|rule|Endless Battle Clause: Forcing endless battles is banned\n|rule|HP Percentage Mod: HP is shown in percentages\n|clearpoke\n|poke|p1|Glimmet, F|\n|poke|p1|Mandibuzz, F|\n|poke|p1|Haxorus, M|\n|poke|p2|Rufflet, M|\n|poke|p2|Dragonite, F|\n|poke|p2|Ceruledge, F|\n|teampreview\n|j|*Lady Monita \u2746\n|j| TotodileTuesday\n|j| Osgovs\n|j| BuffYoda21\n|j| SighofEnd\n|j| DreamyFleur\n|j| Destroyer000Q\n|j| Foosyyy\n|\n|t:|1699735526\n|start\n|switch|p1a: Glimmet|Glimmet, F|100\/100\n|switch|p2a: Rufflet|Rufflet, M|100\/100\n|turn|1\n|c| SighofEnd|glhf\n|j| Heck 33\n|c| BuffYoda21|Gl\n|c| Foosyyy|thats peak\n|\n|t:|1699735537\n|move|p1a: Glimmet|Power Gem|p2a: Rufflet\n|-supereffective|p2a: Rufflet\n|-enditem|p2a: Rufflet|Focus Sash\n|-damage|p2a: Rufflet|1\/100\n|move|p2a: Rufflet|Tailwind|p2a: Rufflet\n|-sidestart|p2: bigrig420|move: Tailwind\n|\n|upkeep\n|turn|2\n|c| Foosyyy|blud has way too many op mons\n|j| Im dumb srly\n|c| BuffYoda21|Ooh the haxorus\n|c| Foosyyy|long day.\n|\n|t:|1699735561\n|move|p2a: Rufflet|U-turn|p1a: Glimmet\n|-resisted|p1a: Glimmet\n|-damage|p1a: Glimmet|82\/100\n|-activate|p1a: Glimmet|ability: Toxic Debris\n|-sidestart|p2: bigrig420|move: Toxic Spikes\n|\n|t:|1699735567\n|switch|p2a: Ceruledge|Ceruledge, F|100\/100|[from] U-turn\n|-status|p2a: Ceruledge|psn\n|move|p1a: Glimmet|Stealth Rock|p2a: Ceruledge\n|-sidestart|p2: bigrig420|move: Stealth Rock\n|\n|-damage|p2a: Ceruledge|88\/100 psn|[from] psn\n|upkeep\n|turn|3\n|c| SighofEnd|the haxorus that isn't using hax\n|c| SighofEnd|lol\n|c| Foosyyy|oh wait\n|\n|t:|1699735586\n|move|p2a: Ceruledge|Psycho Cut|p1a: Glimmet\n|-supereffective|p1a: Glimmet\n|-damage|p1a: Glimmet|0 fnt\n|-activate|p1a: Glimmet|ability: Toxic Debris\n|-sidestart|p2: bigrig420|move: Toxic Spikes\n|faint|p1a: Glimmet\n|\n|-damage|p2a: Ceruledge|76\/100 psn|[from] psn\n|upkeep\n|c| Foosyyy|haxorus is fasster and does more damage o.o\n|\n|t:|1699735595\n|switch|p1a: Mandibuzz|Mandibuzz, F|100\/100\n|turn|4\n|l| Heck 33\n|\n|t:|1699735602\n|move|p1a: Mandibuzz|Protect|p1a: Mandibuzz\n|-singleturn|p1a: Mandibuzz|Protect\n|move|p2a: Ceruledge|Psycho Cut|p1a: Mandibuzz\n|-activate|p1a: Mandibuzz|move: Protect\n|\n|-damage|p2a: Ceruledge|64\/100 psn|[from] psn\n|-sideend|p2: bigrig420|move: Tailwind\n|upkeep\n|turn|5\n|\n|t:|1699735610\n|move|p2a: Ceruledge|Psycho Cut|p1a: Mandibuzz\n|-immune|p1a: Mandibuzz\n|move|p1a: Mandibuzz|Iron Defense|p1a: Mandibuzz\n|-boost|p1a: Mandibuzz|def|2\n|\n|-damage|p2a: Ceruledge|51\/100 psn|[from] psn\n|upkeep\n|turn|6\n|\n|t:|1699735618\n|switch|p2a: Rufflet|Rufflet, M|1\/100\n|-damage|p2a: Rufflet|0 fnt|[from] Stealth Rock\n|faint|p2a: Rufflet\n|move|p1a: Mandibuzz|Iron Defense|p1a: Mandibuzz\n|-boost|p1a: Mandibuzz|def|2\n|\n|upkeep\n|c| BuffYoda21|Why psycho cut?\n|c| SighofEnd|rufflet be carrying\n|c| Im dumb srly|Choice?\n|c| BuffYoda21|no effect\n|c| Foosyyy|choice band\n|c| BuffYoda21|Oh\n|\n|t:|1699735626\n|switch|p2a: Ceruledge|Ceruledge, F|51\/100 psn\n|-damage|p2a: Ceruledge|26\/100 psn|[from] Stealth Rock\n|turn|7\n|\n|t:|1699735631\n|move|p1a: Mandibuzz|Protect|p1a: Mandibuzz\n|-singleturn|p1a: Mandibuzz|Protect\n|move|p2a: Ceruledge|Will-O-Wisp|p1a: Mandibuzz\n|-activate|p1a: Mandibuzz|move: Protect\n|\n|-damage|p2a: Ceruledge|14\/100 psn|[from] psn\n|upkeep\n|turn|8\n|c| DreamyFleur|choice band in 3v3 is risky\n|c| Im dumb srly|Def choice\n|\n|t:|1699735638\n|move|p2a: Ceruledge|Will-O-Wisp|p1a: Mandibuzz\n|-status|p1a: Mandibuzz|brn\n|move|p1a: Mandibuzz|Iron Defense|p1a: Mandibuzz\n|-boost|p1a: Mandibuzz|def|2\n|\n|-damage|p2a: Ceruledge|2\/100 psn|[from] psn\n|-damage|p1a: Mandibuzz|94\/100 brn|[from] brn\n|upkeep\n|turn|9\n|\n|t:|1699735646\n|move|p1a: Mandibuzz|Protect|p1a: Mandibuzz\n|-singleturn|p1a: Mandibuzz|Protect\n|move|p2a: Ceruledge|Will-O-Wisp|p1a: Mandibuzz\n|-activate|p1a: Mandibuzz|move: Protect\n|\n|-damage|p2a: Ceruledge|0 fnt|[from] psn\n|faint|p2a: Ceruledge\n|-damage|p1a: Mandibuzz|88\/100 brn|[from] brn\n|upkeep\n|c| Destroyer000Q|no shot you ran will o wisp with a choice item\n|\n|t:|1699735655\n|switch|p2a: Dragonite|Dragonite, F, shiny|100\/100\n|-damage|p2a: Dragonite|75\/100|[from] Stealth Rock\n|turn|10\n|c| DreamyFleur|eh could be for if it got knocked off\n|c| Osgovs|The fact that is choice does not answer the question\n|c| SighofEnd|rufflet and glimmet carried\n|\n|t:|1699735662\n|-terastallize|p2a: Dragonite|Normal\n|move|p2a: Dragonite|Extreme Speed|p1a: Mandibuzz\n|-damage|p1a: Mandibuzz|74\/100 brn\n|move|p1a: Mandibuzz|Toxic|p2a: Dragonite\n|-status|p2a: Dragonite|tox\n|\n|-damage|p2a: Dragonite|69\/100 tox|[from] psn\n|-damage|p1a: Mandibuzz|68\/100 brn|[from] brn\n|upkeep\n|turn|11\n|c| Foosyyy|no ddance???\n|c| Foosyyy|wtf\n|c|\u2606bigrig420|gg\n|\n|t:|1699735673\n|move|p2a: Dragonite|Extreme Speed|p1a: Mandibuzz\n|-damage|p1a: Mandibuzz|56\/100 brn\n|move|p1a: Mandibuzz|Roost|p1a: Mandibuzz\n|-heal|p1a: Mandibuzz|100\/100 brn\n|-singleturn|p1a: Mandibuzz|move: Roost\n|\n|-damage|p2a: Dragonite|57\/100 tox|[from] psn\n|-damage|p1a: Mandibuzz|94\/100 brn|[from] brn\n|upkeep\n|turn|12\n|c| SighofEnd|gg\n|c|\u2606freebird88|gg\n|\n|t:|1699735685\n|move|p1a: Mandibuzz|Protect|p1a: Mandibuzz\n|-singleturn|p1a: Mandibuzz|Protect\n|move|p2a: Dragonite|Extreme Speed|p1a: Mandibuzz\n|-activate|p1a: Mandibuzz|move: Protect\n|\n|-damage|p2a: Dragonite|38\/100 tox|[from] psn\n|-damage|p1a: Mandibuzz|88\/100 brn|[from] brn\n|upkeep\n|turn|13\n|c| SighofEnd|choice band?\n|-message|bigrig420 forfeited.\n|\n|win|freebird88\n|n|\u2606freebird88|freebird88\n|n|\u2606bigrig420|bigrig420\n|n|*Lady Monita \u2746|ladymonita\n|n| TotodileTuesday|totodiletuesday\n|n| Osgovs|osgovs\n|n| BuffYoda21|buffyoda21\n|n| SighofEnd|sighofend\n|n| DreamyFleur|dreamyfleur\n|n| Destroyer000Q|destroyer000q\n|n| Foosyyy|foosyyy\n|n| Im dumb srly|imdumbsrly\n","uploadtime":1699735691,"views":11,"p1id":"freebird88","p2id":"bigrig420","formatid":"gen9ou","rating":0,"private":0,"password":""}