{"id":"gen9ou-1990851853","p1":"moomoomoo3","p2":"SokkasmMaximum","format":"[Gen 9] OU","log":"|j|\u2606moomoomoo3\n|j|\u2606SokkasmMaximum\n|t:|1700007612\n|gametype|singles\n|player|p1|moomoomoo3|skierf|1101\n|player|p2|SokkasmMaximum|bugcatcher-gen4dp|1207\n|teamsize|p1|6\n|teamsize|p2|6\n|gen|9\n|tier|[Gen 9] OU\n|rated|\n|rule|Sleep Clause Mod: Limit one foe put to sleep\n|rule|Species Clause: Limit one of each Pok\u00e9mon\n|rule|OHKO Clause: OHKO moves are banned\n|rule|Evasion Items Clause: Evasion items are banned\n|rule|Evasion Moves Clause: Evasion moves are banned\n|rule|Endless Battle Clause: Forcing endless battles is banned\n|rule|HP Percentage Mod: HP is shown in percentages\n|clearpoke\n|poke|p1|Rillaboom, F|\n|poke|p1|Glimmora, M|\n|poke|p1|Gholdengo|\n|poke|p1|Manaphy|\n|poke|p1|Garganacl, M|\n|poke|p1|Dragonite, M|\n|poke|p2|Moltres|\n|poke|p2|Great Tusk|\n|poke|p2|Iron Valiant|\n|poke|p2|Kingambit, F|\n|poke|p2|Ogerpon-Wellspring, F|\n|poke|p2|Slowking-Galar, M|\n|teampreview\n|inactive|Battle timer is ON: inactive players will automatically lose when time's up. (requested by SokkasmMaximum)\n|c|\u2606SokkasmMaximum|Glhf\n|\n|t:|1700007641\n|start\n|switch|p1a: Glimmora|Glimmora, M|100\/100\n|switch|p2a: Great Tusk|Great Tusk|100\/100\n|turn|1\n|\n|t:|1700007655\n|move|p1a: Glimmora|Toxic|p2a: Great Tusk\n|-status|p2a: Great Tusk|tox\n|move|p2a: Great Tusk|Knock Off|p1a: Glimmora\n|-damage|p1a: Glimmora|68\/100\n|-activate|p1a: Glimmora|ability: Toxic Debris\n|-sidestart|p2: SokkasmMaximum|move: Toxic Spikes\n|-enditem|p1a: Glimmora|Focus Sash|[from] move: Knock Off|[of] p2a: Great Tusk\n|\n|-damage|p2a: Great Tusk|94\/100 tox|[from] psn\n|upkeep\n|turn|2\n|\n|t:|1700007666\n|move|p1a: Glimmora|Dazzling Gleam|p2a: Great Tusk\n|-supereffective|p2a: Great Tusk\n|-damage|p2a: Great Tusk|56\/100 tox\n|move|p2a: Great Tusk|Earthquake|p1a: Glimmora\n|-supereffective|p1a: Glimmora\n|-damage|p1a: Glimmora|0 fnt\n|-activate|p1a: Glimmora|ability: Toxic Debris\n|-sidestart|p2: SokkasmMaximum|move: Toxic Spikes\n|faint|p1a: Glimmora\n|\n|-damage|p2a: Great Tusk|43\/100 tox|[from] psn\n|upkeep\n|\n|t:|1700007678\n|switch|p1a: Manaphy|Manaphy|100\/100\n|turn|3\n|\n|t:|1700007683\n|-end|p2a: Great Tusk|Protosynthesis|[silent]\n|switch|p2a: Slowking|Slowking-Galar, M|100\/100\n|-sideend|p2: SokkasmMaximum|move: Toxic Spikes|[of] p2a: Slowking\n|move|p1a: Manaphy|Tail Glow|p1a: Manaphy\n|-boost|p1a: Manaphy|spa|3\n|\n|upkeep\n|turn|4\n|\n|t:|1700007698\n|move|p1a: Manaphy|Tail Glow|p1a: Manaphy\n|-boost|p1a: Manaphy|spa|3\n|move|p2a: Slowking|Chilly Reception|p2a: Slowking\n|-weather|Snow\n|\n|t:|1700007704\n|switch|p2a: Ogerpon|Ogerpon-Wellspring, F|100\/100|[from] Chilly Reception\n|\n|-weather|Snow|[upkeep]\n|upkeep\n|turn|5\n|\n|t:|1700007711\n|move|p2a: Ogerpon|Leech Seed|p1a: Manaphy\n|-start|p1a: Manaphy|move: Leech Seed\n|move|p1a: Manaphy|Ice Beam|p2a: Ogerpon\n|-damage|p2a: Ogerpon|0 fnt\n|faint|p2a: Ogerpon\n|\n|-weather|Snow|[upkeep]\n|upkeep\n|\n|t:|1700007720\n|switch|p2a: Iron Valiant|Iron Valiant|100\/100\n|turn|6\n|\n|t:|1700007731\n|-terastallize|p2a: Iron Valiant|Electric\n|move|p2a: Iron Valiant|Thunderbolt|p1a: Manaphy\n|-supereffective|p1a: Manaphy\n|-damage|p1a: Manaphy|0 fnt\n|faint|p1a: Manaphy\n|\n|-weather|Snow|[upkeep]\n|upkeep\n|\n|t:|1700007742\n|switch|p1a: Garganacl|Garganacl, M|100\/100\n|turn|7\n|\n|t:|1700007747\n|-end|p2a: Iron Valiant|Quark Drive|[silent]\n|switch|p2a: Great Tusk|Great Tusk|43\/100 tox\n|move|p1a: Garganacl|Salt Cure|p2a: Great Tusk\n|-resisted|p2a: Great Tusk\n|-damage|p2a: Great Tusk|41\/100 tox\n|-start|p2a: Great Tusk|Salt Cure\n|\n|-weather|Snow|[upkeep]\n|-damage|p2a: Great Tusk|35\/100 tox|[from] psn\n|-damage|p2a: Great Tusk|23\/100 tox|[from] Salt Cure\n|upkeep\n|turn|8\n|\n|t:|1700007761\n|-terastallize|p1a: Garganacl|Flying\n|move|p2a: Great Tusk|Knock Off|p1a: Garganacl\n|-damage|p1a: Garganacl|86\/100\n|-enditem|p1a: Garganacl|Leftovers|[from] move: Knock Off|[of] p2a: Great Tusk\n|move|p1a: Garganacl|Substitute|p1a: Garganacl\n|-start|p1a: Garganacl|Substitute\n|-damage|p1a: Garganacl|61\/100\n|\n|-weather|none\n|-damage|p2a: Great Tusk|10\/100 tox|[from] psn\n|-damage|p2a: Great Tusk|0 fnt|[from] Salt Cure\n|faint|p2a: Great Tusk\n|-end|p2a: Great Tusk|Protosynthesis|[silent]\n|upkeep\n|\n|t:|1700007776\n|switch|p2a: Iron Valiant|Iron Valiant, tera:Electric|100\/100\n|turn|9\n|\n|t:|1700007780\n|move|p2a: Iron Valiant|Thunderbolt|p1a: Garganacl\n|-supereffective|p1a: Garganacl\n|-end|p1a: Garganacl|Substitute\n|move|p1a: Garganacl|Salt Cure|p2a: Iron Valiant\n|-damage|p2a: Iron Valiant|82\/100\n|-start|p2a: Iron Valiant|Salt Cure\n|\n|-damage|p2a: Iron Valiant|69\/100|[from] Salt Cure\n|upkeep\n|turn|10\n|\n|t:|1700007792\n|move|p1a: Garganacl|Protect|p1a: Garganacl\n|-singleturn|p1a: Garganacl|Protect\n|move|p2a: Iron Valiant|Thunderbolt|p1a: Garganacl\n|-activate|p1a: Garganacl|move: Protect\n|\n|-damage|p2a: Iron Valiant|57\/100|[from] Salt Cure\n|upkeep\n|turn|11\n|\n|t:|1700007803\n|-end|p2a: Iron Valiant|Quark Drive|[silent]\n|switch|p2a: Slowking|Slowking-Galar, M|100\/100\n|switch|p1a: Rillaboom|Rillaboom, F|100\/100\n|-fieldstart|move: Grassy Terrain|[from] ability: Grassy Surge|[of] p1a: Rillaboom\n|\n|upkeep\n|turn|12\n|\n|t:|1700007811\n|move|p1a: Rillaboom|Knock Off|p2a: Slowking\n|-supereffective|p2a: Slowking\n|-damage|p2a: Slowking|56\/100\n|-enditem|p2a: Slowking|Leftovers|[from] move: Knock Off|[of] p1a: Rillaboom\n|move|p2a: Slowking|Future Sight|p1a: Rillaboom\n|-start|p2a: Slowking|move: Future Sight\n|\n|-heal|p2a: Slowking|62\/100|[from] Grassy Terrain\n|upkeep\n|turn|13\n|\n|t:|1700007820\n|move|p1a: Rillaboom|Knock Off|p2a: Slowking\n|-supereffective|p2a: Slowking\n|-damage|p2a: Slowking|31\/100\n|move|p2a: Slowking|Chilly Reception|p2a: Slowking\n|-weather|Snow\n|\n|t:|1700007826\n|switch|p2a: Moltres|Moltres|100\/100|[from] Chilly Reception\n|\n|-weather|Snow|[upkeep]\n|upkeep\n|turn|14\n|\n|t:|1700007833\n|move|p1a: Rillaboom|Leech Seed|p2a: Moltres\n|-start|p2a: Moltres|move: Leech Seed\n|move|p2a: Moltres|Flamethrower|p1a: Rillaboom\n|-supereffective|p1a: Rillaboom\n|-damage|p1a: Rillaboom|19\/100\n|\n|-weather|Snow|[upkeep]\n|-end|p1a: Rillaboom|move: Future Sight\n|-damage|p1a: Rillaboom|0 fnt\n|faint|p1a: Rillaboom\n|upkeep\n|\n|t:|1700007843\n|switch|p1a: Garganacl|Garganacl, M, tera:Flying|61\/100\n|turn|15\n|\n|t:|1700007848\n|move|p2a: Moltres|U-turn|p1a: Garganacl\n|-resisted|p1a: Garganacl\n|-damage|p1a: Garganacl|56\/100\n|\n|t:|1700007852\n|switch|p2a: Slowking|Slowking-Galar, M|64\/100|[from] U-turn\n|move|p1a: Garganacl|Salt Cure|p2a: Slowking\n|-damage|p2a: Slowking|51\/100\n|-start|p2a: Slowking|Salt Cure\n|\n|-weather|Snow|[upkeep]\n|-heal|p2a: Slowking|57\/100|[from] Grassy Terrain\n|-damage|p2a: Slowking|45\/100|[from] Salt Cure\n|-fieldend|move: Grassy Terrain\n|upkeep\n|turn|16\n|\n|t:|1700007863\n|move|p1a: Garganacl|Recover|p1a: Garganacl\n|-heal|p1a: Garganacl|100\/100\n|move|p2a: Slowking|Chilly Reception|p2a: Slowking\n|\n|t:|1700007868\n|switch|p2a: Iron Valiant|Iron Valiant, tera:Electric|57\/100|[from] Chilly Reception\n|\n|-weather|Snow|[upkeep]\n|upkeep\n|turn|17\n|\n|t:|1700007880\n|switch|p1a: Gholdengo|Gholdengo|100\/100\n|move|p2a: Iron Valiant|Thunderbolt|p1a: Gholdengo\n|-damage|p1a: Gholdengo|20\/100\n|\n|-weather|none\n|upkeep\n|turn|18\n|\n|t:|1700007891\n|-end|p2a: Iron Valiant|Quark Drive|[silent]\n|switch|p2a: Kingambit|Kingambit, F|100\/100\n|-activate|p2a: Kingambit|ability: Supreme Overlord\n|-start|p2a: Kingambit|fallen2|[silent]\n|move|p1a: Gholdengo|Make It Rain|p2a: Kingambit\n|-resisted|p2a: Kingambit\n|-damage|p2a: Kingambit|72\/100\n|-unboost|p1a: Gholdengo|spa|1\n|\n|-heal|p2a: Kingambit|79\/100|[from] item: Leftovers\n|upkeep\n|turn|19\n|\n|t:|1700007906\n|switch|p1a: Garganacl|Garganacl, M, tera:Flying|100\/100\n|move|p2a: Kingambit|Kowtow Cleave|p1a: Garganacl\n|-damage|p1a: Garganacl|69\/100\n|\n|-heal|p2a: Kingambit|85\/100|[from] item: Leftovers\n|upkeep\n|turn|20\n|\n|t:|1700007915\n|-end|p2a: Kingambit|fallen2|[silent]\n|switch|p2a: Slowking|Slowking-Galar, M|78\/100\n|move|p1a: Garganacl|Salt Cure|p2a: Slowking\n|-damage|p2a: Slowking|66\/100\n|-start|p2a: Slowking|Salt Cure\n|\n|-damage|p2a: Slowking|54\/100|[from] Salt Cure\n|upkeep\n|turn|21\n|\n|t:|1700007929\n|move|p1a: Garganacl|Salt Cure|p2a: Slowking\n|-damage|p2a: Slowking|42\/100\n|move|p2a: Slowking|Future Sight|p1a: Garganacl\n|-start|p2a: Slowking|move: Future Sight\n|\n|-damage|p2a: Slowking|29\/100|[from] Salt Cure\n|upkeep\n|turn|22\n|\n|t:|1700007940\n|switch|p2a: Iron Valiant|Iron Valiant, tera:Electric|57\/100\n|move|p1a: Garganacl|Salt Cure|p2a: Iron Valiant\n|-damage|p2a: Iron Valiant|40\/100\n|-start|p2a: Iron Valiant|Salt Cure\n|\n|-damage|p2a: Iron Valiant|28\/100|[from] Salt Cure\n|upkeep\n|turn|23\n|\n|t:|1700007953\n|move|p1a: Garganacl|Protect|p1a: Garganacl\n|-singleturn|p1a: Garganacl|Protect\n|move|p2a: Iron Valiant|Thunderbolt|p1a: Garganacl\n|-activate|p1a: Garganacl|move: Protect\n|\n|-end|p1a: Garganacl|move: Future Sight\n|-damage|p1a: Garganacl|31\/100\n|-damage|p2a: Iron Valiant|16\/100|[from] Salt Cure\n|upkeep\n|turn|24\n|\n|t:|1700007964\n|-end|p2a: Iron Valiant|Quark Drive|[silent]\n|switch|p2a: Slowking|Slowking-Galar, M|62\/100\n|move|p1a: Garganacl|Protect||[still]\n|-fail|p1a: Garganacl\n|\n|upkeep\n|turn|25\n|\n|t:|1700007972\n|move|p1a: Garganacl|Recover|p1a: Garganacl\n|-heal|p1a: Garganacl|81\/100\n|move|p2a: Slowking|Surf|p1a: Garganacl\n|-damage|p1a: Garganacl|62\/100\n|\n|upkeep\n|turn|26\n|\n|t:|1700007979\n|move|p1a: Garganacl|Salt Cure|p2a: Slowking\n|-damage|p2a: Slowking|51\/100\n|-start|p2a: Slowking|Salt Cure\n|move|p2a: Slowking|Chilly Reception|p2a: Slowking\n|-weather|Snow\n|\n|t:|1700007985\n|switch|p2a: Iron Valiant|Iron Valiant, tera:Electric|16\/100|[from] Chilly Reception\n|\n|-weather|Snow|[upkeep]\n|upkeep\n|turn|27\n|\n|t:|1700007992\n|move|p2a: Iron Valiant|Thunderbolt|p1a: Garganacl\n|-supereffective|p1a: Garganacl\n|-damage|p1a: Garganacl|0 fnt\n|faint|p1a: Garganacl\n|\n|-weather|Snow|[upkeep]\n|upkeep\n|\n|t:|1700007998\n|switch|p1a: Gholdengo|Gholdengo|20\/100\n|turn|28\n|\n|t:|1700008003\n|-end|p2a: Iron Valiant|Quark Drive|[silent]\n|switch|p2a: Slowking|Slowking-Galar, M|84\/100\n|move|p1a: Gholdengo|Psychic|p2a: Slowking\n|-damage|p2a: Slowking|61\/100\n|\n|-weather|Snow|[upkeep]\n|upkeep\n|turn|29\n|\n|t:|1700008012\n|move|p1a: Gholdengo|Shadow Ball|p2a: Slowking\n|-supereffective|p2a: Slowking\n|-damage|p2a: Slowking|0 fnt\n|faint|p2a: Slowking\n|\n|-weather|Snow|[upkeep]\n|upkeep\n|\n|t:|1700008022\n|switch|p2a: Iron Valiant|Iron Valiant, tera:Electric|16\/100\n|turn|30\n|\n|t:|1700008028\n|move|p2a: Iron Valiant|Moonblast|p1a: Gholdengo\n|-resisted|p1a: Gholdengo\n|-damage|p1a: Gholdengo|0 fnt\n|faint|p1a: Gholdengo\n|\n|-weather|none\n|upkeep\n|\n|t:|1700008034\n|switch|p1a: Dragonite|Dragonite, M|100\/100\n|turn|31\n|\n|t:|1700008038\n|-end|p2a: Iron Valiant|Quark Drive|[silent]\n|switch|p2a: Moltres|Moltres|100\/100\n|move|p1a: Dragonite|Extreme Speed|p2a: Moltres\n|-damage|p2a: Moltres|78\/100\n|\n|upkeep\n|turn|32\n|\n|t:|1700008048\n|move|p1a: Dragonite|Dragon Dance|p1a: Dragonite\n|-boost|p1a: Dragonite|atk|1\n|-boost|p1a: Dragonite|spe|1\n|move|p2a: Moltres|Will-O-Wisp|p1a: Dragonite\n|-status|p1a: Dragonite|brn\n|\n|-damage|p1a: Dragonite|94\/100 brn|[from] brn\n|upkeep\n|turn|33\n|\n|t:|1700008058\n|move|p1a: Dragonite|Ice Spinner|p2a: Moltres\n|-damage|p2a: Moltres|62\/100\n|move|p2a: Moltres|U-turn|p1a: Dragonite\n|-resisted|p1a: Dragonite\n|-damage|p1a: Dragonite|86\/100 brn\n|\n|t:|1700008064\n|switch|p2a: Iron Valiant|Iron Valiant, tera:Electric|16\/100|[from] U-turn\n|\n|-heal|p1a: Dragonite|92\/100 brn|[from] item: Leftovers\n|-damage|p1a: Dragonite|86\/100 brn|[from] brn\n|upkeep\n|turn|34\n|-message|moomoomoo3 forfeited.\n|\n|win|SokkasmMaximum\n|raw|moomoomoo3's rating: 1101 &rarr; <strong>1083<\/strong><br \/>(-18 for losing)\n|raw|SokkasmMaximum's rating: 1207 &rarr; <strong>1225<\/strong><br \/>(+18 for winning)\n|l|\u2606moomoomoo3\n","uploadtime":1700008078,"views":12,"p1id":"moomoomoo3","p2id":"sokkasmmaximum","formatid":"gen9ou","rating":1083,"private":0,"password":""}