{"id":"gen9ou-1992858791","p1":"shern167","p2":"withyouforever","format":"[Gen 9] OU","log":"|j|\u2606shern167\n|j|\u2606withyouforever\n|t:|1700241592\n|gametype|singles\n|player|p1|shern167|1|1300\n|player|p2|withyouforever|2|1308\n|teamsize|p1|6\n|teamsize|p2|6\n|gen|9\n|tier|[Gen 9] OU\n|rated|\n|rule|Sleep Clause Mod: Limit one foe put to sleep\n|rule|Species Clause: Limit one of each Pok\u00e9mon\n|rule|OHKO Clause: OHKO moves are banned\n|rule|Evasion Items Clause: Evasion items are banned\n|rule|Evasion Moves Clause: Evasion moves are banned\n|rule|Endless Battle Clause: Forcing endless battles is banned\n|rule|HP Percentage Mod: HP is shown in percentages\n|clearpoke\n|poke|p1|Ribombee, M|\n|poke|p1|Dragapult, M|\n|poke|p1|Manaphy|\n|poke|p1|Kingambit, F|\n|poke|p1|Breloom, M|\n|poke|p1|Heatran, M|\n|poke|p2|Weavile, F|\n|poke|p2|Weezing-Galar, F|\n|poke|p2|Alomomola, M|\n|poke|p2|Ting-Lu|\n|poke|p2|Corviknight, F|\n|poke|p2|Dondozo, M|\n|teampreview\n|inactive|Battle timer is ON: inactive players will automatically lose when time's up. (requested by shern167)\n|\n|t:|1700241610\n|start\n|switch|p1a: Ribombee|Ribombee, M|100\/100\n|switch|p2a: Corviknight|Corviknight, F|100\/100\n|-ability|p2a: Corviknight|Pressure\n|turn|1\n|\n|t:|1700241620\n|move|p1a: Ribombee|Reflect|p1a: Ribombee\n|-sidestart|p1: shern167|Reflect\n|move|p2a: Corviknight|Brave Bird|p1a: Ribombee\n|-supereffective|p1a: Ribombee\n|-damage|p1a: Ribombee|40\/100\n|-damage|p2a: Corviknight|83\/100|[from] Recoil\n|\n|upkeep\n|turn|2\n|\n|t:|1700241626\n|move|p1a: Ribombee|Light Screen|p1a: Ribombee\n|-sidestart|p1: shern167|move: Light Screen\n|move|p2a: Corviknight|Brave Bird|p1a: Ribombee\n|-supereffective|p1a: Ribombee\n|-damage|p1a: Ribombee|0 fnt\n|faint|p1a: Ribombee\n|-damage|p2a: Corviknight|72\/100|[from] Recoil\n|\n|upkeep\n|\n|t:|1700241635\n|switch|p1a: Manaphy|Manaphy|100\/100\n|turn|3\n|\n|t:|1700241649\n|switch|p2a: Dondozo|Dondozo, M|100\/100\n|move|p1a: Manaphy|Tail Glow|p1a: Manaphy\n|-boost|p1a: Manaphy|spa|3\n|\n|upkeep\n|turn|4\n|\n|t:|1700241658\n|-terastallize|p2a: Dondozo|Dragon\n|move|p1a: Manaphy|Shadow Ball|p2a: Dondozo\n|-damage|p2a: Dondozo|86\/100\n|-unboost|p2a: Dondozo|spd|1\n|move|p2a: Dondozo|Curse|p2a: Dondozo\n|-unboost|p2a: Dondozo|spe|1\n|-boost|p2a: Dondozo|atk|1\n|-boost|p2a: Dondozo|def|1\n|\n|-heal|p2a: Dondozo|92\/100|[from] item: Leftovers\n|upkeep\n|turn|5\n|\n|t:|1700241673\n|switch|p2a: Ting-Lu|Ting-Lu|100\/100\n|-ability|p2a: Ting-Lu|Vessel of Ruin\n|move|p1a: Manaphy|Ice Beam|p2a: Ting-Lu\n|-supereffective|p2a: Ting-Lu\n|-damage|p2a: Ting-Lu|42\/100\n|\n|-heal|p2a: Ting-Lu|48\/100|[from] item: Leftovers\n|upkeep\n|turn|6\n|\n|t:|1700241687\n|switch|p2a: Dondozo|Dondozo, M, tera:Dragon|92\/100\n|move|p1a: Manaphy|Surf|p2a: Dondozo\n|-resisted|p2a: Dondozo\n|-damage|p2a: Dondozo|80\/100\n|\n|-heal|p2a: Dondozo|87\/100|[from] item: Leftovers\n|upkeep\n|turn|7\n|\n|t:|1700241701\n|move|p1a: Manaphy|Ice Beam|p2a: Dondozo\n|-supereffective|p2a: Dondozo\n|-damage|p2a: Dondozo|51\/100\n|-status|p2a: Dondozo|frz\n|cant|p2a: Dondozo|frz\n|\n|-heal|p2a: Dondozo|57\/100 frz|[from] item: Leftovers\n|upkeep\n|turn|8\n|\n|t:|1700241711\n|move|p1a: Manaphy|Ice Beam|p2a: Dondozo\n|-supereffective|p2a: Dondozo\n|-damage|p2a: Dondozo|25\/100 frz\n|cant|p2a: Dondozo|frz\n|\n|-heal|p2a: Dondozo|31\/100 frz|[from] item: Leftovers\n|-sideend|p1: shern167|Reflect\n|upkeep\n|turn|9\n|\n|t:|1700241720\n|move|p1a: Manaphy|Ice Beam|p2a: Dondozo\n|-supereffective|p2a: Dondozo\n|-damage|p2a: Dondozo|0 fnt\n|faint|p2a: Dondozo\n|\n|-sideend|p1: shern167|move: Light Screen\n|upkeep\n|\n|t:|1700241726\n|switch|p2a: Alomomola|Alomomola, M|100\/100\n|turn|10\n|\n|t:|1700241736\n|switch|p1a: Kingambit|Kingambit, F|100\/100\n|-activate|p1a: Kingambit|ability: Supreme Overlord\n|-start|p1a: Kingambit|fallen1|[silent]\n|move|p2a: Alomomola|Mirror Coat||[still]\n|-fail|p2a: Alomomola\n|\n|upkeep\n|turn|11\n|\n|t:|1700241745\n|move|p1a: Kingambit|Swords Dance|p1a: Kingambit\n|-boost|p1a: Kingambit|atk|2\n|move|p2a: Alomomola|Wish|p2a: Alomomola\n|\n|upkeep\n|turn|12\n|\n|t:|1700241753\n|move|p1a: Kingambit|Swords Dance|p1a: Kingambit\n|-boost|p1a: Kingambit|atk|2\n|move|p2a: Alomomola|Flip Turn|p1a: Kingambit\n|-damage|p1a: Kingambit|88\/100\n|\n|t:|1700241759\n|switch|p2a: Weezing|Weezing-Galar, F|100\/100|[from] Flip Turn\n|-ability|p2a: Weezing|Neutralizing Gas\n|\n|upkeep\n|turn|13\n|\n|t:|1700241765\n|move|p2a: Weezing|Will-O-Wisp|p1a: Kingambit\n|-status|p1a: Kingambit|brn\n|move|p1a: Kingambit|Iron Head|p2a: Weezing\n|-supereffective|p2a: Weezing\n|-damage|p2a: Weezing|0 fnt\n|faint|p2a: Weezing\n|-end|p2a: Weezing|ability: Neutralizing Gas\n|-activate|p1a: Kingambit|ability: Supreme Overlord\n|-start|p1a: Kingambit|fallen1|[silent]\n|-damage|p1a: Kingambit|78\/100 brn|[from] item: Life Orb\n|\n|-damage|p1a: Kingambit|72\/100 brn|[from] brn\n|upkeep\n|\n|t:|1700241778\n|switch|p2a: Corviknight|Corviknight, F|72\/100\n|-ability|p2a: Corviknight|Pressure\n|turn|14\n|\n|t:|1700241783\n|move|p2a: Corviknight|Iron Defense|p2a: Corviknight\n|-boost|p2a: Corviknight|def|2\n|move|p1a: Kingambit|Kowtow Cleave|p2a: Corviknight\n|-damage|p2a: Corviknight|38\/100\n|-damage|p1a: Kingambit|55\/100 brn|[from] item: Rocky Helmet|[of] p2a: Corviknight\n|-damage|p1a: Kingambit|45\/100 brn|[from] item: Life Orb\n|\n|-damage|p1a: Kingambit|39\/100 brn|[from] brn\n|upkeep\n|turn|15\n|\n|t:|1700241793\n|move|p2a: Corviknight|Roost|p2a: Corviknight\n|-heal|p2a: Corviknight|88\/100\n|-singleturn|p2a: Corviknight|move: Roost\n|move|p1a: Kingambit|Kowtow Cleave|p2a: Corviknight\n|-damage|p2a: Corviknight|55\/100\n|-damage|p1a: Kingambit|23\/100 brn|[from] item: Rocky Helmet|[of] p2a: Corviknight\n|-damage|p1a: Kingambit|13\/100 brn|[from] item: Life Orb\n|\n|-damage|p1a: Kingambit|6\/100 brn|[from] brn\n|upkeep\n|turn|16\n|\n|t:|1700241805\n|move|p2a: Corviknight|Roost|p2a: Corviknight\n|-heal|p2a: Corviknight|100\/100\n|-singleturn|p2a: Corviknight|move: Roost\n|move|p1a: Kingambit|Kowtow Cleave|p2a: Corviknight\n|-damage|p2a: Corviknight|67\/100\n|-damage|p1a: Kingambit|0 fnt|[from] item: Rocky Helmet|[of] p2a: Corviknight\n|faint|p1a: Kingambit\n|-end|p1a: Kingambit|fallen1|[silent]\n|\n|upkeep\n|\n|t:|1700241810\n|switch|p1a: Heatran|Heatran, M|100\/100\n|turn|17\n|\n|t:|1700241818\n|switch|p2a: Alomomola|Alomomola, M|100\/100\n|move|p1a: Heatran|Flamethrower|p2a: Alomomola\n|-resisted|p2a: Alomomola\n|-damage|p2a: Alomomola|76\/100\n|-status|p2a: Alomomola|brn\n|\n|-heal|p2a: Alomomola|82\/100 brn|[from] item: Leftovers\n|-damage|p2a: Alomomola|76\/100 brn|[from] brn\n|upkeep\n|turn|18\n|\n|t:|1700241828\n|switch|p1a: Dragapult|Dragapult, M|100\/100\n|move|p2a: Alomomola|Wish|p2a: Alomomola\n|\n|-heal|p2a: Alomomola|82\/100 brn|[from] item: Leftovers\n|-damage|p2a: Alomomola|76\/100 brn|[from] brn\n|upkeep\n|turn|19\n|\n|t:|1700241836\n|move|p1a: Dragapult|Dragon Dance|p1a: Dragapult\n|-boost|p1a: Dragapult|atk|1\n|-boost|p1a: Dragapult|spe|1\n|move|p2a: Alomomola|Mirror Coat||[still]\n|-fail|p2a: Alomomola\n|\n|-heal|p2a: Alomomola|100\/100 brn|[from] move: Wish|[wisher] Alomomola\n|-damage|p2a: Alomomola|94\/100 brn|[from] brn\n|upkeep\n|turn|20\n|\n|t:|1700241845\n|move|p1a: Dragapult|Dragon Dance|p1a: Dragapult\n|-boost|p1a: Dragapult|atk|1\n|-boost|p1a: Dragapult|spe|1\n|move|p2a: Alomomola|Wish|p2a: Alomomola\n|\n|-heal|p2a: Alomomola|100\/100 brn|[from] item: Leftovers\n|-damage|p2a: Alomomola|94\/100 brn|[from] brn\n|upkeep\n|turn|21\n|\n|t:|1700241853\n|move|p1a: Dragapult|Dragon Dance|p1a: Dragapult\n|-boost|p1a: Dragapult|atk|1\n|-boost|p1a: Dragapult|spe|1\n|move|p2a: Alomomola|Flip Turn|p1a: Dragapult\n|-resisted|p1a: Dragapult\n|-damage|p1a: Dragapult|95\/100\n|\n|t:|1700241859\n|switch|p2a: Corviknight|Corviknight, F|67\/100|[from] Flip Turn\n|-ability|p2a: Corviknight|Pressure\n|\n|-heal|p2a: Corviknight|100\/100|[from] move: Wish|[wisher] Alomomola\n|upkeep\n|turn|22\n|\n|t:|1700241869\n|move|p1a: Dragapult|Dragon Darts|p2a: Corviknight\n|-resisted|p2a: Corviknight\n|-damage|p2a: Corviknight|75\/100\n|-anim|p1a: Dragapult|Dragon Darts|p2a: Corviknight\n|-resisted|p2a: Corviknight\n|-damage|p2a: Corviknight|44\/100\n|-damage|p1a: Dragapult|85\/100|[from] item: Life Orb\n|move|p2a: Corviknight|Iron Defense|p2a: Corviknight\n|-boost|p2a: Corviknight|def|2\n|\n|upkeep\n|turn|23\n|\n|t:|1700241879\n|move|p1a: Dragapult|Dragon Darts|p2a: Corviknight\n|-resisted|p2a: Corviknight\n|-damage|p2a: Corviknight|30\/100\n|-anim|p1a: Dragapult|Dragon Darts|p2a: Corviknight\n|-resisted|p2a: Corviknight\n|-damage|p2a: Corviknight|17\/100\n|-damage|p1a: Dragapult|75\/100|[from] item: Life Orb\n|move|p2a: Corviknight|Roost|p2a: Corviknight\n|-heal|p2a: Corviknight|67\/100\n|-singleturn|p2a: Corviknight|move: Roost\n|\n|upkeep\n|turn|24\n|\n|t:|1700241890\n|move|p1a: Dragapult|Dragon Darts|p2a: Corviknight\n|-resisted|p2a: Corviknight\n|-damage|p2a: Corviknight|53\/100\n|-anim|p1a: Dragapult|Dragon Darts|p2a: Corviknight\n|-resisted|p2a: Corviknight\n|-damage|p2a: Corviknight|39\/100\n|-damage|p1a: Dragapult|65\/100|[from] item: Life Orb\n|move|p2a: Corviknight|Iron Defense|p2a: Corviknight\n|-boost|p2a: Corviknight|def|2\n|\n|upkeep\n|turn|25\n|\n|t:|1700241902\n|move|p1a: Dragapult|Dragon Darts|p2a: Corviknight\n|-resisted|p2a: Corviknight\n|-damage|p2a: Corviknight|29\/100\n|-anim|p1a: Dragapult|Dragon Darts|p2a: Corviknight\n|-resisted|p2a: Corviknight\n|-damage|p2a: Corviknight|20\/100\n|-damage|p1a: Dragapult|55\/100|[from] item: Life Orb\n|move|p2a: Corviknight|Roost|p2a: Corviknight\n|-heal|p2a: Corviknight|70\/100\n|-singleturn|p2a: Corviknight|move: Roost\n|\n|upkeep\n|turn|26\n|\n|t:|1700241915\n|switch|p1a: Heatran|Heatran, M|100\/100\n|move|p2a: Corviknight|Brave Bird|p1a: Heatran\n|-resisted|p1a: Heatran\n|-damage|p1a: Heatran|86\/100\n|-damage|p2a: Corviknight|64\/100|[from] Recoil\n|\n|upkeep\n|turn|27\n|\n|t:|1700241924\n|switch|p2a: Alomomola|Alomomola, M|100\/100 brn\n|move|p1a: Heatran|Flash Cannon|p2a: Alomomola\n|-resisted|p2a: Alomomola\n|-damage|p2a: Alomomola|79\/100 brn\n|\n|-heal|p2a: Alomomola|85\/100 brn|[from] item: Leftovers\n|-damage|p2a: Alomomola|79\/100 brn|[from] brn\n|upkeep\n|turn|28\n|\n|t:|1700241939\n|switch|p1a: Manaphy|Manaphy|100\/100\n|move|p2a: Alomomola|Wish|p2a: Alomomola\n|\n|-heal|p2a: Alomomola|85\/100 brn|[from] item: Leftovers\n|-damage|p2a: Alomomola|79\/100 brn|[from] brn\n|upkeep\n|turn|29\n|\n|t:|1700241951\n|move|p1a: Manaphy|Tail Glow|p1a: Manaphy\n|-boost|p1a: Manaphy|spa|3\n|move|p2a: Alomomola|Flip Turn|p1a: Manaphy\n|-resisted|p1a: Manaphy\n|-damage|p1a: Manaphy|96\/100\n|\n|t:|1700241962\n|switch|p2a: Weavile|Weavile, F|100\/100|[from] Flip Turn\n|-ability|p2a: Weavile|Pressure\n|\n|upkeep\n|turn|30\n|\n|t:|1700241969\n|move|p2a: Weavile|Substitute|p2a: Weavile\n|-start|p2a: Weavile|Substitute\n|-damage|p2a: Weavile|76\/100\n|move|p1a: Manaphy|Surf|p2a: Weavile\n|-end|p2a: Weavile|Substitute\n|\n|-heal|p2a: Weavile|82\/100|[from] item: Leftovers\n|upkeep\n|turn|31\n|\n|t:|1700241977\n|-terastallize|p1a: Manaphy|Water\n|move|p2a: Weavile|Protect|p2a: Weavile\n|-singleturn|p2a: Weavile|Protect\n|move|p1a: Manaphy|Surf|p2a: Weavile\n|-activate|p2a: Weavile|move: Protect\n|\n|-heal|p2a: Weavile|88\/100|[from] item: Leftovers\n|upkeep\n|turn|32\n|\n|t:|1700241986\n|move|p2a: Weavile|Substitute|p2a: Weavile\n|-start|p2a: Weavile|Substitute\n|-damage|p2a: Weavile|63\/100\n|move|p1a: Manaphy|Surf|p2a: Weavile\n|-end|p2a: Weavile|Substitute\n|\n|-heal|p2a: Weavile|69\/100|[from] item: Leftovers\n|upkeep\n|turn|33\n|\n|t:|1700241996\n|move|p2a: Weavile|Protect|p2a: Weavile\n|-singleturn|p2a: Weavile|Protect\n|move|p1a: Manaphy|Surf|p2a: Weavile\n|-activate|p2a: Weavile|move: Protect\n|\n|-heal|p2a: Weavile|75\/100|[from] item: Leftovers\n|upkeep\n|turn|34\n|\n|t:|1700242004\n|move|p2a: Weavile|Substitute|p2a: Weavile\n|-start|p2a: Weavile|Substitute\n|-damage|p2a: Weavile|51\/100\n|move|p1a: Manaphy|Surf|p2a: Weavile\n|-end|p2a: Weavile|Substitute\n|\n|-heal|p2a: Weavile|57\/100|[from] item: Leftovers\n|upkeep\n|turn|35\n|\n|t:|1700242013\n|move|p2a: Weavile|Substitute|p2a: Weavile\n|-start|p2a: Weavile|Substitute\n|-damage|p2a: Weavile|32\/100\n|move|p1a: Manaphy|Tail Glow|p1a: Manaphy\n|-boost|p1a: Manaphy|spa|3\n|\n|-heal|p2a: Weavile|38\/100|[from] item: Leftovers\n|upkeep\n|turn|36\n|\n|t:|1700242022\n|move|p2a: Weavile|Protect|p2a: Weavile\n|-singleturn|p2a: Weavile|Protect\n|move|p1a: Manaphy|Surf|p2a: Weavile\n|-activate|p2a: Weavile|move: Protect\n|\n|-heal|p2a: Weavile|44\/100|[from] item: Leftovers\n|upkeep\n|turn|37\n|\n|t:|1700242030\n|move|p2a: Weavile|Poison Jab|p1a: Manaphy\n|-damage|p1a: Manaphy|75\/100\n|move|p1a: Manaphy|Surf|p2a: Weavile\n|-end|p2a: Weavile|Substitute\n|\n|-heal|p2a: Weavile|50\/100|[from] item: Leftovers\n|upkeep\n|turn|38\n|\n|t:|1700242038\n|move|p2a: Weavile|Protect|p2a: Weavile\n|-singleturn|p2a: Weavile|Protect\n|move|p1a: Manaphy|Surf|p2a: Weavile\n|-activate|p2a: Weavile|move: Protect\n|\n|-heal|p2a: Weavile|56\/100|[from] item: Leftovers\n|upkeep\n|turn|39\n|\n|t:|1700242047\n|move|p2a: Weavile|Substitute|p2a: Weavile\n|-start|p2a: Weavile|Substitute\n|-damage|p2a: Weavile|32\/100\n|move|p1a: Manaphy|Surf|p2a: Weavile\n|-end|p2a: Weavile|Substitute\n|\n|-heal|p2a: Weavile|38\/100|[from] item: Leftovers\n|upkeep\n|turn|40\n|\n|t:|1700242055\n|move|p2a: Weavile|Protect|p2a: Weavile\n|-singleturn|p2a: Weavile|Protect\n|move|p1a: Manaphy|Shadow Ball|p2a: Weavile\n|-activate|p2a: Weavile|move: Protect\n|\n|-heal|p2a: Weavile|44\/100|[from] item: Leftovers\n|upkeep\n|turn|41\n|\n|t:|1700242067\n|move|p2a: Weavile|Substitute|p2a: Weavile\n|-start|p2a: Weavile|Substitute\n|-damage|p2a: Weavile|19\/100\n|move|p1a: Manaphy|Shadow Ball|p2a: Weavile\n|-resisted|p2a: Weavile\n|-end|p2a: Weavile|Substitute\n|\n|-heal|p2a: Weavile|25\/100|[from] item: Leftovers\n|upkeep\n|turn|42\n|\n|t:|1700242076\n|move|p2a: Weavile|Poison Jab|p1a: Manaphy\n|-damage|p1a: Manaphy|54\/100\n|move|p1a: Manaphy|Shadow Ball|p2a: Weavile\n|-resisted|p2a: Weavile\n|-damage|p2a: Weavile|0 fnt\n|faint|p2a: Weavile\n|\n|upkeep\n|\n|t:|1700242085\n|switch|p2a: Alomomola|Alomomola, M|100\/100 brn\n|turn|43\n|\n|t:|1700242089\n|move|p1a: Manaphy|Shadow Ball|p2a: Alomomola\n|-damage|p2a: Alomomola|17\/100 brn\n|-unboost|p2a: Alomomola|spd|1\n|move|p2a: Alomomola|Mirror Coat|p1a: Manaphy\n|-damage|p1a: Manaphy|0 fnt\n|faint|p1a: Manaphy\n|\n|-heal|p2a: Alomomola|23\/100 brn|[from] item: Leftovers\n|-damage|p2a: Alomomola|17\/100 brn|[from] brn\n|upkeep\n|\n|t:|1700242102\n|switch|p1a: Breloom|Breloom, M|100\/100\n|turn|44\n|\n|t:|1700242108\n|move|p2a: Alomomola|Protect|p2a: Alomomola\n|-singleturn|p2a: Alomomola|Protect\n|move|p1a: Breloom|Mach Punch|p2a: Alomomola\n|-activate|p2a: Alomomola|move: Protect\n|\n|-heal|p2a: Alomomola|23\/100 brn|[from] item: Leftovers\n|-damage|p2a: Alomomola|17\/100 brn|[from] brn\n|upkeep\n|turn|45\n|\n|t:|1700242118\n|switch|p2a: Corviknight|Corviknight, F|64\/100\n|-ability|p2a: Corviknight|Pressure\n|move|p1a: Breloom|Bullet Seed|p2a: Corviknight\n|-resisted|p2a: Corviknight\n|-damage|p2a: Corviknight|61\/100\n|-resisted|p2a: Corviknight\n|-damage|p2a: Corviknight|58\/100\n|-resisted|p2a: Corviknight\n|-damage|p2a: Corviknight|55\/100\n|-resisted|p2a: Corviknight\n|-damage|p2a: Corviknight|52\/100\n|-resisted|p2a: Corviknight\n|-damage|p2a: Corviknight|49\/100\n|-hitcount|p2a: Corviknight|5\n|\n|upkeep\n|turn|46\n|\n|t:|1700242134\n|move|p1a: Breloom|Spore|p2a: Corviknight\n|-status|p2a: Corviknight|slp|[from] move: Spore\n|cant|p2a: Corviknight|slp\n|\n|upkeep\n|turn|47\n|\n|t:|1700242143\n|switch|p1a: Heatran|Heatran, M|86\/100\n|switch|p2a: Alomomola|Alomomola, M|50\/100 brn\n|\n|-heal|p2a: Alomomola|56\/100 brn|[from] item: Leftovers\n|-damage|p2a: Alomomola|50\/100 brn|[from] brn\n|upkeep\n|turn|48\n|\n|t:|1700242157\n|move|p1a: Heatran|Flash Cannon|p2a: Alomomola\n|-resisted|p2a: Alomomola\n|-damage|p2a: Alomomola|29\/100 brn\n|move|p2a: Alomomola|Wish|p2a: Alomomola\n|\n|-heal|p2a: Alomomola|35\/100 brn|[from] item: Leftovers\n|-damage|p2a: Alomomola|29\/100 brn|[from] brn\n|upkeep\n|turn|49\n|\n|t:|1700242166\n|switch|p1a: Breloom|Breloom, M|100\/100\n|switch|p2a: Ting-Lu|Ting-Lu|48\/100\n|-ability|p2a: Ting-Lu|Vessel of Ruin\n|\n|-heal|p2a: Ting-Lu|94\/100|[from] move: Wish|[wisher] Alomomola\n|-heal|p2a: Ting-Lu|99\/100|[from] item: Leftovers\n|upkeep\n|turn|50\n|\n|t:|1700242180\n|move|p2a: Ting-Lu|Protect|p2a: Ting-Lu\n|-singleturn|p2a: Ting-Lu|Protect\n|move|p1a: Breloom|Substitute|p1a: Breloom\n|-start|p1a: Breloom|Substitute\n|-damage|p1a: Breloom|76\/100\n|\n|-heal|p2a: Ting-Lu|100\/100|[from] item: Leftovers\n|upkeep\n|turn|51\n|\n|t:|1700242197\n|switch|p2a: Corviknight|Corviknight, F|49\/100 slp\n|-ability|p2a: Corviknight|Pressure\n|move|p1a: Breloom|Bullet Seed|p2a: Corviknight\n|-resisted|p2a: Corviknight\n|-damage|p2a: Corviknight|46\/100 slp\n|-resisted|p2a: Corviknight\n|-damage|p2a: Corviknight|43\/100 slp\n|-resisted|p2a: Corviknight\n|-damage|p2a: Corviknight|39\/100 slp\n|-resisted|p2a: Corviknight\n|-damage|p2a: Corviknight|36\/100 slp\n|-resisted|p2a: Corviknight\n|-damage|p2a: Corviknight|33\/100 slp\n|-hitcount|p2a: Corviknight|5\n|\n|upkeep\n|turn|52\n|\n|t:|1700242212\n|move|p1a: Breloom|Mach Punch|p2a: Corviknight\n|-damage|p2a: Corviknight|13\/100 slp\n|-damage|p1a: Breloom|59\/100|[from] item: Rocky Helmet|[of] p2a: Corviknight\n|cant|p2a: Corviknight|slp\n|\n|upkeep\n|turn|53\n|\n|t:|1700242219\n|move|p1a: Breloom|Mach Punch|p2a: Corviknight\n|-damage|p2a: Corviknight|0 fnt\n|-damage|p1a: Breloom|43\/100|[from] item: Rocky Helmet|[of] p2a: Corviknight\n|faint|p2a: Corviknight\n|\n|upkeep\n|\n|t:|1700242225\n|switch|p2a: Alomomola|Alomomola, M|62\/100 brn\n|turn|54\n|\n|t:|1700242228\n|move|p1a: Breloom|Bullet Seed|p2a: Alomomola\n|-supereffective|p2a: Alomomola\n|-damage|p2a: Alomomola|36\/100 brn\n|-supereffective|p2a: Alomomola\n|-damage|p2a: Alomomola|13\/100 brn\n|-supereffective|p2a: Alomomola\n|-damage|p2a: Alomomola|0 fnt\n|faint|p2a: Alomomola\n|-hitcount|p2: Alomomola|3\n|\n|upkeep\n|-message|withyouforever forfeited.\n|\n|win|shern167\n|raw|shern167's rating: 1300 &rarr; <strong>1326<\/strong><br \/>(+26 for winning)\n|raw|withyouforever's rating: 1308 &rarr; <strong>1288<\/strong><br \/>(-20 for losing)\n|l|\u2606withyouforever\n|c|\u2606shern167|Not really gg\n|c|\u2606shern167|just crappy stall\n","uploadtime":1700242256,"views":21,"p1id":"shern167","p2id":"withyouforever","formatid":"gen9ou","rating":1288,"private":0,"password":""}