{"id":"gen9ou-1996846423","p1":"310YM4N74N3R0","p2":"kingofthevirgins","format":"[Gen 9] OU","log":"|j|\u2606310YM4N74N3R0\n|j|\u2606kingofthevirgins\n|t:|1700734662\n|gametype|singles\n|player|p1|310YM4N74N3R0|pokemonrangerf|1710\n|player|p2|kingofthevirgins|blue|1750\n|teamsize|p1|6\n|teamsize|p2|6\n|gen|9\n|tier|[Gen 9] OU\n|rated|\n|rule|Sleep Clause Mod: Limit one foe put to sleep\n|rule|Species Clause: Limit one of each Pok\u00e9mon\n|rule|OHKO Clause: OHKO moves are banned\n|rule|Evasion Items Clause: Evasion items are banned\n|rule|Evasion Moves Clause: Evasion moves are banned\n|rule|Endless Battle Clause: Forcing endless battles is banned\n|rule|HP Percentage Mod: HP is shown in percentages\n|clearpoke\n|poke|p1|Clodsire, M|\n|poke|p1|Thundurus-Therian, M|\n|poke|p1|Breloom, F|\n|poke|p1|Ceruledge, F|\n|poke|p1|Slowking, F|\n|poke|p1|Corviknight, M|\n|poke|p2|Ninetales, M|\n|poke|p2|Walking Wake|\n|poke|p2|Iron Moth|\n|poke|p2|Great Tusk|\n|poke|p2|Cresselia, F|\n|poke|p2|Breloom, M|\n|teampreview\n|\n|t:|1700734671\n|start\n|switch|p1a: Clodsire|Clodsire, M|100\/100\n|switch|p2a: Ninetales|Ninetales, M|100\/100\n|-weather|SunnyDay|[from] ability: Drought|[of] p2a: Ninetales\n|turn|1\n|inactive|Battle timer is ON: inactive players will automatically lose when time's up. (requested by 310YM4N74N3R0)\n|\n|t:|1700734678\n|move|p2a: Ninetales|Flamethrower|p1a: Clodsire\n|-damage|p1a: Clodsire|78\/100\n|move|p1a: Clodsire|Earthquake|p2a: Ninetales\n|-supereffective|p2a: Ninetales\n|-damage|p2a: Ninetales|31\/100\n|\n|-weather|SunnyDay|[upkeep]\n|upkeep\n|turn|2\n|\n|t:|1700734690\n|switch|p2a: SuicOn These Nuts|Walking Wake|100\/100\n|-activate|p2a: SuicOn These Nuts|ability: Protosynthesis\n|-start|p2a: SuicOn These Nuts|protosynthesisspa\n|move|p1a: Clodsire|Recover|p1a: Clodsire\n|-heal|p1a: Clodsire|100\/100\n|\n|-weather|SunnyDay|[upkeep]\n|upkeep\n|turn|3\n|\n|t:|1700734694\n|switch|p1a: Slowking|Slowking, F|100\/100\n|move|p2a: SuicOn These Nuts|Draco Meteor|p1a: Slowking\n|-damage|p1a: Slowking|38\/100\n|-unboost|p2a: SuicOn These Nuts|spa|2\n|\n|-weather|SunnyDay|[upkeep]\n|upkeep\n|turn|4\n|\n|t:|1700734702\n|-end|p2a: SuicOn These Nuts|Protosynthesis|[silent]\n|switch|p2a: Breloom|Breloom, M|100\/100\n|switch|p1a: Clodsire|Clodsire, M|100\/100\n|\n|-weather|SunnyDay|[upkeep]\n|upkeep\n|turn|5\n|\n|t:|1700734712\n|move|p2a: Breloom|Bullet Seed|p1a: Clodsire\n|-damage|p1a: Clodsire|81\/100\n|-damage|p1a: Clodsire|60\/100\n|-hitcount|p1a: Clodsire|2\n|move|p1a: Clodsire|Gunk Shot|p2a: Breloom\n|-supereffective|p2a: Breloom\n|-enditem|p2a: Breloom|Focus Sash\n|-damage|p2a: Breloom|1\/100\n|\n|-weather|SunnyDay|[upkeep]\n|upkeep\n|turn|6\n|\n|t:|1700734720\n|switch|p1a: Corviknight|Corviknight, M, shiny|100\/100\n|move|p2a: Breloom|Spore|p1a: Corviknight\n|-status|p1a: Corviknight|slp|[from] move: Spore\n|\n|-weather|SunnyDay|[upkeep]\n|upkeep\n|turn|7\n|\n|t:|1700734732\n|move|p2a: Breloom|Rock Tomb|p1a: Corviknight\n|-damage|p1a: Corviknight|78\/100 slp\n|-ability|p1a: Corviknight|Mirror Armor\n|-unboost|p2a: Breloom|spe|1\n|cant|p1a: Corviknight|slp\n|\n|-weather|SunnyDay|[upkeep]\n|-heal|p1a: Corviknight|84\/100 slp|[from] item: Leftovers\n|upkeep\n|turn|8\n|j| mew852\n|\n|t:|1700734740\n|switch|p2a: SuicOn These Nuts|Walking Wake|100\/100\n|-activate|p2a: SuicOn These Nuts|ability: Protosynthesis\n|-start|p2a: SuicOn These Nuts|protosynthesisspa\n|cant|p1a: Corviknight|slp\n|\n|-weather|none\n|-end|p2a: SuicOn These Nuts|Protosynthesis\n|-heal|p1a: Corviknight|90\/100 slp|[from] item: Leftovers\n|upkeep\n|turn|9\n|\n|t:|1700734757\n|move|p2a: SuicOn These Nuts|Draco Meteor|p1a: Corviknight\n|-resisted|p1a: Corviknight\n|-damage|p1a: Corviknight|50\/100 slp\n|-unboost|p2a: SuicOn These Nuts|spa|2\n|-curestatus|p1a: Corviknight|slp|[msg]\n|move|p1a: Corviknight|Roost|p1a: Corviknight\n|-heal|p1a: Corviknight|99\/100\n|-singleturn|p1a: Corviknight|move: Roost\n|\n|-heal|p1a: Corviknight|100\/100|[from] item: Leftovers\n|upkeep\n|turn|10\n|\n|t:|1700734764\n|-end|p2a: SuicOn These Nuts|Protosynthesis|[silent]\n|switch|p2a: Ninetales|Ninetales, M|31\/100\n|-weather|SunnyDay|[from] ability: Drought|[of] p2a: Ninetales\n|move|p1a: Corviknight|Bulk Up|p1a: Corviknight\n|-boost|p1a: Corviknight|atk|1\n|-boost|p1a: Corviknight|def|1\n|\n|-weather|SunnyDay|[upkeep]\n|upkeep\n|turn|11\n|\n|t:|1700734785\n|switch|p1a: Slowking|Slowking, F|71\/100\n|move|p2a: Ninetales|Flamethrower|p1a: Slowking\n|-resisted|p1a: Slowking\n|-damage|p1a: Slowking|60\/100\n|\n|-weather|SunnyDay|[upkeep]\n|upkeep\n|turn|12\n|\n|t:|1700734795\n|switch|p2a: SuicOn These Nuts|Walking Wake|100\/100\n|-activate|p2a: SuicOn These Nuts|ability: Protosynthesis\n|-start|p2a: SuicOn These Nuts|protosynthesisspa\n|move|p1a: Slowking|Future Sight|p2a: SuicOn These Nuts\n|-start|p1a: Slowking|move: Future Sight\n|\n|-weather|SunnyDay|[upkeep]\n|upkeep\n|turn|13\n|j| Yuriaa\n|\n|t:|1700734804\n|switch|p1a: Clodsire|Clodsire, M|60\/100\n|move|p2a: SuicOn These Nuts|Hydro Steam|p1a: Clodsire\n|-supereffective|p1a: Clodsire\n|-damage|p1a: Clodsire|0 fnt\n|faint|p1a: Clodsire\n|\n|-weather|SunnyDay|[upkeep]\n|upkeep\n|\n|t:|1700734817\n|switch|p1a: Ceruledge|Ceruledge, F|100\/100\n|turn|14\n|\n|t:|1700734820\n|move|p2a: SuicOn These Nuts|Hydro Steam|p1a: Ceruledge\n|-supereffective|p1a: Ceruledge\n|-enditem|p1a: Ceruledge|Focus Sash\n|-damage|p1a: Ceruledge|1\/100\n|move|p1a: Ceruledge|Swords Dance|p1a: Ceruledge\n|-boost|p1a: Ceruledge|atk|2\n|\n|-weather|SunnyDay|[upkeep]\n|-end|p2a: SuicOn These Nuts|move: Future Sight\n|-damage|p2a: SuicOn These Nuts|31\/100\n|upkeep\n|turn|15\n|\n|t:|1700734824\n|-end|p2a: SuicOn These Nuts|Protosynthesis|[silent]\n|switch|p2a: Great Tuskerooni|Great Tusk|100\/100\n|-activate|p2a: Great Tuskerooni|ability: Protosynthesis\n|-start|p2a: Great Tuskerooni|protosynthesisdef\n|move|p1a: Ceruledge|Shadow Sneak|p2a: Great Tuskerooni\n|-damage|p2a: Great Tuskerooni|84\/100\n|-damage|p1a: Ceruledge|0 fnt|[from] item: Rocky Helmet|[of] p2a: Great Tuskerooni\n|faint|p1a: Ceruledge\n|\n|-weather|SunnyDay|[upkeep]\n|upkeep\n|\n|t:|1700734832\n|switch|p1a: Thundurus|Thundurus-Therian, M|100\/100\n|turn|16\n|\n|t:|1700734837\n|-terastallize|p1a: Thundurus|Flying\n|move|p1a: Thundurus|Tera Blast|p2a: Great Tuskerooni|[anim] Tera Blast Flying\n|-supereffective|p2a: Great Tuskerooni\n|-damage|p2a: Great Tuskerooni|0 fnt\n|faint|p2a: Great Tuskerooni\n|-end|p2a: Great Tuskerooni|Protosynthesis|[silent]\n|\n|-weather|SunnyDay|[upkeep]\n|upkeep\n|\n|t:|1700734846\n|switch|p2a: SuicOn These Nuts|Walking Wake|31\/100\n|-activate|p2a: SuicOn These Nuts|ability: Protosynthesis\n|-start|p2a: SuicOn These Nuts|protosynthesisspa\n|turn|17\n|\n|t:|1700734850\n|switch|p1a: Slowking|Slowking, F|93\/100\n|move|p2a: SuicOn These Nuts|Hydro Steam|p1a: Slowking\n|-resisted|p1a: Slowking\n|-damage|p1a: Slowking|64\/100\n|\n|-weather|none\n|-end|p2a: SuicOn These Nuts|Protosynthesis\n|upkeep\n|turn|18\n|\n|t:|1700734857\n|-end|p2a: SuicOn These Nuts|Protosynthesis|[silent]\n|switch|p2a: Ninetales|Ninetales, M|31\/100\n|-weather|SunnyDay|[from] ability: Drought|[of] p2a: Ninetales\n|move|p1a: Slowking|Future Sight|p2a: Ninetales\n|-start|p1a: Slowking|move: Future Sight\n|\n|-weather|SunnyDay|[upkeep]\n|upkeep\n|turn|19\n|\n|t:|1700734861\n|move|p2a: Ninetales|Healing Wish|p2a: Ninetales\n|faint|p2a: Ninetales\n|move|p1a: Slowking|Surf|p2: Ninetales|[notarget]\n|-fail|p1a: Slowking\n|\n|-weather|SunnyDay|[upkeep]\n|upkeep\n|\n|t:|1700734869\n|switch|p2a: SuicOn These Nuts|Walking Wake|31\/100\n|-heal|p2a: SuicOn These Nuts|100\/100|[from] move: Healing Wish\n|-activate|p2a: SuicOn These Nuts|ability: Protosynthesis\n|-start|p2a: SuicOn These Nuts|protosynthesisspa\n|turn|20\n|\n|t:|1700734877\n|-terastallize|p2a: SuicOn These Nuts|Water\n|move|p2a: SuicOn These Nuts|Hydro Steam|p1a: Slowking\n|-resisted|p1a: Slowking\n|-damage|p1a: Slowking|25\/100\n|move|p1a: Slowking|Focus Blast|p2a: SuicOn These Nuts|[miss]\n|-miss|p1a: Slowking|p2a: SuicOn These Nuts\n|\n|-weather|SunnyDay|[upkeep]\n|-end|p2a: SuicOn These Nuts|move: Future Sight\n|-damage|p2a: SuicOn These Nuts|35\/100\n|upkeep\n|turn|21\n|\n|t:|1700734897\n|switch|p1a: Breloom|Breloom, F|100\/100\n|move|p2a: SuicOn These Nuts|Hydro Steam|p1a: Breloom\n|-resisted|p1a: Breloom\n|-damage|p1a: Breloom|0 fnt\n|faint|p1a: Breloom\n|\n|-weather|SunnyDay|[upkeep]\n|upkeep\n|j| deneme12\n|\n|t:|1700734903\n|switch|p1a: Slowking|Slowking, F|58\/100\n|turn|22\n|\n|t:|1700734906\n|move|p2a: SuicOn These Nuts|Hydro Steam|p1a: Slowking\n|-resisted|p1a: Slowking\n|-damage|p1a: Slowking|17\/100\n|move|p1a: Slowking|Focus Blast|p2a: SuicOn These Nuts|[miss]\n|-miss|p1a: Slowking|p2a: SuicOn These Nuts\n|\n|-weather|SunnyDay|[upkeep]\n|upkeep\n|turn|23\n|l| deneme12\n|inactive|310YM4N74N3R0 has 120 seconds left.\n|\n|t:|1700734943\n|switch|p1a: Corviknight|Corviknight, M, shiny|100\/100\n|move|p2a: SuicOn These Nuts|Hydro Steam|p1a: Corviknight\n|-damage|p1a: Corviknight|0 fnt\n|faint|p1a: Corviknight\n|\n|-weather|SunnyDay|[upkeep]\n|upkeep\n|\n|t:|1700734947\n|switch|p1a: Slowking|Slowking, F|50\/100\n|turn|24\n|\n|t:|1700734954\n|move|p2a: SuicOn These Nuts|Hydro Steam|p1a: Slowking\n|-resisted|p1a: Slowking\n|-damage|p1a: Slowking|7\/100\n|move|p1a: Slowking|Focus Blast|p2a: SuicOn These Nuts|[miss]\n|-miss|p1a: Slowking|p2a: SuicOn These Nuts\n|\n|-weather|SunnyDay|[upkeep]\n|upkeep\n|turn|25\n|-message|310YM4N74N3R0 forfeited.\n|\n|win|kingofthevirgins\n|raw|310YM4N74N3R0's rating: 1710 &rarr; <strong>1692<\/strong><br \/>(-18 for losing)\n|raw|kingofthevirgins's rating: 1750 &rarr; <strong>1768<\/strong><br \/>(+18 for winning)\n|c| Yuriaa|Bro really needs chilly\n|l|\u2606310YM4N74N3R0\n|c|\u2606kingofthevirgins|Honestly lol\n|l| Yuriaa\n|l|\u2606kingofthevirgins\n","uploadtime":1700735174,"views":3,"p1id":"310ym4n74n3r0","p2id":"kingofthevirgins","formatid":"gen9ou","rating":1692,"private":0,"password":""}