{"id":"gen9ou-1991761513","p1":"gaznapiront","p2":"q2wegn","format":"[Gen 9] OU","log":"|j|\u2606gaznapiront\n|j|\u203dq2wegn\n|t:|1700112673\n|gametype|singles\n|player|p1|gaznapiront|li|1091\n|player|p2|q2wegn|266|1043\n|teamsize|p1|6\n|teamsize|p2|6\n|gen|9\n|tier|[Gen 9] OU\n|rated|\n|rule|Sleep Clause Mod: Limit one foe put to sleep\n|rule|Species Clause: Limit one of each Pok\u00e9mon\n|rule|OHKO Clause: OHKO moves are banned\n|rule|Evasion Items Clause: Evasion items are banned\n|rule|Evasion Moves Clause: Evasion moves are banned\n|rule|Endless Battle Clause: Forcing endless battles is banned\n|rule|HP Percentage Mod: HP is shown in percentages\n|clearpoke\n|poke|p1|Rillaboom, F|\n|poke|p1|Zapdos|\n|poke|p1|Garganacl, F|\n|poke|p1|Zamazenta-*|\n|poke|p1|Iron Moth|\n|poke|p1|Greninja-*, M|\n|poke|p2|Iron Valiant|\n|poke|p2|Pincurchin, F|\n|poke|p2|Dragapult, F|\n|poke|p2|Greninja-*, M|\n|poke|p2|Great Tusk|\n|poke|p2|Murkrow, F|\n|teampreview\n|inactive|Battle timer is ON: inactive players will automatically lose when time's up. (requested by q2wegn)\n|\n|t:|1700112685\n|start\n|switch|p1a: Garganacl|Garganacl, F|100\/100\n|switch|p2a: Pincurchin|Pincurchin, F|100\/100\n|-fieldstart|move: Electric Terrain|[from] ability: Electric Surge|[of] p2a: Pincurchin\n|turn|1\n|\n|t:|1700112705\n|move|p1a: Garganacl|Salt Cure|p2a: Pincurchin\n|-damage|p2a: Pincurchin|89\/100\n|-start|p2a: Pincurchin|Salt Cure\n|move|p2a: Pincurchin|Spikes|p1a: Garganacl\n|-sidestart|p1: gaznapiront|Spikes\n|\n|-damage|p2a: Pincurchin|77\/100|[from] Salt Cure\n|upkeep\n|turn|2\n|\n|t:|1700112716\n|move|p1a: Garganacl|Body Press|p2a: Pincurchin\n|-damage|p2a: Pincurchin|52\/100\n|move|p2a: Pincurchin|Spikes|p1a: Garganacl\n|-sidestart|p1: gaznapiront|Spikes\n|\n|-damage|p2a: Pincurchin|40\/100|[from] Salt Cure\n|upkeep\n|turn|3\n|\n|t:|1700112725\n|move|p1a: Garganacl|Iron Defense|p1a: Garganacl\n|-boost|p1a: Garganacl|def|2\n|move|p2a: Pincurchin|Spikes|p1a: Garganacl\n|-sidestart|p1: gaznapiront|Spikes\n|\n|-damage|p2a: Pincurchin|27\/100|[from] Salt Cure\n|upkeep\n|turn|4\n|\n|t:|1700112733\n|switch|p2a: Greninja|Greninja, M|100\/100\n|move|p1a: Garganacl|Iron Defense|p1a: Garganacl\n|-boost|p1a: Garganacl|def|2\n|\n|upkeep\n|turn|5\n|\n|t:|1700112744\n|move|p2a: Greninja|Haze|p2a: Greninja\n|-start|p2a: Greninja|typechange|Ice|[from] ability: Protean\n|-clearallboost\n|move|p1a: Garganacl|Body Press|p2a: Greninja\n|-supereffective|p2a: Greninja\n|-damage|p2a: Greninja|19\/100\n|\n|-fieldend|move: Electric Terrain\n|upkeep\n|turn|6\n|\n|t:|1700112755\n|move|p2a: Greninja|Water Shuriken|p1a: Garganacl\n|-supereffective|p1a: Garganacl\n|-damage|p1a: Garganacl|94\/100\n|-supereffective|p1a: Garganacl\n|-damage|p1a: Garganacl|87\/100\n|-supereffective|p1a: Garganacl\n|-damage|p1a: Garganacl|80\/100\n|-supereffective|p1a: Garganacl\n|-damage|p1a: Garganacl|73\/100\n|-hitcount|p1a: Garganacl|4\n|move|p1a: Garganacl|Body Press|p2a: Greninja\n|-supereffective|p2a: Greninja\n|-crit|p2a: Greninja\n|-damage|p2a: Greninja|0 fnt\n|faint|p2a: Greninja\n|\n|upkeep\n|\n|t:|1700112769\n|switch|p2a: Pincurchin|Pincurchin, F|27\/100\n|-fieldstart|move: Electric Terrain|[from] ability: Electric Surge|[of] p2a: Pincurchin\n|turn|7\n|\n|t:|1700112775\n|move|p2a: Pincurchin|Sucker Punch||[still]\n|-fail|p2a: Pincurchin\n|move|p1a: Garganacl|Iron Defense|p1a: Garganacl\n|-boost|p1a: Garganacl|def|2\n|\n|upkeep\n|turn|8\n|\n|t:|1700112783\n|move|p1a: Garganacl|Iron Defense|p1a: Garganacl\n|-boost|p1a: Garganacl|def|2\n|move|p2a: Pincurchin|Recover|p2a: Pincurchin\n|-heal|p2a: Pincurchin|77\/100\n|\n|upkeep\n|turn|9\n|\n|t:|1700112794\n|switch|p2a: Iron Valiant|Iron Valiant|100\/100\n|-activate|p2a: Iron Valiant|ability: Quark Drive\n|-start|p2a: Iron Valiant|quarkdrivespa\n|move|p1a: Garganacl|Iron Defense|p1a: Garganacl\n|-boost|p1a: Garganacl|def|2\n|\n|upkeep\n|turn|10\n|\n|t:|1700112806\n|-terastallize|p2a: Iron Valiant|Normal\n|move|p2a: Iron Valiant|Moonblast|p1a: Garganacl\n|-damage|p1a: Garganacl|5\/100\n|-unboost|p1a: Garganacl|spa|1\n|-damage|p2a: Iron Valiant|90\/100|[from] item: Life Orb\n|move|p1a: Garganacl|Body Press|p2a: Iron Valiant\n|-supereffective|p2a: Iron Valiant\n|-damage|p2a: Iron Valiant|0 fnt\n|faint|p2a: Iron Valiant\n|-end|p2a: Iron Valiant|Quark Drive|[silent]\n|\n|upkeep\n|\n|t:|1700112820\n|switch|p2a: Pincurchin|Pincurchin, F|77\/100\n|turn|11\n|\n|t:|1700112823\n|move|p2a: Pincurchin|Sucker Punch||[still]\n|-fail|p2a: Pincurchin\n|move|p1a: Garganacl|Recover|p1a: Garganacl\n|-heal|p1a: Garganacl|55\/100\n|\n|-fieldend|move: Electric Terrain\n|upkeep\n|turn|12\n|\n|t:|1700112835\n|move|p1a: Garganacl|Recover|p1a: Garganacl\n|-heal|p1a: Garganacl|100\/100\n|move|p2a: Pincurchin|Discharge|p1a: Garganacl\n|-damage|p1a: Garganacl|81\/100\n|\n|upkeep\n|turn|13\n|\n|t:|1700112843\n|move|p1a: Garganacl|Body Press|p2a: Pincurchin\n|-damage|p2a: Pincurchin|0 fnt\n|faint|p2a: Pincurchin\n|\n|upkeep\n|\n|t:|1700112849\n|switch|p2a: Dragapult|Dragapult, F|100\/100\n|turn|14\n|\n|t:|1700112861\n|move|p2a: Dragapult|Phantom Force||[still]\n|-prepare|p2a: Dragapult|Phantom Force\n|-enditem|p2a: Dragapult|Power Herb\n|-anim|p2a: Dragapult|Phantom Force|p1a: Garganacl\n|-crit|p1a: Garganacl\n|-damage|p1a: Garganacl|60\/100\n|-damage|p2a: Dragapult|84\/100|[from] item: Rocky Helmet|[of] p1a: Garganacl\n|move|p1a: Garganacl|Salt Cure|p2a: Dragapult\n|-damage|p2a: Dragapult|67\/100\n|-start|p2a: Dragapult|Salt Cure\n|\n|-damage|p2a: Dragapult|54\/100|[from] Salt Cure\n|upkeep\n|turn|15\n|\n|t:|1700112873\n|switch|p2a: Murkrow|Murkrow, F|100\/100\n|move|p1a: Garganacl|Recover|p1a: Garganacl\n|-heal|p1a: Garganacl|100\/100\n|\n|upkeep\n|turn|16\n|\n|t:|1700112882\n|move|p1a: Garganacl|Body Press|p2a: Murkrow\n|-damage|p2a: Murkrow|0 fnt\n|faint|p2a: Murkrow\n|\n|upkeep\n|-message|q2wegn forfeited.\n|\n|win|gaznapiront\n|raw|gaznapiront's rating: 1091 &rarr; <strong>1114<\/strong><br \/>(+23 for winning)\n|raw|q2wegn's rating: 1043 &rarr; <strong>1029<\/strong><br \/>(-14 for losing)\n|l|\u203dq2wegn\n","uploadtime":1700112902,"views":23,"p1id":"gaznapiront","p2id":"q2wegn","formatid":"gen9ou","rating":1029,"private":0,"password":""}