{"id":"gen9ou-1990488434","p1":"dilkem","p2":"Originxpulse","format":"[Gen 9] OU","log":"|j|\u203ddilkem\n|j|\u2606Originxpulse\n|t:|1699975532\n|gametype|singles\n|player|p1|dilkem|worker|1323\n|player|p2|Originxpulse|hilbert|1383\n|teamsize|p1|6\n|teamsize|p2|6\n|gen|9\n|tier|[Gen 9] OU\n|rated|\n|rule|Sleep Clause Mod: Limit one foe put to sleep\n|rule|Species Clause: Limit one of each Pok\u00e9mon\n|rule|OHKO Clause: OHKO moves are banned\n|rule|Evasion Items Clause: Evasion items are banned\n|rule|Evasion Moves Clause: Evasion moves are banned\n|rule|Endless Battle Clause: Forcing endless battles is banned\n|rule|HP Percentage Mod: HP is shown in percentages\n|clearpoke\n|poke|p1|Slowbro, M|\n|poke|p1|Diancie|\n|poke|p1|Slither Wing|\n|poke|p1|Donphan, M|\n|poke|p1|Arcanine-Hisui, F|\n|poke|p1|Revavroom, M|\n|poke|p2|Zamazenta-*|\n|poke|p2|Greninja-*, M|\n|poke|p2|Toxapex, F|\n|poke|p2|Landorus-Therian, M|\n|poke|p2|Slowking-Galar, F|\n|poke|p2|Dragapult, M|\n|teampreview\n|inactive|Battle timer is ON: inactive players will automatically lose when time's up. (requested by dilkem)\n|\n|t:|1699975566\n|start\n|switch|p1a: Slowbro|Slowbro, M, shiny|100\/100\n|switch|p2a: Landorus|Landorus-Therian, M|100\/100\n|-ability|p2a: Landorus|Intimidate|boost\n|-unboost|p1a: Slowbro|atk|1\n|turn|1\n|\n|t:|1699975572\n|move|p2a: Landorus|U-turn|p1a: Slowbro\n|-supereffective|p1a: Slowbro\n|-damage|p1a: Slowbro|55\/100\n|-enditem|p1a: Slowbro|Weakness Policy\n|-boost|p1a: Slowbro|atk|2|[from] item: Weakness Policy\n|-boost|p1a: Slowbro|spa|2|[from] item: Weakness Policy\n|\n|t:|1699975576\n|switch|p2a: Dragapult|Dragapult, M|100\/100|[from] U-turn\n|move|p1a: Slowbro|Trick Room|p1a: Slowbro\n|-fieldstart|move: Trick Room|[of] p1a: Slowbro\n|\n|upkeep\n|turn|2\n|\n|t:|1699975584\n|move|p1a: Slowbro|Psychic|p2a: Dragapult\n|-damage|p2a: Dragapult|0 fnt\n|faint|p2a: Dragapult\n|\n|upkeep\n|\n|t:|1699975600\n|switch|p2a: Greninja|Greninja, M|100\/100\n|turn|3\n|\n|t:|1699975603\n|move|p1a: Slowbro|Focus Blast|p2a: Greninja\n|-supereffective|p2a: Greninja\n|-damage|p2a: Greninja|0 fnt\n|faint|p2a: Greninja\n|\n|upkeep\n|\n|t:|1699975615\n|switch|p2a: Zamazenta|Zamazenta|100\/100\n|-ability|p2a: Zamazenta|Dauntless Shield|boost\n|-boost|p2a: Zamazenta|def|1\n|turn|4\n|\n|t:|1699975619\n|-terastallize|p2a: Zamazenta|Steel\n|move|p1a: Slowbro|Psychic|p2a: Zamazenta\n|-resisted|p2a: Zamazenta\n|-crit|p2a: Zamazenta\n|-damage|p2a: Zamazenta|54\/100\n|move|p2a: Zamazenta|Substitute|p2a: Zamazenta\n|-start|p2a: Zamazenta|Substitute\n|-damage|p2a: Zamazenta|29\/100\n|\n|-heal|p2a: Zamazenta|35\/100|[from] item: Leftovers\n|upkeep\n|turn|5\n|\n|t:|1699975629\n|move|p1a: Slowbro|Surf|p2a: Zamazenta\n|-crit|p2a: Zamazenta\n|-end|p2a: Zamazenta|Substitute\n|move|p2a: Zamazenta|Iron Defense|p2a: Zamazenta\n|-boost|p2a: Zamazenta|def|2\n|\n|-heal|p2a: Zamazenta|41\/100|[from] item: Leftovers\n|-fieldend|move: Trick Room\n|upkeep\n|turn|6\n|\n|t:|1699975636\n|move|p2a: Zamazenta|Crunch|p1a: Slowbro\n|-supereffective|p1a: Slowbro\n|-crit|p1a: Slowbro\n|-damage|p1a: Slowbro|2\/100\n|move|p1a: Slowbro|Trick Room|p1a: Slowbro\n|-fieldstart|move: Trick Room|[of] p1a: Slowbro\n|\n|-heal|p2a: Zamazenta|47\/100|[from] item: Leftovers\n|upkeep\n|turn|7\n|\n|t:|1699975643\n|move|p1a: Slowbro|Surf|p2a: Zamazenta\n|-damage|p2a: Zamazenta|0 fnt\n|faint|p2a: Zamazenta\n|\n|upkeep\n|\n|t:|1699975653\n|switch|p2a: Slowking|Slowking-Galar, F|100\/100\n|turn|8\n|\n|t:|1699975656\n|move|p2a: Slowking|Sludge Bomb|p1a: Slowbro\n|-damage|p1a: Slowbro|0 fnt\n|faint|p1a: Slowbro\n|\n|upkeep\n|\n|t:|1699975664\n|switch|p1a: Donphan|Donphan, M|100\/100\n|turn|9\n|\n|t:|1699975672\n|move|p1a: Donphan|Ice Shard|p2a: Slowking\n|-damage|p2a: Slowking|90\/100\n|move|p2a: Slowking|Future Sight|p1a: Donphan\n|-start|p2a: Slowking|move: Future Sight\n|\n|upkeep\n|turn|10\n|inactive|Originxpulse has 120 seconds left.\n|\n|t:|1699975718\n|move|p1a: Donphan|Ice Shard|p2a: Slowking\n|-damage|p2a: Slowking|80\/100\n|move|p2a: Slowking|Chilly Reception|p2a: Slowking\n|-weather|Snow\n|\n|t:|1699975720\n|switch|p2a: Toxapex|Toxapex, F|100\/100|[from] Chilly Reception\n|\n|-weather|Snow|[upkeep]\n|-fieldend|move: Trick Room\n|upkeep\n|turn|11\n|\n|t:|1699975728\n|switch|p1a: Revavroom|Revavroom, M|100\/100\n|move|p2a: Toxapex|Surf|p1a: Revavroom\n|-damage|p1a: Revavroom|77\/100\n|\n|-weather|Snow|[upkeep]\n|-end|p1a: Revavroom|move: Future Sight\n|-damage|p1a: Revavroom|40\/100\n|-heal|p1a: Revavroom|46\/100|[from] item: Black Sludge\n|upkeep\n|turn|12\n|inactive|Originxpulse has 120 seconds left.\n|\n|t:|1699975740\n|move|p1a: Revavroom|Parting Shot|p2a: Toxapex\n|-unboost|p2a: Toxapex|atk|1\n|-unboost|p2a: Toxapex|spa|1\n|\n|t:|1699975746\n|switch|p1a: Slither Wing|Slither Wing|100\/100|[from] Parting Shot\n|move|p2a: Toxapex|Surf|p1a: Slither Wing\n|-damage|p1a: Slither Wing|83\/100\n|\n|-weather|Snow|[upkeep]\n|upkeep\n|turn|13\n|\n|t:|1699975753\n|move|p1a: Slither Wing|Earthquake|p2a: Toxapex\n|-supereffective|p2a: Toxapex\n|-damage|p2a: Toxapex|37\/100\n|move|p2a: Toxapex|Sludge Bomb|p1a: Slither Wing\n|-damage|p1a: Slither Wing|65\/100\n|\n|-weather|Snow|[upkeep]\n|upkeep\n|turn|14\n|\n|t:|1699975764\n|switch|p2a: Slowking|Slowking-Galar, F|100\/100\n|move|p1a: Slither Wing|U-turn|p2a: Slowking\n|-damage|p2a: Slowking|66\/100\n|\n|t:|1699975769\n|-end|p1a: Slither Wing|Protosynthesis|[silent]\n|switch|p1a: Donphan|Donphan, M|100\/100|[from] U-turn\n|\n|-weather|none\n|upkeep\n|turn|15\n|\n|t:|1699975773\n|move|p1a: Donphan|Earthquake|p2a: Slowking\n|-supereffective|p2a: Slowking\n|-damage|p2a: Slowking|0 fnt\n|faint|p2a: Slowking\n|\n|upkeep\n|\n|t:|1699975776\n|switch|p2a: Landorus|Landorus-Therian, M|100\/100\n|-ability|p2a: Landorus|Intimidate|boost\n|-unboost|p1a: Donphan|atk|1\n|turn|16\n|\n|t:|1699975781\n|switch|p1a: Slither Wing|Slither Wing|65\/100\n|move|p2a: Landorus|Grass Knot|p1a: Slither Wing\n|-resisted|p1a: Slither Wing\n|-damage|p1a: Slither Wing|57\/100\n|\n|upkeep\n|turn|17\n|\n|t:|1699975810\n|move|p2a: Landorus|Grass Knot|p1a: Slither Wing\n|-resisted|p1a: Slither Wing\n|-damage|p1a: Slither Wing|48\/100\n|move|p1a: Slither Wing|U-turn|p2a: Landorus\n|-resisted|p2a: Landorus\n|-damage|p2a: Landorus|71\/100\n|\n|t:|1699975816\n|-end|p1a: Slither Wing|Protosynthesis|[silent]\n|switch|p1a: Diancie|Diancie|100\/100|[from] U-turn\n|\n|upkeep\n|turn|18\n|inactive|Originxpulse has 120 seconds left.\n|\n|t:|1699975858\n|switch|p2a: Toxapex|Toxapex, F|70\/100\n|move|p1a: Diancie|Power Gem|p2a: Toxapex\n|-damage|p2a: Toxapex|50\/100\n|\n|upkeep\n|turn|19\n|\n|t:|1699975870\n|move|p2a: Toxapex|Surf|p1a: Diancie\n|-supereffective|p1a: Diancie\n|-damage|p1a: Diancie|50\/100\n|move|p1a: Diancie|Earth Power|p2a: Toxapex\n|-supereffective|p2a: Toxapex\n|-damage|p2a: Toxapex|18\/100\n|\n|-heal|p1a: Diancie|57\/100|[from] item: Leftovers\n|upkeep\n|turn|20\n|\n|t:|1699975884\n|switch|p1a: Slither Wing|Slither Wing|48\/100\n|move|p2a: Toxapex|Surf|p1a: Slither Wing\n|-damage|p1a: Slither Wing|21\/100\n|\n|upkeep\n|turn|21\n|inactive|Originxpulse has 120 seconds left.\n|inactive|Originxpulse has 90 seconds left.\n|\n|t:|1699975936\n|move|p1a: Slither Wing|U-turn|p2a: Toxapex\n|-resisted|p2a: Toxapex\n|-damage|p2a: Toxapex|0 fnt\n|faint|p2a: Toxapex\n|\n|t:|1699975942\n|-end|p1a: Slither Wing|Protosynthesis|[silent]\n|switch|p1a: Donphan|Donphan, M|100\/100|[from] U-turn\n|\n|upkeep\n|\n|t:|1699975944\n|switch|p2a: Landorus|Landorus-Therian, M|71\/100\n|-ability|p2a: Landorus|Intimidate|boost\n|-unboost|p1a: Donphan|atk|1\n|turn|22\n|\n|t:|1699975949\n|move|p1a: Donphan|Ice Shard|p2a: Landorus\n|-supereffective|p2a: Landorus\n|-damage|p2a: Landorus|26\/100\n|move|p2a: Landorus|Earthquake|p1a: Donphan\n|-damage|p1a: Donphan|57\/100\n|\n|-heal|p1a: Donphan|63\/100|[from] item: Leftovers\n|upkeep\n|turn|23\n|\n|t:|1699975956\n|move|p1a: Donphan|Ice Shard|p2a: Landorus\n|-supereffective|p2a: Landorus\n|-crit|p2a: Landorus\n|-damage|p2a: Landorus|0 fnt\n|faint|p2a: Landorus\n|\n|win|dilkem\n|raw|dilkem's rating: 1323 &rarr; <strong>1348<\/strong><br \/>(+25 for winning)\n|raw|Originxpulse's rating: 1407 &rarr; <strong>1382<\/strong><br \/>(-25 for losing)\n|l|\u2606Originxpulse\n","uploadtime":1699975964,"views":4,"p1id":"dilkem","p2id":"originxpulse","formatid":"gen9ou","rating":1348,"private":0,"password":""}