{"id":"gen9ou-2000653576","p1":"seakingmissile","p2":"mint yerb","format":"[Gen 9] OU","log":"|j|\u2606seakingmissile\n|j|\u2606mint yerb\n|t:|1701214936\n|gametype|singles\n|player|p1|seakingmissile|larry|1409\n|player|p2|mint yerb|flannery|1417\n|teamsize|p1|6\n|teamsize|p2|6\n|gen|9\n|tier|[Gen 9] OU\n|rated|\n|rule|Sleep Clause Mod: Limit one foe put to sleep\n|rule|Species Clause: Limit one of each Pok\u00e9mon\n|rule|OHKO Clause: OHKO moves are banned\n|rule|Evasion Items Clause: Evasion items are banned\n|rule|Evasion Moves Clause: Evasion moves are banned\n|rule|Endless Battle Clause: Forcing endless battles is banned\n|rule|HP Percentage Mod: HP is shown in percentages\n|clearpoke\n|poke|p1|Quaquaval, F|\n|poke|p1|Hatterene, F|\n|poke|p1|Heatran, F|\n|poke|p1|Rillaboom, F|\n|poke|p1|Zapdos|\n|poke|p1|Brambleghast, F|\n|poke|p2|Wo-Chien|\n|poke|p2|Scream Tail|\n|poke|p2|Cinderace, F|\n|poke|p2|Glimmora, F|\n|poke|p2|Rotom-Wash|\n|poke|p2|Kingambit, F|\n|teampreview\n|c|\u2606seakingmissile|glhf\n|inactive|Battle timer is ON: inactive players will automatically lose when time's up. (requested by seakingmissile)\n|inactive|mint yerb has 120 seconds left.\n|\n|t:|1701214987\n|start\n|switch|p1a: Got Any Grapes|Quaquaval, F|100\/100\n|switch|p2a: Live Wo-Chien|Wo-Chien|100\/100\n|-ability|p2a: Live Wo-Chien|Tablets of Ruin\n|turn|1\n|\n|t:|1701214997\n|-terastallize|p2a: Live Wo-Chien|Poison\n|move|p1a: Got Any Grapes|Bulk Up|p1a: Got Any Grapes\n|-boost|p1a: Got Any Grapes|atk|1\n|-boost|p1a: Got Any Grapes|def|1\n|move|p2a: Live Wo-Chien|Knock Off|p1a: Got Any Grapes\n|-resisted|p1a: Got Any Grapes\n|-damage|p1a: Got Any Grapes|90\/100\n|-enditem|p1a: Got Any Grapes|Leftovers|[from] move: Knock Off|[of] p2a: Live Wo-Chien\n|\n|upkeep\n|turn|2\n|\n|t:|1701215001\n|move|p1a: Got Any Grapes|Aqua Step|p2a: Live Wo-Chien\n|-damage|p2a: Live Wo-Chien|75\/100\n|-boost|p1a: Got Any Grapes|spe|1\n|move|p2a: Live Wo-Chien|Leech Seed|p1a: Got Any Grapes\n|-start|p1a: Got Any Grapes|move: Leech Seed\n|\n|-heal|p2a: Live Wo-Chien|81\/100|[from] item: Leftovers\n|-damage|p1a: Got Any Grapes|78\/100|[from] Leech Seed|[of] p2a: Live Wo-Chien\n|-heal|p2a: Live Wo-Chien|93\/100|[silent]\n|upkeep\n|turn|3\n|\n|t:|1701215005\n|move|p1a: Got Any Grapes|Bulk Up|p1a: Got Any Grapes\n|-boost|p1a: Got Any Grapes|atk|1\n|-boost|p1a: Got Any Grapes|def|1\n|move|p2a: Live Wo-Chien|Giga Drain|p1a: Got Any Grapes\n|-supereffective|p1a: Got Any Grapes\n|-damage|p1a: Got Any Grapes|17\/100\n|-heal|p2a: Live Wo-Chien|100\/100|[from] drain|[of] p1a: Got Any Grapes\n|\n|-damage|p1a: Got Any Grapes|5\/100|[from] Leech Seed|[of] p2a: Live Wo-Chien\n|upkeep\n|turn|4\n|\n|t:|1701215010\n|move|p1a: Got Any Grapes|Aqua Step|p2a: Live Wo-Chien\n|-damage|p2a: Live Wo-Chien|66\/100\n|-boost|p1a: Got Any Grapes|spe|1\n|move|p2a: Live Wo-Chien|Giga Drain|p1a: Got Any Grapes\n|-supereffective|p1a: Got Any Grapes\n|-damage|p1a: Got Any Grapes|0 fnt\n|-heal|p2a: Live Wo-Chien|68\/100|[from] drain|[of] p1a: Got Any Grapes\n|faint|p1a: Got Any Grapes\n|\n|-heal|p2a: Live Wo-Chien|74\/100|[from] item: Leftovers\n|upkeep\n|\n|t:|1701215015\n|switch|p1a: Trenbolape|Rillaboom, F|100\/100\n|-fieldstart|move: Grassy Terrain|[from] ability: Grassy Surge|[of] p1a: Trenbolape\n|turn|5\n|\n|t:|1701215019\n|move|p1a: Trenbolape|Knock Off|p2a: Live Wo-Chien\n|-damage|p2a: Live Wo-Chien|49\/100\n|-enditem|p2a: Live Wo-Chien|Leftovers|[from] move: Knock Off|[of] p1a: Trenbolape\n|move|p2a: Live Wo-Chien|Giga Drain|p1a: Trenbolape\n|-resisted|p1a: Trenbolape\n|-damage|p1a: Trenbolape|79\/100\n|-heal|p2a: Live Wo-Chien|59\/100|[from] drain|[of] p1a: Trenbolape\n|\n|-heal|p1a: Trenbolape|85\/100|[from] Grassy Terrain\n|-heal|p2a: Live Wo-Chien|65\/100|[from] Grassy Terrain\n|upkeep\n|turn|6\n|\n|t:|1701215026\n|switch|p1a: Madd Hatter|Hatterene, F|100\/100\n|-enditem|p1a: Madd Hatter|Grassy Seed\n|-boost|p1a: Madd Hatter|def|1|[from] item: Grassy Seed\n|move|p2a: Live Wo-Chien|Knock Off|p1a: Madd Hatter\n|-damage|p1a: Madd Hatter|89\/100\n|\n|-heal|p2a: Live Wo-Chien|72\/100|[from] Grassy Terrain\n|-heal|p1a: Madd Hatter|95\/100|[from] Grassy Terrain\n|upkeep\n|turn|7\n|\n|t:|1701215031\n|move|p2a: Live Wo-Chien|Giga Drain|p1a: Madd Hatter\n|-damage|p1a: Madd Hatter|58\/100\n|-heal|p2a: Live Wo-Chien|87\/100|[from] drain|[of] p1a: Madd Hatter\n|move|p1a: Madd Hatter|Agility|p1a: Madd Hatter\n|-boost|p1a: Madd Hatter|spe|2\n|\n|-heal|p1a: Madd Hatter|64\/100|[from] Grassy Terrain\n|-heal|p2a: Live Wo-Chien|94\/100|[from] Grassy Terrain\n|upkeep\n|turn|8\n|\n|t:|1701215042\n|move|p1a: Madd Hatter|Calm Mind|p1a: Madd Hatter\n|-boost|p1a: Madd Hatter|spa|1\n|-boost|p1a: Madd Hatter|spd|1\n|move|p2a: Live Wo-Chien|Giga Drain|p1a: Madd Hatter\n|-damage|p1a: Madd Hatter|42\/100\n|-heal|p2a: Live Wo-Chien|100\/100|[from] drain|[of] p1a: Madd Hatter\n|\n|-heal|p1a: Madd Hatter|48\/100|[from] Grassy Terrain\n|upkeep\n|turn|9\n|\n|t:|1701215053\n|move|p1a: Madd Hatter|Agility|p1a: Madd Hatter\n|-boost|p1a: Madd Hatter|spe|2\n|move|p2a: Live Wo-Chien|Giga Drain|p1a: Madd Hatter\n|-damage|p1a: Madd Hatter|27\/100\n|\n|-heal|p1a: Madd Hatter|33\/100|[from] Grassy Terrain\n|-fieldend|move: Grassy Terrain\n|upkeep\n|turn|10\n|\n|t:|1701215065\n|move|p1a: Madd Hatter|Calm Mind|p1a: Madd Hatter\n|-boost|p1a: Madd Hatter|spa|1\n|-boost|p1a: Madd Hatter|spd|1\n|move|p2a: Live Wo-Chien|Giga Drain|p1a: Madd Hatter\n|-damage|p1a: Madd Hatter|21\/100\n|\n|upkeep\n|turn|11\n|\n|t:|1701215073\n|move|p1a: Madd Hatter|Agility|p1a: Madd Hatter\n|-boost|p1a: Madd Hatter|spe|2\n|move|p2a: Live Wo-Chien|Giga Drain|p1a: Madd Hatter\n|-damage|p1a: Madd Hatter|8\/100\n|\n|upkeep\n|turn|12\n|\n|t:|1701215083\n|switch|p2a: Kingambit|Kingambit, F|100\/100\n|-terastallize|p1a: Madd Hatter|Steel\n|move|p1a: Madd Hatter|Draining Kiss|p2a: Kingambit\n|-crit|p2a: Kingambit\n|-damage|p2a: Kingambit|10\/100\n|-heal|p1a: Madd Hatter|80\/100|[from] drain|[of] p2a: Kingambit\n|\n|upkeep\n|turn|13\n|\n|t:|1701215097\n|move|p2a: Kingambit|Sucker Punch||[still]\n|-fail|p2a: Kingambit\n|move|p1a: Madd Hatter|Calm Mind|p1a: Madd Hatter\n|-boost|p1a: Madd Hatter|spa|1\n|-boost|p1a: Madd Hatter|spd|1\n|\n|upkeep\n|turn|14\n|\n|t:|1701215101\n|move|p2a: Kingambit|Sucker Punch||[still]\n|-fail|p2a: Kingambit\n|move|p1a: Madd Hatter|Calm Mind|p1a: Madd Hatter\n|-boost|p1a: Madd Hatter|spa|1\n|-boost|p1a: Madd Hatter|spd|1\n|\n|upkeep\n|turn|15\n|\n|t:|1701215124\n|move|p2a: Kingambit|Sucker Punch|p1a: Madd Hatter\n|-damage|p1a: Madd Hatter|54\/100\n|move|p1a: Madd Hatter|Draining Kiss|p2a: Kingambit\n|-damage|p2a: Kingambit|0 fnt\n|-heal|p1a: Madd Hatter|62\/100|[from] drain|[of] p2a: Kingambit\n|faint|p2a: Kingambit\n|-end|p2a: Kingambit|fallenundefined|[silent]\n|\n|upkeep\n|inactive|mint yerb has 120 seconds left.\n|\n|t:|1701215160\n|switch|p2a: Glimmora|Glimmora, F|100\/100\n|turn|16\n|\n|t:|1701215165\n|move|p2a: Glimmora|Earth Power|p1a: Madd Hatter\n|-supereffective|p1a: Madd Hatter\n|-damage|p1a: Madd Hatter|41\/100\n|move|p1a: Madd Hatter|Draining Kiss|p2a: Glimmora\n|-resisted|p2a: Glimmora\n|-damage|p2a: Glimmora|56\/100\n|-heal|p1a: Madd Hatter|74\/100|[from] drain|[of] p2a: Glimmora\n|\n|upkeep\n|turn|17\n|\n|t:|1701215184\n|switch|p2a: Live Wo-Chien|Wo-Chien, tera:Poison|100\/100\n|-ability|p2a: Live Wo-Chien|Tablets of Ruin\n|move|p1a: Madd Hatter|Calm Mind|p1a: Madd Hatter\n|-boost|p1a: Madd Hatter|spa|1\n|-boost|p1a: Madd Hatter|spd|1\n|\n|upkeep\n|turn|18\n|\n|t:|1701215190\n|move|p1a: Madd Hatter|Calm Mind|p1a: Madd Hatter\n|-boost|p1a: Madd Hatter|spa|1\n|-boost|p1a: Madd Hatter|spd|1\n|move|p2a: Live Wo-Chien|Body Press|p1a: Madd Hatter\n|-supereffective|p1a: Madd Hatter\n|-damage|p1a: Madd Hatter|42\/100\n|\n|upkeep\n|turn|19\n|\n|t:|1701215198\n|move|p1a: Madd Hatter|Stored Power|p2a: Live Wo-Chien\n|-supereffective|p2a: Live Wo-Chien\n|-damage|p2a: Live Wo-Chien|0 fnt\n|faint|p2a: Live Wo-Chien\n|\n|upkeep\n|c|\u2606seakingmissile|live wo chien...\n|\n|t:|1701215210\n|switch|p2a: Glimmora|Glimmora, F|56\/100\n|turn|20\n|\n|t:|1701215212\n|move|p2a: Glimmora|Earth Power|p1a: Madd Hatter\n|-supereffective|p1a: Madd Hatter\n|-damage|p1a: Madd Hatter|23\/100\n|move|p1a: Madd Hatter|Draining Kiss|p2a: Glimmora\n|-resisted|p2a: Glimmora\n|-damage|p2a: Glimmora|0 fnt\n|-heal|p1a: Madd Hatter|63\/100|[from] drain|[of] p2a: Glimmora\n|faint|p2a: Glimmora\n|\n|upkeep\n|inactive|mint yerb has 120 seconds left.\n|-message|mint yerb forfeited.\n|\n|win|seakingmissile\n|raw|seakingmissile's rating: 1409 &rarr; <strong>1429<\/strong><br \/>(+20 for winning)\n|raw|mint yerb's rating: 1417 &rarr; <strong>1397<\/strong><br \/>(-20 for losing)\n|l|\u2606mint yerb\n","uploadtime":1701215224,"views":0,"p1id":"seakingmissile","p2id":"mintyerb","formatid":"gen9ou","rating":1397,"private":0,"password":""}