{"id":"gen9ou-1988759247","p1":"POWER CROP","p2":"king cordon bleu","format":"[Gen 9] OU","log":"|j|\u2606POWER CROP\n|j|\u2606king cordon bleu\n|t:|1699759480\n|gametype|singles\n|player|p1|POWER CROP|101|1224\n|player|p2|king cordon bleu|wallace|1298\n|teamsize|p1|6\n|teamsize|p2|6\n|gen|9\n|tier|[Gen 9] OU\n|rated|\n|rule|Sleep Clause Mod: Limit one foe put to sleep\n|rule|Species Clause: Limit one of each Pok\u00e9mon\n|rule|OHKO Clause: OHKO moves are banned\n|rule|Evasion Items Clause: Evasion items are banned\n|rule|Evasion Moves Clause: Evasion moves are banned\n|rule|Endless Battle Clause: Forcing endless battles is banned\n|rule|HP Percentage Mod: HP is shown in percentages\n|clearpoke\n|poke|p1|Kingambit, F|\n|poke|p1|Azelf|\n|poke|p1|Scizor, F|\n|poke|p1|Ninetales-Alola, F|\n|poke|p1|Sneasler, F|\n|poke|p1|Slowking-Galar, F|\n|poke|p2|Maushold-Four|\n|poke|p2|Dragapult, M|\n|poke|p2|Azumarill, M|\n|poke|p2|Okidogi, M|\n|poke|p2|Sandy Shocks|\n|poke|p2|Iron Valiant|\n|teampreview\n|\n|t:|1699759500\n|start\n|switch|p1a: Slowking|Slowking-Galar, F|100\/100\n|switch|p2a: Dragapult|Dragapult, M|100\/100\n|turn|1\n|\n|t:|1699759512\n|switch|p1a: Ninetales|Ninetales-Alola, F|100\/100\n|-weather|Snow|[from] ability: Snow Warning|[of] p1a: Ninetales\n|move|p2a: Dragapult|U-turn|p1a: Ninetales\n|-resisted|p1a: Ninetales\n|-damage|p1a: Ninetales|94\/100\n|\n|t:|1699759523\n|switch|p2a: Okidogi|Okidogi, M|100\/100|[from] U-turn\n|\n|-weather|Snow|[upkeep]\n|upkeep\n|turn|2\n|\n|t:|1699759546\n|move|p1a: Ninetales|Hypnosis|p2a: Okidogi\n|-status|p2a: Okidogi|slp|[from] move: Hypnosis\n|cant|p2a: Okidogi|slp\n|\n|-weather|Snow|[upkeep]\n|upkeep\n|turn|3\n|\n|t:|1699759559\n|move|p1a: Ninetales|Aurora Veil|p1a: Ninetales\n|-sidestart|p1: POWER CROP|move: Aurora Veil\n|cant|p2a: Okidogi|slp\n|\n|-weather|Snow|[upkeep]\n|upkeep\n|turn|4\n|\n|t:|1699759577\n|switch|p1a: Slowking|Slowking-Galar, F|100\/100\n|-curestatus|p2a: Okidogi|slp|[msg]\n|move|p2a: Okidogi|Knock Off|p1a: Slowking\n|-supereffective|p1a: Slowking\n|-damage|p1a: Slowking|60\/100\n|-enditem|p1a: Slowking|Assault Vest|[from] move: Knock Off|[of] p2a: Okidogi\n|\n|-weather|Snow|[upkeep]\n|upkeep\n|turn|5\n|\n|t:|1699759606\n|switch|p2a: Maushold|Maushold-Four|100\/100\n|move|p1a: Slowking|Eerie Spell|p2a: Maushold\n|-damage|p2a: Maushold|43\/100\n|\n|-weather|none\n|upkeep\n|turn|6\n|\n|t:|1699759637\n|switch|p1a: Kingambit|Kingambit, F|100\/100\n|move|p2a: Maushold|Population Bomb|p1a: Kingambit\n|-resisted|p1a: Kingambit\n|-damage|p1a: Kingambit|98\/100\n|-resisted|p1a: Kingambit\n|-damage|p1a: Kingambit|96\/100\n|-resisted|p1a: Kingambit\n|-damage|p1a: Kingambit|94\/100\n|-resisted|p1a: Kingambit\n|-damage|p1a: Kingambit|92\/100\n|-hitcount|p1a: Kingambit|4\n|\n|-heal|p1a: Kingambit|98\/100|[from] item: Leftovers\n|upkeep\n|turn|7\n|\n|t:|1699759658\n|move|p2a: Maushold|Tidy Up|p2a: Maushold\n|-boost|p2a: Maushold|atk|1\n|-boost|p2a: Maushold|spe|1\n|move|p1a: Kingambit|Iron Head|p2a: Maushold\n|-damage|p2a: Maushold|0 fnt\n|faint|p2a: Maushold\n|\n|-heal|p1a: Kingambit|100\/100|[from] item: Leftovers\n|upkeep\n|\n|t:|1699759690\n|switch|p2a: Okidogi|Okidogi, M|100\/100\n|turn|8\n|\n|t:|1699759708\n|-end|p1a: Kingambit|fallenundefined|[silent]\n|switch|p1a: Slowking|Slowking-Galar, F|93\/100\n|move|p2a: Okidogi|Knock Off|p1a: Slowking\n|-supereffective|p1a: Slowking\n|-damage|p1a: Slowking|68\/100\n|\n|upkeep\n|turn|9\n|\n|t:|1699759738\n|move|p2a: Okidogi|High Horsepower|p1a: Slowking\n|-supereffective|p1a: Slowking\n|-damage|p1a: Slowking|26\/100\n|move|p1a: Slowking|Future Sight|p2a: Okidogi\n|-start|p1a: Slowking|move: Future Sight\n|\n|upkeep\n|turn|10\n|\n|t:|1699759752\n|-terastallize|p1a: Slowking|Flying\n|move|p2a: Okidogi|Knock Off|p1a: Slowking\n|-damage|p1a: Slowking|12\/100\n|move|p1a: Slowking|Eerie Spell|p2a: Okidogi\n|-supereffective|p2a: Okidogi\n|-damage|p2a: Okidogi|0 fnt\n|faint|p2a: Okidogi\n|\n|-sideend|p1: POWER CROP|move: Aurora Veil\n|upkeep\n|\n|t:|1699759761\n|switch|p2a: Azumarill|Azumarill, M|100\/100\n|turn|11\n|\n|t:|1699759775\n|switch|p2a: Dragapult|Dragapult, M|100\/100\n|switch|p1a: Ninetales|Ninetales-Alola, F|94\/100\n|-weather|Snow|[from] ability: Snow Warning|[of] p1a: Ninetales\n|\n|-weather|Snow|[upkeep]\n|-end|p2a: Dragapult|move: Future Sight\n|-damage|p2a: Dragapult|12\/100\n|upkeep\n|turn|12\n|\n|t:|1699759784\n|move|p2a: Dragapult|Shadow Ball|p1a: Ninetales\n|-damage|p1a: Ninetales|41\/100\n|move|p1a: Ninetales|Aurora Veil|p1a: Ninetales\n|-sidestart|p1: POWER CROP|move: Aurora Veil\n|\n|-weather|Snow|[upkeep]\n|upkeep\n|turn|13\n|\n|t:|1699759797\n|switch|p2a: Iron Valiant|Iron Valiant|100\/100\n|-enditem|p2a: Iron Valiant|Booster Energy\n|-activate|p2a: Iron Valiant|ability: Quark Drive|[fromitem]\n|-start|p2a: Iron Valiant|quarkdrivespe\n|move|p1a: Ninetales|Freeze-Dry|p2a: Iron Valiant\n|-damage|p2a: Iron Valiant|63\/100\n|-status|p2a: Iron Valiant|frz\n|\n|-weather|Snow|[upkeep]\n|upkeep\n|turn|14\n|\n|t:|1699759808\n|switch|p1a: Kingambit|Kingambit, F|100\/100\n|cant|p2a: Iron Valiant|frz\n|\n|-weather|Snow|[upkeep]\n|upkeep\n|turn|15\n|\n|t:|1699759814\n|cant|p2a: Iron Valiant|frz\n|move|p1a: Kingambit|Iron Head|p2a: Iron Valiant\n|-supereffective|p2a: Iron Valiant\n|-damage|p2a: Iron Valiant|0 fnt\n|faint|p2a: Iron Valiant\n|-end|p2a: Iron Valiant|Quark Drive|[silent]\n|\n|-weather|none\n|upkeep\n|\n|t:|1699759820\n|switch|p2a: Azumarill|Azumarill, M|100\/100\n|turn|16\n|\n|t:|1699759828\n|switch|p2a: Dragapult|Dragapult, M|12\/100\n|move|p1a: Kingambit|Iron Head|p2a: Dragapult\n|-crit|p2a: Dragapult\n|-damage|p2a: Dragapult|0 fnt\n|faint|p2a: Dragapult\n|\n|upkeep\n|\n|t:|1699759834\n|switch|p2a: Sandy Shocks|Sandy Shocks|100\/100\n|-enditem|p2a: Sandy Shocks|Booster Energy\n|-activate|p2a: Sandy Shocks|ability: Protosynthesis|[fromitem]\n|-start|p2a: Sandy Shocks|protosynthesisspe\n|turn|17\n|\n|t:|1699759843\n|move|p2a: Sandy Shocks|Earth Power|p1a: Kingambit\n|-supereffective|p1a: Kingambit\n|-damage|p1a: Kingambit|57\/100\n|move|p1a: Kingambit|Iron Head|p2a: Sandy Shocks\n|-resisted|p2a: Sandy Shocks\n|-damage|p2a: Sandy Shocks|76\/100\n|\n|-heal|p1a: Kingambit|64\/100|[from] item: Leftovers\n|upkeep\n|turn|18\n|\n|t:|1699759860\n|-end|p1a: Kingambit|fallenundefined|[silent]\n|switch|p1a: Slowking|Slowking-Galar, F, tera:Flying|45\/100\n|move|p2a: Sandy Shocks|Thunderbolt|p1a: Slowking\n|-supereffective|p1a: Slowking\n|-damage|p1a: Slowking|11\/100\n|\n|upkeep\n|turn|19\n|\n|t:|1699759871\n|switch|p1a: Ninetales|Ninetales-Alola, F|41\/100\n|-weather|Snow|[from] ability: Snow Warning|[of] p1a: Ninetales\n|move|p2a: Sandy Shocks|Thunderbolt|p1a: Ninetales\n|-damage|p1a: Ninetales|20\/100\n|\n|-weather|Snow|[upkeep]\n|-sideend|p1: POWER CROP|move: Aurora Veil\n|upkeep\n|turn|20\n|\n|t:|1699759878\n|move|p2a: Sandy Shocks|Thunderbolt|p1a: Ninetales\n|-crit|p1a: Ninetales\n|-damage|p1a: Ninetales|0 fnt\n|faint|p1a: Ninetales\n|\n|-weather|Snow|[upkeep]\n|upkeep\n|\n|t:|1699759881\n|switch|p1a: Slowking|Slowking-Galar, F, tera:Flying|44\/100\n|turn|21\n|\n|t:|1699759887\n|switch|p1a: Scizor|Scizor, F|100\/100\n|move|p2a: Sandy Shocks|Thunderbolt|p1a: Scizor\n|-damage|p1a: Scizor|45\/100\n|\n|-weather|Snow|[upkeep]\n|upkeep\n|turn|22\n|\n|t:|1699759902\n|move|p1a: Scizor|Bullet Punch|p2a: Sandy Shocks\n|-resisted|p2a: Sandy Shocks\n|-damage|p2a: Sandy Shocks|57\/100\n|move|p2a: Sandy Shocks|Thunderbolt|p1a: Scizor\n|-damage|p1a: Scizor|0 fnt\n|faint|p1a: Scizor\n|\n|-weather|Snow|[upkeep]\n|upkeep\n|\n|t:|1699759917\n|switch|p1a: Azelf|Azelf|100\/100\n|turn|23\n|\n|t:|1699759927\n|move|p2a: Sandy Shocks|Thunderbolt|p1a: Azelf\n|-damage|p1a: Azelf|29\/100\n|move|p1a: Azelf|Drain Punch|p2a: Sandy Shocks\n|-damage|p2a: Sandy Shocks|18\/100\n|-heal|p1a: Azelf|50\/100|[from] drain|[of] p2a: Sandy Shocks\n|-damage|p1a: Azelf|40\/100|[from] item: Life Orb\n|\n|-weather|none\n|upkeep\n|turn|24\n|\n|t:|1699759934\n|move|p2a: Sandy Shocks|Thunderbolt|p1a: Azelf\n|-damage|p1a: Azelf|0 fnt\n|faint|p1a: Azelf\n|\n|upkeep\n|\n|t:|1699759939\n|switch|p1a: Kingambit|Kingambit, F|64\/100\n|-activate|p1a: Kingambit|ability: Supreme Overlord\n|-start|p1a: Kingambit|fallen3|[silent]\n|turn|25\n|\n|t:|1699759943\n|move|p1a: Kingambit|Sucker Punch||[still]\n|-fail|p1a: Kingambit\n|move|p2a: Sandy Shocks|Stealth Rock|p1a: Kingambit\n|-sidestart|p1: POWER CROP|move: Stealth Rock\n|\n|-heal|p1a: Kingambit|70\/100|[from] item: Leftovers\n|upkeep\n|turn|26\n|\n|t:|1699759979\n|move|p1a: Kingambit|Sucker Punch||[still]\n|-fail|p1a: Kingambit\n|move|p2a: Sandy Shocks|Stealth Rock||[still]\n|-fail|p2a: Sandy Shocks\n|\n|-heal|p1a: Kingambit|76\/100|[from] item: Leftovers\n|upkeep\n|turn|27\n|\n|t:|1699760017\n|move|p1a: Kingambit|Sucker Punch|p2a: Sandy Shocks\n|-damage|p2a: Sandy Shocks|0 fnt\n|faint|p2a: Sandy Shocks\n|-end|p2a: Sandy Shocks|Protosynthesis|[silent]\n|\n|-heal|p1a: Kingambit|82\/100|[from] item: Leftovers\n|upkeep\n|\n|t:|1699760028\n|switch|p2a: Azumarill|Azumarill, M|100\/100\n|turn|28\n|\n|t:|1699760041\n|-terastallize|p2a: Azumarill|Water\n|move|p1a: Kingambit|Iron Head|p2a: Azumarill\n|-resisted|p2a: Azumarill\n|-damage|p2a: Azumarill|69\/100\n|move|p2a: Azumarill|Belly Drum|p2a: Azumarill\n|-damage|p2a: Azumarill|19\/100\n|-setboost|p2a: Azumarill|atk|6|[from] move: Belly Drum\n|-enditem|p2a: Azumarill|Sitrus Berry|[eat]\n|-heal|p2a: Azumarill|44\/100|[from] item: Sitrus Berry\n|\n|-heal|p1a: Kingambit|89\/100|[from] item: Leftovers\n|upkeep\n|turn|29\n|\n|t:|1699760051\n|move|p2a: Azumarill|Aqua Jet|p1a: Kingambit\n|-damage|p1a: Kingambit|0 fnt\n|faint|p1a: Kingambit\n|-end|p1a: Kingambit|fallen3|[silent]\n|\n|upkeep\n|\n|t:|1699760065\n|switch|p1a: Slowking|Slowking-Galar, F, tera:Flying|77\/100\n|-damage|p1a: Slowking|52\/100|[from] Stealth Rock\n|turn|30\n|\n|t:|1699760069\n|move|p2a: Azumarill|Aqua Jet|p1a: Slowking\n|-damage|p1a: Slowking|0 fnt\n|faint|p1a: Slowking\n|\n|upkeep\n|\n|t:|1699760073\n|switch|p1a: Sneasler|Sneasler, F|100\/100\n|-damage|p1a: Sneasler|95\/100|[from] Stealth Rock\n|turn|31\n|\n|t:|1699760085\n|move|p2a: Azumarill|Aqua Jet|p1a: Sneasler\n|-damage|p1a: Sneasler|0 fnt\n|faint|p1a: Sneasler\n|\n|win|king cordon bleu\n|raw|POWER CROP's rating: 1224 &rarr; <strong>1204<\/strong><br \/>(-20 for losing)\n|raw|king cordon bleu's rating: 1298 &rarr; <strong>1318<\/strong><br \/>(+20 for winning)\n","uploadtime":1699760091,"views":9,"p1id":"powercrop","p2id":"kingcordonbleu","formatid":"gen9ou","rating":1204,"private":0,"password":""}