{"id":"gen9ou-1989159575","p1":"gref123","p2":"testset_2023","format":"[Gen 9] OU","log":"|j|\u2606gref123\n|j|\u2606testset_2023\n|t:|1699818545\n|gametype|singles\n|player|p1|gref123|smasher|1492\n|player|p2|testset_2023|bellelba|1443\n|teamsize|p1|6\n|teamsize|p2|6\n|gen|9\n|tier|[Gen 9] OU\n|rated|\n|rule|Sleep Clause Mod: Limit one foe put to sleep\n|rule|Species Clause: Limit one of each Pok\u00e9mon\n|rule|OHKO Clause: OHKO moves are banned\n|rule|Evasion Items Clause: Evasion items are banned\n|rule|Evasion Moves Clause: Evasion moves are banned\n|rule|Endless Battle Clause: Forcing endless battles is banned\n|rule|HP Percentage Mod: HP is shown in percentages\n|clearpoke\n|poke|p1|Rillaboom, M|\n|poke|p1|Cinderace, M|\n|poke|p1|Ogerpon-Cornerstone, F|\n|poke|p1|Kingambit, F|\n|poke|p1|Great Tusk|\n|poke|p1|Iron Valiant|\n|poke|p2|Zamazenta-*|\n|poke|p2|Great Tusk|\n|poke|p2|Ogerpon-Cornerstone, F|\n|poke|p2|Gengar, F|\n|poke|p2|Hatterene, F|\n|poke|p2|Greninja-*, M|\n|teampreview\n|inactive|Battle timer is ON: inactive players will automatically lose when time's up. (requested by testset_2023)\n|\n|t:|1699818553\n|start\n|switch|p1a: Cinderace|Cinderace, M|100\/100\n|switch|p2a: Ogerpon|Ogerpon-Cornerstone, F|100\/100\n|turn|1\n|\n|t:|1699818557\n|move|p1a: Cinderace|U-turn|p2a: Ogerpon\n|-supereffective|p2a: Ogerpon\n|-damage|p2a: Ogerpon|51\/100\n|\n|t:|1699818562\n|switch|p1a: Great Tusk|Great Tusk|100\/100|[from] U-turn\n|move|p2a: Ogerpon|Spikes|p1a: Great Tusk\n|-sidestart|p1: gref123|Spikes\n|\n|upkeep\n|turn|2\n|\n|t:|1699818584\n|move|p2a: Ogerpon|Ivy Cudgel|p1a: Great Tusk\n|-resisted|p1a: Great Tusk\n|-damage|p1a: Great Tusk|91\/100\n|move|p1a: Great Tusk|Earthquake|p2a: Ogerpon\n|-damage|p2a: Ogerpon|0 fnt\n|faint|p2a: Ogerpon\n|\n|upkeep\n|inactive|testset_2023 has 120 seconds left.\n|\n|t:|1699818610\n|switch|p2a: Greninja|Greninja, M|100\/100\n|turn|3\n|\n|t:|1699818636\n|-end|p1a: Great Tusk|Protosynthesis|[silent]\n|switch|p1a: Rillaboom|Rillaboom, M|100\/100\n|-damage|p1a: Rillaboom|88\/100|[from] Spikes\n|-fieldstart|move: Grassy Terrain|[from] ability: Grassy Surge|[of] p1a: Rillaboom\n|move|p2a: Greninja|Grass Knot|p1a: Rillaboom\n|-resisted|p1a: Rillaboom\n|-damage|p1a: Rillaboom|59\/100\n|-damage|p2a: Greninja|91\/100|[from] item: Life Orb\n|\n|-heal|p2a: Greninja|97\/100|[from] Grassy Terrain\n|-heal|p1a: Rillaboom|65\/100|[from] Grassy Terrain\n|upkeep\n|turn|4\n|\n|t:|1699818648\n|switch|p2a: Zamazenta|Zamazenta|100\/100\n|-ability|p2a: Zamazenta|Dauntless Shield|boost\n|-boost|p2a: Zamazenta|def|1\n|move|p1a: Rillaboom|Grassy Glide|p2a: Zamazenta\n|-damage|p2a: Zamazenta|69\/100\n|\n|-heal|p2a: Zamazenta|75\/100|[from] Grassy Terrain\n|-heal|p2a: Zamazenta|82\/100|[from] item: Leftovers\n|-heal|p1a: Rillaboom|71\/100|[from] Grassy Terrain\n|upkeep\n|turn|5\n|\n|t:|1699818668\n|switch|p1a: Great Tusk|Great Tusk|91\/100\n|-damage|p1a: Great Tusk|78\/100|[from] Spikes\n|move|p2a: Zamazenta|Substitute|p2a: Zamazenta\n|-start|p2a: Zamazenta|Substitute\n|-damage|p2a: Zamazenta|57\/100\n|\n|-heal|p2a: Zamazenta|63\/100|[from] Grassy Terrain\n|-heal|p2a: Zamazenta|69\/100|[from] item: Leftovers\n|-heal|p1a: Great Tusk|84\/100|[from] Grassy Terrain\n|upkeep\n|turn|6\n|\n|t:|1699818677\n|move|p2a: Zamazenta|Iron Defense|p2a: Zamazenta\n|-boost|p2a: Zamazenta|def|2\n|move|p1a: Great Tusk|Ice Spinner|p2a: Zamazenta\n|-activate|p2a: Zamazenta|move: Substitute|[damage]\n|-fieldend|move: Grassy Terrain\n|\n|-heal|p2a: Zamazenta|75\/100|[from] item: Leftovers\n|upkeep\n|turn|7\n|\n|t:|1699818687\n|move|p2a: Zamazenta|Body Press|p1a: Great Tusk\n|-damage|p1a: Great Tusk|35\/100\n|-damage|p2a: Zamazenta|59\/100|[from] item: Rocky Helmet|[of] p1a: Great Tusk\n|move|p1a: Great Tusk|Stealth Rock|p2a: Zamazenta\n|-sidestart|p2: testset_2023|move: Stealth Rock\n|\n|-heal|p2a: Zamazenta|65\/100|[from] item: Leftovers\n|upkeep\n|turn|8\n|\n|t:|1699818698\n|move|p2a: Zamazenta|Iron Defense|p2a: Zamazenta\n|-boost|p2a: Zamazenta|def|2\n|move|p1a: Great Tusk|Earthquake|p2a: Zamazenta\n|-activate|p2a: Zamazenta|move: Substitute|[damage]\n|\n|-heal|p2a: Zamazenta|71\/100|[from] item: Leftovers\n|upkeep\n|turn|9\n|\n|t:|1699818710\n|move|p2a: Zamazenta|Body Press|p1a: Great Tusk\n|-damage|p1a: Great Tusk|0 fnt\n|-damage|p2a: Zamazenta|55\/100|[from] item: Rocky Helmet|[of] p1a: Great Tusk\n|faint|p1a: Great Tusk\n|-end|p1a: Great Tusk|Protosynthesis|[silent]\n|\n|-heal|p2a: Zamazenta|61\/100|[from] item: Leftovers\n|upkeep\n|\n|t:|1699818724\n|switch|p1a: Rillaboom|Rillaboom, M|71\/100\n|-damage|p1a: Rillaboom|59\/100|[from] Spikes\n|-fieldstart|move: Grassy Terrain|[from] ability: Grassy Surge|[of] p1a: Rillaboom\n|turn|10\n|\n|t:|1699818731\n|move|p1a: Rillaboom|Grassy Glide|p2a: Zamazenta\n|-end|p2a: Zamazenta|Substitute\n|move|p2a: Zamazenta|Body Press|p1a: Rillaboom\n|-damage|p1a: Rillaboom|0 fnt\n|faint|p1a: Rillaboom\n|\n|-heal|p2a: Zamazenta|67\/100|[from] Grassy Terrain\n|-heal|p2a: Zamazenta|73\/100|[from] item: Leftovers\n|upkeep\n|\n|t:|1699818735\n|switch|p1a: Iron Valiant|Iron Valiant|100\/100\n|-damage|p1a: Iron Valiant|88\/100|[from] Spikes\n|-enditem|p1a: Iron Valiant|Booster Energy\n|-activate|p1a: Iron Valiant|ability: Quark Drive|[fromitem]\n|-start|p1a: Iron Valiant|quarkdrivespe\n|turn|11\n|inactive|testset_2023 has 120 seconds left.\n|\n|t:|1699818758\n|-terastallize|p2a: Zamazenta|Steel\n|move|p1a: Iron Valiant|Moonblast|p2a: Zamazenta\n|-resisted|p2a: Zamazenta\n|-damage|p2a: Zamazenta|55\/100\n|move|p2a: Zamazenta|Body Press|p1a: Iron Valiant\n|-resisted|p1a: Iron Valiant\n|-damage|p1a: Iron Valiant|13\/100\n|\n|-heal|p1a: Iron Valiant|19\/100|[from] Grassy Terrain\n|-heal|p2a: Zamazenta|61\/100|[from] Grassy Terrain\n|-heal|p2a: Zamazenta|67\/100|[from] item: Leftovers\n|upkeep\n|turn|12\n|\n|t:|1699818772\n|move|p1a: Iron Valiant|Thunderbolt|p2a: Zamazenta\n|-damage|p2a: Zamazenta|44\/100\n|move|p2a: Zamazenta|Body Press|p1a: Iron Valiant\n|-resisted|p1a: Iron Valiant\n|-damage|p1a: Iron Valiant|0 fnt\n|faint|p1a: Iron Valiant\n|-end|p1a: Iron Valiant|Quark Drive|[silent]\n|\n|-heal|p2a: Zamazenta|50\/100|[from] Grassy Terrain\n|-heal|p2a: Zamazenta|56\/100|[from] item: Leftovers\n|upkeep\n|\n|t:|1699818777\n|switch|p1a: Cinderace|Cinderace, M|100\/100\n|turn|13\n|inactive|testset_2023 has 120 seconds left.\n|\n|t:|1699818784\n|-terastallize|p1a: Cinderace|Ghost\n|move|p2a: Zamazenta|Body Press|p1a: Cinderace\n|-immune|p1a: Cinderace\n|move|p1a: Cinderace|Will-O-Wisp|p2a: Zamazenta\n|-status|p2a: Zamazenta|brn\n|\n|-heal|p2a: Zamazenta|62\/100 brn|[from] Grassy Terrain\n|-heal|p2a: Zamazenta|68\/100 brn|[from] item: Leftovers\n|-damage|p2a: Zamazenta|62\/100 brn|[from] brn\n|upkeep\n|turn|14\n|\n|t:|1699818790\n|move|p2a: Zamazenta|Substitute|p2a: Zamazenta\n|-start|p2a: Zamazenta|Substitute\n|-damage|p2a: Zamazenta|37\/100 brn\n|move|p1a: Cinderace|Pyro Ball|p2a: Zamazenta\n|-supereffective|p2a: Zamazenta\n|-activate|p2a: Zamazenta|move: Substitute|[damage]\n|\n|-heal|p2a: Zamazenta|44\/100 brn|[from] Grassy Terrain\n|-heal|p2a: Zamazenta|50\/100 brn|[from] item: Leftovers\n|-damage|p2a: Zamazenta|44\/100 brn|[from] brn\n|-fieldend|move: Grassy Terrain\n|upkeep\n|turn|15\n|\n|t:|1699818802\n|move|p2a: Zamazenta|Crunch|p1a: Cinderace\n|-supereffective|p1a: Cinderace\n|-damage|p1a: Cinderace|72\/100\n|move|p1a: Cinderace|Pyro Ball|p2a: Zamazenta\n|-supereffective|p2a: Zamazenta\n|-end|p2a: Zamazenta|Substitute\n|\n|-heal|p2a: Zamazenta|50\/100 brn|[from] item: Leftovers\n|-damage|p2a: Zamazenta|44\/100 brn|[from] brn\n|upkeep\n|turn|16\n|\n|t:|1699818808\n|move|p2a: Zamazenta|Crunch|p1a: Cinderace\n|-supereffective|p1a: Cinderace\n|-damage|p1a: Cinderace|45\/100\n|move|p1a: Cinderace|Pyro Ball|p2a: Zamazenta\n|-supereffective|p2a: Zamazenta\n|-damage|p2a: Zamazenta|23\/100 brn\n|\n|-heal|p2a: Zamazenta|29\/100 brn|[from] item: Leftovers\n|-damage|p2a: Zamazenta|23\/100 brn|[from] brn\n|upkeep\n|turn|17\n|\n|t:|1699818813\n|move|p2a: Zamazenta|Crunch|p1a: Cinderace\n|-supereffective|p1a: Cinderace\n|-damage|p1a: Cinderace|17\/100\n|move|p1a: Cinderace|Pyro Ball|p2a: Zamazenta\n|-supereffective|p2a: Zamazenta\n|-damage|p2a: Zamazenta|0 fnt\n|faint|p2a: Zamazenta\n|\n|upkeep\n|\n|t:|1699818830\n|switch|p2a: Greninja|Greninja, M|97\/100\n|-damage|p2a: Greninja|84\/100|[from] Stealth Rock\n|turn|18\n|\n|t:|1699818834\n|move|p2a: Greninja|Water Shuriken|p1a: Cinderace\n|-damage|p1a: Cinderace|6\/100\n|-damage|p1a: Cinderace|0 fnt\n|faint|p1a: Cinderace\n|-ability|p2a: Greninja|Battle Bond|boost\n|-boost|p2a: Greninja|atk|1\n|-boost|p2a: Greninja|spa|1\n|-boost|p2a: Greninja|spe|1\n|-activate|p2a: Greninja|ability: Battle Bond\n|-hitcount|p1: Cinderace|2\n|-damage|p2a: Greninja|75\/100|[from] item: Life Orb\n|\n|upkeep\n|\n|t:|1699818838\n|switch|p1a: Kingambit|Kingambit, F|100\/100\n|-activate|p1a: Kingambit|ability: Supreme Overlord\n|-start|p1a: Kingambit|fallen4|[silent]\n|-item|p1a: Kingambit|Air Balloon\n|turn|19\n|\n|t:|1699818851\n|move|p2a: Greninja|Water Shuriken|p1a: Kingambit\n|-damage|p1a: Kingambit|88\/100\n|-enditem|p1a: Kingambit|Air Balloon\n|-damage|p1a: Kingambit|75\/100\n|-damage|p1a: Kingambit|61\/100\n|-damage|p1a: Kingambit|49\/100\n|-hitcount|p1a: Kingambit|4\n|-damage|p2a: Greninja|65\/100|[from] item: Life Orb\n|move|p1a: Kingambit|Low Kick|p2a: Greninja\n|-supereffective|p2a: Greninja\n|-damage|p2a: Greninja|0 fnt\n|faint|p2a: Greninja\n|\n|upkeep\n|\n|t:|1699818868\n|switch|p2a: Great Tusk|Great Tusk|100\/100\n|-damage|p2a: Great Tusk|98\/100|[from] Stealth Rock\n|-enditem|p2a: Great Tusk|Booster Energy\n|-activate|p2a: Great Tusk|ability: Protosynthesis|[fromitem]\n|-start|p2a: Great Tusk|protosynthesisspe\n|turn|20\n|\n|t:|1699818882\n|move|p2a: Great Tusk|Bulk Up|p2a: Great Tusk\n|-boost|p2a: Great Tusk|atk|1\n|-boost|p2a: Great Tusk|def|1\n|move|p1a: Kingambit|Iron Head|p2a: Great Tusk\n|-damage|p2a: Great Tusk|71\/100\n|\n|upkeep\n|turn|21\n|\n|t:|1699818892\n|move|p2a: Great Tusk|Headlong Rush|p1a: Kingambit\n|-supereffective|p1a: Kingambit\n|-damage|p1a: Kingambit|0 fnt\n|-unboost|p2a: Great Tusk|def|1\n|-unboost|p2a: Great Tusk|spd|1\n|faint|p1a: Kingambit\n|-end|p1a: Kingambit|fallen4|[silent]\n|\n|upkeep\n|\n|t:|1699818894\n|switch|p1a: Ogerpon|Ogerpon-Cornerstone, F|100\/100\n|-damage|p1a: Ogerpon|88\/100|[from] Spikes\n|turn|22\n|\n|t:|1699818899\n|move|p2a: Great Tusk|Close Combat|p1a: Ogerpon\n|-supereffective|p1a: Ogerpon\n|-damage|p1a: Ogerpon|0 fnt\n|-unboost|p2a: Great Tusk|def|1\n|-unboost|p2a: Great Tusk|spd|1\n|faint|p1a: Ogerpon\n|\n|win|testset_2023\n|raw|gref123's rating: 1492 &rarr; <strong>1469<\/strong><br \/>(-23 for losing)\n|raw|testset_2023's rating: 1443 &rarr; <strong>1466<\/strong><br \/>(+23 for winning)\n|l|\u2606gref123\n","uploadtime":1699818913,"views":30,"p1id":"gref123","p2id":"testset2023","formatid":"gen9ou","rating":1466,"private":0,"password":""}