{"id":"gen9ou-1998377291","p1":"Jeffbloodhammer2","p2":"soy bebe","format":"[Gen 9] OU","log":"|j|\u2606Jeffbloodhammer2\n|j|\u2606soy bebe\n|t:|1700935528\n|gametype|singles\n|player|p1|Jeffbloodhammer2|2|1444\n|player|p2|soy bebe|winona-gen3|1493\n|teamsize|p1|6\n|teamsize|p2|6\n|gen|9\n|tier|[Gen 9] OU\n|rated|\n|rule|Sleep Clause Mod: Limit one foe put to sleep\n|rule|Species Clause: Limit one of each Pok\u00e9mon\n|rule|OHKO Clause: OHKO moves are banned\n|rule|Evasion Items Clause: Evasion items are banned\n|rule|Evasion Moves Clause: Evasion moves are banned\n|rule|Endless Battle Clause: Forcing endless battles is banned\n|rule|HP Percentage Mod: HP is shown in percentages\n|clearpoke\n|poke|p1|Ogerpon-Wellspring, F|\n|poke|p1|Great Tusk|\n|poke|p1|Kingambit, M|\n|poke|p1|Dragapult, M|\n|poke|p1|Zamazenta-*|\n|poke|p1|Glimmora, F|\n|poke|p2|Politoed, M|\n|poke|p2|Zapdos|\n|poke|p2|Iron Treads|\n|poke|p2|Basculegion-F, F|\n|poke|p2|Quaquaval, M|\n|poke|p2|Meowscarada, F|\n|teampreview\n|inactive|Battle timer is ON: inactive players will automatically lose when time's up. (requested by Jeffbloodhammer2)\n|\n|t:|1700935565\n|start\n|switch|p1a: Glimmora|Glimmora, F|100\/100\n|switch|p2a: Quavo|Quaquaval, M, shiny|100\/100\n|turn|1\n|\n|t:|1700935569\n|switch|p1a: Ogerpon|Ogerpon-Wellspring, F|100\/100\n|move|p2a: Quavo|Aqua Step|p1a: Ogerpon\n|-immune|p1a: Ogerpon|[from] ability: Water Absorb\n|\n|upkeep\n|turn|2\n|\n|t:|1700935577\n|switch|p2a: Silly Cayt|Meowscarada, F, shiny|100\/100\n|move|p1a: Ogerpon|Encore||[still]\n|-fail|p1a: Ogerpon\n|\n|upkeep\n|turn|3\n|\n|t:|1700935591\n|switch|p2a: PoliSwirl~|Politoed, M, shiny|100\/100\n|-weather|RainDance|[from] ability: Drizzle|[of] p2a: PoliSwirl~\n|switch|p1a: Glimmora|Glimmora, F|100\/100\n|\n|-weather|RainDance|[upkeep]\n|upkeep\n|turn|4\n|\n|t:|1700935601\n|move|p1a: Glimmora|Stealth Rock|p2a: PoliSwirl~\n|-sidestart|p2: soy bebe|move: Stealth Rock\n|move|p2a: PoliSwirl~|Earth Power|p1a: Glimmora\n|-supereffective|p1a: Glimmora\n|-enditem|p1a: Glimmora|Focus Sash\n|-damage|p1a: Glimmora|1\/100\n|\n|-weather|RainDance|[upkeep]\n|upkeep\n|turn|5\n|\n|t:|1700935606\n|move|p1a: Glimmora|Energy Ball|p2a: PoliSwirl~\n|-supereffective|p2a: PoliSwirl~\n|-damage|p2a: PoliSwirl~|49\/100\n|-unboost|p2a: PoliSwirl~|spd|1\n|move|p2a: PoliSwirl~|Ice Beam|p1a: Glimmora\n|-damage|p1a: Glimmora|0 fnt\n|faint|p1a: Glimmora\n|\n|-weather|RainDance|[upkeep]\n|upkeep\n|\n|t:|1700935611\n|switch|p1a: Dragapult|Dragapult, M|100\/100\n|turn|6\n|\n|t:|1700935618\n|switch|p2a: Silly Cayt|Meowscarada, F, shiny|100\/100\n|-damage|p2a: Silly Cayt|88\/100|[from] Stealth Rock\n|move|p1a: Dragapult|Shadow Ball|p2a: Silly Cayt\n|-resisted|p2a: Silly Cayt\n|-damage|p2a: Silly Cayt|50\/100\n|\n|-weather|RainDance|[upkeep]\n|upkeep\n|turn|7\n|\n|t:|1700935626\n|switch|p1a: Zamazenta|Zamazenta|100\/100\n|-ability|p1a: Zamazenta|Dauntless Shield|boost\n|-boost|p1a: Zamazenta|def|1\n|move|p2a: Silly Cayt|U-turn|p1a: Zamazenta\n|-start|p2a: Silly Cayt|typechange|Bug|[from] ability: Protean\n|-resisted|p1a: Zamazenta\n|-damage|p1a: Zamazenta|93\/100\n|\n|t:|1700935635\n|switch|p2a: Golden Girl|Basculegion-F, F, shiny|100\/100|[from] U-turn\n|-damage|p2a: Golden Girl|88\/100|[from] Stealth Rock\n|\n|-weather|RainDance|[upkeep]\n|-heal|p1a: Zamazenta|99\/100|[from] item: Leftovers\n|upkeep\n|turn|8\n|\n|t:|1700935647\n|switch|p1a: Ogerpon|Ogerpon-Wellspring, F|100\/100\n|move|p2a: Golden Girl|Hydro Pump|p1a: Ogerpon\n|-immune|p1a: Ogerpon|[from] ability: Water Absorb\n|\n|-weather|RainDance|[upkeep]\n|upkeep\n|turn|9\n|\n|t:|1700935654\n|switch|p2a: Tempo|Zapdos, shiny|100\/100\n|move|p1a: Ogerpon|Swords Dance|p1a: Ogerpon\n|-boost|p1a: Ogerpon|atk|2\n|\n|-weather|RainDance|[upkeep]\n|upkeep\n|turn|10\n|\n|t:|1700935661\n|move|p1a: Ogerpon|Ivy Cudgel|p2a: Tempo|[anim] Ivy Cudgel Water\n|-damage|p2a: Tempo|0 fnt\n|faint|p2a: Tempo\n|\n|-weather|none\n|upkeep\n|\n|t:|1700935665\n|switch|p2a: Treadtianna|Iron Treads, shiny|100\/100\n|-damage|p2a: Treadtianna|97\/100|[from] Stealth Rock\n|-enditem|p2a: Treadtianna|Booster Energy\n|-activate|p2a: Treadtianna|ability: Quark Drive|[fromitem]\n|-start|p2a: Treadtianna|quarkdrivespe\n|turn|11\n|\n|t:|1700935688\n|move|p2a: Treadtianna|Rapid Spin|p1a: Ogerpon\n|-damage|p1a: Ogerpon|79\/100\n|-boost|p2a: Treadtianna|spe|1\n|-sideend|p2: soy bebe|Stealth Rock|[from] move: Rapid Spin|[of] p2a: Treadtianna\n|move|p1a: Ogerpon|Ivy Cudgel|p2a: Treadtianna|[anim] Ivy Cudgel Water\n|-supereffective|p2a: Treadtianna\n|-damage|p2a: Treadtianna|0 fnt\n|faint|p2a: Treadtianna\n|-end|p2a: Treadtianna|Quark Drive|[silent]\n|\n|upkeep\n|\n|t:|1700935695\n|switch|p2a: Silly Cayt|Meowscarada, F, shiny|50\/100\n|turn|12\n|\n|t:|1700935704\n|switch|p1a: Zamazenta|Zamazenta|99\/100\n|move|p2a: Silly Cayt|U-turn|p1a: Zamazenta\n|-start|p2a: Silly Cayt|typechange|Bug|[from] ability: Protean\n|-resisted|p1a: Zamazenta\n|-damage|p1a: Zamazenta|87\/100\n|\n|t:|1700935711\n|switch|p2a: PoliSwirl~|Politoed, M, shiny|49\/100|[from] U-turn\n|-weather|RainDance|[from] ability: Drizzle|[of] p2a: PoliSwirl~\n|\n|-weather|RainDance|[upkeep]\n|-heal|p1a: Zamazenta|93\/100|[from] item: Leftovers\n|upkeep\n|turn|13\n|\n|t:|1700935719\n|switch|p2a: Golden Girl|Basculegion-F, F, shiny|88\/100\n|move|p1a: Zamazenta|Substitute|p1a: Zamazenta\n|-start|p1a: Zamazenta|Substitute\n|-damage|p1a: Zamazenta|68\/100\n|\n|-weather|RainDance|[upkeep]\n|-heal|p1a: Zamazenta|74\/100|[from] item: Leftovers\n|upkeep\n|turn|14\n|\n|t:|1700935724\n|move|p2a: Golden Girl|Shadow Ball|p1a: Zamazenta\n|-end|p1a: Zamazenta|Substitute\n|move|p1a: Zamazenta|Crunch|p2a: Golden Girl\n|-supereffective|p2a: Golden Girl\n|-damage|p2a: Golden Girl|33\/100\n|\n|-weather|RainDance|[upkeep]\n|-heal|p1a: Zamazenta|81\/100|[from] item: Leftovers\n|upkeep\n|turn|15\n|\n|t:|1700935730\n|switch|p1a: Kingambit|Kingambit, M|100\/100\n|-activate|p1a: Kingambit|ability: Supreme Overlord\n|-start|p1a: Kingambit|fallen1|[silent]\n|move|p2a: Golden Girl|Shadow Ball|p1a: Kingambit\n|-resisted|p1a: Kingambit\n|-crit|p1a: Kingambit\n|-damage|p1a: Kingambit|55\/100\n|-unboost|p1a: Kingambit|spd|1\n|\n|-weather|RainDance|[upkeep]\n|-heal|p1a: Kingambit|61\/100|[from] item: Leftovers\n|upkeep\n|turn|16\n|\n|t:|1700935739\n|switch|p2a: Quavo|Quaquaval, M, shiny|100\/100\n|move|p1a: Kingambit|Sucker Punch||[still]\n|-fail|p1a: Kingambit\n|\n|-weather|RainDance|[upkeep]\n|-heal|p1a: Kingambit|67\/100|[from] item: Leftovers\n|upkeep\n|turn|17\n|\n|t:|1700935750\n|-end|p1a: Kingambit|fallen1|[silent]\n|switch|p1a: Ogerpon|Ogerpon-Wellspring, F|79\/100\n|move|p2a: Quavo|Close Combat|p1a: Ogerpon\n|-crit|p1a: Ogerpon\n|-damage|p1a: Ogerpon|0 fnt\n|-unboost|p2a: Quavo|def|1\n|-unboost|p2a: Quavo|spd|1\n|faint|p1a: Ogerpon\n|-ability|p2a: Quavo|Moxie|boost\n|-boost|p2a: Quavo|atk|1\n|\n|-weather|RainDance|[upkeep]\n|upkeep\n|\n|t:|1700935755\n|switch|p1a: Dragapult|Dragapult, M|100\/100\n|turn|18\n|\n|t:|1700935763\n|switch|p2a: Silly Cayt|Meowscarada, F, shiny|50\/100\n|move|p1a: Dragapult|Shadow Ball|p2a: Silly Cayt\n|-resisted|p2a: Silly Cayt\n|-damage|p2a: Silly Cayt|11\/100\n|\n|-weather|RainDance|[upkeep]\n|upkeep\n|turn|19\n|\n|t:|1700935771\n|switch|p1a: Zamazenta|Zamazenta|81\/100\n|move|p2a: Silly Cayt|Play Rough|p1a: Zamazenta\n|-start|p2a: Silly Cayt|typechange|Fairy|[from] ability: Protean\n|-supereffective|p1a: Zamazenta\n|-damage|p1a: Zamazenta|15\/100\n|\n|-weather|none\n|-heal|p1a: Zamazenta|21\/100|[from] item: Leftovers\n|upkeep\n|turn|20\n|\n|t:|1700935781\n|move|p2a: Silly Cayt|Play Rough|p1a: Zamazenta\n|-supereffective|p1a: Zamazenta\n|-damage|p1a: Zamazenta|0 fnt\n|faint|p1a: Zamazenta\n|\n|upkeep\n|\n|t:|1700935789\n|switch|p1a: Kingambit|Kingambit, M|67\/100\n|-activate|p1a: Kingambit|ability: Supreme Overlord\n|-start|p1a: Kingambit|fallen3|[silent]\n|turn|21\n|\n|t:|1700935801\n|move|p2a: Silly Cayt|Play Rough|p1a: Kingambit\n|-damage|p1a: Kingambit|37\/100\n|move|p1a: Kingambit|Swords Dance|p1a: Kingambit\n|-boost|p1a: Kingambit|atk|2\n|\n|-heal|p1a: Kingambit|43\/100|[from] item: Leftovers\n|upkeep\n|turn|22\n|\n|t:|1700935805\n|move|p1a: Kingambit|Sucker Punch|p2a: Silly Cayt\n|-resisted|p2a: Silly Cayt\n|-damage|p2a: Silly Cayt|0 fnt\n|faint|p2a: Silly Cayt\n|\n|-heal|p1a: Kingambit|49\/100|[from] item: Leftovers\n|upkeep\n|\n|t:|1700935808\n|switch|p2a: PoliSwirl~|Politoed, M, shiny|49\/100\n|-weather|RainDance|[from] ability: Drizzle|[of] p2a: PoliSwirl~\n|turn|23\n|\n|t:|1700935811\n|-terastallize|p1a: Kingambit|Fairy\n|move|p2a: PoliSwirl~|Surf|p1a: Kingambit\n|-damage|p1a: Kingambit|0 fnt\n|faint|p1a: Kingambit\n|-end|p1a: Kingambit|fallen3|[silent]\n|\n|-weather|RainDance|[upkeep]\n|upkeep\n|\n|t:|1700935825\n|switch|p1a: Dragapult|Dragapult, M|100\/100\n|turn|24\n|\n|t:|1700935845\n|move|p1a: Dragapult|U-turn|p2a: PoliSwirl~\n|-damage|p2a: PoliSwirl~|29\/100\n|\n|t:|1700935848\n|switch|p1a: Great Tusk|Great Tusk|100\/100|[from] U-turn\n|move|p2a: PoliSwirl~|Ice Beam|p1a: Great Tusk\n|-supereffective|p1a: Great Tusk\n|-damage|p1a: Great Tusk|17\/100\n|\n|-weather|RainDance|[upkeep]\n|upkeep\n|turn|25\n|\n|t:|1700935860\n|switch|p2a: Golden Girl|Basculegion-F, F, shiny|33\/100\n|move|p1a: Great Tusk|Rapid Spin|p2a: Golden Girl\n|-immune|p2a: Golden Girl\n|\n|-weather|RainDance|[upkeep]\n|upkeep\n|turn|26\n|\n|t:|1700935866\n|move|p2a: Golden Girl|Shadow Ball|p1a: Great Tusk\n|-damage|p1a: Great Tusk|0 fnt\n|faint|p1a: Great Tusk\n|-end|p1a: Great Tusk|Protosynthesis|[silent]\n|\n|-weather|RainDance|[upkeep]\n|upkeep\n|\n|t:|1700935868\n|switch|p1a: Dragapult|Dragapult, M|100\/100\n|turn|27\n|\n|t:|1700935876\n|move|p2a: Golden Girl|Shadow Ball|p1a: Dragapult\n|-supereffective|p1a: Dragapult\n|-damage|p1a: Dragapult|0 fnt\n|faint|p1a: Dragapult\n|\n|win|soy bebe\n|raw|Jeffbloodhammer2's rating: 1444 &rarr; <strong>1427<\/strong><br \/>(-17 for losing)\n|raw|soy bebe's rating: 1493 &rarr; <strong>1510<\/strong><br \/>(+17 for winning)\n|l|\u2606Jeffbloodhammer2\n|c|\u2606soy bebe|ggizle\n","uploadtime":1700935896,"views":1,"p1id":"jeffbloodhammer2","p2id":"soybebe","formatid":"gen9ou","rating":1427,"private":0,"password":""}