{"id":"gen9ou-1997844607","p1":"OhLookARock3","p2":"Gloryboykeef","format":"[Gen 9] OU","log":"|j|\u2606OhLookARock3\n|j|\u2606Gloryboykeef\n|t:|1700858931\n|gametype|singles\n|player|p1|OhLookARock3|lady|1361\n|player|p2|Gloryboykeef|pilot|1273\n|teamsize|p1|6\n|teamsize|p2|6\n|gen|9\n|tier|[Gen 9] OU\n|rated|\n|rule|Sleep Clause Mod: Limit one foe put to sleep\n|rule|Species Clause: Limit one of each Pok\u00e9mon\n|rule|OHKO Clause: OHKO moves are banned\n|rule|Evasion Items Clause: Evasion items are banned\n|rule|Evasion Moves Clause: Evasion moves are banned\n|rule|Endless Battle Clause: Forcing endless battles is banned\n|rule|HP Percentage Mod: HP is shown in percentages\n|clearpoke\n|poke|p1|Kingambit, F|\n|poke|p1|Glimmora, F|\n|poke|p1|Zamazenta-*|\n|poke|p1|Iron Valiant|\n|poke|p1|Iron Moth|\n|poke|p1|Ogerpon-Wellspring, F|\n|poke|p2|Pelipper, F|\n|poke|p2|Thundurus-Therian, M|\n|poke|p2|Kingambit, F|\n|poke|p2|Iron Valiant|\n|poke|p2|Volcanion|\n|poke|p2|Barraskewda, F|\n|teampreview\n|inactive|Battle timer is ON: inactive players will automatically lose when time's up. (requested by Gloryboykeef)\n|inactive|OhLookARock3 also wants the timer to be on.\n|c|\u2606OhLookARock3|glhf!\n|\n|t:|1700858941\n|start\n|switch|p1a: Misumaru|Glimmora, F|100\/100\n|switch|p2a: Barraskewda|Barraskewda, F, shiny|100\/100\n|turn|1\n|c|\u2606Gloryboykeef|glll\n|\n|t:|1700858948\n|move|p2a: Barraskewda|Flip Turn|p1a: Misumaru\n|-supereffective|p1a: Misumaru\n|-enditem|p1a: Misumaru|Focus Sash\n|-damage|p1a: Misumaru|1\/100\n|-activate|p1a: Misumaru|ability: Toxic Debris\n|-sidestart|p2: Gloryboykeef|move: Toxic Spikes\n|-damage|p2a: Barraskewda|91\/100|[from] item: Life Orb\n|\n|t:|1700858957\n|switch|p2a: King Von|Pelipper, F|100\/100|[from] Flip Turn\n|-weather|RainDance|[from] ability: Drizzle|[of] p2a: King Von\n|move|p1a: Misumaru|Stealth Rock|p2a: King Von\n|-sidestart|p2: Gloryboykeef|move: Stealth Rock\n|\n|-weather|RainDance|[upkeep]\n|upkeep\n|turn|2\n|\n|t:|1700858969\n|-terastallize|p2a: King Von|Ground\n|move|p1a: Misumaru|Power Gem|p2a: King Von\n|-resisted|p2a: King Von\n|-damage|p2a: King Von|71\/100\n|move|p2a: King Von|U-turn|p1a: Misumaru\n|-resisted|p1a: Misumaru\n|-damage|p1a: Misumaru|0 fnt\n|-activate|p1a: Misumaru|ability: Toxic Debris\n|-sidestart|p2: Gloryboykeef|move: Toxic Spikes\n|faint|p1a: Misumaru\n|\n|t:|1700858978\n|switch|p2a: Barraskewda|Barraskewda, F, shiny|91\/100|[from] U-turn\n|-status|p2a: Barraskewda|tox\n|-damage|p2a: Barraskewda|78\/100 tox|[from] Stealth Rock\n|\n|-weather|RainDance|[upkeep]\n|-damage|p2a: Barraskewda|72\/100 tox|[from] psn\n|upkeep\n|\n|t:|1700858981\n|switch|p1a: Sumireko|Iron Moth|100\/100\n|-enditem|p1a: Sumireko|Booster Energy\n|-activate|p1a: Sumireko|ability: Quark Drive|[fromitem]\n|-start|p1a: Sumireko|quarkdrivespe\n|turn|3\n|\n|t:|1700858987\n|-end|p1a: Sumireko|Quark Drive|[silent]\n|switch|p1a: Kokoro|Ogerpon-Wellspring, F|100\/100\n|move|p2a: Barraskewda|Liquidation|p1a: Kokoro\n|-immune|p1a: Kokoro|[from] ability: Water Absorb\n|\n|-weather|RainDance|[upkeep]\n|-damage|p2a: Barraskewda|60\/100 tox|[from] psn\n|upkeep\n|turn|4\n|\n|t:|1700859006\n|move|p2a: Barraskewda|Poison Jab|p1a: Kokoro\n|-supereffective|p1a: Kokoro\n|-damage|p1a: Kokoro|1\/100\n|-damage|p2a: Barraskewda|50\/100 tox|[from] item: Life Orb\n|move|p1a: Kokoro|Knock Off|p2a: Barraskewda\n|-damage|p2a: Barraskewda|0 fnt\n|-enditem|p2a: Barraskewda|Life Orb|[from] move: Knock Off|[of] p1a: Kokoro\n|faint|p2a: Barraskewda\n|\n|-weather|RainDance|[upkeep]\n|upkeep\n|\n|t:|1700859021\n|switch|p2a: Volcanion|Volcanion|100\/100\n|-status|p2a: Volcanion|tox\n|-damage|p2a: Volcanion|76\/100 tox|[from] Stealth Rock\n|turn|5\n|\n|t:|1700859038\n|move|p2a: Volcanion|Earth Power|p1a: Kokoro\n|-resisted|p1a: Kokoro\n|-damage|p1a: Kokoro|0 fnt\n|faint|p1a: Kokoro\n|\n|-weather|RainDance|[upkeep]\n|-damage|p2a: Volcanion|70\/100 tox|[from] psn\n|upkeep\n|\n|t:|1700859051\n|switch|p1a: Byakuren|Zamazenta, shiny|100\/100\n|-ability|p1a: Byakuren|Dauntless Shield|boost\n|-boost|p1a: Byakuren|def|1\n|turn|6\n|\n|t:|1700859068\n|switch|p2a: Lil Durk|Thundurus-Therian, M|100\/100\n|move|p1a: Byakuren|Iron Defense|p1a: Byakuren\n|-boost|p1a: Byakuren|def|2\n|\n|-weather|RainDance|[upkeep]\n|upkeep\n|turn|7\n|\n|t:|1700859074\n|move|p1a: Byakuren|Stone Edge|p2a: Lil Durk\n|-supereffective|p2a: Lil Durk\n|-damage|p2a: Lil Durk|8\/100\n|move|p2a: Lil Durk|Thunder|p1a: Byakuren\n|-damage|p1a: Byakuren|42\/100\n|\n|-weather|RainDance|[upkeep]\n|-heal|p1a: Byakuren|48\/100|[from] item: Leftovers\n|upkeep\n|turn|8\n|\n|t:|1700859083\n|move|p1a: Byakuren|Body Press|p2a: Lil Durk\n|-resisted|p2a: Lil Durk\n|-damage|p2a: Lil Durk|0 fnt\n|faint|p2a: Lil Durk\n|\n|-weather|none\n|-heal|p1a: Byakuren|54\/100|[from] item: Leftovers\n|upkeep\n|\n|t:|1700859097\n|switch|p2a: Iron Valiant|Iron Valiant|100\/100\n|-status|p2a: Iron Valiant|tox\n|-damage|p2a: Iron Valiant|94\/100 tox|[from] Stealth Rock\n|-enditem|p2a: Iron Valiant|Booster Energy\n|-activate|p2a: Iron Valiant|ability: Quark Drive|[fromitem]\n|-start|p2a: Iron Valiant|quarkdrivespe\n|turn|9\n|\n|t:|1700859106\n|move|p2a: Iron Valiant|Spirit Break|p1a: Byakuren\n|-supereffective|p1a: Byakuren\n|-damage|p1a: Byakuren|30\/100\n|-unboost|p1a: Byakuren|spa|1\n|move|p1a: Byakuren|Body Press|p2a: Iron Valiant\n|-resisted|p2a: Iron Valiant\n|-damage|p2a: Iron Valiant|36\/100 tox\n|\n|-heal|p1a: Byakuren|36\/100|[from] item: Leftovers\n|-damage|p2a: Iron Valiant|30\/100 tox|[from] psn\n|upkeep\n|turn|10\n|\n|t:|1700859119\n|move|p2a: Iron Valiant|Spirit Break|p1a: Byakuren\n|-supereffective|p1a: Byakuren\n|-damage|p1a: Byakuren|11\/100\n|-unboost|p1a: Byakuren|spa|1\n|move|p1a: Byakuren|Body Press|p2a: Iron Valiant\n|-resisted|p2a: Iron Valiant\n|-damage|p2a: Iron Valiant|0 fnt\n|faint|p2a: Iron Valiant\n|-end|p2a: Iron Valiant|Quark Drive|[silent]\n|\n|-heal|p1a: Byakuren|17\/100|[from] item: Leftovers\n|upkeep\n|\n|t:|1700859127\n|switch|p2a: King Von|Pelipper, F, tera:Ground|71\/100\n|-status|p2a: King Von|tox\n|-damage|p2a: King Von|65\/100 tox|[from] Stealth Rock\n|-weather|RainDance|[from] ability: Drizzle|[of] p2a: King Von\n|turn|11\n|\n|t:|1700859133\n|move|p1a: Byakuren|Body Press|p2a: King Von\n|-crit|p2a: King Von\n|-damage|p2a: King Von|0 fnt\n|faint|p2a: King Von\n|\n|-weather|RainDance|[upkeep]\n|-heal|p1a: Byakuren|24\/100|[from] item: Leftovers\n|upkeep\n|\n|t:|1700859136\n|switch|p2a: Volcanion|Volcanion|70\/100 tox\n|-damage|p2a: Volcanion|45\/100 tox|[from] Stealth Rock\n|turn|12\n|\n|t:|1700859139\n|move|p2a: Volcanion|Steam Eruption|p1a: Byakuren\n|-damage|p1a: Byakuren|0 fnt\n|faint|p1a: Byakuren\n|\n|-weather|RainDance|[upkeep]\n|-damage|p2a: Volcanion|39\/100 tox|[from] psn\n|upkeep\n|\n|t:|1700859161\n|switch|p1a: Sumireko|Iron Moth|100\/100\n|turn|13\n|\n|t:|1700859179\n|move|p2a: Volcanion|Steam Eruption|p1a: Sumireko\n|-supereffective|p1a: Sumireko\n|-damage|p1a: Sumireko|0 fnt\n|faint|p1a: Sumireko\n|-end|p1a: Sumireko|Quark Drive|[silent]\n|\n|-weather|RainDance|[upkeep]\n|-damage|p2a: Volcanion|27\/100 tox|[from] psn\n|upkeep\n|inactive|OhLookARock3 has 120 seconds left.\n|c|\u2606OhLookARock3|..am I missing smth?\n|c|\u2606Gloryboykeef|wdym\n|inactive|OhLookARock3 has 90 seconds left.\n|c|\u2606OhLookARock3|how'd volc outspeed? Even a scarf set  would enable that\n|c|\u2606Gloryboykeef|nah I am not scarf\n|c|\u2606Gloryboykeef|I am jolly\n|c|\u2606OhLookARock3|that's...very weird\n|inactive|OhLookARock3 has 60 seconds left.\n|c|\u2606Gloryboykeef|showdown broken d\n|c|\u2606Gloryboykeef|dw\n|c|\u2606Gloryboykeef|we speed tie\n|c|\u2606OhLookARock3|lol, sounds right\n|\n|t:|1700859280\n|switch|p1a: Lily White|Iron Valiant|100\/100\n|-enditem|p1a: Lily White|Booster Energy\n|-activate|p1a: Lily White|ability: Quark Drive|[fromitem]\n|-start|p1a: Lily White|quarkdrivespe\n|turn|14\n|\n|t:|1700859286\n|move|p1a: Lily White|Hypnosis|p2a: Volcanion|[miss]\n|-miss|p1a: Lily White|p2a: Volcanion\n|move|p2a: Volcanion|Steam Eruption|p1a: Lily White\n|-damage|p1a: Lily White|0 fnt\n|faint|p1a: Lily White\n|-end|p1a: Lily White|Quark Drive|[silent]\n|\n|-weather|RainDance|[upkeep]\n|-damage|p2a: Volcanion|9\/100 tox|[from] psn\n|upkeep\n|\n|t:|1700859288\n|switch|p1a: Zanmu|Kingambit, F|100\/100\n|-activate|p1a: Zanmu|ability: Supreme Overlord\n|-start|p1a: Zanmu|fallen5|[silent]\n|turn|15\n|\n|t:|1700859293\n|-terastallize|p1a: Zanmu|Flying\n|move|p1a: Zanmu|Sucker Punch|p2a: Volcanion\n|-damage|p2a: Volcanion|0 fnt\n|faint|p2a: Volcanion\n|\n|-weather|RainDance|[upkeep]\n|upkeep\n|\n|t:|1700859297\n|switch|p2a: Kingambit|Kingambit, F, shiny|100\/100\n|-damage|p2a: Kingambit|94\/100|[from] Stealth Rock\n|-activate|p2a: Kingambit|ability: Supreme Overlord\n|-start|p2a: Kingambit|fallen5|[silent]\n|turn|16\n|\n|t:|1700859309\n|move|p1a: Zanmu|Swords Dance|p1a: Zanmu\n|-boost|p1a: Zanmu|atk|2\n|move|p2a: Kingambit|Kowtow Cleave|p1a: Zanmu\n|-damage|p1a: Zanmu|23\/100\n|\n|-weather|RainDance|[upkeep]\n|upkeep\n|turn|17\n|\n|t:|1700859316\n|move|p1a: Zanmu|Sucker Punch|p2a: Kingambit\n|-resisted|p2a: Kingambit\n|-damage|p2a: Kingambit|47\/100\n|move|p2a: Kingambit|Sucker Punch||[still]\n|-fail|p2a: Kingambit\n|\n|-weather|RainDance|[upkeep]\n|upkeep\n|turn|18\n|\n|t:|1700859323\n|move|p2a: Kingambit|Sucker Punch|p1a: Zanmu\n|-damage|p1a: Zanmu|0 fnt\n|faint|p1a: Zanmu\n|-end|p1a: Zanmu|fallen5|[silent]\n|\n|win|Gloryboykeef\n|raw|OhLookARock3's rating: 1361 &rarr; <strong>1336<\/strong><br \/>(-25 for losing)\n|raw|Gloryboykeef's rating: 1273 &rarr; <strong>1304<\/strong><br \/>(+31 for winning)\n|l|\u2606Gloryboykeef\n|c|\u2606OhLookARock3|gg, wp!\n","uploadtime":1700859358,"views":8,"p1id":"ohlookarock3","p2id":"gloryboykeef","formatid":"gen9ou","rating":1304,"private":0,"password":""}