{"id":"gen9ou-1991181594","p1":"AlphaClefable","p2":"sinisterresolute","format":"[Gen 9] OU","log":"|j|\u2606AlphaClefable\n|j|\u2606sinisterresolute\n|inactive|Battle timer is ON: inactive players will automatically lose when time's up.\n|t:|1700054372\n|gametype|singles\n|player|p1|AlphaClefable|backersf|\n|player|p2|sinisterresolute|archer|\n|teamsize|p1|4\n|teamsize|p2|4\n|gen|9\n|tier|[Gen 9] OU\n|rated|Tournament battle\n|rule|Sleep Clause Mod: Limit one foe put to sleep\n|rule|Species Clause: Limit one of each Pok\u00e9mon\n|rule|OHKO Clause: OHKO moves are banned\n|rule|Evasion Items Clause: Evasion items are banned\n|rule|Evasion Moves Clause: Evasion moves are banned\n|rule|Endless Battle Clause: Forcing endless battles is banned\n|rule|HP Percentage Mod: HP is shown in percentages\n|clearpoke\n|poke|p1|Venomoth, F|\n|poke|p1|Stantler, M|\n|poke|p1|Sinistea-Antique|\n|poke|p1|Shellder, M|\n|poke|p2|Vigoroth, F|\n|poke|p2|Tsareena, F|\n|poke|p2|Shroomish, F|\n|poke|p2|Hatenna, F|\n|teampreview\n|j|*Lady Monita \u2746\n|\n|t:|1700054391\n|start\n|switch|p1a: Sinistea|Sinistea-Antique|100\/100\n|switch|p2a: Hatenna|Hatenna, F|100\/100\n|turn|1\n|\n|t:|1700054407\n|move|p1a: Sinistea|Shell Smash|p1a: Sinistea\n|-unboost|p1a: Sinistea|def|1\n|-unboost|p1a: Sinistea|spd|1\n|-boost|p1a: Sinistea|atk|2\n|-boost|p1a: Sinistea|spa|2\n|-boost|p1a: Sinistea|spe|2\n|move|p2a: Hatenna|Light Screen|p2a: Hatenna\n|-sidestart|p2: sinisterresolute|move: Light Screen\n|\n|upkeep\n|turn|2\n|\n|t:|1700054415\n|move|p1a: Sinistea|Shadow Ball|p2a: Hatenna\n|-supereffective|p2a: Hatenna\n|-damage|p2a: Hatenna|23\/100\n|move|p2a: Hatenna|Nuzzle|p1a: Sinistea\n|-damage|p1a: Sinistea|92\/100\n|-status|p1a: Sinistea|par\n|-ability|p1a: Sinistea|Weak Armor|boost\n|-unboost|p1a: Sinistea|def|1\n|-boost|p1a: Sinistea|spe|2\n|\n|upkeep\n|turn|3\n|\n|t:|1700054430\n|move|p1a: Sinistea|Shadow Ball|p2a: Hatenna\n|-supereffective|p2a: Hatenna\n|-crit|p2a: Hatenna\n|-damage|p2a: Hatenna|0 fnt\n|faint|p2a: Hatenna\n|\n|upkeep\n|\n|t:|1700054436\n|switch|p2a: Tsareena|Tsareena, F, shiny|100\/100\n|turn|4\n|\n|t:|1700054449\n|cant|p1a: Sinistea|par\n|move|p2a: Tsareena|Knock Off|p1a: Sinistea\n|-supereffective|p1a: Sinistea\n|-damage|p1a: Sinistea|0 fnt\n|-enditem|p1a: Sinistea|Focus Sash|[from] move: Knock Off|[of] p2a: Tsareena\n|faint|p1a: Sinistea\n|\n|upkeep\n|\n|t:|1700054458\n|switch|p1a: Stantler|Stantler, M|100\/100\n|-ability|p1a: Stantler|Intimidate|boost\n|-unboost|p2a: Tsareena|atk|1\n|turn|5\n|\n|t:|1700054465\n|switch|p2a: Shroomish|Shroomish, F|100\/100\n|move|p1a: Stantler|Lunge|p2a: Shroomish\n|-supereffective|p2a: Shroomish\n|-damage|p2a: Shroomish|32\/100\n|-unboost|p2a: Shroomish|atk|1\n|\n|-status|p2a: Shroomish|tox|[from] item: Toxic Orb\n|upkeep\n|turn|6\n|\n|t:|1700054484\n|move|p2a: Shroomish|Protect|p2a: Shroomish\n|-singleturn|p2a: Shroomish|Protect\n|move|p1a: Stantler|Lunge|p2a: Shroomish\n|-activate|p2a: Shroomish|move: Protect\n|\n|-heal|p2a: Shroomish|45\/100 tox|[from] ability: Poison Heal\n|upkeep\n|turn|7\n|\n|t:|1700054492\n|move|p1a: Stantler|Lunge|p2a: Shroomish\n|-supereffective|p2a: Shroomish\n|-crit|p2a: Shroomish\n|-damage|p2a: Shroomish|0 fnt\n|faint|p2a: Shroomish\n|\n|upkeep\n|\n|t:|1700054499\n|switch|p2a: Tsareena|Tsareena, F, shiny|100\/100\n|turn|8\n|\n|t:|1700054518\n|-terastallize|p1a: Stantler|Ground\n|move|p1a: Stantler|Lunge|p2a: Tsareena\n|-supereffective|p2a: Tsareena\n|-damage|p2a: Tsareena|55\/100\n|-unboost|p2a: Tsareena|atk|1\n|move|p2a: Tsareena|High Jump Kick|p1a: Stantler\n|-damage|p1a: Stantler|43\/100\n|\n|-sideend|p2: sinisterresolute|move: Light Screen\n|upkeep\n|turn|9\n|j| Calamarimar\n|\n|t:|1700054545\n|move|p1a: Stantler|Lunge|p2a: Tsareena\n|-supereffective|p2a: Tsareena\n|-damage|p2a: Tsareena|9\/100\n|-unboost|p2a: Tsareena|atk|1\n|move|p2a: Tsareena|High Jump Kick|p1a: Stantler\n|-damage|p1a: Stantler|0 fnt\n|faint|p1a: Stantler\n|\n|upkeep\n|l| Calamarimar\n|\n|t:|1700054555\n|switch|p1a: Venomoth|Venomoth, F|100\/100\n|turn|10\n|\n|t:|1700054558\n|switch|p2a: Vigoroth|Vigoroth, F, shiny|100\/100\n|move|p1a: Venomoth|Quiver Dance|p1a: Venomoth\n|-boost|p1a: Venomoth|spa|1\n|-boost|p1a: Venomoth|spd|1\n|-boost|p1a: Venomoth|spe|1\n|\n|upkeep\n|turn|11\n|\n|t:|1700054569\n|move|p1a: Venomoth|Sludge Bomb|p2a: Vigoroth\n|-crit|p2a: Vigoroth\n|-damage|p2a: Vigoroth|41\/100\n|move|p2a: Vigoroth|Body Slam|p1a: Venomoth\n|-damage|p1a: Venomoth|54\/100\n|\n|upkeep\n|turn|12\n|\n|t:|1700054577\n|move|p1a: Venomoth|Sludge Bomb|p2a: Vigoroth\n|-crit|p2a: Vigoroth\n|-damage|p2a: Vigoroth|0 fnt\n|faint|p2a: Vigoroth\n|\n|upkeep\n|c|\u2606sinisterresolute|BRUH\n|c|\u2606sinisterresolute|insane luck gg\n|-message|sinisterresolute forfeited.\n|\n|win|AlphaClefable\n|n|\u2606AlphaClefable|alphaclefable\n|n|\u2606sinisterresolute|sinisterresolute\n|n|*Lady Monita \u2746|ladymonita\n","uploadtime":1700054602,"views":10,"p1id":"alphaclefable","p2id":"sinisterresolute","formatid":"gen9ou","rating":0,"private":0,"password":""}