{"id":"gen9ou-1993655640","p1":"Alexander90281","p2":"JiR0k","format":"[Gen 9] OU","log":"|j|\u2606Alexander90281\n|j|\u2606JiR0k\n|inactive|Battle timer is ON: inactive players will automatically lose when time's up.\n|t:|1700342152\n|gametype|singles\n|player|p1|Alexander90281|tateandliza-gen6|\n|player|p2|JiR0k|red|\n|teamsize|p1|6\n|teamsize|p2|6\n|gen|9\n|tier|[Gen 9] OU\n|rated|Tournament battle\n|rule|Sleep Clause Mod: Limit one foe put to sleep\n|rule|Species Clause: Limit one of each Pok\u00e9mon\n|rule|OHKO Clause: OHKO moves are banned\n|rule|Evasion Items Clause: Evasion items are banned\n|rule|Evasion Moves Clause: Evasion moves are banned\n|rule|Endless Battle Clause: Forcing endless battles is banned\n|rule|HP Percentage Mod: HP is shown in percentages\n|clearpoke\n|poke|p1|Hatterene, F|\n|poke|p1|Ursaluna, F|\n|poke|p1|Diancie|\n|poke|p1|Kingambit, F|\n|poke|p1|Staraptor, M|\n|poke|p1|Greninja-*, M|\n|poke|p2|Great Tusk|\n|poke|p2|Dondozo, F|\n|poke|p2|Slowking-Galar, F|\n|poke|p2|Rillaboom, M|\n|poke|p2|Iron Moth|\n|poke|p2|Zapdos|\n|teampreview\n|j|*Lady Monita \u2746\n|\n|t:|1700342164\n|start\n|switch|p1a: Hatterene|Hatterene, F|100\/100\n|switch|p2a: Slowking|Slowking-Galar, F|100\/100\n|turn|1\n|\n|t:|1700342167\n|move|p2a: Slowking|Future Sight|p1a: Hatterene\n|-start|p2a: Slowking|move: Future Sight\n|move|p1a: Hatterene|Trick Room|p1a: Hatterene\n|-fieldstart|move: Trick Room|[of] p1a: Hatterene\n|\n|upkeep\n|turn|2\n|\n|t:|1700342170\n|switch|p1a: Kingambit|Kingambit, F|100\/100\n|switch|p2a: Dondozo|Dondozo, F|100\/100\n|\n|upkeep\n|turn|3\n|\n|t:|1700342177\n|-end|p1a: Kingambit|fallenundefined|[silent]\n|switch|p1a: Hatterene|Hatterene, F|100\/100\n|move|p2a: Dondozo|Curse|p2a: Dondozo\n|-unboost|p2a: Dondozo|spe|1\n|-boost|p2a: Dondozo|atk|1\n|-boost|p2a: Dondozo|def|1\n|\n|-end|p1a: Hatterene|move: Future Sight\n|-resisted|p1a: Hatterene\n|-damage|p1a: Hatterene|69\/100\n|upkeep\n|turn|4\n|\n|t:|1700342188\n|move|p1a: Hatterene|Psychic|p2a: Dondozo\n|-damage|p2a: Dondozo|63\/100\n|move|p2a: Dondozo|Curse|p2a: Dondozo\n|-unboost|p2a: Dondozo|spe|1\n|-boost|p2a: Dondozo|atk|1\n|-boost|p2a: Dondozo|def|1\n|\n|-heal|p2a: Dondozo|69\/100|[from] item: Leftovers\n|upkeep\n|turn|5\n|\n|t:|1700342194\n|move|p2a: Dondozo|Curse|p2a: Dondozo\n|-unboost|p2a: Dondozo|spe|1\n|-boost|p2a: Dondozo|atk|1\n|-boost|p2a: Dondozo|def|1\n|move|p1a: Hatterene|Psychic|p2a: Dondozo\n|-damage|p2a: Dondozo|32\/100\n|\n|-heal|p2a: Dondozo|38\/100|[from] item: Leftovers\n|-fieldend|move: Trick Room\n|upkeep\n|turn|6\n|\n|t:|1700342201\n|move|p1a: Hatterene|Psychic|p2a: Dondozo\n|-damage|p2a: Dondozo|0 fnt\n|faint|p2a: Dondozo\n|\n|upkeep\n|\n|t:|1700342209\n|switch|p2a: Iron Moth|Iron Moth|100\/100\n|-enditem|p2a: Iron Moth|Booster Energy\n|-activate|p2a: Iron Moth|ability: Quark Drive|[fromitem]\n|-start|p2a: Iron Moth|quarkdrivespe\n|turn|7\n|\n|t:|1700342217\n|-terastallize|p1a: Hatterene|Steel\n|move|p2a: Iron Moth|Fiery Dance|p1a: Hatterene\n|-supereffective|p1a: Hatterene\n|-damage|p1a: Hatterene|0 fnt\n|-boost|p2a: Iron Moth|spa|1\n|faint|p1a: Hatterene\n|\n|upkeep\n|\n|t:|1700342229\n|switch|p1a: Greninja|Greninja, M|100\/100\n|turn|8\n|\n|t:|1700342236\n|-terastallize|p2a: Iron Moth|Fairy\n|move|p1a: Greninja|Water Shuriken|p2a: Iron Moth\n|-damage|p2a: Iron Moth|94\/100\n|-damage|p2a: Iron Moth|88\/100\n|-damage|p2a: Iron Moth|81\/100\n|-damage|p2a: Iron Moth|74\/100\n|-hitcount|p2a: Iron Moth|4\n|move|p2a: Iron Moth|Dazzling Gleam|p1a: Greninja\n|-supereffective|p1a: Greninja\n|-damage|p1a: Greninja|0 fnt\n|faint|p1a: Greninja\n|\n|upkeep\n|\n|t:|1700342243\n|switch|p1a: Diancie|Diancie|100\/100\n|turn|9\n|\n|t:|1700342250\n|move|p2a: Iron Moth|Fiery Dance|p1a: Diancie\n|-resisted|p1a: Diancie\n|-damage|p1a: Diancie|77\/100\n|move|p1a: Diancie|Trick Room|p1a: Diancie\n|-fieldstart|move: Trick Room|[of] p1a: Diancie\n|\n|upkeep\n|turn|10\n|\n|t:|1700342256\n|move|p1a: Diancie|Diamond Storm|p2a: Iron Moth|[miss]\n|-miss|p1a: Diancie|p2a: Iron Moth\n|move|p2a: Iron Moth|Fiery Dance|p1a: Diancie\n|-resisted|p1a: Diancie\n|-damage|p1a: Diancie|55\/100\n|-boost|p2a: Iron Moth|spa|1\n|\n|upkeep\n|turn|11\n|\n|t:|1700342262\n|move|p1a: Diancie|Diamond Storm|p2a: Iron Moth\n|-damage|p2a: Iron Moth|18\/100\n|move|p2a: Iron Moth|Fiery Dance|p1a: Diancie\n|-resisted|p1a: Diancie\n|-damage|p1a: Diancie|22\/100\n|\n|upkeep\n|turn|12\n|\n|t:|1700342268\n|move|p1a: Diancie|Diamond Storm|p2a: Iron Moth\n|-damage|p2a: Iron Moth|0 fnt\n|-boost|p1a: Diancie|def|2\n|faint|p2a: Iron Moth\n|-end|p2a: Iron Moth|Quark Drive|[silent]\n|\n|upkeep\n|\n|t:|1700342281\n|switch|p2a: Slowking|Slowking-Galar, F|100\/100\n|turn|13\n|\n|t:|1700342290\n|move|p1a: Diancie|Diamond Storm|p2a: Slowking\n|-damage|p2a: Slowking|69\/100\n|-boost|p1a: Diancie|def|2\n|move|p2a: Slowking|Flamethrower|p1a: Diancie\n|-resisted|p1a: Diancie\n|-damage|p1a: Diancie|11\/100\n|\n|-fieldend|move: Trick Room\n|upkeep\n|turn|14\n|\n|t:|1700342299\n|move|p2a: Slowking|Future Sight|p1a: Diancie\n|-start|p2a: Slowking|move: Future Sight\n|move|p1a: Diancie|Trick Room|p1a: Diancie\n|-fieldstart|move: Trick Room|[of] p1a: Diancie\n|\n|upkeep\n|turn|15\n|\n|t:|1700342305\n|move|p1a: Diancie|Diamond Storm|p2a: Slowking\n|-damage|p2a: Slowking|36\/100\n|-boost|p1a: Diancie|def|2\n|move|p2a: Slowking|Flamethrower|p1a: Diancie\n|-resisted|p1a: Diancie\n|-damage|p1a: Diancie|0 fnt\n|faint|p1a: Diancie\n|\n|upkeep\n|\n|t:|1700342313\n|switch|p1a: Kingambit|Kingambit, F|100\/100\n|-activate|p1a: Kingambit|ability: Supreme Overlord\n|-start|p1a: Kingambit|fallen3|[silent]\n|turn|16\n|\n|t:|1700342318\n|switch|p2a: Great Tusk|Great Tusk|100\/100\n|move|p1a: Kingambit|Swords Dance|p1a: Kingambit\n|-boost|p1a: Kingambit|atk|2\n|\n|-end|p1a: Kingambit|move: Future Sight\n|-immune|p1a: Kingambit\n|upkeep\n|turn|17\n|j| nodogsaleystay\n|\n|t:|1700342331\n|move|p1a: Kingambit|Kowtow Cleave|p2a: Great Tusk\n|-resisted|p2a: Great Tusk\n|-damage|p2a: Great Tusk|44\/100\n|move|p2a: Great Tusk|Close Combat|p1a: Kingambit\n|-supereffective|p1a: Kingambit\n|-crit|p1a: Kingambit\n|-damage|p1a: Kingambit|0 fnt\n|-unboost|p2a: Great Tusk|def|1\n|-unboost|p2a: Great Tusk|spd|1\n|faint|p1a: Kingambit\n|-end|p1a: Kingambit|fallen3|[silent]\n|\n|upkeep\n|j| Van Pyro\n|\n|t:|1700342334\n|switch|p1a: Ursaluna|Ursaluna, F|100\/100\n|turn|18\n|\n|t:|1700342346\n|-end|p2a: Great Tusk|Protosynthesis|[silent]\n|switch|p2a: Slowking|Slowking-Galar, F|69\/100\n|move|p1a: Ursaluna|Facade|p2a: Slowking\n|-damage|p2a: Slowking|34\/100\n|\n|-fieldend|move: Trick Room\n|-status|p1a: Ursaluna|brn|[from] item: Flame Orb\n|upkeep\n|turn|19\n|\n|t:|1700342357\n|move|p2a: Slowking|Sludge Bomb|p1a: Ursaluna\n|-resisted|p1a: Ursaluna\n|-damage|p1a: Ursaluna|82\/100 brn\n|move|p1a: Ursaluna|Facade|p2a: Slowking\n|-damage|p2a: Slowking|0 fnt\n|faint|p2a: Slowking\n|\n|-damage|p1a: Ursaluna|76\/100 brn|[from] brn\n|upkeep\n|\n|t:|1700342361\n|switch|p2a: Rillaboom|Rillaboom, M|100\/100\n|-fieldstart|move: Grassy Terrain|[from] ability: Grassy Surge|[of] p2a: Rillaboom\n|turn|20\n|l| nodogsaleystay\n|\n|t:|1700342367\n|switch|p1a: Staraptor|Staraptor, M|100\/100\n|move|p2a: Rillaboom|Grassy Glide|p1a: Staraptor\n|-resisted|p1a: Staraptor\n|-damage|p1a: Staraptor|58\/100\n|\n|upkeep\n|turn|21\n|j| nodogsaleystay\n|inactive|Alexander90281 has 120 seconds left.\n|inactive|Alexander90281 has 90 seconds left.\n|\n|t:|1700342428\n|switch|p2a: Zapdos|Zapdos|100\/100\n|move|p1a: Staraptor|Brave Bird|p2a: Zapdos\n|-resisted|p2a: Zapdos\n|-damage|p2a: Zapdos|63\/100\n|-damage|p1a: Staraptor|42\/100|[from] Recoil\n|\n|upkeep\n|turn|22\n|\n|t:|1700342436\n|switch|p1a: Ursaluna|Ursaluna, F|76\/100 brn\n|move|p2a: Zapdos|Hurricane|p1a: Ursaluna\n|-damage|p1a: Ursaluna|32\/100 brn\n|\n|-heal|p1a: Ursaluna|38\/100 brn|[from] Grassy Terrain\n|-damage|p1a: Ursaluna|32\/100 brn|[from] brn\n|upkeep\n|turn|23\n|\n|t:|1700342443\n|move|p2a: Zapdos|Hurricane|p1a: Ursaluna|[miss]\n|-miss|p2a: Zapdos|p1a: Ursaluna\n|move|p1a: Ursaluna|Facade|p2a: Zapdos\n|-damage|p2a: Zapdos|0 fnt\n|faint|p2a: Zapdos\n|\n|-heal|p1a: Ursaluna|38\/100 brn|[from] Grassy Terrain\n|-damage|p1a: Ursaluna|32\/100 brn|[from] brn\n|upkeep\n|\n|t:|1700342447\n|switch|p2a: Great Tusk|Great Tusk|44\/100\n|turn|24\n|\n|t:|1700342452\n|move|p2a: Great Tusk|Close Combat|p1a: Ursaluna\n|-supereffective|p1a: Ursaluna\n|-damage|p1a: Ursaluna|0 fnt\n|-unboost|p2a: Great Tusk|def|1\n|-unboost|p2a: Great Tusk|spd|1\n|faint|p1a: Ursaluna\n|\n|-heal|p2a: Great Tusk|51\/100|[from] Grassy Terrain\n|-fieldend|move: Grassy Terrain\n|upkeep\n|\n|t:|1700342455\n|switch|p1a: Staraptor|Staraptor, M|42\/100\n|turn|25\n|\n|t:|1700342458\n|move|p1a: Staraptor|Brave Bird|p2a: Great Tusk\n|-supereffective|p2a: Great Tusk\n|-damage|p2a: Great Tusk|0 fnt\n|faint|p2a: Great Tusk\n|-end|p2a: Great Tusk|Protosynthesis|[silent]\n|-damage|p1a: Staraptor|23\/100|[from] Recoil\n|\n|upkeep\n|\n|t:|1700342463\n|switch|p2a: Rillaboom|Rillaboom, M|100\/100\n|-fieldstart|move: Grassy Terrain|[from] ability: Grassy Surge|[of] p2a: Rillaboom\n|turn|26\n|j| mimkiug\n|inactive|Alexander90281 has 120 seconds left.\n|\n|t:|1700342495\n|move|p2a: Rillaboom|Grassy Glide|p1a: Staraptor\n|-resisted|p1a: Staraptor\n|-damage|p1a: Staraptor|0 fnt\n|faint|p1a: Staraptor\n|\n|win|JiR0k\n|n|\u2606Alexander90281|alexander90281\n|n|\u2606JiR0k|jir0k\n|n|*Lady Monita \u2746|ladymonita\n|n| Van Pyro|vanpyro\n|n| nodogsaleystay|nodogsaleystay\n|n| mimkiug|mimkiug\n|l|*Lady Monita \u2746\n","uploadtime":1700342499,"views":9,"p1id":"alexander90281","p2id":"jir0k","formatid":"gen9ou","rating":0,"private":0,"password":""}