{"id":"gen9ou-1988889062","p1":"turteTurt","p2":"Drewskyes","format":"[Gen 9] OU","log":"|j|\u2606turteTurt\n|j|\u2606Drewskyes\n|t:|1699781796\n|gametype|singles\n|player|p1|turteTurt|acetrainerf|1067\n|player|p2|Drewskyes|swimmerf-gen4|1035\n|teamsize|p1|6\n|teamsize|p2|6\n|gen|9\n|tier|[Gen 9] OU\n|rated|\n|rule|Sleep Clause Mod: Limit one foe put to sleep\n|rule|Species Clause: Limit one of each Pok\u00e9mon\n|rule|OHKO Clause: OHKO moves are banned\n|rule|Evasion Items Clause: Evasion items are banned\n|rule|Evasion Moves Clause: Evasion moves are banned\n|rule|Endless Battle Clause: Forcing endless battles is banned\n|rule|HP Percentage Mod: HP is shown in percentages\n|clearpoke\n|poke|p1|Torkoal, M|\n|poke|p1|Lilligant-Hisui, F|\n|poke|p1|Walking Wake|\n|poke|p1|Gholdengo|\n|poke|p1|Cinderace, M|\n|poke|p1|Hydreigon, M|\n|poke|p2|Eelektross, F|\n|poke|p2|Alomomola, M|\n|poke|p2|Ogerpon-Cornerstone, F|\n|poke|p2|Rotom-Heat|\n|poke|p2|Typhlosion, M|\n|poke|p2|Scyther, F|\n|teampreview\n|inactive|Battle timer is ON: inactive players will automatically lose when time's up. (requested by Drewskyes)\n|\n|t:|1699781799\n|start\n|switch|p1a: Torkoal|Torkoal, M|100\/100\n|switch|p2a: Ogerpon|Ogerpon-Cornerstone, F|100\/100\n|-weather|SunnyDay|[from] ability: Drought|[of] p1a: Torkoal\n|turn|1\n|\n|t:|1699781812\n|move|p2a: Ogerpon|Ivy Cudgel|p1a: Torkoal\n|-supereffective|p1a: Torkoal\n|-damage|p1a: Torkoal|6\/100\n|move|p1a: Torkoal|Stealth Rock|p2a: Ogerpon\n|-sidestart|p2: Drewskyes|move: Stealth Rock\n|\n|-weather|SunnyDay|[upkeep]\n|upkeep\n|turn|2\n|\n|t:|1699781820\n|move|p2a: Ogerpon|Knock Off|p1a: Torkoal\n|-damage|p1a: Torkoal|0 fnt\n|-enditem|p1a: Torkoal|Heat Rock|[from] move: Knock Off|[of] p2a: Ogerpon\n|faint|p1a: Torkoal\n|\n|-weather|SunnyDay|[upkeep]\n|upkeep\n|\n|t:|1699781833\n|switch|p1a: Lilligant|Lilligant-Hisui, F|100\/100\n|turn|3\n|\n|t:|1699781840\n|move|p1a: Lilligant|Victory Dance|p1a: Lilligant\n|-boost|p1a: Lilligant|atk|1\n|-boost|p1a: Lilligant|def|1\n|-boost|p1a: Lilligant|spe|1\n|move|p2a: Ogerpon|Ivy Cudgel|p1a: Lilligant\n|-resisted|p1a: Lilligant\n|-damage|p1a: Lilligant|70\/100\n|\n|-weather|SunnyDay|[upkeep]\n|upkeep\n|turn|4\n|\n|t:|1699781847\n|move|p1a: Lilligant|Victory Dance|p1a: Lilligant\n|-boost|p1a: Lilligant|atk|1\n|-boost|p1a: Lilligant|def|1\n|-boost|p1a: Lilligant|spe|1\n|move|p2a: Ogerpon|Ivy Cudgel|p1a: Lilligant\n|-resisted|p1a: Lilligant\n|-damage|p1a: Lilligant|47\/100\n|\n|-weather|SunnyDay|[upkeep]\n|upkeep\n|turn|5\n|\n|t:|1699781856\n|move|p1a: Lilligant|Victory Dance|p1a: Lilligant\n|-boost|p1a: Lilligant|atk|1\n|-boost|p1a: Lilligant|def|1\n|-boost|p1a: Lilligant|spe|1\n|move|p2a: Ogerpon|Ivy Cudgel|p1a: Lilligant\n|-resisted|p1a: Lilligant\n|-damage|p1a: Lilligant|28\/100\n|\n|-weather|SunnyDay|[upkeep]\n|upkeep\n|turn|6\n|\n|t:|1699781865\n|move|p1a: Lilligant|Close Combat|p2a: Ogerpon\n|-supereffective|p2a: Ogerpon\n|-ability|p2a: Ogerpon|Sturdy\n|-damage|p2a: Ogerpon|1\/100\n|-unboost|p1a: Lilligant|def|1\n|-unboost|p1a: Lilligant|spd|1\n|move|p2a: Ogerpon|Ivy Cudgel|p1a: Lilligant\n|-resisted|p1a: Lilligant\n|-damage|p1a: Lilligant|7\/100\n|\n|-weather|SunnyDay|[upkeep]\n|upkeep\n|turn|7\n|\n|t:|1699781881\n|move|p1a: Lilligant|Solar Blade||[still]\n|-prepare|p1a: Lilligant|Solar Blade\n|-anim|p1a: Lilligant|Solar Blade|p2a: Ogerpon\n|-damage|p2a: Ogerpon|0 fnt\n|faint|p2a: Ogerpon\n|\n|-weather|SunnyDay|[upkeep]\n|upkeep\n|\n|t:|1699781901\n|switch|p2a: Typhlosion|Typhlosion, M|100\/100\n|-damage|p2a: Typhlosion|76\/100|[from] Stealth Rock\n|turn|8\n|\n|t:|1699781907\n|move|p1a: Lilligant|Close Combat|p2a: Typhlosion\n|-damage|p2a: Typhlosion|0 fnt\n|-unboost|p1a: Lilligant|def|1\n|-unboost|p1a: Lilligant|spd|1\n|faint|p2a: Typhlosion\n|\n|-weather|none\n|upkeep\n|\n|t:|1699781917\n|switch|p2a: Eelektross|Eelektross, F|100\/100\n|-damage|p2a: Eelektross|88\/100|[from] Stealth Rock\n|turn|9\n|\n|t:|1699781921\n|move|p2a: Eelektross|Protect|p2a: Eelektross\n|-singleturn|p2a: Eelektross|Protect\n|move|p1a: Lilligant|Close Combat|p2a: Eelektross\n|-activate|p2a: Eelektross|move: Protect\n|\n|-heal|p2a: Eelektross|94\/100|[from] item: Leftovers\n|upkeep\n|turn|10\n|\n|t:|1699781928\n|move|p1a: Lilligant|Close Combat|p2a: Eelektross\n|-damage|p2a: Eelektross|0 fnt\n|-unboost|p1a: Lilligant|def|1\n|-unboost|p1a: Lilligant|spd|1\n|faint|p2a: Eelektross\n|\n|upkeep\n|\n|t:|1699781934\n|switch|p2a: Rotom|Rotom-Heat|100\/100\n|-damage|p2a: Rotom|76\/100|[from] Stealth Rock\n|turn|11\n|\n|t:|1699781939\n|-terastallize|p2a: Rotom|Ghost\n|move|p1a: Lilligant|Close Combat|p2a: Rotom\n|-immune|p2a: Rotom\n|move|p2a: Rotom|Discharge|p1a: Lilligant\n|-resisted|p1a: Lilligant\n|-damage|p1a: Lilligant|0 fnt\n|faint|p1a: Lilligant\n|\n|upkeep\n|\n|t:|1699781942\n|switch|p1a: Gholdengo|Gholdengo|100\/100\n|turn|12\n|\n|t:|1699781949\n|switch|p2a: Alomomola|Alomomola, M|100\/100\n|-damage|p2a: Alomomola|88\/100|[from] Stealth Rock\n|move|p1a: Gholdengo|Shadow Ball|p2a: Alomomola\n|-damage|p2a: Alomomola|39\/100\n|-unboost|p2a: Alomomola|spd|1\n|-enditem|p2a: Alomomola|Red Card|[of] p1a: Gholdengo\n|drag|p1a: Cinderace|Cinderace, M|100\/100\n|\n|upkeep\n|turn|13\n|\n|t:|1699781958\n|move|p1a: Cinderace|Sucker Punch||[still]\n|-fail|p1a: Cinderace\n|move|p2a: Alomomola|Wish|p2a: Alomomola\n|\n|upkeep\n|turn|14\n|\n|t:|1699781985\n|move|p1a: Cinderace|U-turn|p2a: Alomomola\n|-start|p1a: Cinderace|typechange|Bug|[from] ability: Libero\n|-damage|p2a: Alomomola|17\/100\n|\n|t:|1699781990\n|switch|p1a: Walking Wake|Walking Wake|100\/100|[from] U-turn\n|move|p2a: Alomomola|Acrobatics|p1a: Walking Wake\n|-damage|p1a: Walking Wake|73\/100\n|\n|-heal|p2a: Alomomola|67\/100|[from] move: Wish|[wisher] Alomomola\n|upkeep\n|turn|15\n|inactive|Drewskyes has 120 seconds left.\n|\n|t:|1699782018\n|move|p1a: Walking Wake|Draco Meteor|p2a: Alomomola\n|-damage|p2a: Alomomola|0 fnt\n|-unboost|p1a: Walking Wake|spa|2\n|faint|p2a: Alomomola\n|\n|upkeep\n|\n|t:|1699782021\n|switch|p2a: Rotom|Rotom-Heat, tera:Ghost|76\/100\n|-damage|p2a: Rotom|63\/100|[from] Stealth Rock\n|turn|16\n|\n|t:|1699782027\n|move|p2a: Rotom|Discharge|p1a: Walking Wake\n|-damage|p1a: Walking Wake|22\/100\n|move|p1a: Walking Wake|Draco Meteor|p2a: Rotom\n|-damage|p2a: Rotom|0 fnt\n|-unboost|p1a: Walking Wake|spa|2\n|faint|p2a: Rotom\n|\n|upkeep\n|\n|t:|1699782029\n|switch|p2a: Scyther|Scyther, F|100\/100\n|turn|17\n|\n|t:|1699782035\n|move|p1a: Walking Wake|Draco Meteor|p2a: Scyther\n|-crit|p2a: Scyther\n|-damage|p2a: Scyther|0 fnt\n|-unboost|p1a: Walking Wake|spa|2\n|faint|p2a: Scyther\n|\n|win|turteTurt\n|raw|turteTurt's rating: 1067 &rarr; <strong>1094<\/strong><br \/>(+27 for winning)\n|raw|Drewskyes's rating: 1035 &rarr; <strong>1021<\/strong><br \/>(-14 for losing)\n","uploadtime":1699782045,"views":18,"p1id":"turteturt","p2id":"drewskyes","formatid":"gen9ou","rating":1021,"private":0,"password":""}