{"id":"gen9ou-1995746569","p1":"VDivaster","p2":"Blank_Playe","format":"[Gen 9] OU","log":"|j|\u2606VDivaster\n|j|\u2606Blank_Playe\n|t:|1700599319\n|gametype|singles\n|player|p1|VDivaster|byron|1000\n|player|p2|Blank_Playe|1|1000\n|teamsize|p1|6\n|teamsize|p2|6\n|gen|9\n|tier|[Gen 9] OU\n|rated|\n|rule|Sleep Clause Mod: Limit one foe put to sleep\n|rule|Species Clause: Limit one of each Pok\u00e9mon\n|rule|OHKO Clause: OHKO moves are banned\n|rule|Evasion Items Clause: Evasion items are banned\n|rule|Evasion Moves Clause: Evasion moves are banned\n|rule|Endless Battle Clause: Forcing endless battles is banned\n|rule|HP Percentage Mod: HP is shown in percentages\n|clearpoke\n|poke|p1|Tornadus, M|\n|poke|p1|Kingambit, M|\n|poke|p1|Rotom-Wash|\n|poke|p1|Hatterene, F|\n|poke|p1|Amoonguss, F|\n|poke|p1|Arcanine-Hisui, M|\n|poke|p2|Arcanine, F|\n|poke|p2|Dragapult, M|\n|poke|p2|Great Tusk|\n|poke|p2|Greninja-*, M|\n|poke|p2|Munkidori, M|\n|poke|p2|Ursaluna, F|\n|teampreview\n|\n|t:|1700599328\n|start\n|switch|p1a: Tornadus|Tornadus, M|100\/100\n|switch|p2a: Good Monkey|Munkidori, M|100\/100\n|turn|1\n|\n|t:|1700599339\n|move|p2a: Good Monkey|Fake Out|p1a: Tornadus\n|-damage|p1a: Tornadus|89\/100\n|-status|p1a: Tornadus|tox|[from] ability: Toxic Chain|[of] p2a: Good Monkey\n|cant|p1a: Tornadus|flinch\n|\n|-damage|p1a: Tornadus|83\/100 tox|[from] psn\n|upkeep\n|turn|2\n|\n|t:|1700599348\n|move|p1a: Tornadus|Tailwind|p1a: Tornadus\n|-sidestart|p1: VDivaster|move: Tailwind\n|move|p2a: Good Monkey|Poison Jab|p1a: Tornadus\n|-damage|p1a: Tornadus|52\/100 tox\n|\n|-damage|p1a: Tornadus|40\/100 tox|[from] psn\n|upkeep\n|turn|3\n|\n|t:|1700599386\n|switch|p1a: Arcanine|Arcanine-Hisui, M|100\/100\n|move|p2a: Good Monkey|Fake Out||[still]\n|-hint|Fake Out only works on your first turn out.\n|-fail|p2a: Good Monkey\n|\n|upkeep\n|turn|4\n|\n|t:|1700599430\n|move|p1a: Arcanine|Head Smash|p2a: Good Monkey\n|-damage|p2a: Good Monkey|0 fnt\n|-damage|p1a: Arcanine|84\/100|[from] item: Rocky Helmet|[of] p2a: Good Monkey\n|faint|p2a: Good Monkey\n|\n|upkeep\n|\n|t:|1700599437\n|switch|p2a: Good Frog|Greninja, M|100\/100\n|turn|5\n|\n|t:|1700599462\n|switch|p1a: Amoonguss|Amoonguss, F|100\/100\n|move|p2a: Good Frog|Water Shuriken|p1a: Amoonguss\n|-resisted|p1a: Amoonguss\n|-damage|p1a: Amoonguss|98\/100\n|-resisted|p1a: Amoonguss\n|-damage|p1a: Amoonguss|95\/100\n|-resisted|p1a: Amoonguss\n|-damage|p1a: Amoonguss|93\/100\n|-resisted|p1a: Amoonguss\n|-damage|p1a: Amoonguss|90\/100\n|-hitcount|p1a: Amoonguss|4\n|\n|-heal|p1a: Amoonguss|97\/100|[from] item: Black Sludge\n|-sideend|p1: VDivaster|move: Tailwind\n|upkeep\n|turn|6\n|\n|t:|1700599477\n|move|p2a: Good Frog|U-turn|p1a: Amoonguss\n|-damage|p1a: Amoonguss|81\/100\n|\n|t:|1700599483\n|switch|p2a: Good Boii|Arcanine, F|100\/100|[from] U-turn\n|-ability|p2a: Good Boii|Intimidate|boost\n|-unboost|p1a: Amoonguss|atk|1\n|move|p1a: Amoonguss|Toxic|p2a: Good Boii\n|-status|p2a: Good Boii|tox\n|\n|-heal|p1a: Amoonguss|87\/100|[from] item: Black Sludge\n|-damage|p2a: Good Boii|94\/100 tox|[from] psn\n|upkeep\n|turn|7\n|\n|t:|1700599497\n|move|p2a: Good Boii|Flare Blitz|p1a: Amoonguss\n|-supereffective|p1a: Amoonguss\n|-damage|p1a: Amoonguss|0 fnt\n|faint|p1a: Amoonguss\n|-damage|p2a: Good Boii|57\/100 tox|[from] Recoil\n|-damage|p2a: Good Boii|47\/100 tox|[from] item: Life Orb\n|\n|-damage|p2a: Good Boii|34\/100 tox|[from] psn\n|upkeep\n|\n|t:|1700599507\n|switch|p1a: Arcanine|Arcanine-Hisui, M|84\/100\n|turn|8\n|\n|t:|1700599513\n|switch|p2a: Good Frog|Greninja, M|100\/100\n|move|p1a: Arcanine|Head Smash|p2a: Good Frog\n|-crit|p2a: Good Frog\n|-damage|p2a: Good Frog|0 fnt\n|faint|p2a: Good Frog\n|\n|upkeep\n|\n|t:|1700599519\n|switch|p2a: Good bear|Ursaluna, F|100\/100\n|turn|9\n|\n|t:|1700599534\n|switch|p1a: Rotom|Rotom-Wash|100\/100\n|move|p2a: Good bear|Bulk Up|p2a: Good bear\n|-boost|p2a: Good bear|atk|1\n|-boost|p2a: Good bear|def|1\n|\n|-status|p2a: Good bear|brn|[from] item: Flame Orb\n|upkeep\n|turn|10\n|\n|t:|1700599554\n|move|p1a: Rotom|Hydro Pump|p2a: Good bear\n|-supereffective|p2a: Good bear\n|-damage|p2a: Good bear|29\/100 brn\n|move|p2a: Good bear|Roar|p1a: Rotom\n|drag|p1a: Hatterene|Hatterene, F|100\/100\n|\n|-damage|p2a: Good bear|23\/100 brn|[from] brn\n|upkeep\n|turn|11\n|\n|t:|1700599579\n|switch|p1a: Tornadus|Tornadus, M|40\/100 tox\n|move|p2a: Good bear|Headlong Rush|p1a: Tornadus\n|-immune|p1a: Tornadus\n|\n|-damage|p1a: Tornadus|34\/100 tox|[from] psn\n|-damage|p2a: Good bear|16\/100 brn|[from] brn\n|upkeep\n|turn|12\n|\n|t:|1700599593\n|move|p1a: Tornadus|Air Slash|p2a: Good bear\n|-damage|p2a: Good bear|0 fnt\n|faint|p2a: Good bear\n|\n|-damage|p1a: Tornadus|22\/100 tox|[from] psn\n|upkeep\n|-enditem|p1a: Tornadus|Aguav Berry|[eat]\n|-heal|p1a: Tornadus|55\/100 tox|[from] item: Aguav Berry\n|\n|t:|1700599602\n|switch|p2a: Good Lizard|Dragapult, M|100\/100\n|turn|13\n|\n|t:|1700599610\n|move|p1a: Tornadus|Tailwind|p1a: Tornadus\n|-sidestart|p1: VDivaster|move: Tailwind\n|move|p2a: Good Lizard|Disable|p1a: Tornadus\n|-start|p1a: Tornadus|Disable|Tailwind\n|\n|-damage|p1a: Tornadus|37\/100 tox|[from] psn\n|upkeep\n|turn|14\n|\n|t:|1700599622\n|move|p1a: Tornadus|U-turn|p2a: Good Lizard\n|-resisted|p2a: Good Lizard\n|-damage|p2a: Good Lizard|92\/100\n|\n|t:|1700599625\n|switch|p1a: Hatterene|Hatterene, F|100\/100|[from] U-turn\n|move|p2a: Good Lizard|Dragon Dance|p2a: Good Lizard\n|-boost|p2a: Good Lizard|atk|1\n|-boost|p2a: Good Lizard|spe|1\n|\n|upkeep\n|turn|15\n|\n|t:|1700599634\n|move|p2a: Good Lizard|U-turn|p1a: Hatterene\n|-damage|p1a: Hatterene|57\/100\n|\n|t:|1700599637\n|switch|p2a: Good Elephant|Great Tusk|100\/100|[from] U-turn\n|-enditem|p2a: Good Elephant|Booster Energy\n|-activate|p2a: Good Elephant|ability: Protosynthesis|[fromitem]\n|-start|p2a: Good Elephant|protosynthesisatk\n|move|p1a: Hatterene|Draining Kiss|p2a: Good Elephant\n|-supereffective|p2a: Good Elephant\n|-damage|p2a: Good Elephant|24\/100\n|-heal|p1a: Hatterene|100\/100|[from] drain|[of] p2a: Good Elephant\n|\n|upkeep\n|turn|16\n|\n|t:|1700599652\n|move|p2a: Good Elephant|Earthquake|p1a: Hatterene\n|-damage|p1a: Hatterene|19\/100\n|move|p1a: Hatterene|Draining Kiss|p2a: Good Elephant\n|-supereffective|p2a: Good Elephant\n|-damage|p2a: Good Elephant|0 fnt\n|-heal|p1a: Hatterene|45\/100|[from] drain|[of] p2a: Good Elephant\n|faint|p2a: Good Elephant\n|-end|p2a: Good Elephant|Protosynthesis|[silent]\n|\n|-sideend|p1: VDivaster|move: Tailwind\n|upkeep\n|\n|t:|1700599660\n|switch|p2a: Good Lizard|Dragapult, M|92\/100\n|turn|17\n|\n|t:|1700599665\n|move|p2a: Good Lizard|U-turn|p1a: Hatterene\n|-damage|p1a: Hatterene|16\/100\n|\n|t:|1700599670\n|switch|p2a: Good Boii|Arcanine, F|34\/100 tox|[from] U-turn\n|-ability|p2a: Good Boii|Intimidate|boost\n|-unboost|p1a: Hatterene|atk|1\n|move|p1a: Hatterene|Draining Kiss|p2a: Good Boii\n|-resisted|p2a: Good Boii\n|-damage|p2a: Good Boii|17\/100 tox\n|-heal|p1a: Hatterene|30\/100|[from] drain|[of] p2a: Good Boii\n|\n|-damage|p2a: Good Boii|11\/100 tox|[from] psn\n|upkeep\n|turn|18\n|\n|t:|1700599685\n|switch|p1a: Rotom|Rotom-Wash|100\/100\n|move|p2a: Good Boii|Fire Blast|p1a: Rotom\n|-resisted|p1a: Rotom\n|-damage|p1a: Rotom|80\/100\n|-damage|p2a: Good Boii|1\/100 tox|[from] item: Life Orb\n|\n|-heal|p1a: Rotom|86\/100|[from] item: Leftovers\n|-damage|p2a: Good Boii|0 fnt|[from] psn\n|faint|p2a: Good Boii\n|upkeep\n|\n|t:|1700599695\n|switch|p2a: Good Lizard|Dragapult, M|92\/100\n|turn|19\n|\n|t:|1700599702\n|move|p2a: Good Lizard|Dragon Darts|p1a: Rotom\n|-damage|p1a: Rotom|61\/100\n|-anim|p2a: Good Lizard|Dragon Darts|p1a: Rotom\n|-damage|p1a: Rotom|35\/100\n|move|p1a: Rotom|Will-O-Wisp|p2a: Good Lizard\n|-status|p2a: Good Lizard|brn\n|\n|-heal|p1a: Rotom|41\/100|[from] item: Leftovers\n|-damage|p2a: Good Lizard|85\/100 brn|[from] brn\n|upkeep\n|turn|20\n|\n|t:|1700599715\n|move|p2a: Good Lizard|U-turn|p1a: Rotom\n|-damage|p1a: Rotom|30\/100\n|move|p1a: Rotom|Light Screen|p1a: Rotom\n|-sidestart|p1: VDivaster|move: Light Screen\n|\n|-heal|p1a: Rotom|36\/100|[from] item: Leftovers\n|-damage|p2a: Good Lizard|79\/100 brn|[from] brn\n|upkeep\n|turn|21\n|\n|t:|1700599723\n|move|p2a: Good Lizard|Dragon Darts|p1a: Rotom\n|-damage|p1a: Rotom|24\/100\n|-anim|p2a: Good Lizard|Dragon Darts|p1a: Rotom\n|-damage|p1a: Rotom|12\/100\n|move|p1a: Rotom|Volt Switch|p2a: Good Lizard\n|-resisted|p2a: Good Lizard\n|-damage|p2a: Good Lizard|66\/100 brn\n|-start|p1a: Rotom|Disable|Volt Switch|[from] ability: Cursed Body|[of] p2a: Good Lizard\n|\n|t:|1700599736\n|switch|p1a: Hatterene|Hatterene, F|30\/100|[from] Volt Switch\n|\n|-damage|p2a: Good Lizard|60\/100 brn|[from] brn\n|upkeep\n|turn|22\n|\n|t:|1700599743\n|move|p2a: Good Lizard|U-turn|p1a: Hatterene\n|-damage|p1a: Hatterene|15\/100\n|move|p1a: Hatterene|Draining Kiss|p2a: Good Lizard\n|-supereffective|p2a: Good Lizard\n|-enditem|p2a: Good Lizard|Roseli Berry|[eat]\n|-enditem|p2a: Good Lizard|Roseli Berry|[weaken]\n|-damage|p2a: Good Lizard|28\/100 brn\n|-heal|p1a: Hatterene|46\/100|[from] drain|[of] p2a: Good Lizard\n|\n|-damage|p2a: Good Lizard|22\/100 brn|[from] brn\n|upkeep\n|turn|23\n|\n|t:|1700599757\n|move|p2a: Good Lizard|Disable|p1a: Hatterene\n|move|p1a: Hatterene|Disable|p2a: Good Lizard|[from]ability: Magic Bounce\n|-start|p2a: Good Lizard|Disable|Disable\n|move|p1a: Hatterene|Draining Kiss|p2a: Good Lizard\n|-supereffective|p2a: Good Lizard\n|-damage|p2a: Good Lizard|0 fnt\n|-heal|p1a: Hatterene|67\/100|[from] drain|[of] p2a: Good Lizard\n|-start|p1a: Hatterene|Disable|Draining Kiss|[from] ability: Cursed Body|[of] p2a: Good Lizard\n|faint|p2a: Good Lizard\n|\n|win|VDivaster\n|raw|VDivaster's rating: 1000 &rarr; <strong>1040<\/strong><br \/>(+40 for winning)\n|raw|Blank_Playe's rating: 1000 &rarr; <strong>1000<\/strong><br \/>(+0 for losing)\n|l|\u2606Blank_Playe\n","uploadtime":1700599778,"views":9,"p1id":"vdivaster","p2id":"blankplaye","formatid":"gen9ou","rating":1000,"private":0,"password":""}