{"id":"gen9ou-2000180923","p1":"tom-bomb117","p2":"OU mother","format":"[Gen 9] OU","log":"|j|\u2606tom-bomb117\n|j|\u2606OU mother\n|t:|1701168354\n|gametype|singles\n|player|p1|tom-bomb117|102|1081\n|player|p2|OU mother|mom-alola|1125\n|teamsize|p1|6\n|teamsize|p2|6\n|gen|9\n|tier|[Gen 9] OU\n|rated|\n|rule|Sleep Clause Mod: Limit one foe put to sleep\n|rule|Species Clause: Limit one of each Pok\u00e9mon\n|rule|OHKO Clause: OHKO moves are banned\n|rule|Evasion Items Clause: Evasion items are banned\n|rule|Evasion Moves Clause: Evasion moves are banned\n|rule|Endless Battle Clause: Forcing endless battles is banned\n|rule|HP Percentage Mod: HP is shown in percentages\n|clearpoke\n|poke|p1|Cinderace, F|\n|poke|p1|Glimmora, F|\n|poke|p1|Greninja-*, F|\n|poke|p1|Ambipom, M|\n|poke|p1|Zangoose, F|\n|poke|p1|Heracross, M|\n|poke|p2|Landorus-Therian, M|\n|poke|p2|Cinderace, F|\n|poke|p2|Sinistcha-Masterpiece|\n|poke|p2|Iron Valiant|\n|poke|p2|Alomomola, F|\n|poke|p2|Clefable, M|\n|teampreview\n|inactive|Battle timer is ON: inactive players will automatically lose when time's up. (requested by OU mother)\n|inactive|OU mother has 120 seconds left.\n|\n|t:|1701168396\n|start\n|switch|p1a: Glimmora|Glimmora, F|100\/100\n|switch|p2a: Back to OU|Landorus-Therian, M|100\/100\n|-ability|p2a: Back to OU|Intimidate|boost\n|-unboost|p1a: Glimmora|atk|1\n|turn|1\n|\n|t:|1701168406\n|move|p2a: Back to OU|Earthquake|p1a: Glimmora\n|-supereffective|p1a: Glimmora\n|-damage|p1a: Glimmora|0 fnt\n|-activate|p1a: Glimmora|ability: Toxic Debris\n|-sidestart|p2: OU mother|move: Toxic Spikes\n|faint|p1a: Glimmora\n|\n|upkeep\n|\n|t:|1701168414\n|switch|p1a: Cinderace|Cinderace, F|100\/100\n|turn|2\n|\n|t:|1701168422\n|move|p1a: Cinderace|Court Change|p1a: Cinderace\n|-start|p1a: Cinderace|typechange|Normal|[from] ability: Libero\n|-swapsideconditions\n|-activate|p1a: Cinderace|move: Court Change\n|move|p2a: Back to OU|Bulk Up|p2a: Back to OU\n|-boost|p2a: Back to OU|atk|1\n|-boost|p2a: Back to OU|def|1\n|\n|upkeep\n|turn|3\n|\n|t:|1701168431\n|move|p1a: Cinderace|Pyro Ball|p2a: Back to OU|[miss]\n|-miss|p1a: Cinderace|p2a: Back to OU\n|move|p2a: Back to OU|Earthquake|p1a: Cinderace\n|-crit|p1a: Cinderace\n|-enditem|p1a: Cinderace|Focus Sash\n|-damage|p1a: Cinderace|1\/100\n|\n|upkeep\n|turn|4\n|\n|t:|1701168438\n|move|p1a: Cinderace|Pyro Ball|p2a: Back to OU|[miss]\n|-miss|p1a: Cinderace|p2a: Back to OU\n|move|p2a: Back to OU|Smack Down|p1a: Cinderace\n|-damage|p1a: Cinderace|0 fnt\n|faint|p1a: Cinderace\n|\n|upkeep\n|c|\u2606tom-bomb117|man\n|\n|t:|1701168453\n|switch|p1a: Zangoose|Zangoose, F, shiny|100\/100\n|-status|p1a: Zangoose|psn\n|turn|5\n|\n|t:|1701168465\n|move|p1a: Zangoose|Ice Punch|p2a: Back to OU\n|-supereffective|p2a: Back to OU\n|-damage|p2a: Back to OU|32\/100\n|move|p2a: Back to OU|Earthquake|p1a: Zangoose\n|-damage|p1a: Zangoose|0 fnt\n|faint|p1a: Zangoose\n|\n|upkeep\n|\n|t:|1701168473\n|switch|p1a: Ambipom|Ambipom, M|100\/100\n|-status|p1a: Ambipom|psn\n|turn|6\n|\n|t:|1701168478\n|move|p1a: Ambipom|Fake Out|p2a: Back to OU\n|-damage|p2a: Back to OU|18\/100\n|cant|p2a: Back to OU|flinch\n|\n|-damage|p1a: Ambipom|88\/100 psn|[from] psn\n|upkeep\n|turn|7\n|\n|t:|1701168488\n|switch|p2a: Demon|Alomomola, F|100\/100\n|move|p1a: Ambipom|Double Hit|p2a: Demon\n|-damage|p2a: Demon|85\/100\n|-damage|p2a: Demon|67\/100\n|-hitcount|p2a: Demon|2\n|\n|-heal|p2a: Demon|73\/100|[from] item: Leftovers\n|-damage|p1a: Ambipom|76\/100 psn|[from] psn\n|upkeep\n|turn|8\n|\n|t:|1701168504\n|move|p1a: Ambipom|Knock Off|p2a: Demon\n|-damage|p2a: Demon|55\/100\n|-enditem|p2a: Demon|Leftovers|[from] move: Knock Off|[of] p1a: Ambipom\n|move|p2a: Demon|Flip Turn|p1a: Ambipom\n|-damage|p1a: Ambipom|49\/100 psn\n|\n|t:|1701168510\n|switch|p2a: Mega Man|Iron Valiant|100\/100|[from] Flip Turn\n|\n|-damage|p1a: Ambipom|37\/100 psn|[from] psn\n|upkeep\n|turn|9\n|\n|t:|1701168516\n|move|p2a: Mega Man|Aura Sphere|p1a: Ambipom\n|-supereffective|p1a: Ambipom\n|-damage|p1a: Ambipom|0 fnt\n|faint|p1a: Ambipom\n|\n|upkeep\n|\n|t:|1701168521\n|switch|p1a: Heracross|Heracross, M|100\/100\n|-status|p1a: Heracross|psn\n|turn|10\n|\n|t:|1701168539\n|-end|p2a: Mega Man|Quark Drive|[silent]\n|switch|p2a: Demon|Alomomola, F|88\/100\n|-terastallize|p1a: Heracross|Bug\n|move|p1a: Heracross|Pin Missile|p2a: Demon\n|-damage|p2a: Demon|73\/100\n|-damage|p2a: Demon|58\/100\n|-damage|p2a: Demon|43\/100\n|-damage|p2a: Demon|27\/100\n|-hitcount|p2a: Demon|4\n|\n|-damage|p1a: Heracross|88\/100 psn|[from] psn\n|upkeep\n|turn|11\n|\n|t:|1701168554\n|switch|p2a: Funny bunny|Cinderace, F|100\/100\n|move|p1a: Heracross|Pin Missile|p2a: Funny bunny\n|-resisted|p2a: Funny bunny\n|-damage|p2a: Funny bunny|83\/100\n|-resisted|p2a: Funny bunny\n|-damage|p2a: Funny bunny|65\/100\n|-resisted|p2a: Funny bunny\n|-damage|p2a: Funny bunny|46\/100\n|-resisted|p2a: Funny bunny\n|-damage|p2a: Funny bunny|27\/100\n|-resisted|p2a: Funny bunny\n|-damage|p2a: Funny bunny|7\/100\n|-hitcount|p2a: Funny bunny|5\n|\n|-damage|p1a: Heracross|76\/100 psn|[from] psn\n|upkeep\n|turn|12\n|\n|t:|1701168574\n|switch|p1a: Greninja|Greninja, F|100\/100\n|-status|p1a: Greninja|psn\n|move|p2a: Funny bunny|Pyro Ball|p1a: Greninja\n|-resisted|p1a: Greninja\n|-damage|p1a: Greninja|56\/100 psn\n|\n|-damage|p1a: Greninja|44\/100 psn|[from] psn\n|upkeep\n|turn|13\n|inactive|OU mother has 120 seconds left.\n|\n|t:|1701168591\n|switch|p2a: Nightmare|Clefable, M|100\/100\n|move|p1a: Greninja|Acrobatics|p2a: Nightmare\n|-start|p1a: Greninja|typechange|Flying|[from] ability: Protean\n|-damage|p2a: Nightmare|71\/100\n|\n|-damage|p1a: Greninja|31\/100 psn|[from] psn\n|upkeep\n|turn|14\n|\n|t:|1701168600\n|switch|p1a: Heracross|Heracross, M, tera:Bug|76\/100 psn\n|move|p2a: Nightmare|Draining Kiss|p1a: Heracross\n|-damage|p1a: Heracross|41\/100 psn\n|-heal|p2a: Nightmare|93\/100|[from] drain|[of] p1a: Heracross\n|\n|-damage|p1a: Heracross|29\/100 psn|[from] psn\n|upkeep\n|turn|15\n|\n|t:|1701168616\n|move|p1a: Heracross|Rock Blast|p2a: Nightmare\n|-damage|p2a: Nightmare|77\/100\n|-damage|p2a: Nightmare|61\/100\n|-damage|p2a: Nightmare|46\/100\n|-damage|p2a: Nightmare|32\/100\n|-damage|p2a: Nightmare|17\/100\n|-hitcount|p2a: Nightmare|5\n|move|p2a: Nightmare|Draining Kiss|p1a: Heracross\n|-damage|p1a: Heracross|0 fnt\n|-heal|p2a: Nightmare|35\/100|[from] drain|[of] p1a: Heracross\n|faint|p1a: Heracross\n|\n|upkeep\n|\n|t:|1701168625\n|switch|p1a: Greninja|Greninja, F|31\/100 psn\n|turn|16\n|-message|tom-bomb117 forfeited.\n|\n|win|OU mother\n|raw|tom-bomb117's rating: 1081 &rarr; <strong>1062<\/strong><br \/>(-19 for losing)\n|raw|OU mother's rating: 1125 &rarr; <strong>1147<\/strong><br \/>(+22 for winning)\n|l|\u2606tom-bomb117\n","uploadtime":1701168648,"views":6,"p1id":"tombomb117","p2id":"oumother","formatid":"gen9ou","rating":1062,"private":0,"password":""}