{"id":"gen9ou-1994429867","p1":"noosyant","p2":"Joker040921","format":"[Gen 9] OU","log":"|j|\u2606noosyant\n|j|\u2606Joker040921\n|t:|1700443013\n|gametype|singles\n|player|p1|noosyant|266|1117\n|player|p2|Joker040921|169|1064\n|teamsize|p1|6\n|teamsize|p2|6\n|gen|9\n|tier|[Gen 9] OU\n|rated|\n|rule|Sleep Clause Mod: Limit one foe put to sleep\n|rule|Species Clause: Limit one of each Pok\u00e9mon\n|rule|OHKO Clause: OHKO moves are banned\n|rule|Evasion Items Clause: Evasion items are banned\n|rule|Evasion Moves Clause: Evasion moves are banned\n|rule|Endless Battle Clause: Forcing endless battles is banned\n|rule|HP Percentage Mod: HP is shown in percentages\n|clearpoke\n|poke|p1|Ribombee, F|\n|poke|p1|Grimmsnarl, M|\n|poke|p1|Great Tusk|\n|poke|p1|Dragonite, F|\n|poke|p1|Gholdengo|\n|poke|p1|Rillaboom, M|\n|poke|p2|Great Tusk|\n|poke|p2|Iron Valiant|\n|poke|p2|Glimmora, M|\n|poke|p2|Gholdengo|\n|poke|p2|Moltres|\n|poke|p2|Sandy Shocks|\n|teampreview\n|inactive|Battle timer is ON: inactive players will automatically lose when time's up. (requested by noosyant)\n|\n|t:|1700443040\n|start\n|switch|p1a: Grimmsnarl|Grimmsnarl, M, shiny|100\/100\n|switch|p2a: Glimmora|Glimmora, M|100\/100\n|turn|1\n|\n|t:|1700443057\n|move|p1a: Grimmsnarl|Taunt|p2a: Glimmora\n|-start|p2a: Glimmora|move: Taunt\n|move|p2a: Glimmora|Mortal Spin|p1a: Grimmsnarl\n|-supereffective|p1a: Grimmsnarl\n|-damage|p1a: Grimmsnarl|88\/100\n|-status|p1a: Grimmsnarl|psn\n|\n|-damage|p1a: Grimmsnarl|75\/100 psn|[from] psn\n|upkeep\n|turn|2\n|\n|t:|1700443072\n|move|p1a: Grimmsnarl|Reflect|p1a: Grimmsnarl\n|-sidestart|p1: noosyant|Reflect\n|move|p2a: Glimmora|Sludge Wave|p1a: Grimmsnarl\n|-supereffective|p1a: Grimmsnarl\n|-damage|p1a: Grimmsnarl|0 fnt\n|faint|p1a: Grimmsnarl\n|\n|upkeep\n|\n|t:|1700443082\n|switch|p1a: Gholdengo|Gholdengo|100\/100\n|turn|3\n|\n|t:|1700443104\n|switch|p2a: Moltres|Moltres|100\/100\n|move|p1a: Gholdengo|Substitute|p1a: Gholdengo\n|-start|p1a: Gholdengo|Substitute\n|-damage|p1a: Gholdengo|75\/100\n|\n|upkeep\n|turn|4\n|\n|t:|1700443114\n|move|p2a: Moltres|Fire Blast|p1a: Gholdengo\n|-supereffective|p1a: Gholdengo\n|-end|p1a: Gholdengo|Substitute\n|move|p1a: Gholdengo|Nasty Plot|p1a: Gholdengo\n|-boost|p1a: Gholdengo|spa|2\n|\n|upkeep\n|turn|5\n|\n|t:|1700443125\n|move|p2a: Moltres|Fire Blast|p1a: Gholdengo\n|-supereffective|p1a: Gholdengo\n|-damage|p1a: Gholdengo|0 fnt\n|faint|p1a: Gholdengo\n|\n|upkeep\n|\n|t:|1700443132\n|switch|p1a: Dragonite|Dragonite, F|100\/100\n|turn|6\n|\n|t:|1700443137\n|move|p2a: Moltres|U-turn|p1a: Dragonite\n|-resisted|p1a: Dragonite\n|-damage|p1a: Dragonite|99\/100\n|\n|t:|1700443144\n|switch|p2a: Glimmora|Glimmora, M|100\/100|[from] U-turn\n|move|p1a: Dragonite|Dragon Dance|p1a: Dragonite\n|-boost|p1a: Dragonite|atk|1\n|-boost|p1a: Dragonite|spe|1\n|\n|upkeep\n|turn|7\n|\n|t:|1700443154\n|move|p1a: Dragonite|Ice Spinner|p2a: Glimmora\n|-crit|p2a: Glimmora\n|-damage|p2a: Glimmora|20\/100\n|-activate|p2a: Glimmora|ability: Toxic Debris\n|-sidestart|p1: noosyant|move: Toxic Spikes\n|move|p2a: Glimmora|Mortal Spin|p1a: Dragonite\n|-damage|p1a: Dragonite|96\/100\n|-status|p1a: Dragonite|psn\n|\n|-damage|p1a: Dragonite|83\/100 psn|[from] psn\n|upkeep\n|turn|8\n|\n|t:|1700443165\n|move|p1a: Dragonite|Ice Spinner|p2a: Glimmora\n|-damage|p2a: Glimmora|0 fnt\n|-activate|p2a: Glimmora|ability: Toxic Debris\n|-sidestart|p1: noosyant|move: Toxic Spikes\n|faint|p2a: Glimmora\n|\n|-damage|p1a: Dragonite|71\/100 psn|[from] psn\n|upkeep\n|\n|t:|1700443183\n|switch|p2a: Moltres|Moltres|100\/100\n|turn|9\n|\n|t:|1700443192\n|move|p1a: Dragonite|Extreme Speed|p2a: Moltres\n|-damage|p2a: Moltres|47\/100\n|move|p2a: Moltres|Hurricane|p1a: Dragonite\n|-damage|p1a: Dragonite|10\/100 psn\n|\n|-heal|p2a: Moltres|54\/100|[from] item: Leftovers\n|-damage|p1a: Dragonite|0 fnt|[from] psn\n|faint|p1a: Dragonite\n|-sideend|p1: noosyant|Reflect\n|upkeep\n|\n|t:|1700443203\n|switch|p1a: Ribombee|Ribombee, F|100\/100\n|-status|p1a: Ribombee|tox\n|turn|10\n|inactive|Joker040921 has 120 seconds left.\n|\n|t:|1700443245\n|-terastallize|p1a: Ribombee|Fire\n|move|p1a: Ribombee|Quiver Dance|p1a: Ribombee\n|-boost|p1a: Ribombee|spa|1\n|-boost|p1a: Ribombee|spd|1\n|-boost|p1a: Ribombee|spe|1\n|move|p2a: Moltres|Fire Blast|p1a: Ribombee\n|-resisted|p1a: Ribombee\n|-damage|p1a: Ribombee|75\/100 tox\n|\n|-heal|p2a: Moltres|60\/100|[from] item: Leftovers\n|-damage|p1a: Ribombee|69\/100 tox|[from] psn\n|upkeep\n|turn|11\n|\n|t:|1700443260\n|move|p1a: Ribombee|Draining Kiss|p2a: Moltres\n|-resisted|p2a: Moltres\n|-damage|p2a: Moltres|39\/100\n|-heal|p1a: Ribombee|85\/100 tox|[from] drain|[of] p2a: Moltres\n|-damage|p1a: Ribombee|75\/100 tox|[from] item: Life Orb\n|move|p2a: Moltres|Hurricane|p1a: Ribombee\n|-damage|p1a: Ribombee|22\/100 tox\n|\n|-heal|p2a: Moltres|46\/100|[from] item: Leftovers\n|-damage|p1a: Ribombee|10\/100 tox|[from] psn\n|upkeep\n|turn|12\n|\n|t:|1700443279\n|move|p1a: Ribombee|Stored Power|p2a: Moltres\n|-damage|p2a: Moltres|1\/100\n|-damage|p1a: Ribombee|0 fnt|[from] item: Life Orb\n|faint|p1a: Ribombee\n|move|p2a: Moltres|U-turn|p1: Ribombee|[notarget]\n|-fail|p2a: Moltres\n|\n|-heal|p2a: Moltres|7\/100|[from] item: Leftovers\n|upkeep\n|-message|noosyant forfeited.\n|\n|win|Joker040921\n|raw|noosyant's rating: 1117 &rarr; <strong>1088<\/strong><br \/>(-29 for losing)\n|raw|Joker040921's rating: 1064 &rarr; <strong>1099<\/strong><br \/>(+35 for winning)\n|l|\u2606noosyant\n","uploadtime":1700443294,"views":16,"p1id":"noosyant","p2id":"joker040921","formatid":"gen9ou","rating":1088,"private":0,"password":""}