{"id":"gen9ou-1989473100","p1":"CHUNTomChan","p2":"Aggron","format":"[Gen 9] OU","log":"|j|\u2606CHUNTomChan\n|j|\u2606Aggron\n|t:|1699856150\n|gametype|singles\n|player|p1|CHUNTomChan|lucas-gen4pt|1585\n|player|p2|Aggron|pokefan-gen4|1781\n|teamsize|p1|6\n|teamsize|p2|6\n|gen|9\n|tier|[Gen 9] OU\n|rated|\n|rule|Sleep Clause Mod: Limit one foe put to sleep\n|rule|Species Clause: Limit one of each Pok\u00e9mon\n|rule|OHKO Clause: OHKO moves are banned\n|rule|Evasion Items Clause: Evasion items are banned\n|rule|Evasion Moves Clause: Evasion moves are banned\n|rule|Endless Battle Clause: Forcing endless battles is banned\n|rule|HP Percentage Mod: HP is shown in percentages\n|clearpoke\n|poke|p1|Kingambit, M|\n|poke|p1|Glimmora, F|\n|poke|p1|Zamazenta-*|\n|poke|p1|Iron Valiant|\n|poke|p1|Iron Moth|\n|poke|p1|Ogerpon-Wellspring, F|\n|poke|p2|Sinistcha-Masterpiece|\n|poke|p2|Tyranitar, F|\n|poke|p2|Heatran, F|\n|poke|p2|Rillaboom, F|\n|poke|p2|Sneasler, F|\n|poke|p2|Samurott-Hisui, M|\n|teampreview\n|inactive|Battle timer is ON: inactive players will automatically lose when time's up. (requested by Aggron)\n|\n|t:|1699856171\n|start\n|switch|p1a: Glimmora|Glimmora, F|100\/100\n|switch|p2a: Sneasler|Sneasler, F|100\/100\n|turn|1\n|\n|t:|1699856181\n|move|p2a: Sneasler|Fake Out|p1a: Glimmora\n|-resisted|p1a: Glimmora\n|-damage|p1a: Glimmora|92\/100\n|-activate|p1a: Glimmora|ability: Toxic Debris\n|-sidestart|p2: Aggron|move: Toxic Spikes\n|cant|p1a: Glimmora|flinch\n|\n|upkeep\n|turn|2\n|j| ctlh\n|\n|t:|1699856189\n|switch|p2a: Heatran|Heatran, F|100\/100\n|-item|p2a: Heatran|Air Balloon\n|move|p1a: Glimmora|Earth Power|p2a: Heatran\n|-immune|p2a: Heatran\n|\n|upkeep\n|turn|3\n|\n|t:|1699856198\n|move|p1a: Glimmora|Power Gem|p2a: Heatran\n|-damage|p2a: Heatran|60\/100\n|-enditem|p2a: Heatran|Air Balloon\n|move|p2a: Heatran|Stealth Rock|p1a: Glimmora\n|-sidestart|p1: CHUNTomChan|move: Stealth Rock\n|\n|upkeep\n|turn|4\n|\n|t:|1699856215\n|move|p1a: Glimmora|Earth Power|p2a: Heatran\n|-supereffective|p2a: Heatran\n|-damage|p2a: Heatran|0 fnt\n|faint|p2a: Heatran\n|\n|upkeep\n|\n|t:|1699856216\n|switch|p2a: Rillaboom|Rillaboom, F|100\/100\n|-status|p2a: Rillaboom|psn\n|-fieldstart|move: Grassy Terrain|[from] ability: Grassy Surge|[of] p2a: Rillaboom\n|turn|5\n|\n|t:|1699856225\n|-terastallize|p2a: Rillaboom|Grass\n|move|p2a: Rillaboom|Grassy Glide|p1a: Glimmora\n|-damage|p1a: Glimmora|0 fnt\n|-activate|p1a: Glimmora|ability: Toxic Debris\n|-sidestart|p2: Aggron|move: Toxic Spikes\n|faint|p1a: Glimmora\n|\n|-damage|p2a: Rillaboom|88\/100 psn|[from] psn\n|upkeep\n|\n|t:|1699856235\n|switch|p1a: Iron Moth|Iron Moth|100\/100\n|-damage|p1a: Iron Moth|76\/100|[from] Stealth Rock\n|-enditem|p1a: Iron Moth|Booster Energy\n|-activate|p1a: Iron Moth|ability: Quark Drive|[fromitem]\n|-start|p1a: Iron Moth|quarkdrivespe\n|turn|6\n|\n|t:|1699856241\n|switch|p2a: Tyranitar|Tyranitar, F|100\/100\n|-weather|Sandstorm|[from] ability: Sand Stream|[of] p2a: Tyranitar\n|move|p1a: Iron Moth|Fiery Dance|p2a: Tyranitar\n|-resisted|p2a: Tyranitar\n|-damage|p2a: Tyranitar|90\/100\n|\n|-weather|Sandstorm|[upkeep]\n|-damage|p1a: Iron Moth|70\/100|[from] Sandstorm\n|-heal|p1a: Iron Moth|76\/100|[from] Grassy Terrain\n|-heal|p2a: Tyranitar|96\/100|[from] Grassy Terrain\n|upkeep\n|turn|7\n|\n|t:|1699856254\n|-terastallize|p1a: Iron Moth|Fairy\n|move|p1a: Iron Moth|Dazzling Gleam|p2a: Tyranitar\n|-supereffective|p2a: Tyranitar\n|-damage|p2a: Tyranitar|51\/100\n|move|p2a: Tyranitar|Knock Off|p1a: Iron Moth\n|-resisted|p1a: Iron Moth\n|-damage|p1a: Iron Moth|50\/100\n|\n|-weather|Sandstorm|[upkeep]\n|-damage|p1a: Iron Moth|44\/100|[from] Sandstorm\n|-heal|p1a: Iron Moth|50\/100|[from] Grassy Terrain\n|-heal|p2a: Tyranitar|57\/100|[from] Grassy Terrain\n|upkeep\n|turn|8\n|\n|t:|1699856265\n|move|p1a: Iron Moth|Dazzling Gleam|p2a: Tyranitar\n|-supereffective|p2a: Tyranitar\n|-damage|p2a: Tyranitar|18\/100\n|move|p2a: Tyranitar|Rock Blast|p1a: Iron Moth\n|-damage|p1a: Iron Moth|30\/100\n|-damage|p1a: Iron Moth|10\/100\n|-damage|p1a: Iron Moth|0 fnt\n|faint|p1a: Iron Moth\n|-end|p1a: Iron Moth|Quark Drive|[silent]\n|-hitcount|p1: Iron Moth|3\n|\n|-weather|Sandstorm|[upkeep]\n|-heal|p2a: Tyranitar|25\/100|[from] Grassy Terrain\n|upkeep\n|\n|t:|1699856286\n|switch|p1a: Zamazenta|Zamazenta|100\/100\n|-damage|p1a: Zamazenta|94\/100|[from] Stealth Rock\n|-ability|p1a: Zamazenta|Dauntless Shield|boost\n|-boost|p1a: Zamazenta|def|1\n|turn|9\n|\n|t:|1699856294\n|switch|p2a: Sneasler|Sneasler, F|100\/100\n|-sideend|p2: Aggron|move: Toxic Spikes|[of] p2a: Sneasler\n|move|p1a: Zamazenta|Body Press|p2a: Sneasler\n|-resisted|p2a: Sneasler\n|-damage|p2a: Sneasler|53\/100\n|\n|-weather|Sandstorm|[upkeep]\n|-damage|p1a: Zamazenta|88\/100|[from] Sandstorm\n|-damage|p2a: Sneasler|47\/100|[from] Sandstorm\n|-heal|p1a: Zamazenta|94\/100|[from] Grassy Terrain\n|-heal|p1a: Zamazenta|100\/100|[from] item: Leftovers\n|-heal|p2a: Sneasler|53\/100|[from] Grassy Terrain\n|-fieldend|move: Grassy Terrain\n|upkeep\n|turn|10\n|\n|t:|1699856306\n|move|p2a: Sneasler|Fake Out|p1a: Zamazenta\n|-damage|p1a: Zamazenta|93\/100\n|cant|p1a: Zamazenta|flinch\n|\n|-weather|none\n|-heal|p1a: Zamazenta|99\/100|[from] item: Leftovers\n|upkeep\n|turn|11\n|l| ctlh\n|\n|t:|1699856312\n|switch|p2a: Tyranitar|Tyranitar, F|25\/100\n|-weather|Sandstorm|[from] ability: Sand Stream|[of] p2a: Tyranitar\n|move|p1a: Zamazenta|Iron Defense|p1a: Zamazenta\n|-boost|p1a: Zamazenta|def|2\n|\n|-weather|Sandstorm|[upkeep]\n|-damage|p1a: Zamazenta|93\/100|[from] Sandstorm\n|-heal|p1a: Zamazenta|99\/100|[from] item: Leftovers\n|upkeep\n|turn|12\n|\n|t:|1699856321\n|switch|p2a: Sinistcha|Sinistcha-Masterpiece|100\/100\n|move|p1a: Zamazenta|Body Press|p2a: Sinistcha\n|-immune|p2a: Sinistcha\n|\n|-weather|Sandstorm|[upkeep]\n|-damage|p1a: Zamazenta|93\/100|[from] Sandstorm\n|-damage|p2a: Sinistcha|94\/100|[from] Sandstorm\n|-heal|p1a: Zamazenta|99\/100|[from] item: Leftovers\n|upkeep\n|turn|13\n|\n|t:|1699856330\n|move|p1a: Zamazenta|Crunch|p2a: Sinistcha\n|-supereffective|p2a: Sinistcha\n|-damage|p2a: Sinistcha|58\/100\n|move|p2a: Sinistcha|Matcha Gotcha|p1a: Zamazenta|[miss]\n|-miss|p2a: Sinistcha|p1a: Zamazenta\n|\n|-weather|Sandstorm|[upkeep]\n|-damage|p1a: Zamazenta|93\/100|[from] Sandstorm\n|-damage|p2a: Sinistcha|52\/100|[from] Sandstorm\n|-heal|p1a: Zamazenta|99\/100|[from] item: Leftovers\n|upkeep\n|turn|14\n|\n|t:|1699856339\n|move|p1a: Zamazenta|Crunch|p2a: Sinistcha\n|-supereffective|p2a: Sinistcha\n|-damage|p2a: Sinistcha|19\/100\n|move|p2a: Sinistcha|Strength Sap|p1a: Zamazenta\n|-unboost|p1a: Zamazenta|atk|1\n|-heal|p2a: Sinistcha|100\/100\n|\n|-weather|Sandstorm|[upkeep]\n|-damage|p1a: Zamazenta|93\/100|[from] Sandstorm\n|-damage|p2a: Sinistcha|94\/100|[from] Sandstorm\n|-heal|p1a: Zamazenta|99\/100|[from] item: Leftovers\n|upkeep\n|turn|15\n|\n|t:|1699856350\n|move|p1a: Zamazenta|Crunch|p2a: Sinistcha\n|-supereffective|p2a: Sinistcha\n|-damage|p2a: Sinistcha|71\/100\n|move|p2a: Sinistcha|Matcha Gotcha|p1a: Zamazenta\n|-damage|p1a: Zamazenta|70\/100\n|-heal|p2a: Sinistcha|85\/100|[from] drain|[of] p1a: Zamazenta\n|\n|-weather|none\n|-heal|p1a: Zamazenta|76\/100|[from] item: Leftovers\n|upkeep\n|turn|16\n|\n|t:|1699856360\n|switch|p1a: Kingambit|Kingambit, M, shiny|100\/100\n|-damage|p1a: Kingambit|94\/100|[from] Stealth Rock\n|-activate|p1a: Kingambit|ability: Supreme Overlord\n|-start|p1a: Kingambit|fallen2|[silent]\n|move|p2a: Sinistcha|Matcha Gotcha|p1a: Kingambit|[miss]\n|-miss|p2a: Sinistcha|p1a: Kingambit\n|\n|upkeep\n|turn|17\n|\n|t:|1699856369\n|switch|p2a: Samurott|Samurott-Hisui, M|100\/100\n|move|p1a: Kingambit|Swords Dance|p1a: Kingambit\n|-boost|p1a: Kingambit|atk|2\n|\n|upkeep\n|turn|18\n|\n|t:|1699856376\n|move|p2a: Samurott|Encore|p1a: Kingambit\n|-start|p1a: Kingambit|Encore\n|move|p1a: Kingambit|Swords Dance|p1a: Kingambit\n|-boost|p1a: Kingambit|atk|2\n|\n|upkeep\n|turn|19\n|-message|CHUNTomChan forfeited.\n|\n|win|Aggron\n|raw|CHUNTomChan's rating: 1585 &rarr; <strong>1575<\/strong><br \/>(-10 for losing)\n|raw|Aggron's rating: 1781 &rarr; <strong>1791<\/strong><br \/>(+10 for winning)\n|l|\u2606CHUNTomChan\n","uploadtime":1699856397,"views":9,"p1id":"chuntomchan","p2id":"aggron","formatid":"gen9ou","rating":1575,"private":0,"password":""}