{"id":"gen9ou-1993479331","p1":"paigemon","p2":"bellenguer2","format":"[Gen 9] OU","log":"|j|\u2606paigemon\n|j|\u2606bellenguer2\n|t:|1700322866\n|gametype|singles\n|player|p1|paigemon|cynthia-gen4|1024\n|player|p2|bellenguer2|dawn|1132\n|teamsize|p1|6\n|teamsize|p2|6\n|gen|9\n|tier|[Gen 9] OU\n|rated|\n|rule|Sleep Clause Mod: Limit one foe put to sleep\n|rule|Species Clause: Limit one of each Pok\u00e9mon\n|rule|OHKO Clause: OHKO moves are banned\n|rule|Evasion Items Clause: Evasion items are banned\n|rule|Evasion Moves Clause: Evasion moves are banned\n|rule|Endless Battle Clause: Forcing endless battles is banned\n|rule|HP Percentage Mod: HP is shown in percentages\n|clearpoke\n|poke|p1|Grafaiai, M|\n|poke|p1|Hatterene, F|\n|poke|p1|Iron Hands|\n|poke|p1|Dragonite, M|\n|poke|p1|Iron Treads|\n|poke|p1|Toxapex, M|\n|poke|p2|Zapdos|\n|poke|p2|Blissey, F|\n|poke|p2|Toxapex, M|\n|poke|p2|Clefable, M|\n|poke|p2|Corviknight, F|\n|poke|p2|Quagsire, M|\n|teampreview\n|\n|t:|1700322877\n|start\n|switch|p1a: Doordash|Grafaiai, M, shiny|100\/100\n|switch|p2a: Quagsire|Quagsire, M|100\/100\n|turn|1\n|\n|t:|1700322885\n|move|p1a: Doordash|Parting Shot|p2a: Quagsire\n|-unboost|p2a: Quagsire|atk|1\n|-unboost|p2a: Quagsire|spa|1\n|\n|t:|1700322888\n|switch|p1a: hat in a hat|Hatterene, F, shiny|100\/100|[from] Parting Shot\n|move|p2a: Quagsire|Stealth Rock|p1a: hat in a hat\n|move|p1a: hat in a hat|Stealth Rock|p2a: Quagsire|[from]ability: Magic Bounce\n|-sidestart|p2: bellenguer2|move: Stealth Rock\n|\n|upkeep\n|turn|2\n|\n|t:|1700322901\n|switch|p2a: Zapdos|Zapdos|100\/100\n|move|p1a: hat in a hat|Reflect|p1a: hat in a hat\n|-sidestart|p1: paigemon|Reflect\n|\n|upkeep\n|turn|3\n|\n|t:|1700322915\n|move|p2a: Zapdos|Hurricane|p1a: hat in a hat|[miss]\n|-miss|p2a: Zapdos|p1a: hat in a hat\n|move|p1a: hat in a hat|Trick Room|p1a: hat in a hat\n|-fieldstart|move: Trick Room|[of] p1a: hat in a hat\n|\n|upkeep\n|turn|4\n|\n|t:|1700322922\n|move|p1a: hat in a hat|Light Screen|p1a: hat in a hat\n|-sidestart|p1: paigemon|move: Light Screen\n|move|p2a: Zapdos|Hurricane|p1a: hat in a hat\n|-damage|p1a: hat in a hat|83\/100\n|\n|upkeep\n|turn|5\n|\n|t:|1700322934\n|switch|p1a: do you need a hand|Iron Hands, shiny|100\/100\n|move|p2a: Zapdos|Volt Switch|p1a: do you need a hand\n|-resisted|p1a: do you need a hand\n|-damage|p1a: do you need a hand|95\/100\n|\n|t:|1700322947\n|switch|p2a: Quagsire|Quagsire, M|100\/100|[from] Volt Switch\n|-damage|p2a: Quagsire|94\/100|[from] Stealth Rock\n|\n|-heal|p2a: Quagsire|100\/100|[from] item: Leftovers\n|-heal|p1a: do you need a hand|100\/100|[from] item: Leftovers\n|upkeep\n|turn|6\n|\n|t:|1700322954\n|move|p2a: Quagsire|Earthquake|p1a: do you need a hand\n|-supereffective|p1a: do you need a hand\n|-damage|p1a: do you need a hand|79\/100\n|move|p1a: do you need a hand|Swords Dance|p1a: do you need a hand\n|-boost|p1a: do you need a hand|atk|2\n|\n|-heal|p1a: do you need a hand|85\/100|[from] item: Leftovers\n|-sideend|p1: paigemon|Reflect\n|upkeep\n|turn|7\n|\n|t:|1700322962\n|move|p2a: Quagsire|Stealth Rock|p1a: do you need a hand\n|-sidestart|p1: paigemon|move: Stealth Rock\n|move|p1a: do you need a hand|Thunder Punch|p2a: Quagsire\n|-immune|p2a: Quagsire\n|\n|-heal|p1a: do you need a hand|91\/100|[from] item: Leftovers\n|-fieldend|move: Trick Room\n|upkeep\n|turn|8\n|\n|t:|1700322973\n|-terastallize|p1a: do you need a hand|Flying\n|move|p1a: do you need a hand|Ice Punch|p2a: Quagsire\n|-damage|p2a: Quagsire|81\/100\n|move|p2a: Quagsire|Earthquake|p1a: do you need a hand\n|-immune|p1a: do you need a hand\n|\n|-heal|p1a: do you need a hand|97\/100|[from] item: Leftovers\n|-heal|p2a: Quagsire|88\/100|[from] item: Leftovers\n|-sideend|p1: paigemon|move: Light Screen\n|upkeep\n|turn|9\n|\n|t:|1700322992\n|move|p1a: do you need a hand|Drain Punch|p2a: Quagsire\n|-damage|p2a: Quagsire|62\/100\n|-heal|p1a: do you need a hand|100\/100|[from] drain|[of] p2a: Quagsire\n|move|p2a: Quagsire|Haze|p2a: Quagsire\n|-clearallboost\n|\n|-heal|p2a: Quagsire|68\/100|[from] item: Leftovers\n|upkeep\n|turn|10\n|\n|t:|1700323002\n|move|p1a: do you need a hand|Swords Dance|p1a: do you need a hand\n|-boost|p1a: do you need a hand|atk|2\n|move|p2a: Quagsire|Recover|p2a: Quagsire\n|-heal|p2a: Quagsire|100\/100\n|\n|upkeep\n|turn|11\n|\n|t:|1700323016\n|-end|p1a: do you need a hand|Quark Drive|[silent]\n|switch|p1a: libard|Dragonite, M, shiny|100\/100\n|-damage|p1a: libard|76\/100|[from] Stealth Rock\n|move|p2a: Quagsire|Haze|p2a: Quagsire\n|-clearallboost\n|\n|upkeep\n|turn|12\n|\n|t:|1700323027\n|switch|p2a: Clefable|Clefable, M|100\/100\n|move|p1a: libard|Dragon Dance|p1a: libard\n|-boost|p1a: libard|atk|1\n|-boost|p1a: libard|spe|1\n|\n|upkeep\n|turn|13\n|\n|t:|1700323036\n|move|p1a: libard|Dragon Dance|p1a: libard\n|-boost|p1a: libard|atk|1\n|-boost|p1a: libard|spe|1\n|move|p2a: Clefable|Moonblast|p1a: libard\n|-supereffective|p1a: libard\n|-crit|p1a: libard\n|-damage|p1a: libard|0 fnt\n|faint|p1a: libard\n|\n|upkeep\n|\n|t:|1700323044\n|switch|p1a: elefant|Iron Treads, shiny|100\/100\n|-damage|p1a: elefant|97\/100|[from] Stealth Rock\n|turn|14\n|\n|t:|1700323066\n|switch|p2a: Corviknight|Corviknight, F|100\/100\n|-damage|p2a: Corviknight|88\/100|[from] Stealth Rock\n|-ability|p2a: Corviknight|Pressure\n|move|p1a: elefant|Knock Off|p2a: Corviknight\n|-damage|p2a: Corviknight|65\/100\n|-damage|p1a: elefant|81\/100|[from] item: Rocky Helmet|[of] p2a: Corviknight\n|-enditem|p2a: Corviknight|Rocky Helmet|[from] move: Knock Off|[of] p1a: elefant\n|\n|-heal|p1a: elefant|87\/100|[from] item: Leftovers\n|upkeep\n|turn|15\n|\n|t:|1700323079\n|move|p1a: elefant|Ice Spinner|p2a: Corviknight\n|-damage|p2a: Corviknight|48\/100\n|move|p2a: Corviknight|Defog|p1a: elefant\n|-unboost|p1a: elefant|evasion|1\n|-sideend|p1: paigemon|Stealth Rock|[from] move: Defog|[of] p2a: Corviknight\n|-sideend|p2: bellenguer2|Stealth Rock|[from] move: Defog|[of] p2a: Corviknight\n|\n|-heal|p1a: elefant|93\/100|[from] item: Leftovers\n|upkeep\n|turn|16\n|\n|t:|1700323088\n|-end|p1a: elefant|Quark Drive|[silent]\n|switch|p1a: do you need a hand|Iron Hands, shiny, tera:Flying|100\/100\n|move|p2a: Corviknight|Roost|p2a: Corviknight\n|-heal|p2a: Corviknight|98\/100\n|-singleturn|p2a: Corviknight|move: Roost\n|\n|upkeep\n|turn|17\n|\n|t:|1700323097\n|switch|p2a: Quagsire|Quagsire, M|100\/100\n|move|p1a: do you need a hand|Thunder Punch|p2a: Quagsire\n|-immune|p2a: Quagsire\n|\n|upkeep\n|turn|18\n|\n|t:|1700323108\n|-end|p1a: do you need a hand|Quark Drive|[silent]\n|switch|p1a: elefant|Iron Treads, shiny|93\/100\n|move|p2a: Quagsire|Stealth Rock|p1a: elefant\n|-sidestart|p1: paigemon|move: Stealth Rock\n|\n|-heal|p1a: elefant|99\/100|[from] item: Leftovers\n|upkeep\n|turn|19\n|\n|t:|1700323115\n|move|p1a: elefant|Earthquake|p2a: Quagsire\n|-damage|p2a: Quagsire|68\/100\n|move|p2a: Quagsire|Earthquake|p1a: elefant\n|-supereffective|p1a: elefant\n|-damage|p1a: elefant|45\/100\n|\n|-heal|p1a: elefant|52\/100|[from] item: Leftovers\n|-heal|p2a: Quagsire|74\/100|[from] item: Leftovers\n|upkeep\n|turn|20\n|\n|t:|1700323140\n|-end|p1a: elefant|Quark Drive|[silent]\n|switch|p1a: cactus|Toxapex, M, shiny|100\/100\n|-damage|p1a: cactus|88\/100|[from] Stealth Rock\n|switch|p2a: Corviknight|Corviknight, F|98\/100\n|-ability|p2a: Corviknight|Pressure\n|\n|-heal|p1a: cactus|94\/100|[from] item: Black Sludge\n|upkeep\n|turn|21\n|\n|t:|1700323151\n|move|p2a: Corviknight|U-turn|p1a: cactus\n|-resisted|p1a: cactus\n|-damage|p1a: cactus|90\/100\n|\n|t:|1700323154\n|switch|p2a: Zapdos|Zapdos|100\/100|[from] U-turn\n|move|p1a: cactus|Surf|p2a: Zapdos\n|-damage|p2a: Zapdos|84\/100\n|\n|-heal|p1a: cactus|96\/100|[from] item: Black Sludge\n|upkeep\n|turn|22\n|\n|t:|1700323163\n|switch|p1a: do you need a hand|Iron Hands, shiny, tera:Flying|100\/100\n|-damage|p1a: do you need a hand|76\/100|[from] Stealth Rock\n|move|p2a: Zapdos|Volt Switch|p1a: do you need a hand\n|-supereffective|p1a: do you need a hand\n|-damage|p1a: do you need a hand|32\/100\n|\n|t:|1700323177\n|switch|p2a: Clefable|Clefable, M|100\/100|[from] Volt Switch\n|\n|-heal|p1a: do you need a hand|38\/100|[from] item: Leftovers\n|upkeep\n|turn|23\n|\n|t:|1700323187\n|move|p1a: do you need a hand|Thunder Punch|p2a: Clefable\n|-damage|p2a: Clefable|64\/100\n|move|p2a: Clefable|Knock Off|p1a: do you need a hand\n|-damage|p1a: do you need a hand|27\/100\n|-enditem|p1a: do you need a hand|Leftovers|[from] move: Knock Off|[of] p2a: Clefable\n|\n|-heal|p2a: Clefable|71\/100|[from] item: Leftovers\n|upkeep\n|turn|24\n|\n|t:|1700323206\n|move|p1a: do you need a hand|Drain Punch|p2a: Clefable\n|-resisted|p2a: Clefable\n|-damage|p2a: Clefable|53\/100\n|-heal|p1a: do you need a hand|34\/100|[from] drain|[of] p2a: Clefable\n|move|p2a: Clefable|Moonblast|p1a: do you need a hand\n|-damage|p1a: do you need a hand|12\/100\n|\n|-heal|p2a: Clefable|59\/100|[from] item: Leftovers\n|upkeep\n|turn|25\n|\n|t:|1700323218\n|-end|p1a: do you need a hand|Quark Drive|[silent]\n|switch|p1a: hat in a hat|Hatterene, F, shiny|83\/100\n|-damage|p1a: hat in a hat|71\/100|[from] Stealth Rock\n|move|p2a: Clefable|Moonlight|p2a: Clefable\n|-heal|p2a: Clefable|100\/100\n|\n|upkeep\n|turn|26\n|\n|t:|1700323227\n|move|p2a: Clefable|Moonblast|p1a: hat in a hat\n|-damage|p1a: hat in a hat|47\/100\n|-unboost|p1a: hat in a hat|spa|1\n|move|p1a: hat in a hat|Nuzzle|p2a: Clefable\n|-damage|p2a: Clefable|96\/100\n|-status|p2a: Clefable|par\n|\n|-heal|p2a: Clefable|100\/100 par|[from] item: Leftovers\n|upkeep\n|turn|27\n|\n|t:|1700323257\n|move|p1a: hat in a hat|Reflect|p1a: hat in a hat\n|-sidestart|p1: paigemon|Reflect\n|cant|p2a: Clefable|par\n|\n|upkeep\n|turn|28\n|\n|t:|1700323261\n|move|p2a: Clefable|Knock Off|p1a: hat in a hat\n|-damage|p1a: hat in a hat|39\/100\n|-enditem|p1a: hat in a hat|Focus Sash|[from] move: Knock Off|[of] p2a: Clefable\n|move|p1a: hat in a hat|Trick Room|p1a: hat in a hat\n|-fieldstart|move: Trick Room|[of] p1a: hat in a hat\n|\n|upkeep\n|turn|29\n|\n|t:|1700323269\n|move|p2a: Clefable|Moonblast|p1a: hat in a hat\n|-damage|p1a: hat in a hat|15\/100\n|move|p1a: hat in a hat|Light Screen|p1a: hat in a hat\n|-sidestart|p1: paigemon|move: Light Screen\n|\n|upkeep\n|turn|30\n|\n|t:|1700323278\n|switch|p1a: cactus|Toxapex, M, shiny|100\/100\n|-damage|p1a: cactus|88\/100|[from] Stealth Rock\n|move|p2a: Clefable|Moonblast|p1a: cactus\n|-resisted|p1a: cactus\n|-damage|p1a: cactus|82\/100\n|-unboost|p1a: cactus|spa|1\n|\n|-heal|p1a: cactus|88\/100|[from] item: Black Sludge\n|upkeep\n|turn|31\n|\n|t:|1700323287\n|move|p2a: Clefable|Knock Off|p1a: cactus\n|-damage|p1a: cactus|83\/100\n|-enditem|p1a: cactus|Black Sludge|[from] move: Knock Off|[of] p2a: Clefable\n|move|p1a: cactus|Surf|p2a: Clefable\n|-damage|p2a: Clefable|90\/100 par\n|\n|-heal|p2a: Clefable|96\/100 par|[from] item: Leftovers\n|-sideend|p1: paigemon|Reflect\n|upkeep\n|turn|32\n|\n|t:|1700323297\n|switch|p2a: Blissey|Blissey, F|100\/100\n|switch|p1a: elefant|Iron Treads, shiny|52\/100\n|-damage|p1a: elefant|48\/100|[from] Stealth Rock\n|\n|-heal|p1a: elefant|55\/100|[from] item: Leftovers\n|-fieldend|move: Trick Room\n|upkeep\n|turn|33\n|\n|t:|1700323307\n|switch|p2a: Corviknight|Corviknight, F|98\/100\n|-ability|p2a: Corviknight|Pressure\n|move|p1a: elefant|Earthquake|p2a: Corviknight\n|-immune|p2a: Corviknight\n|\n|-heal|p1a: elefant|61\/100|[from] item: Leftovers\n|-sideend|p1: paigemon|move: Light Screen\n|upkeep\n|turn|34\n|\n|t:|1700323321\n|move|p1a: elefant|Rapid Spin|p2a: Corviknight\n|-resisted|p2a: Corviknight\n|-damage|p2a: Corviknight|92\/100\n|-boost|p1a: elefant|spe|1\n|-sideend|p1: paigemon|Stealth Rock|[from] move: Rapid Spin|[of] p1a: elefant\n|move|p2a: Corviknight|Body Press|p1a: elefant\n|-supereffective|p1a: elefant\n|-damage|p1a: elefant|21\/100\n|\n|-heal|p1a: elefant|27\/100|[from] item: Leftovers\n|upkeep\n|turn|35\n|\n|t:|1700323338\n|-end|p1a: elefant|Quark Drive|[silent]\n|switch|p1a: cactus|Toxapex, M, shiny|100\/100\n|move|p2a: Corviknight|Body Press|p1a: cactus\n|-resisted|p1a: cactus\n|-damage|p1a: cactus|94\/100\n|\n|upkeep\n|turn|36\n|\n|t:|1700323344\n|move|p2a: Corviknight|U-turn|p1a: cactus\n|-resisted|p1a: cactus\n|-damage|p1a: cactus|89\/100\n|\n|t:|1700323346\n|switch|p2a: Zapdos|Zapdos|84\/100|[from] U-turn\n|move|p1a: cactus|Surf|p2a: Zapdos\n|-damage|p2a: Zapdos|68\/100\n|\n|upkeep\n|turn|37\n|\n|t:|1700323355\n|switch|p1a: Doordash|Grafaiai, M, shiny|100\/100\n|move|p2a: Zapdos|Roost|p2a: Zapdos\n|-heal|p2a: Zapdos|100\/100\n|-singleturn|p2a: Zapdos|move: Roost\n|\n|upkeep\n|turn|38\n|\n|t:|1700323367\n|switch|p2a: Toxapex|Toxapex, M|100\/100\n|move|p1a: Doordash|Gunk Shot|p2a: Toxapex\n|-resisted|p2a: Toxapex\n|-damage|p2a: Toxapex|83\/100\n|\n|-heal|p2a: Toxapex|89\/100|[from] item: Black Sludge\n|upkeep\n|turn|39\n|\n|t:|1700323375\n|move|p1a: Doordash|Knock Off|p2a: Toxapex\n|-damage|p2a: Toxapex|68\/100\n|-enditem|p2a: Toxapex|Black Sludge|[from] move: Knock Off|[of] p1a: Doordash\n|move|p2a: Toxapex|Surf|p1a: Doordash\n|-damage|p1a: Doordash|69\/100\n|\n|upkeep\n|turn|40\n|\n|t:|1700323390\n|move|p1a: Doordash|Parting Shot|p2a: Toxapex\n|-unboost|p2a: Toxapex|atk|1\n|-unboost|p2a: Toxapex|spa|1\n|\n|t:|1700323398\n|switch|p1a: cactus|Toxapex, M, shiny|100\/100|[from] Parting Shot\n|move|p2a: Toxapex|Surf|p1a: cactus\n|-resisted|p1a: cactus\n|-crit|p1a: cactus\n|-damage|p1a: cactus|89\/100\n|\n|upkeep\n|turn|41\n|\n|t:|1700323408\n|switch|p1a: elefant|Iron Treads, shiny|27\/100\n|switch|p2a: Blissey|Blissey, F|100\/100\n|\n|-heal|p1a: elefant|34\/100|[from] item: Leftovers\n|upkeep\n|turn|42\n|\n|t:|1700323416\n|switch|p2a: Corviknight|Corviknight, F|92\/100\n|-ability|p2a: Corviknight|Pressure\n|move|p1a: elefant|Ice Spinner|p2a: Corviknight\n|-damage|p2a: Corviknight|72\/100\n|\n|-heal|p1a: elefant|40\/100|[from] item: Leftovers\n|upkeep\n|turn|43\n|\n|t:|1700323434\n|move|p1a: elefant|Knock Off|p2a: Corviknight\n|-damage|p2a: Corviknight|58\/100\n|move|p2a: Corviknight|Body Press|p1a: elefant\n|-supereffective|p1a: elefant\n|-damage|p1a: elefant|0 fnt\n|faint|p1a: elefant\n|-end|p1a: elefant|Quark Drive|[silent]\n|\n|upkeep\n|\n|t:|1700323441\n|switch|p1a: do you need a hand|Iron Hands, shiny, tera:Flying|12\/100\n|turn|44\n|\n|t:|1700323452\n|switch|p2a: Quagsire|Quagsire, M|74\/100\n|move|p1a: do you need a hand|Thunder Punch|p2a: Quagsire\n|-immune|p2a: Quagsire\n|\n|-heal|p2a: Quagsire|80\/100|[from] item: Leftovers\n|upkeep\n|turn|45\n|\n|t:|1700323460\n|move|p1a: do you need a hand|Ice Punch|p2a: Quagsire\n|-damage|p2a: Quagsire|61\/100\n|move|p2a: Quagsire|Stealth Rock|p1a: do you need a hand\n|-sidestart|p1: paigemon|move: Stealth Rock\n|\n|-heal|p2a: Quagsire|68\/100|[from] item: Leftovers\n|upkeep\n|turn|46\n|\n|t:|1700323466\n|move|p1a: do you need a hand|Drain Punch|p2a: Quagsire\n|-damage|p2a: Quagsire|38\/100\n|-heal|p1a: do you need a hand|25\/100|[from] drain|[of] p2a: Quagsire\n|move|p2a: Quagsire|Recover|p2a: Quagsire\n|-heal|p2a: Quagsire|88\/100\n|\n|-heal|p2a: Quagsire|94\/100|[from] item: Leftovers\n|upkeep\n|turn|47\n|\n|t:|1700323475\n|switch|p2a: Zapdos|Zapdos|100\/100\n|move|p1a: do you need a hand|Drain Punch|p2a: Zapdos\n|-resisted|p2a: Zapdos\n|-damage|p2a: Zapdos|84\/100\n|-heal|p1a: do you need a hand|31\/100|[from] drain|[of] p2a: Zapdos\n|\n|upkeep\n|turn|48\n|\n|t:|1700323482\n|move|p2a: Zapdos|Volt Switch|p1a: do you need a hand\n|-supereffective|p1a: do you need a hand\n|-damage|p1a: do you need a hand|0 fnt\n|faint|p1a: do you need a hand\n|-end|p1a: do you need a hand|Quark Drive|[silent]\n|\n|t:|1700323492\n|switch|p2a: Quagsire|Quagsire, M|94\/100|[from] Volt Switch\n|\n|-heal|p2a: Quagsire|100\/100|[from] item: Leftovers\n|upkeep\n|\n|t:|1700323500\n|switch|p1a: cactus|Toxapex, M, shiny|100\/100\n|-damage|p1a: cactus|88\/100|[from] Stealth Rock\n|turn|49\n|\n|t:|1700323505\n|move|p1a: cactus|Toxic|p2a: Quagsire\n|-status|p2a: Quagsire|tox\n|move|p2a: Quagsire|Earthquake|p1a: cactus\n|-supereffective|p1a: cactus\n|-damage|p1a: cactus|52\/100\n|\n|-damage|p2a: Quagsire|94\/100 tox|[from] psn\n|upkeep\n|turn|50\n|\n|t:|1700323521\n|switch|p2a: Blissey|Blissey, F|100\/100\n|move|p1a: cactus|Recover|p1a: cactus\n|-heal|p1a: cactus|100\/100\n|\n|upkeep\n|turn|51\n|\n|t:|1700323548\n|move|p2a: Blissey|Thunder Wave|p1a: cactus\n|-status|p1a: cactus|par\n|move|p1a: cactus|Surf|p2a: Blissey\n|-damage|p2a: Blissey|95\/100\n|\n|-heal|p2a: Blissey|100\/100|[from] item: Leftovers\n|upkeep\n|turn|52\n|\n|t:|1700323556\n|switch|p1a: Doordash|Grafaiai, M, shiny|69\/100\n|-damage|p1a: Doordash|56\/100|[from] Stealth Rock\n|move|p2a: Blissey|Seismic Toss|p1a: Doordash\n|-damage|p1a: Doordash|19\/100\n|\n|upkeep\n|turn|53\n|\n|t:|1700323563\n|move|p1a: Doordash|Gunk Shot|p2a: Blissey\n|-damage|p2a: Blissey|4\/100\n|move|p2a: Blissey|Seismic Toss|p1a: Doordash\n|-damage|p1a: Doordash|0 fnt\n|faint|p1a: Doordash\n|\n|-heal|p2a: Blissey|10\/100|[from] item: Leftovers\n|upkeep\n|\n|t:|1700323571\n|switch|p1a: hat in a hat|Hatterene, F, shiny|15\/100\n|-damage|p1a: hat in a hat|3\/100|[from] Stealth Rock\n|turn|54\n|\n|t:|1700323579\n|switch|p2a: Clefable|Clefable, M|96\/100 par\n|move|p1a: hat in a hat|Nuzzle|p2a: Clefable\n|-damage|p2a: Clefable|93\/100 par\n|\n|-heal|p2a: Clefable|99\/100 par|[from] item: Leftovers\n|upkeep\n|turn|55\n|\n|t:|1700323587\n|switch|p1a: cactus|Toxapex, M, shiny|100\/100 par\n|-damage|p1a: cactus|88\/100 par|[from] Stealth Rock\n|move|p2a: Clefable|Moonblast|p1a: cactus\n|-resisted|p1a: cactus\n|-damage|p1a: cactus|75\/100 par\n|-unboost|p1a: cactus|spa|1\n|\n|-heal|p2a: Clefable|100\/100 par|[from] item: Leftovers\n|upkeep\n|turn|56\n|-message|paigemon forfeited.\n|\n|win|bellenguer2\n|raw|paigemon's rating: 1024 &rarr; <strong>1014<\/strong><br \/>(-10 for losing)\n|raw|bellenguer2's rating: 1132 &rarr; <strong>1149<\/strong><br \/>(+17 for winning)\n|l|\u2606paigemon\n","uploadtime":1700323601,"views":8,"p1id":"paigemon","p2id":"bellenguer2","formatid":"gen9ou","rating":1014,"private":0,"password":""}