{"id":"gen9ou-1995422901","p1":"Seylisensei","p2":"cascasc","format":"[Gen 9] OU","log":"|j|\u2606Seylisensei\n|j|\u2606cascasc\n|t:|1700568826\n|gametype|singles\n|player|p1|Seylisensei|ethan|1345\n|player|p2|cascasc|ninjaboy|1446\n|teamsize|p1|6\n|teamsize|p2|6\n|gen|9\n|tier|[Gen 9] OU\n|rated|\n|rule|Sleep Clause Mod: Limit one foe put to sleep\n|rule|Species Clause: Limit one of each Pok\u00e9mon\n|rule|OHKO Clause: OHKO moves are banned\n|rule|Evasion Items Clause: Evasion items are banned\n|rule|Evasion Moves Clause: Evasion moves are banned\n|rule|Endless Battle Clause: Forcing endless battles is banned\n|rule|HP Percentage Mod: HP is shown in percentages\n|clearpoke\n|poke|p1|Kingambit, M|\n|poke|p1|Great Tusk|\n|poke|p1|Dragapult, F|\n|poke|p1|Ogerpon-Wellspring, F|\n|poke|p1|Blissey, F|\n|poke|p1|Zapdos|\n|poke|p2|Brute Bonnet|\n|poke|p2|Ting-Lu|\n|poke|p2|Ogerpon-Wellspring, F|\n|poke|p2|Gholdengo|\n|poke|p2|Corviknight, M|\n|poke|p2|Iron Valiant|\n|teampreview\n|inactive|Battle timer is ON: inactive players will automatically lose when time's up. (requested by cascasc)\n|\n|t:|1700568834\n|start\n|switch|p1a: Mpt|Dragapult, F|100\/100\n|switch|p2a: Fire was banned|Ogerpon-Wellspring, F|100\/100\n|turn|1\n|\n|t:|1700568847\n|switch|p2a: I hear caw caw caw|Corviknight, M|100\/100\n|-ability|p2a: I hear caw caw caw|Pressure\n|move|p1a: Mpt|U-turn|p2a: I hear caw caw caw\n|-resisted|p2a: I hear caw caw caw\n|-damage|p2a: I hear caw caw caw|98\/100\n|-damage|p1a: Mpt|84\/100|[from] item: Rocky Helmet|[of] p2a: I hear caw caw caw\n|\n|t:|1700568856\n|switch|p1a: N|Zapdos|100\/100|[from] U-turn\n|\n|upkeep\n|turn|2\n|\n|t:|1700568863\n|switch|p1a: I|Ogerpon-Wellspring, F|100\/100\n|switch|p2a: Ting-Lu|Ting-Lu|100\/100\n|-ability|p2a: Ting-Lu|Vessel of Ruin\n|\n|upkeep\n|turn|3\n|\n|t:|1700568870\n|switch|p2a: THE imposter|Brute Bonnet|100\/100\n|move|p1a: I|U-turn|p2a: THE imposter\n|-supereffective|p2a: THE imposter\n|-damage|p2a: THE imposter|9\/100\n|\n|t:|1700568885\n|switch|p1a: Mpt|Dragapult, F|84\/100|[from] U-turn\n|\n|upkeep\n|turn|4\n|\n|t:|1700568892\n|switch|p1a: De|Great Tusk|100\/100\n|move|p2a: THE imposter|Sucker Punch||[still]\n|-fail|p2a: THE imposter\n|\n|upkeep\n|turn|5\n|\n|t:|1700568899\n|-end|p2a: THE imposter|Protosynthesis|[silent]\n|switch|p2a: I hear caw caw caw|Corviknight, M|98\/100\n|-ability|p2a: I hear caw caw caw|Pressure\n|move|p1a: De|Knock Off|p2a: I hear caw caw caw\n|-damage|p2a: I hear caw caw caw|81\/100\n|-damage|p1a: De|84\/100|[from] item: Rocky Helmet|[of] p2a: I hear caw caw caw\n|-enditem|p2a: I hear caw caw caw|Rocky Helmet|[from] move: Knock Off|[of] p1a: De\n|\n|-heal|p1a: De|90\/100|[from] item: Leftovers\n|upkeep\n|turn|6\n|\n|t:|1700568910\n|-end|p1a: De|Protosynthesis|[silent]\n|switch|p1a: N|Zapdos|100\/100\n|move|p2a: I hear caw caw caw|U-turn|p1a: N\n|-resisted|p1a: N\n|-damage|p1a: N|95\/100\n|\n|t:|1700568916\n|switch|p2a: Trump?|Gholdengo|100\/100|[from] U-turn\n|-item|p2a: Trump?|Air Balloon\n|\n|upkeep\n|turn|7\n|\n|t:|1700568931\n|move|p1a: N|Volt Switch|p2a: Trump?\n|-damage|p2a: Trump?|73\/100\n|-enditem|p2a: Trump?|Air Balloon\n|\n|t:|1700568937\n|switch|p1a: Re|Kingambit, M|100\/100|[from] Volt Switch\n|move|p2a: Trump?|Nasty Plot|p2a: Trump?\n|-boost|p2a: Trump?|spa|2\n|\n|upkeep\n|turn|8\n|\n|t:|1700568955\n|switch|p2a: I hear caw caw caw|Corviknight, M|81\/100\n|-ability|p2a: I hear caw caw caw|Pressure\n|move|p1a: Re|Kowtow Cleave|p2a: I hear caw caw caw\n|-damage|p2a: I hear caw caw caw|48\/100\n|\n|upkeep\n|turn|9\n|\n|t:|1700568964\n|-end|p1a: Re|fallenundefined|[silent]\n|switch|p1a: N|Zapdos|95\/100\n|move|p2a: I hear caw caw caw|Roost|p2a: I hear caw caw caw\n|-heal|p2a: I hear caw caw caw|98\/100\n|-singleturn|p2a: I hear caw caw caw|move: Roost\n|\n|upkeep\n|turn|10\n|\n|t:|1700568969\n|switch|p2a: Ting-Lu|Ting-Lu|100\/100\n|-ability|p2a: Ting-Lu|Vessel of Ruin\n|move|p1a: N|Volt Switch|p2a: Ting-Lu\n|-immune|p2a: Ting-Lu\n|\n|upkeep\n|turn|11\n|\n|t:|1700568979\n|switch|p1a: O|Blissey, F|100\/100\n|move|p2a: Ting-Lu|Stealth Rock|p1a: O\n|-sidestart|p1: Seylisensei|move: Stealth Rock\n|\n|upkeep\n|turn|12\n|\n|t:|1700568984\n|move|p1a: O|Stealth Rock|p2a: Ting-Lu\n|-sidestart|p2: cascasc|move: Stealth Rock\n|move|p2a: Ting-Lu|Earthquake|p1a: O\n|-damage|p1a: O|69\/100\n|\n|upkeep\n|turn|13\n|\n|t:|1700568992\n|switch|p1a: De|Great Tusk|90\/100\n|-damage|p1a: De|87\/100|[from] Stealth Rock\n|move|p2a: Ting-Lu|Whirlwind|p1a: De\n|-end|p1a: De|Protosynthesis|[silent]\n|drag|p1a: O|Blissey, F|69\/100\n|\n|upkeep\n|turn|14\n|\n|t:|1700568997\n|move|p1a: O|Soft-Boiled|p1a: O\n|-heal|p1a: O|100\/100\n|move|p2a: Ting-Lu|Earthquake|p1a: O\n|-damage|p1a: O|67\/100\n|\n|upkeep\n|turn|15\n|\n|t:|1700569008\n|switch|p1a: De|Great Tusk|87\/100\n|-damage|p1a: De|84\/100|[from] Stealth Rock\n|switch|p2a: I hear caw caw caw|Corviknight, M|98\/100\n|-damage|p2a: I hear caw caw caw|86\/100|[from] Stealth Rock\n|-ability|p2a: I hear caw caw caw|Pressure\n|\n|-heal|p1a: De|90\/100|[from] item: Leftovers\n|upkeep\n|turn|16\n|\n|t:|1700569018\n|move|p1a: De|Rapid Spin|p2a: I hear caw caw caw\n|-resisted|p2a: I hear caw caw caw\n|-damage|p2a: I hear caw caw caw|81\/100\n|-boost|p1a: De|spe|1\n|-sideend|p1: Seylisensei|Stealth Rock|[from] move: Rapid Spin|[of] p1a: De\n|move|p2a: I hear caw caw caw|Defog|p1a: De\n|-unboost|p1a: De|evasion|1\n|-sideend|p2: cascasc|Stealth Rock|[from] move: Defog|[of] p2a: I hear caw caw caw\n|\n|-heal|p1a: De|97\/100|[from] item: Leftovers\n|upkeep\n|turn|17\n|\n|t:|1700569028\n|-end|p1a: De|Protosynthesis|[silent]\n|switch|p1a: N|Zapdos|95\/100\n|move|p2a: I hear caw caw caw|U-turn|p1a: N\n|-resisted|p1a: N\n|-damage|p1a: N|89\/100\n|\n|t:|1700569040\n|switch|p2a: femboy vtuber|Iron Valiant|100\/100|[from] U-turn\n|-enditem|p2a: femboy vtuber|Booster Energy\n|-activate|p2a: femboy vtuber|ability: Quark Drive|[fromitem]\n|-start|p2a: femboy vtuber|quarkdrivespe\n|\n|upkeep\n|turn|18\n|\n|t:|1700569052\n|-terastallize|p2a: femboy vtuber|Electric\n|move|p2a: femboy vtuber|Moonblast|p1a: N\n|-damage|p1a: N|44\/100\n|move|p1a: N|Hurricane|p2a: femboy vtuber\n|-resisted|p2a: femboy vtuber\n|-damage|p2a: femboy vtuber|52\/100\n|\n|upkeep\n|turn|19\n|\n|t:|1700569069\n|move|p2a: femboy vtuber|Moonblast|p1a: N\n|-damage|p1a: N|0 fnt\n|faint|p1a: N\n|\n|upkeep\n|\n|t:|1700569083\n|switch|p1a: Re|Kingambit, M|100\/100\n|-activate|p1a: Re|ability: Supreme Overlord\n|-start|p1a: Re|fallen1|[silent]\n|turn|20\n|\n|t:|1700569092\n|-end|p2a: femboy vtuber|Quark Drive|[silent]\n|switch|p2a: Ting-Lu|Ting-Lu|100\/100\n|-ability|p2a: Ting-Lu|Vessel of Ruin\n|move|p1a: Re|Kowtow Cleave|p2a: Ting-Lu\n|-resisted|p2a: Ting-Lu\n|-damage|p2a: Ting-Lu|88\/100\n|\n|-heal|p2a: Ting-Lu|95\/100|[from] item: Leftovers\n|upkeep\n|turn|21\n|\n|t:|1700569101\n|-end|p1a: Re|fallen1|[silent]\n|switch|p1a: I|Ogerpon-Wellspring, F|100\/100\n|move|p2a: Ting-Lu|Earthquake|p1a: I\n|-resisted|p1a: I\n|-damage|p1a: I|75\/100\n|\n|-heal|p2a: Ting-Lu|100\/100|[from] item: Leftovers\n|upkeep\n|turn|22\n|\n|t:|1700569115\n|switch|p2a: I hear caw caw caw|Corviknight, M|81\/100\n|-ability|p2a: I hear caw caw caw|Pressure\n|move|p1a: I|U-turn|p2a: I hear caw caw caw\n|-resisted|p2a: I hear caw caw caw\n|-damage|p2a: I hear caw caw caw|77\/100\n|\n|t:|1700569119\n|switch|p1a: Mpt|Dragapult, F|84\/100|[from] U-turn\n|\n|upkeep\n|turn|23\n|\n|t:|1700569127\n|switch|p2a: THE imposter|Brute Bonnet|9\/100\n|move|p1a: Mpt|U-turn|p2a: THE imposter\n|-supereffective|p2a: THE imposter\n|-damage|p2a: THE imposter|0 fnt\n|faint|p2a: THE imposter\n|-end|p2a: THE imposter|Protosynthesis|[silent]\n|\n|t:|1700569142\n|switch|p1a: I|Ogerpon-Wellspring, F|75\/100|[from] U-turn\n|\n|upkeep\n|\n|t:|1700569159\n|switch|p2a: I hear caw caw caw|Corviknight, M|77\/100\n|-ability|p2a: I hear caw caw caw|Pressure\n|turn|24\n|\n|t:|1700569171\n|-terastallize|p1a: I|Water\n|detailschange|p1a: I|Ogerpon-Wellspring-Tera, F, tera:Water\n|-ability|p1a: I|Embody Aspect (Wellspring)|boost\n|-boost|p1a: I|spd|1\n|move|p1a: I|Ivy Cudgel|p2a: I hear caw caw caw|[anim] Ivy Cudgel Water\n|-crit|p2a: I hear caw caw caw\n|-damage|p2a: I hear caw caw caw|0 fnt\n|faint|p2a: I hear caw caw caw\n|\n|upkeep\n|\n|t:|1700569185\n|switch|p2a: femboy vtuber|Iron Valiant, tera:Electric|52\/100\n|turn|25\n|\n|t:|1700569190\n|switch|p1a: O|Blissey, F|67\/100\n|move|p2a: femboy vtuber|Close Combat|p1a: O\n|-supereffective|p1a: O\n|-damage|p1a: O|0 fnt\n|-unboost|p2a: femboy vtuber|def|1\n|-unboost|p2a: femboy vtuber|spd|1\n|faint|p1a: O\n|\n|upkeep\n|\n|t:|1700569194\n|switch|p1a: Mpt|Dragapult, F|84\/100\n|turn|26\n|\n|t:|1700569198\n|-end|p2a: femboy vtuber|Quark Drive|[silent]\n|switch|p2a: Ting-Lu|Ting-Lu|100\/100\n|-ability|p2a: Ting-Lu|Vessel of Ruin\n|move|p1a: Mpt|Shadow Ball|p2a: Ting-Lu\n|-resisted|p2a: Ting-Lu\n|-damage|p2a: Ting-Lu|86\/100\n|-unboost|p2a: Ting-Lu|spd|1\n|\n|-heal|p2a: Ting-Lu|93\/100|[from] item: Leftovers\n|upkeep\n|turn|27\n|\n|t:|1700569204\n|switch|p1a: De|Great Tusk|97\/100\n|move|p2a: Ting-Lu|Earthquake|p1a: De\n|-damage|p1a: De|73\/100\n|\n|-heal|p1a: De|79\/100|[from] item: Leftovers\n|-heal|p2a: Ting-Lu|99\/100|[from] item: Leftovers\n|upkeep\n|turn|28\n|\n|t:|1700569212\n|switch|p2a: Fire was banned|Ogerpon-Wellspring, F|100\/100\n|move|p1a: De|Knock Off|p2a: Fire was banned\n|-damage|p2a: Fire was banned|77\/100\n|\n|-heal|p1a: De|86\/100|[from] item: Leftovers\n|upkeep\n|turn|29\n|\n|t:|1700569224\n|-end|p1a: De|Protosynthesis|[silent]\n|switch|p1a: Mpt|Dragapult, F|84\/100\n|move|p2a: Fire was banned|Play Rough|p1a: Mpt\n|-supereffective|p1a: Mpt\n|-damage|p1a: Mpt|0 fnt\n|faint|p1a: Mpt\n|\n|upkeep\n|\n|t:|1700569234\n|switch|p1a: I|Ogerpon-Wellspring-Tera, F, tera:Water|75\/100\n|-ability|p1a: I|Embody Aspect (Wellspring)|boost\n|-boost|p1a: I|spd|1\n|turn|30\n|\n|t:|1700569241\n|move|p2a: Fire was banned|Power Whip|p1a: I\n|-supereffective|p1a: I\n|-damage|p1a: I|0 fnt\n|faint|p1a: I\n|\n|upkeep\n|\n|t:|1700569244\n|switch|p1a: Re|Kingambit, M|100\/100\n|-activate|p1a: Re|ability: Supreme Overlord\n|-start|p1a: Re|fallen4|[silent]\n|turn|31\n|\n|t:|1700569249\n|move|p2a: Fire was banned|Ivy Cudgel|p1a: Re|[anim] Ivy Cudgel Water\n|-crit|p1a: Re\n|-damage|p1a: Re|27\/100\n|move|p1a: Re|Kowtow Cleave|p2a: Fire was banned\n|-damage|p2a: Fire was banned|0 fnt\n|faint|p2a: Fire was banned\n|\n|upkeep\n|\n|t:|1700569259\n|switch|p2a: femboy vtuber|Iron Valiant, tera:Electric|52\/100\n|turn|32\n|\n|t:|1700569263\n|move|p1a: Re|Sucker Punch|p2a: femboy vtuber\n|-damage|p2a: femboy vtuber|0 fnt\n|faint|p2a: femboy vtuber\n|-end|p2a: femboy vtuber|Quark Drive|[silent]\n|\n|upkeep\n|\n|t:|1700569266\n|switch|p2a: Ting-Lu|Ting-Lu|99\/100\n|-ability|p2a: Ting-Lu|Vessel of Ruin\n|turn|33\n|\n|t:|1700569272\n|move|p1a: Re|Iron Head|p2a: Ting-Lu\n|-damage|p2a: Ting-Lu|73\/100\n|cant|p2a: Ting-Lu|flinch\n|\n|-heal|p2a: Ting-Lu|79\/100|[from] item: Leftovers\n|upkeep\n|turn|34\n|\n|t:|1700569279\n|move|p1a: Re|Iron Head|p2a: Ting-Lu\n|-damage|p2a: Ting-Lu|52\/100\n|move|p2a: Ting-Lu|Earthquake|p1a: Re\n|-supereffective|p1a: Re\n|-damage|p1a: Re|0 fnt\n|faint|p1a: Re\n|-end|p1a: Re|fallen4|[silent]\n|\n|-heal|p2a: Ting-Lu|58\/100|[from] item: Leftovers\n|upkeep\n|\n|t:|1700569284\n|switch|p1a: De|Great Tusk|86\/100\n|turn|35\n|\n|t:|1700569288\n|move|p1a: De|Knock Off|p2a: Ting-Lu\n|-resisted|p2a: Ting-Lu\n|-damage|p2a: Ting-Lu|52\/100\n|-enditem|p2a: Ting-Lu|Leftovers|[from] move: Knock Off|[of] p1a: De\n|move|p2a: Ting-Lu|Earthquake|p1a: De\n|-damage|p1a: De|64\/100\n|\n|-heal|p1a: De|70\/100|[from] item: Leftovers\n|upkeep\n|turn|36\n|\n|t:|1700569295\n|move|p1a: De|Bulk Up|p1a: De\n|-boost|p1a: De|atk|1\n|-boost|p1a: De|def|1\n|move|p2a: Ting-Lu|Earthquake|p1a: De\n|-damage|p1a: De|54\/100\n|\n|-heal|p1a: De|60\/100|[from] item: Leftovers\n|upkeep\n|turn|37\n|\n|t:|1700569303\n|move|p1a: De|Earthquake|p2a: Ting-Lu\n|-damage|p2a: Ting-Lu|25\/100\n|move|p2a: Ting-Lu|Earthquake|p1a: De\n|-damage|p1a: De|44\/100\n|\n|-heal|p1a: De|50\/100|[from] item: Leftovers\n|upkeep\n|turn|38\n|\n|t:|1700569306\n|move|p1a: De|Earthquake|p2a: Ting-Lu\n|-damage|p2a: Ting-Lu|0 fnt\n|faint|p2a: Ting-Lu\n|\n|-heal|p1a: De|56\/100|[from] item: Leftovers\n|upkeep\n|\n|t:|1700569309\n|switch|p2a: Trump?|Gholdengo|73\/100\n|turn|39\n|c|\u2606Seylisensei|gg\n|\n|t:|1700569315\n|move|p1a: De|Earthquake|p2a: Trump?\n|-supereffective|p2a: Trump?\n|-damage|p2a: Trump?|0 fnt\n|faint|p2a: Trump?\n|\n|win|Seylisensei\n|raw|Seylisensei's rating: 1345 &rarr; <strong>1371<\/strong><br \/>(+26 for winning)\n|raw|cascasc's rating: 1446 &rarr; <strong>1420<\/strong><br \/>(-26 for losing)\n|l|\u2606cascasc\n","uploadtime":1700569323,"views":3,"p1id":"seylisensei","p2id":"cascasc","formatid":"gen9ou","rating":1371,"private":0,"password":""}