{"id":"gen9ou-1990456521","p1":"danz12","p2":"Xterio","format":"[Gen 9] OU","log":"|j|\u2606danz12\n|j|\u2606Xterio\n|t:|1699972709\n|gametype|singles\n|player|p1|danz12|nate|1088\n|player|p2|Xterio|102|1113\n|teamsize|p1|6\n|teamsize|p2|6\n|gen|9\n|tier|[Gen 9] OU\n|rated|\n|rule|Sleep Clause Mod: Limit one foe put to sleep\n|rule|Species Clause: Limit one of each Pok\u00e9mon\n|rule|OHKO Clause: OHKO moves are banned\n|rule|Evasion Items Clause: Evasion items are banned\n|rule|Evasion Moves Clause: Evasion moves are banned\n|rule|Endless Battle Clause: Forcing endless battles is banned\n|rule|HP Percentage Mod: HP is shown in percentages\n|clearpoke\n|poke|p1|Garganacl, F|\n|poke|p1|Clodsire, F|\n|poke|p1|Moltres-Galar|\n|poke|p1|Ceruledge, F|\n|poke|p1|Meowscarada, M|\n|poke|p1|Dragapult, M|\n|poke|p2|Zapdos|\n|poke|p2|Pelipper, F|\n|poke|p2|Barraskewda, F|\n|poke|p2|Krookodile, F|\n|poke|p2|Hatterene, F|\n|poke|p2|Gengar, F|\n|teampreview\n|inactive|Battle timer is ON: inactive players will automatically lose when time's up. (requested by danz12)\n|\n|t:|1699972716\n|start\n|switch|p1a: Meowscarada|Meowscarada, M|100\/100\n|switch|p2a: Pelipper|Pelipper, F|100\/100\n|-weather|RainDance|[from] ability: Drizzle|[of] p2a: Pelipper\n|turn|1\n|\n|t:|1699972723\n|move|p1a: Meowscarada|U-turn|p2a: Pelipper\n|-start|p1a: Meowscarada|typechange|Bug|[from] ability: Protean\n|-resisted|p2a: Pelipper\n|-damage|p2a: Pelipper|82\/100\n|\n|t:|1699972726\n|switch|p1a: Clodsire|Clodsire, F|100\/100|[from] U-turn\n|move|p2a: Pelipper|Knock Off|p1a: Clodsire\n|-damage|p1a: Clodsire|88\/100\n|-enditem|p1a: Clodsire|Black Sludge|[from] move: Knock Off|[of] p2a: Pelipper\n|\n|-weather|RainDance|[upkeep]\n|upkeep\n|turn|2\n|\n|t:|1699972735\n|move|p2a: Pelipper|U-turn|p1a: Clodsire\n|-resisted|p1a: Clodsire\n|-damage|p1a: Clodsire|84\/100\n|\n|t:|1699972738\n|switch|p2a: Krookodile|Krookodile, F|100\/100|[from] U-turn\n|-ability|p2a: Krookodile|Intimidate|boost\n|-unboost|p1a: Clodsire|atk|1\n|move|p1a: Clodsire|Stealth Rock|p2a: Krookodile\n|-sidestart|p2: Xterio|move: Stealth Rock\n|\n|-weather|RainDance|[upkeep]\n|upkeep\n|turn|3\n|\n|t:|1699972745\n|switch|p1a: Moltres|Moltres-Galar, shiny|100\/100\n|move|p2a: Krookodile|Earthquake|p1a: Moltres\n|-immune|p1a: Moltres\n|\n|-weather|RainDance|[upkeep]\n|upkeep\n|turn|4\n|\n|t:|1699972755\n|move|p2a: Krookodile|Knock Off|p1a: Moltres\n|-resisted|p1a: Moltres\n|-damage|p1a: Moltres|66\/100\n|-enditem|p1a: Moltres|Weakness Policy|[from] move: Knock Off|[of] p2a: Krookodile\n|-damage|p2a: Krookodile|91\/100|[from] item: Life Orb\n|move|p1a: Moltres|Hurricane|p2a: Krookodile\n|-damage|p2a: Krookodile|18\/100\n|\n|-weather|RainDance|[upkeep]\n|upkeep\n|turn|5\n|\n|t:|1699972765\n|move|p2a: Krookodile|Stealth Rock|p1a: Moltres\n|-sidestart|p1: danz12|move: Stealth Rock\n|move|p1a: Moltres|Agility|p1a: Moltres\n|-boost|p1a: Moltres|spe|2\n|\n|-weather|RainDance|[upkeep]\n|upkeep\n|turn|6\n|\n|t:|1699972771\n|move|p1a: Moltres|Hurricane|p2a: Krookodile\n|-damage|p2a: Krookodile|0 fnt\n|faint|p2a: Krookodile\n|\n|-weather|RainDance|[upkeep]\n|upkeep\n|\n|t:|1699972776\n|switch|p2a: Barraskewda|Barraskewda, F|100\/100\n|-damage|p2a: Barraskewda|88\/100|[from] Stealth Rock\n|turn|7\n|\n|t:|1699972780\n|move|p2a: Barraskewda|Flip Turn|p1a: Moltres\n|-crit|p1a: Moltres\n|-damage|p1a: Moltres|0 fnt\n|faint|p1a: Moltres\n|\n|t:|1699972785\n|switch|p2a: Gengar|Gengar, F|100\/100|[from] Flip Turn\n|-damage|p2a: Gengar|88\/100|[from] Stealth Rock\n|-item|p2a: Gengar|Air Balloon\n|\n|-weather|RainDance|[upkeep]\n|upkeep\n|\n|t:|1699972794\n|switch|p1a: Meowscarada|Meowscarada, M|100\/100\n|-damage|p1a: Meowscarada|88\/100|[from] Stealth Rock\n|turn|8\n|\n|t:|1699972817\n|move|p1a: Meowscarada|U-turn|p2a: Gengar\n|-start|p1a: Meowscarada|typechange|Bug|[from] ability: Protean\n|-resisted|p2a: Gengar\n|-damage|p2a: Gengar|72\/100\n|-start|p1a: Meowscarada|Disable|U-turn|[from] ability: Cursed Body|[of] p2a: Gengar\n|-enditem|p2a: Gengar|Air Balloon\n|\n|t:|1699972821\n|switch|p1a: Clodsire|Clodsire, F|84\/100|[from] U-turn\n|-damage|p1a: Clodsire|78\/100|[from] Stealth Rock\n|move|p2a: Gengar|Sludge Bomb|p1a: Clodsire\n|-resisted|p1a: Clodsire\n|-damage|p1a: Clodsire|71\/100\n|\n|-weather|none\n|upkeep\n|turn|9\n|\n|t:|1699972835\n|move|p2a: Gengar|Destiny Bond|p2a: Gengar\n|-singlemove|p2a: Gengar|Destiny Bond\n|move|p1a: Clodsire|Earthquake|p2a: Gengar\n|-supereffective|p2a: Gengar\n|-damage|p2a: Gengar|0 fnt\n|faint|p2a: Gengar\n|-activate|p2a: Gengar|move: Destiny Bond\n|faint|p1a: Clodsire\n|\n|upkeep\n|c|\u2606danz12|well played\n|\n|t:|1699972843\n|switch|p2a: Pelipper|Pelipper, F|82\/100\n|switch|p1a: Dragapult|Dragapult, M|100\/100\n|-damage|p1a: Dragapult|88\/100|[from] Stealth Rock\n|-damage|p2a: Pelipper|57\/100|[from] Stealth Rock\n|-weather|RainDance|[from] ability: Drizzle|[of] p2a: Pelipper\n|turn|10\n|\n|t:|1699972851\n|move|p1a: Dragapult|Shadow Ball|p2a: Pelipper\n|-damage|p2a: Pelipper|0 fnt\n|faint|p2a: Pelipper\n|\n|-weather|RainDance|[upkeep]\n|upkeep\n|\n|t:|1699972856\n|switch|p2a: Hatterene|Hatterene, F|100\/100\n|-damage|p2a: Hatterene|88\/100|[from] Stealth Rock\n|turn|11\n|\n|t:|1699972860\n|switch|p2a: Barraskewda|Barraskewda, F|88\/100\n|-damage|p2a: Barraskewda|75\/100|[from] Stealth Rock\n|move|p1a: Dragapult|Shadow Ball|p2a: Barraskewda\n|-damage|p2a: Barraskewda|0 fnt\n|faint|p2a: Barraskewda\n|\n|-weather|RainDance|[upkeep]\n|upkeep\n|c|\u2606danz12|?\n|\n|t:|1699972868\n|switch|p2a: Hatterene|Hatterene, F|88\/100\n|-damage|p2a: Hatterene|76\/100|[from] Stealth Rock\n|turn|12\n|c|\u2606danz12|missclick?\n|\n|t:|1699972872\n|move|p1a: Dragapult|Shadow Ball|p2a: Hatterene\n|-supereffective|p2a: Hatterene\n|-damage|p2a: Hatterene|0 fnt\n|faint|p2a: Hatterene\n|\n|-weather|RainDance|[upkeep]\n|upkeep\n|-message|Xterio forfeited.\n|\n|win|danz12\n|raw|danz12's rating: 1088 &rarr; <strong>1117<\/strong><br \/>(+29 for winning)\n|raw|Xterio's rating: 1113 &rarr; <strong>1086<\/strong><br \/>(-27 for losing)\n|l|\u2606Xterio\n","uploadtime":1699972879,"views":7,"p1id":"danz12","p2id":"xterio","formatid":"gen9ou","rating":1086,"private":0,"password":""}