{"id":"gen9ou-1999627780","p1":"Ysward","p2":"Clwredemption","format":"[Gen 9] OU","log":"|j|\u2606Ysward\n|j|\u2606Clwredemption\n|t:|1701102550\n|gametype|singles\n|player|p1|Ysward|1|1439\n|player|p2|Clwredemption|266|1425\n|teamsize|p1|6\n|teamsize|p2|6\n|gen|9\n|tier|[Gen 9] OU\n|rated|\n|rule|Sleep Clause Mod: Limit one foe put to sleep\n|rule|Species Clause: Limit one of each Pok\u00e9mon\n|rule|OHKO Clause: OHKO moves are banned\n|rule|Evasion Items Clause: Evasion items are banned\n|rule|Evasion Moves Clause: Evasion moves are banned\n|rule|Endless Battle Clause: Forcing endless battles is banned\n|rule|HP Percentage Mod: HP is shown in percentages\n|clearpoke\n|poke|p1|Alomomola, F|\n|poke|p1|Slowking-Galar, F|\n|poke|p1|Kingambit, F|\n|poke|p1|Great Tusk|\n|poke|p1|Cinderace, F|\n|poke|p1|Thundurus-Therian, M|\n|poke|p2|Samurott-Hisui, M|\n|poke|p2|Great Tusk|\n|poke|p2|Zapdos|\n|poke|p2|Dragapult, F|\n|poke|p2|Ogerpon-Wellspring, F|\n|poke|p2|Glimmora, F|\n|teampreview\n|\n|t:|1701102575\n|start\n|switch|p1a: Alomomola|Alomomola, F|100\/100\n|switch|p2a: Dragapult|Dragapult, F|100\/100\n|turn|1\n|\n|t:|1701102582\n|move|p2a: Dragapult|Draco Meteor|p1a: Alomomola\n|-damage|p1a: Alomomola|29\/100\n|-unboost|p2a: Dragapult|spa|2\n|-enditem|p1a: Alomomola|Red Card|[of] p2a: Dragapult\n|drag|p2a: Great Tusk|Great Tusk|100\/100\n|-enditem|p2a: Great Tusk|Booster Energy\n|-activate|p2a: Great Tusk|ability: Protosynthesis|[fromitem]\n|-start|p2a: Great Tusk|protosynthesisspe\n|move|p1a: Alomomola|Flip Turn|p2a: Great Tusk\n|-supereffective|p2a: Great Tusk\n|-damage|p2a: Great Tusk|81\/100\n|\n|t:|1701102594\n|switch|p1a: Thundurus|Thundurus-Therian, M|100\/100|[from] Flip Turn\n|\n|upkeep\n|turn|2\n|\n|t:|1701102603\n|-end|p2a: Great Tusk|Protosynthesis|[silent]\n|switch|p2a: Glimmora|Glimmora, F|100\/100\n|move|p1a: Thundurus|Grass Knot|p2a: Glimmora\n|-damage|p2a: Glimmora|48\/100\n|\n|upkeep\n|turn|3\n|\n|t:|1701102610\n|move|p1a: Thundurus|Grass Knot|p2a: Glimmora\n|-damage|p2a: Glimmora|0 fnt\n|faint|p2a: Glimmora\n|\n|upkeep\n|\n|t:|1701102613\n|switch|p2a: Dragapult|Dragapult, F|100\/100\n|turn|4\n|\n|t:|1701102635\n|switch|p1a: Kingambit|Kingambit, F|100\/100\n|move|p2a: Dragapult|Flamethrower|p1a: Kingambit\n|-supereffective|p1a: Kingambit\n|-damage|p1a: Kingambit|20\/100\n|\n|-heal|p1a: Kingambit|26\/100|[from] item: Leftovers\n|upkeep\n|turn|5\n|\n|t:|1701102643\n|switch|p2a: Samurott|Samurott-Hisui, M|100\/100\n|move|p1a: Kingambit|Sucker Punch||[still]\n|-fail|p1a: Kingambit\n|\n|-heal|p1a: Kingambit|32\/100|[from] item: Leftovers\n|upkeep\n|turn|6\n|\n|t:|1701102650\n|-end|p1a: Kingambit|fallenundefined|[silent]\n|switch|p1a: Great Tusk|Great Tusk|100\/100\n|move|p2a: Samurott|Ceaseless Edge|p1a: Great Tusk\n|-resisted|p1a: Great Tusk\n|-damage|p1a: Great Tusk|83\/100\n|-damage|p2a: Samurott|84\/100|[from] item: Rocky Helmet|[of] p1a: Great Tusk\n|-sidestart|p1: Ysward|Spikes\n|\n|upkeep\n|turn|7\n|\n|t:|1701102657\n|switch|p2a: Zapdos|Zapdos|100\/100\n|move|p1a: Great Tusk|Rapid Spin|p2a: Zapdos\n|-damage|p2a: Zapdos|88\/100\n|-boost|p1a: Great Tusk|spe|1\n|-sideend|p1: Ysward|Spikes|[from] move: Rapid Spin|[of] p1a: Great Tusk\n|\n|upkeep\n|turn|8\n|\n|t:|1701102667\n|switch|p2a: Dragapult|Dragapult, F|100\/100\n|move|p1a: Great Tusk|Stealth Rock|p2a: Dragapult\n|-sidestart|p2: Clwredemption|move: Stealth Rock\n|\n|upkeep\n|turn|9\n|\n|t:|1701102681\n|move|p1a: Great Tusk|Ice Spinner|p2a: Dragapult\n|-supereffective|p2a: Dragapult\n|-damage|p2a: Dragapult|24\/100\n|move|p2a: Dragapult|Shadow Ball|p1a: Great Tusk\n|-damage|p1a: Great Tusk|10\/100\n|\n|upkeep\n|turn|10\n|\n|t:|1701102687\n|switch|p2a: Samurott|Samurott-Hisui, M|84\/100\n|-damage|p2a: Samurott|72\/100|[from] Stealth Rock\n|move|p1a: Great Tusk|Ice Spinner|p2a: Samurott\n|-resisted|p2a: Samurott\n|-damage|p2a: Samurott|54\/100\n|\n|upkeep\n|turn|11\n|\n|t:|1701102695\n|move|p1a: Great Tusk|Headlong Rush|p2a: Samurott\n|-damage|p2a: Samurott|0 fnt\n|-unboost|p1a: Great Tusk|def|1\n|-unboost|p1a: Great Tusk|spd|1\n|faint|p2a: Samurott\n|\n|upkeep\n|\n|t:|1701102700\n|switch|p2a: Great Tusk|Great Tusk|81\/100\n|-damage|p2a: Great Tusk|78\/100|[from] Stealth Rock\n|turn|12\n|\n|t:|1701102707\n|move|p1a: Great Tusk|Headlong Rush|p2a: Great Tusk\n|-damage|p2a: Great Tusk|36\/100\n|-unboost|p1a: Great Tusk|def|1\n|-unboost|p1a: Great Tusk|spd|1\n|move|p2a: Great Tusk|Ice Spinner|p1a: Great Tusk\n|-supereffective|p1a: Great Tusk\n|-damage|p1a: Great Tusk|0 fnt\n|-damage|p2a: Great Tusk|20\/100|[from] item: Rocky Helmet|[of] p1a: Great Tusk\n|faint|p1a: Great Tusk\n|-end|p1a: Great Tusk|Protosynthesis|[silent]\n|\n|upkeep\n|\n|t:|1701102725\n|switch|p1a: Thundurus|Thundurus-Therian, M|100\/100\n|turn|13\n|\n|t:|1701102727\n|move|p1a: Thundurus|Knock Off|p2a: Great Tusk\n|-resisted|p2a: Great Tusk\n|-damage|p2a: Great Tusk|15\/100\n|move|p2a: Great Tusk|Ice Spinner|p1a: Thundurus\n|-supereffective|p1a: Thundurus\n|-damage|p1a: Thundurus|32\/100\n|\n|upkeep\n|turn|14\n|\n|t:|1701102733\n|switch|p1a: Alomomola|Alomomola, F|62\/100\n|move|p2a: Great Tusk|Ice Spinner|p1a: Alomomola\n|-resisted|p1a: Alomomola\n|-damage|p1a: Alomomola|55\/100\n|\n|upkeep\n|turn|15\n|\n|t:|1701102740\n|move|p2a: Great Tusk|Bulk Up|p2a: Great Tusk\n|-boost|p2a: Great Tusk|atk|1\n|-boost|p2a: Great Tusk|def|1\n|move|p1a: Alomomola|Wish|p1a: Alomomola\n|\n|upkeep\n|turn|16\n|\n|t:|1701102747\n|move|p2a: Great Tusk|Earthquake|p1a: Alomomola\n|-damage|p1a: Alomomola|18\/100\n|move|p1a: Alomomola|Flip Turn|p2a: Great Tusk\n|-supereffective|p2a: Great Tusk\n|-damage|p2a: Great Tusk|0 fnt\n|faint|p2a: Great Tusk\n|-end|p2a: Great Tusk|Protosynthesis|[silent]\n|\n|t:|1701102757\n|switch|p1a: Kingambit|Kingambit, F|32\/100|[from] Flip Turn\n|-activate|p1a: Kingambit|ability: Supreme Overlord\n|-start|p1a: Kingambit|fallen1|[silent]\n|\n|-heal|p1a: Kingambit|91\/100|[from] move: Wish|[wisher] Alomomola\n|-heal|p1a: Kingambit|97\/100|[from] item: Leftovers\n|upkeep\n|\n|t:|1701102761\n|switch|p2a: Zapdos|Zapdos|88\/100\n|turn|17\n|\n|t:|1701102769\n|-end|p1a: Kingambit|fallen1|[silent]\n|switch|p1a: Thundurus|Thundurus-Therian, M|32\/100\n|move|p2a: Zapdos|Hurricane|p1a: Thundurus\n|-resisted|p1a: Thundurus\n|-damage|p1a: Thundurus|0 fnt\n|faint|p1a: Thundurus\n|\n|upkeep\n|\n|t:|1701102775\n|switch|p1a: Slowking|Slowking-Galar, F|100\/100\n|turn|18\n|\n|t:|1701102780\n|move|p2a: Zapdos|Volt Switch|p1a: Slowking\n|-damage|p1a: Slowking|83\/100\n|\n|t:|1701102783\n|switch|p2a: Dragapult|Dragapult, F|24\/100|[from] Volt Switch\n|-damage|p2a: Dragapult|11\/100|[from] Stealth Rock\n|move|p1a: Slowking|Future Sight|p2a: Dragapult\n|-start|p1a: Slowking|move: Future Sight\n|\n|upkeep\n|turn|19\n|\n|t:|1701102789\n|switch|p1a: Alomomola|Alomomola, F|51\/100\n|move|p2a: Dragapult|Flamethrower|p1a: Alomomola\n|-resisted|p1a: Alomomola\n|-damage|p1a: Alomomola|34\/100\n|\n|upkeep\n|turn|20\n|\n|t:|1701102802\n|switch|p1a: Slowking|Slowking-Galar, F|100\/100\n|move|p2a: Dragapult|Flamethrower|p1a: Slowking\n|-damage|p1a: Slowking|79\/100\n|\n|-end|p2a: Dragapult|move: Future Sight\n|-crit|p2a: Dragapult\n|-damage|p2a: Dragapult|0 fnt\n|faint|p2a: Dragapult\n|upkeep\n|\n|t:|1701102807\n|switch|p2a: Ogerpon|Ogerpon-Wellspring, F|100\/100\n|-damage|p2a: Ogerpon|88\/100|[from] Stealth Rock\n|turn|21\n|\n|t:|1701102813\n|-terastallize|p2a: Ogerpon|Water\n|detailschange|p2a: Ogerpon|Ogerpon-Wellspring-Tera, F, tera:Water\n|-ability|p2a: Ogerpon|Embody Aspect (Wellspring)|boost\n|-boost|p2a: Ogerpon|spd|1\n|move|p2a: Ogerpon|Swords Dance|p2a: Ogerpon\n|-boost|p2a: Ogerpon|atk|2\n|move|p1a: Slowking|Sludge Bomb|p2a: Ogerpon\n|-damage|p2a: Ogerpon|62\/100\n|\n|upkeep\n|turn|22\n|\n|t:|1701102822\n|move|p2a: Ogerpon|Knock Off|p1a: Slowking\n|-supereffective|p1a: Slowking\n|-damage|p1a: Slowking|0 fnt\n|-enditem|p1a: Slowking|Heavy-Duty Boots|[from] move: Knock Off|[of] p2a: Ogerpon\n|faint|p1a: Slowking\n|\n|upkeep\n|\n|t:|1701102827\n|switch|p1a: Alomomola|Alomomola, F|67\/100\n|turn|23\n|\n|t:|1701102831\n|move|p2a: Ogerpon|Power Whip|p1a: Alomomola\n|-supereffective|p1a: Alomomola\n|-damage|p1a: Alomomola|0 fnt\n|faint|p1a: Alomomola\n|\n|upkeep\n|\n|t:|1701102836\n|switch|p1a: Kingambit|Kingambit, F|97\/100\n|-activate|p1a: Kingambit|ability: Supreme Overlord\n|-start|p1a: Kingambit|fallen4|[silent]\n|turn|24\n|\n|t:|1701102846\n|move|p1a: Kingambit|Sucker Punch|p2a: Ogerpon\n|-damage|p2a: Ogerpon|0 fnt\n|faint|p2a: Ogerpon\n|\n|-heal|p1a: Kingambit|100\/100|[from] item: Leftovers\n|upkeep\n|\n|t:|1701102848\n|switch|p2a: Zapdos|Zapdos|88\/100\n|turn|25\n|\n|t:|1701102856\n|move|p2a: Zapdos|Thunder Wave|p1a: Kingambit\n|-status|p1a: Kingambit|par\n|move|p1a: Kingambit|Kowtow Cleave|p2a: Zapdos\n|-damage|p2a: Zapdos|38\/100\n|\n|upkeep\n|turn|26\n|\n|t:|1701102864\n|move|p2a: Zapdos|Roost|p2a: Zapdos\n|-heal|p2a: Zapdos|88\/100\n|-singleturn|p2a: Zapdos|move: Roost\n|cant|p1a: Kingambit|par\n|\n|upkeep\n|turn|27\n|\n|t:|1701102868\n|move|p2a: Zapdos|Hurricane|p1a: Kingambit\n|-resisted|p1a: Kingambit\n|-damage|p1a: Kingambit|78\/100 par\n|move|p1a: Kingambit|Swords Dance|p1a: Kingambit\n|-boost|p1a: Kingambit|atk|2\n|\n|-heal|p1a: Kingambit|84\/100 par|[from] item: Leftovers\n|upkeep\n|turn|28\n|\n|t:|1701102873\n|move|p2a: Zapdos|Hurricane|p1a: Kingambit\n|-resisted|p1a: Kingambit\n|-damage|p1a: Kingambit|60\/100 par\n|move|p1a: Kingambit|Kowtow Cleave|p2a: Zapdos\n|-damage|p2a: Zapdos|0 fnt\n|faint|p2a: Zapdos\n|\n|win|Ysward\n|raw|Ysward's rating: 1439 &rarr; <strong>1458<\/strong><br \/>(+19 for winning)\n|raw|Clwredemption's rating: 1425 &rarr; <strong>1406<\/strong><br \/>(-19 for losing)\n|c|\u2606Clwredemption|gg\n|c|\u2606Ysward|gg]\n","uploadtime":1701102904,"views":2,"p1id":"ysward","p2id":"clwredemption","formatid":"gen9ou","rating":1406,"private":0,"password":""}