{"id":"gen9ou-1996836779","p1":"glhfOvO","p2":"jeanmilapipe","format":"[Gen 9] OU","log":"|j|\u2606glhfOvO\n|j|\u2606jeanmilapipe\n|t:|1700733159\n|gametype|singles\n|player|p1|glhfOvO|backersf|1807\n|player|p2|jeanmilapipe|n|1806\n|teamsize|p1|6\n|teamsize|p2|6\n|gen|9\n|tier|[Gen 9] OU\n|rated|\n|rule|Sleep Clause Mod: Limit one foe put to sleep\n|rule|Species Clause: Limit one of each Pok\u00e9mon\n|rule|OHKO Clause: OHKO moves are banned\n|rule|Evasion Items Clause: Evasion items are banned\n|rule|Evasion Moves Clause: Evasion moves are banned\n|rule|Endless Battle Clause: Forcing endless battles is banned\n|rule|HP Percentage Mod: HP is shown in percentages\n|clearpoke\n|poke|p1|Pelipper, M|\n|poke|p1|Basculegion, M|\n|poke|p1|Greninja-*, M|\n|poke|p1|Zapdos|\n|poke|p1|Iron Treads|\n|poke|p1|Kingambit, M|\n|poke|p2|Ceruledge, M|\n|poke|p2|Samurott-Hisui, F|\n|poke|p2|Dragonite, M|\n|poke|p2|Toxtricity, F|\n|poke|p2|Corviknight, M|\n|poke|p2|Cinderace, F|\n|teampreview\n|inactive|Battle timer is ON: inactive players will automatically lose when time's up. (requested by glhfOvO)\n|\n|t:|1700733169\n|start\n|switch|p1a: Pelipper|Pelipper, M|100\/100\n|switch|p2a: Toxtricity|Toxtricity, F|100\/100\n|-weather|RainDance|[from] ability: Drizzle|[of] p1a: Pelipper\n|turn|1\n|\n|t:|1700733177\n|switch|p1a: Iron Treads|Iron Treads|100\/100\n|-enditem|p1a: Iron Treads|Booster Energy\n|-activate|p1a: Iron Treads|ability: Quark Drive|[fromitem]\n|-start|p1a: Iron Treads|quarkdrivespe\n|move|p2a: Toxtricity|Boomburst|p1a: Iron Treads\n|-resisted|p1a: Iron Treads\n|-damage|p1a: Iron Treads|46\/100\n|\n|-weather|RainDance|[upkeep]\n|upkeep\n|turn|2\n|\n|t:|1700733188\n|move|p1a: Iron Treads|Earthquake|p2a: Toxtricity\n|-supereffective|p2a: Toxtricity\n|-damage|p2a: Toxtricity|0 fnt\n|faint|p2a: Toxtricity\n|\n|-weather|RainDance|[upkeep]\n|upkeep\n|j| avernux\n|\n|t:|1700733197\n|switch|p2a: Samurott|Samurott-Hisui, F|100\/100\n|turn|3\n|\n|t:|1700733201\n|move|p2a: Samurott|Aqua Jet|p1a: Iron Treads\n|-supereffective|p1a: Iron Treads\n|-damage|p1a: Iron Treads|0 fnt\n|faint|p1a: Iron Treads\n|-end|p1a: Iron Treads|Quark Drive|[silent]\n|\n|-weather|RainDance|[upkeep]\n|upkeep\n|\n|t:|1700733207\n|switch|p1a: Zapdos|Zapdos, shiny|100\/100\n|turn|4\n|\n|t:|1700733215\n|switch|p2a: Cinderace|Cinderace, F|100\/100\n|move|p1a: Zapdos|Thunderbolt|p2a: Cinderace\n|-damage|p2a: Cinderace|37\/100\n|\n|-weather|RainDance|[upkeep]\n|upkeep\n|turn|5\n|\n|t:|1700733223\n|move|p2a: Cinderace|Will-O-Wisp|p1a: Zapdos\n|-status|p1a: Zapdos|brn\n|move|p1a: Zapdos|Volt Switch|p2a: Cinderace\n|-damage|p2a: Cinderace|0 fnt\n|faint|p2a: Cinderace\n|j| mew852\n|\n|t:|1700733230\n|switch|p1a: Basculegion|Basculegion, M|100\/100|[from] Volt Switch\n|\n|-weather|RainDance|[upkeep]\n|upkeep\n|j| deneme12\n|j| Moonblxstic\n|j| t-modesty\n|\n|t:|1700733250\n|switch|p2a: Samurott|Samurott-Hisui, F|100\/100\n|turn|6\n|\n|t:|1700733254\n|move|p1a: Basculegion|Wave Crash|p2a: Samurott\n|-resisted|p2a: Samurott\n|-damage|p2a: Samurott|23\/100\n|-damage|p1a: Basculegion|79\/100|[from] Recoil\n|move|p2a: Samurott|Ceaseless Edge|p1a: Basculegion\n|-supereffective|p1a: Basculegion\n|-damage|p1a: Basculegion|0 fnt\n|-sidestart|p1: glhfOvO|Spikes\n|faint|p1a: Basculegion\n|\n|-weather|RainDance|[upkeep]\n|upkeep\n|\n|t:|1700733261\n|switch|p1a: Greninja|Greninja, M|100\/100\n|-damage|p1a: Greninja|88\/100|[from] Spikes\n|turn|7\n|\n|t:|1700733268\n|move|p2a: Samurott|Aqua Jet|p1a: Greninja\n|-resisted|p1a: Greninja\n|-damage|p1a: Greninja|57\/100\n|move|p1a: Greninja|Surf|p2a: Samurott\n|-resisted|p2a: Samurott\n|-damage|p2a: Samurott|0 fnt\n|faint|p2a: Samurott\n|-ability|p1a: Greninja|Battle Bond|boost\n|-boost|p1a: Greninja|atk|1\n|-boost|p1a: Greninja|spa|1\n|-boost|p1a: Greninja|spe|1\n|-activate|p1a: Greninja|ability: Battle Bond\n|-damage|p1a: Greninja|48\/100|[from] item: Life Orb\n|\n|-weather|RainDance|[upkeep]\n|upkeep\n|\n|t:|1700733281\n|switch|p2a: Dragonite|Dragonite, M|100\/100\n|turn|8\n|\n|t:|1700733287\n|-terastallize|p1a: Greninja|Ghost\n|-terastallize|p2a: Dragonite|Normal\n|move|p2a: Dragonite|Extreme Speed|p1a: Greninja\n|-immune|p1a: Greninja\n|move|p1a: Greninja|Dark Pulse|p2a: Dragonite\n|-damage|p2a: Dragonite|65\/100\n|-damage|p1a: Greninja|38\/100|[from] item: Life Orb\n|\n|-weather|none\n|upkeep\n|turn|9\n|\n|t:|1700733313\n|move|p1a: Greninja|Surf|p2a: Dragonite\n|-damage|p2a: Dragonite|0 fnt\n|faint|p2a: Dragonite\n|-damage|p1a: Greninja|28\/100|[from] item: Life Orb\n|\n|upkeep\n|-message|jeanmilapipe forfeited.\n|\n|win|glhfOvO\n|raw|glhfOvO's rating: 1807 &rarr; <strong>1827<\/strong><br \/>(+20 for winning)\n|raw|jeanmilapipe's rating: 1806 &rarr; <strong>1786<\/strong><br \/>(-20 for losing)\n|l|\u2606jeanmilapipe\n|l| Moonblxstic\n|l|\u2606glhfOvO\n|l| t-modesty\n|l| deneme12\n|l| avernux\n","uploadtime":1700733491,"views":7,"p1id":"glhfovo","p2id":"jeanmilapipe","formatid":"gen9ou","rating":1786,"private":0,"password":""}