{"id":"gen9ou-1993842451","p1":"draco9746","p2":"Iexisttosuffer","format":"[Gen 9] OU","log":"|j|\u2606draco9746\n|j|\u2606Iexisttosuffer\n|t:|1700364102\n|gametype|singles\n|player|p1|draco9746|cynthia|1369\n|player|p2|Iexisttosuffer|cilan|1317\n|teamsize|p1|6\n|teamsize|p2|6\n|gen|9\n|tier|[Gen 9] OU\n|rated|\n|rule|Sleep Clause Mod: Limit one foe put to sleep\n|rule|Species Clause: Limit one of each Pok\u00e9mon\n|rule|OHKO Clause: OHKO moves are banned\n|rule|Evasion Items Clause: Evasion items are banned\n|rule|Evasion Moves Clause: Evasion moves are banned\n|rule|Endless Battle Clause: Forcing endless battles is banned\n|rule|HP Percentage Mod: HP is shown in percentages\n|clearpoke\n|poke|p1|Sneasler, M|\n|poke|p1|Kingambit, F|\n|poke|p1|Hatterene, F|\n|poke|p1|Zapdos|\n|poke|p1|Great Tusk|\n|poke|p1|Ninetales-Alola, F|\n|poke|p2|Weavile, M|\n|poke|p2|Tyranitar, F|\n|poke|p2|Mamoswine, M|\n|poke|p2|Espeon, M|\n|poke|p2|Frosmoth, M|\n|poke|p2|Chandelure, M|\n|teampreview\n|inactive|Battle timer is ON: inactive players will automatically lose when time's up. (requested by draco9746)\n|\n|t:|1700364121\n|start\n|switch|p1a: Hatterene|Hatterene, F|100\/100\n|switch|p2a: Weavile|Weavile, M|100\/100\n|turn|1\n|\n|t:|1700364129\n|move|p2a: Weavile|Knock Off|p1a: Hatterene\n|-damage|p1a: Hatterene|61\/100\n|-enditem|p1a: Hatterene|Leftovers|[from] move: Knock Off|[of] p2a: Weavile\n|move|p1a: Hatterene|Draining Kiss|p2a: Weavile\n|-supereffective|p2a: Weavile\n|-damage|p2a: Weavile|37\/100\n|-heal|p1a: Hatterene|100\/100|[from] drain|[of] p2a: Weavile\n|\n|upkeep\n|turn|2\n|\n|t:|1700364136\n|move|p2a: Weavile|Icicle Crash|p1a: Hatterene\n|-damage|p1a: Hatterene|67\/100\n|move|p1a: Hatterene|Draining Kiss|p2a: Weavile\n|-supereffective|p2a: Weavile\n|-damage|p2a: Weavile|0 fnt\n|-heal|p1a: Hatterene|91\/100|[from] drain|[of] p2a: Weavile\n|faint|p2a: Weavile\n|\n|upkeep\n|\n|t:|1700364140\n|switch|p2a: Espeon|Espeon, M, shiny|100\/100\n|turn|3\n|\n|t:|1700364147\n|move|p2a: Espeon|Light Screen|p2a: Espeon\n|-sidestart|p2: Iexisttosuffer|move: Light Screen\n|move|p1a: Hatterene|Calm Mind|p1a: Hatterene\n|-boost|p1a: Hatterene|spa|1\n|-boost|p1a: Hatterene|spd|1\n|\n|upkeep\n|turn|4\n|\n|t:|1700364151\n|move|p2a: Espeon|Reflect|p2a: Espeon\n|-sidestart|p2: Iexisttosuffer|Reflect\n|move|p1a: Hatterene|Calm Mind|p1a: Hatterene\n|-boost|p1a: Hatterene|spa|1\n|-boost|p1a: Hatterene|spd|1\n|\n|upkeep\n|turn|5\n|\n|t:|1700364156\n|switch|p2a: Mamoswine|Mamoswine, M|100\/100\n|move|p1a: Hatterene|Calm Mind|p1a: Hatterene\n|-boost|p1a: Hatterene|spa|1\n|-boost|p1a: Hatterene|spd|1\n|\n|upkeep\n|turn|6\n|\n|t:|1700364163\n|move|p2a: Mamoswine|Iron Head|p1a: Hatterene\n|-supereffective|p1a: Hatterene\n|-damage|p1a: Hatterene|42\/100\n|cant|p1a: Hatterene|flinch\n|\n|upkeep\n|turn|7\n|\n|t:|1700364187\n|switch|p1a: Great Tusk|Great Tusk|100\/100\n|-enditem|p1a: Great Tusk|Booster Energy\n|-activate|p1a: Great Tusk|ability: Protosynthesis|[fromitem]\n|-start|p1a: Great Tusk|protosynthesisspe\n|move|p2a: Mamoswine|Iron Head|p1a: Great Tusk\n|-damage|p1a: Great Tusk|83\/100\n|\n|upkeep\n|turn|8\n|\n|t:|1700364208\n|move|p1a: Great Tusk|Headlong Rush|p2a: Mamoswine\n|-damage|p2a: Mamoswine|75\/100\n|-unboost|p1a: Great Tusk|def|1\n|-unboost|p1a: Great Tusk|spd|1\n|move|p2a: Mamoswine|Icicle Crash|p1a: Great Tusk\n|-supereffective|p1a: Great Tusk\n|-damage|p1a: Great Tusk|0 fnt\n|faint|p1a: Great Tusk\n|-end|p1a: Great Tusk|Protosynthesis|[silent]\n|\n|upkeep\n|\n|t:|1700364218\n|switch|p1a: Ninetales|Ninetales-Alola, F|100\/100\n|-weather|Snow|[from] ability: Snow Warning|[of] p1a: Ninetales\n|turn|9\n|\n|t:|1700364225\n|switch|p2a: Tyranitar|Tyranitar, F|100\/100\n|-weather|Sandstorm|[from] ability: Sand Stream|[of] p2a: Tyranitar\n|move|p1a: Ninetales|Encore||[still]\n|-fail|p1a: Ninetales\n|\n|-weather|Sandstorm|[upkeep]\n|-damage|p1a: Ninetales|94\/100|[from] Sandstorm\n|upkeep\n|turn|10\n|\n|t:|1700364238\n|switch|p1a: Hatterene|Hatterene, F|42\/100\n|move|p2a: Tyranitar|Stone Edge|p1a: Hatterene\n|-damage|p1a: Hatterene|0 fnt\n|faint|p1a: Hatterene\n|\n|-weather|Sandstorm|[upkeep]\n|-sideend|p2: Iexisttosuffer|move: Light Screen\n|upkeep\n|\n|t:|1700364245\n|switch|p1a: Ninetales|Ninetales-Alola, F|94\/100\n|-weather|Snow|[from] ability: Snow Warning|[of] p1a: Ninetales\n|turn|11\n|\n|t:|1700364251\n|switch|p2a: Mamoswine|Mamoswine, M|75\/100\n|move|p1a: Ninetales|Aurora Veil|p1a: Ninetales\n|-sidestart|p1: draco9746|move: Aurora Veil\n|\n|-weather|Snow|[upkeep]\n|-sideend|p2: Iexisttosuffer|Reflect\n|upkeep\n|turn|12\n|\n|t:|1700364262\n|move|p1a: Ninetales|Moonblast|p2a: Mamoswine\n|-damage|p2a: Mamoswine|52\/100\n|move|p2a: Mamoswine|Iron Head|p1a: Ninetales\n|-supereffective|p1a: Ninetales\n|-damage|p1a: Ninetales|41\/100\n|\n|-weather|Snow|[upkeep]\n|upkeep\n|turn|13\n|\n|t:|1700364271\n|move|p1a: Ninetales|Moonblast|p2a: Mamoswine\n|-damage|p2a: Mamoswine|30\/100\n|move|p2a: Mamoswine|Iron Head|p1a: Ninetales\n|-supereffective|p1a: Ninetales\n|-damage|p1a: Ninetales|0 fnt\n|faint|p1a: Ninetales\n|\n|-weather|Snow|[upkeep]\n|upkeep\n|\n|t:|1700364281\n|switch|p1a: Zapdos|Zapdos|100\/100\n|turn|14\n|\n|t:|1700364285\n|move|p2a: Mamoswine|Ice Shard|p1a: Zapdos\n|-supereffective|p1a: Zapdos\n|-damage|p1a: Zapdos|78\/100\n|move|p1a: Zapdos|Heat Wave|p2a: Mamoswine\n|-supereffective|p2a: Mamoswine\n|-damage|p2a: Mamoswine|8\/100\n|\n|-weather|Snow|[upkeep]\n|upkeep\n|turn|15\n|\n|t:|1700364293\n|move|p2a: Mamoswine|Ice Shard|p1a: Zapdos\n|-supereffective|p1a: Zapdos\n|-damage|p1a: Zapdos|56\/100\n|move|p1a: Zapdos|Hurricane|p2a: Mamoswine|[miss]\n|-miss|p1a: Zapdos|p2a: Mamoswine\n|\n|-weather|none\n|upkeep\n|turn|16\n|\n|t:|1700364299\n|move|p2a: Mamoswine|Ice Shard|p1a: Zapdos\n|-supereffective|p1a: Zapdos\n|-damage|p1a: Zapdos|35\/100\n|move|p1a: Zapdos|Hurricane|p2a: Mamoswine|[miss]\n|-miss|p1a: Zapdos|p2a: Mamoswine\n|\n|upkeep\n|turn|17\n|\n|t:|1700364305\n|move|p2a: Mamoswine|Ice Shard|p1a: Zapdos\n|-supereffective|p1a: Zapdos\n|-damage|p1a: Zapdos|14\/100\n|move|p1a: Zapdos|Heat Wave|p2a: Mamoswine\n|-supereffective|p2a: Mamoswine\n|-damage|p2a: Mamoswine|0 fnt\n|faint|p2a: Mamoswine\n|\n|upkeep\n|\n|t:|1700364313\n|switch|p2a: Espeon|Espeon, M, shiny|100\/100\n|turn|18\n|\n|t:|1700364332\n|move|p2a: Espeon|Reflect|p2a: Espeon\n|-sidestart|p2: Iexisttosuffer|Reflect\n|move|p1a: Zapdos|Hurricane|p2a: Espeon\n|-damage|p2a: Espeon|55\/100\n|-start|p2a: Espeon|confusion\n|\n|-sideend|p1: draco9746|move: Aurora Veil\n|upkeep\n|turn|19\n|\n|t:|1700364338\n|-activate|p2a: Espeon|confusion\n|move|p2a: Espeon|Light Screen|p2a: Espeon\n|-sidestart|p2: Iexisttosuffer|move: Light Screen\n|move|p1a: Zapdos|Hurricane|p2a: Espeon|[miss]\n|-miss|p1a: Zapdos|p2a: Espeon\n|\n|upkeep\n|turn|20\n|\n|t:|1700364343\n|-end|p2a: Espeon|confusion\n|move|p2a: Espeon|Psychic|p1a: Zapdos\n|-damage|p1a: Zapdos|0 fnt\n|faint|p1a: Zapdos\n|\n|upkeep\n|\n|t:|1700364373\n|switch|p1a: Sneasler|Sneasler, M|100\/100\n|turn|21\n|\n|t:|1700364376\n|move|p1a: Sneasler|Fake Out|p2a: Espeon\n|-enditem|p1a: Sneasler|Normal Gem|[from] gem\n|-crit|p2a: Espeon\n|-damage|p2a: Espeon|11\/100\n|cant|p2a: Espeon|flinch\n|\n|upkeep\n|turn|22\n|\n|t:|1700364383\n|move|p1a: Sneasler|Acrobatics|p2a: Espeon\n|-crit|p2a: Espeon\n|-damage|p2a: Espeon|0 fnt\n|faint|p2a: Espeon\n|\n|upkeep\n|\n|t:|1700364396\n|switch|p2a: Chandelure|Chandelure, M|100\/100\n|turn|23\n|\n|t:|1700364401\n|-terastallize|p1a: Sneasler|Flying\n|move|p1a: Sneasler|Acrobatics|p2a: Chandelure\n|-damage|p2a: Chandelure|63\/100\n|move|p2a: Chandelure|Psychic|p1a: Sneasler\n|-damage|p1a: Sneasler|53\/100\n|\n|upkeep\n|turn|24\n|\n|t:|1700364409\n|move|p1a: Sneasler|Acrobatics|p2a: Chandelure\n|-damage|p2a: Chandelure|28\/100\n|move|p2a: Chandelure|Fire Blast|p1a: Sneasler\n|-damage|p1a: Sneasler|0 fnt\n|faint|p1a: Sneasler\n|\n|upkeep\n|\n|t:|1700364416\n|switch|p1a: Kingambit|Kingambit, F|100\/100\n|-activate|p1a: Kingambit|ability: Supreme Overlord\n|-start|p1a: Kingambit|fallen5|[silent]\n|turn|25\n|\n|t:|1700364419\n|move|p1a: Kingambit|Sucker Punch|p2a: Chandelure\n|-supereffective|p2a: Chandelure\n|-damage|p2a: Chandelure|0 fnt\n|faint|p2a: Chandelure\n|\n|-sideend|p2: Iexisttosuffer|Reflect\n|upkeep\n|\n|t:|1700364423\n|switch|p2a: Frosmoth|Frosmoth, M|100\/100\n|turn|26\n|\n|t:|1700364429\n|move|p2a: Frosmoth|Quiver Dance|p2a: Frosmoth\n|-boost|p2a: Frosmoth|spa|1\n|-boost|p2a: Frosmoth|spd|1\n|-boost|p2a: Frosmoth|spe|1\n|move|p1a: Kingambit|Iron Head|p2a: Frosmoth\n|-supereffective|p2a: Frosmoth\n|-damage|p2a: Frosmoth|0 fnt\n|faint|p2a: Frosmoth\n|\n|-sideend|p2: Iexisttosuffer|move: Light Screen\n|upkeep\n|\n|t:|1700364431\n|switch|p2a: Tyranitar|Tyranitar, F|100\/100\n|-weather|Sandstorm|[from] ability: Sand Stream|[of] p2a: Tyranitar\n|turn|27\n|\n|t:|1700364440\n|-terastallize|p2a: Tyranitar|Flying\n|move|p2a: Tyranitar|Dragon Dance|p2a: Tyranitar\n|-boost|p2a: Tyranitar|atk|1\n|-boost|p2a: Tyranitar|spe|1\n|move|p1a: Kingambit|Low Kick|p2a: Tyranitar\n|-resisted|p2a: Tyranitar\n|-damage|p2a: Tyranitar|70\/100\n|\n|-weather|Sandstorm|[upkeep]\n|-damage|p2a: Tyranitar|64\/100|[from] Sandstorm\n|upkeep\n|turn|28\n|\n|t:|1700364450\n|move|p1a: Kingambit|Sucker Punch|p2a: Tyranitar\n|-damage|p2a: Tyranitar|10\/100\n|move|p2a: Tyranitar|Earthquake|p1a: Kingambit\n|-supereffective|p1a: Kingambit\n|-damage|p1a: Kingambit|8\/100\n|\n|-weather|Sandstorm|[upkeep]\n|-damage|p2a: Tyranitar|4\/100|[from] Sandstorm\n|upkeep\n|turn|29\n|\n|t:|1700364457\n|move|p1a: Kingambit|Sucker Punch||[still]\n|-fail|p1a: Kingambit\n|move|p2a: Tyranitar|Dragon Dance|p2a: Tyranitar\n|-boost|p2a: Tyranitar|atk|1\n|-boost|p2a: Tyranitar|spe|1\n|\n|-weather|Sandstorm|[upkeep]\n|-damage|p2a: Tyranitar|0 fnt|[from] Sandstorm\n|faint|p2a: Tyranitar\n|\n|win|draco9746\n|upkeep\n|raw|draco9746's rating: 1369 &rarr; <strong>1386<\/strong><br \/>(+17 for winning)\n|raw|Iexisttosuffer's rating: 1317 &rarr; <strong>1300<\/strong><br \/>(-17 for losing)\n|l|\u2606Iexisttosuffer\n","uploadtime":1700364464,"views":8,"p1id":"draco9746","p2id":"iexisttosuffer","formatid":"gen9ou","rating":1300,"private":0,"password":""}