{"id":"gen9ou-1993030810","p1":"Welcometoearth420","p2":"vutop","format":"[Gen 9] OU","log":"|j|\u2606Welcometoearth420\n|j|\u2606vutop\n|t:|1700257216\n|gametype|singles\n|player|p1|Welcometoearth420|169|1510\n|player|p2|vutop|youngster-gen4dp|1466\n|teamsize|p1|6\n|teamsize|p2|6\n|gen|9\n|tier|[Gen 9] OU\n|rated|\n|rule|Sleep Clause Mod: Limit one foe put to sleep\n|rule|Species Clause: Limit one of each Pok\u00e9mon\n|rule|OHKO Clause: OHKO moves are banned\n|rule|Evasion Items Clause: Evasion items are banned\n|rule|Evasion Moves Clause: Evasion moves are banned\n|rule|Endless Battle Clause: Forcing endless battles is banned\n|rule|HP Percentage Mod: HP is shown in percentages\n|clearpoke\n|poke|p1|Corviknight, F|\n|poke|p1|Dragapult, M|\n|poke|p1|Slowking-Galar, M|\n|poke|p1|Zapdos|\n|poke|p1|Iron Valiant|\n|poke|p1|Tornadus-Therian, M|\n|poke|p2|Ting-Lu|\n|poke|p2|Moltres|\n|poke|p2|Iron Valiant|\n|poke|p2|Ogerpon, F|\n|poke|p2|Great Tusk|\n|poke|p2|Clefable, F|\n|teampreview\n|\n|t:|1700257227\n|start\n|switch|p1a: Dragapult|Dragapult, M|100\/100\n|switch|p2a: Clefable|Clefable, F|100\/100\n|turn|1\n|\n|t:|1700257231\n|move|p1a: Dragapult|U-turn|p2a: Clefable\n|-resisted|p2a: Clefable\n|-crit|p2a: Clefable\n|-damage|p2a: Clefable|87\/100\n|\n|t:|1700257244\n|switch|p1a: Slowking|Slowking-Galar, M|100\/100|[from] U-turn\n|move|p2a: Clefable|Knock Off|p1a: Slowking\n|-supereffective|p1a: Slowking\n|-damage|p1a: Slowking|68\/100\n|-enditem|p1a: Slowking|Heavy-Duty Boots|[from] move: Knock Off|[of] p2a: Clefable\n|\n|-heal|p2a: Clefable|93\/100|[from] item: Leftovers\n|upkeep\n|turn|2\n|\n|t:|1700257252\n|move|p2a: Clefable|Stealth Rock|p1a: Slowking\n|-sidestart|p1: Welcometoearth420|move: Stealth Rock\n|move|p1a: Slowking|Thunder Wave|p2a: Clefable\n|-status|p2a: Clefable|par\n|\n|-heal|p2a: Clefable|99\/100 par|[from] item: Leftovers\n|upkeep\n|turn|3\n|\n|t:|1700257259\n|switch|p2a: Ting-Lu|Ting-Lu|100\/100\n|-ability|p2a: Ting-Lu|Vessel of Ruin\n|move|p1a: Slowking|Chilly Reception|p1a: Slowking\n|-weather|Snow\n|\n|t:|1700257263\n|switch|p1a: Corviknight|Corviknight, F|100\/100|[from] Chilly Reception\n|-damage|p1a: Corviknight|88\/100|[from] Stealth Rock\n|\n|-weather|Snow|[upkeep]\n|upkeep\n|turn|4\n|\n|t:|1700257270\n|switch|p2a: Moltres|Moltres|100\/100\n|move|p1a: Corviknight|Defog|p2a: Moltres\n|-unboost|p2a: Moltres|evasion|1\n|-sideend|p1: Welcometoearth420|Stealth Rock|[from] move: Defog|[of] p1a: Corviknight\n|\n|-weather|Snow|[upkeep]\n|upkeep\n|turn|5\n|\n|t:|1700257278\n|switch|p1a: Slowking|Slowking-Galar, M|100\/100\n|move|p2a: Moltres|Flamethrower|p1a: Slowking\n|-damage|p1a: Slowking|78\/100\n|\n|-weather|Snow|[upkeep]\n|upkeep\n|turn|6\n|\n|t:|1700257284\n|move|p2a: Moltres|U-turn|p1a: Slowking\n|-damage|p1a: Slowking|62\/100\n|\n|t:|1700257287\n|switch|p2a: Ting-Lu|Ting-Lu|100\/100|[from] U-turn\n|-ability|p2a: Ting-Lu|Vessel of Ruin\n|move|p1a: Slowking|Thunder Wave|p2a: Ting-Lu\n|-immune|p2a: Ting-Lu\n|\n|-weather|Snow|[upkeep]\n|upkeep\n|turn|7\n|\n|t:|1700257295\n|switch|p1a: Tornadus|Tornadus-Therian, M|100\/100\n|move|p2a: Ting-Lu|Stealth Rock|p1a: Tornadus\n|-sidestart|p1: Welcometoearth420|move: Stealth Rock\n|\n|-weather|none\n|upkeep\n|turn|8\n|\n|t:|1700257301\n|move|p1a: Tornadus|Knock Off|p2a: Ting-Lu\n|-resisted|p2a: Ting-Lu\n|-damage|p2a: Ting-Lu|96\/100\n|-enditem|p2a: Ting-Lu|Leftovers|[from] move: Knock Off|[of] p1a: Tornadus\n|move|p2a: Ting-Lu|Whirlwind|p1a: Tornadus\n|drag|p1a: Corviknight|Corviknight, F|88\/100\n|-damage|p1a: Corviknight|75\/100|[from] Stealth Rock\n|\n|upkeep\n|turn|9\n|\n|t:|1700257311\n|switch|p2a: Moltres|Moltres|100\/100\n|move|p1a: Corviknight|Defog|p2a: Moltres\n|-unboost|p2a: Moltres|evasion|1\n|-sideend|p1: Welcometoearth420|Stealth Rock|[from] move: Defog|[of] p1a: Corviknight\n|\n|upkeep\n|turn|10\n|\n|t:|1700257317\n|switch|p1a: Slowking|Slowking-Galar, M|95\/100\n|move|p2a: Moltres|U-turn|p1a: Slowking\n|-damage|p1a: Slowking|80\/100\n|\n|t:|1700257322\n|switch|p2a: Ting-Lu|Ting-Lu|96\/100|[from] U-turn\n|-ability|p2a: Ting-Lu|Vessel of Ruin\n|\n|upkeep\n|turn|11\n|\n|t:|1700257327\n|move|p2a: Ting-Lu|Stealth Rock|p1a: Slowking\n|-sidestart|p1: Welcometoearth420|move: Stealth Rock\n|move|p1a: Slowking|Chilly Reception|p1a: Slowking\n|-weather|Snow\n|\n|t:|1700257330\n|switch|p1a: Iron Valiant|Iron Valiant|100\/100|[from] Chilly Reception\n|-damage|p1a: Iron Valiant|94\/100|[from] Stealth Rock\n|-enditem|p1a: Iron Valiant|Booster Energy\n|-activate|p1a: Iron Valiant|ability: Quark Drive|[fromitem]\n|-start|p1a: Iron Valiant|quarkdrivespe\n|\n|-weather|Snow|[upkeep]\n|upkeep\n|turn|12\n|\n|t:|1700257338\n|move|p1a: Iron Valiant|Spirit Break|p2a: Ting-Lu\n|-supereffective|p2a: Ting-Lu\n|-damage|p2a: Ting-Lu|65\/100\n|-unboost|p2a: Ting-Lu|spa|1\n|move|p2a: Ting-Lu|Earthquake|p1a: Iron Valiant\n|-damage|p1a: Iron Valiant|49\/100\n|\n|-weather|Snow|[upkeep]\n|upkeep\n|turn|13\n|\n|t:|1700257347\n|move|p1a: Iron Valiant|Close Combat|p2a: Ting-Lu\n|-supereffective|p2a: Ting-Lu\n|-damage|p2a: Ting-Lu|17\/100\n|-unboost|p1a: Iron Valiant|def|1\n|-unboost|p1a: Iron Valiant|spd|1\n|move|p2a: Ting-Lu|Earthquake|p1a: Iron Valiant\n|-damage|p1a: Iron Valiant|0 fnt\n|faint|p1a: Iron Valiant\n|-end|p1a: Iron Valiant|Quark Drive|[silent]\n|\n|-weather|Snow|[upkeep]\n|upkeep\n|\n|t:|1700257353\n|switch|p1a: Dragapult|Dragapult, M|100\/100\n|-damage|p1a: Dragapult|88\/100|[from] Stealth Rock\n|turn|14\n|\n|t:|1700257359\n|switch|p2a: Moltres|Moltres|100\/100\n|move|p1a: Dragapult|Shadow Ball|p2a: Moltres\n|-damage|p2a: Moltres|61\/100\n|-unboost|p2a: Moltres|spd|1\n|\n|-weather|Snow|[upkeep]\n|upkeep\n|turn|15\n|\n|t:|1700257366\n|move|p1a: Dragapult|Shadow Ball|p2a: Moltres\n|-damage|p2a: Moltres|8\/100\n|-unboost|p2a: Moltres|spd|1\n|move|p2a: Moltres|Will-O-Wisp|p1a: Dragapult\n|-status|p1a: Dragapult|brn\n|\n|-weather|none\n|-damage|p1a: Dragapult|82\/100 brn|[from] brn\n|upkeep\n|turn|16\n|\n|t:|1700257376\n|switch|p2a: Ting-Lu|Ting-Lu|17\/100\n|-ability|p2a: Ting-Lu|Vessel of Ruin\n|move|p1a: Dragapult|Shadow Ball|p2a: Ting-Lu\n|-resisted|p2a: Ting-Lu\n|-damage|p2a: Ting-Lu|2\/100\n|\n|-damage|p1a: Dragapult|76\/100 brn|[from] brn\n|upkeep\n|turn|17\n|\n|t:|1700257386\n|move|p1a: Dragapult|Shadow Ball|p2a: Ting-Lu\n|-resisted|p2a: Ting-Lu\n|-damage|p2a: Ting-Lu|0 fnt\n|faint|p2a: Ting-Lu\n|\n|-damage|p1a: Dragapult|70\/100 brn|[from] brn\n|upkeep\n|\n|t:|1700257392\n|switch|p2a: Ogerpon|Ogerpon, F|100\/100\n|turn|18\n|\n|t:|1700257397\n|switch|p1a: Zapdos|Zapdos|100\/100\n|-terastallize|p2a: Ogerpon|Grass\n|detailschange|p2a: Ogerpon|Ogerpon-Teal-Tera, F, tera:Grass\n|-ability|p2a: Ogerpon|Embody Aspect (Teal)|boost\n|-boost|p2a: Ogerpon|spe|1\n|move|p2a: Ogerpon|Knock Off|p1a: Zapdos\n|-damage|p1a: Zapdos|74\/100\n|-status|p2a: Ogerpon|par|[from] ability: Static|[of] p1a: Zapdos\n|-enditem|p1a: Zapdos|Heavy-Duty Boots|[from] move: Knock Off|[of] p2a: Ogerpon\n|\n|upkeep\n|turn|19\n|\n|t:|1700257408\n|switch|p2a: Great Tusk|Great Tusk|100\/100\n|move|p1a: Zapdos|Hurricane|p2a: Great Tusk\n|-supereffective|p2a: Great Tusk\n|-damage|p2a: Great Tusk|13\/100\n|-start|p2a: Great Tusk|confusion\n|\n|upkeep\n|turn|20\n|\n|t:|1700257415\n|move|p1a: Zapdos|Heat Wave|p2a: Great Tusk|[miss]\n|-miss|p1a: Zapdos|p2a: Great Tusk\n|-activate|p2a: Great Tusk|confusion\n|move|p2a: Great Tusk|Ice Spinner|p1a: Zapdos\n|-supereffective|p1a: Zapdos\n|-damage|p1a: Zapdos|39\/100\n|\n|upkeep\n|turn|21\n|\n|t:|1700257425\n|-end|p2a: Great Tusk|Protosynthesis|[silent]\n|switch|p2a: Iron Valiant|Iron Valiant|100\/100\n|-enditem|p2a: Iron Valiant|Booster Energy\n|-activate|p2a: Iron Valiant|ability: Quark Drive|[fromitem]\n|-start|p2a: Iron Valiant|quarkdrivespe\n|move|p1a: Zapdos|Roost|p1a: Zapdos\n|-heal|p1a: Zapdos|89\/100\n|-singleturn|p1a: Zapdos|move: Roost\n|\n|upkeep\n|turn|22\n|\n|t:|1700257434\n|move|p2a: Iron Valiant|Moonblast|p1a: Zapdos\n|-damage|p1a: Zapdos|46\/100\n|move|p1a: Zapdos|Hurricane|p2a: Iron Valiant\n|-supereffective|p2a: Iron Valiant\n|-damage|p2a: Iron Valiant|0 fnt\n|faint|p2a: Iron Valiant\n|-end|p2a: Iron Valiant|Quark Drive|[silent]\n|\n|upkeep\n|-message|vutop forfeited.\n|\n|win|Welcometoearth420\n|raw|Welcometoearth420's rating: 1510 &rarr; <strong>1527<\/strong><br \/>(+17 for winning)\n|raw|vutop's rating: 1466 &rarr; <strong>1449<\/strong><br \/>(-17 for losing)\n|l|\u2606vutop\n","uploadtime":1700257446,"views":13,"p1id":"welcometoearth420","p2id":"vutop","formatid":"gen9ou","rating":1449,"private":0,"password":""}