{"id":"gen9ou-1995942582","p1":"slapstik97","p2":"Phoenix2405","format":"[Gen 9] OU","log":"|j|\u2606slapstik97\n|j|\u2606Phoenix2405\n|t:|1700620130\n|gametype|singles\n|player|p1|slapstik97|brycen|1095\n|player|p2|Phoenix2405|may-contest|1168\n|teamsize|p1|6\n|teamsize|p2|6\n|gen|9\n|tier|[Gen 9] OU\n|rated|\n|rule|Sleep Clause Mod: Limit one foe put to sleep\n|rule|Species Clause: Limit one of each Pok\u00e9mon\n|rule|OHKO Clause: OHKO moves are banned\n|rule|Evasion Items Clause: Evasion items are banned\n|rule|Evasion Moves Clause: Evasion moves are banned\n|rule|Endless Battle Clause: Forcing endless battles is banned\n|rule|HP Percentage Mod: HP is shown in percentages\n|clearpoke\n|poke|p1|Tornadus-Therian, M|\n|poke|p1|Slowking-Galar, M|\n|poke|p1|Toxapex, M|\n|poke|p1|Hatterene, F|\n|poke|p1|Haxorus, F|\n|poke|p1|Landorus-Therian, M|\n|poke|p2|Dragapult, F|\n|poke|p2|Maushold-Four|\n|poke|p2|Iron Valiant|\n|poke|p2|Ceruledge, M|\n|poke|p2|Ninetales-Alola, F|\n|poke|p2|Kingambit, F|\n|teampreview\n|\n|t:|1700620140\n|start\n|switch|p1a: Tornadus|Tornadus-Therian, M|100\/100\n|switch|p2a: Siren|Dragapult, F, shiny|100\/100\n|turn|1\n|inactive|Battle timer is ON: inactive players will automatically lose when time's up. (requested by Phoenix2405)\n|\n|t:|1700620147\n|move|p2a: Siren|Draco Meteor|p1a: Tornadus\n|-damage|p1a: Tornadus|29\/100\n|-unboost|p2a: Siren|spa|2\n|move|p1a: Tornadus|Bleakwind Storm|p2a: Siren|[miss]\n|-miss|p1a: Tornadus|p2a: Siren\n|\n|upkeep\n|turn|2\n|\n|t:|1700620158\n|switch|p2a: TransRights|Ninetales-Alola, F, shiny|100\/100\n|-weather|Snow|[from] ability: Snow Warning|[of] p2a: TransRights\n|switch|p1a: Slowking|Slowking-Galar, M|100\/100\n|\n|-weather|Snow|[upkeep]\n|upkeep\n|turn|3\n|\n|t:|1700620167\n|move|p2a: TransRights|Aurora Veil|p2a: TransRights\n|-sidestart|p2: Phoenix2405|move: Aurora Veil\n|move|p1a: Slowking|Sludge Bomb|p2a: TransRights\n|-supereffective|p2a: TransRights\n|-damage|p2a: TransRights|66\/100\n|\n|-weather|Snow|[upkeep]\n|upkeep\n|turn|4\n|\n|t:|1700620174\n|switch|p2a: Dunban|Kingambit, F|100\/100\n|move|p1a: Slowking|Calm Mind|p1a: Slowking\n|-boost|p1a: Slowking|spa|1\n|-boost|p1a: Slowking|spd|1\n|\n|-weather|Snow|[upkeep]\n|upkeep\n|turn|5\n|\n|t:|1700620190\n|switch|p1a: Toxapex|Toxapex, M, shiny|100\/100\n|move|p2a: Dunban|Swords Dance|p2a: Dunban\n|-boost|p2a: Dunban|atk|2\n|\n|-weather|Snow|[upkeep]\n|upkeep\n|turn|6\n|j| palestjade\n|\n|t:|1700620199\n|move|p2a: Dunban|Iron Head|p1a: Toxapex\n|-resisted|p1a: Toxapex\n|-damage|p1a: Toxapex|71\/100\n|move|p1a: Toxapex|Haze|p1a: Toxapex\n|-clearallboost\n|\n|-weather|none\n|-heal|p1a: Toxapex|77\/100|[from] item: Leftovers\n|upkeep\n|turn|7\n|\n|t:|1700620218\n|-end|p2a: Dunban|fallenundefined|[silent]\n|switch|p2a: Siren|Dragapult, F, shiny|100\/100\n|switch|p1a: Landorus|Landorus-Therian, M|100\/100\n|-ability|p1a: Landorus|Intimidate|boost\n|-unboost|p2a: Siren|atk|1\n|\n|upkeep\n|turn|8\n|\n|t:|1700620227\n|switch|p1a: Hatterene|Hatterene, F|100\/100\n|move|p2a: Siren|Hydro Pump|p1a: Hatterene\n|-damage|p1a: Hatterene|35\/100\n|\n|upkeep\n|turn|9\n|\n|t:|1700620234\n|move|p2a: Siren|Hydro Pump|p1a: Hatterene|[miss]\n|-miss|p2a: Siren|p1a: Hatterene\n|move|p1a: Hatterene|Dazzling Gleam|p2a: Siren\n|-supereffective|p2a: Siren\n|-damage|p2a: Siren|45\/100\n|\n|upkeep\n|turn|10\n|\n|t:|1700620243\n|switch|p1a: Toxapex|Toxapex, M, shiny|100\/100\n|move|p2a: Siren|Hydro Pump|p1a: Toxapex\n|-resisted|p1a: Toxapex\n|-damage|p1a: Toxapex|83\/100\n|\n|-heal|p1a: Toxapex|89\/100|[from] item: Leftovers\n|-sideend|p2: Phoenix2405|move: Aurora Veil\n|upkeep\n|turn|11\n|\n|t:|1700620252\n|switch|p2a: Riki|Maushold-Four|100\/100\n|move|p1a: Toxapex|Toxic|p2a: Riki\n|-status|p2a: Riki|tox\n|\n|-heal|p1a: Toxapex|96\/100|[from] item: Leftovers\n|-damage|p2a: Riki|94\/100 tox|[from] psn\n|upkeep\n|turn|12\n|\n|t:|1700620262\n|move|p1a: Toxapex|Protect|p1a: Toxapex\n|-singleturn|p1a: Toxapex|Protect\n|move|p2a: Riki|Encore|p1a: Toxapex\n|-activate|p1a: Toxapex|move: Protect\n|\n|-heal|p1a: Toxapex|100\/100|[from] item: Leftovers\n|-damage|p2a: Riki|82\/100 tox|[from] psn\n|upkeep\n|turn|13\n|\n|t:|1700620270\n|switch|p2a: Siren|Dragapult, F, shiny|45\/100\n|switch|p1a: Tornadus|Tornadus-Therian, M|62\/100\n|\n|upkeep\n|turn|14\n|\n|t:|1700620281\n|switch|p1a: Toxapex|Toxapex, M, shiny|100\/100\n|move|p2a: Siren|Thunderbolt|p1a: Toxapex\n|-supereffective|p1a: Toxapex\n|-damage|p1a: Toxapex|43\/100\n|\n|-heal|p1a: Toxapex|50\/100|[from] item: Leftovers\n|upkeep\n|turn|15\n|\n|t:|1700620288\n|switch|p2a: TransRights|Ninetales-Alola, F, shiny|66\/100\n|-weather|Snow|[from] ability: Snow Warning|[of] p2a: TransRights\n|move|p1a: Toxapex|Protect||[still]\n|-fail|p1a: Toxapex\n|\n|-weather|Snow|[upkeep]\n|-heal|p1a: Toxapex|56\/100|[from] item: Leftovers\n|upkeep\n|turn|16\n|\n|t:|1700620296\n|move|p2a: TransRights|Encore|p1a: Toxapex\n|-start|p1a: Toxapex|Encore\n|move|p1a: Toxapex|Protect||[still]\n|-fail|p1a: Toxapex\n|\n|-weather|Snow|[upkeep]\n|-heal|p1a: Toxapex|62\/100|[from] item: Leftovers\n|upkeep\n|turn|17\n|\n|t:|1700620302\n|switch|p1a: Slowking|Slowking-Galar, M|100\/100\n|move|p2a: TransRights|Aurora Veil|p2a: TransRights\n|-sidestart|p2: Phoenix2405|move: Aurora Veil\n|\n|-weather|Snow|[upkeep]\n|upkeep\n|turn|18\n|\n|t:|1700620308\n|switch|p1a: Landorus|Landorus-Therian, M|100\/100\n|-ability|p1a: Landorus|Intimidate|boost\n|-unboost|p2a: TransRights|atk|1\n|move|p2a: TransRights|Hypnosis|p1a: Landorus|[miss]\n|-miss|p2a: TransRights|p1a: Landorus\n|\n|-weather|Snow|[upkeep]\n|upkeep\n|turn|19\n|\n|t:|1700620326\n|switch|p1a: Slowking|Slowking-Galar, M|100\/100\n|move|p2a: TransRights|Blizzard|p1a: Slowking\n|-damage|p1a: Slowking|76\/100\n|\n|-weather|none\n|-heal|p1a: Slowking|82\/100|[from] item: Leftovers\n|upkeep\n|turn|20\n|\n|t:|1700620334\n|-terastallize|p1a: Slowking|Steel\n|move|p2a: TransRights|Hypnosis|p1a: Slowking\n|-status|p1a: Slowking|slp|[from] move: Hypnosis\n|cant|p1a: Slowking|slp\n|\n|-heal|p1a: Slowking|89\/100 slp|[from] item: Leftovers\n|upkeep\n|turn|21\n|\n|t:|1700620345\n|switch|p2a: Rex|Ceruledge, M|100\/100\n|cant|p1a: Slowking|slp\n|\n|-heal|p1a: Slowking|95\/100 slp|[from] item: Leftovers\n|upkeep\n|turn|22\n|\n|t:|1700620351\n|switch|p1a: Toxapex|Toxapex, M, shiny|95\/100\n|move|p2a: Rex|Bulk Up|p2a: Rex\n|-boost|p2a: Rex|atk|1\n|-boost|p2a: Rex|def|1\n|\n|-heal|p1a: Toxapex|100\/100|[from] item: Leftovers\n|upkeep\n|turn|23\n|\n|t:|1700620359\n|switch|p2a: Siren|Dragapult, F, shiny|45\/100\n|move|p1a: Toxapex|Haze|p1a: Toxapex\n|-clearallboost\n|\n|upkeep\n|turn|24\n|\n|t:|1700620373\n|move|p2a: Siren|Shadow Ball|p1a: Toxapex\n|-damage|p1a: Toxapex|66\/100\n|move|p1a: Toxapex|Toxic|p2a: Siren\n|-status|p2a: Siren|tox\n|\n|-heal|p1a: Toxapex|72\/100|[from] item: Leftovers\n|-damage|p2a: Siren|39\/100 tox|[from] psn\n|-sideend|p2: Phoenix2405|move: Aurora Veil\n|upkeep\n|turn|25\n|\n|t:|1700620380\n|switch|p2a: TransRights|Ninetales-Alola, F, shiny|66\/100\n|-weather|Snow|[from] ability: Snow Warning|[of] p2a: TransRights\n|move|p1a: Toxapex|Recover|p1a: Toxapex\n|-heal|p1a: Toxapex|100\/100\n|\n|-weather|Snow|[upkeep]\n|upkeep\n|turn|26\n|\n|t:|1700620390\n|switch|p2a: Dunban|Kingambit, F|100\/100\n|switch|p1a: Slowking|Slowking-Galar, M, tera:Steel|100\/100 slp\n|\n|-weather|Snow|[upkeep]\n|upkeep\n|turn|27\n|\n|t:|1700620399\n|switch|p1a: Toxapex|Toxapex, M, shiny|100\/100\n|move|p2a: Dunban|Swords Dance|p2a: Dunban\n|-boost|p2a: Dunban|atk|2\n|\n|-weather|Snow|[upkeep]\n|upkeep\n|turn|28\n|\n|t:|1700620410\n|move|p2a: Dunban|Kowtow Cleave|p1a: Toxapex\n|-damage|p1a: Toxapex|23\/100\n|move|p1a: Toxapex|Haze|p1a: Toxapex\n|-clearallboost\n|\n|-weather|Snow|[upkeep]\n|-heal|p1a: Toxapex|29\/100|[from] item: Leftovers\n|upkeep\n|turn|29\n|\n|t:|1700620429\n|move|p1a: Toxapex|Protect|p1a: Toxapex\n|-singleturn|p1a: Toxapex|Protect\n|move|p2a: Dunban|Kowtow Cleave|p1a: Toxapex\n|-activate|p1a: Toxapex|move: Protect\n|\n|-weather|none\n|-heal|p1a: Toxapex|36\/100|[from] item: Leftovers\n|upkeep\n|turn|30\n|\n|t:|1700620434\n|switch|p1a: Slowking|Slowking-Galar, M, tera:Steel|100\/100 slp\n|move|p2a: Dunban|Kowtow Cleave|p1a: Slowking\n|-damage|p1a: Slowking|54\/100 slp\n|\n|-heal|p1a: Slowking|60\/100 slp|[from] item: Leftovers\n|upkeep\n|turn|31\n|\n|t:|1700620443\n|move|p2a: Dunban|Kowtow Cleave|p1a: Slowking\n|-damage|p1a: Slowking|10\/100 slp\n|-curestatus|p1a: Slowking|slp|[msg]\n|move|p1a: Slowking|Calm Mind|p1a: Slowking\n|-boost|p1a: Slowking|spa|1\n|-boost|p1a: Slowking|spd|1\n|\n|-heal|p1a: Slowking|16\/100|[from] item: Leftovers\n|upkeep\n|turn|32\n|\n|t:|1700620452\n|switch|p1a: Toxapex|Toxapex, M, shiny|69\/100\n|move|p2a: Dunban|Kowtow Cleave|p1a: Toxapex\n|-damage|p1a: Toxapex|28\/100\n|\n|-heal|p1a: Toxapex|35\/100|[from] item: Leftovers\n|upkeep\n|turn|33\n|\n|t:|1700620460\n|switch|p1a: Landorus|Landorus-Therian, M|100\/100\n|-ability|p1a: Landorus|Intimidate|boost\n|-unboost|p2a: Dunban|atk|1\n|move|p2a: Dunban|Kowtow Cleave|p1a: Landorus\n|-damage|p1a: Landorus|52\/100\n|-damage|p2a: Dunban|84\/100|[from] item: Rocky Helmet|[of] p1a: Landorus\n|\n|upkeep\n|turn|34\n|\n|t:|1700620470\n|-terastallize|p2a: Dunban|Flying\n|move|p1a: Landorus|Rock Slide|p2a: Dunban\n|-supereffective|p2a: Dunban\n|-damage|p2a: Dunban|43\/100\n|cant|p2a: Dunban|flinch\n|\n|upkeep\n|turn|35\n|\n|t:|1700620483\n|switch|p1a: Toxapex|Toxapex, M, shiny|68\/100\n|-end|p2a: Dunban|fallenundefined|[silent]\n|switch|p2a: A|Iron Valiant|100\/100\n|-enditem|p2a: A|Booster Energy\n|-activate|p2a: A|ability: Quark Drive|[fromitem]\n|-start|p2a: A|quarkdrivespe\n|\n|-heal|p1a: Toxapex|74\/100|[from] item: Leftovers\n|upkeep\n|turn|36\n|\n|t:|1700620492\n|move|p2a: A|Psyshock|p1a: Toxapex\n|-supereffective|p1a: Toxapex\n|-damage|p1a: Toxapex|35\/100\n|move|p1a: Toxapex|Toxic|p2a: A\n|-status|p2a: A|tox\n|\n|-heal|p1a: Toxapex|41\/100|[from] item: Leftovers\n|-damage|p2a: A|94\/100 tox|[from] psn\n|upkeep\n|turn|37\n|\n|t:|1700620500\n|move|p1a: Toxapex|Protect|p1a: Toxapex\n|-singleturn|p1a: Toxapex|Protect\n|move|p2a: A|Calm Mind|p2a: A\n|-boost|p2a: A|spa|1\n|-boost|p2a: A|spd|1\n|\n|-heal|p1a: Toxapex|47\/100|[from] item: Leftovers\n|-damage|p2a: A|82\/100 tox|[from] psn\n|upkeep\n|turn|38\n|\n|t:|1700620514\n|switch|p1a: Slowking|Slowking-Galar, M, tera:Steel|49\/100\n|move|p2a: A|Psyshock|p1a: Slowking\n|-resisted|p1a: Slowking\n|-damage|p1a: Slowking|32\/100\n|\n|-heal|p1a: Slowking|38\/100|[from] item: Leftovers\n|-damage|p2a: A|63\/100 tox|[from] psn\n|upkeep\n|turn|39\n|\n|t:|1700620524\n|move|p2a: A|Thunderbolt|p1a: Slowking\n|-damage|p1a: Slowking|4\/100\n|move|p1a: Slowking|Sludge Bomb|p2a: A\n|-supereffective|p2a: A\n|-damage|p2a: A|0 fnt\n|faint|p2a: A\n|-end|p2a: A|Quark Drive|[silent]\n|\n|-heal|p1a: Slowking|10\/100|[from] item: Leftovers\n|upkeep\n|\n|t:|1700620532\n|switch|p2a: TransRights|Ninetales-Alola, F, shiny|66\/100\n|-weather|Snow|[from] ability: Snow Warning|[of] p2a: TransRights\n|turn|40\n|\n|t:|1700620537\n|switch|p1a: Toxapex|Toxapex, M, shiny|80\/100\n|move|p2a: TransRights|Aurora Veil|p2a: TransRights\n|-sidestart|p2: Phoenix2405|move: Aurora Veil\n|\n|-weather|Snow|[upkeep]\n|-heal|p1a: Toxapex|87\/100|[from] item: Leftovers\n|upkeep\n|turn|41\n|\n|t:|1700620550\n|move|p2a: TransRights|Hypnosis|p1a: Toxapex|[miss]\n|-miss|p2a: TransRights|p1a: Toxapex\n|move|p1a: Toxapex|Toxic|p2a: TransRights\n|-status|p2a: TransRights|tox\n|\n|-weather|Snow|[upkeep]\n|-heal|p1a: Toxapex|93\/100|[from] item: Leftovers\n|-damage|p2a: TransRights|60\/100 tox|[from] psn\n|upkeep\n|turn|42\n|\n|t:|1700620553\n|move|p1a: Toxapex|Protect|p1a: Toxapex\n|-singleturn|p1a: Toxapex|Protect\n|move|p2a: TransRights|Hypnosis|p1a: Toxapex\n|-activate|p1a: Toxapex|move: Protect\n|\n|-weather|Snow|[upkeep]\n|-heal|p1a: Toxapex|99\/100|[from] item: Leftovers\n|-damage|p2a: TransRights|48\/100 tox|[from] psn\n|upkeep\n|turn|43\n|l| palestjade\n|\n|t:|1700620561\n|switch|p2a: Siren|Dragapult, F, shiny|39\/100 tox\n|switch|p1a: Hatterene|Hatterene, F|35\/100\n|\n|-weather|Snow|[upkeep]\n|-damage|p2a: Siren|33\/100 tox|[from] psn\n|upkeep\n|turn|44\n|\n|t:|1700620572\n|move|p2a: Siren|Thunderbolt|p1a: Hatterene\n|-damage|p1a: Hatterene|0 fnt\n|faint|p1a: Hatterene\n|\n|-weather|none\n|-damage|p2a: Siren|21\/100 tox|[from] psn\n|upkeep\n|\n|t:|1700620577\n|switch|p1a: Slowking|Slowking-Galar, M, tera:Steel|43\/100\n|turn|45\n|\n|t:|1700620580\n|switch|p1a: Toxapex|Toxapex, M, shiny|100\/100\n|move|p2a: Siren|Thunderbolt|p1a: Toxapex\n|-supereffective|p1a: Toxapex\n|-damage|p1a: Toxapex|41\/100\n|\n|-heal|p1a: Toxapex|48\/100|[from] item: Leftovers\n|-damage|p2a: Siren|3\/100 tox|[from] psn\n|upkeep\n|turn|46\n|j| palestjade\n|\n|t:|1700620590\n|switch|p2a: TransRights|Ninetales-Alola, F, shiny|48\/100 tox\n|-weather|Snow|[from] ability: Snow Warning|[of] p2a: TransRights\n|move|p1a: Toxapex|Protect||[still]\n|-fail|p1a: Toxapex\n|\n|-weather|Snow|[upkeep]\n|-heal|p1a: Toxapex|54\/100|[from] item: Leftovers\n|-damage|p2a: TransRights|42\/100 tox|[from] psn\n|upkeep\n|turn|47\n|\n|t:|1700620601\n|switch|p1a: Slowking|Slowking-Galar, M, tera:Steel|76\/100\n|move|p2a: TransRights|Hypnosis|p1a: Slowking\n|-status|p1a: Slowking|slp|[from] move: Hypnosis\n|\n|-weather|Snow|[upkeep]\n|-heal|p1a: Slowking|83\/100 slp|[from] item: Leftovers\n|-damage|p2a: TransRights|30\/100 tox|[from] psn\n|-sideend|p2: Phoenix2405|move: Aurora Veil\n|upkeep\n|turn|48\n|\n|t:|1700620610\n|switch|p2a: Dunban|Kingambit, F, tera:Flying|43\/100\n|-activate|p2a: Dunban|ability: Supreme Overlord\n|-start|p2a: Dunban|fallen1|[silent]\n|cant|p1a: Slowking|slp\n|\n|-weather|Snow|[upkeep]\n|-heal|p1a: Slowking|89\/100 slp|[from] item: Leftovers\n|upkeep\n|turn|49\n|\n|t:|1700620617\n|move|p2a: Dunban|Swords Dance|p2a: Dunban\n|-boost|p2a: Dunban|atk|2\n|-curestatus|p1a: Slowking|slp|[msg]\n|move|p1a: Slowking|Sludge Bomb|p2a: Dunban\n|-damage|p2a: Dunban|2\/100\n|\n|-weather|Snow|[upkeep]\n|-heal|p1a: Slowking|95\/100|[from] item: Leftovers\n|upkeep\n|turn|50\n|\n|t:|1700620624\n|move|p2a: Dunban|Kowtow Cleave|p1a: Slowking\n|-damage|p1a: Slowking|0 fnt\n|faint|p1a: Slowking\n|\n|-weather|none\n|upkeep\n|\n|t:|1700620629\n|switch|p1a: Toxapex|Toxapex, M, shiny|87\/100\n|turn|51\n|\n|t:|1700620633\n|move|p2a: Dunban|Kowtow Cleave|p1a: Toxapex\n|-damage|p1a: Toxapex|3\/100\n|move|p1a: Toxapex|Toxic|p2a: Dunban\n|-status|p2a: Dunban|tox\n|\n|-heal|p1a: Toxapex|9\/100|[from] item: Leftovers\n|-damage|p2a: Dunban|0 fnt|[from] psn\n|faint|p2a: Dunban\n|-end|p2a: Dunban|fallen1|[silent]\n|upkeep\n|\n|t:|1700620638\n|switch|p2a: Rex|Ceruledge, M|100\/100\n|turn|52\n|\n|t:|1700620644\n|switch|p1a: Tornadus|Tornadus-Therian, M|95\/100\n|move|p2a: Rex|Bulk Up|p2a: Rex\n|-boost|p2a: Rex|atk|1\n|-boost|p2a: Rex|def|1\n|\n|upkeep\n|turn|53\n|\n|t:|1700620653\n|move|p1a: Tornadus|Bleakwind Storm|p2a: Rex\n|-damage|p2a: Rex|53\/100\n|move|p2a: Rex|Bitter Blade|p1a: Tornadus\n|-damage|p1a: Tornadus|0 fnt\n|-heal|p2a: Rex|93\/100|[from] drain|[of] p1a: Tornadus\n|faint|p1a: Tornadus\n|\n|upkeep\n|\n|t:|1700620657\n|switch|p1a: Toxapex|Toxapex, M, shiny|42\/100\n|turn|54\n|\n|t:|1700620672\n|switch|p1a: Landorus|Landorus-Therian, M|52\/100\n|-ability|p1a: Landorus|Intimidate|boost\n|-unboost|p2a: Rex|atk|1\n|move|p2a: Rex|Bitter Blade|p1a: Landorus\n|-damage|p1a: Landorus|0 fnt\n|-heal|p2a: Rex|100\/100|[from] drain|[of] p1a: Landorus\n|-damage|p2a: Rex|84\/100|[from] item: Rocky Helmet|[of] p1a: Landorus\n|faint|p1a: Landorus\n|\n|upkeep\n|\n|t:|1700620679\n|switch|p1a: Toxapex|Toxapex, M, shiny|75\/100\n|turn|55\n|\n|t:|1700620686\n|move|p2a: Rex|Bulk Up|p2a: Rex\n|-boost|p2a: Rex|atk|1\n|-boost|p2a: Rex|def|1\n|move|p1a: Toxapex|Toxic|p2a: Rex\n|-status|p2a: Rex|tox\n|\n|-heal|p1a: Toxapex|82\/100|[from] item: Leftovers\n|-damage|p2a: Rex|78\/100 tox|[from] psn\n|upkeep\n|turn|56\n|\n|t:|1700620693\n|switch|p2a: Riki|Maushold-Four|82\/100 tox\n|move|p1a: Toxapex|Haze|p1a: Toxapex\n|-clearallboost\n|\n|-heal|p1a: Toxapex|88\/100|[from] item: Leftovers\n|-damage|p2a: Riki|76\/100 tox|[from] psn\n|upkeep\n|turn|57\n|\n|t:|1700620702\n|move|p1a: Toxapex|Protect|p1a: Toxapex\n|-singleturn|p1a: Toxapex|Protect\n|move|p2a: Riki|Encore|p1a: Toxapex\n|-activate|p1a: Toxapex|move: Protect\n|\n|-heal|p1a: Toxapex|94\/100|[from] item: Leftovers\n|-damage|p2a: Riki|63\/100 tox|[from] psn\n|upkeep\n|turn|58\n|\n|t:|1700620707\n|switch|p1a: Haxorus|Haxorus, F, shiny|100\/100\n|-ability|p1a: Haxorus|Mold Breaker\n|move|p2a: Riki|Population Bomb|p1a: Haxorus\n|-damage|p1a: Haxorus|85\/100\n|-damage|p1a: Haxorus|72\/100\n|-damage|p1a: Haxorus|56\/100\n|-damage|p1a: Haxorus|43\/100\n|-damage|p1a: Haxorus|28\/100\n|-damage|p1a: Haxorus|13\/100\n|-damage|p1a: Haxorus|0 fnt\n|faint|p1a: Haxorus\n|-hitcount|p1: Haxorus|7\n|\n|-damage|p2a: Riki|44\/100 tox|[from] psn\n|upkeep\n|\n|t:|1700620713\n|switch|p1a: Toxapex|Toxapex, M, shiny|100\/100\n|turn|59\n|\n|t:|1700620718\n|move|p1a: Toxapex|Protect|p1a: Toxapex\n|-singleturn|p1a: Toxapex|Protect\n|move|p2a: Riki|Population Bomb|p1a: Toxapex\n|-activate|p1a: Toxapex|move: Protect\n|\n|-damage|p2a: Riki|20\/100 tox|[from] psn\n|upkeep\n|turn|60\n|\n|t:|1700620723\n|move|p2a: Riki|Population Bomb|p1a: Toxapex\n|-damage|p1a: Toxapex|92\/100\n|-damage|p1a: Toxapex|84\/100\n|-damage|p1a: Toxapex|76\/100\n|-damage|p1a: Toxapex|69\/100\n|-damage|p1a: Toxapex|61\/100\n|-damage|p1a: Toxapex|53\/100\n|-damage|p1a: Toxapex|45\/100\n|-crit|p1a: Toxapex\n|-damage|p1a: Toxapex|32\/100\n|-damage|p1a: Toxapex|25\/100\n|-damage|p1a: Toxapex|17\/100\n|-hitcount|p1a: Toxapex|10\n|move|p1a: Toxapex|Recover|p1a: Toxapex\n|-heal|p1a: Toxapex|67\/100\n|\n|-heal|p1a: Toxapex|73\/100|[from] item: Leftovers\n|-damage|p2a: Riki|0 fnt|[from] psn\n|faint|p2a: Riki\n|upkeep\n|\n|t:|1700620730\n|switch|p2a: TransRights|Ninetales-Alola, F, shiny|30\/100 tox\n|-weather|Snow|[from] ability: Snow Warning|[of] p2a: TransRights\n|turn|61\n|\n|t:|1700620736\n|move|p1a: Toxapex|Protect|p1a: Toxapex\n|-singleturn|p1a: Toxapex|Protect\n|move|p2a: TransRights|Hypnosis|p1a: Toxapex\n|-activate|p1a: Toxapex|move: Protect\n|\n|-weather|Snow|[upkeep]\n|-heal|p1a: Toxapex|79\/100|[from] item: Leftovers\n|-damage|p2a: TransRights|24\/100 tox|[from] psn\n|upkeep\n|turn|62\n|\n|t:|1700620748\n|move|p1a: Toxapex|Protect|p1a: Toxapex\n|-singleturn|p1a: Toxapex|Protect\n|move|p2a: TransRights|Hypnosis|p1a: Toxapex\n|-activate|p1a: Toxapex|move: Protect\n|\n|-weather|Snow|[upkeep]\n|-heal|p1a: Toxapex|85\/100|[from] item: Leftovers\n|-damage|p2a: TransRights|12\/100 tox|[from] psn\n|upkeep\n|turn|63\n|\n|t:|1700620753\n|move|p1a: Toxapex|Protect||[still]\n|-fail|p1a: Toxapex\n|move|p2a: TransRights|Hypnosis|p1a: Toxapex\n|-status|p1a: Toxapex|slp|[from] move: Hypnosis\n|\n|-weather|Snow|[upkeep]\n|-heal|p1a: Toxapex|92\/100 slp|[from] item: Leftovers\n|-damage|p2a: TransRights|0 fnt|[from] psn\n|faint|p2a: TransRights\n|upkeep\n|\n|t:|1700620767\n|switch|p2a: Siren|Dragapult, F, shiny|3\/100 tox\n|turn|64\n|\n|t:|1700620777\n|move|p2a: Siren|Draco Meteor|p1a: Toxapex\n|-damage|p1a: Toxapex|26\/100 slp\n|-unboost|p2a: Siren|spa|2\n|cant|p1a: Toxapex|slp\n|\n|-weather|Snow|[upkeep]\n|-heal|p1a: Toxapex|33\/100 slp|[from] item: Leftovers\n|-damage|p2a: Siren|0 fnt|[from] psn\n|faint|p2a: Siren\n|upkeep\n|\n|t:|1700620786\n|switch|p2a: Rex|Ceruledge, M|78\/100 tox\n|turn|65\n|\n|t:|1700620795\n|move|p2a: Rex|Bitter Blade|p1a: Toxapex\n|-resisted|p1a: Toxapex\n|-damage|p1a: Toxapex|17\/100 slp\n|-heal|p2a: Rex|85\/100 tox|[from] drain|[of] p1a: Toxapex\n|cant|p1a: Toxapex|slp\n|\n|-weather|none\n|-heal|p1a: Toxapex|23\/100 slp|[from] item: Leftovers\n|-damage|p2a: Rex|78\/100 tox|[from] psn\n|upkeep\n|turn|66\n|\n|t:|1700620805\n|move|p2a: Rex|Shadow Sneak|p1a: Toxapex\n|-damage|p1a: Toxapex|7\/100 slp\n|cant|p1a: Toxapex|slp\n|\n|-heal|p1a: Toxapex|13\/100 slp|[from] item: Leftovers\n|-damage|p2a: Rex|66\/100 tox|[from] psn\n|upkeep\n|turn|67\n|\n|t:|1700620811\n|move|p2a: Rex|Shadow Sneak|p1a: Toxapex\n|-damage|p1a: Toxapex|0 fnt\n|faint|p1a: Toxapex\n|\n|win|Phoenix2405\n|raw|slapstik97's rating: 1095 &rarr; <strong>1076<\/strong><br \/>(-19 for losing)\n|raw|Phoenix2405's rating: 1168 &rarr; <strong>1188<\/strong><br \/>(+20 for winning)\n|l|\u2606slapstik97\n|l| palestjade\n|c|\u2606Phoenix2405|Jeus christ, thank you\n","uploadtime":1700620862,"views":0,"p1id":"slapstik97","p2id":"phoenix2405","formatid":"gen9ou","rating":1076,"private":0,"password":""}