{"id":"gen9ou-1991049270","p1":"Skaraptor2.1","p2":"sirius pack","format":"[Gen 9] OU","log":"|j|\u2606Skaraptor2.1\n|j|\u2606sirius pack\n|t:|1700034523\n|gametype|singles\n|player|p1|Skaraptor2.1|bodybuilderf-gen9|1243\n|player|p2|sirius pack|mallow-masters|1199\n|teamsize|p1|6\n|teamsize|p2|6\n|gen|9\n|tier|[Gen 9] OU\n|rated|\n|rule|Sleep Clause Mod: Limit one foe put to sleep\n|rule|Species Clause: Limit one of each Pok\u00e9mon\n|rule|OHKO Clause: OHKO moves are banned\n|rule|Evasion Items Clause: Evasion items are banned\n|rule|Evasion Moves Clause: Evasion moves are banned\n|rule|Endless Battle Clause: Forcing endless battles is banned\n|rule|HP Percentage Mod: HP is shown in percentages\n|clearpoke\n|poke|p1|Ribombee, M|\n|poke|p1|Ogerpon-Wellspring, F|\n|poke|p1|Cyclizar, F|\n|poke|p1|Zamazenta-*|\n|poke|p1|Iron Valiant|\n|poke|p1|Kingambit, F|\n|poke|p2|Hatterene, F|\n|poke|p2|Sneasler, M|\n|poke|p2|Greninja-*, M|\n|poke|p2|Kingambit, M|\n|poke|p2|Landorus-Therian, M|\n|poke|p2|Dragapult, M|\n|teampreview\n|inactive|Battle timer is ON: inactive players will automatically lose when time's up. (requested by Skaraptor2.1)\n|\n|t:|1700034543\n|start\n|switch|p1a: Twink|Ribombee, M|100\/100\n|switch|p2a: Sneasler|Sneasler, M|100\/100\n|turn|1\n|j| WaterTypeGarchomp\n|j| TTJ_Jayden\n|\n|t:|1700034562\n|switch|p2a: Hatterene|Hatterene, F|100\/100\n|move|p1a: Twink|Stun Spore|p2a: Hatterene\n|move|p2a: Hatterene|Stun Spore|p1a: Twink|[from]ability: Magic Bounce|[miss]\n|-miss|p2a: Hatterene|p1a: Twink\n|\n|upkeep\n|turn|2\n|\n|t:|1700034570\n|move|p1a: Twink|Skill Swap|p2a: Hatterene\n|-activate|p1a: Twink|move: Skill Swap|Magic Bounce|Shield Dust|[of] p2a: Hatterene\n|move|p2a: Hatterene|Psychic|p1a: Twink\n|-damage|p1a: Twink|46\/100\n|-unboost|p1a: Twink|spd|1\n|\n|upkeep\n|turn|3\n|c|\u2606Skaraptor2.1|WHOOOOOOOO\n|\n|t:|1700034587\n|switch|p2a: Sneasler|Sneasler, M|100\/100\n|move|p1a: Twink|Sticky Web|p2a: Sneasler\n|-sidestart|p2: sirius pack|move: Sticky Web\n|\n|upkeep\n|turn|4\n|\n|t:|1700034595\n|move|p2a: Sneasler|Fake Out|p1a: Twink\n|-damage|p1a: Twink|24\/100\n|-status|p1a: Twink|psn|[from] ability: Poison Touch|[of] p2a: Sneasler\n|cant|p1a: Twink|flinch\n|\n|-damage|p1a: Twink|12\/100 psn|[from] psn\n|upkeep\n|turn|5\n|\n|t:|1700034603\n|move|p1a: Twink|Stun Spore|p2a: Sneasler\n|-status|p2a: Sneasler|par\n|move|p2a: Sneasler|Dire Claw|p1a: Twink\n|-supereffective|p1a: Twink\n|-damage|p1a: Twink|0 fnt\n|faint|p1a: Twink\n|\n|upkeep\n|\n|t:|1700034611\n|switch|p1a: Transfem|Ogerpon-Wellspring, F|100\/100\n|turn|6\n|\n|t:|1700034615\n|move|p1a: Transfem|Ivy Cudgel|p2a: Sneasler|[anim] Ivy Cudgel Water\n|-damage|p2a: Sneasler|0 fnt\n|faint|p2a: Sneasler\n|\n|upkeep\n|\n|t:|1700034625\n|switch|p2a: Landorus|Landorus-Therian, M|100\/100\n|-ability|p2a: Landorus|Intimidate|boost\n|-unboost|p1a: Transfem|atk|1\n|turn|7\n|\n|t:|1700034643\n|move|p2a: Landorus|U-turn|p1a: Transfem\n|-supereffective|p1a: Transfem\n|-damage|p1a: Transfem|30\/100\n|\n|t:|1700034645\n|switch|p2a: Hatterene|Hatterene, F|100\/100|[from] U-turn\n|-activate|p2a: Hatterene|move: Sticky Web\n|-unboost|p2a: Hatterene|spe|1\n|move|p1a: Transfem|Swords Dance|p1a: Transfem\n|-boost|p1a: Transfem|atk|2\n|\n|upkeep\n|turn|8\n|\n|t:|1700034652\n|move|p1a: Transfem|Horn Leech|p2a: Hatterene\n|-damage|p2a: Hatterene|44\/100\n|-heal|p1a: Transfem|60\/100|[from] drain|[of] p2a: Hatterene\n|-enditem|p2a: Hatterene|Eject Button\n|\n|t:|1700034656\n|switch|p2a: Landorus|Landorus-Therian, M|100\/100\n|-ability|p2a: Landorus|Intimidate|boost\n|-unboost|p1a: Transfem|atk|1\n|\n|upkeep\n|turn|9\n|\n|t:|1700034659\n|move|p2a: Landorus|U-turn|p1a: Transfem\n|-supereffective|p1a: Transfem\n|-damage|p1a: Transfem|0 fnt\n|faint|p1a: Transfem\n|\n|t:|1700034665\n|switch|p2a: Hatterene|Hatterene, F|44\/100|[from] U-turn\n|-activate|p2a: Hatterene|move: Sticky Web\n|-unboost|p2a: Hatterene|spe|1\n|\n|upkeep\n|\n|t:|1700034675\n|switch|p1a: Wheelie|Cyclizar, F|100\/100\n|turn|10\n|\n|t:|1700034682\n|move|p1a: Wheelie|Knock Off|p2a: Hatterene\n|-damage|p2a: Hatterene|28\/100\n|move|p2a: Hatterene|Healing Wish|p2a: Hatterene\n|faint|p2a: Hatterene\n|\n|upkeep\n|\n|t:|1700034693\n|switch|p2a: Dragapult|Dragapult, M, shiny|100\/100\n|turn|11\n|c|\u2606Skaraptor2.1|I\u2019ve really got no clue how weak this mon is\n|\n|t:|1700034712\n|move|p2a: Dragapult|Substitute|p2a: Dragapult\n|-start|p2a: Dragapult|Substitute\n|-damage|p2a: Dragapult|76\/100\n|move|p1a: Wheelie|Knock Off|p2a: Dragapult\n|-supereffective|p2a: Dragapult\n|-end|p2a: Dragapult|Substitute\n|\n|upkeep\n|turn|12\n|\n|t:|1700034727\n|move|p2a: Dragapult|Dragon Darts|p1a: Wheelie\n|-supereffective|p1a: Wheelie\n|-damage|p1a: Wheelie|21\/100\n|-anim|p2a: Dragapult|Dragon Darts|p1a: Wheelie\n|-supereffective|p1a: Wheelie\n|-damage|p1a: Wheelie|0 fnt\n|faint|p1a: Wheelie\n|\n|upkeep\n|\n|t:|1700034730\n|switch|p1a: Bigender|Iron Valiant|100\/100\n|-enditem|p1a: Bigender|Booster Energy\n|-activate|p1a: Bigender|ability: Quark Drive|[fromitem]\n|-start|p1a: Bigender|quarkdrivespe\n|turn|13\n|\n|t:|1700034746\n|switch|p2a: Landorus|Landorus-Therian, M|100\/100\n|-ability|p2a: Landorus|Intimidate|boost\n|-unboost|p1a: Bigender|atk|1\n|move|p1a: Bigender|Moonblast|p2a: Landorus\n|-damage|p2a: Landorus|43\/100\n|\n|upkeep\n|turn|14\n|l|\u2606Skaraptor2.1\n|inactive|Skaraptor2.1 disconnected and has a minute to reconnect!\n|player|p1|\n|j|\u2606Skaraptor2.1\n|inactive|Skaraptor2.1 reconnected and has 140 seconds left.\n|player|p1|Skaraptor2.1|bodybuilderf-gen9\n|inactive|sirius pack has 120 seconds left.\n|\n|t:|1700034771\n|-terastallize|p2a: Landorus|Steel\n|move|p1a: Bigender|Moonblast|p2a: Landorus\n|-resisted|p2a: Landorus\n|-damage|p2a: Landorus|11\/100\n|-unboost|p2a: Landorus|spa|1\n|move|p2a: Landorus|Earthquake|p1a: Bigender\n|-damage|p1a: Bigender|29\/100\n|\n|upkeep\n|turn|15\n|inactive|sirius pack has 120 seconds left.\n|\n|t:|1700034783\n|move|p1a: Bigender|Moonblast|p2a: Landorus\n|-resisted|p2a: Landorus\n|-damage|p2a: Landorus|0 fnt\n|faint|p2a: Landorus\n|\n|upkeep\n|inactive|sirius pack has 120 seconds left.\n|\n|t:|1700034789\n|switch|p2a: Kingambit|Kingambit, M|100\/100\n|-activate|p2a: Kingambit|move: Sticky Web\n|-unboost|p2a: Kingambit|spe|1\n|-activate|p2a: Kingambit|ability: Supreme Overlord\n|-start|p2a: Kingambit|fallen3|[silent]\n|turn|16\n|inactive|sirius pack has 120 seconds left.\n|\n|t:|1700034800\n|-end|p2a: Kingambit|fallen3|[silent]\n|switch|p2a: Greninja|Greninja, M|100\/100\n|-activate|p2a: Greninja|move: Sticky Web\n|-unboost|p2a: Greninja|spe|1\n|move|p1a: Bigender|Destiny Bond|p1a: Bigender\n|-singlemove|p1a: Bigender|Destiny Bond\n|\n|upkeep\n|turn|17\n|inactive|sirius pack has 120 seconds left.\n|\n|t:|1700034817\n|move|p1a: Bigender|Moonblast|p2a: Greninja\n|-supereffective|p2a: Greninja\n|-damage|p2a: Greninja|0 fnt\n|faint|p2a: Greninja\n|\n|upkeep\n|\n|t:|1700034825\n|switch|p2a: Kingambit|Kingambit, M|100\/100\n|-activate|p2a: Kingambit|move: Sticky Web\n|-unboost|p2a: Kingambit|spe|1\n|-activate|p2a: Kingambit|ability: Supreme Overlord\n|-start|p2a: Kingambit|fallen4|[silent]\n|turn|18\n|inactive|sirius pack has 120 seconds left.\n|\n|t:|1700034836\n|move|p1a: Bigender|Destiny Bond|p1a: Bigender\n|-singlemove|p1a: Bigender|Destiny Bond\n|move|p2a: Kingambit|Swords Dance|p2a: Kingambit\n|-boost|p2a: Kingambit|atk|2\n|\n|upkeep\n|turn|19\n|inactive|sirius pack has 120 seconds left.\n|\n|t:|1700034843\n|move|p2a: Kingambit|Sucker Punch|p1a: Bigender\n|-resisted|p1a: Bigender\n|-damage|p1a: Bigender|0 fnt\n|faint|p1a: Bigender\n|-activate|p1a: Bigender|move: Destiny Bond\n|-end|p1a: Bigender|Quark Drive|[silent]\n|faint|p2a: Kingambit\n|-end|p2a: Kingambit|fallen4|[silent]\n|\n|upkeep\n|\n|t:|1700034854\n|switch|p1a: Queengambit|Kingambit, F|100\/100\n|switch|p2a: Dragapult|Dragapult, M, shiny|76\/100\n|-heal|p2a: Dragapult|100\/100|[from] move: Healing Wish\n|-activate|p1a: Queengambit|ability: Supreme Overlord\n|-start|p1a: Queengambit|fallen4|[silent]\n|turn|20\n|\n|t:|1700034862\n|move|p2a: Dragapult|Will-O-Wisp|p1a: Queengambit\n|-status|p1a: Queengambit|brn\n|move|p1a: Queengambit|Iron Head|p2a: Dragapult\n|-damage|p2a: Dragapult|57\/100\n|\n|-damage|p1a: Queengambit|94\/100 brn|[from] brn\n|upkeep\n|turn|21\n|\n|t:|1700034879\n|move|p2a: Dragapult|Hex|p1a: Queengambit\n|-resisted|p1a: Queengambit\n|-damage|p1a: Queengambit|70\/100 brn\n|move|p1a: Queengambit|Iron Head|p2a: Dragapult\n|-damage|p2a: Dragapult|12\/100\n|\n|-heal|p1a: Queengambit|76\/100 brn|[from] item: Leftovers\n|-damage|p1a: Queengambit|70\/100 brn|[from] brn\n|upkeep\n|turn|22\n|c|\u2606sirius pack|ggs\n|\n|t:|1700034905\n|move|p2a: Dragapult|Hex|p1a: Queengambit\n|-resisted|p1a: Queengambit\n|-crit|p1a: Queengambit\n|-damage|p1a: Queengambit|34\/100 brn\n|move|p1a: Queengambit|Iron Head|p2a: Dragapult\n|-damage|p2a: Dragapult|0 fnt\n|faint|p2a: Dragapult\n|\n|win|Skaraptor2.1\n|raw|Skaraptor2.1's rating: 1243 &rarr; <strong>1265<\/strong><br \/>(+22 for winning)\n|raw|sirius pack's rating: 1199 &rarr; <strong>1177<\/strong><br \/>(-22 for losing)\n","uploadtime":1700034909,"views":6,"p1id":"skaraptor21","p2id":"siriuspack","formatid":"gen9ou","rating":1177,"private":0,"password":""}