{"id":"gen9ou-1995336339","p1":"yyysneasel","p2":"Crystal55","format":"[Gen 9] OU","log":"|j|\u203dyyysneasel\n|j|\u2606Crystal55\n|t:|1700555818\n|gametype|singles\n|player|p1|yyysneasel|bugcatcher-gen4dp|1711\n|player|p2|Crystal55|cynthia|1689\n|teamsize|p1|6\n|teamsize|p2|6\n|gen|9\n|tier|[Gen 9] OU\n|rated|\n|rule|Sleep Clause Mod: Limit one foe put to sleep\n|rule|Species Clause: Limit one of each Pok\u00e9mon\n|rule|OHKO Clause: OHKO moves are banned\n|rule|Evasion Items Clause: Evasion items are banned\n|rule|Evasion Moves Clause: Evasion moves are banned\n|rule|Endless Battle Clause: Forcing endless battles is banned\n|rule|HP Percentage Mod: HP is shown in percentages\n|clearpoke\n|poke|p1|Corviknight, M|\n|poke|p1|Toxapex, F|\n|poke|p1|Dondozo, M|\n|poke|p1|Slowking-Galar, M|\n|poke|p1|Blissey, F|\n|poke|p1|Clefable, M|\n|poke|p2|Landorus-Therian, M|\n|poke|p2|Gholdengo|\n|poke|p2|Cinderace, M|\n|poke|p2|Rotom-Wash|\n|poke|p2|Lokix, F|\n|poke|p2|Iron Moth|\n|teampreview\n|inactive|Battle timer is ON: inactive players will automatically lose when time's up. (requested by Crystal55)\n|inactive|yyysneasel has 120 seconds left.\n|\n|t:|1700555881\n|start\n|switch|p1a: Toxapex|Toxapex, F|100\/100\n|switch|p2a: Landorus|Landorus-Therian, M|100\/100\n|-ability|p2a: Landorus|Intimidate|boost\n|-unboost|p1a: Toxapex|atk|1\n|turn|1\n|\n|t:|1700555907\n|move|p2a: Landorus|Earthquake|p1a: Toxapex\n|-supereffective|p1a: Toxapex\n|-damage|p1a: Toxapex|36\/100\n|move|p1a: Toxapex|Toxic|p2a: Landorus\n|-status|p2a: Landorus|tox\n|\n|-damage|p2a: Landorus|95\/100 tox|[from] psn\n|upkeep\n|turn|2\n|\n|t:|1700555922\n|switch|p1a: Corviknight|Corviknight, M|100\/100\n|-ability|p1a: Corviknight|Pressure\n|move|p2a: Landorus|Earthquake|p1a: Corviknight\n|-immune|p1a: Corviknight\n|\n|-heal|p2a: Landorus|100\/100 tox|[from] item: Leftovers\n|-damage|p2a: Landorus|89\/100 tox|[from] psn\n|upkeep\n|turn|3\n|\n|t:|1700555934\n|move|p2a: Landorus|U-turn|p1a: Corviknight\n|-resisted|p1a: Corviknight\n|-damage|p1a: Corviknight|97\/100\n|-damage|p2a: Landorus|72\/100 tox|[from] item: Rocky Helmet|[of] p1a: Corviknight\n|\n|t:|1700555940\n|switch|p2a: Rotom|Rotom-Wash|100\/100|[from] U-turn\n|move|p1a: Corviknight|U-turn|p2a: Rotom\n|-damage|p2a: Rotom|85\/100\n|\n|t:|1700555944\n|switch|p1a: Slowking|Slowking-Galar, M|100\/100|[from] U-turn\n|\n|-heal|p2a: Rotom|92\/100|[from] item: Leftovers\n|upkeep\n|turn|4\n|\n|t:|1700555952\n|move|p1a: Slowking|Trick|p2a: Rotom\n|-activate|p1a: Slowking|move: Trick|[of] p2a: Rotom\n|-item|p2a: Rotom|Choice Scarf|[from] move: Trick\n|-item|p1a: Slowking|Leftovers|[from] move: Trick\n|move|p2a: Rotom|Volt Switch|p1a: Slowking\n|-damage|p1a: Slowking|79\/100\n|\n|t:|1700555958\n|switch|p2a: Gholdengo|Gholdengo, shiny|100\/100|[from] Volt Switch\n|\n|-heal|p1a: Slowking|85\/100|[from] item: Leftovers\n|upkeep\n|turn|5\n|\n|t:|1700555965\n|move|p2a: Gholdengo|Trick|p1a: Slowking\n|-activate|p2a: Gholdengo|move: Trick|[of] p1a: Slowking\n|-item|p1a: Slowking|Choice Scarf|[from] move: Trick\n|-item|p2a: Gholdengo|Leftovers|[from] move: Trick\n|move|p1a: Slowking|Future Sight|p2a: Gholdengo\n|-start|p1a: Slowking|move: Future Sight\n|\n|upkeep\n|turn|6\n|\n|t:|1700555975\n|switch|p1a: Blissey|Blissey, F|100\/100\n|move|p2a: Gholdengo|Shadow Ball|p1a: Blissey\n|-immune|p1a: Blissey\n|\n|upkeep\n|turn|7\n|\n|t:|1700555993\n|switch|p2a: Rotom|Rotom-Wash|92\/100\n|move|p1a: Blissey|Flamethrower|p2a: Rotom\n|-resisted|p2a: Rotom\n|-damage|p2a: Rotom|86\/100\n|\n|-end|p2a: Rotom|move: Future Sight\n|-crit|p2a: Rotom\n|-damage|p2a: Rotom|25\/100\n|upkeep\n|turn|8\n|\n|t:|1700556004\n|switch|p1a: Slowking|Slowking-Galar, M|100\/100\n|move|p2a: Rotom|Volt Switch|p1a: Slowking\n|-damage|p1a: Slowking|78\/100\n|\n|t:|1700556010\n|switch|p2a: Gholdengo|Gholdengo, shiny|100\/100|[from] Volt Switch\n|\n|upkeep\n|turn|9\n|\n|t:|1700556019\n|switch|p1a: Blissey|Blissey, F|100\/100\n|move|p2a: Gholdengo|Nasty Plot|p2a: Gholdengo\n|-boost|p2a: Gholdengo|spa|2\n|\n|upkeep\n|turn|10\n|\n|t:|1700556027\n|move|p2a: Gholdengo|Make It Rain|p1a: Blissey\n|-damage|p1a: Blissey|50\/100\n|-unboost|p2a: Gholdengo|spa|1\n|move|p1a: Blissey|Flamethrower|p2a: Gholdengo\n|-supereffective|p2a: Gholdengo\n|-damage|p2a: Gholdengo|62\/100\n|\n|-heal|p2a: Gholdengo|68\/100|[from] item: Leftovers\n|upkeep\n|turn|11\n|\n|t:|1700556040\n|move|p2a: Gholdengo|Nasty Plot|p2a: Gholdengo\n|-boost|p2a: Gholdengo|spa|2\n|move|p1a: Blissey|Soft-Boiled|p1a: Blissey\n|-heal|p1a: Blissey|100\/100\n|\n|-heal|p2a: Gholdengo|74\/100|[from] item: Leftovers\n|upkeep\n|turn|12\n|\n|t:|1700556049\n|switch|p1a: Dondozo|Dondozo, M|100\/100\n|move|p2a: Gholdengo|Make It Rain|p1a: Dondozo\n|-resisted|p1a: Dondozo\n|-damage|p1a: Dondozo|72\/100\n|-unboost|p2a: Gholdengo|spa|1\n|\n|-heal|p2a: Gholdengo|80\/100|[from] item: Leftovers\n|-heal|p1a: Dondozo|78\/100|[from] item: Leftovers\n|upkeep\n|turn|13\n|\n|t:|1700556063\n|switch|p1a: Blissey|Blissey, F|100\/100\n|move|p2a: Gholdengo|Shadow Ball|p1a: Blissey\n|-immune|p1a: Blissey\n|\n|-heal|p2a: Gholdengo|86\/100|[from] item: Leftovers\n|upkeep\n|turn|14\n|\n|t:|1700556074\n|move|p2a: Gholdengo|Make It Rain|p1a: Blissey\n|-damage|p1a: Blissey|53\/100\n|-unboost|p2a: Gholdengo|spa|1\n|move|p1a: Blissey|Flamethrower|p2a: Gholdengo\n|-supereffective|p2a: Gholdengo\n|-damage|p2a: Gholdengo|47\/100\n|\n|-heal|p2a: Gholdengo|53\/100|[from] item: Leftovers\n|upkeep\n|turn|15\n|\n|t:|1700556086\n|move|p2a: Gholdengo|Nasty Plot|p2a: Gholdengo\n|-boost|p2a: Gholdengo|spa|2\n|move|p1a: Blissey|Soft-Boiled|p1a: Blissey\n|-heal|p1a: Blissey|100\/100\n|\n|-heal|p2a: Gholdengo|59\/100|[from] item: Leftovers\n|upkeep\n|turn|16\n|\n|t:|1700556094\n|move|p2a: Gholdengo|Nasty Plot|p2a: Gholdengo\n|-boost|p2a: Gholdengo|spa|2\n|move|p1a: Blissey|Flamethrower|p2a: Gholdengo\n|-supereffective|p2a: Gholdengo\n|-damage|p2a: Gholdengo|20\/100\n|\n|-heal|p2a: Gholdengo|27\/100|[from] item: Leftovers\n|upkeep\n|turn|17\n|\n|t:|1700556105\n|switch|p1a: Dondozo|Dondozo, M|78\/100\n|move|p2a: Gholdengo|Make It Rain|p1a: Dondozo\n|-resisted|p1a: Dondozo\n|-damage|p1a: Dondozo|48\/100\n|-unboost|p2a: Gholdengo|spa|1\n|\n|-heal|p2a: Gholdengo|33\/100|[from] item: Leftovers\n|-heal|p1a: Dondozo|54\/100|[from] item: Leftovers\n|upkeep\n|turn|18\n|\n|t:|1700556121\n|move|p2a: Gholdengo|Make It Rain|p1a: Dondozo\n|-resisted|p1a: Dondozo\n|-damage|p1a: Dondozo|26\/100\n|-unboost|p2a: Gholdengo|spa|1\n|move|p1a: Dondozo|Rest|p1a: Dondozo\n|-status|p1a: Dondozo|slp|[from] move: Rest\n|-heal|p1a: Dondozo|100\/100 slp|[silent]\n|\n|-heal|p2a: Gholdengo|39\/100|[from] item: Leftovers\n|upkeep\n|turn|19\n|\n|t:|1700556134\n|switch|p1a: Blissey|Blissey, F|100\/100\n|move|p2a: Gholdengo|Nasty Plot|p2a: Gholdengo\n|-boost|p2a: Gholdengo|spa|2\n|\n|-heal|p2a: Gholdengo|45\/100|[from] item: Leftovers\n|upkeep\n|turn|20\n|\n|t:|1700556144\n|switch|p1a: Dondozo|Dondozo, M|100\/100 slp\n|move|p2a: Gholdengo|Make It Rain|p1a: Dondozo\n|-resisted|p1a: Dondozo\n|-damage|p1a: Dondozo|72\/100 slp\n|-unboost|p2a: Gholdengo|spa|1\n|\n|-heal|p2a: Gholdengo|51\/100|[from] item: Leftovers\n|-heal|p1a: Dondozo|78\/100 slp|[from] item: Leftovers\n|upkeep\n|turn|21\n|\n|t:|1700556157\n|switch|p1a: Blissey|Blissey, F|100\/100\n|move|p2a: Gholdengo|Nasty Plot|p2a: Gholdengo\n|-boost|p2a: Gholdengo|spa|2\n|\n|-heal|p2a: Gholdengo|57\/100|[from] item: Leftovers\n|upkeep\n|turn|22\n|\n|t:|1700556167\n|switch|p1a: Dondozo|Dondozo, M|78\/100 slp\n|move|p2a: Gholdengo|Shadow Ball|p1a: Dondozo\n|-damage|p1a: Dondozo|35\/100 slp\n|\n|-heal|p2a: Gholdengo|63\/100|[from] item: Leftovers\n|-heal|p1a: Dondozo|42\/100 slp|[from] item: Leftovers\n|upkeep\n|turn|23\n|\n|t:|1700556177\n|switch|p1a: Blissey|Blissey, F|100\/100\n|move|p2a: Gholdengo|Make It Rain|p1a: Blissey\n|-damage|p1a: Blissey|0 fnt\n|-unboost|p2a: Gholdengo|spa|1\n|faint|p1a: Blissey\n|\n|-heal|p2a: Gholdengo|69\/100|[from] item: Leftovers\n|upkeep\n|\n|t:|1700556182\n|switch|p1a: Clefable|Clefable, M|100\/100\n|turn|24\n|\n|t:|1700556193\n|move|p1a: Clefable|Protect|p1a: Clefable\n|-singleturn|p1a: Clefable|Protect\n|move|p2a: Gholdengo|Shadow Ball|p1a: Clefable\n|-activate|p1a: Clefable|move: Protect\n|\n|-heal|p2a: Gholdengo|75\/100|[from] item: Leftovers\n|upkeep\n|turn|25\n|\n|t:|1700556202\n|move|p2a: Gholdengo|Shadow Ball|p1a: Clefable\n|-damage|p1a: Clefable|73\/100\n|-unboost|p1a: Clefable|spd|1\n|move|p1a: Clefable|Wish|p1a: Clefable\n|\n|-heal|p2a: Gholdengo|81\/100|[from] item: Leftovers\n|upkeep\n|turn|26\n|\n|t:|1700556213\n|switch|p1a: Dondozo|Dondozo, M|42\/100 slp\n|move|p2a: Gholdengo|Shadow Ball|p1a: Dondozo\n|-damage|p1a: Dondozo|0 fnt\n|faint|p1a: Dondozo\n|\n|-heal|p2a: Gholdengo|87\/100|[from] item: Leftovers\n|upkeep\n|\n|t:|1700556217\n|switch|p1a: Clefable|Clefable, M|73\/100\n|turn|27\n|\n|t:|1700556232\n|move|p1a: Clefable|Protect|p1a: Clefable\n|-singleturn|p1a: Clefable|Protect\n|move|p2a: Gholdengo|Shadow Ball|p1a: Clefable\n|-activate|p1a: Clefable|move: Protect\n|\n|-heal|p2a: Gholdengo|93\/100|[from] item: Leftovers\n|upkeep\n|turn|28\n|\n|t:|1700556244\n|move|p2a: Gholdengo|Shadow Ball|p1a: Clefable\n|-crit|p1a: Clefable\n|-damage|p1a: Clefable|28\/100\n|move|p1a: Clefable|Wish|p1a: Clefable\n|\n|-heal|p2a: Gholdengo|99\/100|[from] item: Leftovers\n|upkeep\n|turn|29\n|\n|t:|1700556256\n|move|p1a: Clefable|Protect|p1a: Clefable\n|-singleturn|p1a: Clefable|Protect\n|move|p2a: Gholdengo|Shadow Ball|p1a: Clefable\n|-activate|p1a: Clefable|move: Protect\n|\n|-heal|p1a: Clefable|78\/100|[from] move: Wish|[wisher] Clefable\n|-heal|p2a: Gholdengo|100\/100|[from] item: Leftovers\n|upkeep\n|turn|30\n|j| Ladder clip\n|j| ayayaphone\n|\n|t:|1700556267\n|move|p2a: Gholdengo|Shadow Ball|p1a: Clefable\n|-damage|p1a: Clefable|50\/100\n|move|p1a: Clefable|Wish|p1a: Clefable\n|\n|upkeep\n|turn|31\n|\n|t:|1700556273\n|move|p1a: Clefable|Protect|p1a: Clefable\n|-singleturn|p1a: Clefable|Protect\n|move|p2a: Gholdengo|Shadow Ball|p1a: Clefable\n|-activate|p1a: Clefable|move: Protect\n|\n|-heal|p1a: Clefable|99\/100|[from] move: Wish|[wisher] Clefable\n|upkeep\n|turn|32\n|\n|t:|1700556282\n|move|p2a: Gholdengo|Shadow Ball|p1a: Clefable\n|-damage|p1a: Clefable|72\/100\n|-unboost|p1a: Clefable|spd|1\n|move|p1a: Clefable|Knock Off|p2a: Gholdengo\n|-supereffective|p2a: Gholdengo\n|-damage|p2a: Gholdengo|63\/100\n|-enditem|p2a: Gholdengo|Leftovers|[from] move: Knock Off|[of] p1a: Clefable\n|\n|upkeep\n|turn|33\n|j| dfghhhg\n|\n|t:|1700556292\n|move|p2a: Gholdengo|Shadow Ball|p1a: Clefable\n|-damage|p1a: Clefable|28\/100\n|move|p1a: Clefable|Wish|p1a: Clefable\n|\n|upkeep\n|turn|34\n|\n|t:|1700556298\n|move|p1a: Clefable|Protect|p1a: Clefable\n|-singleturn|p1a: Clefable|Protect\n|move|p2a: Gholdengo|Shadow Ball|p1a: Clefable\n|-activate|p1a: Clefable|move: Protect\n|\n|-heal|p1a: Clefable|78\/100|[from] move: Wish|[wisher] Clefable\n|upkeep\n|turn|35\n|c|\u2606Crystal55|Love breaking stall so fun\n|\n|t:|1700556314\n|-terastallize|p2a: Gholdengo|Ghost\n|move|p2a: Gholdengo|Shadow Ball|p1a: Clefable\n|-damage|p1a: Clefable|23\/100\n|move|p1a: Clefable|Wish|p1a: Clefable\n|\n|upkeep\n|turn|36\n|\n|t:|1700556321\n|move|p1a: Clefable|Protect|p1a: Clefable\n|-singleturn|p1a: Clefable|Protect\n|move|p2a: Gholdengo|Shadow Ball|p1a: Clefable\n|-activate|p1a: Clefable|move: Protect\n|\n|-heal|p1a: Clefable|73\/100|[from] move: Wish|[wisher] Clefable\n|upkeep\n|turn|37\n|\n|t:|1700556331\n|-terastallize|p1a: Clefable|Dark\n|move|p2a: Gholdengo|Shadow Ball|p1a: Clefable\n|-resisted|p1a: Clefable\n|-damage|p1a: Clefable|43\/100\n|-unboost|p1a: Clefable|spd|1\n|move|p1a: Clefable|Wish|p1a: Clefable\n|\n|upkeep\n|turn|38\n|j| flamewing_phoenix\n|\n|t:|1700556340\n|move|p1a: Clefable|Protect|p1a: Clefable\n|-singleturn|p1a: Clefable|Protect\n|move|p2a: Gholdengo|Shadow Ball|p1a: Clefable\n|-activate|p1a: Clefable|move: Protect\n|\n|-heal|p1a: Clefable|93\/100|[from] move: Wish|[wisher] Clefable\n|upkeep\n|turn|39\n|\n|t:|1700556350\n|move|p2a: Gholdengo|Shadow Ball|p1a: Clefable\n|-resisted|p1a: Clefable\n|-damage|p1a: Clefable|56\/100\n|move|p1a: Clefable|Wish|p1a: Clefable\n|\n|upkeep\n|turn|40\n|j| gachacommon\n|\n|t:|1700556357\n|move|p1a: Clefable|Protect|p1a: Clefable\n|-singleturn|p1a: Clefable|Protect\n|move|p2a: Gholdengo|Shadow Ball|p1a: Clefable\n|-activate|p1a: Clefable|move: Protect\n|\n|-heal|p1a: Clefable|100\/100|[from] move: Wish|[wisher] Clefable\n|upkeep\n|turn|41\n|j| Kyurem\n|\n|t:|1700556366\n|move|p2a: Gholdengo|Make It Rain|p1a: Clefable\n|-damage|p1a: Clefable|19\/100\n|-unboost|p2a: Gholdengo|spa|1\n|move|p1a: Clefable|Wish|p1a: Clefable\n|\n|upkeep\n|turn|42\n|\n|t:|1700556376\n|move|p1a: Clefable|Protect|p1a: Clefable\n|-singleturn|p1a: Clefable|Protect\n|move|p2a: Gholdengo|Shadow Ball|p1a: Clefable\n|-activate|p1a: Clefable|move: Protect\n|\n|-heal|p1a: Clefable|69\/100|[from] move: Wish|[wisher] Clefable\n|upkeep\n|turn|43\n|\n|t:|1700556387\n|move|p2a: Gholdengo|Shadow Ball|p1a: Clefable\n|-resisted|p1a: Clefable\n|-damage|p1a: Clefable|28\/100\n|move|p1a: Clefable|Wish|p1a: Clefable\n|\n|upkeep\n|turn|44\n|\n|t:|1700556395\n|move|p1a: Clefable|Protect|p1a: Clefable\n|-singleturn|p1a: Clefable|Protect\n|move|p2a: Gholdengo|Nasty Plot|p2a: Gholdengo\n|-boost|p2a: Gholdengo|spa|2\n|\n|-heal|p1a: Clefable|78\/100|[from] move: Wish|[wisher] Clefable\n|upkeep\n|turn|45\n|\n|t:|1700556405\n|move|p2a: Gholdengo|Shadow Ball|p1a: Clefable\n|-resisted|p1a: Clefable\n|-damage|p1a: Clefable|37\/100\n|move|p1a: Clefable|Wish|p1a: Clefable\n|\n|upkeep\n|turn|46\n|\n|t:|1700556434\n|switch|p2a: Lokix|Lokix, F|100\/100\n|move|p1a: Clefable|Protect||[still]\n|-fail|p1a: Clefable\n|\n|-heal|p1a: Clefable|87\/100|[from] move: Wish|[wisher] Clefable\n|upkeep\n|turn|47\n|\n|t:|1700556445\n|switch|p1a: Toxapex|Toxapex, F|70\/100\n|move|p2a: Lokix|U-turn|p1a: Toxapex\n|-resisted|p1a: Toxapex\n|-damage|p1a: Toxapex|47\/100\n|inactive|Crystal55 has 120 seconds left.\n|\n|t:|1700556468\n|switch|p2a: Landorus|Landorus-Therian, M|72\/100 tox|[from] U-turn\n|-ability|p2a: Landorus|Intimidate|boost\n|-unboost|p1a: Toxapex|atk|1\n|\n|-heal|p2a: Landorus|78\/100 tox|[from] item: Leftovers\n|-damage|p2a: Landorus|72\/100 tox|[from] psn\n|upkeep\n|turn|48\n|\n|t:|1700556484\n|switch|p1a: Corviknight|Corviknight, M|97\/100\n|-ability|p1a: Corviknight|Pressure\n|move|p2a: Landorus|Swords Dance|p2a: Landorus\n|-boost|p2a: Landorus|atk|2\n|\n|-heal|p2a: Landorus|78\/100 tox|[from] item: Leftovers\n|-damage|p2a: Landorus|66\/100 tox|[from] psn\n|upkeep\n|turn|49\n|\n|t:|1700556497\n|move|p2a: Landorus|Smack Down|p1a: Corviknight\n|-damage|p1a: Corviknight|75\/100\n|-start|p1a: Corviknight|Smack Down\n|move|p1a: Corviknight|U-turn|p2a: Landorus\n|-resisted|p2a: Landorus\n|-damage|p2a: Landorus|57\/100 tox\n|\n|t:|1700556499\n|switch|p1a: Toxapex|Toxapex, F|81\/100|[from] U-turn\n|\n|-heal|p2a: Landorus|63\/100 tox|[from] item: Leftovers\n|-damage|p2a: Landorus|45\/100 tox|[from] psn\n|upkeep\n|turn|50\n|\n|t:|1700556510\n|switch|p1a: Corviknight|Corviknight, M|75\/100\n|-ability|p1a: Corviknight|Pressure\n|move|p2a: Landorus|Smack Down|p1a: Corviknight\n|-crit|p1a: Corviknight\n|-damage|p1a: Corviknight|40\/100\n|-start|p1a: Corviknight|Smack Down\n|\n|-heal|p2a: Landorus|51\/100 tox|[from] item: Leftovers\n|-damage|p2a: Landorus|27\/100 tox|[from] psn\n|upkeep\n|turn|51\n|\n|t:|1700556522\n|move|p2a: Landorus|Earthquake|p1a: Corviknight\n|-supereffective|p1a: Corviknight\n|-damage|p1a: Corviknight|0 fnt\n|faint|p1a: Corviknight\n|\n|-heal|p2a: Landorus|33\/100 tox|[from] item: Leftovers\n|-damage|p2a: Landorus|4\/100 tox|[from] psn\n|upkeep\n|\n|t:|1700556525\n|switch|p1a: Clefable|Clefable, M, tera:Dark|87\/100\n|turn|52\n|inactive|Crystal55 has 120 seconds left.\n|\n|t:|1700556537\n|switch|p2a: Rotom|Rotom-Wash|25\/100\n|move|p1a: Clefable|Protect||[still]\n|-fail|p1a: Clefable\n|\n|upkeep\n|turn|53\n|inactive|Crystal55 has 120 seconds left.\n|\n|t:|1700556545\n|move|p2a: Rotom|Will-O-Wisp|p1a: Clefable\n|-status|p1a: Clefable|brn\n|move|p1a: Clefable|Wish|p1a: Clefable\n|\n|-damage|p1a: Clefable|81\/100 brn|[from] brn\n|upkeep\n|turn|54\n|\n|t:|1700556554\n|switch|p2a: Lokix|Lokix, F|100\/100\n|move|p1a: Clefable|Moonblast|p2a: Lokix\n|-supereffective|p2a: Lokix\n|-damage|p2a: Lokix|0 fnt\n|faint|p2a: Lokix\n|\n|-heal|p1a: Clefable|100\/100 brn|[from] move: Wish|[wisher] Clefable\n|-damage|p1a: Clefable|94\/100 brn|[from] brn\n|upkeep\n|inactive|Crystal55 has 120 seconds left.\n|\n|t:|1700556573\n|switch|p2a: Cinderace|Cinderace, M|100\/100\n|turn|55\n|inactive|Crystal55 has 120 seconds left.\n|\n|t:|1700556581\n|switch|p1a: Toxapex|Toxapex, F|100\/100\n|move|p2a: Cinderace|Pyro Ball|p1a: Toxapex\n|-resisted|p1a: Toxapex\n|-damage|p1a: Toxapex|84\/100\n|\n|upkeep\n|turn|56\n|inactive|Crystal55 has 120 seconds left.\n|\n|t:|1700556592\n|switch|p2a: Gholdengo|Gholdengo, shiny, tera:Ghost|63\/100\n|move|p1a: Toxapex|Infestation|p2a: Gholdengo\n|-resisted|p2a: Gholdengo\n|-damage|p2a: Gholdengo|61\/100\n|-activate|p2a: Gholdengo|move: Infestation|[of] p1a: Toxapex\n|\n|-damage|p2a: Gholdengo|49\/100|[from] move: Infestation|[partiallytrapped]\n|upkeep\n|turn|57\n|\n|t:|1700556602\n|move|p2a: Gholdengo|Trick|p1a: Toxapex\n|-activate|p2a: Gholdengo|move: Trick|[of] p1a: Toxapex\n|-enditem|p1a: Toxapex|Heavy-Duty Boots|[silent]|[from] move: Trick\n|-item|p2a: Gholdengo|Heavy-Duty Boots|[from] move: Trick\n|move|p1a: Toxapex|Surf|p2a: Gholdengo\n|-damage|p2a: Gholdengo|25\/100\n|\n|-damage|p2a: Gholdengo|13\/100|[from] move: Infestation|[partiallytrapped]\n|upkeep\n|turn|58\n|\n|t:|1700556616\n|move|p2a: Gholdengo|Shadow Ball|p1a: Toxapex\n|-damage|p1a: Toxapex|38\/100\n|-unboost|p1a: Toxapex|spd|1\n|move|p1a: Toxapex|Recover|p1a: Toxapex\n|-heal|p1a: Toxapex|88\/100\n|\n|-damage|p2a: Gholdengo|0 fnt|[from] move: Infestation|[partiallytrapped]\n|faint|p2a: Gholdengo\n|upkeep\n|inactive|Crystal55 has 120 seconds left.\n|\n|t:|1700556631\n|switch|p2a: Landorus|Landorus-Therian, M|4\/100 tox\n|-ability|p2a: Landorus|Intimidate|boost\n|-unboost|p1a: Toxapex|atk|1\n|turn|59\n|inactive|Crystal55 has 120 seconds left.\n|\n|t:|1700556642\n|move|p2a: Landorus|Earthquake|p1a: Toxapex\n|-supereffective|p1a: Toxapex\n|-damage|p1a: Toxapex|25\/100\n|move|p1a: Toxapex|Surf|p2a: Landorus\n|-supereffective|p2a: Landorus\n|-damage|p2a: Landorus|0 fnt\n|faint|p2a: Landorus\n|\n|upkeep\n|inactive|Crystal55 has 120 seconds left.\n|\n|t:|1700556662\n|switch|p2a: Rotom|Rotom-Wash|25\/100\n|turn|60\n|\n|t:|1700556668\n|switch|p1a: Slowking|Slowking-Galar, M|100\/100\n|move|p2a: Rotom|Volt Switch|p1a: Slowking\n|-damage|p1a: Slowking|77\/100\n|\n|t:|1700556676\n|switch|p2a: Cinderace|Cinderace, M|100\/100|[from] Volt Switch\n|\n|upkeep\n|turn|61\n|inactive|Crystal55 has 120 seconds left.\n|\n|t:|1700556684\n|move|p2a: Cinderace|Pyro Ball|p1a: Slowking\n|-damage|p1a: Slowking|7\/100\n|-status|p1a: Slowking|brn\n|move|p1a: Slowking|Future Sight|p2a: Cinderace\n|-start|p1a: Slowking|move: Future Sight\n|\n|-damage|p1a: Slowking|1\/100 brn|[from] brn\n|upkeep\n|turn|62\n|inactive|Crystal55 has 120 seconds left.\n|\n|t:|1700556697\n|switch|p1a: Toxapex|Toxapex, F|58\/100\n|move|p2a: Cinderace|Pyro Ball|p1a: Toxapex\n|-resisted|p1a: Toxapex\n|-damage|p1a: Toxapex|41\/100\n|-status|p1a: Toxapex|brn\n|\n|-damage|p1a: Toxapex|35\/100 brn|[from] brn\n|upkeep\n|turn|63\n|inactive|Crystal55 has 120 seconds left.\n|\n|t:|1700556707\n|switch|p2a: Rotom|Rotom-Wash|25\/100\n|move|p1a: Toxapex|Recover|p1a: Toxapex\n|-heal|p1a: Toxapex|86\/100 brn\n|\n|-end|p2a: Rotom|move: Future Sight\n|-damage|p2a: Rotom|0 fnt\n|faint|p2a: Rotom\n|-damage|p1a: Toxapex|80\/100 brn|[from] brn\n|upkeep\n|inactive|Crystal55 has 120 seconds left.\n|\n|t:|1700556722\n|switch|p2a: Iron Moth|Iron Moth, shiny|100\/100\n|-enditem|p2a: Iron Moth|Booster Energy\n|-activate|p2a: Iron Moth|ability: Quark Drive|[fromitem]\n|-start|p2a: Iron Moth|quarkdrivespe\n|turn|64\n|inactive|Crystal55 has 120 seconds left.\n|\n|t:|1700556738\n|move|p2a: Iron Moth|Fiery Dance|p1a: Toxapex\n|-resisted|p1a: Toxapex\n|-damage|p1a: Toxapex|64\/100 brn\n|move|p1a: Toxapex|Surf|p2a: Iron Moth\n|-supereffective|p2a: Iron Moth\n|-damage|p2a: Iron Moth|61\/100\n|\n|-damage|p1a: Toxapex|58\/100 brn|[from] brn\n|upkeep\n|turn|65\n|inactive|Crystal55 has 120 seconds left.\n|\n|t:|1700556748\n|switch|p1a: Slowking|Slowking-Galar, M|34\/100 brn\n|move|p2a: Iron Moth|Psychic|p1a: Slowking\n|-damage|p1a: Slowking|7\/100 brn\n|\n|-damage|p1a: Slowking|1\/100 brn|[from] brn\n|upkeep\n|turn|66\n|\n|t:|1700556758\n|move|p2a: Iron Moth|Fiery Dance|p1a: Slowking\n|-damage|p1a: Slowking|0 fnt\n|faint|p1a: Slowking\n|\n|upkeep\n|\n|t:|1700556759\n|switch|p1a: Clefable|Clefable, M, tera:Dark|94\/100 brn\n|turn|67\n|\n|t:|1700556769\n|move|p2a: Iron Moth|Fiery Dance|p1a: Clefable\n|-damage|p1a: Clefable|66\/100 brn\n|move|p1a: Clefable|Wish|p1a: Clefable\n|\n|-damage|p1a: Clefable|60\/100 brn|[from] brn\n|upkeep\n|turn|68\n|\n|t:|1700556778\n|move|p2a: Iron Moth|Fiery Dance|p1a: Clefable\n|-damage|p1a: Clefable|35\/100 brn\n|-boost|p2a: Iron Moth|spa|1\n|move|p1a: Clefable|Moonblast|p2a: Iron Moth\n|-resisted|p2a: Iron Moth\n|-damage|p2a: Iron Moth|53\/100\n|\n|-heal|p1a: Clefable|85\/100 brn|[from] move: Wish|[wisher] Clefable\n|-damage|p1a: Clefable|78\/100 brn|[from] brn\n|upkeep\n|turn|69\n|\n|t:|1700556792\n|move|p2a: Iron Moth|Dazzling Gleam|p1a: Clefable\n|-supereffective|p1a: Clefable\n|-damage|p1a: Clefable|44\/100 brn\n|move|p1a: Clefable|Wish|p1a: Clefable\n|\n|-damage|p1a: Clefable|38\/100 brn|[from] brn\n|upkeep\n|turn|70\n|\n|t:|1700556803\n|move|p1a: Clefable|Protect|p1a: Clefable\n|-singleturn|p1a: Clefable|Protect\n|move|p2a: Iron Moth|Discharge|p1a: Clefable\n|-activate|p1a: Clefable|move: Protect\n|\n|-heal|p1a: Clefable|88\/100 brn|[from] move: Wish|[wisher] Clefable\n|-damage|p1a: Clefable|82\/100 brn|[from] brn\n|upkeep\n|turn|71\n|\n|t:|1700556814\n|move|p2a: Iron Moth|Dazzling Gleam|p1a: Clefable\n|-supereffective|p1a: Clefable\n|-damage|p1a: Clefable|48\/100 brn\n|move|p1a: Clefable|Wish|p1a: Clefable\n|\n|-damage|p1a: Clefable|42\/100 brn|[from] brn\n|upkeep\n|turn|72\n|j| Starfire Scarlet\n|l| Starfire Scarlet\n|\n|t:|1700556828\n|move|p2a: Iron Moth|Dazzling Gleam|p1a: Clefable\n|-supereffective|p1a: Clefable\n|-damage|p1a: Clefable|8\/100 brn\n|move|p1a: Clefable|Knock Off|p2a: Iron Moth\n|-damage|p2a: Iron Moth|41\/100\n|\n|-heal|p1a: Clefable|58\/100 brn|[from] move: Wish|[wisher] Clefable\n|-damage|p1a: Clefable|52\/100 brn|[from] brn\n|upkeep\n|turn|73\n|\n|t:|1700556839\n|move|p2a: Iron Moth|Dazzling Gleam|p1a: Clefable\n|-supereffective|p1a: Clefable\n|-damage|p1a: Clefable|16\/100 brn\n|move|p1a: Clefable|Wish|p1a: Clefable\n|\n|-damage|p1a: Clefable|10\/100 brn|[from] brn\n|upkeep\n|turn|74\n|\n|t:|1700556850\n|switch|p1a: Toxapex|Toxapex, F|91\/100 brn\n|move|p2a: Iron Moth|Dazzling Gleam|p1a: Toxapex\n|-resisted|p1a: Toxapex\n|-damage|p1a: Toxapex|73\/100 brn\n|\n|-heal|p1a: Toxapex|100\/100 brn|[from] move: Wish|[wisher] Clefable\n|-damage|p1a: Toxapex|95\/100 brn|[from] brn\n|upkeep\n|turn|75\n|\n|t:|1700556861\n|move|p2a: Iron Moth|Psychic|p1a: Toxapex\n|-supereffective|p1a: Toxapex\n|-damage|p1a: Toxapex|21\/100 brn\n|move|p1a: Toxapex|Surf|p2a: Iron Moth\n|-supereffective|p2a: Iron Moth\n|-damage|p2a: Iron Moth|0 fnt\n|faint|p2a: Iron Moth\n|-end|p2a: Iron Moth|Quark Drive|[silent]\n|\n|-damage|p1a: Toxapex|15\/100 brn|[from] brn\n|upkeep\n|\n|t:|1700556871\n|switch|p2a: Cinderace|Cinderace, M|100\/100\n|turn|76\n|\n|t:|1700556881\n|switch|p1a: Clefable|Clefable, M, tera:Dark|10\/100 brn\n|move|p2a: Cinderace|High Jump Kick|p1a: Clefable\n|-start|p2a: Cinderace|typechange|Fighting|[from] ability: Libero\n|-supereffective|p1a: Clefable\n|-damage|p1a: Clefable|0 fnt\n|faint|p1a: Clefable\n|\n|upkeep\n|\n|t:|1700556882\n|switch|p1a: Toxapex|Toxapex, F|49\/100 brn\n|turn|77\n|\n|t:|1700556893\n|move|p2a: Cinderace|High Jump Kick|p1a: Toxapex\n|-resisted|p1a: Toxapex\n|-damage|p1a: Toxapex|32\/100 brn\n|move|p1a: Toxapex|Recover|p1a: Toxapex\n|-heal|p1a: Toxapex|82\/100 brn\n|\n|-damage|p1a: Toxapex|76\/100 brn|[from] brn\n|upkeep\n|turn|78\n|l| gachacommon\n|\n|t:|1700556905\n|move|p2a: Cinderace|High Jump Kick|p1a: Toxapex\n|-resisted|p1a: Toxapex\n|-damage|p1a: Toxapex|55\/100 brn\n|move|p1a: Toxapex|Toxic|p2a: Cinderace\n|-status|p2a: Cinderace|tox\n|\n|-damage|p2a: Cinderace|95\/100 tox|[from] psn\n|-damage|p1a: Toxapex|49\/100 brn|[from] brn\n|upkeep\n|turn|79\n|\n|t:|1700556917\n|move|p2a: Cinderace|High Jump Kick|p1a: Toxapex\n|-resisted|p1a: Toxapex\n|-damage|p1a: Toxapex|32\/100 brn\n|move|p1a: Toxapex|Recover|p1a: Toxapex\n|-heal|p1a: Toxapex|82\/100 brn\n|\n|-damage|p2a: Cinderace|83\/100 tox|[from] psn\n|-damage|p1a: Toxapex|76\/100 brn|[from] brn\n|upkeep\n|turn|80\n|l| Ladder clip\n|-message|Crystal55 forfeited.\n|\n|win|yyysneasel\n|raw|yyysneasel's rating: 1711 &rarr; <strong>1730<\/strong><br \/>(+19 for winning)\n|raw|Crystal55's rating: 1689 &rarr; <strong>1670<\/strong><br \/>(-19 for losing)\n|l|\u2606Crystal55\n","uploadtime":1700556928,"views":15,"p1id":"yyysneasel","p2id":"crystal55","formatid":"gen9ou","rating":1670,"private":0,"password":""}