{"id":"gen9ou-1993066744","p1":"smogonfulloflies","p2":"vengefulvirgin","format":"[Gen 9] OU","log":"|j|\u2606smogonfulloflies\n|j|\u2606vengefulvirgin\n|t:|1700260988\n|gametype|singles\n|player|p1|smogonfulloflies|juggler-gen1|1193\n|player|p2|vengefulvirgin|unknown|1226\n|teamsize|p1|6\n|teamsize|p2|6\n|gen|9\n|tier|[Gen 9] OU\n|rated|\n|rule|Sleep Clause Mod: Limit one foe put to sleep\n|rule|Species Clause: Limit one of each Pok\u00e9mon\n|rule|OHKO Clause: OHKO moves are banned\n|rule|Evasion Items Clause: Evasion items are banned\n|rule|Evasion Moves Clause: Evasion moves are banned\n|rule|Endless Battle Clause: Forcing endless battles is banned\n|rule|HP Percentage Mod: HP is shown in percentages\n|clearpoke\n|poke|p1|Kingambit, M|\n|poke|p1|Indeedee, M|\n|poke|p1|Dragapult, F|\n|poke|p1|Armarouge, F|\n|poke|p1|Great Tusk|\n|poke|p1|Samurott-Hisui, M|\n|poke|p2|Masquerain, F|\n|poke|p2|Dragapult, F|\n|poke|p2|Breloom, M|\n|poke|p2|Gholdengo|\n|poke|p2|Azumarill, M|\n|poke|p2|Kingambit, F|\n|teampreview\n|\n|t:|1700260993\n|start\n|switch|p1a: Samurott|Samurott-Hisui, M|100\/100\n|switch|p2a: Dragapult|Dragapult, F|100\/100\n|turn|1\n|\n|t:|1700261000\n|-terastallize|p2a: Dragapult|Water\n|move|p2a: Dragapult|Draco Meteor|p1a: Samurott\n|-enditem|p1a: Samurott|Focus Sash\n|-damage|p1a: Samurott|1\/100\n|-unboost|p2a: Dragapult|spa|2\n|move|p1a: Samurott|Ceaseless Edge|p2a: Dragapult\n|-damage|p2a: Dragapult|37\/100\n|-sidestart|p2: vengefulvirgin|Spikes\n|\n|upkeep\n|turn|2\n|\n|t:|1700261012\n|move|p2a: Dragapult|Draco Meteor|p1a: Samurott\n|-damage|p1a: Samurott|0 fnt\n|-unboost|p2a: Dragapult|spa|2\n|faint|p1a: Samurott\n|\n|upkeep\n|\n|t:|1700261019\n|switch|p1a: Indeedee|Indeedee, M|100\/100\n|-fieldstart|move: Psychic Terrain|[from] ability: Psychic Surge|[of] p1a: Indeedee\n|turn|3\n|\n|t:|1700261037\n|switch|p2a: Masquerain|Masquerain, F|100\/100\n|-ability|p2a: Masquerain|Intimidate|boost\n|-unboost|p1a: Indeedee|atk|1\n|switch|p1a: Great Tusk|Great Tusk|100\/100\n|\n|upkeep\n|turn|4\n|inactive|Battle timer is ON: inactive players will automatically lose when time's up. (requested by vengefulvirgin)\n|\n|t:|1700261047\n|move|p1a: Great Tusk|Knock Off|p2a: Masquerain\n|-damage|p2a: Masquerain|52\/100\n|-enditem|p2a: Masquerain|Heavy-Duty Boots|[from] move: Knock Off|[of] p1a: Great Tusk\n|move|p2a: Masquerain|Hurricane|p1a: Great Tusk\n|-supereffective|p1a: Great Tusk\n|-damage|p1a: Great Tusk|0 fnt\n|faint|p1a: Great Tusk\n|-end|p1a: Great Tusk|Protosynthesis|[silent]\n|\n|upkeep\n|\n|t:|1700261054\n|switch|p1a: Armarouge|Armarouge, F|100\/100\n|turn|5\n|\n|t:|1700261060\n|move|p2a: Masquerain|U-turn|p1a: Armarouge\n|-damage|p1a: Armarouge|88\/100\n|-ability|p1a: Armarouge|Weak Armor|boost\n|-unboost|p1a: Armarouge|def|1\n|-boost|p1a: Armarouge|spe|2\n|\n|t:|1700261066\n|switch|p2a: Azumarill|Azumarill, M|100\/100|[from] U-turn\n|-damage|p2a: Azumarill|88\/100|[from] Spikes\n|move|p1a: Armarouge|Flamethrower|p2a: Azumarill\n|-resisted|p2a: Azumarill\n|-damage|p2a: Azumarill|59\/100\n|\n|upkeep\n|turn|6\n|\n|t:|1700261074\n|-terastallize|p1a: Armarouge|Psychic\n|move|p1a: Armarouge|Expanding Force|p2a: Azumarill\n|-damage|p2a: Azumarill|0 fnt\n|faint|p2a: Azumarill\n|\n|upkeep\n|\n|t:|1700261081\n|switch|p2a: Dragapult|Dragapult, F, tera:Water|37\/100\n|-damage|p2a: Dragapult|25\/100|[from] Spikes\n|turn|7\n|\n|t:|1700261093\n|move|p2a: Dragapult|Surf|p1a: Armarouge\n|-damage|p1a: Armarouge|12\/100\n|move|p1a: Armarouge|Expanding Force|p2a: Dragapult\n|-damage|p2a: Dragapult|0 fnt\n|faint|p2a: Dragapult\n|\n|upkeep\n|\n|t:|1700261101\n|switch|p2a: Masquerain|Masquerain, F|52\/100\n|-ability|p2a: Masquerain|Intimidate|boost\n|-unboost|p1a: Armarouge|atk|1\n|turn|8\n|\n|t:|1700261110\n|move|p1a: Armarouge|Expanding Force|p2a: Masquerain\n|-damage|p2a: Masquerain|0 fnt\n|faint|p2a: Masquerain\n|\n|upkeep\n|\n|t:|1700261118\n|switch|p2a: Kingambit|Kingambit, F|100\/100\n|-damage|p2a: Kingambit|88\/100|[from] Spikes\n|-activate|p2a: Kingambit|ability: Supreme Overlord\n|-start|p2a: Kingambit|fallen3|[silent]\n|turn|9\n|\n|t:|1700261124\n|move|p1a: Armarouge|Armor Cannon|p2a: Kingambit\n|-supereffective|p2a: Kingambit\n|-damage|p2a: Kingambit|0 fnt\n|-unboost|p1a: Armarouge|def|1\n|-unboost|p1a: Armarouge|spd|1\n|faint|p2a: Kingambit\n|-end|p2a: Kingambit|fallen3|[silent]\n|\n|upkeep\n|\n|t:|1700261130\n|switch|p2a: Breloom|Breloom, M|100\/100\n|-damage|p2a: Breloom|88\/100|[from] Spikes\n|turn|10\n|\n|t:|1700261136\n|move|p2a: Breloom|Mach Punch|p1a: Armarouge\n|-activate|p1a: Armarouge|move: Psychic Terrain\n|move|p1a: Armarouge|Armor Cannon|p2a: Breloom\n|-supereffective|p2a: Breloom\n|-damage|p2a: Breloom|0 fnt\n|-unboost|p1a: Armarouge|def|1\n|-unboost|p1a: Armarouge|spd|1\n|faint|p2a: Breloom\n|\n|-fieldend|move: Psychic Terrain\n|upkeep\n|\n|t:|1700261145\n|switch|p2a: Gholdengo|Gholdengo|100\/100\n|-damage|p2a: Gholdengo|88\/100|[from] Spikes\n|turn|11\n|\n|t:|1700261149\n|move|p1a: Armarouge|Armor Cannon|p2a: Gholdengo\n|-supereffective|p2a: Gholdengo\n|-damage|p2a: Gholdengo|0 fnt\n|-unboost|p1a: Armarouge|def|1\n|-unboost|p1a: Armarouge|spd|1\n|faint|p2a: Gholdengo\n|\n|win|smogonfulloflies\n|raw|smogonfulloflies's rating: 1193 &rarr; <strong>1220<\/strong><br \/>(+27 for winning)\n|raw|vengefulvirgin's rating: 1226 &rarr; <strong>1199<\/strong><br \/>(-27 for losing)\n|c|\u2606smogonfulloflies|gg\n","uploadtime":1700261166,"views":11,"p1id":"smogonfulloflies","p2id":"vengefulvirgin","formatid":"gen9ou","rating":1199,"private":0,"password":""}