{"id":"gen9ou-1993454930","p1":"Carter_eiro","p2":"Skirlex","format":"[Gen 9] OU","log":"|j|\u2606Carter_eiro\n|j|\u203dSkirlex\n|t:|1700319982\n|gametype|singles\n|player|p1|Carter_eiro|n|1135\n|player|p2|Skirlex|265|1074\n|teamsize|p1|6\n|teamsize|p2|6\n|gen|9\n|tier|[Gen 9] OU\n|rated|\n|rule|Sleep Clause Mod: Limit one foe put to sleep\n|rule|Species Clause: Limit one of each Pok\u00e9mon\n|rule|OHKO Clause: OHKO moves are banned\n|rule|Evasion Items Clause: Evasion items are banned\n|rule|Evasion Moves Clause: Evasion moves are banned\n|rule|Endless Battle Clause: Forcing endless battles is banned\n|rule|HP Percentage Mod: HP is shown in percentages\n|clearpoke\n|poke|p1|Garchomp, F|\n|poke|p1|Ribombee, F|\n|poke|p1|Gholdengo|\n|poke|p1|Manaphy|\n|poke|p1|Great Tusk|\n|poke|p1|Iron Moth|\n|poke|p2|Garchomp, M|\n|poke|p2|Iron Moth|\n|poke|p2|Corviknight, F|\n|poke|p2|Ninetales-Alola, M|\n|poke|p2|Toxapex, M|\n|poke|p2|Iron Valiant|\n|teampreview\n|\n|t:|1700320003\n|start\n|switch|p1a: Ribombee|Ribombee, F|100\/100\n|switch|p2a: Toxapex|Toxapex, M|100\/100\n|turn|1\n|\n|t:|1700320015\n|move|p1a: Ribombee|Sticky Web|p2a: Toxapex\n|-sidestart|p2: Skirlex|move: Sticky Web\n|move|p2a: Toxapex|Toxic|p1a: Ribombee\n|-status|p1a: Ribombee|tox\n|\n|-damage|p1a: Ribombee|94\/100 tox|[from] psn\n|upkeep\n|turn|2\n|\n|t:|1700320028\n|move|p1a: Ribombee|Psychic|p2a: Toxapex\n|-supereffective|p2a: Toxapex\n|-damage|p2a: Toxapex|54\/100\n|move|p2a: Toxapex|Surf|p1a: Ribombee\n|-damage|p1a: Ribombee|61\/100 tox\n|\n|-heal|p2a: Toxapex|60\/100|[from] item: Leftovers\n|-damage|p1a: Ribombee|48\/100 tox|[from] psn\n|upkeep\n|turn|3\n|\n|t:|1700320039\n|move|p2a: Toxapex|Baneful Bunker|p2a: Toxapex\n|-singleturn|p2a: Toxapex|move: Protect\n|move|p1a: Ribombee|Psychic|p2a: Toxapex\n|-activate|p2a: Toxapex|move: Protect\n|\n|-heal|p2a: Toxapex|67\/100|[from] item: Leftovers\n|-damage|p1a: Ribombee|30\/100 tox|[from] psn\n|upkeep\n|turn|4\n|\n|t:|1700320055\n|move|p1a: Ribombee|Psychic|p2a: Toxapex\n|-supereffective|p2a: Toxapex\n|-damage|p2a: Toxapex|22\/100\n|move|p2a: Toxapex|Recover|p2a: Toxapex\n|-heal|p2a: Toxapex|72\/100\n|\n|-heal|p2a: Toxapex|78\/100|[from] item: Leftovers\n|-damage|p1a: Ribombee|5\/100 tox|[from] psn\n|upkeep\n|turn|5\n|\n|t:|1700320079\n|switch|p2a: Iron Moth|Iron Moth|100\/100\n|-activate|p2a: Iron Moth|move: Sticky Web\n|-unboost|p2a: Iron Moth|spe|1\n|move|p1a: Ribombee|Switcheroo|p2a: Iron Moth\n|-activate|p1a: Ribombee|move: Trick|[of] p2a: Iron Moth\n|-item|p2a: Iron Moth|Focus Sash|[from] move: Switcheroo\n|-item|p1a: Ribombee|Choice Scarf|[from] move: Switcheroo\n|\n|-damage|p1a: Ribombee|0 fnt|[from] psn\n|faint|p1a: Ribombee\n|upkeep\n|\n|t:|1700320095\n|switch|p1a: Manaphy|Manaphy|100\/100\n|turn|6\n|\n|t:|1700320105\n|move|p1a: Manaphy|Surf|p2a: Iron Moth\n|-supereffective|p2a: Iron Moth\n|-crit|p2a: Iron Moth\n|-enditem|p2a: Iron Moth|Focus Sash\n|-damage|p2a: Iron Moth|1\/100\n|move|p2a: Iron Moth|Energy Ball|p1a: Manaphy\n|-supereffective|p1a: Manaphy\n|-damage|p1a: Manaphy|21\/100\n|\n|-heal|p1a: Manaphy|27\/100|[from] item: Leftovers\n|upkeep\n|turn|7\n|\n|t:|1700320124\n|-end|p2a: Iron Moth|Quark Drive|[silent]\n|switch|p2a: Corviknight|Corviknight, F|100\/100\n|move|p1a: Manaphy|Surf|p2a: Corviknight\n|-damage|p2a: Corviknight|63\/100\n|\n|-heal|p1a: Manaphy|34\/100|[from] item: Leftovers\n|-heal|p2a: Corviknight|69\/100|[from] item: Leftovers\n|upkeep\n|turn|8\n|\n|t:|1700320134\n|switch|p1a: Gholdengo|Gholdengo|100\/100\n|-item|p1a: Gholdengo|Air Balloon\n|move|p2a: Corviknight|Bulk Up|p2a: Corviknight\n|-boost|p2a: Corviknight|atk|1\n|-boost|p2a: Corviknight|def|1\n|\n|-heal|p2a: Corviknight|75\/100|[from] item: Leftovers\n|upkeep\n|turn|9\n|\n|t:|1700320143\n|move|p1a: Gholdengo|Nasty Plot|p1a: Gholdengo\n|-boost|p1a: Gholdengo|spa|2\n|move|p2a: Corviknight|Iron Head|p1a: Gholdengo\n|-resisted|p1a: Gholdengo\n|-damage|p1a: Gholdengo|76\/100\n|-enditem|p1a: Gholdengo|Air Balloon\n|\n|-heal|p2a: Corviknight|82\/100|[from] item: Leftovers\n|upkeep\n|turn|10\n|\n|t:|1700320153\n|move|p1a: Gholdengo|Shadow Ball|p2a: Corviknight\n|-damage|p2a: Corviknight|0 fnt\n|faint|p2a: Corviknight\n|\n|upkeep\n|-message|Skirlex forfeited.\n|\n|win|Carter_eiro\n|raw|Carter_eiro's rating: 1135 &rarr; <strong>1156<\/strong><br \/>(+21 for winning)\n|raw|Skirlex's rating: 1074 &rarr; <strong>1057<\/strong><br \/>(-17 for losing)\n|l|\u203dSkirlex\n","uploadtime":1700320176,"views":12,"p1id":"cartereiro","p2id":"skirlex","formatid":"gen9ou","rating":1057,"private":0,"password":""}