{"id":"gen9ou-2000657532","p1":"youngJizzy","p2":"Magolor16","format":"[Gen 9] OU","log":"|j|\u2606youngJizzy\n|j|\u2606Magolor16\n|t:|1701215392\n|gametype|singles\n|player|p1|youngJizzy|benga|1257\n|player|p2|Magolor16|1|1225\n|teamsize|p1|6\n|teamsize|p2|6\n|gen|9\n|tier|[Gen 9] OU\n|rated|\n|rule|Sleep Clause Mod: Limit one foe put to sleep\n|rule|Species Clause: Limit one of each Pok\u00e9mon\n|rule|OHKO Clause: OHKO moves are banned\n|rule|Evasion Items Clause: Evasion items are banned\n|rule|Evasion Moves Clause: Evasion moves are banned\n|rule|Endless Battle Clause: Forcing endless battles is banned\n|rule|HP Percentage Mod: HP is shown in percentages\n|clearpoke\n|poke|p1|Munkidori, M|\n|poke|p1|Scizor, M|\n|poke|p1|Enamorus, F|\n|poke|p1|Vikavolt, M|\n|poke|p1|Ogerpon-Cornerstone, F|\n|poke|p1|Iron Moth|\n|poke|p2|Pelipper, F|\n|poke|p2|Greninja-*, M|\n|poke|p2|Ogerpon-Wellspring, F|\n|poke|p2|Basculegion, M|\n|poke|p2|Clodsire, M|\n|poke|p2|Thundurus-Therian, M|\n|teampreview\n|\n|t:|1701215419\n|start\n|switch|p1a: Ogerpon|Ogerpon-Cornerstone, F|100\/100\n|switch|p2a: Ogerpon|Ogerpon-Wellspring, F|100\/100\n|turn|1\n|\n|t:|1701215425\n|move|p1a: Ogerpon|Spiky Shield|p1a: Ogerpon\n|-singleturn|p1a: Ogerpon|move: Protect\n|move|p2a: Ogerpon|Ivy Cudgel|p1a: Ogerpon|[anim] Ivy Cudgel Water\n|-activate|p1a: Ogerpon|move: Protect\n|\n|upkeep\n|turn|2\n|\n|t:|1701215431\n|move|p1a: Ogerpon|Horn Leech|p2a: Ogerpon\n|-damage|p2a: Ogerpon|37\/100\n|move|p2a: Ogerpon|Ivy Cudgel|p1a: Ogerpon|[anim] Ivy Cudgel Water\n|-damage|p1a: Ogerpon|17\/100\n|\n|upkeep\n|turn|3\n|\n|t:|1701215441\n|move|p2a: Ogerpon|Ivy Cudgel|p1a: Ogerpon|[anim] Ivy Cudgel Water\n|-damage|p1a: Ogerpon|0 fnt\n|faint|p1a: Ogerpon\n|\n|upkeep\n|\n|t:|1701215445\n|switch|p1a: Vikavolt|Vikavolt, M|100\/100\n|turn|4\n|\n|t:|1701215448\n|move|p2a: Ogerpon|Ivy Cudgel|p1a: Vikavolt|[anim] Ivy Cudgel Water\n|-damage|p1a: Vikavolt|37\/100\n|move|p1a: Vikavolt|Bug Buzz|p2a: Ogerpon\n|-supereffective|p2a: Ogerpon\n|-damage|p2a: Ogerpon|0 fnt\n|faint|p2a: Ogerpon\n|\n|upkeep\n|\n|t:|1701215454\n|switch|p2a: Thundurus|Thundurus-Therian, M|100\/100\n|turn|5\n|\n|t:|1701215462\n|-terastallize|p2a: Thundurus|Flying\n|move|p2a: Thundurus|Tera Blast|p1a: Vikavolt|[anim] Tera Blast Flying\n|-damage|p1a: Vikavolt|0 fnt\n|faint|p1a: Vikavolt\n|\n|upkeep\n|\n|t:|1701215475\n|switch|p1a: Munkidori|Munkidori, M|100\/100\n|turn|6\n|\n|t:|1701215479\n|move|p1a: Munkidori|Sludge Wave|p2a: Thundurus\n|-damage|p2a: Thundurus|31\/100\n|move|p2a: Thundurus|Tera Blast|p1a: Munkidori|[anim] Tera Blast Flying\n|-damage|p1a: Munkidori|0 fnt\n|faint|p1a: Munkidori\n|\n|upkeep\n|\n|t:|1701215487\n|switch|p1a: Scizor|Scizor, M|100\/100\n|turn|7\n|\n|t:|1701215490\n|move|p2a: Thundurus|Tera Blast|p1a: Scizor|[anim] Tera Blast Flying\n|-damage|p1a: Scizor|0 fnt\n|faint|p1a: Scizor\n|\n|upkeep\n|\n|t:|1701215497\n|switch|p1a: Enamorus|Enamorus, F|100\/100\n|turn|8\n|\n|t:|1701215515\n|move|p1a: Enamorus|Draining Kiss|p2a: Thundurus\n|-damage|p2a: Thundurus|0 fnt\n|faint|p2a: Thundurus\n|\n|upkeep\n|\n|t:|1701215517\n|switch|p2a: Clodsire|Clodsire, M|100\/100\n|turn|9\n|\n|t:|1701215524\n|move|p1a: Enamorus|Earth Power|p2a: Clodsire\n|-supereffective|p2a: Clodsire\n|-damage|p2a: Clodsire|57\/100\n|move|p2a: Clodsire|Toxic|p1a: Enamorus\n|-status|p1a: Enamorus|tox\n|\n|-heal|p2a: Clodsire|63\/100|[from] item: Leftovers\n|-damage|p1a: Enamorus|94\/100 tox|[from] psn\n|upkeep\n|turn|10\n|\n|t:|1701215528\n|move|p1a: Enamorus|Moonblast|p2a: Clodsire\n|-resisted|p2a: Clodsire\n|-damage|p2a: Clodsire|48\/100\n|move|p2a: Clodsire|Earthquake|p1a: Enamorus\n|-immune|p1a: Enamorus\n|\n|-heal|p2a: Clodsire|54\/100|[from] item: Leftovers\n|-damage|p1a: Enamorus|82\/100 tox|[from] psn\n|upkeep\n|turn|11\n|\n|t:|1701215531\n|move|p1a: Enamorus|Earth Power|p2a: Clodsire\n|-supereffective|p2a: Clodsire\n|-damage|p2a: Clodsire|13\/100\n|move|p2a: Clodsire|Recover|p2a: Clodsire\n|-heal|p2a: Clodsire|63\/100\n|\n|-heal|p2a: Clodsire|69\/100|[from] item: Leftovers\n|-damage|p1a: Enamorus|63\/100 tox|[from] psn\n|upkeep\n|turn|12\n|\n|t:|1701215538\n|switch|p2a: Pelipper|Pelipper, F|100\/100\n|-weather|RainDance|[from] ability: Drizzle|[of] p2a: Pelipper\n|move|p1a: Enamorus|Earth Power|p2a: Pelipper\n|-immune|p2a: Pelipper\n|\n|-weather|RainDance|[upkeep]\n|-damage|p1a: Enamorus|38\/100 tox|[from] psn\n|upkeep\n|turn|13\n|\n|t:|1701215542\n|move|p1a: Enamorus|Draining Kiss|p2a: Pelipper\n|-damage|p2a: Pelipper|64\/100\n|-heal|p1a: Enamorus|69\/100 tox|[from] drain|[of] p2a: Pelipper\n|move|p2a: Pelipper|U-turn|p1a: Enamorus\n|-resisted|p1a: Enamorus\n|-damage|p1a: Enamorus|66\/100 tox\n|\n|t:|1701215545\n|switch|p2a: Greninja|Greninja, M|100\/100|[from] U-turn\n|\n|-weather|RainDance|[upkeep]\n|-damage|p1a: Enamorus|34\/100 tox|[from] psn\n|upkeep\n|turn|14\n|\n|t:|1701215549\n|move|p2a: Greninja|Water Shuriken|p1a: Enamorus\n|-damage|p1a: Enamorus|15\/100 tox\n|-damage|p1a: Enamorus|0 fnt\n|faint|p1a: Enamorus\n|-ability|p2a: Greninja|Battle Bond|boost\n|-boost|p2a: Greninja|atk|1\n|-boost|p2a: Greninja|spa|1\n|-boost|p2a: Greninja|spe|1\n|-activate|p2a: Greninja|ability: Battle Bond\n|-hitcount|p1: Enamorus|2\n|-damage|p2a: Greninja|91\/100|[from] item: Life Orb\n|\n|-weather|RainDance|[upkeep]\n|upkeep\n|\n|t:|1701215552\n|switch|p1a: Iron Moth|Iron Moth|100\/100\n|-enditem|p1a: Iron Moth|Booster Energy\n|-activate|p1a: Iron Moth|ability: Quark Drive|[fromitem]\n|-start|p1a: Iron Moth|quarkdrivespe\n|turn|15\n|\n|t:|1701215558\n|move|p2a: Greninja|Ice Beam|p1a: Iron Moth\n|-resisted|p1a: Iron Moth\n|-damage|p1a: Iron Moth|77\/100\n|-damage|p2a: Greninja|81\/100|[from] item: Life Orb\n|move|p1a: Iron Moth|Fiery Dance|p2a: Greninja\n|-resisted|p2a: Greninja\n|-damage|p2a: Greninja|66\/100\n|\n|-weather|RainDance|[upkeep]\n|upkeep\n|turn|16\n|\n|t:|1701215564\n|move|p2a: Greninja|Water Shuriken|p1a: Iron Moth\n|-supereffective|p1a: Iron Moth\n|-damage|p1a: Iron Moth|39\/100\n|-supereffective|p1a: Iron Moth\n|-damage|p1a: Iron Moth|0 fnt\n|faint|p1a: Iron Moth\n|-end|p1a: Iron Moth|Quark Drive|[silent]\n|-hitcount|p1: Iron Moth|2\n|-damage|p2a: Greninja|56\/100|[from] item: Life Orb\n|\n|win|Magolor16\n|raw|youngJizzy's rating: 1257 &rarr; <strong>1230<\/strong><br \/>(-27 for losing)\n|raw|Magolor16's rating: 1225 &rarr; <strong>1252<\/strong><br \/>(+27 for winning)\n|l|\u2606youngJizzy\n|c|\u2606Magolor16|Gg\n","uploadtime":1701215574,"views":0,"p1id":"youngjizzy","p2id":"magolor16","formatid":"gen9ou","rating":1230,"private":0,"password":""}