{"id":"gen9ou-1995036018","p1":"dieguinhobj","p2":"doctromat","format":"[Gen 9] OU","log":"|j|\u2606dieguinhobj\n|j|\u2606doctromat\n|t:|1700515699\n|gametype|singles\n|player|p1|dieguinhobj|blue|1181\n|player|p2|doctromat|2|1159\n|teamsize|p1|6\n|teamsize|p2|6\n|gen|9\n|tier|[Gen 9] OU\n|rated|\n|rule|Sleep Clause Mod: Limit one foe put to sleep\n|rule|Species Clause: Limit one of each Pok\u00e9mon\n|rule|OHKO Clause: OHKO moves are banned\n|rule|Evasion Items Clause: Evasion items are banned\n|rule|Evasion Moves Clause: Evasion moves are banned\n|rule|Endless Battle Clause: Forcing endless battles is banned\n|rule|HP Percentage Mod: HP is shown in percentages\n|clearpoke\n|poke|p1|Ribombee, F|\n|poke|p1|Gholdengo|\n|poke|p1|Great Tusk|\n|poke|p1|Iron Valiant|\n|poke|p1|Rotom-Wash|\n|poke|p1|Kingambit, F|\n|poke|p2|Rillaboom, M|\n|poke|p2|Cinderace, F|\n|poke|p2|Ogerpon-Cornerstone, F|\n|poke|p2|Kingambit, F|\n|poke|p2|Great Tusk|\n|poke|p2|Iron Valiant|\n|teampreview\n|c|\u2606doctromat|gl hf\n|inactive|Battle timer is ON: inactive players will automatically lose when time's up. (requested by dieguinhobj)\n|\n|t:|1700515735\n|start\n|switch|p1a: Ribombee|Ribombee, F|100\/100\n|switch|p2a: Iron Valiant|Iron Valiant|100\/100\n|-enditem|p2a: Iron Valiant|Booster Energy\n|-activate|p2a: Iron Valiant|ability: Quark Drive|[fromitem]\n|-start|p2a: Iron Valiant|quarkdrivespe\n|turn|1\n|\n|t:|1700515743\n|-terastallize|p2a: Iron Valiant|Electric\n|move|p2a: Iron Valiant|Calm Mind|p2a: Iron Valiant\n|-boost|p2a: Iron Valiant|spa|1\n|-boost|p2a: Iron Valiant|spd|1\n|move|p1a: Ribombee|Stun Spore|p2a: Iron Valiant|[miss]\n|-miss|p1a: Ribombee|p2a: Iron Valiant\n|\n|upkeep\n|turn|2\n|\n|t:|1700515751\n|move|p2a: Iron Valiant|Encore|p1a: Ribombee\n|-start|p1a: Ribombee|Encore\n|move|p1a: Ribombee|Stun Spore|p2a: Iron Valiant\n|-immune|p2a: Iron Valiant\n|\n|upkeep\n|turn|3\n|\n|t:|1700515764\n|switch|p1a: Great Tusk|Great Tusk|100\/100\n|-enditem|p1a: Great Tusk|Booster Energy\n|-activate|p1a: Great Tusk|ability: Protosynthesis|[fromitem]\n|-start|p1a: Great Tusk|protosynthesisdef\n|move|p2a: Iron Valiant|Calm Mind|p2a: Iron Valiant\n|-boost|p2a: Iron Valiant|spa|1\n|-boost|p2a: Iron Valiant|spd|1\n|\n|upkeep\n|turn|4\n|\n|t:|1700515774\n|-terastallize|p1a: Great Tusk|Ghost\n|move|p2a: Iron Valiant|Moonblast|p1a: Great Tusk\n|-damage|p1a: Great Tusk|0 fnt\n|faint|p1a: Great Tusk\n|-end|p1a: Great Tusk|Protosynthesis|[silent]\n|\n|upkeep\n|\n|t:|1700515781\n|switch|p1a: Gholdengo|Gholdengo|100\/100\n|turn|5\n|\n|t:|1700515788\n|move|p2a: Iron Valiant|Calm Mind|p2a: Iron Valiant\n|-boost|p2a: Iron Valiant|spa|1\n|-boost|p2a: Iron Valiant|spd|1\n|move|p1a: Gholdengo|Make It Rain|p2a: Iron Valiant\n|-resisted|p2a: Iron Valiant\n|-damage|p2a: Iron Valiant|62\/100\n|-unboost|p1a: Gholdengo|spa|1\n|\n|upkeep\n|turn|6\n|\n|t:|1700515794\n|move|p2a: Iron Valiant|Thunderbolt|p1a: Gholdengo\n|-damage|p1a: Gholdengo|0 fnt\n|faint|p1a: Gholdengo\n|\n|upkeep\n|\n|t:|1700515807\n|switch|p1a: Iron Valiant|Iron Valiant|100\/100\n|turn|7\n|\n|t:|1700515818\n|move|p2a: Iron Valiant|Moonblast|p1a: Iron Valiant\n|-supereffective|p1a: Iron Valiant\n|-damage|p1a: Iron Valiant|0 fnt\n|faint|p1a: Iron Valiant\n|-end|p1a: Iron Valiant|Quark Drive|[silent]\n|\n|upkeep\n|\n|t:|1700515825\n|switch|p1a: Kingambit|Kingambit, F|100\/100\n|-activate|p1a: Kingambit|ability: Supreme Overlord\n|-start|p1a: Kingambit|fallen3|[silent]\n|turn|8\n|\n|t:|1700515829\n|move|p1a: Kingambit|Sucker Punch||[still]\n|-fail|p1a: Kingambit\n|move|p2a: Iron Valiant|Encore|p1a: Kingambit\n|-start|p1a: Kingambit|Encore\n|\n|upkeep\n|turn|9\n|\n|t:|1700515836\n|move|p1a: Kingambit|Sucker Punch||[still]\n|-fail|p1a: Kingambit\n|move|p2a: Iron Valiant|Encore||[still]\n|-fail|p2a: Iron Valiant\n|\n|upkeep\n|turn|10\n|\n|t:|1700515843\n|move|p1a: Kingambit|Sucker Punch||[still]\n|-fail|p1a: Kingambit\n|move|p2a: Iron Valiant|Calm Mind|p2a: Iron Valiant\n|-boost|p2a: Iron Valiant|spa|1\n|-boost|p2a: Iron Valiant|spd|1\n|\n|upkeep\n|turn|11\n|\n|t:|1700515850\n|move|p1a: Kingambit|Sucker Punch||[still]\n|-fail|p1a: Kingambit\n|move|p2a: Iron Valiant|Calm Mind|p2a: Iron Valiant\n|-boost|p2a: Iron Valiant|spa|1\n|-boost|p2a: Iron Valiant|spd|1\n|\n|-end|p1a: Kingambit|Encore\n|upkeep\n|turn|12\n|\n|t:|1700515855\n|move|p1a: Kingambit|Sucker Punch||[still]\n|-fail|p1a: Kingambit\n|move|p2a: Iron Valiant|Encore|p1a: Kingambit\n|-start|p1a: Kingambit|Encore\n|\n|upkeep\n|turn|13\n|\n|t:|1700515859\n|-end|p1a: Kingambit|fallen3|[silent]\n|switch|p1a: Rotom|Rotom-Wash|100\/100\n|move|p2a: Iron Valiant|Calm Mind|p2a: Iron Valiant\n|-boost|p2a: Iron Valiant|spa|1\n|-boost|p2a: Iron Valiant|spd|1\n|\n|upkeep\n|turn|14\n|\n|t:|1700515865\n|move|p2a: Iron Valiant|Thunderbolt|p1a: Rotom\n|-damage|p1a: Rotom|0 fnt\n|faint|p1a: Rotom\n|\n|upkeep\n|\n|t:|1700515867\n|switch|p1a: Kingambit|Kingambit, F|100\/100\n|-activate|p1a: Kingambit|ability: Supreme Overlord\n|-start|p1a: Kingambit|fallen4|[silent]\n|turn|15\n|\n|t:|1700515878\n|move|p2a: Iron Valiant|Moonblast|p1a: Kingambit\n|-damage|p1a: Kingambit|0 fnt\n|faint|p1a: Kingambit\n|-end|p1a: Kingambit|fallen4|[silent]\n|\n|upkeep\n|\n|t:|1700515881\n|switch|p1a: Ribombee|Ribombee, F|100\/100\n|turn|16\n|\n|t:|1700515886\n|move|p2a: Iron Valiant|Moonblast|p1a: Ribombee\n|-damage|p1a: Ribombee|0 fnt\n|faint|p1a: Ribombee\n|\n|win|doctromat\n|raw|dieguinhobj's rating: 1181 &rarr; <strong>1154<\/strong><br \/>(-27 for losing)\n|raw|doctromat's rating: 1159 &rarr; <strong>1186<\/strong><br \/>(+27 for winning)\n|l|\u2606dieguinhobj\n","uploadtime":1700515892,"views":21,"p1id":"dieguinhobj","p2id":"doctromat","formatid":"gen9ou","rating":1154,"private":0,"password":""}