{"id":"gen9ou-1989390481","p1":"Duckycrater","p2":"Force_ten","format":"[Gen 9] OU","log":"|j|\u2606Duckycrater\n|j|\u2606Force_ten\n|t:|1699844200\n|gametype|singles\n|player|p1|Duckycrater|169|1512\n|player|p2|Force_ten|169|1515\n|teamsize|p1|6\n|teamsize|p2|6\n|gen|9\n|tier|[Gen 9] OU\n|rated|\n|rule|Sleep Clause Mod: Limit one foe put to sleep\n|rule|Species Clause: Limit one of each Pok\u00e9mon\n|rule|OHKO Clause: OHKO moves are banned\n|rule|Evasion Items Clause: Evasion items are banned\n|rule|Evasion Moves Clause: Evasion moves are banned\n|rule|Endless Battle Clause: Forcing endless battles is banned\n|rule|HP Percentage Mod: HP is shown in percentages\n|clearpoke\n|poke|p1|Clefable, M|\n|poke|p1|Alomomola, F|\n|poke|p1|Blissey, F|\n|poke|p1|Clodsire, F|\n|poke|p1|Dondozo, M|\n|poke|p1|Amoonguss, F|\n|poke|p2|Iron Valiant|\n|poke|p2|Great Tusk|\n|poke|p2|Dragonite, M|\n|poke|p2|Kingambit, F|\n|poke|p2|Azumarill, M|\n|poke|p2|Scizor, F|\n|teampreview\n|inactive|Battle timer is ON: inactive players will automatically lose when time's up. (requested by Duckycrater)\n|\n|t:|1699844209\n|start\n|switch|p1a: Blissey|Blissey, F|100\/100\n|switch|p2a: Iron Valiant|Iron Valiant|100\/100\n|turn|1\n|\n|t:|1699844215\n|move|p1a: Blissey|Protect|p1a: Blissey\n|-singleturn|p1a: Blissey|Protect\n|move|p2a: Iron Valiant|Trick|p1a: Blissey\n|-activate|p1a: Blissey|move: Protect\n|\n|upkeep\n|turn|2\n|\n|t:|1699844219\n|switch|p1a: Amoonguss|Amoonguss, F|100\/100\n|move|p2a: Iron Valiant|Trick|p1a: Amoonguss\n|-activate|p2a: Iron Valiant|move: Trick|[of] p1a: Amoonguss\n|-item|p1a: Amoonguss|Choice Band|[from] move: Trick\n|-item|p2a: Iron Valiant|Heavy-Duty Boots|[from] move: Trick\n|\n|upkeep\n|turn|3\n|\n|t:|1699844226\n|-end|p2a: Iron Valiant|Quark Drive|[silent]\n|switch|p2a: Scizor|Scizor, F|100\/100\n|move|p1a: Amoonguss|Toxic|p2a: Scizor\n|-immune|p2a: Scizor\n|\n|upkeep\n|turn|4\n|\n|t:|1699844231\n|switch|p1a: Alomomola|Alomomola, F|100\/100\n|move|p2a: Scizor|U-turn|p1a: Alomomola\n|-damage|p1a: Alomomola|70\/100\n|\n|t:|1699844241\n|switch|p2a: Dragonite|Dragonite, M|100\/100|[from] U-turn\n|\n|upkeep\n|turn|5\n|\n|t:|1699844245\n|move|p2a: Dragonite|Outrage|p1a: Alomomola\n|-damage|p1a: Alomomola|16\/100\n|move|p1a: Alomomola|Scald|p2a: Dragonite\n|-resisted|p2a: Dragonite\n|-damage|p2a: Dragonite|98\/100\n|\n|upkeep\n|turn|6\n|\n|t:|1699844248\n|move|p1a: Alomomola|Protect|p1a: Alomomola\n|-singleturn|p1a: Alomomola|Protect\n|move|p2a: Dragonite|Outrage|p1a: Alomomola|[from]lockedmove\n|-activate|p1a: Alomomola|move: Protect\n|\n|upkeep\n|turn|7\n|\n|t:|1699844257\n|switch|p2a: Scizor|Scizor, F|100\/100\n|switch|p1a: Clefable|Clefable, M|100\/100\n|\n|upkeep\n|turn|8\n|\n|t:|1699844262\n|switch|p1a: Alomomola|Alomomola, F|50\/100\n|move|p2a: Scizor|Bullet Punch|p1a: Alomomola\n|-resisted|p1a: Alomomola\n|-damage|p1a: Alomomola|36\/100\n|\n|upkeep\n|turn|9\n|\n|t:|1699844273\n|switch|p2a: Iron Valiant|Iron Valiant|100\/100\n|switch|p1a: Dondozo|Dondozo, M|100\/100\n|\n|upkeep\n|turn|10\n|\n|t:|1699844277\n|move|p2a: Iron Valiant|Knock Off|p1a: Dondozo\n|-damage|p1a: Dondozo|85\/100\n|-enditem|p1a: Dondozo|Heavy-Duty Boots|[from] move: Knock Off|[of] p2a: Iron Valiant\n|move|p1a: Dondozo|Waterfall|p2a: Iron Valiant\n|-damage|p2a: Iron Valiant|67\/100\n|\n|upkeep\n|turn|11\n|\n|t:|1699844280\n|move|p2a: Iron Valiant|Close Combat|p1a: Dondozo\n|-crit|p1a: Dondozo\n|-damage|p1a: Dondozo|44\/100\n|-unboost|p2a: Iron Valiant|def|1\n|-unboost|p2a: Iron Valiant|spd|1\n|move|p1a: Dondozo|Waterfall|p2a: Iron Valiant\n|-damage|p2a: Iron Valiant|34\/100\n|\n|upkeep\n|turn|12\n|\n|t:|1699844284\n|move|p2a: Iron Valiant|Close Combat|p1a: Dondozo\n|-damage|p1a: Dondozo|16\/100\n|-unboost|p2a: Iron Valiant|def|1\n|-unboost|p2a: Iron Valiant|spd|1\n|move|p1a: Dondozo|Rest|p1a: Dondozo\n|-status|p1a: Dondozo|slp|[from] move: Rest\n|-heal|p1a: Dondozo|100\/100 slp|[silent]\n|\n|upkeep\n|turn|13\n|\n|t:|1699844290\n|-end|p2a: Iron Valiant|Quark Drive|[silent]\n|switch|p2a: Great Tusk|Great Tusk|100\/100\n|cant|p1a: Dondozo|slp\n|move|p1a: Dondozo|Sleep Talk|p1a: Dondozo\n|move|p1a: Dondozo|Body Press|p2a: Great Tusk|[from]move: Sleep Talk\n|-crit|p2a: Great Tusk\n|-damage|p2a: Great Tusk|71\/100\n|\n|upkeep\n|turn|14\n|\n|t:|1699844296\n|move|p2a: Great Tusk|Close Combat|p1a: Dondozo\n|-damage|p1a: Dondozo|58\/100 slp\n|-unboost|p2a: Great Tusk|def|1\n|-unboost|p2a: Great Tusk|spd|1\n|cant|p1a: Dondozo|slp\n|move|p1a: Dondozo|Sleep Talk|p1a: Dondozo\n|move|p1a: Dondozo|Rest||[from]move: Sleep Talk|[still]\n|-fail|p1a: Dondozo\n|\n|upkeep\n|turn|15\n|\n|t:|1699844300\n|-terastallize|p2a: Great Tusk|Fighting\n|move|p2a: Great Tusk|Close Combat|p1a: Dondozo\n|-damage|p1a: Dondozo|4\/100 slp\n|-unboost|p2a: Great Tusk|def|1\n|-unboost|p2a: Great Tusk|spd|1\n|-curestatus|p1a: Dondozo|slp|[msg]\n|move|p1a: Dondozo|Rest|p1a: Dondozo\n|-status|p1a: Dondozo|slp|[from] move: Rest\n|-heal|p1a: Dondozo|100\/100 slp|[silent]\n|\n|upkeep\n|turn|16\n|\n|t:|1699844304\n|switch|p1a: Amoonguss|Amoonguss, F|100\/100\n|move|p2a: Great Tusk|Close Combat|p1a: Amoonguss\n|-resisted|p1a: Amoonguss\n|-damage|p1a: Amoonguss|59\/100\n|-unboost|p2a: Great Tusk|def|1\n|-unboost|p2a: Great Tusk|spd|1\n|\n|upkeep\n|turn|17\n|\n|t:|1699844310\n|-end|p2a: Great Tusk|Protosynthesis|[silent]\n|switch|p2a: Scizor|Scizor, F|100\/100\n|move|p1a: Amoonguss|Giga Drain|p2a: Scizor\n|-resisted|p2a: Scizor\n|-damage|p2a: Scizor|94\/100\n|-heal|p1a: Amoonguss|62\/100|[from] drain|[of] p2a: Scizor\n|\n|upkeep\n|turn|18\n|c|\u2606Duckycrater|How much of your team is choiced\n|\n|t:|1699844320\n|switch|p1a: Alomomola|Alomomola, F|69\/100\n|move|p2a: Scizor|Close Combat|p1a: Alomomola\n|-damage|p1a: Alomomola|30\/100\n|-unboost|p2a: Scizor|def|1\n|-unboost|p2a: Scizor|spd|1\n|\n|upkeep\n|turn|19\n|\n|t:|1699844325\n|switch|p1a: Amoonguss|Amoonguss, F|95\/100\n|move|p2a: Scizor|Close Combat|p1a: Amoonguss\n|-resisted|p1a: Amoonguss\n|-damage|p1a: Amoonguss|68\/100\n|-unboost|p2a: Scizor|def|1\n|-unboost|p2a: Scizor|spd|1\n|\n|upkeep\n|turn|20\n|\n|t:|1699844333\n|switch|p2a: Iron Valiant|Iron Valiant|34\/100\n|move|p1a: Amoonguss|Toxic|p2a: Iron Valiant\n|-status|p2a: Iron Valiant|tox\n|\n|-damage|p2a: Iron Valiant|27\/100 tox|[from] psn\n|upkeep\n|turn|21\n|\n|t:|1699844346\n|-end|p2a: Iron Valiant|Quark Drive|[silent]\n|switch|p2a: Great Tusk|Great Tusk, tera:Fighting|71\/100\n|move|p1a: Amoonguss|Toxic|p2a: Great Tusk\n|-status|p2a: Great Tusk|tox\n|\n|-damage|p2a: Great Tusk|65\/100 tox|[from] psn\n|upkeep\n|turn|22\n|\n|t:|1699844352\n|switch|p1a: Dondozo|Dondozo, M|100\/100 slp\n|move|p2a: Great Tusk|Headlong Rush|p1a: Dondozo\n|-damage|p1a: Dondozo|61\/100 slp\n|-unboost|p2a: Great Tusk|def|1\n|-unboost|p2a: Great Tusk|spd|1\n|\n|-damage|p2a: Great Tusk|53\/100 tox|[from] psn\n|upkeep\n|turn|23\n|\n|t:|1699844361\n|-end|p2a: Great Tusk|Protosynthesis|[silent]\n|switch|p2a: Kingambit|Kingambit, F|100\/100\n|cant|p1a: Dondozo|slp\n|move|p1a: Dondozo|Sleep Talk|p1a: Dondozo\n|move|p1a: Dondozo|Waterfall|p2a: Kingambit|[from]move: Sleep Talk\n|-damage|p2a: Kingambit|80\/100\n|\n|upkeep\n|turn|24\n|\n|t:|1699844368\n|move|p2a: Kingambit|Kowtow Cleave|p1a: Dondozo\n|-damage|p1a: Dondozo|27\/100 slp\n|cant|p1a: Dondozo|slp\n|move|p1a: Dondozo|Sleep Talk|p1a: Dondozo\n|move|p1a: Dondozo|Rest||[from]move: Sleep Talk|[still]\n|-fail|p1a: Dondozo\n|\n|upkeep\n|turn|25\n|\n|t:|1699844374\n|-end|p2a: Kingambit|fallenundefined|[silent]\n|switch|p2a: Scizor|Scizor, F|94\/100\n|switch|p1a: Clefable|Clefable, M|100\/100\n|\n|upkeep\n|turn|26\n|c|\u2606Duckycrater|Is that entire team choiced\n|\n|t:|1699844382\n|move|p1a: Clefable|Protect|p1a: Clefable\n|-singleturn|p1a: Clefable|Protect\n|move|p2a: Scizor|U-turn|p1a: Clefable\n|-activate|p1a: Clefable|move: Protect\n|\n|upkeep\n|turn|27\n|\n|t:|1699844386\n|switch|p2a: Kingambit|Kingambit, F|80\/100\n|move|p1a: Clefable|Moonblast|p2a: Kingambit\n|-damage|p2a: Kingambit|51\/100\n|\n|upkeep\n|turn|28\n|\n|t:|1699844389\n|move|p1a: Clefable|Protect|p1a: Clefable\n|-singleturn|p1a: Clefable|Protect\n|move|p2a: Kingambit|Iron Head|p1a: Clefable\n|-activate|p1a: Clefable|move: Protect\n|\n|upkeep\n|turn|29\n|\n|t:|1699844392\n|switch|p1a: Alomomola|Alomomola, F|63\/100\n|-end|p2a: Kingambit|fallenundefined|[silent]\n|switch|p2a: Scizor|Scizor, F|94\/100\n|\n|upkeep\n|turn|30\n|\n|t:|1699844398\n|move|p1a: Alomomola|Protect|p1a: Alomomola\n|-singleturn|p1a: Alomomola|Protect\n|move|p2a: Scizor|Close Combat|p1a: Alomomola\n|-activate|p1a: Alomomola|move: Protect\n|\n|upkeep\n|turn|31\n|\n|t:|1699844403\n|switch|p2a: Dragonite|Dragonite, M|98\/100\n|switch|p1a: Amoonguss|Amoonguss, F|100\/100\n|\n|upkeep\n|turn|32\n|\n|t:|1699844408\n|switch|p1a: Clefable|Clefable, M|100\/100\n|move|p2a: Dragonite|Fire Punch|p1a: Clefable\n|-damage|p1a: Clefable|65\/100\n|\n|-heal|p1a: Clefable|72\/100|[from] item: Leftovers\n|upkeep\n|turn|33\n|\n|t:|1699844413\n|switch|p2a: Scizor|Scizor, F|94\/100\n|move|p1a: Clefable|Moonblast|p2a: Scizor\n|-resisted|p2a: Scizor\n|-damage|p2a: Scizor|73\/100\n|\n|-heal|p1a: Clefable|78\/100|[from] item: Leftovers\n|upkeep\n|turn|34\n|\n|t:|1699844417\n|move|p1a: Clefable|Protect|p1a: Clefable\n|-singleturn|p1a: Clefable|Protect\n|move|p2a: Scizor|Bullet Punch|p1a: Clefable\n|-activate|p1a: Clefable|move: Protect\n|\n|-heal|p1a: Clefable|84\/100|[from] item: Leftovers\n|upkeep\n|turn|35\n|\n|t:|1699844423\n|switch|p2a: Dragonite|Dragonite, M|98\/100\n|switch|p1a: Alomomola|Alomomola, F|96\/100\n|\n|upkeep\n|turn|36\n|\n|t:|1699844426\n|move|p1a: Alomomola|Protect|p1a: Alomomola\n|-singleturn|p1a: Alomomola|Protect\n|move|p2a: Dragonite|Outrage|p1a: Alomomola\n|-activate|p1a: Alomomola|move: Protect\n|\n|upkeep\n|turn|37\n|\n|t:|1699844432\n|switch|p2a: Scizor|Scizor, F|73\/100\n|move|p1a: Alomomola|Scald|p2a: Scizor\n|-damage|p2a: Scizor|56\/100\n|-status|p2a: Scizor|brn\n|\n|-damage|p2a: Scizor|50\/100 brn|[from] brn\n|upkeep\n|turn|38\n|\n|t:|1699844437\n|move|p2a: Scizor|Thief|p1a: Alomomola\n|-damage|p1a: Alomomola|83\/100\n|move|p1a: Alomomola|Wish|p1a: Alomomola\n|\n|-damage|p2a: Scizor|44\/100 brn|[from] brn\n|upkeep\n|turn|39\n|\n|t:|1699844441\n|switch|p2a: Azumarill|Azumarill, M|100\/100\n|switch|p1a: Dondozo|Dondozo, M|27\/100 slp\n|\n|-heal|p1a: Dondozo|79\/100 slp|[from] move: Wish|[wisher] Alomomola\n|upkeep\n|turn|40\n|\n|t:|1699844452\n|switch|p1a: Amoonguss|Amoonguss, F|100\/100\n|move|p2a: Azumarill|Play Rough|p1a: Amoonguss\n|-resisted|p1a: Amoonguss\n|-damage|p1a: Amoonguss|68\/100\n|\n|upkeep\n|turn|41\n|\n|t:|1699844460\n|switch|p2a: Great Tusk|Great Tusk, tera:Fighting|53\/100 tox\n|move|p1a: Amoonguss|Giga Drain|p2a: Great Tusk\n|-damage|p2a: Great Tusk|17\/100 tox\n|-heal|p1a: Amoonguss|84\/100|[from] drain|[of] p2a: Great Tusk\n|\n|-damage|p2a: Great Tusk|11\/100 tox|[from] psn\n|upkeep\n|turn|42\n|-message|Force_ten forfeited.\n|\n|win|Duckycrater\n|raw|Duckycrater's rating: 1512 &rarr; <strong>1532<\/strong><br \/>(+20 for winning)\n|raw|Force_ten's rating: 1515 &rarr; <strong>1495<\/strong><br \/>(-20 for losing)\n|l|\u2606Force_ten\n","uploadtime":1699844477,"views":42,"p1id":"duckycrater","p2id":"forceten","formatid":"gen9ou","rating":1495,"private":0,"password":""}