{"id":"gen9ou-1997870831","p1":"Werfs2","p2":"hipposlayer1910","format":"[Gen 9] OU","log":"|j|\u2606Werfs2\n|j|\u2606hipposlayer1910\n|t:|1700861941\n|gametype|singles\n|player|p1|Werfs2|clown|1182\n|player|p2|hipposlayer1910|266|1204\n|teamsize|p1|6\n|teamsize|p2|6\n|gen|9\n|tier|[Gen 9] OU\n|rated|\n|rule|Sleep Clause Mod: Limit one foe put to sleep\n|rule|Species Clause: Limit one of each Pok\u00e9mon\n|rule|OHKO Clause: OHKO moves are banned\n|rule|Evasion Items Clause: Evasion items are banned\n|rule|Evasion Moves Clause: Evasion moves are banned\n|rule|Endless Battle Clause: Forcing endless battles is banned\n|rule|HP Percentage Mod: HP is shown in percentages\n|clearpoke\n|poke|p1|Dragonite, F|\n|poke|p1|Crawdaunt, F|\n|poke|p1|Garganacl, M|\n|poke|p1|Ogerpon-Cornerstone, F|\n|poke|p1|Iron Valiant|\n|poke|p1|Iron Moth|\n|poke|p2|Munkidori, M|\n|poke|p2|Ursaluna, M|\n|poke|p2|Clefable, M|\n|poke|p2|Dragapult, F|\n|poke|p2|Slowking-Galar, F|\n|poke|p2|Great Tusk|\n|teampreview\n|\n|t:|1700861945\n|start\n|switch|p1a: Garganacl|Garganacl, M|100\/100\n|switch|p2a: Clefable|Clefable, M|100\/100\n|turn|1\n|\n|t:|1700861954\n|move|p2a: Clefable|Moonblast|p1a: Garganacl\n|-damage|p1a: Garganacl|80\/100\n|-unboost|p1a: Garganacl|spa|1\n|move|p1a: Garganacl|Salt Cure|p2a: Clefable\n|-damage|p2a: Clefable|88\/100\n|-start|p2a: Clefable|Salt Cure\n|\n|-heal|p2a: Clefable|94\/100|[from] item: Leftovers\n|-heal|p1a: Garganacl|87\/100|[from] item: Leftovers\n|-damage|p2a: Clefable|82\/100|[from] Salt Cure\n|upkeep\n|turn|2\n|\n|t:|1700861968\n|move|p2a: Clefable|Moonblast|p1a: Garganacl\n|-crit|p1a: Garganacl\n|-damage|p1a: Garganacl|55\/100\n|move|p1a: Garganacl|Iron Defense|p1a: Garganacl\n|-boost|p1a: Garganacl|def|2\n|\n|-heal|p2a: Clefable|88\/100|[from] item: Leftovers\n|-heal|p1a: Garganacl|61\/100|[from] item: Leftovers\n|-damage|p2a: Clefable|76\/100|[from] Salt Cure\n|upkeep\n|turn|3\n|\n|t:|1700861978\n|move|p2a: Clefable|Moonblast|p1a: Garganacl\n|-damage|p1a: Garganacl|40\/100\n|move|p1a: Garganacl|Recover|p1a: Garganacl\n|-heal|p1a: Garganacl|90\/100\n|\n|-heal|p2a: Clefable|82\/100|[from] item: Leftovers\n|-heal|p1a: Garganacl|96\/100|[from] item: Leftovers\n|-damage|p2a: Clefable|69\/100|[from] Salt Cure\n|upkeep\n|turn|4\n|\n|t:|1700861984\n|move|p2a: Clefable|Moonblast|p1a: Garganacl\n|-damage|p1a: Garganacl|76\/100\n|-unboost|p1a: Garganacl|spa|1\n|move|p1a: Garganacl|Iron Defense|p1a: Garganacl\n|-boost|p1a: Garganacl|def|2\n|\n|-heal|p2a: Clefable|75\/100|[from] item: Leftovers\n|-heal|p1a: Garganacl|82\/100|[from] item: Leftovers\n|-damage|p2a: Clefable|63\/100|[from] Salt Cure\n|upkeep\n|turn|5\n|\n|t:|1700861987\n|move|p2a: Clefable|Moonblast|p1a: Garganacl\n|-damage|p1a: Garganacl|61\/100\n|-unboost|p1a: Garganacl|spa|1\n|move|p1a: Garganacl|Iron Defense|p1a: Garganacl\n|-boost|p1a: Garganacl|def|2\n|\n|-heal|p2a: Clefable|69\/100|[from] item: Leftovers\n|-heal|p1a: Garganacl|67\/100|[from] item: Leftovers\n|-damage|p2a: Clefable|57\/100|[from] Salt Cure\n|upkeep\n|turn|6\n|\n|t:|1700861990\n|move|p2a: Clefable|Moonblast|p1a: Garganacl\n|-damage|p1a: Garganacl|46\/100\n|move|p1a: Garganacl|Recover|p1a: Garganacl\n|-heal|p1a: Garganacl|96\/100\n|\n|-heal|p2a: Clefable|63\/100|[from] item: Leftovers\n|-heal|p1a: Garganacl|100\/100|[from] item: Leftovers\n|-damage|p2a: Clefable|50\/100|[from] Salt Cure\n|upkeep\n|turn|7\n|\n|t:|1700861996\n|move|p2a: Clefable|Wish|p2a: Clefable\n|move|p1a: Garganacl|Body Press|p2a: Clefable\n|-resisted|p2a: Clefable\n|-damage|p2a: Clefable|41\/100\n|\n|-heal|p2a: Clefable|47\/100|[from] item: Leftovers\n|-damage|p2a: Clefable|35\/100|[from] Salt Cure\n|upkeep\n|turn|8\n|\n|t:|1700862010\n|move|p2a: Clefable|Thunder Wave|p1a: Garganacl\n|-immune|p1a: Garganacl|[from] ability: Purifying Salt\n|move|p1a: Garganacl|Body Press|p2a: Clefable\n|-resisted|p2a: Clefable\n|-damage|p2a: Clefable|25\/100\n|\n|-heal|p2a: Clefable|75\/100|[from] move: Wish|[wisher] Clefable\n|-heal|p2a: Clefable|81\/100|[from] item: Leftovers\n|-damage|p2a: Clefable|69\/100|[from] Salt Cure\n|upkeep\n|turn|9\n|\n|t:|1700862016\n|move|p2a: Clefable|Thunder Wave|p1a: Garganacl|[miss]\n|-miss|p2a: Clefable|p1a: Garganacl\n|move|p1a: Garganacl|Salt Cure|p2a: Clefable\n|-damage|p2a: Clefable|57\/100\n|\n|-heal|p2a: Clefable|63\/100|[from] item: Leftovers\n|-damage|p2a: Clefable|51\/100|[from] Salt Cure\n|upkeep\n|turn|10\n|\n|t:|1700862022\n|move|p2a: Clefable|Thunder Wave|p1a: Garganacl\n|-immune|p1a: Garganacl|[from] ability: Purifying Salt\n|move|p1a: Garganacl|Salt Cure|p2a: Clefable\n|-damage|p2a: Clefable|39\/100\n|\n|-heal|p2a: Clefable|45\/100|[from] item: Leftovers\n|-damage|p2a: Clefable|33\/100|[from] Salt Cure\n|upkeep\n|turn|11\n|\n|t:|1700862028\n|move|p2a: Clefable|Wish|p2a: Clefable\n|move|p1a: Garganacl|Salt Cure|p2a: Clefable\n|-damage|p2a: Clefable|20\/100\n|\n|-heal|p2a: Clefable|26\/100|[from] item: Leftovers\n|-damage|p2a: Clefable|14\/100|[from] Salt Cure\n|upkeep\n|turn|12\n|\n|t:|1700862033\n|move|p2a: Clefable|Protect|p2a: Clefable\n|-singleturn|p2a: Clefable|Protect\n|move|p1a: Garganacl|Salt Cure|p2a: Clefable\n|-activate|p2a: Clefable|move: Protect\n|\n|-heal|p2a: Clefable|64\/100|[from] move: Wish|[wisher] Clefable\n|-heal|p2a: Clefable|70\/100|[from] item: Leftovers\n|-damage|p2a: Clefable|58\/100|[from] Salt Cure\n|upkeep\n|turn|13\n|\n|t:|1700862042\n|move|p2a: Clefable|Wish|p2a: Clefable\n|move|p1a: Garganacl|Salt Cure|p2a: Clefable\n|-damage|p2a: Clefable|46\/100\n|\n|-heal|p2a: Clefable|52\/100|[from] item: Leftovers\n|-damage|p2a: Clefable|40\/100|[from] Salt Cure\n|upkeep\n|turn|14\n|\n|t:|1700862047\n|move|p2a: Clefable|Moonblast|p1a: Garganacl\n|-damage|p1a: Garganacl|80\/100\n|move|p1a: Garganacl|Salt Cure|p2a: Clefable\n|-damage|p2a: Clefable|27\/100\n|\n|-heal|p2a: Clefable|77\/100|[from] move: Wish|[wisher] Clefable\n|-heal|p2a: Clefable|83\/100|[from] item: Leftovers\n|-heal|p1a: Garganacl|86\/100|[from] item: Leftovers\n|-damage|p2a: Clefable|71\/100|[from] Salt Cure\n|upkeep\n|turn|15\n|\n|t:|1700862053\n|move|p2a: Clefable|Moonblast|p1a: Garganacl\n|-damage|p1a: Garganacl|65\/100\n|move|p1a: Garganacl|Salt Cure|p2a: Clefable\n|-damage|p2a: Clefable|60\/100\n|\n|-heal|p2a: Clefable|66\/100|[from] item: Leftovers\n|-heal|p1a: Garganacl|71\/100|[from] item: Leftovers\n|-damage|p2a: Clefable|54\/100|[from] Salt Cure\n|upkeep\n|turn|16\n|\n|t:|1700862057\n|move|p2a: Clefable|Wish|p2a: Clefable\n|move|p1a: Garganacl|Body Press|p2a: Clefable\n|-resisted|p2a: Clefable\n|-damage|p2a: Clefable|44\/100\n|\n|-heal|p2a: Clefable|50\/100|[from] item: Leftovers\n|-heal|p1a: Garganacl|77\/100|[from] item: Leftovers\n|-damage|p2a: Clefable|38\/100|[from] Salt Cure\n|upkeep\n|turn|17\n|\n|t:|1700862063\n|move|p2a: Clefable|Moonblast|p1a: Garganacl\n|-damage|p1a: Garganacl|56\/100\n|move|p1a: Garganacl|Salt Cure|p2a: Clefable\n|-damage|p2a: Clefable|26\/100\n|\n|-heal|p2a: Clefable|76\/100|[from] move: Wish|[wisher] Clefable\n|-heal|p2a: Clefable|82\/100|[from] item: Leftovers\n|-heal|p1a: Garganacl|62\/100|[from] item: Leftovers\n|-damage|p2a: Clefable|70\/100|[from] Salt Cure\n|upkeep\n|turn|18\n|\n|t:|1700862069\n|move|p2a: Clefable|Wish|p2a: Clefable\n|move|p1a: Garganacl|Recover|p1a: Garganacl\n|-heal|p1a: Garganacl|100\/100\n|\n|-heal|p2a: Clefable|76\/100|[from] item: Leftovers\n|-damage|p2a: Clefable|63\/100|[from] Salt Cure\n|upkeep\n|turn|19\n|\n|t:|1700862072\n|move|p2a: Clefable|Moonblast|p1a: Garganacl\n|-damage|p1a: Garganacl|81\/100\n|move|p1a: Garganacl|Iron Defense|p1a: Garganacl\n|-boost|p1a: Garganacl|def|0\n|\n|-heal|p2a: Clefable|100\/100|[from] move: Wish|[wisher] Clefable\n|-heal|p1a: Garganacl|87\/100|[from] item: Leftovers\n|-damage|p2a: Clefable|88\/100|[from] Salt Cure\n|upkeep\n|turn|20\n|\n|t:|1700862078\n|switch|p2a: Slowking|Slowking-Galar, F|100\/100\n|move|p1a: Garganacl|Iron Defense|p1a: Garganacl\n|-boost|p1a: Garganacl|def|0\n|\n|-heal|p1a: Garganacl|94\/100|[from] item: Leftovers\n|upkeep\n|turn|21\n|\n|t:|1700862081\n|switch|p2a: Clefable|Clefable, M|88\/100\n|move|p1a: Garganacl|Salt Cure|p2a: Clefable\n|-damage|p2a: Clefable|77\/100\n|-start|p2a: Clefable|Salt Cure\n|\n|-heal|p2a: Clefable|83\/100|[from] item: Leftovers\n|-heal|p1a: Garganacl|99\/100|[from] item: Leftovers\n|-damage|p2a: Clefable|70\/100|[from] Salt Cure\n|upkeep\n|turn|22\n|\n|t:|1700862088\n|switch|p2a: Slowking|Slowking-Galar, F|100\/100\n|move|p1a: Garganacl|Body Press|p2a: Slowking\n|-resisted|p2a: Slowking\n|-damage|p2a: Slowking|78\/100\n|\n|-heal|p1a: Garganacl|100\/100|[from] item: Leftovers\n|-heal|p2a: Slowking|84\/100|[from] item: Leftovers\n|upkeep\n|turn|23\n|\n|t:|1700862092\n|switch|p2a: Clefable|Clefable, M|70\/100\n|move|p1a: Garganacl|Salt Cure|p2a: Clefable\n|-damage|p2a: Clefable|59\/100\n|-start|p2a: Clefable|Salt Cure\n|\n|-heal|p2a: Clefable|65\/100|[from] item: Leftovers\n|-damage|p2a: Clefable|52\/100|[from] Salt Cure\n|upkeep\n|turn|24\n|\n|t:|1700862098\n|move|p2a: Clefable|Wish|p2a: Clefable\n|move|p1a: Garganacl|Salt Cure|p2a: Clefable\n|-damage|p2a: Clefable|40\/100\n|\n|-heal|p2a: Clefable|46\/100|[from] item: Leftovers\n|-damage|p2a: Clefable|34\/100|[from] Salt Cure\n|upkeep\n|turn|25\n|\n|t:|1700862102\n|move|p2a: Clefable|Moonblast|p1a: Garganacl\n|-damage|p1a: Garganacl|80\/100\n|move|p1a: Garganacl|Salt Cure|p2a: Clefable\n|-damage|p2a: Clefable|23\/100\n|\n|-heal|p2a: Clefable|73\/100|[from] move: Wish|[wisher] Clefable\n|-heal|p2a: Clefable|79\/100|[from] item: Leftovers\n|-heal|p1a: Garganacl|87\/100|[from] item: Leftovers\n|-damage|p2a: Clefable|66\/100|[from] Salt Cure\n|upkeep\n|turn|26\n|\n|t:|1700862105\n|switch|p2a: Slowking|Slowking-Galar, F|100\/100\n|move|p1a: Garganacl|Salt Cure|p2a: Slowking\n|-damage|p2a: Slowking|86\/100\n|-start|p2a: Slowking|Salt Cure\n|\n|-heal|p1a: Garganacl|93\/100|[from] item: Leftovers\n|-heal|p2a: Slowking|92\/100|[from] item: Leftovers\n|-damage|p2a: Slowking|80\/100|[from] Salt Cure\n|upkeep\n|turn|27\n|\n|t:|1700862109\n|switch|p2a: Clefable|Clefable, M|66\/100\n|move|p1a: Garganacl|Salt Cure|p2a: Clefable\n|-damage|p2a: Clefable|54\/100\n|-start|p2a: Clefable|Salt Cure\n|\n|-heal|p2a: Clefable|60\/100|[from] item: Leftovers\n|-heal|p1a: Garganacl|99\/100|[from] item: Leftovers\n|-damage|p2a: Clefable|48\/100|[from] Salt Cure\n|upkeep\n|turn|28\n|\n|t:|1700862117\n|move|p2a: Clefable|Wish|p2a: Clefable\n|move|p1a: Garganacl|Salt Cure|p2a: Clefable\n|-damage|p2a: Clefable|37\/100\n|\n|-heal|p2a: Clefable|43\/100|[from] item: Leftovers\n|-heal|p1a: Garganacl|100\/100|[from] item: Leftovers\n|-damage|p2a: Clefable|30\/100|[from] Salt Cure\n|upkeep\n|turn|29\n|\n|t:|1700862136\n|move|p2a: Clefable|Moonblast|p1a: Garganacl\n|-damage|p1a: Garganacl|80\/100\n|move|p1a: Garganacl|Iron Defense|p1a: Garganacl\n|-boost|p1a: Garganacl|def|0\n|\n|-heal|p2a: Clefable|80\/100|[from] move: Wish|[wisher] Clefable\n|-heal|p2a: Clefable|86\/100|[from] item: Leftovers\n|-heal|p1a: Garganacl|87\/100|[from] item: Leftovers\n|-damage|p2a: Clefable|74\/100|[from] Salt Cure\n|upkeep\n|turn|30\n|\n|t:|1700862142\n|switch|p2a: Slowking|Slowking-Galar, F|100\/100\n|move|p1a: Garganacl|Iron Defense|p1a: Garganacl\n|-boost|p1a: Garganacl|def|0\n|\n|-heal|p1a: Garganacl|93\/100|[from] item: Leftovers\n|upkeep\n|turn|31\n|\n|t:|1700862145\n|move|p1a: Garganacl|Salt Cure|p2a: Slowking\n|-damage|p2a: Slowking|87\/100\n|-start|p2a: Slowking|Salt Cure\n|move|p2a: Slowking|Surf|p1a: Garganacl\n|-supereffective|p1a: Garganacl\n|-damage|p1a: Garganacl|58\/100\n|\n|-heal|p1a: Garganacl|64\/100|[from] item: Leftovers\n|-heal|p2a: Slowking|93\/100|[from] item: Leftovers\n|-damage|p2a: Slowking|81\/100|[from] Salt Cure\n|upkeep\n|turn|32\n|\n|t:|1700862158\n|switch|p1a: Iron Moth|Iron Moth|100\/100\n|-enditem|p1a: Iron Moth|Booster Energy\n|-activate|p1a: Iron Moth|ability: Quark Drive|[fromitem]\n|-start|p1a: Iron Moth|quarkdrivespe\n|move|p2a: Slowking|Eerie Spell|p1a: Iron Moth\n|-supereffective|p1a: Iron Moth\n|-damage|p1a: Iron Moth|42\/100\n|\n|-heal|p2a: Slowking|87\/100|[from] item: Leftovers\n|-damage|p2a: Slowking|75\/100|[from] Salt Cure\n|upkeep\n|turn|33\n|\n|t:|1700862162\n|move|p1a: Iron Moth|Fiery Dance|p2a: Slowking\n|-damage|p2a: Slowking|47\/100\n|move|p2a: Slowking|Eerie Spell|p1a: Iron Moth\n|-supereffective|p1a: Iron Moth\n|-damage|p1a: Iron Moth|0 fnt\n|faint|p1a: Iron Moth\n|-end|p1a: Iron Moth|Quark Drive|[silent]\n|\n|-heal|p2a: Slowking|53\/100|[from] item: Leftovers\n|-damage|p2a: Slowking|40\/100|[from] Salt Cure\n|upkeep\n|\n|t:|1700862165\n|switch|p1a: Dragonite|Dragonite, F|100\/100\n|turn|34\n|c|\u2606hipposlayer1910|Lol\n|\n|t:|1700862170\n|switch|p2a: Clefable|Clefable, M|74\/100\n|move|p1a: Dragonite|Dragon Dance|p1a: Dragonite\n|-boost|p1a: Dragonite|atk|1\n|-boost|p1a: Dragonite|spe|1\n|\n|-heal|p2a: Clefable|80\/100|[from] item: Leftovers\n|upkeep\n|turn|35\n|\n|t:|1700862172\n|move|p1a: Dragonite|Dragon Dance|p1a: Dragonite\n|-boost|p1a: Dragonite|atk|1\n|-boost|p1a: Dragonite|spe|1\n|move|p2a: Clefable|Moonblast|p1a: Dragonite\n|-supereffective|p1a: Dragonite\n|-damage|p1a: Dragonite|70\/100\n|-unboost|p1a: Dragonite|spa|1\n|\n|-heal|p2a: Clefable|86\/100|[from] item: Leftovers\n|upkeep\n|turn|36\n|c|\u2606hipposlayer1910|You dumb\n|c|\u2606hipposlayer1910|?\n|\n|t:|1700862182\n|move|p1a: Dragonite|Extreme Speed|p2a: Clefable\n|-damage|p2a: Clefable|62\/100\n|move|p2a: Clefable|Moonblast|p1a: Dragonite\n|-supereffective|p1a: Dragonite\n|-damage|p1a: Dragonite|3\/100\n|\n|-heal|p2a: Clefable|68\/100|[from] item: Leftovers\n|upkeep\n|turn|37\n|c|\u2606Werfs2|i am bored with you being fucking bitch\n|\n|t:|1700862196\n|move|p1a: Dragonite|Extreme Speed|p2a: Clefable\n|-damage|p2a: Clefable|42\/100\n|move|p2a: Clefable|Moonblast|p1a: Dragonite\n|-supereffective|p1a: Dragonite\n|-damage|p1a: Dragonite|0 fnt\n|faint|p1a: Dragonite\n|\n|-heal|p2a: Clefable|48\/100|[from] item: Leftovers\n|upkeep\n|\n|t:|1700862199\n|switch|p1a: Crawdaunt|Crawdaunt, F|100\/100\n|turn|38\n|\n|t:|1700862202\n|-terastallize|p1a: Crawdaunt|Water\n|move|p2a: Clefable|Moonblast|p1a: Crawdaunt\n|-damage|p1a: Crawdaunt|44\/100\n|move|p1a: Crawdaunt|Crabhammer|p2a: Clefable\n|-damage|p2a: Clefable|0 fnt\n|faint|p2a: Clefable\n|-damage|p1a: Crawdaunt|34\/100|[from] item: Life Orb\n|\n|upkeep\n|\n|t:|1700862211\n|switch|p2a: Dragapult|Dragapult, F|100\/100\n|turn|39\n|\n|t:|1700862213\n|move|p2a: Dragapult|Substitute|p2a: Dragapult\n|-start|p2a: Dragapult|Substitute\n|-damage|p2a: Dragapult|76\/100\n|move|p1a: Crawdaunt|Crabhammer|p2a: Dragapult\n|-resisted|p2a: Dragapult\n|-end|p2a: Dragapult|Substitute\n|-damage|p1a: Crawdaunt|24\/100|[from] item: Life Orb\n|\n|-heal|p2a: Dragapult|82\/100|[from] item: Leftovers\n|upkeep\n|turn|40\n|\n|t:|1700862216\n|move|p1a: Crawdaunt|Aqua Jet|p2a: Dragapult\n|-resisted|p2a: Dragapult\n|-damage|p2a: Dragapult|53\/100\n|-damage|p1a: Crawdaunt|14\/100|[from] item: Life Orb\n|move|p2a: Dragapult|Substitute|p2a: Dragapult\n|-start|p2a: Dragapult|Substitute\n|-damage|p2a: Dragapult|28\/100\n|\n|-heal|p2a: Dragapult|34\/100|[from] item: Leftovers\n|upkeep\n|turn|41\n|\n|t:|1700862220\n|move|p1a: Crawdaunt|Aqua Jet|p2a: Dragapult\n|-resisted|p2a: Dragapult\n|-end|p2a: Dragapult|Substitute\n|-damage|p1a: Crawdaunt|4\/100|[from] item: Life Orb\n|move|p2a: Dragapult|Hex|p1a: Crawdaunt\n|-damage|p1a: Crawdaunt|0 fnt\n|faint|p1a: Crawdaunt\n|\n|-heal|p2a: Dragapult|40\/100|[from] item: Leftovers\n|upkeep\n|\n|t:|1700862222\n|switch|p1a: Ogerpon|Ogerpon-Cornerstone, F|100\/100\n|turn|42\n|\n|t:|1700862225\n|move|p2a: Dragapult|Will-O-Wisp|p1a: Ogerpon\n|-status|p1a: Ogerpon|brn\n|move|p1a: Ogerpon|Swords Dance|p1a: Ogerpon\n|-boost|p1a: Ogerpon|atk|2\n|\n|-heal|p2a: Dragapult|46\/100|[from] item: Leftovers\n|-damage|p1a: Ogerpon|95\/100 brn|[from] brn\n|upkeep\n|turn|43\n|\n|t:|1700862230\n|move|p2a: Dragapult|Hex|p1a: Ogerpon\n|-damage|p1a: Ogerpon|25\/100 brn\n|move|p1a: Ogerpon|Swords Dance|p1a: Ogerpon\n|-boost|p1a: Ogerpon|atk|2\n|\n|-heal|p2a: Dragapult|52\/100|[from] item: Leftovers\n|-damage|p1a: Ogerpon|19\/100 brn|[from] brn\n|upkeep\n|turn|44\n|\n|t:|1700862233\n|move|p2a: Dragapult|Hex|p1a: Ogerpon\n|-damage|p1a: Ogerpon|0 fnt\n|faint|p1a: Ogerpon\n|\n|-heal|p2a: Dragapult|58\/100|[from] item: Leftovers\n|upkeep\n|\n|t:|1700862235\n|switch|p1a: Iron Valiant|Iron Valiant|100\/100\n|-enditem|p1a: Iron Valiant|Booster Energy\n|-activate|p1a: Iron Valiant|ability: Quark Drive|[fromitem]\n|-start|p1a: Iron Valiant|quarkdrivespe\n|turn|45\n|c|\u2606hipposlayer1910|Lol\n|c|\u2606hipposlayer1910|Lol just funny watching you lose slowly\n|inactive|Battle timer is ON: inactive players will automatically lose when time's up. (requested by Werfs2)\n|c|\u2606hipposlayer1910|Like just kept going not making a play\n|\n|t:|1700862277\n|move|p1a: Iron Valiant|Knock Off|p2a: Dragapult\n|-supereffective|p2a: Dragapult\n|-damage|p2a: Dragapult|0 fnt\n|-enditem|p2a: Dragapult|Leftovers|[from] move: Knock Off|[of] p1a: Iron Valiant\n|faint|p2a: Dragapult\n|\n|upkeep\n|\n|t:|1700862280\n|switch|p2a: Munkidori|Munkidori, M|100\/100\n|turn|46\n|\n|t:|1700862285\n|move|p1a: Iron Valiant|Knock Off|p2a: Munkidori\n|-supereffective|p2a: Munkidori\n|-damage|p2a: Munkidori|12\/100\n|-enditem|p2a: Munkidori|Assault Vest|[from] move: Knock Off|[of] p1a: Iron Valiant\n|move|p2a: Munkidori|Sludge Wave|p1a: Iron Valiant\n|-supereffective|p1a: Iron Valiant\n|-damage|p1a: Iron Valiant|0 fnt\n|faint|p1a: Iron Valiant\n|-end|p1a: Iron Valiant|Quark Drive|[silent]\n|\n|upkeep\n|\n|t:|1700862289\n|switch|p1a: Garganacl|Garganacl, M|64\/100\n|turn|47\n|inactive|Werfs2 has 120 seconds left.\n|inactive|Werfs2 has 90 seconds left.\n|c|\u2606hipposlayer1910|Lol funny that you use garg cause you mom was garging on my nuts last night\n|inactive|Werfs2 has 60 seconds left.\n|inactive|Werfs2 has 30 seconds left.\n|inactive|Werfs2 has 20 seconds left.\n|inactive|Werfs2 has 15 seconds left.\n|inactive|Werfs2 has 10 seconds left.\n|inactive|Werfs2 has 5 seconds left.\n|-message|Werfs2 lost due to inactivity.\n|\n|win|hipposlayer1910\n|raw|Werfs2's rating: 1182 &rarr; <strong>1159<\/strong><br \/>(-23 for losing)\n|raw|hipposlayer1910's rating: 1204 &rarr; <strong>1227<\/strong><br \/>(+23 for winning)\n","uploadtime":1700862195,"views":2,"p1id":"werfs2","p2id":"hipposlayer1910","formatid":"gen9ou","rating":1159,"private":0,"password":""}