{"id":"gen9ou-1990722160","p1":"danates inferno","p2":"Smipsmop","format":"[Gen 9] OU","log":"|j|\u2606danates inferno\n|j|\u2606Smipsmop\n|t:|1699994805\n|gametype|singles\n|player|p1|danates inferno|palmer|1125\n|player|p2|Smipsmop|lusamine-nihilego|1190\n|teamsize|p1|6\n|teamsize|p2|6\n|gen|9\n|tier|[Gen 9] OU\n|rated|\n|rule|Sleep Clause Mod: Limit one foe put to sleep\n|rule|Species Clause: Limit one of each Pok\u00e9mon\n|rule|OHKO Clause: OHKO moves are banned\n|rule|Evasion Items Clause: Evasion items are banned\n|rule|Evasion Moves Clause: Evasion moves are banned\n|rule|Endless Battle Clause: Forcing endless battles is banned\n|rule|HP Percentage Mod: HP is shown in percentages\n|clearpoke\n|poke|p1|Cloyster, F|\n|poke|p1|Great Tusk|\n|poke|p1|Ogerpon-Cornerstone, F|\n|poke|p1|Quaquaval, M|\n|poke|p1|Amoonguss, M|\n|poke|p1|Iron Moth|\n|poke|p2|Landorus-Therian, M|\n|poke|p2|Clodsire, M|\n|poke|p2|Basculegion-F, F|\n|poke|p2|Grafaiai, M|\n|poke|p2|Zapdos|\n|poke|p2|Sneasler, F|\n|teampreview\n|\n|t:|1699994818\n|start\n|switch|p1a: Cloyster|Cloyster, F|100\/100\n|switch|p2a: Grafaiai|Grafaiai, M|100\/100\n|turn|1\n|\n|t:|1699994829\n|move|p2a: Grafaiai|Switcheroo|p1a: Cloyster\n|-activate|p2a: Grafaiai|move: Trick|[of] p1a: Cloyster\n|-item|p1a: Cloyster|Choice Scarf|[from] move: Switcheroo\n|-item|p2a: Grafaiai|Focus Sash|[from] move: Switcheroo\n|move|p1a: Cloyster|Shell Smash|p1a: Cloyster\n|-unboost|p1a: Cloyster|def|1\n|-unboost|p1a: Cloyster|spd|1\n|-boost|p1a: Cloyster|atk|2\n|-boost|p1a: Cloyster|spa|2\n|-boost|p1a: Cloyster|spe|2\n|\n|upkeep\n|turn|2\n|\n|t:|1699994838\n|switch|p1a: Great Tusk|Great Tusk|100\/100\n|move|p2a: Grafaiai|Encore||[still]\n|-fail|p2a: Grafaiai\n|\n|upkeep\n|turn|3\n|\n|t:|1699994844\n|move|p2a: Grafaiai|Parting Shot|p1a: Great Tusk\n|-unboost|p1a: Great Tusk|atk|1\n|-unboost|p1a: Great Tusk|spa|1\n|\n|t:|1699994849\n|switch|p2a: Landorus|Landorus-Therian, M|100\/100|[from] Parting Shot\n|-ability|p2a: Landorus|Intimidate|boost\n|-unboost|p1a: Great Tusk|atk|1\n|move|p1a: Great Tusk|Rapid Spin|p2a: Landorus\n|-damage|p2a: Landorus|92\/100\n|-boost|p1a: Great Tusk|spe|1\n|\n|upkeep\n|turn|4\n|inactive|Battle timer is ON: inactive players will automatically lose when time's up. (requested by danates inferno)\n|\n|t:|1699994859\n|move|p2a: Landorus|U-turn|p1a: Great Tusk\n|-resisted|p1a: Great Tusk\n|-damage|p1a: Great Tusk|93\/100\n|\n|t:|1699994863\n|switch|p2a: Clodsire|Clodsire, M|100\/100|[from] U-turn\n|move|p1a: Great Tusk|Stealth Rock|p2a: Clodsire\n|-sidestart|p2: Smipsmop|move: Stealth Rock\n|\n|upkeep\n|turn|5\n|\n|t:|1699994873\n|move|p1a: Great Tusk|Headlong Rush|p2a: Clodsire\n|-supereffective|p2a: Clodsire\n|-damage|p2a: Clodsire|43\/100\n|-unboost|p1a: Great Tusk|def|1\n|-unboost|p1a: Great Tusk|spd|1\n|move|p2a: Clodsire|Toxic|p1a: Great Tusk\n|-status|p1a: Great Tusk|tox\n|\n|-heal|p2a: Clodsire|49\/100|[from] item: Black Sludge\n|-damage|p1a: Great Tusk|86\/100 tox|[from] psn\n|upkeep\n|turn|6\n|\n|t:|1699994886\n|switch|p2a: Landorus|Landorus-Therian, M|92\/100\n|-damage|p2a: Landorus|80\/100|[from] Stealth Rock\n|-ability|p2a: Landorus|Intimidate|boost\n|-unboost|p1a: Great Tusk|atk|1\n|move|p1a: Great Tusk|Body Press|p2a: Landorus\n|-resisted|p2a: Landorus\n|-damage|p2a: Landorus|64\/100\n|\n|-damage|p1a: Great Tusk|74\/100 tox|[from] psn\n|upkeep\n|turn|7\n|\n|t:|1699994903\n|-end|p1a: Great Tusk|Protosynthesis|[silent]\n|switch|p1a: Quaquaval|Quaquaval, M|100\/100\n|move|p2a: Landorus|Earthquake|p1a: Quaquaval\n|-damage|p1a: Quaquaval|27\/100\n|\n|upkeep\n|turn|8\n|\n|t:|1699994909\n|move|p2a: Landorus|Earthquake|p1a: Quaquaval\n|-damage|p1a: Quaquaval|0 fnt\n|faint|p1a: Quaquaval\n|\n|upkeep\n|\n|t:|1699994912\n|switch|p1a: Cloyster|Cloyster, F|100\/100\n|turn|9\n|\n|t:|1699994923\n|switch|p2a: Zapdos|Zapdos|100\/100\n|-damage|p2a: Zapdos|75\/100|[from] Stealth Rock\n|-ability|p2a: Zapdos|Pressure\n|move|p1a: Cloyster|Icicle Spear|p2a: Zapdos\n|-supereffective|p2a: Zapdos\n|-damage|p2a: Zapdos|52\/100\n|-supereffective|p2a: Zapdos\n|-damage|p2a: Zapdos|30\/100\n|-supereffective|p2a: Zapdos\n|-damage|p2a: Zapdos|7\/100\n|-supereffective|p2a: Zapdos\n|-damage|p2a: Zapdos|0 fnt\n|faint|p2a: Zapdos\n|-hitcount|p2: Zapdos|4\n|\n|upkeep\n|\n|t:|1699994938\n|switch|p2a: Basculegion|Basculegion-F, F|100\/100\n|-damage|p2a: Basculegion|88\/100|[from] Stealth Rock\n|turn|10\n|\n|t:|1699994943\n|move|p1a: Cloyster|Icicle Spear|p2a: Basculegion\n|-resisted|p2a: Basculegion\n|-damage|p2a: Basculegion|82\/100\n|-resisted|p2a: Basculegion\n|-damage|p2a: Basculegion|75\/100\n|-resisted|p2a: Basculegion\n|-damage|p2a: Basculegion|69\/100\n|-resisted|p2a: Basculegion\n|-damage|p2a: Basculegion|63\/100\n|-resisted|p2a: Basculegion\n|-damage|p2a: Basculegion|57\/100\n|-hitcount|p2a: Basculegion|5\n|move|p2a: Basculegion|Shadow Ball|p1a: Cloyster\n|-crit|p1a: Cloyster\n|-damage|p1a: Cloyster|0 fnt\n|faint|p1a: Cloyster\n|\n|upkeep\n|\n|t:|1699994952\n|switch|p1a: Ogerpon|Ogerpon-Cornerstone, F|100\/100\n|turn|11\n|\n|t:|1699994963\n|move|p1a: Ogerpon|Wood Hammer|p2a: Basculegion\n|-supereffective|p2a: Basculegion\n|-damage|p2a: Basculegion|0 fnt\n|faint|p2a: Basculegion\n|-damage|p1a: Ogerpon|73\/100|[from] Recoil\n|\n|upkeep\n|\n|t:|1699994972\n|switch|p2a: Sneasler|Sneasler, F|100\/100\n|-damage|p2a: Sneasler|95\/100|[from] Stealth Rock\n|turn|12\n|\n|t:|1699994981\n|switch|p1a: Amoonguss|Amoonguss, M|100\/100\n|move|p2a: Sneasler|Fake Out|p1a: Amoonguss\n|-damage|p1a: Amoonguss|88\/100\n|-damage|p2a: Sneasler|85\/100|[from] item: Life Orb\n|\n|-heal|p1a: Amoonguss|94\/100|[from] item: Black Sludge\n|upkeep\n|turn|13\n|\n|t:|1699994991\n|move|p2a: Sneasler|U-turn|p1a: Amoonguss\n|-damage|p1a: Amoonguss|71\/100\n|-damage|p2a: Sneasler|75\/100|[from] item: Life Orb\n|\n|t:|1699994996\n|switch|p2a: Grafaiai|Grafaiai, M|100\/100|[from] U-turn\n|-damage|p2a: Grafaiai|88\/100|[from] Stealth Rock\n|move|p1a: Amoonguss|Spore|p2a: Grafaiai\n|-status|p2a: Grafaiai|slp|[from] move: Spore\n|\n|-heal|p1a: Amoonguss|77\/100|[from] item: Black Sludge\n|upkeep\n|turn|14\n|\n|t:|1699995004\n|switch|p2a: Clodsire|Clodsire, M|49\/100\n|-damage|p2a: Clodsire|43\/100|[from] Stealth Rock\n|switch|p1a: Iron Moth|Iron Moth|100\/100\n|-enditem|p1a: Iron Moth|Booster Energy\n|-activate|p1a: Iron Moth|ability: Quark Drive|[fromitem]\n|-start|p1a: Iron Moth|quarkdrivespe\n|\n|-heal|p2a: Clodsire|49\/100|[from] item: Black Sludge\n|upkeep\n|turn|15\n|\n|t:|1699995020\n|move|p1a: Iron Moth|Energy Ball|p2a: Clodsire\n|-damage|p2a: Clodsire|34\/100\n|move|p2a: Clodsire|Recover|p2a: Clodsire\n|-heal|p2a: Clodsire|84\/100\n|\n|-heal|p2a: Clodsire|91\/100|[from] item: Black Sludge\n|upkeep\n|turn|16\n|\n|t:|1699995027\n|move|p1a: Iron Moth|Fiery Dance|p2a: Clodsire\n|-damage|p2a: Clodsire|67\/100\n|move|p2a: Clodsire|Stealth Rock|p1a: Iron Moth\n|-sidestart|p1: danates inferno|move: Stealth Rock\n|\n|-heal|p2a: Clodsire|73\/100|[from] item: Black Sludge\n|upkeep\n|turn|17\n|\n|t:|1699995036\n|move|p1a: Iron Moth|Fiery Dance|p2a: Clodsire\n|-damage|p2a: Clodsire|51\/100\n|-boost|p1a: Iron Moth|spa|1\n|move|p2a: Clodsire|Earth Power|p1a: Iron Moth\n|-supereffective|p1a: Iron Moth\n|-damage|p1a: Iron Moth|31\/100\n|\n|-heal|p2a: Clodsire|57\/100|[from] item: Black Sludge\n|upkeep\n|turn|18\n|\n|t:|1699995048\n|move|p1a: Iron Moth|Fiery Dance|p2a: Clodsire\n|-damage|p2a: Clodsire|23\/100\n|-boost|p1a: Iron Moth|spa|1\n|move|p2a: Clodsire|Earth Power|p1a: Iron Moth\n|-supereffective|p1a: Iron Moth\n|-damage|p1a: Iron Moth|0 fnt\n|faint|p1a: Iron Moth\n|-end|p1a: Iron Moth|Quark Drive|[silent]\n|\n|-heal|p2a: Clodsire|29\/100|[from] item: Black Sludge\n|upkeep\n|\n|t:|1699995054\n|switch|p1a: Great Tusk|Great Tusk|74\/100 tox\n|turn|19\n|\n|t:|1699995060\n|move|p1a: Great Tusk|Rapid Spin|p2a: Clodsire\n|-damage|p2a: Clodsire|12\/100\n|-boost|p1a: Great Tusk|spe|1\n|-sideend|p1: danates inferno|Stealth Rock|[from] move: Rapid Spin|[of] p1a: Great Tusk\n|move|p2a: Clodsire|Recover|p2a: Clodsire\n|-heal|p2a: Clodsire|62\/100\n|\n|-heal|p2a: Clodsire|69\/100|[from] item: Black Sludge\n|-damage|p1a: Great Tusk|68\/100 tox|[from] psn\n|upkeep\n|turn|20\n|\n|t:|1699995070\n|move|p1a: Great Tusk|Headlong Rush|p2a: Clodsire\n|-supereffective|p2a: Clodsire\n|-damage|p2a: Clodsire|0 fnt\n|-unboost|p1a: Great Tusk|def|1\n|-unboost|p1a: Great Tusk|spd|1\n|faint|p2a: Clodsire\n|\n|-damage|p1a: Great Tusk|55\/100 tox|[from] psn\n|upkeep\n|\n|t:|1699995078\n|switch|p2a: Grafaiai|Grafaiai, M|88\/100 slp\n|-damage|p2a: Grafaiai|76\/100 slp|[from] Stealth Rock\n|turn|21\n|\n|t:|1699995087\n|cant|p2a: Grafaiai|slp\n|move|p1a: Great Tusk|Headlong Rush|p2a: Grafaiai\n|-supereffective|p2a: Grafaiai\n|-damage|p2a: Grafaiai|0 fnt\n|-unboost|p1a: Great Tusk|def|1\n|-unboost|p1a: Great Tusk|spd|1\n|faint|p2a: Grafaiai\n|\n|-damage|p1a: Great Tusk|37\/100 tox|[from] psn\n|upkeep\n|\n|t:|1699995102\n|switch|p2a: Landorus|Landorus-Therian, M|64\/100\n|-damage|p2a: Landorus|52\/100|[from] Stealth Rock\n|-ability|p2a: Landorus|Intimidate|boost\n|-unboost|p1a: Great Tusk|atk|1\n|turn|22\n|\n|t:|1699995112\n|move|p2a: Landorus|Earthquake|p1a: Great Tusk\n|-damage|p1a: Great Tusk|0 fnt\n|faint|p1a: Great Tusk\n|-end|p1a: Great Tusk|Protosynthesis|[silent]\n|\n|upkeep\n|\n|t:|1699995123\n|switch|p1a: Ogerpon|Ogerpon-Cornerstone, F|73\/100\n|turn|23\n|\n|t:|1699995132\n|move|p2a: Landorus|Earthquake|p1a: Ogerpon\n|-damage|p1a: Ogerpon|0 fnt\n|faint|p1a: Ogerpon\n|\n|upkeep\n|\n|t:|1699995136\n|switch|p1a: Amoonguss|Amoonguss, M|100\/100\n|turn|24\n|\n|t:|1699995139\n|move|p2a: Landorus|Earthquake|p1a: Amoonguss\n|-damage|p1a: Amoonguss|53\/100\n|move|p1a: Amoonguss|Toxic|p2a: Landorus\n|-status|p2a: Landorus|tox\n|\n|-heal|p1a: Amoonguss|59\/100|[from] item: Black Sludge\n|-damage|p2a: Landorus|46\/100 tox|[from] psn\n|upkeep\n|turn|25\n|\n|t:|1699995148\n|-terastallize|p2a: Landorus|Ground\n|move|p2a: Landorus|Earthquake|p1a: Amoonguss\n|-damage|p1a: Amoonguss|4\/100\n|move|p1a: Amoonguss|Synthesis|p1a: Amoonguss\n|-heal|p1a: Amoonguss|54\/100\n|\n|-heal|p1a: Amoonguss|60\/100|[from] item: Black Sludge\n|-damage|p2a: Landorus|34\/100 tox|[from] psn\n|upkeep\n|turn|26\n|\n|t:|1699995157\n|move|p2a: Landorus|Earthquake|p1a: Amoonguss\n|-damage|p1a: Amoonguss|2\/100\n|move|p1a: Amoonguss|Synthesis|p1a: Amoonguss\n|-heal|p1a: Amoonguss|52\/100\n|\n|-heal|p1a: Amoonguss|58\/100|[from] item: Black Sludge\n|-damage|p2a: Landorus|16\/100 tox|[from] psn\n|upkeep\n|turn|27\n|\n|t:|1699995165\n|move|p2a: Landorus|Earthquake|p1a: Amoonguss\n|-damage|p1a: Amoonguss|0 fnt\n|faint|p1a: Amoonguss\n|\n|win|Smipsmop\n|raw|danates inferno's rating: 1125 &rarr; <strong>1105<\/strong><br \/>(-20 for losing)\n|raw|Smipsmop's rating: 1190 &rarr; <strong>1210<\/strong><br \/>(+20 for winning)\n|l|\u2606danates inferno\n|c|\u2606Smipsmop|gg\n","uploadtime":1699995173,"views":6,"p1id":"danatesinferno","p2id":"smipsmop","formatid":"gen9ou","rating":1105,"private":0,"password":""}