{"id":"gen9ou-1990106046","p1":"Hammertime0864","p2":"soccersniper","format":"[Gen 9] OU","log":"|j|\u2606Hammertime0864\n|j|\u2606soccersniper\n|t:|1699925157\n|gametype|singles\n|player|p1|Hammertime0864|cynthia-masters|1626\n|player|p2|soccersniper|170|1566\n|teamsize|p1|6\n|teamsize|p2|6\n|gen|9\n|tier|[Gen 9] OU\n|rated|\n|rule|Sleep Clause Mod: Limit one foe put to sleep\n|rule|Species Clause: Limit one of each Pok\u00e9mon\n|rule|OHKO Clause: OHKO moves are banned\n|rule|Evasion Items Clause: Evasion items are banned\n|rule|Evasion Moves Clause: Evasion moves are banned\n|rule|Endless Battle Clause: Forcing endless battles is banned\n|rule|HP Percentage Mod: HP is shown in percentages\n|clearpoke\n|poke|p1|Kingambit, M|\n|poke|p1|Ribombee, F|\n|poke|p1|Zamazenta-*|\n|poke|p1|Iron Valiant|\n|poke|p1|Iron Moth|\n|poke|p1|Ogerpon-Wellspring, F|\n|poke|p2|Garganacl, F|\n|poke|p2|Rillaboom, M|\n|poke|p2|Sneasler, M|\n|poke|p2|Iron Valiant|\n|poke|p2|Greninja-*, M|\n|poke|p2|Great Tusk|\n|teampreview\n|inactive|Battle timer is ON: inactive players will automatically lose when time's up. (requested by Hammertime0864)\n|j| SandGetsEverywhere\n|inactive|soccersniper has 120 seconds left.\n|inactive|soccersniper has 90 seconds left.\n|\n|t:|1699925220\n|start\n|switch|p1a: Ribombee|Ribombee, F|100\/100\n|switch|p2a: Garganacl|Garganacl, F|100\/100\n|turn|1\n|inactive|Hammertime0864 has 120 seconds left.\n|\n|t:|1699925279\n|switch|p1a: Ogerpon|Ogerpon-Wellspring, F|100\/100\n|move|p2a: Garganacl|Salt Cure|p1a: Ogerpon\n|-damage|p1a: Ogerpon|80\/100\n|-start|p1a: Ogerpon|Salt Cure\n|\n|-damage|p1a: Ogerpon|55\/100|[from] Salt Cure\n|upkeep\n|turn|2\n|l| SandGetsEverywhere\n|\n|t:|1699925292\n|switch|p2a: Rillaboom|Rillaboom, M|100\/100\n|-fieldstart|move: Grassy Terrain|[from] ability: Grassy Surge|[of] p2a: Rillaboom\n|move|p1a: Ogerpon|Ivy Cudgel|p2a: Rillaboom\n|-resisted|p2a: Rillaboom\n|-damage|p2a: Rillaboom|68\/100\n|\n|-heal|p1a: Ogerpon|61\/100|[from] Grassy Terrain\n|-heal|p2a: Rillaboom|74\/100|[from] Grassy Terrain\n|-damage|p1a: Ogerpon|36\/100|[from] Salt Cure\n|upkeep\n|turn|3\n|inactive|Hammertime0864 has 90 seconds left.\n|\n|t:|1699925321\n|switch|p1a: Ribombee|Ribombee, F|100\/100\n|move|p2a: Rillaboom|U-turn|p1a: Ribombee\n|-resisted|p1a: Ribombee\n|-damage|p1a: Ribombee|63\/100\n|\n|t:|1699925332\n|switch|p2a: Sneasler|Sneasler, M|100\/100|[from] U-turn\n|-enditem|p2a: Sneasler|Grassy Seed\n|-boost|p2a: Sneasler|def|1|[from] item: Grassy Seed\n|\n|-heal|p1a: Ribombee|69\/100|[from] Grassy Terrain\n|upkeep\n|turn|4\n|inactive|Hammertime0864 has 90 seconds left.\n|\n|t:|1699925365\n|move|p2a: Sneasler|Dire Claw|p1a: Ribombee\n|-supereffective|p1a: Ribombee\n|-damage|p1a: Ribombee|0 fnt\n|faint|p1a: Ribombee\n|\n|upkeep\n|\n|t:|1699925371\n|switch|p1a: Zamazenta|Zamazenta, shiny|100\/100\n|-ability|p1a: Zamazenta|Dauntless Shield|boost\n|-boost|p1a: Zamazenta|def|1\n|turn|5\n|inactive|soccersniper has 120 seconds left.\n|inactive|soccersniper has 90 seconds left.\n|\n|t:|1699925435\n|switch|p2a: Rillaboom|Rillaboom, M|74\/100\n|move|p1a: Zamazenta|Stone Edge|p2a: Rillaboom|[miss]\n|-miss|p1a: Zamazenta|p2a: Rillaboom\n|\n|-heal|p2a: Rillaboom|80\/100|[from] Grassy Terrain\n|upkeep\n|turn|6\n|inactive|Hammertime0864 has 90 seconds left.\n|\n|t:|1699925469\n|move|p1a: Zamazenta|Body Press|p2a: Rillaboom\n|-damage|p2a: Rillaboom|25\/100\n|move|p2a: Rillaboom|U-turn|p1a: Zamazenta\n|-resisted|p1a: Zamazenta\n|-damage|p1a: Zamazenta|89\/100\n|\n|t:|1699925473\n|switch|p2a: Iron Valiant|Iron Valiant|100\/100|[from] U-turn\n|-enditem|p2a: Iron Valiant|Booster Energy\n|-activate|p2a: Iron Valiant|ability: Quark Drive|[fromitem]\n|-start|p2a: Iron Valiant|quarkdrivespe\n|\n|-heal|p1a: Zamazenta|95\/100|[from] Grassy Terrain\n|-heal|p1a: Zamazenta|100\/100|[from] item: Leftovers\n|-fieldend|move: Grassy Terrain\n|upkeep\n|turn|7\n|\n|t:|1699925489\n|switch|p1a: Ogerpon|Ogerpon-Wellspring, F|36\/100\n|move|p2a: Iron Valiant|Moonblast|p1a: Ogerpon\n|-damage|p1a: Ogerpon|0 fnt\n|faint|p1a: Ogerpon\n|\n|upkeep\n|\n|t:|1699925494\n|switch|p1a: Kingambit|Kingambit, M|100\/100\n|-activate|p1a: Kingambit|ability: Supreme Overlord\n|-start|p1a: Kingambit|fallen2|[silent]\n|turn|8\n|\n|t:|1699925499\n|move|p2a: Iron Valiant|Close Combat|p1a: Kingambit\n|-supereffective|p1a: Kingambit\n|-damage|p1a: Kingambit|0 fnt\n|-unboost|p2a: Iron Valiant|def|1\n|-unboost|p2a: Iron Valiant|spd|1\n|faint|p1a: Kingambit\n|-end|p1a: Kingambit|fallen2|[silent]\n|\n|upkeep\n|\n|t:|1699925517\n|switch|p1a: Iron Moth|Iron Moth|100\/100\n|-enditem|p1a: Iron Moth|Booster Energy\n|-activate|p1a: Iron Moth|ability: Quark Drive|[fromitem]\n|-start|p1a: Iron Moth|quarkdrivespe\n|turn|9\n|inactive|soccersniper has 120 seconds left.\n|\n|t:|1699925529\n|-end|p2a: Iron Valiant|Quark Drive|[silent]\n|switch|p2a: Garganacl|Garganacl, F|100\/100\n|move|p1a: Iron Moth|Fiery Dance|p2a: Garganacl\n|-resisted|p2a: Garganacl\n|-damage|p2a: Garganacl|88\/100\n|\n|-heal|p2a: Garganacl|94\/100|[from] item: Leftovers\n|upkeep\n|turn|10\n|\n|t:|1699925534\n|-end|p1a: Iron Moth|Quark Drive|[silent]\n|switch|p1a: Zamazenta|Zamazenta, shiny|100\/100\n|move|p2a: Garganacl|Salt Cure|p1a: Zamazenta\n|-resisted|p1a: Zamazenta\n|-damage|p1a: Zamazenta|95\/100\n|-start|p1a: Zamazenta|Salt Cure\n|\n|-heal|p1a: Zamazenta|100\/100|[from] item: Leftovers\n|-heal|p2a: Garganacl|100\/100|[from] item: Leftovers\n|-damage|p1a: Zamazenta|88\/100|[from] Salt Cure\n|upkeep\n|turn|11\n|\n|t:|1699925543\n|switch|p2a: Great Tusk|Great Tusk|100\/100\n|move|p1a: Zamazenta|Iron Defense|p1a: Zamazenta\n|-boost|p1a: Zamazenta|def|2\n|\n|-heal|p1a: Zamazenta|94\/100|[from] item: Leftovers\n|-damage|p1a: Zamazenta|82\/100|[from] Salt Cure\n|upkeep\n|turn|12\n|\n|t:|1699925553\n|move|p1a: Zamazenta|Body Press|p2a: Great Tusk\n|-damage|p2a: Great Tusk|67\/100\n|-damage|p1a: Zamazenta|65\/100|[from] item: Rocky Helmet|[of] p2a: Great Tusk\n|move|p2a: Great Tusk|Stealth Rock|p1a: Zamazenta\n|-sidestart|p1: Hammertime0864|move: Stealth Rock\n|\n|-heal|p1a: Zamazenta|72\/100|[from] item: Leftovers\n|-damage|p1a: Zamazenta|59\/100|[from] Salt Cure\n|upkeep\n|turn|13\n|\n|t:|1699925559\n|move|p1a: Zamazenta|Body Press|p2a: Great Tusk\n|-damage|p2a: Great Tusk|35\/100\n|-damage|p1a: Zamazenta|43\/100|[from] item: Rocky Helmet|[of] p2a: Great Tusk\n|move|p2a: Great Tusk|High Horsepower|p1a: Zamazenta\n|-crit|p1a: Zamazenta\n|-damage|p1a: Zamazenta|0 fnt\n|faint|p1a: Zamazenta\n|\n|upkeep\n|\n|t:|1699925567\n|switch|p1a: Iron Valiant|Iron Valiant, shiny|100\/100\n|-damage|p1a: Iron Valiant|94\/100|[from] Stealth Rock\n|-enditem|p1a: Iron Valiant|Booster Energy\n|-activate|p1a: Iron Valiant|ability: Quark Drive|[fromitem]\n|-start|p1a: Iron Valiant|quarkdrivespe\n|turn|14\n|\n|t:|1699925570\n|move|p1a: Iron Valiant|Calm Mind|p1a: Iron Valiant\n|-boost|p1a: Iron Valiant|spa|1\n|-boost|p1a: Iron Valiant|spd|1\n|move|p2a: Great Tusk|High Horsepower|p1a: Iron Valiant\n|-damage|p1a: Iron Valiant|38\/100\n|\n|upkeep\n|turn|15\n|\n|t:|1699925574\n|move|p1a: Iron Valiant|Moonblast|p2a: Great Tusk\n|-supereffective|p2a: Great Tusk\n|-damage|p2a: Great Tusk|0 fnt\n|faint|p2a: Great Tusk\n|-end|p2a: Great Tusk|Protosynthesis|[silent]\n|\n|upkeep\n|\n|t:|1699925576\n|switch|p2a: Rillaboom|Rillaboom, M|25\/100\n|-fieldstart|move: Grassy Terrain|[from] ability: Grassy Surge|[of] p2a: Rillaboom\n|turn|16\n|\n|t:|1699925586\n|-end|p1a: Iron Valiant|Quark Drive|[silent]\n|switch|p1a: Iron Moth|Iron Moth|100\/100\n|-damage|p1a: Iron Moth|76\/100|[from] Stealth Rock\n|move|p2a: Rillaboom|Grassy Glide|p1a: Iron Moth\n|-resisted|p1a: Iron Moth\n|-damage|p1a: Iron Moth|53\/100\n|\n|-heal|p1a: Iron Moth|59\/100|[from] Grassy Terrain\n|-heal|p2a: Rillaboom|31\/100|[from] Grassy Terrain\n|upkeep\n|turn|17\n|\n|t:|1699925589\n|switch|p2a: Garganacl|Garganacl, F|100\/100\n|move|p1a: Iron Moth|Fiery Dance|p2a: Garganacl\n|-resisted|p2a: Garganacl\n|-damage|p2a: Garganacl|87\/100\n|-boost|p1a: Iron Moth|spa|1\n|\n|-heal|p1a: Iron Moth|65\/100|[from] Grassy Terrain\n|-heal|p2a: Garganacl|93\/100|[from] Grassy Terrain\n|-heal|p2a: Garganacl|99\/100|[from] item: Leftovers\n|upkeep\n|turn|18\n|\n|t:|1699925600\n|-terastallize|p1a: Iron Moth|Fairy\n|-terastallize|p2a: Garganacl|Ghost\n|move|p1a: Iron Moth|Dazzling Gleam|p2a: Garganacl\n|-damage|p2a: Garganacl|58\/100\n|move|p2a: Garganacl|Salt Cure|p1a: Iron Moth\n|-damage|p1a: Iron Moth|46\/100\n|-start|p1a: Iron Moth|Salt Cure\n|\n|-heal|p1a: Iron Moth|52\/100|[from] Grassy Terrain\n|-heal|p2a: Garganacl|65\/100|[from] Grassy Terrain\n|-heal|p2a: Garganacl|71\/100|[from] item: Leftovers\n|-damage|p1a: Iron Moth|40\/100|[from] Salt Cure\n|upkeep\n|turn|19\n|\n|t:|1699925608\n|move|p1a: Iron Moth|Fiery Dance|p2a: Garganacl\n|-damage|p2a: Garganacl|32\/100\n|move|p2a: Garganacl|Recover|p2a: Garganacl\n|-heal|p2a: Garganacl|82\/100\n|\n|-heal|p1a: Iron Moth|46\/100|[from] Grassy Terrain\n|-heal|p2a: Garganacl|88\/100|[from] Grassy Terrain\n|-heal|p2a: Garganacl|95\/100|[from] item: Leftovers\n|-damage|p1a: Iron Moth|34\/100|[from] Salt Cure\n|upkeep\n|turn|20\n|\n|t:|1699925612\n|move|p1a: Iron Moth|Fiery Dance|p2a: Garganacl\n|-damage|p2a: Garganacl|52\/100\n|move|p2a: Garganacl|Recover|p2a: Garganacl\n|-heal|p2a: Garganacl|100\/100\n|\n|-heal|p1a: Iron Moth|40\/100|[from] Grassy Terrain\n|-damage|p1a: Iron Moth|27\/100|[from] Salt Cure\n|-fieldend|move: Grassy Terrain\n|upkeep\n|turn|21\n|\n|t:|1699925617\n|move|p1a: Iron Moth|Fiery Dance|p2a: Garganacl\n|-damage|p2a: Garganacl|61\/100\n|-boost|p1a: Iron Moth|spa|1\n|move|p2a: Garganacl|Recover|p2a: Garganacl\n|-heal|p2a: Garganacl|100\/100\n|\n|-damage|p1a: Iron Moth|15\/100|[from] Salt Cure\n|upkeep\n|turn|22\n|\n|t:|1699925621\n|move|p1a: Iron Moth|Fiery Dance|p2a: Garganacl\n|-damage|p2a: Garganacl|51\/100\n|move|p2a: Garganacl|Recover|p2a: Garganacl\n|-heal|p2a: Garganacl|100\/100\n|\n|-damage|p1a: Iron Moth|3\/100|[from] Salt Cure\n|upkeep\n|turn|23\n|\n|t:|1699925624\n|move|p1a: Iron Moth|Fiery Dance|p2a: Garganacl\n|-damage|p2a: Garganacl|45\/100\n|move|p2a: Garganacl|Recover|p2a: Garganacl\n|-heal|p2a: Garganacl|95\/100\n|\n|-heal|p2a: Garganacl|100\/100|[from] item: Leftovers\n|-damage|p1a: Iron Moth|0 fnt|[from] Salt Cure\n|faint|p1a: Iron Moth\n|-end|p1a: Iron Moth|Quark Drive|[silent]\n|upkeep\n|\n|t:|1699925627\n|switch|p1a: Iron Valiant|Iron Valiant, shiny|38\/100\n|-damage|p1a: Iron Valiant|32\/100|[from] Stealth Rock\n|turn|24\n|\n|t:|1699925629\n|move|p1a: Iron Valiant|Moonblast|p2a: Garganacl\n|-crit|p2a: Garganacl\n|-damage|p2a: Garganacl|53\/100\n|move|p2a: Garganacl|Salt Cure|p1a: Iron Valiant\n|-resisted|p1a: Iron Valiant\n|-damage|p1a: Iron Valiant|22\/100\n|-start|p1a: Iron Valiant|Salt Cure\n|\n|-heal|p2a: Garganacl|59\/100|[from] item: Leftovers\n|-damage|p1a: Iron Valiant|10\/100|[from] Salt Cure\n|upkeep\n|turn|25\n|\n|t:|1699925640\n|move|p1a: Iron Valiant|Moonblast|p2a: Garganacl\n|-damage|p2a: Garganacl|30\/100\n|move|p2a: Garganacl|Recover|p2a: Garganacl\n|-heal|p2a: Garganacl|80\/100\n|\n|-heal|p2a: Garganacl|86\/100|[from] item: Leftovers\n|-damage|p1a: Iron Valiant|0 fnt|[from] Salt Cure\n|faint|p1a: Iron Valiant\n|-end|p1a: Iron Valiant|Quark Drive|[silent]\n|\n|win|soccersniper\n|upkeep\n|raw|Hammertime0864's rating: 1626 &rarr; <strong>1603<\/strong><br \/>(-23 for losing)\n|raw|soccersniper's rating: 1566 &rarr; <strong>1589<\/strong><br \/>(+23 for winning)\n|c|\u2606soccersniper|gg\n|c|\u2606Hammertime0864|gg\n|l|\u2606Hammertime0864\n","uploadtime":1699925702,"views":16,"p1id":"hammertime0864","p2id":"soccersniper","formatid":"gen9ou","rating":1589,"private":0,"password":""}