{"id":"gen9ou-1996982779","p1":"mewman556","p2":"Fougere22","format":"[Gen 9] OU","log":"|j|\u2606mewman556\n|j|\u2606Fougere22\n|t:|1700752395\n|gametype|singles\n|player|p1|mewman556|pryce|1209\n|player|p2|Fougere22|cheryl|1256\n|teamsize|p1|6\n|teamsize|p2|6\n|gen|9\n|tier|[Gen 9] OU\n|rated|\n|rule|Sleep Clause Mod: Limit one foe put to sleep\n|rule|Species Clause: Limit one of each Pok\u00e9mon\n|rule|OHKO Clause: OHKO moves are banned\n|rule|Evasion Items Clause: Evasion items are banned\n|rule|Evasion Moves Clause: Evasion moves are banned\n|rule|Endless Battle Clause: Forcing endless battles is banned\n|rule|HP Percentage Mod: HP is shown in percentages\n|clearpoke\n|poke|p1|Ting-Lu|\n|poke|p1|Gholdengo|\n|poke|p1|Torkoal, M|\n|poke|p1|Walking Wake|\n|poke|p1|Great Tusk|\n|poke|p1|Kingambit, F|\n|poke|p2|Ribombee, M|\n|poke|p2|Manaphy|\n|poke|p2|Zapdos-Galar|\n|poke|p2|Kommo-o, M|\n|poke|p2|Hoopa-Unbound|\n|poke|p2|Dragapult, M|\n|teampreview\n|inactive|Battle timer is ON: inactive players will automatically lose when time's up. (requested by Fougere22)\n|\n|t:|1700752409\n|start\n|switch|p1a: Torkoal|Torkoal, M|100\/100\n|switch|p2a: Ribombee|Ribombee, M|100\/100\n|-weather|SunnyDay|[from] ability: Drought|[of] p1a: Torkoal\n|turn|1\n|\n|t:|1700752418\n|move|p2a: Ribombee|Sticky Web|p1a: Torkoal\n|-sidestart|p1: mewman556|move: Sticky Web\n|move|p1a: Torkoal|Overheat|p2a: Ribombee\n|-supereffective|p2a: Ribombee\n|-enditem|p2a: Ribombee|Focus Sash\n|-damage|p2a: Ribombee|1\/100\n|-unboost|p1a: Torkoal|spa|2\n|\n|-weather|SunnyDay|[upkeep]\n|upkeep\n|turn|2\n|\n|t:|1700752436\n|move|p2a: Ribombee|Stun Spore|p1a: Torkoal|[miss]\n|-miss|p2a: Ribombee|p1a: Torkoal\n|move|p1a: Torkoal|Rapid Spin|p2a: Ribombee\n|-damage|p2a: Ribombee|0 fnt\n|-boost|p1a: Torkoal|spe|1\n|-sideend|p1: mewman556|Sticky Web|[from] move: Rapid Spin|[of] p1a: Torkoal\n|faint|p2a: Ribombee\n|\n|-weather|SunnyDay|[upkeep]\n|upkeep\n|\n|t:|1700752442\n|switch|p2a: Kommo-o|Kommo-o, M|100\/100\n|turn|3\n|\n|t:|1700752455\n|switch|p1a: Gholdengo|Gholdengo|100\/100\n|move|p2a: Kommo-o|Scale Shot|p1a: Gholdengo\n|-resisted|p1a: Gholdengo\n|-damage|p1a: Gholdengo|95\/100\n|-resisted|p1a: Gholdengo\n|-damage|p1a: Gholdengo|89\/100\n|-resisted|p1a: Gholdengo\n|-damage|p1a: Gholdengo|84\/100\n|-resisted|p1a: Gholdengo\n|-damage|p1a: Gholdengo|78\/100\n|-resisted|p1a: Gholdengo\n|-damage|p1a: Gholdengo|72\/100\n|-hitcount|p1a: Gholdengo|5\n|-unboost|p2a: Kommo-o|def|1\n|-boost|p2a: Kommo-o|spe|1\n|\n|-weather|SunnyDay|[upkeep]\n|-heal|p1a: Gholdengo|79\/100|[from] item: Leftovers\n|upkeep\n|turn|4\n|\n|t:|1700752476\n|-terastallize|p2a: Kommo-o|Ghost\n|move|p2a: Kommo-o|Swords Dance|p2a: Kommo-o\n|-boost|p2a: Kommo-o|atk|2\n|move|p1a: Gholdengo|Thunder Wave|p2a: Kommo-o\n|-status|p2a: Kommo-o|par\n|\n|-weather|SunnyDay|[upkeep]\n|-heal|p1a: Gholdengo|85\/100|[from] item: Leftovers\n|upkeep\n|turn|5\n|\n|t:|1700752491\n|-terastallize|p1a: Gholdengo|Steel\n|move|p2a: Kommo-o|Tera Blast|p1a: Gholdengo|[anim] Tera Blast Ghost\n|-crit|p1a: Gholdengo\n|-damage|p1a: Gholdengo|0 fnt\n|faint|p1a: Gholdengo\n|\n|-weather|SunnyDay|[upkeep]\n|upkeep\n|inactive|mewman556 has 120 seconds left.\n|\n|t:|1700752510\n|switch|p1a: Kingambit|Kingambit, F|100\/100\n|-activate|p1a: Kingambit|ability: Supreme Overlord\n|-start|p1a: Kingambit|fallen1|[silent]\n|turn|6\n|\n|t:|1700752532\n|move|p1a: Kingambit|Sucker Punch|p2a: Kommo-o\n|-supereffective|p2a: Kommo-o\n|-damage|p2a: Kommo-o|0 fnt\n|faint|p2a: Kommo-o\n|\n|-weather|SunnyDay|[upkeep]\n|upkeep\n|\n|t:|1700752536\n|switch|p2a: Zapdos|Zapdos-Galar|100\/100\n|turn|7\n|\n|t:|1700752559\n|-end|p1a: Kingambit|fallen1|[silent]\n|switch|p1a: Walking Wake|Walking Wake|100\/100\n|-activate|p1a: Walking Wake|ability: Protosynthesis\n|-start|p1a: Walking Wake|protosynthesisspa\n|move|p2a: Zapdos|U-turn|p1a: Walking Wake\n|-damage|p1a: Walking Wake|59\/100\n|\n|t:|1700752571\n|switch|p2a: Dragapult|Dragapult, M|100\/100|[from] U-turn\n|\n|-weather|SunnyDay|[upkeep]\n|upkeep\n|turn|8\n|\n|t:|1700752578\n|move|p1a: Walking Wake|Draco Meteor|p2a: Dragapult\n|-supereffective|p2a: Dragapult\n|-damage|p2a: Dragapult|0 fnt\n|-unboost|p1a: Walking Wake|spa|2\n|faint|p2a: Dragapult\n|\n|-weather|none\n|-end|p1a: Walking Wake|Protosynthesis\n|upkeep\n|\n|t:|1700752587\n|switch|p2a: Manaphy|Manaphy|100\/100\n|turn|9\n|\n|t:|1700752593\n|-end|p1a: Walking Wake|Protosynthesis|[silent]\n|switch|p1a: Torkoal|Torkoal, M|100\/100\n|-weather|SunnyDay|[from] ability: Drought|[of] p1a: Torkoal\n|move|p2a: Manaphy|Energy Ball|p1a: Torkoal\n|-resisted|p1a: Torkoal\n|-damage|p1a: Torkoal|81\/100\n|\n|-weather|SunnyDay|[upkeep]\n|upkeep\n|turn|10\n|-message|Fougere22 forfeited.\n|\n|win|mewman556\n|raw|mewman556's rating: 1209 &rarr; <strong>1237<\/strong><br \/>(+28 for winning)\n|raw|Fougere22's rating: 1256 &rarr; <strong>1228<\/strong><br \/>(-28 for losing)\n|l|\u2606Fougere22\n","uploadtime":1700752611,"views":3,"p1id":"mewman556","p2id":"fougere22","formatid":"gen9ou","rating":1228,"private":0,"password":""}