{"id":"gen9ou-1992618516","p1":"geniebara","p2":"SovietSlav","format":"[Gen 9] OU","log":"|j|\u2606geniebara\n|j|\u2606SovietSlav\n|t:|1700215635\n|gametype|singles\n|player|p1|geniebara|1|1240\n|player|p2|SovietSlav|teamrocket|1222\n|teamsize|p1|6\n|teamsize|p2|6\n|gen|9\n|tier|[Gen 9] OU\n|rated|\n|rule|Sleep Clause Mod: Limit one foe put to sleep\n|rule|Species Clause: Limit one of each Pok\u00e9mon\n|rule|OHKO Clause: OHKO moves are banned\n|rule|Evasion Items Clause: Evasion items are banned\n|rule|Evasion Moves Clause: Evasion moves are banned\n|rule|Endless Battle Clause: Forcing endless battles is banned\n|rule|HP Percentage Mod: HP is shown in percentages\n|clearpoke\n|poke|p1|Arcanine-Hisui, M|\n|poke|p1|Milotic, M|\n|poke|p1|Kingambit, M|\n|poke|p1|Dragapult, F|\n|poke|p1|Toxapex, M|\n|poke|p1|Great Tusk|\n|poke|p2|Alomomola, F|\n|poke|p2|Slowking-Galar, F|\n|poke|p2|Kingambit, F|\n|poke|p2|Great Tusk|\n|poke|p2|Cinderace, F|\n|poke|p2|Thundurus-Therian, M|\n|teampreview\n|inactive|Battle timer is ON: inactive players will automatically lose when time's up. (requested by geniebara)\n|\n|t:|1700215659\n|start\n|switch|p1a: Kingambit|Kingambit, M|100\/100\n|switch|p2a: Thundurus|Thundurus-Therian, M|100\/100\n|turn|1\n|\n|t:|1700215674\n|switch|p2a: Great Tusk|Great Tusk|100\/100\n|move|p1a: Kingambit|Swords Dance|p1a: Kingambit\n|-boost|p1a: Kingambit|atk|2\n|\n|upkeep\n|turn|2\n|\n|t:|1700215684\n|move|p2a: Great Tusk|Headlong Rush|p1a: Kingambit\n|-supereffective|p1a: Kingambit\n|-damage|p1a: Kingambit|3\/100\n|-unboost|p2a: Great Tusk|def|1\n|-unboost|p2a: Great Tusk|spd|1\n|move|p1a: Kingambit|Iron Head|p2a: Great Tusk\n|-damage|p2a: Great Tusk|0 fnt\n|-damage|p1a: Kingambit|0 fnt|[from] item: Rocky Helmet|[of] p2a: Great Tusk\n|faint|p2a: Great Tusk\n|-end|p2a: Great Tusk|Protosynthesis|[silent]\n|faint|p1a: Kingambit\n|-end|p1a: Kingambit|fallenundefined|[silent]\n|\n|upkeep\n|inactive|SovietSlav has 120 seconds left.\n|\n|t:|1700215715\n|switch|p2a: Thundurus|Thundurus-Therian, M|100\/100\n|switch|p1a: Arcanine|Arcanine-Hisui, M, shiny|100\/100\n|turn|3\n|inactive|SovietSlav has 120 seconds left.\n|\n|t:|1700215748\n|move|p1a: Arcanine|Head Smash|p2a: Thundurus\n|-supereffective|p2a: Thundurus\n|-damage|p2a: Thundurus|0 fnt\n|faint|p2a: Thundurus\n|\n|upkeep\n|c|\u2606SovietSlav|!dt head smash\n|raw|<ul class=\"utilichart\"><li class=\"result\"><span class=\"col movenamecol\"><a href=\"https:\/\/dex.pokemonshowdown.com\/moves\/headsmash\">Head Smash<\/a><\/span> <span class=\"col typecol\"><img src=\"\/\/play.pokemonshowdown.com\/sprites\/types\/Rock.png\" alt=\"Rock\" width=\"32\" height=\"14\"><img src=\"\/\/play.pokemonshowdown.com\/sprites\/categories\/Physical.png\" alt=\"Physical\" width=\"32\" height=\"14\"><\/span> <span class=\"col labelcol\"><em>Power<\/em><br>150<\/span> <span class=\"col widelabelcol\"><em>Accuracy<\/em><br>80%<\/span> <span class=\"col pplabelcol\"><em>PP<\/em><br>8<\/span> <span class=\"col movedesccol\">Has 1\/2 recoil.<\/span> <\/li><li style=\"clear:both\"><\/li><\/ul>\n|raw|<font size=\"1\"><font color=\"#686868\">Priority:<\/font> 0&nbsp;|&ThickSpace;<font color=\"#686868\">Gen:<\/font> 4&nbsp;|&ThickSpace;&#10003; Contact&nbsp;|&ThickSpace;<font color=\"#686868\">Z-Power:<\/font> 200&nbsp;|&ThickSpace;<font color=\"#686868\">Dynamax Power:<\/font> 150&nbsp;|&ThickSpace;<font color=\"#686868\">Target:<\/font> One Adjacent Pok\u00e9mon<\/font>\n\n|inactive|SovietSlav has 90 seconds left.\n|\n|t:|1700215780\n|switch|p2a: Alomomola|Alomomola, F|100\/100\n|turn|4\n|\n|t:|1700215787\n|switch|p1a: Great Tusk|Great Tusk|100\/100\n|move|p2a: Alomomola|Scald|p1a: Great Tusk\n|-supereffective|p1a: Great Tusk\n|-damage|p1a: Great Tusk|56\/100\n|-status|p1a: Great Tusk|brn\n|\n|-damage|p1a: Great Tusk|50\/100 brn|[from] brn\n|upkeep\n|turn|5\n|\n|t:|1700215801\n|move|p1a: Great Tusk|Stealth Rock|p2a: Alomomola\n|-sidestart|p2: SovietSlav|move: Stealth Rock\n|move|p2a: Alomomola|Scald|p1a: Great Tusk\n|-supereffective|p1a: Great Tusk\n|-damage|p1a: Great Tusk|12\/100 brn\n|\n|-damage|p1a: Great Tusk|6\/100 brn|[from] brn\n|upkeep\n|turn|6\n|\n|t:|1700215814\n|move|p1a: Great Tusk|Earthquake|p2a: Alomomola\n|-damage|p2a: Alomomola|84\/100\n|-enditem|p2a: Alomomola|Red Card|[of] p1a: Great Tusk\n|-end|p1a: Great Tusk|Protosynthesis|[silent]\n|drag|p1a: Arcanine|Arcanine-Hisui, M, shiny|100\/100\n|move|p2a: Alomomola|Scald|p1a: Arcanine\n|-supereffective|p1a: Arcanine\n|-damage|p1a: Arcanine|29\/100\n|\n|upkeep\n|turn|7\n|\n|t:|1700215823\n|switch|p1a: Great Tusk|Great Tusk|6\/100 brn\n|move|p2a: Alomomola|Scald|p1a: Great Tusk\n|-supereffective|p1a: Great Tusk\n|-damage|p1a: Great Tusk|0 fnt\n|faint|p1a: Great Tusk\n|-end|p1a: Great Tusk|Protosynthesis|[silent]\n|\n|upkeep\n|\n|t:|1700215830\n|switch|p1a: Toxapex|Toxapex, M|100\/100\n|turn|8\n|\n|t:|1700215837\n|-terastallize|p2a: Alomomola|Flying\n|move|p1a: Toxapex|Baneful Bunker|p1a: Toxapex\n|-singleturn|p1a: Toxapex|move: Protect\n|move|p2a: Alomomola|Acrobatics|p1a: Toxapex\n|-activate|p1a: Toxapex|move: Protect\n|-status|p2a: Alomomola|psn\n|\n|-damage|p2a: Alomomola|72\/100 psn|[from] psn\n|upkeep\n|turn|9\n|\n|t:|1700215847\n|move|p2a: Alomomola|Acrobatics|p1a: Toxapex\n|-damage|p1a: Toxapex|80\/100\n|-damage|p2a: Alomomola|55\/100 psn|[from] item: Rocky Helmet|[of] p1a: Toxapex\n|move|p1a: Toxapex|Chilling Water|p2a: Alomomola\n|-damage|p2a: Alomomola|46\/100 psn\n|-unboost|p2a: Alomomola|atk|1\n|\n|-damage|p2a: Alomomola|33\/100 psn|[from] psn\n|upkeep\n|turn|10\n|\n|t:|1700215858\n|move|p2a: Alomomola|Wish|p2a: Alomomola\n|move|p1a: Toxapex|Chilling Water|p2a: Alomomola\n|-damage|p2a: Alomomola|24\/100 psn\n|-unboost|p2a: Alomomola|atk|1\n|\n|-damage|p2a: Alomomola|12\/100 psn|[from] psn\n|upkeep\n|turn|11\n|\n|t:|1700215868\n|move|p2a: Alomomola|Scald|p1a: Toxapex\n|-resisted|p1a: Toxapex\n|-damage|p1a: Toxapex|74\/100\n|move|p1a: Toxapex|Chilling Water|p2a: Alomomola\n|-damage|p2a: Alomomola|2\/100 psn\n|-unboost|p2a: Alomomola|atk|1\n|\n|-heal|p2a: Alomomola|51\/100 psn|[from] move: Wish|[wisher] Alomomola\n|-damage|p2a: Alomomola|39\/100 psn|[from] psn\n|upkeep\n|turn|12\n|\n|t:|1700215879\n|move|p2a: Alomomola|Wish|p2a: Alomomola\n|move|p1a: Toxapex|Toxic Spikes|p2a: Alomomola\n|-sidestart|p2: SovietSlav|move: Toxic Spikes\n|\n|-damage|p2a: Alomomola|27\/100 psn|[from] psn\n|upkeep\n|turn|13\n|\n|t:|1700215897\n|move|p2a: Alomomola|Scald|p1a: Toxapex\n|-resisted|p1a: Toxapex\n|-damage|p1a: Toxapex|68\/100\n|move|p1a: Toxapex|Chilling Water|p2a: Alomomola\n|-damage|p2a: Alomomola|17\/100 psn\n|-unboost|p2a: Alomomola|atk|1\n|\n|-heal|p2a: Alomomola|67\/100 psn|[from] move: Wish|[wisher] Alomomola\n|-damage|p2a: Alomomola|55\/100 psn|[from] psn\n|upkeep\n|turn|14\n|inactive|SovietSlav has 90 seconds left.\n|\n|t:|1700215914\n|move|p2a: Alomomola|Wish|p2a: Alomomola\n|move|p1a: Toxapex|Chilling Water|p2a: Alomomola\n|-damage|p2a: Alomomola|46\/100 psn\n|-unboost|p2a: Alomomola|atk|1\n|\n|-damage|p2a: Alomomola|34\/100 psn|[from] psn\n|upkeep\n|turn|15\n|\n|t:|1700215921\n|move|p2a: Alomomola|Scald|p1a: Toxapex\n|-resisted|p1a: Toxapex\n|-damage|p1a: Toxapex|63\/100\n|move|p1a: Toxapex|Toxic Spikes|p2a: Alomomola\n|-sidestart|p2: SovietSlav|move: Toxic Spikes\n|\n|-heal|p2a: Alomomola|84\/100 psn|[from] move: Wish|[wisher] Alomomola\n|-damage|p2a: Alomomola|71\/100 psn|[from] psn\n|upkeep\n|turn|16\n|\n|t:|1700215929\n|move|p2a: Alomomola|Scald|p1a: Toxapex\n|-resisted|p1a: Toxapex\n|-damage|p1a: Toxapex|57\/100\n|-status|p1a: Toxapex|brn\n|move|p1a: Toxapex|Chilling Water|p2a: Alomomola\n|-damage|p2a: Alomomola|61\/100 psn\n|-unboost|p2a: Alomomola|atk|1\n|\n|-damage|p2a: Alomomola|49\/100 psn|[from] psn\n|-damage|p1a: Toxapex|51\/100 brn|[from] brn\n|upkeep\n|turn|17\n|\n|t:|1700215940\n|move|p1a: Toxapex|Baneful Bunker|p1a: Toxapex\n|-singleturn|p1a: Toxapex|move: Protect\n|move|p2a: Alomomola|Acrobatics|p1a: Toxapex\n|-activate|p1a: Toxapex|move: Protect\n|\n|-damage|p2a: Alomomola|37\/100 psn|[from] psn\n|-damage|p1a: Toxapex|45\/100 brn|[from] brn\n|upkeep\n|turn|18\n|\n|t:|1700215950\n|move|p2a: Alomomola|Wish|p2a: Alomomola\n|move|p1a: Toxapex|Recover|p1a: Toxapex\n|-heal|p1a: Toxapex|95\/100 brn\n|\n|-damage|p2a: Alomomola|24\/100 psn|[from] psn\n|-damage|p1a: Toxapex|89\/100 brn|[from] brn\n|upkeep\n|turn|19\n|\n|t:|1700215957\n|move|p2a: Alomomola|Acrobatics|p1a: Toxapex\n|-damage|p1a: Toxapex|84\/100 brn\n|-damage|p2a: Alomomola|8\/100 psn|[from] item: Rocky Helmet|[of] p1a: Toxapex\n|move|p1a: Toxapex|Toxic Spikes||[still]\n|-fail|p1a: Toxapex\n|\n|-heal|p2a: Alomomola|58\/100 psn|[from] move: Wish|[wisher] Alomomola\n|-damage|p2a: Alomomola|46\/100 psn|[from] psn\n|-damage|p1a: Toxapex|78\/100 brn|[from] brn\n|upkeep\n|turn|20\n|\n|t:|1700215968\n|move|p2a: Alomomola|Wish|p2a: Alomomola\n|move|p1a: Toxapex|Toxic Spikes||[still]\n|-fail|p1a: Toxapex\n|\n|-damage|p2a: Alomomola|33\/100 psn|[from] psn\n|-damage|p1a: Toxapex|72\/100 brn|[from] brn\n|upkeep\n|turn|21\n|\n|t:|1700215976\n|move|p2a: Alomomola|Scald|p1a: Toxapex\n|-resisted|p1a: Toxapex\n|-damage|p1a: Toxapex|67\/100 brn\n|move|p1a: Toxapex|Toxic Spikes||[still]\n|-fail|p1a: Toxapex\n|\n|-heal|p2a: Alomomola|83\/100 psn|[from] move: Wish|[wisher] Alomomola\n|-damage|p2a: Alomomola|71\/100 psn|[from] psn\n|-damage|p1a: Toxapex|61\/100 brn|[from] brn\n|upkeep\n|turn|22\n|\n|t:|1700215989\n|move|p2a: Alomomola|Acrobatics|p1a: Toxapex\n|-damage|p1a: Toxapex|56\/100 brn\n|-damage|p2a: Alomomola|54\/100 psn|[from] item: Rocky Helmet|[of] p1a: Toxapex\n|move|p1a: Toxapex|Toxic Spikes||[still]\n|-fail|p1a: Toxapex\n|\n|-damage|p2a: Alomomola|42\/100 psn|[from] psn\n|-damage|p1a: Toxapex|50\/100 brn|[from] brn\n|upkeep\n|turn|23\n|\n|t:|1700216003\n|move|p2a: Alomomola|Acrobatics|p1a: Toxapex\n|-damage|p1a: Toxapex|45\/100 brn\n|-damage|p2a: Alomomola|25\/100 psn|[from] item: Rocky Helmet|[of] p1a: Toxapex\n|move|p1a: Toxapex|Toxic Spikes||[still]\n|-fail|p1a: Toxapex\n|\n|-damage|p2a: Alomomola|13\/100 psn|[from] psn\n|-damage|p1a: Toxapex|39\/100 brn|[from] brn\n|upkeep\n|turn|24\n|\n|t:|1700216011\n|move|p2a: Alomomola|Wish|p2a: Alomomola\n|move|p1a: Toxapex|Recover|p1a: Toxapex\n|-heal|p1a: Toxapex|89\/100 brn\n|\n|-damage|p2a: Alomomola|1\/100 psn|[from] psn\n|-damage|p1a: Toxapex|83\/100 brn|[from] brn\n|upkeep\n|turn|25\n|inactive|SovietSlav has 120 seconds left.\n|\n|t:|1700216032\n|move|p1a: Toxapex|Baneful Bunker|p1a: Toxapex\n|-singleturn|p1a: Toxapex|move: Protect\n|move|p2a: Alomomola|Flip Turn|p1a: Toxapex\n|-activate|p1a: Toxapex|move: Protect\n|\n|-heal|p2a: Alomomola|51\/100 psn|[from] move: Wish|[wisher] Alomomola\n|-damage|p2a: Alomomola|38\/100 psn|[from] psn\n|-damage|p1a: Toxapex|77\/100 brn|[from] brn\n|upkeep\n|turn|26\n|\n|t:|1700216045\n|move|p2a: Alomomola|Flip Turn|p1a: Toxapex\n|-resisted|p1a: Toxapex\n|-damage|p1a: Toxapex|76\/100 brn\n|-damage|p2a: Alomomola|22\/100 psn|[from] item: Rocky Helmet|[of] p1a: Toxapex\n|\n|t:|1700216051\n|switch|p2a: Kingambit|Kingambit, F|100\/100|[from] Flip Turn\n|-damage|p2a: Kingambit|94\/100|[from] Stealth Rock\n|-activate|p2a: Kingambit|ability: Supreme Overlord\n|-start|p2a: Kingambit|fallen2|[silent]\n|move|p1a: Toxapex|Toxic Spikes||[still]\n|-fail|p1a: Toxapex\n|\n|-heal|p2a: Kingambit|100\/100|[from] item: Leftovers\n|-damage|p1a: Toxapex|70\/100 brn|[from] brn\n|upkeep\n|turn|27\n|\n|t:|1700216061\n|move|p2a: Kingambit|Swords Dance|p2a: Kingambit\n|-boost|p2a: Kingambit|atk|2\n|move|p1a: Toxapex|Chilling Water|p2a: Kingambit\n|-damage|p2a: Kingambit|91\/100\n|-unboost|p2a: Kingambit|atk|1\n|\n|-heal|p2a: Kingambit|97\/100|[from] item: Leftovers\n|-damage|p1a: Toxapex|64\/100 brn|[from] brn\n|upkeep\n|turn|28\n|\n|t:|1700216070\n|move|p2a: Kingambit|Swords Dance|p2a: Kingambit\n|-boost|p2a: Kingambit|atk|2\n|move|p1a: Toxapex|Chilling Water|p2a: Kingambit\n|-damage|p2a: Kingambit|86\/100\n|-unboost|p2a: Kingambit|atk|1\n|\n|-heal|p2a: Kingambit|93\/100|[from] item: Leftovers\n|-damage|p1a: Toxapex|58\/100 brn|[from] brn\n|upkeep\n|turn|29\n|inactive|SovietSlav has 120 seconds left.\n|\n|t:|1700216079\n|move|p2a: Kingambit|Swords Dance|p2a: Kingambit\n|-boost|p2a: Kingambit|atk|2\n|move|p1a: Toxapex|Chilling Water|p2a: Kingambit\n|-crit|p2a: Kingambit\n|-damage|p2a: Kingambit|76\/100\n|-unboost|p2a: Kingambit|atk|1\n|\n|-heal|p2a: Kingambit|82\/100|[from] item: Leftovers\n|-damage|p1a: Toxapex|52\/100 brn|[from] brn\n|upkeep\n|turn|30\n|\n|t:|1700216089\n|move|p2a: Kingambit|Swords Dance|p2a: Kingambit\n|-boost|p2a: Kingambit|atk|2\n|move|p1a: Toxapex|Recover|p1a: Toxapex\n|-heal|p1a: Toxapex|100\/100 brn\n|\n|-heal|p2a: Kingambit|89\/100|[from] item: Leftovers\n|-damage|p1a: Toxapex|95\/100 brn|[from] brn\n|upkeep\n|turn|31\n|\n|t:|1700216098\n|move|p1a: Toxapex|Baneful Bunker|p1a: Toxapex\n|-singleturn|p1a: Toxapex|move: Protect\n|move|p2a: Kingambit|Swords Dance|p2a: Kingambit\n|-boost|p2a: Kingambit|atk|1\n|\n|-heal|p2a: Kingambit|95\/100|[from] item: Leftovers\n|-damage|p1a: Toxapex|89\/100 brn|[from] brn\n|upkeep\n|turn|32\n|\n|t:|1700216117\n|move|p2a: Kingambit|Kowtow Cleave|p1a: Toxapex\n|-damage|p1a: Toxapex|0 fnt\n|-damage|p2a: Kingambit|78\/100|[from] item: Rocky Helmet|[of] p1a: Toxapex\n|faint|p1a: Toxapex\n|\n|-heal|p2a: Kingambit|85\/100|[from] item: Leftovers\n|upkeep\n|\n|t:|1700216123\n|switch|p1a: Milotic|Milotic, M|100\/100\n|turn|33\n|\n|t:|1700216127\n|move|p2a: Kingambit|Sucker Punch||[still]\n|-fail|p2a: Kingambit\n|move|p1a: Milotic|Haze|p1a: Milotic\n|-clearallboost\n|\n|-heal|p2a: Kingambit|91\/100|[from] item: Leftovers\n|upkeep\n|turn|34\n|\n|t:|1700216139\n|move|p2a: Kingambit|Sucker Punch|p1a: Milotic\n|-damage|p1a: Milotic|49\/100\n|move|p1a: Milotic|Scald|p2a: Kingambit\n|-damage|p2a: Kingambit|62\/100\n|\n|-heal|p1a: Milotic|56\/100|[from] item: Leftovers\n|-heal|p2a: Kingambit|68\/100|[from] item: Leftovers\n|upkeep\n|turn|35\n|\n|t:|1700216152\n|move|p1a: Milotic|Scald|p2a: Kingambit\n|-damage|p2a: Kingambit|40\/100\n|-status|p2a: Kingambit|brn\n|move|p2a: Kingambit|Swords Dance|p2a: Kingambit\n|-boost|p2a: Kingambit|atk|2\n|\n|-heal|p1a: Milotic|62\/100|[from] item: Leftovers\n|-heal|p2a: Kingambit|46\/100 brn|[from] item: Leftovers\n|-damage|p2a: Kingambit|40\/100 brn|[from] brn\n|upkeep\n|turn|36\n|\n|t:|1700216163\n|move|p2a: Kingambit|Sucker Punch||[still]\n|-fail|p2a: Kingambit\n|move|p1a: Milotic|Recover|p1a: Milotic\n|-heal|p1a: Milotic|100\/100\n|\n|-heal|p2a: Kingambit|46\/100 brn|[from] item: Leftovers\n|-damage|p2a: Kingambit|40\/100 brn|[from] brn\n|upkeep\n|turn|37\n|\n|t:|1700216176\n|move|p1a: Milotic|Haze|p1a: Milotic\n|-clearallboost\n|move|p2a: Kingambit|Kowtow Cleave|p1a: Milotic\n|-damage|p1a: Milotic|72\/100\n|\n|-heal|p1a: Milotic|78\/100|[from] item: Leftovers\n|-heal|p2a: Kingambit|46\/100 brn|[from] item: Leftovers\n|-damage|p2a: Kingambit|40\/100 brn|[from] brn\n|upkeep\n|turn|38\n|\n|t:|1700216187\n|-end|p2a: Kingambit|fallen2|[silent]\n|switch|p2a: Slowking|Slowking-Galar, F|100\/100\n|-sideend|p2: SovietSlav|move: Toxic Spikes|[of] p2a: Slowking\n|move|p1a: Milotic|Scald|p2a: Slowking\n|-damage|p2a: Slowking|84\/100\n|-status|p2a: Slowking|brn\n|\n|-heal|p1a: Milotic|84\/100|[from] item: Leftovers\n|-damage|p2a: Slowking|78\/100 brn|[from] brn\n|upkeep\n|turn|39\n|\n|t:|1700216199\n|switch|p1a: Arcanine|Arcanine-Hisui, M, shiny|29\/100\n|move|p2a: Slowking|Future Sight|p1a: Arcanine\n|-start|p2a: Slowking|move: Future Sight\n|\n|-damage|p2a: Slowking|72\/100 brn|[from] brn\n|upkeep\n|turn|40\n|inactive|SovietSlav has 120 seconds left.\n|\n|t:|1700216246\n|move|p1a: Arcanine|Head Smash|p2a: Slowking|[miss]\n|-miss|p1a: Arcanine|p2a: Slowking\n|move|p2a: Slowking|Sludge Bomb|p1a: Arcanine\n|-resisted|p1a: Arcanine\n|-damage|p1a: Arcanine|10\/100\n|\n|-damage|p2a: Slowking|66\/100 brn|[from] brn\n|upkeep\n|turn|41\n|\n|t:|1700216263\n|switch|p2a: Alomomola|Alomomola, F, tera:Flying|55\/100 psn\n|-damage|p2a: Alomomola|30\/100 psn|[from] Stealth Rock\n|move|p1a: Arcanine|Head Smash|p2a: Alomomola\n|-supereffective|p2a: Alomomola\n|-crit|p2a: Alomomola\n|-damage|p2a: Alomomola|0 fnt\n|faint|p2a: Alomomola\n|\n|-end|p1a: Arcanine|move: Future Sight\n|-damage|p1a: Arcanine|0 fnt\n|faint|p1a: Arcanine\n|upkeep\n|\n|t:|1700216280\n|switch|p1a: Dragapult|Dragapult, F|100\/100\n|switch|p2a: Slowking|Slowking-Galar, F|99\/100 brn\n|turn|42\n|\n|t:|1700216288\n|move|p1a: Dragapult|Hex|p2a: Slowking\n|-supereffective|p2a: Slowking\n|-damage|p2a: Slowking|0 fnt\n|faint|p2a: Slowking\n|\n|upkeep\n|\n|t:|1700216297\n|switch|p2a: Kingambit|Kingambit, F|40\/100 brn\n|-damage|p2a: Kingambit|34\/100 brn|[from] Stealth Rock\n|-activate|p2a: Kingambit|ability: Supreme Overlord\n|-start|p2a: Kingambit|fallen4|[silent]\n|turn|43\n|\n|t:|1700216303\n|move|p2a: Kingambit|Sucker Punch|p1a: Dragapult\n|-supereffective|p1a: Dragapult\n|-damage|p1a: Dragapult|19\/100\n|move|p1a: Dragapult|Hex|p2a: Kingambit\n|-resisted|p2a: Kingambit\n|-damage|p2a: Kingambit|0 fnt\n|faint|p2a: Kingambit\n|-end|p2a: Kingambit|fallen4|[silent]\n|\n|upkeep\n|\n|t:|1700216309\n|switch|p2a: Cinderace|Cinderace, F|100\/100\n|turn|44\n|\n|t:|1700216325\n|move|p1a: Dragapult|Hex|p2a: Cinderace\n|-damage|p2a: Cinderace|44\/100\n|move|p2a: Cinderace|U-turn|p1a: Dragapult\n|-start|p2a: Cinderace|typechange|Bug|[from] ability: Libero\n|-resisted|p1a: Dragapult\n|-damage|p1a: Dragapult|0 fnt\n|faint|p1a: Dragapult\n|\n|upkeep\n|\n|t:|1700216329\n|switch|p1a: Milotic|Milotic, M|84\/100\n|turn|45\n|\n|t:|1700216343\n|-terastallize|p1a: Milotic|Dragon\n|move|p2a: Cinderace|U-turn|p1a: Milotic\n|-damage|p1a: Milotic|54\/100\n|move|p1a: Milotic|Scald|p2a: Cinderace\n|-damage|p2a: Cinderace|3\/100\n|-status|p2a: Cinderace|brn\n|\n|-heal|p1a: Milotic|60\/100|[from] item: Leftovers\n|-damage|p2a: Cinderace|0 fnt|[from] brn\n|faint|p2a: Cinderace\n|\n|win|geniebara\n|upkeep\n|raw|geniebara's rating: 1240 &rarr; <strong>1264<\/strong><br \/>(+24 for winning)\n|raw|SovietSlav's rating: 1222 &rarr; <strong>1198<\/strong><br \/>(-24 for losing)\n|c|\u2606geniebara|gg\n","uploadtime":1700216357,"views":9,"p1id":"geniebara","p2id":"sovietslav","formatid":"gen9ou","rating":1198,"private":0,"password":""}