{"id":"gen9ou-1994505102","p1":"Cyndaquilled","p2":"312bud","format":"[Gen 9] OU","log":"|j|\u2606Cyndaquilled\n|j|\u2606312bud\n|t:|1700451874\n|gametype|singles\n|player|p1|Cyndaquilled|2|1347\n|player|p2|312bud|cyclistf|1418\n|teamsize|p1|6\n|teamsize|p2|6\n|gen|9\n|tier|[Gen 9] OU\n|rated|\n|rule|Sleep Clause Mod: Limit one foe put to sleep\n|rule|Species Clause: Limit one of each Pok\u00e9mon\n|rule|OHKO Clause: OHKO moves are banned\n|rule|Evasion Items Clause: Evasion items are banned\n|rule|Evasion Moves Clause: Evasion moves are banned\n|rule|Endless Battle Clause: Forcing endless battles is banned\n|rule|HP Percentage Mod: HP is shown in percentages\n|clearpoke\n|poke|p1|Poliwrath, F|\n|poke|p1|Pelipper, M|\n|poke|p1|Overqwil, F|\n|poke|p1|Rillaboom, F|\n|poke|p1|Iron Treads|\n|poke|p1|Zapdos|\n|poke|p2|Zapdos|\n|poke|p2|Great Tusk|\n|poke|p2|Kingambit, M|\n|poke|p2|Iron Valiant|\n|poke|p2|Salamence, M|\n|poke|p2|Greninja-*, M|\n|teampreview\n|\n|t:|1700451897\n|start\n|switch|p1a: Rillaboom|Rillaboom, F|100\/100\n|switch|p2a: Salamence|Salamence, M|100\/100\n|-fieldstart|move: Grassy Terrain|[from] ability: Grassy Surge|[of] p1a: Rillaboom\n|turn|1\n|\n|t:|1700451904\n|move|p2a: Salamence|Dual Wingbeat|p1a: Rillaboom\n|-supereffective|p1a: Rillaboom\n|-damage|p1a: Rillaboom|49\/100\n|-supereffective|p1a: Rillaboom\n|-damage|p1a: Rillaboom|0 fnt\n|faint|p1a: Rillaboom\n|-ability|p2a: Salamence|Moxie|boost\n|-boost|p2a: Salamence|atk|1\n|-hitcount|p1: Rillaboom|2\n|\n|upkeep\n|\n|t:|1700451911\n|switch|p1a: Pelipper|Pelipper, M|100\/100\n|-weather|RainDance|[from] ability: Drizzle|[of] p1a: Pelipper\n|turn|2\n|\n|t:|1700451914\n|move|p2a: Salamence|Dual Wingbeat|p1a: Pelipper|[miss]\n|-miss|p2a: Salamence|p1a: Pelipper\n|move|p1a: Pelipper|Hurricane|p2a: Salamence\n|-crit|p2a: Salamence\n|-damage|p2a: Salamence|34\/100\n|\n|-weather|RainDance|[upkeep]\n|upkeep\n|turn|3\n|\n|t:|1700451921\n|move|p2a: Salamence|Dual Wingbeat|p1a: Pelipper\n|-damage|p1a: Pelipper|69\/100\n|-damage|p1a: Pelipper|33\/100\n|-hitcount|p1a: Pelipper|2\n|move|p1a: Pelipper|U-turn|p2a: Salamence\n|-resisted|p2a: Salamence\n|-damage|p2a: Salamence|29\/100\n|\n|t:|1700451927\n|switch|p1a: Overqwil|Overqwil, F|100\/100|[from] U-turn\n|\n|-weather|RainDance|[upkeep]\n|upkeep\n|turn|4\n|\n|t:|1700451931\n|move|p1a: Overqwil|Crunch|p2a: Salamence\n|-damage|p2a: Salamence|0 fnt\n|faint|p2a: Salamence\n|-damage|p1a: Overqwil|91\/100|[from] item: Life Orb\n|\n|-weather|RainDance|[upkeep]\n|-heal|p1a: Overqwil|97\/100|[from] Grassy Terrain\n|upkeep\n|\n|t:|1700451937\n|switch|p2a: Greninja|Greninja, M|100\/100\n|turn|5\n|\n|t:|1700451940\n|move|p1a: Overqwil|Gunk Shot|p2a: Greninja\n|-damage|p2a: Greninja|0 fnt\n|faint|p2a: Greninja\n|-damage|p1a: Overqwil|87\/100|[from] item: Life Orb\n|\n|-weather|RainDance|[upkeep]\n|-heal|p1a: Overqwil|93\/100|[from] Grassy Terrain\n|-fieldend|move: Grassy Terrain\n|upkeep\n|\n|t:|1700451945\n|switch|p2a: Zapdos|Zapdos|100\/100\n|turn|6\n|\n|t:|1700451949\n|move|p1a: Overqwil|Gunk Shot|p2a: Zapdos|[miss]\n|-miss|p1a: Overqwil|p2a: Zapdos\n|move|p2a: Zapdos|Hurricane|p1a: Overqwil\n|-damage|p1a: Overqwil|28\/100\n|-start|p1a: Overqwil|confusion\n|\n|-weather|RainDance|[upkeep]\n|upkeep\n|turn|7\n|\n|t:|1700451957\n|switch|p1a: Iron Treads|Iron Treads|100\/100\n|move|p2a: Zapdos|Volt Switch|p1a: Iron Treads\n|-immune|p1a: Iron Treads\n|\n|-weather|RainDance|[upkeep]\n|upkeep\n|turn|8\n|\n|t:|1700451966\n|move|p2a: Zapdos|Hurricane|p1a: Iron Treads\n|-resisted|p1a: Iron Treads\n|-damage|p1a: Iron Treads|79\/100\n|move|p1a: Iron Treads|Earth Power|p2a: Zapdos\n|-immune|p2a: Zapdos\n|\n|-weather|RainDance|[upkeep]\n|upkeep\n|turn|9\n|\n|t:|1700451974\n|switch|p2a: Great Tusk|Great Tusk|100\/100\n|move|p1a: Iron Treads|Ice Spinner|p2a: Great Tusk\n|-supereffective|p2a: Great Tusk\n|-damage|p2a: Great Tusk|64\/100\n|\n|-weather|none\n|upkeep\n|turn|10\n|\n|t:|1700451978\n|-end|p1a: Iron Treads|Quark Drive|[silent]\n|switch|p1a: Pelipper|Pelipper, M|33\/100\n|-weather|RainDance|[from] ability: Drizzle|[of] p1a: Pelipper\n|move|p2a: Great Tusk|Stealth Rock|p1a: Pelipper\n|-sidestart|p1: Cyndaquilled|move: Stealth Rock\n|\n|-weather|RainDance|[upkeep]\n|upkeep\n|turn|11\n|\n|t:|1700451986\n|move|p2a: Great Tusk|Ice Spinner|p1a: Pelipper\n|-damage|p1a: Pelipper|5\/100\n|move|p1a: Pelipper|Surf|p2a: Great Tusk\n|-supereffective|p2a: Great Tusk\n|-damage|p2a: Great Tusk|0 fnt\n|faint|p2a: Great Tusk\n|-end|p2a: Great Tusk|Protosynthesis|[silent]\n|\n|-weather|RainDance|[upkeep]\n|upkeep\n|\n|t:|1700451989\n|switch|p2a: Zapdos|Zapdos|100\/100\n|turn|12\n|\n|t:|1700451993\n|move|p2a: Zapdos|Hurricane|p1a: Pelipper\n|-damage|p1a: Pelipper|0 fnt\n|faint|p1a: Pelipper\n|\n|-weather|RainDance|[upkeep]\n|upkeep\n|\n|t:|1700452002\n|switch|p1a: Poliwrath|Poliwrath, F|100\/100\n|-damage|p1a: Poliwrath|94\/100|[from] Stealth Rock\n|turn|13\n|\n|t:|1700452006\n|-terastallize|p1a: Poliwrath|Poison\n|move|p1a: Poliwrath|Belly Drum|p1a: Poliwrath\n|-damage|p1a: Poliwrath|44\/100\n|-setboost|p1a: Poliwrath|atk|6|[from] move: Belly Drum\n|-enditem|p1a: Poliwrath|Sitrus Berry|[eat]\n|-heal|p1a: Poliwrath|69\/100|[from] item: Sitrus Berry\n|move|p2a: Zapdos|Hurricane|p1a: Poliwrath\n|-damage|p1a: Poliwrath|18\/100\n|\n|-weather|RainDance|[upkeep]\n|upkeep\n|turn|14\n|\n|t:|1700452018\n|move|p1a: Poliwrath|Tera Blast|p2a: Zapdos|[anim] Tera Blast Poison\n|-damage|p2a: Zapdos|0 fnt\n|faint|p2a: Zapdos\n|\n|-weather|RainDance|[upkeep]\n|upkeep\n|\n|t:|1700452021\n|switch|p2a: Kingambit|Kingambit, M|100\/100\n|-activate|p2a: Kingambit|ability: Supreme Overlord\n|-start|p2a: Kingambit|fallen4|[silent]\n|turn|15\n|\n|t:|1700452027\n|move|p2a: Kingambit|Sucker Punch||[still]\n|-fail|p2a: Kingambit\n|move|p1a: Poliwrath|Belly Drum||[still]\n|-fail|p1a: Poliwrath\n|\n|-weather|RainDance|[upkeep]\n|upkeep\n|turn|16\n|\n|t:|1700452030\n|move|p2a: Kingambit|Sucker Punch||[still]\n|-fail|p2a: Kingambit\n|move|p1a: Poliwrath|Belly Drum||[still]\n|-fail|p1a: Poliwrath\n|\n|-weather|RainDance|[upkeep]\n|upkeep\n|turn|17\n|\n|t:|1700452032\n|move|p2a: Kingambit|Sucker Punch|p1a: Poliwrath\n|-damage|p1a: Poliwrath|0 fnt\n|faint|p1a: Poliwrath\n|\n|-weather|none\n|upkeep\n|\n|t:|1700452039\n|switch|p1a: Zapdos|Zapdos|100\/100\n|turn|18\n|\n|t:|1700452042\n|move|p1a: Zapdos|Thunder|p2a: Kingambit\n|-damage|p2a: Kingambit|39\/100\n|-status|p2a: Kingambit|par\n|-enditem|p2a: Kingambit|Lum Berry|[eat]\n|-curestatus|p2a: Kingambit|par|[msg]\n|move|p2a: Kingambit|Swords Dance|p2a: Kingambit\n|-boost|p2a: Kingambit|atk|2\n|\n|upkeep\n|turn|19\n|\n|t:|1700452051\n|move|p2a: Kingambit|Sucker Punch||[still]\n|-fail|p2a: Kingambit\n|move|p1a: Zapdos|Roost||[still]\n|-fail|p1a: Zapdos|heal\n|\n|upkeep\n|turn|20\n|\n|t:|1700452055\n|move|p2a: Kingambit|Sucker Punch||[still]\n|-fail|p2a: Kingambit\n|move|p1a: Zapdos|Roost||[still]\n|-fail|p1a: Zapdos|heal\n|\n|upkeep\n|turn|21\n|\n|t:|1700452059\n|move|p2a: Kingambit|Sucker Punch||[still]\n|-fail|p2a: Kingambit\n|move|p1a: Zapdos|Roost||[still]\n|-fail|p1a: Zapdos|heal\n|\n|upkeep\n|turn|22\n|\n|t:|1700452064\n|move|p1a: Zapdos|Thunder|p2a: Kingambit|[miss]\n|-miss|p1a: Zapdos|p2a: Kingambit\n|move|p2a: Kingambit|Kowtow Cleave|p1a: Zapdos\n|-damage|p1a: Zapdos|0 fnt\n|-status|p2a: Kingambit|par|[from] ability: Static|[of] p1a: Zapdos\n|faint|p1a: Zapdos\n|\n|upkeep\n|\n|t:|1700452068\n|switch|p1a: Overqwil|Overqwil, F|28\/100\n|-damage|p1a: Overqwil|16\/100|[from] Stealth Rock\n|turn|23\n|\n|t:|1700452074\n|move|p2a: Kingambit|Sucker Punch||[still]\n|-fail|p2a: Kingambit\n|move|p1a: Overqwil|Swords Dance|p1a: Overqwil\n|-boost|p1a: Overqwil|atk|2\n|\n|upkeep\n|turn|24\n|\n|t:|1700452078\n|move|p2a: Kingambit|Sucker Punch|p1a: Overqwil\n|-resisted|p1a: Overqwil\n|-damage|p1a: Overqwil|0 fnt\n|faint|p1a: Overqwil\n|\n|upkeep\n|\n|t:|1700452080\n|switch|p1a: Iron Treads|Iron Treads|79\/100\n|-damage|p1a: Iron Treads|76\/100|[from] Stealth Rock\n|turn|25\n|\n|t:|1700452081\n|move|p1a: Iron Treads|Rapid Spin|p2a: Kingambit\n|-resisted|p2a: Kingambit\n|-damage|p2a: Kingambit|33\/100 par\n|-boost|p1a: Iron Treads|spe|1\n|-sideend|p1: Cyndaquilled|Stealth Rock|[from] move: Rapid Spin|[of] p1a: Iron Treads\n|move|p2a: Kingambit|Kowtow Cleave|p1a: Iron Treads\n|-damage|p1a: Iron Treads|0 fnt\n|faint|p1a: Iron Treads\n|-end|p1a: Iron Treads|Quark Drive|[silent]\n|\n|win|312bud\n|raw|Cyndaquilled's rating: 1347 &rarr; <strong>1331<\/strong><br \/>(-16 for losing)\n|raw|312bud's rating: 1418 &rarr; <strong>1434<\/strong><br \/>(+16 for winning)\n|l|\u2606Cyndaquilled\n","uploadtime":1700452086,"views":27,"p1id":"cyndaquilled","p2id":"312bud","formatid":"gen9ou","rating":1331,"private":0,"password":""}