{"id":"gen9ou-1991761147","p1":"thraxxedout","p2":"Thesmith789","format":"[Gen 9] OU","log":"|j|\u2606thraxxedout\n|j|\u2606Thesmith789\n|t:|1700112610\n|gametype|singles\n|player|p1|thraxxedout|cynthia|1435\n|player|p2|Thesmith789|266|1463\n|teamsize|p1|6\n|teamsize|p2|6\n|gen|9\n|tier|[Gen 9] OU\n|rated|\n|rule|Sleep Clause Mod: Limit one foe put to sleep\n|rule|Species Clause: Limit one of each Pok\u00e9mon\n|rule|OHKO Clause: OHKO moves are banned\n|rule|Evasion Items Clause: Evasion items are banned\n|rule|Evasion Moves Clause: Evasion moves are banned\n|rule|Endless Battle Clause: Forcing endless battles is banned\n|rule|HP Percentage Mod: HP is shown in percentages\n|clearpoke\n|poke|p1|Kommo-o, M|\n|poke|p1|Zamazenta-*|\n|poke|p1|Tornadus-Therian, M|\n|poke|p1|Gholdengo|\n|poke|p1|Hatterene, F|\n|poke|p1|Ting-Lu|\n|poke|p2|Rillaboom, F|\n|poke|p2|Sneasler, M|\n|poke|p2|Cinderace, F|\n|poke|p2|Iron Valiant|\n|poke|p2|Ting-Lu|\n|poke|p2|Slowking-Galar, M|\n|teampreview\n|inactive|Battle timer is ON: inactive players will automatically lose when time's up. (requested by Thesmith789)\n|\n|t:|1700112631\n|start\n|switch|p1a: Valeria \u2747\ufe0f|Tornadus-Therian, M, shiny|100\/100\n|switch|p2a: Ting-Lu|Ting-Lu|100\/100\n|-ability|p2a: Ting-Lu|Vessel of Ruin\n|turn|1\n|\n|t:|1700112644\n|move|p1a: Valeria \u2747\ufe0f|U-turn|p2a: Ting-Lu\n|-supereffective|p2a: Ting-Lu\n|-damage|p2a: Ting-Lu|89\/100\n|\n|t:|1700112647\n|switch|p1a: Hatterene|Hatterene, F|100\/100|[from] U-turn\n|move|p2a: Ting-Lu|Spikes|p1a: Hatterene\n|move|p1a: Hatterene|Spikes|p2a: Ting-Lu|[from]ability: Magic Bounce\n|-sidestart|p2: Thesmith789|Spikes\n|\n|-heal|p2a: Ting-Lu|95\/100|[from] item: Leftovers\n|upkeep\n|turn|2\n|\n|t:|1700112664\n|move|p2a: Ting-Lu|Earthquake|p1a: Hatterene\n|-damage|p1a: Hatterene|62\/100\n|-enditem|p1a: Hatterene|Red Card|[of] p2a: Ting-Lu\n|drag|p2a: Iron Valiant|Iron Valiant|100\/100\n|-damage|p2a: Iron Valiant|88\/100|[from] Spikes\n|-enditem|p2a: Iron Valiant|Booster Energy\n|-activate|p2a: Iron Valiant|ability: Quark Drive|[fromitem]\n|-start|p2a: Iron Valiant|quarkdrivespe\n|move|p1a: Hatterene|Nuzzle|p2a: Iron Valiant\n|-damage|p2a: Iron Valiant|83\/100\n|-status|p2a: Iron Valiant|par\n|\n|upkeep\n|turn|3\n|\n|t:|1700112688\n|move|p2a: Iron Valiant|Shadow Ball|p1a: Hatterene\n|-supereffective|p1a: Hatterene\n|-damage|p1a: Hatterene|13\/100\n|-unboost|p1a: Hatterene|spd|1\n|move|p1a: Hatterene|Draining Kiss|p2a: Iron Valiant\n|-supereffective|p2a: Iron Valiant\n|-damage|p2a: Iron Valiant|0 fnt\n|-heal|p1a: Hatterene|75\/100|[from] drain|[of] p2a: Iron Valiant\n|faint|p2a: Iron Valiant\n|-end|p2a: Iron Valiant|Quark Drive|[silent]\n|\n|upkeep\n|inactive|Thesmith789 has 120 seconds left.\n|\n|t:|1700112716\n|switch|p2a: Slowking|Slowking-Galar, M|100\/100\n|turn|4\n|\n|t:|1700112723\n|switch|p1a: Connie \u2696\ufe0f|Kommo-o, M, shiny|100\/100\n|move|p2a: Slowking|Future Sight|p1a: Connie \u2696\ufe0f\n|-start|p2a: Slowking|move: Future Sight\n|\n|upkeep\n|turn|5\n|inactive|Thesmith789 has 120 seconds left.\n|\n|t:|1700112733\n|move|p1a: Connie \u2696\ufe0f|Clangorous Soul|p1a: Connie \u2696\ufe0f\n|-boost|p1a: Connie \u2696\ufe0f|atk|1\n|-boost|p1a: Connie \u2696\ufe0f|def|1\n|-boost|p1a: Connie \u2696\ufe0f|spa|1\n|-boost|p1a: Connie \u2696\ufe0f|spd|1\n|-boost|p1a: Connie \u2696\ufe0f|spe|1\n|-damage|p1a: Connie \u2696\ufe0f|68\/100\n|-enditem|p1a: Connie \u2696\ufe0f|Throat Spray\n|-boost|p1a: Connie \u2696\ufe0f|spa|1|[from] item: Throat Spray\n|move|p2a: Slowking|Thunder Wave|p1a: Connie \u2696\ufe0f\n|-status|p1a: Connie \u2696\ufe0f|par\n|\n|upkeep\n|turn|6\n|inactive|Thesmith789 has 120 seconds left.\n|\n|t:|1700112753\n|switch|p1a: Ting-Lu|Ting-Lu|100\/100\n|-ability|p1a: Ting-Lu|Vessel of Ruin\n|move|p2a: Slowking|Chilly Reception|p2a: Slowking\n|-weather|Snow\n|inactive|Thesmith789 has 120 seconds left.\n|\n|t:|1700112765\n|switch|p2a: Rillaboom|Rillaboom, F|100\/100|[from] Chilly Reception\n|-damage|p2a: Rillaboom|88\/100|[from] Spikes\n|-fieldstart|move: Grassy Terrain|[from] ability: Grassy Surge|[of] p2a: Rillaboom\n|\n|-weather|Snow|[upkeep]\n|-end|p1a: Ting-Lu|move: Future Sight\n|-immune|p1a: Ting-Lu\n|-heal|p2a: Rillaboom|94\/100|[from] Grassy Terrain\n|-heal|p2a: Rillaboom|100\/100|[from] item: Leftovers\n|upkeep\n|turn|7\n|inactive|Thesmith789 has 120 seconds left.\n|\n|t:|1700112777\n|switch|p1a: Valeria \u2747\ufe0f|Tornadus-Therian, M, shiny|100\/100\n|move|p2a: Rillaboom|Bulk Up|p2a: Rillaboom\n|-boost|p2a: Rillaboom|atk|1\n|-boost|p2a: Rillaboom|def|1\n|\n|-weather|Snow|[upkeep]\n|upkeep\n|turn|8\n|inactive|Thesmith789 has 120 seconds left.\n|\n|t:|1700112787\n|-terastallize|p2a: Rillaboom|Poison\n|move|p1a: Valeria \u2747\ufe0f|Bleakwind Storm|p2a: Rillaboom\n|-damage|p2a: Rillaboom|46\/100\n|move|p2a: Rillaboom|Knock Off|p1a: Valeria \u2747\ufe0f\n|-damage|p1a: Valeria \u2747\ufe0f|36\/100\n|-enditem|p1a: Valeria \u2747\ufe0f|Assault Vest|[from] move: Knock Off|[of] p2a: Rillaboom\n|\n|-weather|Snow|[upkeep]\n|-heal|p2a: Rillaboom|52\/100|[from] Grassy Terrain\n|-heal|p2a: Rillaboom|59\/100|[from] item: Leftovers\n|upkeep\n|turn|9\n|inactive|Thesmith789 has 120 seconds left.\n|\n|t:|1700112801\n|move|p2a: Rillaboom|Grassy Glide|p1a: Valeria \u2747\ufe0f\n|-resisted|p1a: Valeria \u2747\ufe0f\n|-damage|p1a: Valeria \u2747\ufe0f|0 fnt\n|faint|p1a: Valeria \u2747\ufe0f\n|\n|-weather|Snow|[upkeep]\n|-heal|p2a: Rillaboom|65\/100|[from] Grassy Terrain\n|-heal|p2a: Rillaboom|71\/100|[from] item: Leftovers\n|upkeep\n|\n|t:|1700112810\n|switch|p1a: Iris \ud83d\udd31|Gholdengo, shiny|100\/100\n|turn|10\n|\n|t:|1700112815\n|move|p1a: Iris \ud83d\udd31|Shadow Ball|p2a: Rillaboom\n|-damage|p2a: Rillaboom|19\/100\n|move|p2a: Rillaboom|Knock Off|p1a: Iris \ud83d\udd31\n|-supereffective|p1a: Iris \ud83d\udd31\n|-damage|p1a: Iris \ud83d\udd31|0 fnt\n|-enditem|p1a: Iris \ud83d\udd31|Choice Scarf|[from] move: Knock Off|[of] p2a: Rillaboom\n|faint|p1a: Iris \ud83d\udd31\n|\n|-weather|none\n|-heal|p2a: Rillaboom|25\/100|[from] Grassy Terrain\n|-heal|p2a: Rillaboom|31\/100|[from] item: Leftovers\n|-fieldend|move: Grassy Terrain\n|upkeep\n|\n|t:|1700112825\n|switch|p1a: Shakira \ud83d\udc3a|Zamazenta, shiny|100\/100\n|-ability|p1a: Shakira \ud83d\udc3a|Dauntless Shield|boost\n|-boost|p1a: Shakira \ud83d\udc3a|def|1\n|turn|11\n|\n|t:|1700112847\n|move|p1a: Shakira \ud83d\udc3a|Iron Defense|p1a: Shakira \ud83d\udc3a\n|-boost|p1a: Shakira \ud83d\udc3a|def|2\n|move|p2a: Rillaboom|Bulk Up|p2a: Rillaboom\n|-boost|p2a: Rillaboom|atk|1\n|-boost|p2a: Rillaboom|def|1\n|\n|-heal|p2a: Rillaboom|38\/100|[from] item: Leftovers\n|upkeep\n|turn|12\n|\n|t:|1700112856\n|move|p1a: Shakira \ud83d\udc3a|Body Press|p2a: Rillaboom\n|-resisted|p2a: Rillaboom\n|-damage|p2a: Rillaboom|20\/100\n|move|p2a: Rillaboom|Bulk Up|p2a: Rillaboom\n|-boost|p2a: Rillaboom|atk|1\n|-boost|p2a: Rillaboom|def|1\n|\n|-heal|p2a: Rillaboom|26\/100|[from] item: Leftovers\n|upkeep\n|turn|13\n|\n|t:|1700112881\n|move|p1a: Shakira \ud83d\udc3a|Iron Head|p2a: Rillaboom\n|-damage|p2a: Rillaboom|15\/100\n|move|p2a: Rillaboom|Drain Punch|p1a: Shakira \ud83d\udc3a\n|-damage|p1a: Shakira \ud83d\udc3a|74\/100\n|-heal|p2a: Rillaboom|25\/100|[from] drain|[of] p1a: Shakira \ud83d\udc3a\n|\n|-heal|p1a: Shakira \ud83d\udc3a|80\/100|[from] item: Leftovers\n|-heal|p2a: Rillaboom|32\/100|[from] item: Leftovers\n|upkeep\n|turn|14\n|\n|t:|1700112891\n|move|p1a: Shakira \ud83d\udc3a|Iron Head|p2a: Rillaboom\n|-damage|p2a: Rillaboom|21\/100\n|move|p2a: Rillaboom|Bulk Up|p2a: Rillaboom\n|-boost|p2a: Rillaboom|atk|1\n|-boost|p2a: Rillaboom|def|1\n|\n|-heal|p1a: Shakira \ud83d\udc3a|87\/100|[from] item: Leftovers\n|-heal|p2a: Rillaboom|27\/100|[from] item: Leftovers\n|upkeep\n|turn|15\n|\n|t:|1700112901\n|move|p1a: Shakira \ud83d\udc3a|Body Press|p2a: Rillaboom\n|-resisted|p2a: Rillaboom\n|-damage|p2a: Rillaboom|16\/100\n|move|p2a: Rillaboom|Drain Punch|p1a: Shakira \ud83d\udc3a\n|-damage|p1a: Shakira \ud83d\udc3a|54\/100\n|-heal|p2a: Rillaboom|29\/100|[from] drain|[of] p1a: Shakira \ud83d\udc3a\n|\n|-heal|p1a: Shakira \ud83d\udc3a|60\/100|[from] item: Leftovers\n|-heal|p2a: Rillaboom|35\/100|[from] item: Leftovers\n|upkeep\n|turn|16\n|\n|t:|1700112912\n|move|p1a: Shakira \ud83d\udc3a|Iron Defense|p1a: Shakira \ud83d\udc3a\n|-boost|p1a: Shakira \ud83d\udc3a|def|2\n|move|p2a: Rillaboom|Drain Punch|p1a: Shakira \ud83d\udc3a\n|-damage|p1a: Shakira \ud83d\udc3a|39\/100\n|-heal|p2a: Rillaboom|44\/100|[from] drain|[of] p1a: Shakira \ud83d\udc3a\n|\n|-heal|p1a: Shakira \ud83d\udc3a|45\/100|[from] item: Leftovers\n|-heal|p2a: Rillaboom|50\/100|[from] item: Leftovers\n|upkeep\n|turn|17\n|\n|t:|1700112922\n|move|p1a: Shakira \ud83d\udc3a|Body Press|p2a: Rillaboom\n|-resisted|p2a: Rillaboom\n|-damage|p2a: Rillaboom|33\/100\n|move|p2a: Rillaboom|Bulk Up|p2a: Rillaboom\n|-boost|p2a: Rillaboom|atk|1\n|-boost|p2a: Rillaboom|def|1\n|\n|-heal|p1a: Shakira \ud83d\udc3a|51\/100|[from] item: Leftovers\n|-heal|p2a: Rillaboom|39\/100|[from] item: Leftovers\n|upkeep\n|turn|18\n|\n|t:|1700112932\n|move|p1a: Shakira \ud83d\udc3a|Body Press|p2a: Rillaboom\n|-resisted|p2a: Rillaboom\n|-damage|p2a: Rillaboom|24\/100\n|move|p2a: Rillaboom|Drain Punch|p1a: Shakira \ud83d\udc3a\n|-damage|p1a: Shakira \ud83d\udc3a|25\/100\n|-heal|p2a: Rillaboom|34\/100|[from] drain|[of] p1a: Shakira \ud83d\udc3a\n|\n|-heal|p1a: Shakira \ud83d\udc3a|32\/100|[from] item: Leftovers\n|-heal|p2a: Rillaboom|41\/100|[from] item: Leftovers\n|upkeep\n|turn|19\n|\n|t:|1700112943\n|move|p1a: Shakira \ud83d\udc3a|Body Press|p2a: Rillaboom\n|-resisted|p2a: Rillaboom\n|-damage|p2a: Rillaboom|26\/100\n|move|p2a: Rillaboom|Drain Punch|p1a: Shakira \ud83d\udc3a\n|-damage|p1a: Shakira \ud83d\udc3a|6\/100\n|-heal|p2a: Rillaboom|37\/100|[from] drain|[of] p1a: Shakira \ud83d\udc3a\n|\n|-heal|p1a: Shakira \ud83d\udc3a|12\/100|[from] item: Leftovers\n|-heal|p2a: Rillaboom|43\/100|[from] item: Leftovers\n|upkeep\n|turn|20\n|\n|t:|1700112955\n|move|p1a: Shakira \ud83d\udc3a|Body Press|p2a: Rillaboom\n|-resisted|p2a: Rillaboom\n|-damage|p2a: Rillaboom|29\/100\n|move|p2a: Rillaboom|Drain Punch|p1a: Shakira \ud83d\udc3a\n|-damage|p1a: Shakira \ud83d\udc3a|0 fnt\n|-heal|p2a: Rillaboom|34\/100|[from] drain|[of] p1a: Shakira \ud83d\udc3a\n|faint|p1a: Shakira \ud83d\udc3a\n|\n|-heal|p2a: Rillaboom|40\/100|[from] item: Leftovers\n|upkeep\n|\n|t:|1700112967\n|switch|p1a: Ting-Lu|Ting-Lu|100\/100\n|-ability|p1a: Ting-Lu|Vessel of Ruin\n|turn|21\n|\n|t:|1700112972\n|-terastallize|p1a: Ting-Lu|Ghost\n|move|p2a: Rillaboom|Drain Punch|p1a: Ting-Lu\n|-immune|p1a: Ting-Lu\n|move|p1a: Ting-Lu|Whirlwind|p2a: Rillaboom\n|drag|p2a: Slowking|Slowking-Galar, M|100\/100\n|\n|upkeep\n|turn|22\n|inactive|thraxxedout has 120 seconds left.\n|\n|t:|1700113006\n|move|p1a: Ting-Lu|Earthquake|p2a: Slowking\n|-supereffective|p2a: Slowking\n|-damage|p2a: Slowking|22\/100\n|move|p2a: Slowking|Sludge Bomb|p1a: Ting-Lu\n|-resisted|p1a: Ting-Lu\n|-damage|p1a: Ting-Lu|92\/100\n|\n|-heal|p1a: Ting-Lu|98\/100|[from] item: Leftovers\n|upkeep\n|turn|23\n|\n|t:|1700113019\n|switch|p2a: Cinderace|Cinderace, F|100\/100\n|move|p1a: Ting-Lu|Earthquake|p2a: Cinderace\n|-supereffective|p2a: Cinderace\n|-damage|p2a: Cinderace|0 fnt\n|faint|p2a: Cinderace\n|\n|-heal|p1a: Ting-Lu|100\/100|[from] item: Leftovers\n|upkeep\n|\n|t:|1700113032\n|switch|p2a: Ting-Lu|Ting-Lu|95\/100\n|-damage|p2a: Ting-Lu|83\/100|[from] Spikes\n|-ability|p2a: Ting-Lu|Vessel of Ruin\n|turn|24\n|\n|t:|1700113045\n|switch|p1a: Hatterene|Hatterene, F|75\/100\n|move|p2a: Ting-Lu|Ruination|p1a: Hatterene\n|-damage|p1a: Hatterene|38\/100\n|\n|-heal|p2a: Ting-Lu|89\/100|[from] item: Leftovers\n|upkeep\n|turn|25\n|\n|t:|1700113056\n|switch|p2a: Slowking|Slowking-Galar, M|56\/100\n|move|p1a: Hatterene|Healing Wish|p1a: Hatterene\n|faint|p1a: Hatterene\n|\n|upkeep\n|\n|t:|1700113061\n|switch|p1a: Connie \u2696\ufe0f|Kommo-o, M, shiny|68\/100 par\n|-heal|p1a: Connie \u2696\ufe0f|100\/100|[from] move: Healing Wish\n|turn|26\n|\n|t:|1700113080\n|switch|p1a: Ting-Lu|Ting-Lu, tera:Ghost|100\/100\n|-ability|p1a: Ting-Lu|Vessel of Ruin\n|move|p2a: Slowking|Thunder Wave|p1a: Ting-Lu\n|-status|p1a: Ting-Lu|par\n|\n|upkeep\n|turn|27\n|\n|t:|1700113094\n|switch|p2a: Ting-Lu|Ting-Lu|89\/100\n|-damage|p2a: Ting-Lu|77\/100|[from] Spikes\n|-ability|p2a: Ting-Lu|Vessel of Ruin\n|cant|p1a: Ting-Lu|par\n|\n|-heal|p2a: Ting-Lu|83\/100|[from] item: Leftovers\n|upkeep\n|turn|28\n|\n|t:|1700113111\n|move|p2a: Ting-Lu|Ruination|p1a: Ting-Lu\n|-damage|p1a: Ting-Lu|50\/100 par\n|cant|p1a: Ting-Lu|par\n|\n|-heal|p2a: Ting-Lu|89\/100|[from] item: Leftovers\n|-heal|p1a: Ting-Lu|57\/100 par|[from] item: Leftovers\n|upkeep\n|turn|29\n|\n|t:|1700113119\n|move|p2a: Ting-Lu|Ruination|p1a: Ting-Lu\n|-damage|p1a: Ting-Lu|29\/100 par\n|cant|p1a: Ting-Lu|par\n|\n|-heal|p2a: Ting-Lu|95\/100|[from] item: Leftovers\n|-heal|p1a: Ting-Lu|35\/100 par|[from] item: Leftovers\n|upkeep\n|turn|30\n|\n|t:|1700113128\n|move|p2a: Ting-Lu|Earthquake|p1a: Ting-Lu\n|-damage|p1a: Ting-Lu|18\/100 par\n|move|p1a: Ting-Lu|Ruination|p2a: Ting-Lu\n|-damage|p2a: Ting-Lu|48\/100\n|\n|-heal|p2a: Ting-Lu|54\/100|[from] item: Leftovers\n|-heal|p1a: Ting-Lu|24\/100 par|[from] item: Leftovers\n|upkeep\n|turn|31\n|\n|t:|1700113144\n|move|p2a: Ting-Lu|Earthquake|p1a: Ting-Lu\n|-damage|p1a: Ting-Lu|8\/100 par\n|move|p1a: Ting-Lu|Whirlwind|p2a: Ting-Lu\n|drag|p2a: Sneasler|Sneasler, M, shiny|100\/100\n|-damage|p2a: Sneasler|88\/100|[from] Spikes\n|\n|-heal|p1a: Ting-Lu|14\/100 par|[from] item: Leftovers\n|upkeep\n|turn|32\n|\n|t:|1700113158\n|move|p2a: Sneasler|Dire Claw|p1a: Ting-Lu\n|-resisted|p1a: Ting-Lu\n|-damage|p1a: Ting-Lu|3\/100 par\n|move|p1a: Ting-Lu|Earthquake|p2a: Sneasler\n|-supereffective|p2a: Sneasler\n|-crit|p2a: Sneasler\n|-damage|p2a: Sneasler|0 fnt\n|faint|p2a: Sneasler\n|\n|-heal|p1a: Ting-Lu|10\/100 par|[from] item: Leftovers\n|upkeep\n|\n|t:|1700113169\n|switch|p2a: Rillaboom|Rillaboom, F, tera:Poison|40\/100\n|-damage|p2a: Rillaboom|28\/100|[from] Spikes\n|-fieldstart|move: Grassy Terrain|[from] ability: Grassy Surge|[of] p2a: Rillaboom\n|turn|33\n|\n|t:|1700113177\n|move|p2a: Rillaboom|Knock Off|p1a: Ting-Lu\n|-supereffective|p1a: Ting-Lu\n|-damage|p1a: Ting-Lu|0 fnt\n|-enditem|p1a: Ting-Lu|Leftovers|[from] move: Knock Off|[of] p2a: Rillaboom\n|faint|p1a: Ting-Lu\n|\n|-heal|p2a: Rillaboom|34\/100|[from] Grassy Terrain\n|-heal|p2a: Rillaboom|40\/100|[from] item: Leftovers\n|upkeep\n|\n|t:|1700113180\n|switch|p1a: Connie \u2696\ufe0f|Kommo-o, M, shiny|100\/100\n|turn|34\n|\n|t:|1700113207\n|move|p2a: Rillaboom|Grassy Glide|p1a: Connie \u2696\ufe0f\n|-resisted|p1a: Connie \u2696\ufe0f\n|-damage|p1a: Connie \u2696\ufe0f|82\/100\n|move|p1a: Connie \u2696\ufe0f|Clangorous Soul|p1a: Connie \u2696\ufe0f\n|-boost|p1a: Connie \u2696\ufe0f|atk|1\n|-boost|p1a: Connie \u2696\ufe0f|def|1\n|-boost|p1a: Connie \u2696\ufe0f|spa|1\n|-boost|p1a: Connie \u2696\ufe0f|spd|1\n|-boost|p1a: Connie \u2696\ufe0f|spe|1\n|-damage|p1a: Connie \u2696\ufe0f|49\/100\n|\n|-heal|p1a: Connie \u2696\ufe0f|55\/100|[from] Grassy Terrain\n|-heal|p2a: Rillaboom|47\/100|[from] Grassy Terrain\n|-heal|p2a: Rillaboom|53\/100|[from] item: Leftovers\n|upkeep\n|turn|35\n|inactive|Thesmith789 has 120 seconds left.\n|\n|t:|1700113231\n|switch|p2a: Ting-Lu|Ting-Lu|54\/100\n|-damage|p2a: Ting-Lu|42\/100|[from] Spikes\n|-ability|p2a: Ting-Lu|Vessel of Ruin\n|move|p1a: Connie \u2696\ufe0f|Flamethrower|p2a: Ting-Lu\n|-damage|p2a: Ting-Lu|19\/100\n|\n|-heal|p1a: Connie \u2696\ufe0f|62\/100|[from] Grassy Terrain\n|-heal|p2a: Ting-Lu|25\/100|[from] Grassy Terrain\n|-heal|p2a: Ting-Lu|32\/100|[from] item: Leftovers\n|upkeep\n|turn|36\n|inactive|Thesmith789 has 120 seconds left.\n|\n|t:|1700113246\n|move|p1a: Connie \u2696\ufe0f|Clanging Scales|p2a: Ting-Lu\n|-damage|p2a: Ting-Lu|0 fnt\n|faint|p2a: Ting-Lu\n|-unboost|p1a: Connie \u2696\ufe0f|def|1\n|\n|-heal|p1a: Connie \u2696\ufe0f|68\/100|[from] Grassy Terrain\n|upkeep\n|\n|t:|1700113254\n|switch|p2a: Slowking|Slowking-Galar, M|89\/100\n|turn|37\n|inactive|Thesmith789 has 120 seconds left.\n|\n|t:|1700113267\n|move|p1a: Connie \u2696\ufe0f|Clanging Scales|p2a: Slowking\n|-damage|p2a: Slowking|47\/100\n|-unboost|p1a: Connie \u2696\ufe0f|def|1\n|move|p2a: Slowking|Future Sight|p1a: Connie \u2696\ufe0f\n|-start|p2a: Slowking|move: Future Sight\n|\n|-heal|p1a: Connie \u2696\ufe0f|74\/100|[from] Grassy Terrain\n|-heal|p2a: Slowking|53\/100|[from] Grassy Terrain\n|-fieldend|move: Grassy Terrain\n|upkeep\n|turn|38\n|inactive|Thesmith789 has 120 seconds left.\n|\n|t:|1700113283\n|move|p1a: Connie \u2696\ufe0f|Clangorous Soul|p1a: Connie \u2696\ufe0f\n|-boost|p1a: Connie \u2696\ufe0f|atk|1\n|-boost|p1a: Connie \u2696\ufe0f|def|1\n|-boost|p1a: Connie \u2696\ufe0f|spa|1\n|-boost|p1a: Connie \u2696\ufe0f|spd|1\n|-boost|p1a: Connie \u2696\ufe0f|spe|1\n|-damage|p1a: Connie \u2696\ufe0f|41\/100\n|move|p2a: Slowking|Sludge Bomb|p1a: Connie \u2696\ufe0f\n|-immune|p1a: Connie \u2696\ufe0f|[from] ability: Bulletproof\n|\n|upkeep\n|turn|39\n|\n|t:|1700113295\n|move|p1a: Connie \u2696\ufe0f|Clanging Scales|p2a: Slowking\n|-damage|p2a: Slowking|0 fnt\n|faint|p2a: Slowking\n|-unboost|p1a: Connie \u2696\ufe0f|def|1\n|\n|-end|p1a: Connie \u2696\ufe0f|move: Future Sight\n|-supereffective|p1a: Connie \u2696\ufe0f\n|-damage|p1a: Connie \u2696\ufe0f|0 fnt\n|faint|p1a: Connie \u2696\ufe0f\n|\n|win|Thesmith789\n|upkeep\n|raw|thraxxedout's rating: 1435 &rarr; <strong>1417<\/strong><br \/>(-18 for losing)\n|raw|Thesmith789's rating: 1463 &rarr; <strong>1481<\/strong><br \/>(+18 for winning)\n|l|\u2606Thesmith789\n","uploadtime":1700113658,"views":16,"p1id":"thraxxedout","p2id":"thesmith789","formatid":"gen9ou","rating":1417,"private":0,"password":""}