{"id":"gen9ou-1995457647","p1":"sorryforbeingfat","p2":"bandit 7428","format":"[Gen 9] OU","log":"|j|\u2606sorryforbeingfat\n|j|\u2606bandit 7428\n|t:|1700573039\n|gametype|singles\n|player|p1|sorryforbeingfat|raifort|1184\n|player|p2|bandit 7428|265|1227\n|teamsize|p1|6\n|teamsize|p2|6\n|gen|9\n|tier|[Gen 9] OU\n|rated|\n|rule|Sleep Clause Mod: Limit one foe put to sleep\n|rule|Species Clause: Limit one of each Pok\u00e9mon\n|rule|OHKO Clause: OHKO moves are banned\n|rule|Evasion Items Clause: Evasion items are banned\n|rule|Evasion Moves Clause: Evasion moves are banned\n|rule|Endless Battle Clause: Forcing endless battles is banned\n|rule|HP Percentage Mod: HP is shown in percentages\n|clearpoke\n|poke|p1|Mandibuzz, F|\n|poke|p1|Skeledirge, M|\n|poke|p1|Amoonguss, F|\n|poke|p1|Alomomola, M|\n|poke|p1|Clefable, F|\n|poke|p1|Ursaluna, M|\n|poke|p2|Great Tusk|\n|poke|p2|Clodsire, F|\n|poke|p2|Corviknight, F|\n|poke|p2|Zamazenta-*|\n|poke|p2|Dragapult, F|\n|poke|p2|Zapdos|\n|teampreview\n|inactive|Battle timer is ON: inactive players will automatically lose when time's up. (requested by sorryforbeingfat)\n|\n|t:|1700573051\n|start\n|switch|p1a: Vulture|Mandibuzz, F, shiny|100\/100\n|switch|p2a: Great Tusk|Great Tusk|100\/100\n|turn|1\n|\n|t:|1700573064\n|move|p2a: Great Tusk|Stealth Rock|p1a: Vulture\n|-sidestart|p1: sorryforbeingfat|move: Stealth Rock\n|move|p1a: Vulture|Toxic|p2a: Great Tusk\n|-status|p2a: Great Tusk|tox\n|\n|-damage|p2a: Great Tusk|94\/100 tox|[from] psn\n|upkeep\n|turn|2\n|inactive|sorryforbeingfat has 120 seconds left.\n|\n|t:|1700573095\n|move|p2a: Great Tusk|Knock Off|p1a: Vulture\n|-resisted|p1a: Vulture\n|-damage|p1a: Vulture|90\/100\n|-enditem|p1a: Vulture|Heavy-Duty Boots|[from] move: Knock Off|[of] p2a: Great Tusk\n|move|p1a: Vulture|Iron Defense|p1a: Vulture\n|-boost|p1a: Vulture|def|2\n|\n|-heal|p2a: Great Tusk|100\/100 tox|[from] item: Leftovers\n|-damage|p2a: Great Tusk|88\/100 tox|[from] psn\n|upkeep\n|turn|3\n|\n|t:|1700573115\n|-end|p2a: Great Tusk|Protosynthesis|[silent]\n|switch|p2a: Zapdos|Zapdos|100\/100\n|move|p1a: Vulture|Iron Defense|p1a: Vulture\n|-boost|p1a: Vulture|def|2\n|\n|upkeep\n|turn|4\n|\n|t:|1700573123\n|switch|p1a: Ursa Major|Ursaluna, M, shiny|100\/100\n|-damage|p1a: Ursa Major|94\/100|[from] Stealth Rock\n|move|p2a: Zapdos|Thunderbolt|p1a: Ursa Major\n|-immune|p1a: Ursa Major\n|\n|-status|p1a: Ursa Major|brn|[from] item: Flame Orb\n|upkeep\n|turn|5\n|\n|t:|1700573130\n|move|p2a: Zapdos|Hurricane|p1a: Ursa Major|[miss]\n|-miss|p2a: Zapdos|p1a: Ursa Major\n|move|p1a: Ursa Major|Facade|p2a: Zapdos\n|-damage|p2a: Zapdos|0 fnt\n|faint|p2a: Zapdos\n|\n|-damage|p1a: Ursa Major|88\/100 brn|[from] brn\n|upkeep\n|\n|t:|1700573152\n|switch|p2a: Zamazenta|Zamazenta|100\/100\n|-ability|p2a: Zamazenta|Dauntless Shield|boost\n|-boost|p2a: Zamazenta|def|1\n|turn|6\n|\n|t:|1700573173\n|switch|p1a: Enrique|Skeledirge, M|100\/100\n|move|p2a: Zamazenta|Iron Defense|p2a: Zamazenta\n|-boost|p2a: Zamazenta|def|2\n|\n|upkeep\n|turn|7\n|\n|t:|1700573181\n|move|p2a: Zamazenta|Crunch|p1a: Enrique\n|-supereffective|p1a: Enrique\n|-damage|p1a: Enrique|63\/100\n|move|p1a: Enrique|Will-O-Wisp|p2a: Zamazenta\n|-status|p2a: Zamazenta|brn\n|\n|-damage|p2a: Zamazenta|94\/100 brn|[from] brn\n|upkeep\n|turn|8\n|\n|t:|1700573189\n|move|p2a: Zamazenta|Crunch|p1a: Enrique\n|-supereffective|p1a: Enrique\n|-damage|p1a: Enrique|46\/100\n|move|p1a: Enrique|Slack Off|p1a: Enrique\n|-heal|p1a: Enrique|96\/100\n|\n|-heal|p2a: Zamazenta|100\/100 brn|[from] item: Leftovers\n|-damage|p2a: Zamazenta|94\/100 brn|[from] brn\n|upkeep\n|turn|9\n|\n|t:|1700573205\n|switch|p1a: Shh\u2026|Amoonguss, F|100\/100\n|move|p2a: Zamazenta|Iron Defense|p2a: Zamazenta\n|-boost|p2a: Zamazenta|def|2\n|\n|-heal|p2a: Zamazenta|100\/100 brn|[from] item: Leftovers\n|-damage|p2a: Zamazenta|94\/100 brn|[from] brn\n|upkeep\n|turn|10\n|\n|t:|1700573215\n|move|p2a: Zamazenta|Substitute|p2a: Zamazenta\n|-start|p2a: Zamazenta|Substitute\n|-damage|p2a: Zamazenta|70\/100 brn\n|move|p1a: Shh\u2026|Clear Smog|p2a: Zamazenta\n|-activate|p2a: Zamazenta|move: Substitute|[damage]\n|\n|-heal|p2a: Zamazenta|76\/100 brn|[from] item: Leftovers\n|-damage|p2a: Zamazenta|70\/100 brn|[from] brn\n|upkeep\n|turn|11\n|\n|t:|1700573228\n|switch|p1a: Enrique|Skeledirge, M|96\/100\n|move|p2a: Zamazenta|Body Press|p1a: Enrique\n|-immune|p1a: Enrique\n|\n|-heal|p2a: Zamazenta|76\/100 brn|[from] item: Leftovers\n|-damage|p2a: Zamazenta|70\/100 brn|[from] brn\n|upkeep\n|turn|12\n|inactive|sorryforbeingfat has 120 seconds left.\n|\n|t:|1700573260\n|move|p2a: Zamazenta|Crunch|p1a: Enrique\n|-supereffective|p1a: Enrique\n|-damage|p1a: Enrique|78\/100\n|move|p1a: Enrique|Torch Song|p2a: Zamazenta\n|-damage|p2a: Zamazenta|45\/100 brn\n|-boost|p1a: Enrique|spa|1\n|\n|-heal|p2a: Zamazenta|51\/100 brn|[from] item: Leftovers\n|-damage|p2a: Zamazenta|45\/100 brn|[from] brn\n|upkeep\n|turn|13\n|\n|t:|1700573285\n|switch|p2a: Dragapult|Dragapult, F|100\/100\n|move|p1a: Enrique|Torch Song|p2a: Dragapult\n|-resisted|p2a: Dragapult\n|-damage|p2a: Dragapult|68\/100\n|-boost|p1a: Enrique|spa|1\n|\n|upkeep\n|turn|14\n|c|\u2606sorryforbeingfat|Erm\n|c|\u2606sorryforbeingfat|Awkweird!\n|inactive|sorryforbeingfat has 120 seconds left.\n|\n|t:|1700573302\n|switch|p1a: Ursa Major|Ursaluna, M, shiny|88\/100 brn\n|-damage|p1a: Ursa Major|82\/100 brn|[from] Stealth Rock\n|move|p2a: Dragapult|Shadow Ball|p1a: Ursa Major\n|-immune|p1a: Ursa Major\n|\n|-damage|p1a: Ursa Major|76\/100 brn|[from] brn\n|upkeep\n|turn|15\n|inactive|sorryforbeingfat has 120 seconds left.\n|\n|t:|1700573312\n|switch|p2a: Clodsire|Clodsire, F|100\/100\n|move|p1a: Ursa Major|Fire Punch|p2a: Clodsire\n|-damage|p2a: Clodsire|60\/100\n|\n|-damage|p1a: Ursa Major|70\/100 brn|[from] brn\n|upkeep\n|turn|16\n|\n|t:|1700573326\n|move|p1a: Ursa Major|Earthquake|p2a: Clodsire\n|-supereffective|p2a: Clodsire\n|-damage|p2a: Clodsire|0 fnt\n|faint|p2a: Clodsire\n|\n|-damage|p1a: Ursa Major|64\/100 brn|[from] brn\n|upkeep\n|-message|bandit 7428 forfeited.\n|\n|win|sorryforbeingfat\n|raw|sorryforbeingfat's rating: 1184 &rarr; <strong>1212<\/strong><br \/>(+28 for winning)\n|raw|bandit 7428's rating: 1227 &rarr; <strong>1199<\/strong><br \/>(-28 for losing)\n|l|\u2606bandit 7428\n","uploadtime":1700573334,"views":22,"p1id":"sorryforbeingfat","p2id":"bandit7428","formatid":"gen9ou","rating":1199,"private":0,"password":""}