{"id":"gen9ou-1990847035","p1":"MooMooPookie","p2":"real doo blaster","format":"[Gen 9] OU","log":"|j|\u2606MooMooPookie\n|j|\u2606real doo blaster\n|t:|1700007084\n|gametype|singles\n|player|p1|MooMooPookie|misty|1458\n|player|p2|real doo blaster|fisherman|1413\n|teamsize|p1|6\n|teamsize|p2|6\n|gen|9\n|tier|[Gen 9] OU\n|rated|\n|rule|Sleep Clause Mod: Limit one foe put to sleep\n|rule|Species Clause: Limit one of each Pok\u00e9mon\n|rule|OHKO Clause: OHKO moves are banned\n|rule|Evasion Items Clause: Evasion items are banned\n|rule|Evasion Moves Clause: Evasion moves are banned\n|rule|Endless Battle Clause: Forcing endless battles is banned\n|rule|HP Percentage Mod: HP is shown in percentages\n|clearpoke\n|poke|p1|Slowking-Galar, F|\n|poke|p1|Iron Moth|\n|poke|p1|Corviknight, F|\n|poke|p1|Dondozo, F|\n|poke|p1|Meowscarada, F|\n|poke|p1|Thundurus-Therian, M|\n|poke|p2|Regidrago|\n|poke|p2|Kingambit, M|\n|poke|p2|Slowbro-Galar, M|\n|poke|p2|Corviknight, M|\n|poke|p2|Goodra-Hisui, F|\n|poke|p2|Samurott-Hisui, M|\n|teampreview\n|\n|t:|1700007094\n|start\n|switch|p1a: Thundurus|Thundurus-Therian, M|100\/100\n|switch|p2a: doo blaster|Regidrago|100\/100\n|turn|1\n|\n|t:|1700007100\n|move|p1a: Thundurus|Volt Switch|p2a: doo blaster\n|-resisted|p2a: doo blaster\n|-damage|p2a: doo blaster|81\/100\n|\n|t:|1700007104\n|switch|p1a: Dondozo|Dondozo, F|100\/100|[from] Volt Switch\n|move|p2a: doo blaster|Dragon Energy|p1a: Dondozo\n|-damage|p1a: Dondozo|18\/100\n|\n|-heal|p1a: Dondozo|24\/100|[from] item: Leftovers\n|upkeep\n|turn|2\n|\n|t:|1700007113\n|switch|p1a: Slowking|Slowking-Galar, F|100\/100\n|move|p2a: doo blaster|Dragon Energy|p1a: Slowking\n|-damage|p1a: Slowking|52\/100\n|\n|-heal|p1a: Slowking|58\/100|[from] item: Black Sludge\n|upkeep\n|turn|3\n|\n|t:|1700007120\n|move|p2a: doo blaster|Dragon Energy|p1a: Slowking\n|-damage|p1a: Slowking|9\/100\n|move|p1a: Slowking|Toxic|p2a: doo blaster\n|-status|p2a: doo blaster|tox\n|\n|-heal|p1a: Slowking|15\/100|[from] item: Black Sludge\n|-damage|p2a: doo blaster|75\/100 tox|[from] psn\n|upkeep\n|turn|4\n|\n|t:|1700007129\n|switch|p1a: Corviknight|Corviknight, F, shiny|100\/100\n|-ability|p1a: Corviknight|Pressure\n|move|p2a: doo blaster|Dragon Energy|p1a: Corviknight\n|-resisted|p1a: Corviknight\n|-damage|p1a: Corviknight|60\/100\n|\n|-heal|p1a: Corviknight|66\/100|[from] item: Leftovers\n|-damage|p2a: doo blaster|63\/100 tox|[from] psn\n|upkeep\n|turn|5\n|\n|t:|1700007144\n|switch|p2a: Pikmin 2|Slowbro-Galar, M|100\/100\n|move|p1a: Corviknight|U-turn|p2a: Pikmin 2\n|-damage|p2a: Pikmin 2|87\/100\n|\n|t:|1700007151\n|switch|p1a: Slowking|Slowking-Galar, F|48\/100|[from] U-turn\n|\n|-heal|p1a: Slowking|55\/100|[from] item: Black Sludge\n|upkeep\n|turn|6\n|\n|t:|1700007158\n|move|p2a: Pikmin 2|Nasty Plot|p2a: Pikmin 2\n|-boost|p2a: Pikmin 2|spa|2\n|move|p1a: Slowking|Future Sight|p2a: Pikmin 2\n|-start|p1a: Slowking|move: Future Sight\n|\n|-heal|p1a: Slowking|61\/100|[from] item: Black Sludge\n|upkeep\n|turn|7\n|-activate|p2a: Pikmin 2|item: Quick Claw\n|\n|t:|1700007167\n|switch|p1a: Meowscarada|Meowscarada, F|100\/100\n|move|p2a: Pikmin 2|Psyshock|p1a: Meowscarada\n|-immune|p1a: Meowscarada\n|\n|upkeep\n|turn|8\n|\n|t:|1700007175\n|move|p1a: Meowscarada|Knock Off|p2a: Pikmin 2\n|-start|p1a: Meowscarada|typechange|Dark|[from] ability: Protean\n|-supereffective|p2a: Pikmin 2\n|-damage|p2a: Pikmin 2|0 fnt\n|-enditem|p2a: Pikmin 2|Quick Claw|[from] move: Knock Off|[of] p1a: Meowscarada\n|faint|p2a: Pikmin 2\n|\n|-hint|Future Sight did not hit because the target is fainted.\n|upkeep\n|\n|t:|1700007195\n|switch|p2a: Lord Garmadon|Samurott-Hisui, M|100\/100\n|turn|9\n|\n|t:|1700007199\n|switch|p1a: Corviknight|Corviknight, F, shiny|66\/100\n|-ability|p1a: Corviknight|Pressure\n|move|p2a: Lord Garmadon|Sacred Sword|p1a: Corviknight\n|-damage|p1a: Corviknight|29\/100\n|\n|-heal|p1a: Corviknight|35\/100|[from] item: Leftovers\n|upkeep\n|turn|10\n|\n|t:|1700007208\n|switch|p2a: doo blaster|Regidrago|63\/100 tox\n|move|p1a: Corviknight|Protect||[still]\n|-fail|p1a: Corviknight\n|\n|-heal|p1a: Corviknight|41\/100|[from] item: Leftovers\n|-damage|p2a: doo blaster|56\/100 tox|[from] psn\n|upkeep\n|turn|11\n|\n|t:|1700007216\n|move|p1a: Corviknight|Protect|p1a: Corviknight\n|-singleturn|p1a: Corviknight|Protect\n|move|p2a: doo blaster|Dragon Pulse|p1a: Corviknight\n|-activate|p1a: Corviknight|move: Protect\n|\n|-heal|p1a: Corviknight|47\/100|[from] item: Leftovers\n|-damage|p2a: doo blaster|44\/100 tox|[from] psn\n|upkeep\n|turn|12\n|\n|t:|1700007224\n|move|p2a: doo blaster|Dragon Pulse|p1a: Corviknight\n|-resisted|p1a: Corviknight\n|-damage|p1a: Corviknight|18\/100\n|move|p1a: Corviknight|Roost|p1a: Corviknight\n|-heal|p1a: Corviknight|68\/100\n|-singleturn|p1a: Corviknight|move: Roost\n|\n|-heal|p1a: Corviknight|74\/100|[from] item: Leftovers\n|-damage|p2a: doo blaster|26\/100 tox|[from] psn\n|upkeep\n|turn|13\n|\n|t:|1700007234\n|move|p2a: doo blaster|Dragon Pulse|p1a: Corviknight\n|-resisted|p1a: Corviknight\n|-damage|p1a: Corviknight|42\/100\n|move|p1a: Corviknight|U-turn|p2a: doo blaster\n|-damage|p2a: doo blaster|12\/100 tox\n|\n|t:|1700007243\n|switch|p1a: Thundurus|Thundurus-Therian, M|100\/100|[from] U-turn\n|\n|-damage|p2a: doo blaster|0 fnt|[from] psn\n|faint|p2a: doo blaster\n|upkeep\n|\n|t:|1700007252\n|switch|p2a: goondra|Goodra-Hisui, F|100\/100\n|turn|14\n|\n|t:|1700007255\n|move|p1a: Thundurus|Volt Switch|p2a: goondra\n|-resisted|p2a: goondra\n|-damage|p2a: goondra|86\/100\n|\n|t:|1700007260\n|switch|p1a: Slowking|Slowking-Galar, F|94\/100|[from] Volt Switch\n|move|p2a: goondra|Draco Meteor|p1a: Slowking\n|-damage|p1a: Slowking|65\/100\n|-unboost|p2a: goondra|spa|2\n|\n|-heal|p1a: Slowking|71\/100|[from] item: Black Sludge\n|upkeep\n|turn|15\n|\n|t:|1700007269\n|switch|p2a: Lord Garmadon|Samurott-Hisui, M|100\/100\n|move|p1a: Slowking|Trick|p2a: Lord Garmadon\n|-activate|p1a: Slowking|move: Trick|[of] p2a: Lord Garmadon\n|-item|p2a: Lord Garmadon|Black Sludge|[from] move: Trick\n|-item|p1a: Slowking|Choice Band|[from] move: Trick\n|\n|-damage|p2a: Lord Garmadon|88\/100|[from] item: Black Sludge\n|upkeep\n|turn|16\n|\n|t:|1700007280\n|switch|p1a: Corviknight|Corviknight, F, shiny|42\/100\n|-ability|p1a: Corviknight|Pressure\n|-terastallize|p2a: Lord Garmadon|Poison\n|move|p2a: Lord Garmadon|Ceaseless Edge|p1a: Corviknight\n|-damage|p1a: Corviknight|12\/100\n|-sidestart|p1: MooMooPookie|Spikes\n|\n|-heal|p2a: Lord Garmadon|94\/100|[from] item: Black Sludge\n|-heal|p1a: Corviknight|18\/100|[from] item: Leftovers\n|upkeep\n|turn|17\n|\n|t:|1700007291\n|move|p1a: Corviknight|Protect|p1a: Corviknight\n|-singleturn|p1a: Corviknight|Protect\n|move|p2a: Lord Garmadon|Ceaseless Edge|p1a: Corviknight\n|-activate|p1a: Corviknight|move: Protect\n|\n|-heal|p2a: Lord Garmadon|100\/100|[from] item: Black Sludge\n|-heal|p1a: Corviknight|25\/100|[from] item: Leftovers\n|upkeep\n|turn|18\n|\n|t:|1700007307\n|switch|p1a: Meowscarada|Meowscarada, F|100\/100\n|-damage|p1a: Meowscarada|88\/100|[from] Spikes\n|move|p2a: Lord Garmadon|Ceaseless Edge|p1a: Meowscarada|[miss]\n|-miss|p2a: Lord Garmadon|p1a: Meowscarada\n|\n|upkeep\n|turn|19\n|\n|t:|1700007316\n|move|p1a: Meowscarada|U-turn|p2a: Lord Garmadon\n|-start|p1a: Meowscarada|typechange|Bug|[from] ability: Protean\n|-resisted|p2a: Lord Garmadon\n|-damage|p2a: Lord Garmadon|72\/100\n|\n|t:|1700007336\n|switch|p1a: Slowking|Slowking-Galar, F|100\/100|[from] U-turn\n|-damage|p1a: Slowking|88\/100|[from] Spikes\n|move|p2a: Lord Garmadon|Ceaseless Edge|p1a: Slowking\n|-supereffective|p1a: Slowking\n|-damage|p1a: Slowking|0 fnt\n|-sidestart|p1: MooMooPookie|Spikes\n|faint|p1a: Slowking\n|\n|-heal|p2a: Lord Garmadon|78\/100|[from] item: Black Sludge\n|upkeep\n|\n|t:|1700007347\n|switch|p1a: Iron Moth|Iron Moth|100\/100\n|-damage|p1a: Iron Moth|84\/100|[from] Spikes\n|turn|20\n|\n|t:|1700007356\n|move|p1a: Iron Moth|Overheat|p2a: Lord Garmadon\n|-damage|p2a: Lord Garmadon|0 fnt\n|-unboost|p1a: Iron Moth|spa|2\n|faint|p2a: Lord Garmadon\n|\n|upkeep\n|\n|t:|1700007374\n|switch|p2a: goondra|Goodra-Hisui, F|86\/100\n|turn|21\n|\n|t:|1700007388\n|-end|p1a: Iron Moth|Quark Drive|[silent]\n|switch|p1a: Meowscarada|Meowscarada, F|88\/100\n|-damage|p1a: Meowscarada|72\/100|[from] Spikes\n|switch|p2a: TRUE TRUE|Kingambit, M|100\/100\n|-activate|p2a: TRUE TRUE|ability: Supreme Overlord\n|-start|p2a: TRUE TRUE|fallen3|[silent]\n|\n|upkeep\n|turn|22\n|\n|t:|1700007398\n|move|p1a: Meowscarada|U-turn|p2a: TRUE TRUE\n|-start|p1a: Meowscarada|typechange|Bug|[from] ability: Protean\n|-damage|p2a: TRUE TRUE|68\/100\n|\n|t:|1700007405\n|switch|p1a: Thundurus|Thundurus-Therian, M|100\/100|[from] U-turn\n|move|p2a: TRUE TRUE|Swords Dance|p2a: TRUE TRUE\n|-boost|p2a: TRUE TRUE|atk|2\n|\n|upkeep\n|turn|23\n|\n|t:|1700007412\n|move|p2a: TRUE TRUE|Sucker Punch|p1a: Thundurus\n|-damage|p1a: Thundurus|0 fnt\n|faint|p1a: Thundurus\n|\n|upkeep\n|\n|t:|1700007417\n|switch|p1a: Iron Moth|Iron Moth|84\/100\n|-damage|p1a: Iron Moth|67\/100|[from] Spikes\n|turn|24\n|\n|t:|1700007422\n|-terastallize|p1a: Iron Moth|Fire\n|move|p2a: TRUE TRUE|Sucker Punch|p1a: Iron Moth\n|-damage|p1a: Iron Moth|0 fnt\n|faint|p1a: Iron Moth\n|-end|p1a: Iron Moth|Quark Drive|[silent]\n|\n|upkeep\n|-message|MooMooPookie forfeited.\n|\n|win|real doo blaster\n|raw|MooMooPookie's rating: 1458 &rarr; <strong>1435<\/strong><br \/>(-23 for losing)\n|raw|real doo blaster's rating: 1413 &rarr; <strong>1436<\/strong><br \/>(+23 for winning)\n|l|\u2606MooMooPookie\n","uploadtime":1700007431,"views":26,"p1id":"moomoopookie","p2id":"realdooblaster","formatid":"gen9ou","rating":1435,"private":0,"password":""}