{"id":"gen9ou-2000586987","p1":"Elmendez","p2":"vmingay","format":"[Gen 9] OU","log":"|j|\u2606Elmendez\n|j|\u2606vmingay\n|t:|1701207903\n|gametype|singles\n|player|p1|Elmendez|266|1587\n|player|p2|vmingay|elesa-masters2|1627\n|teamsize|p1|6\n|teamsize|p2|6\n|gen|9\n|tier|[Gen 9] OU\n|rated|\n|rule|Sleep Clause Mod: Limit one foe put to sleep\n|rule|Species Clause: Limit one of each Pok\u00e9mon\n|rule|OHKO Clause: OHKO moves are banned\n|rule|Evasion Items Clause: Evasion items are banned\n|rule|Evasion Moves Clause: Evasion moves are banned\n|rule|Endless Battle Clause: Forcing endless battles is banned\n|rule|HP Percentage Mod: HP is shown in percentages\n|clearpoke\n|poke|p1|Sinistcha-Masterpiece|\n|poke|p1|Dondozo, M|\n|poke|p1|Blissey, F|\n|poke|p1|Toxapex, M|\n|poke|p1|Ting-Lu|\n|poke|p1|Clefable, M|\n|poke|p2|Dragapult, F|\n|poke|p2|Iron Valiant|\n|poke|p2|Rillaboom, M|\n|poke|p2|Hawlucha, F|\n|poke|p2|Great Tusk|\n|poke|p2|Walking Wake|\n|teampreview\n|inactive|Battle timer is ON: inactive players will automatically lose when time's up. (requested by Elmendez)\n|\n|t:|1701207918\n|start\n|switch|p1a: Ting-Lu|Ting-Lu|100\/100\n|switch|p2a: Rillaboom|Rillaboom, M|100\/100\n|-fieldstart|move: Grassy Terrain|[from] ability: Grassy Surge|[of] p2a: Rillaboom\n|-ability|p1a: Ting-Lu|Vessel of Ruin\n|turn|1\n|\n|t:|1701207927\n|-terastallize|p2a: Rillaboom|Grass\n|move|p1a: Ting-Lu|Protect|p1a: Ting-Lu\n|-singleturn|p1a: Ting-Lu|Protect\n|move|p2a: Rillaboom|Wood Hammer|p1a: Ting-Lu\n|-activate|p1a: Ting-Lu|move: Protect\n|\n|upkeep\n|turn|2\n|\n|t:|1701207942\n|switch|p1a: Sinistcha|Sinistcha-Masterpiece|100\/100\n|move|p2a: Rillaboom|Wood Hammer|p1a: Sinistcha\n|-resisted|p1a: Sinistcha\n|-damage|p1a: Sinistcha|35\/100\n|-damage|p2a: Rillaboom|80\/100|[from] Recoil\n|\n|-heal|p2a: Rillaboom|86\/100|[from] Grassy Terrain\n|-heal|p1a: Sinistcha|41\/100|[from] Grassy Terrain\n|upkeep\n|turn|3\n|\n|t:|1701207958\n|move|p2a: Rillaboom|Wood Hammer|p1a: Sinistcha\n|-resisted|p1a: Sinistcha\n|-damage|p1a: Sinistcha|0 fnt\n|faint|p1a: Sinistcha\n|-damage|p2a: Rillaboom|74\/100|[from] Recoil\n|\n|-heal|p2a: Rillaboom|80\/100|[from] Grassy Terrain\n|upkeep\n|\n|t:|1701207960\n|switch|p1a: Toxapex|Toxapex, M|100\/100\n|turn|4\n|\n|t:|1701207975\n|switch|p2a: Iron Valiant|Iron Valiant|100\/100\n|-enditem|p2a: Iron Valiant|Booster Energy\n|-activate|p2a: Iron Valiant|ability: Quark Drive|[fromitem]\n|-start|p2a: Iron Valiant|quarkdrivespe\n|-terastallize|p1a: Toxapex|Steel\n|move|p1a: Toxapex|Baneful Bunker||[still]\n|-fail|p1a: Toxapex\n|\n|upkeep\n|turn|5\n|\n|t:|1701207982\n|move|p2a: Iron Valiant|Thunderbolt|p1a: Toxapex\n|-damage|p1a: Toxapex|81\/100\n|move|p1a: Toxapex|Toxic|p2a: Iron Valiant\n|-status|p2a: Iron Valiant|tox\n|\n|-heal|p1a: Toxapex|87\/100|[from] Grassy Terrain\n|-damage|p2a: Iron Valiant|94\/100 tox|[from] psn\n|-fieldend|move: Grassy Terrain\n|upkeep\n|turn|6\n|\n|t:|1701207990\n|-end|p2a: Iron Valiant|Quark Drive|[silent]\n|switch|p2a: Great Tusk|Great Tusk|100\/100\n|move|p1a: Toxapex|Baneful Bunker||[still]\n|-fail|p1a: Toxapex\n|\n|upkeep\n|turn|7\n|\n|t:|1701207997\n|move|p1a: Toxapex|Baneful Bunker|p1a: Toxapex\n|-singleturn|p1a: Toxapex|move: Protect\n|move|p2a: Great Tusk|Stealth Rock|p1a: Toxapex\n|-sidestart|p1: Elmendez|move: Stealth Rock\n|\n|upkeep\n|turn|8\n|\n|t:|1701208004\n|-end|p2a: Great Tusk|Protosynthesis|[silent]\n|switch|p2a: Rillaboom|Rillaboom, M, tera:Grass|80\/100\n|-fieldstart|move: Grassy Terrain|[from] ability: Grassy Surge|[of] p2a: Rillaboom\n|switch|p1a: Dondozo|Dondozo, M|100\/100\n|\n|-heal|p2a: Rillaboom|86\/100|[from] Grassy Terrain\n|upkeep\n|turn|9\n|\n|t:|1701208013\n|switch|p1a: Toxapex|Toxapex, M, tera:Steel|100\/100\n|move|p2a: Rillaboom|Knock Off|p1a: Toxapex\n|-damage|p1a: Toxapex|56\/100\n|-enditem|p1a: Toxapex|Heavy-Duty Boots|[from] move: Knock Off|[of] p2a: Rillaboom\n|\n|-heal|p2a: Rillaboom|92\/100|[from] Grassy Terrain\n|-heal|p1a: Toxapex|63\/100|[from] Grassy Terrain\n|upkeep\n|turn|10\n|\n|t:|1701208019\n|switch|p2a: Iron Valiant|Iron Valiant|94\/100 tox\n|move|p1a: Toxapex|Recover|p1a: Toxapex\n|-heal|p1a: Toxapex|100\/100\n|\n|-heal|p2a: Iron Valiant|100\/100 tox|[from] Grassy Terrain\n|-damage|p2a: Iron Valiant|94\/100 tox|[from] psn\n|upkeep\n|turn|11\n|inactive|Elmendez has 120 seconds left.\n|\n|t:|1701208057\n|-end|p2a: Iron Valiant|Quark Drive|[silent]\n|switch|p2a: Great Tusk|Great Tusk|100\/100\n|switch|p1a: Clefable|Clefable, M|100\/100\n|\n|upkeep\n|turn|12\n|inactive|Elmendez has 120 seconds left.\n|\n|t:|1701208065\n|move|p1a: Clefable|Protect|p1a: Clefable\n|-singleturn|p1a: Clefable|Protect\n|move|p2a: Great Tusk|Headlong Rush|p1a: Clefable\n|-activate|p1a: Clefable|move: Protect\n|\n|-fieldend|move: Grassy Terrain\n|upkeep\n|turn|13\n|\n|t:|1701208076\n|-end|p2a: Great Tusk|Protosynthesis|[silent]\n|switch|p2a: Rillaboom|Rillaboom, M, tera:Grass|92\/100\n|-fieldstart|move: Grassy Terrain|[from] ability: Grassy Surge|[of] p2a: Rillaboom\n|switch|p1a: Ting-Lu|Ting-Lu|100\/100\n|-damage|p1a: Ting-Lu|94\/100|[from] Stealth Rock\n|-ability|p1a: Ting-Lu|Vessel of Ruin\n|\n|-heal|p2a: Rillaboom|98\/100|[from] Grassy Terrain\n|-heal|p1a: Ting-Lu|100\/100|[from] Grassy Terrain\n|upkeep\n|turn|14\n|inactive|Elmendez has 120 seconds left.\n|\n|t:|1701208101\n|switch|p1a: Toxapex|Toxapex, M, tera:Steel|100\/100\n|-damage|p1a: Toxapex|94\/100|[from] Stealth Rock\n|move|p2a: Rillaboom|Wood Hammer|p1a: Toxapex\n|-resisted|p1a: Toxapex\n|-damage|p1a: Toxapex|21\/100\n|-damage|p2a: Rillaboom|77\/100|[from] Recoil\n|\n|-heal|p2a: Rillaboom|83\/100|[from] Grassy Terrain\n|-heal|p1a: Toxapex|27\/100|[from] Grassy Terrain\n|upkeep\n|turn|15\n|inactive|Elmendez has 120 seconds left.\n|\n|t:|1701208112\n|move|p1a: Toxapex|Baneful Bunker|p1a: Toxapex\n|-singleturn|p1a: Toxapex|move: Protect\n|move|p2a: Rillaboom|Wood Hammer|p1a: Toxapex\n|-activate|p1a: Toxapex|move: Protect\n|-status|p2a: Rillaboom|psn\n|\n|-heal|p2a: Rillaboom|89\/100 psn|[from] Grassy Terrain\n|-heal|p1a: Toxapex|34\/100|[from] Grassy Terrain\n|-damage|p2a: Rillaboom|77\/100 psn|[from] psn\n|upkeep\n|turn|16\n|inactive|Elmendez has 120 seconds left.\n|inactive|Elmendez has 90 seconds left.\n|inactive|Elmendez has 60 seconds left.\n|l|\u2606Elmendez\n|inactive|Elmendez disconnected and has a minute to reconnect!\n|player|p1|\n|inactive|Elmendez has 30 seconds left.\n|inactive|Elmendez has 20 seconds left.\n|inactive|Elmendez has 15 seconds left.\n|inactive|Elmendez has 10 seconds left.\n|inactive|Elmendez has 5 seconds left.\n|-message|Elmendez lost due to inactivity.\n|\n|win|vmingay\n|raw|Elmendez's rating: 1587 &rarr; <strong>1569<\/strong><br \/>(-18 for losing)\n|raw|vmingay's rating: 1627 &rarr; <strong>1645<\/strong><br \/>(+18 for winning)\n","uploadtime":1701208244,"views":6,"p1id":"elmendez","p2id":"vmingay","formatid":"gen9ou","rating":1569,"private":0,"password":""}