{"id":"gen9ou-1990225102","p1":"Xy1n","p2":"grass knot zygarde","format":"[Gen 9] OU","log":"|j|\u2606Xy1n\n|j|\u2606grass knot zygarde\n|t:|1699940191\n|gametype|singles\n|player|p1|Xy1n|marlon|\n|player|p2|grass knot zygarde|dawn|\n|teamsize|p1|6\n|teamsize|p2|6\n|gen|9\n|tier|[Gen 9] OU\n|rule|Sleep Clause Mod: Limit one foe put to sleep\n|rule|Species Clause: Limit one of each Pok\u00e9mon\n|rule|OHKO Clause: OHKO moves are banned\n|rule|Evasion Items Clause: Evasion items are banned\n|rule|Evasion Moves Clause: Evasion moves are banned\n|rule|Endless Battle Clause: Forcing endless battles is banned\n|rule|HP Percentage Mod: HP is shown in percentages\n|clearpoke\n|poke|p1|Gholdengo|\n|poke|p1|Tyranitar, M|\n|poke|p1|Quaquaval, M|\n|poke|p1|Amoonguss, M|\n|poke|p1|Iron Treads|\n|poke|p1|Iron Valiant|\n|poke|p2|Ceruledge, F|\n|poke|p2|Dragonite, M|\n|poke|p2|Iron Valiant|\n|poke|p2|Kingambit, F|\n|poke|p2|Glimmora, M|\n|poke|p2|Ogerpon-Wellspring, F|\n|teampreview\n|inactive|Battle timer is ON: inactive players will automatically lose when time's up. (requested by grass knot zygarde)\n|c|\u2606grass knot zygarde|ohhh..\n|inactive|Xy1n has 270 seconds left.\n|\n|t:|1699940230\n|start\n|switch|p1a: Quaquaval|Quaquaval, M|100\/100\n|switch|p2a: Glimmora|Glimmora, M|100\/100\n|turn|1\n|\n|t:|1699940243\n|switch|p1a: Iron Treads|Iron Treads|100\/100\n|move|p2a: Glimmora|Stealth Rock|p1a: Iron Treads\n|-sidestart|p1: Xy1n|move: Stealth Rock\n|\n|upkeep\n|turn|2\n|\n|t:|1699940247\n|move|p2a: Glimmora|Earth Power|p1a: Iron Treads\n|-supereffective|p1a: Iron Treads\n|-damage|p1a: Iron Treads|32\/100\n|move|p1a: Iron Treads|Rapid Spin|p2a: Glimmora\n|-resisted|p2a: Glimmora\n|-damage|p2a: Glimmora|93\/100\n|-boost|p1a: Iron Treads|spe|1\n|-activate|p2a: Glimmora|ability: Toxic Debris\n|-sidestart|p1: Xy1n|move: Toxic Spikes\n|-sideend|p1: Xy1n|Toxic Spikes|[from] move: Rapid Spin|[of] p1a: Iron Treads\n|-sideend|p1: Xy1n|Stealth Rock|[from] move: Rapid Spin|[of] p1a: Iron Treads\n|\n|-heal|p1a: Iron Treads|38\/100|[from] item: Leftovers\n|upkeep\n|turn|3\n|\n|t:|1699940257\n|move|p1a: Iron Treads|Heavy Slam|p2a: Glimmora\n|-supereffective|p2a: Glimmora\n|-damage|p2a: Glimmora|0 fnt\n|-activate|p2a: Glimmora|ability: Toxic Debris\n|-sidestart|p1: Xy1n|move: Toxic Spikes\n|faint|p2a: Glimmora\n|\n|-heal|p1a: Iron Treads|44\/100|[from] item: Leftovers\n|upkeep\n|\n|t:|1699940261\n|switch|p2a: Ceruledge|Ceruledge, F|100\/100\n|turn|4\n|\n|t:|1699940278\n|move|p1a: Iron Treads|Stealth Rock|p2a: Ceruledge\n|-sidestart|p2: grass knot zygarde|move: Stealth Rock\n|move|p2a: Ceruledge|Swords Dance|p2a: Ceruledge\n|-boost|p2a: Ceruledge|atk|2\n|\n|-heal|p1a: Iron Treads|50\/100|[from] item: Leftovers\n|upkeep\n|turn|5\n|\n|t:|1699940283\n|move|p1a: Iron Treads|Earthquake|p2a: Ceruledge\n|-supereffective|p2a: Ceruledge\n|-enditem|p2a: Ceruledge|Focus Sash\n|-damage|p2a: Ceruledge|1\/100\n|-ability|p2a: Ceruledge|Weak Armor|boost\n|-unboost|p2a: Ceruledge|def|1\n|-boost|p2a: Ceruledge|spe|2\n|move|p2a: Ceruledge|Bitter Blade|p1a: Iron Treads\n|-supereffective|p1a: Iron Treads\n|-damage|p1a: Iron Treads|0 fnt\n|-heal|p2a: Ceruledge|34\/100|[from] drain|[of] p1a: Iron Treads\n|faint|p1a: Iron Treads\n|-end|p1a: Iron Treads|Quark Drive|[silent]\n|\n|upkeep\n|\n|t:|1699940299\n|switch|p1a: Tyranitar|Tyranitar, M|100\/100\n|-status|p1a: Tyranitar|psn\n|-weather|Sandstorm|[from] ability: Sand Stream|[of] p1a: Tyranitar\n|turn|6\n|\n|t:|1699940307\n|move|p2a: Ceruledge|Poltergeist|p1a: Tyranitar\n|-activate|p1a: Tyranitar|move: Poltergeist|Assault Vest\n|-resisted|p1a: Tyranitar\n|-damage|p1a: Tyranitar|55\/100 psn\n|move|p1a: Tyranitar|Crunch|p2a: Ceruledge\n|-supereffective|p2a: Ceruledge\n|-damage|p2a: Ceruledge|0 fnt\n|faint|p2a: Ceruledge\n|\n|-weather|Sandstorm|[upkeep]\n|-damage|p1a: Tyranitar|42\/100 psn|[from] psn\n|upkeep\n|\n|t:|1699940323\n|switch|p2a: Ogerpon|Ogerpon-Wellspring, F|100\/100\n|-damage|p2a: Ogerpon|88\/100|[from] Stealth Rock\n|turn|7\n|\n|t:|1699940329\n|move|p2a: Ogerpon|Ivy Cudgel|p1a: Tyranitar\n|-supereffective|p1a: Tyranitar\n|-damage|p1a: Tyranitar|0 fnt\n|faint|p1a: Tyranitar\n|\n|-weather|Sandstorm|[upkeep]\n|-damage|p2a: Ogerpon|82\/100|[from] Sandstorm\n|upkeep\n|\n|t:|1699940339\n|switch|p1a: Gholdengo|Gholdengo|100\/100\n|turn|8\n|\n|t:|1699940343\n|move|p2a: Ogerpon|Ivy Cudgel|p1a: Gholdengo\n|-crit|p1a: Gholdengo\n|-damage|p1a: Gholdengo|19\/100\n|move|p1a: Gholdengo|Make It Rain|p2a: Ogerpon\n|-resisted|p2a: Ogerpon\n|-damage|p2a: Ogerpon|44\/100\n|-unboost|p1a: Gholdengo|spa|1\n|\n|-weather|Sandstorm|[upkeep]\n|-damage|p2a: Ogerpon|38\/100|[from] Sandstorm\n|-heal|p1a: Gholdengo|25\/100|[from] item: Leftovers\n|upkeep\n|turn|9\n|\n|t:|1699940351\n|move|p2a: Ogerpon|Ivy Cudgel|p1a: Gholdengo\n|-damage|p1a: Gholdengo|0 fnt\n|faint|p1a: Gholdengo\n|\n|-weather|Sandstorm|[upkeep]\n|-damage|p2a: Ogerpon|32\/100|[from] Sandstorm\n|upkeep\n|\n|t:|1699940356\n|switch|p1a: Iron Valiant|Iron Valiant|100\/100\n|-status|p1a: Iron Valiant|psn\n|-enditem|p1a: Iron Valiant|Booster Energy\n|-activate|p1a: Iron Valiant|ability: Quark Drive|[fromitem]\n|-start|p1a: Iron Valiant|quarkdrivespe\n|turn|10\n|\n|t:|1699940362\n|move|p1a: Iron Valiant|Knock Off|p2a: Ogerpon\n|-damage|p2a: Ogerpon|4\/100\n|move|p2a: Ogerpon|Ivy Cudgel|p1a: Iron Valiant\n|-crit|p1a: Iron Valiant\n|-damage|p1a: Iron Valiant|0 fnt\n|faint|p1a: Iron Valiant\n|-end|p1a: Iron Valiant|Quark Drive|[silent]\n|\n|-weather|none\n|upkeep\n|c|\u2606Xy1n|what the fuck\n|c|\u2606grass knot zygarde|lol\n|\n|t:|1699940372\n|switch|p1a: Quaquaval|Quaquaval, M|100\/100\n|-status|p1a: Quaquaval|psn\n|turn|11\n|\n|t:|1699940376\n|move|p2a: Ogerpon|Ivy Cudgel|p1a: Quaquaval\n|-resisted|p1a: Quaquaval\n|-damage|p1a: Quaquaval|69\/100 psn\n|move|p1a: Quaquaval|Close Combat|p2a: Ogerpon\n|-damage|p2a: Ogerpon|0 fnt\n|-unboost|p1a: Quaquaval|def|1\n|-unboost|p1a: Quaquaval|spd|1\n|faint|p2a: Ogerpon\n|-ability|p1a: Quaquaval|Moxie|boost\n|-boost|p1a: Quaquaval|atk|1\n|\n|-damage|p1a: Quaquaval|57\/100 psn|[from] psn\n|upkeep\n|\n|t:|1699940382\n|switch|p2a: Iron Valiant|Iron Valiant|100\/100\n|-damage|p2a: Iron Valiant|94\/100|[from] Stealth Rock\n|-enditem|p2a: Iron Valiant|Booster Energy\n|-activate|p2a: Iron Valiant|ability: Quark Drive|[fromitem]\n|-start|p2a: Iron Valiant|quarkdrivespe\n|turn|12\n|\n|t:|1699940388\n|-terastallize|p1a: Quaquaval|Water\n|move|p2a: Iron Valiant|Moonblast|p1a: Quaquaval\n|-damage|p1a: Quaquaval|0 fnt\n|faint|p1a: Quaquaval\n|\n|upkeep\n|\n|t:|1699940392\n|switch|p1a: Amoonguss|Amoonguss, M|100\/100\n|-sideend|p1: Xy1n|move: Toxic Spikes|[of] p1a: Amoonguss\n|turn|13\n|\n|t:|1699940395\n|move|p2a: Iron Valiant|Destiny Bond|p2a: Iron Valiant\n|-singlemove|p2a: Iron Valiant|Destiny Bond\n|move|p1a: Amoonguss|Toxic|p2a: Iron Valiant\n|-status|p2a: Iron Valiant|tox\n|\n|-damage|p2a: Iron Valiant|88\/100 tox|[from] psn\n|upkeep\n|turn|14\n|\n|t:|1699940402\n|move|p2a: Iron Valiant|Knock Off|p1a: Amoonguss\n|-damage|p1a: Amoonguss|80\/100\n|-enditem|p1a: Amoonguss|Black Sludge|[from] move: Knock Off|[of] p2a: Iron Valiant\n|move|p1a: Amoonguss|Sludge Bomb|p2a: Iron Valiant\n|-supereffective|p2a: Iron Valiant\n|-damage|p2a: Iron Valiant|0 fnt\n|faint|p2a: Iron Valiant\n|-end|p2a: Iron Valiant|Quark Drive|[silent]\n|\n|upkeep\n|c|\u2606Xy1n|gg\n|\n|t:|1699940410\n|switch|p2a: Kingambit|Kingambit, F|100\/100\n|-damage|p2a: Kingambit|94\/100|[from] Stealth Rock\n|-activate|p2a: Kingambit|ability: Supreme Overlord\n|-start|p2a: Kingambit|fallen4|[silent]\n|turn|15\n|c|\u2606Xy1n|kingambit fucks me\n|\n|t:|1699940416\n|move|p2a: Kingambit|Swords Dance|p2a: Kingambit\n|-boost|p2a: Kingambit|atk|2\n|move|p1a: Amoonguss|Giga Drain|p2a: Kingambit\n|-resisted|p2a: Kingambit\n|-damage|p2a: Kingambit|84\/100\n|-heal|p1a: Amoonguss|85\/100|[from] drain|[of] p2a: Kingambit\n|\n|-heal|p2a: Kingambit|90\/100|[from] item: Leftovers\n|upkeep\n|turn|16\n|\n|t:|1699940420\n|move|p2a: Kingambit|Swords Dance|p2a: Kingambit\n|-boost|p2a: Kingambit|atk|2\n|move|p1a: Amoonguss|Synthesis|p1a: Amoonguss\n|-heal|p1a: Amoonguss|100\/100\n|\n|-heal|p2a: Kingambit|96\/100|[from] item: Leftovers\n|upkeep\n|turn|17\n|\n|t:|1699940422\n|move|p2a: Kingambit|Swords Dance|p2a: Kingambit\n|-boost|p2a: Kingambit|atk|2\n|move|p1a: Amoonguss|Synthesis|p1a: Amoonguss\n|-fail|p1a: Amoonguss|heal\n|\n|-heal|p2a: Kingambit|100\/100|[from] item: Leftovers\n|upkeep\n|turn|18\n|\n|t:|1699940426\n|move|p2a: Kingambit|Sucker Punch||[still]\n|-fail|p2a: Kingambit\n|move|p1a: Amoonguss|Synthesis|p1a: Amoonguss\n|-fail|p1a: Amoonguss|heal\n|\n|upkeep\n|turn|19\n|\n|t:|1699940429\n|move|p2a: Kingambit|Sucker Punch||[still]\n|-fail|p2a: Kingambit\n|move|p1a: Amoonguss|Synthesis|p1a: Amoonguss\n|-fail|p1a: Amoonguss|heal\n|\n|upkeep\n|turn|20\n|\n|t:|1699940433\n|move|p2a: Kingambit|Sucker Punch||[still]\n|-fail|p2a: Kingambit\n|move|p1a: Amoonguss|Synthesis|p1a: Amoonguss\n|-fail|p1a: Amoonguss|heal\n|\n|upkeep\n|turn|21\n|c|\u2606grass knot zygarde|stop it stupid xyin\n|\n|t:|1699940443\n|move|p2a: Kingambit|Sucker Punch||[still]\n|-fail|p2a: Kingambit\n|move|p1a: Amoonguss|Synthesis|p1a: Amoonguss\n|-fail|p1a: Amoonguss|heal\n|\n|upkeep\n|turn|22\n|\n|t:|1699940448\n|move|p2a: Kingambit|Sucker Punch||[still]\n|-fail|p2a: Kingambit\n|move|p1a: Amoonguss|Synthesis|p1a: Amoonguss\n|-fail|p1a: Amoonguss|heal\n|\n|upkeep\n|turn|23\n|\n|t:|1699940451\n|move|p2a: Kingambit|Sucker Punch||[still]\n|-fail|p2a: Kingambit\n|move|p1a: Amoonguss|Synthesis|p1a: Amoonguss\n|-fail|p1a: Amoonguss|heal\n|\n|upkeep\n|turn|24\n|\n|t:|1699940453\n|move|p2a: Kingambit|Sucker Punch||[still]\n|-fail|p2a: Kingambit\n|move|p1a: Amoonguss|Toxic|p2a: Kingambit\n|-immune|p2a: Kingambit\n|\n|upkeep\n|turn|25\n|\n|t:|1699940460\n|-terastallize|p2a: Kingambit|Fairy\n|move|p2a: Kingambit|Iron Head|p1a: Amoonguss\n|-damage|p1a: Amoonguss|0 fnt\n|faint|p1a: Amoonguss\n|\n|win|grass knot zygarde\n|c|\u2606Xy1n|gg\n","uploadtime":1699940469,"views":11,"p1id":"xy1n","p2id":"grassknotzygarde","formatid":"gen9ou","rating":0,"private":0,"password":""}