{"id":"gen9ou-1996456337","p1":"Az2qez","p2":"Nyles Morales","format":"[Gen 9] OU","log":"|j|\u2606Az2qez\n|j|\u2606Nyles Morales\n|t:|1700683770\n|gametype|singles\n|player|p1|Az2qez|roughneck|1153\n|player|p2|Nyles Morales|carmine|1168\n|teamsize|p1|6\n|teamsize|p2|6\n|gen|9\n|tier|[Gen 9] OU\n|rated|\n|rule|Sleep Clause Mod: Limit one foe put to sleep\n|rule|Species Clause: Limit one of each Pok\u00e9mon\n|rule|OHKO Clause: OHKO moves are banned\n|rule|Evasion Items Clause: Evasion items are banned\n|rule|Evasion Moves Clause: Evasion moves are banned\n|rule|Endless Battle Clause: Forcing endless battles is banned\n|rule|HP Percentage Mod: HP is shown in percentages\n|clearpoke\n|poke|p1|Glimmora, F|\n|poke|p1|Gholdengo|\n|poke|p1|Ogerpon-Wellspring, F|\n|poke|p1|Kingambit, M|\n|poke|p1|Iron Moth|\n|poke|p1|Enamorus, F|\n|poke|p2|Mimikyu, M|\n|poke|p2|Ribombee, F|\n|poke|p2|Greninja-*, F|\n|poke|p2|Kingambit, M|\n|poke|p2|Dragapult, F|\n|poke|p2|Great Tusk|\n|teampreview\n|inactive|Battle timer is ON: inactive players will automatically lose when time's up. (requested by Nyles Morales)\n|inactive|Az2qez also wants the timer to be on.\n|\n|t:|1700683780\n|start\n|switch|p1a: Glimmora|Glimmora, F|100\/100\n|switch|p2a: Greninja|Greninja, F|100\/100\n|turn|1\n|\n|t:|1700683788\n|move|p2a: Greninja|Water Shuriken|p1a: Glimmora\n|-start|p2a: Greninja|typechange|Water|[from] ability: Protean\n|-supereffective|p1a: Glimmora\n|-damage|p1a: Glimmora|75\/100\n|-supereffective|p1a: Glimmora\n|-damage|p1a: Glimmora|49\/100\n|-supereffective|p1a: Glimmora\n|-damage|p1a: Glimmora|23\/100\n|-supereffective|p1a: Glimmora\n|-damage|p1a: Glimmora|0 fnt\n|faint|p1a: Glimmora\n|-hitcount|p1: Glimmora|4\n|\n|upkeep\n|\n|t:|1700683795\n|switch|p1a: Ogerpon|Ogerpon-Wellspring, F|100\/100\n|turn|2\n|\n|t:|1700683802\n|switch|p2a: Ribombee|Ribombee, F|100\/100\n|move|p1a: Ogerpon|Power Whip|p2a: Ribombee\n|-resisted|p2a: Ribombee\n|-damage|p2a: Ribombee|34\/100\n|\n|upkeep\n|turn|3\n|\n|t:|1700683830\n|move|p2a: Ribombee|Sticky Web|p1a: Ogerpon\n|-sidestart|p1: Az2qez|move: Sticky Web\n|move|p1a: Ogerpon|Swords Dance|p1a: Ogerpon\n|-boost|p1a: Ogerpon|atk|2\n|\n|upkeep\n|turn|4\n|\n|t:|1700683834\n|move|p2a: Ribombee|Moonblast|p1a: Ogerpon\n|-damage|p1a: Ogerpon|53\/100\n|move|p1a: Ogerpon|Ivy Cudgel|p2a: Ribombee|[anim] Ivy Cudgel Water\n|-damage|p2a: Ribombee|0 fnt\n|faint|p2a: Ribombee\n|\n|upkeep\n|\n|t:|1700683836\n|switch|p2a: Greninja|Greninja, F|100\/100\n|turn|5\n|\n|t:|1700683845\n|move|p2a: Greninja|Ice Beam|p1a: Ogerpon\n|-start|p2a: Greninja|typechange|Ice|[from] ability: Protean\n|-damage|p1a: Ogerpon|0 fnt\n|faint|p1a: Ogerpon\n|\n|upkeep\n|\n|t:|1700683851\n|switch|p1a: Iron Moth|Iron Moth|100\/100\n|-activate|p1a: Iron Moth|move: Sticky Web\n|-unboost|p1a: Iron Moth|spe|1\n|-enditem|p1a: Iron Moth|Booster Energy\n|-activate|p1a: Iron Moth|ability: Quark Drive|[fromitem]\n|-start|p1a: Iron Moth|quarkdrivespa\n|turn|6\n|\n|t:|1700683865\n|switch|p2a: Great Tusk|Great Tusk|100\/100\n|move|p1a: Iron Moth|Fiery Dance|p2a: Great Tusk\n|-damage|p2a: Great Tusk|37\/100\n|-boost|p1a: Iron Moth|spa|1\n|\n|upkeep\n|turn|7\n|\n|t:|1700683872\n|move|p1a: Iron Moth|Fiery Dance|p2a: Great Tusk\n|-damage|p2a: Great Tusk|0 fnt\n|faint|p2a: Great Tusk\n|-end|p2a: Great Tusk|Protosynthesis|[silent]\n|\n|upkeep\n|\n|t:|1700683874\n|switch|p2a: Greninja|Greninja, F|100\/100\n|turn|8\n|\n|t:|1700683890\n|move|p2a: Greninja|Water Shuriken|p1a: Iron Moth\n|-start|p2a: Greninja|typechange|Water|[from] ability: Protean\n|-supereffective|p1a: Iron Moth\n|-damage|p1a: Iron Moth|79\/100\n|-supereffective|p1a: Iron Moth\n|-damage|p1a: Iron Moth|58\/100\n|-supereffective|p1a: Iron Moth\n|-damage|p1a: Iron Moth|38\/100\n|-hitcount|p1a: Iron Moth|3\n|move|p1a: Iron Moth|Sludge Wave|p2a: Greninja\n|-damage|p2a: Greninja|0 fnt\n|faint|p2a: Greninja\n|\n|upkeep\n|\n|t:|1700683901\n|switch|p2a: Mimikyu|Mimikyu, M|100\/100\n|turn|9\n|\n|t:|1700683921\n|move|p2a: Mimikyu|Swords Dance|p2a: Mimikyu\n|-boost|p2a: Mimikyu|atk|2\n|move|p1a: Iron Moth|Fiery Dance|p2a: Mimikyu\n|-activate|p2a: Mimikyu|ability: Disguise\n|-damage|p2a: Mimikyu|100\/100\n|-boost|p1a: Iron Moth|spa|1\n|detailschange|p2a: Mimikyu|Mimikyu-Busted, M\n|-damage|p2a: Mimikyu|88\/100|[from] pokemon: Mimikyu-Busted\n|\n|upkeep\n|turn|10\n|\n|t:|1700683933\n|move|p2a: Mimikyu|Shadow Sneak|p1a: Iron Moth\n|-damage|p1a: Iron Moth|0 fnt\n|faint|p1a: Iron Moth\n|-end|p1a: Iron Moth|Quark Drive|[silent]\n|-damage|p2a: Mimikyu|78\/100|[from] item: Life Orb\n|\n|upkeep\n|\n|t:|1700683936\n|switch|p1a: Enamorus|Enamorus, F|100\/100\n|turn|11\n|\n|t:|1700683962\n|-terastallize|p2a: Mimikyu|Ghost\n|move|p2a: Mimikyu|Shadow Sneak|p1a: Enamorus\n|-damage|p1a: Enamorus|5\/100\n|-damage|p2a: Mimikyu|68\/100|[from] item: Life Orb\n|move|p1a: Enamorus|Earth Power|p2a: Mimikyu\n|-damage|p2a: Mimikyu|28\/100\n|\n|upkeep\n|turn|12\n|\n|t:|1700683974\n|switch|p1a: Kingambit|Kingambit, M|100\/100\n|-activate|p1a: Kingambit|move: Sticky Web\n|-unboost|p1a: Kingambit|spe|1\n|-activate|p1a: Kingambit|ability: Supreme Overlord\n|-start|p1a: Kingambit|fallen3|[silent]\n|move|p2a: Mimikyu|Drain Punch|p1a: Kingambit\n|-supereffective|p1a: Kingambit\n|-damage|p1a: Kingambit|0 fnt\n|-heal|p2a: Mimikyu|100\/100|[from] drain|[of] p1a: Kingambit\n|faint|p1a: Kingambit\n|-end|p1a: Kingambit|fallen3|[silent]\n|-damage|p2a: Mimikyu|91\/100|[from] item: Life Orb\n|\n|upkeep\n|\n|t:|1700683980\n|switch|p1a: Enamorus|Enamorus, F|5\/100\n|turn|13\n|\n|t:|1700683983\n|move|p2a: Mimikyu|Shadow Sneak|p1a: Enamorus\n|-damage|p1a: Enamorus|0 fnt\n|faint|p1a: Enamorus\n|-damage|p2a: Mimikyu|81\/100|[from] item: Life Orb\n|\n|upkeep\n|\n|t:|1700683986\n|switch|p1a: Gholdengo|Gholdengo|100\/100\n|-item|p1a: Gholdengo|Air Balloon\n|turn|14\n|\n|t:|1700683999\n|-terastallize|p1a: Gholdengo|Fairy\n|move|p2a: Mimikyu|Shadow Sneak|p1a: Gholdengo\n|-damage|p1a: Gholdengo|25\/100\n|-enditem|p1a: Gholdengo|Air Balloon\n|-damage|p2a: Mimikyu|71\/100|[from] item: Life Orb\n|move|p1a: Gholdengo|Shadow Ball|p2a: Mimikyu\n|-supereffective|p2a: Mimikyu\n|-damage|p2a: Mimikyu|0 fnt\n|faint|p2a: Mimikyu\n|\n|upkeep\n|\n|t:|1700684005\n|switch|p2a: Dragapult|Dragapult, F, shiny|100\/100\n|turn|15\n|\n|t:|1700684009\n|move|p2a: Dragapult|Shadow Ball|p1a: Gholdengo\n|-damage|p1a: Gholdengo|0 fnt\n|faint|p1a: Gholdengo\n|\n|win|Nyles Morales\n|raw|Az2qez's rating: 1153 &rarr; <strong>1129<\/strong><br \/>(-24 for losing)\n|raw|Nyles Morales's rating: 1168 &rarr; <strong>1192<\/strong><br \/>(+24 for winning)\n|l|\u2606Az2qez\n","uploadtime":1700684028,"views":1,"p1id":"az2qez","p2id":"nylesmorales","formatid":"gen9ou","rating":1129,"private":0,"password":""}