{"id":"gen9ou-1993393334","p1":"Corbinc","p2":"tomisginger","format":"[Gen 9] OU","log":"|j|\u2606Corbinc\n|j|\u2606tomisginger\n|t:|1700311518\n|gametype|singles\n|player|p1|Corbinc|ghetsis-gen5bw|\n|player|p2|tomisginger|alder|\n|teamsize|p1|6\n|teamsize|p2|6\n|gen|9\n|tier|[Gen 9] OU\n|rule|Sleep Clause Mod: Limit one foe put to sleep\n|rule|Species Clause: Limit one of each Pok\u00e9mon\n|rule|OHKO Clause: OHKO moves are banned\n|rule|Evasion Items Clause: Evasion items are banned\n|rule|Evasion Moves Clause: Evasion moves are banned\n|rule|Endless Battle Clause: Forcing endless battles is banned\n|rule|HP Percentage Mod: HP is shown in percentages\n|clearpoke\n|poke|p1|Greninja-*, M|\n|poke|p1|Grimmsnarl, M|\n|poke|p1|Thundurus-Therian, M|\n|poke|p1|Tinkaton, F|\n|poke|p1|Zoroark-Hisui, F|\n|poke|p1|Wo-Chien|\n|poke|p2|Ting-Lu|\n|poke|p2|Cresselia, F|\n|poke|p2|Fezandipiti, M|\n|poke|p2|Qwilfish-Hisui, F|\n|poke|p2|Breloom, F|\n|poke|p2|Floatzel, F|\n|teampreview\n|j| Nikolobstar\n|j| F8S\n|\n|t:|1700311548\n|start\n|switch|p1a: Wo-Chien|Wo-Chien|100\/100\n|switch|p2a: Floatzel|Floatzel, F|100\/100\n|turn|1\n|\n|t:|1700311579\n|move|p2a: Floatzel|Flip Turn|p1a: Wo-Chien\n|-damage|p1a: Wo-Chien|28\/100\n|replace|p1a: Zoroark|Zoroark-Hisui, F\n|-end|p1a: Zoroark|Illusion\n|\n|t:|1700311604\n|switch|p2a: Fezandipiti|Fezandipiti, M|100\/100|[from] Flip Turn\n|move|p1a: Zoroark|Flamethrower|p2a: Fezandipiti\n|-damage|p2a: Fezandipiti|81\/100\n|\n|-heal|p2a: Fezandipiti|87\/100|[from] item: Leftovers\n|upkeep\n|turn|2\n|\n|t:|1700311641\n|move|p1a: Zoroark|Shadow Sneak|p2a: Fezandipiti\n|-damage|p2a: Fezandipiti|74\/100\n|move|p2a: Fezandipiti|Beat Up|p1a: Zoroark\n|-supereffective|p1a: Zoroark\n|-damage|p1a: Zoroark|16\/100\n|-supereffective|p1a: Zoroark\n|-damage|p1a: Zoroark|4\/100\n|-status|p1a: Zoroark|tox|[from] ability: Toxic Chain|[of] p2a: Fezandipiti\n|-supereffective|p1a: Zoroark\n|-damage|p1a: Zoroark|0 fnt\n|faint|p1a: Zoroark\n|-hitcount|p1: Zoroark|3\n|\n|-heal|p2a: Fezandipiti|80\/100|[from] item: Leftovers\n|upkeep\n|\n|t:|1700311662\n|switch|p1a: Tinkaton|Tinkaton, F|100\/100\n|-item|p1a: Tinkaton|Air Balloon\n|turn|3\n|\n|t:|1700311688\n|switch|p2a: Ting-Lu|Ting-Lu|100\/100\n|-ability|p2a: Ting-Lu|Vessel of Ruin\n|move|p1a: Tinkaton|Stealth Rock|p2a: Ting-Lu\n|-sidestart|p2: tomisginger|move: Stealth Rock\n|\n|upkeep\n|turn|4\n|\n|t:|1700311701\n|move|p1a: Tinkaton|Play Rough|p2a: Ting-Lu\n|-supereffective|p2a: Ting-Lu\n|-damage|p2a: Ting-Lu|72\/100\n|move|p2a: Ting-Lu|Stealth Rock|p1a: Tinkaton\n|-sidestart|p1: Corbinc|move: Stealth Rock\n|\n|-heal|p2a: Ting-Lu|78\/100|[from] item: Leftovers\n|upkeep\n|turn|5\n|\n|t:|1700311708\n|move|p1a: Tinkaton|Encore|p2a: Ting-Lu\n|-start|p2a: Ting-Lu|Encore\n|move|p2a: Ting-Lu|Stealth Rock||[still]\n|-fail|p2a: Ting-Lu\n|\n|-heal|p2a: Ting-Lu|85\/100|[from] item: Leftovers\n|upkeep\n|turn|6\n|\n|t:|1700311716\n|switch|p2a: Qwilfish|Qwilfish-Hisui, F|100\/100\n|-damage|p2a: Qwilfish|88\/100|[from] Stealth Rock\n|-ability|p2a: Qwilfish|Intimidate|boost\n|-unboost|p1a: Tinkaton|atk|1\n|move|p1a: Tinkaton|Gigaton Hammer|p2a: Qwilfish\n|-damage|p2a: Qwilfish|73\/100\n|\n|upkeep\n|turn|7\n|\n|t:|1700311733\n|move|p1a: Tinkaton|Play Rough|p2a: Qwilfish\n|-crit|p2a: Qwilfish\n|-damage|p2a: Qwilfish|52\/100\n|move|p2a: Qwilfish|Toxic Spikes|p1a: Tinkaton\n|-sidestart|p1: Corbinc|move: Toxic Spikes\n|\n|upkeep\n|turn|8\n|\n|t:|1700311748\n|switch|p2a: Ting-Lu|Ting-Lu|85\/100\n|-damage|p2a: Ting-Lu|78\/100|[from] Stealth Rock\n|-ability|p2a: Ting-Lu|Vessel of Ruin\n|move|p1a: Tinkaton|Gigaton Hammer|p2a: Ting-Lu\n|-damage|p2a: Ting-Lu|62\/100\n|\n|-heal|p2a: Ting-Lu|69\/100|[from] item: Leftovers\n|upkeep\n|turn|9\n|\n|t:|1700311760\n|move|p1a: Tinkaton|Play Rough|p2a: Ting-Lu\n|-supereffective|p2a: Ting-Lu\n|-damage|p2a: Ting-Lu|50\/100\n|move|p2a: Ting-Lu|Ruination|p1a: Tinkaton|[miss]\n|-miss|p2a: Ting-Lu|p1a: Tinkaton\n|\n|-heal|p2a: Ting-Lu|56\/100|[from] item: Leftovers\n|upkeep\n|turn|10\n|\n|t:|1700311797\n|switch|p1a: Wo-Chien|Wo-Chien|100\/100\n|-damage|p1a: Wo-Chien|88\/100|[from] Stealth Rock\n|-status|p1a: Wo-Chien|psn\n|-ability|p1a: Wo-Chien|Tablets of Ruin\n|move|p2a: Ting-Lu|Ruination|p1a: Wo-Chien\n|-damage|p1a: Wo-Chien|44\/100 psn\n|\n|-heal|p1a: Wo-Chien|50\/100 psn|[from] item: Leftovers\n|-heal|p2a: Ting-Lu|62\/100|[from] item: Leftovers\n|-damage|p1a: Wo-Chien|38\/100 psn|[from] psn\n|upkeep\n|turn|11\n|\n|t:|1700311832\n|switch|p2a: Breloom|Breloom, F|100\/100\n|-damage|p2a: Breloom|94\/100|[from] Stealth Rock\n|move|p1a: Wo-Chien|Giga Drain|p2a: Breloom\n|-resisted|p2a: Breloom\n|-damage|p2a: Breloom|69\/100\n|-heal|p1a: Wo-Chien|47\/100 psn|[from] drain|[of] p2a: Breloom\n|\n|-heal|p1a: Wo-Chien|54\/100 psn|[from] item: Leftovers\n|-damage|p1a: Wo-Chien|41\/100 psn|[from] psn\n|upkeep\n|turn|12\n|\n|t:|1700311886\n|switch|p1a: Tinkaton|Tinkaton, F|100\/100\n|-damage|p1a: Tinkaton|94\/100|[from] Stealth Rock\n|-item|p1a: Tinkaton|Air Balloon\n|move|p2a: Breloom|Swords Dance|p2a: Breloom\n|-boost|p2a: Breloom|atk|2\n|\n|upkeep\n|turn|13\n|\n|t:|1700311925\n|switch|p2a: Qwilfish|Qwilfish-Hisui, F|52\/100\n|-damage|p2a: Qwilfish|40\/100|[from] Stealth Rock\n|-ability|p2a: Qwilfish|Intimidate|boost\n|-unboost|p1a: Tinkaton|atk|1\n|move|p1a: Tinkaton|Play Rough|p2a: Qwilfish|[miss]\n|-miss|p1a: Tinkaton|p2a: Qwilfish\n|\n|upkeep\n|turn|14\n|\n|t:|1700311971\n|move|p1a: Tinkaton|Gigaton Hammer|p2a: Qwilfish\n|-damage|p2a: Qwilfish|22\/100\n|move|p2a: Qwilfish|Toxic Spikes|p1a: Tinkaton\n|-sidestart|p1: Corbinc|move: Toxic Spikes\n|\n|upkeep\n|turn|15\n|\n|t:|1700311984\n|switch|p1a: Wo-Chien|Wo-Chien|41\/100 psn\n|-damage|p1a: Wo-Chien|29\/100 psn|[from] Stealth Rock\n|-ability|p1a: Wo-Chien|Tablets of Ruin\n|move|p2a: Qwilfish|Spikes|p1a: Wo-Chien\n|-sidestart|p1: Corbinc|Spikes\n|\n|-heal|p1a: Wo-Chien|35\/100 psn|[from] item: Leftovers\n|-damage|p1a: Wo-Chien|23\/100 psn|[from] psn\n|upkeep\n|turn|16\n|\n|t:|1700312005\n|move|p2a: Qwilfish|Barb Barrage|p1a: Wo-Chien\n|-supereffective|p1a: Wo-Chien\n|-damage|p1a: Wo-Chien|0 fnt\n|faint|p1a: Wo-Chien\n|\n|upkeep\n|\n|t:|1700312024\n|switch|p1a: Grimmsnarl|Grimmsnarl, M|100\/100\n|-damage|p1a: Grimmsnarl|88\/100|[from] Stealth Rock\n|-status|p1a: Grimmsnarl|tox\n|-damage|p1a: Grimmsnarl|76\/100 tox|[from] Spikes\n|turn|17\n|\n|t:|1700312049\n|move|p1a: Grimmsnarl|Light Screen|p1a: Grimmsnarl\n|-sidestart|p1: Corbinc|move: Light Screen\n|move|p2a: Qwilfish|Taunt|p1a: Grimmsnarl\n|-start|p1a: Grimmsnarl|move: Taunt\n|\n|-damage|p1a: Grimmsnarl|70\/100 tox|[from] psn\n|upkeep\n|turn|18\n|\n|t:|1700312056\n|move|p1a: Grimmsnarl|Sucker Punch|p2a: Qwilfish\n|-resisted|p2a: Qwilfish\n|-damage|p2a: Qwilfish|14\/100\n|move|p2a: Qwilfish|Barb Barrage|p1a: Grimmsnarl\n|-supereffective|p1a: Grimmsnarl\n|-damage|p1a: Grimmsnarl|0 fnt\n|faint|p1a: Grimmsnarl\n|\n|upkeep\n|\n|t:|1700312078\n|switch|p1a: Tinkaton|Tinkaton, F|94\/100\n|-damage|p1a: Tinkaton|88\/100|[from] Stealth Rock\n|-item|p1a: Tinkaton|Air Balloon\n|turn|19\n|\n|t:|1700312083\n|move|p1a: Tinkaton|Gigaton Hammer|p2a: Qwilfish\n|-damage|p2a: Qwilfish|0 fnt\n|faint|p2a: Qwilfish\n|\n|upkeep\n|\n|t:|1700312099\n|switch|p2a: Floatzel|Floatzel, F|100\/100\n|-damage|p2a: Floatzel|88\/100|[from] Stealth Rock\n|turn|20\n|\n|t:|1700312107\n|move|p2a: Floatzel|Flip Turn|p1a: Tinkaton\n|-damage|p1a: Tinkaton|49\/100\n|-enditem|p1a: Tinkaton|Air Balloon\n|-enditem|p2a: Floatzel|Mystic Water|[silent]|[from] ability: Pickpocket|[of] p2a: Floatzel\n|-item|p1a: Tinkaton|Mystic Water|[from] ability: Pickpocket|[of] p2a: Floatzel\n|\n|t:|1700312132\n|switch|p2a: Cresselia|Cresselia, F|100\/100|[from] Flip Turn\n|-damage|p2a: Cresselia|88\/100|[from] Stealth Rock\n|move|p1a: Tinkaton|Play Rough|p2a: Cresselia\n|-damage|p2a: Cresselia|75\/100\n|\n|-heal|p2a: Cresselia|81\/100|[from] item: Leftovers\n|upkeep\n|turn|21\n|\n|t:|1700312147\n|switch|p2a: Floatzel|Floatzel, F|88\/100\n|-damage|p2a: Floatzel|76\/100|[from] Stealth Rock\n|move|p1a: Tinkaton|Gigaton Hammer|p2a: Floatzel\n|-resisted|p2a: Floatzel\n|-damage|p2a: Floatzel|40\/100\n|\n|upkeep\n|turn|22\n|\n|t:|1700312174\n|move|p2a: Floatzel|Flip Turn|p1a: Tinkaton\n|-damage|p1a: Tinkaton|21\/100\n|\n|t:|1700312177\n|switch|p2a: Cresselia|Cresselia, F|81\/100|[from] Flip Turn\n|-damage|p2a: Cresselia|69\/100|[from] Stealth Rock\n|move|p1a: Tinkaton|Play Rough|p2a: Cresselia\n|-damage|p2a: Cresselia|56\/100\n|\n|-heal|p2a: Cresselia|62\/100|[from] item: Leftovers\n|upkeep\n|turn|23\n|\n|t:|1700312188\n|move|p1a: Tinkaton|Gigaton Hammer|p2a: Cresselia\n|-damage|p2a: Cresselia|38\/100\n|move|p2a: Cresselia|Moonblast|p1a: Tinkaton\n|-resisted|p1a: Tinkaton\n|-damage|p1a: Tinkaton|17\/100\n|\n|-heal|p2a: Cresselia|44\/100|[from] item: Leftovers\n|upkeep\n|turn|24\n|\n|t:|1700312200\n|move|p1a: Tinkaton|Encore|p2a: Cresselia\n|-start|p2a: Cresselia|Encore\n|move|p2a: Cresselia|Moonblast|p1a: Tinkaton\n|-resisted|p1a: Tinkaton\n|-damage|p1a: Tinkaton|13\/100\n|\n|-heal|p2a: Cresselia|50\/100|[from] item: Leftovers\n|-sideend|p1: Corbinc|move: Light Screen\n|upkeep\n|turn|25\n|\n|t:|1700312205\n|move|p1a: Tinkaton|Gigaton Hammer|p2a: Cresselia\n|-damage|p2a: Cresselia|26\/100\n|move|p2a: Cresselia|Moonblast|p1a: Tinkaton\n|-resisted|p1a: Tinkaton\n|-crit|p1a: Tinkaton\n|-damage|p1a: Tinkaton|1\/100\n|\n|-heal|p2a: Cresselia|32\/100|[from] item: Leftovers\n|upkeep\n|turn|26\n|\n|t:|1700312219\n|move|p1a: Tinkaton|Play Rough|p2a: Cresselia\n|-damage|p2a: Cresselia|18\/100\n|move|p2a: Cresselia|Moonblast|p1a: Tinkaton\n|-resisted|p1a: Tinkaton\n|-damage|p1a: Tinkaton|0 fnt\n|faint|p1a: Tinkaton\n|\n|-heal|p2a: Cresselia|24\/100|[from] item: Leftovers\n|-end|p2a: Cresselia|Encore\n|upkeep\n|\n|t:|1700312238\n|switch|p1a: Greninja|Greninja, M|100\/100\n|-damage|p1a: Greninja|88\/100|[from] Stealth Rock\n|-status|p1a: Greninja|tox\n|-damage|p1a: Greninja|76\/100 tox|[from] Spikes\n|turn|27\n|\n|t:|1700312252\n|-terastallize|p1a: Greninja|Water\n|move|p1a: Greninja|Surf|p2a: Cresselia\n|-damage|p2a: Cresselia|0 fnt\n|faint|p2a: Cresselia\n|-ability|p1a: Greninja|Battle Bond|boost\n|-boost|p1a: Greninja|atk|1\n|-boost|p1a: Greninja|spa|1\n|-boost|p1a: Greninja|spe|1\n|-activate|p1a: Greninja|ability: Battle Bond\n|-damage|p1a: Greninja|66\/100 tox|[from] item: Life Orb\n|\n|-damage|p1a: Greninja|60\/100 tox|[from] psn\n|upkeep\n|\n|t:|1700312269\n|switch|p2a: Breloom|Breloom, F|69\/100\n|-damage|p2a: Breloom|63\/100|[from] Stealth Rock\n|turn|28\n|\n|t:|1700312322\n|move|p2a: Breloom|Mach Punch|p1a: Greninja\n|-damage|p1a: Greninja|2\/100 tox\n|move|p1a: Greninja|Hydro Cannon|p2a: Breloom\n|-resisted|p2a: Breloom\n|-damage|p2a: Breloom|0 fnt\n|-mustrecharge|p1a: Greninja\n|faint|p2a: Breloom\n|-damage|p1a: Greninja|0 fnt|[from] item: Life Orb\n|faint|p1a: Greninja\n|\n|upkeep\n|\n|t:|1700312344\n|switch|p1a: Thundurus|Thundurus-Therian, M|100\/100\n|switch|p2a: Floatzel|Floatzel, F|40\/100\n|-damage|p1a: Thundurus|75\/100|[from] Stealth Rock\n|-damage|p2a: Floatzel|28\/100|[from] Stealth Rock\n|turn|29\n|\n|t:|1700312367\n|switch|p2a: Fezandipiti|Fezandipiti, M|80\/100\n|-damage|p2a: Fezandipiti|67\/100|[from] Stealth Rock\n|move|p1a: Thundurus|Sludge Bomb|p2a: Fezandipiti\n|-damage|p2a: Fezandipiti|48\/100\n|\n|-heal|p2a: Fezandipiti|54\/100|[from] item: Leftovers\n|upkeep\n|turn|30\n|\n|t:|1700312376\n|move|p1a: Thundurus|Sludge Bomb|p2a: Fezandipiti\n|-damage|p2a: Fezandipiti|33\/100\n|move|p2a: Fezandipiti|Roost|p2a: Fezandipiti\n|-heal|p2a: Fezandipiti|83\/100\n|-singleturn|p2a: Fezandipiti|move: Roost\n|\n|-heal|p2a: Fezandipiti|89\/100|[from] item: Leftovers\n|upkeep\n|turn|31\n|\n|t:|1700312383\n|move|p1a: Thundurus|Sludge Bomb|p2a: Fezandipiti\n|-damage|p2a: Fezandipiti|72\/100\n|move|p2a: Fezandipiti|Beat Up|p1a: Thundurus\n|-damage|p1a: Thundurus|71\/100\n|-status|p1a: Thundurus|tox|[from] ability: Toxic Chain|[of] p2a: Fezandipiti\n|-damage|p1a: Thundurus|66\/100 tox\n|-damage|p1a: Thundurus|61\/100 tox\n|-hitcount|p1a: Thundurus|3\n|\n|-heal|p2a: Fezandipiti|78\/100|[from] item: Leftovers\n|-damage|p1a: Thundurus|56\/100 tox|[from] psn\n|upkeep\n|turn|32\n|\n|t:|1700312392\n|move|p1a: Thundurus|Sludge Bomb|p2a: Fezandipiti\n|-damage|p2a: Fezandipiti|59\/100\n|move|p2a: Fezandipiti|Moonblast|p1a: Thundurus\n|-damage|p1a: Thundurus|20\/100 tox\n|\n|-heal|p2a: Fezandipiti|65\/100|[from] item: Leftovers\n|-damage|p1a: Thundurus|8\/100 tox|[from] psn\n|upkeep\n|turn|33\n|\n|t:|1700312398\n|move|p1a: Thundurus|Sludge Bomb|p2a: Fezandipiti\n|-crit|p2a: Fezandipiti\n|-damage|p2a: Fezandipiti|34\/100\n|move|p2a: Fezandipiti|Roost|p2a: Fezandipiti\n|-heal|p2a: Fezandipiti|84\/100\n|-singleturn|p2a: Fezandipiti|move: Roost\n|\n|-heal|p2a: Fezandipiti|90\/100|[from] item: Leftovers\n|-damage|p1a: Thundurus|0 fnt|[from] psn\n|faint|p1a: Thundurus\n|\n|win|tomisginger\n|upkeep\n","uploadtime":1700312414,"views":14,"p1id":"corbinc","p2id":"tomisginger","formatid":"gen9ou","rating":0,"private":0,"password":""}