{"id":"gen9ou-2000337018","p1":"Pressure is Cool","p2":"neoELVIS","format":"[Gen 9] OU","log":"|j|\u2606Pressure is Cool\n|j|\u2606neoELVIS\n|t:|1701186154\n|gametype|singles\n|player|p1|Pressure is Cool|pokemonbreeder-gen4|1313\n|player|p2|neoELVIS|liza|1341\n|teamsize|p1|6\n|teamsize|p2|6\n|gen|9\n|tier|[Gen 9] OU\n|rated|\n|rule|Sleep Clause Mod: Limit one foe put to sleep\n|rule|Species Clause: Limit one of each Pok\u00e9mon\n|rule|OHKO Clause: OHKO moves are banned\n|rule|Evasion Items Clause: Evasion items are banned\n|rule|Evasion Moves Clause: Evasion moves are banned\n|rule|Endless Battle Clause: Forcing endless battles is banned\n|rule|HP Percentage Mod: HP is shown in percentages\n|clearpoke\n|poke|p1|Overqwil, M|\n|poke|p1|Empoleon, F|\n|poke|p1|Zapdos|\n|poke|p1|Walking Wake|\n|poke|p1|Tornadus-Therian, M|\n|poke|p1|Great Tusk|\n|poke|p2|Corviknight, M|\n|poke|p2|Walking Wake|\n|poke|p2|Iron Moth|\n|poke|p2|Ting-Lu|\n|poke|p2|Dragonite, M|\n|poke|p2|Samurott-Hisui, F|\n|teampreview\n|inactive|Battle timer is ON: inactive players will automatically lose when time's up. (requested by Pressure is Cool)\n|\n|t:|1701186180\n|start\n|switch|p1a: Overqwil|Overqwil, M|100\/100\n|switch|p2a: Walking Wake|Walking Wake|100\/100\n|-ability|p1a: Overqwil|Intimidate|boost\n|-unboost|p2a: Walking Wake|atk|1\n|turn|1\n|\n|t:|1701186192\n|switch|p1a: Empoleon|Empoleon, F|100\/100\n|move|p2a: Walking Wake|Draco Meteor|p1a: Empoleon\n|-resisted|p1a: Empoleon\n|-damage|p1a: Empoleon|67\/100\n|-unboost|p2a: Walking Wake|spa|2\n|\n|-heal|p1a: Empoleon|73\/100|[from] item: Leftovers\n|upkeep\n|turn|2\n|\n|t:|1701186217\n|-end|p2a: Walking Wake|Protosynthesis|[silent]\n|switch|p2a: Ting-Lu|Ting-Lu|100\/100\n|-ability|p2a: Ting-Lu|Vessel of Ruin\n|move|p1a: Empoleon|Knock Off|p2a: Ting-Lu\n|-resisted|p2a: Ting-Lu\n|-damage|p2a: Ting-Lu|96\/100\n|-damage|p1a: Empoleon|56\/100|[from] item: Rocky Helmet|[of] p2a: Ting-Lu\n|-enditem|p2a: Ting-Lu|Rocky Helmet|[from] move: Knock Off|[of] p1a: Empoleon\n|\n|-heal|p1a: Empoleon|62\/100|[from] item: Leftovers\n|upkeep\n|turn|3\n|\n|t:|1701186222\n|move|p2a: Ting-Lu|Stealth Rock|p1a: Empoleon\n|-sidestart|p1: Pressure is Cool|move: Stealth Rock\n|move|p1a: Empoleon|Flip Turn|p2a: Ting-Lu\n|-supereffective|p2a: Ting-Lu\n|-damage|p2a: Ting-Lu|82\/100\n|\n|t:|1701186223\n|switch|p1a: Overqwil|Overqwil, M|100\/100|[from] Flip Turn\n|-damage|p1a: Overqwil|88\/100|[from] Stealth Rock\n|-ability|p1a: Overqwil|Intimidate|boost\n|-unboost|p2a: Ting-Lu|atk|1\n|\n|-heal|p1a: Overqwil|94\/100|[from] item: Leftovers\n|upkeep\n|turn|4\n|inactive|neoELVIS has 120 seconds left.\n|inactive|neoELVIS has 90 seconds left.\n|\n|t:|1701186288\n|move|p1a: Overqwil|Spikes|p2a: Ting-Lu\n|-sidestart|p2: neoELVIS|Spikes\n|move|p2a: Ting-Lu|Whirlwind|p1a: Overqwil\n|drag|p1a: Walking Wake|Walking Wake|100\/100\n|-damage|p1a: Walking Wake|88\/100|[from] Stealth Rock\n|\n|upkeep\n|turn|5\n|inactive|neoELVIS has 90 seconds left.\n|\n|t:|1701186307\n|move|p1a: Walking Wake|Flip Turn|p2a: Ting-Lu\n|-supereffective|p2a: Ting-Lu\n|-damage|p2a: Ting-Lu|69\/100\n|\n|t:|1701186311\n|-end|p1a: Walking Wake|Protosynthesis|[silent]\n|switch|p1a: Empoleon|Empoleon, F|62\/100|[from] Flip Turn\n|-damage|p1a: Empoleon|56\/100|[from] Stealth Rock\n|move|p2a: Ting-Lu|Whirlwind|p1a: Empoleon\n|drag|p1a: Zapdos|Zapdos|100\/100\n|\n|upkeep\n|turn|6\n|\n|t:|1701186320\n|move|p1a: Zapdos|Hurricane|p2a: Ting-Lu\n|-damage|p2a: Ting-Lu|42\/100\n|move|p2a: Ting-Lu|Ruination|p1a: Zapdos\n|-damage|p1a: Zapdos|50\/100\n|\n|upkeep\n|turn|7\n|inactive|neoELVIS has 90 seconds left.\n|\n|t:|1701186354\n|move|p1a: Zapdos|Roost|p1a: Zapdos\n|-heal|p1a: Zapdos|100\/100\n|-singleturn|p1a: Zapdos|move: Roost\n|move|p2a: Ting-Lu|Whirlwind|p1a: Zapdos\n|drag|p1a: Great Tusk|Great Tusk|100\/100\n|-damage|p1a: Great Tusk|98\/100|[from] Stealth Rock\n|-enditem|p1a: Great Tusk|Booster Energy\n|-activate|p1a: Great Tusk|ability: Protosynthesis|[fromitem]\n|-start|p1a: Great Tusk|protosynthesisspe\n|\n|upkeep\n|turn|8\n|\n|t:|1701186361\n|switch|p2a: Corviknight|Corviknight, M|100\/100\n|-ability|p2a: Corviknight|Pressure\n|move|p1a: Great Tusk|Ice Spinner|p2a: Corviknight\n|-damage|p2a: Corviknight|87\/100\n|-damage|p1a: Great Tusk|81\/100|[from] item: Rocky Helmet|[of] p2a: Corviknight\n|\n|upkeep\n|turn|9\n|\n|t:|1701186370\n|-end|p1a: Great Tusk|Protosynthesis|[silent]\n|switch|p1a: Overqwil|Overqwil, M|94\/100\n|-damage|p1a: Overqwil|82\/100|[from] Stealth Rock\n|-ability|p1a: Overqwil|Intimidate|boost\n|-unboost|p2a: Corviknight|atk|1\n|move|p2a: Corviknight|Defog|p1a: Overqwil\n|-unboost|p1a: Overqwil|evasion|1\n|-sideend|p1: Pressure is Cool|Stealth Rock|[from] move: Defog|[of] p2a: Corviknight\n|-sideend|p2: neoELVIS|Spikes|[from] move: Defog|[of] p2a: Corviknight\n|\n|-heal|p1a: Overqwil|88\/100|[from] item: Leftovers\n|upkeep\n|turn|10\n|inactive|neoELVIS has 90 seconds left.\n|\n|t:|1701186376\n|move|p1a: Overqwil|Spikes|p2a: Corviknight\n|-sidestart|p2: neoELVIS|Spikes\n|move|p2a: Corviknight|U-turn|p1a: Overqwil\n|-damage|p1a: Overqwil|81\/100\n|inactive|neoELVIS has 90 seconds left.\n|\n|t:|1701186389\n|switch|p2a: Dragonite|Dragonite, M|100\/100|[from] U-turn\n|\n|-heal|p1a: Overqwil|87\/100|[from] item: Leftovers\n|upkeep\n|turn|11\n|inactive|neoELVIS has 90 seconds left.\n|\n|t:|1701186409\n|move|p1a: Overqwil|Toxic|p2a: Dragonite\n|-status|p2a: Dragonite|tox\n|move|p2a: Dragonite|Dragon Dance|p2a: Dragonite\n|-boost|p2a: Dragonite|atk|1\n|-boost|p2a: Dragonite|spe|1\n|\n|-heal|p1a: Overqwil|93\/100|[from] item: Leftovers\n|-damage|p2a: Dragonite|94\/100 tox|[from] psn\n|upkeep\n|turn|12\n|\n|t:|1701186427\n|switch|p1a: Zapdos|Zapdos|100\/100\n|move|p2a: Dragonite|Extreme Speed|p1a: Zapdos\n|-damage|p1a: Zapdos|56\/100\n|\n|-damage|p2a: Dragonite|82\/100 tox|[from] psn\n|upkeep\n|turn|13\n|\n|t:|1701186439\n|-terastallize|p2a: Dragonite|Normal\n|move|p2a: Dragonite|Extreme Speed|p1a: Zapdos\n|-damage|p1a: Zapdos|0 fnt\n|faint|p1a: Zapdos\n|\n|-damage|p2a: Dragonite|63\/100 tox|[from] psn\n|upkeep\n|\n|t:|1701186443\n|switch|p1a: Overqwil|Overqwil, M|93\/100\n|-ability|p1a: Overqwil|Intimidate|boost\n|-unboost|p2a: Dragonite|atk|1\n|turn|14\n|\n|t:|1701186449\n|move|p2a: Dragonite|Earthquake|p1a: Overqwil\n|-supereffective|p1a: Overqwil\n|-damage|p1a: Overqwil|41\/100\n|move|p1a: Overqwil|Spikes|p2a: Dragonite\n|-sidestart|p2: neoELVIS|Spikes\n|\n|-heal|p1a: Overqwil|47\/100|[from] item: Leftovers\n|-damage|p2a: Dragonite|38\/100 tox|[from] psn\n|upkeep\n|turn|15\n|\n|t:|1701186456\n|switch|p1a: Great Tusk|Great Tusk|81\/100\n|move|p2a: Dragonite|Earthquake|p1a: Great Tusk\n|-damage|p1a: Great Tusk|56\/100\n|\n|-damage|p2a: Dragonite|7\/100 tox|[from] psn\n|upkeep\n|turn|16\n|\n|t:|1701186464\n|move|p2a: Dragonite|Extreme Speed|p1a: Great Tusk\n|-damage|p1a: Great Tusk|21\/100\n|move|p1a: Great Tusk|Rapid Spin|p2a: Dragonite\n|-damage|p2a: Dragonite|0 fnt\n|-boost|p1a: Great Tusk|spe|1\n|faint|p2a: Dragonite\n|\n|upkeep\n|\n|t:|1701186479\n|switch|p2a: Samurott|Samurott-Hisui, F|100\/100\n|-damage|p2a: Samurott|84\/100|[from] Spikes\n|turn|17\n|\n|t:|1701186483\n|move|p2a: Samurott|Aqua Jet|p1a: Great Tusk\n|-supereffective|p1a: Great Tusk\n|-damage|p1a: Great Tusk|0 fnt\n|faint|p1a: Great Tusk\n|-end|p1a: Great Tusk|Protosynthesis|[silent]\n|\n|upkeep\n|\n|t:|1701186492\n|switch|p1a: Overqwil|Overqwil, M|47\/100\n|-ability|p1a: Overqwil|Intimidate|boost\n|-unboost|p2a: Samurott|atk|1\n|turn|18\n|\n|t:|1701186513\n|move|p2a: Samurott|Aqua Cutter|p1a: Overqwil\n|-damage|p1a: Overqwil|23\/100\n|move|p1a: Overqwil|Spikes|p2a: Samurott\n|-sidestart|p2: neoELVIS|Spikes\n|\n|-heal|p1a: Overqwil|29\/100|[from] item: Leftovers\n|upkeep\n|turn|19\n|\n|t:|1701186522\n|move|p2a: Samurott|Aqua Cutter|p1a: Overqwil\n|-crit|p1a: Overqwil\n|-damage|p1a: Overqwil|0 fnt\n|faint|p1a: Overqwil\n|\n|upkeep\n|\n|t:|1701186531\n|switch|p1a: Tornadus|Tornadus-Therian, M|100\/100\n|turn|20\n|\n|t:|1701186550\n|move|p1a: Tornadus|Bleakwind Storm|p2a: Samurott\n|-damage|p2a: Samurott|12\/100\n|-unboost|p2a: Samurott|spe|1\n|move|p2a: Samurott|Knock Off|p1a: Tornadus\n|-damage|p1a: Tornadus|53\/100\n|-enditem|p1a: Tornadus|Heavy-Duty Boots|[from] move: Knock Off|[of] p2a: Samurott\n|\n|upkeep\n|turn|21\n|\n|t:|1701186559\n|move|p2a: Samurott|Aqua Jet|p1a: Tornadus\n|-damage|p1a: Tornadus|33\/100\n|move|p1a: Tornadus|U-turn|p2a: Samurott\n|-supereffective|p2a: Samurott\n|-damage|p2a: Samurott|0 fnt\n|faint|p2a: Samurott\n|\n|t:|1701186564\n|switch|p1a: Walking Wake|Walking Wake|88\/100|[from] U-turn\n|\n|upkeep\n|inactive|neoELVIS has 90 seconds left.\n|\n|t:|1701186622\n|switch|p2a: Walking Wake|Walking Wake|100\/100\n|-damage|p2a: Walking Wake|76\/100|[from] Spikes\n|turn|22\n|\n|t:|1701186629\n|move|p2a: Walking Wake|Draco Meteor|p1a: Walking Wake\n|-supereffective|p1a: Walking Wake\n|-damage|p1a: Walking Wake|0 fnt\n|-unboost|p2a: Walking Wake|spa|2\n|faint|p1a: Walking Wake\n|-end|p1a: Walking Wake|Protosynthesis|[silent]\n|\n|upkeep\n|\n|t:|1701186633\n|switch|p1a: Empoleon|Empoleon, F|56\/100\n|turn|23\n|\n|t:|1701186645\n|-end|p2a: Walking Wake|Protosynthesis|[silent]\n|switch|p2a: Corviknight|Corviknight, M|87\/100\n|-ability|p2a: Corviknight|Pressure\n|move|p1a: Empoleon|Roost|p1a: Empoleon\n|-heal|p1a: Empoleon|100\/100\n|-singleturn|p1a: Empoleon|move: Roost\n|\n|upkeep\n|turn|24\n|\n|t:|1701186649\n|move|p2a: Corviknight|U-turn|p1a: Empoleon\n|-resisted|p1a: Empoleon\n|-damage|p1a: Empoleon|94\/100\n|\n|t:|1701186652\n|switch|p2a: Ting-Lu|Ting-Lu|42\/100|[from] U-turn\n|-damage|p2a: Ting-Lu|17\/100|[from] Spikes\n|-ability|p2a: Ting-Lu|Vessel of Ruin\n|move|p1a: Empoleon|Surf|p2a: Ting-Lu\n|-supereffective|p2a: Ting-Lu\n|-damage|p2a: Ting-Lu|0 fnt\n|faint|p2a: Ting-Lu\n|\n|-heal|p1a: Empoleon|99\/100|[from] item: Leftovers\n|upkeep\n|inactive|neoELVIS has 90 seconds left.\n|inactive|neoELVIS has 60 seconds left.\n|\n|t:|1701186705\n|switch|p2a: Corviknight|Corviknight, M|87\/100\n|-ability|p2a: Corviknight|Pressure\n|turn|25\n|\n|t:|1701186708\n|move|p2a: Corviknight|Brave Bird|p1a: Empoleon\n|-resisted|p1a: Empoleon\n|-damage|p1a: Empoleon|82\/100\n|-damage|p2a: Corviknight|82\/100|[from] Recoil\n|move|p1a: Empoleon|Surf|p2a: Corviknight\n|-damage|p2a: Corviknight|47\/100\n|\n|-heal|p1a: Empoleon|88\/100|[from] item: Leftovers\n|upkeep\n|turn|26\n|\n|t:|1701186713\n|move|p2a: Corviknight|Roost|p2a: Corviknight\n|-heal|p2a: Corviknight|97\/100\n|-singleturn|p2a: Corviknight|move: Roost\n|move|p1a: Empoleon|Surf|p2a: Corviknight\n|-crit|p2a: Corviknight\n|-damage|p2a: Corviknight|49\/100\n|\n|-heal|p1a: Empoleon|95\/100|[from] item: Leftovers\n|upkeep\n|turn|27\n|\n|t:|1701186719\n|move|p2a: Corviknight|Roost|p2a: Corviknight\n|-heal|p2a: Corviknight|99\/100\n|-singleturn|p2a: Corviknight|move: Roost\n|move|p1a: Empoleon|Knock Off|p2a: Corviknight\n|-damage|p2a: Corviknight|86\/100\n|-damage|p1a: Empoleon|78\/100|[from] item: Rocky Helmet|[of] p2a: Corviknight\n|-enditem|p2a: Corviknight|Rocky Helmet|[from] move: Knock Off|[of] p1a: Empoleon\n|\n|-heal|p1a: Empoleon|84\/100|[from] item: Leftovers\n|upkeep\n|turn|28\n|\n|t:|1701186721\n|move|p2a: Corviknight|Brave Bird|p1a: Empoleon\n|-resisted|p1a: Empoleon\n|-damage|p1a: Empoleon|66\/100\n|-damage|p2a: Corviknight|81\/100|[from] Recoil\n|move|p1a: Empoleon|Surf|p2a: Corviknight\n|-damage|p2a: Corviknight|48\/100\n|\n|-heal|p1a: Empoleon|72\/100|[from] item: Leftovers\n|upkeep\n|turn|29\n|\n|t:|1701186725\n|move|p2a: Corviknight|Roost|p2a: Corviknight\n|-heal|p2a: Corviknight|98\/100\n|-singleturn|p2a: Corviknight|move: Roost\n|move|p1a: Empoleon|Flip Turn|p2a: Corviknight\n|-damage|p2a: Corviknight|86\/100\n|\n|t:|1701186726\n|switch|p1a: Tornadus|Tornadus-Therian, M|66\/100|[from] Flip Turn\n|\n|upkeep\n|turn|30\n|\n|t:|1701186735\n|-terastallize|p1a: Tornadus|Fire\n|move|p1a: Tornadus|Heat Wave|p2a: Corviknight\n|-supereffective|p2a: Corviknight\n|-damage|p2a: Corviknight|4\/100\n|move|p2a: Corviknight|Defog|p1a: Tornadus\n|-unboost|p1a: Tornadus|evasion|1\n|-sideend|p2: neoELVIS|Spikes|[from] move: Defog|[of] p2a: Corviknight\n|\n|upkeep\n|turn|31\n|\n|t:|1701186750\n|move|p1a: Tornadus|Knock Off|p2a: Corviknight\n|-damage|p2a: Corviknight|0 fnt\n|faint|p2a: Corviknight\n|\n|upkeep\n|inactive|neoELVIS has 90 seconds left.\n|\n|t:|1701186780\n|switch|p2a: Iron Moth|Iron Moth|100\/100\n|-enditem|p2a: Iron Moth|Booster Energy\n|-activate|p2a: Iron Moth|ability: Quark Drive|[fromitem]\n|-start|p2a: Iron Moth|quarkdrivespe\n|turn|32\n|\n|t:|1701186784\n|move|p2a: Iron Moth|Sludge Wave|p1a: Tornadus\n|-damage|p1a: Tornadus|11\/100\n|move|p1a: Tornadus|Bleakwind Storm|p2a: Iron Moth\n|-damage|p2a: Iron Moth|54\/100\n|\n|upkeep\n|turn|33\n|\n|t:|1701186788\n|move|p2a: Iron Moth|Fiery Dance|p1a: Tornadus\n|-resisted|p1a: Tornadus\n|-damage|p1a: Tornadus|0 fnt\n|-boost|p2a: Iron Moth|spa|1\n|faint|p1a: Tornadus\n|\n|upkeep\n|\n|t:|1701186790\n|switch|p1a: Empoleon|Empoleon, F|72\/100\n|turn|34\n|\n|t:|1701186795\n|move|p2a: Iron Moth|Fiery Dance|p1a: Empoleon\n|-crit|p1a: Empoleon\n|-damage|p1a: Empoleon|14\/100\n|move|p1a: Empoleon|Roost|p1a: Empoleon\n|-heal|p1a: Empoleon|64\/100\n|-singleturn|p1a: Empoleon|move: Roost\n|\n|-heal|p1a: Empoleon|70\/100|[from] item: Leftovers\n|upkeep\n|turn|35\n|\n|t:|1701186797\n|move|p2a: Iron Moth|Fiery Dance|p1a: Empoleon\n|-damage|p1a: Empoleon|33\/100\n|move|p1a: Empoleon|Roost|p1a: Empoleon\n|-heal|p1a: Empoleon|83\/100\n|-singleturn|p1a: Empoleon|move: Roost\n|\n|-heal|p1a: Empoleon|89\/100|[from] item: Leftovers\n|upkeep\n|turn|36\n|\n|t:|1701186799\n|move|p2a: Iron Moth|Fiery Dance|p1a: Empoleon\n|-damage|p1a: Empoleon|47\/100\n|-boost|p2a: Iron Moth|spa|1\n|move|p1a: Empoleon|Surf|p2a: Iron Moth\n|-supereffective|p2a: Iron Moth\n|-damage|p2a: Iron Moth|0 fnt\n|faint|p2a: Iron Moth\n|-end|p2a: Iron Moth|Quark Drive|[silent]\n|\n|-heal|p1a: Empoleon|53\/100|[from] item: Leftovers\n|upkeep\n|inactive|neoELVIS has 120 seconds left.\n|\n|t:|1701186822\n|switch|p2a: Walking Wake|Walking Wake|76\/100\n|turn|37\n|inactive|neoELVIS has 120 seconds left.\n|\n|t:|1701186837\n|move|p2a: Walking Wake|Flamethrower|p1a: Empoleon\n|-damage|p1a: Empoleon|24\/100\n|move|p1a: Empoleon|Roost|p1a: Empoleon\n|-heal|p1a: Empoleon|74\/100\n|-singleturn|p1a: Empoleon|move: Roost\n|\n|-heal|p1a: Empoleon|81\/100|[from] item: Leftovers\n|upkeep\n|turn|38\n|\n|t:|1701186839\n|move|p2a: Walking Wake|Flamethrower|p1a: Empoleon\n|-damage|p1a: Empoleon|48\/100\n|move|p1a: Empoleon|Knock Off|p2a: Walking Wake\n|-damage|p2a: Walking Wake|53\/100\n|-enditem|p2a: Walking Wake|Choice Specs|[from] move: Knock Off|[of] p1a: Empoleon\n|\n|-heal|p1a: Empoleon|55\/100|[from] item: Leftovers\n|upkeep\n|turn|39\n|\n|t:|1701186840\n|move|p2a: Walking Wake|Flamethrower|p1a: Empoleon\n|-damage|p1a: Empoleon|35\/100\n|move|p1a: Empoleon|Knock Off|p2a: Walking Wake\n|-damage|p2a: Walking Wake|39\/100\n|\n|-heal|p1a: Empoleon|41\/100|[from] item: Leftovers\n|upkeep\n|turn|40\n|\n|t:|1701186846\n|move|p2a: Walking Wake|Flamethrower|p1a: Empoleon\n|-damage|p1a: Empoleon|21\/100\n|move|p1a: Empoleon|Roost|p1a: Empoleon\n|-heal|p1a: Empoleon|71\/100\n|-singleturn|p1a: Empoleon|move: Roost\n|\n|-heal|p1a: Empoleon|77\/100|[from] item: Leftovers\n|upkeep\n|turn|41\n|c|\u2606neoELVIS|gg wp\n|\n|t:|1701186852\n|move|p2a: Walking Wake|Flamethrower|p1a: Empoleon\n|-damage|p1a: Empoleon|58\/100\n|move|p1a: Empoleon|Roost|p1a: Empoleon\n|-heal|p1a: Empoleon|100\/100\n|-singleturn|p1a: Empoleon|move: Roost\n|\n|upkeep\n|turn|42\n|\n|t:|1701186856\n|move|p2a: Walking Wake|Flamethrower|p1a: Empoleon\n|-damage|p1a: Empoleon|79\/100\n|move|p1a: Empoleon|Knock Off|p2a: Walking Wake\n|-damage|p2a: Walking Wake|23\/100\n|\n|-heal|p1a: Empoleon|85\/100|[from] item: Leftovers\n|upkeep\n|turn|43\n|c|\u2606Pressure is Cool|Gg u 2\n|-message|neoELVIS forfeited.\n|\n|win|Pressure is Cool\n|raw|Pressure is Cool's rating: 1313 &rarr; <strong>1335<\/strong><br \/>(+22 for winning)\n|raw|neoELVIS's rating: 1341 &rarr; <strong>1319<\/strong><br \/>(-22 for losing)\n|l|\u2606neoELVIS\n","uploadtime":1701186864,"views":21,"p1id":"pressureiscool","p2id":"neoelvis","formatid":"gen9ou","rating":1319,"private":0,"password":""}