{"id":"gen9ou-1994798802","p1":"DamoPensador","p2":"FRiolu","format":"[Gen 9] OU","log":"|j|\u2606DamoPensador\n|j|\u2606FRiolu\n|t:|1700493842\n|gametype|singles\n|player|p1|DamoPensador|ghetsis-gen5bw|1373\n|player|p2|FRiolu|pokemonranger-gen6xy|1393\n|teamsize|p1|6\n|teamsize|p2|6\n|gen|9\n|tier|[Gen 9] OU\n|rated|\n|rule|Sleep Clause Mod: Limit one foe put to sleep\n|rule|Species Clause: Limit one of each Pok\u00e9mon\n|rule|OHKO Clause: OHKO moves are banned\n|rule|Evasion Items Clause: Evasion items are banned\n|rule|Evasion Moves Clause: Evasion moves are banned\n|rule|Endless Battle Clause: Forcing endless battles is banned\n|rule|HP Percentage Mod: HP is shown in percentages\n|clearpoke\n|poke|p1|Alomomola, F|\n|poke|p1|Slowking-Galar, F|\n|poke|p1|Kingambit, F|\n|poke|p1|Great Tusk|\n|poke|p1|Cinderace, F|\n|poke|p1|Thundurus-Therian, M|\n|poke|p2|Lurantis, F|\n|poke|p2|Ribombee, F|\n|poke|p2|Garganacl, M|\n|poke|p2|Manaphy|\n|poke|p2|Rillaboom, M|\n|poke|p2|Heatran, M|\n|teampreview\n|inactive|Battle timer is ON: inactive players will automatically lose when time's up. (requested by DamoPensador)\n|\n|t:|1700493875\n|start\n|switch|p1a: Thundurus|Thundurus-Therian, M|100\/100\n|switch|p2a: Manaphy|Manaphy|100\/100\n|turn|1\n|\n|t:|1700493883\n|switch|p2a: Lurantis|Lurantis, F|100\/100\n|move|p1a: Thundurus|Volt Switch|p2a: Lurantis\n|-resisted|p2a: Lurantis\n|-damage|p2a: Lurantis|79\/100\n|\n|t:|1700493911\n|switch|p1a: Slowking|Slowking-Galar, F|100\/100|[from] Volt Switch\n|\n|upkeep\n|turn|2\n|\n|t:|1700493915\n|switch|p2a: Garganacl|Garganacl, M|100\/100\n|move|p1a: Slowking|Sludge Bomb|p2a: Garganacl\n|-resisted|p2a: Garganacl\n|-damage|p2a: Garganacl|85\/100\n|\n|-heal|p2a: Garganacl|91\/100|[from] item: Leftovers\n|upkeep\n|turn|3\n|\n|t:|1700493924\n|move|p2a: Garganacl|Salt Cure|p1a: Slowking\n|-damage|p1a: Slowking|86\/100\n|-start|p1a: Slowking|Salt Cure\n|move|p1a: Slowking|Future Sight|p2a: Garganacl\n|-start|p1a: Slowking|move: Future Sight\n|\n|-heal|p2a: Garganacl|97\/100|[from] item: Leftovers\n|-damage|p1a: Slowking|73\/100|[from] Salt Cure\n|upkeep\n|turn|4\n|\n|t:|1700493929\n|move|p2a: Garganacl|Earthquake|p1a: Slowking\n|-supereffective|p1a: Slowking\n|-damage|p1a: Slowking|27\/100\n|move|p1a: Slowking|Chilly Reception|p1a: Slowking\n|-weather|Snow\n|\n|t:|1700493934\n|switch|p1a: Thundurus|Thundurus-Therian, M|100\/100|[from] Chilly Reception\n|\n|-weather|Snow|[upkeep]\n|-heal|p2a: Garganacl|100\/100|[from] item: Leftovers\n|upkeep\n|turn|5\n|\n|t:|1700493937\n|move|p1a: Thundurus|Grass Knot|p2a: Garganacl\n|-supereffective|p2a: Garganacl\n|-damage|p2a: Garganacl|0 fnt\n|faint|p2a: Garganacl\n|\n|-weather|Snow|[upkeep]\n|-hint|Future Sight did not hit because the target is fainted.\n|upkeep\n|\n|t:|1700493944\n|switch|p2a: Lurantis|Lurantis, F|79\/100\n|turn|6\n|\n|t:|1700493955\n|switch|p1a: Slowking|Slowking-Galar, F|60\/100\n|move|p2a: Lurantis|Superpower|p1a: Slowking\n|-resisted|p1a: Slowking\n|-damage|p1a: Slowking|50\/100\n|-boost|p2a: Lurantis|atk|1\n|-boost|p2a: Lurantis|def|1\n|\n|-weather|Snow|[upkeep]\n|upkeep\n|turn|7\n|\n|t:|1700493963\n|switch|p1a: Great Tusk|Great Tusk|100\/100\n|move|p2a: Lurantis|Knock Off|p1a: Great Tusk\n|-resisted|p1a: Great Tusk\n|-damage|p1a: Great Tusk|84\/100\n|-damage|p2a: Lurantis|63\/100|[from] item: Rocky Helmet|[of] p1a: Great Tusk\n|-enditem|p1a: Great Tusk|Rocky Helmet|[from] move: Knock Off|[of] p2a: Lurantis\n|\n|-weather|Snow|[upkeep]\n|upkeep\n|turn|8\n|\n|t:|1700493967\n|move|p1a: Great Tusk|Ice Spinner|p2a: Lurantis\n|-supereffective|p2a: Lurantis\n|-damage|p2a: Lurantis|21\/100\n|move|p2a: Lurantis|Leaf Storm|p1a: Great Tusk\n|-supereffective|p1a: Great Tusk\n|-damage|p1a: Great Tusk|0 fnt\n|-boost|p2a: Lurantis|spa|2\n|faint|p1a: Great Tusk\n|-end|p1a: Great Tusk|Protosynthesis|[silent]\n|\n|-weather|none\n|upkeep\n|\n|t:|1700493977\n|switch|p1a: Cinderace|Cinderace, F|100\/100\n|turn|9\n|\n|t:|1700493982\n|switch|p2a: Manaphy|Manaphy|100\/100\n|move|p1a: Cinderace|U-turn|p2a: Manaphy\n|-start|p1a: Cinderace|typechange|Bug|[from] ability: Libero\n|-damage|p2a: Manaphy|74\/100\n|\n|t:|1700493986\n|switch|p1a: Thundurus|Thundurus-Therian, M|100\/100|[from] U-turn\n|\n|-heal|p2a: Manaphy|80\/100|[from] item: Leftovers\n|upkeep\n|turn|10\n|\n|t:|1700493990\n|switch|p2a: Lurantis|Lurantis, F|21\/100\n|move|p1a: Thundurus|Volt Switch|p2a: Lurantis\n|-resisted|p2a: Lurantis\n|-damage|p2a: Lurantis|2\/100\n|\n|t:|1700493995\n|switch|p1a: Cinderace|Cinderace, F|100\/100|[from] Volt Switch\n|\n|upkeep\n|turn|11\n|\n|t:|1700494000\n|switch|p2a: Heatran|Heatran, M|100\/100\n|move|p1a: Cinderace|U-turn|p2a: Heatran\n|-start|p1a: Cinderace|typechange|Bug|[from] ability: Libero\n|-resisted|p2a: Heatran\n|-damage|p2a: Heatran|93\/100\n|\n|t:|1700494006\n|switch|p1a: Thundurus|Thundurus-Therian, M|100\/100|[from] U-turn\n|\n|-heal|p2a: Heatran|99\/100|[from] item: Leftovers\n|upkeep\n|turn|12\n|\n|t:|1700494010\n|switch|p2a: Lurantis|Lurantis, F|2\/100\n|move|p1a: Thundurus|Volt Switch|p2a: Lurantis\n|-resisted|p2a: Lurantis\n|-damage|p2a: Lurantis|0 fnt\n|faint|p2a: Lurantis\n|\n|t:|1700494018\n|switch|p1a: Cinderace|Cinderace, F|100\/100|[from] Volt Switch\n|\n|upkeep\n|\n|t:|1700494025\n|switch|p2a: Manaphy|Manaphy|80\/100\n|turn|13\n|\n|t:|1700494028\n|move|p1a: Cinderace|U-turn|p2a: Manaphy\n|-start|p1a: Cinderace|typechange|Bug|[from] ability: Libero\n|-damage|p2a: Manaphy|51\/100\n|\n|t:|1700494030\n|switch|p1a: Slowking|Slowking-Galar, F|83\/100|[from] U-turn\n|move|p2a: Manaphy|Scald|p1a: Slowking\n|-damage|p1a: Slowking|63\/100\n|-status|p1a: Slowking|brn\n|\n|-heal|p2a: Manaphy|57\/100|[from] item: Leftovers\n|-damage|p1a: Slowking|56\/100 brn|[from] brn\n|upkeep\n|turn|14\n|\n|t:|1700494036\n|move|p2a: Manaphy|Take Heart|p2a: Manaphy\n|-boost|p2a: Manaphy|spa|1\n|-boost|p2a: Manaphy|spd|1\n|move|p1a: Slowking|Future Sight|p2a: Manaphy\n|-start|p1a: Slowking|move: Future Sight\n|\n|-heal|p2a: Manaphy|64\/100|[from] item: Leftovers\n|-damage|p1a: Slowking|50\/100 brn|[from] brn\n|upkeep\n|turn|15\n|\n|t:|1700494043\n|move|p2a: Manaphy|Take Heart|p2a: Manaphy\n|-boost|p2a: Manaphy|spa|1\n|-boost|p2a: Manaphy|spd|1\n|move|p1a: Slowking|Chilly Reception|p1a: Slowking\n|-weather|Snow\n|\n|t:|1700494050\n|switch|p1a: Kingambit|Kingambit, F|100\/100|[from] Chilly Reception\n|-activate|p1a: Kingambit|ability: Supreme Overlord\n|-start|p1a: Kingambit|fallen1|[silent]\n|\n|-weather|Snow|[upkeep]\n|-heal|p2a: Manaphy|70\/100|[from] item: Leftovers\n|upkeep\n|turn|16\n|\n|t:|1700494062\n|move|p2a: Manaphy|Scald|p1a: Kingambit\n|-damage|p1a: Kingambit|23\/100\n|move|p1a: Kingambit|Kowtow Cleave|p2a: Manaphy\n|-damage|p2a: Manaphy|23\/100\n|\n|-weather|Snow|[upkeep]\n|-end|p2a: Manaphy|move: Future Sight\n|-damage|p2a: Manaphy|4\/100\n|-heal|p2a: Manaphy|10\/100|[from] item: Leftovers\n|-heal|p1a: Kingambit|30\/100|[from] item: Leftovers\n|upkeep\n|turn|17\n|\n|t:|1700494074\n|move|p1a: Kingambit|Sucker Punch||[still]\n|-fail|p1a: Kingambit\n|move|p2a: Manaphy|Take Heart|p2a: Manaphy\n|-boost|p2a: Manaphy|spa|1\n|-boost|p2a: Manaphy|spd|1\n|\n|-weather|Snow|[upkeep]\n|-heal|p2a: Manaphy|17\/100|[from] item: Leftovers\n|-heal|p1a: Kingambit|36\/100|[from] item: Leftovers\n|upkeep\n|turn|18\n|\n|t:|1700494077\n|move|p1a: Kingambit|Sucker Punch|p2a: Manaphy\n|-damage|p2a: Manaphy|0 fnt\n|faint|p2a: Manaphy\n|\n|-weather|Snow|[upkeep]\n|-heal|p1a: Kingambit|42\/100|[from] item: Leftovers\n|upkeep\n|\n|t:|1700494081\n|switch|p2a: Heatran|Heatran, M|99\/100\n|turn|19\n|\n|t:|1700494088\n|-end|p1a: Kingambit|fallen1|[silent]\n|switch|p1a: Slowking|Slowking-Galar, F|84\/100 brn\n|move|p2a: Heatran|Lava Plume|p1a: Slowking\n|-damage|p1a: Slowking|62\/100 brn\n|\n|-weather|none\n|-heal|p2a: Heatran|100\/100|[from] item: Leftovers\n|-damage|p1a: Slowking|56\/100 brn|[from] brn\n|upkeep\n|turn|20\n|\n|t:|1700494093\n|move|p2a: Heatran|Earth Power|p1a: Slowking\n|-supereffective|p1a: Slowking\n|-damage|p1a: Slowking|24\/100 brn\n|move|p1a: Slowking|Chilly Reception|p1a: Slowking\n|-weather|Snow\n|\n|t:|1700494095\n|switch|p1a: Thundurus|Thundurus-Therian, M|100\/100|[from] Chilly Reception\n|\n|-weather|Snow|[upkeep]\n|upkeep\n|turn|21\n|\n|t:|1700494099\n|move|p1a: Thundurus|Volt Switch|p2a: Heatran\n|-damage|p2a: Heatran|61\/100\n|\n|t:|1700494103\n|switch|p1a: Slowking|Slowking-Galar, F|57\/100 brn|[from] Volt Switch\n|move|p2a: Heatran|Lava Plume|p1a: Slowking\n|-damage|p1a: Slowking|34\/100 brn\n|\n|-weather|Snow|[upkeep]\n|-heal|p2a: Heatran|67\/100|[from] item: Leftovers\n|-damage|p1a: Slowking|28\/100 brn|[from] brn\n|upkeep\n|turn|22\n|\n|t:|1700494107\n|switch|p1a: Thundurus|Thundurus-Therian, M|100\/100\n|move|p2a: Heatran|Lava Plume|p1a: Thundurus\n|-damage|p1a: Thundurus|46\/100\n|\n|-weather|Snow|[upkeep]\n|-heal|p2a: Heatran|73\/100|[from] item: Leftovers\n|upkeep\n|turn|23\n|\n|t:|1700494111\n|switch|p2a: Rillaboom|Rillaboom, M|100\/100\n|-fieldstart|move: Grassy Terrain|[from] ability: Grassy Surge|[of] p2a: Rillaboom\n|move|p1a: Thundurus|Volt Switch|p2a: Rillaboom\n|-resisted|p2a: Rillaboom\n|-damage|p2a: Rillaboom|63\/100\n|\n|t:|1700494114\n|switch|p1a: Cinderace|Cinderace, F|100\/100|[from] Volt Switch\n|\n|-weather|Snow|[upkeep]\n|-heal|p2a: Rillaboom|69\/100|[from] Grassy Terrain\n|upkeep\n|turn|24\n|\n|t:|1700494118\n|move|p1a: Cinderace|U-turn|p2a: Rillaboom\n|-start|p1a: Cinderace|typechange|Bug|[from] ability: Libero\n|-supereffective|p2a: Rillaboom\n|-damage|p2a: Rillaboom|0 fnt\n|faint|p2a: Rillaboom\n|\n|t:|1700494128\n|switch|p1a: Alomomola|Alomomola, F|100\/100|[from] U-turn\n|\n|-weather|none\n|upkeep\n|\n|t:|1700494132\n|switch|p2a: Ribombee|Ribombee, F|100\/100\n|turn|25\n|\n|t:|1700494135\n|move|p2a: Ribombee|Quiver Dance|p2a: Ribombee\n|-boost|p2a: Ribombee|spa|1\n|-boost|p2a: Ribombee|spd|1\n|-boost|p2a: Ribombee|spe|1\n|move|p1a: Alomomola|Wish|p1a: Alomomola\n|\n|upkeep\n|turn|26\n|\n|t:|1700494142\n|move|p2a: Ribombee|Quiver Dance|p2a: Ribombee\n|-boost|p2a: Ribombee|spa|1\n|-boost|p2a: Ribombee|spd|1\n|-boost|p2a: Ribombee|spe|1\n|move|p1a: Alomomola|Scald|p2a: Ribombee\n|-damage|p2a: Ribombee|88\/100\n|\n|-heal|p2a: Ribombee|94\/100|[from] Grassy Terrain\n|upkeep\n|turn|27\n|\n|t:|1700494151\n|move|p2a: Ribombee|Quiver Dance|p2a: Ribombee\n|-boost|p2a: Ribombee|spa|1\n|-boost|p2a: Ribombee|spd|1\n|-boost|p2a: Ribombee|spe|1\n|move|p1a: Alomomola|Scald|p2a: Ribombee\n|-damage|p2a: Ribombee|84\/100\n|\n|-heal|p2a: Ribombee|91\/100|[from] Grassy Terrain\n|-fieldend|move: Grassy Terrain\n|upkeep\n|turn|28\n|\n|t:|1700494158\n|move|p2a: Ribombee|Quiver Dance|p2a: Ribombee\n|-boost|p2a: Ribombee|spa|1\n|-boost|p2a: Ribombee|spd|1\n|-boost|p2a: Ribombee|spe|1\n|move|p1a: Alomomola|Acrobatics|p2a: Ribombee\n|-supereffective|p2a: Ribombee\n|-damage|p2a: Ribombee|50\/100\n|\n|upkeep\n|turn|29\n|\n|t:|1700494166\n|move|p2a: Ribombee|Moonblast|p1a: Alomomola\n|-damage|p1a: Alomomola|0 fnt\n|faint|p1a: Alomomola\n|\n|upkeep\n|\n|t:|1700494171\n|switch|p1a: Slowking|Slowking-Galar, F|61\/100 brn\n|turn|30\n|\n|t:|1700494176\n|switch|p1a: Thundurus|Thundurus-Therian, M|46\/100\n|move|p2a: Ribombee|Stored Power|p1a: Thundurus\n|-damage|p1a: Thundurus|0 fnt\n|faint|p1a: Thundurus\n|\n|upkeep\n|\n|t:|1700494194\n|switch|p1a: Cinderace|Cinderace, F|100\/100\n|turn|31\n|\n|t:|1700494197\n|move|p2a: Ribombee|Stored Power|p1a: Cinderace\n|-damage|p1a: Cinderace|0 fnt\n|faint|p1a: Cinderace\n|\n|upkeep\n|\n|t:|1700494199\n|switch|p1a: Slowking|Slowking-Galar, F|95\/100 brn\n|turn|32\n|\n|t:|1700494212\n|-terastallize|p2a: Ribombee|Fighting\n|move|p2a: Ribombee|Stored Power|p1a: Slowking\n|-damage|p1a: Slowking|0 fnt\n|faint|p1a: Slowking\n|\n|upkeep\n|-message|DamoPensador forfeited.\n|\n|win|FRiolu\n|raw|DamoPensador's rating: 1373 &rarr; <strong>1354<\/strong><br \/>(-19 for losing)\n|raw|FRiolu's rating: 1393 &rarr; <strong>1412<\/strong><br \/>(+19 for winning)\n|l|\u2606DamoPensador\n","uploadtime":1700494228,"views":7,"p1id":"damopensador","p2id":"friolu","formatid":"gen9ou","rating":1354,"private":0,"password":""}