{"id":"gen9ou-1992473052","p1":"wyverbal","p2":"Fumimico","format":"[Gen 9] OU","log":"|j|\u2606wyverbal\n|j|\u2606Fumimico\n|t:|1700191885\n|gametype|singles\n|player|p1|wyverbal|2|1097\n|player|p2|Fumimico|backersf|1184\n|teamsize|p1|6\n|teamsize|p2|6\n|gen|9\n|tier|[Gen 9] OU\n|rated|\n|rule|Sleep Clause Mod: Limit one foe put to sleep\n|rule|Species Clause: Limit one of each Pok\u00e9mon\n|rule|OHKO Clause: OHKO moves are banned\n|rule|Evasion Items Clause: Evasion items are banned\n|rule|Evasion Moves Clause: Evasion moves are banned\n|rule|Endless Battle Clause: Forcing endless battles is banned\n|rule|HP Percentage Mod: HP is shown in percentages\n|clearpoke\n|poke|p1|Dipplin, M|\n|poke|p1|Enamorus-Therian, F|\n|poke|p1|Glimmora, M|\n|poke|p1|Alomomola, M|\n|poke|p1|Iron Treads|\n|poke|p1|Kommo-o, M|\n|poke|p2|Iron Valiant|\n|poke|p2|Mandibuzz, F|\n|poke|p2|Greninja-*, M|\n|poke|p2|Salamence, F|\n|poke|p2|Zoroark-Hisui, M|\n|poke|p2|Heatran, M|\n|teampreview\n|inactive|Battle timer is ON: inactive players will automatically lose when time's up. (requested by Fumimico)\n|inactive|wyverbal also wants the timer to be on.\n|\n|t:|1700191896\n|start\n|switch|p1a: Iron Treads|Iron Treads|100\/100\n|switch|p2a: Greninja|Greninja, M|100\/100\n|turn|1\n|\n|t:|1700191901\n|move|p2a: Greninja|Taunt|p1a: Iron Treads\n|-start|p2a: Greninja|typechange|Dark|[from] ability: Protean\n|-start|p1a: Iron Treads|move: Taunt\n|cant|p1a: Iron Treads|move: Taunt|Stealth Rock\n|\n|upkeep\n|turn|2\n|\n|t:|1700191907\n|-end|p1a: Iron Treads|Quark Drive|[silent]\n|switch|p1a: Kommo-o|Kommo-o, M, shiny|100\/100\n|move|p2a: Greninja|Dark Pulse|p1a: Kommo-o\n|-resisted|p1a: Kommo-o\n|-damage|p1a: Kommo-o|90\/100\n|\n|upkeep\n|turn|3\n|\n|t:|1700191916\n|move|p2a: Greninja|Taunt|p1a: Kommo-o\n|-start|p1a: Kommo-o|move: Taunt\n|move|p1a: Kommo-o|Clanging Scales|p2a: Greninja\n|-damage|p2a: Greninja|23\/100\n|-unboost|p1a: Kommo-o|def|1\n|\n|upkeep\n|turn|4\n|\n|t:|1700191924\n|move|p1a: Kommo-o|Vacuum Wave|p2a: Greninja\n|-supereffective|p2a: Greninja\n|-damage|p2a: Greninja|0 fnt\n|faint|p2a: Greninja\n|\n|upkeep\n|\n|t:|1700191938\n|switch|p2a: Iron Valiant|Iron Valiant|100\/100\n|-enditem|p2a: Iron Valiant|Booster Energy\n|-activate|p2a: Iron Valiant|ability: Quark Drive|[fromitem]\n|-start|p2a: Iron Valiant|quarkdrivespe\n|turn|5\n|\n|t:|1700191946\n|-terastallize|p1a: Kommo-o|Fire\n|move|p2a: Iron Valiant|Calm Mind|p2a: Iron Valiant\n|-boost|p2a: Iron Valiant|spa|1\n|-boost|p2a: Iron Valiant|spd|1\n|move|p1a: Kommo-o|Flamethrower|p2a: Iron Valiant\n|-damage|p2a: Iron Valiant|45\/100\n|\n|-end|p1a: Kommo-o|move: Taunt\n|upkeep\n|turn|6\n|\n|t:|1700191955\n|-terastallize|p2a: Iron Valiant|Fire\n|move|p2a: Iron Valiant|Psyshock|p1a: Kommo-o\n|-damage|p1a: Kommo-o|31\/100\n|move|p1a: Kommo-o|Flamethrower|p2a: Iron Valiant\n|-resisted|p2a: Iron Valiant\n|-damage|p2a: Iron Valiant|21\/100\n|\n|upkeep\n|turn|7\n|\n|t:|1700191962\n|move|p1a: Kommo-o|Vacuum Wave|p2a: Iron Valiant\n|-damage|p2a: Iron Valiant|0 fnt\n|faint|p2a: Iron Valiant\n|-end|p2a: Iron Valiant|Quark Drive|[silent]\n|\n|upkeep\n|-message|Fumimico forfeited.\n|\n|win|wyverbal\n|raw|wyverbal's rating: 1097 &rarr; <strong>1129<\/strong><br \/>(+32 for winning)\n|raw|Fumimico's rating: 1184 &rarr; <strong>1153<\/strong><br \/>(-31 for losing)\n|l|\u2606Fumimico\n","uploadtime":1700191972,"views":7,"p1id":"wyverbal","p2id":"fumimico","formatid":"gen9ou","rating":1129,"private":0,"password":""}