{"id":"gen9ou-1991346132","p1":"BirbGuyMan","p2":"TheOcusP","format":"[Gen 9] OU","log":"|j|\u2606BirbGuyMan\n|j|\u2606TheOcusP\n|t:|1700069483\n|gametype|singles\n|player|p1|BirbGuyMan|170|1113\n|player|p2|TheOcusP|266|1157\n|teamsize|p1|6\n|teamsize|p2|6\n|gen|9\n|tier|[Gen 9] OU\n|rated|\n|rule|Sleep Clause Mod: Limit one foe put to sleep\n|rule|Species Clause: Limit one of each Pok\u00e9mon\n|rule|OHKO Clause: OHKO moves are banned\n|rule|Evasion Items Clause: Evasion items are banned\n|rule|Evasion Moves Clause: Evasion moves are banned\n|rule|Endless Battle Clause: Forcing endless battles is banned\n|rule|HP Percentage Mod: HP is shown in percentages\n|clearpoke\n|poke|p1|Sneasler, F|\n|poke|p1|Heatran, M|\n|poke|p1|Walking Wake|\n|poke|p1|Zapdos|\n|poke|p1|Great Tusk|\n|poke|p1|Ninetales-Alola, F|\n|poke|p2|Gholdengo|\n|poke|p2|Kleavor, F|\n|poke|p2|Kingambit, M|\n|poke|p2|Glimmora, F|\n|poke|p2|Ribombee, F|\n|poke|p2|Froslass, F|\n|teampreview\n|\n|t:|1700069507\n|start\n|switch|p1a: Roach|Heatran, M|100\/100\n|switch|p2a: Froslass|Froslass, F|100\/100\n|turn|1\n|\n|t:|1700069575\n|move|p2a: Froslass|Trick|p1a: Roach\n|-activate|p2a: Froslass|move: Trick|[of] p1a: Roach\n|-item|p1a: Roach|Choice Scarf|[from] move: Trick\n|-item|p2a: Froslass|Leftovers|[from] move: Trick\n|move|p1a: Roach|Will-O-Wisp|p2a: Froslass\n|-status|p2a: Froslass|brn\n|\n|-damage|p2a: Froslass|94\/100 brn|[from] brn\n|upkeep\n|turn|2\n|\n|t:|1700069583\n|switch|p1a: Ninetales|Ninetales-Alola, F|100\/100\n|-weather|Snow|[from] ability: Snow Warning|[of] p1a: Ninetales\n|move|p2a: Froslass|Thunder Wave|p1a: Ninetales|[miss]\n|-miss|p2a: Froslass|p1a: Ninetales\n|\n|-weather|Snow|[upkeep]\n|-heal|p2a: Froslass|100\/100 brn|[from] item: Leftovers\n|-damage|p2a: Froslass|94\/100 brn|[from] brn\n|upkeep\n|turn|3\n|\n|t:|1700069593\n|move|p2a: Froslass|Thunder Wave|p1a: Ninetales\n|-status|p1a: Ninetales|par\n|move|p1a: Ninetales|Aurora Veil|p1a: Ninetales\n|-sidestart|p1: BirbGuyMan|move: Aurora Veil\n|\n|-weather|Snow|[upkeep]\n|-heal|p2a: Froslass|100\/100 brn|[from] item: Leftovers\n|-damage|p2a: Froslass|94\/100 brn|[from] brn\n|upkeep\n|turn|4\n|\n|t:|1700069602\n|move|p2a: Froslass|Shadow Ball|p1a: Ninetales\n|-damage|p1a: Ninetales|86\/100 par\n|move|p1a: Ninetales|Moonblast|p2a: Froslass\n|-damage|p2a: Froslass|47\/100 brn\n|\n|-weather|Snow|[upkeep]\n|-heal|p2a: Froslass|53\/100 brn|[from] item: Leftovers\n|-damage|p2a: Froslass|47\/100 brn|[from] brn\n|upkeep\n|turn|5\n|\n|t:|1700069617\n|move|p2a: Froslass|Shadow Ball|p1a: Ninetales\n|-damage|p1a: Ninetales|70\/100 par\n|cant|p1a: Ninetales|par\n|\n|-weather|Snow|[upkeep]\n|-heal|p2a: Froslass|53\/100 brn|[from] item: Leftovers\n|-damage|p2a: Froslass|47\/100 brn|[from] brn\n|upkeep\n|turn|6\n|\n|t:|1700069622\n|move|p2a: Froslass|Shadow Ball|p1a: Ninetales\n|-damage|p1a: Ninetales|56\/100 par\n|cant|p1a: Ninetales|par\n|\n|-weather|none\n|-heal|p2a: Froslass|53\/100 brn|[from] item: Leftovers\n|-damage|p2a: Froslass|47\/100 brn|[from] brn\n|upkeep\n|turn|7\n|\n|t:|1700069627\n|move|p2a: Froslass|Shadow Ball|p1a: Ninetales\n|-damage|p1a: Ninetales|40\/100 par\n|move|p1a: Ninetales|Moonblast|p2a: Froslass\n|-damage|p2a: Froslass|5\/100 brn\n|-unboost|p2a: Froslass|spa|1\n|\n|-heal|p2a: Froslass|11\/100 brn|[from] item: Leftovers\n|-damage|p2a: Froslass|5\/100 brn|[from] brn\n|upkeep\n|turn|8\n|\n|t:|1700069646\n|move|p2a: Froslass|Trick|p1a: Ninetales\n|-activate|p2a: Froslass|move: Trick|[of] p1a: Ninetales\n|-item|p1a: Ninetales|Leftovers|[from] move: Trick\n|-item|p2a: Froslass|Light Clay|[from] move: Trick\n|move|p1a: Ninetales|Moonblast|p2a: Froslass\n|-damage|p2a: Froslass|0 fnt\n|faint|p2a: Froslass\n|\n|-heal|p1a: Ninetales|46\/100 par|[from] item: Leftovers\n|upkeep\n|\n|t:|1700069650\n|switch|p2a: Pointy|Kleavor, F|100\/100\n|turn|9\n|\n|t:|1700069661\n|move|p2a: Pointy|Stone Axe|p1a: Ninetales\n|-supereffective|p1a: Ninetales\n|-crit|p1a: Ninetales\n|-damage|p1a: Ninetales|0 fnt\n|-sidestart|p1: BirbGuyMan|move: Stealth Rock\n|faint|p1a: Ninetales\n|\n|upkeep\n|\n|t:|1700069668\n|switch|p1a: Roach|Heatran, M|100\/100\n|-damage|p1a: Roach|88\/100|[from] Stealth Rock\n|turn|10\n|\n|t:|1700069675\n|move|p2a: Pointy|Stone Axe|p1a: Roach\n|-damage|p1a: Roach|64\/100\n|move|p1a: Roach|Magma Storm|p2a: Pointy|[miss]\n|-miss|p1a: Roach|p2a: Pointy\n|\n|-sideend|p1: BirbGuyMan|move: Aurora Veil\n|upkeep\n|turn|11\n|\n|t:|1700069680\n|move|p2a: Pointy|Stone Axe|p1a: Roach\n|-damage|p1a: Roach|25\/100\n|move|p1a: Roach|Magma Storm|p2a: Pointy\n|-damage|p2a: Pointy|31\/100\n|-activate|p2a: Pointy|move: Magma Storm|[of] p1a: Roach\n|\n|-damage|p2a: Pointy|19\/100|[from] move: Magma Storm|[partiallytrapped]\n|upkeep\n|turn|12\n|\n|t:|1700069690\n|switch|p1a: Gliscor-T|Great Tusk|100\/100\n|-damage|p1a: Gliscor-T|98\/100|[from] Stealth Rock\n|move|p2a: Pointy|Stone Axe|p1a: Gliscor-T\n|-resisted|p1a: Gliscor-T\n|-damage|p1a: Gliscor-T|91\/100\n|\n|-heal|p1a: Gliscor-T|98\/100|[from] item: Leftovers\n|-end|p2a: Pointy|Magma Storm|[partiallytrapped]|[silent]\n|upkeep\n|turn|13\n|\n|t:|1700069696\n|switch|p2a: Lucky|Gholdengo|100\/100\n|-item|p2a: Lucky|Air Balloon\n|move|p1a: Gliscor-T|Knock Off|p2a: Lucky\n|-supereffective|p2a: Lucky\n|-damage|p2a: Lucky|33\/100\n|-enditem|p2a: Lucky|Air Balloon\n|\n|-heal|p1a: Gliscor-T|100\/100|[from] item: Leftovers\n|upkeep\n|turn|14\n|\n|t:|1700069703\n|move|p2a: Lucky|Focus Blast|p1a: Gliscor-T|[miss]\n|-miss|p2a: Lucky|p1a: Gliscor-T\n|move|p1a: Gliscor-T|Earthquake|p2a: Lucky\n|-supereffective|p2a: Lucky\n|-damage|p2a: Lucky|0 fnt\n|faint|p2a: Lucky\n|\n|upkeep\n|\n|t:|1700069708\n|switch|p2a: Pointy|Kleavor, F|19\/100\n|turn|15\n|\n|t:|1700069726\n|move|p2a: Pointy|Close Combat|p1a: Gliscor-T\n|-damage|p1a: Gliscor-T|79\/100\n|-unboost|p2a: Pointy|def|1\n|-unboost|p2a: Pointy|spd|1\n|move|p1a: Gliscor-T|Rapid Spin|p2a: Pointy\n|-resisted|p2a: Pointy\n|-damage|p2a: Pointy|5\/100\n|-boost|p1a: Gliscor-T|spe|1\n|-sideend|p1: BirbGuyMan|Stealth Rock|[from] move: Rapid Spin|[of] p1a: Gliscor-T\n|\n|-heal|p1a: Gliscor-T|85\/100|[from] item: Leftovers\n|upkeep\n|turn|16\n|\n|t:|1700069731\n|move|p1a: Gliscor-T|Rapid Spin|p2a: Pointy\n|-resisted|p2a: Pointy\n|-damage|p2a: Pointy|0 fnt\n|-boost|p1a: Gliscor-T|spe|1\n|faint|p2a: Pointy\n|\n|-heal|p1a: Gliscor-T|91\/100|[from] item: Leftovers\n|upkeep\n|\n|t:|1700069735\n|switch|p2a: Ribombee|Ribombee, F|100\/100\n|turn|17\n|\n|t:|1700069764\n|move|p1a: Gliscor-T|Earthquake|p2a: Ribombee\n|-resisted|p2a: Ribombee\n|-damage|p2a: Ribombee|59\/100\n|move|p2a: Ribombee|Trick|p1a: Gliscor-T\n|-activate|p2a: Ribombee|move: Trick|[of] p1a: Gliscor-T\n|-item|p1a: Gliscor-T|Choice Specs|[from] move: Trick\n|-item|p2a: Ribombee|Leftovers|[from] move: Trick\n|\n|-heal|p2a: Ribombee|65\/100|[from] item: Leftovers\n|upkeep\n|turn|18\n|\n|t:|1700069777\n|move|p1a: Gliscor-T|Earthquake|p2a: Ribombee\n|-resisted|p2a: Ribombee\n|-damage|p2a: Ribombee|25\/100\n|move|p2a: Ribombee|Moonblast|p1a: Gliscor-T\n|-supereffective|p1a: Gliscor-T\n|-damage|p1a: Gliscor-T|0 fnt\n|faint|p1a: Gliscor-T\n|-end|p1a: Gliscor-T|Protosynthesis|[silent]\n|\n|-heal|p2a: Ribombee|31\/100|[from] item: Leftovers\n|upkeep\n|\n|t:|1700069793\n|switch|p1a: Hummingbird|Zapdos, shiny|100\/100\n|turn|19\n|\n|t:|1700069797\n|move|p2a: Ribombee|Sticky Web|p1a: Hummingbird\n|-sidestart|p1: BirbGuyMan|move: Sticky Web\n|move|p1a: Hummingbird|Volt Switch|p2a: Ribombee\n|-damage|p2a: Ribombee|0 fnt\n|faint|p2a: Ribombee\n|\n|t:|1700069812\n|switch|p1a: Walter|Walking Wake|100\/100|[from] Volt Switch\n|-activate|p1a: Walter|move: Sticky Web\n|-unboost|p1a: Walter|spe|1\n|-enditem|p1a: Walter|Booster Energy\n|-activate|p1a: Walter|ability: Protosynthesis|[fromitem]\n|-start|p1a: Walter|protosynthesisspa\n|\n|upkeep\n|\n|t:|1700069818\n|switch|p2a: Impy|Glimmora, F|100\/100\n|turn|20\n|\n|t:|1700069829\n|move|p2a: Impy|Energy Ball|p1a: Walter\n|-damage|p1a: Walter|62\/100\n|move|p1a: Walter|Hydro Steam|p2a: Impy\n|-supereffective|p2a: Impy\n|-damage|p2a: Impy|0 fnt\n|faint|p2a: Impy\n|\n|upkeep\n|\n|t:|1700069836\n|switch|p2a: Grizzly|Kingambit, M|100\/100\n|-activate|p2a: Grizzly|ability: Supreme Overlord\n|-start|p2a: Grizzly|fallen5|[silent]\n|turn|21\n|\n|t:|1700069839\n|move|p1a: Walter|Agility|p1a: Walter\n|-boost|p1a: Walter|spe|2\n|move|p2a: Grizzly|Swords Dance|p2a: Grizzly\n|-boost|p2a: Grizzly|atk|2\n|\n|upkeep\n|turn|22\n|\n|t:|1700069849\n|move|p2a: Grizzly|Sucker Punch||[still]\n|-fail|p2a: Grizzly\n|move|p1a: Walter|Agility|p1a: Walter\n|-boost|p1a: Walter|spe|2\n|\n|upkeep\n|turn|23\n|\n|t:|1700069863\n|move|p1a: Walter|Flamethrower|p2a: Grizzly\n|-supereffective|p2a: Grizzly\n|-damage|p2a: Grizzly|16\/100\n|move|p2a: Grizzly|Kowtow Cleave|p1a: Walter\n|-damage|p1a: Walter|0 fnt\n|faint|p1a: Walter\n|-end|p1a: Walter|Protosynthesis|[silent]\n|\n|-heal|p2a: Grizzly|22\/100|[from] item: Leftovers\n|upkeep\n|\n|t:|1700069877\n|switch|p1a: Hummingbird|Zapdos, shiny|100\/100\n|turn|24\n|\n|t:|1700069881\n|move|p2a: Grizzly|Sucker Punch|p1a: Hummingbird\n|-damage|p1a: Hummingbird|7\/100\n|move|p1a: Hummingbird|Discharge|p2a: Grizzly\n|-damage|p2a: Grizzly|0 fnt\n|faint|p2a: Grizzly\n|-end|p2a: Grizzly|fallen5|[silent]\n|\n|win|BirbGuyMan\n|raw|BirbGuyMan's rating: 1113 &rarr; <strong>1141<\/strong><br \/>(+28 for winning)\n|raw|TheOcusP's rating: 1157 &rarr; <strong>1129<\/strong><br \/>(-28 for losing)\n|l|\u2606TheOcusP\n|c|\u2606BirbGuyMan|Gg\n","uploadtime":1700069898,"views":30,"p1id":"birbguyman","p2id":"theocusp","formatid":"gen9ou","rating":1129,"private":0,"password":""}