{"id":"gen9ou-1998289437","p1":"projetox","p2":"morlyaur","format":"[Gen 9] OU","log":"|j|\u2606projetox\n|j|\u2606morlyaur\n|t:|1700925234\n|gametype|singles\n|player|p1|projetox|unknown|1097\n|player|p2|morlyaur|artist-gen4|1077\n|teamsize|p1|6\n|teamsize|p2|6\n|gen|9\n|tier|[Gen 9] OU\n|rated|\n|rule|Sleep Clause Mod: Limit one foe put to sleep\n|rule|Species Clause: Limit one of each Pok\u00e9mon\n|rule|OHKO Clause: OHKO moves are banned\n|rule|Evasion Items Clause: Evasion items are banned\n|rule|Evasion Moves Clause: Evasion moves are banned\n|rule|Endless Battle Clause: Forcing endless battles is banned\n|rule|HP Percentage Mod: HP is shown in percentages\n|clearpoke\n|poke|p1|Conkeldurr, M|\n|poke|p1|Empoleon, F|\n|poke|p1|Iron Valiant|\n|poke|p1|Tyranitar, M|\n|poke|p1|Corviknight, M|\n|poke|p1|Meowscarada, M|\n|poke|p2|Cinderace, F|\n|poke|p2|Dragapult, F|\n|poke|p2|Iron Valiant|\n|poke|p2|Kingambit, M|\n|poke|p2|Ting-Lu|\n|poke|p2|Gholdengo|\n|teampreview\n|inactive|Battle timer is ON: inactive players will automatically lose when time's up. (requested by morlyaur)\n|inactive|projetox has 120 seconds left.\n|\n|t:|1700925314\n|start\n|switch|p1a: Corviknight|Corviknight, M|100\/100\n|switch|p2a: Cinderace|Cinderace, F|100\/100\n|-ability|p1a: Corviknight|Pressure\n|turn|1\n|inactive|projetox has 120 seconds left.\n|inactive|projetox has 90 seconds left.\n|\n|t:|1700925374\n|move|p2a: Cinderace|U-turn|p1a: Corviknight\n|-resisted|p1a: Corviknight\n|-damage|p1a: Corviknight|97\/100\n|-damage|p2a: Cinderace|84\/100|[from] item: Rocky Helmet|[of] p1a: Corviknight\n|\n|t:|1700925384\n|switch|p2a: Dragapult|Dragapult, F|100\/100|[from] U-turn\n|move|p1a: Corviknight|Brave Bird|p2a: Dragapult\n|-damage|p2a: Dragapult|37\/100\n|-damage|p1a: Corviknight|81\/100|[from] Recoil\n|\n|-heal|p2a: Dragapult|43\/100|[from] item: Leftovers\n|upkeep\n|turn|2\n|\n|t:|1700925390\n|move|p2a: Dragapult|Will-O-Wisp|p1a: Corviknight|[miss]\n|-miss|p2a: Dragapult|p1a: Corviknight\n|move|p1a: Corviknight|Brave Bird|p2a: Dragapult\n|-damage|p2a: Dragapult|0 fnt\n|faint|p2a: Dragapult\n|-damage|p1a: Corviknight|70\/100|[from] Recoil\n|\n|upkeep\n|\n|t:|1700925396\n|switch|p2a: Cinderace|Cinderace, F|84\/100\n|turn|3\n|\n|t:|1700925401\n|move|p2a: Cinderace|Pyro Ball|p1a: Corviknight\n|-supereffective|p1a: Corviknight\n|-damage|p1a: Corviknight|6\/100\n|move|p1a: Corviknight|Brave Bird|p2a: Cinderace\n|-damage|p2a: Cinderace|34\/100\n|-damage|p1a: Corviknight|0 fnt|[from] Recoil\n|faint|p1a: Corviknight\n|\n|upkeep\n|\n|t:|1700925413\n|switch|p1a: Conkeldurr|Conkeldurr, M|100\/100\n|turn|4\n|\n|t:|1700925417\n|move|p1a: Conkeldurr|Mach Punch|p2a: Cinderace\n|-damage|p2a: Cinderace|6\/100\n|move|p2a: Cinderace|U-turn|p1a: Conkeldurr\n|-resisted|p1a: Conkeldurr\n|-damage|p1a: Conkeldurr|91\/100\n|\n|t:|1700925430\n|switch|p2a: Iron Valiant|Iron Valiant|100\/100|[from] U-turn\n|-enditem|p2a: Iron Valiant|Booster Energy\n|-activate|p2a: Iron Valiant|ability: Quark Drive|[fromitem]\n|-start|p2a: Iron Valiant|quarkdrivespe\n|\n|-status|p1a: Conkeldurr|brn|[from] item: Flame Orb\n|upkeep\n|turn|5\n|\n|t:|1700925438\n|-terastallize|p1a: Conkeldurr|Steel\n|move|p2a: Iron Valiant|Encore|p1a: Conkeldurr\n|-start|p1a: Conkeldurr|Encore\n|move|p1a: Conkeldurr|Mach Punch|p2a: Iron Valiant\n|-resisted|p2a: Iron Valiant\n|-damage|p2a: Iron Valiant|76\/100\n|\n|-damage|p1a: Conkeldurr|85\/100 brn|[from] brn\n|upkeep\n|turn|6\n|\n|t:|1700925453\n|move|p1a: Conkeldurr|Mach Punch|p2a: Iron Valiant\n|-resisted|p2a: Iron Valiant\n|-damage|p2a: Iron Valiant|51\/100\n|move|p2a: Iron Valiant|Swords Dance|p2a: Iron Valiant\n|-boost|p2a: Iron Valiant|atk|2\n|\n|-damage|p1a: Conkeldurr|78\/100 brn|[from] brn\n|upkeep\n|turn|7\n|\n|t:|1700925457\n|move|p1a: Conkeldurr|Mach Punch|p2a: Iron Valiant\n|-resisted|p2a: Iron Valiant\n|-damage|p2a: Iron Valiant|26\/100\n|move|p2a: Iron Valiant|Close Combat|p1a: Conkeldurr\n|-supereffective|p1a: Conkeldurr\n|-damage|p1a: Conkeldurr|0 fnt\n|-unboost|p2a: Iron Valiant|def|1\n|-unboost|p2a: Iron Valiant|spd|1\n|faint|p1a: Conkeldurr\n|\n|upkeep\n|inactive|projetox has 120 seconds left.\n|\n|t:|1700925484\n|switch|p1a: Meowscarada|Meowscarada, M|100\/100\n|turn|8\n|\n|t:|1700925488\n|move|p1a: Meowscarada|Sucker Punch|p2a: Iron Valiant\n|-start|p1a: Meowscarada|typechange|Dark|[from] ability: Protean\n|-resisted|p2a: Iron Valiant\n|-damage|p2a: Iron Valiant|11\/100\n|move|p2a: Iron Valiant|Close Combat|p1a: Meowscarada\n|-supereffective|p1a: Meowscarada\n|-damage|p1a: Meowscarada|0 fnt\n|-unboost|p2a: Iron Valiant|def|1\n|-unboost|p2a: Iron Valiant|spd|1\n|faint|p1a: Meowscarada\n|\n|upkeep\n|\n|t:|1700925499\n|switch|p1a: Iron Valiant|Iron Valiant|100\/100\n|turn|9\n|\n|t:|1700925504\n|move|p2a: Iron Valiant|Close Combat|p1a: Iron Valiant\n|-resisted|p1a: Iron Valiant\n|-damage|p1a: Iron Valiant|17\/100\n|-unboost|p2a: Iron Valiant|def|1\n|-unboost|p2a: Iron Valiant|spd|1\n|move|p1a: Iron Valiant|Psychic|p2a: Iron Valiant\n|-supereffective|p2a: Iron Valiant\n|-damage|p2a: Iron Valiant|0 fnt\n|faint|p2a: Iron Valiant\n|-end|p2a: Iron Valiant|Quark Drive|[silent]\n|-damage|p1a: Iron Valiant|8\/100|[from] item: Life Orb\n|\n|upkeep\n|\n|t:|1700925514\n|switch|p2a: Cinderace|Cinderace, F|6\/100\n|turn|10\n|\n|t:|1700925529\n|move|p2a: Cinderace|U-turn|p1a: Iron Valiant\n|-resisted|p1a: Iron Valiant\n|-damage|p1a: Iron Valiant|2\/100\n|\n|t:|1700925545\n|switch|p2a: Gholdengo|Gholdengo|100\/100|[from] U-turn\n|-item|p2a: Gholdengo|Air Balloon\n|move|p1a: Iron Valiant|Aura Sphere|p2a: Gholdengo\n|-immune|p2a: Gholdengo\n|\n|upkeep\n|turn|11\n|\n|t:|1700925552\n|move|p1a: Iron Valiant|Shadow Ball|p2a: Gholdengo\n|-supereffective|p2a: Gholdengo\n|-damage|p2a: Gholdengo|20\/100\n|-enditem|p2a: Gholdengo|Air Balloon\n|-damage|p1a: Iron Valiant|0 fnt|[from] item: Life Orb\n|faint|p1a: Iron Valiant\n|-end|p1a: Iron Valiant|Quark Drive|[silent]\n|move|p2a: Gholdengo|Shadow Ball|p1: Iron Valiant|[notarget]\n|-fail|p2a: Gholdengo\n|\n|upkeep\n|\n|t:|1700925557\n|switch|p1a: Tyranitar|Tyranitar, M|100\/100\n|-weather|Sandstorm|[from] ability: Sand Stream|[of] p1a: Tyranitar\n|turn|12\n|\n|t:|1700925565\n|move|p1a: Tyranitar|Earthquake|p2a: Gholdengo\n|-supereffective|p2a: Gholdengo\n|-damage|p2a: Gholdengo|0 fnt\n|faint|p2a: Gholdengo\n|\n|-weather|Sandstorm|[upkeep]\n|upkeep\n|\n|t:|1700925572\n|switch|p2a: Ting-Lu|Ting-Lu|100\/100\n|-ability|p2a: Ting-Lu|Vessel of Ruin\n|turn|13\n|\n|t:|1700925576\n|switch|p1a: Empoleon|Empoleon, F|100\/100\n|move|p2a: Ting-Lu|Earthquake|p1a: Empoleon\n|-supereffective|p1a: Empoleon\n|-damage|p1a: Empoleon|25\/100\n|\n|-weather|Sandstorm|[upkeep]\n|upkeep\n|turn|14\n|\n|t:|1700925581\n|move|p1a: Empoleon|Surf|p2a: Ting-Lu\n|-supereffective|p2a: Ting-Lu\n|-damage|p2a: Ting-Lu|42\/100\n|move|p2a: Ting-Lu|Earthquake|p1a: Empoleon\n|-supereffective|p1a: Empoleon\n|-crit|p1a: Empoleon\n|-damage|p1a: Empoleon|0 fnt\n|faint|p1a: Empoleon\n|\n|-weather|Sandstorm|[upkeep]\n|-heal|p2a: Ting-Lu|48\/100|[from] item: Leftovers\n|upkeep\n|\n|t:|1700925584\n|switch|p1a: Tyranitar|Tyranitar, M|100\/100\n|turn|15\n|\n|t:|1700925590\n|move|p1a: Tyranitar|Earthquake|p2a: Ting-Lu\n|-damage|p2a: Ting-Lu|27\/100\n|move|p2a: Ting-Lu|Earthquake|p1a: Tyranitar\n|-supereffective|p1a: Tyranitar\n|-damage|p1a: Tyranitar|31\/100\n|\n|-weather|Sandstorm|[upkeep]\n|-heal|p2a: Ting-Lu|33\/100|[from] item: Leftovers\n|upkeep\n|turn|16\n|\n|t:|1700925594\n|move|p1a: Tyranitar|Earthquake|p2a: Ting-Lu\n|-damage|p2a: Ting-Lu|14\/100\n|move|p2a: Ting-Lu|Earthquake|p1a: Tyranitar\n|-supereffective|p1a: Tyranitar\n|-damage|p1a: Tyranitar|0 fnt\n|faint|p1a: Tyranitar\n|\n|win|morlyaur\n|raw|projetox's rating: 1097 &rarr; <strong>1071<\/strong><br \/>(-26 for losing)\n|raw|morlyaur's rating: 1077 &rarr; <strong>1107<\/strong><br \/>(+30 for winning)\n","uploadtime":1700925597,"views":2,"p1id":"projetox","p2id":"morlyaur","formatid":"gen9ou","rating":1071,"private":0,"password":""}