{"id":"gen9ou-1989070455","p1":"CaptainFlixon","p2":"AlexDaDuck","format":"[Gen 9] OU","log":"|j|\u2606CaptainFlixon\n|j|\u2606AlexDaDuck\n|t:|1699808930\n|gametype|singles\n|player|p1|CaptainFlixon|guitarist|1407\n|player|p2|AlexDaDuck|169|1454\n|teamsize|p1|6\n|teamsize|p2|6\n|gen|9\n|tier|[Gen 9] OU\n|rated|\n|rule|Sleep Clause Mod: Limit one foe put to sleep\n|rule|Species Clause: Limit one of each Pok\u00e9mon\n|rule|OHKO Clause: OHKO moves are banned\n|rule|Evasion Items Clause: Evasion items are banned\n|rule|Evasion Moves Clause: Evasion moves are banned\n|rule|Endless Battle Clause: Forcing endless battles is banned\n|rule|HP Percentage Mod: HP is shown in percentages\n|clearpoke\n|poke|p1|Cinderace, M|\n|poke|p1|Enamorus, F|\n|poke|p1|Dragonite, F|\n|poke|p1|Clefable, M|\n|poke|p1|Zapdos|\n|poke|p1|Heatran, M|\n|poke|p2|Ninetales-Alola, M|\n|poke|p2|Kommo-o, M|\n|poke|p2|Sneasler, M|\n|poke|p2|Samurott-Hisui, M|\n|poke|p2|Ogerpon-Cornerstone, F|\n|poke|p2|Espeon, F|\n|teampreview\n|\n|t:|1699808950\n|start\n|switch|p1a: Enamorus|Enamorus, F|100\/100\n|switch|p2a: Ninetales|Ninetales-Alola, M|100\/100\n|-weather|Snow|[from] ability: Snow Warning|[of] p2a: Ninetales\n|turn|1\n|\n|t:|1699808976\n|move|p1a: Enamorus|Earth Power|p2a: Ninetales\n|-damage|p2a: Ninetales|63\/100\n|move|p2a: Ninetales|Aurora Veil|p2a: Ninetales\n|-sidestart|p2: AlexDaDuck|move: Aurora Veil\n|\n|-weather|Snow|[upkeep]\n|upkeep\n|turn|2\n|\n|t:|1699808983\n|switch|p1a: Cinderace|Cinderace, M|100\/100\n|move|p2a: Ninetales|Blizzard|p1a: Cinderace\n|-resisted|p1a: Cinderace\n|-damage|p1a: Cinderace|69\/100\n|\n|-weather|Snow|[upkeep]\n|upkeep\n|turn|3\n|\n|t:|1699808990\n|move|p1a: Cinderace|Court Change|p1a: Cinderace\n|-start|p1a: Cinderace|typechange|Normal|[from] ability: Libero\n|-swapsideconditions\n|-activate|p1a: Cinderace|move: Court Change\n|move|p2a: Ninetales|Encore|p1a: Cinderace\n|-start|p1a: Cinderace|Encore\n|\n|-weather|Snow|[upkeep]\n|upkeep\n|turn|4\n|\n|t:|1699809006\n|switch|p1a: Zapdos|Zapdos|100\/100\n|move|p2a: Ninetales|Aurora Veil|p2a: Ninetales\n|-sidestart|p2: AlexDaDuck|move: Aurora Veil\n|\n|-weather|Snow|[upkeep]\n|upkeep\n|turn|5\n|\n|t:|1699809011\n|move|p2a: Ninetales|Aurora Veil||[still]\n|-fail|p2a: Ninetales\n|move|p1a: Zapdos|Heat Wave|p2a: Ninetales\n|-supereffective|p2a: Ninetales\n|-damage|p2a: Ninetales|33\/100\n|\n|-weather|none\n|upkeep\n|turn|6\n|\n|t:|1699809019\n|move|p2a: Ninetales|Blizzard|p1a: Zapdos\n|-supereffective|p1a: Zapdos\n|-damage|p1a: Zapdos|62\/100\n|move|p1a: Zapdos|Heat Wave|p2a: Ninetales|[miss]\n|-miss|p1a: Zapdos|p2a: Ninetales\n|\n|upkeep\n|turn|7\n|\n|t:|1699809039\n|switch|p2a: Ogerpon|Ogerpon-Cornerstone, F|100\/100\n|move|p1a: Zapdos|Roost|p1a: Zapdos\n|-heal|p1a: Zapdos|100\/100\n|-singleturn|p1a: Zapdos|move: Roost\n|\n|upkeep\n|turn|8\n|\n|t:|1699809046\n|move|p2a: Ogerpon|Ivy Cudgel|p1a: Zapdos\n|-supereffective|p1a: Zapdos\n|-damage|p1a: Zapdos|43\/100\n|move|p1a: Zapdos|Hurricane|p2a: Ogerpon\n|-damage|p2a: Ogerpon|74\/100\n|\n|-sideend|p1: CaptainFlixon|move: Aurora Veil\n|upkeep\n|turn|9\n|\n|t:|1699809061\n|move|p2a: Ogerpon|Ivy Cudgel|p1a: Zapdos\n|-supereffective|p1a: Zapdos\n|-crit|p1a: Zapdos\n|-damage|p1a: Zapdos|0 fnt\n|faint|p1a: Zapdos\n|\n|upkeep\n|\n|t:|1699809074\n|switch|p1a: Clefable|Clefable, M|100\/100\n|turn|10\n|\n|t:|1699809079\n|move|p2a: Ogerpon|Knock Off|p1a: Clefable\n|-resisted|p1a: Clefable\n|-damage|p1a: Clefable|87\/100\n|-enditem|p1a: Clefable|Leftovers|[from] move: Knock Off|[of] p2a: Ogerpon\n|move|p1a: Clefable|Wish|p1a: Clefable\n|\n|upkeep\n|turn|11\n|\n|t:|1699809085\n|move|p2a: Ogerpon|U-turn|p1a: Clefable\n|-resisted|p1a: Clefable\n|-damage|p1a: Clefable|77\/100\n|\n|t:|1699809093\n|switch|p2a: Ninetales|Ninetales-Alola, M|33\/100|[from] U-turn\n|-weather|Snow|[from] ability: Snow Warning|[of] p2a: Ninetales\n|move|p1a: Clefable|Moonblast|p2a: Ninetales\n|-damage|p2a: Ninetales|15\/100\n|\n|-weather|Snow|[upkeep]\n|-heal|p1a: Clefable|100\/100|[from] move: Wish|[wisher] Clefable\n|-sideend|p2: AlexDaDuck|move: Aurora Veil\n|upkeep\n|turn|12\n|\n|t:|1699809104\n|move|p2a: Ninetales|Aurora Veil|p2a: Ninetales\n|-sidestart|p2: AlexDaDuck|move: Aurora Veil\n|move|p1a: Clefable|Stealth Rock|p2a: Ninetales\n|-sidestart|p2: AlexDaDuck|move: Stealth Rock\n|\n|-weather|Snow|[upkeep]\n|upkeep\n|turn|13\n|\n|t:|1699809131\n|switch|p2a: Espeon|Espeon, F|100\/100\n|-damage|p2a: Espeon|88\/100|[from] Stealth Rock\n|move|p1a: Clefable|Wish|p1a: Clefable\n|\n|-weather|Snow|[upkeep]\n|upkeep\n|turn|14\n|\n|t:|1699809138\n|move|p2a: Espeon|Calm Mind|p2a: Espeon\n|-boost|p2a: Espeon|spa|1\n|-boost|p2a: Espeon|spd|1\n|move|p1a: Clefable|Moonblast|p2a: Espeon\n|-damage|p2a: Espeon|75\/100\n|-enditem|p2a: Espeon|Eject Button\n|\n|t:|1699809143\n|switch|p2a: Sneasler|Sneasler, M|100\/100\n|-damage|p2a: Sneasler|95\/100|[from] Stealth Rock\n|-item|p2a: Sneasler|Air Balloon\n|\n|-weather|Snow|[upkeep]\n|upkeep\n|turn|15\n|\n|t:|1699809163\n|-terastallize|p1a: Clefable|Water\n|move|p2a: Sneasler|Swords Dance|p2a: Sneasler\n|-boost|p2a: Sneasler|atk|2\n|move|p1a: Clefable|Moonblast|p2a: Sneasler\n|-damage|p2a: Sneasler|80\/100\n|-enditem|p2a: Sneasler|Air Balloon\n|\n|-weather|none\n|upkeep\n|turn|16\n|\n|t:|1699809176\n|switch|p1a: Heatran|Heatran, M|100\/100\n|move|p2a: Sneasler|Dire Claw|p1a: Heatran\n|-immune|p1a: Heatran\n|\n|upkeep\n|turn|17\n|\n|t:|1699809187\n|move|p2a: Sneasler|Close Combat|p1a: Heatran\n|-supereffective|p1a: Heatran\n|-damage|p1a: Heatran|0 fnt\n|-unboost|p2a: Sneasler|def|1\n|-unboost|p2a: Sneasler|spd|1\n|faint|p1a: Heatran\n|\n|upkeep\n|\n|t:|1699809199\n|switch|p1a: Enamorus|Enamorus, F|100\/100\n|turn|18\n|\n|t:|1699809205\n|move|p2a: Sneasler|Dire Claw|p1a: Enamorus\n|-supereffective|p1a: Enamorus\n|-damage|p1a: Enamorus|0 fnt\n|faint|p1a: Enamorus\n|\n|upkeep\n|\n|t:|1699809210\n|switch|p1a: Dragonite|Dragonite, F|100\/100\n|turn|19\n|\n|t:|1699809222\n|move|p2a: Sneasler|Dire Claw|p1a: Dragonite\n|-damage|p1a: Dragonite|54\/100\n|-status|p1a: Dragonite|psn\n|move|p1a: Dragonite|Earthquake|p2a: Sneasler\n|-supereffective|p2a: Sneasler\n|-damage|p2a: Sneasler|0 fnt\n|faint|p2a: Sneasler\n|\n|-damage|p1a: Dragonite|42\/100 psn|[from] psn\n|-sideend|p2: AlexDaDuck|move: Aurora Veil\n|upkeep\n|l|\u2606AlexDaDuck\n|player|p2|\n|inactive|Battle timer is ON: inactive players will automatically lose when time's up. (requested by CaptainFlixon)\n|j|\u2606AlexDaDuck\n|inactive|AlexDaDuck reconnected and has 150 seconds left.\n|player|p2|AlexDaDuck|169\n|\n|t:|1699809276\n|switch|p2a: Ogerpon|Ogerpon-Cornerstone, F|74\/100\n|-damage|p2a: Ogerpon|61\/100|[from] Stealth Rock\n|turn|20\n|\n|t:|1699809291\n|move|p2a: Ogerpon|Ivy Cudgel|p1a: Dragonite\n|-supereffective|p1a: Dragonite\n|-damage|p1a: Dragonite|0 fnt\n|faint|p1a: Dragonite\n|\n|upkeep\n|\n|t:|1699809295\n|switch|p1a: Clefable|Clefable, M, tera:Water|100\/100\n|turn|21\n|\n|t:|1699809305\n|move|p2a: Ogerpon|Horn Leech|p1a: Clefable\n|-supereffective|p1a: Clefable\n|-damage|p1a: Clefable|30\/100\n|-heal|p2a: Ogerpon|100\/100|[from] drain|[of] p1a: Clefable\n|move|p1a: Clefable|Moonblast|p2a: Ogerpon\n|-crit|p2a: Ogerpon\n|-damage|p2a: Ogerpon|44\/100\n|\n|upkeep\n|turn|22\n|\n|t:|1699809313\n|switch|p1a: Cinderace|Cinderace, M|69\/100\n|move|p2a: Ogerpon|Horn Leech|p1a: Cinderace\n|-resisted|p1a: Cinderace\n|-damage|p1a: Cinderace|37\/100\n|-heal|p2a: Ogerpon|60\/100|[from] drain|[of] p1a: Cinderace\n|\n|upkeep\n|turn|23\n|\n|t:|1699809321\n|-terastallize|p2a: Ogerpon|Rock\n|detailschange|p2a: Ogerpon|Ogerpon-Cornerstone-Tera, F, tera:Rock\n|-ability|p2a: Ogerpon|Embody Aspect (Cornerstone)|boost\n|-boost|p2a: Ogerpon|def|1\n|move|p1a: Cinderace|Pyro Ball|p2a: Ogerpon\n|-resisted|p2a: Ogerpon\n|-damage|p2a: Ogerpon|35\/100\n|move|p2a: Ogerpon|Ivy Cudgel|p1a: Cinderace\n|-supereffective|p1a: Cinderace\n|-damage|p1a: Cinderace|0 fnt\n|faint|p1a: Cinderace\n|\n|upkeep\n|\n|t:|1699809330\n|switch|p1a: Clefable|Clefable, M, tera:Water|30\/100\n|turn|24\n|\n|t:|1699809333\n|move|p2a: Ogerpon|Horn Leech|p1a: Clefable\n|-supereffective|p1a: Clefable\n|-damage|p1a: Clefable|0 fnt\n|-heal|p2a: Ogerpon|55\/100|[from] drain|[of] p1a: Clefable\n|faint|p1a: Clefable\n|\n|win|AlexDaDuck\n|raw|CaptainFlixon's rating: 1407 &rarr; <strong>1390<\/strong><br \/>(-17 for losing)\n|raw|AlexDaDuck's rating: 1454 &rarr; <strong>1471<\/strong><br \/>(+17 for winning)\n|c|\u2606CaptainFlixon|gg\n","uploadtime":1699809337,"views":11,"p1id":"captainflixon","p2id":"alexdaduck","formatid":"gen9ou","rating":1390,"private":0,"password":""}