{"id":"gen9ou-1990787582","p1":"SandVeil10","p2":"SDK04","format":"[Gen 9] OU","log":"|j|\u2606SandVeil10\n|j|\u2606SDK04\n|inactive|Battle timer is ON: inactive players will automatically lose when time's up.\n|t:|1700000842\n|gametype|singles\n|player|p1|SandVeil10|birch|\n|player|p2|SDK04|unknown|\n|teamsize|p1|6\n|teamsize|p2|6\n|gen|9\n|tier|[Gen 9] OU\n|rated|Tournament battle\n|rule|Sleep Clause Mod: Limit one foe put to sleep\n|rule|Species Clause: Limit one of each Pok\u00e9mon\n|rule|OHKO Clause: OHKO moves are banned\n|rule|Evasion Items Clause: Evasion items are banned\n|rule|Evasion Moves Clause: Evasion moves are banned\n|rule|Endless Battle Clause: Forcing endless battles is banned\n|rule|HP Percentage Mod: HP is shown in percentages\n|clearpoke\n|poke|p1|Ninetales-Alola, M|\n|poke|p1|Munkidori, M|\n|poke|p1|Manaphy|\n|poke|p1|Kommo-o, F|\n|poke|p1|Ogerpon-Wellspring, F|\n|poke|p1|Ambipom, M|\n|poke|p2|Ninetales-Alola, M|\n|poke|p2|Ogerpon-Wellspring, F|\n|poke|p2|Mew|\n|poke|p2|Kingambit, F|\n|poke|p2|Gholdengo|\n|poke|p2|Calyrex-Ice|\n|teampreview\n|inactive|SandVeil10 also wants the timer to be on.\n|c|\u2606SandVeil10|hf\n|c|\u2606SDK04|u2\n|\n|t:|1700000861\n|start\n|switch|p1a: Ninetales|Ninetales-Alola, M|100\/100\n|switch|p2a: cool window|Ninetales-Alola, M|100\/100\n|-weather|Snow|[from] ability: Snow Warning|[of] p2a: cool window\n|turn|1\n|\n|t:|1700000870\n|move|p1a: Ninetales|Aurora Veil|p1a: Ninetales\n|-sidestart|p1: SandVeil10|move: Aurora Veil\n|move|p2a: cool window|Aurora Veil|p2a: cool window\n|-sidestart|p2: SDK04|move: Aurora Veil\n|\n|-weather|Snow|[upkeep]\n|upkeep\n|turn|2\n|\n|t:|1700000889\n|switch|p1a: Munkidori|Munkidori, M|100\/100\n|move|p2a: cool window|Encore||[still]\n|-fail|p2a: cool window\n|\n|-weather|Snow|[upkeep]\n|upkeep\n|turn|3\n|\n|t:|1700000898\n|switch|p2a: Malicious Charity|Gholdengo|100\/100\n|-item|p2a: Malicious Charity|Air Balloon\n|move|p1a: Munkidori|Sludge Bomb|p2a: Malicious Charity\n|-immune|p2a: Malicious Charity\n|\n|-weather|Snow|[upkeep]\n|upkeep\n|turn|4\n|\n|t:|1700000905\n|switch|p1a: Ambipom|Ambipom, M|100\/100\n|move|p2a: Malicious Charity|Nasty Plot|p2a: Malicious Charity\n|-boost|p2a: Malicious Charity|spa|2\n|\n|-weather|Snow|[upkeep]\n|upkeep\n|turn|5\n|\n|t:|1700000915\n|move|p1a: Ambipom|Knock Off|p2a: Malicious Charity\n|-supereffective|p2a: Malicious Charity\n|-damage|p2a: Malicious Charity|69\/100\n|-enditem|p2a: Malicious Charity|Air Balloon\n|move|p2a: Malicious Charity|Psyshock|p1a: Ambipom\n|-damage|p1a: Ambipom|54\/100\n|\n|-weather|none\n|upkeep\n|turn|6\n|inactive|SandVeil10 has 120 seconds left.\n|\n|t:|1700000948\n|move|p1a: Ambipom|Knock Off|p2a: Malicious Charity\n|-supereffective|p2a: Malicious Charity\n|-damage|p2a: Malicious Charity|48\/100\n|move|p2a: Malicious Charity|Psyshock|p1a: Ambipom\n|-damage|p1a: Ambipom|8\/100\n|\n|upkeep\n|turn|7\n|\n|t:|1700000956\n|move|p1a: Ambipom|U-turn|p2a: Malicious Charity\n|-resisted|p2a: Malicious Charity\n|-damage|p2a: Malicious Charity|46\/100\n|inactive|SandVeil10 has 120 seconds left.\n|j| Username momento\n|\n|t:|1700000979\n|switch|p1a: Manaphy|Manaphy|100\/100|[from] U-turn\n|move|p2a: Malicious Charity|Psyshock|p1a: Manaphy\n|-damage|p1a: Manaphy|72\/100\n|\n|upkeep\n|turn|8\n|l| Username momento\n|\n|t:|1700001000\n|move|p1a: Manaphy|Energy Ball|p2a: Malicious Charity\n|-resisted|p2a: Malicious Charity\n|-damage|p2a: Malicious Charity|38\/100\n|move|p2a: Malicious Charity|Shadow Ball|p1a: Manaphy\n|-damage|p1a: Manaphy|28\/100\n|\n|-sideend|p2: SDK04|move: Aurora Veil\n|-sideend|p1: SandVeil10|move: Aurora Veil\n|upkeep\n|turn|9\n|\n|t:|1700001007\n|move|p1a: Manaphy|Hydro Pump|p2a: Malicious Charity\n|-damage|p2a: Malicious Charity|0 fnt\n|faint|p2a: Malicious Charity\n|\n|upkeep\n|\n|t:|1700001013\n|switch|p2a: \u201cI win\u201d button|Ogerpon-Wellspring, F|100\/100\n|turn|10\n|\n|t:|1700001017\n|move|p2a: \u201cI win\u201d button|Swords Dance|p2a: \u201cI win\u201d button\n|-boost|p2a: \u201cI win\u201d button|atk|2\n|move|p1a: Manaphy|Ice Beam|p2a: \u201cI win\u201d button\n|-damage|p2a: \u201cI win\u201d button|67\/100\n|-status|p2a: \u201cI win\u201d button|frz\n|\n|upkeep\n|turn|11\n|c|\u2606SandVeil10|omg\n|inactive|SandVeil10 has 120 seconds left.\n|\n|t:|1700001035\n|switch|p2a: cool window|Ninetales-Alola, M|100\/100\n|-weather|Snow|[from] ability: Snow Warning|[of] p2a: cool window\n|move|p1a: Manaphy|Tail Glow|p1a: Manaphy\n|-boost|p1a: Manaphy|spa|3\n|\n|-weather|Snow|[upkeep]\n|upkeep\n|turn|12\n|inactive|SandVeil10 has 120 seconds left.\n|\n|t:|1700001045\n|switch|p1a: Ninetales|Ninetales-Alola, M|100\/100\n|move|p2a: cool window|Encore||[still]\n|-fail|p2a: cool window\n|\n|-weather|Snow|[upkeep]\n|upkeep\n|turn|13\n|inactive|SandVeil10 has 120 seconds left.\n|\n|t:|1700001053\n|move|p1a: Ninetales|Aurora Veil|p1a: Ninetales\n|-sidestart|p1: SandVeil10|move: Aurora Veil\n|move|p2a: cool window|Aurora Veil|p2a: cool window\n|-sidestart|p2: SDK04|move: Aurora Veil\n|\n|-weather|Snow|[upkeep]\n|upkeep\n|turn|14\n|inactive|SandVeil10 has 120 seconds left.\n|\n|t:|1700001078\n|switch|p2a: funny horse|Calyrex-Ice|100\/100\n|-ability|p2a: funny horse|As One\n|-ability|p2a: funny horse|Unnerve\n|switch|p1a: Ogerpon|Ogerpon-Wellspring, F|100\/100\n|\n|-weather|Snow|[upkeep]\n|upkeep\n|turn|15\n|\n|t:|1700001101\n|move|p1a: Ogerpon|Ivy Cudgel|p2a: funny horse|[anim] Ivy Cudgel Water\n|-damage|p2a: funny horse|87\/100\n|move|p2a: funny horse|Agility|p2a: funny horse\n|-boost|p2a: funny horse|spe|2\n|\n|-weather|none\n|upkeep\n|turn|16\n|c|\u2606SandVeil10|oh no\n|inactive|SandVeil10 has 90 seconds left.\n|j|#SetsuStsna\n|\n|t:|1700001132\n|switch|p1a: Munkidori|Munkidori, M|100\/100\n|move|p2a: funny horse|Swords Dance|p2a: funny horse\n|-boost|p2a: funny horse|atk|2\n|\n|upkeep\n|turn|17\n|\n|t:|1700001150\n|move|p2a: funny horse|High Horsepower|p1a: Munkidori\n|-supereffective|p1a: Munkidori\n|-damage|p1a: Munkidori|0 fnt\n|faint|p1a: Munkidori\n|-ability|p2a: funny horse|Chilling Neigh|boost\n|-boost|p2a: funny horse|atk|1\n|\n|upkeep\n|inactive|SandVeil10 has 60 seconds left.\n|\n|t:|1700001176\n|switch|p1a: Manaphy|Manaphy|28\/100\n|turn|18\n|inactive|SandVeil10 has 60 seconds left.\n|\n|t:|1700001185\n|move|p2a: funny horse|Glacial Lance|p1a: Manaphy\n|-resisted|p1a: Manaphy\n|-damage|p1a: Manaphy|0 fnt\n|faint|p1a: Manaphy\n|-ability|p2a: funny horse|Chilling Neigh|boost\n|-boost|p2a: funny horse|atk|1\n|\n|upkeep\n|inactive|SandVeil10 has 60 seconds left.\n|\n|t:|1700001212\n|switch|p1a: Kommo-o|Kommo-o, F|100\/100\n|turn|19\n|inactive|SandVeil10 has 30 seconds left.\n|\n|t:|1700001240\n|-terastallize|p1a: Kommo-o|Normal\n|move|p2a: funny horse|Glacial Lance|p1a: Kommo-o\n|-damage|p1a: Kommo-o|0 fnt\n|faint|p1a: Kommo-o\n|-ability|p2a: funny horse|Chilling Neigh|boost\n|-boost|p2a: funny horse|atk|1\n|\n|upkeep\n|inactive|SandVeil10 has 30 seconds left this turn.\n|c|\u2606SDK04|gg\n|c|\u2606SDK04|wp\n|c|\u2606SandVeil10|ye\n|inactive|SandVeil10 has 20 seconds left.\n|\n|t:|1700001251\n|switch|p1a: Ninetales|Ninetales-Alola, M|100\/100\n|-weather|Snow|[from] ability: Snow Warning|[of] p1a: Ninetales\n|turn|20\n|inactive|SandVeil10 has 30 seconds left this turn.\n|\n|t:|1700001255\n|switch|p1a: Ambipom|Ambipom, M|8\/100\n|move|p2a: funny horse|Glacial Lance|p1a: Ambipom\n|-damage|p1a: Ambipom|0 fnt\n|faint|p1a: Ambipom\n|-ability|p2a: funny horse|Chilling Neigh|boost\n|-boost|p2a: funny horse|atk|1\n|\n|-weather|Snow|[upkeep]\n|-sideend|p2: SDK04|move: Aurora Veil\n|-sideend|p1: SandVeil10|move: Aurora Veil\n|upkeep\n|\n|t:|1700001257\n|switch|p1a: Ninetales|Ninetales-Alola, M|100\/100\n|turn|21\n|l|#SetsuStsna\n|\n|t:|1700001261\n|move|p2a: funny horse|High Horsepower|p1a: Ninetales\n|-damage|p1a: Ninetales|0 fnt\n|faint|p1a: Ninetales\n|\n|-weather|Snow|[upkeep]\n|upkeep\n|\n|t:|1700001264\n|switch|p1a: Ogerpon|Ogerpon-Wellspring, F|100\/100\n|turn|22\n|\n|t:|1700001267\n|move|p2a: funny horse|Glacial Lance|p1a: Ogerpon\n|-damage|p1a: Ogerpon|0 fnt\n|faint|p1a: Ogerpon\n|\n|win|SDK04\n|n|\u2606SandVeil10|sandveil10\n|n|\u2606SDK04|sdk04\n","uploadtime":1700001272,"views":12,"p1id":"sandveil10","p2id":"sdk04","formatid":"gen9ou","rating":0,"private":0,"password":""}