{"id":"gen9ou-1994556302","p1":"Wer223","p2":"Moriatry","format":"[Gen 9] OU","log":"|j|\u2606Wer223\n|j|\u2606Moriatry\n|t:|1700459291\n|gametype|singles\n|player|p1|Wer223|266|1504\n|player|p2|Moriatry|rancher|1573\n|teamsize|p1|6\n|teamsize|p2|6\n|gen|9\n|tier|[Gen 9] OU\n|rated|\n|rule|Sleep Clause Mod: Limit one foe put to sleep\n|rule|Species Clause: Limit one of each Pok\u00e9mon\n|rule|OHKO Clause: OHKO moves are banned\n|rule|Evasion Items Clause: Evasion items are banned\n|rule|Evasion Moves Clause: Evasion moves are banned\n|rule|Endless Battle Clause: Forcing endless battles is banned\n|rule|HP Percentage Mod: HP is shown in percentages\n|clearpoke\n|poke|p1|Clefable, F|\n|poke|p1|Alomomola, M|\n|poke|p1|Blissey, F|\n|poke|p1|Clodsire, F|\n|poke|p1|Dondozo, M|\n|poke|p1|Amoonguss, F|\n|poke|p2|Enamorus, F|\n|poke|p2|Dragapult, M|\n|poke|p2|Iron Valiant|\n|poke|p2|Gholdengo|\n|poke|p2|Iron Treads|\n|poke|p2|Dragonite, F|\n|teampreview\n|c|\u2606Moriatry|good luckj\n|inactive|Battle timer is ON: inactive players will automatically lose when time's up. (requested by Moriatry)\n|\n|t:|1700459305\n|start\n|switch|p1a: Amoonguss|Amoonguss, F|100\/100\n|switch|p2a: Iron Treads|Iron Treads|100\/100\n|-enditem|p2a: Iron Treads|Booster Energy\n|-activate|p2a: Iron Treads|ability: Quark Drive|[fromitem]\n|-start|p2a: Iron Treads|quarkdrivespe\n|turn|1\n|\n|t:|1700459320\n|move|p2a: Iron Treads|Stealth Rock|p1a: Amoonguss\n|-sidestart|p1: Wer223|move: Stealth Rock\n|move|p1a: Amoonguss|Giga Drain|p2a: Iron Treads\n|-damage|p2a: Iron Treads|71\/100\n|\n|upkeep\n|turn|2\n|\n|t:|1700459326\n|move|p2a: Iron Treads|Knock Off|p1a: Amoonguss\n|-damage|p1a: Amoonguss|82\/100\n|-enditem|p1a: Amoonguss|Heavy-Duty Boots|[from] move: Knock Off|[of] p2a: Iron Treads\n|move|p1a: Amoonguss|Giga Drain|p2a: Iron Treads\n|-damage|p2a: Iron Treads|45\/100\n|-heal|p1a: Amoonguss|94\/100|[from] drain|[of] p2a: Iron Treads\n|\n|upkeep\n|turn|3\n|\n|t:|1700459344\n|-end|p2a: Iron Treads|Quark Drive|[silent]\n|switch|p2a: Dragonite|Dragonite, F|100\/100\n|move|p1a: Amoonguss|Giga Drain|p2a: Dragonite\n|-resisted|p2a: Dragonite\n|-damage|p2a: Dragonite|98\/100\n|-heal|p1a: Amoonguss|95\/100|[from] drain|[of] p2a: Dragonite\n|\n|upkeep\n|turn|4\n|\n|t:|1700459351\n|move|p2a: Dragonite|Dragon Dance|p2a: Dragonite\n|-boost|p2a: Dragonite|atk|1\n|-boost|p2a: Dragonite|spe|1\n|move|p1a: Amoonguss|Spore|p2a: Dragonite\n|-status|p2a: Dragonite|slp|[from] move: Spore\n|\n|upkeep\n|turn|5\n|\n|t:|1700459356\n|switch|p1a: Clefable|Clefable, F|100\/100\n|cant|p2a: Dragonite|slp\n|\n|upkeep\n|turn|6\n|\n|t:|1700459362\n|switch|p2a: Iron Treads|Iron Treads|45\/100\n|move|p1a: Clefable|Knock Off|p2a: Iron Treads\n|-damage|p2a: Iron Treads|38\/100\n|\n|upkeep\n|turn|7\n|\n|t:|1700459368\n|switch|p1a: Amoonguss|Amoonguss, F|100\/100\n|-damage|p1a: Amoonguss|88\/100|[from] Stealth Rock\n|move|p2a: Iron Treads|Knock Off|p1a: Amoonguss\n|-damage|p1a: Amoonguss|77\/100\n|\n|upkeep\n|turn|8\n|\n|t:|1700459372\n|-end|p2a: Iron Treads|Quark Drive|[silent]\n|switch|p2a: Dragonite|Dragonite, F|98\/100 slp\n|move|p1a: Amoonguss|Giga Drain|p2a: Dragonite\n|-resisted|p2a: Dragonite\n|-damage|p2a: Dragonite|92\/100 slp\n|-heal|p1a: Amoonguss|79\/100|[from] drain|[of] p2a: Dragonite\n|\n|upkeep\n|turn|9\n|\n|t:|1700459376\n|switch|p1a: Clefable|Clefable, F|100\/100\n|-curestatus|p2a: Dragonite|slp|[msg]\n|move|p2a: Dragonite|Ice Spinner|p1a: Clefable\n|-damage|p1a: Clefable|78\/100\n|\n|-heal|p1a: Clefable|84\/100|[from] item: Leftovers\n|upkeep\n|turn|10\n|\n|t:|1700459382\n|switch|p2a: Iron Treads|Iron Treads|38\/100\n|move|p1a: Clefable|Moonblast|p2a: Iron Treads\n|-resisted|p2a: Iron Treads\n|-damage|p2a: Iron Treads|20\/100\n|\n|-heal|p1a: Clefable|90\/100|[from] item: Leftovers\n|upkeep\n|turn|11\n|\n|t:|1700459389\n|move|p1a: Clefable|Protect|p1a: Clefable\n|-singleturn|p1a: Clefable|Protect\n|move|p2a: Iron Treads|Knock Off|p1a: Clefable\n|-activate|p1a: Clefable|move: Protect\n|\n|-heal|p1a: Clefable|96\/100|[from] item: Leftovers\n|upkeep\n|turn|12\n|\n|t:|1700459392\n|switch|p1a: Amoonguss|Amoonguss, F|100\/100\n|-damage|p1a: Amoonguss|88\/100|[from] Stealth Rock\n|move|p2a: Iron Treads|Rapid Spin|p1a: Amoonguss\n|-damage|p1a: Amoonguss|80\/100\n|-boost|p2a: Iron Treads|spe|1\n|\n|upkeep\n|turn|13\n|\n|t:|1700459399\n|move|p2a: Iron Treads|Earthquake|p1a: Amoonguss\n|-damage|p1a: Amoonguss|53\/100\n|move|p1a: Amoonguss|Giga Drain|p2a: Iron Treads\n|-damage|p2a: Iron Treads|0 fnt\n|-heal|p1a: Amoonguss|62\/100|[from] drain|[of] p2a: Iron Treads\n|faint|p2a: Iron Treads\n|-end|p2a: Iron Treads|Quark Drive|[silent]\n|\n|upkeep\n|\n|t:|1700459405\n|switch|p2a: Enamorus|Enamorus, F|100\/100\n|turn|14\n|\n|t:|1700459413\n|switch|p1a: Clodsire|Clodsire, F|100\/100\n|move|p2a: Enamorus|Substitute|p2a: Enamorus\n|-start|p2a: Enamorus|Substitute\n|-damage|p2a: Enamorus|76\/100\n|\n|-heal|p2a: Enamorus|82\/100|[from] item: Leftovers\n|upkeep\n|turn|15\n|\n|t:|1700459421\n|move|p2a: Enamorus|Earth Power|p1a: Clodsire\n|-supereffective|p1a: Clodsire\n|-damage|p1a: Clodsire|64\/100\n|-unboost|p1a: Clodsire|spd|1\n|move|p1a: Clodsire|Amnesia|p1a: Clodsire\n|-boost|p1a: Clodsire|spd|2\n|\n|-heal|p2a: Enamorus|88\/100|[from] item: Leftovers\n|upkeep\n|turn|16\n|j| dfghhhg\n|\n|t:|1700459433\n|switch|p2a: Iron Valiant|Iron Valiant|100\/100\n|-enditem|p2a: Iron Valiant|Booster Energy\n|-activate|p2a: Iron Valiant|ability: Quark Drive|[fromitem]\n|-start|p2a: Iron Valiant|quarkdrivespe\n|move|p1a: Clodsire|Recover|p1a: Clodsire\n|-heal|p1a: Clodsire|100\/100\n|\n|upkeep\n|turn|17\n|\n|t:|1700459441\n|move|p2a: Iron Valiant|Encore|p1a: Clodsire\n|-start|p1a: Clodsire|Encore\n|move|p1a: Clodsire|Recover||[still]\n|-fail|p1a: Clodsire|heal\n|\n|upkeep\n|turn|18\n|\n|t:|1700459450\n|switch|p1a: Amoonguss|Amoonguss, F|95\/100\n|-damage|p1a: Amoonguss|83\/100|[from] Stealth Rock\n|move|p2a: Iron Valiant|Calm Mind|p2a: Iron Valiant\n|-boost|p2a: Iron Valiant|spa|1\n|-boost|p2a: Iron Valiant|spd|1\n|\n|upkeep\n|turn|19\n|\n|t:|1700459474\n|-terastallize|p2a: Iron Valiant|Steel\n|move|p2a: Iron Valiant|Calm Mind|p2a: Iron Valiant\n|-boost|p2a: Iron Valiant|spa|1\n|-boost|p2a: Iron Valiant|spd|1\n|move|p1a: Amoonguss|Clear Smog|p2a: Iron Valiant\n|-immune|p2a: Iron Valiant\n|\n|upkeep\n|turn|20\n|\n|t:|1700459492\n|move|p2a: Iron Valiant|Psyshock|p1a: Amoonguss\n|-supereffective|p1a: Amoonguss\n|-damage|p1a: Amoonguss|5\/100\n|move|p1a: Amoonguss|Spore|p2a: Iron Valiant\n|-status|p2a: Iron Valiant|slp|[from] move: Spore\n|\n|upkeep\n|turn|21\n|inactive|Wer223 has 120 seconds left.\n|\n|t:|1700459518\n|switch|p1a: Clodsire|Clodsire, F|100\/100\n|cant|p2a: Iron Valiant|slp\n|\n|upkeep\n|turn|22\n|inactive|Wer223 has 120 seconds left.\n|\n|t:|1700459533\n|-terastallize|p1a: Clodsire|Steel\n|cant|p2a: Iron Valiant|slp\n|move|p1a: Clodsire|Spikes|p2a: Iron Valiant\n|-sidestart|p2: Moriatry|Spikes\n|\n|upkeep\n|turn|23\n|\n|t:|1700459538\n|cant|p2a: Iron Valiant|slp\n|move|p1a: Clodsire|Spikes|p2a: Iron Valiant\n|-sidestart|p2: Moriatry|Spikes\n|\n|upkeep\n|turn|24\n|\n|t:|1700459547\n|-curestatus|p2a: Iron Valiant|slp|[msg]\n|move|p2a: Iron Valiant|Encore|p1a: Clodsire\n|-start|p1a: Clodsire|Encore\n|move|p1a: Clodsire|Spikes|p2a: Iron Valiant\n|-sidestart|p2: Moriatry|Spikes\n|\n|upkeep\n|turn|25\n|\n|t:|1700459556\n|move|p2a: Iron Valiant|Moonblast|p1a: Clodsire\n|-resisted|p1a: Clodsire\n|-damage|p1a: Clodsire|88\/100\n|move|p1a: Clodsire|Spikes||[still]\n|-fail|p1a: Clodsire\n|\n|upkeep\n|turn|26\n|\n|t:|1700459559\n|move|p2a: Iron Valiant|Moonblast|p1a: Clodsire\n|-resisted|p1a: Clodsire\n|-damage|p1a: Clodsire|76\/100\n|move|p1a: Clodsire|Spikes||[still]\n|-fail|p1a: Clodsire\n|\n|-end|p1a: Clodsire|Encore\n|upkeep\n|turn|27\n|\n|t:|1700459570\n|switch|p1a: Amoonguss|Amoonguss, F|38\/100\n|-damage|p1a: Amoonguss|26\/100|[from] Stealth Rock\n|move|p2a: Iron Valiant|Encore||[still]\n|-fail|p2a: Iron Valiant\n|\n|upkeep\n|turn|28\n|\n|t:|1700459573\n|switch|p1a: Clodsire|Clodsire, F, tera:Steel|76\/100\n|move|p2a: Iron Valiant|Psyshock|p1a: Clodsire\n|-resisted|p1a: Clodsire\n|-damage|p1a: Clodsire|62\/100\n|\n|upkeep\n|turn|29\n|\n|t:|1700459585\n|-end|p2a: Iron Valiant|Quark Drive|[silent]\n|switch|p2a: Enamorus|Enamorus, F|88\/100\n|move|p1a: Clodsire|Recover|p1a: Clodsire\n|-heal|p1a: Clodsire|100\/100\n|\n|-heal|p2a: Enamorus|94\/100|[from] item: Leftovers\n|upkeep\n|turn|30\n|\n|t:|1700459590\n|move|p2a: Enamorus|Substitute|p2a: Enamorus\n|-start|p2a: Enamorus|Substitute\n|-damage|p2a: Enamorus|69\/100\n|move|p1a: Clodsire|Amnesia|p1a: Clodsire\n|-boost|p1a: Clodsire|spd|2\n|\n|-heal|p2a: Enamorus|76\/100|[from] item: Leftovers\n|upkeep\n|turn|31\n|\n|t:|1700459596\n|move|p2a: Enamorus|Earth Power|p1a: Clodsire\n|-supereffective|p1a: Clodsire\n|-damage|p1a: Clodsire|84\/100\n|move|p1a: Clodsire|Poison Jab|p2a: Enamorus\n|-supereffective|p2a: Enamorus\n|-end|p2a: Enamorus|Substitute\n|\n|-heal|p2a: Enamorus|82\/100|[from] item: Leftovers\n|upkeep\n|turn|32\n|\n|t:|1700459604\n|switch|p2a: Gholdengo|Gholdengo|100\/100\n|-item|p2a: Gholdengo|Air Balloon\n|move|p1a: Clodsire|Poison Jab|p2a: Gholdengo\n|-immune|p2a: Gholdengo\n|\n|upkeep\n|turn|33\n|\n|t:|1700459614\n|switch|p1a: Alomomola|Alomomola, M|100\/100\n|move|p2a: Gholdengo|Nasty Plot|p2a: Gholdengo\n|-boost|p2a: Gholdengo|spa|2\n|\n|upkeep\n|turn|34\n|\n|t:|1700459620\n|move|p2a: Gholdengo|Shadow Ball|p1a: Alomomola\n|-damage|p1a: Alomomola|9\/100\n|move|p1a: Alomomola|Mirror Coat|p2a: Gholdengo\n|-damage|p2a: Gholdengo|0 fnt\n|-enditem|p2a: Gholdengo|Air Balloon\n|faint|p2a: Gholdengo\n|\n|upkeep\n|\n|t:|1700459645\n|switch|p2a: Dragonite|Dragonite, F|92\/100\n|turn|35\n|\n|t:|1700459655\n|switch|p1a: Clefable|Clefable, F|96\/100\n|move|p2a: Dragonite|Earthquake|p1a: Clefable\n|-damage|p1a: Clefable|67\/100\n|\n|-heal|p1a: Clefable|73\/100|[from] item: Leftovers\n|upkeep\n|turn|36\n|\n|t:|1700459665\n|switch|p2a: Enamorus|Enamorus, F|82\/100\n|move|p1a: Clefable|Moonblast|p2a: Enamorus\n|-crit|p2a: Enamorus\n|-damage|p2a: Enamorus|12\/100\n|\n|-heal|p2a: Enamorus|18\/100|[from] item: Leftovers\n|-heal|p1a: Clefable|79\/100|[from] item: Leftovers\n|upkeep\n|turn|37\n|-message|Moriatry forfeited.\n|\n|win|Wer223\n|raw|Wer223's rating: 1504 &rarr; <strong>1528<\/strong><br \/>(+24 for winning)\n|raw|Moriatry's rating: 1573 &rarr; <strong>1549<\/strong><br \/>(-24 for losing)\n|l|\u2606Moriatry\n|l|\u2606Wer223\n","uploadtime":1700460312,"views":13,"p1id":"wer223","p2id":"moriatry","formatid":"gen9ou","rating":1528,"private":0,"password":""}