{"id":"gen9ou-1990479887","p1":"elde971","p2":"dilkem","format":"[Gen 9] OU","log":"|j|\u2606elde971\n|j|\u203ddilkem\n|t:|1699974805\n|gametype|singles\n|player|p1|elde971|burglar|1298\n|player|p2|dilkem|worker|1298\n|teamsize|p1|6\n|teamsize|p2|6\n|gen|9\n|tier|[Gen 9] OU\n|rated|\n|rule|Sleep Clause Mod: Limit one foe put to sleep\n|rule|Species Clause: Limit one of each Pok\u00e9mon\n|rule|OHKO Clause: OHKO moves are banned\n|rule|Evasion Items Clause: Evasion items are banned\n|rule|Evasion Moves Clause: Evasion moves are banned\n|rule|Endless Battle Clause: Forcing endless battles is banned\n|rule|HP Percentage Mod: HP is shown in percentages\n|clearpoke\n|poke|p1|Mew|\n|poke|p1|Salamence, F|\n|poke|p1|Iron Valiant|\n|poke|p1|Slowking-Galar, M|\n|poke|p1|Kingambit, F|\n|poke|p1|Conkeldurr, F|\n|poke|p2|Slowbro, M|\n|poke|p2|Diancie|\n|poke|p2|Slither Wing|\n|poke|p2|Donphan, M|\n|poke|p2|Arcanine-Hisui, F|\n|poke|p2|Revavroom, M|\n|teampreview\n|inactive|Battle timer is ON: inactive players will automatically lose when time's up. (requested by dilkem)\n|\n|t:|1699974829\n|start\n|switch|p1a: Slowking|Slowking-Galar, M|100\/100\n|switch|p2a: Slither Wing|Slither Wing|100\/100\n|turn|1\n|\n|t:|1699974841\n|move|p2a: Slither Wing|U-turn|p1a: Slowking\n|-damage|p1a: Slowking|49\/100\n|\n|t:|1699974845\n|-end|p2a: Slither Wing|Protosynthesis|[silent]\n|switch|p2a: Revavroom|Revavroom, M|100\/100|[from] U-turn\n|move|p1a: Slowking|Toxic|p2a: Revavroom\n|-immune|p2a: Revavroom\n|\n|-heal|p1a: Slowking|55\/100|[from] item: Leftovers\n|upkeep\n|turn|2\n|\n|t:|1699974867\n|switch|p1a: Conkeldurr|Conkeldurr, F|100\/100\n|move|p2a: Revavroom|Iron Head|p1a: Conkeldurr\n|-damage|p1a: Conkeldurr|71\/100\n|\n|-status|p1a: Conkeldurr|brn|[from] item: Flame Orb\n|upkeep\n|turn|3\n|\n|t:|1699974873\n|move|p2a: Revavroom|Parting Shot|p1a: Conkeldurr\n|-unboost|p1a: Conkeldurr|atk|1\n|-unboost|p1a: Conkeldurr|spa|1\n|\n|t:|1699974887\n|switch|p2a: Slowbro|Slowbro, M, shiny|100\/100|[from] Parting Shot\n|move|p1a: Conkeldurr|Drain Punch|p2a: Slowbro\n|-resisted|p2a: Slowbro\n|-damage|p2a: Slowbro|82\/100\n|-heal|p1a: Conkeldurr|79\/100 brn|[from] drain|[of] p2a: Slowbro\n|\n|-damage|p1a: Conkeldurr|73\/100 brn|[from] brn\n|upkeep\n|turn|4\n|\n|t:|1699974902\n|switch|p1a: Slowking|Slowking-Galar, M|89\/100\n|move|p2a: Slowbro|Trick Room|p2a: Slowbro\n|-fieldstart|move: Trick Room|[of] p2a: Slowbro\n|\n|-heal|p1a: Slowking|95\/100|[from] item: Leftovers\n|upkeep\n|turn|5\n|\n|t:|1699974916\n|switch|p2a: Revavroom|Revavroom, M|100\/100\n|move|p1a: Slowking|Toxic|p2a: Revavroom\n|-immune|p2a: Revavroom\n|\n|-heal|p1a: Slowking|100\/100|[from] item: Leftovers\n|upkeep\n|turn|6\n|j| Blacki971\n|\n|t:|1699974937\n|switch|p1a: Mew|Mew|100\/100\n|move|p2a: Revavroom|Iron Head|p1a: Mew\n|-damage|p1a: Mew|73\/100\n|\n|-heal|p1a: Mew|79\/100|[from] item: Leftovers\n|upkeep\n|turn|7\n|\n|t:|1699974945\n|move|p2a: Revavroom|Parting Shot|p1a: Mew\n|-unboost|p1a: Mew|atk|1\n|-unboost|p1a: Mew|spa|1\n|\n|t:|1699974948\n|switch|p2a: Slither Wing|Slither Wing|100\/100|[from] Parting Shot\n|move|p1a: Mew|Will-O-Wisp|p2a: Slither Wing\n|-status|p2a: Slither Wing|brn\n|\n|-heal|p1a: Mew|85\/100|[from] item: Leftovers\n|-damage|p2a: Slither Wing|94\/100 brn|[from] brn\n|upkeep\n|turn|8\n|inactive|elde971 has 120 seconds left.\n|\n|t:|1699974986\n|switch|p1a: Salamence|Salamence, F|100\/100\n|move|p2a: Slither Wing|U-turn|p1a: Salamence\n|-resisted|p1a: Salamence\n|-damage|p1a: Salamence|86\/100\n|\n|t:|1699974998\n|-end|p2a: Slither Wing|Protosynthesis|[silent]\n|switch|p2a: Diancie|Diancie|100\/100|[from] U-turn\n|\n|-fieldend|move: Trick Room\n|upkeep\n|turn|9\n|inactive|elde971 has 120 seconds left.\n|\n|t:|1699975010\n|switch|p1a: Slowking|Slowking-Galar, M|100\/100\n|move|p2a: Diancie|Trick Room|p2a: Diancie\n|-fieldstart|move: Trick Room|[of] p2a: Diancie\n|\n|upkeep\n|turn|10\n|inactive|elde971 has 120 seconds left.\n|\n|t:|1699975021\n|switch|p2a: Slither Wing|Slither Wing|94\/100 brn\n|move|p1a: Slowking|Sludge Bomb|p2a: Slither Wing\n|-damage|p2a: Slither Wing|64\/100 brn\n|\n|-damage|p2a: Slither Wing|58\/100 brn|[from] brn\n|upkeep\n|turn|11\n|\n|t:|1699975030\n|move|p1a: Slowking|Slack Off||[still]\n|-fail|p1a: Slowking|heal\n|move|p2a: Slither Wing|U-turn|p1a: Slowking\n|-crit|p1a: Slowking\n|-damage|p1a: Slowking|59\/100\n|\n|t:|1699975035\n|-end|p2a: Slither Wing|Protosynthesis|[silent]\n|switch|p2a: Donphan|Donphan, M|100\/100|[from] U-turn\n|\n|-heal|p1a: Slowking|65\/100|[from] item: Leftovers\n|upkeep\n|turn|12\n|\n|t:|1699975050\n|switch|p1a: Mew|Mew|85\/100\n|move|p2a: Donphan|Rock Slide|p1a: Mew\n|-damage|p1a: Mew|65\/100\n|\n|-heal|p1a: Mew|71\/100|[from] item: Leftovers\n|upkeep\n|turn|13\n|\n|t:|1699975060\n|switch|p2a: Slither Wing|Slither Wing|58\/100 brn\n|move|p1a: Mew|Will-O-Wisp|p2a: Slither Wing\n|-fail|p2a: Slither Wing|brn\n|\n|-heal|p1a: Mew|77\/100|[from] item: Leftovers\n|-damage|p2a: Slither Wing|52\/100 brn|[from] brn\n|-fieldend|move: Trick Room\n|upkeep\n|turn|14\n|\n|t:|1699975068\n|move|p1a: Mew|Psychic|p2a: Slither Wing\n|-supereffective|p2a: Slither Wing\n|-damage|p2a: Slither Wing|0 fnt\n|faint|p2a: Slither Wing\n|-end|p2a: Slither Wing|Protosynthesis|[silent]\n|\n|-heal|p1a: Mew|84\/100|[from] item: Leftovers\n|upkeep\n|\n|t:|1699975077\n|switch|p2a: Revavroom|Revavroom, M|100\/100\n|turn|15\n|\n|t:|1699975081\n|move|p1a: Mew|Will-O-Wisp|p2a: Revavroom\n|-status|p2a: Revavroom|brn\n|move|p2a: Revavroom|Toxic||[still]\n|-status|p1a: Mew|tox\n|-activate|p1a: Mew|ability: Synchronize\n|-fail|p1a: Mew\n|\n|-heal|p1a: Mew|90\/100 tox|[from] item: Leftovers\n|-damage|p1a: Mew|84\/100 tox|[from] psn\n|-damage|p2a: Revavroom|94\/100 brn|[from] brn\n|upkeep\n|turn|16\n|\n|t:|1699975092\n|move|p1a: Mew|Psychic|p2a: Revavroom\n|-damage|p2a: Revavroom|65\/100 brn\n|move|p2a: Revavroom|Parting Shot|p1a: Mew\n|-unboost|p1a: Mew|atk|1\n|-unboost|p1a: Mew|spa|1\n|\n|t:|1699975101\n|switch|p2a: Diancie|Diancie|100\/100|[from] Parting Shot\n|\n|-heal|p1a: Mew|90\/100 tox|[from] item: Leftovers\n|-damage|p1a: Mew|77\/100 tox|[from] psn\n|upkeep\n|turn|17\n|\n|t:|1699975125\n|switch|p1a: Kingambit|Kingambit, F|100\/100\n|move|p2a: Diancie|Trick Room|p2a: Diancie\n|-fieldstart|move: Trick Room|[of] p2a: Diancie\n|\n|upkeep\n|turn|18\n|\n|t:|1699975150\n|switch|p2a: Revavroom|Revavroom, M|65\/100 brn\n|move|p1a: Kingambit|Iron Head|p2a: Revavroom\n|-resisted|p2a: Revavroom\n|-damage|p2a: Revavroom|43\/100 brn\n|\n|-heal|p2a: Revavroom|49\/100 brn|[from] item: Black Sludge\n|-damage|p2a: Revavroom|43\/100 brn|[from] brn\n|upkeep\n|turn|19\n|\n|t:|1699975164\n|-end|p1a: Kingambit|fallenundefined|[silent]\n|switch|p1a: Conkeldurr|Conkeldurr, F|73\/100 brn\n|move|p2a: Revavroom|Parting Shot|p1a: Conkeldurr\n|-unboost|p1a: Conkeldurr|atk|1\n|-unboost|p1a: Conkeldurr|spa|1\n|\n|t:|1699975175\n|switch|p2a: Slowbro|Slowbro, M, shiny|100\/100|[from] Parting Shot\n|\n|-damage|p1a: Conkeldurr|67\/100 brn|[from] brn\n|upkeep\n|turn|20\n|\n|t:|1699975182\n|switch|p1a: Mew|Mew|77\/100 tox\n|move|p2a: Slowbro|Surf|p1a: Mew\n|-damage|p1a: Mew|47\/100 tox\n|\n|-heal|p1a: Mew|53\/100 tox|[from] item: Leftovers\n|-damage|p1a: Mew|47\/100 tox|[from] psn\n|upkeep\n|turn|21\n|l| Blacki971\n|\n|t:|1699975191\n|move|p2a: Slowbro|Surf|p1a: Mew\n|-crit|p1a: Mew\n|-damage|p1a: Mew|0 fnt\n|faint|p1a: Mew\n|\n|-fieldend|move: Trick Room\n|upkeep\n|\n|t:|1699975212\n|switch|p1a: Salamence|Salamence, F|86\/100\n|turn|22\n|\n|t:|1699975220\n|move|p1a: Salamence|Earthquake|p2a: Slowbro\n|-crit|p2a: Slowbro\n|-damage|p2a: Slowbro|55\/100\n|move|p2a: Slowbro|Trick Room|p2a: Slowbro\n|-fieldstart|move: Trick Room|[of] p2a: Slowbro\n|\n|upkeep\n|turn|23\n|\n|t:|1699975239\n|move|p2a: Slowbro|Psychic|p1a: Salamence\n|-damage|p1a: Salamence|33\/100\n|move|p1a: Salamence|Earthquake|p2a: Slowbro\n|-damage|p2a: Slowbro|24\/100\n|\n|upkeep\n|turn|24\n|\n|t:|1699975250\n|switch|p1a: Kingambit|Kingambit, F|100\/100\n|-activate|p1a: Kingambit|ability: Supreme Overlord\n|-start|p1a: Kingambit|fallen1|[silent]\n|move|p2a: Slowbro|Surf|p1a: Kingambit\n|-damage|p1a: Kingambit|63\/100\n|\n|upkeep\n|turn|25\n|\n|t:|1699975258\n|move|p1a: Kingambit|Sucker Punch|p2a: Slowbro\n|-supereffective|p2a: Slowbro\n|-damage|p2a: Slowbro|0 fnt\n|faint|p2a: Slowbro\n|\n|upkeep\n|\n|t:|1699975263\n|switch|p2a: Donphan|Donphan, M|100\/100\n|turn|26\n|\n|t:|1699975273\n|-end|p1a: Kingambit|fallen1|[silent]\n|switch|p1a: Salamence|Salamence, F|33\/100\n|move|p2a: Donphan|Rapid Spin|p1a: Salamence\n|-damage|p1a: Salamence|11\/100\n|-boost|p2a: Donphan|spe|1\n|\n|-fieldend|move: Trick Room\n|upkeep\n|turn|27\n|\n|t:|1699975287\n|switch|p1a: Conkeldurr|Conkeldurr, F|67\/100 brn\n|move|p2a: Donphan|Ice Shard|p1a: Conkeldurr\n|-damage|p1a: Conkeldurr|55\/100 brn\n|\n|-damage|p1a: Conkeldurr|49\/100 brn|[from] brn\n|upkeep\n|turn|28\n|\n|t:|1699975302\n|move|p2a: Donphan|Earthquake|p1a: Conkeldurr\n|-damage|p1a: Conkeldurr|0 fnt\n|faint|p1a: Conkeldurr\n|\n|upkeep\n|\n|t:|1699975325\n|switch|p1a: Iron Valiant|Iron Valiant|100\/100\n|-enditem|p1a: Iron Valiant|Booster Energy\n|-activate|p1a: Iron Valiant|ability: Quark Drive|[fromitem]\n|-start|p1a: Iron Valiant|quarkdrivespe\n|turn|29\n|\n|t:|1699975340\n|switch|p2a: Revavroom|Revavroom, M|43\/100 brn\n|move|p1a: Iron Valiant|Moonblast|p2a: Revavroom\n|-resisted|p2a: Revavroom\n|-damage|p2a: Revavroom|32\/100 brn\n|\n|-heal|p2a: Revavroom|38\/100 brn|[from] item: Black Sludge\n|-damage|p2a: Revavroom|32\/100 brn|[from] brn\n|upkeep\n|turn|30\n|inactive|elde971 has 120 seconds left.\n|\n|t:|1699975364\n|-end|p1a: Iron Valiant|Quark Drive|[silent]\n|switch|p1a: Kingambit|Kingambit, F|63\/100\n|-activate|p1a: Kingambit|ability: Supreme Overlord\n|-start|p1a: Kingambit|fallen2|[silent]\n|move|p2a: Revavroom|Parting Shot|p1a: Kingambit\n|-unboost|p1a: Kingambit|atk|1\n|-unboost|p1a: Kingambit|spa|1\n|\n|t:|1699975371\n|switch|p2a: Arcanine|Arcanine-Hisui, F|100\/100|[from] Parting Shot\n|\n|upkeep\n|turn|31\n|inactive|elde971 has 120 seconds left.\n|\n|t:|1699975391\n|move|p1a: Kingambit|Sucker Punch|p2a: Arcanine\n|-damage|p2a: Arcanine|55\/100\n|move|p2a: Arcanine|Flare Blitz|p1a: Kingambit\n|-supereffective|p1a: Kingambit\n|-damage|p1a: Kingambit|0 fnt\n|faint|p1a: Kingambit\n|-end|p1a: Kingambit|fallen2|[silent]\n|\n|upkeep\n|\n|t:|1699975399\n|switch|p1a: Iron Valiant|Iron Valiant|100\/100\n|turn|32\n|\n|t:|1699975412\n|-terastallize|p2a: Arcanine|Fire\n|move|p2a: Arcanine|Flare Blitz|p1a: Iron Valiant\n|-damage|p1a: Iron Valiant|0 fnt\n|faint|p1a: Iron Valiant\n|-end|p1a: Iron Valiant|Quark Drive|[silent]\n|\n|upkeep\n|inactive|elde971 has 120 seconds left.\n|\n|t:|1699975418\n|switch|p1a: Slowking|Slowking-Galar, M|99\/100\n|turn|33\n|\n|t:|1699975424\n|switch|p2a: Revavroom|Revavroom, M|32\/100 brn\n|move|p1a: Slowking|Sludge Bomb|p2a: Revavroom\n|-immune|p2a: Revavroom\n|\n|-heal|p2a: Revavroom|38\/100 brn|[from] item: Black Sludge\n|-heal|p1a: Slowking|100\/100|[from] item: Leftovers\n|-damage|p2a: Revavroom|32\/100 brn|[from] brn\n|upkeep\n|turn|34\n|\n|t:|1699975435\n|move|p2a: Revavroom|Iron Head|p1a: Slowking\n|-damage|p1a: Slowking|84\/100\n|cant|p1a: Slowking|flinch\n|\n|-heal|p2a: Revavroom|38\/100 brn|[from] item: Black Sludge\n|-heal|p1a: Slowking|90\/100|[from] item: Leftovers\n|-damage|p2a: Revavroom|32\/100 brn|[from] brn\n|upkeep\n|turn|35\n|\n|t:|1699975444\n|move|p2a: Revavroom|Iron Head|p1a: Slowking\n|-damage|p1a: Slowking|73\/100\n|move|p1a: Slowking|Thunder Wave||[still]\n|-fail|p1a: Slowking\n|\n|-heal|p2a: Revavroom|38\/100 brn|[from] item: Black Sludge\n|-heal|p1a: Slowking|79\/100|[from] item: Leftovers\n|-damage|p2a: Revavroom|32\/100 brn|[from] brn\n|upkeep\n|turn|36\n|\n|t:|1699975455\n|move|p2a: Revavroom|Parting Shot|p1a: Slowking\n|-unboost|p1a: Slowking|atk|1\n|-unboost|p1a: Slowking|spa|1\n|\n|t:|1699975462\n|switch|p2a: Donphan|Donphan, M|100\/100|[from] Parting Shot\n|move|p1a: Slowking|Thunder Wave|p2a: Donphan\n|-immune|p2a: Donphan\n|\n|-heal|p1a: Slowking|86\/100|[from] item: Leftovers\n|upkeep\n|turn|37\n|\n|t:|1699975477\n|move|p2a: Donphan|Earthquake|p1a: Slowking\n|-supereffective|p1a: Slowking\n|-damage|p1a: Slowking|0 fnt\n|faint|p1a: Slowking\n|\n|upkeep\n|\n|t:|1699975479\n|switch|p1a: Salamence|Salamence, F|11\/100\n|turn|38\n|\n|t:|1699975486\n|move|p2a: Donphan|Ice Shard|p1a: Salamence\n|-supereffective|p1a: Salamence\n|-damage|p1a: Salamence|0 fnt\n|faint|p1a: Salamence\n|\n|win|dilkem\n|raw|elde971's rating: 1298 &rarr; <strong>1273<\/strong><br \/>(-25 for losing)\n|raw|dilkem's rating: 1298 &rarr; <strong>1323<\/strong><br \/>(+25 for winning)\n|l|\u2606elde971\n","uploadtime":1699975493,"views":16,"p1id":"elde971","p2id":"dilkem","formatid":"gen9ou","rating":1273,"private":0,"password":""}