{"id":"gen9ou-1999841811","p1":"An^nsi","p2":"Yakkosalabama","format":"[Gen 9] OU","log":"|j|\u2606An^nsi\n|j|\u2606Yakkosalabama\n|t:|1701121812\n|gametype|singles\n|player|p1|An^nsi|burglar|1385\n|player|p2|Yakkosalabama|volo|1372\n|teamsize|p1|6\n|teamsize|p2|6\n|gen|9\n|tier|[Gen 9] OU\n|rated|\n|rule|Sleep Clause Mod: Limit one foe put to sleep\n|rule|Species Clause: Limit one of each Pok\u00e9mon\n|rule|OHKO Clause: OHKO moves are banned\n|rule|Evasion Items Clause: Evasion items are banned\n|rule|Evasion Moves Clause: Evasion moves are banned\n|rule|Endless Battle Clause: Forcing endless battles is banned\n|rule|HP Percentage Mod: HP is shown in percentages\n|clearpoke\n|poke|p1|Samurott-Hisui, F|\n|poke|p1|Iron Valiant|\n|poke|p1|Zapdos|\n|poke|p1|Gholdengo|\n|poke|p1|Brambleghast, F|\n|poke|p1|Hoopa-Unbound|\n|poke|p2|Slowbro, M|\n|poke|p2|Great Tusk|\n|poke|p2|Ogerpon-Cornerstone, F|\n|poke|p2|Gholdengo|\n|poke|p2|Heatran, M|\n|poke|p2|Kingambit, M|\n|teampreview\n|inactive|Battle timer is ON: inactive players will automatically lose when time's up. (requested by Yakkosalabama)\n|c|\u2606Yakkosalabama|Hi\n|\n|t:|1701121830\n|start\n|switch|p1a: TouchMeNot|Zapdos, shiny|100\/100\n|switch|p2a: Ogerpon|Ogerpon-Cornerstone, F|100\/100\n|turn|1\n|\n|t:|1701121844\n|switch|p1a: Pinkerton|Gholdengo, shiny|100\/100\n|move|p2a: Ogerpon|Ivy Cudgel|p1a: Pinkerton|[anim] Ivy Cudgel Rock\n|-resisted|p1a: Pinkerton\n|-damage|p1a: Pinkerton|78\/100\n|-enditem|p1a: Pinkerton|Red Card|[of] p2a: Ogerpon\n|drag|p2a: Heatran|Heatran, M|100\/100\n|\n|upkeep\n|turn|2\n|\n|t:|1701121852\n|switch|p1a: Vishnu|Hoopa-Unbound|100\/100\n|move|p2a: Heatran|Magma Storm|p1a: Vishnu\n|-damage|p1a: Vishnu|78\/100\n|-activate|p1a: Vishnu|move: Magma Storm|[of] p2a: Heatran\n|\n|-damage|p1a: Vishnu|66\/100|[from] move: Magma Storm|[partiallytrapped]\n|upkeep\n|turn|3\n|\n|t:|1701121865\n|-terastallize|p2a: Heatran|Bug\n|move|p1a: Vishnu|Drain Punch|p2a: Heatran\n|-resisted|p2a: Heatran\n|-damage|p2a: Heatran|88\/100\n|-heal|p1a: Vishnu|72\/100|[from] drain|[of] p2a: Heatran\n|-damage|p1a: Vishnu|56\/100|[from] item: Rocky Helmet|[of] p2a: Heatran\n|move|p2a: Heatran|Will-O-Wisp|p1a: Vishnu\n|-status|p1a: Vishnu|brn\n|\n|-damage|p1a: Vishnu|50\/100 brn|[from] brn\n|-damage|p1a: Vishnu|37\/100 brn|[from] move: Magma Storm|[partiallytrapped]\n|upkeep\n|turn|4\n|\n|t:|1701121878\n|move|p1a: Vishnu|Psychic|p2a: Heatran\n|-damage|p2a: Heatran|53\/100\n|move|p2a: Heatran|Earth Power|p1a: Vishnu\n|-damage|p1a: Vishnu|25\/100 brn\n|\n|-damage|p1a: Vishnu|19\/100 brn|[from] brn\n|-damage|p1a: Vishnu|7\/100 brn|[from] move: Magma Storm|[partiallytrapped]\n|upkeep\n|turn|5\n|\n|t:|1701121888\n|switch|p2a: Gholdengo|Gholdengo|100\/100\n|move|p1a: Vishnu|Psychic|p2a: Gholdengo\n|-resisted|p2a: Gholdengo\n|-damage|p2a: Gholdengo|76\/100\n|-unboost|p2a: Gholdengo|spd|1\n|\n|-damage|p1a: Vishnu|1\/100 brn|[from] brn\n|-end|p1a: Vishnu|Magma Storm|[partiallytrapped]|[silent]\n|upkeep\n|turn|6\n|\n|t:|1701121897\n|switch|p2a: Kingambit|Kingambit, M|100\/100\n|move|p1a: Vishnu|Knock Off|p2a: Kingambit\n|-resisted|p2a: Kingambit\n|-damage|p2a: Kingambit|91\/100\n|-enditem|p2a: Kingambit|Black Glasses|[from] move: Knock Off|[of] p1a: Vishnu\n|\n|-damage|p1a: Vishnu|0 fnt|[from] brn\n|faint|p1a: Vishnu\n|upkeep\n|\n|t:|1701121903\n|switch|p1a: Sith|Samurott-Hisui, F, shiny|100\/100\n|turn|7\n|\n|t:|1701121909\n|-end|p2a: Kingambit|fallenundefined|[silent]\n|switch|p2a: Ogerpon|Ogerpon-Cornerstone, F|100\/100\n|move|p1a: Sith|Swords Dance|p1a: Sith\n|-boost|p1a: Sith|atk|2\n|\n|upkeep\n|turn|8\n|\n|t:|1701121926\n|switch|p1a: Pinkerton|Gholdengo, shiny|78\/100\n|move|p2a: Ogerpon|U-turn|p1a: Pinkerton\n|-resisted|p1a: Pinkerton\n|-damage|p1a: Pinkerton|74\/100\n|\n|t:|1701121930\n|switch|p2a: Heatran|Heatran, M, tera:Bug|53\/100|[from] U-turn\n|\n|upkeep\n|turn|9\n|\n|t:|1701121937\n|switch|p1a: Burnin Bush|Brambleghast, F|100\/100\n|move|p2a: Heatran|Magma Storm|p1a: Burnin Bush\n|-supereffective|p1a: Burnin Bush\n|-damage|p1a: Burnin Bush|0 fnt\n|faint|p1a: Burnin Bush\n|\n|upkeep\n|\n|t:|1701121952\n|switch|p1a: Sith|Samurott-Hisui, F, shiny|100\/100\n|turn|10\n|\n|t:|1701121956\n|move|p1a: Sith|Ceaseless Edge|p2a: Heatran|[miss]\n|-miss|p1a: Sith|p2a: Heatran\n|move|p2a: Heatran|Will-O-Wisp|p1a: Sith\n|-status|p1a: Sith|brn\n|\n|-damage|p1a: Sith|94\/100 brn|[from] brn\n|upkeep\n|turn|11\n|-message|An^nsi forfeited.\n|\n|win|Yakkosalabama\n|raw|An^nsi's rating: 1385 &rarr; <strong>1364<\/strong><br \/>(-21 for losing)\n|raw|Yakkosalabama's rating: 1372 &rarr; <strong>1393<\/strong><br \/>(+21 for winning)\n|l|\u2606An^nsi\n","uploadtime":1701121965,"views":5,"p1id":"annsi","p2id":"yakkosalabama","formatid":"gen9ou","rating":1364,"private":0,"password":""}