{"id":"gen9ou-1990739674","p1":"Elmasiso","p2":"Wo-Chielupa Deluxe","format":"[Gen 9] OU","log":"|j|\u2606Elmasiso\n|j|\u2606Wo-Chielupa Deluxe\n|t:|1699996355\n|gametype|singles\n|player|p1|Elmasiso|1|1361\n|player|p2|Wo-Chielupa Deluxe|ingo|1437\n|teamsize|p1|6\n|teamsize|p2|6\n|gen|9\n|tier|[Gen 9] OU\n|rated|\n|rule|Sleep Clause Mod: Limit one foe put to sleep\n|rule|Species Clause: Limit one of each Pok\u00e9mon\n|rule|OHKO Clause: OHKO moves are banned\n|rule|Evasion Items Clause: Evasion items are banned\n|rule|Evasion Moves Clause: Evasion moves are banned\n|rule|Endless Battle Clause: Forcing endless battles is banned\n|rule|HP Percentage Mod: HP is shown in percentages\n|clearpoke\n|poke|p1|Lokix, M|\n|poke|p1|Gholdengo|\n|poke|p1|Ribombee, M|\n|poke|p1|Samurott-Hisui, M|\n|poke|p1|Clefable, M|\n|poke|p1|Corviknight, F|\n|poke|p2|Torkoal, M|\n|poke|p2|Walking Wake|\n|poke|p2|Sneasler, F|\n|poke|p2|Rillaboom, M|\n|poke|p2|Great Tusk|\n|poke|p2|Zapdos|\n|teampreview\n|\n|t:|1699996369\n|start\n|switch|p1a: Samurott|Samurott-Hisui, M|100\/100\n|switch|p2a: Zapdos|Zapdos|100\/100\n|turn|1\n|inactive|Battle timer is ON: inactive players will automatically lose when time's up. (requested by Elmasiso)\n|\n|t:|1699996377\n|switch|p1a: Clefable|Clefable, M|100\/100\n|move|p2a: Zapdos|U-turn|p1a: Clefable\n|-resisted|p1a: Clefable\n|-damage|p1a: Clefable|94\/100\n|\n|t:|1699996381\n|switch|p2a: Rillaboom|Rillaboom, M|100\/100|[from] U-turn\n|-fieldstart|move: Grassy Terrain|[from] ability: Grassy Surge|[of] p2a: Rillaboom\n|\n|-heal|p1a: Clefable|100\/100|[from] Grassy Terrain\n|upkeep\n|turn|2\n|\n|t:|1699996395\n|switch|p1a: Corviknight|Corviknight, F|100\/100\n|-ability|p1a: Corviknight|Pressure\n|move|p2a: Rillaboom|Knock Off|p1a: Corviknight\n|-damage|p1a: Corviknight|69\/100\n|-enditem|p1a: Corviknight|Leftovers|[from] move: Knock Off|[of] p2a: Rillaboom\n|\n|upkeep\n|turn|3\n|\n|t:|1699996407\n|switch|p2a: Torkoal|Torkoal, M|100\/100\n|-weather|SunnyDay|[from] ability: Drought|[of] p2a: Torkoal\n|move|p1a: Corviknight|U-turn|p2a: Torkoal\n|-resisted|p2a: Torkoal\n|-damage|p2a: Torkoal|96\/100\n|\n|t:|1699996424\n|switch|p1a: Gholdengo|Gholdengo|100\/100|[from] U-turn\n|\n|-weather|SunnyDay|[upkeep]\n|-heal|p2a: Torkoal|100\/100|[from] Grassy Terrain\n|upkeep\n|turn|4\n|\n|t:|1699996428\n|move|p1a: Gholdengo|Shadow Ball|p2a: Torkoal\n|-damage|p2a: Torkoal|16\/100\n|-unboost|p2a: Torkoal|spd|1\n|move|p2a: Torkoal|Lava Plume|p1a: Gholdengo\n|-supereffective|p1a: Gholdengo\n|-damage|p1a: Gholdengo|9\/100\n|-status|p1a: Gholdengo|brn\n|\n|-weather|SunnyDay|[upkeep]\n|-heal|p1a: Gholdengo|15\/100 brn|[from] Grassy Terrain\n|-heal|p2a: Torkoal|22\/100|[from] Grassy Terrain\n|-damage|p1a: Gholdengo|9\/100 brn|[from] brn\n|upkeep\n|turn|5\n|inactive|Wo-Chielupa Deluxe has 120 seconds left.\n|\n|t:|1699996465\n|switch|p2a: Zapdos|Zapdos|100\/100\n|move|p1a: Gholdengo|Shadow Ball|p2a: Zapdos\n|-damage|p2a: Zapdos|36\/100\n|\n|-weather|SunnyDay|[upkeep]\n|-heal|p1a: Gholdengo|15\/100 brn|[from] Grassy Terrain\n|-damage|p1a: Gholdengo|9\/100 brn|[from] brn\n|-fieldend|move: Grassy Terrain\n|upkeep\n|turn|6\n|\n|t:|1699996471\n|move|p1a: Gholdengo|Shadow Ball|p2a: Zapdos\n|-damage|p2a: Zapdos|0 fnt\n|faint|p2a: Zapdos\n|\n|-weather|SunnyDay|[upkeep]\n|-damage|p1a: Gholdengo|3\/100 brn|[from] brn\n|upkeep\n|\n|t:|1699996476\n|switch|p2a: Walking Wake|Walking Wake|100\/100\n|-activate|p2a: Walking Wake|ability: Protosynthesis\n|-start|p2a: Walking Wake|protosynthesisspe\n|turn|7\n|\n|t:|1699996483\n|move|p2a: Walking Wake|Hydro Steam|p1a: Gholdengo\n|-damage|p1a: Gholdengo|0 fnt\n|faint|p1a: Gholdengo\n|\n|-weather|SunnyDay|[upkeep]\n|upkeep\n|\n|t:|1699996488\n|switch|p1a: Clefable|Clefable, M|100\/100\n|turn|8\n|\n|t:|1699996493\n|move|p2a: Walking Wake|Hydro Steam|p1a: Clefable\n|-damage|p1a: Clefable|36\/100\n|move|p1a: Clefable|Moonblast|p2a: Walking Wake\n|-supereffective|p2a: Walking Wake\n|-damage|p2a: Walking Wake|21\/100\n|\n|-weather|SunnyDay|[upkeep]\n|-heal|p1a: Clefable|42\/100|[from] item: Leftovers\n|upkeep\n|turn|9\n|\n|t:|1699996506\n|move|p2a: Walking Wake|Hydro Steam|p1a: Clefable\n|-damage|p1a: Clefable|0 fnt\n|faint|p1a: Clefable\n|\n|-weather|SunnyDay|[upkeep]\n|upkeep\n|\n|t:|1699996511\n|switch|p1a: Lokix|Lokix, M|100\/100\n|turn|10\n|\n|t:|1699996515\n|-end|p2a: Walking Wake|Protosynthesis|[silent]\n|switch|p2a: Great Tusk|Great Tusk|100\/100\n|-activate|p2a: Great Tusk|ability: Protosynthesis\n|-start|p2a: Great Tusk|protosynthesisatk\n|move|p1a: Lokix|First Impression|p2a: Great Tusk\n|-resisted|p2a: Great Tusk\n|-damage|p2a: Great Tusk|63\/100\n|-damage|p1a: Lokix|91\/100|[from] item: Life Orb\n|\n|-weather|none\n|-end|p2a: Great Tusk|Protosynthesis\n|upkeep\n|turn|11\n|\n|t:|1699996525\n|switch|p1a: Corviknight|Corviknight, F|69\/100\n|-ability|p1a: Corviknight|Pressure\n|move|p2a: Great Tusk|Rapid Spin|p1a: Corviknight\n|-resisted|p1a: Corviknight\n|-crit|p1a: Corviknight\n|-damage|p1a: Corviknight|60\/100\n|-boost|p2a: Great Tusk|spe|1\n|\n|upkeep\n|turn|12\n|\n|t:|1699996533\n|move|p2a: Great Tusk|Close Combat|p1a: Corviknight\n|-damage|p1a: Corviknight|23\/100\n|-unboost|p2a: Great Tusk|def|1\n|-unboost|p2a: Great Tusk|spd|1\n|move|p1a: Corviknight|Brave Bird|p2a: Great Tusk\n|-supereffective|p2a: Great Tusk\n|-damage|p2a: Great Tusk|0 fnt\n|faint|p2a: Great Tusk\n|-end|p2a: Great Tusk|Protosynthesis|[silent]\n|-damage|p1a: Corviknight|4\/100|[from] Recoil\n|\n|upkeep\n|\n|t:|1699996539\n|switch|p2a: Rillaboom|Rillaboom, M|100\/100\n|-fieldstart|move: Grassy Terrain|[from] ability: Grassy Surge|[of] p2a: Rillaboom\n|turn|13\n|\n|t:|1699996543\n|move|p2a: Rillaboom|U-turn|p1a: Corviknight\n|-resisted|p1a: Corviknight\n|-damage|p1a: Corviknight|0 fnt\n|faint|p1a: Corviknight\n|\n|t:|1699996552\n|switch|p2a: Torkoal|Torkoal, M|22\/100|[from] U-turn\n|-weather|SunnyDay|[from] ability: Drought|[of] p2a: Torkoal\n|\n|-weather|SunnyDay|[upkeep]\n|-heal|p2a: Torkoal|28\/100|[from] Grassy Terrain\n|upkeep\n|\n|t:|1699996559\n|switch|p1a: Ribombee|Ribombee, M|100\/100\n|turn|14\n|\n|t:|1699996563\n|move|p1a: Ribombee|Sticky Web|p2a: Torkoal\n|-sidestart|p2: Wo-Chielupa Deluxe|move: Sticky Web\n|move|p2a: Torkoal|Stealth Rock|p1a: Ribombee\n|-sidestart|p1: Elmasiso|move: Stealth Rock\n|\n|-weather|SunnyDay|[upkeep]\n|-heal|p2a: Torkoal|35\/100|[from] Grassy Terrain\n|upkeep\n|turn|15\n|\n|t:|1699996569\n|move|p1a: Ribombee|Moonblast|p2a: Torkoal\n|-resisted|p2a: Torkoal\n|-damage|p2a: Torkoal|7\/100\n|-unboost|p2a: Torkoal|spa|1\n|move|p2a: Torkoal|Rapid Spin|p1a: Ribombee\n|-damage|p1a: Ribombee|83\/100\n|-boost|p2a: Torkoal|spe|1\n|-sideend|p2: Wo-Chielupa Deluxe|Sticky Web|[from] move: Rapid Spin|[of] p2a: Torkoal\n|\n|-weather|SunnyDay|[upkeep]\n|-heal|p1a: Ribombee|89\/100|[from] Grassy Terrain\n|-heal|p2a: Torkoal|14\/100|[from] Grassy Terrain\n|upkeep\n|turn|16\n|\n|t:|1699996575\n|move|p1a: Ribombee|Moonblast|p2a: Torkoal\n|-resisted|p2a: Torkoal\n|-damage|p2a: Torkoal|0 fnt\n|faint|p2a: Torkoal\n|\n|-weather|SunnyDay|[upkeep]\n|-heal|p1a: Ribombee|95\/100|[from] Grassy Terrain\n|upkeep\n|\n|t:|1699996577\n|switch|p2a: Sneasler|Sneasler, F|100\/100\n|-enditem|p2a: Sneasler|Grassy Seed\n|-boost|p2a: Sneasler|def|1|[from] item: Grassy Seed\n|turn|17\n|\n|t:|1699996584\n|move|p2a: Sneasler|Dire Claw|p1a: Ribombee\n|-supereffective|p1a: Ribombee\n|-damage|p1a: Ribombee|0 fnt\n|faint|p1a: Ribombee\n|\n|-weather|SunnyDay|[upkeep]\n|-fieldend|move: Grassy Terrain\n|upkeep\n|\n|t:|1699996589\n|switch|p1a: Lokix|Lokix, M|91\/100\n|-damage|p1a: Lokix|66\/100|[from] Stealth Rock\n|turn|18\n|\n|t:|1699996592\n|move|p1a: Lokix|First Impression|p2a: Sneasler\n|-resisted|p2a: Sneasler\n|-damage|p2a: Sneasler|75\/100\n|-damage|p1a: Lokix|56\/100|[from] item: Life Orb\n|move|p2a: Sneasler|Swords Dance|p2a: Sneasler\n|-boost|p2a: Sneasler|atk|2\n|\n|-weather|SunnyDay|[upkeep]\n|upkeep\n|turn|19\n|\n|t:|1699996598\n|move|p1a: Lokix|Sucker Punch|p2a: Sneasler\n|-resisted|p2a: Sneasler\n|-damage|p2a: Sneasler|37\/100\n|-damage|p1a: Lokix|46\/100|[from] item: Life Orb\n|move|p2a: Sneasler|Dire Claw|p1a: Lokix\n|-damage|p1a: Lokix|0 fnt\n|faint|p1a: Lokix\n|\n|-weather|SunnyDay|[upkeep]\n|upkeep\n|\n|t:|1699996601\n|switch|p1a: Samurott|Samurott-Hisui, M|100\/100\n|-damage|p1a: Samurott|88\/100|[from] Stealth Rock\n|turn|20\n|\n|t:|1699996607\n|move|p1a: Samurott|Sucker Punch|p2a: Sneasler\n|-resisted|p2a: Sneasler\n|-damage|p2a: Sneasler|20\/100\n|move|p2a: Sneasler|Close Combat|p1a: Samurott\n|-supereffective|p1a: Samurott\n|-damage|p1a: Samurott|0 fnt\n|-unboost|p2a: Sneasler|def|1\n|-unboost|p2a: Sneasler|spd|1\n|faint|p1a: Samurott\n|\n|win|Wo-Chielupa Deluxe\n|raw|Elmasiso's rating: 1361 &rarr; <strong>1345<\/strong><br \/>(-16 for losing)\n|raw|Wo-Chielupa Deluxe's rating: 1437 &rarr; <strong>1453<\/strong><br \/>(+16 for winning)\n","uploadtime":1699996610,"views":12,"p1id":"elmasiso","p2id":"wochielupadeluxe","formatid":"gen9ou","rating":1345,"private":0,"password":""}