{"id":"gen9ou-2000273430","p1":"BoundbyTheTusklow","p2":"Mytton","format":"[Gen 9] OU","log":"|j|\u2606BoundbyTheTusklow\n|j|\u2606Mytton\n|t:|1701180112\n|gametype|singles\n|player|p1|BoundbyTheTusklow|galacticgrunt|1348\n|player|p2|Mytton|iris|1302\n|teamsize|p1|6\n|teamsize|p2|6\n|gen|9\n|tier|[Gen 9] OU\n|rated|\n|rule|Sleep Clause Mod: Limit one foe put to sleep\n|rule|Species Clause: Limit one of each Pok\u00e9mon\n|rule|OHKO Clause: OHKO moves are banned\n|rule|Evasion Items Clause: Evasion items are banned\n|rule|Evasion Moves Clause: Evasion moves are banned\n|rule|Endless Battle Clause: Forcing endless battles is banned\n|rule|HP Percentage Mod: HP is shown in percentages\n|clearpoke\n|poke|p1|Greninja-*, F|\n|poke|p1|Dragonite, F|\n|poke|p1|Amoonguss, F|\n|poke|p1|Heatran, F|\n|poke|p1|Mandibuzz, F|\n|poke|p1|Kingambit, M|\n|poke|p2|Garchomp, F|\n|poke|p2|Weavile, F|\n|poke|p2|Heatran, F|\n|poke|p2|Iron Valiant|\n|poke|p2|Cinderace, M|\n|poke|p2|Alomomola, M|\n|teampreview\n|\n|t:|1701180135\n|start\n|switch|p1a: Amoonguss|Amoonguss, F|100\/100\n|switch|p2a: froggy :DD|Heatran, F|100\/100\n|turn|1\n|\n|t:|1701180142\n|move|p2a: froggy :DD|Taunt|p1a: Amoonguss\n|-start|p1a: Amoonguss|move: Taunt\n|cant|p1a: Amoonguss|move: Taunt|Spore\n|\n|upkeep\n|turn|2\n|\n|t:|1701180152\n|switch|p2a: lost all GarcHope|Garchomp, F|100\/100\n|switch|p1a: Dragonite|Dragonite, F, shiny|100\/100\n|\n|upkeep\n|turn|3\n|\n|t:|1701180158\n|-terastallize|p2a: lost all GarcHope|Ghost\n|move|p1a: Dragonite|Dragon Claw|p2a: lost all GarcHope\n|-damage|p2a: lost all GarcHope|70\/100\n|-damage|p1a: Dragonite|88\/100|[from] ability: Rough Skin|[of] p2a: lost all GarcHope\n|-damage|p1a: Dragonite|72\/100|[from] item: Rocky Helmet|[of] p2a: lost all GarcHope\n|move|p2a: lost all GarcHope|Dragon Tail|p1a: Dragonite\n|-supereffective|p1a: Dragonite\n|-damage|p1a: Dragonite|12\/100\n|drag|p1a: Mandibuzz|Mandibuzz, F|100\/100\n|\n|upkeep\n|turn|4\n|\n|t:|1701180178\n|move|p1a: Mandibuzz|Knock Off|p2a: lost all GarcHope\n|-supereffective|p2a: lost all GarcHope\n|-crit|p2a: lost all GarcHope\n|-damage|p2a: lost all GarcHope|31\/100\n|-damage|p1a: Mandibuzz|88\/100|[from] ability: Rough Skin|[of] p2a: lost all GarcHope\n|-damage|p1a: Mandibuzz|71\/100|[from] item: Rocky Helmet|[of] p2a: lost all GarcHope\n|-enditem|p2a: lost all GarcHope|Rocky Helmet|[from] move: Knock Off|[of] p1a: Mandibuzz\n|move|p2a: lost all GarcHope|Dragon Tail|p1a: Mandibuzz\n|-damage|p1a: Mandibuzz|55\/100\n|drag|p1a: Amoonguss|Amoonguss, F|100\/100\n|\n|upkeep\n|turn|5\n|\n|t:|1701180194\n|move|p2a: lost all GarcHope|Stealth Rock|p1a: Amoonguss\n|-sidestart|p1: BoundbyTheTusklow|move: Stealth Rock\n|move|p1a: Amoonguss|Grass Knot|p2a: lost all GarcHope\n|-damage|p2a: lost all GarcHope|9\/100\n|-damage|p1a: Amoonguss|88\/100|[from] ability: Rough Skin|[of] p2a: lost all GarcHope\n|\n|upkeep\n|turn|6\n|\n|t:|1701180210\n|move|p2a: lost all GarcHope|Earthquake|p1a: Amoonguss\n|-damage|p1a: Amoonguss|39\/100\n|-enditem|p1a: Amoonguss|Red Card|[of] p2a: lost all GarcHope\n|drag|p2a: Weavback|Weavile, F|100\/100\n|-ability|p2a: Weavback|Pressure\n|move|p1a: Amoonguss|Giga Drain|p2a: Weavback\n|-damage|p2a: Weavback|71\/100\n|-heal|p1a: Amoonguss|49\/100|[from] drain|[of] p2a: Weavback\n|\n|upkeep\n|turn|7\n|\n|t:|1701180218\n|switch|p1a: Heatran|Heatran, F|100\/100\n|-damage|p1a: Heatran|88\/100|[from] Stealth Rock\n|move|p2a: Weavback|Icicle Spear|p1a: Heatran\n|-resisted|p1a: Heatran\n|-damage|p1a: Heatran|86\/100\n|-resisted|p1a: Heatran\n|-damage|p1a: Heatran|84\/100\n|-resisted|p1a: Heatran\n|-damage|p1a: Heatran|83\/100\n|-resisted|p1a: Heatran\n|-damage|p1a: Heatran|81\/100\n|-hitcount|p1a: Heatran|4\n|\n|-heal|p1a: Heatran|87\/100|[from] item: Leftovers\n|upkeep\n|turn|8\n|\n|t:|1701180242\n|switch|p2a: froggy :DD|Heatran, F|100\/100\n|move|p1a: Heatran|Stealth Rock|p2a: froggy :DD\n|-sidestart|p2: Mytton|move: Stealth Rock\n|\n|-heal|p1a: Heatran|93\/100|[from] item: Leftovers\n|upkeep\n|turn|9\n|\n|t:|1701180265\n|switch|p2a: wish fish|Alomomola, M|100\/100\n|-damage|p2a: wish fish|88\/100|[from] Stealth Rock\n|switch|p1a: Dragonite|Dragonite, F, shiny|12\/100\n|\n|upkeep\n|turn|10\n|\n|t:|1701180276\n|move|p1a: Dragonite|Dragon Dance|p1a: Dragonite\n|-boost|p1a: Dragonite|atk|1\n|-boost|p1a: Dragonite|spe|1\n|move|p2a: wish fish|Wish|p2a: wish fish\n|\n|upkeep\n|turn|11\n|\n|t:|1701180280\n|move|p1a: Dragonite|Earthquake|p2a: wish fish\n|-damage|p2a: wish fish|46\/100\n|-enditem|p2a: wish fish|Red Card|[of] p1a: Dragonite\n|drag|p1a: Heatran|Heatran, F|93\/100\n|-damage|p1a: Heatran|81\/100|[from] Stealth Rock\n|move|p2a: wish fish|Flip Turn|p1a: Heatran\n|-supereffective|p1a: Heatran\n|-damage|p1a: Heatran|62\/100\n|\n|t:|1701180302\n|switch|p2a: Weavback|Weavile, F|71\/100|[from] Flip Turn\n|-damage|p2a: Weavback|46\/100|[from] Stealth Rock\n|-ability|p2a: Weavback|Pressure\n|\n|-heal|p2a: Weavback|100\/100|[from] move: Wish|[wisher] wish fish\n|-heal|p1a: Heatran|68\/100|[from] item: Leftovers\n|upkeep\n|turn|12\n|\n|t:|1701180305\n|move|p2a: Weavback|Low Kick|p1a: Heatran\n|-supereffective|p1a: Heatran\n|-damage|p1a: Heatran|18\/100\n|move|p1a: Heatran|Magma Storm|p2a: Weavback\n|-supereffective|p2a: Weavback\n|-damage|p2a: Weavback|0 fnt\n|faint|p2a: Weavback\n|\n|-heal|p1a: Heatran|24\/100|[from] item: Leftovers\n|upkeep\n|\n|t:|1701180325\n|switch|p2a: gender robot|Iron Valiant|100\/100\n|-damage|p2a: gender robot|94\/100|[from] Stealth Rock\n|-enditem|p2a: gender robot|Booster Energy\n|-activate|p2a: gender robot|ability: Quark Drive|[fromitem]\n|-start|p2a: gender robot|quarkdrivespe\n|turn|13\n|\n|t:|1701180329\n|switch|p1a: Amoonguss|Amoonguss, F|82\/100\n|-damage|p1a: Amoonguss|69\/100|[from] Stealth Rock\n|move|p2a: gender robot|Thunderbolt|p1a: Amoonguss\n|-resisted|p1a: Amoonguss\n|-damage|p1a: Amoonguss|59\/100\n|\n|upkeep\n|turn|14\n|\n|t:|1701180338\n|-end|p2a: gender robot|Quark Drive|[silent]\n|switch|p2a: lost all GarcHope|Garchomp, F, tera:Ghost|9\/100\n|-damage|p2a: lost all GarcHope|0 fnt|[from] Stealth Rock\n|faint|p2a: lost all GarcHope\n|move|p1a: Amoonguss|Sludge Bomb|p2: lost all GarcHope|[notarget]\n|-fail|p1a: Amoonguss\n|\n|upkeep\n|\n|t:|1701180344\n|switch|p2a: ugliest mf :sob:|Cinderace, M|100\/100\n|turn|15\n|\n|t:|1701180349\n|switch|p1a: Dragonite|Dragonite, F, shiny|12\/100\n|move|p2a: ugliest mf :sob:|U-turn|p1a: Dragonite\n|-start|p2a: ugliest mf :sob:|typechange|Bug|[from] ability: Libero\n|-resisted|p1a: Dragonite\n|-damage|p1a: Dragonite|0 fnt\n|faint|p1a: Dragonite\n|\n|t:|1701180360\n|switch|p2a: wish fish|Alomomola, M|79\/100|[from] U-turn\n|-damage|p2a: wish fish|67\/100|[from] Stealth Rock\n|\n|upkeep\n|\n|t:|1701180366\n|switch|p1a: Mandibuzz|Mandibuzz, F|55\/100\n|turn|16\n|\n|t:|1701180370\n|move|p1a: Mandibuzz|Roost|p1a: Mandibuzz\n|-heal|p1a: Mandibuzz|100\/100\n|-singleturn|p1a: Mandibuzz|move: Roost\n|move|p2a: wish fish|Flip Turn|p1a: Mandibuzz\n|-damage|p1a: Mandibuzz|90\/100\n|\n|t:|1701180390\n|switch|p2a: gender robot|Iron Valiant|94\/100|[from] Flip Turn\n|-damage|p2a: gender robot|88\/100|[from] Stealth Rock\n|\n|upkeep\n|turn|17\n|\n|t:|1701180395\n|move|p2a: gender robot|Moonblast|p1a: Mandibuzz\n|-supereffective|p1a: Mandibuzz\n|-damage|p1a: Mandibuzz|13\/100\n|move|p1a: Mandibuzz|U-turn|p2a: gender robot\n|-resisted|p2a: gender robot\n|-damage|p2a: gender robot|85\/100\n|\n|t:|1701180408\n|switch|p1a: Greninja|Greninja, F, shiny|100\/100|[from] U-turn\n|-damage|p1a: Greninja|88\/100|[from] Stealth Rock\n|\n|upkeep\n|turn|18\n|\n|t:|1701180432\n|-end|p2a: gender robot|Quark Drive|[silent]\n|switch|p2a: wish fish|Alomomola, M|99\/100\n|-damage|p2a: wish fish|88\/100|[from] Stealth Rock\n|move|p1a: Greninja|Gunk Shot|p2a: wish fish\n|-start|p1a: Greninja|typechange|Poison|[from] ability: Protean\n|-damage|p2a: wish fish|57\/100\n|-status|p2a: wish fish|psn\n|\n|-damage|p2a: wish fish|45\/100 psn|[from] psn\n|upkeep\n|turn|19\n|\n|t:|1701180444\n|switch|p1a: Mandibuzz|Mandibuzz, F|13\/100\n|move|p2a: wish fish|Flip Turn|p1a: Mandibuzz\n|-damage|p1a: Mandibuzz|4\/100\n|\n|t:|1701180450\n|switch|p2a: ugliest mf :sob:|Cinderace, M|100\/100|[from] Flip Turn\n|\n|upkeep\n|turn|20\n|\n|t:|1701180453\n|move|p2a: ugliest mf :sob:|Pyro Ball|p1a: Mandibuzz\n|-damage|p1a: Mandibuzz|0 fnt\n|faint|p1a: Mandibuzz\n|\n|upkeep\n|\n|t:|1701180455\n|switch|p1a: Greninja|Greninja, F, shiny|88\/100\n|-damage|p1a: Greninja|76\/100|[from] Stealth Rock\n|turn|21\n|\n|t:|1701180460\n|switch|p2a: froggy :DD|Heatran, F|100\/100\n|-damage|p2a: froggy :DD|88\/100|[from] Stealth Rock\n|move|p1a: Greninja|Surf|p2a: froggy :DD\n|-start|p1a: Greninja|typechange|Water|[from] ability: Protean\n|-supereffective|p2a: froggy :DD\n|-damage|p2a: froggy :DD|40\/100\n|\n|-heal|p2a: froggy :DD|46\/100|[from] item: Leftovers\n|upkeep\n|turn|22\n|\n|t:|1701180467\n|-terastallize|p1a: Greninja|Water\n|move|p2a: froggy :DD|Protect|p2a: froggy :DD\n|-singleturn|p2a: froggy :DD|Protect\n|move|p1a: Greninja|Surf|p2a: froggy :DD\n|-activate|p2a: froggy :DD|move: Protect\n|\n|-heal|p2a: froggy :DD|52\/100|[from] item: Leftovers\n|upkeep\n|turn|23\n|-message|Mytton forfeited.\n|\n|win|BoundbyTheTusklow\n|raw|BoundbyTheTusklow's rating: 1348 &rarr; <strong>1365<\/strong><br \/>(+17 for winning)\n|raw|Mytton's rating: 1302 &rarr; <strong>1285<\/strong><br \/>(-17 for losing)\n|l|\u2606Mytton\n","uploadtime":1701180489,"views":2,"p1id":"boundbythetusklow","p2id":"mytton","formatid":"gen9ou","rating":1285,"private":0,"password":""}