{"id":"gen9ou-1990918788","p1":"mirandacfl","p2":"ch1ck3n nu99ets","format":"[Gen 9] OU","log":"|j|\u2606mirandacfl\n|j|\u2606ch1ck3n nu99ets\n|t:|1700015075\n|gametype|singles\n|player|p1|mirandacfl|lucas|1776\n|player|p2|ch1ck3n nu99ets|2|1762\n|teamsize|p1|6\n|teamsize|p2|6\n|gen|9\n|tier|[Gen 9] OU\n|rated|\n|rule|Sleep Clause Mod: Limit one foe put to sleep\n|rule|Species Clause: Limit one of each Pok\u00e9mon\n|rule|OHKO Clause: OHKO moves are banned\n|rule|Evasion Items Clause: Evasion items are banned\n|rule|Evasion Moves Clause: Evasion moves are banned\n|rule|Endless Battle Clause: Forcing endless battles is banned\n|rule|HP Percentage Mod: HP is shown in percentages\n|clearpoke\n|poke|p1|Dragapult, F|\n|poke|p1|Iron Moth|\n|poke|p1|Iron Valiant|\n|poke|p1|Great Tusk|\n|poke|p1|Ogerpon-Wellspring, F|\n|poke|p1|Dragonite, F|\n|poke|p2|Arcanine-Hisui, M|\n|poke|p2|Toxapex, M|\n|poke|p2|Great Tusk|\n|poke|p2|Zapdos|\n|poke|p2|Hydreigon, F|\n|poke|p2|Rillaboom, M|\n|teampreview\n|inactive|Battle timer is ON: inactive players will automatically lose when time's up. (requested by ch1ck3n nu99ets)\n|\n|t:|1700015090\n|start\n|switch|p1a: Dragapult|Dragapult, F|100\/100\n|switch|p2a: Zapdos|Zapdos|100\/100\n|turn|1\n|\n|t:|1700015094\n|switch|p2a: Toxapex|Toxapex, M|100\/100\n|move|p1a: Dragapult|Shadow Ball|p2a: Toxapex\n|-damage|p2a: Toxapex|73\/100\n|\n|upkeep\n|turn|2\n|\n|t:|1700015100\n|move|p1a: Dragapult|Thunder Wave|p2a: Toxapex\n|-status|p2a: Toxapex|par\n|move|p2a: Toxapex|Toxic|p1a: Dragapult\n|-status|p1a: Dragapult|tox\n|\n|-damage|p1a: Dragapult|95\/100 tox|[from] psn\n|upkeep\n|turn|3\n|\n|t:|1700015104\n|switch|p2a: Zapdos|Zapdos|100\/100\n|move|p1a: Dragapult|Shadow Ball|p2a: Zapdos\n|-damage|p2a: Zapdos|64\/100\n|\n|-damage|p1a: Dragapult|83\/100 tox|[from] psn\n|upkeep\n|turn|4\n|\n|t:|1700015107\n|move|p1a: Dragapult|Shadow Ball|p2a: Zapdos\n|-damage|p2a: Zapdos|28\/100\n|move|p2a: Zapdos|Roost|p2a: Zapdos\n|-heal|p2a: Zapdos|78\/100\n|-singleturn|p2a: Zapdos|move: Roost\n|\n|-damage|p1a: Dragapult|65\/100 tox|[from] psn\n|upkeep\n|turn|5\n|\n|t:|1700015110\n|move|p1a: Dragapult|Shadow Ball|p2a: Zapdos\n|-damage|p2a: Zapdos|41\/100\n|move|p2a: Zapdos|Roost|p2a: Zapdos\n|-heal|p2a: Zapdos|91\/100\n|-singleturn|p2a: Zapdos|move: Roost\n|\n|-damage|p1a: Dragapult|41\/100 tox|[from] psn\n|upkeep\n|turn|6\n|\n|t:|1700015114\n|switch|p1a: Ogerpon|Ogerpon-Wellspring, F|100\/100\n|move|p2a: Zapdos|Volt Switch|p1a: Ogerpon\n|-damage|p1a: Ogerpon|69\/100\n|\n|t:|1700015119\n|switch|p2a: Toxapex|Toxapex, M|100\/100 par|[from] Volt Switch\n|\n|upkeep\n|turn|7\n|j| sorrow132\n|j| SandGetsEverywhere\n|\n|t:|1700015124\n|switch|p1a: Dragapult|Dragapult, F|41\/100 tox\n|move|p2a: Toxapex|Toxic|p1a: Dragapult\n|-fail|p1a: Dragapult|tox\n|\n|-damage|p1a: Dragapult|35\/100 tox|[from] psn\n|upkeep\n|turn|8\n|j| ashleyumu\n|\n|t:|1700015127\n|move|p1a: Dragapult|Shadow Ball|p2a: Toxapex\n|-crit|p2a: Toxapex\n|-damage|p2a: Toxapex|58\/100 par\n|move|p2a: Toxapex|Surf|p1a: Dragapult\n|-resisted|p1a: Dragapult\n|-damage|p1a: Dragapult|21\/100 tox\n|\n|-damage|p1a: Dragapult|9\/100 tox|[from] psn\n|upkeep\n|turn|9\n|\n|t:|1700015133\n|move|p1a: Dragapult|Draco Meteor|p2a: Toxapex\n|-damage|p2a: Toxapex|15\/100 par\n|-unboost|p1a: Dragapult|spa|2\n|cant|p2a: Toxapex|par\n|\n|-damage|p1a: Dragapult|0 fnt|[from] psn\n|faint|p1a: Dragapult\n|upkeep\n|l| SandGetsEverywhere\n|\n|t:|1700015153\n|switch|p1a: Iron Moth|Iron Moth|100\/100\n|-enditem|p1a: Iron Moth|Booster Energy\n|-activate|p1a: Iron Moth|ability: Quark Drive|[fromitem]\n|-start|p1a: Iron Moth|quarkdrivespe\n|turn|10\n|\n|t:|1700015157\n|switch|p2a: Arcanine|Arcanine-Hisui, M|100\/100\n|move|p1a: Iron Moth|Fiery Dance|p2a: Arcanine\n|-resisted|p2a: Arcanine\n|-damage|p2a: Arcanine|88\/100\n|\n|upkeep\n|turn|11\n|\n|t:|1700015167\n|move|p1a: Iron Moth|Energy Ball|p2a: Arcanine\n|-damage|p2a: Arcanine|51\/100\n|move|p2a: Arcanine|Flare Blitz|p1a: Iron Moth\n|-resisted|p1a: Iron Moth\n|-damage|p1a: Iron Moth|31\/100\n|\n|upkeep\n|turn|12\n|\n|t:|1700015173\n|move|p1a: Iron Moth|Energy Ball|p2a: Arcanine\n|-damage|p2a: Arcanine|15\/100\n|move|p2a: Arcanine|Flare Blitz|p1a: Iron Moth\n|-resisted|p1a: Iron Moth\n|-damage|p1a: Iron Moth|0 fnt\n|faint|p1a: Iron Moth\n|-end|p1a: Iron Moth|Quark Drive|[silent]\n|\n|upkeep\n|j| SandGetsEverywhere\n|\n|t:|1700015187\n|switch|p1a: Iron Valiant|Iron Valiant|100\/100\n|-enditem|p1a: Iron Valiant|Booster Energy\n|-activate|p1a: Iron Valiant|ability: Quark Drive|[fromitem]\n|-start|p1a: Iron Valiant|quarkdrivespe\n|turn|13\n|j| Spiderking3261\n|l| Spiderking3261\n|j| Spiderking3261\n|\n|t:|1700015195\n|switch|p2a: Toxapex|Toxapex, M|48\/100 par\n|move|p1a: Iron Valiant|Moonblast|p2a: Toxapex\n|-resisted|p2a: Toxapex\n|-damage|p2a: Toxapex|29\/100 par\n|-unboost|p2a: Toxapex|spa|1\n|\n|upkeep\n|turn|14\n|l| Spiderking3261\n|\n|t:|1700015205\n|switch|p2a: Zapdos|Zapdos|91\/100\n|move|p1a: Iron Valiant|Calm Mind|p1a: Iron Valiant\n|-boost|p1a: Iron Valiant|spa|1\n|-boost|p1a: Iron Valiant|spd|1\n|\n|upkeep\n|turn|15\n|l| SandGetsEverywhere\n|\n|t:|1700015213\n|move|p1a: Iron Valiant|Moonblast|p2a: Zapdos\n|-damage|p2a: Zapdos|25\/100\n|move|p2a: Zapdos|Volt Switch|p1a: Iron Valiant\n|-damage|p1a: Iron Valiant|66\/100\n|\n|t:|1700015215\n|switch|p2a: Arcanine|Arcanine-Hisui, M|15\/100|[from] Volt Switch\n|\n|upkeep\n|turn|16\n|\n|t:|1700015221\n|-terastallize|p2a: Arcanine|Normal\n|move|p2a: Arcanine|Extreme Speed|p1a: Iron Valiant\n|-damage|p1a: Iron Valiant|0 fnt\n|faint|p1a: Iron Valiant\n|-end|p1a: Iron Valiant|Quark Drive|[silent]\n|\n|upkeep\n|\n|t:|1700015229\n|switch|p1a: Great Tusk|Great Tusk|100\/100\n|-enditem|p1a: Great Tusk|Booster Energy\n|-activate|p1a: Great Tusk|ability: Protosynthesis|[fromitem]\n|-start|p1a: Great Tusk|protosynthesisspe\n|turn|17\n|\n|t:|1700015234\n|switch|p2a: Zapdos|Zapdos|25\/100\n|move|p1a: Great Tusk|Bulk Up|p1a: Great Tusk\n|-boost|p1a: Great Tusk|atk|1\n|-boost|p1a: Great Tusk|def|1\n|\n|upkeep\n|turn|18\n|\n|t:|1700015250\n|move|p1a: Great Tusk|Ice Spinner|p2a: Zapdos\n|-supereffective|p2a: Zapdos\n|-damage|p2a: Zapdos|0 fnt\n|faint|p2a: Zapdos\n|\n|upkeep\n|\n|t:|1700015256\n|switch|p2a: Hydreigon|Hydreigon, F|100\/100\n|turn|19\n|\n|t:|1700015266\n|move|p1a: Great Tusk|Ice Spinner|p2a: Hydreigon\n|-supereffective|p2a: Hydreigon\n|-damage|p2a: Hydreigon|29\/100\n|move|p2a: Hydreigon|Earth Power|p1a: Great Tusk\n|-damage|p1a: Great Tusk|60\/100\n|\n|-heal|p2a: Hydreigon|35\/100|[from] item: Leftovers\n|upkeep\n|turn|20\n|\n|t:|1700015273\n|switch|p2a: Toxapex|Toxapex, M|62\/100 par\n|move|p1a: Great Tusk|Ice Spinner|p2a: Toxapex\n|-resisted|p2a: Toxapex\n|-crit|p2a: Toxapex\n|-damage|p2a: Toxapex|45\/100 par\n|\n|upkeep\n|turn|21\n|\n|t:|1700015283\n|switch|p2a: Hydreigon|Hydreigon, F|35\/100\n|move|p1a: Great Tusk|Bulk Up|p1a: Great Tusk\n|-boost|p1a: Great Tusk|atk|1\n|-boost|p1a: Great Tusk|def|1\n|\n|-heal|p2a: Hydreigon|42\/100|[from] item: Leftovers\n|upkeep\n|turn|22\n|\n|t:|1700015287\n|move|p1a: Great Tusk|Ice Spinner|p2a: Hydreigon\n|-supereffective|p2a: Hydreigon\n|-damage|p2a: Hydreigon|0 fnt\n|faint|p2a: Hydreigon\n|\n|upkeep\n|j| isoptera\n|\n|t:|1700015290\n|switch|p2a: Great Tusk|Great Tusk|100\/100\n|turn|23\n|\n|t:|1700015307\n|move|p1a: Great Tusk|Bulk Up|p1a: Great Tusk\n|-boost|p1a: Great Tusk|atk|1\n|-boost|p1a: Great Tusk|def|1\n|move|p2a: Great Tusk|Earthquake|p1a: Great Tusk\n|-damage|p1a: Great Tusk|49\/100\n|\n|upkeep\n|turn|24\n|\n|t:|1700015310\n|move|p1a: Great Tusk|Ice Spinner|p2a: Great Tusk\n|-supereffective|p2a: Great Tusk\n|-damage|p2a: Great Tusk|45\/100\n|move|p2a: Great Tusk|Earthquake|p1a: Great Tusk\n|-damage|p1a: Great Tusk|37\/100\n|\n|upkeep\n|turn|25\n|\n|t:|1700015314\n|move|p1a: Great Tusk|Ice Spinner|p2a: Great Tusk\n|-supereffective|p2a: Great Tusk\n|-damage|p2a: Great Tusk|0 fnt\n|faint|p2a: Great Tusk\n|-end|p2a: Great Tusk|Protosynthesis|[silent]\n|\n|upkeep\n|\n|t:|1700015316\n|switch|p2a: Arcanine|Arcanine-Hisui, M, tera:Normal|15\/100\n|turn|26\n|\n|t:|1700015323\n|move|p2a: Arcanine|Extreme Speed|p1a: Great Tusk\n|-damage|p1a: Great Tusk|21\/100\n|move|p1a: Great Tusk|Rapid Spin|p2a: Arcanine\n|-damage|p2a: Arcanine|0 fnt\n|-boost|p1a: Great Tusk|spe|1\n|faint|p2a: Arcanine\n|\n|upkeep\n|\n|t:|1700015326\n|switch|p2a: Rillaboom|Rillaboom, M|100\/100\n|-fieldstart|move: Grassy Terrain|[from] ability: Grassy Surge|[of] p2a: Rillaboom\n|-enditem|p2a: Rillaboom|Grassy Seed\n|-boost|p2a: Rillaboom|def|1|[from] item: Grassy Seed\n|turn|27\n|\n|t:|1700015333\n|-terastallize|p1a: Great Tusk|Poison\n|move|p2a: Rillaboom|Grassy Glide|p1a: Great Tusk\n|-resisted|p1a: Great Tusk\n|-damage|p1a: Great Tusk|16\/100\n|move|p1a: Great Tusk|Ice Spinner|p2a: Rillaboom\n|-supereffective|p2a: Rillaboom\n|-damage|p2a: Rillaboom|9\/100\n|-fieldend|move: Grassy Terrain\n|\n|upkeep\n|turn|28\n|-message|ch1ck3n nu99ets forfeited.\n|\n|win|mirandacfl\n|raw|mirandacfl's rating: 1776 &rarr; <strong>1795<\/strong><br \/>(+19 for winning)\n|raw|ch1ck3n nu99ets's rating: 1762 &rarr; <strong>1743<\/strong><br \/>(-19 for losing)\n|l| sorrow132\n|l| isoptera\n","uploadtime":1700015359,"views":12,"p1id":"mirandacfl","p2id":"ch1ck3nnu99ets","formatid":"gen9ou","rating":1743,"private":0,"password":""}