{"id":"gen9ou-1990977789","p1":"Thelaw1307","p2":"Zaidziz","format":"[Gen 9] OU","log":"|j|\u2606Thelaw1307\n|j|\u2606Zaidziz\n|t:|1700022409\n|gametype|singles\n|player|p1|Thelaw1307|dawn|1104\n|player|p2|Zaidziz|gambler|1052\n|teamsize|p1|6\n|teamsize|p2|6\n|gen|9\n|tier|[Gen 9] OU\n|rated|\n|rule|Sleep Clause Mod: Limit one foe put to sleep\n|rule|Species Clause: Limit one of each Pok\u00e9mon\n|rule|OHKO Clause: OHKO moves are banned\n|rule|Evasion Items Clause: Evasion items are banned\n|rule|Evasion Moves Clause: Evasion moves are banned\n|rule|Endless Battle Clause: Forcing endless battles is banned\n|rule|HP Percentage Mod: HP is shown in percentages\n|clearpoke\n|poke|p1|Mandibuzz, F|\n|poke|p1|Gardevoir, F|\n|poke|p1|Gholdengo|\n|poke|p1|Great Tusk|\n|poke|p1|Quaquaval, M|\n|poke|p1|Ceruledge, M|\n|poke|p2|Tyranitar, F|\n|poke|p2|Landorus-Therian, M|\n|poke|p2|Hippowdon, M|\n|poke|p2|Mandibuzz, F|\n|poke|p2|Jirachi|\n|poke|p2|Rotom-Wash|\n|teampreview\n|\n|t:|1700022423\n|start\n|switch|p1a: Quaquaval|Quaquaval, M|100\/100\n|switch|p2a: Tyranitar|Tyranitar, F|100\/100\n|-weather|Sandstorm|[from] ability: Sand Stream|[of] p2a: Tyranitar\n|turn|1\n|\n|t:|1700022434\n|switch|p2a: Landorus|Landorus-Therian, M|100\/100\n|-ability|p2a: Landorus|Intimidate|boost\n|-unboost|p1a: Quaquaval|atk|1\n|move|p1a: Quaquaval|Flip Turn|p2a: Landorus\n|-supereffective|p2a: Landorus\n|-damage|p2a: Landorus|53\/100\n|\n|t:|1700022449\n|switch|p1a: Mandibuzz|Mandibuzz, F|100\/100|[from] Flip Turn\n|\n|-weather|Sandstorm|[upkeep]\n|-heal|p2a: Landorus|59\/100|[from] item: Leftovers\n|upkeep\n|turn|2\n|\n|t:|1700022458\n|move|p2a: Landorus|Stone Edge|p1a: Mandibuzz\n|-supereffective|p1a: Mandibuzz\n|-damage|p1a: Mandibuzz|56\/100\n|move|p1a: Mandibuzz|Foul Play|p2a: Landorus\n|-damage|p2a: Landorus|0 fnt\n|faint|p2a: Landorus\n|\n|-weather|Sandstorm|[upkeep]\n|upkeep\n|\n|t:|1700022470\n|switch|p2a: Hippowdon|Hippowdon, M|100\/100\n|turn|3\n|\n|t:|1700022477\n|move|p1a: Mandibuzz|Roost|p1a: Mandibuzz\n|-heal|p1a: Mandibuzz|100\/100\n|-singleturn|p1a: Mandibuzz|move: Roost\n|move|p2a: Hippowdon|Yawn|p1a: Mandibuzz\n|-start|p1a: Mandibuzz|move: Yawn|[of] p2a: Hippowdon\n|\n|-weather|Sandstorm|[upkeep]\n|upkeep\n|turn|4\n|\n|t:|1700022494\n|move|p1a: Mandibuzz|U-turn|p2a: Hippowdon\n|-damage|p2a: Hippowdon|94\/100\n|\n|t:|1700022499\n|switch|p1a: Great Tusk|Great Tusk|100\/100|[from] U-turn\n|move|p2a: Hippowdon|Earthquake|p1a: Great Tusk\n|-damage|p1a: Great Tusk|75\/100\n|\n|-weather|Sandstorm|[upkeep]\n|-heal|p2a: Hippowdon|100\/100|[from] item: Leftovers\n|upkeep\n|turn|5\n|\n|t:|1700022510\n|move|p1a: Great Tusk|Knock Off|p2a: Hippowdon\n|-damage|p2a: Hippowdon|84\/100\n|-enditem|p2a: Hippowdon|Leftovers|[from] move: Knock Off|[of] p1a: Great Tusk\n|move|p2a: Hippowdon|Yawn|p1a: Great Tusk\n|-start|p1a: Great Tusk|move: Yawn|[of] p2a: Hippowdon\n|\n|-weather|none\n|upkeep\n|turn|6\n|\n|t:|1700022521\n|-end|p1a: Great Tusk|Protosynthesis|[silent]\n|switch|p1a: Mandibuzz|Mandibuzz, F|100\/100\n|move|p2a: Hippowdon|Rock Slide|p1a: Mandibuzz\n|-supereffective|p1a: Mandibuzz\n|-damage|p1a: Mandibuzz|80\/100\n|\n|upkeep\n|turn|7\n|\n|t:|1700022529\n|move|p1a: Mandibuzz|Foul Play|p2a: Hippowdon\n|-damage|p2a: Hippowdon|63\/100\n|move|p2a: Hippowdon|Yawn|p1a: Mandibuzz\n|-start|p1a: Mandibuzz|move: Yawn|[of] p2a: Hippowdon\n|\n|upkeep\n|turn|8\n|\n|t:|1700022536\n|move|p1a: Mandibuzz|U-turn|p2a: Hippowdon\n|-damage|p2a: Hippowdon|57\/100\n|\n|t:|1700022541\n|switch|p1a: Great Tusk|Great Tusk|75\/100|[from] U-turn\n|move|p2a: Hippowdon|Slack Off|p2a: Hippowdon\n|-heal|p2a: Hippowdon|100\/100\n|\n|upkeep\n|turn|9\n|\n|t:|1700022549\n|move|p1a: Great Tusk|Stealth Rock|p2a: Hippowdon\n|-sidestart|p2: Zaidziz|move: Stealth Rock\n|move|p2a: Hippowdon|Yawn|p1a: Great Tusk\n|-start|p1a: Great Tusk|move: Yawn|[of] p2a: Hippowdon\n|\n|upkeep\n|turn|10\n|\n|t:|1700022556\n|-end|p1a: Great Tusk|Protosynthesis|[silent]\n|switch|p1a: Mandibuzz|Mandibuzz, F|80\/100\n|move|p2a: Hippowdon|Rock Slide|p1a: Mandibuzz\n|-supereffective|p1a: Mandibuzz\n|-damage|p1a: Mandibuzz|58\/100\n|\n|upkeep\n|turn|11\n|\n|t:|1700022563\n|move|p1a: Mandibuzz|Roost|p1a: Mandibuzz\n|-heal|p1a: Mandibuzz|100\/100\n|-singleturn|p1a: Mandibuzz|move: Roost\n|move|p2a: Hippowdon|Yawn|p1a: Mandibuzz\n|-start|p1a: Mandibuzz|move: Yawn|[of] p2a: Hippowdon\n|\n|upkeep\n|turn|12\n|\n|t:|1700022573\n|move|p1a: Mandibuzz|U-turn|p2a: Hippowdon\n|-damage|p2a: Hippowdon|94\/100\n|\n|t:|1700022583\n|switch|p1a: Quaquaval|Quaquaval, M|100\/100|[from] U-turn\n|move|p2a: Hippowdon|Rock Slide|p1a: Quaquaval\n|-resisted|p1a: Quaquaval\n|-damage|p1a: Quaquaval|88\/100\n|\n|upkeep\n|turn|13\n|\n|t:|1700022604\n|switch|p2a: Rotom|Rotom-Wash|100\/100\n|-damage|p2a: Rotom|88\/100|[from] Stealth Rock\n|-terastallize|p1a: Quaquaval|Water\n|move|p1a: Quaquaval|Aqua Step|p2a: Rotom\n|-resisted|p2a: Rotom\n|-damage|p2a: Rotom|48\/100\n|-boost|p1a: Quaquaval|spe|1\n|\n|-heal|p2a: Rotom|55\/100|[from] item: Leftovers\n|upkeep\n|turn|14\n|\n|t:|1700022622\n|move|p1a: Quaquaval|Flip Turn|p2a: Rotom\n|-resisted|p2a: Rotom\n|-damage|p2a: Rotom|23\/100\n|\n|t:|1700022629\n|switch|p1a: Gholdengo|Gholdengo|100\/100|[from] Flip Turn\n|move|p2a: Rotom|Will-O-Wisp|p1a: Gholdengo\n|-immune|p1a: Gholdengo|[from] ability: Good as Gold\n|\n|-heal|p2a: Rotom|29\/100|[from] item: Leftovers\n|upkeep\n|turn|15\n|\n|t:|1700022642\n|move|p2a: Rotom|Hex|p1a: Gholdengo\n|-supereffective|p1a: Gholdengo\n|-damage|p1a: Gholdengo|48\/100\n|-enditem|p1a: Gholdengo|Sitrus Berry|[eat]\n|-heal|p1a: Gholdengo|73\/100|[from] item: Sitrus Berry\n|move|p1a: Gholdengo|Shadow Ball|p2a: Rotom\n|-damage|p2a: Rotom|0 fnt\n|faint|p2a: Rotom\n|\n|upkeep\n|\n|t:|1700022653\n|switch|p2a: Mandibuzz|Mandibuzz, F|100\/100\n|-damage|p2a: Mandibuzz|76\/100|[from] Stealth Rock\n|turn|16\n|\n|t:|1700022662\n|move|p1a: Gholdengo|Nasty Plot|p1a: Gholdengo\n|-boost|p1a: Gholdengo|spa|2\n|move|p2a: Mandibuzz|Foul Play|p1a: Gholdengo\n|-supereffective|p1a: Gholdengo\n|-damage|p1a: Gholdengo|40\/100\n|\n|-heal|p2a: Mandibuzz|82\/100|[from] item: Leftovers\n|upkeep\n|turn|17\n|\n|t:|1700022673\n|-terastallize|p2a: Mandibuzz|Dark\n|move|p1a: Gholdengo|Thunderbolt|p2a: Mandibuzz\n|-damage|p2a: Mandibuzz|24\/100\n|-status|p2a: Mandibuzz|par\n|move|p2a: Mandibuzz|Foul Play|p1a: Gholdengo\n|-supereffective|p1a: Gholdengo\n|-damage|p1a: Gholdengo|0 fnt\n|faint|p1a: Gholdengo\n|\n|-heal|p2a: Mandibuzz|31\/100 par|[from] item: Leftovers\n|upkeep\n|\n|t:|1700022705\n|switch|p1a: Gardevoir|Gardevoir, F|100\/100\n|-ability|p1a: Gardevoir|Overcoat|[from] ability: Trace|[of] p2a: Mandibuzz\n|turn|18\n|\n|t:|1700022716\n|move|p1a: Gardevoir|Moonblast|p2a: Mandibuzz\n|-supereffective|p2a: Mandibuzz\n|-damage|p2a: Mandibuzz|0 fnt\n|faint|p2a: Mandibuzz\n|\n|upkeep\n|\n|t:|1700022722\n|switch|p2a: Jirachi|Jirachi|100\/100\n|-damage|p2a: Jirachi|94\/100|[from] Stealth Rock\n|turn|19\n|\n|t:|1700022731\n|switch|p1a: Mandibuzz|Mandibuzz, F|100\/100\n|move|p2a: Jirachi|Thunder Wave|p1a: Mandibuzz\n|-status|p1a: Mandibuzz|par\n|\n|-heal|p2a: Jirachi|100\/100|[from] item: Leftovers\n|upkeep\n|turn|20\n|\n|t:|1700022741\n|move|p2a: Jirachi|Iron Head|p1a: Mandibuzz\n|-damage|p1a: Mandibuzz|79\/100 par\n|cant|p1a: Mandibuzz|flinch\n|\n|upkeep\n|turn|21\n|\n|t:|1700022747\n|switch|p1a: Great Tusk|Great Tusk|75\/100\n|move|p2a: Jirachi|Iron Head|p1a: Great Tusk\n|-damage|p1a: Great Tusk|55\/100\n|-damage|p2a: Jirachi|84\/100|[from] item: Rocky Helmet|[of] p1a: Great Tusk\n|\n|-heal|p2a: Jirachi|90\/100|[from] item: Leftovers\n|upkeep\n|turn|22\n|\n|t:|1700022757\n|move|p2a: Jirachi|Thunder Wave|p1a: Great Tusk\n|-immune|p1a: Great Tusk\n|move|p1a: Great Tusk|Knock Off|p2a: Jirachi\n|-supereffective|p2a: Jirachi\n|-damage|p2a: Jirachi|35\/100\n|-enditem|p2a: Jirachi|Leftovers|[from] move: Knock Off|[of] p1a: Great Tusk\n|\n|upkeep\n|turn|23\n|-message|Zaidziz forfeited.\n|\n|win|Thelaw1307\n|raw|Thelaw1307's rating: 1104 &rarr; <strong>1125<\/strong><br \/>(+21 for winning)\n|raw|Zaidziz's rating: 1052 &rarr; <strong>1037<\/strong><br \/>(-15 for losing)\n|l|\u2606Zaidziz\n","uploadtime":1700022773,"views":17,"p1id":"thelaw1307","p2id":"zaidziz","formatid":"gen9ou","rating":1037,"private":0,"password":""}