{"id":"gen9ou-1996433363","p1":"MattBirch","p2":"Flufferide","format":"[Gen 9] OU","log":"|j|\u2606MattBirch\n|j|\u2606Flufferide\n|t:|1700681561\n|gametype|singles\n|player|p1|MattBirch|266|1286\n|player|p2|Flufferide|bede-masters|1267\n|teamsize|p1|6\n|teamsize|p2|6\n|gen|9\n|tier|[Gen 9] OU\n|rated|\n|rule|Sleep Clause Mod: Limit one foe put to sleep\n|rule|Species Clause: Limit one of each Pok\u00e9mon\n|rule|OHKO Clause: OHKO moves are banned\n|rule|Evasion Items Clause: Evasion items are banned\n|rule|Evasion Moves Clause: Evasion moves are banned\n|rule|Endless Battle Clause: Forcing endless battles is banned\n|rule|HP Percentage Mod: HP is shown in percentages\n|clearpoke\n|poke|p1|Iron Valiant|\n|poke|p1|Meowscarada, F|\n|poke|p1|Zapdos|\n|poke|p1|Great Tusk|\n|poke|p1|Slowking-Galar, M|\n|poke|p1|Ting-Lu|\n|poke|p2|Zapdos|\n|poke|p2|Walking Wake|\n|poke|p2|Ogerpon-Cornerstone, F|\n|poke|p2|Gholdengo|\n|poke|p2|Kingambit, M|\n|poke|p2|Great Tusk|\n|teampreview\n|\n|t:|1700681577\n|start\n|switch|p1a: Meowscarada|Meowscarada, F|100\/100\n|switch|p2a: Zapdos|Zapdos|100\/100\n|turn|1\n|\n|t:|1700681590\n|move|p2a: Zapdos|Hurricane|p1a: Meowscarada|[miss]\n|-miss|p2a: Zapdos|p1a: Meowscarada\n|move|p1a: Meowscarada|U-turn|p2a: Zapdos\n|-start|p1a: Meowscarada|typechange|Bug|[from] ability: Protean\n|-resisted|p2a: Zapdos\n|-damage|p2a: Zapdos|73\/100\n|\n|t:|1700681612\n|switch|p1a: Ting-Lu|Ting-Lu|100\/100|[from] U-turn\n|-ability|p1a: Ting-Lu|Vessel of Ruin\n|\n|upkeep\n|turn|2\n|inactive|Battle timer is ON: inactive players will automatically lose when time's up. (requested by Flufferide)\n|\n|t:|1700681620\n|switch|p2a: Ogerpon|Ogerpon-Cornerstone, F|100\/100\n|move|p1a: Ting-Lu|Ruination|p2a: Ogerpon\n|-damage|p2a: Ogerpon|51\/100\n|\n|upkeep\n|turn|3\n|\n|t:|1700681636\n|move|p2a: Ogerpon|Swords Dance|p2a: Ogerpon\n|-boost|p2a: Ogerpon|atk|2\n|move|p1a: Ting-Lu|Whirlwind|p2a: Ogerpon\n|drag|p2a: Great Tusk|Great Tusk|100\/100\n|\n|upkeep\n|turn|4\n|\n|t:|1700681648\n|switch|p1a: Zapdos|Zapdos|100\/100\n|move|p2a: Great Tusk|Close Combat|p1a: Zapdos\n|-resisted|p1a: Zapdos\n|-damage|p1a: Zapdos|63\/100\n|-unboost|p2a: Great Tusk|def|1\n|-unboost|p2a: Great Tusk|spd|1\n|\n|upkeep\n|turn|5\n|\n|t:|1700681658\n|-end|p2a: Great Tusk|Protosynthesis|[silent]\n|switch|p2a: Gholdengo|Gholdengo|100\/100\n|move|p1a: Zapdos|Roost|p1a: Zapdos\n|-heal|p1a: Zapdos|100\/100\n|-singleturn|p1a: Zapdos|move: Roost\n|\n|upkeep\n|turn|6\n|\n|t:|1700681670\n|move|p1a: Zapdos|Thunderbolt|p2a: Gholdengo\n|-damage|p2a: Gholdengo|47\/100\n|move|p2a: Gholdengo|Nasty Plot|p2a: Gholdengo\n|-boost|p2a: Gholdengo|spa|2\n|\n|-heal|p2a: Gholdengo|53\/100|[from] item: Leftovers\n|upkeep\n|turn|7\n|\n|t:|1700681678\n|move|p1a: Zapdos|Thunderbolt|p2a: Gholdengo\n|-damage|p2a: Gholdengo|4\/100\n|move|p2a: Gholdengo|Shadow Ball|p1a: Zapdos\n|-damage|p1a: Zapdos|10\/100\n|\n|-heal|p2a: Gholdengo|10\/100|[from] item: Leftovers\n|upkeep\n|turn|8\n|\n|t:|1700681688\n|switch|p2a: Great Tusk|Great Tusk|100\/100\n|move|p1a: Zapdos|Thunderbolt|p2a: Great Tusk\n|-immune|p2a: Great Tusk\n|\n|upkeep\n|turn|9\n|\n|t:|1700681694\n|move|p1a: Zapdos|Hurricane|p2a: Great Tusk|[miss]\n|-miss|p1a: Zapdos|p2a: Great Tusk\n|move|p2a: Great Tusk|Rapid Spin|p1a: Zapdos\n|-damage|p1a: Zapdos|0 fnt\n|-boost|p2a: Great Tusk|spe|1\n|faint|p1a: Zapdos\n|\n|upkeep\n|\n|t:|1700681710\n|switch|p1a: Iron Valiant|Iron Valiant|100\/100\n|turn|10\n|\n|t:|1700681718\n|-terastallize|p2a: Great Tusk|Ground\n|move|p1a: Iron Valiant|Moonblast|p2a: Great Tusk\n|-damage|p2a: Great Tusk|54\/100\n|move|p2a: Great Tusk|Earthquake|p1a: Iron Valiant\n|-damage|p1a: Iron Valiant|8\/100\n|\n|upkeep\n|turn|11\n|\n|t:|1700681728\n|move|p1a: Iron Valiant|Moonblast|p2a: Great Tusk\n|-damage|p2a: Great Tusk|3\/100\n|move|p2a: Great Tusk|Rapid Spin|p1a: Iron Valiant\n|-damage|p1a: Iron Valiant|0 fnt\n|-boost|p2a: Great Tusk|spe|1\n|faint|p1a: Iron Valiant\n|-end|p1a: Iron Valiant|Quark Drive|[silent]\n|\n|upkeep\n|\n|t:|1700681741\n|switch|p1a: Great Tusk|Great Tusk|100\/100\n|turn|12\n|\n|t:|1700681746\n|move|p2a: Great Tusk|Earthquake|p1a: Great Tusk\n|-damage|p1a: Great Tusk|65\/100\n|move|p1a: Great Tusk|Rapid Spin|p2a: Great Tusk\n|-damage|p2a: Great Tusk|0 fnt\n|-boost|p1a: Great Tusk|spe|1\n|faint|p2a: Great Tusk\n|-end|p2a: Great Tusk|Protosynthesis|[silent]\n|\n|-heal|p1a: Great Tusk|71\/100|[from] item: Leftovers\n|upkeep\n|\n|t:|1700681762\n|switch|p2a: Ogerpon|Ogerpon-Cornerstone, F|51\/100\n|turn|13\n|\n|t:|1700681774\n|move|p2a: Ogerpon|Horn Leech|p1a: Great Tusk\n|-supereffective|p1a: Great Tusk\n|-damage|p1a: Great Tusk|27\/100\n|-heal|p2a: Ogerpon|82\/100|[from] drain|[of] p1a: Great Tusk\n|move|p1a: Great Tusk|Body Press|p2a: Ogerpon\n|-supereffective|p2a: Ogerpon\n|-damage|p2a: Ogerpon|0 fnt\n|faint|p2a: Ogerpon\n|\n|-heal|p1a: Great Tusk|34\/100|[from] item: Leftovers\n|upkeep\n|\n|t:|1700681793\n|switch|p2a: Walking Wake|Walking Wake|100\/100\n|turn|14\n|\n|t:|1700681809\n|move|p2a: Walking Wake|Hydro Steam|p1a: Great Tusk\n|-supereffective|p1a: Great Tusk\n|-damage|p1a: Great Tusk|0 fnt\n|faint|p1a: Great Tusk\n|-end|p1a: Great Tusk|Protosynthesis|[silent]\n|\n|upkeep\n|\n|t:|1700681819\n|switch|p1a: Slowking|Slowking-Galar, M|100\/100\n|turn|15\n|\n|t:|1700681824\n|-end|p2a: Walking Wake|Protosynthesis|[silent]\n|switch|p2a: Zapdos|Zapdos|73\/100\n|move|p1a: Slowking|Thunder Wave|p2a: Zapdos\n|-immune|p2a: Zapdos\n|\n|upkeep\n|turn|16\n|\n|t:|1700681831\n|move|p2a: Zapdos|Thunderbolt|p1a: Slowking\n|-crit|p1a: Slowking\n|-damage|p1a: Slowking|58\/100\n|move|p1a: Slowking|Future Sight|p2a: Zapdos\n|-start|p1a: Slowking|move: Future Sight\n|\n|upkeep\n|turn|17\n|\n|t:|1700681840\n|move|p2a: Zapdos|Thunderbolt|p1a: Slowking\n|-damage|p1a: Slowking|30\/100\n|move|p1a: Slowking|Chilly Reception|p1a: Slowking\n|-weather|Snow\n|\n|t:|1700681847\n|switch|p1a: Ting-Lu|Ting-Lu|100\/100|[from] Chilly Reception\n|-ability|p1a: Ting-Lu|Vessel of Ruin\n|\n|-weather|Snow|[upkeep]\n|upkeep\n|turn|18\n|\n|t:|1700681861\n|switch|p2a: Walking Wake|Walking Wake|100\/100\n|move|p1a: Ting-Lu|Ruination|p2a: Walking Wake\n|-damage|p2a: Walking Wake|51\/100\n|\n|-weather|Snow|[upkeep]\n|-end|p2a: Walking Wake|move: Future Sight\n|-damage|p2a: Walking Wake|13\/100\n|upkeep\n|turn|19\n|\n|t:|1700681876\n|-terastallize|p1a: Ting-Lu|Poison\n|move|p2a: Walking Wake|Hydro Steam|p1a: Ting-Lu\n|-damage|p1a: Ting-Lu|74\/100\n|move|p1a: Ting-Lu|Earthquake|p2a: Walking Wake\n|-damage|p2a: Walking Wake|0 fnt\n|faint|p2a: Walking Wake\n|-end|p2a: Walking Wake|Protosynthesis|[silent]\n|\n|-weather|Snow|[upkeep]\n|-heal|p1a: Ting-Lu|80\/100|[from] item: Leftovers\n|upkeep\n|\n|t:|1700681884\n|switch|p2a: Zapdos|Zapdos|73\/100\n|turn|20\n|\n|t:|1700681893\n|move|p2a: Zapdos|Thunderbolt|p1a: Ting-Lu\n|-damage|p1a: Ting-Lu|58\/100\n|move|p1a: Ting-Lu|Ruination|p2a: Zapdos|[miss]\n|-miss|p1a: Ting-Lu|p2a: Zapdos\n|\n|-weather|Snow|[upkeep]\n|-heal|p1a: Ting-Lu|65\/100|[from] item: Leftovers\n|upkeep\n|turn|21\n|\n|t:|1700681904\n|move|p2a: Zapdos|Thunderbolt|p1a: Ting-Lu\n|-damage|p1a: Ting-Lu|44\/100\n|move|p1a: Ting-Lu|Spikes|p2a: Zapdos\n|-sidestart|p2: Flufferide|Spikes\n|\n|-weather|none\n|-heal|p1a: Ting-Lu|51\/100|[from] item: Leftovers\n|upkeep\n|turn|22\n|\n|t:|1700681908\n|move|p2a: Zapdos|Thunderbolt|p1a: Ting-Lu\n|-crit|p1a: Ting-Lu\n|-damage|p1a: Ting-Lu|20\/100\n|move|p1a: Ting-Lu|Ruination|p2a: Zapdos\n|-damage|p2a: Zapdos|37\/100\n|\n|-heal|p1a: Ting-Lu|26\/100|[from] item: Leftovers\n|upkeep\n|turn|23\n|\n|t:|1700681920\n|move|p2a: Zapdos|Thunderbolt|p1a: Ting-Lu\n|-damage|p1a: Ting-Lu|7\/100\n|move|p1a: Ting-Lu|Whirlwind|p2a: Zapdos\n|drag|p2a: Gholdengo|Gholdengo|10\/100\n|-damage|p2a: Gholdengo|0 fnt|[from] Spikes\n|faint|p2a: Gholdengo\n|\n|-heal|p1a: Ting-Lu|13\/100|[from] item: Leftovers\n|upkeep\n|\n|t:|1700681923\n|switch|p2a: Kingambit|Kingambit, M|100\/100\n|-damage|p2a: Kingambit|88\/100|[from] Spikes\n|-activate|p2a: Kingambit|ability: Supreme Overlord\n|-start|p2a: Kingambit|fallen4|[silent]\n|turn|24\n|\n|t:|1700681940\n|move|p2a: Kingambit|Iron Head|p1a: Ting-Lu\n|-damage|p1a: Ting-Lu|0 fnt\n|faint|p1a: Ting-Lu\n|\n|-heal|p2a: Kingambit|94\/100|[from] item: Leftovers\n|upkeep\n|inactive|MattBirch has 120 seconds left.\n|\n|t:|1700681972\n|switch|p1a: Meowscarada|Meowscarada, F|100\/100\n|turn|25\n|\n|t:|1700681982\n|move|p1a: Meowscarada|Play Rough|p2a: Kingambit\n|-start|p1a: Meowscarada|typechange|Fairy|[from] ability: Protean\n|-damage|p2a: Kingambit|48\/100\n|move|p2a: Kingambit|Iron Head|p1a: Meowscarada\n|-supereffective|p1a: Meowscarada\n|-damage|p1a: Meowscarada|0 fnt\n|faint|p1a: Meowscarada\n|\n|-heal|p2a: Kingambit|54\/100|[from] item: Leftovers\n|upkeep\n|\n|t:|1700681990\n|switch|p1a: Slowking|Slowking-Galar, M|63\/100\n|turn|26\n|-message|MattBirch forfeited.\n|\n|win|Flufferide\n|raw|MattBirch's rating: 1286 &rarr; <strong>1260<\/strong><br \/>(-26 for losing)\n|raw|Flufferide's rating: 1267 &rarr; <strong>1293<\/strong><br \/>(+26 for winning)\n|l|\u2606MattBirch\n","uploadtime":1700682015,"views":0,"p1id":"mattbirch","p2id":"flufferide","formatid":"gen9ou","rating":1260,"private":0,"password":""}