{"id":"gen9ou-1996707623","p1":"BR0S1D","p2":"poppimon","format":"[Gen 9] OU","log":"|j|\u2606BR0S1D\n|j|\u2606poppimon\n|t:|1700712469\n|gametype|singles\n|player|p1|BR0S1D|266|1342\n|player|p2|poppimon|266|1323\n|teamsize|p1|6\n|teamsize|p2|6\n|gen|9\n|tier|[Gen 9] OU\n|rated|\n|rule|Sleep Clause Mod: Limit one foe put to sleep\n|rule|Species Clause: Limit one of each Pok\u00e9mon\n|rule|OHKO Clause: OHKO moves are banned\n|rule|Evasion Items Clause: Evasion items are banned\n|rule|Evasion Moves Clause: Evasion moves are banned\n|rule|Endless Battle Clause: Forcing endless battles is banned\n|rule|HP Percentage Mod: HP is shown in percentages\n|clearpoke\n|poke|p1|Samurott-Hisui, F|\n|poke|p1|Garganacl, F|\n|poke|p1|Zapdos|\n|poke|p1|Great Tusk|\n|poke|p1|Meowscarada, F|\n|poke|p1|Gholdengo|\n|poke|p2|Chesnaught, M|\n|poke|p2|Garganacl, M|\n|poke|p2|Ting-Lu|\n|poke|p2|Alomomola, M|\n|poke|p2|Dragapult, M|\n|poke|p2|Slowking-Galar, F|\n|teampreview\n|inactive|Battle timer is ON: inactive players will automatically lose when time's up. (requested by BR0S1D)\n|\n|t:|1700712481\n|start\n|switch|p1a: Samurott|Samurott-Hisui, F, shiny|100\/100\n|switch|p2a: Chesnaught|Chesnaught, M|100\/100\n|turn|1\n|\n|t:|1700712491\n|switch|p1a: Zapdos|Zapdos, shiny|100\/100\n|move|p2a: Chesnaught|Iron Defense|p2a: Chesnaught\n|-boost|p2a: Chesnaught|def|2\n|\n|upkeep\n|turn|2\n|\n|t:|1700712498\n|switch|p2a: Ting-Lu|Ting-Lu|100\/100\n|-ability|p2a: Ting-Lu|Vessel of Ruin\n|move|p1a: Zapdos|Hurricane|p2a: Ting-Lu\n|-damage|p2a: Ting-Lu|73\/100\n|-start|p2a: Ting-Lu|confusion\n|\n|-heal|p2a: Ting-Lu|79\/100|[from] item: Leftovers\n|upkeep\n|turn|3\n|\n|t:|1700712506\n|switch|p1a: Meowscarada|Meowscarada, F|100\/100\n|-activate|p2a: Ting-Lu|confusion\n|move|p2a: Ting-Lu|Stealth Rock|p1a: Meowscarada\n|-sidestart|p1: BR0S1D|move: Stealth Rock\n|\n|-heal|p2a: Ting-Lu|85\/100|[from] item: Leftovers\n|upkeep\n|turn|4\n|\n|t:|1700712512\n|switch|p2a: Chesnaught|Chesnaught, M|100\/100\n|move|p1a: Meowscarada|U-turn|p2a: Chesnaught\n|-start|p1a: Meowscarada|typechange|Bug|[from] ability: Protean\n|-damage|p2a: Chesnaught|70\/100\n|\n|t:|1700712517\n|switch|p1a: Great Tusk|Great Tusk|100\/100|[from] U-turn\n|-damage|p1a: Great Tusk|98\/100|[from] Stealth Rock\n|\n|-heal|p1a: Great Tusk|100\/100|[from] item: Leftovers\n|upkeep\n|turn|5\n|\n|t:|1700712537\n|move|p1a: Great Tusk|Rapid Spin|p2a: Chesnaught\n|-damage|p2a: Chesnaught|59\/100\n|-boost|p1a: Great Tusk|spe|1\n|-sideend|p1: BR0S1D|Stealth Rock|[from] move: Rapid Spin|[of] p1a: Great Tusk\n|move|p2a: Chesnaught|Knock Off|p1a: Great Tusk\n|-resisted|p1a: Great Tusk\n|-damage|p1a: Great Tusk|93\/100\n|-enditem|p1a: Great Tusk|Leftovers|[from] move: Knock Off|[of] p2a: Chesnaught\n|\n|upkeep\n|turn|6\n|\n|t:|1700712550\n|-end|p1a: Great Tusk|Protosynthesis|[silent]\n|switch|p1a: Zapdos|Zapdos, shiny|100\/100\n|move|p2a: Chesnaught|Synthesis|p2a: Chesnaught\n|-heal|p2a: Chesnaught|100\/100\n|\n|upkeep\n|turn|7\n|\n|t:|1700712556\n|switch|p1a: Meowscarada|Meowscarada, F|100\/100\n|switch|p2a: Garganacl|Garganacl, M|100\/100\n|\n|upkeep\n|turn|8\n|\n|t:|1700712566\n|move|p1a: Meowscarada|Flower Trick|p2a: Garganacl\n|-start|p1a: Meowscarada|typechange|Grass|[from] ability: Protean\n|-supereffective|p2a: Garganacl\n|-crit|p2a: Garganacl\n|-damage|p2a: Garganacl|5\/100\n|move|p2a: Garganacl|Salt Cure|p1a: Meowscarada\n|-damage|p1a: Meowscarada|80\/100\n|-start|p1a: Meowscarada|Salt Cure\n|\n|-heal|p2a: Garganacl|11\/100|[from] item: Leftovers\n|-damage|p1a: Meowscarada|68\/100|[from] Salt Cure\n|upkeep\n|turn|9\n|\n|t:|1700712578\n|switch|p2a: Slowking|Slowking-Galar, F|100\/100\n|move|p1a: Meowscarada|Flower Trick|p2a: Slowking\n|-resisted|p2a: Slowking\n|-crit|p2a: Slowking\n|-damage|p2a: Slowking|63\/100\n|\n|-damage|p1a: Meowscarada|55\/100|[from] Salt Cure\n|upkeep\n|turn|10\n|\n|t:|1700712590\n|switch|p1a: Garganacl|Garganacl, F|100\/100\n|move|p2a: Slowking|Chilly Reception|p2a: Slowking\n|-weather|Snow\n|\n|t:|1700712597\n|switch|p2a: Alomomola|Alomomola, M|100\/100|[from] Chilly Reception\n|\n|-weather|Snow|[upkeep]\n|upkeep\n|turn|11\n|\n|t:|1700712601\n|move|p2a: Alomomola|Wish|p2a: Alomomola\n|move|p1a: Garganacl|Salt Cure|p2a: Alomomola\n|-crit|p2a: Alomomola\n|-damage|p2a: Alomomola|89\/100\n|-start|p2a: Alomomola|Salt Cure\n|\n|-weather|Snow|[upkeep]\n|-damage|p2a: Alomomola|64\/100|[from] Salt Cure\n|upkeep\n|turn|12\n|\n|t:|1700712607\n|move|p2a: Alomomola|Flip Turn|p1a: Garganacl\n|-supereffective|p1a: Garganacl\n|-damage|p1a: Garganacl|77\/100\n|\n|t:|1700712611\n|switch|p2a: Garganacl|Garganacl, M|11\/100|[from] Flip Turn\n|move|p1a: Garganacl|Iron Defense|p1a: Garganacl\n|-boost|p1a: Garganacl|def|2\n|\n|-weather|Snow|[upkeep]\n|-heal|p2a: Garganacl|70\/100|[from] move: Wish|[wisher] Alomomola\n|-heal|p2a: Garganacl|76\/100|[from] item: Leftovers\n|-heal|p1a: Garganacl|83\/100|[from] item: Leftovers\n|upkeep\n|turn|13\n|\n|t:|1700712617\n|move|p2a: Garganacl|Salt Cure|p1a: Garganacl\n|-damage|p1a: Garganacl|78\/100\n|-start|p1a: Garganacl|Salt Cure\n|move|p1a: Garganacl|Iron Defense|p1a: Garganacl\n|-boost|p1a: Garganacl|def|2\n|\n|-weather|Snow|[upkeep]\n|-heal|p2a: Garganacl|82\/100|[from] item: Leftovers\n|-heal|p1a: Garganacl|84\/100|[from] item: Leftovers\n|-damage|p1a: Garganacl|71\/100|[from] Salt Cure\n|upkeep\n|turn|14\n|\n|t:|1700712627\n|move|p2a: Garganacl|Iron Defense|p2a: Garganacl\n|-boost|p2a: Garganacl|def|2\n|move|p1a: Garganacl|Body Press|p2a: Garganacl\n|-supereffective|p2a: Garganacl\n|-damage|p2a: Garganacl|33\/100\n|\n|-weather|none\n|-heal|p2a: Garganacl|40\/100|[from] item: Leftovers\n|-heal|p1a: Garganacl|78\/100|[from] item: Leftovers\n|-damage|p1a: Garganacl|65\/100|[from] Salt Cure\n|upkeep\n|turn|15\n|\n|t:|1700712642\n|-terastallize|p2a: Garganacl|Electric\n|move|p2a: Garganacl|Recover|p2a: Garganacl\n|-heal|p2a: Garganacl|90\/100\n|move|p1a: Garganacl|Body Press|p2a: Garganacl\n|-damage|p2a: Garganacl|65\/100\n|\n|-heal|p2a: Garganacl|71\/100|[from] item: Leftovers\n|-heal|p1a: Garganacl|71\/100|[from] item: Leftovers\n|-damage|p1a: Garganacl|59\/100|[from] Salt Cure\n|upkeep\n|turn|16\n|\n|t:|1700712651\n|move|p2a: Garganacl|Body Press|p1a: Garganacl\n|-supereffective|p1a: Garganacl\n|-damage|p1a: Garganacl|36\/100\n|move|p1a: Garganacl|Salt Cure|p2a: Garganacl\n|-damage|p2a: Garganacl|66\/100\n|-start|p2a: Garganacl|Salt Cure\n|\n|-heal|p2a: Garganacl|73\/100|[from] item: Leftovers\n|-heal|p1a: Garganacl|42\/100|[from] item: Leftovers\n|-damage|p2a: Garganacl|60\/100|[from] Salt Cure\n|-damage|p1a: Garganacl|30\/100|[from] Salt Cure\n|upkeep\n|turn|17\n|\n|t:|1700712667\n|switch|p2a: Dragapult|Dragapult, M|100\/100\n|move|p1a: Garganacl|Recover|p1a: Garganacl\n|-heal|p1a: Garganacl|80\/100\n|\n|-heal|p1a: Garganacl|86\/100|[from] item: Leftovers\n|-damage|p1a: Garganacl|74\/100|[from] Salt Cure\n|upkeep\n|turn|18\n|\n|t:|1700712677\n|move|p2a: Dragapult|Draco Meteor|p1a: Garganacl\n|-damage|p1a: Garganacl|16\/100\n|-unboost|p2a: Dragapult|spa|2\n|move|p1a: Garganacl|Salt Cure|p2a: Dragapult\n|-damage|p2a: Dragapult|82\/100\n|-start|p2a: Dragapult|Salt Cure\n|\n|-heal|p1a: Garganacl|22\/100|[from] item: Leftovers\n|-damage|p2a: Dragapult|69\/100|[from] Salt Cure\n|-damage|p1a: Garganacl|10\/100|[from] Salt Cure\n|upkeep\n|turn|19\n|\n|t:|1700712694\n|switch|p2a: Alomomola|Alomomola, M|97\/100\n|-terastallize|p1a: Garganacl|Fairy\n|move|p1a: Garganacl|Recover|p1a: Garganacl\n|-heal|p1a: Garganacl|60\/100\n|\n|-heal|p1a: Garganacl|66\/100|[from] item: Leftovers\n|-damage|p1a: Garganacl|54\/100|[from] Salt Cure\n|upkeep\n|turn|20\n|\n|t:|1700712704\n|move|p2a: Alomomola|Protect|p2a: Alomomola\n|-singleturn|p2a: Alomomola|Protect\n|move|p1a: Garganacl|Recover|p1a: Garganacl\n|-heal|p1a: Garganacl|100\/100\n|\n|-damage|p1a: Garganacl|88\/100|[from] Salt Cure\n|upkeep\n|turn|21\n|\n|t:|1700712709\n|move|p2a: Alomomola|Flip Turn|p1a: Garganacl\n|-damage|p1a: Garganacl|84\/100\n|\n|t:|1700712718\n|switch|p2a: Dragapult|Dragapult, M|69\/100|[from] Flip Turn\n|move|p1a: Garganacl|Salt Cure|p2a: Dragapult\n|-damage|p2a: Dragapult|50\/100\n|-start|p2a: Dragapult|Salt Cure\n|\n|-heal|p1a: Garganacl|90\/100|[from] item: Leftovers\n|-damage|p2a: Dragapult|38\/100|[from] Salt Cure\n|-damage|p1a: Garganacl|78\/100|[from] Salt Cure\n|upkeep\n|turn|22\n|\n|t:|1700712728\n|move|p2a: Dragapult|U-turn|p1a: Garganacl\n|-resisted|p1a: Garganacl\n|-damage|p1a: Garganacl|76\/100\n|\n|t:|1700712732\n|switch|p2a: Slowking|Slowking-Galar, F|96\/100|[from] U-turn\n|move|p1a: Garganacl|Recover|p1a: Garganacl\n|-heal|p1a: Garganacl|100\/100\n|\n|-damage|p1a: Garganacl|88\/100|[from] Salt Cure\n|upkeep\n|turn|23\n|\n|t:|1700712736\n|move|p1a: Garganacl|Iron Defense|p1a: Garganacl\n|-boost|p1a: Garganacl|def|2\n|move|p2a: Slowking|Sludge Bomb|p1a: Garganacl\n|-supereffective|p1a: Garganacl\n|-damage|p1a: Garganacl|43\/100\n|\n|-heal|p1a: Garganacl|50\/100|[from] item: Leftovers\n|-damage|p1a: Garganacl|37\/100|[from] Salt Cure\n|upkeep\n|turn|24\n|\n|t:|1700712741\n|move|p1a: Garganacl|Recover|p1a: Garganacl\n|-heal|p1a: Garganacl|87\/100\n|move|p2a: Slowking|Sludge Bomb|p1a: Garganacl\n|-supereffective|p1a: Garganacl\n|-damage|p1a: Garganacl|44\/100\n|\n|-heal|p1a: Garganacl|50\/100|[from] item: Leftovers\n|-damage|p1a: Garganacl|37\/100|[from] Salt Cure\n|upkeep\n|turn|25\n|\n|t:|1700712747\n|switch|p1a: Gholdengo|Gholdengo|100\/100\n|-item|p1a: Gholdengo|Air Balloon\n|move|p2a: Slowking|Sludge Bomb|p1a: Gholdengo\n|-immune|p1a: Gholdengo\n|\n|upkeep\n|turn|26\n|\n|t:|1700712753\n|move|p1a: Gholdengo|Make It Rain|p2a: Slowking\n|-damage|p2a: Slowking|63\/100\n|-unboost|p1a: Gholdengo|spa|1\n|move|p2a: Slowking|Chilly Reception|p2a: Slowking\n|-weather|Snow\n|\n|t:|1700712762\n|switch|p2a: Chesnaught|Chesnaught, M|100\/100|[from] Chilly Reception\n|\n|-weather|Snow|[upkeep]\n|upkeep\n|turn|27\n|\n|t:|1700712769\n|switch|p1a: Zapdos|Zapdos, shiny|100\/100\n|move|p2a: Chesnaught|Iron Defense|p2a: Chesnaught\n|-boost|p2a: Chesnaught|def|2\n|\n|-weather|Snow|[upkeep]\n|upkeep\n|turn|28\n|\n|t:|1700712776\n|switch|p2a: Garganacl|Garganacl, M, tera:Electric|60\/100\n|move|p1a: Zapdos|Hurricane|p2a: Garganacl\n|-resisted|p2a: Garganacl\n|-damage|p2a: Garganacl|40\/100\n|\n|-weather|Snow|[upkeep]\n|-heal|p2a: Garganacl|46\/100|[from] item: Leftovers\n|upkeep\n|turn|29\n|\n|t:|1700712784\n|move|p1a: Zapdos|Volt Switch|p2a: Garganacl\n|-resisted|p2a: Garganacl\n|-damage|p2a: Garganacl|34\/100\n|\n|t:|1700712789\n|switch|p1a: Great Tusk|Great Tusk|93\/100|[from] Volt Switch\n|move|p2a: Garganacl|Salt Cure|p1a: Great Tusk\n|-resisted|p1a: Great Tusk\n|-damage|p1a: Great Tusk|91\/100\n|-start|p1a: Great Tusk|Salt Cure\n|\n|-weather|Snow|[upkeep]\n|-heal|p2a: Garganacl|41\/100|[from] item: Leftovers\n|-damage|p1a: Great Tusk|78\/100|[from] Salt Cure\n|upkeep\n|turn|30\n|\n|t:|1700712796\n|switch|p2a: Chesnaught|Chesnaught, M|100\/100\n|move|p1a: Great Tusk|Stealth Rock|p2a: Chesnaught\n|-sidestart|p2: poppimon|move: Stealth Rock\n|\n|-weather|none\n|-damage|p1a: Great Tusk|66\/100|[from] Salt Cure\n|upkeep\n|turn|31\n|\n|t:|1700712806\n|-end|p1a: Great Tusk|Protosynthesis|[silent]\n|switch|p1a: Zapdos|Zapdos, shiny|100\/100\n|move|p2a: Chesnaught|Knock Off|p1a: Zapdos\n|-damage|p1a: Zapdos|74\/100\n|-enditem|p1a: Zapdos|Leftovers|[from] move: Knock Off|[of] p2a: Chesnaught\n|\n|upkeep\n|turn|32\n|\n|t:|1700712814\n|switch|p2a: Ting-Lu|Ting-Lu|85\/100\n|-damage|p2a: Ting-Lu|79\/100|[from] Stealth Rock\n|-ability|p2a: Ting-Lu|Vessel of Ruin\n|move|p1a: Zapdos|Hurricane|p2a: Ting-Lu|[miss]\n|-miss|p1a: Zapdos|p2a: Ting-Lu\n|\n|-heal|p2a: Ting-Lu|85\/100|[from] item: Leftovers\n|upkeep\n|turn|33\n|\n|t:|1700712820\n|switch|p1a: Great Tusk|Great Tusk|66\/100\n|move|p2a: Ting-Lu|Stealth Rock|p1a: Great Tusk\n|-sidestart|p1: BR0S1D|move: Stealth Rock\n|\n|-heal|p2a: Ting-Lu|92\/100|[from] item: Leftovers\n|upkeep\n|turn|34\n|\n|t:|1700712831\n|switch|p2a: Dragapult|Dragapult, M|38\/100\n|-damage|p2a: Dragapult|26\/100|[from] Stealth Rock\n|move|p1a: Great Tusk|Earthquake|p2a: Dragapult\n|-damage|p2a: Dragapult|0 fnt\n|faint|p2a: Dragapult\n|\n|upkeep\n|\n|t:|1700712836\n|switch|p2a: Chesnaught|Chesnaught, M|100\/100\n|turn|35\n|\n|t:|1700712844\n|move|p1a: Great Tusk|Rapid Spin|p2a: Chesnaught\n|-damage|p2a: Chesnaught|89\/100\n|-boost|p1a: Great Tusk|spe|1\n|-sideend|p1: BR0S1D|Stealth Rock|[from] move: Rapid Spin|[of] p1a: Great Tusk\n|move|p2a: Chesnaught|Iron Defense|p2a: Chesnaught\n|-boost|p2a: Chesnaught|def|2\n|\n|upkeep\n|turn|36\n|\n|t:|1700712849\n|-end|p1a: Great Tusk|Protosynthesis|[silent]\n|switch|p1a: Zapdos|Zapdos, shiny|74\/100\n|move|p2a: Chesnaught|Body Press|p1a: Zapdos\n|-resisted|p1a: Zapdos\n|-damage|p1a: Zapdos|31\/100\n|\n|upkeep\n|turn|37\n|\n|t:|1700712856\n|switch|p2a: Garganacl|Garganacl, M, tera:Electric|41\/100\n|-damage|p2a: Garganacl|28\/100|[from] Stealth Rock\n|move|p1a: Zapdos|Roost|p1a: Zapdos\n|-heal|p1a: Zapdos|81\/100\n|-singleturn|p1a: Zapdos|move: Roost\n|\n|-heal|p2a: Garganacl|34\/100|[from] item: Leftovers\n|upkeep\n|turn|38\n|\n|t:|1700712864\n|move|p1a: Zapdos|Volt Switch|p2a: Garganacl\n|-resisted|p2a: Garganacl\n|-damage|p2a: Garganacl|21\/100\n|\n|t:|1700712868\n|switch|p1a: Garganacl|Garganacl, F, tera:Fairy|37\/100|[from] Volt Switch\n|move|p2a: Garganacl|Recover|p2a: Garganacl\n|-heal|p2a: Garganacl|71\/100\n|\n|-heal|p2a: Garganacl|77\/100|[from] item: Leftovers\n|-heal|p1a: Garganacl|44\/100|[from] item: Leftovers\n|upkeep\n|turn|39\n|\n|t:|1700712885\n|move|p2a: Garganacl|Salt Cure|p1a: Garganacl\n|-damage|p1a: Garganacl|35\/100\n|-start|p1a: Garganacl|Salt Cure\n|move|p1a: Garganacl|Recover|p1a: Garganacl\n|-heal|p1a: Garganacl|85\/100\n|\n|-heal|p2a: Garganacl|83\/100|[from] item: Leftovers\n|-heal|p1a: Garganacl|91\/100|[from] item: Leftovers\n|-damage|p1a: Garganacl|79\/100|[from] Salt Cure\n|upkeep\n|turn|40\n|\n|t:|1700712897\n|switch|p2a: Alomomola|Alomomola, M|100\/100\n|move|p1a: Garganacl|Salt Cure|p2a: Alomomola\n|-damage|p2a: Alomomola|92\/100\n|-start|p2a: Alomomola|Salt Cure\n|\n|-heal|p1a: Garganacl|85\/100|[from] item: Leftovers\n|-damage|p2a: Alomomola|67\/100|[from] Salt Cure\n|-damage|p1a: Garganacl|72\/100|[from] Salt Cure\n|upkeep\n|turn|41\n|\n|t:|1700712904\n|switch|p1a: Samurott|Samurott-Hisui, F, shiny|100\/100\n|move|p2a: Alomomola|Wish|p2a: Alomomola\n|\n|-damage|p2a: Alomomola|42\/100|[from] Salt Cure\n|upkeep\n|turn|42\n|\n|t:|1700712912\n|switch|p2a: Chesnaught|Chesnaught, M|89\/100\n|move|p1a: Samurott|Ceaseless Edge|p2a: Chesnaught\n|-resisted|p2a: Chesnaught\n|-damage|p2a: Chesnaught|80\/100\n|-sidestart|p2: poppimon|Spikes\n|\n|-heal|p2a: Chesnaught|100\/100|[from] move: Wish|[wisher] Alomomola\n|upkeep\n|turn|43\n|\n|t:|1700712923\n|switch|p1a: Zapdos|Zapdos, shiny|81\/100\n|switch|p2a: Ting-Lu|Ting-Lu|92\/100\n|-damage|p2a: Ting-Lu|85\/100|[from] Stealth Rock\n|-damage|p2a: Ting-Lu|73\/100|[from] Spikes\n|-ability|p2a: Ting-Lu|Vessel of Ruin\n|\n|-heal|p2a: Ting-Lu|79\/100|[from] item: Leftovers\n|upkeep\n|turn|44\n|\n|t:|1700712930\n|switch|p1a: Meowscarada|Meowscarada, F|55\/100\n|move|p2a: Ting-Lu|Spikes|p1a: Meowscarada\n|-sidestart|p1: BR0S1D|Spikes\n|\n|-heal|p2a: Ting-Lu|85\/100|[from] item: Leftovers\n|upkeep\n|turn|45\n|\n|t:|1700712940\n|switch|p2a: Slowking|Slowking-Galar, F|96\/100\n|move|p1a: Meowscarada|Play Rough|p2a: Slowking\n|-start|p1a: Meowscarada|typechange|Fairy|[from] ability: Protean\n|-resisted|p2a: Slowking\n|-damage|p2a: Slowking|62\/100\n|\n|upkeep\n|turn|46\n|\n|t:|1700712948\n|switch|p1a: Gholdengo|Gholdengo|100\/100\n|-item|p1a: Gholdengo|Air Balloon\n|move|p2a: Slowking|Future Sight|p1a: Gholdengo\n|-start|p2a: Slowking|move: Future Sight\n|\n|upkeep\n|turn|47\n|\n|t:|1700712955\n|switch|p2a: Chesnaught|Chesnaught, M|100\/100\n|move|p1a: Gholdengo|Shadow Ball|p2a: Chesnaught\n|-immune|p2a: Chesnaught|[from] ability: Bulletproof\n|\n|upkeep\n|turn|48\n|\n|t:|1700712964\n|switch|p1a: Zapdos|Zapdos, shiny|81\/100\n|move|p2a: Chesnaught|Body Press|p1a: Zapdos\n|-resisted|p1a: Zapdos\n|-damage|p1a: Zapdos|60\/100\n|-status|p2a: Chesnaught|par|[from] ability: Static|[of] p1a: Zapdos\n|\n|-end|p1a: Zapdos|move: Future Sight\n|-damage|p1a: Zapdos|15\/100\n|upkeep\n|turn|49\n|\n|t:|1700712972\n|switch|p2a: Garganacl|Garganacl, M, tera:Electric|83\/100\n|-damage|p2a: Garganacl|71\/100|[from] Stealth Rock\n|-damage|p2a: Garganacl|58\/100|[from] Spikes\n|move|p1a: Zapdos|Roost|p1a: Zapdos\n|-heal|p1a: Zapdos|65\/100\n|-singleturn|p1a: Zapdos|move: Roost\n|\n|-heal|p2a: Garganacl|65\/100|[from] item: Leftovers\n|upkeep\n|turn|50\n|\n|t:|1700712979\n|move|p1a: Zapdos|Volt Switch|p2a: Garganacl\n|-resisted|p2a: Garganacl\n|-damage|p2a: Garganacl|52\/100\n|\n|t:|1700712983\n|switch|p1a: Meowscarada|Meowscarada, F|55\/100|[from] Volt Switch\n|-damage|p1a: Meowscarada|43\/100|[from] Spikes\n|move|p2a: Garganacl|Body Press|p1a: Meowscarada\n|-supereffective|p1a: Meowscarada\n|-damage|p1a: Meowscarada|0 fnt\n|faint|p1a: Meowscarada\n|\n|-heal|p2a: Garganacl|58\/100|[from] item: Leftovers\n|upkeep\n|c|\u2606BR0S1D|welp\n|c|\u2606BR0S1D|prob gg\n|\n|t:|1700712998\n|switch|p1a: Samurott|Samurott-Hisui, F, shiny|100\/100\n|-damage|p1a: Samurott|88\/100|[from] Spikes\n|turn|51\n|\n|t:|1700713003\n|switch|p2a: Chesnaught|Chesnaught, M|100\/100 par\n|move|p1a: Samurott|Ceaseless Edge|p2a: Chesnaught\n|-resisted|p2a: Chesnaught\n|-damage|p2a: Chesnaught|91\/100 par\n|-sidestart|p2: poppimon|Spikes\n|\n|upkeep\n|turn|52\n|\n|t:|1700713013\n|switch|p1a: Garganacl|Garganacl, F, tera:Fairy|72\/100\n|-damage|p1a: Garganacl|60\/100|[from] Spikes\n|move|p2a: Chesnaught|Body Press|p1a: Garganacl\n|-resisted|p1a: Garganacl\n|-damage|p1a: Garganacl|48\/100\n|\n|-heal|p1a: Garganacl|54\/100|[from] item: Leftovers\n|upkeep\n|turn|53\n|\n|t:|1700713020\n|move|p1a: Garganacl|Recover|p1a: Garganacl\n|-heal|p1a: Garganacl|100\/100\n|move|p2a: Chesnaught|Knock Off|p1a: Garganacl\n|-resisted|p1a: Garganacl\n|-damage|p1a: Garganacl|92\/100\n|-enditem|p1a: Garganacl|Leftovers|[from] move: Knock Off|[of] p2a: Chesnaught\n|\n|upkeep\n|turn|54\n|\n|t:|1700713027\n|switch|p2a: Slowking|Slowking-Galar, F|95\/100\n|move|p1a: Garganacl|Body Press|p2a: Slowking\n|-resisted|p2a: Slowking\n|-damage|p2a: Slowking|89\/100\n|\n|upkeep\n|turn|55\n|\n|t:|1700713033\n|move|p1a: Garganacl|Salt Cure|p2a: Slowking\n|-damage|p2a: Slowking|75\/100\n|-start|p2a: Slowking|Salt Cure\n|move|p2a: Slowking|Future Sight|p1a: Garganacl\n|-start|p2a: Slowking|move: Future Sight\n|\n|-damage|p2a: Slowking|63\/100|[from] Salt Cure\n|upkeep\n|turn|56\n|\n|t:|1700713042\n|switch|p1a: Gholdengo|Gholdengo|100\/100\n|-item|p1a: Gholdengo|Air Balloon\n|move|p2a: Slowking|Chilly Reception|p2a: Slowking\n|-weather|Snow\n|\n|t:|1700713050\n|switch|p2a: Garganacl|Garganacl, M, tera:Electric|58\/100|[from] Chilly Reception\n|-damage|p2a: Garganacl|46\/100|[from] Stealth Rock\n|-damage|p2a: Garganacl|29\/100|[from] Spikes\n|\n|-weather|Snow|[upkeep]\n|-heal|p2a: Garganacl|36\/100|[from] item: Leftovers\n|upkeep\n|turn|57\n|\n|t:|1700713057\n|move|p1a: Gholdengo|Shadow Ball|p2a: Garganacl\n|-damage|p2a: Garganacl|24\/100\n|-unboost|p2a: Garganacl|spd|1\n|move|p2a: Garganacl|Recover|p2a: Garganacl\n|-heal|p2a: Garganacl|74\/100\n|\n|-weather|Snow|[upkeep]\n|-end|p1a: Gholdengo|move: Future Sight\n|-resisted|p1a: Gholdengo\n|-damage|p1a: Gholdengo|78\/100\n|-enditem|p1a: Gholdengo|Air Balloon\n|-heal|p2a: Garganacl|80\/100|[from] item: Leftovers\n|upkeep\n|turn|58\n|\n|t:|1700713065\n|switch|p1a: Samurott|Samurott-Hisui, F, shiny|88\/100\n|-damage|p1a: Samurott|76\/100|[from] Spikes\n|move|p2a: Garganacl|Salt Cure|p1a: Samurott\n|-damage|p1a: Samurott|57\/100\n|-start|p1a: Samurott|Salt Cure\n|\n|-weather|Snow|[upkeep]\n|-heal|p2a: Garganacl|87\/100|[from] item: Leftovers\n|-damage|p1a: Samurott|32\/100|[from] Salt Cure\n|upkeep\n|turn|59\n|\n|t:|1700713075\n|switch|p2a: Chesnaught|Chesnaught, M|91\/100 par\n|move|p1a: Samurott|Flip Turn|p2a: Chesnaught\n|-resisted|p2a: Chesnaught\n|-damage|p2a: Chesnaught|79\/100 par\n|\n|t:|1700713080\n|switch|p1a: Great Tusk|Great Tusk|66\/100|[from] Flip Turn\n|-damage|p1a: Great Tusk|54\/100|[from] Spikes\n|\n|-weather|Snow|[upkeep]\n|upkeep\n|turn|60\n|\n|t:|1700713090\n|move|p1a: Great Tusk|Rapid Spin|p2a: Chesnaught\n|-damage|p2a: Chesnaught|67\/100 par\n|-boost|p1a: Great Tusk|spe|1\n|-sideend|p1: BR0S1D|Spikes|[from] move: Rapid Spin|[of] p1a: Great Tusk\n|move|p2a: Chesnaught|Iron Defense|p2a: Chesnaught\n|-boost|p2a: Chesnaught|def|2\n|\n|-weather|none\n|upkeep\n|turn|61\n|\n|t:|1700713095\n|-end|p1a: Great Tusk|Protosynthesis|[silent]\n|switch|p1a: Zapdos|Zapdos, shiny|65\/100\n|cant|p2a: Chesnaught|par\n|\n|upkeep\n|turn|62\n|\n|t:|1700713101\n|switch|p2a: Ting-Lu|Ting-Lu|85\/100\n|-damage|p2a: Ting-Lu|79\/100|[from] Stealth Rock\n|-damage|p2a: Ting-Lu|63\/100|[from] Spikes\n|-ability|p2a: Ting-Lu|Vessel of Ruin\n|move|p1a: Zapdos|Roost|p1a: Zapdos\n|-heal|p1a: Zapdos|100\/100\n|-singleturn|p1a: Zapdos|move: Roost\n|\n|-heal|p2a: Ting-Lu|69\/100|[from] item: Leftovers\n|upkeep\n|turn|63\n|\n|t:|1700713112\n|switch|p1a: Samurott|Samurott-Hisui, F, shiny|32\/100\n|move|p2a: Ting-Lu|Stealth Rock|p1a: Samurott\n|-sidestart|p1: BR0S1D|move: Stealth Rock\n|\n|-heal|p2a: Ting-Lu|75\/100|[from] item: Leftovers\n|upkeep\n|turn|64\n|\n|t:|1700713121\n|move|p1a: Samurott|Flip Turn|p2a: Ting-Lu\n|-supereffective|p2a: Ting-Lu\n|-crit|p2a: Ting-Lu\n|-damage|p2a: Ting-Lu|5\/100\n|\n|t:|1700713123\n|switch|p1a: Great Tusk|Great Tusk|54\/100|[from] Flip Turn\n|-damage|p1a: Great Tusk|51\/100|[from] Stealth Rock\n|move|p2a: Ting-Lu|Earthquake|p1a: Great Tusk\n|-damage|p1a: Great Tusk|27\/100\n|\n|-heal|p2a: Ting-Lu|11\/100|[from] item: Leftovers\n|upkeep\n|turn|65\n|\n|t:|1700713136\n|move|p1a: Great Tusk|Rapid Spin|p2a: Ting-Lu\n|-damage|p2a: Ting-Lu|2\/100\n|-boost|p1a: Great Tusk|spe|1\n|-sideend|p1: BR0S1D|Stealth Rock|[from] move: Rapid Spin|[of] p1a: Great Tusk\n|move|p2a: Ting-Lu|Spikes|p1a: Great Tusk\n|-sidestart|p1: BR0S1D|Spikes\n|\n|-heal|p2a: Ting-Lu|8\/100|[from] item: Leftovers\n|upkeep\n|turn|66\n|\n|t:|1700713144\n|move|p1a: Great Tusk|Rapid Spin|p2a: Ting-Lu\n|-damage|p2a: Ting-Lu|0 fnt\n|-boost|p1a: Great Tusk|spe|1\n|-sideend|p1: BR0S1D|Spikes|[from] move: Rapid Spin|[of] p1a: Great Tusk\n|faint|p2a: Ting-Lu\n|\n|upkeep\n|\n|t:|1700713149\n|switch|p2a: Alomomola|Alomomola, M|75\/100\n|turn|67\n|\n|t:|1700713156\n|move|p1a: Great Tusk|Close Combat|p2a: Alomomola\n|-damage|p2a: Alomomola|37\/100\n|-unboost|p1a: Great Tusk|def|1\n|-unboost|p1a: Great Tusk|spd|1\n|move|p2a: Alomomola|Scald|p1a: Great Tusk\n|-supereffective|p1a: Great Tusk\n|-damage|p1a: Great Tusk|0 fnt\n|faint|p1a: Great Tusk\n|-end|p1a: Great Tusk|Protosynthesis|[silent]\n|\n|upkeep\n|\n|t:|1700713163\n|switch|p1a: Samurott|Samurott-Hisui, F, shiny|32\/100\n|turn|68\n|\n|t:|1700713168\n|move|p2a: Alomomola|Protect|p2a: Alomomola\n|-singleturn|p2a: Alomomola|Protect\n|move|p1a: Samurott|Ceaseless Edge|p2a: Alomomola\n|-activate|p2a: Alomomola|move: Protect\n|\n|upkeep\n|turn|69\n|\n|t:|1700713174\n|switch|p2a: Chesnaught|Chesnaught, M|67\/100 par\n|move|p1a: Samurott|Ceaseless Edge|p2a: Chesnaught\n|-resisted|p2a: Chesnaught\n|-damage|p2a: Chesnaught|57\/100 par\n|-sidestart|p2: poppimon|Spikes\n|\n|upkeep\n|turn|70\n|\n|t:|1700713181\n|switch|p1a: Zapdos|Zapdos, shiny|100\/100\n|move|p2a: Chesnaught|Synthesis|p2a: Chesnaught\n|-heal|p2a: Chesnaught|100\/100 par\n|\n|upkeep\n|turn|71\n|\n|t:|1700713188\n|switch|p2a: Garganacl|Garganacl, M, tera:Electric|87\/100\n|-damage|p2a: Garganacl|74\/100|[from] Stealth Rock\n|-damage|p2a: Garganacl|49\/100|[from] Spikes\n|move|p1a: Zapdos|Hurricane|p2a: Garganacl|[miss]\n|-miss|p1a: Zapdos|p2a: Garganacl\n|\n|-heal|p2a: Garganacl|55\/100|[from] item: Leftovers\n|upkeep\n|turn|72\n|\n|t:|1700713196\n|move|p1a: Zapdos|Hurricane|p2a: Garganacl|[miss]\n|-miss|p1a: Zapdos|p2a: Garganacl\n|move|p2a: Garganacl|Salt Cure|p1a: Zapdos\n|-supereffective|p1a: Zapdos\n|-damage|p1a: Zapdos|69\/100\n|-start|p1a: Zapdos|Salt Cure\n|\n|-heal|p2a: Garganacl|62\/100|[from] item: Leftovers\n|-damage|p1a: Zapdos|57\/100|[from] Salt Cure\n|upkeep\n|turn|73\n|\n|t:|1700713199\n|move|p1a: Zapdos|Volt Switch|p2a: Garganacl\n|-resisted|p2a: Garganacl\n|-damage|p2a: Garganacl|49\/100\n|\n|t:|1700713202\n|switch|p1a: Garganacl|Garganacl, F, tera:Fairy|92\/100|[from] Volt Switch\n|move|p2a: Garganacl|Recover|p2a: Garganacl\n|-heal|p2a: Garganacl|99\/100\n|\n|-heal|p2a: Garganacl|100\/100|[from] item: Leftovers\n|upkeep\n|turn|74\n|\n|t:|1700713210\n|move|p2a: Garganacl|Salt Cure|p1a: Garganacl\n|-damage|p1a: Garganacl|82\/100\n|-start|p1a: Garganacl|Salt Cure\n|move|p1a: Garganacl|Salt Cure|p2a: Garganacl\n|-damage|p2a: Garganacl|92\/100\n|-start|p2a: Garganacl|Salt Cure\n|\n|-heal|p2a: Garganacl|98\/100|[from] item: Leftovers\n|-damage|p2a: Garganacl|85\/100|[from] Salt Cure\n|-damage|p1a: Garganacl|69\/100|[from] Salt Cure\n|upkeep\n|turn|75\n|\n|t:|1700713216\n|switch|p2a: Slowking|Slowking-Galar, F|96\/100\n|move|p1a: Garganacl|Iron Defense|p1a: Garganacl\n|-boost|p1a: Garganacl|def|2\n|\n|-damage|p1a: Garganacl|57\/100|[from] Salt Cure\n|upkeep\n|turn|76\n|\n|t:|1700713225\n|move|p1a: Garganacl|Salt Cure|p2a: Slowking\n|-damage|p2a: Slowking|80\/100\n|-start|p2a: Slowking|Salt Cure\n|move|p2a: Slowking|Sludge Bomb|p1a: Garganacl\n|-supereffective|p1a: Garganacl\n|-damage|p1a: Garganacl|16\/100\n|\n|-damage|p1a: Garganacl|4\/100|[from] Salt Cure\n|-damage|p2a: Slowking|68\/100|[from] Salt Cure\n|upkeep\n|turn|77\n|\n|t:|1700713236\n|switch|p1a: Zapdos|Zapdos, shiny|57\/100\n|move|p2a: Slowking|Sludge Bomb|p1a: Zapdos\n|-damage|p1a: Zapdos|19\/100\n|\n|-damage|p2a: Slowking|55\/100|[from] Salt Cure\n|upkeep\n|turn|78\n|\n|t:|1700713242\n|move|p1a: Zapdos|Roost|p1a: Zapdos\n|-heal|p1a: Zapdos|69\/100\n|-singleturn|p1a: Zapdos|move: Roost\n|move|p2a: Slowking|Chilly Reception|p2a: Slowking\n|-weather|Snow\n|\n|t:|1700713244\n|switch|p2a: Garganacl|Garganacl, M, tera:Electric|85\/100|[from] Chilly Reception\n|-damage|p2a: Garganacl|73\/100|[from] Stealth Rock\n|-damage|p2a: Garganacl|48\/100|[from] Spikes\n|\n|-weather|Snow|[upkeep]\n|-heal|p2a: Garganacl|54\/100|[from] item: Leftovers\n|upkeep\n|turn|79\n|\n|t:|1700713249\n|move|p1a: Zapdos|Hurricane|p2a: Garganacl\n|-resisted|p2a: Garganacl\n|-damage|p2a: Garganacl|36\/100\n|move|p2a: Garganacl|Recover|p2a: Garganacl\n|-heal|p2a: Garganacl|86\/100\n|\n|-weather|Snow|[upkeep]\n|-heal|p2a: Garganacl|92\/100|[from] item: Leftovers\n|upkeep\n|turn|80\n|\n|t:|1700713261\n|move|p1a: Zapdos|Heat Wave|p2a: Garganacl\n|-damage|p2a: Garganacl|70\/100\n|move|p2a: Garganacl|Salt Cure|p1a: Zapdos\n|-supereffective|p1a: Zapdos\n|-damage|p1a: Zapdos|36\/100\n|-start|p1a: Zapdos|Salt Cure\n|\n|-weather|Snow|[upkeep]\n|-heal|p2a: Garganacl|76\/100|[from] item: Leftovers\n|-damage|p1a: Zapdos|24\/100|[from] Salt Cure\n|upkeep\n|turn|81\n|\n|t:|1700713267\n|move|p1a: Zapdos|Volt Switch|p2a: Garganacl\n|-resisted|p2a: Garganacl\n|-damage|p2a: Garganacl|64\/100\n|\n|t:|1700713270\n|switch|p1a: Garganacl|Garganacl, F, tera:Fairy|4\/100|[from] Volt Switch\n|move|p2a: Garganacl|Salt Cure|p1a: Garganacl\n|-damage|p1a: Garganacl|0 fnt\n|faint|p1a: Garganacl\n|\n|-weather|Snow|[upkeep]\n|-heal|p2a: Garganacl|71\/100|[from] item: Leftovers\n|upkeep\n|\n|t:|1700713278\n|switch|p1a: Zapdos|Zapdos, shiny|24\/100\n|turn|82\n|\n|t:|1700713281\n|move|p1a: Zapdos|Roost|p1a: Zapdos\n|-heal|p1a: Zapdos|74\/100\n|-singleturn|p1a: Zapdos|move: Roost\n|move|p2a: Garganacl|Salt Cure|p1a: Zapdos\n|-damage|p1a: Zapdos|58\/100\n|-start|p1a: Zapdos|Salt Cure\n|\n|-weather|none\n|-heal|p2a: Garganacl|77\/100|[from] item: Leftovers\n|-damage|p1a: Zapdos|46\/100|[from] Salt Cure\n|upkeep\n|turn|83\n|\n|t:|1700713289\n|move|p1a: Zapdos|Volt Switch|p2a: Garganacl\n|-resisted|p2a: Garganacl\n|-damage|p2a: Garganacl|63\/100\n|\n|t:|1700713291\n|switch|p1a: Gholdengo|Gholdengo|78\/100|[from] Volt Switch\n|move|p2a: Garganacl|Salt Cure|p1a: Gholdengo\n|-resisted|p1a: Gholdengo\n|-damage|p1a: Gholdengo|73\/100\n|-start|p1a: Gholdengo|Salt Cure\n|\n|-heal|p2a: Garganacl|70\/100|[from] item: Leftovers\n|-damage|p1a: Gholdengo|49\/100|[from] Salt Cure\n|upkeep\n|turn|84\n|\n|t:|1700713300\n|move|p1a: Gholdengo|Shadow Ball|p2a: Garganacl\n|-damage|p2a: Garganacl|58\/100\n|-unboost|p2a: Garganacl|spd|1\n|move|p2a: Garganacl|Recover|p2a: Garganacl\n|-heal|p2a: Garganacl|100\/100\n|\n|-damage|p1a: Gholdengo|24\/100|[from] Salt Cure\n|upkeep\n|turn|85\n|\n|t:|1700713307\n|move|p1a: Gholdengo|Recover|p1a: Gholdengo\n|-heal|p1a: Gholdengo|74\/100\n|move|p2a: Garganacl|Iron Defense|p2a: Garganacl\n|-boost|p2a: Garganacl|def|2\n|\n|-damage|p1a: Gholdengo|49\/100|[from] Salt Cure\n|upkeep\n|turn|86\n|\n|t:|1700713315\n|move|p1a: Gholdengo|Make It Rain|p2a: Garganacl\n|-resisted|p2a: Garganacl\n|-damage|p2a: Garganacl|76\/100\n|-unboost|p1a: Gholdengo|spa|1\n|move|p2a: Garganacl|Iron Defense|p2a: Garganacl\n|-boost|p2a: Garganacl|def|2\n|\n|-heal|p2a: Garganacl|82\/100|[from] item: Leftovers\n|-damage|p1a: Gholdengo|24\/100|[from] Salt Cure\n|upkeep\n|turn|87\n|\n|t:|1700713326\n|switch|p1a: Zapdos|Zapdos, shiny|46\/100\n|move|p2a: Garganacl|Iron Defense|p2a: Garganacl\n|-boost|p2a: Garganacl|def|2\n|\n|-heal|p2a: Garganacl|89\/100|[from] item: Leftovers\n|upkeep\n|turn|88\n|\n|t:|1700713329\n|move|p1a: Zapdos|Roost|p1a: Zapdos\n|-heal|p1a: Zapdos|96\/100\n|-singleturn|p1a: Zapdos|move: Roost\n|move|p2a: Garganacl|Salt Cure|p1a: Zapdos\n|-damage|p1a: Zapdos|81\/100\n|-start|p1a: Zapdos|Salt Cure\n|\n|-heal|p2a: Garganacl|95\/100|[from] item: Leftovers\n|-damage|p1a: Zapdos|69\/100|[from] Salt Cure\n|upkeep\n|turn|89\n|\n|t:|1700713336\n|move|p1a: Zapdos|Hurricane|p2a: Garganacl\n|-resisted|p2a: Garganacl\n|-damage|p2a: Garganacl|65\/100\n|-start|p2a: Garganacl|confusion\n|-activate|p2a: Garganacl|confusion\n|move|p2a: Garganacl|Salt Cure|p1a: Zapdos\n|-supereffective|p1a: Zapdos\n|-damage|p1a: Zapdos|35\/100\n|\n|-heal|p2a: Garganacl|72\/100|[from] item: Leftovers\n|-damage|p1a: Zapdos|23\/100|[from] Salt Cure\n|upkeep\n|turn|90\n|\n|t:|1700713349\n|move|p1a: Zapdos|Roost|p1a: Zapdos\n|-heal|p1a: Zapdos|73\/100\n|-singleturn|p1a: Zapdos|move: Roost\n|-activate|p2a: Garganacl|confusion\n|-damage|p2a: Garganacl|70\/100|[from] confusion\n|\n|-heal|p2a: Garganacl|76\/100|[from] item: Leftovers\n|-damage|p1a: Zapdos|60\/100|[from] Salt Cure\n|upkeep\n|turn|91\n|\n|t:|1700713361\n|move|p1a: Zapdos|Hurricane|p2a: Garganacl\n|-resisted|p2a: Garganacl\n|-damage|p2a: Garganacl|47\/100\n|-activate|p2a: Garganacl|confusion\n|move|p2a: Garganacl|Body Press|p1a: Zapdos\n|-resisted|p1a: Zapdos\n|-damage|p1a: Zapdos|13\/100\n|\n|-heal|p2a: Garganacl|53\/100|[from] item: Leftovers\n|-damage|p1a: Zapdos|0 fnt|[from] Salt Cure\n|faint|p1a: Zapdos\n|upkeep\n|\n|t:|1700713368\n|switch|p1a: Gholdengo|Gholdengo|24\/100\n|turn|92\n|\n|t:|1700713372\n|move|p1a: Gholdengo|Make It Rain|p2a: Garganacl\n|-resisted|p2a: Garganacl\n|-damage|p2a: Garganacl|27\/100\n|-unboost|p1a: Gholdengo|spa|1\n|-end|p2a: Garganacl|confusion\n|move|p2a: Garganacl|Recover|p2a: Garganacl\n|-heal|p2a: Garganacl|77\/100\n|\n|-heal|p2a: Garganacl|84\/100|[from] item: Leftovers\n|upkeep\n|turn|93\n|\n|t:|1700713377\n|move|p1a: Gholdengo|Recover|p1a: Gholdengo\n|-heal|p1a: Gholdengo|74\/100\n|move|p2a: Garganacl|Salt Cure|p1a: Gholdengo\n|-resisted|p1a: Gholdengo\n|-damage|p1a: Gholdengo|69\/100\n|-start|p1a: Gholdengo|Salt Cure\n|\n|-heal|p2a: Garganacl|90\/100|[from] item: Leftovers\n|-damage|p1a: Gholdengo|44\/100|[from] Salt Cure\n|upkeep\n|turn|94\n|\n|t:|1700713381\n|move|p1a: Gholdengo|Recover|p1a: Gholdengo\n|-heal|p1a: Gholdengo|94\/100\n|move|p2a: Garganacl|Iron Defense|p2a: Garganacl\n|-boost|p2a: Garganacl|def|0\n|\n|-heal|p2a: Garganacl|96\/100|[from] item: Leftovers\n|-damage|p1a: Gholdengo|69\/100|[from] Salt Cure\n|upkeep\n|turn|95\n|c|\u2606BR0S1D|gg\n|\n|t:|1700713388\n|move|p1a: Gholdengo|Shadow Ball|p2a: Garganacl\n|-damage|p2a: Garganacl|84\/100\n|move|p2a: Garganacl|Iron Defense|p2a: Garganacl\n|-boost|p2a: Garganacl|def|0\n|\n|-heal|p2a: Garganacl|90\/100|[from] item: Leftovers\n|-damage|p1a: Gholdengo|45\/100|[from] Salt Cure\n|upkeep\n|turn|96\n|\n|t:|1700713392\n|move|p1a: Gholdengo|Shadow Ball|p2a: Garganacl\n|-damage|p2a: Garganacl|78\/100\n|move|p2a: Garganacl|Iron Defense|p2a: Garganacl\n|-boost|p2a: Garganacl|def|0\n|\n|-heal|p2a: Garganacl|84\/100|[from] item: Leftovers\n|-damage|p1a: Gholdengo|20\/100|[from] Salt Cure\n|upkeep\n|turn|97\n|\n|t:|1700713395\n|move|p1a: Gholdengo|Shadow Ball|p2a: Garganacl\n|-damage|p2a: Garganacl|73\/100\n|move|p2a: Garganacl|Iron Defense|p2a: Garganacl\n|-boost|p2a: Garganacl|def|0\n|\n|-heal|p2a: Garganacl|79\/100|[from] item: Leftovers\n|-damage|p1a: Gholdengo|0 fnt|[from] Salt Cure\n|faint|p1a: Gholdengo\n|upkeep\n|\n|t:|1700713396\n|switch|p1a: Samurott|Samurott-Hisui, F, shiny|32\/100\n|turn|98\n|\n|t:|1700713399\n|move|p1a: Samurott|Aqua Cutter|p2a: Garganacl\n|-damage|p2a: Garganacl|71\/100\n|move|p2a: Garganacl|Salt Cure|p1a: Samurott\n|-damage|p1a: Samurott|15\/100\n|-start|p1a: Samurott|Salt Cure\n|\n|-heal|p2a: Garganacl|77\/100|[from] item: Leftovers\n|-damage|p1a: Samurott|0 fnt|[from] Salt Cure\n|faint|p1a: Samurott\n|\n|win|poppimon\n|upkeep\n|raw|BR0S1D's rating: 1342 &rarr; <strong>1321<\/strong><br \/>(-21 for losing)\n|raw|poppimon's rating: 1323 &rarr; <strong>1344<\/strong><br \/>(+21 for winning)\n|l|\u2606BR0S1D\n","uploadtime":1700713587,"views":2,"p1id":"br0s1d","p2id":"poppimon","formatid":"gen9ou","rating":1321,"private":0,"password":""}