{"id":"gen9ou-2000550474","p1":"Piramat","p2":"Cinny69","format":"[Gen 9] OU","log":"|j|\u2606Piramat\n|j|\u2606Cinny69\n|t:|1701204494\n|gametype|singles\n|player|p1|Piramat|teamrocket|1341\n|player|p2|Cinny69|rika|1372\n|teamsize|p1|6\n|teamsize|p2|6\n|gen|9\n|tier|[Gen 9] OU\n|rated|\n|rule|Sleep Clause Mod: Limit one foe put to sleep\n|rule|Species Clause: Limit one of each Pok\u00e9mon\n|rule|OHKO Clause: OHKO moves are banned\n|rule|Evasion Items Clause: Evasion items are banned\n|rule|Evasion Moves Clause: Evasion moves are banned\n|rule|Endless Battle Clause: Forcing endless battles is banned\n|rule|HP Percentage Mod: HP is shown in percentages\n|clearpoke\n|poke|p1|Dragonite, M|\n|poke|p1|Kingambit, M|\n|poke|p1|Gholdengo|\n|poke|p1|Iron Valiant|\n|poke|p1|Sandy Shocks|\n|poke|p1|Cinderace, F|\n|poke|p2|Glimmora, F|\n|poke|p2|Quaquaval, F|\n|poke|p2|Ninetales-Alola, F|\n|poke|p2|Heatran, M|\n|poke|p2|Iron Valiant|\n|poke|p2|Ogerpon-Wellspring, F|\n|teampreview\n|inactive|Battle timer is ON: inactive players will automatically lose when time's up. (requested by Cinny69)\n|\n|t:|1701204525\n|start\n|switch|p1a: Sandy Shocks|Sandy Shocks|100\/100\n|switch|p2a: Glimmora|Glimmora, F, shiny|100\/100\n|-enditem|p1a: Sandy Shocks|Booster Energy\n|-activate|p1a: Sandy Shocks|ability: Protosynthesis|[fromitem]\n|-start|p1a: Sandy Shocks|protosynthesisspe\n|turn|1\n|inactive|Piramat has 120 seconds left.\n|\n|t:|1701204565\n|move|p1a: Sandy Shocks|Earth Power|p2a: Glimmora\n|-supereffective|p2a: Glimmora\n|-enditem|p2a: Glimmora|Focus Sash\n|-damage|p2a: Glimmora|1\/100\n|move|p2a: Glimmora|Energy Ball|p1a: Sandy Shocks\n|-supereffective|p1a: Sandy Shocks\n|-damage|p1a: Sandy Shocks|18\/100\n|\n|upkeep\n|turn|2\n|inactive|Piramat has 120 seconds left.\n|\n|t:|1701204576\n|switch|p2a: Heatran|Heatran, M|100\/100\n|-item|p2a: Heatran|Air Balloon\n|move|p1a: Sandy Shocks|Thunderbolt|p2a: Heatran\n|-damage|p2a: Heatran|76\/100\n|-enditem|p2a: Heatran|Air Balloon\n|\n|upkeep\n|turn|3\n|inactive|Piramat has 120 seconds left.\n|\n|t:|1701204587\n|switch|p2a: Glimmora|Glimmora, F, shiny|1\/100\n|move|p1a: Sandy Shocks|Earth Power|p2a: Glimmora\n|-supereffective|p2a: Glimmora\n|-damage|p2a: Glimmora|0 fnt\n|faint|p2a: Glimmora\n|\n|upkeep\n|\n|t:|1701204597\n|switch|p2a: Ninetales|Ninetales-Alola, F|100\/100\n|-weather|Snow|[from] ability: Snow Warning|[of] p2a: Ninetales\n|turn|4\n|inactive|Piramat has 120 seconds left.\n|\n|t:|1701204608\n|move|p1a: Sandy Shocks|Thunderbolt|p2a: Ninetales\n|-damage|p2a: Ninetales|46\/100\n|move|p2a: Ninetales|Aurora Veil|p2a: Ninetales\n|-sidestart|p2: Cinny69|move: Aurora Veil\n|\n|-weather|Snow|[upkeep]\n|upkeep\n|turn|5\n|\n|t:|1701204617\n|move|p1a: Sandy Shocks|Stealth Rock|p2a: Ninetales\n|-sidestart|p2: Cinny69|move: Stealth Rock\n|move|p2a: Ninetales|Blizzard|p1a: Sandy Shocks\n|-supereffective|p1a: Sandy Shocks\n|-damage|p1a: Sandy Shocks|0 fnt\n|faint|p1a: Sandy Shocks\n|-end|p1a: Sandy Shocks|Protosynthesis|[silent]\n|\n|-weather|Snow|[upkeep]\n|upkeep\n|inactive|Piramat has 120 seconds left.\n|\n|t:|1701204631\n|switch|p1a: Cinderace|Cinderace, F|100\/100\n|turn|6\n|\n|t:|1701204637\n|move|p1a: Cinderace|Pyro Ball|p2a: Ninetales\n|-supereffective|p2a: Ninetales\n|-damage|p2a: Ninetales|0 fnt\n|faint|p2a: Ninetales\n|\n|-weather|Snow|[upkeep]\n|upkeep\n|\n|t:|1701204643\n|switch|p2a: Quaquaval|Quaquaval, F|100\/100\n|-damage|p2a: Quaquaval|94\/100|[from] Stealth Rock\n|turn|7\n|\n|t:|1701204651\n|move|p1a: Cinderace|Court Change|p1a: Cinderace\n|-start|p1a: Cinderace|typechange|Normal|[from] ability: Libero\n|-swapsideconditions\n|-activate|p1a: Cinderace|move: Court Change\n|move|p2a: Quaquaval|Bulk Up|p2a: Quaquaval\n|-boost|p2a: Quaquaval|atk|1\n|-boost|p2a: Quaquaval|def|1\n|\n|-weather|Snow|[upkeep]\n|upkeep\n|turn|8\n|inactive|Piramat has 120 seconds left.\n|\n|t:|1701204679\n|move|p1a: Cinderace|U-turn|p2a: Quaquaval\n|-resisted|p2a: Quaquaval\n|-damage|p2a: Quaquaval|85\/100\n|inactive|Piramat has 120 seconds left.\n|\n|t:|1701204687\n|switch|p1a: Iron Valiant|Iron Valiant|100\/100|[from] U-turn\n|-damage|p1a: Iron Valiant|94\/100|[from] Stealth Rock\n|-enditem|p1a: Iron Valiant|Booster Energy\n|-activate|p1a: Iron Valiant|ability: Quark Drive|[fromitem]\n|-start|p1a: Iron Valiant|quarkdrivespe\n|move|p2a: Quaquaval|Knock Off|p1a: Iron Valiant\n|-resisted|p1a: Iron Valiant\n|-damage|p1a: Iron Valiant|89\/100\n|\n|-weather|none\n|upkeep\n|turn|9\n|inactive|Piramat has 120 seconds left.\n|\n|t:|1701204698\n|switch|p2a: Ogerpon|Ogerpon-Wellspring, F|100\/100\n|move|p1a: Iron Valiant|Thunderbolt|p2a: Ogerpon\n|-damage|p2a: Ogerpon|65\/100\n|\n|upkeep\n|turn|10\n|\n|t:|1701204706\n|-terastallize|p1a: Iron Valiant|Electric\n|move|p1a: Iron Valiant|Thunderbolt|p2a: Ogerpon\n|-damage|p2a: Ogerpon|15\/100\n|move|p2a: Ogerpon|Horn Leech|p1a: Iron Valiant\n|-damage|p1a: Iron Valiant|61\/100\n|-heal|p2a: Ogerpon|29\/100|[from] drain|[of] p1a: Iron Valiant\n|\n|upkeep\n|turn|11\n|inactive|Piramat has 120 seconds left.\n|\n|t:|1701204722\n|move|p1a: Iron Valiant|Calm Mind|p1a: Iron Valiant\n|-boost|p1a: Iron Valiant|spa|1\n|-boost|p1a: Iron Valiant|spd|1\n|move|p2a: Ogerpon|Ivy Cudgel|p1a: Iron Valiant|[anim] Ivy Cudgel Water\n|-damage|p1a: Iron Valiant|19\/100\n|\n|-sideend|p1: Piramat|move: Aurora Veil\n|upkeep\n|turn|12\n|\n|t:|1701204730\n|move|p1a: Iron Valiant|Thunderbolt|p2a: Ogerpon\n|-damage|p2a: Ogerpon|0 fnt\n|faint|p2a: Ogerpon\n|\n|upkeep\n|\n|t:|1701204737\n|switch|p2a: Iron Valiant|Iron Valiant|100\/100\n|-enditem|p2a: Iron Valiant|Booster Energy\n|-activate|p2a: Iron Valiant|ability: Quark Drive|[fromitem]\n|-start|p2a: Iron Valiant|quarkdrivespe\n|turn|13\n|\n|t:|1701204745\n|-terastallize|p2a: Iron Valiant|Steel\n|move|p1a: Iron Valiant|Moonblast|p2a: Iron Valiant\n|-resisted|p2a: Iron Valiant\n|-damage|p2a: Iron Valiant|29\/100\n|move|p2a: Iron Valiant|Moonblast|p1a: Iron Valiant\n|-damage|p1a: Iron Valiant|0 fnt\n|faint|p1a: Iron Valiant\n|-end|p1a: Iron Valiant|Quark Drive|[silent]\n|\n|upkeep\n|\n|t:|1701204756\n|switch|p1a: Cinderace|Cinderace, F|100\/100\n|turn|14\n|\n|t:|1701204759\n|move|p1a: Cinderace|Sucker Punch|p2a: Iron Valiant\n|-start|p1a: Cinderace|typechange|Dark|[from] ability: Libero\n|-damage|p2a: Iron Valiant|0 fnt\n|faint|p2a: Iron Valiant\n|-end|p2a: Iron Valiant|Quark Drive|[silent]\n|\n|upkeep\n|\n|t:|1701204765\n|switch|p2a: Quaquaval|Quaquaval, F|85\/100\n|turn|15\n|\n|t:|1701204774\n|move|p1a: Cinderace|Court Change|p1a: Cinderace\n|-swapsideconditions\n|-activate|p1a: Cinderace|move: Court Change\n|move|p2a: Quaquaval|Bulk Up|p2a: Quaquaval\n|-boost|p2a: Quaquaval|atk|1\n|-boost|p2a: Quaquaval|def|1\n|\n|upkeep\n|turn|16\n|\n|t:|1701204783\n|switch|p1a: Dragonite|Dragonite, M|100\/100\n|move|p2a: Quaquaval|Bulk Up|p2a: Quaquaval\n|-boost|p2a: Quaquaval|atk|1\n|-boost|p2a: Quaquaval|def|1\n|\n|upkeep\n|turn|17\n|\n|t:|1701204791\n|move|p2a: Quaquaval|Aqua Step|p1a: Dragonite\n|-resisted|p1a: Dragonite\n|-damage|p1a: Dragonite|78\/100\n|-boost|p2a: Quaquaval|spe|1\n|move|p1a: Dragonite|Dragon Dance|p1a: Dragonite\n|-boost|p1a: Dragonite|atk|1\n|-boost|p1a: Dragonite|spe|1\n|\n|upkeep\n|turn|18\n|\n|t:|1701204800\n|move|p2a: Quaquaval|Bulk Up|p2a: Quaquaval\n|-boost|p2a: Quaquaval|atk|1\n|-boost|p2a: Quaquaval|def|1\n|move|p1a: Dragonite|Dragon Dance|p1a: Dragonite\n|-boost|p1a: Dragonite|atk|1\n|-boost|p1a: Dragonite|spe|1\n|\n|upkeep\n|turn|19\n|\n|t:|1701204809\n|move|p1a: Dragonite|Earthquake|p2a: Quaquaval\n|-damage|p2a: Quaquaval|45\/100\n|move|p2a: Quaquaval|Knock Off|p1a: Dragonite\n|-damage|p1a: Dragonite|0 fnt\n|-enditem|p1a: Dragonite|Heavy-Duty Boots|[from] move: Knock Off|[of] p2a: Quaquaval\n|faint|p1a: Dragonite\n|-ability|p2a: Quaquaval|Moxie|boost\n|-boost|p2a: Quaquaval|atk|1\n|\n|upkeep\n|\n|t:|1701204824\n|switch|p1a: Gholdengo|Gholdengo|100\/100\n|turn|20\n|\n|t:|1701204834\n|move|p2a: Quaquaval|Knock Off|p1a: Gholdengo\n|-supereffective|p1a: Gholdengo\n|-damage|p1a: Gholdengo|0 fnt\n|-enditem|p1a: Gholdengo|Choice Scarf|[from] move: Knock Off|[of] p2a: Quaquaval\n|faint|p1a: Gholdengo\n|-ability|p2a: Quaquaval|Moxie|boost\n|-boost|p2a: Quaquaval|atk|1\n|\n|upkeep\n|-message|Piramat forfeited.\n|\n|win|Cinny69\n|raw|Piramat's rating: 1341 &rarr; <strong>1323<\/strong><br \/>(-18 for losing)\n|raw|Cinny69's rating: 1372 &rarr; <strong>1390<\/strong><br \/>(+18 for winning)\n|l|\u2606Piramat\n","uploadtime":1701204846,"views":7,"p1id":"piramat","p2id":"cinny69","formatid":"gen9ou","rating":1323,"private":0,"password":""}