{"id":"gen9ou-1989077515","p1":"Testingnewstratfr","p2":"Zezroy7","format":"[Gen 9] OU","log":"|j|\u2606Testingnewstratfr\n|j|\u2606Zezroy7\n|t:|1699809714\n|gametype|singles\n|player|p1|Testingnewstratfr|janitor|1285\n|player|p2|Zezroy7|102|1184\n|teamsize|p1|6\n|teamsize|p2|6\n|gen|9\n|tier|[Gen 9] OU\n|rated|\n|rule|Sleep Clause Mod: Limit one foe put to sleep\n|rule|Species Clause: Limit one of each Pok\u00e9mon\n|rule|OHKO Clause: OHKO moves are banned\n|rule|Evasion Items Clause: Evasion items are banned\n|rule|Evasion Moves Clause: Evasion moves are banned\n|rule|Endless Battle Clause: Forcing endless battles is banned\n|rule|HP Percentage Mod: HP is shown in percentages\n|clearpoke\n|poke|p1|Cresselia, F|\n|poke|p1|Kingambit, M|\n|poke|p1|Great Tusk|\n|poke|p1|Ninetales-Alola, F|\n|poke|p1|Manaphy|\n|poke|p1|Maushold|\n|poke|p2|Dragonite, F|\n|poke|p2|Snorlax, M|\n|poke|p2|Umbreon, F|\n|poke|p2|Skeledirge, F|\n|poke|p2|Decidueye-Hisui, M|\n|poke|p2|Tatsugiri-Stretchy, M|\n|teampreview\n|inactive|Battle timer is ON: inactive players will automatically lose when time's up. (requested by Testingnewstratfr)\n|c|\u2606Zezroy7|Gl hf\n|c|\u2606Testingnewstratfr|Glhf\n|\n|t:|1699809737\n|start\n|switch|p1a: Ninetales|Ninetales-Alola, F|100\/100\n|switch|p2a: Define \u201dFat\u201d|Snorlax, M, shiny|100\/100\n|-weather|Snow|[from] ability: Snow Warning|[of] p1a: Ninetales\n|turn|1\n|\n|t:|1699809748\n|move|p1a: Ninetales|Aurora Veil|p1a: Ninetales\n|-sidestart|p1: Testingnewstratfr|move: Aurora Veil\n|move|p2a: Define \u201dFat\u201d|Heavy Slam|p1a: Ninetales\n|-supereffective|p1a: Ninetales\n|-damage|p1a: Ninetales|38\/100\n|\n|-weather|Snow|[upkeep]\n|upkeep\n|turn|2\n|\n|t:|1699809757\n|switch|p1a: Cresselia|Cresselia, F|100\/100\n|switch|p2a: Void with paws|Umbreon, F|100\/100\n|\n|-weather|Snow|[upkeep]\n|upkeep\n|turn|3\n|\n|t:|1699809761\n|-terastallize|p1a: Cresselia|Poison\n|move|p1a: Cresselia|Calm Mind|p1a: Cresselia\n|-boost|p1a: Cresselia|spa|1\n|-boost|p1a: Cresselia|spd|1\n|move|p2a: Void with paws|Toxic|p1a: Cresselia\n|-immune|p1a: Cresselia\n|\n|-weather|Snow|[upkeep]\n|upkeep\n|turn|4\n|\n|t:|1699809771\n|switch|p2a: Legend|Dragonite, F, shiny|100\/100\n|move|p1a: Cresselia|Calm Mind|p1a: Cresselia\n|-boost|p1a: Cresselia|spa|1\n|-boost|p1a: Cresselia|spd|1\n|\n|-weather|Snow|[upkeep]\n|upkeep\n|turn|5\n|\n|t:|1699809782\n|move|p1a: Cresselia|Stored Power|p2a: Legend\n|-damage|p2a: Legend|76\/100\n|move|p2a: Legend|Dragon Dance|p2a: Legend\n|-boost|p2a: Legend|atk|1\n|-boost|p2a: Legend|spe|1\n|\n|-weather|none\n|upkeep\n|turn|6\n|\n|t:|1699809789\n|-terastallize|p2a: Legend|Dragon\n|move|p2a: Legend|Scale Shot|p1a: Cresselia\n|-damage|p1a: Cresselia|93\/100\n|-damage|p1a: Cresselia|85\/100\n|-damage|p1a: Cresselia|77\/100\n|-damage|p1a: Cresselia|69\/100\n|-hitcount|p1a: Cresselia|4\n|-unboost|p2a: Legend|def|1\n|-boost|p2a: Legend|spe|1\n|move|p1a: Cresselia|Moonblast|p2a: Legend\n|-supereffective|p2a: Legend\n|-damage|p2a: Legend|18\/100\n|\n|-heal|p1a: Cresselia|75\/100|[from] item: Leftovers\n|upkeep\n|turn|7\n|\n|t:|1699809798\n|move|p2a: Legend|Scale Shot|p1a: Cresselia\n|-damage|p1a: Cresselia|66\/100\n|-damage|p1a: Cresselia|58\/100\n|-damage|p1a: Cresselia|50\/100\n|-damage|p1a: Cresselia|43\/100\n|-hitcount|p1a: Cresselia|4\n|-unboost|p2a: Legend|def|1\n|-boost|p2a: Legend|spe|1\n|move|p1a: Cresselia|Calm Mind|p1a: Cresselia\n|-boost|p1a: Cresselia|spa|1\n|-boost|p1a: Cresselia|spd|1\n|\n|-heal|p1a: Cresselia|49\/100|[from] item: Leftovers\n|upkeep\n|turn|8\n|\n|t:|1699809810\n|move|p2a: Legend|Scale Shot|p1a: Cresselia\n|-crit|p1a: Cresselia\n|-damage|p1a: Cresselia|26\/100\n|-damage|p1a: Cresselia|18\/100\n|-damage|p1a: Cresselia|10\/100\n|-damage|p1a: Cresselia|2\/100\n|-damage|p1a: Cresselia|0 fnt\n|faint|p1a: Cresselia\n|-hitcount|p1: Cresselia|5\n|-unboost|p2a: Legend|def|1\n|-boost|p2a: Legend|spe|1\n|\n|-sideend|p1: Testingnewstratfr|move: Aurora Veil\n|upkeep\n|\n|t:|1699809826\n|switch|p1a: Kingambit|Kingambit, M|100\/100\n|-activate|p1a: Kingambit|ability: Supreme Overlord\n|-start|p1a: Kingambit|fallen1|[silent]\n|turn|9\n|\n|t:|1699809835\n|move|p2a: Legend|Earthquake|p1a: Kingambit\n|-supereffective|p1a: Kingambit\n|-damage|p1a: Kingambit|7\/100\n|move|p1a: Kingambit|Swords Dance|p1a: Kingambit\n|-boost|p1a: Kingambit|atk|2\n|\n|upkeep\n|turn|10\n|inactive|Zezroy7 has 120 seconds left.\n|\n|t:|1699809886\n|move|p1a: Kingambit|Sucker Punch|p2a: Legend\n|-crit|p2a: Legend\n|-damage|p2a: Legend|0 fnt\n|faint|p2a: Legend\n|\n|upkeep\n|\n|t:|1699809892\n|switch|p2a: Void with paws|Umbreon, F|100\/100\n|turn|11\n|\n|t:|1699809896\n|move|p1a: Kingambit|Iron Head|p2a: Void with paws\n|-damage|p2a: Void with paws|43\/100\n|move|p2a: Void with paws|Foul Play|p1a: Kingambit\n|-resisted|p1a: Kingambit\n|-damage|p1a: Kingambit|0 fnt\n|faint|p1a: Kingambit\n|-end|p1a: Kingambit|fallen1|[silent]\n|\n|-heal|p2a: Void with paws|49\/100|[from] item: Leftovers\n|upkeep\n|\n|t:|1699809901\n|switch|p1a: Manaphy|Manaphy|100\/100\n|turn|12\n|inactive|Zezroy7 has 120 seconds left.\n|\n|t:|1699809907\n|switch|p1a: Ninetales|Ninetales-Alola, F|38\/100\n|-weather|Snow|[from] ability: Snow Warning|[of] p1a: Ninetales\n|move|p2a: Void with paws|Toxic|p1a: Ninetales\n|-status|p1a: Ninetales|tox\n|\n|-weather|Snow|[upkeep]\n|-heal|p2a: Void with paws|55\/100|[from] item: Leftovers\n|-damage|p1a: Ninetales|32\/100 tox|[from] psn\n|upkeep\n|turn|13\n|inactive|Zezroy7 has 120 seconds left.\n|\n|t:|1699809924\n|switch|p2a: Canopy King|Decidueye-Hisui, M|100\/100\n|move|p1a: Ninetales|Encore||[still]\n|-fail|p1a: Ninetales\n|\n|-weather|Snow|[upkeep]\n|-damage|p1a: Ninetales|20\/100 tox|[from] psn\n|upkeep\n|turn|14\n|\n|t:|1699809927\n|move|p1a: Ninetales|Aurora Veil|p1a: Ninetales\n|-sidestart|p1: Testingnewstratfr|move: Aurora Veil\n|move|p2a: Canopy King|Defog|p1a: Ninetales\n|-unboost|p1a: Ninetales|evasion|1\n|-sideend|p1: Testingnewstratfr|move: Aurora Veil\n|\n|-weather|Snow|[upkeep]\n|-damage|p1a: Ninetales|2\/100 tox|[from] psn\n|upkeep\n|turn|15\n|\n|t:|1699809933\n|move|p1a: Ninetales|Encore|p2a: Canopy King\n|-start|p2a: Canopy King|Encore\n|move|p2a: Canopy King|Defog|p1a: Ninetales\n|-unboost|p1a: Ninetales|evasion|1\n|\n|-weather|Snow|[upkeep]\n|-damage|p1a: Ninetales|0 fnt|[from] psn\n|faint|p1a: Ninetales\n|upkeep\n|\n|t:|1699809935\n|switch|p1a: Maushold|Maushold|100\/100\n|turn|16\n|\n|t:|1699809941\n|switch|p2a: Smaugschild|Skeledirge, F|100\/100\n|move|p1a: Maushold|Tidy Up|p1a: Maushold\n|-boost|p1a: Maushold|atk|1\n|-boost|p1a: Maushold|spe|1\n|\n|-weather|none\n|upkeep\n|turn|17\n|\n|t:|1699809944\n|move|p1a: Maushold|Bite|p2a: Smaugschild\n|-supereffective|p2a: Smaugschild\n|-damage|p2a: Smaugschild|72\/100\n|cant|p2a: Smaugschild|flinch\n|\n|upkeep\n|turn|18\n|\n|t:|1699809950\n|move|p1a: Maushold|Bite|p2a: Smaugschild\n|-supereffective|p2a: Smaugschild\n|-damage|p2a: Smaugschild|47\/100\n|move|p2a: Smaugschild|Will-O-Wisp|p1a: Maushold\n|-status|p1a: Maushold|brn\n|\n|-damage|p1a: Maushold|94\/100 brn|[from] brn\n|upkeep\n|turn|19\n|\n|t:|1699809954\n|move|p1a: Maushold|Encore|p2a: Smaugschild\n|-start|p2a: Smaugschild|Encore\n|move|p2a: Smaugschild|Will-O-Wisp|p1a: Maushold\n|-fail|p1a: Maushold|brn\n|\n|-damage|p1a: Maushold|88\/100 brn|[from] brn\n|upkeep\n|turn|20\n|\n|t:|1699809964\n|switch|p2a: Void with paws|Umbreon, F|55\/100\n|move|p1a: Maushold|Tidy Up|p1a: Maushold\n|-boost|p1a: Maushold|atk|1\n|-boost|p1a: Maushold|spe|1\n|\n|-heal|p2a: Void with paws|61\/100|[from] item: Leftovers\n|-damage|p1a: Maushold|82\/100 brn|[from] brn\n|upkeep\n|turn|21\n|\n|t:|1699809967\n|move|p2a: Void with paws|Protect|p2a: Void with paws\n|-singleturn|p2a: Void with paws|Protect\n|move|p1a: Maushold|Population Bomb|p2a: Void with paws\n|-activate|p2a: Void with paws|move: Protect\n|\n|-heal|p2a: Void with paws|67\/100|[from] item: Leftovers\n|-damage|p1a: Maushold|76\/100 brn|[from] brn\n|upkeep\n|turn|22\n|\n|t:|1699809969\n|switch|p2a: Smaugschild|Skeledirge, F|47\/100\n|move|p1a: Maushold|Population Bomb|p2a: Smaugschild\n|-immune|p2a: Smaugschild\n|\n|-damage|p1a: Maushold|69\/100 brn|[from] brn\n|upkeep\n|turn|23\n|\n|t:|1699809972\n|move|p1a: Maushold|Bite|p2a: Smaugschild\n|-supereffective|p2a: Smaugschild\n|-crit|p2a: Smaugschild\n|-damage|p2a: Smaugschild|27\/100\n|move|p2a: Smaugschild|Slack Off|p2a: Smaugschild\n|-heal|p2a: Smaugschild|77\/100\n|\n|-damage|p1a: Maushold|63\/100 brn|[from] brn\n|upkeep\n|turn|24\n|\n|t:|1699809978\n|switch|p1a: Manaphy|Manaphy|100\/100\n|move|p2a: Smaugschild|Slack Off|p2a: Smaugschild\n|-heal|p2a: Smaugschild|100\/100\n|\n|upkeep\n|turn|25\n|\n|t:|1699809990\n|move|p1a: Manaphy|Acid Armor|p1a: Manaphy\n|-boost|p1a: Manaphy|def|2\n|move|p2a: Smaugschild|Torch Song|p1a: Manaphy\n|-resisted|p1a: Manaphy\n|-damage|p1a: Manaphy|89\/100\n|-boost|p2a: Smaugschild|spa|1\n|\n|-heal|p1a: Manaphy|95\/100|[from] item: Leftovers\n|upkeep\n|turn|26\n|\n|t:|1699809993\n|move|p1a: Manaphy|Take Heart|p1a: Manaphy\n|-boost|p1a: Manaphy|spa|1\n|-boost|p1a: Manaphy|spd|1\n|move|p2a: Smaugschild|Torch Song|p1a: Manaphy\n|-resisted|p1a: Manaphy\n|-damage|p1a: Manaphy|75\/100\n|-boost|p2a: Smaugschild|spa|1\n|\n|-heal|p1a: Manaphy|82\/100|[from] item: Leftovers\n|upkeep\n|turn|27\n|\n|t:|1699809997\n|move|p1a: Manaphy|Take Heart|p1a: Manaphy\n|-boost|p1a: Manaphy|spa|1\n|-boost|p1a: Manaphy|spd|1\n|move|p2a: Smaugschild|Shadow Ball|p1a: Manaphy\n|-damage|p1a: Manaphy|35\/100\n|\n|-heal|p1a: Manaphy|41\/100|[from] item: Leftovers\n|upkeep\n|turn|28\n|\n|t:|1699810000\n|move|p1a: Manaphy|Stored Power|p2a: Smaugschild\n|-damage|p2a: Smaugschild|69\/100\n|move|p2a: Smaugschild|Shadow Ball|p1a: Manaphy\n|-damage|p1a: Manaphy|0 fnt\n|faint|p1a: Manaphy\n|\n|upkeep\n|\n|t:|1699810006\n|switch|p1a: Great Tusk|Great Tusk|100\/100\n|-enditem|p1a: Great Tusk|Booster Energy\n|-activate|p1a: Great Tusk|ability: Protosynthesis|[fromitem]\n|-start|p1a: Great Tusk|protosynthesisspe\n|turn|29\n|\n|t:|1699810010\n|switch|p2a: Canopy King|Decidueye-Hisui, M|100\/100\n|move|p1a: Great Tusk|Headlong Rush|p2a: Canopy King\n|-resisted|p2a: Canopy King\n|-damage|p2a: Canopy King|74\/100\n|-unboost|p1a: Great Tusk|def|1\n|-unboost|p1a: Great Tusk|spd|1\n|\n|upkeep\n|turn|30\n|\n|t:|1699810019\n|move|p1a: Great Tusk|Bulk Up|p1a: Great Tusk\n|-boost|p1a: Great Tusk|atk|1\n|-boost|p1a: Great Tusk|def|1\n|move|p2a: Canopy King|Leaf Storm|p1a: Great Tusk\n|-supereffective|p1a: Great Tusk\n|-damage|p1a: Great Tusk|0 fnt\n|-unboost|p2a: Canopy King|spa|2\n|faint|p1a: Great Tusk\n|-end|p1a: Great Tusk|Protosynthesis|[silent]\n|\n|upkeep\n|\n|t:|1699810024\n|switch|p1a: Maushold|Maushold|63\/100 brn\n|turn|31\n|\n|t:|1699810027\n|move|p1a: Maushold|Tidy Up|p1a: Maushold\n|-boost|p1a: Maushold|atk|1\n|-boost|p1a: Maushold|spe|1\n|move|p2a: Canopy King|Triple Arrows|p1a: Maushold\n|-supereffective|p1a: Maushold\n|-damage|p1a: Maushold|0 fnt\n|faint|p1a: Maushold\n|\n|win|Zezroy7\n|raw|Testingnewstratfr's rating: 1285 &rarr; <strong>1253<\/strong><br \/>(-32 for losing)\n|raw|Zezroy7's rating: 1184 &rarr; <strong>1216<\/strong><br \/>(+32 for winning)\n","uploadtime":1699810032,"views":22,"p1id":"testingnewstratfr","p2id":"zezroy7","formatid":"gen9ou","rating":1216,"private":0,"password":""}