{"id":"gen9ou-1989220412","p1":"Manf991","p2":"BenBekigu","format":"[Gen 9] OU","log":"|j|\u2606Manf991\n|j|\u2606BenBekigu\n|t:|1699824833\n|gametype|singles\n|player|p1|Manf991|102|1131\n|player|p2|BenBekigu|shauntal|1116\n|teamsize|p1|6\n|teamsize|p2|6\n|gen|9\n|tier|[Gen 9] OU\n|rated|\n|rule|Sleep Clause Mod: Limit one foe put to sleep\n|rule|Species Clause: Limit one of each Pok\u00e9mon\n|rule|OHKO Clause: OHKO moves are banned\n|rule|Evasion Items Clause: Evasion items are banned\n|rule|Evasion Moves Clause: Evasion moves are banned\n|rule|Endless Battle Clause: Forcing endless battles is banned\n|rule|HP Percentage Mod: HP is shown in percentages\n|clearpoke\n|poke|p1|Iron Moth|\n|poke|p1|Kommo-o, M|\n|poke|p1|Ninetales-Alola, M|\n|poke|p1|Hatterene, F|\n|poke|p1|Kingambit, F|\n|poke|p1|Great Tusk|\n|poke|p2|Ting-Lu|\n|poke|p2|Ogerpon-Wellspring, F|\n|poke|p2|Great Tusk|\n|poke|p2|Sneasler, F|\n|poke|p2|Alomomola, F|\n|poke|p2|Cinderace, F|\n|teampreview\n|\n|t:|1699824843\n|start\n|switch|p1a: Great Tusk|Great Tusk|100\/100\n|switch|p2a: Ting-Lu|Ting-Lu|100\/100\n|-ability|p2a: Ting-Lu|Vessel of Ruin\n|-enditem|p1a: Great Tusk|Booster Energy\n|-activate|p1a: Great Tusk|ability: Protosynthesis|[fromitem]\n|-start|p1a: Great Tusk|protosynthesisatk\n|turn|1\n|\n|t:|1699824848\n|move|p1a: Great Tusk|Bulk Up|p1a: Great Tusk\n|-boost|p1a: Great Tusk|atk|1\n|-boost|p1a: Great Tusk|def|1\n|move|p2a: Ting-Lu|Ruination|p1a: Great Tusk|[miss]\n|-miss|p2a: Ting-Lu|p1a: Great Tusk\n|\n|upkeep\n|turn|2\n|\n|t:|1699824853\n|move|p1a: Great Tusk|Ice Spinner|p2a: Ting-Lu\n|-supereffective|p2a: Ting-Lu\n|-damage|p2a: Ting-Lu|55\/100\n|move|p2a: Ting-Lu|Whirlwind|p1a: Great Tusk\n|-end|p1a: Great Tusk|Protosynthesis|[silent]\n|drag|p1a: Iron Moth|Iron Moth|100\/100\n|-enditem|p1a: Iron Moth|Booster Energy\n|-activate|p1a: Iron Moth|ability: Quark Drive|[fromitem]\n|-start|p1a: Iron Moth|quarkdrivespe\n|\n|-heal|p2a: Ting-Lu|62\/100|[from] item: Leftovers\n|upkeep\n|turn|3\n|inactive|Battle timer is ON: inactive players will automatically lose when time's up. (requested by BenBekigu)\n|\n|t:|1699824860\n|move|p1a: Iron Moth|Dazzling Gleam|p2a: Ting-Lu\n|-supereffective|p2a: Ting-Lu\n|-damage|p2a: Ting-Lu|26\/100\n|move|p2a: Ting-Lu|Stealth Rock|p1a: Iron Moth\n|-sidestart|p1: Manf991|move: Stealth Rock\n|\n|-heal|p2a: Ting-Lu|32\/100|[from] item: Leftovers\n|upkeep\n|turn|4\n|\n|t:|1699824878\n|-terastallize|p2a: Ting-Lu|Poison\n|move|p1a: Iron Moth|Dazzling Gleam|p2a: Ting-Lu\n|-resisted|p2a: Ting-Lu\n|-damage|p2a: Ting-Lu|24\/100\n|move|p2a: Ting-Lu|Spikes|p1a: Iron Moth\n|-sidestart|p1: Manf991|Spikes\n|\n|-heal|p2a: Ting-Lu|30\/100|[from] item: Leftovers\n|upkeep\n|turn|5\n|\n|t:|1699824886\n|move|p1a: Iron Moth|Fiery Dance|p2a: Ting-Lu\n|-damage|p2a: Ting-Lu|5\/100\n|move|p2a: Ting-Lu|Whirlwind|p1a: Iron Moth\n|-end|p1a: Iron Moth|Quark Drive|[silent]\n|drag|p1a: Kommo-o|Kommo-o, M|100\/100\n|-damage|p1a: Kommo-o|94\/100|[from] Stealth Rock\n|-damage|p1a: Kommo-o|82\/100|[from] Spikes\n|\n|-heal|p2a: Ting-Lu|11\/100|[from] item: Leftovers\n|upkeep\n|turn|6\n|\n|t:|1699824894\n|switch|p2a: Alomomola|Alomomola, F|100\/100\n|move|p1a: Kommo-o|Boomburst|p2a: Alomomola\n|-damage|p2a: Alomomola|52\/100\n|-enditem|p2a: Alomomola|Red Card|[of] p1a: Kommo-o\n|-enditem|p1a: Kommo-o|Throat Spray\n|-boost|p1a: Kommo-o|spa|1|[from] item: Throat Spray\n|drag|p1a: Great Tusk|Great Tusk|100\/100\n|-damage|p1a: Great Tusk|98\/100|[from] Stealth Rock\n|-damage|p1a: Great Tusk|85\/100|[from] Spikes\n|\n|upkeep\n|turn|7\n|\n|t:|1699824901\n|move|p1a: Great Tusk|Rapid Spin|p2a: Alomomola\n|-damage|p2a: Alomomola|43\/100\n|-boost|p1a: Great Tusk|spe|1\n|-sideend|p1: Manf991|Spikes|[from] move: Rapid Spin|[of] p1a: Great Tusk\n|-sideend|p1: Manf991|Stealth Rock|[from] move: Rapid Spin|[of] p1a: Great Tusk\n|move|p2a: Alomomola|Wish|p2a: Alomomola\n|\n|upkeep\n|turn|8\n|\n|t:|1699824912\n|-terastallize|p1a: Great Tusk|Steel\n|move|p1a: Great Tusk|Bulk Up|p1a: Great Tusk\n|-boost|p1a: Great Tusk|atk|1\n|-boost|p1a: Great Tusk|def|1\n|move|p2a: Alomomola|Flip Turn|p1a: Great Tusk\n|-damage|p1a: Great Tusk|78\/100\n|\n|t:|1699824919\n|switch|p2a: Ting-Lu|Ting-Lu, tera:Poison|11\/100|[from] Flip Turn\n|-ability|p2a: Ting-Lu|Vessel of Ruin\n|\n|-heal|p2a: Ting-Lu|63\/100|[from] move: Wish|[wisher] Alomomola\n|-heal|p2a: Ting-Lu|70\/100|[from] item: Leftovers\n|upkeep\n|turn|9\n|\n|t:|1699824931\n|switch|p2a: Alomomola|Alomomola, F|76\/100\n|move|p1a: Great Tusk|Headlong Rush|p2a: Alomomola\n|-damage|p2a: Alomomola|27\/100\n|-unboost|p1a: Great Tusk|def|1\n|-unboost|p1a: Great Tusk|spd|1\n|\n|upkeep\n|turn|10\n|\n|t:|1699824936\n|move|p2a: Alomomola|Protect|p2a: Alomomola\n|-singleturn|p2a: Alomomola|Protect\n|move|p1a: Great Tusk|Headlong Rush|p2a: Alomomola\n|-activate|p2a: Alomomola|move: Protect\n|\n|upkeep\n|turn|11\n|\n|t:|1699824938\n|move|p1a: Great Tusk|Headlong Rush|p2a: Alomomola\n|-damage|p2a: Alomomola|0 fnt\n|-unboost|p1a: Great Tusk|def|1\n|-unboost|p1a: Great Tusk|spd|1\n|faint|p2a: Alomomola\n|\n|upkeep\n|\n|t:|1699824943\n|switch|p2a: Cinderace|Cinderace, F|100\/100\n|turn|12\n|\n|t:|1699824948\n|move|p1a: Great Tusk|Headlong Rush|p2a: Cinderace\n|-supereffective|p2a: Cinderace\n|-crit|p2a: Cinderace\n|-damage|p2a: Cinderace|0 fnt\n|-unboost|p1a: Great Tusk|def|1\n|-unboost|p1a: Great Tusk|spd|1\n|faint|p2a: Cinderace\n|\n|upkeep\n|\n|t:|1699824957\n|switch|p2a: Ogerpon|Ogerpon-Wellspring, F|100\/100\n|turn|13\n|\n|t:|1699824962\n|move|p1a: Great Tusk|Ice Spinner|p2a: Ogerpon\n|-damage|p2a: Ogerpon|49\/100\n|move|p2a: Ogerpon|Ivy Cudgel|p1a: Great Tusk\n|-damage|p1a: Great Tusk|0 fnt\n|faint|p1a: Great Tusk\n|-end|p1a: Great Tusk|Protosynthesis|[silent]\n|\n|upkeep\n|\n|t:|1699824973\n|switch|p1a: Iron Moth|Iron Moth|100\/100\n|turn|14\n|\n|t:|1699824977\n|move|p1a: Iron Moth|Sludge Wave|p2a: Ogerpon\n|-supereffective|p2a: Ogerpon\n|-crit|p2a: Ogerpon\n|-damage|p2a: Ogerpon|0 fnt\n|faint|p2a: Ogerpon\n|\n|upkeep\n|\n|t:|1699824981\n|switch|p2a: Ting-Lu|Ting-Lu, tera:Poison|70\/100\n|-ability|p2a: Ting-Lu|Vessel of Ruin\n|turn|15\n|\n|t:|1699824986\n|move|p1a: Iron Moth|Fiery Dance|p2a: Ting-Lu\n|-damage|p2a: Ting-Lu|44\/100\n|move|p2a: Ting-Lu|Ruination|p1a: Iron Moth\n|-damage|p1a: Iron Moth|51\/100\n|\n|-heal|p2a: Ting-Lu|50\/100|[from] item: Leftovers\n|upkeep\n|turn|16\n|\n|t:|1699824990\n|move|p1a: Iron Moth|Fiery Dance|p2a: Ting-Lu\n|-damage|p2a: Ting-Lu|27\/100\n|-boost|p1a: Iron Moth|spa|1\n|move|p2a: Ting-Lu|Stealth Rock|p1a: Iron Moth\n|-sidestart|p1: Manf991|move: Stealth Rock\n|\n|-heal|p2a: Ting-Lu|33\/100|[from] item: Leftovers\n|upkeep\n|turn|17\n|\n|t:|1699824993\n|move|p1a: Iron Moth|Fiery Dance|p2a: Ting-Lu\n|-damage|p2a: Ting-Lu|0 fnt\n|faint|p2a: Ting-Lu\n|\n|upkeep\n|\n|t:|1699824998\n|switch|p2a: Great Tusk|Great Tusk|100\/100\n|turn|18\n|\n|t:|1699825007\n|move|p1a: Iron Moth|Dazzling Gleam|p2a: Great Tusk\n|-supereffective|p2a: Great Tusk\n|-damage|p2a: Great Tusk|24\/100\n|move|p2a: Great Tusk|Rapid Spin|p1a: Iron Moth\n|-damage|p1a: Iron Moth|26\/100\n|-boost|p2a: Great Tusk|spe|1\n|\n|upkeep\n|turn|19\n|\n|t:|1699825012\n|move|p2a: Great Tusk|Headlong Rush|p1a: Iron Moth\n|-supereffective|p1a: Iron Moth\n|-damage|p1a: Iron Moth|0 fnt\n|-unboost|p2a: Great Tusk|def|1\n|-unboost|p2a: Great Tusk|spd|1\n|faint|p1a: Iron Moth\n|-end|p1a: Iron Moth|Quark Drive|[silent]\n|\n|upkeep\n|\n|t:|1699825016\n|switch|p1a: Kingambit|Kingambit, F|100\/100\n|-damage|p1a: Kingambit|94\/100|[from] Stealth Rock\n|-activate|p1a: Kingambit|ability: Supreme Overlord\n|-start|p1a: Kingambit|fallen2|[silent]\n|turn|20\n|\n|t:|1699825021\n|move|p1a: Kingambit|Sucker Punch|p2a: Great Tusk\n|-resisted|p2a: Great Tusk\n|-damage|p2a: Great Tusk|0 fnt\n|faint|p2a: Great Tusk\n|-end|p2a: Great Tusk|Protosynthesis|[silent]\n|\n|-heal|p1a: Kingambit|100\/100|[from] item: Leftovers\n|upkeep\n|\n|t:|1699825025\n|switch|p2a: Sneasler|Sneasler, F|100\/100\n|turn|21\n|\n|t:|1699825038\n|-end|p1a: Kingambit|fallen2|[silent]\n|switch|p1a: Kommo-o|Kommo-o, M|82\/100\n|-damage|p1a: Kommo-o|76\/100|[from] Stealth Rock\n|move|p2a: Sneasler|Swords Dance|p2a: Sneasler\n|-boost|p2a: Sneasler|atk|2\n|\n|upkeep\n|turn|22\n|\n|t:|1699825046\n|move|p2a: Sneasler|Dire Claw|p1a: Kommo-o\n|-damage|p1a: Kommo-o|0 fnt\n|faint|p1a: Kommo-o\n|\n|upkeep\n|\n|t:|1699825055\n|switch|p1a: Hatterene|Hatterene, F|100\/100\n|-damage|p1a: Hatterene|88\/100|[from] Stealth Rock\n|turn|23\n|\n|t:|1699825061\n|move|p2a: Sneasler|Dire Claw|p1a: Hatterene\n|-supereffective|p1a: Hatterene\n|-damage|p1a: Hatterene|0 fnt\n|faint|p1a: Hatterene\n|\n|upkeep\n|\n|t:|1699825065\n|switch|p1a: Ninetales|Ninetales-Alola, M|100\/100\n|-damage|p1a: Ninetales|76\/100|[from] Stealth Rock\n|-weather|Snow|[from] ability: Snow Warning|[of] p1a: Ninetales\n|turn|24\n|\n|t:|1699825074\n|move|p2a: Sneasler|Dire Claw|p1a: Ninetales\n|-supereffective|p1a: Ninetales\n|-damage|p1a: Ninetales|0 fnt\n|faint|p1a: Ninetales\n|\n|-weather|Snow|[upkeep]\n|upkeep\n|inactive|Manf991 has 120 seconds left.\n|l|\u2606Manf991\n|inactive|Manf991 disconnected and has a minute to reconnect!\n|player|p1|\n|c|\u2606BenBekigu|Bruh\n|inactive|Manf991 has 30 seconds to reconnect!\n|inactive|Manf991 has 20 seconds to reconnect!\n|inactive|Manf991 has 15 seconds to reconnect!\n|inactive|Manf991 has 10 seconds to reconnect!\n|inactive|Manf991 has 5 seconds to reconnect!\n|c|\u2606BenBekigu|Such a clown\n|-message|Manf991 lost due to inactivity.\n|\n|win|BenBekigu\n|raw|Manf991's rating: 1131 &rarr; <strong>1105<\/strong><br \/>(-26 for losing)\n|raw|BenBekigu's rating: 1116 &rarr; <strong>1142<\/strong><br \/>(+26 for winning)\n|c|\u2606BenBekigu|Gg ez\n","uploadtime":1699825174,"views":21,"p1id":"manf991","p2id":"benbekigu","formatid":"gen9ou","rating":1105,"private":0,"password":""}