{"id":"gen9ou-1993502298","p1":"camo13","p2":"frosty bazaar","format":"[Gen 9] OU","log":"|j|\u2606camo13\n|j|\u2606frosty bazaar\n|t:|1700325471\n|gametype|singles\n|player|p1|camo13|2|1675\n|player|p2|frosty bazaar|steven|1701\n|teamsize|p1|6\n|teamsize|p2|6\n|gen|9\n|tier|[Gen 9] OU\n|rated|\n|rule|Sleep Clause Mod: Limit one foe put to sleep\n|rule|Species Clause: Limit one of each Pok\u00e9mon\n|rule|OHKO Clause: OHKO moves are banned\n|rule|Evasion Items Clause: Evasion items are banned\n|rule|Evasion Moves Clause: Evasion moves are banned\n|rule|Endless Battle Clause: Forcing endless battles is banned\n|rule|HP Percentage Mod: HP is shown in percentages\n|clearpoke\n|poke|p1|Clodsire, F|\n|poke|p1|Dragonite, F|\n|poke|p1|Corviknight, F|\n|poke|p1|Arcanine-Hisui, M|\n|poke|p1|Dondozo, F|\n|poke|p1|Iron Valiant|\n|poke|p2|Manaphy|\n|poke|p2|Kingambit, F|\n|poke|p2|Ribombee, F|\n|poke|p2|Gholdengo|\n|poke|p2|Iron Moth|\n|poke|p2|Ogerpon-Wellspring, F|\n|teampreview\n|inactive|Battle timer is ON: inactive players will automatically lose when time's up. (requested by camo13)\n|\n|t:|1700325486\n|start\n|switch|p1a: Arcanine|Arcanine-Hisui, M|100\/100\n|switch|p2a: Ribombee|Ribombee, F, shiny|100\/100\n|turn|1\n|\n|t:|1700325493\n|move|p2a: Ribombee|Sticky Web|p1a: Arcanine\n|-sidestart|p1: camo13|move: Sticky Web\n|move|p1a: Arcanine|Flare Blitz|p2a: Ribombee\n|-supereffective|p2a: Ribombee\n|-enditem|p2a: Ribombee|Focus Sash\n|-damage|p2a: Ribombee|1\/100\n|\n|upkeep\n|turn|2\n|\n|t:|1700325500\n|move|p2a: Ribombee|Stun Spore|p1a: Arcanine\n|-status|p1a: Arcanine|par\n|move|p1a: Arcanine|Flare Blitz|p2a: Ribombee\n|-supereffective|p2a: Ribombee\n|-damage|p2a: Ribombee|0 fnt\n|faint|p2a: Ribombee\n|\n|upkeep\n|\n|t:|1700325511\n|switch|p2a: Manaphy|Manaphy|100\/100\n|turn|3\n|j| DR NEFARIO MD\n|\n|t:|1700325516\n|switch|p1a: Clodsire|Clodsire, F|100\/100\n|-activate|p1a: Clodsire|move: Sticky Web\n|-unboost|p1a: Clodsire|spe|1\n|move|p2a: Manaphy|Acid Armor|p2a: Manaphy\n|-boost|p2a: Manaphy|def|2\n|\n|upkeep\n|turn|4\n|\n|t:|1700325522\n|move|p2a: Manaphy|Take Heart|p2a: Manaphy\n|-boost|p2a: Manaphy|spa|1\n|-boost|p2a: Manaphy|spd|1\n|move|p1a: Clodsire|Haze|p1a: Clodsire\n|-clearallboost\n|\n|upkeep\n|turn|5\n|\n|t:|1700325529\n|move|p2a: Manaphy|Scald|p1a: Clodsire\n|-immune|p1a: Clodsire|[from] ability: Water Absorb\n|move|p1a: Clodsire|Toxic|p2a: Manaphy\n|-status|p2a: Manaphy|tox\n|\n|-damage|p2a: Manaphy|94\/100 tox|[from] psn\n|upkeep\n|turn|6\n|\n|t:|1700325535\n|move|p2a: Manaphy|Take Heart|p2a: Manaphy\n|-boost|p2a: Manaphy|spa|1\n|-boost|p2a: Manaphy|spd|1\n|-curestatus|p2a: Manaphy|tox|[msg]\n|move|p1a: Clodsire|Earthquake|p2a: Manaphy\n|-damage|p2a: Manaphy|69\/100\n|\n|-heal|p2a: Manaphy|75\/100|[from] item: Leftovers\n|upkeep\n|turn|7\n|\n|t:|1700325547\n|switch|p2a: Gholdengo|Gholdengo|100\/100\n|-item|p2a: Gholdengo|Air Balloon\n|move|p1a: Clodsire|Toxic|p2a: Gholdengo\n|-immune|p2a: Gholdengo|[from] ability: Good as Gold\n|\n|upkeep\n|turn|8\n|\n|t:|1700325556\n|switch|p1a: Corviknight|Corviknight, F|100\/100\n|move|p2a: Gholdengo|Shadow Ball|p1a: Corviknight\n|-damage|p1a: Corviknight|60\/100\n|\n|upkeep\n|turn|9\n|\n|t:|1700325564\n|move|p2a: Gholdengo|Shadow Ball|p1a: Corviknight\n|-damage|p1a: Corviknight|17\/100\n|move|p1a: Corviknight|Roost|p1a: Corviknight\n|-heal|p1a: Corviknight|67\/100\n|-singleturn|p1a: Corviknight|move: Roost\n|\n|upkeep\n|turn|10\n|\n|t:|1700325569\n|move|p2a: Gholdengo|Shadow Ball|p1a: Corviknight\n|-damage|p1a: Corviknight|28\/100\n|move|p1a: Corviknight|Roost|p1a: Corviknight\n|-heal|p1a: Corviknight|78\/100\n|-singleturn|p1a: Corviknight|move: Roost\n|\n|upkeep\n|turn|11\n|j| isoptera\n|\n|t:|1700325573\n|move|p2a: Gholdengo|Make It Rain|p1a: Corviknight\n|-resisted|p1a: Corviknight\n|-damage|p1a: Corviknight|45\/100\n|-unboost|p2a: Gholdengo|spa|1\n|move|p1a: Corviknight|U-turn|p2a: Gholdengo\n|-resisted|p2a: Gholdengo\n|-damage|p2a: Gholdengo|97\/100\n|-enditem|p2a: Gholdengo|Air Balloon\n|\n|t:|1700325579\n|switch|p1a: Iron Valiant|Iron Valiant|100\/100|[from] U-turn\n|-activate|p1a: Iron Valiant|move: Sticky Web\n|-unboost|p1a: Iron Valiant|spe|1\n|\n|upkeep\n|turn|12\n|\n|t:|1700325585\n|move|p2a: Gholdengo|Make It Rain|p1a: Iron Valiant\n|-supereffective|p1a: Iron Valiant\n|-enditem|p1a: Iron Valiant|Focus Sash\n|-damage|p1a: Iron Valiant|1\/100\n|-unboost|p2a: Gholdengo|spa|1\n|move|p1a: Iron Valiant|Knock Off|p2a: Gholdengo\n|-supereffective|p2a: Gholdengo\n|-damage|p2a: Gholdengo|52\/100\n|\n|upkeep\n|turn|13\n|\n|t:|1700325596\n|move|p2a: Gholdengo|Shadow Ball|p1a: Iron Valiant\n|-damage|p1a: Iron Valiant|0 fnt\n|faint|p1a: Iron Valiant\n|-end|p1a: Iron Valiant|Quark Drive|[silent]\n|\n|upkeep\n|\n|t:|1700325601\n|switch|p1a: Arcanine|Arcanine-Hisui, M|100\/100 par\n|-activate|p1a: Arcanine|move: Sticky Web\n|-unboost|p1a: Arcanine|spe|1\n|turn|14\n|l| DR NEFARIO MD\n|\n|t:|1700325615\n|switch|p2a: Iron Moth|Iron Moth|100\/100\n|-enditem|p2a: Iron Moth|Booster Energy\n|-activate|p2a: Iron Moth|ability: Quark Drive|[fromitem]\n|-start|p2a: Iron Moth|quarkdrivespe\n|move|p1a: Arcanine|Head Smash|p2a: Iron Moth\n|-supereffective|p2a: Iron Moth\n|-damage|p2a: Iron Moth|0 fnt\n|faint|p2a: Iron Moth\n|-end|p2a: Iron Moth|Quark Drive|[silent]\n|\n|upkeep\n|\n|t:|1700325633\n|switch|p2a: Ogerpon|Ogerpon-Wellspring, F|100\/100\n|turn|15\n|\n|t:|1700325643\n|switch|p1a: Dragonite|Dragonite, F|100\/100\n|move|p2a: Ogerpon|Ivy Cudgel|p1a: Dragonite|[anim] Ivy Cudgel Water\n|-resisted|p1a: Dragonite\n|-damage|p1a: Dragonite|87\/100\n|\n|upkeep\n|turn|16\n|\n|t:|1700325652\n|move|p2a: Ogerpon|Swords Dance|p2a: Ogerpon\n|-boost|p2a: Ogerpon|atk|2\n|move|p1a: Dragonite|Dragon Dance|p1a: Dragonite\n|-boost|p1a: Dragonite|atk|1\n|-boost|p1a: Dragonite|spe|1\n|\n|upkeep\n|turn|17\n|\n|t:|1700325659\n|move|p2a: Ogerpon|Encore|p1a: Dragonite\n|-start|p1a: Dragonite|Encore\n|move|p1a: Dragonite|Dragon Dance|p1a: Dragonite\n|-boost|p1a: Dragonite|atk|1\n|-boost|p1a: Dragonite|spe|1\n|\n|upkeep\n|turn|18\n|\n|t:|1700325668\n|switch|p1a: Clodsire|Clodsire, F|100\/100\n|-activate|p1a: Clodsire|move: Sticky Web\n|-unboost|p1a: Clodsire|spe|1\n|move|p2a: Ogerpon|Ivy Cudgel|p1a: Clodsire|[anim] Ivy Cudgel Water\n|-immune|p1a: Clodsire|[from] ability: Water Absorb\n|\n|upkeep\n|turn|19\n|\n|t:|1700325683\n|move|p2a: Ogerpon|Power Whip|p1a: Clodsire\n|-damage|p1a: Clodsire|0 fnt\n|faint|p1a: Clodsire\n|\n|upkeep\n|inactive|camo13 has 120 seconds left.\n|\n|t:|1700325706\n|switch|p1a: Dondozo|Dondozo, F|100\/100\n|-activate|p1a: Dondozo|move: Sticky Web\n|-unboost|p1a: Dondozo|spe|1\n|turn|20\n|\n|t:|1700325711\n|-terastallize|p1a: Dondozo|Dragon\n|move|p2a: Ogerpon|Power Whip|p1a: Dondozo\n|-resisted|p1a: Dondozo\n|-damage|p1a: Dondozo|86\/100\n|-damage|p2a: Ogerpon|84\/100|[from] item: Rocky Helmet|[of] p1a: Dondozo\n|move|p1a: Dondozo|Curse|p1a: Dondozo\n|-unboost|p1a: Dondozo|spe|1\n|-boost|p1a: Dondozo|atk|1\n|-boost|p1a: Dondozo|def|1\n|\n|upkeep\n|turn|21\n|\n|t:|1700325716\n|move|p2a: Ogerpon|Encore|p1a: Dondozo\n|-start|p1a: Dondozo|Encore\n|move|p1a: Dondozo|Curse|p1a: Dondozo\n|-unboost|p1a: Dondozo|spe|1\n|-boost|p1a: Dondozo|atk|1\n|-boost|p1a: Dondozo|def|1\n|\n|upkeep\n|turn|22\n|\n|t:|1700325721\n|switch|p2a: Gholdengo|Gholdengo|52\/100\n|move|p1a: Dondozo|Curse|p1a: Dondozo\n|-unboost|p1a: Dondozo|spe|1\n|-boost|p1a: Dondozo|atk|1\n|-boost|p1a: Dondozo|def|1\n|\n|upkeep\n|turn|23\n|\n|t:|1700325730\n|switch|p1a: Corviknight|Corviknight, F|45\/100\n|move|p2a: Gholdengo|Shadow Ball|p1a: Corviknight\n|-damage|p1a: Corviknight|4\/100\n|\n|upkeep\n|turn|24\n|\n|t:|1700325737\n|move|p2a: Gholdengo|Shadow Ball|p1a: Corviknight\n|-damage|p1a: Corviknight|0 fnt\n|faint|p1a: Corviknight\n|\n|upkeep\n|\n|t:|1700325750\n|switch|p1a: Dragonite|Dragonite, F|87\/100\n|turn|25\n|\n|t:|1700325763\n|switch|p2a: Ogerpon|Ogerpon-Wellspring, F|84\/100\n|move|p1a: Dragonite|Dragon Dance|p1a: Dragonite\n|-boost|p1a: Dragonite|atk|1\n|-boost|p1a: Dragonite|spe|1\n|\n|upkeep\n|turn|26\n|\n|t:|1700325769\n|move|p1a: Dragonite|Extreme Speed|p2a: Ogerpon\n|-damage|p2a: Ogerpon|24\/100\n|move|p2a: Ogerpon|Encore|p1a: Dragonite\n|-start|p1a: Dragonite|Encore\n|\n|upkeep\n|turn|27\n|\n|t:|1700325777\n|switch|p2a: Gholdengo|Gholdengo|52\/100\n|switch|p1a: Arcanine|Arcanine-Hisui, M|100\/100 par\n|-activate|p1a: Arcanine|move: Sticky Web\n|-unboost|p1a: Arcanine|spe|1\n|\n|upkeep\n|turn|28\n|\n|t:|1700325791\n|move|p2a: Gholdengo|Make It Rain|p1a: Arcanine\n|-damage|p1a: Arcanine|13\/100 par\n|-unboost|p2a: Gholdengo|spa|1\n|move|p1a: Arcanine|Flare Blitz|p2a: Gholdengo\n|-supereffective|p2a: Gholdengo\n|-damage|p2a: Gholdengo|0 fnt\n|faint|p2a: Gholdengo\n|\n|upkeep\n|\n|t:|1700325798\n|switch|p2a: Manaphy|Manaphy|75\/100\n|turn|29\n|\n|t:|1700325804\n|move|p2a: Manaphy|Acid Armor|p2a: Manaphy\n|-boost|p2a: Manaphy|def|2\n|move|p1a: Arcanine|Flare Blitz|p2a: Manaphy\n|-resisted|p2a: Manaphy\n|-damage|p2a: Manaphy|54\/100\n|\n|-heal|p2a: Manaphy|60\/100|[from] item: Leftovers\n|upkeep\n|turn|30\n|\n|t:|1700325812\n|switch|p1a: Dragonite|Dragonite, F|87\/100\n|move|p2a: Manaphy|Take Heart|p2a: Manaphy\n|-boost|p2a: Manaphy|spa|1\n|-boost|p2a: Manaphy|spd|1\n|\n|-heal|p2a: Manaphy|66\/100|[from] item: Leftovers\n|upkeep\n|turn|31\n|\n|t:|1700325819\n|move|p2a: Manaphy|Take Heart|p2a: Manaphy\n|-boost|p2a: Manaphy|spa|1\n|-boost|p2a: Manaphy|spd|1\n|move|p1a: Dragonite|Dragon Dance|p1a: Dragonite\n|-boost|p1a: Dragonite|atk|1\n|-boost|p1a: Dragonite|spe|1\n|\n|-heal|p2a: Manaphy|72\/100|[from] item: Leftovers\n|upkeep\n|turn|32\n|\n|t:|1700325826\n|move|p1a: Dragonite|Dragon Dance|p1a: Dragonite\n|-boost|p1a: Dragonite|atk|1\n|-boost|p1a: Dragonite|spe|1\n|move|p2a: Manaphy|Stored Power|p1a: Dragonite\n|-damage|p1a: Dragonite|9\/100\n|\n|-heal|p2a: Manaphy|78\/100|[from] item: Leftovers\n|upkeep\n|turn|33\n|\n|t:|1700325834\n|move|p1a: Dragonite|Earthquake|p2a: Manaphy\n|-damage|p2a: Manaphy|40\/100\n|move|p2a: Manaphy|Stored Power|p1a: Dragonite\n|-crit|p1a: Dragonite\n|-damage|p1a: Dragonite|0 fnt\n|faint|p1a: Dragonite\n|\n|-heal|p2a: Manaphy|47\/100|[from] item: Leftovers\n|upkeep\n|\n|t:|1700325841\n|switch|p1a: Arcanine|Arcanine-Hisui, M|13\/100 par\n|-activate|p1a: Arcanine|move: Sticky Web\n|-unboost|p1a: Arcanine|spe|1\n|turn|34\n|\n|t:|1700325847\n|move|p2a: Manaphy|Scald|p1a: Arcanine\n|-supereffective|p1a: Arcanine\n|-damage|p1a: Arcanine|0 fnt\n|faint|p1a: Arcanine\n|\n|-heal|p2a: Manaphy|53\/100|[from] item: Leftovers\n|upkeep\n|-message|camo13 forfeited.\n|\n|win|frosty bazaar\n|raw|camo13's rating: 1675 &rarr; <strong>1656<\/strong><br \/>(-19 for losing)\n|raw|frosty bazaar's rating: 1701 &rarr; <strong>1720<\/strong><br \/>(+19 for winning)\n|l|\u2606camo13\n|l| isoptera\n","uploadtime":1700325861,"views":8,"p1id":"camo13","p2id":"frostybazaar","formatid":"gen9ou","rating":1656,"private":0,"password":""}