{"id":"gen9ou-1994799979","p1":"kelo_pario","p2":"Flamin_snorlax","format":"[Gen 9] OU","log":"|j|\u2606kelo_pario\n|j|\u2606Flamin_snorlax\n|t:|1700493955\n|gametype|singles\n|player|p1|kelo_pario|hilda|1622\n|player|p2|Flamin_snorlax|marlon|1635\n|teamsize|p1|6\n|teamsize|p2|6\n|gen|9\n|tier|[Gen 9] OU\n|rated|\n|rule|Sleep Clause Mod: Limit one foe put to sleep\n|rule|Species Clause: Limit one of each Pok\u00e9mon\n|rule|OHKO Clause: OHKO moves are banned\n|rule|Evasion Items Clause: Evasion items are banned\n|rule|Evasion Moves Clause: Evasion moves are banned\n|rule|Endless Battle Clause: Forcing endless battles is banned\n|rule|HP Percentage Mod: HP is shown in percentages\n|clearpoke\n|poke|p1|Samurott-Hisui, F|\n|poke|p1|Ceruledge, F|\n|poke|p1|Thundurus-Therian, M|\n|poke|p1|Amoonguss, M|\n|poke|p1|Great Tusk|\n|poke|p1|Gholdengo|\n|poke|p2|Clefable, F|\n|poke|p2|Alomomola, M|\n|poke|p2|Blissey, F|\n|poke|p2|Clodsire, M|\n|poke|p2|Dondozo, M|\n|poke|p2|Amoonguss, F|\n|teampreview\n|inactive|Battle timer is ON: inactive players will automatically lose when time's up. (requested by kelo_pario)\n|\n|t:|1700493969\n|start\n|switch|p1a: Dumbo|Great Tusk, shiny|100\/100\n|switch|p2a: Clefable|Clefable, F|100\/100\n|turn|1\n|\n|t:|1700493978\n|-terastallize|p1a: Dumbo|Poison\n|move|p1a: Dumbo|Stealth Rock|p2a: Clefable\n|-sidestart|p2: Flamin_snorlax|move: Stealth Rock\n|move|p2a: Clefable|Moonblast|p1a: Dumbo\n|-resisted|p1a: Dumbo\n|-damage|p1a: Dumbo|82\/100\n|\n|-heal|p1a: Dumbo|88\/100|[from] item: Leftovers\n|upkeep\n|turn|2\n|\n|t:|1700493987\n|move|p1a: Dumbo|Earthquake|p2a: Clefable\n|-damage|p2a: Clefable|69\/100\n|move|p2a: Clefable|Knock Off|p1a: Dumbo\n|-damage|p1a: Dumbo|81\/100\n|-enditem|p1a: Dumbo|Leftovers|[from] move: Knock Off|[of] p2a: Clefable\n|\n|-heal|p2a: Clefable|75\/100|[from] item: Leftovers\n|upkeep\n|turn|3\n|\n|t:|1700493995\n|move|p1a: Dumbo|Earthquake|p2a: Clefable\n|-damage|p2a: Clefable|42\/100\n|move|p2a: Clefable|Wish|p2a: Clefable\n|\n|-heal|p2a: Clefable|48\/100|[from] item: Leftovers\n|upkeep\n|turn|4\n|\n|t:|1700494009\n|-end|p1a: Dumbo|Protosynthesis|[silent]\n|switch|p1a: Amanita Phalloides|Amoonguss, M, shiny|100\/100\n|move|p2a: Clefable|Protect||[still]\n|-fail|p2a: Clefable\n|\n|-heal|p2a: Clefable|98\/100|[from] move: Wish|[wisher] Clefable\n|-heal|p2a: Clefable|100\/100|[from] item: Leftovers\n|upkeep\n|turn|5\n|\n|t:|1700494019\n|switch|p2a: Blissey|Blissey, F|100\/100\n|move|p1a: Amanita Phalloides|Sludge Bomb|p2a: Blissey\n|-damage|p2a: Blissey|92\/100\n|-status|p2a: Blissey|psn\n|\n|-damage|p2a: Blissey|80\/100 psn|[from] psn\n|upkeep\n|turn|6\n|\n|t:|1700494029\n|-curestatus|p2a: Blissey|psn|[from] ability: Natural Cure\n|switch|p2a: Alomomola|Alomomola, M|100\/100\n|move|p1a: Amanita Phalloides|Sludge Bomb|p2a: Alomomola\n|-damage|p2a: Alomomola|71\/100\n|\n|upkeep\n|turn|7\n|\n|t:|1700494037\n|move|p2a: Alomomola|Protect|p2a: Alomomola\n|-singleturn|p2a: Alomomola|Protect\n|move|p1a: Amanita Phalloides|Sludge Bomb|p2a: Alomomola\n|-activate|p2a: Alomomola|move: Protect\n|\n|upkeep\n|turn|8\n|\n|t:|1700494046\n|move|p1a: Amanita Phalloides|Sludge Bomb|p2a: Alomomola\n|-damage|p2a: Alomomola|40\/100\n|move|p2a: Alomomola|Mirror Coat|p1a: Amanita Phalloides\n|-damage|p1a: Amanita Phalloides|22\/100\n|\n|upkeep\n|turn|9\n|\n|t:|1700494053\n|switch|p2a: Blissey|Blissey, F|80\/100\n|move|p1a: Amanita Phalloides|Giga Drain|p2a: Blissey\n|-damage|p2a: Blissey|73\/100\n|-heal|p1a: Amanita Phalloides|28\/100|[from] drain|[of] p2a: Blissey\n|\n|upkeep\n|turn|10\n|\n|t:|1700494062\n|switch|p1a: Sekiro|Samurott-Hisui, F, shiny|100\/100\n|move|p2a: Blissey|Stealth Rock|p1a: Sekiro\n|-sidestart|p1: kelo_pario|move: Stealth Rock\n|\n|upkeep\n|turn|11\n|\n|t:|1700494067\n|move|p2a: Blissey|Protect|p2a: Blissey\n|-singleturn|p2a: Blissey|Protect\n|move|p1a: Sekiro|Ceaseless Edge|p2a: Blissey\n|-activate|p2a: Blissey|move: Protect\n|\n|upkeep\n|turn|12\n|\n|t:|1700494073\n|switch|p2a: Clefable|Clefable, F|100\/100\n|move|p1a: Sekiro|Ceaseless Edge|p2a: Clefable\n|-resisted|p2a: Clefable\n|-damage|p2a: Clefable|83\/100\n|-sidestart|p2: Flamin_snorlax|Spikes\n|\n|-heal|p2a: Clefable|89\/100|[from] item: Leftovers\n|upkeep\n|turn|13\n|\n|t:|1700494083\n|switch|p1a: Dumbo|Great Tusk, shiny, tera:Poison|81\/100\n|-damage|p1a: Dumbo|68\/100|[from] Stealth Rock\n|move|p2a: Clefable|Moonblast|p1a: Dumbo\n|-resisted|p1a: Dumbo\n|-damage|p1a: Dumbo|48\/100\n|-unboost|p1a: Dumbo|spa|1\n|\n|-heal|p2a: Clefable|95\/100|[from] item: Leftovers\n|upkeep\n|turn|14\n|\n|t:|1700494093\n|move|p1a: Dumbo|Rapid Spin|p2a: Clefable\n|-damage|p2a: Clefable|83\/100\n|-boost|p1a: Dumbo|spe|1\n|-sideend|p1: kelo_pario|Stealth Rock|[from] move: Rapid Spin|[of] p1a: Dumbo\n|move|p2a: Clefable|Moonblast|p1a: Dumbo\n|-resisted|p1a: Dumbo\n|-damage|p1a: Dumbo|27\/100\n|\n|-heal|p2a: Clefable|89\/100|[from] item: Leftovers\n|upkeep\n|turn|15\n|\n|t:|1700494101\n|-end|p1a: Dumbo|Protosynthesis|[silent]\n|switch|p1a: Kuzko|Gholdengo, shiny|100\/100\n|move|p2a: Clefable|Wish|p2a: Clefable\n|\n|-heal|p2a: Clefable|95\/100|[from] item: Leftovers\n|upkeep\n|turn|16\n|\n|t:|1700494107\n|switch|p2a: Blissey|Blissey, F|73\/100\n|move|p1a: Kuzko|Nasty Plot|p1a: Kuzko\n|-boost|p1a: Kuzko|spa|2\n|\n|-heal|p2a: Blissey|99\/100|[from] move: Wish|[wisher] Clefable\n|upkeep\n|turn|17\n|\n|t:|1700494117\n|switch|p1a: Sekiro|Samurott-Hisui, F, shiny|100\/100\n|switch|p2a: Clodsire|Clodsire, M|100\/100\n|\n|upkeep\n|turn|18\n|\n|t:|1700494126\n|switch|p2a: Clefable|Clefable, F|95\/100\n|move|p1a: Sekiro|Aqua Cutter|p2a: Clefable\n|-damage|p2a: Clefable|58\/100\n|\n|-heal|p2a: Clefable|64\/100|[from] item: Leftovers\n|upkeep\n|turn|19\n|\n|t:|1700494133\n|move|p1a: Sekiro|Aqua Cutter|p2a: Clefable\n|-damage|p2a: Clefable|30\/100\n|move|p2a: Clefable|Wish|p2a: Clefable\n|\n|-heal|p2a: Clefable|36\/100|[from] item: Leftovers\n|upkeep\n|turn|20\n|\n|t:|1700494141\n|switch|p1a: Kuzko|Gholdengo, shiny|100\/100\n|move|p2a: Clefable|Protect||[still]\n|-fail|p2a: Clefable\n|\n|-heal|p2a: Clefable|86\/100|[from] move: Wish|[wisher] Clefable\n|-heal|p2a: Clefable|92\/100|[from] item: Leftovers\n|upkeep\n|turn|21\n|\n|t:|1700494148\n|switch|p2a: Clodsire|Clodsire, M|100\/100\n|move|p1a: Kuzko|Nasty Plot|p1a: Kuzko\n|-boost|p1a: Kuzko|spa|2\n|\n|upkeep\n|turn|22\n|\n|t:|1700494161\n|switch|p1a: Amanita Phalloides|Amoonguss, M, shiny|61\/100\n|move|p2a: Clodsire|Spikes|p1a: Amanita Phalloides\n|-sidestart|p1: kelo_pario|Spikes\n|\n|upkeep\n|turn|23\n|\n|t:|1700494168\n|switch|p2a: Blissey|Blissey, F|99\/100\n|move|p1a: Amanita Phalloides|Giga Drain|p2a: Blissey\n|-damage|p2a: Blissey|94\/100\n|-heal|p1a: Amanita Phalloides|66\/100|[from] drain|[of] p2a: Blissey\n|\n|upkeep\n|turn|24\n|\n|t:|1700494175\n|move|p2a: Blissey|Stealth Rock|p1a: Amanita Phalloides\n|-sidestart|p1: kelo_pario|move: Stealth Rock\n|move|p1a: Amanita Phalloides|Spore|p2a: Blissey\n|-status|p2a: Blissey|slp|[from] move: Spore\n|\n|upkeep\n|turn|25\n|\n|t:|1700494183\n|switch|p1a: Sekiro|Samurott-Hisui, F, shiny|100\/100\n|-damage|p1a: Sekiro|88\/100|[from] Spikes\n|-damage|p1a: Sekiro|76\/100|[from] Stealth Rock\n|cant|p2a: Blissey|slp\n|\n|upkeep\n|turn|26\n|\n|t:|1700494191\n|-curestatus|p2a: Blissey|slp|[from] ability: Natural Cure\n|switch|p2a: Clefable|Clefable, F|92\/100\n|move|p1a: Sekiro|Aqua Cutter|p2a: Clefable\n|-damage|p2a: Clefable|58\/100\n|\n|-heal|p2a: Clefable|64\/100|[from] item: Leftovers\n|upkeep\n|turn|27\n|\n|t:|1700494200\n|switch|p1a: Dumbo|Great Tusk, shiny, tera:Poison|27\/100\n|-damage|p1a: Dumbo|14\/100|[from] Spikes\n|-damage|p1a: Dumbo|2\/100|[from] Stealth Rock\n|switch|p2a: Alomomola|Alomomola, M|73\/100\n|\n|upkeep\n|turn|28\n|\n|t:|1700494209\n|move|p2a: Alomomola|Protect|p2a: Alomomola\n|-singleturn|p2a: Alomomola|Protect\n|move|p1a: Dumbo|Rapid Spin|p2a: Alomomola\n|-activate|p2a: Alomomola|move: Protect\n|\n|upkeep\n|turn|29\n|\n|t:|1700494218\n|move|p1a: Dumbo|Rapid Spin|p2a: Alomomola\n|-damage|p2a: Alomomola|64\/100\n|-boost|p1a: Dumbo|spe|1\n|-sideend|p1: kelo_pario|Spikes|[from] move: Rapid Spin|[of] p1a: Dumbo\n|-sideend|p1: kelo_pario|Stealth Rock|[from] move: Rapid Spin|[of] p1a: Dumbo\n|move|p2a: Alomomola|Wish|p2a: Alomomola\n|\n|upkeep\n|turn|30\n|\n|t:|1700494225\n|move|p1a: Dumbo|Earthquake|p2a: Alomomola\n|-damage|p2a: Alomomola|42\/100\n|move|p2a: Alomomola|Flip Turn|p1a: Dumbo\n|-damage|p1a: Dumbo|0 fnt\n|faint|p1a: Dumbo\n|-end|p1a: Dumbo|Protosynthesis|[silent]\n|\n|t:|1700494231\n|switch|p2a: Clefable|Clefable, F|64\/100|[from] Flip Turn\n|\n|-heal|p2a: Clefable|100\/100|[from] move: Wish|[wisher] Alomomola\n|upkeep\n|\n|t:|1700494237\n|switch|p1a: Kuzko|Gholdengo, shiny|100\/100\n|turn|31\n|\n|t:|1700494244\n|switch|p2a: Clodsire|Clodsire, M|100\/100\n|move|p1a: Kuzko|Shadow Ball|p2a: Clodsire\n|-damage|p2a: Clodsire|80\/100\n|\n|upkeep\n|turn|32\n|\n|t:|1700494252\n|switch|p1a: Sekiro|Samurott-Hisui, F, shiny|76\/100\n|move|p2a: Clodsire|Spikes|p1a: Sekiro\n|-sidestart|p1: kelo_pario|Spikes\n|\n|upkeep\n|turn|33\n|\n|t:|1700494259\n|switch|p2a: Alomomola|Alomomola, M|75\/100\n|move|p1a: Sekiro|Flip Turn|p2a: Alomomola\n|-resisted|p2a: Alomomola\n|-damage|p2a: Alomomola|68\/100\n|\n|t:|1700494270\n|switch|p1a: Thor|Thundurus-Therian, M, shiny|100\/100|[from] Flip Turn\n|\n|upkeep\n|turn|34\n|j| Diegogris\n|\n|t:|1700494274\n|switch|p2a: Blissey|Blissey, F|94\/100\n|move|p1a: Thor|Knock Off|p2a: Blissey\n|-crit|p2a: Blissey\n|-damage|p2a: Blissey|32\/100\n|-enditem|p2a: Blissey|Heavy-Duty Boots|[from] move: Knock Off|[of] p1a: Thor\n|\n|upkeep\n|turn|35\n|j| Dad hoarder\n|\n|t:|1700494281\n|move|p2a: Blissey|Protect|p2a: Blissey\n|-singleturn|p2a: Blissey|Protect\n|move|p1a: Thor|Knock Off|p2a: Blissey\n|-activate|p2a: Blissey|move: Protect\n|\n|upkeep\n|turn|36\n|\n|t:|1700494296\n|switch|p2a: Clodsire|Clodsire, M|80\/100\n|move|p1a: Thor|Knock Off|p2a: Clodsire\n|-damage|p2a: Clodsire|59\/100\n|-enditem|p2a: Clodsire|Heavy-Duty Boots|[from] move: Knock Off|[of] p1a: Thor\n|\n|upkeep\n|turn|37\n|j| CassBubble\n|\n|t:|1700494303\n|move|p1a: Thor|Grass Knot|p2a: Clodsire\n|-damage|p2a: Clodsire|34\/100\n|move|p2a: Clodsire|Recover|p2a: Clodsire\n|-heal|p2a: Clodsire|84\/100\n|\n|upkeep\n|turn|38\n|j| yannono3\n|\n|t:|1700494313\n|switch|p1a: Sekiro|Samurott-Hisui, F, shiny|76\/100\n|-damage|p1a: Sekiro|63\/100|[from] Spikes\n|move|p2a: Clodsire|Poison Jab|p1a: Sekiro\n|-damage|p1a: Sekiro|37\/100\n|\n|upkeep\n|turn|39\n|j| deneme12\n|\n|t:|1700494320\n|switch|p2a: Alomomola|Alomomola, M|100\/100\n|move|p1a: Sekiro|Flip Turn|p2a: Alomomola\n|-resisted|p2a: Alomomola\n|-damage|p2a: Alomomola|93\/100\n|\n|t:|1700494325\n|switch|p1a: Thor|Thundurus-Therian, M, shiny|100\/100|[from] Flip Turn\n|\n|upkeep\n|turn|40\n|\n|t:|1700494329\n|move|p2a: Alomomola|Protect|p2a: Alomomola\n|-singleturn|p2a: Alomomola|Protect\n|move|p1a: Thor|Grass Knot|p2a: Alomomola\n|-activate|p2a: Alomomola|move: Protect\n|\n|upkeep\n|turn|41\n|\n|t:|1700494340\n|switch|p2a: Clodsire|Clodsire, M|84\/100\n|-damage|p2a: Clodsire|78\/100|[from] Stealth Rock\n|-damage|p2a: Clodsire|65\/100|[from] Spikes\n|move|p1a: Thor|Knock Off|p2a: Clodsire\n|-damage|p2a: Clodsire|49\/100\n|\n|upkeep\n|turn|42\n|\n|t:|1700494351\n|move|p1a: Thor|Grass Knot|p2a: Clodsire\n|-damage|p2a: Clodsire|23\/100\n|move|p2a: Clodsire|Recover|p2a: Clodsire\n|-heal|p2a: Clodsire|73\/100\n|\n|upkeep\n|turn|43\n|\n|t:|1700494360\n|switch|p1a: Sekiro|Samurott-Hisui, F, shiny|37\/100\n|-damage|p1a: Sekiro|24\/100|[from] Spikes\n|move|p2a: Clodsire|Spikes|p1a: Sekiro\n|-sidestart|p1: kelo_pario|Spikes\n|\n|upkeep\n|turn|44\n|\n|t:|1700494366\n|switch|p2a: Amoonguss|Amoonguss, F, shiny|100\/100\n|move|p1a: Sekiro|Ceaseless Edge|p2a: Amoonguss\n|-damage|p2a: Amoonguss|66\/100\n|-sidestart|p2: Flamin_snorlax|Spikes\n|\n|upkeep\n|turn|45\n|\n|t:|1700494377\n|move|p1a: Sekiro|Ceaseless Edge|p2a: Amoonguss\n|-damage|p2a: Amoonguss|36\/100\n|-sidestart|p2: Flamin_snorlax|Spikes\n|move|p2a: Amoonguss|Giga Drain|p1a: Sekiro\n|-supereffective|p1a: Sekiro\n|-damage|p1a: Sekiro|0 fnt\n|-heal|p2a: Amoonguss|45\/100|[from] drain|[of] p1a: Sekiro\n|faint|p1a: Sekiro\n|\n|upkeep\n|\n|t:|1700494387\n|switch|p1a: Palpatin|Ceruledge, F, shiny|100\/100\n|turn|46\n|\n|t:|1700494392\n|switch|p2a: Dondozo|Dondozo, M|100\/100\n|move|p1a: Palpatin|Bitter Blade|p2a: Dondozo\n|-resisted|p2a: Dondozo\n|-damage|p2a: Dondozo|90\/100\n|\n|upkeep\n|turn|47\n|\n|t:|1700494402\n|switch|p1a: Amanita Phalloides|Amoonguss, M, shiny|99\/100\n|-damage|p1a: Amanita Phalloides|83\/100|[from] Spikes\n|move|p2a: Dondozo|Waterfall|p1a: Amanita Phalloides\n|-resisted|p1a: Amanita Phalloides\n|-damage|p1a: Amanita Phalloides|70\/100\n|-damage|p2a: Dondozo|74\/100|[from] item: Rocky Helmet|[of] p1a: Amanita Phalloides\n|\n|upkeep\n|turn|48\n|\n|t:|1700494411\n|switch|p2a: Blissey|Blissey, F|32\/100\n|-damage|p2a: Blissey|19\/100|[from] Stealth Rock\n|-damage|p2a: Blissey|0 fnt|[from] Spikes\n|faint|p2a: Blissey\n|move|p1a: Amanita Phalloides|Giga Drain|p2: Blissey|[notarget]\n|-fail|p1a: Amanita Phalloides\n|\n|upkeep\n|\n|t:|1700494432\n|switch|p2a: Alomomola|Alomomola, M|100\/100\n|turn|49\n|\n|t:|1700494439\n|-terastallize|p2a: Alomomola|Steel\n|move|p2a: Alomomola|Wish|p2a: Alomomola\n|move|p1a: Amanita Phalloides|Giga Drain|p2a: Alomomola\n|-resisted|p2a: Alomomola\n|-damage|p2a: Alomomola|87\/100\n|-heal|p1a: Amanita Phalloides|79\/100|[from] drain|[of] p2a: Alomomola\n|\n|upkeep\n|turn|50\n|\n|t:|1700494447\n|move|p2a: Alomomola|Flip Turn|p1a: Amanita Phalloides\n|-resisted|p1a: Amanita Phalloides\n|-damage|p1a: Amanita Phalloides|71\/100\n|-damage|p2a: Alomomola|70\/100|[from] item: Rocky Helmet|[of] p1a: Amanita Phalloides\n|\n|t:|1700494451\n|switch|p2a: Amoonguss|Amoonguss, F, shiny|78\/100|[from] Flip Turn\n|move|p1a: Amanita Phalloides|Spore|p2a: Amoonguss\n|-immune|p2a: Amoonguss\n|\n|-heal|p2a: Amoonguss|100\/100|[from] move: Wish|[wisher] Alomomola\n|upkeep\n|turn|51\n|\n|t:|1700494465\n|switch|p1a: Kuzko|Gholdengo, shiny|100\/100\n|-damage|p1a: Kuzko|84\/100|[from] Spikes\n|move|p2a: Amoonguss|Foul Play|p1a: Kuzko\n|-supereffective|p1a: Kuzko\n|-damage|p1a: Kuzko|70\/100\n|\n|-heal|p1a: Kuzko|76\/100|[from] item: Leftovers\n|upkeep\n|turn|52\n|\n|t:|1700494474\n|switch|p2a: Alomomola|Alomomola, M, tera:Steel|100\/100\n|move|p1a: Kuzko|Nasty Plot|p1a: Kuzko\n|-boost|p1a: Kuzko|spa|2\n|\n|-heal|p1a: Kuzko|82\/100|[from] item: Leftovers\n|upkeep\n|turn|53\n|\n|t:|1700494481\n|move|p1a: Kuzko|Nasty Plot|p1a: Kuzko\n|-boost|p1a: Kuzko|spa|2\n|move|p2a: Alomomola|Mirror Coat||[still]\n|-fail|p2a: Alomomola\n|\n|-heal|p1a: Kuzko|88\/100|[from] item: Leftovers\n|upkeep\n|turn|54\n|\n|t:|1700494488\n|move|p2a: Alomomola|Protect|p2a: Alomomola\n|-singleturn|p2a: Alomomola|Protect\n|move|p1a: Kuzko|Nasty Plot|p1a: Kuzko\n|-boost|p1a: Kuzko|spa|2\n|\n|-heal|p1a: Kuzko|94\/100|[from] item: Leftovers\n|upkeep\n|turn|55\n|\n|t:|1700494501\n|switch|p1a: Amanita Phalloides|Amoonguss, M, shiny|100\/100\n|-damage|p1a: Amanita Phalloides|84\/100|[from] Spikes\n|move|p2a: Alomomola|Mirror Coat||[still]\n|-fail|p2a: Alomomola\n|\n|upkeep\n|turn|56\n|\n|t:|1700494507\n|move|p2a: Alomomola|Wish|p2a: Alomomola\n|move|p1a: Amanita Phalloides|Spore|p2a: Alomomola\n|-status|p2a: Alomomola|slp|[from] move: Spore\n|\n|upkeep\n|turn|57\n|\n|t:|1700494513\n|switch|p2a: Clodsire|Clodsire, M|73\/100\n|-damage|p2a: Clodsire|67\/100|[from] Stealth Rock\n|-damage|p2a: Clodsire|42\/100|[from] Spikes\n|switch|p1a: Palpatin|Ceruledge, F, shiny|100\/100\n|\n|-heal|p2a: Clodsire|99\/100|[from] move: Wish|[wisher] Alomomola\n|upkeep\n|turn|58\n|\n|t:|1700494524\n|switch|p1a: Amanita Phalloides|Amoonguss, M, shiny|100\/100\n|-damage|p1a: Amanita Phalloides|84\/100|[from] Spikes\n|move|p2a: Clodsire|Spikes|p1a: Amanita Phalloides\n|-sidestart|p1: kelo_pario|Spikes\n|\n|upkeep\n|turn|59\n|\n|t:|1700494530\n|move|p1a: Amanita Phalloides|Giga Drain|p2a: Clodsire\n|-damage|p2a: Clodsire|87\/100\n|-heal|p1a: Amanita Phalloides|91\/100|[from] drain|[of] p2a: Clodsire\n|move|p2a: Clodsire|Amnesia|p2a: Clodsire\n|-boost|p2a: Clodsire|spd|2\n|\n|upkeep\n|turn|60\n|l| Dad hoarder\n|\n|t:|1700494550\n|switch|p1a: Kuzko|Gholdengo, shiny|94\/100\n|-damage|p1a: Kuzko|69\/100|[from] Spikes\n|move|p2a: Clodsire|Amnesia|p2a: Clodsire\n|-boost|p2a: Clodsire|spd|2\n|\n|-heal|p1a: Kuzko|75\/100|[from] item: Leftovers\n|upkeep\n|turn|61\n|\n|t:|1700494563\n|move|p1a: Kuzko|Nasty Plot|p1a: Kuzko\n|-boost|p1a: Kuzko|spa|2\n|move|p2a: Clodsire|Spikes||[still]\n|-fail|p2a: Clodsire\n|\n|-heal|p1a: Kuzko|81\/100|[from] item: Leftovers\n|upkeep\n|turn|62\n|\n|t:|1700494571\n|move|p1a: Kuzko|Nasty Plot|p1a: Kuzko\n|-boost|p1a: Kuzko|spa|2\n|move|p2a: Clodsire|Poison Jab|p1a: Kuzko\n|-immune|p1a: Kuzko\n|\n|-heal|p1a: Kuzko|88\/100|[from] item: Leftovers\n|upkeep\n|turn|63\n|\n|t:|1700494578\n|move|p1a: Kuzko|Nasty Plot|p1a: Kuzko\n|-boost|p1a: Kuzko|spa|2\n|move|p2a: Clodsire|Amnesia|p2a: Clodsire\n|-boost|p2a: Clodsire|spd|2\n|\n|-heal|p1a: Kuzko|94\/100|[from] item: Leftovers\n|upkeep\n|turn|64\n|\n|t:|1700494586\n|move|p1a: Kuzko|Shadow Ball|p2a: Clodsire\n|-damage|p2a: Clodsire|82\/100\n|move|p2a: Clodsire|Amnesia|p2a: Clodsire\n|-boost|p2a: Clodsire|spd|0\n|\n|-heal|p1a: Kuzko|99\/100|[from] item: Leftovers\n|upkeep\n|turn|65\n|\n|t:|1700494595\n|move|p1a: Kuzko|Shadow Ball|p2a: Clodsire\n|-damage|p2a: Clodsire|78\/100\n|move|p2a: Clodsire|Poison Jab|p1a: Kuzko\n|-immune|p1a: Kuzko\n|\n|-heal|p1a: Kuzko|100\/100|[from] item: Leftovers\n|upkeep\n|turn|66\n|c|\u2606kelo_pario|not gonna lie to you\n|c|\u2606kelo_pario|to play pokemon like this\n|c|\u2606kelo_pario|there has to be something wrong with you\n|\n|t:|1700494617\n|move|p1a: Kuzko|Nasty Plot|p1a: Kuzko\n|-boost|p1a: Kuzko|spa|0\n|move|p2a: Clodsire|Poison Jab|p1a: Kuzko\n|-immune|p1a: Kuzko\n|\n|upkeep\n|turn|67\n|\n|t:|1700494625\n|move|p1a: Kuzko|Nasty Plot|p1a: Kuzko\n|-boost|p1a: Kuzko|spa|0\n|move|p2a: Clodsire|Poison Jab|p1a: Kuzko\n|-immune|p1a: Kuzko\n|\n|upkeep\n|turn|68\n|\n|t:|1700494633\n|move|p1a: Kuzko|Nasty Plot|p1a: Kuzko\n|-boost|p1a: Kuzko|spa|0\n|move|p2a: Clodsire|Amnesia|p2a: Clodsire\n|-boost|p2a: Clodsire|spd|0\n|\n|upkeep\n|turn|69\n|\n|t:|1700494639\n|move|p1a: Kuzko|Nasty Plot|p1a: Kuzko\n|-boost|p1a: Kuzko|spa|0\n|move|p2a: Clodsire|Amnesia|p2a: Clodsire\n|-boost|p2a: Clodsire|spd|0\n|\n|upkeep\n|turn|70\n|\n|t:|1700494644\n|move|p1a: Kuzko|Nasty Plot|p1a: Kuzko\n|-boost|p1a: Kuzko|spa|0\n|move|p2a: Clodsire|Spikes||[still]\n|-fail|p2a: Clodsire\n|\n|upkeep\n|turn|71\n|\n|t:|1700494650\n|move|p1a: Kuzko|Nasty Plot|p1a: Kuzko\n|-boost|p1a: Kuzko|spa|0\n|move|p2a: Clodsire|Poison Jab|p1a: Kuzko\n|-immune|p1a: Kuzko\n|\n|upkeep\n|turn|72\n|\n|t:|1700494661\n|move|p1a: Kuzko|Shadow Ball|p2a: Clodsire\n|-damage|p2a: Clodsire|72\/100\n|move|p2a: Clodsire|Spikes||[still]\n|-fail|p2a: Clodsire\n|\n|upkeep\n|turn|73\n|\n|t:|1700494667\n|move|p1a: Kuzko|Shadow Ball|p2a: Clodsire\n|-damage|p2a: Clodsire|68\/100\n|move|p2a: Clodsire|Amnesia|p2a: Clodsire\n|-boost|p2a: Clodsire|spd|0\n|\n|upkeep\n|turn|74\n|\n|t:|1700494672\n|move|p1a: Kuzko|Shadow Ball|p2a: Clodsire\n|-damage|p2a: Clodsire|63\/100\n|move|p2a: Clodsire|Poison Jab|p1a: Kuzko\n|-immune|p1a: Kuzko\n|\n|upkeep\n|turn|75\n|\n|t:|1700494679\n|move|p1a: Kuzko|Shadow Ball|p2a: Clodsire\n|-damage|p2a: Clodsire|59\/100\n|move|p2a: Clodsire|Recover|p2a: Clodsire\n|-heal|p2a: Clodsire|100\/100\n|\n|upkeep\n|turn|76\n|\n|t:|1700494684\n|move|p1a: Kuzko|Shadow Ball|p2a: Clodsire\n|-damage|p2a: Clodsire|96\/100\n|move|p2a: Clodsire|Poison Jab|p1a: Kuzko\n|-immune|p1a: Kuzko\n|\n|upkeep\n|turn|77\n|\n|t:|1700494691\n|move|p1a: Kuzko|Shadow Ball|p2a: Clodsire\n|-damage|p2a: Clodsire|91\/100\n|move|p2a: Clodsire|Spikes||[still]\n|-fail|p2a: Clodsire\n|\n|upkeep\n|turn|78\n|\n|t:|1700494697\n|move|p1a: Kuzko|Nasty Plot|p1a: Kuzko\n|-boost|p1a: Kuzko|spa|0\n|move|p2a: Clodsire|Amnesia|p2a: Clodsire\n|-boost|p2a: Clodsire|spd|0\n|\n|upkeep\n|turn|79\n|l| CassBubble\n|\n|t:|1700494714\n|move|p1a: Kuzko|Nasty Plot|p1a: Kuzko\n|-boost|p1a: Kuzko|spa|0\n|move|p2a: Clodsire|Poison Jab|p1a: Kuzko\n|-immune|p1a: Kuzko\n|\n|upkeep\n|turn|80\n|\n|t:|1700494724\n|switch|p1a: Amanita Phalloides|Amoonguss, M, shiny|100\/100\n|-damage|p1a: Amanita Phalloides|76\/100|[from] Spikes\n|move|p2a: Clodsire|Spikes||[still]\n|-fail|p2a: Clodsire\n|\n|upkeep\n|turn|81\n|c| deneme12|stallerrrr\n|c| deneme12|pfffffffffff\n|c| deneme12|wtf snorlaxxx\n|\n|t:|1700494741\n|move|p1a: Amanita Phalloides|Giga Drain|p2a: Clodsire\n|-damage|p2a: Clodsire|88\/100\n|-heal|p1a: Amanita Phalloides|77\/100|[from] drain|[of] p2a: Clodsire\n|move|p2a: Clodsire|Amnesia|p2a: Clodsire\n|-boost|p2a: Clodsire|spd|0\n|\n|upkeep\n|turn|82\n|c|\u2606kelo_pario|big stupid\n|\n|t:|1700494760\n|switch|p2a: Alomomola|Alomomola, M, tera:Steel|100\/100 slp\n|move|p1a: Amanita Phalloides|Giga Drain|p2a: Alomomola\n|-resisted|p2a: Alomomola\n|-damage|p2a: Alomomola|87\/100 slp\n|-heal|p1a: Amanita Phalloides|86\/100|[from] drain|[of] p2a: Alomomola\n|\n|upkeep\n|turn|83\n|\n|t:|1700494770\n|switch|p1a: Palpatin|Ceruledge, F, shiny|100\/100\n|cant|p2a: Alomomola|slp\n|\n|upkeep\n|turn|84\n|\n|t:|1700494775\n|switch|p2a: Dondozo|Dondozo, M|74\/100\n|move|p1a: Palpatin|Swords Dance|p1a: Palpatin\n|-boost|p1a: Palpatin|atk|2\n|\n|upkeep\n|turn|85\n|\n|t:|1700494783\n|switch|p1a: Amanita Phalloides|Amoonguss, M, shiny|100\/100\n|-damage|p1a: Amanita Phalloides|76\/100|[from] Spikes\n|move|p2a: Dondozo|Waterfall|p1a: Amanita Phalloides\n|-resisted|p1a: Amanita Phalloides\n|-damage|p1a: Amanita Phalloides|62\/100\n|-damage|p2a: Dondozo|57\/100|[from] item: Rocky Helmet|[of] p1a: Amanita Phalloides\n|\n|upkeep\n|turn|86\n|\n|t:|1700494791\n|switch|p2a: Alomomola|Alomomola, M, tera:Steel|100\/100 slp\n|move|p1a: Amanita Phalloides|Giga Drain|p2a: Alomomola\n|-resisted|p2a: Alomomola\n|-damage|p2a: Alomomola|87\/100 slp\n|-heal|p1a: Amanita Phalloides|71\/100|[from] drain|[of] p2a: Alomomola\n|\n|upkeep\n|turn|87\n|\n|t:|1700494797\n|switch|p1a: Thor|Thundurus-Therian, M, shiny|100\/100\n|-curestatus|p2a: Alomomola|slp|[msg]\n|move|p2a: Alomomola|Protect||[still]\n|-fail|p2a: Alomomola\n|\n|upkeep\n|turn|88\n|\n|t:|1700494805\n|move|p1a: Thor|Knock Off|p2a: Alomomola\n|-damage|p2a: Alomomola|75\/100\n|-enditem|p2a: Alomomola|Heavy-Duty Boots|[from] move: Knock Off|[of] p1a: Thor\n|move|p2a: Alomomola|Wish|p2a: Alomomola\n|\n|upkeep\n|turn|89\n|\n|t:|1700494812\n|move|p1a: Thor|Volt Switch|p2a: Alomomola\n|-damage|p2a: Alomomola|30\/100\n|\n|t:|1700494817\n|switch|p1a: Amanita Phalloides|Amoonguss, M, shiny|100\/100|[from] Volt Switch\n|-damage|p1a: Amanita Phalloides|76\/100|[from] Spikes\n|move|p2a: Alomomola|Mirror Coat|p1a: Amanita Phalloides\n|-damage|p1a: Amanita Phalloides|0 fnt\n|faint|p1a: Amanita Phalloides\n|\n|-heal|p2a: Alomomola|80\/100|[from] move: Wish|[wisher] Alomomola\n|upkeep\n|\n|t:|1700494827\n|switch|p1a: Palpatin|Ceruledge, F, shiny|100\/100\n|turn|90\n|\n|t:|1700494831\n|switch|p2a: Dondozo|Dondozo, M|57\/100\n|move|p1a: Palpatin|Swords Dance|p1a: Palpatin\n|-boost|p1a: Palpatin|atk|2\n|\n|upkeep\n|turn|91\n|\n|t:|1700494836\n|move|p1a: Palpatin|Poltergeist|p2a: Dondozo\n|-activate|p2a: Dondozo|move: Poltergeist|Heavy-Duty Boots\n|-damage|p2a: Dondozo|31\/100\n|move|p2a: Dondozo|Rest|p2a: Dondozo\n|-status|p2a: Dondozo|slp|[from] move: Rest\n|-heal|p2a: Dondozo|100\/100 slp|[silent]\n|\n|upkeep\n|turn|92\n|\n|t:|1700494845\n|switch|p1a: Thor|Thundurus-Therian, M, shiny|100\/100\n|cant|p2a: Dondozo|slp\n|move|p2a: Dondozo|Sleep Talk|p2a: Dondozo\n|move|p2a: Dondozo|Body Press|p1a: Thor|[from]move: Sleep Talk\n|-resisted|p1a: Thor\n|-damage|p1a: Thor|78\/100\n|\n|upkeep\n|turn|93\n|\n|t:|1700494860\n|switch|p2a: Alomomola|Alomomola, M, tera:Steel|100\/100\n|-damage|p2a: Alomomola|94\/100|[from] Stealth Rock\n|-damage|p2a: Alomomola|69\/100|[from] Spikes\n|move|p1a: Thor|Grass Knot|p2a: Alomomola\n|-resisted|p2a: Alomomola\n|-damage|p2a: Alomomola|55\/100\n|\n|upkeep\n|turn|94\n|\n|t:|1700494876\n|switch|p1a: Kuzko|Gholdengo, shiny|100\/100\n|-damage|p1a: Kuzko|76\/100|[from] Spikes\n|move|p2a: Alomomola|Wish|p2a: Alomomola\n|\n|-heal|p1a: Kuzko|82\/100|[from] item: Leftovers\n|upkeep\n|turn|95\n|\n|t:|1700494884\n|switch|p2a: Clodsire|Clodsire, M|88\/100\n|-damage|p2a: Clodsire|82\/100|[from] Stealth Rock\n|-damage|p2a: Clodsire|57\/100|[from] Spikes\n|move|p1a: Kuzko|Nasty Plot|p1a: Kuzko\n|-boost|p1a: Kuzko|spa|2\n|\n|-heal|p2a: Clodsire|100\/100|[from] move: Wish|[wisher] Alomomola\n|-heal|p1a: Kuzko|88\/100|[from] item: Leftovers\n|upkeep\n|turn|96\n|\n|t:|1700494894\n|move|p1a: Kuzko|Shadow Ball|p2a: Clodsire\n|-damage|p2a: Clodsire|81\/100\n|move|p2a: Clodsire|Amnesia|p2a: Clodsire\n|-boost|p2a: Clodsire|spd|2\n|\n|-heal|p1a: Kuzko|94\/100|[from] item: Leftovers\n|upkeep\n|turn|97\n|\n|t:|1700494903\n|switch|p1a: Palpatin|Ceruledge, F, shiny|100\/100\n|move|p2a: Clodsire|Amnesia|p2a: Clodsire\n|-boost|p2a: Clodsire|spd|2\n|\n|upkeep\n|turn|98\n|\n|t:|1700494910\n|switch|p2a: Dondozo|Dondozo, M|100\/100 slp\n|move|p1a: Palpatin|Swords Dance|p1a: Palpatin\n|-boost|p1a: Palpatin|atk|2\n|\n|upkeep\n|turn|99\n|\n|t:|1700494928\n|switch|p1a: Thor|Thundurus-Therian, M, shiny|78\/100\n|cant|p2a: Dondozo|slp\n|move|p2a: Dondozo|Sleep Talk|p2a: Dondozo\n|move|p2a: Dondozo|Rest||[from]move: Sleep Talk|[still]\n|-fail|p2a: Dondozo\n|\n|upkeep\n|turn|100\n|\n|t:|1700494939\n|switch|p2a: Alomomola|Alomomola, M, tera:Steel|89\/100\n|-damage|p2a: Alomomola|82\/100|[from] Stealth Rock\n|-damage|p2a: Alomomola|58\/100|[from] Spikes\n|move|p1a: Thor|Volt Switch|p2a: Alomomola\n|-damage|p2a: Alomomola|10\/100\n|inactive|kelo_pario has 120 seconds left.\n|\n|t:|1700494953\n|switch|p1a: Kuzko|Gholdengo, shiny|94\/100|[from] Volt Switch\n|-damage|p1a: Kuzko|69\/100|[from] Spikes\n|\n|-heal|p1a: Kuzko|75\/100|[from] item: Leftovers\n|upkeep\n|turn|101\n|inactive|kelo_pario has 120 seconds left.\n|\n|t:|1700494959\n|move|p1a: Kuzko|Shadow Ball|p2a: Alomomola\n|-damage|p2a: Alomomola|0 fnt\n|faint|p2a: Alomomola\n|\n|-heal|p1a: Kuzko|81\/100|[from] item: Leftovers\n|upkeep\n|\n|t:|1700494975\n|switch|p2a: Clefable|Clefable, F|100\/100\n|turn|102\n|\n|t:|1700494980\n|move|p1a: Kuzko|Make It Rain|p2a: Clefable\n|-supereffective|p2a: Clefable\n|-damage|p2a: Clefable|7\/100\n|-unboost|p1a: Kuzko|spa|1\n|move|p2a: Clefable|Knock Off|p1a: Kuzko\n|-supereffective|p1a: Kuzko\n|-damage|p1a: Kuzko|58\/100\n|-enditem|p1a: Kuzko|Leftovers|[from] move: Knock Off|[of] p2a: Clefable\n|\n|-heal|p2a: Clefable|13\/100|[from] item: Leftovers\n|upkeep\n|turn|103\n|inactive|kelo_pario has 120 seconds left.\n|\n|t:|1700494993\n|switch|p2a: Amoonguss|Amoonguss, F, shiny|100\/100\n|move|p1a: Kuzko|Shadow Ball|p2a: Amoonguss\n|-damage|p2a: Amoonguss|78\/100\n|\n|upkeep\n|turn|104\n|inactive|kelo_pario has 120 seconds left.\n|\n|t:|1700495001\n|move|p1a: Kuzko|Recover|p1a: Kuzko\n|-heal|p1a: Kuzko|100\/100\n|move|p2a: Amoonguss|Spore|p1a: Kuzko\n|-immune|p1a: Kuzko|[from] ability: Good as Gold\n|\n|upkeep\n|turn|105\n|inactive|kelo_pario has 120 seconds left.\n|\n|t:|1700495008\n|switch|p2a: Clodsire|Clodsire, M|81\/100\n|-damage|p2a: Clodsire|75\/100|[from] Stealth Rock\n|-damage|p2a: Clodsire|50\/100|[from] Spikes\n|move|p1a: Kuzko|Nasty Plot|p1a: Kuzko\n|-boost|p1a: Kuzko|spa|2\n|\n|upkeep\n|turn|106\n|inactive|kelo_pario has 120 seconds left.\n|\n|t:|1700495017\n|switch|p1a: Palpatin|Ceruledge, F, shiny|100\/100\n|move|p2a: Clodsire|Recover|p2a: Clodsire\n|-heal|p2a: Clodsire|99\/100\n|\n|upkeep\n|turn|107\n|inactive|kelo_pario has 120 seconds left.\n|\n|t:|1700495026\n|switch|p2a: Dondozo|Dondozo, M|100\/100 slp\n|move|p1a: Palpatin|Bitter Blade|p2a: Dondozo\n|-resisted|p2a: Dondozo\n|-damage|p2a: Dondozo|90\/100 slp\n|\n|upkeep\n|turn|108\n|inactive|kelo_pario has 120 seconds left.\n|\n|t:|1700495033\n|switch|p1a: Thor|Thundurus-Therian, M, shiny|78\/100\n|-curestatus|p2a: Dondozo|slp|[msg]\n|move|p2a: Dondozo|Waterfall|p1a: Thor\n|-damage|p1a: Thor|37\/100\n|\n|upkeep\n|turn|109\n|inactive|kelo_pario has 120 seconds left.\n|\n|t:|1700495040\n|switch|p2a: Amoonguss|Amoonguss, F, shiny|100\/100\n|move|p1a: Thor|Grass Knot|p2a: Amoonguss\n|-resisted|p2a: Amoonguss\n|-damage|p2a: Amoonguss|97\/100\n|\n|upkeep\n|turn|110\n|inactive|kelo_pario has 120 seconds left.\n|\n|t:|1700495048\n|switch|p2a: Clefable|Clefable, F|13\/100\n|move|p1a: Thor|Knock Off|p2a: Clefable\n|-resisted|p2a: Clefable\n|-damage|p2a: Clefable|5\/100\n|-enditem|p2a: Clefable|Leftovers|[from] move: Knock Off|[of] p1a: Thor\n|\n|upkeep\n|turn|111\n|inactive|kelo_pario has 120 seconds left.\n|\n|t:|1700495057\n|move|p2a: Clefable|Protect|p2a: Clefable\n|-singleturn|p2a: Clefable|Protect\n|move|p1a: Thor|Volt Switch|p2a: Clefable\n|-activate|p2a: Clefable|move: Protect\n|\n|upkeep\n|turn|112\n|inactive|kelo_pario has 120 seconds left.\n|inactive|Flamin_snorlax has 120 seconds left.\n|\n|t:|1700495082\n|move|p1a: Thor|Grass Knot|p2a: Clefable\n|-damage|p2a: Clefable|0 fnt\n|faint|p2a: Clefable\n|\n|upkeep\n|inactive|Flamin_snorlax has 120 seconds left.\n|\n|t:|1700495087\n|switch|p2a: Clodsire|Clodsire, M|99\/100\n|-damage|p2a: Clodsire|94\/100|[from] Stealth Rock\n|-damage|p2a: Clodsire|69\/100|[from] Spikes\n|turn|113\n|\n|t:|1700495095\n|move|p1a: Thor|Grass Knot|p2a: Clodsire\n|-damage|p2a: Clodsire|47\/100\n|move|p2a: Clodsire|Recover|p2a: Clodsire\n|-heal|p2a: Clodsire|97\/100\n|\n|upkeep\n|turn|114\n|inactive|kelo_pario has 120 seconds left.\n|inactive|Flamin_snorlax has 120 seconds left.\n|\n|t:|1700495106\n|switch|p2a: Amoonguss|Amoonguss, F, shiny|100\/100\n|move|p1a: Thor|Grass Knot|p2a: Amoonguss\n|-resisted|p2a: Amoonguss\n|-damage|p2a: Amoonguss|97\/100\n|\n|upkeep\n|turn|115\n|inactive|kelo_pario has 120 seconds left.\n|inactive|Flamin_snorlax has 120 seconds left.\n|\n|t:|1700495124\n|move|p1a: Thor|Volt Switch|p2a: Amoonguss\n|-resisted|p2a: Amoonguss\n|-damage|p2a: Amoonguss|78\/100\n|\n|t:|1700495130\n|switch|p1a: Kuzko|Gholdengo, shiny|100\/100|[from] Volt Switch\n|-damage|p1a: Kuzko|76\/100|[from] Spikes\n|move|p2a: Amoonguss|Foul Play|p1a: Kuzko\n|-supereffective|p1a: Kuzko\n|-damage|p1a: Kuzko|62\/100\n|\n|upkeep\n|turn|116\n|inactive|Flamin_snorlax has 120 seconds left.\n|\n|t:|1700495140\n|move|p1a: Kuzko|Nasty Plot|p1a: Kuzko\n|-boost|p1a: Kuzko|spa|2\n|move|p2a: Amoonguss|Foul Play|p1a: Kuzko\n|-supereffective|p1a: Kuzko\n|-damage|p1a: Kuzko|49\/100\n|\n|upkeep\n|turn|117\n|inactive|Flamin_snorlax has 120 seconds left.\n|\n|t:|1700495153\n|switch|p2a: Clodsire|Clodsire, M|97\/100\n|-damage|p2a: Clodsire|91\/100|[from] Stealth Rock\n|-damage|p2a: Clodsire|66\/100|[from] Spikes\n|move|p1a: Kuzko|Nasty Plot|p1a: Kuzko\n|-boost|p1a: Kuzko|spa|2\n|\n|upkeep\n|turn|118\n|\n|t:|1700495161\n|move|p1a: Kuzko|Make It Rain|p2a: Clodsire\n|-damage|p2a: Clodsire|40\/100\n|-unboost|p1a: Kuzko|spa|1\n|move|p2a: Clodsire|Poison Jab|p1a: Kuzko\n|-immune|p1a: Kuzko\n|\n|upkeep\n|turn|119\n|\n|t:|1700495171\n|move|p1a: Kuzko|Make It Rain|p2a: Clodsire\n|-damage|p2a: Clodsire|9\/100\n|-unboost|p1a: Kuzko|spa|1\n|move|p2a: Clodsire|Recover|p2a: Clodsire\n|-heal|p2a: Clodsire|59\/100\n|\n|upkeep\n|turn|120\n|\n|t:|1700495179\n|move|p1a: Kuzko|Make It Rain|p2a: Clodsire\n|-damage|p2a: Clodsire|31\/100\n|-unboost|p1a: Kuzko|spa|1\n|move|p2a: Clodsire|Amnesia|p2a: Clodsire\n|-boost|p2a: Clodsire|spd|2\n|\n|upkeep\n|turn|121\n|\n|t:|1700495187\n|move|p1a: Kuzko|Make It Rain|p2a: Clodsire\n|-damage|p2a: Clodsire|17\/100\n|-unboost|p1a: Kuzko|spa|1\n|move|p2a: Clodsire|Recover|p2a: Clodsire\n|-heal|p2a: Clodsire|67\/100\n|\n|upkeep\n|turn|122\n|\n|t:|1700495195\n|move|p1a: Kuzko|Make It Rain|p2a: Clodsire\n|-damage|p2a: Clodsire|53\/100\n|-unboost|p1a: Kuzko|spa|1\n|move|p2a: Clodsire|Poison Jab|p1a: Kuzko\n|-immune|p1a: Kuzko\n|\n|upkeep\n|turn|123\n|\n|t:|1700495203\n|move|p1a: Kuzko|Recover|p1a: Kuzko\n|-heal|p1a: Kuzko|99\/100\n|move|p2a: Clodsire|Amnesia|p2a: Clodsire\n|-boost|p2a: Clodsire|spd|2\n|\n|upkeep\n|turn|124\n|j| mew852\n|\n|t:|1700495211\n|move|p1a: Kuzko|Nasty Plot|p1a: Kuzko\n|-boost|p1a: Kuzko|spa|2\n|move|p2a: Clodsire|Amnesia|p2a: Clodsire\n|-boost|p2a: Clodsire|spd|2\n|\n|upkeep\n|turn|125\n|\n|t:|1700495217\n|move|p1a: Kuzko|Shadow Ball|p2a: Clodsire\n|-damage|p2a: Clodsire|48\/100\n|move|p2a: Clodsire|Spikes||[still]\n|-fail|p2a: Clodsire\n|\n|upkeep\n|turn|126\n|\n|t:|1700495225\n|switch|p1a: Palpatin|Ceruledge, F, shiny|100\/100\n|move|p2a: Clodsire|Spikes||[still]\n|-fail|p2a: Clodsire\n|\n|upkeep\n|turn|127\n|\n|t:|1700495230\n|switch|p2a: Dondozo|Dondozo, M|90\/100\n|move|p1a: Palpatin|Bitter Blade|p2a: Dondozo\n|-resisted|p2a: Dondozo\n|-damage|p2a: Dondozo|80\/100\n|\n|upkeep\n|turn|128\n|\n|t:|1700495245\n|switch|p1a: Thor|Thundurus-Therian, M, shiny|37\/100\n|move|p2a: Dondozo|Waterfall|p1a: Thor\n|-damage|p1a: Thor|0 fnt\n|faint|p1a: Thor\n|\n|upkeep\n|\n|t:|1700495252\n|switch|p1a: Kuzko|Gholdengo, shiny|99\/100\n|-damage|p1a: Kuzko|74\/100|[from] Spikes\n|turn|129\n|\n|t:|1700495262\n|switch|p2a: Amoonguss|Amoonguss, F, shiny|100\/100\n|move|p1a: Kuzko|Nasty Plot|p1a: Kuzko\n|-boost|p1a: Kuzko|spa|2\n|\n|upkeep\n|turn|130\n|\n|t:|1700495269\n|move|p1a: Kuzko|Make It Rain|p2a: Amoonguss\n|-damage|p2a: Amoonguss|0 fnt\n|-unboost|p1a: Kuzko|spa|1\n|faint|p2a: Amoonguss\n|\n|upkeep\n|\n|t:|1700495273\n|switch|p2a: Clodsire|Clodsire, M|48\/100\n|-damage|p2a: Clodsire|42\/100|[from] Stealth Rock\n|-damage|p2a: Clodsire|17\/100|[from] Spikes\n|turn|131\n|\n|t:|1700495279\n|move|p1a: Kuzko|Make It Rain|p2a: Clodsire\n|-damage|p2a: Clodsire|0 fnt\n|-unboost|p1a: Kuzko|spa|1\n|faint|p2a: Clodsire\n|\n|upkeep\n|\n|t:|1700495283\n|switch|p2a: Dondozo|Dondozo, M|80\/100\n|turn|132\n|\n|t:|1700495287\n|move|p1a: Kuzko|Recover|p1a: Kuzko\n|-heal|p1a: Kuzko|100\/100\n|move|p2a: Dondozo|Waterfall|p1a: Kuzko\n|-damage|p1a: Kuzko|81\/100\n|\n|upkeep\n|turn|133\n|c| deneme12|gg kelo\n|inactive|kelo_pario has 120 seconds left.\n|\n|t:|1700495294\n|move|p1a: Kuzko|Nasty Plot|p1a: Kuzko\n|-boost|p1a: Kuzko|spa|2\n|move|p2a: Dondozo|Waterfall|p1a: Kuzko\n|-damage|p1a: Kuzko|62\/100\n|\n|upkeep\n|turn|134\n|c| deneme12|ty for win\n|inactive|kelo_pario has 120 seconds left.\n|\n|t:|1700495304\n|move|p1a: Kuzko|Shadow Ball|p2a: Dondozo\n|-damage|p2a: Dondozo|44\/100\n|-unboost|p2a: Dondozo|spd|1\n|move|p2a: Dondozo|Waterfall|p1a: Kuzko\n|-damage|p1a: Kuzko|43\/100\n|\n|upkeep\n|turn|135\n|\n|t:|1700495311\n|move|p1a: Kuzko|Shadow Ball|p2a: Dondozo\n|-damage|p2a: Dondozo|0 fnt\n|faint|p2a: Dondozo\n|\n|win|kelo_pario\n|raw|kelo_pario's rating: 1622 &rarr; <strong>1643<\/strong><br \/>(+21 for winning)\n|raw|Flamin_snorlax's rating: 1635 &rarr; <strong>1614<\/strong><br \/>(-21 for losing)\n|l|\u2606Flamin_snorlax\n|c|\u2606kelo_pario|g\n|c|\u2606kelo_pario|g\n|c|\u2606kelo_pario|garbage ass mfs dawg\n|c|\u2606kelo_pario|playing super stall\n|c|\u2606kelo_pario|worst way to play\n|c| deneme12|yea\n|c|\u2606kelo_pario|135 turns wtf\n|c|\u2606kelo_pario|how is that even fun\n|c| deneme12|:D\n|l| mew852\n|c| deneme12|yea only 1 game\n|l| yannono3\n|c| deneme12|its so cringe\n|c|\u2606kelo_pario|right\n|l|\u2606kelo_pario\n|l| deneme12\n","uploadtime":1700495321,"views":6,"p1id":"kelopario","p2id":"flaminsnorlax","formatid":"gen9ou","rating":1614,"private":0,"password":""}