{"id":"gen9ou-1992065974","p1":"iBalistaTityTwista","p2":"keykiko","format":"[Gen 9] OU","log":"|j|\u2606iBalistaTityTwista\n|j|\u2606keykiko\n|t:|1700152216\n|gametype|singles\n|player|p1|iBalistaTityTwista|alder|1230\n|player|p2|keykiko|lillie|1305\n|teamsize|p1|6\n|teamsize|p2|6\n|gen|9\n|tier|[Gen 9] OU\n|rated|\n|rule|Sleep Clause Mod: Limit one foe put to sleep\n|rule|Species Clause: Limit one of each Pok\u00e9mon\n|rule|OHKO Clause: OHKO moves are banned\n|rule|Evasion Items Clause: Evasion items are banned\n|rule|Evasion Moves Clause: Evasion moves are banned\n|rule|Endless Battle Clause: Forcing endless battles is banned\n|rule|HP Percentage Mod: HP is shown in percentages\n|clearpoke\n|poke|p1|Wo-Chien|\n|poke|p1|Moltres|\n|poke|p1|Alomomola, M|\n|poke|p1|Great Tusk|\n|poke|p1|Samurott-Hisui, F|\n|poke|p1|Iron Valiant|\n|poke|p2|Gholdengo|\n|poke|p2|Overqwil, M|\n|poke|p2|Great Tusk|\n|poke|p2|Zapdos|\n|poke|p2|Iron Valiant|\n|poke|p2|Ogerpon, F|\n|teampreview\n|inactive|Battle timer is ON: inactive players will automatically lose when time's up. (requested by iBalistaTityTwista)\n|\n|t:|1700152238\n|start\n|switch|p1a: mustachio|Samurott-Hisui, F|100\/100\n|switch|p2a: \u53ef\u7231\u634f|Ogerpon, F|100\/100\n|turn|1\n|c|\u2606iBalistaTityTwista|hey\n|c|\u2606iBalistaTityTwista|watch this\n|c|\u2606iBalistaTityTwista|you're not ready ?!?!\n|c|\u2606iBalistaTityTwista|i have ice spinner\n|inactive|keykiko has 120 seconds left.\n|c|\u2606keykiko|HF\n|\n|t:|1700152280\n|move|p1a: mustachio|Flip Turn|p2a: \u53ef\u7231\u634f\n|-resisted|p2a: \u53ef\u7231\u634f\n|-damage|p2a: \u53ef\u7231\u634f|83\/100\n|c|\u2606iBalistaTityTwista|no!!\n|\n|t:|1700152285\n|switch|p1a: colonel sandbird??|Moltres|100\/100|[from] Flip Turn\n|move|p2a: \u53ef\u7231\u634f|Ivy Cudgel|p1a: colonel sandbird??\n|-resisted|p1a: colonel sandbird??\n|-damage|p1a: colonel sandbird??|86\/100\n|\n|upkeep\n|turn|2\n|inactive|keykiko has 120 seconds left.\n|\n|t:|1700152298\n|switch|p2a: Zapdos|Zapdos|100\/100\n|move|p1a: colonel sandbird??|Will-O-Wisp|p2a: Zapdos\n|-status|p2a: Zapdos|brn\n|\n|-damage|p2a: Zapdos|94\/100 brn|[from] brn\n|upkeep\n|turn|3\n|inactive|keykiko has 120 seconds left.\n|\n|t:|1700152319\n|switch|p1a: grover cleveland|Great Tusk|100\/100\n|switch|p2a: Gholdengo|Gholdengo|100\/100\n|-item|p2a: Gholdengo|Air Balloon\n|\n|upkeep\n|turn|4\n|\n|t:|1700152328\n|-end|p1a: grover cleveland|Protosynthesis|[silent]\n|switch|p1a: LIVE WOCHIEN REACT|Wo-Chien|100\/100\n|-ability|p1a: LIVE WOCHIEN REACT|Tablets of Ruin\n|move|p2a: Gholdengo|Make It Rain|p1a: LIVE WOCHIEN REACT\n|-damage|p1a: LIVE WOCHIEN REACT|62\/100\n|-unboost|p2a: Gholdengo|spa|1\n|\n|upkeep\n|turn|5\n|\n|t:|1700152347\n|switch|p2a: Zapdos|Zapdos|94\/100 brn\n|move|p1a: LIVE WOCHIEN REACT|Dark Pulse|p2a: Zapdos\n|-damage|p2a: Zapdos|29\/100 brn\n|\n|-damage|p2a: Zapdos|23\/100 brn|[from] brn\n|upkeep\n|turn|6\n|c|\u2606keykiko|wow\n|\n|t:|1700152366\n|switch|p1a: mustachio|Samurott-Hisui, F|100\/100\n|move|p2a: Zapdos|Thunder Wave|p1a: mustachio\n|-status|p1a: mustachio|par\n|\n|-damage|p2a: Zapdos|16\/100 brn|[from] brn\n|upkeep\n|turn|7\n|c|\u2606iBalistaTityTwista|i'm gonna kill you man!!!\n|\n|t:|1700152372\n|move|p1a: mustachio|Ceaseless Edge|p2a: Zapdos\n|-damage|p2a: Zapdos|0 fnt\n|-sidestart|p2: keykiko|Spikes\n|faint|p2a: Zapdos\n|\n|upkeep\n|c|\u2606keykiko|(\n|inactive|keykiko has 90 seconds left.\n|\n|t:|1700152397\n|switch|p2a: Great Tusk|Great Tusk|100\/100\n|-damage|p2a: Great Tusk|88\/100|[from] Spikes\n|turn|8\n|\n|t:|1700152405\n|switch|p1a: colonel sandbird??|Moltres|86\/100\n|move|p2a: Great Tusk|Stealth Rock|p1a: colonel sandbird??\n|-sidestart|p1: iBalistaTityTwista|move: Stealth Rock\n|\n|-heal|p2a: Great Tusk|94\/100|[from] item: Leftovers\n|upkeep\n|turn|9\n|\n|t:|1700152410\n|move|p2a: Great Tusk|Knock Off|p1a: colonel sandbird??\n|-damage|p1a: colonel sandbird??|50\/100\n|-status|p2a: Great Tusk|brn|[from] ability: Flame Body|[of] p1a: colonel sandbird??\n|-enditem|p1a: colonel sandbird??|Heavy-Duty Boots|[from] move: Knock Off|[of] p2a: Great Tusk\n|move|p1a: colonel sandbird??|Flamethrower|p2a: Great Tusk\n|-damage|p2a: Great Tusk|48\/100 brn\n|\n|-heal|p2a: Great Tusk|54\/100 brn|[from] item: Leftovers\n|-damage|p2a: Great Tusk|48\/100 brn|[from] brn\n|upkeep\n|turn|10\n|\n|t:|1700152418\n|move|p2a: Great Tusk|Rapid Spin|p1a: colonel sandbird??\n|-damage|p1a: colonel sandbird??|42\/100\n|-boost|p2a: Great Tusk|spe|1\n|-sideend|p2: keykiko|Spikes|[from] move: Rapid Spin|[of] p2a: Great Tusk\n|move|p1a: colonel sandbird??|Roost|p1a: colonel sandbird??\n|-heal|p1a: colonel sandbird??|92\/100\n|-singleturn|p1a: colonel sandbird??|move: Roost\n|\n|-heal|p2a: Great Tusk|54\/100 brn|[from] item: Leftovers\n|-damage|p2a: Great Tusk|48\/100 brn|[from] brn\n|upkeep\n|turn|11\n|\n|t:|1700152428\n|-end|p2a: Great Tusk|Protosynthesis|[silent]\n|switch|p2a: Overqwil|Overqwil, M|100\/100\n|-ability|p2a: Overqwil|Intimidate|boost\n|-unboost|p1a: colonel sandbird??|atk|1\n|move|p1a: colonel sandbird??|U-turn|p2a: Overqwil\n|-damage|p2a: Overqwil|90\/100\n|\n|t:|1700152430\n|switch|p1a: grover cleveland|Great Tusk|100\/100|[from] U-turn\n|\n|upkeep\n|turn|12\n|inactive|keykiko has 120 seconds left.\n|\n|t:|1700152446\n|-terastallize|p2a: Overqwil|Water\n|move|p1a: grover cleveland|Ice Spinner|p2a: Overqwil\n|-resisted|p2a: Overqwil\n|-damage|p2a: Overqwil|73\/100\n|move|p2a: Overqwil|Crunch|p1a: grover cleveland\n|-resisted|p1a: grover cleveland\n|-damage|p1a: grover cleveland|86\/100\n|\n|upkeep\n|turn|13\n|\n|t:|1700152457\n|move|p1a: grover cleveland|Rapid Spin|p2a: Overqwil\n|-damage|p2a: Overqwil|54\/100\n|-boost|p1a: grover cleveland|spe|1\n|-sideend|p1: iBalistaTityTwista|Stealth Rock|[from] move: Rapid Spin|[of] p1a: grover cleveland\n|move|p2a: Overqwil|Liquidation|p1a: grover cleveland\n|-supereffective|p1a: grover cleveland\n|-damage|p1a: grover cleveland|21\/100\n|\n|upkeep\n|turn|14\n|\n|t:|1700152460\n|-end|p1a: grover cleveland|Protosynthesis|[silent]\n|switch|p1a: fat fuck|Alomomola, M|100\/100\n|move|p2a: Overqwil|Aqua Jet|p1a: fat fuck\n|-resisted|p1a: fat fuck\n|-damage|p1a: fat fuck|95\/100\n|\n|upkeep\n|turn|15\n|inactive|keykiko has 120 seconds left.\n|\n|t:|1700152480\n|switch|p2a: Great Tusk|Great Tusk|48\/100 brn\n|move|p1a: fat fuck|Wish|p1a: fat fuck\n|\n|-heal|p2a: Great Tusk|54\/100 brn|[from] item: Leftovers\n|-damage|p2a: Great Tusk|48\/100 brn|[from] brn\n|upkeep\n|turn|16\n|\n|t:|1700152489\n|move|p2a: Great Tusk|Stealth Rock|p1a: fat fuck\n|-sidestart|p1: iBalistaTityTwista|move: Stealth Rock\n|move|p1a: fat fuck|Flip Turn|p2a: Great Tusk\n|-supereffective|p2a: Great Tusk\n|-damage|p2a: Great Tusk|25\/100 brn\n|\n|t:|1700152491\n|switch|p1a: grover cleveland|Great Tusk|21\/100|[from] Flip Turn\n|\n|-heal|p1a: grover cleveland|93\/100|[from] move: Wish|[wisher] fat fuck\n|-heal|p2a: Great Tusk|31\/100 brn|[from] item: Leftovers\n|-damage|p2a: Great Tusk|25\/100 brn|[from] brn\n|upkeep\n|turn|17\n|\n|t:|1700152495\n|-end|p2a: Great Tusk|Protosynthesis|[silent]\n|switch|p2a: Gholdengo|Gholdengo|100\/100\n|-item|p2a: Gholdengo|Air Balloon\n|move|p1a: grover cleveland|Rapid Spin|p2a: Gholdengo\n|-immune|p2a: Gholdengo\n|\n|upkeep\n|turn|18\n|\n|t:|1700152502\n|move|p1a: grover cleveland|Ice Spinner|p2a: Gholdengo\n|-resisted|p2a: Gholdengo\n|-damage|p2a: Gholdengo|90\/100\n|-enditem|p2a: Gholdengo|Air Balloon\n|move|p2a: Gholdengo|Nasty Plot|p2a: Gholdengo\n|-boost|p2a: Gholdengo|spa|2\n|\n|upkeep\n|turn|19\n|\n|t:|1700152515\n|switch|p2a: Great Tusk|Great Tusk|25\/100 brn\n|move|p1a: grover cleveland|Headlong Rush|p2a: Great Tusk\n|-damage|p2a: Great Tusk|0 fnt\n|-unboost|p1a: grover cleveland|def|1\n|-unboost|p1a: grover cleveland|spd|1\n|faint|p2a: Great Tusk\n|-end|p2a: Great Tusk|Protosynthesis|[silent]\n|\n|upkeep\n|\n|t:|1700152519\n|switch|p2a: Iron Valiant|Iron Valiant|100\/100\n|-enditem|p2a: Iron Valiant|Booster Energy\n|-activate|p2a: Iron Valiant|ability: Quark Drive|[fromitem]\n|-start|p2a: Iron Valiant|quarkdrivespe\n|turn|20\n|\n|t:|1700152528\n|-end|p1a: grover cleveland|Protosynthesis|[silent]\n|switch|p1a: mustachio|Samurott-Hisui, F|100\/100 par\n|-damage|p1a: mustachio|88\/100 par|[from] Stealth Rock\n|move|p2a: Iron Valiant|Moonblast|p1a: mustachio\n|-supereffective|p1a: mustachio\n|-damage|p1a: mustachio|0 fnt\n|faint|p1a: mustachio\n|\n|upkeep\n|\n|t:|1700152533\n|switch|p1a: grover cleveland|Great Tusk|93\/100\n|turn|21\n|\n|t:|1700152539\n|-terastallize|p1a: grover cleveland|Steel\n|move|p2a: Iron Valiant|Aura Sphere|p1a: grover cleveland\n|-supereffective|p1a: grover cleveland\n|-damage|p1a: grover cleveland|0 fnt\n|faint|p1a: grover cleveland\n|-end|p1a: grover cleveland|Protosynthesis|[silent]\n|\n|upkeep\n|-message|iBalistaTityTwista forfeited.\n|\n|win|keykiko\n|raw|iBalistaTityTwista's rating: 1230 &rarr; <strong>1210<\/strong><br \/>(-20 for losing)\n|raw|keykiko's rating: 1305 &rarr; <strong>1321<\/strong><br \/>(+16 for winning)\n|l|\u2606iBalistaTityTwista\n|c|\u2606keykiko|gg\n","uploadtime":1700152764,"views":8,"p1id":"ibalistatitytwista","p2id":"keykiko","formatid":"gen9ou","rating":1210,"private":0,"password":""}