{"id":"gen9ou-1996945845","p1":"LucyLikePizza","p2":"Pikalol25","format":"[Gen 9] OU","log":"|j|\u2606LucyLikePizza\n|j|\u2606Pikalol25\n|t:|1700748133\n|gametype|singles\n|player|p1|LucyLikePizza|101|1712\n|player|p2|Pikalol25|tate|1735\n|teamsize|p1|6\n|teamsize|p2|6\n|gen|9\n|tier|[Gen 9] OU\n|rated|\n|rule|Sleep Clause Mod: Limit one foe put to sleep\n|rule|Species Clause: Limit one of each Pok\u00e9mon\n|rule|OHKO Clause: OHKO moves are banned\n|rule|Evasion Items Clause: Evasion items are banned\n|rule|Evasion Moves Clause: Evasion moves are banned\n|rule|Endless Battle Clause: Forcing endless battles is banned\n|rule|HP Percentage Mod: HP is shown in percentages\n|clearpoke\n|poke|p1|Greninja-*, M|\n|poke|p1|Zarude-Dada|\n|poke|p1|Moltres|\n|poke|p1|Great Tusk|\n|poke|p1|Goodra-Hisui, M|\n|poke|p1|Gholdengo|\n|poke|p2|Torkoal, F|\n|poke|p2|Hatterene, F|\n|poke|p2|Walking Wake|\n|poke|p2|Haxorus, F|\n|poke|p2|Scovillain, M|\n|poke|p2|Great Tusk|\n|teampreview\n|inactive|Battle timer is ON: inactive players will automatically lose when time's up. (requested by Pikalol25)\n|c|\u2606Pikalol25|hf\n|\n|t:|1700748154\n|start\n|switch|p1a: Greninja|Greninja, M|100\/100\n|switch|p2a: Sun joint|Torkoal, F|100\/100\n|-weather|SunnyDay|[from] ability: Drought|[of] p2a: Sun joint\n|turn|1\n|c|\u2606LucyLikePizza|U2\n|\n|t:|1700748162\n|switch|p2a: Witch joint|Hatterene, F|100\/100\n|move|p1a: Greninja|U-turn|p2a: Witch joint\n|-start|p1a: Greninja|typechange|Bug|[from] ability: Protean\n|-damage|p2a: Witch joint|64\/100\n|-enditem|p2a: Witch joint|Eject Button\n|\n|t:|1700748168\n|switch|p2a: Habenaro|Scovillain, M|100\/100\n|\n|-weather|SunnyDay|[upkeep]\n|upkeep\n|turn|2\n|\n|t:|1700748173\n|switch|p1a: Goodra|Goodra-Hisui, M|100\/100\n|move|p2a: Habenaro|Flamethrower|p1a: Goodra\n|-damage|p1a: Goodra|63\/100\n|-damage|p2a: Habenaro|91\/100|[from] item: Life Orb\n|\n|-weather|SunnyDay|[upkeep]\n|upkeep\n|turn|3\n|\n|t:|1700748176\n|move|p2a: Habenaro|Flamethrower|p1a: Goodra\n|-damage|p1a: Goodra|26\/100\n|-damage|p2a: Habenaro|81\/100|[from] item: Life Orb\n|move|p1a: Goodra|Draco Meteor|p2a: Habenaro\n|-damage|p2a: Habenaro|0 fnt\n|-unboost|p1a: Goodra|spa|2\n|faint|p2a: Habenaro\n|\n|-weather|SunnyDay|[upkeep]\n|upkeep\n|\n|t:|1700748182\n|switch|p2a: Tuskuthy|Great Tusk|100\/100\n|-activate|p2a: Tuskuthy|ability: Protosynthesis\n|-start|p2a: Tuskuthy|protosynthesisatk\n|turn|4\n|\n|t:|1700748187\n|move|p2a: Tuskuthy|Headlong Rush|p1a: Goodra\n|-supereffective|p1a: Goodra\n|-damage|p1a: Goodra|0 fnt\n|-unboost|p2a: Tuskuthy|def|1\n|-unboost|p2a: Tuskuthy|spd|1\n|-enditem|p2a: Tuskuthy|Eject Pack\n|-ability|p1a: Goodra|Gooey\n|-unboost|p2a: Tuskuthy|spe|1\n|faint|p1a: Goodra\n|\n|t:|1700748189\n|-end|p2a: Tuskuthy|Protosynthesis|[silent]\n|switch|p2a: Siuuuucune|Walking Wake|100\/100\n|-activate|p2a: Siuuuucune|ability: Protosynthesis\n|-start|p2a: Siuuuucune|protosynthesisspe\n|\n|-weather|SunnyDay|[upkeep]\n|upkeep\n|\n|t:|1700748193\n|switch|p1a: Zarude|Zarude-Dada|100\/100\n|turn|5\n|\n|t:|1700748200\n|-terastallize|p1a: Zarude|Fairy\n|move|p2a: Siuuuucune|Flamethrower|p1a: Zarude\n|-damage|p1a: Zarude|42\/100\n|move|p1a: Zarude|Trailblaze|p2a: Siuuuucune\n|-damage|p2a: Siuuuucune|70\/100\n|-boost|p1a: Zarude|spe|1\n|\n|-weather|SunnyDay|[upkeep]\n|-heal|p1a: Zarude|48\/100|[from] item: Leftovers\n|upkeep\n|turn|6\n|\n|t:|1700748208\n|switch|p1a: Moltres|Moltres|100\/100\n|move|p2a: Siuuuucune|Flamethrower|p1a: Moltres\n|-resisted|p1a: Moltres\n|-damage|p1a: Moltres|67\/100\n|\n|-weather|SunnyDay|[upkeep]\n|upkeep\n|turn|7\n|\n|t:|1700748211\n|-end|p2a: Siuuuucune|Protosynthesis|[silent]\n|switch|p2a: Witch joint|Hatterene, F|64\/100\n|move|p1a: Moltres|U-turn|p2a: Witch joint\n|-damage|p2a: Witch joint|52\/100\n|\n|t:|1700748214\n|switch|p1a: Greninja|Greninja, M|100\/100|[from] U-turn\n|\n|-weather|SunnyDay|[upkeep]\n|upkeep\n|turn|8\n|\n|t:|1700748221\n|move|p1a: Greninja|Gunk Shot|p2a: Witch joint\n|-start|p1a: Greninja|typechange|Poison|[from] ability: Protean\n|-supereffective|p2a: Witch joint\n|-damage|p2a: Witch joint|0 fnt\n|faint|p2a: Witch joint\n|\n|-weather|none\n|upkeep\n|\n|t:|1700748227\n|switch|p2a: Sun joint|Torkoal, F|100\/100\n|-weather|SunnyDay|[from] ability: Drought|[of] p2a: Sun joint\n|turn|9\n|\n|t:|1700748230\n|switch|p2a: Tuskuthy|Great Tusk|100\/100\n|-activate|p2a: Tuskuthy|ability: Protosynthesis\n|-start|p2a: Tuskuthy|protosynthesisatk\n|move|p1a: Greninja|Gunk Shot|p2a: Tuskuthy\n|-resisted|p2a: Tuskuthy\n|-damage|p2a: Tuskuthy|74\/100\n|\n|-weather|SunnyDay|[upkeep]\n|upkeep\n|turn|10\n|\n|t:|1700748235\n|switch|p1a: Great Tusk|Great Tusk|100\/100\n|-activate|p1a: Great Tusk|ability: Protosynthesis\n|-start|p1a: Great Tusk|protosynthesisdef\n|move|p2a: Tuskuthy|Close Combat|p1a: Great Tusk\n|-damage|p1a: Great Tusk|72\/100\n|-unboost|p2a: Tuskuthy|def|1\n|-unboost|p2a: Tuskuthy|spd|1\n|-damage|p2a: Tuskuthy|58\/100|[from] item: Rocky Helmet|[of] p1a: Great Tusk\n|\n|-weather|SunnyDay|[upkeep]\n|upkeep\n|turn|11\n|\n|t:|1700748246\n|-end|p2a: Tuskuthy|Protosynthesis|[silent]\n|switch|p2a: Siuuuucune|Walking Wake|70\/100\n|-activate|p2a: Siuuuucune|ability: Protosynthesis\n|-start|p2a: Siuuuucune|protosynthesisspe\n|move|p1a: Great Tusk|Earthquake|p2a: Siuuuucune\n|-damage|p2a: Siuuuucune|23\/100\n|\n|-weather|SunnyDay|[upkeep]\n|upkeep\n|turn|12\n|\n|t:|1700748270\n|-end|p1a: Great Tusk|Protosynthesis|[silent]\n|switch|p1a: Moltres|Moltres|67\/100\n|-terastallize|p2a: Siuuuucune|Water\n|move|p2a: Siuuuucune|Hydro Steam|p1a: Moltres\n|-supereffective|p1a: Moltres\n|-damage|p1a: Moltres|0 fnt\n|faint|p1a: Moltres\n|\n|-weather|SunnyDay|[upkeep]\n|upkeep\n|j| dj naky\n|\n|t:|1700748274\n|switch|p1a: Greninja|Greninja, M|100\/100\n|turn|13\n|\n|t:|1700748276\n|move|p2a: Siuuuucune|Hydro Steam|p1a: Greninja\n|-resisted|p1a: Greninja\n|-damage|p1a: Greninja|6\/100\n|move|p1a: Greninja|U-turn|p2a: Siuuuucune\n|-start|p1a: Greninja|typechange|Bug|[from] ability: Protean\n|-damage|p2a: Siuuuucune|0 fnt\n|faint|p2a: Siuuuucune\n|-end|p2a: Siuuuucune|Protosynthesis|[silent]\n|\n|t:|1700748283\n|switch|p1a: Great Tusk|Great Tusk|72\/100|[from] U-turn\n|-activate|p1a: Great Tusk|ability: Protosynthesis\n|-start|p1a: Great Tusk|protosynthesisdef\n|\n|-weather|SunnyDay|[upkeep]\n|upkeep\n|\n|t:|1700748286\n|switch|p2a: Haxorus|Haxorus, F, shiny|100\/100\n|-ability|p2a: Haxorus|Mold Breaker\n|turn|14\n|\n|t:|1700748293\n|move|p2a: Haxorus|Outrage|p1a: Great Tusk\n|-damage|p1a: Great Tusk|34\/100\n|-damage|p2a: Haxorus|84\/100|[from] item: Rocky Helmet|[of] p1a: Great Tusk\n|move|p1a: Great Tusk|Earthquake|p2a: Haxorus\n|-damage|p2a: Haxorus|31\/100\n|\n|-weather|SunnyDay|[upkeep]\n|upkeep\n|turn|15\n|\n|t:|1700748298\n|move|p2a: Haxorus|Outrage|p1a: Great Tusk|[from]lockedmove\n|-damage|p1a: Great Tusk|0 fnt\n|-damage|p2a: Haxorus|14\/100|[from] item: Rocky Helmet|[of] p1a: Great Tusk\n|faint|p1a: Great Tusk\n|-end|p1a: Great Tusk|Protosynthesis|[silent]\n|\n|-weather|SunnyDay|[upkeep]\n|upkeep\n|\n|t:|1700748303\n|switch|p1a: Zarude|Zarude-Dada, tera:Fairy|48\/100\n|turn|16\n|j| GengartoOU\n|\n|t:|1700748316\n|move|p2a: Haxorus|Outrage|p1a: Zarude|[from]lockedmove\n|-immune|p1a: Zarude\n|-start|p2a: Haxorus|confusion|[fatigue]\n|move|p1a: Zarude|Knock Off|p2a: Haxorus\n|-damage|p2a: Haxorus|0 fnt\n|-enditem|p2a: Haxorus|Choice Band|[from] move: Knock Off|[of] p1a: Zarude\n|faint|p2a: Haxorus\n|\n|-weather|none\n|-heal|p1a: Zarude|54\/100|[from] item: Leftovers\n|upkeep\n|\n|t:|1700748321\n|switch|p2a: Sun joint|Torkoal, F|100\/100\n|-weather|SunnyDay|[from] ability: Drought|[of] p2a: Sun joint\n|turn|17\n|\n|t:|1700748324\n|move|p1a: Zarude|Bulk Up|p1a: Zarude\n|-boost|p1a: Zarude|atk|1\n|-boost|p1a: Zarude|def|1\n|move|p2a: Sun joint|Lava Plume|p1a: Zarude\n|-damage|p1a: Zarude|20\/100\n|\n|-weather|SunnyDay|[upkeep]\n|-heal|p1a: Zarude|26\/100|[from] item: Leftovers\n|upkeep\n|turn|18\n|\n|t:|1700748334\n|move|p1a: Zarude|Knock Off|p2a: Sun joint\n|-damage|p2a: Sun joint|58\/100\n|-enditem|p2a: Sun joint|Heat Rock|[from] move: Knock Off|[of] p1a: Zarude\n|move|p2a: Sun joint|Lava Plume|p1a: Zarude\n|-damage|p1a: Zarude|0 fnt\n|faint|p1a: Zarude\n|\n|-weather|SunnyDay|[upkeep]\n|upkeep\n|\n|t:|1700748337\n|switch|p1a: Greninja|Greninja, M|6\/100\n|turn|19\n|\n|t:|1700748346\n|move|p1a: Greninja|Gunk Shot|p2a: Sun joint\n|-start|p1a: Greninja|typechange|Poison|[from] ability: Protean\n|-damage|p2a: Sun joint|16\/100\n|move|p2a: Sun joint|Lava Plume|p1a: Greninja\n|-damage|p1a: Greninja|0 fnt\n|faint|p1a: Greninja\n|\n|-weather|SunnyDay|[upkeep]\n|upkeep\n|\n|t:|1700748347\n|switch|p1a: Gholdengo|Gholdengo|100\/100\n|turn|20\n|j| one eye ding zhen\n|\n|t:|1700748350\n|move|p1a: Gholdengo|Shadow Ball|p2a: Sun joint\n|-damage|p2a: Sun joint|0 fnt\n|faint|p2a: Sun joint\n|\n|-weather|SunnyDay|[upkeep]\n|upkeep\n|\n|t:|1700748351\n|switch|p2a: Tuskuthy|Great Tusk|58\/100\n|-activate|p2a: Tuskuthy|ability: Protosynthesis\n|-start|p2a: Tuskuthy|protosynthesisatk\n|turn|21\n|\n|t:|1700748355\n|move|p2a: Tuskuthy|Headlong Rush|p1a: Gholdengo\n|-supereffective|p1a: Gholdengo\n|-crit|p1a: Gholdengo\n|-damage|p1a: Gholdengo|0 fnt\n|-unboost|p2a: Tuskuthy|def|1\n|-unboost|p2a: Tuskuthy|spd|1\n|faint|p1a: Gholdengo\n|\n|win|Pikalol25\n|raw|LucyLikePizza's rating: 1712 &rarr; <strong>1693<\/strong><br \/>(-19 for losing)\n|raw|Pikalol25's rating: 1735 &rarr; <strong>1754<\/strong><br \/>(+19 for winning)\n|l| one eye ding zhen\n|c|\u2606Pikalol25|gg\n|l|\u2606Pikalol25\n|j|\u2606Pikalol25\n|player|p2|Pikalol25|tate\n|l| GengartoOU\n|l|\u2606Pikalol25\n|player|p2|\n|l| dj naky\n|l|\u2606LucyLikePizza\n","uploadtime":1700748609,"views":2,"p1id":"lucylikepizza","p2id":"pikalol25","formatid":"gen9ou","rating":1693,"private":0,"password":""}