{"id":"gen9ou-1995611067","p1":"Chaitanya15","p2":"Nitro524","format":"[Gen 9] OU","log":"|j|\u2606Chaitanya15\n|j|\u2606Nitro524\n|t:|1700587344\n|gametype|singles\n|player|p1|Chaitanya15|169|1308\n|player|p2|Nitro524|hilbert|1360\n|teamsize|p1|6\n|teamsize|p2|6\n|gen|9\n|tier|[Gen 9] OU\n|rated|\n|rule|Sleep Clause Mod: Limit one foe put to sleep\n|rule|Species Clause: Limit one of each Pok\u00e9mon\n|rule|OHKO Clause: OHKO moves are banned\n|rule|Evasion Items Clause: Evasion items are banned\n|rule|Evasion Moves Clause: Evasion moves are banned\n|rule|Endless Battle Clause: Forcing endless battles is banned\n|rule|HP Percentage Mod: HP is shown in percentages\n|clearpoke\n|poke|p1|Dragonite, M|\n|poke|p1|Hatterene, F|\n|poke|p1|Greninja-*, M|\n|poke|p1|Rillaboom, F|\n|poke|p1|Iron Moth|\n|poke|p1|Iron Valiant|\n|poke|p2|Samurott-Hisui, M|\n|poke|p2|Ceruledge, M|\n|poke|p2|Iron Valiant|\n|poke|p2|Gholdengo|\n|poke|p2|Landorus-Therian, M|\n|poke|p2|Kingambit, M|\n|teampreview\n|inactive|Battle timer is ON: inactive players will automatically lose when time's up. (requested by Nitro524)\n|j| gnobnoqwfno\n|c|\u2606Nitro524|glhlf\n|l| gnobnoqwfno\n|\n|t:|1700587367\n|start\n|switch|p1a: Rillaboom|Rillaboom, F|100\/100\n|switch|p2a: Masakado|Samurott-Hisui, M, shiny|100\/100\n|-fieldstart|move: Grassy Terrain|[from] ability: Grassy Surge|[of] p1a: Rillaboom\n|-enditem|p1a: Rillaboom|Grassy Seed\n|-boost|p1a: Rillaboom|def|1|[from] item: Grassy Seed\n|turn|1\n|c|\u2606Chaitanya15|same to you\n|inactive|Nitro524 has 120 seconds left.\n|\n|t:|1700587418\n|switch|p2a: Apollo|Ceruledge, M|100\/100\n|move|p1a: Rillaboom|Fake Out|p2a: Apollo\n|-immune|p2a: Apollo\n|\n|upkeep\n|turn|2\n|\n|t:|1700587426\n|move|p1a: Rillaboom|Knock Off|p2a: Apollo\n|-supereffective|p2a: Apollo\n|-damage|p2a: Apollo|13\/100\n|-ability|p2a: Apollo|Weak Armor|boost\n|-unboost|p2a: Apollo|def|1\n|-boost|p2a: Apollo|spe|2\n|-enditem|p2a: Apollo|Focus Sash|[from] move: Knock Off|[of] p1a: Rillaboom\n|move|p2a: Apollo|Swords Dance|p2a: Apollo\n|-boost|p2a: Apollo|atk|2\n|\n|-heal|p2a: Apollo|19\/100|[from] Grassy Terrain\n|upkeep\n|turn|3\n|\n|t:|1700587444\n|move|p1a: Rillaboom|Grassy Glide|p2a: Apollo\n|-resisted|p2a: Apollo\n|-damage|p2a: Apollo|0 fnt\n|faint|p2a: Apollo\n|\n|upkeep\n|inactive|Nitro524 has 90 seconds left.\n|inactive|Nitro524 has 60 seconds left.\n|c|\u2606Nitro524|aaa sorry\n|c|\u2606Nitro524|class\n|\n|t:|1700587497\n|switch|p2a: Lando Calrissian|Landorus-Therian, M|100\/100\n|-ability|p2a: Lando Calrissian|Intimidate|boost\n|-unboost|p1a: Rillaboom|atk|1\n|turn|4\n|inactive|Nitro524 has 60 seconds left.\n|\n|t:|1700587503\n|move|p1a: Rillaboom|Knock Off|p2a: Lando Calrissian\n|-damage|p2a: Lando Calrissian|86\/100\n|-damage|p1a: Rillaboom|84\/100|[from] item: Rocky Helmet|[of] p2a: Lando Calrissian\n|-enditem|p2a: Lando Calrissian|Rocky Helmet|[from] move: Knock Off|[of] p1a: Rillaboom\n|move|p2a: Lando Calrissian|Stealth Rock|p1a: Rillaboom\n|-sidestart|p1: Chaitanya15|move: Stealth Rock\n|\n|-heal|p1a: Rillaboom|90\/100|[from] Grassy Terrain\n|upkeep\n|turn|5\n|\n|t:|1700587521\n|switch|p1a: Greninja|Greninja, M|100\/100\n|-damage|p1a: Greninja|88\/100|[from] Stealth Rock\n|move|p2a: Lando Calrissian|U-turn|p1a: Greninja\n|-supereffective|p1a: Greninja\n|-damage|p1a: Greninja|13\/100\n|\n|t:|1700587535\n|switch|p2a: Fembot|Iron Valiant|100\/100|[from] U-turn\n|-enditem|p2a: Fembot|Booster Energy\n|-activate|p2a: Fembot|ability: Quark Drive|[fromitem]\n|-start|p2a: Fembot|quarkdrivespe\n|\n|-heal|p1a: Greninja|19\/100|[from] Grassy Terrain\n|-fieldend|move: Grassy Terrain\n|upkeep\n|turn|6\n|\n|t:|1700587544\n|move|p2a: Fembot|Moonblast|p1a: Greninja\n|-supereffective|p1a: Greninja\n|-damage|p1a: Greninja|0 fnt\n|faint|p1a: Greninja\n|\n|upkeep\n|\n|t:|1700587551\n|switch|p1a: Iron Moth|Iron Moth|100\/100\n|-damage|p1a: Iron Moth|76\/100|[from] Stealth Rock\n|-enditem|p1a: Iron Moth|Booster Energy\n|-activate|p1a: Iron Moth|ability: Quark Drive|[fromitem]\n|-start|p1a: Iron Moth|quarkdrivespa\n|turn|7\n|\n|t:|1700587556\n|move|p2a: Fembot|Psyshock|p1a: Iron Moth\n|-supereffective|p1a: Iron Moth\n|-damage|p1a: Iron Moth|0 fnt\n|faint|p1a: Iron Moth\n|-end|p1a: Iron Moth|Quark Drive|[silent]\n|\n|upkeep\n|\n|t:|1700587571\n|switch|p1a: Rillaboom|Rillaboom, F|90\/100\n|-damage|p1a: Rillaboom|78\/100|[from] Stealth Rock\n|-fieldstart|move: Grassy Terrain|[from] ability: Grassy Surge|[of] p1a: Rillaboom\n|turn|8\n|inactive|Nitro524 has 90 seconds left.\n|\n|t:|1700587585\n|move|p1a: Rillaboom|Fake Out|p2a: Fembot\n|-damage|p2a: Fembot|84\/100\n|cant|p2a: Fembot|flinch\n|\n|-heal|p2a: Fembot|90\/100|[from] Grassy Terrain\n|-heal|p1a: Rillaboom|84\/100|[from] Grassy Terrain\n|upkeep\n|turn|9\n|\n|t:|1700587593\n|move|p2a: Fembot|Moonblast|p1a: Rillaboom\n|-damage|p1a: Rillaboom|27\/100\n|move|p1a: Rillaboom|Acrobatics|p2a: Fembot\n|-supereffective|p2a: Fembot\n|-damage|p2a: Fembot|0 fnt\n|faint|p2a: Fembot\n|-end|p2a: Fembot|Quark Drive|[silent]\n|\n|-heal|p1a: Rillaboom|33\/100|[from] Grassy Terrain\n|upkeep\n|c|\u2606Nitro524|that's one hell of a set\n|inactive|Nitro524 has 90 seconds left.\n|c|\u2606Chaitanya15|thanks\n|\n|t:|1700587611\n|switch|p2a: Lando Calrissian|Landorus-Therian, M|86\/100\n|-ability|p2a: Lando Calrissian|Intimidate|boost\n|-unboost|p1a: Rillaboom|atk|1\n|turn|10\n|\n|t:|1700587619\n|move|p1a: Rillaboom|Grassy Glide|p2a: Lando Calrissian\n|-damage|p2a: Lando Calrissian|71\/100\n|move|p2a: Lando Calrissian|U-turn|p1a: Rillaboom\n|-supereffective|p1a: Rillaboom\n|-crit|p1a: Rillaboom\n|-damage|p1a: Rillaboom|0 fnt\n|faint|p1a: Rillaboom\n|c|\u2606Nitro524|ofc\n|c|\u2606Nitro524|i might run it myself\n|\n|t:|1700587627\n|switch|p2a: Masakado|Samurott-Hisui, M, shiny|100\/100|[from] U-turn\n|\n|upkeep\n|\n|t:|1700587631\n|switch|p1a: Hatterene|Hatterene, F|100\/100\n|-damage|p1a: Hatterene|88\/100|[from] Stealth Rock\n|turn|11\n|inactive|Nitro524 has 90 seconds left.\n|\n|t:|1700587653\n|move|p2a: Masakado|Ceaseless Edge|p1a: Hatterene\n|-damage|p1a: Hatterene|36\/100\n|-sidestart|p1: Chaitanya15|Spikes\n|move|p1a: Hatterene|Calm Mind|p1a: Hatterene\n|-boost|p1a: Hatterene|spa|1\n|-boost|p1a: Hatterene|spd|1\n|\n|-heal|p1a: Hatterene|42\/100|[from] Grassy Terrain\n|-heal|p1a: Hatterene|48\/100|[from] item: Leftovers\n|upkeep\n|turn|12\n|\n|t:|1700587661\n|move|p2a: Masakado|Ceaseless Edge|p1a: Hatterene\n|-damage|p1a: Hatterene|0 fnt\n|-sidestart|p1: Chaitanya15|Spikes\n|faint|p1a: Hatterene\n|\n|-fieldend|move: Grassy Terrain\n|upkeep\n|\n|t:|1700587668\n|switch|p1a: Iron Valiant|Iron Valiant|100\/100\n|-damage|p1a: Iron Valiant|94\/100|[from] Stealth Rock\n|-damage|p1a: Iron Valiant|78\/100|[from] Spikes\n|turn|13\n|\n|t:|1700587680\n|move|p1a: Iron Valiant|Close Combat|p2a: Masakado\n|-supereffective|p2a: Masakado\n|-enditem|p2a: Masakado|Focus Sash\n|-damage|p2a: Masakado|1\/100\n|-unboost|p1a: Iron Valiant|def|1\n|-unboost|p1a: Iron Valiant|spd|1\n|-damage|p1a: Iron Valiant|68\/100|[from] item: Life Orb\n|move|p2a: Masakado|Razor Shell|p1a: Iron Valiant\n|-damage|p1a: Iron Valiant|0 fnt\n|faint|p1a: Iron Valiant\n|-end|p1a: Iron Valiant|Quark Drive|[silent]\n|\n|upkeep\n|c|\u2606Nitro524|gg\n|\n|t:|1700587692\n|switch|p1a: Dragonite|Dragonite, M|100\/100\n|turn|14\n|\n|t:|1700587697\n|move|p2a: Masakado|Aqua Jet|p1a: Dragonite\n|-resisted|p1a: Dragonite\n|-damage|p1a: Dragonite|96\/100\n|move|p1a: Dragonite|Dragon Dance|p1a: Dragonite\n|-boost|p1a: Dragonite|atk|1\n|-boost|p1a: Dragonite|spe|1\n|\n|upkeep\n|turn|15\n|\n|t:|1700587704\n|move|p1a: Dragonite|Extreme Speed|p2a: Masakado\n|-damage|p2a: Masakado|0 fnt\n|faint|p2a: Masakado\n|\n|upkeep\n|\n|t:|1700587707\n|switch|p2a: Lando Calrissian|Landorus-Therian, M|71\/100\n|-ability|p2a: Lando Calrissian|Intimidate|boost\n|-unboost|p1a: Dragonite|atk|1\n|turn|16\n|\n|t:|1700587715\n|-terastallize|p1a: Dragonite|Normal\n|move|p1a: Dragonite|Dragon Dance|p1a: Dragonite\n|-boost|p1a: Dragonite|atk|1\n|-boost|p1a: Dragonite|spe|1\n|move|p2a: Lando Calrissian|U-turn|p1a: Dragonite\n|-damage|p1a: Dragonite|73\/100\n|\n|t:|1700587719\n|switch|p2a: Prince|Gholdengo|100\/100|[from] U-turn\n|\n|upkeep\n|turn|17\n|\n|t:|1700587730\n|move|p1a: Dragonite|Roost|p1a: Dragonite\n|-heal|p1a: Dragonite|100\/100\n|move|p2a: Prince|Make It Rain|p1a: Dragonite\n|-damage|p1a: Dragonite|73\/100\n|-unboost|p2a: Prince|spa|1\n|\n|upkeep\n|turn|18\n|\n|t:|1700587740\n|move|p1a: Dragonite|Dragon Dance|p1a: Dragonite\n|-boost|p1a: Dragonite|atk|1\n|-boost|p1a: Dragonite|spe|1\n|move|p2a: Prince|Nasty Plot|p2a: Prince\n|-boost|p2a: Prince|spa|2\n|\n|upkeep\n|turn|19\n|\n|t:|1700587755\n|move|p1a: Dragonite|Roost|p1a: Dragonite\n|-heal|p1a: Dragonite|100\/100\n|move|p2a: Prince|Make It Rain|p1a: Dragonite\n|-damage|p1a: Dragonite|60\/100\n|-unboost|p2a: Prince|spa|1\n|\n|upkeep\n|turn|20\n|\n|t:|1700587764\n|move|p1a: Dragonite|Dragon Claw|p2a: Prince\n|-resisted|p2a: Prince\n|-damage|p2a: Prince|69\/100\n|move|p2a: Prince|Nasty Plot|p2a: Prince\n|-boost|p2a: Prince|spa|2\n|\n|upkeep\n|turn|21\n|\n|t:|1700587771\n|move|p1a: Dragonite|Roost|p1a: Dragonite\n|-heal|p1a: Dragonite|100\/100\n|move|p2a: Prince|Recover|p2a: Prince\n|-heal|p2a: Prince|100\/100\n|\n|upkeep\n|turn|22\n|\n|t:|1700587777\n|move|p1a: Dragonite|Dragon Dance|p1a: Dragonite\n|-boost|p1a: Dragonite|atk|1\n|-boost|p1a: Dragonite|spe|1\n|move|p2a: Prince|Nasty Plot|p2a: Prince\n|-boost|p2a: Prince|spa|2\n|\n|upkeep\n|turn|23\n|\n|t:|1700587794\n|move|p1a: Dragonite|Dragon Claw|p2a: Prince\n|-resisted|p2a: Prince\n|-damage|p2a: Prince|64\/100\n|move|p2a: Prince|Make It Rain|p1a: Dragonite\n|-damage|p1a: Dragonite|22\/100\n|-unboost|p2a: Prince|spa|1\n|\n|upkeep\n|turn|24\n|c|\u2606Nitro524|gg wp\n|\n|t:|1700587804\n|move|p1a: Dragonite|Dragon Claw|p2a: Prince\n|-resisted|p2a: Prince\n|-damage|p2a: Prince|27\/100\n|move|p2a: Prince|Make It Rain|p1a: Dragonite\n|-damage|p1a: Dragonite|0 fnt\n|-unboost|p2a: Prince|spa|1\n|faint|p1a: Dragonite\n|\n|win|Nitro524\n|raw|Chaitanya15's rating: 1308 &rarr; <strong>1289<\/strong><br \/>(-19 for losing)\n|raw|Nitro524's rating: 1334 &rarr; <strong>1353<\/strong><br \/>(+19 for winning)\n","uploadtime":1700587808,"views":6,"p1id":"chaitanya15","p2id":"nitro524","formatid":"gen9ou","rating":1289,"private":0,"password":""}