{"id":"gen9ou-1993546769","p1":"natcentre","p2":"cash999","format":"[Gen 9] OU","log":"|j|\u2606natcentre\n|j|\u2606cash999\n|t:|1700330338\n|gametype|singles\n|player|p1|natcentre|102|\n|player|p2|cash999|cynthia-masters|\n|teamsize|p1|6\n|teamsize|p2|6\n|gen|9\n|tier|[Gen 9] OU\n|rule|Sleep Clause Mod: Limit one foe put to sleep\n|rule|Species Clause: Limit one of each Pok\u00e9mon\n|rule|OHKO Clause: OHKO moves are banned\n|rule|Evasion Items Clause: Evasion items are banned\n|rule|Evasion Moves Clause: Evasion moves are banned\n|rule|Endless Battle Clause: Forcing endless battles is banned\n|rule|HP Percentage Mod: HP is shown in percentages\n|clearpoke\n|poke|p1|Tatsugiri, M|\n|poke|p1|Dondozo, M|\n|poke|p1|Phanpy, M|\n|poke|p1|Amoonguss, F|\n|poke|p1|Glimmora, F|\n|poke|p1|Arcanine-Hisui, M|\n|poke|p2|Torkoal, M|\n|poke|p2|Torterra, F|\n|poke|p2|Polteageist|\n|poke|p2|Cloyster, M|\n|poke|p2|Drednaw, F|\n|poke|p2|Magcargo, M|\n|teampreview\n|j| cersar\n|c|\u2606cash999|glhf\n|c|\u2606natcentre|u2\n|l| cersar\n|c|\u2606natcentre|this team is a complete meme\n|c|\u2606natcentre|so have fun\n|c|\u2606cash999|mine is very memey too lmao\n|\n|t:|1700330380\n|start\n|switch|p1a: The Greatest|Phanpy, M|100\/100\n|switch|p2a: Magcargo|Magcargo, M|100\/100\n|turn|1\n|\n|t:|1700330390\n|switch|p1a: All That Glitters|Glimmora, F|100\/100\n|move|p2a: Magcargo|Stealth Rock|p1a: All That Glitters\n|-sidestart|p1: natcentre|move: Stealth Rock\n|\n|upkeep\n|turn|2\n|\n|t:|1700330394\n|move|p1a: All That Glitters|Earth Power|p2a: Magcargo\n|-supereffective|p2a: Magcargo\n|-enditem|p2a: Magcargo|Focus Sash\n|-damage|p2a: Magcargo|1\/100\n|move|p2a: Magcargo|Memento|p1a: All That Glitters\n|-unboost|p1a: All That Glitters|atk|2\n|-unboost|p1a: All That Glitters|spa|2\n|faint|p2a: Magcargo\n|\n|upkeep\n|c|\u2606natcentre|thing is, i dont know how to build ou teams\n|\n|t:|1700330423\n|switch|p2a: Polteageist|Polteageist|100\/100\n|turn|3\n|c|\u2606natcentre|so i also dont really know how to build memey ou teams\n|c|\u2606cash999|ahh\n|c|\u2606cash999|well the phanpy automatically makes it great\n|c|\u2606natcentre|i mean yeah\n|\n|t:|1700330454\n|move|p1a: All That Glitters|Mortal Spin|p2a: Polteageist\n|-resisted|p2a: Polteageist\n|-damage|p2a: Polteageist|98\/100\n|-status|p2a: Polteageist|psn\n|-ability|p2a: Polteageist|Weak Armor|boost\n|-unboost|p2a: Polteageist|def|1\n|-boost|p2a: Polteageist|spe|2\n|-sideend|p1: natcentre|Stealth Rock|[from] move: Mortal Spin|[of] p1a: All That Glitters\n|move|p2a: Polteageist|Shell Smash|p2a: Polteageist\n|-unboost|p2a: Polteageist|def|1\n|-unboost|p2a: Polteageist|spd|1\n|-boost|p2a: Polteageist|atk|2\n|-boost|p2a: Polteageist|spa|2\n|-boost|p2a: Polteageist|spe|2\n|\n|-damage|p2a: Polteageist|86\/100 psn|[from] psn\n|upkeep\n|turn|4\n|c|\u2606natcentre|phanpy is the best\n|\n|t:|1700330497\n|switch|p1a: Home Alone|Tatsugiri, M|100\/100\n|move|p2a: Polteageist|Stored Power|p1a: Home Alone\n|-crit|p1a: Home Alone\n|-damage|p1a: Home Alone|0 fnt\n|faint|p1a: Home Alone\n|\n|-damage|p2a: Polteageist|73\/100 psn|[from] psn\n|upkeep\n|\n|t:|1700330502\n|switch|p1a: Boris Johnson|Dondozo, M|100\/100\n|turn|5\n|\n|t:|1700330512\n|move|p2a: Polteageist|Stored Power|p1a: Boris Johnson\n|-damage|p1a: Boris Johnson|57\/100\n|move|p1a: Boris Johnson|Liquidation|p2a: Polteageist\n|-damage|p2a: Polteageist|14\/100 psn\n|-ability|p2a: Polteageist|Weak Armor|boost\n|-unboost|p2a: Polteageist|def|1\n|-boost|p2a: Polteageist|spe|2\n|\n|-heal|p1a: Boris Johnson|63\/100|[from] item: Leftovers\n|-damage|p2a: Polteageist|2\/100 psn|[from] psn\n|upkeep\n|turn|6\n|\n|t:|1700330562\n|move|p2a: Polteageist|Stored Power|p1a: Boris Johnson\n|-damage|p1a: Boris Johnson|11\/100\n|move|p1a: Boris Johnson|Rest|p1a: Boris Johnson\n|-status|p1a: Boris Johnson|slp|[from] move: Rest\n|-heal|p1a: Boris Johnson|100\/100 slp|[silent]\n|\n|-damage|p2a: Polteageist|0 fnt|[from] psn\n|faint|p2a: Polteageist\n|upkeep\n|\n|t:|1700330565\n|switch|p2a: Torkoal|Torkoal, M|100\/100\n|-weather|SunnyDay|[from] ability: Drought|[of] p2a: Torkoal\n|turn|7\n|\n|t:|1700330580\n|switch|p2a: Torterra|Torterra, F|100\/100\n|switch|p1a: Among Us|Amoonguss, F|100\/100\n|\n|-weather|SunnyDay|[upkeep]\n|upkeep\n|turn|8\n|c|\u2606natcentre|wait you can tera in ou?\n|c|\u2606cash999|yeah\n|c|\u2606natcentre|i just realised that lol\n|\n|t:|1700330618\n|-terastallize|p1a: Among Us|Grass\n|move|p2a: Torterra|Shell Smash|p2a: Torterra\n|-unboost|p2a: Torterra|def|1\n|-unboost|p2a: Torterra|spd|1\n|-boost|p2a: Torterra|atk|2\n|-boost|p2a: Torterra|spa|2\n|-boost|p2a: Torterra|spe|2\n|-enditem|p2a: Torterra|White Herb\n|-clearnegativeboost|p2a: Torterra|[silent]\n|move|p1a: Among Us|Leaf Storm|p2a: Torterra\n|-damage|p2a: Torterra|0 fnt\n|-unboost|p1a: Among Us|spa|2\n|faint|p2a: Torterra\n|\n|-weather|SunnyDay|[upkeep]\n|upkeep\n|c|\u2606cash999|dayumm\n|c|\u2606natcentre|specs amoonguss be like\n|c|\u2606cash999|amogus is heat\n|\n|t:|1700330663\n|switch|p2a: Torkoal|Torkoal, M|100\/100\n|turn|9\n|\n|t:|1700330691\n|switch|p1a: All That Glitters|Glimmora, F|100\/100\n|move|p2a: Torkoal|Earth Power|p1a: All That Glitters\n|-supereffective|p1a: All That Glitters\n|-crit|p1a: All That Glitters\n|-enditem|p1a: All That Glitters|Focus Sash\n|-damage|p1a: All That Glitters|1\/100\n|-unboost|p1a: All That Glitters|spd|1\n|\n|-weather|SunnyDay|[upkeep]\n|upkeep\n|turn|10\n|\n|t:|1700330717\n|switch|p2a: Cloyster|Cloyster, M|100\/100\n|move|p1a: All That Glitters|Earth Power|p2a: Cloyster\n|-damage|p2a: Cloyster|9\/100\n|\n|-weather|SunnyDay|[upkeep]\n|upkeep\n|turn|11\n|\n|t:|1700330723\n|move|p1a: All That Glitters|Sludge Wave|p2a: Cloyster\n|-damage|p2a: Cloyster|0 fnt\n|faint|p2a: Cloyster\n|\n|-weather|none\n|upkeep\n|\n|t:|1700330726\n|switch|p2a: Drednaw|Drednaw, F|100\/100\n|turn|12\n|\n|t:|1700330729\n|move|p1a: All That Glitters|Earth Power|p2a: Drednaw\n|-supereffective|p2a: Drednaw\n|-damage|p2a: Drednaw|2\/100\n|move|p2a: Drednaw|Shell Smash|p2a: Drednaw\n|-unboost|p2a: Drednaw|def|1\n|-unboost|p2a: Drednaw|spd|1\n|-boost|p2a: Drednaw|atk|2\n|-boost|p2a: Drednaw|spa|2\n|-boost|p2a: Drednaw|spe|2\n|-enditem|p2a: Drednaw|White Herb\n|-clearnegativeboost|p2a: Drednaw|[silent]\n|\n|upkeep\n|turn|13\n|\n|t:|1700330737\n|move|p2a: Drednaw|Crunch|p1a: All That Glitters\n|-damage|p1a: All That Glitters|0 fnt\n|-activate|p1a: All That Glitters|ability: Toxic Debris\n|-sidestart|p2: cash999|move: Toxic Spikes\n|faint|p1a: All That Glitters\n|\n|upkeep\n|\n|t:|1700330741\n|switch|p1a: Boris Johnson|Dondozo, M|100\/100 slp\n|turn|14\n|c|\u2606cash999|lol this team hard loses to dozo\n|\n|t:|1700330750\n|-terastallize|p2a: Drednaw|Dark\n|move|p2a: Drednaw|Crunch|p1a: Boris Johnson\n|-damage|p1a: Boris Johnson|67\/100 slp\n|cant|p1a: Boris Johnson|slp\n|move|p1a: Boris Johnson|Sleep Talk|p1a: Boris Johnson\n|move|p1a: Boris Johnson|Rest||[from]move: Sleep Talk|[still]\n|-fail|p1a: Boris Johnson\n|\n|-heal|p1a: Boris Johnson|73\/100 slp|[from] item: Leftovers\n|upkeep\n|turn|15\n|c|\u2606natcentre|lol\n|\n|t:|1700330757\n|move|p2a: Drednaw|Crunch|p1a: Boris Johnson\n|-damage|p1a: Boris Johnson|39\/100 slp\n|-unboost|p1a: Boris Johnson|def|1\n|cant|p1a: Boris Johnson|slp\n|move|p1a: Boris Johnson|Sleep Talk|p1a: Boris Johnson\n|move|p1a: Boris Johnson|Rest||[from]move: Sleep Talk|[still]\n|-fail|p1a: Boris Johnson\n|\n|-heal|p1a: Boris Johnson|45\/100 slp|[from] item: Leftovers\n|upkeep\n|turn|16\n|\n|t:|1700330774\n|switch|p1a: Among Us|Amoonguss, F, tera:Grass|100\/100\n|move|p2a: Drednaw|Crunch|p1a: Among Us\n|-damage|p1a: Among Us|0 fnt\n|faint|p1a: Among Us\n|\n|upkeep\n|\n|t:|1700330776\n|switch|p1a: Boris Johnson|Dondozo, M|45\/100 slp\n|turn|17\n|\n|t:|1700330804\n|move|p2a: Drednaw|Crunch|p1a: Boris Johnson\n|-damage|p1a: Boris Johnson|13\/100 slp\n|-curestatus|p1a: Boris Johnson|slp|[msg]\n|move|p1a: Boris Johnson|Liquidation|p2a: Drednaw\n|-damage|p2a: Drednaw|0 fnt\n|faint|p2a: Drednaw\n|\n|-heal|p1a: Boris Johnson|19\/100|[from] item: Leftovers\n|upkeep\n|\n|t:|1700330808\n|switch|p2a: Torkoal|Torkoal, M|100\/100\n|-status|p2a: Torkoal|psn\n|-weather|SunnyDay|[from] ability: Drought|[of] p2a: Torkoal\n|turn|18\n|\n|t:|1700330816\n|move|p2a: Torkoal|Earth Power|p1a: Boris Johnson\n|-damage|p1a: Boris Johnson|4\/100\n|move|p1a: Boris Johnson|Liquidation|p2a: Torkoal\n|-supereffective|p2a: Torkoal\n|-damage|p2a: Torkoal|75\/100 psn\n|\n|-weather|SunnyDay|[upkeep]\n|-heal|p1a: Boris Johnson|11\/100|[from] item: Leftovers\n|-damage|p2a: Torkoal|62\/100 psn|[from] psn\n|upkeep\n|turn|19\n|\n|t:|1700330824\n|move|p2a: Torkoal|Earth Power|p1a: Boris Johnson\n|-damage|p1a: Boris Johnson|0 fnt\n|faint|p1a: Boris Johnson\n|\n|-weather|SunnyDay|[upkeep]\n|-damage|p2a: Torkoal|50\/100 psn|[from] psn\n|upkeep\n|\n|t:|1700330826\n|switch|p1a: The Greatest|Phanpy, M|100\/100\n|turn|20\n|c|\u2606natcentre|time to show this off\n|\n|t:|1700330833\n|move|p1a: The Greatest|Last Resort||[still]\n|-fail|p1a: The Greatest\n|move|p2a: Torkoal|Shell Smash|p2a: Torkoal\n|-unboost|p2a: Torkoal|def|1\n|-unboost|p2a: Torkoal|spd|1\n|-boost|p2a: Torkoal|atk|2\n|-boost|p2a: Torkoal|spa|2\n|-boost|p2a: Torkoal|spe|2\n|-enditem|p2a: Torkoal|White Herb\n|-clearnegativeboost|p2a: Torkoal|[silent]\n|\n|-weather|SunnyDay|[upkeep]\n|-damage|p2a: Torkoal|38\/100 psn|[from] psn\n|upkeep\n|turn|21\n|c|\u2606cash999|oof?\n|c|\u2606natcentre|wait what?!\n|c|\u2606natcentre|i think i've read this move wrong\n|c|\u2606cash999|i think you have to have at least another move\n|c|\u2606natcentre|oh lol im dumb\n|c|\u2606natcentre|gg you win\n|\n|t:|1700330872\n|switch|p1a: Max Capacity|Arcanine-Hisui, M|100\/100\n|move|p2a: Torkoal|Earth Power|p1a: Max Capacity\n|-supereffective|p1a: Max Capacity\n|-damage|p1a: Max Capacity|0 fnt\n|faint|p1a: Max Capacity\n|\n|-weather|SunnyDay|[upkeep]\n|-damage|p2a: Torkoal|25\/100 psn|[from] psn\n|upkeep\n|\n|t:|1700330875\n|switch|p1a: The Greatest|Phanpy, M|100\/100\n|turn|22\n|c|\u2606cash999|that is cool tho\n|\n|t:|1700330890\n|move|p2a: Torkoal|Fire Blast|p1a: The Greatest\n|-damage|p1a: The Greatest|0 fnt\n|faint|p1a: The Greatest\n|\n|win|cash999\n|c|\u2606cash999|ggs\n|c|\u2606cash999|rdy for game 2 whenever\n|c|\u2606cash999|shall i challenge?\n|l|\u2606natcentre\n|j| reddo161\n|l| reddo161\n|j| empoleon9000\n|l| empoleon9000\n|j| empoleon9000\n","uploadtime":1700330897,"views":25,"p1id":"natcentre","p2id":"cash999","formatid":"gen9ou","rating":0,"private":0,"password":""}