{"id":"gen9ou-1992514059","p1":"CrushMeGoodra","p2":"BeardoftheRed","format":"[Gen 9] OU","log":"|j|\u2606CrushMeGoodra\n|j|\u2606BeardoftheRed\n|t:|1700197718\n|gametype|singles\n|player|p1|CrushMeGoodra|poppy|\n|player|p2|BeardoftheRed|170|\n|teamsize|p1|6\n|teamsize|p2|6\n|gen|9\n|tier|[Gen 9] OU\n|rule|Sleep Clause Mod: Limit one foe put to sleep\n|rule|Species Clause: Limit one of each Pok\u00e9mon\n|rule|OHKO Clause: OHKO moves are banned\n|rule|Evasion Items Clause: Evasion items are banned\n|rule|Evasion Moves Clause: Evasion moves are banned\n|rule|Endless Battle Clause: Forcing endless battles is banned\n|rule|HP Percentage Mod: HP is shown in percentages\n|clearpoke\n|poke|p1|Samurott-Hisui, M|\n|poke|p1|Iron Moth|\n|poke|p1|Breloom, M|\n|poke|p1|Sandy Shocks|\n|poke|p1|Espeon, M|\n|poke|p1|Donphan, M|\n|poke|p2|Dragapult, M|\n|poke|p2|Dondozo, M|\n|poke|p2|Gengar, M|\n|poke|p2|Cloyster, F|\n|poke|p2|Kilowattrel, F|\n|poke|p2|Tatsugiri, M|\n|teampreview\n|inactive|Battle timer is ON: inactive players will automatically lose when time's up. (requested by BeardoftheRed)\n|\n|t:|1700197730\n|start\n|switch|p1a: One Piece|Samurott-Hisui, M|100\/100\n|switch|p2a: TimetoSwallow|Dondozo, M|100\/100\n|turn|1\n|\n|t:|1700197738\n|move|p1a: One Piece|Ceaseless Edge|p2a: TimetoSwallow\n|-damage|p2a: TimetoSwallow|82\/100\n|-sidestart|p2: BeardoftheRed|Spikes\n|move|p2a: TimetoSwallow|Body Press|p1a: One Piece\n|-supereffective|p1a: One Piece\n|-crit|p1a: One Piece\n|-damage|p1a: One Piece|0 fnt\n|faint|p1a: One Piece\n|\n|upkeep\n|\n|t:|1700197746\n|switch|p1a: Fun Guy|Breloom, M|100\/100\n|turn|2\n|\n|t:|1700197753\n|move|p1a: Fun Guy|Spore|p2a: TimetoSwallow\n|-status|p2a: TimetoSwallow|slp|[from] move: Spore\n|cant|p2a: TimetoSwallow|slp\n|\n|upkeep\n|turn|3\n|\n|t:|1700197758\n|move|p1a: Fun Guy|Swords Dance|p1a: Fun Guy\n|-boost|p1a: Fun Guy|atk|2\n|cant|p2a: TimetoSwallow|slp\n|move|p2a: TimetoSwallow|Sleep Talk|p2a: TimetoSwallow\n|move|p2a: TimetoSwallow|Rest||[from]move: Sleep Talk|[still]\n|-fail|p2a: TimetoSwallow\n|\n|upkeep\n|turn|4\n|\n|t:|1700197767\n|move|p1a: Fun Guy|Bullet Seed|p2a: TimetoSwallow\n|-supereffective|p2a: TimetoSwallow\n|-crit|p2a: TimetoSwallow\n|-damage|p2a: TimetoSwallow|54\/100 slp\n|-supereffective|p2a: TimetoSwallow\n|-damage|p2a: TimetoSwallow|34\/100 slp\n|-supereffective|p2a: TimetoSwallow\n|-damage|p2a: TimetoSwallow|17\/100 slp\n|-supereffective|p2a: TimetoSwallow\n|-damage|p2a: TimetoSwallow|0 fnt\n|faint|p2a: TimetoSwallow\n|-hitcount|p2: TimetoSwallow|4\n|\n|upkeep\n|\n|t:|1700197780\n|switch|p2a: bringerof2suns|Dragapult, M|100\/100\n|-damage|p2a: bringerof2suns|88\/100|[from] Spikes\n|turn|5\n|\n|t:|1700197792\n|move|p2a: bringerof2suns|Dragon Darts|p1a: Fun Guy\n|-damage|p1a: Fun Guy|44\/100\n|-anim|p2a: bringerof2suns|Dragon Darts|p1a: Fun Guy\n|-damage|p1a: Fun Guy|0 fnt\n|faint|p1a: Fun Guy\n|-damage|p2a: bringerof2suns|78\/100|[from] item: Life Orb\n|\n|upkeep\n|\n|t:|1700197800\n|switch|p1a: The DON|Donphan, M, shiny|100\/100\n|turn|6\n|\n|t:|1700197809\n|move|p2a: bringerof2suns|Phantom Force||[still]\n|-prepare|p2a: bringerof2suns|Phantom Force\n|move|p1a: The DON|Knock Off|p2a: bringerof2suns|[miss]\n|-miss|p1a: The DON|p2a: bringerof2suns\n|\n|upkeep\n|turn|7\n|\n|t:|1700197817\n|move|p2a: bringerof2suns|Phantom Force|p1a: The DON|[from]lockedmove\n|-damage|p1a: The DON|50\/100\n|-damage|p2a: bringerof2suns|69\/100|[from] item: Life Orb\n|move|p1a: The DON|Knock Off|p2a: bringerof2suns\n|-supereffective|p2a: bringerof2suns\n|-damage|p2a: bringerof2suns|0 fnt\n|-enditem|p2a: bringerof2suns|Life Orb|[from] move: Knock Off|[of] p1a: The DON\n|faint|p2a: bringerof2suns\n|\n|upkeep\n|\n|t:|1700197830\n|switch|p2a: TongueofSwallow|Tatsugiri, M|100\/100\n|turn|8\n|\n|t:|1700197851\n|move|p2a: TongueofSwallow|Nasty Plot|p2a: TongueofSwallow\n|-boost|p2a: TongueofSwallow|spa|2\n|move|p1a: The DON|Knock Off|p2a: TongueofSwallow\n|-damage|p2a: TongueofSwallow|39\/100\n|-enditem|p2a: TongueofSwallow|Heavy-Duty Boots|[from] move: Knock Off|[of] p1a: The DON\n|\n|upkeep\n|turn|9\n|\n|t:|1700197859\n|move|p1a: The DON|Ice Shard|p2a: TongueofSwallow\n|-damage|p2a: TongueofSwallow|13\/100\n|move|p2a: TongueofSwallow|Draco Meteor|p1a: The DON\n|-damage|p1a: The DON|0 fnt\n|-unboost|p2a: TongueofSwallow|spa|2\n|faint|p1a: The DON\n|\n|upkeep\n|\n|t:|1700197873\n|switch|p1a: Victory Moth|Iron Moth|100\/100\n|-enditem|p1a: Victory Moth|Booster Energy\n|-activate|p1a: Victory Moth|ability: Quark Drive|[fromitem]\n|-start|p1a: Victory Moth|quarkdrivespe\n|turn|10\n|\n|t:|1700197881\n|move|p1a: Victory Moth|Sludge Wave|p2a: TongueofSwallow\n|-damage|p2a: TongueofSwallow|0 fnt\n|faint|p2a: TongueofSwallow\n|\n|upkeep\n|\n|t:|1700197890\n|switch|p2a: IneedTPforbunghole|Gengar, M|100\/100\n|-damage|p2a: IneedTPforbunghole|88\/100|[from] Spikes\n|turn|11\n|\n|t:|1700197897\n|move|p1a: Victory Moth|Fiery Dance|p2a: IneedTPforbunghole\n|-damage|p2a: IneedTPforbunghole|25\/100\n|-boost|p1a: Victory Moth|spa|1\n|move|p2a: IneedTPforbunghole|Icy Wind|p1a: Victory Moth\n|-resisted|p1a: Victory Moth\n|-damage|p1a: Victory Moth|91\/100\n|-unboost|p1a: Victory Moth|spe|1\n|\n|-heal|p2a: IneedTPforbunghole|31\/100|[from] item: Leftovers\n|upkeep\n|turn|12\n|\n|t:|1700197907\n|move|p2a: IneedTPforbunghole|Thunder|p1a: Victory Moth|[miss]\n|-miss|p2a: IneedTPforbunghole|p1a: Victory Moth\n|move|p1a: Victory Moth|Fiery Dance|p2a: IneedTPforbunghole\n|-damage|p2a: IneedTPforbunghole|0 fnt\n|-boost|p1a: Victory Moth|spa|1\n|faint|p2a: IneedTPforbunghole\n|\n|upkeep\n|\n|t:|1700197916\n|switch|p2a: Clamponyod***|Cloyster, F|100\/100\n|-damage|p2a: Clamponyod***|88\/100|[from] Spikes\n|turn|13\n|\n|t:|1700197932\n|move|p1a: Victory Moth|Fiery Dance|p2a: Clamponyod***\n|-damage|p2a: Clamponyod***|0 fnt\n|-boost|p1a: Victory Moth|spa|1\n|faint|p2a: Clamponyod***\n|\n|upkeep\n|\n|t:|1700197937\n|switch|p2a: Shocky|Kilowattrel, F|100\/100\n|turn|14\n|\n|t:|1700197943\n|-terastallize|p2a: Shocky|Electric\n|move|p2a: Shocky|Thunderbolt|p1a: Victory Moth\n|-damage|p1a: Victory Moth|32\/100\n|move|p1a: Victory Moth|Fiery Dance|p2a: Shocky\n|-damage|p2a: Shocky|0 fnt\n|faint|p2a: Shocky\n|\n|win|CrushMeGoodra\n|l|\u2606CrushMeGoodra\n","uploadtime":1700197951,"views":8,"p1id":"crushmegoodra","p2id":"beardofthered","formatid":"gen9ou","rating":0,"private":0,"password":""}