{"id":"gen9ou-1997024558","p1":"teszting","p2":"southwest road","format":"[Gen 9] OU","log":"|j|\u2606teszting\n|j|\u2606southwest road\n|t:|1700756863\n|gametype|singles\n|player|p1|teszting|acetrainersnowf|1603\n|player|p2|southwest road|lillie-masters2|1509\n|teamsize|p1|6\n|teamsize|p2|6\n|gen|9\n|tier|[Gen 9] OU\n|rated|\n|rule|Sleep Clause Mod: Limit one foe put to sleep\n|rule|Species Clause: Limit one of each Pok\u00e9mon\n|rule|OHKO Clause: OHKO moves are banned\n|rule|Evasion Items Clause: Evasion items are banned\n|rule|Evasion Moves Clause: Evasion moves are banned\n|rule|Endless Battle Clause: Forcing endless battles is banned\n|rule|HP Percentage Mod: HP is shown in percentages\n|clearpoke\n|poke|p1|Great Tusk|\n|poke|p1|Tornadus-Therian, M|\n|poke|p1|Heatran, F|\n|poke|p1|Iron Valiant|\n|poke|p1|Toxapex, M|\n|poke|p1|Landorus-Therian, M|\n|poke|p2|Dragapult, M|\n|poke|p2|Azumarill, M|\n|poke|p2|Samurott-Hisui, M|\n|poke|p2|Zapdos|\n|poke|p2|Iron Treads|\n|poke|p2|Kingambit, F|\n|teampreview\n|inactive|Battle timer is ON: inactive players will automatically lose when time's up. (requested by southwest road)\n|\n|t:|1700756883\n|start\n|switch|p1a: Great Tusk|Great Tusk|100\/100\n|switch|p2a: Zapdos|Zapdos|100\/100\n|turn|1\n|inactive|southwest road has 120 seconds left.\n|\n|t:|1700756918\n|-end|p1a: Great Tusk|Protosynthesis|[silent]\n|switch|p1a: Heatran|Heatran, F|100\/100\n|move|p2a: Zapdos|Hurricane|p1a: Heatran\n|-resisted|p1a: Heatran\n|-damage|p1a: Heatran|85\/100\n|\n|-heal|p1a: Heatran|91\/100|[from] item: Leftovers\n|upkeep\n|turn|2\n|\n|t:|1700756925\n|move|p2a: Zapdos|U-turn|p1a: Heatran\n|-resisted|p1a: Heatran\n|-damage|p1a: Heatran|88\/100\n|\n|t:|1700756928\n|switch|p2a: Azumarill|Azumarill, M|100\/100|[from] U-turn\n|move|p1a: Heatran|Magma Storm|p2a: Azumarill\n|-resisted|p2a: Azumarill\n|-damage|p2a: Azumarill|85\/100\n|-activate|p2a: Azumarill|move: Magma Storm|[of] p1a: Heatran\n|\n|-heal|p1a: Heatran|95\/100|[from] item: Leftovers\n|-damage|p2a: Azumarill|72\/100|[from] move: Magma Storm|[partiallytrapped]\n|upkeep\n|turn|3\n|\n|t:|1700756938\n|move|p1a: Heatran|Protect|p1a: Heatran\n|-singleturn|p1a: Heatran|Protect\n|move|p2a: Azumarill|Knock Off|p1a: Heatran\n|-activate|p1a: Heatran|move: Protect\n|\n|-heal|p1a: Heatran|100\/100|[from] item: Leftovers\n|-damage|p2a: Azumarill|60\/100|[from] move: Magma Storm|[partiallytrapped]\n|upkeep\n|turn|4\n|\n|t:|1700756943\n|switch|p1a: Toxapex|Toxapex, M|100\/100\n|move|p2a: Azumarill|Liquidation|p1a: Toxapex\n|-resisted|p1a: Toxapex\n|-damage|p1a: Toxapex|82\/100\n|\n|-heal|p1a: Toxapex|89\/100|[from] item: Leftovers\n|-end|p2a: Azumarill|Magma Storm|[partiallytrapped]|[silent]\n|upkeep\n|turn|5\n|\n|t:|1700756947\n|move|p2a: Azumarill|Knock Off|p1a: Toxapex\n|-damage|p1a: Toxapex|60\/100\n|-enditem|p1a: Toxapex|Leftovers|[from] move: Knock Off|[of] p2a: Azumarill\n|move|p1a: Toxapex|Toxic Spikes|p2a: Azumarill\n|-sidestart|p2: southwest road|move: Toxic Spikes\n|\n|upkeep\n|turn|6\n|\n|t:|1700756953\n|switch|p2a: Iron Treads|Iron Treads|100\/100\n|move|p1a: Toxapex|Surf|p2a: Iron Treads\n|-supereffective|p2a: Iron Treads\n|-crit|p2a: Iron Treads\n|-damage|p2a: Iron Treads|22\/100\n|\n|upkeep\n|turn|7\n|\n|t:|1700756970\n|switch|p1a: Great Tusk|Great Tusk|100\/100\n|move|p2a: Iron Treads|Rapid Spin|p1a: Great Tusk\n|-damage|p1a: Great Tusk|92\/100\n|-boost|p2a: Iron Treads|spe|1\n|-sideend|p2: southwest road|Toxic Spikes|[from] move: Rapid Spin|[of] p2a: Iron Treads\n|\n|-heal|p1a: Great Tusk|98\/100|[from] item: Leftovers\n|upkeep\n|turn|8\n|\n|t:|1700756973\n|-end|p2a: Iron Treads|Quark Drive|[silent]\n|switch|p2a: Zapdos|Zapdos|100\/100\n|move|p1a: Great Tusk|Stealth Rock|p2a: Zapdos\n|-sidestart|p2: southwest road|move: Stealth Rock\n|\n|-heal|p1a: Great Tusk|100\/100|[from] item: Leftovers\n|upkeep\n|turn|9\n|\n|t:|1700756982\n|-end|p1a: Great Tusk|Protosynthesis|[silent]\n|switch|p1a: Tornadus|Tornadus-Therian, M|100\/100\n|move|p2a: Zapdos|U-turn|p1a: Tornadus\n|-resisted|p1a: Tornadus\n|-damage|p1a: Tornadus|92\/100\n|\n|t:|1700756990\n|switch|p2a: Iron Treads|Iron Treads|22\/100|[from] U-turn\n|-damage|p2a: Iron Treads|19\/100|[from] Stealth Rock\n|\n|upkeep\n|turn|10\n|\n|t:|1700756994\n|move|p1a: Tornadus|Heat Wave|p2a: Iron Treads\n|-supereffective|p2a: Iron Treads\n|-damage|p2a: Iron Treads|0 fnt\n|faint|p2a: Iron Treads\n|-end|p2a: Iron Treads|Quark Drive|[silent]\n|\n|upkeep\n|\n|t:|1700757002\n|switch|p2a: Dragon Dance|Dragapult, M|100\/100\n|-damage|p2a: Dragon Dance|88\/100|[from] Stealth Rock\n|turn|11\n|\n|t:|1700757007\n|-terastallize|p2a: Dragon Dance|Ghost\n|move|p2a: Dragon Dance|Shadow Ball|p1a: Tornadus\n|-crit|p1a: Tornadus\n|-damage|p1a: Tornadus|18\/100\n|move|p1a: Tornadus|Knock Off|p2a: Dragon Dance\n|-supereffective|p2a: Dragon Dance\n|-damage|p2a: Dragon Dance|32\/100\n|-enditem|p2a: Dragon Dance|Choice Specs|[from] move: Knock Off|[of] p1a: Tornadus\n|\n|upkeep\n|turn|12\n|-message|southwest road forfeited.\n|\n|win|teszting\n|raw|teszting's rating: 1603 &rarr; <strong>1618<\/strong><br \/>(+15 for winning)\n|raw|southwest road's rating: 1509 &rarr; <strong>1494<\/strong><br \/>(-15 for losing)\n|l|\u2606southwest road\n","uploadtime":1700757020,"views":1,"p1id":"teszting","p2id":"southwestroad","formatid":"gen9ou","rating":1494,"private":0,"password":""}