{"id":"gen9ou-1988845811","p1":"mummyNSFW","p2":"Doxiw","format":"[Gen 9] OU","log":"|j|\u2606mummyNSFW\n|j|\u2606Doxiw\n|t:|1699772628\n|gametype|singles\n|player|p1|mummyNSFW|cynthia-masters3|1046\n|player|p2|Doxiw|cheren-gen5bw2|1151\n|teamsize|p1|6\n|teamsize|p2|6\n|gen|9\n|tier|[Gen 9] OU\n|rated|\n|rule|Sleep Clause Mod: Limit one foe put to sleep\n|rule|Species Clause: Limit one of each Pok\u00e9mon\n|rule|OHKO Clause: OHKO moves are banned\n|rule|Evasion Items Clause: Evasion items are banned\n|rule|Evasion Moves Clause: Evasion moves are banned\n|rule|Endless Battle Clause: Forcing endless battles is banned\n|rule|HP Percentage Mod: HP is shown in percentages\n|clearpoke\n|poke|p1|Landorus-Therian, M|\n|poke|p1|Rillaboom, M|\n|poke|p1|Iron Moth|\n|poke|p1|Staraptor, F|\n|poke|p1|Hydreigon, M|\n|poke|p1|Rotom-Wash|\n|poke|p2|Ursaluna, M|\n|poke|p2|Zamazenta-*|\n|poke|p2|Torkoal, F|\n|poke|p2|Umbreon, M|\n|poke|p2|Walking Wake|\n|poke|p2|Enamorus, F|\n|teampreview\n|\n|t:|1699772669\n|start\n|switch|p1a: Rotom|Rotom-Wash|100\/100\n|switch|p2a: Dracosteam|Walking Wake|100\/100\n|turn|1\n|\n|t:|1699772675\n|move|p2a: Dracosteam|Draco Meteor|p1a: Rotom\n|-damage|p1a: Rotom|24\/100\n|-unboost|p2a: Dracosteam|spa|2\n|move|p1a: Rotom|Volt Switch|p2a: Dracosteam\n|-damage|p2a: Dracosteam|72\/100\n|\n|t:|1699772687\n|switch|p1a: UUbl|Staraptor, F|100\/100|[from] Volt Switch\n|\n|upkeep\n|turn|2\n|\n|t:|1699772691\n|-end|p2a: Dracosteam|Protosynthesis|[silent]\n|switch|p2a: Torkoal|Torkoal, F|100\/100\n|-weather|SunnyDay|[from] ability: Drought|[of] p2a: Torkoal\n|move|p1a: UUbl|Double-Edge|p2a: Torkoal\n|-damage|p2a: Torkoal|55\/100\n|-damage|p1a: UUbl|84\/100|[from] Recoil\n|\n|-weather|SunnyDay|[upkeep]\n|upkeep\n|turn|3\n|c|\u2606mummyNSFW|we balll\n|\n|t:|1699772715\n|-terastallize|p1a: UUbl|Normal\n|move|p1a: UUbl|Double-Edge|p2a: Torkoal\n|-damage|p2a: Torkoal|1\/100\n|-damage|p1a: UUbl|64\/100|[from] Recoil\n|move|p2a: Torkoal|Stealth Rock|p1a: UUbl\n|-sidestart|p1: mummyNSFW|move: Stealth Rock\n|\n|-weather|SunnyDay|[upkeep]\n|upkeep\n|turn|4\n|\n|t:|1699772723\n|move|p1a: UUbl|Double-Edge|p2a: Torkoal\n|-crit|p2a: Torkoal\n|-damage|p2a: Torkoal|0 fnt\n|faint|p2a: Torkoal\n|-damage|p1a: UUbl|64\/100|[from] Recoil\n|\n|-weather|SunnyDay|[upkeep]\n|upkeep\n|\n|t:|1699772739\n|switch|p2a: Moon Breaker|Ursaluna, M|100\/100\n|turn|5\n|\n|t:|1699772743\n|-terastallize|p2a: Moon Breaker|Ghost\n|move|p1a: UUbl|Double-Edge|p2a: Moon Breaker\n|-immune|p2a: Moon Breaker\n|move|p2a: Moon Breaker|Ice Punch|p1a: UUbl\n|-damage|p1a: UUbl|17\/100\n|\n|-weather|SunnyDay|[upkeep]\n|-status|p2a: Moon Breaker|brn|[from] item: Flame Orb\n|upkeep\n|turn|6\n|c|\u2606mummyNSFW|well\n|\n|t:|1699772757\n|move|p1a: UUbl|Double-Edge|p2a: Moon Breaker\n|-immune|p2a: Moon Breaker\n|move|p2a: Moon Breaker|Ice Punch|p1a: UUbl\n|-damage|p1a: UUbl|0 fnt\n|faint|p1a: UUbl\n|\n|-weather|none\n|-damage|p2a: Moon Breaker|94\/100 brn|[from] brn\n|upkeep\n|\n|t:|1699772765\n|switch|p1a: wiped u|Hydreigon, M|100\/100\n|-damage|p1a: wiped u|88\/100|[from] Stealth Rock\n|turn|7\n|\n|t:|1699772781\n|switch|p2a: Moondark|Umbreon, M, shiny|100\/100\n|move|p1a: wiped u|Dark Pulse|p2a: Moondark\n|-resisted|p2a: Moondark\n|-damage|p2a: Moondark|85\/100\n|\n|-heal|p2a: Moondark|91\/100|[from] item: Leftovers\n|upkeep\n|turn|8\n|\n|t:|1699772792\n|switch|p1a: Rotom|Rotom-Wash|24\/100\n|-damage|p1a: Rotom|12\/100|[from] Stealth Rock\n|move|p2a: Moondark|Toxic|p1a: Rotom\n|-status|p1a: Rotom|tox\n|\n|-heal|p1a: Rotom|18\/100 tox|[from] item: Leftovers\n|-heal|p2a: Moondark|97\/100|[from] item: Leftovers\n|-damage|p1a: Rotom|12\/100 tox|[from] psn\n|upkeep\n|turn|9\n|\n|t:|1699772803\n|move|p1a: Rotom|Will-O-Wisp||[still]\n|-status|p2a: Moondark|brn\n|-activate|p2a: Moondark|ability: Synchronize\n|-fail|p2a: Moondark\n|move|p2a: Moondark|Foul Play|p1a: Rotom\n|-damage|p1a: Rotom|3\/100 tox\n|\n|-heal|p1a: Rotom|9\/100 tox|[from] item: Leftovers\n|-heal|p2a: Moondark|100\/100 brn|[from] item: Leftovers\n|-damage|p1a: Rotom|0 fnt|[from] psn\n|faint|p1a: Rotom\n|-damage|p2a: Moondark|94\/100 brn|[from] brn\n|upkeep\n|\n|t:|1699772816\n|switch|p1a: discount rona|Iron Moth|100\/100\n|-damage|p1a: discount rona|76\/100|[from] Stealth Rock\n|-enditem|p1a: discount rona|Booster Energy\n|-activate|p1a: discount rona|ability: Quark Drive|[fromitem]\n|-start|p1a: discount rona|quarkdrivespe\n|turn|10\n|\n|t:|1699772846\n|move|p1a: discount rona|Fiery Dance|p2a: Moondark\n|-damage|p2a: Moondark|71\/100 brn\n|-boost|p1a: discount rona|spa|1\n|move|p2a: Moondark|Foul Play|p1a: discount rona\n|-damage|p1a: discount rona|61\/100\n|\n|-heal|p2a: Moondark|77\/100 brn|[from] item: Leftovers\n|-damage|p2a: Moondark|71\/100 brn|[from] brn\n|upkeep\n|turn|11\n|\n|t:|1699772855\n|move|p1a: discount rona|Fiery Dance|p2a: Moondark\n|-damage|p2a: Moondark|41\/100 brn\n|-boost|p1a: discount rona|spa|1\n|move|p2a: Moondark|Wish|p2a: Moondark\n|\n|-heal|p2a: Moondark|47\/100 brn|[from] item: Leftovers\n|-damage|p2a: Moondark|41\/100 brn|[from] brn\n|upkeep\n|turn|12\n|\n|t:|1699772864\n|move|p1a: discount rona|Dazzling Gleam|p2a: Moondark\n|-supereffective|p2a: Moondark\n|-damage|p2a: Moondark|0 fnt\n|faint|p2a: Moondark\n|\n|upkeep\n|\n|t:|1699772867\n|switch|p2a: Shield Wolf|Zamazenta|100\/100\n|-ability|p2a: Shield Wolf|Dauntless Shield|boost\n|-boost|p2a: Shield Wolf|def|1\n|turn|13\n|\n|t:|1699772873\n|move|p1a: discount rona|Dazzling Gleam|p2a: Shield Wolf\n|-supereffective|p2a: Shield Wolf\n|-damage|p2a: Shield Wolf|31\/100\n|move|p2a: Shield Wolf|Crunch|p1a: discount rona\n|-damage|p1a: discount rona|20\/100\n|\n|upkeep\n|turn|14\n|\n|t:|1699772881\n|move|p1a: discount rona|Fiery Dance|p2a: Shield Wolf\n|-crit|p2a: Shield Wolf\n|-damage|p2a: Shield Wolf|0 fnt\n|-boost|p1a: discount rona|spa|1\n|faint|p2a: Shield Wolf\n|\n|upkeep\n|\n|t:|1699772888\n|switch|p2a: Dracosteam|Walking Wake|72\/100\n|turn|15\n|\n|t:|1699772892\n|move|p1a: discount rona|Dazzling Gleam|p2a: Dracosteam\n|-supereffective|p2a: Dracosteam\n|-damage|p2a: Dracosteam|0 fnt\n|faint|p2a: Dracosteam\n|-end|p2a: Dracosteam|Protosynthesis|[silent]\n|\n|upkeep\n|\n|t:|1699772894\n|switch|p2a: Enamorus|Enamorus, F|100\/100\n|turn|16\n|\n|t:|1699772898\n|move|p1a: discount rona|Sludge Wave|p2a: Enamorus\n|-supereffective|p2a: Enamorus\n|-damage|p2a: Enamorus|0 fnt\n|faint|p2a: Enamorus\n|\n|upkeep\n|\n|t:|1699772900\n|switch|p2a: Moon Breaker|Ursaluna, M, tera:Ghost|94\/100 brn\n|turn|17\n|c|\u2606Doxiw|gg\n|\n|t:|1699772911\n|move|p1a: discount rona|Sludge Wave|p2a: Moon Breaker\n|-resisted|p2a: Moon Breaker\n|-damage|p2a: Moon Breaker|41\/100 brn\n|move|p2a: Moon Breaker|Facade|p1a: discount rona\n|-damage|p1a: discount rona|0 fnt\n|faint|p1a: discount rona\n|-end|p1a: discount rona|Quark Drive|[silent]\n|\n|-damage|p2a: Moon Breaker|35\/100 brn|[from] brn\n|upkeep\n|\n|t:|1699772919\n|switch|p1a: wiped u|Hydreigon, M|88\/100\n|-damage|p1a: wiped u|76\/100|[from] Stealth Rock\n|turn|18\n|c|\u2606mummyNSFW|gg indeed\n|\n|t:|1699772928\n|move|p1a: wiped u|Dark Pulse|p2a: Moon Breaker\n|-supereffective|p2a: Moon Breaker\n|-damage|p2a: Moon Breaker|0 fnt\n|faint|p2a: Moon Breaker\n|\n|win|mummyNSFW\n|raw|mummyNSFW's rating: 1046 &rarr; <strong>1089<\/strong><br \/>(+43 for winning)\n|raw|Doxiw's rating: 1151 &rarr; <strong>1119<\/strong><br \/>(-32 for losing)\n|c|\u2606Doxiw|I hate that Moth\n|l|\u2606Doxiw\n","uploadtime":1699773444,"views":10,"p1id":"mummynsfw","p2id":"doxiw","formatid":"gen9ou","rating":1089,"private":0,"password":""}