{"id":"gen9ou-1989781008","p1":"Phillip Blevin","p2":"Thinking Charizard","format":"[Gen 9] OU","log":"|j|\u2606Phillip Blevin\n|j|\u2606Thinking Charizard\n|t:|1699895185\n|gametype|singles\n|player|p1|Phillip Blevin|az|1399\n|player|p2|Thinking Charizard|rosa|1450\n|teamsize|p1|6\n|teamsize|p2|6\n|gen|9\n|tier|[Gen 9] OU\n|rated|\n|rule|Sleep Clause Mod: Limit one foe put to sleep\n|rule|Species Clause: Limit one of each Pok\u00e9mon\n|rule|OHKO Clause: OHKO moves are banned\n|rule|Evasion Items Clause: Evasion items are banned\n|rule|Evasion Moves Clause: Evasion moves are banned\n|rule|Endless Battle Clause: Forcing endless battles is banned\n|rule|HP Percentage Mod: HP is shown in percentages\n|clearpoke\n|poke|p1|Gholdengo|\n|poke|p1|Clefable, F|\n|poke|p1|Zapdos|\n|poke|p1|Great Tusk|\n|poke|p1|Samurott-Hisui, M|\n|poke|p1|Ogerpon-Wellspring, F|\n|poke|p2|Zamazenta-*|\n|poke|p2|Glimmora, M|\n|poke|p2|Enamorus, F|\n|poke|p2|Samurott-Hisui, F|\n|poke|p2|Cyclizar, F|\n|poke|p2|Zapdos|\n|teampreview\n|inactive|Battle timer is ON: inactive players will automatically lose when time's up. (requested by Phillip Blevin)\n|\n|t:|1699895190\n|start\n|switch|p1a: Great Tusk|Great Tusk|100\/100\n|switch|p2a: Zapdos|Zapdos|100\/100\n|turn|1\n|\n|t:|1699895196\n|-end|p1a: Great Tusk|Protosynthesis|[silent]\n|switch|p1a: Gholdengo|Gholdengo|100\/100\n|move|p2a: Zapdos|Hurricane|p1a: Gholdengo\n|-resisted|p1a: Gholdengo\n|-damage|p1a: Gholdengo|80\/100\n|\n|-heal|p1a: Gholdengo|86\/100|[from] item: Leftovers\n|upkeep\n|turn|2\n|\n|t:|1699895203\n|move|p2a: Zapdos|Heat Wave|p1a: Gholdengo\n|-supereffective|p1a: Gholdengo\n|-damage|p1a: Gholdengo|36\/100\n|-status|p1a: Gholdengo|brn\n|move|p1a: Gholdengo|Nasty Plot|p1a: Gholdengo\n|-boost|p1a: Gholdengo|spa|2\n|\n|-heal|p1a: Gholdengo|42\/100 brn|[from] item: Leftovers\n|-damage|p1a: Gholdengo|36\/100 brn|[from] brn\n|upkeep\n|turn|3\n|\n|t:|1699895212\n|switch|p1a: Zapdos|Zapdos|100\/100\n|move|p2a: Zapdos|Heat Wave|p1a: Zapdos\n|-damage|p1a: Zapdos|72\/100\n|\n|upkeep\n|turn|4\n|\n|t:|1699895218\n|move|p1a: Zapdos|Thunderbolt|p2a: Zapdos\n|-damage|p2a: Zapdos|52\/100\n|move|p2a: Zapdos|Volt Switch|p1a: Zapdos\n|-damage|p1a: Zapdos|37\/100\n|\n|t:|1699895226\n|switch|p2a: Cyclizar|Cyclizar, F|100\/100|[from] Volt Switch\n|\n|upkeep\n|turn|5\n|\n|t:|1699895231\n|switch|p1a: Gholdengo|Gholdengo|36\/100 brn\n|move|p2a: Cyclizar|Knock Off|p1a: Gholdengo\n|-supereffective|p1a: Gholdengo\n|-damage|p1a: Gholdengo|0 fnt\n|-enditem|p1a: Gholdengo|Leftovers|[from] move: Knock Off|[of] p2a: Cyclizar\n|faint|p1a: Gholdengo\n|\n|upkeep\n|\n|t:|1699895238\n|switch|p1a: Great Tusk|Great Tusk|100\/100\n|turn|6\n|\n|t:|1699895242\n|move|p2a: Cyclizar|U-turn|p1a: Great Tusk\n|-resisted|p1a: Great Tusk\n|-damage|p1a: Great Tusk|95\/100\n|\n|t:|1699895244\n|switch|p2a: Zapdos|Zapdos|52\/100|[from] U-turn\n|move|p1a: Great Tusk|Knock Off|p2a: Zapdos\n|-damage|p2a: Zapdos|22\/100\n|-status|p1a: Great Tusk|par|[from] ability: Static|[of] p2a: Zapdos\n|-enditem|p2a: Zapdos|Heavy-Duty Boots|[from] move: Knock Off|[of] p1a: Great Tusk\n|\n|upkeep\n|turn|7\n|\n|t:|1699895253\n|move|p2a: Zapdos|Hurricane|p1a: Great Tusk\n|-supereffective|p1a: Great Tusk\n|-damage|p1a: Great Tusk|0 fnt\n|faint|p1a: Great Tusk\n|-end|p1a: Great Tusk|Protosynthesis|[silent]\n|\n|upkeep\n|\n|t:|1699895256\n|switch|p1a: Clefable|Clefable, F|100\/100\n|turn|8\n|\n|t:|1699895259\n|move|p2a: Zapdos|Volt Switch|p1a: Clefable\n|-damage|p1a: Clefable|82\/100\n|\n|t:|1699895269\n|switch|p2a: Enamorus|Enamorus, F|100\/100|[from] Volt Switch\n|move|p1a: Clefable|Moonblast|p2a: Enamorus\n|-crit|p2a: Enamorus\n|-damage|p2a: Enamorus|35\/100\n|\n|-heal|p1a: Clefable|88\/100|[from] item: Leftovers\n|upkeep\n|turn|9\n|\n|t:|1699895273\n|move|p2a: Enamorus|Moonblast|p1a: Clefable\n|-damage|p1a: Clefable|39\/100\n|move|p1a: Clefable|Moonblast|p2a: Enamorus\n|-damage|p2a: Enamorus|0 fnt\n|faint|p2a: Enamorus\n|\n|-heal|p1a: Clefable|45\/100|[from] item: Leftovers\n|upkeep\n|\n|t:|1699895291\n|switch|p2a: Samurott|Samurott-Hisui, F|100\/100\n|turn|10\n|\n|t:|1699895294\n|move|p2a: Samurott|Aqua Cutter|p1a: Clefable\n|-damage|p1a: Clefable|0 fnt\n|faint|p1a: Clefable\n|\n|upkeep\n|\n|t:|1699895297\n|switch|p1a: Ogerpon|Ogerpon-Wellspring, F|100\/100\n|turn|11\n|\n|t:|1699895302\n|switch|p2a: Zapdos|Zapdos|22\/100\n|move|p1a: Ogerpon|Swords Dance|p1a: Ogerpon\n|-boost|p1a: Ogerpon|atk|2\n|\n|upkeep\n|turn|12\n|\n|t:|1699895307\n|move|p1a: Ogerpon|Knock Off|p2a: Zapdos\n|-damage|p2a: Zapdos|0 fnt\n|faint|p2a: Zapdos\n|\n|upkeep\n|\n|t:|1699895332\n|switch|p2a: Glimmora|Glimmora, M|100\/100\n|turn|13\n|\n|t:|1699895338\n|move|p1a: Ogerpon|Ivy Cudgel|p2a: Glimmora\n|-supereffective|p2a: Glimmora\n|-enditem|p2a: Glimmora|Focus Sash\n|-damage|p2a: Glimmora|1\/100\n|-activate|p2a: Glimmora|ability: Toxic Debris\n|-sidestart|p1: Phillip Blevin|move: Toxic Spikes\n|move|p2a: Glimmora|Mortal Spin|p1a: Ogerpon\n|-supereffective|p1a: Ogerpon\n|-damage|p1a: Ogerpon|85\/100\n|-status|p1a: Ogerpon|psn\n|\n|-damage|p1a: Ogerpon|72\/100 psn|[from] psn\n|upkeep\n|turn|14\n|\n|t:|1699895350\n|move|p1a: Ogerpon|Ivy Cudgel|p2a: Glimmora\n|-supereffective|p2a: Glimmora\n|-damage|p2a: Glimmora|0 fnt\n|-activate|p2a: Glimmora|ability: Toxic Debris\n|-sidestart|p1: Phillip Blevin|move: Toxic Spikes\n|faint|p2a: Glimmora\n|\n|-damage|p1a: Ogerpon|60\/100 psn|[from] psn\n|upkeep\n|inactive|Thinking Charizard has 120 seconds left.\n|inactive|Thinking Charizard has 90 seconds left.\n|\n|t:|1699895396\n|switch|p2a: Zamazenta|Zamazenta|100\/100\n|-ability|p2a: Zamazenta|Dauntless Shield|boost\n|-boost|p2a: Zamazenta|def|1\n|turn|15\n|\n|t:|1699895405\n|-terastallize|p2a: Zamazenta|Steel\n|move|p2a: Zamazenta|Iron Defense|p2a: Zamazenta\n|-boost|p2a: Zamazenta|def|2\n|move|p1a: Ogerpon|Horn Leech|p2a: Zamazenta\n|-resisted|p2a: Zamazenta\n|-damage|p2a: Zamazenta|88\/100\n|-heal|p1a: Ogerpon|68\/100 psn|[from] drain|[of] p2a: Zamazenta\n|\n|-heal|p2a: Zamazenta|94\/100|[from] item: Leftovers\n|-damage|p1a: Ogerpon|56\/100 psn|[from] psn\n|upkeep\n|turn|16\n|c|\u2606Phillip Blevin|watch this crit\n|inactive|Thinking Charizard has 90 seconds left.\n|c|\u2606Thinking Charizard|would go crazy\n|\n|t:|1699895424\n|move|p2a: Zamazenta|Body Press|p1a: Ogerpon\n|-damage|p1a: Ogerpon|0 fnt\n|faint|p1a: Ogerpon\n|\n|-heal|p2a: Zamazenta|100\/100|[from] item: Leftovers\n|upkeep\n|c|\u2606Phillip Blevin|we'll never know\n|\n|t:|1699895433\n|switch|p1a: Zapdos|Zapdos|37\/100\n|turn|17\n|c|\u2606Thinking Charizard|rip\n|\n|t:|1699895438\n|move|p2a: Zamazenta|Body Press|p1a: Zapdos\n|-resisted|p1a: Zapdos\n|-damage|p1a: Zapdos|0 fnt\n|-status|p2a: Zamazenta|par|[from] ability: Static|[of] p1a: Zapdos\n|faint|p1a: Zapdos\n|\n|upkeep\n|\n|t:|1699895441\n|switch|p1a: Samurott|Samurott-Hisui, M|100\/100\n|-status|p1a: Samurott|tox\n|turn|18\n|\n|t:|1699895446\n|move|p1a: Samurott|Sacred Sword|p2a: Zamazenta\n|-supereffective|p2a: Zamazenta\n|-damage|p2a: Zamazenta|36\/100 par\n|move|p2a: Zamazenta|Body Press|p1a: Samurott\n|-supereffective|p1a: Samurott\n|-damage|p1a: Samurott|0 fnt\n|faint|p1a: Samurott\n|\n|win|Thinking Charizard\n|raw|Phillip Blevin's rating: 1399 &rarr; <strong>1382<\/strong><br \/>(-17 for losing)\n|raw|Thinking Charizard's rating: 1450 &rarr; <strong>1467<\/strong><br \/>(+17 for winning)\n|c|\u2606Phillip Blevin|gg\n|c|\u2606Thinking Charizard|gg\n|l|\u2606Phillip Blevin\n","uploadtime":1699895453,"views":8,"p1id":"phillipblevin","p2id":"thinkingcharizard","formatid":"gen9ou","rating":1382,"private":0,"password":""}