{"id":"gen9ou-1992337025","p1":"Billythekid95","p2":"outdated ahh team","format":"[Gen 9] OU","log":"|j|\u2606Billythekid95\n|j|\u2606outdated ahh team\n|t:|1700176089\n|gametype|singles\n|player|p1|Billythekid95|1|1562\n|player|p2|outdated ahh team|falkner-gen2|1564\n|teamsize|p1|6\n|teamsize|p2|6\n|gen|9\n|tier|[Gen 9] OU\n|rated|\n|rule|Sleep Clause Mod: Limit one foe put to sleep\n|rule|Species Clause: Limit one of each Pok\u00e9mon\n|rule|OHKO Clause: OHKO moves are banned\n|rule|Evasion Items Clause: Evasion items are banned\n|rule|Evasion Moves Clause: Evasion moves are banned\n|rule|Endless Battle Clause: Forcing endless battles is banned\n|rule|HP Percentage Mod: HP is shown in percentages\n|clearpoke\n|poke|p1|Weavile, F|\n|poke|p1|Garchomp, M|\n|poke|p1|Tsareena, F|\n|poke|p1|Iron Moth|\n|poke|p1|Iron Valiant|\n|poke|p1|Rotom-Wash|\n|poke|p2|Kingambit, M|\n|poke|p2|Ogerpon-Wellspring, F|\n|poke|p2|Hoopa-Unbound|\n|poke|p2|Iron Valiant|\n|poke|p2|Arcanine-Hisui, F|\n|poke|p2|Great Tusk|\n|teampreview\n|inactive|Battle timer is ON: inactive players will automatically lose when time's up. (requested by outdated ahh team)\n|\n|t:|1700176102\n|start\n|switch|p1a: Garchomp|Garchomp, M|100\/100\n|switch|p2a: Alisa Bosconovitch|Iron Valiant|100\/100\n|turn|1\n|\n|t:|1700176113\n|move|p2a: Alisa Bosconovitch|Moonblast|p1a: Garchomp\n|-supereffective|p1a: Garchomp\n|-damage|p1a: Garchomp|13\/100\n|-unboost|p1a: Garchomp|spa|1\n|move|p1a: Garchomp|Stealth Rock|p2a: Alisa Bosconovitch\n|-sidestart|p2: outdated ahh team|move: Stealth Rock\n|\n|upkeep\n|turn|2\n|\n|t:|1700176120\n|move|p2a: Alisa Bosconovitch|Moonblast|p1a: Garchomp\n|-supereffective|p1a: Garchomp\n|-damage|p1a: Garchomp|0 fnt\n|faint|p1a: Garchomp\n|\n|upkeep\n|\n|t:|1700176132\n|switch|p1a: Iron Moth|Iron Moth|100\/100\n|-enditem|p1a: Iron Moth|Booster Energy\n|-activate|p1a: Iron Moth|ability: Quark Drive|[fromitem]\n|-start|p1a: Iron Moth|quarkdrivespe\n|turn|3\n|\n|t:|1700176138\n|move|p1a: Iron Moth|Fiery Dance|p2a: Alisa Bosconovitch\n|-damage|p2a: Alisa Bosconovitch|29\/100\n|move|p2a: Alisa Bosconovitch|Thunder Wave|p1a: Iron Moth\n|-status|p1a: Iron Moth|par\n|\n|upkeep\n|turn|4\n|\n|t:|1700176143\n|-end|p2a: Alisa Bosconovitch|Quark Drive|[silent]\n|switch|p2a: Ryomen Sukuna \u26e9\ufe0f|Hoopa-Unbound|100\/100\n|-damage|p2a: Ryomen Sukuna \u26e9\ufe0f|88\/100|[from] Stealth Rock\n|move|p1a: Iron Moth|Fiery Dance|p2a: Ryomen Sukuna \u26e9\ufe0f\n|-damage|p2a: Ryomen Sukuna \u26e9\ufe0f|69\/100\n|\n|upkeep\n|turn|5\n|\n|t:|1700176150\n|cant|p1a: Iron Moth|par\n|move|p2a: Ryomen Sukuna \u26e9\ufe0f|Psychic|p1a: Iron Moth\n|-supereffective|p1a: Iron Moth\n|-damage|p1a: Iron Moth|8\/100 par\n|\n|upkeep\n|turn|6\n|\n|t:|1700176155\n|move|p1a: Iron Moth|Fiery Dance|p2a: Ryomen Sukuna \u26e9\ufe0f\n|-damage|p2a: Ryomen Sukuna \u26e9\ufe0f|48\/100\n|move|p2a: Ryomen Sukuna \u26e9\ufe0f|Drain Punch|p1a: Iron Moth\n|-resisted|p1a: Iron Moth\n|-damage|p1a: Iron Moth|0 fnt\n|-heal|p2a: Ryomen Sukuna \u26e9\ufe0f|52\/100|[from] drain|[of] p1a: Iron Moth\n|faint|p1a: Iron Moth\n|-end|p1a: Iron Moth|Quark Drive|[silent]\n|\n|upkeep\n|\n|t:|1700176171\n|switch|p1a: Iron Valiant|Iron Valiant|100\/100\n|-enditem|p1a: Iron Valiant|Booster Energy\n|-activate|p1a: Iron Valiant|ability: Quark Drive|[fromitem]\n|-start|p1a: Iron Valiant|quarkdrivespe\n|turn|7\n|inactive|outdated ahh team has 120 seconds left.\n|\n|t:|1700176221\n|move|p1a: Iron Valiant|Encore|p2a: Ryomen Sukuna \u26e9\ufe0f\n|-start|p2a: Ryomen Sukuna \u26e9\ufe0f|Encore\n|move|p2a: Ryomen Sukuna \u26e9\ufe0f|Drain Punch|p1a: Iron Valiant\n|-resisted|p1a: Iron Valiant\n|-damage|p1a: Iron Valiant|79\/100\n|-heal|p2a: Ryomen Sukuna \u26e9\ufe0f|60\/100|[from] drain|[of] p1a: Iron Valiant\n|\n|upkeep\n|turn|8\n|inactive|outdated ahh team has 90 seconds left.\n|\n|t:|1700176266\n|switch|p2a: Casca \u2694\ufe0f|Ogerpon-Wellspring, F|100\/100\n|-damage|p2a: Casca \u2694\ufe0f|88\/100|[from] Stealth Rock\n|move|p1a: Iron Valiant|Swords Dance|p1a: Iron Valiant\n|-boost|p1a: Iron Valiant|atk|2\n|\n|upkeep\n|turn|9\n|\n|t:|1700176278\n|move|p1a: Iron Valiant|Spirit Break|p2a: Casca \u2694\ufe0f\n|-damage|p2a: Casca \u2694\ufe0f|0 fnt\n|faint|p2a: Casca \u2694\ufe0f\n|\n|upkeep\n|\n|t:|1700176281\n|switch|p2a: Tuskuthy the Great|Great Tusk|100\/100\n|turn|10\n|\n|t:|1700176285\n|-terastallize|p2a: Tuskuthy the Great|Steel\n|move|p1a: Iron Valiant|Spirit Break|p2a: Tuskuthy the Great\n|-resisted|p2a: Tuskuthy the Great\n|-damage|p2a: Tuskuthy the Great|71\/100\n|-unboost|p2a: Tuskuthy the Great|spa|1\n|move|p2a: Tuskuthy the Great|Rapid Spin|p1a: Iron Valiant\n|-damage|p1a: Iron Valiant|58\/100\n|-boost|p2a: Tuskuthy the Great|spe|1\n|-sideend|p2: outdated ahh team|Stealth Rock|[from] move: Rapid Spin|[of] p2a: Tuskuthy the Great\n|\n|upkeep\n|turn|11\n|inactive|outdated ahh team has 90 seconds left.\n|\n|t:|1700176320\n|move|p1a: Iron Valiant|Close Combat|p2a: Tuskuthy the Great\n|-supereffective|p2a: Tuskuthy the Great\n|-damage|p2a: Tuskuthy the Great|0 fnt\n|-unboost|p1a: Iron Valiant|def|1\n|-unboost|p1a: Iron Valiant|spd|1\n|faint|p2a: Tuskuthy the Great\n|-end|p2a: Tuskuthy the Great|Protosynthesis|[silent]\n|\n|upkeep\n|inactive|outdated ahh team has 60 seconds left.\n|\n|t:|1700176361\n|switch|p2a: Alpha \ud83d\udc15|Arcanine-Hisui, F|100\/100\n|turn|12\n|inactive|outdated ahh team has 30 seconds left.\n|\n|t:|1700176377\n|switch|p2a: Ryomen Sukuna \u26e9\ufe0f|Hoopa-Unbound|60\/100\n|move|p1a: Iron Valiant|Close Combat|p2a: Ryomen Sukuna \u26e9\ufe0f\n|-damage|p2a: Ryomen Sukuna \u26e9\ufe0f|0 fnt\n|-unboost|p1a: Iron Valiant|def|1\n|-unboost|p1a: Iron Valiant|spd|1\n|faint|p2a: Ryomen Sukuna \u26e9\ufe0f\n|\n|upkeep\n|\n|t:|1700176380\n|switch|p2a: Alpha \ud83d\udc15|Arcanine-Hisui, F|100\/100\n|turn|13\n|\n|t:|1700176386\n|move|p2a: Alpha \ud83d\udc15|Extreme Speed|p1a: Iron Valiant\n|-crit|p1a: Iron Valiant\n|-damage|p1a: Iron Valiant|0 fnt\n|faint|p1a: Iron Valiant\n|-end|p1a: Iron Valiant|Quark Drive|[silent]\n|\n|upkeep\n|\n|t:|1700176391\n|switch|p1a: Tsareena|Tsareena, F|100\/100\n|turn|14\n|\n|t:|1700176395\n|move|p2a: Alpha \ud83d\udc15|Flare Blitz|p1a: Tsareena\n|-supereffective|p1a: Tsareena\n|-damage|p1a: Tsareena|0 fnt\n|faint|p1a: Tsareena\n|\n|upkeep\n|\n|t:|1700176400\n|switch|p1a: Rotom|Rotom-Wash|100\/100\n|turn|15\n|inactive|outdated ahh team has 60 seconds left.\n|\n|t:|1700176422\n|switch|p2a: Guts \u2694\ufe0f|Kingambit, M|100\/100\n|-activate|p2a: Guts \u2694\ufe0f|ability: Supreme Overlord\n|-start|p2a: Guts \u2694\ufe0f|fallen3|[silent]\n|move|p1a: Rotom|Hydro Pump|p2a: Guts \u2694\ufe0f\n|-damage|p2a: Guts \u2694\ufe0f|48\/100\n|\n|-heal|p2a: Guts \u2694\ufe0f|54\/100|[from] item: Leftovers\n|upkeep\n|turn|16\n|inactive|outdated ahh team has 60 seconds left.\n|\n|t:|1700176430\n|move|p1a: Rotom|Hydro Pump|p2a: Guts \u2694\ufe0f|[miss]\n|-miss|p1a: Rotom|p2a: Guts \u2694\ufe0f\n|move|p2a: Guts \u2694\ufe0f|Low Kick|p1a: Rotom\n|-crit|p1a: Rotom\n|-damage|p1a: Rotom|79\/100\n|\n|-heal|p2a: Guts \u2694\ufe0f|60\/100|[from] item: Leftovers\n|upkeep\n|turn|17\n|\n|t:|1700176438\n|move|p2a: Guts \u2694\ufe0f|Sucker Punch|p1a: Rotom\n|-damage|p1a: Rotom|5\/100\n|move|p1a: Rotom|Hydro Pump|p2a: Guts \u2694\ufe0f\n|-damage|p2a: Guts \u2694\ufe0f|0 fnt\n|faint|p2a: Guts \u2694\ufe0f\n|-end|p2a: Guts \u2694\ufe0f|fallen3|[silent]\n|\n|upkeep\n|\n|t:|1700176444\n|switch|p2a: Alpha \ud83d\udc15|Arcanine-Hisui, F|100\/100\n|turn|18\n|\n|t:|1700176447\n|move|p2a: Alpha \ud83d\udc15|Extreme Speed|p1a: Rotom\n|-damage|p1a: Rotom|0 fnt\n|faint|p1a: Rotom\n|\n|upkeep\n|\n|t:|1700176451\n|switch|p1a: Weavile|Weavile, F|100\/100\n|-ability|p1a: Weavile|Pressure\n|turn|19\n|c|\u2606outdated ahh team|gg\n|\n|t:|1700176456\n|move|p1a: Weavile|Knock Off|p2a: Alpha \ud83d\udc15\n|-damage|p2a: Alpha \ud83d\udc15|38\/100\n|-enditem|p2a: Alpha \ud83d\udc15|Focus Sash|[from] move: Knock Off|[of] p1a: Weavile\n|move|p2a: Alpha \ud83d\udc15|Flare Blitz|p1a: Weavile\n|-supereffective|p1a: Weavile\n|-damage|p1a: Weavile|0 fnt\n|faint|p1a: Weavile\n|\n|win|outdated ahh team\n|raw|Billythekid95's rating: 1562 &rarr; <strong>1542<\/strong><br \/>(-20 for losing)\n|raw|outdated ahh team's rating: 1564 &rarr; <strong>1584<\/strong><br \/>(+20 for winning)\n|l|\u2606Billythekid95\n","uploadtime":1700176461,"views":7,"p1id":"billythekid95","p2id":"outdatedahhteam","formatid":"gen9ou","rating":1542,"private":0,"password":""}