{"id":"gen9ou-1994769603","p1":"OliveMichel","p2":"SUSSYSONIC","format":"[Gen 9] OU","log":"|j|\u2606OliveMichel\n|j|\u2606SUSSYSONIC\n|t:|1700490992\n|gametype|singles\n|player|p1|OliveMichel|scientistf|1152\n|player|p2|SUSSYSONIC|flannery|1042\n|teamsize|p1|6\n|teamsize|p2|6\n|gen|9\n|tier|[Gen 9] OU\n|rated|\n|rule|Sleep Clause Mod: Limit one foe put to sleep\n|rule|Species Clause: Limit one of each Pok\u00e9mon\n|rule|OHKO Clause: OHKO moves are banned\n|rule|Evasion Items Clause: Evasion items are banned\n|rule|Evasion Moves Clause: Evasion moves are banned\n|rule|Endless Battle Clause: Forcing endless battles is banned\n|rule|HP Percentage Mod: HP is shown in percentages\n|clearpoke\n|poke|p1|Dragonite, F|\n|poke|p1|Glimmora, F|\n|poke|p1|Samurott-Hisui, M|\n|poke|p1|Toxapex, F|\n|poke|p1|Gholdengo|\n|poke|p1|Ogerpon-Wellspring, F|\n|poke|p2|Gengar, M|\n|poke|p2|Charizard, F|\n|poke|p2|Greninja-*, M|\n|poke|p2|Polteageist-Antique|\n|poke|p2|Cinderace, F|\n|poke|p2|Mimikyu, F|\n|teampreview\n|\n|t:|1700490995\n|start\n|switch|p1a: Glimmora|Glimmora, F|100\/100\n|switch|p2a: Polteageist|Polteageist-Antique|100\/100\n|turn|1\n|\n|t:|1700491000\n|move|p1a: Glimmora|Stealth Rock|p2a: Polteageist\n|-sidestart|p2: SUSSYSONIC|move: Stealth Rock\n|move|p2a: Polteageist|Shell Smash|p2a: Polteageist\n|-unboost|p2a: Polteageist|def|1\n|-unboost|p2a: Polteageist|spd|1\n|-boost|p2a: Polteageist|atk|2\n|-boost|p2a: Polteageist|spa|2\n|-boost|p2a: Polteageist|spe|2\n|\n|upkeep\n|turn|2\n|\n|t:|1700491007\n|move|p2a: Polteageist|Stored Power|p1a: Glimmora\n|-supereffective|p1a: Glimmora\n|-damage|p1a: Glimmora|0 fnt\n|faint|p1a: Glimmora\n|\n|upkeep\n|\n|t:|1700491043\n|switch|p1a: Toxapex|Toxapex, F|100\/100\n|turn|3\n|\n|t:|1700491056\n|move|p2a: Polteageist|Giga Drain|p1a: Toxapex\n|-damage|p1a: Toxapex|51\/100\n|move|p1a: Toxapex|Toxic|p2a: Polteageist\n|-status|p2a: Polteageist|tox\n|\n|-heal|p1a: Toxapex|57\/100|[from] item: Black Sludge\n|-damage|p2a: Polteageist|94\/100 tox|[from] psn\n|upkeep\n|turn|4\n|\n|t:|1700491069\n|move|p2a: Polteageist|Stored Power|p1a: Toxapex\n|-supereffective|p1a: Toxapex\n|-damage|p1a: Toxapex|0 fnt\n|faint|p1a: Toxapex\n|\n|-damage|p2a: Polteageist|82\/100 tox|[from] psn\n|upkeep\n|\n|t:|1700491079\n|switch|p1a: Dragonite|Dragonite, F|100\/100\n|turn|5\n|\n|t:|1700491093\n|move|p2a: Polteageist|Stored Power|p1a: Dragonite\n|-damage|p1a: Dragonite|48\/100\n|move|p1a: Dragonite|Earthquake|p2a: Polteageist\n|-damage|p2a: Polteageist|0 fnt\n|faint|p2a: Polteageist\n|\n|upkeep\n|\n|t:|1700491101\n|switch|p2a: Charizard|Charizard, F|100\/100\n|-damage|p2a: Charizard|50\/100|[from] Stealth Rock\n|turn|6\n|\n|t:|1700491105\n|move|p1a: Dragonite|Extreme Speed|p2a: Charizard\n|-damage|p2a: Charizard|16\/100\n|move|p2a: Charizard|Thunder Punch|p1a: Dragonite\n|-damage|p1a: Dragonite|23\/100\n|\n|upkeep\n|turn|7\n|\n|t:|1700491111\n|switch|p2a: Cinderace|Cinderace, F|100\/100\n|move|p1a: Dragonite|Dragon Dance|p1a: Dragonite\n|-boost|p1a: Dragonite|atk|1\n|-boost|p1a: Dragonite|spe|1\n|\n|upkeep\n|turn|8\n|\n|t:|1700491118\n|-terastallize|p2a: Cinderace|Fire\n|move|p1a: Dragonite|Earthquake|p2a: Cinderace\n|-supereffective|p2a: Cinderace\n|-damage|p2a: Cinderace|0 fnt\n|faint|p2a: Cinderace\n|\n|upkeep\n|\n|t:|1700491124\n|switch|p2a: Mimikyu|Mimikyu, F|100\/100\n|-damage|p2a: Mimikyu|88\/100|[from] Stealth Rock\n|turn|9\n|\n|t:|1700491130\n|move|p1a: Dragonite|Earthquake|p2a: Mimikyu\n|-activate|p2a: Mimikyu|ability: Disguise\n|-damage|p2a: Mimikyu|88\/100\n|detailschange|p2a: Mimikyu|Mimikyu-Busted, F\n|-damage|p2a: Mimikyu|76\/100|[from] pokemon: Mimikyu-Busted\n|move|p2a: Mimikyu|Play Rough|p1a: Dragonite\n|-supereffective|p1a: Dragonite\n|-damage|p1a: Dragonite|0 fnt\n|faint|p1a: Dragonite\n|-damage|p2a: Mimikyu|66\/100|[from] item: Life Orb\n|\n|upkeep\n|\n|t:|1700491136\n|switch|p1a: Samurott|Samurott-Hisui, M|100\/100\n|turn|10\n|\n|t:|1700491146\n|move|p1a: Samurott|Ceaseless Edge|p2a: Mimikyu\n|-damage|p2a: Mimikyu|0 fnt\n|-sidestart|p2: SUSSYSONIC|Spikes\n|faint|p2a: Mimikyu\n|\n|upkeep\n|\n|t:|1700491151\n|switch|p2a: Greninja|Greninja, M|100\/100\n|-damage|p2a: Greninja|88\/100|[from] Stealth Rock\n|-damage|p2a: Greninja|76\/100|[from] Spikes\n|turn|11\n|\n|t:|1700491156\n|move|p2a: Greninja|Spikes|p1a: Samurott\n|-sidestart|p1: OliveMichel|Spikes\n|move|p1a: Samurott|Ceaseless Edge|p2a: Greninja\n|-resisted|p2a: Greninja\n|-damage|p2a: Greninja|42\/100\n|-sidestart|p2: SUSSYSONIC|Spikes\n|\n|upkeep\n|turn|12\n|\n|t:|1700491162\n|move|p2a: Greninja|Spikes|p1a: Samurott\n|-sidestart|p1: OliveMichel|Spikes\n|move|p1a: Samurott|Ceaseless Edge|p2a: Greninja\n|-resisted|p2a: Greninja\n|-damage|p2a: Greninja|8\/100\n|-sidestart|p2: SUSSYSONIC|Spikes\n|\n|upkeep\n|turn|13\n|\n|t:|1700491170\n|move|p2a: Greninja|Spikes|p1a: Samurott\n|-sidestart|p1: OliveMichel|Spikes\n|move|p1a: Samurott|Ceaseless Edge|p2a: Greninja\n|-resisted|p2a: Greninja\n|-damage|p2a: Greninja|0 fnt\n|faint|p2a: Greninja\n|\n|upkeep\n|\n|t:|1700491176\n|switch|p2a: Gengar|Gengar, M|100\/100\n|-damage|p2a: Gengar|88\/100|[from] Stealth Rock\n|-damage|p2a: Gengar|63\/100|[from] Spikes\n|turn|14\n|\n|t:|1700491183\n|move|p2a: Gengar|Thunder|p1a: Samurott|[miss]\n|-miss|p2a: Gengar|p1a: Samurott\n|move|p1a: Samurott|Ceaseless Edge|p2a: Gengar\n|-supereffective|p2a: Gengar\n|-damage|p2a: Gengar|0 fnt\n|faint|p2a: Gengar\n|\n|upkeep\n|\n|t:|1700491190\n|switch|p2a: Charizard|Charizard, F|16\/100\n|-damage|p2a: Charizard|0 fnt|[from] Stealth Rock\n|faint|p2a: Charizard\n|\n|win|OliveMichel\n|raw|OliveMichel's rating: 1152 &rarr; <strong>1169<\/strong><br \/>(+17 for winning)\n|raw|SUSSYSONIC's rating: 1042 &rarr; <strong>1031<\/strong><br \/>(-11 for losing)\n|l|\u2606SUSSYSONIC\n","uploadtime":1700491253,"views":26,"p1id":"olivemichel","p2id":"sussysonic","formatid":"gen9ou","rating":1031,"private":0,"password":""}