{"id":"gen9ou-1988462679","p1":"Serenbyty","p2":"OkJuice100","format":"[Gen 9] OU","log":"|j|\u2606Serenbyty\n|j|\u2606OkJuice100\n|t:|1699725558\n|gametype|singles\n|player|p1|Serenbyty|170|1198\n|player|p2|OkJuice100|266|1247\n|teamsize|p1|6\n|teamsize|p2|6\n|gen|9\n|tier|[Gen 9] OU\n|rated|\n|rule|Sleep Clause Mod: Limit one foe put to sleep\n|rule|Species Clause: Limit one of each Pok\u00e9mon\n|rule|OHKO Clause: OHKO moves are banned\n|rule|Evasion Items Clause: Evasion items are banned\n|rule|Evasion Moves Clause: Evasion moves are banned\n|rule|Endless Battle Clause: Forcing endless battles is banned\n|rule|HP Percentage Mod: HP is shown in percentages\n|clearpoke\n|poke|p1|Iron Valiant|\n|poke|p1|Iron Moth|\n|poke|p1|Great Tusk|\n|poke|p1|Sinistcha|\n|poke|p1|Zamazenta-*|\n|poke|p1|Zapdos|\n|poke|p2|Cinderace, M|\n|poke|p2|Greninja-*, F|\n|poke|p2|Slowking-Galar, M|\n|poke|p2|Pelipper, M|\n|poke|p2|Barraskewda, M|\n|poke|p2|Rillaboom, M|\n|teampreview\n|c|\u2606Serenbyty|uh\n|inactive|Battle timer is ON: inactive players will automatically lose when time's up. (requested by OkJuice100)\n|c|\u2606OkJuice100|Uh?\n|\n|t:|1699725595\n|start\n|switch|p1a: The Juice|Sinistcha, shiny|100\/100\n|switch|p2a: Greninja|Greninja, F|100\/100\n|turn|1\n|\n|t:|1699725601\n|move|p2a: Greninja|U-turn|p1a: The Juice\n|-start|p2a: Greninja|typechange|Bug|[from] ability: Protean\n|-damage|p1a: The Juice|85\/100\n|\n|t:|1699725612\n|switch|p2a: Slowking|Slowking-Galar, M|100\/100|[from] U-turn\n|move|p1a: The Juice|Strength Sap|p2a: Slowking\n|-unboost|p2a: Slowking|atk|1\n|-heal|p1a: The Juice|100\/100\n|\n|upkeep\n|turn|2\n|c|\u2606Serenbyty|why pelliper\n|\n|t:|1699725623\n|move|p1a: The Juice|Shadow Ball|p2a: Slowking\n|-supereffective|p2a: Slowking\n|-damage|p2a: Slowking|67\/100\n|-unboost|p2a: Slowking|spd|1\n|move|p2a: Slowking|Future Sight|p1a: The Juice\n|-start|p2a: Slowking|move: Future Sight\n|\n|upkeep\n|turn|3\n|\n|t:|1699725634\n|switch|p2a: Cinderace|Cinderace, M|100\/100\n|move|p1a: The Juice|Calm Mind|p1a: The Juice\n|-boost|p1a: The Juice|spa|1\n|-boost|p1a: The Juice|spd|1\n|\n|upkeep\n|turn|4\n|\n|t:|1699725641\n|move|p2a: Cinderace|U-turn|p1a: The Juice\n|-start|p2a: Cinderace|typechange|Bug|[from] ability: Libero\n|-damage|p1a: The Juice|83\/100\n|\n|t:|1699725643\n|switch|p2a: Slowking|Slowking-Galar, M|99\/100|[from] U-turn\n|move|p1a: The Juice|Strength Sap|p2a: Slowking\n|-unboost|p2a: Slowking|atk|1\n|-heal|p1a: The Juice|100\/100\n|\n|-end|p1a: The Juice|move: Future Sight\n|-damage|p1a: The Juice|56\/100\n|-heal|p1a: The Juice|62\/100|[from] item: Leftovers\n|upkeep\n|turn|5\n|c|\u2606OkJuice100|Rain?\n|inactive|Serenbyty has 120 seconds left.\n|\n|t:|1699725674\n|move|p1a: The Juice|Shadow Ball|p2a: Slowking\n|-supereffective|p2a: Slowking\n|-damage|p2a: Slowking|46\/100\n|-unboost|p2a: Slowking|spd|1\n|move|p2a: Slowking|Sludge Bomb|p1a: The Juice\n|-damage|p1a: The Juice|25\/100\n|\n|-heal|p1a: The Juice|31\/100|[from] item: Leftovers\n|upkeep\n|turn|6\n|\n|t:|1699725685\n|move|p1a: The Juice|Strength Sap|p2a: Slowking\n|-unboost|p2a: Slowking|atk|1\n|-heal|p1a: The Juice|54\/100\n|move|p2a: Slowking|Sludge Bomb|p1a: The Juice\n|-damage|p1a: The Juice|20\/100\n|\n|-heal|p1a: The Juice|26\/100|[from] item: Leftovers\n|upkeep\n|turn|7\n|\n|t:|1699725698\n|switch|p2a: Rillaboom|Rillaboom, M|100\/100\n|-fieldstart|move: Grassy Terrain|[from] ability: Grassy Surge|[of] p2a: Rillaboom\n|move|p1a: The Juice|Shadow Ball|p2a: Rillaboom\n|-damage|p2a: Rillaboom|54\/100\n|\n|-heal|p2a: Rillaboom|60\/100|[from] Grassy Terrain\n|-heal|p2a: Rillaboom|67\/100|[from] item: Leftovers\n|-heal|p1a: The Juice|32\/100|[from] Grassy Terrain\n|-heal|p1a: The Juice|38\/100|[from] item: Leftovers\n|upkeep\n|turn|8\n|inactive|Serenbyty has 120 seconds left.\n|\n|t:|1699725722\n|switch|p1a: W Shiny|Zapdos, shiny|100\/100\n|move|p2a: Rillaboom|Protect||[still]\n|-fail|p2a: Rillaboom\n|\n|-heal|p2a: Rillaboom|73\/100|[from] Grassy Terrain\n|-heal|p2a: Rillaboom|79\/100|[from] item: Leftovers\n|upkeep\n|turn|9\n|inactive|Serenbyty has 120 seconds left.\n|\n|t:|1699725752\n|move|p2a: Rillaboom|Protect|p2a: Rillaboom\n|-singleturn|p2a: Rillaboom|Protect\n|move|p1a: W Shiny|Hurricane|p2a: Rillaboom\n|-activate|p2a: Rillaboom|move: Protect\n|\n|-heal|p2a: Rillaboom|85\/100|[from] Grassy Terrain\n|-heal|p2a: Rillaboom|91\/100|[from] item: Leftovers\n|upkeep\n|turn|10\n|\n|t:|1699725759\n|switch|p2a: Slowking|Slowking-Galar, M|80\/100\n|move|p1a: W Shiny|Hurricane|p2a: Slowking\n|-damage|p2a: Slowking|49\/100\n|\n|-heal|p2a: Slowking|55\/100|[from] Grassy Terrain\n|upkeep\n|turn|11\n|\n|t:|1699725776\n|move|p1a: W Shiny|Volt Switch|p2a: Slowking\n|-damage|p2a: Slowking|37\/100\n|\n|t:|1699725782\n|switch|p1a: L\u00c5MP|Iron Moth|100\/100|[from] Volt Switch\n|-enditem|p1a: L\u00c5MP|Booster Energy\n|-activate|p1a: L\u00c5MP|ability: Quark Drive|[fromitem]\n|-start|p1a: L\u00c5MP|quarkdrivespe\n|move|p2a: Slowking|Future Sight|p1a: L\u00c5MP\n|-start|p2a: Slowking|move: Future Sight\n|\n|-heal|p2a: Slowking|43\/100|[from] Grassy Terrain\n|-fieldend|move: Grassy Terrain\n|upkeep\n|turn|12\n|\n|t:|1699725790\n|switch|p2a: Pelipper|Pelipper, M|100\/100\n|-weather|RainDance|[from] ability: Drizzle|[of] p2a: Pelipper\n|move|p1a: L\u00c5MP|Fiery Dance|p2a: Pelipper\n|-resisted|p2a: Pelipper\n|-damage|p2a: Pelipper|86\/100\n|\n|-weather|RainDance|[upkeep]\n|upkeep\n|turn|13\n|\n|t:|1699725798\n|-end|p1a: L\u00c5MP|Quark Drive|[silent]\n|switch|p1a: W Shiny|Zapdos, shiny|100\/100\n|move|p2a: Pelipper|Weather Ball|p1a: W Shiny\n|-crit|p1a: W Shiny\n|-damage|p1a: W Shiny|10\/100\n|\n|-weather|RainDance|[upkeep]\n|-end|p1a: W Shiny|move: Future Sight\n|-damage|p1a: W Shiny|0 fnt\n|faint|p1a: W Shiny\n|upkeep\n|\n|t:|1699725821\n|switch|p1a: The Juice|Sinistcha, shiny|38\/100\n|turn|14\n|\n|t:|1699725828\n|move|p1a: The Juice|Matcha Gotcha|p2a: Pelipper|[miss]\n|-miss|p1a: The Juice|p2a: Pelipper\n|move|p2a: Pelipper|Hurricane|p1a: The Juice\n|-supereffective|p1a: The Juice\n|-damage|p1a: The Juice|0 fnt\n|faint|p1a: The Juice\n|\n|-weather|RainDance|[upkeep]\n|upkeep\n|\n|t:|1699725843\n|switch|p1a: The Future Is Enby|Iron Valiant|100\/100\n|-enditem|p1a: The Future Is Enby|Booster Energy\n|-activate|p1a: The Future Is Enby|ability: Quark Drive|[fromitem]\n|-start|p1a: The Future Is Enby|quarkdrivespe\n|turn|15\n|\n|t:|1699725849\n|switch|p2a: Slowking|Slowking-Galar, M|76\/100\n|move|p1a: The Future Is Enby|Hypnosis|p2a: Slowking\n|-status|p2a: Slowking|slp|[from] move: Hypnosis\n|\n|-weather|RainDance|[upkeep]\n|upkeep\n|turn|16\n|\n|t:|1699725859\n|-end|p1a: The Future Is Enby|Quark Drive|[silent]\n|switch|p1a: Elon Tusk|Great Tusk|100\/100\n|-enditem|p1a: Elon Tusk|Booster Energy\n|-activate|p1a: Elon Tusk|ability: Protosynthesis|[fromitem]\n|-start|p1a: Elon Tusk|protosynthesisatk\n|switch|p2a: Cinderace|Cinderace, M|100\/100\n|\n|-weather|RainDance|[upkeep]\n|upkeep\n|turn|17\n|inactive|Serenbyty has 120 seconds left.\n|\n|t:|1699725870\n|move|p2a: Cinderace|Weather Ball|p1a: Elon Tusk\n|-start|p2a: Cinderace|typechange|Water|[from] ability: Libero\n|-supereffective|p1a: Elon Tusk\n|-damage|p1a: Elon Tusk|0 fnt\n|faint|p1a: Elon Tusk\n|-end|p1a: Elon Tusk|Protosynthesis|[silent]\n|\n|-weather|RainDance|[upkeep]\n|upkeep\n|c|\u2606Serenbyty|what the actual fuck\n|c|\u2606OkJuice100|Bonk\n|inactive|Serenbyty has 90 seconds left.\n|c|\u2606Serenbyty|my mind is broken\n|c|\u2606Serenbyty|that is so weird but why does it actually work so well\n|inactive|Serenbyty has 60 seconds left.\n|-message|Serenbyty forfeited.\n|\n|win|OkJuice100\n|raw|Serenbyty's rating: 1198 &rarr; <strong>1177<\/strong><br \/>(-21 for losing)\n|raw|OkJuice100's rating: 1247 &rarr; <strong>1268<\/strong><br \/>(+21 for winning)\n|l|\u2606Serenbyty\n","uploadtime":1699725940,"views":40,"p1id":"serenbyty","p2id":"okjuice100","formatid":"gen9ou","rating":1177,"private":0,"password":""}