{"id":"gen9ou-1988777606","p1":"Thefatguinea","p2":"Ojamanjoume","format":"[Gen 9] OU","log":"|j|\u203dThefatguinea\n|j|\u2606Ojamanjoume\n|t:|1699761832\n|gametype|singles\n|player|p1|Thefatguinea|linebacker|1274\n|player|p2|Ojamanjoume|clown|1201\n|teamsize|p1|6\n|teamsize|p2|6\n|gen|9\n|tier|[Gen 9] OU\n|rated|\n|rule|Sleep Clause Mod: Limit one foe put to sleep\n|rule|Species Clause: Limit one of each Pok\u00e9mon\n|rule|OHKO Clause: OHKO moves are banned\n|rule|Evasion Items Clause: Evasion items are banned\n|rule|Evasion Moves Clause: Evasion moves are banned\n|rule|Endless Battle Clause: Forcing endless battles is banned\n|rule|HP Percentage Mod: HP is shown in percentages\n|clearpoke\n|poke|p1|Zapdos-Galar|\n|poke|p1|Ceruledge, F|\n|poke|p1|Manaphy|\n|poke|p1|Lokix, F|\n|poke|p1|Weezing-Galar, M|\n|poke|p1|Clodsire, M|\n|poke|p2|Gliscor, F|\n|poke|p2|Slowking-Galar, M|\n|poke|p2|Dragapult, F|\n|poke|p2|Clefable, M|\n|poke|p2|Kingambit, M|\n|poke|p2|Great Tusk|\n|teampreview\n|inactive|Battle timer is ON: inactive players will automatically lose when time's up. (requested by Ojamanjoume)\n|\n|t:|1699761853\n|start\n|switch|p1a: Lokix|Lokix, F|100\/100\n|switch|p2a: Great Tusk|Great Tusk|100\/100\n|turn|1\n|\n|t:|1699761863\n|-end|p2a: Great Tusk|Protosynthesis|[silent]\n|switch|p2a: Gliscor|Gliscor, F|100\/100\n|move|p1a: Lokix|Swords Dance|p1a: Lokix\n|-boost|p1a: Lokix|atk|2\n|\n|-status|p2a: Gliscor|tox|[from] item: Toxic Orb\n|upkeep\n|turn|2\n|\n|t:|1699761870\n|move|p1a: Lokix|Leech Life|p2a: Gliscor\n|-resisted|p2a: Gliscor\n|-damage|p2a: Gliscor|58\/100 tox\n|move|p2a: Gliscor|Toxic|p1a: Lokix\n|-status|p1a: Lokix|tox\n|\n|-damage|p1a: Lokix|94\/100 tox|[from] psn\n|-heal|p2a: Gliscor|71\/100 tox|[from] ability: Poison Heal\n|upkeep\n|turn|3\n|\n|t:|1699761879\n|move|p2a: Gliscor|Protect|p2a: Gliscor\n|-singleturn|p2a: Gliscor|Protect\n|move|p1a: Lokix|Swords Dance|p1a: Lokix\n|-boost|p1a: Lokix|atk|2\n|\n|-damage|p1a: Lokix|82\/100 tox|[from] psn\n|-heal|p2a: Gliscor|83\/100 tox|[from] ability: Poison Heal\n|upkeep\n|turn|4\n|inactive|Thefatguinea has 120 seconds left.\n|\n|t:|1699761919\n|switch|p2a: Clefable|Clefable, M|100\/100\n|move|p1a: Lokix|Knock Off|p2a: Clefable\n|-resisted|p2a: Clefable\n|-damage|p2a: Clefable|68\/100\n|-enditem|p2a: Clefable|Leftovers|[from] move: Knock Off|[of] p1a: Lokix\n|\n|-damage|p1a: Lokix|64\/100 tox|[from] psn\n|upkeep\n|turn|5\n|\n|t:|1699761926\n|move|p1a: Lokix|Leech Life|p2a: Clefable\n|-resisted|p2a: Clefable\n|-damage|p2a: Clefable|41\/100\n|-heal|p1a: Lokix|84\/100 tox|[from] drain|[of] p2a: Clefable\n|move|p2a: Clefable|Wish|p2a: Clefable\n|\n|-damage|p1a: Lokix|60\/100 tox|[from] psn\n|upkeep\n|turn|6\n|\n|t:|1699761937\n|move|p1a: Lokix|Leech Life|p2a: Clefable\n|-resisted|p2a: Clefable\n|-damage|p2a: Clefable|13\/100\n|-heal|p1a: Lokix|79\/100 tox|[from] drain|[of] p2a: Clefable\n|move|p2a: Clefable|Calm Mind|p2a: Clefable\n|-boost|p2a: Clefable|spa|1\n|-boost|p2a: Clefable|spd|1\n|\n|-heal|p2a: Clefable|63\/100|[from] move: Wish|[wisher] Clefable\n|-damage|p1a: Lokix|49\/100 tox|[from] psn\n|upkeep\n|turn|7\n|\n|t:|1699761956\n|switch|p1a: Clodsire|Clodsire, M|100\/100\n|move|p2a: Clefable|Wish|p2a: Clefable\n|\n|upkeep\n|turn|8\n|\n|t:|1699761965\n|switch|p2a: Great Tusk|Great Tusk|100\/100\n|move|p1a: Clodsire|Earthquake|p2a: Great Tusk\n|-damage|p2a: Great Tusk|83\/100\n|\n|-heal|p2a: Great Tusk|100\/100|[from] move: Wish|[wisher] Clefable\n|upkeep\n|turn|9\n|\n|t:|1699761974\n|switch|p1a: Weezing|Weezing-Galar, M|100\/100\n|move|p2a: Great Tusk|Knock Off|p1a: Weezing\n|-resisted|p1a: Weezing\n|-damage|p1a: Weezing|89\/100\n|-damage|p2a: Great Tusk|84\/100|[from] item: Rocky Helmet|[of] p1a: Weezing\n|-enditem|p1a: Weezing|Rocky Helmet|[from] move: Knock Off|[of] p2a: Great Tusk\n|\n|upkeep\n|turn|10\n|\n|t:|1699761992\n|move|p2a: Great Tusk|Knock Off|p1a: Weezing\n|-resisted|p1a: Weezing\n|-damage|p1a: Weezing|81\/100\n|move|p1a: Weezing|Will-O-Wisp|p2a: Great Tusk\n|-status|p2a: Great Tusk|brn\n|\n|-damage|p2a: Great Tusk|78\/100 brn|[from] brn\n|upkeep\n|turn|11\n|\n|t:|1699762000\n|switch|p1a: Manaphy|Manaphy|100\/100\n|move|p2a: Great Tusk|Earthquake|p1a: Manaphy\n|-damage|p1a: Manaphy|79\/100\n|\n|-heal|p1a: Manaphy|86\/100|[from] item: Leftovers\n|-damage|p2a: Great Tusk|71\/100 brn|[from] brn\n|upkeep\n|turn|12\n|\n|t:|1699762007\n|-end|p2a: Great Tusk|Protosynthesis|[silent]\n|switch|p2a: Clefable|Clefable, M|63\/100\n|move|p1a: Manaphy|Tail Glow|p1a: Manaphy\n|-boost|p1a: Manaphy|spa|3\n|\n|-heal|p1a: Manaphy|92\/100|[from] item: Leftovers\n|upkeep\n|turn|13\n|\n|t:|1699762014\n|move|p1a: Manaphy|Tail Glow|p1a: Manaphy\n|-boost|p1a: Manaphy|spa|3\n|move|p2a: Clefable|Wish|p2a: Clefable\n|\n|-heal|p1a: Manaphy|98\/100|[from] item: Leftovers\n|upkeep\n|turn|14\n|\n|t:|1699762023\n|move|p1a: Manaphy|Stored Power|p2a: Clefable\n|-damage|p2a: Clefable|22\/100\n|move|p2a: Clefable|Calm Mind|p2a: Clefable\n|-boost|p2a: Clefable|spa|1\n|-boost|p2a: Clefable|spd|1\n|\n|-heal|p2a: Clefable|72\/100|[from] move: Wish|[wisher] Clefable\n|-heal|p1a: Manaphy|100\/100|[from] item: Leftovers\n|upkeep\n|turn|15\n|\n|t:|1699762032\n|move|p1a: Manaphy|Take Heart|p1a: Manaphy\n|-boost|p1a: Manaphy|spa|0\n|-boost|p1a: Manaphy|spd|1\n|move|p2a: Clefable|Wish|p2a: Clefable\n|\n|upkeep\n|turn|16\n|\n|t:|1699762040\n|move|p1a: Manaphy|Stored Power|p2a: Clefable\n|-damage|p2a: Clefable|39\/100\n|move|p2a: Clefable|Moonblast|p1a: Manaphy\n|-damage|p1a: Manaphy|54\/100\n|\n|-heal|p2a: Clefable|89\/100|[from] move: Wish|[wisher] Clefable\n|-heal|p1a: Manaphy|60\/100|[from] item: Leftovers\n|upkeep\n|turn|17\n|\n|t:|1699762053\n|switch|p1a: Clodsire|Clodsire, M|100\/100\n|move|p2a: Clefable|Calm Mind|p2a: Clefable\n|-boost|p2a: Clefable|spa|1\n|-boost|p2a: Clefable|spd|1\n|\n|upkeep\n|turn|18\n|\n|t:|1699762060\n|move|p2a: Clefable|Moonblast|p1a: Clodsire\n|-resisted|p1a: Clodsire\n|-damage|p1a: Clodsire|92\/100\n|move|p1a: Clodsire|Stealth Rock|p2a: Clefable\n|-sidestart|p2: Ojamanjoume|move: Stealth Rock\n|\n|-heal|p1a: Clodsire|98\/100|[from] item: Leftovers\n|upkeep\n|turn|19\n|\n|t:|1699762081\n|switch|p2a: Great Tusk|Great Tusk|71\/100 brn\n|-damage|p2a: Great Tusk|68\/100 brn|[from] Stealth Rock\n|move|p1a: Clodsire|Toxic||[still]\n|-fail|p1a: Clodsire\n|\n|-heal|p1a: Clodsire|100\/100|[from] item: Leftovers\n|-damage|p2a: Great Tusk|62\/100 brn|[from] brn\n|upkeep\n|turn|20\n|\n|t:|1699762090\n|switch|p1a: Zapdos|Zapdos-Galar|100\/100\n|move|p2a: Great Tusk|Earthquake|p1a: Zapdos\n|-immune|p1a: Zapdos\n|\n|-damage|p2a: Great Tusk|56\/100 brn|[from] brn\n|upkeep\n|turn|21\n|\n|t:|1699762097\n|move|p1a: Zapdos|Bulk Up|p1a: Zapdos\n|-boost|p1a: Zapdos|atk|1\n|-boost|p1a: Zapdos|def|1\n|move|p2a: Great Tusk|Knock Off|p1a: Zapdos\n|-resisted|p1a: Zapdos\n|-damage|p1a: Zapdos|95\/100\n|-enditem|p1a: Zapdos|Leftovers|[from] move: Knock Off|[of] p2a: Great Tusk\n|\n|-damage|p2a: Great Tusk|50\/100 brn|[from] brn\n|upkeep\n|turn|22\n|\n|t:|1699762107\n|-end|p2a: Great Tusk|Protosynthesis|[silent]\n|switch|p2a: Clefable|Clefable, M|89\/100\n|-damage|p2a: Clefable|76\/100|[from] Stealth Rock\n|move|p1a: Zapdos|Thunderous Kick|p2a: Clefable\n|-resisted|p2a: Clefable\n|-damage|p2a: Clefable|58\/100\n|-unboost|p2a: Clefable|def|1\n|\n|upkeep\n|turn|23\n|\n|t:|1699762115\n|move|p1a: Zapdos|Drill Peck|p2a: Clefable\n|-damage|p2a: Clefable|12\/100\n|move|p2a: Clefable|Wish|p2a: Clefable\n|\n|upkeep\n|turn|24\n|\n|t:|1699762125\n|move|p2a: Clefable|Protect|p2a: Clefable\n|-singleturn|p2a: Clefable|Protect\n|move|p1a: Zapdos|Drill Peck|p2a: Clefable\n|-activate|p2a: Clefable|move: Protect\n|\n|-heal|p2a: Clefable|62\/100|[from] move: Wish|[wisher] Clefable\n|upkeep\n|turn|25\n|\n|t:|1699762132\n|move|p1a: Zapdos|Drill Peck|p2a: Clefable\n|-damage|p2a: Clefable|13\/100\n|move|p2a: Clefable|Wish|p2a: Clefable\n|\n|upkeep\n|turn|26\n|\n|t:|1699762139\n|move|p2a: Clefable|Protect|p2a: Clefable\n|-singleturn|p2a: Clefable|Protect\n|move|p1a: Zapdos|Drill Peck|p2a: Clefable\n|-activate|p2a: Clefable|move: Protect\n|\n|-heal|p2a: Clefable|63\/100|[from] move: Wish|[wisher] Clefable\n|upkeep\n|turn|27\n|\n|t:|1699762147\n|move|p1a: Zapdos|Thunderous Kick|p2a: Clefable\n|-resisted|p2a: Clefable\n|-damage|p2a: Clefable|36\/100\n|-unboost|p2a: Clefable|def|1\n|move|p2a: Clefable|Wish|p2a: Clefable\n|\n|upkeep\n|turn|28\n|\n|t:|1699762153\n|move|p2a: Clefable|Protect|p2a: Clefable\n|-singleturn|p2a: Clefable|Protect\n|move|p1a: Zapdos|Drill Peck|p2a: Clefable\n|-activate|p2a: Clefable|move: Protect\n|\n|-heal|p2a: Clefable|86\/100|[from] move: Wish|[wisher] Clefable\n|upkeep\n|turn|29\n|\n|t:|1699762163\n|move|p1a: Zapdos|Thunderous Kick|p2a: Clefable\n|-resisted|p2a: Clefable\n|-crit|p2a: Clefable\n|-damage|p2a: Clefable|35\/100\n|-unboost|p2a: Clefable|def|1\n|move|p2a: Clefable|Moonblast|p1a: Zapdos\n|-supereffective|p1a: Zapdos\n|-damage|p1a: Zapdos|16\/100\n|\n|upkeep\n|turn|30\n|\n|t:|1699762175\n|switch|p2a: Gliscor|Gliscor, F|83\/100 tox\n|-damage|p2a: Gliscor|71\/100 tox|[from] Stealth Rock\n|move|p1a: Zapdos|Drill Peck|p2a: Gliscor\n|-damage|p2a: Gliscor|33\/100 tox\n|\n|-heal|p2a: Gliscor|45\/100 tox|[from] ability: Poison Heal\n|upkeep\n|turn|31\n|\n|t:|1699762185\n|move|p1a: Zapdos|Thunderous Kick|p2a: Gliscor\n|-resisted|p2a: Gliscor\n|-damage|p2a: Gliscor|25\/100 tox\n|-unboost|p2a: Gliscor|def|1\n|move|p2a: Gliscor|Toxic|p1a: Zapdos\n|-status|p1a: Zapdos|tox\n|\n|-damage|p1a: Zapdos|10\/100 tox|[from] psn\n|-heal|p2a: Gliscor|37\/100 tox|[from] ability: Poison Heal\n|upkeep\n|turn|32\n|\n|t:|1699762199\n|move|p2a: Gliscor|Protect|p2a: Gliscor\n|-singleturn|p2a: Gliscor|Protect\n|move|p1a: Zapdos|Drill Peck|p2a: Gliscor\n|-activate|p2a: Gliscor|move: Protect\n|\n|-damage|p1a: Zapdos|0 fnt|[from] psn\n|faint|p1a: Zapdos\n|-heal|p2a: Gliscor|49\/100 tox|[from] ability: Poison Heal\n|upkeep\n|\n|t:|1699762202\n|switch|p1a: Manaphy|Manaphy|60\/100\n|turn|33\n|\n|t:|1699762210\n|move|p1a: Manaphy|Tail Glow|p1a: Manaphy\n|-boost|p1a: Manaphy|spa|3\n|move|p2a: Gliscor|Toxic|p1a: Manaphy\n|-status|p1a: Manaphy|tox\n|\n|-heal|p1a: Manaphy|66\/100 tox|[from] item: Leftovers\n|-damage|p1a: Manaphy|60\/100 tox|[from] psn\n|-heal|p2a: Gliscor|62\/100 tox|[from] ability: Poison Heal\n|upkeep\n|turn|34\n|\n|t:|1699762224\n|switch|p2a: Great Tusk|Great Tusk|50\/100 brn\n|-damage|p2a: Great Tusk|47\/100 brn|[from] Stealth Rock\n|move|p1a: Manaphy|Take Heart|p1a: Manaphy\n|-boost|p1a: Manaphy|spa|1\n|-boost|p1a: Manaphy|spd|1\n|-curestatus|p1a: Manaphy|tox|[msg]\n|\n|-heal|p1a: Manaphy|66\/100|[from] item: Leftovers\n|-damage|p2a: Great Tusk|41\/100 brn|[from] brn\n|upkeep\n|turn|35\n|\n|t:|1699762234\n|-end|p2a: Great Tusk|Protosynthesis|[silent]\n|switch|p2a: Clefable|Clefable, M|35\/100\n|-damage|p2a: Clefable|22\/100|[from] Stealth Rock\n|move|p1a: Manaphy|Stored Power|p2a: Clefable\n|-damage|p2a: Clefable|0 fnt\n|faint|p2a: Clefable\n|\n|-heal|p1a: Manaphy|72\/100|[from] item: Leftovers\n|upkeep\n|\n|t:|1699762242\n|switch|p2a: Dragapult|Dragapult, F|100\/100\n|turn|36\n|\n|t:|1699762248\n|-terastallize|p2a: Dragapult|Dragon\n|move|p2a: Dragapult|Dragon Darts|p1a: Manaphy\n|-damage|p1a: Manaphy|39\/100\n|-anim|p2a: Dragapult|Dragon Darts|p1a: Manaphy\n|-damage|p1a: Manaphy|7\/100\n|move|p1a: Manaphy|Stored Power|p2a: Dragapult\n|-damage|p2a: Dragapult|0 fnt\n|faint|p2a: Dragapult\n|\n|-heal|p1a: Manaphy|13\/100|[from] item: Leftovers\n|upkeep\n|-message|Ojamanjoume forfeited.\n|\n|win|Thefatguinea\n|raw|Thefatguinea's rating: 1274 &rarr; <strong>1294<\/strong><br \/>(+20 for winning)\n|raw|Ojamanjoume's rating: 1201 &rarr; <strong>1181<\/strong><br \/>(-20 for losing)\n|l|\u2606Ojamanjoume\n","uploadtime":1699762291,"views":12,"p1id":"thefatguinea","p2id":"ojamanjoume","formatid":"gen9ou","rating":1181,"private":0,"password":""}