{"id":"gen9ou-1988791460","p1":"ChandosH","p2":"santos_overlord","format":"[Gen 9] OU","log":"|j|\u2606ChandosH\n|j|\u2606santos_overlord\n|t:|1699763706\n|gametype|singles\n|player|p1|ChandosH|n-masters|1638\n|player|p2|santos_overlord|scientist-gen4dp|1675\n|teamsize|p1|6\n|teamsize|p2|6\n|gen|9\n|tier|[Gen 9] OU\n|rated|\n|rule|Sleep Clause Mod: Limit one foe put to sleep\n|rule|Species Clause: Limit one of each Pok\u00e9mon\n|rule|OHKO Clause: OHKO moves are banned\n|rule|Evasion Items Clause: Evasion items are banned\n|rule|Evasion Moves Clause: Evasion moves are banned\n|rule|Endless Battle Clause: Forcing endless battles is banned\n|rule|HP Percentage Mod: HP is shown in percentages\n|clearpoke\n|poke|p1|Alomomola, F|\n|poke|p1|Great Tusk|\n|poke|p1|Iron Valiant|\n|poke|p1|Slowking-Galar, F|\n|poke|p1|Cinderace, M|\n|poke|p1|Thundurus-Therian, M|\n|poke|p2|Samurott-Hisui, M|\n|poke|p2|Ogerpon-Wellspring, F|\n|poke|p2|Gliscor, M|\n|poke|p2|Corviknight, F|\n|poke|p2|Cinderace, F|\n|poke|p2|Dragonite, F|\n|teampreview\n|inactive|Battle timer is ON: inactive players will automatically lose when time's up. (requested by santos_overlord)\n|\n|t:|1699763729\n|start\n|switch|p1a: Thundurus|Thundurus-Therian, M|100\/100\n|switch|p2a: Cinderace|Cinderace, F|100\/100\n|turn|1\n|\n|t:|1699763734\n|switch|p1a: Cinderace|Cinderace, M|100\/100\n|move|p2a: Cinderace|Pyro Ball|p1a: Cinderace\n|-resisted|p1a: Cinderace\n|-damage|p1a: Cinderace|68\/100\n|\n|upkeep\n|turn|2\n|\n|t:|1699763740\n|move|p2a: Cinderace|U-turn|p1a: Cinderace\n|-start|p2a: Cinderace|typechange|Bug|[from] ability: Libero\n|-resisted|p1a: Cinderace\n|-damage|p1a: Cinderace|46\/100\n|\n|t:|1699763745\n|switch|p2a: Gliscor|Gliscor, M|100\/100|[from] U-turn\n|move|p1a: Cinderace|Will-O-Wisp|p2a: Gliscor\n|-status|p2a: Gliscor|brn\n|\n|-damage|p2a: Gliscor|94\/100 brn|[from] brn\n|upkeep\n|turn|3\n|\n|t:|1699763754\n|move|p1a: Cinderace|U-turn|p2a: Gliscor\n|-resisted|p2a: Gliscor\n|-damage|p2a: Gliscor|89\/100 brn\n|\n|t:|1699763761\n|switch|p1a: Slowking|Slowking-Galar, F|100\/100|[from] U-turn\n|move|p2a: Gliscor|Knock Off|p1a: Slowking\n|-supereffective|p1a: Slowking\n|-damage|p1a: Slowking|78\/100\n|-enditem|p1a: Slowking|Heavy-Duty Boots|[from] move: Knock Off|[of] p2a: Gliscor\n|\n|-damage|p2a: Gliscor|82\/100 brn|[from] brn\n|upkeep\n|turn|4\n|\n|t:|1699763770\n|switch|p2a: Samurott|Samurott-Hisui, M|100\/100\n|move|p1a: Slowking|Ice Beam|p2a: Samurott\n|-resisted|p2a: Samurott\n|-damage|p2a: Samurott|93\/100\n|\n|upkeep\n|turn|5\n|\n|t:|1699763776\n|switch|p1a: Alomomola|Alomomola, F|100\/100\n|move|p2a: Samurott|Ceaseless Edge|p1a: Alomomola\n|-damage|p1a: Alomomola|80\/100\n|-sidestart|p1: ChandosH|Spikes\n|\n|upkeep\n|turn|6\n|\n|t:|1699763781\n|move|p2a: Samurott|Ceaseless Edge|p1a: Alomomola\n|-damage|p1a: Alomomola|59\/100\n|-sidestart|p1: ChandosH|Spikes\n|move|p1a: Alomomola|Flip Turn|p2a: Samurott\n|-resisted|p2a: Samurott\n|-damage|p2a: Samurott|85\/100\n|\n|t:|1699763790\n|switch|p1a: Iron Valiant|Iron Valiant|100\/100|[from] Flip Turn\n|-damage|p1a: Iron Valiant|84\/100|[from] Spikes\n|\n|upkeep\n|turn|7\n|\n|t:|1699763803\n|move|p1a: Iron Valiant|Close Combat|p2a: Samurott\n|-supereffective|p2a: Samurott\n|-damage|p2a: Samurott|0 fnt\n|-unboost|p1a: Iron Valiant|def|1\n|-unboost|p1a: Iron Valiant|spd|1\n|faint|p2a: Samurott\n|\n|upkeep\n|\n|t:|1699763809\n|switch|p2a: Cinderace|Cinderace, F|100\/100\n|turn|8\n|\n|t:|1699763817\n|-end|p1a: Iron Valiant|Quark Drive|[silent]\n|switch|p1a: Alomomola|Alomomola, F|92\/100\n|move|p2a: Cinderace|Pyro Ball|p1a: Alomomola|[miss]\n|-miss|p2a: Cinderace|p1a: Alomomola\n|\n|upkeep\n|turn|9\n|\n|t:|1699763822\n|move|p2a: Cinderace|U-turn|p1a: Alomomola\n|-start|p2a: Cinderace|typechange|Bug|[from] ability: Libero\n|-damage|p1a: Alomomola|74\/100\n|\n|t:|1699763824\n|switch|p2a: Ogerpon|Ogerpon-Wellspring, F|100\/100|[from] U-turn\n|move|p1a: Alomomola|Wish|p1a: Alomomola\n|\n|upkeep\n|turn|10\n|j| cheese miestro\n|\n|t:|1699763845\n|switch|p1a: Cinderace|Cinderace, M|46\/100\n|move|p2a: Ogerpon|Ivy Cudgel|p1a: Cinderace\n|-supereffective|p1a: Cinderace\n|-damage|p1a: Cinderace|0 fnt\n|faint|p1a: Cinderace\n|\n|upkeep\n|\n|t:|1699763848\n|switch|p1a: Iron Valiant|Iron Valiant|84\/100\n|-damage|p1a: Iron Valiant|67\/100|[from] Spikes\n|turn|11\n|\n|t:|1699763856\n|switch|p2a: Gliscor|Gliscor, M|82\/100 brn\n|move|p1a: Iron Valiant|Spirit Break|p2a: Gliscor\n|-damage|p2a: Gliscor|48\/100 brn\n|-unboost|p2a: Gliscor|spa|1\n|\n|-damage|p2a: Gliscor|42\/100 brn|[from] brn\n|upkeep\n|turn|12\n|\n|t:|1699763863\n|-end|p1a: Iron Valiant|Quark Drive|[silent]\n|switch|p1a: Great Tusk|Great Tusk|100\/100\n|-damage|p1a: Great Tusk|84\/100|[from] Spikes\n|move|p2a: Gliscor|Earthquake|p1a: Great Tusk\n|-damage|p1a: Great Tusk|74\/100\n|\n|-damage|p2a: Gliscor|36\/100 brn|[from] brn\n|upkeep\n|turn|13\n|\n|t:|1699763867\n|move|p1a: Great Tusk|Rapid Spin|p2a: Gliscor\n|-damage|p2a: Gliscor|25\/100 brn\n|-boost|p1a: Great Tusk|spe|1\n|-sideend|p1: ChandosH|Spikes|[from] move: Rapid Spin|[of] p1a: Great Tusk\n|move|p2a: Gliscor|Toxic|p1a: Great Tusk\n|-status|p1a: Great Tusk|tox\n|\n|-damage|p1a: Great Tusk|68\/100 tox|[from] psn\n|-damage|p2a: Gliscor|19\/100 brn|[from] brn\n|upkeep\n|turn|14\n|\n|t:|1699763872\n|switch|p2a: Corviknight|Corviknight, F|100\/100\n|move|p1a: Great Tusk|Stealth Rock|p2a: Corviknight\n|-sidestart|p2: santos_overlord|move: Stealth Rock\n|\n|-damage|p1a: Great Tusk|55\/100 tox|[from] psn\n|upkeep\n|turn|15\n|\n|t:|1699763877\n|-end|p1a: Great Tusk|Protosynthesis|[silent]\n|switch|p1a: Thundurus|Thundurus-Therian, M|100\/100\n|move|p2a: Corviknight|Bulk Up|p2a: Corviknight\n|-boost|p2a: Corviknight|atk|1\n|-boost|p2a: Corviknight|def|1\n|\n|upkeep\n|turn|16\n|\n|t:|1699763884\n|switch|p2a: Gliscor|Gliscor, M|19\/100 brn\n|-damage|p2a: Gliscor|7\/100 brn|[from] Stealth Rock\n|move|p1a: Thundurus|Thunderbolt|p2a: Gliscor\n|-immune|p2a: Gliscor\n|\n|-damage|p2a: Gliscor|0 fnt|[from] brn\n|faint|p2a: Gliscor\n|upkeep\n|\n|t:|1699763888\n|switch|p2a: Cinderace|Cinderace, F|100\/100\n|turn|17\n|\n|t:|1699763894\n|switch|p1a: Alomomola|Alomomola, F|100\/100\n|move|p2a: Cinderace|Pyro Ball|p1a: Alomomola\n|-resisted|p1a: Alomomola\n|-damage|p1a: Alomomola|84\/100\n|-status|p1a: Alomomola|brn\n|\n|-damage|p1a: Alomomola|78\/100 brn|[from] brn\n|upkeep\n|turn|18\n|\n|t:|1699763898\n|move|p2a: Cinderace|U-turn|p1a: Alomomola\n|-start|p2a: Cinderace|typechange|Bug|[from] ability: Libero\n|-damage|p1a: Alomomola|61\/100 brn\n|\n|t:|1699763900\n|switch|p2a: Ogerpon|Ogerpon-Wellspring, F|100\/100|[from] U-turn\n|-damage|p2a: Ogerpon|88\/100|[from] Stealth Rock\n|move|p1a: Alomomola|Wish|p1a: Alomomola\n|\n|-damage|p1a: Alomomola|55\/100 brn|[from] brn\n|upkeep\n|turn|19\n|\n|t:|1699763919\n|switch|p1a: Slowking|Slowking-Galar, F|100\/100\n|move|p2a: Ogerpon|Swords Dance|p2a: Ogerpon\n|-boost|p2a: Ogerpon|atk|2\n|\n|upkeep\n|turn|20\n|\n|t:|1699763923\n|move|p2a: Ogerpon|Knock Off|p1a: Slowking\n|-supereffective|p1a: Slowking\n|-damage|p1a: Slowking|0 fnt\n|faint|p1a: Slowking\n|\n|upkeep\n|\n|t:|1699763928\n|switch|p1a: Iron Valiant|Iron Valiant|67\/100\n|turn|21\n|\n|t:|1699763933\n|switch|p2a: Corviknight|Corviknight, F|100\/100\n|-damage|p2a: Corviknight|88\/100|[from] Stealth Rock\n|move|p1a: Iron Valiant|Close Combat|p2a: Corviknight\n|-damage|p2a: Corviknight|21\/100\n|-unboost|p1a: Iron Valiant|def|1\n|-unboost|p1a: Iron Valiant|spd|1\n|\n|-heal|p2a: Corviknight|27\/100|[from] item: Leftovers\n|upkeep\n|turn|22\n|\n|t:|1699763935\n|move|p1a: Iron Valiant|Close Combat|p2a: Corviknight\n|-damage|p2a: Corviknight|0 fnt\n|-unboost|p1a: Iron Valiant|def|1\n|-unboost|p1a: Iron Valiant|spd|1\n|faint|p2a: Corviknight\n|\n|upkeep\n|\n|t:|1699763938\n|switch|p2a: Dragonite|Dragonite, F|100\/100\n|turn|23\n|\n|t:|1699763943\n|-end|p1a: Iron Valiant|Quark Drive|[silent]\n|switch|p1a: Great Tusk|Great Tusk|55\/100 tox\n|move|p2a: Dragonite|Extreme Speed|p1a: Great Tusk\n|-damage|p1a: Great Tusk|38\/100 tox\n|-damage|p2a: Dragonite|84\/100|[from] item: Rocky Helmet|[of] p1a: Great Tusk\n|\n|-damage|p1a: Great Tusk|32\/100 tox|[from] psn\n|upkeep\n|turn|24\n|\n|t:|1699763952\n|-terastallize|p2a: Dragonite|Normal\n|move|p1a: Great Tusk|Ice Spinner|p2a: Dragonite\n|-damage|p2a: Dragonite|62\/100\n|move|p2a: Dragonite|Dragon Dance|p2a: Dragonite\n|-boost|p2a: Dragonite|atk|1\n|-boost|p2a: Dragonite|spe|1\n|\n|-damage|p1a: Great Tusk|19\/100 tox|[from] psn\n|upkeep\n|turn|25\n|\n|t:|1699763958\n|move|p2a: Dragonite|Earthquake|p1a: Great Tusk\n|-damage|p1a: Great Tusk|0 fnt\n|faint|p1a: Great Tusk\n|-end|p1a: Great Tusk|Protosynthesis|[silent]\n|\n|upkeep\n|\n|t:|1699763961\n|switch|p1a: Thundurus|Thundurus-Therian, M|100\/100\n|turn|26\n|\n|t:|1699763969\n|move|p2a: Dragonite|Extreme Speed|p1a: Thundurus\n|-damage|p1a: Thundurus|1\/100\n|move|p1a: Thundurus|Thunderbolt|p2a: Dragonite\n|-crit|p2a: Dragonite\n|-damage|p2a: Dragonite|0 fnt\n|faint|p2a: Dragonite\n|\n|upkeep\n|\n|t:|1699763974\n|switch|p2a: Cinderace|Cinderace, F|100\/100\n|turn|27\n|\n|t:|1699763976\n|move|p2a: Cinderace|Pyro Ball|p1a: Thundurus\n|-damage|p1a: Thundurus|0 fnt\n|faint|p1a: Thundurus\n|\n|upkeep\n|\n|t:|1699763981\n|switch|p1a: Alomomola|Alomomola, F|88\/100 brn\n|turn|28\n|\n|t:|1699763986\n|switch|p1a: Iron Valiant|Iron Valiant|67\/100\n|move|p2a: Cinderace|U-turn|p1a: Iron Valiant\n|-start|p2a: Cinderace|typechange|Bug|[from] ability: Libero\n|-resisted|p1a: Iron Valiant\n|-damage|p1a: Iron Valiant|57\/100\n|\n|t:|1699763993\n|switch|p2a: Ogerpon|Ogerpon-Wellspring, F|88\/100|[from] U-turn\n|-damage|p2a: Ogerpon|76\/100|[from] Stealth Rock\n|\n|upkeep\n|turn|29\n|\n|t:|1699763998\n|move|p1a: Iron Valiant|Close Combat|p2a: Ogerpon\n|-damage|p2a: Ogerpon|0 fnt\n|-unboost|p1a: Iron Valiant|def|1\n|-unboost|p1a: Iron Valiant|spd|1\n|faint|p2a: Ogerpon\n|\n|upkeep\n|-message|santos_overlord forfeited.\n|\n|win|ChandosH\n|raw|ChandosH's rating: 1638 &rarr; <strong>1660<\/strong><br \/>(+22 for winning)\n|raw|santos_overlord's rating: 1675 &rarr; <strong>1653<\/strong><br \/>(-22 for losing)\n|l|\u2606santos_overlord\n|c|\u2606ChandosH|gg\n","uploadtime":1699764006,"views":9,"p1id":"chandosh","p2id":"santosoverlord","formatid":"gen9ou","rating":1653,"private":0,"password":""}