{"id":"gen9ou-1993540466","p1":"Skyra 15","p2":"Zvpraa","format":"[Gen 9] OU","log":"|j|\u2606Skyra 15\n|j|\u2606Zvpraa\n|t:|1700329650\n|gametype|singles\n|player|p1|Skyra 15|flannery|1202\n|player|p2|Zvpraa|volkner|1185\n|teamsize|p1|6\n|teamsize|p2|6\n|gen|9\n|tier|[Gen 9] OU\n|rated|\n|rule|Sleep Clause Mod: Limit one foe put to sleep\n|rule|Species Clause: Limit one of each Pok\u00e9mon\n|rule|OHKO Clause: OHKO moves are banned\n|rule|Evasion Items Clause: Evasion items are banned\n|rule|Evasion Moves Clause: Evasion moves are banned\n|rule|Endless Battle Clause: Forcing endless battles is banned\n|rule|HP Percentage Mod: HP is shown in percentages\n|clearpoke\n|poke|p1|Iron Valiant|\n|poke|p1|Gholdengo|\n|poke|p1|Floatzel, F|\n|poke|p1|Pelipper, M|\n|poke|p1|Lokix, M|\n|poke|p1|Glimmora, F|\n|poke|p2|Dragapult, M|\n|poke|p2|Ceruledge, F|\n|poke|p2|Heatran, F|\n|poke|p2|Slowking-Galar, M|\n|poke|p2|Corviknight, F|\n|poke|p2|Dondozo, F|\n|teampreview\n|\n|t:|1700329686\n|start\n|switch|p1a: Glimmora|Glimmora, F|100\/100\n|switch|p2a: Dragapult|Dragapult, M|100\/100\n|turn|1\n|\n|t:|1700329699\n|move|p2a: Dragapult|Shadow Ball|p1a: Glimmora\n|-damage|p1a: Glimmora|41\/100\n|-unboost|p1a: Glimmora|spd|1\n|move|p1a: Glimmora|Stealth Rock|p2a: Dragapult\n|-sidestart|p2: Zvpraa|move: Stealth Rock\n|\n|upkeep\n|turn|2\n|\n|t:|1700329722\n|move|p2a: Dragapult|Shadow Ball|p1a: Glimmora\n|-crit|p1a: Glimmora\n|-damage|p1a: Glimmora|0 fnt\n|faint|p1a: Glimmora\n|\n|upkeep\n|\n|t:|1700329733\n|switch|p1a: Lokix|Lokix, M|100\/100\n|turn|3\n|\n|t:|1700329738\n|switch|p2a: Corviknight|Corviknight, F|100\/100\n|-damage|p2a: Corviknight|88\/100|[from] Stealth Rock\n|-ability|p2a: Corviknight|Pressure\n|move|p1a: Lokix|U-turn|p2a: Corviknight\n|-resisted|p2a: Corviknight\n|-damage|p2a: Corviknight|75\/100\n|-damage|p1a: Lokix|84\/100|[from] item: Rocky Helmet|[of] p2a: Corviknight\n|\n|t:|1700329750\n|switch|p1a: Gholdengo|Gholdengo|100\/100|[from] U-turn\n|\n|upkeep\n|turn|4\n|\n|t:|1700329756\n|switch|p2a: Heatran|Heatran, F|100\/100\n|-damage|p2a: Heatran|88\/100|[from] Stealth Rock\n|move|p1a: Gholdengo|Trick|p2a: Heatran\n|-activate|p1a: Gholdengo|move: Trick|[of] p2a: Heatran\n|-item|p2a: Heatran|Choice Scarf|[from] move: Trick\n|-item|p1a: Gholdengo|Leftovers|[from] move: Trick\n|\n|upkeep\n|turn|5\n|\n|t:|1700329770\n|switch|p1a: Pelipper|Pelipper, M|100\/100\n|-weather|RainDance|[from] ability: Drizzle|[of] p1a: Pelipper\n|move|p2a: Heatran|Magma Storm|p1a: Pelipper\n|-resisted|p1a: Pelipper\n|-crit|p1a: Pelipper\n|-damage|p1a: Pelipper|81\/100\n|-activate|p1a: Pelipper|move: Magma Storm|[of] p2a: Heatran\n|\n|-weather|RainDance|[upkeep]\n|-damage|p1a: Pelipper|69\/100|[from] move: Magma Storm|[partiallytrapped]\n|upkeep\n|turn|6\n|\n|t:|1700329778\n|switch|p2a: Slowking|Slowking-Galar, M|100\/100\n|-damage|p2a: Slowking|88\/100|[from] Stealth Rock\n|move|p1a: Pelipper|Hydro Pump|p2a: Slowking\n|-damage|p2a: Slowking|63\/100\n|\n|-weather|RainDance|[upkeep]\n|-end|p1a: Pelipper|Magma Storm|[partiallytrapped]|[silent]\n|upkeep\n|turn|7\n|\n|t:|1700329786\n|move|p1a: Pelipper|U-turn|p2a: Slowking\n|-crit|p2a: Slowking\n|-damage|p2a: Slowking|49\/100\n|\n|t:|1700329797\n|switch|p1a: Gholdengo|Gholdengo|100\/100|[from] U-turn\n|move|p2a: Slowking|Future Sight|p1a: Gholdengo\n|-start|p2a: Slowking|move: Future Sight\n|\n|-weather|RainDance|[upkeep]\n|upkeep\n|turn|8\n|\n|t:|1700329804\n|switch|p2a: Heatran|Heatran, F|88\/100\n|-damage|p2a: Heatran|76\/100|[from] Stealth Rock\n|move|p1a: Gholdengo|Nasty Plot|p1a: Gholdengo\n|-boost|p1a: Gholdengo|spa|2\n|\n|-weather|RainDance|[upkeep]\n|upkeep\n|turn|9\n|\n|t:|1700329816\n|move|p1a: Gholdengo|Shadow Ball|p2a: Heatran\n|-damage|p2a: Heatran|24\/100\n|move|p2a: Heatran|Magma Storm|p1a: Gholdengo\n|-supereffective|p1a: Gholdengo\n|-damage|p1a: Gholdengo|51\/100\n|-activate|p1a: Gholdengo|move: Magma Storm|[of] p2a: Heatran\n|\n|-weather|RainDance|[upkeep]\n|-end|p1a: Gholdengo|move: Future Sight\n|-resisted|p1a: Gholdengo\n|-damage|p1a: Gholdengo|20\/100\n|-heal|p1a: Gholdengo|27\/100|[from] item: Leftovers\n|-damage|p1a: Gholdengo|14\/100|[from] move: Magma Storm|[partiallytrapped]\n|upkeep\n|turn|10\n|\n|t:|1700329829\n|move|p1a: Gholdengo|Shadow Ball|p2a: Heatran\n|-damage|p2a: Heatran|0 fnt\n|faint|p2a: Heatran\n|\n|-weather|RainDance|[upkeep]\n|-heal|p1a: Gholdengo|20\/100|[from] item: Leftovers\n|-end|p1a: Gholdengo|Magma Storm|[partiallytrapped]|[silent]\n|upkeep\n|\n|t:|1700329833\n|switch|p2a: Dragapult|Dragapult, M|100\/100\n|-damage|p2a: Dragapult|88\/100|[from] Stealth Rock\n|turn|11\n|\n|t:|1700329847\n|switch|p1a: Lokix|Lokix, M|84\/100\n|move|p2a: Dragapult|Shadow Ball|p1a: Lokix\n|-resisted|p1a: Lokix\n|-damage|p1a: Lokix|32\/100\n|\n|-weather|RainDance|[upkeep]\n|upkeep\n|turn|12\n|\n|t:|1700329855\n|move|p1a: Lokix|First Impression|p2a: Dragapult\n|-resisted|p2a: Dragapult\n|-damage|p2a: Dragapult|0 fnt\n|faint|p2a: Dragapult\n|\n|-weather|none\n|upkeep\n|-message|Zvpraa forfeited.\n|\n|win|Skyra 15\n|raw|Skyra 15's rating: 1202 &rarr; <strong>1226<\/strong><br \/>(+24 for winning)\n|raw|Zvpraa's rating: 1185 &rarr; <strong>1161<\/strong><br \/>(-24 for losing)\n|l|\u2606Zvpraa\n|c|\u2606Skyra 15|GG\n","uploadtime":1700329881,"views":16,"p1id":"skyra15","p2id":"zvpraa","formatid":"gen9ou","rating":1161,"private":0,"password":""}