{"id":"gen9ou-1988992538","p1":"dwarfleader","p2":"LOVEBOOSOO","format":"[Gen 9] OU","log":"|j|\u2606dwarfleader\n|j|\u2606LOVEBOOSOO\n|t:|1699799506\n|gametype|singles\n|player|p1|dwarfleader|169|1236\n|player|p2|LOVEBOOSOO|doubleteam|1263\n|teamsize|p1|6\n|teamsize|p2|6\n|gen|9\n|tier|[Gen 9] OU\n|rated|\n|rule|Sleep Clause Mod: Limit one foe put to sleep\n|rule|Species Clause: Limit one of each Pok\u00e9mon\n|rule|OHKO Clause: OHKO moves are banned\n|rule|Evasion Items Clause: Evasion items are banned\n|rule|Evasion Moves Clause: Evasion moves are banned\n|rule|Endless Battle Clause: Forcing endless battles is banned\n|rule|HP Percentage Mod: HP is shown in percentages\n|clearpoke\n|poke|p1|Rillaboom, M|\n|poke|p1|Clodsire, M|\n|poke|p1|Sneasler, M|\n|poke|p1|Cinderace, M|\n|poke|p1|Dondozo, F|\n|poke|p1|Skeledirge, F|\n|poke|p2|Rillaboom, F|\n|poke|p2|Sneasler, F|\n|poke|p2|Landorus-Therian, M|\n|poke|p2|Heatran, F|\n|poke|p2|Dragapult, F|\n|poke|p2|Hatterene, F|\n|teampreview\n|inactive|Battle timer is ON: inactive players will automatically lose when time's up. (requested by LOVEBOOSOO)\n|\n|t:|1699799521\n|start\n|switch|p1a: Clodsire|Clodsire, M|100\/100\n|switch|p2a: Sneasler|Sneasler, F|100\/100\n|turn|1\n|\n|t:|1699799541\n|switch|p2a: Hatterene|Hatterene, F|100\/100\n|move|p1a: Clodsire|Earthquake|p2a: Hatterene\n|-damage|p2a: Hatterene|69\/100\n|\n|-heal|p2a: Hatterene|75\/100|[from] item: Leftovers\n|upkeep\n|turn|2\n|\n|t:|1699799555\n|move|p2a: Hatterene|Psyshock|p1a: Clodsire\n|-supereffective|p1a: Clodsire\n|-damage|p1a: Clodsire|21\/100\n|move|p1a: Clodsire|Earthquake|p2a: Hatterene\n|-damage|p2a: Hatterene|43\/100\n|\n|-heal|p2a: Hatterene|49\/100|[from] item: Leftovers\n|-heal|p1a: Clodsire|27\/100|[from] item: Leftovers\n|upkeep\n|turn|3\n|inactive|dwarfleader has 120 seconds left.\n|\n|t:|1699799593\n|switch|p1a: Cinderace|Cinderace, M|100\/100\n|move|p2a: Hatterene|Psyshock|p1a: Cinderace\n|-damage|p1a: Cinderace|45\/100\n|\n|-heal|p2a: Hatterene|55\/100|[from] item: Leftovers\n|upkeep\n|turn|4\n|inactive|dwarfleader has 120 seconds left.\n|\n|t:|1699799609\n|switch|p2a: Landorus|Landorus-Therian, M|100\/100\n|-ability|p2a: Landorus|Intimidate|boost\n|-unboost|p1a: Cinderace|atk|1\n|move|p1a: Cinderace|U-turn|p2a: Landorus\n|-start|p1a: Cinderace|typechange|Bug|[from] ability: Libero\n|-resisted|p2a: Landorus\n|-damage|p2a: Landorus|88\/100\n|\n|t:|1699799625\n|switch|p1a: Rillaboom|Rillaboom, M|100\/100|[from] U-turn\n|-fieldstart|move: Grassy Terrain|[from] ability: Grassy Surge|[of] p1a: Rillaboom\n|\n|upkeep\n|turn|5\n|inactive|dwarfleader has 90 seconds left.\n|inactive|dwarfleader has 60 seconds left.\n|\n|t:|1699799689\n|switch|p2a: Sneasler|Sneasler, F|100\/100\n|-enditem|p2a: Sneasler|Grassy Seed\n|-boost|p2a: Sneasler|def|1|[from] item: Grassy Seed\n|move|p1a: Rillaboom|Wood Hammer|p2a: Sneasler\n|-resisted|p2a: Sneasler\n|-damage|p2a: Sneasler|27\/100\n|-damage|p1a: Rillaboom|79\/100|[from] Recoil\n|\n|-heal|p2a: Sneasler|33\/100|[from] Grassy Terrain\n|-heal|p1a: Rillaboom|85\/100|[from] Grassy Terrain\n|upkeep\n|turn|6\n|\n|t:|1699799713\n|move|p2a: Sneasler|Dire Claw|p1a: Rillaboom\n|-supereffective|p1a: Rillaboom\n|-damage|p1a: Rillaboom|0 fnt\n|faint|p1a: Rillaboom\n|\n|-heal|p2a: Sneasler|39\/100|[from] Grassy Terrain\n|upkeep\n|inactive|dwarfleader has 30 seconds left.\n|\n|t:|1699799741\n|switch|p1a: Skeledirge|Skeledirge, F|100\/100\n|turn|7\n|inactive|dwarfleader has 30 seconds left.\n|\n|t:|1699799757\n|switch|p2a: Hatterene|Hatterene, F|55\/100\n|move|p1a: Skeledirge|Hex|p2a: Hatterene\n|-supereffective|p2a: Hatterene\n|-damage|p2a: Hatterene|18\/100\n|\n|-heal|p2a: Hatterene|24\/100|[from] Grassy Terrain\n|-heal|p2a: Hatterene|30\/100|[from] item: Leftovers\n|upkeep\n|turn|8\n|inactive|dwarfleader has 30 seconds left.\n|\n|t:|1699799771\n|move|p1a: Skeledirge|Hex|p2a: Hatterene\n|-supereffective|p2a: Hatterene\n|-damage|p2a: Hatterene|0 fnt\n|faint|p2a: Hatterene\n|\n|-fieldend|move: Grassy Terrain\n|upkeep\n|inactive|dwarfleader has 30 seconds left this turn.\n|\n|t:|1699799777\n|switch|p2a: Dragapult|Dragapult, F|100\/100\n|turn|9\n|inactive|dwarfleader has 30 seconds left.\n|inactive|dwarfleader has 20 seconds left.\n|inactive|dwarfleader has 15 seconds left.\n|inactive|dwarfleader has 10 seconds left.\n|\n|t:|1699799809\n|move|p2a: Dragapult|Hex|p1a: Skeledirge\n|-supereffective|p1a: Skeledirge\n|-damage|p1a: Skeledirge|55\/100\n|move|p1a: Skeledirge|Hex|p2a: Dragapult\n|-supereffective|p2a: Dragapult\n|-damage|p2a: Dragapult|39\/100\n|\n|-heal|p2a: Dragapult|45\/100|[from] item: Leftovers\n|upkeep\n|turn|10\n|inactive|dwarfleader has 20 seconds left this turn.\n|inactive|dwarfleader has 15 seconds left.\n|inactive|dwarfleader has 10 seconds left.\n|inactive|LOVEBOOSOO has 120 seconds left.\n|\n|t:|1699799839\n|switch|p2a: Rillaboom|Rillaboom, F|100\/100\n|-fieldstart|move: Grassy Terrain|[from] ability: Grassy Surge|[of] p2a: Rillaboom\n|move|p1a: Skeledirge|Hex|p2a: Rillaboom\n|-damage|p2a: Rillaboom|66\/100\n|\n|-heal|p2a: Rillaboom|72\/100|[from] Grassy Terrain\n|-heal|p1a: Skeledirge|61\/100|[from] Grassy Terrain\n|upkeep\n|turn|11\n|inactive|dwarfleader has 20 seconds left this turn.\n|inactive|dwarfleader has 15 seconds left.\n|inactive|LOVEBOOSOO has 120 seconds left.\n|inactive|dwarfleader has 10 seconds left.\n|\n|t:|1699799850\n|move|p2a: Rillaboom|Knock Off|p1a: Skeledirge\n|-supereffective|p1a: Skeledirge\n|-damage|p1a: Skeledirge|0 fnt\n|-enditem|p1a: Skeledirge|Heavy-Duty Boots|[from] move: Knock Off|[of] p2a: Rillaboom\n|faint|p1a: Skeledirge\n|\n|-heal|p2a: Rillaboom|78\/100|[from] Grassy Terrain\n|upkeep\n|inactive|dwarfleader has 15 seconds left this turn.\n|\n|t:|1699799854\n|switch|p1a: Sneasler|Sneasler, M|100\/100\n|-enditem|p1a: Sneasler|Grassy Seed\n|-boost|p1a: Sneasler|def|1|[from] item: Grassy Seed\n|turn|12\n|inactive|dwarfleader has 25 seconds left this turn.\n|inactive|dwarfleader has 20 seconds left.\n|\n|t:|1699799865\n|switch|p2a: Landorus|Landorus-Therian, M|88\/100\n|-ability|p2a: Landorus|Intimidate|boost\n|-unboost|p1a: Sneasler|atk|1\n|move|p1a: Sneasler|Swords Dance|p1a: Sneasler\n|-boost|p1a: Sneasler|atk|2\n|\n|upkeep\n|turn|13\n|inactive|dwarfleader has 30 seconds left this turn.\n|\n|t:|1699799873\n|-terastallize|p1a: Sneasler|Flying\n|move|p1a: Sneasler|Acrobatics|p2a: Landorus\n|-damage|p2a: Landorus|0 fnt\n|faint|p2a: Landorus\n|\n|upkeep\n|inactive|dwarfleader has 30 seconds left this turn.\n|\n|t:|1699799878\n|switch|p2a: Sneasler|Sneasler, F|39\/100\n|turn|14\n|\n|t:|1699799886\n|move|p1a: Sneasler|Acrobatics|p2a: Sneasler\n|-supereffective|p2a: Sneasler\n|-damage|p2a: Sneasler|0 fnt\n|faint|p2a: Sneasler\n|\n|-fieldend|move: Grassy Terrain\n|upkeep\n|\n|t:|1699799891\n|switch|p2a: Heatran|Heatran, F|100\/100\n|turn|15\n|\n|t:|1699799909\n|move|p1a: Sneasler|Close Combat|p2a: Heatran\n|-supereffective|p2a: Heatran\n|-damage|p2a: Heatran|0 fnt\n|-unboost|p1a: Sneasler|def|1\n|-unboost|p1a: Sneasler|spd|1\n|faint|p2a: Heatran\n|\n|upkeep\n|\n|t:|1699799912\n|switch|p2a: Dragapult|Dragapult, F|45\/100\n|turn|16\n|\n|t:|1699799919\n|move|p1a: Sneasler|Acrobatics|p2a: Dragapult\n|-damage|p2a: Dragapult|0 fnt\n|faint|p2a: Dragapult\n|\n|upkeep\n|\n|t:|1699799921\n|switch|p2a: Rillaboom|Rillaboom, F|78\/100\n|-fieldstart|move: Grassy Terrain|[from] ability: Grassy Surge|[of] p2a: Rillaboom\n|turn|17\n|\n|t:|1699799925\n|-terastallize|p2a: Rillaboom|Grass\n|move|p2a: Rillaboom|Grassy Glide|p1a: Sneasler\n|-resisted|p1a: Sneasler\n|-damage|p1a: Sneasler|33\/100\n|move|p1a: Sneasler|Acrobatics|p2a: Rillaboom\n|-supereffective|p2a: Rillaboom\n|-damage|p2a: Rillaboom|0 fnt\n|faint|p2a: Rillaboom\n|\n|win|dwarfleader\n|raw|dwarfleader's rating: 1236 &rarr; <strong>1263<\/strong><br \/>(+27 for winning)\n|raw|LOVEBOOSOO's rating: 1263 &rarr; <strong>1236<\/strong><br \/>(-27 for losing)\n|l|\u2606LOVEBOOSOO\n|c|\u2606dwarfleader|Gg\n","uploadtime":1699799935,"views":19,"p1id":"dwarfleader","p2id":"loveboosoo","formatid":"gen9ou","rating":1236,"private":0,"password":""}