{"id":"gen9ou-1990588822","p1":"Argentavis_Gaming","p2":"RealYellow","format":"[Gen 9] OU","log":"|j|\u2606Argentavis_Gaming\n|j|\u2606RealYellow\n|t:|1699983787\n|gametype|singles\n|player|p1|Argentavis_Gaming|unknown|\n|player|p2|RealYellow|larry|\n|teamsize|p1|6\n|teamsize|p2|6\n|gen|9\n|tier|[Gen 9] OU\n|rule|Sleep Clause Mod: Limit one foe put to sleep\n|rule|Species Clause: Limit one of each Pok\u00e9mon\n|rule|OHKO Clause: OHKO moves are banned\n|rule|Evasion Items Clause: Evasion items are banned\n|rule|Evasion Moves Clause: Evasion moves are banned\n|rule|Endless Battle Clause: Forcing endless battles is banned\n|rule|HP Percentage Mod: HP is shown in percentages\n|clearpoke\n|poke|p1|Okidogi, M|\n|poke|p1|Walking Wake|\n|poke|p1|Kingambit, M|\n|poke|p1|Heatran, M|\n|poke|p1|Rillaboom, F|\n|poke|p1|Iron Treads|\n|poke|p2|Glimmora, F|\n|poke|p2|Zamazenta-*|\n|poke|p2|Gholdengo|\n|poke|p2|Kingambit, F|\n|poke|p2|Ogerpon-Wellspring, F|\n|poke|p2|Iron Valiant|\n|teampreview\n|\n|t:|1699983808\n|start\n|switch|p1a: Amongla Swag|Iron Treads|100\/100\n|switch|p2a: Waterpon|Ogerpon-Wellspring, F|100\/100\n|turn|1\n|\n|t:|1699983815\n|-end|p1a: Amongla Swag|Quark Drive|[silent]\n|switch|p1a: Billaroom|Rillaboom, F|100\/100\n|-fieldstart|move: Grassy Terrain|[from] ability: Grassy Surge|[of] p1a: Billaroom\n|-terastallize|p2a: Waterpon|Water\n|detailschange|p2a: Waterpon|Ogerpon-Wellspring-Tera, F, tera:Water\n|-ability|p2a: Waterpon|Embody Aspect (Wellspring)|boost\n|-boost|p2a: Waterpon|spd|1\n|move|p2a: Waterpon|Ivy Cudgel|p1a: Billaroom|[anim] Ivy Cudgel Water\n|-resisted|p1a: Billaroom\n|-damage|p1a: Billaroom|60\/100\n|\n|-heal|p1a: Billaroom|66\/100|[from] Grassy Terrain\n|upkeep\n|turn|2\n|\n|t:|1699983831\n|switch|p2a: Geeta|Glimmora, F|100\/100\n|move|p1a: Billaroom|Grassy Glide|p2a: Geeta\n|-damage|p2a: Geeta|25\/100\n|-activate|p2a: Geeta|ability: Toxic Debris\n|-sidestart|p1: Argentavis_Gaming|move: Toxic Spikes\n|\n|-heal|p2a: Geeta|31\/100|[from] Grassy Terrain\n|-heal|p1a: Billaroom|72\/100|[from] Grassy Terrain\n|upkeep\n|turn|3\n|\n|t:|1699983846\n|move|p1a: Billaroom|Grassy Glide|p2a: Geeta\n|-damage|p2a: Geeta|0 fnt\n|-activate|p2a: Geeta|ability: Toxic Debris\n|-sidestart|p1: Argentavis_Gaming|move: Toxic Spikes\n|faint|p2a: Geeta\n|\n|-heal|p1a: Billaroom|79\/100|[from] Grassy Terrain\n|upkeep\n|\n|t:|1699983894\n|switch|p2a: Cheese|Gholdengo|100\/100\n|-item|p2a: Cheese|Air Balloon\n|turn|4\n|\n|t:|1699983901\n|switch|p1a: Amongla Swag|Iron Treads|100\/100\n|move|p2a: Cheese|Make It Rain|p1a: Amongla Swag\n|-resisted|p1a: Amongla Swag\n|-damage|p1a: Amongla Swag|69\/100\n|-unboost|p2a: Cheese|spa|1\n|\n|-heal|p1a: Amongla Swag|75\/100|[from] Grassy Terrain\n|upkeep\n|turn|5\n|\n|t:|1699983918\n|move|p1a: Amongla Swag|Earthquake|p2a: Cheese\n|-immune|p2a: Cheese\n|move|p2a: Cheese|Nasty Plot|p2a: Cheese\n|-boost|p2a: Cheese|spa|2\n|\n|-heal|p1a: Amongla Swag|81\/100|[from] Grassy Terrain\n|-fieldend|move: Grassy Terrain\n|upkeep\n|turn|6\n|\n|t:|1699983926\n|move|p1a: Amongla Swag|Knock Off|p2a: Cheese\n|-supereffective|p2a: Cheese\n|-damage|p2a: Cheese|33\/100\n|-enditem|p2a: Cheese|Air Balloon\n|move|p2a: Cheese|Shadow Ball|p1a: Amongla Swag\n|-damage|p1a: Amongla Swag|17\/100\n|-unboost|p1a: Amongla Swag|spd|1\n|\n|upkeep\n|turn|7\n|\n|t:|1699983945\n|switch|p2a: Gardelade|Iron Valiant|100\/100\n|-enditem|p2a: Gardelade|Booster Energy\n|-activate|p2a: Gardelade|ability: Quark Drive|[fromitem]\n|-start|p2a: Gardelade|quarkdrivespe\n|move|p1a: Amongla Swag|Earthquake|p2a: Gardelade\n|-crit|p2a: Gardelade\n|-damage|p2a: Gardelade|13\/100\n|\n|upkeep\n|turn|8\n|\n|t:|1699983958\n|-end|p1a: Amongla Swag|Quark Drive|[silent]\n|switch|p1a: Bi-Han|Okidogi, M|100\/100\n|-sideend|p1: Argentavis_Gaming|move: Toxic Spikes|[of] p1a: Bi-Han\n|move|p2a: Gardelade|Close Combat|p1a: Bi-Han\n|-resisted|p1a: Bi-Han\n|-damage|p1a: Bi-Han|75\/100\n|-unboost|p2a: Gardelade|def|1\n|-unboost|p2a: Gardelade|spd|1\n|\n|-heal|p1a: Bi-Han|81\/100|[from] item: Leftovers\n|upkeep\n|turn|9\n|\n|t:|1699983969\n|move|p2a: Gardelade|Knock Off|p1a: Bi-Han\n|-resisted|p1a: Bi-Han\n|-damage|p1a: Bi-Han|67\/100\n|-enditem|p1a: Bi-Han|Leftovers|[from] move: Knock Off|[of] p2a: Gardelade\n|move|p1a: Bi-Han|Knock Off|p2a: Gardelade\n|-resisted|p2a: Gardelade\n|-damage|p2a: Gardelade|3\/100\n|\n|upkeep\n|turn|10\n|\n|t:|1699983982\n|move|p2a: Gardelade|Close Combat|p1a: Bi-Han\n|-resisted|p1a: Bi-Han\n|-damage|p1a: Bi-Han|42\/100\n|-unboost|p2a: Gardelade|def|1\n|-unboost|p2a: Gardelade|spd|1\n|move|p1a: Bi-Han|Knock Off|p2a: Gardelade\n|-resisted|p2a: Gardelade\n|-damage|p2a: Gardelade|0 fnt\n|faint|p2a: Gardelade\n|-end|p2a: Gardelade|Quark Drive|[silent]\n|\n|upkeep\n|\n|t:|1699983996\n|switch|p2a: Cheese|Gholdengo|33\/100\n|turn|11\n|c|\u2606RealYellow|This is it\n|c|\u2606RealYellow|It's now or never\n|\n|t:|1699984012\n|switch|p1a: Joe Swanson|Kingambit, M|100\/100\n|move|p2a: Cheese|Shadow Ball|p1a: Joe Swanson\n|-resisted|p1a: Joe Swanson\n|-damage|p1a: Joe Swanson|79\/100\n|\n|upkeep\n|turn|12\n|\n|t:|1699984021\n|switch|p2a: Shield|Zamazenta|100\/100\n|-ability|p2a: Shield|Dauntless Shield|boost\n|-boost|p2a: Shield|def|1\n|-end|p1a: Joe Swanson|fallenundefined|[silent]\n|switch|p1a: Amongla Swag|Iron Treads|17\/100\n|\n|upkeep\n|turn|13\n|\n|t:|1699984031\n|move|p2a: Shield|Body Press|p1a: Amongla Swag\n|-supereffective|p1a: Amongla Swag\n|-damage|p1a: Amongla Swag|0 fnt\n|faint|p1a: Amongla Swag\n|-end|p1a: Amongla Swag|Quark Drive|[silent]\n|\n|upkeep\n|\n|t:|1699984033\n|switch|p1a: Fruit Cobbler|Heatran, M, shiny|100\/100\n|-item|p1a: Fruit Cobbler|Air Balloon\n|turn|14\n|\n|t:|1699984041\n|-terastallize|p1a: Fruit Cobbler|Flying\n|move|p2a: Shield|Body Press|p1a: Fruit Cobbler\n|-resisted|p1a: Fruit Cobbler\n|-damage|p1a: Fruit Cobbler|81\/100\n|-enditem|p1a: Fruit Cobbler|Air Balloon\n|move|p1a: Fruit Cobbler|Will-O-Wisp|p2a: Shield|[miss]\n|-miss|p1a: Fruit Cobbler|p2a: Shield\n|\n|upkeep\n|turn|15\n|\n|t:|1699984052\n|move|p2a: Shield|Crunch|p1a: Fruit Cobbler\n|-damage|p1a: Fruit Cobbler|61\/100\n|-unboost|p1a: Fruit Cobbler|def|1\n|move|p1a: Fruit Cobbler|Will-O-Wisp|p2a: Shield|[miss]\n|-miss|p1a: Fruit Cobbler|p2a: Shield\n|\n|upkeep\n|turn|16\n|\n|t:|1699984060\n|move|p2a: Shield|Substitute|p2a: Shield\n|-start|p2a: Shield|Substitute\n|-damage|p2a: Shield|76\/100\n|move|p1a: Fruit Cobbler|Will-O-Wisp||[still]\n|-fail|p1a: Fruit Cobbler\n|\n|-heal|p2a: Shield|82\/100|[from] item: Leftovers\n|upkeep\n|turn|17\n|\n|t:|1699984069\n|move|p2a: Shield|Iron Defense|p2a: Shield\n|-boost|p2a: Shield|def|2\n|move|p1a: Fruit Cobbler|Magma Storm|p2a: Shield|[miss]\n|-miss|p1a: Fruit Cobbler|p2a: Shield\n|\n|-heal|p2a: Shield|88\/100|[from] item: Leftovers\n|upkeep\n|turn|18\n|\n|t:|1699984078\n|move|p2a: Shield|Iron Defense|p2a: Shield\n|-boost|p2a: Shield|def|2\n|move|p1a: Fruit Cobbler|Earth Power|p2a: Shield\n|-end|p2a: Shield|Substitute\n|\n|-heal|p2a: Shield|94\/100|[from] item: Leftovers\n|upkeep\n|turn|19\n|\n|t:|1699984096\n|move|p2a: Shield|Crunch|p1a: Fruit Cobbler\n|-damage|p1a: Fruit Cobbler|29\/100\n|move|p1a: Fruit Cobbler|Magma Storm|p2a: Shield\n|-damage|p2a: Shield|52\/100\n|-activate|p2a: Shield|move: Magma Storm|[of] p1a: Fruit Cobbler\n|\n|-heal|p2a: Shield|58\/100|[from] item: Leftovers\n|-damage|p2a: Shield|45\/100|[from] move: Magma Storm|[partiallytrapped]\n|upkeep\n|turn|20\n|\n|t:|1699984107\n|move|p2a: Shield|Crunch|p1a: Fruit Cobbler\n|-damage|p1a: Fruit Cobbler|0 fnt\n|faint|p1a: Fruit Cobbler\n|\n|-heal|p2a: Shield|52\/100|[from] item: Leftovers\n|-end|p2a: Shield|Magma Storm|[partiallytrapped]|[silent]\n|upkeep\n|\n|t:|1699984109\n|switch|p1a: Bi-Han|Okidogi, M|42\/100\n|turn|21\n|\n|t:|1699984120\n|move|p2a: Shield|Body Press|p1a: Bi-Han\n|-resisted|p1a: Bi-Han\n|-damage|p1a: Bi-Han|1\/100\n|move|p1a: Bi-Han|Bulk Up|p1a: Bi-Han\n|-boost|p1a: Bi-Han|atk|1\n|-boost|p1a: Bi-Han|def|1\n|\n|-heal|p2a: Shield|58\/100|[from] item: Leftovers\n|upkeep\n|turn|22\n|c|\u2606Argentavis_Gaming|this heatran sucks ass\n|\n|t:|1699984130\n|move|p2a: Shield|Body Press|p1a: Bi-Han\n|-resisted|p1a: Bi-Han\n|-crit|p1a: Bi-Han\n|-damage|p1a: Bi-Han|0 fnt\n|faint|p1a: Bi-Han\n|\n|-heal|p2a: Shield|64\/100|[from] item: Leftovers\n|upkeep\n|c|\u2606RealYellow|YES\n|\n|t:|1699984137\n|switch|p1a: Billaroom|Rillaboom, F|79\/100\n|-fieldstart|move: Grassy Terrain|[from] ability: Grassy Surge|[of] p1a: Billaroom\n|turn|23\n|c|\u2606RealYellow|COOK SHIELD COOK\n|\n|t:|1699984144\n|move|p1a: Billaroom|Grassy Glide|p2a: Shield\n|-damage|p2a: Shield|49\/100\n|move|p2a: Shield|Body Press|p1a: Billaroom\n|-damage|p1a: Billaroom|0 fnt\n|faint|p1a: Billaroom\n|\n|-heal|p2a: Shield|56\/100|[from] Grassy Terrain\n|-heal|p2a: Shield|62\/100|[from] item: Leftovers\n|upkeep\n|\n|t:|1699984148\n|switch|p1a: Walking Wake|Walking Wake|100\/100\n|turn|24\n|\n|t:|1699984159\n|move|p2a: Shield|Body Press|p1a: Walking Wake\n|-damage|p1a: Walking Wake|0 fnt\n|faint|p1a: Walking Wake\n|-end|p1a: Walking Wake|Protosynthesis|[silent]\n|\n|-heal|p2a: Shield|68\/100|[from] Grassy Terrain\n|-heal|p2a: Shield|74\/100|[from] item: Leftovers\n|upkeep\n|c|\u2606RealYellow|GG\n|c|\u2606RealYellow|IT'S NOT JOEVER\n|\n|t:|1699984169\n|switch|p1a: Joe Swanson|Kingambit, M|79\/100\n|-activate|p1a: Joe Swanson|ability: Supreme Overlord\n|-start|p1a: Joe Swanson|fallen5|[silent]\n|turn|25\n|c|\u2606RealYellow|I CAN DO THIS\n|\n|t:|1699984179\n|move|p2a: Shield|Body Press|p1a: Joe Swanson\n|-supereffective|p1a: Joe Swanson\n|-damage|p1a: Joe Swanson|0 fnt\n|faint|p1a: Joe Swanson\n|-end|p1a: Joe Swanson|fallen5|[silent]\n|\n|win|RealYellow\n|l|\u2606Argentavis_Gaming\n","uploadtime":1699984184,"views":6,"p1id":"argentavisgaming","p2id":"realyellow","formatid":"gen9ou","rating":0,"private":0,"password":""}