{"id":"gen9ou-2000175549","p1":"SchwulerJulius","p2":"Luiz Jordao Neto","format":"[Gen 9] OU","log":"|j|\u2606SchwulerJulius\n|j|\u2606Luiz Jordao Neto\n|t:|1701167539\n|gametype|singles\n|player|p1|SchwulerJulius|102|1111\n|player|p2|Luiz Jordao Neto|1|1191\n|teamsize|p1|6\n|teamsize|p2|6\n|gen|9\n|tier|[Gen 9] OU\n|rated|\n|rule|Sleep Clause Mod: Limit one foe put to sleep\n|rule|Species Clause: Limit one of each Pok\u00e9mon\n|rule|OHKO Clause: OHKO moves are banned\n|rule|Evasion Items Clause: Evasion items are banned\n|rule|Evasion Moves Clause: Evasion moves are banned\n|rule|Endless Battle Clause: Forcing endless battles is banned\n|rule|HP Percentage Mod: HP is shown in percentages\n|clearpoke\n|poke|p1|Garchomp, F|\n|poke|p1|Hydreigon, M|\n|poke|p1|Corviknight, M|\n|poke|p1|Garganacl, M|\n|poke|p1|Dondozo, F|\n|poke|p1|Kingambit, F|\n|poke|p2|Heatran, M|\n|poke|p2|Great Tusk|\n|poke|p2|Ogerpon-Wellspring, F|\n|poke|p2|Iron Moth|\n|poke|p2|Gholdengo|\n|poke|p2|Ninetales-Alola, M|\n|teampreview\n|inactive|Battle timer is ON: inactive players will automatically lose when time's up. (requested by SchwulerJulius)\n|c|\u2606SchwulerJulius|glhf\n|\n|t:|1701167557\n|start\n|switch|p1a: Corviknight|Corviknight, M|100\/100\n|switch|p2a: Heatran|Heatran, M|100\/100\n|-ability|p1a: Corviknight|Pressure\n|turn|1\n|\n|t:|1701167570\n|switch|p1a: Garganacl|Garganacl, M|100\/100\n|move|p2a: Heatran|Taunt|p1a: Garganacl\n|-start|p1a: Garganacl|move: Taunt\n|\n|upkeep\n|turn|2\n|\n|t:|1701167584\n|move|p2a: Heatran|Stealth Rock|p1a: Garganacl\n|-sidestart|p1: SchwulerJulius|move: Stealth Rock\n|move|p1a: Garganacl|Salt Cure|p2a: Heatran\n|-damage|p2a: Heatran|90\/100\n|-start|p2a: Heatran|Salt Cure\n|\n|-heal|p2a: Heatran|96\/100|[from] item: Leftovers\n|-damage|p2a: Heatran|71\/100|[from] Salt Cure\n|upkeep\n|turn|3\n|\n|t:|1701167600\n|switch|p2a: Great Tusk|Great Tusk|100\/100\n|move|p1a: Garganacl|Salt Cure|p2a: Great Tusk\n|-resisted|p2a: Great Tusk\n|-damage|p2a: Great Tusk|98\/100\n|-start|p2a: Great Tusk|Salt Cure\n|\n|-heal|p2a: Great Tusk|100\/100|[from] item: Leftovers\n|-damage|p2a: Great Tusk|88\/100|[from] Salt Cure\n|-end|p1a: Garganacl|move: Taunt\n|upkeep\n|turn|4\n|\n|t:|1701167612\n|switch|p1a: Corviknight|Corviknight, M|100\/100\n|-damage|p1a: Corviknight|88\/100|[from] Stealth Rock\n|-ability|p1a: Corviknight|Pressure\n|move|p2a: Great Tusk|Knock Off|p1a: Corviknight\n|-damage|p1a: Corviknight|68\/100\n|-damage|p2a: Great Tusk|72\/100|[from] item: Rocky Helmet|[of] p1a: Corviknight\n|-enditem|p1a: Corviknight|Rocky Helmet|[from] move: Knock Off|[of] p2a: Great Tusk\n|\n|-heal|p2a: Great Tusk|78\/100|[from] item: Leftovers\n|-damage|p2a: Great Tusk|65\/100|[from] Salt Cure\n|upkeep\n|turn|5\n|\n|t:|1701167630\n|-end|p2a: Great Tusk|Protosynthesis|[silent]\n|switch|p2a: Heatran|Heatran, M|71\/100\n|move|p1a: Corviknight|Roost|p1a: Corviknight\n|-heal|p1a: Corviknight|100\/100\n|-singleturn|p1a: Corviknight|move: Roost\n|\n|-heal|p2a: Heatran|77\/100|[from] item: Leftovers\n|upkeep\n|turn|6\n|\n|t:|1701167640\n|move|p2a: Heatran|Magma Storm|p1a: Corviknight|[miss]\n|-miss|p2a: Heatran|p1a: Corviknight\n|move|p1a: Corviknight|U-turn|p2a: Heatran\n|-resisted|p2a: Heatran\n|-damage|p2a: Heatran|74\/100\n|\n|t:|1701167645\n|switch|p1a: Garganacl|Garganacl, M|100\/100|[from] U-turn\n|-damage|p1a: Garganacl|88\/100|[from] Stealth Rock\n|\n|-heal|p2a: Heatran|81\/100|[from] item: Leftovers\n|-heal|p1a: Garganacl|94\/100|[from] item: Leftovers\n|upkeep\n|turn|7\n|c|\u2606SchwulerJulius|.\u00e4\n|\n|t:|1701167664\n|move|p2a: Heatran|Taunt|p1a: Garganacl\n|-start|p1a: Garganacl|move: Taunt\n|cant|p1a: Garganacl|move: Taunt|Iron Defense\n|\n|-heal|p2a: Heatran|87\/100|[from] item: Leftovers\n|-heal|p1a: Garganacl|100\/100|[from] item: Leftovers\n|upkeep\n|turn|8\n|\n|t:|1701167673\n|move|p2a: Heatran|Earth Power|p1a: Garganacl\n|-supereffective|p1a: Garganacl\n|-damage|p1a: Garganacl|67\/100\n|move|p1a: Garganacl|Salt Cure|p2a: Heatran\n|-damage|p2a: Heatran|75\/100\n|-start|p2a: Heatran|Salt Cure\n|\n|-heal|p2a: Heatran|81\/100|[from] item: Leftovers\n|-heal|p1a: Garganacl|74\/100|[from] item: Leftovers\n|-damage|p2a: Heatran|56\/100|[from] Salt Cure\n|upkeep\n|turn|9\n|\n|t:|1701167691\n|switch|p2a: Ogerpon|Ogerpon-Wellspring, F|100\/100\n|switch|p1a: Corviknight|Corviknight, M|100\/100\n|-damage|p1a: Corviknight|88\/100|[from] Stealth Rock\n|-ability|p1a: Corviknight|Pressure\n|\n|upkeep\n|turn|10\n|\n|t:|1701167702\n|move|p2a: Ogerpon|Swords Dance|p2a: Ogerpon\n|-boost|p2a: Ogerpon|atk|2\n|move|p1a: Corviknight|U-turn|p2a: Ogerpon\n|-supereffective|p2a: Ogerpon\n|-damage|p2a: Ogerpon|63\/100\n|\n|t:|1701167713\n|switch|p1a: Garganacl|Garganacl, M|74\/100|[from] U-turn\n|-damage|p1a: Garganacl|61\/100|[from] Stealth Rock\n|\n|-heal|p1a: Garganacl|67\/100|[from] item: Leftovers\n|upkeep\n|turn|11\n|\n|t:|1701167721\n|-terastallize|p1a: Garganacl|Grass\n|move|p2a: Ogerpon|Ivy Cudgel|p1a: Garganacl|[anim] Ivy Cudgel Water\n|-resisted|p1a: Garganacl\n|-damage|p1a: Garganacl|27\/100\n|move|p1a: Garganacl|Salt Cure|p2a: Ogerpon\n|-damage|p2a: Ogerpon|44\/100\n|-start|p2a: Ogerpon|Salt Cure\n|\n|-heal|p1a: Garganacl|33\/100|[from] item: Leftovers\n|-damage|p2a: Ogerpon|19\/100|[from] Salt Cure\n|upkeep\n|turn|12\n|\n|t:|1701167737\n|switch|p2a: Heatran|Heatran, M|56\/100\n|switch|p1a: Dondozo|Dondozo, F|100\/100\n|-damage|p1a: Dondozo|88\/100|[from] Stealth Rock\n|\n|-heal|p2a: Heatran|63\/100|[from] item: Leftovers\n|-heal|p1a: Dondozo|94\/100|[from] item: Leftovers\n|upkeep\n|turn|13\n|\n|t:|1701167749\n|switch|p1a: Kingambit|Kingambit, F|100\/100\n|-damage|p1a: Kingambit|94\/100|[from] Stealth Rock\n|move|p2a: Heatran|Taunt|p1a: Kingambit\n|-start|p1a: Kingambit|move: Taunt\n|\n|-heal|p2a: Heatran|69\/100|[from] item: Leftovers\n|-heal|p1a: Kingambit|100\/100|[from] item: Leftovers\n|upkeep\n|turn|14\n|\n|t:|1701167753\n|-end|p1a: Kingambit|fallenundefined|[silent]\n|switch|p1a: Dondozo|Dondozo, F|94\/100\n|-damage|p1a: Dondozo|82\/100|[from] Stealth Rock\n|move|p2a: Heatran|Magma Storm|p1a: Dondozo\n|-resisted|p1a: Dondozo\n|-damage|p1a: Dondozo|69\/100\n|-activate|p1a: Dondozo|move: Magma Storm|[of] p2a: Heatran\n|\n|-heal|p2a: Heatran|75\/100|[from] item: Leftovers\n|-heal|p1a: Dondozo|75\/100|[from] item: Leftovers\n|-damage|p1a: Dondozo|62\/100|[from] move: Magma Storm|[partiallytrapped]\n|upkeep\n|turn|15\n|\n|t:|1701167764\n|move|p2a: Heatran|Taunt|p1a: Dondozo\n|-start|p1a: Dondozo|move: Taunt\n|cant|p1a: Dondozo|move: Taunt|Curse\n|\n|-heal|p2a: Heatran|81\/100|[from] item: Leftovers\n|-heal|p1a: Dondozo|68\/100|[from] item: Leftovers\n|-damage|p1a: Dondozo|56\/100|[from] move: Magma Storm|[partiallytrapped]\n|upkeep\n|turn|16\n|\n|t:|1701167776\n|switch|p2a: Ogerpon|Ogerpon-Wellspring, F|19\/100\n|move|p1a: Dondozo|Wave Crash|p2a: Ogerpon\n|-heal|p2a: Ogerpon|44\/100|[from] ability: Water Absorb|[of] p1a: Dondozo\n|\n|-heal|p1a: Dondozo|62\/100|[from] item: Leftovers\n|-end|p1a: Dondozo|Magma Storm|[partiallytrapped]|[silent]\n|upkeep\n|turn|17\n|\n|t:|1701167782\n|switch|p1a: Kingambit|Kingambit, F|100\/100\n|-damage|p1a: Kingambit|94\/100|[from] Stealth Rock\n|move|p2a: Ogerpon|Swords Dance|p2a: Ogerpon\n|-boost|p2a: Ogerpon|atk|2\n|\n|-heal|p1a: Kingambit|100\/100|[from] item: Leftovers\n|upkeep\n|turn|18\n|\n|t:|1701167787\n|move|p2a: Ogerpon|Ivy Cudgel|p1a: Kingambit|[anim] Ivy Cudgel Water\n|-damage|p1a: Kingambit|14\/100\n|move|p1a: Kingambit|Kowtow Cleave|p2a: Ogerpon\n|-damage|p2a: Ogerpon|0 fnt\n|faint|p2a: Ogerpon\n|\n|-heal|p1a: Kingambit|20\/100|[from] item: Leftovers\n|upkeep\n|\n|t:|1701167797\n|switch|p2a: Heatran|Heatran, M|81\/100\n|turn|19\n|\n|t:|1701167800\n|-end|p1a: Kingambit|fallenundefined|[silent]\n|switch|p1a: Dondozo|Dondozo, F|62\/100\n|-damage|p1a: Dondozo|50\/100|[from] Stealth Rock\n|move|p2a: Heatran|Earth Power|p1a: Dondozo\n|-crit|p1a: Dondozo\n|-damage|p1a: Dondozo|24\/100\n|\n|-heal|p2a: Heatran|88\/100|[from] item: Leftovers\n|-heal|p1a: Dondozo|30\/100|[from] item: Leftovers\n|upkeep\n|turn|20\n|\n|t:|1701167807\n|move|p2a: Heatran|Taunt|p1a: Dondozo\n|-start|p1a: Dondozo|move: Taunt\n|move|p1a: Dondozo|Wave Crash|p2a: Heatran\n|-supereffective|p2a: Heatran\n|-damage|p2a: Heatran|21\/100\n|-damage|p1a: Dondozo|13\/100|[from] Recoil\n|\n|-heal|p2a: Heatran|27\/100|[from] item: Leftovers\n|-heal|p1a: Dondozo|19\/100|[from] item: Leftovers\n|upkeep\n|turn|21\n|c|\u2606SchwulerJulius|..\n|\n|t:|1701167815\n|switch|p1a: Hydreigon|Hydreigon, M|100\/100\n|-damage|p1a: Hydreigon|88\/100|[from] Stealth Rock\n|move|p2a: Heatran|Earth Power|p1a: Hydreigon\n|-immune|p1a: Hydreigon|[from] ability: Levitate\n|\n|-heal|p2a: Heatran|33\/100|[from] item: Leftovers\n|upkeep\n|turn|22\n|\n|t:|1701167820\n|move|p1a: Hydreigon|U-turn|p2a: Heatran\n|-resisted|p2a: Heatran\n|-damage|p2a: Heatran|30\/100\n|\n|t:|1701167824\n|switch|p1a: Dondozo|Dondozo, F|19\/100|[from] U-turn\n|-damage|p1a: Dondozo|6\/100|[from] Stealth Rock\n|move|p2a: Heatran|Magma Storm|p1a: Dondozo\n|-resisted|p1a: Dondozo\n|-damage|p1a: Dondozo|0 fnt\n|faint|p1a: Dondozo\n|\n|-heal|p2a: Heatran|36\/100|[from] item: Leftovers\n|upkeep\n|\n|t:|1701167829\n|switch|p1a: Garchomp|Garchomp, F|100\/100\n|-damage|p1a: Garchomp|94\/100|[from] Stealth Rock\n|turn|23\n|l|\u2606SchwulerJulius\n|inactive|SchwulerJulius disconnected and has a minute to reconnect!\n|player|p1|\n|j| Sanesa8724\n|l| Sanesa8724\n|j|\u2606SchwulerJulius\n|inactive|SchwulerJulius reconnected and has 110 seconds left.\n|player|p1|SchwulerJulius|102\n|\n|t:|1701167876\n|move|p1a: Garchomp|Earthquake|p2a: Heatran\n|-supereffective|p2a: Heatran\n|-damage|p2a: Heatran|0 fnt\n|faint|p2a: Heatran\n|\n|-heal|p1a: Garchomp|100\/100|[from] item: Leftovers\n|upkeep\n|\n|t:|1701167879\n|switch|p2a: Ninetales|Ninetales-Alola, M|100\/100\n|-weather|Snow|[from] ability: Snow Warning|[of] p2a: Ninetales\n|turn|24\n|\n|t:|1701167886\n|switch|p1a: Corviknight|Corviknight, M|88\/100\n|-damage|p1a: Corviknight|76\/100|[from] Stealth Rock\n|-ability|p1a: Corviknight|Pressure\n|move|p2a: Ninetales|Aurora Veil|p2a: Ninetales\n|-sidestart|p2: Luiz Jordao Neto|move: Aurora Veil\n|\n|-weather|Snow|[upkeep]\n|upkeep\n|turn|25\n|\n|t:|1701167900\n|switch|p2a: Iron Moth|Iron Moth|100\/100\n|move|p1a: Corviknight|Defog|p2a: Iron Moth\n|-unboost|p2a: Iron Moth|evasion|1\n|-sideend|p2: Luiz Jordao Neto|move: Aurora Veil\n|-sideend|p1: SchwulerJulius|Stealth Rock|[from] move: Defog|[of] p1a: Corviknight\n|\n|-weather|Snow|[upkeep]\n|upkeep\n|turn|26\n|\n|t:|1701167909\n|switch|p1a: Garchomp|Garchomp, F|100\/100\n|move|p2a: Iron Moth|Overheat|p1a: Garchomp\n|-resisted|p1a: Garchomp\n|-damage|p1a: Garchomp|51\/100\n|-unboost|p2a: Iron Moth|spa|2\n|\n|-weather|Snow|[upkeep]\n|-heal|p1a: Garchomp|57\/100|[from] item: Leftovers\n|upkeep\n|turn|27\n|-message|Luiz Jordao Neto forfeited.\n|\n|win|SchwulerJulius\n|raw|SchwulerJulius's rating: 1111 &rarr; <strong>1142<\/strong><br \/>(+31 for winning)\n|raw|Luiz Jordao Neto's rating: 1191 &rarr; <strong>1160<\/strong><br \/>(-31 for losing)\n|l|\u2606Luiz Jordao Neto\n","uploadtime":1701167940,"views":11,"p1id":"schwulerjulius","p2id":"luizjordaoneto","formatid":"gen9ou","rating":1142,"private":0,"password":""}