{"id":"gen9ou-1994815563","p1":"BaYeY","p2":"Faroos965","format":"[Gen 9] OU","log":"|j|\u2606BaYeY\n|j|\u2606Faroos965\n|t:|1700495399\n|gametype|singles\n|player|p1|BaYeY|ghetsis-gen5bw|\n|player|p2|Faroos965|lusamine-nihilego|\n|teamsize|p1|6\n|teamsize|p2|6\n|gen|9\n|tier|[Gen 9] OU\n|rule|Sleep Clause Mod: Limit one foe put to sleep\n|rule|Species Clause: Limit one of each Pok\u00e9mon\n|rule|OHKO Clause: OHKO moves are banned\n|rule|Evasion Items Clause: Evasion items are banned\n|rule|Evasion Moves Clause: Evasion moves are banned\n|rule|Endless Battle Clause: Forcing endless battles is banned\n|rule|HP Percentage Mod: HP is shown in percentages\n|clearpoke\n|poke|p1|Kommo-o, F|\n|poke|p1|Leavanny, M|\n|poke|p1|Ninetales, M|\n|poke|p1|Hoopa-Unbound|\n|poke|p1|Glimmora, M|\n|poke|p1|Regidrago|\n|poke|p2|Iron Valiant|\n|poke|p2|Ogerpon-Cornerstone, F|\n|poke|p2|Garganacl, M|\n|poke|p2|Dragonite, M|\n|poke|p2|Zamazenta-*|\n|poke|p2|Cinderace, M|\n|teampreview\n|inactive|Battle timer is ON: inactive players will automatically lose when time's up. (requested by BaYeY)\n|\n|t:|1700495413\n|start\n|switch|p1a: Glimmora|Glimmora, M, shiny|100\/100\n|switch|p2a: ReverseBarney|Dragonite, M, shiny|100\/100\n|turn|1\n|\n|t:|1700495428\n|move|p2a: ReverseBarney|Earthquake|p1a: Glimmora\n|-supereffective|p1a: Glimmora\n|-damage|p1a: Glimmora|0 fnt\n|-activate|p1a: Glimmora|ability: Toxic Debris\n|-sidestart|p2: Faroos965|move: Toxic Spikes\n|faint|p1a: Glimmora\n|\n|upkeep\n|inactive|BaYeY has 270 seconds left.\n|\n|t:|1700495475\n|switch|p1a: Hoopa|Hoopa-Unbound|100\/100\n|turn|2\n|inactive|Faroos965 has 270 seconds left.\n|\n|t:|1700495509\n|move|p1a: Hoopa|Psychic|p2a: ReverseBarney\n|-damage|p2a: ReverseBarney|73\/100\n|move|p2a: ReverseBarney|Dragon Dance|p2a: ReverseBarney\n|-boost|p2a: ReverseBarney|atk|1\n|-boost|p2a: ReverseBarney|spe|1\n|\n|-heal|p2a: ReverseBarney|79\/100|[from] item: Leftovers\n|upkeep\n|turn|3\n|\n|t:|1700495519\n|move|p1a: Hoopa|Psychic|p2a: ReverseBarney\n|-damage|p2a: ReverseBarney|21\/100\n|move|p2a: ReverseBarney|Dragon Dance|p2a: ReverseBarney\n|-boost|p2a: ReverseBarney|atk|1\n|-boost|p2a: ReverseBarney|spe|1\n|\n|-heal|p2a: ReverseBarney|27\/100|[from] item: Leftovers\n|upkeep\n|turn|4\n|inactive|Faroos965 has 270 seconds left.\n|\n|t:|1700495538\n|move|p2a: ReverseBarney|Dragon Claw|p1a: Hoopa\n|-damage|p1a: Hoopa|0 fnt\n|faint|p1a: Hoopa\n|\n|-heal|p2a: ReverseBarney|34\/100|[from] item: Leftovers\n|upkeep\n|inactive|BaYeY has 240 seconds left.\n|\n|t:|1700495565\n|switch|p1a: Ninetales|Ninetales, M, shiny|100\/100\n|-weather|SunnyDay|[from] ability: Drought|[of] p1a: Ninetales\n|turn|5\n|\n|t:|1700495575\n|move|p2a: ReverseBarney|Dragon Claw|p1a: Ninetales\n|-damage|p1a: Ninetales|0 fnt\n|faint|p1a: Ninetales\n|\n|-weather|SunnyDay|[upkeep]\n|-heal|p2a: ReverseBarney|40\/100|[from] item: Leftovers\n|upkeep\n|\n|t:|1700495583\n|switch|p1a: Leavanny|Leavanny, M, shiny|100\/100\n|turn|6\n|inactive|BaYeY has 240 seconds left.\n|inactive|Faroos965 has 270 seconds left.\n|\n|t:|1700495609\n|-terastallize|p1a: Leavanny|Rock\n|move|p1a: Leavanny|Knock Off|p2a: ReverseBarney\n|-damage|p2a: ReverseBarney|7\/100\n|-enditem|p2a: ReverseBarney|Leftovers|[from] move: Knock Off|[of] p1a: Leavanny\n|move|p2a: ReverseBarney|Dragon Claw|p1a: Leavanny\n|-damage|p1a: Leavanny|0 fnt\n|faint|p1a: Leavanny\n|\n|-weather|SunnyDay|[upkeep]\n|upkeep\n|inactive|BaYeY has 240 seconds left.\n|\n|t:|1700495625\n|switch|p1a: Kommo-o|Kommo-o, F, shiny|100\/100\n|turn|7\n|\n|t:|1700495639\n|move|p2a: ReverseBarney|Dragon Claw|p1a: Kommo-o\n|-supereffective|p1a: Kommo-o\n|-damage|p1a: Kommo-o|0 fnt\n|faint|p1a: Kommo-o\n|\n|-weather|SunnyDay|[upkeep]\n|upkeep\n|\n|t:|1700495645\n|switch|p1a: Regidrago|Regidrago, shiny|100\/100\n|turn|8\n|\n|t:|1700495654\n|move|p2a: ReverseBarney|Dragon Claw|p1a: Regidrago\n|-supereffective|p1a: Regidrago\n|-damage|p1a: Regidrago|0 fnt\n|faint|p1a: Regidrago\n|\n|win|Faroos965\n","uploadtime":1700495678,"views":15,"p1id":"bayey","p2id":"faroos965","formatid":"gen9ou","rating":0,"private":0,"password":""}