{"id":"gen9ou-1994599364","p1":"khote","p2":"Bakitaladelbarrio","format":"[Gen 9] OU","log":"|j|\u2606khote\n|j|\u2606Bakitaladelbarrio\n|t:|1700467067\n|gametype|singles\n|player|p1|khote|burglar|1536\n|player|p2|Bakitaladelbarrio|colress|1467\n|teamsize|p1|6\n|teamsize|p2|6\n|gen|9\n|tier|[Gen 9] OU\n|rated|\n|rule|Sleep Clause Mod: Limit one foe put to sleep\n|rule|Species Clause: Limit one of each Pok\u00e9mon\n|rule|OHKO Clause: OHKO moves are banned\n|rule|Evasion Items Clause: Evasion items are banned\n|rule|Evasion Moves Clause: Evasion moves are banned\n|rule|Endless Battle Clause: Forcing endless battles is banned\n|rule|HP Percentage Mod: HP is shown in percentages\n|clearpoke\n|poke|p1|Great Tusk|\n|poke|p1|Ogerpon-Wellspring, F|\n|poke|p1|Iron Moth|\n|poke|p1|Dragonite, F|\n|poke|p1|Slowking-Galar, F|\n|poke|p1|Zamazenta-*|\n|poke|p2|Okidogi, M|\n|poke|p2|Corviknight, F|\n|poke|p2|Hoopa-Unbound|\n|poke|p2|Sinistcha-Masterpiece|\n|poke|p2|Cinderace, F|\n|poke|p2|Slowking-Galar, M|\n|teampreview\n|inactive|Battle timer is ON: inactive players will automatically lose when time's up. (requested by Bakitaladelbarrio)\n|\n|t:|1700467076\n|start\n|switch|p1a: Great Tusk|Great Tusk|100\/100\n|switch|p2a: Hoopa|Hoopa-Unbound|100\/100\n|turn|1\n|\n|t:|1700467082\n|move|p1a: Great Tusk|Headlong Rush|p2a: Hoopa\n|-damage|p2a: Hoopa|0 fnt\n|-unboost|p1a: Great Tusk|def|1\n|-unboost|p1a: Great Tusk|spd|1\n|faint|p2a: Hoopa\n|\n|upkeep\n|\n|t:|1700467089\n|switch|p2a: Sinistcha|Sinistcha-Masterpiece|100\/100\n|turn|2\n|\n|t:|1700467094\n|move|p1a: Great Tusk|Stealth Rock|p2a: Sinistcha\n|-sidestart|p2: Bakitaladelbarrio|move: Stealth Rock\n|move|p2a: Sinistcha|Calm Mind|p2a: Sinistcha\n|-boost|p2a: Sinistcha|spa|1\n|-boost|p2a: Sinistcha|spd|1\n|\n|upkeep\n|turn|3\n|\n|t:|1700467100\n|-end|p1a: Great Tusk|Protosynthesis|[silent]\n|switch|p1a: Ogerpon|Ogerpon-Wellspring, F|100\/100\n|move|p2a: Sinistcha|Matcha Gotcha|p1a: Ogerpon\n|-damage|p1a: Ogerpon|24\/100\n|-status|p1a: Ogerpon|brn\n|\n|-damage|p1a: Ogerpon|18\/100 brn|[from] brn\n|upkeep\n|turn|4\n|\n|t:|1700467110\n|move|p1a: Ogerpon|Horn Leech|p2a: Sinistcha\n|-resisted|p2a: Sinistcha\n|-damage|p2a: Sinistcha|90\/100\n|-heal|p1a: Ogerpon|24\/100 brn|[from] drain|[of] p2a: Sinistcha\n|move|p2a: Sinistcha|Matcha Gotcha|p1a: Ogerpon\n|-damage|p1a: Ogerpon|0 fnt\n|-heal|p2a: Sinistcha|99\/100|[from] drain|[of] p1a: Ogerpon\n|faint|p1a: Ogerpon\n|\n|-heal|p2a: Sinistcha|100\/100|[from] item: Leftovers\n|upkeep\n|\n|t:|1700467125\n|switch|p1a: Iron Moth|Iron Moth|100\/100\n|-enditem|p1a: Iron Moth|Booster Energy\n|-activate|p1a: Iron Moth|ability: Quark Drive|[fromitem]\n|-start|p1a: Iron Moth|quarkdrivespe\n|turn|5\n|\n|t:|1700467134\n|switch|p2a: Slowking|Slowking-Galar, M|100\/100\n|move|p1a: Iron Moth|Fiery Dance|p2a: Slowking\n|-damage|p2a: Slowking|77\/100\n|\n|upkeep\n|turn|6\n|\n|t:|1700467141\n|-end|p1a: Iron Moth|Quark Drive|[silent]\n|switch|p1a: Slowking|Slowking-Galar, F|100\/100\n|move|p2a: Slowking|Future Sight|p1a: Slowking\n|-start|p2a: Slowking|move: Future Sight\n|\n|upkeep\n|turn|7\n|\n|t:|1700467147\n|move|p2a: Slowking|Chilly Reception|p2a: Slowking\n|-weather|Snow\n|\n|t:|1700467150\n|switch|p2a: Cinderace|Cinderace, F|100\/100|[from] Chilly Reception\n|move|p1a: Slowking|Future Sight|p2a: Cinderace\n|-start|p1a: Slowking|move: Future Sight\n|\n|-weather|Snow|[upkeep]\n|upkeep\n|turn|8\n|\n|t:|1700467158\n|move|p2a: Cinderace|Court Change|p2a: Cinderace\n|-start|p2a: Cinderace|typechange|Normal|[from] ability: Libero\n|-swapsideconditions\n|-activate|p2a: Cinderace|move: Court Change\n|move|p1a: Slowking|Sludge Bomb|p2a: Cinderace\n|-damage|p2a: Cinderace|53\/100\n|\n|-weather|Snow|[upkeep]\n|-end|p1a: Slowking|move: Future Sight\n|-damage|p1a: Slowking|76\/100\n|upkeep\n|turn|9\n|\n|t:|1700467168\n|move|p2a: Cinderace|U-turn|p1a: Slowking\n|-damage|p1a: Slowking|53\/100\n|\n|t:|1700467171\n|switch|p2a: Slowking|Slowking-Galar, M|100\/100|[from] U-turn\n|move|p1a: Slowking|Chilly Reception|p1a: Slowking\n|\n|t:|1700467178\n|switch|p1a: Great Tusk|Great Tusk|100\/100|[from] Chilly Reception\n|-damage|p1a: Great Tusk|98\/100|[from] Stealth Rock\n|\n|-weather|Snow|[upkeep]\n|-end|p2a: Slowking|move: Future Sight\n|-damage|p2a: Slowking|77\/100\n|upkeep\n|turn|10\n|\n|t:|1700467187\n|switch|p2a: Sinistcha|Sinistcha-Masterpiece|100\/100\n|move|p1a: Great Tusk|Headlong Rush|p2a: Sinistcha\n|-resisted|p2a: Sinistcha\n|-damage|p2a: Sinistcha|70\/100\n|-unboost|p1a: Great Tusk|def|1\n|-unboost|p1a: Great Tusk|spd|1\n|\n|-weather|Snow|[upkeep]\n|-heal|p2a: Sinistcha|76\/100|[from] item: Leftovers\n|upkeep\n|turn|11\n|\n|t:|1700467197\n|move|p1a: Great Tusk|Stealth Rock|p2a: Sinistcha\n|-sidestart|p2: Bakitaladelbarrio|move: Stealth Rock\n|move|p2a: Sinistcha|Calm Mind|p2a: Sinistcha\n|-boost|p2a: Sinistcha|spa|1\n|-boost|p2a: Sinistcha|spd|1\n|\n|-weather|none\n|-heal|p2a: Sinistcha|82\/100|[from] item: Leftovers\n|upkeep\n|turn|12\n|\n|t:|1700467206\n|move|p1a: Great Tusk|Ice Spinner|p2a: Sinistcha\n|-supereffective|p2a: Sinistcha\n|-damage|p2a: Sinistcha|28\/100\n|move|p2a: Sinistcha|Matcha Gotcha|p1a: Great Tusk\n|-supereffective|p1a: Great Tusk\n|-damage|p1a: Great Tusk|0 fnt\n|-heal|p2a: Sinistcha|80\/100|[from] drain|[of] p1a: Great Tusk\n|faint|p1a: Great Tusk\n|-end|p1a: Great Tusk|Protosynthesis|[silent]\n|\n|-heal|p2a: Sinistcha|86\/100|[from] item: Leftovers\n|upkeep\n|\n|t:|1700467215\n|switch|p1a: Iron Moth|Iron Moth|100\/100\n|-damage|p1a: Iron Moth|76\/100|[from] Stealth Rock\n|turn|13\n|\n|t:|1700467224\n|move|p1a: Iron Moth|Fiery Dance|p2a: Sinistcha\n|-supereffective|p2a: Sinistcha\n|-damage|p2a: Sinistcha|51\/100\n|-boost|p1a: Iron Moth|spa|1\n|move|p2a: Sinistcha|Shadow Ball|p1a: Iron Moth\n|-damage|p1a: Iron Moth|4\/100\n|\n|-heal|p2a: Sinistcha|57\/100|[from] item: Leftovers\n|upkeep\n|turn|14\n|\n|t:|1700467234\n|move|p1a: Iron Moth|Fiery Dance|p2a: Sinistcha\n|-supereffective|p2a: Sinistcha\n|-crit|p2a: Sinistcha\n|-damage|p2a: Sinistcha|0 fnt\n|faint|p2a: Sinistcha\n|\n|upkeep\n|\n|t:|1700467240\n|switch|p2a: Cinderace|Cinderace, F|53\/100\n|turn|15\n|\n|t:|1700467245\n|move|p2a: Cinderace|U-turn|p1a: Iron Moth\n|-start|p2a: Cinderace|typechange|Bug|[from] ability: Libero\n|-resisted|p1a: Iron Moth\n|-damage|p1a: Iron Moth|0 fnt\n|faint|p1a: Iron Moth\n|-end|p1a: Iron Moth|Quark Drive|[silent]\n|\n|t:|1700467251\n|switch|p2a: Okidogi|Okidogi, M|100\/100|[from] U-turn\n|-damage|p2a: Okidogi|94\/100|[from] Stealth Rock\n|\n|-heal|p2a: Okidogi|100\/100|[from] item: Leftovers\n|upkeep\n|\n|t:|1700467259\n|switch|p1a: Slowking|Slowking-Galar, F|86\/100\n|turn|16\n|\n|t:|1700467262\n|move|p2a: Okidogi|Bulk Up|p2a: Okidogi\n|-boost|p2a: Okidogi|atk|1\n|-boost|p2a: Okidogi|def|1\n|move|p1a: Slowking|Psyshock|p2a: Okidogi\n|-supereffective|p2a: Okidogi\n|-damage|p2a: Okidogi|31\/100\n|\n|-heal|p2a: Okidogi|37\/100|[from] item: Leftovers\n|upkeep\n|turn|17\n|\n|t:|1700467271\n|move|p2a: Okidogi|Knock Off|p1a: Slowking\n|-supereffective|p1a: Slowking\n|-damage|p1a: Slowking|0 fnt\n|-enditem|p1a: Slowking|Heavy-Duty Boots|[from] move: Knock Off|[of] p2a: Okidogi\n|faint|p1a: Slowking\n|\n|-heal|p2a: Okidogi|43\/100|[from] item: Leftovers\n|upkeep\n|\n|t:|1700467275\n|switch|p1a: Dragonite|Dragonite, F|100\/100\n|turn|18\n|\n|t:|1700467286\n|-terastallize|p2a: Okidogi|Water\n|move|p1a: Dragonite|Earthquake|p2a: Okidogi\n|-damage|p2a: Okidogi|22\/100\n|move|p2a: Okidogi|Knock Off|p1a: Dragonite\n|-damage|p1a: Dragonite|74\/100\n|-enditem|p1a: Dragonite|Heavy-Duty Boots|[from] move: Knock Off|[of] p2a: Okidogi\n|\n|-heal|p2a: Okidogi|28\/100|[from] item: Leftovers\n|upkeep\n|turn|19\n|\n|t:|1700467297\n|move|p1a: Dragonite|Dragon Dance|p1a: Dragonite\n|-boost|p1a: Dragonite|atk|1\n|-boost|p1a: Dragonite|spe|1\n|move|p2a: Okidogi|Ice Punch|p1a: Dragonite\n|-supereffective|p1a: Dragonite\n|-damage|p1a: Dragonite|0 fnt\n|faint|p1a: Dragonite\n|\n|-heal|p2a: Okidogi|34\/100|[from] item: Leftovers\n|upkeep\n|\n|t:|1700467301\n|switch|p1a: Zamazenta|Zamazenta|100\/100\n|-damage|p1a: Zamazenta|94\/100|[from] Stealth Rock\n|-ability|p1a: Zamazenta|Dauntless Shield|boost\n|-boost|p1a: Zamazenta|def|1\n|turn|20\n|\n|t:|1700467313\n|move|p1a: Zamazenta|Substitute|p1a: Zamazenta\n|-start|p1a: Zamazenta|Substitute\n|-damage|p1a: Zamazenta|70\/100\n|move|p2a: Okidogi|Drain Punch|p1a: Zamazenta\n|-end|p1a: Zamazenta|Substitute\n|-heal|p2a: Okidogi|45\/100|[from] drain|[of] p1a: Zamazenta\n|\n|-heal|p1a: Zamazenta|76\/100|[from] item: Leftovers\n|-heal|p2a: Okidogi|52\/100|[from] item: Leftovers\n|upkeep\n|turn|21\n|\n|t:|1700467325\n|move|p1a: Zamazenta|Iron Defense|p1a: Zamazenta\n|-boost|p1a: Zamazenta|def|2\n|move|p2a: Okidogi|Drain Punch|p1a: Zamazenta\n|-damage|p1a: Zamazenta|59\/100\n|-heal|p2a: Okidogi|59\/100|[from] drain|[of] p1a: Zamazenta\n|-status|p1a: Zamazenta|tox|[from] ability: Toxic Chain|[of] p2a: Okidogi\n|\n|-heal|p1a: Zamazenta|66\/100 tox|[from] item: Leftovers\n|-heal|p2a: Okidogi|65\/100|[from] item: Leftovers\n|-damage|p1a: Zamazenta|59\/100 tox|[from] psn\n|upkeep\n|turn|22\n|\n|t:|1700467338\n|move|p1a: Zamazenta|Body Press|p2a: Okidogi\n|-damage|p2a: Okidogi|11\/100\n|move|p2a: Okidogi|Bulk Up|p2a: Okidogi\n|-boost|p2a: Okidogi|atk|1\n|-boost|p2a: Okidogi|def|1\n|\n|-heal|p1a: Zamazenta|66\/100 tox|[from] item: Leftovers\n|-heal|p2a: Okidogi|17\/100|[from] item: Leftovers\n|-damage|p1a: Zamazenta|53\/100 tox|[from] psn\n|upkeep\n|turn|23\n|-message|khote forfeited.\n|\n|win|Bakitaladelbarrio\n|raw|khote's rating: 1536 &rarr; <strong>1512<\/strong><br \/>(-24 for losing)\n|raw|Bakitaladelbarrio's rating: 1467 &rarr; <strong>1491<\/strong><br \/>(+24 for winning)\n|l|\u2606khote\n","uploadtime":1700467352,"views":10,"p1id":"khote","p2id":"bakitaladelbarrio","formatid":"gen9ou","rating":1491,"private":0,"password":""}