{"id":"gen9ou-1993848356","p1":"lilKleizmer","p2":"AWSMAndrew303","format":"[Gen 9] OU","log":"|j|\u2606lilKleizmer\n|j|\u2606AWSMAndrew303\n|inactive|Battle timer is ON: inactive players will automatically lose when time's up.\n|t:|1700364877\n|gametype|singles\n|player|p1|lilKleizmer|2|\n|player|p2|AWSMAndrew303|169|\n|teamsize|p1|3\n|teamsize|p2|3\n|gen|9\n|tier|[Gen 9] OU\n|rated|Tournament battle\n|rule|Sleep Clause Mod: Limit one foe put to sleep\n|rule|Species Clause: Limit one of each Pok\u00e9mon\n|rule|OHKO Clause: OHKO moves are banned\n|rule|Evasion Items Clause: Evasion items are banned\n|rule|Evasion Moves Clause: Evasion moves are banned\n|rule|Endless Battle Clause: Forcing endless battles is banned\n|rule|HP Percentage Mod: HP is shown in percentages\n|clearpoke\n|poke|p1|Lokix, F|\n|poke|p1|Garchomp, M|\n|poke|p1|Inteleon, M|\n|poke|p2|Dudunsparce-*, F|\n|poke|p2|Lilligant-Hisui, F|\n|poke|p2|Revavroom, M|\n|teampreview\n|j|*Lady Monita \u2746\n|\n|t:|1700364886\n|start\n|switch|p1a: Inteleon|Inteleon, M, shiny|100\/100\n|switch|p2a: Dudunsparce|Dudunsparce, F|100\/100\n|turn|1\n|\n|t:|1700364913\n|move|p1a: Inteleon|Hydro Pump|p2a: Dudunsparce\n|-damage|p2a: Dudunsparce|23\/100\n|move|p2a: Dudunsparce|Stealth Rock|p1a: Inteleon\n|-sidestart|p1: lilKleizmer|move: Stealth Rock\n|\n|-heal|p2a: Dudunsparce|29\/100|[from] item: Leftovers\n|upkeep\n|turn|2\n|\n|t:|1700364922\n|move|p1a: Inteleon|Hydro Pump|p2a: Dudunsparce\n|-damage|p2a: Dudunsparce|0 fnt\n|faint|p2a: Dudunsparce\n|\n|upkeep\n|\n|t:|1700364926\n|switch|p2a: Lilligant|Lilligant-Hisui, F|100\/100\n|turn|3\n|\n|t:|1700364941\n|move|p1a: Inteleon|Hydro Pump|p2a: Lilligant\n|-resisted|p2a: Lilligant\n|-damage|p2a: Lilligant|32\/100\n|move|p2a: Lilligant|Leaf Blade|p1a: Inteleon\n|-supereffective|p1a: Inteleon\n|-damage|p1a: Inteleon|0 fnt\n|faint|p1a: Inteleon\n|\n|upkeep\n|j| Brendon rulzs\n|\n|t:|1700364948\n|switch|p1a: Lokix|Lokix, F|100\/100\n|-damage|p1a: Lokix|76\/100|[from] Stealth Rock\n|turn|4\n|\n|t:|1700364953\n|switch|p2a: Revavroom|Revavroom, M|100\/100\n|-item|p2a: Revavroom|Air Balloon\n|move|p1a: Lokix|First Impression|p2a: Revavroom\n|-resisted|p2a: Revavroom\n|-damage|p2a: Revavroom|69\/100\n|-enditem|p2a: Revavroom|Air Balloon\n|-damage|p1a: Lokix|66\/100|[from] item: Life Orb\n|\n|upkeep\n|turn|5\n|\n|t:|1700364971\n|move|p1a: Lokix|Axe Kick|p2a: Revavroom\n|-damage|p2a: Revavroom|9\/100\n|-start|p2a: Revavroom|confusion\n|-damage|p1a: Lokix|56\/100|[from] item: Life Orb\n|-activate|p2a: Revavroom|confusion\n|-damage|p2a: Revavroom|0 fnt|[from] confusion\n|faint|p2a: Revavroom\n|\n|upkeep\n|\n|t:|1700364976\n|switch|p2a: Lilligant|Lilligant-Hisui, F|32\/100\n|turn|6\n|\n|t:|1700364984\n|switch|p1a: Garchomp|Garchomp, M|100\/100\n|-damage|p1a: Garchomp|94\/100|[from] Stealth Rock\n|move|p2a: Lilligant|Axe Kick|p1a: Garchomp\n|-damage|p1a: Garchomp|34\/100\n|-start|p1a: Garchomp|confusion\n|-damage|p2a: Lilligant|20\/100|[from] ability: Rough Skin|[of] p1a: Garchomp\n|\n|-heal|p1a: Garchomp|40\/100|[from] item: Leftovers\n|upkeep\n|turn|7\n|\n|t:|1700364993\n|-activate|p1a: Garchomp|confusion\n|move|p1a: Garchomp|Dragon Claw|p2a: Lilligant\n|-damage|p2a: Lilligant|0 fnt\n|faint|p2a: Lilligant\n|\n|win|lilKleizmer\n|n|\u2606lilKleizmer|lilkleizmer\n|n|\u2606AWSMAndrew303|awsmandrew303\n|n|*Lady Monita \u2746|ladymonita\n|n| Brendon rulzs|brendonrulzs\n","uploadtime":1700364994,"views":8,"p1id":"lilkleizmer","p2id":"awsmandrew303","formatid":"gen9ou","rating":0,"private":0,"password":""}