{"id":"gen9ou-1995260496","p1":"JAADragon","p2":"Toffeethepuppydog","format":"[Gen 9] OU","log":"|j|\u2606JAADragon\n|j|\u2606Toffeethepuppydog\n|t:|1700542804\n|gametype|singles\n|player|p1|JAADragon|ethan|1072\n|player|p2|Toffeethepuppydog|misty|1035\n|teamsize|p1|6\n|teamsize|p2|6\n|gen|9\n|tier|[Gen 9] OU\n|rated|\n|rule|Sleep Clause Mod: Limit one foe put to sleep\n|rule|Species Clause: Limit one of each Pok\u00e9mon\n|rule|OHKO Clause: OHKO moves are banned\n|rule|Evasion Items Clause: Evasion items are banned\n|rule|Evasion Moves Clause: Evasion moves are banned\n|rule|Endless Battle Clause: Forcing endless battles is banned\n|rule|HP Percentage Mod: HP is shown in percentages\n|clearpoke\n|poke|p1|Ampharos, F|\n|poke|p1|Typhlosion, M|\n|poke|p1|Espeon, F|\n|poke|p1|Forretress, M|\n|poke|p1|Quagsire, M|\n|poke|p1|Noctowl, F|\n|poke|p2|Espeon, M|\n|poke|p2|Leafeon, M|\n|poke|p2|Vaporeon, M|\n|poke|p2|Jolteon, M|\n|poke|p2|Sylveon, M|\n|poke|p2|Glaceon, M|\n|teampreview\n|inactive|Battle timer is ON: inactive players will automatically lose when time's up. (requested by Toffeethepuppydog)\n|c|\u2606Toffeethepuppydog|GL! HF!\n|\n|t:|1700542833\n|start\n|switch|p1a: Blast|Quagsire, M|100\/100\n|switch|p2a: Espeon|Espeon, M, shiny|100\/100\n|turn|1\n|\n|t:|1700542848\n|switch|p1a: Megumi|Espeon, F|100\/100\n|move|p2a: Espeon|Calm Mind|p2a: Espeon\n|-boost|p2a: Espeon|spa|1\n|-boost|p2a: Espeon|spd|1\n|\n|upkeep\n|turn|2\n|\n|t:|1700542856\n|switch|p1a: 40oz|Forretress, M|100\/100\n|move|p2a: Espeon|Psychic|p1a: 40oz\n|-resisted|p1a: 40oz\n|-damage|p1a: 40oz|47\/100\n|\n|-heal|p1a: 40oz|53\/100|[from] item: Leftovers\n|upkeep\n|turn|3\n|\n|t:|1700542865\n|move|p2a: Espeon|Psychic|p1a: 40oz\n|-resisted|p1a: 40oz\n|-damage|p1a: 40oz|0 fnt\n|faint|p1a: 40oz\n|\n|upkeep\n|\n|t:|1700542878\n|switch|p1a: Amp!|Ampharos, F|100\/100\n|turn|4\n|\n|t:|1700542885\n|move|p2a: Espeon|Calm Mind|p2a: Espeon\n|-boost|p2a: Espeon|spa|1\n|-boost|p2a: Espeon|spd|1\n|move|p1a: Amp!|Bulldoze|p2a: Espeon\n|-damage|p2a: Espeon|54\/100\n|-unboost|p2a: Espeon|spe|1\n|\n|upkeep\n|turn|5\n|\n|t:|1700542905\n|move|p2a: Espeon|Psychic|p1a: Amp!\n|-damage|p1a: Amp!|4\/100\n|move|p1a: Amp!|Bulldoze|p2a: Espeon\n|-damage|p2a: Espeon|6\/100\n|-unboost|p2a: Espeon|spe|1\n|\n|upkeep\n|turn|6\n|\n|t:|1700542913\n|move|p2a: Espeon|Rest|p2a: Espeon\n|-status|p2a: Espeon|slp|[from] move: Rest\n|-heal|p2a: Espeon|100\/100 slp|[silent]\n|move|p1a: Amp!|Bulldoze|p2a: Espeon\n|-damage|p2a: Espeon|54\/100 slp\n|-unboost|p2a: Espeon|spe|1\n|\n|upkeep\n|turn|7\n|\n|t:|1700542921\n|move|p1a: Amp!|Bulldoze|p2a: Espeon\n|-damage|p2a: Espeon|12\/100 slp\n|-unboost|p2a: Espeon|spe|1\n|cant|p2a: Espeon|slp\n|move|p2a: Espeon|Sleep Talk|p2a: Espeon\n|move|p2a: Espeon|Psychic|p1a: Amp!|[from]move: Sleep Talk\n|-damage|p1a: Amp!|0 fnt\n|faint|p1a: Amp!\n|\n|upkeep\n|\n|t:|1700542933\n|switch|p1a: Noctowl|Noctowl, F, shiny|100\/100\n|turn|8\n|\n|t:|1700542937\n|move|p1a: Noctowl|Tailwind|p1a: Noctowl\n|-sidestart|p1: JAADragon|move: Tailwind\n|cant|p2a: Espeon|slp\n|move|p2a: Espeon|Sleep Talk|p2a: Espeon\n|move|p2a: Espeon|Psychic|p1a: Noctowl|[from]move: Sleep Talk\n|-damage|p1a: Noctowl|0 fnt\n|faint|p1a: Noctowl\n|\n|upkeep\n|\n|t:|1700542946\n|switch|p1a: Megumi|Espeon, F|100\/100\n|turn|9\n|\n|t:|1700542957\n|move|p1a: Megumi|Psychic|p2a: Espeon\n|-resisted|p2a: Espeon\n|-crit|p2a: Espeon\n|-damage|p2a: Espeon|0 fnt\n|faint|p2a: Espeon\n|\n|upkeep\n|c|\u2606Toffeethepuppydog|Darn it\n|\n|t:|1700542972\n|switch|p2a: Sylveon|Sylveon, M, shiny|100\/100\n|turn|10\n|\n|t:|1700542978\n|switch|p1a: Blast|Quagsire, M|100\/100\n|move|p2a: Sylveon|Shadow Ball|p1a: Blast\n|-damage|p1a: Blast|72\/100\n|-enditem|p1a: Blast|Red Card|[of] p2a: Sylveon\n|drag|p2a: Jolteon|Jolteon, M, shiny|100\/100\n|\n|-status|p2a: Jolteon|brn|[from] item: Flame Orb\n|upkeep\n|turn|11\n|inactive|JAADragon has 120 seconds left.\n|\n|t:|1700543018\n|move|p2a: Jolteon|Trailblaze|p1a: Blast\n|-supereffective|p1a: Blast\n|-damage|p1a: Blast|59\/100\n|-boost|p2a: Jolteon|spe|1\n|move|p1a: Blast|Icy Wind|p2a: Jolteon\n|-damage|p2a: Jolteon|89\/100 brn\n|-unboost|p2a: Jolteon|spe|1\n|\n|-damage|p2a: Jolteon|84\/100 brn|[from] brn\n|-sideend|p1: JAADragon|move: Tailwind\n|upkeep\n|turn|12\n|\n|t:|1700543031\n|switch|p2a: Leafeon|Leafeon, M, shiny|100\/100\n|move|p1a: Blast|Sludge Bomb|p2a: Leafeon\n|-supereffective|p2a: Leafeon\n|-damage|p2a: Leafeon|49\/100\n|-status|p2a: Leafeon|psn\n|\n|-damage|p2a: Leafeon|37\/100 psn|[from] psn\n|upkeep\n|turn|13\n|\n|t:|1700543050\n|switch|p2a: Glaceon|Glaceon, M, shiny|100\/100\n|move|p1a: Blast|Yawn|p2a: Glaceon\n|-start|p2a: Glaceon|move: Yawn|[of] p1a: Blast\n|\n|upkeep\n|turn|14\n|\n|t:|1700543057\n|move|p2a: Glaceon|Blizzard|p1a: Blast\n|-damage|p1a: Blast|0 fnt\n|faint|p1a: Blast\n|\n|-end|p2a: Glaceon|move: Yawn|[silent]\n|-status|p2a: Glaceon|slp\n|upkeep\n|\n|t:|1700543061\n|switch|p1a: Megumi|Espeon, F|100\/100\n|turn|15\n|\n|t:|1700543071\n|switch|p2a: Sylveon|Sylveon, M, shiny|100\/100\n|move|p1a: Megumi|Power Gem|p2a: Sylveon\n|-damage|p2a: Sylveon|72\/100\n|\n|upkeep\n|turn|16\n|\n|t:|1700543078\n|switch|p1a: Spike|Typhlosion, M|100\/100\n|move|p2a: Sylveon|Shadow Ball|p1a: Spike\n|-damage|p1a: Spike|66\/100\n|\n|upkeep\n|turn|17\n|\n|t:|1700543089\n|move|p1a: Spike|Overheat|p2a: Sylveon\n|-damage|p2a: Sylveon|38\/100\n|-unboost|p1a: Spike|spa|2\n|move|p2a: Sylveon|Hyper Voice|p1a: Spike\n|-resisted|p1a: Spike\n|-damage|p1a: Spike|35\/100\n|\n|upkeep\n|turn|18\n|\n|t:|1700543101\n|switch|p2a: Vaporeon|Vaporeon, M, shiny|100\/100\n|move|p1a: Spike|Extrasensory|p2a: Vaporeon\n|-damage|p2a: Vaporeon|93\/100\n|\n|upkeep\n|turn|19\n|\n|t:|1700543109\n|move|p1a: Spike|Extrasensory|p2a: Vaporeon\n|-damage|p2a: Vaporeon|85\/100\n|move|p2a: Vaporeon|Hydro Pump|p1a: Spike\n|-supereffective|p1a: Spike\n|-damage|p1a: Spike|0 fnt\n|faint|p1a: Spike\n|\n|upkeep\n|\n|t:|1700543114\n|switch|p1a: Megumi|Espeon, F|100\/100\n|turn|20\n|\n|t:|1700543129\n|move|p1a: Megumi|Psychic|p2a: Vaporeon\n|-damage|p2a: Vaporeon|31\/100\n|move|p2a: Vaporeon|Hydro Pump|p1a: Megumi|[miss]\n|-miss|p2a: Vaporeon|p1a: Megumi\n|-enditem|p2a: Vaporeon|Blunder Policy\n|-boost|p2a: Vaporeon|spe|2\n|\n|upkeep\n|turn|21\n|\n|t:|1700543142\n|move|p2a: Vaporeon|Protect|p2a: Vaporeon\n|-singleturn|p2a: Vaporeon|Protect\n|move|p1a: Megumi|Psychic|p2a: Vaporeon\n|-activate|p2a: Vaporeon|move: Protect\n|\n|upkeep\n|turn|22\n|\n|t:|1700543153\n|move|p1a: Megumi|Psychic|p2a: Vaporeon\n|-damage|p2a: Vaporeon|0 fnt\n|faint|p2a: Vaporeon\n|\n|upkeep\n|\n|t:|1700543163\n|switch|p2a: Glaceon|Glaceon, M, shiny|100\/100 slp\n|turn|23\n|\n|t:|1700543169\n|-terastallize|p2a: Glaceon|Ghost\n|move|p1a: Megumi|Psychic|p2a: Glaceon\n|-damage|p2a: Glaceon|27\/100 slp\n|cant|p2a: Glaceon|slp\n|\n|-heal|p2a: Glaceon|33\/100 slp|[from] item: Leftovers\n|upkeep\n|turn|24\n|\n|t:|1700543176\n|move|p1a: Megumi|Psychic|p2a: Glaceon\n|-damage|p2a: Glaceon|0 fnt\n|faint|p2a: Glaceon\n|\n|upkeep\n|\n|t:|1700543180\n|switch|p2a: Jolteon|Jolteon, M, shiny|84\/100 brn\n|turn|25\n|\n|t:|1700543188\n|move|p2a: Jolteon|Electro Ball|p1a: Megumi\n|-damage|p1a: Megumi|57\/100\n|move|p1a: Megumi|Psychic|p2a: Jolteon\n|-damage|p2a: Jolteon|0 fnt\n|faint|p2a: Jolteon\n|\n|upkeep\n|\n|t:|1700543199\n|switch|p2a: Sylveon|Sylveon, M, shiny|38\/100\n|turn|26\n|\n|t:|1700543204\n|move|p1a: Megumi|Psychic|p2a: Sylveon\n|-damage|p2a: Sylveon|0 fnt\n|faint|p2a: Sylveon\n|\n|upkeep\n|\n|t:|1700543208\n|switch|p2a: Leafeon|Leafeon, M, shiny|37\/100 psn\n|turn|27\n|\n|t:|1700543213\n|move|p1a: Megumi|Psychic|p2a: Leafeon\n|-damage|p2a: Leafeon|0 fnt\n|faint|p2a: Leafeon\n|\n|win|JAADragon\n|raw|JAADragon's rating: 1072 &rarr; <strong>1098<\/strong><br \/>(+26 for winning)\n|raw|Toffeethepuppydog's rating: 1035 &rarr; <strong>1021<\/strong><br \/>(-14 for losing)\n|c|\u2606JAADragon|Gg\n|l|\u2606Toffeethepuppydog\n","uploadtime":1700543230,"views":3,"p1id":"jaadragon","p2id":"toffeethepuppydog","formatid":"gen9ou","rating":1021,"private":0,"password":""}