{"id":"gen9ou-1993135914","p1":"TheMostDespised","p2":"Xilkix","format":"[Gen 9] OU","log":"|j|\u2606TheMostDespised\n|j|\u2606Xilkix\n|t:|1700269017\n|gametype|singles\n|player|p1|TheMostDespised|lusamine-nihilego|1247\n|player|p2|Xilkix|ethan|1347\n|teamsize|p1|6\n|teamsize|p2|6\n|gen|9\n|tier|[Gen 9] OU\n|rated|\n|rule|Sleep Clause Mod: Limit one foe put to sleep\n|rule|Species Clause: Limit one of each Pok\u00e9mon\n|rule|OHKO Clause: OHKO moves are banned\n|rule|Evasion Items Clause: Evasion items are banned\n|rule|Evasion Moves Clause: Evasion moves are banned\n|rule|Endless Battle Clause: Forcing endless battles is banned\n|rule|HP Percentage Mod: HP is shown in percentages\n|clearpoke\n|poke|p1|Torkoal, F|\n|poke|p1|Gholdengo|\n|poke|p1|Garganacl, F|\n|poke|p1|Kingambit, F|\n|poke|p1|Walking Wake|\n|poke|p1|Clefable, F|\n|poke|p2|Dragonite, F|\n|poke|p2|Iron Valiant|\n|poke|p2|Gholdengo|\n|poke|p2|Samurott-Hisui, F|\n|poke|p2|Great Tusk|\n|poke|p2|Ting-Lu|\n|teampreview\n|inactive|Battle timer is ON: inactive players will automatically lose when time's up. (requested by TheMostDespised)\n|inactive|Xilkix has 120 seconds left.\n|\n|t:|1700269062\n|start\n|switch|p1a: Buffoon!|Clefable, F|100\/100\n|switch|p2a: Iron Valiant|Iron Valiant|100\/100\n|turn|1\n|\n|t:|1700269082\n|-end|p2a: Iron Valiant|Quark Drive|[silent]\n|switch|p2a: Gholdengo|Gholdengo|100\/100\n|move|p1a: Buffoon!|Cosmic Power|p1a: Buffoon!\n|-boost|p1a: Buffoon!|def|1\n|-boost|p1a: Buffoon!|spd|1\n|\n|upkeep\n|turn|2\n|\n|t:|1700269088\n|-terastallize|p1a: Buffoon!|Electric\n|move|p2a: Gholdengo|Trick|p1a: Buffoon!\n|-activate|p2a: Gholdengo|move: Trick|[of] p1a: Buffoon!\n|-item|p1a: Buffoon!|Choice Scarf|[from] move: Trick\n|-item|p2a: Gholdengo|Leftovers|[from] move: Trick\n|move|p1a: Buffoon!|Cosmic Power|p1a: Buffoon!\n|-boost|p1a: Buffoon!|def|1\n|-boost|p1a: Buffoon!|spd|1\n|\n|upkeep\n|turn|3\n|\n|t:|1700269113\n|switch|p2a: Iron Valiant|Iron Valiant|100\/100\n|move|p1a: Buffoon!|Cosmic Power|p1a: Buffoon!\n|-boost|p1a: Buffoon!|def|1\n|-boost|p1a: Buffoon!|spd|1\n|\n|upkeep\n|turn|4\n|\n|t:|1700269116\n|move|p2a: Iron Valiant|Moonblast|p1a: Buffoon!\n|-damage|p1a: Buffoon!|75\/100\n|-unboost|p1a: Buffoon!|spa|1\n|move|p1a: Buffoon!|Cosmic Power|p1a: Buffoon!\n|-boost|p1a: Buffoon!|def|1\n|-boost|p1a: Buffoon!|spd|1\n|\n|upkeep\n|turn|5\n|\n|t:|1700269119\n|move|p2a: Iron Valiant|Moonblast|p1a: Buffoon!\n|-damage|p1a: Buffoon!|54\/100\n|-unboost|p1a: Buffoon!|spa|1\n|move|p1a: Buffoon!|Cosmic Power|p1a: Buffoon!\n|-boost|p1a: Buffoon!|def|1\n|-boost|p1a: Buffoon!|spd|1\n|\n|upkeep\n|turn|6\n|\n|t:|1700269122\n|move|p2a: Iron Valiant|Moonblast|p1a: Buffoon!\n|-damage|p1a: Buffoon!|35\/100\n|move|p1a: Buffoon!|Cosmic Power|p1a: Buffoon!\n|-boost|p1a: Buffoon!|def|1\n|-boost|p1a: Buffoon!|spd|1\n|\n|upkeep\n|turn|7\n|\n|t:|1700269130\n|switch|p1a: Optimist|Torkoal, F|100\/100\n|-weather|SunnyDay|[from] ability: Drought|[of] p1a: Optimist\n|move|p2a: Iron Valiant|Moonblast|p1a: Optimist\n|-resisted|p1a: Optimist\n|-damage|p1a: Optimist|53\/100\n|-unboost|p1a: Optimist|spa|1\n|\n|-weather|SunnyDay|[upkeep]\n|upkeep\n|turn|8\n|\n|t:|1700269143\n|switch|p1a: Dracovish 2|Walking Wake|100\/100\n|-activate|p1a: Dracovish 2|ability: Protosynthesis\n|-start|p1a: Dracovish 2|protosynthesisspe\n|move|p2a: Iron Valiant|Moonblast|p1a: Dracovish 2\n|-supereffective|p1a: Dracovish 2\n|-damage|p1a: Dracovish 2|0 fnt\n|faint|p1a: Dracovish 2\n|-end|p1a: Dracovish 2|Protosynthesis|[silent]\n|\n|-weather|SunnyDay|[upkeep]\n|upkeep\n|\n|t:|1700269160\n|switch|p1a: Sleepy Guy|Garganacl, F|100\/100\n|turn|9\n|\n|t:|1700269166\n|-end|p2a: Iron Valiant|Quark Drive|[silent]\n|switch|p2a: Ting-Lu|Ting-Lu|100\/100\n|-ability|p2a: Ting-Lu|Vessel of Ruin\n|move|p1a: Sleepy Guy|Salt Cure|p2a: Ting-Lu\n|-resisted|p2a: Ting-Lu\n|-damage|p2a: Ting-Lu|98\/100\n|-start|p2a: Ting-Lu|Salt Cure\n|\n|-weather|SunnyDay|[upkeep]\n|-heal|p2a: Ting-Lu|100\/100|[from] item: Leftovers\n|-damage|p2a: Ting-Lu|88\/100|[from] Salt Cure\n|upkeep\n|turn|10\n|\n|t:|1700269170\n|move|p2a: Ting-Lu|Stealth Rock|p1a: Sleepy Guy\n|-sidestart|p1: TheMostDespised|move: Stealth Rock\n|move|p1a: Sleepy Guy|Iron Defense|p1a: Sleepy Guy\n|-boost|p1a: Sleepy Guy|def|2\n|\n|-weather|SunnyDay|[upkeep]\n|-heal|p2a: Ting-Lu|94\/100|[from] item: Leftovers\n|-damage|p2a: Ting-Lu|82\/100|[from] Salt Cure\n|upkeep\n|turn|11\n|\n|t:|1700269188\n|-terastallize|p2a: Ting-Lu|Ghost\n|move|p2a: Ting-Lu|Ruination|p1a: Sleepy Guy\n|-damage|p1a: Sleepy Guy|51\/100\n|move|p1a: Sleepy Guy|Iron Defense|p1a: Sleepy Guy\n|-boost|p1a: Sleepy Guy|def|2\n|\n|-weather|SunnyDay|[upkeep]\n|-heal|p2a: Ting-Lu|88\/100|[from] item: Leftovers\n|-heal|p1a: Sleepy Guy|57\/100|[from] item: Leftovers\n|-damage|p2a: Ting-Lu|76\/100|[from] Salt Cure\n|upkeep\n|turn|12\n|inactive|TheMostDespised has 120 seconds left.\n|inactive|TheMostDespised has 90 seconds left.\n|\n|t:|1700269257\n|move|p1a: Sleepy Guy|Iron Defense|p1a: Sleepy Guy\n|-boost|p1a: Sleepy Guy|def|2\n|move|p2a: Ting-Lu|Whirlwind|p1a: Sleepy Guy\n|drag|p1a: Buffoon!|Clefable, F, tera:Electric|35\/100\n|\n|-weather|SunnyDay|[upkeep]\n|-heal|p2a: Ting-Lu|82\/100|[from] item: Leftovers\n|-damage|p2a: Ting-Lu|69\/100|[from] Salt Cure\n|upkeep\n|turn|13\n|inactive|TheMostDespised has 90 seconds left.\n|\n|t:|1700269275\n|switch|p2a: Gholdengo|Gholdengo|100\/100\n|move|p1a: Buffoon!|Moonlight|p1a: Buffoon!\n|-heal|p1a: Buffoon!|100\/100\n|\n|-weather|SunnyDay|[upkeep]\n|upkeep\n|turn|14\n|inactive|TheMostDespised has 90 seconds left.\n|\n|t:|1700269286\n|switch|p2a: Iron Valiant|Iron Valiant|100\/100\n|move|p1a: Buffoon!|Moonlight|p1a: Buffoon!\n|-fail|p1a: Buffoon!|heal\n|\n|-weather|none\n|upkeep\n|turn|15\n|\n|t:|1700269291\n|switch|p1a: Sleepy Guy|Garganacl, F|57\/100\n|-damage|p1a: Sleepy Guy|44\/100|[from] Stealth Rock\n|move|p2a: Iron Valiant|Moonblast|p1a: Sleepy Guy\n|-crit|p1a: Sleepy Guy\n|-damage|p1a: Sleepy Guy|0 fnt\n|faint|p1a: Sleepy Guy\n|\n|upkeep\n|inactive|TheMostDespised has 90 seconds left.\n|\n|t:|1700269306\n|switch|p1a: Buffoon!|Clefable, F, tera:Electric|100\/100\n|turn|16\n|\n|t:|1700269310\n|-end|p2a: Iron Valiant|Quark Drive|[silent]\n|switch|p2a: Gholdengo|Gholdengo|100\/100\n|move|p1a: Buffoon!|Charge Beam|p2a: Gholdengo\n|-damage|p2a: Gholdengo|78\/100\n|-boost|p1a: Buffoon!|spa|1\n|\n|-heal|p2a: Gholdengo|84\/100|[from] item: Leftovers\n|upkeep\n|turn|17\n|\n|t:|1700269315\n|switch|p2a: Great Tusk|Great Tusk|100\/100\n|move|p1a: Buffoon!|Charge Beam|p2a: Great Tusk\n|-immune|p2a: Great Tusk\n|\n|upkeep\n|turn|18\n|\n|t:|1700269318\n|switch|p1a: Optimist|Torkoal, F|53\/100\n|-damage|p1a: Optimist|28\/100|[from] Stealth Rock\n|-weather|SunnyDay|[from] ability: Drought|[of] p1a: Optimist\n|-activate|p2a: Great Tusk|ability: Protosynthesis\n|-start|p2a: Great Tusk|protosynthesisdef\n|move|p2a: Great Tusk|Earthquake|p1a: Optimist\n|-supereffective|p1a: Optimist\n|-damage|p1a: Optimist|0 fnt\n|faint|p1a: Optimist\n|\n|-weather|SunnyDay|[upkeep]\n|upkeep\n|inactive|TheMostDespised has 120 seconds left.\n|\n|t:|1700269329\n|switch|p1a: Losing|Kingambit, F|100\/100\n|-damage|p1a: Losing|94\/100|[from] Stealth Rock\n|-activate|p1a: Losing|ability: Supreme Overlord\n|-start|p1a: Losing|fallen3|[silent]\n|turn|19\n|inactive|TheMostDespised has 120 seconds left.\n|\n|t:|1700269334\n|move|p2a: Great Tusk|Body Press|p1a: Losing\n|-supereffective|p1a: Losing\n|-damage|p1a: Losing|0 fnt\n|faint|p1a: Losing\n|-end|p1a: Losing|fallen3|[silent]\n|\n|-weather|SunnyDay|[upkeep]\n|upkeep\n|inactive|TheMostDespised has 120 seconds left.\n|inactive|TheMostDespised has 90 seconds left.\n|\n|t:|1700269379\n|switch|p1a: Buffoon!|Clefable, F, tera:Electric|100\/100\n|turn|20\n|\n|t:|1700269383\n|-end|p2a: Great Tusk|Protosynthesis|[silent]\n|switch|p2a: Gholdengo|Gholdengo|84\/100\n|move|p1a: Buffoon!|Stored Power|p2a: Gholdengo\n|-resisted|p2a: Gholdengo\n|-damage|p2a: Gholdengo|81\/100\n|\n|-weather|SunnyDay|[upkeep]\n|-heal|p2a: Gholdengo|87\/100|[from] item: Leftovers\n|upkeep\n|turn|21\n|\n|t:|1700269387\n|move|p2a: Gholdengo|Shadow Ball|p1a: Buffoon!\n|-damage|p1a: Buffoon!|58\/100\n|-unboost|p1a: Buffoon!|spd|1\n|move|p1a: Buffoon!|Stored Power|p2a: Gholdengo\n|-resisted|p2a: Gholdengo\n|-damage|p2a: Gholdengo|84\/100\n|\n|-weather|SunnyDay|[upkeep]\n|-heal|p2a: Gholdengo|90\/100|[from] item: Leftovers\n|upkeep\n|turn|22\n|inactive|TheMostDespised has 90 seconds left.\n|c|\u2606TheMostDespised|your great tusk is cool. Is it max HP or speed?\n|c|\u2606Xilkix|hold on lemme see\n|inactive|TheMostDespised has 60 seconds left.\n|inactive|TheMostDespised has 30 seconds left.\n|inactive|Xilkix has 120 seconds left.\n|inactive|TheMostDespised has 20 seconds left.\n|c|\u2606Xilkix|Max Hp, 112 D, 4Sdp, 140 Speed\n|inactive|Xilkix has 90 seconds left.\n|c|\u2606Xilkix|Impish\n|\n|t:|1700269504\n|switch|p1a: Fakemon Cheese Boy|Gholdengo|100\/100\n|-damage|p1a: Fakemon Cheese Boy|94\/100|[from] Stealth Rock\n|-item|p1a: Fakemon Cheese Boy|Air Balloon\n|move|p2a: Gholdengo|Shadow Ball|p1a: Fakemon Cheese Boy\n|-supereffective|p1a: Fakemon Cheese Boy\n|-damage|p1a: Fakemon Cheese Boy|15\/100\n|-enditem|p1a: Fakemon Cheese Boy|Air Balloon\n|\n|-weather|SunnyDay|[upkeep]\n|-heal|p2a: Gholdengo|96\/100|[from] item: Leftovers\n|upkeep\n|turn|23\n|inactive|TheMostDespised has 30 seconds left this turn.\n|inactive|TheMostDespised has 20 seconds left.\n|c|\u2606TheMostDespised|yeah that's a really cool set I like it\n|inactive|TheMostDespised has 15 seconds left.\n|c|\u2606TheMostDespised|good stuff\n|c|\u2606TheMostDespised|ggwp\n|c|\u2606Xilkix|thanks\n|inactive|TheMostDespised has 10 seconds left.\n|c|\u2606Xilkix|gg wp\n|inactive|TheMostDespised has 5 seconds left.\n|-message|TheMostDespised lost due to inactivity.\n|\n|win|Xilkix\n|raw|TheMostDespised's rating: 1223 &rarr; <strong>1207<\/strong><br \/>(-16 for losing)\n|raw|Xilkix's rating: 1347 &rarr; <strong>1360<\/strong><br \/>(+13 for winning)\n|l|\u2606Xilkix\n","uploadtime":1700270009,"views":28,"p1id":"themostdespised","p2id":"xilkix","formatid":"gen9ou","rating":1207,"private":0,"password":""}