{"id":"gen9ou-2000616623","p1":"NomaTyx","p2":"Swizzlle","format":"[Gen 9] OU","log":"|j|\u2606NomaTyx\n|j|\u2606Swizzlle\n|t:|1701210906\n|gametype|singles\n|player|p1|NomaTyx|aromalady|1396\n|player|p2|Swizzlle|ingo|1352\n|teamsize|p1|6\n|teamsize|p2|6\n|gen|9\n|tier|[Gen 9] OU\n|rated|\n|rule|Sleep Clause Mod: Limit one foe put to sleep\n|rule|Species Clause: Limit one of each Pok\u00e9mon\n|rule|OHKO Clause: OHKO moves are banned\n|rule|Evasion Items Clause: Evasion items are banned\n|rule|Evasion Moves Clause: Evasion moves are banned\n|rule|Endless Battle Clause: Forcing endless battles is banned\n|rule|HP Percentage Mod: HP is shown in percentages\n|clearpoke\n|poke|p1|Kingambit, F|\n|poke|p1|Glimmora, M|\n|poke|p1|Zamazenta-*|\n|poke|p1|Iron Valiant|\n|poke|p1|Iron Moth|\n|poke|p1|Ogerpon-Wellspring, F|\n|poke|p2|Mudsdale, F|\n|poke|p2|Bellibolt, M|\n|poke|p2|Brambleghast, M|\n|poke|p2|Conkeldurr, F|\n|poke|p2|Umbreon, M|\n|poke|p2|Ursaring, M|\n|teampreview\n|inactive|Battle timer is ON: inactive players will automatically lose when time's up. (requested by Swizzlle)\n|\n|t:|1701210936\n|start\n|switch|p1a: Glimmora|Glimmora, M|100\/100\n|switch|p2a: Bellibolt|Bellibolt, M|100\/100\n|turn|1\n|\n|t:|1701210943\n|move|p1a: Glimmora|Stealth Rock|p2a: Bellibolt\n|-sidestart|p2: Swizzlle|move: Stealth Rock\n|move|p2a: Bellibolt|Thunderbolt|p1a: Glimmora\n|-damage|p1a: Glimmora|53\/100\n|\n|upkeep\n|turn|2\n|\n|t:|1701210952\n|move|p1a: Glimmora|Mortal Spin|p2a: Bellibolt\n|-damage|p2a: Bellibolt|95\/100\n|-status|p2a: Bellibolt|psn\n|-start|p2a: Bellibolt|Charge|Mortal Spin|[from] ability: Electromorphosis\n|move|p2a: Bellibolt|Thunderbolt|p1a: Glimmora\n|-damage|p1a: Glimmora|0 fnt\n|faint|p1a: Glimmora\n|-end|p2a: Bellibolt|Charge|[silent]\n|\n|-heal|p2a: Bellibolt|100\/100 psn|[from] item: Leftovers\n|-damage|p2a: Bellibolt|88\/100 psn|[from] psn\n|upkeep\n|inactive|NomaTyx has 120 seconds left.\n|\n|t:|1701211004\n|switch|p1a: Iron Valiant|Iron Valiant|100\/100\n|-enditem|p1a: Iron Valiant|Booster Energy\n|-activate|p1a: Iron Valiant|ability: Quark Drive|[fromitem]\n|-start|p1a: Iron Valiant|quarkdrivespe\n|turn|3\n|\n|t:|1701211017\n|move|p1a: Iron Valiant|Moonblast|p2a: Bellibolt\n|-damage|p2a: Bellibolt|60\/100 psn\n|-start|p2a: Bellibolt|Charge|Moonblast|[from] ability: Electromorphosis\n|move|p2a: Bellibolt|Toxic|p1a: Iron Valiant\n|-status|p1a: Iron Valiant|tox\n|\n|-heal|p2a: Bellibolt|66\/100 psn|[from] item: Leftovers\n|-damage|p1a: Iron Valiant|94\/100 tox|[from] psn\n|-damage|p2a: Bellibolt|54\/100 psn|[from] psn\n|upkeep\n|turn|4\n|\n|t:|1701211028\n|move|p1a: Iron Valiant|Calm Mind|p1a: Iron Valiant\n|-boost|p1a: Iron Valiant|spa|1\n|-boost|p1a: Iron Valiant|spd|1\n|move|p2a: Bellibolt|Thunderbolt|p1a: Iron Valiant\n|-damage|p1a: Iron Valiant|19\/100 tox\n|-end|p2a: Bellibolt|Charge|[silent]\n|\n|-heal|p2a: Bellibolt|60\/100 psn|[from] item: Leftovers\n|-damage|p1a: Iron Valiant|7\/100 tox|[from] psn\n|-damage|p2a: Bellibolt|48\/100 psn|[from] psn\n|upkeep\n|turn|5\n|\n|t:|1701211039\n|move|p1a: Iron Valiant|Moonblast|p2a: Bellibolt\n|-damage|p2a: Bellibolt|2\/100 psn\n|-start|p2a: Bellibolt|Charge|Moonblast|[from] ability: Electromorphosis\n|move|p2a: Bellibolt|Slack Off|p2a: Bellibolt\n|-heal|p2a: Bellibolt|52\/100 psn\n|\n|-heal|p2a: Bellibolt|59\/100 psn|[from] item: Leftovers\n|-damage|p1a: Iron Valiant|0 fnt|[from] psn\n|faint|p1a: Iron Valiant\n|-end|p1a: Iron Valiant|Quark Drive|[silent]\n|-damage|p2a: Bellibolt|46\/100 psn|[from] psn\n|upkeep\n|inactive|NomaTyx has 90 seconds left.\n|\n|t:|1701211064\n|switch|p1a: Iron Moth|Iron Moth|100\/100\n|-enditem|p1a: Iron Moth|Booster Energy\n|-activate|p1a: Iron Moth|ability: Quark Drive|[fromitem]\n|-start|p1a: Iron Moth|quarkdrivespe\n|turn|6\n|\n|t:|1701211078\n|switch|p2a: Ursaring|Ursaring, M|100\/100\n|-damage|p2a: Ursaring|88\/100|[from] Stealth Rock\n|move|p1a: Iron Moth|Fiery Dance|p2a: Ursaring\n|-damage|p2a: Ursaring|66\/100\n|\n|upkeep\n|turn|7\n|inactive|NomaTyx has 90 seconds left.\n|\n|t:|1701211096\n|move|p1a: Iron Moth|Substitute|p1a: Iron Moth\n|-start|p1a: Iron Moth|Substitute\n|-damage|p1a: Iron Moth|76\/100\n|move|p2a: Ursaring|Earthquake|p1a: Iron Moth\n|-supereffective|p1a: Iron Moth\n|-end|p1a: Iron Moth|Substitute\n|\n|upkeep\n|turn|8\n|inactive|NomaTyx has 90 seconds left.\n|\n|t:|1701211124\n|-end|p1a: Iron Moth|Quark Drive|[silent]\n|switch|p1a: Ogerpon|Ogerpon-Wellspring, F|100\/100\n|move|p2a: Ursaring|Bulk Up|p2a: Ursaring\n|-boost|p2a: Ursaring|atk|1\n|-boost|p2a: Ursaring|def|1\n|\n|upkeep\n|turn|9\n|\n|t:|1701211132\n|move|p1a: Ogerpon|Swords Dance|p1a: Ogerpon\n|-boost|p1a: Ogerpon|atk|2\n|move|p2a: Ursaring|Body Slam|p1a: Ogerpon\n|-damage|p1a: Ogerpon|31\/100\n|\n|upkeep\n|turn|10\n|inactive|NomaTyx has 90 seconds left.\n|\n|t:|1701211138\n|move|p1a: Ogerpon|Power Whip|p2a: Ursaring\n|-damage|p2a: Ursaring|0 fnt\n|faint|p2a: Ursaring\n|\n|upkeep\n|\n|t:|1701211149\n|switch|p2a: Brambleghast|Brambleghast, M|100\/100\n|turn|11\n|\n|t:|1701211152\n|move|p2a: Brambleghast|Shadow Sneak|p1a: Ogerpon\n|-damage|p1a: Ogerpon|7\/100\n|move|p1a: Ogerpon|Knock Off|p2a: Brambleghast\n|-supereffective|p2a: Brambleghast\n|-damage|p2a: Brambleghast|0 fnt\n|-enditem|p2a: Brambleghast|Heavy-Duty Boots|[from] move: Knock Off|[of] p1a: Ogerpon\n|faint|p2a: Brambleghast\n|\n|upkeep\n|inactive|Swizzlle has 120 seconds left.\n|\n|t:|1701211179\n|switch|p2a: Conkeldurr|Conkeldurr, F|100\/100\n|-damage|p2a: Conkeldurr|94\/100|[from] Stealth Rock\n|turn|12\n|\n|t:|1701211186\n|move|p2a: Conkeldurr|Mach Punch|p1a: Ogerpon\n|-damage|p1a: Ogerpon|0 fnt\n|faint|p1a: Ogerpon\n|\n|-status|p2a: Conkeldurr|brn|[from] item: Flame Orb\n|upkeep\n|\n|t:|1701211198\n|switch|p1a: Zamazenta|Zamazenta, shiny|100\/100\n|-ability|p1a: Zamazenta|Dauntless Shield|boost\n|-boost|p1a: Zamazenta|def|1\n|turn|13\n|inactive|Swizzlle has 120 seconds left.\n|\n|t:|1701211223\n|switch|p2a: Mudsdale|Mudsdale, F|100\/100\n|-damage|p2a: Mudsdale|94\/100|[from] Stealth Rock\n|move|p1a: Zamazenta|Iron Defense|p1a: Zamazenta\n|-boost|p1a: Zamazenta|def|2\n|\n|-heal|p2a: Mudsdale|100\/100|[from] item: Leftovers\n|upkeep\n|turn|14\n|\n|t:|1701211234\n|move|p1a: Zamazenta|Iron Defense|p1a: Zamazenta\n|-boost|p1a: Zamazenta|def|2\n|move|p2a: Mudsdale|Roar|p1a: Zamazenta\n|drag|p1a: Iron Moth|Iron Moth|76\/100\n|\n|upkeep\n|turn|15\n|\n|t:|1701211245\n|move|p1a: Iron Moth|Fiery Dance|p2a: Mudsdale\n|-damage|p2a: Mudsdale|61\/100\n|-ability|p2a: Mudsdale|Stamina|boost\n|-boost|p2a: Mudsdale|def|1\n|move|p2a: Mudsdale|Earthquake|p1a: Iron Moth\n|-supereffective|p1a: Iron Moth\n|-damage|p1a: Iron Moth|0 fnt\n|faint|p1a: Iron Moth\n|-end|p1a: Iron Moth|Quark Drive|[silent]\n|\n|-heal|p2a: Mudsdale|67\/100|[from] item: Leftovers\n|upkeep\n|\n|t:|1701211255\n|switch|p1a: Zamazenta|Zamazenta, shiny|100\/100\n|turn|16\n|\n|t:|1701211259\n|move|p1a: Zamazenta|Iron Defense|p1a: Zamazenta\n|-boost|p1a: Zamazenta|def|2\n|move|p2a: Mudsdale|Stealth Rock|p1a: Zamazenta\n|-sidestart|p1: NomaTyx|move: Stealth Rock\n|\n|-heal|p2a: Mudsdale|74\/100|[from] item: Leftovers\n|upkeep\n|turn|17\n|inactive|NomaTyx has 120 seconds left.\n|\n|t:|1701211266\n|move|p1a: Zamazenta|Iron Defense|p1a: Zamazenta\n|-boost|p1a: Zamazenta|def|2\n|move|p2a: Mudsdale|Roar|p1a: Zamazenta\n|drag|p1a: Kingambit|Kingambit, F|100\/100\n|-damage|p1a: Kingambit|94\/100|[from] Stealth Rock\n|-activate|p1a: Kingambit|ability: Supreme Overlord\n|-start|p1a: Kingambit|fallen4|[silent]\n|\n|-heal|p2a: Mudsdale|80\/100|[from] item: Leftovers\n|upkeep\n|turn|18\n|inactive|NomaTyx has 120 seconds left.\n|\n|t:|1701211282\n|-terastallize|p1a: Kingambit|Flying\n|move|p1a: Kingambit|Swords Dance|p1a: Kingambit\n|-boost|p1a: Kingambit|atk|2\n|move|p2a: Mudsdale|Body Press|p1a: Kingambit\n|-resisted|p1a: Kingambit\n|-damage|p1a: Kingambit|78\/100\n|\n|-heal|p2a: Mudsdale|86\/100|[from] item: Leftovers\n|upkeep\n|turn|19\n|inactive|NomaTyx has 120 seconds left.\n|\n|t:|1701211297\n|move|p1a: Kingambit|Iron Head|p2a: Mudsdale\n|-damage|p2a: Mudsdale|34\/100\n|-ability|p2a: Mudsdale|Stamina|boost\n|-boost|p2a: Mudsdale|def|1\n|move|p2a: Mudsdale|Roar|p1a: Kingambit\n|-end|p1a: Kingambit|fallen4|[silent]\n|drag|p1a: Zamazenta|Zamazenta, shiny|100\/100\n|-damage|p1a: Zamazenta|94\/100|[from] Stealth Rock\n|\n|-heal|p1a: Zamazenta|100\/100|[from] item: Leftovers\n|-heal|p2a: Mudsdale|40\/100|[from] item: Leftovers\n|upkeep\n|turn|20\n|inactive|NomaTyx has 120 seconds left.\n|\n|t:|1701211320\n|switch|p2a: Umbreon|Umbreon, M|100\/100\n|-damage|p2a: Umbreon|88\/100|[from] Stealth Rock\n|move|p1a: Zamazenta|Iron Defense|p1a: Zamazenta\n|-boost|p1a: Zamazenta|def|2\n|\n|-heal|p2a: Umbreon|94\/100|[from] item: Leftovers\n|upkeep\n|turn|21\n|\n|t:|1701211329\n|-terastallize|p2a: Umbreon|Fairy\n|move|p1a: Zamazenta|Body Press|p2a: Umbreon\n|-resisted|p2a: Umbreon\n|-damage|p2a: Umbreon|75\/100\n|move|p2a: Umbreon|Toxic|p1a: Zamazenta\n|-status|p1a: Zamazenta|tox\n|\n|-heal|p2a: Umbreon|81\/100|[from] item: Leftovers\n|-damage|p1a: Zamazenta|94\/100 tox|[from] psn\n|upkeep\n|turn|22\n|inactive|NomaTyx has 120 seconds left.\n|\n|t:|1701211349\n|move|p1a: Zamazenta|Iron Defense|p1a: Zamazenta\n|-boost|p1a: Zamazenta|def|2\n|move|p2a: Umbreon|Wish|p2a: Umbreon\n|\n|-heal|p1a: Zamazenta|100\/100 tox|[from] item: Leftovers\n|-heal|p2a: Umbreon|87\/100|[from] item: Leftovers\n|-damage|p1a: Zamazenta|88\/100 tox|[from] psn\n|upkeep\n|turn|23\n|\n|t:|1701211359\n|switch|p2a: Bellibolt|Bellibolt, M|46\/100 psn\n|-damage|p2a: Bellibolt|34\/100 psn|[from] Stealth Rock\n|move|p1a: Zamazenta|Body Press|p2a: Bellibolt\n|-damage|p2a: Bellibolt|0 fnt\n|faint|p2a: Bellibolt\n|\n|-heal|p1a: Zamazenta|94\/100 tox|[from] item: Leftovers\n|-damage|p1a: Zamazenta|76\/100 tox|[from] psn\n|upkeep\n|\n|t:|1701211371\n|switch|p2a: Umbreon|Umbreon, M, tera:Fairy|87\/100\n|-damage|p2a: Umbreon|74\/100|[from] Stealth Rock\n|turn|24\n|\n|t:|1701211381\n|move|p1a: Zamazenta|Body Press|p2a: Umbreon\n|-resisted|p2a: Umbreon\n|-damage|p2a: Umbreon|42\/100\n|move|p2a: Umbreon|Wish|p2a: Umbreon\n|\n|-heal|p1a: Zamazenta|82\/100 tox|[from] item: Leftovers\n|-heal|p2a: Umbreon|48\/100|[from] item: Leftovers\n|-damage|p1a: Zamazenta|57\/100 tox|[from] psn\n|upkeep\n|turn|25\n|\n|t:|1701211390\n|move|p1a: Zamazenta|Iron Defense|p1a: Zamazenta\n|-boost|p1a: Zamazenta|def|2\n|move|p2a: Umbreon|Foul Play|p1a: Zamazenta\n|-resisted|p1a: Zamazenta\n|-damage|p1a: Zamazenta|52\/100 tox\n|\n|-heal|p2a: Umbreon|98\/100|[from] move: Wish|[wisher] Umbreon\n|-heal|p1a: Zamazenta|59\/100 tox|[from] item: Leftovers\n|-heal|p2a: Umbreon|100\/100|[from] item: Leftovers\n|-damage|p1a: Zamazenta|28\/100 tox|[from] psn\n|upkeep\n|turn|26\n|\n|t:|1701211403\n|move|p2a: Umbreon|Protect|p2a: Umbreon\n|-singleturn|p2a: Umbreon|Protect\n|move|p1a: Zamazenta|Body Press|p2a: Umbreon\n|-activate|p2a: Umbreon|move: Protect\n|\n|-heal|p1a: Zamazenta|34\/100 tox|[from] item: Leftovers\n|-damage|p1a: Zamazenta|0 fnt|[from] psn\n|faint|p1a: Zamazenta\n|upkeep\n|\n|t:|1701211405\n|switch|p1a: Kingambit|Kingambit, F, tera:Flying|78\/100\n|-damage|p1a: Kingambit|53\/100|[from] Stealth Rock\n|-activate|p1a: Kingambit|ability: Supreme Overlord\n|-start|p1a: Kingambit|fallen5|[silent]\n|turn|27\n|\n|t:|1701211417\n|move|p1a: Kingambit|Iron Head|p2a: Umbreon\n|-supereffective|p2a: Umbreon\n|-damage|p2a: Umbreon|13\/100\n|move|p2a: Umbreon|Foul Play|p1a: Kingambit\n|-damage|p1a: Kingambit|9\/100\n|\n|-heal|p2a: Umbreon|19\/100|[from] item: Leftovers\n|upkeep\n|turn|28\n|\n|t:|1701211426\n|move|p1a: Kingambit|Iron Head|p2a: Umbreon\n|-supereffective|p2a: Umbreon\n|-damage|p2a: Umbreon|0 fnt\n|faint|p2a: Umbreon\n|\n|upkeep\n|c|\u2606Swizzlle|gg\n|\n|t:|1701211432\n|switch|p2a: Conkeldurr|Conkeldurr, F|94\/100 brn\n|-damage|p2a: Conkeldurr|88\/100 brn|[from] Stealth Rock\n|turn|29\n|c|\u2606NomaTyx|gg\n|\n|t:|1701211446\n|move|p1a: Kingambit|Sucker Punch|p2a: Conkeldurr\n|-resisted|p2a: Conkeldurr\n|-damage|p2a: Conkeldurr|58\/100 brn\n|move|p2a: Conkeldurr|Mach Punch|p1a: Kingambit\n|-resisted|p1a: Kingambit\n|-damage|p1a: Kingambit|0 fnt\n|faint|p1a: Kingambit\n|-end|p1a: Kingambit|fallen5|[silent]\n|\n|win|Swizzlle\n|raw|NomaTyx's rating: 1396 &rarr; <strong>1373<\/strong><br \/>(-23 for losing)\n|raw|Swizzlle's rating: 1352 &rarr; <strong>1375<\/strong><br \/>(+23 for winning)\n|l|\u2606NomaTyx\n","uploadtime":1701211463,"views":7,"p1id":"nomatyx","p2id":"swizzlle","formatid":"gen9ou","rating":1373,"private":0,"password":""}