{"id":"gen9ou-1994893103","p1":"MonoEv","p2":"Slankster","format":"[Gen 9] OU","log":"|j|\u2606MonoEv\n|j|\u2606Slankster\n|t:|1700502335\n|gametype|singles\n|player|p1|MonoEv|veteran|1298\n|player|p2|Slankster|blackbelt-gen2|1227\n|teamsize|p1|6\n|teamsize|p2|6\n|gen|9\n|tier|[Gen 9] OU\n|rated|\n|rule|Sleep Clause Mod: Limit one foe put to sleep\n|rule|Species Clause: Limit one of each Pok\u00e9mon\n|rule|OHKO Clause: OHKO moves are banned\n|rule|Evasion Items Clause: Evasion items are banned\n|rule|Evasion Moves Clause: Evasion moves are banned\n|rule|Endless Battle Clause: Forcing endless battles is banned\n|rule|HP Percentage Mod: HP is shown in percentages\n|clearpoke\n|poke|p1|Indeedee-F, F|\n|poke|p1|Hatterene, F|\n|poke|p1|Polteageist|\n|poke|p1|Torkoal, M|\n|poke|p1|Armarouge, M|\n|poke|p1|Garchomp, M|\n|poke|p2|Ceruledge, F|\n|poke|p2|Iron Valiant|\n|poke|p2|Hydreigon, F|\n|poke|p2|Ogerpon-Wellspring, F|\n|poke|p2|Kingambit, M|\n|poke|p2|Glimmora, M|\n|teampreview\n|inactive|Battle timer is ON: inactive players will automatically lose when time's up. (requested by Slankster)\n|\n|t:|1700502357\n|start\n|switch|p1a: Indeedee|Indeedee-F, F|100\/100\n|switch|p2a: Glimmora|Glimmora, M|100\/100\n|-fieldstart|move: Psychic Terrain|[from] ability: Psychic Surge|[of] p1a: Indeedee\n|turn|1\n|\n|t:|1700502370\n|switch|p1a: Hatterene|Hatterene, F, shiny|100\/100\n|move|p2a: Glimmora|Stealth Rock|p1a: Hatterene\n|move|p1a: Hatterene|Stealth Rock|p2a: Glimmora|[from]ability: Magic Bounce\n|-sidestart|p2: Slankster|move: Stealth Rock\n|\n|upkeep\n|turn|2\n|\n|t:|1700502380\n|switch|p1a: Garchomp|Garchomp, M, shiny|100\/100\n|move|p2a: Glimmora|Mortal Spin|p1a: Garchomp\n|-resisted|p1a: Garchomp\n|-damage|p1a: Garchomp|97\/100\n|-status|p1a: Garchomp|psn\n|-damage|p2a: Glimmora|88\/100|[from] ability: Rough Skin|[of] p1a: Garchomp\n|-sideend|p2: Slankster|Stealth Rock|[from] move: Mortal Spin|[of] p2a: Glimmora\n|\n|-damage|p1a: Garchomp|85\/100 psn|[from] psn\n|upkeep\n|turn|3\n|\n|t:|1700502396\n|switch|p2a: Hydreigon|Hydreigon, F|100\/100\n|move|p1a: Garchomp|Swords Dance|p1a: Garchomp\n|-boost|p1a: Garchomp|atk|2\n|\n|-damage|p1a: Garchomp|72\/100 psn|[from] psn\n|upkeep\n|turn|4\n|\n|t:|1700502404\n|move|p2a: Hydreigon|Draco Meteor|p1a: Garchomp\n|-supereffective|p1a: Garchomp\n|-damage|p1a: Garchomp|0 fnt\n|-unboost|p2a: Hydreigon|spa|2\n|faint|p1a: Garchomp\n|\n|upkeep\n|\n|t:|1700502420\n|switch|p1a: Armarouge|Armarouge, M, shiny|100\/100\n|turn|5\n|\n|t:|1700502437\n|switch|p2a: Glimmora|Glimmora, M|88\/100\n|move|p1a: Armarouge|Aura Sphere|p2a: Glimmora\n|-damage|p2a: Glimmora|47\/100\n|\n|upkeep\n|turn|6\n|\n|t:|1700502450\n|switch|p1a: Hatterene|Hatterene, F, shiny|100\/100\n|move|p2a: Glimmora|Earth Power|p1a: Hatterene\n|-damage|p1a: Hatterene|67\/100\n|-enditem|p1a: Hatterene|Eject Button\n|\n|t:|1700502466\n|switch|p1a: Armarouge|Armarouge, M, shiny|100\/100\n|\n|upkeep\n|turn|7\n|\n|t:|1700502469\n|switch|p1a: Hatterene|Hatterene, F, shiny|67\/100\n|move|p2a: Glimmora|Earth Power|p1a: Hatterene\n|-damage|p1a: Hatterene|35\/100\n|\n|upkeep\n|turn|8\n|\n|t:|1700502477\n|move|p2a: Glimmora|Earth Power|p1a: Hatterene\n|-damage|p1a: Hatterene|4\/100\n|move|p1a: Hatterene|Psychic|p2a: Glimmora\n|-supereffective|p2a: Glimmora\n|-damage|p2a: Glimmora|0 fnt\n|faint|p2a: Glimmora\n|\n|-fieldend|move: Psychic Terrain\n|upkeep\n|\n|t:|1700502491\n|switch|p2a: Hydreigon|Hydreigon, F|100\/100\n|turn|9\n|\n|t:|1700502499\n|switch|p1a: Indeedee|Indeedee-F, F|100\/100\n|-fieldstart|move: Psychic Terrain|[from] ability: Psychic Surge|[of] p1a: Indeedee\n|move|p2a: Hydreigon|Dark Pulse|p1a: Indeedee\n|-supereffective|p1a: Indeedee\n|-damage|p1a: Indeedee|20\/100\n|\n|upkeep\n|turn|10\n|\n|t:|1700502507\n|move|p2a: Hydreigon|Dark Pulse|p1a: Indeedee\n|-supereffective|p1a: Indeedee\n|-damage|p1a: Indeedee|0 fnt\n|faint|p1a: Indeedee\n|\n|upkeep\n|\n|t:|1700502525\n|switch|p1a: Torkoal|Torkoal, M|100\/100\n|turn|11\n|\n|t:|1700502536\n|switch|p2a: Ogerpon|Ogerpon-Wellspring, F|100\/100\n|move|p1a: Torkoal|Body Press|p2a: Ogerpon\n|-damage|p2a: Ogerpon|67\/100\n|\n|upkeep\n|turn|12\n|\n|t:|1700502545\n|move|p2a: Ogerpon|Ivy Cudgel|p1a: Torkoal|[anim] Ivy Cudgel Water\n|-supereffective|p1a: Torkoal\n|-damage|p1a: Torkoal|7\/100\n|move|p1a: Torkoal|Body Press|p2a: Ogerpon\n|-damage|p2a: Ogerpon|35\/100\n|\n|-heal|p1a: Torkoal|13\/100|[from] item: Leftovers\n|upkeep\n|turn|13\n|\n|t:|1700502553\n|move|p2a: Ogerpon|Ivy Cudgel|p1a: Torkoal|[anim] Ivy Cudgel Water\n|-supereffective|p1a: Torkoal\n|-damage|p1a: Torkoal|0 fnt\n|faint|p1a: Torkoal\n|\n|upkeep\n|\n|t:|1700502556\n|switch|p1a: Polteageist|Polteageist, shiny|100\/100\n|turn|14\n|\n|t:|1700502560\n|move|p2a: Ogerpon|Knock Off|p1a: Polteageist\n|-supereffective|p1a: Polteageist\n|-enditem|p1a: Polteageist|Focus Sash\n|-damage|p1a: Polteageist|1\/100\n|-ability|p1a: Polteageist|Weak Armor|boost\n|-unboost|p1a: Polteageist|def|1\n|-boost|p1a: Polteageist|spe|2\n|move|p1a: Polteageist|Shell Smash|p1a: Polteageist\n|-unboost|p1a: Polteageist|def|1\n|-unboost|p1a: Polteageist|spd|1\n|-boost|p1a: Polteageist|atk|2\n|-boost|p1a: Polteageist|spa|2\n|-boost|p1a: Polteageist|spe|2\n|\n|upkeep\n|turn|15\n|\n|t:|1700502573\n|move|p1a: Polteageist|Shadow Ball|p2a: Ogerpon\n|-damage|p2a: Ogerpon|0 fnt\n|faint|p2a: Ogerpon\n|\n|upkeep\n|\n|t:|1700502588\n|switch|p2a: Ceruledge|Ceruledge, F|100\/100\n|turn|16\n|\n|t:|1700502601\n|move|p1a: Polteageist|Stored Power|p2a: Ceruledge\n|-enditem|p2a: Ceruledge|Focus Sash\n|-damage|p2a: Ceruledge|1\/100\n|move|p2a: Ceruledge|Bitter Blade|p1a: Polteageist\n|-damage|p1a: Polteageist|0 fnt\n|-heal|p2a: Ceruledge|1\/100|[from] drain|[of] p1a: Polteageist\n|faint|p1a: Polteageist\n|\n|-fieldend|move: Psychic Terrain\n|upkeep\n|\n|t:|1700502604\n|switch|p1a: Armarouge|Armarouge, M, shiny|100\/100\n|turn|17\n|\n|t:|1700502617\n|move|p2a: Ceruledge|Poltergeist|p1a: Armarouge\n|-activate|p1a: Armarouge|move: Poltergeist|Focus Sash\n|-supereffective|p1a: Armarouge\n|-damage|p1a: Armarouge|6\/100\n|-ability|p1a: Armarouge|Weak Armor|boost\n|-unboost|p1a: Armarouge|def|1\n|-boost|p1a: Armarouge|spe|2\n|move|p1a: Armarouge|Armor Cannon|p2a: Ceruledge\n|-resisted|p2a: Ceruledge\n|-damage|p2a: Ceruledge|0 fnt\n|-unboost|p1a: Armarouge|def|1\n|-unboost|p1a: Armarouge|spd|1\n|faint|p2a: Ceruledge\n|\n|upkeep\n|\n|t:|1700502632\n|switch|p2a: Kingambit|Kingambit, M|100\/100\n|-activate|p2a: Kingambit|ability: Supreme Overlord\n|-start|p2a: Kingambit|fallen3|[silent]\n|turn|18\n|\n|t:|1700502637\n|move|p2a: Kingambit|Sucker Punch||[still]\n|-fail|p2a: Kingambit\n|move|p1a: Armarouge|Destiny Bond|p1a: Armarouge\n|-singlemove|p1a: Armarouge|Destiny Bond\n|\n|upkeep\n|turn|19\n|\n|t:|1700502648\n|move|p2a: Kingambit|Sucker Punch|p1a: Armarouge\n|-supereffective|p1a: Armarouge\n|-damage|p1a: Armarouge|0 fnt\n|faint|p1a: Armarouge\n|-activate|p1a: Armarouge|move: Destiny Bond\n|faint|p2a: Kingambit\n|-end|p2a: Kingambit|fallen3|[silent]\n|\n|upkeep\n|\n|t:|1700502655\n|switch|p2a: Hydreigon|Hydreigon, F|100\/100\n|switch|p1a: Hatterene|Hatterene, F, shiny|4\/100\n|turn|20\n|c|\u2606MonoEv|ggwp\n|\n|t:|1700502662\n|-terastallize|p2a: Hydreigon|Steel\n|move|p2a: Hydreigon|Flash Cannon|p1a: Hatterene\n|-supereffective|p1a: Hatterene\n|-damage|p1a: Hatterene|0 fnt\n|faint|p1a: Hatterene\n|\n|win|Slankster\n|raw|MonoEv's rating: 1298 &rarr; <strong>1268<\/strong><br \/>(-30 for losing)\n|raw|Slankster's rating: 1227 &rarr; <strong>1257<\/strong><br \/>(+30 for winning)\n|c|\u2606Slankster|gg\n|l|\u2606MonoEv\n","uploadtime":1700502691,"views":24,"p1id":"monoev","p2id":"slankster","formatid":"gen9ou","rating":1257,"private":0,"password":""}