{"id":"gen9ou-1995561756","p1":"bishesh123","p2":"FrostByte_240","format":"[Gen 9] OU","log":"|j|\u2606bishesh123\n|j|\u2606FrostByte_240\n|t:|1700583053\n|gametype|singles\n|player|p1|bishesh123|hilbert|1223\n|player|p2|FrostByte_240|169|1255\n|teamsize|p1|6\n|teamsize|p2|6\n|gen|9\n|tier|[Gen 9] OU\n|rated|\n|rule|Sleep Clause Mod: Limit one foe put to sleep\n|rule|Species Clause: Limit one of each Pok\u00e9mon\n|rule|OHKO Clause: OHKO moves are banned\n|rule|Evasion Items Clause: Evasion items are banned\n|rule|Evasion Moves Clause: Evasion moves are banned\n|rule|Endless Battle Clause: Forcing endless battles is banned\n|rule|HP Percentage Mod: HP is shown in percentages\n|clearpoke\n|poke|p1|Ceruledge, M|\n|poke|p1|Ogerpon-Wellspring, F|\n|poke|p1|Walking Wake|\n|poke|p1|Kingambit, M|\n|poke|p1|Great Tusk|\n|poke|p1|Torkoal, M|\n|poke|p2|Walking Wake|\n|poke|p2|Pelipper, F|\n|poke|p2|Clodsire, M|\n|poke|p2|Ogerpon-Wellspring, F|\n|poke|p2|Floatzel, F|\n|poke|p2|Kilowattrel, M|\n|teampreview\n|\n|t:|1700583073\n|start\n|switch|p1a: Walking Wake|Walking Wake|100\/100\n|switch|p2a: Walking Wake|Walking Wake|100\/100\n|-enditem|p2a: Walking Wake|Booster Energy\n|-activate|p2a: Walking Wake|ability: Protosynthesis|[fromitem]\n|-start|p2a: Walking Wake|protosynthesisspa\n|turn|1\n|inactive|Battle timer is ON: inactive players will automatically lose when time's up. (requested by bishesh123)\n|\n|t:|1700583086\n|-end|p2a: Walking Wake|Protosynthesis|[silent]\n|switch|p2a: Clodsire|Clodsire, M|100\/100\n|move|p1a: Walking Wake|Draco Meteor|p2a: Clodsire\n|-damage|p2a: Clodsire|48\/100\n|-unboost|p1a: Walking Wake|spa|2\n|\n|-heal|p2a: Clodsire|54\/100|[from] item: Leftovers\n|upkeep\n|turn|2\n|\n|t:|1700583100\n|-end|p1a: Walking Wake|Protosynthesis|[silent]\n|switch|p1a: Kingambit|Kingambit, M|100\/100\n|switch|p2a: Pelipper|Pelipper, F|100\/100\n|-weather|RainDance|[from] ability: Drizzle|[of] p2a: Pelipper\n|\n|-weather|RainDance|[upkeep]\n|upkeep\n|turn|3\n|\n|t:|1700583111\n|-terastallize|p1a: Kingambit|Dark\n|move|p1a: Kingambit|Kowtow Cleave|p2a: Pelipper\n|-damage|p2a: Pelipper|31\/100\n|move|p2a: Pelipper|Surf|p1a: Kingambit\n|-damage|p1a: Kingambit|55\/100\n|\n|-weather|RainDance|[upkeep]\n|upkeep\n|turn|4\n|\n|t:|1700583124\n|move|p1a: Kingambit|Kowtow Cleave|p2a: Pelipper\n|-damage|p2a: Pelipper|0 fnt\n|faint|p2a: Pelipper\n|\n|-weather|RainDance|[upkeep]\n|upkeep\n|\n|t:|1700583126\n|switch|p2a: Ogerpon|Ogerpon-Wellspring, F|100\/100\n|turn|5\n|\n|t:|1700583139\n|-end|p1a: Kingambit|fallenundefined|[silent]\n|switch|p1a: Walking Wake|Walking Wake|100\/100\n|move|p2a: Ogerpon|Swords Dance|p2a: Ogerpon\n|-boost|p2a: Ogerpon|atk|2\n|\n|-weather|RainDance|[upkeep]\n|upkeep\n|turn|6\n|\n|t:|1700583143\n|move|p2a: Ogerpon|Horn Leech|p1a: Walking Wake\n|-damage|p1a: Walking Wake|8\/100\n|move|p1a: Walking Wake|Draco Meteor|p2a: Ogerpon\n|-damage|p2a: Ogerpon|0 fnt\n|-unboost|p1a: Walking Wake|spa|2\n|faint|p2a: Ogerpon\n|\n|-weather|RainDance|[upkeep]\n|upkeep\n|\n|t:|1700583150\n|switch|p2a: Floatzel|Floatzel, F|100\/100\n|turn|7\n|\n|t:|1700583153\n|-end|p1a: Walking Wake|Protosynthesis|[silent]\n|switch|p1a: Ogerpon|Ogerpon-Wellspring, F|100\/100\n|move|p2a: Floatzel|Flip Turn|p1a: Ogerpon\n|-immune|p1a: Ogerpon|[from] ability: Water Absorb\n|\n|-weather|RainDance|[upkeep]\n|upkeep\n|turn|8\n|\n|t:|1700583166\n|switch|p2a: Kilowattrel|Kilowattrel, M|100\/100\n|switch|p1a: Torkoal|Torkoal, M|100\/100\n|-weather|SunnyDay|[from] ability: Drought|[of] p1a: Torkoal\n|\n|-weather|SunnyDay|[upkeep]\n|upkeep\n|turn|9\n|\n|t:|1700583173\n|switch|p1a: Kingambit|Kingambit, M, tera:Dark|55\/100\n|move|p2a: Kilowattrel|U-turn|p1a: Kingambit\n|-supereffective|p1a: Kingambit\n|-damage|p1a: Kingambit|39\/100\n|\n|t:|1700583180\n|switch|p2a: Floatzel|Floatzel, F|100\/100|[from] U-turn\n|\n|-weather|SunnyDay|[upkeep]\n|upkeep\n|turn|10\n|\n|t:|1700583189\n|-end|p1a: Kingambit|fallenundefined|[silent]\n|switch|p1a: Ogerpon|Ogerpon-Wellspring, F|100\/100\n|move|p2a: Floatzel|Ice Spinner|p1a: Ogerpon\n|-damage|p1a: Ogerpon|52\/100\n|\n|-weather|SunnyDay|[upkeep]\n|upkeep\n|turn|11\n|\n|t:|1700583201\n|switch|p2a: Kilowattrel|Kilowattrel, M|100\/100\n|move|p1a: Ogerpon|Swords Dance|p1a: Ogerpon\n|-boost|p1a: Ogerpon|atk|2\n|\n|-weather|SunnyDay|[upkeep]\n|upkeep\n|turn|12\n|\n|t:|1700583206\n|move|p2a: Kilowattrel|Weather Ball|p1a: Ogerpon\n|-damage|p1a: Ogerpon|0 fnt\n|faint|p1a: Ogerpon\n|\n|-weather|SunnyDay|[upkeep]\n|upkeep\n|\n|t:|1700583211\n|switch|p1a: Ceruledge|Ceruledge, M|100\/100\n|turn|13\n|\n|t:|1700583219\n|switch|p2a: Clodsire|Clodsire, M|54\/100\n|move|p1a: Ceruledge|Poltergeist|p2a: Clodsire\n|-activate|p2a: Clodsire|move: Poltergeist|Leftovers\n|-damage|p2a: Clodsire|0 fnt\n|faint|p2a: Clodsire\n|\n|-weather|SunnyDay|[upkeep]\n|upkeep\n|\n|t:|1700583227\n|switch|p2a: Floatzel|Floatzel, F|100\/100\n|turn|14\n|\n|t:|1700583233\n|-terastallize|p2a: Floatzel|Water\n|move|p1a: Ceruledge|Poltergeist|p2a: Floatzel\n|-activate|p2a: Floatzel|move: Poltergeist|Choice Band\n|-damage|p2a: Floatzel|3\/100\n|move|p2a: Floatzel|Wave Crash|p1a: Ceruledge\n|-supereffective|p1a: Ceruledge\n|-damage|p1a: Ceruledge|0 fnt\n|faint|p1a: Ceruledge\n|-damage|p2a: Floatzel|0 fnt|[from] Recoil\n|faint|p2a: Floatzel\n|\n|-weather|SunnyDay|[upkeep]\n|upkeep\n|\n|t:|1700583246\n|switch|p2a: Kilowattrel|Kilowattrel, M|100\/100\n|switch|p1a: Walking Wake|Walking Wake|8\/100\n|-activate|p1a: Walking Wake|ability: Protosynthesis\n|-start|p1a: Walking Wake|protosynthesisspa\n|turn|15\n|\n|t:|1700583255\n|-end|p1a: Walking Wake|Protosynthesis|[silent]\n|switch|p1a: Great Tusk|Great Tusk|100\/100\n|-activate|p1a: Great Tusk|ability: Protosynthesis\n|-start|p1a: Great Tusk|protosynthesisatk\n|move|p2a: Kilowattrel|U-turn|p1a: Great Tusk\n|-resisted|p1a: Great Tusk\n|-damage|p1a: Great Tusk|97\/100\n|\n|t:|1700583257\n|switch|p2a: Walking Wake|Walking Wake|100\/100|[from] U-turn\n|-activate|p2a: Walking Wake|ability: Protosynthesis\n|-start|p2a: Walking Wake|protosynthesisspa\n|\n|-weather|none\n|-end|p2a: Walking Wake|Protosynthesis\n|-end|p1a: Great Tusk|Protosynthesis\n|-heal|p1a: Great Tusk|100\/100|[from] item: Leftovers\n|upkeep\n|turn|16\n|\n|t:|1700583268\n|move|p2a: Walking Wake|Agility|p2a: Walking Wake\n|-boost|p2a: Walking Wake|spe|2\n|move|p1a: Great Tusk|Close Combat|p2a: Walking Wake\n|-crit|p2a: Walking Wake\n|-damage|p2a: Walking Wake|0 fnt\n|-unboost|p1a: Great Tusk|def|1\n|-unboost|p1a: Great Tusk|spd|1\n|faint|p2a: Walking Wake\n|-end|p2a: Walking Wake|Protosynthesis|[silent]\n|\n|upkeep\n|\n|t:|1700583274\n|switch|p2a: Kilowattrel|Kilowattrel, M|100\/100\n|turn|17\n|\n|t:|1700583279\n|-end|p1a: Great Tusk|Protosynthesis|[silent]\n|switch|p1a: Torkoal|Torkoal, M|100\/100\n|-weather|SunnyDay|[from] ability: Drought|[of] p1a: Torkoal\n|move|p2a: Kilowattrel|Hurricane|p1a: Torkoal\n|-damage|p1a: Torkoal|38\/100\n|\n|-weather|SunnyDay|[upkeep]\n|upkeep\n|turn|18\n|\n|t:|1700583284\n|move|p2a: Kilowattrel|Hurricane|p1a: Torkoal|[miss]\n|-miss|p2a: Kilowattrel|p1a: Torkoal\n|move|p1a: Torkoal|Overheat|p2a: Kilowattrel\n|-damage|p2a: Kilowattrel|0 fnt\n|-unboost|p1a: Torkoal|spa|2\n|faint|p2a: Kilowattrel\n|\n|win|bishesh123\n|raw|bishesh123's rating: 1223 &rarr; <strong>1250<\/strong><br \/>(+27 for winning)\n|raw|FrostByte_240's rating: 1255 &rarr; <strong>1228<\/strong><br \/>(-27 for losing)\n|c|\u2606FrostByte_240|gg\n","uploadtime":1700583293,"views":1,"p1id":"bishesh123","p2id":"frostbyte240","formatid":"gen9ou","rating":1228,"private":0,"password":""}