{"id":"gen9ou-1995057754","p1":"Cakepoint","p2":"Hans42","format":"[Gen 9] OU","log":"|j|\u2606Cakepoint\n|j|\u2606Hans42\n|t:|1700517981\n|gametype|singles\n|player|p1|Cakepoint|fantina|1266\n|player|p2|Hans42|102|1310\n|teamsize|p1|6\n|teamsize|p2|6\n|gen|9\n|tier|[Gen 9] OU\n|rated|\n|rule|Sleep Clause Mod: Limit one foe put to sleep\n|rule|Species Clause: Limit one of each Pok\u00e9mon\n|rule|OHKO Clause: OHKO moves are banned\n|rule|Evasion Items Clause: Evasion items are banned\n|rule|Evasion Moves Clause: Evasion moves are banned\n|rule|Endless Battle Clause: Forcing endless battles is banned\n|rule|HP Percentage Mod: HP is shown in percentages\n|clearpoke\n|poke|p1|Scizor, F|\n|poke|p1|Ceruledge, F|\n|poke|p1|Samurott-Hisui, F|\n|poke|p1|Breloom, F|\n|poke|p1|Great Tusk|\n|poke|p1|Cresselia, F|\n|poke|p2|Pelipper, F|\n|poke|p2|Floatzel, M|\n|poke|p2|Quaquaval, F|\n|poke|p2|Cinderace, F|\n|poke|p2|Skeledirge, F|\n|poke|p2|Zapdos|\n|teampreview\n|inactive|Battle timer is ON: inactive players will automatically lose when time's up. (requested by Cakepoint)\n|\n|t:|1700517989\n|start\n|switch|p1a: Breloom|Breloom, F, shiny|100\/100\n|switch|p2a: Pelipper|Pelipper, F|100\/100\n|-weather|RainDance|[from] ability: Drizzle|[of] p2a: Pelipper\n|turn|1\n|\n|t:|1700517994\n|move|p1a: Breloom|Spore|p2a: Pelipper\n|-status|p2a: Pelipper|slp|[from] move: Spore\n|cant|p2a: Pelipper|slp\n|\n|-weather|RainDance|[upkeep]\n|upkeep\n|turn|2\n|\n|t:|1700517998\n|move|p1a: Breloom|Bullet Seed|p2a: Pelipper\n|-damage|p2a: Pelipper|76\/100 slp\n|-damage|p2a: Pelipper|51\/100 slp\n|-damage|p2a: Pelipper|28\/100 slp\n|-damage|p2a: Pelipper|3\/100 slp\n|-damage|p2a: Pelipper|0 fnt\n|faint|p2a: Pelipper\n|-hitcount|p2: Pelipper|5\n|\n|-weather|RainDance|[upkeep]\n|upkeep\n|\n|t:|1700518014\n|switch|p2a: Zapdos|Zapdos|100\/100\n|turn|3\n|\n|t:|1700518019\n|move|p2a: Zapdos|Hurricane|p1a: Breloom\n|-supereffective|p1a: Breloom\n|-enditem|p1a: Breloom|Focus Sash\n|-damage|p1a: Breloom|1\/100\n|-start|p1a: Breloom|confusion\n|-activate|p1a: Breloom|confusion\n|-damage|p1a: Breloom|0 fnt|[from] confusion\n|faint|p1a: Breloom\n|\n|-weather|RainDance|[upkeep]\n|upkeep\n|c|\u2606Cakepoint|pain\n|\n|t:|1700518028\n|switch|p1a: Cresselia|Cresselia, F, shiny|100\/100\n|turn|4\n|\n|t:|1700518037\n|move|p2a: Zapdos|Volt Switch|p1a: Cresselia\n|-damage|p1a: Cresselia|83\/100\n|c|\u2606Hans42|ouch\n|\n|t:|1700518046\n|switch|p2a: Floatzel|Floatzel, M|100\/100|[from] Volt Switch\n|move|p1a: Cresselia|Light Screen|p1a: Cresselia\n|-sidestart|p1: Cakepoint|move: Light Screen\n|\n|-weather|RainDance|[upkeep]\n|upkeep\n|turn|5\n|\n|t:|1700518053\n|move|p2a: Floatzel|Wave Crash|p1a: Cresselia\n|-damage|p1a: Cresselia|0 fnt\n|faint|p1a: Cresselia\n|-damage|p2a: Floatzel|62\/100|[from] Recoil\n|\n|-weather|RainDance|[upkeep]\n|upkeep\n|\n|t:|1700518068\n|switch|p1a: Scizor|Scizor, F, shiny|100\/100\n|turn|6\n|\n|t:|1700518072\n|-terastallize|p1a: Scizor|Steel\n|move|p1a: Scizor|Bullet Punch|p2a: Floatzel\n|-resisted|p2a: Floatzel\n|-damage|p2a: Floatzel|3\/100\n|move|p2a: Floatzel|Wave Crash|p1a: Scizor\n|-damage|p1a: Scizor|0 fnt\n|faint|p1a: Scizor\n|-damage|p2a: Floatzel|0 fnt|[from] Recoil\n|faint|p2a: Floatzel\n|\n|-weather|RainDance|[upkeep]\n|upkeep\n|\n|t:|1700518086\n|switch|p2a: Quaquaval|Quaquaval, F|100\/100\n|switch|p1a: Samurott|Samurott-Hisui, F, shiny|100\/100\n|turn|7\n|\n|t:|1700518093\n|move|p1a: Samurott|Flip Turn|p2a: Quaquaval\n|-resisted|p2a: Quaquaval\n|-damage|p2a: Quaquaval|74\/100\n|\n|t:|1700518097\n|switch|p1a: Ceruledge|Ceruledge, F, shiny|100\/100|[from] Flip Turn\n|move|p2a: Quaquaval|Close Combat|p1a: Ceruledge\n|-immune|p1a: Ceruledge\n|\n|-weather|RainDance|[upkeep]\n|upkeep\n|turn|8\n|\n|t:|1700518119\n|move|p1a: Ceruledge|Shadow Sneak|p2a: Quaquaval\n|-damage|p2a: Quaquaval|47\/100\n|move|p2a: Quaquaval|Aqua Step|p1a: Ceruledge\n|-supereffective|p1a: Ceruledge\n|-damage|p1a: Ceruledge|0 fnt\n|-boost|p2a: Quaquaval|spe|1\n|faint|p1a: Ceruledge\n|-ability|p2a: Quaquaval|Moxie|boost\n|-boost|p2a: Quaquaval|atk|1\n|\n|-weather|none\n|upkeep\n|\n|t:|1700518123\n|switch|p1a: Samurott|Samurott-Hisui, F, shiny|100\/100\n|turn|9\n|\n|t:|1700518127\n|move|p1a: Samurott|Sacred Sword|p2a: Quaquaval\n|-damage|p2a: Quaquaval|0 fnt\n|faint|p2a: Quaquaval\n|\n|upkeep\n|\n|t:|1700518132\n|switch|p2a: Zapdos|Zapdos|100\/100\n|turn|10\n|\n|t:|1700518136\n|switch|p1a: Great Tusk|Great Tusk|100\/100\n|move|p2a: Zapdos|Thunderbolt|p1a: Great Tusk\n|-immune|p1a: Great Tusk\n|\n|upkeep\n|turn|11\n|\n|t:|1700518141\n|move|p2a: Zapdos|Hurricane|p1a: Great Tusk\n|-supereffective|p1a: Great Tusk\n|-damage|p1a: Great Tusk|28\/100\n|move|p1a: Great Tusk|Knock Off|p2a: Zapdos\n|-damage|p2a: Zapdos|69\/100\n|-status|p1a: Great Tusk|par|[from] ability: Static|[of] p2a: Zapdos\n|-enditem|p2a: Zapdos|Heavy-Duty Boots|[from] move: Knock Off|[of] p1a: Great Tusk\n|\n|-heal|p1a: Great Tusk|34\/100 par|[from] item: Leftovers\n|-sideend|p1: Cakepoint|move: Light Screen\n|upkeep\n|turn|12\n|\n|t:|1700518151\n|switch|p2a: Skeledirge|Skeledirge, F|100\/100\n|move|p1a: Great Tusk|Stealth Rock|p2a: Skeledirge\n|-sidestart|p2: Hans42|move: Stealth Rock\n|\n|-heal|p1a: Great Tusk|40\/100 par|[from] item: Leftovers\n|upkeep\n|turn|13\n|\n|t:|1700518157\n|move|p2a: Skeledirge|Torch Song|p1a: Great Tusk\n|-damage|p1a: Great Tusk|2\/100 par\n|-boost|p2a: Skeledirge|spa|1\n|move|p1a: Great Tusk|Earthquake|p2a: Skeledirge\n|-supereffective|p2a: Skeledirge\n|-damage|p2a: Skeledirge|47\/100\n|\n|-heal|p2a: Skeledirge|54\/100|[from] item: Leftovers\n|-heal|p1a: Great Tusk|8\/100 par|[from] item: Leftovers\n|upkeep\n|turn|14\n|\n|t:|1700518165\n|move|p2a: Skeledirge|Torch Song|p1a: Great Tusk\n|-damage|p1a: Great Tusk|0 fnt\n|-boost|p2a: Skeledirge|spa|1\n|faint|p1a: Great Tusk\n|-end|p1a: Great Tusk|Protosynthesis|[silent]\n|\n|-heal|p2a: Skeledirge|60\/100|[from] item: Leftovers\n|upkeep\n|\n|t:|1700518169\n|switch|p1a: Samurott|Samurott-Hisui, F, shiny|100\/100\n|turn|15\n|\n|t:|1700518174\n|move|p1a: Samurott|Razor Shell|p2a: Skeledirge\n|-supereffective|p2a: Skeledirge\n|-damage|p2a: Skeledirge|0 fnt\n|faint|p2a: Skeledirge\n|\n|upkeep\n|\n|t:|1700518179\n|switch|p2a: Zapdos|Zapdos|69\/100\n|-damage|p2a: Zapdos|44\/100|[from] Stealth Rock\n|turn|16\n|\n|t:|1700518181\n|move|p1a: Samurott|Razor Shell|p2a: Zapdos\n|-damage|p2a: Zapdos|0 fnt\n|-status|p1a: Samurott|par|[from] ability: Static|[of] p2a: Zapdos\n|faint|p2a: Zapdos\n|\n|upkeep\n|\n|t:|1700518188\n|switch|p2a: Cinderace|Cinderace, F|100\/100\n|turn|17\n|c|\u2606Cakepoint|Goddamn every time\n|\n|t:|1700518193\n|move|p2a: Cinderace|High Jump Kick|p1a: Samurott\n|-start|p2a: Cinderace|typechange|Fighting|[from] ability: Libero\n|-supereffective|p1a: Samurott\n|-damage|p1a: Samurott|0 fnt\n|faint|p1a: Samurott\n|\n|win|Hans42\n|raw|Cakepoint's rating: 1266 &rarr; <strong>1244<\/strong><br \/>(-22 for losing)\n|raw|Hans42's rating: 1310 &rarr; <strong>1327<\/strong><br \/>(+17 for winning)\n|c|\u2606Cakepoint|30% is a LIE\n|l|\u2606Hans42\n","uploadtime":1700518280,"views":8,"p1id":"cakepoint","p2id":"hans42","formatid":"gen9ou","rating":1244,"private":0,"password":""}