{"id":"gen9ou-1991066621","p1":"ChillLanturnYT","p2":"kokoalikecocoa","format":"[Gen 9] OU","log":"|j|\u2606ChillLanturnYT\n|j|\u2606kokoalikecocoa\n|t:|1700037474\n|gametype|singles\n|player|p1|ChillLanturnYT|palmer|1107\n|player|p2|kokoalikecocoa|102|1102\n|teamsize|p1|6\n|teamsize|p2|6\n|gen|9\n|tier|[Gen 9] OU\n|rated|\n|rule|Sleep Clause Mod: Limit one foe put to sleep\n|rule|Species Clause: Limit one of each Pok\u00e9mon\n|rule|OHKO Clause: OHKO moves are banned\n|rule|Evasion Items Clause: Evasion items are banned\n|rule|Evasion Moves Clause: Evasion moves are banned\n|rule|Endless Battle Clause: Forcing endless battles is banned\n|rule|HP Percentage Mod: HP is shown in percentages\n|clearpoke\n|poke|p1|Grafaiai, F|\n|poke|p1|Mandibuzz, F|\n|poke|p1|Pawmot, F|\n|poke|p1|Enamorus, F|\n|poke|p1|Blissey, F|\n|poke|p1|Dragapult, F|\n|poke|p2|Drednaw, F|\n|poke|p2|Morpeko, M|\n|poke|p2|Regidrago|\n|poke|p2|Grimmsnarl, M|\n|poke|p2|Persian-Alola, F|\n|poke|p2|Cloyster, M|\n|teampreview\n|\n|t:|1700037488\n|start\n|switch|p1a: Enamorus|Enamorus, F|100\/100\n|switch|p2a: Grimmsnarl|Grimmsnarl, M|100\/100\n|turn|1\n|\n|t:|1700037496\n|move|p2a: Grimmsnarl|Fake Out|p1a: Enamorus\n|-damage|p1a: Enamorus|77\/100\n|cant|p1a: Enamorus|flinch\n|\n|upkeep\n|turn|2\n|\n|t:|1700037510\n|move|p2a: Grimmsnarl|Light Screen|p2a: Grimmsnarl\n|-sidestart|p2: kokoalikecocoa|move: Light Screen\n|move|p1a: Enamorus|Moonblast|p2a: Grimmsnarl\n|-supereffective|p2a: Grimmsnarl\n|-damage|p2a: Grimmsnarl|13\/100\n|\n|upkeep\n|turn|3\n|\n|t:|1700037520\n|move|p2a: Grimmsnarl|Parting Shot|p1a: Enamorus\n|-boost|p1a: Enamorus|atk|1\n|-boost|p1a: Enamorus|spa|1\n|\n|t:|1700037531\n|switch|p2a: Persian|Persian-Alola, F|100\/100|[from] Parting Shot\n|move|p1a: Enamorus|Moonblast|p2a: Persian\n|-supereffective|p2a: Persian\n|-damage|p2a: Persian|0 fnt\n|faint|p2a: Persian\n|\n|upkeep\n|\n|t:|1700037540\n|switch|p2a: Regidrago|Regidrago|100\/100\n|turn|4\n|\n|t:|1700037553\n|-terastallize|p2a: Regidrago|Fire\n|move|p1a: Enamorus|Moonblast|p2a: Regidrago\n|-resisted|p2a: Regidrago\n|-damage|p2a: Regidrago|69\/100\n|move|p2a: Regidrago|Dragon Dance|p2a: Regidrago\n|-boost|p2a: Regidrago|atk|1\n|-boost|p2a: Regidrago|spe|1\n|\n|upkeep\n|turn|5\n|\n|t:|1700037566\n|switch|p1a: Mandibuzz|Mandibuzz, F|100\/100\n|move|p2a: Regidrago|Dragon Dance|p2a: Regidrago\n|-boost|p2a: Regidrago|atk|1\n|-boost|p2a: Regidrago|spe|1\n|\n|upkeep\n|turn|6\n|\n|t:|1700037578\n|move|p2a: Regidrago|Draco Meteor|p1a: Mandibuzz\n|-damage|p1a: Mandibuzz|25\/100\n|-unboost|p2a: Regidrago|spa|2\n|move|p1a: Mandibuzz|Foul Play|p2a: Regidrago\n|-damage|p2a: Regidrago|0 fnt\n|faint|p2a: Regidrago\n|\n|upkeep\n|\n|t:|1700037587\n|switch|p2a: Cloyster|Cloyster, M|100\/100\n|turn|7\n|\n|t:|1700037596\n|move|p2a: Cloyster|Shell Smash|p2a: Cloyster\n|-unboost|p2a: Cloyster|def|1\n|-unboost|p2a: Cloyster|spd|1\n|-boost|p2a: Cloyster|atk|2\n|-boost|p2a: Cloyster|spa|2\n|-boost|p2a: Cloyster|spe|2\n|move|p1a: Mandibuzz|Foul Play|p2a: Cloyster\n|-damage|p2a: Cloyster|0 fnt\n|faint|p2a: Cloyster\n|\n|upkeep\n|-message|kokoalikecocoa forfeited.\n|\n|win|ChillLanturnYT\n|raw|ChillLanturnYT's rating: 1107 &rarr; <strong>1132<\/strong><br \/>(+25 for winning)\n|raw|kokoalikecocoa's rating: 1102 &rarr; <strong>1077<\/strong><br \/>(-25 for losing)\n|l|\u2606kokoalikecocoa\n","uploadtime":1700037614,"views":8,"p1id":"chilllanturnyt","p2id":"kokoalikecocoa","formatid":"gen9ou","rating":1077,"private":0,"password":""}