{"id":"gen9ou-1995028139","p1":"FleetFoxxx","p2":"TuPrimaLaCalv4","format":"[Gen 9] OU","log":"|j|\u2606FleetFoxxx\n|j|\u2606TuPrimaLaCalv4\n|t:|1700514882\n|gametype|singles\n|player|p1|FleetFoxxx|101|1683\n|player|p2|TuPrimaLaCalv4|pokemaniac|1613\n|teamsize|p1|6\n|teamsize|p2|6\n|gen|9\n|tier|[Gen 9] OU\n|rated|\n|rule|Sleep Clause Mod: Limit one foe put to sleep\n|rule|Species Clause: Limit one of each Pok\u00e9mon\n|rule|OHKO Clause: OHKO moves are banned\n|rule|Evasion Items Clause: Evasion items are banned\n|rule|Evasion Moves Clause: Evasion moves are banned\n|rule|Endless Battle Clause: Forcing endless battles is banned\n|rule|HP Percentage Mod: HP is shown in percentages\n|clearpoke\n|poke|p1|Walking Wake|\n|poke|p1|Maushold-Four|\n|poke|p1|Dragonite, M|\n|poke|p1|Enamorus, F|\n|poke|p1|Great Tusk|\n|poke|p1|Muk-Alola, M|\n|poke|p2|Kingambit, M|\n|poke|p2|Meowscarada, F|\n|poke|p2|Dragapult, F|\n|poke|p2|Clefable, M|\n|poke|p2|Corviknight, M|\n|poke|p2|Garchomp, M|\n|teampreview\n|inactive|Battle timer is ON: inactive players will automatically lose when time's up. (requested by TuPrimaLaCalv4)\n|inactive|FleetFoxxx has 120 seconds left.\n|j| outdated ahh team\n|\n|t:|1700514919\n|start\n|switch|p1a: Muk|Muk-Alola, M|100\/100\n|switch|p2a: Clefable|Clefable, M|100\/100\n|turn|1\n|\n|t:|1700514930\n|switch|p2a: Corviknight|Corviknight, M|100\/100\n|move|p1a: Muk|Knock Off|p2a: Corviknight\n|-damage|p2a: Corviknight|79\/100\n|-damage|p1a: Muk|84\/100|[from] item: Rocky Helmet|[of] p2a: Corviknight\n|-enditem|p2a: Corviknight|Rocky Helmet|[from] move: Knock Off|[of] p1a: Muk\n|\n|-heal|p1a: Muk|90\/100|[from] item: Black Sludge\n|upkeep\n|turn|2\n|\n|t:|1700514950\n|switch|p2a: Garchomp|Garchomp, M|100\/100\n|move|p1a: Muk|Knock Off|p2a: Garchomp\n|-damage|p2a: Garchomp|79\/100\n|-damage|p1a: Muk|78\/100|[from] ability: Rough Skin|[of] p2a: Garchomp\n|-damage|p1a: Muk|61\/100|[from] item: Rocky Helmet|[of] p2a: Garchomp\n|-status|p2a: Garchomp|psn|[from] ability: Poison Touch|[of] p1a: Muk\n|-enditem|p2a: Garchomp|Rocky Helmet|[from] move: Knock Off|[of] p1a: Muk\n|\n|-heal|p1a: Muk|67\/100|[from] item: Black Sludge\n|-damage|p2a: Garchomp|66\/100 psn|[from] psn\n|upkeep\n|turn|3\n|\n|t:|1700514957\n|switch|p1a: Enamorus|Enamorus, F|100\/100\n|move|p2a: Garchomp|Stealth Rock|p1a: Enamorus\n|-sidestart|p1: FleetFoxxx|move: Stealth Rock\n|\n|-damage|p2a: Garchomp|54\/100 psn|[from] psn\n|upkeep\n|turn|4\n|\n|t:|1700514968\n|switch|p2a: Corviknight|Corviknight, M|79\/100\n|move|p1a: Enamorus|Moonblast|p2a: Corviknight\n|-resisted|p2a: Corviknight\n|-damage|p2a: Corviknight|44\/100\n|\n|upkeep\n|turn|5\n|\n|t:|1700514982\n|move|p1a: Enamorus|Moonblast|p2a: Corviknight\n|-resisted|p2a: Corviknight\n|-damage|p2a: Corviknight|9\/100\n|-ability|p2a: Corviknight|Mirror Armor\n|-boost|p1a: Enamorus|spa|1\n|move|p2a: Corviknight|Roost|p2a: Corviknight\n|-heal|p2a: Corviknight|59\/100\n|-singleturn|p2a: Corviknight|move: Roost\n|\n|upkeep\n|turn|6\n|\n|t:|1700514988\n|move|p1a: Enamorus|Moonblast|p2a: Corviknight\n|-resisted|p2a: Corviknight\n|-damage|p2a: Corviknight|7\/100\n|-ability|p2a: Corviknight|Mirror Armor\n|-boost|p1a: Enamorus|spa|1\n|move|p2a: Corviknight|Roost|p2a: Corviknight\n|-heal|p2a: Corviknight|57\/100\n|-singleturn|p2a: Corviknight|move: Roost\n|\n|upkeep\n|turn|7\n|\n|t:|1700515004\n|switch|p2a: Clefable|Clefable, M|100\/100\n|move|p1a: Enamorus|Moonblast|p2a: Clefable\n|-damage|p2a: Clefable|46\/100\n|\n|-heal|p2a: Clefable|52\/100|[from] item: Leftovers\n|upkeep\n|turn|8\n|\n|t:|1700515028\n|-terastallize|p2a: Clefable|Poison\n|move|p1a: Enamorus|Moonblast|p2a: Clefable\n|-resisted|p2a: Clefable\n|-damage|p2a: Clefable|27\/100\n|move|p2a: Clefable|Cosmic Power|p2a: Clefable\n|-boost|p2a: Clefable|def|1\n|-boost|p2a: Clefable|spd|1\n|\n|-heal|p2a: Clefable|33\/100|[from] item: Leftovers\n|upkeep\n|turn|9\n|\n|t:|1700515040\n|switch|p1a: Maushold|Maushold-Four|100\/100\n|-damage|p1a: Maushold|88\/100|[from] Stealth Rock\n|move|p2a: Clefable|Calm Mind|p2a: Clefable\n|-boost|p2a: Clefable|spa|1\n|-boost|p2a: Clefable|spd|1\n|\n|-heal|p2a: Clefable|39\/100|[from] item: Leftovers\n|upkeep\n|turn|10\n|\n|t:|1700515056\n|switch|p2a: Garchomp|Garchomp, M|54\/100 psn\n|move|p1a: Maushold|Encore||[still]\n|-fail|p1a: Maushold\n|\n|-damage|p2a: Garchomp|42\/100 psn|[from] psn\n|upkeep\n|turn|11\n|\n|t:|1700515065\n|switch|p1a: Great Tusk|Great Tusk|100\/100\n|-damage|p1a: Great Tusk|97\/100|[from] Stealth Rock\n|move|p2a: Garchomp|Dragon Tail|p1a: Great Tusk\n|-damage|p1a: Great Tusk|86\/100\n|-damage|p2a: Garchomp|25\/100 psn|[from] item: Rocky Helmet|[of] p1a: Great Tusk\n|-end|p1a: Great Tusk|Protosynthesis|[silent]\n|drag|p1a: Enamorus|Enamorus, F|100\/100\n|-damage|p1a: Enamorus|76\/100|[from] Stealth Rock\n|\n|-damage|p2a: Garchomp|13\/100 psn|[from] psn\n|upkeep\n|turn|12\n|\n|t:|1700515080\n|move|p1a: Enamorus|Moonblast|p2a: Garchomp\n|-supereffective|p2a: Garchomp\n|-damage|p2a: Garchomp|0 fnt\n|faint|p2a: Garchomp\n|\n|upkeep\n|\n|t:|1700515086\n|switch|p2a: Kingambit|Kingambit, M|100\/100\n|-activate|p2a: Kingambit|ability: Supreme Overlord\n|-start|p2a: Kingambit|fallen1|[silent]\n|turn|13\n|\n|t:|1700515101\n|switch|p1a: Great Tusk|Great Tusk|86\/100\n|-damage|p1a: Great Tusk|83\/100|[from] Stealth Rock\n|move|p2a: Kingambit|Iron Head|p1a: Great Tusk\n|-damage|p1a: Great Tusk|60\/100\n|-damage|p2a: Kingambit|84\/100|[from] item: Rocky Helmet|[of] p1a: Great Tusk\n|\n|-heal|p2a: Kingambit|90\/100|[from] item: Leftovers\n|upkeep\n|turn|14\n|\n|t:|1700515112\n|-end|p2a: Kingambit|fallen1|[silent]\n|switch|p2a: Dragapult|Dragapult, F|100\/100\n|move|p1a: Great Tusk|Earthquake|p2a: Dragapult\n|-damage|p2a: Dragapult|39\/100\n|\n|upkeep\n|turn|15\n|\n|t:|1700515128\n|-end|p1a: Great Tusk|Protosynthesis|[silent]\n|switch|p1a: Muk|Muk-Alola, M|67\/100\n|-damage|p1a: Muk|55\/100|[from] Stealth Rock\n|move|p2a: Dragapult|Thunderbolt|p1a: Muk\n|-damage|p1a: Muk|30\/100\n|\n|-heal|p1a: Muk|36\/100|[from] item: Black Sludge\n|upkeep\n|turn|16\n|\n|t:|1700515142\n|switch|p2a: Corviknight|Corviknight, M|57\/100\n|move|p1a: Muk|Knock Off|p2a: Corviknight\n|-crit|p2a: Corviknight\n|-damage|p2a: Corviknight|37\/100\n|\n|-heal|p1a: Muk|42\/100|[from] item: Black Sludge\n|upkeep\n|turn|17\n|\n|t:|1700515148\n|move|p2a: Corviknight|Roost|p2a: Corviknight\n|-heal|p2a: Corviknight|87\/100\n|-singleturn|p2a: Corviknight|move: Roost\n|move|p1a: Muk|Drain Punch|p2a: Corviknight\n|-supereffective|p2a: Corviknight\n|-damage|p2a: Corviknight|65\/100\n|-heal|p1a: Muk|53\/100|[from] drain|[of] p2a: Corviknight\n|\n|-heal|p1a: Muk|59\/100|[from] item: Black Sludge\n|upkeep\n|turn|18\n|\n|t:|1700515155\n|move|p2a: Corviknight|Bulk Up|p2a: Corviknight\n|-boost|p2a: Corviknight|atk|1\n|-boost|p2a: Corviknight|def|1\n|move|p1a: Muk|Drain Punch|p2a: Corviknight\n|-damage|p2a: Corviknight|58\/100\n|-heal|p1a: Muk|63\/100|[from] drain|[of] p2a: Corviknight\n|\n|-heal|p1a: Muk|69\/100|[from] item: Black Sludge\n|upkeep\n|turn|19\n|\n|t:|1700515170\n|switch|p1a: Walking Wake|Walking Wake|100\/100\n|-damage|p1a: Walking Wake|88\/100|[from] Stealth Rock\n|move|p2a: Corviknight|Roost|p2a: Corviknight\n|-heal|p2a: Corviknight|100\/100\n|-singleturn|p2a: Corviknight|move: Roost\n|\n|upkeep\n|turn|20\n|\n|t:|1700515180\n|move|p1a: Walking Wake|Flamethrower|p2a: Corviknight\n|-supereffective|p2a: Corviknight\n|-damage|p2a: Corviknight|45\/100\n|move|p2a: Corviknight|Brave Bird|p1a: Walking Wake\n|-damage|p1a: Walking Wake|33\/100\n|-damage|p2a: Corviknight|30\/100|[from] Recoil\n|\n|upkeep\n|turn|21\n|\n|t:|1700515209\n|switch|p2a: Dragapult|Dragapult, F|39\/100\n|move|p1a: Walking Wake|Flamethrower|p2a: Dragapult\n|-resisted|p2a: Dragapult\n|-damage|p2a: Dragapult|17\/100\n|\n|upkeep\n|turn|22\n|\n|t:|1700515217\n|move|p1a: Walking Wake|Flamethrower|p2a: Dragapult\n|-resisted|p2a: Dragapult\n|-damage|p2a: Dragapult|0 fnt\n|faint|p2a: Dragapult\n|\n|upkeep\n|\n|t:|1700515228\n|switch|p2a: Meowscarada|Meowscarada, F|100\/100\n|turn|23\n|\n|t:|1700515241\n|-end|p1a: Walking Wake|Protosynthesis|[silent]\n|switch|p1a: Muk|Muk-Alola, M|69\/100\n|-damage|p1a: Muk|56\/100|[from] Stealth Rock\n|move|p2a: Meowscarada|Play Rough|p1a: Muk\n|-start|p2a: Meowscarada|typechange|Fairy|[from] ability: Protean\n|-damage|p1a: Muk|16\/100\n|\n|-heal|p1a: Muk|22\/100|[from] item: Black Sludge\n|upkeep\n|turn|24\n|\n|t:|1700515258\n|move|p2a: Meowscarada|Play Rough|p1a: Muk\n|-damage|p1a: Muk|0 fnt\n|faint|p1a: Muk\n|\n|upkeep\n|inactive|FleetFoxxx has 120 seconds left.\n|\n|t:|1700515286\n|switch|p1a: Dragonite|Dragonite, M|100\/100\n|-damage|p1a: Dragonite|76\/100|[from] Stealth Rock\n|turn|25\n|\n|t:|1700515292\n|-terastallize|p1a: Dragonite|Normal\n|move|p1a: Dragonite|Extreme Speed|p2a: Meowscarada\n|-damage|p2a: Meowscarada|0 fnt\n|faint|p2a: Meowscarada\n|\n|upkeep\n|\n|t:|1700515300\n|switch|p2a: Corviknight|Corviknight, M|30\/100\n|turn|26\n|inactive|FleetFoxxx has 120 seconds left.\n|\n|t:|1700515321\n|switch|p1a: Walking Wake|Walking Wake|33\/100\n|-damage|p1a: Walking Wake|21\/100|[from] Stealth Rock\n|move|p2a: Corviknight|Roost|p2a: Corviknight\n|-heal|p2a: Corviknight|80\/100\n|-singleturn|p2a: Corviknight|move: Roost\n|\n|upkeep\n|turn|27\n|\n|t:|1700515332\n|move|p1a: Walking Wake|Flamethrower|p2a: Corviknight\n|-supereffective|p2a: Corviknight\n|-damage|p2a: Corviknight|16\/100\n|move|p2a: Corviknight|Brave Bird|p1a: Walking Wake\n|-damage|p1a: Walking Wake|0 fnt\n|faint|p1a: Walking Wake\n|-end|p1a: Walking Wake|Protosynthesis|[silent]\n|-damage|p2a: Corviknight|10\/100|[from] Recoil\n|\n|upkeep\n|\n|t:|1700515341\n|switch|p1a: Enamorus|Enamorus, F|76\/100\n|-damage|p1a: Enamorus|51\/100|[from] Stealth Rock\n|turn|28\n|\n|t:|1700515346\n|move|p1a: Enamorus|Moonblast|p2a: Corviknight\n|-resisted|p2a: Corviknight\n|-damage|p2a: Corviknight|0 fnt\n|faint|p2a: Corviknight\n|\n|upkeep\n|\n|t:|1700515354\n|switch|p2a: Kingambit|Kingambit, M|90\/100\n|-activate|p2a: Kingambit|ability: Supreme Overlord\n|-start|p2a: Kingambit|fallen4|[silent]\n|turn|29\n|\n|t:|1700515372\n|switch|p1a: Great Tusk|Great Tusk|60\/100\n|-damage|p1a: Great Tusk|57\/100|[from] Stealth Rock\n|move|p2a: Kingambit|Swords Dance|p2a: Kingambit\n|-boost|p2a: Kingambit|atk|2\n|\n|-heal|p2a: Kingambit|96\/100|[from] item: Leftovers\n|upkeep\n|turn|30\n|\n|t:|1700515384\n|move|p1a: Great Tusk|Earthquake|p2a: Kingambit\n|-supereffective|p2a: Kingambit\n|-damage|p2a: Kingambit|34\/100\n|move|p2a: Kingambit|Low Kick|p1a: Great Tusk\n|-damage|p1a: Great Tusk|0 fnt\n|-damage|p2a: Kingambit|17\/100|[from] item: Rocky Helmet|[of] p1a: Great Tusk\n|faint|p1a: Great Tusk\n|-end|p1a: Great Tusk|Protosynthesis|[silent]\n|\n|-heal|p2a: Kingambit|24\/100|[from] item: Leftovers\n|upkeep\n|\n|t:|1700515398\n|switch|p1a: Maushold|Maushold-Four|88\/100\n|-damage|p1a: Maushold|76\/100|[from] Stealth Rock\n|turn|31\n|\n|t:|1700515407\n|move|p2a: Kingambit|Sucker Punch||[still]\n|-fail|p2a: Kingambit\n|move|p1a: Maushold|Encore|p2a: Kingambit\n|-start|p2a: Kingambit|Encore\n|\n|-heal|p2a: Kingambit|30\/100|[from] item: Leftovers\n|upkeep\n|turn|32\n|\n|t:|1700515417\n|move|p2a: Kingambit|Sucker Punch||[still]\n|-fail|p2a: Kingambit\n|move|p1a: Maushold|Tidy Up|p1a: Maushold\n|-sideend|p1: FleetFoxxx|Stealth Rock\n|-activate|p1a: Maushold|move: Tidy Up\n|-boost|p1a: Maushold|atk|1\n|-boost|p1a: Maushold|spe|1\n|\n|-heal|p2a: Kingambit|36\/100|[from] item: Leftovers\n|upkeep\n|turn|33\n|\n|t:|1700515422\n|-end|p2a: Kingambit|fallen4|[silent]\n|switch|p2a: Clefable|Clefable, M, tera:Poison|39\/100\n|move|p1a: Maushold|Tidy Up|p1a: Maushold\n|-boost|p1a: Maushold|atk|1\n|-boost|p1a: Maushold|spe|1\n|\n|-heal|p2a: Clefable|45\/100|[from] item: Leftovers\n|upkeep\n|turn|34\n|\n|t:|1700515429\n|move|p1a: Maushold|Population Bomb|p2a: Clefable\n|-damage|p2a: Clefable|32\/100\n|-damage|p2a: Clefable|21\/100\n|-damage|p2a: Clefable|8\/100\n|-damage|p2a: Clefable|0 fnt\n|faint|p2a: Clefable\n|-hitcount|p2: Clefable|4\n|\n|upkeep\n|\n|t:|1700515432\n|switch|p2a: Kingambit|Kingambit, M|36\/100\n|-activate|p2a: Kingambit|ability: Supreme Overlord\n|-start|p2a: Kingambit|fallen5|[silent]\n|turn|35\n|\n|t:|1700515440\n|move|p1a: Maushold|Encore||[still]\n|-fail|p1a: Maushold\n|move|p2a: Kingambit|Iron Head|p1a: Maushold\n|-damage|p1a: Maushold|0 fnt\n|faint|p1a: Maushold\n|\n|-heal|p2a: Kingambit|42\/100|[from] item: Leftovers\n|upkeep\n|\n|t:|1700515449\n|switch|p1a: Dragonite|Dragonite, M, tera:Normal|76\/100\n|turn|36\n|\n|t:|1700515455\n|move|p1a: Dragonite|Extreme Speed|p2a: Kingambit\n|-resisted|p2a: Kingambit\n|-damage|p2a: Kingambit|18\/100\n|move|p2a: Kingambit|Low Kick|p1a: Dragonite\n|-supereffective|p1a: Dragonite\n|-damage|p1a: Dragonite|0 fnt\n|faint|p1a: Dragonite\n|\n|-heal|p2a: Kingambit|24\/100|[from] item: Leftovers\n|upkeep\n|\n|t:|1700515463\n|switch|p1a: Enamorus|Enamorus, F|51\/100\n|turn|37\n|\n|t:|1700515471\n|move|p2a: Kingambit|Sucker Punch|p1a: Enamorus\n|-resisted|p1a: Enamorus\n|-damage|p1a: Enamorus|0 fnt\n|faint|p1a: Enamorus\n|\n|win|TuPrimaLaCalv4\n|raw|FleetFoxxx's rating: 1675 &rarr; <strong>1651<\/strong><br \/>(-24 for losing)\n|raw|TuPrimaLaCalv4's rating: 1613 &rarr; <strong>1637<\/strong><br \/>(+24 for winning)\n|l|\u2606FleetFoxxx\n|c|\u2606TuPrimaLaCalv4|Gg\n|l|\u2606TuPrimaLaCalv4\n|c| outdated ahh team|How did you choke this hard\n","uploadtime":1700515478,"views":5,"p1id":"fleetfoxxx","p2id":"tuprimalacalv4","formatid":"gen9ou","rating":1637,"private":0,"password":""}