{"id":"gen9ou-1990800283","p1":"SofteLocke","p2":"TismWarrior1","format":"[Gen 9] OU","log":"|j|\u2606SofteLocke\n|j|\u2606TismWarrior1\n|t:|1700002109\n|gametype|singles\n|player|p1|SofteLocke|266|1568\n|player|p2|TismWarrior1|medium|1736\n|teamsize|p1|6\n|teamsize|p2|6\n|gen|9\n|tier|[Gen 9] OU\n|rated|\n|rule|Sleep Clause Mod: Limit one foe put to sleep\n|rule|Species Clause: Limit one of each Pok\u00e9mon\n|rule|OHKO Clause: OHKO moves are banned\n|rule|Evasion Items Clause: Evasion items are banned\n|rule|Evasion Moves Clause: Evasion moves are banned\n|rule|Endless Battle Clause: Forcing endless battles is banned\n|rule|HP Percentage Mod: HP is shown in percentages\n|clearpoke\n|poke|p1|Hatterene, F|\n|poke|p1|Torkoal, M|\n|poke|p1|Walking Wake|\n|poke|p1|Scovillain, F|\n|poke|p1|Great Tusk|\n|poke|p1|Brute Bonnet|\n|poke|p2|Slowking-Galar, M|\n|poke|p2|Rotom-Wash|\n|poke|p2|Landorus-Therian, M|\n|poke|p2|Kingambit, M|\n|poke|p2|Dragapult, F|\n|poke|p2|Meowscarada, M|\n|teampreview\n|inactive|Battle timer is ON: inactive players will automatically lose when time's up. (requested by TismWarrior1)\n|c|\u2606TismWarrior1|hf\n|c|\u2606SofteLocke|u2\n|\n|t:|1700002123\n|start\n|switch|p1a: Doc Ock|Torkoal, M|100\/100\n|switch|p2a: Landorus|Landorus-Therian, M|100\/100\n|-ability|p2a: Landorus|Intimidate|boost\n|-unboost|p1a: Doc Ock|atk|1\n|-weather|SunnyDay|[from] ability: Drought|[of] p1a: Doc Ock\n|turn|1\n|\n|t:|1700002128\n|switch|p1a: Candace Owens|Hatterene, F|100\/100\n|move|p2a: Landorus|Swords Dance|p2a: Landorus\n|-boost|p2a: Landorus|atk|2\n|\n|-weather|SunnyDay|[upkeep]\n|upkeep\n|turn|2\n|\n|t:|1700002132\n|move|p2a: Landorus|Earthquake|p1a: Candace Owens\n|-damage|p1a: Candace Owens|14\/100\n|-enditem|p1a: Candace Owens|Eject Button\n|\n|t:|1700002134\n|switch|p1a: Crocune-Mega|Walking Wake|100\/100\n|-activate|p1a: Crocune-Mega|ability: Protosynthesis\n|-start|p1a: Crocune-Mega|protosynthesisspa\n|\n|-weather|SunnyDay|[upkeep]\n|upkeep\n|turn|3\n|\n|t:|1700002140\n|-terastallize|p2a: Landorus|Water\n|move|p1a: Crocune-Mega|Hydro Steam|p2a: Landorus\n|-resisted|p2a: Landorus\n|-damage|p2a: Landorus|47\/100\n|move|p2a: Landorus|Earthquake|p1a: Crocune-Mega\n|-damage|p1a: Crocune-Mega|0 fnt\n|faint|p1a: Crocune-Mega\n|-end|p1a: Crocune-Mega|Protosynthesis|[silent]\n|\n|-weather|SunnyDay|[upkeep]\n|upkeep\n|\n|t:|1700002147\n|switch|p1a: Harvey Dent|Scovillain, F|100\/100\n|turn|4\n|\n|t:|1700002151\n|switch|p2a: Slowking|Slowking-Galar, M|100\/100\n|move|p1a: Harvey Dent|Solar Beam||[still]\n|-prepare|p1a: Harvey Dent|Solar Beam\n|-anim|p1a: Harvey Dent|Solar Beam|p2a: Slowking\n|-resisted|p2a: Slowking\n|-damage|p2a: Slowking|82\/100\n|\n|-weather|SunnyDay|[upkeep]\n|upkeep\n|turn|5\n|\n|t:|1700002160\n|switch|p1a: Candace Owens|Hatterene, F|14\/100\n|move|p2a: Slowking|Chilly Reception|p2a: Slowking\n|-weather|Snow\n|\n|t:|1700002168\n|switch|p2a: Landorus|Landorus-Therian, M, tera:Water|47\/100|[from] Chilly Reception\n|-ability|p2a: Landorus|Intimidate|boost\n|-unboost|p1a: Candace Owens|atk|1\n|\n|-weather|Snow|[upkeep]\n|upkeep\n|turn|6\n|\n|t:|1700002180\n|move|p2a: Landorus|U-turn|p1a: Candace Owens\n|-damage|p1a: Candace Owens|0 fnt\n|faint|p1a: Candace Owens\n|\n|t:|1700002185\n|switch|p2a: Slowking|Slowking-Galar, M|100\/100|[from] U-turn\n|\n|-weather|Snow|[upkeep]\n|upkeep\n|\n|t:|1700002189\n|switch|p1a: Great Tusk|Great Tusk|100\/100\n|turn|7\n|\n|t:|1700002194\n|switch|p2a: Rotom|Rotom-Wash|100\/100\n|move|p1a: Great Tusk|Rapid Spin|p2a: Rotom\n|-damage|p2a: Rotom|86\/100\n|-boost|p1a: Great Tusk|spe|1\n|\n|-weather|Snow|[upkeep]\n|-heal|p2a: Rotom|92\/100|[from] item: Leftovers\n|upkeep\n|turn|8\n|\n|t:|1700002206\n|-end|p1a: Great Tusk|Protosynthesis|[silent]\n|switch|p1a: Doc Ock|Torkoal, M|100\/100\n|-weather|SunnyDay|[from] ability: Drought|[of] p1a: Doc Ock\n|move|p2a: Rotom|Hydro Pump|p1a: Doc Ock\n|-supereffective|p1a: Doc Ock\n|-damage|p1a: Doc Ock|47\/100\n|\n|-weather|SunnyDay|[upkeep]\n|-heal|p2a: Rotom|98\/100|[from] item: Leftovers\n|upkeep\n|turn|9\n|\n|t:|1700002213\n|move|p2a: Rotom|Volt Switch|p1a: Doc Ock\n|-damage|p1a: Doc Ock|12\/100\n|\n|t:|1700002216\n|switch|p2a: Slowking|Slowking-Galar, M|100\/100|[from] Volt Switch\n|move|p1a: Doc Ock|Stealth Rock|p2a: Slowking\n|-sidestart|p2: TismWarrior1|move: Stealth Rock\n|\n|-weather|SunnyDay|[upkeep]\n|upkeep\n|turn|10\n|\n|t:|1700002221\n|switch|p1a: Crewmate|Brute Bonnet|100\/100\n|-activate|p1a: Crewmate|ability: Protosynthesis\n|-start|p1a: Crewmate|protosynthesisatk\n|move|p2a: Slowking|Chilly Reception|p2a: Slowking\n|-weather|Snow\n|-end|p1a: Crewmate|Protosynthesis\n|\n|t:|1700002225\n|switch|p2a: Landorus|Landorus-Therian, M, tera:Water|47\/100|[from] Chilly Reception\n|-damage|p2a: Landorus|35\/100|[from] Stealth Rock\n|-ability|p2a: Landorus|Intimidate|boost\n|-unboost|p1a: Crewmate|atk|1\n|\n|-weather|Snow|[upkeep]\n|upkeep\n|turn|11\n|\n|t:|1700002234\n|-end|p1a: Crewmate|Protosynthesis|[silent]\n|switch|p1a: Doc Ock|Torkoal, M|12\/100\n|-weather|SunnyDay|[from] ability: Drought|[of] p1a: Doc Ock\n|move|p2a: Landorus|U-turn|p1a: Doc Ock\n|-resisted|p1a: Doc Ock\n|-damage|p1a: Doc Ock|6\/100\n|\n|t:|1700002238\n|switch|p2a: Rotom|Rotom-Wash|98\/100|[from] U-turn\n|-damage|p2a: Rotom|86\/100|[from] Stealth Rock\n|\n|-weather|SunnyDay|[upkeep]\n|-heal|p2a: Rotom|92\/100|[from] item: Leftovers\n|upkeep\n|turn|12\n|\n|t:|1700002243\n|move|p2a: Rotom|Volt Switch|p1a: Doc Ock\n|-damage|p1a: Doc Ock|0 fnt\n|faint|p1a: Doc Ock\n|\n|t:|1700002249\n|switch|p2a: Meowscarada|Meowscarada, M|100\/100|[from] Volt Switch\n|-damage|p2a: Meowscarada|88\/100|[from] Stealth Rock\n|\n|-weather|SunnyDay|[upkeep]\n|upkeep\n|\n|t:|1700002261\n|switch|p1a: Great Tusk|Great Tusk|100\/100\n|-activate|p1a: Great Tusk|ability: Protosynthesis\n|-start|p1a: Great Tusk|protosynthesisatk\n|turn|13\n|\n|t:|1700002268\n|-terastallize|p1a: Great Tusk|Fighting\n|move|p2a: Meowscarada|U-turn|p1a: Great Tusk\n|-start|p2a: Meowscarada|typechange|Bug|[from] ability: Protean\n|-resisted|p1a: Great Tusk\n|-damage|p1a: Great Tusk|81\/100\n|\n|t:|1700002273\n|switch|p2a: Dragapult|Dragapult, F|100\/100|[from] U-turn\n|move|p1a: Great Tusk|Rapid Spin|p2a: Dragapult\n|-immune|p2a: Dragapult\n|\n|-weather|SunnyDay|[upkeep]\n|upkeep\n|turn|14\n|\n|t:|1700002278\n|-end|p1a: Great Tusk|Protosynthesis|[silent]\n|switch|p1a: Harvey Dent|Scovillain, F|100\/100\n|move|p2a: Dragapult|Thunder Wave|p1a: Harvey Dent\n|-status|p1a: Harvey Dent|par\n|\n|-weather|SunnyDay|[upkeep]\n|upkeep\n|turn|15\n|\n|t:|1700002294\n|switch|p1a: Crewmate|Brute Bonnet|100\/100\n|-activate|p1a: Crewmate|ability: Protosynthesis\n|-start|p1a: Crewmate|protosynthesisatk\n|move|p2a: Dragapult|U-turn|p1a: Crewmate\n|-supereffective|p1a: Crewmate\n|-damage|p1a: Crewmate|26\/100\n|\n|t:|1700002301\n|switch|p2a: Meowscarada|Meowscarada, M|88\/100|[from] U-turn\n|-damage|p2a: Meowscarada|76\/100|[from] Stealth Rock\n|\n|-weather|SunnyDay|[upkeep]\n|upkeep\n|turn|16\n|\n|t:|1700002303\n|move|p2a: Meowscarada|U-turn|p1a: Crewmate\n|-start|p2a: Meowscarada|typechange|Bug|[from] ability: Protean\n|-supereffective|p1a: Crewmate\n|-damage|p1a: Crewmate|0 fnt\n|faint|p1a: Crewmate\n|-end|p1a: Crewmate|Protosynthesis|[silent]\n|-message|SofteLocke forfeited.\n|\n|win|TismWarrior1\n|raw|SofteLocke's rating: 1568 &rarr; <strong>1557<\/strong><br \/>(-11 for losing)\n|raw|TismWarrior1's rating: 1736 &rarr; <strong>1747<\/strong><br \/>(+11 for winning)\n|l|\u2606SofteLocke\n","uploadtime":1700002316,"views":15,"p1id":"softelocke","p2id":"tismwarrior1","formatid":"gen9ou","rating":1557,"private":0,"password":""}