{"id":"gen9ou-1990912618","p1":"kilhousevanhouten","p2":"ElFelikz","format":"[Gen 9] OU","log":"|j|\u2606kilhousevanhouten\n|j|\u2606ElFelikz\n|t:|1700014376\n|gametype|singles\n|player|p1|kilhousevanhouten|cameraman|1000\n|player|p2|ElFelikz|veteran|1000\n|teamsize|p1|6\n|teamsize|p2|6\n|gen|9\n|tier|[Gen 9] OU\n|rated|\n|rule|Sleep Clause Mod: Limit one foe put to sleep\n|rule|Species Clause: Limit one of each Pok\u00e9mon\n|rule|OHKO Clause: OHKO moves are banned\n|rule|Evasion Items Clause: Evasion items are banned\n|rule|Evasion Moves Clause: Evasion moves are banned\n|rule|Endless Battle Clause: Forcing endless battles is banned\n|rule|HP Percentage Mod: HP is shown in percentages\n|clearpoke\n|poke|p1|Garchomp, M|\n|poke|p1|Tyranitar, M|\n|poke|p1|Sableye, M|\n|poke|p1|Munkidori, M|\n|poke|p1|Forretress, F|\n|poke|p1|Ceruledge, F|\n|poke|p2|Ting-Lu|\n|poke|p2|Sneasler, F|\n|poke|p2|Zapdos|\n|poke|p2|Heatran, M|\n|poke|p2|Rillaboom, F|\n|poke|p2|Manaphy|\n|teampreview\n|inactive|Battle timer is ON: inactive players will automatically lose when time's up. (requested by kilhousevanhouten)\n|\n|t:|1700014387\n|start\n|switch|p1a: The Element|Tyranitar, M|100\/100\n|switch|p2a: Heatran|Heatran, M|100\/100\n|-item|p2a: Heatran|Air Balloon\n|-weather|Sandstorm|[from] ability: Sand Stream|[of] p1a: The Element\n|turn|1\n|\n|t:|1700014395\n|move|p2a: Heatran|Will-O-Wisp|p1a: The Element\n|-status|p1a: The Element|brn\n|move|p1a: The Element|Brick Break|p2a: Heatran\n|-supereffective|p2a: Heatran\n|-damage|p2a: Heatran|62\/100\n|-enditem|p2a: Heatran|Air Balloon\n|\n|-weather|Sandstorm|[upkeep]\n|-damage|p1a: The Element|94\/100 brn|[from] brn\n|upkeep\n|turn|2\n|\n|t:|1700014406\n|switch|p2a: Manaphy|Manaphy|100\/100\n|move|p1a: The Element|Brick Break|p2a: Manaphy\n|-damage|p2a: Manaphy|79\/100\n|\n|-weather|Sandstorm|[upkeep]\n|-damage|p2a: Manaphy|73\/100|[from] Sandstorm\n|-damage|p1a: The Element|88\/100 brn|[from] brn\n|upkeep\n|turn|3\n|\n|t:|1700014423\n|switch|p2a: Heatran|Heatran, M|62\/100\n|switch|p1a: Lil Escrow|Sableye, M|100\/100\n|\n|-weather|Sandstorm|[upkeep]\n|-damage|p1a: Lil Escrow|94\/100|[from] Sandstorm\n|-heal|p1a: Lil Escrow|100\/100|[from] item: Leftovers\n|upkeep\n|turn|4\n|\n|t:|1700014436\n|move|p2a: Heatran|Magma Storm|p1a: Lil Escrow|[miss]\n|-miss|p2a: Heatran|p1a: Lil Escrow\n|move|p1a: Lil Escrow|Foul Play|p2a: Heatran\n|-damage|p2a: Heatran|43\/100\n|\n|-weather|Sandstorm|[upkeep]\n|-damage|p1a: Lil Escrow|94\/100|[from] Sandstorm\n|-heal|p1a: Lil Escrow|100\/100|[from] item: Leftovers\n|upkeep\n|turn|5\n|\n|t:|1700014445\n|move|p2a: Heatran|Stealth Rock|p1a: Lil Escrow\n|-sidestart|p1: kilhousevanhouten|move: Stealth Rock\n|move|p1a: Lil Escrow|Ice Punch|p2a: Heatran\n|-resisted|p2a: Heatran\n|-damage|p2a: Heatran|40\/100\n|-status|p1a: Lil Escrow|brn|[from] ability: Flame Body|[of] p2a: Heatran\n|\n|-weather|none\n|-damage|p1a: Lil Escrow|94\/100 brn|[from] brn\n|upkeep\n|turn|6\n|\n|t:|1700014451\n|move|p1a: Lil Escrow|Sucker Punch|p2a: Heatran\n|-damage|p2a: Heatran|32\/100\n|move|p2a: Heatran|Magma Storm|p1a: Lil Escrow\n|-damage|p1a: Lil Escrow|23\/100 brn\n|-activate|p1a: Lil Escrow|move: Magma Storm|[of] p2a: Heatran\n|\n|-heal|p1a: Lil Escrow|29\/100 brn|[from] item: Leftovers\n|-damage|p1a: Lil Escrow|23\/100 brn|[from] brn\n|-damage|p1a: Lil Escrow|11\/100 brn|[from] move: Magma Storm|[partiallytrapped]\n|upkeep\n|turn|7\n|\n|t:|1700014471\n|switch|p2a: Rillaboom|Rillaboom, F|100\/100\n|-fieldstart|move: Grassy Terrain|[from] ability: Grassy Surge|[of] p2a: Rillaboom\n|move|p1a: Lil Escrow|Sucker Punch||[still]\n|-fail|p1a: Lil Escrow\n|\n|-heal|p1a: Lil Escrow|17\/100 brn|[from] Grassy Terrain\n|-heal|p1a: Lil Escrow|23\/100 brn|[from] item: Leftovers\n|-damage|p1a: Lil Escrow|17\/100 brn|[from] brn\n|-end|p1a: Lil Escrow|Magma Storm|[partiallytrapped]|[silent]\n|upkeep\n|turn|8\n|\n|t:|1700014491\n|move|p2a: Rillaboom|Grassy Glide|p1a: Lil Escrow\n|-damage|p1a: Lil Escrow|0 fnt\n|faint|p1a: Lil Escrow\n|\n|upkeep\n|\n|t:|1700014504\n|switch|p1a: Doug|Forretress, F|100\/100\n|-damage|p1a: Doug|88\/100|[from] Stealth Rock\n|turn|9\n|\n|t:|1700014518\n|switch|p2a: Zapdos|Zapdos|100\/100\n|move|p1a: Doug|Rapid Spin|p2a: Zapdos\n|-damage|p2a: Zapdos|90\/100\n|-boost|p1a: Doug|spe|1\n|-sideend|p1: kilhousevanhouten|Stealth Rock|[from] move: Rapid Spin|[of] p1a: Doug\n|\n|-heal|p1a: Doug|94\/100|[from] Grassy Terrain\n|upkeep\n|turn|10\n|\n|t:|1700014525\n|move|p2a: Zapdos|Thunder Wave|p1a: Doug\n|-status|p1a: Doug|par\n|move|p1a: Doug|Ice Spinner|p2a: Zapdos\n|-supereffective|p2a: Zapdos\n|-damage|p2a: Zapdos|58\/100\n|-fieldend|move: Grassy Terrain\n|\n|upkeep\n|turn|11\n|\n|t:|1700014537\n|move|p2a: Zapdos|Volt Switch|p1a: Doug\n|-damage|p1a: Doug|53\/100 par\n|\n|t:|1700014546\n|switch|p2a: Ting-Lu|Ting-Lu|100\/100|[from] Volt Switch\n|-ability|p2a: Ting-Lu|Vessel of Ruin\n|move|p1a: Doug|Volt Switch|p2a: Ting-Lu\n|-immune|p2a: Ting-Lu\n|\n|upkeep\n|turn|12\n|\n|t:|1700014562\n|move|p2a: Ting-Lu|Stealth Rock|p1a: Doug\n|-sidestart|p1: kilhousevanhouten|move: Stealth Rock\n|cant|p1a: Doug|par\n|\n|upkeep\n|turn|13\n|\n|t:|1700014566\n|move|p2a: Ting-Lu|Earthquake|p1a: Doug\n|-damage|p1a: Doug|26\/100 par\n|move|p1a: Doug|Toxic Spikes|p2a: Ting-Lu\n|-sidestart|p2: ElFelikz|move: Toxic Spikes\n|\n|upkeep\n|turn|14\n|\n|t:|1700014573\n|move|p1a: Doug|Ice Spinner|p2a: Ting-Lu\n|-supereffective|p2a: Ting-Lu\n|-damage|p2a: Ting-Lu|81\/100\n|move|p2a: Ting-Lu|Whirlwind|p1a: Doug\n|drag|p1a: Trae|Munkidori, M|100\/100\n|-damage|p1a: Trae|88\/100|[from] Stealth Rock\n|\n|-heal|p2a: Ting-Lu|88\/100|[from] item: Leftovers\n|upkeep\n|turn|15\n|inactive|kilhousevanhouten has 120 seconds left.\n|\n|t:|1700014604\n|-terastallize|p1a: Trae|Water\n|move|p1a: Trae|Calm Mind|p1a: Trae\n|-boost|p1a: Trae|spa|1\n|-boost|p1a: Trae|spd|1\n|move|p2a: Ting-Lu|Earthquake|p1a: Trae\n|-damage|p1a: Trae|30\/100\n|\n|-heal|p2a: Ting-Lu|94\/100|[from] item: Leftovers\n|upkeep\n|turn|16\n|inactive|kilhousevanhouten has 120 seconds left.\n|\n|t:|1700014623\n|move|p1a: Trae|Sludge Bomb|p2a: Ting-Lu\n|-resisted|p2a: Ting-Lu\n|-damage|p2a: Ting-Lu|71\/100\n|-status|p2a: Ting-Lu|tox|[from] ability: Toxic Chain|[of] p1a: Trae\n|move|p2a: Ting-Lu|Earthquake|p1a: Trae\n|-damage|p1a: Trae|0 fnt\n|faint|p1a: Trae\n|\n|-heal|p2a: Ting-Lu|77\/100 tox|[from] item: Leftovers\n|-damage|p2a: Ting-Lu|71\/100 tox|[from] psn\n|upkeep\n|inactive|kilhousevanhouten has 120 seconds left.\n|\n|t:|1700014640\n|switch|p1a: Big Scrunch|Garchomp, M|100\/100\n|-damage|p1a: Big Scrunch|94\/100|[from] Stealth Rock\n|turn|17\n|\n|t:|1700014660\n|move|p1a: Big Scrunch|Swords Dance|p1a: Big Scrunch\n|-boost|p1a: Big Scrunch|atk|2\n|move|p2a: Ting-Lu|Spikes|p1a: Big Scrunch\n|-sidestart|p1: kilhousevanhouten|Spikes\n|\n|-heal|p2a: Ting-Lu|77\/100 tox|[from] item: Leftovers\n|-damage|p2a: Ting-Lu|65\/100 tox|[from] psn\n|upkeep\n|turn|18\n|inactive|kilhousevanhouten has 120 seconds left.\n|\n|t:|1700014672\n|move|p1a: Big Scrunch|Earthquake|p2a: Ting-Lu\n|-damage|p2a: Ting-Lu|22\/100 tox\n|move|p2a: Ting-Lu|Earthquake|p1a: Big Scrunch\n|-damage|p1a: Big Scrunch|55\/100\n|\n|-heal|p2a: Ting-Lu|29\/100 tox|[from] item: Leftovers\n|-damage|p2a: Ting-Lu|10\/100 tox|[from] psn\n|upkeep\n|turn|19\n|inactive|kilhousevanhouten has 120 seconds left.\n|\n|t:|1700014683\n|move|p1a: Big Scrunch|Surf|p2a: Ting-Lu\n|-supereffective|p2a: Ting-Lu\n|-damage|p2a: Ting-Lu|0 fnt\n|faint|p2a: Ting-Lu\n|\n|upkeep\n|\n|t:|1700014690\n|switch|p2a: Rillaboom|Rillaboom, F|100\/100\n|-status|p2a: Rillaboom|psn\n|-fieldstart|move: Grassy Terrain|[from] ability: Grassy Surge|[of] p2a: Rillaboom\n|turn|20\n|\n|t:|1700014702\n|move|p2a: Rillaboom|Grassy Glide|p1a: Big Scrunch\n|-damage|p1a: Big Scrunch|0 fnt\n|-damage|p2a: Rillaboom|88\/100 psn|[from] ability: Rough Skin|[of] p1a: Big Scrunch\n|faint|p1a: Big Scrunch\n|\n|-heal|p2a: Rillaboom|94\/100 psn|[from] Grassy Terrain\n|-damage|p2a: Rillaboom|82\/100 psn|[from] psn\n|upkeep\n|inactive|kilhousevanhouten has 120 seconds left.\n|\n|t:|1700014720\n|switch|p1a: The Element|Tyranitar, M|88\/100 brn\n|-damage|p1a: The Element|76\/100 brn|[from] Stealth Rock\n|-damage|p1a: The Element|63\/100 brn|[from] Spikes\n|-weather|Sandstorm|[from] ability: Sand Stream|[of] p1a: The Element\n|turn|21\n|\n|t:|1700014723\n|move|p2a: Rillaboom|Grassy Glide|p1a: The Element\n|-supereffective|p1a: The Element\n|-damage|p1a: The Element|0 fnt\n|faint|p1a: The Element\n|\n|-weather|Sandstorm|[upkeep]\n|-damage|p2a: Rillaboom|76\/100 psn|[from] Sandstorm\n|-heal|p2a: Rillaboom|82\/100 psn|[from] Grassy Terrain\n|-damage|p2a: Rillaboom|70\/100 psn|[from] psn\n|upkeep\n|\n|t:|1700014726\n|switch|p1a: Darren Sharpner|Ceruledge, F|100\/100\n|-damage|p1a: Darren Sharpner|76\/100|[from] Stealth Rock\n|-damage|p1a: Darren Sharpner|63\/100|[from] Spikes\n|turn|22\n|\n|t:|1700014736\n|switch|p2a: Sneasler|Sneasler, F, shiny|100\/100\n|-sideend|p2: ElFelikz|move: Toxic Spikes|[of] p2a: Sneasler\n|-enditem|p2a: Sneasler|Grassy Seed\n|-boost|p2a: Sneasler|def|1|[from] item: Grassy Seed\n|move|p1a: Darren Sharpner|Bulk Up|p1a: Darren Sharpner\n|-boost|p1a: Darren Sharpner|atk|1\n|-boost|p1a: Darren Sharpner|def|1\n|\n|-weather|Sandstorm|[upkeep]\n|-damage|p2a: Sneasler|94\/100|[from] Sandstorm\n|-damage|p1a: Darren Sharpner|57\/100|[from] Sandstorm\n|-heal|p2a: Sneasler|100\/100|[from] Grassy Terrain\n|-heal|p1a: Darren Sharpner|63\/100|[from] Grassy Terrain\n|upkeep\n|turn|23\n|\n|t:|1700014747\n|-terastallize|p2a: Sneasler|Dark\n|move|p2a: Sneasler|Lash Out|p1a: Darren Sharpner\n|-supereffective|p1a: Darren Sharpner\n|-damage|p1a: Darren Sharpner|0 fnt\n|faint|p1a: Darren Sharpner\n|\n|-weather|Sandstorm|[upkeep]\n|-damage|p2a: Sneasler|94\/100|[from] Sandstorm\n|-heal|p2a: Sneasler|100\/100|[from] Grassy Terrain\n|upkeep\n|\n|t:|1700014750\n|switch|p1a: Doug|Forretress, F|26\/100 par\n|-damage|p1a: Doug|13\/100 par|[from] Stealth Rock\n|-damage|p1a: Doug|1\/100 par|[from] Spikes\n|-enditem|p1a: Doug|Figy Berry|[eat]\n|-heal|p1a: Doug|34\/100 par|[from] item: Figy Berry\n|turn|24\n|\n|t:|1700014757\n|move|p2a: Sneasler|Lash Out|p1a: Doug\n|-damage|p1a: Doug|4\/100 par\n|move|p1a: Doug|Volt Switch|p2a: Sneasler\n|-damage|p2a: Sneasler|87\/100\n|\n|-weather|Sandstorm|[upkeep]\n|-damage|p2a: Sneasler|81\/100|[from] Sandstorm\n|-heal|p2a: Sneasler|87\/100|[from] Grassy Terrain\n|-heal|p1a: Doug|11\/100 par|[from] Grassy Terrain\n|-fieldend|move: Grassy Terrain\n|upkeep\n|turn|25\n|\n|t:|1700014761\n|move|p2a: Sneasler|Lash Out|p1a: Doug\n|-damage|p1a: Doug|0 fnt\n|faint|p1a: Doug\n|\n|win|ElFelikz\n|raw|kilhousevanhouten's rating: 1000 &rarr; <strong>1000<\/strong><br \/>(+0 for losing)\n|raw|ElFelikz's rating: 1000 &rarr; <strong>1040<\/strong><br \/>(+40 for winning)\n|c|\u2606ElFelikz|gg\n|l|\u2606kilhousevanhouten\n","uploadtime":1700014766,"views":14,"p1id":"kilhousevanhouten","p2id":"elfelikz","formatid":"gen9ou","rating":1000,"private":0,"password":""}