{"id":"gen9ou-1988782056","p1":"ssd2","p2":"Itz Sonya Blade","format":"[Gen 9] OU","log":"|j|\u2606ssd2\n|j|\u2606Itz Sonya Blade\n|t:|1699762430\n|gametype|singles\n|player|p1|ssd2|skierf|1081\n|player|p2|Itz Sonya Blade|gardenia|1048\n|teamsize|p1|6\n|teamsize|p2|6\n|gen|9\n|tier|[Gen 9] OU\n|rated|\n|rule|Sleep Clause Mod: Limit one foe put to sleep\n|rule|Species Clause: Limit one of each Pok\u00e9mon\n|rule|OHKO Clause: OHKO moves are banned\n|rule|Evasion Items Clause: Evasion items are banned\n|rule|Evasion Moves Clause: Evasion moves are banned\n|rule|Endless Battle Clause: Forcing endless battles is banned\n|rule|HP Percentage Mod: HP is shown in percentages\n|clearpoke\n|poke|p1|Hatterene, F|\n|poke|p1|Ogerpon, F|\n|poke|p1|Mienshao, M|\n|poke|p1|Scyther, M|\n|poke|p1|Muk, M|\n|poke|p1|Arcanine, M|\n|poke|p2|Heatran, F|\n|poke|p2|Zapdos|\n|poke|p2|Toxapex, M|\n|poke|p2|Rillaboom, F|\n|poke|p2|Zamazenta-*|\n|poke|p2|Great Tusk|\n|teampreview\n|\n|t:|1699762446\n|start\n|switch|p1a: Hatterene|Hatterene, F|100\/100\n|switch|p2a: Heatran|Heatran, F|100\/100\n|turn|1\n|inactive|Battle timer is ON: inactive players will automatically lose when time's up. (requested by Itz Sonya Blade)\n|\n|t:|1699762482\n|move|p2a: Heatran|Magma Storm|p1a: Hatterene\n|-damage|p1a: Hatterene|57\/100\n|-activate|p1a: Hatterene|move: Magma Storm|[of] p2a: Heatran\n|move|p1a: Hatterene|Nuzzle|p2a: Heatran\n|-damage|p2a: Heatran|97\/100\n|-status|p2a: Heatran|par\n|\n|-heal|p1a: Hatterene|63\/100|[from] item: Leftovers\n|-heal|p2a: Heatran|100\/100 par|[from] item: Leftovers\n|-damage|p1a: Hatterene|50\/100|[from] move: Magma Storm|[partiallytrapped]\n|upkeep\n|turn|2\n|\n|t:|1699762499\n|move|p1a: Hatterene|Draining Kiss|p2a: Heatran\n|-resisted|p2a: Heatran\n|-damage|p2a: Heatran|97\/100 par\n|-heal|p1a: Hatterene|53\/100|[from] drain|[of] p2a: Heatran\n|cant|p2a: Heatran|par\n|\n|-heal|p1a: Hatterene|59\/100|[from] item: Leftovers\n|-heal|p2a: Heatran|100\/100 par|[from] item: Leftovers\n|-damage|p1a: Hatterene|47\/100|[from] move: Magma Storm|[partiallytrapped]\n|upkeep\n|turn|3\n|\n|t:|1699762519\n|move|p1a: Hatterene|Calm Mind|p1a: Hatterene\n|-boost|p1a: Hatterene|spa|1\n|-boost|p1a: Hatterene|spd|1\n|cant|p2a: Heatran|par\n|\n|-heal|p1a: Hatterene|53\/100|[from] item: Leftovers\n|-damage|p1a: Hatterene|41\/100|[from] move: Magma Storm|[partiallytrapped]\n|upkeep\n|turn|4\n|\n|t:|1699762530\n|move|p1a: Hatterene|Calm Mind|p1a: Hatterene\n|-boost|p1a: Hatterene|spa|1\n|-boost|p1a: Hatterene|spd|1\n|move|p2a: Heatran|Magma Storm|p1a: Hatterene\n|-damage|p1a: Hatterene|18\/100\n|\n|-heal|p1a: Hatterene|24\/100|[from] item: Leftovers\n|-damage|p1a: Hatterene|12\/100|[from] move: Magma Storm|[partiallytrapped]\n|upkeep\n|turn|5\n|\n|t:|1699762540\n|move|p1a: Hatterene|Stored Power|p2a: Heatran\n|-resisted|p2a: Heatran\n|-damage|p2a: Heatran|72\/100 par\n|move|p2a: Heatran|Earth Power|p1a: Hatterene\n|-damage|p1a: Hatterene|0 fnt\n|faint|p1a: Hatterene\n|\n|-heal|p2a: Heatran|78\/100 par|[from] item: Leftovers\n|upkeep\n|\n|t:|1699762550\n|switch|p1a: Mienshao|Mienshao, M|100\/100\n|turn|6\n|\n|t:|1699762554\n|switch|p2a: Toxapex|Toxapex, M|100\/100\n|move|p1a: Mienshao|Fake Out|p2a: Toxapex\n|-damage|p2a: Toxapex|92\/100\n|\n|-heal|p2a: Toxapex|99\/100|[from] item: Leftovers\n|upkeep\n|turn|7\n|\n|t:|1699762568\n|move|p1a: Mienshao|Knock Off|p2a: Toxapex\n|-damage|p2a: Toxapex|77\/100\n|-enditem|p2a: Toxapex|Leftovers|[from] move: Knock Off|[of] p1a: Mienshao\n|move|p2a: Toxapex|Toxic|p1a: Mienshao\n|-status|p1a: Mienshao|tox\n|\n|-damage|p1a: Mienshao|95\/100 tox|[from] psn\n|upkeep\n|turn|8\n|\n|t:|1699762592\n|move|p1a: Mienshao|U-turn|p2a: Toxapex\n|-resisted|p2a: Toxapex\n|-crit|p2a: Toxapex\n|-damage|p2a: Toxapex|66\/100\n|\n|t:|1699762597\n|switch|p1a: Ogerpon|Ogerpon, F|100\/100|[from] U-turn\n|move|p2a: Toxapex|Surf|p1a: Ogerpon\n|-resisted|p1a: Ogerpon\n|-damage|p1a: Ogerpon|90\/100\n|\n|-heal|p1a: Ogerpon|96\/100|[from] item: Leftovers\n|upkeep\n|turn|9\n|\n|t:|1699762610\n|switch|p2a: Zapdos|Zapdos|100\/100\n|move|p1a: Ogerpon|Stomping Tantrum|p2a: Zapdos\n|-immune|p2a: Zapdos\n|\n|-heal|p1a: Ogerpon|100\/100|[from] item: Leftovers\n|upkeep\n|turn|10\n|\n|t:|1699762636\n|switch|p1a: Arcanine|Arcanine, M|100\/100\n|-ability|p1a: Arcanine|Intimidate|boost\n|-unboost|p2a: Zapdos|atk|1\n|move|p2a: Zapdos|Hurricane|p1a: Arcanine|[miss]\n|-miss|p2a: Zapdos|p1a: Arcanine\n|\n|upkeep\n|turn|11\n|\n|t:|1699762645\n|move|p2a: Zapdos|Volt Switch|p1a: Arcanine\n|-damage|p1a: Arcanine|56\/100\n|\n|t:|1699762649\n|switch|p2a: Toxapex|Toxapex, M|99\/100|[from] Volt Switch\n|move|p1a: Arcanine|Flare Blitz|p2a: Toxapex\n|-resisted|p2a: Toxapex\n|-damage|p2a: Toxapex|83\/100\n|-damage|p1a: Arcanine|51\/100|[from] Recoil\n|\n|upkeep\n|turn|12\n|\n|t:|1699762661\n|switch|p1a: Muk|Muk, M|100\/100\n|move|p2a: Toxapex|Toxic|p1a: Muk\n|-immune|p1a: Muk\n|\n|upkeep\n|turn|13\n|\n|t:|1699762672\n|switch|p2a: Great Tusk|Great Tusk|100\/100\n|move|p1a: Muk|Toxic Spikes|p2a: Great Tusk\n|-sidestart|p2: Itz Sonya Blade|move: Toxic Spikes\n|\n|upkeep\n|turn|14\n|\n|t:|1699762693\n|switch|p1a: Ogerpon|Ogerpon, F|100\/100\n|-terastallize|p2a: Great Tusk|Steel\n|move|p2a: Great Tusk|Bulk Up|p2a: Great Tusk\n|-boost|p2a: Great Tusk|atk|1\n|-boost|p2a: Great Tusk|def|1\n|\n|upkeep\n|turn|15\n|\n|t:|1699762705\n|move|p1a: Ogerpon|Stomping Tantrum|p2a: Great Tusk\n|-supereffective|p2a: Great Tusk\n|-damage|p2a: Great Tusk|83\/100\n|move|p2a: Great Tusk|Bulk Up|p2a: Great Tusk\n|-boost|p2a: Great Tusk|atk|1\n|-boost|p2a: Great Tusk|def|1\n|\n|-heal|p2a: Great Tusk|90\/100|[from] item: Leftovers\n|upkeep\n|turn|16\n|\n|t:|1699762714\n|switch|p1a: Muk|Muk, M|100\/100\n|move|p2a: Great Tusk|Rapid Spin|p1a: Muk\n|-damage|p1a: Muk|72\/100\n|-boost|p2a: Great Tusk|spe|1\n|-sideend|p2: Itz Sonya Blade|Toxic Spikes|[from] move: Rapid Spin|[of] p2a: Great Tusk\n|\n|-heal|p2a: Great Tusk|96\/100|[from] item: Leftovers\n|-heal|p1a: Muk|78\/100|[from] item: Leftovers\n|upkeep\n|turn|17\n|\n|t:|1699762730\n|-terastallize|p1a: Muk|Water\n|move|p2a: Great Tusk|Earthquake|p1a: Muk\n|-damage|p1a: Muk|0 fnt\n|faint|p1a: Muk\n|\n|-heal|p2a: Great Tusk|100\/100|[from] item: Leftovers\n|upkeep\n|-message|ssd2 forfeited.\n|\n|win|Itz Sonya Blade\n|raw|ssd2's rating: 1081 &rarr; <strong>1057<\/strong><br \/>(-24 for losing)\n|raw|Itz Sonya Blade's rating: 1048 &rarr; <strong>1084<\/strong><br \/>(+36 for winning)\n|l|\u2606ssd2\n","uploadtime":1699762749,"views":9,"p1id":"ssd2","p2id":"itzsonyablade","formatid":"gen9ou","rating":1057,"private":0,"password":""}