{"id":"gen9ou-1991741252","p1":"skope97","p2":"OmegaJubs6986","format":"[Gen 9] OU","log":"|j|\u2606skope97\n|j|\u2606OmegaJubs6986\n|t:|1700109519\n|gametype|singles\n|player|p1|skope97|169|1303\n|player|p2|OmegaJubs6986|bruno|1324\n|teamsize|p1|6\n|teamsize|p2|6\n|gen|9\n|tier|[Gen 9] OU\n|rated|\n|rule|Sleep Clause Mod: Limit one foe put to sleep\n|rule|Species Clause: Limit one of each Pok\u00e9mon\n|rule|OHKO Clause: OHKO moves are banned\n|rule|Evasion Items Clause: Evasion items are banned\n|rule|Evasion Moves Clause: Evasion moves are banned\n|rule|Endless Battle Clause: Forcing endless battles is banned\n|rule|HP Percentage Mod: HP is shown in percentages\n|clearpoke\n|poke|p1|Poliwrath, M|\n|poke|p1|Pelipper, M|\n|poke|p1|Overqwil, M|\n|poke|p1|Rillaboom, M|\n|poke|p1|Iron Treads|\n|poke|p1|Zapdos|\n|poke|p2|Kingambit, F|\n|poke|p2|Iron Valiant|\n|poke|p2|Great Tusk|\n|poke|p2|Greninja-*, F|\n|poke|p2|Skeledirge, F|\n|poke|p2|Ogerpon-Wellspring, F|\n|teampreview\n|inactive|Battle timer is ON: inactive players will automatically lose when time's up. (requested by OmegaJubs6986)\n|\n|t:|1700109528\n|start\n|switch|p1a: Iron Treads|Iron Treads|100\/100\n|switch|p2a: GameFreak Fanboi|Greninja, F|100\/100\n|turn|1\n|\n|t:|1700109542\n|-end|p1a: Iron Treads|Quark Drive|[silent]\n|switch|p1a: Pelipper|Pelipper, M|100\/100\n|-weather|RainDance|[from] ability: Drizzle|[of] p1a: Pelipper\n|move|p2a: GameFreak Fanboi|Hydro Pump|p1a: Pelipper\n|-start|p2a: GameFreak Fanboi|typechange|Water|[from] ability: Protean\n|-resisted|p1a: Pelipper\n|-damage|p1a: Pelipper|44\/100\n|\n|-weather|RainDance|[upkeep]\n|upkeep\n|turn|2\n|\n|t:|1700109555\n|switch|p1a: Rillaboom|Rillaboom, M|100\/100\n|-fieldstart|move: Grassy Terrain|[from] ability: Grassy Surge|[of] p1a: Rillaboom\n|move|p2a: GameFreak Fanboi|Hydro Pump|p1a: Rillaboom\n|-resisted|p1a: Rillaboom\n|-damage|p1a: Rillaboom|26\/100\n|\n|-weather|RainDance|[upkeep]\n|-heal|p1a: Rillaboom|32\/100|[from] Grassy Terrain\n|upkeep\n|turn|3\n|\n|t:|1700109564\n|switch|p2a: Florida Man|Skeledirge, F, shiny|100\/100\n|move|p1a: Rillaboom|Grassy Glide|p2a: Florida Man\n|-resisted|p2a: Florida Man\n|-damage|p2a: Florida Man|74\/100\n|\n|-weather|RainDance|[upkeep]\n|-heal|p1a: Rillaboom|38\/100|[from] Grassy Terrain\n|-heal|p2a: Florida Man|81\/100|[from] Grassy Terrain\n|upkeep\n|turn|4\n|\n|t:|1700109574\n|switch|p1a: Overqwil|Overqwil, M|100\/100\n|move|p2a: Florida Man|Will-O-Wisp|p1a: Overqwil\n|-status|p1a: Overqwil|brn\n|\n|-weather|RainDance|[upkeep]\n|-heal|p2a: Florida Man|87\/100|[from] Grassy Terrain\n|-damage|p1a: Overqwil|95\/100 brn|[from] brn\n|upkeep\n|turn|5\n|\n|t:|1700109584\n|switch|p2a: Obvious Flying Mon|Kingambit, F, shiny|100\/100\n|move|p1a: Overqwil|Swords Dance|p1a: Overqwil\n|-boost|p1a: Overqwil|atk|2\n|\n|-weather|RainDance|[upkeep]\n|-heal|p1a: Overqwil|100\/100 brn|[from] Grassy Terrain\n|-damage|p1a: Overqwil|95\/100 brn|[from] brn\n|upkeep\n|turn|6\n|\n|t:|1700109595\n|move|p1a: Overqwil|Liquidation|p2a: Obvious Flying Mon\n|-damage|p2a: Obvious Flying Mon|64\/100\n|-damage|p1a: Overqwil|85\/100 brn|[from] item: Life Orb\n|move|p2a: Obvious Flying Mon|Swords Dance|p2a: Obvious Flying Mon\n|-boost|p2a: Obvious Flying Mon|atk|2\n|\n|-weather|RainDance|[upkeep]\n|-heal|p1a: Overqwil|91\/100 brn|[from] Grassy Terrain\n|-heal|p2a: Obvious Flying Mon|70\/100|[from] Grassy Terrain\n|-heal|p2a: Obvious Flying Mon|76\/100|[from] item: Leftovers\n|-damage|p1a: Overqwil|85\/100 brn|[from] brn\n|-fieldend|move: Grassy Terrain\n|upkeep\n|turn|7\n|\n|t:|1700109601\n|move|p2a: Obvious Flying Mon|Sucker Punch|p1a: Overqwil\n|-resisted|p1a: Overqwil\n|-damage|p1a: Overqwil|38\/100 brn\n|move|p1a: Overqwil|Liquidation|p2a: Obvious Flying Mon\n|-damage|p2a: Obvious Flying Mon|40\/100\n|-damage|p1a: Overqwil|28\/100 brn|[from] item: Life Orb\n|\n|-weather|RainDance|[upkeep]\n|-heal|p2a: Obvious Flying Mon|46\/100|[from] item: Leftovers\n|-damage|p1a: Overqwil|22\/100 brn|[from] brn\n|upkeep\n|turn|8\n|\n|t:|1700109606\n|move|p1a: Overqwil|Liquidation|p2a: Obvious Flying Mon\n|-damage|p2a: Obvious Flying Mon|8\/100\n|-unboost|p2a: Obvious Flying Mon|def|1\n|-damage|p1a: Overqwil|12\/100 brn|[from] item: Life Orb\n|move|p2a: Obvious Flying Mon|Kowtow Cleave|p1a: Overqwil\n|-resisted|p1a: Overqwil\n|-damage|p1a: Overqwil|0 fnt\n|faint|p1a: Overqwil\n|\n|-weather|none\n|-heal|p2a: Obvious Flying Mon|15\/100|[from] item: Leftovers\n|upkeep\n|\n|t:|1700109611\n|switch|p1a: Pelipper|Pelipper, M|44\/100\n|-weather|RainDance|[from] ability: Drizzle|[of] p1a: Pelipper\n|turn|9\n|\n|t:|1700109624\n|move|p2a: Obvious Flying Mon|Sucker Punch||[still]\n|-fail|p2a: Obvious Flying Mon\n|move|p1a: Pelipper|Roost|p1a: Pelipper\n|-heal|p1a: Pelipper|94\/100\n|-singleturn|p1a: Pelipper|move: Roost\n|\n|-weather|RainDance|[upkeep]\n|-heal|p2a: Obvious Flying Mon|21\/100|[from] item: Leftovers\n|upkeep\n|turn|10\n|\n|t:|1700109629\n|move|p2a: Obvious Flying Mon|Sucker Punch|p1a: Pelipper\n|-damage|p1a: Pelipper|14\/100\n|move|p1a: Pelipper|Surf|p2a: Obvious Flying Mon\n|-damage|p2a: Obvious Flying Mon|0 fnt\n|faint|p2a: Obvious Flying Mon\n|-end|p2a: Obvious Flying Mon|fallenundefined|[silent]\n|\n|-weather|RainDance|[upkeep]\n|upkeep\n|\n|t:|1700109635\n|switch|p2a: GameFreak Fanboi|Greninja, F|100\/100\n|turn|11\n|\n|t:|1700109642\n|move|p2a: GameFreak Fanboi|Ice Beam|p1a: Pelipper\n|-start|p2a: GameFreak Fanboi|typechange|Ice|[from] ability: Protean\n|-damage|p1a: Pelipper|0 fnt\n|faint|p1a: Pelipper\n|\n|-weather|RainDance|[upkeep]\n|upkeep\n|\n|t:|1700109644\n|switch|p1a: Poliwrath|Poliwrath, M|100\/100\n|turn|12\n|\n|t:|1700109653\n|switch|p2a: OgerBonk|Ogerpon-Wellspring, F|100\/100\n|move|p1a: Poliwrath|Belly Drum|p1a: Poliwrath\n|-damage|p1a: Poliwrath|50\/100\n|-setboost|p1a: Poliwrath|atk|6|[from] move: Belly Drum\n|-enditem|p1a: Poliwrath|Sitrus Berry|[eat]\n|-heal|p1a: Poliwrath|75\/100|[from] item: Sitrus Berry\n|\n|-weather|RainDance|[upkeep]\n|upkeep\n|turn|13\n|\n|t:|1700109662\n|-terastallize|p1a: Poliwrath|Poison\n|move|p1a: Poliwrath|Tera Blast|p2a: OgerBonk|[anim] Tera Blast Poison\n|-supereffective|p2a: OgerBonk\n|-damage|p2a: OgerBonk|0 fnt\n|faint|p2a: OgerBonk\n|\n|-weather|RainDance|[upkeep]\n|upkeep\n|\n|t:|1700109668\n|switch|p2a: Wooly|Great Tusk|100\/100\n|-enditem|p2a: Wooly|Booster Energy\n|-activate|p2a: Wooly|ability: Protosynthesis|[fromitem]\n|-start|p2a: Wooly|protosynthesisspe\n|turn|14\n|\n|t:|1700109673\n|move|p1a: Poliwrath|Liquidation|p2a: Wooly\n|-supereffective|p2a: Wooly\n|-damage|p2a: Wooly|0 fnt\n|faint|p2a: Wooly\n|-end|p2a: Wooly|Protosynthesis|[silent]\n|\n|-weather|RainDance|[upkeep]\n|upkeep\n|\n|t:|1700109689\n|switch|p2a: Murder.exe|Iron Valiant, shiny|100\/100\n|-enditem|p2a: Murder.exe|Booster Energy\n|-activate|p2a: Murder.exe|ability: Quark Drive|[fromitem]\n|-start|p2a: Murder.exe|quarkdrivespe\n|turn|15\n|\n|t:|1700109694\n|move|p2a: Murder.exe|Psyshock|p1a: Poliwrath\n|-supereffective|p1a: Poliwrath\n|-damage|p1a: Poliwrath|20\/100\n|move|p1a: Poliwrath|Tera Blast|p2a: Murder.exe|[anim] Tera Blast Poison\n|-supereffective|p2a: Murder.exe\n|-damage|p2a: Murder.exe|0 fnt\n|faint|p2a: Murder.exe\n|-end|p2a: Murder.exe|Quark Drive|[silent]\n|\n|-weather|RainDance|[upkeep]\n|upkeep\n|\n|t:|1700109697\n|switch|p2a: GameFreak Fanboi|Greninja, F|100\/100\n|turn|16\n|\n|t:|1700109700\n|move|p1a: Poliwrath|Drain Punch|p2a: GameFreak Fanboi\n|-supereffective|p2a: GameFreak Fanboi\n|-damage|p2a: GameFreak Fanboi|0 fnt\n|-heal|p1a: Poliwrath|64\/100|[from] drain|[of] p2a: GameFreak Fanboi\n|faint|p2a: GameFreak Fanboi\n|\n|-weather|none\n|upkeep\n|c|\u2606OmegaJubs6986|Oh piss off with that shit\n|-message|OmegaJubs6986 forfeited.\n|\n|win|skope97\n|raw|skope97's rating: 1303 &rarr; <strong>1324<\/strong><br \/>(+21 for winning)\n|raw|OmegaJubs6986's rating: 1324 &rarr; <strong>1303<\/strong><br \/>(-21 for losing)\n|l|\u2606OmegaJubs6986\n","uploadtime":1700109713,"views":8,"p1id":"skope97","p2id":"omegajubs6986","formatid":"gen9ou","rating":1303,"private":0,"password":""}