{"id":"gen9ou-1991885630","p1":"liaoya","p2":"dylanmorgan2217","format":"[Gen 9] OU","log":"|j|\u2606liaoya\n|j|\u203ddylanmorgan2217\n|t:|1700133597\n|gametype|singles\n|player|p1|liaoya|petrel|1484\n|player|p2|dylanmorgan2217|101|1482\n|teamsize|p1|6\n|teamsize|p2|6\n|gen|9\n|tier|[Gen 9] OU\n|rated|\n|rule|Sleep Clause Mod: Limit one foe put to sleep\n|rule|Species Clause: Limit one of each Pok\u00e9mon\n|rule|OHKO Clause: OHKO moves are banned\n|rule|Evasion Items Clause: Evasion items are banned\n|rule|Evasion Moves Clause: Evasion moves are banned\n|rule|Endless Battle Clause: Forcing endless battles is banned\n|rule|HP Percentage Mod: HP is shown in percentages\n|clearpoke\n|poke|p1|Drifblim, F|\n|poke|p1|Garganacl, F|\n|poke|p1|Umbreon, F|\n|poke|p1|Rotom-Wash|\n|poke|p1|Glimmora, F|\n|poke|p1|Espeon, F|\n|poke|p2|Rillaboom, M|\n|poke|p2|Sneasler, F|\n|poke|p2|Great Tusk|\n|poke|p2|Heatran, F|\n|poke|p2|Zapdos|\n|poke|p2|Iron Valiant|\n|teampreview\n|inactive|Battle timer is ON: inactive players will automatically lose when time's up. (requested by dylanmorgan2217)\n|inactive|dylanmorgan2217 has 120 seconds left.\n|c|\u2606liaoya|oh\n|c|\u2606liaoya|oh\n|c|\u2606liaoya|oh\n|inactive|dylanmorgan2217 has 90 seconds left.\n|\n|t:|1700133658\n|start\n|switch|p1a: Rotom|Rotom-Wash|100\/100\n|switch|p2a: Zapdos|Zapdos|100\/100\n|turn|1\n|c|\u2606liaoya|Comrade?\n|\n|t:|1700133679\n|move|p1a: Rotom|Hydro Pump|p2a: Zapdos\n|-damage|p2a: Zapdos|45\/100\n|move|p2a: Zapdos|Volt Switch|p1a: Rotom\n|-damage|p1a: Rotom|60\/100\n|\n|t:|1700133685\n|switch|p2a: Rillaboom|Rillaboom, M|100\/100|[from] Volt Switch\n|-fieldstart|move: Grassy Terrain|[from] ability: Grassy Surge|[of] p2a: Rillaboom\n|\n|upkeep\n|turn|2\n|\n|t:|1700133693\n|switch|p1a: Umbreon|Umbreon, F, shiny|100\/100\n|move|p2a: Rillaboom|U-turn|p1a: Umbreon\n|-supereffective|p1a: Umbreon\n|-damage|p1a: Umbreon|56\/100\n|-damage|p2a: Rillaboom|91\/100|[from] item: Life Orb\n|c|\u2606liaoya|Conscript reporting.\n|\n|t:|1700133709\n|switch|p2a: Sneasler|Sneasler, F|100\/100|[from] U-turn\n|-enditem|p2a: Sneasler|Grassy Seed\n|-boost|p2a: Sneasler|def|1|[from] item: Grassy Seed\n|\n|-heal|p1a: Umbreon|62\/100|[from] Grassy Terrain\n|-heal|p1a: Umbreon|69\/100|[from] item: Leftovers\n|upkeep\n|turn|3\n|c|\u2606liaoya|I am loyal to Yuri\n|\n|t:|1700133733\n|switch|p1a: Espeon|Espeon, F|100\/100\n|move|p2a: Sneasler|Swords Dance|p2a: Sneasler\n|-boost|p2a: Sneasler|atk|2\n|\n|upkeep\n|turn|4\n|\n|t:|1700133738\n|move|p2a: Sneasler|Lash Out|p1a: Espeon\n|-supereffective|p1a: Espeon\n|-damage|p1a: Espeon|0 fnt\n|faint|p1a: Espeon\n|\n|upkeep\n|\n|t:|1700133746\n|switch|p1a: Garganacl|Garganacl, F, shiny|100\/100\n|turn|5\n|\n|t:|1700133748\n|-terastallize|p1a: Garganacl|Ghost\n|move|p2a: Sneasler|Close Combat|p1a: Garganacl\n|-immune|p1a: Garganacl\n|move|p1a: Garganacl|Iron Defense|p1a: Garganacl\n|-boost|p1a: Garganacl|def|2\n|\n|-fieldend|move: Grassy Terrain\n|upkeep\n|turn|6\n|\n|t:|1700133754\n|move|p2a: Sneasler|Swords Dance|p2a: Sneasler\n|-boost|p2a: Sneasler|atk|2\n|move|p1a: Garganacl|Iron Defense|p1a: Garganacl\n|-boost|p1a: Garganacl|def|2\n|\n|upkeep\n|turn|7\n|\n|t:|1700133757\n|move|p2a: Sneasler|Swords Dance|p2a: Sneasler\n|-boost|p2a: Sneasler|atk|2\n|move|p1a: Garganacl|Salt Cure|p2a: Sneasler\n|-resisted|p2a: Sneasler\n|-damage|p2a: Sneasler|93\/100\n|-start|p2a: Sneasler|Salt Cure\n|\n|-damage|p2a: Sneasler|80\/100|[from] Salt Cure\n|upkeep\n|turn|8\n|\n|t:|1700133761\n|-terastallize|p2a: Sneasler|Dark\n|move|p2a: Sneasler|Lash Out|p1a: Garganacl\n|-supereffective|p1a: Garganacl\n|-damage|p1a: Garganacl|23\/100\n|move|p1a: Garganacl|Iron Defense|p1a: Garganacl\n|-boost|p1a: Garganacl|def|2\n|\n|-heal|p1a: Garganacl|29\/100|[from] item: Leftovers\n|-damage|p2a: Sneasler|68\/100|[from] Salt Cure\n|upkeep\n|turn|9\n|\n|t:|1700133784\n|switch|p1a: Glimmora|Glimmora, F|100\/100\n|move|p2a: Sneasler|Lash Out|p1a: Glimmora\n|-enditem|p1a: Glimmora|Focus Sash\n|-damage|p1a: Glimmora|1\/100\n|-activate|p1a: Glimmora|ability: Toxic Debris\n|-sidestart|p2: dylanmorgan2217|move: Toxic Spikes\n|\n|-damage|p2a: Sneasler|56\/100|[from] Salt Cure\n|upkeep\n|turn|10\n|\n|t:|1700133789\n|move|p2a: Sneasler|Dire Claw|p1a: Glimmora\n|-resisted|p1a: Glimmora\n|-damage|p1a: Glimmora|0 fnt\n|-activate|p1a: Glimmora|ability: Toxic Debris\n|-sidestart|p2: dylanmorgan2217|move: Toxic Spikes\n|faint|p1a: Glimmora\n|\n|-damage|p2a: Sneasler|43\/100|[from] Salt Cure\n|upkeep\n|\n|t:|1700133794\n|switch|p1a: Umbreon|Umbreon, F, shiny|69\/100\n|turn|11\n|\n|t:|1700133797\n|move|p2a: Sneasler|Close Combat|p1a: Umbreon\n|-supereffective|p1a: Umbreon\n|-damage|p1a: Umbreon|0 fnt\n|-unboost|p2a: Sneasler|def|1\n|-unboost|p2a: Sneasler|spd|1\n|faint|p1a: Umbreon\n|\n|-damage|p2a: Sneasler|31\/100|[from] Salt Cure\n|upkeep\n|\n|t:|1700133800\n|switch|p1a: Rotom|Rotom-Wash|60\/100\n|turn|12\n|\n|t:|1700133805\n|move|p2a: Sneasler|Dire Claw|p1a: Rotom\n|-damage|p1a: Rotom|0 fnt\n|faint|p1a: Rotom\n|\n|-damage|p2a: Sneasler|19\/100|[from] Salt Cure\n|upkeep\n|\n|t:|1700133809\n|switch|p1a: Drifblim|Drifblim, F|100\/100\n|turn|13\n|\n|t:|1700133812\n|move|p2a: Sneasler|Lash Out|p1a: Drifblim\n|-supereffective|p1a: Drifblim\n|-damage|p1a: Drifblim|0 fnt\n|-damage|p2a: Sneasler|0 fnt|[from] ability: Aftermath|[of] p1a: Drifblim\n|faint|p1a: Drifblim\n|faint|p2a: Sneasler\n|\n|upkeep\n|\n|t:|1700133821\n|switch|p2a: Heatran|Heatran, F|100\/100\n|switch|p1a: Garganacl|Garganacl, F, shiny, tera:Ghost|29\/100\n|turn|14\n|\n|t:|1700133823\n|move|p2a: Heatran|Flamethrower|p1a: Garganacl\n|-damage|p1a: Garganacl|4\/100\n|move|p1a: Garganacl|Recover|p1a: Garganacl\n|-heal|p1a: Garganacl|54\/100\n|\n|-heal|p1a: Garganacl|60\/100|[from] item: Leftovers\n|upkeep\n|turn|15\n|\n|t:|1700133827\n|move|p2a: Heatran|Flamethrower|p1a: Garganacl\n|-damage|p1a: Garganacl|30\/100\n|move|p1a: Garganacl|Recover|p1a: Garganacl\n|-heal|p1a: Garganacl|80\/100\n|\n|-heal|p1a: Garganacl|86\/100|[from] item: Leftovers\n|upkeep\n|turn|16\n|\n|t:|1700133833\n|move|p2a: Heatran|Flamethrower|p1a: Garganacl\n|-damage|p1a: Garganacl|60\/100\n|move|p1a: Garganacl|Iron Defense|p1a: Garganacl\n|-boost|p1a: Garganacl|def|2\n|\n|-heal|p1a: Garganacl|67\/100|[from] item: Leftovers\n|upkeep\n|turn|17\n|\n|t:|1700133840\n|switch|p2a: Iron Valiant|Iron Valiant|100\/100\n|-status|p2a: Iron Valiant|tox\n|-enditem|p2a: Iron Valiant|Booster Energy\n|-activate|p2a: Iron Valiant|ability: Quark Drive|[fromitem]\n|-start|p2a: Iron Valiant|quarkdrivespe\n|move|p1a: Garganacl|Salt Cure|p2a: Iron Valiant\n|-resisted|p2a: Iron Valiant\n|-damage|p2a: Iron Valiant|91\/100 tox\n|-start|p2a: Iron Valiant|Salt Cure\n|\n|-heal|p1a: Garganacl|73\/100|[from] item: Leftovers\n|-damage|p2a: Iron Valiant|85\/100 tox|[from] psn\n|-damage|p2a: Iron Valiant|72\/100 tox|[from] Salt Cure\n|upkeep\n|turn|18\n|\n|t:|1700133845\n|move|p2a: Iron Valiant|Calm Mind|p2a: Iron Valiant\n|-boost|p2a: Iron Valiant|spa|1\n|-boost|p2a: Iron Valiant|spd|1\n|move|p1a: Garganacl|Body Press|p2a: Iron Valiant\n|-resisted|p2a: Iron Valiant\n|-damage|p2a: Iron Valiant|43\/100 tox\n|\n|-heal|p1a: Garganacl|79\/100|[from] item: Leftovers\n|-damage|p2a: Iron Valiant|31\/100 tox|[from] psn\n|-damage|p2a: Iron Valiant|18\/100 tox|[from] Salt Cure\n|upkeep\n|turn|19\n|\n|t:|1700133847\n|move|p2a: Iron Valiant|Moonblast|p1a: Garganacl\n|-damage|p1a: Garganacl|36\/100\n|move|p1a: Garganacl|Recover|p1a: Garganacl\n|-heal|p1a: Garganacl|86\/100\n|\n|-heal|p1a: Garganacl|92\/100|[from] item: Leftovers\n|-damage|p2a: Iron Valiant|0 fnt|[from] psn\n|faint|p2a: Iron Valiant\n|-end|p2a: Iron Valiant|Quark Drive|[silent]\n|upkeep\n|\n|t:|1700133853\n|switch|p2a: Rillaboom|Rillaboom, M|91\/100\n|-status|p2a: Rillaboom|tox\n|-fieldstart|move: Grassy Terrain|[from] ability: Grassy Surge|[of] p2a: Rillaboom\n|turn|20\n|\n|t:|1700133856\n|move|p2a: Rillaboom|Knock Off|p1a: Garganacl\n|-supereffective|p1a: Garganacl\n|-damage|p1a: Garganacl|63\/100\n|-enditem|p1a: Garganacl|Leftovers|[from] move: Knock Off|[of] p2a: Rillaboom\n|-damage|p2a: Rillaboom|81\/100 tox|[from] item: Life Orb\n|move|p1a: Garganacl|Iron Defense|p1a: Garganacl\n|-boost|p1a: Garganacl|def|2\n|\n|-heal|p2a: Rillaboom|87\/100 tox|[from] Grassy Terrain\n|-heal|p1a: Garganacl|69\/100|[from] Grassy Terrain\n|-damage|p2a: Rillaboom|81\/100 tox|[from] psn\n|upkeep\n|turn|21\n|\n|t:|1700133862\n|move|p2a: Rillaboom|Knock Off|p1a: Garganacl\n|-supereffective|p1a: Garganacl\n|-damage|p1a: Garganacl|55\/100\n|-damage|p2a: Rillaboom|71\/100 tox|[from] item: Life Orb\n|move|p1a: Garganacl|Salt Cure|p2a: Rillaboom\n|-damage|p2a: Rillaboom|57\/100 tox\n|-start|p2a: Rillaboom|Salt Cure\n|\n|-heal|p2a: Rillaboom|63\/100 tox|[from] Grassy Terrain\n|-heal|p1a: Garganacl|61\/100|[from] Grassy Terrain\n|-damage|p2a: Rillaboom|50\/100 tox|[from] psn\n|-damage|p2a: Rillaboom|38\/100 tox|[from] Salt Cure\n|upkeep\n|turn|22\n|\n|t:|1700133865\n|move|p2a: Rillaboom|Knock Off|p1a: Garganacl\n|-supereffective|p1a: Garganacl\n|-damage|p1a: Garganacl|46\/100\n|-damage|p2a: Rillaboom|28\/100 tox|[from] item: Life Orb\n|move|p1a: Garganacl|Recover|p1a: Garganacl\n|-heal|p1a: Garganacl|96\/100\n|\n|-heal|p2a: Rillaboom|34\/100 tox|[from] Grassy Terrain\n|-heal|p1a: Garganacl|100\/100|[from] Grassy Terrain\n|-damage|p2a: Rillaboom|16\/100 tox|[from] psn\n|-damage|p2a: Rillaboom|3\/100 tox|[from] Salt Cure\n|upkeep\n|turn|23\n|\n|t:|1700133868\n|move|p2a: Rillaboom|Knock Off|p1a: Garganacl\n|-supereffective|p1a: Garganacl\n|-damage|p1a: Garganacl|85\/100\n|-damage|p2a: Rillaboom|0 fnt|[from] item: Life Orb\n|faint|p2a: Rillaboom\n|move|p1a: Garganacl|Iron Defense|p1a: Garganacl\n|-boost|p1a: Garganacl|def|2\n|\n|-heal|p1a: Garganacl|91\/100|[from] Grassy Terrain\n|upkeep\n|\n|t:|1700133870\n|switch|p2a: Zapdos|Zapdos|45\/100\n|turn|24\n|\n|t:|1700133873\n|move|p2a: Zapdos|Hurricane|p1a: Garganacl\n|-damage|p1a: Garganacl|53\/100\n|move|p1a: Garganacl|Salt Cure|p2a: Zapdos\n|-supereffective|p2a: Zapdos\n|-damage|p2a: Zapdos|11\/100\n|-start|p2a: Zapdos|Salt Cure\n|\n|-heal|p1a: Garganacl|59\/100|[from] Grassy Terrain\n|-damage|p2a: Zapdos|0 fnt|[from] Salt Cure\n|faint|p2a: Zapdos\n|-fieldend|move: Grassy Terrain\n|upkeep\n|\n|t:|1700133878\n|switch|p2a: Great Tusk|Great Tusk|100\/100\n|-status|p2a: Great Tusk|tox\n|turn|25\n|\n|t:|1700133880\n|move|p2a: Great Tusk|Headlong Rush|p1a: Garganacl\n|-damage|p1a: Garganacl|50\/100\n|-unboost|p2a: Great Tusk|def|1\n|-unboost|p2a: Great Tusk|spd|1\n|move|p1a: Garganacl|Recover|p1a: Garganacl\n|-heal|p1a: Garganacl|99\/100\n|\n|-damage|p2a: Great Tusk|94\/100 tox|[from] psn\n|upkeep\n|turn|26\n|\n|t:|1700133884\n|move|p2a: Great Tusk|Headlong Rush|p1a: Garganacl\n|-damage|p1a: Garganacl|90\/100\n|-unboost|p2a: Great Tusk|def|1\n|-unboost|p2a: Great Tusk|spd|1\n|move|p1a: Garganacl|Body Press|p2a: Great Tusk\n|-damage|p2a: Great Tusk|0 fnt\n|faint|p2a: Great Tusk\n|-end|p2a: Great Tusk|Protosynthesis|[silent]\n|\n|upkeep\n|\n|t:|1700133886\n|switch|p2a: Heatran|Heatran, F|100\/100\n|turn|27\n|\n|t:|1700133889\n|move|p2a: Heatran|Flamethrower|p1a: Garganacl\n|-damage|p1a: Garganacl|63\/100\n|move|p1a: Garganacl|Salt Cure|p2a: Heatran\n|-damage|p2a: Heatran|88\/100\n|-start|p2a: Heatran|Salt Cure\n|\n|-heal|p2a: Heatran|94\/100|[from] item: Leftovers\n|-damage|p2a: Heatran|69\/100|[from] Salt Cure\n|upkeep\n|turn|28\n|\n|t:|1700133891\n|move|p2a: Heatran|Flamethrower|p1a: Garganacl\n|-damage|p1a: Garganacl|34\/100\n|move|p1a: Garganacl|Body Press|p2a: Heatran\n|-supereffective|p2a: Heatran\n|-damage|p2a: Heatran|0 fnt\n|faint|p2a: Heatran\n|\n|win|liaoya\n|raw|liaoya's rating: 1484 &rarr; <strong>1504<\/strong><br \/>(+20 for winning)\n|raw|dylanmorgan2217's rating: 1482 &rarr; <strong>1462<\/strong><br \/>(-20 for losing)\n","uploadtime":1700133895,"views":14,"p1id":"liaoya","p2id":"dylanmorgan2217","formatid":"gen9ou","rating":1462,"private":0,"password":""}