{"id":"gen9ou-1992264299","p1":"djsxhnsksksjdjjdh","p2":"thunderdog_32","format":"[Gen 9] OU","log":"|j|\u2606djsxhnsksksjdjjdh\n|j|\u2606thunderdog_32\n|t:|1700168965\n|gametype|singles\n|player|p1|djsxhnsksksjdjjdh|266|1216\n|player|p2|thunderdog_32|1|1259\n|teamsize|p1|6\n|teamsize|p2|6\n|gen|9\n|tier|[Gen 9] OU\n|rated|\n|rule|Sleep Clause Mod: Limit one foe put to sleep\n|rule|Species Clause: Limit one of each Pok\u00e9mon\n|rule|OHKO Clause: OHKO moves are banned\n|rule|Evasion Items Clause: Evasion items are banned\n|rule|Evasion Moves Clause: Evasion moves are banned\n|rule|Endless Battle Clause: Forcing endless battles is banned\n|rule|HP Percentage Mod: HP is shown in percentages\n|clearpoke\n|poke|p1|Great Tusk|\n|poke|p1|Enamorus, F|\n|poke|p1|Cinderace, F|\n|poke|p1|Empoleon, M|\n|poke|p1|Landorus-Therian, M|\n|poke|p1|Thundurus-Therian, M|\n|poke|p2|Hatterene, F|\n|poke|p2|Great Tusk|\n|poke|p2|Heatran, F|\n|poke|p2|Ogerpon-Wellspring, F|\n|poke|p2|Zapdos|\n|poke|p2|Dragapult, F|\n|teampreview\n|inactive|Battle timer is ON: inactive players will automatically lose when time's up. (requested by djsxhnsksksjdjjdh)\n|inactive|thunderdog_32 also wants the timer to be on.\n|\n|t:|1700168984\n|start\n|switch|p1a: Landorus|Landorus-Therian, M|100\/100\n|switch|p2a: Ogerpon|Ogerpon-Wellspring, F|100\/100\n|-ability|p1a: Landorus|Intimidate|boost\n|-unboost|p2a: Ogerpon|atk|1\n|turn|1\n|\n|t:|1700168993\n|switch|p2a: Zapdos|Zapdos|100\/100\n|switch|p1a: Empoleon|Empoleon, M|100\/100\n|\n|upkeep\n|turn|2\n|\n|t:|1700169002\n|switch|p2a: Heatran|Heatran, F|100\/100\n|switch|p1a: Thundurus|Thundurus-Therian, M|100\/100\n|\n|upkeep\n|turn|3\n|\n|t:|1700169010\n|move|p1a: Thundurus|Volt Switch|p2a: Heatran\n|-damage|p2a: Heatran|78\/100\n|\n|t:|1700169017\n|switch|p1a: Cinderace|Cinderace, F|100\/100|[from] Volt Switch\n|move|p2a: Heatran|Magma Storm|p1a: Cinderace\n|-resisted|p1a: Cinderace\n|-damage|p1a: Cinderace|69\/100\n|-activate|p1a: Cinderace|move: Magma Storm|[of] p2a: Heatran\n|\n|-heal|p2a: Heatran|84\/100|[from] item: Leftovers\n|-damage|p1a: Cinderace|57\/100|[from] move: Magma Storm|[partiallytrapped]\n|upkeep\n|turn|4\n|\n|t:|1700169023\n|switch|p2a: Dragapult|Dragapult, F|100\/100\n|move|p1a: Cinderace|Low Kick|p2a: Dragapult\n|-start|p1a: Cinderace|typechange|Fighting|[from] ability: Libero\n|-immune|p2a: Dragapult\n|\n|-end|p1a: Cinderace|Magma Storm|[partiallytrapped]|[silent]\n|upkeep\n|turn|5\n|\n|t:|1700169036\n|switch|p2a: Zapdos|Zapdos|100\/100\n|switch|p1a: Thundurus|Thundurus-Therian, M|100\/100\n|\n|upkeep\n|turn|6\n|\n|t:|1700169041\n|switch|p2a: Great Tusk|Great Tusk|100\/100\n|move|p1a: Thundurus|Psychic|p2a: Great Tusk\n|-supereffective|p2a: Great Tusk\n|-damage|p2a: Great Tusk|12\/100\n|\n|upkeep\n|turn|7\n|\n|t:|1700169053\n|-end|p2a: Great Tusk|Protosynthesis|[silent]\n|switch|p2a: Heatran|Heatran, F|84\/100\n|switch|p1a: Cinderace|Cinderace, F|57\/100\n|\n|-heal|p2a: Heatran|90\/100|[from] item: Leftovers\n|upkeep\n|turn|8\n|\n|t:|1700169058\n|switch|p2a: Great Tusk|Great Tusk|12\/100\n|move|p1a: Cinderace|Low Kick|p2a: Great Tusk\n|-start|p1a: Cinderace|typechange|Fighting|[from] ability: Libero\n|-damage|p2a: Great Tusk|0 fnt\n|faint|p2a: Great Tusk\n|-end|p2a: Great Tusk|Protosynthesis|[silent]\n|\n|upkeep\n|\n|t:|1700169064\n|switch|p2a: Dragapult|Dragapult, F|100\/100\n|turn|9\n|\n|t:|1700169074\n|move|p1a: Cinderace|Sucker Punch|p2a: Dragapult\n|-supereffective|p2a: Dragapult\n|-damage|p2a: Dragapult|41\/100\n|move|p2a: Dragapult|Shadow Ball|p1a: Cinderace\n|-damage|p1a: Cinderace|0 fnt\n|faint|p1a: Cinderace\n|\n|upkeep\n|\n|t:|1700169090\n|switch|p1a: Empoleon|Empoleon, M|100\/100\n|turn|10\n|\n|t:|1700169096\n|switch|p2a: Heatran|Heatran, F|90\/100\n|move|p1a: Empoleon|Ice Beam|p2a: Heatran\n|-resisted|p2a: Heatran\n|-crit|p2a: Heatran\n|-damage|p2a: Heatran|83\/100\n|\n|-heal|p2a: Heatran|89\/100|[from] item: Leftovers\n|upkeep\n|turn|11\n|\n|t:|1700169101\n|move|p2a: Heatran|Magma Storm|p1a: Empoleon\n|-damage|p1a: Empoleon|63\/100\n|-activate|p1a: Empoleon|move: Magma Storm|[of] p2a: Heatran\n|move|p1a: Empoleon|Surf|p2a: Heatran\n|-supereffective|p2a: Heatran\n|-damage|p2a: Heatran|30\/100\n|\n|-heal|p2a: Heatran|36\/100|[from] item: Leftovers\n|-heal|p1a: Empoleon|69\/100|[from] item: Leftovers\n|-damage|p1a: Empoleon|56\/100|[from] move: Magma Storm|[partiallytrapped]\n|upkeep\n|turn|12\n|\n|t:|1700169112\n|-terastallize|p2a: Heatran|Grass\n|move|p2a: Heatran|Earth Power|p1a: Empoleon\n|-supereffective|p1a: Empoleon\n|-damage|p1a: Empoleon|5\/100\n|move|p1a: Empoleon|Surf|p2a: Heatran\n|-resisted|p2a: Heatran\n|-damage|p2a: Heatran|21\/100\n|\n|-heal|p2a: Heatran|27\/100|[from] item: Leftovers\n|-heal|p1a: Empoleon|11\/100|[from] item: Leftovers\n|-damage|p1a: Empoleon|0 fnt|[from] move: Magma Storm|[partiallytrapped]\n|faint|p1a: Empoleon\n|upkeep\n|\n|t:|1700169119\n|switch|p1a: Enamorus|Enamorus, F|100\/100\n|turn|13\n|\n|t:|1700169126\n|move|p1a: Enamorus|Moonblast|p2a: Heatran\n|-damage|p2a: Heatran|0 fnt\n|faint|p2a: Heatran\n|\n|upkeep\n|\n|t:|1700169135\n|switch|p2a: Hatterene|Hatterene, F|100\/100\n|turn|14\n|\n|t:|1700169146\n|switch|p1a: Great Tusk|Great Tusk|100\/100\n|move|p2a: Hatterene|Calm Mind|p2a: Hatterene\n|-boost|p2a: Hatterene|spa|1\n|-boost|p2a: Hatterene|spd|1\n|\n|upkeep\n|turn|15\n|\n|t:|1700169156\n|move|p1a: Great Tusk|Earthquake|p2a: Hatterene\n|-damage|p2a: Hatterene|66\/100\n|move|p2a: Hatterene|Draining Kiss|p1a: Great Tusk\n|-supereffective|p1a: Great Tusk\n|-damage|p1a: Great Tusk|16\/100\n|-heal|p2a: Hatterene|100\/100|[from] drain|[of] p1a: Great Tusk\n|\n|-heal|p1a: Great Tusk|22\/100|[from] item: Leftovers\n|upkeep\n|turn|16\n|\n|t:|1700169167\n|move|p1a: Great Tusk|Earthquake|p2a: Hatterene\n|-damage|p2a: Hatterene|68\/100\n|move|p2a: Hatterene|Calm Mind|p2a: Hatterene\n|-boost|p2a: Hatterene|spa|1\n|-boost|p2a: Hatterene|spd|1\n|\n|-heal|p1a: Great Tusk|28\/100|[from] item: Leftovers\n|-heal|p2a: Hatterene|74\/100|[from] item: Leftovers\n|upkeep\n|turn|17\n|\n|t:|1700169170\n|move|p1a: Great Tusk|Earthquake|p2a: Hatterene\n|-damage|p2a: Hatterene|42\/100\n|move|p2a: Hatterene|Draining Kiss|p1a: Great Tusk\n|-supereffective|p1a: Great Tusk\n|-damage|p1a: Great Tusk|0 fnt\n|-heal|p2a: Hatterene|70\/100|[from] drain|[of] p1a: Great Tusk\n|faint|p1a: Great Tusk\n|-end|p1a: Great Tusk|Protosynthesis|[silent]\n|\n|-heal|p2a: Hatterene|76\/100|[from] item: Leftovers\n|upkeep\n|\n|t:|1700169174\n|switch|p1a: Landorus|Landorus-Therian, M|100\/100\n|-ability|p1a: Landorus|Intimidate|boost\n|-unboost|p2a: Hatterene|atk|1\n|turn|18\n|\n|t:|1700169176\n|move|p1a: Landorus|Earthquake|p2a: Hatterene\n|-damage|p2a: Hatterene|17\/100\n|-damage|p1a: Landorus|91\/100|[from] item: Life Orb\n|move|p2a: Hatterene|Draining Kiss|p1a: Landorus\n|-damage|p1a: Landorus|32\/100\n|-heal|p2a: Hatterene|62\/100|[from] drain|[of] p1a: Landorus\n|\n|-heal|p2a: Hatterene|67\/100|[from] item: Leftovers\n|upkeep\n|turn|19\n|\n|t:|1700169181\n|move|p1a: Landorus|Earthquake|p2a: Hatterene\n|-damage|p2a: Hatterene|12\/100\n|-damage|p1a: Landorus|22\/100|[from] item: Life Orb\n|move|p2a: Hatterene|Draining Kiss|p1a: Landorus\n|-damage|p1a: Landorus|0 fnt\n|-heal|p2a: Hatterene|29\/100|[from] drain|[of] p1a: Landorus\n|faint|p1a: Landorus\n|\n|-heal|p2a: Hatterene|35\/100|[from] item: Leftovers\n|upkeep\n|\n|t:|1700169188\n|switch|p1a: Enamorus|Enamorus, F|100\/100\n|turn|20\n|\n|t:|1700169192\n|-terastallize|p1a: Enamorus|Fairy\n|move|p1a: Enamorus|Moonblast|p2a: Hatterene\n|-damage|p2a: Hatterene|0 fnt\n|faint|p2a: Hatterene\n|\n|upkeep\n|\n|t:|1700169204\n|switch|p2a: Ogerpon|Ogerpon-Wellspring, F|100\/100\n|turn|21\n|\n|t:|1700169207\n|move|p2a: Ogerpon|Ivy Cudgel|p1a: Enamorus|[anim] Ivy Cudgel Water\n|-damage|p1a: Enamorus|0 fnt\n|faint|p1a: Enamorus\n|\n|upkeep\n|-message|djsxhnsksksjdjjdh forfeited.\n|\n|win|thunderdog_32\n|raw|djsxhnsksksjdjjdh's rating: 1216 &rarr; <strong>1194<\/strong><br \/>(-22 for losing)\n|raw|thunderdog_32's rating: 1259 &rarr; <strong>1281<\/strong><br \/>(+22 for winning)\n|l|\u2606djsxhnsksksjdjjdh\n","uploadtime":1700169220,"views":7,"p1id":"djsxhnsksksjdjjdh","p2id":"thunderdog32","formatid":"gen9ou","rating":1194,"private":0,"password":""}