{"id":"gen9ou-1992214968","p1":"Nitro524","p2":"reezobi","format":"[Gen 9] OU","log":"|j|\u2606Nitro524\n|j|\u2606reezobi\n|t:|1700164557\n|gametype|singles\n|player|p1|Nitro524|hilbert|1409\n|player|p2|reezobi|red|1386\n|teamsize|p1|6\n|teamsize|p2|6\n|gen|9\n|tier|[Gen 9] OU\n|rated|\n|rule|Sleep Clause Mod: Limit one foe put to sleep\n|rule|Species Clause: Limit one of each Pok\u00e9mon\n|rule|OHKO Clause: OHKO moves are banned\n|rule|Evasion Items Clause: Evasion items are banned\n|rule|Evasion Moves Clause: Evasion moves are banned\n|rule|Endless Battle Clause: Forcing endless battles is banned\n|rule|HP Percentage Mod: HP is shown in percentages\n|clearpoke\n|poke|p1|Samurott-Hisui, M|\n|poke|p1|Ceruledge, M|\n|poke|p1|Iron Valiant|\n|poke|p1|Gholdengo|\n|poke|p1|Landorus-Therian, M|\n|poke|p1|Kingambit, M|\n|poke|p2|Weavile, M|\n|poke|p2|Ogerpon-Wellspring, F|\n|poke|p2|Heatran, F|\n|poke|p2|Weezing-Galar, F|\n|poke|p2|Hatterene, F|\n|poke|p2|Dragapult, F|\n|teampreview\n|inactive|Battle timer is ON: inactive players will automatically lose when time's up. (requested by Nitro524)\n|c|\u2606Nitro524|glhf\n|\n|t:|1700164582\n|start\n|switch|p1a: Masakado|Samurott-Hisui, M, shiny|100\/100\n|switch|p2a: Ogerpon|Ogerpon-Wellspring, F|100\/100\n|turn|1\n|inactive|Nitro524 has 120 seconds left.\n|\n|t:|1700164638\n|switch|p2a: Weezing|Weezing-Galar, F|100\/100\n|move|p1a: Masakado|Ceaseless Edge|p2a: Weezing\n|-resisted|p2a: Weezing\n|-damage|p2a: Weezing|86\/100\n|-damage|p1a: Masakado|84\/100|[from] item: Rocky Helmet|[of] p2a: Weezing\n|-sidestart|p2: reezobi|Spikes\n|\n|upkeep\n|turn|2\n|inactive|Nitro524 has 90 seconds left.\n|\n|t:|1700164667\n|switch|p1a: Prince|Gholdengo|100\/100\n|move|p2a: Weezing|Will-O-Wisp|p1a: Prince\n|-immune|p1a: Prince|[from] ability: Good as Gold\n|\n|upkeep\n|turn|3\n|\n|t:|1700164675\n|switch|p2a: Heatran|Heatran, F|100\/100\n|-damage|p2a: Heatran|88\/100|[from] Spikes\n|move|p1a: Prince|Nasty Plot|p1a: Prince\n|-boost|p1a: Prince|spa|2\n|\n|-heal|p2a: Heatran|94\/100|[from] item: Leftovers\n|upkeep\n|turn|4\n|inactive|Nitro524 has 90 seconds left.\n|\n|t:|1700164689\n|switch|p1a: Masakado|Samurott-Hisui, M, shiny|84\/100\n|move|p2a: Heatran|Magma Storm|p1a: Masakado|[miss]\n|-miss|p2a: Heatran|p1a: Masakado\n|\n|-heal|p2a: Heatran|100\/100|[from] item: Leftovers\n|upkeep\n|turn|5\n|inactive|Nitro524 has 90 seconds left.\n|\n|t:|1700164709\n|switch|p2a: Weezing|Weezing-Galar, F|86\/100\n|move|p1a: Masakado|Razor Shell|p2a: Weezing\n|-damage|p2a: Weezing|54\/100\n|-unboost|p2a: Weezing|def|1\n|-damage|p1a: Masakado|67\/100|[from] item: Rocky Helmet|[of] p2a: Weezing\n|\n|upkeep\n|turn|6\n|inactive|Nitro524 has 90 seconds left.\n|\n|t:|1700164722\n|move|p1a: Masakado|Razor Shell|p2a: Weezing\n|-damage|p2a: Weezing|4\/100\n|-unboost|p2a: Weezing|def|1\n|-damage|p1a: Masakado|51\/100|[from] item: Rocky Helmet|[of] p2a: Weezing\n|move|p2a: Weezing|Defog|p1a: Masakado\n|-unboost|p1a: Masakado|evasion|1\n|-sideend|p2: reezobi|Spikes|[from] move: Defog|[of] p2a: Weezing\n|\n|upkeep\n|turn|7\n|inactive|Nitro524 has 90 seconds left.\n|\n|t:|1700164745\n|move|p1a: Masakado|Aqua Jet|p2a: Weezing\n|-damage|p2a: Weezing|0 fnt\n|-damage|p1a: Masakado|34\/100|[from] item: Rocky Helmet|[of] p2a: Weezing\n|faint|p2a: Weezing\n|\n|upkeep\n|inactive|reezobi has 120 seconds left.\n|\n|t:|1700164757\n|switch|p2a: Ogerpon|Ogerpon-Wellspring, F|100\/100\n|turn|8\n|inactive|Nitro524 has 90 seconds left.\n|\n|t:|1700164770\n|switch|p1a: Lando Calrissian|Landorus-Therian, M|100\/100\n|-ability|p1a: Lando Calrissian|Intimidate|boost\n|-unboost|p2a: Ogerpon|atk|1\n|move|p2a: Ogerpon|Trailblaze|p1a: Lando Calrissian\n|-damage|p1a: Lando Calrissian|87\/100\n|-boost|p2a: Ogerpon|spe|1\n|-damage|p2a: Ogerpon|84\/100|[from] item: Rocky Helmet|[of] p1a: Lando Calrissian\n|\n|upkeep\n|turn|9\n|\n|t:|1700164784\n|switch|p2a: Hatterene|Hatterene, F|100\/100\n|move|p1a: Lando Calrissian|U-turn|p2a: Hatterene\n|-damage|p2a: Hatterene|80\/100\n|inactive|Nitro524 has 90 seconds left.\n|\n|t:|1700164797\n|switch|p1a: Prince|Gholdengo|100\/100|[from] U-turn\n|\n|-heal|p2a: Hatterene|86\/100|[from] item: Leftovers\n|upkeep\n|turn|10\n|\n|t:|1700164808\n|move|p1a: Prince|Shadow Ball|p2a: Hatterene\n|-supereffective|p2a: Hatterene\n|-damage|p2a: Hatterene|1\/100\n|move|p2a: Hatterene|Nuzzle|p1a: Prince\n|-damage|p1a: Prince|96\/100\n|\n|-heal|p2a: Hatterene|7\/100|[from] item: Leftovers\n|upkeep\n|turn|11\n|\n|t:|1700164823\n|switch|p2a: Heatran|Heatran, F|100\/100\n|move|p1a: Prince|Nasty Plot|p1a: Prince\n|-boost|p1a: Prince|spa|2\n|\n|upkeep\n|turn|12\n|\n|t:|1700164831\n|move|p1a: Prince|Shadow Ball|p2a: Heatran\n|-damage|p2a: Heatran|17\/100\n|move|p2a: Heatran|Magma Storm|p1a: Prince\n|-supereffective|p1a: Prince\n|-damage|p1a: Prince|0 fnt\n|faint|p1a: Prince\n|\n|-heal|p2a: Heatran|23\/100|[from] item: Leftovers\n|upkeep\n|\n|t:|1700164836\n|switch|p1a: Masakado|Samurott-Hisui, M, shiny|34\/100\n|turn|13\n|inactive|Nitro524 has 120 seconds left.\n|\n|t:|1700164860\n|switch|p2a: Hatterene|Hatterene, F|7\/100\n|move|p1a: Masakado|Ceaseless Edge|p2a: Hatterene\n|-damage|p2a: Hatterene|0 fnt\n|-sidestart|p2: reezobi|Spikes\n|faint|p2a: Hatterene\n|\n|upkeep\n|\n|t:|1700164868\n|switch|p2a: Ogerpon|Ogerpon-Wellspring, F|84\/100\n|-damage|p2a: Ogerpon|72\/100|[from] Spikes\n|turn|14\n|\n|t:|1700164876\n|switch|p1a: Lando Calrissian|Landorus-Therian, M|87\/100\n|-ability|p1a: Lando Calrissian|Intimidate|boost\n|-unboost|p2a: Ogerpon|atk|1\n|move|p2a: Ogerpon|Swords Dance|p2a: Ogerpon\n|-boost|p2a: Ogerpon|atk|2\n|\n|upkeep\n|turn|15\n|inactive|Nitro524 has 120 seconds left.\n|inactive|reezobi has 120 seconds left.\n|\n|t:|1700164914\n|-terastallize|p2a: Ogerpon|Water\n|detailschange|p2a: Ogerpon|Ogerpon-Wellspring-Tera, F, tera:Water\n|-ability|p2a: Ogerpon|Embody Aspect (Wellspring)|boost\n|-boost|p2a: Ogerpon|spd|1\n|move|p2a: Ogerpon|Trailblaze|p1a: Lando Calrissian\n|-damage|p1a: Lando Calrissian|58\/100\n|-boost|p2a: Ogerpon|spe|1\n|-damage|p2a: Ogerpon|55\/100|[from] item: Rocky Helmet|[of] p1a: Lando Calrissian\n|move|p1a: Lando Calrissian|U-turn|p2a: Ogerpon\n|-crit|p2a: Ogerpon\n|-damage|p2a: Ogerpon|9\/100\n|\n|t:|1700164929\n|switch|p1a: Apollo|Ceruledge, M|100\/100|[from] U-turn\n|\n|upkeep\n|turn|16\n|inactive|reezobi has 120 seconds left.\n|-message|reezobi forfeited.\n|\n|win|Nitro524\n|raw|Nitro524's rating: 1409 &rarr; <strong>1428<\/strong><br \/>(+19 for winning)\n|raw|reezobi's rating: 1386 &rarr; <strong>1367<\/strong><br \/>(-19 for losing)\n|l|\u2606reezobi\n","uploadtime":1700164962,"views":8,"p1id":"nitro524","p2id":"reezobi","formatid":"gen9ou","rating":1367,"private":0,"password":""}