{"id":"gen9ou-1988721246","p1":"galefang","p2":"ToastyCaesar","format":"[Gen 9] OU","log":"|j|\u2606galefang\n|j|\u2606ToastyCaesar\n|t:|1699754777\n|gametype|singles\n|player|p1|galefang|lance|1506\n|player|p2|ToastyCaesar|cynthia|1480\n|teamsize|p1|6\n|teamsize|p2|6\n|gen|9\n|tier|[Gen 9] OU\n|rated|\n|rule|Sleep Clause Mod: Limit one foe put to sleep\n|rule|Species Clause: Limit one of each Pok\u00e9mon\n|rule|OHKO Clause: OHKO moves are banned\n|rule|Evasion Items Clause: Evasion items are banned\n|rule|Evasion Moves Clause: Evasion moves are banned\n|rule|Endless Battle Clause: Forcing endless battles is banned\n|rule|HP Percentage Mod: HP is shown in percentages\n|clearpoke\n|poke|p1|Clefable, M|\n|poke|p1|Gliscor, M|\n|poke|p1|Milotic, M|\n|poke|p1|Mandibuzz, F|\n|poke|p1|Skeledirge, M|\n|poke|p1|Dragapult, M|\n|poke|p2|Gliscor, F|\n|poke|p2|Gholdengo|\n|poke|p2|Tyranitar, M|\n|poke|p2|Rillaboom, F|\n|poke|p2|Jirachi|\n|poke|p2|Glimmora, M|\n|teampreview\n|inactive|Battle timer is ON: inactive players will automatically lose when time's up. (requested by ToastyCaesar)\n|c|\u2606ToastyCaesar|another stall team\n|c|\u2606ToastyCaesar|what the heck\n|\n|t:|1699754794\n|start\n|switch|p1a: Clefable|Clefable, M|100\/100\n|switch|p2a: Tyranitar|Tyranitar, M|100\/100\n|-weather|Sandstorm|[from] ability: Sand Stream|[of] p2a: Tyranitar\n|turn|1\n|c|\u2606galefang|its fat balance\n|c|\u2606galefang|also stall is really bad now\n|c|\u2606galefang|considering all the offense around\n|c|\u2606ToastyCaesar|its stall with dragapault lol\n|inactive|galefang has 120 seconds left.\n|\n|t:|1699754838\n|move|p1a: Clefable|Stealth Rock|p2a: Tyranitar\n|-sidestart|p2: ToastyCaesar|move: Stealth Rock\n|move|p2a: Tyranitar|Knock Off|p1a: Clefable\n|-resisted|p1a: Clefable\n|-damage|p1a: Clefable|84\/100\n|-enditem|p1a: Clefable|Sticky Barb|[from] move: Knock Off|[of] p2a: Tyranitar\n|\n|-weather|Sandstorm|[upkeep]\n|upkeep\n|turn|2\n|\n|t:|1699754848\n|switch|p2a: Jirachi|Jirachi|100\/100\n|-damage|p2a: Jirachi|94\/100|[from] Stealth Rock\n|move|p1a: Clefable|Trick|p2a: Jirachi\n|-activate|p1a: Clefable|move: Trick|[of] p2a: Jirachi\n|-enditem|p2a: Jirachi|Choice Specs|[silent]|[from] move: Trick\n|-item|p1a: Clefable|Choice Specs|[from] move: Trick\n|\n|-weather|Sandstorm|[upkeep]\n|upkeep\n|turn|3\n|inactive|galefang has 120 seconds left.\n|\n|t:|1699754859\n|switch|p1a: Gliscor|Gliscor, M|100\/100\n|move|p2a: Jirachi|Doom Desire|p1a: Gliscor\n|-start|p2a: Jirachi|Doom Desire\n|\n|-weather|Sandstorm|[upkeep]\n|-status|p1a: Gliscor|tox|[from] item: Toxic Orb\n|upkeep\n|turn|4\n|inactive|galefang has 120 seconds left.\n|\n|t:|1699754870\n|switch|p2a: Gholdengo|Gholdengo|100\/100\n|-damage|p2a: Gholdengo|94\/100|[from] Stealth Rock\n|-item|p2a: Gholdengo|Air Balloon\n|move|p1a: Gliscor|Spikes|p2a: Gholdengo\n|-sidestart|p2: ToastyCaesar|Spikes\n|\n|-weather|Sandstorm|[upkeep]\n|upkeep\n|turn|5\n|inactive|galefang has 120 seconds left.\n|\n|t:|1699754878\n|switch|p1a: Milotic|Milotic, M|100\/100\n|move|p2a: Gholdengo|Shadow Ball|p1a: Milotic\n|-damage|p1a: Milotic|75\/100\n|-unboost|p1a: Milotic|spd|1\n|\n|-weather|none\n|-end|p1a: Milotic|move: Doom Desire\n|-resisted|p1a: Milotic\n|-damage|p1a: Milotic|46\/100\n|upkeep\n|turn|6\n|inactive|galefang has 120 seconds left.\n|\n|t:|1699754892\n|switch|p2a: Glimmora|Glimmora, M|100\/100\n|-damage|p2a: Glimmora|88\/100|[from] Stealth Rock\n|-damage|p2a: Glimmora|76\/100|[from] Spikes\n|move|p1a: Milotic|Haze|p1a: Milotic\n|-clearallboost\n|\n|upkeep\n|turn|7\n|inactive|galefang has 120 seconds left.\n|\n|t:|1699754902\n|switch|p1a: Gliscor|Gliscor, M|100\/100 tox\n|move|p2a: Glimmora|Mortal Spin|p1a: Gliscor\n|-resisted|p1a: Gliscor\n|-damage|p1a: Gliscor|98\/100 tox\n|-sideend|p2: ToastyCaesar|Spikes|[from] move: Mortal Spin|[of] p2a: Glimmora\n|-sideend|p2: ToastyCaesar|Stealth Rock|[from] move: Mortal Spin|[of] p2a: Glimmora\n|\n|-heal|p1a: Gliscor|100\/100 tox|[from] ability: Poison Heal\n|upkeep\n|turn|8\n|\n|t:|1699754911\n|move|p1a: Gliscor|Spikes|p2a: Glimmora\n|-sidestart|p2: ToastyCaesar|Spikes\n|move|p2a: Glimmora|Stealth Rock|p1a: Gliscor\n|-sidestart|p1: galefang|move: Stealth Rock\n|\n|upkeep\n|turn|9\n|\n|t:|1699754917\n|switch|p2a: Gholdengo|Gholdengo|94\/100\n|-item|p2a: Gholdengo|Air Balloon\n|move|p1a: Gliscor|Knock Off|p2a: Gholdengo\n|-supereffective|p2a: Gholdengo\n|-damage|p2a: Gholdengo|46\/100\n|-enditem|p2a: Gholdengo|Air Balloon\n|\n|upkeep\n|turn|10\n|\n|t:|1699754926\n|move|p2a: Gholdengo|Shadow Ball|p1a: Gliscor\n|-damage|p1a: Gliscor|58\/100 tox\n|move|p1a: Gliscor|Knock Off|p2a: Gholdengo\n|-supereffective|p2a: Gholdengo\n|-damage|p2a: Gholdengo|12\/100\n|\n|-heal|p1a: Gliscor|70\/100 tox|[from] ability: Poison Heal\n|upkeep\n|turn|11\n|\n|t:|1699754937\n|switch|p1a: Milotic|Milotic, M|46\/100\n|move|p2a: Gholdengo|Shadow Ball|p1a: Milotic\n|-damage|p1a: Milotic|19\/100\n|-unboost|p1a: Milotic|spd|1\n|\n|upkeep\n|turn|12\n|\n|t:|1699754946\n|switch|p1a: Mandibuzz|Mandibuzz, F|100\/100\n|move|p2a: Gholdengo|Shadow Ball|p1a: Mandibuzz\n|-resisted|p1a: Mandibuzz\n|-damage|p1a: Mandibuzz|84\/100\n|\n|upkeep\n|turn|13\n|\n|t:|1699754954\n|switch|p2a: Glimmora|Glimmora, M|76\/100\n|-damage|p2a: Glimmora|63\/100|[from] Spikes\n|move|p1a: Mandibuzz|Foul Play|p2a: Glimmora\n|-damage|p2a: Glimmora|43\/100\n|-activate|p2a: Glimmora|ability: Toxic Debris\n|-sidestart|p1: galefang|move: Toxic Spikes\n|\n|upkeep\n|turn|14\n|\n|t:|1699754963\n|switch|p1a: Gliscor|Gliscor, M|70\/100 tox\n|-damage|p1a: Gliscor|58\/100 tox|[from] Stealth Rock\n|move|p2a: Glimmora|Mortal Spin|p1a: Gliscor\n|-resisted|p1a: Gliscor\n|-damage|p1a: Gliscor|56\/100 tox\n|-sideend|p2: ToastyCaesar|Spikes|[from] move: Mortal Spin|[of] p2a: Glimmora\n|\n|-heal|p1a: Gliscor|68\/100 tox|[from] ability: Poison Heal\n|upkeep\n|turn|15\n|\n|t:|1699754974\n|switch|p2a: Rillaboom|Rillaboom, F|100\/100\n|-fieldstart|move: Grassy Terrain|[from] ability: Grassy Surge|[of] p2a: Rillaboom\n|move|p1a: Gliscor|Knock Off|p2a: Rillaboom\n|-damage|p2a: Rillaboom|75\/100\n|-enditem|p2a: Rillaboom|Choice Band|[from] move: Knock Off|[of] p1a: Gliscor\n|\n|-heal|p2a: Rillaboom|81\/100|[from] Grassy Terrain\n|-heal|p1a: Gliscor|81\/100 tox|[from] ability: Poison Heal\n|upkeep\n|turn|16\n|\n|t:|1699754986\n|move|p2a: Rillaboom|Wood Hammer|p1a: Gliscor\n|-damage|p1a: Gliscor|22\/100 tox\n|-damage|p2a: Rillaboom|61\/100|[from] Recoil\n|move|p1a: Gliscor|Toxic|p2a: Rillaboom\n|-status|p2a: Rillaboom|tox\n|\n|-heal|p2a: Rillaboom|67\/100 tox|[from] Grassy Terrain\n|-damage|p2a: Rillaboom|61\/100 tox|[from] psn\n|-heal|p1a: Gliscor|34\/100 tox|[from] ability: Poison Heal\n|upkeep\n|turn|17\n|\n|t:|1699754997\n|switch|p2a: Gholdengo|Gholdengo|12\/100\n|move|p1a: Gliscor|Protect||[still]\n|-fail|p1a: Gliscor\n|\n|-heal|p2a: Gholdengo|18\/100|[from] Grassy Terrain\n|-heal|p1a: Gliscor|47\/100 tox|[from] ability: Poison Heal\n|upkeep\n|turn|18\n|\n|t:|1699755007\n|switch|p1a: Mandibuzz|Mandibuzz, F|84\/100\n|move|p2a: Gholdengo|Shadow Ball|p1a: Mandibuzz\n|-resisted|p1a: Mandibuzz\n|-damage|p1a: Mandibuzz|67\/100\n|\n|-heal|p2a: Gholdengo|24\/100|[from] Grassy Terrain\n|upkeep\n|turn|19\n|\n|t:|1699755015\n|switch|p2a: Tyranitar|Tyranitar, M|100\/100\n|-weather|Sandstorm|[from] ability: Sand Stream|[of] p2a: Tyranitar\n|move|p1a: Mandibuzz|Foul Play|p2a: Tyranitar\n|-resisted|p2a: Tyranitar\n|-damage|p2a: Tyranitar|85\/100\n|\n|-weather|Sandstorm|[upkeep]\n|-heal|p2a: Tyranitar|91\/100|[from] Grassy Terrain\n|-fieldend|move: Grassy Terrain\n|upkeep\n|turn|20\n|\n|t:|1699755027\n|move|p1a: Mandibuzz|Toxic|p2a: Tyranitar\n|-status|p2a: Tyranitar|tox\n|move|p2a: Tyranitar|Knock Off|p1a: Mandibuzz\n|-resisted|p1a: Mandibuzz\n|-damage|p1a: Mandibuzz|55\/100\n|-enditem|p1a: Mandibuzz|Heavy-Duty Boots|[from] move: Knock Off|[of] p2a: Tyranitar\n|\n|-weather|Sandstorm|[upkeep]\n|-damage|p2a: Tyranitar|85\/100 tox|[from] psn\n|upkeep\n|turn|21\n|\n|t:|1699755043\n|switch|p2a: Jirachi|Jirachi|94\/100\n|move|p1a: Mandibuzz|Roost|p1a: Mandibuzz\n|-heal|p1a: Mandibuzz|100\/100\n|-singleturn|p1a: Mandibuzz|move: Roost\n|\n|-weather|Sandstorm|[upkeep]\n|upkeep\n|turn|22\n|\n|t:|1699755052\n|move|p2a: Jirachi|Doom Desire|p1a: Mandibuzz\n|-start|p2a: Jirachi|Doom Desire\n|move|p1a: Mandibuzz|Foul Play|p2a: Jirachi\n|-supereffective|p2a: Jirachi\n|-damage|p2a: Jirachi|45\/100\n|\n|-weather|Sandstorm|[upkeep]\n|upkeep\n|turn|23\n|\n|t:|1699755058\n|switch|p2a: Gliscor|Gliscor, F|100\/100\n|move|p1a: Mandibuzz|Foul Play|p2a: Gliscor\n|-damage|p2a: Gliscor|83\/100\n|\n|-weather|none\n|-status|p2a: Gliscor|tox|[from] item: Toxic Orb\n|upkeep\n|turn|24\n|\n|t:|1699755086\n|switch|p1a: Milotic|Milotic, M|19\/100\n|move|p2a: Gliscor|Toxic|p1a: Milotic\n|-status|p1a: Milotic|tox\n|\n|-end|p1a: Milotic|move: Doom Desire\n|-resisted|p1a: Milotic\n|-damage|p1a: Milotic|0 fnt\n|faint|p1a: Milotic\n|-heal|p2a: Gliscor|95\/100 tox|[from] ability: Poison Heal\n|upkeep\n|inactive|galefang has 120 seconds left.\n|\n|t:|1699755098\n|switch|p1a: Clefable|Clefable, M|84\/100\n|-status|p1a: Clefable|psn\n|turn|25\n|\n|t:|1699755109\n|move|p2a: Gliscor|Earthquake|p1a: Clefable\n|-damage|p1a: Clefable|58\/100 psn\n|move|p1a: Clefable|Trick|p2a: Gliscor\n|-activate|p1a: Clefable|move: Trick|[of] p2a: Gliscor\n|-item|p2a: Gliscor|Choice Specs|[from] move: Trick\n|-item|p1a: Clefable|Toxic Orb|[from] move: Trick\n|\n|-heal|p2a: Gliscor|100\/100 tox|[from] ability: Poison Heal\n|upkeep\n|turn|26\n|\n|t:|1699755122\n|switch|p2a: Rillaboom|Rillaboom, F|61\/100 tox\n|-fieldstart|move: Grassy Terrain|[from] ability: Grassy Surge|[of] p2a: Rillaboom\n|move|p1a: Clefable|Stealth Rock|p2a: Rillaboom\n|-sidestart|p2: ToastyCaesar|move: Stealth Rock\n|\n|-heal|p2a: Rillaboom|67\/100 tox|[from] Grassy Terrain\n|-heal|p1a: Clefable|64\/100 psn|[from] Grassy Terrain\n|-damage|p2a: Rillaboom|61\/100 tox|[from] psn\n|upkeep\n|turn|27\n|\n|t:|1699755140\n|move|p2a: Rillaboom|U-turn|p1a: Clefable\n|-resisted|p1a: Clefable\n|-damage|p1a: Clefable|54\/100 psn\n|\n|t:|1699755154\n|switch|p2a: Glimmora|Glimmora, M|43\/100|[from] U-turn\n|-damage|p2a: Glimmora|30\/100|[from] Stealth Rock\n|move|p1a: Clefable|Moonlight|p1a: Clefable\n|-heal|p1a: Clefable|100\/100 psn\n|\n|-heal|p2a: Glimmora|36\/100|[from] Grassy Terrain\n|upkeep\n|turn|28\n|\n|t:|1699755167\n|switch|p1a: Gliscor|Gliscor, M|47\/100 tox\n|-damage|p1a: Gliscor|34\/100 tox|[from] Stealth Rock\n|move|p2a: Glimmora|Mortal Spin|p1a: Gliscor\n|-resisted|p1a: Gliscor\n|-damage|p1a: Gliscor|32\/100 tox\n|-sideend|p2: ToastyCaesar|Stealth Rock|[from] move: Mortal Spin|[of] p2a: Glimmora\n|\n|-heal|p2a: Glimmora|43\/100|[from] Grassy Terrain\n|-heal|p1a: Gliscor|44\/100 tox|[from] ability: Poison Heal\n|upkeep\n|turn|29\n|\n|t:|1699755178\n|switch|p2a: Rillaboom|Rillaboom, F|61\/100 tox\n|move|p1a: Gliscor|Knock Off|p2a: Rillaboom\n|-damage|p2a: Rillaboom|44\/100 tox\n|\n|-heal|p2a: Rillaboom|50\/100 tox|[from] Grassy Terrain\n|-damage|p2a: Rillaboom|44\/100 tox|[from] psn\n|-heal|p1a: Gliscor|57\/100 tox|[from] ability: Poison Heal\n|upkeep\n|turn|30\n|\n|t:|1699755187\n|move|p1a: Gliscor|Protect|p1a: Gliscor\n|-singleturn|p1a: Gliscor|Protect\n|move|p2a: Rillaboom|Wood Hammer|p1a: Gliscor\n|-activate|p1a: Gliscor|move: Protect\n|\n|-heal|p2a: Rillaboom|50\/100 tox|[from] Grassy Terrain\n|-damage|p2a: Rillaboom|38\/100 tox|[from] psn\n|-heal|p1a: Gliscor|69\/100 tox|[from] ability: Poison Heal\n|-fieldend|move: Grassy Terrain\n|upkeep\n|turn|31\n|\n|t:|1699755197\n|move|p2a: Rillaboom|U-turn|p1a: Gliscor\n|-resisted|p1a: Gliscor\n|-crit|p1a: Gliscor\n|-damage|p1a: Gliscor|54\/100 tox\n|\n|t:|1699755204\n|switch|p2a: Jirachi|Jirachi|45\/100|[from] U-turn\n|move|p1a: Gliscor|Spikes|p2a: Jirachi\n|-sidestart|p2: ToastyCaesar|Spikes\n|\n|-heal|p1a: Gliscor|67\/100 tox|[from] ability: Poison Heal\n|upkeep\n|turn|32\n|\n|t:|1699755211\n|move|p2a: Jirachi|Doom Desire|p1a: Gliscor\n|-start|p2a: Jirachi|Doom Desire\n|move|p1a: Gliscor|Knock Off|p2a: Jirachi\n|-supereffective|p2a: Jirachi\n|-damage|p2a: Jirachi|18\/100\n|\n|-heal|p1a: Gliscor|79\/100 tox|[from] ability: Poison Heal\n|upkeep\n|turn|33\n|\n|t:|1699755217\n|switch|p2a: Tyranitar|Tyranitar, M|85\/100 tox\n|-damage|p2a: Tyranitar|72\/100 tox|[from] Spikes\n|-weather|Sandstorm|[from] ability: Sand Stream|[of] p2a: Tyranitar\n|move|p1a: Gliscor|Knock Off|p2a: Tyranitar\n|-resisted|p2a: Tyranitar\n|-damage|p2a: Tyranitar|64\/100 tox\n|-enditem|p2a: Tyranitar|Assault Vest|[from] move: Knock Off|[of] p1a: Gliscor\n|\n|-weather|Sandstorm|[upkeep]\n|-heal|p1a: Gliscor|92\/100 tox|[from] ability: Poison Heal\n|-damage|p2a: Tyranitar|58\/100 tox|[from] psn\n|upkeep\n|turn|34\n|\n|t:|1699755230\n|move|p1a: Gliscor|Protect|p1a: Gliscor\n|-singleturn|p1a: Gliscor|Protect\n|move|p2a: Tyranitar|Ice Beam|p1a: Gliscor\n|-activate|p1a: Gliscor|move: Protect\n|\n|-weather|Sandstorm|[upkeep]\n|-end|p1a: Gliscor|move: Doom Desire\n|-damage|p1a: Gliscor|30\/100 tox\n|-heal|p1a: Gliscor|42\/100 tox|[from] ability: Poison Heal\n|-damage|p2a: Tyranitar|46\/100 tox|[from] psn\n|upkeep\n|turn|35\n|\n|t:|1699755242\n|switch|p1a: Clefable|Clefable, M|100\/100 psn\n|move|p2a: Tyranitar|Knock Off|p1a: Clefable\n|-resisted|p1a: Clefable\n|-damage|p1a: Clefable|84\/100 psn\n|-enditem|p1a: Clefable|Toxic Orb|[from] move: Knock Off|[of] p2a: Tyranitar\n|\n|-weather|Sandstorm|[upkeep]\n|-damage|p2a: Tyranitar|27\/100 tox|[from] psn\n|upkeep\n|turn|36\n|c|\u2606ToastyCaesar|\" fat offense\"\n|c|\u2606ToastyCaesar|\"not stall\"\n|c|\u2606galefang|fat balance\n|inactive|ToastyCaesar has 120 seconds left.\n|c|\u2606ToastyCaesar|lol i cant tell if your delusional or trolling\n|\n|t:|1699755281\n|switch|p2a: Gholdengo|Gholdengo|24\/100\n|-damage|p2a: Gholdengo|11\/100|[from] Spikes\n|move|p1a: Clefable|Stealth Rock|p2a: Gholdengo\n|-sidestart|p2: ToastyCaesar|move: Stealth Rock\n|\n|-weather|Sandstorm|[upkeep]\n|upkeep\n|turn|37\n|c|\u2606galefang|it is although i have only needed to use 3 mons vs you\n|inactive|galefang has 120 seconds left.\n|\n|t:|1699755317\n|switch|p1a: Mandibuzz|Mandibuzz, F|100\/100\n|-damage|p1a: Mandibuzz|76\/100|[from] Stealth Rock\n|move|p2a: Gholdengo|Make It Rain|p1a: Mandibuzz\n|-damage|p1a: Mandibuzz|20\/100\n|-unboost|p2a: Gholdengo|spa|1\n|\n|-weather|none\n|upkeep\n|turn|38\n|inactive|galefang has 120 seconds left.\n|\n|t:|1699755329\n|switch|p1a: Skeledirge|Skeledirge, M|100\/100\n|move|p2a: Gholdengo|Make It Rain|p1a: Skeledirge\n|-resisted|p1a: Skeledirge\n|-damage|p1a: Skeledirge|72\/100\n|-unboost|p2a: Gholdengo|spa|1\n|\n|upkeep\n|turn|39\n|inactive|galefang has 120 seconds left.\n|\n|t:|1699755338\n|move|p2a: Gholdengo|Shadow Ball|p1a: Skeledirge\n|-supereffective|p1a: Skeledirge\n|-damage|p1a: Skeledirge|0 fnt\n|faint|p1a: Skeledirge\n|\n|upkeep\n|inactive|galefang has 120 seconds left.\n|\n|t:|1699755343\n|switch|p1a: Dragapult|Dragapult, M|100\/100\n|turn|40\n|\n|t:|1699755354\n|switch|p2a: Rillaboom|Rillaboom, F|38\/100 tox\n|-damage|p2a: Rillaboom|26\/100 tox|[from] Spikes\n|-damage|p2a: Rillaboom|14\/100 tox|[from] Stealth Rock\n|-fieldstart|move: Grassy Terrain|[from] ability: Grassy Surge|[of] p2a: Rillaboom\n|move|p1a: Dragapult|Hex|p2a: Rillaboom\n|-damage|p2a: Rillaboom|0 fnt\n|faint|p2a: Rillaboom\n|\n|upkeep\n|\n|t:|1699755356\n|switch|p2a: Tyranitar|Tyranitar, M|27\/100 tox\n|-damage|p2a: Tyranitar|15\/100 tox|[from] Spikes\n|-damage|p2a: Tyranitar|2\/100 tox|[from] Stealth Rock\n|-weather|Sandstorm|[from] ability: Sand Stream|[of] p2a: Tyranitar\n|turn|41\n|\n|t:|1699755369\n|move|p1a: Dragapult|Hex|p2a: Tyranitar\n|-resisted|p2a: Tyranitar\n|-damage|p2a: Tyranitar|0 fnt\n|faint|p2a: Tyranitar\n|\n|-weather|Sandstorm|[upkeep]\n|-damage|p1a: Dragapult|95\/100|[from] Sandstorm\n|-heal|p1a: Dragapult|100\/100|[from] Grassy Terrain\n|upkeep\n|\n|t:|1699755379\n|switch|p2a: Glimmora|Glimmora, M|43\/100\n|-damage|p2a: Glimmora|30\/100|[from] Spikes\n|-damage|p2a: Glimmora|18\/100|[from] Stealth Rock\n|turn|42\n|l|\u2606galefang\n|inactive|galefang disconnected and has a minute to reconnect!\n|player|p1|\n|c|\u2606ToastyCaesar|stay gone\n|j|\u2606galefang\n|inactive|galefang reconnected and has 110 seconds left.\n|player|p1|galefang|lance\n|c|\u2606ToastyCaesar|put me out of my misery\n|c|\u2606ToastyCaesar|nvm\n|\n|t:|1699755427\n|move|p1a: Dragapult|Hex|p2a: Glimmora\n|-damage|p2a: Glimmora|0 fnt\n|faint|p2a: Glimmora\n|\n|-weather|Sandstorm|[upkeep]\n|-damage|p1a: Dragapult|95\/100|[from] Sandstorm\n|-heal|p1a: Dragapult|100\/100|[from] Grassy Terrain\n|upkeep\n|\n|t:|1699755434\n|switch|p2a: Gholdengo|Gholdengo|11\/100\n|-damage|p2a: Gholdengo|0 fnt|[from] Spikes\n|faint|p2a: Gholdengo\n|\n|t:|1699755436\n|switch|p2a: Jirachi|Jirachi|18\/100\n|-damage|p2a: Jirachi|6\/100|[from] Spikes\n|-damage|p2a: Jirachi|0 fnt|[from] Stealth Rock\n|faint|p2a: Jirachi\n|\n|t:|1699755437\n|switch|p2a: Gliscor|Gliscor, F|100\/100 tox\n|-damage|p2a: Gliscor|88\/100 tox|[from] Stealth Rock\n|turn|43\n|\n|t:|1699755446\n|move|p1a: Dragapult|U-turn|p2a: Gliscor\n|-resisted|p2a: Gliscor\n|-damage|p2a: Gliscor|83\/100 tox\n|\n|t:|1699755449\n|switch|p1a: Clefable|Clefable, M|84\/100 psn|[from] U-turn\n|move|p2a: Gliscor|Toxic||[still]\n|-fail|p2a: Gliscor\n|\n|-weather|Sandstorm|[upkeep]\n|-heal|p1a: Clefable|90\/100 psn|[from] Grassy Terrain\n|-heal|p2a: Gliscor|95\/100 tox|[from] ability: Poison Heal\n|upkeep\n|turn|44\n|c|\u2606galefang|gg\n|c|\u2606ToastyCaesar|where\n|\n|t:|1699755460\n|move|p2a: Gliscor|Toxic||[still]\n|-fail|p2a: Gliscor\n|move|p1a: Clefable|Moonblast|p2a: Gliscor\n|-damage|p2a: Gliscor|57\/100 tox\n|-unboost|p2a: Gliscor|spa|1\n|\n|-weather|Sandstorm|[upkeep]\n|-heal|p1a: Clefable|96\/100 psn|[from] Grassy Terrain\n|-heal|p2a: Gliscor|70\/100 tox|[from] ability: Poison Heal\n|-fieldend|move: Grassy Terrain\n|upkeep\n|turn|45\n|\n|t:|1699755469\n|move|p2a: Gliscor|Toxic||[still]\n|-fail|p2a: Gliscor\n|move|p1a: Clefable|Moonblast|p2a: Gliscor\n|-damage|p2a: Gliscor|31\/100 tox\n|\n|-weather|none\n|-heal|p2a: Gliscor|44\/100 tox|[from] ability: Poison Heal\n|upkeep\n|turn|46\n|c|\u2606ToastyCaesar|there is no gg here\n|\n|t:|1699755478\n|move|p2a: Gliscor|Toxic||[still]\n|-fail|p2a: Gliscor\n|move|p1a: Clefable|Moonblast|p2a: Gliscor\n|-damage|p2a: Gliscor|4\/100 tox\n|\n|-heal|p2a: Gliscor|16\/100 tox|[from] ability: Poison Heal\n|upkeep\n|turn|47\n|\n|t:|1699755497\n|move|p2a: Gliscor|Toxic||[still]\n|-fail|p2a: Gliscor\n|move|p1a: Clefable|Moonblast|p2a: Gliscor\n|-damage|p2a: Gliscor|0 fnt\n|faint|p2a: Gliscor\n|\n|win|galefang\n|raw|galefang's rating: 1506 &rarr; <strong>1525<\/strong><br \/>(+19 for winning)\n|raw|ToastyCaesar's rating: 1480 &rarr; <strong>1461<\/strong><br \/>(-19 for losing)\n|c|\u2606galefang|i showed you the balance part\n|c|\u2606ToastyCaesar|get out\n|c|\u2606galefang|after you said\n|c|\u2606ToastyCaesar|na dude\n|c|\u2606ToastyCaesar|you played stall and only stall\n|l|\u2606ToastyCaesar\n|c|\u2606galefang|ok i cant change your mind\n","uploadtime":1699755552,"views":8,"p1id":"galefang","p2id":"toastycaesar","formatid":"gen9ou","rating":1461,"private":0,"password":""}