{"id":"gen9ou-1997773868","p1":"djsxhnsksksjdjjdh","p2":"localdealerr","format":"[Gen 9] OU","log":"|j|\u2606djsxhnsksksjdjjdh\n|j|\u2606localdealerr\n|t:|1700851185\n|gametype|singles\n|player|p1|djsxhnsksksjdjjdh|1|1759\n|player|p2|localdealerr|1|1732\n|teamsize|p1|6\n|teamsize|p2|6\n|gen|9\n|tier|[Gen 9] OU\n|rated|\n|rule|Sleep Clause Mod: Limit one foe put to sleep\n|rule|Species Clause: Limit one of each Pok\u00e9mon\n|rule|OHKO Clause: OHKO moves are banned\n|rule|Evasion Items Clause: Evasion items are banned\n|rule|Evasion Moves Clause: Evasion moves are banned\n|rule|Endless Battle Clause: Forcing endless battles is banned\n|rule|HP Percentage Mod: HP is shown in percentages\n|clearpoke\n|poke|p1|Landorus-Therian, M|\n|poke|p1|Ninetales-Alola, F|\n|poke|p1|Dragapult, M|\n|poke|p1|Thundurus-Therian, M|\n|poke|p1|Cinderace, F|\n|poke|p1|Great Tusk|\n|poke|p2|Glimmora, M|\n|poke|p2|Ogerpon-Wellspring, F|\n|poke|p2|Great Tusk|\n|poke|p2|Gholdengo|\n|poke|p2|Kingambit, M|\n|poke|p2|Zapdos|\n|teampreview\n|inactive|Battle timer is ON: inactive players will automatically lose when time's up. (requested by djsxhnsksksjdjjdh)\n|\n|t:|1700851205\n|start\n|switch|p1a: Dragapult|Dragapult, M|100\/100\n|switch|p2a: ocky rocky.|Glimmora, M|100\/100\n|turn|1\n|\n|t:|1700851211\n|switch|p2a: skillgambit.|Kingambit, M|100\/100\n|-terastallize|p1a: Dragapult|Dragon\n|move|p1a: Dragapult|Dragon Darts|p2a: skillgambit.\n|-resisted|p2a: skillgambit.\n|-damage|p2a: skillgambit.|80\/100\n|-anim|p1a: Dragapult|Dragon Darts|p2a: skillgambit.\n|-resisted|p2a: skillgambit.\n|-damage|p2a: skillgambit.|58\/100\n|\n|upkeep\n|turn|2\n|\n|t:|1700851224\n|switch|p1a: Landorus|Landorus-Therian, M|100\/100\n|-ability|p1a: Landorus|Intimidate|boost\n|-unboost|p2a: skillgambit.|atk|1\n|-end|p2a: skillgambit.|fallenundefined|[silent]\n|switch|p2a: woogerpon.|Ogerpon-Wellspring, F|100\/100\n|\n|upkeep\n|turn|3\n|\n|t:|1700851236\n|move|p2a: woogerpon.|Ivy Cudgel|p1a: Landorus|[anim] Ivy Cudgel Water\n|-supereffective|p1a: Landorus\n|-damage|p1a: Landorus|21\/100\n|move|p1a: Landorus|U-turn|p2a: woogerpon.\n|-supereffective|p2a: woogerpon.\n|-damage|p2a: woogerpon.|41\/100\n|\n|t:|1700851240\n|switch|p1a: Dragapult|Dragapult, M, tera:Dragon|100\/100|[from] U-turn\n|\n|upkeep\n|turn|4\n|j| tkingofh\n|inactive|localdealerr has 120 seconds left.\n|\n|t:|1700851281\n|move|p1a: Dragapult|Dragon Darts|p2a: woogerpon.\n|-damage|p2a: woogerpon.|0 fnt\n|faint|p2a: woogerpon.\n|\n|upkeep\n|\n|t:|1700851295\n|switch|p2a: freebandgang.|Gholdengo|100\/100\n|turn|5\n|\n|t:|1700851302\n|move|p1a: Dragapult|Dragon Darts|p2a: freebandgang.\n|-resisted|p2a: freebandgang.\n|-damage|p2a: freebandgang.|82\/100\n|-anim|p1a: Dragapult|Dragon Darts|p2a: freebandgang.\n|-resisted|p2a: freebandgang.\n|-damage|p2a: freebandgang.|63\/100\n|move|p2a: freebandgang.|Make It Rain|p1a: Dragapult\n|-damage|p1a: Dragapult|30\/100\n|-unboost|p2a: freebandgang.|spa|1\n|\n|-heal|p2a: freebandgang.|69\/100|[from] item: Leftovers\n|upkeep\n|turn|6\n|\n|t:|1700851309\n|switch|p1a: Thundurus|Thundurus-Therian, M|100\/100\n|move|p2a: freebandgang.|Make It Rain|p1a: Thundurus\n|-resisted|p1a: Thundurus\n|-damage|p1a: Thundurus|92\/100\n|-unboost|p2a: freebandgang.|spa|1\n|\n|-heal|p2a: freebandgang.|75\/100|[from] item: Leftovers\n|upkeep\n|turn|7\n|inactive|localdealerr has 120 seconds left.\n|\n|t:|1700851329\n|move|p1a: Thundurus|Volt Switch|p2a: freebandgang.\n|-damage|p2a: freebandgang.|44\/100\n|\n|t:|1700851335\n|switch|p1a: Great Tusk|Great Tusk|100\/100|[from] Volt Switch\n|move|p2a: freebandgang.|Recover|p2a: freebandgang.\n|-heal|p2a: freebandgang.|94\/100\n|\n|-heal|p2a: freebandgang.|100\/100|[from] item: Leftovers\n|upkeep\n|turn|8\n|\n|t:|1700851343\n|switch|p2a: big bird.|Zapdos|100\/100\n|move|p1a: Great Tusk|Rapid Spin|p2a: big bird.\n|-damage|p2a: big bird.|87\/100\n|-boost|p1a: Great Tusk|spe|1\n|\n|upkeep\n|turn|9\n|\n|t:|1700851349\n|-end|p1a: Great Tusk|Protosynthesis|[silent]\n|switch|p1a: Ninetales|Ninetales-Alola, F|100\/100\n|-weather|Snow|[from] ability: Snow Warning|[of] p1a: Ninetales\n|move|p2a: big bird.|Heat Wave|p1a: Ninetales\n|-supereffective|p1a: Ninetales\n|-damage|p1a: Ninetales|45\/100\n|\n|-weather|Snow|[upkeep]\n|upkeep\n|turn|10\n|\n|t:|1700851356\n|move|p1a: Ninetales|Blizzard|p2a: big bird.\n|-supereffective|p2a: big bird.\n|-damage|p2a: big bird.|0 fnt\n|faint|p2a: big bird.\n|-damage|p1a: Ninetales|35\/100|[from] item: Life Orb\n|\n|-weather|Snow|[upkeep]\n|upkeep\n|inactive|localdealerr has 120 seconds left.\n|\n|t:|1700851394\n|switch|p2a: 2 twin tusks.|Great Tusk|100\/100\n|-enditem|p2a: 2 twin tusks.|Booster Energy\n|-activate|p2a: 2 twin tusks.|ability: Protosynthesis|[fromitem]\n|-start|p2a: 2 twin tusks.|protosynthesisspe\n|turn|11\n|\n|t:|1700851403\n|-terastallize|p2a: 2 twin tusks.|Ice\n|move|p2a: 2 twin tusks.|Earthquake|p1a: Ninetales\n|-damage|p1a: Ninetales|0 fnt\n|faint|p1a: Ninetales\n|\n|-weather|Snow|[upkeep]\n|upkeep\n|\n|t:|1700851412\n|switch|p1a: Cinderace|Cinderace, F|100\/100\n|turn|12\n|\n|t:|1700851416\n|switch|p1a: Landorus|Landorus-Therian, M|21\/100\n|-ability|p1a: Landorus|Intimidate|boost\n|-unboost|p2a: 2 twin tusks.|atk|1\n|move|p2a: 2 twin tusks.|Bulk Up|p2a: 2 twin tusks.\n|-boost|p2a: 2 twin tusks.|atk|1\n|-boost|p2a: 2 twin tusks.|def|1\n|\n|-weather|Snow|[upkeep]\n|upkeep\n|turn|13\n|\n|t:|1700851423\n|move|p2a: 2 twin tusks.|Bulk Up|p2a: 2 twin tusks.\n|-boost|p2a: 2 twin tusks.|atk|1\n|-boost|p2a: 2 twin tusks.|def|1\n|move|p1a: Landorus|U-turn|p2a: 2 twin tusks.\n|-damage|p2a: 2 twin tusks.|96\/100\n|\n|t:|1700851428\n|switch|p1a: Great Tusk|Great Tusk|100\/100|[from] U-turn\n|\n|-weather|none\n|upkeep\n|turn|14\n|\n|t:|1700851436\n|-end|p1a: Great Tusk|Protosynthesis|[silent]\n|switch|p1a: Landorus|Landorus-Therian, M|21\/100\n|-ability|p1a: Landorus|Intimidate|boost\n|-unboost|p2a: 2 twin tusks.|atk|1\n|move|p2a: 2 twin tusks.|Ice Spinner|p1a: Landorus\n|-supereffective|p1a: Landorus\n|-damage|p1a: Landorus|0 fnt\n|-damage|p2a: 2 twin tusks.|79\/100|[from] item: Rocky Helmet|[of] p1a: Landorus\n|faint|p1a: Landorus\n|\n|upkeep\n|\n|t:|1700851444\n|switch|p1a: Cinderace|Cinderace, F|100\/100\n|turn|15\n|\n|t:|1700851448\n|move|p2a: 2 twin tusks.|Earthquake|p1a: Cinderace\n|-supereffective|p1a: Cinderace\n|-damage|p1a: Cinderace|0 fnt\n|faint|p1a: Cinderace\n|\n|upkeep\n|\n|t:|1700851455\n|switch|p1a: Great Tusk|Great Tusk|100\/100\n|turn|16\n|\n|t:|1700851458\n|move|p2a: 2 twin tusks.|Ice Spinner|p1a: Great Tusk\n|-supereffective|p1a: Great Tusk\n|-damage|p1a: Great Tusk|64\/100\n|move|p1a: Great Tusk|Bulk Up|p1a: Great Tusk\n|-boost|p1a: Great Tusk|atk|1\n|-boost|p1a: Great Tusk|def|1\n|\n|-heal|p1a: Great Tusk|70\/100|[from] item: Leftovers\n|upkeep\n|turn|17\n|\n|t:|1700851470\n|move|p2a: 2 twin tusks.|Bulk Up|p2a: 2 twin tusks.\n|-boost|p2a: 2 twin tusks.|atk|1\n|-boost|p2a: 2 twin tusks.|def|1\n|move|p1a: Great Tusk|Bulk Up|p1a: Great Tusk\n|-boost|p1a: Great Tusk|atk|1\n|-boost|p1a: Great Tusk|def|1\n|\n|-heal|p1a: Great Tusk|76\/100|[from] item: Leftovers\n|upkeep\n|turn|18\n|\n|t:|1700851475\n|move|p2a: 2 twin tusks.|Bulk Up|p2a: 2 twin tusks.\n|-boost|p2a: 2 twin tusks.|atk|1\n|-boost|p2a: 2 twin tusks.|def|1\n|move|p1a: Great Tusk|Earthquake|p2a: 2 twin tusks.\n|-damage|p2a: 2 twin tusks.|61\/100\n|\n|-heal|p1a: Great Tusk|82\/100|[from] item: Leftovers\n|upkeep\n|turn|19\n|\n|t:|1700851479\n|move|p2a: 2 twin tusks.|Bulk Up|p2a: 2 twin tusks.\n|-boost|p2a: 2 twin tusks.|atk|1\n|-boost|p2a: 2 twin tusks.|def|1\n|move|p1a: Great Tusk|Earthquake|p2a: 2 twin tusks.\n|-damage|p2a: 2 twin tusks.|45\/100\n|\n|-heal|p1a: Great Tusk|88\/100|[from] item: Leftovers\n|upkeep\n|turn|20\n|\n|t:|1700851483\n|move|p2a: 2 twin tusks.|Bulk Up|p2a: 2 twin tusks.\n|-boost|p2a: 2 twin tusks.|atk|1\n|-boost|p2a: 2 twin tusks.|def|1\n|move|p1a: Great Tusk|Earthquake|p2a: 2 twin tusks.\n|-damage|p2a: 2 twin tusks.|31\/100\n|\n|-heal|p1a: Great Tusk|94\/100|[from] item: Leftovers\n|upkeep\n|turn|21\n|\n|t:|1700851486\n|move|p2a: 2 twin tusks.|Ice Spinner|p1a: Great Tusk\n|-supereffective|p1a: Great Tusk\n|-damage|p1a: Great Tusk|43\/100\n|move|p1a: Great Tusk|Earthquake|p2a: 2 twin tusks.\n|-damage|p2a: 2 twin tusks.|18\/100\n|\n|-heal|p1a: Great Tusk|49\/100|[from] item: Leftovers\n|upkeep\n|turn|22\n|\n|t:|1700851492\n|move|p2a: 2 twin tusks.|Ice Spinner|p1a: Great Tusk\n|-supereffective|p1a: Great Tusk\n|-damage|p1a: Great Tusk|1\/100\n|move|p1a: Great Tusk|Earthquake|p2a: 2 twin tusks.\n|-damage|p2a: 2 twin tusks.|5\/100\n|\n|-heal|p1a: Great Tusk|7\/100|[from] item: Leftovers\n|upkeep\n|turn|23\n|\n|t:|1700851495\n|move|p2a: 2 twin tusks.|Ice Spinner|p1a: Great Tusk\n|-supereffective|p1a: Great Tusk\n|-damage|p1a: Great Tusk|0 fnt\n|faint|p1a: Great Tusk\n|-end|p1a: Great Tusk|Protosynthesis|[silent]\n|\n|upkeep\n|\n|t:|1700851500\n|switch|p1a: Dragapult|Dragapult, M, tera:Dragon|30\/100\n|turn|24\n|\n|t:|1700851504\n|move|p1a: Dragapult|Sucker Punch||[still]\n|-fail|p1a: Dragapult\n|move|p2a: 2 twin tusks.|Bulk Up|p2a: 2 twin tusks.\n|-boost|p2a: 2 twin tusks.|atk|1\n|-boost|p2a: 2 twin tusks.|def|0\n|\n|upkeep\n|turn|25\n|\n|t:|1700851507\n|move|p1a: Dragapult|Sucker Punch||[still]\n|-fail|p1a: Dragapult\n|move|p2a: 2 twin tusks.|Bulk Up|p2a: 2 twin tusks.\n|-boost|p2a: 2 twin tusks.|atk|1\n|-boost|p2a: 2 twin tusks.|def|0\n|\n|upkeep\n|turn|26\n|\n|t:|1700851509\n|switch|p1a: Thundurus|Thundurus-Therian, M|92\/100\n|move|p2a: 2 twin tusks.|Bulk Up|p2a: 2 twin tusks.\n|-boost|p2a: 2 twin tusks.|atk|0\n|-boost|p2a: 2 twin tusks.|def|0\n|\n|upkeep\n|turn|27\n|-message|djsxhnsksksjdjjdh forfeited.\n|\n|win|localdealerr\n|raw|djsxhnsksksjdjjdh's rating: 1759 &rarr; <strong>1737<\/strong><br \/>(-22 for losing)\n|raw|localdealerr's rating: 1732 &rarr; <strong>1754<\/strong><br \/>(+22 for winning)\n|l|\u2606djsxhnsksksjdjjdh\n","uploadtime":1700851515,"views":1,"p1id":"djsxhnsksksjdjjdh","p2id":"localdealerr","formatid":"gen9ou","rating":1737,"private":0,"password":""}