{"id":"gen9ou-1991816416","p1":"ChillLanturnYT","p2":"yaoikhr","format":"[Gen 9] OU","log":"|j|\u2606ChillLanturnYT\n|j|\u2606yaoikhr\n|t:|1700122596\n|gametype|singles\n|player|p1|ChillLanturnYT|palmer|1171\n|player|p2|yaoikhr|wallace|1192\n|teamsize|p1|6\n|teamsize|p2|6\n|gen|9\n|tier|[Gen 9] OU\n|rated|\n|rule|Sleep Clause Mod: Limit one foe put to sleep\n|rule|Species Clause: Limit one of each Pok\u00e9mon\n|rule|OHKO Clause: OHKO moves are banned\n|rule|Evasion Items Clause: Evasion items are banned\n|rule|Evasion Moves Clause: Evasion moves are banned\n|rule|Endless Battle Clause: Forcing endless battles is banned\n|rule|HP Percentage Mod: HP is shown in percentages\n|clearpoke\n|poke|p1|Regidrago|\n|poke|p1|Jirachi|\n|poke|p1|Lokix, M|\n|poke|p1|Ribombee, F|\n|poke|p1|Toxapex, M|\n|poke|p1|Cinderace, M|\n|poke|p2|Clefable, M|\n|poke|p2|Gholdengo|\n|poke|p2|Iron Valiant|\n|poke|p2|Ribombee, F|\n|poke|p2|Alomomola, F|\n|poke|p2|Cinderace, F|\n|teampreview\n|inactive|Battle timer is ON: inactive players will automatically lose when time's up. (requested by yaoikhr)\n|\n|t:|1700122619\n|start\n|switch|p1a: Cinderace|Cinderace, M|100\/100\n|switch|p2a: Ribombee|Ribombee, F|100\/100\n|turn|1\n|\n|t:|1700122623\n|move|p1a: Cinderace|U-turn|p2a: Ribombee\n|-start|p1a: Cinderace|typechange|Bug|[from] ability: Libero\n|-resisted|p2a: Ribombee\n|-damage|p2a: Ribombee|69\/100\n|\n|t:|1700122627\n|switch|p1a: Toxapex|Toxapex, M|100\/100|[from] U-turn\n|move|p2a: Ribombee|Sticky Web|p1a: Toxapex\n|-sidestart|p1: ChillLanturnYT|move: Sticky Web\n|\n|upkeep\n|turn|2\n|\n|t:|1700122632\n|move|p2a: Ribombee|Stun Spore|p1a: Toxapex|[miss]\n|-miss|p2a: Ribombee|p1a: Toxapex\n|move|p1a: Toxapex|Poison Jab|p2a: Ribombee\n|-supereffective|p2a: Ribombee\n|-damage|p2a: Ribombee|0 fnt\n|faint|p2a: Ribombee\n|\n|upkeep\n|\n|t:|1700122639\n|switch|p2a: Gholdengo|Gholdengo|100\/100\n|turn|3\n|\n|t:|1700122647\n|switch|p1a: Lokix|Lokix, M|100\/100\n|-activate|p1a: Lokix|move: Sticky Web\n|-unboost|p1a: Lokix|spe|1\n|move|p2a: Gholdengo|Shadow Ball|p1a: Lokix\n|-resisted|p1a: Lokix\n|-damage|p1a: Lokix|37\/100\n|\n|upkeep\n|turn|4\n|\n|t:|1700122655\n|move|p2a: Gholdengo|Shadow Ball|p1a: Lokix\n|-resisted|p1a: Lokix\n|-crit|p1a: Lokix\n|-damage|p1a: Lokix|0 fnt\n|faint|p1a: Lokix\n|\n|upkeep\n|\n|t:|1700122666\n|switch|p1a: Cinderace|Cinderace, M|100\/100\n|turn|5\n|\n|t:|1700122672\n|-terastallize|p2a: Gholdengo|Fairy\n|move|p1a: Cinderace|Pyro Ball|p2a: Gholdengo\n|-damage|p2a: Gholdengo|40\/100\n|move|p2a: Gholdengo|Shadow Ball|p1a: Cinderace\n|-damage|p1a: Cinderace|15\/100\n|\n|upkeep\n|turn|6\n|\n|t:|1700122679\n|switch|p2a: Alomomola|Alomomola, F|100\/100\n|move|p1a: Cinderace|Court Change|p1a: Cinderace\n|-start|p1a: Cinderace|typechange|Normal|[from] ability: Libero\n|-swapsideconditions\n|-activate|p1a: Cinderace|move: Court Change\n|\n|upkeep\n|turn|7\n|\n|t:|1700122689\n|switch|p1a: Ribombee|Ribombee, F|100\/100\n|move|p2a: Alomomola|Wish|p2a: Alomomola\n|\n|upkeep\n|turn|8\n|\n|t:|1700122692\n|move|p1a: Ribombee|Quiver Dance|p1a: Ribombee\n|-boost|p1a: Ribombee|spa|1\n|-boost|p1a: Ribombee|spd|1\n|-boost|p1a: Ribombee|spe|1\n|move|p2a: Alomomola|Flip Turn|p1a: Ribombee\n|-damage|p1a: Ribombee|83\/100\n|\n|t:|1700122695\n|switch|p2a: Cinderace|Cinderace, F|100\/100|[from] Flip Turn\n|\n|upkeep\n|turn|9\n|\n|t:|1700122702\n|-terastallize|p1a: Ribombee|Fire\n|move|p1a: Ribombee|Quiver Dance|p1a: Ribombee\n|-boost|p1a: Ribombee|spa|1\n|-boost|p1a: Ribombee|spd|1\n|-boost|p1a: Ribombee|spe|1\n|move|p2a: Cinderace|Pyro Ball|p1a: Ribombee\n|-resisted|p1a: Ribombee\n|-damage|p1a: Ribombee|51\/100\n|\n|upkeep\n|turn|10\n|\n|t:|1700122712\n|move|p1a: Ribombee|Stored Power|p2a: Cinderace\n|-damage|p2a: Cinderace|17\/100\n|move|p2a: Cinderace|Court Change|p2a: Cinderace\n|-start|p2a: Cinderace|typechange|Normal|[from] ability: Libero\n|-swapsideconditions\n|-activate|p2a: Cinderace|move: Court Change\n|\n|upkeep\n|turn|11\n|\n|t:|1700122717\n|move|p1a: Ribombee|Draining Kiss|p2a: Cinderace\n|-damage|p2a: Cinderace|0 fnt\n|-heal|p1a: Ribombee|64\/100|[from] drain|[of] p2a: Cinderace\n|faint|p2a: Cinderace\n|\n|upkeep\n|\n|t:|1700122730\n|switch|p2a: Alomomola|Alomomola, F|100\/100\n|turn|12\n|\n|t:|1700122738\n|move|p1a: Ribombee|Stored Power|p2a: Alomomola\n|-damage|p2a: Alomomola|27\/100\n|-enditem|p2a: Alomomola|Red Card|[of] p1a: Ribombee\n|drag|p1a: Toxapex|Toxapex, M|100\/100\n|-activate|p1a: Toxapex|move: Sticky Web\n|-unboost|p1a: Toxapex|spe|1\n|move|p2a: Alomomola|Flip Turn|p1a: Toxapex\n|-resisted|p1a: Toxapex\n|-damage|p1a: Toxapex|95\/100\n|\n|t:|1700122753\n|switch|p2a: Iron Valiant|Iron Valiant|100\/100|[from] Flip Turn\n|-enditem|p2a: Iron Valiant|Booster Energy\n|-activate|p2a: Iron Valiant|ability: Quark Drive|[fromitem]\n|-start|p2a: Iron Valiant|quarkdrivespe\n|\n|-heal|p1a: Toxapex|100\/100|[from] item: Leftovers\n|upkeep\n|turn|13\n|\n|t:|1700122758\n|move|p2a: Iron Valiant|Psyshock|p1a: Toxapex\n|-supereffective|p1a: Toxapex\n|-damage|p1a: Toxapex|57\/100\n|move|p1a: Toxapex|Poison Jab|p2a: Iron Valiant\n|-supereffective|p2a: Iron Valiant\n|-damage|p2a: Iron Valiant|22\/100\n|-status|p2a: Iron Valiant|psn\n|\n|-heal|p1a: Toxapex|63\/100|[from] item: Leftovers\n|-damage|p2a: Iron Valiant|9\/100 psn|[from] psn\n|upkeep\n|turn|14\n|\n|t:|1700122764\n|move|p2a: Iron Valiant|Psyshock|p1a: Toxapex\n|-supereffective|p1a: Toxapex\n|-damage|p1a: Toxapex|22\/100\n|move|p1a: Toxapex|Toxic Spikes|p2a: Iron Valiant\n|-sidestart|p2: yaoikhr|move: Toxic Spikes\n|\n|-heal|p1a: Toxapex|28\/100|[from] item: Leftovers\n|-damage|p2a: Iron Valiant|0 fnt|[from] psn\n|faint|p2a: Iron Valiant\n|-end|p2a: Iron Valiant|Quark Drive|[silent]\n|upkeep\n|-message|yaoikhr forfeited.\n|\n|win|ChillLanturnYT\n|raw|ChillLanturnYT's rating: 1171 &rarr; <strong>1198<\/strong><br \/>(+27 for winning)\n|raw|yaoikhr's rating: 1192 &rarr; <strong>1165<\/strong><br \/>(-27 for losing)\n|l|\u2606yaoikhr\n","uploadtime":1700122775,"views":7,"p1id":"chilllanturnyt","p2id":"yaoikhr","formatid":"gen9ou","rating":1165,"private":0,"password":""}