{"id":"gen9ou-1997177417","p1":"0rTheSpecial0ne\u203d","p2":"Argavieso Travieso","format":"[Gen 9] OU","log":"|j|\u26060rTheSpecial0ne\u203d\n|j|\u2606Argavieso Travieso\n|inactive|Battle timer is ON: inactive players will automatically lose when time's up.\n|t:|1700772456\n|gametype|singles\n|player|p1|0rTheSpecial0ne\u203d|teammates|\n|player|p2|Argavieso Travieso|mira|\n|teamsize|p1|6\n|teamsize|p2|6\n|gen|9\n|tier|[Gen 9] OU\n|rated|Tournament battle\n|rule|Sleep Clause Mod: Limit one foe put to sleep\n|rule|Species Clause: Limit one of each Pok\u00e9mon\n|rule|OHKO Clause: OHKO moves are banned\n|rule|Evasion Items Clause: Evasion items are banned\n|rule|Evasion Moves Clause: Evasion moves are banned\n|rule|Endless Battle Clause: Forcing endless battles is banned\n|rule|HP Percentage Mod: HP is shown in percentages\n|clearpoke\n|poke|p1|Great Tusk|\n|poke|p1|Cresselia, F|\n|poke|p1|Hatterene, F|\n|poke|p1|Zamazenta-*|\n|poke|p1|Ting-Lu|\n|poke|p1|Zapdos|\n|poke|p2|Amoonguss, M|\n|poke|p2|Gholdengo|\n|poke|p2|Zamazenta-*|\n|poke|p2|Ting-Lu|\n|poke|p2|Zapdos|\n|poke|p2|Slowking, F|\n|teampreview\n|inactive|Argavieso Travieso also wants the timer to be on.\n|inactive|0rTheSpecial0ne\u203d also wants the timer to be on.\n|j| Franko159\n|j| Kiramager\n|j| imanolizeta\n|c| Kiramager|0rTheSpecial0ne se farmea los tour de la sala\n|c|\u2606Argavieso Travieso|No sab\u00eda que ya estaba en la final\n|inactive|Argavieso Travieso has 120 seconds left.\n|c|\u26060rTheSpecial0ne\u203d|si Argavieso Travieso\n|c|\u2606Argavieso Travieso|Primera ronda descalificaci\u00f3n y en segunda Aminitrabo\n|c|\u2606Argavieso Travieso|A ver qu\u00e9 pasa ahora\n|c|\u2606Argavieso Travieso|Glhf\n|c| Kiramager|a ese team de Argavieso Travieso\n|c| Kiramager|suena\n|c|\u26060rTheSpecial0ne\u203d|lo importante es divertirse :D\n|c| Kiramager|a un cinderace\n|inactive|Argavieso Travieso has 90 seconds left.\n|c| Kiramager|y queda Goddines\n|\n|t:|1700772528\n|start\n|switch|p1a: Ting-Lu|Ting-Lu|100\/100\n|switch|p2a: Slowking|Slowking, F|100\/100\n|-ability|p1a: Ting-Lu|Vessel of Ruin\n|turn|1\n|\n|t:|1700772537\n|move|p1a: Ting-Lu|Stealth Rock|p2a: Slowking\n|-sidestart|p2: Argavieso Travieso|move: Stealth Rock\n|move|p2a: Slowking|Scald|p1a: Ting-Lu\n|-supereffective|p1a: Ting-Lu\n|-damage|p1a: Ting-Lu|67\/100\n|-status|p1a: Ting-Lu|brn\n|\n|-heal|p1a: Ting-Lu|73\/100 brn|[from] item: Leftovers\n|-damage|p1a: Ting-Lu|67\/100 brn|[from] brn\n|upkeep\n|turn|2\n|c|\u26060rTheSpecial0ne\u203d|que buena suerte Argavieso Travieso :D\n|\n|t:|1700772550\n|move|p1a: Ting-Lu|Earthquake|p2a: Slowking\n|-damage|p2a: Slowking|73\/100\n|move|p2a: Slowking|Future Sight|p1a: Ting-Lu\n|-start|p2a: Slowking|move: Future Sight\n|\n|-heal|p1a: Ting-Lu|73\/100 brn|[from] item: Leftovers\n|-damage|p1a: Ting-Lu|67\/100 brn|[from] brn\n|upkeep\n|turn|3\n|\n|t:|1700772556\n|move|p1a: Ting-Lu|Earthquake|p2a: Slowking\n|-damage|p2a: Slowking|45\/100\n|move|p2a: Slowking|Scald|p1a: Ting-Lu\n|-supereffective|p1a: Ting-Lu\n|-damage|p1a: Ting-Lu|32\/100 brn\n|\n|-heal|p1a: Ting-Lu|39\/100 brn|[from] item: Leftovers\n|-damage|p1a: Ting-Lu|32\/100 brn|[from] brn\n|upkeep\n|turn|4\n|c|\u26060rTheSpecial0ne\u203d|uff future sight\n|\n|t:|1700772579\n|move|p1a: Ting-Lu|Earthquake|p2a: Slowking\n|-damage|p2a: Slowking|20\/100\n|move|p2a: Slowking|Slack Off|p2a: Slowking\n|-heal|p2a: Slowking|70\/100\n|\n|-end|p1a: Ting-Lu|move: Future Sight\n|-immune|p1a: Ting-Lu\n|-heal|p1a: Ting-Lu|39\/100 brn|[from] item: Leftovers\n|-damage|p1a: Ting-Lu|32\/100 brn|[from] brn\n|upkeep\n|turn|5\n|\n|t:|1700772585\n|move|p1a: Ting-Lu|Earthquake|p2a: Slowking\n|-damage|p2a: Slowking|45\/100\n|move|p2a: Slowking|Slack Off|p2a: Slowking\n|-heal|p2a: Slowking|95\/100\n|\n|-heal|p1a: Ting-Lu|39\/100 brn|[from] item: Leftovers\n|-damage|p1a: Ting-Lu|32\/100 brn|[from] brn\n|upkeep\n|turn|6\n|\n|t:|1700772589\n|move|p1a: Ting-Lu|Earthquake|p2a: Slowking\n|-damage|p2a: Slowking|67\/100\n|move|p2a: Slowking|Scald|p1a: Ting-Lu\n|-supereffective|p1a: Ting-Lu\n|-damage|p1a: Ting-Lu|0 fnt\n|faint|p1a: Ting-Lu\n|\n|upkeep\n|\n|t:|1700772598\n|switch|p1a: Cresselia|Cresselia, F, shiny|100\/100\n|turn|7\n|\n|t:|1700772606\n|switch|p1a: Hatterene|Hatterene, F, shiny|100\/100\n|switch|p2a: Ting-Lu|Ting-Lu|100\/100\n|-ability|p2a: Ting-Lu|Vessel of Ruin\n|\n|upkeep\n|turn|8\n|c|\u2606Argavieso Travieso|Buena anticipaci\u00f3n\n|\n|t:|1700772631\n|switch|p2a: Gholdengo|Gholdengo|100\/100\n|-damage|p2a: Gholdengo|94\/100|[from] Stealth Rock\n|move|p1a: Hatterene|Draining Kiss|p2a: Gholdengo\n|-resisted|p2a: Gholdengo\n|-damage|p2a: Gholdengo|76\/100\n|\n|upkeep\n|turn|9\n|\n|t:|1700772640\n|move|p2a: Gholdengo|Shadow Ball|p1a: Hatterene\n|-supereffective|p1a: Hatterene\n|-damage|p1a: Hatterene|12\/100\n|move|p1a: Hatterene|Nuzzle|p2a: Gholdengo\n|-damage|p2a: Gholdengo|70\/100\n|-status|p2a: Gholdengo|par\n|\n|upkeep\n|turn|10\n|j|+Diegogris\n|\n|t:|1700772650\n|move|p2a: Gholdengo|Shadow Ball|p1a: Hatterene\n|-supereffective|p1a: Hatterene\n|-damage|p1a: Hatterene|0 fnt\n|faint|p1a: Hatterene\n|\n|upkeep\n|c|\u26060rTheSpecial0ne\u203d|haz escuchado hablar del efecto bola de nieve?\n|\n|t:|1700772669\n|switch|p1a: Cresselia|Cresselia, F, shiny|100\/100\n|turn|11\n|c|\u2606Argavieso Travieso|Puedo hacerme a la idea\n|c|\u2606Argavieso Travieso|Pero dime\n|c|\u26060rTheSpecial0ne\u203d|ver\u00e9 si sale\n|c|\u2606Argavieso Travieso|A qu\u00e9 te refieres exactamente?\n|c|\u26060rTheSpecial0ne\u203d|ver\u00e9 si sale\n|\n|t:|1700772694\n|-terastallize|p1a: Cresselia|Poison\n|move|p1a: Cresselia|Calm Mind|p1a: Cresselia\n|-boost|p1a: Cresselia|spa|1\n|-boost|p1a: Cresselia|spd|1\n|move|p2a: Gholdengo|Shadow Ball|p1a: Cresselia\n|-damage|p1a: Cresselia|73\/100\n|\n|-heal|p1a: Cresselia|80\/100|[from] item: Leftovers\n|upkeep\n|turn|12\n|\n|t:|1700772701\n|switch|p2a: Ting-Lu|Ting-Lu|100\/100\n|-ability|p2a: Ting-Lu|Vessel of Ruin\n|move|p1a: Cresselia|Calm Mind|p1a: Cresselia\n|-boost|p1a: Cresselia|spa|1\n|-boost|p1a: Cresselia|spd|1\n|\n|-heal|p1a: Cresselia|86\/100|[from] item: Leftovers\n|upkeep\n|turn|13\n|\n|t:|1700772704\n|move|p1a: Cresselia|Moonblast|p2a: Ting-Lu\n|-supereffective|p2a: Ting-Lu\n|-damage|p2a: Ting-Lu|71\/100\n|move|p2a: Ting-Lu|Whirlwind|p1a: Cresselia\n|drag|p1a: Zapdos|Zapdos, shiny|100\/100\n|-ability|p1a: Zapdos|Pressure\n|\n|upkeep\n|turn|14\n|c|\u26060rTheSpecial0ne\u203d|interesante whirlwind\n|c|\u26060rTheSpecial0ne\u203d|que har\u00e1s cuando quede solo cresselia?\n|\n|t:|1700772724\n|move|p1a: Zapdos|Hurricane|p2a: Ting-Lu\n|-damage|p2a: Ting-Lu|46\/100\n|-start|p2a: Ting-Lu|confusion\n|-activate|p2a: Ting-Lu|confusion\n|move|p2a: Ting-Lu|Stealth Rock|p1a: Zapdos\n|-sidestart|p1: 0rTheSpecial0ne\u203d|move: Stealth Rock\n|\n|upkeep\n|turn|15\n|\n|t:|1700772737\n|switch|p1a: Great Tusk|Great Tusk, shiny|100\/100\n|-damage|p1a: Great Tusk|98\/100|[from] Stealth Rock\n|-end|p2a: Ting-Lu|confusion\n|move|p2a: Ting-Lu|Ruination|p1a: Great Tusk\n|-damage|p1a: Great Tusk|49\/100\n|\n|upkeep\n|turn|16\n|\n|t:|1700772762\n|move|p1a: Great Tusk|Rapid Spin|p2a: Ting-Lu\n|-damage|p2a: Ting-Lu|38\/100\n|-boost|p1a: Great Tusk|spe|1\n|-sideend|p1: 0rTheSpecial0ne\u203d|Stealth Rock|[from] move: Rapid Spin|[of] p1a: Great Tusk\n|move|p2a: Ting-Lu|Earthquake|p1a: Great Tusk\n|-damage|p1a: Great Tusk|33\/100\n|\n|upkeep\n|turn|17\n|\n|t:|1700772770\n|move|p1a: Great Tusk|Body Press|p2a: Ting-Lu\n|-supereffective|p2a: Ting-Lu\n|-damage|p2a: Ting-Lu|0 fnt\n|faint|p2a: Ting-Lu\n|\n|upkeep\n|c|\u26060rTheSpecial0ne\u203d|ups\n|\n|t:|1700772775\n|switch|p2a: Zamazenta|Zamazenta|100\/100\n|-ability|p2a: Zamazenta|Dauntless Shield|boost\n|-boost|p2a: Zamazenta|def|1\n|turn|18\n|\n|t:|1700772786\n|-end|p1a: Great Tusk|Protosynthesis|[silent]\n|switch|p1a: Zapdos|Zapdos, shiny|100\/100\n|-ability|p1a: Zapdos|Pressure\n|move|p2a: Zamazenta|Close Combat|p1a: Zapdos\n|-resisted|p1a: Zapdos\n|-damage|p1a: Zapdos|70\/100\n|-unboost|p2a: Zamazenta|def|1\n|-unboost|p2a: Zamazenta|spd|1\n|\n|upkeep\n|turn|19\n|c|\u26060rTheSpecial0ne\u203d|no es iron defense\n|c| Franko159|f\n|inactive|Argavieso Travieso has 120 seconds left.\n|c|\u26060rTheSpecial0ne\u203d|Argavieso Travieso, sientes la presi\u00f3n?\n|\n|t:|1700772836\n|switch|p2a: Gholdengo|Gholdengo|70\/100 par\n|-damage|p2a: Gholdengo|64\/100 par|[from] Stealth Rock\n|move|p1a: Zapdos|Hurricane|p2a: Gholdengo|[miss]\n|-miss|p1a: Zapdos|p2a: Gholdengo\n|\n|upkeep\n|turn|20\n|inactive|Argavieso Travieso has 90 seconds left.\n|\n|t:|1700772854\n|move|p1a: Zapdos|Heat Wave|p2a: Gholdengo\n|-supereffective|p2a: Gholdengo\n|-damage|p2a: Gholdengo|0 fnt\n|faint|p2a: Gholdengo\n|\n|upkeep\n|inactive|Argavieso Travieso has 90 seconds left.\n|l| imanolizeta\n|c| Franko159|le tiene miedo a hurricane\n|\n|t:|1700772871\n|switch|p2a: Slowking|Slowking, F|99\/100\n|turn|21\n|\n|t:|1700772875\n|-terastallize|p2a: Slowking|Fairy\n|move|p1a: Zapdos|Volt Switch|p2a: Slowking\n|-damage|p2a: Slowking|76\/100\n|c|\u26060rTheSpecial0ne\u203d|interesante\n|\n|t:|1700772884\n|switch|p1a: Great Tusk|Great Tusk, shiny|33\/100|[from] Volt Switch\n|move|p2a: Slowking|Future Sight|p1a: Great Tusk\n|-start|p2a: Slowking|move: Future Sight\n|\n|upkeep\n|turn|22\n|inactive|Argavieso Travieso has 90 seconds left.\n|c|\u2606Argavieso Travieso|Gente, no estoy mirando el chat, lo siento\n|inactive|Argavieso Travieso has 60 seconds left.\n|\n|t:|1700772935\n|move|p1a: Great Tusk|Earthquake|p2a: Slowking\n|-damage|p2a: Slowking|29\/100\n|move|p2a: Slowking|Scald|p1a: Great Tusk\n|-supereffective|p1a: Great Tusk\n|-crit|p1a: Great Tusk\n|-damage|p1a: Great Tusk|0 fnt\n|faint|p1a: Great Tusk\n|-end|p1a: Great Tusk|Protosynthesis|[silent]\n|\n|upkeep\n|\n|t:|1700772942\n|switch|p1a: Zapdos|Zapdos, shiny|70\/100\n|-ability|p1a: Zapdos|Pressure\n|turn|23\n|inactive|Argavieso Travieso has 60 seconds left.\n|\n|t:|1700772957\n|switch|p2a: Zapdos|Zapdos|100\/100\n|move|p1a: Zapdos|Roost|p1a: Zapdos\n|-heal|p1a: Zapdos|100\/100\n|-singleturn|p1a: Zapdos|move: Roost\n|\n|-end|p1a: Zapdos|move: Future Sight\n|-damage|p1a: Zapdos|59\/100\n|upkeep\n|turn|24\n|inactive|Argavieso Travieso has 60 seconds left.\n|\n|t:|1700772966\n|move|p2a: Zapdos|Volt Switch|p1a: Zapdos\n|-crit|p1a: Zapdos\n|-damage|p1a: Zapdos|9\/100\n|inactive|Argavieso Travieso has 60 seconds left.\n|c| Franko159|esa hax\n|\n|t:|1700772977\n|switch|p2a: Amoonguss|Amoonguss, M|100\/100|[from] Volt Switch\n|move|p1a: Zapdos|Volt Switch|p2a: Amoonguss\n|-resisted|p2a: Amoonguss\n|-damage|p2a: Amoonguss|85\/100\n|\n|t:|1700772980\n|switch|p1a: Cresselia|Cresselia, F, shiny, tera:Poison|86\/100|[from] Volt Switch\n|\n|-heal|p1a: Cresselia|92\/100|[from] item: Leftovers\n|upkeep\n|turn|25\n|\n|t:|1700772989\n|switch|p1a: Zapdos|Zapdos, shiny|9\/100\n|-ability|p1a: Zapdos|Pressure\n|move|p2a: Amoonguss|Spore|p1a: Zapdos\n|-status|p1a: Zapdos|slp|[from] move: Spore\n|\n|upkeep\n|turn|26\n|c| Franko159|creo que no tiene counter para cresselia\n|c|\u26060rTheSpecial0ne\u203d|jajajajajajajajajajajajjajajaja\n|\n|t:|1700773000\n|switch|p1a: Cresselia|Cresselia, F, shiny, tera:Poison|92\/100\n|move|p2a: Amoonguss|Sludge Bomb|p1a: Cresselia\n|-resisted|p1a: Cresselia\n|-damage|p1a: Cresselia|84\/100\n|\n|-heal|p1a: Cresselia|90\/100|[from] item: Leftovers\n|upkeep\n|turn|27\n|c|\u26060rTheSpecial0ne\u203d|ya fu\u00e9\n|c|\u26060rTheSpecial0ne\u203d|gg\n|inactive|Argavieso Travieso has 60 seconds left.\n|c|\u2606Argavieso Travieso|Qui\u00e9n gana a qui\u00e9n seg\u00fan t\u00fa?\n|c|\u2606Argavieso Travieso|Cresselia est\u00e1 en medio\n|c|\u2606Argavieso Travieso|No s\u00e9 quit\u00e1rmela\n|inactive|Argavieso Travieso has 30 seconds left.\n|inactive|Argavieso Travieso has 20 seconds left.\n|c|\u26060rTheSpecial0ne\u203d|quien podia contra ella\n|inactive|Argavieso Travieso has 15 seconds left.\n|c|\u26060rTheSpecial0ne\u203d|ya est\u00e1 muerto\n|inactive|Argavieso Travieso has 10 seconds left.\n|\n|t:|1700773071\n|switch|p2a: Slowking|Slowking, F, tera:Fairy|62\/100\n|move|p1a: Cresselia|Calm Mind|p1a: Cresselia\n|-boost|p1a: Cresselia|spa|1\n|-boost|p1a: Cresselia|spd|1\n|\n|-heal|p1a: Cresselia|96\/100|[from] item: Leftovers\n|upkeep\n|turn|28\n|inactive|Argavieso Travieso has 20 seconds left this turn.\n|inactive|Argavieso Travieso has 15 seconds left.\n|inactive|Argavieso Travieso has 10 seconds left.\n|c|\u26060rTheSpecial0ne\u203d|revela psyshock\n|\n|t:|1700773082\n|move|p1a: Cresselia|Calm Mind|p1a: Cresselia\n|-boost|p1a: Cresselia|spa|1\n|-boost|p1a: Cresselia|spd|1\n|move|p2a: Slowking|Future Sight|p1a: Cresselia\n|-start|p2a: Slowking|move: Future Sight\n|\n|-heal|p1a: Cresselia|100\/100|[from] item: Leftovers\n|upkeep\n|turn|29\n|inactive|Argavieso Travieso has 20 seconds left this turn.\n|inactive|Argavieso Travieso has 15 seconds left.\n|\n|t:|1700773091\n|move|p1a: Cresselia|Calm Mind|p1a: Cresselia\n|-boost|p1a: Cresselia|spa|1\n|-boost|p1a: Cresselia|spd|1\n|move|p2a: Slowking|Scald|p1a: Cresselia\n|-damage|p1a: Cresselia|94\/100\n|\n|-heal|p1a: Cresselia|99\/100|[from] item: Leftovers\n|upkeep\n|turn|30\n|inactive|Argavieso Travieso has 25 seconds left this turn.\n|c| Franko159|por no llevar psyshock\n|\n|t:|1700773096\n|move|p1a: Cresselia|Calm Mind|p1a: Cresselia\n|-boost|p1a: Cresselia|spa|1\n|-boost|p1a: Cresselia|spd|1\n|move|p2a: Slowking|Scald|p1a: Cresselia\n|-damage|p1a: Cresselia|93\/100\n|\n|-end|p1a: Cresselia|move: Future Sight\n|-supereffective|p1a: Cresselia\n|-damage|p1a: Cresselia|75\/100\n|-heal|p1a: Cresselia|81\/100|[from] item: Leftovers\n|upkeep\n|turn|31\n|inactive|Argavieso Travieso has 30 seconds left.\n|c|\u2606Argavieso Travieso|Una pena\n|c|\u2606Argavieso Travieso|Gg\n|inactive|Argavieso Travieso has 20 seconds left.\n|\n|t:|1700773115\n|move|p1a: Cresselia|Calm Mind|p1a: Cresselia\n|-boost|p1a: Cresselia|spa|1\n|-boost|p1a: Cresselia|spd|1\n|move|p2a: Slowking|Future Sight|p1a: Cresselia\n|-start|p2a: Slowking|move: Future Sight\n|\n|-heal|p1a: Cresselia|87\/100|[from] item: Leftovers\n|upkeep\n|turn|32\n|inactive|Argavieso Travieso has 30 seconds left this turn.\n|l|+Diegogris\n|\n|t:|1700773123\n|switch|p2a: Zamazenta|Zamazenta|100\/100\n|move|p1a: Cresselia|Stored Power|p2a: Zamazenta\n|-supereffective|p2a: Zamazenta\n|-damage|p2a: Zamazenta|0 fnt\n|faint|p2a: Zamazenta\n|\n|-heal|p1a: Cresselia|93\/100|[from] item: Leftovers\n|upkeep\n|inactive|Argavieso Travieso has 30 seconds left this turn.\n|inactive|Argavieso Travieso has 20 seconds left.\n|c| Franko159|no es gg, aun quedan los golpes criticos\n|c|\u2606Argavieso Travieso|Qu\u00e9 ascazo\n|inactive|Argavieso Travieso has 15 seconds left.\n|inactive|Argavieso Travieso has 10 seconds left.\n|inactive|Argavieso Travieso has 5 seconds left.\n|\n|t:|1700773149\n|switch|p2a: Slowking|Slowking, F, tera:Fairy|95\/100\n|turn|33\n|inactive|Argavieso Travieso has 15 seconds left this turn.\n|inactive|Argavieso Travieso has 10 seconds left.\n|\n|t:|1700773159\n|move|p1a: Cresselia|Stored Power|p2a: Slowking\n|-damage|p2a: Slowking|0 fnt\n|faint|p2a: Slowking\n|\n|-end|p1a: Cresselia|move: Future Sight\n|-supereffective|p1a: Cresselia\n|-damage|p1a: Cresselia|78\/100\n|-heal|p1a: Cresselia|84\/100|[from] item: Leftovers\n|upkeep\n|inactive|Argavieso Travieso has 15 seconds left this turn.\n|\n|t:|1700773160\n|switch|p2a: Amoonguss|Amoonguss, M|100\/100\n|turn|34\n|inactive|Argavieso Travieso has 25 seconds left this turn.\n|c| Franko159|f\n|j| Basss14\n|j|@will of lips\n|\n|t:|1700773169\n|move|p1a: Cresselia|Stored Power|p2a: Amoonguss\n|-supereffective|p2a: Amoonguss\n|-damage|p2a: Amoonguss|0 fnt\n|faint|p2a: Amoonguss\n|\n|-heal|p1a: Cresselia|90\/100|[from] item: Leftovers\n|upkeep\n|inactive|Argavieso Travieso has 30 seconds left this turn.\n|\n|t:|1700773171\n|switch|p2a: Zapdos|Zapdos|100\/100\n|turn|35\n|c|\u26060rTheSpecial0ne\u203d|ya entendiste\n|l|@will of lips\n|c|\u26060rTheSpecial0ne\u203d|el efecto bola de nieve?\n|c|\u2606Argavieso Travieso|Efecto boostear\n|\n|t:|1700773190\n|move|p2a: Zapdos|Hurricane|p1a: Cresselia\n|-damage|p1a: Cresselia|80\/100\n|move|p1a: Cresselia|Stored Power|p2a: Zapdos\n|-damage|p2a: Zapdos|0 fnt\n|faint|p2a: Zapdos\n|\n|win|0rTheSpecial0ne\u203d\n|n|\u26060rTheSpecial0ne\u203d|0rthespecial0ne\n|n|\u2606Argavieso Travieso|argaviesotravieso\n|n| Franko159|franko159\n|n| Kiramager|kiramager\n|n| Basss14|basss14\n","uploadtime":1700773192,"views":5,"p1id":"0rthespecial0ne","p2id":"argaviesotravieso","formatid":"gen9ou","rating":0,"private":0,"password":""}