{"id":"gen9ou-1991439395","p1":"Windu2000","p2":"Somerandomguy024","format":"[Gen 9] OU","log":"|j|\u2606Windu2000\n|j|\u2606Somerandomguy024\n|inactive|Battle timer is ON: inactive players will automatically lose when time's up.\n|t:|1700077208\n|gametype|singles\n|player|p1|Windu2000|pokemaniac|\n|player|p2|Somerandomguy024|102|\n|teamsize|p1|5\n|teamsize|p2|5\n|gen|9\n|tier|[Gen 9] OU\n|rated|Tournament battle\n|rule|Sleep Clause Mod: Limit one foe put to sleep\n|rule|Species Clause: Limit one of each Pok\u00e9mon\n|rule|OHKO Clause: OHKO moves are banned\n|rule|Evasion Items Clause: Evasion items are banned\n|rule|Evasion Moves Clause: Evasion moves are banned\n|rule|Endless Battle Clause: Forcing endless battles is banned\n|rule|HP Percentage Mod: HP is shown in percentages\n|clearpoke\n|poke|p1|Crawdaunt, F|\n|poke|p1|Garganacl, M|\n|poke|p1|Maushold-Four|\n|poke|p1|Milotic, M|\n|poke|p1|Toxtricity, M|\n|poke|p2|Electrode-Hisui|\n|poke|p2|Sawsbuck, M|\n|poke|p2|Charizard, M|\n|poke|p2|Dudunsparce-*, F|\n|poke|p2|Chandelure, F|\n|teampreview\n|j|*Lady Monita \u2746\n|inactive|Somerandomguy024 also wants the timer to be on.\n|j| HunterBear4\n|\n|t:|1700077220\n|start\n|switch|p1a: Garganacl|Garganacl, M|100\/100\n|switch|p2a: Dudunsparce|Dudunsparce-Three-Segment, F|100\/100\n|turn|1\n|\n|t:|1700077230\n|move|p2a: Dudunsparce|Body Slam|p1a: Garganacl\n|-resisted|p1a: Garganacl\n|-damage|p1a: Garganacl|90\/100\n|move|p1a: Garganacl|Stealth Rock|p2a: Dudunsparce\n|-sidestart|p2: Somerandomguy024|move: Stealth Rock\n|\n|-heal|p1a: Garganacl|97\/100|[from] item: Leftovers\n|upkeep\n|turn|2\n|\n|t:|1700077235\n|move|p2a: Dudunsparce|Body Slam|p1a: Garganacl\n|-resisted|p1a: Garganacl\n|-damage|p1a: Garganacl|85\/100\n|move|p1a: Garganacl|Curse|p1a: Garganacl\n|-unboost|p1a: Garganacl|spe|1\n|-boost|p1a: Garganacl|atk|1\n|-boost|p1a: Garganacl|def|1\n|\n|-heal|p1a: Garganacl|92\/100|[from] item: Leftovers\n|upkeep\n|turn|3\n|j| Yeet259\n|\n|t:|1700077241\n|move|p2a: Dudunsparce|Coil|p2a: Dudunsparce\n|-boost|p2a: Dudunsparce|atk|1\n|-boost|p2a: Dudunsparce|def|1\n|-boost|p2a: Dudunsparce|accuracy|1\n|move|p1a: Garganacl|Salt Cure|p2a: Dudunsparce\n|-damage|p2a: Dudunsparce|87\/100\n|-start|p2a: Dudunsparce|Salt Cure\n|\n|-heal|p1a: Garganacl|98\/100|[from] item: Leftovers\n|-damage|p2a: Dudunsparce|75\/100|[from] Salt Cure\n|upkeep\n|turn|4\n|\n|t:|1700077245\n|move|p2a: Dudunsparce|Coil|p2a: Dudunsparce\n|-boost|p2a: Dudunsparce|atk|1\n|-boost|p2a: Dudunsparce|def|1\n|-boost|p2a: Dudunsparce|accuracy|1\n|move|p1a: Garganacl|Curse|p1a: Garganacl\n|-unboost|p1a: Garganacl|spe|1\n|-boost|p1a: Garganacl|atk|1\n|-boost|p1a: Garganacl|def|1\n|\n|-heal|p1a: Garganacl|100\/100|[from] item: Leftovers\n|-damage|p2a: Dudunsparce|63\/100|[from] Salt Cure\n|upkeep\n|turn|5\n|\n|t:|1700077253\n|move|p2a: Dudunsparce|Coil|p2a: Dudunsparce\n|-boost|p2a: Dudunsparce|atk|1\n|-boost|p2a: Dudunsparce|def|1\n|-boost|p2a: Dudunsparce|accuracy|1\n|move|p1a: Garganacl|Curse|p1a: Garganacl\n|-unboost|p1a: Garganacl|spe|1\n|-boost|p1a: Garganacl|atk|1\n|-boost|p1a: Garganacl|def|1\n|\n|-damage|p2a: Dudunsparce|50\/100|[from] Salt Cure\n|upkeep\n|turn|6\n|j| Whammerist\n|\n|t:|1700077259\n|move|p2a: Dudunsparce|Body Slam|p1a: Garganacl\n|-resisted|p1a: Garganacl\n|-damage|p1a: Garganacl|90\/100\n|move|p1a: Garganacl|Curse|p1a: Garganacl\n|-unboost|p1a: Garganacl|spe|1\n|-boost|p1a: Garganacl|atk|1\n|-boost|p1a: Garganacl|def|1\n|\n|-heal|p1a: Garganacl|96\/100|[from] item: Leftovers\n|-damage|p2a: Dudunsparce|38\/100|[from] Salt Cure\n|upkeep\n|turn|7\n|\n|t:|1700077267\n|move|p2a: Dudunsparce|Rest|p2a: Dudunsparce\n|-status|p2a: Dudunsparce|slp|[from] move: Rest\n|-heal|p2a: Dudunsparce|100\/100 slp|[silent]\n|-enditem|p2a: Dudunsparce|Chesto Berry|[eat]\n|-curestatus|p2a: Dudunsparce|slp|[msg]\n|move|p1a: Garganacl|Salt Cure|p2a: Dudunsparce\n|-damage|p2a: Dudunsparce|85\/100\n|\n|-heal|p1a: Garganacl|100\/100|[from] item: Leftovers\n|-damage|p2a: Dudunsparce|73\/100|[from] Salt Cure\n|upkeep\n|turn|8\n|\n|t:|1700077277\n|move|p2a: Dudunsparce|Body Slam|p1a: Garganacl\n|-resisted|p1a: Garganacl\n|-damage|p1a: Garganacl|91\/100\n|move|p1a: Garganacl|Salt Cure|p2a: Dudunsparce\n|-damage|p2a: Dudunsparce|58\/100\n|\n|-heal|p1a: Garganacl|97\/100|[from] item: Leftovers\n|-damage|p2a: Dudunsparce|45\/100|[from] Salt Cure\n|upkeep\n|turn|9\n|\n|t:|1700077286\n|move|p2a: Dudunsparce|Rest|p2a: Dudunsparce\n|-status|p2a: Dudunsparce|slp|[from] move: Rest\n|-heal|p2a: Dudunsparce|100\/100 slp|[silent]\n|move|p1a: Garganacl|Salt Cure|p2a: Dudunsparce\n|-damage|p2a: Dudunsparce|85\/100 slp\n|\n|-heal|p1a: Garganacl|100\/100|[from] item: Leftovers\n|-damage|p2a: Dudunsparce|73\/100 slp|[from] Salt Cure\n|upkeep\n|turn|10\n|\n|t:|1700077297\n|switch|p2a: Electrode|Electrode-Hisui|100\/100\n|-damage|p2a: Electrode|88\/100|[from] Stealth Rock\n|move|p1a: Garganacl|Salt Cure|p2a: Electrode\n|-damage|p2a: Electrode|2\/100\n|-start|p2a: Electrode|Salt Cure\n|\n|-damage|p2a: Electrode|0 fnt|[from] Salt Cure\n|faint|p2a: Electrode\n|upkeep\n|\n|t:|1700077304\n|switch|p2a: Chandelure|Chandelure, F|100\/100\n|-damage|p2a: Chandelure|76\/100|[from] Stealth Rock\n|turn|11\n|\n|t:|1700077319\n|-terastallize|p2a: Chandelure|Ghost\n|move|p2a: Chandelure|Will-O-Wisp|p1a: Garganacl|[miss]\n|-miss|p2a: Chandelure|p1a: Garganacl\n|move|p1a: Garganacl|Salt Cure|p2a: Chandelure\n|-damage|p2a: Chandelure|16\/100\n|-start|p2a: Chandelure|Salt Cure\n|\n|-damage|p2a: Chandelure|4\/100|[from] Salt Cure\n|upkeep\n|turn|12\n|\n|t:|1700077329\n|move|p2a: Chandelure|Will-O-Wisp|p1a: Garganacl\n|-immune|p1a: Garganacl|[from] ability: Purifying Salt\n|move|p1a: Garganacl|Recover||[still]\n|-fail|p1a: Garganacl|heal\n|\n|-damage|p2a: Chandelure|0 fnt|[from] Salt Cure\n|faint|p2a: Chandelure\n|upkeep\n|\n|t:|1700077336\n|switch|p2a: Charizard|Charizard, M|100\/100\n|turn|13\n|\n|t:|1700077339\n|move|p2a: Charizard|Earthquake|p1a: Garganacl\n|-supereffective|p1a: Garganacl\n|-damage|p1a: Garganacl|90\/100\n|move|p1a: Garganacl|Salt Cure|p2a: Charizard\n|-supereffective|p2a: Charizard\n|-damage|p2a: Charizard|0 fnt\n|faint|p2a: Charizard\n|\n|-heal|p1a: Garganacl|96\/100|[from] item: Leftovers\n|upkeep\n|\n|t:|1700077343\n|switch|p2a: Sawsbuck|Sawsbuck, M|100\/100\n|-damage|p2a: Sawsbuck|88\/100|[from] Stealth Rock\n|turn|14\n|\n|t:|1700077346\n|move|p2a: Sawsbuck|Horn Leech|p1a: Garganacl\n|-supereffective|p1a: Garganacl\n|-damage|p1a: Garganacl|80\/100\n|-heal|p2a: Sawsbuck|99\/100|[from] drain|[of] p1a: Garganacl\n|-damage|p2a: Sawsbuck|89\/100|[from] item: Life Orb\n|move|p1a: Garganacl|Salt Cure|p2a: Sawsbuck\n|-damage|p2a: Sawsbuck|29\/100\n|-start|p2a: Sawsbuck|Salt Cure\n|\n|-heal|p1a: Garganacl|87\/100|[from] item: Leftovers\n|-damage|p2a: Sawsbuck|17\/100|[from] Salt Cure\n|upkeep\n|turn|15\n|\n|t:|1700077352\n|move|p2a: Sawsbuck|Horn Leech|p1a: Garganacl\n|-supereffective|p1a: Garganacl\n|-damage|p1a: Garganacl|71\/100\n|-heal|p2a: Sawsbuck|28\/100|[from] drain|[of] p1a: Garganacl\n|-damage|p2a: Sawsbuck|18\/100|[from] item: Life Orb\n|move|p1a: Garganacl|Curse|p1a: Garganacl\n|-unboost|p1a: Garganacl|spe|1\n|-boost|p1a: Garganacl|atk|1\n|-boost|p1a: Garganacl|def|1\n|\n|-heal|p1a: Garganacl|77\/100|[from] item: Leftovers\n|-damage|p2a: Sawsbuck|6\/100|[from] Salt Cure\n|upkeep\n|turn|16\n|c|\u2606Somerandomguy024|gg i only had physical attackers\n|c|\u2606Windu2000|gg\n|\n|t:|1700077364\n|move|p2a: Sawsbuck|Horn Leech|p1a: Garganacl\n|-supereffective|p1a: Garganacl\n|-damage|p1a: Garganacl|63\/100\n|-heal|p2a: Sawsbuck|15\/100|[from] drain|[of] p1a: Garganacl\n|-damage|p2a: Sawsbuck|5\/100|[from] item: Life Orb\n|move|p1a: Garganacl|Curse|p1a: Garganacl\n|-unboost|p1a: Garganacl|spe|1\n|-boost|p1a: Garganacl|atk|1\n|-boost|p1a: Garganacl|def|1\n|\n|-heal|p1a: Garganacl|69\/100|[from] item: Leftovers\n|-damage|p2a: Sawsbuck|0 fnt|[from] Salt Cure\n|faint|p2a: Sawsbuck\n|upkeep\n|\n|t:|1700077367\n|switch|p2a: Dudunsparce|Dudunsparce-Three-Segment, F|73\/100 slp\n|-damage|p2a: Dudunsparce|61\/100 slp|[from] Stealth Rock\n|turn|17\n|\n|t:|1700077370\n|cant|p2a: Dudunsparce|slp\n|move|p2a: Dudunsparce|Sleep Talk|p2a: Dudunsparce\n|move|p2a: Dudunsparce|Body Slam|p1a: Garganacl|[from]move: Sleep Talk\n|-resisted|p1a: Garganacl\n|-damage|p1a: Garganacl|66\/100\n|move|p1a: Garganacl|Salt Cure|p2a: Dudunsparce\n|-damage|p2a: Dudunsparce|8\/100 slp\n|-start|p2a: Dudunsparce|Salt Cure\n|\n|-heal|p1a: Garganacl|73\/100|[from] item: Leftovers\n|-damage|p2a: Dudunsparce|0 fnt|[from] Salt Cure\n|faint|p2a: Dudunsparce\n|\n|win|Windu2000\n|upkeep\n|n|\u2606Windu2000|windu2000\n|n|\u2606Somerandomguy024|somerandomguy024\n|n|*Lady Monita \u2746|ladymonita\n|n| HunterBear4|hunterbear4\n|n| Yeet259|yeet259\n|n| Whammerist|whammerist\n","uploadtime":1700077371,"views":7,"p1id":"windu2000","p2id":"somerandomguy024","formatid":"gen9ou","rating":0,"private":0,"password":""}