{"id":"gen9ou-1989616555","p1":"JachiMalz","p2":"WarBearJC","format":"[Gen 9] OU","log":"|j|\u2606JachiMalz\n|j|\u2606WarBearJC\n|t:|1699879312\n|gametype|singles\n|player|p1|JachiMalz|clerk|1450\n|player|p2|WarBearJC|brock|1353\n|teamsize|p1|6\n|teamsize|p2|6\n|gen|9\n|tier|[Gen 9] OU\n|rated|\n|rule|Sleep Clause Mod: Limit one foe put to sleep\n|rule|Species Clause: Limit one of each Pok\u00e9mon\n|rule|OHKO Clause: OHKO moves are banned\n|rule|Evasion Items Clause: Evasion items are banned\n|rule|Evasion Moves Clause: Evasion moves are banned\n|rule|Endless Battle Clause: Forcing endless battles is banned\n|rule|HP Percentage Mod: HP is shown in percentages\n|clearpoke\n|poke|p1|Gholdengo|\n|poke|p1|Sandy Shocks|\n|poke|p1|Cinderace, M|\n|poke|p1|Iron Valiant|\n|poke|p1|Ogerpon-Cornerstone, F|\n|poke|p1|Torkoal, M|\n|poke|p2|Iron Treads|\n|poke|p2|Zapdos|\n|poke|p2|Dragonite, M|\n|poke|p2|Shiftry, F|\n|poke|p2|Zamazenta-*|\n|poke|p2|Grafaiai, M|\n|teampreview\n|inactive|Battle timer is ON: inactive players will automatically lose when time's up. (requested by WarBearJC)\n|\n|t:|1699879326\n|start\n|switch|p1a: Cinderace|Cinderace, M|100\/100\n|switch|p2a: Zapdos|Zapdos|100\/100\n|turn|1\n|\n|t:|1699879337\n|move|p1a: Cinderace|Pyro Ball|p2a: Zapdos\n|-damage|p2a: Zapdos|31\/100\n|move|p2a: Zapdos|Tailwind|p2a: Zapdos\n|-sidestart|p2: WarBearJC|move: Tailwind\n|\n|upkeep\n|turn|2\n|\n|t:|1699879341\n|move|p2a: Zapdos|Volt Switch|p1a: Cinderace\n|-damage|p1a: Cinderace|47\/100\n|\n|t:|1699879350\n|switch|p2a: Dragonite|Dragonite, M|100\/100|[from] Volt Switch\n|move|p1a: Cinderace|Pyro Ball|p2a: Dragonite\n|-resisted|p2a: Dragonite\n|-damage|p2a: Dragonite|86\/100\n|-status|p2a: Dragonite|brn\n|\n|-damage|p2a: Dragonite|79\/100 brn|[from] brn\n|upkeep\n|turn|3\n|c|\u2606WarBearJC|Ah cmon\n|\n|t:|1699879358\n|switch|p1a: Ogerpon|Ogerpon-Cornerstone, F|100\/100\n|move|p2a: Dragonite|Earthquake|p1a: Ogerpon\n|-damage|p1a: Ogerpon|75\/100\n|\n|-damage|p2a: Dragonite|73\/100 brn|[from] brn\n|upkeep\n|turn|4\n|\n|t:|1699879361\n|move|p1a: Ogerpon|Ivy Cudgel|p2a: Dragonite\n|-supereffective|p2a: Dragonite\n|-damage|p2a: Dragonite|0 fnt\n|faint|p2a: Dragonite\n|\n|-sideend|p2: WarBearJC|move: Tailwind\n|upkeep\n|\n|t:|1699879371\n|switch|p2a: Zamazenta|Zamazenta|100\/100\n|-ability|p2a: Zamazenta|Dauntless Shield|boost\n|-boost|p2a: Zamazenta|def|1\n|turn|5\n|\n|t:|1699879377\n|switch|p1a: Iron Valiant|Iron Valiant|100\/100\n|-enditem|p1a: Iron Valiant|Booster Energy\n|-activate|p1a: Iron Valiant|ability: Quark Drive|[fromitem]\n|-start|p1a: Iron Valiant|quarkdrivespe\n|move|p2a: Zamazenta|Crunch|p1a: Iron Valiant\n|-resisted|p1a: Iron Valiant\n|-damage|p1a: Iron Valiant|94\/100\n|\n|upkeep\n|turn|6\n|\n|t:|1699879385\n|-terastallize|p2a: Zamazenta|Fairy\n|move|p1a: Iron Valiant|Swords Dance|p1a: Iron Valiant\n|-boost|p1a: Iron Valiant|atk|2\n|-enditem|p2a: Zamazenta|Mirror Herb\n|-boost|p2a: Zamazenta|atk|2|[from] item: Mirror Herb\n|move|p2a: Zamazenta|Moonblast|p1a: Iron Valiant\n|-supereffective|p1a: Iron Valiant\n|-damage|p1a: Iron Valiant|0 fnt\n|faint|p1a: Iron Valiant\n|-end|p1a: Iron Valiant|Quark Drive|[silent]\n|\n|upkeep\n|\n|t:|1699879394\n|switch|p1a: Gholdengo|Gholdengo|100\/100\n|turn|7\n|\n|t:|1699879396\n|move|p2a: Zamazenta|Crunch|p1a: Gholdengo\n|-supereffective|p1a: Gholdengo\n|-damage|p1a: Gholdengo|0 fnt\n|faint|p1a: Gholdengo\n|\n|upkeep\n|\n|t:|1699879403\n|switch|p1a: Torkoal|Torkoal, M|100\/100\n|-weather|SunnyDay|[from] ability: Drought|[of] p1a: Torkoal\n|turn|8\n|\n|t:|1699879407\n|move|p2a: Zamazenta|Moonblast|p1a: Torkoal\n|-resisted|p1a: Torkoal\n|-damage|p1a: Torkoal|85\/100\n|-unboost|p1a: Torkoal|spa|1\n|move|p1a: Torkoal|Lava Plume|p2a: Zamazenta\n|-damage|p2a: Zamazenta|75\/100\n|\n|-weather|SunnyDay|[upkeep]\n|upkeep\n|turn|9\n|\n|t:|1699879417\n|move|p2a: Zamazenta|Body Press|p1a: Torkoal\n|-damage|p1a: Torkoal|51\/100\n|move|p1a: Torkoal|Lava Plume|p2a: Zamazenta\n|-damage|p2a: Zamazenta|49\/100\n|\n|-weather|SunnyDay|[upkeep]\n|upkeep\n|turn|10\n|\n|t:|1699879424\n|move|p2a: Zamazenta|Crunch|p1a: Torkoal\n|-damage|p1a: Torkoal|26\/100\n|move|p1a: Torkoal|Lava Plume|p2a: Zamazenta\n|-damage|p2a: Zamazenta|25\/100\n|\n|-weather|SunnyDay|[upkeep]\n|upkeep\n|turn|11\n|\n|t:|1699879429\n|move|p2a: Zamazenta|Body Press|p1a: Torkoal\n|-damage|p1a: Torkoal|0 fnt\n|faint|p1a: Torkoal\n|\n|-weather|SunnyDay|[upkeep]\n|upkeep\n|\n|t:|1699879430\n|switch|p1a: Cinderace|Cinderace, M|47\/100\n|turn|12\n|\n|t:|1699879437\n|move|p1a: Cinderace|Pyro Ball|p2a: Zamazenta|[miss]\n|-miss|p1a: Cinderace|p2a: Zamazenta\n|move|p2a: Zamazenta|Body Press|p1a: Cinderace\n|-damage|p1a: Cinderace|0 fnt\n|faint|p1a: Cinderace\n|\n|-weather|none\n|upkeep\n|\n|t:|1699879442\n|switch|p1a: Sandy Shocks|Sandy Shocks|100\/100\n|-enditem|p1a: Sandy Shocks|Booster Energy\n|-activate|p1a: Sandy Shocks|ability: Protosynthesis|[fromitem]\n|-start|p1a: Sandy Shocks|protosynthesisspe\n|turn|13\n|\n|t:|1699879446\n|move|p1a: Sandy Shocks|Earth Power|p2a: Zamazenta\n|-damage|p2a: Zamazenta|0 fnt\n|faint|p2a: Zamazenta\n|\n|upkeep\n|\n|t:|1699879450\n|switch|p2a: Zapdos|Zapdos|31\/100\n|turn|14\n|\n|t:|1699879453\n|move|p1a: Sandy Shocks|Thunderbolt|p2a: Zapdos\n|-damage|p2a: Zapdos|0 fnt\n|faint|p2a: Zapdos\n|\n|upkeep\n|\n|t:|1699879461\n|switch|p2a: Iron Treads|Iron Treads|100\/100\n|turn|15\n|\n|t:|1699879465\n|-terastallize|p1a: Sandy Shocks|Flying\n|move|p1a: Sandy Shocks|Earth Power|p2a: Iron Treads\n|-supereffective|p2a: Iron Treads\n|-damage|p2a: Iron Treads|52\/100\n|-unboost|p2a: Iron Treads|spd|1\n|move|p2a: Iron Treads|Earthquake|p1a: Sandy Shocks\n|-immune|p1a: Sandy Shocks\n|\n|upkeep\n|turn|16\n|\n|t:|1699879473\n|-end|p2a: Iron Treads|Quark Drive|[silent]\n|switch|p2a: Shiftry|Shiftry, F|100\/100\n|move|p1a: Sandy Shocks|Earth Power|p2a: Shiftry\n|-resisted|p2a: Shiftry\n|-damage|p2a: Shiftry|67\/100\n|\n|upkeep\n|turn|17\n|\n|t:|1699879476\n|move|p2a: Shiftry|Fake Out|p1a: Sandy Shocks\n|-damage|p1a: Sandy Shocks|87\/100\n|cant|p1a: Sandy Shocks|flinch\n|\n|upkeep\n|turn|18\n|\n|t:|1699879479\n|move|p1a: Sandy Shocks|Tera Blast|p2a: Shiftry|[anim] Tera Blast Flying\n|-supereffective|p2a: Shiftry\n|-damage|p2a: Shiftry|0 fnt\n|faint|p2a: Shiftry\n|\n|upkeep\n|\n|t:|1699879487\n|switch|p2a: Iron Treads|Iron Treads|52\/100\n|turn|19\n|\n|t:|1699879491\n|move|p1a: Sandy Shocks|Earth Power|p2a: Iron Treads\n|-supereffective|p2a: Iron Treads\n|-damage|p2a: Iron Treads|2\/100\n|move|p2a: Iron Treads|Ice Spinner|p1a: Sandy Shocks\n|-supereffective|p1a: Sandy Shocks\n|-damage|p1a: Sandy Shocks|41\/100\n|\n|upkeep\n|turn|20\n|\n|t:|1699879496\n|move|p1a: Sandy Shocks|Earth Power|p2a: Iron Treads\n|-supereffective|p2a: Iron Treads\n|-damage|p2a: Iron Treads|0 fnt\n|faint|p2a: Iron Treads\n|-end|p2a: Iron Treads|Quark Drive|[silent]\n|\n|upkeep\n|\n|t:|1699879498\n|switch|p2a: Grafaiai|Grafaiai, M|100\/100\n|turn|21\n|\n|t:|1699879501\n|move|p1a: Sandy Shocks|Earth Power|p2a: Grafaiai\n|-supereffective|p2a: Grafaiai\n|-enditem|p2a: Grafaiai|Focus Sash\n|-damage|p2a: Grafaiai|1\/100\n|move|p2a: Grafaiai|Knock Off|p1a: Sandy Shocks\n|-damage|p1a: Sandy Shocks|19\/100\n|\n|upkeep\n|turn|22\n|\n|t:|1699879507\n|move|p2a: Grafaiai|Knock Off|p1a: Sandy Shocks\n|-damage|p1a: Sandy Shocks|0 fnt\n|faint|p1a: Sandy Shocks\n|-end|p1a: Sandy Shocks|Protosynthesis|[silent]\n|\n|upkeep\n|\n|t:|1699879515\n|switch|p1a: Ogerpon|Ogerpon-Cornerstone, F|75\/100\n|turn|23\n|\n|t:|1699879516\n|move|p2a: Grafaiai|Low Kick|p1a: Ogerpon\n|-supereffective|p1a: Ogerpon\n|-damage|p1a: Ogerpon|34\/100\n|move|p1a: Ogerpon|Ivy Cudgel|p2a: Grafaiai\n|-damage|p2a: Grafaiai|0 fnt\n|faint|p2a: Grafaiai\n|\n|win|JachiMalz\n|raw|JachiMalz's rating: 1450 &rarr; <strong>1465<\/strong><br \/>(+15 for winning)\n|raw|WarBearJC's rating: 1353 &rarr; <strong>1338<\/strong><br \/>(-15 for losing)\n","uploadtime":1699879527,"views":25,"p1id":"jachimalz","p2id":"warbearjc","formatid":"gen9ou","rating":1338,"private":0,"password":""}