{"id":"gen9ou-1991882687","p1":"liaoya","p2":"rocky012","format":"[Gen 9] OU","log":"|j|\u2606liaoya\n|j|\u2606rocky012\n|t:|1700133171\n|gametype|singles\n|player|p1|liaoya|petrel|1459\n|player|p2|rocky012|266|1539\n|teamsize|p1|6\n|teamsize|p2|6\n|gen|9\n|tier|[Gen 9] OU\n|rated|\n|rule|Sleep Clause Mod: Limit one foe put to sleep\n|rule|Species Clause: Limit one of each Pok\u00e9mon\n|rule|OHKO Clause: OHKO moves are banned\n|rule|Evasion Items Clause: Evasion items are banned\n|rule|Evasion Moves Clause: Evasion moves are banned\n|rule|Endless Battle Clause: Forcing endless battles is banned\n|rule|HP Percentage Mod: HP is shown in percentages\n|clearpoke\n|poke|p1|Drifblim, M|\n|poke|p1|Garganacl, M|\n|poke|p1|Umbreon, M|\n|poke|p1|Rotom-Wash|\n|poke|p1|Glimmora, F|\n|poke|p1|Espeon, F|\n|poke|p2|Kingambit, M|\n|poke|p2|Great Tusk|\n|poke|p2|Dragapult, M|\n|poke|p2|Ogerpon-Wellspring, F|\n|poke|p2|Blissey, F|\n|poke|p2|Zapdos|\n|teampreview\n|inactive|Battle timer is ON: inactive players will automatically lose when time's up. (requested by liaoya)\n|\n|t:|1700133182\n|start\n|switch|p1a: Rotom|Rotom-Wash|100\/100\n|switch|p2a: Dragapult|Dragapult, M|100\/100\n|turn|1\n|\n|t:|1700133185\n|move|p2a: Dragapult|Draco Meteor|p1a: Rotom\n|-damage|p1a: Rotom|6\/100\n|-unboost|p2a: Dragapult|spa|2\n|move|p1a: Rotom|Trick|p2a: Dragapult\n|-activate|p1a: Rotom|move: Trick|[of] p2a: Dragapult\n|-item|p2a: Dragapult|Choice Scarf|[from] move: Trick\n|-item|p1a: Rotom|Choice Specs|[from] move: Trick\n|\n|upkeep\n|turn|2\n|\n|t:|1700133195\n|switch|p1a: Glimmora|Glimmora, F|100\/100\n|move|p2a: Dragapult|U-turn|p1a: Glimmora\n|-resisted|p1a: Glimmora\n|-damage|p1a: Glimmora|94\/100\n|-activate|p1a: Glimmora|ability: Toxic Debris\n|-sidestart|p2: rocky012|move: Toxic Spikes\n|\n|t:|1700133207\n|switch|p2a: Blissey|Blissey, F|100\/100|[from] U-turn\n|\n|upkeep\n|turn|3\n|\n|t:|1700133216\n|switch|p1a: Espeon|Espeon, F|100\/100\n|move|p2a: Blissey|Seismic Toss|p1a: Espeon\n|-damage|p1a: Espeon|71\/100\n|\n|upkeep\n|turn|4\n|\n|t:|1700133223\n|move|p1a: Espeon|Trick|p2a: Blissey\n|-activate|p1a: Espeon|move: Trick|[of] p2a: Blissey\n|-item|p2a: Blissey|Choice Scarf|[from] move: Trick\n|-item|p1a: Espeon|Heavy-Duty Boots|[from] move: Trick\n|move|p2a: Blissey|Seismic Toss|p1a: Espeon\n|-damage|p1a: Espeon|41\/100\n|\n|upkeep\n|turn|5\n|\n|t:|1700133233\n|switch|p1a: Glimmora|Glimmora, F|94\/100\n|switch|p2a: Zapdos|Zapdos|100\/100\n|\n|upkeep\n|turn|6\n|\n|t:|1700133236\n|move|p2a: Zapdos|Volt Switch|p1a: Glimmora\n|-damage|p1a: Glimmora|64\/100\n|\n|t:|1700133239\n|switch|p2a: Blissey|Blissey, F|100\/100|[from] Volt Switch\n|-status|p2a: Blissey|psn\n|move|p1a: Glimmora|Mortal Spin|p2a: Blissey\n|-damage|p2a: Blissey|95\/100 psn\n|\n|-damage|p2a: Blissey|82\/100 psn|[from] psn\n|upkeep\n|turn|7\n|\n|t:|1700133252\n|switch|p1a: Umbreon|Umbreon, M, shiny|100\/100\n|move|p2a: Blissey|Seismic Toss|p1a: Umbreon\n|-damage|p1a: Umbreon|75\/100\n|\n|-heal|p1a: Umbreon|81\/100|[from] item: Leftovers\n|-damage|p2a: Blissey|70\/100 psn|[from] psn\n|upkeep\n|turn|8\n|\n|t:|1700133257\n|move|p2a: Blissey|Seismic Toss|p1a: Umbreon\n|-damage|p1a: Umbreon|56\/100\n|move|p1a: Umbreon|Wish|p1a: Umbreon\n|\n|-heal|p1a: Umbreon|62\/100|[from] item: Leftovers\n|-damage|p2a: Blissey|58\/100 psn|[from] psn\n|upkeep\n|turn|9\n|\n|t:|1700133262\n|-curestatus|p2a: Blissey|psn|[from] ability: Natural Cure\n|switch|p2a: Zapdos|Zapdos|100\/100\n|move|p1a: Umbreon|Protect||[still]\n|-fail|p1a: Umbreon\n|\n|-heal|p1a: Umbreon|100\/100|[from] move: Wish|[wisher] Umbreon\n|upkeep\n|turn|10\n|\n|t:|1700133268\n|move|p2a: Zapdos|Volt Switch|p1a: Umbreon\n|-damage|p1a: Umbreon|80\/100\n|\n|t:|1700133270\n|switch|p2a: Great Tusk|Great Tusk|100\/100|[from] Volt Switch\n|-status|p2a: Great Tusk|psn\n|move|p1a: Umbreon|Wish|p1a: Umbreon\n|\n|-heal|p1a: Umbreon|87\/100|[from] item: Leftovers\n|-damage|p2a: Great Tusk|88\/100 psn|[from] psn\n|upkeep\n|turn|11\n|\n|t:|1700133276\n|switch|p1a: Drifblim|Drifblim, M|100\/100\n|move|p2a: Great Tusk|Rapid Spin|p1a: Drifblim\n|-immune|p1a: Drifblim\n|\n|-heal|p2a: Great Tusk|94\/100 psn|[from] item: Leftovers\n|-damage|p2a: Great Tusk|82\/100 psn|[from] psn\n|upkeep\n|turn|12\n|\n|t:|1700133282\n|-end|p2a: Great Tusk|Protosynthesis|[silent]\n|switch|p2a: Zapdos|Zapdos|100\/100\n|move|p1a: Drifblim|Trick|p2a: Zapdos\n|-activate|p1a: Drifblim|move: Trick|[of] p2a: Zapdos\n|-item|p2a: Zapdos|Choice Scarf|[from] move: Trick\n|-item|p1a: Drifblim|Heavy-Duty Boots|[from] move: Trick\n|\n|upkeep\n|turn|13\n|\n|t:|1700133294\n|switch|p1a: Umbreon|Umbreon, M, shiny|87\/100\n|move|p2a: Zapdos|Volt Switch|p1a: Umbreon\n|-damage|p1a: Umbreon|67\/100\n|\n|t:|1700133298\n|switch|p2a: Great Tusk|Great Tusk|82\/100 psn|[from] Volt Switch\n|\n|-heal|p2a: Great Tusk|88\/100 psn|[from] item: Leftovers\n|-heal|p1a: Umbreon|73\/100|[from] item: Leftovers\n|-damage|p2a: Great Tusk|76\/100 psn|[from] psn\n|upkeep\n|turn|14\n|\n|t:|1700133305\n|move|p1a: Umbreon|Protect|p1a: Umbreon\n|-singleturn|p1a: Umbreon|Protect\n|move|p2a: Great Tusk|Knock Off|p1a: Umbreon\n|-activate|p1a: Umbreon|move: Protect\n|\n|-heal|p2a: Great Tusk|82\/100 psn|[from] item: Leftovers\n|-heal|p1a: Umbreon|79\/100|[from] item: Leftovers\n|-damage|p2a: Great Tusk|69\/100 psn|[from] psn\n|upkeep\n|turn|15\n|\n|t:|1700133320\n|switch|p1a: Glimmora|Glimmora, F|64\/100\n|move|p2a: Great Tusk|Knock Off|p1a: Glimmora\n|-damage|p1a: Glimmora|42\/100\n|-activate|p1a: Glimmora|ability: Toxic Debris\n|-sidestart|p2: rocky012|move: Toxic Spikes\n|-enditem|p1a: Glimmora|Focus Sash|[from] move: Knock Off|[of] p2a: Great Tusk\n|\n|-heal|p2a: Great Tusk|76\/100 psn|[from] item: Leftovers\n|-damage|p2a: Great Tusk|63\/100 psn|[from] psn\n|upkeep\n|turn|16\n|\n|t:|1700133327\n|switch|p1a: Drifblim|Drifblim, M|100\/100\n|move|p2a: Great Tusk|Earthquake|p1a: Drifblim\n|-immune|p1a: Drifblim\n|\n|-heal|p2a: Great Tusk|69\/100 psn|[from] item: Leftovers\n|-damage|p2a: Great Tusk|57\/100 psn|[from] psn\n|upkeep\n|turn|17\n|\n|t:|1700133332\n|-end|p2a: Great Tusk|Protosynthesis|[silent]\n|switch|p2a: Blissey|Blissey, F|58\/100\n|-status|p2a: Blissey|tox\n|move|p1a: Drifblim|Destiny Bond|p1a: Drifblim\n|-singlemove|p1a: Drifblim|Destiny Bond\n|\n|-damage|p2a: Blissey|51\/100 tox|[from] psn\n|upkeep\n|turn|18\n|\n|t:|1700133343\n|switch|p1a: Espeon|Espeon, F|41\/100\n|move|p2a: Blissey|Soft-Boiled|p2a: Blissey\n|-heal|p2a: Blissey|100\/100 tox\n|\n|-damage|p2a: Blissey|88\/100 tox|[from] psn\n|upkeep\n|turn|19\n|\n|t:|1700133349\n|-curestatus|p2a: Blissey|tox|[from] ability: Natural Cure\n|switch|p2a: Kingambit|Kingambit, M|100\/100\n|move|p1a: Espeon|Psyshock|p2a: Kingambit\n|-immune|p2a: Kingambit\n|\n|upkeep\n|turn|20\n|\n|t:|1700133356\n|switch|p1a: Umbreon|Umbreon, M, shiny|79\/100\n|move|p2a: Kingambit|Iron Head|p1a: Umbreon\n|-damage|p1a: Umbreon|50\/100\n|\n|-heal|p1a: Umbreon|57\/100|[from] item: Leftovers\n|upkeep\n|turn|21\n|\n|t:|1700133361\n|-end|p2a: Kingambit|fallenundefined|[silent]\n|switch|p2a: Blissey|Blissey, F|88\/100\n|-status|p2a: Blissey|tox\n|move|p1a: Umbreon|Yawn||[still]\n|-fail|p1a: Umbreon\n|\n|-heal|p1a: Umbreon|63\/100|[from] item: Leftovers\n|-damage|p2a: Blissey|82\/100 tox|[from] psn\n|upkeep\n|turn|22\n|\n|t:|1700133363\n|move|p2a: Blissey|Seismic Toss|p1a: Umbreon\n|-damage|p1a: Umbreon|37\/100\n|move|p1a: Umbreon|Wish|p1a: Umbreon\n|\n|-heal|p1a: Umbreon|43\/100|[from] item: Leftovers\n|-damage|p2a: Blissey|70\/100 tox|[from] psn\n|upkeep\n|turn|23\n|\n|t:|1700133369\n|-curestatus|p2a: Blissey|tox|[from] ability: Natural Cure\n|switch|p2a: Great Tusk|Great Tusk|57\/100 psn\n|move|p1a: Umbreon|Protect||[still]\n|-fail|p1a: Umbreon\n|\n|-heal|p1a: Umbreon|93\/100|[from] move: Wish|[wisher] Umbreon\n|-heal|p2a: Great Tusk|63\/100 psn|[from] item: Leftovers\n|-heal|p1a: Umbreon|99\/100|[from] item: Leftovers\n|-damage|p2a: Great Tusk|51\/100 psn|[from] psn\n|upkeep\n|turn|24\n|\n|t:|1700133374\n|move|p1a: Umbreon|Protect|p1a: Umbreon\n|-singleturn|p1a: Umbreon|Protect\n|move|p2a: Great Tusk|Knock Off|p1a: Umbreon\n|-activate|p1a: Umbreon|move: Protect\n|\n|-heal|p2a: Great Tusk|57\/100 psn|[from] item: Leftovers\n|-heal|p1a: Umbreon|100\/100|[from] item: Leftovers\n|-damage|p2a: Great Tusk|45\/100 psn|[from] psn\n|upkeep\n|turn|25\n|\n|t:|1700133386\n|move|p2a: Great Tusk|Knock Off|p1a: Umbreon\n|-resisted|p1a: Umbreon\n|-damage|p1a: Umbreon|91\/100\n|-enditem|p1a: Umbreon|Leftovers|[from] move: Knock Off|[of] p2a: Great Tusk\n|move|p1a: Umbreon|Wish|p1a: Umbreon\n|\n|-heal|p2a: Great Tusk|51\/100 psn|[from] item: Leftovers\n|-damage|p2a: Great Tusk|38\/100 psn|[from] psn\n|upkeep\n|turn|26\n|\n|t:|1700133394\n|-end|p2a: Great Tusk|Protosynthesis|[silent]\n|switch|p2a: Blissey|Blissey, F|70\/100\n|-status|p2a: Blissey|tox\n|switch|p1a: Drifblim|Drifblim, M|100\/100\n|\n|-damage|p2a: Blissey|64\/100 tox|[from] psn\n|upkeep\n|turn|27\n|\n|t:|1700133407\n|move|p1a: Drifblim|Destiny Bond|p1a: Drifblim\n|-singlemove|p1a: Drifblim|Destiny Bond\n|move|p2a: Blissey|Stealth Rock|p1a: Drifblim\n|-sidestart|p1: liaoya|move: Stealth Rock\n|\n|-damage|p2a: Blissey|51\/100 tox|[from] psn\n|upkeep\n|turn|28\n|\n|t:|1700133415\n|switch|p1a: Garganacl|Garganacl, M, shiny|100\/100\n|-damage|p1a: Garganacl|88\/100|[from] Stealth Rock\n|-curestatus|p2a: Blissey|tox|[from] ability: Natural Cure\n|switch|p2a: Zapdos|Zapdos|100\/100\n|\n|-heal|p1a: Garganacl|94\/100|[from] item: Leftovers\n|upkeep\n|turn|29\n|\n|t:|1700133423\n|move|p2a: Zapdos|Volt Switch|p1a: Garganacl\n|-damage|p1a: Garganacl|76\/100\n|\n|t:|1700133427\n|switch|p2a: Great Tusk|Great Tusk|38\/100 psn|[from] Volt Switch\n|move|p1a: Garganacl|Salt Cure|p2a: Great Tusk\n|-resisted|p2a: Great Tusk\n|-damage|p2a: Great Tusk|36\/100 psn\n|-start|p2a: Great Tusk|Salt Cure\n|\n|-heal|p2a: Great Tusk|42\/100 psn|[from] item: Leftovers\n|-heal|p1a: Garganacl|83\/100|[from] item: Leftovers\n|-damage|p2a: Great Tusk|30\/100 psn|[from] psn\n|-damage|p2a: Great Tusk|18\/100 psn|[from] Salt Cure\n|upkeep\n|turn|30\n|\n|t:|1700133432\n|-terastallize|p1a: Garganacl|Ghost\n|move|p2a: Great Tusk|Bulk Up|p2a: Great Tusk\n|-boost|p2a: Great Tusk|atk|1\n|-boost|p2a: Great Tusk|def|1\n|move|p1a: Garganacl|Iron Defense|p1a: Garganacl\n|-boost|p1a: Garganacl|def|2\n|\n|-heal|p2a: Great Tusk|24\/100 psn|[from] item: Leftovers\n|-heal|p1a: Garganacl|89\/100|[from] item: Leftovers\n|-damage|p2a: Great Tusk|11\/100 psn|[from] psn\n|-damage|p2a: Great Tusk|0 fnt|[from] Salt Cure\n|faint|p2a: Great Tusk\n|-end|p2a: Great Tusk|Protosynthesis|[silent]\n|upkeep\n|\n|t:|1700133442\n|switch|p2a: Ogerpon|Ogerpon-Wellspring, F|100\/100\n|-status|p2a: Ogerpon|tox\n|turn|31\n|\n|t:|1700133451\n|move|p2a: Ogerpon|Encore|p1a: Garganacl\n|-start|p1a: Garganacl|Encore\n|move|p1a: Garganacl|Iron Defense|p1a: Garganacl\n|-boost|p1a: Garganacl|def|2\n|\n|-heal|p1a: Garganacl|95\/100|[from] item: Leftovers\n|-damage|p2a: Ogerpon|95\/100 tox|[from] psn\n|upkeep\n|turn|32\n|\n|t:|1700133460\n|switch|p1a: Rotom|Rotom-Wash|6\/100\n|-damage|p1a: Rotom|0 fnt|[from] Stealth Rock\n|faint|p1a: Rotom\n|move|p2a: Ogerpon|Ivy Cudgel|p1: Rotom|[notarget]\n|-fail|p2a: Ogerpon\n|\n|-damage|p2a: Ogerpon|83\/100 tox|[from] psn\n|upkeep\n|\n|t:|1700133466\n|switch|p1a: Umbreon|Umbreon, M, shiny|91\/100\n|-damage|p1a: Umbreon|79\/100|[from] Stealth Rock\n|turn|33\n|\n|t:|1700133470\n|move|p2a: Ogerpon|U-turn|p1a: Umbreon\n|-supereffective|p1a: Umbreon\n|-damage|p1a: Umbreon|43\/100\n|\n|t:|1700133475\n|switch|p2a: Blissey|Blissey, F|51\/100|[from] U-turn\n|-status|p2a: Blissey|tox\n|move|p1a: Umbreon|Foul Play|p2a: Blissey\n|-damage|p2a: Blissey|46\/100 tox\n|\n|-damage|p2a: Blissey|39\/100 tox|[from] psn\n|upkeep\n|turn|34\n|\n|t:|1700133481\n|-curestatus|p2a: Blissey|tox|[from] ability: Natural Cure\n|switch|p2a: Ogerpon|Ogerpon-Wellspring, F|83\/100 tox\n|move|p1a: Umbreon|Wish|p1a: Umbreon\n|\n|-damage|p2a: Ogerpon|77\/100 tox|[from] psn\n|upkeep\n|turn|35\n|\n|t:|1700133487\n|move|p1a: Umbreon|Protect|p1a: Umbreon\n|-singleturn|p1a: Umbreon|Protect\n|move|p2a: Ogerpon|Ivy Cudgel|p1a: Umbreon|[anim] Ivy Cudgel Water\n|-activate|p1a: Umbreon|move: Protect\n|\n|-heal|p1a: Umbreon|93\/100|[from] move: Wish|[wisher] Umbreon\n|-damage|p2a: Ogerpon|65\/100 tox|[from] psn\n|upkeep\n|turn|36\n|\n|t:|1700133492\n|move|p2a: Ogerpon|Ivy Cudgel|p1a: Umbreon|[anim] Ivy Cudgel Water\n|-damage|p1a: Umbreon|55\/100\n|move|p1a: Umbreon|Foul Play|p2a: Ogerpon\n|-damage|p2a: Ogerpon|1\/100 tox\n|\n|-damage|p2a: Ogerpon|0 fnt|[from] psn\n|faint|p2a: Ogerpon\n|upkeep\n|\n|t:|1700133501\n|switch|p2a: Zapdos|Zapdos|100\/100\n|turn|37\n|\n|t:|1700133505\n|move|p2a: Zapdos|Hurricane|p1a: Umbreon|[miss]\n|-miss|p2a: Zapdos|p1a: Umbreon\n|move|p1a: Umbreon|Wish|p1a: Umbreon\n|\n|upkeep\n|turn|38\n|\n|t:|1700133509\n|move|p2a: Zapdos|Hurricane|p1a: Umbreon\n|-damage|p1a: Umbreon|23\/100\n|move|p1a: Umbreon|Yawn|p2a: Zapdos\n|-start|p2a: Zapdos|move: Yawn|[of] p1a: Umbreon\n|\n|-heal|p1a: Umbreon|73\/100|[from] move: Wish|[wisher] Umbreon\n|upkeep\n|turn|39\n|\n|t:|1700133512\n|move|p2a: Zapdos|Hurricane|p1a: Umbreon|[miss]\n|-miss|p2a: Zapdos|p1a: Umbreon\n|move|p1a: Umbreon|Wish|p1a: Umbreon\n|\n|-end|p2a: Zapdos|move: Yawn|[silent]\n|-status|p2a: Zapdos|slp\n|upkeep\n|turn|40\n|\n|t:|1700133517\n|switch|p1a: Glimmora|Glimmora, F|42\/100\n|-damage|p1a: Glimmora|30\/100|[from] Stealth Rock\n|cant|p2a: Zapdos|slp\n|\n|-heal|p1a: Glimmora|83\/100|[from] move: Wish|[wisher] Umbreon\n|upkeep\n|turn|41\n|\n|t:|1700133523\n|switch|p2a: Blissey|Blissey, F|39\/100\n|-status|p2a: Blissey|tox\n|move|p1a: Glimmora|Stealth Rock|p2a: Blissey\n|-sidestart|p2: rocky012|move: Stealth Rock\n|\n|-damage|p2a: Blissey|33\/100 tox|[from] psn\n|upkeep\n|turn|42\n|\n|t:|1700133529\n|move|p1a: Glimmora|Mortal Spin|p2a: Blissey\n|-damage|p2a: Blissey|28\/100 tox\n|-sideend|p1: liaoya|Stealth Rock|[from] move: Mortal Spin|[of] p1a: Glimmora\n|move|p2a: Blissey|Seismic Toss|p1a: Glimmora\n|-damage|p1a: Glimmora|56\/100\n|\n|-damage|p2a: Blissey|16\/100 tox|[from] psn\n|upkeep\n|turn|43\n|\n|t:|1700133537\n|switch|p1a: Garganacl|Garganacl, M, shiny, tera:Ghost|95\/100\n|move|p2a: Blissey|Seismic Toss|p1a: Garganacl\n|-immune|p1a: Garganacl\n|\n|-heal|p1a: Garganacl|100\/100|[from] item: Leftovers\n|-damage|p2a: Blissey|0 fnt|[from] psn\n|faint|p2a: Blissey\n|upkeep\n|\n|t:|1700133541\n|switch|p2a: Dragapult|Dragapult, M|100\/100\n|-status|p2a: Dragapult|tox\n|-damage|p2a: Dragapult|88\/100 tox|[from] Stealth Rock\n|turn|44\n|\n|t:|1700133548\n|move|p2a: Dragapult|Shadow Ball|p1a: Garganacl\n|-supereffective|p1a: Garganacl\n|-damage|p1a: Garganacl|78\/100\n|move|p1a: Garganacl|Recover|p1a: Garganacl\n|-heal|p1a: Garganacl|100\/100\n|\n|-damage|p2a: Dragapult|82\/100 tox|[from] psn\n|upkeep\n|turn|45\n|\n|t:|1700133550\n|move|p2a: Dragapult|Shadow Ball|p1a: Garganacl\n|-supereffective|p1a: Garganacl\n|-damage|p1a: Garganacl|77\/100\n|move|p1a: Garganacl|Iron Defense|p1a: Garganacl\n|-boost|p1a: Garganacl|def|2\n|\n|-heal|p1a: Garganacl|83\/100|[from] item: Leftovers\n|-damage|p2a: Dragapult|70\/100 tox|[from] psn\n|upkeep\n|turn|46\n|\n|t:|1700133553\n|move|p2a: Dragapult|Shadow Ball|p1a: Garganacl\n|-supereffective|p1a: Garganacl\n|-damage|p1a: Garganacl|61\/100\n|move|p1a: Garganacl|Salt Cure|p2a: Dragapult\n|-damage|p2a: Dragapult|51\/100 tox\n|-start|p2a: Dragapult|Salt Cure\n|\n|-heal|p1a: Garganacl|67\/100|[from] item: Leftovers\n|-damage|p2a: Dragapult|33\/100 tox|[from] psn\n|-damage|p2a: Dragapult|21\/100 tox|[from] Salt Cure\n|upkeep\n|turn|47\n|\n|t:|1700133555\n|move|p2a: Dragapult|Shadow Ball|p1a: Garganacl\n|-supereffective|p1a: Garganacl\n|-damage|p1a: Garganacl|45\/100\n|move|p1a: Garganacl|Recover|p1a: Garganacl\n|-heal|p1a: Garganacl|95\/100\n|\n|-heal|p1a: Garganacl|100\/100|[from] item: Leftovers\n|-damage|p2a: Dragapult|0 fnt|[from] psn\n|faint|p2a: Dragapult\n|upkeep\n|\n|t:|1700133558\n|switch|p2a: Kingambit|Kingambit, M|100\/100\n|-damage|p2a: Kingambit|94\/100|[from] Stealth Rock\n|-activate|p2a: Kingambit|ability: Supreme Overlord\n|-start|p2a: Kingambit|fallen4|[silent]\n|turn|48\n|\n|t:|1700133562\n|move|p2a: Kingambit|Swords Dance|p2a: Kingambit\n|-boost|p2a: Kingambit|atk|2\n|move|p1a: Garganacl|Body Press|p2a: Kingambit\n|-supereffective|p2a: Kingambit\n|-damage|p2a: Kingambit|0 fnt\n|faint|p2a: Kingambit\n|-end|p2a: Kingambit|fallen4|[silent]\n|\n|upkeep\n|-message|rocky012 forfeited.\n|\n|win|liaoya\n|raw|liaoya's rating: 1459 &rarr; <strong>1484<\/strong><br \/>(+25 for winning)\n|raw|rocky012's rating: 1539 &rarr; <strong>1514<\/strong><br \/>(-25 for losing)\n|l|\u2606rocky012\n","uploadtime":1700133569,"views":14,"p1id":"liaoya","p2id":"rocky012","formatid":"gen9ou","rating":1484,"private":0,"password":""}