{"id":"gen9ou-1994261256","p1":"Exusiai-PngnLgstcs","p2":"Silvershire","format":"[Gen 9] OU","log":"|j|\u2606Exusiai-PngnLgstcs\n|j|\u2606Silvershire\n|t:|1700424601\n|gametype|singles\n|player|p1|Exusiai-PngnLgstcs|dawn-gen4pt|\n|player|p2|Silvershire|dawn|\n|teamsize|p1|6\n|teamsize|p2|6\n|gen|9\n|tier|[Gen 9] OU\n|rule|Sleep Clause Mod: Limit one foe put to sleep\n|rule|Species Clause: Limit one of each Pok\u00e9mon\n|rule|OHKO Clause: OHKO moves are banned\n|rule|Evasion Items Clause: Evasion items are banned\n|rule|Evasion Moves Clause: Evasion moves are banned\n|rule|Endless Battle Clause: Forcing endless battles is banned\n|rule|HP Percentage Mod: HP is shown in percentages\n|clearpoke\n|poke|p1|Heatran, M|\n|poke|p1|Zamazenta-*|\n|poke|p1|Bellibolt, M|\n|poke|p1|Landorus-Therian, M|\n|poke|p1|Tinkaton, F|\n|poke|p1|Gengar, M|\n|poke|p2|Dragapult, F|\n|poke|p2|Samurott-Hisui, M|\n|poke|p2|Greninja-*, M|\n|poke|p2|Dondozo, F|\n|poke|p2|Scizor, F|\n|poke|p2|Breloom, F|\n|teampreview\n|\n|t:|1700424625\n|start\n|switch|p1a: MAGICIANS RED|Heatran, M|100\/100\n|switch|p2a: Dondozo|Dondozo, F|100\/100\n|turn|1\n|\n|t:|1700424632\n|-terastallize|p1a: MAGICIANS RED|Grass\n|move|p1a: MAGICIANS RED|Tera Blast|p2a: Dondozo|[anim] Tera Blast Grass\n|-supereffective|p2a: Dondozo\n|-damage|p2a: Dondozo|16\/100\n|move|p2a: Dondozo|Wave Crash|p1a: MAGICIANS RED\n|-resisted|p1a: MAGICIANS RED\n|-damage|p1a: MAGICIANS RED|82\/100\n|-damage|p2a: Dondozo|11\/100|[from] Recoil\n|\n|-heal|p1a: MAGICIANS RED|88\/100|[from] item: Leftovers\n|-heal|p2a: Dondozo|17\/100|[from] item: Leftovers\n|upkeep\n|turn|2\n|\n|t:|1700424650\n|switch|p2a: Scizor|Scizor, F|100\/100\n|move|p1a: MAGICIANS RED|Magma Storm|p2a: Scizor\n|-supereffective|p2a: Scizor\n|-damage|p2a: Scizor|0 fnt\n|faint|p2a: Scizor\n|\n|-heal|p1a: MAGICIANS RED|94\/100|[from] item: Leftovers\n|upkeep\n|\n|t:|1700424664\n|switch|p2a: Dragapult|Dragapult, F|100\/100\n|turn|3\n|\n|t:|1700424672\n|switch|p1a: FAT ABSORPTION|Bellibolt, M|100\/100\n|-terastallize|p2a: Dragapult|Dragon\n|move|p2a: Dragapult|Draco Meteor|p1a: FAT ABSORPTION\n|-damage|p1a: FAT ABSORPTION|13\/100\n|-unboost|p2a: Dragapult|spa|2\n|-start|p1a: FAT ABSORPTION|Charge|Draco Meteor|[from] ability: Electromorphosis\n|-damage|p2a: Dragapult|91\/100|[from] item: Life Orb\n|\n|-heal|p1a: FAT ABSORPTION|19\/100|[from] item: Leftovers\n|upkeep\n|turn|4\n|\n|t:|1700424690\n|switch|p2a: Dondozo|Dondozo, F|17\/100\n|move|p1a: FAT ABSORPTION|Slack Off|p1a: FAT ABSORPTION\n|-heal|p1a: FAT ABSORPTION|69\/100\n|\n|-heal|p1a: FAT ABSORPTION|75\/100|[from] item: Leftovers\n|-heal|p2a: Dondozo|23\/100|[from] item: Leftovers\n|upkeep\n|turn|5\n|\n|t:|1700424700\n|switch|p2a: Breloom|Breloom, F|100\/100\n|move|p1a: FAT ABSORPTION|Parabolic Charge|p2a: Breloom\n|-resisted|p2a: Breloom\n|-damage|p2a: Breloom|57\/100\n|-heal|p1a: FAT ABSORPTION|89\/100|[from] drain|[of] p2a: Breloom\n|-end|p1a: FAT ABSORPTION|Charge|[silent]\n|\n|-heal|p1a: FAT ABSORPTION|95\/100|[from] item: Leftovers\n|upkeep\n|turn|6\n|\n|t:|1700424714\n|move|p2a: Breloom|Spore|p1a: FAT ABSORPTION\n|-status|p1a: FAT ABSORPTION|slp|[from] move: Spore\n|cant|p1a: FAT ABSORPTION|slp\n|\n|-heal|p1a: FAT ABSORPTION|100\/100 slp|[from] item: Leftovers\n|upkeep\n|turn|7\n|\n|t:|1700424725\n|switch|p1a: KARS SAMA|Landorus-Therian, M|100\/100\n|-ability|p1a: KARS SAMA|Intimidate|boost\n|-unboost|p2a: Breloom|atk|1\n|move|p2a: Breloom|Bullet Seed|p1a: KARS SAMA\n|-damage|p1a: KARS SAMA|83\/100\n|-crit|p1a: KARS SAMA\n|-damage|p1a: KARS SAMA|43\/100\n|-damage|p1a: KARS SAMA|26\/100\n|-hitcount|p1a: KARS SAMA|3\n|\n|upkeep\n|turn|8\n|\n|t:|1700424738\n|move|p2a: Breloom|Mach Punch|p1a: KARS SAMA\n|-resisted|p1a: KARS SAMA\n|-damage|p1a: KARS SAMA|12\/100\n|move|p1a: KARS SAMA|U-turn|p2a: Breloom\n|-damage|p2a: Breloom|16\/100\n|\n|t:|1700424748\n|switch|p1a: HAMONCLACKERVOLLEY|Tinkaton, F|100\/100|[from] U-turn\n|-ability|p1a: HAMONCLACKERVOLLEY|Mold Breaker\n|\n|upkeep\n|turn|9\n|\n|t:|1700424757\n|move|p1a: HAMONCLACKERVOLLEY|Play Rough|p2a: Breloom\n|-supereffective|p2a: Breloom\n|-damage|p2a: Breloom|0 fnt\n|faint|p2a: Breloom\n|\n|upkeep\n|\n|t:|1700424764\n|switch|p2a: Dragapult|Dragapult, F, tera:Dragon|91\/100\n|turn|10\n|\n|t:|1700424770\n|move|p2a: Dragapult|Flamethrower|p1a: HAMONCLACKERVOLLEY\n|-supereffective|p1a: HAMONCLACKERVOLLEY\n|-damage|p1a: HAMONCLACKERVOLLEY|30\/100\n|-damage|p2a: Dragapult|81\/100|[from] item: Life Orb\n|move|p1a: HAMONCLACKERVOLLEY|Play Rough|p2a: Dragapult\n|-supereffective|p2a: Dragapult\n|-damage|p2a: Dragapult|0 fnt\n|faint|p2a: Dragapult\n|\n|-heal|p1a: HAMONCLACKERVOLLEY|37\/100|[from] item: Leftovers\n|upkeep\n|\n|t:|1700424792\n|switch|p2a: Dondozo|Dondozo, F|23\/100\n|turn|11\n|\n|t:|1700424799\n|move|p1a: HAMONCLACKERVOLLEY|Play Rough|p2a: Dondozo\n|-damage|p2a: Dondozo|8\/100\n|-unboost|p2a: Dondozo|atk|1\n|move|p2a: Dondozo|Wave Crash|p1a: HAMONCLACKERVOLLEY\n|-damage|p1a: HAMONCLACKERVOLLEY|0 fnt\n|faint|p1a: HAMONCLACKERVOLLEY\n|-damage|p2a: Dondozo|1\/100|[from] Recoil\n|\n|-heal|p2a: Dondozo|7\/100|[from] item: Leftovers\n|upkeep\n|\n|t:|1700424819\n|switch|p1a: KARS SAMA|Landorus-Therian, M|12\/100\n|-ability|p1a: KARS SAMA|Intimidate|boost\n|-unboost|p2a: Dondozo|atk|1\n|turn|12\n|\n|t:|1700424825\n|move|p2a: Dondozo|Protect|p2a: Dondozo\n|-singleturn|p2a: Dondozo|Protect\n|move|p1a: KARS SAMA|U-turn|p2a: Dondozo\n|-activate|p2a: Dondozo|move: Protect\n|\n|-heal|p2a: Dondozo|13\/100|[from] item: Leftovers\n|upkeep\n|turn|13\n|\n|t:|1700424834\n|move|p1a: KARS SAMA|U-turn|p2a: Dondozo\n|-damage|p2a: Dondozo|1\/100\n|\n|t:|1700424849\n|switch|p1a: MAGICIANS RED|Heatran, M, tera:Grass|94\/100|[from] U-turn\n|move|p2a: Dondozo|Wave Crash|p1a: MAGICIANS RED\n|-resisted|p1a: MAGICIANS RED\n|-damage|p1a: MAGICIANS RED|85\/100\n|-damage|p2a: Dondozo|0 fnt|[from] Recoil\n|faint|p2a: Dondozo\n|\n|-heal|p1a: MAGICIANS RED|91\/100|[from] item: Leftovers\n|upkeep\n|\n|t:|1700424861\n|switch|p2a: Greninja|Greninja, M|100\/100\n|turn|14\n|\n|t:|1700424867\n|move|p2a: Greninja|Ice Punch|p1a: MAGICIANS RED\n|-start|p2a: Greninja|typechange|Ice|[from] ability: Protean\n|-supereffective|p1a: MAGICIANS RED\n|-damage|p1a: MAGICIANS RED|33\/100\n|-damage|p2a: Greninja|91\/100|[from] item: Life Orb\n|move|p1a: MAGICIANS RED|Magma Storm|p2a: Greninja\n|-supereffective|p2a: Greninja\n|-damage|p2a: Greninja|0 fnt\n|faint|p2a: Greninja\n|\n|-heal|p1a: MAGICIANS RED|39\/100|[from] item: Leftovers\n|upkeep\n|\n|t:|1700424881\n|switch|p2a: Samurott|Samurott-Hisui, M|100\/100\n|turn|15\n|\n|t:|1700424889\n|move|p2a: Samurott|Ceaseless Edge|p1a: MAGICIANS RED\n|-crit|p1a: MAGICIANS RED\n|-damage|p1a: MAGICIANS RED|0 fnt\n|-sidestart|p1: Exusiai-PngnLgstcs|Spikes\n|faint|p1a: MAGICIANS RED\n|-damage|p2a: Samurott|91\/100|[from] item: Life Orb\n|\n|upkeep\n|\n|t:|1700424894\n|switch|p1a: KARS SAMA|Landorus-Therian, M|12\/100\n|-ability|p1a: KARS SAMA|Intimidate|boost\n|-unboost|p2a: Samurott|atk|1\n|turn|16\n|\n|t:|1700424903\n|move|p1a: KARS SAMA|U-turn|p2a: Samurott\n|-supereffective|p2a: Samurott\n|-damage|p2a: Samurott|25\/100\n|\n|t:|1700424911\n|switch|p1a: Wriothesley|Zamazenta|100\/100|[from] U-turn\n|-ability|p1a: Wriothesley|Dauntless Shield|boost\n|-boost|p1a: Wriothesley|def|1\n|move|p2a: Samurott|Razor Shell|p1a: Wriothesley\n|-damage|p1a: Wriothesley|74\/100\n|-damage|p2a: Samurott|15\/100|[from] item: Life Orb\n|\n|upkeep\n|turn|17\n|\n|t:|1700424923\n|move|p1a: Wriothesley|Close Combat|p2a: Samurott\n|-supereffective|p2a: Samurott\n|-damage|p2a: Samurott|0 fnt\n|-unboost|p1a: Wriothesley|def|1\n|-unboost|p1a: Wriothesley|spd|1\n|faint|p2a: Samurott\n|\n|win|Exusiai-PngnLgstcs\n|c|\u2606Exusiai-PngnLgstcs|gg\n","uploadtime":1700424930,"views":20,"p1id":"exusiaipngnlgstcs","p2id":"silvershire","formatid":"gen9ou","rating":0,"private":0,"password":""}