{"id":"gen9ou-1999898622","p1":"PLLV52 Notes","p2":"Offline","format":"[Gen 9] OU","log":"|j|\u2606PLLV52 Notes\n|j|\u2606Offline\n|t:|1701127729\n|gametype|singles\n|player|p1|PLLV52 Notes|265|1648\n|player|p2|Offline|marnie-masters2|1727\n|teamsize|p1|6\n|teamsize|p2|6\n|gen|9\n|tier|[Gen 9] OU\n|rated|\n|rule|Sleep Clause Mod: Limit one foe put to sleep\n|rule|Species Clause: Limit one of each Pok\u00e9mon\n|rule|OHKO Clause: OHKO moves are banned\n|rule|Evasion Items Clause: Evasion items are banned\n|rule|Evasion Moves Clause: Evasion moves are banned\n|rule|Endless Battle Clause: Forcing endless battles is banned\n|rule|HP Percentage Mod: HP is shown in percentages\n|clearpoke\n|poke|p1|Great Tusk|\n|poke|p1|Kingambit, F|\n|poke|p1|Dragapult, F|\n|poke|p1|Rillaboom, F|\n|poke|p1|Heatran, M|\n|poke|p1|Hawlucha, F|\n|poke|p2|Zapdos|\n|poke|p2|Great Tusk|\n|poke|p2|Walking Wake|\n|poke|p2|Cresselia, F|\n|poke|p2|Heatran, M|\n|poke|p2|Iron Valiant|\n|teampreview\n|inactive|Battle timer is ON: inactive players will automatically lose when time's up. (requested by Offline)\n|j| Witchboiii\n|\n|t:|1701127751\n|start\n|switch|p1a: Heatran|Heatran, M|100\/100\n|switch|p2a: Walking Wake|Walking Wake|100\/100\n|-item|p1a: Heatran|Air Balloon\n|turn|1\n|\n|t:|1701127758\n|switch|p1a: Rillaboom|Rillaboom, F|100\/100\n|-fieldstart|move: Grassy Terrain|[from] ability: Grassy Surge|[of] p1a: Rillaboom\n|move|p2a: Walking Wake|Hydro Steam|p1a: Rillaboom\n|-resisted|p1a: Rillaboom\n|-damage|p1a: Rillaboom|62\/100\n|\n|-heal|p1a: Rillaboom|68\/100|[from] Grassy Terrain\n|upkeep\n|turn|2\n|\n|t:|1701127780\n|-end|p2a: Walking Wake|Protosynthesis|[silent]\n|switch|p2a: Zapdos|Zapdos|100\/100\n|move|p1a: Rillaboom|Knock Off|p2a: Zapdos\n|-damage|p2a: Zapdos|69\/100\n|-enditem|p2a: Zapdos|Heavy-Duty Boots|[from] move: Knock Off|[of] p1a: Rillaboom\n|\n|-heal|p1a: Rillaboom|74\/100|[from] Grassy Terrain\n|upkeep\n|turn|3\n|\n|t:|1701127788\n|switch|p1a: Heatran|Heatran, M|100\/100\n|-item|p1a: Heatran|Air Balloon\n|move|p2a: Zapdos|Volt Switch|p1a: Heatran\n|-damage|p1a: Heatran|70\/100\n|-enditem|p1a: Heatran|Air Balloon\n|\n|t:|1701127790\n|switch|p2a: Walking Wake|Walking Wake|100\/100|[from] Volt Switch\n|\n|-heal|p1a: Heatran|76\/100|[from] Grassy Terrain\n|upkeep\n|turn|4\n|\n|t:|1701127795\n|move|p2a: Walking Wake|Hydro Steam|p1a: Heatran\n|-supereffective|p1a: Heatran\n|-damage|p1a: Heatran|0 fnt\n|faint|p1a: Heatran\n|\n|upkeep\n|\n|t:|1701127798\n|switch|p1a: Dragapult|Dragapult, F|100\/100\n|turn|5\n|\n|t:|1701127801\n|-end|p2a: Walking Wake|Protosynthesis|[silent]\n|switch|p2a: Heatran|Heatran, M|100\/100\n|move|p1a: Dragapult|Thunder Wave|p2a: Heatran\n|-status|p2a: Heatran|par\n|\n|upkeep\n|turn|6\n|\n|t:|1701127805\n|move|p1a: Dragapult|Hex|p2a: Heatran\n|-damage|p2a: Heatran|63\/100 par\n|move|p2a: Heatran|Will-O-Wisp|p1a: Dragapult\n|-status|p1a: Dragapult|brn\n|\n|-heal|p2a: Heatran|69\/100 par|[from] Grassy Terrain\n|-heal|p2a: Heatran|76\/100 par|[from] item: Leftovers\n|-damage|p1a: Dragapult|95\/100 brn|[from] brn\n|upkeep\n|turn|7\n|\n|t:|1701127810\n|move|p1a: Dragapult|Hex|p2a: Heatran\n|-damage|p2a: Heatran|37\/100 par\n|move|p2a: Heatran|Magma Storm|p1a: Dragapult\n|-resisted|p1a: Dragapult\n|-damage|p1a: Dragapult|67\/100 brn\n|-activate|p1a: Dragapult|move: Magma Storm|[of] p2a: Heatran\n|\n|-heal|p1a: Dragapult|73\/100 brn|[from] Grassy Terrain\n|-heal|p2a: Heatran|44\/100 par|[from] Grassy Terrain\n|-heal|p2a: Heatran|50\/100 par|[from] item: Leftovers\n|-damage|p1a: Dragapult|67\/100 brn|[from] brn\n|-damage|p1a: Dragapult|55\/100 brn|[from] move: Magma Storm|[partiallytrapped]\n|upkeep\n|turn|8\n|\n|t:|1701127814\n|move|p1a: Dragapult|Hex|p2a: Heatran\n|-damage|p2a: Heatran|14\/100 par\n|cant|p2a: Heatran|par\n|\n|-heal|p1a: Dragapult|61\/100 brn|[from] Grassy Terrain\n|-heal|p2a: Heatran|20\/100 par|[from] Grassy Terrain\n|-heal|p2a: Heatran|26\/100 par|[from] item: Leftovers\n|-damage|p1a: Dragapult|55\/100 brn|[from] brn\n|-damage|p1a: Dragapult|42\/100 brn|[from] move: Magma Storm|[partiallytrapped]\n|-fieldend|move: Grassy Terrain\n|upkeep\n|turn|9\n|\n|t:|1701127817\n|move|p1a: Dragapult|Hex|p2a: Heatran\n|-damage|p2a: Heatran|0 fnt\n|faint|p2a: Heatran\n|\n|-damage|p1a: Dragapult|36\/100 brn|[from] brn\n|-end|p1a: Dragapult|Magma Storm|[partiallytrapped]|[silent]\n|upkeep\n|\n|t:|1701127822\n|switch|p2a: Iron Valiant|Iron Valiant|100\/100\n|-enditem|p2a: Iron Valiant|Booster Energy\n|-activate|p2a: Iron Valiant|ability: Quark Drive|[fromitem]\n|-start|p2a: Iron Valiant|quarkdrivespe\n|turn|10\n|\n|t:|1701127835\n|switch|p1a: Rillaboom|Rillaboom, F|74\/100\n|-fieldstart|move: Grassy Terrain|[from] ability: Grassy Surge|[of] p1a: Rillaboom\n|move|p2a: Iron Valiant|Knock Off|p1a: Rillaboom\n|-damage|p1a: Rillaboom|38\/100\n|-enditem|p1a: Rillaboom|Terrain Extender|[from] move: Knock Off|[of] p2a: Iron Valiant\n|\n|-heal|p1a: Rillaboom|44\/100|[from] Grassy Terrain\n|upkeep\n|turn|11\n|\n|t:|1701127841\n|move|p1a: Rillaboom|Grassy Glide|p2a: Iron Valiant\n|-damage|p2a: Iron Valiant|50\/100\n|move|p2a: Iron Valiant|Close Combat|p1a: Rillaboom\n|-damage|p1a: Rillaboom|0 fnt\n|-unboost|p2a: Iron Valiant|def|1\n|-unboost|p2a: Iron Valiant|spd|1\n|faint|p1a: Rillaboom\n|\n|-heal|p2a: Iron Valiant|56\/100|[from] Grassy Terrain\n|upkeep\n|\n|t:|1701127855\n|switch|p1a: Great Tusk|Great Tusk|100\/100\n|-enditem|p1a: Great Tusk|Booster Energy\n|-activate|p1a: Great Tusk|ability: Protosynthesis|[fromitem]\n|-start|p1a: Great Tusk|protosynthesisspe\n|turn|12\n|j| Bumbaclaat\n|\n|t:|1701127868\n|-terastallize|p1a: Great Tusk|Poison\n|move|p2a: Iron Valiant|Swords Dance|p2a: Iron Valiant\n|-boost|p2a: Iron Valiant|atk|2\n|move|p1a: Great Tusk|Bulk Up|p1a: Great Tusk\n|-boost|p1a: Great Tusk|atk|1\n|-boost|p1a: Great Tusk|def|1\n|\n|-heal|p2a: Iron Valiant|62\/100|[from] Grassy Terrain\n|upkeep\n|turn|13\n|\n|t:|1701127871\n|move|p2a: Iron Valiant|Encore|p1a: Great Tusk\n|-start|p1a: Great Tusk|Encore\n|move|p1a: Great Tusk|Bulk Up|p1a: Great Tusk\n|-boost|p1a: Great Tusk|atk|1\n|-boost|p1a: Great Tusk|def|1\n|\n|-heal|p2a: Iron Valiant|68\/100|[from] Grassy Terrain\n|upkeep\n|turn|14\n|\n|t:|1701127876\n|-end|p1a: Great Tusk|Protosynthesis|[silent]\n|switch|p1a: Hawlucha|Hawlucha, F|100\/100\n|-enditem|p1a: Hawlucha|Grassy Seed\n|-boost|p1a: Hawlucha|def|1|[from] item: Grassy Seed\n|move|p2a: Iron Valiant|Swords Dance|p2a: Iron Valiant\n|-boost|p2a: Iron Valiant|atk|2\n|\n|-heal|p2a: Iron Valiant|75\/100|[from] Grassy Terrain\n|upkeep\n|turn|15\n|\n|t:|1701127879\n|move|p1a: Hawlucha|Acrobatics|p2a: Iron Valiant\n|-supereffective|p2a: Iron Valiant\n|-damage|p2a: Iron Valiant|0 fnt\n|faint|p2a: Iron Valiant\n|-end|p2a: Iron Valiant|Quark Drive|[silent]\n|\n|upkeep\n|\n|t:|1701127884\n|switch|p2a: Zapdos|Zapdos|69\/100\n|turn|16\n|\n|t:|1701127892\n|move|p1a: Hawlucha|Swords Dance|p1a: Hawlucha\n|-boost|p1a: Hawlucha|atk|2\n|move|p2a: Zapdos|Discharge|p1a: Hawlucha\n|-supereffective|p1a: Hawlucha\n|-damage|p1a: Hawlucha|0 fnt\n|faint|p1a: Hawlucha\n|\n|upkeep\n|\n|t:|1701127894\n|switch|p1a: Great Tusk|Great Tusk, tera:Poison|100\/100\n|turn|17\n|\n|t:|1701127896\n|move|p2a: Zapdos|Discharge|p1a: Great Tusk\n|-damage|p1a: Great Tusk|59\/100\n|-status|p1a: Great Tusk|par\n|move|p1a: Great Tusk|Bulk Up|p1a: Great Tusk\n|-boost|p1a: Great Tusk|atk|1\n|-boost|p1a: Great Tusk|def|1\n|\n|-heal|p1a: Great Tusk|65\/100 par|[from] Grassy Terrain\n|-fieldend|move: Grassy Terrain\n|upkeep\n|turn|18\n|\n|t:|1701127899\n|move|p2a: Zapdos|Discharge|p1a: Great Tusk\n|-damage|p1a: Great Tusk|24\/100 par\n|move|p1a: Great Tusk|Knock Off|p2a: Zapdos\n|-damage|p2a: Zapdos|44\/100\n|\n|upkeep\n|turn|19\n|l| Witchboiii\n|\n|t:|1701127903\n|move|p2a: Zapdos|Discharge|p1a: Great Tusk\n|-damage|p1a: Great Tusk|0 fnt\n|faint|p1a: Great Tusk\n|-end|p1a: Great Tusk|Protosynthesis|[silent]\n|\n|upkeep\n|\n|t:|1701127905\n|switch|p1a: Dragapult|Dragapult, F|36\/100 brn\n|turn|20\n|\n|t:|1701127908\n|move|p1a: Dragapult|Draco Meteor|p2a: Zapdos\n|-damage|p2a: Zapdos|0 fnt\n|-unboost|p1a: Dragapult|spa|2\n|faint|p2a: Zapdos\n|\n|-damage|p1a: Dragapult|30\/100 brn|[from] brn\n|upkeep\n|\n|t:|1701127913\n|switch|p2a: Cresselia|Cresselia, F|100\/100\n|turn|21\n|\n|t:|1701127918\n|switch|p2a: Walking Wake|Walking Wake|100\/100\n|move|p1a: Dragapult|Thunder Wave|p2a: Walking Wake\n|-status|p2a: Walking Wake|par\n|\n|-damage|p1a: Dragapult|24\/100 brn|[from] brn\n|upkeep\n|turn|22\n|\n|t:|1701127931\n|move|p1a: Dragapult|Draco Meteor|p2a: Walking Wake\n|-supereffective|p2a: Walking Wake\n|-damage|p2a: Walking Wake|29\/100 par\n|-unboost|p1a: Dragapult|spa|2\n|move|p2a: Walking Wake|Flamethrower|p1a: Dragapult\n|-resisted|p1a: Dragapult\n|-damage|p1a: Dragapult|0 fnt\n|faint|p1a: Dragapult\n|\n|upkeep\n|\n|t:|1701127933\n|switch|p1a: Kingambit|Kingambit, F|100\/100\n|-activate|p1a: Kingambit|ability: Supreme Overlord\n|-start|p1a: Kingambit|fallen5|[silent]\n|turn|23\n|\n|t:|1701127937\n|move|p1a: Kingambit|Swords Dance|p1a: Kingambit\n|-boost|p1a: Kingambit|atk|2\n|cant|p2a: Walking Wake|par\n|\n|upkeep\n|turn|24\n|\n|t:|1701127939\n|move|p1a: Kingambit|Sucker Punch|p2a: Walking Wake\n|-damage|p2a: Walking Wake|0 fnt\n|faint|p2a: Walking Wake\n|-end|p2a: Walking Wake|Protosynthesis|[silent]\n|\n|upkeep\n|j| SwabbyYabby\n|\n|t:|1701127940\n|switch|p2a: Great Tusk|Great Tusk|100\/100\n|turn|25\n|\n|t:|1701127943\n|move|p2a: Great Tusk|Bulk Up|p2a: Great Tusk\n|-boost|p2a: Great Tusk|atk|1\n|-boost|p2a: Great Tusk|def|1\n|move|p1a: Kingambit|Iron Head|p2a: Great Tusk\n|-damage|p2a: Great Tusk|57\/100\n|\n|-heal|p2a: Great Tusk|63\/100|[from] item: Leftovers\n|upkeep\n|turn|26\n|\n|t:|1701127947\n|move|p2a: Great Tusk|Earthquake|p1a: Kingambit\n|-supereffective|p1a: Kingambit\n|-damage|p1a: Kingambit|0 fnt\n|faint|p1a: Kingambit\n|-end|p1a: Kingambit|fallen5|[silent]\n|\n|win|Offline\n|raw|PLLV52 Notes's rating: 1648 &rarr; <strong>1632<\/strong><br \/>(-16 for losing)\n|raw|Offline's rating: 1727 &rarr; <strong>1743<\/strong><br \/>(+16 for winning)\n|l|\u2606PLLV52 Notes\n|l|\u2606Offline\n","uploadtime":1701128070,"views":6,"p1id":"pllv52notes","p2id":"offline","formatid":"gen9ou","rating":1632,"private":0,"password":""}