{"id":"gen9ou-1988898587","p1":"Raafat2008","p2":"g9r","format":"[Gen 9] OU","log":"|j|\u2606Raafat2008\n|j|\u2606g9r\n|inactive|Battle timer is ON: inactive players will automatically lose when time's up.\n|t:|1699783680\n|gametype|singles\n|player|p1|Raafat2008|cynthia-gen4|\n|player|p2|g9r|lucas|\n|teamsize|p1|3\n|teamsize|p2|3\n|gen|9\n|tier|[Gen 9] OU\n|rated|Tournament battle\n|rule|Sleep Clause Mod: Limit one foe put to sleep\n|rule|Species Clause: Limit one of each Pok\u00e9mon\n|rule|OHKO Clause: OHKO moves are banned\n|rule|Evasion Items Clause: Evasion items are banned\n|rule|Evasion Moves Clause: Evasion moves are banned\n|rule|Endless Battle Clause: Forcing endless battles is banned\n|rule|HP Percentage Mod: HP is shown in percentages\n|clearpoke\n|poke|p1|Haxorus, F|\n|poke|p1|Farigiraf, M|\n|poke|p1|Swinub, F|\n|poke|p2|Zoroark-Hisui, M|\n|poke|p2|Lampent, M|\n|poke|p2|Dragonite, F|\n|teampreview\n|j|*Lady Monita \u2746\n|j| Bhaviswar 2\n|\n|t:|1699783694\n|start\n|switch|p1a: Farigiraf|Farigiraf, M|100\/100\n|switch|p2a: Hard-Carry|Dragonite, F, shiny|100\/100\n|turn|1\n|\n|t:|1699783708\n|move|p2a: Hard-Carry|Knock Off|p1a: Farigiraf\n|-supereffective|p1a: Farigiraf\n|-damage|p1a: Farigiraf|37\/100\n|-enditem|p1a: Farigiraf|Sitrus Berry|[from] move: Knock Off|[of] p2a: Hard-Carry\n|move|p1a: Farigiraf|Nasty Plot|p1a: Farigiraf\n|-boost|p1a: Farigiraf|spa|2\n|\n|upkeep\n|turn|2\n|\n|t:|1699783717\n|-terastallize|p1a: Farigiraf|Fairy\n|move|p2a: Hard-Carry|Dark Pulse|p1a: Farigiraf\n|-resisted|p1a: Farigiraf\n|-damage|p1a: Farigiraf|22\/100\n|move|p1a: Farigiraf|Dazzling Gleam|p2a: Hard-Carry\n|-damage|p2a: Hard-Carry|0 fnt\n|replace|p2a: Soft-Carry|Zoroark-Hisui, M, shiny\n|-end|p2a: Soft-Carry|Illusion\n|faint|p2a: Soft-Carry\n|\n|upkeep\n|\n|t:|1699783724\n|switch|p2a: Here for the Ride|Lampent, M, shiny|100\/100\n|turn|3\n|\n|t:|1699783735\n|move|p2a: Here for the Ride|Trick|p1a: Farigiraf\n|-activate|p2a: Here for the Ride|move: Trick|[of] p1a: Farigiraf\n|-item|p1a: Farigiraf|Choice Scarf|[from] move: Trick\n|-enditem|p2a: Here for the Ride|Choice Scarf|[silent]|[from] move: Trick\n|move|p1a: Farigiraf|Stored Power|p2a: Here for the Ride\n|-damage|p2a: Here for the Ride|0 fnt\n|faint|p2a: Here for the Ride\n|\n|upkeep\n|\n|t:|1699783740\n|switch|p2a: Hard-Carry|Dragonite, F, shiny|100\/100\n|turn|4\n|\n|t:|1699783748\n|move|p1a: Farigiraf|Stored Power|p2a: Hard-Carry\n|-damage|p2a: Hard-Carry|73\/100\n|move|p2a: Hard-Carry|Dragon Dance|p2a: Hard-Carry\n|-boost|p2a: Hard-Carry|atk|1\n|-boost|p2a: Hard-Carry|spe|1\n|\n|upkeep\n|turn|5\n|j| MRFM\n|\n|t:|1699783755\n|move|p2a: Hard-Carry|Extreme Speed|p1a: Farigiraf\n|-damage|p1a: Farigiraf|0 fnt\n|faint|p1a: Farigiraf\n|-damage|p2a: Hard-Carry|63\/100|[from] item: Life Orb\n|\n|upkeep\n|\n|t:|1699783760\n|switch|p1a: Swinub|Swinub, F|100\/100\n|turn|6\n|\n|t:|1699783769\n|-terastallize|p2a: Hard-Carry|Fairy\n|move|p2a: Hard-Carry|Dragon Dance|p2a: Hard-Carry\n|-boost|p2a: Hard-Carry|atk|1\n|-boost|p2a: Hard-Carry|spe|1\n|move|p1a: Swinub|Icicle Crash|p2a: Hard-Carry\n|-damage|p2a: Hard-Carry|44\/100\n|\n|upkeep\n|turn|7\n|\n|t:|1699783777\n|move|p2a: Hard-Carry|Dragon Claw|p1a: Swinub\n|-damage|p1a: Swinub|0 fnt\n|faint|p1a: Swinub\n|-damage|p2a: Hard-Carry|34\/100|[from] item: Life Orb\n|\n|upkeep\n|c|\u2606Raafat2008|gg\n|\n|t:|1699783789\n|switch|p1a: Haxorus|Haxorus, F|100\/100\n|-ability|p1a: Haxorus|Mold Breaker\n|turn|8\n|l| Bhaviswar 2\n|j| Bhaviswar 2\n|\n|t:|1699783794\n|move|p2a: Hard-Carry|Dragon Claw|p1a: Haxorus\n|-supereffective|p1a: Haxorus\n|-damage|p1a: Haxorus|0 fnt\n|faint|p1a: Haxorus\n|-damage|p2a: Hard-Carry|24\/100|[from] item: Life Orb\n|\n|win|g9r\n|n|\u2606Raafat2008|raafat2008\n|n|\u2606g9r|g9r\n|n|*Lady Monita \u2746|ladymonita\n|n| MRFM|mrfm\n|n| Bhaviswar 2|bhaviswar2\n","uploadtime":1699783795,"views":11,"p1id":"raafat2008","p2id":"g9r","formatid":"gen9ou","rating":0,"private":0,"password":""}