{"id":"gen9ou-1994434418","p1":"Mackarp129","p2":"hiimaiden04","format":"[Gen 9] OU","log":"|j|\u2606Mackarp129\n|j|\u2606hiimaiden04\n|t:|1700443525\n|gametype|singles\n|player|p1|Mackarp129|marley|\n|player|p2|hiimaiden04|170|\n|teamsize|p1|6\n|teamsize|p2|6\n|gen|9\n|tier|[Gen 9] OU\n|rule|Sleep Clause Mod: Limit one foe put to sleep\n|rule|Species Clause: Limit one of each Pok\u00e9mon\n|rule|OHKO Clause: OHKO moves are banned\n|rule|Evasion Items Clause: Evasion items are banned\n|rule|Evasion Moves Clause: Evasion moves are banned\n|rule|Endless Battle Clause: Forcing endless battles is banned\n|rule|HP Percentage Mod: HP is shown in percentages\n|clearpoke\n|poke|p1|Corviknight, F|\n|poke|p1|Greninja-*, M|\n|poke|p1|Hawlucha, F|\n|poke|p1|Espeon, F|\n|poke|p1|Grimmsnarl, M|\n|poke|p1|Naclstack, F|\n|poke|p2|Gholdengo|\n|poke|p2|Mew|\n|poke|p2|Sylveon, F|\n|poke|p2|Great Tusk|\n|poke|p2|Rotom-Wash|\n|poke|p2|Sneasel, F|\n|teampreview\n|c|\u2606hiimaiden04|glhf\n|inactive|Battle timer is ON: inactive players will automatically lose when time's up. (requested by hiimaiden04)\n|inactive|Mackarp129 has 270 seconds left.\n|inactive|Mackarp129 has 240 seconds left.\n|c|\u2606Mackarp129|glhf\n|\n|t:|1700443631\n|start\n|switch|p1a: Naclstack|Naclstack, F|100\/100\n|switch|p2a: Great Tusk|Great Tusk|100\/100\n|turn|1\n|\n|t:|1700443645\n|move|p2a: Great Tusk|Earthquake|p1a: Naclstack\n|-supereffective|p1a: Naclstack\n|-damage|p1a: Naclstack|43\/100\n|move|p1a: Naclstack|Salt Cure|p2a: Great Tusk\n|-resisted|p2a: Great Tusk\n|-damage|p2a: Great Tusk|99\/100\n|-start|p2a: Great Tusk|Salt Cure\n|\n|-heal|p2a: Great Tusk|100\/100|[from] item: Leftovers\n|-damage|p2a: Great Tusk|88\/100|[from] Salt Cure\n|upkeep\n|turn|2\n|\n|t:|1700443656\n|switch|p1a: Corviknight|Corviknight, F|100\/100\n|move|p2a: Great Tusk|Earthquake|p1a: Corviknight\n|-immune|p1a: Corviknight\n|\n|-heal|p2a: Great Tusk|94\/100|[from] item: Leftovers\n|-damage|p2a: Great Tusk|82\/100|[from] Salt Cure\n|upkeep\n|turn|3\n|\n|t:|1700443669\n|move|p2a: Great Tusk|Knock Off|p1a: Corviknight\n|-damage|p1a: Corviknight|83\/100\n|-damage|p2a: Great Tusk|65\/100|[from] item: Rocky Helmet|[of] p1a: Corviknight\n|-enditem|p1a: Corviknight|Rocky Helmet|[from] move: Knock Off|[of] p2a: Great Tusk\n|move|p1a: Corviknight|Tailwind|p1a: Corviknight\n|-sidestart|p1: Mackarp129|move: Tailwind\n|\n|-heal|p2a: Great Tusk|71\/100|[from] item: Leftovers\n|-damage|p2a: Great Tusk|59\/100|[from] Salt Cure\n|upkeep\n|turn|4\n|\n|t:|1700443687\n|switch|p1a: Hawlucha|Hawlucha, F|100\/100\n|-end|p2a: Great Tusk|Protosynthesis|[silent]\n|switch|p2a: Sneasel|Sneasel, F|100\/100\n|\n|upkeep\n|turn|5\n|c|\u2606hiimaiden04|d'ah shit\n|inactive|Mackarp129 has 270 seconds left.\n|\n|t:|1700443708\n|switch|p1a: Naclstack|Naclstack, F|43\/100\n|move|p2a: Sneasel|Ice Shard|p1a: Naclstack\n|-damage|p1a: Naclstack|28\/100\n|\n|upkeep\n|turn|6\n|\n|t:|1700443718\n|switch|p2a: Great Tusk|Great Tusk|59\/100\n|move|p1a: Naclstack|Stealth Rock|p2a: Great Tusk\n|-sidestart|p2: hiimaiden04|move: Stealth Rock\n|\n|-heal|p2a: Great Tusk|65\/100|[from] item: Leftovers\n|-sideend|p1: Mackarp129|move: Tailwind\n|upkeep\n|turn|7\n|\n|t:|1700443728\n|switch|p1a: Hawlucha|Hawlucha, F|100\/100\n|move|p2a: Great Tusk|Rapid Spin|p1a: Hawlucha\n|-damage|p1a: Hawlucha|78\/100\n|-boost|p2a: Great Tusk|spe|1\n|-sideend|p2: hiimaiden04|Stealth Rock|[from] move: Rapid Spin|[of] p2a: Great Tusk\n|\n|-heal|p2a: Great Tusk|71\/100|[from] item: Leftovers\n|upkeep\n|turn|8\n|\n|t:|1700443743\n|switch|p1a: Naclstack|Naclstack, F|28\/100\n|move|p2a: Great Tusk|Knock Off|p1a: Naclstack\n|-damage|p1a: Naclstack|8\/100\n|-enditem|p1a: Naclstack|Eviolite|[from] move: Knock Off|[of] p2a: Great Tusk\n|\n|-heal|p2a: Great Tusk|78\/100|[from] item: Leftovers\n|upkeep\n|turn|9\n|\n|t:|1700443751\n|move|p2a: Great Tusk|Rapid Spin|p1a: Naclstack\n|-resisted|p1a: Naclstack\n|-damage|p1a: Naclstack|1\/100\n|-boost|p2a: Great Tusk|spe|1\n|move|p1a: Naclstack|Salt Cure|p2a: Great Tusk\n|-resisted|p2a: Great Tusk\n|-damage|p2a: Great Tusk|77\/100\n|-start|p2a: Great Tusk|Salt Cure\n|\n|-heal|p2a: Great Tusk|83\/100|[from] item: Leftovers\n|-damage|p2a: Great Tusk|70\/100|[from] Salt Cure\n|upkeep\n|turn|10\n|\n|t:|1700443771\n|move|p2a: Great Tusk|Rapid Spin|p1a: Naclstack\n|-resisted|p1a: Naclstack\n|-damage|p1a: Naclstack|0 fnt\n|-boost|p2a: Great Tusk|spe|1\n|faint|p1a: Naclstack\n|\n|-heal|p2a: Great Tusk|77\/100|[from] item: Leftovers\n|-damage|p2a: Great Tusk|64\/100|[from] Salt Cure\n|upkeep\n|\n|t:|1700443783\n|switch|p1a: Grimmsnarl|Grimmsnarl, M|100\/100\n|turn|11\n|\n|t:|1700443793\n|-terastallize|p2a: Great Tusk|Ground\n|move|p1a: Grimmsnarl|Reflect|p1a: Grimmsnarl\n|-sidestart|p1: Mackarp129|Reflect\n|move|p2a: Great Tusk|Earthquake|p1a: Grimmsnarl\n|-damage|p1a: Grimmsnarl|73\/100\n|\n|-heal|p2a: Great Tusk|70\/100|[from] item: Leftovers\n|-damage|p2a: Great Tusk|58\/100|[from] Salt Cure\n|upkeep\n|turn|12\n|\n|t:|1700443807\n|move|p1a: Grimmsnarl|Light Screen|p1a: Grimmsnarl\n|-sidestart|p1: Mackarp129|move: Light Screen\n|move|p2a: Great Tusk|Body Press|p1a: Grimmsnarl\n|-damage|p1a: Grimmsnarl|52\/100\n|\n|-heal|p2a: Great Tusk|64\/100|[from] item: Leftovers\n|-damage|p2a: Great Tusk|52\/100|[from] Salt Cure\n|upkeep\n|turn|13\n|\n|t:|1700443817\n|-end|p2a: Great Tusk|Protosynthesis|[silent]\n|switch|p2a: Sneasel|Sneasel, F|100\/100\n|move|p1a: Grimmsnarl|Parting Shot|p2a: Sneasel\n|-hint|Since gen 7, Dark is immune to Prankster moves.\n|-immune|p2a: Sneasel\n|\n|upkeep\n|turn|14\n|\n|t:|1700443827\n|switch|p1a: Greninja|Greninja, M|100\/100\n|move|p2a: Sneasel|Ice Shard|p1a: Greninja\n|-resisted|p1a: Greninja\n|-damage|p1a: Greninja|90\/100\n|\n|upkeep\n|turn|15\n|\n|t:|1700443836\n|switch|p2a: Rotom|Rotom-Wash|100\/100\n|move|p1a: Greninja|Hydro Pump|p2a: Rotom\n|-resisted|p2a: Rotom\n|-damage|p2a: Rotom|76\/100\n|\n|-heal|p2a: Rotom|82\/100|[from] item: Leftovers\n|upkeep\n|turn|16\n|\n|t:|1700443846\n|move|p1a: Greninja|Dark Pulse|p2a: Rotom\n|-damage|p2a: Rotom|45\/100\n|move|p2a: Rotom|Will-O-Wisp|p1a: Greninja\n|-status|p1a: Greninja|brn\n|\n|-heal|p2a: Rotom|51\/100|[from] item: Leftovers\n|-damage|p1a: Greninja|84\/100 brn|[from] brn\n|upkeep\n|turn|17\n|\n|t:|1700443855\n|move|p1a: Greninja|Dark Pulse|p2a: Rotom\n|-damage|p2a: Rotom|15\/100\n|cant|p2a: Rotom|flinch\n|\n|-heal|p2a: Rotom|21\/100|[from] item: Leftovers\n|-damage|p1a: Greninja|78\/100 brn|[from] brn\n|upkeep\n|turn|18\n|\n|t:|1700443862\n|move|p2a: Rotom|Protect|p2a: Rotom\n|-singleturn|p2a: Rotom|Protect\n|move|p1a: Greninja|Dark Pulse|p2a: Rotom\n|-activate|p2a: Rotom|move: Protect\n|\n|-heal|p2a: Rotom|27\/100|[from] item: Leftovers\n|-damage|p1a: Greninja|72\/100 brn|[from] brn\n|-sideend|p1: Mackarp129|Reflect\n|upkeep\n|turn|19\n|\n|t:|1700443880\n|switch|p2a: Mew|Mew|100\/100\n|move|p1a: Greninja|Dark Pulse|p2a: Mew\n|-supereffective|p2a: Mew\n|-damage|p2a: Mew|40\/100\n|\n|-heal|p2a: Mew|47\/100|[from] item: Leftovers\n|-damage|p1a: Greninja|66\/100 brn|[from] brn\n|-sideend|p1: Mackarp129|move: Light Screen\n|upkeep\n|turn|20\n|\n|t:|1700443890\n|switch|p2a: Sylveon|Sylveon, F|100\/100\n|move|p1a: Greninja|Dark Pulse|p2a: Sylveon\n|-resisted|p2a: Sylveon\n|-damage|p2a: Sylveon|88\/100\n|\n|-damage|p1a: Greninja|60\/100 brn|[from] brn\n|upkeep\n|turn|21\n|\n|t:|1700443899\n|move|p1a: Greninja|Hydro Pump|p2a: Sylveon\n|-damage|p2a: Sylveon|54\/100\n|move|p2a: Sylveon|Wish|p2a: Sylveon\n|\n|-damage|p1a: Greninja|54\/100 brn|[from] brn\n|upkeep\n|turn|22\n|\n|t:|1700443912\n|move|p2a: Sylveon|Protect|p2a: Sylveon\n|-singleturn|p2a: Sylveon|Protect\n|move|p1a: Greninja|Hydro Pump|p2a: Sylveon\n|-activate|p2a: Sylveon|move: Protect\n|\n|-heal|p2a: Sylveon|100\/100|[from] move: Wish|[wisher] Sylveon\n|-damage|p1a: Greninja|48\/100 brn|[from] brn\n|upkeep\n|turn|23\n|\n|t:|1700443922\n|switch|p1a: Espeon|Espeon, F|100\/100\n|move|p2a: Sylveon|Wish|p2a: Sylveon\n|\n|upkeep\n|turn|24\n|\n|t:|1700443931\n|switch|p2a: Mew|Mew|47\/100\n|move|p1a: Espeon|Calm Mind|p1a: Espeon\n|-boost|p1a: Espeon|spa|1\n|-boost|p1a: Espeon|spd|1\n|\n|-heal|p2a: Mew|97\/100|[from] move: Wish|[wisher] Sylveon\n|-heal|p2a: Mew|100\/100|[from] item: Leftovers\n|upkeep\n|turn|25\n|\n|t:|1700443946\n|-terastallize|p1a: Espeon|Steel\n|move|p2a: Mew|Stealth Rock|p1a: Espeon\n|move|p1a: Espeon|Stealth Rock|p2a: Mew|[from]ability: Magic Bounce\n|-sidestart|p2: hiimaiden04|move: Stealth Rock\n|move|p1a: Espeon|Calm Mind|p1a: Espeon\n|-boost|p1a: Espeon|spa|1\n|-boost|p1a: Espeon|spd|1\n|\n|upkeep\n|turn|26\n|c|\u2606hiimaiden04|oh my god\n|\n|t:|1700443967\n|switch|p2a: Great Tusk|Great Tusk, tera:Ground|52\/100\n|-damage|p2a: Great Tusk|45\/100|[from] Stealth Rock\n|move|p1a: Espeon|Stored Power|p2a: Great Tusk\n|-damage|p2a: Great Tusk|0 fnt\n|faint|p2a: Great Tusk\n|-end|p2a: Great Tusk|Protosynthesis|[silent]\n|\n|upkeep\n|inactive|hiimaiden04 has 270 seconds left.\n|\n|t:|1700443983\n|switch|p2a: Mew|Mew|100\/100\n|-damage|p2a: Mew|88\/100|[from] Stealth Rock\n|turn|27\n|c|\u2606hiimaiden04|I believe\n|c|\u2606hiimaiden04|i may have misplayed\n|inactive|hiimaiden04 has 270 seconds left.\n|\n|t:|1700443993\n|move|p2a: Mew|Brick Break|p1a: Espeon\n|-supereffective|p1a: Espeon\n|-damage|p1a: Espeon|67\/100\n|move|p1a: Espeon|Calm Mind|p1a: Espeon\n|-boost|p1a: Espeon|spa|1\n|-boost|p1a: Espeon|spd|1\n|\n|-heal|p2a: Mew|94\/100|[from] item: Leftovers\n|-heal|p1a: Espeon|73\/100|[from] item: Leftovers\n|upkeep\n|turn|28\n|\n|t:|1700444003\n|move|p2a: Mew|Brick Break|p1a: Espeon\n|-supereffective|p1a: Espeon\n|-damage|p1a: Espeon|40\/100\n|move|p1a: Espeon|Stored Power|p2a: Mew\n|-resisted|p2a: Mew\n|-damage|p2a: Mew|28\/100\n|\n|-heal|p2a: Mew|34\/100|[from] item: Leftovers\n|-heal|p1a: Espeon|46\/100|[from] item: Leftovers\n|upkeep\n|turn|29\n|\n|t:|1700444012\n|move|p2a: Mew|Brick Break|p1a: Espeon\n|-supereffective|p1a: Espeon\n|-damage|p1a: Espeon|13\/100\n|move|p1a: Espeon|Stored Power|p2a: Mew\n|-resisted|p2a: Mew\n|-damage|p2a: Mew|0 fnt\n|faint|p2a: Mew\n|\n|-heal|p1a: Espeon|19\/100|[from] item: Leftovers\n|upkeep\n|inactive|hiimaiden04 has 270 seconds left.\n|\n|t:|1700444029\n|switch|p2a: Sneasel|Sneasel, F|100\/100\n|-damage|p2a: Sneasel|76\/100|[from] Stealth Rock\n|turn|30\n|\n|t:|1700444045\n|switch|p1a: Corviknight|Corviknight, F|83\/100\n|move|p2a: Sneasel|Low Kick|p1a: Corviknight\n|-damage|p1a: Corviknight|62\/100\n|\n|upkeep\n|turn|31\n|inactive|hiimaiden04 has 270 seconds left.\n|\n|t:|1700444064\n|switch|p2a: Rotom|Rotom-Wash|27\/100\n|-damage|p2a: Rotom|15\/100|[from] Stealth Rock\n|move|p1a: Corviknight|Tailwind|p1a: Corviknight\n|-sidestart|p1: Mackarp129|move: Tailwind\n|\n|-heal|p2a: Rotom|21\/100|[from] item: Leftovers\n|upkeep\n|turn|32\n|\n|t:|1700444073\n|move|p1a: Corviknight|Body Press|p2a: Rotom\n|-damage|p2a: Rotom|0 fnt\n|faint|p2a: Rotom\n|\n|upkeep\n|\n|t:|1700444077\n|switch|p2a: Sneasel|Sneasel, F|76\/100\n|-damage|p2a: Sneasel|51\/100|[from] Stealth Rock\n|turn|33\n|\n|t:|1700444082\n|move|p2a: Sneasel|Icicle Crash|p1a: Corviknight\n|-damage|p1a: Corviknight|32\/100\n|move|p1a: Corviknight|Body Press|p2a: Sneasel\n|-supereffective|p2a: Sneasel\n|-damage|p2a: Sneasel|0 fnt\n|faint|p2a: Sneasel\n|\n|upkeep\n|\n|t:|1700444089\n|switch|p2a: Gholdengo|Gholdengo|100\/100\n|-damage|p2a: Gholdengo|94\/100|[from] Stealth Rock\n|turn|34\n|\n|t:|1700444096\n|move|p1a: Corviknight|Roost|p1a: Corviknight\n|-heal|p1a: Corviknight|82\/100\n|-singleturn|p1a: Corviknight|move: Roost\n|move|p2a: Gholdengo|Make It Rain|p1a: Corviknight\n|-resisted|p1a: Corviknight\n|-damage|p1a: Corviknight|57\/100\n|-unboost|p2a: Gholdengo|spa|1\n|\n|-heal|p2a: Gholdengo|100\/100|[from] item: Leftovers\n|-sideend|p1: Mackarp129|move: Tailwind\n|upkeep\n|turn|35\n|\n|t:|1700444109\n|move|p2a: Gholdengo|Nasty Plot|p2a: Gholdengo\n|-boost|p2a: Gholdengo|spa|2\n|move|p1a: Corviknight|Tailwind|p1a: Corviknight\n|-sidestart|p1: Mackarp129|move: Tailwind\n|\n|upkeep\n|turn|36\n|\n|t:|1700444115\n|switch|p1a: Espeon|Espeon, F, tera:Steel|19\/100\n|move|p2a: Gholdengo|Nasty Plot|p2a: Gholdengo\n|-boost|p2a: Gholdengo|spa|2\n|\n|-heal|p1a: Espeon|25\/100|[from] item: Leftovers\n|upkeep\n|turn|37\n|\n|t:|1700444124\n|move|p1a: Espeon|Stored Power|p2a: Gholdengo\n|-resisted|p2a: Gholdengo\n|-damage|p2a: Gholdengo|97\/100\n|move|p2a: Gholdengo|Shadow Ball|p1a: Espeon\n|-damage|p1a: Espeon|0 fnt\n|faint|p1a: Espeon\n|\n|-heal|p2a: Gholdengo|100\/100|[from] item: Leftovers\n|upkeep\n|\n|t:|1700444133\n|switch|p1a: Hawlucha|Hawlucha, F|78\/100\n|turn|38\n|\n|t:|1700444140\n|move|p1a: Hawlucha|Sky Attack||[still]\n|-prepare|p1a: Hawlucha|Sky Attack\n|-enditem|p1a: Hawlucha|Power Herb\n|-anim|p1a: Hawlucha|Sky Attack|p2a: Gholdengo\n|-resisted|p2a: Gholdengo\n|-crit|p2a: Gholdengo\n|-damage|p2a: Gholdengo|63\/100\n|move|p2a: Gholdengo|Make It Rain|p1a: Hawlucha\n|-damage|p1a: Hawlucha|0 fnt\n|-unboost|p2a: Gholdengo|spa|1\n|faint|p1a: Hawlucha\n|\n|-heal|p2a: Gholdengo|69\/100|[from] item: Leftovers\n|-sideend|p1: Mackarp129|move: Tailwind\n|upkeep\n|l|\u2606hiimaiden04\n|inactive|hiimaiden04 disconnected and has 300 seconds to reconnect!\n|player|p2|\n|\n|t:|1700444154\n|switch|p1a: Greninja|Greninja, M|48\/100 brn\n|turn|39\n|j|\u2606hiimaiden04\n|inactive|hiimaiden04 reconnected and has 300 seconds left.\n|player|p2|hiimaiden04|170\n|\n|t:|1700444178\n|move|p1a: Greninja|Dark Pulse|p2a: Gholdengo\n|-supereffective|p2a: Gholdengo\n|-crit|p2a: Gholdengo\n|-damage|p2a: Gholdengo|0 fnt\n|faint|p2a: Gholdengo\n|-ability|p1a: Greninja|Battle Bond|boost\n|-boost|p1a: Greninja|atk|1\n|-boost|p1a: Greninja|spa|1\n|-boost|p1a: Greninja|spe|1\n|-activate|p1a: Greninja|ability: Battle Bond\n|\n|-damage|p1a: Greninja|42\/100 brn|[from] brn\n|upkeep\n|\n|t:|1700444188\n|switch|p2a: Sylveon|Sylveon, F|100\/100\n|-damage|p2a: Sylveon|88\/100|[from] Stealth Rock\n|turn|40\n|\n|t:|1700444198\n|move|p2a: Sylveon|Protect|p2a: Sylveon\n|-singleturn|p2a: Sylveon|Protect\n|move|p1a: Greninja|Hydro Pump|p2a: Sylveon\n|-activate|p2a: Sylveon|move: Protect\n|\n|-damage|p1a: Greninja|36\/100 brn|[from] brn\n|upkeep\n|turn|41\n|\n|t:|1700444205\n|move|p1a: Greninja|Hydro Pump|p2a: Sylveon\n|-damage|p2a: Sylveon|39\/100\n|move|p2a: Sylveon|Hyper Voice|p1a: Greninja\n|-supereffective|p1a: Greninja\n|-damage|p1a: Greninja|0 fnt\n|faint|p1a: Greninja\n|\n|upkeep\n|\n|t:|1700444214\n|switch|p1a: Grimmsnarl|Grimmsnarl, M|52\/100\n|turn|42\n|\n|t:|1700444219\n|move|p1a: Grimmsnarl|Light Screen|p1a: Grimmsnarl\n|-sidestart|p1: Mackarp129|move: Light Screen\n|move|p2a: Sylveon|Copycat|p2a: Sylveon\n|move|p2a: Sylveon|Light Screen|p2a: Sylveon|[from]move: Copycat\n|-sidestart|p2: hiimaiden04|move: Light Screen\n|\n|upkeep\n|turn|43\n|\n|t:|1700444226\n|move|p1a: Grimmsnarl|Reflect|p1a: Grimmsnarl\n|-sidestart|p1: Mackarp129|Reflect\n|move|p2a: Sylveon|Wish|p2a: Sylveon\n|\n|upkeep\n|turn|44\n|\n|t:|1700444234\n|move|p2a: Sylveon|Protect|p2a: Sylveon\n|-singleturn|p2a: Sylveon|Protect\n|move|p1a: Grimmsnarl|Parting Shot|p2a: Sylveon\n|-activate|p2a: Sylveon|move: Protect\n|\n|-heal|p2a: Sylveon|89\/100|[from] move: Wish|[wisher] Sylveon\n|upkeep\n|turn|45\n|\n|t:|1700444246\n|move|p1a: Grimmsnarl|Parting Shot|p2a: Sylveon\n|-unboost|p2a: Sylveon|atk|1\n|-unboost|p2a: Sylveon|spa|1\n|\n|t:|1700444250\n|switch|p1a: Corviknight|Corviknight, F|57\/100|[from] Parting Shot\n|move|p2a: Sylveon|Hyper Voice|p1a: Corviknight\n|-resisted|p1a: Corviknight\n|-damage|p1a: Corviknight|50\/100\n|\n|upkeep\n|turn|46\n|\n|t:|1700444258\n|move|p2a: Sylveon|Protect|p2a: Sylveon\n|-singleturn|p2a: Sylveon|Protect\n|move|p1a: Corviknight|Roost|p1a: Corviknight\n|-heal|p1a: Corviknight|100\/100\n|-singleturn|p1a: Corviknight|move: Roost\n|\n|upkeep\n|turn|47\n|\n|t:|1700444266\n|switch|p1a: Grimmsnarl|Grimmsnarl, M|52\/100\n|move|p2a: Sylveon|Copycat|p2a: Sylveon\n|move|p2a: Sylveon|Roost|p2a: Sylveon|[from]move: Copycat\n|-heal|p2a: Sylveon|100\/100\n|-singleturn|p2a: Sylveon|move: Roost\n|\n|upkeep\n|turn|48\n|\n|t:|1700444275\n|move|p1a: Grimmsnarl|Parting Shot|p2a: Sylveon\n|-unboost|p2a: Sylveon|atk|1\n|-unboost|p2a: Sylveon|spa|1\n|\n|t:|1700444280\n|switch|p1a: Corviknight|Corviknight, F|100\/100|[from] Parting Shot\n|move|p2a: Sylveon|Hyper Voice|p1a: Corviknight\n|-resisted|p1a: Corviknight\n|-damage|p1a: Corviknight|96\/100\n|\n|upkeep\n|turn|49\n|c|\u2606hiimaiden04|wait this is so fucked LOL\n|\n|t:|1700444293\n|move|p1a: Corviknight|Iron Defense|p1a: Corviknight\n|-boost|p1a: Corviknight|def|2\n|move|p2a: Sylveon|Hyper Voice|p1a: Corviknight\n|-resisted|p1a: Corviknight\n|-damage|p1a: Corviknight|91\/100\n|\n|-sideend|p2: hiimaiden04|move: Light Screen\n|-sideend|p1: Mackarp129|move: Light Screen\n|upkeep\n|turn|50\n|-message|hiimaiden04 forfeited.\n|\n|win|Mackarp129\n|l|\u2606hiimaiden04\n|c|\u2606Mackarp129|thank you\n|l|\u2606Mackarp129\n|j|\u2606Mackarp129\n|player|p1|Mackarp129|marley\n","uploadtime":1700444828,"views":15,"p1id":"mackarp129","p2id":"hiimaiden04","formatid":"gen9ou","rating":0,"private":0,"password":""}