{"id":"gen9ou-1990288391","p1":"ChillLanturnYT","p2":"nayeer","format":"[Gen 9] OU","log":"|j|\u2606ChillLanturnYT\n|j|\u2606nayeer\n|t:|1699951236\n|gametype|singles\n|player|p1|ChillLanturnYT|palmer|1077\n|player|p2|nayeer|102|1168\n|teamsize|p1|6\n|teamsize|p2|6\n|gen|9\n|tier|[Gen 9] OU\n|rated|\n|rule|Sleep Clause Mod: Limit one foe put to sleep\n|rule|Species Clause: Limit one of each Pok\u00e9mon\n|rule|OHKO Clause: OHKO moves are banned\n|rule|Evasion Items Clause: Evasion items are banned\n|rule|Evasion Moves Clause: Evasion moves are banned\n|rule|Endless Battle Clause: Forcing endless battles is banned\n|rule|HP Percentage Mod: HP is shown in percentages\n|clearpoke\n|poke|p1|Ninetales-Alola, F|\n|poke|p1|Gholdengo|\n|poke|p1|Mew|\n|poke|p1|Clefable, F|\n|poke|p1|Mandibuzz, F|\n|poke|p1|Overqwil, M|\n|poke|p2|Cinderace, F|\n|poke|p2|Torkoal, F|\n|poke|p2|Walking Wake|\n|poke|p2|Iron Valiant|\n|poke|p2|Dragapult, F|\n|poke|p2|Lilligant-Hisui, F|\n|teampreview\n|\n|t:|1699951243\n|start\n|switch|p1a: Mew|Mew|100\/100\n|switch|p2a: Torkoal|Torkoal, F|100\/100\n|-weather|SunnyDay|[from] ability: Drought|[of] p2a: Torkoal\n|turn|1\n|\n|t:|1699951251\n|move|p1a: Mew|Toxic Spikes|p2a: Torkoal\n|-sidestart|p2: nayeer|move: Toxic Spikes\n|move|p2a: Torkoal|Yawn|p1a: Mew\n|-start|p1a: Mew|move: Yawn|[of] p2a: Torkoal\n|\n|-weather|SunnyDay|[upkeep]\n|upkeep\n|turn|2\n|\n|t:|1699951273\n|switch|p1a: Ninetales|Ninetales-Alola, F|100\/100\n|-weather|Snow|[from] ability: Snow Warning|[of] p1a: Ninetales\n|switch|p2a: Walking Wake|Walking Wake|100\/100\n|-status|p2a: Walking Wake|psn\n|\n|-weather|Snow|[upkeep]\n|-damage|p2a: Walking Wake|88\/100 psn|[from] psn\n|upkeep\n|turn|3\n|\n|t:|1699951287\n|-end|p2a: Walking Wake|Protosynthesis|[silent]\n|switch|p2a: Torkoal|Torkoal, F|100\/100\n|-status|p2a: Torkoal|psn\n|-weather|SunnyDay|[from] ability: Drought|[of] p2a: Torkoal\n|move|p1a: Ninetales|Moonblast|p2a: Torkoal\n|-resisted|p2a: Torkoal\n|-damage|p2a: Torkoal|66\/100 psn\n|\n|-weather|SunnyDay|[upkeep]\n|-damage|p2a: Torkoal|53\/100 psn|[from] psn\n|upkeep\n|turn|4\n|\n|t:|1699951299\n|switch|p1a: Mew|Mew|100\/100\n|move|p2a: Torkoal|Yawn|p1a: Mew\n|-start|p1a: Mew|move: Yawn|[of] p2a: Torkoal\n|\n|-weather|SunnyDay|[upkeep]\n|-damage|p2a: Torkoal|41\/100 psn|[from] psn\n|upkeep\n|turn|5\n|\n|t:|1699951307\n|switch|p1a: Ninetales|Ninetales-Alola, F|100\/100\n|-weather|Snow|[from] ability: Snow Warning|[of] p1a: Ninetales\n|move|p2a: Torkoal|Flamethrower|p1a: Ninetales\n|-supereffective|p1a: Ninetales\n|-damage|p1a: Ninetales|16\/100\n|\n|-weather|Snow|[upkeep]\n|-damage|p2a: Torkoal|28\/100 psn|[from] psn\n|upkeep\n|turn|6\n|\n|t:|1699951318\n|switch|p2a: Cinderace|Cinderace, F|100\/100\n|-status|p2a: Cinderace|psn\n|move|p1a: Ninetales|Moonblast|p2a: Cinderace\n|-resisted|p2a: Cinderace\n|-damage|p2a: Cinderace|63\/100 psn\n|\n|-weather|Snow|[upkeep]\n|-damage|p2a: Cinderace|51\/100 psn|[from] psn\n|upkeep\n|turn|7\n|\n|t:|1699951329\n|switch|p1a: Mandibuzz|Mandibuzz, F|100\/100\n|move|p2a: Cinderace|Pyro Ball|p1a: Mandibuzz\n|-damage|p1a: Mandibuzz|65\/100\n|\n|-weather|Snow|[upkeep]\n|-damage|p2a: Cinderace|38\/100 psn|[from] psn\n|upkeep\n|turn|8\n|\n|t:|1699951338\n|move|p2a: Cinderace|Pyro Ball|p1a: Mandibuzz\n|-crit|p1a: Mandibuzz\n|-damage|p1a: Mandibuzz|12\/100\n|move|p1a: Mandibuzz|Foul Play|p2a: Cinderace\n|-damage|p2a: Cinderace|0 fnt\n|faint|p2a: Cinderace\n|\n|-weather|Snow|[upkeep]\n|upkeep\n|\n|t:|1699951357\n|switch|p2a: Dragapult|Dragapult, F|100\/100\n|-status|p2a: Dragapult|psn\n|turn|9\n|\n|t:|1699951367\n|switch|p1a: Clefable|Clefable, F|100\/100\n|move|p2a: Dragapult|Flamethrower|p1a: Clefable\n|-damage|p1a: Clefable|77\/100\n|-damage|p2a: Dragapult|91\/100 psn|[from] item: Life Orb\n|\n|-weather|none\n|-heal|p1a: Clefable|83\/100|[from] item: Leftovers\n|-damage|p2a: Dragapult|78\/100 psn|[from] psn\n|upkeep\n|turn|10\n|\n|t:|1699951378\n|move|p2a: Dragapult|U-turn|p1a: Clefable\n|-resisted|p1a: Clefable\n|-damage|p1a: Clefable|68\/100\n|-damage|p2a: Dragapult|69\/100 psn|[from] item: Life Orb\n|\n|t:|1699951382\n|switch|p2a: Torkoal|Torkoal, F|28\/100 psn|[from] U-turn\n|-weather|SunnyDay|[from] ability: Drought|[of] p2a: Torkoal\n|move|p1a: Clefable|Calm Mind|p1a: Clefable\n|-boost|p1a: Clefable|spa|1\n|-boost|p1a: Clefable|spd|1\n|\n|-weather|SunnyDay|[upkeep]\n|-heal|p1a: Clefable|74\/100|[from] item: Leftovers\n|-damage|p2a: Torkoal|16\/100 psn|[from] psn\n|upkeep\n|turn|11\n|\n|t:|1699951395\n|move|p1a: Clefable|Flamethrower|p2a: Torkoal\n|-resisted|p2a: Torkoal\n|-damage|p2a: Torkoal|0 fnt\n|faint|p2a: Torkoal\n|\n|-weather|SunnyDay|[upkeep]\n|-heal|p1a: Clefable|80\/100|[from] item: Leftovers\n|upkeep\n|\n|t:|1699951413\n|switch|p2a: Walking Wake|Walking Wake|88\/100 psn\n|-activate|p2a: Walking Wake|ability: Protosynthesis\n|-start|p2a: Walking Wake|protosynthesisspa\n|turn|12\n|\n|t:|1699951420\n|-terastallize|p2a: Walking Wake|Water\n|move|p2a: Walking Wake|Hydro Steam|p1a: Clefable\n|-damage|p1a: Clefable|21\/100\n|move|p1a: Clefable|Moonlight|p1a: Clefable\n|-heal|p1a: Clefable|88\/100\n|\n|-weather|SunnyDay|[upkeep]\n|-heal|p1a: Clefable|94\/100|[from] item: Leftovers\n|-damage|p2a: Walking Wake|76\/100 psn|[from] psn\n|upkeep\n|turn|13\n|\n|t:|1699951435\n|move|p2a: Walking Wake|Hydro Steam|p1a: Clefable\n|-damage|p1a: Clefable|41\/100\n|move|p1a: Clefable|Calm Mind|p1a: Clefable\n|-boost|p1a: Clefable|spa|1\n|-boost|p1a: Clefable|spd|1\n|\n|-weather|SunnyDay|[upkeep]\n|-heal|p1a: Clefable|47\/100|[from] item: Leftovers\n|-damage|p2a: Walking Wake|63\/100 psn|[from] psn\n|upkeep\n|turn|14\n|\n|t:|1699951447\n|move|p2a: Walking Wake|Hydro Steam|p1a: Clefable\n|-damage|p1a: Clefable|7\/100\n|move|p1a: Clefable|Moonlight|p1a: Clefable\n|-heal|p1a: Clefable|74\/100\n|\n|-weather|SunnyDay|[upkeep]\n|-heal|p1a: Clefable|80\/100|[from] item: Leftovers\n|-damage|p2a: Walking Wake|51\/100 psn|[from] psn\n|upkeep\n|turn|15\n|-message|nayeer forfeited.\n|\n|win|ChillLanturnYT\n|raw|ChillLanturnYT's rating: 1077 &rarr; <strong>1113<\/strong><br \/>(+36 for winning)\n|raw|nayeer's rating: 1168 &rarr; <strong>1137<\/strong><br \/>(-31 for losing)\n|l|\u2606nayeer\n","uploadtime":1699951463,"views":9,"p1id":"chilllanturnyt","p2id":"nayeer","formatid":"gen9ou","rating":1113,"private":0,"password":""}