{"id":"gen9ou-1988664331","p1":"Nayboknows","p2":"Another Brazy","format":"[Gen 9] OU","log":"|j|\u2606Nayboknows\n|j|\u2606Another Brazy\n|t:|1699747900\n|gametype|singles\n|player|p1|Nayboknows|nessa-masters|1455\n|player|p2|Another Brazy|lucas|1478\n|teamsize|p1|6\n|teamsize|p2|6\n|gen|9\n|tier|[Gen 9] OU\n|rated|\n|rule|Sleep Clause Mod: Limit one foe put to sleep\n|rule|Species Clause: Limit one of each Pok\u00e9mon\n|rule|OHKO Clause: OHKO moves are banned\n|rule|Evasion Items Clause: Evasion items are banned\n|rule|Evasion Moves Clause: Evasion moves are banned\n|rule|Endless Battle Clause: Forcing endless battles is banned\n|rule|HP Percentage Mod: HP is shown in percentages\n|clearpoke\n|poke|p1|Dragapult, M|\n|poke|p1|Kingambit, M|\n|poke|p1|Ogerpon-Wellspring, F|\n|poke|p1|Gliscor, M|\n|poke|p1|Slowking-Galar, M|\n|poke|p1|Cinderace, M|\n|poke|p2|Ogerpon-Cornerstone, F|\n|poke|p2|Slowbro-Galar, F|\n|poke|p2|Kingambit, M|\n|poke|p2|Hoopa-Unbound|\n|poke|p2|Ditto|\n|poke|p2|Vivillon, M|\n|teampreview\n|\n|t:|1699747923\n|start\n|switch|p1a: Gliscor|Gliscor, M|100\/100\n|switch|p2a: Ogerpon|Ogerpon-Cornerstone, F|100\/100\n|turn|1\n|\n|t:|1699747928\n|move|p2a: Ogerpon|Spikes|p1a: Gliscor\n|-sidestart|p1: Nayboknows|Spikes\n|move|p1a: Gliscor|Toxic|p2a: Ogerpon\n|-status|p2a: Ogerpon|tox\n|\n|-damage|p2a: Ogerpon|95\/100 tox|[from] psn\n|-status|p1a: Gliscor|tox|[from] item: Toxic Orb\n|upkeep\n|turn|2\n|\n|t:|1699747931\n|move|p2a: Ogerpon|Spikes|p1a: Gliscor\n|-sidestart|p1: Nayboknows|Spikes\n|move|p1a: Gliscor|Spikes|p2a: Ogerpon\n|-sidestart|p2: Another Brazy|Spikes\n|\n|-damage|p2a: Ogerpon|83\/100 tox|[from] psn\n|upkeep\n|turn|3\n|\n|t:|1699747933\n|move|p2a: Ogerpon|Taunt|p1a: Gliscor\n|-start|p1a: Gliscor|move: Taunt\n|cant|p1a: Gliscor|move: Taunt|Spikes\n|\n|-damage|p2a: Ogerpon|65\/100 tox|[from] psn\n|upkeep\n|turn|4\n|\n|t:|1699747935\n|move|p2a: Ogerpon|Spikes|p1a: Gliscor\n|-sidestart|p1: Nayboknows|Spikes\n|move|p1a: Gliscor|Earthquake|p2a: Ogerpon\n|-damage|p2a: Ogerpon|19\/100 tox\n|\n|-damage|p2a: Ogerpon|0 fnt|[from] psn\n|faint|p2a: Ogerpon\n|upkeep\n|\n|t:|1699747942\n|switch|p2a: Hoopa|Hoopa-Unbound|100\/100\n|-damage|p2a: Hoopa|88\/100|[from] Spikes\n|turn|5\n|\n|t:|1699747965\n|move|p1a: Gliscor|Earthquake|p2a: Hoopa\n|-damage|p2a: Hoopa|44\/100\n|move|p2a: Hoopa|Nasty Plot|p2a: Hoopa\n|-boost|p2a: Hoopa|spa|2\n|\n|-end|p1a: Gliscor|move: Taunt\n|upkeep\n|turn|6\n|\n|t:|1699747979\n|move|p1a: Gliscor|Earthquake|p2a: Hoopa\n|-damage|p2a: Hoopa|0 fnt\n|faint|p2a: Hoopa\n|\n|upkeep\n|\n|t:|1699747988\n|switch|p2a: Vivillon|Vivillon, M|100\/100\n|turn|7\n|\n|t:|1699747992\n|move|p2a: Vivillon|Quiver Dance|p2a: Vivillon\n|-boost|p2a: Vivillon|spa|1\n|-boost|p2a: Vivillon|spd|1\n|-boost|p2a: Vivillon|spe|1\n|move|p1a: Gliscor|Toxic|p2a: Vivillon\n|-status|p2a: Vivillon|tox\n|\n|-damage|p2a: Vivillon|95\/100 tox|[from] psn\n|upkeep\n|turn|8\n|\n|t:|1699747996\n|move|p2a: Vivillon|Hurricane|p1a: Gliscor|[miss]\n|-miss|p2a: Vivillon|p1a: Gliscor\n|move|p1a: Gliscor|Spikes|p2a: Vivillon\n|-sidestart|p2: Another Brazy|Spikes\n|\n|-damage|p2a: Vivillon|83\/100 tox|[from] psn\n|upkeep\n|turn|9\n|\n|t:|1699748004\n|move|p1a: Gliscor|Protect|p1a: Gliscor\n|-singleturn|p1a: Gliscor|Protect\n|move|p2a: Vivillon|Hurricane|p1a: Gliscor\n|-activate|p1a: Gliscor|move: Protect\n|\n|-damage|p2a: Vivillon|65\/100 tox|[from] psn\n|upkeep\n|turn|10\n|\n|t:|1699748009\n|move|p2a: Vivillon|Hurricane|p1a: Gliscor\n|-damage|p1a: Gliscor|14\/100 tox\n|move|p1a: Gliscor|Spikes|p2a: Vivillon\n|-sidestart|p2: Another Brazy|Spikes\n|\n|-damage|p2a: Vivillon|41\/100 tox|[from] psn\n|-heal|p1a: Gliscor|27\/100 tox|[from] ability: Poison Heal\n|upkeep\n|turn|11\n|\n|t:|1699748012\n|move|p1a: Gliscor|Protect|p1a: Gliscor\n|-singleturn|p1a: Gliscor|Protect\n|move|p2a: Vivillon|Hurricane|p1a: Gliscor\n|-activate|p1a: Gliscor|move: Protect\n|\n|-damage|p2a: Vivillon|11\/100 tox|[from] psn\n|-heal|p1a: Gliscor|39\/100 tox|[from] ability: Poison Heal\n|upkeep\n|turn|12\n|\n|t:|1699748029\n|switch|p1a: Slowking|Slowking-Galar, M|100\/100\n|-damage|p1a: Slowking|76\/100|[from] Spikes\n|move|p2a: Vivillon|Hurricane|p1a: Slowking\n|-damage|p1a: Slowking|47\/100\n|\n|-damage|p2a: Vivillon|0 fnt|[from] psn\n|faint|p2a: Vivillon\n|upkeep\n|\n|t:|1699748033\n|switch|p2a: Slowbro|Slowbro-Galar, F|100\/100\n|-damage|p2a: Slowbro|76\/100|[from] Spikes\n|turn|13\n|-activate|p2a: Slowbro|item: Quick Claw\n|\n|t:|1699748047\n|move|p2a: Slowbro|Nasty Plot|p2a: Slowbro\n|-boost|p2a: Slowbro|spa|2\n|move|p1a: Slowking|Future Sight|p2a: Slowbro\n|-start|p1a: Slowking|move: Future Sight\n|\n|upkeep\n|turn|14\n|\n|t:|1699748054\n|switch|p1a: Kingambit|Kingambit, M|100\/100\n|-damage|p1a: Kingambit|75\/100|[from] Spikes\n|move|p2a: Slowbro|Flamethrower|p1a: Kingambit\n|-supereffective|p1a: Kingambit\n|-damage|p1a: Kingambit|0 fnt\n|faint|p1a: Kingambit\n|-end|p1a: Kingambit|fallenundefined|[silent]\n|\n|upkeep\n|\n|t:|1699748065\n|switch|p1a: Gliscor|Gliscor, M|39\/100 tox\n|turn|15\n|-activate|p2a: Slowbro|ability: Quick Draw\n|\n|t:|1699748070\n|move|p2a: Slowbro|Psyshock|p1a: Gliscor\n|-damage|p1a: Gliscor|0 fnt\n|faint|p1a: Gliscor\n|\n|-end|p2a: Slowbro|move: Future Sight\n|-damage|p2a: Slowbro|23\/100\n|upkeep\n|\n|t:|1699748075\n|switch|p1a: Cinderace|Cinderace, M|100\/100\n|turn|16\n|-activate|p2a: Slowbro|ability: Quick Draw\n|\n|t:|1699748079\n|move|p1a: Cinderace|Sucker Punch|p2a: Slowbro\n|-start|p1a: Cinderace|typechange|Dark|[from] ability: Libero\n|-supereffective|p2a: Slowbro\n|-damage|p2a: Slowbro|0 fnt\n|faint|p2a: Slowbro\n|\n|upkeep\n|\n|t:|1699748086\n|switch|p2a: Ditto|Ditto|100\/100\n|-damage|p2a: Ditto|75\/100|[from] Spikes\n|-transform|p2a: Ditto|p1a: Cinderace|[from] ability: Imposter\n|turn|17\n|\n|t:|1699748097\n|switch|p1a: Dragapult|Dragapult, M|100\/100\n|move|p2a: Ditto|Pyro Ball|p1a: Dragapult\n|-start|p2a: Ditto|typechange|Fire|[from] ability: Libero\n|-resisted|p1a: Dragapult\n|-damage|p1a: Dragapult|58\/100\n|\n|upkeep\n|turn|18\n|\n|t:|1699748105\n|move|p2a: Ditto|Sucker Punch|p1a: Dragapult\n|-supereffective|p1a: Dragapult\n|-damage|p1a: Dragapult|0 fnt\n|faint|p1a: Dragapult\n|\n|upkeep\n|\n|t:|1699748112\n|switch|p1a: Ogerpon|Ogerpon-Wellspring, F|100\/100\n|-damage|p1a: Ogerpon|76\/100|[from] Spikes\n|turn|19\n|\n|t:|1699748127\n|move|p2a: Ditto|Pyro Ball|p1a: Ogerpon|[miss]\n|-miss|p2a: Ditto|p1a: Ogerpon\n|move|p1a: Ogerpon|Ivy Cudgel|p2a: Ditto\n|-supereffective|p2a: Ditto\n|-crit|p2a: Ditto\n|-damage|p2a: Ditto|0 fnt\n|faint|p2a: Ditto\n|\n|upkeep\n|\n|t:|1699748132\n|switch|p2a: Kingambit|Kingambit, M|100\/100\n|-damage|p2a: Kingambit|75\/100|[from] Spikes\n|-activate|p2a: Kingambit|ability: Supreme Overlord\n|-start|p2a: Kingambit|fallen5|[silent]\n|turn|20\n|-activate|p2a: Kingambit|item: Quick Claw\n|\n|t:|1699748153\n|-terastallize|p1a: Ogerpon|Water\n|detailschange|p1a: Ogerpon|Ogerpon-Wellspring-Tera, F, tera:Water\n|-ability|p1a: Ogerpon|Embody Aspect (Wellspring)|boost\n|-boost|p1a: Ogerpon|spd|1\n|move|p2a: Kingambit|Kowtow Cleave|p1a: Ogerpon\n|-damage|p1a: Ogerpon|0 fnt\n|faint|p1a: Ogerpon\n|\n|upkeep\n|\n|t:|1699748172\n|switch|p1a: Slowking|Slowking-Galar, M|80\/100\n|-damage|p1a: Slowking|56\/100|[from] Spikes\n|turn|21\n|\n|t:|1699748176\n|move|p2a: Kingambit|Kowtow Cleave|p1a: Slowking\n|-supereffective|p1a: Slowking\n|-damage|p1a: Slowking|0 fnt\n|faint|p1a: Slowking\n|\n|upkeep\n|\n|t:|1699748178\n|switch|p1a: Cinderace|Cinderace, M|100\/100\n|turn|22\n|\n|t:|1699748182\n|-terastallize|p2a: Kingambit|Flying\n|move|p1a: Cinderace|Pyro Ball|p2a: Kingambit\n|-damage|p2a: Kingambit|36\/100\n|move|p2a: Kingambit|Kowtow Cleave|p1a: Cinderace\n|-damage|p1a: Cinderace|0 fnt\n|faint|p1a: Cinderace\n|\n|win|Another Brazy\n|raw|Nayboknows's rating: 1455 &rarr; <strong>1436<\/strong><br \/>(-19 for losing)\n|raw|Another Brazy's rating: 1478 &rarr; <strong>1497<\/strong><br \/>(+19 for winning)\n|l|\u2606Nayboknows\n","uploadtime":1699748190,"views":18,"p1id":"nayboknows","p2id":"anotherbrazy","formatid":"gen9ou","rating":1436,"private":0,"password":""}