{"id":"gen9ou-1995576615","p1":"SoccerLego4081","p2":"tera if u suck","format":"[Gen 9] OU","log":"|j|\u2606SoccerLego4081\n|j|\u2606tera if u suck\n|t:|1700584341\n|gametype|singles\n|player|p1|SoccerLego4081|hiker-gen4|1261\n|player|p2|tera if u suck|102|1298\n|teamsize|p1|6\n|teamsize|p2|6\n|gen|9\n|tier|[Gen 9] OU\n|rated|\n|rule|Sleep Clause Mod: Limit one foe put to sleep\n|rule|Species Clause: Limit one of each Pok\u00e9mon\n|rule|OHKO Clause: OHKO moves are banned\n|rule|Evasion Items Clause: Evasion items are banned\n|rule|Evasion Moves Clause: Evasion moves are banned\n|rule|Endless Battle Clause: Forcing endless battles is banned\n|rule|HP Percentage Mod: HP is shown in percentages\n|clearpoke\n|poke|p1|Enamorus, F|\n|poke|p1|Moltres|\n|poke|p1|Dragonite, M|\n|poke|p1|Manaphy|\n|poke|p1|Slowking-Galar, F|\n|poke|p1|Grimmsnarl, M|\n|poke|p2|Pawmot, F|\n|poke|p2|Alomomola, M|\n|poke|p2|Slowking-Galar, F|\n|poke|p2|Dragapult, M|\n|poke|p2|Meowscarada, F|\n|poke|p2|Cinderace, M|\n|teampreview\n|inactive|Battle timer is ON: inactive players will automatically lose when time's up. (requested by SoccerLego4081)\n|\n|t:|1700584355\n|start\n|switch|p1a: Moltres|Moltres|100\/100\n|switch|p2a: Slowking|Slowking-Galar, F|100\/100\n|turn|1\n|\n|t:|1700584360\n|move|p1a: Moltres|U-turn|p2a: Slowking\n|-damage|p2a: Slowking|86\/100\n|\n|t:|1700584363\n|switch|p1a: Grimmsnarl|Grimmsnarl, M|100\/100|[from] U-turn\n|move|p2a: Slowking|Future Sight|p1a: Grimmsnarl\n|-start|p2a: Slowking|move: Future Sight\n|\n|-heal|p2a: Slowking|92\/100|[from] item: Leftovers\n|upkeep\n|turn|2\n|\n|t:|1700584368\n|move|p1a: Grimmsnarl|Reflect|p1a: Grimmsnarl\n|-sidestart|p1: SoccerLego4081|Reflect\n|move|p2a: Slowking|Sludge Bomb|p1a: Grimmsnarl\n|-supereffective|p1a: Grimmsnarl\n|-damage|p1a: Grimmsnarl|48\/100\n|-status|p1a: Grimmsnarl|psn\n|\n|-heal|p2a: Slowking|98\/100|[from] item: Leftovers\n|-damage|p1a: Grimmsnarl|36\/100 psn|[from] psn\n|upkeep\n|turn|3\n|\n|t:|1700584376\n|move|p1a: Grimmsnarl|Light Screen|p1a: Grimmsnarl\n|-sidestart|p1: SoccerLego4081|move: Light Screen\n|move|p2a: Slowking|Sludge Bomb|p1a: Grimmsnarl\n|-supereffective|p1a: Grimmsnarl\n|-damage|p1a: Grimmsnarl|10\/100 psn\n|\n|-end|p1a: Grimmsnarl|move: Future Sight\n|-immune|p1a: Grimmsnarl\n|-heal|p2a: Slowking|100\/100|[from] item: Leftovers\n|-damage|p1a: Grimmsnarl|0 fnt|[from] psn\n|faint|p1a: Grimmsnarl\n|upkeep\n|\n|t:|1700584384\n|switch|p1a: Manaphy|Manaphy|100\/100\n|turn|4\n|\n|t:|1700584390\n|move|p1a: Manaphy|Tail Glow|p1a: Manaphy\n|-boost|p1a: Manaphy|spa|3\n|move|p2a: Slowking|Chilly Reception|p2a: Slowking\n|-weather|Snow\n|\n|t:|1700584392\n|switch|p2a: Meowscarada|Meowscarada, F|100\/100|[from] Chilly Reception\n|\n|-weather|Snow|[upkeep]\n|upkeep\n|turn|5\n|\n|t:|1700584399\n|move|p1a: Manaphy|Endure|p1a: Manaphy\n|-singleturn|p1a: Manaphy|move: Endure\n|move|p2a: Meowscarada|Flower Trick|p1a: Manaphy\n|-start|p2a: Meowscarada|typechange|Grass|[from] ability: Protean\n|-supereffective|p1a: Manaphy\n|-crit|p1a: Manaphy\n|-activate|p1a: Manaphy|move: Endure\n|-damage|p1a: Manaphy|1\/100\n|-enditem|p1a: Manaphy|Salac Berry|[eat]\n|-boost|p1a: Manaphy|spe|1|[from] item: Salac Berry\n|\n|-weather|Snow|[upkeep]\n|upkeep\n|turn|6\n|\n|t:|1700584422\n|move|p1a: Manaphy|Ice Beam|p2a: Meowscarada\n|-supereffective|p2a: Meowscarada\n|-damage|p2a: Meowscarada|0 fnt\n|faint|p2a: Meowscarada\n|\n|-weather|Snow|[upkeep]\n|upkeep\n|\n|t:|1700584424\n|switch|p2a: Cinderace|Cinderace, M|100\/100\n|turn|7\n|\n|t:|1700584427\n|move|p2a: Cinderace|Sucker Punch|p1a: Manaphy\n|-damage|p1a: Manaphy|0 fnt\n|faint|p1a: Manaphy\n|\n|-weather|Snow|[upkeep]\n|upkeep\n|\n|t:|1700584431\n|switch|p1a: Enamorus|Enamorus, F|100\/100\n|turn|8\n|\n|t:|1700584436\n|move|p2a: Cinderace|Court Change|p2a: Cinderace\n|-swapsideconditions\n|-activate|p2a: Cinderace|move: Court Change\n|move|p1a: Enamorus|Superpower|p2a: Cinderace\n|-damage|p2a: Cinderace|77\/100\n|-boost|p1a: Enamorus|atk|1\n|-boost|p1a: Enamorus|def|1\n|\n|-weather|none\n|upkeep\n|turn|9\n|\n|t:|1700584446\n|-terastallize|p1a: Enamorus|Fighting\n|move|p2a: Cinderace|Swords Dance|p2a: Cinderace\n|-boost|p2a: Cinderace|atk|2\n|move|p1a: Enamorus|Superpower|p2a: Cinderace\n|-damage|p2a: Cinderace|27\/100\n|-boost|p1a: Enamorus|atk|1\n|-boost|p1a: Enamorus|def|1\n|\n|-sideend|p2: tera if u suck|Reflect\n|upkeep\n|turn|10\n|\n|t:|1700584450\n|move|p2a: Cinderace|Pyro Ball|p1a: Enamorus\n|-damage|p1a: Enamorus|0 fnt\n|faint|p1a: Enamorus\n|\n|-sideend|p2: tera if u suck|move: Light Screen\n|upkeep\n|\n|t:|1700584456\n|switch|p1a: Dragonite|Dragonite, M|100\/100\n|turn|11\n|\n|t:|1700584461\n|switch|p2a: Alomomola|Alomomola, M|100\/100\n|move|p1a: Dragonite|Dragon Dance|p1a: Dragonite\n|-boost|p1a: Dragonite|atk|1\n|-boost|p1a: Dragonite|spe|1\n|\n|upkeep\n|turn|12\n|\n|t:|1700584464\n|move|p1a: Dragonite|Dragon Dance|p1a: Dragonite\n|-boost|p1a: Dragonite|atk|1\n|-boost|p1a: Dragonite|spe|1\n|move|p2a: Alomomola|Flip Turn|p1a: Dragonite\n|-resisted|p1a: Dragonite\n|-damage|p1a: Dragonite|96\/100\n|\n|t:|1700584466\n|switch|p2a: Pawmot|Pawmot, F|100\/100|[from] Flip Turn\n|\n|upkeep\n|turn|13\n|\n|t:|1700584469\n|move|p1a: Dragonite|Earthquake|p2a: Pawmot\n|-supereffective|p2a: Pawmot\n|-damage|p2a: Pawmot|0 fnt\n|faint|p2a: Pawmot\n|\n|upkeep\n|\n|t:|1700584472\n|switch|p2a: Alomomola|Alomomola, M|100\/100\n|turn|14\n|\n|t:|1700584475\n|move|p1a: Dragonite|Dragon Dance|p1a: Dragonite\n|-boost|p1a: Dragonite|atk|1\n|-boost|p1a: Dragonite|spe|1\n|move|p2a: Alomomola|Scald|p1a: Dragonite\n|-resisted|p1a: Dragonite\n|-damage|p1a: Dragonite|88\/100\n|-status|p1a: Dragonite|brn\n|\n|-damage|p1a: Dragonite|82\/100 brn|[from] brn\n|upkeep\n|turn|15\n|\n|t:|1700584477\n|move|p1a: Dragonite|Dragon Dance|p1a: Dragonite\n|-boost|p1a: Dragonite|atk|1\n|-boost|p1a: Dragonite|spe|1\n|move|p2a: Alomomola|Wish|p2a: Alomomola\n|\n|-damage|p1a: Dragonite|76\/100 brn|[from] brn\n|upkeep\n|turn|16\n|\n|t:|1700584480\n|move|p1a: Dragonite|Roost|p1a: Dragonite\n|-heal|p1a: Dragonite|100\/100 brn\n|-singleturn|p1a: Dragonite|move: Roost\n|move|p2a: Alomomola|Flip Turn|p1a: Dragonite\n|-resisted|p1a: Dragonite\n|-damage|p1a: Dragonite|96\/100 brn\n|\n|t:|1700584482\n|switch|p2a: Cinderace|Cinderace, M|27\/100|[from] Flip Turn\n|\n|-heal|p2a: Cinderace|100\/100|[from] move: Wish|[wisher] Alomomola\n|-damage|p1a: Dragonite|90\/100 brn|[from] brn\n|upkeep\n|turn|17\n|\n|t:|1700584485\n|switch|p2a: Alomomola|Alomomola, M|100\/100\n|move|p1a: Dragonite|Earthquake|p2a: Alomomola\n|-damage|p2a: Alomomola|66\/100\n|\n|-damage|p1a: Dragonite|84\/100 brn|[from] brn\n|upkeep\n|turn|18\n|\n|t:|1700584488\n|move|p1a: Dragonite|Dragon Dance|p1a: Dragonite\n|-boost|p1a: Dragonite|atk|1\n|-boost|p1a: Dragonite|spe|1\n|move|p2a: Alomomola|Wish|p2a: Alomomola\n|\n|-damage|p1a: Dragonite|78\/100 brn|[from] brn\n|upkeep\n|turn|19\n|\n|t:|1700584490\n|move|p1a: Dragonite|Dragon Dance|p1a: Dragonite\n|-boost|p1a: Dragonite|atk|1\n|-boost|p1a: Dragonite|spe|1\n|move|p2a: Alomomola|Scald|p1a: Dragonite\n|-resisted|p1a: Dragonite\n|-damage|p1a: Dragonite|71\/100 brn\n|\n|-heal|p2a: Alomomola|100\/100|[from] move: Wish|[wisher] Alomomola\n|-damage|p1a: Dragonite|65\/100 brn|[from] brn\n|upkeep\n|turn|20\n|\n|t:|1700584494\n|move|p1a: Dragonite|Roost|p1a: Dragonite\n|-heal|p1a: Dragonite|100\/100 brn\n|-singleturn|p1a: Dragonite|move: Roost\n|move|p2a: Alomomola|Wish|p2a: Alomomola\n|\n|-damage|p1a: Dragonite|94\/100 brn|[from] brn\n|upkeep\n|turn|21\n|\n|t:|1700584500\n|move|p1a: Dragonite|Earthquake|p2a: Alomomola\n|-damage|p2a: Alomomola|58\/100\n|move|p2a: Alomomola|Scald|p1a: Dragonite\n|-resisted|p1a: Dragonite\n|-damage|p1a: Dragonite|87\/100 brn\n|\n|-heal|p2a: Alomomola|100\/100|[from] move: Wish|[wisher] Alomomola\n|-damage|p1a: Dragonite|81\/100 brn|[from] brn\n|upkeep\n|turn|22\n|\n|t:|1700584504\n|move|p1a: Dragonite|Earthquake|p2a: Alomomola\n|-crit|p2a: Alomomola\n|-damage|p2a: Alomomola|33\/100\n|move|p2a: Alomomola|Wish|p2a: Alomomola\n|\n|-damage|p1a: Dragonite|75\/100 brn|[from] brn\n|upkeep\n|turn|23\n|\n|t:|1700584511\n|move|p2a: Alomomola|Protect|p2a: Alomomola\n|-singleturn|p2a: Alomomola|Protect\n|move|p1a: Dragonite|Earthquake|p2a: Alomomola\n|-activate|p2a: Alomomola|move: Protect\n|\n|-heal|p2a: Alomomola|83\/100|[from] move: Wish|[wisher] Alomomola\n|-damage|p1a: Dragonite|69\/100 brn|[from] brn\n|upkeep\n|turn|24\n|\n|t:|1700584513\n|move|p1a: Dragonite|Earthquake|p2a: Alomomola\n|-damage|p2a: Alomomola|36\/100\n|move|p2a: Alomomola|Wish|p2a: Alomomola\n|\n|-damage|p1a: Dragonite|63\/100 brn|[from] brn\n|upkeep\n|turn|25\n|\n|t:|1700584516\n|move|p2a: Alomomola|Protect|p2a: Alomomola\n|-singleturn|p2a: Alomomola|Protect\n|move|p1a: Dragonite|Earthquake|p2a: Alomomola\n|-activate|p2a: Alomomola|move: Protect\n|\n|-heal|p2a: Alomomola|86\/100|[from] move: Wish|[wisher] Alomomola\n|-damage|p1a: Dragonite|57\/100 brn|[from] brn\n|upkeep\n|turn|26\n|\n|t:|1700584520\n|move|p1a: Dragonite|Earthquake|p2a: Alomomola\n|-damage|p2a: Alomomola|39\/100\n|move|p2a: Alomomola|Wish|p2a: Alomomola\n|\n|-damage|p1a: Dragonite|50\/100 brn|[from] brn\n|upkeep\n|turn|27\n|\n|t:|1700584524\n|move|p2a: Alomomola|Protect|p2a: Alomomola\n|-singleturn|p2a: Alomomola|Protect\n|move|p1a: Dragonite|Earthquake|p2a: Alomomola\n|-activate|p2a: Alomomola|move: Protect\n|\n|-heal|p2a: Alomomola|89\/100|[from] move: Wish|[wisher] Alomomola\n|-damage|p1a: Dragonite|44\/100 brn|[from] brn\n|upkeep\n|turn|28\n|\n|t:|1700584527\n|move|p1a: Dragonite|Earthquake|p2a: Alomomola\n|-damage|p2a: Alomomola|42\/100\n|move|p2a: Alomomola|Wish|p2a: Alomomola\n|\n|-damage|p1a: Dragonite|38\/100 brn|[from] brn\n|upkeep\n|turn|29\n|\n|t:|1700584530\n|move|p2a: Alomomola|Protect|p2a: Alomomola\n|-singleturn|p2a: Alomomola|Protect\n|move|p1a: Dragonite|Earthquake|p2a: Alomomola\n|-activate|p2a: Alomomola|move: Protect\n|\n|-heal|p2a: Alomomola|92\/100|[from] move: Wish|[wisher] Alomomola\n|-damage|p1a: Dragonite|32\/100 brn|[from] brn\n|upkeep\n|turn|30\n|\n|t:|1700584532\n|move|p1a: Dragonite|Earthquake|p2a: Alomomola\n|-damage|p2a: Alomomola|48\/100\n|move|p2a: Alomomola|Wish|p2a: Alomomola\n|\n|-damage|p1a: Dragonite|26\/100 brn|[from] brn\n|upkeep\n|turn|31\n|\n|t:|1700584536\n|move|p1a: Dragonite|Earthquake|p2a: Alomomola\n|-damage|p2a: Alomomola|7\/100\n|move|p2a: Alomomola|Scald|p1a: Dragonite\n|-resisted|p1a: Dragonite\n|-damage|p1a: Dragonite|18\/100 brn\n|\n|-heal|p2a: Alomomola|57\/100|[from] move: Wish|[wisher] Alomomola\n|-damage|p1a: Dragonite|12\/100 brn|[from] brn\n|upkeep\n|turn|32\n|\n|t:|1700584543\n|move|p1a: Dragonite|Earthquake|p2a: Alomomola\n|-damage|p2a: Alomomola|13\/100\n|move|p2a: Alomomola|Wish|p2a: Alomomola\n|\n|-damage|p1a: Dragonite|6\/100 brn|[from] brn\n|upkeep\n|turn|33\n|\n|t:|1700584552\n|move|p1a: Dragonite|Roost|p1a: Dragonite\n|-heal|p1a: Dragonite|56\/100 brn\n|-singleturn|p1a: Dragonite|move: Roost\n|move|p2a: Alomomola|Scald|p1a: Dragonite\n|-resisted|p1a: Dragonite\n|-damage|p1a: Dragonite|48\/100 brn\n|\n|-heal|p2a: Alomomola|63\/100|[from] move: Wish|[wisher] Alomomola\n|-damage|p1a: Dragonite|42\/100 brn|[from] brn\n|upkeep\n|turn|34\n|\n|t:|1700584562\n|move|p1a: Dragonite|Earthquake|p2a: Alomomola\n|-damage|p2a: Alomomola|20\/100\n|move|p2a: Alomomola|Wish|p2a: Alomomola\n|\n|-damage|p1a: Dragonite|36\/100 brn|[from] brn\n|upkeep\n|turn|35\n|\n|t:|1700584565\n|move|p2a: Alomomola|Protect|p2a: Alomomola\n|-singleturn|p2a: Alomomola|Protect\n|move|p1a: Dragonite|Earthquake|p2a: Alomomola\n|-activate|p2a: Alomomola|move: Protect\n|\n|-heal|p2a: Alomomola|70\/100|[from] move: Wish|[wisher] Alomomola\n|-damage|p1a: Dragonite|30\/100 brn|[from] brn\n|upkeep\n|turn|36\n|\n|t:|1700584568\n|move|p1a: Dragonite|Extreme Speed|p2a: Alomomola\n|-damage|p2a: Alomomola|33\/100\n|move|p2a: Alomomola|Wish|p2a: Alomomola\n|\n|-damage|p1a: Dragonite|24\/100 brn|[from] brn\n|upkeep\n|turn|37\n|\n|t:|1700584577\n|move|p2a: Alomomola|Protect|p2a: Alomomola\n|-singleturn|p2a: Alomomola|Protect\n|move|p1a: Dragonite|Extreme Speed|p2a: Alomomola\n|-activate|p2a: Alomomola|move: Protect\n|\n|-heal|p2a: Alomomola|83\/100|[from] move: Wish|[wisher] Alomomola\n|-damage|p1a: Dragonite|18\/100 brn|[from] brn\n|upkeep\n|turn|38\n|\n|t:|1700584582\n|switch|p2a: Dragapult|Dragapult, M|100\/100\n|move|p1a: Dragonite|Roost|p1a: Dragonite\n|-heal|p1a: Dragonite|68\/100 brn\n|-singleturn|p1a: Dragonite|move: Roost\n|\n|-damage|p1a: Dragonite|61\/100 brn|[from] brn\n|upkeep\n|turn|39\n|-message|SoccerLego4081 forfeited.\n|\n|win|tera if u suck\n|raw|SoccerLego4081's rating: 1261 &rarr; <strong>1239<\/strong><br \/>(-22 for losing)\n|raw|tera if u suck's rating: 1298 &rarr; <strong>1320<\/strong><br \/>(+22 for winning)\n|l|\u2606SoccerLego4081\n","uploadtime":1700584595,"views":11,"p1id":"soccerlego4081","p2id":"teraifusuck","formatid":"gen9ou","rating":1239,"private":0,"password":""}