{"id":"gen9ou-1995686778","p1":"crown1","p2":"Redboy128","format":"[Gen 9] OU","log":"|j|\u2606crown1\n|j|\u2606Redboy128\n|t:|1700593941\n|gametype|singles\n|player|p1|crown1|170|1348\n|player|p2|Redboy128|red|1309\n|teamsize|p1|6\n|teamsize|p2|6\n|gen|9\n|tier|[Gen 9] OU\n|rated|\n|rule|Sleep Clause Mod: Limit one foe put to sleep\n|rule|Species Clause: Limit one of each Pok\u00e9mon\n|rule|OHKO Clause: OHKO moves are banned\n|rule|Evasion Items Clause: Evasion items are banned\n|rule|Evasion Moves Clause: Evasion moves are banned\n|rule|Endless Battle Clause: Forcing endless battles is banned\n|rule|HP Percentage Mod: HP is shown in percentages\n|clearpoke\n|poke|p1|Dragapult, M|\n|poke|p1|Great Tusk|\n|poke|p1|Enamorus, F|\n|poke|p1|Kingambit, M|\n|poke|p1|Heatran, M|\n|poke|p1|Toxapex, M|\n|poke|p2|Donphan, F|\n|poke|p2|Azelf|\n|poke|p2|Chesnaught, F|\n|poke|p2|Delphox, M|\n|poke|p2|Kommo-o, F|\n|poke|p2|Vivillon-Pokeball, F|\n|teampreview\n|\n|t:|1700593961\n|start\n|switch|p1a: Leviathan|Dragapult, M, shiny|100\/100\n|switch|p2a: Azelf|Azelf|100\/100\n|turn|1\n|inactive|Battle timer is ON: inactive players will automatically lose when time's up. (requested by Redboy128)\n|\n|t:|1700593969\n|move|p1a: Leviathan|Shadow Ball|p2a: Azelf\n|-supereffective|p2a: Azelf\n|-enditem|p2a: Azelf|Focus Sash\n|-damage|p2a: Azelf|1\/100\n|move|p2a: Azelf|Thunder Wave|p1a: Leviathan\n|-status|p1a: Leviathan|par\n|\n|upkeep\n|turn|2\n|\n|t:|1700593973\n|move|p2a: Azelf|Stealth Rock|p1a: Leviathan\n|-sidestart|p1: crown1|move: Stealth Rock\n|move|p1a: Leviathan|Shadow Ball|p2a: Azelf\n|-supereffective|p2a: Azelf\n|-damage|p2a: Azelf|0 fnt\n|faint|p2a: Azelf\n|\n|upkeep\n|\n|t:|1700593991\n|switch|p2a: Chesnuts|Chesnaught, F, shiny|100\/100\n|turn|3\n|\n|t:|1700593994\n|move|p1a: Leviathan|Shadow Ball|p2a: Chesnuts\n|-immune|p2a: Chesnuts|[from] ability: Bulletproof\n|move|p2a: Chesnuts|Leech Seed|p1a: Leviathan\n|-start|p1a: Leviathan|move: Leech Seed\n|\n|-damage|p1a: Leviathan|88\/100 par|[from] Leech Seed|[of] p2a: Chesnuts\n|upkeep\n|turn|4\n|\n|t:|1700593999\n|switch|p1a: Serpentine|Toxapex, M, shiny|100\/100\n|-damage|p1a: Serpentine|88\/100|[from] Stealth Rock\n|switch|p2a: Delphox|Delphox, M, shiny|100\/100\n|\n|-heal|p1a: Serpentine|94\/100|[from] item: Leftovers\n|upkeep\n|turn|5\n|\n|t:|1700594002\n|move|p2a: Delphox|Overheat|p1a: Serpentine\n|-resisted|p1a: Serpentine\n|-damage|p1a: Serpentine|76\/100\n|-unboost|p2a: Delphox|spa|2\n|-enditem|p2a: Delphox|White Herb\n|-clearnegativeboost|p2a: Delphox|[silent]\n|-item|p2a: Delphox|Leftovers|[from] ability: Magician|[of] p1a: Serpentine\n|move|p1a: Serpentine|Toxic|p2a: Delphox\n|-status|p2a: Delphox|tox\n|\n|-damage|p2a: Delphox|94\/100 tox|[from] psn\n|upkeep\n|turn|6\n|\n|t:|1700594005\n|move|p2a: Delphox|Future Sight|p1a: Serpentine\n|-start|p2a: Delphox|move: Future Sight\n|move|p1a: Serpentine|Toxic|p2a: Delphox\n|-fail|p2a: Delphox|tox\n|\n|-heal|p2a: Delphox|100\/100 tox|[from] item: Leftovers\n|-damage|p2a: Delphox|88\/100 tox|[from] psn\n|upkeep\n|turn|7\n|\n|t:|1700594010\n|switch|p1a: Chaos|Heatran, M, shiny|100\/100\n|-damage|p1a: Chaos|88\/100|[from] Stealth Rock\n|-item|p1a: Chaos|Air Balloon\n|move|p2a: Delphox|Overheat|p1a: Chaos\n|-damage|p1a: Chaos|34\/100\n|-unboost|p2a: Delphox|spa|2\n|-enditem|p1a: Chaos|Air Balloon\n|\n|-heal|p2a: Delphox|94\/100 tox|[from] item: Leftovers\n|-damage|p2a: Delphox|76\/100 tox|[from] psn\n|upkeep\n|turn|8\n|\n|t:|1700594021\n|switch|p2a: Regular Tusk|Donphan, F, shiny|100\/100\n|move|p1a: Chaos|Stealth Rock|p2a: Regular Tusk\n|-sidestart|p2: Redboy128|move: Stealth Rock\n|\n|-end|p1a: Chaos|move: Future Sight\n|-resisted|p1a: Chaos\n|-damage|p1a: Chaos|11\/100\n|upkeep\n|turn|9\n|\n|t:|1700594028\n|switch|p1a: Leviathan|Dragapult, M, shiny|88\/100 par\n|-damage|p1a: Leviathan|76\/100 par|[from] Stealth Rock\n|move|p2a: Regular Tusk|Rapid Spin|p1a: Leviathan\n|-immune|p1a: Leviathan\n|\n|upkeep\n|turn|10\n|\n|t:|1700594032\n|move|p1a: Leviathan|Draco Meteor|p2a: Regular Tusk\n|-ability|p2a: Regular Tusk|Sturdy\n|-damage|p2a: Regular Tusk|1\/100\n|-unboost|p1a: Leviathan|spa|2\n|move|p2a: Regular Tusk|Earthquake|p1a: Leviathan\n|-damage|p1a: Leviathan|6\/100 par\n|\n|upkeep\n|turn|11\n|\n|t:|1700594036\n|move|p2a: Regular Tusk|Ice Shard|p1a: Leviathan\n|-supereffective|p1a: Leviathan\n|-damage|p1a: Leviathan|0 fnt\n|faint|p1a: Leviathan\n|\n|upkeep\n|\n|t:|1700594043\n|switch|p1a: Behemoth|Great Tusk, shiny|100\/100\n|-damage|p1a: Behemoth|98\/100|[from] Stealth Rock\n|turn|12\n|\n|t:|1700594045\n|switch|p2a: Chesnuts|Chesnaught, F, shiny|100\/100\n|-damage|p2a: Chesnuts|94\/100|[from] Stealth Rock\n|move|p1a: Behemoth|Rapid Spin|p2a: Chesnuts\n|-damage|p2a: Chesnuts|80\/100\n|-boost|p1a: Behemoth|spe|1\n|-sideend|p1: crown1|Stealth Rock|[from] move: Rapid Spin|[of] p1a: Behemoth\n|\n|-heal|p2a: Chesnuts|86\/100|[from] item: Leftovers\n|upkeep\n|turn|13\n|\n|t:|1700594051\n|-end|p1a: Behemoth|Protosynthesis|[silent]\n|switch|p1a: Chaos|Heatran, M, shiny|11\/100\n|move|p2a: Chesnuts|Leech Seed|p1a: Chaos\n|-start|p1a: Chaos|move: Leech Seed\n|\n|-heal|p2a: Chesnuts|92\/100|[from] item: Leftovers\n|-damage|p1a: Chaos|0 fnt|[from] Leech Seed|[of] p2a: Chesnuts\n|-heal|p2a: Chesnuts|100\/100|[silent]\n|faint|p1a: Chaos\n|upkeep\n|\n|t:|1700594053\n|switch|p1a: Gin|Enamorus, F, shiny|100\/100\n|turn|14\n|\n|t:|1700594062\n|switch|p2a: Regular Tusk|Donphan, F, shiny|1\/100\n|move|p1a: Gin|Moonblast|p2a: Regular Tusk\n|-damage|p2a: Regular Tusk|0 fnt\n|faint|p2a: Regular Tusk\n|\n|upkeep\n|\n|t:|1700594063\n|switch|p2a: Delphox|Delphox, M, shiny|76\/100 tox\n|-damage|p2a: Delphox|51\/100 tox|[from] Stealth Rock\n|turn|15\n|\n|t:|1700594069\n|switch|p1a: Serpentine|Toxapex, M, shiny|100\/100\n|move|p2a: Delphox|Overheat|p1a: Serpentine|[miss]\n|-miss|p2a: Delphox|p1a: Serpentine\n|\n|-heal|p2a: Delphox|57\/100 tox|[from] item: Leftovers\n|-damage|p2a: Delphox|51\/100 tox|[from] psn\n|upkeep\n|turn|16\n|\n|t:|1700594074\n|move|p2a: Delphox|Future Sight|p1a: Serpentine\n|-start|p2a: Delphox|move: Future Sight\n|move|p1a: Serpentine|Surf|p2a: Delphox\n|-supereffective|p2a: Delphox\n|-damage|p2a: Delphox|7\/100 tox\n|\n|-heal|p2a: Delphox|13\/100 tox|[from] item: Leftovers\n|-damage|p2a: Delphox|1\/100 tox|[from] psn\n|upkeep\n|turn|17\n|\n|t:|1700594083\n|-terastallize|p1a: Serpentine|Flying\n|move|p2a: Delphox|Will-O-Wisp|p1a: Serpentine|[miss]\n|-miss|p2a: Delphox|p1a: Serpentine\n|move|p1a: Serpentine|Recover||[still]\n|-fail|p1a: Serpentine|heal\n|\n|-heal|p2a: Delphox|7\/100 tox|[from] item: Leftovers\n|-damage|p2a: Delphox|0 fnt|[from] psn\n|faint|p2a: Delphox\n|upkeep\n|\n|t:|1700594093\n|switch|p2a: Kommo-o|Kommo-o, F|100\/100\n|-damage|p2a: Kommo-o|94\/100|[from] Stealth Rock\n|turn|18\n|\n|t:|1700594096\n|move|p2a: Kommo-o|Substitute|p2a: Kommo-o\n|-start|p2a: Kommo-o|Substitute\n|-damage|p2a: Kommo-o|70\/100\n|move|p1a: Serpentine|Toxic||[still]\n|-fail|p1a: Serpentine\n|\n|-end|p1a: Serpentine|move: Future Sight\n|-damage|p1a: Serpentine|63\/100\n|-heal|p2a: Kommo-o|76\/100|[from] item: Leftovers\n|upkeep\n|turn|19\n|\n|t:|1700594101\n|move|p2a: Kommo-o|Clangorous Soul|p2a: Kommo-o\n|-boost|p2a: Kommo-o|atk|1\n|-boost|p2a: Kommo-o|def|1\n|-boost|p2a: Kommo-o|spa|1\n|-boost|p2a: Kommo-o|spd|1\n|-boost|p2a: Kommo-o|spe|1\n|-damage|p2a: Kommo-o|43\/100\n|move|p1a: Serpentine|Haze|p1a: Serpentine\n|-clearallboost\n|\n|-heal|p2a: Kommo-o|49\/100|[from] item: Leftovers\n|upkeep\n|turn|20\n|\n|t:|1700594107\n|move|p2a: Kommo-o|Tera Blast|p1a: Serpentine\n|-damage|p1a: Serpentine|51\/100\n|move|p1a: Serpentine|Haze|p1a: Serpentine\n|-clearallboost\n|\n|-heal|p2a: Kommo-o|55\/100|[from] item: Leftovers\n|upkeep\n|turn|21\n|\n|t:|1700594113\n|move|p2a: Kommo-o|Clangorous Soul|p2a: Kommo-o\n|-boost|p2a: Kommo-o|atk|1\n|-boost|p2a: Kommo-o|def|1\n|-boost|p2a: Kommo-o|spa|1\n|-boost|p2a: Kommo-o|spd|1\n|-boost|p2a: Kommo-o|spe|1\n|-damage|p2a: Kommo-o|22\/100\n|move|p1a: Serpentine|Recover|p1a: Serpentine\n|-heal|p1a: Serpentine|100\/100\n|\n|-heal|p2a: Kommo-o|28\/100|[from] item: Leftovers\n|upkeep\n|turn|22\n|\n|t:|1700594116\n|move|p2a: Kommo-o|Drain Punch|p1a: Serpentine\n|-resisted|p1a: Serpentine\n|-damage|p1a: Serpentine|82\/100\n|-heal|p2a: Kommo-o|38\/100|[from] drain|[of] p1a: Serpentine\n|move|p1a: Serpentine|Haze|p1a: Serpentine\n|-clearallboost\n|\n|-heal|p2a: Kommo-o|44\/100|[from] item: Leftovers\n|upkeep\n|turn|23\n|\n|t:|1700594127\n|switch|p2a: Chesnuts|Chesnaught, F, shiny|100\/100\n|-damage|p2a: Chesnuts|94\/100|[from] Stealth Rock\n|move|p1a: Serpentine|Haze|p1a: Serpentine\n|-clearallboost\n|\n|-heal|p2a: Chesnuts|100\/100|[from] item: Leftovers\n|upkeep\n|turn|24\n|\n|t:|1700594129\n|move|p2a: Chesnuts|Substitute|p2a: Chesnuts\n|-start|p2a: Chesnuts|Substitute\n|-damage|p2a: Chesnuts|76\/100\n|move|p1a: Serpentine|Toxic||[still]\n|-fail|p1a: Serpentine\n|\n|-heal|p2a: Chesnuts|82\/100|[from] item: Leftovers\n|upkeep\n|turn|25\n|\n|t:|1700594134\n|switch|p1a: Gin|Enamorus, F, shiny|100\/100\n|move|p2a: Chesnuts|Leech Seed|p1a: Gin\n|-start|p1a: Gin|move: Leech Seed\n|\n|-heal|p2a: Chesnuts|88\/100|[from] item: Leftovers\n|-damage|p1a: Gin|88\/100|[from] Leech Seed|[of] p2a: Chesnuts\n|-heal|p2a: Chesnuts|97\/100|[silent]\n|upkeep\n|turn|26\n|\n|t:|1700594136\n|move|p2a: Chesnuts|Spiky Shield|p2a: Chesnuts\n|-singleturn|p2a: Chesnuts|move: Protect\n|move|p1a: Gin|Moonblast|p2a: Chesnuts\n|-activate|p2a: Chesnuts|move: Protect\n|\n|-heal|p2a: Chesnuts|100\/100|[from] item: Leftovers\n|-damage|p1a: Gin|76\/100|[from] Leech Seed|[of] p2a: Chesnuts\n|upkeep\n|turn|27\n|\n|t:|1700594139\n|move|p1a: Gin|Moonblast|p2a: Chesnuts\n|-supereffective|p2a: Chesnuts\n|-end|p2a: Chesnuts|Substitute\n|move|p2a: Chesnuts|Substitute|p2a: Chesnuts\n|-start|p2a: Chesnuts|Substitute\n|-damage|p2a: Chesnuts|76\/100\n|\n|-heal|p2a: Chesnuts|82\/100|[from] item: Leftovers\n|-damage|p1a: Gin|63\/100|[from] Leech Seed|[of] p2a: Chesnuts\n|-heal|p2a: Chesnuts|91\/100|[silent]\n|upkeep\n|turn|28\n|\n|t:|1700594144\n|switch|p1a: Behemoth|Great Tusk, shiny|98\/100\n|move|p2a: Chesnuts|Spiky Shield||[still]\n|-fail|p2a: Chesnuts\n|\n|-heal|p2a: Chesnuts|97\/100|[from] item: Leftovers\n|upkeep\n|turn|29\n|\n|t:|1700594146\n|move|p1a: Behemoth|Ice Spinner|p2a: Chesnuts\n|-supereffective|p2a: Chesnuts\n|-end|p2a: Chesnuts|Substitute\n|move|p2a: Chesnuts|Leech Seed|p1a: Behemoth\n|-start|p1a: Behemoth|move: Leech Seed\n|\n|-heal|p2a: Chesnuts|100\/100|[from] item: Leftovers\n|-damage|p1a: Behemoth|85\/100|[from] Leech Seed|[of] p2a: Chesnuts\n|upkeep\n|turn|30\n|\n|t:|1700594149\n|move|p1a: Behemoth|Ice Spinner|p2a: Chesnuts\n|-supereffective|p2a: Chesnuts\n|-damage|p2a: Chesnuts|55\/100\n|move|p2a: Chesnuts|Substitute|p2a: Chesnuts\n|-start|p2a: Chesnuts|Substitute\n|-damage|p2a: Chesnuts|30\/100\n|\n|-heal|p2a: Chesnuts|36\/100|[from] item: Leftovers\n|-damage|p1a: Behemoth|73\/100|[from] Leech Seed|[of] p2a: Chesnuts\n|-heal|p2a: Chesnuts|49\/100|[silent]\n|upkeep\n|turn|31\n|\n|t:|1700594152\n|move|p2a: Chesnuts|Spiky Shield|p2a: Chesnuts\n|-singleturn|p2a: Chesnuts|move: Protect\n|move|p1a: Behemoth|Ice Spinner|p2a: Chesnuts\n|-activate|p2a: Chesnuts|move: Protect\n|-damage|p1a: Behemoth|60\/100|[from] Spiky Shield|[of] p2a: Chesnuts\n|\n|-heal|p2a: Chesnuts|55\/100|[from] item: Leftovers\n|-damage|p1a: Behemoth|48\/100|[from] Leech Seed|[of] p2a: Chesnuts\n|-heal|p2a: Chesnuts|67\/100|[silent]\n|upkeep\n|turn|32\n|\n|t:|1700594154\n|move|p1a: Behemoth|Ice Spinner|p2a: Chesnuts\n|-supereffective|p2a: Chesnuts\n|-end|p2a: Chesnuts|Substitute\n|move|p2a: Chesnuts|Substitute|p2a: Chesnuts\n|-start|p2a: Chesnuts|Substitute\n|-damage|p2a: Chesnuts|42\/100\n|\n|-heal|p2a: Chesnuts|48\/100|[from] item: Leftovers\n|-damage|p1a: Behemoth|36\/100|[from] Leech Seed|[of] p2a: Chesnuts\n|-heal|p2a: Chesnuts|60\/100|[silent]\n|upkeep\n|turn|33\n|\n|t:|1700594159\n|-end|p1a: Behemoth|Protosynthesis|[silent]\n|switch|p1a: Gin|Enamorus, F, shiny|63\/100\n|move|p2a: Chesnuts|Leech Seed|p1a: Gin\n|-start|p1a: Gin|move: Leech Seed\n|\n|-heal|p2a: Chesnuts|66\/100|[from] item: Leftovers\n|-damage|p1a: Gin|51\/100|[from] Leech Seed|[of] p2a: Chesnuts\n|-heal|p2a: Chesnuts|76\/100|[silent]\n|upkeep\n|turn|34\n|\n|t:|1700594170\n|switch|p1a: Overgod|Kingambit, M, shiny|100\/100\n|-activate|p1a: Overgod|ability: Supreme Overlord\n|-start|p1a: Overgod|fallen2|[silent]\n|move|p2a: Chesnuts|Leech Seed|p1a: Overgod\n|-start|p1a: Overgod|move: Leech Seed\n|\n|-heal|p2a: Chesnuts|82\/100|[from] item: Leftovers\n|-damage|p1a: Overgod|88\/100|[from] Leech Seed|[of] p2a: Chesnuts\n|-heal|p2a: Chesnuts|93\/100|[silent]\n|upkeep\n|turn|35\n|\n|t:|1700594174\n|-end|p1a: Overgod|fallen2|[silent]\n|switch|p1a: Gin|Enamorus, F, shiny|51\/100\n|move|p2a: Chesnuts|Spiky Shield||[still]\n|-fail|p2a: Chesnuts\n|\n|-heal|p2a: Chesnuts|99\/100|[from] item: Leftovers\n|upkeep\n|turn|36\n|\n|t:|1700594177\n|move|p1a: Gin|Moonblast|p2a: Chesnuts\n|-supereffective|p2a: Chesnuts\n|-end|p2a: Chesnuts|Substitute\n|move|p2a: Chesnuts|Leech Seed|p1a: Gin\n|-start|p1a: Gin|move: Leech Seed\n|\n|-heal|p2a: Chesnuts|100\/100|[from] item: Leftovers\n|-damage|p1a: Gin|38\/100|[from] Leech Seed|[of] p2a: Chesnuts\n|upkeep\n|turn|37\n|\n|t:|1700594181\n|move|p2a: Chesnuts|Spiky Shield|p2a: Chesnuts\n|-singleturn|p2a: Chesnuts|move: Protect\n|move|p1a: Gin|Moonblast|p2a: Chesnuts\n|-activate|p2a: Chesnuts|move: Protect\n|\n|-damage|p1a: Gin|26\/100|[from] Leech Seed|[of] p2a: Chesnuts\n|upkeep\n|turn|38\n|\n|t:|1700594184\n|switch|p2a: Kommo-o|Kommo-o, F|44\/100\n|-damage|p2a: Kommo-o|38\/100|[from] Stealth Rock\n|move|p1a: Gin|Moonblast|p2a: Kommo-o\n|-supereffective|p2a: Kommo-o\n|-damage|p2a: Kommo-o|0 fnt\n|faint|p2a: Kommo-o\n|\n|upkeep\n|\n|t:|1700594186\n|switch|p2a: Vivillon|Vivillon-Pokeball, F|100\/100\n|-damage|p2a: Vivillon|51\/100|[from] Stealth Rock\n|turn|39\n|\n|t:|1700594191\n|-terastallize|p2a: Vivillon|Steel\n|move|p1a: Gin|Moonblast|p2a: Vivillon\n|-resisted|p2a: Vivillon\n|-damage|p2a: Vivillon|2\/100\n|move|p2a: Vivillon|Sleep Powder|p1a: Gin\n|-status|p1a: Gin|slp|[from] move: Sleep Powder\n|\n|-damage|p1a: Gin|13\/100 slp|[from] Leech Seed|[of] p2a: Vivillon\n|-heal|p2a: Vivillon|14\/100|[silent]\n|upkeep\n|turn|40\n|\n|t:|1700594199\n|cant|p1a: Gin|slp\n|move|p2a: Vivillon|Quiver Dance|p2a: Vivillon\n|-boost|p2a: Vivillon|spa|1\n|-boost|p2a: Vivillon|spd|1\n|-boost|p2a: Vivillon|spe|1\n|\n|-damage|p1a: Gin|1\/100 slp|[from] Leech Seed|[of] p2a: Vivillon\n|-heal|p2a: Vivillon|26\/100|[silent]\n|upkeep\n|turn|41\n|\n|t:|1700594204\n|switch|p1a: Serpentine|Toxapex, M, shiny, tera:Flying|100\/100\n|move|p2a: Vivillon|Substitute|p2a: Vivillon\n|-start|p2a: Vivillon|Substitute\n|-damage|p2a: Vivillon|1\/100\n|\n|upkeep\n|turn|42\n|\n|t:|1700594206\n|move|p2a: Vivillon|Hurricane|p1a: Serpentine\n|-damage|p1a: Serpentine|55\/100\n|move|p1a: Serpentine|Surf|p2a: Vivillon\n|-end|p2a: Vivillon|Substitute\n|\n|upkeep\n|turn|43\n|\n|t:|1700594211\n|move|p2a: Vivillon|Hurricane|p1a: Serpentine\n|-damage|p1a: Serpentine|2\/100\n|move|p1a: Serpentine|Recover|p1a: Serpentine\n|-heal|p1a: Serpentine|53\/100\n|\n|upkeep\n|turn|44\n|\n|t:|1700594214\n|switch|p1a: Gin|Enamorus, F, shiny|1\/100 slp\n|move|p2a: Vivillon|Hurricane|p1a: Gin|[miss]\n|-miss|p2a: Vivillon|p1a: Gin\n|\n|upkeep\n|turn|45\n|\n|t:|1700594218\n|cant|p1a: Gin|slp\n|move|p2a: Vivillon|Hurricane|p1a: Gin\n|-damage|p1a: Gin|0 fnt\n|faint|p1a: Gin\n|\n|upkeep\n|\n|t:|1700594229\n|switch|p1a: Overgod|Kingambit, M, shiny|88\/100\n|-activate|p1a: Overgod|ability: Supreme Overlord\n|-start|p1a: Overgod|fallen3|[silent]\n|turn|46\n|\n|t:|1700594233\n|-end|p1a: Overgod|fallen3|[silent]\n|switch|p1a: Serpentine|Toxapex, M, shiny, tera:Flying|86\/100\n|move|p2a: Vivillon|Sleep Powder|p1a: Serpentine\n|-status|p1a: Serpentine|slp|[from] move: Sleep Powder\n|\n|upkeep\n|turn|47\n|\n|t:|1700594239\n|switch|p1a: Overgod|Kingambit, M, shiny|88\/100\n|-activate|p1a: Overgod|ability: Supreme Overlord\n|-start|p1a: Overgod|fallen3|[silent]\n|move|p2a: Vivillon|Hurricane|p1a: Overgod\n|-resisted|p1a: Overgod\n|-damage|p1a: Overgod|45\/100\n|\n|upkeep\n|turn|48\n|\n|t:|1700594245\n|move|p1a: Overgod|Sucker Punch||[still]\n|-fail|p1a: Overgod\n|move|p2a: Vivillon|Quiver Dance|p2a: Vivillon\n|-boost|p2a: Vivillon|spa|1\n|-boost|p2a: Vivillon|spd|1\n|-boost|p2a: Vivillon|spe|1\n|\n|upkeep\n|turn|49\n|\n|t:|1700594248\n|move|p1a: Overgod|Sucker Punch||[still]\n|-fail|p1a: Overgod\n|move|p2a: Vivillon|Quiver Dance|p2a: Vivillon\n|-boost|p2a: Vivillon|spa|1\n|-boost|p2a: Vivillon|spd|1\n|-boost|p2a: Vivillon|spe|1\n|\n|upkeep\n|turn|50\n|\n|t:|1700594250\n|move|p1a: Overgod|Sucker Punch||[still]\n|-fail|p1a: Overgod\n|move|p2a: Vivillon|Quiver Dance|p2a: Vivillon\n|-boost|p2a: Vivillon|spa|1\n|-boost|p2a: Vivillon|spd|1\n|-boost|p2a: Vivillon|spe|1\n|\n|upkeep\n|turn|51\n|\n|t:|1700594252\n|move|p1a: Overgod|Sucker Punch||[still]\n|-fail|p1a: Overgod\n|move|p2a: Vivillon|Quiver Dance|p2a: Vivillon\n|-boost|p2a: Vivillon|spa|1\n|-boost|p2a: Vivillon|spd|1\n|-boost|p2a: Vivillon|spe|1\n|\n|upkeep\n|turn|52\n|\n|t:|1700594254\n|move|p1a: Overgod|Sucker Punch|p2a: Vivillon\n|-damage|p2a: Vivillon|0 fnt\n|faint|p2a: Vivillon\n|\n|upkeep\n|\n|t:|1700594255\n|switch|p2a: Chesnuts|Chesnaught, F, shiny|100\/100\n|-damage|p2a: Chesnuts|94\/100|[from] Stealth Rock\n|turn|53\n|\n|t:|1700594258\n|move|p1a: Overgod|Low Kick|p2a: Chesnuts\n|-damage|p2a: Chesnuts|71\/100\n|move|p2a: Chesnuts|Leech Seed|p1a: Overgod\n|-start|p1a: Overgod|move: Leech Seed\n|\n|-heal|p2a: Chesnuts|78\/100|[from] item: Leftovers\n|-damage|p1a: Overgod|33\/100|[from] Leech Seed|[of] p2a: Chesnuts\n|-heal|p2a: Chesnuts|89\/100|[silent]\n|upkeep\n|turn|54\n|\n|t:|1700594261\n|-end|p1a: Overgod|fallen3|[silent]\n|switch|p1a: Behemoth|Great Tusk, shiny|36\/100\n|move|p2a: Chesnuts|Substitute|p2a: Chesnuts\n|-start|p2a: Chesnuts|Substitute\n|-damage|p2a: Chesnuts|64\/100\n|\n|-heal|p2a: Chesnuts|70\/100|[from] item: Leftovers\n|upkeep\n|turn|55\n|\n|t:|1700594263\n|move|p1a: Behemoth|Ice Spinner|p2a: Chesnuts\n|-supereffective|p2a: Chesnuts\n|-end|p2a: Chesnuts|Substitute\n|move|p2a: Chesnuts|Leech Seed|p1a: Behemoth\n|-start|p1a: Behemoth|move: Leech Seed\n|\n|-heal|p2a: Chesnuts|76\/100|[from] item: Leftovers\n|-damage|p1a: Behemoth|23\/100|[from] Leech Seed|[of] p2a: Chesnuts\n|-heal|p2a: Chesnuts|88\/100|[silent]\n|upkeep\n|turn|56\n|\n|t:|1700594267\n|-end|p1a: Behemoth|Protosynthesis|[silent]\n|switch|p1a: Overgod|Kingambit, M, shiny|33\/100\n|-activate|p1a: Overgod|ability: Supreme Overlord\n|-start|p1a: Overgod|fallen3|[silent]\n|move|p2a: Chesnuts|Substitute|p2a: Chesnuts\n|-start|p2a: Chesnuts|Substitute\n|-damage|p2a: Chesnuts|63\/100\n|\n|-heal|p2a: Chesnuts|69\/100|[from] item: Leftovers\n|upkeep\n|turn|57\n|\n|t:|1700594270\n|-end|p1a: Overgod|fallen3|[silent]\n|switch|p1a: Serpentine|Toxapex, M, shiny, tera:Flying|100\/100 slp\n|move|p2a: Chesnuts|Leech Seed|p1a: Serpentine\n|-start|p1a: Serpentine|move: Leech Seed\n|\n|-heal|p2a: Chesnuts|75\/100|[from] item: Leftovers\n|-damage|p1a: Serpentine|88\/100 slp|[from] Leech Seed|[of] p2a: Chesnuts\n|-heal|p2a: Chesnuts|85\/100|[silent]\n|upkeep\n|turn|58\n|\n|t:|1700594274\n|switch|p1a: Overgod|Kingambit, M, shiny|33\/100\n|-activate|p1a: Overgod|ability: Supreme Overlord\n|-start|p1a: Overgod|fallen3|[silent]\n|move|p2a: Chesnuts|Knock Off|p1a: Overgod\n|-resisted|p1a: Overgod\n|-damage|p1a: Overgod|22\/100\n|-enditem|p1a: Overgod|Black Glasses|[from] move: Knock Off|[of] p2a: Chesnuts\n|\n|-heal|p2a: Chesnuts|91\/100|[from] item: Leftovers\n|upkeep\n|turn|59\n|\n|t:|1700594287\n|-end|p1a: Overgod|fallen3|[silent]\n|switch|p1a: Serpentine|Toxapex, M, shiny, tera:Flying|100\/100 slp\n|move|p2a: Chesnuts|Knock Off|p1a: Serpentine\n|-damage|p1a: Serpentine|88\/100 slp\n|\n|-heal|p2a: Chesnuts|97\/100|[from] item: Leftovers\n|upkeep\n|turn|60\n|\n|t:|1700594294\n|move|p2a: Chesnuts|Knock Off|p1a: Serpentine\n|-damage|p1a: Serpentine|75\/100 slp\n|cant|p1a: Serpentine|slp\n|\n|-heal|p2a: Chesnuts|100\/100|[from] item: Leftovers\n|upkeep\n|turn|61\n|\n|t:|1700594300\n|move|p2a: Chesnuts|Leech Seed|p1a: Serpentine\n|-start|p1a: Serpentine|move: Leech Seed\n|-curestatus|p1a: Serpentine|slp|[msg]\n|move|p1a: Serpentine|Surf|p2a: Chesnuts\n|-resisted|p2a: Chesnuts\n|-activate|p2a: Chesnuts|move: Substitute|[damage]\n|\n|-damage|p1a: Serpentine|63\/100|[from] Leech Seed|[of] p2a: Chesnuts\n|upkeep\n|turn|62\n|\n|t:|1700594303\n|switch|p1a: Overgod|Kingambit, M, shiny|22\/100\n|-activate|p1a: Overgod|ability: Supreme Overlord\n|-start|p1a: Overgod|fallen3|[silent]\n|move|p2a: Chesnuts|Leech Seed|p1a: Overgod\n|-start|p1a: Overgod|move: Leech Seed\n|\n|-damage|p1a: Overgod|10\/100|[from] Leech Seed|[of] p2a: Chesnuts\n|upkeep\n|turn|63\n|\n|t:|1700594305\n|-end|p1a: Overgod|fallen3|[silent]\n|switch|p1a: Serpentine|Toxapex, M, shiny, tera:Flying|96\/100\n|move|p2a: Chesnuts|Knock Off|p1a: Serpentine\n|-damage|p1a: Serpentine|82\/100\n|\n|upkeep\n|turn|64\n|\n|t:|1700594308\n|move|p2a: Chesnuts|Leech Seed|p1a: Serpentine\n|-start|p1a: Serpentine|move: Leech Seed\n|move|p1a: Serpentine|Surf|p2a: Chesnuts\n|-resisted|p2a: Chesnuts\n|-activate|p2a: Chesnuts|move: Substitute|[damage]\n|\n|-damage|p1a: Serpentine|70\/100|[from] Leech Seed|[of] p2a: Chesnuts\n|upkeep\n|turn|65\n|\n|t:|1700594310\n|switch|p1a: Overgod|Kingambit, M, shiny|10\/100\n|-activate|p1a: Overgod|ability: Supreme Overlord\n|-start|p1a: Overgod|fallen3|[silent]\n|move|p2a: Chesnuts|Knock Off|p1a: Overgod\n|-resisted|p1a: Overgod\n|-damage|p1a: Overgod|3\/100\n|\n|upkeep\n|turn|66\n|\n|t:|1700594316\n|move|p1a: Overgod|Sucker Punch||[still]\n|-fail|p1a: Overgod\n|move|p2a: Chesnuts|Leech Seed|p1a: Overgod\n|-start|p1a: Overgod|move: Leech Seed\n|\n|-damage|p1a: Overgod|0 fnt|[from] Leech Seed|[of] p2a: Chesnuts\n|faint|p1a: Overgod\n|-end|p1a: Overgod|fallen3|[silent]\n|upkeep\n|\n|t:|1700594320\n|switch|p1a: Behemoth|Great Tusk, shiny|23\/100\n|turn|67\n|\n|t:|1700594322\n|move|p1a: Behemoth|Ice Spinner|p2a: Chesnuts\n|-supereffective|p2a: Chesnuts\n|-end|p2a: Chesnuts|Substitute\n|move|p2a: Chesnuts|Knock Off|p1a: Behemoth\n|-resisted|p1a: Behemoth\n|-damage|p1a: Behemoth|15\/100\n|-enditem|p1a: Behemoth|Choice Band|[from] move: Knock Off|[of] p2a: Chesnuts\n|\n|upkeep\n|turn|68\n|\n|t:|1700594327\n|move|p1a: Behemoth|Ice Spinner|p2a: Chesnuts\n|-supereffective|p2a: Chesnuts\n|-damage|p2a: Chesnuts|67\/100\n|move|p2a: Chesnuts|Knock Off|p1a: Behemoth\n|-resisted|p1a: Behemoth\n|-damage|p1a: Behemoth|9\/100\n|\n|-heal|p2a: Chesnuts|73\/100|[from] item: Leftovers\n|upkeep\n|turn|69\n|\n|t:|1700594331\n|move|p1a: Behemoth|Ice Spinner|p2a: Chesnuts\n|-supereffective|p2a: Chesnuts\n|-damage|p2a: Chesnuts|43\/100\n|move|p2a: Chesnuts|Leech Seed|p1a: Behemoth\n|-start|p1a: Behemoth|move: Leech Seed\n|\n|-heal|p2a: Chesnuts|49\/100|[from] item: Leftovers\n|-damage|p1a: Behemoth|0 fnt|[from] Leech Seed|[of] p2a: Chesnuts\n|-heal|p2a: Chesnuts|58\/100|[silent]\n|faint|p1a: Behemoth\n|-end|p1a: Behemoth|Protosynthesis|[silent]\n|upkeep\n|\n|t:|1700594335\n|switch|p1a: Serpentine|Toxapex, M, shiny, tera:Flying|100\/100\n|turn|70\n|\n|t:|1700594338\n|move|p2a: Chesnuts|Substitute|p2a: Chesnuts\n|-start|p2a: Chesnuts|Substitute\n|-damage|p2a: Chesnuts|33\/100\n|move|p1a: Serpentine|Surf|p2a: Chesnuts\n|-resisted|p2a: Chesnuts\n|-crit|p2a: Chesnuts\n|-activate|p2a: Chesnuts|move: Substitute|[damage]\n|\n|-heal|p2a: Chesnuts|39\/100|[from] item: Leftovers\n|upkeep\n|turn|71\n|\n|t:|1700594343\n|move|p2a: Chesnuts|Leech Seed|p1a: Serpentine\n|-start|p1a: Serpentine|move: Leech Seed\n|move|p1a: Serpentine|Surf|p2a: Chesnuts\n|-resisted|p2a: Chesnuts\n|-end|p2a: Chesnuts|Substitute\n|\n|-heal|p2a: Chesnuts|45\/100|[from] item: Leftovers\n|-damage|p1a: Serpentine|88\/100|[from] Leech Seed|[of] p2a: Chesnuts\n|-heal|p2a: Chesnuts|55\/100|[silent]\n|upkeep\n|turn|72\n|\n|t:|1700594351\n|move|p2a: Chesnuts|Substitute|p2a: Chesnuts\n|-start|p2a: Chesnuts|Substitute\n|-damage|p2a: Chesnuts|30\/100\n|move|p1a: Serpentine|Haze|p1a: Serpentine\n|-clearallboost\n|\n|-heal|p2a: Chesnuts|36\/100|[from] item: Leftovers\n|-damage|p1a: Serpentine|76\/100|[from] Leech Seed|[of] p2a: Chesnuts\n|-heal|p2a: Chesnuts|46\/100|[silent]\n|upkeep\n|turn|73\n|\n|t:|1700594354\n|move|p2a: Chesnuts|Knock Off|p1a: Serpentine\n|-damage|p1a: Serpentine|63\/100\n|move|p1a: Serpentine|Haze|p1a: Serpentine\n|-clearallboost\n|\n|-heal|p2a: Chesnuts|52\/100|[from] item: Leftovers\n|-damage|p1a: Serpentine|50\/100|[from] Leech Seed|[of] p2a: Chesnuts\n|-heal|p2a: Chesnuts|62\/100|[silent]\n|upkeep\n|turn|74\n|\n|t:|1700594357\n|move|p2a: Chesnuts|Knock Off|p1a: Serpentine\n|-damage|p1a: Serpentine|38\/100\n|move|p1a: Serpentine|Haze|p1a: Serpentine\n|-clearallboost\n|\n|-heal|p2a: Chesnuts|68\/100|[from] item: Leftovers\n|-damage|p1a: Serpentine|26\/100|[from] Leech Seed|[of] p2a: Chesnuts\n|-heal|p2a: Chesnuts|78\/100|[silent]\n|upkeep\n|turn|75\n|\n|t:|1700594359\n|move|p2a: Chesnuts|Knock Off|p1a: Serpentine\n|-damage|p1a: Serpentine|13\/100\n|move|p1a: Serpentine|Recover|p1a: Serpentine\n|-heal|p1a: Serpentine|63\/100\n|\n|-heal|p2a: Chesnuts|84\/100|[from] item: Leftovers\n|-damage|p1a: Serpentine|51\/100|[from] Leech Seed|[of] p2a: Chesnuts\n|-heal|p2a: Chesnuts|93\/100|[silent]\n|upkeep\n|turn|76\n|\n|t:|1700594364\n|move|p2a: Chesnuts|Knock Off|p1a: Serpentine\n|-damage|p1a: Serpentine|38\/100\n|move|p1a: Serpentine|Recover|p1a: Serpentine\n|-heal|p1a: Serpentine|88\/100\n|\n|-heal|p2a: Chesnuts|99\/100|[from] item: Leftovers\n|-damage|p1a: Serpentine|76\/100|[from] Leech Seed|[of] p2a: Chesnuts\n|-heal|p2a: Chesnuts|100\/100|[silent]\n|upkeep\n|turn|77\n|\n|t:|1700594367\n|move|p2a: Chesnuts|Knock Off|p1a: Serpentine\n|-damage|p1a: Serpentine|63\/100\n|move|p1a: Serpentine|Surf|p2a: Chesnuts\n|-resisted|p2a: Chesnuts\n|-activate|p2a: Chesnuts|move: Substitute|[damage]\n|\n|-damage|p1a: Serpentine|51\/100|[from] Leech Seed|[of] p2a: Chesnuts\n|upkeep\n|turn|78\n|\n|t:|1700594369\n|move|p2a: Chesnuts|Knock Off|p1a: Serpentine\n|-damage|p1a: Serpentine|38\/100\n|move|p1a: Serpentine|Surf|p2a: Chesnuts\n|-resisted|p2a: Chesnuts\n|-activate|p2a: Chesnuts|move: Substitute|[damage]\n|\n|-damage|p1a: Serpentine|26\/100|[from] Leech Seed|[of] p2a: Chesnuts\n|upkeep\n|turn|79\n|\n|t:|1700594371\n|move|p2a: Chesnuts|Knock Off|p1a: Serpentine\n|-damage|p1a: Serpentine|14\/100\n|move|p1a: Serpentine|Recover|p1a: Serpentine\n|-heal|p1a: Serpentine|64\/100\n|\n|-damage|p1a: Serpentine|52\/100|[from] Leech Seed|[of] p2a: Chesnuts\n|upkeep\n|turn|80\n|\n|t:|1700594373\n|move|p2a: Chesnuts|Knock Off|p1a: Serpentine\n|-damage|p1a: Serpentine|38\/100\n|move|p1a: Serpentine|Recover|p1a: Serpentine\n|-heal|p1a: Serpentine|89\/100\n|\n|-damage|p1a: Serpentine|76\/100|[from] Leech Seed|[of] p2a: Chesnuts\n|upkeep\n|turn|81\n|\n|t:|1700594375\n|move|p2a: Chesnuts|Knock Off|p1a: Serpentine\n|-damage|p1a: Serpentine|65\/100\n|move|p1a: Serpentine|Surf|p2a: Chesnuts\n|-resisted|p2a: Chesnuts\n|-end|p2a: Chesnuts|Substitute\n|\n|-damage|p1a: Serpentine|52\/100|[from] Leech Seed|[of] p2a: Chesnuts\n|upkeep\n|turn|82\n|\n|t:|1700594380\n|move|p2a: Chesnuts|Substitute|p2a: Chesnuts\n|-start|p2a: Chesnuts|Substitute\n|-damage|p2a: Chesnuts|76\/100\n|move|p1a: Serpentine|Toxic||[still]\n|-fail|p1a: Serpentine\n|\n|-heal|p2a: Chesnuts|82\/100|[from] item: Leftovers\n|-damage|p1a: Serpentine|40\/100|[from] Leech Seed|[of] p2a: Chesnuts\n|-heal|p2a: Chesnuts|92\/100|[silent]\n|upkeep\n|turn|83\n|\n|t:|1700594381\n|move|p2a: Chesnuts|Knock Off|p1a: Serpentine\n|-damage|p1a: Serpentine|28\/100\n|move|p1a: Serpentine|Recover|p1a: Serpentine\n|-heal|p1a: Serpentine|78\/100\n|\n|-heal|p2a: Chesnuts|98\/100|[from] item: Leftovers\n|-damage|p1a: Serpentine|66\/100|[from] Leech Seed|[of] p2a: Chesnuts\n|-heal|p2a: Chesnuts|100\/100|[silent]\n|upkeep\n|turn|84\n|\n|t:|1700594384\n|move|p2a: Chesnuts|Knock Off|p1a: Serpentine\n|-damage|p1a: Serpentine|53\/100\n|move|p1a: Serpentine|Surf|p2a: Chesnuts\n|-resisted|p2a: Chesnuts\n|-activate|p2a: Chesnuts|move: Substitute|[damage]\n|\n|-damage|p1a: Serpentine|40\/100|[from] Leech Seed|[of] p2a: Chesnuts\n|upkeep\n|turn|85\n|-message|crown1 forfeited.\n|\n|win|Redboy128\n|raw|crown1's rating: 1348 &rarr; <strong>1326<\/strong><br \/>(-22 for losing)\n|raw|Redboy128's rating: 1309 &rarr; <strong>1331<\/strong><br \/>(+22 for winning)\n|l|\u2606crown1\n","uploadtime":1700594396,"views":11,"p1id":"crown1","p2id":"redboy128","formatid":"gen9ou","rating":1326,"private":0,"password":""}