{"id":"gen9ou-1990851140","p1":"KANYESWORKOUTPLAN","p2":"littensalt","format":"[Gen 9] OU","log":"|j|\u2606KANYESWORKOUTPLAN\n|j|\u2606littensalt\n|t:|1700007534\n|gametype|singles\n|player|p1|KANYESWORKOUTPLAN|roughneck|1284\n|player|p2|littensalt|calem|1351\n|teamsize|p1|6\n|teamsize|p2|6\n|gen|9\n|tier|[Gen 9] OU\n|rated|\n|rule|Sleep Clause Mod: Limit one foe put to sleep\n|rule|Species Clause: Limit one of each Pok\u00e9mon\n|rule|OHKO Clause: OHKO moves are banned\n|rule|Evasion Items Clause: Evasion items are banned\n|rule|Evasion Moves Clause: Evasion moves are banned\n|rule|Endless Battle Clause: Forcing endless battles is banned\n|rule|HP Percentage Mod: HP is shown in percentages\n|clearpoke\n|poke|p1|Great Tusk|\n|poke|p1|Pelipper, F|\n|poke|p1|Zapdos|\n|poke|p1|Greninja-*, M|\n|poke|p1|Glimmora, M|\n|poke|p1|Gholdengo|\n|poke|p2|Thundurus-Therian, M|\n|poke|p2|Weezing-Galar, F|\n|poke|p2|Cinderace, M|\n|poke|p2|Dragapult, M|\n|poke|p2|Greninja-*, M|\n|poke|p2|Zamazenta-*|\n|teampreview\n|\n|t:|1700007547\n|start\n|switch|p1a: Zapdos|Zapdos|100\/100\n|switch|p2a: KIDS SEE GHOST|Dragapult, M, shiny|100\/100\n|turn|1\n|\n|t:|1700007553\n|switch|p2a: 5g|Thundurus-Therian, M, shiny|100\/100\n|switch|p1a: Gholdengo|Gholdengo|100\/100\n|\n|upkeep\n|turn|2\n|\n|t:|1700007561\n|move|p2a: 5g|Dark Pulse|p1a: Gholdengo\n|-supereffective|p1a: Gholdengo\n|-damage|p1a: Gholdengo|0 fnt\n|faint|p1a: Gholdengo\n|\n|upkeep\n|\n|t:|1700007581\n|switch|p1a: Great Tusk|Great Tusk|100\/100\n|turn|3\n|\n|t:|1700007586\n|switch|p2a: wheezy outta here|Weezing-Galar, F, shiny|100\/100\n|-ability|p2a: wheezy outta here|Neutralizing Gas\n|move|p1a: Great Tusk|Knock Off|p2a: wheezy outta here\n|-resisted|p2a: wheezy outta here\n|-crit|p2a: wheezy outta here\n|-damage|p2a: wheezy outta here|85\/100\n|-damage|p1a: Great Tusk|84\/100|[from] item: Rocky Helmet|[of] p2a: wheezy outta here\n|-enditem|p2a: wheezy outta here|Rocky Helmet|[from] move: Knock Off|[of] p1a: Great Tusk\n|\n|upkeep\n|turn|4\n|\n|t:|1700007599\n|-end|p2a: wheezy outta here|ability: Neutralizing Gas\n|switch|p2a: 5g|Thundurus-Therian, M, shiny|100\/100\n|move|p1a: Great Tusk|Headlong Rush|p2a: 5g\n|-immune|p2a: 5g\n|\n|upkeep\n|turn|5\n|\n|t:|1700007618\n|-end|p1a: Great Tusk|Protosynthesis|[silent]\n|switch|p1a: Pelipper|Pelipper, F|100\/100\n|-weather|RainDance|[from] ability: Drizzle|[of] p1a: Pelipper\n|move|p2a: 5g|Tera Blast|p1a: Pelipper\n|-damage|p1a: Pelipper|29\/100\n|\n|-weather|RainDance|[upkeep]\n|upkeep\n|turn|6\n|\n|t:|1700007628\n|switch|p1a: Glimmora|Glimmora, M|100\/100\n|move|p2a: 5g|Tera Blast|p1a: Glimmora\n|-resisted|p1a: Glimmora\n|-damage|p1a: Glimmora|68\/100\n|\n|-weather|RainDance|[upkeep]\n|upkeep\n|turn|7\n|\n|t:|1700007637\n|switch|p2a: N95|Greninja, M|100\/100\n|move|p1a: Glimmora|Stealth Rock|p2a: N95\n|-sidestart|p2: littensalt|move: Stealth Rock\n|\n|-weather|RainDance|[upkeep]\n|upkeep\n|turn|8\n|\n|t:|1700007660\n|switch|p1a: Zapdos|Zapdos|100\/100\n|move|p2a: N95|Water Shuriken|p1a: Zapdos\n|-crit|p1a: Zapdos\n|-damage|p1a: Zapdos|77\/100\n|-damage|p1a: Zapdos|61\/100\n|-damage|p1a: Zapdos|45\/100\n|-damage|p1a: Zapdos|29\/100\n|-hitcount|p1a: Zapdos|4\n|-damage|p2a: N95|91\/100|[from] item: Life Orb\n|\n|-weather|RainDance|[upkeep]\n|upkeep\n|turn|9\n|\n|t:|1700007675\n|move|p2a: N95|Dark Pulse|p1a: Zapdos\n|-damage|p1a: Zapdos|0 fnt\n|faint|p1a: Zapdos\n|-ability|p2a: N95|Battle Bond|boost\n|-boost|p2a: N95|atk|1\n|-boost|p2a: N95|spa|1\n|-boost|p2a: N95|spe|1\n|-activate|p2a: N95|ability: Battle Bond\n|-damage|p2a: N95|81\/100|[from] item: Life Orb\n|\n|-weather|RainDance|[upkeep]\n|upkeep\n|\n|t:|1700007684\n|switch|p1a: Great Tusk|Great Tusk|84\/100\n|turn|10\n|\n|t:|1700007687\n|-terastallize|p1a: Great Tusk|Water\n|move|p2a: N95|Water Shuriken|p1a: Great Tusk\n|-resisted|p1a: Great Tusk\n|-damage|p1a: Great Tusk|70\/100\n|-resisted|p1a: Great Tusk\n|-damage|p1a: Great Tusk|55\/100\n|-resisted|p1a: Great Tusk\n|-damage|p1a: Great Tusk|40\/100\n|-resisted|p1a: Great Tusk\n|-damage|p1a: Great Tusk|24\/100\n|-resisted|p1a: Great Tusk\n|-damage|p1a: Great Tusk|10\/100\n|-hitcount|p1a: Great Tusk|5\n|-damage|p2a: N95|71\/100|[from] item: Life Orb\n|move|p1a: Great Tusk|Close Combat|p2a: N95\n|-supereffective|p2a: N95\n|-damage|p2a: N95|0 fnt\n|-unboost|p1a: Great Tusk|def|1\n|-unboost|p1a: Great Tusk|spd|1\n|-enditem|p1a: Great Tusk|Eject Pack\n|faint|p2a: N95\n|\n|t:|1700007692\n|-end|p1a: Great Tusk|Protosynthesis|[silent]\n|switch|p1a: Greninja|Greninja, M|100\/100\n|\n|-weather|RainDance|[upkeep]\n|upkeep\n|\n|t:|1700007704\n|switch|p2a: november|Zamazenta|100\/100\n|-damage|p2a: november|94\/100|[from] Stealth Rock\n|-ability|p2a: november|Dauntless Shield|boost\n|-boost|p2a: november|def|1\n|turn|11\n|\n|t:|1700007711\n|move|p2a: november|Iron Defense|p2a: november\n|-boost|p2a: november|def|2\n|move|p1a: Greninja|Hydro Pump|p2a: november\n|-damage|p2a: november|18\/100\n|-damage|p1a: Greninja|91\/100|[from] item: Life Orb\n|\n|-weather|RainDance|[upkeep]\n|-heal|p2a: november|24\/100|[from] item: Leftovers\n|upkeep\n|turn|12\n|\n|t:|1700007716\n|move|p1a: Greninja|Water Shuriken|p2a: november\n|-damage|p2a: november|12\/100\n|-damage|p2a: november|2\/100\n|-hitcount|p2a: november|2\n|-damage|p1a: Greninja|81\/100|[from] item: Life Orb\n|move|p2a: november|Body Press|p1a: Greninja\n|-supereffective|p1a: Greninja\n|-damage|p1a: Greninja|0 fnt\n|faint|p1a: Greninja\n|\n|-weather|none\n|-heal|p2a: november|8\/100|[from] item: Leftovers\n|upkeep\n|-message|KANYESWORKOUTPLAN forfeited.\n|\n|win|littensalt\n|raw|KANYESWORKOUTPLAN's rating: 1284 &rarr; <strong>1264<\/strong><br \/>(-20 for losing)\n|raw|littensalt's rating: 1351 &rarr; <strong>1367<\/strong><br \/>(+16 for winning)\n|l|\u2606KANYESWORKOUTPLAN\n","uploadtime":1700007728,"views":12,"p1id":"kanyesworkoutplan","p2id":"littensalt","formatid":"gen9ou","rating":1264,"private":0,"password":""}