{"id":"gen9ou-2000293186","p1":"Kilala121","p2":"beaakvolt","format":"[Gen 9] OU","log":"|j|\u2606Kilala121\n|j|\u2606beaakvolt\n|t:|1701182112\n|gametype|singles\n|player|p1|Kilala121|lass-gen4dp|1521\n|player|p2|beaakvolt|pokefanf-gen4|1612\n|teamsize|p1|6\n|teamsize|p2|6\n|gen|9\n|tier|[Gen 9] OU\n|rated|\n|rule|Sleep Clause Mod: Limit one foe put to sleep\n|rule|Species Clause: Limit one of each Pok\u00e9mon\n|rule|OHKO Clause: OHKO moves are banned\n|rule|Evasion Items Clause: Evasion items are banned\n|rule|Evasion Moves Clause: Evasion moves are banned\n|rule|Endless Battle Clause: Forcing endless battles is banned\n|rule|HP Percentage Mod: HP is shown in percentages\n|clearpoke\n|poke|p1|Torkoal, F|\n|poke|p1|Walking Wake|\n|poke|p1|Great Tusk|\n|poke|p1|Scream Tail|\n|poke|p1|Skeledirge, M|\n|poke|p1|Meowscarada, F|\n|poke|p2|Clodsire, M|\n|poke|p2|Toxapex, M|\n|poke|p2|Corviknight, M|\n|poke|p2|Mandibuzz, F|\n|poke|p2|Dondozo, M|\n|poke|p2|Blissey, F|\n|teampreview\n|\n|t:|1701182121\n|start\n|switch|p1a: Meowscarada|Meowscarada, F|100\/100\n|switch|p2a: Clodsire|Clodsire, M|100\/100\n|turn|1\n|\n|t:|1701182127\n|switch|p2a: Corviknight|Corviknight, M|100\/100\n|-ability|p2a: Corviknight|Pressure\n|move|p1a: Meowscarada|Knock Off|p2a: Corviknight\n|-start|p1a: Meowscarada|typechange|Dark|[from] ability: Protean\n|-damage|p2a: Corviknight|58\/100\n|-enditem|p2a: Corviknight|Leftovers|[from] move: Knock Off|[of] p1a: Meowscarada\n|\n|upkeep\n|turn|2\n|\n|t:|1701182135\n|switch|p1a: Skeledirge|Skeledirge, M|100\/100\n|move|p2a: Corviknight|Roost|p2a: Corviknight\n|-heal|p2a: Corviknight|100\/100\n|-singleturn|p2a: Corviknight|move: Roost\n|\n|upkeep\n|turn|3\n|\n|t:|1701182146\n|switch|p2a: Toxapex|Toxapex, M|100\/100\n|switch|p1a: Meowscarada|Meowscarada, F|100\/100\n|\n|upkeep\n|turn|4\n|\n|t:|1701182148\n|move|p1a: Meowscarada|Knock Off|p2a: Toxapex\n|-start|p1a: Meowscarada|typechange|Dark|[from] ability: Protean\n|-damage|p2a: Toxapex|60\/100\n|-enditem|p2a: Toxapex|Heavy-Duty Boots|[from] move: Knock Off|[of] p1a: Meowscarada\n|move|p2a: Toxapex|Toxic|p1a: Meowscarada\n|-status|p1a: Meowscarada|tox\n|\n|-damage|p1a: Meowscarada|94\/100 tox|[from] psn\n|upkeep\n|turn|5\n|inactive|Battle timer is ON: inactive players will automatically lose when time's up. (requested by beaakvolt)\n|\n|t:|1701182186\n|switch|p2a: Corviknight|Corviknight, M|100\/100\n|-ability|p2a: Corviknight|Pressure\n|move|p1a: Meowscarada|Knock Off|p2a: Corviknight\n|-damage|p2a: Corviknight|75\/100\n|\n|-damage|p1a: Meowscarada|82\/100 tox|[from] psn\n|upkeep\n|turn|6\n|\n|t:|1701182192\n|switch|p1a: Skeledirge|Skeledirge, M|100\/100\n|switch|p2a: Toxapex|Toxapex, M|93\/100\n|\n|upkeep\n|turn|7\n|\n|t:|1701182211\n|switch|p1a: Meowscarada|Meowscarada, F|82\/100 tox\n|move|p2a: Toxapex|Toxic|p1a: Meowscarada\n|-fail|p1a: Meowscarada|tox\n|\n|-damage|p1a: Meowscarada|76\/100 tox|[from] psn\n|upkeep\n|turn|8\n|\n|t:|1701182217\n|move|p1a: Meowscarada|U-turn|p2a: Toxapex\n|-start|p1a: Meowscarada|typechange|Bug|[from] ability: Protean\n|-resisted|p2a: Toxapex\n|-damage|p2a: Toxapex|79\/100\n|j| LeNabotVert\n|\n|t:|1701182227\n|switch|p1a: Torkoal|Torkoal, F|100\/100|[from] U-turn\n|-weather|SunnyDay|[from] ability: Drought|[of] p1a: Torkoal\n|move|p2a: Toxapex|Surf|p1a: Torkoal\n|-supereffective|p1a: Torkoal\n|-damage|p1a: Torkoal|76\/100\n|\n|-weather|SunnyDay|[upkeep]\n|upkeep\n|turn|9\n|\n|t:|1701182231\n|move|p2a: Toxapex|Toxic|p1a: Torkoal\n|-status|p1a: Torkoal|tox\n|move|p1a: Torkoal|Stealth Rock|p2a: Toxapex\n|-sidestart|p2: beaakvolt|move: Stealth Rock\n|\n|-weather|SunnyDay|[upkeep]\n|-damage|p1a: Torkoal|70\/100 tox|[from] psn\n|upkeep\n|turn|10\n|\n|t:|1701182241\n|move|p2a: Toxapex|Toxic|p1a: Torkoal\n|-fail|p1a: Torkoal|tox\n|move|p1a: Torkoal|Yawn|p2a: Toxapex\n|-start|p2a: Toxapex|move: Yawn|[of] p1a: Torkoal\n|\n|-weather|SunnyDay|[upkeep]\n|-damage|p1a: Torkoal|58\/100 tox|[from] psn\n|upkeep\n|turn|11\n|\n|t:|1701182246\n|switch|p2a: Blissey|Blissey, F|100\/100\n|switch|p1a: Meowscarada|Meowscarada, F|76\/100 tox\n|\n|-weather|SunnyDay|[upkeep]\n|-damage|p1a: Meowscarada|70\/100 tox|[from] psn\n|upkeep\n|turn|12\n|\n|t:|1701182258\n|switch|p2a: Toxapex|Toxapex, M|100\/100\n|-damage|p2a: Toxapex|88\/100|[from] Stealth Rock\n|move|p1a: Meowscarada|U-turn|p2a: Toxapex\n|-start|p1a: Meowscarada|typechange|Bug|[from] ability: Protean\n|-resisted|p2a: Toxapex\n|-damage|p2a: Toxapex|72\/100\n|\n|t:|1701182271\n|switch|p1a: Walking Wake|Walking Wake|100\/100|[from] U-turn\n|-activate|p1a: Walking Wake|ability: Protosynthesis\n|-start|p1a: Walking Wake|protosynthesisspe\n|\n|-weather|SunnyDay|[upkeep]\n|upkeep\n|turn|13\n|\n|t:|1701182291\n|move|p1a: Walking Wake|Draco Meteor|p2a: Toxapex\n|-damage|p2a: Toxapex|0 fnt\n|-unboost|p1a: Walking Wake|spa|2\n|faint|p2a: Toxapex\n|\n|-weather|SunnyDay|[upkeep]\n|upkeep\n|\n|t:|1701182294\n|switch|p2a: Blissey|Blissey, F|100\/100\n|turn|14\n|l| LeNabotVert\n|\n|t:|1701182306\n|-end|p1a: Walking Wake|Protosynthesis|[silent]\n|switch|p1a: Great Tusk|Great Tusk|100\/100\n|-activate|p1a: Great Tusk|ability: Protosynthesis\n|-start|p1a: Great Tusk|protosynthesisdef\n|move|p2a: Blissey|Stealth Rock|p1a: Great Tusk\n|-sidestart|p1: Kilala121|move: Stealth Rock\n|\n|-weather|SunnyDay|[upkeep]\n|upkeep\n|turn|15\n|\n|t:|1701182312\n|switch|p2a: Mandibuzz|Mandibuzz, F|100\/100\n|move|p1a: Great Tusk|Rapid Spin|p2a: Mandibuzz\n|-damage|p2a: Mandibuzz|92\/100\n|-boost|p1a: Great Tusk|spe|1\n|-sideend|p1: Kilala121|Stealth Rock|[from] move: Rapid Spin|[of] p1a: Great Tusk\n|\n|-weather|none\n|-end|p1a: Great Tusk|Protosynthesis\n|upkeep\n|turn|16\n|\n|t:|1701182327\n|move|p1a: Great Tusk|Bulk Up|p1a: Great Tusk\n|-boost|p1a: Great Tusk|atk|1\n|-boost|p1a: Great Tusk|def|1\n|move|p2a: Mandibuzz|Toxic|p1a: Great Tusk\n|-status|p1a: Great Tusk|tox\n|\n|-damage|p1a: Great Tusk|94\/100 tox|[from] psn\n|upkeep\n|turn|17\n|\n|t:|1701182331\n|move|p1a: Great Tusk|Ice Spinner|p2a: Mandibuzz\n|-supereffective|p2a: Mandibuzz\n|-damage|p2a: Mandibuzz|55\/100\n|move|p2a: Mandibuzz|Iron Defense|p2a: Mandibuzz\n|-boost|p2a: Mandibuzz|def|2\n|\n|-damage|p1a: Great Tusk|82\/100 tox|[from] psn\n|upkeep\n|turn|18\n|\n|t:|1701182340\n|-end|p1a: Great Tusk|Protosynthesis|[silent]\n|switch|p1a: Walking Wake|Walking Wake|100\/100\n|move|p2a: Mandibuzz|Roost|p2a: Mandibuzz\n|-heal|p2a: Mandibuzz|100\/100\n|-singleturn|p2a: Mandibuzz|move: Roost\n|\n|upkeep\n|turn|19\n|\n|t:|1701182344\n|-end|p1a: Walking Wake|Protosynthesis|[silent]\n|switch|p1a: Meowscarada|Meowscarada, F|70\/100 tox\n|switch|p2a: Blissey|Blissey, F|100\/100\n|\n|-damage|p1a: Meowscarada|64\/100 tox|[from] psn\n|upkeep\n|turn|20\n|\n|t:|1701182349\n|switch|p2a: Corviknight|Corviknight, M|75\/100\n|-damage|p2a: Corviknight|63\/100|[from] Stealth Rock\n|-ability|p2a: Corviknight|Pressure\n|move|p1a: Meowscarada|U-turn|p2a: Corviknight\n|-start|p1a: Meowscarada|typechange|Bug|[from] ability: Protean\n|-resisted|p2a: Corviknight\n|-damage|p2a: Corviknight|56\/100\n|\n|t:|1701182351\n|switch|p1a: Walking Wake|Walking Wake|100\/100|[from] U-turn\n|\n|upkeep\n|turn|21\n|\n|t:|1701182367\n|switch|p2a: Blissey|Blissey, F|100\/100\n|move|p1a: Walking Wake|Flamethrower|p2a: Blissey\n|-damage|p2a: Blissey|84\/100\n|\n|upkeep\n|turn|22\n|\n|t:|1701182373\n|-end|p1a: Walking Wake|Protosynthesis|[silent]\n|switch|p1a: Great Tusk|Great Tusk|82\/100 tox\n|move|p2a: Blissey|Stealth Rock|p1a: Great Tusk\n|-sidestart|p1: Kilala121|move: Stealth Rock\n|\n|-damage|p1a: Great Tusk|76\/100 tox|[from] psn\n|upkeep\n|turn|23\n|\n|t:|1701182379\n|switch|p2a: Dondozo|Dondozo, M|100\/100\n|move|p1a: Great Tusk|Rapid Spin|p2a: Dondozo\n|-damage|p2a: Dondozo|92\/100\n|-boost|p1a: Great Tusk|spe|1\n|-sideend|p1: Kilala121|Stealth Rock|[from] move: Rapid Spin|[of] p1a: Great Tusk\n|\n|-damage|p1a: Great Tusk|63\/100 tox|[from] psn\n|upkeep\n|turn|24\n|\n|t:|1701182392\n|-end|p1a: Great Tusk|Protosynthesis|[silent]\n|switch|p1a: Meowscarada|Meowscarada, F|64\/100 tox\n|switch|p2a: Corviknight|Corviknight, M|56\/100\n|-damage|p2a: Corviknight|44\/100|[from] Stealth Rock\n|-ability|p2a: Corviknight|Pressure\n|\n|-damage|p1a: Meowscarada|57\/100 tox|[from] psn\n|upkeep\n|turn|25\n|\n|t:|1701182398\n|move|p1a: Meowscarada|Knock Off|p2a: Corviknight\n|-start|p1a: Meowscarada|typechange|Dark|[from] ability: Protean\n|-damage|p2a: Corviknight|16\/100\n|move|p2a: Corviknight|Roost|p2a: Corviknight\n|-heal|p2a: Corviknight|66\/100\n|-singleturn|p2a: Corviknight|move: Roost\n|\n|-damage|p1a: Meowscarada|45\/100 tox|[from] psn\n|upkeep\n|turn|26\n|\n|t:|1701182403\n|switch|p1a: Skeledirge|Skeledirge, M|100\/100\n|move|p2a: Corviknight|Body Press|p1a: Skeledirge\n|-immune|p1a: Skeledirge\n|\n|upkeep\n|turn|27\n|\n|t:|1701182407\n|switch|p2a: Blissey|Blissey, F|84\/100\n|move|p1a: Skeledirge|Torch Song|p2a: Blissey\n|-crit|p2a: Blissey\n|-damage|p2a: Blissey|68\/100\n|-boost|p1a: Skeledirge|spa|1\n|\n|upkeep\n|turn|28\n|\n|t:|1701182420\n|move|p1a: Skeledirge|Torch Song|p2a: Blissey\n|-damage|p2a: Blissey|52\/100\n|-boost|p1a: Skeledirge|spa|1\n|move|p2a: Blissey|Shadow Ball|p1a: Skeledirge\n|-supereffective|p1a: Skeledirge\n|-damage|p1a: Skeledirge|81\/100\n|\n|-heal|p1a: Skeledirge|87\/100|[from] item: Leftovers\n|upkeep\n|turn|29\n|\n|t:|1701182429\n|move|p1a: Skeledirge|Torch Song|p2a: Blissey\n|-damage|p2a: Blissey|33\/100\n|-boost|p1a: Skeledirge|spa|1\n|move|p2a: Blissey|Soft-Boiled|p2a: Blissey\n|-heal|p2a: Blissey|83\/100\n|\n|-heal|p1a: Skeledirge|93\/100|[from] item: Leftovers\n|upkeep\n|turn|30\n|\n|t:|1701182434\n|switch|p2a: Dondozo|Dondozo, M|92\/100\n|move|p1a: Skeledirge|Torch Song|p2a: Dondozo\n|-resisted|p2a: Dondozo\n|-damage|p2a: Dondozo|83\/100\n|-boost|p1a: Skeledirge|spa|1\n|\n|-heal|p1a: Skeledirge|99\/100|[from] item: Leftovers\n|upkeep\n|turn|31\n|\n|t:|1701182453\n|switch|p1a: Walking Wake|Walking Wake|100\/100\n|move|p2a: Dondozo|Curse|p2a: Dondozo\n|-unboost|p2a: Dondozo|spe|1\n|-boost|p2a: Dondozo|atk|1\n|-boost|p2a: Dondozo|def|1\n|\n|upkeep\n|turn|32\n|\n|t:|1701182462\n|-end|p1a: Walking Wake|Protosynthesis|[silent]\n|switch|p1a: Meowscarada|Meowscarada, F|45\/100 tox\n|switch|p2a: Blissey|Blissey, F|83\/100\n|\n|-damage|p1a: Meowscarada|39\/100 tox|[from] psn\n|upkeep\n|turn|33\n|\n|t:|1701182468\n|switch|p2a: Corviknight|Corviknight, M|66\/100\n|-damage|p2a: Corviknight|54\/100|[from] Stealth Rock\n|-ability|p2a: Corviknight|Pressure\n|move|p1a: Meowscarada|U-turn|p2a: Corviknight\n|-start|p1a: Meowscarada|typechange|Bug|[from] ability: Protean\n|-resisted|p2a: Corviknight\n|-damage|p2a: Corviknight|46\/100\n|\n|t:|1701182489\n|switch|p1a: Walking Wake|Walking Wake|100\/100|[from] U-turn\n|\n|upkeep\n|turn|34\n|\n|t:|1701182495\n|switch|p2a: Blissey|Blissey, F|83\/100\n|move|p1a: Walking Wake|Draco Meteor|p2a: Blissey\n|-damage|p2a: Blissey|51\/100\n|-unboost|p1a: Walking Wake|spa|2\n|\n|upkeep\n|turn|35\n|\n|t:|1701182505\n|-end|p1a: Walking Wake|Protosynthesis|[silent]\n|switch|p1a: Scream Tail|Scream Tail|100\/100\n|move|p2a: Blissey|Soft-Boiled|p2a: Blissey\n|-heal|p2a: Blissey|100\/100\n|\n|upkeep\n|turn|36\n|\n|t:|1701182511\n|switch|p2a: Clodsire|Clodsire, M|100\/100\n|move|p1a: Scream Tail|Wish|p1a: Scream Tail\n|\n|upkeep\n|turn|37\n|\n|t:|1701182518\n|-end|p1a: Scream Tail|Protosynthesis|[silent]\n|switch|p1a: Great Tusk|Great Tusk|63\/100 tox\n|move|p2a: Clodsire|Spikes|p1a: Great Tusk\n|-sidestart|p1: Kilala121|Spikes\n|\n|-heal|p1a: Great Tusk|100\/100 tox|[from] move: Wish|[wisher] Scream Tail\n|-damage|p1a: Great Tusk|94\/100 tox|[from] psn\n|upkeep\n|turn|38\n|\n|t:|1701182522\n|switch|p2a: Mandibuzz|Mandibuzz, F|100\/100\n|move|p1a: Great Tusk|Rapid Spin|p2a: Mandibuzz\n|-damage|p2a: Mandibuzz|92\/100\n|-boost|p1a: Great Tusk|spe|1\n|-sideend|p1: Kilala121|Spikes|[from] move: Rapid Spin|[of] p1a: Great Tusk\n|\n|-damage|p1a: Great Tusk|82\/100 tox|[from] psn\n|upkeep\n|turn|39\n|\n|t:|1701182534\n|move|p1a: Great Tusk|Ice Spinner|p2a: Mandibuzz\n|-supereffective|p2a: Mandibuzz\n|-crit|p2a: Mandibuzz\n|-damage|p2a: Mandibuzz|53\/100\n|move|p2a: Mandibuzz|Toxic|p1a: Great Tusk\n|-fail|p1a: Great Tusk|tox\n|\n|-damage|p1a: Great Tusk|63\/100 tox|[from] psn\n|upkeep\n|turn|40\n|\n|t:|1701182539\n|move|p1a: Great Tusk|Ice Spinner|p2a: Mandibuzz\n|-supereffective|p2a: Mandibuzz\n|-damage|p2a: Mandibuzz|28\/100\n|move|p2a: Mandibuzz|Roost|p2a: Mandibuzz\n|-heal|p2a: Mandibuzz|79\/100\n|-singleturn|p2a: Mandibuzz|move: Roost\n|\n|-damage|p1a: Great Tusk|38\/100 tox|[from] psn\n|upkeep\n|turn|41\n|\n|t:|1701182563\n|-end|p1a: Great Tusk|Protosynthesis|[silent]\n|switch|p1a: Walking Wake|Walking Wake|100\/100\n|move|p2a: Mandibuzz|Toxic|p1a: Walking Wake\n|-status|p1a: Walking Wake|tox\n|\n|-damage|p1a: Walking Wake|94\/100 tox|[from] psn\n|upkeep\n|turn|42\n|\n|t:|1701182574\n|-end|p1a: Walking Wake|Protosynthesis|[silent]\n|switch|p1a: Meowscarada|Meowscarada, F|39\/100 tox\n|switch|p2a: Blissey|Blissey, F|100\/100\n|\n|-damage|p1a: Meowscarada|33\/100 tox|[from] psn\n|upkeep\n|turn|43\n|\n|t:|1701182579\n|switch|p2a: Mandibuzz|Mandibuzz, F|79\/100\n|move|p1a: Meowscarada|Knock Off|p2a: Mandibuzz\n|-start|p1a: Meowscarada|typechange|Dark|[from] ability: Protean\n|-resisted|p2a: Mandibuzz\n|-damage|p2a: Mandibuzz|59\/100\n|-enditem|p2a: Mandibuzz|Heavy-Duty Boots|[from] move: Knock Off|[of] p1a: Meowscarada\n|\n|-damage|p1a: Meowscarada|21\/100 tox|[from] psn\n|upkeep\n|turn|44\n|\n|t:|1701182585\n|switch|p1a: Scream Tail|Scream Tail|100\/100\n|move|p2a: Mandibuzz|Toxic|p1a: Scream Tail\n|-status|p1a: Scream Tail|tox\n|\n|-damage|p1a: Scream Tail|94\/100 tox|[from] psn\n|upkeep\n|turn|45\n|\n|t:|1701182589\n|move|p1a: Scream Tail|Thunder Wave|p2a: Mandibuzz\n|-status|p2a: Mandibuzz|par\n|cant|p2a: Mandibuzz|par\n|\n|-heal|p1a: Scream Tail|100\/100 tox|[from] item: Leftovers\n|-damage|p1a: Scream Tail|88\/100 tox|[from] psn\n|upkeep\n|turn|46\n|\n|t:|1701182593\n|move|p1a: Scream Tail|Wish|p1a: Scream Tail\n|move|p2a: Mandibuzz|Roost|p2a: Mandibuzz\n|-heal|p2a: Mandibuzz|100\/100 par\n|-singleturn|p2a: Mandibuzz|move: Roost\n|\n|-heal|p1a: Scream Tail|94\/100 tox|[from] item: Leftovers\n|-damage|p1a: Scream Tail|76\/100 tox|[from] psn\n|upkeep\n|turn|47\n|\n|t:|1701182606\n|-end|p1a: Scream Tail|Protosynthesis|[silent]\n|switch|p1a: Great Tusk|Great Tusk|38\/100 tox\n|move|p2a: Mandibuzz|Iron Defense|p2a: Mandibuzz\n|-boost|p2a: Mandibuzz|def|2\n|\n|-heal|p1a: Great Tusk|88\/100 tox|[from] move: Wish|[wisher] Scream Tail\n|-damage|p1a: Great Tusk|82\/100 tox|[from] psn\n|upkeep\n|turn|48\n|\n|t:|1701182611\n|-end|p1a: Great Tusk|Protosynthesis|[silent]\n|switch|p1a: Torkoal|Torkoal, F|58\/100 tox\n|-weather|SunnyDay|[from] ability: Drought|[of] p1a: Torkoal\n|move|p2a: Mandibuzz|Foul Play|p1a: Torkoal\n|-damage|p1a: Torkoal|43\/100 tox\n|\n|-weather|SunnyDay|[upkeep]\n|-damage|p1a: Torkoal|37\/100 tox|[from] psn\n|upkeep\n|turn|49\n|\n|t:|1701182622\n|switch|p1a: Walking Wake|Walking Wake|94\/100 tox\n|-activate|p1a: Walking Wake|ability: Protosynthesis\n|-start|p1a: Walking Wake|protosynthesisspe\n|move|p2a: Mandibuzz|Foul Play|p1a: Walking Wake\n|-damage|p1a: Walking Wake|72\/100 tox\n|\n|-weather|SunnyDay|[upkeep]\n|-damage|p1a: Walking Wake|66\/100 tox|[from] psn\n|upkeep\n|turn|50\n|\n|t:|1701182629\n|switch|p2a: Blissey|Blissey, F|100\/100\n|-terastallize|p1a: Walking Wake|Water\n|move|p1a: Walking Wake|Hydro Steam|p2a: Blissey\n|-damage|p2a: Blissey|56\/100\n|\n|-weather|SunnyDay|[upkeep]\n|-damage|p1a: Walking Wake|54\/100 tox|[from] psn\n|upkeep\n|turn|51\n|\n|t:|1701182634\n|move|p1a: Walking Wake|Hydro Steam|p2a: Blissey\n|-damage|p2a: Blissey|18\/100\n|move|p2a: Blissey|Soft-Boiled|p2a: Blissey\n|-heal|p2a: Blissey|68\/100\n|\n|-weather|SunnyDay|[upkeep]\n|-damage|p1a: Walking Wake|35\/100 tox|[from] psn\n|upkeep\n|turn|52\n|\n|t:|1701182640\n|-end|p1a: Walking Wake|Protosynthesis|[silent]\n|switch|p1a: Scream Tail|Scream Tail|76\/100 tox\n|-activate|p1a: Scream Tail|ability: Protosynthesis\n|-start|p1a: Scream Tail|protosynthesisspe\n|move|p2a: Blissey|Seismic Toss|p1a: Scream Tail\n|-damage|p1a: Scream Tail|53\/100 tox\n|\n|-weather|SunnyDay|[upkeep]\n|-heal|p1a: Scream Tail|59\/100 tox|[from] item: Leftovers\n|-damage|p1a: Scream Tail|53\/100 tox|[from] psn\n|upkeep\n|turn|53\n|\n|t:|1701182643\n|move|p1a: Scream Tail|Wish|p1a: Scream Tail\n|move|p2a: Blissey|Stealth Rock|p1a: Scream Tail\n|-sidestart|p1: Kilala121|move: Stealth Rock\n|\n|-weather|SunnyDay|[upkeep]\n|-heal|p1a: Scream Tail|59\/100 tox|[from] item: Leftovers\n|-damage|p1a: Scream Tail|46\/100 tox|[from] psn\n|upkeep\n|turn|54\n|\n|t:|1701182654\n|-end|p1a: Scream Tail|Protosynthesis|[silent]\n|switch|p1a: Great Tusk|Great Tusk|82\/100 tox\n|-damage|p1a: Great Tusk|79\/100 tox|[from] Stealth Rock\n|-activate|p1a: Great Tusk|ability: Protosynthesis\n|-start|p1a: Great Tusk|protosynthesisdef\n|switch|p2a: Corviknight|Corviknight, M|46\/100\n|-damage|p2a: Corviknight|34\/100|[from] Stealth Rock\n|-ability|p2a: Corviknight|Pressure\n|\n|-weather|SunnyDay|[upkeep]\n|-heal|p1a: Great Tusk|100\/100 tox|[from] move: Wish|[wisher] Scream Tail\n|-damage|p1a: Great Tusk|94\/100 tox|[from] psn\n|upkeep\n|turn|55\n|\n|t:|1701182664\n|move|p1a: Great Tusk|Rapid Spin|p2a: Corviknight\n|-resisted|p2a: Corviknight\n|-damage|p2a: Corviknight|30\/100\n|-boost|p1a: Great Tusk|spe|1\n|-sideend|p1: Kilala121|Stealth Rock|[from] move: Rapid Spin|[of] p1a: Great Tusk\n|move|p2a: Corviknight|Roost|p2a: Corviknight\n|-heal|p2a: Corviknight|80\/100\n|-singleturn|p2a: Corviknight|move: Roost\n|\n|-weather|none\n|-end|p1a: Great Tusk|Protosynthesis\n|-damage|p1a: Great Tusk|82\/100 tox|[from] psn\n|upkeep\n|turn|56\n|\n|t:|1701182673\n|-end|p1a: Great Tusk|Protosynthesis|[silent]\n|switch|p1a: Scream Tail|Scream Tail|46\/100 tox\n|move|p2a: Corviknight|Brave Bird|p1a: Scream Tail\n|-damage|p1a: Scream Tail|15\/100 tox\n|-damage|p2a: Corviknight|68\/100|[from] Recoil\n|\n|-heal|p1a: Scream Tail|21\/100 tox|[from] item: Leftovers\n|-damage|p1a: Scream Tail|15\/100 tox|[from] psn\n|upkeep\n|turn|57\n|\n|t:|1701182678\n|move|p1a: Scream Tail|Wish|p1a: Scream Tail\n|move|p2a: Corviknight|Brave Bird|p1a: Scream Tail\n|-damage|p1a: Scream Tail|0 fnt\n|faint|p1a: Scream Tail\n|-end|p1a: Scream Tail|Protosynthesis|[silent]\n|-damage|p2a: Corviknight|63\/100|[from] Recoil\n|\n|upkeep\n|\n|t:|1701182683\n|switch|p1a: Walking Wake|Walking Wake, tera:Water|35\/100 tox\n|turn|58\n|\n|t:|1701182687\n|switch|p2a: Dondozo|Dondozo, M|83\/100\n|move|p1a: Walking Wake|Draco Meteor|p2a: Dondozo\n|-damage|p2a: Dondozo|21\/100\n|-unboost|p1a: Walking Wake|spa|2\n|\n|-heal|p1a: Walking Wake|99\/100 tox|[from] move: Wish|[wisher] Scream Tail\n|-damage|p1a: Walking Wake|93\/100 tox|[from] psn\n|upkeep\n|turn|59\n|\n|t:|1701182692\n|switch|p2a: Blissey|Blissey, F|68\/100\n|move|p1a: Walking Wake|Draco Meteor|p2a: Blissey\n|-damage|p2a: Blissey|51\/100\n|-unboost|p1a: Walking Wake|spa|2\n|\n|-damage|p1a: Walking Wake|80\/100 tox|[from] psn\n|upkeep\n|turn|60\n|\n|t:|1701182698\n|-end|p1a: Walking Wake|Protosynthesis|[silent]\n|switch|p1a: Great Tusk|Great Tusk|82\/100 tox\n|move|p2a: Blissey|Seismic Toss|p1a: Great Tusk\n|-damage|p1a: Great Tusk|59\/100 tox\n|-damage|p2a: Blissey|35\/100|[from] item: Rocky Helmet|[of] p1a: Great Tusk\n|\n|-damage|p1a: Great Tusk|53\/100 tox|[from] psn\n|upkeep\n|turn|61\n|\n|t:|1701182705\n|-end|p1a: Great Tusk|Protosynthesis|[silent]\n|switch|p1a: Walking Wake|Walking Wake, tera:Water|80\/100 tox\n|switch|p2a: Mandibuzz|Mandibuzz, F|100\/100 par\n|-damage|p2a: Mandibuzz|76\/100 par|[from] Stealth Rock\n|\n|-damage|p1a: Walking Wake|74\/100 tox|[from] psn\n|upkeep\n|turn|62\n|\n|t:|1701182711\n|switch|p2a: Clodsire|Clodsire, M|100\/100\n|move|p1a: Walking Wake|Draco Meteor|p2a: Clodsire\n|-damage|p2a: Clodsire|50\/100\n|-unboost|p1a: Walking Wake|spa|2\n|\n|-damage|p1a: Walking Wake|62\/100 tox|[from] psn\n|upkeep\n|turn|63\n|\n|t:|1701182718\n|-end|p1a: Walking Wake|Protosynthesis|[silent]\n|switch|p1a: Great Tusk|Great Tusk|53\/100 tox\n|move|p2a: Clodsire|Recover|p2a: Clodsire\n|-heal|p2a: Clodsire|99\/100\n|\n|-damage|p1a: Great Tusk|46\/100 tox|[from] psn\n|upkeep\n|turn|64\n|\n|t:|1701182729\n|-end|p1a: Great Tusk|Protosynthesis|[silent]\n|switch|p1a: Skeledirge|Skeledirge, M|99\/100\n|switch|p2a: Corviknight|Corviknight, M|63\/100\n|-damage|p2a: Corviknight|51\/100|[from] Stealth Rock\n|-ability|p2a: Corviknight|Pressure\n|\n|-heal|p1a: Skeledirge|100\/100|[from] item: Leftovers\n|upkeep\n|turn|65\n|\n|t:|1701182734\n|switch|p2a: Blissey|Blissey, F|35\/100\n|move|p1a: Skeledirge|Torch Song|p2a: Blissey\n|-damage|p2a: Blissey|25\/100\n|-boost|p1a: Skeledirge|spa|1\n|\n|upkeep\n|turn|66\n|\n|t:|1701182741\n|move|p1a: Skeledirge|Torch Song|p2a: Blissey\n|-damage|p2a: Blissey|11\/100\n|-boost|p1a: Skeledirge|spa|1\n|move|p2a: Blissey|Soft-Boiled|p2a: Blissey\n|-heal|p2a: Blissey|61\/100\n|\n|upkeep\n|turn|67\n|\n|t:|1701182746\n|move|p1a: Skeledirge|Torch Song|p2a: Blissey\n|-damage|p2a: Blissey|40\/100\n|-boost|p1a: Skeledirge|spa|1\n|move|p2a: Blissey|Stealth Rock|p1a: Skeledirge\n|-sidestart|p1: Kilala121|move: Stealth Rock\n|\n|upkeep\n|turn|68\n|\n|t:|1701182750\n|move|p1a: Skeledirge|Torch Song|p2a: Blissey\n|-damage|p2a: Blissey|14\/100\n|-boost|p1a: Skeledirge|spa|1\n|move|p2a: Blissey|Soft-Boiled|p2a: Blissey\n|-heal|p2a: Blissey|64\/100\n|\n|upkeep\n|turn|69\n|\n|t:|1701182753\n|switch|p2a: Dondozo|Dondozo, M|21\/100\n|move|p1a: Skeledirge|Torch Song|p2a: Dondozo\n|-resisted|p2a: Dondozo\n|-damage|p2a: Dondozo|11\/100\n|-boost|p1a: Skeledirge|spa|1\n|\n|upkeep\n|turn|70\n|\n|t:|1701182756\n|move|p1a: Skeledirge|Torch Song|p2a: Dondozo\n|-resisted|p2a: Dondozo\n|-damage|p2a: Dondozo|2\/100\n|-boost|p1a: Skeledirge|spa|1\n|move|p2a: Dondozo|Rest|p2a: Dondozo\n|-status|p2a: Dondozo|slp|[from] move: Rest\n|-heal|p2a: Dondozo|100\/100 slp|[silent]\n|\n|upkeep\n|turn|71\n|\n|t:|1701182764\n|move|p1a: Skeledirge|Shadow Ball|p2a: Dondozo\n|-damage|p2a: Dondozo|81\/100 slp\n|-unboost|p2a: Dondozo|spd|1\n|cant|p2a: Dondozo|slp\n|move|p2a: Dondozo|Sleep Talk|p2a: Dondozo\n|move|p2a: Dondozo|Body Press|p1a: Skeledirge|[from]move: Sleep Talk\n|-immune|p1a: Skeledirge\n|\n|upkeep\n|turn|72\n|\n|t:|1701182769\n|switch|p2a: Clodsire|Clodsire, M|99\/100\n|move|p1a: Skeledirge|Shadow Ball|p2a: Clodsire\n|-damage|p2a: Clodsire|84\/100\n|\n|upkeep\n|turn|73\n|\n|t:|1701182773\n|move|p1a: Skeledirge|Torch Song|p2a: Clodsire\n|-damage|p2a: Clodsire|68\/100\n|move|p2a: Clodsire|Earthquake|p1a: Skeledirge\n|-supereffective|p1a: Skeledirge\n|-damage|p1a: Skeledirge|56\/100\n|\n|-heal|p1a: Skeledirge|62\/100|[from] item: Leftovers\n|upkeep\n|turn|74\n|\n|t:|1701182781\n|switch|p1a: Great Tusk|Great Tusk|46\/100 tox\n|-damage|p1a: Great Tusk|43\/100 tox|[from] Stealth Rock\n|move|p2a: Clodsire|Recover|p2a: Clodsire\n|-heal|p2a: Clodsire|100\/100\n|\n|-damage|p1a: Great Tusk|37\/100 tox|[from] psn\n|upkeep\n|turn|75\n|\n|t:|1701182786\n|move|p1a: Great Tusk|Rapid Spin|p2a: Clodsire\n|-damage|p2a: Clodsire|86\/100\n|-boost|p1a: Great Tusk|spe|1\n|-sideend|p1: Kilala121|Stealth Rock|[from] move: Rapid Spin|[of] p1a: Great Tusk\n|move|p2a: Clodsire|Earthquake|p1a: Great Tusk\n|-damage|p1a: Great Tusk|24\/100 tox\n|\n|-damage|p1a: Great Tusk|12\/100 tox|[from] psn\n|upkeep\n|turn|76\n|\n|t:|1701182792\n|switch|p2a: Dondozo|Dondozo, M|81\/100 slp\n|move|p1a: Great Tusk|Earthquake|p2a: Dondozo\n|-damage|p2a: Dondozo|56\/100 slp\n|\n|-damage|p1a: Great Tusk|0 fnt|[from] psn\n|faint|p1a: Great Tusk\n|-end|p1a: Great Tusk|Protosynthesis|[silent]\n|upkeep\n|\n|t:|1701182800\n|switch|p1a: Meowscarada|Meowscarada, F|21\/100 tox\n|turn|77\n|inactive|beaakvolt has 120 seconds left.\n|\n|t:|1701182831\n|switch|p2a: Mandibuzz|Mandibuzz, F|76\/100 par\n|-damage|p2a: Mandibuzz|51\/100 par|[from] Stealth Rock\n|move|p1a: Meowscarada|U-turn|p2a: Mandibuzz\n|-start|p1a: Meowscarada|typechange|Bug|[from] ability: Protean\n|-damage|p2a: Mandibuzz|24\/100 par\n|\n|t:|1701182844\n|switch|p1a: Skeledirge|Skeledirge, M|62\/100|[from] U-turn\n|\n|-heal|p1a: Skeledirge|68\/100|[from] item: Leftovers\n|upkeep\n|turn|78\n|\n|t:|1701182849\n|move|p1a: Skeledirge|Torch Song|p2a: Mandibuzz\n|-damage|p2a: Mandibuzz|0 fnt\n|-boost|p1a: Skeledirge|spa|1\n|faint|p2a: Mandibuzz\n|\n|-heal|p1a: Skeledirge|74\/100|[from] item: Leftovers\n|upkeep\n|\n|t:|1701182852\n|switch|p2a: Clodsire|Clodsire, M|86\/100\n|turn|79\n|\n|t:|1701182861\n|switch|p1a: Torkoal|Torkoal, F|37\/100 tox\n|-weather|SunnyDay|[from] ability: Drought|[of] p1a: Torkoal\n|move|p2a: Clodsire|Earthquake|p1a: Torkoal\n|-supereffective|p1a: Torkoal\n|-crit|p1a: Torkoal\n|-damage|p1a: Torkoal|0 fnt\n|faint|p1a: Torkoal\n|\n|-weather|SunnyDay|[upkeep]\n|upkeep\n|\n|t:|1701182873\n|switch|p1a: Walking Wake|Walking Wake, tera:Water|62\/100 tox\n|-activate|p1a: Walking Wake|ability: Protosynthesis\n|-start|p1a: Walking Wake|protosynthesisspe\n|turn|80\n|j| KangkongNation\n|\n|t:|1701182882\n|switch|p2a: Corviknight|Corviknight, M|51\/100\n|-damage|p2a: Corviknight|39\/100|[from] Stealth Rock\n|-ability|p2a: Corviknight|Pressure\n|move|p1a: Walking Wake|Hydro Steam|p2a: Corviknight\n|-damage|p2a: Corviknight|0 fnt\n|faint|p2a: Corviknight\n|\n|-weather|SunnyDay|[upkeep]\n|-damage|p1a: Walking Wake|56\/100 tox|[from] psn\n|upkeep\n|\n|t:|1701182884\n|switch|p2a: Blissey|Blissey, F|64\/100\n|turn|81\n|\n|t:|1701182889\n|move|p1a: Walking Wake|Hydro Steam|p2a: Blissey\n|-damage|p2a: Blissey|20\/100\n|move|p2a: Blissey|Soft-Boiled|p2a: Blissey\n|-heal|p2a: Blissey|70\/100\n|\n|-weather|SunnyDay|[upkeep]\n|-damage|p1a: Walking Wake|43\/100 tox|[from] psn\n|upkeep\n|turn|82\n|\n|t:|1701182892\n|-end|p1a: Walking Wake|Protosynthesis|[silent]\n|switch|p1a: Meowscarada|Meowscarada, F|21\/100 tox\n|move|p2a: Blissey|Soft-Boiled|p2a: Blissey\n|-heal|p2a: Blissey|100\/100\n|\n|-weather|SunnyDay|[upkeep]\n|-damage|p1a: Meowscarada|14\/100 tox|[from] psn\n|upkeep\n|turn|83\n|\n|t:|1701182901\n|-terastallize|p2a: Blissey|Dark\n|move|p1a: Meowscarada|Knock Off|p2a: Blissey\n|-start|p1a: Meowscarada|typechange|Dark|[from] ability: Protean\n|-resisted|p2a: Blissey\n|-damage|p2a: Blissey|71\/100\n|-enditem|p2a: Blissey|Heavy-Duty Boots|[from] move: Knock Off|[of] p1a: Meowscarada\n|move|p2a: Blissey|Seismic Toss|p1a: Meowscarada\n|-damage|p1a: Meowscarada|0 fnt\n|faint|p1a: Meowscarada\n|\n|-weather|SunnyDay|[upkeep]\n|upkeep\n|\n|t:|1701182907\n|switch|p1a: Walking Wake|Walking Wake, tera:Water|43\/100 tox\n|-activate|p1a: Walking Wake|ability: Protosynthesis\n|-start|p1a: Walking Wake|protosynthesisspe\n|turn|84\n|\n|t:|1701182912\n|move|p1a: Walking Wake|Hydro Steam|p2a: Blissey\n|-damage|p2a: Blissey|28\/100\n|move|p2a: Blissey|Soft-Boiled|p2a: Blissey\n|-heal|p2a: Blissey|78\/100\n|\n|-weather|SunnyDay|[upkeep]\n|-damage|p1a: Walking Wake|37\/100 tox|[from] psn\n|upkeep\n|turn|85\n|\n|t:|1701182918\n|-end|p1a: Walking Wake|Protosynthesis|[silent]\n|switch|p1a: Skeledirge|Skeledirge, M|74\/100\n|move|p2a: Blissey|Seismic Toss|p1a: Skeledirge\n|-immune|p1a: Skeledirge\n|\n|-weather|SunnyDay|[upkeep]\n|-heal|p1a: Skeledirge|81\/100|[from] item: Leftovers\n|upkeep\n|turn|86\n|\n|t:|1701182933\n|switch|p2a: Dondozo|Dondozo, M|56\/100 slp\n|move|p1a: Skeledirge|Torch Song|p2a: Dondozo\n|-resisted|p2a: Dondozo\n|-damage|p2a: Dondozo|42\/100 slp\n|-boost|p1a: Skeledirge|spa|1\n|\n|-weather|none\n|-heal|p1a: Skeledirge|87\/100|[from] item: Leftovers\n|upkeep\n|turn|87\n|\n|t:|1701182940\n|switch|p1a: Walking Wake|Walking Wake, tera:Water|37\/100 tox\n|cant|p2a: Dondozo|slp\n|move|p2a: Dondozo|Sleep Talk|p2a: Dondozo\n|move|p2a: Dondozo|Curse|p2a: Dondozo|[from]move: Sleep Talk\n|-unboost|p2a: Dondozo|spe|1\n|-boost|p2a: Dondozo|atk|1\n|-boost|p2a: Dondozo|def|1\n|\n|-damage|p1a: Walking Wake|31\/100 tox|[from] psn\n|upkeep\n|turn|88\n|\n|t:|1701182951\n|switch|p2a: Clodsire|Clodsire, M|86\/100\n|move|p1a: Walking Wake|Hydro Steam|p2a: Clodsire\n|-supereffective|p2a: Clodsire\n|-damage|p2a: Clodsire|0 fnt\n|faint|p2a: Clodsire\n|\n|-damage|p1a: Walking Wake|19\/100 tox|[from] psn\n|upkeep\n|\n|t:|1701182954\n|switch|p2a: Blissey|Blissey, F, tera:Dark|78\/100\n|-damage|p2a: Blissey|66\/100|[from] Stealth Rock\n|turn|89\n|\n|t:|1701182958\n|-end|p1a: Walking Wake|Protosynthesis|[silent]\n|switch|p1a: Skeledirge|Skeledirge, M|87\/100\n|move|p2a: Blissey|Shadow Ball|p1a: Skeledirge\n|-supereffective|p1a: Skeledirge\n|-damage|p1a: Skeledirge|65\/100\n|\n|-heal|p1a: Skeledirge|71\/100|[from] item: Leftovers\n|upkeep\n|turn|90\n|\n|t:|1701182965\n|move|p1a: Skeledirge|Torch Song|p2a: Blissey\n|-damage|p2a: Blissey|55\/100\n|-boost|p1a: Skeledirge|spa|1\n|move|p2a: Blissey|Stealth Rock|p1a: Skeledirge\n|-sidestart|p1: Kilala121|move: Stealth Rock\n|\n|-heal|p1a: Skeledirge|77\/100|[from] item: Leftovers\n|upkeep\n|turn|91\n|l| KangkongNation\n|\n|t:|1701182971\n|switch|p2a: Dondozo|Dondozo, M|42\/100 slp\n|move|p1a: Skeledirge|Torch Song|p2a: Dondozo\n|-resisted|p2a: Dondozo\n|-damage|p2a: Dondozo|33\/100 slp\n|-boost|p1a: Skeledirge|spa|1\n|\n|-heal|p1a: Skeledirge|83\/100|[from] item: Leftovers\n|upkeep\n|turn|92\n|\n|t:|1701182976\n|move|p1a: Skeledirge|Shadow Ball|p2a: Dondozo\n|-damage|p2a: Dondozo|14\/100 slp\n|-curestatus|p2a: Dondozo|slp|[msg]\n|move|p2a: Dondozo|Rest|p2a: Dondozo\n|-status|p2a: Dondozo|slp|[from] move: Rest\n|-heal|p2a: Dondozo|100\/100 slp|[silent]\n|\n|-heal|p1a: Skeledirge|89\/100|[from] item: Leftovers\n|upkeep\n|turn|93\n|\n|t:|1701182983\n|move|p1a: Skeledirge|Shadow Ball|p2a: Dondozo\n|-damage|p2a: Dondozo|81\/100 slp\n|cant|p2a: Dondozo|slp\n|\n|-heal|p1a: Skeledirge|95\/100|[from] item: Leftovers\n|upkeep\n|turn|94\n|inactive|Kilala121 has 120 seconds left.\n|inactive|Kilala121 has 90 seconds left.\n|\n|t:|1701183053\n|move|p1a: Skeledirge|Shadow Ball|p2a: Dondozo\n|-damage|p2a: Dondozo|64\/100 slp\n|cant|p2a: Dondozo|slp\n|move|p2a: Dondozo|Sleep Talk|p2a: Dondozo\n|move|p2a: Dondozo|Body Press|p1a: Skeledirge|[from]move: Sleep Talk\n|-immune|p1a: Skeledirge\n|\n|-heal|p1a: Skeledirge|100\/100|[from] item: Leftovers\n|upkeep\n|turn|95\n|\n|t:|1701183058\n|move|p1a: Skeledirge|Shadow Ball|p2a: Dondozo\n|-damage|p2a: Dondozo|46\/100 slp\n|-curestatus|p2a: Dondozo|slp|[msg]\n|move|p2a: Dondozo|Rest|p2a: Dondozo\n|-status|p2a: Dondozo|slp|[from] move: Rest\n|-heal|p2a: Dondozo|100\/100 slp|[silent]\n|\n|upkeep\n|turn|96\n|inactive|Kilala121 has 90 seconds left.\n|\n|t:|1701183063\n|move|p1a: Skeledirge|Shadow Ball|p2a: Dondozo\n|-damage|p2a: Dondozo|81\/100 slp\n|cant|p2a: Dondozo|slp\n|\n|upkeep\n|turn|97\n|inactive|Kilala121 has 90 seconds left.\n|\n|t:|1701183069\n|move|p1a: Skeledirge|Shadow Ball|p2a: Dondozo\n|-crit|p2a: Dondozo\n|-damage|p2a: Dondozo|54\/100 slp\n|cant|p2a: Dondozo|slp\n|\n|upkeep\n|turn|98\n|inactive|Kilala121 has 90 seconds left.\n|\n|t:|1701183078\n|move|p1a: Skeledirge|Shadow Ball|p2a: Dondozo\n|-damage|p2a: Dondozo|34\/100 slp\n|-curestatus|p2a: Dondozo|slp|[msg]\n|move|p2a: Dondozo|Rest|p2a: Dondozo\n|-status|p2a: Dondozo|slp|[from] move: Rest\n|-heal|p2a: Dondozo|100\/100 slp|[silent]\n|\n|upkeep\n|turn|99\n|\n|t:|1701183080\n|move|p1a: Skeledirge|Shadow Ball|p2a: Dondozo\n|-damage|p2a: Dondozo|82\/100 slp\n|cant|p2a: Dondozo|slp\n|\n|upkeep\n|turn|100\n|\n|t:|1701183084\n|move|p1a: Skeledirge|Shadow Ball|p2a: Dondozo\n|-damage|p2a: Dondozo|62\/100 slp\n|cant|p2a: Dondozo|slp\n|\n|upkeep\n|turn|101\n|\n|t:|1701183089\n|move|p1a: Skeledirge|Shadow Ball|p2a: Dondozo\n|-damage|p2a: Dondozo|42\/100 slp\n|-curestatus|p2a: Dondozo|slp|[msg]\n|move|p2a: Dondozo|Body Press|p1a: Skeledirge\n|-immune|p1a: Skeledirge\n|\n|upkeep\n|turn|102\n|\n|t:|1701183093\n|move|p1a: Skeledirge|Shadow Ball|p2a: Dondozo\n|-damage|p2a: Dondozo|22\/100\n|move|p2a: Dondozo|Rest|p2a: Dondozo\n|-status|p2a: Dondozo|slp|[from] move: Rest\n|-heal|p2a: Dondozo|100\/100 slp|[silent]\n|\n|upkeep\n|turn|103\n|\n|t:|1701183098\n|move|p1a: Skeledirge|Shadow Ball|p2a: Dondozo\n|-damage|p2a: Dondozo|83\/100 slp\n|cant|p2a: Dondozo|slp\n|\n|upkeep\n|turn|104\n|\n|t:|1701183102\n|move|p1a: Skeledirge|Shadow Ball|p2a: Dondozo\n|-damage|p2a: Dondozo|64\/100 slp\n|cant|p2a: Dondozo|slp\n|\n|upkeep\n|turn|105\n|\n|t:|1701183105\n|move|p1a: Skeledirge|Shadow Ball|p2a: Dondozo\n|-damage|p2a: Dondozo|46\/100 slp\n|-curestatus|p2a: Dondozo|slp|[msg]\n|move|p2a: Dondozo|Curse|p2a: Dondozo\n|-unboost|p2a: Dondozo|spe|1\n|-boost|p2a: Dondozo|atk|1\n|-boost|p2a: Dondozo|def|1\n|\n|upkeep\n|turn|106\n|\n|t:|1701183113\n|move|p1a: Skeledirge|Shadow Ball|p2a: Dondozo\n|-damage|p2a: Dondozo|27\/100\n|move|p2a: Dondozo|Rest|p2a: Dondozo\n|-status|p2a: Dondozo|slp|[from] move: Rest\n|-heal|p2a: Dondozo|100\/100 slp|[silent]\n|\n|upkeep\n|turn|107\n|\n|t:|1701183119\n|move|p1a: Skeledirge|Shadow Ball|p2a: Dondozo\n|-damage|p2a: Dondozo|81\/100 slp\n|cant|p2a: Dondozo|slp\n|\n|upkeep\n|turn|108\n|\n|t:|1701183124\n|move|p1a: Skeledirge|Shadow Ball|p2a: Dondozo\n|-damage|p2a: Dondozo|62\/100 slp\n|-unboost|p2a: Dondozo|spd|1\n|cant|p2a: Dondozo|slp\n|\n|upkeep\n|turn|109\n|\n|t:|1701183136\n|switch|p2a: Blissey|Blissey, F, tera:Dark|55\/100\n|-damage|p2a: Blissey|43\/100|[from] Stealth Rock\n|move|p1a: Skeledirge|Torch Song|p2a: Blissey\n|-damage|p2a: Blissey|24\/100\n|-boost|p1a: Skeledirge|spa|1\n|\n|upkeep\n|turn|110\n|\n|t:|1701183141\n|move|p1a: Skeledirge|Shadow Ball|p2a: Blissey\n|-resisted|p2a: Blissey\n|-damage|p2a: Blissey|11\/100\n|move|p2a: Blissey|Shadow Ball|p1a: Skeledirge\n|-supereffective|p1a: Skeledirge\n|-damage|p1a: Skeledirge|80\/100\n|\n|-heal|p1a: Skeledirge|86\/100|[from] item: Leftovers\n|upkeep\n|turn|111\n|\n|t:|1701183147\n|move|p1a: Skeledirge|Shadow Ball|p2a: Blissey\n|-resisted|p2a: Blissey\n|-damage|p2a: Blissey|0 fnt\n|faint|p2a: Blissey\n|\n|-heal|p1a: Skeledirge|92\/100|[from] item: Leftovers\n|upkeep\n|\n|t:|1701183149\n|switch|p2a: Dondozo|Dondozo, M|62\/100 slp\n|turn|112\n|\n|t:|1701183152\n|move|p1a: Skeledirge|Shadow Ball|p2a: Dondozo\n|-damage|p2a: Dondozo|44\/100 slp\n|-curestatus|p2a: Dondozo|slp|[msg]\n|move|p2a: Dondozo|Rest|p2a: Dondozo\n|-status|p2a: Dondozo|slp|[from] move: Rest\n|-heal|p2a: Dondozo|100\/100 slp|[silent]\n|\n|-heal|p1a: Skeledirge|98\/100|[from] item: Leftovers\n|upkeep\n|turn|113\n|\n|t:|1701183162\n|move|p1a: Skeledirge|Shadow Ball|p2a: Dondozo\n|-damage|p2a: Dondozo|83\/100 slp\n|cant|p2a: Dondozo|slp\n|move|p2a: Dondozo|Sleep Talk|p2a: Dondozo\n|move|p2a: Dondozo|Curse|p2a: Dondozo|[from]move: Sleep Talk\n|-unboost|p2a: Dondozo|spe|1\n|-boost|p2a: Dondozo|atk|1\n|-boost|p2a: Dondozo|def|1\n|\n|-heal|p1a: Skeledirge|100\/100|[from] item: Leftovers\n|upkeep\n|turn|114\n|\n|t:|1701183167\n|move|p1a: Skeledirge|Shadow Ball|p2a: Dondozo\n|-damage|p2a: Dondozo|63\/100 slp\n|-unboost|p2a: Dondozo|spd|1\n|cant|p2a: Dondozo|slp\n|move|p2a: Dondozo|Sleep Talk|p2a: Dondozo\n|move|p2a: Dondozo|Body Press|p1a: Skeledirge|[from]move: Sleep Talk\n|-immune|p1a: Skeledirge\n|\n|upkeep\n|turn|115\n|\n|t:|1701183175\n|move|p1a: Skeledirge|Will-O-Wisp||[still]\n|-fail|p1a: Skeledirge\n|-curestatus|p2a: Dondozo|slp|[msg]\n|move|p2a: Dondozo|Body Press|p1a: Skeledirge\n|-immune|p1a: Skeledirge\n|\n|upkeep\n|turn|116\n|\n|t:|1701183180\n|move|p1a: Skeledirge|Will-O-Wisp|p2a: Dondozo\n|-status|p2a: Dondozo|brn\n|move|p2a: Dondozo|Body Press|p1a: Skeledirge\n|-immune|p1a: Skeledirge\n|\n|-damage|p2a: Dondozo|57\/100 brn|[from] brn\n|upkeep\n|turn|117\n|\n|t:|1701183193\n|move|p1a: Skeledirge|Will-O-Wisp|p2a: Dondozo\n|-fail|p2a: Dondozo|brn\n|move|p2a: Dondozo|Body Press|p1a: Skeledirge\n|-immune|p1a: Skeledirge\n|\n|-damage|p2a: Dondozo|51\/100 brn|[from] brn\n|upkeep\n|turn|118\n|\n|t:|1701183202\n|move|p1a: Skeledirge|Will-O-Wisp|p2a: Dondozo\n|-fail|p2a: Dondozo|brn\n|move|p2a: Dondozo|Body Press|p1a: Skeledirge\n|-immune|p1a: Skeledirge\n|\n|-damage|p2a: Dondozo|44\/100 brn|[from] brn\n|upkeep\n|turn|119\n|\n|t:|1701183206\n|move|p1a: Skeledirge|Will-O-Wisp|p2a: Dondozo\n|-fail|p2a: Dondozo|brn\n|move|p2a: Dondozo|Curse|p2a: Dondozo\n|-unboost|p2a: Dondozo|spe|1\n|-boost|p2a: Dondozo|atk|1\n|-boost|p2a: Dondozo|def|1\n|\n|-damage|p2a: Dondozo|38\/100 brn|[from] brn\n|upkeep\n|turn|120\n|\n|t:|1701183209\n|move|p1a: Skeledirge|Will-O-Wisp|p2a: Dondozo|[miss]\n|-miss|p1a: Skeledirge|p2a: Dondozo\n|move|p2a: Dondozo|Curse|p2a: Dondozo\n|-unboost|p2a: Dondozo|spe|1\n|-boost|p2a: Dondozo|atk|1\n|-boost|p2a: Dondozo|def|1\n|\n|-damage|p2a: Dondozo|32\/100 brn|[from] brn\n|upkeep\n|turn|121\n|\n|t:|1701183213\n|move|p1a: Skeledirge|Will-O-Wisp|p2a: Dondozo\n|-fail|p2a: Dondozo|brn\n|move|p2a: Dondozo|Body Press|p1a: Skeledirge\n|-immune|p1a: Skeledirge\n|\n|-damage|p2a: Dondozo|26\/100 brn|[from] brn\n|upkeep\n|turn|122\n|\n|t:|1701183218\n|switch|p1a: Walking Wake|Walking Wake, tera:Water|19\/100 tox\n|-damage|p1a: Walking Wake|6\/100 tox|[from] Stealth Rock\n|move|p2a: Dondozo|Curse|p2a: Dondozo\n|-unboost|p2a: Dondozo|spe|1\n|-boost|p2a: Dondozo|atk|1\n|-boost|p2a: Dondozo|def|1\n|\n|-damage|p1a: Walking Wake|0 fnt|[from] psn\n|faint|p1a: Walking Wake\n|-end|p1a: Walking Wake|Protosynthesis|[silent]\n|-damage|p2a: Dondozo|20\/100 brn|[from] brn\n|upkeep\n|\n|t:|1701183220\n|switch|p1a: Skeledirge|Skeledirge, M|100\/100\n|-damage|p1a: Skeledirge|76\/100|[from] Stealth Rock\n|turn|123\n|\n|t:|1701183225\n|move|p1a: Skeledirge|Slack Off|p1a: Skeledirge\n|-heal|p1a: Skeledirge|100\/100\n|move|p2a: Dondozo|Rest|p2a: Dondozo\n|-status|p2a: Dondozo|slp|[from] move: Rest\n|-heal|p2a: Dondozo|100\/100 slp|[silent]\n|\n|upkeep\n|turn|124\n|inactive|Kilala121 has 120 seconds left.\n|c|\u2606beaakvolt|gg\n|inactive|Kilala121 has 90 seconds left.\n|c|\u2606Kilala121|no\n|c|\u2606beaakvolt|ok\n|c|\u2606Kilala121|This is like a turtle, living longer than anyone else\n|\n|t:|1701183314\n|move|p1a: Skeledirge|Will-O-Wisp||[still]\n|-fail|p1a: Skeledirge\n|cant|p2a: Dondozo|slp\n|\n|upkeep\n|turn|125\n|inactive|Kilala121 has 60 seconds left.\n|c|\u2606beaakvolt|its more of a senile catfish\n|c|\u2606beaakvolt|too clueless of his surroundings,\n|c|\u2606Kilala121|Of course, you are more like a turtle in this regard\n|c|\u2606beaakvolt|one could even call him\n|c|\u2606beaakvolt|unaware\n|inactive|Kilala121 has 30 seconds left.\n|\n|t:|1701183356\n|move|p1a: Skeledirge|Will-O-Wisp||[still]\n|-fail|p1a: Skeledirge\n|cant|p2a: Dondozo|slp\n|\n|upkeep\n|turn|126\n|c|\u2606beaakvolt|bro for someone using sun you certainly could use some\n|inactive|Kilala121 has 30 seconds left.\n|\n|t:|1701183366\n|move|p1a: Skeledirge|Will-O-Wisp||[still]\n|-fail|p1a: Skeledirge\n|-curestatus|p2a: Dondozo|slp|[msg]\n|move|p2a: Dondozo|Curse|p2a: Dondozo\n|-unboost|p2a: Dondozo|spe|1\n|-boost|p2a: Dondozo|atk|1\n|-boost|p2a: Dondozo|def|1\n|\n|upkeep\n|turn|127\n|inactive|Kilala121 has 30 seconds left.\n|inactive|Kilala121 has 20 seconds left.\n|inactive|Kilala121 has 15 seconds left.\n|inactive|Kilala121 has 10 seconds left.\n|\n|t:|1701183392\n|move|p1a: Skeledirge|Will-O-Wisp|p2a: Dondozo\n|-status|p2a: Dondozo|brn\n|move|p2a: Dondozo|Curse|p2a: Dondozo\n|-unboost|p2a: Dondozo|spe|1\n|-boost|p2a: Dondozo|atk|1\n|-boost|p2a: Dondozo|def|1\n|\n|-damage|p2a: Dondozo|94\/100 brn|[from] brn\n|upkeep\n|turn|128\n|inactive|Kilala121 has 15 seconds left this turn.\n|c|\u2606Kilala121|Is what I said wrong\uff1f\n|inactive|Kilala121 has 10 seconds left.\n|\n|t:|1701183401\n|move|p1a: Skeledirge|Will-O-Wisp|p2a: Dondozo\n|-fail|p2a: Dondozo|brn\n|move|p2a: Dondozo|Curse|p2a: Dondozo\n|\n|-damage|p2a: Dondozo|88\/100 brn|[from] brn\n|upkeep\n|turn|129\n|inactive|Kilala121 has 15 seconds left this turn.\n|c|\u2606beaakvolt|is it?\n|inactive|Kilala121 has 10 seconds left.\n|inactive|Kilala121 has 5 seconds left.\n|-message|Kilala121 lost due to inactivity.\n|\n|win|beaakvolt\n|raw|Kilala121's rating: 1521 &rarr; <strong>1506<\/strong><br \/>(-15 for losing)\n|raw|beaakvolt's rating: 1612 &rarr; <strong>1627<\/strong><br \/>(+15 for winning)\n|c|\u2606Kilala121|It's clear that you're more like\n|c|\u2606Kilala121|Congratulations, Ninja Turtle\n|c|\u2606beaakvolt|ty\n|c|\u2606Kilala121|You are the best ninja turtle\n|player|p2|beaakvolt|pokefanf-gen4\n","uploadtime":1701183448,"views":12,"p1id":"kilala121","p2id":"beaakvolt","formatid":"gen9ou","rating":1506,"private":0,"password":""}