{"id":"gen9ou-1995492809","p1":"Guilty Moth","p2":"Carbolo","format":"[Gen 9] OU","log":"|j|\u2606Guilty Moth\n|j|\u2606Carbolo\n|t:|1700576740\n|gametype|singles\n|player|p1|Guilty Moth|cheren-gen5bw2|1164\n|player|p2|Carbolo|tate|1139\n|teamsize|p1|6\n|teamsize|p2|6\n|gen|9\n|tier|[Gen 9] OU\n|rated|\n|rule|Sleep Clause Mod: Limit one foe put to sleep\n|rule|Species Clause: Limit one of each Pok\u00e9mon\n|rule|OHKO Clause: OHKO moves are banned\n|rule|Evasion Items Clause: Evasion items are banned\n|rule|Evasion Moves Clause: Evasion moves are banned\n|rule|Endless Battle Clause: Forcing endless battles is banned\n|rule|HP Percentage Mod: HP is shown in percentages\n|clearpoke\n|poke|p1|Skeledirge, M|\n|poke|p1|Cinderace, M|\n|poke|p1|Kingambit, F|\n|poke|p1|Garganacl, F|\n|poke|p1|Rotom-Wash|\n|poke|p1|Dipplin, F|\n|poke|p2|Dragapult, F|\n|poke|p2|Salamence, F|\n|poke|p2|Iron Moth|\n|poke|p2|Great Tusk|\n|poke|p2|Meowscarada, M|\n|poke|p2|Iron Valiant|\n|teampreview\n|inactive|Battle timer is ON: inactive players will automatically lose when time's up. (requested by Carbolo)\n|\n|t:|1700576757\n|start\n|switch|p1a: Kingambit|Kingambit, F|100\/100\n|switch|p2a: Iron Moth|Iron Moth|100\/100\n|turn|1\n|\n|t:|1700576765\n|-end|p1a: Kingambit|fallenundefined|[silent]\n|switch|p1a: Skeledirge|Skeledirge, M|100\/100\n|move|p2a: Iron Moth|Fiery Dance|p1a: Skeledirge\n|-resisted|p1a: Skeledirge\n|-damage|p1a: Skeledirge|84\/100\n|-boost|p2a: Iron Moth|spa|1\n|\n|-heal|p1a: Skeledirge|91\/100|[from] item: Leftovers\n|upkeep\n|turn|2\n|\n|t:|1700576778\n|-end|p2a: Iron Moth|Quark Drive|[silent]\n|switch|p2a: Meowscarada|Meowscarada, M|100\/100\n|move|p1a: Skeledirge|Will-O-Wisp|p2a: Meowscarada\n|-status|p2a: Meowscarada|brn\n|\n|-heal|p1a: Skeledirge|97\/100|[from] item: Leftovers\n|-damage|p2a: Meowscarada|94\/100 brn|[from] brn\n|upkeep\n|turn|3\n|\n|t:|1700576789\n|move|p2a: Meowscarada|Knock Off|p1a: Skeledirge\n|-start|p2a: Meowscarada|typechange|Dark|[from] ability: Protean\n|-supereffective|p1a: Skeledirge\n|-damage|p1a: Skeledirge|38\/100\n|-enditem|p1a: Skeledirge|Leftovers|[from] move: Knock Off|[of] p2a: Meowscarada\n|move|p1a: Skeledirge|Torch Song|p2a: Meowscarada\n|-damage|p2a: Meowscarada|47\/100 brn\n|-boost|p1a: Skeledirge|spa|1\n|\n|-damage|p2a: Meowscarada|41\/100 brn|[from] brn\n|upkeep\n|turn|4\n|\n|t:|1700576803\n|move|p2a: Meowscarada|Knock Off|p1a: Skeledirge\n|-supereffective|p1a: Skeledirge\n|-damage|p1a: Skeledirge|1\/100\n|move|p1a: Skeledirge|Slack Off|p1a: Skeledirge\n|-heal|p1a: Skeledirge|52\/100\n|\n|-damage|p2a: Meowscarada|35\/100 brn|[from] brn\n|upkeep\n|turn|5\n|\n|t:|1700576818\n|move|p2a: Meowscarada|Knock Off|p1a: Skeledirge\n|-supereffective|p1a: Skeledirge\n|-damage|p1a: Skeledirge|16\/100\n|move|p1a: Skeledirge|Slack Off|p1a: Skeledirge\n|-heal|p1a: Skeledirge|66\/100\n|\n|-damage|p2a: Meowscarada|29\/100 brn|[from] brn\n|upkeep\n|turn|6\n|\n|t:|1700576830\n|move|p2a: Meowscarada|Knock Off|p1a: Skeledirge\n|-supereffective|p1a: Skeledirge\n|-damage|p1a: Skeledirge|31\/100\n|move|p1a: Skeledirge|Slack Off|p1a: Skeledirge\n|-heal|p1a: Skeledirge|81\/100\n|\n|-damage|p2a: Meowscarada|23\/100 brn|[from] brn\n|upkeep\n|turn|7\n|\n|t:|1700576838\n|move|p2a: Meowscarada|Knock Off|p1a: Skeledirge\n|-supereffective|p1a: Skeledirge\n|-damage|p1a: Skeledirge|44\/100\n|move|p1a: Skeledirge|Slack Off|p1a: Skeledirge\n|-heal|p1a: Skeledirge|94\/100\n|\n|-damage|p2a: Meowscarada|16\/100 brn|[from] brn\n|upkeep\n|turn|8\n|\n|t:|1700576855\n|move|p2a: Meowscarada|Knock Off|p1a: Skeledirge\n|-supereffective|p1a: Skeledirge\n|-damage|p1a: Skeledirge|59\/100\n|move|p1a: Skeledirge|Slack Off|p1a: Skeledirge\n|-heal|p1a: Skeledirge|100\/100\n|\n|-damage|p2a: Meowscarada|10\/100 brn|[from] brn\n|upkeep\n|turn|9\n|\n|t:|1700576863\n|move|p2a: Meowscarada|Knock Off|p1a: Skeledirge\n|-supereffective|p1a: Skeledirge\n|-damage|p1a: Skeledirge|62\/100\n|move|p1a: Skeledirge|Torch Song|p2a: Meowscarada\n|-damage|p2a: Meowscarada|0 fnt\n|-boost|p1a: Skeledirge|spa|1\n|faint|p2a: Meowscarada\n|\n|upkeep\n|\n|t:|1700576881\n|switch|p2a: Iron Valiant|Iron Valiant|100\/100\n|-enditem|p2a: Iron Valiant|Booster Energy\n|-activate|p2a: Iron Valiant|ability: Quark Drive|[fromitem]\n|-start|p2a: Iron Valiant|quarkdrivespe\n|turn|10\n|\n|t:|1700576886\n|move|p2a: Iron Valiant|Shadow Ball|p1a: Skeledirge\n|-supereffective|p1a: Skeledirge\n|-damage|p1a: Skeledirge|24\/100\n|move|p1a: Skeledirge|Torch Song|p2a: Iron Valiant\n|-damage|p2a: Iron Valiant|0 fnt\n|-boost|p1a: Skeledirge|spa|1\n|faint|p2a: Iron Valiant\n|-end|p2a: Iron Valiant|Quark Drive|[silent]\n|\n|upkeep\n|\n|t:|1700576901\n|switch|p2a: Salamence|Salamence, F|100\/100\n|turn|11\n|\n|t:|1700576908\n|switch|p1a: Rotom|Rotom-Wash|100\/100\n|move|p2a: Salamence|Outrage|p1a: Rotom\n|-damage|p1a: Rotom|27\/100\n|\n|upkeep\n|turn|12\n|\n|t:|1700576919\n|move|p2a: Salamence|Outrage|p1a: Rotom|[from]lockedmove\n|-damage|p1a: Rotom|0 fnt\n|faint|p1a: Rotom\n|-ability|p2a: Salamence|Moxie|boost\n|-boost|p2a: Salamence|atk|1\n|-start|p2a: Salamence|confusion|[fatigue]\n|\n|upkeep\n|\n|t:|1700576921\n|switch|p1a: Skeledirge|Skeledirge, M|24\/100\n|turn|13\n|\n|t:|1700576928\n|-terastallize|p1a: Skeledirge|Fairy\n|-activate|p2a: Salamence|confusion\n|move|p2a: Salamence|Outrage|p1a: Skeledirge\n|-immune|p1a: Skeledirge\n|move|p1a: Skeledirge|Will-O-Wisp|p2a: Salamence\n|-status|p2a: Salamence|brn\n|\n|-damage|p2a: Salamence|94\/100 brn|[from] brn\n|upkeep\n|turn|14\n|\n|t:|1700576942\n|switch|p2a: Iron Moth|Iron Moth|100\/100\n|move|p1a: Skeledirge|Slack Off|p1a: Skeledirge\n|-heal|p1a: Skeledirge|74\/100\n|\n|upkeep\n|turn|15\n|\n|t:|1700576950\n|switch|p1a: Dipplin|Dipplin, F|100\/100\n|move|p2a: Iron Moth|Fiery Dance|p1a: Dipplin\n|-damage|p1a: Dipplin|62\/100\n|-boost|p2a: Iron Moth|spa|1\n|\n|upkeep\n|turn|16\n|\n|t:|1700576957\n|move|p2a: Iron Moth|Fiery Dance|p1a: Dipplin\n|-damage|p1a: Dipplin|7\/100\n|-boost|p2a: Iron Moth|spa|1\n|move|p1a: Dipplin|Dragon Pulse|p2a: Iron Moth\n|-damage|p2a: Iron Moth|71\/100\n|\n|upkeep\n|turn|17\n|\n|t:|1700576965\n|move|p2a: Iron Moth|Fiery Dance|p1a: Dipplin\n|-damage|p1a: Dipplin|0 fnt\n|faint|p1a: Dipplin\n|\n|upkeep\n|\n|t:|1700576968\n|switch|p1a: Cinderace|Cinderace, M|100\/100\n|turn|18\n|\n|t:|1700576973\n|-terastallize|p2a: Iron Moth|Fire\n|move|p1a: Cinderace|Sucker Punch|p2a: Iron Moth\n|-start|p1a: Cinderace|typechange|Dark|[from] ability: Libero\n|-damage|p2a: Iron Moth|18\/100\n|move|p2a: Iron Moth|Fiery Dance|p1a: Cinderace\n|-damage|p1a: Cinderace|0 fnt\n|-boost|p2a: Iron Moth|spa|1\n|faint|p1a: Cinderace\n|\n|upkeep\n|\n|t:|1700576982\n|switch|p1a: Kingambit|Kingambit, F|100\/100\n|-activate|p1a: Kingambit|ability: Supreme Overlord\n|-start|p1a: Kingambit|fallen3|[silent]\n|turn|19\n|\n|t:|1700576991\n|-end|p2a: Iron Moth|Quark Drive|[silent]\n|switch|p2a: Salamence|Salamence, F|94\/100 brn\n|move|p1a: Kingambit|Sucker Punch||[still]\n|-fail|p1a: Kingambit\n|\n|-damage|p2a: Salamence|88\/100 brn|[from] brn\n|upkeep\n|turn|20\n|\n|t:|1700577000\n|move|p2a: Salamence|Earthquake|p1a: Kingambit\n|-supereffective|p1a: Kingambit\n|-damage|p1a: Kingambit|75\/100\n|move|p1a: Kingambit|Kowtow Cleave|p2a: Salamence\n|-damage|p2a: Salamence|0 fnt\n|faint|p2a: Salamence\n|-damage|p1a: Kingambit|65\/100|[from] item: Life Orb\n|\n|upkeep\n|\n|t:|1700577010\n|switch|p2a: Great Tusk|Great Tusk|100\/100\n|turn|21\n|\n|t:|1700577017\n|-end|p1a: Kingambit|fallen3|[silent]\n|switch|p1a: Skeledirge|Skeledirge, M, tera:Fairy|74\/100\n|move|p2a: Great Tusk|Close Combat|p1a: Skeledirge\n|-resisted|p1a: Skeledirge\n|-damage|p1a: Skeledirge|49\/100\n|-unboost|p2a: Great Tusk|def|1\n|-unboost|p2a: Great Tusk|spd|1\n|\n|upkeep\n|turn|22\n|\n|t:|1700577026\n|-end|p2a: Great Tusk|Protosynthesis|[silent]\n|switch|p2a: Iron Moth|Iron Moth, tera:Fire|18\/100\n|move|p1a: Skeledirge|Slack Off|p1a: Skeledirge\n|-heal|p1a: Skeledirge|99\/100\n|\n|upkeep\n|turn|23\n|\n|t:|1700577032\n|move|p2a: Iron Moth|Sludge Wave|p1a: Skeledirge\n|-supereffective|p1a: Skeledirge\n|-damage|p1a: Skeledirge|23\/100\n|move|p1a: Skeledirge|Torch Song|p2a: Iron Moth\n|-resisted|p2a: Iron Moth\n|-damage|p2a: Iron Moth|2\/100\n|-boost|p1a: Skeledirge|spa|1\n|\n|upkeep\n|turn|24\n|\n|t:|1700577053\n|-end|p2a: Iron Moth|Quark Drive|[silent]\n|switch|p2a: Great Tusk|Great Tusk|100\/100\n|move|p1a: Skeledirge|Hex|p2a: Great Tusk\n|-damage|p2a: Great Tusk|66\/100\n|\n|upkeep\n|turn|25\n|\n|t:|1700577064\n|move|p2a: Great Tusk|Headlong Rush|p1a: Skeledirge\n|-damage|p1a: Skeledirge|0 fnt\n|-unboost|p2a: Great Tusk|def|1\n|-unboost|p2a: Great Tusk|spd|1\n|faint|p1a: Skeledirge\n|\n|upkeep\n|\n|t:|1700577073\n|switch|p1a: Garganacl|Garganacl, F|100\/100\n|turn|26\n|\n|t:|1700577077\n|move|p2a: Great Tusk|Knock Off|p1a: Garganacl\n|-crit|p1a: Garganacl\n|-damage|p1a: Garganacl|69\/100\n|-damage|p2a: Great Tusk|49\/100|[from] item: Rocky Helmet|[of] p1a: Garganacl\n|-enditem|p1a: Garganacl|Rocky Helmet|[from] move: Knock Off|[of] p2a: Great Tusk\n|move|p1a: Garganacl|Body Press|p2a: Great Tusk\n|-damage|p2a: Great Tusk|20\/100\n|\n|upkeep\n|turn|27\n|\n|t:|1700577088\n|move|p2a: Great Tusk|Headlong Rush|p1a: Garganacl\n|-supereffective|p1a: Garganacl\n|-damage|p1a: Garganacl|0 fnt\n|-unboost|p2a: Great Tusk|def|1\n|-unboost|p2a: Great Tusk|spd|1\n|faint|p1a: Garganacl\n|\n|upkeep\n|\n|t:|1700577091\n|switch|p1a: Kingambit|Kingambit, F|65\/100\n|-activate|p1a: Kingambit|ability: Supreme Overlord\n|-start|p1a: Kingambit|fallen5|[silent]\n|turn|28\n|\n|t:|1700577109\n|-end|p2a: Great Tusk|Protosynthesis|[silent]\n|switch|p2a: Iron Moth|Iron Moth, tera:Fire|2\/100\n|move|p1a: Kingambit|Sucker Punch||[still]\n|-fail|p1a: Kingambit\n|\n|upkeep\n|turn|29\n|\n|t:|1700577115\n|move|p1a: Kingambit|Sucker Punch|p2a: Iron Moth\n|-damage|p2a: Iron Moth|0 fnt\n|faint|p2a: Iron Moth\n|-end|p2a: Iron Moth|Quark Drive|[silent]\n|-damage|p1a: Kingambit|55\/100|[from] item: Life Orb\n|\n|upkeep\n|\n|t:|1700577125\n|switch|p2a: Dragapult|Dragapult, F|100\/100\n|turn|30\n|\n|t:|1700577130\n|move|p1a: Kingambit|Sucker Punch||[still]\n|-fail|p1a: Kingambit\n|move|p2a: Dragapult|Substitute|p2a: Dragapult\n|-start|p2a: Dragapult|Substitute\n|-damage|p2a: Dragapult|76\/100\n|\n|-heal|p2a: Dragapult|82\/100|[from] item: Leftovers\n|upkeep\n|turn|31\n|\n|t:|1700577138\n|move|p2a: Dragapult|Dragon Darts|p1a: Kingambit\n|-resisted|p1a: Kingambit\n|-damage|p1a: Kingambit|45\/100\n|-anim|p2a: Dragapult|Dragon Darts|p1a: Kingambit\n|-resisted|p1a: Kingambit\n|-damage|p1a: Kingambit|37\/100\n|move|p1a: Kingambit|Kowtow Cleave|p2a: Dragapult\n|-supereffective|p2a: Dragapult\n|-end|p2a: Dragapult|Substitute\n|-damage|p1a: Kingambit|27\/100|[from] item: Life Orb\n|\n|-heal|p2a: Dragapult|88\/100|[from] item: Leftovers\n|upkeep\n|turn|32\n|\n|t:|1700577153\n|move|p2a: Dragapult|Dragon Darts|p1a: Kingambit\n|-resisted|p1a: Kingambit\n|-damage|p1a: Kingambit|19\/100\n|-anim|p2a: Dragapult|Dragon Darts|p1a: Kingambit\n|-resisted|p1a: Kingambit\n|-damage|p1a: Kingambit|10\/100\n|move|p1a: Kingambit|Kowtow Cleave|p2a: Dragapult\n|-supereffective|p2a: Dragapult\n|-damage|p2a: Dragapult|0 fnt\n|faint|p2a: Dragapult\n|-damage|p1a: Kingambit|0 fnt|[from] item: Life Orb\n|faint|p1a: Kingambit\n|-end|p1a: Kingambit|fallen5|[silent]\n|\n|win|Carbolo\n|raw|Guilty Moth's rating: 1164 &rarr; <strong>1137<\/strong><br \/>(-27 for losing)\n|raw|Carbolo's rating: 1139 &rarr; <strong>1166<\/strong><br \/>(+27 for winning)\n|l|\u2606Guilty Moth\n","uploadtime":1700577169,"views":2,"p1id":"guiltymoth","p2id":"carbolo","formatid":"gen9ou","rating":1137,"private":0,"password":""}