{"id":"gen9ou-1995685924","p1":"Johnnymcd16","p2":"Fougere22","format":"[Gen 9] OU","log":"|j|\u2606Johnnymcd16\n|j|\u2606Fougere22\n|t:|1700593870\n|gametype|singles\n|player|p1|Johnnymcd16|266|1123\n|player|p2|Fougere22|cheryl|1185\n|teamsize|p1|6\n|teamsize|p2|6\n|gen|9\n|tier|[Gen 9] OU\n|rated|\n|rule|Sleep Clause Mod: Limit one foe put to sleep\n|rule|Species Clause: Limit one of each Pok\u00e9mon\n|rule|OHKO Clause: OHKO moves are banned\n|rule|Evasion Items Clause: Evasion items are banned\n|rule|Evasion Moves Clause: Evasion moves are banned\n|rule|Endless Battle Clause: Forcing endless battles is banned\n|rule|HP Percentage Mod: HP is shown in percentages\n|clearpoke\n|poke|p1|Heracross, F|\n|poke|p1|Iron Hands|\n|poke|p1|Torkoal, M|\n|poke|p1|Lucario, F|\n|poke|p1|Iron Thorns|\n|poke|p1|Amoonguss, F|\n|poke|p2|Heatran, M|\n|poke|p2|Enamorus, F|\n|poke|p2|Dondozo, M|\n|poke|p2|Great Tusk|\n|poke|p2|Iron Moth|\n|poke|p2|Rillaboom, F|\n|teampreview\n|inactive|Battle timer is ON: inactive players will automatically lose when time's up. (requested by Fougere22)\n|\n|t:|1700593878\n|start\n|switch|p1a: Torkoal|Torkoal, M|100\/100\n|switch|p2a: Great Tusk|Great Tusk|100\/100\n|-weather|SunnyDay|[from] ability: Drought|[of] p1a: Torkoal\n|-activate|p2a: Great Tusk|ability: Protosynthesis\n|-start|p2a: Great Tusk|protosynthesisatk\n|turn|1\n|\n|t:|1700593880\n|move|p2a: Great Tusk|Earthquake|p1a: Torkoal\n|-supereffective|p1a: Torkoal\n|-damage|p1a: Torkoal|28\/100\n|move|p1a: Torkoal|Stealth Rock|p2a: Great Tusk\n|-sidestart|p2: Fougere22|move: Stealth Rock\n|\n|-weather|SunnyDay|[upkeep]\n|upkeep\n|turn|2\n|\n|t:|1700593883\n|move|p2a: Great Tusk|Rapid Spin|p1a: Torkoal\n|-damage|p1a: Torkoal|14\/100\n|-boost|p2a: Great Tusk|spe|1\n|-sideend|p2: Fougere22|Stealth Rock|[from] move: Rapid Spin|[of] p2a: Great Tusk\n|move|p1a: Torkoal|Yawn|p2a: Great Tusk\n|-start|p2a: Great Tusk|move: Yawn|[of] p1a: Torkoal\n|\n|-weather|SunnyDay|[upkeep]\n|upkeep\n|turn|3\n|\n|t:|1700593895\n|-end|p2a: Great Tusk|Protosynthesis|[silent]\n|switch|p2a: Rillaboom|Rillaboom, F|100\/100\n|-fieldstart|move: Grassy Terrain|[from] ability: Grassy Surge|[of] p2a: Rillaboom\n|move|p1a: Torkoal|Stealth Rock|p2a: Rillaboom\n|-sidestart|p2: Fougere22|move: Stealth Rock\n|\n|-weather|SunnyDay|[upkeep]\n|-heal|p1a: Torkoal|20\/100|[from] Grassy Terrain\n|upkeep\n|turn|4\n|\n|t:|1700593902\n|move|p2a: Rillaboom|U-turn|p1a: Torkoal\n|-resisted|p1a: Torkoal\n|-damage|p1a: Torkoal|10\/100\n|\n|t:|1700593909\n|switch|p2a: Great Tusk|Great Tusk|100\/100|[from] U-turn\n|-damage|p2a: Great Tusk|98\/100|[from] Stealth Rock\n|-activate|p2a: Great Tusk|ability: Protosynthesis\n|-start|p2a: Great Tusk|protosynthesisatk\n|move|p1a: Torkoal|Yawn|p2a: Great Tusk\n|-start|p2a: Great Tusk|move: Yawn|[of] p1a: Torkoal\n|\n|-weather|SunnyDay|[upkeep]\n|-heal|p2a: Great Tusk|100\/100|[from] Grassy Terrain\n|-heal|p1a: Torkoal|16\/100|[from] Grassy Terrain\n|upkeep\n|turn|5\n|\n|t:|1700593919\n|-end|p2a: Great Tusk|Protosynthesis|[silent]\n|switch|p2a: Dondozo|Dondozo, M|100\/100\n|-damage|p2a: Dondozo|88\/100|[from] Stealth Rock\n|move|p1a: Torkoal|Stealth Rock||[still]\n|-fail|p1a: Torkoal\n|\n|-weather|SunnyDay|[upkeep]\n|-heal|p2a: Dondozo|94\/100|[from] Grassy Terrain\n|-heal|p2a: Dondozo|99\/100|[from] item: Leftovers\n|-heal|p1a: Torkoal|22\/100|[from] Grassy Terrain\n|upkeep\n|turn|6\n|\n|t:|1700593926\n|switch|p1a: Amoonguss|Amoonguss, F|100\/100\n|move|p2a: Dondozo|Wave Crash|p1a: Amoonguss\n|-resisted|p1a: Amoonguss\n|-damage|p1a: Amoonguss|90\/100\n|-damage|p2a: Dondozo|97\/100|[from] Recoil\n|\n|-weather|SunnyDay|[upkeep]\n|-heal|p2a: Dondozo|100\/100|[from] Grassy Terrain\n|-heal|p1a: Amoonguss|96\/100|[from] Grassy Terrain\n|-heal|p1a: Amoonguss|100\/100|[from] item: Black Sludge\n|upkeep\n|turn|7\n|\n|t:|1700593931\n|switch|p2a: Rillaboom|Rillaboom, F|100\/100\n|-damage|p2a: Rillaboom|88\/100|[from] Stealth Rock\n|move|p1a: Amoonguss|Spore|p2a: Rillaboom\n|-immune|p2a: Rillaboom\n|\n|-weather|SunnyDay|[upkeep]\n|-heal|p2a: Rillaboom|94\/100|[from] Grassy Terrain\n|-fieldend|move: Grassy Terrain\n|upkeep\n|turn|8\n|\n|t:|1700593935\n|move|p2a: Rillaboom|U-turn|p1a: Amoonguss\n|-damage|p1a: Amoonguss|65\/100\n|\n|t:|1700593937\n|switch|p2a: Great Tusk|Great Tusk|100\/100|[from] U-turn\n|-damage|p2a: Great Tusk|98\/100|[from] Stealth Rock\n|-activate|p2a: Great Tusk|ability: Protosynthesis\n|-start|p2a: Great Tusk|protosynthesisatk\n|move|p1a: Amoonguss|Sludge Bomb|p2a: Great Tusk\n|-resisted|p2a: Great Tusk\n|-damage|p2a: Great Tusk|78\/100\n|\n|-weather|none\n|-end|p2a: Great Tusk|Protosynthesis\n|-heal|p2a: Great Tusk|84\/100|[from] item: Leftovers\n|-heal|p1a: Amoonguss|71\/100|[from] item: Black Sludge\n|upkeep\n|turn|9\n|\n|t:|1700593943\n|move|p2a: Great Tusk|Rapid Spin|p1a: Amoonguss\n|-damage|p1a: Amoonguss|54\/100\n|-boost|p2a: Great Tusk|spe|1\n|-sideend|p2: Fougere22|Stealth Rock|[from] move: Rapid Spin|[of] p2a: Great Tusk\n|move|p1a: Amoonguss|Toxic|p2a: Great Tusk\n|-status|p2a: Great Tusk|tox\n|\n|-heal|p2a: Great Tusk|91\/100 tox|[from] item: Leftovers\n|-heal|p1a: Amoonguss|60\/100|[from] item: Black Sludge\n|-damage|p2a: Great Tusk|84\/100 tox|[from] psn\n|upkeep\n|turn|10\n|\n|t:|1700593961\n|switch|p1a: Heracross|Heracross, F|100\/100\n|move|p2a: Great Tusk|Earthquake|p1a: Heracross\n|-resisted|p1a: Heracross\n|-damage|p1a: Heracross|63\/100\n|\n|-heal|p2a: Great Tusk|91\/100 tox|[from] item: Leftovers\n|-damage|p2a: Great Tusk|78\/100 tox|[from] psn\n|upkeep\n|turn|11\n|\n|t:|1700593977\n|move|p2a: Great Tusk|Stealth Rock|p1a: Heracross\n|-sidestart|p1: Johnnymcd16|move: Stealth Rock\n|move|p1a: Heracross|Close Combat|p2a: Great Tusk\n|-damage|p2a: Great Tusk|31\/100 tox\n|-unboost|p1a: Heracross|def|1\n|-unboost|p1a: Heracross|spd|1\n|\n|-heal|p2a: Great Tusk|37\/100 tox|[from] item: Leftovers\n|-damage|p2a: Great Tusk|19\/100 tox|[from] psn\n|upkeep\n|turn|12\n|\n|t:|1700593983\n|move|p2a: Great Tusk|Brick Break|p1a: Heracross\n|-resisted|p1a: Heracross\n|-damage|p1a: Heracross|17\/100\n|move|p1a: Heracross|Close Combat|p2a: Great Tusk\n|-damage|p2a: Great Tusk|0 fnt\n|-unboost|p1a: Heracross|def|1\n|-unboost|p1a: Heracross|spd|1\n|faint|p2a: Great Tusk\n|-end|p2a: Great Tusk|Protosynthesis|[silent]\n|-ability|p1a: Heracross|Moxie|boost\n|-boost|p1a: Heracross|atk|1\n|\n|upkeep\n|\n|t:|1700593997\n|switch|p2a: Enamorus|Enamorus, F|100\/100\n|turn|13\n|\n|t:|1700594001\n|switch|p1a: Torkoal|Torkoal, M|22\/100\n|-damage|p1a: Torkoal|0 fnt|[from] Stealth Rock\n|faint|p1a: Torkoal\n|move|p2a: Enamorus|Moonblast|p1: Torkoal|[notarget]\n|-fail|p2a: Enamorus\n|\n|upkeep\n|\n|t:|1700594004\n|switch|p1a: Iron Hands|Iron Hands|100\/100\n|-damage|p1a: Iron Hands|94\/100|[from] Stealth Rock\n|turn|14\n|\n|t:|1700594008\n|move|p1a: Iron Hands|Fake Out|p2a: Enamorus\n|-damage|p2a: Enamorus|74\/100\n|cant|p2a: Enamorus|flinch\n|\n|-heal|p2a: Enamorus|80\/100|[from] item: Leftovers\n|upkeep\n|turn|15\n|\n|t:|1700594013\n|-terastallize|p2a: Enamorus|Ground\n|move|p2a: Enamorus|Substitute|p2a: Enamorus\n|-start|p2a: Enamorus|Substitute\n|-damage|p2a: Enamorus|55\/100\n|move|p1a: Iron Hands|Wild Charge|p2a: Enamorus\n|-immune|p2a: Enamorus\n|\n|-heal|p2a: Enamorus|61\/100|[from] item: Leftovers\n|upkeep\n|turn|16\n|\n|t:|1700594019\n|move|p2a: Enamorus|Moonblast|p1a: Iron Hands\n|-supereffective|p1a: Iron Hands\n|-damage|p1a: Iron Hands|39\/100\n|move|p1a: Iron Hands|Ice Punch|p2a: Enamorus\n|-supereffective|p2a: Enamorus\n|-end|p2a: Enamorus|Substitute\n|\n|-heal|p2a: Enamorus|67\/100|[from] item: Leftovers\n|upkeep\n|turn|17\n|\n|t:|1700594022\n|-end|p1a: Iron Hands|Quark Drive|[silent]\n|switch|p1a: Amoonguss|Amoonguss, F|93\/100\n|-damage|p1a: Amoonguss|80\/100|[from] Stealth Rock\n|move|p2a: Enamorus|Moonblast|p1a: Amoonguss\n|-resisted|p1a: Amoonguss\n|-damage|p1a: Amoonguss|62\/100\n|\n|-heal|p2a: Enamorus|74\/100|[from] item: Leftovers\n|-heal|p1a: Amoonguss|68\/100|[from] item: Black Sludge\n|upkeep\n|turn|18\n|\n|t:|1700594028\n|switch|p2a: Rillaboom|Rillaboom, F|94\/100\n|-fieldstart|move: Grassy Terrain|[from] ability: Grassy Surge|[of] p2a: Rillaboom\n|move|p1a: Amoonguss|Giga Drain|p2a: Rillaboom\n|-resisted|p2a: Rillaboom\n|-damage|p2a: Rillaboom|76\/100\n|-heal|p1a: Amoonguss|76\/100|[from] drain|[of] p2a: Rillaboom\n|\n|-heal|p2a: Rillaboom|82\/100|[from] Grassy Terrain\n|-heal|p1a: Amoonguss|82\/100|[from] Grassy Terrain\n|-heal|p1a: Amoonguss|88\/100|[from] item: Black Sludge\n|upkeep\n|turn|19\n|\n|t:|1700594031\n|move|p2a: Rillaboom|U-turn|p1a: Amoonguss\n|-damage|p1a: Amoonguss|56\/100\n|\n|t:|1700594037\n|switch|p2a: Dondozo|Dondozo, M|100\/100|[from] U-turn\n|move|p1a: Amoonguss|Sludge Bomb|p2a: Dondozo\n|-damage|p2a: Dondozo|74\/100\n|-status|p2a: Dondozo|psn\n|\n|-heal|p2a: Dondozo|80\/100 psn|[from] Grassy Terrain\n|-heal|p2a: Dondozo|86\/100 psn|[from] item: Leftovers\n|-heal|p1a: Amoonguss|62\/100|[from] Grassy Terrain\n|-heal|p1a: Amoonguss|68\/100|[from] item: Black Sludge\n|-damage|p2a: Dondozo|73\/100 psn|[from] psn\n|upkeep\n|turn|20\n|\n|t:|1700594042\n|move|p2a: Dondozo|Curse|p2a: Dondozo\n|-unboost|p2a: Dondozo|spe|1\n|-boost|p2a: Dondozo|atk|1\n|-boost|p2a: Dondozo|def|1\n|move|p1a: Amoonguss|Giga Drain|p2a: Dondozo\n|-supereffective|p2a: Dondozo\n|-damage|p2a: Dondozo|11\/100 psn\n|-heal|p1a: Amoonguss|100\/100|[from] drain|[of] p2a: Dondozo\n|\n|-heal|p2a: Dondozo|18\/100 psn|[from] Grassy Terrain\n|-heal|p2a: Dondozo|24\/100 psn|[from] item: Leftovers\n|-damage|p2a: Dondozo|11\/100 psn|[from] psn\n|upkeep\n|turn|21\n|\n|t:|1700594046\n|move|p1a: Amoonguss|Giga Drain|p2a: Dondozo\n|-supereffective|p2a: Dondozo\n|-damage|p2a: Dondozo|0 fnt\n|faint|p2a: Dondozo\n|\n|upkeep\n|\n|t:|1700594051\n|switch|p2a: Iron Moth|Iron Moth|100\/100\n|-enditem|p2a: Iron Moth|Booster Energy\n|-activate|p2a: Iron Moth|ability: Quark Drive|[fromitem]\n|-start|p2a: Iron Moth|quarkdrivespe\n|turn|22\n|\n|t:|1700594058\n|switch|p1a: Lucario|Lucario, F|100\/100\n|-damage|p1a: Lucario|97\/100|[from] Stealth Rock\n|move|p2a: Iron Moth|Substitute|p2a: Iron Moth\n|-start|p2a: Iron Moth|Substitute\n|-damage|p2a: Iron Moth|76\/100\n|\n|-heal|p2a: Iron Moth|82\/100|[from] Grassy Terrain\n|-heal|p1a: Lucario|100\/100|[from] Grassy Terrain\n|-fieldend|move: Grassy Terrain\n|upkeep\n|turn|23\n|\n|t:|1700594062\n|move|p1a: Lucario|Extreme Speed|p2a: Iron Moth\n|-end|p2a: Iron Moth|Substitute\n|move|p2a: Iron Moth|Fiery Dance|p1a: Lucario\n|-supereffective|p1a: Lucario\n|-damage|p1a: Lucario|0 fnt\n|faint|p1a: Lucario\n|\n|upkeep\n|\n|t:|1700594065\n|switch|p1a: Iron Hands|Iron Hands|39\/100\n|-damage|p1a: Iron Hands|32\/100|[from] Stealth Rock\n|turn|24\n|\n|t:|1700594073\n|move|p1a: Iron Hands|Fake Out|p2a: Iron Moth\n|-damage|p2a: Iron Moth|55\/100\n|cant|p2a: Iron Moth|flinch\n|\n|upkeep\n|turn|25\n|\n|t:|1700594082\n|move|p2a: Iron Moth|Morning Sun|p2a: Iron Moth\n|-heal|p2a: Iron Moth|100\/100\n|move|p1a: Iron Hands|Wild Charge|p2a: Iron Moth\n|-crit|p2a: Iron Moth\n|-damage|p2a: Iron Moth|0 fnt\n|faint|p2a: Iron Moth\n|-end|p2a: Iron Moth|Quark Drive|[silent]\n|-damage|p1a: Iron Hands|17\/100|[from] Recoil\n|\n|upkeep\n|\n|t:|1700594089\n|switch|p2a: Enamorus|Enamorus, F, tera:Ground|74\/100\n|turn|26\n|\n|t:|1700594097\n|-end|p1a: Iron Hands|Quark Drive|[silent]\n|switch|p1a: Amoonguss|Amoonguss, F|100\/100\n|-damage|p1a: Amoonguss|88\/100|[from] Stealth Rock\n|move|p2a: Enamorus|Earth Power|p1a: Amoonguss\n|-damage|p1a: Amoonguss|54\/100\n|\n|-heal|p2a: Enamorus|80\/100|[from] item: Leftovers\n|-heal|p1a: Amoonguss|60\/100|[from] item: Black Sludge\n|upkeep\n|turn|27\n|\n|t:|1700594103\n|move|p2a: Enamorus|Substitute|p2a: Enamorus\n|-start|p2a: Enamorus|Substitute\n|-damage|p2a: Enamorus|55\/100\n|move|p1a: Amoonguss|Giga Drain|p2a: Enamorus\n|-supereffective|p2a: Enamorus\n|-end|p2a: Enamorus|Substitute\n|-heal|p1a: Amoonguss|68\/100|[from] drain|[of] p2a: Enamorus\n|\n|-heal|p2a: Enamorus|61\/100|[from] item: Leftovers\n|-heal|p1a: Amoonguss|74\/100|[from] item: Black Sludge\n|upkeep\n|turn|28\n|\n|t:|1700594107\n|switch|p2a: Heatran|Heatran, M|100\/100\n|move|p1a: Amoonguss|Sludge Bomb|p2a: Heatran\n|-immune|p2a: Heatran\n|\n|-heal|p1a: Amoonguss|80\/100|[from] item: Black Sludge\n|upkeep\n|turn|29\n|\n|t:|1700594110\n|move|p2a: Heatran|Magma Storm|p1a: Amoonguss\n|-supereffective|p1a: Amoonguss\n|-damage|p1a: Amoonguss|3\/100\n|-activate|p1a: Amoonguss|move: Magma Storm|[of] p2a: Heatran\n|move|p1a: Amoonguss|Spore|p2a: Heatran\n|-status|p2a: Heatran|slp|[from] move: Spore\n|\n|-heal|p1a: Amoonguss|9\/100|[from] item: Black Sludge\n|-damage|p1a: Amoonguss|0 fnt|[from] move: Magma Storm|[partiallytrapped]\n|faint|p1a: Amoonguss\n|upkeep\n|\n|t:|1700594116\n|switch|p1a: Iron Thorns|Iron Thorns|100\/100\n|-damage|p1a: Iron Thorns|88\/100|[from] Stealth Rock\n|-item|p1a: Iron Thorns|Air Balloon\n|turn|30\n|\n|t:|1700594121\n|cant|p2a: Heatran|slp\n|move|p1a: Iron Thorns|Dragon Dance|p1a: Iron Thorns\n|-boost|p1a: Iron Thorns|atk|1\n|-boost|p1a: Iron Thorns|spe|1\n|\n|upkeep\n|turn|31\n|\n|t:|1700594128\n|cant|p2a: Heatran|slp\n|move|p1a: Iron Thorns|Earthquake|p2a: Heatran\n|-supereffective|p2a: Heatran\n|-damage|p2a: Heatran|0 fnt\n|faint|p2a: Heatran\n|\n|upkeep\n|\n|t:|1700594133\n|switch|p2a: Rillaboom|Rillaboom, F|82\/100\n|-fieldstart|move: Grassy Terrain|[from] ability: Grassy Surge|[of] p2a: Rillaboom\n|turn|32\n|\n|t:|1700594152\n|move|p2a: Rillaboom|Grassy Glide|p1a: Iron Thorns\n|-supereffective|p1a: Iron Thorns\n|-damage|p1a: Iron Thorns|0 fnt\n|-enditem|p1a: Iron Thorns|Air Balloon\n|faint|p1a: Iron Thorns\n|-end|p1a: Iron Thorns|Quark Drive|[silent]\n|\n|-heal|p2a: Rillaboom|88\/100|[from] Grassy Terrain\n|upkeep\n|\n|t:|1700594156\n|switch|p1a: Iron Hands|Iron Hands|17\/100\n|-damage|p1a: Iron Hands|11\/100|[from] Stealth Rock\n|turn|33\n|\n|t:|1700594158\n|move|p1a: Iron Hands|Fake Out|p2a: Rillaboom\n|-damage|p2a: Rillaboom|72\/100\n|cant|p2a: Rillaboom|flinch\n|\n|-heal|p2a: Rillaboom|78\/100|[from] Grassy Terrain\n|-heal|p1a: Iron Hands|17\/100|[from] Grassy Terrain\n|upkeep\n|turn|34\n|\n|t:|1700594162\n|move|p2a: Rillaboom|Grassy Glide|p1a: Iron Hands\n|-damage|p1a: Iron Hands|0 fnt\n|faint|p1a: Iron Hands\n|-end|p1a: Iron Hands|Quark Drive|[silent]\n|\n|-heal|p2a: Rillaboom|84\/100|[from] Grassy Terrain\n|upkeep\n|\n|t:|1700594165\n|switch|p1a: Heracross|Heracross, F|17\/100\n|-damage|p1a: Heracross|5\/100|[from] Stealth Rock\n|turn|35\n|\n|t:|1700594171\n|move|p2a: Rillaboom|Grassy Glide|p1a: Heracross\n|-resisted|p1a: Heracross\n|-damage|p1a: Heracross|0 fnt\n|faint|p1a: Heracross\n|\n|win|Fougere22\n|raw|Johnnymcd16's rating: 1123 &rarr; <strong>1104<\/strong><br \/>(-19 for losing)\n|raw|Fougere22's rating: 1215 &rarr; <strong>1234<\/strong><br \/>(+19 for winning)\n|l|\u2606Johnnymcd16\n","uploadtime":1700594173,"views":3,"p1id":"johnnymcd16","p2id":"fougere22","formatid":"gen9ou","rating":1104,"private":0,"password":""}