{"id":"gen9ou-1996929246","p1":"jw0311","p2":"gamebooadvanced","format":"[Gen 9] OU","log":"|j|\u2606jw0311\n|j|\u2606gamebooadvanced\n|t:|1700746093\n|gametype|singles\n|player|p1|jw0311|ghetsis-gen5bw|1830\n|player|p2|gamebooadvanced|clay|1734\n|teamsize|p1|6\n|teamsize|p2|6\n|gen|9\n|tier|[Gen 9] OU\n|rated|\n|rule|Sleep Clause Mod: Limit one foe put to sleep\n|rule|Species Clause: Limit one of each Pok\u00e9mon\n|rule|OHKO Clause: OHKO moves are banned\n|rule|Evasion Items Clause: Evasion items are banned\n|rule|Evasion Moves Clause: Evasion moves are banned\n|rule|Endless Battle Clause: Forcing endless battles is banned\n|rule|HP Percentage Mod: HP is shown in percentages\n|clearpoke\n|poke|p1|Dragapult, F|\n|poke|p1|Toxapex, F|\n|poke|p1|Infernape, M|\n|poke|p1|Kingambit, F|\n|poke|p1|Great Tusk|\n|poke|p1|Dondozo, F|\n|poke|p2|Ogerpon-Wellspring, F|\n|poke|p2|Great Tusk|\n|poke|p2|Garganacl, M|\n|poke|p2|Heatran, F|\n|poke|p2|Dragonite, F|\n|poke|p2|Dragapult, F|\n|teampreview\n|inactive|Battle timer is ON: inactive players will automatically lose when time's up. (requested by jw0311)\n|j| fsausad95987\n|\n|t:|1700746122\n|start\n|switch|p1a: Great Tusk|Great Tusk|100\/100\n|switch|p2a: Heatran|Heatran, F|100\/100\n|-item|p2a: Heatran|Air Balloon\n|turn|1\n|\n|t:|1700746127\n|move|p1a: Great Tusk|Knock Off|p2a: Heatran\n|-damage|p2a: Heatran|78\/100\n|-enditem|p2a: Heatran|Air Balloon\n|move|p2a: Heatran|Will-O-Wisp|p1a: Great Tusk\n|-status|p1a: Great Tusk|brn\n|\n|-damage|p1a: Great Tusk|94\/100 brn|[from] brn\n|upkeep\n|turn|2\n|j| shy&sassy alice\n|j| dfghhhg\n|\n|t:|1700746140\n|switch|p2a: Great Tusk|Great Tusk|100\/100\n|move|p1a: Great Tusk|Knock Off|p2a: Great Tusk\n|-resisted|p2a: Great Tusk\n|-damage|p2a: Great Tusk|96\/100\n|-damage|p1a: Great Tusk|78\/100 brn|[from] item: Rocky Helmet|[of] p2a: Great Tusk\n|-enditem|p2a: Great Tusk|Rocky Helmet|[from] move: Knock Off|[of] p1a: Great Tusk\n|\n|-heal|p1a: Great Tusk|84\/100 brn|[from] item: Leftovers\n|-damage|p1a: Great Tusk|78\/100 brn|[from] brn\n|upkeep\n|turn|3\n|\n|t:|1700746148\n|-end|p1a: Great Tusk|Protosynthesis|[silent]\n|switch|p1a: Dondozo|Dondozo, F|100\/100\n|move|p2a: Great Tusk|Knock Off|p1a: Dondozo\n|-damage|p1a: Dondozo|85\/100\n|-damage|p2a: Great Tusk|79\/100|[from] item: Rocky Helmet|[of] p1a: Dondozo\n|-enditem|p1a: Dondozo|Rocky Helmet|[from] move: Knock Off|[of] p2a: Great Tusk\n|\n|upkeep\n|turn|4\n|l| fsausad95987\n|\n|t:|1700746166\n|-end|p2a: Great Tusk|Protosynthesis|[silent]\n|switch|p2a: Ogerpon|Ogerpon-Wellspring, F|100\/100\n|move|p1a: Dondozo|Waterfall|p2a: Ogerpon\n|-immune|p2a: Ogerpon|[from] ability: Water Absorb\n|\n|upkeep\n|turn|5\n|\n|t:|1700746172\n|switch|p1a: Toxapex|Toxapex, F|100\/100\n|move|p2a: Ogerpon|Power Whip|p1a: Toxapex\n|-damage|p1a: Toxapex|42\/100\n|\n|upkeep\n|turn|6\n|\n|t:|1700746178\n|switch|p1a: Dragapult|Dragapult, F|100\/100\n|move|p2a: Ogerpon|Power Whip|p1a: Dragapult\n|-resisted|p1a: Dragapult\n|-damage|p1a: Dragapult|51\/100\n|\n|upkeep\n|turn|7\n|\n|t:|1700746186\n|switch|p2a: Garganacl|Garganacl, M|100\/100\n|move|p1a: Dragapult|Dragon Darts|p2a: Garganacl\n|-damage|p2a: Garganacl|77\/100\n|-anim|p1a: Dragapult|Dragon Darts|p2a: Garganacl\n|-damage|p2a: Garganacl|57\/100\n|\n|-heal|p2a: Garganacl|63\/100|[from] item: Leftovers\n|upkeep\n|turn|8\n|\n|t:|1700746209\n|-terastallize|p1a: Dragapult|Dragon\n|move|p1a: Dragapult|Dragon Darts|p2a: Garganacl\n|-damage|p2a: Garganacl|33\/100\n|-anim|p1a: Dragapult|Dragon Darts|p2a: Garganacl\n|-damage|p2a: Garganacl|5\/100\n|move|p2a: Garganacl|Recover|p2a: Garganacl\n|-heal|p2a: Garganacl|55\/100\n|\n|-heal|p2a: Garganacl|62\/100|[from] item: Leftovers\n|upkeep\n|turn|9\n|\n|t:|1700746217\n|switch|p1a: Great Tusk|Great Tusk|78\/100 brn\n|-terastallize|p2a: Garganacl|Fairy\n|move|p2a: Garganacl|Salt Cure|p1a: Great Tusk\n|-resisted|p1a: Great Tusk\n|-damage|p1a: Great Tusk|76\/100 brn\n|-start|p1a: Great Tusk|Salt Cure\n|\n|-heal|p1a: Great Tusk|83\/100 brn|[from] item: Leftovers\n|-heal|p2a: Garganacl|68\/100|[from] item: Leftovers\n|-damage|p1a: Great Tusk|76\/100 brn|[from] brn\n|-damage|p1a: Great Tusk|64\/100 brn|[from] Salt Cure\n|upkeep\n|turn|10\n|\n|t:|1700746231\n|switch|p2a: Great Tusk|Great Tusk|79\/100\n|move|p1a: Great Tusk|Knock Off|p2a: Great Tusk\n|-resisted|p2a: Great Tusk\n|-damage|p2a: Great Tusk|75\/100\n|\n|-heal|p1a: Great Tusk|70\/100 brn|[from] item: Leftovers\n|-damage|p1a: Great Tusk|64\/100 brn|[from] brn\n|-damage|p1a: Great Tusk|51\/100 brn|[from] Salt Cure\n|upkeep\n|turn|11\n|\n|t:|1700746242\n|-end|p1a: Great Tusk|Protosynthesis|[silent]\n|switch|p1a: Infernape|Infernape, M|100\/100\n|move|p2a: Great Tusk|Headlong Rush|p1a: Infernape\n|-supereffective|p1a: Infernape\n|-damage|p1a: Infernape|0 fnt\n|-unboost|p2a: Great Tusk|def|1\n|-unboost|p2a: Great Tusk|spd|1\n|faint|p1a: Infernape\n|\n|upkeep\n|\n|t:|1700746246\n|switch|p1a: Dragapult|Dragapult, F, tera:Dragon|51\/100\n|turn|12\n|\n|t:|1700746258\n|-end|p2a: Great Tusk|Protosynthesis|[silent]\n|switch|p2a: Garganacl|Garganacl, M, tera:Fairy|68\/100\n|move|p1a: Dragapult|U-turn|p2a: Garganacl\n|-resisted|p2a: Garganacl\n|-damage|p2a: Garganacl|57\/100\n|\n|t:|1700746260\n|switch|p1a: Toxapex|Toxapex, F|75\/100|[from] U-turn\n|\n|-heal|p2a: Garganacl|63\/100|[from] item: Leftovers\n|upkeep\n|turn|13\n|j| Large_Rodent\n|\n|t:|1700746275\n|move|p1a: Toxapex|Infestation|p2a: Garganacl\n|-resisted|p2a: Garganacl\n|-damage|p2a: Garganacl|61\/100\n|-activate|p2a: Garganacl|move: Infestation|[of] p1a: Toxapex\n|move|p2a: Garganacl|Salt Cure|p1a: Toxapex\n|-damage|p1a: Toxapex|64\/100\n|-start|p1a: Toxapex|Salt Cure\n|\n|-heal|p2a: Garganacl|67\/100|[from] item: Leftovers\n|-damage|p2a: Garganacl|55\/100|[from] move: Infestation|[partiallytrapped]\n|-damage|p1a: Toxapex|39\/100|[from] Salt Cure\n|upkeep\n|turn|14\n|\n|t:|1700746278\n|move|p2a: Garganacl|Recover|p2a: Garganacl\n|-heal|p2a: Garganacl|100\/100\n|move|p1a: Toxapex|Sludge Bomb|p2a: Garganacl\n|-supereffective|p2a: Garganacl\n|-damage|p2a: Garganacl|47\/100\n|\n|-heal|p2a: Garganacl|53\/100|[from] item: Leftovers\n|-damage|p2a: Garganacl|41\/100|[from] move: Infestation|[partiallytrapped]\n|-damage|p1a: Toxapex|15\/100|[from] Salt Cure\n|upkeep\n|turn|15\n|\n|t:|1700746284\n|move|p2a: Garganacl|Earthquake|p1a: Toxapex\n|-supereffective|p1a: Toxapex\n|-damage|p1a: Toxapex|0 fnt\n|faint|p1a: Toxapex\n|\n|-heal|p2a: Garganacl|47\/100|[from] item: Leftovers\n|-end|p2a: Garganacl|Infestation|[partiallytrapped]|[silent]\n|upkeep\n|\n|t:|1700746287\n|switch|p1a: Kingambit|Kingambit, F|100\/100\n|-activate|p1a: Kingambit|ability: Supreme Overlord\n|-start|p1a: Kingambit|fallen2|[silent]\n|turn|16\n|\n|t:|1700746303\n|switch|p2a: Heatran|Heatran, F|78\/100\n|move|p1a: Kingambit|Swords Dance|p1a: Kingambit\n|-boost|p1a: Kingambit|atk|2\n|\n|upkeep\n|turn|17\n|\n|t:|1700746308\n|move|p2a: Heatran|Will-O-Wisp|p1a: Kingambit\n|-status|p1a: Kingambit|brn\n|move|p1a: Kingambit|Kowtow Cleave|p2a: Heatran\n|-damage|p2a: Heatran|32\/100\n|\n|-damage|p1a: Kingambit|94\/100 brn|[from] brn\n|upkeep\n|turn|18\n|\n|t:|1700746316\n|move|p2a: Heatran|Magma Storm|p1a: Kingambit\n|-supereffective|p1a: Kingambit\n|-damage|p1a: Kingambit|12\/100 brn\n|-activate|p1a: Kingambit|move: Magma Storm|[of] p2a: Heatran\n|move|p1a: Kingambit|Iron Head|p2a: Heatran\n|-resisted|p2a: Heatran\n|-damage|p2a: Heatran|21\/100\n|\n|-heal|p1a: Kingambit|18\/100 brn|[from] item: Leftovers\n|-damage|p1a: Kingambit|12\/100 brn|[from] brn\n|-damage|p1a: Kingambit|0 fnt|[from] move: Magma Storm|[partiallytrapped]\n|faint|p1a: Kingambit\n|-end|p1a: Kingambit|fallen2|[silent]\n|upkeep\n|-message|jw0311 forfeited.\n|\n|win|gamebooadvanced\n|raw|jw0311's rating: 1830 &rarr; <strong>1805<\/strong><br \/>(-25 for losing)\n|raw|gamebooadvanced's rating: 1734 &rarr; <strong>1759<\/strong><br \/>(+25 for winning)\n|l|\u2606jw0311\n|l| shy&sassy alice\n|j| shy&sassy alice\n|l| shy&sassy alice\n|l|\u2606gamebooadvanced\n|j|\u2606gamebooadvanced\n|player|p2|gamebooadvanced|clay\n","uploadtime":1700749693,"views":5,"p1id":"jw0311","p2id":"gamebooadvanced","formatid":"gen9ou","rating":1759,"private":0,"password":""}