{"id":"gen9ou-1988411492","p1":"Futz DH on DN","p2":"oRinNeGa7V1","format":"[Gen 9] OU","log":"|j|\u2606Futz DH on DN\n|j|\u2606oRinNeGa7V1\n|t:|1699720026\n|gametype|singles\n|player|p1|Futz DH on DN|169|1387\n|player|p2|oRinNeGa7V1|miriam|1316\n|teamsize|p1|6\n|teamsize|p2|6\n|gen|9\n|tier|[Gen 9] OU\n|rated|\n|rule|Sleep Clause Mod: Limit one foe put to sleep\n|rule|Species Clause: Limit one of each Pok\u00e9mon\n|rule|OHKO Clause: OHKO moves are banned\n|rule|Evasion Items Clause: Evasion items are banned\n|rule|Evasion Moves Clause: Evasion moves are banned\n|rule|Endless Battle Clause: Forcing endless battles is banned\n|rule|HP Percentage Mod: HP is shown in percentages\n|clearpoke\n|poke|p1|Haxorus, F|\n|poke|p1|Garchomp, M|\n|poke|p1|Jirachi|\n|poke|p1|Okidogi, M|\n|poke|p1|Weezing-Galar, M|\n|poke|p1|Hydreigon, M|\n|poke|p2|Ogerpon-Cornerstone, F|\n|poke|p2|Landorus-Therian, M|\n|poke|p2|Corviknight, F|\n|poke|p2|Slowking-Galar, M|\n|poke|p2|Dragapult, M|\n|poke|p2|Glimmora, M|\n|teampreview\n|\n|t:|1699720037\n|start\n|switch|p1a: Garchomp|Garchomp, M|100\/100\n|switch|p2a: Glimmora|Glimmora, M|100\/100\n|turn|1\n|\n|t:|1699720044\n|move|p1a: Garchomp|Earthquake|p2a: Glimmora\n|-supereffective|p2a: Glimmora\n|-enditem|p2a: Glimmora|Focus Sash\n|-damage|p2a: Glimmora|1\/100\n|-activate|p2a: Glimmora|ability: Toxic Debris\n|-sidestart|p1: Futz DH on DN|move: Toxic Spikes\n|move|p2a: Glimmora|Stealth Rock|p1a: Garchomp\n|-sidestart|p1: Futz DH on DN|move: Stealth Rock\n|\n|upkeep\n|turn|2\n|\n|t:|1699720055\n|switch|p2a: Landorus|Landorus-Therian, M, shiny|100\/100\n|-ability|p2a: Landorus|Intimidate|boost\n|-unboost|p1a: Garchomp|atk|1\n|move|p1a: Garchomp|Earthquake|p2a: Landorus\n|-immune|p2a: Landorus\n|\n|upkeep\n|turn|3\n|\n|t:|1699720061\n|move|p2a: Landorus|Bulk Up|p2a: Landorus\n|-boost|p2a: Landorus|atk|1\n|-boost|p2a: Landorus|def|1\n|move|p1a: Garchomp|Stealth Rock|p2a: Landorus\n|-sidestart|p2: oRinNeGa7V1|move: Stealth Rock\n|\n|upkeep\n|turn|4\n|\n|t:|1699720066\n|move|p2a: Landorus|Substitute|p2a: Landorus\n|-start|p2a: Landorus|Substitute\n|-damage|p2a: Landorus|76\/100\n|move|p1a: Garchomp|Dragon Tail|p2a: Landorus\n|-activate|p2a: Landorus|move: Substitute|[damage]\n|\n|-heal|p2a: Landorus|82\/100|[from] item: Leftovers\n|upkeep\n|turn|5\n|\n|t:|1699720075\n|move|p2a: Landorus|Bulk Up|p2a: Landorus\n|-boost|p2a: Landorus|atk|1\n|-boost|p2a: Landorus|def|1\n|move|p1a: Garchomp|Swords Dance|p1a: Garchomp\n|-boost|p1a: Garchomp|atk|2\n|\n|-heal|p2a: Landorus|88\/100|[from] item: Leftovers\n|upkeep\n|turn|6\n|\n|t:|1699720082\n|move|p2a: Landorus|Bulk Up|p2a: Landorus\n|-boost|p2a: Landorus|atk|1\n|-boost|p2a: Landorus|def|1\n|move|p1a: Garchomp|Dragon Tail|p2a: Landorus\n|-end|p2a: Landorus|Substitute\n|\n|-heal|p2a: Landorus|94\/100|[from] item: Leftovers\n|upkeep\n|turn|7\n|\n|t:|1699720089\n|move|p2a: Landorus|Substitute|p2a: Landorus\n|-start|p2a: Landorus|Substitute\n|-damage|p2a: Landorus|69\/100\n|move|p1a: Garchomp|Dragon Tail|p2a: Landorus\n|-activate|p2a: Landorus|move: Substitute|[damage]\n|\n|-heal|p2a: Landorus|75\/100|[from] item: Leftovers\n|upkeep\n|turn|8\n|inactive|Battle timer is ON: inactive players will automatically lose when time's up. (requested by oRinNeGa7V1)\n|\n|t:|1699720096\n|move|p2a: Landorus|Bulk Up|p2a: Landorus\n|-boost|p2a: Landorus|atk|1\n|-boost|p2a: Landorus|def|1\n|move|p1a: Garchomp|Dragon Tail|p2a: Landorus\n|-end|p2a: Landorus|Substitute\n|\n|-heal|p2a: Landorus|81\/100|[from] item: Leftovers\n|upkeep\n|turn|9\n|\n|t:|1699720103\n|move|p2a: Landorus|Substitute|p2a: Landorus\n|-start|p2a: Landorus|Substitute\n|-damage|p2a: Landorus|56\/100\n|move|p1a: Garchomp|Swords Dance|p1a: Garchomp\n|-boost|p1a: Garchomp|atk|2\n|\n|-heal|p2a: Landorus|62\/100|[from] item: Leftovers\n|upkeep\n|turn|10\n|\n|t:|1699720111\n|move|p2a: Landorus|Earthquake|p1a: Garchomp\n|-damage|p1a: Garchomp|0 fnt\n|faint|p1a: Garchomp\n|\n|-heal|p2a: Landorus|68\/100|[from] item: Leftovers\n|upkeep\n|\n|t:|1699720114\n|switch|p1a: Weezing|Weezing-Galar, M|100\/100\n|-damage|p1a: Weezing|88\/100|[from] Stealth Rock\n|turn|11\n|\n|t:|1699720120\n|move|p2a: Landorus|Smack Down|p1a: Weezing\n|-damage|p1a: Weezing|48\/100\n|-start|p1a: Weezing|Smack Down\n|move|p1a: Weezing|Strange Steam|p2a: Landorus\n|-end|p2a: Landorus|Substitute\n|\n|-heal|p2a: Landorus|74\/100|[from] item: Leftovers\n|upkeep\n|turn|12\n|-message|Futz DH on DN forfeited.\n|\n|win|oRinNeGa7V1\n|raw|Futz DH on DN's rating: 1387 &rarr; <strong>1363<\/strong><br \/>(-24 for losing)\n|raw|oRinNeGa7V1's rating: 1316 &rarr; <strong>1340<\/strong><br \/>(+24 for winning)\n|l|\u2606Futz DH on DN\n","uploadtime":1699720150,"views":15,"p1id":"futzdhondn","p2id":"orinnega7v1","formatid":"gen9ou","rating":1340,"private":0,"password":""}