{"id":"gen9ou-1993289528","p1":"Sick Fiesta","p2":"chomp Resurection","format":"[Gen 9] OU","log":"|j|\u2606Sick Fiesta\n|j|\u2606chomp Resurection\n|t:|1700291224\n|gametype|singles\n|player|p1|Sick Fiesta|266|1561\n|player|p2|chomp Resurection|shauntal|1552\n|teamsize|p1|6\n|teamsize|p2|6\n|gen|9\n|tier|[Gen 9] OU\n|rated|\n|rule|Sleep Clause Mod: Limit one foe put to sleep\n|rule|Species Clause: Limit one of each Pok\u00e9mon\n|rule|OHKO Clause: OHKO moves are banned\n|rule|Evasion Items Clause: Evasion items are banned\n|rule|Evasion Moves Clause: Evasion moves are banned\n|rule|Endless Battle Clause: Forcing endless battles is banned\n|rule|HP Percentage Mod: HP is shown in percentages\n|clearpoke\n|poke|p1|Meowscarada, F|\n|poke|p1|Iron Treads|\n|poke|p1|Zapdos|\n|poke|p1|Dragapult, F|\n|poke|p1|Garganacl, F|\n|poke|p1|Iron Valiant|\n|poke|p2|Ninetales-Alola, M|\n|poke|p2|Garchomp, M|\n|poke|p2|Glimmora, M|\n|poke|p2|Iron Valiant|\n|poke|p2|Kingambit, M|\n|poke|p2|Dragonite, F|\n|teampreview\n|\n|t:|1700291233\n|start\n|switch|p1a: Iron Treads|Iron Treads|100\/100\n|switch|p2a: Glimmora|Glimmora, M|100\/100\n|-enditem|p1a: Iron Treads|Booster Energy\n|-activate|p1a: Iron Treads|ability: Quark Drive|[fromitem]\n|-start|p1a: Iron Treads|quarkdrivespe\n|turn|1\n|j| Jontrendline\n|\n|t:|1700291239\n|move|p1a: Iron Treads|Earth Power|p2a: Glimmora\n|-supereffective|p2a: Glimmora\n|-damage|p2a: Glimmora|0 fnt\n|faint|p2a: Glimmora\n|\n|upkeep\n|j| CunLi567\n|inactive|Battle timer is ON: inactive players will automatically lose when time's up. (requested by Sick Fiesta)\n|j| Lessjelly\n|\n|t:|1700291250\n|switch|p2a: Garchomp|Garchomp, M|100\/100\n|turn|2\n|\n|t:|1700291266\n|move|p1a: Iron Treads|Stealth Rock|p2a: Garchomp\n|-sidestart|p2: chomp Resurection|move: Stealth Rock\n|move|p2a: Garchomp|Swords Dance|p2a: Garchomp\n|-boost|p2a: Garchomp|atk|2\n|\n|upkeep\n|turn|3\n|\n|t:|1700291283\n|move|p1a: Iron Treads|Steel Beam|p2a: Garchomp\n|-damage|p2a: Garchomp|47\/100\n|-damage|p1a: Iron Treads|50\/100|[from] steelbeam\n|move|p2a: Garchomp|Scale Shot|p1a: Iron Treads\n|-resisted|p1a: Iron Treads\n|-damage|p1a: Iron Treads|39\/100\n|-resisted|p1a: Iron Treads\n|-damage|p1a: Iron Treads|28\/100\n|-resisted|p1a: Iron Treads\n|-damage|p1a: Iron Treads|15\/100\n|-resisted|p1a: Iron Treads\n|-damage|p1a: Iron Treads|3\/100\n|-hitcount|p1a: Iron Treads|4\n|-unboost|p2a: Garchomp|def|1\n|-boost|p2a: Garchomp|spe|1\n|\n|upkeep\n|turn|4\n|j| PantyPhantom\n|\n|t:|1700291291\n|move|p1a: Iron Treads|Earth Power|p2a: Garchomp\n|-damage|p2a: Garchomp|12\/100\n|-unboost|p2a: Garchomp|spd|1\n|move|p2a: Garchomp|Scale Shot|p1a: Iron Treads\n|-resisted|p1a: Iron Treads\n|-damage|p1a: Iron Treads|0 fnt\n|faint|p1a: Iron Treads\n|-end|p1a: Iron Treads|Quark Drive|[silent]\n|-hitcount|p1: Iron Treads|1\n|-unboost|p2a: Garchomp|def|1\n|-boost|p2a: Garchomp|spe|1\n|\n|upkeep\n|\n|t:|1700291301\n|switch|p1a: Iron Valiant|Iron Valiant|100\/100\n|-enditem|p1a: Iron Valiant|Booster Energy\n|-activate|p1a: Iron Valiant|ability: Quark Drive|[fromitem]\n|-start|p1a: Iron Valiant|quarkdrivespa\n|turn|5\n|\n|t:|1700291304\n|move|p1a: Iron Valiant|Vacuum Wave|p2a: Garchomp\n|-damage|p2a: Garchomp|0 fnt\n|faint|p2a: Garchomp\n|\n|upkeep\n|\n|t:|1700291318\n|switch|p2a: Ninetales|Ninetales-Alola, M|100\/100\n|-damage|p2a: Ninetales|76\/100|[from] Stealth Rock\n|-weather|Snow|[from] ability: Snow Warning|[of] p2a: Ninetales\n|turn|6\n|\n|t:|1700291323\n|move|p2a: Ninetales|Aurora Veil|p2a: Ninetales\n|-sidestart|p2: chomp Resurection|move: Aurora Veil\n|move|p1a: Iron Valiant|Moonblast|p2a: Ninetales\n|-damage|p2a: Ninetales|41\/100\n|-unboost|p2a: Ninetales|spa|1\n|\n|-weather|Snow|[upkeep]\n|upkeep\n|turn|7\n|\n|t:|1700291350\n|-end|p1a: Iron Valiant|Quark Drive|[silent]\n|switch|p1a: Zapdos|Zapdos|100\/100\n|move|p2a: Ninetales|Moonblast|p1a: Zapdos\n|-damage|p1a: Zapdos|85\/100\n|\n|-weather|Snow|[upkeep]\n|upkeep\n|turn|8\n|\n|t:|1700291361\n|switch|p2a: Kingambit|Kingambit, M|100\/100\n|-damage|p2a: Kingambit|94\/100|[from] Stealth Rock\n|-activate|p2a: Kingambit|ability: Supreme Overlord\n|-start|p2a: Kingambit|fallen2|[silent]\n|move|p1a: Zapdos|U-turn|p2a: Kingambit\n|-damage|p2a: Kingambit|89\/100\n|j| Neutralist\n|l| CunLi567\n|inactive|Sick Fiesta has 120 seconds left.\n|\n|t:|1700291379\n|switch|p1a: Dragapult|Dragapult, F|100\/100|[from] U-turn\n|\n|-weather|Snow|[upkeep]\n|upkeep\n|turn|9\n|\n|t:|1700291383\n|move|p1a: Dragapult|Will-O-Wisp|p2a: Kingambit|[miss]\n|-miss|p1a: Dragapult|p2a: Kingambit\n|move|p2a: Kingambit|Kowtow Cleave|p1a: Dragapult\n|-supereffective|p1a: Dragapult\n|-damage|p1a: Dragapult|0 fnt\n|faint|p1a: Dragapult\n|\n|-weather|Snow|[upkeep]\n|upkeep\n|\n|t:|1700291394\n|switch|p1a: Garganacl|Garganacl, F|100\/100\n|turn|10\n|\n|t:|1700291402\n|-terastallize|p1a: Garganacl|Poison\n|move|p2a: Kingambit|Iron Head|p1a: Garganacl\n|-damage|p1a: Garganacl|60\/100\n|move|p1a: Garganacl|Iron Defense|p1a: Garganacl\n|-boost|p1a: Garganacl|def|2\n|\n|-weather|none\n|-heal|p1a: Garganacl|66\/100|[from] item: Leftovers\n|upkeep\n|turn|11\n|\n|t:|1700291416\n|move|p2a: Kingambit|Kowtow Cleave|p1a: Garganacl\n|-damage|p1a: Garganacl|48\/100\n|move|p1a: Garganacl|Recover|p1a: Garganacl\n|-heal|p1a: Garganacl|98\/100\n|\n|-heal|p1a: Garganacl|100\/100|[from] item: Leftovers\n|upkeep\n|turn|12\n|\n|t:|1700291426\n|-end|p2a: Kingambit|fallen2|[silent]\n|switch|p2a: Ninetales|Ninetales-Alola, M|41\/100\n|-damage|p2a: Ninetales|16\/100|[from] Stealth Rock\n|-weather|Snow|[from] ability: Snow Warning|[of] p2a: Ninetales\n|move|p1a: Garganacl|Iron Defense|p1a: Garganacl\n|-boost|p1a: Garganacl|def|2\n|\n|-weather|Snow|[upkeep]\n|upkeep\n|turn|13\n|\n|t:|1700291439\n|switch|p1a: Meowscarada|Meowscarada, F|100\/100\n|move|p2a: Ninetales|Encore||[still]\n|-fail|p2a: Ninetales\n|\n|-weather|Snow|[upkeep]\n|-sideend|p2: chomp Resurection|move: Aurora Veil\n|upkeep\n|turn|14\n|\n|t:|1700291456\n|move|p1a: Meowscarada|Knock Off|p2a: Ninetales\n|-start|p1a: Meowscarada|typechange|Dark|[from] ability: Protean\n|-resisted|p2a: Ninetales\n|-damage|p2a: Ninetales|0 fnt\n|-enditem|p2a: Ninetales|Light Clay|[from] move: Knock Off|[of] p1a: Meowscarada\n|faint|p2a: Ninetales\n|\n|-weather|Snow|[upkeep]\n|upkeep\n|\n|t:|1700291471\n|switch|p2a: Iron Valiant|Iron Valiant|100\/100\n|-damage|p2a: Iron Valiant|94\/100|[from] Stealth Rock\n|-enditem|p2a: Iron Valiant|Booster Energy\n|-activate|p2a: Iron Valiant|ability: Quark Drive|[fromitem]\n|-start|p2a: Iron Valiant|quarkdrivespe\n|turn|15\n|\n|t:|1700291478\n|switch|p1a: Garganacl|Garganacl, F, tera:Poison|100\/100\n|move|p2a: Iron Valiant|Moonblast|p1a: Garganacl\n|-resisted|p1a: Garganacl\n|-damage|p1a: Garganacl|84\/100\n|\n|-weather|Snow|[upkeep]\n|-heal|p1a: Garganacl|91\/100|[from] item: Leftovers\n|upkeep\n|turn|16\n|\n|t:|1700291483\n|-end|p2a: Iron Valiant|Quark Drive|[silent]\n|switch|p2a: The Dick Smasher|Dragonite, F|100\/100\n|-damage|p2a: The Dick Smasher|76\/100|[from] Stealth Rock\n|move|p1a: Garganacl|Salt Cure|p2a: The Dick Smasher\n|-supereffective|p2a: The Dick Smasher\n|-damage|p2a: The Dick Smasher|50\/100\n|-start|p2a: The Dick Smasher|Salt Cure\n|\n|-weather|none\n|-heal|p1a: Garganacl|97\/100|[from] item: Leftovers\n|-damage|p2a: The Dick Smasher|38\/100|[from] Salt Cure\n|upkeep\n|turn|17\n|\n|t:|1700291498\n|switch|p1a: Zapdos|Zapdos|85\/100\n|move|p2a: The Dick Smasher|Earthquake|p1a: Zapdos\n|-immune|p1a: Zapdos\n|\n|-damage|p2a: The Dick Smasher|25\/100|[from] Salt Cure\n|upkeep\n|turn|18\n|c| Neutralist|why is he called that\n|-message|chomp Resurection forfeited.\n|\n|win|Sick Fiesta\n|raw|Sick Fiesta's rating: 1561 &rarr; <strong>1580<\/strong><br \/>(+19 for winning)\n|raw|chomp Resurection's rating: 1552 &rarr; <strong>1533<\/strong><br \/>(-19 for losing)\n|l|\u2606chomp Resurection\n|l| Neutralist\n","uploadtime":1700291526,"views":19,"p1id":"sickfiesta","p2id":"chompresurection","formatid":"gen9ou","rating":1533,"private":0,"password":""}