{"id":"gen9ou-1991364574","p1":"Cinny69","p2":"Remitos26","format":"[Gen 9] OU","log":"|j|\u2606Cinny69\n|j|\u2606Remitos26\n|t:|1700070997\n|gametype|singles\n|player|p1|Cinny69|rika|1398\n|player|p2|Remitos26|ghetsis-gen5bw|1394\n|teamsize|p1|6\n|teamsize|p2|6\n|gen|9\n|tier|[Gen 9] OU\n|rated|\n|rule|Sleep Clause Mod: Limit one foe put to sleep\n|rule|Species Clause: Limit one of each Pok\u00e9mon\n|rule|OHKO Clause: OHKO moves are banned\n|rule|Evasion Items Clause: Evasion items are banned\n|rule|Evasion Moves Clause: Evasion moves are banned\n|rule|Endless Battle Clause: Forcing endless battles is banned\n|rule|HP Percentage Mod: HP is shown in percentages\n|clearpoke\n|poke|p1|Revavroom, M|\n|poke|p1|Iron Valiant|\n|poke|p1|Hydreigon, F|\n|poke|p1|Zapdos|\n|poke|p1|Great Tusk|\n|poke|p1|Garganacl, M|\n|poke|p2|Politoed, F|\n|poke|p2|Greninja-*, M|\n|poke|p2|Landorus-Therian, M|\n|poke|p2|Rillaboom, M|\n|poke|p2|Basculegion, M|\n|poke|p2|Iron Jugulis|\n|teampreview\n|inactive|Battle timer is ON: inactive players will automatically lose when time's up. (requested by Cinny69)\n|\n|t:|1700071014\n|start\n|switch|p1a: Zapdos|Zapdos|100\/100\n|switch|p2a: Landorus|Landorus-Therian, M, shiny|100\/100\n|-ability|p2a: Landorus|Intimidate|boost\n|-unboost|p1a: Zapdos|atk|1\n|turn|1\n|\n|t:|1700071022\n|move|p1a: Zapdos|Heat Wave|p2a: Landorus\n|-damage|p2a: Landorus|73\/100\n|-enditem|p2a: Landorus|Eject Button\n|\n|t:|1700071030\n|switch|p2a: Politoed|Politoed, F, shiny|100\/100\n|-weather|RainDance|[from] ability: Drizzle|[of] p2a: Politoed\n|\n|-weather|RainDance|[upkeep]\n|upkeep\n|turn|2\n|\n|t:|1700071037\n|move|p1a: Zapdos|Discharge|p2a: Politoed\n|-supereffective|p2a: Politoed\n|-damage|p2a: Politoed|52\/100\n|move|p2a: Politoed|Encore|p1a: Zapdos\n|-start|p1a: Zapdos|Encore\n|\n|-weather|RainDance|[upkeep]\n|upkeep\n|turn|3\n|\n|t:|1700071045\n|switch|p2a: Landorus|Landorus-Therian, M, shiny|73\/100\n|-ability|p2a: Landorus|Intimidate|boost\n|-unboost|p1a: Zapdos|atk|1\n|move|p1a: Zapdos|Discharge|p2a: Landorus\n|-immune|p2a: Landorus\n|\n|-weather|RainDance|[upkeep]\n|upkeep\n|turn|4\n|\n|t:|1700071054\n|move|p1a: Zapdos|Discharge|p2a: Landorus\n|-immune|p2a: Landorus\n|move|p2a: Landorus|Stealth Rock|p1a: Zapdos\n|-sidestart|p1: Cinny69|move: Stealth Rock\n|\n|-weather|RainDance|[upkeep]\n|upkeep\n|turn|5\n|\n|t:|1700071061\n|move|p1a: Zapdos|Discharge|p2a: Landorus\n|-immune|p2a: Landorus\n|move|p2a: Landorus|Smack Down|p1a: Zapdos\n|-supereffective|p1a: Zapdos\n|-damage|p1a: Zapdos|73\/100\n|-start|p1a: Zapdos|Smack Down\n|\n|-weather|RainDance|[upkeep]\n|-end|p1a: Zapdos|Encore\n|upkeep\n|turn|6\n|\n|t:|1700071072\n|move|p1a: Zapdos|Hurricane|p2a: Landorus\n|-damage|p2a: Landorus|22\/100\n|move|p2a: Landorus|Sandsear Storm|p1a: Zapdos\n|-supereffective|p1a: Zapdos\n|-damage|p1a: Zapdos|19\/100\n|\n|-weather|RainDance|[upkeep]\n|upkeep\n|turn|7\n|\n|t:|1700071082\n|move|p1a: Zapdos|Hurricane|p2a: Landorus\n|-damage|p2a: Landorus|0 fnt\n|faint|p2a: Landorus\n|\n|-weather|RainDance|[upkeep]\n|upkeep\n|\n|t:|1700071086\n|switch|p2a: Greninja|Greninja, M|100\/100\n|turn|8\n|\n|t:|1700071093\n|move|p2a: Greninja|Water Shuriken|p1a: Zapdos\n|-damage|p1a: Zapdos|10\/100\n|-damage|p1a: Zapdos|1\/100\n|-damage|p1a: Zapdos|0 fnt\n|faint|p1a: Zapdos\n|-ability|p2a: Greninja|Battle Bond|boost\n|-boost|p2a: Greninja|atk|1\n|-boost|p2a: Greninja|spa|1\n|-boost|p2a: Greninja|spe|1\n|-activate|p2a: Greninja|ability: Battle Bond\n|-hitcount|p1: Zapdos|3\n|-damage|p2a: Greninja|91\/100|[from] item: Life Orb\n|\n|-weather|none\n|upkeep\n|\n|t:|1700071106\n|switch|p1a: Garganacl|Garganacl, M|100\/100\n|-damage|p1a: Garganacl|88\/100|[from] Stealth Rock\n|turn|9\n|\n|t:|1700071116\n|-terastallize|p1a: Garganacl|Water\n|move|p2a: Greninja|Hydro Pump|p1a: Garganacl\n|-resisted|p1a: Garganacl\n|-damage|p1a: Garganacl|55\/100\n|-damage|p2a: Greninja|81\/100|[from] item: Life Orb\n|move|p1a: Garganacl|Iron Defense|p1a: Garganacl\n|-boost|p1a: Garganacl|def|2\n|\n|-heal|p1a: Garganacl|61\/100|[from] item: Leftovers\n|upkeep\n|turn|10\n|\n|t:|1700071132\n|switch|p2a: Politoed|Politoed, F, shiny|52\/100\n|-weather|RainDance|[from] ability: Drizzle|[of] p2a: Politoed\n|move|p1a: Garganacl|Salt Cure|p2a: Politoed\n|-damage|p2a: Politoed|37\/100\n|-start|p2a: Politoed|Salt Cure\n|\n|-weather|RainDance|[upkeep]\n|-heal|p1a: Garganacl|68\/100|[from] item: Leftovers\n|-damage|p2a: Politoed|12\/100|[from] Salt Cure\n|upkeep\n|turn|11\n|\n|t:|1700071144\n|move|p2a: Politoed|Hypnosis|p1a: Garganacl\n|-immune|p1a: Garganacl|[from] ability: Purifying Salt\n|move|p1a: Garganacl|Recover|p1a: Garganacl\n|-heal|p1a: Garganacl|100\/100\n|\n|-weather|RainDance|[upkeep]\n|-damage|p2a: Politoed|0 fnt|[from] Salt Cure\n|faint|p2a: Politoed\n|upkeep\n|\n|t:|1700071147\n|switch|p2a: Rillaboom|Rillaboom, M, shiny|100\/100\n|-fieldstart|move: Grassy Terrain|[from] ability: Grassy Surge|[of] p2a: Rillaboom\n|turn|12\n|\n|t:|1700071158\n|-terastallize|p2a: Rillaboom|Grass\n|move|p2a: Rillaboom|Wood Hammer|p1a: Garganacl\n|-supereffective|p1a: Garganacl\n|-damage|p1a: Garganacl|0 fnt\n|faint|p1a: Garganacl\n|-damage|p2a: Rillaboom|66\/100|[from] Recoil\n|\n|-weather|RainDance|[upkeep]\n|-heal|p2a: Rillaboom|73\/100|[from] Grassy Terrain\n|upkeep\n|\n|t:|1700071171\n|switch|p1a: Hydreigon|Hydreigon, F, shiny|100\/100\n|-damage|p1a: Hydreigon|88\/100|[from] Stealth Rock\n|turn|13\n|\n|t:|1700071175\n|move|p1a: Hydreigon|Draco Meteor|p2a: Rillaboom\n|-damage|p2a: Rillaboom|0 fnt\n|-unboost|p1a: Hydreigon|spa|2\n|faint|p2a: Rillaboom\n|\n|-weather|RainDance|[upkeep]\n|-heal|p1a: Hydreigon|94\/100|[from] item: Leftovers\n|upkeep\n|\n|t:|1700071201\n|switch|p2a: Greninja|Greninja, M|81\/100\n|turn|14\n|\n|t:|1700071219\n|switch|p1a: Great Tusk|Great Tusk|100\/100\n|-damage|p1a: Great Tusk|98\/100|[from] Stealth Rock\n|move|p2a: Greninja|Ice Beam|p1a: Great Tusk\n|-supereffective|p1a: Great Tusk\n|-damage|p1a: Great Tusk|59\/100\n|-damage|p2a: Greninja|71\/100|[from] item: Life Orb\n|\n|-weather|RainDance|[upkeep]\n|-heal|p2a: Greninja|77\/100|[from] Grassy Terrain\n|-heal|p1a: Great Tusk|65\/100|[from] Grassy Terrain\n|upkeep\n|turn|15\n|\n|t:|1700071233\n|move|p2a: Greninja|Hydro Pump|p1a: Great Tusk|[miss]\n|-miss|p2a: Greninja|p1a: Great Tusk\n|move|p1a: Great Tusk|Headlong Rush|p2a: Greninja\n|-damage|p2a: Greninja|0 fnt\n|-unboost|p1a: Great Tusk|def|1\n|-unboost|p1a: Great Tusk|spd|1\n|faint|p2a: Greninja\n|\n|-weather|RainDance|[upkeep]\n|-heal|p1a: Great Tusk|71\/100|[from] Grassy Terrain\n|upkeep\n|\n|t:|1700071238\n|switch|p2a: Basculegion|Basculegion, M, shiny|100\/100\n|turn|16\n|\n|t:|1700071246\n|move|p2a: Basculegion|Wave Crash|p1a: Great Tusk\n|-supereffective|p1a: Great Tusk\n|-damage|p1a: Great Tusk|0 fnt\n|faint|p1a: Great Tusk\n|-end|p1a: Great Tusk|Protosynthesis|[silent]\n|-damage|p2a: Basculegion|74\/100|[from] Recoil\n|\n|-weather|RainDance|[upkeep]\n|-heal|p2a: Basculegion|80\/100|[from] Grassy Terrain\n|-fieldend|move: Grassy Terrain\n|upkeep\n|\n|t:|1700071255\n|switch|p1a: Hydreigon|Hydreigon, F, shiny|94\/100\n|-damage|p1a: Hydreigon|82\/100|[from] Stealth Rock\n|turn|17\n|\n|t:|1700071260\n|move|p2a: Basculegion|Wave Crash|p1a: Hydreigon\n|-resisted|p1a: Hydreigon\n|-damage|p1a: Hydreigon|6\/100\n|-damage|p2a: Basculegion|59\/100|[from] Recoil\n|move|p1a: Hydreigon|Dark Pulse|p2a: Basculegion\n|-supereffective|p2a: Basculegion\n|-damage|p2a: Basculegion|0 fnt\n|faint|p2a: Basculegion\n|\n|-weather|none\n|-heal|p1a: Hydreigon|12\/100|[from] item: Leftovers\n|upkeep\n|\n|t:|1700071262\n|switch|p2a: Iron Jugulis|Iron Jugulis, shiny|100\/100\n|-enditem|p2a: Iron Jugulis|Booster Energy\n|-activate|p2a: Iron Jugulis|ability: Quark Drive|[fromitem]\n|-start|p2a: Iron Jugulis|quarkdrivespe\n|turn|18\n|\n|t:|1700071275\n|move|p2a: Iron Jugulis|Knock Off|p1a: Hydreigon\n|-resisted|p1a: Hydreigon\n|-damage|p1a: Hydreigon|0 fnt\n|-enditem|p1a: Hydreigon|Leftovers|[from] move: Knock Off|[of] p2a: Iron Jugulis\n|faint|p1a: Hydreigon\n|\n|upkeep\n|\n|t:|1700071281\n|switch|p1a: Iron Valiant|Iron Valiant, shiny|100\/100\n|-damage|p1a: Iron Valiant|94\/100|[from] Stealth Rock\n|-enditem|p1a: Iron Valiant|Booster Energy\n|-activate|p1a: Iron Valiant|ability: Quark Drive|[fromitem]\n|-start|p1a: Iron Valiant|quarkdrivespe\n|turn|19\n|\n|t:|1700071287\n|move|p1a: Iron Valiant|Encore|p2a: Iron Jugulis\n|-start|p2a: Iron Jugulis|Encore\n|move|p2a: Iron Jugulis|Knock Off|p1a: Iron Valiant\n|-resisted|p1a: Iron Valiant\n|-damage|p1a: Iron Valiant|89\/100\n|\n|upkeep\n|turn|20\n|\n|t:|1700071293\n|move|p1a: Iron Valiant|Moonblast|p2a: Iron Jugulis\n|-supereffective|p2a: Iron Jugulis\n|-damage|p2a: Iron Jugulis|0 fnt\n|faint|p2a: Iron Jugulis\n|-end|p2a: Iron Jugulis|Quark Drive|[silent]\n|\n|win|Cinny69\n|raw|Cinny69's rating: 1398 &rarr; <strong>1418<\/strong><br \/>(+20 for winning)\n|raw|Remitos26's rating: 1394 &rarr; <strong>1374<\/strong><br \/>(-20 for losing)\n|l|\u2606Remitos26\n","uploadtime":1700071300,"views":8,"p1id":"cinny69","p2id":"remitos26","formatid":"gen9ou","rating":1374,"private":0,"password":""}