{"id":"gen9ou-1996113721","p1":"Fulliet","p2":"Mor0se","format":"[Gen 9] OU","log":"|j|\u2606Fulliet\n|j|\u2606Mor0se\n|t:|1700646207\n|gametype|singles\n|player|p1|Fulliet|kimonogirl|1057\n|player|p2|Mor0se|marshal|1052\n|teamsize|p1|6\n|teamsize|p2|4\n|gen|9\n|tier|[Gen 9] OU\n|rated|\n|rule|Sleep Clause Mod: Limit one foe put to sleep\n|rule|Species Clause: Limit one of each Pok\u00e9mon\n|rule|OHKO Clause: OHKO moves are banned\n|rule|Evasion Items Clause: Evasion items are banned\n|rule|Evasion Moves Clause: Evasion moves are banned\n|rule|Endless Battle Clause: Forcing endless battles is banned\n|rule|HP Percentage Mod: HP is shown in percentages\n|clearpoke\n|poke|p1|Ogerpon-Wellspring, F|\n|poke|p1|Walking Wake|\n|poke|p1|Slowking-Galar, M|\n|poke|p1|Ceruledge, F|\n|poke|p1|Iron Valiant|\n|poke|p1|Rillaboom, M|\n|poke|p2|Dudunsparce-*, M|\n|poke|p2|Murkrow, M|\n|poke|p2|Slowbro, F|\n|poke|p2|Hatterene, F|\n|teampreview\n|\n|t:|1700646220\n|start\n|switch|p1a: Slowking|Slowking-Galar, M|100\/100\n|switch|p2a: Murkrow|Murkrow, M|100\/100\n|turn|1\n|\n|t:|1700646234\n|move|p2a: Murkrow|Taunt|p1a: Slowking\n|-start|p1a: Slowking|move: Taunt\n|cant|p1a: Slowking|move: Taunt|Toxic Spikes\n|\n|upkeep\n|turn|2\n|\n|t:|1700646241\n|move|p2a: Murkrow|Thunder Wave|p1a: Slowking\n|-status|p1a: Slowking|par\n|cant|p1a: Slowking|par\n|\n|upkeep\n|turn|3\n|\n|t:|1700646254\n|move|p2a: Murkrow|Protect|p2a: Murkrow\n|-singleturn|p2a: Murkrow|Protect\n|move|p1a: Slowking|Sludge Bomb|p2a: Murkrow\n|-activate|p2a: Murkrow|move: Protect\n|\n|-end|p1a: Slowking|move: Taunt\n|upkeep\n|turn|4\n|\n|t:|1700646261\n|move|p2a: Murkrow|Taunt|p1a: Slowking\n|-start|p1a: Slowking|move: Taunt\n|move|p1a: Slowking|Sludge Bomb|p2a: Murkrow\n|-damage|p2a: Murkrow|47\/100\n|-status|p2a: Murkrow|psn\n|\n|-damage|p2a: Murkrow|35\/100 psn|[from] psn\n|upkeep\n|turn|5\n|\n|t:|1700646272\n|switch|p2a: Dudunsparce|Dudunsparce-Three-Segment, M, shiny|100\/100\n|move|p1a: Slowking|Sludge Bomb|p2a: Dudunsparce\n|-damage|p2a: Dudunsparce|65\/100\n|-status|p2a: Dudunsparce|psn\n|\n|-damage|p2a: Dudunsparce|53\/100 psn|[from] psn\n|upkeep\n|turn|6\n|\n|t:|1700646287\n|move|p2a: Dudunsparce|Rock Slide|p1a: Slowking\n|-damage|p1a: Slowking|82\/100 par\n|cant|p1a: Slowking|flinch\n|\n|-damage|p2a: Dudunsparce|41\/100 psn|[from] psn\n|-end|p1a: Slowking|move: Taunt\n|upkeep\n|turn|7\n|\n|t:|1700646294\n|move|p2a: Dudunsparce|Rock Slide|p1a: Slowking|[miss]\n|-miss|p2a: Dudunsparce|p1a: Slowking\n|cant|p1a: Slowking|par\n|\n|-damage|p2a: Dudunsparce|28\/100 psn|[from] psn\n|upkeep\n|turn|8\n|\n|t:|1700646302\n|move|p2a: Dudunsparce|Rock Slide|p1a: Slowking\n|-damage|p1a: Slowking|64\/100 par\n|cant|p1a: Slowking|flinch\n|\n|-damage|p2a: Dudunsparce|16\/100 psn|[from] psn\n|upkeep\n|turn|9\n|\n|t:|1700646309\n|move|p2a: Dudunsparce|Roost|p2a: Dudunsparce\n|-heal|p2a: Dudunsparce|66\/100 psn\n|-singleturn|p2a: Dudunsparce|move: Roost\n|move|p1a: Slowking|Toxic Spikes|p2a: Dudunsparce\n|-sidestart|p2: Mor0se|move: Toxic Spikes\n|\n|-damage|p2a: Dudunsparce|54\/100 psn|[from] psn\n|upkeep\n|turn|10\n|\n|t:|1700646316\n|move|p2a: Dudunsparce|Rock Slide|p1a: Slowking\n|-damage|p1a: Slowking|45\/100 par\n|cant|p1a: Slowking|par\n|\n|-damage|p2a: Dudunsparce|42\/100 psn|[from] psn\n|upkeep\n|turn|11\n|\n|t:|1700646331\n|move|p2a: Dudunsparce|Rock Slide|p1a: Slowking\n|-damage|p1a: Slowking|26\/100 par\n|cant|p1a: Slowking|flinch\n|\n|-damage|p2a: Dudunsparce|29\/100 psn|[from] psn\n|upkeep\n|turn|12\n|\n|t:|1700646341\n|move|p2a: Dudunsparce|Roost|p2a: Dudunsparce\n|-heal|p2a: Dudunsparce|80\/100 psn\n|-singleturn|p2a: Dudunsparce|move: Roost\n|move|p1a: Slowking|Sludge Bomb|p2a: Dudunsparce\n|-damage|p2a: Dudunsparce|47\/100 psn\n|\n|-damage|p2a: Dudunsparce|34\/100 psn|[from] psn\n|upkeep\n|turn|13\n|\n|t:|1700646349\n|move|p2a: Dudunsparce|Rock Slide|p1a: Slowking\n|-damage|p1a: Slowking|7\/100 par\n|move|p1a: Slowking|Sludge Bomb|p2a: Dudunsparce\n|-damage|p2a: Dudunsparce|3\/100 psn\n|\n|-damage|p2a: Dudunsparce|0 fnt|[from] psn\n|faint|p2a: Dudunsparce\n|upkeep\n|\n|t:|1700646358\n|switch|p2a: Hatterene|Hatterene, F|100\/100\n|-status|p2a: Hatterene|psn\n|turn|14\n|\n|t:|1700646368\n|switch|p2a: Slowbro|Slowbro, F|100\/100\n|-status|p2a: Slowbro|psn\n|cant|p1a: Slowking|par\n|\n|-damage|p2a: Slowbro|88\/100 psn|[from] psn\n|upkeep\n|turn|15\n|\n|t:|1700646379\n|move|p2a: Slowbro|Hydro Pump|p1a: Slowking\n|-damage|p1a: Slowking|0 fnt\n|faint|p1a: Slowking\n|\n|-heal|p2a: Slowbro|94\/100 psn|[from] item: Leftovers\n|-damage|p2a: Slowbro|82\/100 psn|[from] psn\n|upkeep\n|\n|t:|1700646392\n|switch|p1a: Rillaboom|Rillaboom, M|100\/100\n|-fieldstart|move: Grassy Terrain|[from] ability: Grassy Surge|[of] p1a: Rillaboom\n|turn|16\n|\n|t:|1700646401\n|move|p1a: Rillaboom|Drum Beating|p2a: Slowbro\n|-supereffective|p2a: Slowbro\n|-damage|p2a: Slowbro|14\/100 psn\n|-unboost|p2a: Slowbro|spe|1\n|move|p2a: Slowbro|Flamethrower|p1a: Rillaboom\n|-supereffective|p1a: Rillaboom\n|-damage|p1a: Rillaboom|44\/100\n|\n|-heal|p1a: Rillaboom|50\/100|[from] Grassy Terrain\n|-heal|p2a: Slowbro|20\/100 psn|[from] Grassy Terrain\n|-heal|p2a: Slowbro|26\/100 psn|[from] item: Leftovers\n|-damage|p2a: Slowbro|14\/100 psn|[from] psn\n|upkeep\n|turn|17\n|\n|t:|1700646414\n|switch|p2a: Hatterene|Hatterene, F|100\/100 psn\n|move|p1a: Rillaboom|Drain Punch|p2a: Hatterene\n|-resisted|p2a: Hatterene\n|-crit|p2a: Hatterene\n|-damage|p2a: Hatterene|88\/100 psn\n|-heal|p1a: Rillaboom|55\/100|[from] drain|[of] p2a: Hatterene\n|\n|-heal|p1a: Rillaboom|61\/100|[from] Grassy Terrain\n|-heal|p2a: Hatterene|94\/100 psn|[from] Grassy Terrain\n|-damage|p2a: Hatterene|82\/100 psn|[from] psn\n|upkeep\n|turn|18\n|\n|t:|1700646429\n|move|p1a: Rillaboom|Drum Beating|p2a: Hatterene\n|-damage|p2a: Hatterene|13\/100 psn\n|-unboost|p2a: Hatterene|spe|1\n|move|p2a: Hatterene|Trick|p1a: Rillaboom\n|-activate|p2a: Hatterene|move: Trick|[of] p1a: Rillaboom\n|-item|p1a: Rillaboom|Choice Scarf|[from] move: Trick\n|-item|p2a: Hatterene|Terrain Extender|[from] move: Trick\n|\n|-heal|p1a: Rillaboom|67\/100|[from] Grassy Terrain\n|-heal|p2a: Hatterene|19\/100 psn|[from] Grassy Terrain\n|-damage|p2a: Hatterene|7\/100 psn|[from] psn\n|upkeep\n|turn|19\n|\n|t:|1700646442\n|move|p1a: Rillaboom|Drum Beating|p2a: Hatterene\n|-damage|p2a: Hatterene|0 fnt\n|faint|p2a: Hatterene\n|\n|-heal|p1a: Rillaboom|74\/100|[from] Grassy Terrain\n|upkeep\n|\n|t:|1700646451\n|switch|p2a: Murkrow|Murkrow, M|35\/100 psn\n|turn|20\n|\n|t:|1700646472\n|move|p2a: Murkrow|Thunder Wave|p1a: Rillaboom\n|-status|p1a: Rillaboom|par\n|move|p1a: Rillaboom|Drum Beating|p2a: Murkrow\n|-resisted|p2a: Murkrow\n|-damage|p2a: Murkrow|0 fnt\n|faint|p2a: Murkrow\n|\n|-heal|p1a: Rillaboom|80\/100 par|[from] Grassy Terrain\n|upkeep\n|\n|t:|1700646480\n|switch|p2a: Slowbro|Slowbro, F|47\/100 psn\n|turn|21\n|\n|t:|1700646485\n|move|p1a: Rillaboom|Drum Beating|p2a: Slowbro\n|-supereffective|p2a: Slowbro\n|-damage|p2a: Slowbro|0 fnt\n|faint|p2a: Slowbro\n|\n|win|Fulliet\n|raw|Fulliet's rating: 1057 &rarr; <strong>1088<\/strong><br \/>(+31 for winning)\n|raw|Mor0se's rating: 1052 &rarr; <strong>1034<\/strong><br \/>(-18 for losing)\n|l|\u2606Mor0se\n","uploadtime":1700646506,"views":2,"p1id":"fulliet","p2id":"mor0se","formatid":"gen9ou","rating":1034,"private":0,"password":""}