{"id":"gen9ou-1991817466","p1":"Mr Big Legs","p2":"matesintomate","format":"[Gen 9] OU","log":"|j|\u2606Mr Big Legs\n|j|\u2606matesintomate\n|t:|1700122778\n|gametype|singles\n|player|p1|Mr Big Legs|bruno|1330\n|player|p2|matesintomate|harlequin|1392\n|teamsize|p1|6\n|teamsize|p2|6\n|gen|9\n|tier|[Gen 9] OU\n|rated|\n|rule|Sleep Clause Mod: Limit one foe put to sleep\n|rule|Species Clause: Limit one of each Pok\u00e9mon\n|rule|OHKO Clause: OHKO moves are banned\n|rule|Evasion Items Clause: Evasion items are banned\n|rule|Evasion Moves Clause: Evasion moves are banned\n|rule|Endless Battle Clause: Forcing endless battles is banned\n|rule|HP Percentage Mod: HP is shown in percentages\n|clearpoke\n|poke|p1|Magcargo, M|\n|poke|p1|Ninetales-Alola, M|\n|poke|p1|Garchomp, F|\n|poke|p1|Landorus-Therian, M|\n|poke|p1|Gholdengo|\n|poke|p1|Blissey, F|\n|poke|p2|Milotic, F|\n|poke|p2|Meowscarada, M|\n|poke|p2|Sandy Shocks|\n|poke|p2|Great Tusk|\n|poke|p2|Clodsire, F|\n|poke|p2|Weezing-Galar, F|\n|teampreview\n|inactive|Battle timer is ON: inactive players will automatically lose when time's up. (requested by Mr Big Legs)\n|\n|t:|1700122791\n|start\n|switch|p1a: Garchomp|Garchomp, F|100\/100\n|switch|p2a: Sandy Shocks|Sandy Shocks|100\/100\n|turn|1\n|\n|t:|1700122809\n|-terastallize|p2a: Sandy Shocks|Ice\n|move|p2a: Sandy Shocks|Tera Blast|p1a: Garchomp|[anim] Tera Blast Ice\n|-supereffective|p1a: Garchomp\n|-damage|p1a: Garchomp|0 fnt\n|faint|p1a: Garchomp\n|\n|upkeep\n|\n|t:|1700122817\n|switch|p1a: Ninetales|Ninetales-Alola, M|100\/100\n|-weather|Snow|[from] ability: Snow Warning|[of] p1a: Ninetales\n|turn|2\n|\n|t:|1700122827\n|-end|p2a: Sandy Shocks|Protosynthesis|[silent]\n|switch|p2a: Clodsire|Clodsire, F|100\/100\n|move|p1a: Ninetales|Aurora Veil|p1a: Ninetales\n|-sidestart|p1: Mr Big Legs|move: Aurora Veil\n|\n|-weather|Snow|[upkeep]\n|upkeep\n|turn|3\n|\n|t:|1700122832\n|move|p1a: Ninetales|Blizzard|p2a: Clodsire\n|-supereffective|p2a: Clodsire\n|-damage|p2a: Clodsire|48\/100\n|move|p2a: Clodsire|Gunk Shot|p1a: Ninetales\n|-supereffective|p1a: Ninetales\n|-damage|p1a: Ninetales|58\/100\n|-status|p1a: Ninetales|psn\n|\n|-weather|Snow|[upkeep]\n|-heal|p2a: Clodsire|54\/100|[from] item: Leftovers\n|-damage|p1a: Ninetales|46\/100 psn|[from] psn\n|upkeep\n|turn|4\n|\n|t:|1700122847\n|switch|p2a: Milotic|Milotic, F, shiny|100\/100\n|move|p1a: Ninetales|Blizzard|p2a: Milotic\n|-resisted|p2a: Milotic\n|-damage|p2a: Milotic|90\/100\n|\n|-weather|Snow|[upkeep]\n|-heal|p2a: Milotic|96\/100|[from] item: Leftovers\n|-damage|p1a: Ninetales|34\/100 psn|[from] psn\n|upkeep\n|turn|5\n|\n|t:|1700122856\n|switch|p1a: Blissey|Blissey, F|100\/100\n|move|p2a: Milotic|Scald|p1a: Blissey\n|-damage|p1a: Blissey|97\/100\n|\n|-weather|Snow|[upkeep]\n|-heal|p2a: Milotic|100\/100|[from] item: Leftovers\n|-heal|p1a: Blissey|100\/100|[from] item: Leftovers\n|upkeep\n|turn|6\n|\n|t:|1700122867\n|switch|p2a: Clodsire|Clodsire, F|54\/100\n|move|p1a: Blissey|Heal Bell|p1a: Blissey\n|-activate|p1a: Blissey|move: Heal Bell\n|-curestatus|p1: Ninetales|psn|[msg]\n|\n|-weather|none\n|-heal|p2a: Clodsire|61\/100|[from] item: Leftovers\n|upkeep\n|turn|7\n|\n|t:|1700122883\n|switch|p1a: Gholdengo|Gholdengo|100\/100\n|move|p2a: Clodsire|Earthquake|p1a: Gholdengo\n|-supereffective|p1a: Gholdengo\n|-damage|p1a: Gholdengo|59\/100\n|\n|-heal|p2a: Clodsire|67\/100|[from] item: Leftovers\n|upkeep\n|turn|8\n|\n|t:|1700122891\n|move|p1a: Gholdengo|Trick|p2a: Clodsire\n|-activate|p1a: Gholdengo|move: Trick|[of] p2a: Clodsire\n|-item|p2a: Clodsire|Choice Specs|[from] move: Trick\n|-item|p1a: Gholdengo|Leftovers|[from] move: Trick\n|move|p2a: Clodsire|Earthquake|p1a: Gholdengo\n|-supereffective|p1a: Gholdengo\n|-damage|p1a: Gholdengo|22\/100\n|\n|-heal|p1a: Gholdengo|28\/100|[from] item: Leftovers\n|upkeep\n|turn|9\n|\n|t:|1700122904\n|switch|p1a: Landorus|Landorus-Therian, M|100\/100\n|-ability|p1a: Landorus|Intimidate|boost\n|-unboost|p2a: Clodsire|atk|1\n|move|p2a: Clodsire|Earthquake|p1a: Landorus\n|-immune|p1a: Landorus\n|\n|-sideend|p1: Mr Big Legs|move: Aurora Veil\n|upkeep\n|turn|10\n|\n|t:|1700122920\n|switch|p2a: Weezing|Weezing-Galar, F, shiny|100\/100\n|move|p1a: Landorus|Earthquake|p2a: Weezing\n|-immune|p2a: Weezing|[from] ability: Levitate\n|\n|upkeep\n|turn|11\n|\n|t:|1700122928\n|switch|p1a: Gholdengo|Gholdengo|28\/100\n|move|p2a: Weezing|Will-O-Wisp|p1a: Gholdengo\n|-immune|p1a: Gholdengo|[from] ability: Good as Gold\n|\n|-heal|p1a: Gholdengo|34\/100|[from] item: Leftovers\n|upkeep\n|turn|12\n|\n|t:|1700122937\n|switch|p2a: Milotic|Milotic, F, shiny|100\/100\n|move|p1a: Gholdengo|Thunder Wave|p2a: Milotic\n|-status|p2a: Milotic|par\n|\n|-heal|p1a: Gholdengo|40\/100|[from] item: Leftovers\n|upkeep\n|turn|13\n|\n|t:|1700122959\n|switch|p1a: Blissey|Blissey, F|100\/100\n|move|p2a: Milotic|Scald|p1a: Blissey\n|-damage|p1a: Blissey|92\/100\n|\n|-heal|p1a: Blissey|98\/100|[from] item: Leftovers\n|upkeep\n|turn|14\n|\n|t:|1700122970\n|switch|p2a: Clodsire|Clodsire, F|67\/100\n|move|p1a: Blissey|Flamethrower|p2a: Clodsire\n|-damage|p2a: Clodsire|57\/100\n|\n|-heal|p1a: Blissey|100\/100|[from] item: Leftovers\n|upkeep\n|turn|15\n|\n|t:|1700122985\n|move|p1a: Blissey|Flamethrower|p2a: Clodsire\n|-damage|p2a: Clodsire|47\/100\n|move|p2a: Clodsire|Toxic|p1a: Blissey\n|-status|p1a: Blissey|tox\n|\n|-damage|p1a: Blissey|94\/100 tox|[from] psn\n|upkeep\n|turn|16\n|\n|t:|1700122992\n|switch|p2a: Meowscarada|Meowscarada, M|100\/100\n|move|p1a: Blissey|Heal Bell|p1a: Blissey\n|-activate|p1a: Blissey|move: Heal Bell\n|-curestatus|p1a: Blissey|tox|[msg]\n|\n|-heal|p1a: Blissey|100\/100|[from] item: Leftovers\n|upkeep\n|turn|17\n|\n|t:|1700123003\n|switch|p1a: Landorus|Landorus-Therian, M|100\/100\n|-ability|p1a: Landorus|Intimidate|boost\n|-unboost|p2a: Meowscarada|atk|1\n|move|p2a: Meowscarada|U-turn|p1a: Landorus\n|-start|p2a: Meowscarada|typechange|Bug|[from] ability: Protean\n|-resisted|p1a: Landorus\n|-damage|p1a: Landorus|83\/100\n|\n|t:|1700123006\n|switch|p2a: Sandy Shocks|Sandy Shocks, tera:Ice|100\/100|[from] U-turn\n|\n|upkeep\n|turn|18\n|\n|t:|1700123021\n|switch|p1a: Blissey|Blissey, F|100\/100\n|-end|p2a: Sandy Shocks|Protosynthesis|[silent]\n|switch|p2a: Meowscarada|Meowscarada, M|100\/100\n|\n|upkeep\n|turn|19\n|\n|t:|1700123027\n|move|p2a: Meowscarada|Flower Trick|p1a: Blissey\n|-start|p2a: Meowscarada|typechange|Grass|[from] ability: Protean\n|-crit|p1a: Blissey\n|-damage|p1a: Blissey|0 fnt\n|faint|p1a: Blissey\n|\n|upkeep\n|\n|t:|1700123040\n|switch|p1a: Landorus|Landorus-Therian, M|83\/100\n|-ability|p1a: Landorus|Intimidate|boost\n|-unboost|p2a: Meowscarada|atk|1\n|turn|20\n|\n|t:|1700123045\n|switch|p2a: Weezing|Weezing-Galar, F, shiny|100\/100\n|move|p1a: Landorus|U-turn|p2a: Weezing\n|-resisted|p2a: Weezing\n|-damage|p2a: Weezing|97\/100\n|-damage|p1a: Landorus|66\/100|[from] item: Rocky Helmet|[of] p2a: Weezing\n|\n|t:|1700123054\n|switch|p1a: Gholdengo|Gholdengo|40\/100|[from] U-turn\n|\n|-heal|p1a: Gholdengo|46\/100|[from] item: Leftovers\n|upkeep\n|turn|21\n|\n|t:|1700123067\n|switch|p2a: Milotic|Milotic, F, shiny|100\/100 par\n|move|p1a: Gholdengo|Hex|p2a: Milotic\n|-damage|p2a: Milotic|65\/100 par\n|\n|-heal|p1a: Gholdengo|52\/100|[from] item: Leftovers\n|-heal|p2a: Milotic|72\/100 par|[from] item: Leftovers\n|upkeep\n|turn|22\n|\n|t:|1700123075\n|move|p1a: Gholdengo|Hex|p2a: Milotic\n|-damage|p2a: Milotic|36\/100 par\n|move|p2a: Milotic|Scald|p1a: Gholdengo\n|-damage|p1a: Gholdengo|20\/100\n|\n|-heal|p1a: Gholdengo|27\/100|[from] item: Leftovers\n|-heal|p2a: Milotic|42\/100 par|[from] item: Leftovers\n|upkeep\n|turn|23\n|\n|t:|1700123084\n|move|p1a: Gholdengo|Hex|p2a: Milotic\n|-damage|p2a: Milotic|6\/100 par\n|move|p2a: Milotic|Recover|p2a: Milotic\n|-heal|p2a: Milotic|56\/100 par\n|\n|-heal|p1a: Gholdengo|33\/100|[from] item: Leftovers\n|-heal|p2a: Milotic|62\/100 par|[from] item: Leftovers\n|upkeep\n|turn|24\n|\n|t:|1700123091\n|move|p1a: Gholdengo|Hex|p2a: Milotic\n|-damage|p2a: Milotic|25\/100 par\n|move|p2a: Milotic|Scald|p1a: Gholdengo\n|-damage|p1a: Gholdengo|1\/100\n|\n|-heal|p1a: Gholdengo|7\/100|[from] item: Leftovers\n|-heal|p2a: Milotic|31\/100 par|[from] item: Leftovers\n|upkeep\n|turn|25\n|\n|t:|1700123101\n|move|p1a: Gholdengo|Hex|p2a: Milotic\n|-damage|p2a: Milotic|0 fnt\n|faint|p2a: Milotic\n|\n|-heal|p1a: Gholdengo|13\/100|[from] item: Leftovers\n|upkeep\n|\n|t:|1700123114\n|switch|p2a: Sandy Shocks|Sandy Shocks, tera:Ice|100\/100\n|turn|26\n|\n|t:|1700123118\n|move|p2a: Sandy Shocks|Tera Blast|p1a: Gholdengo|[anim] Tera Blast Ice\n|-resisted|p1a: Gholdengo\n|-damage|p1a: Gholdengo|0 fnt\n|faint|p1a: Gholdengo\n|\n|upkeep\n|\n|t:|1700123123\n|switch|p1a: Ninetales|Ninetales-Alola, M|34\/100\n|-weather|Snow|[from] ability: Snow Warning|[of] p1a: Ninetales\n|turn|27\n|\n|t:|1700123128\n|move|p2a: Sandy Shocks|Tera Blast|p1a: Ninetales|[anim] Tera Blast Ice\n|-resisted|p1a: Ninetales\n|-crit|p1a: Ninetales\n|-damage|p1a: Ninetales|0 fnt\n|faint|p1a: Ninetales\n|\n|-weather|Snow|[upkeep]\n|upkeep\n|\n|t:|1700123134\n|switch|p1a: Magcargo|Magcargo, M|100\/100\n|turn|28\n|\n|t:|1700123139\n|-end|p2a: Sandy Shocks|Protosynthesis|[silent]\n|switch|p2a: Meowscarada|Meowscarada, M|100\/100\n|move|p1a: Magcargo|Shell Smash|p1a: Magcargo\n|-unboost|p1a: Magcargo|def|1\n|-unboost|p1a: Magcargo|spd|1\n|-boost|p1a: Magcargo|atk|2\n|-boost|p1a: Magcargo|spa|2\n|-boost|p1a: Magcargo|spe|2\n|\n|-weather|Snow|[upkeep]\n|upkeep\n|turn|29\n|\n|t:|1700123153\n|-terastallize|p1a: Magcargo|Fighting\n|move|p2a: Meowscarada|Knock Off|p1a: Magcargo\n|-start|p2a: Meowscarada|typechange|Dark|[from] ability: Protean\n|-resisted|p1a: Magcargo\n|-damage|p1a: Magcargo|40\/100\n|-ability|p1a: Magcargo|Weak Armor|boost\n|-unboost|p1a: Magcargo|def|1\n|-boost|p1a: Magcargo|spe|2\n|-enditem|p1a: Magcargo|Expert Belt|[from] move: Knock Off|[of] p2a: Meowscarada\n|move|p1a: Magcargo|Shell Smash|p1a: Magcargo\n|-unboost|p1a: Magcargo|def|1\n|-unboost|p1a: Magcargo|spd|1\n|-boost|p1a: Magcargo|atk|2\n|-boost|p1a: Magcargo|spa|2\n|-boost|p1a: Magcargo|spe|2\n|\n|-weather|Snow|[upkeep]\n|upkeep\n|turn|30\n|\n|t:|1700123173\n|switch|p2a: Clodsire|Clodsire, F|47\/100\n|move|p1a: Magcargo|Tera Blast|p2a: Clodsire|[anim] Tera Blast Fighting\n|-resisted|p2a: Clodsire\n|-damage|p2a: Clodsire|15\/100\n|\n|-weather|Snow|[upkeep]\n|upkeep\n|turn|31\n|\n|t:|1700123193\n|move|p1a: Magcargo|Tera Blast|p2a: Clodsire|[anim] Tera Blast Fighting\n|-resisted|p2a: Clodsire\n|-damage|p2a: Clodsire|0 fnt\n|faint|p2a: Clodsire\n|\n|-weather|none\n|upkeep\n|\n|t:|1700123199\n|switch|p2a: Sandy Shocks|Sandy Shocks, tera:Ice|100\/100\n|turn|32\n|\n|t:|1700123204\n|move|p1a: Magcargo|Tera Blast|p2a: Sandy Shocks|[anim] Tera Blast Fighting\n|-supereffective|p2a: Sandy Shocks\n|-damage|p2a: Sandy Shocks|0 fnt\n|faint|p2a: Sandy Shocks\n|-end|p2a: Sandy Shocks|Protosynthesis|[silent]\n|\n|upkeep\n|\n|t:|1700123207\n|switch|p2a: Weezing|Weezing-Galar, F, shiny|97\/100\n|turn|33\n|\n|t:|1700123211\n|move|p1a: Magcargo|Flamethrower|p2a: Weezing\n|-damage|p2a: Weezing|0 fnt\n|faint|p2a: Weezing\n|\n|upkeep\n|\n|t:|1700123216\n|switch|p2a: Meowscarada|Meowscarada, M|100\/100\n|turn|34\n|\n|t:|1700123220\n|move|p1a: Magcargo|Flamethrower|p2a: Meowscarada\n|-supereffective|p2a: Meowscarada\n|-damage|p2a: Meowscarada|0 fnt\n|faint|p2a: Meowscarada\n|\n|upkeep\n|\n|t:|1700123222\n|switch|p2a: Great Tusk|Great Tusk|100\/100\n|-enditem|p2a: Great Tusk|Booster Energy\n|-activate|p2a: Great Tusk|ability: Protosynthesis|[fromitem]\n|-start|p2a: Great Tusk|protosynthesisatk\n|turn|35\n|\n|t:|1700123228\n|move|p1a: Magcargo|Flamethrower|p2a: Great Tusk\n|-damage|p2a: Great Tusk|0 fnt\n|faint|p2a: Great Tusk\n|-end|p2a: Great Tusk|Protosynthesis|[silent]\n|\n|win|Mr Big Legs\n|raw|Mr Big Legs's rating: 1330 &rarr; <strong>1354<\/strong><br \/>(+24 for winning)\n|raw|matesintomate's rating: 1392 &rarr; <strong>1368<\/strong><br \/>(-24 for losing)\n|l|\u2606matesintomate\n|c|\u2606Mr Big Legs|gg\n","uploadtime":1700123250,"views":8,"p1id":"mrbiglegs","p2id":"matesintomate","formatid":"gen9ou","rating":1354,"private":0,"password":""}