{"id":"gen9ou-1994662140","p1":"MegaPlast","p2":"ugandajigglys","format":"[Gen 9] OU","log":"|j|\u2606MegaPlast\n|j|\u2606ugandajigglys\n|t:|1700477361\n|gametype|singles\n|player|p1|MegaPlast|palmer|1338\n|player|p2|ugandajigglys|sisandbro|1304\n|teamsize|p1|6\n|teamsize|p2|6\n|gen|9\n|tier|[Gen 9] OU\n|rated|\n|rule|Sleep Clause Mod: Limit one foe put to sleep\n|rule|Species Clause: Limit one of each Pok\u00e9mon\n|rule|OHKO Clause: OHKO moves are banned\n|rule|Evasion Items Clause: Evasion items are banned\n|rule|Evasion Moves Clause: Evasion moves are banned\n|rule|Endless Battle Clause: Forcing endless battles is banned\n|rule|HP Percentage Mod: HP is shown in percentages\n|clearpoke\n|poke|p1|Ogerpon-Wellspring, F|\n|poke|p1|Zapdos|\n|poke|p1|Heatran, M|\n|poke|p1|Great Tusk|\n|poke|p1|Dragonite, F|\n|poke|p1|Grimmsnarl, M|\n|poke|p2|Slowking-Galar, F|\n|poke|p2|Great Tusk|\n|poke|p2|Rillaboom, F|\n|poke|p2|Kingambit, F|\n|poke|p2|Dragapult, F|\n|poke|p2|Moltres|\n|teampreview\n|inactive|Battle timer is ON: inactive players will automatically lose when time's up. (requested by MegaPlast)\n|inactive|ugandajigglys has 120 seconds left.\n|\n|t:|1700477422\n|start\n|switch|p1a: Grimmsnarl|Grimmsnarl, M|100\/100\n|switch|p2a: Great Tusk|Great Tusk|100\/100\n|turn|1\n|\n|t:|1700477432\n|-terastallize|p2a: Great Tusk|Steel\n|move|p1a: Grimmsnarl|Taunt|p2a: Great Tusk\n|-start|p2a: Great Tusk|move: Taunt\n|cant|p2a: Great Tusk|move: Taunt|Stealth Rock\n|\n|upkeep\n|turn|2\n|\n|t:|1700477450\n|move|p1a: Grimmsnarl|Reflect|p1a: Grimmsnarl\n|-sidestart|p1: MegaPlast|Reflect\n|move|p2a: Great Tusk|Headlong Rush|p1a: Grimmsnarl\n|-damage|p1a: Grimmsnarl|64\/100\n|-unboost|p2a: Great Tusk|def|1\n|-unboost|p2a: Great Tusk|spd|1\n|\n|upkeep\n|turn|3\n|\n|t:|1700477471\n|-end|p2a: Great Tusk|Protosynthesis|[silent]\n|switch|p2a: Slowking|Slowking-Galar, F|100\/100\n|move|p1a: Grimmsnarl|Parting Shot|p2a: Slowking\n|-unboost|p2a: Slowking|atk|1\n|-unboost|p2a: Slowking|spa|1\n|\n|t:|1700477476\n|switch|p1a: Dragonite|Dragonite, F|100\/100|[from] Parting Shot\n|\n|upkeep\n|turn|4\n|\n|t:|1700477482\n|move|p1a: Dragonite|Earthquake|p2a: Slowking\n|-supereffective|p2a: Slowking\n|-damage|p2a: Slowking|20\/100\n|move|p2a: Slowking|Sludge Bomb|p1a: Dragonite\n|-damage|p1a: Dragonite|90\/100\n|\n|upkeep\n|turn|5\n|\n|t:|1700477487\n|switch|p2a: Moltres|Moltres|100\/100\n|move|p1a: Dragonite|Dragon Dance|p1a: Dragonite\n|-boost|p1a: Dragonite|atk|1\n|-boost|p1a: Dragonite|spe|1\n|\n|upkeep\n|turn|6\n|\n|t:|1700477492\n|-terastallize|p1a: Dragonite|Normal\n|move|p1a: Dragonite|Extreme Speed|p2a: Moltres\n|-damage|p2a: Moltres|49\/100\n|-status|p1a: Dragonite|brn|[from] ability: Flame Body|[of] p2a: Moltres\n|move|p2a: Moltres|Will-O-Wisp|p1a: Dragonite\n|-fail|p1a: Dragonite|brn\n|\n|-damage|p1a: Dragonite|84\/100 brn|[from] brn\n|upkeep\n|turn|7\n|\n|t:|1700477500\n|move|p1a: Dragonite|Dragon Dance|p1a: Dragonite\n|-boost|p1a: Dragonite|atk|1\n|-boost|p1a: Dragonite|spe|1\n|move|p2a: Moltres|Roost|p2a: Moltres\n|-heal|p2a: Moltres|99\/100\n|-singleturn|p2a: Moltres|move: Roost\n|\n|-damage|p1a: Dragonite|77\/100 brn|[from] brn\n|upkeep\n|turn|8\n|\n|t:|1700477508\n|move|p1a: Dragonite|Dragon Dance|p1a: Dragonite\n|-boost|p1a: Dragonite|atk|1\n|-boost|p1a: Dragonite|spe|1\n|move|p2a: Moltres|Flamethrower|p1a: Dragonite\n|-damage|p1a: Dragonite|41\/100 brn\n|\n|-damage|p1a: Dragonite|35\/100 brn|[from] brn\n|upkeep\n|turn|9\n|\n|t:|1700477515\n|switch|p2a: Dragapult|Dragapult, F|100\/100\n|move|p1a: Dragonite|Extreme Speed|p2a: Dragapult\n|-immune|p2a: Dragapult\n|\n|-damage|p1a: Dragonite|29\/100 brn|[from] brn\n|-sideend|p1: MegaPlast|Reflect\n|upkeep\n|turn|10\n|\n|t:|1700477522\n|switch|p2a: Moltres|Moltres|99\/100\n|move|p1a: Dragonite|Earthquake|p2a: Moltres\n|-immune|p2a: Moltres\n|\n|-damage|p1a: Dragonite|23\/100 brn|[from] brn\n|upkeep\n|turn|11\n|\n|t:|1700477527\n|move|p1a: Dragonite|Earthquake|p2a: Moltres\n|-immune|p2a: Moltres\n|move|p2a: Moltres|Flamethrower|p1a: Dragonite\n|-crit|p1a: Dragonite\n|-damage|p1a: Dragonite|0 fnt\n|faint|p1a: Dragonite\n|\n|upkeep\n|-message|MegaPlast forfeited.\n|\n|win|ugandajigglys\n|raw|MegaPlast's rating: 1338 &rarr; <strong>1316<\/strong><br \/>(-22 for losing)\n|raw|ugandajigglys's rating: 1304 &rarr; <strong>1326<\/strong><br \/>(+22 for winning)\n|l|\u2606MegaPlast\n","uploadtime":1700477535,"views":23,"p1id":"megaplast","p2id":"ugandajigglys","formatid":"gen9ou","rating":1316,"private":0,"password":""}