{"id":"gen9ou-1993383441","p1":"trainereulb","p2":"Don japer","format":"[Gen 9] OU","log":"|j|\u2606trainereulb\n|j|\u2606Don japer\n|t:|1700309845\n|gametype|singles\n|player|p1|trainereulb|blue-gen1rbchampion|1532\n|player|p2|Don japer|bugsy-gen2|1487\n|teamsize|p1|6\n|teamsize|p2|6\n|gen|9\n|tier|[Gen 9] OU\n|rated|\n|rule|Sleep Clause Mod: Limit one foe put to sleep\n|rule|Species Clause: Limit one of each Pok\u00e9mon\n|rule|OHKO Clause: OHKO moves are banned\n|rule|Evasion Items Clause: Evasion items are banned\n|rule|Evasion Moves Clause: Evasion moves are banned\n|rule|Endless Battle Clause: Forcing endless battles is banned\n|rule|HP Percentage Mod: HP is shown in percentages\n|clearpoke\n|poke|p1|Clefable, F|\n|poke|p1|Talonflame, F|\n|poke|p1|Quagsire, F|\n|poke|p1|Goodra-Hisui, F|\n|poke|p1|Slowking-Galar, M|\n|poke|p1|Hydreigon, F|\n|poke|p2|Iron Valiant|\n|poke|p2|Landorus-Therian, M|\n|poke|p2|Slowking-Galar, F|\n|poke|p2|Cinderace, F|\n|poke|p2|Greninja-*, M|\n|poke|p2|Meowscarada, F|\n|teampreview\n|\n|t:|1700309853\n|start\n|switch|p1a: Hydreigon|Hydreigon, F|100\/100\n|switch|p2a: doggy :)|Landorus-Therian, M, shiny|100\/100\n|-ability|p2a: doggy :)|Intimidate|boost\n|-unboost|p1a: Hydreigon|atk|1\n|turn|1\n|\n|t:|1700309864\n|switch|p1a: Talonflame|Talonflame, F|100\/100\n|switch|p2a: dr dome|Slowking-Galar, F|100\/100\n|\n|upkeep\n|turn|2\n|inactive|Battle timer is ON: inactive players will automatically lose when time's up. (requested by Don japer)\n|\n|t:|1700309874\n|switch|p1a: Hydreigon|Hydreigon, F|100\/100\n|switch|p2a: doggy :)|Landorus-Therian, M, shiny|100\/100\n|-ability|p2a: doggy :)|Intimidate|boost\n|-unboost|p1a: Hydreigon|atk|1\n|\n|upkeep\n|turn|3\n|\n|t:|1700309887\n|switch|p1a: Slowking|Slowking-Galar, M, shiny|100\/100\n|move|p2a: doggy :)|Stealth Rock|p1a: Slowking\n|-sidestart|p1: trainereulb|move: Stealth Rock\n|\n|upkeep\n|turn|4\n|\n|t:|1700309892\n|switch|p1a: Talonflame|Talonflame, F|100\/100\n|move|p2a: doggy :)|Earthquake|p1a: Talonflame\n|-immune|p1a: Talonflame\n|\n|upkeep\n|turn|5\n|\n|t:|1700309902\n|-terastallize|p1a: Talonflame|Grass\n|move|p1a: Talonflame|Will-O-Wisp|p2a: doggy :)\n|-status|p2a: doggy :)|brn\n|move|p2a: doggy :)|U-turn|p1a: Talonflame\n|-supereffective|p1a: Talonflame\n|-damage|p1a: Talonflame|78\/100\n|\n|t:|1700309907\n|switch|p2a: janice|Meowscarada, F|100\/100|[from] U-turn\n|\n|upkeep\n|turn|6\n|\n|t:|1700309921\n|switch|p2a: doggy :)|Landorus-Therian, M, shiny|100\/100 brn\n|-ability|p2a: doggy :)|Intimidate|boost\n|-unboost|p1a: Talonflame|atk|1\n|move|p1a: Talonflame|Will-O-Wisp|p2a: doggy :)|[miss]\n|-miss|p1a: Talonflame|p2a: doggy :)\n|\n|-damage|p2a: doggy :)|94\/100 brn|[from] brn\n|upkeep\n|turn|7\n|\n|t:|1700309929\n|move|p1a: Talonflame|Defog|p2a: doggy :)\n|-unboost|p2a: doggy :)|evasion|1\n|-sideend|p1: trainereulb|Stealth Rock|[from] move: Defog|[of] p1a: Talonflame\n|move|p2a: doggy :)|U-turn|p1a: Talonflame\n|-supereffective|p1a: Talonflame\n|-crit|p1a: Talonflame\n|-damage|p1a: Talonflame|47\/100\n|\n|t:|1700309937\n|switch|p2a: rodney|Cinderace, F|100\/100|[from] U-turn\n|\n|upkeep\n|turn|8\n|\n|t:|1700309945\n|switch|p1a: Slowking|Slowking-Galar, M, shiny|100\/100\n|move|p2a: rodney|U-turn|p1a: Slowking\n|-start|p2a: rodney|typechange|Bug|[from] ability: Libero\n|-damage|p1a: Slowking|71\/100\n|\n|t:|1700309952\n|switch|p2a: doggy :)|Landorus-Therian, M, shiny|94\/100 brn|[from] U-turn\n|-ability|p2a: doggy :)|Intimidate|boost\n|-unboost|p1a: Slowking|atk|1\n|\n|-damage|p2a: doggy :)|88\/100 brn|[from] brn\n|upkeep\n|turn|9\n|\n|t:|1700309958\n|move|p2a: doggy :)|Stealth Rock|p1a: Slowking\n|-sidestart|p1: trainereulb|move: Stealth Rock\n|move|p1a: Slowking|Ice Beam|p2a: doggy :)\n|-supereffective|p2a: doggy :)\n|-damage|p2a: doggy :)|0 fnt\n|faint|p2a: doggy :)\n|\n|upkeep\n|\n|t:|1700309964\n|switch|p2a: rick roll'em|Greninja, M|100\/100\n|turn|10\n|\n|t:|1700309967\n|move|p2a: rick roll'em|Dark Pulse|p1a: Slowking\n|-supereffective|p1a: Slowking\n|-damage|p1a: Slowking|17\/100\n|-damage|p2a: rick roll'em|91\/100|[from] item: Life Orb\n|move|p1a: Slowking|Sludge Bomb|p2a: rick roll'em\n|-damage|p2a: rick roll'em|17\/100\n|-status|p2a: rick roll'em|psn\n|\n|-damage|p2a: rick roll'em|4\/100 psn|[from] psn\n|upkeep\n|turn|11\n|\n|t:|1700309978\n|switch|p1a: Goodra|Goodra-Hisui, F|100\/100\n|-damage|p1a: Goodra|95\/100|[from] Stealth Rock\n|move|p2a: rick roll'em|Ice Beam|p1a: Goodra\n|-damage|p1a: Goodra|76\/100\n|-damage|p2a: rick roll'em|0 fnt|[from] item: Life Orb\n|faint|p2a: rick roll'em\n|\n|upkeep\n|\n|t:|1700309981\n|switch|p2a: sharon|Iron Valiant|100\/100\n|-enditem|p2a: sharon|Booster Energy\n|-activate|p2a: sharon|ability: Quark Drive|[fromitem]\n|-start|p2a: sharon|quarkdrivespe\n|turn|12\n|\n|t:|1700309999\n|switch|p1a: Clefable|Clefable, F|100\/100\n|move|p2a: sharon|Calm Mind|p2a: sharon\n|-boost|p2a: sharon|spa|1\n|-boost|p2a: sharon|spd|1\n|\n|upkeep\n|turn|13\n|\n|t:|1700310004\n|-terastallize|p2a: sharon|Fairy\n|move|p2a: sharon|Moonblast|p1a: Clefable\n|-damage|p1a: Clefable|4\/100\n|-unboost|p1a: Clefable|spa|1\n|move|p1a: Clefable|Moonblast|p2a: sharon\n|-damage|p2a: sharon|46\/100\n|\n|upkeep\n|turn|14\n|\n|t:|1700310015\n|move|p2a: sharon|Shadow Ball|p1a: Clefable\n|-damage|p1a: Clefable|0 fnt\n|faint|p1a: Clefable\n|\n|upkeep\n|inactive|trainereulb has 120 seconds left.\n|\n|t:|1700310055\n|switch|p1a: Goodra|Goodra-Hisui, F|76\/100\n|-damage|p1a: Goodra|70\/100|[from] Stealth Rock\n|turn|15\n|inactive|trainereulb has 120 seconds left.\n|\n|t:|1700310064\n|move|p2a: sharon|Moonblast|p1a: Goodra\n|-damage|p1a: Goodra|23\/100\n|-unboost|p1a: Goodra|spa|1\n|move|p1a: Goodra|Flamethrower|p2a: sharon\n|-damage|p2a: sharon|18\/100\n|\n|upkeep\n|turn|16\n|\n|t:|1700310071\n|move|p2a: sharon|Moonblast|p1a: Goodra\n|-damage|p1a: Goodra|0 fnt\n|faint|p1a: Goodra\n|\n|upkeep\n|\n|t:|1700310076\n|switch|p1a: Quagsire|Quagsire, F|100\/100\n|-damage|p1a: Quagsire|94\/100|[from] Stealth Rock\n|turn|17\n|\n|t:|1700310080\n|move|p2a: sharon|Moonblast|p1a: Quagsire\n|-damage|p1a: Quagsire|23\/100\n|move|p1a: Quagsire|Ice Punch|p2a: sharon\n|-damage|p2a: sharon|0 fnt\n|faint|p2a: sharon\n|-end|p2a: sharon|Quark Drive|[silent]\n|\n|upkeep\n|\n|t:|1700310084\n|switch|p2a: janice|Meowscarada, F|100\/100\n|turn|18\n|\n|t:|1700310095\n|switch|p1a: Talonflame|Talonflame, F, tera:Grass|47\/100\n|move|p2a: janice|Knock Off|p1a: Talonflame\n|-start|p2a: janice|typechange|Dark|[from] ability: Protean\n|-damage|p1a: Talonflame|0 fnt\n|-enditem|p1a: Talonflame|Heavy-Duty Boots|[from] move: Knock Off|[of] p2a: janice\n|faint|p1a: Talonflame\n|\n|upkeep\n|\n|t:|1700310107\n|switch|p1a: Hydreigon|Hydreigon, F|100\/100\n|-damage|p1a: Hydreigon|88\/100|[from] Stealth Rock\n|turn|19\n|\n|t:|1700310115\n|switch|p2a: dr dome|Slowking-Galar, F|100\/100\n|move|p1a: Hydreigon|Earth Power|p2a: dr dome\n|-supereffective|p2a: dr dome\n|-damage|p2a: dr dome|65\/100\n|\n|-heal|p1a: Hydreigon|94\/100|[from] item: Leftovers\n|upkeep\n|turn|20\n|\n|t:|1700310122\n|move|p1a: Hydreigon|Substitute|p1a: Hydreigon\n|-start|p1a: Hydreigon|Substitute\n|-damage|p1a: Hydreigon|69\/100\n|move|p2a: dr dome|Ice Beam|p1a: Hydreigon\n|-supereffective|p1a: Hydreigon\n|-end|p1a: Hydreigon|Substitute\n|\n|-heal|p1a: Hydreigon|76\/100|[from] item: Leftovers\n|upkeep\n|turn|21\n|\n|t:|1700310130\n|move|p1a: Hydreigon|Dark Pulse|p2a: dr dome\n|-supereffective|p2a: dr dome\n|-crit|p2a: dr dome\n|-damage|p2a: dr dome|0 fnt\n|faint|p2a: dr dome\n|\n|-heal|p1a: Hydreigon|82\/100|[from] item: Leftovers\n|upkeep\n|\n|t:|1700310135\n|switch|p2a: janice|Meowscarada, F|100\/100\n|turn|22\n|\n|t:|1700310160\n|switch|p1a: Slowking|Slowking-Galar, M, shiny|50\/100\n|-damage|p1a: Slowking|38\/100|[from] Stealth Rock\n|move|p2a: janice|U-turn|p1a: Slowking\n|-start|p2a: janice|typechange|Bug|[from] ability: Protean\n|-damage|p1a: Slowking|0 fnt\n|faint|p1a: Slowking\n|\n|t:|1700310162\n|switch|p2a: rodney|Cinderace, F|100\/100|[from] U-turn\n|\n|upkeep\n|\n|t:|1700310170\n|switch|p1a: Quagsire|Quagsire, F|23\/100\n|-damage|p1a: Quagsire|17\/100|[from] Stealth Rock\n|turn|23\n|\n|t:|1700310175\n|move|p2a: rodney|U-turn|p1a: Quagsire\n|-start|p2a: rodney|typechange|Bug|[from] ability: Libero\n|-damage|p1a: Quagsire|0 fnt\n|-damage|p2a: rodney|84\/100|[from] item: Rocky Helmet|[of] p1a: Quagsire\n|faint|p1a: Quagsire\n|\n|t:|1700310177\n|switch|p2a: janice|Meowscarada, F|100\/100|[from] U-turn\n|\n|upkeep\n|\n|t:|1700310183\n|switch|p1a: Hydreigon|Hydreigon, F|82\/100\n|-damage|p1a: Hydreigon|69\/100|[from] Stealth Rock\n|turn|24\n|\n|t:|1700310188\n|move|p2a: janice|U-turn|p1a: Hydreigon\n|-start|p2a: janice|typechange|Bug|[from] ability: Protean\n|-supereffective|p1a: Hydreigon\n|-damage|p1a: Hydreigon|0 fnt\n|faint|p1a: Hydreigon\n|\n|win|Don japer\n|raw|trainereulb's rating: 1532 &rarr; <strong>1509<\/strong><br \/>(-23 for losing)\n|raw|Don japer's rating: 1487 &rarr; <strong>1510<\/strong><br \/>(+23 for winning)\n|l|\u2606trainereulb\n","uploadtime":1700310371,"views":17,"p1id":"trainereulb","p2id":"donjaper","formatid":"gen9ou","rating":1509,"private":0,"password":""}