{"id":"gen9ou-1995018977","p1":"TBECurry","p2":"Z-pokemaster2000","format":"[Gen 9] OU","log":"|j|\u2606TBECurry\n|j|\u2606Z-pokemaster2000\n|t:|1700513955\n|gametype|singles\n|player|p1|TBECurry|acetrainer-gen4dp|1578\n|player|p2|Z-pokemaster2000|veteran|1677\n|teamsize|p1|6\n|teamsize|p2|6\n|gen|9\n|tier|[Gen 9] OU\n|rated|\n|rule|Sleep Clause Mod: Limit one foe put to sleep\n|rule|Species Clause: Limit one of each Pok\u00e9mon\n|rule|OHKO Clause: OHKO moves are banned\n|rule|Evasion Items Clause: Evasion items are banned\n|rule|Evasion Moves Clause: Evasion moves are banned\n|rule|Endless Battle Clause: Forcing endless battles is banned\n|rule|HP Percentage Mod: HP is shown in percentages\n|clearpoke\n|poke|p1|Landorus-Therian, M|\n|poke|p1|Cinderace, F|\n|poke|p1|Gholdengo|\n|poke|p1|Heracross, F|\n|poke|p1|Greninja-*, M|\n|poke|p1|Slowking-Galar, M|\n|poke|p2|Okidogi, M|\n|poke|p2|Clefable, F|\n|poke|p2|Great Tusk|\n|poke|p2|Grimmsnarl, M|\n|poke|p2|Sinistcha-Masterpiece|\n|poke|p2|Ceruledge, F|\n|teampreview\n|inactive|Battle timer is ON: inactive players will automatically lose when time's up. (requested by TBECurry)\n|inactive|Z-pokemaster2000 also wants the timer to be on.\n|\n|t:|1700513967\n|start\n|switch|p1a: Landorus|Landorus-Therian, M|100\/100\n|switch|p2a: Great Tusk|Great Tusk|100\/100\n|-ability|p1a: Landorus|Intimidate|boost\n|-unboost|p2a: Great Tusk|atk|1\n|turn|1\n|\n|t:|1700513974\n|-end|p2a: Great Tusk|Protosynthesis|[silent]\n|switch|p2a: Grimmsnarl|Grimmsnarl, M, shiny|100\/100\n|move|p1a: Landorus|Grass Knot|p2a: Grimmsnarl\n|-damage|p2a: Grimmsnarl|76\/100\n|\n|upkeep\n|turn|2\n|\n|t:|1700513983\n|move|p2a: Grimmsnarl|Reflect|p2a: Grimmsnarl\n|-sidestart|p2: Z-pokemaster2000|Reflect\n|move|p1a: Landorus|Stealth Rock|p2a: Grimmsnarl\n|-sidestart|p2: Z-pokemaster2000|move: Stealth Rock\n|\n|upkeep\n|turn|3\n|\n|t:|1700513988\n|switch|p1a: Greninja|Greninja, M|100\/100\n|move|p2a: Grimmsnarl|Light Screen|p2a: Grimmsnarl\n|-sidestart|p2: Z-pokemaster2000|move: Light Screen\n|\n|upkeep\n|turn|4\n|\n|t:|1700513995\n|switch|p2a: Okidogi|Okidogi, M|100\/100\n|-damage|p2a: Okidogi|94\/100|[from] Stealth Rock\n|move|p1a: Greninja|Hydro Pump|p2a: Okidogi\n|-damage|p2a: Okidogi|72\/100\n|-damage|p1a: Greninja|91\/100|[from] item: Life Orb\n|\n|upkeep\n|turn|5\n|\n|t:|1700514006\n|switch|p1a: Landorus|Landorus-Therian, M|100\/100\n|-ability|p1a: Landorus|Intimidate|boost\n|-unboost|p2a: Okidogi|atk|1\n|move|p2a: Okidogi|Knock Off|p1a: Landorus\n|-damage|p1a: Landorus|73\/100\n|-status|p1a: Landorus|tox|[from] ability: Toxic Chain|[of] p2a: Okidogi\n|-enditem|p1a: Landorus|Leftovers|[from] move: Knock Off|[of] p2a: Okidogi\n|\n|-damage|p1a: Landorus|67\/100 tox|[from] psn\n|upkeep\n|turn|6\n|\n|t:|1700514023\n|switch|p2a: Sinistcha|Sinistcha-Masterpiece|100\/100\n|-damage|p2a: Sinistcha|88\/100|[from] Stealth Rock\n|move|p1a: Landorus|Earth Power|p2a: Sinistcha\n|-resisted|p2a: Sinistcha\n|-damage|p2a: Sinistcha|78\/100\n|\n|-damage|p1a: Landorus|55\/100 tox|[from] psn\n|upkeep\n|turn|7\n|\n|t:|1700514032\n|move|p1a: Landorus|U-turn|p2a: Sinistcha\n|-damage|p2a: Sinistcha|71\/100\n|-enditem|p2a: Sinistcha|Kee Berry|[eat]\n|-boost|p2a: Sinistcha|def|1|[from] item: Kee Berry\n|\n|t:|1700514058\n|switch|p1a: Gholdengo|Gholdengo|100\/100|[from] U-turn\n|move|p2a: Sinistcha|Scald|p1a: Gholdengo\n|-damage|p1a: Gholdengo|76\/100\n|\n|upkeep\n|turn|8\n|\n|t:|1700514076\n|switch|p2a: Great Tusk|Great Tusk|100\/100\n|-damage|p2a: Great Tusk|97\/100|[from] Stealth Rock\n|move|p1a: Gholdengo|Shadow Ball|p2a: Great Tusk\n|-damage|p2a: Great Tusk|68\/100\n|\n|-heal|p2a: Great Tusk|74\/100|[from] item: Leftovers\n|upkeep\n|turn|9\n|\n|t:|1700514085\n|switch|p1a: Heracross|Heracross, F|100\/100\n|move|p2a: Great Tusk|Knock Off|p1a: Heracross\n|-resisted|p1a: Heracross\n|-damage|p1a: Heracross|75\/100\n|-enditem|p1a: Heracross|Loaded Dice|[from] move: Knock Off|[of] p2a: Great Tusk\n|\n|-heal|p2a: Great Tusk|80\/100|[from] item: Leftovers\n|-sideend|p2: Z-pokemaster2000|Reflect\n|upkeep\n|turn|10\n|inactive|Z-pokemaster2000 has 120 seconds left.\n|\n|t:|1700514127\n|move|p2a: Great Tusk|Rapid Spin|p1a: Heracross\n|-damage|p1a: Heracross|51\/100\n|-boost|p2a: Great Tusk|spe|1\n|-sideend|p2: Z-pokemaster2000|Stealth Rock|[from] move: Rapid Spin|[of] p2a: Great Tusk\n|move|p1a: Heracross|Swords Dance|p1a: Heracross\n|-boost|p1a: Heracross|atk|2\n|\n|-heal|p2a: Great Tusk|86\/100|[from] item: Leftovers\n|-sideend|p2: Z-pokemaster2000|move: Light Screen\n|upkeep\n|turn|11\n|inactive|Z-pokemaster2000 has 120 seconds left.\n|\n|t:|1700514145\n|move|p2a: Great Tusk|Rapid Spin|p1a: Heracross\n|-damage|p1a: Heracross|29\/100\n|-boost|p2a: Great Tusk|spe|1\n|move|p1a: Heracross|Close Combat|p2a: Great Tusk\n|-damage|p2a: Great Tusk|7\/100\n|-unboost|p1a: Heracross|def|1\n|-unboost|p1a: Heracross|spd|1\n|\n|-heal|p2a: Great Tusk|13\/100|[from] item: Leftovers\n|upkeep\n|turn|12\n|\n|t:|1700514158\n|move|p2a: Great Tusk|Knock Off|p1a: Heracross\n|-resisted|p1a: Heracross\n|-damage|p1a: Heracross|3\/100\n|move|p1a: Heracross|Close Combat|p2a: Great Tusk\n|-damage|p2a: Great Tusk|0 fnt\n|-unboost|p1a: Heracross|def|1\n|-unboost|p1a: Heracross|spd|1\n|faint|p2a: Great Tusk\n|-end|p2a: Great Tusk|Protosynthesis|[silent]\n|\n|upkeep\n|\n|t:|1700514166\n|switch|p2a: Ceruledge|Ceruledge, F|100\/100\n|turn|13\n|\n|t:|1700514169\n|move|p2a: Ceruledge|Shadow Sneak|p1a: Heracross\n|-damage|p1a: Heracross|0 fnt\n|faint|p1a: Heracross\n|\n|upkeep\n|\n|t:|1700514195\n|switch|p1a: Greninja|Greninja, M|91\/100\n|turn|14\n|\n|t:|1700514200\n|switch|p2a: Grimmsnarl|Grimmsnarl, M, shiny|76\/100\n|move|p1a: Greninja|Dark Pulse|p2a: Grimmsnarl\n|-resisted|p2a: Grimmsnarl\n|-damage|p2a: Grimmsnarl|65\/100\n|-damage|p1a: Greninja|81\/100|[from] item: Life Orb\n|\n|upkeep\n|turn|15\n|\n|t:|1700514215\n|move|p2a: Grimmsnarl|Light Screen|p2a: Grimmsnarl\n|-sidestart|p2: Z-pokemaster2000|move: Light Screen\n|move|p1a: Greninja|Hydro Pump|p2a: Grimmsnarl\n|-damage|p2a: Grimmsnarl|38\/100\n|-damage|p1a: Greninja|71\/100|[from] item: Life Orb\n|\n|upkeep\n|turn|16\n|\n|t:|1700514240\n|move|p2a: Grimmsnarl|Reflect|p2a: Grimmsnarl\n|-sidestart|p2: Z-pokemaster2000|Reflect\n|move|p1a: Greninja|Hydro Pump|p2a: Grimmsnarl\n|-damage|p2a: Grimmsnarl|8\/100\n|-damage|p1a: Greninja|61\/100|[from] item: Life Orb\n|\n|upkeep\n|turn|17\n|inactive|TBECurry has 120 seconds left.\n|\n|t:|1700514280\n|switch|p2a: Okidogi|Okidogi, M|72\/100\n|move|p1a: Greninja|Hydro Pump|p2a: Okidogi\n|-damage|p2a: Okidogi|50\/100\n|-damage|p1a: Greninja|51\/100|[from] item: Life Orb\n|\n|upkeep\n|turn|18\n|\n|t:|1700514293\n|switch|p1a: Landorus|Landorus-Therian, M|55\/100 tox\n|-ability|p1a: Landorus|Intimidate|boost\n|-unboost|p2a: Okidogi|atk|1\n|move|p2a: Okidogi|Drain Punch|p1a: Landorus\n|-resisted|p1a: Landorus\n|-damage|p1a: Landorus|40\/100 tox\n|-heal|p2a: Okidogi|56\/100|[from] drain|[of] p1a: Landorus\n|\n|-damage|p1a: Landorus|34\/100 tox|[from] psn\n|upkeep\n|turn|19\n|\n|t:|1700514305\n|switch|p2a: Sinistcha|Sinistcha-Masterpiece|71\/100\n|move|p1a: Landorus|Stealth Rock|p2a: Sinistcha\n|-sidestart|p2: Z-pokemaster2000|move: Stealth Rock\n|\n|-damage|p1a: Landorus|22\/100 tox|[from] psn\n|upkeep\n|turn|20\n|\n|t:|1700514311\n|move|p1a: Landorus|U-turn|p2a: Sinistcha\n|-damage|p2a: Sinistcha|64\/100\n|\n|t:|1700514317\n|switch|p1a: Slowking|Slowking-Galar, M|100\/100|[from] U-turn\n|move|p2a: Sinistcha|Calm Mind|p2a: Sinistcha\n|-boost|p2a: Sinistcha|spa|1\n|-boost|p2a: Sinistcha|spd|1\n|\n|upkeep\n|turn|21\n|inactive|TBECurry has 120 seconds left.\n|\n|t:|1700514325\n|move|p2a: Sinistcha|Calm Mind|p2a: Sinistcha\n|-boost|p2a: Sinistcha|spa|1\n|-boost|p2a: Sinistcha|spd|1\n|move|p1a: Slowking|Thunder Wave|p2a: Sinistcha\n|-status|p2a: Sinistcha|par\n|\n|upkeep\n|turn|22\n|inactive|TBECurry has 120 seconds left.\n|\n|t:|1700514338\n|move|p2a: Sinistcha|Scald|p1a: Slowking\n|-damage|p1a: Slowking|77\/100\n|move|p1a: Slowking|Future Sight|p2a: Sinistcha\n|-start|p1a: Slowking|move: Future Sight\n|\n|-sideend|p2: Z-pokemaster2000|move: Light Screen\n|upkeep\n|turn|23\n|\n|t:|1700514345\n|move|p2a: Sinistcha|Scald|p1a: Slowking\n|-damage|p1a: Slowking|51\/100\n|move|p1a: Slowking|Chilly Reception|p1a: Slowking\n|-weather|Snow\n|\n|t:|1700514352\n|switch|p1a: Cinderace|Cinderace, F|100\/100|[from] Chilly Reception\n|\n|-weather|Snow|[upkeep]\n|-sideend|p2: Z-pokemaster2000|Reflect\n|upkeep\n|turn|24\n|\n|t:|1700514357\n|move|p1a: Cinderace|Sucker Punch||[still]\n|-fail|p1a: Cinderace\n|move|p2a: Sinistcha|Strength Sap|p1a: Cinderace\n|-unboost|p1a: Cinderace|atk|1\n|-heal|p2a: Sinistcha|100\/100 par\n|\n|-weather|Snow|[upkeep]\n|-end|p2a: Sinistcha|move: Future Sight\n|-damage|p2a: Sinistcha|73\/100 par\n|upkeep\n|turn|25\n|\n|t:|1700514371\n|move|p1a: Cinderace|Pyro Ball|p2a: Sinistcha\n|-supereffective|p2a: Sinistcha\n|-damage|p2a: Sinistcha|43\/100 par\n|move|p2a: Sinistcha|Calm Mind|p2a: Sinistcha\n|-boost|p2a: Sinistcha|spa|1\n|-boost|p2a: Sinistcha|spd|1\n|\n|-weather|Snow|[upkeep]\n|upkeep\n|turn|26\n|\n|t:|1700514379\n|switch|p1a: Greninja|Greninja, M|51\/100\n|cant|p2a: Sinistcha|par\n|\n|-weather|Snow|[upkeep]\n|upkeep\n|turn|27\n|inactive|TBECurry has 120 seconds left.\n|inactive|TBECurry has 90 seconds left.\n|\n|t:|1700514452\n|switch|p1a: Cinderace|Cinderace, F|100\/100\n|move|p2a: Sinistcha|Strength Sap|p1a: Cinderace\n|-unboost|p1a: Cinderace|atk|1\n|-heal|p2a: Sinistcha|100\/100 par\n|\n|-weather|none\n|upkeep\n|turn|28\n|\n|t:|1700514462\n|switch|p1a: Landorus|Landorus-Therian, M|22\/100 tox\n|-ability|p1a: Landorus|Intimidate|boost\n|-unboost|p2a: Sinistcha|atk|1\n|cant|p2a: Sinistcha|par\n|\n|-damage|p1a: Landorus|16\/100 tox|[from] psn\n|upkeep\n|turn|29\n|inactive|TBECurry has 90 seconds left.\n|\n|t:|1700514473\n|move|p1a: Landorus|Earth Power|p2a: Sinistcha\n|-resisted|p2a: Sinistcha\n|-damage|p2a: Sinistcha|92\/100 par\n|cant|p2a: Sinistcha|par\n|\n|-damage|p1a: Landorus|4\/100 tox|[from] psn\n|upkeep\n|turn|30\n|inactive|TBECurry has 90 seconds left.\n|\n|t:|1700514481\n|move|p1a: Landorus|Earth Power|p2a: Sinistcha\n|-resisted|p2a: Sinistcha\n|-damage|p2a: Sinistcha|83\/100 par\n|-unboost|p2a: Sinistcha|spd|1\n|move|p2a: Sinistcha|Calm Mind|p2a: Sinistcha\n|-boost|p2a: Sinistcha|spa|1\n|-boost|p2a: Sinistcha|spd|1\n|\n|-damage|p1a: Landorus|0 fnt|[from] psn\n|faint|p1a: Landorus\n|upkeep\n|inactive|TBECurry has 90 seconds left.\n|\n|t:|1700514511\n|switch|p1a: Cinderace|Cinderace, F|100\/100\n|turn|31\n|\n|t:|1700514517\n|move|p1a: Cinderace|Pyro Ball|p2a: Sinistcha\n|-supereffective|p2a: Sinistcha\n|-damage|p2a: Sinistcha|40\/100 par\n|move|p2a: Sinistcha|Calm Mind|p2a: Sinistcha\n|-boost|p2a: Sinistcha|spa|1\n|-boost|p2a: Sinistcha|spd|1\n|\n|upkeep\n|turn|32\n|\n|t:|1700514526\n|move|p1a: Cinderace|Pyro Ball|p2a: Sinistcha\n|-supereffective|p2a: Sinistcha\n|-damage|p2a: Sinistcha|1\/100 par\n|cant|p2a: Sinistcha|par\n|\n|upkeep\n|turn|33\n|inactive|TBECurry has 90 seconds left.\n|c|\u2606Z-pokemaster2000|\ud83d\ude2d\ud83d\ude2d\ud83d\ude2d\n|\n|t:|1700514536\n|move|p1a: Cinderace|U-turn|p2a: Sinistcha\n|-start|p1a: Cinderace|typechange|Bug|[from] ability: Libero\n|-damage|p2a: Sinistcha|0 fnt\n|faint|p2a: Sinistcha\n|inactive|TBECurry has 90 seconds left.\n|\n|t:|1700514545\n|switch|p1a: Greninja|Greninja, M|51\/100|[from] U-turn\n|\n|upkeep\n|\n|t:|1700514554\n|switch|p2a: Grimmsnarl|Grimmsnarl, M, shiny|8\/100\n|-damage|p2a: Grimmsnarl|0 fnt|[from] Stealth Rock\n|faint|p2a: Grimmsnarl\n|\n|t:|1700514557\n|switch|p2a: Okidogi|Okidogi, M|56\/100\n|-damage|p2a: Okidogi|50\/100|[from] Stealth Rock\n|turn|34\n|\n|t:|1700514568\n|switch|p1a: Gholdengo|Gholdengo|76\/100\n|move|p2a: Okidogi|Drain Punch|p1a: Gholdengo\n|-immune|p1a: Gholdengo\n|\n|upkeep\n|turn|35\n|\n|t:|1700514587\n|move|p1a: Gholdengo|Shadow Ball|p2a: Okidogi\n|-damage|p2a: Okidogi|23\/100\n|-unboost|p2a: Okidogi|spd|1\n|move|p2a: Okidogi|Knock Off|p1a: Gholdengo\n|-supereffective|p1a: Gholdengo\n|-damage|p1a: Gholdengo|0 fnt\n|-enditem|p1a: Gholdengo|Covert Cloak|[from] move: Knock Off|[of] p2a: Okidogi\n|faint|p1a: Gholdengo\n|\n|upkeep\n|inactive|TBECurry has 90 seconds left.\n|\n|t:|1700514598\n|switch|p1a: Greninja|Greninja, M|51\/100\n|turn|36\n|\n|t:|1700514603\n|move|p1a: Greninja|Ice Beam|p2a: Okidogi\n|-damage|p2a: Okidogi|0 fnt\n|faint|p2a: Okidogi\n|-ability|p1a: Greninja|Battle Bond|boost\n|-boost|p1a: Greninja|atk|1\n|-boost|p1a: Greninja|spa|1\n|-boost|p1a: Greninja|spe|1\n|-activate|p1a: Greninja|ability: Battle Bond\n|-damage|p1a: Greninja|42\/100|[from] item: Life Orb\n|\n|upkeep\n|\n|t:|1700514610\n|switch|p2a: Luna|Clefable, F, shiny|100\/100\n|-damage|p2a: Luna|88\/100|[from] Stealth Rock\n|turn|37\n|\n|t:|1700514617\n|-terastallize|p1a: Greninja|Water\n|move|p1a: Greninja|Hydro Pump|p2a: Luna\n|-damage|p2a: Luna|22\/100\n|-damage|p1a: Greninja|32\/100|[from] item: Life Orb\n|move|p2a: Luna|Cosmic Power|p2a: Luna\n|-boost|p2a: Luna|def|1\n|-boost|p2a: Luna|spd|1\n|\n|-heal|p2a: Luna|28\/100|[from] item: Leftovers\n|upkeep\n|turn|38\n|\n|t:|1700514627\n|move|p1a: Greninja|Water Shuriken|p2a: Luna\n|-damage|p2a: Luna|20\/100\n|-damage|p2a: Luna|14\/100\n|-damage|p2a: Luna|7\/100\n|-hitcount|p2a: Luna|3\n|-damage|p1a: Greninja|22\/100|[from] item: Life Orb\n|move|p2a: Luna|Moonlight|p2a: Luna\n|-heal|p2a: Luna|57\/100\n|\n|-heal|p2a: Luna|63\/100|[from] item: Leftovers\n|upkeep\n|turn|39\n|inactive|TBECurry has 120 seconds left.\n|\n|t:|1700514639\n|move|p1a: Greninja|Hydro Pump|p2a: Luna\n|-damage|p2a: Luna|14\/100\n|-damage|p1a: Greninja|12\/100|[from] item: Life Orb\n|move|p2a: Luna|Moonlight|p2a: Luna\n|-heal|p2a: Luna|64\/100\n|\n|-heal|p2a: Luna|70\/100|[from] item: Leftovers\n|upkeep\n|turn|40\n|inactive|TBECurry has 120 seconds left.\n|\n|t:|1700514647\n|move|p1a: Greninja|Hydro Pump|p2a: Luna|[miss]\n|-miss|p1a: Greninja|p2a: Luna\n|move|p2a: Luna|Moonlight|p2a: Luna\n|-heal|p2a: Luna|100\/100\n|\n|upkeep\n|turn|41\n|\n|t:|1700514658\n|move|p1a: Greninja|Hydro Pump|p2a: Luna\n|-damage|p2a: Luna|57\/100\n|-damage|p1a: Greninja|2\/100|[from] item: Life Orb\n|move|p2a: Luna|Cosmic Power|p2a: Luna\n|-boost|p2a: Luna|def|1\n|-boost|p2a: Luna|spd|1\n|\n|-heal|p2a: Luna|64\/100|[from] item: Leftovers\n|upkeep\n|turn|42\n|\n|t:|1700514668\n|switch|p1a: Slowking|Slowking-Galar, M|84\/100\n|move|p2a: Luna|Moonlight|p2a: Luna\n|-heal|p2a: Luna|100\/100\n|\n|upkeep\n|turn|43\n|\n|t:|1700514673\n|-terastallize|p2a: Luna|Poison\n|move|p2a: Luna|Cosmic Power|p2a: Luna\n|-boost|p2a: Luna|def|1\n|-boost|p2a: Luna|spd|1\n|move|p1a: Slowking|Thunder Wave|p2a: Luna\n|-status|p2a: Luna|par\n|\n|upkeep\n|turn|44\n|\n|t:|1700514687\n|move|p1a: Slowking|Future Sight|p2a: Luna\n|-start|p1a: Slowking|move: Future Sight\n|cant|p2a: Luna|par\n|\n|upkeep\n|turn|45\n|inactive|TBECurry has 120 seconds left.\n|inactive|TBECurry has 90 seconds left.\n|\n|t:|1700514747\n|move|p1a: Slowking|Chilly Reception|p1a: Slowking\n|-weather|Snow\n|\n|t:|1700514752\n|switch|p1a: Greninja|Greninja, M, tera:Water|2\/100|[from] Chilly Reception\n|move|p2a: Luna|Cosmic Power|p2a: Luna\n|-boost|p2a: Luna|def|1\n|-boost|p2a: Luna|spd|1\n|\n|-weather|Snow|[upkeep]\n|upkeep\n|turn|46\n|c|\u2606Z-pokemaster2000|You don't have enough steam left to win this\n|inactive|Z-pokemaster2000 has 120 seconds left.\n|c|\u2606Z-pokemaster2000|Even if you crit clef you don't have a way to beat Ceruledge\n|\n|t:|1700514792\n|move|p1a: Greninja|Dark Pulse|p2a: Luna\n|-damage|p2a: Luna|88\/100 par\n|-damage|p1a: Greninja|0 fnt|[from] item: Life Orb\n|faint|p1a: Greninja\n|cant|p2a: Luna|flinch\n|\n|-weather|Snow|[upkeep]\n|-end|p2a: Luna|move: Future Sight\n|-supereffective|p2a: Luna\n|-damage|p2a: Luna|61\/100 par\n|-heal|p2a: Luna|68\/100 par|[from] item: Leftovers\n|upkeep\n|\n|t:|1700514804\n|switch|p1a: Cinderace|Cinderace, F|100\/100\n|turn|47\n|\n|t:|1700514813\n|move|p1a: Cinderace|Pyro Ball|p2a: Luna\n|-damage|p2a: Luna|50\/100 par\n|move|p2a: Luna|Cosmic Power|p2a: Luna\n|-boost|p2a: Luna|def|1\n|-boost|p2a: Luna|spd|1\n|\n|-weather|Snow|[upkeep]\n|-heal|p2a: Luna|56\/100 par|[from] item: Leftovers\n|upkeep\n|turn|48\n|\n|t:|1700514823\n|move|p1a: Cinderace|Pyro Ball|p2a: Luna\n|-damage|p2a: Luna|42\/100 par\n|cant|p2a: Luna|par\n|\n|-weather|Snow|[upkeep]\n|-heal|p2a: Luna|49\/100 par|[from] item: Leftovers\n|upkeep\n|turn|49\n|j| dfghhhg\n|\n|t:|1700514830\n|move|p1a: Cinderace|Pyro Ball|p2a: Luna\n|-damage|p2a: Luna|33\/100 par\n|move|p2a: Luna|Moonlight|p2a: Luna\n|-heal|p2a: Luna|58\/100 par\n|\n|-weather|none\n|-heal|p2a: Luna|64\/100 par|[from] item: Leftovers\n|upkeep\n|turn|50\n|\n|t:|1700514849\n|move|p1a: Cinderace|Pyro Ball|p2a: Luna\n|-damage|p2a: Luna|49\/100 par\n|cant|p2a: Luna|par\n|\n|-heal|p2a: Luna|55\/100 par|[from] item: Leftovers\n|upkeep\n|turn|51\n|\n|t:|1700514856\n|move|p1a: Cinderace|Pyro Ball|p2a: Luna\n|-damage|p2a: Luna|41\/100 par\n|cant|p2a: Luna|par\n|\n|-heal|p2a: Luna|47\/100 par|[from] item: Leftovers\n|upkeep\n|turn|52\n|\n|t:|1700514867\n|move|p1a: Cinderace|U-turn|p2a: Luna\n|-start|p1a: Cinderace|typechange|Bug|[from] ability: Libero\n|-resisted|p2a: Luna\n|-damage|p2a: Luna|43\/100 par\n|\n|t:|1700514872\n|switch|p1a: Slowking|Slowking-Galar, M|100\/100|[from] U-turn\n|move|p2a: Luna|Moonlight|p2a: Luna\n|-heal|p2a: Luna|93\/100 par\n|\n|-heal|p2a: Luna|99\/100 par|[from] item: Leftovers\n|upkeep\n|turn|53\n|inactive|TBECurry has 120 seconds left.\n|\n|t:|1700514893\n|move|p1a: Slowking|Future Sight|p2a: Luna\n|-start|p1a: Slowking|move: Future Sight\n|move|p2a: Luna|Cosmic Power|p2a: Luna\n|-boost|p2a: Luna|def|1\n|-boost|p2a: Luna|spd|1\n|\n|-heal|p2a: Luna|100\/100 par|[from] item: Leftovers\n|upkeep\n|turn|54\n|inactive|TBECurry has 120 seconds left.\n|\n|t:|1700514910\n|move|p1a: Slowking|Chilly Reception|p1a: Slowking\n|-weather|Snow\n|\n|t:|1700514915\n|switch|p1a: Cinderace|Cinderace, F|100\/100|[from] Chilly Reception\n|move|p2a: Luna|Charge Beam|p1a: Cinderace\n|-damage|p1a: Cinderace|86\/100\n|-boost|p2a: Luna|spa|1\n|\n|-weather|Snow|[upkeep]\n|upkeep\n|turn|55\n|inactive|TBECurry has 120 seconds left.\n|\n|t:|1700514925\n|move|p1a: Cinderace|U-turn|p2a: Luna\n|-start|p1a: Cinderace|typechange|Bug|[from] ability: Libero\n|-resisted|p2a: Luna\n|-damage|p2a: Luna|97\/100 par\n|\n|t:|1700514930\n|switch|p1a: Slowking|Slowking-Galar, M|100\/100|[from] U-turn\n|move|p2a: Luna|Charge Beam|p1a: Slowking\n|-damage|p1a: Slowking|90\/100\n|-boost|p2a: Luna|spa|1\n|\n|-weather|Snow|[upkeep]\n|-end|p2a: Luna|move: Future Sight\n|-supereffective|p2a: Luna\n|-damage|p2a: Luna|76\/100 par\n|-heal|p2a: Luna|83\/100 par|[from] item: Leftovers\n|upkeep\n|turn|56\n|\n|t:|1700514945\n|move|p1a: Slowking|Future Sight|p2a: Luna\n|-start|p1a: Slowking|move: Future Sight\n|cant|p2a: Luna|par\n|\n|-weather|Snow|[upkeep]\n|-heal|p2a: Luna|89\/100 par|[from] item: Leftovers\n|upkeep\n|turn|57\n|inactive|TBECurry has 120 seconds left.\n|inactive|TBECurry has 90 seconds left.\n|inactive|TBECurry has 60 seconds left.\n|inactive|TBECurry has 30 seconds left.\n|inactive|TBECurry has 20 seconds left.\n|\n|t:|1700515067\n|move|p1a: Slowking|Chilly Reception|p1a: Slowking\n|inactive|TBECurry has 25 seconds left this turn.\n|\n|t:|1700515071\n|switch|p1a: Cinderace|Cinderace, F|86\/100|[from] Chilly Reception\n|move|p2a: Luna|Charge Beam|p1a: Cinderace\n|-damage|p1a: Cinderace|54\/100\n|-boost|p2a: Luna|spa|1\n|\n|-weather|Snow|[upkeep]\n|-heal|p2a: Luna|95\/100 par|[from] item: Leftovers\n|upkeep\n|turn|58\n|inactive|TBECurry has 30 seconds left.\n|\n|t:|1700515079\n|move|p1a: Cinderace|U-turn|p2a: Luna\n|-start|p1a: Cinderace|typechange|Bug|[from] ability: Libero\n|-resisted|p2a: Luna\n|-damage|p2a: Luna|91\/100 par\n|\n|t:|1700515084\n|switch|p1a: Slowking|Slowking-Galar, M|100\/100|[from] U-turn\n|move|p2a: Luna|Charge Beam|p1a: Slowking\n|-damage|p1a: Slowking|85\/100\n|-boost|p2a: Luna|spa|1\n|\n|-weather|none\n|-end|p2a: Luna|move: Future Sight\n|-supereffective|p2a: Luna\n|-damage|p2a: Luna|71\/100 par\n|-heal|p2a: Luna|77\/100 par|[from] item: Leftovers\n|upkeep\n|turn|59\n|\n|t:|1700515098\n|move|p1a: Slowking|Future Sight|p2a: Luna\n|-start|p1a: Slowking|move: Future Sight\n|move|p2a: Luna|Charge Beam|p1a: Slowking|[miss]\n|-miss|p2a: Luna|p1a: Slowking\n|\n|-heal|p2a: Luna|83\/100 par|[from] item: Leftovers\n|upkeep\n|turn|60\n|\n|t:|1700515113\n|move|p1a: Slowking|Future Sight||[still]\n|-fail|p1a: Slowking\n|move|p2a: Luna|Charge Beam|p1a: Slowking\n|-damage|p1a: Slowking|66\/100\n|-boost|p2a: Luna|spa|1\n|\n|-heal|p2a: Luna|90\/100 par|[from] item: Leftovers\n|upkeep\n|turn|61\n|\n|t:|1700515126\n|move|p1a: Slowking|Chilly Reception|p1a: Slowking\n|-weather|Snow\n|inactive|TBECurry has 30 seconds left.\n|\n|t:|1700515140\n|switch|p1a: Cinderace|Cinderace, F|54\/100|[from] Chilly Reception\n|move|p2a: Luna|Charge Beam|p1a: Cinderace\n|-damage|p1a: Cinderace|0 fnt\n|faint|p1a: Cinderace\n|\n|-weather|Snow|[upkeep]\n|-end|p2a: Luna|move: Future Sight\n|-supereffective|p2a: Luna\n|-damage|p2a: Luna|72\/100 par\n|-heal|p2a: Luna|78\/100 par|[from] item: Leftovers\n|upkeep\n|inactive|TBECurry has 30 seconds left.\n|-message|TBECurry forfeited.\n|\n|win|Z-pokemaster2000\n|raw|TBECurry's rating: 1578 &rarr; <strong>1564<\/strong><br \/>(-14 for losing)\n|raw|Z-pokemaster2000's rating: 1677 &rarr; <strong>1691<\/strong><br \/>(+14 for winning)\n|l|\u2606TBECurry\n","uploadtime":1700515153,"views":12,"p1id":"tbecurry","p2id":"zpokemaster2000","formatid":"gen9ou","rating":1564,"private":0,"password":""}