{"id":"gen9ou-1991459353","p1":"danm777","p2":"SaiyanSage","format":"[Gen 9] OU","log":"|j|\u2606danm777\n|j|\u2606SaiyanSage\n|t:|1700078940\n|gametype|singles\n|player|p1|danm777|volkner|1130\n|player|p2|SaiyanSage|hoopster|1153\n|teamsize|p1|6\n|teamsize|p2|6\n|gen|9\n|tier|[Gen 9] OU\n|rated|\n|rule|Sleep Clause Mod: Limit one foe put to sleep\n|rule|Species Clause: Limit one of each Pok\u00e9mon\n|rule|OHKO Clause: OHKO moves are banned\n|rule|Evasion Items Clause: Evasion items are banned\n|rule|Evasion Moves Clause: Evasion moves are banned\n|rule|Endless Battle Clause: Forcing endless battles is banned\n|rule|HP Percentage Mod: HP is shown in percentages\n|clearpoke\n|poke|p1|Ribombee, M|\n|poke|p1|Toxapex, M|\n|poke|p1|Iron Valiant|\n|poke|p1|Cinderace, M|\n|poke|p1|Clefable, M|\n|poke|p1|Dragapult, M|\n|poke|p2|Lokix, F|\n|poke|p2|Rotom-Wash|\n|poke|p2|Dragapult, M|\n|poke|p2|Scizor, F|\n|poke|p2|Ninetales-Alola, M|\n|poke|p2|Dragonite, F|\n|teampreview\n|inactive|Battle timer is ON: inactive players will automatically lose when time's up. (requested by danm777)\n|\n|t:|1700078954\n|start\n|switch|p1a: Jinora|Ribombee, M|100\/100\n|switch|p2a: Ninetales|Ninetales-Alola, M|100\/100\n|-weather|Snow|[from] ability: Snow Warning|[of] p2a: Ninetales\n|turn|1\n|\n|t:|1700078965\n|move|p1a: Jinora|Sticky Web|p2a: Ninetales\n|-sidestart|p2: SaiyanSage|move: Sticky Web\n|move|p2a: Ninetales|Encore|p1a: Jinora\n|-start|p1a: Jinora|Encore\n|\n|-weather|Snow|[upkeep]\n|upkeep\n|turn|2\n|inactive|danm777 has 120 seconds left.\n|\n|t:|1700079014\n|switch|p1a: Zuko|Cinderace, M|100\/100\n|move|p2a: Ninetales|Aurora Veil|p2a: Ninetales\n|-sidestart|p2: SaiyanSage|move: Aurora Veil\n|\n|-weather|Snow|[upkeep]\n|upkeep\n|turn|3\n|inactive|danm777 has 90 seconds left.\n|\n|t:|1700079049\n|switch|p2a: Rotom|Rotom-Wash|100\/100\n|move|p1a: Zuko|Court Change|p1a: Zuko\n|-start|p1a: Zuko|typechange|Normal|[from] ability: Libero\n|-swapsideconditions\n|-activate|p1a: Zuko|move: Court Change\n|\n|-weather|Snow|[upkeep]\n|upkeep\n|turn|4\n|inactive|danm777 has 90 seconds left.\n|\n|t:|1700079072\n|switch|p1a: Raava|Clefable, M|100\/100\n|-activate|p1a: Raava|move: Sticky Web\n|-unboost|p1a: Raava|spe|1\n|switch|p2a: Ninetales|Ninetales-Alola, M|100\/100\n|\n|-weather|Snow|[upkeep]\n|upkeep\n|turn|5\n|\n|t:|1700079090\n|move|p2a: Ninetales|Aurora Veil|p2a: Ninetales\n|-sidestart|p2: SaiyanSage|move: Aurora Veil\n|move|p1a: Raava|Cosmic Power|p1a: Raava\n|-boost|p1a: Raava|def|1\n|-boost|p1a: Raava|spd|1\n|\n|-weather|none\n|upkeep\n|turn|6\n|\n|t:|1700079096\n|switch|p2a: Scizor|Scizor, F|100\/100\n|move|p1a: Raava|Cosmic Power|p1a: Raava\n|-boost|p1a: Raava|def|1\n|-boost|p1a: Raava|spd|1\n|\n|upkeep\n|turn|7\n|\n|t:|1700079101\n|move|p2a: Scizor|Swords Dance|p2a: Scizor\n|-boost|p2a: Scizor|atk|2\n|move|p1a: Raava|Cosmic Power|p1a: Raava\n|-boost|p1a: Raava|def|1\n|-boost|p1a: Raava|spd|1\n|\n|upkeep\n|turn|8\n|inactive|danm777 has 60 seconds left.\n|inactive|danm777 has 30 seconds left.\n|inactive|danm777 has 20 seconds left.\n|\n|t:|1700079171\n|move|p2a: Scizor|Focus Energy|p2a: Scizor\n|-start|p2a: Scizor|move: Focus Energy\n|move|p1a: Raava|Cosmic Power|p1a: Raava\n|-boost|p1a: Raava|def|1\n|-boost|p1a: Raava|spd|1\n|\n|upkeep\n|turn|9\n|inactive|danm777 has 30 seconds left this turn.\n|\n|t:|1700079181\n|move|p2a: Scizor|Swords Dance|p2a: Scizor\n|-boost|p2a: Scizor|atk|2\n|move|p1a: Raava|Stored Power|p2a: Scizor\n|-resisted|p2a: Scizor\n|-damage|p2a: Scizor|86\/100\n|\n|-sideend|p1: danm777|move: Aurora Veil\n|upkeep\n|turn|10\n|inactive|danm777 has 30 seconds left.\n|\n|t:|1700079188\n|move|p2a: Scizor|Bullet Punch|p1a: Raava\n|-supereffective|p1a: Raava\n|-crit|p1a: Raava\n|-damage|p1a: Raava|0 fnt\n|faint|p1a: Raava\n|\n|upkeep\n|inactive|danm777 has 30 seconds left.\n|\n|t:|1700079194\n|switch|p1a: Toxapex|Toxapex, M|100\/100\n|-activate|p1a: Toxapex|move: Sticky Web\n|-unboost|p1a: Toxapex|spe|1\n|turn|11\n|inactive|danm777 has 30 seconds left.\n|\n|t:|1700079205\n|move|p2a: Scizor|Bullet Punch|p1a: Toxapex\n|-resisted|p1a: Toxapex\n|-damage|p1a: Toxapex|61\/100\n|move|p1a: Toxapex|Liquidation|p2a: Scizor\n|-damage|p2a: Scizor|77\/100\n|\n|-heal|p1a: Toxapex|67\/100|[from] item: Black Sludge\n|upkeep\n|turn|12\n|\n|t:|1700079215\n|move|p1a: Toxapex|Baneful Bunker|p1a: Toxapex\n|-singleturn|p1a: Toxapex|move: Protect\n|move|p2a: Scizor|Swords Dance|p2a: Scizor\n|-boost|p2a: Scizor|atk|2\n|\n|-heal|p1a: Toxapex|74\/100|[from] item: Black Sludge\n|-sideend|p2: SaiyanSage|move: Aurora Veil\n|upkeep\n|turn|13\n|\n|t:|1700079218\n|move|p2a: Scizor|Bullet Punch|p1a: Toxapex\n|-resisted|p1a: Toxapex\n|-crit|p1a: Toxapex\n|-damage|p1a: Toxapex|0 fnt\n|faint|p1a: Toxapex\n|\n|upkeep\n|n|!danm777|danm777\n|inactive|danm777 has 30 seconds left.\n|inactive|danm777 has 20 seconds left.\n|inactive|danm777 has 15 seconds left.\n|\n|t:|1700079257\n|switch|p1a: Zuko|Cinderace, M|100\/100\n|turn|14\n|inactive|danm777 has 25 seconds left this turn.\n|inactive|danm777 has 20 seconds left.\n|inactive|danm777 has 15 seconds left.\n|\n|t:|1700079268\n|-terastallize|p2a: Scizor|Fire\n|move|p2a: Scizor|Bullet Punch|p1a: Zuko\n|-resisted|p1a: Zuko\n|-damage|p1a: Zuko|0 fnt\n|faint|p1a: Zuko\n|\n|upkeep\n|inactive|danm777 has 20 seconds left this turn.\n|inactive|danm777 has 15 seconds left.\n|inactive|danm777 has 10 seconds left.\n|inactiveoff|Battle timer is now OFF.\n|\n|t:|1700079288\n|switch|p1a: Piandao|Iron Valiant|100\/100\n|-activate|p1a: Piandao|move: Sticky Web\n|-unboost|p1a: Piandao|spe|1\n|-enditem|p1a: Piandao|Booster Energy\n|-activate|p1a: Piandao|ability: Quark Drive|[fromitem]\n|-start|p1a: Piandao|quarkdriveatk\n|turn|15\n|inactive|Battle timer is ON: inactive players will automatically lose when time's up. (requested by SaiyanSage)\n|inactive|danm777 has 20 seconds left this turn.\n|inactive|danm777 has 15 seconds left.\n|\n|t:|1700079295\n|move|p2a: Scizor|Bullet Punch|p1a: Piandao\n|-supereffective|p1a: Piandao\n|-damage|p1a: Piandao|0 fnt\n|faint|p1a: Piandao\n|-end|p1a: Piandao|Quark Drive|[silent]\n|\n|upkeep\n|inactive|danm777 has 20 seconds left this turn.\n|-message|danm777 forfeited.\n|\n|win|SaiyanSage\n|inactive|danm777 has 25 seconds left this turn.\n|raw|danm777's rating: 1130 &rarr; <strong>1107<\/strong><br \/>(-23 for losing)\n|raw|SaiyanSage's rating: 1153 &rarr; <strong>1176<\/strong><br \/>(+23 for winning)\n|l|!danm777\n","uploadtime":1700079223,"views":8,"p1id":"danm777","p2id":"saiyansage","formatid":"gen9ou","rating":1107,"private":0,"password":""}