{"id":"gen9ou-1996667933","p1":"Hellow0rldd","p2":"Username momento","format":"[Gen 9] OU","log":"|j|\u2606Hellow0rldd\n|j|\u2606Username momento\n|t:|1700707340\n|gametype|singles\n|player|p1|Hellow0rldd|aromalady|1438\n|player|p2|Username momento|ninjaboy|1556\n|teamsize|p1|6\n|teamsize|p2|6\n|gen|9\n|tier|[Gen 9] OU\n|rated|\n|rule|Sleep Clause Mod: Limit one foe put to sleep\n|rule|Species Clause: Limit one of each Pok\u00e9mon\n|rule|OHKO Clause: OHKO moves are banned\n|rule|Evasion Items Clause: Evasion items are banned\n|rule|Evasion Moves Clause: Evasion moves are banned\n|rule|Endless Battle Clause: Forcing endless battles is banned\n|rule|HP Percentage Mod: HP is shown in percentages\n|clearpoke\n|poke|p1|Ogerpon-Wellspring, F|\n|poke|p1|Landorus-Therian, M|\n|poke|p1|Walking Wake|\n|poke|p1|Scizor, M|\n|poke|p1|Heatran, M|\n|poke|p1|Corviknight, M|\n|poke|p2|Meowscarada, F|\n|poke|p2|Kingambit, M|\n|poke|p2|Zapdos|\n|poke|p2|Zamazenta-*|\n|poke|p2|Great Tusk|\n|poke|p2|Iron Moth|\n|teampreview\n|inactive|Battle timer is ON: inactive players will automatically lose when time's up. (requested by Hellow0rldd)\n|\n|t:|1700707366\n|start\n|switch|p1a: Walking Wake|Walking Wake|100\/100\n|switch|p2a: Meowscarada|Meowscarada, F|100\/100\n|turn|1\n|\n|t:|1700707382\n|move|p2a: Meowscarada|U-turn|p1a: Walking Wake\n|-start|p2a: Meowscarada|typechange|Bug|[from] ability: Protean\n|-damage|p1a: Walking Wake|47\/100\n|\n|t:|1700707391\n|switch|p2a: Zapdos|Zapdos|100\/100|[from] U-turn\n|move|p1a: Walking Wake|Flamethrower|p2a: Zapdos\n|-damage|p2a: Zapdos|55\/100\n|\n|upkeep\n|turn|2\n|\n|t:|1700707409\n|move|p1a: Walking Wake|Flamethrower|p2a: Zapdos\n|-damage|p2a: Zapdos|11\/100\n|move|p2a: Zapdos|Roost|p2a: Zapdos\n|-heal|p2a: Zapdos|61\/100\n|-singleturn|p2a: Zapdos|move: Roost\n|\n|upkeep\n|turn|3\n|\n|t:|1700707417\n|-end|p1a: Walking Wake|Protosynthesis|[silent]\n|switch|p1a: Landorus|Landorus-Therian, M|100\/100\n|-ability|p1a: Landorus|Intimidate|boost\n|-unboost|p2a: Zapdos|atk|1\n|move|p2a: Zapdos|Hurricane|p1a: Landorus|[miss]\n|-miss|p2a: Zapdos|p1a: Landorus\n|\n|upkeep\n|turn|4\n|\n|t:|1700707425\n|move|p2a: Zapdos|Roost|p2a: Zapdos\n|-heal|p2a: Zapdos|100\/100\n|-singleturn|p2a: Zapdos|move: Roost\n|move|p1a: Landorus|Smack Down|p2a: Zapdos\n|-crit|p2a: Zapdos\n|-damage|p2a: Zapdos|82\/100\n|\n|upkeep\n|turn|5\n|\n|t:|1700707440\n|switch|p2a: Zamazenta|Zamazenta|100\/100\n|-ability|p2a: Zamazenta|Dauntless Shield|boost\n|-boost|p2a: Zamazenta|def|1\n|move|p1a: Landorus|Smack Down|p2a: Zamazenta\n|-resisted|p2a: Zamazenta\n|-damage|p2a: Zamazenta|97\/100\n|\n|-heal|p2a: Zamazenta|100\/100|[from] item: Leftovers\n|upkeep\n|turn|6\n|\n|t:|1700707449\n|move|p2a: Zamazenta|Iron Defense|p2a: Zamazenta\n|-boost|p2a: Zamazenta|def|2\n|move|p1a: Landorus|U-turn|p2a: Zamazenta\n|-resisted|p2a: Zamazenta\n|-damage|p2a: Zamazenta|97\/100\n|inactive|Hellow0rldd has 120 seconds left.\n|\n|t:|1700707496\n|switch|p1a: Corviknight|Corviknight, M|100\/100|[from] U-turn\n|-ability|p1a: Corviknight|Pressure\n|\n|-heal|p2a: Zamazenta|100\/100|[from] item: Leftovers\n|upkeep\n|turn|7\n|\n|t:|1700707506\n|move|p2a: Zamazenta|Iron Defense|p2a: Zamazenta\n|-boost|p2a: Zamazenta|def|2\n|move|p1a: Corviknight|Brave Bird|p2a: Zamazenta\n|-supereffective|p2a: Zamazenta\n|-damage|p2a: Zamazenta|84\/100\n|-damage|p1a: Corviknight|96\/100|[from] Recoil\n|\n|-heal|p2a: Zamazenta|90\/100|[from] item: Leftovers\n|-heal|p1a: Corviknight|100\/100|[from] item: Leftovers\n|upkeep\n|turn|8\n|\n|t:|1700707516\n|move|p2a: Zamazenta|Iron Defense|p2a: Zamazenta\n|-boost|p2a: Zamazenta|def|1\n|move|p1a: Corviknight|U-turn|p2a: Zamazenta\n|-resisted|p2a: Zamazenta\n|-damage|p2a: Zamazenta|89\/100\n|inactive|Hellow0rldd has 90 seconds left.\n|\n|t:|1700707559\n|switch|p1a: Landorus|Landorus-Therian, M|100\/100|[from] U-turn\n|-ability|p1a: Landorus|Intimidate|boost\n|-unboost|p2a: Zamazenta|atk|1\n|\n|-heal|p2a: Zamazenta|95\/100|[from] item: Leftovers\n|upkeep\n|turn|9\n|\n|t:|1700707568\n|move|p2a: Zamazenta|Body Press|p1a: Landorus\n|-resisted|p1a: Landorus\n|-damage|p1a: Landorus|45\/100\n|-damage|p2a: Zamazenta|78\/100|[from] item: Rocky Helmet|[of] p1a: Landorus\n|move|p1a: Landorus|Grass Knot|p2a: Zamazenta\n|-damage|p2a: Zamazenta|54\/100\n|\n|-heal|p2a: Zamazenta|60\/100|[from] item: Leftovers\n|upkeep\n|turn|10\n|\n|t:|1700707577\n|move|p2a: Zamazenta|Body Press|p1a: Landorus\n|-resisted|p1a: Landorus\n|-damage|p1a: Landorus|0 fnt\n|-damage|p2a: Zamazenta|43\/100|[from] item: Rocky Helmet|[of] p1a: Landorus\n|faint|p1a: Landorus\n|\n|-heal|p2a: Zamazenta|50\/100|[from] item: Leftovers\n|upkeep\n|\n|t:|1700707588\n|switch|p1a: Heatran|Heatran, M|100\/100\n|turn|11\n|\n|t:|1700707594\n|-terastallize|p1a: Heatran|Bug\n|move|p2a: Zamazenta|Body Press|p1a: Heatran\n|-resisted|p1a: Heatran\n|-damage|p1a: Heatran|25\/100\n|move|p1a: Heatran|Magma Storm|p2a: Zamazenta\n|-damage|p2a: Zamazenta|2\/100\n|-activate|p2a: Zamazenta|move: Magma Storm|[of] p1a: Heatran\n|\n|-heal|p2a: Zamazenta|8\/100|[from] item: Leftovers\n|-heal|p1a: Heatran|31\/100|[from] item: Leftovers\n|-damage|p2a: Zamazenta|0 fnt|[from] move: Magma Storm|[partiallytrapped]\n|faint|p2a: Zamazenta\n|upkeep\n|\n|t:|1700707608\n|switch|p2a: Iron Moth|Iron Moth|100\/100\n|-enditem|p2a: Iron Moth|Booster Energy\n|-activate|p2a: Iron Moth|ability: Quark Drive|[fromitem]\n|-start|p2a: Iron Moth|quarkdrivespe\n|turn|12\n|inactive|Hellow0rldd has 90 seconds left.\n|\n|t:|1700707619\n|move|p2a: Iron Moth|Sludge Wave|p1a: Heatran\n|-damage|p1a: Heatran|0 fnt\n|faint|p1a: Heatran\n|\n|upkeep\n|inactive|Hellow0rldd has 90 seconds left.\n|\n|t:|1700707636\n|switch|p1a: Corviknight|Corviknight, M|100\/100\n|-ability|p1a: Corviknight|Pressure\n|turn|13\n|\n|t:|1700707642\n|move|p2a: Iron Moth|Fiery Dance|p1a: Corviknight\n|-supereffective|p1a: Corviknight\n|-damage|p1a: Corviknight|27\/100\n|-boost|p2a: Iron Moth|spa|1\n|move|p1a: Corviknight|Brave Bird|p2a: Iron Moth\n|-damage|p2a: Iron Moth|44\/100\n|-damage|p1a: Corviknight|13\/100|[from] Recoil\n|\n|-heal|p1a: Corviknight|19\/100|[from] item: Leftovers\n|upkeep\n|turn|14\n|inactive|Hellow0rldd has 90 seconds left.\n|\n|t:|1700707652\n|move|p2a: Iron Moth|Fiery Dance|p1a: Corviknight\n|-supereffective|p1a: Corviknight\n|-damage|p1a: Corviknight|0 fnt\n|faint|p1a: Corviknight\n|\n|upkeep\n|\n|t:|1700707669\n|switch|p1a: Scizor|Scizor, M|100\/100\n|turn|15\n|\n|t:|1700707676\n|move|p1a: Scizor|Bullet Punch|p2a: Iron Moth\n|-resisted|p2a: Iron Moth\n|-damage|p2a: Iron Moth|11\/100\n|-damage|p1a: Scizor|90\/100|[from] item: Life Orb\n|move|p2a: Iron Moth|Fiery Dance|p1a: Scizor\n|-supereffective|p1a: Scizor\n|-damage|p1a: Scizor|0 fnt\n|-boost|p2a: Iron Moth|spa|1\n|faint|p1a: Scizor\n|\n|upkeep\n|\n|t:|1700707685\n|switch|p1a: Walking Wake|Walking Wake|47\/100\n|turn|16\n|\n|t:|1700707691\n|move|p2a: Iron Moth|Dazzling Gleam|p1a: Walking Wake\n|-supereffective|p1a: Walking Wake\n|-crit|p1a: Walking Wake\n|-damage|p1a: Walking Wake|0 fnt\n|faint|p1a: Walking Wake\n|-end|p1a: Walking Wake|Protosynthesis|[silent]\n|\n|upkeep\n|-message|Hellow0rldd forfeited.\n|\n|win|Username momento\n|raw|Hellow0rldd's rating: 1438 &rarr; <strong>1425<\/strong><br \/>(-13 for losing)\n|raw|Username momento's rating: 1556 &rarr; <strong>1569<\/strong><br \/>(+13 for winning)\n|l|\u2606Hellow0rldd\n","uploadtime":1700707702,"views":2,"p1id":"hellow0rldd","p2id":"usernamemomento","formatid":"gen9ou","rating":1425,"private":0,"password":""}