{"id":"gen9ou-2000390631","p1":"The Lazy Onee","p2":"BuRnZ_PaUl","format":"[Gen 9] OU","log":"|j|\u2606The Lazy Onee\n|j|\u2606BuRnZ_PaUl\n|t:|1701190824\n|gametype|singles\n|player|p1|The Lazy Onee|dahlia|1503\n|player|p2|BuRnZ_PaUl|riley|1559\n|teamsize|p1|6\n|teamsize|p2|6\n|gen|9\n|tier|[Gen 9] OU\n|rated|\n|rule|Sleep Clause Mod: Limit one foe put to sleep\n|rule|Species Clause: Limit one of each Pok\u00e9mon\n|rule|OHKO Clause: OHKO moves are banned\n|rule|Evasion Items Clause: Evasion items are banned\n|rule|Evasion Moves Clause: Evasion moves are banned\n|rule|Endless Battle Clause: Forcing endless battles is banned\n|rule|HP Percentage Mod: HP is shown in percentages\n|clearpoke\n|poke|p1|Alomomola, F|\n|poke|p1|Slowking-Galar, F|\n|poke|p1|Kingambit, F|\n|poke|p1|Great Tusk|\n|poke|p1|Cinderace, F|\n|poke|p1|Thundurus-Therian, M|\n|poke|p2|Enamorus, F|\n|poke|p2|Dragapult, M|\n|poke|p2|Iron Valiant|\n|poke|p2|Gholdengo|\n|poke|p2|Iron Treads|\n|poke|p2|Dragonite, M|\n|teampreview\n|inactive|Battle timer is ON: inactive players will automatically lose when time's up. (requested by BuRnZ_PaUl)\n|\n|t:|1701190851\n|start\n|switch|p1a: Slowking|Slowking-Galar, F|100\/100\n|switch|p2a: Enamorus|Enamorus, F|100\/100\n|turn|1\n|\n|t:|1701190858\n|switch|p2a: Iron Treads|Iron Treads|100\/100\n|-enditem|p2a: Iron Treads|Booster Energy\n|-activate|p2a: Iron Treads|ability: Quark Drive|[fromitem]\n|-start|p2a: Iron Treads|quarkdrivespe\n|move|p1a: Slowking|Chilly Reception|p1a: Slowking\n|-weather|Snow\n|\n|t:|1701190872\n|switch|p1a: Great Tusk|Great Tusk|100\/100|[from] Chilly Reception\n|\n|-weather|Snow|[upkeep]\n|upkeep\n|turn|2\n|\n|t:|1701190875\n|move|p2a: Iron Treads|Stealth Rock|p1a: Great Tusk\n|-sidestart|p1: The Lazy Onee|move: Stealth Rock\n|move|p1a: Great Tusk|Rapid Spin|p2a: Iron Treads\n|-resisted|p2a: Iron Treads\n|-damage|p2a: Iron Treads|93\/100\n|-boost|p1a: Great Tusk|spe|1\n|-sideend|p1: The Lazy Onee|Stealth Rock|[from] move: Rapid Spin|[of] p1a: Great Tusk\n|\n|-weather|Snow|[upkeep]\n|upkeep\n|turn|3\n|\n|t:|1701190883\n|move|p2a: Iron Treads|Stealth Rock|p1a: Great Tusk\n|-sidestart|p1: The Lazy Onee|move: Stealth Rock\n|move|p1a: Great Tusk|Stealth Rock|p2a: Iron Treads\n|-sidestart|p2: BuRnZ_PaUl|move: Stealth Rock\n|\n|-weather|Snow|[upkeep]\n|upkeep\n|turn|4\n|\n|t:|1701190889\n|move|p2a: Iron Treads|Rapid Spin|p1a: Great Tusk\n|-damage|p1a: Great Tusk|92\/100\n|-boost|p2a: Iron Treads|spe|1\n|-damage|p2a: Iron Treads|77\/100|[from] item: Rocky Helmet|[of] p1a: Great Tusk\n|-sideend|p2: BuRnZ_PaUl|Stealth Rock|[from] move: Rapid Spin|[of] p2a: Iron Treads\n|move|p1a: Great Tusk|Ice Spinner|p2a: Iron Treads\n|-damage|p2a: Iron Treads|55\/100\n|\n|-weather|Snow|[upkeep]\n|upkeep\n|turn|5\n|\n|t:|1701190896\n|-end|p2a: Iron Treads|Quark Drive|[silent]\n|switch|p2a: Gholdengo|Gholdengo|100\/100\n|-item|p2a: Gholdengo|Air Balloon\n|move|p1a: Great Tusk|Rapid Spin|p2a: Gholdengo\n|-immune|p2a: Gholdengo\n|\n|-weather|none\n|upkeep\n|turn|6\n|\n|t:|1701190905\n|move|p1a: Great Tusk|Ice Spinner|p2a: Gholdengo\n|-resisted|p2a: Gholdengo\n|-damage|p2a: Gholdengo|85\/100\n|-enditem|p2a: Gholdengo|Air Balloon\n|move|p2a: Gholdengo|Make It Rain|p1a: Great Tusk\n|-damage|p1a: Great Tusk|3\/100\n|-unboost|p2a: Gholdengo|spa|1\n|\n|upkeep\n|turn|7\n|\n|t:|1701190917\n|switch|p2a: Iron Treads|Iron Treads|55\/100\n|move|p1a: Great Tusk|Rapid Spin|p2a: Iron Treads\n|-resisted|p2a: Iron Treads\n|-damage|p2a: Iron Treads|48\/100\n|-boost|p1a: Great Tusk|spe|1\n|-sideend|p1: The Lazy Onee|Stealth Rock|[from] move: Rapid Spin|[of] p1a: Great Tusk\n|\n|upkeep\n|turn|8\n|\n|t:|1701190922\n|move|p1a: Great Tusk|Headlong Rush|p2a: Iron Treads\n|-supereffective|p2a: Iron Treads\n|-damage|p2a: Iron Treads|0 fnt\n|-unboost|p1a: Great Tusk|def|1\n|-unboost|p1a: Great Tusk|spd|1\n|faint|p2a: Iron Treads\n|-end|p2a: Iron Treads|Quark Drive|[silent]\n|\n|upkeep\n|\n|t:|1701190931\n|switch|p2a: Dragonite|Dragonite, M|100\/100\n|turn|9\n|\n|t:|1701190938\n|-end|p1a: Great Tusk|Protosynthesis|[silent]\n|switch|p1a: Slowking|Slowking-Galar, F|100\/100\n|move|p2a: Dragonite|Extreme Speed|p1a: Slowking\n|-damage|p1a: Slowking|69\/100\n|\n|upkeep\n|turn|10\n|\n|t:|1701190952\n|-terastallize|p2a: Dragonite|Normal\n|move|p2a: Dragonite|Dragon Dance|p2a: Dragonite\n|-boost|p2a: Dragonite|atk|1\n|-boost|p2a: Dragonite|spe|1\n|move|p1a: Slowking|Chilly Reception|p1a: Slowking\n|-weather|Snow\n|\n|t:|1701190958\n|switch|p1a: Alomomola|Alomomola, F|100\/100|[from] Chilly Reception\n|\n|-weather|Snow|[upkeep]\n|upkeep\n|turn|11\n|\n|t:|1701190968\n|move|p2a: Dragonite|Dragon Dance|p2a: Dragonite\n|-boost|p2a: Dragonite|atk|1\n|-boost|p2a: Dragonite|spe|1\n|move|p1a: Alomomola|Scald|p2a: Dragonite\n|-damage|p2a: Dragonite|94\/100\n|-status|p2a: Dragonite|brn\n|\n|-weather|Snow|[upkeep]\n|-damage|p2a: Dragonite|88\/100 brn|[from] brn\n|upkeep\n|turn|12\n|\n|t:|1701190974\n|move|p2a: Dragonite|Dragon Dance|p2a: Dragonite\n|-boost|p2a: Dragonite|atk|1\n|-boost|p2a: Dragonite|spe|1\n|move|p1a: Alomomola|Wish|p1a: Alomomola\n|\n|-weather|Snow|[upkeep]\n|-damage|p2a: Dragonite|82\/100 brn|[from] brn\n|upkeep\n|turn|13\n|\n|t:|1701190982\n|move|p2a: Dragonite|Dragon Dance|p2a: Dragonite\n|-boost|p2a: Dragonite|atk|1\n|-boost|p2a: Dragonite|spe|1\n|move|p1a: Alomomola|Scald|p2a: Dragonite\n|-damage|p2a: Dragonite|69\/100 brn\n|\n|-weather|Snow|[upkeep]\n|-damage|p2a: Dragonite|63\/100 brn|[from] brn\n|upkeep\n|turn|14\n|\n|t:|1701190989\n|move|p2a: Dragonite|Dragon Dance|p2a: Dragonite\n|-boost|p2a: Dragonite|atk|1\n|-boost|p2a: Dragonite|spe|1\n|move|p1a: Alomomola|Wish|p1a: Alomomola\n|\n|-weather|none\n|-damage|p2a: Dragonite|57\/100 brn|[from] brn\n|upkeep\n|turn|15\n|\n|t:|1701190998\n|move|p2a: Dragonite|Dragon Dance|p2a: Dragonite\n|-boost|p2a: Dragonite|atk|1\n|-boost|p2a: Dragonite|spe|1\n|move|p1a: Alomomola|Scald|p2a: Dragonite\n|-damage|p2a: Dragonite|43\/100 brn\n|\n|-damage|p2a: Dragonite|37\/100 brn|[from] brn\n|upkeep\n|turn|16\n|\n|t:|1701191025\n|move|p2a: Dragonite|Extreme Speed|p1a: Alomomola\n|-damage|p1a: Alomomola|41\/100\n|-enditem|p1a: Alomomola|Red Card|[of] p2a: Dragonite\n|drag|p2a: Gholdengo|Gholdengo|85\/100\n|move|p1a: Alomomola|Scald|p2a: Gholdengo\n|-damage|p2a: Gholdengo|67\/100\n|\n|upkeep\n|turn|17\n|\n|t:|1701191036\n|move|p2a: Gholdengo|Nasty Plot|p2a: Gholdengo\n|-boost|p2a: Gholdengo|spa|2\n|move|p1a: Alomomola|Flip Turn|p2a: Gholdengo\n|-crit|p2a: Gholdengo\n|-damage|p2a: Gholdengo|41\/100\n|\n|t:|1701191040\n|switch|p1a: Great Tusk|Great Tusk|3\/100|[from] Flip Turn\n|\n|upkeep\n|turn|18\n|\n|t:|1701191047\n|move|p1a: Great Tusk|Stealth Rock|p2a: Gholdengo\n|-sidestart|p2: BuRnZ_PaUl|move: Stealth Rock\n|move|p2a: Gholdengo|Shadow Ball|p1a: Great Tusk\n|-damage|p1a: Great Tusk|0 fnt\n|faint|p1a: Great Tusk\n|-end|p1a: Great Tusk|Protosynthesis|[silent]\n|\n|upkeep\n|\n|t:|1701191052\n|switch|p1a: Cinderace|Cinderace, F|100\/100\n|turn|19\n|\n|t:|1701191055\n|move|p1a: Cinderace|Pyro Ball|p2a: Gholdengo\n|-supereffective|p2a: Gholdengo\n|-damage|p2a: Gholdengo|0 fnt\n|faint|p2a: Gholdengo\n|\n|upkeep\n|\n|t:|1701191067\n|switch|p2a: Dragapult|Dragapult, M|100\/100\n|-damage|p2a: Dragapult|88\/100|[from] Stealth Rock\n|turn|20\n|\n|t:|1701191075\n|switch|p2a: Iron Valiant|Iron Valiant|100\/100\n|-damage|p2a: Iron Valiant|94\/100|[from] Stealth Rock\n|-enditem|p2a: Iron Valiant|Booster Energy\n|-activate|p2a: Iron Valiant|ability: Quark Drive|[fromitem]\n|-start|p2a: Iron Valiant|quarkdrivespe\n|switch|p1a: Slowking|Slowking-Galar, F|100\/100\n|\n|upkeep\n|turn|21\n|\n|t:|1701191086\n|move|p2a: Iron Valiant|Calm Mind|p2a: Iron Valiant\n|-boost|p2a: Iron Valiant|spa|1\n|-boost|p2a: Iron Valiant|spd|1\n|move|p1a: Slowking|Future Sight|p2a: Iron Valiant\n|-start|p1a: Slowking|move: Future Sight\n|\n|upkeep\n|turn|22\n|\n|t:|1701191092\n|move|p2a: Iron Valiant|Encore|p1a: Slowking\n|-start|p1a: Slowking|Encore\n|move|p1a: Slowking|Future Sight||[still]\n|-fail|p1a: Slowking\n|\n|upkeep\n|turn|23\n|\n|t:|1701191098\n|switch|p1a: Alomomola|Alomomola, F|74\/100\n|move|p2a: Iron Valiant|Psyshock|p1a: Alomomola\n|-damage|p1a: Alomomola|49\/100\n|\n|-end|p2a: Iron Valiant|move: Future Sight\n|-supereffective|p2a: Iron Valiant\n|-crit|p2a: Iron Valiant\n|-damage|p2a: Iron Valiant|0 fnt\n|faint|p2a: Iron Valiant\n|-end|p2a: Iron Valiant|Quark Drive|[silent]\n|upkeep\n|\n|t:|1701191110\n|switch|p2a: Enamorus|Enamorus, F|100\/100\n|-damage|p2a: Enamorus|76\/100|[from] Stealth Rock\n|turn|24\n|\n|t:|1701191115\n|switch|p1a: Slowking|Slowking-Galar, F|100\/100\n|move|p2a: Enamorus|Substitute|p2a: Enamorus\n|-start|p2a: Enamorus|Substitute\n|-damage|p2a: Enamorus|51\/100\n|\n|-heal|p2a: Enamorus|57\/100|[from] item: Leftovers\n|upkeep\n|turn|25\n|\n|t:|1701191122\n|move|p2a: Enamorus|Calm Mind|p2a: Enamorus\n|-boost|p2a: Enamorus|spa|1\n|-boost|p2a: Enamorus|spd|1\n|move|p1a: Slowking|Sludge Bomb|p2a: Enamorus\n|-supereffective|p2a: Enamorus\n|-end|p2a: Enamorus|Substitute\n|\n|-heal|p2a: Enamorus|63\/100|[from] item: Leftovers\n|upkeep\n|turn|26\n|\n|t:|1701191127\n|move|p2a: Enamorus|Earth Power|p1a: Slowking\n|-supereffective|p1a: Slowking\n|-damage|p1a: Slowking|44\/100\n|move|p1a: Slowking|Sludge Bomb|p2a: Enamorus\n|-supereffective|p2a: Enamorus\n|-damage|p2a: Enamorus|0 fnt\n|faint|p2a: Enamorus\n|\n|upkeep\n|\n|t:|1701191132\n|switch|p2a: Dragapult|Dragapult, M|88\/100\n|-damage|p2a: Dragapult|76\/100|[from] Stealth Rock\n|turn|27\n|\n|t:|1701191136\n|move|p2a: Dragapult|Dragon Dance|p2a: Dragapult\n|-boost|p2a: Dragapult|atk|1\n|-boost|p2a: Dragapult|spe|1\n|move|p1a: Slowking|Ice Beam|p2a: Dragapult\n|-supereffective|p2a: Dragapult\n|-damage|p2a: Dragapult|15\/100\n|\n|upkeep\n|turn|28\n|\n|t:|1701191143\n|switch|p1a: Alomomola|Alomomola, F|82\/100\n|move|p2a: Dragapult|Dragon Darts|p1a: Alomomola\n|-damage|p1a: Alomomola|57\/100\n|-anim|p2a: Dragapult|Dragon Darts|p1a: Alomomola\n|-damage|p1a: Alomomola|32\/100\n|\n|upkeep\n|turn|29\n|\n|t:|1701191150\n|switch|p1a: Slowking|Slowking-Galar, F|77\/100\n|move|p2a: Dragapult|Dragon Darts|p1a: Slowking\n|-damage|p1a: Slowking|37\/100\n|-anim|p2a: Dragapult|Dragon Darts|p1a: Slowking\n|-damage|p1a: Slowking|0 fnt\n|faint|p1a: Slowking\n|\n|upkeep\n|\n|t:|1701191170\n|switch|p1a: Alomomola|Alomomola, F|66\/100\n|turn|30\n|\n|t:|1701191174\n|move|p2a: Dragapult|Dragon Darts|p1a: Alomomola\n|-damage|p1a: Alomomola|39\/100\n|-anim|p2a: Dragapult|Dragon Darts|p1a: Alomomola\n|-damage|p1a: Alomomola|15\/100\n|move|p1a: Alomomola|Wish|p1a: Alomomola\n|\n|upkeep\n|turn|31\n|\n|t:|1701191180\n|switch|p1a: Kingambit|Kingambit, F|100\/100\n|-activate|p1a: Kingambit|ability: Supreme Overlord\n|-start|p1a: Kingambit|fallen2|[silent]\n|move|p2a: Dragapult|Dragon Dance|p2a: Dragapult\n|-boost|p2a: Dragapult|atk|1\n|-boost|p2a: Dragapult|spe|1\n|\n|upkeep\n|turn|32\n|\n|t:|1701191188\n|move|p1a: Kingambit|Sucker Punch||[still]\n|-fail|p1a: Kingambit\n|move|p2a: Dragapult|Dragon Dance|p2a: Dragapult\n|-boost|p2a: Dragapult|atk|1\n|-boost|p2a: Dragapult|spe|1\n|\n|upkeep\n|turn|33\n|\n|t:|1701191192\n|move|p1a: Kingambit|Sucker Punch|p2a: Dragapult\n|-supereffective|p2a: Dragapult\n|-damage|p2a: Dragapult|0 fnt\n|faint|p2a: Dragapult\n|\n|upkeep\n|\n|t:|1701191194\n|switch|p2a: Dragonite|Dragonite, M, tera:Normal|37\/100 brn\n|turn|34\n|\n|t:|1701191197\n|move|p2a: Dragonite|Dragon Dance|p2a: Dragonite\n|-boost|p2a: Dragonite|atk|1\n|-boost|p2a: Dragonite|spe|1\n|move|p1a: Kingambit|Iron Head|p2a: Dragonite\n|-damage|p2a: Dragonite|0 fnt\n|faint|p2a: Dragonite\n|\n|win|The Lazy Onee\n|raw|The Lazy Onee's rating: 1503 &rarr; <strong>1526<\/strong><br \/>(+23 for winning)\n|raw|BuRnZ_PaUl's rating: 1559 &rarr; <strong>1536<\/strong><br \/>(-23 for losing)\n|l|\u2606BuRnZ_PaUl\n","uploadtime":1701191512,"views":1,"p1id":"thelazyonee","p2id":"burnzpaul","formatid":"gen9ou","rating":1526,"private":0,"password":""}