{"id":"gen9ou-1988258787","p1":"dcrpt","p2":"Slo Overdose","format":"[Gen 9] OU","log":"|j|\u2606dcrpt\n|j|\u2606Slo Overdose\n|t:|1699696302\n|gametype|singles\n|player|p1|dcrpt|170|1477\n|player|p2|Slo Overdose|anabel|1479\n|teamsize|p1|6\n|teamsize|p2|6\n|gen|9\n|tier|[Gen 9] OU\n|rated|\n|rule|Sleep Clause Mod: Limit one foe put to sleep\n|rule|Species Clause: Limit one of each Pok\u00e9mon\n|rule|OHKO Clause: OHKO moves are banned\n|rule|Evasion Items Clause: Evasion items are banned\n|rule|Evasion Moves Clause: Evasion moves are banned\n|rule|Endless Battle Clause: Forcing endless battles is banned\n|rule|HP Percentage Mod: HP is shown in percentages\n|clearpoke\n|poke|p1|Walking Wake|\n|poke|p1|Maushold-Four|\n|poke|p1|Dragonite, F|\n|poke|p1|Weezing-Galar, M|\n|poke|p1|Great Tusk|\n|poke|p1|Muk-Alola, F|\n|poke|p2|Great Tusk|\n|poke|p2|Sneasler, M|\n|poke|p2|Samurott-Hisui, M|\n|poke|p2|Iron Valiant|\n|poke|p2|Ogerpon-Wellspring, F|\n|poke|p2|Gengar, F|\n|teampreview\n|inactive|Battle timer is ON: inactive players will automatically lose when time's up. (requested by Slo Overdose)\n|\n|t:|1699696328\n|start\n|switch|p1a: Weezing|Weezing-Galar, M|100\/100\n|switch|p2a: Samurott|Samurott-Hisui, M|100\/100\n|turn|1\n|\n|t:|1699696334\n|move|p2a: Samurott|Razor Shell|p1a: Weezing\n|-damage|p1a: Weezing|43\/100\n|move|p1a: Weezing|Strange Steam|p2a: Samurott\n|-supereffective|p2a: Samurott\n|-enditem|p2a: Samurott|Focus Sash\n|-damage|p2a: Samurott|1\/100\n|\n|upkeep\n|turn|2\n|\n|t:|1699696343\n|switch|p1a: Walking Wake|Walking Wake|100\/100\n|move|p2a: Samurott|Razor Shell|p1a: Walking Wake\n|-resisted|p1a: Walking Wake\n|-damage|p1a: Walking Wake|84\/100\n|\n|upkeep\n|turn|3\n|\n|t:|1699696354\n|switch|p2a: Ogerpon|Ogerpon-Wellspring, F|100\/100\n|move|p1a: Walking Wake|Flip Turn|p2a: Ogerpon\n|-immune|p2a: Ogerpon|[from] ability: Water Absorb\n|\n|upkeep\n|turn|4\n|\n|t:|1699696363\n|-end|p1a: Walking Wake|Protosynthesis|[silent]\n|switch|p1a: Dragonite|Dragonite, F|100\/100\n|move|p2a: Ogerpon|Swords Dance|p2a: Ogerpon\n|-boost|p2a: Ogerpon|atk|2\n|\n|upkeep\n|turn|5\n|\n|t:|1699696370\n|move|p1a: Dragonite|Extreme Speed|p2a: Ogerpon\n|-crit|p2a: Ogerpon\n|-damage|p2a: Ogerpon|13\/100\n|move|p2a: Ogerpon|Play Rough|p1a: Dragonite\n|-supereffective|p1a: Dragonite\n|-damage|p1a: Dragonite|24\/100\n|\n|upkeep\n|turn|6\n|\n|t:|1699696377\n|switch|p2a: Gengar|Gengar, F|100\/100\n|move|p1a: Dragonite|Extreme Speed|p2a: Gengar\n|-immune|p2a: Gengar\n|\n|upkeep\n|turn|7\n|\n|t:|1699696381\n|switch|p1a: Muk|Muk-Alola, F|100\/100\n|move|p2a: Gengar|Sludge Bomb|p1a: Muk\n|-resisted|p1a: Muk\n|-damage|p1a: Muk|87\/100\n|\n|-heal|p1a: Muk|93\/100|[from] item: Black Sludge\n|upkeep\n|turn|8\n|\n|t:|1699696386\n|switch|p2a: Great Tusk|Great Tusk|100\/100\n|move|p1a: Muk|Knock Off|p2a: Great Tusk\n|-resisted|p2a: Great Tusk\n|-damage|p2a: Great Tusk|88\/100\n|-status|p2a: Great Tusk|psn|[from] ability: Poison Touch|[of] p1a: Muk\n|-enditem|p2a: Great Tusk|Lum Berry|[eat]\n|-curestatus|p2a: Great Tusk|psn|[msg]\n|\n|-heal|p1a: Muk|99\/100|[from] item: Black Sludge\n|upkeep\n|turn|9\n|\n|t:|1699696394\n|switch|p1a: Weezing|Weezing-Galar, M|43\/100\n|move|p2a: Great Tusk|Ice Spinner|p1a: Weezing\n|-damage|p1a: Weezing|15\/100\n|\n|upkeep\n|turn|10\n|\n|t:|1699696400\n|move|p2a: Great Tusk|Ice Spinner|p1a: Weezing\n|-damage|p1a: Weezing|0 fnt\n|faint|p1a: Weezing\n|\n|upkeep\n|\n|t:|1699696412\n|switch|p1a: Walking Wake|Walking Wake|84\/100\n|turn|11\n|\n|t:|1699696417\n|-end|p2a: Great Tusk|Protosynthesis|[silent]\n|switch|p2a: Iron Valiant|Iron Valiant|100\/100\n|-enditem|p2a: Iron Valiant|Booster Energy\n|-activate|p2a: Iron Valiant|ability: Quark Drive|[fromitem]\n|-start|p2a: Iron Valiant|quarkdrivespe\n|move|p1a: Walking Wake|Draco Meteor|p2a: Iron Valiant\n|-immune|p2a: Iron Valiant\n|\n|upkeep\n|turn|12\n|\n|t:|1699696433\n|-end|p1a: Walking Wake|Protosynthesis|[silent]\n|switch|p1a: Muk|Muk-Alola, F|99\/100\n|move|p2a: Iron Valiant|Calm Mind|p2a: Iron Valiant\n|-boost|p2a: Iron Valiant|spa|1\n|-boost|p2a: Iron Valiant|spd|1\n|\n|-heal|p1a: Muk|100\/100|[from] item: Black Sludge\n|upkeep\n|turn|13\n|\n|t:|1699696443\n|-terastallize|p2a: Iron Valiant|Ghost\n|move|p2a: Iron Valiant|Moonblast|p1a: Muk\n|-damage|p1a: Muk|55\/100\n|move|p1a: Muk|Drain Punch|p2a: Iron Valiant\n|-immune|p2a: Iron Valiant\n|\n|-heal|p1a: Muk|61\/100|[from] item: Black Sludge\n|upkeep\n|turn|14\n|\n|t:|1699696455\n|-end|p2a: Iron Valiant|Quark Drive|[silent]\n|switch|p2a: Great Tusk|Great Tusk|88\/100\n|move|p1a: Muk|Knock Off|p2a: Great Tusk\n|-resisted|p2a: Great Tusk\n|-damage|p2a: Great Tusk|79\/100\n|\n|-heal|p1a: Muk|67\/100|[from] item: Black Sludge\n|upkeep\n|turn|15\n|\n|t:|1699696463\n|switch|p1a: Maushold|Maushold-Four|100\/100\n|move|p2a: Great Tusk|Headlong Rush|p1a: Maushold\n|-damage|p1a: Maushold|0 fnt\n|-unboost|p2a: Great Tusk|def|1\n|-unboost|p2a: Great Tusk|spd|1\n|faint|p1a: Maushold\n|\n|upkeep\n|-message|dcrpt forfeited.\n|\n|win|Slo Overdose\n|raw|dcrpt's rating: 1477 &rarr; <strong>1457<\/strong><br \/>(-20 for losing)\n|raw|Slo Overdose's rating: 1479 &rarr; <strong>1499<\/strong><br \/>(+20 for winning)\n|l|\u2606dcrpt\n","uploadtime":1699696471,"views":15,"p1id":"dcrpt","p2id":"slooverdose","formatid":"gen9ou","rating":1457,"private":0,"password":""}