{"id":"gen9ou-1988491745","p1":"IC1","p2":"bugalsvancouver","format":"[Gen 9] OU","log":"|j|\u2606IC1\n|j|\u2606bugalsvancouver\n|t:|1699728688\n|gametype|singles\n|player|p1|IC1|firebreather|1188\n|player|p2|bugalsvancouver|blaine|1176\n|teamsize|p1|6\n|teamsize|p2|6\n|gen|9\n|tier|[Gen 9] OU\n|rated|\n|rule|Sleep Clause Mod: Limit one foe put to sleep\n|rule|Species Clause: Limit one of each Pok\u00e9mon\n|rule|OHKO Clause: OHKO moves are banned\n|rule|Evasion Items Clause: Evasion items are banned\n|rule|Evasion Moves Clause: Evasion moves are banned\n|rule|Endless Battle Clause: Forcing endless battles is banned\n|rule|HP Percentage Mod: HP is shown in percentages\n|clearpoke\n|poke|p1|Ogerpon-Wellspring, F|\n|poke|p1|Iron Valiant|\n|poke|p1|Kingambit, F|\n|poke|p1|Cinderace, F|\n|poke|p1|Great Tusk|\n|poke|p1|Dragapult, F|\n|poke|p2|Maushold|\n|poke|p2|Garchomp, F|\n|poke|p2|Skeledirge, M|\n|poke|p2|Amoonguss, M|\n|poke|p2|Scizor, F|\n|poke|p2|Iron Valiant|\n|teampreview\n|inactive|Battle timer is ON: inactive players will automatically lose when time's up. (requested by bugalsvancouver)\n|c|\u2606IC1|glhf\n|\n|t:|1699728698\n|start\n|switch|p1a: Ogerpon|Ogerpon-Wellspring, F|100\/100\n|switch|p2a: Moo|Amoonguss, M, shiny|100\/100\n|turn|1\n|\n|t:|1699728718\n|switch|p1a: Cinderace|Cinderace, F|100\/100\n|move|p2a: Moo|Toxic|p1a: Cinderace\n|-status|p1a: Cinderace|tox\n|\n|-damage|p1a: Cinderace|94\/100 tox|[from] psn\n|upkeep\n|turn|2\n|\n|t:|1699728736\n|switch|p2a: Gork|Garchomp, F, shiny|100\/100\n|move|p1a: Cinderace|Pyro Ball|p2a: Gork\n|-resisted|p2a: Gork\n|-damage|p2a: Gork|78\/100\n|-status|p2a: Gork|brn\n|\n|-damage|p1a: Cinderace|82\/100 tox|[from] psn\n|-damage|p2a: Gork|71\/100 brn|[from] brn\n|upkeep\n|turn|3\n|\n|t:|1699728748\n|move|p1a: Cinderace|U-turn|p2a: Gork\n|-damage|p2a: Gork|52\/100 brn\n|-damage|p1a: Cinderace|70\/100 tox|[from] ability: Rough Skin|[of] p2a: Gork\n|-damage|p1a: Cinderace|53\/100 tox|[from] item: Rocky Helmet|[of] p2a: Gork\n|\n|t:|1699728755\n|switch|p1a: Ogerpon|Ogerpon-Wellspring, F|100\/100|[from] U-turn\n|move|p2a: Gork|Swords Dance|p2a: Gork\n|-boost|p2a: Gork|atk|2\n|\n|-damage|p2a: Gork|46\/100 brn|[from] brn\n|upkeep\n|turn|4\n|\n|t:|1699728763\n|-terastallize|p1a: Ogerpon|Water\n|detailschange|p1a: Ogerpon|Ogerpon-Wellspring-Tera, F, tera:Water\n|-ability|p1a: Ogerpon|Embody Aspect (Wellspring)|boost\n|-boost|p1a: Ogerpon|spd|1\n|move|p1a: Ogerpon|Ivy Cudgel|p2a: Gork\n|-damage|p2a: Gork|0 fnt\n|faint|p2a: Gork\n|\n|upkeep\n|\n|t:|1699728773\n|switch|p2a: Heffleys|Maushold|100\/100\n|turn|5\n|inactive|IC1 has 120 seconds left.\n|\n|t:|1699728822\n|move|p2a: Heffleys|Population Bomb|p1a: Ogerpon\n|-damage|p1a: Ogerpon|87\/100\n|-damage|p1a: Ogerpon|72\/100\n|-damage|p1a: Ogerpon|57\/100\n|-damage|p1a: Ogerpon|43\/100\n|-damage|p1a: Ogerpon|29\/100\n|-crit|p1a: Ogerpon\n|-damage|p1a: Ogerpon|8\/100\n|-crit|p1a: Ogerpon\n|-damage|p1a: Ogerpon|0 fnt\n|faint|p1a: Ogerpon\n|-hitcount|p1: Ogerpon|7\n|\n|upkeep\n|c|\u2606IC1|shit\n|\n|t:|1699728836\n|switch|p1a: Iron Valiant|Iron Valiant|100\/100\n|-enditem|p1a: Iron Valiant|Booster Energy\n|-activate|p1a: Iron Valiant|ability: Quark Drive|[fromitem]\n|-start|p1a: Iron Valiant|quarkdrivespe\n|turn|6\n|\n|t:|1699728847\n|move|p1a: Iron Valiant|Close Combat|p2a: Heffleys\n|-supereffective|p2a: Heffleys\n|-damage|p2a: Heffleys|0 fnt\n|-unboost|p1a: Iron Valiant|def|1\n|-unboost|p1a: Iron Valiant|spd|1\n|faint|p2a: Heffleys\n|\n|upkeep\n|\n|t:|1699728856\n|switch|p2a: Redman|Scizor, F|100\/100\n|turn|7\n|\n|t:|1699728860\n|move|p2a: Redman|Bullet Punch|p1a: Iron Valiant\n|-supereffective|p1a: Iron Valiant\n|-damage|p1a: Iron Valiant|0 fnt\n|faint|p1a: Iron Valiant\n|-end|p1a: Iron Valiant|Quark Drive|[silent]\n|-damage|p2a: Redman|91\/100|[from] item: Life Orb\n|\n|upkeep\n|\n|t:|1699728869\n|switch|p1a: Great Tusk|Great Tusk|100\/100\n|-enditem|p1a: Great Tusk|Booster Energy\n|-activate|p1a: Great Tusk|ability: Protosynthesis|[fromitem]\n|-start|p1a: Great Tusk|protosynthesisatk\n|turn|8\n|\n|t:|1699728879\n|move|p1a: Great Tusk|Headlong Rush|p2a: Redman\n|-damage|p2a: Redman|14\/100\n|-unboost|p1a: Great Tusk|def|1\n|-unboost|p1a: Great Tusk|spd|1\n|move|p2a: Redman|Dual Wingbeat|p1a: Great Tusk\n|-supereffective|p1a: Great Tusk\n|-damage|p1a: Great Tusk|32\/100\n|-supereffective|p1a: Great Tusk\n|-damage|p1a: Great Tusk|0 fnt\n|faint|p1a: Great Tusk\n|-end|p1a: Great Tusk|Protosynthesis|[silent]\n|-hitcount|p1: Great Tusk|2\n|-damage|p2a: Redman|4\/100|[from] item: Life Orb\n|\n|upkeep\n|\n|t:|1699728890\n|switch|p1a: Kingambit|Kingambit, F|100\/100\n|-activate|p1a: Kingambit|ability: Supreme Overlord\n|-start|p1a: Kingambit|fallen3|[silent]\n|turn|9\n|\n|t:|1699728896\n|move|p2a: Redman|Bullet Punch|p1a: Kingambit\n|-resisted|p1a: Kingambit\n|-damage|p1a: Kingambit|85\/100\n|-damage|p2a: Redman|0 fnt|[from] item: Life Orb\n|faint|p2a: Redman\n|move|p1a: Kingambit|Sucker Punch|p2: Redman|[notarget]\n|-fail|p1a: Kingambit\n|\n|-heal|p1a: Kingambit|91\/100|[from] item: Leftovers\n|upkeep\n|\n|t:|1699728908\n|switch|p2a: Bladee|Iron Valiant|100\/100\n|-enditem|p2a: Bladee|Booster Energy\n|-activate|p2a: Bladee|ability: Quark Drive|[fromitem]\n|-start|p2a: Bladee|quarkdrivespe\n|turn|10\n|\n|t:|1699728918\n|-terastallize|p2a: Bladee|Electric\n|move|p2a: Bladee|Calm Mind|p2a: Bladee\n|-boost|p2a: Bladee|spa|1\n|-boost|p2a: Bladee|spd|1\n|move|p1a: Kingambit|Iron Head|p2a: Bladee\n|-resisted|p2a: Bladee\n|-damage|p2a: Bladee|61\/100\n|\n|-heal|p1a: Kingambit|97\/100|[from] item: Leftovers\n|upkeep\n|turn|11\n|\n|t:|1699728945\n|move|p1a: Kingambit|Sucker Punch|p2a: Bladee\n|-damage|p2a: Bladee|0 fnt\n|faint|p2a: Bladee\n|-end|p2a: Bladee|Quark Drive|[silent]\n|\n|-heal|p1a: Kingambit|100\/100|[from] item: Leftovers\n|upkeep\n|\n|t:|1699728950\n|switch|p2a: Thomas|Skeledirge, M|100\/100\n|turn|12\n|inactive|IC1 has 120 seconds left.\n|\n|t:|1699728972\n|-end|p1a: Kingambit|fallen3|[silent]\n|switch|p1a: Cinderace|Cinderace, F|53\/100 tox\n|move|p2a: Thomas|Will-O-Wisp||[still]\n|-fail|p2a: Thomas\n|\n|-damage|p1a: Cinderace|47\/100 tox|[from] psn\n|upkeep\n|turn|13\n|inactive|IC1 has 120 seconds left.\n|\n|t:|1699728986\n|move|p1a: Cinderace|Pyro Ball|p2a: Thomas\n|-resisted|p2a: Thomas\n|-crit|p2a: Thomas\n|-damage|p2a: Thomas|68\/100\n|move|p2a: Thomas|Hex|p1a: Cinderace\n|-damage|p1a: Cinderace|0 fnt\n|faint|p1a: Cinderace\n|\n|upkeep\n|inactive|IC1 has 120 seconds left.\n|\n|t:|1699729003\n|switch|p1a: Kingambit|Kingambit, F|100\/100\n|-activate|p1a: Kingambit|ability: Supreme Overlord\n|-start|p1a: Kingambit|fallen4|[silent]\n|turn|14\n|\n|t:|1699729008\n|move|p2a: Thomas|Will-O-Wisp|p1a: Kingambit|[miss]\n|-miss|p2a: Thomas|p1a: Kingambit\n|move|p1a: Kingambit|Kowtow Cleave|p2a: Thomas\n|-supereffective|p2a: Thomas\n|-damage|p2a: Thomas|0 fnt\n|faint|p2a: Thomas\n|\n|upkeep\n|c|\u2606bugalsvancouver|gg\n|\n|t:|1699729023\n|switch|p2a: Moo|Amoonguss, M, shiny|100\/100\n|turn|15\n|c|\u2606IC1|gg\n|-message|bugalsvancouver forfeited.\n|\n|win|IC1\n|raw|IC1's rating: 1188 &rarr; <strong>1212<\/strong><br \/>(+24 for winning)\n|raw|bugalsvancouver's rating: 1176 &rarr; <strong>1152<\/strong><br \/>(-24 for losing)\n|l|\u2606bugalsvancouver\n","uploadtime":1699729034,"views":14,"p1id":"ic1","p2id":"bugalsvancouver","formatid":"gen9ou","rating":1152,"private":0,"password":""}