{"id":"gen9ou-1992399865","p1":"Poison Ivy Thorns","p2":"Kaoripk","format":"[Gen 9] OU","log":"|j|\u2606Poison Ivy Thorns\n|j|\u2606Kaoripk\n|t:|1700183123\n|gametype|singles\n|player|p1|Poison Ivy Thorns|barry|1364\n|player|p2|Kaoripk|lucas|1449\n|teamsize|p1|6\n|teamsize|p2|6\n|gen|9\n|tier|[Gen 9] OU\n|rated|\n|rule|Sleep Clause Mod: Limit one foe put to sleep\n|rule|Species Clause: Limit one of each Pok\u00e9mon\n|rule|OHKO Clause: OHKO moves are banned\n|rule|Evasion Items Clause: Evasion items are banned\n|rule|Evasion Moves Clause: Evasion moves are banned\n|rule|Endless Battle Clause: Forcing endless battles is banned\n|rule|HP Percentage Mod: HP is shown in percentages\n|clearpoke\n|poke|p1|Glimmora, F|\n|poke|p1|Ogerpon-Wellspring, F|\n|poke|p1|Zapdos|\n|poke|p1|Arcanine, M|\n|poke|p1|Gholdengo|\n|poke|p1|Great Tusk|\n|poke|p2|Ursaluna, M|\n|poke|p2|Slowking-Galar, M|\n|poke|p2|Corviknight, M|\n|poke|p2|Arcanine-Hisui, M|\n|poke|p2|Toxapex, M|\n|poke|p2|Dondozo, M|\n|teampreview\n|inactive|Battle timer is ON: inactive players will automatically lose when time's up. (requested by Kaoripk)\n|\n|t:|1700183139\n|start\n|switch|p1a: Glimmora|Glimmora, F|100\/100\n|switch|p2a: Arcanine|Arcanine-Hisui, M, shiny|100\/100\n|turn|1\n|\n|t:|1700183146\n|switch|p2a: Slowking|Slowking-Galar, M, shiny|100\/100\n|move|p1a: Glimmora|Earth Power|p2a: Slowking\n|-supereffective|p2a: Slowking\n|-damage|p2a: Slowking|70\/100\n|\n|upkeep\n|turn|2\n|\n|t:|1700183153\n|move|p1a: Glimmora|Stealth Rock|p2a: Slowking\n|-sidestart|p2: Kaoripk|move: Stealth Rock\n|move|p2a: Slowking|Mud Shot|p1a: Glimmora\n|-supereffective|p1a: Glimmora\n|-damage|p1a: Glimmora|20\/100\n|-unboost|p1a: Glimmora|spe|1\n|\n|upkeep\n|turn|3\n|\n|t:|1700183162\n|move|p1a: Glimmora|Earth Power|p2a: Slowking\n|-supereffective|p2a: Slowking\n|-damage|p2a: Slowking|35\/100\n|move|p2a: Slowking|Future Sight|p1a: Glimmora\n|-start|p2a: Slowking|move: Future Sight\n|\n|upkeep\n|turn|4\n|\n|t:|1700183170\n|switch|p2a: Corviknight|Corviknight, M, shiny|100\/100\n|-damage|p2a: Corviknight|88\/100|[from] Stealth Rock\n|-ability|p2a: Corviknight|Pressure\n|move|p1a: Glimmora|Earth Power|p2a: Corviknight\n|-immune|p2a: Corviknight\n|\n|upkeep\n|turn|5\n|\n|t:|1700183179\n|switch|p1a: Zapdos|Zapdos|100\/100\n|move|p2a: Corviknight|Defog|p1a: Zapdos\n|-unboost|p1a: Zapdos|evasion|1\n|-sideend|p2: Kaoripk|Stealth Rock|[from] move: Defog|[of] p2a: Corviknight\n|\n|-end|p1a: Zapdos|move: Future Sight\n|-damage|p1a: Zapdos|55\/100\n|upkeep\n|turn|6\n|\n|t:|1700183190\n|switch|p2a: Slowking|Slowking-Galar, M, shiny|68\/100\n|move|p1a: Zapdos|Roost|p1a: Zapdos\n|-heal|p1a: Zapdos|100\/100\n|-singleturn|p1a: Zapdos|move: Roost\n|\n|upkeep\n|turn|7\n|\n|t:|1700183197\n|move|p1a: Zapdos|Volt Switch|p2a: Slowking\n|-damage|p2a: Slowking|47\/100\n|\n|t:|1700183200\n|switch|p1a: Gholdengo|Gholdengo|100\/100|[from] Volt Switch\n|move|p2a: Slowking|Future Sight|p1a: Gholdengo\n|-start|p2a: Slowking|move: Future Sight\n|\n|upkeep\n|turn|8\n|\n|t:|1700183207\n|switch|p2a: Ursaluna|Ursaluna, M, shiny|100\/100\n|move|p1a: Gholdengo|Shadow Ball|p2a: Ursaluna\n|-immune|p2a: Ursaluna\n|\n|-status|p2a: Ursaluna|brn|[from] item: Flame Orb\n|upkeep\n|turn|9\n|\n|t:|1700183215\n|switch|p1a: Glimmora|Glimmora, F|20\/100\n|move|p2a: Ursaluna|Facade|p1a: Glimmora\n|-resisted|p1a: Glimmora\n|-damage|p1a: Glimmora|0 fnt\n|-activate|p1a: Glimmora|ability: Toxic Debris\n|-sidestart|p2: Kaoripk|move: Toxic Spikes\n|faint|p1a: Glimmora\n|\n|-hint|Future Sight did not hit because the target is fainted.\n|-damage|p2a: Ursaluna|94\/100 brn|[from] brn\n|upkeep\n|\n|t:|1700183229\n|switch|p1a: Great Tusk|Great Tusk|100\/100\n|turn|10\n|\n|t:|1700183248\n|switch|p2a: Corviknight|Corviknight, M, shiny|88\/100\n|-ability|p2a: Corviknight|Pressure\n|move|p1a: Great Tusk|Close Combat|p2a: Corviknight\n|-damage|p2a: Corviknight|49\/100\n|-unboost|p1a: Great Tusk|def|1\n|-unboost|p1a: Great Tusk|spd|1\n|-damage|p1a: Great Tusk|84\/100|[from] item: Rocky Helmet|[of] p2a: Corviknight\n|\n|upkeep\n|turn|11\n|\n|t:|1700183266\n|-end|p1a: Great Tusk|Protosynthesis|[silent]\n|switch|p1a: Gholdengo|Gholdengo|100\/100\n|move|p2a: Corviknight|Roost|p2a: Corviknight\n|-heal|p2a: Corviknight|99\/100\n|-singleturn|p2a: Corviknight|move: Roost\n|\n|upkeep\n|turn|12\n|\n|t:|1700183274\n|switch|p2a: Slowking|Slowking-Galar, M, shiny|80\/100\n|-sideend|p2: Kaoripk|move: Toxic Spikes|[of] p2a: Slowking\n|move|p1a: Gholdengo|Focus Blast|p2a: Slowking\n|-resisted|p2a: Slowking\n|-damage|p2a: Slowking|75\/100\n|\n|upkeep\n|turn|13\n|\n|t:|1700183283\n|switch|p1a: Great Tusk|Great Tusk|84\/100\n|move|p2a: Slowking|Sludge Bomb|p1a: Great Tusk\n|-resisted|p1a: Great Tusk\n|-damage|p1a: Great Tusk|61\/100\n|\n|upkeep\n|turn|14\n|\n|t:|1700183291\n|-end|p1a: Great Tusk|Protosynthesis|[silent]\n|switch|p1a: Arcanine|Arcanine, M|100\/100\n|switch|p2a: Corviknight|Corviknight, M, shiny|99\/100\n|-ability|p2a: Corviknight|Pressure\n|\n|upkeep\n|turn|15\n|\n|t:|1700183298\n|switch|p2a: Dondozo|Dondozo, M, shiny|100\/100\n|move|p1a: Arcanine|Wild Charge|p2a: Dondozo\n|-supereffective|p2a: Dondozo\n|-damage|p2a: Dondozo|62\/100\n|-damage|p1a: Arcanine|85\/100|[from] Recoil\n|\n|upkeep\n|turn|16\n|\n|t:|1700183314\n|switch|p1a: Ogerpon|Ogerpon-Wellspring, F|100\/100\n|move|p2a: Dondozo|Rest|p2a: Dondozo\n|-status|p2a: Dondozo|slp|[from] move: Rest\n|-heal|p2a: Dondozo|100\/100 slp|[silent]\n|\n|upkeep\n|turn|17\n|\n|t:|1700183324\n|switch|p2a: Toxapex|Toxapex, M, shiny|100\/100\n|move|p1a: Ogerpon|Swords Dance|p1a: Ogerpon\n|-boost|p1a: Ogerpon|atk|2\n|\n|upkeep\n|turn|18\n|\n|t:|1700183333\n|move|p1a: Ogerpon|Knock Off|p2a: Toxapex\n|-damage|p2a: Toxapex|40\/100\n|-damage|p1a: Ogerpon|84\/100|[from] item: Rocky Helmet|[of] p2a: Toxapex\n|-enditem|p2a: Toxapex|Rocky Helmet|[from] move: Knock Off|[of] p1a: Ogerpon\n|move|p2a: Toxapex|Infestation|p1a: Ogerpon\n|-supereffective|p1a: Ogerpon\n|-damage|p1a: Ogerpon|77\/100\n|-activate|p1a: Ogerpon|move: Infestation|[of] p2a: Toxapex\n|\n|-damage|p1a: Ogerpon|64\/100|[from] move: Infestation|[partiallytrapped]\n|upkeep\n|turn|19\n|\n|t:|1700183343\n|move|p2a: Toxapex|Baneful Bunker|p2a: Toxapex\n|-singleturn|p2a: Toxapex|move: Protect\n|move|p1a: Ogerpon|Horn Leech|p2a: Toxapex\n|-activate|p2a: Toxapex|move: Protect\n|-status|p1a: Ogerpon|psn\n|\n|-damage|p1a: Ogerpon|52\/100 psn|[from] psn\n|-damage|p1a: Ogerpon|40\/100 psn|[from] move: Infestation|[partiallytrapped]\n|upkeep\n|turn|20\n|\n|t:|1700183360\n|switch|p2a: Corviknight|Corviknight, M, shiny|99\/100\n|-ability|p2a: Corviknight|Pressure\n|move|p1a: Ogerpon|Ivy Cudgel|p2a: Corviknight|[anim] Ivy Cudgel Water\n|-damage|p2a: Corviknight|32\/100\n|\n|-damage|p1a: Ogerpon|27\/100 psn|[from] psn\n|-end|p1a: Ogerpon|Infestation|[partiallytrapped]|[silent]\n|upkeep\n|turn|21\n|\n|t:|1700183370\n|switch|p2a: Dondozo|Dondozo, M, shiny|100\/100 slp\n|move|p1a: Ogerpon|Ivy Cudgel|p2a: Dondozo|[anim] Ivy Cudgel Water\n|-resisted|p2a: Dondozo\n|-damage|p2a: Dondozo|87\/100 slp\n|\n|-damage|p1a: Ogerpon|15\/100 psn|[from] psn\n|upkeep\n|turn|22\n|\n|t:|1700183389\n|switch|p2a: Toxapex|Toxapex, M, shiny|74\/100\n|move|p1a: Ogerpon|Horn Leech|p2a: Toxapex\n|-damage|p2a: Toxapex|9\/100\n|-heal|p1a: Ogerpon|48\/100 psn|[from] drain|[of] p2a: Toxapex\n|\n|-damage|p1a: Ogerpon|35\/100 psn|[from] psn\n|upkeep\n|turn|23\n|-message|Kaoripk forfeited.\n|\n|win|Poison Ivy Thorns\n|raw|Poison Ivy Thorns's rating: 1364 &rarr; <strong>1389<\/strong><br \/>(+25 for winning)\n|raw|Kaoripk's rating: 1449 &rarr; <strong>1424<\/strong><br \/>(-25 for losing)\n|l|\u2606Kaoripk\n","uploadtime":1700183406,"views":9,"p1id":"poisonivythorns","p2id":"kaoripk","formatid":"gen9ou","rating":1389,"private":0,"password":""}