{"id":"gen9ou-1991266563","p1":"Genarf","p2":"baelab","format":"[Gen 9] OU","log":"|j|\u2606Genarf\n|j|\u2606baelab\n|t:|1700062692\n|gametype|singles\n|player|p1|Genarf|clair|1319\n|player|p2|baelab|ninjaboy|1416\n|teamsize|p1|6\n|teamsize|p2|6\n|gen|9\n|tier|[Gen 9] OU\n|rated|\n|rule|Sleep Clause Mod: Limit one foe put to sleep\n|rule|Species Clause: Limit one of each Pok\u00e9mon\n|rule|OHKO Clause: OHKO moves are banned\n|rule|Evasion Items Clause: Evasion items are banned\n|rule|Evasion Moves Clause: Evasion moves are banned\n|rule|Endless Battle Clause: Forcing endless battles is banned\n|rule|HP Percentage Mod: HP is shown in percentages\n|clearpoke\n|poke|p1|Rillaboom, M|\n|poke|p1|Sneasler, F|\n|poke|p1|Ribombee, M|\n|poke|p1|Samurott-Hisui, F|\n|poke|p1|Dondozo, M|\n|poke|p1|Ceruledge, F|\n|poke|p2|Muk-Alola, F|\n|poke|p2|Zamazenta-*|\n|poke|p2|Clefable, M|\n|poke|p2|Volcanion|\n|poke|p2|Landorus-Therian, M|\n|poke|p2|Forretress, F|\n|teampreview\n|inactive|Battle timer is ON: inactive players will automatically lose when time's up. (requested by Genarf)\n|c|\u2606Genarf|Glhf\n|\n|t:|1700062703\n|start\n|switch|p1a: Edge|Ceruledge, F|100\/100\n|switch|p2a: Forretress|Forretress, F|100\/100\n|turn|1\n|\n|t:|1700062709\n|switch|p2a: Volcanion|Volcanion|100\/100\n|move|p1a: Edge|Swords Dance|p1a: Edge\n|-boost|p1a: Edge|atk|2\n|\n|upkeep\n|turn|2\n|\n|t:|1700062718\n|move|p1a: Edge|Poltergeist|p2a: Volcanion|[miss]\n|-miss|p1a: Edge|p2a: Volcanion\n|move|p2a: Volcanion|Steam Eruption|p1a: Edge\n|-supereffective|p1a: Edge\n|-enditem|p1a: Edge|Focus Sash\n|-damage|p1a: Edge|1\/100\n|\n|upkeep\n|turn|3\n|\n|t:|1700062728\n|switch|p2a: Landorus|Landorus-Therian, M|100\/100\n|-ability|p2a: Landorus|Intimidate|boost\n|-unboost|p1a: Edge|atk|1\n|move|p1a: Edge|Poltergeist|p2a: Landorus\n|-activate|p2a: Landorus|move: Poltergeist|Heavy-Duty Boots\n|-damage|p2a: Landorus|3\/100\n|\n|upkeep\n|turn|4\n|\n|t:|1700062738\n|move|p2a: Landorus|Earth Power|p1a: Edge\n|-supereffective|p1a: Edge\n|-damage|p1a: Edge|0 fnt\n|faint|p1a: Edge\n|\n|upkeep\n|\n|t:|1700062744\n|switch|p1a: YaLikeSpeedDrops?|Ribombee, M|100\/100\n|turn|5\n|\n|t:|1700062750\n|move|p1a: YaLikeSpeedDrops?|Sticky Web|p2a: Landorus\n|-sidestart|p2: baelab|move: Sticky Web\n|move|p2a: Landorus|Sludge Bomb|p1a: YaLikeSpeedDrops?\n|-supereffective|p1a: YaLikeSpeedDrops?\n|-damage|p1a: YaLikeSpeedDrops?|11\/100\n|\n|upkeep\n|turn|6\n|\n|t:|1700062756\n|move|p1a: YaLikeSpeedDrops?|Moonblast|p2a: Landorus\n|-damage|p2a: Landorus|0 fnt\n|faint|p2a: Landorus\n|\n|upkeep\n|\n|t:|1700062762\n|switch|p2a: Forretress|Forretress, F|100\/100\n|-activate|p2a: Forretress|move: Sticky Web\n|-unboost|p2a: Forretress|spe|1\n|turn|7\n|\n|t:|1700062767\n|move|p1a: YaLikeSpeedDrops?|U-turn|p2a: Forretress\n|-resisted|p2a: Forretress\n|-damage|p2a: Forretress|97\/100\n|-damage|p1a: YaLikeSpeedDrops?|0 fnt|[from] item: Rocky Helmet|[of] p2a: Forretress\n|faint|p1a: YaLikeSpeedDrops?\n|move|p2a: Forretress|Rapid Spin|p1: YaLikeSpeedDrops?|[notarget]\n|-fail|p2a: Forretress\n|\n|upkeep\n|\n|t:|1700062775\n|switch|p1a: Bearded Lady|Samurott-Hisui, F|100\/100\n|turn|8\n|\n|t:|1700062780\n|move|p1a: Bearded Lady|Aqua Cutter|p2a: Forretress\n|-damage|p2a: Forretress|71\/100\n|move|p2a: Forretress|Rapid Spin|p1a: Bearded Lady\n|-damage|p1a: Bearded Lady|88\/100\n|-boost|p2a: Forretress|spe|1\n|-sideend|p2: baelab|Sticky Web|[from] move: Rapid Spin|[of] p2a: Forretress\n|\n|upkeep\n|turn|9\n|\n|t:|1700062789\n|move|p1a: Bearded Lady|Aqua Cutter|p2a: Forretress\n|-damage|p2a: Forretress|46\/100\n|move|p2a: Forretress|Stealth Rock|p1a: Bearded Lady\n|-sidestart|p1: Genarf|move: Stealth Rock\n|\n|upkeep\n|turn|10\n|\n|t:|1700062796\n|move|p1a: Bearded Lady|Ceaseless Edge|p2a: Forretress\n|-damage|p2a: Forretress|22\/100\n|-damage|p1a: Bearded Lady|71\/100|[from] item: Rocky Helmet|[of] p2a: Forretress\n|-sidestart|p2: baelab|Spikes\n|move|p2a: Forretress|Spikes|p1a: Bearded Lady\n|-sidestart|p1: Genarf|Spikes\n|\n|upkeep\n|turn|11\n|\n|t:|1700062810\n|move|p1a: Bearded Lady|Aqua Cutter|p2a: Forretress\n|-damage|p2a: Forretress|0 fnt\n|faint|p2a: Forretress\n|\n|upkeep\n|\n|t:|1700062817\n|switch|p2a: Clefable|Clefable, M|100\/100\n|turn|12\n|\n|t:|1700062821\n|move|p1a: Bearded Lady|Ceaseless Edge|p2a: Clefable\n|-resisted|p2a: Clefable\n|-damage|p2a: Clefable|74\/100\n|-sidestart|p2: baelab|Spikes\n|move|p2a: Clefable|Moonblast|p1a: Bearded Lady\n|-supereffective|p1a: Bearded Lady\n|-damage|p1a: Bearded Lady|0 fnt\n|faint|p1a: Bearded Lady\n|\n|upkeep\n|\n|t:|1700062833\n|switch|p1a: Donkey Kong|Rillaboom, M|100\/100\n|-damage|p1a: Donkey Kong|88\/100|[from] Stealth Rock\n|-damage|p1a: Donkey Kong|76\/100|[from] Spikes\n|-fieldstart|move: Grassy Terrain|[from] ability: Grassy Surge|[of] p1a: Donkey Kong\n|turn|13\n|\n|t:|1700062840\n|move|p1a: Donkey Kong|Wood Hammer|p2a: Clefable\n|-damage|p2a: Clefable|0 fnt\n|faint|p2a: Clefable\n|-damage|p1a: Donkey Kong|48\/100|[from] Recoil\n|\n|-heal|p1a: Donkey Kong|54\/100|[from] Grassy Terrain\n|upkeep\n|\n|t:|1700062849\n|switch|p2a: Volcanion|Volcanion|100\/100\n|-damage|p2a: Volcanion|84\/100|[from] Spikes\n|turn|14\n|\n|t:|1700062864\n|-terastallize|p2a: Volcanion|Flying\n|move|p1a: Donkey Kong|Wood Hammer|p2a: Volcanion\n|-resisted|p2a: Volcanion\n|-damage|p2a: Volcanion|39\/100\n|-damage|p1a: Donkey Kong|38\/100|[from] Recoil\n|move|p2a: Volcanion|Flamethrower|p1a: Donkey Kong\n|-supereffective|p1a: Donkey Kong\n|-damage|p1a: Donkey Kong|0 fnt\n|faint|p1a: Donkey Kong\n|\n|upkeep\n|\n|t:|1700062872\n|switch|p1a: PressAtoSneasler|Sneasler, F|100\/100\n|-damage|p1a: PressAtoSneasler|95\/100|[from] Stealth Rock\n|-damage|p1a: PressAtoSneasler|82\/100|[from] Spikes\n|-enditem|p1a: PressAtoSneasler|Grassy Seed\n|-boost|p1a: PressAtoSneasler|def|1|[from] item: Grassy Seed\n|turn|15\n|\n|t:|1700062892\n|-terastallize|p1a: PressAtoSneasler|Flying\n|move|p1a: PressAtoSneasler|Acrobatics|p2a: Volcanion\n|-damage|p2a: Volcanion|0 fnt\n|faint|p2a: Volcanion\n|\n|upkeep\n|\n|t:|1700062898\n|switch|p2a: Zamazenta|Zamazenta|100\/100\n|-damage|p2a: Zamazenta|84\/100|[from] Spikes\n|-ability|p2a: Zamazenta|Dauntless Shield|boost\n|-boost|p2a: Zamazenta|def|1\n|turn|16\n|\n|t:|1700062905\n|move|p1a: PressAtoSneasler|Swords Dance|p1a: PressAtoSneasler\n|-boost|p1a: PressAtoSneasler|atk|2\n|move|p2a: Zamazenta|Iron Defense|p2a: Zamazenta\n|-boost|p2a: Zamazenta|def|2\n|\n|-heal|p2a: Zamazenta|90\/100|[from] Grassy Terrain\n|-heal|p2a: Zamazenta|96\/100|[from] item: Leftovers\n|upkeep\n|turn|17\n|\n|t:|1700062914\n|move|p1a: PressAtoSneasler|Acrobatics|p2a: Zamazenta\n|-supereffective|p2a: Zamazenta\n|-damage|p2a: Zamazenta|41\/100\n|move|p2a: Zamazenta|Iron Defense|p2a: Zamazenta\n|-boost|p2a: Zamazenta|def|2\n|\n|-heal|p2a: Zamazenta|47\/100|[from] Grassy Terrain\n|-heal|p2a: Zamazenta|53\/100|[from] item: Leftovers\n|-fieldend|move: Grassy Terrain\n|upkeep\n|turn|18\n|\n|t:|1700062932\n|move|p1a: PressAtoSneasler|Acrobatics|p2a: Zamazenta\n|-supereffective|p2a: Zamazenta\n|-damage|p2a: Zamazenta|14\/100\n|move|p2a: Zamazenta|Body Press|p1a: PressAtoSneasler\n|-resisted|p1a: PressAtoSneasler\n|-damage|p1a: PressAtoSneasler|0 fnt\n|faint|p1a: PressAtoSneasler\n|\n|-heal|p2a: Zamazenta|20\/100|[from] item: Leftovers\n|upkeep\n|\n|t:|1700062940\n|switch|p1a: DonBOZO|Dondozo, M|100\/100\n|-damage|p1a: DonBOZO|88\/100|[from] Stealth Rock\n|-damage|p1a: DonBOZO|75\/100|[from] Spikes\n|turn|19\n|\n|t:|1700062948\n|move|p2a: Zamazenta|Body Press|p1a: DonBOZO\n|-damage|p1a: DonBOZO|58\/100\n|move|p1a: DonBOZO|Curse|p1a: DonBOZO\n|-unboost|p1a: DonBOZO|spe|1\n|-boost|p1a: DonBOZO|atk|1\n|-boost|p1a: DonBOZO|def|1\n|\n|-heal|p2a: Zamazenta|26\/100|[from] item: Leftovers\n|-heal|p1a: DonBOZO|64\/100|[from] item: Leftovers\n|upkeep\n|turn|20\n|\n|t:|1700062959\n|move|p2a: Zamazenta|Body Press|p1a: DonBOZO\n|-damage|p1a: DonBOZO|50\/100\n|move|p1a: DonBOZO|Curse|p1a: DonBOZO\n|-unboost|p1a: DonBOZO|spe|1\n|-boost|p1a: DonBOZO|atk|1\n|-boost|p1a: DonBOZO|def|1\n|\n|-heal|p2a: Zamazenta|32\/100|[from] item: Leftovers\n|-heal|p1a: DonBOZO|56\/100|[from] item: Leftovers\n|upkeep\n|turn|21\n|\n|t:|1700062973\n|move|p2a: Zamazenta|Body Press|p1a: DonBOZO\n|-damage|p1a: DonBOZO|47\/100\n|move|p1a: DonBOZO|Curse|p1a: DonBOZO\n|-unboost|p1a: DonBOZO|spe|1\n|-boost|p1a: DonBOZO|atk|1\n|-boost|p1a: DonBOZO|def|1\n|\n|-heal|p2a: Zamazenta|38\/100|[from] item: Leftovers\n|-heal|p1a: DonBOZO|53\/100|[from] item: Leftovers\n|upkeep\n|turn|22\n|\n|t:|1700062984\n|move|p2a: Zamazenta|Body Press|p1a: DonBOZO\n|-damage|p1a: DonBOZO|45\/100\n|move|p1a: DonBOZO|Rest|p1a: DonBOZO\n|-status|p1a: DonBOZO|slp|[from] move: Rest\n|-heal|p1a: DonBOZO|100\/100 slp|[silent]\n|\n|-heal|p2a: Zamazenta|45\/100|[from] item: Leftovers\n|upkeep\n|turn|23\n|\n|t:|1700062994\n|switch|p2a: Muk|Muk-Alola, F|100\/100\n|-damage|p2a: Muk|84\/100|[from] Spikes\n|cant|p1a: DonBOZO|slp\n|move|p1a: DonBOZO|Sleep Talk|p1a: DonBOZO\n|move|p1a: DonBOZO|Curse|p1a: DonBOZO|[from]move: Sleep Talk\n|-unboost|p1a: DonBOZO|spe|1\n|-boost|p1a: DonBOZO|atk|1\n|-boost|p1a: DonBOZO|def|1\n|\n|upkeep\n|turn|24\n|\n|t:|1700063011\n|move|p2a: Muk|Knock Off|p1a: DonBOZO\n|-damage|p1a: DonBOZO|94\/100 slp\n|-enditem|p1a: DonBOZO|Leftovers|[from] move: Knock Off|[of] p2a: Muk\n|cant|p1a: DonBOZO|slp\n|move|p1a: DonBOZO|Sleep Talk|p1a: DonBOZO\n|move|p1a: DonBOZO|Waterfall|p2a: Muk|[from]move: Sleep Talk\n|-damage|p2a: Muk|0 fnt\n|faint|p2a: Muk\n|\n|upkeep\n|\n|t:|1700063022\n|switch|p2a: Zamazenta|Zamazenta|45\/100\n|-damage|p2a: Zamazenta|28\/100|[from] Spikes\n|turn|25\n|-message|baelab forfeited.\n|\n|win|Genarf\n|raw|Genarf's rating: 1319 &rarr; <strong>1344<\/strong><br \/>(+25 for winning)\n|raw|baelab's rating: 1416 &rarr; <strong>1391<\/strong><br \/>(-25 for losing)\n|l|\u2606baelab\n","uploadtime":1700063045,"views":15,"p1id":"genarf","p2id":"baelab","formatid":"gen9ou","rating":1344,"private":0,"password":""}