{"id":"gen9ou-1989764075","p1":"Skaraptor2.1","p2":"7UpNot","format":"[Gen 9] OU","log":"|j|\u2606Skaraptor2.1\n|j|\u26067UpNot\n|t:|1699893734\n|gametype|singles\n|player|p1|Skaraptor2.1|emma|1263\n|player|p2|7UpNot|2|1230\n|teamsize|p1|6\n|teamsize|p2|6\n|gen|9\n|tier|[Gen 9] OU\n|rated|\n|rule|Sleep Clause Mod: Limit one foe put to sleep\n|rule|Species Clause: Limit one of each Pok\u00e9mon\n|rule|OHKO Clause: OHKO moves are banned\n|rule|Evasion Items Clause: Evasion items are banned\n|rule|Evasion Moves Clause: Evasion moves are banned\n|rule|Endless Battle Clause: Forcing endless battles is banned\n|rule|HP Percentage Mod: HP is shown in percentages\n|clearpoke\n|poke|p1|Ribombee, M|\n|poke|p1|Ogerpon-Wellspring, F|\n|poke|p1|Iron Moth|\n|poke|p1|Zamazenta-*|\n|poke|p1|Iron Valiant|\n|poke|p1|Kingambit, F|\n|poke|p2|Overqwil, M|\n|poke|p2|Rillaboom, M|\n|poke|p2|Alomomola, M|\n|poke|p2|Sneasler, F|\n|poke|p2|Dragapult, F|\n|poke|p2|Samurott-Hisui, M|\n|teampreview\n|inactive|Battle timer is ON: inactive players will automatically lose when time's up. (requested by Skaraptor2.1)\n|j| The Crusade\n|l| The Crusade\n|\n|t:|1699893764\n|start\n|switch|p1a: Twink|Ribombee, M|100\/100\n|switch|p2a: Samurott|Samurott-Hisui, M|100\/100\n|turn|1\n|\n|t:|1699893782\n|move|p1a: Twink|Sticky Web|p2a: Samurott\n|-sidestart|p2: 7UpNot|move: Sticky Web\n|move|p2a: Samurott|Ceaseless Edge|p1a: Twink\n|-resisted|p1a: Twink\n|-damage|p1a: Twink|66\/100\n|-sidestart|p1: Skaraptor2.1|Spikes\n|\n|upkeep\n|turn|2\n|\n|t:|1699893792\n|move|p1a: Twink|Stun Spore|p2a: Samurott|[miss]\n|-miss|p1a: Twink|p2a: Samurott\n|move|p2a: Samurott|Aqua Cutter|p1a: Twink\n|-damage|p1a: Twink|0 fnt\n|faint|p1a: Twink\n|\n|upkeep\n|\n|t:|1699893796\n|switch|p1a: Transfem|Ogerpon-Wellspring, F|100\/100\n|-damage|p1a: Transfem|88\/100|[from] Spikes\n|turn|3\n|\n|t:|1699893800\n|move|p1a: Transfem|Swords Dance|p1a: Transfem\n|-boost|p1a: Transfem|atk|2\n|move|p2a: Samurott|Ceaseless Edge|p1a: Transfem\n|-damage|p1a: Transfem|28\/100\n|-sidestart|p1: Skaraptor2.1|Spikes\n|\n|upkeep\n|turn|4\n|\n|t:|1699893803\n|move|p1a: Transfem|Horn Leech|p2a: Samurott\n|-supereffective|p2a: Samurott\n|-enditem|p2a: Samurott|Focus Sash\n|-damage|p2a: Samurott|1\/100\n|-heal|p1a: Transfem|82\/100|[from] drain|[of] p2a: Samurott\n|move|p2a: Samurott|Ceaseless Edge|p1a: Transfem\n|-damage|p1a: Transfem|25\/100\n|-sidestart|p1: Skaraptor2.1|Spikes\n|\n|upkeep\n|turn|5\n|\n|t:|1699893809\n|move|p2a: Samurott|Sucker Punch|p1a: Transfem\n|-damage|p1a: Transfem|0 fnt\n|faint|p1a: Transfem\n|\n|upkeep\n|\n|t:|1699893813\n|switch|p1a: Solar Panels|Iron Moth|100\/100\n|-damage|p1a: Solar Panels|76\/100|[from] Spikes\n|-enditem|p1a: Solar Panels|Booster Energy\n|-activate|p1a: Solar Panels|ability: Quark Drive|[fromitem]\n|-start|p1a: Solar Panels|quarkdrivespe\n|turn|6\n|\n|t:|1699893818\n|move|p2a: Samurott|Sucker Punch|p1a: Solar Panels\n|-damage|p1a: Solar Panels|20\/100\n|move|p1a: Solar Panels|Fiery Dance|p2a: Samurott\n|-resisted|p2a: Samurott\n|-damage|p2a: Samurott|0 fnt\n|-boost|p1a: Solar Panels|spa|1\n|faint|p2a: Samurott\n|\n|upkeep\n|\n|t:|1699893825\n|switch|p2a: Alomomola|Alomomola, M|100\/100\n|-activate|p2a: Alomomola|move: Sticky Web\n|-unboost|p2a: Alomomola|spe|1\n|turn|7\n|\n|t:|1699893828\n|move|p1a: Solar Panels|Energy Ball|p2a: Alomomola\n|-supereffective|p2a: Alomomola\n|-damage|p2a: Alomomola|0 fnt\n|faint|p2a: Alomomola\n|\n|upkeep\n|\n|t:|1699893835\n|switch|p2a: Rillaboom|Rillaboom, M|100\/100\n|-activate|p2a: Rillaboom|move: Sticky Web\n|-unboost|p2a: Rillaboom|spe|1\n|-fieldstart|move: Grassy Terrain|[from] ability: Grassy Surge|[of] p2a: Rillaboom\n|turn|8\n|l|\u2606Skaraptor2.1\n|inactive|Skaraptor2.1 disconnected and has a minute to reconnect!\n|player|p1|\n|\n|t:|1699893839\n|-terastallize|p2a: Rillaboom|Grass\n|move|p2a: Rillaboom|Grassy Glide|p1a: Solar Panels\n|-resisted|p1a: Solar Panels\n|-damage|p1a: Solar Panels|0 fnt\n|faint|p1a: Solar Panels\n|-end|p1a: Solar Panels|Quark Drive|[silent]\n|\n|upkeep\n|j|\u2606Skaraptor2.1\n|inactive|Skaraptor2.1 reconnected and has 145 seconds left.\n|player|p1|Skaraptor2.1|emma\n|\n|t:|1699893849\n|switch|p1a: Defender of Trans|Zamazenta, shiny|100\/100\n|-damage|p1a: Defender of Trans|75\/100|[from] Spikes\n|-ability|p1a: Defender of Trans|Dauntless Shield|boost\n|-boost|p1a: Defender of Trans|def|1\n|turn|9\n|\n|t:|1699893854\n|switch|p2a: Overqwil|Overqwil, M|100\/100\n|-activate|p2a: Overqwil|move: Sticky Web\n|-unboost|p2a: Overqwil|spe|1\n|-ability|p2a: Overqwil|Intimidate|boost\n|-unboost|p1a: Defender of Trans|atk|1\n|move|p1a: Defender of Trans|Iron Defense|p1a: Defender of Trans\n|-boost|p1a: Defender of Trans|def|2\n|\n|-heal|p1a: Defender of Trans|82\/100|[from] Grassy Terrain\n|-heal|p1a: Defender of Trans|88\/100|[from] item: Leftovers\n|upkeep\n|turn|10\n|\n|t:|1699893860\n|move|p1a: Defender of Trans|Body Press|p2a: Overqwil\n|-damage|p2a: Overqwil|0 fnt\n|faint|p2a: Overqwil\n|\n|-heal|p1a: Defender of Trans|94\/100|[from] Grassy Terrain\n|-heal|p1a: Defender of Trans|99\/100|[from] item: Leftovers\n|upkeep\n|\n|t:|1699893868\n|switch|p2a: Sneasler|Sneasler, F|100\/100\n|-activate|p2a: Sneasler|move: Sticky Web\n|-unboost|p2a: Sneasler|spe|1\n|-enditem|p2a: Sneasler|Grassy Seed\n|-boost|p2a: Sneasler|def|1|[from] item: Grassy Seed\n|turn|11\n|\n|t:|1699893875\n|move|p2a: Sneasler|Swords Dance|p2a: Sneasler\n|-boost|p2a: Sneasler|atk|2\n|move|p1a: Defender of Trans|Iron Defense|p1a: Defender of Trans\n|-boost|p1a: Defender of Trans|def|2\n|\n|-heal|p1a: Defender of Trans|100\/100|[from] Grassy Terrain\n|upkeep\n|turn|12\n|\n|t:|1699893889\n|-terastallize|p1a: Defender of Trans|Fire\n|move|p2a: Sneasler|Acrobatics|p1a: Defender of Trans\n|-damage|p1a: Defender of Trans|85\/100\n|move|p1a: Defender of Trans|Body Press|p2a: Sneasler\n|-resisted|p2a: Sneasler\n|-damage|p2a: Sneasler|27\/100\n|\n|-heal|p2a: Sneasler|33\/100|[from] Grassy Terrain\n|-heal|p1a: Defender of Trans|91\/100|[from] Grassy Terrain\n|-heal|p1a: Defender of Trans|97\/100|[from] item: Leftovers\n|-fieldend|move: Grassy Terrain\n|upkeep\n|turn|13\n|\n|t:|1699893901\n|move|p2a: Sneasler|Dire Claw|p1a: Defender of Trans\n|-damage|p1a: Defender of Trans|80\/100\n|-status|p1a: Defender of Trans|par\n|cant|p1a: Defender of Trans|par\n|\n|-heal|p1a: Defender of Trans|86\/100 par|[from] item: Leftovers\n|upkeep\n|turn|14\n|\n|t:|1699893913\n|move|p2a: Sneasler|Close Combat|p1a: Defender of Trans\n|-damage|p1a: Defender of Trans|58\/100 par\n|-unboost|p2a: Sneasler|def|1\n|-unboost|p2a: Sneasler|spd|1\n|cant|p1a: Defender of Trans|par\n|\n|-heal|p1a: Defender of Trans|65\/100 par|[from] item: Leftovers\n|upkeep\n|turn|15\n|\n|t:|1699893924\n|move|p2a: Sneasler|Close Combat|p1a: Defender of Trans\n|-damage|p1a: Defender of Trans|37\/100 par\n|-unboost|p2a: Sneasler|def|1\n|-unboost|p2a: Sneasler|spd|1\n|move|p1a: Defender of Trans|Body Press|p2a: Sneasler\n|-resisted|p2a: Sneasler\n|-damage|p2a: Sneasler|0 fnt\n|faint|p2a: Sneasler\n|\n|-heal|p1a: Defender of Trans|44\/100 par|[from] item: Leftovers\n|upkeep\n|\n|t:|1699893929\n|switch|p2a: Dragapult|Dragapult, F|100\/100\n|-activate|p2a: Dragapult|move: Sticky Web\n|-unboost|p2a: Dragapult|spe|1\n|turn|16\n|\n|t:|1699893934\n|move|p2a: Dragapult|Shadow Ball|p1a: Defender of Trans\n|-damage|p1a: Defender of Trans|5\/100 par\n|-unboost|p1a: Defender of Trans|spd|1\n|move|p1a: Defender of Trans|Crunch|p2a: Dragapult\n|-supereffective|p2a: Dragapult\n|-damage|p2a: Dragapult|64\/100\n|\n|-heal|p1a: Defender of Trans|12\/100 par|[from] item: Leftovers\n|upkeep\n|turn|17\n|-message|7UpNot forfeited.\n|\n|win|Skaraptor2.1\n|raw|Skaraptor2.1's rating: 1263 &rarr; <strong>1286<\/strong><br \/>(+23 for winning)\n|raw|7UpNot's rating: 1230 &rarr; <strong>1207<\/strong><br \/>(-23 for losing)\n|l|\u26067UpNot\n","uploadtime":1699893941,"views":16,"p1id":"skaraptor21","p2id":"7upnot","formatid":"gen9ou","rating":1207,"private":0,"password":""}