{"id":"gen9ou-1991710777","p1":"dusteet","p2":"CyBorges","format":"[Gen 9] OU","log":"|j|\u2606dusteet\n|j|\u2606CyBorges\n|t:|1700105535\n|gametype|singles\n|player|p1|dusteet|karen|1332\n|player|p2|CyBorges|170|1413\n|teamsize|p1|6\n|teamsize|p2|6\n|gen|9\n|tier|[Gen 9] OU\n|rated|\n|rule|Sleep Clause Mod: Limit one foe put to sleep\n|rule|Species Clause: Limit one of each Pok\u00e9mon\n|rule|OHKO Clause: OHKO moves are banned\n|rule|Evasion Items Clause: Evasion items are banned\n|rule|Evasion Moves Clause: Evasion moves are banned\n|rule|Endless Battle Clause: Forcing endless battles is banned\n|rule|HP Percentage Mod: HP is shown in percentages\n|clearpoke\n|poke|p1|Rillaboom, F|\n|poke|p1|Garganacl, F|\n|poke|p1|Great Tusk|\n|poke|p1|Heatran, M|\n|poke|p1|Zapdos|\n|poke|p1|Walking Wake|\n|poke|p2|Zamazenta-*|\n|poke|p2|Dondozo, M|\n|poke|p2|Kingambit, F|\n|poke|p2|Heatran, F|\n|poke|p2|Iron Moth|\n|poke|p2|Zapdos|\n|teampreview\n|\n|t:|1700105553\n|start\n|switch|p1a: Heatran|Heatran, M|100\/100\n|switch|p2a: Heatran|Heatran, F|100\/100\n|turn|1\n|\n|t:|1700105603\n|switch|p2a: Dondozo|Dondozo, M|100\/100\n|move|p1a: Heatran|Earth Power|p2a: Dondozo\n|-damage|p2a: Dondozo|78\/100\n|\n|-heal|p2a: Dondozo|84\/100|[from] item: Leftovers\n|upkeep\n|turn|2\n|\n|t:|1700105613\n|-terastallize|p1a: Heatran|Ghost\n|move|p1a: Heatran|Magma Storm|p2a: Dondozo\n|-resisted|p2a: Dondozo\n|-damage|p2a: Dondozo|64\/100\n|-activate|p2a: Dondozo|move: Magma Storm|[of] p1a: Heatran\n|move|p2a: Dondozo|Liquidation|p1a: Heatran\n|-damage|p1a: Heatran|75\/100\n|-unboost|p1a: Heatran|def|1\n|\n|-heal|p1a: Heatran|82\/100|[from] item: Leftovers\n|-heal|p2a: Dondozo|70\/100|[from] item: Leftovers\n|-damage|p2a: Dondozo|58\/100|[from] move: Magma Storm|[partiallytrapped]\n|upkeep\n|turn|3\n|\n|t:|1700105627\n|move|p1a: Heatran|Taunt|p2a: Dondozo\n|-start|p2a: Dondozo|move: Taunt\n|move|p2a: Dondozo|Liquidation|p1a: Heatran\n|-damage|p1a: Heatran|55\/100\n|\n|-heal|p1a: Heatran|61\/100|[from] item: Leftovers\n|-heal|p2a: Dondozo|64\/100|[from] item: Leftovers\n|-damage|p2a: Dondozo|51\/100|[from] move: Magma Storm|[partiallytrapped]\n|upkeep\n|turn|4\n|\n|t:|1700105636\n|move|p1a: Heatran|Earth Power|p2a: Dondozo\n|-damage|p2a: Dondozo|27\/100\n|move|p2a: Dondozo|Liquidation|p1a: Heatran\n|-damage|p1a: Heatran|35\/100\n|\n|-heal|p1a: Heatran|42\/100|[from] item: Leftovers\n|-heal|p2a: Dondozo|33\/100|[from] item: Leftovers\n|-damage|p2a: Dondozo|21\/100|[from] move: Magma Storm|[partiallytrapped]\n|upkeep\n|turn|5\n|\n|t:|1700105646\n|move|p1a: Heatran|Stealth Rock|p2a: Dondozo\n|-sidestart|p2: CyBorges|move: Stealth Rock\n|move|p2a: Dondozo|Liquidation|p1a: Heatran\n|-damage|p1a: Heatran|16\/100\n|\n|-heal|p1a: Heatran|22\/100|[from] item: Leftovers\n|-heal|p2a: Dondozo|27\/100|[from] item: Leftovers\n|-damage|p2a: Dondozo|14\/100|[from] move: Magma Storm|[partiallytrapped]\n|-end|p2a: Dondozo|move: Taunt\n|upkeep\n|turn|6\n|\n|t:|1700105656\n|move|p1a: Heatran|Earth Power|p2a: Dondozo\n|-damage|p2a: Dondozo|0 fnt\n|faint|p2a: Dondozo\n|\n|-heal|p1a: Heatran|28\/100|[from] item: Leftovers\n|upkeep\n|\n|t:|1700105671\n|switch|p2a: Zapdos|Zapdos|100\/100\n|turn|7\n|\n|t:|1700105677\n|move|p2a: Zapdos|Hurricane|p1a: Heatran\n|-damage|p1a: Heatran|0 fnt\n|faint|p1a: Heatran\n|\n|upkeep\n|\n|t:|1700105684\n|switch|p1a: Garganacl|Garganacl, F|100\/100\n|turn|8\n|\n|t:|1700105700\n|move|p2a: Zapdos|Volt Switch|p1a: Garganacl\n|-damage|p1a: Garganacl|75\/100\n|\n|t:|1700105705\n|switch|p2a: Zamazenta|Zamazenta|100\/100|[from] Volt Switch\n|-damage|p2a: Zamazenta|94\/100|[from] Stealth Rock\n|-ability|p2a: Zamazenta|Dauntless Shield|boost\n|-boost|p2a: Zamazenta|def|1\n|move|p1a: Garganacl|Salt Cure|p2a: Zamazenta\n|-resisted|p2a: Zamazenta\n|-damage|p2a: Zamazenta|90\/100\n|-start|p2a: Zamazenta|Salt Cure\n|\n|-heal|p1a: Garganacl|81\/100|[from] item: Leftovers\n|-damage|p2a: Zamazenta|78\/100|[from] Salt Cure\n|upkeep\n|turn|9\n|\n|t:|1700105720\n|switch|p1a: Zapdos|Zapdos|100\/100\n|-terastallize|p2a: Zamazenta|Fighting\n|move|p2a: Zamazenta|Close Combat|p1a: Zapdos\n|-resisted|p1a: Zapdos\n|-damage|p1a: Zapdos|50\/100\n|-unboost|p2a: Zamazenta|def|1\n|-unboost|p2a: Zamazenta|spd|1\n|\n|-damage|p2a: Zamazenta|65\/100|[from] Salt Cure\n|upkeep\n|turn|10\n|\n|t:|1700105748\n|switch|p1a: Rillaboom|Rillaboom, F|100\/100\n|-fieldstart|move: Grassy Terrain|[from] ability: Grassy Surge|[of] p1a: Rillaboom\n|move|p2a: Zamazenta|Close Combat|p1a: Rillaboom\n|-damage|p1a: Rillaboom|0 fnt\n|-unboost|p2a: Zamazenta|def|1\n|-unboost|p2a: Zamazenta|spd|1\n|faint|p1a: Rillaboom\n|\n|-heal|p2a: Zamazenta|72\/100|[from] Grassy Terrain\n|-damage|p2a: Zamazenta|59\/100|[from] Salt Cure\n|upkeep\n|\n|t:|1700105752\n|switch|p1a: Zapdos|Zapdos|50\/100\n|turn|11\n|\n|t:|1700105762\n|move|p2a: Zamazenta|Close Combat|p1a: Zapdos\n|-resisted|p1a: Zapdos\n|-damage|p1a: Zapdos|0 fnt\n|-unboost|p2a: Zamazenta|def|1\n|-unboost|p2a: Zamazenta|spd|1\n|-status|p2a: Zamazenta|par|[from] ability: Static|[of] p1a: Zapdos\n|faint|p1a: Zapdos\n|\n|-heal|p2a: Zamazenta|65\/100 par|[from] Grassy Terrain\n|-damage|p2a: Zamazenta|53\/100 par|[from] Salt Cure\n|upkeep\n|\n|t:|1700105778\n|switch|p1a: Garganacl|Garganacl, F|81\/100\n|turn|12\n|\n|t:|1700105781\n|cant|p2a: Zamazenta|par\n|move|p1a: Garganacl|Iron Defense|p1a: Garganacl\n|-boost|p1a: Garganacl|def|2\n|\n|-heal|p2a: Zamazenta|59\/100 par|[from] Grassy Terrain\n|-heal|p1a: Garganacl|87\/100|[from] Grassy Terrain\n|-heal|p1a: Garganacl|94\/100|[from] item: Leftovers\n|-damage|p2a: Zamazenta|47\/100 par|[from] Salt Cure\n|upkeep\n|turn|13\n|\n|t:|1700105790\n|move|p2a: Zamazenta|Close Combat|p1a: Garganacl\n|-supereffective|p1a: Garganacl\n|-damage|p1a: Garganacl|9\/100\n|-unboost|p2a: Zamazenta|def|1\n|-unboost|p2a: Zamazenta|spd|1\n|move|p1a: Garganacl|Iron Defense|p1a: Garganacl\n|-boost|p1a: Garganacl|def|2\n|\n|-heal|p2a: Zamazenta|53\/100 par|[from] Grassy Terrain\n|-heal|p1a: Garganacl|15\/100|[from] Grassy Terrain\n|-heal|p1a: Garganacl|21\/100|[from] item: Leftovers\n|-damage|p2a: Zamazenta|41\/100 par|[from] Salt Cure\n|upkeep\n|turn|14\n|\n|t:|1700105803\n|move|p2a: Zamazenta|Close Combat|p1a: Garganacl\n|-supereffective|p1a: Garganacl\n|-damage|p1a: Garganacl|0 fnt\n|-unboost|p2a: Zamazenta|def|1\n|-unboost|p2a: Zamazenta|spd|1\n|faint|p1a: Garganacl\n|\n|-heal|p2a: Zamazenta|47\/100 par|[from] Grassy Terrain\n|-damage|p2a: Zamazenta|35\/100 par|[from] Salt Cure\n|-fieldend|move: Grassy Terrain\n|upkeep\n|\n|t:|1700105805\n|switch|p1a: Walking Wake|Walking Wake|100\/100\n|turn|15\n|\n|t:|1700105813\n|move|p1a: Walking Wake|Scald|p2a: Zamazenta\n|-damage|p2a: Zamazenta|0 fnt\n|faint|p2a: Zamazenta\n|\n|upkeep\n|\n|t:|1700105822\n|switch|p2a: Zapdos|Zapdos|100\/100\n|turn|16\n|\n|t:|1700105828\n|move|p1a: Walking Wake|Draco Meteor|p2a: Zapdos\n|-damage|p2a: Zapdos|20\/100\n|-unboost|p1a: Walking Wake|spa|2\n|move|p2a: Zapdos|Hurricane|p1a: Walking Wake\n|-damage|p1a: Walking Wake|39\/100\n|\n|upkeep\n|turn|17\n|\n|t:|1700105835\n|move|p1a: Walking Wake|Scald|p2a: Zapdos\n|-damage|p2a: Zapdos|0 fnt\n|faint|p2a: Zapdos\n|\n|upkeep\n|\n|t:|1700105841\n|switch|p2a: Iron Moth|Iron Moth|100\/100\n|turn|18\n|\n|t:|1700105848\n|move|p2a: Iron Moth|Sludge Wave|p1a: Walking Wake\n|-damage|p1a: Walking Wake|0 fnt\n|faint|p1a: Walking Wake\n|-end|p1a: Walking Wake|Protosynthesis|[silent]\n|\n|upkeep\n|\n|t:|1700105850\n|switch|p1a: Great Tusk|Great Tusk|100\/100\n|turn|19\n|\n|t:|1700105855\n|move|p2a: Iron Moth|Sludge Wave|p1a: Great Tusk\n|-resisted|p1a: Great Tusk\n|-damage|p1a: Great Tusk|63\/100\n|move|p1a: Great Tusk|Headlong Rush|p2a: Iron Moth\n|-supereffective|p2a: Iron Moth\n|-damage|p2a: Iron Moth|0 fnt\n|-unboost|p1a: Great Tusk|def|1\n|-unboost|p1a: Great Tusk|spd|1\n|faint|p2a: Iron Moth\n|-end|p2a: Iron Moth|Quark Drive|[silent]\n|\n|-heal|p1a: Great Tusk|70\/100|[from] item: Leftovers\n|upkeep\n|\n|t:|1700105865\n|switch|p2a: Heatran|Heatran, F|100\/100\n|-damage|p2a: Heatran|88\/100|[from] Stealth Rock\n|turn|20\n|\n|t:|1700105895\n|move|p1a: Great Tusk|Headlong Rush|p2a: Heatran\n|-supereffective|p2a: Heatran\n|-damage|p2a: Heatran|0 fnt\n|-unboost|p1a: Great Tusk|def|1\n|-unboost|p1a: Great Tusk|spd|1\n|faint|p2a: Heatran\n|\n|-heal|p1a: Great Tusk|76\/100|[from] item: Leftovers\n|upkeep\n|\n|t:|1700105902\n|switch|p2a: Kingambit|Kingambit, F|100\/100\n|-damage|p2a: Kingambit|94\/100|[from] Stealth Rock\n|-activate|p2a: Kingambit|ability: Supreme Overlord\n|-start|p2a: Kingambit|fallen5|[silent]\n|turn|21\n|\n|t:|1700105923\n|move|p2a: Kingambit|Sucker Punch||[still]\n|-fail|p2a: Kingambit\n|move|p1a: Great Tusk|Bulk Up|p1a: Great Tusk\n|-boost|p1a: Great Tusk|atk|1\n|-boost|p1a: Great Tusk|def|1\n|\n|-heal|p1a: Great Tusk|82\/100|[from] item: Leftovers\n|-heal|p2a: Kingambit|100\/100|[from] item: Leftovers\n|upkeep\n|turn|22\n|\n|t:|1700105933\n|move|p2a: Kingambit|Sucker Punch|p1a: Great Tusk\n|-resisted|p1a: Great Tusk\n|-damage|p1a: Great Tusk|54\/100\n|move|p1a: Great Tusk|Headlong Rush|p2a: Kingambit\n|-supereffective|p2a: Kingambit\n|-damage|p2a: Kingambit|0 fnt\n|-unboost|p1a: Great Tusk|def|1\n|-unboost|p1a: Great Tusk|spd|1\n|faint|p2a: Kingambit\n|-end|p2a: Kingambit|fallen5|[silent]\n|\n|win|dusteet\n|raw|dusteet's rating: 1332 &rarr; <strong>1357<\/strong><br \/>(+25 for winning)\n|raw|CyBorges's rating: 1413 &rarr; <strong>1388<\/strong><br \/>(-25 for losing)\n|l|\u2606CyBorges\n","uploadtime":1700105942,"views":11,"p1id":"dusteet","p2id":"cyborges","formatid":"gen9ou","rating":1357,"private":0,"password":""}