{"id":"gen9ou-1989132406","p1":"finnlegend","p2":"Vixen 4 Life","format":"[Gen 9] OU","log":"|j|\u2606finnlegend\n|j|\u2606Vixen 4 Life\n|t:|1699815692\n|gametype|singles\n|player|p1|finnlegend|interviewers|1128\n|player|p2|Vixen 4 Life|penny|1121\n|teamsize|p1|6\n|teamsize|p2|6\n|gen|9\n|tier|[Gen 9] OU\n|rated|\n|rule|Sleep Clause Mod: Limit one foe put to sleep\n|rule|Species Clause: Limit one of each Pok\u00e9mon\n|rule|OHKO Clause: OHKO moves are banned\n|rule|Evasion Items Clause: Evasion items are banned\n|rule|Evasion Moves Clause: Evasion moves are banned\n|rule|Endless Battle Clause: Forcing endless battles is banned\n|rule|HP Percentage Mod: HP is shown in percentages\n|clearpoke\n|poke|p1|Gholdengo|\n|poke|p1|Great Tusk|\n|poke|p1|Samurott-Hisui, F|\n|poke|p1|Cinderace, M|\n|poke|p1|Zamazenta-*|\n|poke|p1|Hatterene, F|\n|poke|p2|Overqwil, M|\n|poke|p2|Vikavolt, F|\n|poke|p2|Dusknoir, F|\n|poke|p2|Eelektross, M|\n|poke|p2|Iron Treads|\n|poke|p2|Krookodile, F|\n|teampreview\n|inactive|Battle timer is ON: inactive players will automatically lose when time's up. (requested by finnlegend)\n|\n|t:|1699815696\n|start\n|switch|p1a: Samurott|Samurott-Hisui, F, shiny|100\/100\n|switch|p2a: Vikavolt|Vikavolt, F|100\/100\n|turn|1\n|\n|t:|1699815701\n|move|p1a: Samurott|Ceaseless Edge|p2a: Vikavolt\n|-damage|p2a: Vikavolt|54\/100\n|-sidestart|p2: Vixen 4 Life|Spikes\n|move|p2a: Vikavolt|Volt Switch|p1a: Samurott\n|-supereffective|p1a: Samurott\n|-enditem|p1a: Samurott|Focus Sash\n|-damage|p1a: Samurott|1\/100\n|\n|t:|1699815707\n|switch|p2a: Iron Treads|Iron Treads|100\/100|[from] Volt Switch\n|-damage|p2a: Iron Treads|88\/100|[from] Spikes\n|-enditem|p2a: Iron Treads|Booster Energy\n|-activate|p2a: Iron Treads|ability: Quark Drive|[fromitem]\n|-start|p2a: Iron Treads|quarkdrivespe\n|\n|upkeep\n|turn|2\n|\n|t:|1699815715\n|move|p2a: Iron Treads|Rapid Spin|p1a: Samurott\n|-damage|p1a: Samurott|0 fnt\n|-boost|p2a: Iron Treads|spe|1\n|-sideend|p2: Vixen 4 Life|Spikes|[from] move: Rapid Spin|[of] p2a: Iron Treads\n|faint|p1a: Samurott\n|\n|upkeep\n|\n|t:|1699815726\n|switch|p1a: Great Tusk|Great Tusk|100\/100\n|-enditem|p1a: Great Tusk|Booster Energy\n|-activate|p1a: Great Tusk|ability: Protosynthesis|[fromitem]\n|-start|p1a: Great Tusk|protosynthesisatk\n|turn|3\n|\n|t:|1699815749\n|move|p2a: Iron Treads|Ice Spinner|p1a: Great Tusk\n|-supereffective|p1a: Great Tusk\n|-damage|p1a: Great Tusk|67\/100\n|move|p1a: Great Tusk|Close Combat|p2a: Iron Treads\n|-supereffective|p2a: Iron Treads\n|-damage|p2a: Iron Treads|0 fnt\n|-unboost|p1a: Great Tusk|def|1\n|-unboost|p1a: Great Tusk|spd|1\n|faint|p2a: Iron Treads\n|-end|p2a: Iron Treads|Quark Drive|[silent]\n|\n|upkeep\n|\n|t:|1699815764\n|switch|p2a: Vikavolt|Vikavolt, F|54\/100\n|turn|4\n|\n|t:|1699815770\n|move|p1a: Great Tusk|Ice Spinner|p2a: Vikavolt\n|-crit|p2a: Vikavolt\n|-damage|p2a: Vikavolt|0 fnt\n|faint|p2a: Vikavolt\n|\n|upkeep\n|inactive|Vixen 4 Life has 120 seconds left.\n|\n|t:|1699815818\n|switch|p2a: Eelektross|Eelektross, M|100\/100\n|turn|5\n|\n|t:|1699815828\n|-end|p1a: Great Tusk|Protosynthesis|[silent]\n|switch|p1a: Hatterene|Hatterene, F|100\/100\n|move|p2a: Eelektross|Giga Drain|p1a: Hatterene\n|-damage|p1a: Hatterene|89\/100\n|\n|upkeep\n|turn|6\n|\n|t:|1699815837\n|move|p2a: Eelektross|Knock Off|p1a: Hatterene\n|-damage|p1a: Hatterene|60\/100\n|-enditem|p1a: Hatterene|Assault Vest|[from] move: Knock Off|[of] p2a: Eelektross\n|move|p1a: Hatterene|Mystical Fire|p2a: Eelektross\n|-damage|p2a: Eelektross|83\/100\n|-unboost|p2a: Eelektross|spa|1\n|\n|upkeep\n|turn|7\n|\n|t:|1699815845\n|move|p2a: Eelektross|Volt Switch|p1a: Hatterene\n|-damage|p1a: Hatterene|43\/100\n|\n|t:|1699815848\n|switch|p2a: Overqwil|Overqwil, M|100\/100|[from] Volt Switch\n|-ability|p2a: Overqwil|Intimidate|boost\n|-unboost|p1a: Hatterene|atk|1\n|move|p1a: Hatterene|Draining Kiss|p2a: Overqwil\n|-damage|p2a: Overqwil|74\/100\n|-heal|p1a: Hatterene|67\/100|[from] drain|[of] p2a: Overqwil\n|\n|-heal|p2a: Overqwil|80\/100|[from] item: Leftovers\n|upkeep\n|turn|8\n|\n|t:|1699815859\n|move|p2a: Overqwil|Crunch|p1a: Hatterene\n|-damage|p1a: Hatterene|32\/100\n|move|p1a: Hatterene|Nuzzle|p2a: Overqwil\n|-damage|p2a: Overqwil|78\/100\n|-status|p2a: Overqwil|par\n|\n|-heal|p2a: Overqwil|84\/100 par|[from] item: Leftovers\n|upkeep\n|turn|9\n|\n|t:|1699815871\n|move|p1a: Hatterene|Draining Kiss|p2a: Overqwil\n|-damage|p2a: Overqwil|57\/100 par\n|-heal|p1a: Hatterene|56\/100|[from] drain|[of] p2a: Overqwil\n|move|p2a: Overqwil|Barb Barrage|p1a: Hatterene\n|-supereffective|p1a: Hatterene\n|-damage|p1a: Hatterene|0 fnt\n|faint|p1a: Hatterene\n|\n|-heal|p2a: Overqwil|63\/100 par|[from] item: Leftovers\n|upkeep\n|\n|t:|1699815883\n|switch|p1a: Great Tusk|Great Tusk|67\/100\n|turn|10\n|\n|t:|1699815889\n|move|p1a: Great Tusk|Earthquake|p2a: Overqwil\n|-supereffective|p2a: Overqwil\n|-damage|p2a: Overqwil|0 fnt\n|faint|p2a: Overqwil\n|\n|upkeep\n|\n|t:|1699815891\n|switch|p2a: Eelektross|Eelektross, M|83\/100\n|turn|11\n|\n|t:|1699815900\n|move|p1a: Great Tusk|Close Combat|p2a: Eelektross\n|-damage|p2a: Eelektross|23\/100\n|-unboost|p1a: Great Tusk|def|1\n|-unboost|p1a: Great Tusk|spd|1\n|move|p2a: Eelektross|Giga Drain|p1a: Great Tusk\n|-supereffective|p1a: Great Tusk\n|-damage|p1a: Great Tusk|0 fnt\n|-heal|p2a: Eelektross|56\/100|[from] drain|[of] p1a: Great Tusk\n|faint|p1a: Great Tusk\n|-end|p1a: Great Tusk|Protosynthesis|[silent]\n|\n|upkeep\n|\n|t:|1699815909\n|switch|p1a: Cinderace|Cinderace, M|100\/100\n|turn|12\n|\n|t:|1699815912\n|move|p1a: Cinderace|Pyro Ball|p2a: Eelektross\n|-damage|p2a: Eelektross|2\/100\n|move|p2a: Eelektross|Volt Switch|p1a: Cinderace\n|-crit|p1a: Cinderace\n|-damage|p1a: Cinderace|49\/100\n|\n|t:|1699815917\n|switch|p2a: Krookodile|Krookodile, F|100\/100|[from] Volt Switch\n|-ability|p2a: Krookodile|Intimidate|boost\n|-unboost|p1a: Cinderace|atk|1\n|\n|upkeep\n|turn|13\n|\n|t:|1699815923\n|switch|p2a: Eelektross|Eelektross, M|2\/100\n|move|p1a: Cinderace|U-turn|p2a: Eelektross\n|-start|p1a: Cinderace|typechange|Bug|[from] ability: Libero\n|-damage|p2a: Eelektross|0 fnt\n|faint|p2a: Eelektross\n|\n|t:|1699815932\n|switch|p1a: Zamazenta|Zamazenta|100\/100|[from] U-turn\n|-ability|p1a: Zamazenta|Dauntless Shield|boost\n|-boost|p1a: Zamazenta|def|1\n|\n|upkeep\n|\n|t:|1699815938\n|switch|p2a: Dusknoir|Dusknoir, F|100\/100\n|-item|p1a: Zamazenta|Leftovers|[from] ability: Frisk|[of] p2a: Dusknoir|[identify]\n|turn|14\n|\n|t:|1699815943\n|-terastallize|p1a: Zamazenta|Steel\n|move|p1a: Zamazenta|Iron Defense|p1a: Zamazenta\n|-boost|p1a: Zamazenta|def|2\n|move|p2a: Dusknoir|Poltergeist|p1a: Zamazenta\n|-activate|p1a: Zamazenta|move: Poltergeist|Leftovers\n|-damage|p1a: Zamazenta|77\/100\n|\n|-heal|p1a: Zamazenta|83\/100|[from] item: Leftovers\n|upkeep\n|turn|15\n|\n|t:|1699815952\n|switch|p2a: Krookodile|Krookodile, F|100\/100\n|-ability|p2a: Krookodile|Intimidate|boost\n|-unboost|p1a: Zamazenta|atk|1\n|move|p1a: Zamazenta|Iron Defense|p1a: Zamazenta\n|-boost|p1a: Zamazenta|def|2\n|\n|-heal|p1a: Zamazenta|89\/100|[from] item: Leftovers\n|upkeep\n|turn|16\n|\n|t:|1699815960\n|switch|p2a: Dusknoir|Dusknoir, F|100\/100\n|-item|p1a: Zamazenta|Leftovers|[from] ability: Frisk|[of] p2a: Dusknoir|[identify]\n|move|p1a: Zamazenta|Body Press|p2a: Dusknoir\n|-immune|p2a: Dusknoir\n|\n|-heal|p1a: Zamazenta|96\/100|[from] item: Leftovers\n|upkeep\n|turn|17\n|\n|t:|1699815971\n|switch|p2a: Krookodile|Krookodile, F|100\/100\n|-ability|p2a: Krookodile|Intimidate|boost\n|-unboost|p1a: Zamazenta|atk|1\n|move|p1a: Zamazenta|Heavy Slam|p2a: Krookodile\n|-damage|p2a: Krookodile|91\/100\n|-damage|p1a: Zamazenta|79\/100|[from] item: Rocky Helmet|[of] p2a: Krookodile\n|\n|-heal|p1a: Zamazenta|85\/100|[from] item: Leftovers\n|upkeep\n|turn|18\n|\n|t:|1699815980\n|switch|p2a: Dusknoir|Dusknoir, F|100\/100\n|-item|p1a: Zamazenta|Leftovers|[from] ability: Frisk|[of] p2a: Dusknoir|[identify]\n|move|p1a: Zamazenta|Heavy Slam|p2a: Dusknoir\n|-damage|p2a: Dusknoir|93\/100\n|\n|-heal|p1a: Zamazenta|91\/100|[from] item: Leftovers\n|upkeep\n|turn|19\n|\n|t:|1699815991\n|move|p1a: Zamazenta|Body Press|p2a: Dusknoir\n|-immune|p2a: Dusknoir\n|move|p2a: Dusknoir|Poltergeist|p1a: Zamazenta\n|-activate|p1a: Zamazenta|move: Poltergeist|Leftovers\n|-damage|p1a: Zamazenta|75\/100\n|\n|-heal|p1a: Zamazenta|81\/100|[from] item: Leftovers\n|upkeep\n|turn|20\n|\n|t:|1699815999\n|move|p1a: Zamazenta|Heavy Slam|p2a: Dusknoir\n|-damage|p2a: Dusknoir|85\/100\n|move|p2a: Dusknoir|Poltergeist|p1a: Zamazenta\n|-activate|p1a: Zamazenta|move: Poltergeist|Leftovers\n|-damage|p1a: Zamazenta|66\/100\n|\n|-heal|p1a: Zamazenta|72\/100|[from] item: Leftovers\n|upkeep\n|turn|21\n|\n|t:|1699816008\n|move|p1a: Zamazenta|Heavy Slam|p2a: Dusknoir\n|-damage|p2a: Dusknoir|77\/100\n|move|p2a: Dusknoir|Poltergeist|p1a: Zamazenta\n|-activate|p1a: Zamazenta|move: Poltergeist|Leftovers\n|-damage|p1a: Zamazenta|57\/100\n|\n|-heal|p1a: Zamazenta|63\/100|[from] item: Leftovers\n|upkeep\n|turn|22\n|\n|t:|1699816020\n|move|p1a: Zamazenta|Heavy Slam|p2a: Dusknoir\n|-damage|p2a: Dusknoir|69\/100\n|move|p2a: Dusknoir|Poltergeist|p1a: Zamazenta\n|-activate|p1a: Zamazenta|move: Poltergeist|Leftovers\n|-damage|p1a: Zamazenta|46\/100\n|\n|-heal|p1a: Zamazenta|52\/100|[from] item: Leftovers\n|upkeep\n|turn|23\n|\n|t:|1699816029\n|switch|p2a: Krookodile|Krookodile, F|91\/100\n|-ability|p2a: Krookodile|Intimidate|boost\n|-unboost|p1a: Zamazenta|atk|1\n|move|p1a: Zamazenta|Heavy Slam|p2a: Krookodile\n|-damage|p2a: Krookodile|83\/100\n|-damage|p1a: Zamazenta|36\/100|[from] item: Rocky Helmet|[of] p2a: Krookodile\n|\n|-heal|p1a: Zamazenta|42\/100|[from] item: Leftovers\n|upkeep\n|turn|24\n|\n|t:|1699816039\n|switch|p2a: Dusknoir|Dusknoir, F|69\/100\n|-item|p1a: Zamazenta|Leftovers|[from] ability: Frisk|[of] p2a: Dusknoir|[identify]\n|move|p1a: Zamazenta|Body Press|p2a: Dusknoir\n|-immune|p2a: Dusknoir\n|\n|-heal|p1a: Zamazenta|48\/100|[from] item: Leftovers\n|upkeep\n|turn|25\n|\n|t:|1699816047\n|switch|p2a: Krookodile|Krookodile, F|83\/100\n|-ability|p2a: Krookodile|Intimidate|boost\n|-unboost|p1a: Zamazenta|atk|1\n|move|p1a: Zamazenta|Heavy Slam|p2a: Krookodile\n|-damage|p2a: Krookodile|75\/100\n|-damage|p1a: Zamazenta|31\/100|[from] item: Rocky Helmet|[of] p2a: Krookodile\n|\n|-heal|p1a: Zamazenta|38\/100|[from] item: Leftovers\n|upkeep\n|turn|26\n|\n|t:|1699816057\n|move|p1a: Zamazenta|Heavy Slam|p2a: Krookodile\n|-damage|p2a: Krookodile|69\/100\n|-damage|p1a: Zamazenta|21\/100|[from] item: Rocky Helmet|[of] p2a: Krookodile\n|move|p2a: Krookodile|Stealth Rock|p1a: Zamazenta\n|-sidestart|p1: finnlegend|move: Stealth Rock\n|\n|-heal|p1a: Zamazenta|27\/100|[from] item: Leftovers\n|upkeep\n|turn|27\n|\n|t:|1699816061\n|switch|p2a: Dusknoir|Dusknoir, F|69\/100\n|-item|p1a: Zamazenta|Leftovers|[from] ability: Frisk|[of] p2a: Dusknoir|[identify]\n|move|p1a: Zamazenta|Body Press|p2a: Dusknoir\n|-immune|p2a: Dusknoir\n|\n|-heal|p1a: Zamazenta|33\/100|[from] item: Leftovers\n|upkeep\n|turn|28\n|\n|t:|1699816070\n|move|p2a: Dusknoir|Shadow Sneak|p1a: Zamazenta\n|-damage|p1a: Zamazenta|27\/100\n|move|p1a: Zamazenta|Heavy Slam|p2a: Dusknoir\n|-damage|p2a: Dusknoir|63\/100\n|\n|-heal|p1a: Zamazenta|33\/100|[from] item: Leftovers\n|upkeep\n|turn|29\n|\n|t:|1699816077\n|switch|p2a: Krookodile|Krookodile, F|69\/100\n|-ability|p2a: Krookodile|Intimidate|boost\n|-unboost|p1a: Zamazenta|atk|1\n|move|p1a: Zamazenta|Heavy Slam|p2a: Krookodile\n|-damage|p2a: Krookodile|62\/100\n|-damage|p1a: Zamazenta|17\/100|[from] item: Rocky Helmet|[of] p2a: Krookodile\n|\n|-heal|p1a: Zamazenta|23\/100|[from] item: Leftovers\n|upkeep\n|turn|30\n|\n|t:|1699816086\n|move|p1a: Zamazenta|Heavy Slam|p2a: Krookodile\n|-damage|p2a: Krookodile|56\/100\n|-damage|p1a: Zamazenta|7\/100|[from] item: Rocky Helmet|[of] p2a: Krookodile\n|move|p2a: Krookodile|Earthquake|p1a: Zamazenta\n|-supereffective|p1a: Zamazenta\n|-damage|p1a: Zamazenta|0 fnt\n|faint|p1a: Zamazenta\n|\n|upkeep\n|\n|t:|1699816098\n|switch|p1a: Cinderace|Cinderace, M|49\/100\n|turn|31\n|\n|t:|1699816101\n|move|p1a: Cinderace|U-turn|p2a: Krookodile\n|-start|p1a: Cinderace|typechange|Bug|[from] ability: Libero\n|-supereffective|p2a: Krookodile\n|-damage|p2a: Krookodile|0 fnt\n|-damage|p1a: Cinderace|32\/100|[from] item: Rocky Helmet|[of] p2a: Krookodile\n|faint|p2a: Krookodile\n|\n|t:|1699816108\n|switch|p1a: Gholdengo|Gholdengo|100\/100|[from] U-turn\n|-damage|p1a: Gholdengo|94\/100|[from] Stealth Rock\n|\n|upkeep\n|\n|t:|1699816110\n|switch|p2a: Dusknoir|Dusknoir, F|63\/100\n|-item|p1a: Gholdengo|Life Orb|[from] ability: Frisk|[of] p2a: Dusknoir|[identify]\n|turn|32\n|\n|t:|1699816115\n|-terastallize|p2a: Dusknoir|Fighting\n|move|p2a: Dusknoir|Shadow Sneak|p1a: Gholdengo\n|-supereffective|p1a: Gholdengo\n|-crit|p1a: Gholdengo\n|-damage|p1a: Gholdengo|4\/100\n|move|p1a: Gholdengo|Shadow Ball|p2a: Dusknoir\n|-damage|p2a: Dusknoir|14\/100\n|-damage|p1a: Gholdengo|0 fnt|[from] item: Life Orb\n|faint|p1a: Gholdengo\n|\n|upkeep\n|\n|t:|1699816124\n|switch|p1a: Cinderace|Cinderace, M|32\/100\n|turn|33\n|\n|t:|1699816126\n|move|p2a: Dusknoir|Shadow Sneak|p1a: Cinderace\n|-damage|p1a: Cinderace|0 fnt\n|faint|p1a: Cinderace\n|\n|win|Vixen 4 Life\n|raw|finnlegend's rating: 1128 &rarr; <strong>1102<\/strong><br \/>(-26 for losing)\n|raw|Vixen 4 Life's rating: 1121 &rarr; <strong>1147<\/strong><br \/>(+26 for winning)\n|l|\u2606finnlegend\n","uploadtime":1699816134,"views":18,"p1id":"finnlegend","p2id":"vixen4life","formatid":"gen9ou","rating":1102,"private":0,"password":""}