{"id":"gen9ou-1993001833","p1":"Poison Ivy Thorns","p2":"Leonardobug","format":"[Gen 9] OU","log":"|j|\u2606Poison Ivy Thorns\n|j|\u2606Leonardobug\n|t:|1700254366\n|gametype|singles\n|player|p1|Poison Ivy Thorns|rei|1320\n|player|p2|Leonardobug|benga|1385\n|teamsize|p1|6\n|teamsize|p2|6\n|gen|9\n|tier|[Gen 9] OU\n|rated|\n|rule|Sleep Clause Mod: Limit one foe put to sleep\n|rule|Species Clause: Limit one of each Pok\u00e9mon\n|rule|OHKO Clause: OHKO moves are banned\n|rule|Evasion Items Clause: Evasion items are banned\n|rule|Evasion Moves Clause: Evasion moves are banned\n|rule|Endless Battle Clause: Forcing endless battles is banned\n|rule|HP Percentage Mod: HP is shown in percentages\n|clearpoke\n|poke|p1|Great Tusk|\n|poke|p1|Walking Wake|\n|poke|p1|Torkoal, F|\n|poke|p1|Gholdengo|\n|poke|p1|Hatterene, F|\n|poke|p1|Leavanny, F|\n|poke|p2|Samurott-Hisui, M|\n|poke|p2|Ceruledge, F|\n|poke|p2|Alomomola, M|\n|poke|p2|Skeledirge, F|\n|poke|p2|Cyclizar, M|\n|poke|p2|Toxapex, F|\n|teampreview\n|inactive|Battle timer is ON: inactive players will automatically lose when time's up. (requested by Leonardobug)\n|inactive|Poison Ivy Thorns has 120 seconds left.\n|\n|t:|1700254400\n|start\n|switch|p1a: Torkoal|Torkoal, F|100\/100\n|switch|p2a: Toxapex|Toxapex, F, shiny|100\/100\n|-weather|SunnyDay|[from] ability: Drought|[of] p1a: Torkoal\n|turn|1\n|inactive|Leonardobug has 120 seconds left.\n|inactive|Leonardobug has 90 seconds left.\n|inactive|Leonardobug has 60 seconds left.\n|\n|t:|1700254509\n|switch|p1a: Hatterene|Hatterene, F|100\/100\n|move|p2a: Toxapex|Surf|p1a: Hatterene\n|-damage|p1a: Hatterene|91\/100\n|-enditem|p1a: Hatterene|Eject Button\n|\n|t:|1700254514\n|switch|p1a: Great Tusk|Great Tusk|100\/100\n|-activate|p1a: Great Tusk|ability: Protosynthesis\n|-start|p1a: Great Tusk|protosynthesisatk\n|\n|-weather|SunnyDay|[upkeep]\n|upkeep\n|turn|2\n|\n|t:|1700254521\n|move|p1a: Great Tusk|Headlong Rush|p2a: Toxapex\n|-supereffective|p2a: Toxapex\n|-damage|p2a: Toxapex|0 fnt\n|-unboost|p1a: Great Tusk|def|1\n|-unboost|p1a: Great Tusk|spd|1\n|faint|p2a: Toxapex\n|\n|-weather|SunnyDay|[upkeep]\n|upkeep\n|\n|t:|1700254528\n|switch|p2a: Samurott|Samurott-Hisui, M|100\/100\n|turn|3\n|\n|t:|1700254543\n|-end|p1a: Great Tusk|Protosynthesis|[silent]\n|switch|p1a: Hatterene|Hatterene, F|91\/100\n|move|p2a: Samurott|Aqua Cutter|p1a: Hatterene\n|-damage|p1a: Hatterene|73\/100\n|\n|-weather|SunnyDay|[upkeep]\n|upkeep\n|turn|4\n|\n|t:|1700254557\n|switch|p2a: Alomomola|Alomomola, M|100\/100\n|move|p1a: Hatterene|Dazzling Gleam|p2a: Alomomola\n|-damage|p2a: Alomomola|56\/100\n|\n|-weather|SunnyDay|[upkeep]\n|upkeep\n|turn|5\n|\n|t:|1700254564\n|switch|p2a: Skeledirge|Skeledirge, F, shiny|100\/100\n|move|p1a: Hatterene|Nuzzle|p2a: Skeledirge\n|-damage|p2a: Skeledirge|97\/100\n|-status|p2a: Skeledirge|par\n|\n|-weather|SunnyDay|[upkeep]\n|-heal|p2a: Skeledirge|100\/100 par|[from] item: Leftovers\n|upkeep\n|turn|6\n|\n|t:|1700254569\n|switch|p1a: Walking Wake|Walking Wake|100\/100\n|-activate|p1a: Walking Wake|ability: Protosynthesis\n|-start|p1a: Walking Wake|protosynthesisspa\n|move|p2a: Skeledirge|Torch Song|p1a: Walking Wake\n|-resisted|p1a: Walking Wake\n|-damage|p1a: Walking Wake|86\/100\n|-boost|p2a: Skeledirge|spa|1\n|\n|-weather|SunnyDay|[upkeep]\n|upkeep\n|turn|7\n|\n|t:|1700254575\n|switch|p2a: Alomomola|Alomomola, M|89\/100\n|move|p1a: Walking Wake|Hydro Steam|p2a: Alomomola\n|-resisted|p2a: Alomomola\n|-damage|p2a: Alomomola|15\/100\n|\n|-weather|SunnyDay|[upkeep]\n|upkeep\n|turn|8\n|\n|t:|1700254577\n|move|p1a: Walking Wake|Hydro Steam|p2a: Alomomola\n|-resisted|p2a: Alomomola\n|-damage|p2a: Alomomola|0 fnt\n|faint|p2a: Alomomola\n|\n|-weather|none\n|-end|p1a: Walking Wake|Protosynthesis\n|upkeep\n|inactive|Leonardobug has 90 seconds left.\n|\n|t:|1700254584\n|switch|p2a: Samurott|Samurott-Hisui, M|100\/100\n|turn|9\n|\n|t:|1700254589\n|-end|p1a: Walking Wake|Protosynthesis|[silent]\n|switch|p1a: Hatterene|Hatterene, F|73\/100\n|move|p2a: Samurott|Ceaseless Edge|p1a: Hatterene\n|-damage|p1a: Hatterene|36\/100\n|-sidestart|p1: Poison Ivy Thorns|Spikes\n|\n|upkeep\n|turn|10\n|\n|t:|1700254596\n|move|p2a: Samurott|Ceaseless Edge|p1a: Hatterene\n|-damage|p1a: Hatterene|0 fnt\n|-sidestart|p1: Poison Ivy Thorns|Spikes\n|faint|p1a: Hatterene\n|\n|upkeep\n|\n|t:|1700254598\n|switch|p1a: Leavanny|Leavanny, F|100\/100\n|turn|11\n|\n|t:|1700254602\n|switch|p2a: Skeledirge|Skeledirge, F, shiny|100\/100 par\n|move|p1a: Leavanny|Leaf Blade|p2a: Skeledirge\n|-resisted|p2a: Skeledirge\n|-damage|p2a: Skeledirge|85\/100 par\n|\n|-heal|p2a: Skeledirge|91\/100 par|[from] item: Leftovers\n|upkeep\n|turn|12\n|\n|t:|1700254609\n|switch|p1a: Walking Wake|Walking Wake|86\/100\n|-damage|p1a: Walking Wake|70\/100|[from] Spikes\n|move|p2a: Skeledirge|Will-O-Wisp|p1a: Walking Wake\n|-status|p1a: Walking Wake|brn\n|\n|-heal|p2a: Skeledirge|97\/100 par|[from] item: Leftovers\n|-damage|p1a: Walking Wake|64\/100 brn|[from] brn\n|upkeep\n|turn|13\n|\n|t:|1700254614\n|move|p1a: Walking Wake|Hydro Steam|p2a: Skeledirge\n|-supereffective|p2a: Skeledirge\n|-damage|p2a: Skeledirge|0 fnt\n|faint|p2a: Skeledirge\n|\n|-damage|p1a: Walking Wake|57\/100 brn|[from] brn\n|upkeep\n|\n|t:|1700254623\n|switch|p2a: Cyclizar|Cyclizar, M, shiny|100\/100\n|turn|14\n|\n|t:|1700254627\n|-end|p1a: Walking Wake|Protosynthesis|[silent]\n|switch|p1a: Gholdengo|Gholdengo|100\/100\n|-item|p1a: Gholdengo|Air Balloon\n|move|p2a: Cyclizar|Draco Meteor|p1a: Gholdengo\n|-resisted|p1a: Gholdengo\n|-damage|p1a: Gholdengo|85\/100\n|-unboost|p2a: Cyclizar|spa|2\n|-enditem|p1a: Gholdengo|Air Balloon\n|\n|upkeep\n|turn|15\n|\n|t:|1700254632\n|switch|p1a: Walking Wake|Walking Wake|57\/100 brn\n|-damage|p1a: Walking Wake|41\/100 brn|[from] Spikes\n|move|p2a: Cyclizar|Knock Off|p1a: Walking Wake\n|-damage|p1a: Walking Wake|17\/100 brn\n|-enditem|p1a: Walking Wake|Choice Specs|[from] move: Knock Off|[of] p2a: Cyclizar\n|\n|-damage|p1a: Walking Wake|11\/100 brn|[from] brn\n|upkeep\n|turn|16\n|\n|t:|1700254644\n|move|p2a: Cyclizar|U-turn|p1a: Walking Wake\n|-damage|p1a: Walking Wake|0 fnt\n|faint|p1a: Walking Wake\n|-end|p1a: Walking Wake|Protosynthesis|[silent]\n|\n|t:|1700254646\n|switch|p2a: Samurott|Samurott-Hisui, M|100\/100|[from] U-turn\n|\n|upkeep\n|\n|t:|1700254651\n|switch|p1a: Leavanny|Leavanny, F|100\/100\n|turn|17\n|\n|t:|1700254654\n|move|p2a: Samurott|Aerial Ace|p1a: Leavanny\n|-supereffective|p1a: Leavanny\n|-damage|p1a: Leavanny|0 fnt\n|faint|p1a: Leavanny\n|\n|upkeep\n|\n|t:|1700254668\n|switch|p1a: Torkoal|Torkoal, F|100\/100\n|-damage|p1a: Torkoal|84\/100|[from] Spikes\n|-weather|SunnyDay|[from] ability: Drought|[of] p1a: Torkoal\n|turn|18\n|\n|t:|1700254673\n|switch|p2a: Cyclizar|Cyclizar, M, shiny|100\/100\n|move|p1a: Torkoal|Rapid Spin|p2a: Cyclizar\n|-damage|p2a: Cyclizar|86\/100\n|-boost|p1a: Torkoal|spe|1\n|-sideend|p1: Poison Ivy Thorns|Spikes|[from] move: Rapid Spin|[of] p1a: Torkoal\n|\n|-weather|SunnyDay|[upkeep]\n|upkeep\n|turn|19\n|\n|t:|1700254680\n|move|p2a: Cyclizar|Knock Off|p1a: Torkoal\n|-damage|p1a: Torkoal|68\/100\n|-enditem|p1a: Torkoal|Heat Rock|[from] move: Knock Off|[of] p2a: Cyclizar\n|move|p1a: Torkoal|Stealth Rock|p2a: Cyclizar\n|-sidestart|p2: Leonardobug|move: Stealth Rock\n|\n|-weather|SunnyDay|[upkeep]\n|upkeep\n|turn|20\n|\n|t:|1700254686\n|switch|p1a: Great Tusk|Great Tusk|100\/100\n|-activate|p1a: Great Tusk|ability: Protosynthesis\n|-start|p1a: Great Tusk|protosynthesisatk\n|move|p2a: Cyclizar|Rapid Spin|p1a: Great Tusk\n|-damage|p1a: Great Tusk|88\/100\n|-boost|p2a: Cyclizar|spe|1\n|-sideend|p2: Leonardobug|Stealth Rock|[from] move: Rapid Spin|[of] p2a: Cyclizar\n|\n|-weather|SunnyDay|[upkeep]\n|upkeep\n|turn|21\n|\n|t:|1700254691\n|move|p2a: Cyclizar|Knock Off|p1a: Great Tusk\n|-resisted|p1a: Great Tusk\n|-damage|p1a: Great Tusk|80\/100\n|-enditem|p1a: Great Tusk|Choice Band|[from] move: Knock Off|[of] p2a: Cyclizar\n|move|p1a: Great Tusk|Headlong Rush|p2a: Cyclizar\n|-damage|p2a: Cyclizar|0 fnt\n|-unboost|p1a: Great Tusk|def|1\n|-unboost|p1a: Great Tusk|spd|1\n|faint|p2a: Cyclizar\n|\n|-weather|SunnyDay|[upkeep]\n|upkeep\n|\n|t:|1700254703\n|switch|p2a: Samurott|Samurott-Hisui, M|100\/100\n|turn|22\n|\n|t:|1700254712\n|move|p2a: Samurott|Aqua Cutter|p1a: Great Tusk\n|-supereffective|p1a: Great Tusk\n|-damage|p1a: Great Tusk|27\/100\n|move|p1a: Great Tusk|Headlong Rush|p2a: Samurott\n|-damage|p2a: Samurott|0 fnt\n|-unboost|p1a: Great Tusk|def|1\n|-unboost|p1a: Great Tusk|spd|1\n|faint|p2a: Samurott\n|\n|-weather|SunnyDay|[upkeep]\n|upkeep\n|\n|t:|1700254718\n|switch|p2a: Ceruledge|Ceruledge, F|100\/100\n|turn|23\n|\n|t:|1700254722\n|move|p2a: Ceruledge|Swords Dance|p2a: Ceruledge\n|-boost|p2a: Ceruledge|atk|2\n|move|p1a: Great Tusk|Headlong Rush|p2a: Ceruledge\n|-supereffective|p2a: Ceruledge\n|-enditem|p2a: Ceruledge|Focus Sash\n|-damage|p2a: Ceruledge|1\/100\n|-unboost|p1a: Great Tusk|def|1\n|-unboost|p1a: Great Tusk|spd|1\n|-ability|p2a: Ceruledge|Weak Armor|boost\n|-unboost|p2a: Ceruledge|def|1\n|-boost|p2a: Ceruledge|spe|2\n|\n|-weather|SunnyDay|[upkeep]\n|upkeep\n|turn|24\n|\n|t:|1700254729\n|-terastallize|p2a: Ceruledge|Ghost\n|move|p2a: Ceruledge|Bitter Blade|p1a: Great Tusk\n|-damage|p1a: Great Tusk|0 fnt\n|-heal|p2a: Ceruledge|18\/100|[from] drain|[of] p1a: Great Tusk\n|faint|p1a: Great Tusk\n|-end|p1a: Great Tusk|Protosynthesis|[silent]\n|\n|-weather|SunnyDay|[upkeep]\n|upkeep\n|\n|t:|1700254736\n|switch|p1a: Gholdengo|Gholdengo|85\/100\n|turn|25\n|\n|t:|1700254738\n|-terastallize|p1a: Gholdengo|Ghost\n|move|p2a: Ceruledge|Shadow Sneak|p1a: Gholdengo\n|-supereffective|p1a: Gholdengo\n|-damage|p1a: Gholdengo|11\/100\n|move|p1a: Gholdengo|Shadow Ball|p2a: Ceruledge\n|-supereffective|p2a: Ceruledge\n|-damage|p2a: Ceruledge|0 fnt\n|faint|p2a: Ceruledge\n|\n|win|Poison Ivy Thorns\n|raw|Poison Ivy Thorns's rating: 1320 &rarr; <strong>1344<\/strong><br \/>(+24 for winning)\n|raw|Leonardobug's rating: 1385 &rarr; <strong>1361<\/strong><br \/>(-24 for losing)\n|l|\u2606Leonardobug\n","uploadtime":1700254753,"views":11,"p1id":"poisonivythorns","p2id":"leonardobug","formatid":"gen9ou","rating":1344,"private":0,"password":""}