{"id":"gen9ou-1996635686","p1":"Senhor de Canavial","p2":"casemiroluan","format":"[Gen 9] OU","log":"|j|\u2606Senhor de Canavial\n|j|\u2606casemiroluan\n|t:|1700703392\n|gametype|singles\n|player|p1|Senhor de Canavial|ghetsis-gen5bw|\n|player|p2|casemiroluan|266|\n|teamsize|p1|6\n|teamsize|p2|6\n|gen|9\n|tier|[Gen 9] OU\n|rule|Sleep Clause Mod: Limit one foe put to sleep\n|rule|Species Clause: Limit one of each Pok\u00e9mon\n|rule|OHKO Clause: OHKO moves are banned\n|rule|Evasion Items Clause: Evasion items are banned\n|rule|Evasion Moves Clause: Evasion moves are banned\n|rule|Endless Battle Clause: Forcing endless battles is banned\n|rule|HP Percentage Mod: HP is shown in percentages\n|clearpoke\n|poke|p1|Sylveon, F|\n|poke|p1|Cloyster, M|\n|poke|p1|Snorlax, M|\n|poke|p1|Krookodile, M|\n|poke|p1|Quagsire, M|\n|poke|p1|Bisharp, M|\n|poke|p2|Charizard, M|\n|poke|p2|Torkoal, M|\n|poke|p2|Glaceon, M|\n|poke|p2|Greninja-*, M|\n|poke|p2|Grimmsnarl, M|\n|poke|p2|Leafeon, F|\n|teampreview\n|\n|t:|1700703411\n|start\n|switch|p1a: Quagsire|Quagsire, M|100\/100\n|switch|p2a: Afonso|Grimmsnarl, M|100\/100\n|turn|1\n|\n|t:|1700703429\n|move|p2a: Afonso|Light Screen|p2a: Afonso\n|-sidestart|p2: casemiroluan|move: Light Screen\n|move|p1a: Quagsire|Stealth Rock|p2a: Afonso\n|-sidestart|p2: casemiroluan|move: Stealth Rock\n|\n|upkeep\n|turn|2\n|\n|t:|1700703433\n|move|p2a: Afonso|Reflect|p2a: Afonso\n|-sidestart|p2: casemiroluan|Reflect\n|move|p1a: Quagsire|Spikes|p2a: Afonso\n|-sidestart|p2: casemiroluan|Spikes\n|\n|upkeep\n|turn|3\n|\n|t:|1700703440\n|move|p2a: Afonso|Spirit Break|p1a: Quagsire\n|-damage|p1a: Quagsire|71\/100\n|-unboost|p1a: Quagsire|spa|1\n|move|p1a: Quagsire|Spikes|p2a: Afonso\n|-sidestart|p2: casemiroluan|Spikes\n|\n|-heal|p1a: Quagsire|77\/100|[from] item: Leftovers\n|upkeep\n|turn|4\n|\n|t:|1700703451\n|move|p2a: Afonso|Spirit Break|p1a: Quagsire\n|-damage|p1a: Quagsire|49\/100\n|-unboost|p1a: Quagsire|spa|1\n|move|p1a: Quagsire|Spikes|p2a: Afonso\n|-sidestart|p2: casemiroluan|Spikes\n|\n|-heal|p1a: Quagsire|55\/100|[from] item: Leftovers\n|upkeep\n|turn|5\n|\n|t:|1700703490\n|switch|p2a: Creusa|Leafeon, F|100\/100\n|switch|p1a: Bisharp|Bisharp, M|100\/100\n|\n|upkeep\n|turn|6\n|\n|t:|1700703505\n|move|p2a: Creusa|X-Scissor|p1a: Bisharp\n|-damage|p1a: Bisharp|86\/100\n|move|p1a: Bisharp|Brick Break|p2a: Creusa\n|-sideend|p2: casemiroluan|Reflect\n|-sideend|p2: casemiroluan|move: Light Screen\n|-damage|p2a: Creusa|77\/100\n|\n|upkeep\n|turn|7\n|\n|t:|1700703513\n|switch|p2a: Para-raio|Torkoal, M|100\/100\n|-damage|p2a: Para-raio|75\/100|[from] Stealth Rock\n|-damage|p2a: Para-raio|50\/100|[from] Spikes\n|-weather|SunnyDay|[from] ability: Drought|[of] p2a: Para-raio\n|move|p1a: Bisharp|Swords Dance|p1a: Bisharp\n|-boost|p1a: Bisharp|atk|2\n|\n|-weather|SunnyDay|[upkeep]\n|upkeep\n|turn|8\n|\n|t:|1700703559\n|-terastallize|p1a: Bisharp|Water\n|move|p1a: Bisharp|Sucker Punch|p2a: Para-raio\n|-damage|p2a: Para-raio|0 fnt\n|faint|p2a: Para-raio\n|\n|-weather|SunnyDay|[upkeep]\n|upkeep\n|\n|t:|1700703570\n|switch|p2a: Zeca|Charizard, M, shiny|100\/100\n|-damage|p2a: Zeca|51\/100|[from] Stealth Rock\n|turn|9\n|\n|t:|1700703576\n|move|p1a: Bisharp|Sucker Punch|p2a: Zeca\n|-damage|p2a: Zeca|0 fnt\n|faint|p2a: Zeca\n|\n|-weather|SunnyDay|[upkeep]\n|upkeep\n|\n|t:|1700703587\n|switch|p2a: Creusa|Leafeon, F|77\/100\n|turn|10\n|\n|t:|1700703593\n|move|p1a: Bisharp|Sucker Punch|p2a: Creusa\n|-damage|p2a: Creusa|5\/100\n|move|p2a: Creusa|Leaf Blade|p1a: Bisharp\n|-supereffective|p1a: Bisharp\n|-damage|p1a: Bisharp|37\/100\n|\n|-weather|SunnyDay|[upkeep]\n|upkeep\n|turn|11\n|\n|t:|1700703605\n|move|p1a: Bisharp|Sucker Punch|p2a: Creusa\n|-damage|p2a: Creusa|0 fnt\n|faint|p2a: Creusa\n|\n|-weather|SunnyDay|[upkeep]\n|upkeep\n|\n|t:|1700703612\n|switch|p2a: Sapo Cego|Greninja, M|100\/100\n|-damage|p2a: Sapo Cego|88\/100|[from] Stealth Rock\n|-damage|p2a: Sapo Cego|63\/100|[from] Spikes\n|turn|12\n|\n|t:|1700703624\n|move|p1a: Bisharp|Sucker Punch|p2a: Sapo Cego\n|-resisted|p2a: Sapo Cego\n|-damage|p2a: Sapo Cego|0 fnt\n|faint|p2a: Sapo Cego\n|\n|-weather|SunnyDay|[upkeep]\n|upkeep\n|\n|t:|1700703632\n|switch|p2a: Rog\u00e9rio|Glaceon, M, shiny|100\/100\n|-damage|p2a: Rog\u00e9rio|76\/100|[from] Stealth Rock\n|-damage|p2a: Rog\u00e9rio|51\/100|[from] Spikes\n|turn|13\n|\n|t:|1700703643\n|-terastallize|p2a: Rog\u00e9rio|Ice\n|move|p1a: Bisharp|Sucker Punch|p2a: Rog\u00e9rio\n|-damage|p2a: Rog\u00e9rio|0 fnt\n|faint|p2a: Rog\u00e9rio\n|\n|-weather|SunnyDay|[upkeep]\n|upkeep\n|\n|t:|1700703649\n|switch|p2a: Afonso|Grimmsnarl, M|100\/100\n|-damage|p2a: Afonso|88\/100|[from] Stealth Rock\n|-damage|p2a: Afonso|63\/100|[from] Spikes\n|turn|14\n|\n|t:|1700703656\n|move|p1a: Bisharp|Iron Head|p2a: Afonso\n|-supereffective|p2a: Afonso\n|-damage|p2a: Afonso|0 fnt\n|faint|p2a: Afonso\n|\n|win|Senhor de Canavial\n|c|\u2606Senhor de Canavial|gg\n","uploadtime":1700703666,"views":9,"p1id":"senhordecanavial","p2id":"casemiroluan","formatid":"gen9ou","rating":0,"private":0,"password":""}