{"id":"gen9ou-1994208189","p1":"Overripe","p2":"Welcometoearth420","format":"[Gen 9] OU","log":"|j|\u2606Overripe\n|j|\u2606Welcometoearth420\n|t:|1700419040\n|gametype|singles\n|player|p1|Overripe|iris-gen5bw2|1451\n|player|p2|Welcometoearth420|turo-ai|1423\n|teamsize|p1|6\n|teamsize|p2|6\n|gen|9\n|tier|[Gen 9] OU\n|rated|\n|rule|Sleep Clause Mod: Limit one foe put to sleep\n|rule|Species Clause: Limit one of each Pok\u00e9mon\n|rule|OHKO Clause: OHKO moves are banned\n|rule|Evasion Items Clause: Evasion items are banned\n|rule|Evasion Moves Clause: Evasion moves are banned\n|rule|Endless Battle Clause: Forcing endless battles is banned\n|rule|HP Percentage Mod: HP is shown in percentages\n|clearpoke\n|poke|p1|Pelipper, F|\n|poke|p1|Barraskewda, M|\n|poke|p1|Zapdos|\n|poke|p1|Cinderace, M|\n|poke|p1|Manaphy|\n|poke|p1|Landorus-Therian, M|\n|poke|p2|Blissey, F|\n|poke|p2|Clodsire, F|\n|poke|p2|Garganacl, M|\n|poke|p2|Walking Wake|\n|poke|p2|Torkoal, M|\n|poke|p2|Zamazenta-*|\n|teampreview\n|inactive|Battle timer is ON: inactive players will automatically lose when time's up. (requested by Overripe)\n|\n|t:|1700419055\n|start\n|switch|p1a: \u5929\u5730|Landorus-Therian, M, shiny|100\/100\n|switch|p2a: Torkoal|Torkoal, M|100\/100\n|-ability|p1a: \u5929\u5730|Intimidate|boost\n|-unboost|p2a: Torkoal|atk|1\n|-weather|SunnyDay|[from] ability: Drought|[of] p2a: Torkoal\n|turn|1\n|-activate|p1a: \u5929\u5730|item: Quick Claw\n|\n|t:|1700419069\n|switch|p2a: Walking Wake|Walking Wake|100\/100\n|-activate|p2a: Walking Wake|ability: Protosynthesis\n|-start|p2a: Walking Wake|protosynthesisspa\n|move|p1a: \u5929\u5730|Sandsear Storm|p2a: Walking Wake\n|-damage|p2a: Walking Wake|46\/100\n|\n|-weather|SunnyDay|[upkeep]\n|upkeep\n|turn|2\n|\n|t:|1700419079\n|switch|p1a: \u30d3\u30c3\u30b0\u30cb\u30e5\u30fc\u30b9|Pelipper, F, shiny|100\/100\n|-weather|RainDance|[from] ability: Drizzle|[of] p1a: \u30d3\u30c3\u30b0\u30cb\u30e5\u30fc\u30b9\n|-end|p2a: Walking Wake|Protosynthesis\n|move|p2a: Walking Wake|Draco Meteor|p1a: \u30d3\u30c3\u30b0\u30cb\u30e5\u30fc\u30b9|[miss]\n|-miss|p2a: Walking Wake|p1a: \u30d3\u30c3\u30b0\u30cb\u30e5\u30fc\u30b9\n|\n|-weather|RainDance|[upkeep]\n|upkeep\n|turn|3\n|\n|t:|1700419085\n|move|p1a: \u30d3\u30c3\u30b0\u30cb\u30e5\u30fc\u30b9|Hurricane|p2a: Walking Wake\n|-damage|p2a: Walking Wake|0 fnt\n|faint|p2a: Walking Wake\n|-end|p2a: Walking Wake|Protosynthesis|[silent]\n|\n|-weather|RainDance|[upkeep]\n|upkeep\n|\n|t:|1700419104\n|switch|p2a: Blissey|Blissey, F|100\/100\n|turn|4\n|\n|t:|1700419118\n|switch|p1a: \u6d77\u306e\u5929\u4f7f|Manaphy, shiny|100\/100\n|move|p2a: Blissey|Calm Mind|p2a: Blissey\n|-boost|p2a: Blissey|spa|1\n|-boost|p2a: Blissey|spd|1\n|\n|-weather|RainDance|[upkeep]\n|upkeep\n|turn|5\n|\n|t:|1700419121\n|switch|p1a: Messi|Cinderace, M, shiny|100\/100\n|move|p2a: Blissey|Calm Mind|p2a: Blissey\n|-boost|p2a: Blissey|spa|1\n|-boost|p2a: Blissey|spd|1\n|\n|-weather|RainDance|[upkeep]\n|upkeep\n|turn|6\n|\n|t:|1700419131\n|switch|p2a: Garganacl|Garganacl, M|100\/100\n|move|p1a: Messi|Gunk Shot|p2a: Garganacl\n|-start|p1a: Messi|typechange|Poison|[from] ability: Libero\n|-resisted|p2a: Garganacl\n|-damage|p2a: Garganacl|84\/100\n|\n|-weather|none\n|upkeep\n|turn|7\n|\n|t:|1700419138\n|switch|p1a: \u98a8\u3068\u96f2|Zapdos, shiny|100\/100\n|move|p2a: Garganacl|Curse|p2a: Garganacl\n|-unboost|p2a: Garganacl|spe|1\n|-boost|p2a: Garganacl|atk|1\n|-boost|p2a: Garganacl|def|1\n|\n|upkeep\n|turn|8\n|\n|t:|1700419141\n|move|p1a: \u98a8\u3068\u96f2|Volt Switch|p2a: Garganacl\n|-damage|p2a: Garganacl|54\/100\n|\n|t:|1700419147\n|switch|p1a: \u5929\u5730|Landorus-Therian, M, shiny|100\/100|[from] Volt Switch\n|-ability|p1a: \u5929\u5730|Intimidate|boost\n|-unboost|p2a: Garganacl|atk|1\n|move|p2a: Garganacl|Salt Cure|p1a: \u5929\u5730\n|-damage|p1a: \u5929\u5730|83\/100\n|-start|p1a: \u5929\u5730|Salt Cure\n|\n|-damage|p1a: \u5929\u5730|71\/100|[from] Salt Cure\n|upkeep\n|turn|9\n|\n|t:|1700419154\n|move|p1a: \u5929\u5730|Sandsear Storm|p2a: Garganacl\n|-supereffective|p2a: Garganacl\n|-damage|p2a: Garganacl|0 fnt\n|faint|p2a: Garganacl\n|\n|-damage|p1a: \u5929\u5730|59\/100|[from] Salt Cure\n|upkeep\n|\n|t:|1700419160\n|switch|p2a: Zamazenta|Zamazenta|100\/100\n|-ability|p2a: Zamazenta|Dauntless Shield|boost\n|-boost|p2a: Zamazenta|def|1\n|turn|10\n|\n|t:|1700419171\n|move|p2a: Zamazenta|Substitute|p2a: Zamazenta\n|-start|p2a: Zamazenta|Substitute\n|-damage|p2a: Zamazenta|76\/100\n|move|p1a: \u5929\u5730|Psychic|p2a: Zamazenta\n|-supereffective|p2a: Zamazenta\n|-end|p2a: Zamazenta|Substitute\n|\n|-heal|p2a: Zamazenta|82\/100|[from] item: Leftovers\n|-damage|p1a: \u5929\u5730|47\/100|[from] Salt Cure\n|upkeep\n|turn|11\n|\n|t:|1700419176\n|switch|p2a: Blissey|Blissey, F|100\/100\n|move|p1a: \u5929\u5730|Psychic|p2a: Blissey\n|-damage|p2a: Blissey|93\/100\n|\n|-damage|p1a: \u5929\u5730|34\/100|[from] Salt Cure\n|upkeep\n|turn|12\n|\n|t:|1700419181\n|switch|p1a: \u30d3\u30c3\u30b0\u30cb\u30e5\u30fc\u30b9|Pelipper, F, shiny|100\/100\n|-weather|RainDance|[from] ability: Drizzle|[of] p1a: \u30d3\u30c3\u30b0\u30cb\u30e5\u30fc\u30b9\n|move|p2a: Blissey|Seismic Toss|p1a: \u30d3\u30c3\u30b0\u30cb\u30e5\u30fc\u30b9\n|-damage|p1a: \u30d3\u30c3\u30b0\u30cb\u30e5\u30fc\u30b9|62\/100\n|\n|-weather|RainDance|[upkeep]\n|upkeep\n|turn|13\n|\n|t:|1700419188\n|move|p1a: \u30d3\u30c3\u30b0\u30cb\u30e5\u30fc\u30b9|U-turn|p2a: Blissey\n|-damage|p2a: Blissey|76\/100\n|\n|t:|1700419191\n|switch|p1a: \u30a2\u30eb\u30c6\u30de\u30a6\u30a7\u30dd\u30f3|Barraskewda, M, shiny|100\/100|[from] U-turn\n|move|p2a: Blissey|Seismic Toss|p1a: \u30a2\u30eb\u30c6\u30de\u30a6\u30a7\u30dd\u30f3\n|-damage|p1a: \u30a2\u30eb\u30c6\u30de\u30a6\u30a7\u30dd\u30f3|62\/100\n|\n|-weather|RainDance|[upkeep]\n|upkeep\n|turn|14\n|\n|t:|1700419199\n|switch|p2a: Torkoal|Torkoal, M|100\/100\n|-weather|SunnyDay|[from] ability: Drought|[of] p2a: Torkoal\n|move|p1a: \u30a2\u30eb\u30c6\u30de\u30a6\u30a7\u30dd\u30f3|Psychic Fangs|p2a: Torkoal\n|-damage|p2a: Torkoal|78\/100\n|\n|-weather|SunnyDay|[upkeep]\n|upkeep\n|turn|15\n|\n|t:|1700419203\n|switch|p1a: \u98a8\u3068\u96f2|Zapdos, shiny|100\/100\n|move|p2a: Torkoal|Stealth Rock|p1a: \u98a8\u3068\u96f2\n|-sidestart|p1: Overripe|move: Stealth Rock\n|\n|-weather|SunnyDay|[upkeep]\n|upkeep\n|turn|16\n|\n|t:|1700419209\n|move|p1a: \u98a8\u3068\u96f2|Hurricane|p2a: Torkoal|[miss]\n|-miss|p1a: \u98a8\u3068\u96f2|p2a: Torkoal\n|move|p2a: Torkoal|Yawn|p1a: \u98a8\u3068\u96f2\n|-start|p1a: \u98a8\u3068\u96f2|move: Yawn|[of] p2a: Torkoal\n|\n|-weather|SunnyDay|[upkeep]\n|upkeep\n|turn|17\n|\n|t:|1700419214\n|switch|p1a: \u30d3\u30c3\u30b0\u30cb\u30e5\u30fc\u30b9|Pelipper, F, shiny|62\/100\n|-damage|p1a: \u30d3\u30c3\u30b0\u30cb\u30e5\u30fc\u30b9|37\/100|[from] Stealth Rock\n|-weather|RainDance|[from] ability: Drizzle|[of] p1a: \u30d3\u30c3\u30b0\u30cb\u30e5\u30fc\u30b9\n|move|p2a: Torkoal|Lava Plume|p1a: \u30d3\u30c3\u30b0\u30cb\u30e5\u30fc\u30b9\n|-resisted|p1a: \u30d3\u30c3\u30b0\u30cb\u30e5\u30fc\u30b9\n|-damage|p1a: \u30d3\u30c3\u30b0\u30cb\u30e5\u30fc\u30b9|28\/100\n|\n|-weather|RainDance|[upkeep]\n|upkeep\n|turn|18\n|\n|t:|1700419225\n|switch|p2a: Clodsire|Clodsire, F|100\/100\n|move|p1a: \u30d3\u30c3\u30b0\u30cb\u30e5\u30fc\u30b9|U-turn|p2a: Clodsire\n|-resisted|p2a: Clodsire\n|-damage|p2a: Clodsire|96\/100\n|\n|t:|1700419232\n|switch|p1a: \u6d77\u306e\u5929\u4f7f|Manaphy, shiny|100\/100|[from] U-turn\n|-damage|p1a: \u6d77\u306e\u5929\u4f7f|88\/100|[from] Stealth Rock\n|\n|-weather|RainDance|[upkeep]\n|-heal|p1a: \u6d77\u306e\u5929\u4f7f|94\/100|[from] item: Leftovers\n|upkeep\n|turn|19\n|\n|t:|1700419241\n|move|p1a: \u6d77\u306e\u5929\u4f7f|Take Heart|p1a: \u6d77\u306e\u5929\u4f7f\n|-boost|p1a: \u6d77\u306e\u5929\u4f7f|spa|1\n|-boost|p1a: \u6d77\u306e\u5929\u4f7f|spd|1\n|move|p2a: Clodsire|Toxic|p1a: \u6d77\u306e\u5929\u4f7f\n|-status|p1a: \u6d77\u306e\u5929\u4f7f|tox\n|\n|-weather|RainDance|[upkeep]\n|-activate|p1a: \u6d77\u306e\u5929\u4f7f|ability: Hydration\n|-curestatus|p1a: \u6d77\u306e\u5929\u4f7f|tox|[msg]\n|-heal|p1a: \u6d77\u306e\u5929\u4f7f|100\/100|[from] item: Leftovers\n|upkeep\n|turn|20\n|\n|t:|1700419243\n|switch|p2a: Blissey|Blissey, F|76\/100\n|move|p1a: \u6d77\u306e\u5929\u4f7f|Take Heart|p1a: \u6d77\u306e\u5929\u4f7f\n|-boost|p1a: \u6d77\u306e\u5929\u4f7f|spa|1\n|-boost|p1a: \u6d77\u306e\u5929\u4f7f|spd|1\n|\n|-weather|RainDance|[upkeep]\n|upkeep\n|turn|21\n|\n|t:|1700419247\n|move|p1a: \u6d77\u306e\u5929\u4f7f|Take Heart|p1a: \u6d77\u306e\u5929\u4f7f\n|-boost|p1a: \u6d77\u306e\u5929\u4f7f|spa|1\n|-boost|p1a: \u6d77\u306e\u5929\u4f7f|spd|1\n|move|p2a: Blissey|Calm Mind|p2a: Blissey\n|-boost|p2a: Blissey|spa|1\n|-boost|p2a: Blissey|spd|1\n|\n|-weather|none\n|upkeep\n|turn|22\n|\n|t:|1700419250\n|move|p1a: \u6d77\u306e\u5929\u4f7f|Take Heart|p1a: \u6d77\u306e\u5929\u4f7f\n|-boost|p1a: \u6d77\u306e\u5929\u4f7f|spa|1\n|-boost|p1a: \u6d77\u306e\u5929\u4f7f|spd|1\n|move|p2a: Blissey|Calm Mind|p2a: Blissey\n|-boost|p2a: Blissey|spa|1\n|-boost|p2a: Blissey|spd|1\n|\n|upkeep\n|turn|23\n|\n|t:|1700419252\n|-terastallize|p2a: Blissey|Dark\n|move|p1a: \u6d77\u306e\u5929\u4f7f|Take Heart|p1a: \u6d77\u306e\u5929\u4f7f\n|-boost|p1a: \u6d77\u306e\u5929\u4f7f|spa|1\n|-boost|p1a: \u6d77\u306e\u5929\u4f7f|spd|1\n|move|p2a: Blissey|Calm Mind|p2a: Blissey\n|-boost|p2a: Blissey|spa|1\n|-boost|p2a: Blissey|spd|1\n|\n|upkeep\n|turn|24\n|\n|t:|1700419259\n|move|p1a: \u6d77\u306e\u5929\u4f7f|Surf|p2a: Blissey\n|-damage|p2a: Blissey|62\/100\n|move|p2a: Blissey|Seismic Toss|p1a: \u6d77\u306e\u5929\u4f7f\n|-damage|p1a: \u6d77\u306e\u5929\u4f7f|76\/100\n|\n|-heal|p1a: \u6d77\u306e\u5929\u4f7f|82\/100|[from] item: Leftovers\n|upkeep\n|turn|25\n|\n|t:|1700419263\n|move|p1a: \u6d77\u306e\u5929\u4f7f|Surf|p2a: Blissey\n|-damage|p2a: Blissey|49\/100\n|move|p2a: Blissey|Calm Mind|p2a: Blissey\n|-boost|p2a: Blissey|spa|1\n|-boost|p2a: Blissey|spd|1\n|\n|-heal|p1a: \u6d77\u306e\u5929\u4f7f|88\/100|[from] item: Leftovers\n|upkeep\n|turn|26\n|\n|t:|1700419265\n|move|p1a: \u6d77\u306e\u5929\u4f7f|Surf|p2a: Blissey\n|-damage|p2a: Blissey|37\/100\n|move|p2a: Blissey|Soft-Boiled|p2a: Blissey\n|-heal|p2a: Blissey|87\/100\n|\n|-heal|p1a: \u6d77\u306e\u5929\u4f7f|94\/100|[from] item: Leftovers\n|upkeep\n|turn|27\n|\n|t:|1700419269\n|move|p1a: \u6d77\u306e\u5929\u4f7f|Surf|p2a: Blissey\n|-damage|p2a: Blissey|76\/100\n|move|p2a: Blissey|Calm Mind|p2a: Blissey\n|-boost|p2a: Blissey|spa|1\n|-boost|p2a: Blissey|spd|1\n|\n|-heal|p1a: \u6d77\u306e\u5929\u4f7f|100\/100|[from] item: Leftovers\n|upkeep\n|turn|28\n|\n|t:|1700419273\n|move|p1a: \u6d77\u306e\u5929\u4f7f|Surf|p2a: Blissey\n|-damage|p2a: Blissey|66\/100\n|move|p2a: Blissey|Seismic Toss|p1a: \u6d77\u306e\u5929\u4f7f\n|-damage|p1a: \u6d77\u306e\u5929\u4f7f|76\/100\n|\n|-heal|p1a: \u6d77\u306e\u5929\u4f7f|82\/100|[from] item: Leftovers\n|upkeep\n|turn|29\n|\n|t:|1700419278\n|move|p1a: \u6d77\u306e\u5929\u4f7f|Surf|p2a: Blissey\n|-damage|p2a: Blissey|57\/100\n|move|p2a: Blissey|Calm Mind|p2a: Blissey\n|-boost|p2a: Blissey|spa|1\n|-boost|p2a: Blissey|spd|1\n|\n|-heal|p1a: \u6d77\u306e\u5929\u4f7f|88\/100|[from] item: Leftovers\n|upkeep\n|turn|30\n|\n|t:|1700419279\n|move|p1a: \u6d77\u306e\u5929\u4f7f|Surf|p2a: Blissey\n|-damage|p2a: Blissey|48\/100\n|move|p2a: Blissey|Seismic Toss|p1a: \u6d77\u306e\u5929\u4f7f\n|-damage|p1a: \u6d77\u306e\u5929\u4f7f|63\/100\n|\n|-heal|p1a: \u6d77\u306e\u5929\u4f7f|70\/100|[from] item: Leftovers\n|upkeep\n|turn|31\n|\n|t:|1700419282\n|move|p1a: \u6d77\u306e\u5929\u4f7f|Surf|p2a: Blissey\n|-damage|p2a: Blissey|40\/100\n|move|p2a: Blissey|Seismic Toss|p1a: \u6d77\u306e\u5929\u4f7f\n|-damage|p1a: \u6d77\u306e\u5929\u4f7f|45\/100\n|\n|-heal|p1a: \u6d77\u306e\u5929\u4f7f|51\/100|[from] item: Leftovers\n|upkeep\n|turn|32\n|\n|t:|1700419285\n|move|p1a: \u6d77\u306e\u5929\u4f7f|Surf|p2a: Blissey\n|-damage|p2a: Blissey|32\/100\n|move|p2a: Blissey|Soft-Boiled|p2a: Blissey\n|-heal|p2a: Blissey|82\/100\n|\n|-heal|p1a: \u6d77\u306e\u5929\u4f7f|57\/100|[from] item: Leftovers\n|upkeep\n|turn|33\n|\n|t:|1700419287\n|move|p1a: \u6d77\u306e\u5929\u4f7f|Take Heart|p1a: \u6d77\u306e\u5929\u4f7f\n|-boost|p1a: \u6d77\u306e\u5929\u4f7f|spa|1\n|-boost|p1a: \u6d77\u306e\u5929\u4f7f|spd|1\n|move|p2a: Blissey|Seismic Toss|p1a: \u6d77\u306e\u5929\u4f7f\n|-damage|p1a: \u6d77\u306e\u5929\u4f7f|32\/100\n|\n|-heal|p1a: \u6d77\u306e\u5929\u4f7f|39\/100|[from] item: Leftovers\n|upkeep\n|turn|34\n|\n|t:|1700419292\n|move|p1a: \u6d77\u306e\u5929\u4f7f|Surf|p2a: Blissey\n|-damage|p2a: Blissey|73\/100\n|move|p2a: Blissey|Seismic Toss|p1a: \u6d77\u306e\u5929\u4f7f\n|-damage|p1a: \u6d77\u306e\u5929\u4f7f|14\/100\n|\n|-heal|p1a: \u6d77\u306e\u5929\u4f7f|20\/100|[from] item: Leftovers\n|upkeep\n|turn|35\n|\n|t:|1700419296\n|move|p1a: \u6d77\u306e\u5929\u4f7f|Surf|p2a: Blissey\n|-damage|p2a: Blissey|65\/100\n|move|p2a: Blissey|Seismic Toss|p1a: \u6d77\u306e\u5929\u4f7f\n|-damage|p1a: \u6d77\u306e\u5929\u4f7f|0 fnt\n|faint|p1a: \u6d77\u306e\u5929\u4f7f\n|\n|upkeep\n|\n|t:|1700419299\n|switch|p1a: Messi|Cinderace, M, shiny|100\/100\n|-damage|p1a: Messi|75\/100|[from] Stealth Rock\n|turn|36\n|\n|t:|1700419306\n|switch|p2a: Zamazenta|Zamazenta|82\/100\n|move|p1a: Messi|High Jump Kick|p2a: Zamazenta\n|-start|p1a: Messi|typechange|Fighting|[from] ability: Libero\n|-damage|p2a: Zamazenta|26\/100\n|\n|-heal|p2a: Zamazenta|32\/100|[from] item: Leftovers\n|upkeep\n|turn|37\n|\n|t:|1700419315\n|move|p1a: Messi|High Jump Kick|p2a: Zamazenta\n|-damage|p2a: Zamazenta|0 fnt\n|faint|p2a: Zamazenta\n|\n|upkeep\n|\n|t:|1700419318\n|switch|p2a: Torkoal|Torkoal, M|78\/100\n|-weather|SunnyDay|[from] ability: Drought|[of] p2a: Torkoal\n|turn|38\n|\n|t:|1700419321\n|switch|p1a: \u5929\u5730|Landorus-Therian, M, shiny|34\/100\n|-damage|p1a: \u5929\u5730|22\/100|[from] Stealth Rock\n|-ability|p1a: \u5929\u5730|Intimidate|boost\n|-unboost|p2a: Torkoal|atk|1\n|move|p2a: Torkoal|Yawn|p1a: \u5929\u5730\n|-start|p1a: \u5929\u5730|move: Yawn|[of] p2a: Torkoal\n|\n|-weather|SunnyDay|[upkeep]\n|upkeep\n|turn|39\n|\n|t:|1700419335\n|switch|p2a: Blissey|Blissey, F, tera:Dark|65\/100\n|move|p1a: \u5929\u5730|Sandsear Storm|p2a: Blissey\n|-damage|p2a: Blissey|52\/100\n|\n|-weather|SunnyDay|[upkeep]\n|-end|p1a: \u5929\u5730|move: Yawn|[silent]\n|-status|p1a: \u5929\u5730|slp\n|upkeep\n|turn|40\n|inactive|Welcometoearth420 has 120 seconds left.\n|l|\u2606Overripe\n|inactive|Overripe disconnected and has a minute to reconnect!\n|player|p1|\n|\n|t:|1700419376\n|switch|p1a: \u98a8\u3068\u96f2|Zapdos, shiny|100\/100\n|-damage|p1a: \u98a8\u3068\u96f2|76\/100|[from] Stealth Rock\n|move|p2a: Blissey|Seismic Toss|p1a: \u98a8\u3068\u96f2\n|-damage|p1a: \u98a8\u3068\u96f2|45\/100\n|\n|-weather|SunnyDay|[upkeep]\n|upkeep\n|turn|41\n|j|\u2606Overripe\n|inactive|Overripe reconnected and has 130 seconds left.\n|player|p1|Overripe|iris-gen5bw2\n|\n|t:|1700419401\n|move|p1a: \u98a8\u3068\u96f2|Volt Switch|p2a: Blissey\n|-damage|p2a: Blissey|42\/100\n|\n|t:|1700419404\n|switch|p1a: Messi|Cinderace, M, shiny|75\/100|[from] Volt Switch\n|-damage|p1a: Messi|50\/100|[from] Stealth Rock\n|move|p2a: Blissey|Soft-Boiled|p2a: Blissey\n|-heal|p2a: Blissey|92\/100\n|\n|-weather|SunnyDay|[upkeep]\n|upkeep\n|turn|42\n|\n|t:|1700419412\n|switch|p2a: Torkoal|Torkoal, M|78\/100\n|move|p1a: Messi|Pyro Ball|p2a: Torkoal\n|-resisted|p2a: Torkoal\n|-damage|p2a: Torkoal|50\/100\n|\n|-weather|SunnyDay|[upkeep]\n|upkeep\n|turn|43\n|\n|t:|1700419417\n|switch|p1a: \u30d3\u30c3\u30b0\u30cb\u30e5\u30fc\u30b9|Pelipper, F, shiny|28\/100\n|-damage|p1a: \u30d3\u30c3\u30b0\u30cb\u30e5\u30fc\u30b9|3\/100|[from] Stealth Rock\n|-weather|RainDance|[from] ability: Drizzle|[of] p1a: \u30d3\u30c3\u30b0\u30cb\u30e5\u30fc\u30b9\n|move|p2a: Torkoal|Lava Plume|p1a: \u30d3\u30c3\u30b0\u30cb\u30e5\u30fc\u30b9\n|-resisted|p1a: \u30d3\u30c3\u30b0\u30cb\u30e5\u30fc\u30b9\n|-damage|p1a: \u30d3\u30c3\u30b0\u30cb\u30e5\u30fc\u30b9|0 fnt\n|faint|p1a: \u30d3\u30c3\u30b0\u30cb\u30e5\u30fc\u30b9\n|\n|-weather|RainDance|[upkeep]\n|upkeep\n|\n|t:|1700419421\n|switch|p1a: \u30a2\u30eb\u30c6\u30de\u30a6\u30a7\u30dd\u30f3|Barraskewda, M, shiny|62\/100\n|-damage|p1a: \u30a2\u30eb\u30c6\u30de\u30a6\u30a7\u30dd\u30f3|50\/100|[from] Stealth Rock\n|turn|44\n|\n|t:|1700419428\n|switch|p2a: Clodsire|Clodsire, F|96\/100\n|move|p1a: \u30a2\u30eb\u30c6\u30de\u30a6\u30a7\u30dd\u30f3|Flip Turn|p2a: Clodsire\n|-supereffective|p2a: Clodsire\n|-damage|p2a: Clodsire|0 fnt\n|faint|p2a: Clodsire\n|-message|Welcometoearth420 forfeited.\n|\n|win|Overripe\n|raw|Overripe's rating: 1451 &rarr; <strong>1469<\/strong><br \/>(+18 for winning)\n|raw|Welcometoearth420's rating: 1423 &rarr; <strong>1405<\/strong><br \/>(-18 for losing)\n|l|\u2606Welcometoearth420\n","uploadtime":1700419443,"views":7,"p1id":"overripe","p2id":"welcometoearth420","formatid":"gen9ou","rating":1405,"private":0,"password":""}