{"id":"gen9ou-1991372630","p1":"dadaduizhan","p2":"chordoverstreet","format":"[Gen 9] OU","log":"|j|\u2606dadaduizhan\n|j|\u2606chordoverstreet\n|t:|1700071668\n|gametype|singles\n|player|p1|dadaduizhan|1|1330\n|player|p2|chordoverstreet|169|1359\n|teamsize|p1|6\n|teamsize|p2|6\n|gen|9\n|tier|[Gen 9] OU\n|rated|\n|rule|Sleep Clause Mod: Limit one foe put to sleep\n|rule|Species Clause: Limit one of each Pok\u00e9mon\n|rule|OHKO Clause: OHKO moves are banned\n|rule|Evasion Items Clause: Evasion items are banned\n|rule|Evasion Moves Clause: Evasion moves are banned\n|rule|Endless Battle Clause: Forcing endless battles is banned\n|rule|HP Percentage Mod: HP is shown in percentages\n|clearpoke\n|poke|p1|Iron Treads|\n|poke|p1|Iron Moth|\n|poke|p1|Kingambit, M|\n|poke|p1|Ogerpon-Wellspring, F|\n|poke|p1|Zapdos|\n|poke|p1|Dragapult, M|\n|poke|p2|Ting-Lu|\n|poke|p2|Rillaboom, M|\n|poke|p2|Samurott-Hisui, F|\n|poke|p2|Gholdengo|\n|poke|p2|Hatterene, F|\n|poke|p2|Great Tusk|\n|teampreview\n|inactive|Battle timer is ON: inactive players will automatically lose when time's up. (requested by dadaduizhan)\n|\n|t:|1700071678\n|start\n|switch|p1a: Dragapult|Dragapult, M|100\/100\n|switch|p2a: Samurott|Samurott-Hisui, F|100\/100\n|turn|1\n|\n|t:|1700071684\n|move|p2a: Samurott|Ceaseless Edge|p1a: Dragapult\n|-supereffective|p1a: Dragapult\n|-damage|p1a: Dragapult|0 fnt\n|-sidestart|p1: dadaduizhan|Spikes\n|faint|p1a: Dragapult\n|\n|upkeep\n|\n|t:|1700071687\n|switch|p1a: Zapdos|Zapdos|100\/100\n|turn|2\n|\n|t:|1700071690\n|switch|p2a: Ting-Lu|Ting-Lu|100\/100\n|-ability|p2a: Ting-Lu|Vessel of Ruin\n|move|p1a: Zapdos|Volt Switch|p2a: Ting-Lu\n|-immune|p2a: Ting-Lu\n|\n|upkeep\n|turn|3\n|\n|t:|1700071694\n|switch|p1a: Ogerpon|Ogerpon-Wellspring, F|100\/100\n|-damage|p1a: Ogerpon|88\/100|[from] Spikes\n|move|p2a: Ting-Lu|Stealth Rock|p1a: Ogerpon\n|-sidestart|p1: dadaduizhan|move: Stealth Rock\n|\n|upkeep\n|turn|4\n|\n|t:|1700071707\n|switch|p2a: Rillaboom|Rillaboom, M|100\/100\n|-fieldstart|move: Grassy Terrain|[from] ability: Grassy Surge|[of] p2a: Rillaboom\n|move|p1a: Ogerpon|Taunt|p2a: Rillaboom\n|-start|p2a: Rillaboom|move: Taunt\n|\n|-heal|p1a: Ogerpon|94\/100|[from] Grassy Terrain\n|upkeep\n|turn|5\n|\n|t:|1700071714\n|move|p1a: Ogerpon|U-turn|p2a: Rillaboom\n|-supereffective|p2a: Rillaboom\n|-crit|p2a: Rillaboom\n|-damage|p2a: Rillaboom|12\/100\n|\n|t:|1700071718\n|switch|p1a: Zapdos|Zapdos|100\/100|[from] U-turn\n|move|p2a: Rillaboom|Wood Hammer|p1a: Zapdos\n|-resisted|p1a: Zapdos\n|-damage|p1a: Zapdos|50\/100\n|-damage|p2a: Rillaboom|0 fnt|[from] Recoil\n|faint|p2a: Rillaboom\n|\n|upkeep\n|\n|t:|1700071729\n|switch|p2a: Ting-Lu|Ting-Lu|100\/100\n|-ability|p2a: Ting-Lu|Vessel of Ruin\n|turn|6\n|c|\u2606dadaduizhan|why wood hammer is so hurtly?\n|c|\u2606dadaduizhan|Is it choice band?\n|\n|t:|1700071752\n|switch|p1a: Ogerpon|Ogerpon-Wellspring, F|94\/100\n|-damage|p1a: Ogerpon|82\/100|[from] Spikes\n|-damage|p1a: Ogerpon|70\/100|[from] Stealth Rock\n|move|p2a: Ting-Lu|Whirlwind|p1a: Ogerpon\n|drag|p1a: Kingambit|Kingambit, M|100\/100\n|-damage|p1a: Kingambit|88\/100|[from] Spikes\n|-damage|p1a: Kingambit|82\/100|[from] Stealth Rock\n|-activate|p1a: Kingambit|ability: Supreme Overlord\n|-start|p1a: Kingambit|fallen1|[silent]\n|\n|-heal|p1a: Kingambit|88\/100|[from] Grassy Terrain\n|-heal|p1a: Kingambit|94\/100|[from] item: Leftovers\n|upkeep\n|turn|7\n|c|\u2606chordoverstreet|steroids\n|\n|t:|1700071766\n|-end|p1a: Kingambit|fallen1|[silent]\n|switch|p1a: Ogerpon|Ogerpon-Wellspring, F|70\/100\n|-damage|p1a: Ogerpon|57\/100|[from] Spikes\n|-damage|p1a: Ogerpon|45\/100|[from] Stealth Rock\n|move|p2a: Ting-Lu|Ruination|p1a: Ogerpon\n|-damage|p1a: Ogerpon|23\/100\n|\n|-heal|p1a: Ogerpon|29\/100|[from] Grassy Terrain\n|upkeep\n|turn|8\n|\n|t:|1700071782\n|move|p1a: Ogerpon|Horn Leech|p2a: Ting-Lu\n|-supereffective|p2a: Ting-Lu\n|-damage|p2a: Ting-Lu|41\/100\n|-heal|p1a: Ogerpon|77\/100|[from] drain|[of] p2a: Ting-Lu\n|move|p2a: Ting-Lu|Whirlwind|p1a: Ogerpon\n|drag|p1a: Zapdos|Zapdos|50\/100\n|\n|-heal|p2a: Ting-Lu|47\/100|[from] Grassy Terrain\n|-heal|p2a: Ting-Lu|53\/100|[from] item: Leftovers\n|-fieldend|move: Grassy Terrain\n|upkeep\n|turn|9\n|\n|t:|1700071797\n|move|p1a: Zapdos|Roost|p1a: Zapdos\n|-heal|p1a: Zapdos|99\/100\n|-singleturn|p1a: Zapdos|move: Roost\n|move|p2a: Ting-Lu|Ruination|p1a: Zapdos\n|-damage|p1a: Zapdos|50\/100\n|\n|-heal|p2a: Ting-Lu|59\/100|[from] item: Leftovers\n|upkeep\n|turn|10\n|\n|t:|1700071810\n|move|p1a: Zapdos|Hurricane|p2a: Ting-Lu|[miss]\n|-miss|p1a: Zapdos|p2a: Ting-Lu\n|move|p2a: Ting-Lu|Earthquake|p1a: Zapdos\n|-immune|p1a: Zapdos\n|\n|-heal|p2a: Ting-Lu|66\/100|[from] item: Leftovers\n|upkeep\n|turn|11\n|\n|t:|1700071824\n|move|p1a: Zapdos|Hurricane|p2a: Ting-Lu\n|-damage|p2a: Ting-Lu|45\/100\n|-start|p2a: Ting-Lu|confusion\n|-activate|p2a: Ting-Lu|confusion\n|move|p2a: Ting-Lu|Whirlwind|p1a: Zapdos\n|drag|p1a: Iron Moth|Iron Moth, shiny|100\/100\n|-damage|p1a: Iron Moth|88\/100|[from] Spikes\n|-damage|p1a: Iron Moth|63\/100|[from] Stealth Rock\n|-enditem|p1a: Iron Moth|Booster Energy\n|-activate|p1a: Iron Moth|ability: Quark Drive|[fromitem]\n|-start|p1a: Iron Moth|quarkdrivespe\n|\n|-heal|p2a: Ting-Lu|51\/100|[from] item: Leftovers\n|upkeep\n|turn|12\n|\n|t:|1700071837\n|-terastallize|p1a: Iron Moth|Grass\n|move|p1a: Iron Moth|Substitute|p1a: Iron Moth\n|-start|p1a: Iron Moth|Substitute\n|-damage|p1a: Iron Moth|38\/100\n|-activate|p2a: Ting-Lu|confusion\n|move|p2a: Ting-Lu|Earthquake|p1a: Iron Moth\n|-resisted|p1a: Iron Moth\n|-end|p1a: Iron Moth|Substitute\n|\n|-heal|p2a: Ting-Lu|57\/100|[from] item: Leftovers\n|upkeep\n|turn|13\n|\n|t:|1700071845\n|move|p1a: Iron Moth|Energy Ball|p2a: Ting-Lu\n|-supereffective|p2a: Ting-Lu\n|-damage|p2a: Ting-Lu|10\/100\n|-activate|p2a: Ting-Lu|confusion\n|move|p2a: Ting-Lu|Whirlwind|p1a: Iron Moth\n|-end|p1a: Iron Moth|Quark Drive|[silent]\n|drag|p1a: Kingambit|Kingambit, M|94\/100\n|-damage|p1a: Kingambit|82\/100|[from] Spikes\n|-damage|p1a: Kingambit|76\/100|[from] Stealth Rock\n|-activate|p1a: Kingambit|ability: Supreme Overlord\n|-start|p1a: Kingambit|fallen1|[silent]\n|\n|-heal|p1a: Kingambit|82\/100|[from] item: Leftovers\n|-heal|p2a: Ting-Lu|17\/100|[from] item: Leftovers\n|upkeep\n|turn|14\n|-message|dadaduizhan forfeited.\n|\n|win|chordoverstreet\n|raw|dadaduizhan's rating: 1330 &rarr; <strong>1312<\/strong><br \/>(-18 for losing)\n|raw|chordoverstreet's rating: 1359 &rarr; <strong>1377<\/strong><br \/>(+18 for winning)\n|l|\u2606dadaduizhan\n","uploadtime":1700071871,"views":7,"p1id":"dadaduizhan","p2id":"chordoverstreet","formatid":"gen9ou","rating":1312,"private":0,"password":""}