{"id":"gen9ou-1992000732","p1":"Samthefalcon","p2":"Kairak","format":"[Gen 9] OU","log":"|j|\u203dSamthefalcon\n|j|\u2606Kairak\n|t:|1700146601\n|gametype|singles\n|player|p1|Samthefalcon|plasmagrunt|1583\n|player|p2|Kairak|hiker-gen4|1568\n|teamsize|p1|6\n|teamsize|p2|6\n|gen|9\n|tier|[Gen 9] OU\n|rated|\n|rule|Sleep Clause Mod: Limit one foe put to sleep\n|rule|Species Clause: Limit one of each Pok\u00e9mon\n|rule|OHKO Clause: OHKO moves are banned\n|rule|Evasion Items Clause: Evasion items are banned\n|rule|Evasion Moves Clause: Evasion moves are banned\n|rule|Endless Battle Clause: Forcing endless battles is banned\n|rule|HP Percentage Mod: HP is shown in percentages\n|clearpoke\n|poke|p1|Alomomola, M|\n|poke|p1|Slowking-Galar, M|\n|poke|p1|Kingambit, F|\n|poke|p1|Great Tusk|\n|poke|p1|Cinderace, F|\n|poke|p1|Thundurus-Therian, M|\n|poke|p2|Kommo-o, F|\n|poke|p2|Ogerpon-Wellspring, F|\n|poke|p2|Ribombee, F|\n|poke|p2|Gholdengo|\n|poke|p2|Rillaboom, F|\n|poke|p2|Iron Moth|\n|teampreview\n|inactive|Battle timer is ON: inactive players will automatically lose when time's up. (requested by Samthefalcon)\n|\n|t:|1700146609\n|start\n|switch|p1a: Thundurus|Thundurus-Therian, M|100\/100\n|switch|p2a: Ribombee|Ribombee, F|100\/100\n|turn|1\n|\n|t:|1700146613\n|move|p2a: Ribombee|Skill Swap|p1a: Thundurus\n|-activate|p2a: Ribombee|move: Skill Swap|Volt Absorb|Shield Dust|[of] p1a: Thundurus\n|move|p1a: Thundurus|Volt Switch|p2a: Ribombee\n|-immune|p2a: Ribombee|[from] ability: Volt Absorb\n|\n|upkeep\n|turn|2\n|\n|t:|1700146617\n|switch|p1a: Slowking|Slowking-Galar, M|100\/100\n|move|p2a: Ribombee|Sticky Web|p1a: Slowking\n|-sidestart|p1: Samthefalcon|move: Sticky Web\n|\n|upkeep\n|turn|3\n|\n|t:|1700146622\n|switch|p2a: Gholdengo|Gholdengo|100\/100\n|-item|p2a: Gholdengo|Air Balloon\n|move|p1a: Slowking|Future Sight|p2a: Gholdengo\n|-start|p1a: Slowking|move: Future Sight\n|\n|upkeep\n|turn|4\n|\n|t:|1700146627\n|move|p2a: Gholdengo|Nasty Plot|p2a: Gholdengo\n|-boost|p2a: Gholdengo|spa|2\n|move|p1a: Slowking|Chilly Reception|p1a: Slowking\n|-weather|Snow\n|\n|t:|1700146630\n|switch|p1a: Thundurus|Thundurus-Therian, M|100\/100|[from] Chilly Reception\n|\n|-weather|Snow|[upkeep]\n|upkeep\n|turn|5\n|\n|t:|1700146637\n|move|p1a: Thundurus|Volt Switch|p2a: Gholdengo\n|-damage|p2a: Gholdengo|34\/100\n|-enditem|p2a: Gholdengo|Air Balloon\n|\n|t:|1700146641\n|switch|p1a: Kingambit|Kingambit, F|100\/100|[from] Volt Switch\n|-activate|p1a: Kingambit|move: Sticky Web\n|-unboost|p1a: Kingambit|spe|1\n|move|p2a: Gholdengo|Shadow Ball|p1a: Kingambit\n|-resisted|p1a: Kingambit\n|-damage|p1a: Kingambit|61\/100\n|\n|-weather|Snow|[upkeep]\n|-end|p2a: Gholdengo|move: Future Sight\n|-resisted|p2a: Gholdengo\n|-damage|p2a: Gholdengo|8\/100\n|-heal|p1a: Kingambit|67\/100|[from] item: Leftovers\n|upkeep\n|turn|6\n|\n|t:|1700146653\n|switch|p2a: Kommo-o|Kommo-o, F|100\/100\n|move|p1a: Kingambit|Kowtow Cleave|p2a: Kommo-o\n|-resisted|p2a: Kommo-o\n|-damage|p2a: Kommo-o|76\/100\n|\n|-weather|Snow|[upkeep]\n|-heal|p1a: Kingambit|73\/100|[from] item: Leftovers\n|upkeep\n|turn|7\n|\n|t:|1700146658\n|-end|p1a: Kingambit|fallenundefined|[silent]\n|switch|p1a: Alomomola|Alomomola, M|100\/100\n|-activate|p1a: Alomomola|move: Sticky Web\n|-unboost|p1a: Alomomola|spe|1\n|move|p2a: Kommo-o|Clangorous Soul|p2a: Kommo-o\n|-boost|p2a: Kommo-o|atk|1\n|-boost|p2a: Kommo-o|def|1\n|-boost|p2a: Kommo-o|spa|1\n|-boost|p2a: Kommo-o|spd|1\n|-boost|p2a: Kommo-o|spe|1\n|-damage|p2a: Kommo-o|43\/100\n|-enditem|p2a: Kommo-o|Throat Spray\n|-boost|p2a: Kommo-o|spa|1|[from] item: Throat Spray\n|\n|-weather|Snow|[upkeep]\n|upkeep\n|turn|8\n|\n|t:|1700146661\n|-terastallize|p2a: Kommo-o|Normal\n|move|p2a: Kommo-o|Boomburst|p1a: Alomomola\n|-damage|p1a: Alomomola|0 fnt\n|faint|p1a: Alomomola\n|\n|-weather|none\n|upkeep\n|\n|t:|1700146682\n|switch|p1a: Slowking|Slowking-Galar, M|100\/100\n|turn|9\n|\n|t:|1700146691\n|move|p2a: Kommo-o|Boomburst|p1a: Slowking\n|-damage|p1a: Slowking|27\/100\n|move|p1a: Slowking|Sludge Bomb|p2a: Kommo-o\n|-immune|p2a: Kommo-o|[from] ability: Bulletproof\n|\n|upkeep\n|turn|10\n|\n|t:|1700146698\n|switch|p1a: Kingambit|Kingambit, F|73\/100\n|-activate|p1a: Kingambit|move: Sticky Web\n|-unboost|p1a: Kingambit|spe|1\n|-activate|p1a: Kingambit|ability: Supreme Overlord\n|-start|p1a: Kingambit|fallen1|[silent]\n|move|p2a: Kommo-o|Boomburst|p1a: Kingambit\n|-resisted|p1a: Kingambit\n|-damage|p1a: Kingambit|14\/100\n|\n|-heal|p1a: Kingambit|21\/100|[from] item: Leftovers\n|upkeep\n|turn|11\n|\n|t:|1700146703\n|move|p1a: Kingambit|Sucker Punch|p2a: Kommo-o\n|-damage|p2a: Kommo-o|16\/100\n|move|p2a: Kommo-o|Boomburst|p1a: Kingambit\n|-resisted|p1a: Kingambit\n|-damage|p1a: Kingambit|0 fnt\n|faint|p1a: Kingambit\n|-end|p1a: Kingambit|fallen1|[silent]\n|\n|upkeep\n|\n|t:|1700146713\n|switch|p1a: Cinderace|Cinderace, F|100\/100\n|turn|12\n|\n|t:|1700146715\n|move|p2a: Kommo-o|Boomburst|p1a: Cinderace\n|-damage|p1a: Cinderace|0 fnt\n|faint|p1a: Cinderace\n|\n|upkeep\n|-message|Samthefalcon forfeited.\n|\n|win|Kairak\n|raw|Samthefalcon's rating: 1583 &rarr; <strong>1562<\/strong><br \/>(-21 for losing)\n|raw|Kairak's rating: 1568 &rarr; <strong>1589<\/strong><br \/>(+21 for winning)\n|l|\u203dSamthefalcon\n","uploadtime":1700146727,"views":17,"p1id":"samthefalcon","p2id":"kairak","formatid":"gen9ou","rating":1562,"private":0,"password":""}