{"id":"gen9ou-1993434051","p1":"1owercase","p2":"D Gym Teacher","format":"[Gen 9] OU","log":"|j|\u26061owercase\n|j|\u2606D Gym Teacher\n|t:|1700317387\n|gametype|singles\n|player|p1|1owercase|flannery|1891\n|player|p2|D Gym Teacher|veteran|1925\n|teamsize|p1|6\n|teamsize|p2|6\n|gen|9\n|tier|[Gen 9] OU\n|rated|\n|rule|Sleep Clause Mod: Limit one foe put to sleep\n|rule|Species Clause: Limit one of each Pok\u00e9mon\n|rule|OHKO Clause: OHKO moves are banned\n|rule|Evasion Items Clause: Evasion items are banned\n|rule|Evasion Moves Clause: Evasion moves are banned\n|rule|Endless Battle Clause: Forcing endless battles is banned\n|rule|HP Percentage Mod: HP is shown in percentages\n|clearpoke\n|poke|p1|Dragapult, M|\n|poke|p1|Heatran, F|\n|poke|p1|Samurott-Hisui, F|\n|poke|p1|Great Tusk|\n|poke|p1|Enamorus, F|\n|poke|p1|Amoonguss, F|\n|poke|p2|Great Tusk|\n|poke|p2|Rillaboom, M|\n|poke|p2|Sneasler, F|\n|poke|p2|Samurott-Hisui, M|\n|poke|p2|Heatran, F|\n|poke|p2|Enamorus, F|\n|teampreview\n|inactive|Battle timer is ON: inactive players will automatically lose when time's up. (requested by 1owercase)\n|\n|t:|1700317417\n|start\n|switch|p1a: Heatran|Heatran, F|100\/100\n|switch|p2a: Enamorus|Enamorus, F|100\/100\n|-item|p1a: Heatran|Air Balloon\n|turn|1\n|\n|t:|1700317424\n|switch|p2a: Samurott|Samurott-Hisui, M|100\/100\n|move|p1a: Heatran|Stealth Rock|p2a: Samurott\n|-sidestart|p2: D Gym Teacher|move: Stealth Rock\n|\n|upkeep\n|turn|2\n|\n|t:|1700317430\n|switch|p1a: Amoonguss|Amoonguss, F|100\/100\n|move|p2a: Samurott|Ceaseless Edge|p1a: Amoonguss\n|-damage|p1a: Amoonguss|65\/100\n|-sidestart|p1: 1owercase|Spikes\n|\n|upkeep\n|turn|3\n|\n|t:|1700317437\n|switch|p2a: Heatran|Heatran, F|100\/100\n|-damage|p2a: Heatran|88\/100|[from] Stealth Rock\n|move|p1a: Amoonguss|Spore|p2a: Heatran\n|-status|p2a: Heatran|slp|[from] move: Spore\n|\n|-heal|p2a: Heatran|94\/100 slp|[from] item: Leftovers\n|upkeep\n|turn|4\n|\n|t:|1700317447\n|switch|p2a: Sneasler|Sneasler, F|100\/100\n|-damage|p2a: Sneasler|95\/100|[from] Stealth Rock\n|switch|p1a: Samurott|Samurott-Hisui, F|100\/100\n|-damage|p1a: Samurott|88\/100|[from] Spikes\n|\n|upkeep\n|turn|5\n|\n|t:|1700317462\n|switch|p1a: Great Tusk|Great Tusk|100\/100\n|-damage|p1a: Great Tusk|88\/100|[from] Spikes\n|move|p2a: Sneasler|Gunk Shot|p1a: Great Tusk|[miss]\n|-miss|p2a: Sneasler|p1a: Great Tusk\n|\n|upkeep\n|turn|6\n|\n|t:|1700317472\n|switch|p2a: Great Tusk|Great Tusk|100\/100\n|-damage|p2a: Great Tusk|97\/100|[from] Stealth Rock\n|move|p1a: Great Tusk|Rapid Spin|p2a: Great Tusk\n|-damage|p2a: Great Tusk|86\/100\n|-boost|p1a: Great Tusk|spe|1\n|-sideend|p1: 1owercase|Spikes|[from] move: Rapid Spin|[of] p1a: Great Tusk\n|\n|-heal|p2a: Great Tusk|92\/100|[from] item: Leftovers\n|upkeep\n|turn|7\n|\n|t:|1700317483\n|-end|p1a: Great Tusk|Protosynthesis|[silent]\n|switch|p1a: Enamorus|Enamorus, F|100\/100\n|move|p2a: Great Tusk|Knock Off|p1a: Enamorus\n|-resisted|p1a: Enamorus\n|-damage|p1a: Enamorus|74\/100\n|-enditem|p1a: Enamorus|Choice Scarf|[from] move: Knock Off|[of] p2a: Great Tusk\n|\n|-heal|p2a: Great Tusk|98\/100|[from] item: Leftovers\n|upkeep\n|turn|8\n|\n|t:|1700317509\n|-end|p2a: Great Tusk|Protosynthesis|[silent]\n|switch|p2a: Heatran|Heatran, F|94\/100 slp\n|-damage|p2a: Heatran|82\/100 slp|[from] Stealth Rock\n|move|p1a: Enamorus|Moonblast|p2a: Heatran\n|-resisted|p2a: Heatran\n|-damage|p2a: Heatran|69\/100 slp\n|\n|-heal|p2a: Heatran|75\/100 slp|[from] item: Leftovers\n|upkeep\n|turn|9\n|\n|t:|1700317515\n|switch|p2a: Enamorus|Enamorus, F|100\/100\n|-damage|p2a: Enamorus|76\/100|[from] Stealth Rock\n|move|p1a: Enamorus|Earth Power|p2a: Enamorus\n|-immune|p2a: Enamorus\n|\n|upkeep\n|turn|10\n|\n|t:|1700317522\n|switch|p1a: Amoonguss|Amoonguss, F|98\/100\n|move|p2a: Enamorus|Moonblast|p1a: Amoonguss\n|-resisted|p1a: Amoonguss\n|-damage|p1a: Amoonguss|75\/100\n|-unboost|p1a: Amoonguss|spa|1\n|\n|upkeep\n|turn|11\n|\n|t:|1700317531\n|switch|p2a: Sneasler|Sneasler, F|95\/100\n|-damage|p2a: Sneasler|89\/100|[from] Stealth Rock\n|move|p1a: Amoonguss|Sludge Bomb|p2a: Sneasler\n|-resisted|p2a: Sneasler\n|-damage|p2a: Sneasler|75\/100\n|\n|upkeep\n|turn|12\n|\n|t:|1700317539\n|switch|p1a: Great Tusk|Great Tusk|88\/100\n|move|p2a: Sneasler|Gunk Shot|p1a: Great Tusk\n|-resisted|p1a: Great Tusk\n|-damage|p1a: Great Tusk|69\/100\n|\n|upkeep\n|turn|13\n|\n|t:|1700317549\n|switch|p2a: Great Tusk|Great Tusk|98\/100\n|-damage|p2a: Great Tusk|95\/100|[from] Stealth Rock\n|-end|p1a: Great Tusk|Protosynthesis|[silent]\n|switch|p1a: Heatran|Heatran, F|100\/100\n|-item|p1a: Heatran|Air Balloon\n|\n|-heal|p2a: Great Tusk|100\/100|[from] item: Leftovers\n|upkeep\n|turn|14\n|\n|t:|1700317555\n|move|p2a: Great Tusk|Close Combat|p1a: Heatran\n|-supereffective|p1a: Heatran\n|-damage|p1a: Heatran|3\/100\n|-unboost|p2a: Great Tusk|def|1\n|-unboost|p2a: Great Tusk|spd|1\n|-enditem|p1a: Heatran|Air Balloon\n|move|p1a: Heatran|Lava Plume|p2a: Great Tusk\n|-damage|p2a: Great Tusk|19\/100\n|\n|-heal|p2a: Great Tusk|25\/100|[from] item: Leftovers\n|upkeep\n|turn|15\n|\n|t:|1700317565\n|switch|p1a: Dragapult|Dragapult, M|100\/100\n|move|p2a: Great Tusk|Rapid Spin|p1a: Dragapult\n|-immune|p1a: Dragapult\n|\n|-heal|p2a: Great Tusk|32\/100|[from] item: Leftovers\n|upkeep\n|turn|16\n|\n|t:|1700317570\n|-end|p2a: Great Tusk|Protosynthesis|[silent]\n|switch|p2a: Samurott|Samurott-Hisui, M|100\/100\n|-damage|p2a: Samurott|88\/100|[from] Stealth Rock\n|move|p1a: Dragapult|Dragon Darts|p2a: Samurott\n|-damage|p2a: Samurott|36\/100\n|-anim|p1a: Dragapult|Dragon Darts|p2a: Samurott\n|-crit|p2a: Samurott\n|-damage|p2a: Samurott|0 fnt\n|faint|p2a: Samurott\n|\n|upkeep\n|\n|t:|1700317581\n|switch|p2a: Enamorus|Enamorus, F|76\/100\n|-damage|p2a: Enamorus|51\/100|[from] Stealth Rock\n|turn|17\n|\n|t:|1700317597\n|switch|p1a: Amoonguss|Amoonguss, F|100\/100\n|move|p2a: Enamorus|Moonblast|p1a: Amoonguss\n|-resisted|p1a: Amoonguss\n|-damage|p1a: Amoonguss|76\/100\n|-unboost|p1a: Amoonguss|spa|1\n|\n|upkeep\n|turn|18\n|\n|t:|1700317606\n|move|p2a: Enamorus|Moonblast|p1a: Amoonguss\n|-resisted|p1a: Amoonguss\n|-damage|p1a: Amoonguss|54\/100\n|-unboost|p1a: Amoonguss|spa|1\n|move|p1a: Amoonguss|Sludge Bomb|p2a: Enamorus\n|-supereffective|p2a: Enamorus\n|-damage|p2a: Enamorus|11\/100\n|\n|upkeep\n|turn|19\n|\n|t:|1700317613\n|switch|p2a: Heatran|Heatran, F|75\/100 slp\n|-damage|p2a: Heatran|63\/100 slp|[from] Stealth Rock\n|move|p1a: Amoonguss|Sludge Bomb|p2a: Heatran\n|-immune|p2a: Heatran\n|\n|-heal|p2a: Heatran|69\/100 slp|[from] item: Leftovers\n|upkeep\n|turn|20\n|\n|t:|1700317628\n|switch|p1a: Samurott|Samurott-Hisui, F|88\/100\n|cant|p2a: Heatran|slp\n|\n|-heal|p2a: Heatran|75\/100 slp|[from] item: Leftovers\n|upkeep\n|turn|21\n|\n|t:|1700317636\n|cant|p2a: Heatran|slp\n|move|p1a: Samurott|Ceaseless Edge|p2a: Heatran\n|-damage|p2a: Heatran|42\/100 slp\n|-sidestart|p2: D Gym Teacher|Spikes\n|\n|-heal|p2a: Heatran|48\/100 slp|[from] item: Leftovers\n|upkeep\n|turn|22\n|\n|t:|1700317642\n|-curestatus|p2a: Heatran|slp|[msg]\n|move|p2a: Heatran|Stealth Rock|p1a: Samurott\n|-sidestart|p1: 1owercase|move: Stealth Rock\n|move|p1a: Samurott|Flip Turn|p2a: Heatran\n|-supereffective|p2a: Heatran\n|-damage|p2a: Heatran|5\/100\n|j| Elaia_64\n|j| kaolung\n|\n|t:|1700317664\n|switch|p1a: Enamorus|Enamorus, F|74\/100|[from] Flip Turn\n|-damage|p1a: Enamorus|49\/100|[from] Stealth Rock\n|\n|-heal|p2a: Heatran|11\/100|[from] item: Leftovers\n|upkeep\n|turn|23\n|\n|t:|1700317681\n|move|p1a: Enamorus|Earth Power|p2a: Heatran\n|-supereffective|p2a: Heatran\n|-damage|p2a: Heatran|0 fnt\n|faint|p2a: Heatran\n|\n|upkeep\n|j| Dngndkfkskg\n|\n|t:|1700317684\n|switch|p2a: Rillaboom|Rillaboom, M|100\/100\n|-damage|p2a: Rillaboom|88\/100|[from] Stealth Rock\n|-damage|p2a: Rillaboom|76\/100|[from] Spikes\n|-fieldstart|move: Grassy Terrain|[from] ability: Grassy Surge|[of] p2a: Rillaboom\n|turn|24\n|l| Dngndkfkskg\n|\n|t:|1700317704\n|move|p1a: Enamorus|Healing Wish|p1a: Enamorus\n|faint|p1a: Enamorus\n|move|p2a: Rillaboom|U-turn|p1: Enamorus|[notarget]\n|-fail|p2a: Rillaboom\n|\n|-heal|p2a: Rillaboom|82\/100|[from] Grassy Terrain\n|upkeep\n|\n|t:|1700317707\n|switch|p1a: Heatran|Heatran, F|3\/100\n|-heal|p1a: Heatran|100\/100|[from] move: Healing Wish\n|-damage|p1a: Heatran|88\/100|[from] Stealth Rock\n|turn|25\n|\n|t:|1700317714\n|switch|p2a: Enamorus|Enamorus, F|11\/100\n|-damage|p2a: Enamorus|0 fnt|[from] Stealth Rock\n|faint|p2a: Enamorus\n|move|p1a: Heatran|Lava Plume|p2: Enamorus|[notarget]\n|-fail|p1a: Heatran\n|\n|-heal|p1a: Heatran|94\/100|[from] Grassy Terrain\n|upkeep\n|\n|t:|1700317716\n|switch|p2a: Great Tusk|Great Tusk|32\/100\n|-damage|p2a: Great Tusk|29\/100|[from] Stealth Rock\n|-damage|p2a: Great Tusk|16\/100|[from] Spikes\n|turn|26\n|j| trainereulb\n|j| ARandomBird ig\n|\n|t:|1700317737\n|move|p2a: Great Tusk|Headlong Rush|p1a: Heatran\n|-supereffective|p1a: Heatran\n|-damage|p1a: Heatran|0 fnt\n|-unboost|p2a: Great Tusk|def|1\n|-unboost|p2a: Great Tusk|spd|1\n|faint|p1a: Heatran\n|\n|-heal|p2a: Great Tusk|22\/100|[from] Grassy Terrain\n|-heal|p2a: Great Tusk|29\/100|[from] item: Leftovers\n|upkeep\n|\n|t:|1700317745\n|switch|p1a: Dragapult|Dragapult, M|100\/100\n|-damage|p1a: Dragapult|88\/100|[from] Stealth Rock\n|turn|27\n|c|\u2606D Gym Teacher|How much phys def on that heatran?\n|c|\u2606D Gym Teacher|If I may ask\n|inactive|1owercase has 120 seconds left.\n|inactive|D Gym Teacher has 120 seconds left.\n|\n|t:|1700317778\n|move|p1a: Dragapult|Dragon Darts|p2a: Great Tusk\n|-damage|p2a: Great Tusk|0 fnt\n|faint|p2a: Great Tusk\n|-end|p2a: Great Tusk|Protosynthesis|[silent]\n|\n|-heal|p1a: Dragapult|94\/100|[from] Grassy Terrain\n|upkeep\n|inactive|D Gym Teacher has 120 seconds left.\n|\n|t:|1700317786\n|switch|p2a: Sneasler|Sneasler, F|75\/100\n|-damage|p2a: Sneasler|69\/100|[from] Stealth Rock\n|-damage|p2a: Sneasler|57\/100|[from] Spikes\n|-enditem|p2a: Sneasler|Grassy Seed\n|-boost|p2a: Sneasler|def|1|[from] item: Grassy Seed\n|turn|28\n|inactive|1owercase has 120 seconds left.\n|\n|t:|1700317804\n|switch|p1a: Samurott|Samurott-Hisui, F|88\/100\n|-damage|p1a: Samurott|75\/100|[from] Stealth Rock\n|-terastallize|p2a: Sneasler|Ghost\n|move|p2a: Sneasler|Shadow Claw|p1a: Samurott\n|-resisted|p1a: Samurott\n|-damage|p1a: Samurott|55\/100\n|\n|-heal|p2a: Sneasler|63\/100|[from] Grassy Terrain\n|-heal|p1a: Samurott|62\/100|[from] Grassy Terrain\n|-fieldend|move: Grassy Terrain\n|upkeep\n|turn|29\n|\n|t:|1700317814\n|move|p2a: Sneasler|Close Combat|p1a: Samurott\n|-supereffective|p1a: Samurott\n|-damage|p1a: Samurott|0 fnt\n|-unboost|p2a: Sneasler|def|1\n|-unboost|p2a: Sneasler|spd|1\n|faint|p1a: Samurott\n|\n|upkeep\n|\n|t:|1700317825\n|switch|p1a: Great Tusk|Great Tusk|69\/100\n|-damage|p1a: Great Tusk|66\/100|[from] Stealth Rock\n|turn|30\n|\n|t:|1700317832\n|move|p2a: Sneasler|Close Combat|p1a: Great Tusk\n|-crit|p1a: Great Tusk\n|-damage|p1a: Great Tusk|8\/100\n|-unboost|p2a: Sneasler|def|1\n|-unboost|p2a: Sneasler|spd|1\n|move|p1a: Great Tusk|Headlong Rush|p2a: Sneasler\n|-damage|p2a: Sneasler|0 fnt\n|-unboost|p1a: Great Tusk|def|1\n|-unboost|p1a: Great Tusk|spd|1\n|faint|p2a: Sneasler\n|\n|upkeep\n|c|\u2606D Gym Teacher|Gg\n|-message|D Gym Teacher forfeited.\n|\n|win|1owercase\n|raw|1owercase's rating: 1891 &rarr; <strong>1913<\/strong><br \/>(+22 for winning)\n|raw|D Gym Teacher's rating: 1925 &rarr; <strong>1903<\/strong><br \/>(-22 for losing)\n|l|\u2606D Gym Teacher\n","uploadtime":1700317851,"views":9,"p1id":"1owercase","p2id":"dgymteacher","formatid":"gen9ou","rating":1903,"private":0,"password":""}