{"id":"gen9ou-1993419935","p1":"Gedikli10","p2":"Bogging","format":"[Gen 9] OU","log":"|j|\u2606Gedikli10\n|j|\u2606Bogging\n|t:|1700315504\n|gametype|singles\n|player|p1|Gedikli10|shadowtriad|1568\n|player|p2|Bogging|bugcatcher-gen4dp|1662\n|teamsize|p1|6\n|teamsize|p2|6\n|gen|9\n|tier|[Gen 9] OU\n|rated|\n|rule|Sleep Clause Mod: Limit one foe put to sleep\n|rule|Species Clause: Limit one of each Pok\u00e9mon\n|rule|OHKO Clause: OHKO moves are banned\n|rule|Evasion Items Clause: Evasion items are banned\n|rule|Evasion Moves Clause: Evasion moves are banned\n|rule|Endless Battle Clause: Forcing endless battles is banned\n|rule|HP Percentage Mod: HP is shown in percentages\n|clearpoke\n|poke|p1|Amoonguss, F|\n|poke|p1|Garganacl, M|\n|poke|p1|Weavile, M|\n|poke|p1|Dragapult, M|\n|poke|p1|Corviknight, M|\n|poke|p1|Ting-Lu|\n|poke|p2|Hoopa-Unbound|\n|poke|p2|Haxorus, F|\n|poke|p2|Cinderace, M|\n|poke|p2|Samurott-Hisui, M|\n|poke|p2|Iron Valiant|\n|poke|p2|Zapdos|\n|teampreview\n|j| BobbyTheFool\n|\n|t:|1700315525\n|start\n|switch|p1a: Nice to Spore U|Amoonguss, F|100\/100\n|switch|p2a: Samurott|Samurott-Hisui, M|100\/100\n|turn|1\n|inactive|Battle timer is ON: inactive players will automatically lose when time's up. (requested by Gedikli10)\n|\n|t:|1700315541\n|switch|p2a: Zapdos|Zapdos|100\/100\n|move|p1a: Nice to Spore U|Giga Drain|p2a: Zapdos\n|-resisted|p2a: Zapdos\n|-damage|p2a: Zapdos|88\/100\n|\n|upkeep\n|turn|2\n|\n|t:|1700315547\n|switch|p1a: Cure for all|Garganacl, M|100\/100\n|move|p2a: Zapdos|Volt Switch|p1a: Cure for all\n|-damage|p1a: Cure for all|73\/100\n|\n|t:|1700315550\n|switch|p2a: Hoopa|Hoopa-Unbound|100\/100|[from] Volt Switch\n|\n|-heal|p1a: Cure for all|79\/100|[from] item: Leftovers\n|upkeep\n|turn|3\n|\n|t:|1700315556\n|switch|p1a: Nice to Spore U|Amoonguss, F|100\/100\n|-terastallize|p2a: Hoopa|Dark\n|move|p2a: Hoopa|Dark Pulse|p1a: Nice to Spore U\n|-damage|p1a: Nice to Spore U|8\/100\n|\n|upkeep\n|turn|4\n|\n|t:|1700315563\n|switch|p1a: Ting-Loser|Ting-Lu|100\/100\n|-ability|p1a: Ting-Loser|Vessel of Ruin\n|move|p2a: Hoopa|Dark Pulse|p1a: Ting-Loser\n|-resisted|p1a: Ting-Loser\n|-damage|p1a: Ting-Loser|77\/100\n|\n|-heal|p1a: Ting-Loser|83\/100|[from] item: Leftovers\n|upkeep\n|turn|5\n|\n|t:|1700315579\n|switch|p2a: Samurott|Samurott-Hisui, M|100\/100\n|move|p1a: Ting-Loser|Stealth Rock|p2a: Samurott\n|-sidestart|p2: Bogging|move: Stealth Rock\n|\n|-heal|p1a: Ting-Loser|90\/100|[from] item: Leftovers\n|upkeep\n|turn|6\n|\n|t:|1700315582\n|switch|p1a: Armor Night|Corviknight, M, shiny|100\/100\n|move|p2a: Samurott|Razor Shell|p1a: Armor Night\n|-damage|p1a: Armor Night|72\/100\n|-damage|p2a: Samurott|84\/100|[from] item: Rocky Helmet|[of] p1a: Armor Night\n|\n|upkeep\n|turn|7\n|\n|t:|1700315590\n|switch|p2a: Cinderace|Cinderace, M|100\/100\n|move|p1a: Armor Night|U-turn|p2a: Cinderace\n|-resisted|p2a: Cinderace\n|-damage|p2a: Cinderace|91\/100\n|\n|t:|1700315606\n|switch|p1a: TAKE MY KIDS|Dragapult, M|100\/100|[from] U-turn\n|\n|upkeep\n|turn|8\n|inactive|Gedikli10 has 120 seconds left.\n|\n|t:|1700315637\n|move|p2a: Cinderace|Sucker Punch|p1a: TAKE MY KIDS\n|-start|p2a: Cinderace|typechange|Dark|[from] ability: Libero\n|-supereffective|p1a: TAKE MY KIDS\n|-damage|p1a: TAKE MY KIDS|15\/100\n|move|p1a: TAKE MY KIDS|Draco Meteor|p2a: Cinderace\n|-damage|p2a: Cinderace|0 fnt\n|-unboost|p1a: TAKE MY KIDS|spa|2\n|faint|p2a: Cinderace\n|\n|upkeep\n|\n|t:|1700315649\n|switch|p2a: Samurott|Samurott-Hisui, M|84\/100\n|-damage|p2a: Samurott|72\/100|[from] Stealth Rock\n|turn|9\n|\n|t:|1700315652\n|switch|p1a: Ting-Loser|Ting-Lu|90\/100\n|-ability|p1a: Ting-Loser|Vessel of Ruin\n|move|p2a: Samurott|Ceaseless Edge|p1a: Ting-Loser\n|-resisted|p1a: Ting-Loser\n|-damage|p1a: Ting-Loser|78\/100\n|-sidestart|p1: Gedikli10|Spikes\n|\n|-heal|p1a: Ting-Loser|84\/100|[from] item: Leftovers\n|upkeep\n|turn|10\n|inactive|Bogging has 120 seconds left.\n|\n|t:|1700315695\n|move|p2a: Samurott|Ceaseless Edge|p1a: Ting-Loser|[miss]\n|-miss|p2a: Samurott|p1a: Ting-Loser\n|move|p1a: Ting-Loser|Whirlwind|p2a: Samurott\n|drag|p2a: Iron Valiant|Iron Valiant|100\/100\n|-damage|p2a: Iron Valiant|94\/100|[from] Stealth Rock\n|-enditem|p2a: Iron Valiant|Booster Energy\n|-activate|p2a: Iron Valiant|ability: Quark Drive|[fromitem]\n|-start|p2a: Iron Valiant|quarkdrivespe\n|\n|-heal|p1a: Ting-Loser|91\/100|[from] item: Leftovers\n|upkeep\n|turn|11\n|\n|t:|1700315702\n|move|p2a: Iron Valiant|Close Combat|p1a: Ting-Loser\n|-supereffective|p1a: Ting-Loser\n|-damage|p1a: Ting-Loser|22\/100\n|-unboost|p2a: Iron Valiant|def|1\n|-unboost|p2a: Iron Valiant|spd|1\n|move|p1a: Ting-Loser|Whirlwind|p2a: Iron Valiant\n|-end|p2a: Iron Valiant|Quark Drive|[silent]\n|drag|p2a: Zapdos|Zapdos|88\/100\n|\n|-heal|p1a: Ting-Loser|29\/100|[from] item: Leftovers\n|upkeep\n|turn|12\n|inactive|Bogging has 120 seconds left.\n|\n|t:|1700315708\n|switch|p2a: Iron Valiant|Iron Valiant|94\/100\n|-damage|p2a: Iron Valiant|88\/100|[from] Stealth Rock\n|move|p1a: Ting-Loser|Ruination|p2a: Iron Valiant\n|-damage|p2a: Iron Valiant|44\/100\n|\n|-heal|p1a: Ting-Loser|35\/100|[from] item: Leftovers\n|upkeep\n|turn|13\n|\n|t:|1700315726\n|move|p2a: Iron Valiant|Knock Off|p1a: Ting-Loser\n|-resisted|p1a: Ting-Loser\n|-damage|p1a: Ting-Loser|25\/100\n|-enditem|p1a: Ting-Loser|Leftovers|[from] move: Knock Off|[of] p2a: Iron Valiant\n|move|p1a: Ting-Loser|Earthquake|p2a: Iron Valiant\n|-damage|p2a: Iron Valiant|0 fnt\n|faint|p2a: Iron Valiant\n|-end|p2a: Iron Valiant|Quark Drive|[silent]\n|\n|upkeep\n|\n|t:|1700315738\n|switch|p2a: Samurott|Samurott-Hisui, M|72\/100\n|-damage|p2a: Samurott|59\/100|[from] Stealth Rock\n|turn|14\n|\n|t:|1700315742\n|move|p2a: Samurott|Ceaseless Edge|p1a: Ting-Loser\n|-resisted|p1a: Ting-Loser\n|-damage|p1a: Ting-Loser|14\/100\n|-sidestart|p1: Gedikli10|Spikes\n|move|p1a: Ting-Loser|Earthquake|p2a: Samurott\n|-damage|p2a: Samurott|14\/100\n|\n|upkeep\n|turn|15\n|\n|t:|1700315747\n|move|p2a: Samurott|Ceaseless Edge|p1a: Ting-Loser\n|-resisted|p1a: Ting-Loser\n|-damage|p1a: Ting-Loser|1\/100\n|-sidestart|p1: Gedikli10|Spikes\n|move|p1a: Ting-Loser|Earthquake|p2a: Samurott\n|-damage|p2a: Samurott|0 fnt\n|faint|p2a: Samurott\n|\n|upkeep\n|\n|t:|1700315762\n|switch|p2a: Zapdos|Zapdos|88\/100\n|turn|16\n|\n|t:|1700315788\n|move|p2a: Zapdos|Hurricane|p1a: Ting-Loser\n|-damage|p1a: Ting-Loser|0 fnt\n|faint|p1a: Ting-Loser\n|\n|upkeep\n|\n|t:|1700315797\n|switch|p1a: Nice to Spore U|Amoonguss, F|41\/100\n|-damage|p1a: Nice to Spore U|16\/100|[from] Spikes\n|turn|17\n|\n|t:|1700315808\n|switch|p1a: TAKE MY KIDS|Dragapult, M|15\/100\n|-damage|p1a: TAKE MY KIDS|0 fnt|[from] Spikes\n|faint|p1a: TAKE MY KIDS\n|move|p2a: Zapdos|Volt Switch|p1: TAKE MY KIDS|[notarget]\n|-fail|p2a: Zapdos\n|\n|upkeep\n|\n|t:|1700315814\n|switch|p1a: Cure for all|Garganacl, M|79\/100\n|-damage|p1a: Cure for all|54\/100|[from] Spikes\n|turn|18\n|\n|t:|1700315820\n|move|p1a: Cure for all|Protect|p1a: Cure for all\n|-singleturn|p1a: Cure for all|Protect\n|move|p2a: Zapdos|Volt Switch|p1a: Cure for all\n|-activate|p1a: Cure for all|move: Protect\n|\n|-heal|p1a: Cure for all|60\/100|[from] item: Leftovers\n|upkeep\n|turn|19\n|\n|t:|1700315826\n|move|p2a: Zapdos|Volt Switch|p1a: Cure for all\n|-damage|p1a: Cure for all|32\/100\n|\n|t:|1700315829\n|switch|p2a: Haxorus|Haxorus, F|100\/100|[from] Volt Switch\n|-damage|p2a: Haxorus|88\/100|[from] Stealth Rock\n|-ability|p2a: Haxorus|Mold Breaker\n|move|p1a: Cure for all|Salt Cure|p2a: Haxorus\n|-damage|p2a: Haxorus|72\/100\n|-start|p2a: Haxorus|Salt Cure\n|\n|-heal|p1a: Cure for all|38\/100|[from] item: Leftovers\n|-damage|p2a: Haxorus|60\/100|[from] Salt Cure\n|upkeep\n|turn|20\n|\n|t:|1700315834\n|switch|p2a: Hoopa|Hoopa-Unbound, tera:Dark|100\/100\n|-damage|p2a: Hoopa|88\/100|[from] Stealth Rock\n|move|p1a: Cure for all|Protect||[still]\n|-fail|p1a: Cure for all\n|\n|-heal|p1a: Cure for all|44\/100|[from] item: Leftovers\n|upkeep\n|turn|21\n|\n|t:|1700315837\n|move|p1a: Cure for all|Protect|p1a: Cure for all\n|-singleturn|p1a: Cure for all|Protect\n|move|p2a: Hoopa|Dark Pulse|p1a: Cure for all\n|-activate|p1a: Cure for all|move: Protect\n|\n|-heal|p1a: Cure for all|50\/100|[from] item: Leftovers\n|upkeep\n|turn|22\n|\n|t:|1700315851\n|move|p2a: Hoopa|Dark Pulse|p1a: Cure for all\n|-damage|p1a: Cure for all|0 fnt\n|faint|p1a: Cure for all\n|\n|upkeep\n|\n|t:|1700315854\n|switch|p1a: Griming Moon|Weavile, M|100\/100\n|-ability|p1a: Griming Moon|Pressure\n|turn|23\n|\n|t:|1700315862\n|move|p1a: Griming Moon|Low Kick|p2a: Hoopa\n|-supereffective|p2a: Hoopa\n|-damage|p2a: Hoopa|0 fnt\n|faint|p2a: Hoopa\n|\n|upkeep\n|\n|t:|1700315865\n|switch|p2a: Zapdos|Zapdos|88\/100\n|turn|24\n|\n|t:|1700315868\n|-terastallize|p1a: Griming Moon|Ice\n|move|p1a: Griming Moon|Icicle Crash|p2a: Zapdos\n|-supereffective|p2a: Zapdos\n|-damage|p2a: Zapdos|0 fnt\n|faint|p2a: Zapdos\n|\n|upkeep\n|\n|t:|1700315873\n|switch|p2a: Haxorus|Haxorus, F|60\/100\n|-damage|p2a: Haxorus|47\/100|[from] Stealth Rock\n|-ability|p2a: Haxorus|Mold Breaker\n|turn|25\n|-message|Bogging forfeited.\n|\n|win|Gedikli10\n|raw|Gedikli10's rating: 1568 &rarr; <strong>1593<\/strong><br \/>(+25 for winning)\n|raw|Bogging's rating: 1662 &rarr; <strong>1637<\/strong><br \/>(-25 for losing)\n|l|\u2606Bogging\n|l| BobbyTheFool\n","uploadtime":1700315893,"views":34,"p1id":"gedikli10","p2id":"bogging","formatid":"gen9ou","rating":1593,"private":0,"password":""}