{"id":"gen9ou-1996309690","p1":"Sallounet","p2":"Welcometoearth420","format":"[Gen 9] OU","log":"|j|\u2606Sallounet\n|j|\u2606Welcometoearth420\n|t:|1700669854\n|gametype|singles\n|player|p1|Sallounet|acetrainer-gen4dp|1321\n|player|p2|Welcometoearth420|170|1367\n|teamsize|p1|6\n|teamsize|p2|6\n|gen|9\n|tier|[Gen 9] OU\n|rated|\n|rule|Sleep Clause Mod: Limit one foe put to sleep\n|rule|Species Clause: Limit one of each Pok\u00e9mon\n|rule|OHKO Clause: OHKO moves are banned\n|rule|Evasion Items Clause: Evasion items are banned\n|rule|Evasion Moves Clause: Evasion moves are banned\n|rule|Endless Battle Clause: Forcing endless battles is banned\n|rule|HP Percentage Mod: HP is shown in percentages\n|clearpoke\n|poke|p1|Glimmora, M|\n|poke|p1|Gholdengo|\n|poke|p1|Ogerpon-Wellspring, F|\n|poke|p1|Kingambit, M|\n|poke|p1|Iron Moth|\n|poke|p1|Enamorus, F|\n|poke|p2|Toxapex, M|\n|poke|p2|Gholdengo|\n|poke|p2|Zamazenta-*|\n|poke|p2|Ting-Lu|\n|poke|p2|Zapdos|\n|poke|p2|Slowking-Galar, F|\n|teampreview\n|\n|t:|1700669864\n|start\n|switch|p1a: Glimmora|Glimmora, M|100\/100\n|switch|p2a: Ting-Lu|Ting-Lu|100\/100\n|-ability|p2a: Ting-Lu|Vessel of Ruin\n|turn|1\n|inactive|Battle timer is ON: inactive players will automatically lose when time's up. (requested by Sallounet)\n|\n|t:|1700669870\n|move|p1a: Glimmora|Energy Ball|p2a: Ting-Lu\n|-supereffective|p2a: Ting-Lu\n|-damage|p2a: Ting-Lu|76\/100\n|move|p2a: Ting-Lu|Earthquake|p1a: Glimmora\n|-supereffective|p1a: Glimmora\n|-enditem|p1a: Glimmora|Focus Sash\n|-damage|p1a: Glimmora|1\/100\n|-activate|p1a: Glimmora|ability: Toxic Debris\n|-sidestart|p2: Welcometoearth420|move: Toxic Spikes\n|\n|-heal|p2a: Ting-Lu|82\/100|[from] item: Leftovers\n|upkeep\n|turn|2\n|\n|t:|1700669881\n|move|p1a: Glimmora|Stealth Rock|p2a: Ting-Lu\n|-sidestart|p2: Welcometoearth420|move: Stealth Rock\n|move|p2a: Ting-Lu|Earthquake|p1a: Glimmora\n|-supereffective|p1a: Glimmora\n|-damage|p1a: Glimmora|0 fnt\n|-activate|p1a: Glimmora|ability: Toxic Debris\n|-sidestart|p2: Welcometoearth420|move: Toxic Spikes\n|faint|p1a: Glimmora\n|\n|-heal|p2a: Ting-Lu|88\/100|[from] item: Leftovers\n|upkeep\n|\n|t:|1700669890\n|switch|p1a: Ogerpon|Ogerpon-Wellspring, F|100\/100\n|turn|3\n|\n|t:|1700669893\n|switch|p2a: Toxapex|Toxapex, M|100\/100\n|-sideend|p2: Welcometoearth420|move: Toxic Spikes|[of] p2a: Toxapex\n|move|p1a: Ogerpon|Swords Dance|p1a: Ogerpon\n|-boost|p1a: Ogerpon|atk|2\n|\n|upkeep\n|turn|4\n|\n|t:|1700669902\n|move|p1a: Ogerpon|Power Whip|p2a: Toxapex|[miss]\n|-miss|p1a: Ogerpon|p2a: Toxapex\n|move|p2a: Toxapex|Haze|p2a: Toxapex\n|-clearallboost\n|\n|upkeep\n|turn|5\n|inactive|Sallounet has 120 seconds left.\n|inactive|Sallounet has 90 seconds left.\n|\n|t:|1700669965\n|move|p1a: Ogerpon|Encore|p2a: Toxapex\n|-start|p2a: Toxapex|Encore\n|move|p2a: Toxapex|Haze|p2a: Toxapex\n|-clearallboost\n|\n|upkeep\n|turn|6\n|inactive|Welcometoearth420 has 120 seconds left.\n|inactive|Welcometoearth420 has 90 seconds left.\n|\n|t:|1700670032\n|switch|p2a: Zapdos|Zapdos|100\/100\n|move|p1a: Ogerpon|Ivy Cudgel|p2a: Zapdos|[anim] Ivy Cudgel Water\n|-damage|p2a: Zapdos|59\/100\n|\n|upkeep\n|turn|7\n|inactive|Welcometoearth420 has 90 seconds left.\n|inactive|Sallounet has 90 seconds left.\n|\n|t:|1700670050\n|move|p1a: Ogerpon|Ivy Cudgel|p2a: Zapdos|[anim] Ivy Cudgel Water\n|-damage|p2a: Zapdos|20\/100\n|move|p2a: Zapdos|Hurricane|p1a: Ogerpon\n|-supereffective|p1a: Ogerpon\n|-damage|p1a: Ogerpon|0 fnt\n|faint|p1a: Ogerpon\n|\n|upkeep\n|inactive|Sallounet has 90 seconds left.\n|\n|t:|1700670058\n|switch|p1a: Iron Moth|Iron Moth|100\/100\n|-enditem|p1a: Iron Moth|Booster Energy\n|-activate|p1a: Iron Moth|ability: Quark Drive|[fromitem]\n|-start|p1a: Iron Moth|quarkdrivespe\n|turn|8\n|\n|t:|1700670064\n|move|p1a: Iron Moth|Substitute|p1a: Iron Moth\n|-start|p1a: Iron Moth|Substitute\n|-damage|p1a: Iron Moth|76\/100\n|move|p2a: Zapdos|Volt Switch|p1a: Iron Moth\n|-end|p1a: Iron Moth|Substitute\n|\n|t:|1700670068\n|switch|p2a: Ting-Lu|Ting-Lu|88\/100|[from] Volt Switch\n|-damage|p2a: Ting-Lu|82\/100|[from] Stealth Rock\n|-ability|p2a: Ting-Lu|Vessel of Ruin\n|\n|-heal|p2a: Ting-Lu|88\/100|[from] item: Leftovers\n|upkeep\n|turn|9\n|\n|t:|1700670079\n|move|p1a: Iron Moth|Substitute|p1a: Iron Moth\n|-start|p1a: Iron Moth|Substitute\n|-damage|p1a: Iron Moth|51\/100\n|move|p2a: Ting-Lu|Stealth Rock|p1a: Iron Moth\n|-sidestart|p1: Sallounet|move: Stealth Rock\n|\n|-heal|p2a: Ting-Lu|94\/100|[from] item: Leftovers\n|upkeep\n|turn|10\n|\n|t:|1700670089\n|move|p1a: Iron Moth|Fiery Dance|p2a: Ting-Lu\n|-damage|p2a: Ting-Lu|79\/100\n|-boost|p1a: Iron Moth|spa|1\n|move|p2a: Ting-Lu|Earthquake|p1a: Iron Moth\n|-supereffective|p1a: Iron Moth\n|-end|p1a: Iron Moth|Substitute\n|\n|-heal|p2a: Ting-Lu|85\/100|[from] item: Leftovers\n|upkeep\n|turn|11\n|\n|t:|1700670103\n|move|p1a: Iron Moth|Fiery Dance|p2a: Ting-Lu\n|-damage|p2a: Ting-Lu|60\/100\n|move|p2a: Ting-Lu|Earthquake|p1a: Iron Moth\n|-supereffective|p1a: Iron Moth\n|-damage|p1a: Iron Moth|0 fnt\n|faint|p1a: Iron Moth\n|-end|p1a: Iron Moth|Quark Drive|[silent]\n|\n|-heal|p2a: Ting-Lu|66\/100|[from] item: Leftovers\n|upkeep\n|\n|t:|1700670121\n|switch|p1a: Enamorus|Enamorus, F|100\/100\n|-damage|p1a: Enamorus|76\/100|[from] Stealth Rock\n|turn|12\n|\n|t:|1700670138\n|switch|p2a: Slowking|Slowking-Galar, F|100\/100\n|move|p1a: Enamorus|Moonblast|p2a: Slowking\n|-resisted|p2a: Slowking\n|-damage|p2a: Slowking|85\/100\n|\n|upkeep\n|turn|13\n|\n|t:|1700670150\n|switch|p1a: Gholdengo|Gholdengo|100\/100\n|-damage|p1a: Gholdengo|94\/100|[from] Stealth Rock\n|-item|p1a: Gholdengo|Air Balloon\n|move|p2a: Slowking|Future Sight|p1a: Gholdengo\n|-start|p2a: Slowking|move: Future Sight\n|\n|upkeep\n|turn|14\n|\n|t:|1700670168\n|move|p1a: Gholdengo|Shadow Ball|p2a: Slowking\n|-supereffective|p2a: Slowking\n|-damage|p2a: Slowking|36\/100\n|move|p2a: Slowking|Chilly Reception|p2a: Slowking\n|-weather|Snow\n|\n|t:|1700670171\n|switch|p2a: Gholdengo|Gholdengo|100\/100|[from] Chilly Reception\n|-damage|p2a: Gholdengo|94\/100|[from] Stealth Rock\n|\n|-weather|Snow|[upkeep]\n|upkeep\n|turn|15\n|\n|t:|1700670179\n|move|p2a: Gholdengo|Shadow Ball|p1a: Gholdengo\n|-supereffective|p1a: Gholdengo\n|-damage|p1a: Gholdengo|0 fnt\n|-enditem|p1a: Gholdengo|Air Balloon\n|faint|p1a: Gholdengo\n|\n|-weather|Snow|[upkeep]\n|-hint|Future Sight did not hit because the target is fainted.\n|upkeep\n|\n|t:|1700670190\n|switch|p1a: Kingambit|Kingambit, M|100\/100\n|-damage|p1a: Kingambit|94\/100|[from] Stealth Rock\n|-activate|p1a: Kingambit|ability: Supreme Overlord\n|-start|p1a: Kingambit|fallen4|[silent]\n|turn|16\n|\n|t:|1700670195\n|switch|p2a: Zamazenta|Zamazenta|100\/100\n|-ability|p2a: Zamazenta|Dauntless Shield|boost\n|-boost|p2a: Zamazenta|def|1\n|move|p1a: Kingambit|Swords Dance|p1a: Kingambit\n|-boost|p1a: Kingambit|atk|2\n|\n|-weather|Snow|[upkeep]\n|upkeep\n|turn|17\n|inactive|Sallounet has 120 seconds left.\n|\n|t:|1700670203\n|-terastallize|p1a: Kingambit|Fire\n|move|p2a: Zamazenta|Close Combat|p1a: Kingambit\n|-damage|p1a: Kingambit|48\/100\n|-unboost|p2a: Zamazenta|def|1\n|-unboost|p2a: Zamazenta|spd|1\n|move|p1a: Kingambit|Iron Head|p2a: Zamazenta\n|-damage|p2a: Zamazenta|0 fnt\n|faint|p2a: Zamazenta\n|\n|-weather|Snow|[upkeep]\n|upkeep\n|\n|t:|1700670219\n|switch|p2a: Toxapex|Toxapex, M|100\/100\n|turn|18\n|\n|t:|1700670226\n|-terastallize|p2a: Toxapex|Fairy\n|move|p1a: Kingambit|Kowtow Cleave|p2a: Toxapex\n|-resisted|p2a: Toxapex\n|-damage|p2a: Toxapex|46\/100\n|move|p2a: Toxapex|Toxic|p1a: Kingambit\n|-status|p1a: Kingambit|tox\n|\n|-weather|none\n|-damage|p1a: Kingambit|42\/100 tox|[from] psn\n|upkeep\n|turn|19\n|\n|t:|1700670235\n|move|p1a: Kingambit|Iron Head|p2a: Toxapex\n|-supereffective|p2a: Toxapex\n|-damage|p2a: Toxapex|0 fnt\n|faint|p2a: Toxapex\n|\n|-damage|p1a: Kingambit|30\/100 tox|[from] psn\n|upkeep\n|\n|t:|1700670238\n|switch|p2a: Ting-Lu|Ting-Lu|66\/100\n|-damage|p2a: Ting-Lu|60\/100|[from] Stealth Rock\n|-ability|p2a: Ting-Lu|Vessel of Ruin\n|turn|20\n|\n|t:|1700670245\n|move|p1a: Kingambit|Iron Head|p2a: Ting-Lu\n|-damage|p2a: Ting-Lu|0 fnt\n|faint|p2a: Ting-Lu\n|\n|-damage|p1a: Kingambit|12\/100 tox|[from] psn\n|upkeep\n|\n|t:|1700670254\n|switch|p2a: Zapdos|Zapdos|20\/100\n|turn|21\n|\n|t:|1700670259\n|move|p2a: Zapdos|Volt Switch|p1a: Kingambit\n|-damage|p1a: Kingambit|0 fnt\n|faint|p1a: Kingambit\n|-end|p1a: Kingambit|fallen4|[silent]\n|\n|t:|1700670267\n|switch|p2a: Gholdengo|Gholdengo|94\/100|[from] Volt Switch\n|-damage|p2a: Gholdengo|88\/100|[from] Stealth Rock\n|\n|upkeep\n|\n|t:|1700670271\n|switch|p1a: Enamorus|Enamorus, F|76\/100\n|-damage|p1a: Enamorus|51\/100|[from] Stealth Rock\n|turn|22\n|\n|t:|1700670275\n|move|p1a: Enamorus|Mystical Fire|p2a: Gholdengo\n|-supereffective|p2a: Gholdengo\n|-damage|p2a: Gholdengo|27\/100\n|-unboost|p2a: Gholdengo|spa|1\n|move|p2a: Gholdengo|Make It Rain|p1a: Enamorus\n|-supereffective|p1a: Enamorus\n|-damage|p1a: Enamorus|0 fnt\n|-unboost|p2a: Gholdengo|spa|1\n|faint|p1a: Enamorus\n|\n|win|Welcometoearth420\n|raw|Sallounet's rating: 1321 &rarr; <strong>1304<\/strong><br \/>(-17 for losing)\n|raw|Welcometoearth420's rating: 1367 &rarr; <strong>1384<\/strong><br \/>(+17 for winning)\n","uploadtime":1700670278,"views":9,"p1id":"sallounet","p2id":"welcometoearth420","formatid":"gen9ou","rating":1304,"private":0,"password":""}