{"id":"gen9ou-1997569786","p1":"Siddd111","p2":"Eucalipto69!","format":"[Gen 9] OU","log":"|j|\u2606Siddd111\n|j|\u2606Eucalipto69!\n|t:|1700826985\n|gametype|singles\n|player|p1|Siddd111|102|1590\n|player|p2|Eucalipto69!|alder|1730\n|teamsize|p1|6\n|teamsize|p2|6\n|gen|9\n|tier|[Gen 9] OU\n|rated|\n|rule|Sleep Clause Mod: Limit one foe put to sleep\n|rule|Species Clause: Limit one of each Pok\u00e9mon\n|rule|OHKO Clause: OHKO moves are banned\n|rule|Evasion Items Clause: Evasion items are banned\n|rule|Evasion Moves Clause: Evasion moves are banned\n|rule|Endless Battle Clause: Forcing endless battles is banned\n|rule|HP Percentage Mod: HP is shown in percentages\n|clearpoke\n|poke|p1|Ogerpon-Cornerstone, F|\n|poke|p1|Iron Valiant|\n|poke|p1|Cinderace, F|\n|poke|p1|Ting-Lu|\n|poke|p1|Milotic, M|\n|poke|p1|Zapdos|\n|poke|p2|Scizor, M|\n|poke|p2|Dragapult, F|\n|poke|p2|Kilowattrel, M|\n|poke|p2|Samurott-Hisui, F|\n|poke|p2|Great Tusk|\n|poke|p2|Ogerpon-Cornerstone, F|\n|teampreview\n|inactive|Battle timer is ON: inactive players will automatically lose when time's up. (requested by Siddd111)\n|\n|t:|1700827004\n|start\n|switch|p1a: Ting-Lu|Ting-Lu|100\/100\n|switch|p2a: Dragapult|Dragapult, F|100\/100\n|-ability|p1a: Ting-Lu|Vessel of Ruin\n|turn|1\n|\n|t:|1700827017\n|move|p2a: Dragapult|Will-O-Wisp|p1a: Ting-Lu\n|-status|p1a: Ting-Lu|brn\n|move|p1a: Ting-Lu|Ruination|p2a: Dragapult\n|-damage|p2a: Dragapult|50\/100\n|\n|-heal|p2a: Dragapult|57\/100|[from] item: Leftovers\n|-damage|p1a: Ting-Lu|94\/100 brn|[from] brn\n|upkeep\n|turn|2\n|\n|t:|1700827027\n|switch|p2a: Great Tusk|Great Tusk|100\/100\n|move|p1a: Ting-Lu|Spikes|p2a: Great Tusk\n|-sidestart|p2: Eucalipto69!|Spikes\n|\n|-heal|p1a: Ting-Lu|100\/100 brn|[from] item: Leftovers\n|-damage|p1a: Ting-Lu|94\/100 brn|[from] brn\n|upkeep\n|turn|3\n|\n|t:|1700827038\n|switch|p1a: Zapdos|Zapdos|100\/100\n|move|p2a: Great Tusk|Stealth Rock|p1a: Zapdos\n|-sidestart|p1: Siddd111|move: Stealth Rock\n|\n|upkeep\n|turn|4\n|\n|t:|1700827065\n|-end|p2a: Great Tusk|Protosynthesis|[silent]\n|switch|p2a: Kilowattrel|Kilowattrel, M|100\/100\n|move|p1a: Zapdos|Heat Wave|p2a: Kilowattrel|[miss]\n|-miss|p1a: Zapdos|p2a: Kilowattrel\n|\n|upkeep\n|turn|5\n|\n|t:|1700827074\n|move|p2a: Kilowattrel|U-turn|p1a: Zapdos\n|-resisted|p1a: Zapdos\n|-damage|p1a: Zapdos|95\/100\n|\n|t:|1700827081\n|switch|p2a: Dragapult|Dragapult, F|57\/100|[from] U-turn\n|-damage|p2a: Dragapult|44\/100|[from] Spikes\n|move|p1a: Zapdos|Heat Wave|p2a: Dragapult\n|-resisted|p2a: Dragapult\n|-damage|p2a: Dragapult|24\/100\n|\n|-heal|p2a: Dragapult|30\/100|[from] item: Leftovers\n|upkeep\n|turn|6\n|\n|t:|1700827091\n|switch|p1a: Ting-Lu|Ting-Lu|94\/100 brn\n|-damage|p1a: Ting-Lu|88\/100 brn|[from] Stealth Rock\n|-ability|p1a: Ting-Lu|Vessel of Ruin\n|move|p2a: Dragapult|Will-O-Wisp|p1a: Ting-Lu\n|-fail|p1a: Ting-Lu|brn\n|\n|-heal|p2a: Dragapult|36\/100|[from] item: Leftovers\n|-heal|p1a: Ting-Lu|94\/100 brn|[from] item: Leftovers\n|-damage|p1a: Ting-Lu|88\/100 brn|[from] brn\n|upkeep\n|turn|7\n|\n|t:|1700827099\n|move|p2a: Dragapult|Hydro Pump|p1a: Ting-Lu\n|-supereffective|p1a: Ting-Lu\n|-damage|p1a: Ting-Lu|61\/100 brn\n|move|p1a: Ting-Lu|Whirlwind|p2a: Dragapult\n|drag|p2a: Samurott|Samurott-Hisui, F, shiny|100\/100\n|-damage|p2a: Samurott|88\/100|[from] Spikes\n|\n|-heal|p1a: Ting-Lu|67\/100 brn|[from] item: Leftovers\n|-damage|p1a: Ting-Lu|61\/100 brn|[from] brn\n|upkeep\n|turn|8\n|\n|t:|1700827116\n|move|p2a: Samurott|Ceaseless Edge|p1a: Ting-Lu\n|-resisted|p1a: Ting-Lu\n|-damage|p1a: Ting-Lu|46\/100 brn\n|-sidestart|p1: Siddd111|Spikes\n|move|p1a: Ting-Lu|Ruination|p2a: Samurott\n|-damage|p2a: Samurott|44\/100\n|\n|-heal|p1a: Ting-Lu|53\/100 brn|[from] item: Leftovers\n|-damage|p1a: Ting-Lu|46\/100 brn|[from] brn\n|upkeep\n|turn|9\n|\n|t:|1700827124\n|move|p2a: Samurott|Aqua Cutter|p1a: Ting-Lu\n|-supereffective|p1a: Ting-Lu\n|-damage|p1a: Ting-Lu|0 fnt\n|faint|p1a: Ting-Lu\n|\n|upkeep\n|\n|t:|1700827134\n|switch|p1a: Cinderace|Cinderace, F|100\/100\n|turn|10\n|\n|t:|1700827140\n|switch|p2a: Great Tusk|Great Tusk|100\/100\n|-damage|p2a: Great Tusk|88\/100|[from] Spikes\n|move|p1a: Cinderace|U-turn|p2a: Great Tusk\n|-start|p1a: Cinderace|typechange|Bug|[from] ability: Libero\n|-resisted|p2a: Great Tusk\n|-damage|p2a: Great Tusk|81\/100\n|-damage|p1a: Cinderace|84\/100|[from] item: Rocky Helmet|[of] p2a: Great Tusk\n|\n|t:|1700827151\n|switch|p1a: Zapdos|Zapdos|95\/100|[from] U-turn\n|\n|upkeep\n|turn|11\n|\n|t:|1700827169\n|-end|p2a: Great Tusk|Protosynthesis|[silent]\n|switch|p2a: Kilowattrel|Kilowattrel, M|100\/100\n|move|p1a: Zapdos|Hurricane|p2a: Kilowattrel|[miss]\n|-miss|p1a: Zapdos|p2a: Kilowattrel\n|\n|upkeep\n|turn|12\n|\n|t:|1700827177\n|move|p2a: Kilowattrel|Thunderbolt|p1a: Zapdos\n|-damage|p1a: Zapdos|54\/100\n|move|p1a: Zapdos|Hurricane|p2a: Kilowattrel\n|-resisted|p2a: Kilowattrel\n|-damage|p2a: Kilowattrel|59\/100\n|\n|upkeep\n|turn|13\n|\n|t:|1700827186\n|switch|p2a: Ogerpon|Ogerpon-Cornerstone, F|100\/100\n|-damage|p2a: Ogerpon|88\/100|[from] Spikes\n|move|p1a: Zapdos|Roost|p1a: Zapdos\n|-heal|p1a: Zapdos|100\/100\n|-singleturn|p1a: Zapdos|move: Roost\n|\n|upkeep\n|turn|14\n|inactive|Siddd111 has 120 seconds left.\n|\n|t:|1700827220\n|switch|p1a: Milotic|Milotic, M|100\/100\n|move|p2a: Ogerpon|Horn Leech|p1a: Milotic\n|-supereffective|p1a: Milotic\n|-damage|p1a: Milotic|15\/100\n|-heal|p2a: Ogerpon|100\/100|[from] drain|[of] p1a: Milotic\n|\n|upkeep\n|turn|15\n|\n|t:|1700827228\n|move|p2a: Ogerpon|Ivy Cudgel|p1a: Milotic|[anim] Ivy Cudgel Rock\n|-damage|p1a: Milotic|0 fnt\n|faint|p1a: Milotic\n|\n|upkeep\n|\n|t:|1700827235\n|switch|p1a: Cinderace|Cinderace, F|84\/100\n|turn|16\n|\n|t:|1700827247\n|switch|p2a: Great Tusk|Great Tusk|81\/100\n|-damage|p2a: Great Tusk|69\/100|[from] Spikes\n|move|p1a: Cinderace|U-turn|p2a: Great Tusk\n|-start|p1a: Cinderace|typechange|Bug|[from] ability: Libero\n|-resisted|p2a: Great Tusk\n|-damage|p2a: Great Tusk|62\/100\n|-damage|p1a: Cinderace|67\/100|[from] item: Rocky Helmet|[of] p2a: Great Tusk\n|\n|t:|1700827253\n|switch|p1a: Zapdos|Zapdos|100\/100|[from] U-turn\n|\n|upkeep\n|turn|17\n|\n|t:|1700827272\n|-terastallize|p2a: Great Tusk|Steel\n|move|p1a: Zapdos|Hurricane|p2a: Great Tusk|[miss]\n|-miss|p1a: Zapdos|p2a: Great Tusk\n|move|p2a: Great Tusk|Rapid Spin|p1a: Zapdos\n|-damage|p1a: Zapdos|88\/100\n|-boost|p2a: Great Tusk|spe|1\n|-sideend|p2: Eucalipto69!|Spikes|[from] move: Rapid Spin|[of] p2a: Great Tusk\n|\n|upkeep\n|turn|18\n|\n|t:|1700827280\n|-end|p2a: Great Tusk|Protosynthesis|[silent]\n|switch|p2a: Dragapult|Dragapult, F|36\/100\n|move|p1a: Zapdos|Hurricane|p2a: Dragapult\n|-damage|p2a: Dragapult|0 fnt\n|faint|p2a: Dragapult\n|\n|upkeep\n|\n|t:|1700827291\n|switch|p2a: Ogerpon|Ogerpon-Cornerstone, F|100\/100\n|turn|19\n|inactive|Siddd111 has 120 seconds left.\n|\n|t:|1700827325\n|-terastallize|p1a: Zapdos|Steel\n|move|p2a: Ogerpon|Ivy Cudgel|p1a: Zapdos|[anim] Ivy Cudgel Rock\n|-resisted|p1a: Zapdos\n|-damage|p1a: Zapdos|59\/100\n|move|p1a: Zapdos|Hurricane|p2a: Ogerpon\n|-damage|p2a: Ogerpon|44\/100\n|\n|upkeep\n|turn|20\n|\n|t:|1700827344\n|move|p2a: Ogerpon|Swords Dance|p2a: Ogerpon\n|-boost|p2a: Ogerpon|atk|2\n|move|p1a: Zapdos|Roost|p1a: Zapdos\n|-heal|p1a: Zapdos|100\/100\n|\n|upkeep\n|turn|21\n|\n|t:|1700827352\n|move|p2a: Ogerpon|Encore|p1a: Zapdos\n|-start|p1a: Zapdos|Encore\n|move|p1a: Zapdos|Roost||[still]\n|-fail|p1a: Zapdos|heal\n|\n|upkeep\n|turn|22\n|inactive|Siddd111 has 120 seconds left.\n|\n|t:|1700827385\n|switch|p1a: Ogerpon|Ogerpon-Cornerstone, F|100\/100\n|-damage|p1a: Ogerpon|88\/100|[from] Stealth Rock\n|-damage|p1a: Ogerpon|76\/100|[from] Spikes\n|move|p2a: Ogerpon|Horn Leech|p1a: Ogerpon\n|-damage|p1a: Ogerpon|0 fnt\n|-heal|p2a: Ogerpon|82\/100|[from] drain|[of] p1a: Ogerpon\n|faint|p1a: Ogerpon\n|\n|upkeep\n|\n|t:|1700827402\n|switch|p1a: Iron Valiant|Iron Valiant|100\/100\n|-damage|p1a: Iron Valiant|94\/100|[from] Stealth Rock\n|-damage|p1a: Iron Valiant|82\/100|[from] Spikes\n|-enditem|p1a: Iron Valiant|Booster Energy\n|-activate|p1a: Iron Valiant|ability: Quark Drive|[fromitem]\n|-start|p1a: Iron Valiant|quarkdrivespe\n|turn|23\n|\n|t:|1700827409\n|switch|p2a: Scizor|Scizor, M|100\/100\n|move|p1a: Iron Valiant|Moonblast|p2a: Scizor\n|-resisted|p2a: Scizor\n|-damage|p2a: Scizor|73\/100\n|\n|upkeep\n|turn|24\n|\n|t:|1700827415\n|move|p1a: Iron Valiant|Moonblast|p2a: Scizor\n|-resisted|p2a: Scizor\n|-damage|p2a: Scizor|46\/100\n|move|p2a: Scizor|Knock Off|p1a: Iron Valiant\n|-resisted|p1a: Iron Valiant\n|-damage|p1a: Iron Valiant|74\/100\n|\n|upkeep\n|turn|25\n|\n|t:|1700827421\n|move|p2a: Scizor|Bullet Punch|p1a: Iron Valiant\n|-supereffective|p1a: Iron Valiant\n|-damage|p1a: Iron Valiant|0 fnt\n|faint|p1a: Iron Valiant\n|-end|p1a: Iron Valiant|Quark Drive|[silent]\n|\n|upkeep\n|j| B B A U M\n|j| dfghhhg\n|\n|t:|1700827441\n|switch|p1a: Cinderace|Cinderace, F|67\/100\n|turn|26\n|\n|t:|1700827449\n|move|p1a: Cinderace|Court Change|p1a: Cinderace\n|-start|p1a: Cinderace|typechange|Normal|[from] ability: Libero\n|-swapsideconditions\n|-activate|p1a: Cinderace|move: Court Change\n|move|p2a: Scizor|Defog|p1a: Cinderace\n|-unboost|p1a: Cinderace|evasion|1\n|-sideend|p2: Eucalipto69!|Spikes|[from] move: Defog|[of] p2a: Scizor\n|-sideend|p2: Eucalipto69!|Stealth Rock|[from] move: Defog|[of] p2a: Scizor\n|\n|upkeep\n|turn|27\n|inactive|Siddd111 has 120 seconds left.\n|\n|t:|1700827457\n|move|p2a: Scizor|Bullet Punch|p1a: Cinderace\n|-damage|p1a: Cinderace|27\/100\n|move|p1a: Cinderace|Will-O-Wisp|p2a: Scizor\n|-status|p2a: Scizor|brn\n|\n|-damage|p2a: Scizor|40\/100 brn|[from] brn\n|upkeep\n|turn|28\n|\n|t:|1700827467\n|move|p1a: Cinderace|Pyro Ball|p2a: Scizor\n|-supereffective|p2a: Scizor\n|-damage|p2a: Scizor|0 fnt\n|faint|p2a: Scizor\n|\n|upkeep\n|\n|t:|1700827469\n|switch|p2a: Kilowattrel|Kilowattrel, M|59\/100\n|turn|29\n|\n|t:|1700827474\n|move|p2a: Kilowattrel|Thunderbolt|p1a: Cinderace\n|-damage|p1a: Cinderace|0 fnt\n|faint|p1a: Cinderace\n|\n|upkeep\n|\n|t:|1700827476\n|switch|p1a: Zapdos|Zapdos, tera:Steel|100\/100\n|turn|30\n|\n|t:|1700827478\n|move|p2a: Kilowattrel|Thunderbolt|p1a: Zapdos\n|-damage|p1a: Zapdos|63\/100\n|move|p1a: Zapdos|Heat Wave|p2a: Kilowattrel\n|-damage|p2a: Kilowattrel|6\/100\n|-status|p2a: Kilowattrel|brn\n|\n|-damage|p2a: Kilowattrel|0 fnt|[from] brn\n|faint|p2a: Kilowattrel\n|upkeep\n|\n|t:|1700827503\n|switch|p2a: Ogerpon|Ogerpon-Cornerstone, F|82\/100\n|turn|31\n|l| B B A U M\n|inactive|Siddd111 has 120 seconds left.\n|\n|t:|1700827543\n|move|p2a: Ogerpon|Swords Dance|p2a: Ogerpon\n|-boost|p2a: Ogerpon|atk|2\n|move|p1a: Zapdos|Hurricane|p2a: Ogerpon\n|-damage|p2a: Ogerpon|31\/100\n|\n|upkeep\n|turn|32\n|inactive|Siddd111 has 120 seconds left.\n|inactive|Siddd111 has 90 seconds left.\n|\n|t:|1700827608\n|move|p2a: Ogerpon|Encore|p1a: Zapdos\n|-start|p1a: Zapdos|Encore\n|move|p1a: Zapdos|Hurricane|p2a: Ogerpon\n|-damage|p2a: Ogerpon|0 fnt\n|faint|p2a: Ogerpon\n|\n|upkeep\n|\n|t:|1700827612\n|switch|p2a: Samurott|Samurott-Hisui, F, shiny|44\/100\n|turn|33\n|\n|t:|1700827614\n|move|p1a: Zapdos|Hurricane|p2a: Samurott\n|-damage|p2a: Samurott|4\/100\n|move|p2a: Samurott|Sacred Sword|p1a: Zapdos\n|-supereffective|p1a: Zapdos\n|-damage|p1a: Zapdos|0 fnt\n|faint|p1a: Zapdos\n|\n|win|Eucalipto69!\n|raw|Siddd111's rating: 1590 &rarr; <strong>1578<\/strong><br \/>(-12 for losing)\n|raw|Eucalipto69!'s rating: 1730 &rarr; <strong>1742<\/strong><br \/>(+12 for winning)\n|l|\u2606Siddd111\n|l|\u2606Eucalipto69!\n|j|\u2606Eucalipto69!\n|player|p2|Eucalipto69!|alder\n","uploadtime":1700827636,"views":21,"p1id":"siddd111","p2id":"eucalipto69","formatid":"gen9ou","rating":1578,"private":0,"password":""}