{"id":"gen9ou-1990594295","p1":"AngoyMoon","p2":"Jugglekid1318","format":"[Gen 9] OU","log":"|j|\u2606AngoyMoon\n|j|\u2606Jugglekid1318\n|t:|1699984231\n|gametype|singles\n|player|p1|AngoyMoon|gambler|1393\n|player|p2|Jugglekid1318|koga|1488\n|teamsize|p1|6\n|teamsize|p2|6\n|gen|9\n|tier|[Gen 9] OU\n|rated|\n|rule|Sleep Clause Mod: Limit one foe put to sleep\n|rule|Species Clause: Limit one of each Pok\u00e9mon\n|rule|OHKO Clause: OHKO moves are banned\n|rule|Evasion Items Clause: Evasion items are banned\n|rule|Evasion Moves Clause: Evasion moves are banned\n|rule|Endless Battle Clause: Forcing endless battles is banned\n|rule|HP Percentage Mod: HP is shown in percentages\n|clearpoke\n|poke|p1|Kingambit, F|\n|poke|p1|Great Tusk|\n|poke|p1|Dragapult, M|\n|poke|p1|Ogerpon-Wellspring, F|\n|poke|p1|Blissey, F|\n|poke|p1|Zapdos|\n|poke|p2|Ribombee, M|\n|poke|p2|Kommo-o, F|\n|poke|p2|Kingambit, M|\n|poke|p2|Iron Moth|\n|poke|p2|Ogerpon-Wellspring, F|\n|poke|p2|Manaphy|\n|teampreview\n|\n|t:|1699984242\n|start\n|switch|p1a: Dragapult|Dragapult, M|100\/100\n|switch|p2a: Ribombee|Ribombee, M|100\/100\n|turn|1\n|\n|t:|1699984249\n|move|p1a: Dragapult|U-turn|p2a: Ribombee\n|-resisted|p2a: Ribombee\n|-damage|p2a: Ribombee|84\/100\n|\n|t:|1699984252\n|switch|p1a: Ogerpon|Ogerpon-Wellspring, F|100\/100|[from] U-turn\n|move|p2a: Ribombee|Sticky Web|p1a: Ogerpon\n|-sidestart|p1: AngoyMoon|move: Sticky Web\n|\n|upkeep\n|turn|2\n|\n|t:|1699984260\n|move|p2a: Ribombee|Stun Spore|p1a: Ogerpon\n|-immune|p1a: Ogerpon\n|move|p1a: Ogerpon|Ivy Cudgel|p2a: Ribombee|[anim] Ivy Cudgel Water\n|-crit|p2a: Ribombee\n|-damage|p2a: Ribombee|0 fnt\n|faint|p2a: Ribombee\n|\n|upkeep\n|inactive|Battle timer is ON: inactive players will automatically lose when time's up. (requested by AngoyMoon)\n|\n|t:|1699984271\n|switch|p2a: Kommo-o|Kommo-o, F|100\/100\n|turn|3\n|\n|t:|1699984278\n|move|p1a: Ogerpon|U-turn|p2a: Kommo-o\n|-resisted|p2a: Kommo-o\n|-damage|p2a: Kommo-o|88\/100\n|\n|t:|1699984281\n|switch|p1a: Zapdos|Zapdos|100\/100|[from] U-turn\n|move|p2a: Kommo-o|Clangorous Soul|p2a: Kommo-o\n|-boost|p2a: Kommo-o|atk|1\n|-boost|p2a: Kommo-o|def|1\n|-boost|p2a: Kommo-o|spa|1\n|-boost|p2a: Kommo-o|spd|1\n|-boost|p2a: Kommo-o|spe|1\n|-damage|p2a: Kommo-o|55\/100\n|-enditem|p2a: Kommo-o|Throat Spray\n|-boost|p2a: Kommo-o|spa|1|[from] item: Throat Spray\n|\n|upkeep\n|turn|4\n|\n|t:|1699984296\n|-terastallize|p2a: Kommo-o|Fire\n|move|p2a: Kommo-o|Boomburst|p1a: Zapdos\n|-damage|p1a: Zapdos|21\/100\n|move|p1a: Zapdos|Hurricane|p2a: Kommo-o|[miss]\n|-miss|p1a: Zapdos|p2a: Kommo-o\n|\n|upkeep\n|turn|5\n|\n|t:|1699984310\n|switch|p1a: Dragapult|Dragapult, M|100\/100\n|-activate|p1a: Dragapult|move: Sticky Web\n|-unboost|p1a: Dragapult|spe|1\n|move|p2a: Kommo-o|Boomburst|p1a: Dragapult\n|-immune|p1a: Dragapult\n|\n|upkeep\n|turn|6\n|\n|t:|1699984321\n|switch|p1a: Blissey|Blissey, F|100\/100\n|move|p2a: Kommo-o|Flamethrower|p1a: Blissey\n|-damage|p1a: Blissey|70\/100\n|\n|upkeep\n|turn|7\n|\n|t:|1699984332\n|move|p2a: Kommo-o|Focus Blast|p1a: Blissey\n|-supereffective|p1a: Blissey\n|-damage|p1a: Blissey|0 fnt\n|faint|p1a: Blissey\n|\n|upkeep\n|\n|t:|1699984341\n|switch|p1a: Dragapult|Dragapult, M|100\/100\n|-activate|p1a: Dragapult|move: Sticky Web\n|-unboost|p1a: Dragapult|spe|1\n|turn|8\n|\n|t:|1699984348\n|move|p2a: Kommo-o|Flamethrower|p1a: Dragapult\n|-resisted|p1a: Dragapult\n|-damage|p1a: Dragapult|49\/100\n|move|p1a: Dragapult|Draco Meteor|p2a: Kommo-o\n|-damage|p2a: Kommo-o|0 fnt\n|-unboost|p1a: Dragapult|spa|2\n|faint|p2a: Kommo-o\n|\n|upkeep\n|\n|t:|1699984363\n|switch|p2a: Iron Moth|Iron Moth|100\/100\n|-item|p2a: Iron Moth|Air Balloon\n|turn|9\n|\n|t:|1699984388\n|switch|p1a: Zapdos|Zapdos|21\/100\n|move|p2a: Iron Moth|Dazzling Gleam|p1a: Zapdos\n|-damage|p1a: Zapdos|0 fnt\n|faint|p1a: Zapdos\n|\n|upkeep\n|\n|t:|1699984393\n|switch|p1a: Ogerpon|Ogerpon-Wellspring, F|100\/100\n|-activate|p1a: Ogerpon|move: Sticky Web\n|-unboost|p1a: Ogerpon|spe|1\n|turn|10\n|\n|t:|1699984402\n|move|p2a: Iron Moth|Sludge Wave|p1a: Ogerpon\n|-supereffective|p1a: Ogerpon\n|-damage|p1a: Ogerpon|0 fnt\n|faint|p1a: Ogerpon\n|\n|upkeep\n|\n|t:|1699984406\n|switch|p1a: Great Tusk|Great Tusk|100\/100\n|-activate|p1a: Great Tusk|move: Sticky Web\n|-unboost|p1a: Great Tusk|spe|1\n|turn|11\n|\n|t:|1699984415\n|-terastallize|p1a: Great Tusk|Steel\n|move|p2a: Iron Moth|Dazzling Gleam|p1a: Great Tusk\n|-resisted|p1a: Great Tusk\n|-damage|p1a: Great Tusk|80\/100\n|move|p1a: Great Tusk|Rapid Spin|p2a: Iron Moth\n|-damage|p2a: Iron Moth|76\/100\n|-boost|p1a: Great Tusk|spe|1\n|-enditem|p2a: Iron Moth|Air Balloon\n|-sideend|p1: AngoyMoon|Sticky Web|[from] move: Rapid Spin|[of] p1a: Great Tusk\n|\n|-heal|p1a: Great Tusk|86\/100|[from] item: Leftovers\n|upkeep\n|turn|12\n|\n|t:|1699984428\n|-end|p1a: Great Tusk|Protosynthesis|[silent]\n|switch|p1a: Dragapult|Dragapult, M|49\/100\n|move|p2a: Iron Moth|Flamethrower|p1a: Dragapult\n|-resisted|p1a: Dragapult\n|-damage|p1a: Dragapult|16\/100\n|-status|p1a: Dragapult|brn\n|\n|-damage|p1a: Dragapult|10\/100 brn|[from] brn\n|upkeep\n|turn|13\n|\n|t:|1699984441\n|move|p1a: Dragapult|Draco Meteor|p2a: Iron Moth\n|-damage|p2a: Iron Moth|0 fnt\n|-unboost|p1a: Dragapult|spa|2\n|faint|p2a: Iron Moth\n|-end|p2a: Iron Moth|Quark Drive|[silent]\n|\n|-damage|p1a: Dragapult|4\/100 brn|[from] brn\n|upkeep\n|\n|t:|1699984463\n|switch|p2a: Manaphy|Manaphy|100\/100\n|turn|14\n|\n|t:|1699984472\n|move|p1a: Dragapult|Draco Meteor|p2a: Manaphy\n|-damage|p2a: Manaphy|65\/100\n|-unboost|p1a: Dragapult|spa|2\n|move|p2a: Manaphy|Take Heart|p2a: Manaphy\n|-boost|p2a: Manaphy|spa|1\n|-boost|p2a: Manaphy|spd|1\n|\n|-heal|p2a: Manaphy|71\/100|[from] item: Leftovers\n|-damage|p1a: Dragapult|0 fnt|[from] brn\n|faint|p1a: Dragapult\n|upkeep\n|\n|t:|1699984488\n|switch|p1a: Kingambit|Kingambit, F|100\/100\n|-activate|p1a: Kingambit|ability: Supreme Overlord\n|-start|p1a: Kingambit|fallen4|[silent]\n|turn|15\n|\n|t:|1699984494\n|move|p2a: Manaphy|Acid Armor|p2a: Manaphy\n|-boost|p2a: Manaphy|def|2\n|move|p1a: Kingambit|Swords Dance|p1a: Kingambit\n|-boost|p1a: Kingambit|atk|2\n|\n|-heal|p2a: Manaphy|77\/100|[from] item: Leftovers\n|upkeep\n|turn|16\n|\n|t:|1699984509\n|move|p2a: Manaphy|Acid Armor|p2a: Manaphy\n|-boost|p2a: Manaphy|def|2\n|move|p1a: Kingambit|Kowtow Cleave|p2a: Manaphy\n|-damage|p2a: Manaphy|44\/100\n|\n|-heal|p2a: Manaphy|50\/100|[from] item: Leftovers\n|upkeep\n|turn|17\n|\n|t:|1699984517\n|move|p2a: Manaphy|Scald|p1a: Kingambit\n|-damage|p1a: Kingambit|57\/100\n|move|p1a: Kingambit|Swords Dance|p1a: Kingambit\n|-boost|p1a: Kingambit|atk|2\n|\n|-heal|p2a: Manaphy|56\/100|[from] item: Leftovers\n|upkeep\n|turn|18\n|\n|t:|1699984526\n|move|p2a: Manaphy|Scald|p1a: Kingambit\n|-damage|p1a: Kingambit|12\/100\n|move|p1a: Kingambit|Kowtow Cleave|p2a: Manaphy\n|-damage|p2a: Manaphy|14\/100\n|\n|-heal|p2a: Manaphy|20\/100|[from] item: Leftovers\n|upkeep\n|turn|19\n|\n|t:|1699984537\n|move|p1a: Kingambit|Sucker Punch||[still]\n|-fail|p1a: Kingambit\n|move|p2a: Manaphy|Take Heart|p2a: Manaphy\n|-boost|p2a: Manaphy|spa|1\n|-boost|p2a: Manaphy|spd|1\n|\n|-heal|p2a: Manaphy|26\/100|[from] item: Leftovers\n|upkeep\n|turn|20\n|\n|t:|1699984545\n|move|p2a: Manaphy|Scald|p1a: Kingambit\n|-damage|p1a: Kingambit|0 fnt\n|faint|p1a: Kingambit\n|-end|p1a: Kingambit|fallen4|[silent]\n|\n|-heal|p2a: Manaphy|32\/100|[from] item: Leftovers\n|upkeep\n|\n|t:|1699984547\n|switch|p1a: Great Tusk|Great Tusk, tera:Steel|86\/100\n|turn|21\n|\n|t:|1699984557\n|move|p1a: Great Tusk|Rapid Spin|p2a: Manaphy\n|-damage|p2a: Manaphy|29\/100\n|-boost|p1a: Great Tusk|spe|1\n|move|p2a: Manaphy|Scald|p1a: Great Tusk\n|-crit|p1a: Great Tusk\n|-damage|p1a: Great Tusk|0 fnt\n|faint|p1a: Great Tusk\n|-end|p1a: Great Tusk|Protosynthesis|[silent]\n|\n|win|Jugglekid1318\n|raw|AngoyMoon's rating: 1393 &rarr; <strong>1378<\/strong><br \/>(-15 for losing)\n|raw|Jugglekid1318's rating: 1488 &rarr; <strong>1503<\/strong><br \/>(+15 for winning)\n|l|\u2606AngoyMoon\n","uploadtime":1699984593,"views":7,"p1id":"angoymoon","p2id":"jugglekid1318","formatid":"gen9ou","rating":1378,"private":0,"password":""}