{"id":"gen9ou-1991777086","p1":"PepsiEnby","p2":"Zapsuki","format":"[Gen 9] OU","log":"|j|\u2606PepsiEnby\n|j|\u2606Zapsuki\n|t:|1700115386\n|gametype|singles\n|player|p1|PepsiEnby|265|1574\n|player|p2|Zapsuki|serena-masters2|1632\n|teamsize|p1|6\n|teamsize|p2|6\n|gen|9\n|tier|[Gen 9] OU\n|rated|\n|rule|Sleep Clause Mod: Limit one foe put to sleep\n|rule|Species Clause: Limit one of each Pok\u00e9mon\n|rule|OHKO Clause: OHKO moves are banned\n|rule|Evasion Items Clause: Evasion items are banned\n|rule|Evasion Moves Clause: Evasion moves are banned\n|rule|Endless Battle Clause: Forcing endless battles is banned\n|rule|HP Percentage Mod: HP is shown in percentages\n|clearpoke\n|poke|p1|Alomomola, F|\n|poke|p1|Slowking-Galar, F|\n|poke|p1|Cinderace, F|\n|poke|p1|Glimmora, M|\n|poke|p1|Sneasler, M|\n|poke|p1|Enamorus, F|\n|poke|p2|Dragonite, F|\n|poke|p2|Garchomp, M|\n|poke|p2|Kommo-o, F|\n|poke|p2|Dragapult, M|\n|poke|p2|Tinkaton, F|\n|poke|p2|Walking Wake|\n|teampreview\n|inactive|Battle timer is ON: inactive players will automatically lose when time's up. (requested by Zapsuki)\n|j| rayquaza hater\n|\n|t:|1700115401\n|start\n|switch|p1a: Enamorus|Enamorus, F|100\/100\n|switch|p2a: Walking Wake|Walking Wake|100\/100\n|turn|1\n|\n|t:|1700115412\n|-end|p2a: Walking Wake|Protosynthesis|[silent]\n|switch|p2a: Tinkaton|Tinkaton, F, shiny|100\/100\n|-ability|p2a: Tinkaton|Mold Breaker\n|move|p1a: Enamorus|Moonblast|p2a: Tinkaton\n|-resisted|p2a: Tinkaton\n|-damage|p2a: Tinkaton|76\/100\n|\n|-heal|p2a: Tinkaton|82\/100|[from] item: Leftovers\n|upkeep\n|turn|2\n|\n|t:|1700115420\n|switch|p1a: Slowking|Slowking-Galar, F|100\/100\n|move|p2a: Tinkaton|Thunder Wave|p1a: Slowking\n|-status|p1a: Slowking|par\n|\n|-heal|p2a: Tinkaton|88\/100|[from] item: Leftovers\n|upkeep\n|turn|3\n|\n|t:|1700115425\n|move|p2a: Tinkaton|Knock Off|p1a: Slowking\n|-supereffective|p1a: Slowking\n|-damage|p1a: Slowking|75\/100 par\n|-enditem|p1a: Slowking|Black Sludge|[from] move: Knock Off|[of] p2a: Tinkaton\n|cant|p1a: Slowking|par\n|\n|-heal|p2a: Tinkaton|95\/100|[from] item: Leftovers\n|upkeep\n|turn|4\n|c| rayquaza hater|oi\n|\n|t:|1700115455\n|move|p2a: Tinkaton|Knock Off|p1a: Slowking\n|-supereffective|p1a: Slowking\n|-damage|p1a: Slowking|57\/100 par\n|move|p1a: Slowking|Trick|p2a: Tinkaton\n|-activate|p1a: Slowking|move: Trick|[of] p2a: Tinkaton\n|-enditem|p2a: Tinkaton|Leftovers|[silent]|[from] move: Trick\n|-item|p1a: Slowking|Leftovers|[from] move: Trick\n|\n|-heal|p1a: Slowking|63\/100 par|[from] item: Leftovers\n|upkeep\n|turn|5\n|\n|t:|1700115465\n|move|p2a: Tinkaton|Knock Off|p1a: Slowking\n|-supereffective|p1a: Slowking\n|-damage|p1a: Slowking|35\/100 par\n|-enditem|p1a: Slowking|Leftovers|[from] move: Knock Off|[of] p2a: Tinkaton\n|move|p1a: Slowking|Chilly Reception|p1a: Slowking\n|-weather|Snow\n|\n|t:|1700115469\n|switch|p1a: Cinderace|Cinderace, F|100\/100|[from] Chilly Reception\n|\n|-weather|Snow|[upkeep]\n|upkeep\n|turn|6\n|\n|t:|1700115476\n|switch|p2a: Kommo-o|Kommo-o, F|100\/100\n|move|p1a: Cinderace|U-turn|p2a: Kommo-o\n|-resisted|p2a: Kommo-o\n|-damage|p2a: Kommo-o|92\/100\n|\n|t:|1700115480\n|switch|p1a: Enamorus|Enamorus, F|100\/100|[from] U-turn\n|\n|-weather|Snow|[upkeep]\n|upkeep\n|turn|7\n|\n|t:|1700115509\n|switch|p2a: Tinkaton|Tinkaton, F, shiny|95\/100\n|-ability|p2a: Tinkaton|Mold Breaker\n|move|p1a: Enamorus|Moonblast|p2a: Tinkaton\n|-resisted|p2a: Tinkaton\n|-damage|p2a: Tinkaton|70\/100\n|\n|-weather|Snow|[upkeep]\n|upkeep\n|turn|8\n|\n|t:|1700115515\n|switch|p1a: Slowking|Slowking-Galar, F|68\/100 par\n|move|p2a: Tinkaton|Thunder Wave|p1a: Slowking\n|-fail|p1a: Slowking|par\n|\n|-weather|Snow|[upkeep]\n|upkeep\n|turn|9\n|\n|t:|1700115520\n|move|p2a: Tinkaton|Gigaton Hammer|p1a: Slowking\n|-damage|p1a: Slowking|36\/100 par\n|move|p1a: Slowking|Chilly Reception|p1a: Slowking\n|\n|t:|1700115547\n|switch|p1a: Cinderace|Cinderace, F|100\/100|[from] Chilly Reception\n|\n|-weather|none\n|upkeep\n|turn|10\n|\n|t:|1700115551\n|switch|p2a: Garchomp|Garchomp, M|100\/100\n|move|p1a: Cinderace|U-turn|p2a: Garchomp\n|-damage|p2a: Garchomp|84\/100\n|-damage|p1a: Cinderace|88\/100|[from] ability: Rough Skin|[of] p2a: Garchomp\n|-damage|p1a: Cinderace|72\/100|[from] item: Rocky Helmet|[of] p2a: Garchomp\n|\n|t:|1700115555\n|switch|p1a: Enamorus|Enamorus, F|100\/100|[from] U-turn\n|\n|upkeep\n|turn|11\n|\n|t:|1700115568\n|switch|p2a: Tinkaton|Tinkaton, F, shiny|70\/100\n|-ability|p2a: Tinkaton|Mold Breaker\n|move|p1a: Enamorus|Moonblast|p2a: Tinkaton\n|-resisted|p2a: Tinkaton\n|-damage|p2a: Tinkaton|47\/100\n|-unboost|p2a: Tinkaton|spa|1\n|\n|upkeep\n|turn|12\n|j| MiniLarry\n|\n|t:|1700115573\n|switch|p1a: Alomomola|Alomomola, F|100\/100\n|move|p2a: Tinkaton|Gigaton Hammer|p1a: Alomomola\n|-resisted|p1a: Alomomola\n|-crit|p1a: Alomomola\n|-damage|p1a: Alomomola|72\/100\n|\n|upkeep\n|turn|13\n|\n|t:|1700115581\n|switch|p1a: Slowking|Slowking-Galar, F|70\/100 par\n|move|p2a: Tinkaton|Thunder Wave|p1a: Slowking\n|-fail|p1a: Slowking|par\n|\n|upkeep\n|turn|14\n|\n|t:|1700115587\n|move|p2a: Tinkaton|Gigaton Hammer|p1a: Slowking\n|-damage|p1a: Slowking|36\/100 par\n|move|p1a: Slowking|Chilly Reception|p1a: Slowking\n|-weather|Snow\n|\n|t:|1700115596\n|switch|p1a: Cinderace|Cinderace, F|72\/100|[from] Chilly Reception\n|\n|-weather|Snow|[upkeep]\n|upkeep\n|turn|15\n|\n|t:|1700115603\n|switch|p2a: Kommo-o|Kommo-o, F|92\/100\n|move|p1a: Cinderace|U-turn|p2a: Kommo-o\n|-resisted|p2a: Kommo-o\n|-crit|p2a: Kommo-o\n|-damage|p2a: Kommo-o|77\/100\n|\n|t:|1700115605\n|switch|p1a: Enamorus|Enamorus, F|100\/100|[from] U-turn\n|\n|-weather|Snow|[upkeep]\n|upkeep\n|turn|16\n|\n|t:|1700115631\n|-terastallize|p2a: Kommo-o|Steel\n|move|p1a: Enamorus|Moonblast|p2a: Kommo-o\n|-resisted|p2a: Kommo-o\n|-damage|p2a: Kommo-o|27\/100\n|-unboost|p2a: Kommo-o|spa|1\n|move|p2a: Kommo-o|Flash Cannon|p1a: Enamorus\n|-supereffective|p1a: Enamorus\n|-damage|p1a: Enamorus|38\/100\n|\n|-weather|Snow|[upkeep]\n|upkeep\n|turn|17\n|\n|t:|1700115641\n|switch|p2a: Tinkaton|Tinkaton, F, shiny|47\/100\n|-ability|p2a: Tinkaton|Mold Breaker\n|move|p1a: Enamorus|Moonblast|p2a: Tinkaton\n|-resisted|p2a: Tinkaton\n|-damage|p2a: Tinkaton|23\/100\n|-unboost|p2a: Tinkaton|spa|1\n|\n|-weather|Snow|[upkeep]\n|upkeep\n|turn|18\n|\n|t:|1700115648\n|move|p1a: Enamorus|Moonblast|p2a: Tinkaton\n|-resisted|p2a: Tinkaton\n|-damage|p2a: Tinkaton|1\/100\n|move|p2a: Tinkaton|Gigaton Hammer|p1a: Enamorus\n|-supereffective|p1a: Enamorus\n|-damage|p1a: Enamorus|0 fnt\n|faint|p1a: Enamorus\n|\n|-weather|none\n|upkeep\n|\n|t:|1700115655\n|switch|p1a: Sneasler|Sneasler, M|100\/100\n|turn|19\n|\n|t:|1700115662\n|move|p1a: Sneasler|U-turn|p2a: Tinkaton\n|-resisted|p2a: Tinkaton\n|-damage|p2a: Tinkaton|0 fnt\n|faint|p2a: Tinkaton\n|\n|t:|1700115672\n|switch|p1a: Slowking|Slowking-Galar, F|69\/100 par|[from] U-turn\n|\n|upkeep\n|\n|t:|1700115683\n|switch|p2a: Garchomp|Garchomp, M|84\/100\n|turn|20\n|\n|t:|1700115686\n|switch|p1a: Glimmora|Glimmora, M|100\/100\n|-item|p1a: Glimmora|Air Balloon\n|move|p2a: Garchomp|Earthquake|p1a: Glimmora\n|-immune|p1a: Glimmora\n|\n|upkeep\n|turn|21\n|\n|t:|1700115693\n|switch|p2a: Walking Wake|Walking Wake|100\/100\n|move|p1a: Glimmora|Toxic|p2a: Walking Wake\n|-status|p2a: Walking Wake|tox\n|\n|-damage|p2a: Walking Wake|94\/100 tox|[from] psn\n|upkeep\n|turn|22\n|\n|t:|1700115701\n|switch|p1a: Alomomola|Alomomola, F|100\/100\n|move|p2a: Walking Wake|Draco Meteor|p1a: Alomomola\n|-damage|p1a: Alomomola|56\/100\n|-unboost|p2a: Walking Wake|spa|2\n|-enditem|p2a: Walking Wake|Eject Pack\n|\n|t:|1700115718\n|-end|p2a: Walking Wake|Protosynthesis|[silent]\n|switch|p2a: Kommo-o|Kommo-o, F, tera:Steel|27\/100\n|\n|upkeep\n|turn|23\n|\n|t:|1700115726\n|move|p2a: Kommo-o|Clanging Scales|p1a: Alomomola\n|-damage|p1a: Alomomola|26\/100\n|-unboost|p2a: Kommo-o|def|1\n|move|p1a: Alomomola|Liquidation|p2a: Kommo-o\n|-damage|p2a: Kommo-o|0 fnt\n|faint|p2a: Kommo-o\n|\n|upkeep\n|inactive|Zapsuki has 120 seconds left.\n|\n|t:|1700115780\n|switch|p2a: Walking Wake|Walking Wake|94\/100 tox\n|turn|24\n|\n|t:|1700115786\n|switch|p1a: Slowking|Slowking-Galar, F|100\/100 par\n|move|p2a: Walking Wake|Draco Meteor|p1a: Slowking\n|-damage|p1a: Slowking|46\/100 par\n|-unboost|p2a: Walking Wake|spa|2\n|\n|-damage|p2a: Walking Wake|88\/100 tox|[from] psn\n|upkeep\n|turn|25\n|\n|t:|1700115795\n|-end|p2a: Walking Wake|Protosynthesis|[silent]\n|switch|p2a: Garchomp|Garchomp, M|84\/100\n|move|p1a: Slowking|Chilly Reception|p1a: Slowking\n|-weather|Snow\n|\n|t:|1700115801\n|switch|p1a: Glimmora|Glimmora, M|100\/100|[from] Chilly Reception\n|-item|p1a: Glimmora|Air Balloon\n|\n|-weather|Snow|[upkeep]\n|upkeep\n|turn|26\n|\n|t:|1700115809\n|move|p2a: Garchomp|Stealth Rock|p1a: Glimmora\n|-sidestart|p1: PepsiEnby|move: Stealth Rock\n|move|p1a: Glimmora|Earth Power|p2a: Garchomp\n|-damage|p2a: Garchomp|60\/100\n|\n|-weather|Snow|[upkeep]\n|upkeep\n|turn|27\n|\n|t:|1700115816\n|switch|p2a: Walking Wake|Walking Wake|88\/100 tox\n|move|p1a: Glimmora|Mortal Spin|p2a: Walking Wake\n|-damage|p2a: Walking Wake|81\/100 tox\n|-sideend|p1: PepsiEnby|Stealth Rock|[from] move: Mortal Spin|[of] p1a: Glimmora\n|\n|-weather|Snow|[upkeep]\n|-damage|p2a: Walking Wake|75\/100 tox|[from] psn\n|upkeep\n|turn|28\n|\n|t:|1700115822\n|switch|p1a: Alomomola|Alomomola, F|59\/100\n|move|p2a: Walking Wake|Draco Meteor|p1a: Alomomola\n|-damage|p1a: Alomomola|15\/100\n|-unboost|p2a: Walking Wake|spa|2\n|\n|-weather|Snow|[upkeep]\n|-damage|p2a: Walking Wake|63\/100 tox|[from] psn\n|upkeep\n|turn|29\n|\n|t:|1700115828\n|switch|p1a: Slowking|Slowking-Galar, F|80\/100 par\n|move|p2a: Walking Wake|Draco Meteor|p1a: Slowking\n|-damage|p1a: Slowking|55\/100 par\n|-unboost|p2a: Walking Wake|spa|2\n|\n|-weather|none\n|-damage|p2a: Walking Wake|44\/100 tox|[from] psn\n|upkeep\n|turn|30\n|\n|t:|1700115840\n|-end|p2a: Walking Wake|Protosynthesis|[silent]\n|switch|p2a: Garchomp|Garchomp, M|60\/100\n|switch|p1a: Alomomola|Alomomola, F|48\/100\n|\n|upkeep\n|turn|31\n|\n|t:|1700115845\n|switch|p1a: Glimmora|Glimmora, M|100\/100\n|-item|p1a: Glimmora|Air Balloon\n|move|p2a: Garchomp|Dragon Tail|p1a: Glimmora\n|-damage|p1a: Glimmora|73\/100\n|-enditem|p1a: Glimmora|Air Balloon\n|drag|p1a: Sneasler|Sneasler, M|100\/100\n|\n|upkeep\n|turn|32\n|\n|t:|1700115860\n|move|p1a: Sneasler|U-turn|p2a: Garchomp\n|-damage|p2a: Garchomp|38\/100\n|-damage|p1a: Sneasler|88\/100|[from] ability: Rough Skin|[of] p2a: Garchomp\n|-damage|p1a: Sneasler|72\/100|[from] item: Rocky Helmet|[of] p2a: Garchomp\n|\n|t:|1700115863\n|switch|p1a: Alomomola|Alomomola, F|82\/100|[from] U-turn\n|move|p2a: Garchomp|Earthquake|p1a: Alomomola\n|-damage|p1a: Alomomola|42\/100\n|\n|upkeep\n|turn|33\n|\n|t:|1700115877\n|switch|p1a: Glimmora|Glimmora, M|73\/100\n|move|p2a: Garchomp|Earthquake|p1a: Glimmora\n|-supereffective|p1a: Glimmora\n|-damage|p1a: Glimmora|0 fnt\n|faint|p1a: Glimmora\n|\n|upkeep\n|\n|t:|1700115883\n|switch|p1a: Sneasler|Sneasler, M|72\/100\n|turn|34\n|\n|t:|1700115901\n|move|p1a: Sneasler|Close Combat|p2a: Garchomp\n|-damage|p2a: Garchomp|0 fnt\n|-unboost|p1a: Sneasler|def|1\n|-unboost|p1a: Sneasler|spd|1\n|-damage|p1a: Sneasler|59\/100|[from] ability: Rough Skin|[of] p2a: Garchomp\n|-damage|p1a: Sneasler|43\/100|[from] item: Rocky Helmet|[of] p2a: Garchomp\n|faint|p2a: Garchomp\n|\n|upkeep\n|\n|t:|1700115917\n|switch|p2a: Dragonite|Dragonite, F|100\/100\n|turn|35\n|\n|t:|1700115922\n|switch|p1a: Cinderace|Cinderace, F|72\/100\n|move|p2a: Dragonite|Dragon Dance|p2a: Dragonite\n|-boost|p2a: Dragonite|atk|1\n|-boost|p2a: Dragonite|spe|1\n|\n|upkeep\n|turn|36\n|\n|t:|1700115925\n|-terastallize|p1a: Cinderace|Flying\n|move|p2a: Dragonite|Dragon Claw|p1a: Cinderace\n|-damage|p1a: Cinderace|0 fnt\n|faint|p1a: Cinderace\n|\n|upkeep\n|\n|t:|1700115932\n|switch|p1a: Slowking|Slowking-Galar, F|88\/100 par\n|turn|37\n|\n|t:|1700115937\n|move|p2a: Dragonite|Dragon Claw|p1a: Slowking\n|-damage|p1a: Slowking|45\/100 par\n|move|p1a: Slowking|Yawn|p2a: Dragonite\n|-start|p2a: Dragonite|move: Yawn|[of] p1a: Slowking\n|\n|upkeep\n|turn|38\n|inactive|Zapsuki has 120 seconds left.\n|\n|t:|1700115967\n|switch|p2a: Dragapult|Dragapult, M|100\/100\n|cant|p1a: Slowking|par\n|\n|upkeep\n|turn|39\n|\n|t:|1700115974\n|switch|p1a: Alomomola|Alomomola, F|76\/100\n|move|p2a: Dragapult|Substitute|p2a: Dragapult\n|-start|p2a: Dragapult|Substitute\n|-damage|p2a: Dragapult|76\/100\n|\n|upkeep\n|turn|40\n|\n|t:|1700115979\n|move|p2a: Dragapult|Will-O-Wisp|p1a: Alomomola|[miss]\n|-miss|p2a: Dragapult|p1a: Alomomola\n|move|p1a: Alomomola|Play Rough|p2a: Dragapult\n|-supereffective|p2a: Dragapult\n|-end|p2a: Dragapult|Substitute\n|\n|upkeep\n|turn|41\n|\n|t:|1700115987\n|move|p2a: Dragapult|Will-O-Wisp|p1a: Alomomola\n|-status|p1a: Alomomola|brn\n|move|p1a: Alomomola|Flip Turn|p2a: Dragapult\n|-resisted|p2a: Dragapult\n|-damage|p2a: Dragapult|67\/100\n|\n|t:|1700115988\n|switch|p1a: Sneasler|Sneasler, M|43\/100|[from] Flip Turn\n|\n|upkeep\n|turn|42\n|\n|t:|1700116004\n|switch|p2a: Walking Wake|Walking Wake|44\/100 tox\n|move|p1a: Sneasler|Switcheroo|p2a: Walking Wake\n|-activate|p1a: Sneasler|move: Trick|[of] p2a: Walking Wake\n|-item|p2a: Walking Wake|Choice Scarf|[from] move: Switcheroo\n|-enditem|p1a: Sneasler|Choice Scarf|[silent]|[from] move: Switcheroo\n|\n|-damage|p2a: Walking Wake|38\/100 tox|[from] psn\n|upkeep\n|turn|43\n|\n|t:|1700116012\n|switch|p1a: Alomomola|Alomomola, F|100\/100 brn\n|move|p2a: Walking Wake|Draco Meteor|p1a: Alomomola\n|-damage|p1a: Alomomola|57\/100 brn\n|-unboost|p2a: Walking Wake|spa|2\n|\n|-damage|p2a: Walking Wake|26\/100 tox|[from] psn\n|-damage|p1a: Alomomola|50\/100 brn|[from] brn\n|upkeep\n|turn|44\n|\n|t:|1700116033\n|-end|p2a: Walking Wake|Protosynthesis|[silent]\n|switch|p2a: Dragonite|Dragonite, F|100\/100\n|move|p1a: Alomomola|Flip Turn|p2a: Dragonite\n|-resisted|p2a: Dragonite\n|-damage|p2a: Dragonite|98\/100\n|j| bloodlunaiforfeit\n|l| bloodlunaiforfeit\n|\n|t:|1700116044\n|switch|p1a: Sneasler|Sneasler, M|43\/100|[from] Flip Turn\n|\n|upkeep\n|turn|45\n|\n|t:|1700116052\n|move|p2a: Dragonite|Extreme Speed|p1a: Sneasler\n|-damage|p1a: Sneasler|0 fnt\n|faint|p1a: Sneasler\n|\n|upkeep\n|\n|t:|1700116055\n|switch|p1a: Slowking|Slowking-Galar, F|78\/100 par\n|turn|46\n|\n|t:|1700116063\n|move|p2a: Dragonite|Dragon Claw|p1a: Slowking\n|-damage|p1a: Slowking|46\/100 par\n|move|p1a: Slowking|Yawn|p2a: Dragonite\n|-start|p2a: Dragonite|move: Yawn|[of] p1a: Slowking\n|\n|upkeep\n|turn|47\n|\n|t:|1700116070\n|switch|p2a: Dragapult|Dragapult, M|67\/100\n|switch|p1a: Alomomola|Alomomola, F|84\/100 brn\n|\n|-damage|p1a: Alomomola|77\/100 brn|[from] brn\n|upkeep\n|turn|48\n|\n|t:|1700116077\n|move|p2a: Dragapult|Hex|p1a: Alomomola\n|-damage|p1a: Alomomola|41\/100 brn\n|move|p1a: Alomomola|Play Rough|p2a: Dragapult\n|-supereffective|p2a: Dragapult\n|-damage|p2a: Dragapult|29\/100\n|\n|-damage|p1a: Alomomola|35\/100 brn|[from] brn\n|upkeep\n|turn|49\n|\n|t:|1700116085\n|move|p2a: Dragapult|Hex|p1a: Alomomola\n|-damage|p1a: Alomomola|0 fnt\n|faint|p1a: Alomomola\n|\n|upkeep\n|\n|t:|1700116088\n|switch|p1a: Slowking|Slowking-Galar, F|79\/100 par\n|turn|50\n|\n|t:|1700116093\n|move|p2a: Dragapult|Hex|p1a: Slowking\n|-supereffective|p1a: Slowking\n|-damage|p1a: Slowking|0 fnt\n|faint|p1a: Slowking\n|\n|win|Zapsuki\n|raw|PepsiEnby's rating: 1574 &rarr; <strong>1557<\/strong><br \/>(-17 for losing)\n|raw|Zapsuki's rating: 1632 &rarr; <strong>1649<\/strong><br \/>(+17 for winning)\n|c|\u2606PepsiEnby|gg\n|c|\u2606Zapsuki|gg\n|l|\u2606PepsiEnby\n|c| rayquaza hater|gg\n|c| rayquaza hater|wwwwwwwwwwwwwwwwwwwwwwwwwwwwwwwww\n|l| MiniLarry\n|l| rayquaza hater\n","uploadtime":1700116112,"views":10,"p1id":"pepsienby","p2id":"zapsuki","formatid":"gen9ou","rating":1557,"private":0,"password":""}