{"id":"gen9ou-1990473090","p1":"Z-pokemaster2000","p2":"OUVT DB12","format":"[Gen 9] OU","log":"|j|\u2606Z-pokemaster2000\n|j|\u2606OUVT DB12\n|t:|1699974210\n|gametype|singles\n|player|p1|Z-pokemaster2000|veteran|1747\n|player|p2|OUVT DB12|grimsley|1715\n|teamsize|p1|6\n|teamsize|p2|6\n|gen|9\n|tier|[Gen 9] OU\n|rated|\n|rule|Sleep Clause Mod: Limit one foe put to sleep\n|rule|Species Clause: Limit one of each Pok\u00e9mon\n|rule|OHKO Clause: OHKO moves are banned\n|rule|Evasion Items Clause: Evasion items are banned\n|rule|Evasion Moves Clause: Evasion moves are banned\n|rule|Endless Battle Clause: Forcing endless battles is banned\n|rule|HP Percentage Mod: HP is shown in percentages\n|clearpoke\n|poke|p1|Okidogi, M|\n|poke|p1|Clefable, F|\n|poke|p1|Great Tusk|\n|poke|p1|Grimmsnarl, M|\n|poke|p1|Sinistcha-Masterpiece|\n|poke|p1|Ceruledge, F|\n|poke|p2|Dragapult, M|\n|poke|p2|Iron Valiant|\n|poke|p2|Rillaboom, F|\n|poke|p2|Sneasler, F|\n|poke|p2|Great Tusk|\n|poke|p2|Walking Wake|\n|teampreview\n|inactive|Battle timer is ON: inactive players will automatically lose when time's up. (requested by Z-pokemaster2000)\n|\n|t:|1699974239\n|start\n|switch|p1a: Grimmsnarl|Grimmsnarl, M, shiny|100\/100\n|switch|p2a: Dragapult|Dragapult, M|100\/100\n|turn|1\n|\n|t:|1699974255\n|move|p1a: Grimmsnarl|Light Screen|p1a: Grimmsnarl\n|-sidestart|p1: Z-pokemaster2000|move: Light Screen\n|move|p2a: Dragapult|Fire Blast|p1a: Grimmsnarl|[miss]\n|-miss|p2a: Dragapult|p1a: Grimmsnarl\n|\n|upkeep\n|turn|2\n|\n|t:|1699974260\n|switch|p2a: Rillaboom|Rillaboom, F|100\/100\n|-fieldstart|move: Grassy Terrain|[from] ability: Grassy Surge|[of] p2a: Rillaboom\n|move|p1a: Grimmsnarl|Parting Shot|p2a: Rillaboom\n|-unboost|p2a: Rillaboom|atk|1\n|-unboost|p2a: Rillaboom|spa|1\n|\n|t:|1699974264\n|switch|p1a: Okidogi|Okidogi, M|100\/100|[from] Parting Shot\n|\n|upkeep\n|turn|3\n|j| mew852\n|inactive|OUVT DB12 has 120 seconds left.\n|\n|t:|1699974305\n|move|p2a: Rillaboom|U-turn|p1a: Okidogi\n|-resisted|p1a: Okidogi\n|-damage|p1a: Okidogi|95\/100\n|\n|t:|1699974306\n|switch|p2a: Dragapult|Dragapult, M|100\/100|[from] U-turn\n|move|p1a: Okidogi|Knock Off|p2a: Dragapult\n|-supereffective|p2a: Dragapult\n|-damage|p2a: Dragapult|6\/100\n|-enditem|p2a: Dragapult|Focus Sash|[from] move: Knock Off|[of] p1a: Okidogi\n|\n|-heal|p2a: Dragapult|12\/100|[from] Grassy Terrain\n|-heal|p1a: Okidogi|100\/100|[from] Grassy Terrain\n|upkeep\n|turn|4\n|\n|t:|1699974315\n|move|p2a: Dragapult|Curse|p1a: Okidogi\n|-start|p1a: Okidogi|Curse|[of] p2a: Dragapult\n|-damage|p2a: Dragapult|0 fnt\n|faint|p2a: Dragapult\n|move|p1a: Okidogi|Knock Off|p2: Dragapult|[notarget]\n|-fail|p1a: Okidogi\n|\n|-damage|p1a: Okidogi|75\/100|[from] Curse\n|upkeep\n|\n|t:|1699974321\n|switch|p2a: Walking Wake|Walking Wake|100\/100\n|-enditem|p2a: Walking Wake|Booster Energy\n|-activate|p2a: Walking Wake|ability: Protosynthesis|[fromitem]\n|-start|p2a: Walking Wake|protosynthesisspa\n|turn|5\n|\n|t:|1699974326\n|move|p2a: Walking Wake|Substitute|p2a: Walking Wake\n|-start|p2a: Walking Wake|Substitute\n|-damage|p2a: Walking Wake|76\/100\n|move|p1a: Okidogi|Drain Punch|p2a: Walking Wake\n|-end|p2a: Walking Wake|Substitute\n|-heal|p1a: Okidogi|87\/100|[from] drain|[of] p2a: Walking Wake\n|\n|-heal|p2a: Walking Wake|82\/100|[from] Grassy Terrain\n|-heal|p1a: Okidogi|93\/100|[from] Grassy Terrain\n|-damage|p1a: Okidogi|68\/100|[from] Curse\n|upkeep\n|turn|6\n|\n|t:|1699974339\n|move|p2a: Walking Wake|Substitute|p2a: Walking Wake\n|-start|p2a: Walking Wake|Substitute\n|-damage|p2a: Walking Wake|57\/100\n|move|p1a: Okidogi|Drain Punch|p2a: Walking Wake\n|-end|p2a: Walking Wake|Substitute\n|-heal|p1a: Okidogi|79\/100|[from] drain|[of] p2a: Walking Wake\n|\n|-heal|p2a: Walking Wake|63\/100|[from] Grassy Terrain\n|-heal|p1a: Okidogi|85\/100|[from] Grassy Terrain\n|-damage|p1a: Okidogi|60\/100|[from] Curse\n|-fieldend|move: Grassy Terrain\n|upkeep\n|turn|7\n|\n|t:|1699974345\n|move|p2a: Walking Wake|Surf|p1a: Okidogi\n|-damage|p1a: Okidogi|36\/100\n|move|p1a: Okidogi|Drain Punch|p2a: Walking Wake\n|-damage|p2a: Walking Wake|14\/100\n|-heal|p1a: Okidogi|58\/100|[from] drain|[of] p2a: Walking Wake\n|\n|-damage|p1a: Okidogi|33\/100|[from] Curse\n|upkeep\n|turn|8\n|\n|t:|1699974354\n|move|p2a: Walking Wake|Surf|p1a: Okidogi\n|-damage|p1a: Okidogi|10\/100\n|move|p1a: Okidogi|Drain Punch|p2a: Walking Wake\n|-damage|p2a: Walking Wake|0 fnt\n|-heal|p1a: Okidogi|17\/100|[from] drain|[of] p2a: Walking Wake\n|faint|p2a: Walking Wake\n|-end|p2a: Walking Wake|Protosynthesis|[silent]\n|\n|-damage|p1a: Okidogi|0 fnt|[from] Curse\n|faint|p1a: Okidogi\n|-sideend|p1: Z-pokemaster2000|move: Light Screen\n|upkeep\n|l|\u2606Z-pokemaster2000\n|inactive|Z-pokemaster2000 disconnected and has a minute to reconnect!\n|player|p1|\n|inactive|Z-pokemaster2000 has 30 seconds to reconnect!\n|inactive|Z-pokemaster2000 has 20 seconds to reconnect!\n|inactive|Z-pokemaster2000 has 15 seconds to reconnect!\n|inactive|Z-pokemaster2000 has 10 seconds to reconnect!\n|inactive|Z-pokemaster2000 has 5 seconds to reconnect!\n|j|\u2606Z-pokemaster2000\n|inactive|Z-pokemaster2000 reconnected and has 85 seconds left.\n|player|p1|Z-pokemaster2000|veteran\n|\n|t:|1699974426\n|switch|p2a: Rillaboom|Rillaboom, F|100\/100\n|switch|p1a: Grimmsnarl|Grimmsnarl, M, shiny|100\/100\n|-fieldstart|move: Grassy Terrain|[from] ability: Grassy Surge|[of] p2a: Rillaboom\n|turn|9\n|\n|t:|1699974446\n|move|p1a: Grimmsnarl|Reflect|p1a: Grimmsnarl\n|-sidestart|p1: Z-pokemaster2000|Reflect\n|move|p2a: Rillaboom|Wood Hammer|p1a: Grimmsnarl\n|-damage|p1a: Grimmsnarl|38\/100\n|-damage|p2a: Rillaboom|77\/100|[from] Recoil\n|\n|-heal|p2a: Rillaboom|83\/100|[from] Grassy Terrain\n|-heal|p1a: Grimmsnarl|44\/100|[from] Grassy Terrain\n|upkeep\n|turn|10\n|inactive|Z-pokemaster2000 has 90 seconds left.\n|\n|t:|1699974457\n|move|p1a: Grimmsnarl|Parting Shot|p2a: Rillaboom\n|-unboost|p2a: Rillaboom|atk|1\n|-unboost|p2a: Rillaboom|spa|1\n|\n|t:|1699974461\n|switch|p1a: Sinistcha|Sinistcha-Masterpiece|100\/100|[from] Parting Shot\n|move|p2a: Rillaboom|Wood Hammer|p1a: Sinistcha\n|-resisted|p1a: Sinistcha\n|-damage|p1a: Sinistcha|85\/100\n|-damage|p2a: Rillaboom|78\/100|[from] Recoil\n|-enditem|p1a: Sinistcha|Kee Berry|[eat]\n|-boost|p1a: Sinistcha|def|1|[from] item: Kee Berry\n|\n|-heal|p2a: Rillaboom|84\/100|[from] Grassy Terrain\n|-heal|p1a: Sinistcha|91\/100|[from] Grassy Terrain\n|upkeep\n|turn|11\n|\n|t:|1699974477\n|switch|p2a: Iron Valiant|Iron Valiant|100\/100\n|-enditem|p2a: Iron Valiant|Booster Energy\n|-activate|p2a: Iron Valiant|ability: Quark Drive|[fromitem]\n|-start|p2a: Iron Valiant|quarkdrivespe\n|move|p1a: Sinistcha|Matcha Gotcha|p2a: Iron Valiant\n|-damage|p2a: Iron Valiant|24\/100\n|-heal|p1a: Sinistcha|100\/100|[from] drain|[of] p2a: Iron Valiant\n|\n|-heal|p2a: Iron Valiant|30\/100|[from] Grassy Terrain\n|upkeep\n|turn|12\n|\n|t:|1699974486\n|move|p2a: Iron Valiant|Destiny Bond|p2a: Iron Valiant\n|-singlemove|p2a: Iron Valiant|Destiny Bond\n|move|p1a: Sinistcha|Matcha Gotcha|p2a: Iron Valiant\n|-damage|p2a: Iron Valiant|0 fnt\n|faint|p2a: Iron Valiant\n|-activate|p2a: Iron Valiant|move: Destiny Bond\n|-end|p2a: Iron Valiant|Quark Drive|[silent]\n|faint|p1a: Sinistcha\n|\n|upkeep\n|inactive|OUVT DB12 has 120 seconds left.\n|inactive|OUVT DB12 has 90 seconds left.\n|\n|t:|1699974546\n|switch|p2a: Sneasler|Sneasler, F|100\/100\n|switch|p1a: Grimmsnarl|Grimmsnarl, M, shiny|44\/100\n|-enditem|p2a: Sneasler|Grassy Seed\n|-boost|p2a: Sneasler|def|1|[from] item: Grassy Seed\n|turn|13\n|\n|t:|1699974552\n|move|p1a: Grimmsnarl|Light Screen|p1a: Grimmsnarl\n|-sidestart|p1: Z-pokemaster2000|move: Light Screen\n|move|p2a: Sneasler|Swords Dance|p2a: Sneasler\n|-boost|p2a: Sneasler|atk|2\n|\n|-heal|p1a: Grimmsnarl|50\/100|[from] Grassy Terrain\n|-fieldend|move: Grassy Terrain\n|upkeep\n|turn|14\n|\n|t:|1699974570\n|move|p1a: Grimmsnarl|Taunt|p2a: Sneasler\n|-start|p2a: Sneasler|move: Taunt\n|cant|p2a: Sneasler|move: Taunt|Swords Dance\n|\n|upkeep\n|turn|15\n|inactive|Z-pokemaster2000 has 120 seconds left.\n|\n|t:|1699974591\n|move|p1a: Grimmsnarl|Parting Shot|p2a: Sneasler\n|-unboost|p2a: Sneasler|atk|1\n|-unboost|p2a: Sneasler|spa|1\n|\n|t:|1699974593\n|switch|p1a: Ceruledge|Ceruledge, F|100\/100|[from] Parting Shot\n|move|p2a: Sneasler|Acrobatics|p1a: Ceruledge\n|-damage|p1a: Ceruledge|68\/100\n|\n|-heal|p1a: Ceruledge|74\/100|[from] item: Leftovers\n|upkeep\n|turn|16\n|\n|t:|1699974601\n|move|p2a: Sneasler|Shadow Claw|p1a: Ceruledge\n|-supereffective|p1a: Ceruledge\n|-damage|p1a: Ceruledge|32\/100\n|move|p1a: Ceruledge|Bitter Blade|p2a: Sneasler\n|-damage|p2a: Sneasler|57\/100\n|-heal|p1a: Ceruledge|57\/100|[from] drain|[of] p2a: Sneasler\n|\n|-heal|p1a: Ceruledge|63\/100|[from] item: Leftovers\n|-end|p2a: Sneasler|move: Taunt\n|-sideend|p1: Z-pokemaster2000|Reflect\n|upkeep\n|turn|17\n|\n|t:|1699974616\n|-terastallize|p1a: Ceruledge|Bug\n|move|p2a: Sneasler|Shadow Claw|p1a: Ceruledge\n|-damage|p1a: Ceruledge|25\/100\n|move|p1a: Ceruledge|Bitter Blade|p2a: Sneasler\n|-damage|p2a: Sneasler|16\/100\n|-heal|p1a: Ceruledge|49\/100|[from] drain|[of] p2a: Sneasler\n|\n|-heal|p1a: Ceruledge|55\/100|[from] item: Leftovers\n|upkeep\n|turn|18\n|inactive|OUVT DB12 has 120 seconds left.\n|\n|t:|1699974630\n|move|p1a: Ceruledge|Shadow Sneak|p2a: Sneasler\n|-damage|p2a: Sneasler|0 fnt\n|faint|p2a: Sneasler\n|\n|-heal|p1a: Ceruledge|61\/100|[from] item: Leftovers\n|upkeep\n|\n|t:|1699974633\n|switch|p2a: Great Tusk|Great Tusk|100\/100\n|-enditem|p2a: Great Tusk|Booster Energy\n|-activate|p2a: Great Tusk|ability: Protosynthesis|[fromitem]\n|-start|p2a: Great Tusk|protosynthesisspe\n|turn|19\n|\n|t:|1699974639\n|switch|p1a: Grimmsnarl|Grimmsnarl, M, shiny|50\/100\n|move|p2a: Great Tusk|Bulk Up|p2a: Great Tusk\n|-boost|p2a: Great Tusk|atk|1\n|-boost|p2a: Great Tusk|def|1\n|\n|upkeep\n|turn|20\n|\n|t:|1699974646\n|move|p1a: Grimmsnarl|Reflect|p1a: Grimmsnarl\n|-sidestart|p1: Z-pokemaster2000|Reflect\n|move|p2a: Great Tusk|Rapid Spin|p1a: Grimmsnarl\n|-damage|p1a: Grimmsnarl|40\/100\n|-boost|p2a: Great Tusk|spe|1\n|\n|-sideend|p1: Z-pokemaster2000|move: Light Screen\n|upkeep\n|turn|21\n|\n|t:|1699974651\n|move|p1a: Grimmsnarl|Light Screen|p1a: Grimmsnarl\n|-sidestart|p1: Z-pokemaster2000|move: Light Screen\n|move|p2a: Great Tusk|Rapid Spin|p1a: Grimmsnarl\n|-damage|p1a: Grimmsnarl|30\/100\n|-boost|p2a: Great Tusk|spe|1\n|\n|upkeep\n|turn|22\n|\n|t:|1699974654\n|move|p1a: Grimmsnarl|Parting Shot|p2a: Great Tusk\n|-unboost|p2a: Great Tusk|atk|1\n|-unboost|p2a: Great Tusk|spa|1\n|\n|t:|1699974656\n|switch|p1a: Luna|Clefable, F, shiny|100\/100|[from] Parting Shot\n|move|p2a: Great Tusk|Bulk Up|p2a: Great Tusk\n|-boost|p2a: Great Tusk|atk|1\n|-boost|p2a: Great Tusk|def|1\n|\n|upkeep\n|turn|23\n|j| yuyuzh\n|j| tap babies\n|l| tap babies\n|inactive|OUVT DB12 has 120 seconds left.\n|\n|t:|1699974702\n|-terastallize|p2a: Great Tusk|Poison\n|move|p2a: Great Tusk|Bulk Up|p2a: Great Tusk\n|-boost|p2a: Great Tusk|atk|1\n|-boost|p2a: Great Tusk|def|1\n|move|p1a: Luna|Cosmic Power|p1a: Luna\n|-boost|p1a: Luna|def|1\n|-boost|p1a: Luna|spd|1\n|\n|upkeep\n|turn|24\n|\n|t:|1699974716\n|move|p2a: Great Tusk|Bulk Up|p2a: Great Tusk\n|-boost|p2a: Great Tusk|atk|1\n|-boost|p2a: Great Tusk|def|1\n|move|p1a: Luna|Cosmic Power|p1a: Luna\n|-boost|p1a: Luna|def|1\n|-boost|p1a: Luna|spd|1\n|\n|upkeep\n|turn|25\n|j| tap babies\n|\n|t:|1699974730\n|move|p2a: Great Tusk|Headlong Rush|p1a: Luna\n|-damage|p1a: Luna|90\/100\n|-unboost|p2a: Great Tusk|def|1\n|-unboost|p2a: Great Tusk|spd|1\n|move|p1a: Luna|Cosmic Power|p1a: Luna\n|-boost|p1a: Luna|def|1\n|-boost|p1a: Luna|spd|1\n|\n|-heal|p1a: Luna|96\/100|[from] item: Leftovers\n|upkeep\n|turn|26\n|-message|OUVT DB12 forfeited.\n|\n|win|Z-pokemaster2000\n|raw|Z-pokemaster2000's rating: 1747 &rarr; <strong>1765<\/strong><br \/>(+18 for winning)\n|raw|OUVT DB12's rating: 1716 &rarr; <strong>1698<\/strong><br \/>(-18 for losing)\n|l|\u2606OUVT DB12\n|l| tap babies\n|l|\u2606Z-pokemaster2000\n","uploadtime":1699974769,"views":7,"p1id":"zpokemaster2000","p2id":"ouvtdb12","formatid":"gen9ou","rating":1698,"private":0,"password":""}