{"id":"gen9ou-1996382487","p1":"R. Caroline","p2":"mini mezzle","format":"[Gen 9] OU","log":"|j|\u2606R. Caroline\n|j|\u2606mini mezzle\n|t:|1700676734\n|gametype|singles\n|player|p1|R. Caroline|psychicf|1601\n|player|p2|mini mezzle|265|1616\n|teamsize|p1|6\n|teamsize|p2|6\n|gen|9\n|tier|[Gen 9] OU\n|rated|\n|rule|Sleep Clause Mod: Limit one foe put to sleep\n|rule|Species Clause: Limit one of each Pok\u00e9mon\n|rule|OHKO Clause: OHKO moves are banned\n|rule|Evasion Items Clause: Evasion items are banned\n|rule|Evasion Moves Clause: Evasion moves are banned\n|rule|Endless Battle Clause: Forcing endless battles is banned\n|rule|HP Percentage Mod: HP is shown in percentages\n|clearpoke\n|poke|p1|Hydreigon, F|\n|poke|p1|Ursaluna, M|\n|poke|p1|Chansey, F|\n|poke|p1|Scizor, F|\n|poke|p1|Mew|\n|poke|p1|Avalugg, M|\n|poke|p2|Heatran, F|\n|poke|p2|Ninetales-Alola, F|\n|poke|p2|Hatterene, F|\n|poke|p2|Ting-Lu|\n|poke|p2|Manaphy|\n|poke|p2|Great Tusk|\n|teampreview\n|\n|t:|1700676744\n|start\n|switch|p1a: Beatriz da Costa|Scizor, F, shiny|100\/100\n|switch|p2a: Heatran|Heatran, F|100\/100\n|-item|p2a: Heatran|Air Balloon\n|turn|1\n|j| HotheadIsTheGoat\n|\n|t:|1700676757\n|switch|p1a: Jason Blood|Ursaluna, M, shiny|100\/100\n|move|p2a: Heatran|Magma Storm|p1a: Jason Blood|[miss]\n|-miss|p2a: Heatran|p1a: Jason Blood\n|\n|upkeep\n|turn|2\n|l| HotheadIsTheGoat\n|\n|t:|1700676765\n|move|p2a: Heatran|Magma Storm|p1a: Jason Blood\n|-damage|p1a: Jason Blood|68\/100\n|-activate|p1a: Jason Blood|move: Magma Storm|[of] p2a: Heatran\n|move|p1a: Jason Blood|Drain Punch|p2a: Heatran\n|-supereffective|p2a: Heatran\n|-damage|p2a: Heatran|50\/100\n|-heal|p1a: Jason Blood|89\/100|[from] drain|[of] p2a: Heatran\n|-enditem|p2a: Heatran|Air Balloon\n|\n|-damage|p1a: Jason Blood|76\/100|[from] move: Magma Storm|[partiallytrapped]\n|upkeep\n|turn|3\n|\n|t:|1700676775\n|switch|p2a: Ninetales|Ninetales-Alola, F|100\/100\n|-weather|Snow|[from] ability: Snow Warning|[of] p2a: Ninetales\n|move|p1a: Jason Blood|Drain Punch|p2a: Ninetales\n|-damage|p2a: Ninetales|70\/100\n|-heal|p1a: Jason Blood|86\/100|[from] drain|[of] p2a: Ninetales\n|\n|-weather|Snow|[upkeep]\n|-end|p1a: Jason Blood|Magma Storm|[partiallytrapped]|[silent]\n|upkeep\n|turn|4\n|j| Ruinous Tusk\n|\n|t:|1700676787\n|switch|p1a: Beatriz da Costa|Scizor, F, shiny|100\/100\n|move|p2a: Ninetales|Aurora Veil|p2a: Ninetales\n|-sidestart|p2: mini mezzle|move: Aurora Veil\n|\n|-weather|Snow|[upkeep]\n|upkeep\n|turn|5\n|\n|t:|1700676794\n|switch|p2a: Great Tusk|Great Tusk|100\/100\n|move|p1a: Beatriz da Costa|Defog|p2a: Great Tusk\n|-unboost|p2a: Great Tusk|evasion|1\n|-sideend|p2: mini mezzle|move: Aurora Veil\n|\n|-weather|Snow|[upkeep]\n|upkeep\n|turn|6\n|\n|t:|1700676803\n|-terastallize|p1a: Beatriz da Costa|Flying\n|move|p2a: Great Tusk|Knock Off|p1a: Beatriz da Costa\n|-damage|p1a: Beatriz da Costa|68\/100\n|-enditem|p1a: Beatriz da Costa|Expert Belt|[from] move: Knock Off|[of] p2a: Great Tusk\n|move|p1a: Beatriz da Costa|Acrobatics|p2a: Great Tusk\n|-supereffective|p2a: Great Tusk\n|-damage|p2a: Great Tusk|23\/100\n|\n|-weather|Snow|[upkeep]\n|-heal|p2a: Great Tusk|29\/100|[from] item: Leftovers\n|upkeep\n|turn|7\n|\n|t:|1700676815\n|-end|p2a: Great Tusk|Protosynthesis|[silent]\n|switch|p2a: Ting-Lu|Ting-Lu|100\/100\n|-ability|p2a: Ting-Lu|Vessel of Ruin\n|switch|p1a: Jonathan Osterman|Avalugg, M|100\/100\n|\n|-weather|none\n|upkeep\n|turn|8\n|\n|t:|1700676822\n|switch|p2a: Hatterene|Hatterene, F|100\/100\n|move|p1a: Jonathan Osterman|Body Press|p2a: Hatterene\n|-resisted|p2a: Hatterene\n|-damage|p2a: Hatterene|93\/100\n|\n|-heal|p2a: Hatterene|99\/100|[from] item: Leftovers\n|upkeep\n|turn|9\n|\n|t:|1700676835\n|switch|p1a: Boston Brand|Mew, shiny|100\/100\n|move|p2a: Hatterene|Calm Mind|p2a: Hatterene\n|-boost|p2a: Hatterene|spa|1\n|-boost|p2a: Hatterene|spd|1\n|\n|-heal|p2a: Hatterene|100\/100|[from] item: Leftovers\n|upkeep\n|turn|10\n|\n|t:|1700676842\n|move|p1a: Boston Brand|Trick|p2a: Hatterene\n|-activate|p1a: Boston Brand|move: Trick|[of] p2a: Hatterene\n|-item|p2a: Hatterene|Choice Specs|[from] move: Trick\n|-item|p1a: Boston Brand|Leftovers|[from] move: Trick\n|move|p2a: Hatterene|Calm Mind|p2a: Hatterene\n|-boost|p2a: Hatterene|spa|1\n|-boost|p2a: Hatterene|spd|1\n|\n|upkeep\n|turn|11\n|\n|t:|1700676850\n|switch|p2a: Ting-Lu|Ting-Lu|100\/100\n|-ability|p2a: Ting-Lu|Vessel of Ruin\n|move|p1a: Boston Brand|Psychic|p2a: Ting-Lu\n|-immune|p2a: Ting-Lu\n|\n|upkeep\n|turn|12\n|\n|t:|1700676860\n|switch|p1a: Jonathan Osterman|Avalugg, M|100\/100\n|move|p2a: Ting-Lu|Spikes|p1a: Jonathan Osterman\n|-sidestart|p1: R. Caroline|Spikes\n|\n|upkeep\n|turn|13\n|\n|t:|1700676866\n|move|p2a: Ting-Lu|Ruination|p1a: Jonathan Osterman|[miss]\n|-miss|p2a: Ting-Lu|p1a: Jonathan Osterman\n|move|p1a: Jonathan Osterman|Rapid Spin|p2a: Ting-Lu\n|-damage|p2a: Ting-Lu|95\/100\n|-boost|p1a: Jonathan Osterman|spe|1\n|-sideend|p1: R. Caroline|Spikes|[from] move: Rapid Spin|[of] p1a: Jonathan Osterman\n|\n|-heal|p2a: Ting-Lu|100\/100|[from] item: Leftovers\n|upkeep\n|turn|14\n|\n|t:|1700676874\n|move|p1a: Jonathan Osterman|Body Press|p2a: Ting-Lu\n|-supereffective|p2a: Ting-Lu\n|-damage|p2a: Ting-Lu|68\/100\n|move|p2a: Ting-Lu|Ruination|p1a: Jonathan Osterman|[miss]\n|-miss|p2a: Ting-Lu|p1a: Jonathan Osterman\n|\n|-heal|p2a: Ting-Lu|74\/100|[from] item: Leftovers\n|upkeep\n|turn|15\n|\n|t:|1700676881\n|switch|p2a: Hatterene|Hatterene, F|100\/100\n|move|p1a: Jonathan Osterman|Body Press|p2a: Hatterene\n|-resisted|p2a: Hatterene\n|-damage|p2a: Hatterene|93\/100\n|\n|upkeep\n|turn|16\n|\n|t:|1700676887\n|switch|p1a: Shayera Hal|Chansey, F, shiny|100\/100\n|move|p2a: Hatterene|Mystical Fire|p1a: Shayera Hal\n|-damage|p1a: Shayera Hal|91\/100\n|-unboost|p1a: Shayera Hal|spa|1\n|\n|upkeep\n|turn|17\n|\n|t:|1700676893\n|switch|p2a: Ninetales|Ninetales-Alola, F|70\/100\n|-weather|Snow|[from] ability: Snow Warning|[of] p2a: Ninetales\n|move|p1a: Shayera Hal|Seismic Toss|p2a: Ninetales\n|-damage|p2a: Ninetales|35\/100\n|\n|-weather|Snow|[upkeep]\n|upkeep\n|turn|18\n|\n|t:|1700676899\n|move|p2a: Ninetales|Encore|p1a: Shayera Hal\n|-start|p1a: Shayera Hal|Encore\n|move|p1a: Shayera Hal|Seismic Toss|p2a: Ninetales\n|-damage|p2a: Ninetales|0 fnt\n|faint|p2a: Ninetales\n|\n|-weather|Snow|[upkeep]\n|upkeep\n|\n|t:|1700676902\n|switch|p2a: Manaphy|Manaphy|100\/100\n|turn|19\n|\n|t:|1700676907\n|move|p2a: Manaphy|Tail Glow|p2a: Manaphy\n|-boost|p2a: Manaphy|spa|3\n|move|p1a: Shayera Hal|Seismic Toss|p2a: Manaphy\n|-damage|p2a: Manaphy|71\/100\n|\n|-weather|Snow|[upkeep]\n|upkeep\n|turn|20\n|\n|t:|1700676913\n|move|p2a: Manaphy|Surf|p1a: Shayera Hal\n|-damage|p1a: Shayera Hal|65\/100\n|move|p1a: Shayera Hal|Seismic Toss|p2a: Manaphy\n|-damage|p2a: Manaphy|42\/100\n|\n|-weather|Snow|[upkeep]\n|-end|p1a: Shayera Hal|Encore\n|upkeep\n|turn|21\n|c|\u2606mini mezzle|Gg\n|-message|mini mezzle forfeited.\n|\n|win|R. Caroline\n|raw|R. Caroline's rating: 1601 &rarr; <strong>1622<\/strong><br \/>(+21 for winning)\n|raw|mini mezzle's rating: 1616 &rarr; <strong>1595<\/strong><br \/>(-21 for losing)\n|l|\u2606mini mezzle\n","uploadtime":1700676925,"views":1,"p1id":"rcaroline","p2id":"minimezzle","formatid":"gen9ou","rating":1595,"private":0,"password":""}