{"id":"gen9ou-1997041959","p1":"ookillemd-tan","p2":"datashdoh","format":"[Gen 9] OU","log":"|j|\u2606ookillemd-tan\n|j|\u2606datashdoh\n|t:|1700758645\n|gametype|singles\n|player|p1|ookillemd-tan|170|1625\n|player|p2|datashdoh|170|1633\n|teamsize|p1|6\n|teamsize|p2|6\n|gen|9\n|tier|[Gen 9] OU\n|rated|\n|rule|Sleep Clause Mod: Limit one foe put to sleep\n|rule|Species Clause: Limit one of each Pok\u00e9mon\n|rule|OHKO Clause: OHKO moves are banned\n|rule|Evasion Items Clause: Evasion items are banned\n|rule|Evasion Moves Clause: Evasion moves are banned\n|rule|Endless Battle Clause: Forcing endless battles is banned\n|rule|HP Percentage Mod: HP is shown in percentages\n|clearpoke\n|poke|p1|Iron Valiant|\n|poke|p1|Alomomola, M|\n|poke|p1|Slowking-Galar, M|\n|poke|p1|Rillaboom, F|\n|poke|p1|Cinderace, F|\n|poke|p1|Samurott-Hisui, M|\n|poke|p2|Rotom-Wash|\n|poke|p2|Corviknight, M|\n|poke|p2|Ting-Lu|\n|poke|p2|Cinderace, F|\n|poke|p2|Ogerpon-Cornerstone, F|\n|poke|p2|Dragapult, F|\n|teampreview\n|j| Woahitzgino\n|\n|t:|1700758670\n|start\n|switch|p1a: Cinderace|Cinderace, F|100\/100\n|switch|p2a: Rotom|Rotom-Wash|100\/100\n|turn|1\n|\n|t:|1700758677\n|switch|p1a: Slowking|Slowking-Galar, M|100\/100\n|move|p2a: Rotom|Thunder Wave|p1a: Slowking\n|-status|p1a: Slowking|par\n|\n|upkeep\n|turn|2\n|\n|t:|1700758682\n|move|p2a: Rotom|Volt Switch|p1a: Slowking\n|-damage|p1a: Slowking|86\/100 par\n|\n|t:|1700758686\n|switch|p2a: Ting-Lu|Ting-Lu|100\/100|[from] Volt Switch\n|-ability|p2a: Ting-Lu|Vessel of Ruin\n|move|p1a: Slowking|Chilly Reception|p1a: Slowking\n|-weather|Snow\n|\n|t:|1700758692\n|switch|p1a: Rillaboom|Rillaboom, F|100\/100|[from] Chilly Reception\n|-fieldstart|move: Grassy Terrain|[from] ability: Grassy Surge|[of] p1a: Rillaboom\n|\n|-weather|Snow|[upkeep]\n|upkeep\n|turn|3\n|\n|t:|1700758703\n|switch|p2a: Corviknight|Corviknight, M|100\/100\n|-ability|p2a: Corviknight|Pressure\n|move|p1a: Rillaboom|U-turn|p2a: Corviknight\n|-resisted|p2a: Corviknight\n|-damage|p2a: Corviknight|95\/100\n|-damage|p1a: Rillaboom|84\/100|[from] item: Rocky Helmet|[of] p2a: Corviknight\n|\n|t:|1700758711\n|switch|p1a: Cinderace|Cinderace, F|100\/100|[from] U-turn\n|\n|-weather|Snow|[upkeep]\n|upkeep\n|turn|4\n|\n|t:|1700758719\n|switch|p2a: Rotom|Rotom-Wash|100\/100\n|move|p1a: Cinderace|Pyro Ball|p2a: Rotom\n|-resisted|p2a: Rotom\n|-damage|p2a: Rotom|78\/100\n|\n|-weather|Snow|[upkeep]\n|-heal|p2a: Rotom|84\/100|[from] item: Leftovers\n|upkeep\n|turn|5\n|\n|t:|1700758725\n|move|p1a: Cinderace|U-turn|p2a: Rotom\n|-start|p1a: Cinderace|typechange|Bug|[from] ability: Libero\n|-crit|p2a: Rotom\n|-damage|p2a: Rotom|45\/100\n|\n|t:|1700758731\n|switch|p1a: Slowking|Slowking-Galar, M|100\/100 par|[from] U-turn\n|move|p2a: Rotom|Volt Switch|p1a: Slowking\n|-damage|p1a: Slowking|87\/100 par\n|\n|t:|1700758742\n|switch|p2a: Ogerpon|Ogerpon-Cornerstone, F|100\/100|[from] Volt Switch\n|\n|-weather|Snow|[upkeep]\n|-heal|p1a: Slowking|93\/100 par|[from] Grassy Terrain\n|upkeep\n|turn|6\n|inactive|Battle timer is ON: inactive players will automatically lose when time's up. (requested by datashdoh)\n|l| Woahitzgino\n|\n|t:|1700758787\n|switch|p1a: Cinderace|Cinderace, F|100\/100\n|move|p2a: Ogerpon|Swords Dance|p2a: Ogerpon\n|-boost|p2a: Ogerpon|atk|2\n|\n|-weather|none\n|-fieldend|move: Grassy Terrain\n|upkeep\n|turn|7\n|\n|t:|1700758803\n|move|p1a: Cinderace|U-turn|p2a: Ogerpon\n|-start|p1a: Cinderace|typechange|Bug|[from] ability: Libero\n|-supereffective|p2a: Ogerpon\n|-damage|p2a: Ogerpon|6\/100\n|\n|t:|1700758807\n|switch|p1a: Iron Valiant|Iron Valiant|100\/100|[from] U-turn\n|move|p2a: Ogerpon|Ivy Cudgel|p1a: Iron Valiant|[anim] Ivy Cudgel Rock\n|-resisted|p1a: Iron Valiant\n|-damage|p1a: Iron Valiant|25\/100\n|\n|upkeep\n|turn|8\n|\n|t:|1700758817\n|switch|p2a: Corviknight|Corviknight, M|95\/100\n|-ability|p2a: Corviknight|Pressure\n|move|p1a: Iron Valiant|Moonblast|p2a: Corviknight\n|-resisted|p2a: Corviknight\n|-damage|p2a: Corviknight|58\/100\n|\n|upkeep\n|turn|9\n|\n|t:|1700758834\n|-end|p1a: Iron Valiant|Quark Drive|[silent]\n|switch|p1a: Alomomola|Alomomola, M|100\/100\n|move|p2a: Corviknight|Roost|p2a: Corviknight\n|-heal|p2a: Corviknight|100\/100\n|-singleturn|p2a: Corviknight|move: Roost\n|\n|upkeep\n|turn|10\n|\n|t:|1700758847\n|switch|p2a: Rotom|Rotom-Wash|45\/100\n|move|p1a: Alomomola|Tickle|p2a: Rotom\n|-unboost|p2a: Rotom|atk|1\n|-unboost|p2a: Rotom|def|1\n|\n|-heal|p2a: Rotom|51\/100|[from] item: Leftovers\n|upkeep\n|turn|11\n|\n|t:|1700758861\n|move|p2a: Rotom|Volt Switch|p1a: Alomomola\n|-supereffective|p1a: Alomomola\n|-damage|p1a: Alomomola|53\/100\n|\n|t:|1700758869\n|switch|p2a: Dragapult|Dragapult, F|100\/100|[from] Volt Switch\n|move|p1a: Alomomola|Flip Turn|p2a: Dragapult\n|-resisted|p2a: Dragapult\n|-damage|p2a: Dragapult|89\/100\n|\n|t:|1700758875\n|switch|p1a: Samurott|Samurott-Hisui, M|100\/100|[from] Flip Turn\n|\n|upkeep\n|turn|12\n|\n|t:|1700758881\n|switch|p2a: Corviknight|Corviknight, M|100\/100\n|-ability|p2a: Corviknight|Pressure\n|move|p1a: Samurott|Ceaseless Edge|p2a: Corviknight\n|-damage|p2a: Corviknight|72\/100\n|-damage|p1a: Samurott|84\/100|[from] item: Rocky Helmet|[of] p2a: Corviknight\n|-sidestart|p2: datashdoh|Spikes\n|\n|upkeep\n|turn|13\n|\n|t:|1700758888\n|switch|p1a: Cinderace|Cinderace, F|100\/100\n|move|p2a: Corviknight|Iron Defense|p2a: Corviknight\n|-boost|p2a: Corviknight|def|2\n|\n|upkeep\n|turn|14\n|\n|t:|1700758911\n|move|p1a: Cinderace|Pyro Ball|p2a: Corviknight\n|-supereffective|p2a: Corviknight\n|-damage|p2a: Corviknight|39\/100\n|move|p2a: Corviknight|Body Press|p1a: Cinderace\n|-damage|p1a: Cinderace|22\/100\n|\n|upkeep\n|turn|15\n|\n|t:|1700758921\n|move|p1a: Cinderace|Pyro Ball|p2a: Corviknight\n|-supereffective|p2a: Corviknight\n|-damage|p2a: Corviknight|6\/100\n|move|p2a: Corviknight|Roost|p2a: Corviknight\n|-heal|p2a: Corviknight|56\/100\n|-singleturn|p2a: Corviknight|move: Roost\n|\n|upkeep\n|turn|16\n|\n|t:|1700758926\n|switch|p1a: Iron Valiant|Iron Valiant|25\/100\n|move|p2a: Corviknight|Roost|p2a: Corviknight\n|-heal|p2a: Corviknight|100\/100\n|-singleturn|p2a: Corviknight|move: Roost\n|\n|upkeep\n|turn|17\n|\n|t:|1700758935\n|switch|p2a: Ting-Lu|Ting-Lu|100\/100\n|-damage|p2a: Ting-Lu|88\/100|[from] Spikes\n|-ability|p2a: Ting-Lu|Vessel of Ruin\n|move|p1a: Iron Valiant|Trick|p2a: Ting-Lu\n|-activate|p1a: Iron Valiant|move: Trick|[of] p2a: Ting-Lu\n|-item|p2a: Ting-Lu|Choice Specs|[from] move: Trick\n|-item|p1a: Iron Valiant|Leftovers|[from] move: Trick\n|\n|-heal|p1a: Iron Valiant|32\/100|[from] item: Leftovers\n|upkeep\n|turn|18\n|\n|t:|1700758947\n|-end|p1a: Iron Valiant|Quark Drive|[silent]\n|switch|p1a: Rillaboom|Rillaboom, F|84\/100\n|-fieldstart|move: Grassy Terrain|[from] ability: Grassy Surge|[of] p1a: Rillaboom\n|move|p2a: Ting-Lu|Ruination|p1a: Rillaboom\n|-damage|p1a: Rillaboom|42\/100\n|\n|-heal|p1a: Rillaboom|49\/100|[from] Grassy Terrain\n|-heal|p2a: Ting-Lu|94\/100|[from] Grassy Terrain\n|upkeep\n|turn|19\n|j| Woahitzgino\n|\n|t:|1700758955\n|switch|p1a: Iron Valiant|Iron Valiant|32\/100\n|switch|p2a: Corviknight|Corviknight, M|100\/100\n|-ability|p2a: Corviknight|Pressure\n|\n|-heal|p1a: Iron Valiant|38\/100|[from] Grassy Terrain\n|-heal|p1a: Iron Valiant|44\/100|[from] item: Leftovers\n|upkeep\n|turn|20\n|\n|t:|1700758977\n|switch|p2a: Cinderace|Cinderace, F|100\/100\n|move|p1a: Iron Valiant|Aura Sphere|p2a: Cinderace\n|-damage|p2a: Cinderace|46\/100\n|\n|-heal|p2a: Cinderace|52\/100|[from] Grassy Terrain\n|-heal|p1a: Iron Valiant|50\/100|[from] Grassy Terrain\n|-heal|p1a: Iron Valiant|57\/100|[from] item: Leftovers\n|upkeep\n|turn|21\n|\n|t:|1700758987\n|-end|p1a: Iron Valiant|Quark Drive|[silent]\n|switch|p1a: Alomomola|Alomomola, M|86\/100\n|move|p2a: Cinderace|Court Change|p2a: Cinderace\n|-start|p2a: Cinderace|typechange|Normal|[from] ability: Libero\n|-swapsideconditions\n|-activate|p2a: Cinderace|move: Court Change\n|\n|-heal|p2a: Cinderace|58\/100|[from] Grassy Terrain\n|-heal|p1a: Alomomola|92\/100|[from] Grassy Terrain\n|upkeep\n|turn|22\n|\n|t:|1700758993\n|move|p2a: Cinderace|U-turn|p1a: Alomomola\n|-damage|p1a: Alomomola|78\/100\n|\n|t:|1700758997\n|switch|p2a: Dragapult|Dragapult, F|89\/100|[from] U-turn\n|move|p1a: Alomomola|Wish|p1a: Alomomola\n|\n|-heal|p2a: Dragapult|95\/100|[from] Grassy Terrain\n|-heal|p1a: Alomomola|84\/100|[from] Grassy Terrain\n|-fieldend|move: Grassy Terrain\n|upkeep\n|turn|23\n|\n|t:|1700759018\n|move|p2a: Dragapult|Draco Meteor|p1a: Alomomola\n|-damage|p1a: Alomomola|2\/100\n|-unboost|p2a: Dragapult|spa|2\n|move|p1a: Alomomola|Flip Turn|p2a: Dragapult\n|-resisted|p2a: Dragapult\n|-damage|p2a: Dragapult|84\/100\n|\n|t:|1700759026\n|switch|p1a: Cinderace|Cinderace, F|22\/100|[from] Flip Turn\n|\n|-heal|p1a: Cinderace|100\/100|[from] move: Wish|[wisher] Alomomola\n|upkeep\n|turn|24\n|\n|t:|1700759038\n|move|p2a: Dragapult|Draco Meteor|p1a: Cinderace\n|-damage|p1a: Cinderace|36\/100\n|-unboost|p2a: Dragapult|spa|2\n|move|p1a: Cinderace|U-turn|p2a: Dragapult\n|-start|p1a: Cinderace|typechange|Bug|[from] ability: Libero\n|-resisted|p2a: Dragapult\n|-damage|p2a: Dragapult|60\/100\n|\n|t:|1700759044\n|switch|p1a: Alomomola|Alomomola, M|35\/100|[from] U-turn\n|\n|upkeep\n|turn|25\n|\n|t:|1700759052\n|switch|p2a: Rotom|Rotom-Wash|51\/100\n|move|p1a: Alomomola|Wish|p1a: Alomomola\n|\n|-heal|p2a: Rotom|57\/100|[from] item: Leftovers\n|upkeep\n|turn|26\n|\n|t:|1700759063\n|switch|p1a: Iron Valiant|Iron Valiant|57\/100\n|-damage|p1a: Iron Valiant|44\/100|[from] Spikes\n|move|p2a: Rotom|Volt Switch|p1a: Iron Valiant\n|-damage|p1a: Iron Valiant|0 fnt\n|faint|p1a: Iron Valiant\n|-end|p1a: Iron Valiant|Quark Drive|[silent]\n|\n|t:|1700759088\n|switch|p2a: Cinderace|Cinderace, F|58\/100|[from] Volt Switch\n|\n|upkeep\n|\n|t:|1700759100\n|switch|p1a: Samurott|Samurott-Hisui, M|84\/100\n|-damage|p1a: Samurott|72\/100|[from] Spikes\n|turn|27\n|j| HicHac\n|\n|t:|1700759113\n|switch|p2a: Ting-Lu|Ting-Lu|94\/100\n|-ability|p2a: Ting-Lu|Vessel of Ruin\n|move|p1a: Samurott|Razor Shell|p2a: Ting-Lu\n|-supereffective|p2a: Ting-Lu\n|-damage|p2a: Ting-Lu|35\/100\n|\n|upkeep\n|turn|28\n|\n|t:|1700759118\n|move|p1a: Samurott|Razor Shell|p2a: Ting-Lu\n|-supereffective|p2a: Ting-Lu\n|-damage|p2a: Ting-Lu|0 fnt\n|faint|p2a: Ting-Lu\n|\n|upkeep\n|\n|t:|1700759123\n|switch|p2a: Rotom|Rotom-Wash|57\/100\n|turn|29\n|l| Woahitzgino\n|\n|t:|1700759127\n|switch|p1a: Slowking|Slowking-Galar, M|100\/100 par\n|move|p2a: Rotom|Volt Switch|p1a: Slowking\n|-damage|p1a: Slowking|86\/100 par\n|j| Modachi\n|\n|t:|1700759130\n|switch|p2a: Corviknight|Corviknight, M|100\/100|[from] Volt Switch\n|-ability|p2a: Corviknight|Pressure\n|\n|upkeep\n|turn|30\n|l| HicHac\n|\n|t:|1700759138\n|move|p2a: Corviknight|Iron Defense|p2a: Corviknight\n|-boost|p2a: Corviknight|def|2\n|move|p1a: Slowking|Future Sight|p2a: Corviknight\n|-start|p1a: Slowking|move: Future Sight\n|\n|upkeep\n|turn|31\n|\n|t:|1700759147\n|move|p2a: Corviknight|Iron Defense|p2a: Corviknight\n|-boost|p2a: Corviknight|def|2\n|cant|p1a: Slowking|par\n|\n|upkeep\n|turn|32\n|j| Woahitzgino\n|\n|t:|1700759152\n|move|p2a: Corviknight|Iron Defense|p2a: Corviknight\n|-boost|p2a: Corviknight|def|2\n|move|p1a: Slowking|Calm Mind|p1a: Slowking\n|-boost|p1a: Slowking|spa|1\n|-boost|p1a: Slowking|spd|1\n|\n|-end|p2a: Corviknight|move: Future Sight\n|-resisted|p2a: Corviknight\n|-damage|p2a: Corviknight|67\/100\n|upkeep\n|turn|33\n|l| Woahitzgino\n|\n|t:|1700759161\n|move|p2a: Corviknight|Body Press|p1a: Slowking\n|-resisted|p1a: Slowking\n|-damage|p1a: Slowking|60\/100 par\n|move|p1a: Slowking|Calm Mind|p1a: Slowking\n|-boost|p1a: Slowking|spa|1\n|-boost|p1a: Slowking|spd|1\n|\n|upkeep\n|turn|34\n|\n|t:|1700759165\n|move|p2a: Corviknight|Body Press|p1a: Slowking\n|-resisted|p1a: Slowking\n|-damage|p1a: Slowking|32\/100 par\n|move|p1a: Slowking|Future Sight|p2a: Corviknight\n|-start|p1a: Slowking|move: Future Sight\n|\n|upkeep\n|turn|35\n|l| Modachi\n|\n|t:|1700759177\n|move|p2a: Corviknight|Body Press|p1a: Slowking\n|-resisted|p1a: Slowking\n|-damage|p1a: Slowking|7\/100 par\n|move|p1a: Slowking|Chilly Reception|p1a: Slowking\n|-weather|Snow\n|\n|t:|1700759185\n|switch|p1a: Samurott|Samurott-Hisui, M|72\/100|[from] Chilly Reception\n|-damage|p1a: Samurott|59\/100|[from] Spikes\n|\n|-weather|Snow|[upkeep]\n|upkeep\n|turn|36\n|\n|t:|1700759189\n|move|p1a: Samurott|Sacred Sword|p2a: Corviknight\n|-damage|p2a: Corviknight|43\/100\n|-damage|p1a: Samurott|43\/100|[from] item: Rocky Helmet|[of] p2a: Corviknight\n|move|p2a: Corviknight|Roost|p2a: Corviknight\n|-heal|p2a: Corviknight|93\/100\n|-singleturn|p2a: Corviknight|move: Roost\n|\n|-weather|Snow|[upkeep]\n|-end|p2a: Corviknight|move: Future Sight\n|-resisted|p2a: Corviknight\n|-damage|p2a: Corviknight|72\/100\n|upkeep\n|turn|37\n|inactive|ookillemd-tan has 120 seconds left.\n|\n|t:|1700759235\n|switch|p1a: Slowking|Slowking-Galar, M|40\/100 par\n|move|p2a: Corviknight|Roost|p2a: Corviknight\n|-heal|p2a: Corviknight|100\/100\n|-singleturn|p2a: Corviknight|move: Roost\n|\n|-weather|Snow|[upkeep]\n|upkeep\n|turn|38\n|c|\u2606ookillemd-tan|why did that second future sight do less than the first\n|c|\u2606ookillemd-tan|i'm so confused\n|\n|t:|1700759252\n|switch|p1a: Alomomola|Alomomola, M|69\/100\n|move|p2a: Corviknight|Body Press|p1a: Alomomola\n|-damage|p1a: Alomomola|5\/100\n|\n|-weather|Snow|[upkeep]\n|upkeep\n|turn|39\n|\n|t:|1700759259\n|switch|p1a: Slowking|Slowking-Galar, M|73\/100 par\n|move|p2a: Corviknight|Brave Bird|p1a: Slowking\n|-damage|p1a: Slowking|38\/100 par\n|-damage|p2a: Corviknight|89\/100|[from] Recoil\n|\n|-weather|none\n|upkeep\n|turn|40\n|j| Woahitzgino\n|\n|t:|1700759269\n|switch|p1a: Alomomola|Alomomola, M|39\/100\n|move|p2a: Corviknight|Brave Bird|p1a: Alomomola\n|-damage|p1a: Alomomola|17\/100\n|-damage|p2a: Corviknight|80\/100|[from] Recoil\n|\n|upkeep\n|turn|41\n|\n|t:|1700759275\n|switch|p1a: Slowking|Slowking-Galar, M|71\/100 par\n|move|p2a: Corviknight|Brave Bird|p1a: Slowking\n|-damage|p1a: Slowking|32\/100 par\n|-damage|p2a: Corviknight|68\/100|[from] Recoil\n|\n|upkeep\n|turn|42\n|inactive|ookillemd-tan has 120 seconds left.\n|\n|t:|1700759281\n|move|p2a: Corviknight|Body Press|p1a: Slowking\n|-resisted|p1a: Slowking\n|-damage|p1a: Slowking|6\/100 par\n|move|p1a: Slowking|Chilly Reception|p1a: Slowking\n|-weather|Snow\n|inactive|ookillemd-tan has 120 seconds left.\n|\n|t:|1700759288\n|switch|p1a: Alomomola|Alomomola, M|51\/100|[from] Chilly Reception\n|\n|-weather|Snow|[upkeep]\n|upkeep\n|turn|43\n|\n|t:|1700759292\n|move|p1a: Alomomola|Protect|p1a: Alomomola\n|-singleturn|p1a: Alomomola|Protect\n|move|p2a: Corviknight|Body Press|p1a: Alomomola\n|-activate|p1a: Alomomola|move: Protect\n|\n|-weather|Snow|[upkeep]\n|upkeep\n|turn|44\n|j| adyu1\n|\n|t:|1700759306\n|switch|p1a: Slowking|Slowking-Galar, M|39\/100 par\n|move|p2a: Corviknight|Body Press|p1a: Slowking\n|-resisted|p1a: Slowking\n|-damage|p1a: Slowking|14\/100 par\n|\n|-weather|Snow|[upkeep]\n|upkeep\n|turn|45\n|\n|t:|1700759316\n|switch|p1a: Rillaboom|Rillaboom, F|49\/100\n|-damage|p1a: Rillaboom|36\/100|[from] Spikes\n|-fieldstart|move: Grassy Terrain|[from] ability: Grassy Surge|[of] p1a: Rillaboom\n|move|p2a: Corviknight|Body Press|p1a: Rillaboom\n|-damage|p1a: Rillaboom|0 fnt\n|faint|p1a: Rillaboom\n|\n|-weather|Snow|[upkeep]\n|upkeep\n|\n|t:|1700759322\n|switch|p1a: Alomomola|Alomomola, M|84\/100\n|turn|46\n|l| Woahitzgino\n|\n|t:|1700759328\n|move|p2a: Corviknight|Roost|p2a: Corviknight\n|-heal|p2a: Corviknight|100\/100\n|-singleturn|p2a: Corviknight|move: Roost\n|move|p1a: Alomomola|Wish|p1a: Alomomola\n|\n|-weather|none\n|-heal|p1a: Alomomola|90\/100|[from] Grassy Terrain\n|upkeep\n|turn|47\n|\n|t:|1700759339\n|move|p1a: Alomomola|Protect|p1a: Alomomola\n|-singleturn|p1a: Alomomola|Protect\n|move|p2a: Corviknight|Body Press|p1a: Alomomola\n|-activate|p1a: Alomomola|move: Protect\n|\n|-heal|p1a: Alomomola|100\/100|[from] move: Wish|[wisher] Alomomola\n|upkeep\n|turn|48\n|\n|t:|1700759347\n|switch|p2a: Ogerpon|Ogerpon-Cornerstone, F|6\/100\n|move|p1a: Alomomola|Wish|p1a: Alomomola\n|\n|-heal|p2a: Ogerpon|12\/100|[from] Grassy Terrain\n|upkeep\n|turn|49\n|\n|t:|1700759355\n|-terastallize|p1a: Alomomola|Flying\n|move|p2a: Ogerpon|Power Whip|p1a: Alomomola|[miss]\n|-miss|p2a: Ogerpon|p1a: Alomomola\n|move|p1a: Alomomola|Flip Turn|p2a: Ogerpon\n|-damage|p2a: Ogerpon|0 fnt\n|faint|p2a: Ogerpon\n|l| adyu1\n|\n|t:|1700759365\n|switch|p1a: Samurott|Samurott-Hisui, M|43\/100|[from] Flip Turn\n|-damage|p1a: Samurott|30\/100|[from] Spikes\n|\n|-heal|p1a: Samurott|100\/100|[from] move: Wish|[wisher] Alomomola\n|-fieldend|move: Grassy Terrain\n|upkeep\n|\n|t:|1700759374\n|switch|p2a: Rotom|Rotom-Wash|57\/100\n|turn|50\n|\n|t:|1700759382\n|switch|p1a: Slowking|Slowking-Galar, M|47\/100 par\n|move|p2a: Rotom|Volt Switch|p1a: Slowking\n|-damage|p1a: Slowking|32\/100 par\n|\n|t:|1700759388\n|switch|p2a: Dragapult|Dragapult, F|60\/100|[from] Volt Switch\n|\n|upkeep\n|turn|51\n|\n|t:|1700759401\n|switch|p1a: Cinderace|Cinderace, F|36\/100\n|move|p2a: Dragapult|Draco Meteor|p1a: Cinderace\n|-damage|p1a: Cinderace|0 fnt\n|-unboost|p2a: Dragapult|spa|2\n|faint|p1a: Cinderace\n|\n|upkeep\n|\n|t:|1700759403\n|switch|p1a: Samurott|Samurott-Hisui, M|100\/100\n|-damage|p1a: Samurott|88\/100|[from] Spikes\n|turn|52\n|\n|t:|1700759408\n|switch|p2a: Corviknight|Corviknight, M|100\/100\n|-ability|p2a: Corviknight|Pressure\n|move|p1a: Samurott|Ceaseless Edge|p2a: Corviknight\n|-damage|p2a: Corviknight|75\/100\n|-damage|p1a: Samurott|72\/100|[from] item: Rocky Helmet|[of] p2a: Corviknight\n|-sidestart|p2: datashdoh|Spikes\n|\n|upkeep\n|turn|53\n|\n|t:|1700759415\n|switch|p1a: Slowking|Slowking-Galar, M|65\/100 par\n|move|p2a: Corviknight|Brave Bird|p1a: Slowking\n|-damage|p1a: Slowking|27\/100 par\n|-damage|p2a: Corviknight|63\/100|[from] Recoil\n|\n|upkeep\n|turn|54\n|\n|t:|1700759421\n|switch|p2a: Dragapult|Dragapult, F|60\/100\n|-damage|p2a: Dragapult|48\/100|[from] Spikes\n|switch|p1a: Alomomola|Alomomola, M, tera:Flying|100\/100\n|\n|upkeep\n|turn|55\n|\n|t:|1700759431\n|-terastallize|p2a: Dragapult|Ghost\n|move|p2a: Dragapult|Shadow Ball|p1a: Alomomola\n|-damage|p1a: Alomomola|35\/100\n|-unboost|p1a: Alomomola|spd|1\n|move|p1a: Alomomola|Wish|p1a: Alomomola\n|\n|upkeep\n|turn|56\n|\n|t:|1700759439\n|switch|p1a: Samurott|Samurott-Hisui, M|72\/100\n|-damage|p1a: Samurott|59\/100|[from] Spikes\n|move|p2a: Dragapult|Shadow Ball|p1a: Samurott\n|-resisted|p1a: Samurott\n|-damage|p1a: Samurott|10\/100\n|\n|-heal|p1a: Samurott|83\/100|[from] move: Wish|[wisher] Alomomola\n|upkeep\n|turn|57\n|\n|t:|1700759456\n|switch|p2a: Corviknight|Corviknight, M|63\/100\n|-ability|p2a: Corviknight|Pressure\n|move|p1a: Samurott|Razor Shell|p2a: Corviknight\n|-damage|p2a: Corviknight|32\/100\n|-unboost|p2a: Corviknight|def|1\n|-damage|p1a: Samurott|67\/100|[from] item: Rocky Helmet|[of] p2a: Corviknight\n|\n|upkeep\n|turn|58\n|\n|t:|1700759460\n|move|p1a: Samurott|Razor Shell|p2a: Corviknight\n|-damage|p2a: Corviknight|0 fnt\n|-damage|p1a: Samurott|50\/100|[from] item: Rocky Helmet|[of] p2a: Corviknight\n|faint|p2a: Corviknight\n|\n|upkeep\n|\n|t:|1700759464\n|switch|p2a: Rotom|Rotom-Wash|57\/100\n|turn|59\n|j| Kingston9629\n|\n|t:|1700759467\n|switch|p1a: Slowking|Slowking-Galar, M|61\/100 par\n|move|p2a: Rotom|Volt Switch|p1a: Slowking\n|-damage|p1a: Slowking|45\/100 par\n|\n|t:|1700759471\n|switch|p2a: Dragapult|Dragapult, F, tera:Ghost|48\/100|[from] Volt Switch\n|-damage|p2a: Dragapult|36\/100|[from] Spikes\n|\n|upkeep\n|turn|60\n|\n|t:|1700759485\n|move|p2a: Dragapult|Shadow Ball|p1a: Slowking\n|-supereffective|p1a: Slowking\n|-damage|p1a: Slowking|0 fnt\n|faint|p1a: Slowking\n|\n|upkeep\n|\n|t:|1700759487\n|switch|p1a: Samurott|Samurott-Hisui, M|50\/100\n|-damage|p1a: Samurott|38\/100|[from] Spikes\n|turn|61\n|j| andresmao\n|\n|t:|1700759495\n|switch|p2a: Cinderace|Cinderace, F|58\/100\n|move|p1a: Samurott|Ceaseless Edge|p2a: Cinderace\n|-damage|p2a: Cinderace|0 fnt\n|-sidestart|p2: datashdoh|Spikes\n|faint|p2a: Cinderace\n|\n|upkeep\n|\n|t:|1700759498\n|switch|p2a: Rotom|Rotom-Wash|57\/100\n|turn|62\n|l| Kingston9629\n|inactive|ookillemd-tan has 120 seconds left.\n|\n|t:|1700759529\n|move|p1a: Samurott|Ceaseless Edge|p2a: Rotom\n|-damage|p2a: Rotom|21\/100\n|-sidestart|p2: datashdoh|Spikes\n|move|p2a: Rotom|Volt Switch|p1a: Samurott\n|-supereffective|p1a: Samurott\n|-damage|p1a: Samurott|0 fnt\n|faint|p1a: Samurott\n|\n|t:|1700759535\n|switch|p2a: Dragapult|Dragapult, F, tera:Ghost|36\/100|[from] Volt Switch\n|-damage|p2a: Dragapult|11\/100|[from] Spikes\n|\n|upkeep\n|\n|t:|1700759540\n|switch|p1a: Alomomola|Alomomola, M, tera:Flying|68\/100\n|turn|63\n|\n|t:|1700759543\n|move|p2a: Dragapult|Shadow Ball|p1a: Alomomola\n|-damage|p1a: Alomomola|4\/100\n|move|p1a: Alomomola|Wish|p1a: Alomomola\n|\n|upkeep\n|turn|64\n|c|\u2606datashdoh|gg\n|\n|t:|1700759551\n|move|p2a: Dragapult|Shadow Ball|p1a: Alomomola\n|-damage|p1a: Alomomola|0 fnt\n|faint|p1a: Alomomola\n|\n|win|datashdoh\n|raw|ookillemd-tan's rating: 1625 &rarr; <strong>1605<\/strong><br \/>(-20 for losing)\n|raw|datashdoh's rating: 1633 &rarr; <strong>1653<\/strong><br \/>(+20 for winning)\n","uploadtime":1700759721,"views":7,"p1id":"ookillemdtan","p2id":"datashdoh","formatid":"gen9ou","rating":1605,"private":0,"password":""}