{"id":"gen9ou-1996278586","p1":"Username momento","p2":"metrobotalt","format":"[Gen 9] OU","log":"|j|\u2606Username momento\n|j|\u2606metrobotalt\n|t:|1700666857\n|gametype|singles\n|player|p1|Username momento|ninjaboy|1617\n|player|p2|metrobotalt|266|1587\n|teamsize|p1|6\n|teamsize|p2|6\n|gen|9\n|tier|[Gen 9] OU\n|rated|\n|rule|Sleep Clause Mod: Limit one foe put to sleep\n|rule|Species Clause: Limit one of each Pok\u00e9mon\n|rule|OHKO Clause: OHKO moves are banned\n|rule|Evasion Items Clause: Evasion items are banned\n|rule|Evasion Moves Clause: Evasion moves are banned\n|rule|Endless Battle Clause: Forcing endless battles is banned\n|rule|HP Percentage Mod: HP is shown in percentages\n|clearpoke\n|poke|p1|Meowscarada, M|\n|poke|p1|Kingambit, M|\n|poke|p1|Gholdengo|\n|poke|p1|Zapdos|\n|poke|p1|Zamazenta-*|\n|poke|p1|Great Tusk|\n|poke|p2|Rillaboom, M|\n|poke|p2|Breloom, M|\n|poke|p2|Volcanion|\n|poke|p2|Gholdengo|\n|poke|p2|Ting-Lu|\n|poke|p2|Great Tusk|\n|teampreview\n|inactive|Battle timer is ON: inactive players will automatically lose when time's up. (requested by Username momento)\n|\n|t:|1700666877\n|start\n|switch|p1a: Meowscarada|Meowscarada, M|100\/100\n|switch|p2a: Rillaboom|Rillaboom, M|100\/100\n|-fieldstart|move: Grassy Terrain|[from] ability: Grassy Surge|[of] p2a: Rillaboom\n|turn|1\n|\n|t:|1700666879\n|move|p1a: Meowscarada|U-turn|p2a: Rillaboom\n|-start|p1a: Meowscarada|typechange|Bug|[from] ability: Protean\n|-supereffective|p2a: Rillaboom\n|-damage|p2a: Rillaboom|11\/100\n|\n|t:|1700666886\n|switch|p1a: Zapdos|Zapdos|100\/100|[from] U-turn\n|move|p2a: Rillaboom|U-turn|p1a: Zapdos\n|-resisted|p1a: Zapdos\n|-damage|p1a: Zapdos|91\/100\n|-status|p2a: Rillaboom|par|[from] ability: Static|[of] p1a: Zapdos\n|\n|t:|1700666892\n|switch|p2a: Ting-Lu|Ting-Lu|100\/100|[from] U-turn\n|-ability|p2a: Ting-Lu|Vessel of Ruin\n|\n|upkeep\n|turn|2\n|\n|t:|1700666895\n|move|p1a: Zapdos|Hurricane|p2a: Ting-Lu|[miss]\n|-miss|p1a: Zapdos|p2a: Ting-Lu\n|move|p2a: Ting-Lu|Spikes|p1a: Zapdos\n|-sidestart|p1: Username momento|Spikes\n|\n|upkeep\n|turn|3\n|\n|t:|1700666898\n|switch|p1a: Great Tusk|Great Tusk|100\/100\n|-damage|p1a: Great Tusk|88\/100|[from] Spikes\n|-enditem|p1a: Great Tusk|Booster Energy\n|-activate|p1a: Great Tusk|ability: Protosynthesis|[fromitem]\n|-start|p1a: Great Tusk|protosynthesisatk\n|move|p2a: Ting-Lu|Stealth Rock|p1a: Great Tusk\n|-sidestart|p1: Username momento|move: Stealth Rock\n|\n|-heal|p1a: Great Tusk|94\/100|[from] Grassy Terrain\n|upkeep\n|turn|4\n|\n|t:|1700666920\n|switch|p2a: Gholdengo|Gholdengo|100\/100\n|move|p1a: Great Tusk|Knock Off|p2a: Gholdengo\n|-supereffective|p2a: Gholdengo\n|-damage|p2a: Gholdengo|42\/100\n|-enditem|p2a: Gholdengo|Leftovers|[from] move: Knock Off|[of] p1a: Great Tusk\n|\n|-heal|p1a: Great Tusk|100\/100|[from] Grassy Terrain\n|-heal|p2a: Gholdengo|48\/100|[from] Grassy Terrain\n|upkeep\n|turn|5\n|\n|t:|1700666931\n|-end|p1a: Great Tusk|Protosynthesis|[silent]\n|switch|p1a: Kingambit|Kingambit, M|100\/100\n|-damage|p1a: Kingambit|88\/100|[from] Spikes\n|-damage|p1a: Kingambit|82\/100|[from] Stealth Rock\n|-terastallize|p2a: Gholdengo|Fairy\n|move|p2a: Gholdengo|Make It Rain|p1a: Kingambit\n|-resisted|p1a: Kingambit\n|-damage|p1a: Kingambit|57\/100\n|-unboost|p2a: Gholdengo|spa|1\n|\n|-heal|p2a: Gholdengo|54\/100|[from] Grassy Terrain\n|-heal|p1a: Kingambit|63\/100|[from] Grassy Terrain\n|-heal|p1a: Kingambit|69\/100|[from] item: Leftovers\n|-fieldend|move: Grassy Terrain\n|upkeep\n|turn|6\n|\n|t:|1700666940\n|switch|p2a: Great Tusk|Great Tusk|100\/100\n|-enditem|p2a: Great Tusk|Booster Energy\n|-activate|p2a: Great Tusk|ability: Protosynthesis|[fromitem]\n|-start|p2a: Great Tusk|protosynthesisspe\n|move|p1a: Kingambit|Iron Head|p2a: Great Tusk\n|-damage|p2a: Great Tusk|73\/100\n|\n|-heal|p1a: Kingambit|76\/100|[from] item: Leftovers\n|upkeep\n|turn|7\n|\n|t:|1700666947\n|-end|p1a: Kingambit|fallenundefined|[silent]\n|switch|p1a: Zapdos|Zapdos|91\/100\n|move|p2a: Great Tusk|Bulk Up|p2a: Great Tusk\n|-boost|p2a: Great Tusk|atk|1\n|-boost|p2a: Great Tusk|def|1\n|\n|upkeep\n|turn|8\n|\n|t:|1700666950\n|move|p2a: Great Tusk|Ice Spinner|p1a: Zapdos\n|-supereffective|p1a: Zapdos\n|-damage|p1a: Zapdos|45\/100\n|-status|p2a: Great Tusk|par|[from] ability: Static|[of] p1a: Zapdos\n|move|p1a: Zapdos|Hurricane|p2a: Great Tusk\n|-supereffective|p2a: Great Tusk\n|-damage|p2a: Great Tusk|0 fnt\n|faint|p2a: Great Tusk\n|-end|p2a: Great Tusk|Protosynthesis|[silent]\n|\n|upkeep\n|\n|t:|1700666956\n|switch|p2a: Volcanion|Volcanion|100\/100\n|turn|9\n|\n|t:|1700666959\n|move|p1a: Zapdos|Roost|p1a: Zapdos\n|-heal|p1a: Zapdos|95\/100\n|-singleturn|p1a: Zapdos|move: Roost\n|move|p2a: Volcanion|Steam Eruption|p1a: Zapdos\n|-damage|p1a: Zapdos|34\/100\n|-status|p1a: Zapdos|brn\n|\n|-damage|p1a: Zapdos|28\/100 brn|[from] brn\n|upkeep\n|turn|10\n|\n|t:|1700666966\n|move|p1a: Zapdos|Volt Switch|p2a: Volcanion\n|-supereffective|p2a: Volcanion\n|-damage|p2a: Volcanion|39\/100\n|\n|t:|1700666971\n|switch|p1a: Meowscarada|Meowscarada, M|100\/100|[from] Volt Switch\n|-damage|p1a: Meowscarada|88\/100|[from] Spikes\n|-damage|p1a: Meowscarada|76\/100|[from] Stealth Rock\n|move|p2a: Volcanion|Steam Eruption|p1a: Meowscarada\n|-resisted|p1a: Meowscarada\n|-damage|p1a: Meowscarada|25\/100\n|\n|upkeep\n|turn|11\n|\n|t:|1700666978\n|switch|p2a: Rillaboom|Rillaboom, M|11\/100 par\n|-fieldstart|move: Grassy Terrain|[from] ability: Grassy Surge|[of] p2a: Rillaboom\n|move|p1a: Meowscarada|Knock Off|p2a: Rillaboom\n|-start|p1a: Meowscarada|typechange|Dark|[from] ability: Protean\n|-damage|p2a: Rillaboom|0 fnt\n|-enditem|p2a: Rillaboom|Assault Vest|[from] move: Knock Off|[of] p1a: Meowscarada\n|faint|p2a: Rillaboom\n|\n|-heal|p1a: Meowscarada|32\/100|[from] Grassy Terrain\n|upkeep\n|\n|t:|1700666980\n|switch|p2a: Breloom|Breloom, M|100\/100\n|turn|12\n|\n|t:|1700666984\n|switch|p1a: Gholdengo|Gholdengo|100\/100\n|-damage|p1a: Gholdengo|88\/100|[from] Spikes\n|-damage|p1a: Gholdengo|82\/100|[from] Stealth Rock\n|move|p2a: Breloom|Bullet Seed|p1a: Gholdengo\n|-resisted|p1a: Gholdengo\n|-damage|p1a: Gholdengo|67\/100\n|-resisted|p1a: Gholdengo\n|-damage|p1a: Gholdengo|53\/100\n|-resisted|p1a: Gholdengo\n|-damage|p1a: Gholdengo|38\/100\n|-hitcount|p1a: Gholdengo|3\n|-damage|p2a: Breloom|91\/100|[from] item: Life Orb\n|\n|-heal|p2a: Breloom|97\/100|[from] Grassy Terrain\n|-heal|p1a: Gholdengo|44\/100|[from] Grassy Terrain\n|-heal|p1a: Gholdengo|50\/100|[from] item: Leftovers\n|upkeep\n|turn|13\n|\n|t:|1700666994\n|switch|p2a: Ting-Lu|Ting-Lu|100\/100\n|-ability|p2a: Ting-Lu|Vessel of Ruin\n|move|p1a: Gholdengo|Shadow Ball|p2a: Ting-Lu\n|-resisted|p2a: Ting-Lu\n|-damage|p2a: Ting-Lu|91\/100\n|\n|-heal|p1a: Gholdengo|56\/100|[from] Grassy Terrain\n|-heal|p1a: Gholdengo|62\/100|[from] item: Leftovers\n|-heal|p2a: Ting-Lu|98\/100|[from] Grassy Terrain\n|-heal|p2a: Ting-Lu|100\/100|[from] item: Leftovers\n|upkeep\n|turn|14\n|\n|t:|1700667002\n|switch|p1a: Meowscarada|Meowscarada, M|32\/100\n|-damage|p1a: Meowscarada|19\/100|[from] Spikes\n|-damage|p1a: Meowscarada|7\/100|[from] Stealth Rock\n|switch|p2a: Breloom|Breloom, M|97\/100\n|\n|-heal|p1a: Meowscarada|13\/100|[from] Grassy Terrain\n|-heal|p2a: Breloom|100\/100|[from] Grassy Terrain\n|upkeep\n|turn|15\n|\n|t:|1700667011\n|move|p2a: Breloom|Mach Punch|p1a: Meowscarada\n|-supereffective|p1a: Meowscarada\n|-damage|p1a: Meowscarada|0 fnt\n|faint|p1a: Meowscarada\n|-damage|p2a: Breloom|91\/100|[from] item: Life Orb\n|\n|-heal|p2a: Breloom|97\/100|[from] Grassy Terrain\n|-fieldend|move: Grassy Terrain\n|upkeep\n|\n|t:|1700667015\n|switch|p1a: Zapdos|Zapdos|28\/100 brn\n|turn|16\n|\n|t:|1700667028\n|switch|p2a: Gholdengo|Gholdengo, tera:Fairy|54\/100\n|move|p1a: Zapdos|Roost|p1a: Zapdos\n|-heal|p1a: Zapdos|78\/100 brn\n|-singleturn|p1a: Zapdos|move: Roost\n|\n|-damage|p1a: Zapdos|72\/100 brn|[from] brn\n|upkeep\n|turn|17\n|\n|t:|1700667032\n|move|p1a: Zapdos|Discharge|p2a: Gholdengo\n|-damage|p2a: Gholdengo|24\/100\n|-status|p2a: Gholdengo|par\n|move|p2a: Gholdengo|Shadow Ball|p1a: Zapdos\n|-damage|p1a: Zapdos|39\/100 brn\n|\n|-damage|p1a: Zapdos|32\/100 brn|[from] brn\n|upkeep\n|turn|18\n|\n|t:|1700667041\n|move|p1a: Zapdos|Roost|p1a: Zapdos\n|-heal|p1a: Zapdos|82\/100 brn\n|-singleturn|p1a: Zapdos|move: Roost\n|move|p2a: Gholdengo|Recover|p2a: Gholdengo\n|-heal|p2a: Gholdengo|74\/100 par\n|\n|-damage|p1a: Zapdos|76\/100 brn|[from] brn\n|upkeep\n|turn|19\n|\n|t:|1700667047\n|move|p1a: Zapdos|Discharge|p2a: Gholdengo\n|-damage|p2a: Gholdengo|39\/100 par\n|cant|p2a: Gholdengo|par\n|\n|-damage|p1a: Zapdos|70\/100 brn|[from] brn\n|upkeep\n|turn|20\n|\n|t:|1700667050\n|move|p1a: Zapdos|Hurricane|p2a: Gholdengo|[miss]\n|-miss|p1a: Zapdos|p2a: Gholdengo\n|cant|p2a: Gholdengo|par\n|\n|-damage|p1a: Zapdos|64\/100 brn|[from] brn\n|upkeep\n|turn|21\n|\n|t:|1700667051\n|move|p1a: Zapdos|Hurricane|p2a: Gholdengo\n|-damage|p2a: Gholdengo|0 fnt\n|faint|p2a: Gholdengo\n|\n|-damage|p1a: Zapdos|57\/100 brn|[from] brn\n|upkeep\n|\n|t:|1700667057\n|switch|p2a: Ting-Lu|Ting-Lu|100\/100\n|-ability|p2a: Ting-Lu|Vessel of Ruin\n|turn|22\n|-message|metrobotalt forfeited.\n|\n|win|Username momento\n|raw|Username momento's rating: 1617 &rarr; <strong>1635<\/strong><br \/>(+18 for winning)\n|raw|metrobotalt's rating: 1587 &rarr; <strong>1569<\/strong><br \/>(-18 for losing)\n|l|\u2606metrobotalt\n","uploadtime":1700667067,"views":0,"p1id":"usernamemomento","p2id":"metrobotalt","formatid":"gen9ou","rating":1569,"private":0,"password":""}