{"id":"gen9ou-1988908091","p1":"Wilberto123","p2":"wyverbal","format":"[Gen 9] OU","log":"|j|\u2606Wilberto123\n|j|\u2606wyverbal\n|t:|1699785606\n|gametype|singles\n|player|p1|Wilberto123|koga|1134\n|player|p2|wyverbal|2|1074\n|teamsize|p1|6\n|teamsize|p2|6\n|gen|9\n|tier|[Gen 9] OU\n|rated|\n|rule|Sleep Clause Mod: Limit one foe put to sleep\n|rule|Species Clause: Limit one of each Pok\u00e9mon\n|rule|OHKO Clause: OHKO moves are banned\n|rule|Evasion Items Clause: Evasion items are banned\n|rule|Evasion Moves Clause: Evasion moves are banned\n|rule|Endless Battle Clause: Forcing endless battles is banned\n|rule|HP Percentage Mod: HP is shown in percentages\n|clearpoke\n|poke|p1|Pelipper, F|\n|poke|p1|Quaquaval, M|\n|poke|p1|Hatterene, F|\n|poke|p1|Hawlucha, F|\n|poke|p1|Revavroom, F|\n|poke|p1|Kilowattrel, F|\n|poke|p2|Jirachi|\n|poke|p2|Clefable, F|\n|poke|p2|Glaceon, F|\n|poke|p2|Mamoswine, F|\n|poke|p2|Munkidori, M|\n|poke|p2|Tornadus-Therian, M|\n|teampreview\n|inactive|Battle timer is ON: inactive players will automatically lose when time's up. (requested by wyverbal)\n|j| fsausad95987\n|\n|t:|1699785630\n|start\n|switch|p1a: Pelipper|Pelipper, F|100\/100\n|switch|p2a: Glaceon|Glaceon, F, shiny|100\/100\n|-weather|RainDance|[from] ability: Drizzle|[of] p1a: Pelipper\n|turn|1\n|\n|t:|1699785635\n|move|p2a: Glaceon|Freeze-Dry|p1a: Pelipper\n|-supereffective|p1a: Pelipper\n|-damage|p1a: Pelipper|0 fnt\n|faint|p1a: Pelipper\n|\n|-weather|RainDance|[upkeep]\n|upkeep\n|\n|t:|1699785640\n|switch|p1a: Quaquaval|Quaquaval, M|100\/100\n|turn|2\n|\n|t:|1699785646\n|-terastallize|p2a: Glaceon|Fairy\n|move|p1a: Quaquaval|Close Combat|p2a: Glaceon\n|-resisted|p2a: Glaceon\n|-damage|p2a: Glaceon|74\/100\n|-unboost|p1a: Quaquaval|def|1\n|-unboost|p1a: Quaquaval|spd|1\n|move|p2a: Glaceon|Freeze-Dry|p1a: Quaquaval\n|-supereffective|p1a: Quaquaval\n|-damage|p1a: Quaquaval|0 fnt\n|faint|p1a: Quaquaval\n|\n|-weather|RainDance|[upkeep]\n|upkeep\n|\n|t:|1699785652\n|switch|p1a: Revavroom|Revavroom, F, shiny|100\/100\n|-item|p1a: Revavroom|Air Balloon\n|turn|3\n|\n|t:|1699785665\n|switch|p2a: Tornadus|Tornadus-Therian, M|100\/100\n|move|p1a: Revavroom|Shift Gear|p1a: Revavroom\n|-boost|p1a: Revavroom|spe|2\n|-boost|p1a: Revavroom|atk|1\n|\n|-weather|RainDance|[upkeep]\n|upkeep\n|turn|4\n|\n|t:|1699785673\n|-terastallize|p1a: Revavroom|Steel\n|move|p1a: Revavroom|Iron Head|p2a: Tornadus\n|-damage|p2a: Tornadus|28\/100\n|move|p2a: Tornadus|Bleakwind Storm|p1a: Revavroom\n|-resisted|p1a: Revavroom\n|-damage|p1a: Revavroom|74\/100\n|-enditem|p1a: Revavroom|Air Balloon\n|\n|-weather|RainDance|[upkeep]\n|upkeep\n|turn|5\n|\n|t:|1699785685\n|move|p1a: Revavroom|Iron Head|p2a: Tornadus\n|-damage|p2a: Tornadus|0 fnt\n|faint|p2a: Tornadus\n|\n|-weather|RainDance|[upkeep]\n|upkeep\n|\n|t:|1699785698\n|switch|p2a: Jirachi|Jirachi, shiny|100\/100\n|turn|6\n|\n|t:|1699785707\n|move|p1a: Revavroom|Bulldoze|p2a: Jirachi\n|-supereffective|p2a: Jirachi\n|-damage|p2a: Jirachi|38\/100\n|move|p2a: Jirachi|Encore|p1a: Revavroom\n|-start|p1a: Revavroom|Encore\n|\n|-weather|RainDance|[upkeep]\n|upkeep\n|turn|7\n|\n|t:|1699785723\n|switch|p2a: Clefable|Clefable, F, shiny|100\/100\n|move|p1a: Revavroom|Bulldoze|p2a: Clefable\n|-damage|p2a: Clefable|77\/100\n|-unboost|p2a: Clefable|spe|1\n|\n|-weather|RainDance|[upkeep]\n|upkeep\n|turn|8\n|\n|t:|1699785729\n|move|p1a: Revavroom|Bulldoze|p2a: Clefable\n|-damage|p2a: Clefable|54\/100\n|-unboost|p2a: Clefable|spe|1\n|move|p2a: Clefable|Flamethrower|p1a: Revavroom\n|-supereffective|p1a: Revavroom\n|-damage|p1a: Revavroom|41\/100\n|-status|p1a: Revavroom|brn\n|\n|-weather|none\n|-damage|p1a: Revavroom|35\/100 brn|[from] brn\n|upkeep\n|turn|9\n|\n|t:|1699785733\n|move|p1a: Revavroom|Bulldoze|p2a: Clefable\n|-damage|p2a: Clefable|42\/100\n|-unboost|p2a: Clefable|spe|1\n|move|p2a: Clefable|Flamethrower|p1a: Revavroom\n|-supereffective|p1a: Revavroom\n|-damage|p1a: Revavroom|0 fnt\n|faint|p1a: Revavroom\n|\n|upkeep\n|\n|t:|1699785751\n|switch|p1a: Kilowattrel|Kilowattrel, F|100\/100\n|turn|10\n|\n|t:|1699785754\n|move|p1a: Kilowattrel|Air Slash|p2a: Clefable\n|-damage|p2a: Clefable|16\/100\n|cant|p2a: Clefable|flinch\n|\n|upkeep\n|turn|11\n|\n|t:|1699785764\n|switch|p2a: Mamoswine|Mamoswine, F, shiny|100\/100\n|move|p1a: Kilowattrel|Volt Switch|p2a: Mamoswine\n|-immune|p2a: Mamoswine\n|\n|upkeep\n|turn|12\n|\n|t:|1699785772\n|move|p1a: Kilowattrel|Air Slash|p2a: Mamoswine\n|-damage|p2a: Mamoswine|64\/100\n|move|p2a: Mamoswine|Icicle Spear|p1a: Kilowattrel\n|-supereffective|p1a: Kilowattrel\n|-damage|p1a: Kilowattrel|64\/100\n|-supereffective|p1a: Kilowattrel\n|-damage|p1a: Kilowattrel|31\/100\n|-supereffective|p1a: Kilowattrel\n|-damage|p1a: Kilowattrel|0 fnt\n|faint|p1a: Kilowattrel\n|-hitcount|p1: Kilowattrel|3\n|\n|upkeep\n|\n|t:|1699785777\n|switch|p1a: Hatterene|Hatterene, F|100\/100\n|turn|13\n|\n|t:|1699785785\n|move|p2a: Mamoswine|Icicle Spear|p1a: Hatterene\n|-damage|p1a: Hatterene|87\/100\n|-damage|p1a: Hatterene|73\/100\n|-damage|p1a: Hatterene|57\/100\n|-damage|p1a: Hatterene|41\/100\n|-hitcount|p1a: Hatterene|4\n|move|p1a: Hatterene|Trick Room|p1a: Hatterene\n|-fieldstart|move: Trick Room|[of] p1a: Hatterene\n|\n|upkeep\n|turn|14\n|\n|t:|1699785795\n|move|p1a: Hatterene|Draining Kiss|p2a: Mamoswine\n|-damage|p2a: Mamoswine|23\/100\n|-heal|p1a: Hatterene|76\/100|[from] drain|[of] p2a: Mamoswine\n|move|p2a: Mamoswine|Icicle Spear|p1a: Hatterene\n|-damage|p1a: Hatterene|61\/100\n|-damage|p1a: Hatterene|48\/100\n|-damage|p1a: Hatterene|32\/100\n|-damage|p1a: Hatterene|16\/100\n|-hitcount|p1a: Hatterene|4\n|\n|upkeep\n|turn|15\n|c|\u2606Wilberto123|i love pokmeon but one thing they did wrong\n|l| fsausad95987\n|c|\u2606Wilberto123|and that are the shinies\n|\n|t:|1699785811\n|move|p2a: Mamoswine|Ice Shard|p1a: Hatterene\n|-damage|p1a: Hatterene|0 fnt\n|faint|p1a: Hatterene\n|\n|upkeep\n|\n|t:|1699785818\n|switch|p1a: Hawlucha|Hawlucha, F|100\/100\n|-ability|p1a: Hawlucha|Mold Breaker\n|turn|16\n|c|\u2606wyverbal|yea. many of the shinies suck\n|\n|t:|1699785825\n|move|p2a: Mamoswine|Icicle Spear|p1a: Hawlucha\n|-supereffective|p1a: Hawlucha\n|-damage|p1a: Hawlucha|63\/100\n|-supereffective|p1a: Hawlucha\n|-damage|p1a: Hawlucha|26\/100\n|-supereffective|p1a: Hawlucha\n|-damage|p1a: Hawlucha|0 fnt\n|faint|p1a: Hawlucha\n|-hitcount|p1: Hawlucha|3\n|\n|win|wyverbal\n|raw|Wilberto123's rating: 1134 &rarr; <strong>1105<\/strong><br \/>(-29 for losing)\n|raw|wyverbal's rating: 1074 &rarr; <strong>1108<\/strong><br \/>(+34 for winning)\n|c|\u2606Wilberto123|yea\n|c|\u2606Wilberto123|gg\n|c|\u2606wyverbal|gg\n","uploadtime":1699785835,"views":9,"p1id":"wilberto123","p2id":"wyverbal","formatid":"gen9ou","rating":1105,"private":0,"password":""}