{"id":"gen9ou-1988269275","p1":"Nickthenickthenick","p2":"Funny jumpiiiiiii","format":"[Gen 9] OU","log":"|j|\u2606Nickthenickthenick\n|j|\u2606Funny jumpiiiiiii\n|t:|1699698544\n|gametype|singles\n|player|p1|Nickthenickthenick|1|1165\n|player|p2|Funny jumpiiiiiii|dawn|1199\n|teamsize|p1|6\n|teamsize|p2|6\n|gen|9\n|tier|[Gen 9] OU\n|rated|\n|rule|Sleep Clause Mod: Limit one foe put to sleep\n|rule|Species Clause: Limit one of each Pok\u00e9mon\n|rule|OHKO Clause: OHKO moves are banned\n|rule|Evasion Items Clause: Evasion items are banned\n|rule|Evasion Moves Clause: Evasion moves are banned\n|rule|Endless Battle Clause: Forcing endless battles is banned\n|rule|HP Percentage Mod: HP is shown in percentages\n|clearpoke\n|poke|p1|Hatterene, F|\n|poke|p1|Ting-Lu|\n|poke|p1|Dragapult, F|\n|poke|p1|Corviknight, M|\n|poke|p1|Ogerpon-Wellspring, F|\n|poke|p1|Toxapex, M|\n|poke|p2|Enamorus-Therian, F|\n|poke|p2|Hatterene, F|\n|poke|p2|Hoopa-Unbound|\n|poke|p2|Cresselia, F|\n|poke|p2|Ursaluna, M|\n|poke|p2|Mimikyu, F|\n|teampreview\n|\n|t:|1699698553\n|start\n|switch|p1a: Hatterene|Hatterene, F|100\/100\n|switch|p2a: \u6027\u611f\u53cc\u9a6c\u5c3e|Enamorus-Therian, F|100\/100\n|turn|1\n|\n|t:|1699698591\n|-terastallize|p2a: \u6027\u611f\u53cc\u9a6c\u5c3e|Fairy\n|move|p2a: \u6027\u611f\u53cc\u9a6c\u5c3e|Moonblast|p1a: Hatterene\n|-damage|p1a: Hatterene|0 fnt\n|faint|p1a: Hatterene\n|\n|upkeep\n|\n|t:|1699698612\n|switch|p1a: Toxapex|Toxapex, M|100\/100\n|turn|2\n|\n|t:|1699698617\n|switch|p2a: \u6551\u4e16\u6b4c\u59ec|Hatterene, F|100\/100\n|move|p1a: Toxapex|Infestation|p2a: \u6551\u4e16\u6b4c\u59ec\n|-damage|p2a: \u6551\u4e16\u6b4c\u59ec|97\/100\n|-activate|p2a: \u6551\u4e16\u6b4c\u59ec|move: Infestation|[of] p1a: Toxapex\n|\n|-damage|p2a: \u6551\u4e16\u6b4c\u59ec|85\/100|[from] move: Infestation|[partiallytrapped]\n|upkeep\n|turn|3\n|\n|t:|1699698624\n|move|p1a: Toxapex|Ice Beam|p2a: \u6551\u4e16\u6b4c\u59ec\n|-damage|p2a: \u6551\u4e16\u6b4c\u59ec|71\/100\n|move|p2a: \u6551\u4e16\u6b4c\u59ec|Trick Room|p2a: \u6551\u4e16\u6b4c\u59ec\n|-fieldstart|move: Trick Room|[of] p2a: \u6551\u4e16\u6b4c\u59ec\n|\n|-damage|p2a: \u6551\u4e16\u6b4c\u59ec|59\/100|[from] move: Infestation|[partiallytrapped]\n|upkeep\n|turn|4\n|\n|t:|1699698630\n|move|p2a: \u6551\u4e16\u6b4c\u59ec|Healing Wish|p2a: \u6551\u4e16\u6b4c\u59ec\n|faint|p2a: \u6551\u4e16\u6b4c\u59ec\n|move|p1a: Toxapex|Ice Beam|p2: \u6551\u4e16\u6b4c\u59ec|[notarget]\n|-fail|p1a: Toxapex\n|\n|upkeep\n|\n|t:|1699698637\n|switch|p2a: \u8c79\u529b\u8f93\u51fa|Ursaluna, M|100\/100\n|turn|5\n|\n|t:|1699698646\n|move|p2a: \u8c79\u529b\u8f93\u51fa|Swords Dance|p2a: \u8c79\u529b\u8f93\u51fa\n|-boost|p2a: \u8c79\u529b\u8f93\u51fa|atk|2\n|move|p1a: Toxapex|Infestation|p2a: \u8c79\u529b\u8f93\u51fa\n|-damage|p2a: \u8c79\u529b\u8f93\u51fa|98\/100\n|-activate|p2a: \u8c79\u529b\u8f93\u51fa|move: Infestation|[of] p1a: Toxapex\n|\n|-damage|p2a: \u8c79\u529b\u8f93\u51fa|85\/100|[from] move: Infestation|[partiallytrapped]\n|-status|p2a: \u8c79\u529b\u8f93\u51fa|brn|[from] item: Flame Orb\n|upkeep\n|turn|6\n|\n|t:|1699698654\n|move|p2a: \u8c79\u529b\u8f93\u51fa|Headlong Rush|p1a: Toxapex\n|-supereffective|p1a: Toxapex\n|-damage|p1a: Toxapex|0 fnt\n|-unboost|p2a: \u8c79\u529b\u8f93\u51fa|def|1\n|-unboost|p2a: \u8c79\u529b\u8f93\u51fa|spd|1\n|faint|p1a: Toxapex\n|\n|-damage|p2a: \u8c79\u529b\u8f93\u51fa|79\/100 brn|[from] brn\n|-end|p2a: \u8c79\u529b\u8f93\u51fa|Infestation|[partiallytrapped]|[silent]\n|upkeep\n|\n|t:|1699698666\n|switch|p1a: Dragapult|Dragapult, F|100\/100\n|turn|7\n|\n|t:|1699698671\n|move|p2a: \u8c79\u529b\u8f93\u51fa|Headlong Rush|p1a: Dragapult\n|-damage|p1a: Dragapult|0 fnt\n|-unboost|p2a: \u8c79\u529b\u8f93\u51fa|def|1\n|-unboost|p2a: \u8c79\u529b\u8f93\u51fa|spd|1\n|faint|p1a: Dragapult\n|\n|-damage|p2a: \u8c79\u529b\u8f93\u51fa|73\/100 brn|[from] brn\n|-fieldend|move: Trick Room\n|upkeep\n|c|\u2606Nickthenickthenick|forgot about trick room lol\n|\n|t:|1699698704\n|switch|p1a: Ogerpon|Ogerpon-Wellspring, F|100\/100\n|turn|8\n|\n|t:|1699698711\n|-terastallize|p1a: Ogerpon|Water\n|detailschange|p1a: Ogerpon|Ogerpon-Wellspring-Tera, F, tera:Water\n|-ability|p1a: Ogerpon|Embody Aspect (Wellspring)|boost\n|-boost|p1a: Ogerpon|spd|1\n|move|p1a: Ogerpon|Ivy Cudgel|p2a: \u8c79\u529b\u8f93\u51fa\n|-supereffective|p2a: \u8c79\u529b\u8f93\u51fa\n|-damage|p2a: \u8c79\u529b\u8f93\u51fa|0 fnt\n|faint|p2a: \u8c79\u529b\u8f93\u51fa\n|\n|upkeep\n|\n|t:|1699698724\n|switch|p2a: \u6211\u53ea\u8d1f\u8d23\u53ef\u7231|Mimikyu, F|100\/100\n|turn|9\n|\n|t:|1699698729\n|move|p1a: Ogerpon|Ivy Cudgel|p2a: \u6211\u53ea\u8d1f\u8d23\u53ef\u7231\n|-activate|p2a: \u6211\u53ea\u8d1f\u8d23\u53ef\u7231|ability: Disguise\n|-damage|p2a: \u6211\u53ea\u8d1f\u8d23\u53ef\u7231|100\/100\n|detailschange|p2a: \u6211\u53ea\u8d1f\u8d23\u53ef\u7231|Mimikyu-Busted, F\n|-damage|p2a: \u6211\u53ea\u8d1f\u8d23\u53ef\u7231|88\/100|[from] pokemon: Mimikyu-Busted\n|-enditem|p2a: \u6211\u53ea\u8d1f\u8d23\u53ef\u7231|Red Card|[of] p1a: Ogerpon\n|drag|p1a: Ting-Lu|Ting-Lu|100\/100\n|-ability|p1a: Ting-Lu|Vessel of Ruin\n|move|p2a: \u6211\u53ea\u8d1f\u8d23\u53ef\u7231|Trick Room|p2a: \u6211\u53ea\u8d1f\u8d23\u53ef\u7231\n|-fieldstart|move: Trick Room|[of] p2a: \u6211\u53ea\u8d1f\u8d23\u53ef\u7231\n|\n|upkeep\n|turn|10\n|\n|t:|1699698743\n|move|p2a: \u6211\u53ea\u8d1f\u8d23\u53ef\u7231|Taunt|p1a: Ting-Lu\n|-start|p1a: Ting-Lu|move: Taunt\n|cant|p1a: Ting-Lu|move: Taunt|Whirlwind\n|\n|upkeep\n|turn|11\n|\n|t:|1699698747\n|move|p1a: Ting-Lu|Earthquake|p2a: \u6211\u53ea\u8d1f\u8d23\u53ef\u7231\n|-damage|p2a: \u6211\u53ea\u8d1f\u8d23\u53ef\u7231|40\/100\n|move|p2a: \u6211\u53ea\u8d1f\u8d23\u53ef\u7231|Curse|p1a: Ting-Lu\n|-start|p1a: Ting-Lu|Curse|[of] p2a: \u6211\u53ea\u8d1f\u8d23\u53ef\u7231\n|-damage|p2a: \u6211\u53ea\u8d1f\u8d23\u53ef\u7231|0 fnt\n|faint|p2a: \u6211\u53ea\u8d1f\u8d23\u53ef\u7231\n|\n|-damage|p1a: Ting-Lu|76\/100|[from] Curse\n|upkeep\n|\n|t:|1699698753\n|switch|p2a: \u6027\u611f\u53cc\u9a6c\u5c3e|Enamorus-Therian, F, tera:Fairy|100\/100\n|turn|12\n|\n|t:|1699698756\n|move|p2a: \u6027\u611f\u53cc\u9a6c\u5c3e|Moonblast|p1a: Ting-Lu\n|-supereffective|p1a: Ting-Lu\n|-damage|p1a: Ting-Lu|0 fnt\n|faint|p1a: Ting-Lu\n|\n|upkeep\n|\n|t:|1699698763\n|switch|p1a: Corviknight|Corviknight, M|100\/100\n|-ability|p1a: Corviknight|Pressure\n|turn|13\n|\n|t:|1699698769\n|switch|p2a: \u4ee3\u8868\u6708\u4eae\u6d88\u706d\u4f60|Cresselia, F|100\/100\n|move|p1a: Corviknight|U-turn|p2a: \u4ee3\u8868\u6708\u4eae\u6d88\u706d\u4f60\n|-supereffective|p2a: \u4ee3\u8868\u6708\u4eae\u6d88\u706d\u4f60\n|-damage|p2a: \u4ee3\u8868\u6708\u4eae\u6d88\u706d\u4f60|85\/100\n|\n|t:|1699698775\n|switch|p1a: Ogerpon|Ogerpon-Wellspring-Tera, F, tera:Water|100\/100|[from] U-turn\n|-ability|p1a: Ogerpon|Embody Aspect (Wellspring)|boost\n|-boost|p1a: Ogerpon|spd|1\n|\n|-fieldend|move: Trick Room\n|upkeep\n|turn|14\n|\n|t:|1699698781\n|move|p1a: Ogerpon|Ivy Cudgel|p2a: \u4ee3\u8868\u6708\u4eae\u6d88\u706d\u4f60\n|-damage|p2a: \u4ee3\u8868\u6708\u4eae\u6d88\u706d\u4f60|47\/100\n|move|p2a: \u4ee3\u8868\u6708\u4eae\u6d88\u706d\u4f60|Trick Room|p2a: \u4ee3\u8868\u6708\u4eae\u6d88\u706d\u4f60\n|-fieldstart|move: Trick Room|[of] p2a: \u4ee3\u8868\u6708\u4eae\u6d88\u706d\u4f60\n|\n|upkeep\n|turn|15\n|\n|t:|1699698789\n|move|p2a: \u4ee3\u8868\u6708\u4eae\u6d88\u706d\u4f60|Lunar Dance|p2a: \u4ee3\u8868\u6708\u4eae\u6d88\u706d\u4f60\n|faint|p2a: \u4ee3\u8868\u6708\u4eae\u6d88\u706d\u4f60\n|move|p1a: Ogerpon|Ivy Cudgel|p2: \u4ee3\u8868\u6708\u4eae\u6d88\u706d\u4f60|[notarget]\n|-fail|p1a: Ogerpon\n|\n|upkeep\n|\n|t:|1699698791\n|switch|p2a: \u5996\u8273\u5355\u9a6c\u5c3e|Hoopa-Unbound|100\/100\n|turn|16\n|\n|t:|1699698804\n|switch|p1a: Corviknight|Corviknight, M|100\/100\n|-ability|p1a: Corviknight|Pressure\n|move|p2a: \u5996\u8273\u5355\u9a6c\u5c3e|Hyperspace Fury|p1a: Corviknight\n|-damage|p1a: Corviknight|46\/100\n|-unboost|p2a: \u5996\u8273\u5355\u9a6c\u5c3e|def|1\n|-enditem|p2a: \u5996\u8273\u5355\u9a6c\u5c3e|Eject Pack\n|\n|t:|1699698807\n|switch|p2a: \u6027\u611f\u53cc\u9a6c\u5c3e|Enamorus-Therian, F, tera:Fairy|100\/100\n|-heal|p2a: \u6027\u611f\u53cc\u9a6c\u5c3e|100\/100|[from] move: Lunar Dance\n|\n|upkeep\n|turn|17\n|\n|t:|1699698831\n|move|p2a: \u6027\u611f\u53cc\u9a6c\u5c3e|Moonblast|p1a: Corviknight\n|-resisted|p1a: Corviknight\n|-damage|p1a: Corviknight|5\/100\n|move|p1a: Corviknight|Roost|p1a: Corviknight\n|-heal|p1a: Corviknight|55\/100\n|-singleturn|p1a: Corviknight|move: Roost\n|\n|upkeep\n|turn|18\n|\n|t:|1699698838\n|switch|p2a: \u5996\u8273\u5355\u9a6c\u5c3e|Hoopa-Unbound|100\/100\n|move|p1a: Corviknight|Roost|p1a: Corviknight\n|-heal|p1a: Corviknight|100\/100\n|-singleturn|p1a: Corviknight|move: Roost\n|\n|-fieldend|move: Trick Room\n|upkeep\n|turn|19\n|\n|t:|1699698845\n|move|p1a: Corviknight|Brave Bird|p2a: \u5996\u8273\u5355\u9a6c\u5c3e\n|-damage|p2a: \u5996\u8273\u5355\u9a6c\u5c3e|51\/100\n|-damage|p1a: Corviknight|85\/100|[from] Recoil\n|move|p2a: \u5996\u8273\u5355\u9a6c\u5c3e|Trick Room|p2a: \u5996\u8273\u5355\u9a6c\u5c3e\n|-fieldstart|move: Trick Room|[of] p2a: \u5996\u8273\u5355\u9a6c\u5c3e\n|\n|upkeep\n|turn|20\n|\n|t:|1699698854\n|move|p2a: \u5996\u8273\u5355\u9a6c\u5c3e|Hyperspace Fury|p1a: Corviknight\n|-damage|p1a: Corviknight|32\/100\n|-unboost|p2a: \u5996\u8273\u5355\u9a6c\u5c3e|def|1\n|-item|p2a: \u5996\u8273\u5355\u9a6c\u5c3e|Rocky Helmet|[from] ability: Magician|[of] p1a: Corviknight\n|move|p1a: Corviknight|Brave Bird|p2a: \u5996\u8273\u5355\u9a6c\u5c3e\n|-damage|p2a: \u5996\u8273\u5355\u9a6c\u5c3e|0 fnt\n|-damage|p1a: Corviknight|15\/100|[from] item: Rocky Helmet|[of] p2a: \u5996\u8273\u5355\u9a6c\u5c3e\n|faint|p2a: \u5996\u8273\u5355\u9a6c\u5c3e\n|-damage|p1a: Corviknight|0 fnt|[from] Recoil\n|faint|p1a: Corviknight\n|\n|upkeep\n|\n|t:|1699698866\n|switch|p2a: \u6027\u611f\u53cc\u9a6c\u5c3e|Enamorus-Therian, F, tera:Fairy|100\/100\n|switch|p1a: Ogerpon|Ogerpon-Wellspring-Tera, F, tera:Water|100\/100\n|-ability|p1a: Ogerpon|Embody Aspect (Wellspring)|boost\n|-boost|p1a: Ogerpon|spd|1\n|turn|21\n|\n|t:|1699698878\n|move|p2a: \u6027\u611f\u53cc\u9a6c\u5c3e|Moonblast|p1a: Ogerpon\n|-damage|p1a: Ogerpon|9\/100\n|move|p1a: Ogerpon|Ivy Cudgel|p2a: \u6027\u611f\u53cc\u9a6c\u5c3e\n|-damage|p2a: \u6027\u611f\u53cc\u9a6c\u5c3e|30\/100\n|\n|upkeep\n|turn|22\n|\n|t:|1699698884\n|move|p2a: \u6027\u611f\u53cc\u9a6c\u5c3e|Moonblast|p1a: Ogerpon\n|-damage|p1a: Ogerpon|0 fnt\n|faint|p1a: Ogerpon\n|\n|win|Funny jumpiiiiiii\n|raw|Nickthenickthenick's rating: 1165 &rarr; <strong>1142<\/strong><br \/>(-23 for losing)\n|raw|Funny jumpiiiiiii's rating: 1199 &rarr; <strong>1222<\/strong><br \/>(+23 for winning)\n|l|\u2606Funny jumpiiiiiii\n|j|\u2606Funny jumpiiiiiii\n|player|p2|Funny jumpiiiiiii|dawn\n","uploadtime":1699699205,"views":19,"p1id":"nickthenickthenick","p2id":"funnyjumpiiiiiii","formatid":"gen9ou","rating":1142,"private":0,"password":""}