{"id":"gen9ou-1994046729","p1":"Aldrick C","p2":"Abracadaver","format":"[Gen 9] OU","log":"|j|\u2606Aldrick C\n|j|\u2606Abracadaver\n|t:|1700399386\n|gametype|singles\n|player|p1|Aldrick C|lucas|1388\n|player|p2|Abracadaver|101|1486\n|teamsize|p1|6\n|teamsize|p2|6\n|gen|9\n|tier|[Gen 9] OU\n|rated|\n|rule|Sleep Clause Mod: Limit one foe put to sleep\n|rule|Species Clause: Limit one of each Pok\u00e9mon\n|rule|OHKO Clause: OHKO moves are banned\n|rule|Evasion Items Clause: Evasion items are banned\n|rule|Evasion Moves Clause: Evasion moves are banned\n|rule|Endless Battle Clause: Forcing endless battles is banned\n|rule|HP Percentage Mod: HP is shown in percentages\n|clearpoke\n|poke|p1|Zamazenta-*|\n|poke|p1|Hoopa-Unbound|\n|poke|p1|Iron Moth|\n|poke|p1|Glimmora, M|\n|poke|p1|Great Tusk|\n|poke|p1|Ogerpon-Wellspring, F|\n|poke|p2|Heatran, F|\n|poke|p2|Landorus-Therian, M|\n|poke|p2|Umbreon, M|\n|poke|p2|Gastrodon, F|\n|poke|p2|Zapdos|\n|poke|p2|Dragonite, F|\n|teampreview\n|inactive|Battle timer is ON: inactive players will automatically lose when time's up. (requested by Aldrick C)\n|inactive|Aldrick C has 120 seconds left.\n|\n|t:|1700399419\n|start\n|switch|p1a: Glimmora|Glimmora, M|100\/100\n|switch|p2a: Gastrodon|Gastrodon, F|100\/100\n|turn|1\n|\n|t:|1700399426\n|move|p1a: Glimmora|Toxic Spikes|p2a: Gastrodon\n|-sidestart|p2: Abracadaver|move: Toxic Spikes\n|move|p2a: Gastrodon|Earth Power|p1a: Glimmora\n|-supereffective|p1a: Glimmora\n|-enditem|p1a: Glimmora|Focus Sash\n|-damage|p1a: Glimmora|1\/100\n|-unboost|p1a: Glimmora|spd|1\n|\n|upkeep\n|turn|2\n|\n|t:|1700399435\n|move|p1a: Glimmora|Stealth Rock|p2a: Gastrodon\n|-sidestart|p2: Abracadaver|move: Stealth Rock\n|move|p2a: Gastrodon|Ice Beam|p1a: Glimmora\n|-damage|p1a: Glimmora|0 fnt\n|faint|p1a: Glimmora\n|\n|upkeep\n|\n|t:|1700399444\n|switch|p1a: Ogerpon|Ogerpon-Wellspring, F|100\/100\n|turn|3\n|\n|t:|1700399448\n|switch|p2a: Landorus|Landorus-Therian, M|100\/100\n|-damage|p2a: Landorus|88\/100|[from] Stealth Rock\n|-ability|p2a: Landorus|Intimidate|boost\n|-unboost|p1a: Ogerpon|atk|1\n|move|p1a: Ogerpon|Horn Leech|p2a: Landorus\n|-damage|p2a: Landorus|54\/100\n|\n|upkeep\n|turn|4\n|\n|t:|1700399457\n|switch|p1a: Great Tusk|Great Tusk|100\/100\n|move|p2a: Landorus|U-turn|p1a: Great Tusk\n|-resisted|p1a: Great Tusk\n|-damage|p1a: Great Tusk|91\/100\n|\n|t:|1700399463\n|switch|p2a: Zapdos|Zapdos|100\/100|[from] U-turn\n|\n|upkeep\n|turn|5\n|\n|t:|1700399472\n|-end|p1a: Great Tusk|Protosynthesis|[silent]\n|switch|p1a: Hoopa|Hoopa-Unbound|100\/100\n|move|p2a: Zapdos|Hurricane|p1a: Hoopa|[miss]\n|-miss|p2a: Zapdos|p1a: Hoopa\n|\n|upkeep\n|turn|6\n|\n|t:|1700399480\n|move|p2a: Zapdos|Discharge|p1a: Hoopa\n|-damage|p1a: Hoopa|72\/100\n|move|p1a: Hoopa|Psychic|p2a: Zapdos\n|-damage|p2a: Zapdos|32\/100\n|-unboost|p2a: Zapdos|spd|1\n|\n|upkeep\n|turn|7\n|\n|t:|1700399489\n|switch|p2a: Umbreon|Umbreon, M, shiny|100\/100\n|-status|p2a: Umbreon|psn\n|-damage|p2a: Umbreon|88\/100 psn|[from] Stealth Rock\n|move|p1a: Hoopa|Thunderbolt|p2a: Umbreon\n|-damage|p2a: Umbreon|68\/100 psn\n|\n|-heal|p2a: Umbreon|74\/100 psn|[from] item: Leftovers\n|-damage|p2a: Umbreon|62\/100 psn|[from] psn\n|upkeep\n|turn|8\n|\n|t:|1700399500\n|move|p1a: Hoopa|Drain Punch|p2a: Umbreon\n|-supereffective|p2a: Umbreon\n|-damage|p2a: Umbreon|18\/100 psn\n|-heal|p1a: Hoopa|100\/100|[from] drain|[of] p2a: Umbreon\n|move|p2a: Umbreon|Wish|p2a: Umbreon\n|\n|-heal|p2a: Umbreon|24\/100 psn|[from] item: Leftovers\n|-damage|p2a: Umbreon|12\/100 psn|[from] psn\n|upkeep\n|turn|9\n|\n|t:|1700399511\n|switch|p2a: Dragonite|Dragonite, F|100\/100\n|-damage|p2a: Dragonite|76\/100|[from] Stealth Rock\n|move|p1a: Hoopa|Drain Punch|p2a: Dragonite\n|-resisted|p2a: Dragonite\n|-damage|p2a: Dragonite|62\/100\n|\n|-heal|p2a: Dragonite|100\/100|[from] move: Wish|[wisher] Umbreon\n|upkeep\n|turn|10\n|\n|t:|1700399521\n|move|p1a: Hoopa|Knock Off|p2a: Dragonite\n|-damage|p2a: Dragonite|73\/100\n|-enditem|p2a: Dragonite|Weakness Policy|[from] move: Knock Off|[of] p1a: Hoopa\n|move|p2a: Dragonite|Dragon Dance|p2a: Dragonite\n|-boost|p2a: Dragonite|atk|1\n|-boost|p2a: Dragonite|spe|1\n|\n|upkeep\n|turn|11\n|\n|t:|1700399531\n|switch|p1a: Zamazenta|Zamazenta|100\/100\n|-ability|p1a: Zamazenta|Dauntless Shield|boost\n|-boost|p1a: Zamazenta|def|1\n|move|p2a: Dragonite|Dragon Dance|p2a: Dragonite\n|-boost|p2a: Dragonite|atk|1\n|-boost|p2a: Dragonite|spe|1\n|\n|upkeep\n|turn|12\n|\n|t:|1700399539\n|move|p2a: Dragonite|Extreme Speed|p1a: Zamazenta\n|-damage|p1a: Zamazenta|64\/100\n|move|p1a: Zamazenta|Body Press|p2a: Dragonite\n|-resisted|p2a: Dragonite\n|-damage|p2a: Dragonite|49\/100\n|\n|-heal|p1a: Zamazenta|70\/100|[from] item: Leftovers\n|upkeep\n|turn|13\n|\n|t:|1700399564\n|move|p2a: Dragonite|Extreme Speed|p1a: Zamazenta\n|-damage|p1a: Zamazenta|32\/100\n|move|p1a: Zamazenta|Crunch|p2a: Dragonite\n|-damage|p2a: Dragonite|25\/100\n|-unboost|p2a: Dragonite|def|1\n|\n|-heal|p1a: Zamazenta|39\/100|[from] item: Leftovers\n|upkeep\n|turn|14\n|\n|t:|1700399574\n|-terastallize|p2a: Dragonite|Normal\n|move|p2a: Dragonite|Extreme Speed|p1a: Zamazenta\n|-crit|p1a: Zamazenta\n|-damage|p1a: Zamazenta|0 fnt\n|faint|p1a: Zamazenta\n|\n|upkeep\n|\n|t:|1700399582\n|switch|p1a: Great Tusk|Great Tusk|91\/100\n|turn|15\n|\n|t:|1700399589\n|move|p2a: Dragonite|Ice Spinner|p1a: Great Tusk\n|-supereffective|p1a: Great Tusk\n|-damage|p1a: Great Tusk|5\/100\n|move|p1a: Great Tusk|Close Combat|p2a: Dragonite\n|-supereffective|p2a: Dragonite\n|-damage|p2a: Dragonite|0 fnt\n|-unboost|p1a: Great Tusk|def|1\n|-unboost|p1a: Great Tusk|spd|1\n|faint|p2a: Dragonite\n|\n|upkeep\n|\n|t:|1700399600\n|switch|p2a: Landorus|Landorus-Therian, M|54\/100\n|-damage|p2a: Landorus|42\/100|[from] Stealth Rock\n|-ability|p2a: Landorus|Intimidate|boost\n|-unboost|p1a: Great Tusk|atk|1\n|turn|16\n|\n|t:|1700399612\n|move|p2a: Landorus|U-turn|p1a: Great Tusk\n|-resisted|p1a: Great Tusk\n|-damage|p1a: Great Tusk|0 fnt\n|faint|p1a: Great Tusk\n|-end|p1a: Great Tusk|Protosynthesis|[silent]\n|\n|t:|1700399618\n|switch|p2a: Heatran|Heatran, F|100\/100|[from] U-turn\n|-damage|p2a: Heatran|88\/100|[from] Stealth Rock\n|-item|p2a: Heatran|Air Balloon\n|\n|upkeep\n|\n|t:|1700399628\n|switch|p1a: Hoopa|Hoopa-Unbound|100\/100\n|turn|17\n|\n|t:|1700399640\n|move|p1a: Hoopa|Drain Punch|p2a: Heatran\n|-supereffective|p2a: Heatran\n|-damage|p2a: Heatran|44\/100\n|-enditem|p2a: Heatran|Air Balloon\n|move|p2a: Heatran|Stealth Rock|p1a: Hoopa\n|-sidestart|p1: Aldrick C|move: Stealth Rock\n|\n|upkeep\n|turn|18\n|\n|t:|1700399649\n|switch|p2a: Umbreon|Umbreon, M, shiny|12\/100 psn\n|-damage|p2a: Umbreon|0 fnt|[from] Stealth Rock\n|faint|p2a: Umbreon\n|move|p1a: Hoopa|Drain Punch|p2: Umbreon|[notarget]\n|-fail|p1a: Hoopa\n|\n|upkeep\n|\n|t:|1700399657\n|switch|p2a: Landorus|Landorus-Therian, M|42\/100\n|-damage|p2a: Landorus|29\/100|[from] Stealth Rock\n|-ability|p2a: Landorus|Intimidate|boost\n|-unboost|p1a: Hoopa|atk|1\n|turn|19\n|\n|t:|1700399663\n|move|p2a: Landorus|U-turn|p1a: Hoopa\n|-supereffective|p1a: Hoopa\n|-damage|p1a: Hoopa|0 fnt\n|faint|p1a: Hoopa\n|\n|t:|1700399670\n|switch|p2a: Zapdos|Zapdos|32\/100|[from] U-turn\n|\n|upkeep\n|\n|t:|1700399680\n|switch|p1a: Ogerpon|Ogerpon-Wellspring, F|100\/100\n|-damage|p1a: Ogerpon|88\/100|[from] Stealth Rock\n|turn|20\n|\n|t:|1700399687\n|move|p1a: Ogerpon|Ivy Cudgel|p2a: Zapdos|[anim] Ivy Cudgel Water\n|-damage|p2a: Zapdos|0 fnt\n|faint|p2a: Zapdos\n|\n|upkeep\n|\n|t:|1700399696\n|switch|p2a: Landorus|Landorus-Therian, M|29\/100\n|-damage|p2a: Landorus|17\/100|[from] Stealth Rock\n|-ability|p2a: Landorus|Intimidate|boost\n|-unboost|p1a: Ogerpon|atk|1\n|turn|21\n|\n|t:|1700399716\n|-terastallize|p1a: Ogerpon|Water\n|detailschange|p1a: Ogerpon|Ogerpon-Wellspring-Tera, F, tera:Water\n|-ability|p1a: Ogerpon|Embody Aspect (Wellspring)|boost\n|-boost|p1a: Ogerpon|spd|1\n|move|p2a: Landorus|U-turn|p1a: Ogerpon\n|-damage|p1a: Ogerpon|49\/100\n|\n|t:|1700399722\n|switch|p2a: Gastrodon|Gastrodon, F|100\/100|[from] U-turn\n|-status|p2a: Gastrodon|psn\n|-damage|p2a: Gastrodon|94\/100 psn|[from] Stealth Rock\n|move|p1a: Ogerpon|Horn Leech|p2a: Gastrodon\n|-supereffective|p2a: Gastrodon\n|-damage|p2a: Gastrodon|0 fnt\n|-heal|p1a: Ogerpon|100\/100|[from] drain|[of] p2a: Gastrodon\n|faint|p2a: Gastrodon\n|\n|upkeep\n|\n|t:|1700399735\n|switch|p2a: Heatran|Heatran, F|44\/100\n|-damage|p2a: Heatran|31\/100|[from] Stealth Rock\n|turn|22\n|\n|t:|1700399743\n|move|p1a: Ogerpon|Ivy Cudgel|p2a: Heatran|[anim] Ivy Cudgel Water\n|-supereffective|p2a: Heatran\n|-damage|p2a: Heatran|0 fnt\n|faint|p2a: Heatran\n|\n|upkeep\n|\n|t:|1700399749\n|switch|p2a: Landorus|Landorus-Therian, M|17\/100\n|-damage|p2a: Landorus|4\/100|[from] Stealth Rock\n|-ability|p2a: Landorus|Intimidate|boost\n|-unboost|p1a: Ogerpon|atk|1\n|turn|23\n|\n|t:|1700399756\n|move|p2a: Landorus|Earthquake|p1a: Ogerpon\n|-damage|p1a: Ogerpon|20\/100\n|move|p1a: Ogerpon|Ivy Cudgel|p2a: Landorus|[anim] Ivy Cudgel Water\n|-supereffective|p2a: Landorus\n|-damage|p2a: Landorus|0 fnt\n|faint|p2a: Landorus\n|\n|win|Aldrick C\n|raw|Aldrick C's rating: 1388 &rarr; <strong>1413<\/strong><br \/>(+25 for winning)\n|raw|Abracadaver's rating: 1486 &rarr; <strong>1461<\/strong><br \/>(-25 for losing)\n","uploadtime":1700399774,"views":6,"p1id":"aldrickc","p2id":"abracadaver","formatid":"gen9ou","rating":1413,"private":0,"password":""}