{"id":"gen9ou-1994819009","p1":"FrankTheTank101","p2":"Play_For_Life_18","format":"[Gen 9] OU","log":"|j|\u2606FrankTheTank101\n|j|\u2606Play_For_Life_18\n|t:|1700495707\n|gametype|singles\n|player|p1|FrankTheTank101|102|1102\n|player|p2|Play_For_Life_18|101|1154\n|teamsize|p1|6\n|teamsize|p2|6\n|gen|9\n|tier|[Gen 9] OU\n|rated|\n|rule|Sleep Clause Mod: Limit one foe put to sleep\n|rule|Species Clause: Limit one of each Pok\u00e9mon\n|rule|OHKO Clause: OHKO moves are banned\n|rule|Evasion Items Clause: Evasion items are banned\n|rule|Evasion Moves Clause: Evasion moves are banned\n|rule|Endless Battle Clause: Forcing endless battles is banned\n|rule|HP Percentage Mod: HP is shown in percentages\n|clearpoke\n|poke|p1|Glimmora, M|\n|poke|p1|Gholdengo|\n|poke|p1|Kingambit, M|\n|poke|p1|Great Tusk|\n|poke|p1|Rillaboom, F|\n|poke|p1|Ogerpon-Wellspring, F|\n|poke|p2|Slaking, F|\n|poke|p2|Dragapult, M|\n|poke|p2|Vaporeon, F|\n|poke|p2|Scizor, M|\n|poke|p2|Iron Valiant|\n|poke|p2|Espeon, M|\n|teampreview\n|\n|t:|1700495726\n|start\n|switch|p1a: Glimmora|Glimmora, M|100\/100\n|switch|p2a: Freddy Fazbear|Slaking, F|100\/100\n|turn|1\n|\n|t:|1700495732\n|move|p2a: Freddy Fazbear|Knock Off|p1a: Glimmora\n|-crit|p1a: Glimmora\n|-enditem|p1a: Glimmora|Focus Sash\n|-damage|p1a: Glimmora|1\/100\n|-activate|p1a: Glimmora|ability: Toxic Debris\n|-sidestart|p2: Play_For_Life_18|move: Toxic Spikes\n|move|p1a: Glimmora|Spikes|p2a: Freddy Fazbear\n|-sidestart|p2: Play_For_Life_18|Spikes\n|\n|upkeep\n|turn|2\n|\n|t:|1700495745\n|switch|p2a: Mrs. Karbs|Scizor, M|100\/100\n|move|p1a: Glimmora|Spikes|p2a: Mrs. Karbs\n|-sidestart|p2: Play_For_Life_18|Spikes\n|\n|upkeep\n|turn|3\n|\n|t:|1700495749\n|move|p2a: Mrs. Karbs|Bullet Punch|p1a: Glimmora\n|-supereffective|p1a: Glimmora\n|-crit|p1a: Glimmora\n|-damage|p1a: Glimmora|0 fnt\n|-activate|p1a: Glimmora|ability: Toxic Debris\n|-sidestart|p2: Play_For_Life_18|move: Toxic Spikes\n|faint|p1a: Glimmora\n|\n|upkeep\n|\n|t:|1700495764\n|switch|p1a: Gholdengo|Gholdengo|100\/100\n|turn|4\n|\n|t:|1700495767\n|move|p2a: Mrs. Karbs|Protect|p2a: Mrs. Karbs\n|-singleturn|p2a: Mrs. Karbs|Protect\n|move|p1a: Gholdengo|Thunder Wave|p2a: Mrs. Karbs\n|-activate|p2a: Mrs. Karbs|move: Protect\n|\n|upkeep\n|turn|5\n|\n|t:|1700495776\n|move|p1a: Gholdengo|Thunder Wave|p2a: Mrs. Karbs\n|-status|p2a: Mrs. Karbs|par\n|cant|p2a: Mrs. Karbs|par\n|\n|upkeep\n|turn|6\n|\n|t:|1700495782\n|move|p1a: Gholdengo|Hex|p2a: Mrs. Karbs\n|-damage|p2a: Mrs. Karbs|27\/100 par\n|move|p2a: Mrs. Karbs|U-turn|p1a: Gholdengo\n|-resisted|p1a: Gholdengo\n|-damage|p1a: Gholdengo|95\/100\n|\n|t:|1700495790\n|switch|p2a: War Crimes|Dragapult, M|100\/100|[from] U-turn\n|-status|p2a: War Crimes|tox\n|-damage|p2a: War Crimes|84\/100 tox|[from] Spikes\n|\n|-heal|p1a: Gholdengo|100\/100|[from] item: Leftovers\n|-damage|p2a: War Crimes|78\/100 tox|[from] psn\n|upkeep\n|turn|7\n|\n|t:|1700495801\n|switch|p1a: Kingambit|Kingambit, M|100\/100\n|-activate|p1a: Kingambit|ability: Supreme Overlord\n|-start|p1a: Kingambit|fallen1|[silent]\n|move|p2a: War Crimes|Shadow Ball|p1a: Kingambit\n|-resisted|p1a: Kingambit\n|-damage|p1a: Kingambit|81\/100\n|\n|-damage|p2a: War Crimes|66\/100 tox|[from] psn\n|upkeep\n|turn|8\n|\n|t:|1700495809\n|-terastallize|p2a: War Crimes|Steel\n|move|p2a: War Crimes|Flamethrower|p1a: Kingambit\n|-supereffective|p1a: Kingambit\n|-damage|p1a: Kingambit|24\/100\n|move|p1a: Kingambit|Swords Dance|p1a: Kingambit\n|-boost|p1a: Kingambit|atk|2\n|\n|-damage|p2a: War Crimes|48\/100 tox|[from] psn\n|upkeep\n|turn|9\n|\n|t:|1700495814\n|move|p1a: Kingambit|Sucker Punch|p2a: War Crimes\n|-damage|p2a: War Crimes|0 fnt\n|faint|p2a: War Crimes\n|\n|upkeep\n|\n|t:|1700495817\n|switch|p2a: Mrs. Karbs|Scizor, M|27\/100 par\n|turn|10\n|\n|t:|1700495823\n|move|p1a: Kingambit|Sucker Punch||[still]\n|-fail|p1a: Kingambit\n|move|p2a: Mrs. Karbs|Defog|p1a: Kingambit\n|-unboost|p1a: Kingambit|evasion|1\n|-sideend|p2: Play_For_Life_18|Spikes|[from] move: Defog|[of] p2a: Mrs. Karbs\n|-sideend|p2: Play_For_Life_18|Toxic Spikes|[from] move: Defog|[of] p2a: Mrs. Karbs\n|\n|upkeep\n|turn|11\n|\n|t:|1700495833\n|move|p1a: Kingambit|Sucker Punch|p2a: Mrs. Karbs\n|-damage|p2a: Mrs. Karbs|0 fnt\n|faint|p2a: Mrs. Karbs\n|\n|upkeep\n|\n|t:|1700495839\n|switch|p2a: Water Snake|Vaporeon, F|100\/100\n|turn|12\n|\n|t:|1700495845\n|-end|p1a: Kingambit|fallen1|[silent]\n|switch|p1a: Ogerpon|Ogerpon-Wellspring, F|100\/100\n|move|p2a: Water Snake|Scald|p1a: Ogerpon\n|-immune|p1a: Ogerpon|[from] ability: Water Absorb\n|\n|upkeep\n|turn|13\n|\n|t:|1700495856\n|switch|p2a: Nuclear Weapon|Espeon, M|100\/100\n|move|p1a: Ogerpon|Taunt|p2a: Nuclear Weapon\n|move|p2a: Nuclear Weapon|Taunt|p1a: Ogerpon|[from]ability: Magic Bounce\n|-start|p1a: Ogerpon|move: Taunt\n|\n|upkeep\n|turn|14\n|\n|t:|1700495872\n|move|p1a: Ogerpon|Ivy Cudgel|p2a: Nuclear Weapon|[anim] Ivy Cudgel Water\n|-damage|p2a: Nuclear Weapon|0 fnt\n|faint|p2a: Nuclear Weapon\n|\n|upkeep\n|\n|t:|1700495893\n|switch|p2a: Freddy Fazbear|Slaking, F|100\/100\n|turn|15\n|\n|t:|1700495903\n|move|p1a: Ogerpon|U-turn|p2a: Freddy Fazbear\n|-damage|p2a: Freddy Fazbear|79\/100\n|\n|t:|1700495912\n|switch|p1a: Kingambit|Kingambit, M|24\/100|[from] U-turn\n|-activate|p1a: Kingambit|ability: Supreme Overlord\n|-start|p1a: Kingambit|fallen1|[silent]\n|move|p2a: Freddy Fazbear|Knock Off|p1a: Kingambit\n|-resisted|p1a: Kingambit\n|-damage|p1a: Kingambit|3\/100\n|-enditem|p1a: Kingambit|Heavy-Duty Boots|[from] move: Knock Off|[of] p2a: Freddy Fazbear\n|\n|upkeep\n|turn|16\n|\n|t:|1700495919\n|switch|p2a: Water Snake|Vaporeon, F|100\/100\n|move|p1a: Kingambit|Kowtow Cleave|p2a: Water Snake\n|-damage|p2a: Water Snake|58\/100\n|\n|upkeep\n|turn|17\n|\n|t:|1700495925\n|move|p1a: Kingambit|Kowtow Cleave|p2a: Water Snake\n|-damage|p2a: Water Snake|15\/100\n|move|p2a: Water Snake|Flip Turn|p1a: Kingambit\n|-damage|p1a: Kingambit|0 fnt\n|faint|p1a: Kingambit\n|-end|p1a: Kingambit|fallen1|[silent]\n|\n|t:|1700495929\n|switch|p2a: Freddy Fazbear|Slaking, F|79\/100|[from] Flip Turn\n|\n|upkeep\n|\n|t:|1700495938\n|switch|p1a: Great Tusk|Great Tusk|100\/100\n|-enditem|p1a: Great Tusk|Booster Energy\n|-activate|p1a: Great Tusk|ability: Protosynthesis|[fromitem]\n|-start|p1a: Great Tusk|protosynthesisspe\n|turn|18\n|\n|t:|1700495943\n|move|p1a: Great Tusk|Bulk Up|p1a: Great Tusk\n|-boost|p1a: Great Tusk|atk|1\n|-boost|p1a: Great Tusk|def|1\n|move|p2a: Freddy Fazbear|High Horsepower|p1a: Great Tusk\n|-damage|p1a: Great Tusk|76\/100\n|\n|upkeep\n|turn|19\n|\n|t:|1700495950\n|switch|p2a: Sugar Mommy|Iron Valiant|100\/100\n|-enditem|p2a: Sugar Mommy|Booster Energy\n|-activate|p2a: Sugar Mommy|ability: Quark Drive|[fromitem]\n|-start|p2a: Sugar Mommy|quarkdrivespe\n|move|p1a: Great Tusk|Bulk Up|p1a: Great Tusk\n|-boost|p1a: Great Tusk|atk|1\n|-boost|p1a: Great Tusk|def|1\n|\n|upkeep\n|turn|20\n|\n|t:|1700495962\n|move|p2a: Sugar Mommy|Encore|p1a: Great Tusk\n|-start|p1a: Great Tusk|Encore\n|move|p1a: Great Tusk|Bulk Up|p1a: Great Tusk\n|-boost|p1a: Great Tusk|atk|1\n|-boost|p1a: Great Tusk|def|1\n|\n|upkeep\n|turn|21\n|\n|t:|1700495969\n|move|p2a: Sugar Mommy|Calm Mind|p2a: Sugar Mommy\n|-boost|p2a: Sugar Mommy|spa|1\n|-boost|p2a: Sugar Mommy|spd|1\n|move|p1a: Great Tusk|Bulk Up|p1a: Great Tusk\n|-boost|p1a: Great Tusk|atk|1\n|-boost|p1a: Great Tusk|def|1\n|\n|upkeep\n|turn|22\n|\n|t:|1700495971\n|move|p2a: Sugar Mommy|Calm Mind|p2a: Sugar Mommy\n|-boost|p2a: Sugar Mommy|spa|1\n|-boost|p2a: Sugar Mommy|spd|1\n|move|p1a: Great Tusk|Bulk Up|p1a: Great Tusk\n|-boost|p1a: Great Tusk|atk|1\n|-boost|p1a: Great Tusk|def|1\n|\n|-end|p1a: Great Tusk|Encore\n|upkeep\n|turn|23\n|\n|t:|1700495975\n|move|p2a: Sugar Mommy|Encore|p1a: Great Tusk\n|-start|p1a: Great Tusk|Encore\n|move|p1a: Great Tusk|Bulk Up|p1a: Great Tusk\n|-boost|p1a: Great Tusk|atk|1\n|-boost|p1a: Great Tusk|def|1\n|\n|upkeep\n|turn|24\n|l|\u2606FrankTheTank101\n|player|p1|\n|inactive|Battle timer is ON: inactive players will automatically lose when time's up. (requested by Play_For_Life_18)\n|inactive|FrankTheTank101 has 30 seconds to reconnect!\n|inactive|FrankTheTank101 has 20 seconds to reconnect!\n|inactive|FrankTheTank101 has 15 seconds to reconnect!\n|inactive|FrankTheTank101 has 10 seconds to reconnect!\n|inactive|FrankTheTank101 has 5 seconds to reconnect!\n|-message|FrankTheTank101 lost due to inactivity.\n|\n|win|Play_For_Life_18\n|raw|FrankTheTank101's rating: 1102 &rarr; <strong>1081<\/strong><br \/>(-21 for losing)\n|raw|Play_For_Life_18's rating: 1154 &rarr; <strong>1175<\/strong><br \/>(+21 for winning)\n","uploadtime":1700496209,"views":6,"p1id":"frankthetank101","p2id":"playforlife18","formatid":"gen9ou","rating":1081,"private":0,"password":""}