{"id":"gen9ou-1991188406","p1":"kamikaze banzai","p2":"PA_Thomas","format":"[Gen 9] OU","log":"|j|\u2606kamikaze banzai\n|j|\u2606PA_Thomas\n|t:|1700055149\n|gametype|singles\n|player|p1|kamikaze banzai|101|1306\n|player|p2|PA_Thomas|shadowtriad|1403\n|teamsize|p1|6\n|teamsize|p2|6\n|gen|9\n|tier|[Gen 9] OU\n|rated|\n|rule|Sleep Clause Mod: Limit one foe put to sleep\n|rule|Species Clause: Limit one of each Pok\u00e9mon\n|rule|OHKO Clause: OHKO moves are banned\n|rule|Evasion Items Clause: Evasion items are banned\n|rule|Evasion Moves Clause: Evasion moves are banned\n|rule|Endless Battle Clause: Forcing endless battles is banned\n|rule|HP Percentage Mod: HP is shown in percentages\n|clearpoke\n|poke|p1|Kingambit, F|\n|poke|p1|Jirachi|\n|poke|p1|Iron Valiant|\n|poke|p1|Rillaboom, F|\n|poke|p1|Greninja-*, M|\n|poke|p1|Zapdos|\n|poke|p2|Ogerpon-Wellspring, F|\n|poke|p2|Iron Moth|\n|poke|p2|Dragapult, M|\n|poke|p2|Blissey, F|\n|poke|p2|Great Tusk|\n|poke|p2|Ceruledge, F|\n|teampreview\n|inactive|Battle timer is ON: inactive players will automatically lose when time's up. (requested by kamikaze banzai)\n|j| cg legend\n|\n|t:|1700055161\n|start\n|switch|p1a: buzz l1ghtyear|Iron Valiant|100\/100\n|switch|p2a: Dragapult|Dragapult, M|100\/100\n|turn|1\n|\n|t:|1700055171\n|move|p2a: Dragapult|U-turn|p1a: buzz l1ghtyear\n|-resisted|p1a: buzz l1ghtyear\n|-damage|p1a: buzz l1ghtyear|95\/100\n|c|\u2606kamikaze banzai|herro\n|\n|t:|1700055177\n|switch|p2a: Blissey|Blissey, F|100\/100|[from] U-turn\n|move|p1a: buzz l1ghtyear|Moonblast|p2a: Blissey\n|-damage|p2a: Blissey|78\/100\n|-damage|p1a: buzz l1ghtyear|86\/100|[from] item: Life Orb\n|\n|upkeep\n|turn|2\n|c|\u2606kamikaze banzai|glhf\n|\n|t:|1700055189\n|move|p1a: buzz l1ghtyear|Psyshock|p2a: Blissey\n|-damage|p2a: Blissey|49\/100\n|-damage|p1a: buzz l1ghtyear|76\/100|[from] item: Life Orb\n|move|p2a: Blissey|Stealth Rock|p1a: buzz l1ghtyear\n|-sidestart|p1: kamikaze banzai|move: Stealth Rock\n|\n|upkeep\n|turn|3\n|\n|t:|1700055196\n|move|p1a: buzz l1ghtyear|Aura Sphere|p2a: Blissey\n|-supereffective|p2a: Blissey\n|-damage|p2a: Blissey|11\/100\n|-damage|p1a: buzz l1ghtyear|66\/100|[from] item: Life Orb\n|move|p2a: Blissey|Soft-Boiled|p2a: Blissey\n|-heal|p2a: Blissey|61\/100\n|\n|upkeep\n|turn|4\n|\n|t:|1700055204\n|move|p1a: buzz l1ghtyear|Moonblast|p2a: Blissey\n|-damage|p2a: Blissey|40\/100\n|-damage|p1a: buzz l1ghtyear|57\/100|[from] item: Life Orb\n|move|p2a: Blissey|Soft-Boiled|p2a: Blissey\n|-heal|p2a: Blissey|90\/100\n|\n|upkeep\n|turn|5\n|\n|t:|1700055215\n|-end|p1a: buzz l1ghtyear|Quark Drive|[silent]\n|switch|p1a: Rillaboom|Rillaboom, F|100\/100\n|-damage|p1a: Rillaboom|88\/100|[from] Stealth Rock\n|-fieldstart|move: Grassy Terrain|[from] ability: Grassy Surge|[of] p1a: Rillaboom\n|move|p2a: Blissey|Shadow Ball|p1a: Rillaboom\n|-damage|p1a: Rillaboom|73\/100\n|\n|-heal|p1a: Rillaboom|79\/100|[from] Grassy Terrain\n|-heal|p2a: Blissey|96\/100|[from] Grassy Terrain\n|upkeep\n|turn|6\n|c|\u2606kamikaze banzai|pow\n|\n|t:|1700055227\n|switch|p2a: Iron Moth|Iron Moth|100\/100\n|-enditem|p2a: Iron Moth|Booster Energy\n|-activate|p2a: Iron Moth|ability: Quark Drive|[fromitem]\n|-start|p2a: Iron Moth|quarkdrivespe\n|move|p1a: Rillaboom|Wood Hammer|p2a: Iron Moth\n|-resisted|p2a: Iron Moth\n|-damage|p2a: Iron Moth|52\/100\n|-damage|p1a: Rillaboom|67\/100|[from] Recoil\n|\n|-heal|p2a: Iron Moth|58\/100|[from] Grassy Terrain\n|-heal|p1a: Rillaboom|74\/100|[from] Grassy Terrain\n|upkeep\n|turn|7\n|\n|t:|1700055235\n|switch|p1a: Sheik|Greninja, M|100\/100\n|-damage|p1a: Sheik|88\/100|[from] Stealth Rock\n|move|p2a: Iron Moth|Fiery Dance|p1a: Sheik\n|-resisted|p1a: Sheik\n|-damage|p1a: Sheik|57\/100\n|\n|-heal|p2a: Iron Moth|64\/100|[from] Grassy Terrain\n|-heal|p1a: Sheik|63\/100|[from] Grassy Terrain\n|upkeep\n|turn|8\n|\n|t:|1700055245\n|move|p1a: Sheik|Water Shuriken|p2a: Iron Moth\n|-supereffective|p2a: Iron Moth\n|-damage|p2a: Iron Moth|48\/100\n|-supereffective|p2a: Iron Moth\n|-damage|p2a: Iron Moth|33\/100\n|-supereffective|p2a: Iron Moth\n|-damage|p2a: Iron Moth|19\/100\n|-supereffective|p2a: Iron Moth\n|-crit|p2a: Iron Moth\n|-damage|p2a: Iron Moth|0 fnt\n|faint|p2a: Iron Moth\n|-end|p2a: Iron Moth|Quark Drive|[silent]\n|-ability|p1a: Sheik|Battle Bond|boost\n|-boost|p1a: Sheik|atk|1\n|-boost|p1a: Sheik|spa|1\n|-boost|p1a: Sheik|spe|1\n|-activate|p1a: Sheik|ability: Battle Bond\n|-hitcount|p2: Iron Moth|4\n|\n|-heal|p1a: Sheik|69\/100|[from] Grassy Terrain\n|upkeep\n|\n|t:|1700055249\n|switch|p2a: Ogerpon|Ogerpon-Wellspring, F|100\/100\n|turn|9\n|\n|t:|1700055258\n|-terastallize|p2a: Ogerpon|Water\n|detailschange|p2a: Ogerpon|Ogerpon-Wellspring-Tera, F, tera:Water\n|-ability|p2a: Ogerpon|Embody Aspect (Wellspring)|boost\n|-boost|p2a: Ogerpon|spd|1\n|move|p1a: Sheik|Dark Pulse|p2a: Ogerpon\n|-damage|p2a: Ogerpon|61\/100\n|cant|p2a: Ogerpon|flinch\n|\n|-heal|p1a: Sheik|75\/100|[from] Grassy Terrain\n|-heal|p2a: Ogerpon|67\/100|[from] Grassy Terrain\n|-fieldend|move: Grassy Terrain\n|upkeep\n|turn|10\n|\n|t:|1700055267\n|move|p1a: Sheik|Dark Pulse|p2a: Ogerpon\n|-crit|p2a: Ogerpon\n|-damage|p2a: Ogerpon|0 fnt\n|faint|p2a: Ogerpon\n|\n|upkeep\n|c|\u2606kamikaze banzai|wow\n|c| cg legend|wow\n|c|\u2606kamikaze banzai|no way\n|c|\u2606kamikaze banzai|that luck\n|c|\u2606PA_Thomas|WOW\n|\n|t:|1700055284\n|switch|p2a: Dragapult|Dragapult, M|100\/100\n|turn|11\n|\n|t:|1700055291\n|move|p1a: Sheik|Ice Beam|p2a: Dragapult\n|-supereffective|p2a: Dragapult\n|-damage|p2a: Dragapult|0 fnt\n|faint|p2a: Dragapult\n|\n|upkeep\n|c|\u2606kamikaze banzai|I won't blame if u report me\n|\n|t:|1700055297\n|switch|p2a: Great Tusk|Great Tusk|100\/100\n|turn|12\n|c|\u2606kamikaze banzai|jeez\n|\n|t:|1700055302\n|move|p1a: Sheik|Surf|p2a: Great Tusk\n|-supereffective|p2a: Great Tusk\n|-damage|p2a: Great Tusk|0 fnt\n|faint|p2a: Great Tusk\n|-end|p2a: Great Tusk|Protosynthesis|[silent]\n|\n|upkeep\n|\n|t:|1700055307\n|switch|p2a: Blissey|Blissey, F|96\/100\n|turn|13\n|c|\u2606kamikaze banzai|ggw[p\n|\n|t:|1700055311\n|move|p1a: Sheik|Ice Beam|p2a: Blissey\n|-damage|p2a: Blissey|80\/100\n|move|p2a: Blissey|Seismic Toss|p1a: Sheik\n|-damage|p1a: Sheik|40\/100\n|\n|upkeep\n|turn|14\n|\n|t:|1700055317\n|move|p1a: Sheik|Surf|p2a: Blissey\n|-damage|p2a: Blissey|59\/100\n|move|p2a: Blissey|Seismic Toss|p1a: Sheik\n|-damage|p1a: Sheik|5\/100\n|\n|upkeep\n|turn|15\n|\n|t:|1700055325\n|move|p1a: Sheik|Surf|p2a: Blissey\n|-damage|p2a: Blissey|36\/100\n|move|p2a: Blissey|Seismic Toss|p1a: Sheik\n|-damage|p1a: Sheik|0 fnt\n|faint|p1a: Sheik\n|\n|upkeep\n|\n|t:|1700055331\n|switch|p1a: Rillaboom|Rillaboom, F|74\/100\n|-damage|p1a: Rillaboom|61\/100|[from] Stealth Rock\n|-fieldstart|move: Grassy Terrain|[from] ability: Grassy Surge|[of] p1a: Rillaboom\n|turn|16\n|\n|t:|1700055338\n|move|p1a: Rillaboom|Knock Off|p2a: Blissey\n|-damage|p2a: Blissey|0 fnt\n|-enditem|p2a: Blissey|Heavy-Duty Boots|[from] move: Knock Off|[of] p1a: Rillaboom\n|faint|p2a: Blissey\n|\n|-heal|p1a: Rillaboom|67\/100|[from] Grassy Terrain\n|upkeep\n|c|\u2606kamikaze banzai|ggwp\n|\n|t:|1700055344\n|switch|p2a: Ceruledge|Ceruledge, F|100\/100\n|turn|17\n|\n|t:|1700055348\n|switch|p1a: KFC|Zapdos|100\/100\n|-damage|p1a: KFC|76\/100|[from] Stealth Rock\n|move|p2a: Ceruledge|Bulk Up|p2a: Ceruledge\n|-boost|p2a: Ceruledge|atk|1\n|-boost|p2a: Ceruledge|def|1\n|\n|upkeep\n|turn|18\n|\n|t:|1700055357\n|move|p1a: KFC|U-turn|p2a: Ceruledge\n|-resisted|p2a: Ceruledge\n|-damage|p2a: Ceruledge|97\/100\n|\n|t:|1700055363\n|switch|p1a: buzz l1ghtyear|Iron Valiant|57\/100|[from] U-turn\n|-damage|p1a: buzz l1ghtyear|50\/100|[from] Stealth Rock\n|move|p2a: Ceruledge|Bitter Blade|p1a: buzz l1ghtyear\n|-damage|p1a: buzz l1ghtyear|0 fnt\n|-heal|p2a: Ceruledge|100\/100|[from] drain|[of] p1a: buzz l1ghtyear\n|faint|p1a: buzz l1ghtyear\n|-end|p1a: buzz l1ghtyear|Quark Drive|[silent]\n|\n|upkeep\n|\n|t:|1700055365\n|switch|p1a: Rillaboom|Rillaboom, F|67\/100\n|-damage|p1a: Rillaboom|55\/100|[from] Stealth Rock\n|turn|19\n|\n|t:|1700055375\n|move|p1a: Rillaboom|Grassy Glide|p2a: Ceruledge\n|-resisted|p2a: Ceruledge\n|-damage|p2a: Ceruledge|72\/100\n|move|p2a: Ceruledge|Bitter Blade|p1a: Rillaboom\n|-supereffective|p1a: Rillaboom\n|-damage|p1a: Rillaboom|0 fnt\n|-heal|p2a: Ceruledge|100\/100|[from] drain|[of] p1a: Rillaboom\n|faint|p1a: Rillaboom\n|\n|upkeep\n|c|\u2606kamikaze banzai|oh no\n|c|\u2606kamikaze banzai|noooooooooo\n|\n|t:|1700055383\n|switch|p1a: 60%|Jirachi|100\/100\n|-damage|p1a: 60%|94\/100|[from] Stealth Rock\n|turn|20\n|c| cg legend|oh no bro\n|\n|t:|1700055391\n|move|p1a: 60%|Iron Head|p2a: Ceruledge\n|-resisted|p2a: Ceruledge\n|-damage|p2a: Ceruledge|85\/100\n|cant|p2a: Ceruledge|flinch\n|\n|-heal|p1a: 60%|100\/100|[from] Grassy Terrain\n|-heal|p2a: Ceruledge|92\/100|[from] Grassy Terrain\n|-fieldend|move: Grassy Terrain\n|upkeep\n|turn|21\n|c|\u2606kamikaze banzai|:)\n|\n|t:|1700055401\n|move|p1a: 60%|Iron Head|p2a: Ceruledge\n|-resisted|p2a: Ceruledge\n|-damage|p2a: Ceruledge|74\/100\n|cant|p2a: Ceruledge|flinch\n|\n|upkeep\n|turn|22\n|c| cg legend|come back of the century\n|\n|t:|1700055407\n|move|p1a: 60%|Iron Head|p2a: Ceruledge\n|-resisted|p2a: Ceruledge\n|-damage|p2a: Ceruledge|57\/100\n|move|p2a: Ceruledge|Bitter Blade|p1a: 60%\n|-supereffective|p1a: 60%\n|-damage|p1a: 60%|0 fnt\n|-heal|p2a: Ceruledge|100\/100|[from] drain|[of] p1a: 60%\n|faint|p1a: 60%\n|\n|upkeep\n|\n|t:|1700055412\n|switch|p1a: KFC|Zapdos|76\/100\n|-damage|p1a: KFC|51\/100|[from] Stealth Rock\n|turn|23\n|\n|t:|1700055418\n|move|p1a: KFC|Thunderbolt|p2a: Ceruledge\n|-damage|p2a: Ceruledge|61\/100\n|move|p2a: Ceruledge|Bitter Blade|p1a: KFC\n|-damage|p1a: KFC|0 fnt\n|-heal|p2a: Ceruledge|89\/100|[from] drain|[of] p1a: KFC\n|-damage|p2a: Ceruledge|72\/100|[from] item: Rocky Helmet|[of] p1a: KFC\n|faint|p1a: KFC\n|\n|upkeep\n|\n|t:|1700055423\n|switch|p1a: knoife|Kingambit, F|100\/100\n|-damage|p1a: knoife|94\/100|[from] Stealth Rock\n|-activate|p1a: knoife|ability: Supreme Overlord\n|-start|p1a: knoife|fallen5|[silent]\n|turn|24\n|c|\u2606kamikaze banzai|ggwp\n|\n|t:|1700055429\n|-terastallize|p1a: knoife|Dark\n|move|p1a: knoife|Sucker Punch|p2a: Ceruledge\n|-supereffective|p2a: Ceruledge\n|-damage|p2a: Ceruledge|0 fnt\n|faint|p2a: Ceruledge\n|\n|win|kamikaze banzai\n|raw|kamikaze banzai's rating: 1306 &rarr; <strong>1331<\/strong><br \/>(+25 for winning)\n|raw|PA_Thomas's rating: 1403 &rarr; <strong>1378<\/strong><br \/>(-25 for losing)\n|c|\u2606kamikaze banzai|I die\n|c|\u2606PA_Thomas|GG\n|c|\u2606kamikaze banzai|oh yooo\n|l|\u2606PA_Thomas\n|c|\u2606kamikaze banzai|GG\n|l| cg legend\n","uploadtime":1700055536,"views":11,"p1id":"kamikazebanzai","p2id":"pathomas","formatid":"gen9ou","rating":1331,"private":0,"password":""}