{"id":"gen9ou-1997854030","p1":"Lizardoman","p2":"Imanjoneser","format":"[Gen 9] OU","log":"|j|\u2606Lizardoman\n|j|\u2606Imanjoneser\n|t:|1700860015\n|gametype|singles\n|player|p1|Lizardoman|1|1098\n|player|p2|Imanjoneser|bugcatcher-gen4dp|1079\n|teamsize|p1|6\n|teamsize|p2|6\n|gen|9\n|tier|[Gen 9] OU\n|rated|\n|rule|Sleep Clause Mod: Limit one foe put to sleep\n|rule|Species Clause: Limit one of each Pok\u00e9mon\n|rule|OHKO Clause: OHKO moves are banned\n|rule|Evasion Items Clause: Evasion items are banned\n|rule|Evasion Moves Clause: Evasion moves are banned\n|rule|Endless Battle Clause: Forcing endless battles is banned\n|rule|HP Percentage Mod: HP is shown in percentages\n|clearpoke\n|poke|p1|Veluza, M|\n|poke|p1|Staraptor, F|\n|poke|p1|Squawkabilly, M|\n|poke|p1|Seviper, M|\n|poke|p1|Zangoose, F|\n|poke|p1|Kingambit, F|\n|poke|p2|Chesnaught, M|\n|poke|p2|Infernape, F|\n|poke|p2|Meowscarada, F|\n|poke|p2|Skeledirge, M|\n|poke|p2|Quaquaval, F|\n|poke|p2|Inteleon, F|\n|teampreview\n|inactive|Battle timer is ON: inactive players will automatically lose when time's up. (requested by Lizardoman)\n|\n|t:|1700860036\n|start\n|switch|p1a: Veluza|Veluza, M|100\/100\n|switch|p2a: Meowscarada|Meowscarada, F, shiny|100\/100\n|-ability|p1a: Veluza|Mold Breaker\n|turn|1\n|\n|t:|1700860044\n|move|p1a: Veluza|Final Gambit|p2a: Meowscarada\n|-enditem|p2a: Meowscarada|Focus Sash\n|-damage|p2a: Meowscarada|1\/100\n|faint|p1a: Veluza\n|move|p2a: Meowscarada|Flower Trick|p1: Veluza|[notarget]\n|-fail|p2a: Meowscarada\n|\n|upkeep\n|\n|t:|1700860048\n|switch|p1a: Staraptor|Staraptor, F|100\/100\n|-ability|p1a: Staraptor|Intimidate|boost\n|-unboost|p2a: Meowscarada|atk|1\n|turn|2\n|\n|t:|1700860056\n|move|p1a: Staraptor|Final Gambit|p2a: Meowscarada\n|-damage|p2a: Meowscarada|0 fnt\n|faint|p1a: Staraptor\n|faint|p2a: Meowscarada\n|\n|upkeep\n|c|\u2606Imanjoneser|geez!\n|\n|t:|1700860069\n|switch|p2a: Infernape|Infernape, F, shiny|100\/100\n|switch|p1a: Squawkabilly|Squawkabilly, M|100\/100\n|-ability|p1a: Squawkabilly|Intimidate|boost\n|-unboost|p2a: Infernape|atk|1\n|turn|3\n|\n|t:|1700860074\n|move|p1a: Squawkabilly|Final Gambit|p2a: Infernape\n|-enditem|p2a: Infernape|Focus Sash\n|-damage|p2a: Infernape|1\/100\n|faint|p1a: Squawkabilly\n|move|p2a: Infernape|Swords Dance|p2a: Infernape\n|-boost|p2a: Infernape|atk|2\n|\n|upkeep\n|\n|t:|1700860077\n|switch|p1a: Seviper|Seviper, M|100\/100\n|turn|4\n|\n|t:|1700860086\n|move|p1a: Seviper|Final Gambit|p2a: Infernape\n|-damage|p2a: Infernape|0 fnt\n|faint|p1a: Seviper\n|faint|p2a: Infernape\n|\n|upkeep\n|\n|t:|1700860092\n|switch|p2a: Chesnaught|Chesnaught, M, shiny|100\/100\n|switch|p1a: Zangoose|Zangoose, F|100\/100\n|turn|5\n|\n|t:|1700860100\n|move|p1a: Zangoose|Final Gambit|p2a: Chesnaught\n|-damage|p2a: Chesnaught|8\/100\n|faint|p1a: Zangoose\n|move|p2a: Chesnaught|Knock Off|p1: Zangoose|[notarget]\n|-fail|p2a: Chesnaught\n|\n|upkeep\n|\n|t:|1700860103\n|switch|p1a: Kingambit|Kingambit, F|100\/100\n|-activate|p1a: Kingambit|ability: Supreme Overlord\n|-start|p1a: Kingambit|fallen5|[silent]\n|turn|6\n|\n|t:|1700860108\n|move|p1a: Kingambit|Sucker Punch|p2a: Chesnaught\n|-resisted|p2a: Chesnaught\n|-damage|p2a: Chesnaught|0 fnt\n|-damage|p1a: Kingambit|84\/100|[from] item: Rocky Helmet|[of] p2a: Chesnaught\n|faint|p2a: Chesnaught\n|\n|upkeep\n|\n|t:|1700860114\n|switch|p2a: Quaquaval|Quaquaval, F, shiny|100\/100\n|turn|7\n|\n|t:|1700860130\n|move|p1a: Kingambit|Sucker Punch|p2a: Quaquaval\n|-resisted|p2a: Quaquaval\n|-crit|p2a: Quaquaval\n|-damage|p2a: Quaquaval|27\/100\n|move|p2a: Quaquaval|Brick Break|p1a: Kingambit\n|-supereffective|p1a: Kingambit\n|-damage|p1a: Kingambit|0 fnt\n|faint|p1a: Kingambit\n|-end|p1a: Kingambit|fallen5|[silent]\n|\n|win|Imanjoneser\n|raw|Lizardoman's rating: 1098 &rarr; <strong>1072<\/strong><br \/>(-26 for losing)\n|raw|Imanjoneser's rating: 1079 &rarr; <strong>1109<\/strong><br \/>(+30 for winning)\n|l|\u2606Lizardoman\n","uploadtime":1700860143,"views":2,"p1id":"lizardoman","p2id":"imanjoneser","formatid":"gen9ou","rating":1072,"private":0,"password":""}