{"id":"gen9ou-1995583196","p1":"Speecrab","p2":"Phrensoph","format":"[Gen 9] OU","log":"|j|\u2606Speecrab\n|j|\u2606Phrensoph\n|t:|1700584907\n|gametype|singles\n|player|p1|Speecrab|preschooler|1160\n|player|p2|Phrensoph|harlequin|1180\n|teamsize|p1|6\n|teamsize|p2|6\n|gen|9\n|tier|[Gen 9] OU\n|rated|\n|rule|Sleep Clause Mod: Limit one foe put to sleep\n|rule|Species Clause: Limit one of each Pok\u00e9mon\n|rule|OHKO Clause: OHKO moves are banned\n|rule|Evasion Items Clause: Evasion items are banned\n|rule|Evasion Moves Clause: Evasion moves are banned\n|rule|Endless Battle Clause: Forcing endless battles is banned\n|rule|HP Percentage Mod: HP is shown in percentages\n|clearpoke\n|poke|p1|Amoonguss, F|\n|poke|p1|Kommo-o, M|\n|poke|p1|Ogerpon-Cornerstone, F|\n|poke|p1|Toxapex, F|\n|poke|p1|Kingambit, M|\n|poke|p1|Great Tusk|\n|poke|p2|Great Tusk|\n|poke|p2|Garchomp, M|\n|poke|p2|Ogerpon-Wellspring, F|\n|poke|p2|Meowscarada, F|\n|poke|p2|Heatran, M|\n|poke|p2|Mismagius, F|\n|teampreview\n|\n|t:|1700584910\n|start\n|switch|p1a: Great Tusk|Great Tusk|100\/100\n|switch|p2a: SPIKES|Meowscarada, F|100\/100\n|turn|1\n|\n|t:|1700584916\n|move|p2a: SPIKES|Taunt|p1a: Great Tusk\n|-start|p1a: Great Tusk|move: Taunt\n|cant|p1a: Great Tusk|move: Taunt|Stealth Rock\n|\n|upkeep\n|turn|2\n|\n|t:|1700584921\n|move|p2a: SPIKES|Leaf Storm|p1a: Great Tusk\n|-supereffective|p1a: Great Tusk\n|-damage|p1a: Great Tusk|10\/100\n|-unboost|p2a: SPIKES|spa|2\n|move|p1a: Great Tusk|Knock Off|p2a: SPIKES\n|-resisted|p2a: SPIKES\n|-damage|p2a: SPIKES|78\/100\n|-enditem|p2a: SPIKES|Focus Sash|[from] move: Knock Off|[of] p1a: Great Tusk\n|\n|-heal|p1a: Great Tusk|16\/100|[from] item: Leftovers\n|upkeep\n|turn|3\n|\n|t:|1700584930\n|move|p2a: SPIKES|Knock Off|p1a: Great Tusk\n|-resisted|p1a: Great Tusk\n|-damage|p1a: Great Tusk|6\/100\n|-enditem|p1a: Great Tusk|Leftovers|[from] move: Knock Off|[of] p2a: SPIKES\n|move|p1a: Great Tusk|Earthquake|p2a: SPIKES\n|-resisted|p2a: SPIKES\n|-damage|p2a: SPIKES|47\/100\n|\n|-end|p1a: Great Tusk|move: Taunt\n|upkeep\n|turn|4\n|\n|t:|1700584938\n|move|p2a: SPIKES|Knock Off|p1a: Great Tusk\n|-resisted|p1a: Great Tusk\n|-damage|p1a: Great Tusk|0 fnt\n|faint|p1a: Great Tusk\n|-end|p1a: Great Tusk|Protosynthesis|[silent]\n|\n|upkeep\n|\n|t:|1700584946\n|switch|p1a: Toxapex|Toxapex, F|100\/100\n|turn|5\n|\n|t:|1700584951\n|move|p2a: SPIKES|Knock Off|p1a: Toxapex\n|-damage|p1a: Toxapex|65\/100\n|-enditem|p1a: Toxapex|Assault Vest|[from] move: Knock Off|[of] p2a: SPIKES\n|move|p1a: Toxapex|Sludge Bomb|p2a: SPIKES\n|-supereffective|p2a: SPIKES\n|-damage|p2a: SPIKES|0 fnt\n|faint|p2a: SPIKES\n|\n|upkeep\n|\n|t:|1700584970\n|switch|p2a: Horton|Great Tusk|100\/100\n|turn|6\n|\n|t:|1700584974\n|move|p2a: Horton|Headlong Rush|p1a: Toxapex\n|-supereffective|p1a: Toxapex\n|-damage|p1a: Toxapex|0 fnt\n|-unboost|p2a: Horton|def|1\n|-unboost|p2a: Horton|spd|1\n|faint|p1a: Toxapex\n|\n|upkeep\n|\n|t:|1700584979\n|switch|p1a: Kommo-o|Kommo-o, M|100\/100\n|turn|7\n|\n|t:|1700584992\n|move|p2a: Horton|Knock Off|p1a: Kommo-o\n|-resisted|p1a: Kommo-o\n|-damage|p1a: Kommo-o|84\/100\n|-enditem|p1a: Kommo-o|Leftovers|[from] move: Knock Off|[of] p2a: Horton\n|move|p1a: Kommo-o|Clangorous Soul|p1a: Kommo-o\n|-boost|p1a: Kommo-o|atk|1\n|-boost|p1a: Kommo-o|def|1\n|-boost|p1a: Kommo-o|spa|1\n|-boost|p1a: Kommo-o|spd|1\n|-boost|p1a: Kommo-o|spe|1\n|-damage|p1a: Kommo-o|51\/100\n|\n|upkeep\n|turn|8\n|\n|t:|1700585025\n|move|p1a: Kommo-o|Ice Punch|p2a: Horton\n|-supereffective|p2a: Horton\n|-damage|p2a: Horton|22\/100\n|move|p2a: Horton|Headlong Rush|p1a: Kommo-o\n|-damage|p1a: Kommo-o|10\/100\n|-unboost|p2a: Horton|def|1\n|-unboost|p2a: Horton|spd|1\n|\n|upkeep\n|turn|9\n|\n|t:|1700585036\n|move|p1a: Kommo-o|Drain Punch|p2a: Horton\n|-damage|p2a: Horton|0 fnt\n|-heal|p1a: Kommo-o|25\/100|[from] drain|[of] p2a: Horton\n|faint|p2a: Horton\n|-end|p2a: Horton|Protosynthesis|[silent]\n|\n|upkeep\n|\n|t:|1700585046\n|switch|p2a: Mismagius|Mismagius, F|100\/100\n|turn|10\n|\n|t:|1700585050\n|move|p2a: Mismagius|Dazzling Gleam|p1a: Kommo-o\n|-supereffective|p1a: Kommo-o\n|-damage|p1a: Kommo-o|0 fnt\n|faint|p1a: Kommo-o\n|\n|upkeep\n|\n|t:|1700585053\n|switch|p1a: Ogerpon|Ogerpon-Cornerstone, F|100\/100\n|turn|11\n|\n|t:|1700585066\n|switch|p2a: ROCKS|Heatran, M|100\/100\n|move|p1a: Ogerpon|Swords Dance|p1a: Ogerpon\n|-boost|p1a: Ogerpon|atk|2\n|\n|upkeep\n|turn|12\n|\n|t:|1700585075\n|move|p1a: Ogerpon|Ivy Cudgel|p2a: ROCKS|[anim] Ivy Cudgel Rock\n|-damage|p2a: ROCKS|0 fnt\n|faint|p2a: ROCKS\n|\n|upkeep\n|\n|t:|1700585084\n|switch|p2a: Mismagius|Mismagius, F|100\/100\n|turn|13\n|\n|t:|1700585090\n|move|p2a: Mismagius|Destiny Bond|p2a: Mismagius\n|-singlemove|p2a: Mismagius|Destiny Bond\n|move|p1a: Ogerpon|Ivy Cudgel|p2a: Mismagius|[anim] Ivy Cudgel Rock\n|-damage|p2a: Mismagius|0 fnt\n|faint|p2a: Mismagius\n|-activate|p2a: Mismagius|move: Destiny Bond\n|faint|p1a: Ogerpon\n|\n|upkeep\n|\n|t:|1700585100\n|switch|p1a: Amoonguss|Amoonguss, F|100\/100\n|switch|p2a: dRAgoN|Garchomp, M|100\/100\n|turn|14\n|\n|t:|1700585104\n|move|p2a: dRAgoN|Fire Blast|p1a: Amoonguss\n|-supereffective|p1a: Amoonguss\n|-damage|p1a: Amoonguss|38\/100\n|-damage|p2a: dRAgoN|91\/100|[from] item: Life Orb\n|move|p1a: Amoonguss|Spore|p2a: dRAgoN\n|-status|p2a: dRAgoN|slp|[from] move: Spore\n|\n|-heal|p1a: Amoonguss|45\/100|[from] item: Leftovers\n|upkeep\n|turn|15\n|\n|t:|1700585116\n|cant|p2a: dRAgoN|slp\n|move|p1a: Amoonguss|Giga Drain|p2a: dRAgoN\n|-damage|p2a: dRAgoN|60\/100 slp\n|-heal|p1a: Amoonguss|57\/100|[from] drain|[of] p2a: dRAgoN\n|\n|-heal|p1a: Amoonguss|63\/100|[from] item: Leftovers\n|upkeep\n|turn|16\n|\n|t:|1700585125\n|-curestatus|p2a: dRAgoN|slp|[msg]\n|move|p2a: dRAgoN|Poison Jab|p1a: Amoonguss\n|-damage|p1a: Amoonguss|39\/100\n|-damage|p2a: dRAgoN|51\/100|[from] item: Life Orb\n|move|p1a: Amoonguss|Giga Drain|p2a: dRAgoN\n|-damage|p2a: dRAgoN|23\/100\n|-heal|p1a: Amoonguss|50\/100|[from] drain|[of] p2a: dRAgoN\n|\n|-heal|p1a: Amoonguss|56\/100|[from] item: Leftovers\n|upkeep\n|turn|17\n|\n|t:|1700585136\n|move|p2a: dRAgoN|Fire Blast|p1a: Amoonguss\n|-supereffective|p1a: Amoonguss\n|-damage|p1a: Amoonguss|0 fnt\n|faint|p1a: Amoonguss\n|-damage|p2a: dRAgoN|14\/100|[from] item: Life Orb\n|\n|upkeep\n|\n|t:|1700585138\n|switch|p1a: Kingambit|Kingambit, M|100\/100\n|-activate|p1a: Kingambit|ability: Supreme Overlord\n|-start|p1a: Kingambit|fallen5|[silent]\n|turn|18\n|\n|t:|1700585144\n|switch|p2a: Janitor|Ogerpon-Wellspring, F|100\/100\n|move|p1a: Kingambit|Sucker Punch||[still]\n|-fail|p1a: Kingambit\n|\n|upkeep\n|turn|19\n|\n|t:|1700585160\n|move|p2a: Janitor|Encore|p1a: Kingambit\n|-start|p1a: Kingambit|Encore\n|move|p1a: Kingambit|Sucker Punch||[still]\n|-fail|p1a: Kingambit\n|\n|upkeep\n|turn|20\n|\n|t:|1700585170\n|move|p1a: Kingambit|Sucker Punch||[still]\n|-fail|p1a: Kingambit\n|move|p2a: Janitor|Swords Dance|p2a: Janitor\n|-boost|p2a: Janitor|atk|2\n|\n|upkeep\n|turn|21\n|\n|t:|1700585176\n|move|p1a: Kingambit|Sucker Punch||[still]\n|-fail|p1a: Kingambit\n|move|p2a: Janitor|Swords Dance|p2a: Janitor\n|-boost|p2a: Janitor|atk|2\n|\n|-end|p1a: Kingambit|Encore\n|upkeep\n|turn|22\n|\n|t:|1700585184\n|move|p2a: Janitor|Encore|p1a: Kingambit\n|-start|p1a: Kingambit|Encore\n|move|p1a: Kingambit|Sucker Punch||[still]\n|-fail|p1a: Kingambit\n|\n|upkeep\n|turn|23\n|\n|t:|1700585189\n|move|p1a: Kingambit|Sucker Punch||[still]\n|-fail|p1a: Kingambit\n|move|p2a: Janitor|Swords Dance|p2a: Janitor\n|-boost|p2a: Janitor|atk|2\n|\n|upkeep\n|turn|24\n|\n|t:|1700585199\n|move|p1a: Kingambit|Sucker Punch||[still]\n|-fail|p1a: Kingambit\n|move|p2a: Janitor|Swords Dance|p2a: Janitor\n|-boost|p2a: Janitor|atk|0\n|\n|-end|p1a: Kingambit|Encore\n|upkeep\n|turn|25\n|\n|t:|1700585220\n|move|p2a: Janitor|Ivy Cudgel|p1a: Kingambit|[anim] Ivy Cudgel Water\n|-damage|p1a: Kingambit|0 fnt\n|faint|p1a: Kingambit\n|-end|p1a: Kingambit|fallen5|[silent]\n|\n|win|Phrensoph\n|raw|Speecrab's rating: 1160 &rarr; <strong>1136<\/strong><br \/>(-24 for losing)\n|raw|Phrensoph's rating: 1180 &rarr; <strong>1204<\/strong><br \/>(+24 for winning)\n|l|\u2606Speecrab\n|c|\u2606Phrensoph|gg\n","uploadtime":1700585226,"views":1,"p1id":"speecrab","p2id":"phrensoph","formatid":"gen9ou","rating":1136,"private":0,"password":""}