{"id":"gen9ou-1996451394","p1":"banjoindamanjo","p2":"PLLV51 Pata","format":"[Gen 9] OU","log":"|j|\u2606banjoindamanjo\n|j|\u2606PLLV51 Pata\n|t:|1700683287\n|gametype|singles\n|player|p1|banjoindamanjo|musician|1699\n|player|p2|PLLV51 Pata|scientist-gen1rb|1809\n|teamsize|p1|6\n|teamsize|p2|6\n|gen|9\n|tier|[Gen 9] OU\n|rated|\n|rule|Sleep Clause Mod: Limit one foe put to sleep\n|rule|Species Clause: Limit one of each Pok\u00e9mon\n|rule|OHKO Clause: OHKO moves are banned\n|rule|Evasion Items Clause: Evasion items are banned\n|rule|Evasion Moves Clause: Evasion moves are banned\n|rule|Endless Battle Clause: Forcing endless battles is banned\n|rule|HP Percentage Mod: HP is shown in percentages\n|clearpoke\n|poke|p1|Hawlucha, F|\n|poke|p1|Great Tusk|\n|poke|p1|Rillaboom, F|\n|poke|p1|Heatran, F|\n|poke|p1|Dragapult, F|\n|poke|p1|Toxapex, F|\n|poke|p2|Volcanion|\n|poke|p2|Ursaluna, F|\n|poke|p2|Dragapult, F|\n|poke|p2|Kingambit, F|\n|poke|p2|Enamorus, F|\n|poke|p2|Great Tusk|\n|teampreview\n|inactive|Battle timer is ON: inactive players will automatically lose when time's up. (requested by PLLV51 Pata)\n|j| eeferrrerere\n|j| PLLV51 Jojo\n|\n|t:|1700683307\n|start\n|switch|p1a: Dragapult|Dragapult, F|100\/100\n|switch|p2a: Dragapult|Dragapult, F|100\/100\n|turn|1\n|\n|t:|1700683327\n|switch|p1a: Toxapex|Toxapex, F|100\/100\n|move|p2a: Dragapult|Shadow Ball|p1a: Toxapex\n|-damage|p1a: Toxapex|69\/100\n|-enditem|p1a: Toxapex|Eject Button\n|j| Crowned Crystals \u2654@!\n|inactive|banjoindamanjo has 120 seconds left.\n|\n|t:|1700683357\n|switch|p1a: Great Tusk|Great Tusk|100\/100\n|\n|upkeep\n|turn|2\n|\n|t:|1700683373\n|move|p2a: Dragapult|Shadow Ball|p1a: Great Tusk\n|-damage|p1a: Great Tusk|20\/100\n|move|p1a: Great Tusk|Knock Off|p2a: Dragapult\n|-supereffective|p2a: Dragapult\n|-damage|p2a: Dragapult|0 fnt\n|-enditem|p2a: Dragapult|Choice Specs|[from] move: Knock Off|[of] p1a: Great Tusk\n|faint|p2a: Dragapult\n|\n|upkeep\n|c|\u2606PLLV51 Pata|band tusk\n|c|\u2606PLLV51 Pata|daaang\n|inactive|PLLV51 Pata has 120 seconds left.\n|c|\u2606PLLV51 Pata|those damages\n|\n|t:|1700683394\n|switch|p2a: Enamorus|Enamorus, F|100\/100\n|turn|3\n|\n|t:|1700683401\n|-end|p1a: Great Tusk|Protosynthesis|[silent]\n|switch|p1a: Toxapex|Toxapex, F|100\/100\n|move|p2a: Enamorus|Substitute|p2a: Enamorus\n|-start|p2a: Enamorus|Substitute\n|-damage|p2a: Enamorus|76\/100\n|\n|upkeep\n|turn|4\n|\n|t:|1700683406\n|move|p2a: Enamorus|Calm Mind|p2a: Enamorus\n|-boost|p2a: Enamorus|spa|1\n|-boost|p2a: Enamorus|spd|1\n|move|p1a: Toxapex|Sludge Bomb|p2a: Enamorus\n|-supereffective|p2a: Enamorus\n|-end|p2a: Enamorus|Substitute\n|\n|upkeep\n|turn|5\n|\n|t:|1700683430\n|move|p2a: Enamorus|Earth Power|p1a: Toxapex\n|-supereffective|p1a: Toxapex\n|-damage|p1a: Toxapex|34\/100\n|move|p1a: Toxapex|Sludge Bomb|p2a: Enamorus\n|-supereffective|p2a: Enamorus\n|-damage|p2a: Enamorus|38\/100\n|\n|upkeep\n|turn|6\n|inactive|banjoindamanjo has 120 seconds left.\n|\n|t:|1700683454\n|switch|p1a: Hawlucha|Hawlucha, F|100\/100\n|-ability|p1a: Hawlucha|Mold Breaker\n|move|p2a: Enamorus|Moonblast|p1a: Hawlucha\n|-supereffective|p1a: Hawlucha\n|-damage|p1a: Hawlucha|0 fnt\n|faint|p1a: Hawlucha\n|\n|upkeep\n|\n|t:|1700683457\n|switch|p1a: Rillaboom|Rillaboom, F|100\/100\n|-fieldstart|move: Grassy Terrain|[from] ability: Grassy Surge|[of] p1a: Rillaboom\n|turn|7\n|\n|t:|1700683463\n|-terastallize|p1a: Rillaboom|Grass\n|move|p1a: Rillaboom|Grassy Glide|p2a: Enamorus\n|-resisted|p2a: Enamorus\n|-damage|p2a: Enamorus|0 fnt\n|faint|p2a: Enamorus\n|\n|upkeep\n|\n|t:|1700683472\n|switch|p2a: Kingambit|Kingambit, F|100\/100\n|-activate|p2a: Kingambit|ability: Supreme Overlord\n|-start|p2a: Kingambit|fallen2|[silent]\n|turn|8\n|\n|t:|1700683484\n|switch|p1a: Heatran|Heatran, F|100\/100\n|move|p2a: Kingambit|Kowtow Cleave|p1a: Heatran\n|-damage|p1a: Heatran|41\/100\n|\n|-heal|p1a: Heatran|47\/100|[from] Grassy Terrain\n|-heal|p1a: Heatran|53\/100|[from] item: Leftovers\n|upkeep\n|turn|9\n|inactive|PLLV51 Pata has 120 seconds left.\n|\n|t:|1700683528\n|move|p1a: Heatran|Will-O-Wisp|p2a: Kingambit\n|-status|p2a: Kingambit|brn\n|move|p2a: Kingambit|Kowtow Cleave|p1a: Heatran\n|-damage|p1a: Heatran|24\/100\n|\n|-heal|p1a: Heatran|30\/100|[from] Grassy Terrain\n|-heal|p1a: Heatran|36\/100|[from] item: Leftovers\n|-damage|p2a: Kingambit|94\/100 brn|[from] brn\n|upkeep\n|turn|10\n|c|\u2606PLLV51 Pata|the\n|inactive|PLLV51 Pata has 120 seconds left.\n|j| fghn fghn\n|c|\u2606PLLV51 Pata|only\n|c|\u2606PLLV51 Pata|heatran\n|c|\u2606PLLV51 Pata|faster than 175 gambit\n|inactive|banjoindamanjo has 120 seconds left.\n|\n|t:|1700683545\n|move|p1a: Heatran|Magma Storm|p2a: Kingambit|[miss]\n|-miss|p1a: Heatran|p2a: Kingambit\n|move|p2a: Kingambit|Swords Dance|p2a: Kingambit\n|-boost|p2a: Kingambit|atk|2\n|\n|-heal|p1a: Heatran|43\/100|[from] Grassy Terrain\n|-heal|p1a: Heatran|49\/100|[from] item: Leftovers\n|-heal|p2a: Kingambit|100\/100 brn|[from] Grassy Terrain\n|-damage|p2a: Kingambit|94\/100 brn|[from] brn\n|upkeep\n|turn|11\n|\n|t:|1700683551\n|move|p2a: Kingambit|Sucker Punch|p1a: Heatran\n|-crit|p1a: Heatran\n|-damage|p1a: Heatran|0 fnt\n|faint|p1a: Heatran\n|\n|-heal|p2a: Kingambit|100\/100 brn|[from] Grassy Terrain\n|-damage|p2a: Kingambit|94\/100 brn|[from] brn\n|-fieldend|move: Grassy Terrain\n|upkeep\n|\n|t:|1700683557\n|switch|p1a: Toxapex|Toxapex, F|67\/100\n|turn|12\n|\n|t:|1700683563\n|move|p2a: Kingambit|Kowtow Cleave|p1a: Toxapex\n|-damage|p1a: Toxapex|14\/100\n|move|p1a: Toxapex|Haze|p1a: Toxapex\n|-clearallboost\n|\n|-damage|p2a: Kingambit|88\/100 brn|[from] brn\n|upkeep\n|turn|13\n|\n|t:|1700683569\n|switch|p1a: Rillaboom|Rillaboom, F, tera:Grass|100\/100\n|-fieldstart|move: Grassy Terrain|[from] ability: Grassy Surge|[of] p1a: Rillaboom\n|move|p2a: Kingambit|Swords Dance|p2a: Kingambit\n|-boost|p2a: Kingambit|atk|2\n|\n|-heal|p2a: Kingambit|94\/100 brn|[from] Grassy Terrain\n|-damage|p2a: Kingambit|88\/100 brn|[from] brn\n|upkeep\n|turn|14\n|\n|t:|1700683577\n|move|p1a: Rillaboom|High Horsepower|p2a: Kingambit\n|-supereffective|p2a: Kingambit\n|-damage|p2a: Kingambit|2\/100 brn\n|move|p2a: Kingambit|Kowtow Cleave|p1a: Rillaboom\n|-damage|p1a: Rillaboom|34\/100\n|\n|-heal|p1a: Rillaboom|40\/100|[from] Grassy Terrain\n|-heal|p2a: Kingambit|8\/100 brn|[from] Grassy Terrain\n|-damage|p2a: Kingambit|2\/100 brn|[from] brn\n|upkeep\n|turn|15\n|\n|t:|1700683602\n|switch|p1a: Toxapex|Toxapex, F|48\/100\n|move|p2a: Kingambit|Sucker Punch||[still]\n|-fail|p2a: Kingambit\n|\n|-heal|p2a: Kingambit|8\/100 brn|[from] Grassy Terrain\n|-heal|p1a: Toxapex|54\/100|[from] Grassy Terrain\n|-damage|p2a: Kingambit|2\/100 brn|[from] brn\n|upkeep\n|turn|16\n|\n|t:|1700683607\n|move|p2a: Kingambit|Kowtow Cleave|p1a: Toxapex\n|-damage|p1a: Toxapex|1\/100\n|move|p1a: Toxapex|Surf|p2a: Kingambit\n|-damage|p2a: Kingambit|0 fnt\n|faint|p2a: Kingambit\n|-end|p2a: Kingambit|fallen2|[silent]\n|\n|-heal|p1a: Toxapex|7\/100|[from] Grassy Terrain\n|upkeep\n|\n|t:|1700683619\n|switch|p2a: Volcanion|Volcanion|100\/100\n|turn|17\n|\n|t:|1700683629\n|move|p2a: Volcanion|Earth Power|p1a: Toxapex\n|-supereffective|p1a: Toxapex\n|-damage|p1a: Toxapex|0 fnt\n|faint|p1a: Toxapex\n|\n|-fieldend|move: Grassy Terrain\n|upkeep\n|\n|t:|1700683633\n|switch|p1a: Great Tusk|Great Tusk|20\/100\n|turn|18\n|j| WC1-_1WC\n|\n|t:|1700683651\n|switch|p2a: Great Tusk|Great Tusk|100\/100\n|move|p1a: Great Tusk|Headlong Rush|p2a: Great Tusk\n|-damage|p2a: Great Tusk|36\/100\n|-unboost|p1a: Great Tusk|def|1\n|-unboost|p1a: Great Tusk|spd|1\n|\n|upkeep\n|turn|19\n|\n|t:|1700683655\n|move|p2a: Great Tusk|Ice Spinner|p1a: Great Tusk\n|-supereffective|p1a: Great Tusk\n|-damage|p1a: Great Tusk|0 fnt\n|faint|p1a: Great Tusk\n|-end|p1a: Great Tusk|Protosynthesis|[silent]\n|\n|upkeep\n|\n|t:|1700683673\n|switch|p1a: Rillaboom|Rillaboom, F, tera:Grass|40\/100\n|-fieldstart|move: Grassy Terrain|[from] ability: Grassy Surge|[of] p1a: Rillaboom\n|turn|20\n|\n|t:|1700683677\n|move|p1a: Rillaboom|Grassy Glide|p2a: Great Tusk\n|-supereffective|p2a: Great Tusk\n|-damage|p2a: Great Tusk|0 fnt\n|faint|p2a: Great Tusk\n|-end|p2a: Great Tusk|Protosynthesis|[silent]\n|\n|-heal|p1a: Rillaboom|47\/100|[from] Grassy Terrain\n|upkeep\n|\n|t:|1700683687\n|switch|p2a: Volcanion|Volcanion|100\/100\n|turn|21\n|\n|t:|1700683694\n|switch|p1a: Dragapult|Dragapult, F|100\/100\n|move|p2a: Volcanion|Flamethrower|p1a: Dragapult\n|-resisted|p1a: Dragapult\n|-damage|p1a: Dragapult|66\/100\n|\n|-heal|p1a: Dragapult|72\/100|[from] Grassy Terrain\n|upkeep\n|turn|22\n|\n|t:|1700683701\n|switch|p2a: Ursaluna|Ursaluna, F|100\/100\n|move|p1a: Dragapult|Draco Meteor|p2a: Ursaluna\n|-damage|p2a: Ursaluna|16\/100\n|-unboost|p1a: Dragapult|spa|2\n|\n|-heal|p1a: Dragapult|78\/100|[from] Grassy Terrain\n|-heal|p2a: Ursaluna|22\/100|[from] Grassy Terrain\n|-status|p2a: Ursaluna|brn|[from] item: Flame Orb\n|upkeep\n|turn|23\n|\n|t:|1700683708\n|switch|p2a: Volcanion|Volcanion|100\/100\n|move|p1a: Dragapult|Draco Meteor|p2a: Volcanion\n|-damage|p2a: Volcanion|51\/100\n|-unboost|p1a: Dragapult|spa|2\n|\n|-heal|p1a: Dragapult|84\/100|[from] Grassy Terrain\n|-heal|p2a: Volcanion|57\/100|[from] Grassy Terrain\n|upkeep\n|turn|24\n|\n|t:|1700683714\n|-terastallize|p2a: Volcanion|Fairy\n|move|p1a: Dragapult|Draco Meteor|p2a: Volcanion\n|-immune|p2a: Volcanion\n|move|p2a: Volcanion|Tera Blast|p1a: Dragapult|[anim] Tera Blast Fairy\n|-supereffective|p1a: Dragapult\n|-damage|p1a: Dragapult|0 fnt\n|faint|p1a: Dragapult\n|\n|-heal|p2a: Volcanion|64\/100|[from] Grassy Terrain\n|-fieldend|move: Grassy Terrain\n|upkeep\n|\n|t:|1700683721\n|switch|p1a: Rillaboom|Rillaboom, F, tera:Grass|47\/100\n|-fieldstart|move: Grassy Terrain|[from] ability: Grassy Surge|[of] p1a: Rillaboom\n|turn|25\n|\n|t:|1700683731\n|switch|p2a: Ursaluna|Ursaluna, F|22\/100 brn\n|move|p1a: Rillaboom|Grassy Glide|p2a: Ursaluna\n|-supereffective|p2a: Ursaluna\n|-damage|p2a: Ursaluna|0 fnt\n|faint|p2a: Ursaluna\n|\n|-heal|p1a: Rillaboom|53\/100|[from] Grassy Terrain\n|upkeep\n|\n|t:|1700683734\n|switch|p2a: Volcanion|Volcanion, tera:Fairy|64\/100\n|turn|26\n|\n|t:|1700683736\n|move|p1a: Rillaboom|Grassy Glide|p2a: Volcanion\n|-damage|p2a: Volcanion|0 fnt\n|faint|p2a: Volcanion\n|\n|win|banjoindamanjo\n|raw|banjoindamanjo's rating: 1699 &rarr; <strong>1725<\/strong><br \/>(+26 for winning)\n|raw|PLLV51 Pata's rating: 1809 &rarr; <strong>1783<\/strong><br \/>(-26 for losing)\n|l|\u2606PLLV51 Pata\n","uploadtime":1700683741,"views":9,"p1id":"banjoindamanjo","p2id":"pllv51pata","formatid":"gen9ou","rating":1725,"private":0,"password":""}