{"id":"gen9ou-1990286055","p1":"mister big cool","p2":"Fiexthur0314","format":"[Gen 9] OU","log":"|j|\u2606mister big cool\n|j|\u2606Fiexthur0314\n|t:|1699950856\n|gametype|singles\n|player|p1|mister big cool|roxie|1170\n|player|p2|Fiexthur0314|101|1280\n|teamsize|p1|6\n|teamsize|p2|6\n|gen|9\n|tier|[Gen 9] OU\n|rated|\n|rule|Sleep Clause Mod: Limit one foe put to sleep\n|rule|Species Clause: Limit one of each Pok\u00e9mon\n|rule|OHKO Clause: OHKO moves are banned\n|rule|Evasion Items Clause: Evasion items are banned\n|rule|Evasion Moves Clause: Evasion moves are banned\n|rule|Endless Battle Clause: Forcing endless battles is banned\n|rule|HP Percentage Mod: HP is shown in percentages\n|clearpoke\n|poke|p1|Thundurus-Therian, M|\n|poke|p1|Talonflame, M|\n|poke|p1|Samurott-Hisui, F|\n|poke|p1|Rillaboom, F|\n|poke|p1|Sneasler, F|\n|poke|p1|Gholdengo|\n|poke|p2|Hoopa-Unbound|\n|poke|p2|Avalugg, F|\n|poke|p2|Blissey, F|\n|poke|p2|Okidogi, M|\n|poke|p2|Ninetales-Alola, M|\n|poke|p2|Salamence, F|\n|teampreview\n|inactive|Battle timer is ON: inactive players will automatically lose when time's up. (requested by Fiexthur0314)\n|\n|t:|1699950872\n|start\n|switch|p1a: Gholdengo|Gholdengo|100\/100\n|switch|p2a: Ninetales|Ninetales-Alola, M|100\/100\n|-weather|Snow|[from] ability: Snow Warning|[of] p2a: Ninetales\n|turn|1\n|\n|t:|1699950890\n|switch|p2a: Blissey|Blissey, F|100\/100\n|move|p1a: Gholdengo|Make It Rain|p2a: Blissey\n|-damage|p2a: Blissey|81\/100\n|-unboost|p1a: Gholdengo|spa|1\n|\n|-weather|Snow|[upkeep]\n|-heal|p2a: Blissey|87\/100|[from] item: Leftovers\n|upkeep\n|turn|2\n|\n|t:|1699950902\n|move|p1a: Gholdengo|Make It Rain|p2a: Blissey\n|-damage|p2a: Blissey|73\/100\n|-unboost|p1a: Gholdengo|spa|1\n|move|p2a: Blissey|Calm Mind|p2a: Blissey\n|-boost|p2a: Blissey|spa|1\n|-boost|p2a: Blissey|spd|1\n|\n|-weather|Snow|[upkeep]\n|-heal|p2a: Blissey|79\/100|[from] item: Leftovers\n|upkeep\n|turn|3\n|\n|t:|1699950919\n|switch|p1a: Samurott|Samurott-Hisui, F|100\/100\n|move|p2a: Blissey|Calm Mind|p2a: Blissey\n|-boost|p2a: Blissey|spa|1\n|-boost|p2a: Blissey|spd|1\n|\n|-weather|Snow|[upkeep]\n|-heal|p2a: Blissey|86\/100|[from] item: Leftovers\n|upkeep\n|turn|4\n|\n|t:|1699950930\n|switch|p2a: Okidogi|Okidogi, M|100\/100\n|move|p1a: Samurott|Ceaseless Edge|p2a: Okidogi\n|-resisted|p2a: Okidogi\n|-damage|p2a: Okidogi|82\/100\n|-sidestart|p2: Fiexthur0314|Spikes\n|\n|-weather|Snow|[upkeep]\n|-heal|p2a: Okidogi|88\/100|[from] item: Leftovers\n|upkeep\n|turn|5\n|\n|t:|1699950951\n|switch|p1a: Thundurus|Thundurus-Therian, M|100\/100\n|move|p2a: Okidogi|Drain Punch|p1a: Thundurus\n|-resisted|p1a: Thundurus\n|-damage|p1a: Thundurus|62\/100\n|-heal|p2a: Okidogi|100\/100|[from] drain|[of] p1a: Thundurus\n|\n|-weather|none\n|upkeep\n|turn|6\n|\n|t:|1699950969\n|-terastallize|p1a: Thundurus|Flying\n|move|p1a: Thundurus|Tera Blast|p2a: Okidogi|[anim] Tera Blast Flying\n|-supereffective|p2a: Okidogi\n|-damage|p2a: Okidogi|0 fnt\n|faint|p2a: Okidogi\n|\n|upkeep\n|\n|t:|1699950981\n|switch|p2a: Hoopa|Hoopa-Unbound|100\/100\n|-damage|p2a: Hoopa|88\/100|[from] Spikes\n|turn|7\n|\n|t:|1699950995\n|switch|p1a: Samurott|Samurott-Hisui, F|100\/100\n|move|p2a: Hoopa|Dark Pulse|p1a: Samurott\n|-resisted|p1a: Samurott\n|-damage|p1a: Samurott|59\/100\n|\n|upkeep\n|turn|8\n|\n|t:|1699951004\n|switch|p2a: Avalugg|Avalugg, F|100\/100\n|move|p1a: Samurott|Aqua Cutter|p2a: Avalugg\n|-damage|p2a: Avalugg|71\/100\n|\n|upkeep\n|turn|9\n|\n|t:|1699951024\n|switch|p1a: Gholdengo|Gholdengo|100\/100\n|move|p2a: Avalugg|Rapid Spin|p1a: Gholdengo\n|-immune|p1a: Gholdengo\n|\n|upkeep\n|turn|10\n|\n|t:|1699951036\n|switch|p1a: Rillaboom|Rillaboom, F|100\/100\n|-fieldstart|move: Grassy Terrain|[from] ability: Grassy Surge|[of] p1a: Rillaboom\n|switch|p2a: Blissey|Blissey, F|86\/100\n|-damage|p2a: Blissey|73\/100|[from] Spikes\n|\n|-heal|p2a: Blissey|79\/100|[from] Grassy Terrain\n|-heal|p2a: Blissey|85\/100|[from] item: Leftovers\n|upkeep\n|turn|11\n|\n|t:|1699951051\n|switch|p2a: Salamence|Salamence, F|100\/100\n|move|p1a: Rillaboom|Fake Out|p2a: Salamence\n|-damage|p2a: Salamence|83\/100\n|\n|upkeep\n|turn|12\n|\n|t:|1699951062\n|switch|p1a: Thundurus|Thundurus-Therian, M, tera:Flying|62\/100\n|move|p2a: Salamence|Dragon Dance|p2a: Salamence\n|-boost|p2a: Salamence|atk|1\n|-boost|p2a: Salamence|spe|1\n|\n|upkeep\n|turn|13\n|\n|t:|1699951073\n|move|p2a: Salamence|Dragon Claw|p1a: Thundurus\n|-damage|p1a: Thundurus|0 fnt\n|faint|p1a: Thundurus\n|-ability|p2a: Salamence|Moxie|boost\n|-boost|p2a: Salamence|atk|1\n|\n|upkeep\n|inactive|mister big cool has 120 seconds left.\n|\n|t:|1699951095\n|switch|p1a: Sneasler|Sneasler, F|100\/100\n|-enditem|p1a: Sneasler|Grassy Seed\n|-boost|p1a: Sneasler|def|1|[from] item: Grassy Seed\n|turn|14\n|\n|t:|1699951105\n|move|p1a: Sneasler|Acrobatics|p2a: Salamence\n|-damage|p2a: Salamence|27\/100\n|move|p2a: Salamence|Dual Wingbeat|p1a: Sneasler\n|-supereffective|p1a: Sneasler\n|-damage|p1a: Sneasler|0 fnt\n|faint|p1a: Sneasler\n|-ability|p2a: Salamence|Moxie|boost\n|-boost|p2a: Salamence|atk|1\n|-hitcount|p1: Sneasler|1\n|\n|upkeep\n|\n|t:|1699951123\n|switch|p1a: Rillaboom|Rillaboom, F|100\/100\n|turn|15\n|\n|t:|1699951127\n|move|p1a: Rillaboom|Fake Out|p2a: Salamence\n|-damage|p2a: Salamence|10\/100\n|cant|p2a: Salamence|flinch\n|\n|upkeep\n|turn|16\n|inactive|mister big cool has 120 seconds left.\n|\n|t:|1699951139\n|move|p1a: Rillaboom|Grassy Glide|p2a: Salamence\n|-resisted|p2a: Salamence\n|-damage|p2a: Salamence|0 fnt\n|faint|p2a: Salamence\n|\n|upkeep\n|\n|t:|1699951148\n|switch|p2a: Ninetales|Ninetales-Alola, M|100\/100\n|-damage|p2a: Ninetales|88\/100|[from] Spikes\n|-weather|Snow|[from] ability: Snow Warning|[of] p2a: Ninetales\n|turn|17\n|\n|t:|1699951157\n|move|p1a: Rillaboom|Grassy Glide|p2a: Ninetales\n|-damage|p2a: Ninetales|55\/100\n|move|p2a: Ninetales|Aurora Veil|p2a: Ninetales\n|-sidestart|p2: Fiexthur0314|move: Aurora Veil\n|\n|-weather|Snow|[upkeep]\n|-heal|p2a: Ninetales|60\/100|[from] Grassy Terrain\n|-fieldend|move: Grassy Terrain\n|upkeep\n|turn|18\n|\n|t:|1699951169\n|switch|p1a: Gholdengo|Gholdengo|100\/100\n|move|p2a: Ninetales|Freeze-Dry|p1a: Gholdengo\n|-resisted|p1a: Gholdengo\n|-damage|p1a: Gholdengo|85\/100\n|\n|-weather|Snow|[upkeep]\n|upkeep\n|turn|19\n|\n|t:|1699951181\n|switch|p2a: Hoopa|Hoopa-Unbound|88\/100\n|-damage|p2a: Hoopa|76\/100|[from] Spikes\n|move|p1a: Gholdengo|Make It Rain|p2a: Hoopa\n|-damage|p2a: Hoopa|45\/100\n|-unboost|p1a: Gholdengo|spa|1\n|\n|-weather|Snow|[upkeep]\n|upkeep\n|turn|20\n|\n|t:|1699951195\n|move|p1a: Gholdengo|Make It Rain|p2a: Hoopa\n|-damage|p2a: Hoopa|26\/100\n|-unboost|p1a: Gholdengo|spa|1\n|move|p2a: Hoopa|Dark Pulse|p1a: Gholdengo\n|-supereffective|p1a: Gholdengo\n|-damage|p1a: Gholdengo|0 fnt\n|faint|p1a: Gholdengo\n|\n|-weather|Snow|[upkeep]\n|upkeep\n|\n|t:|1699951203\n|switch|p1a: Rillaboom|Rillaboom, F|100\/100\n|-fieldstart|move: Grassy Terrain|[from] ability: Grassy Surge|[of] p1a: Rillaboom\n|turn|21\n|\n|t:|1699951212\n|switch|p2a: Avalugg|Avalugg, F|71\/100\n|move|p1a: Rillaboom|Fake Out|p2a: Avalugg\n|-damage|p2a: Avalugg|69\/100\n|\n|-weather|none\n|-heal|p2a: Avalugg|75\/100|[from] Grassy Terrain\n|upkeep\n|turn|22\n|\n|t:|1699951225\n|move|p1a: Rillaboom|Swords Dance|p1a: Rillaboom\n|-boost|p1a: Rillaboom|atk|2\n|move|p2a: Avalugg|Rapid Spin|p1a: Rillaboom\n|-damage|p1a: Rillaboom|81\/100\n|-boost|p2a: Avalugg|spe|1\n|-sideend|p2: Fiexthur0314|Spikes|[from] move: Rapid Spin|[of] p2a: Avalugg\n|\n|-heal|p1a: Rillaboom|88\/100|[from] Grassy Terrain\n|-heal|p2a: Avalugg|81\/100|[from] Grassy Terrain\n|upkeep\n|turn|23\n|\n|t:|1699951248\n|move|p1a: Rillaboom|Grassy Glide|p2a: Avalugg\n|-damage|p2a: Avalugg|61\/100\n|move|p2a: Avalugg|Iron Defense|p2a: Avalugg\n|-boost|p2a: Avalugg|def|2\n|\n|-heal|p1a: Rillaboom|94\/100|[from] Grassy Terrain\n|-heal|p2a: Avalugg|68\/100|[from] Grassy Terrain\n|upkeep\n|turn|24\n|\n|t:|1699951259\n|switch|p1a: Talonflame|Talonflame, M, shiny|100\/100\n|move|p2a: Avalugg|Iron Defense|p2a: Avalugg\n|-boost|p2a: Avalugg|def|2\n|\n|-heal|p2a: Avalugg|74\/100|[from] Grassy Terrain\n|-sideend|p2: Fiexthur0314|move: Aurora Veil\n|upkeep\n|turn|25\n|\n|t:|1699951269\n|switch|p2a: Ninetales|Ninetales-Alola, M|60\/100\n|-weather|Snow|[from] ability: Snow Warning|[of] p2a: Ninetales\n|move|p1a: Talonflame|Overheat|p2a: Ninetales\n|-supereffective|p2a: Ninetales\n|-damage|p2a: Ninetales|0 fnt\n|-unboost|p1a: Talonflame|spa|2\n|faint|p2a: Ninetales\n|\n|-weather|Snow|[upkeep]\n|upkeep\n|\n|t:|1699951282\n|switch|p2a: Hoopa|Hoopa-Unbound|26\/100\n|turn|26\n|\n|t:|1699951286\n|move|p2a: Hoopa|Dark Pulse|p1a: Talonflame\n|-damage|p1a: Talonflame|38\/100\n|move|p1a: Talonflame|U-turn|p2a: Hoopa\n|-supereffective|p2a: Hoopa\n|-damage|p2a: Hoopa|0 fnt\n|faint|p2a: Hoopa\n|\n|t:|1699951298\n|switch|p1a: Samurott|Samurott-Hisui, F|59\/100|[from] U-turn\n|\n|-weather|Snow|[upkeep]\n|-heal|p1a: Samurott|65\/100|[from] Grassy Terrain\n|upkeep\n|\n|t:|1699951305\n|switch|p2a: Avalugg|Avalugg, F|74\/100\n|turn|27\n|\n|t:|1699951314\n|move|p1a: Samurott|Ceaseless Edge|p2a: Avalugg\n|-damage|p2a: Avalugg|58\/100\n|-sidestart|p2: Fiexthur0314|Spikes\n|move|p2a: Avalugg|Iron Defense|p2a: Avalugg\n|-boost|p2a: Avalugg|def|2\n|\n|-weather|Snow|[upkeep]\n|-heal|p2a: Avalugg|64\/100|[from] ability: Ice Body\n|-heal|p1a: Samurott|72\/100|[from] Grassy Terrain\n|-heal|p2a: Avalugg|71\/100|[from] Grassy Terrain\n|upkeep\n|turn|28\n|\n|t:|1699951328\n|move|p1a: Samurott|Sacred Sword|p2a: Avalugg\n|-supereffective|p2a: Avalugg\n|-crit|p2a: Avalugg\n|-damage|p2a: Avalugg|30\/100\n|move|p2a: Avalugg|Iron Defense|p2a: Avalugg\n|-boost|p2a: Avalugg|def|2\n|\n|-weather|Snow|[upkeep]\n|-heal|p2a: Avalugg|37\/100|[from] ability: Ice Body\n|-heal|p1a: Samurott|78\/100|[from] Grassy Terrain\n|-heal|p2a: Avalugg|43\/100|[from] Grassy Terrain\n|-fieldend|move: Grassy Terrain\n|upkeep\n|turn|29\n|\n|t:|1699951347\n|move|p1a: Samurott|Sacred Sword|p2a: Avalugg\n|-supereffective|p2a: Avalugg\n|-damage|p2a: Avalugg|14\/100\n|move|p2a: Avalugg|Recover|p2a: Avalugg\n|-heal|p2a: Avalugg|64\/100\n|\n|-weather|none\n|upkeep\n|turn|30\n|\n|t:|1699951356\n|move|p1a: Samurott|Sacred Sword|p2a: Avalugg\n|-supereffective|p2a: Avalugg\n|-damage|p2a: Avalugg|22\/100\n|move|p2a: Avalugg|Body Press|p1a: Samurott\n|-supereffective|p1a: Samurott\n|-damage|p1a: Samurott|0 fnt\n|faint|p1a: Samurott\n|\n|upkeep\n|\n|t:|1699951365\n|switch|p1a: Talonflame|Talonflame, M, shiny|38\/100\n|turn|31\n|\n|t:|1699951379\n|switch|p2a: Blissey|Blissey, F|85\/100\n|-damage|p2a: Blissey|73\/100|[from] Spikes\n|move|p1a: Talonflame|Overheat|p2a: Blissey\n|-damage|p2a: Blissey|58\/100\n|-unboost|p1a: Talonflame|spa|2\n|\n|-heal|p2a: Blissey|64\/100|[from] item: Leftovers\n|upkeep\n|turn|32\n|\n|t:|1699951390\n|move|p1a: Talonflame|U-turn|p2a: Blissey\n|-damage|p2a: Blissey|38\/100\n|\n|t:|1699951393\n|switch|p1a: Rillaboom|Rillaboom, F|94\/100|[from] U-turn\n|-fieldstart|move: Grassy Terrain|[from] ability: Grassy Surge|[of] p1a: Rillaboom\n|move|p2a: Blissey|Ice Beam|p1a: Rillaboom\n|-supereffective|p1a: Rillaboom\n|-damage|p1a: Rillaboom|50\/100\n|\n|-heal|p1a: Rillaboom|57\/100|[from] Grassy Terrain\n|-heal|p2a: Blissey|44\/100|[from] Grassy Terrain\n|-heal|p2a: Blissey|50\/100|[from] item: Leftovers\n|upkeep\n|turn|33\n|\n|t:|1699951415\n|-terastallize|p2a: Blissey|Ghost\n|move|p1a: Rillaboom|Fake Out|p2a: Blissey\n|-immune|p2a: Blissey\n|move|p2a: Blissey|Soft-Boiled|p2a: Blissey\n|-heal|p2a: Blissey|99\/100\n|\n|-heal|p1a: Rillaboom|63\/100|[from] Grassy Terrain\n|-heal|p2a: Blissey|100\/100|[from] Grassy Terrain\n|upkeep\n|turn|34\n|\n|t:|1699951429\n|move|p1a: Rillaboom|Knock Off|p2a: Blissey\n|-supereffective|p2a: Blissey\n|-damage|p2a: Blissey|0 fnt\n|-enditem|p2a: Blissey|Leftovers|[from] move: Knock Off|[of] p1a: Rillaboom\n|faint|p2a: Blissey\n|\n|-heal|p1a: Rillaboom|69\/100|[from] Grassy Terrain\n|upkeep\n|\n|t:|1699951437\n|switch|p2a: Avalugg|Avalugg, F|22\/100\n|turn|35\n|\n|t:|1699951445\n|move|p1a: Rillaboom|Knock Off|p2a: Avalugg\n|-damage|p2a: Avalugg|3\/100\n|-enditem|p2a: Avalugg|Heavy-Duty Boots|[from] move: Knock Off|[of] p1a: Rillaboom\n|move|p2a: Avalugg|Recover|p2a: Avalugg\n|-heal|p2a: Avalugg|53\/100\n|\n|-heal|p1a: Rillaboom|75\/100|[from] Grassy Terrain\n|-heal|p2a: Avalugg|59\/100|[from] Grassy Terrain\n|upkeep\n|turn|36\n|\n|t:|1699951458\n|move|p1a: Rillaboom|Swords Dance|p1a: Rillaboom\n|-boost|p1a: Rillaboom|atk|2\n|move|p2a: Avalugg|Recover|p2a: Avalugg\n|-heal|p2a: Avalugg|100\/100\n|\n|-heal|p1a: Rillaboom|81\/100|[from] Grassy Terrain\n|upkeep\n|turn|37\n|\n|t:|1699951469\n|move|p1a: Rillaboom|Grassy Glide|p2a: Avalugg\n|-damage|p2a: Avalugg|66\/100\n|move|p2a: Avalugg|Iron Defense|p2a: Avalugg\n|-boost|p2a: Avalugg|def|2\n|\n|-heal|p1a: Rillaboom|87\/100|[from] Grassy Terrain\n|-heal|p2a: Avalugg|72\/100|[from] Grassy Terrain\n|upkeep\n|turn|38\n|\n|t:|1699951482\n|move|p1a: Rillaboom|Swords Dance|p1a: Rillaboom\n|-boost|p1a: Rillaboom|atk|2\n|move|p2a: Avalugg|Body Press|p1a: Rillaboom\n|-damage|p1a: Rillaboom|21\/100\n|\n|-heal|p1a: Rillaboom|27\/100|[from] Grassy Terrain\n|-heal|p2a: Avalugg|78\/100|[from] Grassy Terrain\n|upkeep\n|turn|39\n|\n|t:|1699951492\n|move|p1a: Rillaboom|Grassy Glide|p2a: Avalugg\n|-damage|p2a: Avalugg|49\/100\n|move|p2a: Avalugg|Body Press|p1a: Rillaboom\n|-damage|p1a: Rillaboom|0 fnt\n|faint|p1a: Rillaboom\n|\n|-heal|p2a: Avalugg|56\/100|[from] Grassy Terrain\n|-fieldend|move: Grassy Terrain\n|upkeep\n|\n|t:|1699951502\n|switch|p1a: Talonflame|Talonflame, M, shiny|38\/100\n|turn|40\n|\n|t:|1699951506\n|move|p1a: Talonflame|Overheat|p2a: Avalugg\n|-supereffective|p2a: Avalugg\n|-damage|p2a: Avalugg|0 fnt\n|-unboost|p1a: Talonflame|spa|2\n|faint|p2a: Avalugg\n|\n|win|mister big cool\n|raw|mister big cool's rating: 1170 &rarr; <strong>1203<\/strong><br \/>(+33 for winning)\n|raw|Fiexthur0314's rating: 1280 &rarr; <strong>1247<\/strong><br \/>(-33 for losing)\n|c|\u2606mister big cool|ggs\n|c|\u2606mister big cool|wp\n|l|\u2606Fiexthur0314\n|c|\u2606mister big cool|cool\n","uploadtime":1699951526,"views":10,"p1id":"misterbigcool","p2id":"fiexthur0314","formatid":"gen9ou","rating":1203,"private":0,"password":""}