{"id":"gen9ou-1990653811","p1":"PLAYB0I R0BBIE B","p2":"Blackphoenix19","format":"[Gen 9] OU","log":"|j|\u2606PLAYB0I R0BBIE B\n|j|\u2606Blackphoenix19\n|t:|1699989046\n|gametype|singles\n|player|p1|PLAYB0I R0BBIE B|eusine|1305\n|player|p2|Blackphoenix19|265|1375\n|teamsize|p1|6\n|teamsize|p2|6\n|gen|9\n|tier|[Gen 9] OU\n|rated|\n|rule|Sleep Clause Mod: Limit one foe put to sleep\n|rule|Species Clause: Limit one of each Pok\u00e9mon\n|rule|OHKO Clause: OHKO moves are banned\n|rule|Evasion Items Clause: Evasion items are banned\n|rule|Evasion Moves Clause: Evasion moves are banned\n|rule|Endless Battle Clause: Forcing endless battles is banned\n|rule|HP Percentage Mod: HP is shown in percentages\n|clearpoke\n|poke|p1|Meowscarada, F|\n|poke|p1|Thundurus-Therian, M|\n|poke|p1|Dragapult, F|\n|poke|p1|Heatran, F|\n|poke|p1|Great Tusk|\n|poke|p1|Iron Valiant|\n|poke|p2|Mabosstiff, F|\n|poke|p2|Thundurus-Therian, M|\n|poke|p2|Alomomola, F|\n|poke|p2|Slowking-Galar, M|\n|poke|p2|Great Tusk|\n|poke|p2|Kingambit, M|\n|teampreview\n|inactive|Battle timer is ON: inactive players will automatically lose when time's up. (requested by PLAYB0I R0BBIE B)\n|\n|t:|1699989120\n|start\n|switch|p1a: NO BYSTANDERS|Dragapult, F|100\/100\n|switch|p2a: Thundurus|Thundurus-Therian, M|100\/100\n|turn|1\n|\n|t:|1699989130\n|move|p1a: NO BYSTANDERS|U-turn|p2a: Thundurus\n|-resisted|p2a: Thundurus\n|-damage|p2a: Thundurus|87\/100\n|\n|t:|1699989132\n|switch|p1a: ASTROTHUNDER|Thundurus-Therian, M|100\/100|[from] U-turn\n|move|p2a: Thundurus|Knock Off|p1a: ASTROTHUNDER\n|-damage|p1a: ASTROTHUNDER|66\/100\n|-enditem|p1a: ASTROTHUNDER|Choice Specs|[from] move: Knock Off|[of] p2a: Thundurus\n|\n|upkeep\n|turn|2\n|\n|t:|1699989142\n|switch|p2a: Slowking|Slowking-Galar, M|100\/100\n|move|p1a: ASTROTHUNDER|Tera Blast|p2a: Slowking\n|-damage|p2a: Slowking|81\/100\n|\n|upkeep\n|turn|3\n|\n|t:|1699989152\n|move|p1a: ASTROTHUNDER|Knock Off|p2a: Slowking\n|-supereffective|p2a: Slowking\n|-damage|p2a: Slowking|40\/100\n|-enditem|p2a: Slowking|Heavy-Duty Boots|[from] move: Knock Off|[of] p1a: ASTROTHUNDER\n|move|p2a: Slowking|Surf|p1a: ASTROTHUNDER\n|-damage|p1a: ASTROTHUNDER|37\/100\n|\n|upkeep\n|turn|4\n|\n|t:|1699989158\n|move|p1a: ASTROTHUNDER|Volt Switch|p2a: Slowking\n|-damage|p2a: Slowking|18\/100\n|\n|t:|1699989161\n|switch|p1a: SICKO MODE|Meowscarada, F|100\/100|[from] Volt Switch\n|move|p2a: Slowking|Chilly Reception|p2a: Slowking\n|-weather|Snow\n|\n|t:|1699989185\n|switch|p2a: Mabosstiff|Mabosstiff, F|100\/100|[from] Chilly Reception\n|\n|-weather|Snow|[upkeep]\n|upkeep\n|turn|5\n|\n|t:|1699989197\n|move|p1a: SICKO MODE|U-turn|p2a: Mabosstiff\n|-start|p1a: SICKO MODE|typechange|Bug|[from] ability: Protean\n|-supereffective|p2a: Mabosstiff\n|-damage|p2a: Mabosstiff|0 fnt\n|faint|p2a: Mabosstiff\n|\n|t:|1699989205\n|switch|p1a: NO BYSTANDERS|Dragapult, F|100\/100|[from] U-turn\n|\n|-weather|Snow|[upkeep]\n|upkeep\n|\n|t:|1699989211\n|switch|p2a: Kingambit|Kingambit, M, shiny|100\/100\n|-activate|p2a: Kingambit|ability: Supreme Overlord\n|-start|p2a: Kingambit|fallen1|[silent]\n|turn|6\n|\n|t:|1699989219\n|move|p1a: NO BYSTANDERS|Thunder Wave|p2a: Kingambit\n|-status|p2a: Kingambit|par\n|cant|p2a: Kingambit|par\n|\n|-weather|Snow|[upkeep]\n|upkeep\n|turn|7\n|\n|t:|1699989224\n|switch|p1a: SICKO MODE|Meowscarada, F|100\/100\n|cant|p2a: Kingambit|par\n|\n|-weather|Snow|[upkeep]\n|upkeep\n|turn|8\n|\n|t:|1699989230\n|-terastallize|p2a: Kingambit|Flying\n|move|p1a: SICKO MODE|Low Kick|p2a: Kingambit\n|-start|p1a: SICKO MODE|typechange|Fighting|[from] ability: Protean\n|-resisted|p2a: Kingambit\n|-damage|p2a: Kingambit|74\/100 par\n|move|p2a: Kingambit|Iron Head|p1a: SICKO MODE\n|-damage|p1a: SICKO MODE|16\/100\n|\n|-weather|none\n|-heal|p2a: Kingambit|80\/100 par|[from] item: Leftovers\n|upkeep\n|turn|9\n|\n|t:|1699989247\n|switch|p1a: YOSEMITE|Great Tusk|100\/100\n|move|p2a: Kingambit|Kowtow Cleave|p1a: YOSEMITE\n|-resisted|p1a: YOSEMITE\n|-damage|p1a: YOSEMITE|81\/100\n|\n|-heal|p2a: Kingambit|86\/100 par|[from] item: Leftovers\n|upkeep\n|turn|10\n|\n|t:|1699989257\n|-end|p2a: Kingambit|fallen1|[silent]\n|switch|p2a: Alomomola|Alomomola, F|100\/100\n|move|p1a: YOSEMITE|Ice Spinner|p2a: Alomomola\n|-resisted|p2a: Alomomola\n|-damage|p2a: Alomomola|92\/100\n|-enditem|p2a: Alomomola|Red Card|[of] p1a: YOSEMITE\n|-end|p1a: YOSEMITE|Protosynthesis|[silent]\n|drag|p1a: NC-17|Iron Valiant|100\/100\n|-enditem|p1a: NC-17|Booster Energy\n|-activate|p1a: NC-17|ability: Quark Drive|[fromitem]\n|-start|p1a: NC-17|quarkdrivespe\n|\n|upkeep\n|turn|11\n|\n|t:|1699989284\n|move|p1a: NC-17|Calm Mind|p1a: NC-17\n|-boost|p1a: NC-17|spa|1\n|-boost|p1a: NC-17|spd|1\n|move|p2a: Alomomola|Flip Turn|p1a: NC-17\n|-damage|p1a: NC-17|80\/100\n|\n|t:|1699989293\n|switch|p2a: Slowking|Slowking-Galar, M|52\/100|[from] Flip Turn\n|\n|upkeep\n|turn|12\n|\n|t:|1699989298\n|move|p1a: NC-17|Shadow Ball|p2a: Slowking\n|-supereffective|p2a: Slowking\n|-crit|p2a: Slowking\n|-damage|p2a: Slowking|0 fnt\n|faint|p2a: Slowking\n|\n|upkeep\n|\n|t:|1699989311\n|switch|p2a: Alomomola|Alomomola, F|100\/100\n|turn|13\n|\n|t:|1699989314\n|move|p1a: NC-17|Moonblast|p2a: Alomomola\n|-damage|p2a: Alomomola|37\/100\n|move|p2a: Alomomola|Acrobatics|p1a: NC-17\n|-supereffective|p1a: NC-17\n|-damage|p1a: NC-17|31\/100\n|\n|upkeep\n|turn|14\n|\n|t:|1699989334\n|switch|p2a: Thundurus|Thundurus-Therian, M|87\/100\n|move|p1a: NC-17|Moonblast|p2a: Thundurus\n|-damage|p2a: Thundurus|0 fnt\n|faint|p2a: Thundurus\n|\n|upkeep\n|\n|t:|1699989337\n|switch|p2a: Alomomola|Alomomola, F|71\/100\n|turn|15\n|\n|t:|1699989340\n|move|p1a: NC-17|Moonblast|p2a: Alomomola\n|-damage|p2a: Alomomola|8\/100\n|move|p2a: Alomomola|Acrobatics|p1a: NC-17\n|-supereffective|p1a: NC-17\n|-damage|p1a: NC-17|0 fnt\n|faint|p1a: NC-17\n|-end|p1a: NC-17|Quark Drive|[silent]\n|\n|upkeep\n|\n|t:|1699989344\n|switch|p1a: ASTROTHUNDER|Thundurus-Therian, M|37\/100\n|turn|16\n|\n|t:|1699989360\n|switch|p2a: Kingambit|Kingambit, M, shiny, tera:Flying|86\/100 par\n|-activate|p2a: Kingambit|ability: Supreme Overlord\n|-start|p2a: Kingambit|fallen3|[silent]\n|-terastallize|p1a: ASTROTHUNDER|Flying\n|move|p1a: ASTROTHUNDER|Tera Blast|p2a: Kingambit|[anim] Tera Blast Flying\n|-damage|p2a: Kingambit|28\/100 par\n|\n|-heal|p2a: Kingambit|34\/100 par|[from] item: Leftovers\n|upkeep\n|turn|17\n|\n|t:|1699989368\n|move|p2a: Kingambit|Sucker Punch|p1a: ASTROTHUNDER\n|-damage|p1a: ASTROTHUNDER|0 fnt\n|faint|p1a: ASTROTHUNDER\n|\n|-heal|p2a: Kingambit|41\/100 par|[from] item: Leftovers\n|upkeep\n|\n|t:|1699989370\n|switch|p1a: NO BYSTANDERS|Dragapult, F|100\/100\n|turn|18\n|\n|t:|1699989378\n|move|p1a: NO BYSTANDERS|Hex|p2a: Kingambit\n|-damage|p2a: Kingambit|0 fnt\n|faint|p2a: Kingambit\n|-end|p2a: Kingambit|fallen3|[silent]\n|\n|upkeep\n|\n|t:|1699989383\n|switch|p2a: Great Tusk|Great Tusk|100\/100\n|turn|19\n|\n|t:|1699989390\n|move|p2a: Great Tusk|Headlong Rush|p1a: NO BYSTANDERS\n|-damage|p1a: NO BYSTANDERS|10\/100\n|-unboost|p2a: Great Tusk|def|1\n|-unboost|p2a: Great Tusk|spd|1\n|move|p1a: NO BYSTANDERS|Draco Meteor|p2a: Great Tusk\n|-damage|p2a: Great Tusk|0 fnt\n|-unboost|p1a: NO BYSTANDERS|spa|2\n|faint|p2a: Great Tusk\n|-end|p2a: Great Tusk|Protosynthesis|[silent]\n|\n|upkeep\n|\n|t:|1699989394\n|switch|p2a: Alomomola|Alomomola, F|42\/100\n|turn|20\n|\n|t:|1699989397\n|move|p1a: NO BYSTANDERS|Draco Meteor|p2a: Alomomola\n|-damage|p2a: Alomomola|16\/100\n|-unboost|p1a: NO BYSTANDERS|spa|2\n|move|p2a: Alomomola|Wish|p2a: Alomomola\n|\n|upkeep\n|turn|21\n|\n|t:|1699989402\n|move|p1a: NO BYSTANDERS|Draco Meteor|p2a: Alomomola\n|-damage|p2a: Alomomola|0 fnt\n|-unboost|p1a: NO BYSTANDERS|spa|2\n|faint|p2a: Alomomola\n|\n|win|PLAYB0I R0BBIE B\n|raw|PLAYB0I R0BBIE B's rating: 1305 &rarr; <strong>1329<\/strong><br \/>(+24 for winning)\n|raw|Blackphoenix19's rating: 1375 &rarr; <strong>1351<\/strong><br \/>(-24 for losing)\n","uploadtime":1699989407,"views":7,"p1id":"playb0ir0bbieb","p2id":"blackphoenix19","formatid":"gen9ou","rating":1329,"private":0,"password":""}