{"id":"gen9ou-1995251421","p1":"Mytton","p2":"DicksonYang","format":"[Gen 9] OU","log":"|j|\u2606Mytton\n|j|\u2606DicksonYang\n|t:|1700540352\n|gametype|singles\n|player|p1|Mytton|iris|1256\n|player|p2|DicksonYang|leaf-masters|1296\n|teamsize|p1|6\n|teamsize|p2|6\n|gen|9\n|tier|[Gen 9] OU\n|rated|\n|rule|Sleep Clause Mod: Limit one foe put to sleep\n|rule|Species Clause: Limit one of each Pok\u00e9mon\n|rule|OHKO Clause: OHKO moves are banned\n|rule|Evasion Items Clause: Evasion items are banned\n|rule|Evasion Moves Clause: Evasion moves are banned\n|rule|Endless Battle Clause: Forcing endless battles is banned\n|rule|HP Percentage Mod: HP is shown in percentages\n|clearpoke\n|poke|p1|Toxapex, M|\n|poke|p1|Weavile, F|\n|poke|p1|Heatran, F|\n|poke|p1|Iron Valiant|\n|poke|p1|Cinderace, M|\n|poke|p1|Alomomola, M|\n|poke|p2|Kingambit, F|\n|poke|p2|Sinistcha-Masterpiece|\n|poke|p2|Ribombee, M|\n|poke|p2|Enamorus, F|\n|poke|p2|Garchomp, F|\n|poke|p2|Great Tusk|\n|teampreview\n|inactive|Battle timer is ON: inactive players will automatically lose when time's up. (requested by DicksonYang)\n|\n|t:|1700540374\n|start\n|switch|p1a: Weavback|Weavile, F|100\/100\n|switch|p2a: Enamorus|Enamorus, F|100\/100\n|-ability|p1a: Weavback|Pressure\n|turn|1\n|\n|t:|1700540382\n|move|p1a: Weavback|Icicle Spear|p2a: Enamorus\n|-supereffective|p2a: Enamorus\n|-damage|p2a: Enamorus|63\/100\n|-supereffective|p2a: Enamorus\n|-damage|p2a: Enamorus|23\/100\n|-supereffective|p2a: Enamorus\n|-damage|p2a: Enamorus|0 fnt\n|faint|p2a: Enamorus\n|-hitcount|p2: Enamorus|3\n|\n|upkeep\n|\n|t:|1700540389\n|switch|p2a: Garchomp|Garchomp, F|100\/100\n|turn|2\n|\n|t:|1700540403\n|-terastallize|p2a: Garchomp|Fire\n|move|p1a: Weavback|Knock Off|p2a: Garchomp\n|-damage|p2a: Garchomp|62\/100\n|-damage|p1a: Weavback|88\/100|[from] ability: Rough Skin|[of] p2a: Garchomp\n|-enditem|p2a: Garchomp|Loaded Dice|[from] move: Knock Off|[of] p1a: Weavback\n|move|p2a: Garchomp|Swords Dance|p2a: Garchomp\n|-boost|p2a: Garchomp|atk|2\n|\n|upkeep\n|turn|3\n|\n|t:|1700540414\n|move|p1a: Weavback|Knock Off|p2a: Garchomp\n|-damage|p2a: Garchomp|35\/100\n|-damage|p1a: Weavback|76\/100|[from] ability: Rough Skin|[of] p2a: Garchomp\n|move|p2a: Garchomp|Scale Shot|p1a: Weavback\n|-damage|p1a: Weavback|40\/100\n|-damage|p1a: Weavback|3\/100\n|-damage|p1a: Weavback|0 fnt\n|faint|p1a: Weavback\n|-hitcount|p1: Weavback|3\n|-unboost|p2a: Garchomp|def|1\n|-boost|p2a: Garchomp|spe|1\n|\n|upkeep\n|\n|t:|1700540437\n|switch|p1a: gender robot|Iron Valiant|100\/100\n|-enditem|p1a: gender robot|Booster Energy\n|-activate|p1a: gender robot|ability: Quark Drive|[fromitem]\n|-start|p1a: gender robot|quarkdrivespe\n|turn|4\n|\n|t:|1700540441\n|move|p1a: gender robot|Close Combat|p2a: Garchomp\n|-damage|p2a: Garchomp|0 fnt\n|-unboost|p1a: gender robot|def|1\n|-unboost|p1a: gender robot|spd|1\n|-damage|p1a: gender robot|88\/100|[from] ability: Rough Skin|[of] p2a: Garchomp\n|faint|p2a: Garchomp\n|\n|upkeep\n|\n|t:|1700540451\n|switch|p2a: Sinistcha|Sinistcha-Masterpiece|100\/100\n|turn|5\n|\n|t:|1700540459\n|move|p1a: gender robot|Destiny Bond|p1a: gender robot\n|-singlemove|p1a: gender robot|Destiny Bond\n|move|p2a: Sinistcha|Calm Mind|p2a: Sinistcha\n|-boost|p2a: Sinistcha|spa|1\n|-boost|p2a: Sinistcha|spd|1\n|\n|upkeep\n|turn|6\n|\n|t:|1700540464\n|move|p1a: gender robot|Moonblast|p2a: Sinistcha\n|-damage|p2a: Sinistcha|69\/100\n|move|p2a: Sinistcha|Calm Mind|p2a: Sinistcha\n|-boost|p2a: Sinistcha|spa|1\n|-boost|p2a: Sinistcha|spd|1\n|\n|-heal|p2a: Sinistcha|75\/100|[from] item: Leftovers\n|upkeep\n|turn|7\n|\n|t:|1700540474\n|-end|p1a: gender robot|Quark Drive|[silent]\n|switch|p1a: froggy :DD|Heatran, F|100\/100\n|move|p2a: Sinistcha|Matcha Gotcha|p1a: froggy :DD\n|-resisted|p1a: froggy :DD\n|-damage|p1a: froggy :DD|91\/100\n|-heal|p2a: Sinistcha|80\/100|[from] drain|[of] p1a: froggy :DD\n|\n|-heal|p1a: froggy :DD|98\/100|[from] item: Leftovers\n|-heal|p2a: Sinistcha|86\/100|[from] item: Leftovers\n|upkeep\n|turn|8\n|\n|t:|1700540477\n|move|p1a: froggy :DD|Magma Storm|p2a: Sinistcha\n|-supereffective|p2a: Sinistcha\n|-damage|p2a: Sinistcha|60\/100\n|-activate|p2a: Sinistcha|move: Magma Storm|[of] p1a: froggy :DD\n|move|p2a: Sinistcha|Shadow Ball|p1a: froggy :DD\n|-damage|p1a: froggy :DD|58\/100\n|\n|-heal|p1a: froggy :DD|64\/100|[from] item: Leftovers\n|-heal|p2a: Sinistcha|66\/100|[from] item: Leftovers\n|-damage|p2a: Sinistcha|54\/100|[from] move: Magma Storm|[partiallytrapped]\n|upkeep\n|turn|9\n|\n|t:|1700540485\n|move|p1a: froggy :DD|Taunt|p2a: Sinistcha\n|-start|p2a: Sinistcha|move: Taunt\n|move|p2a: Sinistcha|Shadow Ball|p1a: froggy :DD\n|-damage|p1a: froggy :DD|27\/100\n|\n|-heal|p1a: froggy :DD|33\/100|[from] item: Leftovers\n|-heal|p2a: Sinistcha|60\/100|[from] item: Leftovers\n|-damage|p2a: Sinistcha|48\/100|[from] move: Magma Storm|[partiallytrapped]\n|upkeep\n|turn|10\n|\n|t:|1700540492\n|move|p1a: froggy :DD|Protect|p1a: froggy :DD\n|-singleturn|p1a: froggy :DD|Protect\n|move|p2a: Sinistcha|Shadow Ball|p1a: froggy :DD\n|-activate|p1a: froggy :DD|move: Protect\n|\n|-heal|p1a: froggy :DD|40\/100|[from] item: Leftovers\n|-heal|p2a: Sinistcha|54\/100|[from] item: Leftovers\n|-damage|p2a: Sinistcha|41\/100|[from] move: Magma Storm|[partiallytrapped]\n|upkeep\n|turn|11\n|\n|t:|1700540506\n|switch|p1a: bigger stall|Alomomola, M|100\/100\n|move|p2a: Sinistcha|Shadow Ball|p1a: bigger stall\n|-damage|p1a: bigger stall|53\/100\n|-unboost|p1a: bigger stall|spd|1\n|-enditem|p1a: bigger stall|Red Card|[of] p2a: Sinistcha\n|drag|p2a: Ribombee|Ribombee, M|100\/100\n|\n|upkeep\n|turn|12\n|\n|t:|1700540514\n|move|p2a: Ribombee|Sticky Web|p1a: bigger stall\n|-sidestart|p1: Mytton|move: Sticky Web\n|move|p1a: bigger stall|Flip Turn|p2a: Ribombee\n|-damage|p2a: Ribombee|70\/100\n|\n|t:|1700540523\n|switch|p1a: ugliest mf :sob:|Cinderace, M|100\/100|[from] Flip Turn\n|\n|upkeep\n|turn|13\n|\n|t:|1700540532\n|switch|p2a: Great Tusk|Great Tusk|100\/100\n|move|p1a: ugliest mf :sob:|Court Change|p1a: ugliest mf :sob:\n|-start|p1a: ugliest mf :sob:|typechange|Normal|[from] ability: Libero\n|-swapsideconditions\n|-activate|p1a: ugliest mf :sob:|move: Court Change\n|\n|upkeep\n|turn|14\n|\n|t:|1700540536\n|move|p1a: ugliest mf :sob:|U-turn|p2a: Great Tusk\n|-resisted|p2a: Great Tusk\n|-damage|p2a: Great Tusk|95\/100\n|-damage|p1a: ugliest mf :sob:|84\/100|[from] item: Rocky Helmet|[of] p2a: Great Tusk\n|\n|t:|1700540541\n|switch|p1a: big stall|Toxapex, M|100\/100|[from] U-turn\n|move|p2a: Great Tusk|Rapid Spin|p1a: big stall\n|-damage|p1a: big stall|91\/100\n|-boost|p2a: Great Tusk|spe|1\n|-damage|p2a: Great Tusk|78\/100|[from] item: Rocky Helmet|[of] p1a: big stall\n|-sideend|p2: DicksonYang|Sticky Web|[from] move: Rapid Spin|[of] p2a: Great Tusk\n|\n|upkeep\n|turn|15\n|\n|t:|1700540549\n|move|p2a: Great Tusk|Knock Off|p1a: big stall\n|-damage|p1a: big stall|74\/100\n|-damage|p2a: Great Tusk|62\/100|[from] item: Rocky Helmet|[of] p1a: big stall\n|-enditem|p1a: big stall|Rocky Helmet|[from] move: Knock Off|[of] p2a: Great Tusk\n|move|p1a: big stall|Chilling Water|p2a: Great Tusk\n|-supereffective|p2a: Great Tusk\n|-damage|p2a: Great Tusk|36\/100\n|-unboost|p2a: Great Tusk|atk|1\n|\n|upkeep\n|turn|16\n|\n|t:|1700540569\n|-end|p2a: Great Tusk|Protosynthesis|[silent]\n|switch|p2a: Kingambit|Kingambit, F|100\/100\n|-activate|p2a: Kingambit|ability: Supreme Overlord\n|-start|p2a: Kingambit|fallen2|[silent]\n|switch|p1a: bigger stall|Alomomola, M|86\/100\n|\n|upkeep\n|turn|17\n|\n|t:|1700540575\n|-end|p2a: Kingambit|fallen2|[silent]\n|switch|p2a: Sinistcha|Sinistcha-Masterpiece|41\/100\n|move|p1a: bigger stall|Wish|p1a: bigger stall\n|\n|-heal|p2a: Sinistcha|47\/100|[from] item: Leftovers\n|upkeep\n|turn|18\n|\n|t:|1700540578\n|move|p2a: Sinistcha|Calm Mind|p2a: Sinistcha\n|-boost|p2a: Sinistcha|spa|1\n|-boost|p2a: Sinistcha|spd|1\n|move|p1a: bigger stall|Flip Turn|p2a: Sinistcha\n|-resisted|p2a: Sinistcha\n|-damage|p2a: Sinistcha|41\/100\n|\n|t:|1700540582\n|switch|p1a: froggy :DD|Heatran, F|40\/100|[from] Flip Turn\n|\n|-heal|p1a: froggy :DD|100\/100|[from] move: Wish|[wisher] bigger stall\n|-heal|p2a: Sinistcha|47\/100|[from] item: Leftovers\n|upkeep\n|turn|19\n|\n|t:|1700540586\n|move|p1a: froggy :DD|Magma Storm|p2a: Sinistcha\n|-supereffective|p2a: Sinistcha\n|-damage|p2a: Sinistcha|14\/100\n|-activate|p2a: Sinistcha|move: Magma Storm|[of] p1a: froggy :DD\n|move|p2a: Sinistcha|Calm Mind|p2a: Sinistcha\n|-boost|p2a: Sinistcha|spa|1\n|-boost|p2a: Sinistcha|spd|1\n|\n|-heal|p2a: Sinistcha|20\/100|[from] item: Leftovers\n|-damage|p2a: Sinistcha|8\/100|[from] move: Magma Storm|[partiallytrapped]\n|upkeep\n|turn|20\n|\n|t:|1700540592\n|move|p1a: froggy :DD|Protect|p1a: froggy :DD\n|-singleturn|p1a: froggy :DD|Protect\n|move|p2a: Sinistcha|Strength Sap|p1a: froggy :DD\n|-activate|p1a: froggy :DD|move: Protect\n|\n|-heal|p2a: Sinistcha|14\/100|[from] item: Leftovers\n|-damage|p2a: Sinistcha|2\/100|[from] move: Magma Storm|[partiallytrapped]\n|upkeep\n|turn|21\n|\n|t:|1700540601\n|move|p1a: froggy :DD|Taunt|p2a: Sinistcha\n|-start|p2a: Sinistcha|move: Taunt\n|cant|p2a: Sinistcha|move: Taunt|Strength Sap\n|\n|-heal|p2a: Sinistcha|8\/100|[from] item: Leftovers\n|-damage|p2a: Sinistcha|0 fnt|[from] move: Magma Storm|[partiallytrapped]\n|faint|p2a: Sinistcha\n|upkeep\n|\n|t:|1700540604\n|switch|p2a: Kingambit|Kingambit, F|100\/100\n|-activate|p2a: Kingambit|ability: Supreme Overlord\n|-start|p2a: Kingambit|fallen3|[silent]\n|turn|22\n|\n|t:|1700540613\n|move|p1a: froggy :DD|Will-O-Wisp|p2a: Kingambit\n|-status|p2a: Kingambit|brn\n|move|p2a: Kingambit|Low Kick|p1a: froggy :DD\n|-supereffective|p1a: froggy :DD\n|-crit|p1a: froggy :DD\n|-damage|p1a: froggy :DD|18\/100\n|\n|-heal|p1a: froggy :DD|24\/100|[from] item: Leftovers\n|-damage|p2a: Kingambit|95\/100 brn|[from] brn\n|upkeep\n|turn|23\n|-message|DicksonYang forfeited.\n|\n|win|Mytton\n|raw|Mytton's rating: 1256 &rarr; <strong>1284<\/strong><br \/>(+28 for winning)\n|raw|DicksonYang's rating: 1296 &rarr; <strong>1268<\/strong><br \/>(-28 for losing)\n|l|\u2606DicksonYang\n","uploadtime":1700540625,"views":14,"p1id":"mytton","p2id":"dicksonyang","formatid":"gen9ou","rating":1268,"private":0,"password":""}