{"id":"gen9ou-1993508474","p1":"miss t bb","p2":"TyraxTest","format":"[Gen 9] OU","log":"|j|\u2606miss t bb\n|j|\u2606TyraxTest\n|t:|1700326165\n|gametype|singles\n|player|p1|miss t bb|ruinmaniac|1000\n|player|p2|TyraxTest|pokemonbreeder-gen4|1000\n|teamsize|p1|6\n|teamsize|p2|6\n|gen|9\n|tier|[Gen 9] OU\n|rated|\n|rule|Sleep Clause Mod: Limit one foe put to sleep\n|rule|Species Clause: Limit one of each Pok\u00e9mon\n|rule|OHKO Clause: OHKO moves are banned\n|rule|Evasion Items Clause: Evasion items are banned\n|rule|Evasion Moves Clause: Evasion moves are banned\n|rule|Endless Battle Clause: Forcing endless battles is banned\n|rule|HP Percentage Mod: HP is shown in percentages\n|clearpoke\n|poke|p1|Polteageist|\n|poke|p1|Indeedee, M|\n|poke|p1|Armarouge, M|\n|poke|p1|Great Tusk|\n|poke|p1|Garchomp, M|\n|poke|p1|Iron Moth|\n|poke|p2|Clefable, M|\n|poke|p2|Dragapult, M|\n|poke|p2|Kleavor, M|\n|poke|p2|Ogerpon-Wellspring, F|\n|poke|p2|Kingambit, F|\n|poke|p2|Landorus-Therian, M|\n|teampreview\n|inactive|Battle timer is ON: inactive players will automatically lose when time's up. (requested by miss t bb)\n|c|\u2606TyraxTest|Good Fight\n|\n|t:|1700326187\n|start\n|switch|p1a: Garchomp|Garchomp, M|100\/100\n|switch|p2a: Dragapult|Dragapult, M|100\/100\n|turn|1\n|\n|t:|1700326194\n|move|p2a: Dragapult|Reflect|p2a: Dragapult\n|-sidestart|p2: TyraxTest|Reflect\n|move|p1a: Garchomp|Stealth Rock|p2a: Dragapult\n|-sidestart|p2: TyraxTest|move: Stealth Rock\n|\n|upkeep\n|turn|2\n|\n|t:|1700326203\n|move|p2a: Dragapult|Dragon Darts|p1a: Garchomp\n|-supereffective|p1a: Garchomp\n|-damage|p1a: Garchomp|57\/100\n|-anim|p2a: Dragapult|Dragon Darts|p1a: Garchomp\n|-supereffective|p1a: Garchomp\n|-damage|p1a: Garchomp|16\/100\n|move|p1a: Garchomp|Earthquake|p2a: Dragapult\n|-damage|p2a: Dragapult|62\/100\n|-damage|p1a: Garchomp|7\/100|[from] item: Life Orb\n|\n|upkeep\n|turn|3\n|\n|t:|1700326212\n|move|p2a: Dragapult|Dragon Darts|p1a: Garchomp\n|-supereffective|p1a: Garchomp\n|-damage|p1a: Garchomp|0 fnt\n|faint|p1a: Garchomp\n|\n|upkeep\n|\n|t:|1700326217\n|switch|p1a: Indeedee|Indeedee, M|100\/100\n|-fieldstart|move: Psychic Terrain|[from] ability: Psychic Surge|[of] p1a: Indeedee\n|turn|4\n|\n|t:|1700326220\n|move|p2a: Dragapult|Light Screen|p2a: Dragapult\n|-sidestart|p2: TyraxTest|move: Light Screen\n|move|p1a: Indeedee|Dazzling Gleam|p2a: Dragapult\n|-supereffective|p2a: Dragapult\n|-damage|p2a: Dragapult|36\/100\n|\n|upkeep\n|turn|5\n|\n|t:|1700326239\n|switch|p2a: Clefable|Clefable, M|100\/100\n|move|p1a: Indeedee|Psychic|p2a: Clefable\n|-damage|p2a: Clefable|74\/100\n|\n|upkeep\n|turn|6\n|\n|t:|1700326242\n|switch|p1a: Armarouge|Armarouge, M|100\/100\n|move|p2a: Clefable|Calm Mind|p2a: Clefable\n|-boost|p2a: Clefable|spa|1\n|-boost|p2a: Clefable|spd|1\n|\n|upkeep\n|turn|7\n|\n|t:|1700326247\n|move|p1a: Armarouge|Calm Mind|p1a: Armarouge\n|-boost|p1a: Armarouge|spa|1\n|-boost|p1a: Armarouge|spd|1\n|move|p2a: Clefable|Thunderbolt|p1a: Armarouge\n|-damage|p1a: Armarouge|69\/100\n|\n|upkeep\n|turn|8\n|\n|t:|1700326254\n|move|p1a: Armarouge|Expanding Force|p2a: Clefable\n|-damage|p2a: Clefable|35\/100\n|move|p2a: Clefable|Thunderbolt|p1a: Armarouge\n|-damage|p1a: Armarouge|36\/100\n|\n|-sideend|p2: TyraxTest|Reflect\n|upkeep\n|turn|9\n|\n|t:|1700326269\n|switch|p2a: Kingambit|Kingambit, F|100\/100\n|-damage|p2a: Kingambit|94\/100|[from] Stealth Rock\n|move|p1a: Armarouge|Expanding Force|p2a: Kingambit\n|-immune|p2a: Kingambit\n|\n|upkeep\n|turn|10\n|\n|t:|1700326280\n|-end|p2a: Kingambit|fallenundefined|[silent]\n|switch|p2a: Ogerpon|Ogerpon-Wellspring, F|100\/100\n|-damage|p2a: Ogerpon|88\/100|[from] Stealth Rock\n|move|p1a: Armarouge|Armor Cannon|p2a: Ogerpon\n|-damage|p2a: Ogerpon|34\/100\n|-unboost|p1a: Armarouge|def|1\n|-unboost|p1a: Armarouge|spd|1\n|\n|upkeep\n|turn|11\n|\n|t:|1700326291\n|move|p2a: Ogerpon|U-turn|p1a: Armarouge\n|-damage|p1a: Armarouge|0 fnt\n|faint|p1a: Armarouge\n|\n|t:|1700326297\n|switch|p2a: Dragapult|Dragapult, M|36\/100|[from] U-turn\n|-damage|p2a: Dragapult|24\/100|[from] Stealth Rock\n|\n|-sideend|p2: TyraxTest|move: Light Screen\n|-fieldend|move: Psychic Terrain\n|upkeep\n|\n|t:|1700326299\n|switch|p1a: Indeedee|Indeedee, M|100\/100\n|-fieldstart|move: Psychic Terrain|[from] ability: Psychic Surge|[of] p1a: Indeedee\n|turn|12\n|\n|t:|1700326304\n|move|p2a: Dragapult|Light Screen|p2a: Dragapult\n|-sidestart|p2: TyraxTest|move: Light Screen\n|move|p1a: Indeedee|Dazzling Gleam|p2a: Dragapult\n|-supereffective|p2a: Dragapult\n|-damage|p2a: Dragapult|0 fnt\n|faint|p2a: Dragapult\n|\n|upkeep\n|\n|t:|1700326307\n|switch|p2a: Clefable|Clefable, M|35\/100\n|turn|13\n|\n|t:|1700326312\n|move|p1a: Indeedee|Psychic|p2a: Clefable\n|-damage|p2a: Clefable|8\/100\n|move|p2a: Clefable|Moonlight|p2a: Clefable\n|-heal|p2a: Clefable|58\/100\n|\n|upkeep\n|turn|14\n|\n|t:|1700326314\n|move|p1a: Indeedee|Encore|p2a: Clefable\n|-start|p2a: Clefable|Encore\n|move|p2a: Clefable|Moonlight|p2a: Clefable\n|-heal|p2a: Clefable|100\/100\n|\n|upkeep\n|turn|15\n|\n|t:|1700326318\n|switch|p1a: Polteageist|Polteageist|100\/100\n|switch|p2a: Kingambit|Kingambit, F|94\/100\n|-damage|p2a: Kingambit|88\/100|[from] Stealth Rock\n|-activate|p2a: Kingambit|ability: Supreme Overlord\n|-start|p2a: Kingambit|fallen1|[silent]\n|\n|upkeep\n|turn|16\n|\n|t:|1700326324\n|move|p1a: Polteageist|Shell Smash|p1a: Polteageist\n|-unboost|p1a: Polteageist|def|1\n|-unboost|p1a: Polteageist|spd|1\n|-boost|p1a: Polteageist|atk|2\n|-boost|p1a: Polteageist|spa|2\n|-boost|p1a: Polteageist|spe|2\n|move|p2a: Kingambit|Kowtow Cleave|p1a: Polteageist\n|-supereffective|p1a: Polteageist\n|-enditem|p1a: Polteageist|Focus Sash\n|-damage|p1a: Polteageist|1\/100\n|-ability|p1a: Polteageist|Weak Armor|boost\n|-unboost|p1a: Polteageist|def|1\n|-boost|p1a: Polteageist|spe|2\n|\n|upkeep\n|turn|17\n|\n|t:|1700326328\n|-terastallize|p1a: Polteageist|Fighting\n|move|p1a: Polteageist|Tera Blast|p2a: Kingambit|[anim] Tera Blast Fighting\n|-supereffective|p2a: Kingambit\n|-damage|p2a: Kingambit|0 fnt\n|faint|p2a: Kingambit\n|-end|p2a: Kingambit|fallen1|[silent]\n|\n|upkeep\n|\n|t:|1700326338\n|switch|p2a: Clefable|Clefable, M|100\/100\n|turn|18\n|\n|t:|1700326341\n|move|p1a: Polteageist|Stored Power|p2a: Clefable\n|-damage|p2a: Clefable|28\/100\n|move|p2a: Clefable|Moonblast|p1a: Polteageist\n|-supereffective|p1a: Polteageist\n|-crit|p1a: Polteageist\n|-damage|p1a: Polteageist|0 fnt\n|faint|p1a: Polteageist\n|\n|upkeep\n|\n|t:|1700326347\n|switch|p1a: Iron Moth|Iron Moth|100\/100\n|-enditem|p1a: Iron Moth|Booster Energy\n|-activate|p1a: Iron Moth|ability: Quark Drive|[fromitem]\n|-start|p1a: Iron Moth|quarkdrivespe\n|turn|19\n|\n|t:|1700326353\n|move|p1a: Iron Moth|Fiery Dance|p2a: Clefable\n|-damage|p2a: Clefable|11\/100\n|move|p2a: Clefable|Thunderbolt|p1a: Iron Moth\n|-damage|p1a: Iron Moth|74\/100\n|\n|-sideend|p2: TyraxTest|move: Light Screen\n|-fieldend|move: Psychic Terrain\n|upkeep\n|turn|20\n|\n|t:|1700326362\n|move|p1a: Iron Moth|Fiery Dance|p2a: Clefable\n|-damage|p2a: Clefable|0 fnt\n|faint|p2a: Clefable\n|\n|upkeep\n|\n|t:|1700326363\n|switch|p2a: Kleavor|Kleavor, M|100\/100\n|-damage|p2a: Kleavor|76\/100|[from] Stealth Rock\n|turn|21\n|\n|t:|1700326368\n|-end|p1a: Iron Moth|Quark Drive|[silent]\n|switch|p1a: Great Tusk|Great Tusk|100\/100\n|move|p2a: Kleavor|Stone Axe|p1a: Great Tusk\n|-resisted|p1a: Great Tusk\n|-damage|p1a: Great Tusk|90\/100\n|-sidestart|p1: miss t bb|move: Stealth Rock\n|\n|upkeep\n|turn|22\n|\n|t:|1700326371\n|switch|p2a: Landorus|Landorus-Therian, M|100\/100\n|-damage|p2a: Landorus|88\/100|[from] Stealth Rock\n|-ability|p2a: Landorus|Intimidate|boost\n|-unboost|p1a: Great Tusk|atk|1\n|-enditem|p1a: Great Tusk|Eject Pack\n|\n|t:|1700326375\n|-end|p1a: Great Tusk|Protosynthesis|[silent]\n|switch|p1a: Indeedee|Indeedee, M|100\/100\n|-damage|p1a: Indeedee|88\/100|[from] Stealth Rock\n|-fieldstart|move: Psychic Terrain|[from] ability: Psychic Surge|[of] p1a: Indeedee\n|\n|-heal|p2a: Landorus|94\/100|[from] item: Leftovers\n|upkeep\n|turn|23\n|\n|t:|1700326390\n|move|p1a: Indeedee|Psychic|p2a: Landorus\n|-damage|p2a: Landorus|24\/100\n|move|p2a: Landorus|Earthquake|p1a: Indeedee\n|-damage|p1a: Indeedee|0 fnt\n|faint|p1a: Indeedee\n|\n|-heal|p2a: Landorus|30\/100|[from] item: Leftovers\n|upkeep\n|\n|t:|1700326393\n|switch|p1a: Great Tusk|Great Tusk|90\/100\n|-damage|p1a: Great Tusk|87\/100|[from] Stealth Rock\n|turn|24\n|\n|t:|1700326402\n|move|p2a: Landorus|Earthquake|p1a: Great Tusk\n|-damage|p1a: Great Tusk|45\/100\n|move|p1a: Great Tusk|Knock Off|p2a: Landorus\n|-damage|p2a: Landorus|0 fnt\n|-enditem|p2a: Landorus|Leftovers|[from] move: Knock Off|[of] p1a: Great Tusk\n|faint|p2a: Landorus\n|\n|upkeep\n|\n|t:|1700326409\n|switch|p2a: Ogerpon|Ogerpon-Wellspring, F|34\/100\n|-damage|p2a: Ogerpon|22\/100|[from] Stealth Rock\n|turn|25\n|\n|t:|1700326415\n|move|p2a: Ogerpon|Ivy Cudgel|p1a: Great Tusk|[anim] Ivy Cudgel Water\n|-supereffective|p1a: Great Tusk\n|-damage|p1a: Great Tusk|0 fnt\n|faint|p1a: Great Tusk\n|-end|p1a: Great Tusk|Protosynthesis|[silent]\n|\n|upkeep\n|\n|t:|1700326417\n|switch|p1a: Iron Moth|Iron Moth|74\/100\n|-damage|p1a: Iron Moth|49\/100|[from] Stealth Rock\n|turn|26\n|\n|t:|1700326422\n|move|p1a: Iron Moth|Psychic|p2a: Ogerpon\n|-damage|p2a: Ogerpon|0 fnt\n|faint|p2a: Ogerpon\n|\n|upkeep\n|\n|t:|1700326423\n|switch|p2a: Kleavor|Kleavor, M|76\/100\n|-damage|p2a: Kleavor|51\/100|[from] Stealth Rock\n|turn|27\n|inactive|miss t bb has 120 seconds left.\n|\n|t:|1700326462\n|move|p2a: Kleavor|Stone Axe|p1a: Iron Moth\n|-supereffective|p1a: Iron Moth\n|-damage|p1a: Iron Moth|0 fnt\n|faint|p1a: Iron Moth\n|-end|p1a: Iron Moth|Quark Drive|[silent]\n|\n|win|TyraxTest\n|raw|miss t bb's rating: 1000 &rarr; <strong>1000<\/strong><br \/>(+0 for losing)\n|raw|TyraxTest's rating: 1000 &rarr; <strong>1040<\/strong><br \/>(+40 for winning)\n|c|\u2606TyraxTest|gg\n|l|\u2606miss t bb\n","uploadtime":1700326510,"views":9,"p1id":"misstbb","p2id":"tyraxtest","formatid":"gen9ou","rating":1000,"private":0,"password":""}