{"id":"gen9ou-1995907716","p1":"HawthorneSouthside","p2":"The Weez","format":"[Gen 9] OU","log":"|j|\u2606HawthorneSouthside\n|j|\u2606The Weez\n|t:|1700616101\n|gametype|singles\n|player|p1|HawthorneSouthside|janitor|1262\n|player|p2|The Weez|skyla|1170\n|teamsize|p1|6\n|teamsize|p2|6\n|gen|9\n|tier|[Gen 9] OU\n|rated|\n|rule|Sleep Clause Mod: Limit one foe put to sleep\n|rule|Species Clause: Limit one of each Pok\u00e9mon\n|rule|OHKO Clause: OHKO moves are banned\n|rule|Evasion Items Clause: Evasion items are banned\n|rule|Evasion Moves Clause: Evasion moves are banned\n|rule|Endless Battle Clause: Forcing endless battles is banned\n|rule|HP Percentage Mod: HP is shown in percentages\n|clearpoke\n|poke|p1|Rillaboom, M|\n|poke|p1|Ogerpon-Wellspring, F|\n|poke|p1|Zarude|\n|poke|p1|Ceruledge, F|\n|poke|p1|Hawlucha, F|\n|poke|p1|Gholdengo|\n|poke|p2|Torkoal, M|\n|poke|p2|Walking Wake|\n|poke|p2|Rillaboom, F|\n|poke|p2|Gholdengo|\n|poke|p2|Great Tusk|\n|poke|p2|Enamorus, F|\n|teampreview\n|inactive|Battle timer is ON: inactive players will automatically lose when time's up. (requested by The Weez)\n|\n|t:|1700616150\n|start\n|switch|p1a: Gholdengo|Gholdengo|100\/100\n|switch|p2a: Torkoal|Torkoal, M|100\/100\n|-weather|SunnyDay|[from] ability: Drought|[of] p2a: Torkoal\n|turn|1\n|\n|t:|1700616161\n|move|p1a: Gholdengo|Shadow Ball|p2a: Torkoal\n|-damage|p2a: Torkoal|49\/100\n|move|p2a: Torkoal|Stealth Rock|p1a: Gholdengo\n|-sidestart|p1: HawthorneSouthside|move: Stealth Rock\n|\n|-weather|SunnyDay|[upkeep]\n|upkeep\n|turn|2\n|inactive|HawthorneSouthside has 120 seconds left.\n|inactive|The Weez has 120 seconds left.\n|\n|t:|1700616201\n|switch|p2a: Enamorus|Enamorus, F|100\/100\n|move|p1a: Gholdengo|Shadow Ball|p2a: Enamorus\n|-damage|p2a: Enamorus|48\/100\n|-boost|p2a: Enamorus|spd|1\n|\n|-weather|SunnyDay|[upkeep]\n|-heal|p2a: Enamorus|54\/100|[from] item: Leftovers\n|upkeep\n|turn|3\n|inactive|HawthorneSouthside has 120 seconds left.\n|inactive|The Weez has 120 seconds left.\n|\n|t:|1700616214\n|move|p2a: Enamorus|Earth Power|p1a: Gholdengo\n|-supereffective|p1a: Gholdengo\n|-damage|p1a: Gholdengo|41\/100\n|move|p1a: Gholdengo|Flash Cannon|p2a: Enamorus\n|-supereffective|p2a: Enamorus\n|-damage|p2a: Enamorus|0 fnt\n|faint|p2a: Enamorus\n|\n|-weather|SunnyDay|[upkeep]\n|upkeep\n|\n|t:|1700616224\n|switch|p2a: Rillaboom|Rillaboom, F|100\/100\n|-fieldstart|move: Grassy Terrain|[from] ability: Grassy Surge|[of] p2a: Rillaboom\n|turn|4\n|\n|t:|1700616231\n|move|p2a: Rillaboom|Knock Off|p1a: Gholdengo\n|-supereffective|p1a: Gholdengo\n|-damage|p1a: Gholdengo|0 fnt\n|-enditem|p1a: Gholdengo|Covert Cloak|[from] move: Knock Off|[of] p2a: Rillaboom\n|faint|p1a: Gholdengo\n|\n|-weather|SunnyDay|[upkeep]\n|upkeep\n|\n|t:|1700616238\n|switch|p1a: Hawlucha|Hawlucha, F|100\/100\n|-damage|p1a: Hawlucha|88\/100|[from] Stealth Rock\n|-enditem|p1a: Hawlucha|Grassy Seed\n|-boost|p1a: Hawlucha|def|1|[from] item: Grassy Seed\n|turn|5\n|\n|t:|1700616254\n|switch|p2a: Gholdengo|Gholdengo|100\/100\n|-item|p2a: Gholdengo|Air Balloon\n|move|p1a: Hawlucha|Swords Dance|p1a: Hawlucha\n|-boost|p1a: Hawlucha|atk|2\n|\n|-weather|SunnyDay|[upkeep]\n|upkeep\n|turn|6\n|\n|t:|1700616264\n|-terastallize|p1a: Hawlucha|Dark\n|move|p1a: Hawlucha|Tera Blast|p2a: Gholdengo|[anim] Tera Blast Dark\n|-supereffective|p2a: Gholdengo\n|-damage|p2a: Gholdengo|0 fnt\n|-enditem|p2a: Gholdengo|Air Balloon\n|faint|p2a: Gholdengo\n|\n|-weather|SunnyDay|[upkeep]\n|-heal|p1a: Hawlucha|94\/100|[from] Grassy Terrain\n|upkeep\n|inactive|The Weez has 120 seconds left.\n|inactive|The Weez has 90 seconds left.\n|\n|t:|1700616327\n|switch|p2a: Great Tusk|Great Tusk|100\/100\n|-activate|p2a: Great Tusk|ability: Protosynthesis\n|-start|p2a: Great Tusk|protosynthesisspe\n|turn|7\n|inactive|The Weez has 60 seconds left.\n|\n|t:|1700616356\n|-terastallize|p2a: Great Tusk|Ice\n|move|p1a: Hawlucha|Acrobatics|p2a: Great Tusk\n|-damage|p2a: Great Tusk|35\/100\n|move|p2a: Great Tusk|Headlong Rush|p1a: Hawlucha\n|-crit|p1a: Hawlucha\n|-damage|p1a: Hawlucha|0 fnt\n|-unboost|p2a: Great Tusk|def|1\n|-unboost|p2a: Great Tusk|spd|1\n|faint|p1a: Hawlucha\n|\n|-weather|SunnyDay|[upkeep]\n|-heal|p2a: Great Tusk|41\/100|[from] Grassy Terrain\n|upkeep\n|inactive|HawthorneSouthside has 120 seconds left.\n|\n|t:|1700616408\n|switch|p1a: Ogerpon|Ogerpon-Wellspring, F|100\/100\n|-damage|p1a: Ogerpon|88\/100|[from] Stealth Rock\n|turn|8\n|inactive|The Weez has 60 seconds left.\n|\n|t:|1700616433\n|move|p2a: Great Tusk|Ice Spinner|p1a: Ogerpon\n|-damage|p1a: Ogerpon|49\/100\n|-fieldend|move: Grassy Terrain\n|move|p1a: Ogerpon|Ivy Cudgel|p2a: Great Tusk|[anim] Ivy Cudgel Water\n|-damage|p2a: Great Tusk|15\/100\n|\n|-weather|none\n|-end|p2a: Great Tusk|Protosynthesis\n|upkeep\n|turn|9\n|\n|t:|1700616462\n|-end|p2a: Great Tusk|Protosynthesis|[silent]\n|switch|p2a: Rillaboom|Rillaboom, F|100\/100\n|-fieldstart|move: Grassy Terrain|[from] ability: Grassy Surge|[of] p2a: Rillaboom\n|move|p1a: Ogerpon|Horn Leech|p2a: Rillaboom\n|-resisted|p2a: Rillaboom\n|-damage|p2a: Rillaboom|67\/100\n|-heal|p1a: Ogerpon|68\/100|[from] drain|[of] p2a: Rillaboom\n|\n|-heal|p1a: Ogerpon|74\/100|[from] Grassy Terrain\n|-heal|p2a: Rillaboom|74\/100|[from] Grassy Terrain\n|upkeep\n|turn|10\n|\n|t:|1700616482\n|move|p1a: Ogerpon|Horn Leech|p2a: Rillaboom\n|-resisted|p2a: Rillaboom\n|-damage|p2a: Rillaboom|44\/100\n|-heal|p1a: Ogerpon|91\/100|[from] drain|[of] p2a: Rillaboom\n|move|p2a: Rillaboom|U-turn|p1a: Ogerpon\n|-supereffective|p1a: Ogerpon\n|-damage|p1a: Ogerpon|0 fnt\n|faint|p1a: Ogerpon\n|\n|t:|1700616490\n|switch|p2a: Torkoal|Torkoal, M|49\/100|[from] U-turn\n|-weather|SunnyDay|[from] ability: Drought|[of] p2a: Torkoal\n|\n|-weather|SunnyDay|[upkeep]\n|-heal|p2a: Torkoal|56\/100|[from] Grassy Terrain\n|upkeep\n|\n|t:|1700616498\n|switch|p1a: Ceruledge|Ceruledge, F|100\/100\n|turn|11\n|\n|t:|1700616506\n|move|p1a: Ceruledge|Substitute|p1a: Ceruledge\n|-start|p1a: Ceruledge|Substitute\n|-damage|p1a: Ceruledge|76\/100\n|move|p2a: Torkoal|Yawn||[still]\n|-fail|p2a: Torkoal\n|\n|-weather|SunnyDay|[upkeep]\n|-heal|p1a: Ceruledge|82\/100|[from] Grassy Terrain\n|-heal|p2a: Torkoal|62\/100|[from] Grassy Terrain\n|upkeep\n|turn|12\n|\n|t:|1700616516\n|switch|p2a: Walking Wake|Walking Wake|100\/100\n|-activate|p2a: Walking Wake|ability: Protosynthesis\n|-start|p2a: Walking Wake|protosynthesisspe\n|move|p1a: Ceruledge|Bulk Up|p1a: Ceruledge\n|-boost|p1a: Ceruledge|atk|1\n|-boost|p1a: Ceruledge|def|1\n|\n|-weather|SunnyDay|[upkeep]\n|-heal|p1a: Ceruledge|88\/100|[from] Grassy Terrain\n|upkeep\n|turn|13\n|\n|t:|1700616530\n|move|p2a: Walking Wake|Hydro Steam|p1a: Ceruledge\n|-supereffective|p1a: Ceruledge\n|-end|p1a: Ceruledge|Substitute\n|-damage|p2a: Walking Wake|91\/100|[from] item: Life Orb\n|move|p1a: Ceruledge|Bitter Blade|p2a: Walking Wake\n|-resisted|p2a: Walking Wake\n|-damage|p2a: Walking Wake|61\/100\n|-heal|p1a: Ceruledge|100\/100|[from] drain|[of] p2a: Walking Wake\n|\n|-weather|SunnyDay|[upkeep]\n|-heal|p2a: Walking Wake|67\/100|[from] Grassy Terrain\n|-fieldend|move: Grassy Terrain\n|upkeep\n|turn|14\n|inactive|The Weez has 60 seconds left.\n|\n|t:|1700616543\n|switch|p1a: Rillaboom|Rillaboom, M|100\/100\n|-damage|p1a: Rillaboom|88\/100|[from] Stealth Rock\n|-fieldstart|move: Grassy Terrain|[from] ability: Grassy Surge|[of] p1a: Rillaboom\n|move|p2a: Walking Wake|Hydro Steam|p1a: Rillaboom\n|-resisted|p1a: Rillaboom\n|-damage|p1a: Rillaboom|34\/100\n|-damage|p2a: Walking Wake|58\/100|[from] item: Life Orb\n|\n|-weather|SunnyDay|[upkeep]\n|-heal|p2a: Walking Wake|64\/100|[from] Grassy Terrain\n|-heal|p1a: Rillaboom|40\/100|[from] Grassy Terrain\n|upkeep\n|turn|15\n|inactive|The Weez has 60 seconds left.\n|\n|t:|1700616562\n|-end|p2a: Walking Wake|Protosynthesis|[silent]\n|switch|p2a: Torkoal|Torkoal, M|62\/100\n|move|p1a: Rillaboom|Grassy Glide|p2a: Torkoal\n|-resisted|p2a: Torkoal\n|-damage|p2a: Torkoal|45\/100\n|\n|-weather|SunnyDay|[upkeep]\n|-heal|p1a: Rillaboom|46\/100|[from] Grassy Terrain\n|-heal|p2a: Torkoal|51\/100|[from] Grassy Terrain\n|upkeep\n|turn|16\n|inactive|HawthorneSouthside has 120 seconds left.\n|\n|t:|1700616595\n|switch|p1a: Ceruledge|Ceruledge, F|100\/100\n|move|p2a: Torkoal|Yawn|p1a: Ceruledge\n|-start|p1a: Ceruledge|move: Yawn|[of] p2a: Torkoal\n|\n|-weather|SunnyDay|[upkeep]\n|-heal|p2a: Torkoal|57\/100|[from] Grassy Terrain\n|upkeep\n|turn|17\n|inactive|The Weez has 60 seconds left.\n|\n|t:|1700616604\n|switch|p1a: Rillaboom|Rillaboom, M|46\/100\n|-damage|p1a: Rillaboom|34\/100|[from] Stealth Rock\n|switch|p2a: Walking Wake|Walking Wake|64\/100\n|-activate|p2a: Walking Wake|ability: Protosynthesis\n|-start|p2a: Walking Wake|protosynthesisspe\n|\n|-weather|none\n|-end|p2a: Walking Wake|Protosynthesis\n|-heal|p2a: Walking Wake|70\/100|[from] Grassy Terrain\n|-heal|p1a: Rillaboom|40\/100|[from] Grassy Terrain\n|upkeep\n|turn|18\n|inactive|HawthorneSouthside has 120 seconds left.\n|inactive|The Weez has 60 seconds left.\n|\n|t:|1700616620\n|move|p1a: Rillaboom|Grassy Glide|p2a: Walking Wake\n|-damage|p2a: Walking Wake|1\/100\n|move|p2a: Walking Wake|Flamethrower|p1a: Rillaboom\n|-supereffective|p1a: Rillaboom\n|-damage|p1a: Rillaboom|0 fnt\n|faint|p1a: Rillaboom\n|-damage|p2a: Walking Wake|0 fnt|[from] item: Life Orb\n|faint|p2a: Walking Wake\n|-end|p2a: Walking Wake|Protosynthesis|[silent]\n|\n|-fieldend|move: Grassy Terrain\n|upkeep\n|inactive|HawthorneSouthside has 120 seconds left.\n|inactive|The Weez has 60 seconds left.\n|\n|t:|1700616641\n|switch|p2a: Great Tusk|Great Tusk, tera:Ice|15\/100\n|switch|p1a: Zarude|Zarude|100\/100\n|-damage|p1a: Zarude|88\/100|[from] Stealth Rock\n|turn|19\n|\n|t:|1700616651\n|-end|p2a: Great Tusk|Protosynthesis|[silent]\n|switch|p2a: Torkoal|Torkoal, M|57\/100\n|-weather|SunnyDay|[from] ability: Drought|[of] p2a: Torkoal\n|move|p1a: Zarude|Drain Punch|p2a: Torkoal\n|-damage|p2a: Torkoal|38\/100\n|-heal|p1a: Zarude|97\/100|[from] drain|[of] p2a: Torkoal\n|-damage|p1a: Zarude|87\/100|[from] item: Life Orb\n|\n|-weather|SunnyDay|[upkeep]\n|upkeep\n|turn|20\n|inactive|HawthorneSouthside has 120 seconds left.\n|\n|t:|1700616667\n|move|p1a: Zarude|Knock Off|p2a: Torkoal\n|-damage|p2a: Torkoal|1\/100\n|-enditem|p2a: Torkoal|Heat Rock|[from] move: Knock Off|[of] p1a: Zarude\n|-damage|p1a: Zarude|77\/100|[from] item: Life Orb\n|move|p2a: Torkoal|Yawn|p1a: Zarude\n|-immune|p1a: Zarude|[from] ability: Leaf Guard\n|\n|-weather|SunnyDay|[upkeep]\n|upkeep\n|turn|21\n|\n|t:|1700616676\n|move|p1a: Zarude|Trailblaze|p2a: Torkoal\n|-resisted|p2a: Torkoal\n|-damage|p2a: Torkoal|0 fnt\n|-boost|p1a: Zarude|spe|1\n|faint|p2a: Torkoal\n|-damage|p1a: Zarude|67\/100|[from] item: Life Orb\n|\n|-weather|SunnyDay|[upkeep]\n|upkeep\n|\n|t:|1700616684\n|switch|p2a: Rillaboom|Rillaboom, F|44\/100\n|-fieldstart|move: Grassy Terrain|[from] ability: Grassy Surge|[of] p2a: Rillaboom\n|turn|22\n|inactive|HawthorneSouthside has 120 seconds left.\n|\n|t:|1700616711\n|move|p1a: Zarude|Knock Off|p2a: Rillaboom\n|-damage|p2a: Rillaboom|0 fnt\n|-enditem|p2a: Rillaboom|Choice Band|[from] move: Knock Off|[of] p1a: Zarude\n|faint|p2a: Rillaboom\n|-damage|p1a: Zarude|57\/100|[from] item: Life Orb\n|\n|-weather|SunnyDay|[upkeep]\n|-heal|p1a: Zarude|63\/100|[from] Grassy Terrain\n|upkeep\n|\n|t:|1700616719\n|switch|p2a: Great Tusk|Great Tusk, tera:Ice|15\/100\n|-activate|p2a: Great Tusk|ability: Protosynthesis\n|-start|p2a: Great Tusk|protosynthesisspe\n|turn|23\n|\n|t:|1700616725\n|move|p1a: Zarude|Drain Punch|p2a: Great Tusk\n|-supereffective|p2a: Great Tusk\n|-damage|p2a: Great Tusk|0 fnt\n|-heal|p1a: Zarude|73\/100|[from] drain|[of] p2a: Great Tusk\n|faint|p2a: Great Tusk\n|-end|p2a: Great Tusk|Protosynthesis|[silent]\n|-damage|p1a: Zarude|63\/100|[from] item: Life Orb\n|\n|win|HawthorneSouthside\n|raw|HawthorneSouthside's rating: 1262 &rarr; <strong>1281<\/strong><br \/>(+19 for winning)\n|raw|The Weez's rating: 1170 &rarr; <strong>1151<\/strong><br \/>(-19 for losing)\n|l|\u2606The Weez\n|c|\u2606HawthorneSouthside|gg\n","uploadtime":1700616731,"views":1,"p1id":"hawthornesouthside","p2id":"theweez","formatid":"gen9ou","rating":1151,"private":0,"password":""}