{"id":"gen9ou-1990464807","p1":"danz12","p2":"santylooool","format":"[Gen 9] OU","log":"|j|\u2606danz12\n|j|\u2606santylooool\n|t:|1699973447\n|gametype|singles\n|player|p1|danz12|nate|1117\n|player|p2|santylooool|brycenman|1090\n|teamsize|p1|6\n|teamsize|p2|6\n|gen|9\n|tier|[Gen 9] OU\n|rated|\n|rule|Sleep Clause Mod: Limit one foe put to sleep\n|rule|Species Clause: Limit one of each Pok\u00e9mon\n|rule|OHKO Clause: OHKO moves are banned\n|rule|Evasion Items Clause: Evasion items are banned\n|rule|Evasion Moves Clause: Evasion moves are banned\n|rule|Endless Battle Clause: Forcing endless battles is banned\n|rule|HP Percentage Mod: HP is shown in percentages\n|clearpoke\n|poke|p1|Garganacl, M|\n|poke|p1|Clodsire, M|\n|poke|p1|Moltres-Galar|\n|poke|p1|Ceruledge, M|\n|poke|p1|Meowscarada, M|\n|poke|p1|Dragapult, M|\n|poke|p2|Breloom, M|\n|poke|p2|Azumarill, M|\n|poke|p2|Dragapult, F|\n|poke|p2|Corviknight, F|\n|poke|p2|Blissey, F|\n|poke|p2|Alomomola, F|\n|teampreview\n|inactive|Battle timer is ON: inactive players will automatically lose when time's up. (requested by danz12)\n|\n|t:|1699973451\n|start\n|switch|p1a: Meowscarada|Meowscarada, M|100\/100\n|switch|p2a: Breloom|Breloom, M|100\/100\n|turn|1\n|\n|t:|1699973457\n|move|p1a: Meowscarada|U-turn|p2a: Breloom\n|-start|p1a: Meowscarada|typechange|Bug|[from] ability: Protean\n|-damage|p2a: Breloom|54\/100\n|\n|t:|1699973467\n|switch|p1a: Dragapult|Dragapult, M|100\/100|[from] U-turn\n|move|p2a: Breloom|Substitute|p2a: Breloom\n|-start|p2a: Breloom|Substitute\n|-damage|p2a: Breloom|30\/100\n|\n|-status|p2a: Breloom|tox|[from] item: Toxic Orb\n|upkeep\n|turn|2\n|\n|t:|1699973471\n|move|p1a: Dragapult|U-turn|p2a: Breloom\n|-damage|p2a: Breloom|8\/100 tox\n|\n|t:|1699973476\n|switch|p1a: Ceruledge|Ceruledge, M|100\/100|[from] U-turn\n|move|p2a: Breloom|Spore|p1a: Ceruledge\n|-status|p1a: Ceruledge|slp|[from] move: Spore\n|\n|-heal|p2a: Breloom|21\/100 tox|[from] ability: Poison Heal\n|upkeep\n|turn|3\n|\n|t:|1699973483\n|cant|p1a: Ceruledge|slp\n|move|p2a: Breloom|Leech Seed|p1a: Ceruledge\n|-start|p1a: Ceruledge|move: Leech Seed\n|\n|-damage|p1a: Ceruledge|88\/100 slp|[from] Leech Seed|[of] p2a: Breloom\n|-heal|p2a: Breloom|33\/100 tox|[silent]\n|-heal|p2a: Breloom|45\/100 tox|[from] ability: Poison Heal\n|upkeep\n|turn|4\n|\n|t:|1699973491\n|-curestatus|p1a: Ceruledge|slp|[msg]\n|move|p1a: Ceruledge|Bitter Blade|p2a: Breloom\n|-supereffective|p2a: Breloom\n|-end|p2a: Breloom|Substitute\n|-heal|p1a: Ceruledge|100\/100|[from] drain|[of] p2a: Breloom\n|-damage|p1a: Ceruledge|91\/100|[from] item: Life Orb\n|move|p2a: Breloom|Substitute|p2a: Breloom\n|-start|p2a: Breloom|Substitute\n|-damage|p2a: Breloom|20\/100 tox\n|\n|-damage|p1a: Ceruledge|78\/100|[from] Leech Seed|[of] p2a: Breloom\n|-heal|p2a: Breloom|32\/100 tox|[silent]\n|-heal|p2a: Breloom|45\/100 tox|[from] ability: Poison Heal\n|upkeep\n|turn|5\n|\n|t:|1699973502\n|move|p1a: Ceruledge|Bitter Blade|p2a: Breloom\n|-supereffective|p2a: Breloom\n|-end|p2a: Breloom|Substitute\n|-heal|p1a: Ceruledge|91\/100|[from] drain|[of] p2a: Breloom\n|-damage|p1a: Ceruledge|81\/100|[from] item: Life Orb\n|move|p2a: Breloom|Spore|p1a: Ceruledge\n|-status|p1a: Ceruledge|slp|[from] move: Spore\n|\n|-damage|p1a: Ceruledge|69\/100 slp|[from] Leech Seed|[of] p2a: Breloom\n|-heal|p2a: Breloom|57\/100 tox|[silent]\n|-heal|p2a: Breloom|69\/100 tox|[from] ability: Poison Heal\n|upkeep\n|turn|6\n|\n|t:|1699973505\n|switch|p1a: Dragapult|Dragapult, M|100\/100\n|move|p2a: Breloom|Substitute|p2a: Breloom\n|-start|p2a: Breloom|Substitute\n|-damage|p2a: Breloom|44\/100 tox\n|\n|-heal|p2a: Breloom|57\/100 tox|[from] ability: Poison Heal\n|upkeep\n|turn|7\n|\n|t:|1699973523\n|switch|p2a: Alomomola|Alomomola, F|100\/100\n|move|p1a: Dragapult|Flamethrower|p2a: Alomomola\n|-resisted|p2a: Alomomola\n|-damage|p2a: Alomomola|80\/100\n|\n|-heal|p2a: Alomomola|86\/100|[from] item: Leftovers\n|upkeep\n|turn|8\n|\n|t:|1699973530\n|switch|p1a: Clodsire|Clodsire, M|100\/100\n|move|p2a: Alomomola|Light Screen|p2a: Alomomola\n|-sidestart|p2: santylooool|move: Light Screen\n|\n|-heal|p2a: Alomomola|93\/100|[from] item: Leftovers\n|upkeep\n|turn|9\n|\n|t:|1699973534\n|move|p2a: Alomomola|Flip Turn|p1a: Clodsire\n|-immune|p1a: Clodsire|[from] ability: Water Absorb\n|move|p1a: Clodsire|Toxic|p2a: Alomomola\n|-status|p2a: Alomomola|tox\n|\n|-heal|p2a: Alomomola|99\/100 tox|[from] item: Leftovers\n|-damage|p2a: Alomomola|93\/100 tox|[from] psn\n|upkeep\n|turn|10\n|\n|t:|1699973545\n|switch|p2a: Azumarill|Azumarill, M, shiny|100\/100\n|move|p1a: Clodsire|Stealth Rock|p2a: Azumarill\n|-sidestart|p2: santylooool|move: Stealth Rock\n|\n|upkeep\n|turn|11\n|\n|t:|1699973562\n|move|p2a: Azumarill|Ice Spinner|p1a: Clodsire\n|-supereffective|p1a: Clodsire\n|-damage|p1a: Clodsire|31\/100\n|move|p1a: Clodsire|Toxic|p2a: Azumarill\n|-status|p2a: Azumarill|tox\n|\n|-heal|p1a: Clodsire|37\/100|[from] item: Black Sludge\n|-damage|p2a: Azumarill|94\/100 tox|[from] psn\n|upkeep\n|turn|12\n|\n|t:|1699973576\n|switch|p1a: Moltres|Moltres-Galar, shiny|100\/100\n|move|p2a: Azumarill|Aqua Tail|p1a: Moltres|[miss]\n|-miss|p2a: Azumarill|p1a: Moltres\n|\n|-damage|p2a: Azumarill|82\/100 tox|[from] psn\n|-sideend|p2: santylooool|move: Light Screen\n|upkeep\n|turn|13\n|\n|t:|1699973583\n|move|p1a: Moltres|Agility|p1a: Moltres\n|-boost|p1a: Moltres|spe|2\n|move|p2a: Azumarill|Play Rough|p1a: Moltres\n|-supereffective|p1a: Moltres\n|-damage|p1a: Moltres|0 fnt\n|faint|p1a: Moltres\n|\n|-damage|p2a: Azumarill|64\/100 tox|[from] psn\n|upkeep\n|\n|t:|1699973587\n|switch|p1a: Meowscarada|Meowscarada, M|100\/100\n|turn|14\n|\n|t:|1699973596\n|move|p1a: Meowscarada|Flower Trick|p2a: Azumarill\n|-start|p1a: Meowscarada|typechange|Grass|[from] ability: Protean\n|-supereffective|p2a: Azumarill\n|-crit|p2a: Azumarill\n|-damage|p2a: Azumarill|0 fnt\n|faint|p2a: Azumarill\n|\n|upkeep\n|\n|t:|1699973603\n|switch|p2a: Dragapult|Dragapult, F|100\/100\n|-damage|p2a: Dragapult|88\/100|[from] Stealth Rock\n|turn|15\n|\n|t:|1699973607\n|switch|p1a: Clodsire|Clodsire, M|37\/100\n|move|p2a: Dragapult|Flamethrower|p1a: Clodsire\n|-damage|p1a: Clodsire|15\/100\n|\n|-heal|p1a: Clodsire|21\/100|[from] item: Black Sludge\n|upkeep\n|turn|16\n|\n|t:|1699973610\n|move|p2a: Dragapult|Flamethrower|p1a: Clodsire\n|-crit|p1a: Clodsire\n|-damage|p1a: Clodsire|0 fnt\n|faint|p1a: Clodsire\n|\n|upkeep\n|\n|t:|1699973616\n|switch|p1a: Meowscarada|Meowscarada, M|100\/100\n|turn|17\n|\n|t:|1699973620\n|move|p1a: Meowscarada|Knock Off|p2a: Dragapult\n|-start|p1a: Meowscarada|typechange|Dark|[from] ability: Protean\n|-supereffective|p2a: Dragapult\n|-damage|p2a: Dragapult|0 fnt\n|-enditem|p2a: Dragapult|Choice Specs|[from] move: Knock Off|[of] p1a: Meowscarada\n|faint|p2a: Dragapult\n|\n|upkeep\n|\n|t:|1699973628\n|switch|p2a: Breloom|Breloom, M|57\/100 tox\n|-damage|p2a: Breloom|51\/100 tox|[from] Stealth Rock\n|turn|18\n|\n|t:|1699973636\n|switch|p1a: Dragapult|Dragapult, M|100\/100\n|move|p2a: Breloom|Spore|p1a: Dragapult\n|-message|Sleep Clause Mod activated.\n|-hint|Sleep Clause Mod prevents players from putting more than one of their opponent's Pok\u00e9mon to sleep at a time\n|\n|-heal|p2a: Breloom|63\/100 tox|[from] ability: Poison Heal\n|upkeep\n|turn|19\n|\n|t:|1699973650\n|switch|p2a: Blissey|Blissey, F|100\/100\n|-damage|p2a: Blissey|88\/100|[from] Stealth Rock\n|move|p1a: Dragapult|U-turn|p2a: Blissey\n|-damage|p2a: Blissey|56\/100\n|\n|t:|1699973653\n|switch|p1a: Meowscarada|Meowscarada, M|100\/100|[from] U-turn\n|\n|-heal|p2a: Blissey|62\/100|[from] item: Leftovers\n|upkeep\n|turn|20\n|\n|t:|1699973664\n|switch|p2a: Corviknight|Corviknight, F|100\/100\n|-damage|p2a: Corviknight|88\/100|[from] Stealth Rock\n|move|p1a: Meowscarada|Flower Trick|p2a: Corviknight\n|-start|p1a: Meowscarada|typechange|Grass|[from] ability: Protean\n|-resisted|p2a: Corviknight\n|-crit|p2a: Corviknight\n|-damage|p2a: Corviknight|79\/100\n|\n|-heal|p2a: Corviknight|85\/100|[from] item: Leftovers\n|upkeep\n|turn|21\n|\n|t:|1699973670\n|switch|p1a: Ceruledge|Ceruledge, M|69\/100 slp\n|move|p2a: Corviknight|Bulk Up|p2a: Corviknight\n|-boost|p2a: Corviknight|atk|1\n|-boost|p2a: Corviknight|def|1\n|\n|-heal|p2a: Corviknight|91\/100|[from] item: Leftovers\n|upkeep\n|turn|22\n|\n|t:|1699973674\n|cant|p1a: Ceruledge|slp\n|move|p2a: Corviknight|Brave Bird|p1a: Ceruledge\n|-damage|p1a: Ceruledge|0 fnt\n|faint|p1a: Ceruledge\n|-damage|p2a: Corviknight|74\/100|[from] Recoil\n|\n|-heal|p2a: Corviknight|80\/100|[from] item: Leftovers\n|upkeep\n|\n|t:|1699973678\n|switch|p1a: Dragapult|Dragapult, M|100\/100\n|turn|23\n|\n|t:|1699973681\n|switch|p2a: Alomomola|Alomomola, F|100\/100 tox\n|-damage|p2a: Alomomola|88\/100 tox|[from] Stealth Rock\n|move|p1a: Dragapult|Flamethrower|p2a: Alomomola\n|-resisted|p2a: Alomomola\n|-damage|p2a: Alomomola|70\/100 tox\n|\n|-heal|p2a: Alomomola|76\/100 tox|[from] item: Leftovers\n|-damage|p2a: Alomomola|70\/100 tox|[from] psn\n|upkeep\n|turn|24\n|\n|t:|1699973686\n|switch|p1a: Meowscarada|Meowscarada, M|100\/100\n|move|p2a: Alomomola|Wish|p2a: Alomomola\n|\n|-heal|p2a: Alomomola|76\/100 tox|[from] item: Leftovers\n|-damage|p2a: Alomomola|64\/100 tox|[from] psn\n|upkeep\n|turn|25\n|\n|t:|1699973693\n|switch|p2a: Corviknight|Corviknight, F|80\/100\n|-damage|p2a: Corviknight|68\/100|[from] Stealth Rock\n|move|p1a: Meowscarada|U-turn|p2a: Corviknight\n|-start|p1a: Meowscarada|typechange|Bug|[from] ability: Protean\n|-resisted|p2a: Corviknight\n|-damage|p2a: Corviknight|62\/100\n|\n|t:|1699973696\n|switch|p1a: Dragapult|Dragapult, M|100\/100|[from] U-turn\n|\n|-heal|p2a: Corviknight|100\/100|[from] move: Wish|[wisher] Alomomola\n|upkeep\n|turn|26\n|\n|t:|1699973702\n|switch|p2a: Alomomola|Alomomola, F|97\/100 tox\n|-damage|p2a: Alomomola|85\/100 tox|[from] Stealth Rock\n|move|p1a: Dragapult|Flamethrower|p2a: Alomomola\n|-resisted|p2a: Alomomola\n|-damage|p2a: Alomomola|65\/100 tox\n|\n|-heal|p2a: Alomomola|71\/100 tox|[from] item: Leftovers\n|-damage|p2a: Alomomola|65\/100 tox|[from] psn\n|upkeep\n|turn|27\n|\n|t:|1699973707\n|switch|p1a: Meowscarada|Meowscarada, M|100\/100\n|move|p2a: Alomomola|Flip Turn|p1a: Meowscarada\n|-resisted|p1a: Meowscarada\n|-damage|p1a: Meowscarada|90\/100\n|\n|t:|1699973711\n|switch|p2a: Breloom|Breloom, M|63\/100 tox|[from] Flip Turn\n|-damage|p2a: Breloom|57\/100 tox|[from] Stealth Rock\n|\n|-heal|p2a: Breloom|69\/100 tox|[from] ability: Poison Heal\n|upkeep\n|turn|28\n|\n|t:|1699973718\n|move|p1a: Meowscarada|Play Rough|p2a: Breloom\n|-start|p1a: Meowscarada|typechange|Fairy|[from] ability: Protean\n|-supereffective|p2a: Breloom\n|-damage|p2a: Breloom|0 fnt\n|faint|p2a: Breloom\n|\n|upkeep\n|\n|t:|1699973724\n|switch|p2a: Alomomola|Alomomola, F|98\/100 tox\n|-damage|p2a: Alomomola|86\/100 tox|[from] Stealth Rock\n|turn|29\n|\n|t:|1699973729\n|move|p1a: Meowscarada|Play Rough|p2a: Alomomola\n|-damage|p2a: Alomomola|60\/100 tox\n|move|p2a: Alomomola|Scald|p1a: Meowscarada\n|-crit|p1a: Meowscarada\n|-damage|p1a: Meowscarada|58\/100\n|-status|p1a: Meowscarada|brn\n|\n|-heal|p2a: Alomomola|66\/100 tox|[from] item: Leftovers\n|-damage|p2a: Alomomola|60\/100 tox|[from] psn\n|-damage|p1a: Meowscarada|52\/100 brn|[from] brn\n|upkeep\n|turn|30\n|\n|t:|1699973738\n|switch|p1a: Dragapult|Dragapult, M|100\/100\n|move|p2a: Alomomola|Wish|p2a: Alomomola\n|\n|-heal|p2a: Alomomola|66\/100 tox|[from] item: Leftovers\n|-damage|p2a: Alomomola|54\/100 tox|[from] psn\n|upkeep\n|turn|31\n|\n|t:|1699973741\n|move|p1a: Dragapult|U-turn|p2a: Alomomola\n|-damage|p2a: Alomomola|45\/100 tox\n|\n|t:|1699973743\n|switch|p1a: Meowscarada|Meowscarada, M|52\/100 brn|[from] U-turn\n|move|p2a: Alomomola|Light Screen|p2a: Alomomola\n|-sidestart|p2: santylooool|move: Light Screen\n|\n|-heal|p2a: Alomomola|95\/100 tox|[from] move: Wish|[wisher] Alomomola\n|-heal|p2a: Alomomola|100\/100 tox|[from] item: Leftovers\n|-damage|p2a: Alomomola|82\/100 tox|[from] psn\n|-damage|p1a: Meowscarada|46\/100 brn|[from] brn\n|upkeep\n|turn|32\n|\n|t:|1699973747\n|move|p1a: Meowscarada|Flower Trick|p2a: Alomomola\n|-start|p1a: Meowscarada|typechange|Grass|[from] ability: Protean\n|-supereffective|p2a: Alomomola\n|-crit|p2a: Alomomola\n|-damage|p2a: Alomomola|53\/100 tox\n|move|p2a: Alomomola|Flip Turn|p1a: Meowscarada\n|-resisted|p1a: Meowscarada\n|-damage|p1a: Meowscarada|34\/100 brn\n|\n|t:|1699973764\n|switch|p2a: Corviknight|Corviknight, F|100\/100|[from] Flip Turn\n|-damage|p2a: Corviknight|88\/100|[from] Stealth Rock\n|\n|-heal|p2a: Corviknight|94\/100|[from] item: Leftovers\n|-damage|p1a: Meowscarada|28\/100 brn|[from] brn\n|upkeep\n|turn|33\n|\n|t:|1699973767\n|move|p1a: Meowscarada|Flower Trick|p2a: Corviknight\n|-resisted|p2a: Corviknight\n|-crit|p2a: Corviknight\n|-damage|p2a: Corviknight|90\/100\n|move|p2a: Corviknight|Defog|p1a: Meowscarada\n|-unboost|p1a: Meowscarada|evasion|1\n|-sideend|p2: santylooool|Stealth Rock|[from] move: Defog|[of] p2a: Corviknight\n|\n|-heal|p2a: Corviknight|96\/100|[from] item: Leftovers\n|-damage|p1a: Meowscarada|22\/100 brn|[from] brn\n|upkeep\n|turn|34\n|\n|t:|1699973773\n|switch|p1a: Dragapult|Dragapult, M|100\/100\n|move|p2a: Corviknight|Brave Bird|p1a: Dragapult\n|-damage|p1a: Dragapult|53\/100\n|-damage|p2a: Corviknight|82\/100|[from] Recoil\n|\n|-heal|p2a: Corviknight|88\/100|[from] item: Leftovers\n|upkeep\n|turn|35\n|\n|t:|1699973775\n|move|p1a: Dragapult|Flamethrower|p2a: Corviknight\n|-supereffective|p2a: Corviknight\n|-damage|p2a: Corviknight|31\/100\n|move|p2a: Corviknight|Brave Bird|p1a: Dragapult\n|-damage|p1a: Dragapult|7\/100\n|-damage|p2a: Corviknight|18\/100|[from] Recoil\n|\n|-heal|p2a: Corviknight|24\/100|[from] item: Leftovers\n|-sideend|p2: santylooool|move: Light Screen\n|upkeep\n|turn|36\n|\n|t:|1699973784\n|switch|p2a: Alomomola|Alomomola, F|87\/100 tox\n|move|p1a: Dragapult|Flamethrower|p2a: Alomomola\n|-resisted|p2a: Alomomola\n|-damage|p2a: Alomomola|68\/100 tox\n|\n|-heal|p2a: Alomomola|74\/100 tox|[from] item: Leftovers\n|-damage|p2a: Alomomola|68\/100 tox|[from] psn\n|upkeep\n|turn|37\n|\n|t:|1699973792\n|switch|p1a: Meowscarada|Meowscarada, M|22\/100 brn\n|move|p2a: Alomomola|Wish|p2a: Alomomola\n|\n|-heal|p2a: Alomomola|74\/100 tox|[from] item: Leftovers\n|-damage|p2a: Alomomola|62\/100 tox|[from] psn\n|-damage|p1a: Meowscarada|16\/100 brn|[from] brn\n|upkeep\n|turn|38\n|\n|t:|1699973797\n|move|p1a: Meowscarada|Knock Off|p2a: Alomomola\n|-start|p1a: Meowscarada|typechange|Dark|[from] ability: Protean\n|-damage|p2a: Alomomola|50\/100 tox\n|-enditem|p2a: Alomomola|Leftovers|[from] move: Knock Off|[of] p1a: Meowscarada\n|move|p2a: Alomomola|Flip Turn|p1a: Meowscarada\n|-damage|p1a: Meowscarada|0 fnt\n|faint|p1a: Meowscarada\n|\n|t:|1699973800\n|switch|p2a: Corviknight|Corviknight, F|24\/100|[from] Flip Turn\n|\n|-heal|p2a: Corviknight|95\/100|[from] move: Wish|[wisher] Alomomola\n|-heal|p2a: Corviknight|100\/100|[from] item: Leftovers\n|upkeep\n|\n|t:|1699973809\n|switch|p1a: Dragapult|Dragapult, M|7\/100\n|turn|39\n|\n|t:|1699973813\n|move|p1a: Dragapult|Shadow Ball|p2a: Corviknight\n|-damage|p2a: Corviknight|60\/100\n|move|p2a: Corviknight|Brave Bird|p1a: Dragapult\n|-damage|p1a: Dragapult|0 fnt\n|faint|p1a: Dragapult\n|-damage|p2a: Corviknight|58\/100|[from] Recoil\n|\n|-heal|p2a: Corviknight|64\/100|[from] item: Leftovers\n|upkeep\n|\n|t:|1699973816\n|switch|p1a: Garganacl|Garganacl, M|100\/100\n|turn|40\n|\n|t:|1699973825\n|switch|p2a: Alomomola|Alomomola, F|83\/100 tox\n|-terastallize|p1a: Garganacl|Ghost\n|move|p1a: Garganacl|Iron Defense|p1a: Garganacl\n|-boost|p1a: Garganacl|def|2\n|\n|-damage|p2a: Alomomola|77\/100 tox|[from] psn\n|upkeep\n|turn|41\n|\n|t:|1699973842\n|move|p2a: Alomomola|Scald|p1a: Garganacl\n|-damage|p1a: Garganacl|87\/100\n|move|p1a: Garganacl|Iron Defense|p1a: Garganacl\n|-boost|p1a: Garganacl|def|2\n|\n|-heal|p1a: Garganacl|93\/100|[from] item: Leftovers\n|-damage|p2a: Alomomola|65\/100 tox|[from] psn\n|upkeep\n|turn|42\n|\n|t:|1699973851\n|move|p2a: Alomomola|Scald|p1a: Garganacl\n|-damage|p1a: Garganacl|81\/100\n|move|p1a: Garganacl|Iron Defense|p1a: Garganacl\n|-boost|p1a: Garganacl|def|2\n|\n|-heal|p1a: Garganacl|87\/100|[from] item: Leftovers\n|-damage|p2a: Alomomola|46\/100 tox|[from] psn\n|upkeep\n|turn|43\n|inactive|danz12 has 120 seconds left.\n|inactive|danz12 has 90 seconds left.\n|\n|t:|1699973918\n|switch|p2a: Blissey|Blissey, F|62\/100\n|move|p1a: Garganacl|Body Press|p2a: Blissey\n|-supereffective|p2a: Blissey\n|-damage|p2a: Blissey|0 fnt\n|faint|p2a: Blissey\n|\n|-heal|p1a: Garganacl|93\/100|[from] item: Leftovers\n|upkeep\n|\n|t:|1699973925\n|switch|p2a: Corviknight|Corviknight, F|64\/100\n|turn|44\n|\n|t:|1699973931\n|move|p2a: Corviknight|Bulk Up|p2a: Corviknight\n|-boost|p2a: Corviknight|atk|1\n|-boost|p2a: Corviknight|def|1\n|move|p1a: Garganacl|Body Press|p2a: Corviknight\n|-damage|p2a: Corviknight|2\/100\n|\n|-heal|p2a: Corviknight|8\/100|[from] item: Leftovers\n|-heal|p1a: Garganacl|99\/100|[from] item: Leftovers\n|upkeep\n|turn|45\n|\n|t:|1699973952\n|-terastallize|p2a: Corviknight|Flying\n|move|p2a: Corviknight|Brave Bird|p1a: Garganacl\n|-crit|p1a: Garganacl\n|-damage|p1a: Garganacl|48\/100\n|-damage|p2a: Corviknight|0 fnt|[from] Recoil\n|faint|p2a: Corviknight\n|move|p1a: Garganacl|Salt Cure|p2: Corviknight|[notarget]\n|-fail|p1a: Garganacl\n|\n|-heal|p1a: Garganacl|54\/100|[from] item: Leftovers\n|upkeep\n|c|\u2606danz12|critical\n|c|\u2606danz12|lol\n|\n|t:|1699973960\n|switch|p2a: Alomomola|Alomomola, F|80\/100 tox\n|turn|46\n|\n|t:|1699973963\n|move|p2a: Alomomola|Scald|p1a: Garganacl\n|-damage|p1a: Garganacl|41\/100\n|move|p1a: Garganacl|Body Press|p2a: Alomomola\n|-damage|p2a: Alomomola|11\/100 tox\n|\n|-heal|p1a: Garganacl|47\/100|[from] item: Leftovers\n|-damage|p2a: Alomomola|5\/100 tox|[from] psn\n|upkeep\n|turn|47\n|\n|t:|1699973969\n|move|p2a: Alomomola|Wish|p2a: Alomomola\n|move|p1a: Garganacl|Body Press|p2a: Alomomola\n|-damage|p2a: Alomomola|0 fnt\n|faint|p2a: Alomomola\n|\n|win|danz12\n|raw|danz12's rating: 1117 &rarr; <strong>1140<\/strong><br \/>(+23 for winning)\n|raw|santylooool's rating: 1090 &rarr; <strong>1068<\/strong><br \/>(-22 for losing)\n|c|\u2606danz12|gg\n|l|\u2606santylooool\n","uploadtime":1699973977,"views":10,"p1id":"danz12","p2id":"santylooool","formatid":"gen9ou","rating":1068,"private":0,"password":""}