{"id":"gen9ou-1995986537","p1":"Luison","p2":"Kenetto108","format":"[Gen 9] OU","log":"|j|\u2606Luison\n|j|\u2606Kenetto108\n|t:|1700625620\n|gametype|singles\n|player|p1|Luison|drayden|1567\n|player|p2|Kenetto108|lusamine-nihilego|1488\n|teamsize|p1|6\n|teamsize|p2|6\n|gen|9\n|tier|[Gen 9] OU\n|rated|\n|rule|Sleep Clause Mod: Limit one foe put to sleep\n|rule|Species Clause: Limit one of each Pok\u00e9mon\n|rule|OHKO Clause: OHKO moves are banned\n|rule|Evasion Items Clause: Evasion items are banned\n|rule|Evasion Moves Clause: Evasion moves are banned\n|rule|Endless Battle Clause: Forcing endless battles is banned\n|rule|HP Percentage Mod: HP is shown in percentages\n|clearpoke\n|poke|p1|Tinkaton, F|\n|poke|p1|Great Tusk|\n|poke|p1|Skeledirge, F|\n|poke|p1|Zapdos|\n|poke|p1|Kingambit, M|\n|poke|p1|Ogerpon-Wellspring, F|\n|poke|p2|Zapdos|\n|poke|p2|Okidogi, M|\n|poke|p2|Iron Valiant|\n|poke|p2|Iron Treads|\n|poke|p2|Iron Hands|\n|poke|p2|Iron Moth|\n|teampreview\n|inactive|Battle timer is ON: inactive players will automatically lose when time's up. (requested by Kenetto108)\n|\n|t:|1700625631\n|start\n|switch|p1a: Ogerpon|Ogerpon-Wellspring, F|100\/100\n|switch|p2a: Zapdos|Zapdos|100\/100\n|turn|1\n|\n|t:|1700625637\n|switch|p1a: Tinkaton|Tinkaton, F|100\/100\n|-ability|p1a: Tinkaton|Mold Breaker\n|move|p2a: Zapdos|Electric Terrain|p2a: Zapdos\n|-fieldstart|move: Electric Terrain\n|\n|upkeep\n|turn|2\n|\n|t:|1700625647\n|switch|p2a: Iron Treads|Iron Treads|100\/100\n|-activate|p2a: Iron Treads|ability: Quark Drive\n|-start|p2a: Iron Treads|quarkdrivespe\n|move|p1a: Tinkaton|Knock Off|p2a: Iron Treads\n|-damage|p2a: Iron Treads|89\/100\n|\n|upkeep\n|turn|3\n|c|\u2606Luison|what no tapu koko does to a team\n|\n|t:|1700625661\n|switch|p1a: Zapdos|Zapdos|100\/100\n|move|p2a: Iron Treads|Knock Off|p1a: Zapdos\n|-damage|p1a: Zapdos|64\/100\n|-enditem|p1a: Zapdos|Heavy-Duty Boots|[from] move: Knock Off|[of] p2a: Iron Treads\n|\n|upkeep\n|turn|4\n|\n|t:|1700625686\n|-end|p2a: Iron Treads|Quark Drive|[silent]\n|switch|p2a: Iron Hands|Iron Hands|100\/100\n|-activate|p2a: Iron Hands|ability: Quark Drive\n|-start|p2a: Iron Hands|quarkdriveatk\n|move|p1a: Zapdos|Hurricane|p2a: Iron Hands|[miss]\n|-miss|p1a: Zapdos|p2a: Iron Hands\n|\n|upkeep\n|turn|5\n|\n|t:|1700625696\n|move|p1a: Zapdos|Hurricane|p2a: Iron Hands\n|-damage|p2a: Iron Hands|66\/100\n|-start|p2a: Iron Hands|confusion\n|-activate|p2a: Iron Hands|confusion\n|move|p2a: Iron Hands|Belly Drum|p2a: Iron Hands\n|-damage|p2a: Iron Hands|16\/100\n|-setboost|p2a: Iron Hands|atk|6|[from] move: Belly Drum\n|-enditem|p2a: Iron Hands|Sitrus Berry|[eat]\n|-heal|p2a: Iron Hands|41\/100|[from] item: Sitrus Berry\n|\n|upkeep\n|turn|6\n|\n|t:|1700625702\n|move|p1a: Zapdos|Hurricane|p2a: Iron Hands\n|-damage|p2a: Iron Hands|8\/100\n|-end|p2a: Iron Hands|confusion\n|move|p2a: Iron Hands|Ice Punch|p1a: Zapdos\n|-supereffective|p1a: Zapdos\n|-damage|p1a: Zapdos|0 fnt\n|faint|p1a: Zapdos\n|\n|upkeep\n|\n|t:|1700625709\n|switch|p1a: Great Tusk|Great Tusk|100\/100\n|turn|7\n|inactive|Kenetto108 has 120 seconds left.\n|\n|t:|1700625747\n|-end|p2a: Iron Hands|Quark Drive|[silent]\n|switch|p2a: Zapdos|Zapdos|100\/100\n|move|p1a: Great Tusk|Rapid Spin|p2a: Zapdos\n|-crit|p2a: Zapdos\n|-damage|p2a: Zapdos|73\/100\n|-boost|p1a: Great Tusk|spe|1\n|\n|upkeep\n|turn|8\n|inactive|Kenetto108 has 120 seconds left.\n|\n|t:|1700625754\n|move|p1a: Great Tusk|Ice Spinner|p2a: Zapdos\n|-supereffective|p2a: Zapdos\n|-damage|p2a: Zapdos|15\/100\n|-fieldend|move: Electric Terrain\n|move|p2a: Zapdos|Hurricane|p1a: Great Tusk|[miss]\n|-miss|p2a: Zapdos|p1a: Great Tusk\n|\n|upkeep\n|turn|9\n|\n|t:|1700625760\n|switch|p2a: Iron Treads|Iron Treads|89\/100\n|-enditem|p2a: Iron Treads|Booster Energy\n|-activate|p2a: Iron Treads|ability: Quark Drive|[fromitem]\n|-start|p2a: Iron Treads|quarkdrivespe\n|move|p1a: Great Tusk|Rapid Spin|p2a: Iron Treads\n|-resisted|p2a: Iron Treads\n|-damage|p2a: Iron Treads|82\/100\n|-boost|p1a: Great Tusk|spe|1\n|\n|upkeep\n|turn|10\n|\n|t:|1700625774\n|move|p1a: Great Tusk|Headlong Rush|p2a: Iron Treads\n|-supereffective|p2a: Iron Treads\n|-damage|p2a: Iron Treads|0 fnt\n|-unboost|p1a: Great Tusk|def|1\n|-unboost|p1a: Great Tusk|spd|1\n|faint|p2a: Iron Treads\n|-end|p2a: Iron Treads|Quark Drive|[silent]\n|\n|upkeep\n|inactive|Kenetto108 has 120 seconds left.\n|\n|t:|1700625784\n|switch|p2a: Zapdos|Zapdos|15\/100\n|turn|11\n|\n|t:|1700625786\n|move|p1a: Great Tusk|Ice Spinner|p2a: Zapdos\n|-supereffective|p2a: Zapdos\n|-damage|p2a: Zapdos|0 fnt\n|-status|p1a: Great Tusk|par|[from] ability: Static|[of] p2a: Zapdos\n|faint|p2a: Zapdos\n|\n|upkeep\n|inactive|Kenetto108 has 120 seconds left.\n|\n|t:|1700625802\n|switch|p2a: Iron Valiant|Iron Valiant|100\/100\n|turn|12\n|\n|t:|1700625816\n|-end|p1a: Great Tusk|Protosynthesis|[silent]\n|switch|p1a: Skeledirge|Skeledirge, F|100\/100\n|move|p2a: Iron Valiant|Moonblast|p1a: Skeledirge\n|-resisted|p1a: Skeledirge\n|-damage|p1a: Skeledirge|72\/100\n|-unboost|p1a: Skeledirge|spa|1\n|\n|upkeep\n|turn|13\n|\n|t:|1700625821\n|move|p2a: Iron Valiant|Calm Mind|p2a: Iron Valiant\n|-boost|p2a: Iron Valiant|spa|1\n|-boost|p2a: Iron Valiant|spd|1\n|move|p1a: Skeledirge|Hex|p2a: Iron Valiant\n|-damage|p2a: Iron Valiant|69\/100\n|\n|upkeep\n|turn|14\n|\n|t:|1700625824\n|move|p2a: Iron Valiant|Shadow Ball|p1a: Skeledirge\n|-supereffective|p1a: Skeledirge\n|-damage|p1a: Skeledirge|10\/100\n|move|p1a: Skeledirge|Will-O-Wisp|p2a: Iron Valiant\n|-status|p2a: Iron Valiant|brn\n|\n|-damage|p2a: Iron Valiant|63\/100 brn|[from] brn\n|upkeep\n|turn|15\n|\n|t:|1700625831\n|move|p2a: Iron Valiant|Moonblast|p1a: Skeledirge\n|-resisted|p1a: Skeledirge\n|-damage|p1a: Skeledirge|0 fnt\n|faint|p1a: Skeledirge\n|\n|-damage|p2a: Iron Valiant|57\/100 brn|[from] brn\n|upkeep\n|\n|t:|1700625834\n|switch|p1a: Tinkaton|Tinkaton, F|100\/100\n|-ability|p1a: Tinkaton|Mold Breaker\n|turn|16\n|\n|t:|1700625838\n|-end|p2a: Iron Valiant|Quark Drive|[silent]\n|switch|p2a: Iron Hands|Iron Hands|8\/100\n|move|p1a: Tinkaton|Gigaton Hammer|p2a: Iron Hands\n|-resisted|p2a: Iron Hands\n|-damage|p2a: Iron Hands|0 fnt\n|faint|p2a: Iron Hands\n|-end|p2a: Iron Hands|Quark Drive|[silent]\n|\n|upkeep\n|\n|t:|1700625843\n|switch|p2a: Okidogi|Okidogi, M|100\/100\n|turn|17\n|\n|t:|1700625847\n|move|p1a: Tinkaton|Thunder Wave|p2a: Okidogi\n|-status|p2a: Okidogi|par\n|move|p2a: Okidogi|Substitute|p2a: Okidogi\n|-start|p2a: Okidogi|Substitute\n|-damage|p2a: Okidogi|76\/100 par\n|\n|-heal|p2a: Okidogi|82\/100 par|[from] item: Leftovers\n|upkeep\n|turn|18\n|\n|t:|1700625850\n|move|p1a: Tinkaton|Stealth Rock|p2a: Okidogi\n|-sidestart|p2: Kenetto108|move: Stealth Rock\n|move|p2a: Okidogi|Bulk Up|p2a: Okidogi\n|-boost|p2a: Okidogi|atk|1\n|-boost|p2a: Okidogi|def|1\n|\n|-heal|p2a: Okidogi|88\/100 par|[from] item: Leftovers\n|upkeep\n|turn|19\n|\n|t:|1700625854\n|switch|p1a: Great Tusk|Great Tusk|100\/100 par\n|move|p2a: Okidogi|Bulk Up|p2a: Okidogi\n|-boost|p2a: Okidogi|atk|1\n|-boost|p2a: Okidogi|def|1\n|\n|-heal|p2a: Okidogi|94\/100 par|[from] item: Leftovers\n|upkeep\n|turn|20\n|\n|t:|1700625858\n|move|p1a: Great Tusk|Ice Spinner|p2a: Okidogi\n|-crit|p2a: Okidogi\n|-end|p2a: Okidogi|Substitute\n|move|p2a: Okidogi|Bulk Up|p2a: Okidogi\n|-boost|p2a: Okidogi|atk|1\n|-boost|p2a: Okidogi|def|1\n|\n|-heal|p2a: Okidogi|99\/100 par|[from] item: Leftovers\n|upkeep\n|turn|21\n|\n|t:|1700625865\n|cant|p1a: Great Tusk|par\n|move|p2a: Okidogi|Substitute|p2a: Okidogi\n|-start|p2a: Okidogi|Substitute\n|-damage|p2a: Okidogi|75\/100 par\n|\n|-heal|p2a: Okidogi|81\/100 par|[from] item: Leftovers\n|upkeep\n|turn|22\n|\n|t:|1700625870\n|move|p1a: Great Tusk|Headlong Rush|p2a: Okidogi\n|-supereffective|p2a: Okidogi\n|-end|p2a: Okidogi|Substitute\n|-unboost|p1a: Great Tusk|def|1\n|-unboost|p1a: Great Tusk|spd|1\n|move|p2a: Okidogi|Bulk Up|p2a: Okidogi\n|-boost|p2a: Okidogi|atk|1\n|-boost|p2a: Okidogi|def|1\n|\n|-heal|p2a: Okidogi|88\/100 par|[from] item: Leftovers\n|upkeep\n|turn|23\n|\n|t:|1700625877\n|-end|p1a: Great Tusk|Protosynthesis|[silent]\n|switch|p1a: Tinkaton|Tinkaton, F|100\/100\n|-ability|p1a: Tinkaton|Mold Breaker\n|move|p2a: Okidogi|Substitute|p2a: Okidogi\n|-start|p2a: Okidogi|Substitute\n|-damage|p2a: Okidogi|63\/100 par\n|\n|-heal|p2a: Okidogi|69\/100 par|[from] item: Leftovers\n|upkeep\n|turn|24\n|\n|t:|1700625880\n|move|p1a: Tinkaton|Gigaton Hammer|p2a: Okidogi\n|-activate|p2a: Okidogi|move: Substitute|[damage]\n|cant|p2a: Okidogi|par\n|\n|-heal|p2a: Okidogi|75\/100 par|[from] item: Leftovers\n|upkeep\n|turn|25\n|\n|t:|1700625884\n|move|p1a: Tinkaton|Knock Off|p2a: Okidogi\n|-resisted|p2a: Okidogi\n|-crit|p2a: Okidogi\n|-activate|p2a: Okidogi|move: Substitute|[damage]\n|move|p2a: Okidogi|Substitute|p2a: Okidogi\n|-fail|p2a: Okidogi|move: Substitute\n|\n|-heal|p2a: Okidogi|81\/100 par|[from] item: Leftovers\n|upkeep\n|turn|26\n|\n|t:|1700625898\n|switch|p1a: Great Tusk|Great Tusk|100\/100 par\n|move|p2a: Okidogi|Bulk Up|p2a: Okidogi\n|-boost|p2a: Okidogi|atk|1\n|-boost|p2a: Okidogi|def|1\n|\n|-heal|p2a: Okidogi|87\/100 par|[from] item: Leftovers\n|upkeep\n|turn|27\n|\n|t:|1700625903\n|cant|p1a: Great Tusk|par\n|cant|p2a: Okidogi|par\n|\n|-heal|p2a: Okidogi|93\/100 par|[from] item: Leftovers\n|upkeep\n|turn|28\n|\n|t:|1700625905\n|move|p1a: Great Tusk|Ice Spinner|p2a: Okidogi\n|-end|p2a: Okidogi|Substitute\n|move|p2a: Okidogi|Substitute|p2a: Okidogi\n|-start|p2a: Okidogi|Substitute\n|-damage|p2a: Okidogi|69\/100 par\n|\n|-heal|p2a: Okidogi|75\/100 par|[from] item: Leftovers\n|upkeep\n|turn|29\n|\n|t:|1700625909\n|move|p1a: Great Tusk|Ice Spinner|p2a: Okidogi\n|-activate|p2a: Okidogi|move: Substitute|[damage]\n|move|p2a: Okidogi|Drain Punch|p1a: Great Tusk\n|-damage|p1a: Great Tusk|12\/100 par\n|-heal|p2a: Okidogi|100\/100 par|[from] drain|[of] p1a: Great Tusk\n|\n|upkeep\n|turn|30\n|\n|t:|1700625912\n|cant|p1a: Great Tusk|par\n|cant|p2a: Okidogi|par\n|\n|upkeep\n|turn|31\n|\n|t:|1700625915\n|cant|p1a: Great Tusk|par\n|cant|p2a: Okidogi|par\n|\n|upkeep\n|turn|32\n|\n|t:|1700625917\n|move|p1a: Great Tusk|Headlong Rush|p2a: Okidogi\n|-supereffective|p2a: Okidogi\n|-end|p2a: Okidogi|Substitute\n|-unboost|p1a: Great Tusk|def|1\n|-unboost|p1a: Great Tusk|spd|1\n|cant|p2a: Okidogi|par\n|\n|upkeep\n|turn|33\n|\n|t:|1700625921\n|move|p1a: Great Tusk|Headlong Rush|p2a: Okidogi\n|-supereffective|p2a: Okidogi\n|-damage|p2a: Okidogi|73\/100 par\n|-unboost|p1a: Great Tusk|def|1\n|-unboost|p1a: Great Tusk|spd|1\n|cant|p2a: Okidogi|par\n|\n|-heal|p2a: Okidogi|79\/100 par|[from] item: Leftovers\n|upkeep\n|turn|34\n|\n|t:|1700625926\n|cant|p1a: Great Tusk|par\n|move|p2a: Okidogi|Substitute|p2a: Okidogi\n|-start|p2a: Okidogi|Substitute\n|-damage|p2a: Okidogi|54\/100 par\n|\n|-heal|p2a: Okidogi|60\/100 par|[from] item: Leftovers\n|upkeep\n|turn|35\n|\n|t:|1700625928\n|cant|p1a: Great Tusk|par\n|cant|p2a: Okidogi|par\n|\n|-heal|p2a: Okidogi|67\/100 par|[from] item: Leftovers\n|upkeep\n|turn|36\n|\n|t:|1700625931\n|move|p1a: Great Tusk|Headlong Rush|p2a: Okidogi\n|-supereffective|p2a: Okidogi\n|-end|p2a: Okidogi|Substitute\n|-unboost|p1a: Great Tusk|def|1\n|-unboost|p1a: Great Tusk|spd|1\n|move|p2a: Okidogi|Bulk Up|p2a: Okidogi\n|-boost|p2a: Okidogi|atk|1\n|-boost|p2a: Okidogi|def|1\n|\n|-heal|p2a: Okidogi|73\/100 par|[from] item: Leftovers\n|upkeep\n|turn|37\n|\n|t:|1700625945\n|move|p1a: Great Tusk|Headlong Rush|p2a: Okidogi\n|-supereffective|p2a: Okidogi\n|-damage|p2a: Okidogi|44\/100 par\n|-unboost|p1a: Great Tusk|def|1\n|-unboost|p1a: Great Tusk|spd|1\n|move|p2a: Okidogi|Substitute|p2a: Okidogi\n|-start|p2a: Okidogi|Substitute\n|-damage|p2a: Okidogi|19\/100 par\n|\n|-heal|p2a: Okidogi|25\/100 par|[from] item: Leftovers\n|upkeep\n|turn|38\n|\n|t:|1700625948\n|move|p1a: Great Tusk|Headlong Rush|p2a: Okidogi\n|-supereffective|p2a: Okidogi\n|-end|p2a: Okidogi|Substitute\n|-unboost|p1a: Great Tusk|def|1\n|-unboost|p1a: Great Tusk|spd|1\n|move|p2a: Okidogi|Drain Punch|p1a: Great Tusk\n|-damage|p1a: Great Tusk|0 fnt\n|-heal|p2a: Okidogi|32\/100 par|[from] drain|[of] p1a: Great Tusk\n|faint|p1a: Great Tusk\n|-end|p1a: Great Tusk|Protosynthesis|[silent]\n|\n|-heal|p2a: Okidogi|38\/100 par|[from] item: Leftovers\n|upkeep\n|\n|t:|1700625953\n|switch|p1a: Ogerpon|Ogerpon-Wellspring, F|100\/100\n|turn|39\n|\n|t:|1700625955\n|move|p1a: Ogerpon|Ivy Cudgel|p2a: Okidogi|[anim] Ivy Cudgel Water\n|-damage|p2a: Okidogi|25\/100 par\n|move|p2a: Okidogi|Drain Punch|p1a: Ogerpon\n|-damage|p1a: Ogerpon|0 fnt\n|-heal|p2a: Okidogi|67\/100 par|[from] drain|[of] p1a: Ogerpon\n|faint|p1a: Ogerpon\n|\n|-heal|p2a: Okidogi|74\/100 par|[from] item: Leftovers\n|upkeep\n|-message|Luison forfeited.\n|\n|win|Kenetto108\n|raw|Luison's rating: 1567 &rarr; <strong>1543<\/strong><br \/>(-24 for losing)\n|raw|Kenetto108's rating: 1488 &rarr; <strong>1512<\/strong><br \/>(+24 for winning)\n|l|\u2606Luison\n|c|\u2606Kenetto108|Gg\n","uploadtime":1700625965,"views":1,"p1id":"luison","p2id":"kenetto108","formatid":"gen9ou","rating":1512,"private":0,"password":""}