{"id":"gen9ou-1991469686","p1":"mystori_","p2":"Scorbunnysquad2002","format":"[Gen 9] OU","log":"|j|\u2606mystori_\n|j|\u2606Scorbunnysquad2002\n|t:|1700079864\n|gametype|singles\n|player|p1|mystori_|shauntal|1062\n|player|p2|Scorbunnysquad2002|lucas|1141\n|teamsize|p1|6\n|teamsize|p2|6\n|gen|9\n|tier|[Gen 9] OU\n|rated|\n|rule|Sleep Clause Mod: Limit one foe put to sleep\n|rule|Species Clause: Limit one of each Pok\u00e9mon\n|rule|OHKO Clause: OHKO moves are banned\n|rule|Evasion Items Clause: Evasion items are banned\n|rule|Evasion Moves Clause: Evasion moves are banned\n|rule|Endless Battle Clause: Forcing endless battles is banned\n|rule|HP Percentage Mod: HP is shown in percentages\n|clearpoke\n|poke|p1|Sliggoo, M|\n|poke|p1|Ditto|\n|poke|p1|Pawniard, M|\n|poke|p1|Kirlia, F|\n|poke|p1|Ralts, M|\n|poke|p1|Empoleon, M|\n|poke|p2|Ceruledge, M|\n|poke|p2|Scizor, M|\n|poke|p2|Gholdengo|\n|poke|p2|Dragonite, F|\n|poke|p2|Glimmora, M|\n|poke|p2|Meowscarada, M|\n|teampreview\n|inactive|Battle timer is ON: inactive players will automatically lose when time's up. (requested by mystori_)\n|\n|t:|1700079867\n|start\n|switch|p1a: Kirby|Ditto|100\/100\n|switch|p2a: Glimmora|Glimmora, M|100\/100\n|-transform|p1a: Kirby|p2a: Glimmora|[from] ability: Imposter\n|turn|1\n|\n|t:|1700079879\n|move|p2a: Glimmora|Stealth Rock|p1a: Kirby\n|-sidestart|p1: mystori_|move: Stealth Rock\n|move|p1a: Kirby|Power Gem|p2a: Glimmora\n|-damage|p2a: Glimmora|40\/100\n|-damage|p1a: Kirby|90\/100|[from] item: Life Orb\n|\n|upkeep\n|turn|2\n|\n|t:|1700079888\n|move|p2a: Glimmora|Power Gem|p1a: Kirby\n|-damage|p1a: Kirby|23\/100\n|move|p1a: Kirby|Power Gem|p2a: Glimmora\n|-damage|p2a: Glimmora|0 fnt\n|faint|p2a: Glimmora\n|-damage|p1a: Kirby|13\/100|[from] item: Life Orb\n|\n|upkeep\n|\n|t:|1700079896\n|switch|p2a: Gholdengo|Gholdengo|100\/100\n|turn|3\n|\n|t:|1700079900\n|move|p2a: Gholdengo|Shadow Ball|p1a: Kirby\n|-damage|p1a: Kirby|0 fnt\n|faint|p1a: Kirby\n|\n|upkeep\n|\n|t:|1700079911\n|switch|p1a: Meta Knight|Pawniard, M, shiny|100\/100\n|-damage|p1a: Meta Knight|94\/100|[from] Stealth Rock\n|turn|4\n|\n|t:|1700079930\n|move|p2a: Gholdengo|Nasty Plot|p2a: Gholdengo\n|-boost|p2a: Gholdengo|spa|2\n|move|p1a: Meta Knight|Swords Dance|p1a: Meta Knight\n|-boost|p1a: Meta Knight|atk|2\n|\n|upkeep\n|turn|5\n|\n|t:|1700079951\n|move|p1a: Meta Knight|Sucker Punch|p2a: Gholdengo\n|-supereffective|p2a: Gholdengo\n|-crit|p2a: Gholdengo\n|-damage|p2a: Gholdengo|0 fnt\n|faint|p2a: Gholdengo\n|\n|upkeep\n|\n|t:|1700079956\n|switch|p2a: Scizor|Scizor, M|100\/100\n|turn|6\n|\n|t:|1700079964\n|move|p2a: Scizor|Swords Dance|p2a: Scizor\n|-boost|p2a: Scizor|atk|2\n|move|p1a: Meta Knight|Brick Break|p2a: Scizor\n|-damage|p2a: Scizor|58\/100\n|\n|upkeep\n|turn|7\n|\n|t:|1700079985\n|move|p1a: Meta Knight|Sucker Punch|p2a: Scizor\n|-damage|p2a: Scizor|0 fnt\n|faint|p2a: Scizor\n|\n|upkeep\n|\n|t:|1700079991\n|switch|p2a: Meowscarada|Meowscarada, M|100\/100\n|turn|8\n|\n|t:|1700079999\n|-terastallize|p1a: Meta Knight|Flying\n|move|p2a: Meowscarada|Hone Claws|p2a: Meowscarada\n|-start|p2a: Meowscarada|typechange|Dark|[from] ability: Protean\n|-boost|p2a: Meowscarada|atk|1\n|-boost|p2a: Meowscarada|accuracy|1\n|move|p1a: Meta Knight|Brick Break|p2a: Meowscarada\n|-supereffective|p2a: Meowscarada\n|-damage|p2a: Meowscarada|0 fnt\n|faint|p2a: Meowscarada\n|\n|upkeep\n|-message|Scorbunnysquad2002 forfeited.\n|\n|win|mystori_\n|raw|mystori_'s rating: 1062 &rarr; <strong>1100<\/strong><br \/>(+38 for winning)\n|raw|Scorbunnysquad2002's rating: 1141 &rarr; <strong>1110<\/strong><br \/>(-31 for losing)\n|l|\u2606Scorbunnysquad2002\n","uploadtime":1700080015,"views":10,"p1id":"mystori","p2id":"scorbunnysquad2002","formatid":"gen9ou","rating":1100,"private":0,"password":""}