{"id":"gen9ou-1998346882","p1":"TY SM MY GUY","p2":"Eggwynn","format":"[Gen 9] OU","log":"|j|\u2606TY SM MY GUY\n|j|\u2606Eggwynn\n|t:|1700932117\n|gametype|singles\n|player|p1|TY SM MY GUY|hoopster|1401\n|player|p2|Eggwynn|acetrainerf|1394\n|teamsize|p1|6\n|teamsize|p2|6\n|gen|9\n|tier|[Gen 9] OU\n|rated|\n|rule|Sleep Clause Mod: Limit one foe put to sleep\n|rule|Species Clause: Limit one of each Pok\u00e9mon\n|rule|OHKO Clause: OHKO moves are banned\n|rule|Evasion Items Clause: Evasion items are banned\n|rule|Evasion Moves Clause: Evasion moves are banned\n|rule|Endless Battle Clause: Forcing endless battles is banned\n|rule|HP Percentage Mod: HP is shown in percentages\n|clearpoke\n|poke|p1|Glimmora, F|\n|poke|p1|Great Tusk|\n|poke|p1|Hatterene, F|\n|poke|p1|Greninja-*, M|\n|poke|p1|Brambleghast, M|\n|poke|p1|Zoroark-Hisui, M|\n|poke|p2|Ninetales-Alola, F|\n|poke|p2|Cetitan, F|\n|poke|p2|Gholdengo|\n|poke|p2|Ting-Lu|\n|poke|p2|Zapdos|\n|poke|p2|Zamazenta-*|\n|teampreview\n|inactive|Battle timer is ON: inactive players will automatically lose when time's up. (requested by Eggwynn)\n|inactive|Eggwynn has 120 seconds left.\n|\n|t:|1700932150\n|start\n|switch|p1a: Glimmora|Glimmora, F, shiny|100\/100\n|switch|p2a: Ninetales|Ninetales-Alola, F|100\/100\n|-weather|Snow|[from] ability: Snow Warning|[of] p2a: Ninetales\n|turn|1\n|\n|t:|1700932155\n|-terastallize|p1a: Glimmora|Fire\n|move|p1a: Glimmora|Flamethrower|p2a: Ninetales\n|-supereffective|p2a: Ninetales\n|-damage|p2a: Ninetales|7\/100\n|move|p2a: Ninetales|Aurora Veil|p2a: Ninetales\n|-sidestart|p2: Eggwynn|move: Aurora Veil\n|\n|-weather|Snow|[upkeep]\n|upkeep\n|turn|2\n|\n|t:|1700932163\n|move|p1a: Glimmora|Flamethrower|p2a: Ninetales\n|-supereffective|p2a: Ninetales\n|-damage|p2a: Ninetales|0 fnt\n|faint|p2a: Ninetales\n|\n|-weather|Snow|[upkeep]\n|upkeep\n|\n|t:|1700932178\n|switch|p2a: Zapdos|Zapdos|100\/100\n|turn|3\n|\n|t:|1700932182\n|switch|p1a: Hatterene|Hatterene, F, shiny|100\/100\n|move|p2a: Zapdos|Volt Switch|p1a: Hatterene\n|-damage|p1a: Hatterene|77\/100\n|-enditem|p1a: Hatterene|Eject Button\n|\n|t:|1700932189\n|switch|p1a: Glimmora|Glimmora, F, shiny|100\/100\n|-item|p1a: Glimmora|Air Balloon\n|\n|-weather|Snow|[upkeep]\n|upkeep\n|turn|4\n|\n|t:|1700932193\n|move|p2a: Zapdos|Volt Switch|p1a: Glimmora\n|-damage|p1a: Glimmora|69\/100\n|-enditem|p1a: Glimmora|Air Balloon\n|\n|t:|1700932204\n|switch|p2a: Ting-Lu|Ting-Lu|100\/100|[from] Volt Switch\n|-ability|p2a: Ting-Lu|Vessel of Ruin\n|move|p1a: Glimmora|Power Gem|p2a: Ting-Lu\n|-resisted|p2a: Ting-Lu\n|-damage|p2a: Ting-Lu|97\/100\n|\n|-weather|Snow|[upkeep]\n|-heal|p2a: Ting-Lu|100\/100|[from] item: Leftovers\n|upkeep\n|turn|5\n|\n|t:|1700932215\n|switch|p1a: Hatterene|Hatterene, F, shiny|77\/100\n|move|p2a: Ting-Lu|Earthquake|p1a: Hatterene\n|-damage|p1a: Hatterene|34\/100\n|\n|-weather|none\n|upkeep\n|turn|6\n|\n|t:|1700932218\n|switch|p2a: Cetitan|Cetitan, F|100\/100\n|move|p1a: Hatterene|Giga Drain|p2a: Cetitan\n|-damage|p2a: Cetitan|87\/100\n|-heal|p1a: Hatterene|44\/100|[from] drain|[of] p2a: Cetitan\n|\n|upkeep\n|turn|7\n|\n|t:|1700932220\n|move|p2a: Cetitan|Belly Drum|p2a: Cetitan\n|-damage|p2a: Cetitan|37\/100\n|-setboost|p2a: Cetitan|atk|6|[from] move: Belly Drum\n|-enditem|p2a: Cetitan|Sitrus Berry|[eat]\n|-heal|p2a: Cetitan|62\/100|[from] item: Sitrus Berry\n|move|p1a: Hatterene|Nuzzle|p2a: Cetitan\n|-damage|p2a: Cetitan|60\/100\n|-status|p2a: Cetitan|par\n|\n|upkeep\n|turn|8\n|\n|t:|1700932224\n|cant|p2a: Cetitan|par\n|move|p1a: Hatterene|Draining Kiss|p2a: Cetitan\n|-damage|p2a: Cetitan|48\/100 par\n|-heal|p1a: Hatterene|57\/100|[from] drain|[of] p2a: Cetitan\n|\n|-sideend|p2: Eggwynn|move: Aurora Veil\n|upkeep\n|turn|9\n|\n|t:|1700932225\n|move|p2a: Cetitan|Ice Shard|p1a: Hatterene\n|-damage|p1a: Hatterene|0 fnt\n|faint|p1a: Hatterene\n|\n|upkeep\n|\n|t:|1700932229\n|switch|p1a: Brambleghast|Brambleghast, M, shiny|100\/100\n|turn|10\n|\n|t:|1700932236\n|move|p2a: Cetitan|Ice Shard|p1a: Brambleghast\n|-supereffective|p1a: Brambleghast\n|-enditem|p1a: Brambleghast|Focus Sash\n|-damage|p1a: Brambleghast|1\/100\n|move|p1a: Brambleghast|Rapid Spin|p2a: Cetitan\n|-damage|p2a: Cetitan|33\/100 par\n|-boost|p1a: Brambleghast|spe|1\n|\n|upkeep\n|turn|11\n|\n|t:|1700932239\n|move|p1a: Brambleghast|Shadow Sneak|p2a: Cetitan\n|-damage|p2a: Cetitan|15\/100 par\n|cant|p2a: Cetitan|par\n|\n|upkeep\n|turn|12\n|\n|t:|1700932244\n|move|p1a: Brambleghast|Shadow Sneak|p2a: Cetitan\n|-damage|p2a: Cetitan|0 fnt\n|faint|p2a: Cetitan\n|\n|upkeep\n|\n|t:|1700932250\n|switch|p2a: Ting-Lu|Ting-Lu|100\/100\n|-ability|p2a: Ting-Lu|Vessel of Ruin\n|turn|13\n|\n|t:|1700932253\n|move|p1a: Brambleghast|Thief|p2a: Ting-Lu\n|-resisted|p2a: Ting-Lu\n|-damage|p2a: Ting-Lu|95\/100\n|-enditem|p2a: Ting-Lu|Leftovers|[silent]|[from] move: Thief|[of] p1a: Brambleghast\n|-item|p1a: Brambleghast|Leftovers|[from] move: Thief|[of] p2a: Ting-Lu\n|move|p2a: Ting-Lu|Earthquake|p1a: Brambleghast\n|-resisted|p1a: Brambleghast\n|-damage|p1a: Brambleghast|0 fnt\n|faint|p1a: Brambleghast\n|\n|upkeep\n|\n|t:|1700932261\n|switch|p1a: Glimmora|Glimmora, F, shiny|69\/100\n|turn|14\n|\n|t:|1700932274\n|move|p1a: Glimmora|Stealth Rock|p2a: Ting-Lu\n|-sidestart|p2: Eggwynn|move: Stealth Rock\n|move|p2a: Ting-Lu|Spikes|p1a: Glimmora\n|-sidestart|p1: TY SM MY GUY|Spikes\n|\n|upkeep\n|turn|15\n|\n|t:|1700932279\n|move|p1a: Glimmora|Dazzling Gleam|p2a: Ting-Lu\n|-supereffective|p2a: Ting-Lu\n|-damage|p2a: Ting-Lu|77\/100\n|move|p2a: Ting-Lu|Ruination|p1a: Glimmora\n|-damage|p1a: Glimmora|35\/100\n|\n|upkeep\n|turn|16\n|\n|t:|1700932281\n|move|p1a: Glimmora|Dazzling Gleam|p2a: Ting-Lu\n|-supereffective|p2a: Ting-Lu\n|-damage|p2a: Ting-Lu|58\/100\n|move|p2a: Ting-Lu|Earthquake|p1a: Glimmora\n|-supereffective|p1a: Glimmora\n|-damage|p1a: Glimmora|0 fnt\n|-activate|p1a: Glimmora|ability: Toxic Debris\n|-sidestart|p2: Eggwynn|move: Toxic Spikes\n|faint|p1a: Glimmora\n|\n|upkeep\n|\n|t:|1700932288\n|switch|p1a: Greninja|Greninja, M, tera:Fire|100\/100\n|-damage|p1a: Greninja|88\/100|[from] Spikes\n|turn|17\n|\n|t:|1700932300\n|move|p1a: Greninja|Trick|p2a: Ting-Lu\n|-activate|p1a: Greninja|move: Trick|[of] p2a: Ting-Lu\n|-item|p2a: Ting-Lu|Choice Scarf|[from] move: Trick\n|-enditem|p1a: Greninja|Choice Scarf|[silent]|[from] move: Trick\n|move|p2a: Ting-Lu|Earthquake|p1a: Greninja\n|-supereffective|p1a: Greninja\n|-damage|p1a: Greninja|0 fnt\n|replace|p1a: Zoroark|Zoroark-Hisui, M, shiny\n|-end|p1a: Zoroark|Illusion\n|faint|p1a: Zoroark\n|\n|upkeep\n|\n|t:|1700932306\n|switch|p1a: Great Tusk|Great Tusk|100\/100\n|-damage|p1a: Great Tusk|88\/100|[from] Spikes\n|-enditem|p1a: Great Tusk|Booster Energy\n|-activate|p1a: Great Tusk|ability: Protosynthesis|[fromitem]\n|-start|p1a: Great Tusk|protosynthesisspe\n|turn|18\n|\n|t:|1700932314\n|switch|p2a: Zamazenta|Zamazenta|100\/100\n|-damage|p2a: Zamazenta|94\/100|[from] Stealth Rock\n|-status|p2a: Zamazenta|psn\n|-ability|p2a: Zamazenta|Dauntless Shield|boost\n|-boost|p2a: Zamazenta|def|1\n|move|p1a: Great Tusk|Bulk Up|p1a: Great Tusk\n|-boost|p1a: Great Tusk|atk|1\n|-boost|p1a: Great Tusk|def|1\n|\n|-damage|p2a: Zamazenta|82\/100 psn|[from] psn\n|upkeep\n|turn|19\n|\n|t:|1700932318\n|move|p1a: Great Tusk|Bulk Up|p1a: Great Tusk\n|-boost|p1a: Great Tusk|atk|1\n|-boost|p1a: Great Tusk|def|1\n|move|p2a: Zamazenta|Close Combat|p1a: Great Tusk\n|-damage|p1a: Great Tusk|60\/100\n|-unboost|p2a: Zamazenta|def|1\n|-unboost|p2a: Zamazenta|spd|1\n|\n|-damage|p2a: Zamazenta|70\/100 psn|[from] psn\n|upkeep\n|turn|20\n|\n|t:|1700932322\n|move|p1a: Great Tusk|Bulk Up|p1a: Great Tusk\n|-boost|p1a: Great Tusk|atk|1\n|-boost|p1a: Great Tusk|def|1\n|move|p2a: Zamazenta|Close Combat|p1a: Great Tusk\n|-damage|p1a: Great Tusk|39\/100\n|-unboost|p2a: Zamazenta|def|1\n|-unboost|p2a: Zamazenta|spd|1\n|\n|-damage|p2a: Zamazenta|57\/100 psn|[from] psn\n|upkeep\n|turn|21\n|\n|t:|1700932325\n|move|p1a: Great Tusk|Body Press|p2a: Zamazenta\n|-damage|p2a: Zamazenta|0 fnt\n|faint|p2a: Zamazenta\n|\n|upkeep\n|\n|t:|1700932329\n|switch|p2a: Zapdos|Zapdos|100\/100\n|turn|22\n|\n|t:|1700932332\n|move|p1a: Great Tusk|Ice Spinner|p2a: Zapdos\n|-supereffective|p2a: Zapdos\n|-damage|p2a: Zapdos|3\/100\n|move|p2a: Zapdos|Hurricane|p1a: Great Tusk\n|-supereffective|p1a: Great Tusk\n|-damage|p1a: Great Tusk|0 fnt\n|faint|p1a: Great Tusk\n|-end|p1a: Great Tusk|Protosynthesis|[silent]\n|\n|upkeep\n|\n|t:|1700932336\n|switch|p1a: Greninja|Greninja, M|100\/100\n|-damage|p1a: Greninja|88\/100|[from] Spikes\n|turn|23\n|\n|t:|1700932339\n|move|p1a: Greninja|Dark Pulse|p2a: Zapdos\n|-damage|p2a: Zapdos|0 fnt\n|faint|p2a: Zapdos\n|-ability|p1a: Greninja|Battle Bond|boost\n|-boost|p1a: Greninja|atk|1\n|-boost|p1a: Greninja|spa|1\n|-boost|p1a: Greninja|spe|1\n|-activate|p1a: Greninja|ability: Battle Bond\n|-damage|p1a: Greninja|78\/100|[from] item: Life Orb\n|\n|upkeep\n|\n|t:|1700932347\n|switch|p2a: Ting-Lu|Ting-Lu|58\/100\n|-damage|p2a: Ting-Lu|52\/100|[from] Stealth Rock\n|-status|p2a: Ting-Lu|psn\n|-ability|p2a: Ting-Lu|Vessel of Ruin\n|turn|24\n|\n|t:|1700932376\n|-terastallize|p2a: Ting-Lu|Poison\n|move|p1a: Greninja|Ice Beam|p2a: Ting-Lu\n|-damage|p2a: Ting-Lu|31\/100 psn\n|-damage|p1a: Greninja|69\/100|[from] item: Life Orb\n|move|p2a: Ting-Lu|Whirlwind||[still]\n|-fail|p2a: Ting-Lu\n|\n|-damage|p2a: Ting-Lu|19\/100 psn|[from] psn\n|upkeep\n|turn|25\n|c|\u2606TY SM MY GUY|???\n|c|\u2606TY SM MY GUY|whirlwind??\n|c|\u2606TY SM MY GUY|this my last mon wtf\n|c|\u2606Eggwynn|OH\n|c|\u2606TY SM MY GUY|U threw\n|c|\u2606Eggwynn|THE UI SAYS YOU HAVE GLIMMORA\n|c|\u2606TY SM MY GUY|harrddd\n|c|\u2606Eggwynn|BECAUSE OF ZORK\n|inactive|Eggwynn has 120 seconds left.\n|c|\u2606TY SM MY GUY|yea that glitch sucks\n|c|\u2606Eggwynn|LITERALLY UI DIFF\n|c|\u2606TY SM MY GUY|dam\n|c|\u2606Eggwynn|gg\n|-message|Eggwynn forfeited.\n|\n|win|TY SM MY GUY\n|raw|TY SM MY GUY's rating: 1401 &rarr; <strong>1421<\/strong><br \/>(+20 for winning)\n|raw|Eggwynn's rating: 1394 &rarr; <strong>1374<\/strong><br \/>(-20 for losing)\n|l|\u2606Eggwynn\n","uploadtime":1700932429,"views":1,"p1id":"tysmmyguy","p2id":"eggwynn","formatid":"gen9ou","rating":1374,"private":0,"password":""}