{"id":"gen9ou-1992454541","p1":"CTE World","p2":"burberry bax","format":"[Gen 9] OU","log":"|j|\u2606CTE World\n|j|\u2606burberry bax\n|t:|1700189569\n|gametype|singles\n|player|p1|CTE World|ghetsis|\n|player|p2|burberry bax|lucas|\n|teamsize|p1|6\n|teamsize|p2|6\n|gen|9\n|tier|[Gen 9] OU\n|rule|Sleep Clause Mod: Limit one foe put to sleep\n|rule|Species Clause: Limit one of each Pok\u00e9mon\n|rule|OHKO Clause: OHKO moves are banned\n|rule|Evasion Items Clause: Evasion items are banned\n|rule|Evasion Moves Clause: Evasion moves are banned\n|rule|Endless Battle Clause: Forcing endless battles is banned\n|rule|HP Percentage Mod: HP is shown in percentages\n|clearpoke\n|poke|p1|Heatran, M|\n|poke|p1|Hydreigon, M|\n|poke|p1|Thundurus-Therian, M|\n|poke|p1|Meloetta|\n|poke|p1|Muk, M|\n|poke|p1|Houndstone, M|\n|poke|p2|Gardevoir, F|\n|poke|p2|Mudsdale, M|\n|poke|p2|Moltres|\n|poke|p2|Lycanroc-Midnight, M|\n|poke|p2|Eelektross, F|\n|poke|p2|Whiscash, M|\n|teampreview\n|inactive|Battle timer is ON: inactive players will automatically lose when time's up. (requested by CTE World)\n|j| GymLeader Avery\n|inactive|CTE World has 270 seconds left.\n|j| muffinATEthat\n|inactiveoff|Battle timer is now OFF.\n|j| DomNeedsHelp\n|c| DomNeedsHelp|Go!\n|inactive|Battle timer is ON: inactive players will automatically lose when time's up. (requested by CTE World)\n|\n|t:|1700189656\n|start\n|switch|p1a: Muk Foreman|Muk, M|100\/100\n|switch|p2a: montenegro|Mudsdale, M|100\/100\n|turn|1\n|\n|t:|1700189661\n|move|p2a: montenegro|Earthquake|p1a: Muk Foreman\n|-supereffective|p1a: Muk Foreman\n|-damage|p1a: Muk Foreman|29\/100\n|move|p1a: Muk Foreman|Acid Armor|p1a: Muk Foreman\n|-boost|p1a: Muk Foreman|def|2\n|\n|-heal|p1a: Muk Foreman|35\/100|[from] item: Black Sludge\n|upkeep\n|turn|2\n|\n|t:|1700189685\n|move|p2a: montenegro|Earthquake|p1a: Muk Foreman\n|-supereffective|p1a: Muk Foreman\n|-damage|p1a: Muk Foreman|0 fnt\n|faint|p1a: Muk Foreman\n|\n|upkeep\n|\n|t:|1700189698\n|switch|p1a: Cris-cendo Carter|Meloetta|100\/100\n|turn|3\n|\n|t:|1700189699\n|move|p1a: Cris-cendo Carter|Knock Off|p2a: montenegro\n|-damage|p2a: montenegro|85\/100\n|-enditem|p2a: montenegro|Assault Vest|[from] move: Knock Off|[of] p1a: Cris-cendo Carter\n|move|p2a: montenegro|Earthquake|p1a: Cris-cendo Carter\n|-damage|p1a: Cris-cendo Carter|46\/100\n|\n|-heal|p1a: Cris-cendo Carter|52\/100|[from] item: Leftovers\n|upkeep\n|turn|4\n|\n|t:|1700189714\n|move|p1a: Cris-cendo Carter|U-turn|p2a: montenegro\n|-damage|p2a: montenegro|74\/100\n|\n|t:|1700189729\n|switch|p1a: Dreigon Diggs|Hydreigon, M, shiny|100\/100|[from] U-turn\n|move|p2a: montenegro|Heavy Slam|p1a: Dreigon Diggs\n|-damage|p1a: Dreigon Diggs|55\/100\n|\n|-heal|p1a: Dreigon Diggs|61\/100|[from] item: Leftovers\n|upkeep\n|turn|5\n|inactive|CTE World has 270 seconds left.\n|\n|t:|1700189747\n|move|p1a: Dreigon Diggs|Draco Meteor|p2a: montenegro\n|-damage|p2a: montenegro|0 fnt\n|-unboost|p1a: Dreigon Diggs|spa|2\n|faint|p2a: montenegro\n|\n|-heal|p1a: Dreigon Diggs|67\/100|[from] item: Leftovers\n|upkeep\n|\n|t:|1700189758\n|switch|p2a: meltdown|Moltres, shiny|100\/100\n|turn|6\n|\n|t:|1700189761\n|switch|p1a: Tran Tarkenton|Heatran, M, shiny|100\/100\n|move|p2a: meltdown|U-turn|p1a: Tran Tarkenton\n|-resisted|p1a: Tran Tarkenton\n|-damage|p1a: Tran Tarkenton|97\/100\n|\n|t:|1700189764\n|switch|p2a: whisbrook|Whiscash, M|100\/100|[from] U-turn\n|\n|-heal|p1a: Tran Tarkenton|100\/100|[from] item: Leftovers\n|upkeep\n|turn|7\n|\n|t:|1700189768\n|move|p1a: Tran Tarkenton|Stealth Rock|p2a: whisbrook\n|-sidestart|p2: burberry bax|move: Stealth Rock\n|move|p2a: whisbrook|Earth Power|p1a: Tran Tarkenton\n|-supereffective|p1a: Tran Tarkenton\n|-damage|p1a: Tran Tarkenton|34\/100\n|-unboost|p1a: Tran Tarkenton|spd|1\n|\n|-heal|p1a: Tran Tarkenton|40\/100|[from] item: Leftovers\n|upkeep\n|turn|8\n|\n|t:|1700189776\n|switch|p1a: Cris-cendo Carter|Meloetta|52\/100\n|move|p2a: whisbrook|Spikes|p1a: Cris-cendo Carter\n|-sidestart|p1: CTE World|Spikes\n|\n|-heal|p1a: Cris-cendo Carter|58\/100|[from] item: Leftovers\n|upkeep\n|turn|9\n|\n|t:|1700189780\n|move|p1a: Cris-cendo Carter|Knock Off|p2a: whisbrook\n|-damage|p2a: whisbrook|84\/100\n|-enditem|p2a: whisbrook|Heavy-Duty Boots|[from] move: Knock Off|[of] p1a: Cris-cendo Carter\n|move|p2a: whisbrook|Earth Power|p1a: Cris-cendo Carter\n|-damage|p1a: Cris-cendo Carter|45\/100\n|\n|-heal|p1a: Cris-cendo Carter|51\/100|[from] item: Leftovers\n|upkeep\n|turn|10\n|\n|t:|1700189793\n|move|p1a: Cris-cendo Carter|Psychic|p2a: whisbrook\n|-damage|p2a: whisbrook|57\/100\n|move|p2a: whisbrook|Earth Power|p1a: Cris-cendo Carter\n|-damage|p1a: Cris-cendo Carter|39\/100\n|\n|-heal|p1a: Cris-cendo Carter|45\/100|[from] item: Leftovers\n|upkeep\n|turn|11\n|\n|t:|1700189795\n|switch|p2a: rika|Eelektross, F|100\/100\n|-damage|p2a: rika|88\/100|[from] Stealth Rock\n|move|p1a: Cris-cendo Carter|Psychic|p2a: rika\n|-damage|p2a: rika|69\/100\n|\n|-heal|p1a: Cris-cendo Carter|51\/100|[from] item: Leftovers\n|upkeep\n|turn|12\n|\n|t:|1700189814\n|move|p1a: Cris-cendo Carter|Knock Off|p2a: rika\n|-damage|p2a: rika|51\/100\n|-enditem|p2a: rika|Assault Vest|[from] move: Knock Off|[of] p1a: Cris-cendo Carter\n|move|p2a: rika|U-turn|p1a: Cris-cendo Carter\n|-supereffective|p1a: Cris-cendo Carter\n|-damage|p1a: Cris-cendo Carter|13\/100\n|\n|t:|1700189817\n|switch|p2a: fubuki|Gardevoir, F|100\/100|[from] U-turn\n|-ability|p2a: fubuki|Serene Grace|[from] ability: Trace|[of] p1a: Cris-cendo Carter\n|\n|-heal|p1a: Cris-cendo Carter|19\/100|[from] item: Leftovers\n|upkeep\n|turn|13\n|inactive|CTE World has 270 seconds left.\n|\n|t:|1700189849\n|move|p2a: fubuki|Moonblast|p1a: Cris-cendo Carter\n|-crit|p1a: Cris-cendo Carter\n|-damage|p1a: Cris-cendo Carter|0 fnt\n|faint|p1a: Cris-cendo Carter\n|\n|upkeep\n|inactive|CTE World has 270 seconds left.\n|\n|t:|1700189856\n|switch|p1a: Grim Marshall|Houndstone, M|100\/100\n|-damage|p1a: Grim Marshall|88\/100|[from] Spikes\n|turn|14\n|\n|t:|1700189863\n|switch|p2a: meltdown|Moltres, shiny|100\/100\n|move|p1a: Grim Marshall|Poltergeist|p2a: meltdown\n|-activate|p2a: meltdown|move: Poltergeist|Heavy-Duty Boots\n|-damage|p2a: meltdown|67\/100\n|\n|-heal|p1a: Grim Marshall|94\/100|[from] item: Leftovers\n|upkeep\n|turn|15\n|inactive|CTE World has 270 seconds left.\n|\n|t:|1700189883\n|switch|p1a: Therian Peterson|Thundurus-Therian, M|100\/100\n|move|p2a: meltdown|U-turn|p1a: Therian Peterson\n|-resisted|p1a: Therian Peterson\n|-damage|p1a: Therian Peterson|88\/100\n|\n|t:|1700189894\n|switch|p2a: alas!|Lycanroc-Midnight, M|100\/100|[from] U-turn\n|\n|upkeep\n|turn|16\n|j| KevinF_VGC\n|\n|t:|1700189903\n|move|p1a: Therian Peterson|U-turn|p2a: alas!\n|-damage|p2a: alas!|80\/100\n|\n|t:|1700189906\n|switch|p1a: Grim Marshall|Houndstone, M|94\/100|[from] U-turn\n|-damage|p1a: Grim Marshall|82\/100|[from] Spikes\n|move|p2a: alas!|Stone Edge|p1a: Grim Marshall\n|-damage|p1a: Grim Marshall|49\/100\n|\n|-heal|p1a: Grim Marshall|55\/100|[from] item: Leftovers\n|upkeep\n|turn|17\n|inactive|CTE World has 270 seconds left.\n|inactive|burberry bax has 270 seconds left.\n|\n|t:|1700189937\n|switch|p2a: whisbrook|Whiscash, M|57\/100\n|-damage|p2a: whisbrook|51\/100|[from] Stealth Rock\n|-terastallize|p1a: Grim Marshall|Fighting\n|move|p1a: Grim Marshall|Roar|p2a: whisbrook\n|drag|p2a: meltdown|Moltres, shiny|67\/100\n|\n|-heal|p1a: Grim Marshall|61\/100|[from] item: Leftovers\n|upkeep\n|turn|18\n|inactive|CTE World has 270 seconds left.\n|inactive|burberry bax has 270 seconds left.\n|\n|t:|1700189951\n|switch|p1a: Therian Peterson|Thundurus-Therian, M|88\/100\n|move|p2a: meltdown|U-turn|p1a: Therian Peterson\n|-resisted|p1a: Therian Peterson\n|-damage|p1a: Therian Peterson|76\/100\n|inactive|burberry bax has 270 seconds left.\n|\n|t:|1700189957\n|switch|p2a: rika|Eelektross, F|51\/100|[from] U-turn\n|-damage|p2a: rika|39\/100|[from] Stealth Rock\n|\n|upkeep\n|turn|19\n|\n|t:|1700189964\n|move|p1a: Therian Peterson|U-turn|p2a: rika\n|-damage|p2a: rika|24\/100\n|\n|t:|1700189966\n|switch|p1a: Dreigon Diggs|Hydreigon, M, shiny|67\/100|[from] U-turn\n|move|p2a: rika|U-turn|p1a: Dreigon Diggs\n|-supereffective|p1a: Dreigon Diggs\n|-damage|p1a: Dreigon Diggs|24\/100\n|\n|t:|1700189977\n|switch|p2a: meltdown|Moltres, shiny|67\/100|[from] U-turn\n|\n|-heal|p1a: Dreigon Diggs|30\/100|[from] item: Leftovers\n|upkeep\n|turn|20\n|\n|t:|1700189988\n|move|p1a: Dreigon Diggs|Dark Pulse|p2a: meltdown\n|-damage|p2a: meltdown|28\/100\n|cant|p2a: meltdown|flinch\n|\n|-heal|p1a: Dreigon Diggs|36\/100|[from] item: Leftovers\n|upkeep\n|turn|21\n|\n|t:|1700190005\n|switch|p2a: rika|Eelektross, F|24\/100\n|-damage|p2a: rika|11\/100|[from] Stealth Rock\n|move|p1a: Dreigon Diggs|Dark Pulse|p2a: rika\n|-damage|p2a: rika|0 fnt\n|faint|p2a: rika\n|\n|-heal|p1a: Dreigon Diggs|42\/100|[from] item: Leftovers\n|upkeep\n|\n|t:|1700190011\n|switch|p2a: fubuki|Gardevoir, F|100\/100\n|-ability|p2a: fubuki|Levitate|[from] ability: Trace|[of] p1a: Dreigon Diggs\n|turn|22\n|\n|t:|1700190025\n|move|p1a: Dreigon Diggs|Flash Cannon|p2a: fubuki\n|-supereffective|p2a: fubuki\n|-damage|p2a: fubuki|36\/100\n|move|p2a: fubuki|Moonblast|p1a: Dreigon Diggs\n|-supereffective|p1a: Dreigon Diggs\n|-damage|p1a: Dreigon Diggs|0 fnt\n|faint|p1a: Dreigon Diggs\n|\n|upkeep\n|\n|t:|1700190031\n|switch|p1a: Therian Peterson|Thundurus-Therian, M|76\/100\n|turn|23\n|\n|t:|1700190051\n|move|p1a: Therian Peterson|Nasty Plot|p1a: Therian Peterson\n|-boost|p1a: Therian Peterson|spa|2\n|move|p2a: fubuki|Moonblast|p1a: Therian Peterson\n|-damage|p1a: Therian Peterson|4\/100\n|-unboost|p1a: Therian Peterson|spa|1\n|\n|upkeep\n|turn|24\n|\n|t:|1700190057\n|move|p1a: Therian Peterson|Tera Blast|p2a: fubuki\n|-damage|p2a: fubuki|0 fnt\n|faint|p2a: fubuki\n|\n|upkeep\n|j| FirstClassWill\n|\n|t:|1700190062\n|switch|p2a: whisbrook|Whiscash, M|51\/100\n|-damage|p2a: whisbrook|45\/100|[from] Stealth Rock\n|turn|25\n|\n|t:|1700190071\n|-terastallize|p2a: whisbrook|Poison\n|move|p1a: Therian Peterson|U-turn|p2a: whisbrook\n|-resisted|p2a: whisbrook\n|-damage|p2a: whisbrook|37\/100\n|\n|t:|1700190090\n|switch|p1a: Tran Tarkenton|Heatran, M, shiny|40\/100|[from] U-turn\n|-damage|p1a: Tran Tarkenton|28\/100|[from] Spikes\n|move|p2a: whisbrook|Ice Beam|p1a: Tran Tarkenton\n|-resisted|p1a: Tran Tarkenton\n|-damage|p1a: Tran Tarkenton|26\/100\n|\n|-heal|p1a: Tran Tarkenton|32\/100|[from] item: Leftovers\n|upkeep\n|turn|26\n|\n|t:|1700190109\n|move|p1a: Tran Tarkenton|Heavy Slam|p2a: whisbrook\n|-damage|p2a: whisbrook|0 fnt\n|faint|p2a: whisbrook\n|\n|-heal|p1a: Tran Tarkenton|38\/100|[from] item: Leftovers\n|upkeep\n|\n|t:|1700190114\n|switch|p2a: alas!|Lycanroc-Midnight, M|80\/100\n|turn|27\n|\n|t:|1700190120\n|move|p2a: alas!|Stone Edge|p1a: Tran Tarkenton\n|-damage|p1a: Tran Tarkenton|0 fnt\n|faint|p1a: Tran Tarkenton\n|\n|upkeep\n|\n|t:|1700190128\n|switch|p1a: Grim Marshall|Houndstone, M, tera:Fighting|61\/100\n|-damage|p1a: Grim Marshall|49\/100|[from] Spikes\n|turn|28\n|\n|t:|1700190147\n|switch|p2a: meltdown|Moltres, shiny|28\/100\n|move|p1a: Grim Marshall|Poltergeist|p2a: meltdown|[miss]\n|-miss|p1a: Grim Marshall|p2a: meltdown\n|\n|-heal|p1a: Grim Marshall|55\/100|[from] item: Leftovers\n|upkeep\n|turn|29\n|\n|t:|1700190163\n|switch|p1a: Therian Peterson|Thundurus-Therian, M|4\/100\n|move|p2a: meltdown|Flamethrower|p1a: Therian Peterson\n|-damage|p1a: Therian Peterson|0 fnt\n|faint|p1a: Therian Peterson\n|\n|upkeep\n|\n|t:|1700190166\n|switch|p1a: Grim Marshall|Houndstone, M, tera:Fighting|55\/100\n|-damage|p1a: Grim Marshall|42\/100|[from] Spikes\n|turn|30\n|\n|t:|1700190170\n|move|p2a: meltdown|Roost|p2a: meltdown\n|-heal|p2a: meltdown|78\/100\n|-singleturn|p2a: meltdown|move: Roost\n|move|p1a: Grim Marshall|Poltergeist|p2a: meltdown\n|-activate|p2a: meltdown|move: Poltergeist|Heavy-Duty Boots\n|-crit|p2a: meltdown\n|-damage|p2a: meltdown|31\/100\n|\n|-heal|p1a: Grim Marshall|48\/100|[from] item: Leftovers\n|upkeep\n|turn|31\n|\n|t:|1700190174\n|move|p2a: meltdown|Roost|p2a: meltdown\n|-heal|p2a: meltdown|81\/100\n|-singleturn|p2a: meltdown|move: Roost\n|move|p1a: Grim Marshall|Poltergeist|p2a: meltdown\n|-activate|p2a: meltdown|move: Poltergeist|Heavy-Duty Boots\n|-damage|p2a: meltdown|49\/100\n|\n|-heal|p1a: Grim Marshall|55\/100|[from] item: Leftovers\n|upkeep\n|turn|32\n|\n|t:|1700190191\n|move|p2a: meltdown|Roost|p2a: meltdown\n|-heal|p2a: meltdown|99\/100\n|-singleturn|p2a: meltdown|move: Roost\n|move|p1a: Grim Marshall|Poltergeist|p2a: meltdown\n|-activate|p2a: meltdown|move: Poltergeist|Heavy-Duty Boots\n|-damage|p2a: meltdown|67\/100\n|\n|-heal|p1a: Grim Marshall|61\/100|[from] item: Leftovers\n|upkeep\n|turn|33\n|\n|t:|1700190202\n|move|p2a: meltdown|Flamethrower|p1a: Grim Marshall\n|-damage|p1a: Grim Marshall|0 fnt\n|faint|p1a: Grim Marshall\n|\n|win|burberry bax\n|c|\u2606burberry bax|ggs\n|c|\u2606CTE World|ggs\n|l| GymLeader Avery\n|l|\u2606burberry bax\n|l| muffinATEthat\n","uploadtime":1700190848,"views":10,"p1id":"cteworld","p2id":"burberrybax","formatid":"gen9ou","rating":0,"private":0,"password":""}