{"id":"gen9ou-1993001462","p1":"ShittyDitch69","p2":"Az2qez","format":"[Gen 9] OU","log":"|j|\u2606ShittyDitch69\n|j|\u2606Az2qez\n|t:|1700254331\n|gametype|singles\n|player|p1|ShittyDitch69|102|1332\n|player|p2|Az2qez|roughneck|1267\n|teamsize|p1|6\n|teamsize|p2|6\n|gen|9\n|tier|[Gen 9] OU\n|rated|\n|rule|Sleep Clause Mod: Limit one foe put to sleep\n|rule|Species Clause: Limit one of each Pok\u00e9mon\n|rule|OHKO Clause: OHKO moves are banned\n|rule|Evasion Items Clause: Evasion items are banned\n|rule|Evasion Moves Clause: Evasion moves are banned\n|rule|Endless Battle Clause: Forcing endless battles is banned\n|rule|HP Percentage Mod: HP is shown in percentages\n|clearpoke\n|poke|p1|Dragapult, M|\n|poke|p1|Breloom, M|\n|poke|p1|Ribombee, F|\n|poke|p1|Toxapex, F|\n|poke|p1|Scizor, F|\n|poke|p1|Conkeldurr, M|\n|poke|p2|Samurott-Hisui, M|\n|poke|p2|Cinderace, F|\n|poke|p2|Goodra-Hisui, M|\n|poke|p2|Zapdos|\n|poke|p2|Great Tusk|\n|poke|p2|Dragapult, M|\n|teampreview\n|inactive|Battle timer is ON: inactive players will automatically lose when time's up. (requested by Az2qez)\n|\n|t:|1700254360\n|start\n|switch|p1a: Ribombee|Ribombee, F|100\/100\n|switch|p2a: Samurott|Samurott-Hisui, M|100\/100\n|turn|1\n|\n|t:|1700254377\n|move|p2a: Samurott|Knock Off|p1a: Ribombee\n|-resisted|p1a: Ribombee\n|-damage|p1a: Ribombee|55\/100\n|-enditem|p1a: Ribombee|Choice Specs|[from] move: Knock Off|[of] p2a: Samurott\n|move|p1a: Ribombee|Moonblast|p2a: Samurott\n|-supereffective|p2a: Samurott\n|-damage|p2a: Samurott|0 fnt\n|faint|p2a: Samurott\n|\n|upkeep\n|\n|t:|1700254394\n|switch|p2a: Goodra|Goodra-Hisui, M|100\/100\n|turn|2\n|\n|t:|1700254399\n|move|p1a: Ribombee|U-turn|p2a: Goodra\n|-resisted|p2a: Goodra\n|-damage|p2a: Goodra|93\/100\n|\n|t:|1700254406\n|switch|p1a: Toxapex|Toxapex, F|100\/100|[from] U-turn\n|move|p2a: Goodra|Flash Cannon|p1a: Toxapex\n|-resisted|p1a: Toxapex\n|-damage|p1a: Toxapex|89\/100\n|\n|upkeep\n|turn|3\n|\n|t:|1700254427\n|move|p2a: Goodra|Draco Meteor|p1a: Toxapex\n|-damage|p1a: Toxapex|51\/100\n|-unboost|p2a: Goodra|spa|2\n|move|p1a: Toxapex|Pounce|p2a: Goodra\n|-resisted|p2a: Goodra\n|-damage|p2a: Goodra|89\/100\n|-unboost|p2a: Goodra|spe|1\n|\n|upkeep\n|turn|4\n|\n|t:|1700254437\n|move|p2a: Goodra|Body Press|p1a: Toxapex\n|-resisted|p1a: Toxapex\n|-damage|p1a: Toxapex|44\/100\n|move|p1a: Toxapex|Ice Beam|p2a: Goodra\n|-damage|p2a: Goodra|79\/100\n|\n|upkeep\n|turn|5\n|\n|t:|1700254444\n|move|p2a: Goodra|Draco Meteor|p1a: Toxapex\n|-damage|p1a: Toxapex|24\/100\n|-unboost|p2a: Goodra|spa|2\n|move|p1a: Toxapex|Ice Beam|p2a: Goodra\n|-damage|p2a: Goodra|69\/100\n|\n|upkeep\n|turn|6\n|\n|t:|1700254455\n|move|p2a: Goodra|Draco Meteor|p1a: Toxapex\n|-damage|p1a: Toxapex|12\/100\n|-unboost|p2a: Goodra|spa|2\n|move|p1a: Toxapex|Ice Beam|p2a: Goodra\n|-damage|p2a: Goodra|61\/100\n|-status|p2a: Goodra|frz\n|\n|upkeep\n|turn|7\n|\n|t:|1700254470\n|switch|p2a: Cinderace|Cinderace, F|100\/100\n|switch|p1a: Ribombee|Ribombee, F|55\/100\n|\n|upkeep\n|turn|8\n|\n|t:|1700254486\n|-terastallize|p1a: Ribombee|Ground\n|move|p1a: Ribombee|Tera Blast|p2a: Cinderace|[anim] Tera Blast Ground\n|-supereffective|p2a: Cinderace\n|-damage|p2a: Cinderace|10\/100\n|move|p2a: Cinderace|Pyro Ball|p1a: Ribombee\n|-damage|p1a: Ribombee|0 fnt\n|faint|p1a: Ribombee\n|\n|upkeep\n|\n|t:|1700254496\n|switch|p1a: Toxapex|Toxapex, F|45\/100\n|turn|9\n|\n|t:|1700254503\n|switch|p2a: Zapdos|Zapdos|100\/100\n|move|p1a: Toxapex|Surf|p2a: Zapdos\n|-crit|p2a: Zapdos\n|-damage|p2a: Zapdos|44\/100\n|\n|upkeep\n|turn|10\n|\n|t:|1700254513\n|switch|p1a: Dragapult|Dragapult, M|100\/100\n|move|p2a: Zapdos|Thunderbolt|p1a: Dragapult\n|-resisted|p1a: Dragapult\n|-damage|p1a: Dragapult|69\/100\n|\n|upkeep\n|turn|11\n|\n|t:|1700254523\n|switch|p2a: Great Tusk|Great Tusk|100\/100\n|-enditem|p2a: Great Tusk|Booster Energy\n|-activate|p2a: Great Tusk|ability: Protosynthesis|[fromitem]\n|-start|p2a: Great Tusk|protosynthesisatk\n|move|p1a: Dragapult|Draco Meteor|p2a: Great Tusk\n|-damage|p2a: Great Tusk|0 fnt\n|-unboost|p1a: Dragapult|spa|2\n|faint|p2a: Great Tusk\n|-end|p2a: Great Tusk|Protosynthesis|[silent]\n|\n|upkeep\n|\n|t:|1700254540\n|switch|p2a: Cinderace|Cinderace, F|10\/100\n|turn|12\n|\n|t:|1700254558\n|switch|p1a: Toxapex|Toxapex, F|78\/100\n|move|p2a: Cinderace|Sucker Punch||[still]\n|-fail|p2a: Cinderace\n|\n|upkeep\n|turn|13\n|\n|t:|1700254575\n|switch|p2a: Dragapult|Dragapult, M|100\/100\n|move|p1a: Toxapex|Ice Beam|p2a: Dragapult\n|-supereffective|p2a: Dragapult\n|-damage|p2a: Dragapult|50\/100\n|\n|upkeep\n|turn|14\n|\n|t:|1700254583\n|move|p2a: Dragapult|Draco Meteor|p1a: Toxapex\n|-damage|p1a: Toxapex|35\/100\n|-unboost|p2a: Dragapult|spa|2\n|move|p1a: Toxapex|Ice Beam|p2a: Dragapult\n|-supereffective|p2a: Dragapult\n|-damage|p2a: Dragapult|0 fnt\n|faint|p2a: Dragapult\n|\n|upkeep\n|-message|Az2qez forfeited.\n|\n|win|ShittyDitch69\n|raw|ShittyDitch69's rating: 1332 &rarr; <strong>1348<\/strong><br \/>(+16 for winning)\n|raw|Az2qez's rating: 1267 &rarr; <strong>1247<\/strong><br \/>(-20 for losing)\n|l|\u2606Az2qez\n","uploadtime":1700254594,"views":11,"p1id":"shittyditch69","p2id":"az2qez","formatid":"gen9ou","rating":1247,"private":0,"password":""}