{"id":"gen9ou-1995496901","p1":"PLLV51 XWipe","p2":"ninthfloor","format":"[Gen 9] OU","log":"|j|\u2606PLLV51 XWipe\n|j|\u2606ninthfloor\n|t:|1700577151\n|gametype|singles\n|player|p1|PLLV51 XWipe|burglar|1440\n|player|p2|ninthfloor|jasmine-masters2|1450\n|teamsize|p1|6\n|teamsize|p2|6\n|gen|9\n|tier|[Gen 9] OU\n|rated|\n|rule|Sleep Clause Mod: Limit one foe put to sleep\n|rule|Species Clause: Limit one of each Pok\u00e9mon\n|rule|OHKO Clause: OHKO moves are banned\n|rule|Evasion Items Clause: Evasion items are banned\n|rule|Evasion Moves Clause: Evasion moves are banned\n|rule|Endless Battle Clause: Forcing endless battles is banned\n|rule|HP Percentage Mod: HP is shown in percentages\n|clearpoke\n|poke|p1|Rotom-Wash|\n|poke|p1|Dragonite, F|\n|poke|p1|Garchomp, M|\n|poke|p1|Tyranitar, F|\n|poke|p1|Kingambit, F|\n|poke|p1|Iron Valiant|\n|poke|p2|Ogerpon-Wellspring, F|\n|poke|p2|Kingambit, F|\n|poke|p2|Ribombee, M|\n|poke|p2|Kommo-o, F|\n|poke|p2|Iron Valiant|\n|poke|p2|Gholdengo|\n|teampreview\n|inactive|Battle timer is ON: inactive players will automatically lose when time's up. (requested by ninthfloor)\n|\n|t:|1700577158\n|start\n|switch|p1a: Dragonite|Dragonite, F|100\/100\n|switch|p2a: Ribombee|Ribombee, M|100\/100\n|turn|1\n|\n|t:|1700577165\n|move|p1a: Dragonite|Extreme Speed|p2a: Ribombee\n|-damage|p2a: Ribombee|12\/100\n|move|p2a: Ribombee|Sticky Web|p1a: Dragonite\n|-sidestart|p1: PLLV51 XWipe|move: Sticky Web\n|\n|upkeep\n|turn|2\n|\n|t:|1700577170\n|switch|p2a: Gholdengo|Gholdengo|100\/100\n|-item|p2a: Gholdengo|Air Balloon\n|switch|p1a: Tyranitar|Tyranitar, F|100\/100\n|-activate|p1a: Tyranitar|move: Sticky Web\n|-unboost|p1a: Tyranitar|spe|1\n|-weather|Sandstorm|[from] ability: Sand Stream|[of] p1a: Tyranitar\n|\n|-weather|Sandstorm|[upkeep]\n|upkeep\n|turn|3\n|j| PLLV51 grony\n|c| PLLV51 grony|aller xwipe le goat !!!\n|\n|t:|1700577192\n|switch|p2a: Ogerpon|Ogerpon-Wellspring, F|100\/100\n|move|p1a: Tyranitar|Knock Off|p2a: Ogerpon\n|-damage|p2a: Ogerpon|52\/100\n|\n|-weather|Sandstorm|[upkeep]\n|-damage|p2a: Ogerpon|46\/100|[from] Sandstorm\n|upkeep\n|turn|4\n|\n|t:|1700577199\n|switch|p1a: Garchomp|Garchomp, M|100\/100\n|-activate|p1a: Garchomp|move: Sticky Web\n|-unboost|p1a: Garchomp|spe|1\n|move|p2a: Ogerpon|Ivy Cudgel|p1a: Garchomp|[anim] Ivy Cudgel Water\n|-crit|p1a: Garchomp\n|-damage|p1a: Garchomp|38\/100\n|\n|-weather|Sandstorm|[upkeep]\n|-damage|p2a: Ogerpon|40\/100|[from] Sandstorm\n|upkeep\n|turn|5\n|c|\u2606PLLV51 XWipe|tkt ca va mieux direct la\n|\n|t:|1700577216\n|switch|p1a: Rotom|Rotom-Wash|100\/100\n|move|p2a: Ogerpon|Horn Leech|p1a: Rotom\n|-supereffective|p1a: Rotom\n|-damage|p1a: Rotom|0 fnt\n|-heal|p2a: Ogerpon|80\/100|[from] drain|[of] p1a: Rotom\n|faint|p1a: Rotom\n|\n|-weather|Sandstorm|[upkeep]\n|-damage|p2a: Ogerpon|74\/100|[from] Sandstorm\n|upkeep\n|\n|t:|1700577219\n|switch|p1a: Dragonite|Dragonite, F|100\/100\n|turn|6\n|\n|t:|1700577223\n|-terastallize|p1a: Dragonite|Normal\n|move|p1a: Dragonite|Extreme Speed|p2a: Ogerpon\n|-damage|p2a: Ogerpon|0 fnt\n|faint|p2a: Ogerpon\n|\n|-weather|none\n|upkeep\n|\n|t:|1700577229\n|switch|p2a: Gholdengo|Gholdengo|100\/100\n|-item|p2a: Gholdengo|Air Balloon\n|turn|7\n|c|\u2606PLLV51 XWipe|j'ai choke\n|\n|t:|1700577233\n|switch|p1a: Kingambit|Kingambit, F|100\/100\n|-activate|p1a: Kingambit|move: Sticky Web\n|-unboost|p1a: Kingambit|spe|1\n|-activate|p1a: Kingambit|ability: Supreme Overlord\n|-start|p1a: Kingambit|fallen1|[silent]\n|move|p2a: Gholdengo|Make It Rain|p1a: Kingambit\n|-resisted|p1a: Kingambit\n|-damage|p1a: Kingambit|75\/100\n|-unboost|p2a: Gholdengo|spa|1\n|\n|upkeep\n|turn|8\n|\n|t:|1700577243\n|switch|p2a: Kommo-o|Kommo-o, F|100\/100\n|move|p1a: Kingambit|Iron Head|p2a: Kommo-o\n|-damage|p2a: Kommo-o|55\/100\n|\n|upkeep\n|turn|9\n|\n|t:|1700577247\n|-end|p1a: Kingambit|fallen1|[silent]\n|switch|p1a: Garchomp|Garchomp, M|38\/100\n|-activate|p1a: Garchomp|move: Sticky Web\n|-unboost|p1a: Garchomp|spe|1\n|move|p2a: Kommo-o|Aura Sphere|p1a: Garchomp\n|-damage|p1a: Garchomp|5\/100\n|\n|upkeep\n|turn|10\n|\n|t:|1700577258\n|move|p2a: Kommo-o|Boomburst|p1a: Garchomp\n|-damage|p1a: Garchomp|0 fnt\n|faint|p1a: Garchomp\n|-enditem|p2a: Kommo-o|Throat Spray\n|-boost|p2a: Kommo-o|spa|1|[from] item: Throat Spray\n|\n|upkeep\n|\n|t:|1700577261\n|switch|p1a: Dragonite|Dragonite, F, tera:Normal|100\/100\n|-activate|p1a: Dragonite|move: Sticky Web\n|-unboost|p1a: Dragonite|spe|1\n|turn|11\n|\n|t:|1700577279\n|move|p1a: Dragonite|Extreme Speed|p2a: Kommo-o\n|-damage|p2a: Kommo-o|0 fnt\n|faint|p2a: Kommo-o\n|\n|upkeep\n|c|\u2606PLLV51 XWipe|tu vois la\n|\n|t:|1700577288\n|switch|p2a: Gholdengo|Gholdengo|100\/100\n|-item|p2a: Gholdengo|Air Balloon\n|turn|12\n|c|\u2606PLLV51 XWipe|c'est pck c un mongole que je joue comme ca\n|c| PLLV51 grony|le choque est pas grave\n|c| PLLV51 grony|j'aurait fait la meme chose\n|c|\u2606PLLV51 XWipe|100 fois tu vas direct sur gholdengho normalement, j'ai faillit faire fp\n|\n|t:|1700577317\n|switch|p2a: Kingambit|Kingambit, F|100\/100\n|-activate|p2a: Kingambit|ability: Supreme Overlord\n|-start|p2a: Kingambit|fallen2|[silent]\n|switch|p1a: Kingambit|Kingambit, F|75\/100\n|-activate|p1a: Kingambit|move: Sticky Web\n|-unboost|p1a: Kingambit|spe|1\n|-activate|p1a: Kingambit|ability: Supreme Overlord\n|-start|p1a: Kingambit|fallen2|[silent]\n|\n|upkeep\n|turn|13\n|\n|t:|1700577325\n|move|p2a: Kingambit|Low Kick|p1a: Kingambit\n|-supereffective|p1a: Kingambit\n|-damage|p1a: Kingambit|0 fnt\n|faint|p1a: Kingambit\n|-end|p1a: Kingambit|fallen2|[silent]\n|\n|upkeep\n|c| PLLV51 grony|ouai xD\n|\n|t:|1700577330\n|switch|p1a: Iron Valiant|Iron Valiant|100\/100\n|-activate|p1a: Iron Valiant|move: Sticky Web\n|-unboost|p1a: Iron Valiant|spe|1\n|-enditem|p1a: Iron Valiant|Booster Energy\n|-activate|p1a: Iron Valiant|ability: Quark Drive|[fromitem]\n|-start|p1a: Iron Valiant|quarkdrivespa\n|turn|14\n|\n|t:|1700577343\n|move|p2a: Kingambit|Sucker Punch||[still]\n|-fail|p2a: Kingambit\n|move|p1a: Iron Valiant|Destiny Bond|p1a: Iron Valiant\n|-singlemove|p1a: Iron Valiant|Destiny Bond\n|\n|upkeep\n|turn|15\n|\n|t:|1700577351\n|move|p2a: Kingambit|Sucker Punch|p1a: Iron Valiant\n|-resisted|p1a: Iron Valiant\n|-damage|p1a: Iron Valiant|81\/100\n|move|p1a: Iron Valiant|Close Combat|p2a: Kingambit\n|-supereffective|p2a: Kingambit\n|-damage|p2a: Kingambit|0 fnt\n|-unboost|p1a: Iron Valiant|def|1\n|-unboost|p1a: Iron Valiant|spd|1\n|faint|p2a: Kingambit\n|-end|p2a: Kingambit|fallen2|[silent]\n|\n|upkeep\n|\n|t:|1700577353\n|switch|p2a: Gholdengo|Gholdengo|100\/100\n|-item|p2a: Gholdengo|Air Balloon\n|turn|16\n|c| PLLV51 grony|le golmon xD\n|\n|t:|1700577369\n|move|p2a: Gholdengo|Shadow Ball|p1a: Iron Valiant\n|-damage|p1a: Iron Valiant|0 fnt\n|faint|p1a: Iron Valiant\n|-end|p1a: Iron Valiant|Quark Drive|[silent]\n|\n|upkeep\n|\n|t:|1700577372\n|switch|p1a: Tyranitar|Tyranitar, F|100\/100\n|-activate|p1a: Tyranitar|move: Sticky Web\n|-unboost|p1a: Tyranitar|spe|1\n|-weather|Sandstorm|[from] ability: Sand Stream|[of] p1a: Tyranitar\n|turn|17\n|c| PLLV51 grony|il avais surement low kick\n|\n|t:|1700577381\n|switch|p2a: Ribombee|Ribombee, M|12\/100\n|move|p1a: Tyranitar|Iron Head|p2a: Ribombee\n|-supereffective|p2a: Ribombee\n|-damage|p2a: Ribombee|0 fnt\n|faint|p2a: Ribombee\n|\n|-weather|Sandstorm|[upkeep]\n|upkeep\n|\n|t:|1700577384\n|switch|p2a: Iron Valiant|Iron Valiant|100\/100\n|-enditem|p2a: Iron Valiant|Booster Energy\n|-activate|p2a: Iron Valiant|ability: Quark Drive|[fromitem]\n|-start|p2a: Iron Valiant|quarkdrivespe\n|turn|18\n|\n|t:|1700577389\n|move|p2a: Iron Valiant|Close Combat|p1a: Tyranitar\n|-supereffective|p1a: Tyranitar\n|-damage|p1a: Tyranitar|0 fnt\n|-unboost|p2a: Iron Valiant|def|1\n|-unboost|p2a: Iron Valiant|spd|1\n|faint|p1a: Tyranitar\n|\n|-weather|Sandstorm|[upkeep]\n|-damage|p2a: Iron Valiant|94\/100|[from] Sandstorm\n|upkeep\n|\n|t:|1700577392\n|switch|p1a: Dragonite|Dragonite, F, tera:Normal|100\/100\n|-activate|p1a: Dragonite|move: Sticky Web\n|-unboost|p1a: Dragonite|spe|1\n|turn|19\n|\n|t:|1700577401\n|move|p2a: Iron Valiant|Close Combat|p1a: Dragonite\n|-supereffective|p1a: Dragonite\n|-damage|p1a: Dragonite|34\/100\n|-unboost|p2a: Iron Valiant|def|1\n|-unboost|p2a: Iron Valiant|spd|1\n|move|p1a: Dragonite|Fire Punch|p2a: Iron Valiant\n|-damage|p2a: Iron Valiant|0 fnt\n|faint|p2a: Iron Valiant\n|-end|p2a: Iron Valiant|Quark Drive|[silent]\n|\n|-weather|Sandstorm|[upkeep]\n|-damage|p1a: Dragonite|27\/100|[from] Sandstorm\n|upkeep\n|\n|t:|1700577405\n|switch|p2a: Gholdengo|Gholdengo|100\/100\n|-item|p2a: Gholdengo|Air Balloon\n|turn|20\n|c|\u2606PLLV51 XWipe|j'ai loose a cause du choke\n|c|\u2606PLLV51 XWipe|ca me soule\n|c|\u2606PLLV51 XWipe|serieux j'y arrive plus la\n|c|\u2606PLLV51 XWipe|avec motisma je finissait\n|inactive|ninthfloor has 120 seconds left.\n|c|\u2606ninthfloor|cest la vie\n|\n|t:|1700577441\n|-terastallize|p2a: Gholdengo|Fighting\n|move|p2a: Gholdengo|Make It Rain|p1a: Dragonite\n|-damage|p1a: Dragonite|0 fnt\n|-unboost|p2a: Gholdengo|spa|1\n|faint|p1a: Dragonite\n|\n|win|ninthfloor\n|raw|PLLV51 XWipe's rating: 1440 &rarr; <strong>1421<\/strong><br \/>(-19 for losing)\n|raw|ninthfloor's rating: 1450 &rarr; <strong>1469<\/strong><br \/>(+19 for winning)\n|c|\u2606ninthfloor|gg\n|l|\u2606ninthfloor\n|l|\u2606PLLV51 XWipe\n|c| PLLV51 grony|joue du classique au pire\n|c| PLLV51 grony|gg\n|j|\u2606ninthfloor\n|player|p2|ninthfloor|jasmine-masters2\n","uploadtime":1700577459,"views":4,"p1id":"pllv51xwipe","p2id":"ninthfloor","formatid":"gen9ou","rating":1421,"private":0,"password":""}