{"id":"gen9ou-1995847857","p1":"Sensei Milia","p2":"Lifematic","format":"[Gen 9] OU","log":"|j|\u2606Sensei Milia\n|j|\u2606Lifematic\n|t:|1700609255\n|gametype|singles\n|player|p1|Sensei Milia|swimmerf|1356\n|player|p2|Lifematic|norman|1295\n|teamsize|p1|6\n|teamsize|p2|6\n|gen|9\n|tier|[Gen 9] OU\n|rated|\n|rule|Sleep Clause Mod: Limit one foe put to sleep\n|rule|Species Clause: Limit one of each Pok\u00e9mon\n|rule|OHKO Clause: OHKO moves are banned\n|rule|Evasion Items Clause: Evasion items are banned\n|rule|Evasion Moves Clause: Evasion moves are banned\n|rule|Endless Battle Clause: Forcing endless battles is banned\n|rule|HP Percentage Mod: HP is shown in percentages\n|clearpoke\n|poke|p1|Heatran, M|\n|poke|p1|Garganacl, M|\n|poke|p1|Ceruledge, F|\n|poke|p1|Clodsire, F|\n|poke|p1|Breloom, F|\n|poke|p1|Clefable, M|\n|poke|p2|Ribombee, M|\n|poke|p2|Ogerpon-Wellspring, F|\n|poke|p2|Iron Moth|\n|poke|p2|Kingambit, M|\n|poke|p2|Gholdengo|\n|poke|p2|Iron Valiant|\n|teampreview\n|inactive|Battle timer is ON: inactive players will automatically lose when time's up. (requested by Sensei Milia)\n|\n|t:|1700609259\n|start\n|switch|p1a: Heatran|Heatran, M, shiny|100\/100\n|switch|p2a: Ribombee|Ribombee, M|100\/100\n|-item|p1a: Heatran|Air Balloon\n|turn|1\n|\n|t:|1700609267\n|move|p2a: Ribombee|Sticky Web|p1a: Heatran\n|-sidestart|p1: Sensei Milia|move: Sticky Web\n|move|p1a: Heatran|Magma Storm|p2a: Ribombee\n|-supereffective|p2a: Ribombee\n|-enditem|p2a: Ribombee|Focus Sash\n|-damage|p2a: Ribombee|1\/100\n|-activate|p2a: Ribombee|move: Magma Storm|[of] p1a: Heatran\n|\n|-damage|p2a: Ribombee|0 fnt|[from] move: Magma Storm|[partiallytrapped]\n|faint|p2a: Ribombee\n|upkeep\n|\n|t:|1700609282\n|switch|p2a: Kingambit|Kingambit, M|100\/100\n|-activate|p2a: Kingambit|ability: Supreme Overlord\n|-start|p2a: Kingambit|fallen1|[silent]\n|turn|2\n|\n|t:|1700609286\n|-terastallize|p2a: Kingambit|Fighting\n|move|p2a: Kingambit|Low Kick|p1a: Heatran\n|-supereffective|p1a: Heatran\n|-damage|p1a: Heatran|0 fnt\n|-enditem|p1a: Heatran|Air Balloon\n|faint|p1a: Heatran\n|\n|upkeep\n|\n|t:|1700609295\n|switch|p1a: Ceruledge|Ceruledge, F|100\/100\n|-activate|p1a: Ceruledge|move: Sticky Web\n|-unboost|p1a: Ceruledge|spe|1\n|turn|3\n|\n|t:|1700609303\n|move|p2a: Kingambit|Iron Head|p1a: Ceruledge\n|-resisted|p1a: Ceruledge\n|-crit|p1a: Ceruledge\n|-damage|p1a: Ceruledge|63\/100\n|-ability|p1a: Ceruledge|Weak Armor|boost\n|-unboost|p1a: Ceruledge|def|1\n|-boost|p1a: Ceruledge|spe|2\n|cant|p1a: Ceruledge|flinch\n|\n|upkeep\n|turn|4\n|\n|t:|1700609311\n|move|p2a: Kingambit|Sucker Punch||[still]\n|-fail|p2a: Kingambit\n|move|p1a: Ceruledge|Will-O-Wisp|p2a: Kingambit\n|-status|p2a: Kingambit|brn\n|-enditem|p2a: Kingambit|Lum Berry|[eat]\n|-curestatus|p2a: Kingambit|brn|[msg]\n|\n|upkeep\n|turn|5\n|\n|t:|1700609327\n|-end|p2a: Kingambit|fallen1|[silent]\n|switch|p2a: Iron Moth|Iron Moth|100\/100\n|-enditem|p2a: Iron Moth|Booster Energy\n|-activate|p2a: Iron Moth|ability: Quark Drive|[fromitem]\n|-start|p2a: Iron Moth|quarkdrivespa\n|move|p1a: Ceruledge|Will-O-Wisp|p2a: Iron Moth\n|-immune|p2a: Iron Moth\n|\n|upkeep\n|turn|6\n|\n|t:|1700609340\n|move|p2a: Iron Moth|Substitute|p2a: Iron Moth\n|-start|p2a: Iron Moth|Substitute\n|-damage|p2a: Iron Moth|76\/100\n|move|p1a: Ceruledge|Swords Dance|p1a: Ceruledge\n|-boost|p1a: Ceruledge|atk|2\n|\n|upkeep\n|turn|7\n|\n|t:|1700609345\n|move|p2a: Iron Moth|Psychic|p1a: Ceruledge\n|-damage|p1a: Ceruledge|28\/100\n|move|p1a: Ceruledge|Bitter Blade|p2a: Iron Moth\n|-resisted|p2a: Iron Moth\n|-end|p2a: Iron Moth|Substitute\n|-heal|p1a: Ceruledge|39\/100|[from] drain|[of] p2a: Iron Moth\n|\n|upkeep\n|turn|8\n|\n|t:|1700609354\n|move|p2a: Iron Moth|Psychic|p1a: Ceruledge\n|-damage|p1a: Ceruledge|0 fnt\n|faint|p1a: Ceruledge\n|\n|upkeep\n|\n|t:|1700609367\n|switch|p1a: Garganacl|Garganacl, M, shiny|100\/100\n|-activate|p1a: Garganacl|move: Sticky Web\n|-unboost|p1a: Garganacl|spe|1\n|turn|9\n|\n|t:|1700609375\n|move|p2a: Iron Moth|Substitute|p2a: Iron Moth\n|-start|p2a: Iron Moth|Substitute\n|-damage|p2a: Iron Moth|51\/100\n|move|p1a: Garganacl|Salt Cure|p2a: Iron Moth\n|-supereffective|p2a: Iron Moth\n|-end|p2a: Iron Moth|Substitute\n|\n|upkeep\n|turn|10\n|\n|t:|1700609383\n|move|p2a: Iron Moth|Psychic|p1a: Garganacl\n|-damage|p1a: Garganacl|71\/100\n|move|p1a: Garganacl|Salt Cure|p2a: Iron Moth\n|-supereffective|p2a: Iron Moth\n|-damage|p2a: Iron Moth|2\/100\n|-start|p2a: Iron Moth|Salt Cure\n|\n|-heal|p1a: Garganacl|77\/100|[from] item: Leftovers\n|-damage|p2a: Iron Moth|0 fnt|[from] Salt Cure\n|faint|p2a: Iron Moth\n|-end|p2a: Iron Moth|Quark Drive|[silent]\n|upkeep\n|\n|t:|1700609391\n|switch|p2a: Kingambit|Kingambit, M, tera:Fighting|100\/100\n|-activate|p2a: Kingambit|ability: Supreme Overlord\n|-start|p2a: Kingambit|fallen2|[silent]\n|turn|11\n|\n|t:|1700609398\n|-terastallize|p1a: Garganacl|Water\n|move|p2a: Kingambit|Low Kick|p1a: Garganacl\n|-damage|p1a: Garganacl|25\/100\n|move|p1a: Garganacl|Iron Defense|p1a: Garganacl\n|-boost|p1a: Garganacl|def|2\n|\n|-heal|p1a: Garganacl|31\/100|[from] item: Leftovers\n|upkeep\n|turn|12\n|\n|t:|1700609405\n|move|p2a: Kingambit|Low Kick|p1a: Garganacl\n|-damage|p1a: Garganacl|1\/100\n|move|p1a: Garganacl|Recover|p1a: Garganacl\n|-heal|p1a: Garganacl|51\/100\n|\n|-heal|p1a: Garganacl|57\/100|[from] item: Leftovers\n|upkeep\n|turn|13\n|\n|t:|1700609410\n|move|p2a: Kingambit|Iron Head|p1a: Garganacl\n|-resisted|p1a: Garganacl\n|-damage|p1a: Garganacl|47\/100\n|cant|p1a: Garganacl|flinch\n|\n|-heal|p1a: Garganacl|53\/100|[from] item: Leftovers\n|upkeep\n|turn|14\n|\n|t:|1700609415\n|move|p2a: Kingambit|Swords Dance|p2a: Kingambit\n|-boost|p2a: Kingambit|atk|2\n|move|p1a: Garganacl|Recover|p1a: Garganacl\n|-heal|p1a: Garganacl|100\/100\n|\n|upkeep\n|turn|15\n|\n|t:|1700609420\n|move|p2a: Kingambit|Low Kick|p1a: Garganacl\n|-damage|p1a: Garganacl|46\/100\n|move|p1a: Garganacl|Iron Defense|p1a: Garganacl\n|-boost|p1a: Garganacl|def|2\n|\n|-heal|p1a: Garganacl|52\/100|[from] item: Leftovers\n|upkeep\n|turn|16\n|\n|t:|1700609426\n|move|p2a: Kingambit|Swords Dance|p2a: Kingambit\n|-boost|p2a: Kingambit|atk|2\n|move|p1a: Garganacl|Iron Defense|p1a: Garganacl\n|-boost|p1a: Garganacl|def|2\n|\n|-heal|p1a: Garganacl|59\/100|[from] item: Leftovers\n|upkeep\n|turn|17\n|\n|t:|1700609430\n|move|p2a: Kingambit|Low Kick|p1a: Garganacl\n|-damage|p1a: Garganacl|13\/100\n|move|p1a: Garganacl|Body Press|p2a: Kingambit\n|-crit|p2a: Kingambit\n|-damage|p2a: Kingambit|0 fnt\n|faint|p2a: Kingambit\n|-end|p2a: Kingambit|fallen2|[silent]\n|\n|-heal|p1a: Garganacl|20\/100|[from] item: Leftovers\n|upkeep\n|\n|t:|1700609439\n|switch|p2a: Ogerpon|Ogerpon-Wellspring, F|100\/100\n|turn|18\n|\n|t:|1700609444\n|move|p2a: Ogerpon|Power Whip|p1a: Garganacl|[miss]\n|-miss|p2a: Ogerpon|p1a: Garganacl\n|move|p1a: Garganacl|Salt Cure|p2a: Ogerpon\n|-damage|p2a: Ogerpon|84\/100\n|-start|p2a: Ogerpon|Salt Cure\n|\n|-heal|p1a: Garganacl|26\/100|[from] item: Leftovers\n|-damage|p2a: Ogerpon|59\/100|[from] Salt Cure\n|upkeep\n|turn|19\n|\n|t:|1700609454\n|move|p2a: Ogerpon|Power Whip|p1a: Garganacl|[miss]\n|-miss|p2a: Ogerpon|p1a: Garganacl\n|move|p1a: Garganacl|Recover|p1a: Garganacl\n|-heal|p1a: Garganacl|76\/100\n|\n|-heal|p1a: Garganacl|82\/100|[from] item: Leftovers\n|-damage|p2a: Ogerpon|34\/100|[from] Salt Cure\n|upkeep\n|turn|20\n|c|\u2606Lifematic|AHHHHHHHHHHHHHHHHHHHHH\n|\n|t:|1700609462\n|move|p2a: Ogerpon|Power Whip|p1a: Garganacl\n|-supereffective|p1a: Garganacl\n|-damage|p1a: Garganacl|59\/100\n|move|p1a: Garganacl|Recover|p1a: Garganacl\n|-heal|p1a: Garganacl|100\/100\n|\n|-damage|p2a: Ogerpon|9\/100|[from] Salt Cure\n|upkeep\n|turn|21\n|\n|t:|1700609469\n|switch|p2a: Gholdengo|Gholdengo|100\/100\n|-item|p2a: Gholdengo|Air Balloon\n|move|p1a: Garganacl|Salt Cure|p2a: Gholdengo\n|-resisted|p2a: Gholdengo\n|-damage|p2a: Gholdengo|93\/100\n|-start|p2a: Gholdengo|Salt Cure\n|-enditem|p2a: Gholdengo|Air Balloon\n|\n|-damage|p2a: Gholdengo|68\/100|[from] Salt Cure\n|upkeep\n|turn|22\n|-message|Lifematic forfeited.\n|\n|win|Sensei Milia\n|raw|Sensei Milia's rating: 1356 &rarr; <strong>1373<\/strong><br \/>(+17 for winning)\n|raw|Lifematic's rating: 1295 &rarr; <strong>1274<\/strong><br \/>(-21 for losing)\n|l|\u2606Lifematic\n","uploadtime":1700609489,"views":8,"p1id":"senseimilia","p2id":"lifematic","formatid":"gen9ou","rating":1274,"private":0,"password":""}