{"id":"gen9ou-1995018015","p1":"ew7yAQ686FXurgoYGq","p2":"MJay2004","format":"[Gen 9] OU","log":"|j|\u2606ew7yAQ686FXurgoYGq\n|j|\u2606MJay2004\n|t:|1700513860\n|gametype|singles\n|player|p1|ew7yAQ686FXurgoYGq|2|1000\n|player|p2|MJay2004|policeman-gen4|1009\n|teamsize|p1|6\n|teamsize|p2|6\n|gen|9\n|tier|[Gen 9] OU\n|rated|\n|rule|Sleep Clause Mod: Limit one foe put to sleep\n|rule|Species Clause: Limit one of each Pok\u00e9mon\n|rule|OHKO Clause: OHKO moves are banned\n|rule|Evasion Items Clause: Evasion items are banned\n|rule|Evasion Moves Clause: Evasion moves are banned\n|rule|Endless Battle Clause: Forcing endless battles is banned\n|rule|HP Percentage Mod: HP is shown in percentages\n|clearpoke\n|poke|p1|Manaphy|\n|poke|p1|Kingambit, F|\n|poke|p1|Ribombee, F|\n|poke|p1|Gholdengo|\n|poke|p1|Iron Moth|\n|poke|p1|Ogerpon-Wellspring, F|\n|poke|p2|Garganacl, M|\n|poke|p2|Cinderace, M|\n|poke|p2|Amoonguss, M|\n|poke|p2|Greninja-*, F|\n|poke|p2|Garchomp, F|\n|poke|p2|Gallade, M|\n|teampreview\n|inactive|Battle timer is ON: inactive players will automatically lose when time's up. (requested by ew7yAQ686FXurgoYGq)\n|inactive|MJay2004 also wants the timer to be on.\n|\n|t:|1700513868\n|start\n|switch|p1a: Ribombee|Ribombee, F, shiny|100\/100\n|switch|p2a: Greninja|Greninja, F|100\/100\n|turn|1\n|\n|t:|1700513875\n|move|p1a: Ribombee|Stun Spore|p2a: Greninja\n|-status|p2a: Greninja|par\n|cant|p2a: Greninja|par\n|\n|upkeep\n|turn|2\n|\n|t:|1700513880\n|move|p1a: Ribombee|Sticky Web|p2a: Greninja\n|-sidestart|p2: MJay2004|move: Sticky Web\n|cant|p2a: Greninja|par\n|\n|upkeep\n|turn|3\n|\n|t:|1700513887\n|move|p1a: Ribombee|Moonblast|p2a: Greninja\n|-supereffective|p2a: Greninja\n|-damage|p2a: Greninja|0 fnt\n|faint|p2a: Greninja\n|\n|upkeep\n|\n|t:|1700513894\n|switch|p2a: Cinderace|Cinderace, M|100\/100\n|turn|4\n|\n|t:|1700513898\n|move|p1a: Ribombee|Stun Spore|p2a: Cinderace|[miss]\n|-miss|p1a: Ribombee|p2a: Cinderace\n|move|p2a: Cinderace|Pyro Ball|p1a: Ribombee\n|-supereffective|p1a: Ribombee\n|-enditem|p1a: Ribombee|Focus Sash\n|-damage|p1a: Ribombee|1\/100\n|\n|upkeep\n|turn|5\n|\n|t:|1700513908\n|move|p1a: Ribombee|Stun Spore|p2a: Cinderace\n|-status|p2a: Cinderace|par\n|move|p2a: Cinderace|U-turn|p1a: Ribombee\n|-start|p2a: Cinderace|typechange|Bug|[from] ability: Libero\n|-resisted|p1a: Ribombee\n|-damage|p1a: Ribombee|0 fnt\n|faint|p1a: Ribombee\n|\n|t:|1700513916\n|switch|p2a: Gallade|Gallade, M|100\/100|[from] U-turn\n|-activate|p2a: Gallade|move: Sticky Web\n|-unboost|p2a: Gallade|spe|1\n|\n|upkeep\n|\n|t:|1700513925\n|switch|p1a: Manaphy|Manaphy|100\/100\n|turn|6\n|\n|t:|1700513929\n|move|p1a: Manaphy|Acid Armor|p1a: Manaphy\n|-boost|p1a: Manaphy|def|2\n|move|p2a: Gallade|Swords Dance|p2a: Gallade\n|-boost|p2a: Gallade|atk|2\n|\n|upkeep\n|turn|7\n|\n|t:|1700513937\n|move|p1a: Manaphy|Acid Armor|p1a: Manaphy\n|-boost|p1a: Manaphy|def|2\n|move|p2a: Gallade|Psycho Cut|p1a: Manaphy\n|-damage|p1a: Manaphy|61\/100\n|-damage|p2a: Gallade|90\/100|[from] item: Life Orb\n|\n|-heal|p1a: Manaphy|67\/100|[from] item: Leftovers\n|upkeep\n|turn|8\n|\n|t:|1700513950\n|move|p1a: Manaphy|Acid Armor|p1a: Manaphy\n|-boost|p1a: Manaphy|def|2\n|move|p2a: Gallade|Swords Dance|p2a: Gallade\n|-boost|p2a: Gallade|atk|2\n|\n|-heal|p1a: Manaphy|73\/100|[from] item: Leftovers\n|upkeep\n|turn|9\n|\n|t:|1700513959\n|move|p1a: Manaphy|Stored Power|p2a: Gallade\n|-damage|p2a: Gallade|48\/100\n|move|p2a: Gallade|Psycho Cut|p1a: Manaphy\n|-crit|p1a: Manaphy\n|-damage|p1a: Manaphy|0 fnt\n|faint|p1a: Manaphy\n|-damage|p2a: Gallade|38\/100|[from] item: Life Orb\n|\n|upkeep\n|\n|t:|1700513966\n|switch|p1a: Iron Moth|Iron Moth|100\/100\n|-enditem|p1a: Iron Moth|Booster Energy\n|-activate|p1a: Iron Moth|ability: Quark Drive|[fromitem]\n|-start|p1a: Iron Moth|quarkdrivespe\n|turn|10\n|\n|t:|1700513974\n|move|p1a: Iron Moth|Fiery Dance|p2a: Gallade\n|-damage|p2a: Gallade|3\/100\n|move|p2a: Gallade|Psycho Cut|p1a: Iron Moth\n|-supereffective|p1a: Iron Moth\n|-damage|p1a: Iron Moth|0 fnt\n|faint|p1a: Iron Moth\n|-end|p1a: Iron Moth|Quark Drive|[silent]\n|-damage|p2a: Gallade|0 fnt|[from] item: Life Orb\n|faint|p2a: Gallade\n|\n|upkeep\n|\n|t:|1700513985\n|switch|p1a: Ogerpon|Ogerpon-Wellspring, F|100\/100\n|switch|p2a: Garganacl|Garganacl, M|100\/100\n|-activate|p2a: Garganacl|move: Sticky Web\n|-unboost|p2a: Garganacl|spe|1\n|turn|11\n|\n|t:|1700513991\n|move|p1a: Ogerpon|Swords Dance|p1a: Ogerpon\n|-boost|p1a: Ogerpon|atk|2\n|move|p2a: Garganacl|Salt Cure|p1a: Ogerpon\n|-damage|p1a: Ogerpon|82\/100\n|-start|p1a: Ogerpon|Salt Cure\n|\n|-damage|p1a: Ogerpon|57\/100|[from] Salt Cure\n|upkeep\n|turn|12\n|\n|t:|1700514001\n|switch|p2a: Amoonguss|Amoonguss, M|100\/100\n|-activate|p2a: Amoonguss|move: Sticky Web\n|-unboost|p2a: Amoonguss|spe|1\n|move|p1a: Ogerpon|Ivy Cudgel|p2a: Amoonguss|[anim] Ivy Cudgel Water\n|-resisted|p2a: Amoonguss\n|-damage|p2a: Amoonguss|56\/100\n|\n|-damage|p1a: Ogerpon|32\/100|[from] Salt Cure\n|upkeep\n|turn|13\n|\n|t:|1700514012\n|switch|p1a: Gholdengo|Gholdengo|100\/100\n|-item|p1a: Gholdengo|Air Balloon\n|move|p2a: Amoonguss|Spore|p1a: Gholdengo\n|-immune|p1a: Gholdengo|[from] ability: Good as Gold\n|\n|upkeep\n|turn|14\n|\n|t:|1700514027\n|switch|p2a: Cinderace|Cinderace, M|100\/100 par\n|move|p1a: Gholdengo|Nasty Plot|p1a: Gholdengo\n|-boost|p1a: Gholdengo|spa|2\n|\n|upkeep\n|turn|15\n|\n|t:|1700514039\n|-terastallize|p2a: Cinderace|Fire\n|move|p1a: Gholdengo|Shadow Ball|p2a: Cinderace\n|-damage|p2a: Cinderace|0 fnt\n|faint|p2a: Cinderace\n|\n|upkeep\n|\n|t:|1700514046\n|switch|p2a: Garchomp|Garchomp, F|100\/100\n|-activate|p2a: Garchomp|move: Sticky Web\n|-unboost|p2a: Garchomp|spe|1\n|turn|16\n|\n|t:|1700514050\n|move|p1a: Gholdengo|Make It Rain|p2a: Garchomp\n|-damage|p2a: Garchomp|0 fnt\n|-unboost|p1a: Gholdengo|spa|1\n|faint|p2a: Garchomp\n|\n|upkeep\n|\n|t:|1700514059\n|switch|p2a: Amoonguss|Amoonguss, M|89\/100\n|-activate|p2a: Amoonguss|move: Sticky Web\n|-unboost|p2a: Amoonguss|spe|1\n|turn|17\n|\n|t:|1700514066\n|move|p1a: Gholdengo|Nasty Plot|p1a: Gholdengo\n|-boost|p1a: Gholdengo|spa|2\n|move|p2a: Amoonguss|Clear Smog|p1a: Gholdengo\n|-immune|p1a: Gholdengo\n|\n|upkeep\n|turn|18\n|\n|t:|1700514072\n|move|p1a: Gholdengo|Make It Rain|p2a: Amoonguss\n|-damage|p2a: Amoonguss|0 fnt\n|-unboost|p1a: Gholdengo|spa|1\n|faint|p2a: Amoonguss\n|\n|upkeep\n|\n|t:|1700514073\n|switch|p2a: Garganacl|Garganacl, M|100\/100\n|-activate|p2a: Garganacl|move: Sticky Web\n|-unboost|p2a: Garganacl|spe|1\n|turn|19\n|\n|t:|1700514078\n|move|p1a: Gholdengo|Make It Rain|p2a: Garganacl\n|-supereffective|p2a: Garganacl\n|-damage|p2a: Garganacl|0 fnt\n|-unboost|p1a: Gholdengo|spa|1\n|faint|p2a: Garganacl\n|\n|win|ew7yAQ686FXurgoYGq\n|raw|ew7yAQ686FXurgoYGq's rating: 1000 &rarr; <strong>1041<\/strong><br \/>(+41 for winning)\n|raw|MJay2004's rating: 1009 &rarr; <strong>1000<\/strong><br \/>(-9 for losing)\n","uploadtime":1700514084,"views":5,"p1id":"ew7yaq686fxurgoygq","p2id":"mjay2004","formatid":"gen9ou","rating":1000,"private":0,"password":""}