{"id":"gen9ou-2000642408","p1":"deathprofessor21","p2":"CharizardX120","format":"[Gen 9] OU","log":"|j|\u2606deathprofessor21\n|j|\u2606CharizardX120\n|t:|1701213689\n|gametype|singles\n|player|p1|deathprofessor21|266|1337\n|player|p2|CharizardX120|266|1306\n|teamsize|p1|6\n|teamsize|p2|6\n|gen|9\n|tier|[Gen 9] OU\n|rated|\n|rule|Sleep Clause Mod: Limit one foe put to sleep\n|rule|Species Clause: Limit one of each Pok\u00e9mon\n|rule|OHKO Clause: OHKO moves are banned\n|rule|Evasion Items Clause: Evasion items are banned\n|rule|Evasion Moves Clause: Evasion moves are banned\n|rule|Endless Battle Clause: Forcing endless battles is banned\n|rule|HP Percentage Mod: HP is shown in percentages\n|clearpoke\n|poke|p1|Zapdos|\n|poke|p1|Slowking-Galar, F|\n|poke|p1|Mimikyu, M|\n|poke|p1|Iron Valiant|\n|poke|p1|Staraptor, M|\n|poke|p1|Azelf|\n|poke|p2|Dragapult, F|\n|poke|p2|Cinderace, F|\n|poke|p2|Landorus-Therian, M|\n|poke|p2|Ribombee, F|\n|poke|p2|Samurott-Hisui, M|\n|poke|p2|Kingambit, F|\n|teampreview\n|inactive|Battle timer is ON: inactive players will automatically lose when time's up. (requested by CharizardX120)\n|\n|t:|1701213737\n|start\n|switch|p1a: Iron Valiant|Iron Valiant|100\/100\n|switch|p2a: Not worth a name|Ribombee, F|100\/100\n|-enditem|p1a: Iron Valiant|Booster Energy\n|-activate|p1a: Iron Valiant|ability: Quark Drive|[fromitem]\n|-start|p1a: Iron Valiant|quarkdrivespe\n|turn|1\n|\n|t:|1701213745\n|move|p1a: Iron Valiant|Moonblast|p2a: Not worth a name\n|-damage|p2a: Not worth a name|31\/100\n|move|p2a: Not worth a name|Sticky Web|p1a: Iron Valiant\n|-sidestart|p1: deathprofessor21|move: Sticky Web\n|\n|upkeep\n|turn|2\n|\n|t:|1701213749\n|move|p1a: Iron Valiant|Moonblast|p2a: Not worth a name\n|-crit|p2a: Not worth a name\n|-damage|p2a: Not worth a name|0 fnt\n|faint|p2a: Not worth a name\n|\n|upkeep\n|\n|t:|1701213761\n|switch|p2a: Soccer Enthusiast|Cinderace, F, shiny|100\/100\n|turn|3\n|\n|t:|1701213768\n|move|p1a: Iron Valiant|Moonblast|p2a: Soccer Enthusiast\n|-resisted|p2a: Soccer Enthusiast\n|-damage|p2a: Soccer Enthusiast|66\/100\n|move|p2a: Soccer Enthusiast|Gunk Shot|p1a: Iron Valiant\n|-start|p2a: Soccer Enthusiast|typechange|Poison|[from] ability: Libero\n|-supereffective|p1a: Iron Valiant\n|-damage|p1a: Iron Valiant|0 fnt\n|faint|p1a: Iron Valiant\n|-end|p1a: Iron Valiant|Quark Drive|[silent]\n|\n|upkeep\n|\n|t:|1701213796\n|switch|p1a: Zapdos|Zapdos|100\/100\n|turn|4\n|\n|t:|1701213810\n|move|p2a: Soccer Enthusiast|Gunk Shot|p1a: Zapdos\n|-damage|p1a: Zapdos|29\/100\n|move|p1a: Zapdos|Hurricane|p2a: Soccer Enthusiast\n|-damage|p2a: Soccer Enthusiast|0 fnt\n|faint|p2a: Soccer Enthusiast\n|\n|upkeep\n|\n|t:|1701213818\n|switch|p2a: Child pew pew|Dragapult, F, shiny|100\/100\n|turn|5\n|\n|t:|1701213827\n|switch|p1a: Staraptor|Staraptor, M|100\/100\n|move|p2a: Child pew pew|Shadow Ball|p1a: Staraptor\n|-immune|p1a: Staraptor\n|\n|upkeep\n|turn|6\n|\n|t:|1701213850\n|move|p1a: Staraptor|Final Gambit|p2a: Child pew pew\n|-immune|p2a: Child pew pew\n|move|p2a: Child pew pew|Thunderbolt|p1a: Staraptor\n|-supereffective|p1a: Staraptor\n|-damage|p1a: Staraptor|0 fnt\n|faint|p1a: Staraptor\n|-damage|p2a: Child pew pew|91\/100|[from] item: Life Orb\n|\n|upkeep\n|\n|t:|1701213853\n|switch|p1a: Azelf|Azelf|100\/100\n|turn|7\n|\n|t:|1701213860\n|move|p2a: Child pew pew|Shadow Ball|p1a: Azelf\n|-supereffective|p1a: Azelf\n|-enditem|p1a: Azelf|Focus Sash\n|-damage|p1a: Azelf|1\/100\n|-damage|p2a: Child pew pew|81\/100|[from] item: Life Orb\n|move|p1a: Azelf|Stealth Rock|p2a: Child pew pew\n|-sidestart|p2: CharizardX120|move: Stealth Rock\n|\n|upkeep\n|turn|8\n|\n|t:|1701213868\n|switch|p1a: Zapdos|Zapdos|29\/100\n|move|p2a: Child pew pew|Shadow Ball|p1a: Zapdos\n|-damage|p1a: Zapdos|0 fnt\n|faint|p1a: Zapdos\n|-damage|p2a: Child pew pew|71\/100|[from] item: Life Orb\n|\n|upkeep\n|\n|t:|1701213871\n|switch|p1a: Slowking|Slowking-Galar, F|100\/100\n|-activate|p1a: Slowking|move: Sticky Web\n|-unboost|p1a: Slowking|spe|1\n|turn|9\n|\n|t:|1701213876\n|-terastallize|p1a: Slowking|Bug\n|move|p2a: Child pew pew|Draco Meteor|p1a: Slowking\n|-crit|p1a: Slowking\n|-damage|p1a: Slowking|34\/100\n|-unboost|p2a: Child pew pew|spa|2\n|-damage|p2a: Child pew pew|61\/100|[from] item: Life Orb\n|move|p1a: Slowking|Sludge Bomb|p2a: Child pew pew\n|-resisted|p2a: Child pew pew\n|-damage|p2a: Child pew pew|38\/100\n|-status|p2a: Child pew pew|psn\n|\n|-heal|p1a: Slowking|40\/100|[from] item: Leftovers\n|-damage|p2a: Child pew pew|26\/100 psn|[from] psn\n|upkeep\n|turn|10\n|\n|t:|1701213886\n|move|p2a: Child pew pew|Flamethrower|p1a: Slowking\n|-supereffective|p1a: Slowking\n|-damage|p1a: Slowking|16\/100\n|-damage|p2a: Child pew pew|16\/100 psn|[from] item: Life Orb\n|move|p1a: Slowking|Slack Off|p1a: Slowking\n|-heal|p1a: Slowking|66\/100\n|\n|-heal|p1a: Slowking|72\/100|[from] item: Leftovers\n|-damage|p2a: Child pew pew|4\/100 psn|[from] psn\n|upkeep\n|turn|11\n|\n|t:|1701213895\n|move|p2a: Child pew pew|Draco Meteor|p1a: Slowking\n|-damage|p1a: Slowking|47\/100\n|-unboost|p2a: Child pew pew|spa|2\n|-damage|p2a: Child pew pew|0 fnt|[from] item: Life Orb\n|faint|p2a: Child pew pew\n|move|p1a: Slowking|Slack Off|p1a: Slowking\n|-heal|p1a: Slowking|97\/100\n|\n|-heal|p1a: Slowking|100\/100|[from] item: Leftovers\n|upkeep\n|\n|t:|1701213906\n|switch|p2a: Oden|Samurott-Hisui, M, shiny|100\/100\n|-damage|p2a: Oden|88\/100|[from] Stealth Rock\n|turn|12\n|\n|t:|1701213912\n|move|p2a: Oden|Ceaseless Edge|p1a: Slowking\n|-damage|p1a: Slowking|56\/100\n|-sidestart|p1: deathprofessor21|Spikes\n|move|p1a: Slowking|Sludge Bomb|p2a: Oden\n|-damage|p2a: Oden|36\/100\n|\n|-heal|p1a: Slowking|62\/100|[from] item: Leftovers\n|upkeep\n|turn|13\n|\n|t:|1701213927\n|-terastallize|p2a: Oden|Dark\n|move|p2a: Oden|Ceaseless Edge|p1a: Slowking\n|-damage|p1a: Slowking|0 fnt\n|-sidestart|p1: deathprofessor21|Spikes\n|faint|p1a: Slowking\n|\n|upkeep\n|\n|t:|1701213937\n|switch|p1a: Mimikyu|Mimikyu, M|100\/100\n|-activate|p1a: Mimikyu|move: Sticky Web\n|-unboost|p1a: Mimikyu|spe|1\n|-damage|p1a: Mimikyu|84\/100|[from] Spikes\n|turn|14\n|\n|t:|1701213942\n|move|p2a: Oden|Ceaseless Edge|p1a: Mimikyu|[miss]\n|-miss|p2a: Oden|p1a: Mimikyu\n|move|p1a: Mimikyu|Drain Punch|p2a: Oden\n|-supereffective|p2a: Oden\n|-damage|p2a: Oden|0 fnt\n|-heal|p1a: Mimikyu|100\/100|[from] drain|[of] p2a: Oden\n|faint|p2a: Oden\n|\n|upkeep\n|\n|t:|1701213948\n|switch|p2a: Scary Genie Tiger|Landorus-Therian, M|100\/100\n|-damage|p2a: Scary Genie Tiger|88\/100|[from] Stealth Rock\n|-ability|p2a: Scary Genie Tiger|Intimidate|boost\n|-unboost|p1a: Mimikyu|atk|1\n|turn|15\n|\n|t:|1701213967\n|switch|p1a: Azelf|Azelf|1\/100\n|move|p2a: Scary Genie Tiger|Substitute|p2a: Scary Genie Tiger\n|-start|p2a: Scary Genie Tiger|Substitute\n|-damage|p2a: Scary Genie Tiger|64\/100\n|\n|-heal|p2a: Scary Genie Tiger|69\/100|[from] item: Leftovers\n|upkeep\n|turn|16\n|\n|t:|1701213975\n|move|p1a: Azelf|Encore|p2a: Scary Genie Tiger\n|-start|p2a: Scary Genie Tiger|Encore\n|move|p2a: Scary Genie Tiger|Substitute|p2a: Scary Genie Tiger\n|-fail|p2a: Scary Genie Tiger|move: Substitute\n|\n|-heal|p2a: Scary Genie Tiger|75\/100|[from] item: Leftovers\n|upkeep\n|turn|17\n|\n|t:|1701214002\n|switch|p1a: Mimikyu|Mimikyu, M|100\/100\n|-activate|p1a: Mimikyu|move: Sticky Web\n|-unboost|p1a: Mimikyu|spe|1\n|-damage|p1a: Mimikyu|84\/100|[from] Spikes\n|switch|p2a: Sword go brrrr|Kingambit, F, shiny|100\/100\n|-damage|p2a: Sword go brrrr|94\/100|[from] Stealth Rock\n|-activate|p2a: Sword go brrrr|ability: Supreme Overlord\n|-start|p2a: Sword go brrrr|fallen4|[silent]\n|\n|upkeep\n|turn|18\n|\n|t:|1701214017\n|move|p2a: Sword go brrrr|Sucker Punch|p1a: Mimikyu\n|-activate|p1a: Mimikyu|ability: Disguise\n|-damage|p1a: Mimikyu|84\/100\n|detailschange|p1a: Mimikyu|Mimikyu-Busted, M\n|-damage|p1a: Mimikyu|72\/100|[from] pokemon: Mimikyu-Busted\n|move|p1a: Mimikyu|Drain Punch|p2a: Sword go brrrr\n|-supereffective|p2a: Sword go brrrr\n|-damage|p2a: Sword go brrrr|31\/100\n|-heal|p1a: Mimikyu|100\/100|[from] drain|[of] p2a: Sword go brrrr\n|\n|upkeep\n|turn|19\n|\n|t:|1701214027\n|move|p1a: Mimikyu|Drain Punch|p2a: Sword go brrrr\n|-supereffective|p2a: Sword go brrrr\n|-damage|p2a: Sword go brrrr|0 fnt\n|faint|p2a: Sword go brrrr\n|-end|p2a: Sword go brrrr|fallen4|[silent]\n|\n|upkeep\n|\n|t:|1701214031\n|switch|p2a: Scary Genie Tiger|Landorus-Therian, M|75\/100\n|-damage|p2a: Scary Genie Tiger|63\/100|[from] Stealth Rock\n|-ability|p2a: Scary Genie Tiger|Intimidate|boost\n|-unboost|p1a: Mimikyu|atk|1\n|turn|20\n|\n|t:|1701214036\n|move|p2a: Scary Genie Tiger|Earthquake|p1a: Mimikyu\n|-damage|p1a: Mimikyu|6\/100\n|move|p1a: Mimikyu|Play Rough|p2a: Scary Genie Tiger\n|-damage|p2a: Scary Genie Tiger|34\/100\n|-unboost|p2a: Scary Genie Tiger|atk|1\n|\n|-heal|p2a: Scary Genie Tiger|40\/100|[from] item: Leftovers\n|upkeep\n|turn|21\n|\n|t:|1701214041\n|move|p2a: Scary Genie Tiger|Earthquake|p1a: Mimikyu\n|-damage|p1a: Mimikyu|0 fnt\n|faint|p1a: Mimikyu\n|\n|-heal|p2a: Scary Genie Tiger|46\/100|[from] item: Leftovers\n|upkeep\n|\n|t:|1701214044\n|switch|p1a: Azelf|Azelf|1\/100\n|turn|22\n|\n|t:|1701214047\n|move|p1a: Azelf|Explosion|p2a: Scary Genie Tiger\n|-crit|p2a: Scary Genie Tiger\n|-damage|p2a: Scary Genie Tiger|0 fnt\n|faint|p1a: Azelf\n|faint|p2a: Scary Genie Tiger\n|\n|win|CharizardX120\n|raw|deathprofessor21's rating: 1337 &rarr; <strong>1315<\/strong><br \/>(-22 for losing)\n|raw|CharizardX120's rating: 1306 &rarr; <strong>1328<\/strong><br \/>(+22 for winning)\n|c|\u2606CharizardX120|gg\n","uploadtime":1701214075,"views":1,"p1id":"deathprofessor21","p2id":"charizardx120","formatid":"gen9ou","rating":1315,"private":0,"password":""}