{"id":"gen9ou-1988871848","p1":"Brandon A Hole","p2":"nosymegahugo","format":"[Gen 9] OU","log":"|j|\u2606Brandon A Hole\n|j|\u2606nosymegahugo\n|t:|1699778119\n|gametype|singles\n|player|p1|Brandon A Hole|collector|1255\n|player|p2|nosymegahugo|101|1170\n|teamsize|p1|6\n|teamsize|p2|6\n|gen|9\n|tier|[Gen 9] OU\n|rated|\n|rule|Sleep Clause Mod: Limit one foe put to sleep\n|rule|Species Clause: Limit one of each Pok\u00e9mon\n|rule|OHKO Clause: OHKO moves are banned\n|rule|Evasion Items Clause: Evasion items are banned\n|rule|Evasion Moves Clause: Evasion moves are banned\n|rule|Endless Battle Clause: Forcing endless battles is banned\n|rule|HP Percentage Mod: HP is shown in percentages\n|clearpoke\n|poke|p1|Garchomp, F|\n|poke|p1|Corviknight, M|\n|poke|p1|Heatran, F|\n|poke|p1|Iron Valiant|\n|poke|p1|Samurott-Hisui, M|\n|poke|p1|Great Tusk|\n|poke|p2|Glimmora, M|\n|poke|p2|Gholdengo|\n|poke|p2|Garchomp, M|\n|poke|p2|Kingambit, M|\n|poke|p2|Iron Valiant|\n|poke|p2|Empoleon, M|\n|teampreview\n|inactive|Battle timer is ON: inactive players will automatically lose when time's up. (requested by nosymegahugo)\n|\n|t:|1699778136\n|start\n|switch|p1a: Garchomp|Garchomp, F|100\/100\n|switch|p2a: Gliscor 2|Glimmora, M|100\/100\n|-item|p2a: Gliscor 2|Air Balloon\n|turn|1\n|\n|t:|1699778149\n|move|p1a: Garchomp|Swords Dance|p1a: Garchomp\n|-boost|p1a: Garchomp|atk|2\n|move|p2a: Gliscor 2|Toxic|p1a: Garchomp\n|-status|p1a: Garchomp|tox\n|\n|-damage|p1a: Garchomp|94\/100 tox|[from] psn\n|upkeep\n|turn|2\n|\n|t:|1699778155\n|switch|p2a: Iron Valiant|Iron Valiant|100\/100\n|-enditem|p2a: Iron Valiant|Booster Energy\n|-activate|p2a: Iron Valiant|ability: Quark Drive|[fromitem]\n|-start|p2a: Iron Valiant|quarkdrivespe\n|move|p1a: Garchomp|Scale Shot|p2a: Iron Valiant\n|-immune|p2a: Iron Valiant\n|\n|-damage|p1a: Garchomp|82\/100 tox|[from] psn\n|upkeep\n|turn|3\n|\n|t:|1699778161\n|-terastallize|p1a: Garchomp|Water\n|move|p2a: Iron Valiant|Moonblast|p1a: Garchomp\n|-crit|p1a: Garchomp\n|-damage|p1a: Garchomp|7\/100 tox\n|move|p1a: Garchomp|Earthquake|p2a: Iron Valiant\n|-damage|p2a: Iron Valiant|0 fnt\n|faint|p2a: Iron Valiant\n|-end|p2a: Iron Valiant|Quark Drive|[silent]\n|\n|-damage|p1a: Garchomp|0 fnt|[from] psn\n|faint|p1a: Garchomp\n|upkeep\n|\n|t:|1699778169\n|switch|p2a: Gliscor 2|Glimmora, M|100\/100\n|switch|p1a: Samurott|Samurott-Hisui, M|100\/100\n|-item|p2a: Gliscor 2|Air Balloon\n|turn|4\n|\n|t:|1699778194\n|switch|p2a: Garchomp|Garchomp, M|100\/100\n|move|p1a: Samurott|Razor Shell|p2a: Garchomp\n|-damage|p2a: Garchomp|68\/100\n|-damage|p1a: Samurott|88\/100|[from] ability: Rough Skin|[of] p2a: Garchomp\n|-damage|p1a: Samurott|72\/100|[from] item: Rocky Helmet|[of] p2a: Garchomp\n|\n|upkeep\n|turn|5\n|\n|t:|1699778201\n|move|p1a: Samurott|Ceaseless Edge|p2a: Garchomp\n|-damage|p2a: Garchomp|40\/100\n|-damage|p1a: Samurott|59\/100|[from] ability: Rough Skin|[of] p2a: Garchomp\n|-damage|p1a: Samurott|43\/100|[from] item: Rocky Helmet|[of] p2a: Garchomp\n|-sidestart|p2: nosymegahugo|Spikes\n|move|p2a: Garchomp|Spikes|p1a: Samurott\n|-sidestart|p1: Brandon A Hole|Spikes\n|\n|upkeep\n|turn|6\n|inactive|nosymegahugo has 120 seconds left.\n|\n|t:|1699778238\n|move|p1a: Samurott|Knock Off|p2a: Garchomp\n|-damage|p2a: Garchomp|10\/100\n|-damage|p1a: Samurott|30\/100|[from] ability: Rough Skin|[of] p2a: Garchomp\n|-damage|p1a: Samurott|14\/100|[from] item: Rocky Helmet|[of] p2a: Garchomp\n|-enditem|p2a: Garchomp|Rocky Helmet|[from] move: Knock Off|[of] p1a: Samurott\n|move|p2a: Garchomp|Spikes|p1a: Samurott\n|-sidestart|p1: Brandon A Hole|Spikes\n|\n|upkeep\n|turn|7\n|\n|t:|1699778245\n|move|p2a: Garchomp|Endure|p2a: Garchomp\n|-singleturn|p2a: Garchomp|move: Endure\n|move|p1a: Samurott|Ceaseless Edge|p2a: Garchomp\n|-activate|p2a: Garchomp|move: Endure\n|-damage|p2a: Garchomp|1\/100\n|-damage|p1a: Samurott|1\/100|[from] ability: Rough Skin|[of] p2a: Garchomp\n|-sidestart|p2: nosymegahugo|Spikes\n|\n|upkeep\n|turn|8\n|\n|t:|1699778251\n|move|p1a: Samurott|Ceaseless Edge|p2a: Garchomp\n|-damage|p2a: Garchomp|0 fnt\n|-damage|p1a: Samurott|0 fnt|[from] ability: Rough Skin|[of] p2a: Garchomp\n|faint|p2a: Garchomp\n|faint|p1a: Samurott\n|\n|upkeep\n|\n|t:|1699778261\n|switch|p1a: Heatran|Heatran, F|100\/100\n|switch|p2a: Gliscor 2|Glimmora, M|100\/100\n|-item|p2a: Gliscor 2|Air Balloon\n|-damage|p1a: Heatran|84\/100|[from] Spikes\n|turn|9\n|\n|t:|1699778269\n|move|p2a: Gliscor 2|Toxic|p1a: Heatran\n|-status|p1a: Heatran|tox\n|move|p1a: Heatran|Magma Storm|p2a: Gliscor 2\n|-resisted|p2a: Gliscor 2\n|-damage|p2a: Gliscor 2|78\/100\n|-activate|p2a: Gliscor 2|move: Magma Storm|[of] p1a: Heatran\n|-enditem|p2a: Gliscor 2|Air Balloon\n|\n|-heal|p1a: Heatran|90\/100 tox|[from] item: Leftovers\n|-damage|p1a: Heatran|84\/100 tox|[from] psn\n|-damage|p2a: Gliscor 2|66\/100|[from] move: Magma Storm|[partiallytrapped]\n|upkeep\n|turn|10\n|\n|t:|1699778278\n|move|p2a: Gliscor 2|Toxic Spikes|p1a: Heatran\n|-sidestart|p1: Brandon A Hole|move: Toxic Spikes\n|move|p1a: Heatran|Earth Power|p2a: Gliscor 2\n|-supereffective|p2a: Gliscor 2\n|-damage|p2a: Gliscor 2|0 fnt\n|faint|p2a: Gliscor 2\n|\n|-heal|p1a: Heatran|90\/100 tox|[from] item: Leftovers\n|-damage|p1a: Heatran|78\/100 tox|[from] psn\n|upkeep\n|\n|t:|1699778288\n|switch|p2a: Empoleon|Empoleon, M|100\/100\n|-damage|p2a: Empoleon|84\/100|[from] Spikes\n|turn|11\n|\n|t:|1699778295\n|move|p1a: Heatran|Earth Power|p2a: Empoleon\n|-supereffective|p2a: Empoleon\n|-damage|p2a: Empoleon|50\/100\n|move|p2a: Empoleon|Knock Off|p1a: Heatran\n|-damage|p1a: Heatran|62\/100 tox\n|-enditem|p1a: Heatran|Leftovers|[from] move: Knock Off|[of] p2a: Empoleon\n|\n|-heal|p2a: Empoleon|56\/100|[from] item: Leftovers\n|-damage|p1a: Heatran|43\/100 tox|[from] psn\n|upkeep\n|turn|12\n|\n|t:|1699778300\n|move|p1a: Heatran|Earth Power|p2a: Empoleon\n|-supereffective|p2a: Empoleon\n|-damage|p2a: Empoleon|22\/100\n|move|p2a: Empoleon|Flip Turn|p1a: Heatran\n|-supereffective|p1a: Heatran\n|-damage|p1a: Heatran|12\/100 tox\n|\n|t:|1699778306\n|switch|p2a: Gholdengo|Gholdengo|100\/100|[from] Flip Turn\n|-damage|p2a: Gholdengo|84\/100|[from] Spikes\n|\n|-heal|p2a: Gholdengo|90\/100|[from] item: Leftovers\n|-damage|p1a: Heatran|0 fnt|[from] psn\n|faint|p1a: Heatran\n|upkeep\n|\n|t:|1699778316\n|switch|p1a: Corviknight|Corviknight, M|100\/100\n|-ability|p1a: Corviknight|Pressure\n|turn|13\n|\n|t:|1699778319\n|move|p2a: Gholdengo|Shadow Ball|p1a: Corviknight\n|-damage|p1a: Corviknight|56\/100\n|-unboost|p1a: Corviknight|spd|1\n|move|p1a: Corviknight|Defog|p2a: Gholdengo\n|-immune|p2a: Gholdengo|[from] ability: Good as Gold\n|\n|-heal|p2a: Gholdengo|96\/100|[from] item: Leftovers\n|upkeep\n|turn|14\n|\n|t:|1699778326\n|move|p2a: Gholdengo|Nasty Plot|p2a: Gholdengo\n|-boost|p2a: Gholdengo|spa|2\n|move|p1a: Corviknight|Brave Bird|p2a: Gholdengo\n|-resisted|p2a: Gholdengo\n|-damage|p2a: Gholdengo|78\/100\n|-damage|p1a: Corviknight|50\/100|[from] Recoil\n|\n|-heal|p2a: Gholdengo|84\/100|[from] item: Leftovers\n|upkeep\n|turn|15\n|\n|t:|1699778330\n|move|p2a: Gholdengo|Shadow Ball|p1a: Corviknight\n|-damage|p1a: Corviknight|0 fnt\n|faint|p1a: Corviknight\n|\n|-heal|p2a: Gholdengo|90\/100|[from] item: Leftovers\n|upkeep\n|\n|t:|1699778332\n|switch|p1a: Great Tusk|Great Tusk|100\/100\n|-damage|p1a: Great Tusk|84\/100|[from] Spikes\n|-status|p1a: Great Tusk|psn\n|turn|16\n|\n|t:|1699778335\n|-terastallize|p2a: Gholdengo|Flying\n|move|p1a: Great Tusk|Headlong Rush|p2a: Gholdengo\n|-immune|p2a: Gholdengo\n|move|p2a: Gholdengo|Shadow Ball|p1a: Great Tusk\n|-damage|p1a: Great Tusk|0 fnt\n|faint|p1a: Great Tusk\n|-end|p1a: Great Tusk|Protosynthesis|[silent]\n|\n|-heal|p2a: Gholdengo|96\/100|[from] item: Leftovers\n|upkeep\n|\n|t:|1699778338\n|switch|p1a: Iron Valiant|Iron Valiant|100\/100\n|-damage|p1a: Iron Valiant|84\/100|[from] Spikes\n|-status|p1a: Iron Valiant|psn\n|-enditem|p1a: Iron Valiant|Booster Energy\n|-activate|p1a: Iron Valiant|ability: Quark Drive|[fromitem]\n|-start|p1a: Iron Valiant|quarkdrivespe\n|turn|17\n|\n|t:|1699778340\n|move|p1a: Iron Valiant|Thunderbolt|p2a: Gholdengo\n|-supereffective|p2a: Gholdengo\n|-damage|p2a: Gholdengo|40\/100\n|-status|p2a: Gholdengo|par\n|move|p2a: Gholdengo|Make It Rain|p1a: Iron Valiant\n|-supereffective|p1a: Iron Valiant\n|-damage|p1a: Iron Valiant|0 fnt\n|-unboost|p2a: Gholdengo|spa|1\n|faint|p1a: Iron Valiant\n|-end|p1a: Iron Valiant|Quark Drive|[silent]\n|\n|win|nosymegahugo\n|raw|Brandon A Hole's rating: 1255 &rarr; <strong>1224<\/strong><br \/>(-31 for losing)\n|raw|nosymegahugo's rating: 1170 &rarr; <strong>1201<\/strong><br \/>(+31 for winning)\n|l|\u2606Brandon A Hole\n","uploadtime":1699778347,"views":11,"p1id":"brandonahole","p2id":"nosymegahugo","formatid":"gen9ou","rating":1201,"private":0,"password":""}