{"id":"gen9ou-1995948129","p1":"munchkinp","p2":"dj nuh uh","format":"[Gen 9] OU","log":"|j|\u2606munchkinp\n|j|\u2606dj nuh uh\n|inactive|Battle timer is ON: inactive players will automatically lose when time's up.\n|t:|1700620801\n|gametype|singles\n|player|p1|munchkinp|2|\n|player|p2|dj nuh uh|102|\n|teamsize|p1|3\n|teamsize|p2|3\n|gen|9\n|tier|[Gen 9] OU\n|rated|Tournament battle\n|rule|Sleep Clause Mod: Limit one foe put to sleep\n|rule|Species Clause: Limit one of each Pok\u00e9mon\n|rule|OHKO Clause: OHKO moves are banned\n|rule|Evasion Items Clause: Evasion items are banned\n|rule|Evasion Moves Clause: Evasion moves are banned\n|rule|Endless Battle Clause: Forcing endless battles is banned\n|rule|HP Percentage Mod: HP is shown in percentages\n|clearpoke\n|poke|p1|Sandaconda, F|\n|poke|p1|Glimmet, F|\n|poke|p1|Grotle, M|\n|poke|p2|Dragapult, F|\n|poke|p2|Meowscarada, M|\n|poke|p2|Tinkatuff, F|\n|teampreview\n|j|*Lady Monita \u2746\n|\n|t:|1700620807\n|start\n|switch|p1a: Glimmet|Glimmet, F|100\/100\n|switch|p2a: Meowscarada|Meowscarada, M|100\/100\n|turn|1\n|c|\u2606dj nuh uh|glhf btw\n|c|\u2606munchkinp|u2 !\n|\n|t:|1700620818\n|move|p2a: Meowscarada|Flower Trick|p1a: Glimmet\n|-start|p2a: Meowscarada|typechange|Grass|[from] ability: Protean\n|-crit|p1a: Glimmet\n|-enditem|p1a: Glimmet|Focus Sash\n|-damage|p1a: Glimmet|1\/100\n|-activate|p1a: Glimmet|ability: Toxic Debris\n|-sidestart|p2: dj nuh uh|move: Toxic Spikes\n|move|p1a: Glimmet|Sludge Bomb|p2a: Meowscarada\n|-supereffective|p2a: Meowscarada\n|-damage|p2a: Meowscarada|0 fnt\n|faint|p2a: Meowscarada\n|\n|upkeep\n|c|\u2606dj nuh uh|not the sash\n|\n|t:|1700620830\n|switch|p2a: Tinkatuff|Tinkatuff, F|100\/100\n|-ability|p2a: Tinkatuff|Mold Breaker\n|turn|2\n|\n|t:|1700620838\n|move|p1a: Glimmet|Stealth Rock|p2a: Tinkatuff\n|-sidestart|p2: dj nuh uh|move: Stealth Rock\n|move|p2a: Tinkatuff|Reflect|p2a: Tinkatuff\n|-sidestart|p2: dj nuh uh|Reflect\n|\n|upkeep\n|turn|3\n|\n|t:|1700620844\n|switch|p1a: Grotle|Grotle, M|100\/100\n|move|p2a: Tinkatuff|Light Screen|p2a: Tinkatuff\n|-sidestart|p2: dj nuh uh|move: Light Screen\n|\n|upkeep\n|turn|4\n|\n|t:|1700620851\n|move|p2a: Tinkatuff|Play Rough|p1a: Grotle\n|-damage|p1a: Grotle|87\/100\n|move|p1a: Grotle|Light Screen|p1a: Grotle\n|-sidestart|p1: munchkinp|move: Light Screen\n|\n|upkeep\n|turn|5\n|c|\u2606dj nuh uh|i infact made this tinkatuff a light clay\n|\n|t:|1700620863\n|move|p2a: Tinkatuff|Play Rough|p1a: Grotle\n|-damage|p1a: Grotle|72\/100\n|move|p1a: Grotle|Reflect|p1a: Grotle\n|-sidestart|p1: munchkinp|Reflect\n|\n|upkeep\n|turn|6\n|\n|t:|1700620868\n|move|p2a: Tinkatuff|Play Rough|p1a: Grotle\n|-damage|p1a: Grotle|66\/100\n|move|p1a: Grotle|Leech Seed|p2a: Tinkatuff\n|-start|p2a: Tinkatuff|move: Leech Seed\n|\n|-damage|p2a: Tinkatuff|88\/100|[from] Leech Seed|[of] p1a: Grotle\n|-heal|p1a: Grotle|78\/100|[silent]\n|upkeep\n|turn|7\n|\n|t:|1700620876\n|switch|p2a: Dragapult|Dragapult, F|100\/100\n|-status|p2a: Dragapult|psn\n|-damage|p2a: Dragapult|88\/100 psn|[from] Stealth Rock\n|move|p1a: Grotle|Leech Seed|p2a: Dragapult\n|-start|p2a: Dragapult|move: Leech Seed\n|\n|-damage|p2a: Dragapult|76\/100 psn|[from] Leech Seed|[of] p1a: Grotle\n|-heal|p1a: Grotle|89\/100|[silent]\n|-damage|p2a: Dragapult|64\/100 psn|[from] psn\n|upkeep\n|turn|8\n|\n|t:|1700620883\n|move|p2a: Dragapult|Phantom Force||[still]\n|-prepare|p2a: Dragapult|Phantom Force\n|move|p1a: Grotle|Roar|p2a: Dragapult|[miss]\n|-miss|p1a: Grotle|p2a: Dragapult\n|\n|-damage|p2a: Dragapult|51\/100 psn|[from] Leech Seed|[of] p1a: Grotle\n|-heal|p1a: Grotle|99\/100|[silent]\n|-damage|p2a: Dragapult|39\/100 psn|[from] psn\n|-sideend|p1: munchkinp|move: Light Screen\n|upkeep\n|turn|9\n|c|\u2606dj nuh uh|:O\n|c|\u2606munchkinp|:o\n|\n|t:|1700620895\n|switch|p1a: Glimmet|Glimmet, F|1\/100\n|move|p2a: Dragapult|Phantom Force|p1a: Glimmet|[from]lockedmove\n|-damage|p1a: Glimmet|0 fnt\n|-activate|p1a: Glimmet|ability: Toxic Debris\n|-sidestart|p2: dj nuh uh|move: Toxic Spikes\n|faint|p1a: Glimmet\n|\n|-damage|p2a: Dragapult|27\/100 psn|[from] psn\n|-sideend|p2: dj nuh uh|Reflect\n|-sideend|p1: munchkinp|Reflect\n|upkeep\n|c|\u2606dj nuh uh|yuh\n|\n|t:|1700620901\n|switch|p1a: Grotle|Grotle, M|99\/100\n|turn|10\n|\n|t:|1700620905\n|move|p2a: Dragapult|Phantom Force||[still]\n|-prepare|p2a: Dragapult|Phantom Force\n|move|p1a: Grotle|Roar|p2a: Dragapult|[miss]\n|-miss|p1a: Grotle|p2a: Dragapult\n|\n|-damage|p2a: Dragapult|14\/100 psn|[from] Leech Seed|[of] p1a: Grotle\n|-heal|p1a: Grotle|100\/100|[silent]\n|-damage|p2a: Dragapult|2\/100 psn|[from] psn\n|-sideend|p2: dj nuh uh|move: Light Screen\n|upkeep\n|turn|11\n|\n|t:|1700620913\n|move|p2a: Dragapult|Phantom Force|p1a: Grotle|[from]lockedmove\n|-damage|p1a: Grotle|52\/100\n|move|p1a: Grotle|Reflect|p1a: Grotle\n|-sidestart|p1: munchkinp|Reflect\n|\n|-damage|p2a: Dragapult|0 fnt|[from] Leech Seed|[of] p1a: Grotle\n|-heal|p1a: Grotle|53\/100|[silent]\n|faint|p2a: Dragapult\n|upkeep\n|c|\u2606dj nuh uh|oh\n|c|\u2606dj nuh uh|naur\n|\n|t:|1700620918\n|switch|p2a: Tinkatuff|Tinkatuff, F|88\/100\n|-damage|p2a: Tinkatuff|82\/100|[from] Stealth Rock\n|-ability|p2a: Tinkatuff|Mold Breaker\n|turn|12\n|c|\u2606munchkinp|i like tinkatuff\n|\n|t:|1700620929\n|move|p2a: Tinkatuff|Reflect|p2a: Tinkatuff\n|-sidestart|p2: dj nuh uh|Reflect\n|move|p1a: Grotle|Leech Seed|p2a: Tinkatuff|[miss]\n|-miss|p1a: Grotle|p2a: Tinkatuff\n|\n|upkeep\n|turn|13\n|\n|t:|1700620933\n|move|p2a: Tinkatuff|Play Rough|p1a: Grotle\n|-damage|p1a: Grotle|47\/100\n|move|p1a: Grotle|Leech Seed|p2a: Tinkatuff\n|-start|p2a: Tinkatuff|move: Leech Seed\n|\n|-damage|p2a: Tinkatuff|70\/100|[from] Leech Seed|[of] p1a: Grotle\n|-heal|p1a: Grotle|58\/100|[silent]\n|upkeep\n|turn|14\n|\n|t:|1700620938\n|switch|p1a: Sandaconda|Sandaconda, F|100\/100\n|move|p2a: Tinkatuff|Play Rough|p1a: Sandaconda\n|-damage|p1a: Sandaconda|91\/100\n|\n|-damage|p2a: Tinkatuff|58\/100|[from] Leech Seed|[of] p1a: Sandaconda\n|-heal|p1a: Sandaconda|100\/100|[silent]\n|upkeep\n|turn|15\n|\n|t:|1700620946\n|move|p1a: Sandaconda|Coil|p1a: Sandaconda\n|-boost|p1a: Sandaconda|atk|1\n|-boost|p1a: Sandaconda|def|1\n|-boost|p1a: Sandaconda|accuracy|1\n|move|p2a: Tinkatuff|Light Screen|p2a: Tinkatuff\n|-sidestart|p2: dj nuh uh|move: Light Screen\n|\n|-damage|p2a: Tinkatuff|45\/100|[from] Leech Seed|[of] p1a: Sandaconda\n|-sideend|p1: munchkinp|Reflect\n|upkeep\n|turn|16\n|\n|t:|1700620954\n|move|p1a: Sandaconda|Rock Blast|p2a: Tinkatuff\n|-resisted|p2a: Tinkatuff\n|-damage|p2a: Tinkatuff|41\/100\n|-resisted|p2a: Tinkatuff\n|-damage|p2a: Tinkatuff|36\/100\n|-resisted|p2a: Tinkatuff\n|-damage|p2a: Tinkatuff|32\/100\n|-resisted|p2a: Tinkatuff\n|-damage|p2a: Tinkatuff|27\/100\n|-hitcount|p2a: Tinkatuff|4\n|move|p2a: Tinkatuff|Play Rough|p1a: Sandaconda\n|-damage|p1a: Sandaconda|87\/100\n|\n|-damage|p2a: Tinkatuff|15\/100|[from] Leech Seed|[of] p1a: Sandaconda\n|-heal|p1a: Sandaconda|100\/100|[silent]\n|upkeep\n|turn|17\n|\n|t:|1700620965\n|move|p1a: Sandaconda|Rock Blast|p2a: Tinkatuff\n|-resisted|p2a: Tinkatuff\n|-damage|p2a: Tinkatuff|10\/100\n|-resisted|p2a: Tinkatuff\n|-damage|p2a: Tinkatuff|6\/100\n|-resisted|p2a: Tinkatuff\n|-damage|p2a: Tinkatuff|1\/100\n|-resisted|p2a: Tinkatuff\n|-damage|p2a: Tinkatuff|0 fnt\n|faint|p2a: Tinkatuff\n|-hitcount|p2: Tinkatuff|4\n|\n|win|munchkinp\n|n|\u2606munchkinp|munchkinp\n|n|\u2606dj nuh uh|djnuhuh\n|n|*Lady Monita \u2746|ladymonita\n","uploadtime":1700620966,"views":0,"p1id":"munchkinp","p2id":"djnuhuh","formatid":"gen9ou","rating":0,"private":0,"password":""}