{"id":"gen9ou-2000643881","p1":"funni lil virus","p2":"1 million wulongs","format":"[Gen 9] OU","log":"|j|\u2606funni lil virus\n|j|\u26061 million wulongs\n|t:|1701213845\n|gametype|singles\n|player|p1|funni lil virus|unknown|1106\n|player|p2|1 million wulongs|psychic-gen4|1105\n|teamsize|p1|6\n|teamsize|p2|6\n|gen|9\n|tier|[Gen 9] OU\n|rated|\n|rule|Sleep Clause Mod: Limit one foe put to sleep\n|rule|Species Clause: Limit one of each Pok\u00e9mon\n|rule|OHKO Clause: OHKO moves are banned\n|rule|Evasion Items Clause: Evasion items are banned\n|rule|Evasion Moves Clause: Evasion moves are banned\n|rule|Endless Battle Clause: Forcing endless battles is banned\n|rule|HP Percentage Mod: HP is shown in percentages\n|clearpoke\n|poke|p1|Gholdengo|\n|poke|p1|Ninetales-Alola, M|\n|poke|p1|Cetitan, M|\n|poke|p1|Mamoswine, F|\n|poke|p1|Slowking-Galar, F|\n|poke|p1|Great Tusk|\n|poke|p2|Great Tusk|\n|poke|p2|Iron Treads|\n|poke|p2|Donphan, F|\n|poke|p2|Phanpy, F|\n|poke|p2|Camerupt, M|\n|poke|p2|Torterra, F|\n|teampreview\n|inactive|Battle timer is ON: inactive players will automatically lose when time's up. (requested by 1 million wulongs)\n|c|\u2606funni lil virus|what do u have 4 elephants and 1 turtle\n|\n|t:|1701213872\n|start\n|switch|p1a: ugly ugly fox|Ninetales-Alola, M|100\/100\n|switch|p2a: Baby Tusk|Phanpy, F|100\/100\n|-weather|Snow|[from] ability: Snow Warning|[of] p1a: ugly ugly fox\n|turn|1\n|c|\u26061 million wulongs|why don't you\n|c|\u2606funni lil virus|I have one though\n|\n|t:|1701213889\n|move|p1a: ugly ugly fox|Aurora Veil|p1a: ugly ugly fox\n|-sidestart|p1: funni lil virus|move: Aurora Veil\n|move|p2a: Baby Tusk|Stealth Rock|p1a: ugly ugly fox\n|-sidestart|p1: funni lil virus|move: Stealth Rock\n|\n|-weather|Snow|[upkeep]\n|upkeep\n|turn|2\n|c|\u26061 million wulongs|i don't see a turtle\n|c|\u2606funni lil virus|1 elephant\n|\n|t:|1701213901\n|move|p1a: ugly ugly fox|Freeze-Dry|p2a: Baby Tusk\n|-supereffective|p2a: Baby Tusk\n|-damage|p2a: Baby Tusk|55\/100\n|move|p2a: Baby Tusk|Knock Off|p1a: ugly ugly fox\n|-resisted|p1a: ugly ugly fox\n|-damage|p1a: ugly ugly fox|98\/100\n|-enditem|p1a: ugly ugly fox|Light Clay|[from] move: Knock Off|[of] p2a: Baby Tusk\n|\n|-weather|Snow|[upkeep]\n|upkeep\n|turn|3\n|inactive|funni lil virus has 120 seconds left.\n|\n|t:|1701213927\n|switch|p1a: whaleman|Cetitan, M|100\/100\n|-damage|p1a: whaleman|76\/100|[from] Stealth Rock\n|move|p2a: Baby Tusk|Roar|p1a: whaleman\n|drag|p1a: Great Tusk|Great Tusk|100\/100\n|-damage|p1a: Great Tusk|98\/100|[from] Stealth Rock\n|\n|-weather|Snow|[upkeep]\n|-heal|p1a: Great Tusk|100\/100|[from] item: Leftovers\n|upkeep\n|turn|4\n|inactive|funni lil virus has 120 seconds left.\n|\n|t:|1701213941\n|move|p1a: Great Tusk|Bulk Up|p1a: Great Tusk\n|-boost|p1a: Great Tusk|atk|1\n|-boost|p1a: Great Tusk|def|1\n|move|p2a: Baby Tusk|Knock Off|p1a: Great Tusk\n|-resisted|p1a: Great Tusk\n|-damage|p1a: Great Tusk|99\/100\n|-enditem|p1a: Great Tusk|Leftovers|[from] move: Knock Off|[of] p2a: Baby Tusk\n|\n|-weather|Snow|[upkeep]\n|upkeep\n|turn|5\n|\n|t:|1701213944\n|move|p1a: Great Tusk|Bulk Up|p1a: Great Tusk\n|-boost|p1a: Great Tusk|atk|1\n|-boost|p1a: Great Tusk|def|1\n|move|p2a: Baby Tusk|Roar|p1a: Great Tusk\n|-end|p1a: Great Tusk|Protosynthesis|[silent]\n|drag|p1a: Slowking|Slowking-Galar, F|100\/100\n|\n|-weather|none\n|upkeep\n|turn|6\n|\n|t:|1701213948\n|move|p2a: Baby Tusk|Earthquake|p1a: Slowking\n|-supereffective|p1a: Slowking\n|-damage|p1a: Slowking|76\/100\n|move|p1a: Slowking|Future Sight|p2a: Baby Tusk\n|-start|p1a: Slowking|move: Future Sight\n|\n|upkeep\n|turn|7\n|\n|t:|1701213953\n|move|p1a: Slowking|Chilly Reception|p1a: Slowking\n|-weather|Snow\n|\n|t:|1701213956\n|switch|p1a: Great Tusk|Great Tusk|99\/100|[from] Chilly Reception\n|-damage|p1a: Great Tusk|96\/100|[from] Stealth Rock\n|move|p2a: Baby Tusk|Roar|p1a: Great Tusk\n|-end|p1a: Great Tusk|Protosynthesis|[silent]\n|drag|p1a: whaleman|Cetitan, M|76\/100\n|-damage|p1a: whaleman|51\/100|[from] Stealth Rock\n|\n|-weather|Snow|[upkeep]\n|upkeep\n|turn|8\n|\n|t:|1701213971\n|switch|p1a: Great Tusk|Great Tusk|96\/100\n|-damage|p1a: Great Tusk|93\/100|[from] Stealth Rock\n|move|p2a: Baby Tusk|Roar|p1a: Great Tusk\n|-end|p1a: Great Tusk|Protosynthesis|[silent]\n|drag|p1a: ugly ugly fox|Ninetales-Alola, M|98\/100\n|-damage|p1a: ugly ugly fox|73\/100|[from] Stealth Rock\n|\n|-weather|Snow|[upkeep]\n|-end|p2a: Baby Tusk|move: Future Sight\n|-damage|p2a: Baby Tusk|0 fnt\n|faint|p2a: Baby Tusk\n|-sideend|p1: funni lil virus|move: Aurora Veil\n|upkeep\n|inactive|1 million wulongs has 120 seconds left.\n|\n|t:|1701214007\n|switch|p2a: 5!LV3R TU5K|Iron Treads|100\/100\n|turn|9\n|inactive|1 million wulongs has 120 seconds left.\n|c|\u2606funni lil virus|u have 3 elephants 1 camel and 1 turtle\n|c|\u26061 million wulongs|baby tusk got of the lick\n|inactive|funni lil virus has 120 seconds left.\n|\n|t:|1701214039\n|switch|p1a: GOLD SMURFCAT?!?!?|Gholdengo|100\/100\n|-damage|p1a: GOLD SMURFCAT?!?!?|94\/100|[from] Stealth Rock\n|move|p2a: 5!LV3R TU5K|Iron Head|p1a: GOLD SMURFCAT?!?!?\n|-resisted|p1a: GOLD SMURFCAT?!?!?\n|-crit|p1a: GOLD SMURFCAT?!?!?\n|-damage|p1a: GOLD SMURFCAT?!?!?|69\/100\n|\n|-weather|Snow|[upkeep]\n|upkeep\n|turn|10\n|inactive|funni lil virus has 120 seconds left.\n|inactive|1 million wulongs has 120 seconds left.\n|c|\u2606funni lil virus|I'm gonna too weird for me\n|l|\u2606funni lil virus\n|inactive|funni lil virus disconnected and has a minute to reconnect!\n|player|p1|\n|c|\u26061 million wulongs|LOL\n|inactive|funni lil virus has 30 seconds to reconnect!\n|inactive|funni lil virus has 20 seconds to reconnect!\n|inactive|funni lil virus has 15 seconds to reconnect!\n|inactive|funni lil virus has 10 seconds to reconnect!\n|inactive|funni lil virus has 5 seconds to reconnect!\n|-message|funni lil virus lost due to inactivity.\n|\n|win|1 million wulongs\n|raw|funni lil virus's rating: 1106 &rarr; <strong>1081<\/strong><br \/>(-25 for losing)\n|raw|1 million wulongs's rating: 1105 &rarr; <strong>1130<\/strong><br \/>(+25 for winning)\n","uploadtime":1701214119,"views":1,"p1id":"funnililvirus","p2id":"1millionwulongs","formatid":"gen9ou","rating":1081,"private":0,"password":""}