{"id":"gen9ou-1997013369","p1":"Manaan","p2":"vini545i","format":"[Gen 9] OU","log":"|j|\u203dManaan\n|j|\u2606vini545i\n|t:|1700755673\n|gametype|singles\n|player|p1|Manaan|benga|1069\n|player|p2|vini545i|pokekid|1000\n|teamsize|p1|6\n|teamsize|p2|6\n|gen|9\n|tier|[Gen 9] OU\n|rated|\n|rule|Sleep Clause Mod: Limit one foe put to sleep\n|rule|Species Clause: Limit one of each Pok\u00e9mon\n|rule|OHKO Clause: OHKO moves are banned\n|rule|Evasion Items Clause: Evasion items are banned\n|rule|Evasion Moves Clause: Evasion moves are banned\n|rule|Endless Battle Clause: Forcing endless battles is banned\n|rule|HP Percentage Mod: HP is shown in percentages\n|clearpoke\n|poke|p1|Garganacl, F|\n|poke|p1|Dragapult, M|\n|poke|p1|Zamazenta-*|\n|poke|p1|Ursaluna, F|\n|poke|p1|Ceruledge, F|\n|poke|p1|Rillaboom, M|\n|poke|p2|Toxapex, M|\n|poke|p2|Dragapult, F|\n|poke|p2|Grimmsnarl, M|\n|poke|p2|Breloom, M|\n|poke|p2|Walking Wake|\n|poke|p2|Heatran, F|\n|teampreview\n|\n|t:|1700755678\n|start\n|switch|p1a: Ursaluna|Ursaluna, F|100\/100\n|switch|p2a: Toxapex|Toxapex, M, shiny|100\/100\n|turn|1\n|\n|t:|1700755692\n|move|p1a: Ursaluna|Swords Dance|p1a: Ursaluna\n|-boost|p1a: Ursaluna|atk|2\n|move|p2a: Toxapex|Iron Defense|p2a: Toxapex\n|-boost|p2a: Toxapex|def|2\n|\n|-status|p1a: Ursaluna|brn|[from] item: Flame Orb\n|upkeep\n|turn|2\n|\n|t:|1700755704\n|move|p1a: Ursaluna|Headlong Rush|p2a: Toxapex\n|-supereffective|p2a: Toxapex\n|-damage|p2a: Toxapex|0 fnt\n|-unboost|p1a: Ursaluna|def|1\n|-unboost|p1a: Ursaluna|spd|1\n|faint|p2a: Toxapex\n|\n|-damage|p1a: Ursaluna|94\/100 brn|[from] brn\n|upkeep\n|\n|t:|1700755719\n|switch|p2a: Breloom|Breloom, M, shiny|100\/100\n|turn|3\n|\n|t:|1700755723\n|move|p2a: Breloom|Gunk Shot|p1a: Ursaluna|[miss]\n|-miss|p2a: Breloom|p1a: Ursaluna\n|move|p1a: Ursaluna|Fire Punch|p2a: Breloom\n|-supereffective|p2a: Breloom\n|-damage|p2a: Breloom|0 fnt\n|faint|p2a: Breloom\n|\n|-damage|p1a: Ursaluna|88\/100 brn|[from] brn\n|upkeep\n|\n|t:|1700755736\n|switch|p2a: Grimmsnarl|Grimmsnarl, M, shiny|100\/100\n|turn|4\n|\n|t:|1700755750\n|move|p1a: Ursaluna|Facade|p2a: Grimmsnarl\n|-damage|p2a: Grimmsnarl|0 fnt\n|faint|p2a: Grimmsnarl\n|\n|-damage|p1a: Ursaluna|82\/100 brn|[from] brn\n|upkeep\n|\n|t:|1700755764\n|switch|p2a: Heatran|Heatran, F|100\/100\n|turn|5\n|\n|t:|1700755774\n|move|p2a: Heatran|Flare Blitz|p1a: Ursaluna\n|-damage|p1a: Ursaluna|42\/100 brn\n|-damage|p2a: Heatran|86\/100|[from] Recoil\n|move|p1a: Ursaluna|Headlong Rush|p2a: Heatran\n|-supereffective|p2a: Heatran\n|-damage|p2a: Heatran|0 fnt\n|-unboost|p1a: Ursaluna|def|1\n|-unboost|p1a: Ursaluna|spd|1\n|faint|p2a: Heatran\n|\n|-damage|p1a: Ursaluna|36\/100 brn|[from] brn\n|upkeep\n|\n|t:|1700755790\n|switch|p2a: Walking Wake|Walking Wake|100\/100\n|turn|6\n|\n|t:|1700755797\n|move|p2a: Walking Wake|Draco Meteor|p1a: Ursaluna|[miss]\n|-miss|p2a: Walking Wake|p1a: Ursaluna\n|move|p1a: Ursaluna|Facade|p2a: Walking Wake\n|-damage|p2a: Walking Wake|0 fnt\n|faint|p2a: Walking Wake\n|-end|p2a: Walking Wake|Protosynthesis|[silent]\n|\n|-damage|p1a: Ursaluna|30\/100 brn|[from] brn\n|upkeep\n|\n|t:|1700755808\n|switch|p2a: Dragapult|Dragapult, F, shiny|100\/100\n|turn|7\n|\n|t:|1700755813\n|move|p2a: Dragapult|Shadow Ball|p1a: Ursaluna\n|-immune|p1a: Ursaluna\n|move|p1a: Ursaluna|Headlong Rush|p2a: Dragapult\n|-damage|p2a: Dragapult|0 fnt\n|-unboost|p1a: Ursaluna|def|1\n|-unboost|p1a: Ursaluna|spd|1\n|-start|p1a: Ursaluna|Disable|Headlong Rush|[from] ability: Cursed Body|[of] p2a: Dragapult\n|faint|p2a: Dragapult\n|\n|win|Manaan\n|raw|Manaan's rating: 1069 &rarr; <strong>1093<\/strong><br \/>(+24 for winning)\n|raw|vini545i's rating: 1000 &rarr; <strong>1000<\/strong><br \/>(+0 for losing)\n|l|\u2606vini545i\n","uploadtime":1700755833,"views":7,"p1id":"manaan","p2id":"vini545i","formatid":"gen9ou","rating":1000,"private":0,"password":""}