{"id":"gen9ou-1989738394","p1":"FleetFoxxx","p2":"Captainriiiie","format":"[Gen 9] OU","log":"|j|\u2606FleetFoxxx\n|j|\u2606Captainriiiie\n|t:|1699891539\n|gametype|singles\n|player|p1|FleetFoxxx|1|1597\n|player|p2|Captainriiiie|1|1618\n|teamsize|p1|6\n|teamsize|p2|6\n|gen|9\n|tier|[Gen 9] OU\n|rated|\n|rule|Sleep Clause Mod: Limit one foe put to sleep\n|rule|Species Clause: Limit one of each Pok\u00e9mon\n|rule|OHKO Clause: OHKO moves are banned\n|rule|Evasion Items Clause: Evasion items are banned\n|rule|Evasion Moves Clause: Evasion moves are banned\n|rule|Endless Battle Clause: Forcing endless battles is banned\n|rule|HP Percentage Mod: HP is shown in percentages\n|clearpoke\n|poke|p1|Dragapult, M|\n|poke|p1|Gholdengo|\n|poke|p1|Moltres|\n|poke|p1|Ting-Lu|\n|poke|p1|Ogerpon-Wellspring, F|\n|poke|p1|Hatterene, F|\n|poke|p2|Torkoal, M|\n|poke|p2|Walking Wake|\n|poke|p2|Lilligant-Hisui, F|\n|poke|p2|Great Tusk|\n|poke|p2|Thundurus-Therian, M|\n|poke|p2|Iron Moth|\n|teampreview\n|inactive|Battle timer is ON: inactive players will automatically lose when time's up. (requested by Captainriiiie)\n|\n|t:|1699891581\n|start\n|switch|p1a: Ting-Lu|Ting-Lu|100\/100\n|switch|p2a: Torkoal|Torkoal, M|100\/100\n|-ability|p1a: Ting-Lu|Vessel of Ruin\n|-weather|SunnyDay|[from] ability: Drought|[of] p2a: Torkoal\n|turn|1\n|\n|t:|1699891603\n|move|p1a: Ting-Lu|Mean Look|p2a: Torkoal\n|-activate|p2a: Torkoal|trapped\n|move|p2a: Torkoal|Lava Plume|p1a: Ting-Lu\n|-damage|p1a: Ting-Lu|85\/100\n|\n|-weather|SunnyDay|[upkeep]\n|-heal|p1a: Ting-Lu|91\/100|[from] item: Leftovers\n|upkeep\n|turn|2\n|\n|t:|1699891610\n|move|p1a: Ting-Lu|Earthquake|p2a: Torkoal\n|-supereffective|p2a: Torkoal\n|-damage|p2a: Torkoal|48\/100\n|move|p2a: Torkoal|Rapid Spin|p1a: Ting-Lu\n|-damage|p1a: Ting-Lu|86\/100\n|-boost|p2a: Torkoal|spe|1\n|\n|-weather|SunnyDay|[upkeep]\n|-heal|p1a: Ting-Lu|92\/100|[from] item: Leftovers\n|upkeep\n|turn|3\n|\n|t:|1699891618\n|move|p1a: Ting-Lu|Earthquake|p2a: Torkoal\n|-supereffective|p2a: Torkoal\n|-damage|p2a: Torkoal|0 fnt\n|faint|p2a: Torkoal\n|\n|-weather|SunnyDay|[upkeep]\n|-heal|p1a: Ting-Lu|98\/100|[from] item: Leftovers\n|upkeep\n|\n|t:|1699891621\n|switch|p2a: Lilligant|Lilligant-Hisui, F|100\/100\n|turn|4\n|\n|t:|1699891627\n|switch|p1a: Hatterene|Hatterene, F|100\/100\n|move|p2a: Lilligant|Solar Blade||[still]\n|-prepare|p2a: Lilligant|Solar Blade\n|-anim|p2a: Lilligant|Solar Blade|p1a: Hatterene\n|-damage|p1a: Hatterene|39\/100\n|-damage|p2a: Lilligant|91\/100|[from] item: Life Orb\n|\n|-weather|SunnyDay|[upkeep]\n|-heal|p1a: Hatterene|45\/100|[from] item: Leftovers\n|upkeep\n|turn|5\n|\n|t:|1699891630\n|switch|p1a: Moltres|Moltres|100\/100\n|move|p2a: Lilligant|Solar Blade||[still]\n|-prepare|p2a: Lilligant|Solar Blade\n|-anim|p2a: Lilligant|Solar Blade|p1a: Moltres\n|-resisted|p1a: Moltres\n|-damage|p1a: Moltres|88\/100\n|-damage|p2a: Lilligant|81\/100|[from] item: Life Orb\n|\n|-weather|SunnyDay|[upkeep]\n|upkeep\n|turn|6\n|\n|t:|1699891634\n|switch|p2a: Walking Wake|Walking Wake|100\/100\n|-activate|p2a: Walking Wake|ability: Protosynthesis\n|-start|p2a: Walking Wake|protosynthesisspe\n|move|p1a: Moltres|Flamethrower|p2a: Walking Wake\n|-resisted|p2a: Walking Wake\n|-damage|p2a: Walking Wake|84\/100\n|\n|-weather|SunnyDay|[upkeep]\n|upkeep\n|turn|7\n|\n|t:|1699891639\n|switch|p1a: Ogerpon|Ogerpon-Wellspring, F|100\/100\n|move|p2a: Walking Wake|Flip Turn|p1a: Ogerpon\n|-immune|p1a: Ogerpon|[from] ability: Water Absorb\n|\n|-weather|SunnyDay|[upkeep]\n|upkeep\n|turn|8\n|\n|t:|1699891645\n|move|p2a: Walking Wake|Flamethrower|p1a: Ogerpon\n|-damage|p1a: Ogerpon|31\/100\n|-damage|p2a: Walking Wake|75\/100|[from] item: Life Orb\n|move|p1a: Ogerpon|Horn Leech|p2a: Walking Wake\n|-damage|p2a: Walking Wake|23\/100\n|-heal|p1a: Ogerpon|61\/100|[from] drain|[of] p2a: Walking Wake\n|\n|-weather|none\n|-end|p2a: Walking Wake|Protosynthesis\n|upkeep\n|turn|9\n|\n|t:|1699891651\n|-end|p2a: Walking Wake|Protosynthesis|[silent]\n|switch|p2a: Iron Moth|Iron Moth|100\/100\n|-enditem|p2a: Iron Moth|Booster Energy\n|-activate|p2a: Iron Moth|ability: Quark Drive|[fromitem]\n|-start|p2a: Iron Moth|quarkdrivespe\n|move|p1a: Ogerpon|Horn Leech|p2a: Iron Moth\n|-resisted|p2a: Iron Moth\n|-crit|p2a: Iron Moth\n|-damage|p2a: Iron Moth|75\/100\n|-heal|p1a: Ogerpon|73\/100|[from] drain|[of] p2a: Iron Moth\n|\n|upkeep\n|turn|10\n|\n|t:|1699891655\n|switch|p1a: Ting-Lu|Ting-Lu|98\/100\n|-ability|p1a: Ting-Lu|Vessel of Ruin\n|move|p2a: Iron Moth|Sludge Wave|p1a: Ting-Lu\n|-resisted|p1a: Ting-Lu\n|-crit|p1a: Ting-Lu\n|-damage|p1a: Ting-Lu|82\/100\n|-status|p1a: Ting-Lu|psn\n|\n|-heal|p1a: Ting-Lu|89\/100 psn|[from] item: Leftovers\n|-damage|p1a: Ting-Lu|76\/100 psn|[from] psn\n|upkeep\n|turn|11\n|\n|t:|1699891658\n|move|p2a: Iron Moth|Substitute|p2a: Iron Moth\n|-start|p2a: Iron Moth|Substitute\n|-damage|p2a: Iron Moth|50\/100\n|move|p1a: Ting-Lu|Earthquake|p2a: Iron Moth\n|-supereffective|p2a: Iron Moth\n|-end|p2a: Iron Moth|Substitute\n|\n|-heal|p1a: Ting-Lu|82\/100 psn|[from] item: Leftovers\n|-damage|p1a: Ting-Lu|70\/100 psn|[from] psn\n|upkeep\n|turn|12\n|\n|t:|1699891663\n|-terastallize|p2a: Iron Moth|Grass\n|move|p2a: Iron Moth|Substitute|p2a: Iron Moth\n|-start|p2a: Iron Moth|Substitute\n|-damage|p2a: Iron Moth|25\/100\n|move|p1a: Ting-Lu|Earthquake|p2a: Iron Moth\n|-resisted|p2a: Iron Moth\n|-end|p2a: Iron Moth|Substitute\n|\n|-heal|p1a: Ting-Lu|76\/100 psn|[from] item: Leftovers\n|-damage|p1a: Ting-Lu|64\/100 psn|[from] psn\n|upkeep\n|turn|13\n|\n|t:|1699891669\n|move|p2a: Iron Moth|Fiery Dance|p1a: Ting-Lu\n|-damage|p1a: Ting-Lu|46\/100 psn\n|move|p1a: Ting-Lu|Earthquake|p2a: Iron Moth\n|-resisted|p2a: Iron Moth\n|-damage|p2a: Iron Moth|0 fnt\n|faint|p2a: Iron Moth\n|-end|p2a: Iron Moth|Quark Drive|[silent]\n|\n|-heal|p1a: Ting-Lu|52\/100 psn|[from] item: Leftovers\n|-damage|p1a: Ting-Lu|39\/100 psn|[from] psn\n|upkeep\n|\n|t:|1699891675\n|switch|p2a: Lilligant|Lilligant-Hisui, F|81\/100\n|turn|14\n|\n|t:|1699891678\n|switch|p1a: Moltres|Moltres|88\/100\n|move|p2a: Lilligant|Close Combat|p1a: Moltres\n|-resisted|p1a: Moltres\n|-damage|p1a: Moltres|62\/100\n|-unboost|p2a: Lilligant|def|1\n|-unboost|p2a: Lilligant|spd|1\n|-damage|p2a: Lilligant|71\/100|[from] item: Life Orb\n|\n|upkeep\n|turn|15\n|\n|t:|1699891683\n|move|p2a: Lilligant|Healing Wish|p2a: Lilligant\n|faint|p2a: Lilligant\n|move|p1a: Moltres|Flamethrower|p2: Lilligant|[notarget]\n|-fail|p1a: Moltres\n|\n|upkeep\n|\n|t:|1699891688\n|switch|p2a: Thundurus|Thundurus-Therian, M|100\/100\n|turn|16\n|\n|t:|1699891693\n|switch|p1a: Ting-Lu|Ting-Lu|39\/100 psn\n|-ability|p1a: Ting-Lu|Vessel of Ruin\n|move|p2a: Thundurus|Agility|p2a: Thundurus\n|-boost|p2a: Thundurus|spe|2\n|\n|-heal|p1a: Ting-Lu|46\/100 psn|[from] item: Leftovers\n|-damage|p1a: Ting-Lu|33\/100 psn|[from] psn\n|upkeep\n|turn|17\n|\n|t:|1699891696\n|move|p2a: Thundurus|Tera Blast|p1a: Ting-Lu\n|-damage|p1a: Ting-Lu|21\/100 psn\n|move|p1a: Ting-Lu|Rest|p1a: Ting-Lu\n|-status|p1a: Ting-Lu|slp|[from] move: Rest\n|-heal|p1a: Ting-Lu|100\/100 slp|[silent]\n|\n|upkeep\n|turn|18\n|\n|t:|1699891702\n|switch|p2a: Great Tusk|Great Tusk|100\/100\n|cant|p1a: Ting-Lu|slp\n|\n|upkeep\n|turn|19\n|\n|t:|1699891705\n|switch|p1a: Moltres|Moltres|62\/100\n|move|p2a: Great Tusk|Close Combat|p1a: Moltres\n|-resisted|p1a: Moltres\n|-damage|p1a: Moltres|38\/100\n|-unboost|p2a: Great Tusk|def|1\n|-unboost|p2a: Great Tusk|spd|1\n|-enditem|p2a: Great Tusk|Eject Pack\n|-status|p2a: Great Tusk|brn|[from] ability: Flame Body|[of] p1a: Moltres\n|\n|t:|1699891708\n|-end|p2a: Great Tusk|Protosynthesis|[silent]\n|switch|p2a: Thundurus|Thundurus-Therian, M|100\/100\n|\n|upkeep\n|turn|20\n|\n|t:|1699891711\n|switch|p1a: Ting-Lu|Ting-Lu|100\/100 slp\n|-ability|p1a: Ting-Lu|Vessel of Ruin\n|move|p2a: Thundurus|Tera Blast|p1a: Ting-Lu\n|-damage|p1a: Ting-Lu|87\/100 slp\n|\n|-heal|p1a: Ting-Lu|93\/100 slp|[from] item: Leftovers\n|upkeep\n|turn|21\n|\n|t:|1699891714\n|switch|p2a: Walking Wake|Walking Wake|23\/100\n|-heal|p2a: Walking Wake|100\/100|[from] move: Healing Wish\n|cant|p1a: Ting-Lu|slp\n|\n|-heal|p1a: Ting-Lu|99\/100 slp|[from] item: Leftovers\n|upkeep\n|turn|22\n|\n|t:|1699891719\n|switch|p1a: Hatterene|Hatterene, F|45\/100\n|move|p2a: Walking Wake|Hydro Steam|p1a: Hatterene\n|-damage|p1a: Hatterene|0 fnt\n|faint|p1a: Hatterene\n|-damage|p2a: Walking Wake|91\/100|[from] item: Life Orb\n|\n|upkeep\n|\n|t:|1699891727\n|switch|p1a: Dragapult|Dragapult, M|100\/100\n|turn|23\n|\n|t:|1699891730\n|move|p1a: Dragapult|Draco Meteor|p2a: Walking Wake\n|-supereffective|p2a: Walking Wake\n|-damage|p2a: Walking Wake|0 fnt\n|-unboost|p1a: Dragapult|spa|2\n|faint|p2a: Walking Wake\n|-end|p2a: Walking Wake|Protosynthesis|[silent]\n|\n|upkeep\n|\n|t:|1699891732\n|switch|p2a: Great Tusk|Great Tusk|100\/100 brn\n|turn|24\n|\n|t:|1699891735\n|switch|p1a: Moltres|Moltres|38\/100\n|move|p2a: Great Tusk|Ice Spinner|p1a: Moltres\n|-damage|p1a: Moltres|28\/100\n|\n|-damage|p2a: Great Tusk|94\/100 brn|[from] brn\n|upkeep\n|turn|25\n|\n|t:|1699891738\n|-end|p2a: Great Tusk|Protosynthesis|[silent]\n|switch|p2a: Thundurus|Thundurus-Therian, M|100\/100\n|move|p1a: Moltres|Roost|p1a: Moltres\n|-heal|p1a: Moltres|78\/100\n|-singleturn|p1a: Moltres|move: Roost\n|\n|upkeep\n|turn|26\n|\n|t:|1699891741\n|move|p2a: Thundurus|Thunderbolt|p1a: Moltres\n|-supereffective|p1a: Moltres\n|-damage|p1a: Moltres|0 fnt\n|faint|p1a: Moltres\n|\n|upkeep\n|\n|t:|1699891745\n|switch|p1a: Dragapult|Dragapult, M|100\/100\n|turn|27\n|\n|t:|1699891748\n|move|p1a: Dragapult|Shadow Ball|p2a: Thundurus\n|-damage|p2a: Thundurus|31\/100\n|move|p2a: Thundurus|Thunderbolt|p1a: Dragapult\n|-resisted|p1a: Dragapult\n|-damage|p1a: Dragapult|64\/100\n|\n|upkeep\n|turn|28\n|-message|Captainriiiie forfeited.\n|\n|win|FleetFoxxx\n|raw|FleetFoxxx's rating: 1597 &rarr; <strong>1618<\/strong><br \/>(+21 for winning)\n|raw|Captainriiiie's rating: 1618 &rarr; <strong>1597<\/strong><br \/>(-21 for losing)\n|l|\u2606Captainriiiie\n","uploadtime":1699891757,"views":11,"p1id":"fleetfoxxx","p2id":"captainriiiie","formatid":"gen9ou","rating":1597,"private":0,"password":""}