{"id":"gen9ou-1990794646","p1":"Cool chen","p2":"CyberH3","format":"[Gen 9] OU","log":"|j|\u2606Cool chen\n|j|\u2606CyberH3\n|t:|1700001545\n|gametype|singles\n|player|p1|Cool chen|swimmer-gen4dp|1221\n|player|p2|CyberH3|mars|1328\n|teamsize|p1|6\n|teamsize|p2|6\n|gen|9\n|tier|[Gen 9] OU\n|rated|\n|rule|Sleep Clause Mod: Limit one foe put to sleep\n|rule|Species Clause: Limit one of each Pok\u00e9mon\n|rule|OHKO Clause: OHKO moves are banned\n|rule|Evasion Items Clause: Evasion items are banned\n|rule|Evasion Moves Clause: Evasion moves are banned\n|rule|Endless Battle Clause: Forcing endless battles is banned\n|rule|HP Percentage Mod: HP is shown in percentages\n|clearpoke\n|poke|p1|Pelipper, M|\n|poke|p1|Amoonguss, M|\n|poke|p1|Kingambit, M|\n|poke|p1|Basculegion, M|\n|poke|p1|Iron Treads|\n|poke|p1|Manaphy|\n|poke|p2|Goodra-Hisui, F|\n|poke|p2|Scizor, F|\n|poke|p2|Mimikyu, F|\n|poke|p2|Grafaiai, F|\n|poke|p2|Azelf|\n|poke|p2|Dragapult, M|\n|teampreview\n|inactive|Battle timer is ON: inactive players will automatically lose when time's up. (requested by Cool chen)\n|\n|t:|1700001553\n|start\n|switch|p1a: Jeremie|Pelipper, M|100\/100\n|switch|p2a: bettel explodes|Azelf|100\/100\n|-weather|RainDance|[from] ability: Drizzle|[of] p1a: Jeremie\n|turn|1\n|\n|t:|1700001558\n|move|p2a: bettel explodes|Thunderbolt|p1a: Jeremie\n|-supereffective|p1a: Jeremie\n|-damage|p1a: Jeremie|0 fnt\n|faint|p1a: Jeremie\n|\n|-weather|RainDance|[upkeep]\n|upkeep\n|\n|t:|1700001584\n|switch|p1a: Fred|Kingambit, M|100\/100\n|-activate|p1a: Fred|ability: Supreme Overlord\n|-start|p1a: Fred|fallen1|[silent]\n|turn|2\n|\n|t:|1700001589\n|move|p2a: bettel explodes|Thunderbolt|p1a: Fred\n|-damage|p1a: Fred|50\/100\n|move|p1a: Fred|Kowtow Cleave|p2a: bettel explodes\n|-supereffective|p2a: bettel explodes\n|-damage|p2a: bettel explodes|0 fnt\n|faint|p2a: bettel explodes\n|\n|-weather|RainDance|[upkeep]\n|-heal|p1a: Fred|56\/100|[from] item: Leftovers\n|upkeep\n|\n|t:|1700001599\n|switch|p2a: Snailtare|Goodra-Hisui, F|100\/100\n|turn|3\n|\n|t:|1700001605\n|move|p1a: Fred|Low Kick|p2a: Snailtare\n|-supereffective|p2a: Snailtare\n|-damage|p2a: Snailtare|18\/100\n|move|p2a: Snailtare|Hydro Pump|p1a: Fred\n|-damage|p1a: Fred|0 fnt\n|faint|p1a: Fred\n|-end|p1a: Fred|fallen1|[silent]\n|\n|-weather|RainDance|[upkeep]\n|-heal|p2a: Snailtare|24\/100|[from] item: Leftovers\n|upkeep\n|\n|t:|1700001612\n|switch|p1a: Iron Treads|Iron Treads|100\/100\n|turn|4\n|\n|t:|1700001620\n|move|p2a: Snailtare|Protect|p2a: Snailtare\n|-singleturn|p2a: Snailtare|Protect\n|move|p1a: Iron Treads|Earthquake|p2a: Snailtare\n|-activate|p2a: Snailtare|move: Protect\n|\n|-weather|RainDance|[upkeep]\n|-heal|p2a: Snailtare|30\/100|[from] item: Leftovers\n|upkeep\n|turn|5\n|\n|t:|1700001626\n|switch|p2a: Eat With Scissors|Scizor, F|100\/100\n|move|p1a: Iron Treads|Earthquake|p2a: Eat With Scissors\n|-damage|p2a: Eat With Scissors|60\/100\n|\n|-weather|RainDance|[upkeep]\n|upkeep\n|turn|6\n|\n|t:|1700001630\n|-end|p1a: Iron Treads|Quark Drive|[silent]\n|switch|p1a: Impostor|Amoonguss, M|100\/100\n|move|p2a: Eat With Scissors|Knock Off|p1a: Impostor\n|-damage|p1a: Impostor|64\/100\n|-enditem|p1a: Impostor|Eject Button|[from] move: Knock Off|[of] p2a: Eat With Scissors\n|-damage|p2a: Eat With Scissors|50\/100|[from] item: Life Orb\n|\n|-weather|RainDance|[upkeep]\n|upkeep\n|turn|7\n|\n|t:|1700001639\n|move|p2a: Eat With Scissors|Dual Wingbeat|p1a: Impostor\n|-supereffective|p1a: Impostor\n|-damage|p1a: Impostor|16\/100\n|-supereffective|p1a: Impostor\n|-damage|p1a: Impostor|0 fnt\n|faint|p1a: Impostor\n|-hitcount|p1: Impostor|2\n|-damage|p2a: Eat With Scissors|40\/100|[from] item: Life Orb\n|\n|-weather|RainDance|[upkeep]\n|upkeep\n|\n|t:|1700001642\n|switch|p1a: Basculegion|Basculegion, M|100\/100\n|turn|8\n|\n|t:|1700001657\n|switch|p2a: Snailtare|Goodra-Hisui, F|30\/100\n|move|p1a: Basculegion|Wave Crash|p2a: Snailtare\n|-resisted|p2a: Snailtare\n|-damage|p2a: Snailtare|0 fnt\n|faint|p2a: Snailtare\n|-damage|p1a: Basculegion|91\/100|[from] Recoil\n|\n|-weather|none\n|upkeep\n|\n|t:|1700001662\n|switch|p2a: KIRYU|Dragapult, M|100\/100\n|turn|9\n|l|\u2606Cool chen\n|inactive|Cool chen disconnected and has a minute to reconnect!\n|player|p1|\n|inactive|Cool chen has 30 seconds to reconnect!\n|inactive|Cool chen has 20 seconds to reconnect!\n|inactive|Cool chen has 15 seconds to reconnect!\n|inactive|Cool chen has 10 seconds to reconnect!\n|inactive|Cool chen has 5 seconds to reconnect!\n|-message|Cool chen lost due to inactivity.\n|\n|win|CyberH3\n|raw|Cool chen's rating: 1221 &rarr; <strong>1203<\/strong><br \/>(-18 for losing)\n|raw|CyberH3's rating: 1328 &rarr; <strong>1342<\/strong><br \/>(+14 for winning)\n","uploadtime":1700001725,"views":15,"p1id":"coolchen","p2id":"cyberh3","formatid":"gen9ou","rating":1203,"private":0,"password":""}