{"id":"gen9ou-1988235721","p1":"jrbt2023","p2":"jdrick","format":"[Gen 9] OU","log":"|j|\u2606jrbt2023\n|j|\u2606jdrick\n|t:|1699691239\n|gametype|singles\n|player|p1|jrbt2023|harlequin|\n|player|p2|jdrick|clerk|\n|teamsize|p1|6\n|teamsize|p2|6\n|gen|9\n|tier|[Gen 9] OU\n|rule|Sleep Clause Mod: Limit one foe put to sleep\n|rule|Species Clause: Limit one of each Pok\u00e9mon\n|rule|OHKO Clause: OHKO moves are banned\n|rule|Evasion Items Clause: Evasion items are banned\n|rule|Evasion Moves Clause: Evasion moves are banned\n|rule|Endless Battle Clause: Forcing endless battles is banned\n|rule|HP Percentage Mod: HP is shown in percentages\n|clearpoke\n|poke|p1|Alomomola, M|\n|poke|p1|Sneasler, F|\n|poke|p1|Rillaboom, F|\n|poke|p1|Ribombee, M|\n|poke|p1|Great Tusk|\n|poke|p1|Dragapult, F|\n|poke|p2|Dragapult, M|\n|poke|p2|Sneasler, M|\n|poke|p2|Toxapex, M|\n|poke|p2|Empoleon, M|\n|poke|p2|Kingambit, M|\n|poke|p2|Clefable, M|\n|teampreview\n|\n|t:|1699691267\n|start\n|switch|p1a: Ribombee|Ribombee, M, shiny|100\/100\n|switch|p2a: Clefable|Clefable, M|100\/100\n|turn|1\n|\n|t:|1699691272\n|move|p1a: Ribombee|Sticky Web|p2a: Clefable\n|-sidestart|p2: jdrick|move: Sticky Web\n|move|p2a: Clefable|Stealth Rock|p1a: Ribombee\n|-sidestart|p1: jrbt2023|move: Stealth Rock\n|\n|upkeep\n|turn|2\n|c|\u2606jrbt2023|ah yes\n|c|\u2606jrbt2023|the hazards fight\n|\n|t:|1699691287\n|switch|p1a: Sneasler|Sneasler, F|100\/100\n|-damage|p1a: Sneasler|95\/100|[from] Stealth Rock\n|move|p2a: Clefable|Wish|p2a: Clefable\n|\n|upkeep\n|turn|3\n|c|\u2606jdrick|truly a fight for the century\n|\n|t:|1699691302\n|switch|p2a: Sneasler|Sneasler, M|100\/100\n|-activate|p2a: Sneasler|move: Sticky Web\n|-unboost|p2a: Sneasler|spe|1\n|move|p1a: Sneasler|Swords Dance|p1a: Sneasler\n|-boost|p1a: Sneasler|atk|2\n|\n|upkeep\n|turn|4\n|\n|t:|1699691317\n|move|p2a: Sneasler|Fake Out|p1a: Sneasler\n|-damage|p1a: Sneasler|72\/100\n|cant|p1a: Sneasler|flinch\n|\n|upkeep\n|turn|5\n|\n|t:|1699691328\n|switch|p2a: Toxapex|Toxapex, M|100\/100\n|-activate|p2a: Toxapex|move: Sticky Web\n|-unboost|p2a: Toxapex|spe|1\n|move|p1a: Sneasler|Shadow Claw|p2a: Toxapex\n|-damage|p2a: Toxapex|68\/100\n|\n|-heal|p2a: Toxapex|74\/100|[from] item: Leftovers\n|upkeep\n|turn|6\n|\n|t:|1699691347\n|switch|p1a: Great Tusk|Great Tusk|100\/100\n|-damage|p1a: Great Tusk|98\/100|[from] Stealth Rock\n|-enditem|p1a: Great Tusk|Booster Energy\n|-activate|p1a: Great Tusk|ability: Protosynthesis|[fromitem]\n|-start|p1a: Great Tusk|protosynthesisatk\n|move|p2a: Toxapex|Haze|p2a: Toxapex\n|-clearallboost\n|\n|-heal|p2a: Toxapex|80\/100|[from] item: Leftovers\n|upkeep\n|turn|7\n|\n|t:|1699691356\n|switch|p2a: Clefable|Clefable, M|100\/100\n|-activate|p2a: Clefable|move: Sticky Web\n|-unboost|p2a: Clefable|spe|1\n|move|p1a: Great Tusk|Headlong Rush|p2a: Clefable\n|-damage|p2a: Clefable|39\/100\n|-unboost|p1a: Great Tusk|def|1\n|-unboost|p1a: Great Tusk|spd|1\n|\n|-heal|p2a: Clefable|45\/100|[from] item: Leftovers\n|upkeep\n|turn|8\n|\n|t:|1699691369\n|move|p1a: Great Tusk|Close Combat|p2a: Clefable\n|-resisted|p2a: Clefable\n|-damage|p2a: Clefable|14\/100\n|-unboost|p1a: Great Tusk|def|1\n|-unboost|p1a: Great Tusk|spd|1\n|move|p2a: Clefable|Wish|p2a: Clefable\n|\n|-heal|p2a: Clefable|20\/100|[from] item: Leftovers\n|upkeep\n|turn|9\n|\n|t:|1699691377\n|move|p2a: Clefable|Protect|p2a: Clefable\n|-singleturn|p2a: Clefable|Protect\n|move|p1a: Great Tusk|Close Combat|p2a: Clefable\n|-activate|p2a: Clefable|move: Protect\n|\n|-heal|p2a: Clefable|70\/100|[from] move: Wish|[wisher] Clefable\n|-heal|p2a: Clefable|76\/100|[from] item: Leftovers\n|upkeep\n|turn|10\n|\n|t:|1699691397\n|-terastallize|p1a: Great Tusk|Steel\n|move|p1a: Great Tusk|Rapid Spin|p2a: Clefable\n|-damage|p2a: Clefable|59\/100\n|-boost|p1a: Great Tusk|spe|1\n|-sideend|p1: jrbt2023|Stealth Rock|[from] move: Rapid Spin|[of] p1a: Great Tusk\n|move|p2a: Clefable|Moonblast|p1a: Great Tusk\n|-resisted|p1a: Great Tusk\n|-damage|p1a: Great Tusk|52\/100\n|-unboost|p1a: Great Tusk|spa|1\n|\n|-heal|p2a: Clefable|65\/100|[from] item: Leftovers\n|upkeep\n|turn|11\n|\n|t:|1699691409\n|move|p2a: Clefable|Protect|p2a: Clefable\n|-singleturn|p2a: Clefable|Protect\n|move|p1a: Great Tusk|Close Combat|p2a: Clefable\n|-activate|p2a: Clefable|move: Protect\n|\n|-heal|p2a: Clefable|71\/100|[from] item: Leftovers\n|upkeep\n|turn|12\n|\n|t:|1699691418\n|move|p1a: Great Tusk|Knock Off|p2a: Clefable\n|-resisted|p2a: Clefable\n|-damage|p2a: Clefable|55\/100\n|-enditem|p2a: Clefable|Leftovers|[from] move: Knock Off|[of] p1a: Great Tusk\n|move|p2a: Clefable|Moonblast|p1a: Great Tusk\n|-resisted|p1a: Great Tusk\n|-damage|p1a: Great Tusk|6\/100\n|\n|upkeep\n|turn|13\n|\n|t:|1699691429\n|move|p1a: Great Tusk|Close Combat|p2a: Clefable\n|-resisted|p2a: Clefable\n|-damage|p2a: Clefable|27\/100\n|-unboost|p1a: Great Tusk|def|1\n|-unboost|p1a: Great Tusk|spd|1\n|move|p2a: Clefable|Wish|p2a: Clefable\n|\n|upkeep\n|turn|14\n|\n|t:|1699691444\n|-end|p1a: Great Tusk|Protosynthesis|[silent]\n|switch|p1a: Alomomola|Alomomola, M, shiny|100\/100\n|move|p2a: Clefable|Protect||[still]\n|-fail|p2a: Clefable\n|\n|-heal|p2a: Clefable|77\/100|[from] move: Wish|[wisher] Clefable\n|upkeep\n|turn|15\n|\n|t:|1699691454\n|move|p1a: Alomomola|Wish|p1a: Alomomola\n|move|p2a: Clefable|Moonblast|p1a: Alomomola\n|-damage|p1a: Alomomola|63\/100\n|-enditem|p1a: Alomomola|Red Card|[of] p2a: Clefable\n|drag|p2a: Sneasler|Sneasler, M|100\/100\n|-activate|p2a: Sneasler|move: Sticky Web\n|-unboost|p2a: Sneasler|spe|1\n|\n|upkeep\n|turn|16\n|\n|t:|1699691466\n|move|p2a: Sneasler|Fake Out|p1a: Alomomola\n|-damage|p1a: Alomomola|55\/100\n|cant|p1a: Alomomola|flinch\n|\n|-heal|p1a: Alomomola|100\/100|[from] move: Wish|[wisher] Alomomola\n|upkeep\n|turn|17\n|\n|t:|1699691470\n|move|p2a: Sneasler|Dire Claw|p1a: Alomomola\n|-damage|p1a: Alomomola|76\/100\n|-status|p1a: Alomomola|psn\n|move|p1a: Alomomola|Wish|p1a: Alomomola\n|\n|-damage|p1a: Alomomola|64\/100 psn|[from] psn\n|upkeep\n|turn|18\n|\n|t:|1699691478\n|move|p2a: Sneasler|U-turn|p1a: Alomomola\n|-damage|p1a: Alomomola|52\/100 psn\n|\n|t:|1699691484\n|switch|p2a: Kingambit|Kingambit, M|100\/100|[from] U-turn\n|-activate|p2a: Kingambit|move: Sticky Web\n|-unboost|p2a: Kingambit|spe|1\n|move|p1a: Alomomola|Flip Turn|p2a: Kingambit\n|-damage|p2a: Kingambit|89\/100\n|\n|t:|1699691508\n|switch|p1a: Great Tusk|Great Tusk, tera:Steel|6\/100|[from] Flip Turn\n|\n|-heal|p1a: Great Tusk|78\/100|[from] move: Wish|[wisher] Alomomola\n|-heal|p2a: Kingambit|95\/100|[from] item: Leftovers\n|upkeep\n|turn|19\n|c|\u2606jdrick|amazing play\n|\n|t:|1699691545\n|-end|p2a: Kingambit|fallenundefined|[silent]\n|switch|p2a: Dragapult|Dragapult, M|100\/100\n|-activate|p2a: Dragapult|move: Sticky Web\n|-unboost|p2a: Dragapult|spe|1\n|move|p1a: Great Tusk|Close Combat|p2a: Dragapult\n|-immune|p2a: Dragapult\n|\n|upkeep\n|turn|20\n|c|\u2606jrbt2023|amazing play x2\n|\n|t:|1699691559\n|move|p1a: Great Tusk|Knock Off|p2a: Dragapult\n|-supereffective|p2a: Dragapult\n|-damage|p2a: Dragapult|19\/100\n|-enditem|p2a: Dragapult|Light Clay|[from] move: Knock Off|[of] p1a: Great Tusk\n|move|p2a: Dragapult|Reflect|p2a: Dragapult\n|-sidestart|p2: jdrick|Reflect\n|\n|upkeep\n|turn|21\n|\n|t:|1699691589\n|switch|p2a: Sneasler|Sneasler, M|100\/100\n|-activate|p2a: Sneasler|move: Sticky Web\n|-unboost|p2a: Sneasler|spe|1\n|move|p1a: Great Tusk|Knock Off|p2a: Sneasler\n|-resisted|p2a: Sneasler\n|-damage|p2a: Sneasler|87\/100\n|-enditem|p2a: Sneasler|Protective Pads|[from] move: Knock Off|[of] p1a: Great Tusk\n|\n|upkeep\n|turn|22\n|\n|t:|1699691616\n|move|p1a: Great Tusk|Rapid Spin|p2a: Sneasler\n|-damage|p2a: Sneasler|71\/100\n|-boost|p1a: Great Tusk|spe|1\n|move|p2a: Sneasler|Close Combat|p1a: Great Tusk\n|-supereffective|p1a: Great Tusk\n|-damage|p1a: Great Tusk|0 fnt\n|-unboost|p2a: Sneasler|def|1\n|-unboost|p2a: Sneasler|spd|1\n|faint|p1a: Great Tusk\n|-end|p1a: Great Tusk|Protosynthesis|[silent]\n|\n|upkeep\n|c|\u2606jrbt2023|I THOUGHT U WOULD FAKE OUT\n|c|\u2606jrbt2023|I THREEEEEW\n|c|\u2606jdrick|HAHAHHAHA\n|\n|t:|1699691630\n|switch|p1a: Sneasler|Sneasler, F|72\/100\n|turn|23\n|c|\u2606jdrick|SURPRISE\n|c|\u2606jrbt2023|I HATE U\n|\n|t:|1699691665\n|move|p1a: Sneasler|Swords Dance|p1a: Sneasler\n|-boost|p1a: Sneasler|atk|2\n|move|p2a: Sneasler|U-turn|p1a: Sneasler\n|-resisted|p1a: Sneasler\n|-damage|p1a: Sneasler|62\/100\n|\n|t:|1699691672\n|switch|p2a: Toxapex|Toxapex, M|100\/100|[from] U-turn\n|-activate|p2a: Toxapex|move: Sticky Web\n|-unboost|p2a: Toxapex|spe|1\n|\n|upkeep\n|turn|24\n|\n|t:|1699691679\n|move|p1a: Sneasler|Dire Claw|p2a: Toxapex\n|-resisted|p2a: Toxapex\n|-damage|p2a: Toxapex|86\/100\n|move|p2a: Toxapex|Haze|p2a: Toxapex\n|-clearallboost\n|\n|-heal|p2a: Toxapex|92\/100|[from] item: Leftovers\n|-sideend|p2: jdrick|Reflect\n|upkeep\n|turn|25\n|\n|t:|1699691689\n|switch|p1a: Alomomola|Alomomola, M, shiny|85\/100 psn\n|move|p2a: Toxapex|Surf|p1a: Alomomola\n|-resisted|p1a: Alomomola\n|-damage|p1a: Alomomola|74\/100 psn\n|\n|-heal|p2a: Toxapex|99\/100|[from] item: Leftovers\n|-damage|p1a: Alomomola|62\/100 psn|[from] psn\n|upkeep\n|turn|26\n|\n|t:|1699691700\n|switch|p2a: Dragapult|Dragapult, M|19\/100\n|-activate|p2a: Dragapult|move: Sticky Web\n|-unboost|p2a: Dragapult|spe|1\n|move|p1a: Alomomola|Wish|p1a: Alomomola\n|\n|-damage|p1a: Alomomola|50\/100 psn|[from] psn\n|upkeep\n|turn|27\n|\n|t:|1699691719\n|switch|p1a: Sneasler|Sneasler, F|62\/100\n|move|p2a: Dragapult|Light Screen|p2a: Dragapult\n|-sidestart|p2: jdrick|move: Light Screen\n|\n|-heal|p1a: Sneasler|100\/100|[from] move: Wish|[wisher] Alomomola\n|upkeep\n|turn|28\n|\n|t:|1699691729\n|move|p1a: Sneasler|Shadow Claw|p2a: Dragapult\n|-supereffective|p2a: Dragapult\n|-damage|p2a: Dragapult|0 fnt\n|faint|p2a: Dragapult\n|\n|upkeep\n|c|\u2606jdrick|NICE\n|\n|t:|1699691745\n|switch|p2a: Empoleon|Empoleon, M|100\/100\n|-activate|p2a: Empoleon|move: Sticky Web\n|-unboost|p2a: Empoleon|spe|1\n|-ability|p2a: Empoleon|Competitive|boost\n|-boost|p2a: Empoleon|spa|2\n|turn|29\n|\n|t:|1699691779\n|switch|p1a: Rillaboom|Rillaboom, F, shiny|100\/100\n|-fieldstart|move: Grassy Terrain|[from] ability: Grassy Surge|[of] p1a: Rillaboom\n|move|p2a: Empoleon|Stealth Rock|p1a: Rillaboom\n|-sidestart|p1: jrbt2023|move: Stealth Rock\n|\n|upkeep\n|turn|30\n|\n|t:|1699691796\n|switch|p2a: Toxapex|Toxapex, M|100\/100\n|-activate|p2a: Toxapex|move: Sticky Web\n|-unboost|p2a: Toxapex|spe|1\n|move|p1a: Rillaboom|Drum Beating|p2a: Toxapex\n|-damage|p2a: Toxapex|69\/100\n|-unboost|p2a: Toxapex|spe|1\n|\n|-heal|p2a: Toxapex|75\/100|[from] Grassy Terrain\n|-heal|p2a: Toxapex|81\/100|[from] item: Leftovers\n|upkeep\n|turn|31\n|\n|t:|1699691811\n|switch|p1a: Dragapult|Dragapult, F, shiny|100\/100\n|-damage|p1a: Dragapult|88\/100|[from] Stealth Rock\n|move|p2a: Toxapex|Toxic|p1a: Dragapult\n|-status|p1a: Dragapult|tox\n|\n|-heal|p1a: Dragapult|94\/100 tox|[from] Grassy Terrain\n|-heal|p2a: Toxapex|88\/100|[from] Grassy Terrain\n|-heal|p2a: Toxapex|94\/100|[from] item: Leftovers\n|-damage|p1a: Dragapult|88\/100 tox|[from] psn\n|-sideend|p2: jdrick|move: Light Screen\n|upkeep\n|turn|32\n|\n|t:|1699691827\n|move|p1a: Dragapult|Draco Meteor|p2a: Toxapex\n|-damage|p2a: Toxapex|23\/100\n|-unboost|p1a: Dragapult|spa|2\n|move|p2a: Toxapex|Haze|p2a: Toxapex\n|-clearallboost\n|\n|-heal|p1a: Dragapult|94\/100 tox|[from] Grassy Terrain\n|-heal|p2a: Toxapex|29\/100|[from] Grassy Terrain\n|-heal|p2a: Toxapex|35\/100|[from] item: Leftovers\n|-damage|p1a: Dragapult|82\/100 tox|[from] psn\n|upkeep\n|turn|33\n|c|\u2606jdrick|DAMN\n|\n|t:|1699691839\n|move|p1a: Dragapult|Draco Meteor|p2a: Toxapex\n|-damage|p2a: Toxapex|0 fnt\n|-unboost|p1a: Dragapult|spa|2\n|faint|p2a: Toxapex\n|\n|-heal|p1a: Dragapult|88\/100 tox|[from] Grassy Terrain\n|-damage|p1a: Dragapult|70\/100 tox|[from] psn\n|upkeep\n|\n|t:|1699691848\n|switch|p2a: Clefable|Clefable, M|77\/100\n|-activate|p2a: Clefable|move: Sticky Web\n|-unboost|p2a: Clefable|spe|1\n|turn|34\n|c|\u2606jrbt2023|DAMN (2)\n|\n|t:|1699691888\n|switch|p1a: Ribombee|Ribombee, M, shiny|100\/100\n|-damage|p1a: Ribombee|76\/100|[from] Stealth Rock\n|move|p2a: Clefable|Moonblast|p1a: Ribombee\n|-damage|p1a: Ribombee|22\/100\n|\n|-heal|p1a: Ribombee|28\/100|[from] Grassy Terrain\n|-heal|p2a: Clefable|83\/100|[from] Grassy Terrain\n|upkeep\n|turn|35\n|\n|t:|1699691902\n|move|p1a: Ribombee|Stun Spore|p2a: Clefable|[miss]\n|-miss|p1a: Ribombee|p2a: Clefable\n|move|p2a: Clefable|Moonblast|p1a: Ribombee\n|-damage|p1a: Ribombee|0 fnt\n|faint|p1a: Ribombee\n|\n|-heal|p2a: Clefable|89\/100|[from] Grassy Terrain\n|upkeep\n|c|\u2606jdrick|that was scary\n|c|\u2606jrbt2023|unfortunate\n|\n|t:|1699691928\n|switch|p1a: Alomomola|Alomomola, M, shiny|83\/100 psn\n|-damage|p1a: Alomomola|71\/100 psn|[from] Stealth Rock\n|turn|36\n|c|\u2606jdrick|ngl my heart almost skipped a beat\n|c|\u2606jdrick|GOD\n|\n|t:|1699691940\n|move|p1a: Alomomola|Scald|p2a: Clefable\n|-damage|p2a: Clefable|78\/100\n|-status|p2a: Clefable|brn\n|move|p2a: Clefable|Wish|p2a: Clefable\n|\n|-heal|p1a: Alomomola|77\/100 psn|[from] Grassy Terrain\n|-heal|p2a: Clefable|84\/100 brn|[from] Grassy Terrain\n|-damage|p1a: Alomomola|64\/100 psn|[from] psn\n|-fieldend|move: Grassy Terrain\n|upkeep\n|turn|37\n|\n|t:|1699691948\n|switch|p2a: Sneasler|Sneasler, M|71\/100\n|-activate|p2a: Sneasler|move: Sticky Web\n|-unboost|p2a: Sneasler|spe|1\n|move|p1a: Alomomola|Wish|p1a: Alomomola\n|\n|-heal|p2a: Sneasler|100\/100|[from] move: Wish|[wisher] Clefable\n|-damage|p1a: Alomomola|52\/100 psn|[from] psn\n|upkeep\n|turn|38\n|\n|t:|1699691962\n|switch|p1a: Dragapult|Dragapult, F, shiny|70\/100 tox\n|-damage|p1a: Dragapult|58\/100 tox|[from] Stealth Rock\n|move|p2a: Sneasler|Dire Claw|p1a: Dragapult\n|-resisted|p1a: Dragapult\n|-damage|p1a: Dragapult|32\/100 tox\n|\n|-heal|p1a: Dragapult|100\/100 tox|[from] move: Wish|[wisher] Alomomola\n|-damage|p1a: Dragapult|95\/100 tox|[from] psn\n|upkeep\n|turn|39\n|\n|t:|1699691985\n|switch|p2a: Clefable|Clefable, M|84\/100 brn\n|-activate|p2a: Clefable|move: Sticky Web\n|-unboost|p2a: Clefable|spe|1\n|move|p1a: Dragapult|Draco Meteor|p2a: Clefable\n|-immune|p2a: Clefable\n|\n|-damage|p1a: Dragapult|83\/100 tox|[from] psn\n|upkeep\n|turn|40\n|\n|t:|1699692001\n|switch|p1a: Alomomola|Alomomola, M, shiny|85\/100 psn\n|-damage|p1a: Alomomola|73\/100 psn|[from] Stealth Rock\n|move|p2a: Clefable|Moonblast|p1a: Alomomola\n|-damage|p1a: Alomomola|38\/100 psn\n|-unboost|p1a: Alomomola|spa|1\n|\n|-damage|p1a: Alomomola|25\/100 psn|[from] psn\n|upkeep\n|turn|41\n|\n|t:|1699692010\n|move|p1a: Alomomola|Wish|p1a: Alomomola\n|move|p2a: Clefable|Moonblast|p1a: Alomomola\n|-damage|p1a: Alomomola|0 fnt\n|faint|p1a: Alomomola\n|\n|upkeep\n|c|\u2606jrbt2023|oh no\n|\n|t:|1699692022\n|switch|p1a: Rillaboom|Rillaboom, F, shiny|100\/100\n|-damage|p1a: Rillaboom|88\/100|[from] Stealth Rock\n|-fieldstart|move: Grassy Terrain|[from] ability: Grassy Surge|[of] p1a: Rillaboom\n|turn|42\n|c|\u2606jdrick|we are in the endgame\n|c|\u2606jrbt2023|HAHHHA YES WE R\n|\n|t:|1699692040\n|move|p2a: Clefable|Protect|p2a: Clefable\n|-singleturn|p2a: Clefable|Protect\n|move|p1a: Rillaboom|U-turn|p2a: Clefable\n|-activate|p2a: Clefable|move: Protect\n|\n|-heal|p1a: Rillaboom|100\/100|[from] move: Wish|[wisher] Alomomola\n|-heal|p2a: Clefable|90\/100 brn|[from] Grassy Terrain\n|upkeep\n|turn|43\n|\n|t:|1699692056\n|move|p1a: Rillaboom|U-turn|p2a: Clefable\n|-resisted|p2a: Clefable\n|-damage|p2a: Clefable|81\/100 brn\n|c|\u2606jrbt2023|i keep throwing\n|\n|t:|1699692062\n|switch|p1a: Sneasler|Sneasler, F|100\/100|[from] U-turn\n|-damage|p1a: Sneasler|95\/100|[from] Stealth Rock\n|-enditem|p1a: Sneasler|Grassy Seed\n|-boost|p1a: Sneasler|def|1|[from] item: Grassy Seed\n|move|p2a: Clefable|Moonblast|p1a: Sneasler\n|-damage|p1a: Sneasler|50\/100\n|-unboost|p1a: Sneasler|spa|1\n|\n|-heal|p1a: Sneasler|56\/100|[from] Grassy Terrain\n|-heal|p2a: Clefable|87\/100 brn|[from] Grassy Terrain\n|upkeep\n|turn|44\n|\n|t:|1699692077\n|move|p1a: Sneasler|Dire Claw|p2a: Clefable\n|-supereffective|p2a: Clefable\n|-damage|p2a: Clefable|18\/100 brn\n|move|p2a: Clefable|Moonblast|p1a: Sneasler\n|-damage|p1a: Sneasler|12\/100\n|-unboost|p1a: Sneasler|spa|1\n|\n|-heal|p1a: Sneasler|18\/100|[from] Grassy Terrain\n|-heal|p2a: Clefable|24\/100 brn|[from] Grassy Terrain\n|upkeep\n|turn|45\n|\n|t:|1699692088\n|move|p2a: Clefable|Protect|p2a: Clefable\n|-singleturn|p2a: Clefable|Protect\n|move|p1a: Sneasler|Dire Claw|p2a: Clefable\n|-activate|p2a: Clefable|move: Protect\n|\n|-heal|p1a: Sneasler|24\/100|[from] Grassy Terrain\n|-heal|p2a: Clefable|30\/100 brn|[from] Grassy Terrain\n|upkeep\n|turn|46\n|\n|t:|1699692108\n|move|p1a: Sneasler|Dire Claw|p2a: Clefable\n|-supereffective|p2a: Clefable\n|-damage|p2a: Clefable|0 fnt\n|faint|p2a: Clefable\n|\n|-heal|p1a: Sneasler|30\/100|[from] Grassy Terrain\n|upkeep\n|\n|t:|1699692112\n|switch|p2a: Empoleon|Empoleon, M|100\/100\n|-activate|p2a: Empoleon|move: Sticky Web\n|-unboost|p2a: Empoleon|spe|1\n|-ability|p2a: Empoleon|Competitive|boost\n|-boost|p2a: Empoleon|spa|2\n|turn|47\n|\n|t:|1699692119\n|move|p1a: Sneasler|Close Combat|p2a: Empoleon\n|-supereffective|p2a: Empoleon\n|-damage|p2a: Empoleon|0 fnt\n|-unboost|p1a: Sneasler|def|1\n|-unboost|p1a: Sneasler|spd|1\n|faint|p2a: Empoleon\n|\n|-heal|p1a: Sneasler|36\/100|[from] Grassy Terrain\n|upkeep\n|\n|t:|1699692123\n|switch|p2a: Sneasler|Sneasler, M|100\/100\n|-activate|p2a: Sneasler|move: Sticky Web\n|-unboost|p2a: Sneasler|spe|1\n|turn|48\n|\n|t:|1699692170\n|move|p1a: Sneasler|Close Combat|p2a: Sneasler\n|-resisted|p2a: Sneasler\n|-damage|p2a: Sneasler|43\/100\n|-unboost|p1a: Sneasler|def|1\n|-unboost|p1a: Sneasler|spd|1\n|move|p2a: Sneasler|Close Combat|p1a: Sneasler\n|-resisted|p1a: Sneasler\n|-damage|p1a: Sneasler|0 fnt\n|-unboost|p2a: Sneasler|def|1\n|-unboost|p2a: Sneasler|spd|1\n|faint|p1a: Sneasler\n|\n|-heal|p2a: Sneasler|49\/100|[from] Grassy Terrain\n|upkeep\n|\n|t:|1699692179\n|switch|p1a: Dragapult|Dragapult, F, shiny|83\/100 tox\n|-damage|p1a: Dragapult|70\/100 tox|[from] Stealth Rock\n|turn|49\n|\n|t:|1699692200\n|switch|p2a: Kingambit|Kingambit, M|95\/100\n|-activate|p2a: Kingambit|move: Sticky Web\n|-unboost|p2a: Kingambit|spe|1\n|-activate|p2a: Kingambit|ability: Supreme Overlord\n|-start|p2a: Kingambit|fallen4|[silent]\n|move|p1a: Dragapult|Shadow Ball|p2a: Kingambit\n|-resisted|p2a: Kingambit\n|-damage|p2a: Kingambit|69\/100\n|\n|-heal|p1a: Dragapult|76\/100 tox|[from] Grassy Terrain\n|-heal|p2a: Kingambit|75\/100|[from] Grassy Terrain\n|-heal|p2a: Kingambit|81\/100|[from] item: Leftovers\n|-damage|p1a: Dragapult|70\/100 tox|[from] psn\n|-fieldend|move: Grassy Terrain\n|upkeep\n|turn|50\n|\n|t:|1699692216\n|switch|p1a: Rillaboom|Rillaboom, F, shiny|100\/100\n|-damage|p1a: Rillaboom|88\/100|[from] Stealth Rock\n|-fieldstart|move: Grassy Terrain|[from] ability: Grassy Surge|[of] p1a: Rillaboom\n|move|p2a: Kingambit|Sucker Punch||[still]\n|-fail|p2a: Kingambit\n|\n|-heal|p1a: Rillaboom|94\/100|[from] Grassy Terrain\n|-heal|p2a: Kingambit|87\/100|[from] Grassy Terrain\n|-heal|p2a: Kingambit|94\/100|[from] item: Leftovers\n|upkeep\n|turn|51\n|\n|t:|1699692231\n|switch|p1a: Dragapult|Dragapult, F, shiny|70\/100 tox\n|-damage|p1a: Dragapult|58\/100 tox|[from] Stealth Rock\n|move|p2a: Kingambit|Sucker Punch||[still]\n|-fail|p2a: Kingambit\n|\n|-heal|p1a: Dragapult|64\/100 tox|[from] Grassy Terrain\n|-heal|p2a: Kingambit|99\/100|[from] Grassy Terrain\n|-heal|p2a: Kingambit|100\/100|[from] item: Leftovers\n|-damage|p1a: Dragapult|58\/100 tox|[from] psn\n|upkeep\n|turn|52\n|c|\u2606jrbt2023|HMM\n|c|\u2606jdrick|HMM\n|\n|t:|1699692250\n|switch|p1a: Rillaboom|Rillaboom, F, shiny|94\/100\n|-damage|p1a: Rillaboom|82\/100|[from] Stealth Rock\n|move|p2a: Kingambit|Kowtow Cleave|p1a: Rillaboom\n|-damage|p1a: Rillaboom|11\/100\n|\n|-heal|p1a: Rillaboom|17\/100|[from] Grassy Terrain\n|upkeep\n|turn|53\n|\n|t:|1699692259\n|move|p2a: Kingambit|Sucker Punch|p1a: Rillaboom\n|-damage|p1a: Rillaboom|0 fnt\n|faint|p1a: Rillaboom\n|\n|upkeep\n|c|\u2606jrbt2023|AAHHHHHHHHH\n|c|\u2606jrbt2023|READ LIKE A BOOK\n|c|\u2606jdrick|HAHAHHAHAHA\n|\n|t:|1699692270\n|switch|p1a: Dragapult|Dragapult, F, shiny|58\/100 tox\n|-damage|p1a: Dragapult|46\/100 tox|[from] Stealth Rock\n|turn|54\n|\n|t:|1699692275\n|move|p1a: Dragapult|Flamethrower|p2a: Kingambit\n|-supereffective|p2a: Kingambit\n|-damage|p2a: Kingambit|15\/100\n|move|p2a: Kingambit|Kowtow Cleave|p1a: Dragapult\n|-supereffective|p1a: Dragapult\n|-damage|p1a: Dragapult|0 fnt\n|faint|p1a: Dragapult\n|\n|win|jdrick\n|c|\u2606jrbt2023|well played brother\n|c|\u2606jdrick|well played brother (2)\n|c|\u2606jrbt2023|u know what i hate\n|c|\u2606jdrick|I knew I couldn't make risky plays\n|c|\u2606jrbt2023|u dont need the tera\n|c|\u2606jrbt2023|HAHHAAHAHAHAHAHAHA\n|c|\u2606jdrick|HAHAHAHAH\n|c|\u2606jdrick|I keep forgetting to use it\n|c|\u2606jrbt2023|I SHOULDVE GONE FOR THE DRAIN PUNCH AFTER I TYPED HMM\n|c|\u2606jrbt2023|BC U KNEW WHAT I WAS DOING\n|c|\u2606jdrick|I WAS SCARED OF THAT\n|c|\u2606jrbt2023|THE DRAIN PUNCH WOULDA DONE IT\n|c|\u2606jrbt2023|IDK WHY I DIDNT DO THAT\n|c|\u2606jrbt2023|I KNKEW YOU WERE THAT SMART\n|c|\u2606jdrick|Last game I knew you could've won\n|c|\u2606jdrick|from the drain punch\n|c|\u2606jrbt2023|BUT I ALSO THOUGHT U WOULD OUTSMART THE SMARTNESS\n|c|\u2606jdrick|that's why I reserved sneasler this time\n|c|\u2606jrbt2023|DAMN\n|c|\u2606jrbt2023|oo\n|c|\u2606jdrick|OUTSMARTING THE SMARTNESS?\n|c|\u2606jdrick|HAHAHAHAH\n|c|\u2606jrbt2023|this game mas nakakatakot yung clefairy mo tbh\n|c|\u2606jdrick|real\n|c|\u2606jrbt2023|clefable*\n|c|\u2606jrbt2023|like it was much more of a threat\n|c|\u2606jdrick|I was surprised how much moonblast did to ur sneasler\n|c|\u2606jrbt2023|it was the close combat defense drops\n|c|\u2606jdrick|I forgot na its typing cancels out the poison\n|c|\u2606jdrick|YEAH\n|c|\u2606jrbt2023|oo\n|c|\u2606jrbt2023|DARN\n|c|\u2606jrbt2023|good games man\n|c|\u2606jdrick|good games indeed man\n|c|\u2606jdrick|I am scared for a rematch\n|c|\u2606jdrick|because you'll definitely figure me out soon HAHAHAH\n|c|\u2606jdrick|BUT I AM GAME\n|c|\u2606jrbt2023|HAHAHAAHHA\n|c|\u2606jrbt2023|i think mas one-trick ponyish yung team ko tbh\n|c|\u2606jrbt2023|but sure i could go for one more\n|c|\u2606jdrick|eh same\n|c|\u2606jrbt2023|id hate to go 0-3\n|c|\u2606jrbt2023|HAHAHAHA\n|c|\u2606jdrick|you know who I'm most scared of your team\n|c|\u2606jdrick|great tusk\n|c|\u2606jrbt2023|who who\n|c|\u2606jrbt2023|yeah he keeps dying early eh\n|l|\u2606jrbt2023\n|c|\u2606jdrick|yes but that's bec I get skerd\n","uploadtime":1699692556,"views":19,"p1id":"jrbt2023","p2id":"jdrick","formatid":"gen9ou","rating":0,"private":0,"password":""}