{"id":"gen9ou-1996914385","p1":"SpasDeUzi","p2":"andres9gg6","format":"[Gen 9] OU","log":"|j|\u2606SpasDeUzi\n|j|\u203dandres9gg6\n|t:|1700744176\n|gametype|singles\n|player|p1|SpasDeUzi|101|1157\n|player|p2|andres9gg6|harlequin|1250\n|teamsize|p1|6\n|teamsize|p2|6\n|gen|9\n|tier|[Gen 9] OU\n|rated|\n|rule|Sleep Clause Mod: Limit one foe put to sleep\n|rule|Species Clause: Limit one of each Pok\u00e9mon\n|rule|OHKO Clause: OHKO moves are banned\n|rule|Evasion Items Clause: Evasion items are banned\n|rule|Evasion Moves Clause: Evasion moves are banned\n|rule|Endless Battle Clause: Forcing endless battles is banned\n|rule|HP Percentage Mod: HP is shown in percentages\n|clearpoke\n|poke|p1|Torterra, M|\n|poke|p1|Ribombee, F|\n|poke|p1|Grimmsnarl, M|\n|poke|p1|Manaphy|\n|poke|p1|Dragonite, F|\n|poke|p1|Gholdengo|\n|poke|p2|Ceruledge, M|\n|poke|p2|Torkoal, F|\n|poke|p2|Shiftry, F|\n|poke|p2|Zapdos|\n|poke|p2|Kingambit, M|\n|poke|p2|Walking Wake|\n|teampreview\n|inactive|Battle timer is ON: inactive players will automatically lose when time's up. (requested by SpasDeUzi)\n|\n|t:|1700744200\n|start\n|switch|p1a: Ribombee|Ribombee, F, shiny|100\/100\n|switch|p2a: Kingambit|Kingambit, M|100\/100\n|turn|1\n|\n|t:|1700744206\n|move|p1a: Ribombee|Stun Spore|p2a: Kingambit\n|-status|p2a: Kingambit|par\n|move|p2a: Kingambit|Iron Head|p1a: Ribombee\n|-supereffective|p1a: Ribombee\n|-enditem|p1a: Ribombee|Focus Sash\n|-damage|p1a: Ribombee|1\/100\n|-damage|p2a: Kingambit|91\/100 par|[from] item: Life Orb\n|\n|upkeep\n|turn|2\n|\n|t:|1700744210\n|move|p2a: Kingambit|Sucker Punch||[still]\n|-fail|p2a: Kingambit\n|move|p1a: Ribombee|Sticky Web|p2a: Kingambit\n|-sidestart|p2: andres9gg6|move: Sticky Web\n|\n|upkeep\n|turn|3\n|\n|t:|1700744213\n|move|p1a: Ribombee|Quiver Dance|p1a: Ribombee\n|-boost|p1a: Ribombee|spa|1\n|-boost|p1a: Ribombee|spd|1\n|-boost|p1a: Ribombee|spe|1\n|move|p2a: Kingambit|Iron Head|p1a: Ribombee\n|-supereffective|p1a: Ribombee\n|-damage|p1a: Ribombee|0 fnt\n|faint|p1a: Ribombee\n|-damage|p2a: Kingambit|81\/100 par|[from] item: Life Orb\n|\n|upkeep\n|\n|t:|1700744215\n|switch|p1a: Grimmsnarl|Grimmsnarl, M, shiny|100\/100\n|turn|4\n|\n|t:|1700744218\n|move|p1a: Grimmsnarl|Reflect|p1a: Grimmsnarl\n|-sidestart|p1: SpasDeUzi|Reflect\n|move|p2a: Kingambit|Iron Head|p1a: Grimmsnarl\n|-supereffective|p1a: Grimmsnarl\n|-damage|p1a: Grimmsnarl|22\/100\n|-damage|p2a: Kingambit|71\/100 par|[from] item: Life Orb\n|\n|upkeep\n|turn|5\n|\n|t:|1700744224\n|switch|p1a: Torterra|Torterra, M, shiny|100\/100\n|move|p2a: Kingambit|Iron Head|p1a: Torterra\n|-damage|p1a: Torterra|71\/100\n|-damage|p2a: Kingambit|61\/100 par|[from] item: Life Orb\n|\n|upkeep\n|turn|6\n|\n|t:|1700744231\n|move|p2a: Kingambit|Sucker Punch||[still]\n|-fail|p2a: Kingambit\n|move|p1a: Torterra|Shell Smash|p1a: Torterra\n|-unboost|p1a: Torterra|def|1\n|-unboost|p1a: Torterra|spd|1\n|-boost|p1a: Torterra|atk|2\n|-boost|p1a: Torterra|spa|2\n|-boost|p1a: Torterra|spe|2\n|\n|upkeep\n|turn|7\n|\n|t:|1700744237\n|move|p1a: Torterra|Headlong Rush|p2a: Kingambit\n|-supereffective|p2a: Kingambit\n|-damage|p2a: Kingambit|0 fnt\n|-unboost|p1a: Torterra|def|1\n|-unboost|p1a: Torterra|spd|1\n|faint|p2a: Kingambit\n|-end|p2a: Kingambit|fallenundefined|[silent]\n|\n|upkeep\n|\n|t:|1700744244\n|switch|p2a: Zapdos|Zapdos|100\/100\n|turn|8\n|\n|t:|1700744248\n|move|p1a: Torterra|Rock Blast|p2a: Zapdos\n|-supereffective|p2a: Zapdos\n|-damage|p2a: Zapdos|74\/100\n|-supereffective|p2a: Zapdos\n|-damage|p2a: Zapdos|46\/100\n|-supereffective|p2a: Zapdos\n|-damage|p2a: Zapdos|19\/100\n|-supereffective|p2a: Zapdos\n|-damage|p2a: Zapdos|0 fnt\n|faint|p2a: Zapdos\n|-hitcount|p2: Zapdos|4\n|\n|upkeep\n|-message|andres9gg6 forfeited.\n|\n|win|SpasDeUzi\n|raw|SpasDeUzi's rating: 1157 &rarr; <strong>1189<\/strong><br \/>(+32 for winning)\n|raw|andres9gg6's rating: 1250 &rarr; <strong>1218<\/strong><br \/>(-32 for losing)\n|l|\u203dandres9gg6\n","uploadtime":1700744257,"views":7,"p1id":"spasdeuzi","p2id":"andres9gg6","formatid":"gen9ou","rating":1189,"private":0,"password":""}