{"id":"gen9ou-1994420123","p1":"lilschtroumpf","p2":"TheNutmeg33","format":"[Gen 9] OU","log":"|j|\u2606lilschtroumpf\n|j|\u2606TheNutmeg33\n|t:|1700441909\n|gametype|singles\n|player|p1|lilschtroumpf|pryce|1533\n|player|p2|TheNutmeg33|1|1596\n|teamsize|p1|6\n|teamsize|p2|6\n|gen|9\n|tier|[Gen 9] OU\n|rated|\n|rule|Sleep Clause Mod: Limit one foe put to sleep\n|rule|Species Clause: Limit one of each Pok\u00e9mon\n|rule|OHKO Clause: OHKO moves are banned\n|rule|Evasion Items Clause: Evasion items are banned\n|rule|Evasion Moves Clause: Evasion moves are banned\n|rule|Endless Battle Clause: Forcing endless battles is banned\n|rule|HP Percentage Mod: HP is shown in percentages\n|clearpoke\n|poke|p1|Iron Treads|\n|poke|p1|Zapdos|\n|poke|p1|Dragonite, F|\n|poke|p1|Enamorus, F|\n|poke|p1|Maushold-Four|\n|poke|p1|Iron Moth|\n|poke|p2|Iron Moth|\n|poke|p2|Great Tusk|\n|poke|p2|Clodsire, F|\n|poke|p2|Ceruledge, F|\n|poke|p2|Garganacl, M|\n|poke|p2|Corviknight, M|\n|teampreview\n|inactive|Battle timer is ON: inactive players will automatically lose when time's up. (requested by lilschtroumpf)\n|j| No Bithes?????\n|\n|t:|1700441938\n|start\n|switch|p1a: Zapdos|Zapdos|100\/100\n|switch|p2a: Garganacl|Garganacl, M, shiny|100\/100\n|turn|1\n|\n|t:|1700441946\n|move|p2a: Garganacl|Protect|p2a: Garganacl\n|-singleturn|p2a: Garganacl|Protect\n|move|p1a: Zapdos|Volt Switch|p2a: Garganacl\n|-activate|p2a: Garganacl|move: Protect\n|\n|upkeep\n|turn|2\n|\n|t:|1700441952\n|move|p1a: Zapdos|Volt Switch|p2a: Garganacl\n|-damage|p2a: Garganacl|76\/100\n|\n|t:|1700441962\n|switch|p1a: Iron Treads|Iron Treads|100\/100|[from] Volt Switch\n|move|p2a: Garganacl|Salt Cure|p1a: Iron Treads\n|-resisted|p1a: Iron Treads\n|-damage|p1a: Iron Treads|98\/100\n|-start|p1a: Iron Treads|Salt Cure\n|\n|-heal|p2a: Garganacl|82\/100|[from] item: Leftovers\n|-damage|p1a: Iron Treads|73\/100|[from] Salt Cure\n|upkeep\n|turn|3\n|\n|t:|1700441972\n|move|p2a: Garganacl|Protect|p2a: Garganacl\n|-singleturn|p2a: Garganacl|Protect\n|move|p1a: Iron Treads|Stealth Rock|p2a: Garganacl\n|-sidestart|p2: TheNutmeg33|move: Stealth Rock\n|\n|-heal|p2a: Garganacl|88\/100|[from] item: Leftovers\n|-damage|p1a: Iron Treads|48\/100|[from] Salt Cure\n|upkeep\n|turn|4\n|\n|t:|1700441985\n|switch|p2a: Corviknight|Corviknight, M, shiny|100\/100\n|-damage|p2a: Corviknight|88\/100|[from] Stealth Rock\n|-ability|p2a: Corviknight|Pressure\n|move|p1a: Iron Treads|Knock Off|p2a: Corviknight\n|-damage|p2a: Corviknight|73\/100\n|-damage|p1a: Iron Treads|31\/100|[from] item: Rocky Helmet|[of] p2a: Corviknight\n|-enditem|p2a: Corviknight|Rocky Helmet|[from] move: Knock Off|[of] p1a: Iron Treads\n|\n|-damage|p1a: Iron Treads|6\/100|[from] Salt Cure\n|upkeep\n|turn|5\n|\n|t:|1700441993\n|move|p1a: Iron Treads|Knock Off|p2a: Corviknight\n|-damage|p2a: Corviknight|63\/100\n|move|p2a: Corviknight|Defog|p1a: Iron Treads\n|-unboost|p1a: Iron Treads|evasion|1\n|-sideend|p2: TheNutmeg33|Stealth Rock|[from] move: Defog|[of] p2a: Corviknight\n|\n|-damage|p1a: Iron Treads|0 fnt|[from] Salt Cure\n|faint|p1a: Iron Treads\n|-end|p1a: Iron Treads|Quark Drive|[silent]\n|upkeep\n|\n|t:|1700442004\n|switch|p1a: Enamorus|Enamorus, F|100\/100\n|turn|6\n|\n|t:|1700442028\n|move|p1a: Enamorus|Mystical Fire|p2a: Corviknight\n|-supereffective|p2a: Corviknight\n|-damage|p2a: Corviknight|0 fnt\n|faint|p2a: Corviknight\n|\n|upkeep\n|\n|t:|1700442031\n|switch|p2a: Garganacl|Garganacl, M, shiny|88\/100\n|turn|7\n|inactive|lilschtroumpf has 120 seconds left.\n|\n|t:|1700442070\n|switch|p1a: Maushold|Maushold-Four|100\/100\n|-terastallize|p2a: Garganacl|Ghost\n|move|p2a: Garganacl|Salt Cure|p1a: Maushold\n|-crit|p1a: Maushold\n|-damage|p1a: Maushold|66\/100\n|-start|p1a: Maushold|Salt Cure\n|\n|-heal|p2a: Garganacl|94\/100|[from] item: Leftovers\n|-damage|p1a: Maushold|54\/100|[from] Salt Cure\n|upkeep\n|turn|8\n|inactive|lilschtroumpf has 120 seconds left.\n|\n|t:|1700442082\n|move|p1a: Maushold|Tidy Up|p1a: Maushold\n|-boost|p1a: Maushold|atk|1\n|-boost|p1a: Maushold|spe|1\n|move|p2a: Garganacl|Salt Cure|p1a: Maushold\n|-damage|p1a: Maushold|32\/100\n|\n|-heal|p2a: Garganacl|100\/100|[from] item: Leftovers\n|-damage|p1a: Maushold|19\/100|[from] Salt Cure\n|upkeep\n|turn|9\n|\n|t:|1700442086\n|move|p2a: Garganacl|Protect|p2a: Garganacl\n|-singleturn|p2a: Garganacl|Protect\n|move|p1a: Maushold|Bite|p2a: Garganacl\n|-activate|p2a: Garganacl|move: Protect\n|\n|-damage|p1a: Maushold|7\/100|[from] Salt Cure\n|upkeep\n|turn|10\n|\n|t:|1700442090\n|move|p1a: Maushold|Bite|p2a: Garganacl\n|-supereffective|p2a: Garganacl\n|-damage|p2a: Garganacl|63\/100\n|move|p2a: Garganacl|Recover|p2a: Garganacl\n|-heal|p2a: Garganacl|100\/100\n|\n|-damage|p1a: Maushold|0 fnt|[from] Salt Cure\n|faint|p1a: Maushold\n|upkeep\n|\n|t:|1700442098\n|switch|p1a: Enamorus|Enamorus, F|100\/100\n|turn|11\n|\n|t:|1700442100\n|move|p1a: Enamorus|Moonblast|p2a: Garganacl\n|-damage|p2a: Garganacl|38\/100\n|move|p2a: Garganacl|Salt Cure|p1a: Enamorus\n|-supereffective|p1a: Enamorus\n|-damage|p1a: Enamorus|56\/100\n|-start|p1a: Enamorus|Salt Cure\n|\n|-heal|p2a: Garganacl|44\/100|[from] item: Leftovers\n|-damage|p1a: Enamorus|44\/100|[from] Salt Cure\n|upkeep\n|turn|12\n|\n|t:|1700442107\n|move|p2a: Garganacl|Protect|p2a: Garganacl\n|-singleturn|p2a: Garganacl|Protect\n|move|p1a: Enamorus|Moonblast|p2a: Garganacl\n|-activate|p2a: Garganacl|move: Protect\n|\n|-heal|p2a: Garganacl|50\/100|[from] item: Leftovers\n|-damage|p1a: Enamorus|31\/100|[from] Salt Cure\n|upkeep\n|turn|13\n|\n|t:|1700442110\n|switch|p2a: Clodsire|Clodsire, F, shiny|100\/100\n|move|p1a: Enamorus|Moonblast|p2a: Clodsire\n|-resisted|p2a: Clodsire\n|-damage|p2a: Clodsire|81\/100\n|\n|-heal|p2a: Clodsire|87\/100|[from] item: Black Sludge\n|-damage|p1a: Enamorus|19\/100|[from] Salt Cure\n|upkeep\n|turn|14\n|\n|t:|1700442114\n|switch|p1a: Dragonite|Dragonite, F, shiny|100\/100\n|move|p2a: Clodsire|Toxic|p1a: Dragonite\n|-status|p1a: Dragonite|tox\n|\n|-heal|p2a: Clodsire|93\/100|[from] item: Black Sludge\n|-damage|p1a: Dragonite|94\/100 tox|[from] psn\n|upkeep\n|turn|15\n|-message|lilschtroumpf forfeited.\n|\n|win|TheNutmeg33\n|raw|lilschtroumpf's rating: 1533 &rarr; <strong>1517<\/strong><br \/>(-16 for losing)\n|raw|TheNutmeg33's rating: 1596 &rarr; <strong>1612<\/strong><br \/>(+16 for winning)\n|l|\u2606lilschtroumpf\n|l| No Bithes?????\n","uploadtime":1700442160,"views":26,"p1id":"lilschtroumpf","p2id":"thenutmeg33","formatid":"gen9ou","rating":1517,"private":0,"password":""}