{"id":"gen9ou-1997661958","p1":"voyeur35","p2":"thunderdog_32","format":"[Gen 9] OU","log":"|j|\u2606voyeur35\n|j|\u2606thunderdog_32\n|t:|1700838954\n|gametype|singles\n|player|p1|voyeur35|iris-gen5bw2|1381\n|player|p2|thunderdog_32|266|1296\n|teamsize|p1|6\n|teamsize|p2|6\n|gen|9\n|tier|[Gen 9] OU\n|rated|\n|rule|Sleep Clause Mod: Limit one foe put to sleep\n|rule|Species Clause: Limit one of each Pok\u00e9mon\n|rule|OHKO Clause: OHKO moves are banned\n|rule|Evasion Items Clause: Evasion items are banned\n|rule|Evasion Moves Clause: Evasion moves are banned\n|rule|Endless Battle Clause: Forcing endless battles is banned\n|rule|HP Percentage Mod: HP is shown in percentages\n|clearpoke\n|poke|p1|Maushold|\n|poke|p1|Samurott-Hisui, M|\n|poke|p1|Kingambit, M|\n|poke|p1|Garganacl, M|\n|poke|p1|Amoonguss, M|\n|poke|p1|Weavile, F|\n|poke|p2|Landorus-Therian, M|\n|poke|p2|Heatran, M|\n|poke|p2|Ogerpon-Wellspring, F|\n|poke|p2|Zapdos|\n|poke|p2|Dragapult, M|\n|poke|p2|Ribombee, M|\n|teampreview\n|inactive|Battle timer is ON: inactive players will automatically lose when time's up. (requested by thunderdog_32)\n|\n|t:|1700838970\n|start\n|switch|p1a: Maushold|Maushold|100\/100\n|switch|p2a: Ribombee|Ribombee, M|100\/100\n|turn|1\n|\n|t:|1700838987\n|switch|p2a: Landorus|Landorus-Therian, M|100\/100\n|-ability|p2a: Landorus|Intimidate|boost\n|-unboost|p1a: Maushold|atk|1\n|move|p1a: Maushold|Tidy Up|p1a: Maushold\n|-boost|p1a: Maushold|atk|1\n|-boost|p1a: Maushold|spe|1\n|\n|upkeep\n|turn|2\n|\n|t:|1700839000\n|move|p1a: Maushold|Population Bomb|p2a: Landorus\n|-damage|p2a: Landorus|86\/100\n|-damage|p2a: Landorus|74\/100\n|-damage|p2a: Landorus|60\/100\n|-damage|p2a: Landorus|48\/100\n|-damage|p2a: Landorus|35\/100\n|-damage|p2a: Landorus|22\/100\n|-damage|p2a: Landorus|9\/100\n|-damage|p2a: Landorus|0 fnt\n|faint|p2a: Landorus\n|-hitcount|p2: Landorus|8\n|\n|upkeep\n|\n|t:|1700839014\n|switch|p2a: Heatran|Heatran, M|100\/100\n|-item|p2a: Heatran|Air Balloon\n|turn|3\n|\n|t:|1700839019\n|switch|p1a: Garganacl|Garganacl, M|100\/100\n|move|p2a: Heatran|Flash Cannon|p1a: Garganacl\n|-supereffective|p1a: Garganacl\n|-damage|p1a: Garganacl|57\/100\n|\n|-heal|p1a: Garganacl|63\/100|[from] item: Leftovers\n|upkeep\n|turn|4\n|\n|t:|1700839036\n|move|p2a: Heatran|Flash Cannon|p1a: Garganacl\n|-supereffective|p1a: Garganacl\n|-damage|p1a: Garganacl|14\/100\n|move|p1a: Garganacl|Salt Cure|p2a: Heatran\n|-damage|p2a: Heatran|88\/100\n|-start|p2a: Heatran|Salt Cure\n|-enditem|p2a: Heatran|Air Balloon\n|\n|-heal|p1a: Garganacl|20\/100|[from] item: Leftovers\n|-damage|p2a: Heatran|63\/100|[from] Salt Cure\n|upkeep\n|turn|5\n|\n|t:|1700839052\n|switch|p1a: Samurott|Samurott-Hisui, M, shiny|100\/100\n|move|p2a: Heatran|Earth Power|p1a: Samurott\n|-damage|p1a: Samurott|63\/100\n|\n|-damage|p2a: Heatran|38\/100|[from] Salt Cure\n|upkeep\n|turn|6\n|\n|t:|1700839061\n|switch|p2a: Zapdos|Zapdos|100\/100\n|move|p1a: Samurott|Ceaseless Edge|p2a: Zapdos|[miss]\n|-miss|p1a: Samurott|p2a: Zapdos\n|\n|upkeep\n|turn|7\n|\n|t:|1700839067\n|move|p2a: Zapdos|Volt Switch|p1a: Samurott\n|-supereffective|p1a: Samurott\n|-damage|p1a: Samurott|0 fnt\n|faint|p1a: Samurott\n|\n|t:|1700839077\n|switch|p2a: Ribombee|Ribombee, M|100\/100|[from] Volt Switch\n|\n|upkeep\n|\n|t:|1700839081\n|switch|p1a: Maushold|Maushold|100\/100\n|turn|8\n|\n|t:|1700839095\n|move|p2a: Ribombee|Moonblast|p1a: Maushold\n|-damage|p1a: Maushold|44\/100\n|-unboost|p1a: Maushold|spa|1\n|move|p1a: Maushold|Tidy Up|p1a: Maushold\n|-boost|p1a: Maushold|atk|1\n|-boost|p1a: Maushold|spe|1\n|\n|upkeep\n|turn|9\n|\n|t:|1700839103\n|-terastallize|p2a: Ribombee|Ghost\n|move|p1a: Maushold|Population Bomb|p2a: Ribombee\n|-immune|p2a: Ribombee\n|move|p2a: Ribombee|Moonblast|p1a: Maushold\n|-damage|p1a: Maushold|0 fnt\n|faint|p1a: Maushold\n|\n|upkeep\n|\n|t:|1700839115\n|switch|p1a: Weavile|Weavile, F|100\/100\n|-ability|p1a: Weavile|Pressure\n|turn|10\n|\n|t:|1700839123\n|move|p1a: Weavile|Knock Off|p2a: Ribombee\n|-supereffective|p2a: Ribombee\n|-enditem|p2a: Ribombee|Focus Sash\n|-damage|p2a: Ribombee|1\/100\n|move|p2a: Ribombee|Moonblast|p1a: Weavile\n|-supereffective|p1a: Weavile\n|-damage|p1a: Weavile|0 fnt\n|faint|p1a: Weavile\n|\n|upkeep\n|-message|voyeur35 forfeited.\n|\n|win|thunderdog_32\n|raw|voyeur35's rating: 1381 &rarr; <strong>1356<\/strong><br \/>(-25 for losing)\n|raw|thunderdog_32's rating: 1296 &rarr; <strong>1327<\/strong><br \/>(+31 for winning)\n|l|\u2606voyeur35\n","uploadtime":1700839143,"views":2,"p1id":"voyeur35","p2id":"thunderdog32","formatid":"gen9ou","rating":1327,"private":0,"password":""}