{"id":"gen9ou-1993161362","p1":"atod","p2":"gcy9","format":"[Gen 9] OU","log":"|j|\u2606atod\n|j|\u2606gcy9\n|t:|1700272226\n|gametype|singles\n|player|p1|atod|norman|1392\n|player|p2|gcy9|2|1431\n|teamsize|p1|6\n|teamsize|p2|6\n|gen|9\n|tier|[Gen 9] OU\n|rated|\n|rule|Sleep Clause Mod: Limit one foe put to sleep\n|rule|Species Clause: Limit one of each Pok\u00e9mon\n|rule|OHKO Clause: OHKO moves are banned\n|rule|Evasion Items Clause: Evasion items are banned\n|rule|Evasion Moves Clause: Evasion moves are banned\n|rule|Endless Battle Clause: Forcing endless battles is banned\n|rule|HP Percentage Mod: HP is shown in percentages\n|clearpoke\n|poke|p1|Great Tusk|\n|poke|p1|Kingambit, M|\n|poke|p1|Clodsire, F|\n|poke|p1|Dragapult, F|\n|poke|p1|Gholdengo|\n|poke|p1|Maushold-Four|\n|poke|p2|Ogerpon-Cornerstone, F|\n|poke|p2|Heatran, M|\n|poke|p2|Enamorus, F|\n|poke|p2|Kingambit, F|\n|poke|p2|Great Tusk|\n|poke|p2|Toxapex, M|\n|teampreview\n|inactive|Battle timer is ON: inactive players will automatically lose when time's up. (requested by atod)\n|\n|t:|1700272246\n|start\n|switch|p1a: I Mafiosi|Maushold-Four|100\/100\n|switch|p2a: Ogerpon|Ogerpon-Cornerstone, F|100\/100\n|turn|1\n|\n|t:|1700272258\n|move|p1a: I Mafiosi|Tidy Up|p1a: I Mafiosi\n|-boost|p1a: I Mafiosi|atk|1\n|-boost|p1a: I Mafiosi|spe|1\n|move|p2a: Ogerpon|Ivy Cudgel|p1a: I Mafiosi|[anim] Ivy Cudgel Rock\n|-damage|p1a: I Mafiosi|12\/100\n|\n|upkeep\n|turn|2\n|\n|t:|1700272272\n|-terastallize|p1a: I Mafiosi|Normal\n|move|p1a: I Mafiosi|Population Bomb|p2a: Ogerpon\n|-resisted|p2a: Ogerpon\n|-damage|p2a: Ogerpon|87\/100\n|-resisted|p2a: Ogerpon\n|-damage|p2a: Ogerpon|72\/100\n|-resisted|p2a: Ogerpon\n|-damage|p2a: Ogerpon|57\/100\n|-resisted|p2a: Ogerpon\n|-damage|p2a: Ogerpon|41\/100\n|-resisted|p2a: Ogerpon\n|-damage|p2a: Ogerpon|26\/100\n|-resisted|p2a: Ogerpon\n|-damage|p2a: Ogerpon|10\/100\n|-resisted|p2a: Ogerpon\n|-damage|p2a: Ogerpon|0 fnt\n|faint|p2a: Ogerpon\n|-hitcount|p2: Ogerpon|7\n|\n|upkeep\n|\n|t:|1700272281\n|switch|p2a: Kingambit|Kingambit, F|100\/100\n|-activate|p2a: Kingambit|ability: Supreme Overlord\n|-start|p2a: Kingambit|fallen1|[silent]\n|turn|3\n|\n|t:|1700272285\n|switch|p1a: Joey \"Bats\"|Great Tusk|100\/100\n|move|p2a: Kingambit|Sucker Punch||[still]\n|-fail|p2a: Kingambit\n|\n|upkeep\n|turn|4\n|\n|t:|1700272301\n|-end|p2a: Kingambit|fallen1|[silent]\n|switch|p2a: Enamorus|Enamorus, F|100\/100\n|move|p1a: Joey \"Bats\"|Stealth Rock|p2a: Enamorus\n|-sidestart|p2: gcy9|move: Stealth Rock\n|\n|upkeep\n|turn|5\n|\n|t:|1700272305\n|-end|p1a: Joey \"Bats\"|Protosynthesis|[silent]\n|switch|p1a: Frankie \"Eyes\"|Gholdengo|100\/100\n|move|p2a: Enamorus|Moonblast|p1a: Frankie \"Eyes\"\n|-resisted|p1a: Frankie \"Eyes\"\n|-damage|p1a: Frankie \"Eyes\"|53\/100\n|\n|upkeep\n|turn|6\n|\n|t:|1700272327\n|switch|p2a: Heatran|Heatran, M|100\/100\n|-damage|p2a: Heatran|88\/100|[from] Stealth Rock\n|move|p1a: Frankie \"Eyes\"|Make It Rain|p2a: Heatran\n|-resisted|p2a: Heatran\n|-damage|p2a: Heatran|78\/100\n|-unboost|p1a: Frankie \"Eyes\"|spa|1\n|\n|-heal|p2a: Heatran|84\/100|[from] item: Leftovers\n|upkeep\n|turn|7\n|inactive|gcy9 has 120 seconds left.\n|\n|t:|1700272353\n|switch|p1a: Rocko \"Slugs\"|Clodsire, F|100\/100\n|move|p2a: Heatran|Earth Power|p1a: Rocko \"Slugs\"\n|-supereffective|p1a: Rocko \"Slugs\"\n|-damage|p1a: Rocko \"Slugs\"|62\/100\n|\n|-heal|p2a: Heatran|90\/100|[from] item: Leftovers\n|-heal|p1a: Rocko \"Slugs\"|68\/100|[from] item: Leftovers\n|upkeep\n|turn|8\n|inactive|gcy9 has 120 seconds left.\n|inactive|atod has 120 seconds left.\n|\n|t:|1700272404\n|switch|p2a: Great Tusk|Great Tusk|100\/100\n|-damage|p2a: Great Tusk|98\/100|[from] Stealth Rock\n|-enditem|p2a: Great Tusk|Booster Energy\n|-activate|p2a: Great Tusk|ability: Protosynthesis|[fromitem]\n|-start|p2a: Great Tusk|protosynthesisatk\n|move|p1a: Rocko \"Slugs\"|Earthquake|p2a: Great Tusk\n|-damage|p2a: Great Tusk|78\/100\n|\n|-heal|p1a: Rocko \"Slugs\"|75\/100|[from] item: Leftovers\n|upkeep\n|turn|9\n|inactive|gcy9 has 120 seconds left.\n|\n|t:|1700272420\n|switch|p1a: Joey \"Bats\"|Great Tusk|100\/100\n|move|p2a: Great Tusk|Knock Off|p1a: Joey \"Bats\"\n|-resisted|p1a: Joey \"Bats\"\n|-damage|p1a: Joey \"Bats\"|89\/100\n|-enditem|p1a: Joey \"Bats\"|Leftovers|[from] move: Knock Off|[of] p2a: Great Tusk\n|\n|upkeep\n|turn|10\n|\n|t:|1700272425\n|move|p2a: Great Tusk|Rapid Spin|p1a: Joey \"Bats\"\n|-damage|p1a: Joey \"Bats\"|79\/100\n|-boost|p2a: Great Tusk|spe|1\n|-sideend|p2: gcy9|Stealth Rock|[from] move: Rapid Spin|[of] p2a: Great Tusk\n|move|p1a: Joey \"Bats\"|Earthquake|p2a: Great Tusk\n|-damage|p2a: Great Tusk|44\/100\n|\n|upkeep\n|turn|11\n|inactive|gcy9 has 120 seconds left.\n|\n|t:|1700272435\n|-end|p2a: Great Tusk|Protosynthesis|[silent]\n|switch|p2a: Enamorus|Enamorus, F|100\/100\n|move|p1a: Joey \"Bats\"|Stealth Rock|p2a: Enamorus\n|-sidestart|p2: gcy9|move: Stealth Rock\n|\n|upkeep\n|turn|12\n|\n|t:|1700272440\n|-end|p1a: Joey \"Bats\"|Protosynthesis|[silent]\n|switch|p1a: Frankie \"Eyes\"|Gholdengo|53\/100\n|move|p2a: Enamorus|Earth Power|p1a: Frankie \"Eyes\"\n|-supereffective|p1a: Frankie \"Eyes\"\n|-damage|p1a: Frankie \"Eyes\"|0 fnt\n|faint|p1a: Frankie \"Eyes\"\n|\n|upkeep\n|\n|t:|1700272447\n|switch|p1a: Mario \"Money Bags\"|Kingambit, M|100\/100\n|-activate|p1a: Mario \"Money Bags\"|ability: Supreme Overlord\n|-start|p1a: Mario \"Money Bags\"|fallen1|[silent]\n|-item|p1a: Mario \"Money Bags\"|Air Balloon\n|turn|13\n|\n|t:|1700272452\n|move|p2a: Enamorus|Earth Power|p1a: Mario \"Money Bags\"\n|-immune|p1a: Mario \"Money Bags\"\n|move|p1a: Mario \"Money Bags\"|Swords Dance|p1a: Mario \"Money Bags\"\n|-boost|p1a: Mario \"Money Bags\"|atk|2\n|\n|upkeep\n|turn|14\n|\n|t:|1700272462\n|switch|p2a: Great Tusk|Great Tusk|44\/100\n|-damage|p2a: Great Tusk|41\/100|[from] Stealth Rock\n|move|p1a: Mario \"Money Bags\"|Iron Head|p2a: Great Tusk\n|-damage|p2a: Great Tusk|0 fnt\n|faint|p2a: Great Tusk\n|-end|p2a: Great Tusk|Protosynthesis|[silent]\n|\n|upkeep\n|\n|t:|1700272465\n|switch|p2a: Heatran|Heatran, M|90\/100\n|-damage|p2a: Heatran|78\/100|[from] Stealth Rock\n|turn|15\n|\n|t:|1700272471\n|move|p1a: Mario \"Money Bags\"|Sucker Punch||[still]\n|-fail|p1a: Mario \"Money Bags\"\n|move|p2a: Heatran|Will-O-Wisp|p1a: Mario \"Money Bags\"\n|-status|p1a: Mario \"Money Bags\"|brn\n|\n|-heal|p2a: Heatran|84\/100|[from] item: Leftovers\n|-damage|p1a: Mario \"Money Bags\"|94\/100 brn|[from] brn\n|upkeep\n|turn|16\n|\n|t:|1700272477\n|move|p2a: Heatran|Magma Storm|p1a: Mario \"Money Bags\"|[miss]\n|-miss|p2a: Heatran|p1a: Mario \"Money Bags\"\n|move|p1a: Mario \"Money Bags\"|Kowtow Cleave|p2a: Heatran\n|-damage|p2a: Heatran|40\/100\n|\n|-heal|p2a: Heatran|46\/100|[from] item: Leftovers\n|-damage|p1a: Mario \"Money Bags\"|88\/100 brn|[from] brn\n|upkeep\n|turn|17\n|\n|t:|1700272482\n|move|p1a: Mario \"Money Bags\"|Sucker Punch|p2a: Heatran\n|-damage|p2a: Heatran|7\/100\n|move|p2a: Heatran|Magma Storm|p1a: Mario \"Money Bags\"\n|-supereffective|p1a: Mario \"Money Bags\"\n|-damage|p1a: Mario \"Money Bags\"|4\/100 brn\n|-activate|p1a: Mario \"Money Bags\"|move: Magma Storm|[of] p2a: Heatran\n|-enditem|p1a: Mario \"Money Bags\"|Air Balloon\n|\n|-heal|p2a: Heatran|13\/100|[from] item: Leftovers\n|-damage|p1a: Mario \"Money Bags\"|0 fnt|[from] brn\n|faint|p1a: Mario \"Money Bags\"\n|-end|p1a: Mario \"Money Bags\"|fallen1|[silent]\n|upkeep\n|\n|t:|1700272488\n|switch|p1a: Carmine \"Cuts\"|Dragapult, F|100\/100\n|turn|18\n|inactive|gcy9 has 120 seconds left.\n|\n|t:|1700272530\n|switch|p2a: Toxapex|Toxapex, M|100\/100\n|-damage|p2a: Toxapex|88\/100|[from] Stealth Rock\n|move|p1a: Carmine \"Cuts\"|Shadow Ball|p2a: Toxapex\n|-damage|p2a: Toxapex|40\/100\n|\n|-heal|p2a: Toxapex|46\/100|[from] item: Leftovers\n|upkeep\n|turn|19\n|\n|t:|1700272538\n|switch|p2a: Kingambit|Kingambit, F|100\/100\n|-activate|p2a: Kingambit|ability: Supreme Overlord\n|-start|p2a: Kingambit|fallen2|[silent]\n|move|p1a: Carmine \"Cuts\"|Shadow Ball|p2a: Kingambit\n|-resisted|p2a: Kingambit\n|-damage|p2a: Kingambit|70\/100\n|\n|upkeep\n|turn|20\n|inactive|gcy9 has 120 seconds left.\n|\n|t:|1700272549\n|switch|p1a: Joey \"Bats\"|Great Tusk|79\/100\n|-end|p2a: Kingambit|fallen2|[silent]\n|switch|p2a: Enamorus|Enamorus, F|100\/100\n|-damage|p2a: Enamorus|76\/100|[from] Stealth Rock\n|\n|upkeep\n|turn|21\n|\n|t:|1700272563\n|-end|p1a: Joey \"Bats\"|Protosynthesis|[silent]\n|switch|p1a: Rocko \"Slugs\"|Clodsire, F|75\/100\n|move|p2a: Enamorus|Psychic|p1a: Rocko \"Slugs\"\n|-supereffective|p1a: Rocko \"Slugs\"\n|-crit|p1a: Rocko \"Slugs\"\n|-damage|p1a: Rocko \"Slugs\"|0 fnt\n|faint|p1a: Rocko \"Slugs\"\n|\n|upkeep\n|\n|t:|1700272567\n|switch|p1a: Carmine \"Cuts\"|Dragapult, F|100\/100\n|turn|22\n|\n|t:|1700272572\n|switch|p2a: Heatran|Heatran, M|13\/100\n|-damage|p2a: Heatran|1\/100|[from] Stealth Rock\n|move|p1a: Carmine \"Cuts\"|U-turn|p2a: Heatran\n|-resisted|p2a: Heatran\n|-damage|p2a: Heatran|0 fnt\n|faint|p2a: Heatran\n|\n|t:|1700272578\n|switch|p1a: Joey \"Bats\"|Great Tusk|79\/100|[from] U-turn\n|\n|upkeep\n|\n|t:|1700272582\n|switch|p2a: Enamorus|Enamorus, F|76\/100\n|-damage|p2a: Enamorus|51\/100|[from] Stealth Rock\n|turn|23\n|\n|t:|1700272586\n|move|p2a: Enamorus|Moonblast|p1a: Joey \"Bats\"\n|-supereffective|p1a: Joey \"Bats\"\n|-damage|p1a: Joey \"Bats\"|0 fnt\n|faint|p1a: Joey \"Bats\"\n|-end|p1a: Joey \"Bats\"|Protosynthesis|[silent]\n|\n|upkeep\n|\n|t:|1700272590\n|switch|p1a: Carmine \"Cuts\"|Dragapult, F|100\/100\n|turn|24\n|inactive|gcy9 has 120 seconds left.\n|\n|t:|1700272640\n|switch|p2a: Toxapex|Toxapex, M|79\/100\n|-damage|p2a: Toxapex|67\/100|[from] Stealth Rock\n|move|p1a: Carmine \"Cuts\"|Flamethrower|p2a: Toxapex\n|-resisted|p2a: Toxapex\n|-damage|p2a: Toxapex|50\/100\n|\n|-heal|p2a: Toxapex|56\/100|[from] item: Leftovers\n|upkeep\n|turn|25\n|\n|t:|1700272650\n|switch|p1a: I Mafiosi|Maushold-Four, tera:Normal|12\/100\n|move|p2a: Toxapex|Recover|p2a: Toxapex\n|-heal|p2a: Toxapex|100\/100\n|\n|upkeep\n|turn|26\n|\n|t:|1700272658\n|move|p1a: I Mafiosi|Population Bomb|p2a: Toxapex\n|-damage|p2a: Toxapex|91\/100\n|-damage|p2a: Toxapex|81\/100\n|-damage|p2a: Toxapex|72\/100\n|-damage|p2a: Toxapex|63\/100\n|-damage|p2a: Toxapex|54\/100\n|-damage|p2a: Toxapex|46\/100\n|-damage|p2a: Toxapex|36\/100\n|-damage|p2a: Toxapex|26\/100\n|-damage|p2a: Toxapex|18\/100\n|-damage|p2a: Toxapex|8\/100\n|-hitcount|p2a: Toxapex|10\n|move|p2a: Toxapex|Surf|p1a: I Mafiosi\n|-damage|p1a: I Mafiosi|0 fnt\n|faint|p1a: I Mafiosi\n|\n|-heal|p2a: Toxapex|14\/100|[from] item: Leftovers\n|upkeep\n|\n|t:|1700272666\n|switch|p1a: Carmine \"Cuts\"|Dragapult, F|100\/100\n|turn|27\n|\n|t:|1700272676\n|move|p1a: Carmine \"Cuts\"|Flamethrower|p2a: Toxapex\n|-resisted|p2a: Toxapex\n|-damage|p2a: Toxapex|0 fnt\n|faint|p2a: Toxapex\n|\n|upkeep\n|\n|t:|1700272683\n|switch|p2a: Kingambit|Kingambit, F|70\/100\n|-activate|p2a: Kingambit|ability: Supreme Overlord\n|-start|p2a: Kingambit|fallen4|[silent]\n|turn|28\n|\n|t:|1700272689\n|move|p2a: Kingambit|Sucker Punch|p1a: Carmine \"Cuts\"\n|-supereffective|p1a: Carmine \"Cuts\"\n|-damage|p1a: Carmine \"Cuts\"|0 fnt\n|faint|p1a: Carmine \"Cuts\"\n|\n|win|gcy9\n|raw|atod's rating: 1392 &rarr; <strong>1374<\/strong><br \/>(-18 for losing)\n|raw|gcy9's rating: 1431 &rarr; <strong>1449<\/strong><br \/>(+18 for winning)\n|l|\u2606atod\n","uploadtime":1700272701,"views":16,"p1id":"atod","p2id":"gcy9","formatid":"gen9ou","rating":1374,"private":0,"password":""}