{"id":"gen9ou-1994533959","p1":"rydito","p2":"CJCOMIX","format":"[Gen 9] OU","log":"|j|\u2606rydito\n|j|\u2606CJCOMIX\n|t:|1700455789\n|gametype|singles\n|player|p1|rydito|2|1429\n|player|p2|CJCOMIX|ingo|1488\n|teamsize|p1|6\n|teamsize|p2|6\n|gen|9\n|tier|[Gen 9] OU\n|rated|\n|rule|Sleep Clause Mod: Limit one foe put to sleep\n|rule|Species Clause: Limit one of each Pok\u00e9mon\n|rule|OHKO Clause: OHKO moves are banned\n|rule|Evasion Items Clause: Evasion items are banned\n|rule|Evasion Moves Clause: Evasion moves are banned\n|rule|Endless Battle Clause: Forcing endless battles is banned\n|rule|HP Percentage Mod: HP is shown in percentages\n|clearpoke\n|poke|p1|Hippowdon, F|\n|poke|p1|Ogerpon-Cornerstone, F|\n|poke|p1|Gastrodon-East, M|\n|poke|p1|Grimmsnarl, M|\n|poke|p1|Kingambit, F|\n|poke|p1|Hawlucha, F|\n|poke|p2|Greninja-*, M|\n|poke|p2|Thundurus-Therian, M|\n|poke|p2|Torkoal, M|\n|poke|p2|Great Tusk|\n|poke|p2|Breloom, F|\n|poke|p2|Ceruledge, F|\n|teampreview\n|\n|t:|1700455801\n|start\n|switch|p1a: Hawlucha|Hawlucha, F|100\/100\n|switch|p2a: Go to sleep bro|Breloom, F|100\/100\n|turn|1\n|inactive|Battle timer is ON: inactive players will automatically lose when time's up. (requested by CJCOMIX)\n|\n|t:|1700455805\n|switch|p2a: Devious divinity|Thundurus-Therian, M|100\/100\n|move|p1a: Hawlucha|Acrobatics|p2a: Devious divinity\n|-resisted|p2a: Devious divinity\n|-damage|p2a: Devious divinity|84\/100\n|\n|-heal|p2a: Devious divinity|90\/100|[from] item: Leftovers\n|upkeep\n|turn|2\n|\n|t:|1700455816\n|switch|p1a: Hippowdon|Hippowdon, F|100\/100\n|-weather|Sandstorm|[from] ability: Sand Stream|[of] p1a: Hippowdon\n|move|p2a: Devious divinity|Substitute|p2a: Devious divinity\n|-start|p2a: Devious divinity|Substitute\n|-damage|p2a: Devious divinity|66\/100\n|\n|-weather|Sandstorm|[upkeep]\n|-damage|p2a: Devious divinity|60\/100|[from] Sandstorm\n|-heal|p2a: Devious divinity|66\/100|[from] item: Leftovers\n|upkeep\n|turn|3\n|\n|t:|1700455827\n|switch|p1a: Kingambit|Kingambit, F|100\/100\n|move|p2a: Devious divinity|Nasty Plot|p2a: Devious divinity\n|-boost|p2a: Devious divinity|spa|2\n|\n|-weather|Sandstorm|[upkeep]\n|-damage|p2a: Devious divinity|60\/100|[from] Sandstorm\n|-heal|p2a: Devious divinity|66\/100|[from] item: Leftovers\n|upkeep\n|turn|4\n|\n|t:|1700455832\n|move|p2a: Devious divinity|Thunderbolt|p1a: Kingambit\n|-damage|p1a: Kingambit|0 fnt\n|faint|p1a: Kingambit\n|-end|p1a: Kingambit|fallenundefined|[silent]\n|\n|-weather|Sandstorm|[upkeep]\n|-damage|p2a: Devious divinity|60\/100|[from] Sandstorm\n|-heal|p2a: Devious divinity|66\/100|[from] item: Leftovers\n|upkeep\n|\n|t:|1700455839\n|switch|p1a: Ogerpon|Ogerpon-Cornerstone, F|100\/100\n|turn|5\n|\n|t:|1700455847\n|switch|p1a: Grimmsnarl|Grimmsnarl, M|100\/100\n|-terastallize|p2a: Devious divinity|Ice\n|move|p2a: Devious divinity|Tera Blast|p1a: Grimmsnarl|[anim] Tera Blast Ice\n|-damage|p1a: Grimmsnarl|24\/100\n|\n|-weather|Sandstorm|[upkeep]\n|-damage|p2a: Devious divinity|60\/100|[from] Sandstorm\n|-damage|p1a: Grimmsnarl|18\/100|[from] Sandstorm\n|-heal|p2a: Devious divinity|66\/100|[from] item: Leftovers\n|upkeep\n|turn|6\n|\n|t:|1700455855\n|move|p1a: Grimmsnarl|Light Screen|p1a: Grimmsnarl\n|-sidestart|p1: rydito|move: Light Screen\n|move|p2a: Devious divinity|Tera Blast|p1a: Grimmsnarl|[anim] Tera Blast Ice\n|-damage|p1a: Grimmsnarl|0 fnt\n|faint|p1a: Grimmsnarl\n|\n|-weather|none\n|-heal|p2a: Devious divinity|72\/100|[from] item: Leftovers\n|upkeep\n|\n|t:|1700455862\n|switch|p1a: Gastrodon|Gastrodon-East, M|100\/100\n|turn|7\n|\n|t:|1700455872\n|move|p2a: Devious divinity|Nasty Plot|p2a: Devious divinity\n|-boost|p2a: Devious divinity|spa|2\n|move|p1a: Gastrodon|Stockpile|p1a: Gastrodon\n|-start|p1a: Gastrodon|stockpile1\n|-boost|p1a: Gastrodon|def|1\n|-boost|p1a: Gastrodon|spd|1\n|\n|-heal|p2a: Devious divinity|78\/100|[from] item: Leftovers\n|upkeep\n|turn|8\n|\n|t:|1700455879\n|move|p2a: Devious divinity|Tera Blast|p1a: Gastrodon|[anim] Tera Blast Ice\n|-damage|p1a: Gastrodon|59\/100\n|move|p1a: Gastrodon|Stockpile|p1a: Gastrodon\n|-start|p1a: Gastrodon|stockpile2\n|-boost|p1a: Gastrodon|def|1\n|-boost|p1a: Gastrodon|spd|1\n|\n|-heal|p2a: Devious divinity|84\/100|[from] item: Leftovers\n|-heal|p1a: Gastrodon|65\/100|[from] item: Leftovers\n|upkeep\n|turn|9\n|\n|t:|1700455889\n|move|p2a: Devious divinity|Nasty Plot|p2a: Devious divinity\n|-boost|p2a: Devious divinity|spa|2\n|move|p1a: Gastrodon|Earth Power|p2a: Devious divinity\n|-end|p2a: Devious divinity|Substitute\n|\n|-heal|p2a: Devious divinity|90\/100|[from] item: Leftovers\n|-heal|p1a: Gastrodon|71\/100|[from] item: Leftovers\n|upkeep\n|turn|10\n|inactive|CJCOMIX has 120 seconds left.\n|\n|t:|1700455939\n|move|p2a: Devious divinity|Tera Blast|p1a: Gastrodon|[anim] Tera Blast Ice\n|-damage|p1a: Gastrodon|30\/100\n|move|p1a: Gastrodon|Earth Power|p2a: Devious divinity\n|-damage|p2a: Devious divinity|52\/100\n|\n|-heal|p2a: Devious divinity|58\/100|[from] item: Leftovers\n|-heal|p1a: Gastrodon|36\/100|[from] item: Leftovers\n|upkeep\n|turn|11\n|\n|t:|1700455962\n|move|p2a: Devious divinity|Tera Blast|p1a: Gastrodon|[anim] Tera Blast Ice\n|-damage|p1a: Gastrodon|0 fnt\n|faint|p1a: Gastrodon\n|\n|-heal|p2a: Devious divinity|64\/100|[from] item: Leftovers\n|upkeep\n|\n|t:|1700455968\n|switch|p1a: Ogerpon|Ogerpon-Cornerstone, F|100\/100\n|turn|12\n|inactive|CJCOMIX has 120 seconds left.\n|\n|t:|1700455986\n|switch|p2a: Convert 2 ISLAM|Great Tusk|100\/100\n|move|p1a: Ogerpon|Ivy Cudgel|p2a: Convert 2 ISLAM|[anim] Ivy Cudgel Rock\n|-resisted|p2a: Convert 2 ISLAM\n|-damage|p2a: Convert 2 ISLAM|89\/100\n|\n|upkeep\n|turn|13\n|\n|t:|1700455999\n|move|p2a: Convert 2 ISLAM|Close Combat|p1a: Ogerpon\n|-supereffective|p1a: Ogerpon\n|-ability|p1a: Ogerpon|Sturdy\n|-damage|p1a: Ogerpon|1\/100\n|-unboost|p2a: Convert 2 ISLAM|def|1\n|-unboost|p2a: Convert 2 ISLAM|spd|1\n|move|p1a: Ogerpon|Swords Dance|p1a: Ogerpon\n|-boost|p1a: Ogerpon|atk|2\n|\n|-sideend|p1: rydito|move: Light Screen\n|upkeep\n|turn|14\n|\n|t:|1700456004\n|move|p2a: Convert 2 ISLAM|Close Combat|p1a: Ogerpon\n|-supereffective|p1a: Ogerpon\n|-damage|p1a: Ogerpon|0 fnt\n|-unboost|p2a: Convert 2 ISLAM|def|1\n|-unboost|p2a: Convert 2 ISLAM|spd|1\n|faint|p1a: Ogerpon\n|\n|upkeep\n|\n|t:|1700456006\n|switch|p1a: Hawlucha|Hawlucha, F|100\/100\n|turn|15\n|\n|t:|1700456010\n|move|p2a: Convert 2 ISLAM|Close Combat|p1a: Hawlucha\n|-resisted|p1a: Hawlucha\n|-damage|p1a: Hawlucha|64\/100\n|-unboost|p2a: Convert 2 ISLAM|def|1\n|-unboost|p2a: Convert 2 ISLAM|spd|1\n|move|p1a: Hawlucha|Swords Dance|p1a: Hawlucha\n|-boost|p1a: Hawlucha|atk|2\n|\n|upkeep\n|turn|16\n|\n|t:|1700456017\n|move|p2a: Convert 2 ISLAM|Close Combat|p1a: Hawlucha\n|-resisted|p1a: Hawlucha\n|-damage|p1a: Hawlucha|29\/100\n|-unboost|p2a: Convert 2 ISLAM|def|1\n|-unboost|p2a: Convert 2 ISLAM|spd|1\n|-enditem|p1a: Hawlucha|Sitrus Berry|[eat]\n|-heal|p1a: Hawlucha|54\/100|[from] item: Sitrus Berry\n|move|p1a: Hawlucha|Acrobatics|p2a: Convert 2 ISLAM\n|-supereffective|p2a: Convert 2 ISLAM\n|-damage|p2a: Convert 2 ISLAM|0 fnt\n|faint|p2a: Convert 2 ISLAM\n|-end|p2a: Convert 2 ISLAM|Protosynthesis|[silent]\n|\n|upkeep\n|\n|t:|1700456023\n|switch|p2a: sweaty balls|Torkoal, M|100\/100\n|-weather|SunnyDay|[from] ability: Drought|[of] p2a: sweaty balls\n|turn|17\n|\n|t:|1700456027\n|move|p1a: Hawlucha|Acrobatics|p2a: sweaty balls\n|-damage|p2a: sweaty balls|46\/100\n|move|p2a: sweaty balls|Will-O-Wisp|p1a: Hawlucha\n|-status|p1a: Hawlucha|brn\n|\n|-weather|SunnyDay|[upkeep]\n|-heal|p2a: sweaty balls|52\/100|[from] item: Leftovers\n|-damage|p1a: Hawlucha|48\/100 brn|[from] brn\n|upkeep\n|turn|18\n|\n|t:|1700456032\n|move|p1a: Hawlucha|Acrobatics|p2a: sweaty balls\n|-damage|p2a: sweaty balls|26\/100\n|move|p2a: sweaty balls|Lava Plume|p1a: Hawlucha\n|-damage|p1a: Hawlucha|0 fnt\n|faint|p1a: Hawlucha\n|\n|-weather|SunnyDay|[upkeep]\n|-heal|p2a: sweaty balls|33\/100|[from] item: Leftovers\n|upkeep\n|\n|t:|1700456035\n|switch|p1a: Hippowdon|Hippowdon, F|100\/100\n|-weather|Sandstorm|[from] ability: Sand Stream|[of] p1a: Hippowdon\n|turn|19\n|\n|t:|1700456044\n|move|p1a: Hippowdon|Earthquake|p2a: sweaty balls\n|-supereffective|p2a: sweaty balls\n|-damage|p2a: sweaty balls|0 fnt\n|faint|p2a: sweaty balls\n|\n|-weather|Sandstorm|[upkeep]\n|upkeep\n|\n|t:|1700456048\n|switch|p2a: Devious divinity|Thundurus-Therian, M, tera:Ice|64\/100\n|turn|20\n|\n|t:|1700456058\n|-terastallize|p1a: Hippowdon|Steel\n|move|p2a: Devious divinity|Tera Blast|p1a: Hippowdon|[anim] Tera Blast Ice\n|-resisted|p1a: Hippowdon\n|-damage|p1a: Hippowdon|84\/100\n|move|p1a: Hippowdon|Stockpile|p1a: Hippowdon\n|-start|p1a: Hippowdon|stockpile1\n|-boost|p1a: Hippowdon|def|1\n|-boost|p1a: Hippowdon|spd|1\n|\n|-weather|Sandstorm|[upkeep]\n|-damage|p2a: Devious divinity|58\/100|[from] Sandstorm\n|-heal|p2a: Devious divinity|64\/100|[from] item: Leftovers\n|-heal|p1a: Hippowdon|90\/100|[from] item: Leftovers\n|upkeep\n|turn|21\n|\n|t:|1700456076\n|move|p2a: Devious divinity|Substitute|p2a: Devious divinity\n|-start|p2a: Devious divinity|Substitute\n|-damage|p2a: Devious divinity|39\/100\n|move|p1a: Hippowdon|Stockpile|p1a: Hippowdon\n|-start|p1a: Hippowdon|stockpile2\n|-boost|p1a: Hippowdon|def|1\n|-boost|p1a: Hippowdon|spd|1\n|\n|-weather|Sandstorm|[upkeep]\n|-damage|p2a: Devious divinity|33\/100|[from] Sandstorm\n|-heal|p2a: Devious divinity|39\/100|[from] item: Leftovers\n|-heal|p1a: Hippowdon|96\/100|[from] item: Leftovers\n|upkeep\n|turn|22\n|\n|t:|1700456082\n|move|p2a: Devious divinity|Nasty Plot|p2a: Devious divinity\n|-boost|p2a: Devious divinity|spa|2\n|move|p1a: Hippowdon|Earthquake|p2a: Devious divinity\n|-end|p2a: Devious divinity|Substitute\n|\n|-weather|Sandstorm|[upkeep]\n|-damage|p2a: Devious divinity|33\/100|[from] Sandstorm\n|-heal|p2a: Devious divinity|39\/100|[from] item: Leftovers\n|-heal|p1a: Hippowdon|100\/100|[from] item: Leftovers\n|upkeep\n|turn|23\n|\n|t:|1700456084\n|move|p2a: Devious divinity|Thunderbolt|p1a: Hippowdon\n|-damage|p1a: Hippowdon|60\/100\n|-status|p1a: Hippowdon|par\n|move|p1a: Hippowdon|Earthquake|p2a: Devious divinity\n|-damage|p2a: Devious divinity|0 fnt\n|faint|p2a: Devious divinity\n|\n|-weather|none\n|-heal|p1a: Hippowdon|66\/100 par|[from] item: Leftovers\n|upkeep\n|\n|t:|1700456088\n|switch|p2a: black lives matter|Ceruledge, F|100\/100\n|turn|24\n|\n|t:|1700456093\n|move|p2a: black lives matter|Bulk Up|p2a: black lives matter\n|-boost|p2a: black lives matter|atk|1\n|-boost|p2a: black lives matter|def|1\n|move|p1a: Hippowdon|Earthquake|p2a: black lives matter\n|-supereffective|p2a: black lives matter\n|-crit|p2a: black lives matter\n|-damage|p2a: black lives matter|0 fnt\n|faint|p2a: black lives matter\n|\n|-heal|p1a: Hippowdon|72\/100 par|[from] item: Leftovers\n|upkeep\n|\n|t:|1700456099\n|switch|p2a: Go to sleep bro|Breloom, F|100\/100\n|turn|25\n|\n|t:|1700456111\n|move|p2a: Go to sleep bro|Swords Dance|p2a: Go to sleep bro\n|-boost|p2a: Go to sleep bro|atk|2\n|cant|p1a: Hippowdon|par\n|\n|-heal|p1a: Hippowdon|78\/100 par|[from] item: Leftovers\n|-status|p2a: Go to sleep bro|tox|[from] item: Toxic Orb\n|upkeep\n|turn|26\n|\n|t:|1700456114\n|move|p2a: Go to sleep bro|Mach Punch|p1a: Hippowdon\n|-supereffective|p1a: Hippowdon\n|-damage|p1a: Hippowdon|48\/100 par\n|move|p1a: Hippowdon|Body Press|p2a: Go to sleep bro\n|-damage|p2a: Go to sleep bro|25\/100 tox\n|\n|-heal|p1a: Hippowdon|55\/100 par|[from] item: Leftovers\n|-heal|p2a: Go to sleep bro|38\/100 tox|[from] ability: Poison Heal\n|upkeep\n|turn|27\n|\n|t:|1700456120\n|move|p2a: Go to sleep bro|Mach Punch|p1a: Hippowdon\n|-supereffective|p1a: Hippowdon\n|-damage|p1a: Hippowdon|24\/100 par\n|move|p1a: Hippowdon|Slack Off|p1a: Hippowdon\n|-heal|p1a: Hippowdon|74\/100 par\n|\n|-heal|p1a: Hippowdon|80\/100 par|[from] item: Leftovers\n|-heal|p2a: Go to sleep bro|50\/100 tox|[from] ability: Poison Heal\n|upkeep\n|turn|28\n|\n|t:|1700456126\n|move|p2a: Go to sleep bro|Mach Punch|p1a: Hippowdon\n|-supereffective|p1a: Hippowdon\n|-damage|p1a: Hippowdon|51\/100 par\n|move|p1a: Hippowdon|Body Press|p2a: Go to sleep bro\n|-damage|p2a: Go to sleep bro|0 fnt\n|faint|p2a: Go to sleep bro\n|\n|-heal|p1a: Hippowdon|57\/100 par|[from] item: Leftovers\n|upkeep\n|\n|t:|1700456128\n|switch|p2a: Ningen|Greninja, M|100\/100\n|turn|29\n|\n|t:|1700456131\n|move|p2a: Ningen|Surf|p1a: Hippowdon\n|-damage|p1a: Hippowdon|43\/100 par\n|move|p1a: Hippowdon|Body Press|p2a: Ningen\n|-supereffective|p2a: Ningen\n|-damage|p2a: Ningen|0 fnt\n|faint|p2a: Ningen\n|\n|win|rydito\n|raw|rydito's rating: 1429 &rarr; <strong>1452<\/strong><br \/>(+23 for winning)\n|raw|CJCOMIX's rating: 1488 &rarr; <strong>1465<\/strong><br \/>(-23 for losing)\n|c|\u2606rydito|gg\n|l|\u2606CJCOMIX\n|c|\u2606rydito|hippo is my goat\n","uploadtime":1700456148,"views":11,"p1id":"rydito","p2id":"cjcomix","formatid":"gen9ou","rating":1452,"private":0,"password":""}