{"id":"gen9ou-1991334604","p1":"scotchbrite3m","p2":"Xeno504","format":"[Gen 9] OU","log":"|j|\u2606scotchbrite3m\n|j|\u2606Xeno504\n|t:|1700068523\n|gametype|singles\n|player|p1|scotchbrite3m|silver|1412\n|player|p2|Xeno504|skyla|1466\n|teamsize|p1|6\n|teamsize|p2|6\n|gen|9\n|tier|[Gen 9] OU\n|rated|\n|rule|Sleep Clause Mod: Limit one foe put to sleep\n|rule|Species Clause: Limit one of each Pok\u00e9mon\n|rule|OHKO Clause: OHKO moves are banned\n|rule|Evasion Items Clause: Evasion items are banned\n|rule|Evasion Moves Clause: Evasion moves are banned\n|rule|Endless Battle Clause: Forcing endless battles is banned\n|rule|HP Percentage Mod: HP is shown in percentages\n|clearpoke\n|poke|p1|Ceruledge, M|\n|poke|p1|Cinderace, F|\n|poke|p1|Ninetales-Alola, F|\n|poke|p1|Manaphy|\n|poke|p1|Samurott-Hisui, M|\n|poke|p1|Zamazenta-*|\n|poke|p2|Rillaboom, M|\n|poke|p2|Ogerpon-Wellspring, F|\n|poke|p2|Zapdos|\n|poke|p2|Heatran, F|\n|poke|p2|Great Tusk|\n|poke|p2|Walking Wake|\n|teampreview\n|inactive|Battle timer is ON: inactive players will automatically lose when time's up. (requested by scotchbrite3m)\n|inactive|Xeno504 has 120 seconds left.\n|inactive|Xeno504 has 90 seconds left.\n|\n|t:|1700068594\n|start\n|switch|p1a: you are my fire|Ceruledge, M|100\/100\n|switch|p2a: Heatran|Heatran, F|100\/100\n|turn|1\n|\n|t:|1700068606\n|move|p1a: you are my fire|Swords Dance|p1a: you are my fire\n|-boost|p1a: you are my fire|atk|2\n|move|p2a: Heatran|Earth Power|p1a: you are my fire\n|-supereffective|p1a: you are my fire\n|-crit|p1a: you are my fire\n|-damage|p1a: you are my fire|2\/100\n|\n|upkeep\n|turn|2\n|\n|t:|1700068622\n|move|p1a: you are my fire|Poltergeist|p2a: Heatran\n|-activate|p2a: Heatran|move: Poltergeist|Leftovers\n|-damage|p2a: Heatran|0 fnt\n|faint|p2a: Heatran\n|\n|upkeep\n|\n|t:|1700068634\n|switch|p2a: Rillaboom|Rillaboom, M|100\/100\n|-fieldstart|move: Grassy Terrain|[from] ability: Grassy Surge|[of] p2a: Rillaboom\n|turn|3\n|\n|t:|1700068646\n|move|p2a: Rillaboom|Grassy Glide|p1a: you are my fire\n|-resisted|p1a: you are my fire\n|-damage|p1a: you are my fire|0 fnt\n|faint|p1a: you are my fire\n|\n|upkeep\n|\n|t:|1700068651\n|switch|p1a: my one desire|Cinderace, F|100\/100\n|turn|4\n|\n|t:|1700068667\n|switch|p2a: Zapdos|Zapdos|100\/100\n|move|p1a: my one desire|Will-O-Wisp|p2a: Zapdos\n|-status|p2a: Zapdos|brn\n|\n|-damage|p2a: Zapdos|94\/100 brn|[from] brn\n|upkeep\n|turn|5\n|\n|t:|1700068681\n|move|p1a: my one desire|Pyro Ball|p2a: Zapdos\n|-damage|p2a: Zapdos|50\/100 brn\n|move|p2a: Zapdos|Volt Switch|p1a: my one desire\n|-crit|p1a: my one desire\n|-damage|p1a: my one desire|50\/100\n|inactive|Xeno504 has 120 seconds left.\n|\n|t:|1700068701\n|switch|p2a: Ogerpon|Ogerpon-Wellspring, F|100\/100|[from] Volt Switch\n|\n|-heal|p1a: my one desire|56\/100|[from] Grassy Terrain\n|upkeep\n|turn|6\n|\n|t:|1700068714\n|switch|p2a: Zapdos|Zapdos|50\/100 brn\n|move|p1a: my one desire|Will-O-Wisp|p2a: Zapdos\n|-fail|p2a: Zapdos|brn\n|\n|-heal|p1a: my one desire|62\/100|[from] Grassy Terrain\n|-damage|p2a: Zapdos|44\/100 brn|[from] brn\n|upkeep\n|turn|7\n|\n|t:|1700068726\n|move|p1a: my one desire|Pyro Ball|p2a: Zapdos\n|-damage|p2a: Zapdos|0 fnt\n|faint|p2a: Zapdos\n|\n|-heal|p1a: my one desire|68\/100|[from] Grassy Terrain\n|upkeep\n|inactive|Xeno504 has 120 seconds left.\n|\n|t:|1700068754\n|switch|p2a: Great Tusk|Great Tusk|100\/100\n|-enditem|p2a: Great Tusk|Booster Energy\n|-activate|p2a: Great Tusk|ability: Protosynthesis|[fromitem]\n|-start|p2a: Great Tusk|protosynthesisspe\n|turn|8\n|\n|t:|1700068765\n|move|p2a: Great Tusk|Close Combat|p1a: my one desire\n|-damage|p1a: my one desire|3\/100\n|-unboost|p2a: Great Tusk|def|1\n|-unboost|p2a: Great Tusk|spd|1\n|move|p1a: my one desire|Will-O-Wisp|p2a: Great Tusk\n|-status|p2a: Great Tusk|brn\n|\n|-heal|p1a: my one desire|9\/100|[from] Grassy Terrain\n|-damage|p2a: Great Tusk|94\/100 brn|[from] brn\n|upkeep\n|turn|9\n|inactive|Xeno504 has 90 seconds left.\n|\n|t:|1700068805\n|move|p2a: Great Tusk|Close Combat|p1a: my one desire\n|-damage|p1a: my one desire|0 fnt\n|-unboost|p2a: Great Tusk|def|1\n|-unboost|p2a: Great Tusk|spd|1\n|faint|p1a: my one desire\n|\n|-heal|p2a: Great Tusk|100\/100 brn|[from] Grassy Terrain\n|-damage|p2a: Great Tusk|94\/100 brn|[from] brn\n|upkeep\n|\n|t:|1700068815\n|switch|p1a: believe when i say|Ninetales-Alola, F|100\/100\n|-weather|Snow|[from] ability: Snow Warning|[of] p1a: believe when i say\n|turn|10\n|inactive|Xeno504 has 90 seconds left.\n|\n|t:|1700068830\n|move|p2a: Great Tusk|Bulk Up|p2a: Great Tusk\n|-boost|p2a: Great Tusk|atk|1\n|-boost|p2a: Great Tusk|def|1\n|move|p1a: believe when i say|Aurora Veil|p1a: believe when i say\n|-sidestart|p1: scotchbrite3m|move: Aurora Veil\n|\n|-weather|Snow|[upkeep]\n|-heal|p2a: Great Tusk|100\/100 brn|[from] Grassy Terrain\n|-damage|p2a: Great Tusk|94\/100 brn|[from] brn\n|-fieldend|move: Grassy Terrain\n|upkeep\n|turn|11\n|inactive|Xeno504 has 90 seconds left.\n|\n|t:|1700068838\n|move|p2a: Great Tusk|Earthquake|p1a: believe when i say\n|-damage|p1a: believe when i say|87\/100\n|move|p1a: believe when i say|Freeze-Dry|p2a: Great Tusk\n|-supereffective|p2a: Great Tusk\n|-damage|p2a: Great Tusk|0 fnt\n|faint|p2a: Great Tusk\n|-end|p2a: Great Tusk|Protosynthesis|[silent]\n|\n|-weather|Snow|[upkeep]\n|upkeep\n|inactive|Xeno504 has 90 seconds left.\n|l|\u2606scotchbrite3m\n|inactive|scotchbrite3m disconnected and has a minute to reconnect!\n|player|p1|\n|\n|t:|1700068868\n|switch|p2a: Walking Wake|Walking Wake|100\/100\n|turn|12\n|inactive|scotchbrite3m has 30 seconds to reconnect!\n|j|\u2606scotchbrite3m\n|inactive|scotchbrite3m reconnected and has 120 seconds left.\n|player|p1|scotchbrite3m|silver\n|\n|t:|1700068906\n|-terastallize|p2a: Walking Wake|Fairy\n|move|p1a: believe when i say|Freeze-Dry|p2a: Walking Wake\n|-damage|p2a: Walking Wake|78\/100\n|move|p2a: Walking Wake|Scald|p1a: believe when i say\n|-damage|p1a: believe when i say|66\/100\n|\n|-weather|Snow|[upkeep]\n|upkeep\n|turn|13\n|inactive|scotchbrite3m has 120 seconds left.\n|\n|t:|1700068928\n|move|p1a: believe when i say|Encore|p2a: Walking Wake\n|-start|p2a: Walking Wake|Encore\n|move|p2a: Walking Wake|Scald|p1a: believe when i say\n|-damage|p1a: believe when i say|47\/100\n|\n|-weather|Snow|[upkeep]\n|upkeep\n|turn|14\n|inactive|Xeno504 has 60 seconds left.\n|\n|t:|1700068958\n|switch|p1a: number five|Samurott-Hisui, M|100\/100\n|move|p2a: Walking Wake|Scald|p1a: number five\n|-resisted|p1a: number five\n|-damage|p1a: number five|85\/100\n|-status|p1a: number five|brn\n|\n|-weather|none\n|-damage|p1a: number five|78\/100 brn|[from] brn\n|upkeep\n|turn|15\n|inactive|Xeno504 has 60 seconds left.\n|\n|t:|1700068974\n|-end|p2a: Walking Wake|Protosynthesis|[silent]\n|switch|p2a: Ogerpon|Ogerpon-Wellspring, F|100\/100\n|move|p1a: number five|Knock Off|p2a: Ogerpon\n|-damage|p2a: Ogerpon|80\/100\n|\n|-damage|p1a: number five|72\/100 brn|[from] brn\n|upkeep\n|turn|16\n|inactive|scotchbrite3m has 120 seconds left.\n|inactive|Xeno504 has 60 seconds left.\n|\n|t:|1700068985\n|switch|p2a: Rillaboom|Rillaboom, M|100\/100\n|-fieldstart|move: Grassy Terrain|[from] ability: Grassy Surge|[of] p2a: Rillaboom\n|switch|p1a: believe when i say|Ninetales-Alola, F|47\/100\n|-weather|Snow|[from] ability: Snow Warning|[of] p1a: believe when i say\n|\n|-weather|Snow|[upkeep]\n|-heal|p1a: believe when i say|53\/100|[from] Grassy Terrain\n|upkeep\n|turn|17\n|inactive|scotchbrite3m has 120 seconds left.\n|inactive|Xeno504 has 60 seconds left.\n|\n|t:|1700068998\n|move|p1a: believe when i say|Freeze-Dry|p2a: Rillaboom\n|-supereffective|p2a: Rillaboom\n|-damage|p2a: Rillaboom|51\/100\n|move|p2a: Rillaboom|Swords Dance|p2a: Rillaboom\n|-boost|p2a: Rillaboom|atk|2\n|\n|-weather|Snow|[upkeep]\n|-heal|p1a: believe when i say|59\/100|[from] Grassy Terrain\n|-heal|p2a: Rillaboom|57\/100|[from] Grassy Terrain\n|-sideend|p1: scotchbrite3m|move: Aurora Veil\n|upkeep\n|turn|18\n|inactive|scotchbrite3m has 120 seconds left.\n|\n|t:|1700069009\n|move|p2a: Rillaboom|Grassy Glide|p1a: believe when i say\n|-damage|p1a: believe when i say|0 fnt\n|faint|p1a: believe when i say\n|\n|-weather|Snow|[upkeep]\n|-heal|p2a: Rillaboom|63\/100|[from] Grassy Terrain\n|upkeep\n|\n|t:|1700069020\n|switch|p1a: tell me why|Zamazenta|100\/100\n|-ability|p1a: tell me why|Dauntless Shield|boost\n|-boost|p1a: tell me why|def|1\n|turn|19\n|\n|t:|1700069027\n|move|p1a: tell me why|Iron Defense|p1a: tell me why\n|-boost|p1a: tell me why|def|2\n|move|p2a: Rillaboom|Knock Off|p1a: tell me why\n|-resisted|p1a: tell me why\n|-damage|p1a: tell me why|90\/100\n|-enditem|p1a: tell me why|Leftovers|[from] move: Knock Off|[of] p2a: Rillaboom\n|\n|-weather|Snow|[upkeep]\n|-heal|p1a: tell me why|96\/100|[from] Grassy Terrain\n|-heal|p2a: Rillaboom|69\/100|[from] Grassy Terrain\n|upkeep\n|turn|20\n|inactive|scotchbrite3m has 120 seconds left.\n|\n|t:|1700069036\n|move|p2a: Rillaboom|Grassy Glide|p1a: tell me why\n|-damage|p1a: tell me why|73\/100\n|move|p1a: tell me why|Substitute|p1a: tell me why\n|-start|p1a: tell me why|Substitute\n|-damage|p1a: tell me why|49\/100\n|\n|-weather|none\n|-heal|p1a: tell me why|55\/100|[from] Grassy Terrain\n|-heal|p2a: Rillaboom|75\/100|[from] Grassy Terrain\n|upkeep\n|turn|21\n|\n|t:|1700069046\n|move|p2a: Rillaboom|Grassy Glide|p1a: tell me why\n|-activate|p1a: tell me why|move: Substitute|[damage]\n|move|p1a: tell me why|Iron Defense|p1a: tell me why\n|-boost|p1a: tell me why|def|2\n|\n|-heal|p1a: tell me why|61\/100|[from] Grassy Terrain\n|-heal|p2a: Rillaboom|82\/100|[from] Grassy Terrain\n|upkeep\n|turn|22\n|\n|t:|1700069057\n|move|p2a: Rillaboom|Grassy Glide|p1a: tell me why\n|-end|p1a: tell me why|Substitute\n|move|p1a: tell me why|Iron Defense|p1a: tell me why\n|-boost|p1a: tell me why|def|1\n|\n|-heal|p1a: tell me why|67\/100|[from] Grassy Terrain\n|-heal|p2a: Rillaboom|88\/100|[from] Grassy Terrain\n|upkeep\n|turn|23\n|\n|t:|1700069067\n|move|p1a: tell me why|Body Press|p2a: Rillaboom\n|-damage|p2a: Rillaboom|0 fnt\n|faint|p2a: Rillaboom\n|\n|-heal|p1a: tell me why|73\/100|[from] Grassy Terrain\n|-fieldend|move: Grassy Terrain\n|upkeep\n|\n|t:|1700069070\n|switch|p2a: Walking Wake|Walking Wake, tera:Fairy|78\/100\n|turn|24\n|\n|t:|1700069082\n|move|p1a: tell me why|Body Press|p2a: Walking Wake\n|-resisted|p2a: Walking Wake\n|-damage|p2a: Walking Wake|0 fnt\n|faint|p2a: Walking Wake\n|-end|p2a: Walking Wake|Protosynthesis|[silent]\n|\n|upkeep\n|-message|Xeno504 forfeited.\n|\n|win|scotchbrite3m\n|raw|scotchbrite3m's rating: 1412 &rarr; <strong>1435<\/strong><br \/>(+23 for winning)\n|raw|Xeno504's rating: 1466 &rarr; <strong>1443<\/strong><br \/>(-23 for losing)\n|l|\u2606Xeno504\n","uploadtime":1700069192,"views":13,"p1id":"scotchbrite3m","p2id":"xeno504","formatid":"gen9ou","rating":1435,"private":0,"password":""}