{"id":"gen9ou-1988521547","p1":"jump em","p2":"Violet Mask","format":"[Gen 9] OU","log":"|j|\u2606jump em\n|j|\u2606Violet Mask\n|t:|1699731871\n|gametype|singles\n|player|p1|jump em|liza|1322\n|player|p2|Violet Mask|lance-masters|1239\n|teamsize|p1|6\n|teamsize|p2|6\n|gen|9\n|tier|[Gen 9] OU\n|rated|\n|rule|Sleep Clause Mod: Limit one foe put to sleep\n|rule|Species Clause: Limit one of each Pok\u00e9mon\n|rule|OHKO Clause: OHKO moves are banned\n|rule|Evasion Items Clause: Evasion items are banned\n|rule|Evasion Moves Clause: Evasion moves are banned\n|rule|Endless Battle Clause: Forcing endless battles is banned\n|rule|HP Percentage Mod: HP is shown in percentages\n|clearpoke\n|poke|p1|Ogerpon-Wellspring, F|\n|poke|p1|Tinkaton, F|\n|poke|p1|Iron Moth|\n|poke|p1|Great Tusk|\n|poke|p1|Dragapult, M|\n|poke|p1|Lokix, F|\n|poke|p2|Toxapex, M|\n|poke|p2|Garchomp, F|\n|poke|p2|Heatran, F|\n|poke|p2|Mandibuzz, F|\n|poke|p2|Zamazenta-*|\n|poke|p2|Hoopa-Unbound|\n|teampreview\n|inactive|Battle timer is ON: inactive players will automatically lose when time's up. (requested by Violet Mask)\n|\n|t:|1699731895\n|start\n|switch|p1a: TWINKATON|Tinkaton, F|100\/100\n|switch|p2a: Heatran|Heatran, F|100\/100\n|-item|p1a: TWINKATON|Air Balloon\n|turn|1\n|\n|t:|1699731902\n|move|p1a: TWINKATON|Thunder Wave|p2a: Heatran\n|-status|p2a: Heatran|par\n|move|p2a: Heatran|Magma Storm|p1a: TWINKATON\n|-supereffective|p1a: TWINKATON\n|-damage|p1a: TWINKATON|27\/100\n|-activate|p1a: TWINKATON|move: Magma Storm|[of] p2a: Heatran\n|-enditem|p1a: TWINKATON|Air Balloon\n|\n|-damage|p1a: TWINKATON|14\/100|[from] move: Magma Storm|[partiallytrapped]\n|upkeep\n|turn|2\n|\n|t:|1699731909\n|move|p1a: TWINKATON|Encore|p2a: Heatran\n|-start|p2a: Heatran|Encore\n|move|p2a: Heatran|Magma Storm|p1a: TWINKATON|[miss]\n|-miss|p2a: Heatran|p1a: TWINKATON\n|\n|-damage|p1a: TWINKATON|2\/100|[from] move: Magma Storm|[partiallytrapped]\n|upkeep\n|turn|3\n|\n|t:|1699731916\n|move|p1a: TWINKATON|Gigaton Hammer|p2a: Heatran\n|-resisted|p2a: Heatran\n|-damage|p2a: Heatran|92\/100 par\n|move|p2a: Heatran|Magma Storm|p1a: TWINKATON|[miss]\n|-miss|p2a: Heatran|p1a: TWINKATON\n|\n|-heal|p2a: Heatran|98\/100 par|[from] item: Leftovers\n|-damage|p1a: TWINKATON|0 fnt|[from] move: Magma Storm|[partiallytrapped]\n|faint|p1a: TWINKATON\n|upkeep\n|\n|t:|1699731920\n|switch|p1a: Ogerpon|Ogerpon-Wellspring, F|100\/100\n|turn|4\n|\n|t:|1699731927\n|switch|p2a: Toxapex|Toxapex, M|100\/100\n|move|p1a: Ogerpon|Swords Dance|p1a: Ogerpon\n|-boost|p1a: Ogerpon|atk|2\n|\n|upkeep\n|turn|5\n|\n|t:|1699731939\n|move|p1a: Ogerpon|Taunt|p2a: Toxapex\n|-start|p2a: Toxapex|move: Taunt\n|cant|p2a: Toxapex|move: Taunt|Haze\n|\n|upkeep\n|turn|6\n|\n|t:|1699731961\n|switch|p2a: Hoopa|Hoopa-Unbound|100\/100\n|move|p1a: Ogerpon|Horn Leech|p2a: Hoopa\n|-damage|p2a: Hoopa|0 fnt\n|faint|p2a: Hoopa\n|\n|upkeep\n|\n|t:|1699731968\n|switch|p2a: Mandibuzz|Mandibuzz, F|100\/100\n|turn|7\n|\n|t:|1699731989\n|-terastallize|p1a: Ogerpon|Water\n|detailschange|p1a: Ogerpon|Ogerpon-Wellspring-Tera, F, tera:Water\n|-ability|p1a: Ogerpon|Embody Aspect (Wellspring)|boost\n|-boost|p1a: Ogerpon|spd|1\n|move|p1a: Ogerpon|Ivy Cudgel|p2a: Mandibuzz\n|-crit|p2a: Mandibuzz\n|-damage|p2a: Mandibuzz|0 fnt\n|faint|p2a: Mandibuzz\n|\n|upkeep\n|\n|t:|1699731993\n|switch|p2a: Zamazenta|Zamazenta|100\/100\n|-ability|p2a: Zamazenta|Dauntless Shield|boost\n|-boost|p2a: Zamazenta|def|1\n|turn|8\n|\n|t:|1699731997\n|move|p2a: Zamazenta|Iron Defense|p2a: Zamazenta\n|-boost|p2a: Zamazenta|def|2\n|move|p1a: Ogerpon|Taunt|p2a: Zamazenta\n|-start|p2a: Zamazenta|move: Taunt\n|\n|upkeep\n|turn|9\n|\n|t:|1699732002\n|move|p2a: Zamazenta|Body Press|p1a: Ogerpon\n|-damage|p1a: Ogerpon|0 fnt\n|faint|p1a: Ogerpon\n|\n|upkeep\n|\n|t:|1699732010\n|switch|p1a: Iron Moth|Iron Moth|100\/100\n|-enditem|p1a: Iron Moth|Booster Energy\n|-activate|p1a: Iron Moth|ability: Quark Drive|[fromitem]\n|-start|p1a: Iron Moth|quarkdrivespe\n|turn|10\n|\n|t:|1699732021\n|-end|p1a: Iron Moth|Quark Drive|[silent]\n|switch|p1a: Great Tusk|Great Tusk|100\/100\n|-enditem|p1a: Great Tusk|Booster Energy\n|-activate|p1a: Great Tusk|ability: Protosynthesis|[fromitem]\n|-start|p1a: Great Tusk|protosynthesisspe\n|switch|p2a: Toxapex|Toxapex, M|100\/100\n|\n|upkeep\n|turn|11\n|\n|t:|1699732030\n|move|p1a: Great Tusk|Bulk Up|p1a: Great Tusk\n|-boost|p1a: Great Tusk|atk|1\n|-boost|p1a: Great Tusk|def|1\n|move|p2a: Toxapex|Toxic|p1a: Great Tusk\n|-status|p1a: Great Tusk|tox\n|\n|-damage|p1a: Great Tusk|94\/100 tox|[from] psn\n|upkeep\n|turn|12\n|\n|t:|1699732034\n|move|p1a: Great Tusk|Bulk Up|p1a: Great Tusk\n|-boost|p1a: Great Tusk|atk|1\n|-boost|p1a: Great Tusk|def|1\n|move|p2a: Toxapex|Surf|p1a: Great Tusk\n|-supereffective|p1a: Great Tusk\n|-damage|p1a: Great Tusk|45\/100 tox\n|\n|-damage|p1a: Great Tusk|32\/100 tox|[from] psn\n|upkeep\n|turn|13\n|\n|t:|1699732042\n|switch|p2a: Heatran|Heatran, F|98\/100 par\n|move|p1a: Great Tusk|Headlong Rush|p2a: Heatran\n|-supereffective|p2a: Heatran\n|-damage|p2a: Heatran|0 fnt\n|-unboost|p1a: Great Tusk|def|1\n|-unboost|p1a: Great Tusk|spd|1\n|faint|p2a: Heatran\n|\n|-damage|p1a: Great Tusk|13\/100 tox|[from] psn\n|upkeep\n|\n|t:|1699732057\n|switch|p2a: Quacker|Garchomp, F|100\/100\n|turn|14\n|\n|t:|1699732062\n|move|p1a: Great Tusk|Ice Spinner|p2a: Quacker\n|-supereffective|p2a: Quacker\n|-damage|p2a: Quacker|0 fnt\n|-damage|p1a: Great Tusk|1\/100 tox|[from] ability: Rough Skin|[of] p2a: Quacker\n|faint|p2a: Quacker\n|\n|-damage|p1a: Great Tusk|0 fnt|[from] psn\n|faint|p1a: Great Tusk\n|-end|p1a: Great Tusk|Protosynthesis|[silent]\n|upkeep\n|\n|t:|1699732071\n|switch|p2a: Toxapex|Toxapex, M|100\/100\n|switch|p1a: Iron Moth|Iron Moth|100\/100\n|turn|15\n|\n|t:|1699732081\n|-end|p1a: Iron Moth|Quark Drive|[silent]\n|switch|p1a: Dragapult|Dragapult, M|100\/100\n|move|p2a: Toxapex|Surf|p1a: Dragapult\n|-resisted|p1a: Dragapult\n|-damage|p1a: Dragapult|88\/100\n|\n|upkeep\n|turn|16\n|\n|t:|1699732083\n|move|p1a: Dragapult|Thunderbolt|p2a: Toxapex\n|-supereffective|p2a: Toxapex\n|-damage|p2a: Toxapex|36\/100\n|move|p2a: Toxapex|Toxic|p1a: Dragapult\n|-status|p1a: Dragapult|tox\n|\n|-damage|p1a: Dragapult|82\/100 tox|[from] psn\n|upkeep\n|turn|17\n|\n|t:|1699732088\n|switch|p2a: Zamazenta|Zamazenta|100\/100\n|move|p1a: Dragapult|Thunderbolt|p2a: Zamazenta\n|-damage|p2a: Zamazenta|71\/100\n|\n|-heal|p2a: Zamazenta|77\/100|[from] item: Leftovers\n|-damage|p1a: Dragapult|70\/100 tox|[from] psn\n|upkeep\n|turn|18\n|\n|t:|1699732108\n|move|p1a: Dragapult|Thunderbolt|p2a: Zamazenta\n|-damage|p2a: Zamazenta|47\/100\n|move|p2a: Zamazenta|Crunch|p1a: Dragapult\n|-supereffective|p1a: Dragapult\n|-damage|p1a: Dragapult|15\/100 tox\n|\n|-heal|p2a: Zamazenta|53\/100|[from] item: Leftovers\n|-damage|p1a: Dragapult|0 fnt|[from] psn\n|faint|p1a: Dragapult\n|upkeep\n|\n|t:|1699732114\n|switch|p1a: Lokix|Lokix, F|100\/100\n|turn|19\n|\n|t:|1699732120\n|switch|p2a: Toxapex|Toxapex, M|69\/100\n|move|p1a: Lokix|First Impression|p2a: Toxapex\n|-resisted|p2a: Toxapex\n|-damage|p2a: Toxapex|53\/100\n|-damage|p1a: Lokix|91\/100|[from] item: Life Orb\n|\n|upkeep\n|turn|20\n|\n|t:|1699732124\n|move|p1a: Lokix|Swords Dance|p1a: Lokix\n|-boost|p1a: Lokix|atk|2\n|move|p2a: Toxapex|Recover|p2a: Toxapex\n|-heal|p2a: Toxapex|100\/100\n|\n|upkeep\n|turn|21\n|\n|t:|1699732142\n|switch|p2a: Zamazenta|Zamazenta|53\/100\n|move|p1a: Lokix|Leech Life|p2a: Zamazenta\n|-resisted|p2a: Zamazenta\n|-damage|p2a: Zamazenta|17\/100\n|-heal|p1a: Lokix|100\/100|[from] drain|[of] p2a: Zamazenta\n|-damage|p1a: Lokix|91\/100|[from] item: Life Orb\n|\n|-heal|p2a: Zamazenta|23\/100|[from] item: Leftovers\n|upkeep\n|turn|22\n|\n|t:|1699732161\n|move|p1a: Lokix|Sucker Punch||[still]\n|-fail|p1a: Lokix\n|move|p2a: Zamazenta|Iron Defense|p2a: Zamazenta\n|-boost|p2a: Zamazenta|def|2\n|\n|-heal|p2a: Zamazenta|30\/100|[from] item: Leftovers\n|upkeep\n|turn|23\n|\n|t:|1699732166\n|move|p2a: Zamazenta|Iron Defense|p2a: Zamazenta\n|-boost|p2a: Zamazenta|def|2\n|move|p1a: Lokix|Leech Life|p2a: Zamazenta\n|-resisted|p2a: Zamazenta\n|-crit|p2a: Zamazenta\n|-damage|p2a: Zamazenta|0 fnt\n|-heal|p1a: Lokix|100\/100|[from] drain|[of] p2a: Zamazenta\n|faint|p2a: Zamazenta\n|-damage|p1a: Lokix|91\/100|[from] item: Life Orb\n|\n|upkeep\n|c|\u2606Violet Mask|OFC\n|c|\u2606Violet Mask|CRIT\n|c|\u2606Violet Mask|I CANT stop getting haxed\n|c|\u2606Violet Mask|loL\n|\n|t:|1699732178\n|switch|p2a: Toxapex|Toxapex, M|100\/100\n|turn|24\n|\n|t:|1699732186\n|move|p1a: Lokix|Leech Life|p2a: Toxapex\n|-resisted|p2a: Toxapex\n|-damage|p2a: Toxapex|70\/100\n|-heal|p1a: Lokix|100\/100|[from] drain|[of] p2a: Toxapex\n|-damage|p1a: Lokix|91\/100|[from] item: Life Orb\n|move|p2a: Toxapex|Haze|p2a: Toxapex\n|-clearallboost\n|\n|upkeep\n|turn|25\n|\n|t:|1699732192\n|switch|p1a: Iron Moth|Iron Moth|100\/100\n|move|p2a: Toxapex|Toxic|p1a: Iron Moth\n|-immune|p1a: Iron Moth\n|\n|upkeep\n|turn|26\n|\n|t:|1699732196\n|move|p1a: Iron Moth|Fiery Dance|p2a: Toxapex\n|-resisted|p2a: Toxapex\n|-damage|p2a: Toxapex|54\/100\n|-boost|p1a: Iron Moth|spa|1\n|move|p2a: Toxapex|Surf|p1a: Iron Moth\n|-supereffective|p1a: Iron Moth\n|-damage|p1a: Iron Moth|64\/100\n|\n|upkeep\n|turn|27\n|\n|t:|1699732204\n|move|p1a: Iron Moth|Sludge Wave|p2a: Toxapex\n|-resisted|p2a: Toxapex\n|-damage|p2a: Toxapex|25\/100\n|move|p2a: Toxapex|Recover|p2a: Toxapex\n|-heal|p2a: Toxapex|75\/100\n|\n|upkeep\n|turn|28\n|\n|t:|1699732208\n|move|p1a: Iron Moth|Fiery Dance|p2a: Toxapex\n|-resisted|p2a: Toxapex\n|-damage|p2a: Toxapex|51\/100\n|-boost|p1a: Iron Moth|spa|1\n|move|p2a: Toxapex|Surf|p1a: Iron Moth\n|-supereffective|p1a: Iron Moth\n|-damage|p1a: Iron Moth|25\/100\n|\n|upkeep\n|turn|29\n|c|\u2606Violet Mask|getting a boost\n|c|\u2606Violet Mask|for every single one\n|\n|t:|1699732220\n|move|p1a: Iron Moth|Sludge Wave|p2a: Toxapex\n|-resisted|p2a: Toxapex\n|-damage|p2a: Toxapex|14\/100\n|move|p2a: Toxapex|Recover|p2a: Toxapex\n|-heal|p2a: Toxapex|64\/100\n|\n|upkeep\n|turn|30\n|\n|t:|1699732224\n|move|p1a: Iron Moth|Sludge Wave|p2a: Toxapex\n|-resisted|p2a: Toxapex\n|-damage|p2a: Toxapex|25\/100\n|move|p2a: Toxapex|Surf|p1a: Iron Moth\n|-supereffective|p1a: Iron Moth\n|-crit|p1a: Iron Moth\n|-damage|p1a: Iron Moth|0 fnt\n|faint|p1a: Iron Moth\n|-end|p1a: Iron Moth|Quark Drive|[silent]\n|\n|upkeep\n|\n|t:|1699732244\n|switch|p1a: Lokix|Lokix, F|91\/100\n|turn|31\n|\n|t:|1699732251\n|move|p1a: Lokix|First Impression|p2a: Toxapex\n|-resisted|p2a: Toxapex\n|-damage|p2a: Toxapex|9\/100\n|-damage|p1a: Lokix|81\/100|[from] item: Life Orb\n|move|p2a: Toxapex|Recover|p2a: Toxapex\n|-heal|p2a: Toxapex|59\/100\n|\n|upkeep\n|turn|32\n|-message|jump em forfeited.\n|\n|win|Violet Mask\n|raw|jump em's rating: 1322 &rarr; <strong>1297<\/strong><br \/>(-25 for losing)\n|raw|Violet Mask's rating: 1239 &rarr; <strong>1270<\/strong><br \/>(+31 for winning)\n|l|\u2606jump em\n","uploadtime":1699732261,"views":12,"p1id":"jumpem","p2id":"violetmask","formatid":"gen9ou","rating":1270,"private":0,"password":""}