{"id":"gen9ou-1994978851","p1":"LegacyShowden","p2":"beneux","format":"[Gen 9] OU","log":"|j|\u2606LegacyShowden\n|j|\u2606beneux\n|t:|1700509973\n|gametype|singles\n|player|p1|LegacyShowden|rosa|1573\n|player|p2|beneux|juan|1550\n|teamsize|p1|6\n|teamsize|p2|6\n|gen|9\n|tier|[Gen 9] OU\n|rated|\n|rule|Sleep Clause Mod: Limit one foe put to sleep\n|rule|Species Clause: Limit one of each Pok\u00e9mon\n|rule|OHKO Clause: OHKO moves are banned\n|rule|Evasion Items Clause: Evasion items are banned\n|rule|Evasion Moves Clause: Evasion moves are banned\n|rule|Endless Battle Clause: Forcing endless battles is banned\n|rule|HP Percentage Mod: HP is shown in percentages\n|clearpoke\n|poke|p1|Great Tusk|\n|poke|p1|Samurott-Hisui, M|\n|poke|p1|Dragapult, M|\n|poke|p1|Gholdengo|\n|poke|p1|Heatran, M|\n|poke|p1|Rillaboom, M|\n|poke|p2|Enamorus, F|\n|poke|p2|Dragapult, M|\n|poke|p2|Iron Valiant|\n|poke|p2|Gholdengo|\n|poke|p2|Iron Treads|\n|poke|p2|Dragonite, F|\n|teampreview\n|inactive|Battle timer is ON: inactive players will automatically lose when time's up. (requested by LegacyShowden)\n|\n|t:|1700509983\n|start\n|switch|p1a: Gholdengo|Gholdengo|100\/100\n|switch|p2a: Iron Treads|Iron Treads|100\/100\n|-item|p1a: Gholdengo|Air Balloon\n|-enditem|p2a: Iron Treads|Booster Energy\n|-activate|p2a: Iron Treads|ability: Quark Drive|[fromitem]\n|-start|p2a: Iron Treads|quarkdrivespe\n|turn|1\n|\n|t:|1700509998\n|switch|p1a: Great Tusk|Great Tusk|100\/100\n|move|p2a: Iron Treads|Stealth Rock|p1a: Great Tusk\n|-sidestart|p1: LegacyShowden|move: Stealth Rock\n|\n|upkeep\n|turn|2\n|\n|t:|1700510006\n|move|p2a: Iron Treads|Knock Off|p1a: Great Tusk\n|-resisted|p1a: Great Tusk\n|-damage|p1a: Great Tusk|91\/100\n|-enditem|p1a: Great Tusk|Sitrus Berry|[from] move: Knock Off|[of] p2a: Iron Treads\n|move|p1a: Great Tusk|Rapid Spin|p2a: Iron Treads\n|-resisted|p2a: Iron Treads\n|-damage|p2a: Iron Treads|94\/100\n|-boost|p1a: Great Tusk|spe|1\n|-sideend|p1: LegacyShowden|Stealth Rock|[from] move: Rapid Spin|[of] p1a: Great Tusk\n|\n|upkeep\n|turn|3\n|\n|t:|1700510016\n|move|p2a: Iron Treads|Stealth Rock|p1a: Great Tusk\n|-sidestart|p1: LegacyShowden|move: Stealth Rock\n|move|p1a: Great Tusk|Rapid Spin|p2a: Iron Treads\n|-resisted|p2a: Iron Treads\n|-damage|p2a: Iron Treads|88\/100\n|-boost|p1a: Great Tusk|spe|1\n|-sideend|p1: LegacyShowden|Stealth Rock|[from] move: Rapid Spin|[of] p1a: Great Tusk\n|\n|upkeep\n|turn|4\n|\n|t:|1700510024\n|-end|p2a: Iron Treads|Quark Drive|[silent]\n|switch|p2a: Gholdengo|Gholdengo|100\/100\n|-item|p2a: Gholdengo|Air Balloon\n|move|p1a: Great Tusk|Earthquake|p2a: Gholdengo\n|-immune|p2a: Gholdengo\n|\n|upkeep\n|turn|5\n|\n|t:|1700510029\n|-end|p1a: Great Tusk|Protosynthesis|[silent]\n|switch|p1a: Heatran|Heatran, M, shiny|100\/100\n|move|p2a: Gholdengo|Make It Rain|p1a: Heatran\n|-resisted|p1a: Heatran\n|-crit|p1a: Heatran\n|-damage|p1a: Heatran|86\/100\n|-unboost|p2a: Gholdengo|spa|1\n|\n|-heal|p1a: Heatran|92\/100|[from] item: Leftovers\n|upkeep\n|turn|6\n|\n|t:|1700510036\n|switch|p2a: Iron Treads|Iron Treads|88\/100\n|move|p1a: Heatran|Magma Storm|p2a: Iron Treads\n|-supereffective|p2a: Iron Treads\n|-damage|p2a: Iron Treads|0 fnt\n|faint|p2a: Iron Treads\n|-end|p2a: Iron Treads|Quark Drive|[silent]\n|\n|-heal|p1a: Heatran|98\/100|[from] item: Leftovers\n|upkeep\n|\n|t:|1700510044\n|switch|p2a: Dragonite|Dragonite, F|100\/100\n|turn|7\n|\n|t:|1700510050\n|move|p2a: Dragonite|Dragon Dance|p2a: Dragonite\n|-boost|p2a: Dragonite|atk|1\n|-boost|p2a: Dragonite|spe|1\n|move|p1a: Heatran|Will-O-Wisp|p2a: Dragonite\n|-status|p2a: Dragonite|brn\n|\n|-heal|p1a: Heatran|100\/100|[from] item: Leftovers\n|-damage|p2a: Dragonite|95\/100 brn|[from] brn\n|upkeep\n|turn|8\n|\n|t:|1700510061\n|switch|p1a: Gholdengo|Gholdengo|100\/100\n|-item|p1a: Gholdengo|Air Balloon\n|move|p2a: Dragonite|Earthquake|p1a: Gholdengo\n|-immune|p1a: Gholdengo\n|\n|-damage|p2a: Dragonite|89\/100 brn|[from] brn\n|upkeep\n|turn|9\n|\n|t:|1700510066\n|move|p2a: Dragonite|Ice Spinner|p1a: Gholdengo\n|-resisted|p1a: Gholdengo\n|-damage|p1a: Gholdengo|93\/100\n|-enditem|p1a: Gholdengo|Air Balloon\n|move|p1a: Gholdengo|Hex|p2a: Dragonite\n|-damage|p2a: Dragonite|31\/100 brn\n|\n|-damage|p2a: Dragonite|25\/100 brn|[from] brn\n|upkeep\n|turn|10\n|\n|t:|1700510081\n|move|p2a: Dragonite|Dragon Dance|p2a: Dragonite\n|-boost|p2a: Dragonite|atk|1\n|-boost|p2a: Dragonite|spe|1\n|move|p1a: Gholdengo|Make It Rain|p2a: Dragonite\n|-damage|p2a: Dragonite|0 fnt\n|-unboost|p1a: Gholdengo|spa|1\n|faint|p2a: Dragonite\n|\n|upkeep\n|\n|t:|1700510095\n|switch|p2a: Iron Valiant|Iron Valiant|100\/100\n|-enditem|p2a: Iron Valiant|Booster Energy\n|-activate|p2a: Iron Valiant|ability: Quark Drive|[fromitem]\n|-start|p2a: Iron Valiant|quarkdrivespe\n|turn|11\n|\n|t:|1700510101\n|-terastallize|p2a: Iron Valiant|Steel\n|move|p2a: Iron Valiant|Encore|p1a: Gholdengo\n|-immune|p1a: Gholdengo|[from] ability: Good as Gold\n|move|p1a: Gholdengo|Thunder Wave|p2a: Iron Valiant|[miss]\n|-miss|p1a: Gholdengo|p2a: Iron Valiant\n|\n|upkeep\n|turn|12\n|\n|t:|1700510108\n|move|p2a: Iron Valiant|Calm Mind|p2a: Iron Valiant\n|-boost|p2a: Iron Valiant|spa|1\n|-boost|p2a: Iron Valiant|spd|1\n|move|p1a: Gholdengo|Thunder Wave|p2a: Iron Valiant\n|-status|p2a: Iron Valiant|par\n|\n|upkeep\n|turn|13\n|-message|beneux forfeited.\n|\n|win|LegacyShowden\n|raw|LegacyShowden's rating: 1573 &rarr; <strong>1592<\/strong><br \/>(+19 for winning)\n|raw|beneux's rating: 1550 &rarr; <strong>1531<\/strong><br \/>(-19 for losing)\n|l|\u2606beneux\n","uploadtime":1700510120,"views":6,"p1id":"legacyshowden","p2id":"beneux","formatid":"gen9ou","rating":1531,"private":0,"password":""}