{"id":"gen9ou-1995020283","p1":"boom moon","p2":"riverrhodes","format":"[Gen 9] OU","log":"|j|\u2606boom moon\n|j|\u2606riverrhodes\n|t:|1700514089\n|gametype|singles\n|player|p1|boom moon|1|1265\n|player|p2|riverrhodes|brycenman|1363\n|teamsize|p1|6\n|teamsize|p2|6\n|gen|9\n|tier|[Gen 9] OU\n|rated|\n|rule|Sleep Clause Mod: Limit one foe put to sleep\n|rule|Species Clause: Limit one of each Pok\u00e9mon\n|rule|OHKO Clause: OHKO moves are banned\n|rule|Evasion Items Clause: Evasion items are banned\n|rule|Evasion Moves Clause: Evasion moves are banned\n|rule|Endless Battle Clause: Forcing endless battles is banned\n|rule|HP Percentage Mod: HP is shown in percentages\n|clearpoke\n|poke|p1|Greninja-*, M|\n|poke|p1|Kommo-o, F|\n|poke|p1|Scizor, F|\n|poke|p1|Dragonite, M|\n|poke|p1|Breloom, F|\n|poke|p1|Maushold-Four|\n|poke|p2|Ditto|\n|poke|p2|Ting-Lu|\n|poke|p2|Gholdengo|\n|poke|p2|Great Tusk|\n|poke|p2|Iron Valiant|\n|poke|p2|Zapdos|\n|teampreview\n|inactive|Battle timer is ON: inactive players will automatically lose when time's up. (requested by riverrhodes)\n|\n|t:|1700514125\n|start\n|switch|p1a: Maushold|Maushold-Four|100\/100\n|switch|p2a: Ting-Lu|Ting-Lu|100\/100\n|-ability|p2a: Ting-Lu|Vessel of Ruin\n|turn|1\n|\n|t:|1700514143\n|switch|p2a: Gholdengo|Gholdengo, shiny|100\/100\n|move|p1a: Maushold|Tidy Up|p1a: Maushold\n|-boost|p1a: Maushold|atk|1\n|-boost|p1a: Maushold|spe|1\n|\n|upkeep\n|turn|2\n|\n|t:|1700514156\n|move|p1a: Maushold|Bite|p2a: Gholdengo\n|-supereffective|p2a: Gholdengo\n|-damage|p2a: Gholdengo|56\/100\n|cant|p2a: Gholdengo|flinch\n|\n|-heal|p2a: Gholdengo|62\/100|[from] item: Leftovers\n|upkeep\n|turn|3\n|\n|t:|1700514172\n|move|p1a: Maushold|Bite|p2a: Gholdengo\n|-supereffective|p2a: Gholdengo\n|-damage|p2a: Gholdengo|15\/100\n|cant|p2a: Gholdengo|flinch\n|\n|-heal|p2a: Gholdengo|21\/100|[from] item: Leftovers\n|upkeep\n|turn|4\n|c|\u2606riverrhodes|you bastard\n|inactive|riverrhodes has 120 seconds left.\n|\n|t:|1700514199\n|switch|p2a: Great Tusk|Great Tusk, shiny|100\/100\n|move|p1a: Maushold|Bite|p2a: Great Tusk\n|-resisted|p2a: Great Tusk\n|-damage|p2a: Great Tusk|93\/100\n|\n|-heal|p2a: Great Tusk|99\/100|[from] item: Leftovers\n|upkeep\n|turn|5\n|inactive|riverrhodes has 120 seconds left.\n|c|\u2606boom moon|:O\n|c|\u2606boom moon|get fucked\n|\n|t:|1700514223\n|move|p1a: Maushold|Population Bomb|p2a: Great Tusk\n|-damage|p2a: Great Tusk|91\/100\n|-damage|p2a: Great Tusk|83\/100\n|-damage|p2a: Great Tusk|76\/100\n|-damage|p2a: Great Tusk|68\/100\n|-damage|p2a: Great Tusk|60\/100\n|-damage|p2a: Great Tusk|53\/100\n|-damage|p2a: Great Tusk|45\/100\n|-damage|p2a: Great Tusk|38\/100\n|-damage|p2a: Great Tusk|31\/100\n|-damage|p2a: Great Tusk|24\/100\n|-hitcount|p2a: Great Tusk|10\n|move|p2a: Great Tusk|Stealth Rock|p1a: Maushold\n|-sidestart|p1: boom moon|move: Stealth Rock\n|\n|-heal|p2a: Great Tusk|30\/100|[from] item: Leftovers\n|upkeep\n|turn|6\n|\n|t:|1700514241\n|move|p1a: Maushold|Population Bomb|p2a: Great Tusk\n|-damage|p2a: Great Tusk|23\/100\n|-damage|p2a: Great Tusk|15\/100\n|-damage|p2a: Great Tusk|6\/100\n|-damage|p2a: Great Tusk|0 fnt\n|faint|p2a: Great Tusk\n|-end|p2a: Great Tusk|Protosynthesis|[silent]\n|-hitcount|p2: Great Tusk|4\n|\n|upkeep\n|\n|t:|1700514246\n|switch|p2a: Ditto|Ditto, shiny|100\/100\n|-transform|p2a: Ditto|p1a: Maushold|[from] ability: Imposter\n|turn|7\n|\n|t:|1700514255\n|move|p2a: Ditto|Protect|p2a: Ditto\n|-singleturn|p2a: Ditto|Protect\n|move|p1a: Maushold|Protect||[still]\n|-fail|p1a: Maushold\n|\n|upkeep\n|turn|8\n|\n|t:|1700514265\n|switch|p2a: Zapdos|Zapdos, shiny|100\/100\n|move|p1a: Maushold|Population Bomb|p2a: Zapdos\n|-damage|p2a: Zapdos|86\/100\n|-damage|p2a: Zapdos|70\/100\n|-damage|p2a: Zapdos|55\/100\n|-damage|p2a: Zapdos|41\/100\n|-status|p1a: Maushold|par|[from] ability: Static|[of] p2a: Zapdos\n|-damage|p2a: Zapdos|27\/100\n|-damage|p2a: Zapdos|13\/100\n|-damage|p2a: Zapdos|0 fnt\n|faint|p2a: Zapdos\n|-hitcount|p2: Zapdos|7\n|\n|upkeep\n|c|\u2606riverrhodes|well plyed\n|\n|t:|1700514273\n|switch|p2a: Ditto|Ditto, shiny|100\/100\n|-transform|p2a: Ditto|p1a: Maushold|[from] ability: Imposter\n|turn|9\n|\n|t:|1700514279\n|-terastallize|p1a: Maushold|Ghost\n|move|p2a: Ditto|Population Bomb|p1a: Maushold\n|-immune|p1a: Maushold\n|cant|p1a: Maushold|par\n|\n|upkeep\n|turn|10\n|c|\u2606riverrhodes|fucke\n|\n|t:|1700514290\n|switch|p2a: Gholdengo|Gholdengo, shiny|21\/100\n|move|p1a: Maushold|Bite|p2a: Gholdengo\n|-supereffective|p2a: Gholdengo\n|-damage|p2a: Gholdengo|0 fnt\n|faint|p2a: Gholdengo\n|\n|upkeep\n|\n|t:|1700514292\n|switch|p2a: Ditto|Ditto, shiny|100\/100\n|-transform|p2a: Ditto|p1a: Maushold|[from] ability: Imposter\n|-start|p2a: Ditto|typechange|Normal|[silent]\n|turn|11\n|\n|t:|1700514295\n|move|p1a: Maushold|Protect|p1a: Maushold\n|-singleturn|p1a: Maushold|Protect\n|move|p2a: Ditto|Bite|p1a: Maushold\n|-activate|p1a: Maushold|move: Protect\n|\n|upkeep\n|turn|12\n|\n|t:|1700514300\n|move|p2a: Ditto|Bite|p1a: Maushold\n|-supereffective|p1a: Maushold\n|-damage|p1a: Maushold|1\/100 par\n|move|p1a: Maushold|Population Bomb|p2a: Ditto\n|-damage|p2a: Ditto|76\/100\n|-damage|p2a: Ditto|53\/100\n|-crit|p2a: Ditto\n|-damage|p2a: Ditto|13\/100\n|-damage|p2a: Ditto|0 fnt\n|faint|p2a: Ditto\n|-hitcount|p2: Ditto|4\n|\n|upkeep\n|c|\u2606riverrhodes|gg\n|c|\u2606boom moon|wow not your day\n|-message|riverrhodes forfeited.\n|\n|win|boom moon\n|raw|boom moon's rating: 1265 &rarr; <strong>1297<\/strong><br \/>(+32 for winning)\n|raw|riverrhodes's rating: 1363 &rarr; <strong>1338<\/strong><br \/>(-25 for losing)\n|c|\u2606boom moon|gg\n|l|\u2606riverrhodes\n","uploadtime":1700514217,"views":5,"p1id":"boommoon","p2id":"riverrhodes","formatid":"gen9ou","rating":1297,"private":0,"password":""}