{"id":"gen9ou-1991503839","p1":"Swizzlle","p2":"riverrhodes","format":"[Gen 9] OU","log":"|j|\u2606Swizzlle\n|j|\u2606riverrhodes\n|t:|1700082957\n|gametype|singles\n|player|p1|Swizzlle|ingo|1273\n|player|p2|riverrhodes|veteran-gen4|1333\n|teamsize|p1|6\n|teamsize|p2|6\n|gen|9\n|tier|[Gen 9] OU\n|rated|\n|rule|Sleep Clause Mod: Limit one foe put to sleep\n|rule|Species Clause: Limit one of each Pok\u00e9mon\n|rule|OHKO Clause: OHKO moves are banned\n|rule|Evasion Items Clause: Evasion items are banned\n|rule|Evasion Moves Clause: Evasion moves are banned\n|rule|Endless Battle Clause: Forcing endless battles is banned\n|rule|HP Percentage Mod: HP is shown in percentages\n|clearpoke\n|poke|p1|Mudsdale, M|\n|poke|p1|Bellibolt, M|\n|poke|p1|Brambleghast, M|\n|poke|p1|Conkeldurr, M|\n|poke|p1|Umbreon, F|\n|poke|p1|Ursaring, M|\n|poke|p2|Ditto|\n|poke|p2|Samurott-Hisui, M|\n|poke|p2|Gholdengo|\n|poke|p2|Great Tusk|\n|poke|p2|Iron Valiant|\n|poke|p2|Zapdos|\n|teampreview\n|inactive|Battle timer is ON: inactive players will automatically lose when time's up. (requested by Swizzlle)\n|\n|t:|1700082967\n|start\n|switch|p1a: Conkeldurr|Conkeldurr, M|100\/100\n|switch|p2a: Samurott|Samurott-Hisui, M, shiny|100\/100\n|turn|1\n|\n|t:|1700082974\n|move|p2a: Samurott|Ceaseless Edge|p1a: Conkeldurr\n|-resisted|p1a: Conkeldurr\n|-damage|p1a: Conkeldurr|80\/100\n|-sidestart|p1: Swizzlle|Spikes\n|move|p1a: Conkeldurr|Close Combat|p2a: Samurott\n|-supereffective|p2a: Samurott\n|-enditem|p2a: Samurott|Focus Sash\n|-damage|p2a: Samurott|1\/100\n|-unboost|p1a: Conkeldurr|def|1\n|-unboost|p1a: Conkeldurr|spd|1\n|\n|-status|p1a: Conkeldurr|brn|[from] item: Flame Orb\n|upkeep\n|turn|2\n|\n|t:|1700082987\n|move|p1a: Conkeldurr|Mach Punch|p2a: Samurott\n|-supereffective|p2a: Samurott\n|-damage|p2a: Samurott|0 fnt\n|faint|p2a: Samurott\n|\n|-damage|p1a: Conkeldurr|74\/100 brn|[from] brn\n|upkeep\n|\n|t:|1700082993\n|switch|p2a: Great Tusk|Great Tusk, shiny|100\/100\n|turn|3\n|\n|t:|1700083000\n|switch|p1a: Mudsdale|Mudsdale, M|100\/100\n|-damage|p1a: Mudsdale|88\/100|[from] Spikes\n|move|p2a: Great Tusk|Stealth Rock|p1a: Mudsdale\n|-sidestart|p1: Swizzlle|move: Stealth Rock\n|\n|-heal|p1a: Mudsdale|94\/100|[from] item: Leftovers\n|upkeep\n|turn|4\n|\n|t:|1700083009\n|-end|p2a: Great Tusk|Protosynthesis|[silent]\n|switch|p2a: Zapdos|Zapdos, shiny|100\/100\n|move|p1a: Mudsdale|Stealth Rock|p2a: Zapdos\n|-sidestart|p2: riverrhodes|move: Stealth Rock\n|\n|-heal|p1a: Mudsdale|100\/100|[from] item: Leftovers\n|upkeep\n|turn|5\n|\n|t:|1700083017\n|switch|p1a: Brambleghast|Brambleghast, M|100\/100\n|move|p2a: Zapdos|Hurricane|p1a: Brambleghast\n|-ability|p1a: Brambleghast|Wind Rider|boost\n|-boost|p1a: Brambleghast|atk|1\n|\n|upkeep\n|turn|6\n|\n|t:|1700083024\n|move|p1a: Brambleghast|Rapid Spin|p2a: Zapdos\n|-damage|p2a: Zapdos|78\/100\n|-boost|p1a: Brambleghast|spe|1\n|-sideend|p1: Swizzlle|Spikes|[from] move: Rapid Spin|[of] p1a: Brambleghast\n|-sideend|p1: Swizzlle|Stealth Rock|[from] move: Rapid Spin|[of] p1a: Brambleghast\n|move|p2a: Zapdos|Heat Wave|p1a: Brambleghast\n|-ability|p1a: Brambleghast|Wind Rider|boost\n|-boost|p1a: Brambleghast|atk|1\n|\n|upkeep\n|turn|7\n|c|\u2606Swizzlle|dawg\n|c|\u2606riverrhodes|bruh\n|c|\u2606riverrhodes|how is heat wind\n|c|\u2606Swizzlle|honestly\n|\n|t:|1700083047\n|move|p1a: Brambleghast|Poltergeist|p2a: Zapdos\n|-activate|p2a: Zapdos|move: Poltergeist|Heavy-Duty Boots\n|-damage|p2a: Zapdos|0 fnt\n|faint|p2a: Zapdos\n|\n|upkeep\n|c|\u2606Swizzlle|im with u on that\n|c|\u2606Swizzlle|but i saw that shit in a blunder video it was crazy\n|\n|t:|1700083058\n|switch|p2a: Ditto|Ditto, shiny|100\/100\n|-damage|p2a: Ditto|88\/100|[from] Stealth Rock\n|-transform|p2a: Ditto|p1a: Brambleghast|[from] ability: Imposter\n|turn|8\n|inactive|riverrhodes has 120 seconds left.\n|c|\u2606Swizzlle|the counter\n|\n|t:|1700083075\n|switch|p1a: Ursaring|Ursaring, M|100\/100\n|move|p2a: Ditto|Poltergeist|p1a: Ursaring\n|-immune|p1a: Ursaring\n|\n|upkeep\n|turn|9\n|\n|t:|1700083082\n|switch|p2a: Gholdengo|Gholdengo, shiny|100\/100\n|-damage|p2a: Gholdengo|94\/100|[from] Stealth Rock\n|move|p1a: Ursaring|Bulk Up|p1a: Ursaring\n|-boost|p1a: Ursaring|atk|1\n|-boost|p1a: Ursaring|def|1\n|\n|-heal|p2a: Gholdengo|100\/100|[from] item: Leftovers\n|upkeep\n|turn|10\n|c|\u2606riverrhodes|yeahhhhh\n|\n|t:|1700083092\n|move|p2a: Gholdengo|Thunder Wave|p1a: Ursaring\n|-status|p1a: Ursaring|par\n|move|p1a: Ursaring|Earthquake|p2a: Gholdengo\n|-supereffective|p2a: Gholdengo\n|-damage|p2a: Gholdengo|11\/100\n|\n|-heal|p2a: Gholdengo|17\/100|[from] item: Leftovers\n|upkeep\n|turn|11\n|\n|t:|1700083105\n|-terastallize|p2a: Gholdengo|Flying\n|move|p2a: Gholdengo|Recover|p2a: Gholdengo\n|-heal|p2a: Gholdengo|67\/100\n|cant|p1a: Ursaring|par\n|\n|-heal|p2a: Gholdengo|73\/100|[from] item: Leftovers\n|upkeep\n|turn|12\n|\n|t:|1700083114\n|move|p2a: Gholdengo|Nasty Plot|p2a: Gholdengo\n|-boost|p2a: Gholdengo|spa|2\n|cant|p1a: Ursaring|par\n|\n|-heal|p2a: Gholdengo|79\/100|[from] item: Leftovers\n|upkeep\n|turn|13\n|\n|t:|1700083122\n|move|p2a: Gholdengo|Hex|p1a: Ursaring\n|-immune|p1a: Ursaring\n|move|p1a: Ursaring|Body Slam|p2a: Gholdengo\n|-damage|p2a: Gholdengo|24\/100\n|\n|-heal|p2a: Gholdengo|30\/100|[from] item: Leftovers\n|upkeep\n|turn|14\n|c|\u2606riverrhodes|dog\n|c|\u2606Swizzlle|??\n|c|\u2606riverrhodes|okay im on idiot shit rn\n|c|\u2606Swizzlle|thats pn u bro\n|\n|t:|1700083138\n|switch|p2a: Iron Valiant|Iron Valiant, shiny|100\/100\n|-damage|p2a: Iron Valiant|94\/100|[from] Stealth Rock\n|move|p1a: Ursaring|Body Slam|p2a: Iron Valiant\n|-damage|p2a: Iron Valiant|0 fnt\n|faint|p2a: Iron Valiant\n|-end|p2a: Iron Valiant|Quark Drive|[silent]\n|\n|upkeep\n|c|\u2606Swizzlle|LOL\n|c|\u2606Swizzlle|happens\n|c|\u2606Swizzlle|dw abt it\n|\n|t:|1700083146\n|switch|p2a: Ditto|Ditto, shiny|88\/100\n|-damage|p2a: Ditto|76\/100|[from] Stealth Rock\n|-transform|p2a: Ditto|p1a: Ursaring|[from] ability: Imposter\n|turn|15\n|c|\u2606Swizzlle|oh he dont get the para???\n|c|\u2606Swizzlle|thats wild\n|inactive|riverrhodes has 120 seconds left.\n|\n|t:|1700083171\n|switch|p1a: Mudsdale|Mudsdale, M|100\/100\n|move|p2a: Ditto|Body Slam|p1a: Mudsdale\n|-damage|p1a: Mudsdale|68\/100\n|-ability|p1a: Mudsdale|Stamina|boost\n|-boost|p1a: Mudsdale|def|1\n|\n|-heal|p1a: Mudsdale|74\/100|[from] item: Leftovers\n|upkeep\n|turn|16\n|\n|t:|1700083181\n|switch|p2a: Gholdengo|Gholdengo, shiny, tera:Flying|30\/100\n|-damage|p2a: Gholdengo|5\/100|[from] Stealth Rock\n|move|p1a: Mudsdale|Body Press|p2a: Gholdengo\n|-resisted|p2a: Gholdengo\n|-damage|p2a: Gholdengo|0 fnt\n|faint|p2a: Gholdengo\n|\n|-heal|p1a: Mudsdale|80\/100|[from] item: Leftovers\n|upkeep\n|\n|t:|1700083187\n|switch|p2a: Great Tusk|Great Tusk, shiny|100\/100\n|-damage|p2a: Great Tusk|98\/100|[from] Stealth Rock\n|turn|17\n|\n|t:|1700083196\n|move|p2a: Great Tusk|Stealth Rock|p1a: Mudsdale\n|-sidestart|p1: Swizzlle|move: Stealth Rock\n|move|p1a: Mudsdale|Body Press|p2a: Great Tusk\n|-damage|p2a: Great Tusk|79\/100\n|\n|-heal|p2a: Great Tusk|86\/100|[from] item: Leftovers\n|-heal|p1a: Mudsdale|86\/100|[from] item: Leftovers\n|upkeep\n|turn|18\n|\n|t:|1700083208\n|move|p2a: Great Tusk|Knock Off|p1a: Mudsdale\n|-damage|p1a: Mudsdale|74\/100\n|-ability|p1a: Mudsdale|Stamina|boost\n|-boost|p1a: Mudsdale|def|1\n|-enditem|p1a: Mudsdale|Leftovers|[from] move: Knock Off|[of] p2a: Great Tusk\n|move|p1a: Mudsdale|Body Press|p2a: Great Tusk\n|-damage|p2a: Great Tusk|63\/100\n|\n|-heal|p2a: Great Tusk|69\/100|[from] item: Leftovers\n|upkeep\n|turn|19\n|\n|t:|1700083222\n|move|p2a: Great Tusk|Rapid Spin|p1a: Mudsdale\n|-damage|p1a: Mudsdale|70\/100\n|-boost|p2a: Great Tusk|spe|1\n|-ability|p1a: Mudsdale|Stamina|boost\n|-boost|p1a: Mudsdale|def|1\n|-sideend|p2: riverrhodes|Stealth Rock|[from] move: Rapid Spin|[of] p2a: Great Tusk\n|move|p1a: Mudsdale|Body Press|p2a: Great Tusk\n|-damage|p2a: Great Tusk|38\/100\n|\n|-heal|p2a: Great Tusk|44\/100|[from] item: Leftovers\n|upkeep\n|turn|20\n|\n|t:|1700083232\n|move|p2a: Great Tusk|Earthquake|p1a: Mudsdale\n|-damage|p1a: Mudsdale|59\/100\n|-ability|p1a: Mudsdale|Stamina|boost\n|-boost|p1a: Mudsdale|def|1\n|move|p1a: Mudsdale|Stealth Rock|p2a: Great Tusk\n|-sidestart|p2: riverrhodes|move: Stealth Rock\n|\n|-heal|p2a: Great Tusk|50\/100|[from] item: Leftovers\n|upkeep\n|turn|21\n|\n|t:|1700083241\n|move|p2a: Great Tusk|Earthquake|p1a: Mudsdale\n|-damage|p1a: Mudsdale|50\/100\n|-ability|p1a: Mudsdale|Stamina|boost\n|-boost|p1a: Mudsdale|def|1\n|move|p1a: Mudsdale|Body Press|p2a: Great Tusk\n|-damage|p2a: Great Tusk|6\/100\n|\n|-heal|p2a: Great Tusk|12\/100|[from] item: Leftovers\n|upkeep\n|turn|22\n|\n|t:|1700083252\n|switch|p1a: Brambleghast|Brambleghast, M|100\/100\n|move|p2a: Great Tusk|Earthquake|p1a: Brambleghast\n|-resisted|p1a: Brambleghast\n|-damage|p1a: Brambleghast|61\/100\n|\n|-heal|p2a: Great Tusk|18\/100|[from] item: Leftovers\n|upkeep\n|turn|23\n|\n|t:|1700083261\n|move|p2a: Great Tusk|Rapid Spin|p1a: Brambleghast\n|-immune|p1a: Brambleghast\n|move|p1a: Brambleghast|Power Whip|p2a: Great Tusk\n|-supereffective|p2a: Great Tusk\n|-damage|p2a: Great Tusk|0 fnt\n|faint|p2a: Great Tusk\n|-end|p2a: Great Tusk|Protosynthesis|[silent]\n|\n|upkeep\n|\n|t:|1700083264\n|switch|p2a: Ditto|Ditto, shiny|76\/100\n|-damage|p2a: Ditto|63\/100|[from] Stealth Rock\n|-transform|p2a: Ditto|p1a: Brambleghast|[from] ability: Imposter\n|turn|24\n|c|\u2606riverrhodes|gg wp\n|\n|t:|1700083274\n|move|p1a: Brambleghast|Shadow Sneak|p2a: Ditto\n|-supereffective|p2a: Ditto\n|-damage|p2a: Ditto|8\/100\n|move|p2a: Ditto|Power Whip|p1a: Brambleghast\n|-resisted|p1a: Brambleghast\n|-damage|p1a: Brambleghast|14\/100\n|\n|upkeep\n|turn|25\n|c|\u2606Swizzlle|gg\n|\n|t:|1700083281\n|move|p1a: Brambleghast|Shadow Sneak|p2a: Ditto\n|-supereffective|p2a: Ditto\n|-damage|p2a: Ditto|0 fnt\n|faint|p2a: Ditto\n|\n|win|Swizzlle\n|raw|Swizzlle's rating: 1273 &rarr; <strong>1302<\/strong><br \/>(+29 for winning)\n|raw|riverrhodes's rating: 1333 &rarr; <strong>1310<\/strong><br \/>(-23 for losing)\n|l|\u2606riverrhodes\n","uploadtime":1700083291,"views":18,"p1id":"swizzlle","p2id":"riverrhodes","formatid":"gen9ou","rating":1302,"private":0,"password":""}