{"id":"gen9ou-1999968687","p1":"Dinozan","p2":"AlexTNT2","format":"[Gen 9] OU","log":"|j|\u2606Dinozan\n|j|\u2606AlexTNT2\n|t:|1701135799\n|gametype|singles\n|player|p1|Dinozan|169|1089\n|player|p2|AlexTNT2|blackbelt|1039\n|teamsize|p1|6\n|teamsize|p2|6\n|gen|9\n|tier|[Gen 9] OU\n|rated|\n|rule|Sleep Clause Mod: Limit one foe put to sleep\n|rule|Species Clause: Limit one of each Pok\u00e9mon\n|rule|OHKO Clause: OHKO moves are banned\n|rule|Evasion Items Clause: Evasion items are banned\n|rule|Evasion Moves Clause: Evasion moves are banned\n|rule|Endless Battle Clause: Forcing endless battles is banned\n|rule|HP Percentage Mod: HP is shown in percentages\n|clearpoke\n|poke|p1|Torterra, F|\n|poke|p1|Lucario, F|\n|poke|p1|Umbreon, M|\n|poke|p1|Dragonite, F|\n|poke|p1|Gardevoir, F|\n|poke|p1|Heatran, F|\n|poke|p2|Hatterene, F|\n|poke|p2|Blissey, F|\n|poke|p2|Alomomola, F|\n|poke|p2|Landorus-Therian, M|\n|poke|p2|Corviknight, M|\n|poke|p2|Rillaboom, F|\n|teampreview\n|inactive|Battle timer is ON: inactive players will automatically lose when time's up. (requested by Dinozan)\n|\n|t:|1701135814\n|start\n|switch|p1a: Heatran|Heatran, F|100\/100\n|switch|p2a: Rillaboom|Rillaboom, F|100\/100\n|-fieldstart|move: Grassy Terrain|[from] ability: Grassy Surge|[of] p2a: Rillaboom\n|turn|1\n|\n|t:|1701135822\n|-terastallize|p1a: Heatran|Grass\n|move|p2a: Rillaboom|Fake Out|p1a: Heatran\n|-damage|p1a: Heatran|85\/100\n|-damage|p2a: Rillaboom|91\/100|[from] item: Life Orb\n|cant|p1a: Heatran|flinch\n|\n|-heal|p2a: Rillaboom|97\/100|[from] Grassy Terrain\n|-heal|p1a: Heatran|92\/100|[from] Grassy Terrain\n|upkeep\n|turn|2\n|\n|t:|1701135833\n|switch|p2a: Hatterene|Hatterene, F|100\/100\n|move|p1a: Heatran|Flamethrower|p2a: Hatterene\n|-damage|p2a: Hatterene|49\/100\n|\n|-heal|p1a: Heatran|98\/100|[from] Grassy Terrain\n|-heal|p2a: Hatterene|55\/100|[from] Grassy Terrain\n|-heal|p2a: Hatterene|61\/100|[from] item: Leftovers\n|upkeep\n|turn|3\n|\n|t:|1701135843\n|move|p1a: Heatran|Flash Cannon|p2a: Hatterene\n|-supereffective|p2a: Hatterene\n|-damage|p2a: Hatterene|0 fnt\n|faint|p2a: Hatterene\n|\n|-heal|p1a: Heatran|100\/100|[from] Grassy Terrain\n|upkeep\n|\n|t:|1701135850\n|switch|p2a: Blissey|Blissey, F|100\/100\n|turn|4\n|c|\u2606Dinozan|Fuck trixk room\n|c|\u2606Dinozan|all my homies hate trick room\n|\n|t:|1701135870\n|switch|p1a: Umbreon|Umbreon, M, shiny|100\/100\n|move|p2a: Blissey|Stealth Rock|p1a: Umbreon\n|-sidestart|p1: Dinozan|move: Stealth Rock\n|\n|upkeep\n|turn|5\n|\n|t:|1701135877\n|switch|p2a: Corviknight|Corviknight, M|100\/100\n|-ability|p2a: Corviknight|Pressure\n|move|p1a: Umbreon|Toxic|p2a: Corviknight\n|-immune|p2a: Corviknight\n|\n|-fieldend|move: Grassy Terrain\n|upkeep\n|turn|6\n|\n|t:|1701135888\n|move|p2a: Corviknight|Body Press|p1a: Umbreon\n|-supereffective|p1a: Umbreon\n|-damage|p1a: Umbreon|68\/100\n|move|p1a: Umbreon|Wish|p1a: Umbreon\n|\n|-heal|p1a: Umbreon|74\/100|[from] item: Leftovers\n|upkeep\n|turn|7\n|\n|t:|1701135906\n|switch|p1a: Gardevoir|Gardevoir, F|100\/100\n|-damage|p1a: Gardevoir|88\/100|[from] Stealth Rock\n|-ability|p1a: Gardevoir|Pressure\n|-ability|p1a: Gardevoir|Pressure|[from] ability: Trace|[of] p2a: Corviknight\n|move|p2a: Corviknight|Bulk Up|p2a: Corviknight\n|-boost|p2a: Corviknight|atk|1\n|-boost|p2a: Corviknight|def|1\n|\n|-heal|p1a: Gardevoir|100\/100|[from] move: Wish|[wisher] Umbreon\n|upkeep\n|turn|8\n|\n|t:|1701135926\n|move|p1a: Gardevoir|Trick|p2a: Corviknight\n|-activate|p1a: Gardevoir|move: Trick|[of] p2a: Corviknight\n|-item|p2a: Corviknight|Choice Scarf|[from] move: Trick\n|-item|p1a: Gardevoir|Heavy-Duty Boots|[from] move: Trick\n|move|p2a: Corviknight|Body Press|p1a: Gardevoir\n|-resisted|p1a: Gardevoir\n|-damage|p1a: Gardevoir|87\/100\n|\n|upkeep\n|turn|9\n|\n|t:|1701135936\n|switch|p2a: Blissey|Blissey, F|100\/100\n|move|p1a: Gardevoir|Thunderbolt|p2a: Blissey\n|-damage|p2a: Blissey|91\/100\n|-status|p2a: Blissey|par\n|\n|-heal|p2a: Blissey|97\/100 par|[from] item: Leftovers\n|upkeep\n|turn|10\n|\n|t:|1701135943\n|switch|p1a: Torterra|Torterra, F|100\/100\n|-damage|p1a: Torterra|94\/100|[from] Stealth Rock\n|move|p2a: Blissey|Heal Bell|p2a: Blissey\n|-activate|p2a: Blissey|move: Heal Bell\n|-curestatus|p2a: Blissey|par|[msg]\n|\n|-heal|p2a: Blissey|100\/100|[from] item: Leftovers\n|upkeep\n|turn|11\n|\n|t:|1701135955\n|move|p1a: Torterra|Shell Smash|p1a: Torterra\n|-unboost|p1a: Torterra|def|1\n|-unboost|p1a: Torterra|spd|1\n|-boost|p1a: Torterra|atk|2\n|-boost|p1a: Torterra|spa|2\n|-boost|p1a: Torterra|spe|2\n|-enditem|p1a: Torterra|White Herb\n|-clearnegativeboost|p1a: Torterra|[silent]\n|move|p2a: Blissey|Seismic Toss|p1a: Torterra\n|-damage|p1a: Torterra|64\/100\n|\n|upkeep\n|turn|12\n|\n|t:|1701135975\n|switch|p2a: Landorus|Landorus-Therian, M|100\/100\n|-ability|p2a: Landorus|Intimidate|boost\n|-unboost|p1a: Torterra|atk|1\n|move|p1a: Torterra|Rock Slide|p2a: Landorus\n|-damage|p2a: Landorus|54\/100\n|\n|upkeep\n|turn|13\n|inactive|AlexTNT2 has 120 seconds left.\n|\n|t:|1701136025\n|switch|p2a: Alomomola|Alomomola, F|100\/100\n|move|p1a: Torterra|Wood Hammer|p2a: Alomomola\n|-supereffective|p2a: Alomomola\n|-damage|p2a: Alomomola|0 fnt\n|-damage|p1a: Torterra|48\/100|[from] item: Rocky Helmet|[of] p2a: Alomomola\n|faint|p2a: Alomomola\n|-damage|p1a: Torterra|0 fnt|[from] Recoil\n|faint|p1a: Torterra\n|\n|upkeep\n|inactive|AlexTNT2 has 90 seconds left.\n|\n|t:|1701136042\n|switch|p2a: Rillaboom|Rillaboom, F|97\/100\n|switch|p1a: Dragonite|Dragonite, F|100\/100\n|-fieldstart|move: Grassy Terrain|[from] ability: Grassy Surge|[of] p2a: Rillaboom\n|-damage|p1a: Dragonite|76\/100|[from] Stealth Rock\n|turn|14\n|\n|t:|1701136048\n|move|p2a: Rillaboom|Fake Out|p1a: Dragonite\n|-damage|p1a: Dragonite|56\/100\n|-damage|p2a: Rillaboom|87\/100|[from] item: Life Orb\n|cant|p1a: Dragonite|flinch\n|\n|-heal|p2a: Rillaboom|93\/100|[from] Grassy Terrain\n|upkeep\n|turn|15\n|\n|t:|1701136058\n|-terastallize|p2a: Rillaboom|Grass\n|move|p2a: Rillaboom|Grassy Glide|p1a: Dragonite\n|-resisted|p1a: Dragonite\n|-damage|p1a: Dragonite|40\/100\n|-damage|p2a: Rillaboom|83\/100|[from] item: Life Orb\n|move|p1a: Dragonite|Ice Spinner|p2a: Rillaboom\n|-supereffective|p2a: Rillaboom\n|-damage|p2a: Rillaboom|0 fnt\n|-fieldend|move: Grassy Terrain\n|faint|p2a: Rillaboom\n|\n|upkeep\n|inactive|AlexTNT2 has 90 seconds left.\n|\n|t:|1701136069\n|switch|p2a: Corviknight|Corviknight, M|100\/100\n|-ability|p2a: Corviknight|Pressure\n|turn|16\n|\n|t:|1701136078\n|switch|p1a: Lucario|Lucario, F|100\/100\n|-damage|p1a: Lucario|98\/100|[from] Stealth Rock\n|move|p2a: Corviknight|Bulk Up|p2a: Corviknight\n|-boost|p2a: Corviknight|atk|1\n|-boost|p2a: Corviknight|def|1\n|\n|upkeep\n|turn|17\n|\n|t:|1701136088\n|switch|p2a: Landorus|Landorus-Therian, M|54\/100\n|-ability|p2a: Landorus|Intimidate|boost\n|-unboost|p1a: Lucario|atk|1\n|move|p1a: Lucario|Aura Sphere|p2a: Landorus\n|-resisted|p2a: Landorus\n|-damage|p2a: Landorus|16\/100\n|\n|upkeep\n|turn|18\n|\n|t:|1701136100\n|switch|p1a: Heatran|Heatran, F, tera:Grass|100\/100\n|-damage|p1a: Heatran|88\/100|[from] Stealth Rock\n|move|p2a: Landorus|Earthquake|p1a: Heatran\n|-resisted|p1a: Heatran\n|-damage|p1a: Heatran|55\/100\n|\n|upkeep\n|turn|19\n|\n|t:|1701136108\n|switch|p2a: Corviknight|Corviknight, M|100\/100\n|-ability|p2a: Corviknight|Pressure\n|move|p1a: Heatran|Flamethrower|p2a: Corviknight\n|-supereffective|p2a: Corviknight\n|-damage|p2a: Corviknight|2\/100\n|\n|upkeep\n|turn|20\n|\n|t:|1701136119\n|move|p2a: Corviknight|Body Press|p1a: Heatran\n|-damage|p1a: Heatran|39\/100\n|move|p1a: Heatran|Flamethrower|p2a: Corviknight\n|-supereffective|p2a: Corviknight\n|-damage|p2a: Corviknight|0 fnt\n|faint|p2a: Corviknight\n|\n|upkeep\n|\n|t:|1701136127\n|switch|p2a: Landorus|Landorus-Therian, M|16\/100\n|-ability|p2a: Landorus|Intimidate|boost\n|-unboost|p1a: Heatran|atk|1\n|turn|21\n|\n|t:|1701136155\n|move|p2a: Landorus|U-turn|p1a: Heatran\n|-supereffective|p1a: Heatran\n|-damage|p1a: Heatran|0 fnt\n|faint|p1a: Heatran\n|\n|t:|1701136159\n|switch|p2a: Blissey|Blissey, F|100\/100|[from] U-turn\n|\n|upkeep\n|\n|t:|1701136172\n|switch|p1a: Dragonite|Dragonite, F|40\/100\n|-damage|p1a: Dragonite|15\/100|[from] Stealth Rock\n|turn|22\n|inactive|AlexTNT2 has 90 seconds left.\n|\n|t:|1701136198\n|switch|p2a: Landorus|Landorus-Therian, M|16\/100\n|-ability|p2a: Landorus|Intimidate|boost\n|-unboost|p1a: Dragonite|atk|1\n|move|p1a: Dragonite|Outrage|p2a: Landorus\n|-damage|p2a: Landorus|0 fnt\n|faint|p2a: Landorus\n|\n|upkeep\n|inactive|AlexTNT2 has 90 seconds left.\n|\n|t:|1701136204\n|switch|p2a: Blissey|Blissey, F|100\/100\n|turn|23\n|c|\u2606Dinozan|Fuck pink\n|c|\u2606Dinozan|stupid egg bitch\n|c|\u2606Dinozan|make omlette\n|\n|t:|1701136220\n|move|p1a: Dragonite|Outrage|p2a: Blissey|[from]lockedmove\n|-damage|p2a: Blissey|0 fnt\n|faint|p2a: Blissey\n|-start|p1a: Dragonite|confusion|[fatigue]\n|\n|win|Dinozan\n|raw|Dinozan's rating: 1089 &rarr; <strong>1112<\/strong><br \/>(+23 for winning)\n|raw|AlexTNT2's rating: 1039 &rarr; <strong>1025<\/strong><br \/>(-14 for losing)\n","uploadtime":1701136213,"views":4,"p1id":"dinozan","p2id":"alextnt2","formatid":"gen9ou","rating":1025,"private":0,"password":""}