{"id":"gen9ou-1993118643","p1":"Lasagana Crustle","p2":"N-Zoroark stan","format":"[Gen 9] OU","log":"|j|\u2606Lasagana Crustle\n|j|\u2606N-Zoroark stan\n|t:|1700266948\n|gametype|singles\n|player|p1|Lasagana Crustle|skyla-masters|\n|player|p2|N-Zoroark stan|riley|\n|teamsize|p1|6\n|teamsize|p2|6\n|gen|9\n|tier|[Gen 9] OU\n|rule|Sleep Clause Mod: Limit one foe put to sleep\n|rule|Species Clause: Limit one of each Pok\u00e9mon\n|rule|OHKO Clause: OHKO moves are banned\n|rule|Evasion Items Clause: Evasion items are banned\n|rule|Evasion Moves Clause: Evasion moves are banned\n|rule|Endless Battle Clause: Forcing endless battles is banned\n|rule|HP Percentage Mod: HP is shown in percentages\n|clearpoke\n|poke|p1|Iron Valiant|\n|poke|p1|Iron Treads|\n|poke|p1|Hawlucha, M|\n|poke|p1|Regidrago|\n|poke|p1|Pincurchin, M|\n|poke|p1|Iron Moth|\n|poke|p2|Alomomola, F|\n|poke|p2|Slowking-Galar, M|\n|poke|p2|Zoroark-Hisui, F|\n|poke|p2|Corviknight, F|\n|poke|p2|Ting-Lu|\n|poke|p2|Dragonite, F|\n|teampreview\n|inactive|Battle timer is ON: inactive players will automatically lose when time's up. (requested by N-Zoroark stan)\n|j| J.Yugan\n|j| Zoroark is so cute\n|j| 4R4CH1S\n|c|\u2606Lasagana Crustle|this one doesnt have a felony set i think\n|c|\u2606N-Zoroark stan|you said locked team...\n|c| 4R4CH1S|Regidrago \ud83d\udd25\n|c|\u2606Lasagana Crustle|IM NOT USING THAT GAMBIT EVER AGAIN\n|inactive|Lasagana Crustle has 270 seconds left.\n|inactive|N-Zoroark stan has 270 seconds left.\n|c|\u2606N-Zoroark stan|pussy\n|c|\u2606Lasagana Crustle|you want to use that gambit?\n|c|\u2606N-Zoroark stan|no\n|c|\u2606Lasagana Crustle|be fr\n|inactive|N-Zoroark stan has 240 seconds left.\n|inactive|Lasagana Crustle has 240 seconds left.\n|\n|t:|1700267031\n|start\n|switch|p1a: Iron Treads|Iron Treads, shiny|100\/100\n|switch|p2a: Corviknight|Corviknight, F|100\/100\n|-item|p1a: Iron Treads|Air Balloon\n|-ability|p2a: Corviknight|Pressure\n|turn|1\n|\n|t:|1700267053\n|move|p1a: Iron Treads|Stealth Rock|p2a: Corviknight\n|-sidestart|p2: N-Zoroark stan|move: Stealth Rock\n|move|p2a: Corviknight|Body Press|p1a: Iron Treads\n|-supereffective|p1a: Iron Treads\n|-damage|p1a: Iron Treads|53\/100\n|-enditem|p1a: Iron Treads|Air Balloon\n|\n|upkeep\n|turn|2\n|\n|t:|1700267060\n|-end|p1a: Iron Treads|Quark Drive|[silent]\n|switch|p1a: Iron Moth|Iron Moth|100\/100\n|move|p2a: Corviknight|Defog|p1a: Iron Moth\n|-unboost|p1a: Iron Moth|evasion|1\n|-sideend|p2: N-Zoroark stan|Stealth Rock|[from] move: Defog|[of] p2a: Corviknight\n|\n|upkeep\n|turn|3\n|\n|t:|1700267064\n|switch|p2a: Ting-Lu|Ting-Lu|100\/100\n|-ability|p2a: Ting-Lu|Vessel of Ruin\n|move|p1a: Iron Moth|Fiery Dance|p2a: Ting-Lu\n|-damage|p2a: Ting-Lu|83\/100\n|\n|-heal|p2a: Ting-Lu|90\/100|[from] item: Leftovers\n|upkeep\n|turn|4\n|\n|t:|1700267070\n|-end|p1a: Iron Moth|Quark Drive|[silent]\n|switch|p1a: Hawlucha|Hawlucha, M|100\/100\n|move|p2a: Ting-Lu|Stealth Rock|p1a: Hawlucha\n|-sidestart|p1: Lasagana Crustle|move: Stealth Rock\n|\n|-heal|p2a: Ting-Lu|96\/100|[from] item: Leftovers\n|upkeep\n|turn|5\n|\n|t:|1700267077\n|move|p1a: Hawlucha|Fire Punch|p2a: Ting-Lu\n|-damage|p2a: Ting-Lu|83\/100\n|move|p2a: Ting-Lu|Ruination|p1a: Hawlucha\n|-damage|p1a: Hawlucha|51\/100\n|\n|-heal|p2a: Ting-Lu|89\/100|[from] item: Leftovers\n|upkeep\n|turn|6\n|\n|t:|1700267081\n|switch|p2a: Corviknight|Corviknight, F|100\/100\n|-ability|p2a: Corviknight|Pressure\n|move|p1a: Hawlucha|Close Combat|p2a: Corviknight\n|-damage|p2a: Corviknight|70\/100\n|-unboost|p1a: Hawlucha|def|1\n|-unboost|p1a: Hawlucha|spd|1\n|-damage|p1a: Hawlucha|34\/100|[from] item: Rocky Helmet|[of] p2a: Corviknight\n|\n|upkeep\n|turn|7\n|\n|t:|1700267087\n|switch|p1a: Iron Moth|Iron Moth|100\/100\n|switch|p2a: Slowking|Slowking-Galar, M|100\/100\n|\n|upkeep\n|turn|8\n|\n|t:|1700267102\n|move|p1a: Iron Moth|Fiery Dance|p2a: Slowking\n|-damage|p2a: Slowking|72\/100\n|move|p2a: Slowking|Future Sight|p1a: Iron Moth\n|-start|p2a: Slowking|move: Future Sight\n|\n|-heal|p2a: Slowking|78\/100|[from] item: Leftovers\n|upkeep\n|turn|9\n|\n|t:|1700267110\n|move|p1a: Iron Moth|Fiery Dance|p2a: Slowking\n|-damage|p2a: Slowking|49\/100\n|-boost|p1a: Iron Moth|spa|1\n|move|p2a: Slowking|Chilly Reception|p2a: Slowking\n|-weather|Snow\n|\n|t:|1700267118\n|switch|p2a: Ting-Lu|Ting-Lu|89\/100|[from] Chilly Reception\n|-ability|p2a: Ting-Lu|Vessel of Ruin\n|\n|-weather|Snow|[upkeep]\n|-heal|p2a: Ting-Lu|95\/100|[from] item: Leftovers\n|upkeep\n|turn|10\n|c|\u2606Lasagana Crustle|my tera goes hard \ud83e\udd76\n|inactive|Lasagana Crustle has 270 seconds left.\n|\n|t:|1700267154\n|-end|p1a: Iron Moth|Quark Drive|[silent]\n|switch|p1a: Pincurchin|Pincurchin, M|100\/100\n|-damage|p1a: Pincurchin|88\/100|[from] Stealth Rock\n|-fieldstart|move: Electric Terrain|[from] ability: Electric Surge|[of] p1a: Pincurchin\n|move|p2a: Ting-Lu|Earthquake|p1a: Pincurchin\n|-supereffective|p1a: Pincurchin\n|-damage|p1a: Pincurchin|23\/100\n|\n|-weather|Snow|[upkeep]\n|-end|p1a: Pincurchin|move: Future Sight\n|-damage|p1a: Pincurchin|0 fnt\n|faint|p1a: Pincurchin\n|-heal|p2a: Ting-Lu|100\/100|[from] item: Leftovers\n|upkeep\n|\n|t:|1700267158\n|switch|p1a: Iron Valiant|Iron Valiant|100\/100\n|-damage|p1a: Iron Valiant|94\/100|[from] Stealth Rock\n|-activate|p1a: Iron Valiant|ability: Quark Drive\n|-start|p1a: Iron Valiant|quarkdrivespe\n|turn|11\n|inactive|Lasagana Crustle has 270 seconds left.\n|\n|t:|1700267170\n|switch|p2a: Alomomola|Alomomola, F|100\/100\n|move|p1a: Iron Valiant|Knock Off|p2a: Alomomola\n|-damage|p2a: Alomomola|82\/100\n|-enditem|p2a: Alomomola|Red Card|[from] move: Knock Off|[of] p1a: Iron Valiant\n|\n|-weather|Snow|[upkeep]\n|upkeep\n|turn|12\n|l| Zoroark is so cute\n|\n|t:|1700267176\n|move|p1a: Iron Valiant|Thunderbolt|p2a: Alomomola\n|-supereffective|p2a: Alomomola\n|-damage|p2a: Alomomola|7\/100\n|-status|p2a: Alomomola|par\n|move|p2a: Alomomola|Acrobatics|p1a: Iron Valiant\n|-supereffective|p1a: Iron Valiant\n|-damage|p1a: Iron Valiant|44\/100\n|\n|-weather|Snow|[upkeep]\n|upkeep\n|turn|13\n|j| Zoroark is so cute\n|\n|t:|1700267187\n|switch|p2a: Slowking|Slowking-Galar, M|83\/100\n|move|p1a: Iron Valiant|Moonblast|p2a: Slowking\n|-resisted|p2a: Slowking\n|-damage|p2a: Slowking|68\/100\n|\n|-weather|none\n|-heal|p2a: Slowking|74\/100|[from] item: Leftovers\n|upkeep\n|turn|14\n|\n|t:|1700267199\n|-end|p1a: Iron Valiant|Quark Drive|[silent]\n|switch|p1a: Iron Treads|Iron Treads, shiny|53\/100\n|-damage|p1a: Iron Treads|50\/100|[from] Stealth Rock\n|-activate|p1a: Iron Treads|ability: Quark Drive\n|-start|p1a: Iron Treads|quarkdriveatk\n|move|p2a: Slowking|Chilly Reception|p2a: Slowking\n|-weather|Snow\n|\n|t:|1700267204\n|switch|p2a: Ting-Lu|Ting-Lu|100\/100|[from] Chilly Reception\n|\n|-weather|Snow|[upkeep]\n|upkeep\n|turn|15\n|\n|t:|1700267216\n|-end|p1a: Iron Treads|Quark Drive|[silent]\n|switch|p1a: Iron Moth|Iron Moth|100\/100\n|-activate|p1a: Iron Moth|ability: Quark Drive\n|-start|p1a: Iron Moth|quarkdrivespe\n|move|p2a: Ting-Lu|Shadow Ball|p1a: Iron Moth\n|-damage|p1a: Iron Moth|58\/100\n|\n|-weather|Snow|[upkeep]\n|upkeep\n|turn|16\n|\n|t:|1700267236\n|switch|p2a: Slowking|Slowking-Galar, M|100\/100\n|move|p1a: Iron Moth|Fiery Dance|p2a: Slowking\n|-damage|p2a: Slowking|68\/100\n|-boost|p1a: Iron Moth|spa|1\n|\n|-weather|Snow|[upkeep]\n|-heal|p2a: Slowking|74\/100|[from] item: Leftovers\n|upkeep\n|turn|17\n|\n|t:|1700267243\n|move|p1a: Iron Moth|Fiery Dance|p2a: Slowking\n|-damage|p2a: Slowking|31\/100\n|-boost|p1a: Iron Moth|spa|1\n|move|p2a: Slowking|Chilly Reception|p2a: Slowking\n|\n|t:|1700267245\n|switch|p2a: Ting-Lu|Ting-Lu|100\/100|[from] Chilly Reception\n|-ability|p2a: Ting-Lu|Vessel of Ruin\n|\n|-weather|Snow|[upkeep]\n|-fieldend|move: Electric Terrain\n|-end|p1a: Iron Moth|Quark Drive\n|upkeep\n|turn|18\n|\n|t:|1700267270\n|move|p1a: Iron Moth|Energy Ball|p2a: Ting-Lu\n|-supereffective|p2a: Ting-Lu\n|-crit|p2a: Ting-Lu\n|-damage|p2a: Ting-Lu|23\/100\n|-unboost|p2a: Ting-Lu|spd|1\n|move|p2a: Ting-Lu|Whirlwind|p1a: Iron Moth\n|-end|p1a: Iron Moth|Quark Drive|[silent]\n|drag|p1a: Iron Valiant|Iron Valiant|44\/100\n|-damage|p1a: Iron Valiant|38\/100|[from] Stealth Rock\n|-enditem|p1a: Iron Valiant|Booster Energy\n|-activate|p1a: Iron Valiant|ability: Quark Drive|[fromitem]\n|-start|p1a: Iron Valiant|quarkdrivespe\n|\n|-weather|none\n|-heal|p2a: Ting-Lu|30\/100|[from] item: Leftovers\n|upkeep\n|turn|19\n|\n|t:|1700267283\n|switch|p2a: Corviknight|Corviknight, F|70\/100\n|-ability|p2a: Corviknight|Pressure\n|move|p1a: Iron Valiant|Moonblast|p2a: Corviknight\n|-resisted|p2a: Corviknight\n|-damage|p2a: Corviknight|53\/100\n|\n|upkeep\n|turn|20\n|\n|t:|1700267292\n|switch|p2a: Ting-Lu|Ting-Lu|30\/100\n|-ability|p2a: Ting-Lu|Vessel of Ruin\n|move|p1a: Iron Valiant|Thunderbolt|p2a: Ting-Lu\n|-immune|p2a: Ting-Lu\n|\n|-heal|p2a: Ting-Lu|36\/100|[from] item: Leftovers\n|upkeep\n|turn|21\n|\n|t:|1700267298\n|move|p1a: Iron Valiant|Moonblast|p2a: Ting-Lu\n|-supereffective|p2a: Ting-Lu\n|-damage|p2a: Ting-Lu|4\/100\n|move|p2a: Ting-Lu|Earthquake|p1a: Iron Valiant\n|-damage|p1a: Iron Valiant|0 fnt\n|faint|p1a: Iron Valiant\n|-end|p1a: Iron Valiant|Quark Drive|[silent]\n|\n|-heal|p2a: Ting-Lu|11\/100|[from] item: Leftovers\n|upkeep\n|c|\u2606Lasagana Crustle|that's unreal\n|\n|t:|1700267312\n|switch|p1a: Iron Moth|Iron Moth|58\/100\n|turn|22\n|\n|t:|1700267320\n|move|p1a: Iron Moth|Fiery Dance|p2a: Ting-Lu\n|-damage|p2a: Ting-Lu|0 fnt\n|faint|p2a: Ting-Lu\n|\n|upkeep\n|\n|t:|1700267322\n|switch|p2a: Dragonite|Dragonite, F|100\/100\n|turn|23\n|\n|t:|1700267326\n|-end|p1a: Iron Moth|Quark Drive|[silent]\n|switch|p1a: Hawlucha|Hawlucha, M|34\/100\n|-damage|p1a: Hawlucha|22\/100|[from] Stealth Rock\n|-terastallize|p2a: Dragonite|Normal\n|move|p2a: Dragonite|Extreme Speed|p1a: Hawlucha\n|-damage|p1a: Hawlucha|0 fnt\n|faint|p1a: Hawlucha\n|\n|upkeep\n|\n|t:|1700267335\n|switch|p1a: Regidrago|Regidrago|100\/100\n|-damage|p1a: Regidrago|88\/100|[from] Stealth Rock\n|turn|24\n|\n|t:|1700267349\n|-terastallize|p1a: Regidrago|Steel\n|move|p2a: Dragonite|Extreme Speed|p1a: Regidrago\n|-resisted|p1a: Regidrago\n|-damage|p1a: Regidrago|48\/100\n|move|p1a: Regidrago|Draco Meteor|p2a: Dragonite\n|-damage|p2a: Dragonite|39\/100\n|-unboost|p1a: Regidrago|spa|2\n|-damage|p1a: Regidrago|38\/100|[from] item: Life Orb\n|\n|upkeep\n|turn|25\n|\n|t:|1700267370\n|switch|p2a: Corviknight|Corviknight, F|53\/100\n|-ability|p2a: Corviknight|Pressure\n|move|p1a: Regidrago|Earthquake|p2a: Corviknight\n|-immune|p2a: Corviknight\n|\n|upkeep\n|turn|26\n|\n|t:|1700267374\n|switch|p1a: Iron Moth|Iron Moth|58\/100\n|move|p2a: Corviknight|Roost|p2a: Corviknight\n|-heal|p2a: Corviknight|100\/100\n|-singleturn|p2a: Corviknight|move: Roost\n|\n|upkeep\n|turn|27\n|\n|t:|1700267381\n|switch|p2a: Alomomola|Alomomola, F|41\/100 par\n|move|p1a: Iron Moth|Fiery Dance|p2a: Alomomola\n|-resisted|p2a: Alomomola\n|-damage|p2a: Alomomola|16\/100 par\n|-boost|p1a: Iron Moth|spa|1\n|\n|upkeep\n|turn|28\n|\n|t:|1700267384\n|move|p1a: Iron Moth|Fiery Dance|p2a: Alomomola\n|-resisted|p2a: Alomomola\n|-damage|p2a: Alomomola|0 fnt\n|-boost|p1a: Iron Moth|spa|1\n|faint|p2a: Alomomola\n|\n|upkeep\n|\n|t:|1700267386\n|switch|p2a: Dragonite|Dragonite, F, tera:Normal|39\/100\n|turn|29\n|\n|t:|1700267391\n|-end|p1a: Iron Moth|Quark Drive|[silent]\n|switch|p1a: Regidrago|Regidrago, tera:Steel|38\/100\n|-damage|p1a: Regidrago|32\/100|[from] Stealth Rock\n|move|p2a: Dragonite|Extreme Speed|p1a: Regidrago\n|-resisted|p1a: Regidrago\n|-damage|p1a: Regidrago|0 fnt\n|faint|p1a: Regidrago\n|\n|upkeep\n|\n|t:|1700267393\n|switch|p1a: Iron Treads|Iron Treads, shiny|50\/100\n|-damage|p1a: Iron Treads|46\/100|[from] Stealth Rock\n|turn|30\n|\n|t:|1700267399\n|-end|p1a: Iron Treads|Quark Drive|[silent]\n|switch|p1a: Iron Moth|Iron Moth|58\/100\n|switch|p2a: Corviknight|Corviknight, F|100\/100\n|-ability|p2a: Corviknight|Pressure\n|\n|upkeep\n|turn|31\n|\n|t:|1700267402\n|move|p1a: Iron Moth|Fiery Dance|p2a: Corviknight\n|-supereffective|p2a: Corviknight\n|-damage|p2a: Corviknight|22\/100\n|move|p2a: Corviknight|U-turn|p1a: Iron Moth\n|-resisted|p1a: Iron Moth\n|-damage|p1a: Iron Moth|54\/100\n|\n|t:|1700267404\n|switch|p2a: Dragonite|Dragonite, F, tera:Normal|39\/100|[from] U-turn\n|\n|upkeep\n|turn|32\n|\n|t:|1700267411\n|move|p2a: Dragonite|Extreme Speed|p1a: Iron Moth\n|-damage|p1a: Iron Moth|0 fnt\n|faint|p1a: Iron Moth\n|-end|p1a: Iron Moth|Quark Drive|[silent]\n|\n|upkeep\n|\n|t:|1700267413\n|switch|p1a: Iron Treads|Iron Treads, shiny|46\/100\n|-damage|p1a: Iron Treads|43\/100|[from] Stealth Rock\n|turn|33\n|\n|t:|1700267417\n|move|p2a: Dragonite|Extreme Speed|p1a: Iron Treads\n|-resisted|p1a: Iron Treads\n|-damage|p1a: Iron Treads|11\/100\n|move|p1a: Iron Treads|Rapid Spin|p2a: Dragonite\n|-damage|p2a: Dragonite|21\/100\n|-boost|p1a: Iron Treads|spe|1\n|-sideend|p1: Lasagana Crustle|Stealth Rock|[from] move: Rapid Spin|[of] p1a: Iron Treads\n|\n|upkeep\n|turn|34\n|c|\u2606Lasagana Crustle|gg\n|c|\u2606N-Zoroark stan|ggwp\n|\n|t:|1700267423\n|move|p2a: Dragonite|Extreme Speed|p1a: Iron Treads\n|-resisted|p1a: Iron Treads\n|-damage|p1a: Iron Treads|0 fnt\n|faint|p1a: Iron Treads\n|-end|p1a: Iron Treads|Quark Drive|[silent]\n|\n|win|N-Zoroark stan\n|l|\u2606Lasagana Crustle\n","uploadtime":1700267537,"views":22,"p1id":"lasaganacrustle","p2id":"nzoroarkstan","formatid":"gen9ou","rating":0,"private":0,"password":""}