{"id":"gen9ou-1993337287","p1":"galefang","p2":"Audio Peel","format":"[Gen 9] OU","log":"|j|\u2606galefang\n|j|\u2606Audio Peel\n|t:|1700301148\n|gametype|singles\n|player|p1|galefang|lance|1579\n|player|p2|Audio Peel|1|1764\n|teamsize|p1|6\n|teamsize|p2|6\n|gen|9\n|tier|[Gen 9] OU\n|rated|\n|rule|Sleep Clause Mod: Limit one foe put to sleep\n|rule|Species Clause: Limit one of each Pok\u00e9mon\n|rule|OHKO Clause: OHKO moves are banned\n|rule|Evasion Items Clause: Evasion items are banned\n|rule|Evasion Moves Clause: Evasion moves are banned\n|rule|Endless Battle Clause: Forcing endless battles is banned\n|rule|HP Percentage Mod: HP is shown in percentages\n|clearpoke\n|poke|p1|Heatran, F|\n|poke|p1|Hawlucha, M|\n|poke|p1|Rillaboom, M|\n|poke|p1|Sneasler, M|\n|poke|p1|Enamorus, F|\n|poke|p1|Ogerpon-Wellspring, F|\n|poke|p2|Rillaboom, M|\n|poke|p2|Sneasler, M|\n|poke|p2|Great Tusk|\n|poke|p2|Ogerpon-Cornerstone, F|\n|poke|p2|Iron Valiant|\n|poke|p2|Manaphy|\n|teampreview\n|\n|t:|1700301176\n|start\n|switch|p1a: Ogerpon|Ogerpon-Wellspring, F|100\/100\n|switch|p2a: Sneezy outta here|Sneasler, M|100\/100\n|turn|1\n|\n|t:|1700301201\n|switch|p1a: Heatran|Heatran, F|100\/100\n|-item|p1a: Heatran|Air Balloon\n|move|p2a: Sneezy outta here|Close Combat|p1a: Heatran\n|-supereffective|p1a: Heatran\n|-damage|p1a: Heatran|0 fnt\n|-unboost|p2a: Sneezy outta here|def|1\n|-unboost|p2a: Sneezy outta here|spd|1\n|-enditem|p1a: Heatran|Air Balloon\n|faint|p1a: Heatran\n|\n|upkeep\n|\n|t:|1700301235\n|switch|p1a: Sneasler|Sneasler, M|100\/100\n|turn|2\n|\n|t:|1700301241\n|switch|p2a: Great Tusk|Great Tusk|100\/100\n|-enditem|p2a: Great Tusk|Booster Energy\n|-activate|p2a: Great Tusk|ability: Protosynthesis|[fromitem]\n|-start|p2a: Great Tusk|protosynthesisspe\n|move|p1a: Sneasler|Shadow Claw|p2a: Great Tusk\n|-damage|p2a: Great Tusk|84\/100\n|\n|upkeep\n|turn|3\n|\n|t:|1700301251\n|switch|p1a: Rillaboom|Rillaboom, M|100\/100\n|-fieldstart|move: Grassy Terrain|[from] ability: Grassy Surge|[of] p1a: Rillaboom\n|move|p2a: Great Tusk|Bulk Up|p2a: Great Tusk\n|-boost|p2a: Great Tusk|atk|1\n|-boost|p2a: Great Tusk|def|1\n|\n|-heal|p2a: Great Tusk|90\/100|[from] Grassy Terrain\n|upkeep\n|turn|4\n|\n|t:|1700301261\n|move|p2a: Great Tusk|Ice Spinner|p1a: Rillaboom\n|-supereffective|p1a: Rillaboom\n|-damage|p1a: Rillaboom|37\/100\n|-fieldend|move: Grassy Terrain\n|move|p1a: Rillaboom|Wood Hammer|p2a: Great Tusk\n|-supereffective|p2a: Great Tusk\n|-damage|p2a: Great Tusk|39\/100\n|-damage|p1a: Rillaboom|19\/100|[from] Recoil\n|\n|upkeep\n|turn|5\n|\n|t:|1700301273\n|switch|p1a: Ogerpon|Ogerpon-Wellspring, F|100\/100\n|move|p2a: Great Tusk|Rapid Spin|p1a: Ogerpon\n|-damage|p1a: Ogerpon|71\/100\n|-boost|p2a: Great Tusk|spe|1\n|\n|upkeep\n|turn|6\n|\n|t:|1700301281\n|move|p2a: Great Tusk|Ice Spinner|p1a: Ogerpon\n|-damage|p1a: Ogerpon|25\/100\n|move|p1a: Ogerpon|Horn Leech|p2a: Great Tusk\n|-supereffective|p2a: Great Tusk\n|-damage|p2a: Great Tusk|2\/100\n|-heal|p1a: Ogerpon|52\/100|[from] drain|[of] p2a: Great Tusk\n|\n|upkeep\n|turn|7\n|\n|t:|1700301289\n|move|p2a: Great Tusk|Ice Spinner|p1a: Ogerpon\n|-damage|p1a: Ogerpon|10\/100\n|move|p1a: Ogerpon|Horn Leech|p2a: Great Tusk\n|-supereffective|p2a: Great Tusk\n|-damage|p2a: Great Tusk|0 fnt\n|-heal|p1a: Ogerpon|11\/100|[from] drain|[of] p2a: Great Tusk\n|faint|p2a: Great Tusk\n|-end|p2a: Great Tusk|Protosynthesis|[silent]\n|\n|upkeep\n|\n|t:|1700301293\n|switch|p2a: Beezynomics|Rillaboom, M|100\/100\n|-fieldstart|move: Grassy Terrain|[from] ability: Grassy Surge|[of] p2a: Beezynomics\n|turn|8\n|\n|t:|1700301306\n|move|p1a: Ogerpon|Horn Leech|p2a: Beezynomics\n|-resisted|p2a: Beezynomics\n|-damage|p2a: Beezynomics|69\/100\n|-heal|p1a: Ogerpon|29\/100|[from] drain|[of] p2a: Beezynomics\n|move|p2a: Beezynomics|U-turn|p1a: Ogerpon\n|-supereffective|p1a: Ogerpon\n|-damage|p1a: Ogerpon|0 fnt\n|faint|p1a: Ogerpon\n|\n|t:|1700301314\n|switch|p2a: Sneezy outta here|Sneasler, M|100\/100|[from] U-turn\n|-enditem|p2a: Sneezy outta here|Grassy Seed\n|-boost|p2a: Sneezy outta here|def|1|[from] item: Grassy Seed\n|\n|upkeep\n|\n|t:|1700301320\n|switch|p1a: Hawlucha|Hawlucha, M|100\/100\n|-enditem|p1a: Hawlucha|Grassy Seed\n|-boost|p1a: Hawlucha|def|1|[from] item: Grassy Seed\n|turn|9\n|\n|t:|1700301329\n|-terastallize|p2a: Sneezy outta here|Dark\n|move|p2a: Sneezy outta here|Gunk Shot|p1a: Hawlucha\n|-damage|p1a: Hawlucha|37\/100\n|move|p1a: Hawlucha|Acrobatics|p2a: Sneezy outta here\n|-damage|p2a: Sneezy outta here|44\/100\n|\n|-heal|p2a: Sneezy outta here|50\/100|[from] Grassy Terrain\n|upkeep\n|turn|10\n|\n|t:|1700301340\n|move|p2a: Sneezy outta here|Gunk Shot|p1a: Hawlucha\n|-damage|p1a: Hawlucha|0 fnt\n|faint|p1a: Hawlucha\n|\n|-heal|p2a: Sneezy outta here|56\/100|[from] Grassy Terrain\n|upkeep\n|\n|t:|1700301346\n|switch|p1a: Sneasler|Sneasler, M|100\/100\n|-enditem|p1a: Sneasler|Grassy Seed\n|-boost|p1a: Sneasler|def|1|[from] item: Grassy Seed\n|turn|11\n|\n|t:|1700301360\n|move|p2a: Sneezy outta here|Close Combat|p1a: Sneasler\n|-resisted|p1a: Sneasler\n|-damage|p1a: Sneasler|63\/100\n|-unboost|p2a: Sneezy outta here|def|1\n|-unboost|p2a: Sneezy outta here|spd|1\n|move|p1a: Sneasler|Swords Dance|p1a: Sneasler\n|-boost|p1a: Sneasler|atk|2\n|\n|-heal|p1a: Sneasler|69\/100|[from] Grassy Terrain\n|-heal|p2a: Sneezy outta here|62\/100|[from] Grassy Terrain\n|upkeep\n|turn|12\n|\n|t:|1700301377\n|move|p1a: Sneasler|Gunk Shot|p2a: Sneezy outta here\n|-damage|p2a: Sneezy outta here|0 fnt\n|faint|p2a: Sneezy outta here\n|\n|-heal|p1a: Sneasler|75\/100|[from] Grassy Terrain\n|-fieldend|move: Grassy Terrain\n|upkeep\n|\n|t:|1700301385\n|switch|p2a: Ivy Cudgulus|Ogerpon-Cornerstone, F|100\/100\n|turn|13\n|\n|t:|1700301390\n|move|p1a: Sneasler|Shadow Claw|p2a: Ivy Cudgulus\n|-damage|p2a: Ivy Cudgulus|33\/100\n|move|p2a: Ivy Cudgulus|Encore|p1a: Sneasler\n|-start|p1a: Sneasler|Encore\n|\n|upkeep\n|turn|14\n|\n|t:|1700301395\n|move|p1a: Sneasler|Shadow Claw|p2a: Ivy Cudgulus\n|-damage|p2a: Ivy Cudgulus|0 fnt\n|faint|p2a: Ivy Cudgulus\n|\n|upkeep\n|\n|t:|1700301398\n|switch|p2a: Beezynomics|Rillaboom, M|69\/100\n|-fieldstart|move: Grassy Terrain|[from] ability: Grassy Surge|[of] p2a: Beezynomics\n|turn|15\n|\n|t:|1700301403\n|move|p1a: Sneasler|Shadow Claw|p2a: Beezynomics\n|-damage|p2a: Beezynomics|10\/100\n|move|p2a: Beezynomics|Wood Hammer|p1a: Sneasler\n|-resisted|p1a: Sneasler\n|-damage|p1a: Sneasler|5\/100\n|-damage|p2a: Beezynomics|0 fnt|[from] Recoil\n|faint|p2a: Beezynomics\n|\n|-heal|p1a: Sneasler|11\/100|[from] Grassy Terrain\n|upkeep\n|\n|t:|1700301411\n|switch|p2a: Iron Valiant|Iron Valiant|100\/100\n|-enditem|p2a: Iron Valiant|Booster Energy\n|-activate|p2a: Iron Valiant|ability: Quark Drive|[fromitem]\n|-start|p2a: Iron Valiant|quarkdrivespe\n|turn|16\n|\n|t:|1700301419\n|-terastallize|p1a: Sneasler|Ghost\n|move|p1a: Sneasler|Shadow Claw|p2a: Iron Valiant\n|-damage|p2a: Iron Valiant|0 fnt\n|faint|p2a: Iron Valiant\n|-end|p2a: Iron Valiant|Quark Drive|[silent]\n|\n|-heal|p1a: Sneasler|17\/100|[from] Grassy Terrain\n|-end|p1a: Sneasler|Encore\n|upkeep\n|\n|t:|1700301423\n|switch|p2a: trickle down|Manaphy|100\/100\n|turn|17\n|\n|t:|1700301429\n|move|p1a: Sneasler|Close Combat|p2a: trickle down\n|-damage|p2a: trickle down|15\/100\n|-unboost|p1a: Sneasler|def|1\n|-unboost|p1a: Sneasler|spd|1\n|move|p2a: trickle down|Scald|p1a: Sneasler\n|-damage|p1a: Sneasler|0 fnt\n|faint|p1a: Sneasler\n|\n|-heal|p2a: trickle down|21\/100|[from] Grassy Terrain\n|-heal|p2a: trickle down|27\/100|[from] item: Leftovers\n|upkeep\n|\n|t:|1700301440\n|switch|p1a: Rillaboom|Rillaboom, M|19\/100\n|turn|18\n|\n|t:|1700301444\n|move|p1a: Rillaboom|Grassy Glide|p2a: trickle down\n|-supereffective|p2a: trickle down\n|-damage|p2a: trickle down|0 fnt\n|faint|p2a: trickle down\n|\n|win|galefang\n|raw|galefang's rating: 1579 &rarr; <strong>1609<\/strong><br \/>(+30 for winning)\n|raw|Audio Peel's rating: 1764 &rarr; <strong>1734<\/strong><br \/>(-30 for losing)\n|l|\u2606Audio Peel\n","uploadtime":1700301454,"views":27,"p1id":"galefang","p2id":"audiopeel","formatid":"gen9ou","rating":1609,"private":0,"password":""}