{"id":"gen9ou-1996983151","p1":"Sir. Conde. Dracu","p2":"nephilimuscat","format":"[Gen 9] OU","log":"|j|\u2606Sir. Conde. Dracu\n|j|\u2606nephilimuscat\n|t:|1700752437\n|gametype|singles\n|player|p1|Sir. Conde. Dracu|169|1000\n|player|p2|nephilimuscat|policeman-gen4|1061\n|teamsize|p1|6\n|teamsize|p2|6\n|gen|9\n|tier|[Gen 9] OU\n|rated|\n|rule|Sleep Clause Mod: Limit one foe put to sleep\n|rule|Species Clause: Limit one of each Pok\u00e9mon\n|rule|OHKO Clause: OHKO moves are banned\n|rule|Evasion Items Clause: Evasion items are banned\n|rule|Evasion Moves Clause: Evasion moves are banned\n|rule|Endless Battle Clause: Forcing endless battles is banned\n|rule|HP Percentage Mod: HP is shown in percentages\n|clearpoke\n|poke|p1|Blissey, F|\n|poke|p1|Garchomp, F|\n|poke|p1|Skeledirge, M|\n|poke|p1|Dragapult, F|\n|poke|p1|Polteageist-Antique|\n|poke|p1|Hoopa-Unbound|\n|poke|p2|Ribombee, F|\n|poke|p2|Dragonite, M|\n|poke|p2|Great Tusk|\n|poke|p2|Iron Moth|\n|poke|p2|Kingambit, M|\n|poke|p2|Gholdengo|\n|teampreview\n|inactive|Battle timer is ON: inactive players will automatically lose when time's up. (requested by Sir. Conde. Dracu)\n|\n|t:|1700752461\n|start\n|switch|p1a: Blissey|Blissey, F|100\/100\n|switch|p2a: Abaille ou ...|Ribombee, F, shiny|100\/100\n|turn|1\n|\n|t:|1700752476\n|move|p2a: Abaille ou ...|Sticky Web|p1a: Blissey\n|-sidestart|p1: Sir. Conde. Dracu|move: Sticky Web\n|move|p1a: Blissey|Stealth Rock|p2a: Abaille ou ...\n|-sidestart|p2: nephilimuscat|move: Stealth Rock\n|\n|upkeep\n|turn|2\n|inactive|nephilimuscat has 120 seconds left.\n|\n|t:|1700752515\n|move|p2a: Abaille ou ...|Stun Spore|p1a: Blissey\n|-status|p1a: Blissey|par\n|move|p1a: Blissey|Thunder Wave|p2a: Abaille ou ...\n|-status|p2a: Abaille ou ...|par\n|\n|upkeep\n|turn|3\n|inactive|nephilimuscat has 120 seconds left.\n|\n|t:|1700752530\n|switch|p2a: Phampy|Great Tusk, shiny|100\/100\n|move|p1a: Blissey|Body Slam|p2a: Phampy\n|-damage|p2a: Phampy|95\/100\n|-status|p2a: Phampy|par\n|\n|upkeep\n|turn|4\n|inactive|nephilimuscat has 120 seconds left.\n|\n|t:|1700752548\n|move|p2a: Phampy|Knock Off|p1a: Blissey\n|-damage|p1a: Blissey|77\/100 par\n|-enditem|p1a: Blissey|Leftovers|[from] move: Knock Off|[of] p2a: Phampy\n|move|p1a: Blissey|Stealth Rock||[still]\n|-fail|p1a: Blissey\n|\n|upkeep\n|turn|5\n|inactive|nephilimuscat has 120 seconds left.\n|\n|t:|1700752564\n|switch|p1a: Polteageist|Polteageist-Antique|100\/100\n|-activate|p1a: Polteageist|move: Sticky Web\n|-unboost|p1a: Polteageist|spe|1\n|move|p2a: Phampy|Earthquake|p1a: Polteageist\n|-damage|p1a: Polteageist|59\/100\n|\n|upkeep\n|turn|6\n|\n|t:|1700752586\n|cant|p2a: Phampy|par\n|move|p1a: Polteageist|Imprison|p1a: Polteageist\n|-start|p1a: Polteageist|move: Imprison\n|\n|upkeep\n|turn|7\n|\n|t:|1700752598\n|move|p2a: Phampy|Knock Off|p1a: Polteageist\n|-supereffective|p1a: Polteageist\n|-damage|p1a: Polteageist|0 fnt\n|-enditem|p1a: Polteageist|Life Orb|[from] move: Knock Off|[of] p2a: Phampy\n|faint|p1a: Polteageist\n|\n|upkeep\n|\n|t:|1700752606\n|switch|p1a: Dragapult|Dragapult, F|100\/100\n|turn|8\n|\n|t:|1700752616\n|move|p1a: Dragapult|Dragon Dance|p1a: Dragapult\n|-boost|p1a: Dragapult|atk|1\n|-boost|p1a: Dragapult|spe|1\n|cant|p2a: Phampy|par\n|\n|upkeep\n|turn|9\n|\n|t:|1700752642\n|move|p1a: Dragapult|Dragon Dance|p1a: Dragapult\n|-boost|p1a: Dragapult|atk|1\n|-boost|p1a: Dragapult|spe|1\n|move|p2a: Phampy|Knock Off|p1a: Dragapult\n|-supereffective|p1a: Dragapult\n|-damage|p1a: Dragapult|8\/100\n|-enditem|p1a: Dragapult|Heavy-Duty Boots|[from] move: Knock Off|[of] p2a: Phampy\n|\n|upkeep\n|turn|10\n|inactive|Sir. Conde. Dracu has 120 seconds left.\n|\n|t:|1700752682\n|-end|p2a: Phampy|Protosynthesis|[silent]\n|switch|p2a: Abaille ou ...|Ribombee, F, shiny|100\/100 par\n|-damage|p2a: Abaille ou ...|76\/100 par|[from] Stealth Rock\n|move|p1a: Dragapult|Dragon Darts|p2a: Abaille ou ...\n|-immune|p2a: Abaille ou ...\n|\n|upkeep\n|turn|11\n|inactive|Sir. Conde. Dracu has 90 seconds left.\n|\n|t:|1700752711\n|move|p1a: Dragapult|Phantom Force||[still]\n|-prepare|p1a: Dragapult|Phantom Force\n|move|p2a: Abaille ou ...|Moonblast|p1a: Dragapult|[miss]\n|-miss|p2a: Abaille ou ...|p1a: Dragapult\n|\n|upkeep\n|turn|12\n|inactive|nephilimuscat has 90 seconds left.\n|\n|t:|1700752729\n|switch|p2a: Scalpe l'empereur|Kingambit, M, shiny|100\/100\n|-damage|p2a: Scalpe l'empereur|94\/100|[from] Stealth Rock\n|move|p1a: Dragapult|Phantom Force|p2a: Scalpe l'empereur|[from]lockedmove\n|-resisted|p2a: Scalpe l'empereur\n|-damage|p2a: Scalpe l'empereur|50\/100\n|\n|upkeep\n|turn|13\n|inactive|Sir. Conde. Dracu has 90 seconds left.\n|inactive|nephilimuscat has 90 seconds left.\n|\n|t:|1700752746\n|move|p1a: Dragapult|Dragon Darts|p2a: Scalpe l'empereur\n|-resisted|p2a: Scalpe l'empereur\n|-damage|p2a: Scalpe l'empereur|27\/100\n|-anim|p1a: Dragapult|Dragon Darts|p2a: Scalpe l'empereur\n|-resisted|p2a: Scalpe l'empereur\n|-damage|p2a: Scalpe l'empereur|4\/100\n|move|p2a: Scalpe l'empereur|Iron Head|p1a: Dragapult\n|-damage|p1a: Dragapult|0 fnt\n|-start|p2a: Scalpe l'empereur|Disable|Iron Head|[from] ability: Cursed Body|[of] p1a: Dragapult\n|faint|p1a: Dragapult\n|\n|upkeep\n|inactive|Sir. Conde. Dracu has 60 seconds left.\n|inactive|Sir. Conde. Dracu has 30 seconds left.\n|\n|t:|1700752811\n|switch|p1a: Blissey|Blissey, F|77\/100 par\n|-activate|p1a: Blissey|move: Sticky Web\n|-unboost|p1a: Blissey|spe|1\n|turn|14\n|inactive|Sir. Conde. Dracu has 30 seconds left.\n|inactive|nephilimuscat has 90 seconds left.\n|\n|t:|1700752840\n|move|p2a: Scalpe l'empereur|Low Kick|p1a: Blissey\n|-supereffective|p1a: Blissey\n|-damage|p1a: Blissey|36\/100 par\n|move|p1a: Blissey|Body Slam|p2a: Scalpe l'empereur\n|-resisted|p2a: Scalpe l'empereur\n|-damage|p2a: Scalpe l'empereur|1\/100\n|\n|upkeep\n|turn|15\n|inactive|Sir. Conde. Dracu has 30 seconds left.\n|\n|t:|1700752851\n|move|p2a: Scalpe l'empereur|Low Kick|p1a: Blissey\n|-supereffective|p1a: Blissey\n|-damage|p1a: Blissey|0 fnt\n|faint|p1a: Blissey\n|\n|upkeep\n|inactive|Sir. Conde. Dracu has 30 seconds left.\n|\n|t:|1700752856\n|switch|p1a: Skeledirge|Skeledirge, M|100\/100\n|-activate|p1a: Skeledirge|move: Sticky Web\n|-unboost|p1a: Skeledirge|spe|1\n|turn|16\n|\n|t:|1700752865\n|move|p2a: Scalpe l'empereur|Sucker Punch|p1a: Skeledirge\n|-supereffective|p1a: Skeledirge\n|-damage|p1a: Skeledirge|41\/100\n|move|p1a: Skeledirge|Flamethrower|p2a: Scalpe l'empereur\n|-supereffective|p2a: Scalpe l'empereur\n|-damage|p2a: Scalpe l'empereur|0 fnt\n|faint|p2a: Scalpe l'empereur\n|-end|p2a: Scalpe l'empereur|fallenundefined|[silent]\n|\n|-heal|p1a: Skeledirge|47\/100|[from] item: Leftovers\n|upkeep\n|\n|t:|1700752880\n|switch|p2a: Phampy|Great Tusk, shiny|95\/100 par\n|turn|17\n|\n|t:|1700752888\n|move|p2a: Phampy|Knock Off|p1a: Skeledirge\n|-supereffective|p1a: Skeledirge\n|-damage|p1a: Skeledirge|0 fnt\n|-enditem|p1a: Skeledirge|Leftovers|[from] move: Knock Off|[of] p2a: Phampy\n|faint|p1a: Skeledirge\n|\n|upkeep\n|\n|t:|1700752898\n|switch|p1a: Hoopa|Hoopa-Unbound|100\/100\n|-activate|p1a: Hoopa|move: Sticky Web\n|-unboost|p1a: Hoopa|spe|1\n|turn|18\n|inactive|nephilimuscat has 90 seconds left.\n|\n|t:|1700752909\n|move|p1a: Hoopa|Destiny Bond|p1a: Hoopa\n|-singlemove|p1a: Hoopa|Destiny Bond\n|cant|p2a: Phampy|par\n|\n|upkeep\n|turn|19\n|inactive|Sir. Conde. Dracu has 60 seconds left.\n|inactive|nephilimuscat has 90 seconds left.\n|\n|t:|1700752919\n|move|p1a: Hoopa|Dark Pulse|p2a: Phampy\n|-resisted|p2a: Phampy\n|-damage|p2a: Phampy|63\/100 par\n|-item|p1a: Hoopa|Heavy-Duty Boots|[from] ability: Magician|[of] p2a: Phampy\n|cant|p2a: Phampy|par\n|\n|upkeep\n|turn|20\n|inactive|nephilimuscat has 90 seconds left.\n|\n|t:|1700752929\n|move|p1a: Hoopa|Drain Punch|p2a: Phampy\n|-damage|p2a: Phampy|43\/100 par\n|cant|p2a: Phampy|par\n|\n|upkeep\n|turn|21\n|\n|t:|1700752943\n|move|p1a: Hoopa|Brick Break|p2a: Phampy\n|-damage|p2a: Phampy|25\/100 par\n|move|p2a: Phampy|Rapid Spin|p1a: Hoopa\n|-damage|p1a: Hoopa|73\/100\n|-boost|p2a: Phampy|spe|1\n|-sideend|p2: nephilimuscat|Stealth Rock|[from] move: Rapid Spin|[of] p2a: Phampy\n|\n|upkeep\n|turn|22\n|\n|t:|1700752956\n|move|p2a: Phampy|Knock Off|p1a: Hoopa\n|-damage|p1a: Hoopa|17\/100\n|-enditem|p1a: Hoopa|Heavy-Duty Boots|[from] move: Knock Off|[of] p2a: Phampy\n|move|p1a: Hoopa|Drain Punch|p2a: Phampy\n|-damage|p2a: Phampy|6\/100 par\n|-heal|p1a: Hoopa|30\/100|[from] drain|[of] p2a: Phampy\n|\n|upkeep\n|turn|23\n|\n|t:|1700752969\n|move|p2a: Phampy|Earthquake|p1a: Hoopa\n|-damage|p1a: Hoopa|0 fnt\n|faint|p1a: Hoopa\n|\n|upkeep\n|\n|t:|1700752972\n|switch|p1a: Garchomp|Garchomp, F|100\/100\n|-activate|p1a: Garchomp|move: Sticky Web\n|-unboost|p1a: Garchomp|spe|1\n|turn|24\n|-activate|p1a: Garchomp|item: Quick Claw\n|\n|t:|1700752987\n|move|p1a: Garchomp|Swords Dance|p1a: Garchomp\n|-boost|p1a: Garchomp|atk|2\n|move|p2a: Phampy|Ice Spinner|p1a: Garchomp\n|-supereffective|p1a: Garchomp\n|-damage|p1a: Garchomp|0 fnt\n|-damage|p2a: Phampy|0 fnt|[from] ability: Rough Skin|[of] p1a: Garchomp\n|faint|p1a: Garchomp\n|faint|p2a: Phampy\n|-end|p2a: Phampy|Protosynthesis|[silent]\n|\n|win|nephilimuscat\n|raw|Sir. Conde. Dracu's rating: 1000 &rarr; <strong>1000<\/strong><br \/>(+0 for losing)\n|raw|nephilimuscat's rating: 1061 &rarr; <strong>1086<\/strong><br \/>(+25 for winning)\n|l|\u2606Sir. Conde. Dracu\n","uploadtime":1700753004,"views":0,"p1id":"sircondedracu","p2id":"nephilimuscat","formatid":"gen9ou","rating":1000,"private":0,"password":""}