{"id":"gen9ou-1991716220","p1":"gaznapiront","p2":"tailsBOOM1992","format":"[Gen 9] OU","log":"|j|\u2606gaznapiront\n|j|\u2606tailsBOOM1992\n|t:|1700106214\n|gametype|singles\n|player|p1|gaznapiront|li|1000\n|player|p2|tailsBOOM1992|wally|1000\n|teamsize|p1|4\n|teamsize|p2|6\n|gen|9\n|tier|[Gen 9] OU\n|rated|\n|rule|Sleep Clause Mod: Limit one foe put to sleep\n|rule|Species Clause: Limit one of each Pok\u00e9mon\n|rule|OHKO Clause: OHKO moves are banned\n|rule|Evasion Items Clause: Evasion items are banned\n|rule|Evasion Moves Clause: Evasion moves are banned\n|rule|Endless Battle Clause: Forcing endless battles is banned\n|rule|HP Percentage Mod: HP is shown in percentages\n|clearpoke\n|poke|p1|Rillaboom, M|\n|poke|p1|Zapdos|\n|poke|p1|Garganacl, F|\n|poke|p1|Zamazenta-*|\n|poke|p2|Samurott-Hisui, M|\n|poke|p2|Garganacl, F|\n|poke|p2|Ogerpon-Wellspring, F|\n|poke|p2|Great Tusk|\n|poke|p2|Heatran, M|\n|poke|p2|Breloom, F|\n|teampreview\n|\n|t:|1700106233\n|start\n|switch|p1a: Zamazenta|Zamazenta|100\/100\n|switch|p2a: Breloom|Breloom, F, shiny|100\/100\n|-ability|p1a: Zamazenta|Dauntless Shield|boost\n|-boost|p1a: Zamazenta|def|1\n|turn|1\n|inactive|Battle timer is ON: inactive players will automatically lose when time's up. (requested by gaznapiront)\n|\n|t:|1700106246\n|-terastallize|p2a: Breloom|Normal\n|move|p2a: Breloom|Protect|p2a: Breloom\n|-singleturn|p2a: Breloom|Protect\n|move|p1a: Zamazenta|Substitute|p1a: Zamazenta\n|-start|p1a: Zamazenta|Substitute\n|-damage|p1a: Zamazenta|76\/100\n|\n|-status|p2a: Breloom|tox|[from] item: Toxic Orb\n|upkeep\n|turn|2\n|\n|t:|1700106260\n|move|p1a: Zamazenta|Trailblaze|p2a: Breloom\n|-damage|p2a: Breloom|83\/100 tox\n|-boost|p1a: Zamazenta|spe|1\n|move|p2a: Breloom|Facade|p1a: Zamazenta\n|-end|p1a: Zamazenta|Substitute\n|\n|-heal|p2a: Breloom|95\/100 tox|[from] ability: Poison Heal\n|upkeep\n|turn|3\n|\n|t:|1700106271\n|move|p1a: Zamazenta|Close Combat|p2a: Breloom\n|-supereffective|p2a: Breloom\n|-damage|p2a: Breloom|0 fnt\n|-unboost|p1a: Zamazenta|def|1\n|-unboost|p1a: Zamazenta|spd|1\n|faint|p2a: Breloom\n|\n|upkeep\n|\n|t:|1700106279\n|switch|p2a: Ogerpon|Ogerpon-Wellspring, F|100\/100\n|turn|4\n|\n|t:|1700106292\n|switch|p1a: Zapdos|Zapdos|100\/100\n|move|p2a: Ogerpon|Spiky Shield||[still]\n|-fail|p2a: Ogerpon\n|\n|upkeep\n|turn|5\n|\n|t:|1700106304\n|switch|p2a: Garganacl|Garganacl, F, shiny|100\/100\n|move|p1a: Zapdos|Light Screen|p1a: Zapdos\n|-sidestart|p1: gaznapiront|move: Light Screen\n|\n|upkeep\n|turn|6\n|\n|t:|1700106311\n|move|p1a: Zapdos|Volt Switch|p2a: Garganacl\n|-damage|p2a: Garganacl|82\/100\n|\n|t:|1700106315\n|switch|p1a: Garganacl|Garganacl, F|100\/100|[from] Volt Switch\n|move|p2a: Garganacl|Salt Cure|p1a: Garganacl\n|-damage|p1a: Garganacl|91\/100\n|-start|p1a: Garganacl|Salt Cure\n|\n|-heal|p2a: Garganacl|88\/100|[from] item: Leftovers\n|-damage|p1a: Garganacl|79\/100|[from] Salt Cure\n|upkeep\n|turn|7\n|\n|t:|1700106339\n|move|p1a: Garganacl|Salt Cure|p2a: Garganacl\n|-damage|p2a: Garganacl|79\/100\n|-start|p2a: Garganacl|Salt Cure\n|move|p2a: Garganacl|Iron Defense|p2a: Garganacl\n|-boost|p2a: Garganacl|def|2\n|\n|-heal|p2a: Garganacl|85\/100|[from] item: Leftovers\n|-damage|p1a: Garganacl|67\/100|[from] Salt Cure\n|-damage|p2a: Garganacl|73\/100|[from] Salt Cure\n|upkeep\n|turn|8\n|\n|t:|1700106352\n|move|p1a: Garganacl|Body Press|p2a: Garganacl\n|-supereffective|p2a: Garganacl\n|-damage|p2a: Garganacl|55\/100\n|move|p2a: Garganacl|Recover|p2a: Garganacl\n|-heal|p2a: Garganacl|100\/100\n|\n|-damage|p1a: Garganacl|54\/100|[from] Salt Cure\n|-damage|p2a: Garganacl|88\/100|[from] Salt Cure\n|upkeep\n|turn|9\n|\n|t:|1700106361\n|move|p2a: Garganacl|Iron Defense|p2a: Garganacl\n|-boost|p2a: Garganacl|def|2\n|move|p1a: Garganacl|Iron Defense|p1a: Garganacl\n|-boost|p1a: Garganacl|def|2\n|\n|-heal|p2a: Garganacl|94\/100|[from] item: Leftovers\n|-damage|p2a: Garganacl|82\/100|[from] Salt Cure\n|-damage|p1a: Garganacl|42\/100|[from] Salt Cure\n|-sideend|p1: gaznapiront|move: Light Screen\n|upkeep\n|turn|10\n|\n|t:|1700106372\n|move|p1a: Garganacl|Iron Defense|p1a: Garganacl\n|-boost|p1a: Garganacl|def|2\n|move|p2a: Garganacl|Body Press|p1a: Garganacl\n|-supereffective|p1a: Garganacl\n|-damage|p1a: Garganacl|12\/100\n|-damage|p2a: Garganacl|65\/100|[from] item: Rocky Helmet|[of] p1a: Garganacl\n|\n|-heal|p2a: Garganacl|72\/100|[from] item: Leftovers\n|-damage|p2a: Garganacl|59\/100|[from] Salt Cure\n|-damage|p1a: Garganacl|0 fnt|[from] Salt Cure\n|faint|p1a: Garganacl\n|upkeep\n|\n|t:|1700106386\n|switch|p1a: Zamazenta|Zamazenta|76\/100\n|turn|11\n|\n|t:|1700106399\n|switch|p2a: Great Tusk|Great Tusk|100\/100\n|move|p1a: Zamazenta|Close Combat|p2a: Great Tusk\n|-damage|p2a: Great Tusk|52\/100\n|-unboost|p1a: Zamazenta|def|1\n|-unboost|p1a: Zamazenta|spd|1\n|\n|-heal|p2a: Great Tusk|58\/100|[from] item: Leftovers\n|upkeep\n|turn|12\n|\n|t:|1700106411\n|switch|p1a: Zapdos|Zapdos|100\/100\n|move|p2a: Great Tusk|Protect||[still]\n|-fail|p2a: Great Tusk\n|\n|-heal|p2a: Great Tusk|64\/100|[from] item: Leftovers\n|upkeep\n|turn|13\n|\n|t:|1700106419\n|-end|p2a: Great Tusk|Protosynthesis|[silent]\n|switch|p2a: Garganacl|Garganacl, F, shiny|59\/100\n|move|p1a: Zapdos|Hurricane|p2a: Garganacl\n|-resisted|p2a: Garganacl\n|-damage|p2a: Garganacl|44\/100\n|\n|-heal|p2a: Garganacl|50\/100|[from] item: Leftovers\n|upkeep\n|turn|14\n|\n|t:|1700106428\n|move|p1a: Zapdos|Volt Switch|p2a: Garganacl\n|-damage|p2a: Garganacl|29\/100\n|\n|t:|1700106433\n|switch|p1a: Rillaboom|Rillaboom, M|100\/100|[from] Volt Switch\n|-fieldstart|move: Grassy Terrain|[from] ability: Grassy Surge|[of] p1a: Rillaboom\n|move|p2a: Garganacl|Salt Cure|p1a: Rillaboom\n|-damage|p1a: Rillaboom|85\/100\n|-start|p1a: Rillaboom|Salt Cure\n|\n|-heal|p1a: Rillaboom|91\/100|[from] Grassy Terrain\n|-heal|p2a: Garganacl|36\/100|[from] Grassy Terrain\n|-heal|p2a: Garganacl|42\/100|[from] item: Leftovers\n|-damage|p1a: Rillaboom|79\/100|[from] Salt Cure\n|upkeep\n|turn|15\n|\n|t:|1700106449\n|move|p1a: Rillaboom|Wood Hammer|p2a: Garganacl\n|-supereffective|p2a: Garganacl\n|-damage|p2a: Garganacl|0 fnt\n|faint|p2a: Garganacl\n|-damage|p1a: Rillaboom|63\/100|[from] Recoil\n|-damage|p1a: Rillaboom|53\/100|[from] item: Life Orb\n|\n|-heal|p1a: Rillaboom|59\/100|[from] Grassy Terrain\n|-damage|p1a: Rillaboom|47\/100|[from] Salt Cure\n|upkeep\n|\n|t:|1700106458\n|switch|p2a: Heatran|Heatran, M|100\/100\n|turn|16\n|\n|t:|1700106465\n|switch|p1a: Zapdos|Zapdos|100\/100\n|move|p2a: Heatran|Heat Crash|p1a: Zapdos\n|-damage|p1a: Zapdos|75\/100\n|-status|p2a: Heatran|par|[from] ability: Static|[of] p1a: Zapdos\n|\n|upkeep\n|turn|17\n|\n|t:|1700106478\n|move|p1a: Zapdos|Roost|p1a: Zapdos\n|-heal|p1a: Zapdos|100\/100\n|-singleturn|p1a: Zapdos|move: Roost\n|move|p2a: Heatran|Flash Cannon|p1a: Zapdos\n|-resisted|p1a: Zapdos\n|-damage|p1a: Zapdos|79\/100\n|\n|-heal|p1a: Zapdos|85\/100|[from] Grassy Terrain\n|upkeep\n|turn|18\n|\n|t:|1700106489\n|move|p1a: Zapdos|Light Screen|p1a: Zapdos\n|-sidestart|p1: gaznapiront|move: Light Screen\n|move|p2a: Heatran|Flash Cannon|p1a: Zapdos\n|-resisted|p1a: Zapdos\n|-damage|p1a: Zapdos|75\/100\n|\n|-fieldend|move: Grassy Terrain\n|upkeep\n|turn|19\n|\n|t:|1700106495\n|move|p1a: Zapdos|Roost|p1a: Zapdos\n|-heal|p1a: Zapdos|100\/100\n|-singleturn|p1a: Zapdos|move: Roost\n|move|p2a: Heatran|Flash Cannon|p1a: Zapdos\n|-resisted|p1a: Zapdos\n|-damage|p1a: Zapdos|88\/100\n|\n|upkeep\n|turn|20\n|\n|t:|1700106509\n|move|p1a: Zapdos|Hurricane|p2a: Heatran\n|-resisted|p2a: Heatran\n|-damage|p2a: Heatran|80\/100 par\n|move|p2a: Heatran|Flash Cannon|p1a: Zapdos\n|-resisted|p1a: Zapdos\n|-damage|p1a: Zapdos|78\/100\n|\n|upkeep\n|turn|21\n|\n|t:|1700106516\n|move|p1a: Zapdos|Hurricane|p2a: Heatran\n|-resisted|p2a: Heatran\n|-damage|p2a: Heatran|61\/100 par\n|move|p2a: Heatran|Earth Power|p1a: Zapdos\n|-immune|p1a: Zapdos\n|\n|upkeep\n|turn|22\n|\n|t:|1700106527\n|move|p1a: Zapdos|Hurricane|p2a: Heatran|[miss]\n|-miss|p1a: Zapdos|p2a: Heatran\n|cant|p2a: Heatran|par\n|\n|-sideend|p1: gaznapiront|move: Light Screen\n|upkeep\n|turn|23\n|\n|t:|1700106534\n|move|p1a: Zapdos|Light Screen|p1a: Zapdos\n|-sidestart|p1: gaznapiront|move: Light Screen\n|move|p2a: Heatran|Earth Power|p1a: Zapdos\n|-immune|p1a: Zapdos\n|\n|upkeep\n|turn|24\n|\n|t:|1700106539\n|move|p1a: Zapdos|Hurricane|p2a: Heatran\n|-resisted|p2a: Heatran\n|-damage|p2a: Heatran|41\/100 par\n|move|p2a: Heatran|Earth Power|p1a: Zapdos\n|-immune|p1a: Zapdos\n|\n|upkeep\n|turn|25\n|\n|t:|1700106547\n|move|p1a: Zapdos|Hurricane|p2a: Heatran\n|-resisted|p2a: Heatran\n|-damage|p2a: Heatran|22\/100 par\n|move|p2a: Heatran|Flash Cannon|p1a: Zapdos\n|-resisted|p1a: Zapdos\n|-damage|p1a: Zapdos|66\/100\n|\n|upkeep\n|turn|26\n|\n|t:|1700106557\n|move|p1a: Zapdos|Volt Switch|p2a: Heatran\n|-damage|p2a: Heatran|0 fnt\n|faint|p2a: Heatran\n|\n|t:|1700106571\n|switch|p1a: Rillaboom|Rillaboom, M|47\/100|[from] Volt Switch\n|-fieldstart|move: Grassy Terrain|[from] ability: Grassy Surge|[of] p1a: Rillaboom\n|\n|-heal|p1a: Rillaboom|53\/100|[from] Grassy Terrain\n|upkeep\n|\n|t:|1700106577\n|switch|p2a: Ogerpon|Ogerpon-Wellspring, F|100\/100\n|turn|27\n|\n|t:|1700106582\n|move|p2a: Ogerpon|Horn Leech|p1a: Rillaboom\n|-resisted|p1a: Rillaboom\n|-damage|p1a: Rillaboom|28\/100\n|move|p1a: Rillaboom|Wood Hammer|p2a: Ogerpon\n|-damage|p2a: Ogerpon|0 fnt\n|faint|p2a: Ogerpon\n|-damage|p1a: Rillaboom|0 fnt|[from] Recoil\n|faint|p1a: Rillaboom\n|\n|-sideend|p1: gaznapiront|move: Light Screen\n|upkeep\n|\n|t:|1700106596\n|switch|p2a: Samurott|Samurott-Hisui, M|100\/100\n|switch|p1a: Zamazenta|Zamazenta|76\/100\n|turn|28\n|\n|t:|1700106606\n|move|p1a: Zamazenta|Trailblaze|p2a: Samurott\n|-supereffective|p2a: Samurott\n|-damage|p2a: Samurott|38\/100\n|-boost|p1a: Zamazenta|spe|1\n|move|p2a: Samurott|Air Slash|p1a: Zamazenta\n|-supereffective|p1a: Zamazenta\n|-damage|p1a: Zamazenta|48\/100\n|\n|-heal|p1a: Zamazenta|55\/100|[from] Grassy Terrain\n|-heal|p2a: Samurott|45\/100|[from] Grassy Terrain\n|upkeep\n|turn|29\n|\n|t:|1700106618\n|switch|p2a: Great Tusk|Great Tusk|64\/100\n|move|p1a: Zamazenta|Trailblaze|p2a: Great Tusk\n|-supereffective|p2a: Great Tusk\n|-damage|p2a: Great Tusk|29\/100\n|-boost|p1a: Zamazenta|spe|1\n|\n|-heal|p1a: Zamazenta|61\/100|[from] Grassy Terrain\n|-heal|p2a: Great Tusk|36\/100|[from] Grassy Terrain\n|-heal|p2a: Great Tusk|42\/100|[from] item: Leftovers\n|upkeep\n|turn|30\n|\n|t:|1700106634\n|move|p1a: Zamazenta|Play Rough|p2a: Great Tusk\n|-supereffective|p2a: Great Tusk\n|-damage|p2a: Great Tusk|0 fnt\n|faint|p2a: Great Tusk\n|-end|p2a: Great Tusk|Protosynthesis|[silent]\n|\n|-heal|p1a: Zamazenta|67\/100|[from] Grassy Terrain\n|-fieldend|move: Grassy Terrain\n|upkeep\n|\n|t:|1700106640\n|switch|p2a: Samurott|Samurott-Hisui, M|45\/100\n|turn|31\n|\n|t:|1700106645\n|move|p1a: Zamazenta|Close Combat|p2a: Samurott\n|-supereffective|p2a: Samurott\n|-damage|p2a: Samurott|0 fnt\n|-unboost|p1a: Zamazenta|def|1\n|-unboost|p1a: Zamazenta|spd|1\n|faint|p2a: Samurott\n|\n|win|gaznapiront\n|raw|gaznapiront's rating: 1000 &rarr; <strong>1040<\/strong><br \/>(+40 for winning)\n|raw|tailsBOOM1992's rating: 1000 &rarr; <strong>1000<\/strong><br \/>(+0 for losing)\n|l|\u2606tailsBOOM1992\n","uploadtime":1700106659,"views":19,"p1id":"gaznapiront","p2id":"tailsboom1992","formatid":"gen9ou","rating":1000,"private":0,"password":""}