{"id":"gen9ou-1994276681","p1":"Docter_Peng99","p2":"Peragon888","format":"[Gen 9] OU","log":"|j|\u2606Docter_Peng99\n|j|\u2606Peragon888\n|t:|1700426177\n|gametype|singles\n|player|p1|Docter_Peng99|larry|1371\n|player|p2|Peragon888|clair|1284\n|teamsize|p1|6\n|teamsize|p2|6\n|gen|9\n|tier|[Gen 9] OU\n|rated|\n|rule|Sleep Clause Mod: Limit one foe put to sleep\n|rule|Species Clause: Limit one of each Pok\u00e9mon\n|rule|OHKO Clause: OHKO moves are banned\n|rule|Evasion Items Clause: Evasion items are banned\n|rule|Evasion Moves Clause: Evasion moves are banned\n|rule|Endless Battle Clause: Forcing endless battles is banned\n|rule|HP Percentage Mod: HP is shown in percentages\n|clearpoke\n|poke|p1|Clodsire, M|\n|poke|p1|Great Tusk|\n|poke|p1|Iron Moth|\n|poke|p1|Iron Valiant|\n|poke|p1|Dragapult, M|\n|poke|p1|Kingambit, M|\n|poke|p2|Gholdengo|\n|poke|p2|Sneasler, M|\n|poke|p2|Rillaboom, F|\n|poke|p2|Iron Moth|\n|poke|p2|Ribombee, F|\n|poke|p2|Walking Wake|\n|teampreview\n|inactive|Battle timer is ON: inactive players will automatically lose when time's up. (requested by Peragon888)\n|inactive|Peragon888 has 120 seconds left.\n|\n|t:|1700426223\n|start\n|switch|p1a: GodClod|Clodsire, M, shiny|100\/100\n|switch|p2a: Ribombee|Ribombee, F|100\/100\n|turn|1\n|\n|t:|1700426226\n|move|p2a: Ribombee|Sticky Web|p1a: GodClod\n|-sidestart|p1: Docter_Peng99|move: Sticky Web\n|move|p1a: GodClod|Toxic|p2a: Ribombee\n|-status|p2a: Ribombee|tox\n|\n|-damage|p2a: Ribombee|94\/100 tox|[from] psn\n|upkeep\n|turn|2\n|\n|t:|1700426228\n|move|p2a: Ribombee|Psychic|p1a: GodClod\n|-supereffective|p1a: GodClod\n|-crit|p1a: GodClod\n|-damage|p1a: GodClod|59\/100\n|move|p1a: GodClod|Stealth Rock|p2a: Ribombee\n|-sidestart|p2: Peragon888|move: Stealth Rock\n|\n|-heal|p1a: GodClod|65\/100|[from] item: Leftovers\n|-damage|p2a: Ribombee|82\/100 tox|[from] psn\n|upkeep\n|turn|3\n|\n|t:|1700426231\n|switch|p1a: Ancient Elephant|Great Tusk|100\/100\n|-activate|p1a: Ancient Elephant|move: Sticky Web\n|-unboost|p1a: Ancient Elephant|spe|1\n|move|p2a: Ribombee|U-turn|p1a: Ancient Elephant\n|-resisted|p1a: Ancient Elephant\n|-damage|p1a: Ancient Elephant|96\/100\n|\n|t:|1700426234\n|switch|p2a: Gholdengo|Gholdengo|100\/100|[from] U-turn\n|\n|upkeep\n|turn|4\n|\n|t:|1700426237\n|move|p2a: Gholdengo|Nasty Plot|p2a: Gholdengo\n|-boost|p2a: Gholdengo|spa|2\n|move|p1a: Ancient Elephant|Knock Off|p2a: Gholdengo\n|-supereffective|p2a: Gholdengo\n|-damage|p2a: Gholdengo|16\/100\n|-enditem|p2a: Gholdengo|Heavy-Duty Boots|[from] move: Knock Off|[of] p1a: Ancient Elephant\n|\n|upkeep\n|turn|5\n|\n|t:|1700426242\n|move|p2a: Gholdengo|Shadow Ball|p1a: Ancient Elephant\n|-damage|p1a: Ancient Elephant|23\/100\n|move|p1a: Ancient Elephant|Earthquake|p2a: Gholdengo\n|-supereffective|p2a: Gholdengo\n|-damage|p2a: Gholdengo|0 fnt\n|faint|p2a: Gholdengo\n|\n|upkeep\n|\n|t:|1700426246\n|switch|p2a: Ribombee|Ribombee, F|82\/100 tox\n|-damage|p2a: Ribombee|57\/100 tox|[from] Stealth Rock\n|turn|6\n|\n|t:|1700426248\n|move|p2a: Ribombee|Dazzling Gleam|p1a: Ancient Elephant\n|-supereffective|p1a: Ancient Elephant\n|-damage|p1a: Ancient Elephant|0 fnt\n|faint|p1a: Ancient Elephant\n|-end|p1a: Ancient Elephant|Protosynthesis|[silent]\n|\n|-damage|p2a: Ribombee|51\/100 tox|[from] psn\n|upkeep\n|\n|t:|1700426253\n|switch|p1a: Solarflare|Iron Moth|100\/100\n|-activate|p1a: Solarflare|move: Sticky Web\n|-unboost|p1a: Solarflare|spe|1\n|-enditem|p1a: Solarflare|Booster Energy\n|-activate|p1a: Solarflare|ability: Quark Drive|[fromitem]\n|-start|p1a: Solarflare|quarkdrivespa\n|turn|7\n|\n|t:|1700426256\n|move|p2a: Ribombee|Psychic|p1a: Solarflare\n|-supereffective|p1a: Solarflare\n|-damage|p1a: Solarflare|47\/100\n|move|p1a: Solarflare|Fiery Dance|p2a: Ribombee\n|-supereffective|p2a: Ribombee\n|-damage|p2a: Ribombee|0 fnt\n|-boost|p1a: Solarflare|spa|1\n|faint|p2a: Ribombee\n|\n|upkeep\n|\n|t:|1700426262\n|switch|p2a: Walking Wake|Walking Wake|100\/100\n|-damage|p2a: Walking Wake|88\/100|[from] Stealth Rock\n|turn|8\n|\n|t:|1700426266\n|move|p2a: Walking Wake|Hydro Steam|p1a: Solarflare\n|-supereffective|p1a: Solarflare\n|-damage|p1a: Solarflare|0 fnt\n|faint|p1a: Solarflare\n|-end|p1a: Solarflare|Quark Drive|[silent]\n|-damage|p2a: Walking Wake|78\/100|[from] item: Life Orb\n|\n|upkeep\n|\n|t:|1700426268\n|switch|p1a: GodClod|Clodsire, M, shiny|65\/100\n|-activate|p1a: GodClod|move: Sticky Web\n|-unboost|p1a: GodClod|spe|1\n|turn|9\n|\n|t:|1700426272\n|move|p2a: Walking Wake|Hydro Steam|p1a: GodClod\n|-heal|p1a: GodClod|90\/100|[from] ability: Water Absorb|[of] p2a: Walking Wake\n|move|p1a: GodClod|Toxic|p2a: Walking Wake\n|-status|p2a: Walking Wake|tox\n|\n|-heal|p1a: GodClod|96\/100|[from] item: Leftovers\n|-damage|p2a: Walking Wake|72\/100 tox|[from] psn\n|upkeep\n|turn|10\n|\n|t:|1700426281\n|move|p2a: Walking Wake|Draco Meteor|p1a: GodClod\n|-damage|p1a: GodClod|50\/100\n|-unboost|p2a: Walking Wake|spa|2\n|-damage|p2a: Walking Wake|62\/100 tox|[from] item: Life Orb\n|move|p1a: GodClod|Recover|p1a: GodClod\n|-heal|p1a: GodClod|99\/100\n|\n|-heal|p1a: GodClod|100\/100|[from] item: Leftovers\n|-damage|p2a: Walking Wake|50\/100 tox|[from] psn\n|upkeep\n|turn|11\n|\n|t:|1700426284\n|-end|p2a: Walking Wake|Protosynthesis|[silent]\n|switch|p2a: Sneasler|Sneasler, M|100\/100\n|-damage|p2a: Sneasler|95\/100|[from] Stealth Rock\n|move|p1a: GodClod|Earthquake|p2a: Sneasler\n|-supereffective|p2a: Sneasler\n|-damage|p2a: Sneasler|0 fnt\n|faint|p2a: Sneasler\n|\n|upkeep\n|\n|t:|1700426286\n|switch|p2a: Walking Wake|Walking Wake|50\/100 tox\n|-damage|p2a: Walking Wake|38\/100 tox|[from] Stealth Rock\n|turn|12\n|\n|t:|1700426289\n|move|p2a: Walking Wake|Flamethrower|p1a: GodClod\n|-damage|p1a: GodClod|76\/100\n|-damage|p2a: Walking Wake|28\/100 tox|[from] item: Life Orb\n|move|p1a: GodClod|Toxic|p2a: Walking Wake\n|-fail|p2a: Walking Wake|tox\n|\n|-heal|p1a: GodClod|82\/100|[from] item: Leftovers\n|-damage|p2a: Walking Wake|22\/100 tox|[from] psn\n|upkeep\n|turn|13\n|\n|t:|1700426291\n|-end|p2a: Walking Wake|Protosynthesis|[silent]\n|switch|p2a: Iron Moth|Iron Moth|100\/100\n|-damage|p2a: Iron Moth|76\/100|[from] Stealth Rock\n|-enditem|p2a: Iron Moth|Booster Energy\n|-activate|p2a: Iron Moth|ability: Quark Drive|[fromitem]\n|-start|p2a: Iron Moth|quarkdrivespe\n|move|p1a: GodClod|Recover|p1a: GodClod\n|-heal|p1a: GodClod|100\/100\n|\n|upkeep\n|turn|14\n|\n|t:|1700426294\n|move|p2a: Iron Moth|Fiery Dance|p1a: GodClod\n|-damage|p1a: GodClod|79\/100\n|move|p1a: GodClod|Earthquake|p2a: Iron Moth\n|-supereffective|p2a: Iron Moth\n|-damage|p2a: Iron Moth|0 fnt\n|faint|p2a: Iron Moth\n|-end|p2a: Iron Moth|Quark Drive|[silent]\n|\n|-heal|p1a: GodClod|85\/100|[from] item: Leftovers\n|upkeep\n|l|\u2606Peragon888\n|inactive|Peragon888 disconnected and has a minute to reconnect!\n|player|p2|\n|c|\u2606Docter_Peng99|gg\n|inactive|Peragon888 has 30 seconds to reconnect!\n|inactive|Peragon888 has 20 seconds to reconnect!\n|inactive|Peragon888 has 15 seconds to reconnect!\n|inactive|Peragon888 has 10 seconds to reconnect!\n|inactive|Peragon888 has 5 seconds to reconnect!\n|-message|Peragon888 lost due to inactivity.\n|\n|win|Docter_Peng99\n|raw|Docter_Peng99's rating: 1371 &rarr; <strong>1386<\/strong><br \/>(+15 for winning)\n|raw|Peragon888's rating: 1284 &rarr; <strong>1265<\/strong><br \/>(-19 for losing)\n","uploadtime":1700426358,"views":7,"p1id":"docterpeng99","p2id":"peragon888","formatid":"gen9ou","rating":1265,"private":0,"password":""}