{"id":"gen9ou-1993517158","p1":"AquaWasHere","p2":"Slo~shade","format":"[Gen 9] OU","log":"|j|\u2606AquaWasHere\n|j|\u2606Slo~shade\n|t:|1700327124\n|gametype|singles\n|player|p1|AquaWasHere|falkner-gen2|1163\n|player|p2|Slo~shade|brawly|1082\n|teamsize|p1|6\n|teamsize|p2|6\n|gen|9\n|tier|[Gen 9] OU\n|rated|\n|rule|Sleep Clause Mod: Limit one foe put to sleep\n|rule|Species Clause: Limit one of each Pok\u00e9mon\n|rule|OHKO Clause: OHKO moves are banned\n|rule|Evasion Items Clause: Evasion items are banned\n|rule|Evasion Moves Clause: Evasion moves are banned\n|rule|Endless Battle Clause: Forcing endless battles is banned\n|rule|HP Percentage Mod: HP is shown in percentages\n|clearpoke\n|poke|p1|Pelipper, M|\n|poke|p1|Great Tusk|\n|poke|p1|Floatzel, M|\n|poke|p1|Zapdos|\n|poke|p1|Basculegion, M|\n|poke|p1|Jirachi|\n|poke|p2|Hawlucha, F|\n|poke|p2|Weavile, M|\n|poke|p2|Crawdaunt, M|\n|poke|p2|Decidueye, M|\n|poke|p2|Gyarados, F|\n|poke|p2|Noctowl, F|\n|teampreview\n|inactive|Battle timer is ON: inactive players will automatically lose when time's up. (requested by Slo~shade)\n|\n|t:|1700327133\n|start\n|switch|p1a: Pelipper|Pelipper, M|100\/100\n|switch|p2a: Decidueye|Decidueye, M, shiny|100\/100\n|-weather|RainDance|[from] ability: Drizzle|[of] p1a: Pelipper\n|turn|1\n|-activate|p2a: Decidueye|item: Quick Claw\n|\n|t:|1700327139\n|switch|p1a: Zapdos|Zapdos, shiny|100\/100\n|move|p2a: Decidueye|Swords Dance|p2a: Decidueye\n|-boost|p2a: Decidueye|atk|2\n|\n|-weather|RainDance|[upkeep]\n|upkeep\n|turn|2\n|\n|t:|1700327159\n|move|p2a: Decidueye|Shadow Sneak|p1a: Zapdos\n|-damage|p1a: Zapdos|64\/100\n|move|p1a: Zapdos|Hurricane|p2a: Decidueye\n|-supereffective|p2a: Decidueye\n|-damage|p2a: Decidueye|18\/100\n|-start|p2a: Decidueye|confusion\n|\n|-weather|RainDance|[upkeep]\n|upkeep\n|turn|3\n|\n|t:|1700327169\n|-terastallize|p2a: Decidueye|Flying\n|move|p1a: Zapdos|Hurricane|p2a: Decidueye\n|-damage|p2a: Decidueye|0 fnt\n|faint|p2a: Decidueye\n|\n|-weather|RainDance|[upkeep]\n|upkeep\n|\n|t:|1700327173\n|switch|p2a: Gyarados|Gyarados, F, shiny|100\/100\n|-ability|p2a: Gyarados|Intimidate|boost\n|-unboost|p1a: Zapdos|atk|1\n|turn|4\n|\n|t:|1700327181\n|move|p1a: Zapdos|Thunder|p2a: Gyarados\n|-supereffective|p2a: Gyarados\n|-damage|p2a: Gyarados|0 fnt\n|faint|p2a: Gyarados\n|\n|-weather|RainDance|[upkeep]\n|upkeep\n|\n|t:|1700327187\n|switch|p2a: Crawdaunt|Crawdaunt, M, shiny|100\/100\n|turn|5\n|\n|t:|1700327191\n|move|p1a: Zapdos|Thunder|p2a: Crawdaunt\n|-supereffective|p2a: Crawdaunt\n|-damage|p2a: Crawdaunt|0 fnt\n|faint|p2a: Crawdaunt\n|\n|-weather|RainDance|[upkeep]\n|upkeep\n|\n|t:|1700327192\n|switch|p2a: Hawlucha|Hawlucha, F, shiny|100\/100\n|turn|6\n|\n|t:|1700327199\n|move|p2a: Hawlucha|Swords Dance|p2a: Hawlucha\n|-boost|p2a: Hawlucha|atk|2\n|move|p1a: Zapdos|Thunder|p2a: Hawlucha\n|-supereffective|p2a: Hawlucha\n|-damage|p2a: Hawlucha|0 fnt\n|faint|p2a: Hawlucha\n|\n|-weather|RainDance|[upkeep]\n|upkeep\n|\n|t:|1700327205\n|switch|p2a: Noctowl|Noctowl, F, shiny|100\/100\n|turn|7\n|\n|t:|1700327209\n|move|p1a: Zapdos|Thunder|p2a: Noctowl\n|-supereffective|p2a: Noctowl\n|-damage|p2a: Noctowl|25\/100\n|-status|p2a: Noctowl|par\n|move|p2a: Noctowl|Calm Mind|p2a: Noctowl\n|-boost|p2a: Noctowl|spa|1\n|-boost|p2a: Noctowl|spd|1\n|\n|-weather|RainDance|[upkeep]\n|-heal|p2a: Noctowl|31\/100 par|[from] item: Leftovers\n|upkeep\n|turn|8\n|\n|t:|1700327218\n|move|p1a: Zapdos|Thunder|p2a: Noctowl\n|-supereffective|p2a: Noctowl\n|-damage|p2a: Noctowl|0 fnt\n|faint|p2a: Noctowl\n|\n|-weather|none\n|upkeep\n|\n|t:|1700327222\n|switch|p2a: Weavile|Weavile, M, shiny|100\/100\n|turn|9\n|\n|t:|1700327232\n|move|p1a: Zapdos|Thunder|p2a: Weavile|[miss]\n|-miss|p1a: Zapdos|p2a: Weavile\n|move|p2a: Weavile|Swords Dance|p2a: Weavile\n|-boost|p2a: Weavile|atk|2\n|\n|upkeep\n|turn|10\n|\n|t:|1700327241\n|move|p1a: Zapdos|Thunder|p2a: Weavile\n|-damage|p2a: Weavile|63\/100\n|move|p2a: Weavile|Swords Dance|p2a: Weavile\n|-boost|p2a: Weavile|atk|2\n|\n|upkeep\n|turn|11\n|\n|t:|1700327247\n|move|p1a: Zapdos|Thunder|p2a: Weavile\n|-damage|p2a: Weavile|29\/100\n|move|p2a: Weavile|Tera Blast|p1a: Zapdos\n|-damage|p1a: Zapdos|56\/100\n|\n|upkeep\n|turn|12\n|\n|t:|1700327255\n|move|p1a: Zapdos|Thunder|p2a: Weavile\n|-damage|p2a: Weavile|0 fnt\n|faint|p2a: Weavile\n|\n|win|AquaWasHere\n|raw|AquaWasHere's rating: 1163 &rarr; <strong>1182<\/strong><br \/>(+19 for winning)\n|raw|Slo~shade's rating: 1082 &rarr; <strong>1065<\/strong><br \/>(-17 for losing)\n|l|\u2606Slo~shade\n|c|\u2606AquaWasHere|easiest sweep of my entire life\n","uploadtime":1700327271,"views":12,"p1id":"aquawashere","p2id":"sloshade","formatid":"gen9ou","rating":1065,"private":0,"password":""}