{"id":"gen9ou-1988498932","p1":"OkJuice100","p2":"TheMGaming","format":"[Gen 9] OU","log":"|j|\u2606OkJuice100\n|j|\u2606TheMGaming\n|t:|1699729455\n|gametype|singles\n|player|p1|OkJuice100|266|1217\n|player|p2|TheMGaming|2|1309\n|teamsize|p1|6\n|teamsize|p2|6\n|gen|9\n|tier|[Gen 9] OU\n|rated|\n|rule|Sleep Clause Mod: Limit one foe put to sleep\n|rule|Species Clause: Limit one of each Pok\u00e9mon\n|rule|OHKO Clause: OHKO moves are banned\n|rule|Evasion Items Clause: Evasion items are banned\n|rule|Evasion Moves Clause: Evasion moves are banned\n|rule|Endless Battle Clause: Forcing endless battles is banned\n|rule|HP Percentage Mod: HP is shown in percentages\n|clearpoke\n|poke|p1|Cinderace, M|\n|poke|p1|Greninja-*, F|\n|poke|p1|Slowking-Galar, M|\n|poke|p1|Pelipper, F|\n|poke|p1|Barraskewda, F|\n|poke|p1|Rillaboom, F|\n|poke|p2|Clefable, M|\n|poke|p2|Mandibuzz, F|\n|poke|p2|Ogerpon, F|\n|poke|p2|Kingambit, F|\n|poke|p2|Ninetales-Alola, F|\n|poke|p2|Sandy Shocks|\n|teampreview\n|\n|t:|1699729462\n|start\n|switch|p1a: Slowking|Slowking-Galar, M|100\/100\n|switch|p2a: Sandy Shocks|Sandy Shocks|100\/100\n|turn|1\n|\n|t:|1699729468\n|switch|p1a: Rillaboom|Rillaboom, F|100\/100\n|-fieldstart|move: Grassy Terrain|[from] ability: Grassy Surge|[of] p1a: Rillaboom\n|move|p2a: Sandy Shocks|Earth Power|p1a: Rillaboom\n|-resisted|p1a: Rillaboom\n|-damage|p1a: Rillaboom|80\/100\n|\n|-heal|p1a: Rillaboom|87\/100|[from] Grassy Terrain\n|-heal|p1a: Rillaboom|93\/100|[from] item: Leftovers\n|upkeep\n|turn|2\n|\n|t:|1699729481\n|-end|p2a: Sandy Shocks|Protosynthesis|[silent]\n|switch|p2a: Mandibuzz|Mandibuzz, F|100\/100\n|move|p1a: Rillaboom|U-turn|p2a: Mandibuzz\n|-damage|p2a: Mandibuzz|88\/100\n|-damage|p1a: Rillaboom|76\/100|[from] item: Rocky Helmet|[of] p2a: Mandibuzz\n|\n|t:|1699729488\n|switch|p1a: Cinderace|Cinderace, M|100\/100|[from] U-turn\n|\n|upkeep\n|turn|3\n|\n|t:|1699729492\n|move|p1a: Cinderace|Electro Ball|p2a: Mandibuzz\n|-start|p1a: Cinderace|typechange|Electric|[from] ability: Libero\n|-supereffective|p2a: Mandibuzz\n|-damage|p2a: Mandibuzz|41\/100\n|move|p2a: Mandibuzz|Foul Play|p1a: Cinderace\n|-damage|p1a: Cinderace|53\/100\n|\n|-heal|p1a: Cinderace|59\/100|[from] Grassy Terrain\n|upkeep\n|turn|4\n|\n|t:|1699729508\n|switch|p2a: Sandy Shocks|Sandy Shocks|100\/100\n|move|p1a: Cinderace|Electro Ball|p2a: Sandy Shocks\n|-immune|p2a: Sandy Shocks\n|\n|-heal|p1a: Cinderace|65\/100|[from] Grassy Terrain\n|upkeep\n|turn|5\n|\n|t:|1699729520\n|switch|p1a: Rillaboom|Rillaboom, F|76\/100\n|move|p2a: Sandy Shocks|Thunderbolt|p1a: Rillaboom\n|-resisted|p1a: Rillaboom\n|-damage|p1a: Rillaboom|55\/100\n|\n|-heal|p1a: Rillaboom|62\/100|[from] Grassy Terrain\n|-heal|p1a: Rillaboom|68\/100|[from] item: Leftovers\n|-fieldend|move: Grassy Terrain\n|upkeep\n|turn|6\n|\n|t:|1699729531\n|-end|p2a: Sandy Shocks|Protosynthesis|[silent]\n|switch|p2a: Mandibuzz|Mandibuzz, F|41\/100\n|move|p1a: Rillaboom|Protect||[still]\n|-fail|p1a: Rillaboom\n|\n|-heal|p1a: Rillaboom|74\/100|[from] item: Leftovers\n|upkeep\n|turn|7\n|\n|t:|1699729536\n|switch|p1a: Pelipper|Pelipper, F|100\/100\n|-weather|RainDance|[from] ability: Drizzle|[of] p1a: Pelipper\n|move|p2a: Mandibuzz|Roost|p2a: Mandibuzz\n|-heal|p2a: Mandibuzz|91\/100\n|-singleturn|p2a: Mandibuzz|move: Roost\n|\n|-weather|RainDance|[upkeep]\n|upkeep\n|turn|8\n|\n|t:|1699729545\n|move|p2a: Mandibuzz|Toxic|p1a: Pelipper\n|-status|p1a: Pelipper|tox\n|move|p1a: Pelipper|Knock Off|p2a: Mandibuzz\n|-resisted|p2a: Mandibuzz\n|-damage|p2a: Mandibuzz|88\/100\n|-damage|p1a: Pelipper|84\/100 tox|[from] item: Rocky Helmet|[of] p2a: Mandibuzz\n|-enditem|p2a: Mandibuzz|Rocky Helmet|[from] move: Knock Off|[of] p1a: Pelipper\n|\n|-weather|RainDance|[upkeep]\n|-damage|p1a: Pelipper|78\/100 tox|[from] psn\n|upkeep\n|turn|9\n|\n|t:|1699729563\n|move|p2a: Mandibuzz|Foul Play|p1a: Pelipper\n|-damage|p1a: Pelipper|63\/100 tox\n|move|p1a: Pelipper|U-turn|p2a: Mandibuzz\n|-damage|p2a: Mandibuzz|82\/100\n|inactive|Battle timer is ON: inactive players will automatically lose when time's up. (requested by TheMGaming)\n|\n|t:|1699729569\n|switch|p1a: Greninja|Greninja, F|100\/100|[from] U-turn\n|\n|-weather|RainDance|[upkeep]\n|upkeep\n|turn|10\n|\n|t:|1699729574\n|switch|p2a: Clefable|Clefable, M|100\/100\n|move|p1a: Greninja|Ice Beam|p2a: Clefable\n|-start|p1a: Greninja|typechange|Ice|[from] ability: Protean\n|-damage|p2a: Clefable|74\/100\n|\n|-weather|RainDance|[upkeep]\n|-heal|p2a: Clefable|80\/100|[from] item: Leftovers\n|upkeep\n|turn|11\n|\n|t:|1699729586\n|switch|p1a: Slowking|Slowking-Galar, M|100\/100\n|switch|p2a: Kingambit|Kingambit, F|100\/100\n|\n|-weather|RainDance|[upkeep]\n|upkeep\n|turn|12\n|\n|t:|1699729594\n|-terastallize|p1a: Slowking|Dark\n|move|p2a: Kingambit|Kowtow Cleave|p1a: Slowking\n|-resisted|p1a: Slowking\n|-damage|p1a: Slowking|73\/100\n|move|p1a: Slowking|Focus Blast|p2a: Kingambit\n|-supereffective|p2a: Kingambit\n|-damage|p2a: Kingambit|0 fnt\n|faint|p2a: Kingambit\n|-end|p2a: Kingambit|fallenundefined|[silent]\n|\n|-weather|RainDance|[upkeep]\n|upkeep\n|\n|t:|1699729618\n|switch|p2a: Ogerpon|Ogerpon, F|100\/100\n|turn|13\n|inactive|TheMGaming has 120 seconds left.\n|\n|t:|1699729656\n|switch|p1a: Cinderace|Cinderace, M|65\/100\n|move|p2a: Ogerpon|U-turn|p1a: Cinderace\n|-resisted|p1a: Cinderace\n|-damage|p1a: Cinderace|46\/100\n|\n|t:|1699729669\n|switch|p2a: Sandy Shocks|Sandy Shocks|100\/100|[from] U-turn\n|\n|-weather|RainDance|[upkeep]\n|upkeep\n|turn|14\n|\n|t:|1699729678\n|move|p2a: Sandy Shocks|Flash Cannon|p1a: Cinderace\n|-resisted|p1a: Cinderace\n|-damage|p1a: Cinderace|28\/100\n|move|p1a: Cinderace|Weather Ball|p2a: Sandy Shocks\n|-start|p1a: Cinderace|typechange|Water|[from] ability: Libero\n|-supereffective|p2a: Sandy Shocks\n|-damage|p2a: Sandy Shocks|0 fnt\n|faint|p2a: Sandy Shocks\n|-end|p2a: Sandy Shocks|Protosynthesis|[silent]\n|\n|-weather|none\n|upkeep\n|-message|TheMGaming forfeited.\n|\n|win|OkJuice100\n|raw|OkJuice100's rating: 1217 &rarr; <strong>1248<\/strong><br \/>(+31 for winning)\n|raw|TheMGaming's rating: 1309 &rarr; <strong>1284<\/strong><br \/>(-25 for losing)\n|l|\u2606TheMGaming\n","uploadtime":1699729693,"views":42,"p1id":"okjuice100","p2id":"themgaming","formatid":"gen9ou","rating":1248,"private":0,"password":""}