{"id":"gen9ou-1991770710","p1":"CRIPPYwitdaGRIPPY","p2":"CrushMeGoodra","format":"[Gen 9] OU","log":"|j|\u2606CRIPPYwitdaGRIPPY\n|j|\u2606CrushMeGoodra\n|t:|1700114246\n|gametype|singles\n|player|p1|CRIPPYwitdaGRIPPY|caitlin|\n|player|p2|CrushMeGoodra|cynthia|\n|teamsize|p1|6\n|teamsize|p2|6\n|gen|9\n|tier|[Gen 9] OU\n|rule|Sleep Clause Mod: Limit one foe put to sleep\n|rule|Species Clause: Limit one of each Pok\u00e9mon\n|rule|OHKO Clause: OHKO moves are banned\n|rule|Evasion Items Clause: Evasion items are banned\n|rule|Evasion Moves Clause: Evasion moves are banned\n|rule|Endless Battle Clause: Forcing endless battles is banned\n|rule|HP Percentage Mod: HP is shown in percentages\n|clearpoke\n|poke|p1|Samurott-Hisui, M|\n|poke|p1|Walking Wake|\n|poke|p1|Skeledirge, M|\n|poke|p1|Sandy Shocks|\n|poke|p1|Pawmot, M|\n|poke|p1|Chesnaught, M|\n|poke|p2|Ninetales-Alola, F|\n|poke|p2|Garchomp, F|\n|poke|p2|Azumarill, F|\n|poke|p2|Polteageist|\n|poke|p2|Forretress, F|\n|poke|p2|Torterra, F|\n|teampreview\n|inactive|Battle timer is ON: inactive players will automatically lose when time's up. (requested by CrushMeGoodra)\n|j| S3PP1\n|\n|t:|1700114255\n|start\n|switch|p1a: sarmurussy|Samurott-Hisui, M, shiny|100\/100\n|switch|p2a: Chicken nugget|Forretress, F, shiny|100\/100\n|turn|1\n|\n|t:|1700114265\n|switch|p1a: skeled1ck|Skeledirge, M|100\/100\n|move|p2a: Chicken nugget|Stealth Rock|p1a: skeled1ck\n|-sidestart|p1: CRIPPYwitdaGRIPPY|move: Stealth Rock\n|\n|upkeep\n|turn|2\n|\n|t:|1700114271\n|move|p1a: skeled1ck|Fire Blast|p2a: Chicken nugget\n|-supereffective|p2a: Chicken nugget\n|-ability|p2a: Chicken nugget|Sturdy\n|-damage|p2a: Chicken nugget|1\/100\n|-status|p2a: Chicken nugget|brn\n|move|p2a: Chicken nugget|Spikes|p1a: skeled1ck\n|-sidestart|p1: CRIPPYwitdaGRIPPY|Spikes\n|\n|-damage|p2a: Chicken nugget|0 fnt|[from] brn\n|faint|p2a: Chicken nugget\n|upkeep\n|\n|t:|1700114287\n|switch|p2a: Arctic Winds|Ninetales-Alola, F|100\/100\n|-weather|Snow|[from] ability: Snow Warning|[of] p2a: Arctic Winds\n|turn|3\n|\n|t:|1700114298\n|move|p2a: Arctic Winds|Aurora Veil|p2a: Arctic Winds\n|-sidestart|p2: CrushMeGoodra|move: Aurora Veil\n|move|p1a: skeled1ck|Fire Blast|p2a: Arctic Winds\n|-supereffective|p2a: Arctic Winds\n|-damage|p2a: Arctic Winds|62\/100\n|\n|-weather|Snow|[upkeep]\n|upkeep\n|turn|4\n|\n|t:|1700114323\n|-terastallize|p1a: skeled1ck|Fire\n|move|p2a: Arctic Winds|Moonblast|p1a: skeled1ck\n|-resisted|p1a: skeled1ck\n|-damage|p1a: skeled1ck|90\/100\n|move|p1a: skeled1ck|Fire Blast|p2a: Arctic Winds\n|-supereffective|p2a: Arctic Winds\n|-damage|p2a: Arctic Winds|5\/100\n|\n|-weather|Snow|[upkeep]\n|upkeep\n|turn|5\n|\n|t:|1700114334\n|move|p2a: Arctic Winds|Encore|p1a: skeled1ck\n|-start|p1a: skeled1ck|Encore\n|move|p1a: skeled1ck|Fire Blast|p2a: Arctic Winds\n|-supereffective|p2a: Arctic Winds\n|-damage|p2a: Arctic Winds|0 fnt\n|faint|p2a: Arctic Winds\n|\n|-weather|Snow|[upkeep]\n|upkeep\n|\n|t:|1700114336\n|switch|p2a: Gura|Garchomp, F|100\/100\n|turn|6\n|inactive|CRIPPYwitdaGRIPPY has 270 seconds left.\n|\n|t:|1700114377\n|move|p2a: Gura|Swords Dance|p2a: Gura\n|-boost|p2a: Gura|atk|2\n|move|p1a: skeled1ck|Fire Blast|p2a: Gura\n|-resisted|p2a: Gura\n|-damage|p2a: Gura|85\/100\n|\n|-weather|Snow|[upkeep]\n|upkeep\n|turn|7\n|\n|t:|1700114388\n|move|p2a: Gura|Earthquake|p1a: skeled1ck\n|-supereffective|p1a: skeled1ck\n|-damage|p1a: skeled1ck|0 fnt\n|faint|p1a: skeled1ck\n|\n|-weather|none\n|upkeep\n|inactive|CRIPPYwitdaGRIPPY has 240 seconds left.\n|\n|t:|1700114406\n|switch|p1a: walkingwalker|Walking Wake|100\/100\n|-damage|p1a: walkingwalker|88\/100|[from] Stealth Rock\n|-damage|p1a: walkingwalker|76\/100|[from] Spikes\n|turn|8\n|\n|t:|1700114413\n|move|p1a: walkingwalker|Draco Meteor|p2a: Gura\n|-supereffective|p2a: Gura\n|-damage|p2a: Gura|13\/100\n|-unboost|p1a: walkingwalker|spa|2\n|move|p2a: Gura|Scale Shot|p1a: walkingwalker\n|-supereffective|p1a: walkingwalker\n|-damage|p1a: walkingwalker|23\/100\n|-supereffective|p1a: walkingwalker\n|-damage|p1a: walkingwalker|0 fnt\n|faint|p1a: walkingwalker\n|-end|p1a: walkingwalker|Protosynthesis|[silent]\n|-hitcount|p1: walkingwalker|2\n|-unboost|p2a: Gura|def|1\n|-boost|p2a: Gura|spe|1\n|\n|upkeep\n|inactive|CRIPPYwitdaGRIPPY has 240 seconds left.\n|\n|t:|1700114433\n|switch|p1a: sarmurussy|Samurott-Hisui, M, shiny|100\/100\n|-damage|p1a: sarmurussy|88\/100|[from] Stealth Rock\n|-damage|p1a: sarmurussy|76\/100|[from] Spikes\n|turn|9\n|\n|t:|1700114447\n|move|p2a: Gura|Earthquake|p1a: sarmurussy\n|-crit|p1a: sarmurussy\n|-damage|p1a: sarmurussy|0 fnt\n|faint|p1a: sarmurussy\n|\n|upkeep\n|\n|t:|1700114455\n|switch|p1a: pawmussy|Pawmot, M|100\/100\n|-damage|p1a: pawmussy|94\/100|[from] Stealth Rock\n|-damage|p1a: pawmussy|82\/100|[from] Spikes\n|turn|10\n|\n|t:|1700114463\n|move|p2a: Gura|Earthquake|p1a: pawmussy\n|-supereffective|p1a: pawmussy\n|-damage|p1a: pawmussy|0 fnt\n|faint|p1a: pawmussy\n|\n|-sideend|p2: CrushMeGoodra|move: Aurora Veil\n|upkeep\n|\n|t:|1700114470\n|switch|p1a: sandy socks|Sandy Shocks|100\/100\n|turn|11\n|inactive|CRIPPYwitdaGRIPPY has 240 seconds left.\n|\n|t:|1700114484\n|move|p2a: Gura|Earthquake|p1a: sandy socks\n|-supereffective|p1a: sandy socks\n|-damage|p1a: sandy socks|0 fnt\n|faint|p1a: sandy socks\n|-end|p1a: sandy socks|Protosynthesis|[silent]\n|\n|upkeep\n|\n|t:|1700114489\n|switch|p1a: wood boi|Chesnaught, M, shiny|100\/100\n|-damage|p1a: wood boi|94\/100|[from] Stealth Rock\n|-damage|p1a: wood boi|82\/100|[from] Spikes\n|turn|12\n|\n|t:|1700114496\n|move|p2a: Gura|Fire Fang|p1a: wood boi\n|-supereffective|p1a: wood boi\n|-damage|p1a: wood boi|28\/100\n|move|p1a: wood boi|Wood Hammer|p2a: Gura\n|-damage|p2a: Gura|0 fnt\n|-damage|p1a: wood boi|15\/100|[from] ability: Rough Skin|[of] p2a: Gura\n|faint|p2a: Gura\n|-damage|p1a: wood boi|11\/100|[from] Recoil\n|\n|-heal|p1a: wood boi|17\/100|[from] item: Leftovers\n|upkeep\n|\n|t:|1700114503\n|switch|p2a: Mad Hatter|Polteageist|100\/100\n|turn|13\n|\n|t:|1700114510\n|move|p2a: Mad Hatter|Shell Smash|p2a: Mad Hatter\n|-unboost|p2a: Mad Hatter|def|1\n|-unboost|p2a: Mad Hatter|spd|1\n|-boost|p2a: Mad Hatter|atk|2\n|-boost|p2a: Mad Hatter|spa|2\n|-boost|p2a: Mad Hatter|spe|2\n|move|p1a: wood boi|Wood Hammer|p2a: Mad Hatter\n|-enditem|p2a: Mad Hatter|Focus Sash\n|-damage|p2a: Mad Hatter|1\/100\n|-ability|p2a: Mad Hatter|Weak Armor|boost\n|-unboost|p2a: Mad Hatter|def|1\n|-boost|p2a: Mad Hatter|spe|2\n|-damage|p1a: wood boi|0 fnt|[from] Recoil\n|faint|p1a: wood boi\n|\n|win|CrushMeGoodra\n|l|\u2606CRIPPYwitdaGRIPPY\n|l|\u2606CrushMeGoodra\n","uploadtime":1700114546,"views":14,"p1id":"crippywitdagrippy","p2id":"crushmegoodra","formatid":"gen9ou","rating":0,"private":0,"password":""}