{"id":"gen9ou-1989316115","p1":"Aquanots","p2":"KDawg5308","format":"[Gen 9] OU","log":"|j|\u2606Aquanots\n|j|\u2606KDawg5308\n|t:|1699835500\n|gametype|singles\n|player|p1|Aquanots|benga|1124\n|player|p2|KDawg5308|ethan|1186\n|teamsize|p1|6\n|teamsize|p2|6\n|gen|9\n|tier|[Gen 9] OU\n|rated|\n|rule|Sleep Clause Mod: Limit one foe put to sleep\n|rule|Species Clause: Limit one of each Pok\u00e9mon\n|rule|OHKO Clause: OHKO moves are banned\n|rule|Evasion Items Clause: Evasion items are banned\n|rule|Evasion Moves Clause: Evasion moves are banned\n|rule|Endless Battle Clause: Forcing endless battles is banned\n|rule|HP Percentage Mod: HP is shown in percentages\n|clearpoke\n|poke|p1|Pelipper, M|\n|poke|p1|Quaquaval, M|\n|poke|p1|Quagsire, F|\n|poke|p1|Empoleon, M|\n|poke|p1|Greninja-*, M|\n|poke|p1|Ogerpon-Wellspring, F|\n|poke|p2|Ditto|\n|poke|p2|Hydreigon, F|\n|poke|p2|Great Tusk|\n|poke|p2|Garganacl, F|\n|poke|p2|Gyarados, F|\n|poke|p2|Amoonguss, F|\n|teampreview\n|c|\u2606KDawg5308|wooder team\n|\n|t:|1699835521\n|start\n|switch|p1a: Ogerpon|Ogerpon-Wellspring, F|100\/100\n|switch|p2a: Gyarados|Gyarados, F, shiny|100\/100\n|turn|1\n|\n|t:|1699835529\n|switch|p2a: Hydreigon|Hydreigon, F|100\/100\n|move|p1a: Ogerpon|Leech Seed|p2a: Hydreigon\n|-start|p2a: Hydreigon|move: Leech Seed\n|\n|-damage|p2a: Hydreigon|88\/100|[from] Leech Seed|[of] p1a: Ogerpon\n|upkeep\n|turn|2\n|\n|t:|1699835541\n|switch|p1a: Quaquaval|Quaquaval, M|100\/100\n|move|p2a: Hydreigon|Draco Meteor|p1a: Quaquaval\n|-damage|p1a: Quaquaval|15\/100\n|-unboost|p2a: Hydreigon|spa|2\n|\n|-damage|p2a: Hydreigon|76\/100|[from] Leech Seed|[of] p1a: Quaquaval\n|-heal|p1a: Quaquaval|28\/100|[silent]\n|upkeep\n|turn|3\n|\n|t:|1699835547\n|switch|p2a: Ditto|Ditto, shiny|100\/100\n|-transform|p2a: Ditto|p1a: Quaquaval|[from] ability: Imposter\n|move|p1a: Quaquaval|Brick Break|p2a: Ditto\n|-damage|p2a: Ditto|42\/100\n|\n|upkeep\n|turn|4\n|\n|t:|1699835558\n|move|p2a: Ditto|Brick Break|p1a: Quaquaval\n|-damage|p1a: Quaquaval|0 fnt\n|faint|p1a: Quaquaval\n|-ability|p2a: Ditto|Moxie|boost\n|-boost|p2a: Ditto|atk|1\n|\n|upkeep\n|\n|t:|1699835561\n|switch|p1a: Quagsire|Quagsire, F|100\/100\n|turn|5\n|\n|t:|1699835565\n|move|p2a: Ditto|Brick Break|p1a: Quagsire\n|-damage|p1a: Quagsire|74\/100\n|-damage|p2a: Ditto|25\/100|[from] item: Rocky Helmet|[of] p1a: Quagsire\n|move|p1a: Quagsire|Stealth Rock|p2a: Ditto\n|-sidestart|p2: KDawg5308|move: Stealth Rock\n|\n|upkeep\n|turn|6\n|\n|t:|1699835574\n|switch|p2a: Amoonguss|Amoonguss, F|100\/100\n|-damage|p2a: Amoonguss|88\/100|[from] Stealth Rock\n|move|p1a: Quagsire|Earthquake|p2a: Amoonguss\n|-damage|p2a: Amoonguss|55\/100\n|\n|-heal|p2a: Amoonguss|62\/100|[from] item: Black Sludge\n|upkeep\n|turn|7\n|\n|t:|1699835580\n|switch|p1a: Pelipper|Pelipper, M|100\/100\n|-weather|RainDance|[from] ability: Drizzle|[of] p1a: Pelipper\n|move|p2a: Amoonguss|Toxic|p1a: Pelipper\n|-status|p1a: Pelipper|tox\n|\n|-weather|RainDance|[upkeep]\n|-heal|p2a: Amoonguss|68\/100|[from] item: Black Sludge\n|-damage|p1a: Pelipper|94\/100 tox|[from] psn\n|upkeep\n|turn|8\n|\n|t:|1699835585\n|move|p2a: Amoonguss|Protect|p2a: Amoonguss\n|-singleturn|p2a: Amoonguss|Protect\n|move|p1a: Pelipper|Hurricane|p2a: Amoonguss\n|-activate|p2a: Amoonguss|move: Protect\n|\n|-weather|RainDance|[upkeep]\n|-heal|p2a: Amoonguss|74\/100|[from] item: Black Sludge\n|-damage|p1a: Pelipper|82\/100 tox|[from] psn\n|upkeep\n|turn|9\n|\n|t:|1699835595\n|switch|p2a: Hydreigon|Hydreigon, F|76\/100\n|-damage|p2a: Hydreigon|64\/100|[from] Stealth Rock\n|move|p1a: Pelipper|Weather Ball|p2a: Hydreigon\n|-resisted|p2a: Hydreigon\n|-damage|p2a: Hydreigon|12\/100\n|-damage|p1a: Pelipper|72\/100 tox|[from] item: Life Orb\n|\n|-weather|RainDance|[upkeep]\n|-damage|p1a: Pelipper|54\/100 tox|[from] psn\n|upkeep\n|turn|10\n|\n|t:|1699835605\n|switch|p1a: Quagsire|Quagsire, F|74\/100\n|move|p2a: Hydreigon|Dark Pulse|p1a: Quagsire\n|-damage|p1a: Quagsire|22\/100\n|\n|-weather|RainDance|[upkeep]\n|upkeep\n|turn|11\n|\n|t:|1699835610\n|move|p2a: Hydreigon|Dark Pulse|p1a: Quagsire\n|-damage|p1a: Quagsire|0 fnt\n|faint|p1a: Quagsire\n|\n|-weather|none\n|upkeep\n|\n|t:|1699835611\n|switch|p1a: Greninja|Greninja, M|100\/100\n|turn|12\n|\n|t:|1699835615\n|move|p2a: Hydreigon|Dark Pulse|p1a: Greninja\n|-resisted|p1a: Greninja\n|-damage|p1a: Greninja|69\/100\n|move|p1a: Greninja|Ice Beam|p2a: Hydreigon\n|-supereffective|p2a: Hydreigon\n|-damage|p2a: Hydreigon|0 fnt\n|faint|p2a: Hydreigon\n|-ability|p1a: Greninja|Battle Bond|boost\n|-boost|p1a: Greninja|atk|1\n|-boost|p1a: Greninja|spa|1\n|-boost|p1a: Greninja|spe|1\n|-activate|p1a: Greninja|ability: Battle Bond\n|-damage|p1a: Greninja|59\/100|[from] item: Life Orb\n|\n|upkeep\n|\n|t:|1699835619\n|switch|p2a: Ditto|Ditto, shiny|25\/100\n|-damage|p2a: Ditto|13\/100|[from] Stealth Rock\n|-transform|p2a: Ditto|p1a: Greninja|[from] ability: Imposter\n|turn|13\n|\n|t:|1699835636\n|move|p2a: Ditto|Dark Pulse|p1a: Greninja\n|-resisted|p1a: Greninja\n|-damage|p1a: Greninja|13\/100\n|cant|p1a: Greninja|flinch\n|\n|upkeep\n|turn|14\n|\n|t:|1699835639\n|move|p2a: Ditto|Dark Pulse|p1a: Greninja\n|-resisted|p1a: Greninja\n|-damage|p1a: Greninja|0 fnt\n|faint|p1a: Greninja\n|\n|upkeep\n|c|\u2606Aquanots|Lucky ass\n|\n|t:|1699835652\n|switch|p1a: Empoleon|Empoleon, M|100\/100\n|turn|15\n|c|\u2606KDawg5308|fr\n|\n|t:|1699835655\n|move|p1a: Empoleon|Vacuum Wave|p2a: Ditto\n|-supereffective|p2a: Ditto\n|-damage|p2a: Ditto|0 fnt\n|faint|p2a: Ditto\n|\n|upkeep\n|\n|t:|1699835663\n|switch|p2a: Great Tusk|Great Tusk|100\/100\n|-damage|p2a: Great Tusk|98\/100|[from] Stealth Rock\n|-enditem|p2a: Great Tusk|Booster Energy\n|-activate|p2a: Great Tusk|ability: Protosynthesis|[fromitem]\n|-start|p2a: Great Tusk|protosynthesisatk\n|turn|16\n|\n|t:|1699835667\n|switch|p1a: Pelipper|Pelipper, M|54\/100 tox\n|-weather|RainDance|[from] ability: Drizzle|[of] p1a: Pelipper\n|move|p2a: Great Tusk|Rapid Spin|p1a: Pelipper\n|-damage|p1a: Pelipper|26\/100 tox\n|-boost|p2a: Great Tusk|spe|1\n|-sideend|p2: KDawg5308|Stealth Rock|[from] move: Rapid Spin|[of] p2a: Great Tusk\n|\n|-weather|RainDance|[upkeep]\n|-damage|p1a: Pelipper|20\/100 tox|[from] psn\n|upkeep\n|turn|17\n|\n|t:|1699835671\n|move|p2a: Great Tusk|Bulk Up|p2a: Great Tusk\n|-boost|p2a: Great Tusk|atk|1\n|-boost|p2a: Great Tusk|def|1\n|move|p1a: Pelipper|Weather Ball|p2a: Great Tusk\n|-supereffective|p2a: Great Tusk\n|-damage|p2a: Great Tusk|0 fnt\n|faint|p2a: Great Tusk\n|-end|p2a: Great Tusk|Protosynthesis|[silent]\n|-damage|p1a: Pelipper|10\/100 tox|[from] item: Life Orb\n|\n|-weather|RainDance|[upkeep]\n|-damage|p1a: Pelipper|0 fnt|[from] psn\n|faint|p1a: Pelipper\n|upkeep\n|\n|t:|1699835679\n|switch|p2a: Garganacl|Garganacl, F|100\/100\n|switch|p1a: Ogerpon|Ogerpon-Wellspring, F|100\/100\n|turn|18\n|\n|t:|1699835682\n|move|p1a: Ogerpon|Leech Seed|p2a: Garganacl\n|-start|p2a: Garganacl|move: Leech Seed\n|move|p2a: Garganacl|Salt Cure|p1a: Ogerpon\n|-damage|p1a: Ogerpon|81\/100\n|-start|p1a: Ogerpon|Salt Cure\n|\n|-weather|RainDance|[upkeep]\n|-damage|p2a: Garganacl|88\/100|[from] Leech Seed|[of] p1a: Ogerpon\n|-heal|p1a: Ogerpon|97\/100|[silent]\n|-damage|p1a: Ogerpon|72\/100|[from] Salt Cure\n|upkeep\n|turn|19\n|\n|t:|1699835686\n|move|p1a: Ogerpon|Swords Dance|p1a: Ogerpon\n|-boost|p1a: Ogerpon|atk|2\n|move|p2a: Garganacl|Stealth Rock|p1a: Ogerpon\n|-sidestart|p1: Aquanots|move: Stealth Rock\n|\n|-weather|RainDance|[upkeep]\n|-heal|p2a: Garganacl|94\/100|[from] item: Leftovers\n|-damage|p2a: Garganacl|82\/100|[from] Leech Seed|[of] p1a: Ogerpon\n|-heal|p1a: Ogerpon|89\/100|[silent]\n|-damage|p1a: Ogerpon|64\/100|[from] Salt Cure\n|upkeep\n|turn|20\n|\n|t:|1699835689\n|move|p2a: Garganacl|Protect|p2a: Garganacl\n|-singleturn|p2a: Garganacl|Protect\n|move|p1a: Ogerpon|Ivy Cudgel|p2a: Garganacl\n|-activate|p2a: Garganacl|move: Protect\n|\n|-weather|none\n|-heal|p2a: Garganacl|88\/100|[from] item: Leftovers\n|-damage|p2a: Garganacl|76\/100|[from] Leech Seed|[of] p1a: Ogerpon\n|-heal|p1a: Ogerpon|81\/100|[silent]\n|-damage|p1a: Ogerpon|56\/100|[from] Salt Cure\n|upkeep\n|turn|21\n|\n|t:|1699835699\n|switch|p2a: Amoonguss|Amoonguss, F|100\/100\n|move|p1a: Ogerpon|Horn Leech|p2a: Amoonguss\n|-resisted|p2a: Amoonguss\n|-damage|p2a: Amoonguss|77\/100\n|-heal|p1a: Ogerpon|73\/100|[from] drain|[of] p2a: Amoonguss\n|\n|-heal|p2a: Amoonguss|83\/100|[from] item: Black Sludge\n|-damage|p1a: Ogerpon|48\/100|[from] Salt Cure\n|upkeep\n|turn|22\n|\n|t:|1699835704\n|move|p1a: Ogerpon|Ivy Cudgel|p2a: Amoonguss\n|-resisted|p2a: Amoonguss\n|-damage|p2a: Amoonguss|24\/100\n|move|p2a: Amoonguss|Giga Drain|p1a: Ogerpon\n|-damage|p1a: Ogerpon|21\/100\n|-heal|p2a: Amoonguss|34\/100|[from] drain|[of] p1a: Ogerpon\n|\n|-heal|p2a: Amoonguss|40\/100|[from] item: Black Sludge\n|-damage|p1a: Ogerpon|0 fnt|[from] Salt Cure\n|faint|p1a: Ogerpon\n|upkeep\n|\n|t:|1699835706\n|switch|p1a: Empoleon|Empoleon, M|100\/100\n|-damage|p1a: Empoleon|94\/100|[from] Stealth Rock\n|turn|23\n|\n|t:|1699835711\n|move|p1a: Empoleon|Blizzard|p2a: Amoonguss|[miss]\n|-miss|p1a: Empoleon|p2a: Amoonguss\n|-enditem|p1a: Empoleon|Blunder Policy\n|-boost|p1a: Empoleon|spe|2\n|move|p2a: Amoonguss|Spore|p1a: Empoleon\n|-status|p1a: Empoleon|slp|[from] move: Spore\n|\n|-heal|p2a: Amoonguss|46\/100|[from] item: Black Sludge\n|upkeep\n|turn|24\n|n|!Aquanots|aquanots\n|-message|Aquanots forfeited.\n|\n|win|KDawg5308\n|raw|Aquanots's rating: 1124 &rarr; <strong>1103<\/strong><br \/>(-21 for losing)\n|raw|KDawg5308's rating: 1186 &rarr; <strong>1207<\/strong><br \/>(+21 for winning)\n|l|!Aquanots\n","uploadtime":1699835720,"views":9,"p1id":"aquanots","p2id":"kdawg5308","formatid":"gen9ou","rating":1103,"private":0,"password":""}