{"id":"gen9ou-1995816803","p1":"euleremperor","p2":"haxusorry","format":"[Gen 9] OU","log":"|j|\u2606euleremperor\n|j|\u2606haxusorry\n|t:|1700606006\n|gametype|singles\n|player|p1|euleremperor|rood|1375\n|player|p2|haxusorry|riley|1402\n|teamsize|p1|6\n|teamsize|p2|6\n|gen|9\n|tier|[Gen 9] OU\n|rated|\n|rule|Sleep Clause Mod: Limit one foe put to sleep\n|rule|Species Clause: Limit one of each Pok\u00e9mon\n|rule|OHKO Clause: OHKO moves are banned\n|rule|Evasion Items Clause: Evasion items are banned\n|rule|Evasion Moves Clause: Evasion moves are banned\n|rule|Endless Battle Clause: Forcing endless battles is banned\n|rule|HP Percentage Mod: HP is shown in percentages\n|clearpoke\n|poke|p1|Enamorus, F|\n|poke|p1|Landorus-Therian, M|\n|poke|p1|Zapdos|\n|poke|p1|Corviknight, M|\n|poke|p1|Iron Valiant|\n|poke|p1|Ogerpon-Wellspring, F|\n|poke|p2|Mew|\n|poke|p2|Dragapult, M|\n|poke|p2|Ting-Lu|\n|poke|p2|Cinderace, F|\n|poke|p2|Amoonguss, M|\n|poke|p2|Kingambit, F|\n|teampreview\n|inactive|Battle timer is ON: inactive players will automatically lose when time's up. (requested by haxusorry)\n|\n|t:|1700606034\n|start\n|switch|p1a: Landorus|Landorus-Therian, M|100\/100\n|switch|p2a: Mew|Mew|100\/100\n|-ability|p1a: Landorus|Intimidate|boost\n|-unboost|p2a: Mew|atk|1\n|turn|1\n|\n|t:|1700606056\n|switch|p2a: Amoonguss|Amoonguss, M|100\/100\n|move|p1a: Landorus|U-turn|p2a: Amoonguss\n|-damage|p2a: Amoonguss|81\/100\n|-enditem|p2a: Amoonguss|Red Card|[of] p1a: Landorus\n|drag|p1a: Corviknight|Corviknight, M|100\/100\n|-ability|p1a: Corviknight|Pressure\n|\n|upkeep\n|turn|2\n|\n|t:|1700606076\n|move|p1a: Corviknight|Brave Bird|p2a: Amoonguss\n|-supereffective|p2a: Amoonguss\n|-damage|p2a: Amoonguss|28\/100\n|-damage|p1a: Corviknight|81\/100|[from] Recoil\n|move|p2a: Amoonguss|Spore|p1a: Corviknight\n|-status|p1a: Corviknight|slp|[from] move: Spore\n|\n|upkeep\n|turn|3\n|\n|t:|1700606082\n|switch|p1a: Zapdos|Zapdos|100\/100\n|switch|p2a: Dragapult|Dragapult, M|100\/100\n|\n|upkeep\n|turn|4\n|\n|t:|1700606087\n|move|p2a: Dragapult|Shadow Ball|p1a: Zapdos\n|-damage|p1a: Zapdos|49\/100\n|move|p1a: Zapdos|Volt Switch|p2a: Dragapult\n|-resisted|p2a: Dragapult\n|-damage|p2a: Dragapult|82\/100\n|\n|t:|1700606094\n|switch|p1a: Enamorus|Enamorus, F|100\/100|[from] Volt Switch\n|\n|upkeep\n|turn|5\n|inactive|euleremperor has 120 seconds left.\n|\n|t:|1700606132\n|-terastallize|p2a: Dragapult|Ghost\n|-terastallize|p1a: Enamorus|Fairy\n|move|p2a: Dragapult|Shadow Ball|p1a: Enamorus\n|-damage|p1a: Enamorus|0 fnt\n|faint|p1a: Enamorus\n|\n|upkeep\n|\n|t:|1700606139\n|switch|p1a: Iron Valiant|Iron Valiant|100\/100\n|-enditem|p1a: Iron Valiant|Booster Energy\n|-activate|p1a: Iron Valiant|ability: Quark Drive|[fromitem]\n|-start|p1a: Iron Valiant|quarkdrivespe\n|turn|6\n|\n|t:|1700606142\n|move|p1a: Iron Valiant|Knock Off|p2a: Dragapult\n|-supereffective|p2a: Dragapult\n|-damage|p2a: Dragapult|0 fnt\n|-enditem|p2a: Dragapult|Choice Specs|[from] move: Knock Off|[of] p1a: Iron Valiant\n|faint|p2a: Dragapult\n|\n|upkeep\n|\n|t:|1700606150\n|switch|p2a: Cinderace|Cinderace, F|100\/100\n|turn|7\n|\n|t:|1700606166\n|move|p1a: Iron Valiant|Knock Off|p2a: Cinderace\n|-damage|p2a: Cinderace|61\/100\n|-enditem|p2a: Cinderace|Heavy-Duty Boots|[from] move: Knock Off|[of] p1a: Iron Valiant\n|move|p2a: Cinderace|Will-O-Wisp|p1a: Iron Valiant\n|-status|p1a: Iron Valiant|brn\n|\n|-damage|p1a: Iron Valiant|94\/100 brn|[from] brn\n|upkeep\n|turn|8\n|\n|t:|1700606175\n|move|p1a: Iron Valiant|Encore|p2a: Cinderace\n|-start|p2a: Cinderace|Encore\n|move|p2a: Cinderace|Will-O-Wisp|p1a: Iron Valiant\n|-fail|p1a: Iron Valiant|brn\n|\n|-damage|p1a: Iron Valiant|88\/100 brn|[from] brn\n|upkeep\n|turn|9\n|\n|t:|1700606179\n|switch|p2a: Amoonguss|Amoonguss, M|61\/100\n|move|p1a: Iron Valiant|Swords Dance|p1a: Iron Valiant\n|-boost|p1a: Iron Valiant|atk|2\n|\n|-damage|p1a: Iron Valiant|82\/100 brn|[from] brn\n|upkeep\n|turn|10\n|\n|t:|1700606182\n|move|p1a: Iron Valiant|Knock Off|p2a: Amoonguss\n|-damage|p2a: Amoonguss|47\/100\n|move|p2a: Amoonguss|Sludge Bomb|p1a: Iron Valiant\n|-supereffective|p1a: Iron Valiant\n|-damage|p1a: Iron Valiant|0 fnt\n|faint|p1a: Iron Valiant\n|-end|p1a: Iron Valiant|Quark Drive|[silent]\n|\n|upkeep\n|\n|t:|1700606188\n|switch|p1a: Corviknight|Corviknight, M|81\/100 slp\n|-ability|p1a: Corviknight|Pressure\n|turn|11\n|\n|t:|1700606194\n|switch|p2a: Mew|Mew|100\/100\n|cant|p1a: Corviknight|slp\n|\n|upkeep\n|turn|12\n|\n|t:|1700606223\n|move|p2a: Mew|Nasty Plot|p2a: Mew\n|-boost|p2a: Mew|spa|2\n|cant|p1a: Corviknight|slp\n|\n|upkeep\n|turn|13\n|\n|t:|1700606226\n|move|p2a: Mew|Thunderbolt|p1a: Corviknight\n|-supereffective|p1a: Corviknight\n|-damage|p1a: Corviknight|0 fnt\n|faint|p1a: Corviknight\n|-damage|p2a: Mew|91\/100|[from] item: Life Orb\n|\n|upkeep\n|\n|t:|1700606230\n|switch|p1a: Landorus|Landorus-Therian, M|100\/100\n|-ability|p1a: Landorus|Intimidate|boost\n|-unboost|p2a: Mew|atk|1\n|turn|14\n|\n|t:|1700606233\n|move|p2a: Mew|Psychic|p1a: Landorus\n|-damage|p1a: Landorus|0 fnt\n|faint|p1a: Landorus\n|-damage|p2a: Mew|81\/100|[from] item: Life Orb\n|\n|upkeep\n|\n|t:|1700606242\n|switch|p1a: Ogerpon|Ogerpon-Wellspring, F|100\/100\n|turn|15\n|\n|t:|1700606247\n|switch|p1a: Zapdos|Zapdos|49\/100\n|move|p2a: Mew|Psychic|p1a: Zapdos\n|-damage|p1a: Zapdos|0 fnt\n|faint|p1a: Zapdos\n|-damage|p2a: Mew|71\/100|[from] item: Life Orb\n|\n|upkeep\n|\n|t:|1700606248\n|switch|p1a: Ogerpon|Ogerpon-Wellspring, F|100\/100\n|turn|16\n|\n|t:|1700606260\n|move|p1a: Ogerpon|U-turn|p2a: Mew\n|-supereffective|p2a: Mew\n|-damage|p2a: Mew|14\/100\n|move|p2a: Mew|Psychic|p1a: Ogerpon\n|-damage|p1a: Ogerpon|0 fnt\n|faint|p1a: Ogerpon\n|-damage|p2a: Mew|4\/100|[from] item: Life Orb\n|\n|win|haxusorry\n|raw|euleremperor's rating: 1375 &rarr; <strong>1357<\/strong><br \/>(-18 for losing)\n|raw|haxusorry's rating: 1402 &rarr; <strong>1420<\/strong><br \/>(+18 for winning)\n|l|\u2606euleremperor\n","uploadtime":1700606271,"views":8,"p1id":"euleremperor","p2id":"haxusorry","formatid":"gen9ou","rating":1357,"private":0,"password":""}