{"id":"gen9ou-1997012320","p1":"frantoons","p2":"Belgian hippo","format":"[Gen 9] OU","log":"|j|\u2606frantoons\n|j|\u203dBelgian hippo\n|t:|1700755556\n|gametype|singles\n|player|p1|frantoons|blue-masters|1244\n|player|p2|Belgian hippo|plasmagrunt|1299\n|teamsize|p1|6\n|teamsize|p2|6\n|gen|9\n|tier|[Gen 9] OU\n|rated|\n|rule|Sleep Clause Mod: Limit one foe put to sleep\n|rule|Species Clause: Limit one of each Pok\u00e9mon\n|rule|OHKO Clause: OHKO moves are banned\n|rule|Evasion Items Clause: Evasion items are banned\n|rule|Evasion Moves Clause: Evasion moves are banned\n|rule|Endless Battle Clause: Forcing endless battles is banned\n|rule|HP Percentage Mod: HP is shown in percentages\n|clearpoke\n|poke|p1|Cinderace, M|\n|poke|p1|Great Tusk|\n|poke|p1|Zapdos|\n|poke|p1|Zamazenta-*|\n|poke|p1|Ribombee, F|\n|poke|p1|Clefable, M|\n|poke|p2|Rillaboom, F|\n|poke|p2|Heatran, F|\n|poke|p2|Clodsire, M|\n|poke|p2|Samurott-Hisui, M|\n|poke|p2|Slowking-Galar, M|\n|poke|p2|Brambleghast, M|\n|teampreview\n|inactive|Battle timer is ON: inactive players will automatically lose when time's up. (requested by frantoons)\n|\n|t:|1700755580\n|start\n|switch|p1a: Chirios|Ribombee, F, shiny|100\/100\n|switch|p2a: Slowking|Slowking-Galar, M|100\/100\n|turn|1\n|\n|t:|1700755585\n|move|p1a: Chirios|Sticky Web|p2a: Slowking\n|-sidestart|p2: Belgian hippo|move: Sticky Web\n|move|p2a: Slowking|Sludge Bomb|p1a: Chirios\n|-supereffective|p1a: Chirios\n|-enditem|p1a: Chirios|Focus Sash\n|-damage|p1a: Chirios|1\/100\n|\n|upkeep\n|turn|2\n|\n|t:|1700755598\n|switch|p1a: Dumbo|Great Tusk|100\/100\n|switch|p2a: Brambleghast|Brambleghast, M|100\/100\n|\n|upkeep\n|turn|3\n|\n|t:|1700755604\n|move|p2a: Brambleghast|Rapid Spin|p1a: Dumbo\n|-damage|p1a: Dumbo|88\/100\n|-boost|p2a: Brambleghast|spe|1\n|-sideend|p2: Belgian hippo|Sticky Web|[from] move: Rapid Spin|[of] p2a: Brambleghast\n|move|p1a: Dumbo|Knock Off|p2a: Brambleghast\n|-supereffective|p2a: Brambleghast\n|-damage|p2a: Brambleghast|0 fnt\n|-enditem|p2a: Brambleghast|Heavy-Duty Boots|[from] move: Knock Off|[of] p1a: Dumbo\n|faint|p2a: Brambleghast\n|\n|upkeep\n|\n|t:|1700755615\n|switch|p2a: Samurott|Samurott-Hisui, M|100\/100\n|turn|4\n|\n|t:|1700755621\n|-end|p1a: Dumbo|Protosynthesis|[silent]\n|switch|p1a: dulce princesa|Zamazenta, shiny|100\/100\n|-ability|p1a: dulce princesa|Dauntless Shield|boost\n|-boost|p1a: dulce princesa|def|1\n|move|p2a: Samurott|Razor Shell|p1a: dulce princesa\n|-damage|p1a: dulce princesa|70\/100\n|-unboost|p1a: dulce princesa|def|1\n|\n|upkeep\n|turn|5\n|\n|t:|1700755631\n|switch|p2a: Slowking|Slowking-Galar, M|100\/100\n|move|p1a: dulce princesa|Wild Charge|p2a: Slowking\n|-damage|p2a: Slowking|70\/100\n|-damage|p1a: dulce princesa|60\/100|[from] Recoil\n|\n|upkeep\n|turn|6\n|\n|t:|1700755641\n|switch|p1a: Dumbo|Great Tusk|88\/100\n|move|p2a: Slowking|Future Sight|p1a: Dumbo\n|-start|p2a: Slowking|move: Future Sight\n|\n|upkeep\n|turn|7\n|\n|t:|1700755648\n|switch|p2a: Rillaboom|Rillaboom, F|100\/100\n|-fieldstart|move: Grassy Terrain|[from] ability: Grassy Surge|[of] p2a: Rillaboom\n|move|p1a: Dumbo|Headlong Rush|p2a: Rillaboom\n|-resisted|p2a: Rillaboom\n|-damage|p2a: Rillaboom|68\/100\n|-unboost|p1a: Dumbo|def|1\n|-unboost|p1a: Dumbo|spd|1\n|\n|-heal|p1a: Dumbo|95\/100|[from] Grassy Terrain\n|-heal|p2a: Rillaboom|74\/100|[from] Grassy Terrain\n|upkeep\n|turn|8\n|\n|t:|1700755652\n|move|p1a: Dumbo|Ice Spinner|p2a: Rillaboom\n|-supereffective|p2a: Rillaboom\n|-damage|p2a: Rillaboom|14\/100\n|-fieldend|move: Grassy Terrain\n|move|p2a: Rillaboom|Wood Hammer|p1a: Dumbo\n|-supereffective|p1a: Dumbo\n|-damage|p1a: Dumbo|0 fnt\n|faint|p1a: Dumbo\n|-end|p1a: Dumbo|Protosynthesis|[silent]\n|-damage|p2a: Rillaboom|0 fnt|[from] Recoil\n|faint|p2a: Rillaboom\n|\n|-hint|Future Sight did not hit because the target is fainted.\n|upkeep\n|\n|t:|1700755660\n|switch|p1a: Chirios|Ribombee, F, shiny|1\/100\n|switch|p2a: Samurott|Samurott-Hisui, M|100\/100\n|turn|9\n|\n|t:|1700755665\n|move|p2a: Samurott|Aqua Jet|p1a: Chirios\n|-damage|p1a: Chirios|0 fnt\n|faint|p1a: Chirios\n|\n|upkeep\n|\n|t:|1700755671\n|switch|p1a: dulce princesa|Zamazenta, shiny|60\/100\n|turn|10\n|\n|t:|1700755676\n|switch|p2a: Slowking|Slowking-Galar, M|100\/100\n|move|p1a: dulce princesa|Close Combat|p2a: Slowking\n|-resisted|p2a: Slowking\n|-damage|p2a: Slowking|85\/100\n|-unboost|p1a: dulce princesa|def|1\n|-unboost|p1a: dulce princesa|spd|1\n|\n|upkeep\n|turn|11\n|\n|t:|1700755679\n|switch|p1a: piolin|Zapdos, shiny|100\/100\n|move|p2a: Slowking|Future Sight|p1a: piolin\n|-start|p2a: Slowking|move: Future Sight\n|\n|upkeep\n|turn|12\n|\n|t:|1700755684\n|switch|p2a: Clodsire|Clodsire, M|100\/100\n|move|p1a: piolin|Hurricane|p2a: Clodsire\n|-damage|p2a: Clodsire|72\/100\n|\n|-heal|p2a: Clodsire|78\/100|[from] item: Leftovers\n|upkeep\n|turn|13\n|\n|t:|1700755699\n|move|p1a: piolin|Hurricane|p2a: Clodsire\n|-damage|p2a: Clodsire|46\/100\n|move|p2a: Clodsire|Stealth Rock|p1a: piolin\n|-sidestart|p1: frantoons|move: Stealth Rock\n|\n|-end|p1a: piolin|move: Future Sight\n|-damage|p1a: piolin|56\/100\n|-heal|p2a: Clodsire|53\/100|[from] item: Leftovers\n|upkeep\n|turn|14\n|\n|t:|1700755704\n|move|p1a: piolin|Hurricane|p2a: Clodsire|[miss]\n|-miss|p1a: piolin|p2a: Clodsire\n|move|p2a: Clodsire|Recover|p2a: Clodsire\n|-heal|p2a: Clodsire|100\/100\n|\n|upkeep\n|turn|15\n|\n|t:|1700755711\n|switch|p2a: Slowking|Slowking-Galar, M|100\/100\n|move|p1a: piolin|Roost|p1a: piolin\n|-heal|p1a: piolin|100\/100\n|-singleturn|p1a: piolin|move: Roost\n|\n|upkeep\n|turn|16\n|\n|t:|1700755717\n|move|p1a: piolin|Hurricane|p2a: Slowking\n|-damage|p2a: Slowking|57\/100\n|move|p2a: Slowking|Sludge Bomb|p1a: piolin\n|-damage|p1a: piolin|67\/100\n|\n|upkeep\n|turn|17\n|\n|t:|1700755720\n|move|p1a: piolin|Hurricane|p2a: Slowking\n|-damage|p2a: Slowking|15\/100\n|move|p2a: Slowking|Sludge Bomb|p1a: piolin\n|-damage|p1a: piolin|35\/100\n|\n|upkeep\n|turn|18\n|\n|t:|1700755727\n|switch|p2a: Heatran|Heatran, F|100\/100\n|move|p1a: piolin|Hurricane|p2a: Heatran\n|-resisted|p2a: Heatran\n|-damage|p2a: Heatran|83\/100\n|\n|-heal|p2a: Heatran|89\/100|[from] item: Leftovers\n|upkeep\n|turn|19\n|\n|t:|1700755732\n|move|p1a: piolin|Volt Switch|p2a: Heatran\n|-damage|p2a: Heatran|67\/100\n|\n|t:|1700755736\n|switch|p1a: dulce princesa|Zamazenta, shiny|60\/100|[from] Volt Switch\n|-damage|p1a: dulce princesa|54\/100|[from] Stealth Rock\n|move|p2a: Heatran|Lava Plume|p1a: dulce princesa\n|-damage|p1a: dulce princesa|24\/100\n|\n|-heal|p2a: Heatran|73\/100|[from] item: Leftovers\n|upkeep\n|turn|20\n|\n|t:|1700755745\n|switch|p2a: Slowking|Slowking-Galar, M|48\/100\n|move|p1a: dulce princesa|Crunch|p2a: Slowking\n|-supereffective|p2a: Slowking\n|-damage|p2a: Slowking|0 fnt\n|faint|p2a: Slowking\n|\n|upkeep\n|\n|t:|1700755751\n|switch|p2a: Clodsire|Clodsire, M|100\/100\n|turn|21\n|\n|t:|1700755757\n|switch|p1a: piolin|Zapdos, shiny|35\/100\n|move|p2a: Clodsire|High Horsepower|p1a: piolin\n|-immune|p1a: piolin\n|\n|upkeep\n|turn|22\n|\n|t:|1700755762\n|switch|p2a: Heatran|Heatran, F|73\/100\n|move|p1a: piolin|Roost|p1a: piolin\n|-heal|p1a: piolin|85\/100\n|-singleturn|p1a: piolin|move: Roost\n|\n|-heal|p2a: Heatran|79\/100|[from] item: Leftovers\n|upkeep\n|turn|23\n|\n|t:|1700755766\n|move|p1a: piolin|Volt Switch|p2a: Heatran\n|-damage|p2a: Heatran|59\/100\n|\n|t:|1700755771\n|switch|p1a: kirbi|Clefable, M, shiny|100\/100|[from] Volt Switch\n|move|p2a: Heatran|Lava Plume|p1a: kirbi\n|-damage|p1a: kirbi|72\/100\n|-status|p1a: kirbi|brn\n|\n|-heal|p2a: Heatran|65\/100|[from] item: Leftovers\n|-heal|p1a: kirbi|78\/100 brn|[from] item: Leftovers\n|upkeep\n|turn|24\n|\n|t:|1700755776\n|move|p2a: Heatran|Flash Cannon|p1a: kirbi\n|-supereffective|p1a: kirbi\n|-damage|p1a: kirbi|20\/100 brn\n|move|p1a: kirbi|Stealth Rock|p2a: Heatran\n|-sidestart|p2: Belgian hippo|move: Stealth Rock\n|\n|-heal|p2a: Heatran|71\/100|[from] item: Leftovers\n|-heal|p1a: kirbi|26\/100 brn|[from] item: Leftovers\n|upkeep\n|turn|25\n|\n|t:|1700755784\n|-terastallize|p1a: kirbi|Water\n|move|p2a: Heatran|Flash Cannon|p1a: kirbi\n|-resisted|p1a: kirbi\n|-damage|p1a: kirbi|11\/100 brn\n|move|p1a: kirbi|Moonlight|p1a: kirbi\n|-heal|p1a: kirbi|61\/100 brn\n|\n|-heal|p2a: Heatran|77\/100|[from] item: Leftovers\n|-heal|p1a: kirbi|67\/100 brn|[from] item: Leftovers\n|upkeep\n|turn|26\n|\n|t:|1700755795\n|move|p2a: Heatran|Earth Power|p1a: kirbi\n|-damage|p1a: kirbi|43\/100 brn\n|move|p1a: kirbi|Knock Off|p2a: Heatran\n|-damage|p2a: Heatran|70\/100\n|-enditem|p2a: Heatran|Leftovers|[from] move: Knock Off|[of] p1a: kirbi\n|\n|-heal|p1a: kirbi|49\/100 brn|[from] item: Leftovers\n|upkeep\n|turn|27\n|\n|t:|1700755802\n|switch|p1a: piolin|Zapdos, shiny|85\/100\n|move|p2a: Heatran|Earth Power|p1a: piolin\n|-immune|p1a: piolin\n|\n|upkeep\n|turn|28\n|\n|t:|1700755807\n|move|p1a: piolin|Volt Switch|p2a: Heatran\n|-damage|p2a: Heatran|46\/100\n|\n|t:|1700755812\n|switch|p1a: kirbi|Clefable, M, shiny, tera:Water|49\/100 brn|[from] Volt Switch\n|move|p2a: Heatran|Flash Cannon|p1a: kirbi\n|-resisted|p1a: kirbi\n|-damage|p1a: kirbi|34\/100 brn\n|\n|-heal|p1a: kirbi|40\/100 brn|[from] item: Leftovers\n|upkeep\n|turn|29\n|\n|t:|1700755825\n|move|p2a: Heatran|Earth Power|p1a: kirbi\n|-damage|p1a: kirbi|16\/100 brn\n|move|p1a: kirbi|Moonlight|p1a: kirbi\n|-heal|p1a: kirbi|66\/100 brn\n|\n|-heal|p1a: kirbi|72\/100 brn|[from] item: Leftovers\n|upkeep\n|turn|30\n|\n|t:|1700755831\n|switch|p1a: dulce princesa|Zamazenta, shiny|24\/100\n|-damage|p1a: dulce princesa|18\/100|[from] Stealth Rock\n|move|p2a: Heatran|Earth Power|p1a: dulce princesa\n|-damage|p1a: dulce princesa|0 fnt\n|faint|p1a: dulce princesa\n|\n|upkeep\n|\n|t:|1700755838\n|switch|p1a: piolin|Zapdos, shiny|85\/100\n|turn|31\n|\n|t:|1700755842\n|switch|p2a: Clodsire|Clodsire, M|100\/100\n|-damage|p2a: Clodsire|94\/100|[from] Stealth Rock\n|move|p1a: piolin|Volt Switch|p2a: Clodsire\n|-immune|p2a: Clodsire\n|\n|-heal|p2a: Clodsire|100\/100|[from] item: Leftovers\n|upkeep\n|turn|32\n|\n|t:|1700755847\n|move|p1a: piolin|Hurricane|p2a: Clodsire\n|-damage|p2a: Clodsire|70\/100\n|-start|p2a: Clodsire|confusion\n|-activate|p2a: Clodsire|confusion\n|move|p2a: Clodsire|High Horsepower|p1a: piolin\n|-immune|p1a: piolin\n|\n|-heal|p2a: Clodsire|76\/100|[from] item: Leftovers\n|upkeep\n|turn|33\n|\n|t:|1700755854\n|switch|p1a: CinderDeidad|Cinderace, M|100\/100\n|-activate|p2a: Clodsire|confusion\n|move|p2a: Clodsire|Recover|p2a: Clodsire\n|-heal|p2a: Clodsire|100\/100\n|\n|upkeep\n|turn|34\n|\n|t:|1700755858\n|move|p1a: CinderDeidad|Pyro Ball|p2a: Clodsire\n|-damage|p2a: Clodsire|40\/100\n|-end|p2a: Clodsire|confusion\n|move|p2a: Clodsire|High Horsepower|p1a: CinderDeidad\n|-supereffective|p1a: CinderDeidad\n|-damage|p1a: CinderDeidad|21\/100\n|\n|-heal|p2a: Clodsire|47\/100|[from] item: Leftovers\n|upkeep\n|turn|35\n|\n|t:|1700755861\n|switch|p2a: Heatran|Heatran, F|46\/100\n|-damage|p2a: Heatran|34\/100|[from] Stealth Rock\n|move|p1a: CinderDeidad|Pyro Ball|p2a: Heatran\n|-start|p2a: Heatran|ability: Flash Fire\n|\n|upkeep\n|turn|36\n|\n|t:|1700755866\n|switch|p1a: piolin|Zapdos, shiny|85\/100\n|move|p2a: Heatran|Protect||[still]\n|-fail|p2a: Heatran\n|\n|upkeep\n|turn|37\n|\n|t:|1700755872\n|-terastallize|p2a: Heatran|Grass\n|move|p1a: piolin|Heat Wave|p2a: Heatran\n|-immune|p2a: Heatran|[from] ability: Flash Fire\n|move|p2a: Heatran|Lava Plume|p1a: piolin\n|-damage|p1a: piolin|31\/100\n|\n|upkeep\n|turn|38\n|\n|t:|1700755876\n|move|p1a: piolin|Hurricane|p2a: Heatran\n|-supereffective|p2a: Heatran\n|-damage|p2a: Heatran|0 fnt\n|faint|p2a: Heatran\n|\n|upkeep\n|\n|t:|1700755878\n|switch|p2a: Clodsire|Clodsire, M|47\/100\n|-damage|p2a: Clodsire|40\/100|[from] Stealth Rock\n|turn|39\n|\n|t:|1700755881\n|move|p1a: piolin|Heat Wave|p2a: Clodsire\n|-damage|p2a: Clodsire|25\/100\n|move|p2a: Clodsire|Recover|p2a: Clodsire\n|-heal|p2a: Clodsire|75\/100\n|\n|-heal|p2a: Clodsire|81\/100|[from] item: Leftovers\n|upkeep\n|turn|40\n|\n|t:|1700755884\n|move|p1a: piolin|Hurricane|p2a: Clodsire|[miss]\n|-miss|p1a: piolin|p2a: Clodsire\n|move|p2a: Clodsire|Recover|p2a: Clodsire\n|-heal|p2a: Clodsire|100\/100\n|\n|upkeep\n|turn|41\n|\n|t:|1700755891\n|move|p1a: piolin|Hurricane|p2a: Clodsire\n|-damage|p2a: Clodsire|71\/100\n|move|p2a: Clodsire|Stealth Rock||[still]\n|-fail|p2a: Clodsire\n|\n|-heal|p2a: Clodsire|77\/100|[from] item: Leftovers\n|upkeep\n|turn|42\n|\n|t:|1700755897\n|move|p1a: piolin|Heat Wave|p2a: Clodsire\n|-damage|p2a: Clodsire|59\/100\n|move|p2a: Clodsire|Stealth Rock||[still]\n|-fail|p2a: Clodsire\n|\n|-heal|p2a: Clodsire|65\/100|[from] item: Leftovers\n|upkeep\n|turn|43\n|\n|t:|1700755900\n|move|p1a: piolin|Heat Wave|p2a: Clodsire\n|-damage|p2a: Clodsire|47\/100\n|move|p2a: Clodsire|Recover|p2a: Clodsire\n|-heal|p2a: Clodsire|97\/100\n|\n|-heal|p2a: Clodsire|100\/100|[from] item: Leftovers\n|upkeep\n|turn|44\n|\n|t:|1700755904\n|switch|p2a: Samurott|Samurott-Hisui, M|100\/100\n|-damage|p2a: Samurott|88\/100|[from] Stealth Rock\n|move|p1a: piolin|Roost|p1a: piolin\n|-heal|p1a: piolin|81\/100\n|-singleturn|p1a: piolin|move: Roost\n|\n|upkeep\n|turn|45\n|\n|t:|1700755911\n|move|p2a: Samurott|Razor Shell|p1a: piolin\n|-damage|p1a: piolin|29\/100\n|-status|p2a: Samurott|par|[from] ability: Static|[of] p1a: piolin\n|move|p1a: piolin|Volt Switch|p2a: Samurott\n|-supereffective|p2a: Samurott\n|-damage|p2a: Samurott|15\/100 par\n|\n|t:|1700755918\n|switch|p1a: kirbi|Clefable, M, shiny, tera:Water|72\/100 brn|[from] Volt Switch\n|\n|-heal|p1a: kirbi|78\/100 brn|[from] item: Leftovers\n|upkeep\n|turn|46\n|\n|t:|1700755926\n|move|p2a: Samurott|Ceaseless Edge|p1a: kirbi|[miss]\n|-miss|p2a: Samurott|p1a: kirbi\n|move|p1a: kirbi|Knock Off|p2a: Samurott\n|-resisted|p2a: Samurott\n|-damage|p2a: Samurott|10\/100 par\n|-enditem|p2a: Samurott|Assault Vest|[from] move: Knock Off|[of] p1a: kirbi\n|\n|-heal|p1a: kirbi|84\/100 brn|[from] item: Leftovers\n|upkeep\n|turn|47\n|\n|t:|1700755929\n|move|p2a: Samurott|Ceaseless Edge|p1a: kirbi|[miss]\n|-miss|p2a: Samurott|p1a: kirbi\n|move|p1a: kirbi|Moonblast|p2a: Samurott\n|-supereffective|p2a: Samurott\n|-damage|p2a: Samurott|0 fnt\n|faint|p2a: Samurott\n|\n|-heal|p1a: kirbi|90\/100 brn|[from] item: Leftovers\n|upkeep\n|\n|t:|1700755931\n|switch|p2a: Clodsire|Clodsire, M|100\/100\n|-damage|p2a: Clodsire|94\/100|[from] Stealth Rock\n|turn|48\n|-message|Belgian hippo forfeited.\n|\n|win|frantoons\n|raw|frantoons's rating: 1244 &rarr; <strong>1273<\/strong><br \/>(+29 for winning)\n|raw|Belgian hippo's rating: 1299 &rarr; <strong>1270<\/strong><br \/>(-29 for losing)\n|l|\u203dBelgian hippo\n|c|\u2606frantoons|xddddddddddddd\n","uploadtime":1700755944,"views":12,"p1id":"frantoons","p2id":"belgianhippo","formatid":"gen9ou","rating":1270,"private":0,"password":""}