{"id":"gen9ou-1995536598","p1":"Tiger373slow","p2":"PierreNotFound","format":"[Gen 9] OU","log":"|j|\u2606Tiger373slow\n|j|\u2606PierreNotFound\n|t:|1700580831\n|gametype|singles\n|player|p1|Tiger373slow|volkner|1071\n|player|p2|PierreNotFound|hilbert|1036\n|teamsize|p1|6\n|teamsize|p2|6\n|gen|9\n|tier|[Gen 9] OU\n|rated|\n|rule|Sleep Clause Mod: Limit one foe put to sleep\n|rule|Species Clause: Limit one of each Pok\u00e9mon\n|rule|OHKO Clause: OHKO moves are banned\n|rule|Evasion Items Clause: Evasion items are banned\n|rule|Evasion Moves Clause: Evasion moves are banned\n|rule|Endless Battle Clause: Forcing endless battles is banned\n|rule|HP Percentage Mod: HP is shown in percentages\n|clearpoke\n|poke|p1|Scizor, M|\n|poke|p1|Dudunsparce-*, M|\n|poke|p1|Glimmora, F|\n|poke|p1|Iron Valiant|\n|poke|p1|Skeledirge, M|\n|poke|p1|Dipplin, F|\n|poke|p2|Greninja-*, M|\n|poke|p2|Lucario, M|\n|poke|p2|Decidueye, M|\n|poke|p2|Noivern, M|\n|poke|p2|Toxtricity-Low-Key, M|\n|poke|p2|Umbreon, M|\n|teampreview\n|\n|t:|1700580847\n|start\n|switch|p1a: Glimmer like rocks|Glimmora, F, shiny|100\/100\n|switch|p2a: Greninja|Greninja, M|100\/100\n|turn|1\n|\n|t:|1700580857\n|move|p2a: Greninja|Spikes|p1a: Glimmer like rocks\n|-sidestart|p1: Tiger373slow|Spikes\n|move|p1a: Glimmer like rocks|Stealth Rock|p2a: Greninja\n|-sidestart|p2: PierreNotFound|move: Stealth Rock\n|\n|upkeep\n|turn|2\n|\n|t:|1700580866\n|move|p2a: Greninja|Spikes|p1a: Glimmer like rocks\n|-sidestart|p1: Tiger373slow|Spikes\n|move|p1a: Glimmer like rocks|Spikes|p2a: Greninja\n|-sidestart|p2: PierreNotFound|Spikes\n|\n|upkeep\n|turn|3\n|\n|t:|1700580876\n|move|p2a: Greninja|Spikes|p1a: Glimmer like rocks\n|-sidestart|p1: Tiger373slow|Spikes\n|move|p1a: Glimmer like rocks|Mortal Spin|p2a: Greninja\n|-damage|p2a: Greninja|90\/100\n|-status|p2a: Greninja|psn\n|-sideend|p1: Tiger373slow|Spikes|[from] move: Mortal Spin|[of] p1a: Glimmer like rocks\n|\n|-damage|p2a: Greninja|78\/100 psn|[from] psn\n|upkeep\n|turn|4\n|\n|t:|1700580887\n|switch|p2a: Decidueye|Decidueye, M, shiny|100\/100\n|-damage|p2a: Decidueye|88\/100|[from] Stealth Rock\n|-damage|p2a: Decidueye|76\/100|[from] Spikes\n|move|p1a: Glimmer like rocks|Mortal Spin|p2a: Decidueye\n|-damage|p2a: Decidueye|67\/100\n|-status|p2a: Decidueye|psn\n|\n|-damage|p2a: Decidueye|55\/100 psn|[from] psn\n|upkeep\n|turn|5\n|\n|t:|1700580904\n|move|p1a: Glimmer like rocks|Spikes|p2a: Decidueye\n|-sidestart|p2: PierreNotFound|Spikes\n|move|p2a: Decidueye|Leaf Storm|p1a: Glimmer like rocks|[miss]\n|-miss|p2a: Decidueye|p1a: Glimmer like rocks\n|\n|-damage|p2a: Decidueye|42\/100 psn|[from] psn\n|upkeep\n|turn|6\n|\n|t:|1700580913\n|move|p1a: Glimmer like rocks|Mortal Spin|p2a: Decidueye\n|-damage|p2a: Decidueye|33\/100 psn\n|move|p2a: Decidueye|Leaf Storm|p1a: Glimmer like rocks\n|-enditem|p1a: Glimmer like rocks|Focus Sash\n|-damage|p1a: Glimmer like rocks|1\/100\n|-unboost|p2a: Decidueye|spa|2\n|\n|-damage|p2a: Decidueye|21\/100 psn|[from] psn\n|upkeep\n|turn|7\n|\n|t:|1700580924\n|move|p1a: Glimmer like rocks|Spiky Shield|p1a: Glimmer like rocks\n|-singleturn|p1a: Glimmer like rocks|move: Protect\n|move|p2a: Decidueye|Leaf Storm|p1a: Glimmer like rocks\n|-activate|p1a: Glimmer like rocks|move: Protect\n|\n|-damage|p2a: Decidueye|9\/100 psn|[from] psn\n|upkeep\n|turn|8\n|\n|t:|1700580933\n|move|p1a: Glimmer like rocks|Spikes|p2a: Decidueye\n|-sidestart|p2: PierreNotFound|Spikes\n|move|p2a: Decidueye|Leaf Storm|p1a: Glimmer like rocks\n|-damage|p1a: Glimmer like rocks|0 fnt\n|-unboost|p2a: Decidueye|spa|2\n|faint|p1a: Glimmer like rocks\n|\n|-damage|p2a: Decidueye|0 fnt|[from] psn\n|faint|p2a: Decidueye\n|upkeep\n|\n|t:|1700580946\n|switch|p1a: Cocodrilo del Nilo|Skeledirge, M|100\/100\n|switch|p2a: Toxtricity|Toxtricity-Low-Key, M|100\/100\n|-damage|p2a: Toxtricity|88\/100|[from] Stealth Rock\n|-damage|p2a: Toxtricity|63\/100|[from] Spikes\n|turn|9\n|\n|t:|1700580956\n|move|p2a: Toxtricity|Snarl|p1a: Cocodrilo del Nilo\n|-supereffective|p1a: Cocodrilo del Nilo\n|-damage|p1a: Cocodrilo del Nilo|44\/100\n|-unboost|p1a: Cocodrilo del Nilo|spa|1\n|move|p1a: Cocodrilo del Nilo|Torch Song|p2a: Toxtricity\n|-damage|p2a: Toxtricity|47\/100\n|-boost|p1a: Cocodrilo del Nilo|spa|1\n|\n|-heal|p1a: Cocodrilo del Nilo|50\/100|[from] item: Leftovers\n|upkeep\n|turn|10\n|\n|t:|1700580968\n|-terastallize|p1a: Cocodrilo del Nilo|Fairy\n|move|p2a: Toxtricity|Snarl|p1a: Cocodrilo del Nilo\n|-resisted|p1a: Cocodrilo del Nilo\n|-damage|p1a: Cocodrilo del Nilo|36\/100\n|-unboost|p1a: Cocodrilo del Nilo|spa|1\n|move|p1a: Cocodrilo del Nilo|Torch Song|p2a: Toxtricity\n|-damage|p2a: Toxtricity|31\/100\n|-boost|p1a: Cocodrilo del Nilo|spa|1\n|\n|-heal|p1a: Cocodrilo del Nilo|42\/100|[from] item: Leftovers\n|upkeep\n|turn|11\n|\n|t:|1700580982\n|move|p2a: Toxtricity|Snarl|p1a: Cocodrilo del Nilo\n|-resisted|p1a: Cocodrilo del Nilo\n|-damage|p1a: Cocodrilo del Nilo|28\/100\n|-unboost|p1a: Cocodrilo del Nilo|spa|1\n|move|p1a: Cocodrilo del Nilo|Slack Off|p1a: Cocodrilo del Nilo\n|-heal|p1a: Cocodrilo del Nilo|78\/100\n|\n|-heal|p1a: Cocodrilo del Nilo|84\/100|[from] item: Leftovers\n|upkeep\n|turn|12\n|\n|t:|1700580997\n|move|p2a: Toxtricity|Snarl|p1a: Cocodrilo del Nilo\n|-resisted|p1a: Cocodrilo del Nilo\n|-damage|p1a: Cocodrilo del Nilo|70\/100\n|-unboost|p1a: Cocodrilo del Nilo|spa|1\n|move|p1a: Cocodrilo del Nilo|Will-O-Wisp|p2a: Toxtricity\n|-status|p2a: Toxtricity|brn\n|\n|-heal|p1a: Cocodrilo del Nilo|76\/100|[from] item: Leftovers\n|-damage|p2a: Toxtricity|25\/100 brn|[from] brn\n|upkeep\n|turn|13\n|\n|t:|1700581009\n|switch|p2a: Noivern|Noivern, M|100\/100\n|-damage|p2a: Noivern|76\/100|[from] Stealth Rock\n|move|p1a: Cocodrilo del Nilo|Torch Song|p2a: Noivern\n|-resisted|p2a: Noivern\n|-damage|p2a: Noivern|65\/100\n|-boost|p1a: Cocodrilo del Nilo|spa|1\n|\n|-heal|p2a: Noivern|71\/100|[from] item: Leftovers\n|-heal|p1a: Cocodrilo del Nilo|82\/100|[from] item: Leftovers\n|upkeep\n|turn|14\n|\n|t:|1700581024\n|move|p2a: Noivern|Hurricane|p1a: Cocodrilo del Nilo\n|-damage|p1a: Cocodrilo del Nilo|49\/100\n|-start|p1a: Cocodrilo del Nilo|confusion\n|-activate|p1a: Cocodrilo del Nilo|confusion\n|move|p1a: Cocodrilo del Nilo|Torch Song|p2a: Noivern\n|-resisted|p2a: Noivern\n|-damage|p2a: Noivern|59\/100\n|-boost|p1a: Cocodrilo del Nilo|spa|1\n|\n|-heal|p2a: Noivern|65\/100|[from] item: Leftovers\n|-heal|p1a: Cocodrilo del Nilo|55\/100|[from] item: Leftovers\n|upkeep\n|turn|15\n|\n|t:|1700581037\n|move|p2a: Noivern|Roost|p2a: Noivern\n|-heal|p2a: Noivern|100\/100\n|-singleturn|p2a: Noivern|move: Roost\n|-activate|p1a: Cocodrilo del Nilo|confusion\n|-damage|p1a: Cocodrilo del Nilo|50\/100|[from] confusion\n|\n|-heal|p1a: Cocodrilo del Nilo|56\/100|[from] item: Leftovers\n|upkeep\n|turn|16\n|\n|t:|1700581046\n|move|p2a: Noivern|Hurricane|p1a: Cocodrilo del Nilo|[miss]\n|-miss|p2a: Noivern|p1a: Cocodrilo del Nilo\n|-activate|p1a: Cocodrilo del Nilo|confusion\n|move|p1a: Cocodrilo del Nilo|Will-O-Wisp|p2a: Noivern\n|-status|p2a: Noivern|brn\n|\n|-heal|p1a: Cocodrilo del Nilo|62\/100|[from] item: Leftovers\n|-damage|p2a: Noivern|94\/100 brn|[from] brn\n|upkeep\n|turn|17\n|\n|t:|1700581058\n|move|p2a: Noivern|Hurricane|p1a: Cocodrilo del Nilo|[miss]\n|-miss|p2a: Noivern|p1a: Cocodrilo del Nilo\n|-activate|p1a: Cocodrilo del Nilo|confusion\n|-damage|p1a: Cocodrilo del Nilo|58\/100|[from] confusion\n|\n|-heal|p2a: Noivern|100\/100 brn|[from] item: Leftovers\n|-heal|p1a: Cocodrilo del Nilo|64\/100|[from] item: Leftovers\n|-damage|p2a: Noivern|94\/100 brn|[from] brn\n|upkeep\n|turn|18\n|\n|t:|1700581070\n|move|p2a: Noivern|Hurricane|p1a: Cocodrilo del Nilo\n|-damage|p1a: Cocodrilo del Nilo|32\/100\n|-end|p1a: Cocodrilo del Nilo|confusion\n|move|p1a: Cocodrilo del Nilo|Torch Song|p2a: Noivern\n|-resisted|p2a: Noivern\n|-damage|p2a: Noivern|75\/100 brn\n|-boost|p1a: Cocodrilo del Nilo|spa|1\n|\n|-heal|p2a: Noivern|81\/100 brn|[from] item: Leftovers\n|-heal|p1a: Cocodrilo del Nilo|38\/100|[from] item: Leftovers\n|-damage|p2a: Noivern|75\/100 brn|[from] brn\n|upkeep\n|turn|19\n|\n|t:|1700581088\n|move|p2a: Noivern|Hurricane|p1a: Cocodrilo del Nilo|[miss]\n|-miss|p2a: Noivern|p1a: Cocodrilo del Nilo\n|move|p1a: Cocodrilo del Nilo|Slack Off|p1a: Cocodrilo del Nilo\n|-heal|p1a: Cocodrilo del Nilo|88\/100\n|\n|-heal|p2a: Noivern|81\/100 brn|[from] item: Leftovers\n|-heal|p1a: Cocodrilo del Nilo|94\/100|[from] item: Leftovers\n|-damage|p2a: Noivern|75\/100 brn|[from] brn\n|upkeep\n|turn|20\n|\n|t:|1700581099\n|move|p2a: Noivern|Hurricane|p1a: Cocodrilo del Nilo|[miss]\n|-miss|p2a: Noivern|p1a: Cocodrilo del Nilo\n|move|p1a: Cocodrilo del Nilo|Hex|p2a: Noivern\n|-damage|p2a: Noivern|0 fnt\n|faint|p2a: Noivern\n|\n|-heal|p1a: Cocodrilo del Nilo|100\/100|[from] item: Leftovers\n|upkeep\n|\n|t:|1700581116\n|switch|p2a: Greninja|Greninja, M|78\/100 psn\n|-damage|p2a: Greninja|65\/100 psn|[from] Stealth Rock\n|-damage|p2a: Greninja|40\/100 psn|[from] Spikes\n|turn|21\n|\n|t:|1700581127\n|move|p2a: Greninja|Surf|p1a: Cocodrilo del Nilo\n|-damage|p1a: Cocodrilo del Nilo|60\/100\n|move|p1a: Cocodrilo del Nilo|Hex|p2a: Greninja\n|-resisted|p2a: Greninja\n|-damage|p2a: Greninja|0 fnt\n|faint|p2a: Greninja\n|\n|-heal|p1a: Cocodrilo del Nilo|67\/100|[from] item: Leftovers\n|upkeep\n|\n|t:|1700581140\n|switch|p2a: Lucario|Lucario, M|100\/100\n|-damage|p2a: Lucario|98\/100|[from] Stealth Rock\n|-damage|p2a: Lucario|73\/100|[from] Spikes\n|turn|22\n|\n|t:|1700581146\n|move|p2a: Lucario|Bullet Punch|p1a: Cocodrilo del Nilo\n|-supereffective|p1a: Cocodrilo del Nilo\n|-crit|p1a: Cocodrilo del Nilo\n|-damage|p1a: Cocodrilo del Nilo|18\/100\n|move|p1a: Cocodrilo del Nilo|Torch Song|p2a: Lucario\n|-supereffective|p2a: Lucario\n|-damage|p2a: Lucario|0 fnt\n|-boost|p1a: Cocodrilo del Nilo|spa|1\n|faint|p2a: Lucario\n|\n|-heal|p1a: Cocodrilo del Nilo|25\/100|[from] item: Leftovers\n|upkeep\n|\n|t:|1700581159\n|switch|p2a: Umbreon|Umbreon, M|100\/100\n|-damage|p2a: Umbreon|88\/100|[from] Stealth Rock\n|-damage|p2a: Umbreon|63\/100|[from] Spikes\n|turn|23\n|\n|t:|1700581165\n|move|p1a: Cocodrilo del Nilo|Slack Off|p1a: Cocodrilo del Nilo\n|-heal|p1a: Cocodrilo del Nilo|75\/100\n|move|p2a: Umbreon|Psychic|p1a: Cocodrilo del Nilo\n|-damage|p1a: Cocodrilo del Nilo|64\/100\n|\n|-heal|p1a: Cocodrilo del Nilo|70\/100|[from] item: Leftovers\n|-heal|p2a: Umbreon|69\/100|[from] item: Leftovers\n|upkeep\n|turn|24\n|\n|t:|1700581176\n|move|p1a: Cocodrilo del Nilo|Slack Off|p1a: Cocodrilo del Nilo\n|-heal|p1a: Cocodrilo del Nilo|100\/100\n|move|p2a: Umbreon|Wish|p2a: Umbreon\n|\n|-heal|p2a: Umbreon|75\/100|[from] item: Leftovers\n|upkeep\n|turn|25\n|\n|t:|1700581183\n|move|p1a: Cocodrilo del Nilo|Torch Song|p2a: Umbreon\n|-damage|p2a: Umbreon|46\/100\n|-boost|p1a: Cocodrilo del Nilo|spa|1\n|move|p2a: Umbreon|Foul Play|p1a: Cocodrilo del Nilo\n|-resisted|p1a: Cocodrilo del Nilo\n|-damage|p1a: Cocodrilo del Nilo|92\/100\n|\n|-heal|p2a: Umbreon|96\/100|[from] move: Wish|[wisher] Umbreon\n|-heal|p1a: Cocodrilo del Nilo|99\/100|[from] item: Leftovers\n|-heal|p2a: Umbreon|100\/100|[from] item: Leftovers\n|upkeep\n|turn|26\n|\n|t:|1700581210\n|move|p1a: Cocodrilo del Nilo|Torch Song|p2a: Umbreon\n|-damage|p2a: Umbreon|64\/100\n|-boost|p1a: Cocodrilo del Nilo|spa|1\n|move|p2a: Umbreon|Wish|p2a: Umbreon\n|\n|-heal|p1a: Cocodrilo del Nilo|100\/100|[from] item: Leftovers\n|-heal|p2a: Umbreon|70\/100|[from] item: Leftovers\n|upkeep\n|turn|27\n|\n|t:|1700581220\n|move|p1a: Cocodrilo del Nilo|Torch Song|p2a: Umbreon\n|-damage|p2a: Umbreon|23\/100\n|-boost|p1a: Cocodrilo del Nilo|spa|1\n|move|p2a: Umbreon|Foul Play|p1a: Cocodrilo del Nilo\n|-resisted|p1a: Cocodrilo del Nilo\n|-damage|p1a: Cocodrilo del Nilo|92\/100\n|\n|-heal|p2a: Umbreon|73\/100|[from] move: Wish|[wisher] Umbreon\n|-heal|p1a: Cocodrilo del Nilo|99\/100|[from] item: Leftovers\n|-heal|p2a: Umbreon|79\/100|[from] item: Leftovers\n|upkeep\n|turn|28\n|\n|t:|1700581234\n|move|p1a: Cocodrilo del Nilo|Torch Song|p2a: Umbreon\n|-damage|p2a: Umbreon|21\/100\n|-boost|p1a: Cocodrilo del Nilo|spa|1\n|move|p2a: Umbreon|Foul Play|p1a: Cocodrilo del Nilo\n|-resisted|p1a: Cocodrilo del Nilo\n|-damage|p1a: Cocodrilo del Nilo|90\/100\n|\n|-heal|p1a: Cocodrilo del Nilo|96\/100|[from] item: Leftovers\n|-heal|p2a: Umbreon|27\/100|[from] item: Leftovers\n|upkeep\n|turn|29\n|\n|t:|1700581246\n|move|p2a: Umbreon|Protect|p2a: Umbreon\n|-singleturn|p2a: Umbreon|Protect\n|move|p1a: Cocodrilo del Nilo|Torch Song|p2a: Umbreon\n|-activate|p2a: Umbreon|move: Protect\n|\n|-heal|p1a: Cocodrilo del Nilo|100\/100|[from] item: Leftovers\n|-heal|p2a: Umbreon|33\/100|[from] item: Leftovers\n|upkeep\n|turn|30\n|\n|t:|1700581255\n|move|p1a: Cocodrilo del Nilo|Torch Song|p2a: Umbreon\n|-damage|p2a: Umbreon|0 fnt\n|faint|p2a: Umbreon\n|\n|upkeep\n|\n|t:|1700581264\n|switch|p2a: Toxtricity|Toxtricity-Low-Key, M|25\/100 brn\n|-damage|p2a: Toxtricity|13\/100 brn|[from] Stealth Rock\n|-damage|p2a: Toxtricity|0 fnt|[from] Spikes\n|faint|p2a: Toxtricity\n|\n|win|Tiger373slow\n|raw|Tiger373slow's rating: 1071 &rarr; <strong>1097<\/strong><br \/>(+26 for winning)\n|raw|PierreNotFound's rating: 1036 &rarr; <strong>1022<\/strong><br \/>(-14 for losing)\n|c|\u2606Tiger373slow|Cocodrilo del Nilo\n|c|\u2606Tiger373slow|He is the goattt\n|c|\u2606PierreNotFound|XD\n|c|\u2606PierreNotFound|HE IS\n|c|\u2606PierreNotFound|I loved him\n","uploadtime":1700581283,"views":10,"p1id":"tiger373slow","p2id":"pierrenotfound","formatid":"gen9ou","rating":1022,"private":0,"password":""}