{"id":"gen9ou-1990539710","p1":"Username momento","p2":"christmascracker44","format":"[Gen 9] OU","log":"|j|\u2606Username momento\n|j|\u2606christmascracker44\n|t:|1699979810\n|gametype|singles\n|player|p1|Username momento|ninjaboy|1464\n|player|p2|christmascracker44|101|1454\n|teamsize|p1|6\n|teamsize|p2|6\n|gen|9\n|tier|[Gen 9] OU\n|rated|\n|rule|Sleep Clause Mod: Limit one foe put to sleep\n|rule|Species Clause: Limit one of each Pok\u00e9mon\n|rule|OHKO Clause: OHKO moves are banned\n|rule|Evasion Items Clause: Evasion items are banned\n|rule|Evasion Moves Clause: Evasion moves are banned\n|rule|Endless Battle Clause: Forcing endless battles is banned\n|rule|HP Percentage Mod: HP is shown in percentages\n|clearpoke\n|poke|p1|Meowscarada, M|\n|poke|p1|Kingambit, M|\n|poke|p1|Zapdos|\n|poke|p1|Zamazenta-*|\n|poke|p1|Great Tusk|\n|poke|p1|Iron Moth|\n|poke|p2|Ogerpon-Wellspring, F|\n|poke|p2|Corviknight, F|\n|poke|p2|Kingambit, F|\n|poke|p2|Rotom-Wash|\n|poke|p2|Scream Tail|\n|poke|p2|Clodsire, F|\n|teampreview\n|inactive|Battle timer is ON: inactive players will automatically lose when time's up. (requested by christmascracker44)\n|\n|t:|1699979817\n|start\n|switch|p1a: Meowscarada|Meowscarada, M|100\/100\n|switch|p2a: Corviknight|Corviknight, F|100\/100\n|-ability|p2a: Corviknight|Pressure\n|turn|1\n|\n|t:|1699979824\n|move|p1a: Meowscarada|U-turn|p2a: Corviknight\n|-start|p1a: Meowscarada|typechange|Bug|[from] ability: Protean\n|-resisted|p2a: Corviknight\n|-damage|p2a: Corviknight|93\/100\n|-damage|p1a: Meowscarada|84\/100|[from] item: Rocky Helmet|[of] p2a: Corviknight\n|\n|t:|1699979827\n|switch|p1a: Zapdos|Zapdos|100\/100|[from] U-turn\n|move|p2a: Corviknight|U-turn|p1a: Zapdos\n|-resisted|p1a: Zapdos\n|-damage|p1a: Zapdos|92\/100\n|-status|p2a: Corviknight|par|[from] ability: Static|[of] p1a: Zapdos\n|\n|t:|1699979836\n|switch|p2a: Clodsire|Clodsire, F|100\/100|[from] U-turn\n|\n|upkeep\n|turn|2\n|\n|t:|1699979846\n|switch|p1a: Meowscarada|Meowscarada, M|84\/100\n|move|p2a: Clodsire|Toxic|p1a: Meowscarada\n|-status|p1a: Meowscarada|tox\n|\n|-damage|p1a: Meowscarada|78\/100 tox|[from] psn\n|upkeep\n|turn|3\n|\n|t:|1699979852\n|switch|p2a: Corviknight|Corviknight, F|93\/100 par\n|-ability|p2a: Corviknight|Pressure\n|move|p1a: Meowscarada|Knock Off|p2a: Corviknight\n|-start|p1a: Meowscarada|typechange|Dark|[from] ability: Protean\n|-damage|p2a: Corviknight|51\/100 par\n|-damage|p1a: Meowscarada|61\/100 tox|[from] item: Rocky Helmet|[of] p2a: Corviknight\n|-enditem|p2a: Corviknight|Rocky Helmet|[from] move: Knock Off|[of] p1a: Meowscarada\n|\n|-damage|p1a: Meowscarada|49\/100 tox|[from] psn\n|upkeep\n|turn|4\n|\n|t:|1699979859\n|switch|p1a: Kingambit|Kingambit, M|100\/100\n|move|p2a: Corviknight|U-turn|p1a: Kingambit\n|-damage|p1a: Kingambit|90\/100\n|\n|t:|1699979865\n|switch|p2a: Rotom|Rotom-Wash|100\/100|[from] U-turn\n|\n|-heal|p1a: Kingambit|96\/100|[from] item: Leftovers\n|upkeep\n|turn|5\n|\n|t:|1699979875\n|-end|p1a: Kingambit|fallenundefined|[silent]\n|switch|p1a: Meowscarada|Meowscarada, M|49\/100 tox\n|move|p2a: Rotom|Volt Switch|p1a: Meowscarada\n|-resisted|p1a: Meowscarada\n|-damage|p1a: Meowscarada|26\/100 tox\n|\n|t:|1699979884\n|switch|p2a: Corviknight|Corviknight, F|51\/100 par|[from] Volt Switch\n|-ability|p2a: Corviknight|Pressure\n|\n|-damage|p1a: Meowscarada|20\/100 tox|[from] psn\n|upkeep\n|turn|6\n|\n|t:|1699979891\n|move|p1a: Meowscarada|Knock Off|p2a: Corviknight\n|-start|p1a: Meowscarada|typechange|Dark|[from] ability: Protean\n|-damage|p2a: Corviknight|26\/100 par\n|move|p2a: Corviknight|Roost|p2a: Corviknight\n|-heal|p2a: Corviknight|76\/100 par\n|-singleturn|p2a: Corviknight|move: Roost\n|\n|-damage|p1a: Meowscarada|8\/100 tox|[from] psn\n|upkeep\n|turn|7\n|\n|t:|1699979896\n|move|p1a: Meowscarada|Knock Off|p2a: Corviknight\n|-damage|p2a: Corviknight|47\/100 par\n|move|p2a: Corviknight|Roost|p2a: Corviknight\n|-heal|p2a: Corviknight|97\/100 par\n|-singleturn|p2a: Corviknight|move: Roost\n|\n|-damage|p1a: Meowscarada|0 fnt|[from] psn\n|faint|p1a: Meowscarada\n|upkeep\n|\n|t:|1699979899\n|switch|p1a: Zapdos|Zapdos|92\/100\n|turn|8\n|\n|t:|1699979908\n|switch|p1a: Kingambit|Kingambit, M|96\/100\n|-activate|p1a: Kingambit|ability: Supreme Overlord\n|-start|p1a: Kingambit|fallen1|[silent]\n|move|p2a: Corviknight|U-turn|p1a: Kingambit\n|-damage|p1a: Kingambit|85\/100\n|\n|t:|1699979911\n|switch|p2a: Rotom|Rotom-Wash|100\/100|[from] U-turn\n|\n|-heal|p1a: Kingambit|91\/100|[from] item: Leftovers\n|upkeep\n|turn|9\n|\n|t:|1699979916\n|move|p2a: Rotom|Trick|p1a: Kingambit\n|-activate|p2a: Rotom|move: Trick|[of] p1a: Kingambit\n|-item|p1a: Kingambit|Choice Scarf|[from] move: Trick\n|-item|p2a: Rotom|Leftovers|[from] move: Trick\n|move|p1a: Kingambit|Swords Dance|p1a: Kingambit\n|-boost|p1a: Kingambit|atk|2\n|\n|upkeep\n|turn|10\n|\n|t:|1699979923\n|-end|p1a: Kingambit|fallen1|[silent]\n|switch|p1a: Iron Moth|Iron Moth|100\/100\n|-enditem|p1a: Iron Moth|Booster Energy\n|-activate|p1a: Iron Moth|ability: Quark Drive|[fromitem]\n|-start|p1a: Iron Moth|quarkdrivespe\n|move|p2a: Rotom|Nasty Plot|p2a: Rotom\n|-boost|p2a: Rotom|spa|2\n|\n|upkeep\n|turn|11\n|\n|t:|1699979934\n|switch|p2a: Clodsire|Clodsire, F|100\/100\n|move|p1a: Iron Moth|Sludge Wave|p2a: Clodsire\n|-resisted|p2a: Clodsire\n|-damage|p2a: Clodsire|94\/100\n|\n|-heal|p2a: Clodsire|100\/100|[from] item: Leftovers\n|upkeep\n|turn|12\n|\n|t:|1699979943\n|-terastallize|p1a: Iron Moth|Ground\n|move|p1a: Iron Moth|Tera Blast|p2a: Clodsire|[anim] Tera Blast Ground\n|-supereffective|p2a: Clodsire\n|-damage|p2a: Clodsire|59\/100\n|move|p2a: Clodsire|Toxic|p1a: Iron Moth\n|-status|p1a: Iron Moth|tox\n|\n|-heal|p2a: Clodsire|65\/100|[from] item: Leftovers\n|-damage|p1a: Iron Moth|95\/100 tox|[from] psn\n|upkeep\n|turn|13\n|\n|t:|1699979949\n|move|p1a: Iron Moth|Tera Blast|p2a: Clodsire|[anim] Tera Blast Ground\n|-supereffective|p2a: Clodsire\n|-damage|p2a: Clodsire|24\/100\n|move|p2a: Clodsire|Recover|p2a: Clodsire\n|-heal|p2a: Clodsire|74\/100\n|\n|-heal|p2a: Clodsire|80\/100|[from] item: Leftovers\n|-damage|p1a: Iron Moth|83\/100 tox|[from] psn\n|upkeep\n|turn|14\n|\n|t:|1699979960\n|switch|p2a: Corviknight|Corviknight, F|97\/100 par\n|-ability|p2a: Corviknight|Pressure\n|move|p1a: Iron Moth|Tera Blast|p2a: Corviknight|[anim] Tera Blast Ground\n|-immune|p2a: Corviknight\n|\n|-damage|p1a: Iron Moth|65\/100 tox|[from] psn\n|upkeep\n|turn|15\n|\n|t:|1699979968\n|switch|p2a: Clodsire|Clodsire, F|80\/100\n|move|p1a: Iron Moth|Fiery Dance|p2a: Clodsire\n|-damage|p2a: Clodsire|56\/100\n|\n|-heal|p2a: Clodsire|63\/100|[from] item: Leftovers\n|-damage|p1a: Iron Moth|41\/100 tox|[from] psn\n|upkeep\n|turn|16\n|\n|t:|1699979971\n|move|p1a: Iron Moth|Fiery Dance|p2a: Clodsire\n|-damage|p2a: Clodsire|40\/100\n|-boost|p1a: Iron Moth|spa|1\n|move|p2a: Clodsire|Recover|p2a: Clodsire\n|-heal|p2a: Clodsire|90\/100\n|\n|-heal|p2a: Clodsire|96\/100|[from] item: Leftovers\n|-damage|p1a: Iron Moth|11\/100 tox|[from] psn\n|upkeep\n|turn|17\n|\n|t:|1699979975\n|move|p1a: Iron Moth|Fiery Dance|p2a: Clodsire\n|-damage|p2a: Clodsire|62\/100\n|move|p2a: Clodsire|Stealth Rock|p1a: Iron Moth\n|-sidestart|p1: Username momento|move: Stealth Rock\n|\n|-heal|p2a: Clodsire|69\/100|[from] item: Leftovers\n|-damage|p1a: Iron Moth|0 fnt|[from] psn\n|faint|p1a: Iron Moth\n|-end|p1a: Iron Moth|Quark Drive|[silent]\n|upkeep\n|\n|t:|1699979980\n|switch|p1a: Great Tusk|Great Tusk|100\/100\n|-damage|p1a: Great Tusk|98\/100|[from] Stealth Rock\n|-enditem|p1a: Great Tusk|Booster Energy\n|-activate|p1a: Great Tusk|ability: Protosynthesis|[fromitem]\n|-start|p1a: Great Tusk|protosynthesisatk\n|turn|18\n|\n|t:|1699979986\n|move|p1a: Great Tusk|Knock Off|p2a: Clodsire\n|-damage|p2a: Clodsire|22\/100\n|-enditem|p2a: Clodsire|Leftovers|[from] move: Knock Off|[of] p1a: Great Tusk\n|move|p2a: Clodsire|Toxic|p1a: Great Tusk\n|-status|p1a: Great Tusk|tox\n|\n|-damage|p1a: Great Tusk|91\/100 tox|[from] psn\n|upkeep\n|turn|19\n|\n|t:|1699979994\n|switch|p2a: Corviknight|Corviknight, F|97\/100 par\n|-ability|p2a: Corviknight|Pressure\n|move|p1a: Great Tusk|Knock Off|p2a: Corviknight\n|-damage|p2a: Corviknight|81\/100 par\n|\n|-damage|p1a: Great Tusk|79\/100 tox|[from] psn\n|upkeep\n|turn|20\n|\n|t:|1699979997\n|move|p1a: Great Tusk|Knock Off|p2a: Corviknight\n|-crit|p2a: Corviknight\n|-damage|p2a: Corviknight|52\/100 par\n|move|p2a: Corviknight|Brave Bird|p1a: Great Tusk\n|-supereffective|p1a: Great Tusk\n|-damage|p1a: Great Tusk|29\/100 tox\n|-damage|p2a: Corviknight|37\/100 par|[from] Recoil\n|\n|-damage|p1a: Great Tusk|10\/100 tox|[from] psn\n|upkeep\n|turn|21\n|\n|t:|1699979999\n|move|p1a: Great Tusk|Knock Off|p2a: Corviknight\n|-damage|p2a: Corviknight|19\/100 par\n|cant|p2a: Corviknight|par\n|\n|-damage|p1a: Great Tusk|0 fnt|[from] psn\n|faint|p1a: Great Tusk\n|-end|p1a: Great Tusk|Protosynthesis|[silent]\n|upkeep\n|\n|t:|1699980002\n|switch|p1a: Zamazenta|Zamazenta|100\/100\n|-damage|p1a: Zamazenta|94\/100|[from] Stealth Rock\n|-ability|p1a: Zamazenta|Dauntless Shield|boost\n|-boost|p1a: Zamazenta|def|1\n|turn|22\n|\n|t:|1699980006\n|move|p1a: Zamazenta|Iron Defense|p1a: Zamazenta\n|-boost|p1a: Zamazenta|def|2\n|move|p2a: Corviknight|Roost|p2a: Corviknight\n|-heal|p2a: Corviknight|69\/100 par\n|-singleturn|p2a: Corviknight|move: Roost\n|\n|-heal|p1a: Zamazenta|100\/100|[from] item: Leftovers\n|upkeep\n|turn|23\n|\n|t:|1699980008\n|move|p1a: Zamazenta|Iron Defense|p1a: Zamazenta\n|-boost|p1a: Zamazenta|def|2\n|move|p2a: Corviknight|U-turn|p1a: Zamazenta\n|-resisted|p1a: Zamazenta\n|-damage|p1a: Zamazenta|99\/100\n|\n|t:|1699980012\n|switch|p2a: Scream Tail|Scream Tail|100\/100|[from] U-turn\n|\n|-heal|p1a: Zamazenta|100\/100|[from] item: Leftovers\n|upkeep\n|turn|24\n|\n|t:|1699980017\n|move|p1a: Zamazenta|Heavy Slam|p2a: Scream Tail\n|-supereffective|p2a: Scream Tail\n|-damage|p2a: Scream Tail|48\/100\n|move|p2a: Scream Tail|Thunder Wave|p1a: Zamazenta|[miss]\n|-miss|p2a: Scream Tail|p1a: Zamazenta\n|\n|-heal|p2a: Scream Tail|54\/100|[from] item: Leftovers\n|upkeep\n|turn|25\n|\n|t:|1699980031\n|-end|p2a: Scream Tail|Protosynthesis|[silent]\n|switch|p2a: Clodsire|Clodsire, F|22\/100\n|move|p1a: Zamazenta|Heavy Slam|p2a: Clodsire\n|-damage|p2a: Clodsire|11\/100\n|\n|upkeep\n|turn|26\n|\n|t:|1699980048\n|move|p1a: Zamazenta|Heavy Slam|p2a: Clodsire\n|-damage|p2a: Clodsire|0 fnt\n|faint|p2a: Clodsire\n|\n|upkeep\n|\n|t:|1699980054\n|switch|p2a: Scream Tail|Scream Tail|54\/100\n|turn|27\n|\n|t:|1699980057\n|-terastallize|p2a: Scream Tail|Ground\n|move|p1a: Zamazenta|Heavy Slam|p2a: Scream Tail\n|-damage|p2a: Scream Tail|30\/100\n|move|p2a: Scream Tail|Thunder Wave|p1a: Zamazenta\n|-status|p1a: Zamazenta|par\n|\n|-heal|p2a: Scream Tail|36\/100|[from] item: Leftovers\n|upkeep\n|turn|28\n|\n|t:|1699980065\n|move|p2a: Scream Tail|Encore|p1a: Zamazenta\n|-start|p1a: Zamazenta|Encore\n|cant|p1a: Zamazenta|par\n|\n|-heal|p2a: Scream Tail|42\/100|[from] item: Leftovers\n|upkeep\n|turn|29\n|\n|t:|1699980068\n|-end|p2a: Scream Tail|Protosynthesis|[silent]\n|switch|p2a: Rotom|Rotom-Wash|100\/100\n|move|p1a: Zamazenta|Heavy Slam|p2a: Rotom\n|-resisted|p2a: Rotom\n|-damage|p2a: Rotom|91\/100\n|\n|-heal|p2a: Rotom|97\/100|[from] item: Leftovers\n|upkeep\n|turn|30\n|\n|t:|1699980072\n|move|p2a: Rotom|Hydro Pump|p1a: Zamazenta|[miss]\n|-miss|p2a: Rotom|p1a: Zamazenta\n|move|p1a: Zamazenta|Heavy Slam|p2a: Rotom\n|-resisted|p2a: Rotom\n|-damage|p2a: Rotom|87\/100\n|\n|-heal|p2a: Rotom|93\/100|[from] item: Leftovers\n|-end|p1a: Zamazenta|Encore\n|upkeep\n|turn|31\n|\n|t:|1699980074\n|move|p2a: Rotom|Hydro Pump|p1a: Zamazenta\n|-damage|p1a: Zamazenta|58\/100 par\n|cant|p1a: Zamazenta|par\n|\n|-heal|p2a: Rotom|99\/100|[from] item: Leftovers\n|-heal|p1a: Zamazenta|64\/100 par|[from] item: Leftovers\n|upkeep\n|turn|32\n|\n|t:|1699980081\n|move|p2a: Rotom|Volt Switch|p1a: Zamazenta\n|-damage|p1a: Zamazenta|35\/100 par\n|\n|t:|1699980085\n|switch|p2a: Scream Tail|Scream Tail, tera:Ground|42\/100|[from] Volt Switch\n|cant|p1a: Zamazenta|par\n|\n|-heal|p2a: Scream Tail|49\/100|[from] item: Leftovers\n|-heal|p1a: Zamazenta|41\/100 par|[from] item: Leftovers\n|upkeep\n|turn|33\n|\n|t:|1699980088\n|move|p2a: Scream Tail|Dazzling Gleam|p1a: Zamazenta\n|-supereffective|p1a: Zamazenta\n|-damage|p1a: Zamazenta|3\/100 par\n|move|p1a: Zamazenta|Body Press|p2a: Scream Tail\n|-damage|p2a: Scream Tail|0 fnt\n|faint|p2a: Scream Tail\n|-end|p2a: Scream Tail|Protosynthesis|[silent]\n|\n|-heal|p1a: Zamazenta|9\/100 par|[from] item: Leftovers\n|upkeep\n|\n|t:|1699980092\n|switch|p2a: Ogerpon|Ogerpon-Wellspring, F|100\/100\n|turn|34\n|\n|t:|1699980094\n|move|p2a: Ogerpon|Ivy Cudgel|p1a: Zamazenta|[anim] Ivy Cudgel Water\n|-damage|p1a: Zamazenta|0 fnt\n|faint|p1a: Zamazenta\n|\n|upkeep\n|\n|t:|1699980100\n|switch|p1a: Kingambit|Kingambit, M|91\/100\n|-damage|p1a: Kingambit|85\/100|[from] Stealth Rock\n|-activate|p1a: Kingambit|ability: Supreme Overlord\n|-start|p1a: Kingambit|fallen4|[silent]\n|turn|35\n|\n|t:|1699980104\n|switch|p2a: Corviknight|Corviknight, F|69\/100 par\n|-ability|p2a: Corviknight|Pressure\n|move|p1a: Kingambit|Iron Head|p2a: Corviknight\n|-resisted|p2a: Corviknight\n|-damage|p2a: Corviknight|47\/100 par\n|\n|upkeep\n|turn|36\n|\n|t:|1699980107\n|-end|p1a: Kingambit|fallen4|[silent]\n|switch|p1a: Zapdos|Zapdos|92\/100\n|move|p2a: Corviknight|Roost|p2a: Corviknight\n|-heal|p2a: Corviknight|97\/100 par\n|-singleturn|p2a: Corviknight|move: Roost\n|\n|upkeep\n|turn|37\n|\n|t:|1699980115\n|move|p1a: Zapdos|Discharge|p2a: Corviknight\n|-supereffective|p2a: Corviknight\n|-damage|p2a: Corviknight|19\/100 par\n|move|p2a: Corviknight|U-turn|p1a: Zapdos\n|-resisted|p1a: Zapdos\n|-damage|p1a: Zapdos|84\/100\n|\n|t:|1699980120\n|switch|p2a: Rotom|Rotom-Wash|99\/100|[from] U-turn\n|\n|-heal|p2a: Rotom|100\/100|[from] item: Leftovers\n|upkeep\n|turn|38\n|\n|t:|1699980124\n|move|p1a: Zapdos|Discharge|p2a: Rotom\n|-crit|p2a: Rotom\n|-damage|p2a: Rotom|17\/100\n|move|p2a: Rotom|Hydro Pump|p1a: Zapdos\n|-damage|p1a: Zapdos|31\/100\n|\n|-heal|p2a: Rotom|23\/100|[from] item: Leftovers\n|upkeep\n|turn|39\n|\n|t:|1699980138\n|move|p1a: Zapdos|Volt Switch|p2a: Rotom\n|-damage|p2a: Rotom|0 fnt\n|faint|p2a: Rotom\n|\n|t:|1699980141\n|switch|p1a: Kingambit|Kingambit, M|85\/100|[from] Volt Switch\n|-damage|p1a: Kingambit|79\/100|[from] Stealth Rock\n|-activate|p1a: Kingambit|ability: Supreme Overlord\n|-start|p1a: Kingambit|fallen4|[silent]\n|\n|upkeep\n|\n|t:|1699980146\n|switch|p2a: Corviknight|Corviknight, F|19\/100 par\n|-ability|p2a: Corviknight|Pressure\n|turn|40\n|\n|t:|1699980154\n|move|p1a: Kingambit|Kowtow Cleave|p2a: Corviknight\n|-damage|p2a: Corviknight|0 fnt\n|faint|p2a: Corviknight\n|\n|upkeep\n|\n|t:|1699980161\n|switch|p2a: Kingambit|Kingambit, F|100\/100\n|-activate|p2a: Kingambit|ability: Supreme Overlord\n|-start|p2a: Kingambit|fallen4|[silent]\n|turn|41\n|\n|t:|1699980164\n|-end|p1a: Kingambit|fallen4|[silent]\n|switch|p1a: Zapdos|Zapdos|31\/100\n|move|p2a: Kingambit|Swords Dance|p2a: Kingambit\n|-boost|p2a: Kingambit|atk|2\n|\n|upkeep\n|turn|42\n|\n|t:|1699980171\n|move|p1a: Zapdos|Discharge|p2a: Kingambit\n|-damage|p2a: Kingambit|56\/100\n|move|p2a: Kingambit|Kowtow Cleave|p1a: Zapdos\n|-damage|p1a: Zapdos|0 fnt\n|faint|p1a: Zapdos\n|\n|-heal|p2a: Kingambit|62\/100|[from] item: Leftovers\n|upkeep\n|\n|t:|1699980176\n|switch|p1a: Kingambit|Kingambit, M|79\/100\n|-damage|p1a: Kingambit|73\/100|[from] Stealth Rock\n|-activate|p1a: Kingambit|ability: Supreme Overlord\n|-start|p1a: Kingambit|fallen5|[silent]\n|turn|43\n|\n|t:|1699980179\n|move|p1a: Kingambit|Iron Head|p2a: Kingambit\n|-resisted|p2a: Kingambit\n|-damage|p2a: Kingambit|34\/100\n|move|p2a: Kingambit|Kowtow Cleave|p1a: Kingambit\n|-resisted|p1a: Kingambit\n|-damage|p1a: Kingambit|21\/100\n|\n|-heal|p2a: Kingambit|41\/100|[from] item: Leftovers\n|upkeep\n|turn|44\n|\n|t:|1699980184\n|move|p2a: Kingambit|Sucker Punch|p1a: Kingambit\n|-resisted|p1a: Kingambit\n|-damage|p1a: Kingambit|0 fnt\n|faint|p1a: Kingambit\n|-end|p1a: Kingambit|fallen5|[silent]\n|\n|win|christmascracker44\n|raw|Username momento's rating: 1464 &rarr; <strong>1443<\/strong><br \/>(-21 for losing)\n|raw|christmascracker44's rating: 1454 &rarr; <strong>1475<\/strong><br \/>(+21 for winning)\n|l|\u2606Username momento\n","uploadtime":1699980203,"views":9,"p1id":"usernamemomento","p2id":"christmascracker44","formatid":"gen9ou","rating":1443,"private":0,"password":""}