{"id":"gen9ou-1999636570","p1":"dospalos","p2":"Queijolol","format":"[Gen 9] OU","log":"|j|\u2606dospalos\n|j|\u2606Queijolol\n|t:|1701103343\n|gametype|singles\n|player|p1|dospalos|102|1187\n|player|p2|Queijolol|dawn|1185\n|teamsize|p1|6\n|teamsize|p2|6\n|gen|9\n|tier|[Gen 9] OU\n|rated|\n|rule|Sleep Clause Mod: Limit one foe put to sleep\n|rule|Species Clause: Limit one of each Pok\u00e9mon\n|rule|OHKO Clause: OHKO moves are banned\n|rule|Evasion Items Clause: Evasion items are banned\n|rule|Evasion Moves Clause: Evasion moves are banned\n|rule|Endless Battle Clause: Forcing endless battles is banned\n|rule|HP Percentage Mod: HP is shown in percentages\n|clearpoke\n|poke|p1|Cinderace, F|\n|poke|p1|Blissey, F|\n|poke|p1|Corviknight, F|\n|poke|p1|Ditto|\n|poke|p1|Iron Moth|\n|poke|p1|Ogerpon-Wellspring, F|\n|poke|p2|Ogerpon-Wellspring, F|\n|poke|p2|Gholdengo|\n|poke|p2|Iron Moth|\n|poke|p2|Ribombee, F|\n|poke|p2|Kingambit, M|\n|poke|p2|Great Tusk|\n|teampreview\n|\n|t:|1701103346\n|start\n|switch|p1a: Cinderace|Cinderace, F|100\/100\n|switch|p2a: Ogerpon|Ogerpon-Wellspring, F|100\/100\n|turn|1\n|\n|t:|1701103358\n|move|p1a: Cinderace|U-turn|p2a: Ogerpon\n|-start|p1a: Cinderace|typechange|Bug|[from] ability: Libero\n|-supereffective|p2a: Ogerpon\n|-damage|p2a: Ogerpon|7\/100\n|\n|t:|1701103363\n|switch|p1a: Corviknight|Corviknight, F, shiny|100\/100|[from] U-turn\n|-ability|p1a: Corviknight|Pressure\n|move|p2a: Ogerpon|Ivy Cudgel|p1a: Corviknight|[anim] Ivy Cudgel Water\n|-damage|p1a: Corviknight|66\/100\n|\n|upkeep\n|turn|2\n|\n|t:|1701103371\n|switch|p2a: Gholdengo|Gholdengo|100\/100\n|-item|p2a: Gholdengo|Air Balloon\n|move|p1a: Corviknight|Brave Bird|p2a: Gholdengo\n|-resisted|p2a: Gholdengo\n|-damage|p2a: Gholdengo|81\/100\n|-enditem|p2a: Gholdengo|Air Balloon\n|-damage|p1a: Corviknight|60\/100|[from] Recoil\n|\n|upkeep\n|turn|3\n|\n|t:|1701103380\n|switch|p1a: Cinderace|Cinderace, F|100\/100\n|move|p2a: Gholdengo|Nasty Plot|p2a: Gholdengo\n|-boost|p2a: Gholdengo|spa|2\n|\n|upkeep\n|turn|4\n|\n|t:|1701103386\n|-terastallize|p2a: Gholdengo|Fairy\n|move|p1a: Cinderace|Pyro Ball|p2a: Gholdengo|[miss]\n|-miss|p1a: Cinderace|p2a: Gholdengo\n|move|p2a: Gholdengo|Psyshock|p1a: Cinderace\n|-damage|p1a: Cinderace|16\/100\n|\n|upkeep\n|turn|5\n|\n|t:|1701103402\n|move|p1a: Cinderace|Pyro Ball|p2a: Gholdengo\n|-damage|p2a: Gholdengo|18\/100\n|move|p2a: Gholdengo|Shadow Ball|p1a: Cinderace\n|-damage|p1a: Cinderace|0 fnt\n|faint|p1a: Cinderace\n|\n|upkeep\n|\n|t:|1701103409\n|switch|p1a: Ditto|Ditto|100\/100\n|-transform|p1a: Ditto|p2a: Gholdengo|[from] ability: Imposter\n|-start|p1a: Ditto|typechange|Steel\/Ghost|[silent]\n|turn|6\n|\n|t:|1701103422\n|switch|p2a: Ribombee|Ribombee, F|100\/100\n|move|p1a: Ditto|Shadow Ball|p2a: Ribombee\n|-enditem|p2a: Ribombee|Focus Sash\n|-damage|p2a: Ribombee|1\/100\n|\n|upkeep\n|turn|7\n|\n|t:|1701103428\n|move|p1a: Ditto|Shadow Ball|p2a: Ribombee\n|-damage|p2a: Ribombee|0 fnt\n|faint|p2a: Ribombee\n|\n|upkeep\n|\n|t:|1701103436\n|switch|p2a: Kingambit|Kingambit, M|100\/100\n|-activate|p2a: Kingambit|ability: Supreme Overlord\n|-start|p2a: Kingambit|fallen1|[silent]\n|turn|8\n|\n|t:|1701103440\n|switch|p1a: Corviknight|Corviknight, F, shiny|60\/100\n|-ability|p1a: Corviknight|Pressure\n|move|p2a: Kingambit|Kowtow Cleave|p1a: Corviknight\n|-crit|p1a: Corviknight\n|-damage|p1a: Corviknight|9\/100\n|-damage|p2a: Kingambit|84\/100|[from] item: Rocky Helmet|[of] p1a: Corviknight\n|\n|upkeep\n|turn|9\n|\n|t:|1701103449\n|move|p2a: Kingambit|Swords Dance|p2a: Kingambit\n|-boost|p2a: Kingambit|atk|2\n|move|p1a: Corviknight|Roost|p1a: Corviknight\n|-heal|p1a: Corviknight|59\/100\n|-singleturn|p1a: Corviknight|move: Roost\n|\n|upkeep\n|turn|10\n|\n|t:|1701103457\n|move|p2a: Kingambit|Kowtow Cleave|p1a: Corviknight\n|-damage|p1a: Corviknight|0 fnt\n|-damage|p2a: Kingambit|68\/100|[from] item: Rocky Helmet|[of] p1a: Corviknight\n|faint|p1a: Corviknight\n|\n|upkeep\n|\n|t:|1701103465\n|switch|p1a: Ditto|Ditto|100\/100\n|-transform|p1a: Ditto|p2a: Kingambit|[from] ability: Imposter\n|-activate|p1a: Ditto|ability: Supreme Overlord\n|-start|p1a: Ditto|fallen2|[silent]\n|turn|11\n|\n|t:|1701103474\n|-end|p2a: Kingambit|fallen1|[silent]\n|switch|p2a: Gholdengo|Gholdengo, tera:Fairy|18\/100\n|move|p1a: Ditto|Sucker Punch||[still]\n|-fail|p1a: Ditto\n|\n|upkeep\n|turn|12\n|\n|t:|1701103481\n|-end|p1a: Ditto|fallen2|[silent]\n|switch|p1a: Blissey|Blissey, F|100\/100\n|move|p2a: Gholdengo|Shadow Ball|p1a: Blissey\n|-immune|p1a: Blissey\n|\n|upkeep\n|turn|13\n|\n|t:|1701103492\n|switch|p1a: Ogerpon|Ogerpon-Wellspring, F|100\/100\n|move|p2a: Gholdengo|Nasty Plot|p2a: Gholdengo\n|-boost|p2a: Gholdengo|spa|2\n|\n|upkeep\n|turn|14\n|\n|t:|1701103499\n|switch|p2a: Ogerpon|Ogerpon-Wellspring, F|7\/100\n|move|p1a: Ogerpon|Ivy Cudgel|p2a: Ogerpon|[anim] Ivy Cudgel Water\n|-heal|p2a: Ogerpon|32\/100|[from] ability: Water Absorb|[of] p1a: Ogerpon\n|\n|upkeep\n|turn|15\n|\n|t:|1701103508\n|move|p2a: Ogerpon|Power Whip|p1a: Ogerpon\n|-damage|p1a: Ogerpon|26\/100\n|move|p1a: Ogerpon|Horn Leech|p2a: Ogerpon\n|-damage|p2a: Ogerpon|0 fnt\n|-heal|p1a: Ogerpon|39\/100|[from] drain|[of] p2a: Ogerpon\n|faint|p2a: Ogerpon\n|\n|upkeep\n|\n|t:|1701103522\n|switch|p2a: Iron Moth|Iron Moth|100\/100\n|-enditem|p2a: Iron Moth|Booster Energy\n|-activate|p2a: Iron Moth|ability: Quark Drive|[fromitem]\n|-start|p2a: Iron Moth|quarkdrivespa\n|turn|16\n|\n|t:|1701103528\n|switch|p1a: Blissey|Blissey, F|100\/100\n|move|p2a: Iron Moth|Sludge Wave|p1a: Blissey\n|-damage|p1a: Blissey|81\/100\n|\n|-heal|p1a: Blissey|87\/100|[from] item: Leftovers\n|upkeep\n|turn|17\n|\n|t:|1701103536\n|move|p2a: Iron Moth|Substitute|p2a: Iron Moth\n|-start|p2a: Iron Moth|Substitute\n|-damage|p2a: Iron Moth|76\/100\n|move|p1a: Blissey|Seismic Toss|p2a: Iron Moth\n|-end|p2a: Iron Moth|Substitute\n|\n|-heal|p1a: Blissey|93\/100|[from] item: Leftovers\n|upkeep\n|turn|18\n|\n|t:|1701103543\n|move|p2a: Iron Moth|Fiery Dance|p1a: Blissey\n|-damage|p1a: Blissey|78\/100\n|move|p1a: Blissey|Seismic Toss|p2a: Iron Moth\n|-damage|p2a: Iron Moth|42\/100\n|\n|-heal|p1a: Blissey|84\/100|[from] item: Leftovers\n|upkeep\n|turn|19\n|\n|t:|1701103551\n|move|p2a: Iron Moth|Fiery Dance|p1a: Blissey\n|-damage|p1a: Blissey|67\/100\n|move|p1a: Blissey|Seismic Toss|p2a: Iron Moth\n|-damage|p2a: Iron Moth|9\/100\n|\n|-heal|p1a: Blissey|73\/100|[from] item: Leftovers\n|upkeep\n|turn|20\n|\n|t:|1701103558\n|move|p2a: Iron Moth|Fiery Dance|p1a: Blissey\n|-damage|p1a: Blissey|57\/100\n|-boost|p2a: Iron Moth|spa|1\n|move|p1a: Blissey|Seismic Toss|p2a: Iron Moth\n|-damage|p2a: Iron Moth|0 fnt\n|faint|p2a: Iron Moth\n|-end|p2a: Iron Moth|Quark Drive|[silent]\n|\n|-heal|p1a: Blissey|63\/100|[from] item: Leftovers\n|upkeep\n|\n|t:|1701103563\n|switch|p2a: Great Tusk|Great Tusk|100\/100\n|-enditem|p2a: Great Tusk|Booster Energy\n|-activate|p2a: Great Tusk|ability: Protosynthesis|[fromitem]\n|-start|p2a: Great Tusk|protosynthesisatk\n|turn|21\n|\n|t:|1701103581\n|switch|p1a: Ogerpon|Ogerpon-Wellspring, F|39\/100\n|move|p2a: Great Tusk|Headlong Rush|p1a: Ogerpon\n|-resisted|p1a: Ogerpon\n|-damage|p1a: Ogerpon|0 fnt\n|-unboost|p2a: Great Tusk|def|1\n|-unboost|p2a: Great Tusk|spd|1\n|faint|p1a: Ogerpon\n|\n|upkeep\n|\n|t:|1701103589\n|switch|p1a: Iron Moth|Iron Moth|100\/100\n|-enditem|p1a: Iron Moth|Booster Energy\n|-activate|p1a: Iron Moth|ability: Quark Drive|[fromitem]\n|-start|p1a: Iron Moth|quarkdrivespe\n|turn|22\n|\n|t:|1701103600\n|-terastallize|p1a: Iron Moth|Fairy\n|move|p1a: Iron Moth|Dazzling Gleam|p2a: Great Tusk\n|-supereffective|p2a: Great Tusk\n|-damage|p2a: Great Tusk|0 fnt\n|faint|p2a: Great Tusk\n|-end|p2a: Great Tusk|Protosynthesis|[silent]\n|\n|upkeep\n|\n|t:|1701103605\n|switch|p2a: Kingambit|Kingambit, M|68\/100\n|-activate|p2a: Kingambit|ability: Supreme Overlord\n|-start|p2a: Kingambit|fallen4|[silent]\n|turn|23\n|\n|t:|1701103611\n|move|p1a: Iron Moth|Dazzling Gleam|p2a: Kingambit\n|-damage|p2a: Kingambit|19\/100\n|move|p2a: Kingambit|Swords Dance|p2a: Kingambit\n|-boost|p2a: Kingambit|atk|2\n|\n|upkeep\n|turn|24\n|\n|t:|1701103620\n|-end|p1a: Iron Moth|Quark Drive|[silent]\n|switch|p1a: Ditto|Ditto|100\/100\n|-transform|p1a: Ditto|p2a: Kingambit|[from] ability: Imposter\n|-activate|p1a: Ditto|ability: Supreme Overlord\n|-start|p1a: Ditto|fallen3|[silent]\n|move|p2a: Kingambit|Brick Break|p1a: Ditto\n|-supereffective|p1a: Ditto\n|-damage|p1a: Ditto|0 fnt\n|faint|p1a: Ditto\n|-end|p1a: Ditto|fallen3|[silent]\n|\n|upkeep\n|\n|t:|1701103630\n|switch|p1a: Iron Moth|Iron Moth, tera:Fairy|100\/100\n|turn|25\n|\n|t:|1701103636\n|move|p2a: Kingambit|Sucker Punch|p1a: Iron Moth\n|-resisted|p1a: Iron Moth\n|-damage|p1a: Iron Moth|11\/100\n|move|p1a: Iron Moth|Fiery Dance|p2a: Kingambit\n|-supereffective|p2a: Kingambit\n|-damage|p2a: Kingambit|0 fnt\n|faint|p2a: Kingambit\n|-end|p2a: Kingambit|fallen4|[silent]\n|\n|upkeep\n|\n|t:|1701103640\n|switch|p2a: Gholdengo|Gholdengo, tera:Fairy|18\/100\n|turn|26\n|\n|t:|1701103648\n|move|p1a: Iron Moth|Sludge Wave|p2a: Gholdengo\n|-supereffective|p2a: Gholdengo\n|-damage|p2a: Gholdengo|0 fnt\n|faint|p2a: Gholdengo\n|\n|win|dospalos\n|raw|dospalos's rating: 1187 &rarr; <strong>1212<\/strong><br \/>(+25 for winning)\n|raw|Queijolol's rating: 1185 &rarr; <strong>1160<\/strong><br \/>(-25 for losing)\n|l|\u2606Queijolol\n","uploadtime":1701103684,"views":3,"p1id":"dospalos","p2id":"queijolol","formatid":"gen9ou","rating":1160,"private":0,"password":""}