{"id":"gen9ou-1991772458","p1":"superiax","p2":"Prav33n","format":"[Gen 9] OU","log":"|j|\u2606superiax\n|j|\u2606Prav33n\n|t:|1700114558\n|gametype|singles\n|player|p1|superiax|whitney|1312\n|player|p2|Prav33n|swimmer-gen4|1400\n|teamsize|p1|6\n|teamsize|p2|6\n|gen|9\n|tier|[Gen 9] OU\n|rated|\n|rule|Sleep Clause Mod: Limit one foe put to sleep\n|rule|Species Clause: Limit one of each Pok\u00e9mon\n|rule|OHKO Clause: OHKO moves are banned\n|rule|Evasion Items Clause: Evasion items are banned\n|rule|Evasion Moves Clause: Evasion moves are banned\n|rule|Endless Battle Clause: Forcing endless battles is banned\n|rule|HP Percentage Mod: HP is shown in percentages\n|clearpoke\n|poke|p1|Ribombee, F|\n|poke|p1|Ninetales-Alola, F|\n|poke|p1|Kingambit, M|\n|poke|p1|Iron Moth|\n|poke|p1|Gholdengo|\n|poke|p1|Ogerpon-Wellspring, F|\n|poke|p2|Iron Moth|\n|poke|p2|Gholdengo|\n|poke|p2|Kommo-o, F|\n|poke|p2|Great Tusk|\n|poke|p2|Rillaboom, M|\n|poke|p2|Ogerpon-Cornerstone, F|\n|teampreview\n|inactive|Battle timer is ON: inactive players will automatically lose when time's up. (requested by superiax)\n|\n|t:|1700114567\n|start\n|switch|p1a: Mirror Master|Ribombee, F, shiny|100\/100\n|switch|p2a: Ogerpon|Ogerpon-Cornerstone, F|100\/100\n|turn|1\n|\n|t:|1700114574\n|move|p1a: Mirror Master|Sticky Web|p2a: Ogerpon\n|-sidestart|p2: Prav33n|move: Sticky Web\n|move|p2a: Ogerpon|Taunt|p1a: Mirror Master\n|-start|p1a: Mirror Master|move: Taunt\n|\n|upkeep\n|turn|2\n|\n|t:|1700114579\n|move|p1a: Mirror Master|Moonblast|p2a: Ogerpon\n|-damage|p2a: Ogerpon|54\/100\n|move|p2a: Ogerpon|Spikes|p1a: Mirror Master\n|-sidestart|p1: superiax|Spikes\n|\n|upkeep\n|turn|3\n|\n|t:|1700114584\n|move|p1a: Mirror Master|Moonblast|p2a: Ogerpon\n|-damage|p2a: Ogerpon|10\/100\n|-unboost|p2a: Ogerpon|spa|1\n|move|p2a: Ogerpon|Ivy Cudgel|p1a: Mirror Master|[anim] Ivy Cudgel Rock\n|-supereffective|p1a: Mirror Master\n|-enditem|p1a: Mirror Master|Focus Sash\n|-damage|p1a: Mirror Master|1\/100\n|\n|upkeep\n|turn|4\n|\n|t:|1700114594\n|move|p1a: Mirror Master|Moonblast|p2a: Ogerpon\n|-damage|p2a: Ogerpon|0 fnt\n|faint|p2a: Ogerpon\n|\n|-end|p1a: Mirror Master|move: Taunt\n|upkeep\n|\n|t:|1700114596\n|switch|p2a: Rillaboom|Rillaboom, M|100\/100\n|-activate|p2a: Rillaboom|move: Sticky Web\n|-unboost|p2a: Rillaboom|spe|1\n|-fieldstart|move: Grassy Terrain|[from] ability: Grassy Surge|[of] p2a: Rillaboom\n|turn|5\n|\n|t:|1700114613\n|move|p2a: Rillaboom|Grassy Glide|p1a: Mirror Master\n|-resisted|p1a: Mirror Master\n|-damage|p1a: Mirror Master|0 fnt\n|faint|p1a: Mirror Master\n|\n|upkeep\n|\n|t:|1700114621\n|switch|p1a: Heatwave|Iron Moth, shiny|100\/100\n|turn|6\n|\n|t:|1700114646\n|switch|p2a: Kommo-o|Kommo-o, F|100\/100\n|-activate|p2a: Kommo-o|move: Sticky Web\n|-unboost|p2a: Kommo-o|spe|1\n|move|p1a: Heatwave|Fiery Dance|p2a: Kommo-o\n|-resisted|p2a: Kommo-o\n|-damage|p2a: Kommo-o|75\/100\n|\n|-heal|p2a: Kommo-o|81\/100|[from] Grassy Terrain\n|upkeep\n|turn|7\n|\n|t:|1700114655\n|move|p1a: Heatwave|Dazzling Gleam|p2a: Kommo-o\n|-supereffective|p2a: Kommo-o\n|-damage|p2a: Kommo-o|0 fnt\n|faint|p2a: Kommo-o\n|\n|upkeep\n|-message|Prav33n forfeited.\n|\n|win|superiax\n|raw|superiax's rating: 1312 &rarr; <strong>1337<\/strong><br \/>(+25 for winning)\n|raw|Prav33n's rating: 1400 &rarr; <strong>1375<\/strong><br \/>(-25 for losing)\n|l|\u2606Prav33n\n","uploadtime":1700114671,"views":7,"p1id":"superiax","p2id":"prav33n","formatid":"gen9ou","rating":1337,"private":0,"password":""}