{"id":"gen9ou-1988548453","p1":"Dennis wa","p2":"TheFlo1990","format":"[Gen 9] OU","log":"|j|\u2606Dennis wa\n|j|\u2606TheFlo1990\n|t:|1699734844\n|gametype|singles\n|player|p1|Dennis wa|striker|\n|player|p2|TheFlo1990|170|\n|teamsize|p1|6\n|teamsize|p2|6\n|gen|9\n|tier|[Gen 9] OU\n|rule|Sleep Clause Mod: Limit one foe put to sleep\n|rule|Species Clause: Limit one of each Pok\u00e9mon\n|rule|OHKO Clause: OHKO moves are banned\n|rule|Evasion Items Clause: Evasion items are banned\n|rule|Evasion Moves Clause: Evasion moves are banned\n|rule|Endless Battle Clause: Forcing endless battles is banned\n|rule|HP Percentage Mod: HP is shown in percentages\n|clearpoke\n|poke|p1|Slowking-Galar, M|\n|poke|p1|Gholdengo|\n|poke|p1|Garchomp, M|\n|poke|p1|Clefable, F|\n|poke|p1|Maushold-Four|\n|poke|p1|Alomomola, M|\n|poke|p2|Blissey, F|\n|poke|p2|Iron Moth|\n|poke|p2|Iron Valiant|\n|poke|p2|Landorus-Therian, M|\n|poke|p2|Manaphy|\n|poke|p2|Corviknight, F|\n|teampreview\n|c|\u2606TheFlo1990|Glhf;)\n|c|\u2606Dennis wa|Danke dir auch.\n|\n|t:|1699734879\n|start\n|switch|p1a: Garchomp|Garchomp, M|100\/100\n|switch|p2a: Iron Valiant|Iron Valiant|100\/100\n|turn|1\n|\n|t:|1699734888\n|switch|p1a: Slowking|Slowking-Galar, M|100\/100\n|move|p2a: Iron Valiant|Spirit Break|p1a: Slowking\n|-resisted|p1a: Slowking\n|-damage|p1a: Slowking|71\/100\n|-unboost|p1a: Slowking|spa|1\n|\n|upkeep\n|turn|2\n|\n|t:|1699734906\n|-end|p2a: Iron Valiant|Quark Drive|[silent]\n|switch|p2a: Blissey|Blissey, F|100\/100\n|move|p1a: Slowking|Chilly Reception|p1a: Slowking\n|-weather|Snow\n|\n|t:|1699734923\n|switch|p1a: Garchomp|Garchomp, M|100\/100|[from] Chilly Reception\n|\n|-weather|Snow|[upkeep]\n|upkeep\n|turn|3\n|\n|t:|1699734942\n|switch|p2a: Landorus|Landorus-Therian, M|100\/100\n|-ability|p2a: Landorus|Intimidate|boost\n|-unboost|p1a: Garchomp|atk|1\n|move|p1a: Garchomp|Substitute|p1a: Garchomp\n|-start|p1a: Garchomp|Substitute\n|-damage|p1a: Garchomp|75\/100\n|\n|-weather|Snow|[upkeep]\n|-heal|p1a: Garchomp|82\/100|[from] item: Leftovers\n|upkeep\n|turn|4\n|\n|t:|1699734956\n|move|p1a: Garchomp|Stealth Rock|p2a: Landorus\n|-sidestart|p2: TheFlo1990|move: Stealth Rock\n|move|p2a: Landorus|Earthquake|p1a: Garchomp\n|-end|p1a: Garchomp|Substitute\n|\n|-weather|Snow|[upkeep]\n|-heal|p1a: Garchomp|88\/100|[from] item: Leftovers\n|upkeep\n|turn|5\n|\n|t:|1699734974\n|move|p2a: Landorus|Earthquake|p1a: Garchomp\n|-damage|p1a: Garchomp|58\/100\n|move|p1a: Garchomp|Dragon Tail|p2a: Landorus|[miss]\n|-miss|p1a: Garchomp|p2a: Landorus\n|\n|-weather|Snow|[upkeep]\n|-heal|p1a: Garchomp|65\/100|[from] item: Leftovers\n|upkeep\n|turn|6\n|\n|t:|1699734986\n|switch|p1a: Alomomola|Alomomola, M|100\/100\n|move|p2a: Landorus|Earthquake|p1a: Alomomola\n|-damage|p1a: Alomomola|74\/100\n|\n|-weather|none\n|upkeep\n|turn|7\n|\n|t:|1699734995\n|move|p2a: Landorus|Taunt|p1a: Alomomola\n|-start|p1a: Alomomola|move: Taunt\n|move|p1a: Alomomola|Flip Turn|p2a: Landorus\n|-supereffective|p2a: Landorus\n|-damage|p2a: Landorus|80\/100\n|\n|t:|1699735020\n|switch|p1a: Slowking|Slowking-Galar, M|100\/100|[from] Flip Turn\n|\n|-heal|p2a: Landorus|86\/100|[from] item: Leftovers\n|upkeep\n|turn|8\n|\n|t:|1699735036\n|move|p2a: Landorus|U-turn|p1a: Slowking\n|-damage|p1a: Slowking|78\/100\n|\n|t:|1699735047\n|switch|p2a: Blissey|Blissey, F|100\/100|[from] U-turn\n|-damage|p2a: Blissey|88\/100|[from] Stealth Rock\n|move|p1a: Slowking|Ice Beam|p2a: Blissey\n|-damage|p2a: Blissey|81\/100\n|\n|upkeep\n|turn|9\n|\n|t:|1699735079\n|move|p2a: Blissey|Electric Terrain|p2a: Blissey\n|-fieldstart|move: Electric Terrain\n|move|p1a: Slowking|Toxic Spikes|p2a: Blissey\n|-sidestart|p2: TheFlo1990|move: Toxic Spikes\n|\n|upkeep\n|turn|10\n|\n|t:|1699735093\n|switch|p2a: Corviknight|Corviknight, F|100\/100\n|-damage|p2a: Corviknight|88\/100|[from] Stealth Rock\n|move|p1a: Slowking|Chilly Reception|p1a: Slowking\n|-weather|Snow\n|\n|t:|1699735102\n|switch|p1a: Gholdengo|Gholdengo|100\/100|[from] Chilly Reception\n|\n|-weather|Snow|[upkeep]\n|upkeep\n|turn|11\n|\n|t:|1699735109\n|move|p1a: Gholdengo|Thunder Wave|p2a: Corviknight\n|-status|p2a: Corviknight|par\n|cant|p2a: Corviknight|par\n|\n|-weather|Snow|[upkeep]\n|upkeep\n|turn|12\n|\n|t:|1699735116\n|move|p1a: Gholdengo|Confuse Ray|p2a: Corviknight\n|-start|p2a: Corviknight|confusion\n|-activate|p2a: Corviknight|confusion\n|move|p2a: Corviknight|U-turn|p1a: Gholdengo\n|-resisted|p1a: Gholdengo\n|-damage|p1a: Gholdengo|98\/100\n|\n|t:|1699735137\n|switch|p2a: Iron Moth|Iron Moth|100\/100|[from] U-turn\n|-damage|p2a: Iron Moth|76\/100|[from] Stealth Rock\n|-sideend|p2: TheFlo1990|move: Toxic Spikes|[of] p2a: Iron Moth\n|-activate|p2a: Iron Moth|ability: Quark Drive\n|-start|p2a: Iron Moth|quarkdrivespa\n|\n|-weather|Snow|[upkeep]\n|-heal|p1a: Gholdengo|100\/100|[from] item: Leftovers\n|upkeep\n|turn|13\n|\n|t:|1699735151\n|switch|p1a: Slowking|Slowking-Galar, M|100\/100\n|move|p2a: Iron Moth|Fiery Dance|p1a: Slowking\n|-damage|p1a: Slowking|62\/100\n|\n|-weather|Snow|[upkeep]\n|upkeep\n|turn|14\n|\n|t:|1699735176\n|move|p2a: Iron Moth|Fiery Dance|p1a: Slowking\n|-crit|p1a: Slowking\n|-damage|p1a: Slowking|9\/100\n|move|p1a: Slowking|Chilly Reception|p1a: Slowking\n|\n|t:|1699735181\n|switch|p1a: Garchomp|Garchomp, M|65\/100|[from] Chilly Reception\n|\n|-weather|none\n|-heal|p1a: Garchomp|71\/100|[from] item: Leftovers\n|upkeep\n|turn|15\n|\n|t:|1699735196\n|-end|p2a: Iron Moth|Quark Drive|[silent]\n|switch|p2a: Landorus|Landorus-Therian, M|86\/100\n|-damage|p2a: Landorus|74\/100|[from] Stealth Rock\n|-ability|p2a: Landorus|Intimidate|boost\n|-unboost|p1a: Garchomp|atk|1\n|move|p1a: Garchomp|Dragon Tail|p2a: Landorus\n|-damage|p2a: Landorus|63\/100\n|drag|p2a: Iron Valiant|Iron Valiant|100\/100\n|-damage|p2a: Iron Valiant|94\/100|[from] Stealth Rock\n|-activate|p2a: Iron Valiant|ability: Quark Drive\n|-start|p2a: Iron Valiant|quarkdrivespe\n|\n|-heal|p1a: Garchomp|77\/100|[from] item: Leftovers\n|upkeep\n|turn|16\n|\n|t:|1699735215\n|switch|p1a: Gholdengo|Gholdengo|100\/100\n|move|p2a: Iron Valiant|Spirit Break|p1a: Gholdengo\n|-resisted|p1a: Gholdengo\n|-damage|p1a: Gholdengo|80\/100\n|-unboost|p1a: Gholdengo|spa|1\n|\n|-heal|p1a: Gholdengo|86\/100|[from] item: Leftovers\n|-fieldend|move: Electric Terrain\n|-end|p2a: Iron Valiant|Quark Drive\n|upkeep\n|turn|17\n|\n|t:|1699735227\n|-end|p2a: Iron Valiant|Quark Drive|[silent]\n|switch|p2a: Blissey|Blissey, F|81\/100\n|-damage|p2a: Blissey|69\/100|[from] Stealth Rock\n|move|p1a: Gholdengo|Confuse Ray|p2a: Blissey\n|-start|p2a: Blissey|confusion\n|\n|-heal|p1a: Gholdengo|92\/100|[from] item: Leftovers\n|upkeep\n|turn|18\n|\n|t:|1699735238\n|switch|p1a: Slowking|Slowking-Galar, M|42\/100\n|-activate|p2a: Blissey|confusion\n|move|p2a: Blissey|Electric Terrain|p2a: Blissey\n|-fieldstart|move: Electric Terrain\n|\n|upkeep\n|turn|19\n|\n|t:|1699735250\n|-activate|p2a: Blissey|confusion\n|move|p2a: Blissey|Stealth Rock|p1a: Slowking\n|-sidestart|p1: Dennis wa|move: Stealth Rock\n|move|p1a: Slowking|Chilly Reception|p1a: Slowking\n|-weather|Snow\n|\n|t:|1699735336\n|switch|p1a: Garchomp|Garchomp, M|77\/100|[from] Chilly Reception\n|-damage|p1a: Garchomp|71\/100|[from] Stealth Rock\n|\n|-weather|Snow|[upkeep]\n|-heal|p1a: Garchomp|77\/100|[from] item: Leftovers\n|upkeep\n|turn|20\n|\n|t:|1699735350\n|switch|p2a: Landorus|Landorus-Therian, M|63\/100\n|-damage|p2a: Landorus|50\/100|[from] Stealth Rock\n|-ability|p2a: Landorus|Intimidate|boost\n|-unboost|p1a: Garchomp|atk|1\n|move|p1a: Garchomp|Dragon Tail|p2a: Landorus\n|-crit|p2a: Landorus\n|-damage|p2a: Landorus|21\/100\n|drag|p2a: Iron Moth|Iron Moth|76\/100\n|-damage|p2a: Iron Moth|51\/100|[from] Stealth Rock\n|-activate|p2a: Iron Moth|ability: Quark Drive\n|-start|p2a: Iron Moth|quarkdrivespa\n|\n|-weather|Snow|[upkeep]\n|-heal|p1a: Garchomp|83\/100|[from] item: Leftovers\n|upkeep\n|turn|21\n|\n|t:|1699735386\n|move|p2a: Iron Moth|Energy Ball|p1a: Garchomp\n|-damage|p1a: Garchomp|42\/100\n|-unboost|p1a: Garchomp|spd|1\n|move|p1a: Garchomp|Earthquake|p2a: Iron Moth\n|-supereffective|p2a: Iron Moth\n|-damage|p2a: Iron Moth|0 fnt\n|faint|p2a: Iron Moth\n|-end|p2a: Iron Moth|Quark Drive|[silent]\n|\n|-weather|Snow|[upkeep]\n|-heal|p1a: Garchomp|48\/100|[from] item: Leftovers\n|upkeep\n|\n|t:|1699735401\n|switch|p2a: Iron Valiant|Iron Valiant|94\/100\n|-damage|p2a: Iron Valiant|88\/100|[from] Stealth Rock\n|-activate|p2a: Iron Valiant|ability: Quark Drive\n|-start|p2a: Iron Valiant|quarkdrivespe\n|turn|22\n|\n|t:|1699735426\n|switch|p1a: Alomomola|Alomomola, M|100\/100\n|-damage|p1a: Alomomola|88\/100|[from] Stealth Rock\n|move|p2a: Iron Valiant|Shadow Claw|p1a: Alomomola\n|-damage|p1a: Alomomola|68\/100\n|\n|-weather|Snow|[upkeep]\n|upkeep\n|turn|23\n|\n|t:|1699735443\n|-end|p2a: Iron Valiant|Quark Drive|[silent]\n|switch|p2a: Corviknight|Corviknight, F|88\/100 par\n|-damage|p2a: Corviknight|76\/100 par|[from] Stealth Rock\n|move|p1a: Alomomola|Wish|p1a: Alomomola\n|\n|-weather|none\n|upkeep\n|turn|24\n|\n|t:|1699735461\n|switch|p1a: Garchomp|Garchomp, M|48\/100\n|-damage|p1a: Garchomp|42\/100|[from] Stealth Rock\n|move|p2a: Corviknight|U-turn|p1a: Garchomp\n|-damage|p1a: Garchomp|33\/100\n|-damage|p2a: Corviknight|64\/100 par|[from] ability: Rough Skin|[of] p1a: Garchomp\n|\n|t:|1699735503\n|switch|p2a: Iron Valiant|Iron Valiant|88\/100|[from] U-turn\n|-damage|p2a: Iron Valiant|82\/100|[from] Stealth Rock\n|-activate|p2a: Iron Valiant|ability: Quark Drive\n|-start|p2a: Iron Valiant|quarkdrivespe\n|\n|-heal|p1a: Garchomp|97\/100|[from] move: Wish|[wisher] Alomomola\n|-heal|p1a: Garchomp|100\/100|[from] item: Leftovers\n|upkeep\n|turn|25\n|\n|t:|1699735525\n|move|p2a: Iron Valiant|Spirit Break|p1a: Garchomp\n|-supereffective|p1a: Garchomp\n|-damage|p1a: Garchomp|34\/100\n|-unboost|p1a: Garchomp|spa|1\n|-damage|p2a: Iron Valiant|69\/100|[from] ability: Rough Skin|[of] p1a: Garchomp\n|move|p1a: Garchomp|Earthquake|p2a: Iron Valiant\n|-damage|p2a: Iron Valiant|16\/100\n|\n|-heal|p1a: Garchomp|40\/100|[from] item: Leftovers\n|-fieldend|move: Electric Terrain\n|-end|p2a: Iron Valiant|Quark Drive\n|upkeep\n|turn|26\n|\n|t:|1699735544\n|switch|p1a: Alomomola|Alomomola, M|100\/100\n|-damage|p1a: Alomomola|88\/100|[from] Stealth Rock\n|move|p2a: Iron Valiant|Spirit Break|p1a: Alomomola\n|-damage|p1a: Alomomola|59\/100\n|\n|upkeep\n|turn|27\n|\n|t:|1699735552\n|move|p2a: Iron Valiant|Spirit Break|p1a: Alomomola\n|-damage|p1a: Alomomola|25\/100\n|move|p1a: Alomomola|Flip Turn|p2a: Iron Valiant\n|-damage|p2a: Iron Valiant|0 fnt\n|faint|p2a: Iron Valiant\n|-end|p2a: Iron Valiant|Quark Drive|[silent]\n|\n|t:|1699735565\n|switch|p1a: Slowking|Slowking-Galar, M|75\/100|[from] Flip Turn\n|-damage|p1a: Slowking|63\/100|[from] Stealth Rock\n|\n|upkeep\n|\n|t:|1699735574\n|switch|p2a: Manaphy|Manaphy|100\/100\n|-damage|p2a: Manaphy|88\/100|[from] Stealth Rock\n|turn|28\n|\n|t:|1699735594\n|move|p2a: Manaphy|Tail Glow|p2a: Manaphy\n|-boost|p2a: Manaphy|spa|3\n|move|p1a: Slowking|Chilly Reception|p1a: Slowking\n|-weather|Snow\n|\n|t:|1699735604\n|switch|p1a: Clefable|Clefable, F|100\/100|[from] Chilly Reception\n|-damage|p1a: Clefable|88\/100|[from] Stealth Rock\n|\n|-weather|Snow|[upkeep]\n|-heal|p1a: Clefable|94\/100|[from] item: Leftovers\n|upkeep\n|turn|29\n|\n|t:|1699735616\n|-terastallize|p2a: Manaphy|Poison\n|move|p2a: Manaphy|Scald|p1a: Clefable\n|-damage|p1a: Clefable|50\/100\n|-damage|p2a: Manaphy|78\/100|[from] item: Life Orb\n|move|p1a: Clefable|Calm Mind|p1a: Clefable\n|-boost|p1a: Clefable|spa|1\n|-boost|p1a: Clefable|spd|1\n|\n|-weather|Snow|[upkeep]\n|-heal|p1a: Clefable|57\/100|[from] item: Leftovers\n|upkeep\n|turn|30\n|\n|t:|1699735645\n|move|p2a: Manaphy|Scald|p1a: Clefable\n|-damage|p1a: Clefable|28\/100\n|-status|p1a: Clefable|brn\n|-damage|p2a: Manaphy|68\/100|[from] item: Life Orb\n|move|p1a: Clefable|Wish|p1a: Clefable\n|\n|-weather|Snow|[upkeep]\n|-heal|p1a: Clefable|34\/100 brn|[from] item: Leftovers\n|-damage|p1a: Clefable|28\/100 brn|[from] brn\n|upkeep\n|turn|31\n|\n|t:|1699735716\n|move|p2a: Manaphy|Scald|p1a: Clefable\n|-damage|p1a: Clefable|0 fnt\n|faint|p1a: Clefable\n|-damage|p2a: Manaphy|58\/100|[from] item: Life Orb\n|\n|-weather|Snow|[upkeep]\n|upkeep\n|\n|t:|1699735731\n|switch|p1a: Alomomola|Alomomola, M|58\/100\n|-damage|p1a: Alomomola|46\/100|[from] Stealth Rock\n|turn|32\n|\n|t:|1699735742\n|move|p2a: Manaphy|Energy Ball|p1a: Alomomola\n|-supereffective|p1a: Alomomola\n|-damage|p1a: Alomomola|0 fnt\n|faint|p1a: Alomomola\n|-damage|p2a: Manaphy|48\/100|[from] item: Life Orb\n|\n|-weather|none\n|upkeep\n|\n|t:|1699735751\n|switch|p1a: Maushold|Maushold-Four|100\/100\n|-damage|p1a: Maushold|88\/100|[from] Stealth Rock\n|turn|33\n|\n|t:|1699735758\n|switch|p2a: Corviknight|Corviknight, F|64\/100 par\n|-damage|p2a: Corviknight|51\/100 par|[from] Stealth Rock\n|move|p1a: Maushold|Population Bomb|p2a: Corviknight\n|-resisted|p2a: Corviknight\n|-damage|p2a: Corviknight|48\/100 par\n|-damage|p1a: Maushold|72\/100|[from] item: Rocky Helmet|[of] p2a: Corviknight\n|-resisted|p2a: Corviknight\n|-damage|p2a: Corviknight|45\/100 par\n|-damage|p1a: Maushold|55\/100|[from] item: Rocky Helmet|[of] p2a: Corviknight\n|-resisted|p2a: Corviknight\n|-damage|p2a: Corviknight|42\/100 par\n|-damage|p1a: Maushold|39\/100|[from] item: Rocky Helmet|[of] p2a: Corviknight\n|-resisted|p2a: Corviknight\n|-damage|p2a: Corviknight|39\/100 par\n|-damage|p1a: Maushold|22\/100|[from] item: Rocky Helmet|[of] p2a: Corviknight\n|-resisted|p2a: Corviknight\n|-damage|p2a: Corviknight|37\/100 par\n|-damage|p1a: Maushold|6\/100|[from] item: Rocky Helmet|[of] p2a: Corviknight\n|-resisted|p2a: Corviknight\n|-damage|p2a: Corviknight|34\/100 par\n|-damage|p1a: Maushold|0 fnt|[from] item: Rocky Helmet|[of] p2a: Corviknight\n|faint|p1a: Maushold\n|-hitcount|p2a: Corviknight|6\n|\n|upkeep\n|\n|t:|1699735805\n|switch|p1a: Slowking|Slowking-Galar, M|96\/100\n|-damage|p1a: Slowking|83\/100|[from] Stealth Rock\n|turn|34\n|\n|t:|1699735815\n|move|p1a: Slowking|Chilly Reception|p1a: Slowking\n|-weather|Snow\n|\n|t:|1699735826\n|switch|p1a: Gholdengo|Gholdengo|92\/100|[from] Chilly Reception\n|-damage|p1a: Gholdengo|86\/100|[from] Stealth Rock\n|cant|p2a: Corviknight|par\n|\n|-weather|Snow|[upkeep]\n|-heal|p1a: Gholdengo|92\/100|[from] item: Leftovers\n|upkeep\n|turn|35\n|\n|t:|1699735837\n|move|p1a: Gholdengo|Hex|p2a: Corviknight\n|-damage|p2a: Corviknight|0 fnt\n|faint|p2a: Corviknight\n|\n|-weather|Snow|[upkeep]\n|-heal|p1a: Gholdengo|98\/100|[from] item: Leftovers\n|upkeep\n|\n|t:|1699735847\n|switch|p2a: Landorus|Landorus-Therian, M|21\/100\n|-damage|p2a: Landorus|9\/100|[from] Stealth Rock\n|-ability|p2a: Landorus|Intimidate|boost\n|-unboost|p1a: Gholdengo|atk|1\n|turn|36\n|\n|t:|1699735858\n|move|p1a: Gholdengo|Confuse Ray|p2a: Landorus\n|-start|p2a: Landorus|confusion\n|-activate|p2a: Landorus|confusion\n|-damage|p2a: Landorus|0 fnt|[from] confusion\n|faint|p2a: Landorus\n|\n|-weather|Snow|[upkeep]\n|-heal|p1a: Gholdengo|100\/100|[from] item: Leftovers\n|upkeep\n|\n|t:|1699735865\n|switch|p2a: Manaphy|Manaphy, tera:Poison|48\/100\n|-damage|p2a: Manaphy|36\/100|[from] Stealth Rock\n|turn|37\n|\n|t:|1699735883\n|move|p2a: Manaphy|Shadow Ball|p1a: Gholdengo\n|-supereffective|p1a: Gholdengo\n|-damage|p1a: Gholdengo|46\/100\n|-unboost|p1a: Gholdengo|spd|1\n|-damage|p2a: Manaphy|26\/100|[from] item: Life Orb\n|move|p1a: Gholdengo|Thunder Wave|p2a: Manaphy\n|-status|p2a: Manaphy|par\n|\n|-weather|Snow|[upkeep]\n|-heal|p1a: Gholdengo|52\/100|[from] item: Leftovers\n|upkeep\n|turn|38\n|\n|t:|1699735897\n|move|p1a: Gholdengo|Hex|p2a: Manaphy\n|-damage|p2a: Manaphy|0 fnt\n|faint|p2a: Manaphy\n|\n|-weather|none\n|-heal|p1a: Gholdengo|58\/100|[from] item: Leftovers\n|upkeep\n|\n|t:|1699735899\n|switch|p2a: Blissey|Blissey, F|69\/100\n|-damage|p2a: Blissey|56\/100|[from] Stealth Rock\n|turn|39\n|c|\u2606TheFlo1990|Gg\n|\n|t:|1699735909\n|move|p1a: Gholdengo|Thunder Wave|p2a: Blissey\n|-status|p2a: Blissey|par\n|cant|p2a: Blissey|par\n|\n|-heal|p1a: Gholdengo|65\/100|[from] item: Leftovers\n|upkeep\n|turn|40\n|\n|t:|1699735917\n|move|p1a: Gholdengo|Confuse Ray|p2a: Blissey\n|-start|p2a: Blissey|confusion\n|-activate|p2a: Blissey|confusion\n|-damage|p2a: Blissey|54\/100 par|[from] confusion\n|\n|-heal|p1a: Gholdengo|71\/100|[from] item: Leftovers\n|upkeep\n|turn|41\n|\n|t:|1699735928\n|switch|p1a: Garchomp|Garchomp, M|40\/100\n|-damage|p1a: Garchomp|34\/100|[from] Stealth Rock\n|-activate|p2a: Blissey|confusion\n|move|p2a: Blissey|Soft-Boiled|p2a: Blissey\n|-heal|p2a: Blissey|100\/100 par\n|\n|-heal|p1a: Garchomp|40\/100|[from] item: Leftovers\n|upkeep\n|turn|42\n|\n|t:|1699735942\n|move|p1a: Garchomp|Earthquake|p2a: Blissey\n|-damage|p2a: Blissey|10\/100 par\n|-activate|p2a: Blissey|confusion\n|move|p2a: Blissey|Seismic Toss|p1a: Garchomp\n|-damage|p1a: Garchomp|17\/100\n|-damage|p2a: Blissey|0 fnt|[from] ability: Rough Skin|[of] p1a: Garchomp\n|faint|p2a: Blissey\n|\n|win|Dennis wa\n|l|\u2606TheFlo1990\n|c|\u2606Dennis wa|Nice gg\n|l|\u2606Dennis wa\n|j|\u2606TheFlo1990\n|player|p2|TheFlo1990|170\n","uploadtime":1699735967,"views":52,"p1id":"denniswa","p2id":"theflo1990","formatid":"gen9ou","rating":0,"private":0,"password":""}