{"id":"gen9ou-1999813351","p1":"QueenEmznemz","p2":"PurpleBuddyGuy","format":"[Gen 9] OU","log":"|j|\u2606QueenEmznemz\n|j|\u2606PurpleBuddyGuy\n|t:|1701119090\n|gametype|singles\n|player|p1|QueenEmznemz|lady|1108\n|player|p2|PurpleBuddyGuy|alder|1060\n|teamsize|p1|6\n|teamsize|p2|6\n|gen|9\n|tier|[Gen 9] OU\n|rated|\n|rule|Sleep Clause Mod: Limit one foe put to sleep\n|rule|Species Clause: Limit one of each Pok\u00e9mon\n|rule|OHKO Clause: OHKO moves are banned\n|rule|Evasion Items Clause: Evasion items are banned\n|rule|Evasion Moves Clause: Evasion moves are banned\n|rule|Endless Battle Clause: Forcing endless battles is banned\n|rule|HP Percentage Mod: HP is shown in percentages\n|clearpoke\n|poke|p1|Torkoal, F|\n|poke|p1|Scovillain, F|\n|poke|p1|Pelipper, F|\n|poke|p1|Drednaw, M|\n|poke|p1|Tyranitar, M|\n|poke|p1|Lycanroc, M|\n|poke|p2|Orthworm, M|\n|poke|p2|Great Tusk|\n|poke|p2|Iron Hands|\n|poke|p2|Ceruledge, M|\n|poke|p2|Toxapex, M|\n|poke|p2|Hydreigon, F|\n|teampreview\n|\n|t:|1701119105\n|start\n|switch|p1a: turt|Torkoal, F|100\/100\n|switch|p2a: Iron Hands|Iron Hands|100\/100\n|-weather|SunnyDay|[from] ability: Drought|[of] p1a: turt\n|turn|1\n|\n|t:|1701119119\n|move|p2a: Iron Hands|Swords Dance|p2a: Iron Hands\n|-boost|p2a: Iron Hands|atk|2\n|move|p1a: turt|Stealth Rock|p2a: Iron Hands\n|-sidestart|p2: PurpleBuddyGuy|move: Stealth Rock\n|\n|-weather|SunnyDay|[upkeep]\n|upkeep\n|turn|2\n|\n|t:|1701119133\n|move|p2a: Iron Hands|Swords Dance|p2a: Iron Hands\n|-boost|p2a: Iron Hands|atk|2\n|move|p1a: turt|Eruption|p2a: Iron Hands\n|-damage|p2a: Iron Hands|46\/100\n|\n|-weather|SunnyDay|[upkeep]\n|upkeep\n|turn|3\n|\n|t:|1701119142\n|move|p2a: Iron Hands|Drain Punch|p1a: turt\n|-damage|p1a: turt|0 fnt\n|-heal|p2a: Iron Hands|84\/100|[from] drain|[of] p1a: turt\n|faint|p1a: turt\n|\n|-weather|SunnyDay|[upkeep]\n|upkeep\n|\n|t:|1701119152\n|switch|p1a: peeper|Scovillain, F|100\/100\n|turn|4\n|\n|t:|1701119179\n|move|p1a: peeper|Fire Blast|p2a: Iron Hands\n|-damage|p2a: Iron Hands|17\/100\n|move|p2a: Iron Hands|Swords Dance|p2a: Iron Hands\n|-boost|p2a: Iron Hands|atk|2\n|\n|-weather|SunnyDay|[upkeep]\n|upkeep\n|turn|5\n|\n|t:|1701119188\n|move|p1a: peeper|Flamethrower|p2a: Iron Hands\n|-damage|p2a: Iron Hands|0 fnt\n|faint|p2a: Iron Hands\n|-end|p2a: Iron Hands|Quark Drive|[silent]\n|\n|-weather|SunnyDay|[upkeep]\n|upkeep\n|\n|t:|1701119190\n|switch|p2a: Great Tusk|Great Tusk|100\/100\n|-damage|p2a: Great Tusk|98\/100|[from] Stealth Rock\n|-activate|p2a: Great Tusk|ability: Protosynthesis\n|-start|p2a: Great Tusk|protosynthesisatk\n|turn|6\n|\n|t:|1701119204\n|move|p1a: peeper|Solar Beam||[still]\n|-prepare|p1a: peeper|Solar Beam\n|-anim|p1a: peeper|Solar Beam|p2a: Great Tusk\n|-supereffective|p2a: Great Tusk\n|-damage|p2a: Great Tusk|6\/100\n|move|p2a: Great Tusk|Headlong Rush|p1a: peeper\n|-enditem|p1a: peeper|Focus Sash\n|-damage|p1a: peeper|1\/100\n|-unboost|p2a: Great Tusk|def|1\n|-unboost|p2a: Great Tusk|spd|1\n|\n|-weather|SunnyDay|[upkeep]\n|upkeep\n|turn|7\n|\n|t:|1701119219\n|-end|p2a: Great Tusk|Protosynthesis|[silent]\n|switch|p2a: Hydreigon|Hydreigon, F|100\/100\n|-damage|p2a: Hydreigon|88\/100|[from] Stealth Rock\n|move|p1a: peeper|Solar Beam||[still]\n|-prepare|p1a: peeper|Solar Beam\n|-anim|p1a: peeper|Solar Beam|p2a: Hydreigon\n|-resisted|p2a: Hydreigon\n|-damage|p2a: Hydreigon|51\/100\n|\n|-weather|SunnyDay|[upkeep]\n|-heal|p2a: Hydreigon|57\/100|[from] item: Leftovers\n|upkeep\n|turn|8\n|\n|t:|1701119233\n|move|p1a: peeper|Fire Blast|p2a: Hydreigon\n|-resisted|p2a: Hydreigon\n|-damage|p2a: Hydreigon|10\/100\n|move|p2a: Hydreigon|Dark Pulse|p1a: peeper\n|-damage|p1a: peeper|0 fnt\n|faint|p1a: peeper\n|\n|-weather|none\n|-heal|p2a: Hydreigon|16\/100|[from] item: Leftovers\n|upkeep\n|\n|t:|1701119247\n|switch|p1a: birb|Pelipper, F|100\/100\n|-weather|RainDance|[from] ability: Drizzle|[of] p1a: birb\n|turn|9\n|\n|t:|1701119258\n|move|p2a: Hydreigon|Draco Meteor|p1a: birb\n|-damage|p1a: birb|37\/100\n|-unboost|p2a: Hydreigon|spa|2\n|move|p1a: birb|Tailwind|p1a: birb\n|-sidestart|p1: QueenEmznemz|move: Tailwind\n|\n|-weather|RainDance|[upkeep]\n|-heal|p2a: Hydreigon|22\/100|[from] item: Leftovers\n|upkeep\n|turn|10\n|\n|t:|1701119277\n|switch|p2a: Toxapex|Toxapex, M|100\/100\n|-damage|p2a: Toxapex|88\/100|[from] Stealth Rock\n|move|p1a: birb|Hurricane|p2a: Toxapex\n|-damage|p2a: Toxapex|61\/100\n|\n|-weather|RainDance|[upkeep]\n|upkeep\n|turn|11\n|\n|t:|1701119304\n|move|p1a: birb|Hurricane|p2a: Toxapex\n|-damage|p2a: Toxapex|34\/100\n|move|p2a: Toxapex|Toxic|p1a: birb\n|-status|p1a: birb|tox\n|\n|-weather|RainDance|[upkeep]\n|-damage|p1a: birb|30\/100 tox|[from] psn\n|upkeep\n|turn|12\n|\n|t:|1701119319\n|move|p1a: birb|Hurricane|p2a: Toxapex\n|-damage|p2a: Toxapex|6\/100\n|move|p2a: Toxapex|Recover|p2a: Toxapex\n|-heal|p2a: Toxapex|56\/100\n|\n|-weather|RainDance|[upkeep]\n|-damage|p1a: birb|18\/100 tox|[from] psn\n|-sideend|p1: QueenEmznemz|move: Tailwind\n|upkeep\n|turn|13\n|\n|t:|1701119329\n|move|p1a: birb|Hurricane|p2a: Toxapex\n|-damage|p2a: Toxapex|27\/100\n|move|p2a: Toxapex|Recover|p2a: Toxapex\n|-heal|p2a: Toxapex|77\/100\n|\n|-weather|RainDance|[upkeep]\n|-damage|p1a: birb|0 fnt|[from] psn\n|faint|p1a: birb\n|upkeep\n|\n|t:|1701119339\n|switch|p1a: big turt|Drednaw, M|100\/100\n|turn|14\n|\n|t:|1701119345\n|move|p1a: big turt|Earthquake|p2a: Toxapex\n|-supereffective|p2a: Toxapex\n|-damage|p2a: Toxapex|22\/100\n|-damage|p1a: big turt|91\/100|[from] item: Life Orb\n|move|p2a: Toxapex|Toxic|p1a: big turt\n|-status|p1a: big turt|tox\n|\n|-weather|RainDance|[upkeep]\n|-damage|p1a: big turt|84\/100 tox|[from] psn\n|upkeep\n|turn|15\n|\n|t:|1701119360\n|move|p1a: big turt|Earthquake|p2a: Toxapex\n|-supereffective|p2a: Toxapex\n|-damage|p2a: Toxapex|0 fnt\n|faint|p2a: Toxapex\n|-damage|p1a: big turt|74\/100 tox|[from] item: Life Orb\n|\n|-weather|RainDance|[upkeep]\n|-damage|p1a: big turt|62\/100 tox|[from] psn\n|upkeep\n|\n|t:|1701119365\n|switch|p2a: Great Tusk|Great Tusk|6\/100\n|-damage|p2a: Great Tusk|3\/100|[from] Stealth Rock\n|turn|16\n|\n|t:|1701119372\n|move|p1a: big turt|Liquidation|p2a: Great Tusk\n|-supereffective|p2a: Great Tusk\n|-damage|p2a: Great Tusk|0 fnt\n|faint|p2a: Great Tusk\n|-end|p2a: Great Tusk|Protosynthesis|[silent]\n|-damage|p1a: big turt|52\/100 tox|[from] item: Life Orb\n|\n|-weather|none\n|-damage|p1a: big turt|33\/100 tox|[from] psn\n|upkeep\n|\n|t:|1701119380\n|switch|p2a: Hydreigon|Hydreigon, F|22\/100\n|-damage|p2a: Hydreigon|10\/100|[from] Stealth Rock\n|turn|17\n|\n|t:|1701119385\n|move|p2a: Hydreigon|Dark Pulse|p1a: big turt\n|-damage|p1a: big turt|0 fnt\n|faint|p1a: big turt\n|\n|-heal|p2a: Hydreigon|16\/100|[from] item: Leftovers\n|upkeep\n|\n|t:|1701119393\n|switch|p1a: dino|Tyranitar, M|100\/100\n|-weather|Sandstorm|[from] ability: Sand Stream|[of] p1a: dino\n|turn|18\n|\n|t:|1701119400\n|move|p2a: Hydreigon|Draco Meteor|p1a: dino\n|-damage|p1a: dino|71\/100\n|-unboost|p2a: Hydreigon|spa|2\n|move|p1a: dino|Stone Edge|p2a: Hydreigon\n|-damage|p2a: Hydreigon|0 fnt\n|faint|p2a: Hydreigon\n|\n|-weather|Sandstorm|[upkeep]\n|upkeep\n|\n|t:|1701119405\n|switch|p2a: earthworm|Orthworm, M|100\/100\n|-damage|p2a: earthworm|94\/100|[from] Stealth Rock\n|turn|19\n|\n|t:|1701119417\n|move|p2a: earthworm|Coil|p2a: earthworm\n|-boost|p2a: earthworm|atk|1\n|-boost|p2a: earthworm|def|1\n|-boost|p2a: earthworm|accuracy|1\n|move|p1a: dino|Thunder Wave|p2a: earthworm|[miss]\n|-miss|p1a: dino|p2a: earthworm\n|\n|-weather|Sandstorm|[upkeep]\n|-heal|p2a: earthworm|100\/100|[from] item: Leftovers\n|upkeep\n|turn|20\n|\n|t:|1701119427\n|move|p2a: earthworm|Coil|p2a: earthworm\n|-boost|p2a: earthworm|atk|1\n|-boost|p2a: earthworm|def|1\n|-boost|p2a: earthworm|accuracy|1\n|move|p1a: dino|Thunder Wave|p2a: earthworm\n|-status|p2a: earthworm|par\n|\n|-weather|Sandstorm|[upkeep]\n|upkeep\n|turn|21\n|\n|t:|1701119438\n|move|p1a: dino|Stone Edge|p2a: earthworm\n|-resisted|p2a: earthworm\n|-damage|p2a: earthworm|93\/100 par\n|move|p2a: earthworm|Body Press|p1a: dino\n|-supereffective|p1a: dino\n|-damage|p1a: dino|0 fnt\n|faint|p1a: dino\n|\n|-weather|Sandstorm|[upkeep]\n|-heal|p2a: earthworm|99\/100 par|[from] item: Leftovers\n|upkeep\n|\n|t:|1701119449\n|switch|p1a: Lycanroc|Lycanroc, M|100\/100\n|turn|22\n|\n|t:|1701119466\n|-terastallize|p1a: Lycanroc|Fighting\n|move|p1a: Lycanroc|Crunch|p2a: earthworm\n|-damage|p2a: earthworm|83\/100 par\n|move|p2a: earthworm|Body Press|p1a: Lycanroc\n|-damage|p1a: Lycanroc|18\/100\n|\n|-weather|Sandstorm|[upkeep]\n|-heal|p2a: earthworm|89\/100 par|[from] item: Leftovers\n|upkeep\n|turn|23\n|\n|t:|1701119477\n|move|p1a: Lycanroc|Crunch|p2a: earthworm\n|-damage|p2a: earthworm|73\/100 par\n|-unboost|p2a: earthworm|def|1\n|move|p2a: earthworm|Body Press|p1a: Lycanroc\n|-damage|p1a: Lycanroc|0 fnt\n|faint|p1a: Lycanroc\n|\n|win|PurpleBuddyGuy\n|raw|QueenEmznemz's rating: 1108 &rarr; <strong>1080<\/strong><br \/>(-28 for losing)\n|raw|PurpleBuddyGuy's rating: 1060 &rarr; <strong>1095<\/strong><br \/>(+35 for winning)\n","uploadtime":1701119482,"views":4,"p1id":"queenemznemz","p2id":"purplebuddyguy","formatid":"gen9ou","rating":1080,"private":0,"password":""}