{"id":"gen9ou-1989503615","p1":"gotvelvet","p2":"Zarross","format":"[Gen 9] OU","log":"|j|\u2606gotvelvet\n|j|\u2606Zarross\n|t:|1699861842\n|gametype|singles\n|player|p1|gotvelvet|beauty-gen2jp|1470\n|player|p2|Zarross|saturn|1475\n|teamsize|p1|6\n|teamsize|p2|6\n|gen|9\n|tier|[Gen 9] OU\n|rated|\n|rule|Sleep Clause Mod: Limit one foe put to sleep\n|rule|Species Clause: Limit one of each Pok\u00e9mon\n|rule|OHKO Clause: OHKO moves are banned\n|rule|Evasion Items Clause: Evasion items are banned\n|rule|Evasion Moves Clause: Evasion moves are banned\n|rule|Endless Battle Clause: Forcing endless battles is banned\n|rule|HP Percentage Mod: HP is shown in percentages\n|clearpoke\n|poke|p1|Rillaboom, M|\n|poke|p1|Ogerpon-Wellspring, F|\n|poke|p1|Heatran, M|\n|poke|p1|Clefable, F|\n|poke|p1|Corviknight, F|\n|poke|p1|Great Tusk|\n|poke|p2|Clefable, F|\n|poke|p2|Alomomola, M|\n|poke|p2|Blissey, F|\n|poke|p2|Clodsire, F|\n|poke|p2|Dondozo, M|\n|poke|p2|Amoonguss, M|\n|teampreview\n|inactive|Battle timer is ON: inactive players will automatically lose when time's up. (requested by Zarross)\n|inactive|gotvelvet also wants the timer to be on.\n|\n|t:|1699861865\n|start\n|switch|p1a: Heatran|Heatran, M|100\/100\n|switch|p2a: Clefable|Clefable, F|100\/100\n|turn|1\n|\n|t:|1699861869\n|switch|p2a: Alomomola|Alomomola, M|100\/100\n|move|p1a: Heatran|Magma Storm|p2a: Alomomola\n|-resisted|p2a: Alomomola\n|-damage|p2a: Alomomola|74\/100\n|-activate|p2a: Alomomola|move: Magma Storm|[of] p1a: Heatran\n|\n|-damage|p2a: Alomomola|61\/100|[from] move: Magma Storm|[partiallytrapped]\n|upkeep\n|turn|2\n|\n|t:|1699861876\n|move|p1a: Heatran|Will-O-Wisp|p2a: Alomomola\n|-status|p2a: Alomomola|brn\n|move|p2a: Alomomola|Flip Turn|p1a: Heatran\n|-supereffective|p1a: Heatran\n|-damage|p1a: Heatran|88\/100\n|\n|t:|1699861883\n|switch|p2a: Clodsire|Clodsire, F|100\/100|[from] Flip Turn\n|\n|-heal|p1a: Heatran|94\/100|[from] item: Leftovers\n|upkeep\n|turn|3\n|\n|t:|1699861889\n|switch|p1a: Great Tusk|Great Tusk|100\/100\n|move|p2a: Clodsire|Spikes|p1a: Great Tusk\n|-sidestart|p1: gotvelvet|Spikes\n|\n|upkeep\n|turn|4\n|\n|t:|1699861899\n|switch|p2a: Amoonguss|Amoonguss, M|100\/100\n|move|p1a: Great Tusk|Stealth Rock|p2a: Amoonguss\n|-sidestart|p2: Zarross|move: Stealth Rock\n|\n|upkeep\n|turn|5\n|\n|t:|1699861911\n|move|p1a: Great Tusk|Rapid Spin|p2a: Amoonguss\n|-damage|p2a: Amoonguss|89\/100\n|-boost|p1a: Great Tusk|spe|1\n|-sideend|p1: gotvelvet|Spikes|[from] move: Rapid Spin|[of] p1a: Great Tusk\n|move|p2a: Amoonguss|Giga Drain|p1a: Great Tusk\n|-supereffective|p1a: Great Tusk\n|-damage|p1a: Great Tusk|44\/100\n|-heal|p2a: Amoonguss|100\/100|[from] drain|[of] p1a: Great Tusk\n|\n|upkeep\n|turn|6\n|\n|t:|1699861920\n|-end|p1a: Great Tusk|Protosynthesis|[silent]\n|switch|p1a: Corviknight|Corviknight, F|100\/100\n|-ability|p1a: Corviknight|Pressure\n|move|p2a: Amoonguss|Clear Smog|p1a: Corviknight\n|-immune|p1a: Corviknight\n|\n|upkeep\n|turn|7\n|\n|t:|1699861926\n|switch|p2a: Alomomola|Alomomola, M|95\/100 brn\n|move|p1a: Corviknight|U-turn|p2a: Alomomola\n|-damage|p2a: Alomomola|87\/100 brn\n|\n|t:|1699861931\n|switch|p1a: Ogerpon|Ogerpon-Wellspring, F|100\/100|[from] U-turn\n|\n|-damage|p2a: Alomomola|81\/100 brn|[from] brn\n|upkeep\n|turn|8\n|\n|t:|1699861943\n|switch|p1a: Heatran|Heatran, M|94\/100\n|switch|p2a: Amoonguss|Amoonguss, M|100\/100\n|\n|-heal|p1a: Heatran|99\/100|[from] item: Leftovers\n|upkeep\n|turn|9\n|\n|t:|1699861949\n|switch|p1a: Ogerpon|Ogerpon-Wellspring, F|100\/100\n|switch|p2a: Clodsire|Clodsire, F|100\/100\n|\n|upkeep\n|turn|10\n|\n|t:|1699861959\n|switch|p1a: Corviknight|Corviknight, F|100\/100\n|-ability|p1a: Corviknight|Pressure\n|switch|p2a: Amoonguss|Amoonguss, M|100\/100\n|\n|upkeep\n|turn|11\n|\n|t:|1699861966\n|move|p1a: Corviknight|Brave Bird|p2a: Amoonguss\n|-supereffective|p2a: Amoonguss\n|-damage|p2a: Amoonguss|50\/100\n|-damage|p1a: Corviknight|83\/100|[from] Recoil\n|move|p2a: Amoonguss|Giga Drain|p1a: Corviknight\n|-resisted|p1a: Corviknight\n|-damage|p1a: Corviknight|77\/100\n|-heal|p2a: Amoonguss|53\/100|[from] drain|[of] p1a: Corviknight\n|\n|-heal|p1a: Corviknight|83\/100|[from] item: Leftovers\n|upkeep\n|turn|12\n|\n|t:|1699861974\n|switch|p2a: Alomomola|Alomomola, M|100\/100 brn\n|move|p1a: Corviknight|U-turn|p2a: Alomomola\n|-damage|p2a: Alomomola|92\/100 brn\n|\n|t:|1699861980\n|switch|p1a: Clefable|Clefable, F|100\/100|[from] U-turn\n|\n|-damage|p2a: Alomomola|86\/100 brn|[from] brn\n|upkeep\n|turn|13\n|\n|t:|1699861987\n|switch|p1a: Ogerpon|Ogerpon-Wellspring, F|100\/100\n|move|p2a: Alomomola|Wish|p2a: Alomomola\n|\n|-damage|p2a: Alomomola|80\/100 brn|[from] brn\n|upkeep\n|turn|14\n|\n|t:|1699861991\n|switch|p1a: Heatran|Heatran, M|99\/100\n|switch|p2a: Amoonguss|Amoonguss, M|86\/100\n|\n|-heal|p2a: Amoonguss|100\/100|[from] move: Wish|[wisher] Alomomola\n|-heal|p1a: Heatran|100\/100|[from] item: Leftovers\n|upkeep\n|turn|15\n|\n|t:|1699861996\n|switch|p1a: Corviknight|Corviknight, F|83\/100\n|-ability|p1a: Corviknight|Pressure\n|move|p2a: Amoonguss|Spore|p1a: Corviknight\n|-status|p1a: Corviknight|slp|[from] move: Spore\n|\n|-heal|p1a: Corviknight|89\/100 slp|[from] item: Leftovers\n|upkeep\n|turn|16\n|\n|t:|1699862001\n|switch|p1a: Ogerpon|Ogerpon-Wellspring, F|100\/100\n|switch|p2a: Clodsire|Clodsire, F|100\/100\n|\n|upkeep\n|turn|17\n|\n|t:|1699862012\n|switch|p1a: Heatran|Heatran, M|100\/100\n|switch|p2a: Amoonguss|Amoonguss, M|100\/100\n|\n|upkeep\n|turn|18\n|\n|t:|1699862021\n|switch|p2a: Clodsire|Clodsire, F|100\/100\n|move|p1a: Heatran|Taunt|p2a: Clodsire\n|-start|p2a: Clodsire|move: Taunt\n|\n|upkeep\n|turn|19\n|\n|t:|1699862027\n|switch|p1a: Corviknight|Corviknight, F|89\/100 slp\n|-ability|p1a: Corviknight|Pressure\n|move|p2a: Clodsire|Poison Jab|p1a: Corviknight\n|-immune|p1a: Corviknight\n|\n|-heal|p1a: Corviknight|95\/100 slp|[from] item: Leftovers\n|upkeep\n|turn|20\n|\n|t:|1699862037\n|switch|p2a: Blissey|Blissey, F|100\/100\n|cant|p1a: Corviknight|slp\n|\n|-heal|p1a: Corviknight|100\/100 slp|[from] item: Leftovers\n|upkeep\n|turn|21\n|\n|t:|1699862039\n|move|p2a: Blissey|Stealth Rock|p1a: Corviknight\n|-sidestart|p1: gotvelvet|move: Stealth Rock\n|cant|p1a: Corviknight|slp\n|\n|upkeep\n|turn|22\n|\n|t:|1699862047\n|switch|p2a: Alomomola|Alomomola, M|100\/100 brn\n|-curestatus|p1a: Corviknight|slp|[msg]\n|move|p1a: Corviknight|U-turn|p2a: Alomomola\n|-damage|p2a: Alomomola|93\/100 brn\n|\n|t:|1699862050\n|switch|p1a: Rillaboom|Rillaboom, M|100\/100|[from] U-turn\n|-damage|p1a: Rillaboom|88\/100|[from] Stealth Rock\n|-fieldstart|move: Grassy Terrain|[from] ability: Grassy Surge|[of] p1a: Rillaboom\n|\n|-heal|p1a: Rillaboom|94\/100|[from] Grassy Terrain\n|-heal|p2a: Alomomola|99\/100 brn|[from] Grassy Terrain\n|-damage|p2a: Alomomola|93\/100 brn|[from] brn\n|upkeep\n|turn|23\n|\n|t:|1699862058\n|move|p2a: Alomomola|Protect|p2a: Alomomola\n|-singleturn|p2a: Alomomola|Protect\n|move|p1a: Rillaboom|Knock Off|p2a: Alomomola\n|-activate|p2a: Alomomola|move: Protect\n|\n|-heal|p1a: Rillaboom|100\/100|[from] Grassy Terrain\n|-heal|p2a: Alomomola|99\/100 brn|[from] Grassy Terrain\n|-damage|p2a: Alomomola|93\/100 brn|[from] brn\n|upkeep\n|turn|24\n|\n|t:|1699862068\n|switch|p1a: Ogerpon|Ogerpon-Wellspring, F|100\/100\n|-damage|p1a: Ogerpon|88\/100|[from] Stealth Rock\n|switch|p2a: Clefable|Clefable, F|100\/100\n|\n|-heal|p1a: Ogerpon|94\/100|[from] Grassy Terrain\n|upkeep\n|turn|25\n|\n|t:|1699862080\n|switch|p1a: Corviknight|Corviknight, F|100\/100\n|-damage|p1a: Corviknight|88\/100|[from] Stealth Rock\n|-ability|p1a: Corviknight|Pressure\n|switch|p2a: Amoonguss|Amoonguss, M|100\/100\n|\n|-heal|p1a: Corviknight|94\/100|[from] item: Leftovers\n|upkeep\n|turn|26\n|\n|t:|1699862084\n|move|p1a: Corviknight|Brave Bird|p2a: Amoonguss\n|-supereffective|p2a: Amoonguss\n|-damage|p2a: Amoonguss|46\/100\n|-damage|p1a: Corviknight|75\/100|[from] Recoil\n|move|p2a: Amoonguss|Spore|p1a: Corviknight\n|-status|p1a: Corviknight|slp|[from] move: Spore\n|\n|-heal|p1a: Corviknight|81\/100 slp|[from] item: Leftovers\n|-heal|p2a: Amoonguss|52\/100|[from] Grassy Terrain\n|-fieldend|move: Grassy Terrain\n|upkeep\n|turn|27\n|\n|t:|1699862096\n|cant|p1a: Corviknight|slp\n|move|p2a: Amoonguss|Giga Drain|p1a: Corviknight\n|-resisted|p1a: Corviknight\n|-damage|p1a: Corviknight|75\/100 slp\n|-heal|p2a: Amoonguss|55\/100|[from] drain|[of] p1a: Corviknight\n|\n|-heal|p1a: Corviknight|81\/100 slp|[from] item: Leftovers\n|upkeep\n|turn|28\n|\n|t:|1699862102\n|switch|p1a: Rillaboom|Rillaboom, M|100\/100\n|-damage|p1a: Rillaboom|88\/100|[from] Stealth Rock\n|-fieldstart|move: Grassy Terrain|[from] ability: Grassy Surge|[of] p1a: Rillaboom\n|switch|p2a: Alomomola|Alomomola, M|100\/100 brn\n|\n|-heal|p1a: Rillaboom|94\/100|[from] Grassy Terrain\n|-damage|p2a: Alomomola|94\/100 brn|[from] brn\n|upkeep\n|turn|29\n|\n|t:|1699862107\n|move|p2a: Alomomola|Protect|p2a: Alomomola\n|-singleturn|p2a: Alomomola|Protect\n|move|p1a: Rillaboom|Wood Hammer|p2a: Alomomola\n|-activate|p2a: Alomomola|move: Protect\n|\n|-heal|p1a: Rillaboom|100\/100|[from] Grassy Terrain\n|-heal|p2a: Alomomola|100\/100 brn|[from] Grassy Terrain\n|-damage|p2a: Alomomola|94\/100 brn|[from] brn\n|upkeep\n|turn|30\n|\n|t:|1699862119\n|switch|p1a: Great Tusk|Great Tusk|44\/100\n|-damage|p1a: Great Tusk|41\/100|[from] Stealth Rock\n|switch|p2a: Amoonguss|Amoonguss, M|88\/100\n|\n|-heal|p1a: Great Tusk|47\/100|[from] Grassy Terrain\n|-heal|p2a: Amoonguss|94\/100|[from] Grassy Terrain\n|upkeep\n|turn|31\n|\n|t:|1699862127\n|-end|p1a: Great Tusk|Protosynthesis|[silent]\n|switch|p1a: Corviknight|Corviknight, F|81\/100 slp\n|-damage|p1a: Corviknight|69\/100 slp|[from] Stealth Rock\n|-ability|p1a: Corviknight|Pressure\n|move|p2a: Amoonguss|Giga Drain|p1a: Corviknight\n|-resisted|p1a: Corviknight\n|-damage|p1a: Corviknight|62\/100 slp\n|-heal|p2a: Amoonguss|97\/100|[from] drain|[of] p1a: Corviknight\n|\n|-heal|p1a: Corviknight|68\/100 slp|[from] item: Leftovers\n|-heal|p2a: Amoonguss|100\/100|[from] Grassy Terrain\n|upkeep\n|turn|32\n|\n|t:|1699862137\n|switch|p2a: Clefable|Clefable, F|100\/100\n|cant|p1a: Corviknight|slp\n|\n|-heal|p1a: Corviknight|74\/100 slp|[from] item: Leftovers\n|-fieldend|move: Grassy Terrain\n|upkeep\n|turn|33\n|\n|t:|1699862142\n|move|p2a: Clefable|Knock Off|p1a: Corviknight\n|-damage|p1a: Corviknight|64\/100 slp\n|-enditem|p1a: Corviknight|Leftovers|[from] move: Knock Off|[of] p2a: Clefable\n|cant|p1a: Corviknight|slp\n|\n|upkeep\n|turn|34\n|\n|t:|1699862157\n|switch|p2a: Alomomola|Alomomola, M|100\/100 brn\n|-curestatus|p1a: Corviknight|slp|[msg]\n|move|p1a: Corviknight|Roost|p1a: Corviknight\n|-heal|p1a: Corviknight|100\/100\n|-singleturn|p1a: Corviknight|move: Roost\n|\n|-damage|p2a: Alomomola|94\/100 brn|[from] brn\n|upkeep\n|turn|35\n|\n|t:|1699862162\n|switch|p1a: Ogerpon|Ogerpon-Wellspring, F|94\/100\n|-damage|p1a: Ogerpon|82\/100|[from] Stealth Rock\n|move|p2a: Alomomola|Wish|p2a: Alomomola\n|\n|-damage|p2a: Alomomola|88\/100 brn|[from] brn\n|upkeep\n|turn|36\n|\n|t:|1699862175\n|switch|p1a: Rillaboom|Rillaboom, M|100\/100\n|-damage|p1a: Rillaboom|88\/100|[from] Stealth Rock\n|-fieldstart|move: Grassy Terrain|[from] ability: Grassy Surge|[of] p1a: Rillaboom\n|switch|p2a: Amoonguss|Amoonguss, M|100\/100\n|\n|-heal|p1a: Rillaboom|94\/100|[from] Grassy Terrain\n|upkeep\n|turn|37\n|\n|t:|1699862185\n|move|p1a: Rillaboom|U-turn|p2a: Amoonguss\n|-damage|p2a: Amoonguss|72\/100\n|\n|t:|1699862196\n|switch|p1a: Corviknight|Corviknight, F|100\/100|[from] U-turn\n|-damage|p1a: Corviknight|88\/100|[from] Stealth Rock\n|-ability|p1a: Corviknight|Pressure\n|move|p2a: Amoonguss|Clear Smog|p1a: Corviknight\n|-immune|p1a: Corviknight\n|\n|-heal|p2a: Amoonguss|78\/100|[from] Grassy Terrain\n|upkeep\n|turn|38\n|\n|t:|1699862205\n|switch|p2a: Alomomola|Alomomola, M|100\/100 brn\n|move|p1a: Corviknight|Brave Bird|p2a: Alomomola\n|-damage|p2a: Alomomola|80\/100 brn\n|-damage|p1a: Corviknight|79\/100|[from] Recoil\n|\n|-heal|p2a: Alomomola|86\/100 brn|[from] Grassy Terrain\n|-damage|p2a: Alomomola|80\/100 brn|[from] brn\n|upkeep\n|turn|39\n|\n|t:|1699862212\n|switch|p1a: Ogerpon|Ogerpon-Wellspring, F|82\/100\n|-damage|p1a: Ogerpon|70\/100|[from] Stealth Rock\n|move|p2a: Alomomola|Flip Turn|p1a: Ogerpon\n|-heal|p1a: Ogerpon|95\/100|[from] ability: Water Absorb|[of] p2a: Alomomola\n|\n|-heal|p1a: Ogerpon|100\/100|[from] Grassy Terrain\n|-heal|p2a: Alomomola|86\/100 brn|[from] Grassy Terrain\n|-damage|p2a: Alomomola|80\/100 brn|[from] brn\n|upkeep\n|turn|40\n|\n|t:|1699862217\n|switch|p2a: Amoonguss|Amoonguss, M|100\/100\n|move|p1a: Ogerpon|Swords Dance|p1a: Ogerpon\n|-boost|p1a: Ogerpon|atk|2\n|\n|-fieldend|move: Grassy Terrain\n|upkeep\n|turn|41\n|\n|t:|1699862241\n|switch|p1a: Clefable|Clefable, F|100\/100\n|move|p2a: Amoonguss|Clear Smog|p1a: Clefable\n|-supereffective|p1a: Clefable\n|-damage|p1a: Clefable|70\/100\n|-clearboost|p1a: Clefable\n|\n|-heal|p1a: Clefable|76\/100|[from] item: Leftovers\n|upkeep\n|turn|42\n|\n|t:|1699862249\n|switch|p1a: Corviknight|Corviknight, F|79\/100\n|-damage|p1a: Corviknight|67\/100|[from] Stealth Rock\n|-ability|p1a: Corviknight|Pressure\n|move|p2a: Amoonguss|Spore|p1a: Corviknight\n|-status|p1a: Corviknight|slp|[from] move: Spore\n|\n|upkeep\n|turn|43\n|\n|t:|1699862262\n|switch|p1a: Rillaboom|Rillaboom, M|94\/100\n|-damage|p1a: Rillaboom|82\/100|[from] Stealth Rock\n|-fieldstart|move: Grassy Terrain|[from] ability: Grassy Surge|[of] p1a: Rillaboom\n|move|p2a: Amoonguss|Foul Play|p1a: Rillaboom\n|-damage|p1a: Rillaboom|42\/100\n|\n|-heal|p1a: Rillaboom|48\/100|[from] Grassy Terrain\n|upkeep\n|turn|44\n|\n|t:|1699862272\n|move|p1a: Rillaboom|U-turn|p2a: Amoonguss\n|-damage|p2a: Amoonguss|74\/100\n|\n|t:|1699862274\n|switch|p1a: Heatran|Heatran, M|100\/100|[from] U-turn\n|-damage|p1a: Heatran|88\/100|[from] Stealth Rock\n|move|p2a: Amoonguss|Foul Play|p1a: Heatran\n|-damage|p1a: Heatran|74\/100\n|\n|-heal|p1a: Heatran|80\/100|[from] Grassy Terrain\n|-heal|p1a: Heatran|86\/100|[from] item: Leftovers\n|-heal|p2a: Amoonguss|80\/100|[from] Grassy Terrain\n|upkeep\n|turn|45\n|\n|t:|1699862284\n|switch|p2a: Clefable|Clefable, F|100\/100\n|move|p1a: Heatran|Earth Power|p2a: Clefable\n|-damage|p2a: Clefable|77\/100\n|\n|-heal|p1a: Heatran|92\/100|[from] Grassy Terrain\n|-heal|p1a: Heatran|98\/100|[from] item: Leftovers\n|-heal|p2a: Clefable|83\/100|[from] Grassy Terrain\n|-heal|p2a: Clefable|89\/100|[from] item: Leftovers\n|upkeep\n|turn|46\n|\n|t:|1699862290\n|switch|p1a: Ogerpon|Ogerpon-Wellspring, F|100\/100\n|-damage|p1a: Ogerpon|88\/100|[from] Stealth Rock\n|move|p2a: Clefable|Knock Off|p1a: Ogerpon\n|-damage|p1a: Ogerpon|74\/100\n|\n|-heal|p1a: Ogerpon|80\/100|[from] Grassy Terrain\n|-heal|p2a: Clefable|95\/100|[from] Grassy Terrain\n|-heal|p2a: Clefable|100\/100|[from] item: Leftovers\n|upkeep\n|turn|47\n|\n|t:|1699862307\n|switch|p1a: Clefable|Clefable, F|76\/100\n|switch|p2a: Amoonguss|Amoonguss, M|100\/100\n|\n|-heal|p1a: Clefable|82\/100|[from] Grassy Terrain\n|-heal|p1a: Clefable|88\/100|[from] item: Leftovers\n|-fieldend|move: Grassy Terrain\n|upkeep\n|turn|48\n|\n|t:|1699862319\n|switch|p1a: Corviknight|Corviknight, F|67\/100 slp\n|-damage|p1a: Corviknight|55\/100 slp|[from] Stealth Rock\n|-ability|p1a: Corviknight|Pressure\n|move|p2a: Amoonguss|Clear Smog|p1a: Corviknight\n|-immune|p1a: Corviknight\n|\n|upkeep\n|turn|49\n|\n|t:|1699862323\n|cant|p1a: Corviknight|slp\n|move|p2a: Amoonguss|Foul Play|p1a: Corviknight\n|-damage|p1a: Corviknight|44\/100 slp\n|\n|upkeep\n|turn|50\n|\n|t:|1699862329\n|-curestatus|p1a: Corviknight|slp|[msg]\n|move|p1a: Corviknight|Roost|p1a: Corviknight\n|-heal|p1a: Corviknight|94\/100\n|-singleturn|p1a: Corviknight|move: Roost\n|move|p2a: Amoonguss|Foul Play|p1a: Corviknight\n|-damage|p1a: Corviknight|82\/100\n|\n|upkeep\n|turn|51\n|\n|t:|1699862335\n|move|p1a: Corviknight|Brave Bird|p2a: Amoonguss\n|-supereffective|p2a: Amoonguss\n|-damage|p2a: Amoonguss|51\/100\n|-damage|p1a: Corviknight|65\/100|[from] Recoil\n|move|p2a: Amoonguss|Spore|p1a: Corviknight\n|-status|p1a: Corviknight|slp|[from] move: Spore\n|\n|upkeep\n|turn|52\n|\n|t:|1699862344\n|switch|p1a: Clefable|Clefable, F|88\/100\n|switch|p2a: Clodsire|Clodsire, F|100\/100\n|\n|-heal|p1a: Clefable|94\/100|[from] item: Leftovers\n|upkeep\n|turn|53\n|\n|t:|1699862350\n|switch|p1a: Great Tusk|Great Tusk|47\/100\n|-damage|p1a: Great Tusk|44\/100|[from] Stealth Rock\n|move|p2a: Clodsire|Poison Jab|p1a: Great Tusk\n|-resisted|p1a: Great Tusk\n|-damage|p1a: Great Tusk|39\/100\n|-damage|p2a: Clodsire|84\/100|[from] item: Rocky Helmet|[of] p1a: Great Tusk\n|\n|upkeep\n|turn|54\n|\n|t:|1699862359\n|switch|p2a: Amoonguss|Amoonguss, M|84\/100\n|move|p1a: Great Tusk|Headlong Rush|p2a: Amoonguss\n|-damage|p2a: Amoonguss|50\/100\n|-unboost|p1a: Great Tusk|def|1\n|-unboost|p1a: Great Tusk|spd|1\n|\n|upkeep\n|turn|55\n|\n|t:|1699862376\n|-end|p1a: Great Tusk|Protosynthesis|[silent]\n|switch|p1a: Heatran|Heatran, M|98\/100\n|-damage|p1a: Heatran|86\/100|[from] Stealth Rock\n|move|p2a: Amoonguss|Giga Drain|p1a: Heatran\n|-resisted|p1a: Heatran\n|-damage|p1a: Heatran|83\/100\n|-heal|p2a: Amoonguss|52\/100|[from] drain|[of] p1a: Heatran\n|\n|-heal|p1a: Heatran|89\/100|[from] item: Leftovers\n|upkeep\n|turn|56\n|\n|t:|1699862385\n|switch|p1a: Ogerpon|Ogerpon-Wellspring, F|80\/100\n|-damage|p1a: Ogerpon|67\/100|[from] Stealth Rock\n|switch|p2a: Clodsire|Clodsire, F|84\/100\n|\n|upkeep\n|turn|57\n|\n|t:|1699862401\n|switch|p1a: Corviknight|Corviknight, F|65\/100 slp\n|-damage|p1a: Corviknight|52\/100 slp|[from] Stealth Rock\n|-ability|p1a: Corviknight|Pressure\n|switch|p2a: Amoonguss|Amoonguss, M|85\/100\n|\n|upkeep\n|turn|58\n|\n|t:|1699862408\n|switch|p2a: Alomomola|Alomomola, M|100\/100 brn\n|cant|p1a: Corviknight|slp\n|\n|-damage|p2a: Alomomola|94\/100 brn|[from] brn\n|upkeep\n|turn|59\n|\n|t:|1699862416\n|switch|p2a: Amoonguss|Amoonguss, M|100\/100\n|cant|p1a: Corviknight|slp\n|\n|upkeep\n|turn|60\n|\n|t:|1699862421\n|-curestatus|p1a: Corviknight|slp|[msg]\n|move|p1a: Corviknight|Roost|p1a: Corviknight\n|-heal|p1a: Corviknight|100\/100\n|-singleturn|p1a: Corviknight|move: Roost\n|move|p2a: Amoonguss|Spore|p1a: Corviknight\n|-status|p1a: Corviknight|slp|[from] move: Spore\n|\n|upkeep\n|turn|61\n|\n|t:|1699862428\n|switch|p2a: Clodsire|Clodsire, F|84\/100\n|cant|p1a: Corviknight|slp\n|\n|upkeep\n|turn|62\n|\n|t:|1699862435\n|switch|p1a: Great Tusk|Great Tusk|39\/100\n|-damage|p1a: Great Tusk|36\/100|[from] Stealth Rock\n|move|p2a: Clodsire|Spikes|p1a: Great Tusk\n|-sidestart|p1: gotvelvet|Spikes\n|\n|upkeep\n|turn|63\n|\n|t:|1699862442\n|switch|p2a: Amoonguss|Amoonguss, M|100\/100\n|move|p1a: Great Tusk|Rapid Spin|p2a: Amoonguss\n|-damage|p2a: Amoonguss|90\/100\n|-boost|p1a: Great Tusk|spe|1\n|-sideend|p1: gotvelvet|Spikes|[from] move: Rapid Spin|[of] p1a: Great Tusk\n|-sideend|p1: gotvelvet|Stealth Rock|[from] move: Rapid Spin|[of] p1a: Great Tusk\n|\n|upkeep\n|turn|64\n|\n|t:|1699862448\n|-end|p1a: Great Tusk|Protosynthesis|[silent]\n|switch|p1a: Heatran|Heatran, M|89\/100\n|move|p2a: Amoonguss|Foul Play|p1a: Heatran\n|-damage|p1a: Heatran|75\/100\n|\n|-heal|p1a: Heatran|81\/100|[from] item: Leftovers\n|upkeep\n|turn|65\n|\n|t:|1699862459\n|switch|p2a: Clefable|Clefable, F|100\/100\n|move|p1a: Heatran|Magma Storm|p2a: Clefable\n|-damage|p2a: Clefable|57\/100\n|-activate|p2a: Clefable|move: Magma Storm|[of] p1a: Heatran\n|\n|-heal|p1a: Heatran|87\/100|[from] item: Leftovers\n|-heal|p2a: Clefable|63\/100|[from] item: Leftovers\n|upkeep\n|turn|66\n|\n|t:|1699862465\n|move|p1a: Heatran|Earth Power|p2a: Clefable\n|-damage|p2a: Clefable|37\/100\n|move|p2a: Clefable|Wish|p2a: Clefable\n|\n|-heal|p1a: Heatran|93\/100|[from] item: Leftovers\n|-heal|p2a: Clefable|43\/100|[from] item: Leftovers\n|upkeep\n|turn|67\n|\n|t:|1699862471\n|move|p2a: Clefable|Protect|p2a: Clefable\n|-singleturn|p2a: Clefable|Protect\n|move|p1a: Heatran|Taunt|p2a: Clefable\n|-activate|p2a: Clefable|move: Protect\n|\n|-heal|p2a: Clefable|93\/100|[from] move: Wish|[wisher] Clefable\n|-heal|p1a: Heatran|99\/100|[from] item: Leftovers\n|-heal|p2a: Clefable|99\/100|[from] item: Leftovers\n|upkeep\n|turn|68\n|\n|t:|1699862476\n|move|p1a: Heatran|Taunt|p2a: Clefable\n|-start|p2a: Clefable|move: Taunt\n|move|p2a: Clefable|Knock Off|p1a: Heatran\n|-damage|p1a: Heatran|86\/100\n|-enditem|p1a: Heatran|Leftovers|[from] move: Knock Off|[of] p2a: Clefable\n|\n|-heal|p2a: Clefable|100\/100|[from] item: Leftovers\n|upkeep\n|turn|69\n|\n|t:|1699862487\n|move|p1a: Heatran|Magma Storm|p2a: Clefable\n|-damage|p2a: Clefable|58\/100\n|move|p2a: Clefable|Moonblast|p1a: Heatran\n|-resisted|p1a: Heatran\n|-damage|p1a: Heatran|80\/100\n|\n|-heal|p2a: Clefable|64\/100|[from] item: Leftovers\n|upkeep\n|turn|70\n|\n|t:|1699862496\n|move|p1a: Heatran|Earth Power|p2a: Clefable\n|-damage|p2a: Clefable|41\/100\n|move|p2a: Clefable|Knock Off|p1a: Heatran\n|-damage|p1a: Heatran|72\/100\n|\n|-heal|p2a: Clefable|47\/100|[from] item: Leftovers\n|-end|p2a: Clefable|Magma Storm|[partiallytrapped]\n|-end|p2a: Clefable|move: Taunt\n|upkeep\n|turn|71\n|\n|t:|1699862504\n|move|p2a: Clefable|Protect|p2a: Clefable\n|-singleturn|p2a: Clefable|Protect\n|move|p1a: Heatran|Magma Storm|p2a: Clefable\n|-activate|p2a: Clefable|move: Protect\n|\n|-heal|p2a: Clefable|53\/100|[from] item: Leftovers\n|upkeep\n|turn|72\n|\n|t:|1699862518\n|switch|p2a: Blissey|Blissey, F|100\/100\n|move|p1a: Heatran|Taunt|p2a: Blissey\n|-start|p2a: Blissey|move: Taunt\n|\n|upkeep\n|turn|73\n|\n|t:|1699862526\n|switch|p1a: Rillaboom|Rillaboom, M|48\/100\n|-fieldstart|move: Grassy Terrain|[from] ability: Grassy Surge|[of] p1a: Rillaboom\n|move|p2a: Blissey|Seismic Toss|p1a: Rillaboom\n|-damage|p1a: Rillaboom|19\/100\n|\n|-heal|p1a: Rillaboom|25\/100|[from] Grassy Terrain\n|upkeep\n|turn|74\n|\n|t:|1699862534\n|switch|p2a: Amoonguss|Amoonguss, M|100\/100\n|move|p1a: Rillaboom|Knock Off|p2a: Amoonguss\n|-damage|p2a: Amoonguss|63\/100\n|-enditem|p2a: Amoonguss|Heavy-Duty Boots|[from] move: Knock Off|[of] p1a: Rillaboom\n|\n|-heal|p1a: Rillaboom|31\/100|[from] Grassy Terrain\n|-heal|p2a: Amoonguss|69\/100|[from] Grassy Terrain\n|upkeep\n|turn|75\n|\n|t:|1699862541\n|switch|p1a: Heatran|Heatran, M|72\/100\n|move|p2a: Amoonguss|Foul Play|p1a: Heatran\n|-damage|p1a: Heatran|60\/100\n|\n|-heal|p1a: Heatran|66\/100|[from] Grassy Terrain\n|-heal|p2a: Amoonguss|75\/100|[from] Grassy Terrain\n|upkeep\n|turn|76\n|\n|t:|1699862551\n|switch|p1a: Clefable|Clefable, F|94\/100\n|switch|p2a: Blissey|Blissey, F|100\/100\n|\n|-heal|p1a: Clefable|99\/100|[from] Grassy Terrain\n|-heal|p1a: Clefable|100\/100|[from] item: Leftovers\n|upkeep\n|turn|77\n|\n|t:|1699862560\n|switch|p1a: Great Tusk|Great Tusk|36\/100\n|move|p2a: Blissey|Stealth Rock|p1a: Great Tusk\n|-sidestart|p1: gotvelvet|move: Stealth Rock\n|\n|-heal|p1a: Great Tusk|42\/100|[from] Grassy Terrain\n|-fieldend|move: Grassy Terrain\n|upkeep\n|turn|78\n|\n|t:|1699862565\n|switch|p2a: Amoonguss|Amoonguss, M|100\/100\n|-damage|p2a: Amoonguss|88\/100|[from] Stealth Rock\n|move|p1a: Great Tusk|Rapid Spin|p2a: Amoonguss\n|-damage|p2a: Amoonguss|77\/100\n|-boost|p1a: Great Tusk|spe|1\n|-sideend|p1: gotvelvet|Stealth Rock|[from] move: Rapid Spin|[of] p1a: Great Tusk\n|\n|upkeep\n|turn|79\n|\n|t:|1699862572\n|-end|p1a: Great Tusk|Protosynthesis|[silent]\n|switch|p1a: Corviknight|Corviknight, F|100\/100 slp\n|-ability|p1a: Corviknight|Pressure\n|move|p2a: Amoonguss|Foul Play|p1a: Corviknight\n|-crit|p1a: Corviknight\n|-damage|p1a: Corviknight|82\/100 slp\n|\n|upkeep\n|turn|80\n|\n|t:|1699862580\n|switch|p1a: Ogerpon|Ogerpon-Wellspring, F|67\/100\n|switch|p2a: Clefable|Clefable, F|53\/100\n|\n|-heal|p2a: Clefable|59\/100|[from] item: Leftovers\n|upkeep\n|turn|81\n|\n|t:|1699862594\n|move|p1a: Ogerpon|Swords Dance|p1a: Ogerpon\n|-boost|p1a: Ogerpon|atk|2\n|move|p2a: Clefable|Wish|p2a: Clefable\n|\n|-heal|p2a: Clefable|65\/100|[from] item: Leftovers\n|upkeep\n|turn|82\n|\n|t:|1699862604\n|switch|p2a: Amoonguss|Amoonguss, M|100\/100\n|-damage|p2a: Amoonguss|88\/100|[from] Stealth Rock\n|-terastallize|p1a: Ogerpon|Water\n|detailschange|p1a: Ogerpon|Ogerpon-Wellspring-Tera, F, tera:Water\n|-ability|p1a: Ogerpon|Embody Aspect (Wellspring)|boost\n|-boost|p1a: Ogerpon|spd|1\n|move|p1a: Ogerpon|Ivy Cudgel|p2a: Amoonguss\n|-resisted|p2a: Amoonguss\n|-damage|p2a: Amoonguss|36\/100\n|\n|-heal|p2a: Amoonguss|82\/100|[from] move: Wish|[wisher] Clefable\n|upkeep\n|turn|83\n|\n|t:|1699862628\n|switch|p1a: Corviknight|Corviknight, F|82\/100 slp\n|-ability|p1a: Corviknight|Pressure\n|move|p2a: Amoonguss|Clear Smog|p1a: Corviknight\n|-immune|p1a: Corviknight\n|\n|upkeep\n|turn|84\n|\n|t:|1699862643\n|switch|p1a: Clefable|Clefable, F|100\/100\n|switch|p2a: Alomomola|Alomomola, M|100\/100 brn\n|\n|-damage|p2a: Alomomola|94\/100 brn|[from] brn\n|upkeep\n|turn|85\n|\n|t:|1699862656\n|switch|p1a: Ogerpon|Ogerpon-Wellspring-Tera, F, tera:Water|67\/100\n|-ability|p1a: Ogerpon|Embody Aspect (Wellspring)|boost\n|-boost|p1a: Ogerpon|spd|1\n|move|p2a: Alomomola|Flip Turn|p1a: Ogerpon\n|-resisted|p1a: Ogerpon\n|-damage|p1a: Ogerpon|62\/100\n|\n|t:|1699862663\n|switch|p2a: Amoonguss|Amoonguss, M|100\/100|[from] Flip Turn\n|-damage|p2a: Amoonguss|88\/100|[from] Stealth Rock\n|\n|upkeep\n|turn|86\n|\n|t:|1699862670\n|switch|p1a: Corviknight|Corviknight, F|82\/100 slp\n|-ability|p1a: Corviknight|Pressure\n|move|p2a: Amoonguss|Foul Play|p1a: Corviknight\n|-crit|p1a: Corviknight\n|-damage|p1a: Corviknight|65\/100 slp\n|\n|upkeep\n|turn|87\n|\n|t:|1699862680\n|switch|p1a: Heatran|Heatran, M|66\/100\n|switch|p2a: Clefable|Clefable, F|65\/100\n|\n|-heal|p2a: Clefable|72\/100|[from] item: Leftovers\n|upkeep\n|turn|88\n|\n|t:|1699862689\n|move|p2a: Clefable|Protect|p2a: Clefable\n|-singleturn|p2a: Clefable|Protect\n|move|p1a: Heatran|Taunt|p2a: Clefable\n|-activate|p2a: Clefable|move: Protect\n|\n|-heal|p2a: Clefable|78\/100|[from] item: Leftovers\n|upkeep\n|turn|89\n|\n|t:|1699862694\n|switch|p2a: Blissey|Blissey, F|100\/100\n|move|p1a: Heatran|Magma Storm|p2a: Blissey\n|-damage|p2a: Blissey|87\/100\n|-activate|p2a: Blissey|move: Magma Storm|[of] p1a: Heatran\n|\n|-damage|p2a: Blissey|75\/100|[from] move: Magma Storm|[partiallytrapped]\n|upkeep\n|turn|90\n|\n|t:|1699862702\n|move|p1a: Heatran|Earth Power|p2a: Blissey\n|-damage|p2a: Blissey|67\/100\n|move|p2a: Blissey|Seismic Toss|p1a: Heatran\n|-damage|p1a: Heatran|39\/100\n|\n|-damage|p2a: Blissey|55\/100|[from] move: Magma Storm|[partiallytrapped]\n|upkeep\n|turn|91\n|\n|t:|1699862707\n|switch|p1a: Great Tusk|Great Tusk|42\/100\n|move|p2a: Blissey|Stealth Rock|p1a: Great Tusk\n|-sidestart|p1: gotvelvet|move: Stealth Rock\n|\n|-end|p2a: Blissey|Magma Storm|[partiallytrapped]|[silent]\n|upkeep\n|turn|92\n|\n|t:|1699862714\n|switch|p2a: Alomomola|Alomomola, M|100\/100 brn\n|move|p1a: Great Tusk|Headlong Rush|p2a: Alomomola\n|-damage|p2a: Alomomola|75\/100 brn\n|-unboost|p1a: Great Tusk|def|1\n|-unboost|p1a: Great Tusk|spd|1\n|\n|-damage|p2a: Alomomola|69\/100 brn|[from] brn\n|upkeep\n|turn|93\n|\n|t:|1699862725\n|move|p1a: Great Tusk|Rapid Spin|p2a: Alomomola\n|-damage|p2a: Alomomola|61\/100 brn\n|-boost|p1a: Great Tusk|spe|1\n|-sideend|p1: gotvelvet|Stealth Rock|[from] move: Rapid Spin|[of] p1a: Great Tusk\n|move|p2a: Alomomola|Flip Turn|p1a: Great Tusk\n|-supereffective|p1a: Great Tusk\n|-damage|p1a: Great Tusk|31\/100\n|-damage|p2a: Alomomola|45\/100 brn|[from] item: Rocky Helmet|[of] p1a: Great Tusk\n|\n|t:|1699862733\n|switch|p2a: Amoonguss|Amoonguss, M|100\/100|[from] Flip Turn\n|-damage|p2a: Amoonguss|88\/100|[from] Stealth Rock\n|\n|upkeep\n|turn|94\n|\n|t:|1699862741\n|-end|p1a: Great Tusk|Protosynthesis|[silent]\n|switch|p1a: Corviknight|Corviknight, F|65\/100 slp\n|-ability|p1a: Corviknight|Pressure\n|move|p2a: Amoonguss|Foul Play|p1a: Corviknight\n|-damage|p1a: Corviknight|54\/100 slp\n|\n|upkeep\n|turn|95\n|\n|t:|1699862749\n|switch|p1a: Clefable|Clefable, F|100\/100\n|switch|p2a: Alomomola|Alomomola, M|78\/100 brn\n|\n|-damage|p2a: Alomomola|72\/100 brn|[from] brn\n|upkeep\n|turn|96\n|\n|t:|1699862754\n|move|p1a: Clefable|Moonblast|p2a: Alomomola\n|-damage|p2a: Alomomola|21\/100 brn\n|move|p2a: Alomomola|Wish|p2a: Alomomola\n|\n|-damage|p2a: Alomomola|15\/100 brn|[from] brn\n|upkeep\n|turn|97\n|\n|t:|1699862760\n|switch|p1a: Rillaboom|Rillaboom, M|31\/100\n|-fieldstart|move: Grassy Terrain|[from] ability: Grassy Surge|[of] p1a: Rillaboom\n|move|p2a: Alomomola|Protect||[still]\n|-fail|p2a: Alomomola\n|\n|-heal|p2a: Alomomola|64\/100 brn|[from] move: Wish|[wisher] Alomomola\n|-heal|p1a: Rillaboom|37\/100|[from] Grassy Terrain\n|-heal|p2a: Alomomola|71\/100 brn|[from] Grassy Terrain\n|-damage|p2a: Alomomola|64\/100 brn|[from] brn\n|upkeep\n|turn|98\n|\n|t:|1699862772\n|switch|p2a: Amoonguss|Amoonguss, M|100\/100\n|-damage|p2a: Amoonguss|88\/100|[from] Stealth Rock\n|move|p1a: Rillaboom|U-turn|p2a: Amoonguss\n|-damage|p2a: Amoonguss|62\/100\n|\n|t:|1699862775\n|switch|p1a: Heatran|Heatran, M|39\/100|[from] U-turn\n|\n|-heal|p1a: Heatran|45\/100|[from] Grassy Terrain\n|-heal|p2a: Amoonguss|68\/100|[from] Grassy Terrain\n|upkeep\n|turn|99\n|\n|t:|1699862780\n|switch|p2a: Blissey|Blissey, F|55\/100\n|move|p1a: Heatran|Taunt|p2a: Blissey\n|-start|p2a: Blissey|move: Taunt\n|\n|-heal|p1a: Heatran|51\/100|[from] Grassy Terrain\n|-heal|p2a: Blissey|61\/100|[from] Grassy Terrain\n|upkeep\n|turn|100\n|\n|t:|1699862801\n|switch|p1a: Ogerpon|Ogerpon-Wellspring-Tera, F, tera:Water|62\/100\n|-ability|p1a: Ogerpon|Embody Aspect (Wellspring)|boost\n|-boost|p1a: Ogerpon|spd|1\n|move|p2a: Blissey|Seismic Toss|p1a: Ogerpon\n|-damage|p1a: Ogerpon|29\/100\n|\n|-heal|p1a: Ogerpon|35\/100|[from] Grassy Terrain\n|-heal|p2a: Blissey|67\/100|[from] Grassy Terrain\n|upkeep\n|turn|101\n|\n|t:|1699862810\n|switch|p2a: Amoonguss|Amoonguss, M|100\/100\n|-damage|p2a: Amoonguss|88\/100|[from] Stealth Rock\n|move|p1a: Ogerpon|Swords Dance|p1a: Ogerpon\n|-boost|p1a: Ogerpon|atk|2\n|\n|-heal|p1a: Ogerpon|41\/100|[from] Grassy Terrain\n|-heal|p2a: Amoonguss|94\/100|[from] Grassy Terrain\n|-fieldend|move: Grassy Terrain\n|upkeep\n|turn|102\n|inactive|gotvelvet has 120 seconds left.\n|\n|t:|1699862836\n|switch|p1a: Corviknight|Corviknight, F|54\/100 slp\n|-ability|p1a: Corviknight|Pressure\n|move|p2a: Amoonguss|Foul Play|p1a: Corviknight\n|-damage|p1a: Corviknight|42\/100 slp\n|\n|upkeep\n|turn|103\n|\n|t:|1699862841\n|switch|p1a: Clefable|Clefable, F|100\/100\n|switch|p2a: Alomomola|Alomomola, M|98\/100 brn\n|\n|-damage|p2a: Alomomola|91\/100 brn|[from] brn\n|upkeep\n|turn|104\n|\n|t:|1699862849\n|switch|p1a: Rillaboom|Rillaboom, M|37\/100\n|-fieldstart|move: Grassy Terrain|[from] ability: Grassy Surge|[of] p1a: Rillaboom\n|switch|p2a: Clodsire|Clodsire, F|84\/100\n|\n|-heal|p1a: Rillaboom|44\/100|[from] Grassy Terrain\n|-heal|p2a: Clodsire|90\/100|[from] Grassy Terrain\n|upkeep\n|turn|105\n|\n|t:|1699862871\n|move|p1a: Rillaboom|U-turn|p2a: Clodsire\n|-resisted|p2a: Clodsire\n|-damage|p2a: Clodsire|69\/100\n|\n|t:|1699862875\n|switch|p1a: Great Tusk|Great Tusk|31\/100|[from] U-turn\n|move|p2a: Clodsire|Poison Jab|p1a: Great Tusk\n|-resisted|p1a: Great Tusk\n|-damage|p1a: Great Tusk|26\/100\n|-damage|p2a: Clodsire|53\/100|[from] item: Rocky Helmet|[of] p1a: Great Tusk\n|\n|-heal|p1a: Great Tusk|32\/100|[from] Grassy Terrain\n|-heal|p2a: Clodsire|59\/100|[from] Grassy Terrain\n|upkeep\n|turn|106\n|inactive|gotvelvet has 120 seconds left.\n|\n|t:|1699862886\n|switch|p2a: Alomomola|Alomomola, M|100\/100 brn\n|move|p1a: Great Tusk|Knock Off|p2a: Alomomola\n|-damage|p2a: Alomomola|84\/100 brn\n|-enditem|p2a: Alomomola|Heavy-Duty Boots|[from] move: Knock Off|[of] p1a: Great Tusk\n|\n|-heal|p1a: Great Tusk|38\/100|[from] Grassy Terrain\n|-heal|p2a: Alomomola|90\/100 brn|[from] Grassy Terrain\n|-damage|p2a: Alomomola|84\/100 brn|[from] brn\n|upkeep\n|turn|107\n|\n|t:|1699862901\n|-end|p1a: Great Tusk|Protosynthesis|[silent]\n|switch|p1a: Corviknight|Corviknight, F|42\/100 slp\n|-ability|p1a: Corviknight|Pressure\n|move|p2a: Alomomola|Flip Turn|p1a: Corviknight\n|-damage|p1a: Corviknight|37\/100 slp\n|\n|t:|1699862907\n|switch|p2a: Clefable|Clefable, F|78\/100|[from] Flip Turn\n|\n|-heal|p2a: Clefable|84\/100|[from] Grassy Terrain\n|-heal|p2a: Clefable|90\/100|[from] item: Leftovers\n|upkeep\n|turn|108\n|\n|t:|1699862915\n|switch|p1a: Heatran|Heatran, M|51\/100\n|move|p2a: Clefable|Wish|p2a: Clefable\n|\n|-heal|p1a: Heatran|57\/100|[from] Grassy Terrain\n|-heal|p2a: Clefable|96\/100|[from] Grassy Terrain\n|-heal|p2a: Clefable|100\/100|[from] item: Leftovers\n|-fieldend|move: Grassy Terrain\n|upkeep\n|turn|109\n|\n|t:|1699862922\n|switch|p2a: Blissey|Blissey, F|67\/100\n|move|p1a: Heatran|Earth Power|p2a: Blissey\n|-damage|p2a: Blissey|59\/100\n|\n|-heal|p2a: Blissey|87\/100|[from] move: Wish|[wisher] Clefable\n|upkeep\n|turn|110\n|\n|t:|1699862947\n|switch|p1a: Rillaboom|Rillaboom, M|44\/100\n|-fieldstart|move: Grassy Terrain|[from] ability: Grassy Surge|[of] p1a: Rillaboom\n|move|p2a: Blissey|Stealth Rock|p1a: Rillaboom\n|-sidestart|p1: gotvelvet|move: Stealth Rock\n|\n|-heal|p1a: Rillaboom|50\/100|[from] Grassy Terrain\n|-heal|p2a: Blissey|93\/100|[from] Grassy Terrain\n|upkeep\n|turn|111\n|\n|t:|1699862958\n|move|p2a: Blissey|Protect|p2a: Blissey\n|-singleturn|p2a: Blissey|Protect\n|move|p1a: Rillaboom|U-turn|p2a: Blissey\n|-activate|p2a: Blissey|move: Protect\n|\n|-heal|p1a: Rillaboom|56\/100|[from] Grassy Terrain\n|-heal|p2a: Blissey|99\/100|[from] Grassy Terrain\n|upkeep\n|turn|112\n|\n|t:|1699862979\n|switch|p2a: Alomomola|Alomomola, M|100\/100 brn\n|-damage|p2a: Alomomola|88\/100 brn|[from] Stealth Rock\n|move|p1a: Rillaboom|U-turn|p2a: Alomomola\n|-damage|p2a: Alomomola|69\/100 brn\n|inactive|gotvelvet has 90 seconds left.\n|\n|t:|1699863014\n|switch|p1a: Great Tusk|Great Tusk|38\/100|[from] U-turn\n|-damage|p1a: Great Tusk|35\/100|[from] Stealth Rock\n|\n|-heal|p1a: Great Tusk|41\/100|[from] Grassy Terrain\n|-heal|p2a: Alomomola|75\/100 brn|[from] Grassy Terrain\n|-damage|p2a: Alomomola|69\/100 brn|[from] brn\n|upkeep\n|turn|113\n|\n|t:|1699863021\n|move|p1a: Great Tusk|Rapid Spin|p2a: Alomomola\n|-damage|p2a: Alomomola|61\/100 brn\n|-boost|p1a: Great Tusk|spe|1\n|-sideend|p1: gotvelvet|Stealth Rock|[from] move: Rapid Spin|[of] p1a: Great Tusk\n|move|p2a: Alomomola|Wish|p2a: Alomomola\n|\n|-heal|p1a: Great Tusk|47\/100|[from] Grassy Terrain\n|-heal|p2a: Alomomola|67\/100 brn|[from] Grassy Terrain\n|-damage|p2a: Alomomola|61\/100 brn|[from] brn\n|upkeep\n|turn|114\n|\n|t:|1699863033\n|move|p1a: Great Tusk|Headlong Rush|p2a: Alomomola\n|-damage|p2a: Alomomola|34\/100 brn\n|-unboost|p1a: Great Tusk|def|1\n|-unboost|p1a: Great Tusk|spd|1\n|move|p2a: Alomomola|Flip Turn|p1a: Great Tusk\n|-supereffective|p1a: Great Tusk\n|-damage|p1a: Great Tusk|34\/100\n|-damage|p2a: Alomomola|18\/100 brn|[from] item: Rocky Helmet|[of] p1a: Great Tusk\n|\n|t:|1699863044\n|switch|p2a: Amoonguss|Amoonguss, M|100\/100|[from] Flip Turn\n|-damage|p2a: Amoonguss|88\/100|[from] Stealth Rock\n|\n|-heal|p2a: Amoonguss|100\/100|[from] move: Wish|[wisher] Alomomola\n|-heal|p1a: Great Tusk|40\/100|[from] Grassy Terrain\n|-fieldend|move: Grassy Terrain\n|upkeep\n|turn|115\n|\n|t:|1699863052\n|-end|p1a: Great Tusk|Protosynthesis|[silent]\n|switch|p1a: Heatran|Heatran, M|57\/100\n|switch|p2a: Alomomola|Alomomola, M|51\/100 brn\n|-damage|p2a: Alomomola|39\/100 brn|[from] Stealth Rock\n|\n|-damage|p2a: Alomomola|32\/100 brn|[from] brn\n|upkeep\n|turn|116\n|\n|t:|1699863060\n|switch|p2a: Blissey|Blissey, F|99\/100\n|move|p1a: Heatran|Taunt|p2a: Blissey\n|-start|p2a: Blissey|move: Taunt\n|\n|upkeep\n|turn|117\n|\n|t:|1699863072\n|switch|p1a: Rillaboom|Rillaboom, M|56\/100\n|-fieldstart|move: Grassy Terrain|[from] ability: Grassy Surge|[of] p1a: Rillaboom\n|move|p2a: Blissey|Seismic Toss|p1a: Rillaboom\n|-damage|p1a: Rillaboom|27\/100\n|\n|-heal|p1a: Rillaboom|33\/100|[from] Grassy Terrain\n|-heal|p2a: Blissey|100\/100|[from] Grassy Terrain\n|upkeep\n|turn|118\n|\n|t:|1699863084\n|switch|p2a: Amoonguss|Amoonguss, M|100\/100\n|-damage|p2a: Amoonguss|88\/100|[from] Stealth Rock\n|move|p1a: Rillaboom|Knock Off|p2a: Amoonguss\n|-damage|p2a: Amoonguss|63\/100\n|\n|-heal|p1a: Rillaboom|39\/100|[from] Grassy Terrain\n|-heal|p2a: Amoonguss|69\/100|[from] Grassy Terrain\n|upkeep\n|turn|119\n|inactive|gotvelvet has 60 seconds left.\n|inactive|Zarross has 120 seconds left.\n|\n|t:|1699863109\n|switch|p1a: Heatran|Heatran, M|57\/100\n|move|p2a: Amoonguss|Foul Play|p1a: Heatran\n|-crit|p1a: Heatran\n|-damage|p1a: Heatran|37\/100\n|\n|-heal|p1a: Heatran|43\/100|[from] Grassy Terrain\n|-heal|p2a: Amoonguss|75\/100|[from] Grassy Terrain\n|upkeep\n|turn|120\n|\n|t:|1699863119\n|switch|p1a: Rillaboom|Rillaboom, M|39\/100\n|switch|p2a: Blissey|Blissey, F|100\/100\n|\n|-heal|p1a: Rillaboom|45\/100|[from] Grassy Terrain\n|upkeep\n|turn|121\n|\n|t:|1699863124\n|move|p2a: Blissey|Protect|p2a: Blissey\n|-singleturn|p2a: Blissey|Protect\n|move|p1a: Rillaboom|Knock Off|p2a: Blissey\n|-activate|p2a: Blissey|move: Protect\n|\n|-heal|p1a: Rillaboom|51\/100|[from] Grassy Terrain\n|-fieldend|move: Grassy Terrain\n|upkeep\n|turn|122\n|inactive|Zarross has 120 seconds left.\n|\n|t:|1699863134\n|switch|p2a: Amoonguss|Amoonguss, M|100\/100\n|-damage|p2a: Amoonguss|88\/100|[from] Stealth Rock\n|move|p1a: Rillaboom|Knock Off|p2a: Amoonguss\n|-damage|p2a: Amoonguss|64\/100\n|\n|upkeep\n|turn|123\n|inactive|Zarross has 120 seconds left.\n|inactive|gotvelvet has 30 seconds left.\n|\n|t:|1699863164\n|switch|p1a: Corviknight|Corviknight, F|37\/100 slp\n|-ability|p1a: Corviknight|Pressure\n|move|p2a: Amoonguss|Foul Play|p1a: Corviknight\n|-damage|p1a: Corviknight|26\/100 slp\n|\n|upkeep\n|turn|124\n|inactive|gotvelvet has 30 seconds left.\n|inactive|Zarross has 120 seconds left.\n|\n|t:|1699863174\n|switch|p1a: Rillaboom|Rillaboom, M|51\/100\n|-fieldstart|move: Grassy Terrain|[from] ability: Grassy Surge|[of] p1a: Rillaboom\n|switch|p2a: Alomomola|Alomomola, M|66\/100 brn\n|-damage|p2a: Alomomola|53\/100 brn|[from] Stealth Rock\n|\n|-heal|p1a: Rillaboom|57\/100|[from] Grassy Terrain\n|-heal|p2a: Alomomola|59\/100 brn|[from] Grassy Terrain\n|-damage|p2a: Alomomola|53\/100 brn|[from] brn\n|upkeep\n|turn|125\n|inactive|gotvelvet has 30 seconds left.\n|\n|t:|1699863181\n|switch|p2a: Amoonguss|Amoonguss, M|97\/100\n|-damage|p2a: Amoonguss|85\/100|[from] Stealth Rock\n|move|p1a: Rillaboom|Wood Hammer|p2a: Amoonguss\n|-resisted|p2a: Amoonguss\n|-damage|p2a: Amoonguss|63\/100\n|-damage|p1a: Rillaboom|48\/100|[from] Recoil\n|\n|-heal|p1a: Rillaboom|54\/100|[from] Grassy Terrain\n|-heal|p2a: Amoonguss|69\/100|[from] Grassy Terrain\n|upkeep\n|turn|126\n|inactive|gotvelvet has 30 seconds left.\n|inactive|Zarross has 120 seconds left.\n|\n|t:|1699863197\n|switch|p2a: Dondozo|Dondozo, M|100\/100\n|move|p1a: Rillaboom|Wood Hammer|p2a: Dondozo\n|-supereffective|p2a: Dondozo\n|-damage|p2a: Dondozo|0 fnt\n|faint|p2a: Dondozo\n|-damage|p1a: Rillaboom|5\/100|[from] Recoil\n|\n|-heal|p1a: Rillaboom|12\/100|[from] Grassy Terrain\n|upkeep\n|\n|t:|1699863204\n|switch|p2a: Amoonguss|Amoonguss, M|100\/100\n|-damage|p2a: Amoonguss|88\/100|[from] Stealth Rock\n|turn|127\n|\n|t:|1699863208\n|switch|p1a: Heatran|Heatran, M|43\/100\n|switch|p2a: Alomomola|Alomomola, M|86\/100 brn\n|-damage|p2a: Alomomola|74\/100 brn|[from] Stealth Rock\n|\n|-heal|p1a: Heatran|49\/100|[from] Grassy Terrain\n|-heal|p2a: Alomomola|80\/100 brn|[from] Grassy Terrain\n|-damage|p2a: Alomomola|74\/100 brn|[from] brn\n|upkeep\n|turn|128\n|\n|t:|1699863213\n|move|p1a: Heatran|Taunt|p2a: Alomomola\n|-start|p2a: Alomomola|move: Taunt\n|move|p2a: Alomomola|Mirror Coat||[still]\n|-fail|p2a: Alomomola\n|\n|-heal|p1a: Heatran|55\/100|[from] Grassy Terrain\n|-heal|p2a: Alomomola|80\/100 brn|[from] Grassy Terrain\n|-damage|p2a: Alomomola|74\/100 brn|[from] brn\n|-fieldend|move: Grassy Terrain\n|upkeep\n|turn|129\n|inactive|gotvelvet has 30 seconds left.\n|inactive|gotvelvet has 20 seconds left.\n|inactive|gotvelvet has 15 seconds left.\n|inactive|gotvelvet has 10 seconds left.\n|\n|t:|1699863250\n|switch|p1a: Great Tusk|Great Tusk|40\/100\n|move|p2a: Alomomola|Flip Turn|p1a: Great Tusk\n|-supereffective|p1a: Great Tusk\n|-damage|p1a: Great Tusk|32\/100\n|-damage|p2a: Alomomola|58\/100 brn|[from] item: Rocky Helmet|[of] p1a: Great Tusk\n|inactive|gotvelvet has 15 seconds left this turn.\n|\n|t:|1699863255\n|switch|p2a: Amoonguss|Amoonguss, M|100\/100|[from] Flip Turn\n|-damage|p2a: Amoonguss|88\/100|[from] Stealth Rock\n|\n|upkeep\n|turn|130\n|inactive|gotvelvet has 20 seconds left this turn.\n|inactive|gotvelvet has 15 seconds left.\n|\n|t:|1699863260\n|-end|p1a: Great Tusk|Protosynthesis|[silent]\n|switch|p1a: Heatran|Heatran, M|55\/100\n|move|p2a: Amoonguss|Giga Drain|p1a: Heatran\n|-resisted|p1a: Heatran\n|-damage|p1a: Heatran|51\/100\n|-heal|p2a: Amoonguss|90\/100|[from] drain|[of] p1a: Heatran\n|\n|upkeep\n|turn|131\n|inactive|gotvelvet has 20 seconds left this turn.\n|\n|t:|1699863265\n|switch|p1a: Corviknight|Corviknight, F|26\/100 slp\n|-ability|p1a: Corviknight|Pressure\n|switch|p2a: Blissey|Blissey, F|100\/100\n|\n|upkeep\n|turn|132\n|inactive|gotvelvet has 25 seconds left this turn.\n|inactive|gotvelvet has 20 seconds left.\n|\n|t:|1699863274\n|switch|p1a: Great Tusk|Great Tusk|32\/100\n|move|p2a: Blissey|Stealth Rock|p1a: Great Tusk\n|-sidestart|p1: gotvelvet|move: Stealth Rock\n|\n|upkeep\n|turn|133\n|inactive|gotvelvet has 25 seconds left this turn.\n|\n|t:|1699863278\n|switch|p2a: Alomomola|Alomomola, M|91\/100 brn\n|-damage|p2a: Alomomola|78\/100 brn|[from] Stealth Rock\n|move|p1a: Great Tusk|Knock Off|p2a: Alomomola\n|-damage|p2a: Alomomola|68\/100 brn\n|\n|-damage|p2a: Alomomola|62\/100 brn|[from] brn\n|upkeep\n|turn|134\n|inactive|gotvelvet has 30 seconds left this turn.\n|\n|t:|1699863286\n|move|p1a: Great Tusk|Rapid Spin|p2a: Alomomola\n|-damage|p2a: Alomomola|54\/100 brn\n|-boost|p1a: Great Tusk|spe|1\n|-sideend|p1: gotvelvet|Stealth Rock|[from] move: Rapid Spin|[of] p1a: Great Tusk\n|move|p2a: Alomomola|Wish|p2a: Alomomola\n|\n|-damage|p2a: Alomomola|48\/100 brn|[from] brn\n|upkeep\n|turn|135\n|inactive|gotvelvet has 30 seconds left.\n|\n|t:|1699863293\n|-end|p1a: Great Tusk|Protosynthesis|[silent]\n|switch|p1a: Rillaboom|Rillaboom, M|12\/100\n|-fieldstart|move: Grassy Terrain|[from] ability: Grassy Surge|[of] p1a: Rillaboom\n|move|p2a: Alomomola|Protect||[still]\n|-fail|p2a: Alomomola\n|\n|-heal|p2a: Alomomola|97\/100 brn|[from] move: Wish|[wisher] Alomomola\n|-heal|p1a: Rillaboom|18\/100|[from] Grassy Terrain\n|-heal|p2a: Alomomola|100\/100 brn|[from] Grassy Terrain\n|-damage|p2a: Alomomola|94\/100 brn|[from] brn\n|upkeep\n|turn|136\n|inactive|gotvelvet has 30 seconds left.\n|\n|t:|1699863308\n|move|p1a: Rillaboom|U-turn|p2a: Alomomola\n|-damage|p2a: Alomomola|74\/100 brn\n|\n|t:|1699863312\n|switch|p1a: Great Tusk|Great Tusk|32\/100|[from] U-turn\n|move|p2a: Alomomola|Flip Turn|p1a: Great Tusk\n|-supereffective|p1a: Great Tusk\n|-damage|p1a: Great Tusk|24\/100\n|-damage|p2a: Alomomola|57\/100 brn|[from] item: Rocky Helmet|[of] p1a: Great Tusk\n|\n|t:|1699863318\n|switch|p2a: Amoonguss|Amoonguss, M|100\/100|[from] Flip Turn\n|-damage|p2a: Amoonguss|88\/100|[from] Stealth Rock\n|\n|-heal|p1a: Great Tusk|30\/100|[from] Grassy Terrain\n|-heal|p2a: Amoonguss|94\/100|[from] Grassy Terrain\n|upkeep\n|turn|137\n|\n|t:|1699863323\n|-end|p1a: Great Tusk|Protosynthesis|[silent]\n|switch|p1a: Heatran|Heatran, M|51\/100\n|switch|p2a: Clefable|Clefable, F|100\/100\n|\n|-heal|p1a: Heatran|57\/100|[from] Grassy Terrain\n|upkeep\n|turn|138\n|\n|t:|1699863328\n|switch|p2a: Blissey|Blissey, F|100\/100\n|move|p1a: Heatran|Taunt|p2a: Blissey\n|-start|p2a: Blissey|move: Taunt\n|\n|-heal|p1a: Heatran|63\/100|[from] Grassy Terrain\n|upkeep\n|turn|139\n|\n|t:|1699863343\n|switch|p1a: Ogerpon|Ogerpon-Wellspring-Tera, F, tera:Water|41\/100\n|-ability|p1a: Ogerpon|Embody Aspect (Wellspring)|boost\n|-boost|p1a: Ogerpon|spd|1\n|move|p2a: Blissey|Seismic Toss|p1a: Ogerpon\n|-damage|p1a: Ogerpon|8\/100\n|\n|-heal|p1a: Ogerpon|14\/100|[from] Grassy Terrain\n|-fieldend|move: Grassy Terrain\n|upkeep\n|turn|140\n|\n|t:|1699863350\n|switch|p2a: Amoonguss|Amoonguss, M|100\/100\n|-damage|p2a: Amoonguss|88\/100|[from] Stealth Rock\n|move|p1a: Ogerpon|Horn Leech|p2a: Amoonguss\n|-resisted|p2a: Amoonguss\n|-damage|p2a: Amoonguss|80\/100\n|-heal|p1a: Ogerpon|20\/100|[from] drain|[of] p2a: Amoonguss\n|\n|upkeep\n|turn|141\n|\n|t:|1699863362\n|switch|p1a: Heatran|Heatran, M|63\/100\n|move|p2a: Amoonguss|Foul Play|p1a: Heatran\n|-crit|p1a: Heatran\n|-damage|p1a: Heatran|44\/100\n|\n|upkeep\n|turn|142\n|\n|t:|1699863368\n|switch|p2a: Blissey|Blissey, F|100\/100\n|move|p1a: Heatran|Magma Storm|p2a: Blissey\n|-damage|p2a: Blissey|87\/100\n|-activate|p2a: Blissey|move: Magma Storm|[of] p1a: Heatran\n|\n|-damage|p2a: Blissey|75\/100|[from] move: Magma Storm|[partiallytrapped]\n|upkeep\n|turn|143\n|\n|t:|1699863381\n|switch|p1a: Great Tusk|Great Tusk|30\/100\n|move|p2a: Blissey|Seismic Toss|p1a: Great Tusk\n|-damage|p1a: Great Tusk|6\/100\n|-damage|p2a: Blissey|58\/100|[from] item: Rocky Helmet|[of] p1a: Great Tusk\n|\n|-end|p2a: Blissey|Magma Storm|[partiallytrapped]|[silent]\n|upkeep\n|turn|144\n|\n|t:|1699863390\n|switch|p2a: Alomomola|Alomomola, M|90\/100 brn\n|-damage|p2a: Alomomola|78\/100 brn|[from] Stealth Rock\n|move|p1a: Great Tusk|Headlong Rush|p2a: Alomomola\n|-damage|p2a: Alomomola|53\/100 brn\n|-unboost|p1a: Great Tusk|def|1\n|-unboost|p1a: Great Tusk|spd|1\n|\n|-damage|p2a: Alomomola|46\/100 brn|[from] brn\n|upkeep\n|turn|145\n|\n|t:|1699863398\n|-end|p1a: Great Tusk|Protosynthesis|[silent]\n|switch|p1a: Rillaboom|Rillaboom, M|18\/100\n|-fieldstart|move: Grassy Terrain|[from] ability: Grassy Surge|[of] p1a: Rillaboom\n|move|p2a: Alomomola|Flip Turn|p1a: Rillaboom\n|-resisted|p1a: Rillaboom\n|-damage|p1a: Rillaboom|13\/100\n|\n|t:|1699863404\n|switch|p2a: Amoonguss|Amoonguss, M|100\/100|[from] Flip Turn\n|-damage|p2a: Amoonguss|88\/100|[from] Stealth Rock\n|\n|-heal|p1a: Rillaboom|20\/100|[from] Grassy Terrain\n|-heal|p2a: Amoonguss|94\/100|[from] Grassy Terrain\n|upkeep\n|turn|146\n|inactive|gotvelvet has 60 seconds left.\n|\n|t:|1699863409\n|move|p1a: Rillaboom|U-turn|p2a: Amoonguss\n|-damage|p2a: Amoonguss|68\/100\n|\n|t:|1699863411\n|switch|p1a: Heatran|Heatran, M|44\/100|[from] U-turn\n|move|p2a: Amoonguss|Foul Play|p1a: Heatran\n|-damage|p1a: Heatran|32\/100\n|\n|-heal|p1a: Heatran|38\/100|[from] Grassy Terrain\n|-heal|p2a: Amoonguss|74\/100|[from] Grassy Terrain\n|upkeep\n|turn|147\n|\n|t:|1699863420\n|switch|p1a: Rillaboom|Rillaboom, M|20\/100\n|switch|p2a: Blissey|Blissey, F|58\/100\n|\n|-heal|p1a: Rillaboom|26\/100|[from] Grassy Terrain\n|-heal|p2a: Blissey|64\/100|[from] Grassy Terrain\n|upkeep\n|turn|148\n|inactive|gotvelvet has 60 seconds left.\n|\n|t:|1699863432\n|switch|p2a: Amoonguss|Amoonguss, M|100\/100\n|-damage|p2a: Amoonguss|88\/100|[from] Stealth Rock\n|move|p1a: Rillaboom|Wood Hammer|p2a: Amoonguss\n|-resisted|p2a: Amoonguss\n|-damage|p2a: Amoonguss|66\/100\n|-damage|p1a: Rillaboom|17\/100|[from] Recoil\n|\n|-heal|p1a: Rillaboom|23\/100|[from] Grassy Terrain\n|-heal|p2a: Amoonguss|72\/100|[from] Grassy Terrain\n|upkeep\n|turn|149\n|inactive|gotvelvet has 60 seconds left.\n|\n|t:|1699863440\n|switch|p1a: Corviknight|Corviknight, F|26\/100 slp\n|-ability|p1a: Corviknight|Pressure\n|switch|p2a: Alomomola|Alomomola, M|80\/100 brn\n|-damage|p2a: Alomomola|67\/100 brn|[from] Stealth Rock\n|\n|-heal|p2a: Alomomola|73\/100 brn|[from] Grassy Terrain\n|-damage|p2a: Alomomola|67\/100 brn|[from] brn\n|-fieldend|move: Grassy Terrain\n|upkeep\n|turn|150\n|\n|t:|1699863444\n|cant|p1a: Corviknight|slp\n|move|p2a: Alomomola|Flip Turn|p1a: Corviknight\n|-damage|p1a: Corviknight|21\/100 slp\n|\n|t:|1699863449\n|switch|p2a: Clodsire|Clodsire, F|59\/100|[from] Flip Turn\n|\n|upkeep\n|turn|151\n|inactive|gotvelvet has 60 seconds left.\n|\n|t:|1699863478\n|switch|p1a: Great Tusk|Great Tusk|6\/100\n|move|p2a: Clodsire|Spikes|p1a: Great Tusk\n|-sidestart|p1: gotvelvet|Spikes\n|\n|upkeep\n|turn|152\n|\n|t:|1699863495\n|switch|p2a: Alomomola|Alomomola, M|100\/100 brn\n|-damage|p2a: Alomomola|88\/100 brn|[from] Stealth Rock\n|move|p1a: Great Tusk|Headlong Rush|p2a: Alomomola\n|-damage|p2a: Alomomola|62\/100 brn\n|-unboost|p1a: Great Tusk|def|1\n|-unboost|p1a: Great Tusk|spd|1\n|\n|-damage|p2a: Alomomola|56\/100 brn|[from] brn\n|upkeep\n|turn|153\n|\n|t:|1699863504\n|move|p1a: Great Tusk|Rapid Spin|p2a: Alomomola\n|-damage|p2a: Alomomola|49\/100 brn\n|-boost|p1a: Great Tusk|spe|1\n|-sideend|p1: gotvelvet|Spikes|[from] move: Rapid Spin|[of] p1a: Great Tusk\n|move|p2a: Alomomola|Flip Turn|p1a: Great Tusk\n|-supereffective|p1a: Great Tusk\n|-damage|p1a: Great Tusk|0 fnt\n|-damage|p2a: Alomomola|32\/100 brn|[from] item: Rocky Helmet|[of] p1a: Great Tusk\n|faint|p1a: Great Tusk\n|-end|p1a: Great Tusk|Protosynthesis|[silent]\n|\n|t:|1699863515\n|switch|p2a: Blissey|Blissey, F|64\/100|[from] Flip Turn\n|\n|upkeep\n|inactive|gotvelvet has 30 seconds left.\n|inactive|gotvelvet has 20 seconds left.\n|inactive|gotvelvet has 15 seconds left.\n|\n|t:|1699863555\n|switch|p1a: Rillaboom|Rillaboom, M|23\/100\n|-fieldstart|move: Grassy Terrain|[from] ability: Grassy Surge|[of] p1a: Rillaboom\n|turn|154\n|inactive|gotvelvet has 20 seconds left this turn.\n|\n|t:|1699863559\n|move|p2a: Blissey|Protect|p2a: Blissey\n|-singleturn|p2a: Blissey|Protect\n|move|p1a: Rillaboom|Wood Hammer|p2a: Blissey\n|-activate|p2a: Blissey|move: Protect\n|\n|-heal|p1a: Rillaboom|29\/100|[from] Grassy Terrain\n|-heal|p2a: Blissey|71\/100|[from] Grassy Terrain\n|upkeep\n|turn|155\n|inactive|gotvelvet has 25 seconds left this turn.\n|\n|t:|1699863568\n|switch|p1a: Ogerpon|Ogerpon-Wellspring-Tera, F, tera:Water|20\/100\n|-ability|p1a: Ogerpon|Embody Aspect (Wellspring)|boost\n|-boost|p1a: Ogerpon|spd|1\n|switch|p2a: Clodsire|Clodsire, F|59\/100\n|\n|-heal|p1a: Ogerpon|26\/100|[from] Grassy Terrain\n|-heal|p2a: Clodsire|65\/100|[from] Grassy Terrain\n|upkeep\n|turn|156\n|inactive|gotvelvet has 30 seconds left this turn.\n|inactive|gotvelvet has 20 seconds left.\n|inactive|gotvelvet has 15 seconds left.\n|\n|t:|1699863586\n|move|p1a: Ogerpon|Ivy Cudgel|p2a: Clodsire\n|-supereffective|p2a: Clodsire\n|-damage|p2a: Clodsire|0 fnt\n|faint|p2a: Clodsire\n|\n|-heal|p1a: Ogerpon|32\/100|[from] Grassy Terrain\n|upkeep\n|inactive|gotvelvet has 20 seconds left this turn.\n|\n|t:|1699863589\n|switch|p2a: Amoonguss|Amoonguss, M|100\/100\n|-damage|p2a: Amoonguss|88\/100|[from] Stealth Rock\n|turn|157\n|inactive|gotvelvet has 25 seconds left this turn.\n|\n|t:|1699863592\n|switch|p1a: Heatran|Heatran, M|38\/100\n|move|p2a: Amoonguss|Clear Smog|p1a: Heatran\n|-immune|p1a: Heatran\n|\n|-heal|p1a: Heatran|44\/100|[from] Grassy Terrain\n|-heal|p2a: Amoonguss|94\/100|[from] Grassy Terrain\n|upkeep\n|turn|158\n|inactive|gotvelvet has 30 seconds left this turn.\n|\n|t:|1699863602\n|switch|p1a: Rillaboom|Rillaboom, M|29\/100\n|switch|p2a: Blissey|Blissey, F|71\/100\n|\n|-heal|p1a: Rillaboom|35\/100|[from] Grassy Terrain\n|-heal|p2a: Blissey|77\/100|[from] Grassy Terrain\n|-fieldend|move: Grassy Terrain\n|upkeep\n|turn|159\n|inactive|gotvelvet has 30 seconds left this turn.\n|\n|t:|1699863612\n|move|p2a: Blissey|Protect|p2a: Blissey\n|-singleturn|p2a: Blissey|Protect\n|move|p1a: Rillaboom|U-turn|p2a: Blissey\n|-activate|p2a: Blissey|move: Protect\n|\n|upkeep\n|turn|160\n|inactive|gotvelvet has 30 seconds left this turn.\n|inactive|gotvelvet has 20 seconds left.\n|\n|t:|1699863628\n|switch|p1a: Ogerpon|Ogerpon-Wellspring-Tera, F, tera:Water|32\/100\n|-ability|p1a: Ogerpon|Embody Aspect (Wellspring)|boost\n|-boost|p1a: Ogerpon|spd|1\n|move|p2a: Blissey|Stealth Rock|p1a: Ogerpon\n|-sidestart|p1: gotvelvet|move: Stealth Rock\n|\n|upkeep\n|turn|161\n|inactive|gotvelvet has 25 seconds left this turn.\n|inactive|gotvelvet has 20 seconds left.\n|\n|t:|1699863636\n|switch|p2a: Amoonguss|Amoonguss, M|100\/100\n|-damage|p2a: Amoonguss|88\/100|[from] Stealth Rock\n|move|p1a: Ogerpon|Swords Dance|p1a: Ogerpon\n|-boost|p1a: Ogerpon|atk|2\n|\n|upkeep\n|turn|162\n|inactive|gotvelvet has 25 seconds left this turn.\n|\n|t:|1699863641\n|move|p1a: Ogerpon|Ivy Cudgel|p2a: Amoonguss\n|-resisted|p2a: Amoonguss\n|-damage|p2a: Amoonguss|28\/100\n|move|p2a: Amoonguss|Clear Smog|p1a: Ogerpon\n|-damage|p1a: Ogerpon|19\/100\n|-clearboost|p1a: Ogerpon\n|\n|upkeep\n|turn|163\n|inactive|gotvelvet has 30 seconds left this turn.\n|\n|t:|1699863649\n|switch|p2a: Alomomola|Alomomola, M|65\/100 brn\n|-damage|p2a: Alomomola|53\/100 brn|[from] Stealth Rock\n|move|p1a: Ogerpon|Ivy Cudgel|p2a: Alomomola\n|-resisted|p2a: Alomomola\n|-damage|p2a: Alomomola|32\/100 brn\n|\n|-damage|p2a: Alomomola|26\/100 brn|[from] brn\n|upkeep\n|turn|164\n|inactive|gotvelvet has 30 seconds left this turn.\n|\n|t:|1699863656\n|move|p1a: Ogerpon|Swords Dance|p1a: Ogerpon\n|-boost|p1a: Ogerpon|atk|2\n|move|p2a: Alomomola|Wish|p2a: Alomomola\n|\n|-damage|p2a: Alomomola|19\/100 brn|[from] brn\n|upkeep\n|turn|165\n|inactive|gotvelvet has 30 seconds left this turn.\n|inactive|gotvelvet has 20 seconds left.\n|inactive|gotvelvet has 15 seconds left.\n|\n|t:|1699863685\n|move|p2a: Alomomola|Protect|p2a: Alomomola\n|-singleturn|p2a: Alomomola|Protect\n|move|p1a: Ogerpon|Encore|p2a: Alomomola\n|-activate|p2a: Alomomola|move: Protect\n|\n|-heal|p2a: Alomomola|69\/100 brn|[from] move: Wish|[wisher] Alomomola\n|-damage|p2a: Alomomola|63\/100 brn|[from] brn\n|upkeep\n|turn|166\n|inactive|gotvelvet has 20 seconds left this turn.\n|inactive|Zarross has 120 seconds left.\n|\n|t:|1699863698\n|move|p1a: Ogerpon|Swords Dance|p1a: Ogerpon\n|-boost|p1a: Ogerpon|atk|2\n|move|p2a: Alomomola|Flip Turn|p1a: Ogerpon\n|-resisted|p1a: Ogerpon\n|-damage|p1a: Ogerpon|14\/100\n|inactive|gotvelvet has 25 seconds left this turn.\n|inactive|Zarross has 120 seconds left.\n|\n|t:|1699863704\n|switch|p2a: Amoonguss|Amoonguss, M|61\/100|[from] Flip Turn\n|-damage|p2a: Amoonguss|49\/100|[from] Stealth Rock\n|\n|upkeep\n|turn|167\n|inactive|gotvelvet has 30 seconds left this turn.\n|\n|t:|1699863708\n|switch|p2a: Alomomola|Alomomola, M|96\/100 brn\n|-damage|p2a: Alomomola|84\/100 brn|[from] Stealth Rock\n|move|p1a: Ogerpon|Ivy Cudgel|p2a: Alomomola\n|-resisted|p2a: Alomomola\n|-damage|p2a: Alomomola|20\/100 brn\n|\n|-damage|p2a: Alomomola|13\/100 brn|[from] brn\n|upkeep\n|turn|168\n|inactive|gotvelvet has 30 seconds left.\n|\n|t:|1699863715\n|move|p1a: Ogerpon|Swords Dance|p1a: Ogerpon\n|-boost|p1a: Ogerpon|atk|2\n|move|p2a: Alomomola|Wish|p2a: Alomomola\n|\n|-damage|p2a: Alomomola|7\/100 brn|[from] brn\n|upkeep\n|turn|169\n|inactive|gotvelvet has 30 seconds left.\n|\n|t:|1699863723\n|move|p1a: Ogerpon|Horn Leech|p2a: Alomomola\n|-supereffective|p2a: Alomomola\n|-damage|p2a: Alomomola|0 fnt\n|-heal|p1a: Ogerpon|20\/100|[from] drain|[of] p2a: Alomomola\n|faint|p2a: Alomomola\n|\n|upkeep\n|\n|t:|1699863726\n|switch|p2a: Amoonguss|Amoonguss, M|82\/100\n|-damage|p2a: Amoonguss|70\/100|[from] Stealth Rock\n|turn|170\n|\n|t:|1699863737\n|move|p1a: Ogerpon|Ivy Cudgel|p2a: Amoonguss\n|-resisted|p2a: Amoonguss\n|-damage|p2a: Amoonguss|0 fnt\n|faint|p2a: Amoonguss\n|\n|upkeep\n|\n|t:|1699863742\n|switch|p2a: Blissey|Blissey, F|77\/100\n|turn|171\n|-message|Zarross forfeited.\n|\n|win|gotvelvet\n|raw|gotvelvet's rating: 1470 &rarr; <strong>1490<\/strong><br \/>(+20 for winning)\n|raw|Zarross's rating: 1475 &rarr; <strong>1455<\/strong><br \/>(-20 for losing)\n|l|\u2606Zarross\n","uploadtime":1699863767,"views":10,"p1id":"gotvelvet","p2id":"zarross","formatid":"gen9ou","rating":1455,"private":0,"password":""}