{"id":"gen9ou-1999585295","p1":"rutanator","p2":"VikontAlu","format":"[Gen 9] OU","log":"|j|\u2606rutanator\n|j|\u2606VikontAlu\n|t:|1701098634\n|gametype|singles\n|player|p1|rutanator|lucas|1202\n|player|p2|VikontAlu|170|1186\n|teamsize|p1|6\n|teamsize|p2|6\n|gen|9\n|tier|[Gen 9] OU\n|rated|\n|rule|Sleep Clause Mod: Limit one foe put to sleep\n|rule|Species Clause: Limit one of each Pok\u00e9mon\n|rule|OHKO Clause: OHKO moves are banned\n|rule|Evasion Items Clause: Evasion items are banned\n|rule|Evasion Moves Clause: Evasion moves are banned\n|rule|Endless Battle Clause: Forcing endless battles is banned\n|rule|HP Percentage Mod: HP is shown in percentages\n|clearpoke\n|poke|p1|Yanmega, M|\n|poke|p1|Garchomp, F|\n|poke|p1|Typhlosion-Hisui, F|\n|poke|p1|Great Tusk|\n|poke|p1|Glimmora, F|\n|poke|p1|Empoleon, F|\n|poke|p2|Ogerpon-Wellspring, F|\n|poke|p2|Heatran, M|\n|poke|p2|Clefable, F|\n|poke|p2|Great Tusk|\n|poke|p2|Cinderace, F|\n|poke|p2|Kingambit, F|\n|teampreview\n|inactive|Battle timer is ON: inactive players will automatically lose when time's up. (requested by rutanator)\n|\n|t:|1701098654\n|start\n|switch|p1a: Garchomp|Garchomp, F|100\/100\n|switch|p2a: Ogerpon|Ogerpon-Wellspring, F|100\/100\n|turn|1\n|\n|t:|1701098675\n|switch|p2a: Great Tusk|Great Tusk|100\/100\n|move|p1a: Garchomp|Stealth Rock|p2a: Great Tusk\n|-sidestart|p2: VikontAlu|move: Stealth Rock\n|\n|upkeep\n|turn|2\n|\n|t:|1701098682\n|move|p1a: Garchomp|Earthquake|p2a: Great Tusk\n|-damage|p2a: Great Tusk|63\/100\n|move|p2a: Great Tusk|Ice Spinner|p1a: Garchomp\n|-supereffective|p1a: Garchomp\n|-damage|p1a: Garchomp|19\/100\n|-damage|p2a: Great Tusk|51\/100|[from] ability: Rough Skin|[of] p1a: Garchomp\n|-damage|p2a: Great Tusk|34\/100|[from] item: Rocky Helmet|[of] p1a: Garchomp\n|\n|upkeep\n|turn|3\n|\n|t:|1701098691\n|move|p1a: Garchomp|Earthquake|p2a: Great Tusk\n|-damage|p2a: Great Tusk|2\/100\n|move|p2a: Great Tusk|Ice Spinner|p1a: Garchomp\n|-supereffective|p1a: Garchomp\n|-damage|p1a: Garchomp|0 fnt\n|-damage|p2a: Great Tusk|0 fnt|[from] ability: Rough Skin|[of] p1a: Garchomp\n|faint|p1a: Garchomp\n|faint|p2a: Great Tusk\n|-end|p2a: Great Tusk|Protosynthesis|[silent]\n|\n|upkeep\n|\n|t:|1701098709\n|switch|p1a: Yanmega|Yanmega, M, shiny|100\/100\n|switch|p2a: Ogerpon|Ogerpon-Wellspring, F|100\/100\n|-damage|p2a: Ogerpon|88\/100|[from] Stealth Rock\n|turn|4\n|\n|t:|1701098726\n|move|p2a: Ogerpon|Ivy Cudgel|p1a: Yanmega|[anim] Ivy Cudgel Water\n|-damage|p1a: Yanmega|31\/100\n|move|p1a: Yanmega|Leech Life|p2a: Ogerpon\n|-supereffective|p2a: Ogerpon\n|-damage|p2a: Ogerpon|2\/100\n|-heal|p1a: Yanmega|72\/100|[from] drain|[of] p2a: Ogerpon\n|\n|-ability|p1a: Yanmega|Speed Boost|boost\n|-boost|p1a: Yanmega|spe|1\n|upkeep\n|turn|5\n|c|\u2606VikontAlu|HOw\n|\n|t:|1701098742\n|switch|p2a: Cinderace|Cinderace, F|100\/100\n|move|p1a: Yanmega|Leech Life|p2a: Cinderace\n|-resisted|p2a: Cinderace\n|-damage|p2a: Cinderace|78\/100\n|-heal|p1a: Yanmega|83\/100|[from] drain|[of] p2a: Cinderace\n|\n|-ability|p1a: Yanmega|Speed Boost|boost\n|-boost|p1a: Yanmega|spe|1\n|upkeep\n|turn|6\n|\n|t:|1701098751\n|move|p1a: Yanmega|Protect|p1a: Yanmega\n|-singleturn|p1a: Yanmega|Protect\n|move|p2a: Cinderace|Pyro Ball|p1a: Yanmega\n|-activate|p1a: Yanmega|move: Protect\n|\n|-ability|p1a: Yanmega|Speed Boost|boost\n|-boost|p1a: Yanmega|spe|1\n|upkeep\n|turn|7\n|\n|t:|1701098765\n|-terastallize|p1a: Yanmega|Dragon\n|move|p1a: Yanmega|Tera Blast|p2a: Cinderace|[anim] Tera Blast Dragon\n|-crit|p2a: Cinderace\n|-damage|p2a: Cinderace|10\/100\n|move|p2a: Cinderace|Pyro Ball|p1a: Yanmega\n|-resisted|p1a: Yanmega\n|-damage|p1a: Yanmega|29\/100\n|\n|-ability|p1a: Yanmega|Speed Boost|boost\n|-boost|p1a: Yanmega|spe|1\n|upkeep\n|turn|8\n|\n|t:|1701098774\n|move|p1a: Yanmega|Leech Life|p2a: Cinderace\n|-resisted|p2a: Cinderace\n|-damage|p2a: Cinderace|0 fnt\n|-heal|p1a: Yanmega|33\/100|[from] drain|[of] p2a: Cinderace\n|faint|p2a: Cinderace\n|\n|-ability|p1a: Yanmega|Speed Boost|boost\n|-boost|p1a: Yanmega|spe|1\n|upkeep\n|\n|t:|1701098780\n|switch|p2a: Heatran|Heatran, M|100\/100\n|-damage|p2a: Heatran|88\/100|[from] Stealth Rock\n|turn|9\n|\n|t:|1701098794\n|move|p1a: Yanmega|Protect|p1a: Yanmega\n|-singleturn|p1a: Yanmega|Protect\n|move|p2a: Heatran|Magma Storm|p1a: Yanmega\n|-activate|p1a: Yanmega|move: Protect\n|\n|-heal|p2a: Heatran|94\/100|[from] item: Leftovers\n|-ability|p1a: Yanmega|Speed Boost|boost\n|-boost|p1a: Yanmega|spe|1\n|upkeep\n|turn|10\n|\n|t:|1701098812\n|move|p1a: Yanmega|Tera Blast|p2a: Heatran|[anim] Tera Blast Dragon\n|-resisted|p2a: Heatran\n|-damage|p2a: Heatran|82\/100\n|move|p2a: Heatran|Magma Storm|p1a: Yanmega\n|-resisted|p1a: Yanmega\n|-damage|p1a: Yanmega|0 fnt\n|faint|p1a: Yanmega\n|\n|-heal|p2a: Heatran|88\/100|[from] item: Leftovers\n|upkeep\n|\n|t:|1701098825\n|switch|p1a: Great Tusk|Great Tusk|100\/100\n|-enditem|p1a: Great Tusk|Booster Energy\n|-activate|p1a: Great Tusk|ability: Protosynthesis|[fromitem]\n|-start|p1a: Great Tusk|protosynthesisatk\n|turn|11\n|inactive|VikontAlu has 120 seconds left.\n|\n|t:|1701098856\n|-terastallize|p2a: Heatran|Grass\n|move|p1a: Great Tusk|Earthquake|p2a: Heatran\n|-resisted|p2a: Heatran\n|-damage|p2a: Heatran|57\/100\n|move|p2a: Heatran|Magma Storm|p1a: Great Tusk\n|-damage|p1a: Great Tusk|7\/100\n|-activate|p1a: Great Tusk|move: Magma Storm|[of] p2a: Heatran\n|\n|-heal|p2a: Heatran|63\/100|[from] item: Leftovers\n|-damage|p1a: Great Tusk|0 fnt|[from] move: Magma Storm|[partiallytrapped]\n|faint|p1a: Great Tusk\n|-end|p1a: Great Tusk|Protosynthesis|[silent]\n|upkeep\n|\n|t:|1701098873\n|switch|p1a: Glimmora|Glimmora, F|100\/100\n|turn|12\n|\n|t:|1701098884\n|move|p1a: Glimmora|Sludge Wave|p2a: Heatran\n|-supereffective|p2a: Heatran\n|-damage|p2a: Heatran|0 fnt\n|faint|p2a: Heatran\n|\n|upkeep\n|\n|t:|1701098891\n|switch|p2a: Ogerpon|Ogerpon-Wellspring, F|2\/100\n|-damage|p2a: Ogerpon|0 fnt|[from] Stealth Rock\n|faint|p2a: Ogerpon\n|\n|t:|1701098899\n|switch|p2a: Kingambit|Kingambit, F|100\/100\n|-damage|p2a: Kingambit|94\/100|[from] Stealth Rock\n|-activate|p2a: Kingambit|ability: Supreme Overlord\n|-start|p2a: Kingambit|fallen4|[silent]\n|turn|13\n|\n|t:|1701098905\n|move|p1a: Glimmora|Toxic|p2a: Kingambit\n|-status|p2a: Kingambit|tox\n|move|p2a: Kingambit|Iron Head|p1a: Glimmora\n|-supereffective|p1a: Glimmora\n|-enditem|p1a: Glimmora|Focus Sash\n|-damage|p1a: Glimmora|1\/100\n|\n|-damage|p2a: Kingambit|88\/100 tox|[from] psn\n|upkeep\n|turn|14\n|c|\u2606VikontAlu|Sucker punch\n|\n|t:|1701098918\n|move|p2a: Kingambit|Sucker Punch|p1a: Glimmora\n|-damage|p1a: Glimmora|0 fnt\n|faint|p1a: Glimmora\n|\n|-damage|p2a: Kingambit|76\/100 tox|[from] psn\n|upkeep\n|\n|t:|1701098923\n|switch|p1a: Empoleon|Empoleon, F, shiny|100\/100\n|turn|15\n|c|\u2606VikontAlu|\u0130 told yoou i am gonna use sucker pucnh\n|\n|t:|1701098930\n|-end|p2a: Kingambit|fallen4|[silent]\n|switch|p2a: Clefable|Clefable, F|100\/100\n|-damage|p2a: Clefable|88\/100|[from] Stealth Rock\n|move|p1a: Empoleon|Agility|p1a: Empoleon\n|-boost|p1a: Empoleon|spe|2\n|\n|-heal|p2a: Clefable|94\/100|[from] item: Leftovers\n|upkeep\n|turn|16\n|\n|t:|1701098938\n|move|p1a: Empoleon|Flash Cannon|p2a: Clefable\n|-supereffective|p2a: Clefable\n|-damage|p2a: Clefable|41\/100\n|move|p2a: Clefable|Knock Off|p1a: Empoleon\n|-damage|p1a: Empoleon|82\/100\n|-enditem|p1a: Empoleon|Leftovers|[from] move: Knock Off|[of] p2a: Clefable\n|\n|-heal|p2a: Clefable|47\/100|[from] item: Leftovers\n|upkeep\n|turn|17\n|\n|t:|1701098948\n|move|p1a: Empoleon|Flash Cannon|p2a: Clefable\n|-supereffective|p2a: Clefable\n|-damage|p2a: Clefable|0 fnt\n|faint|p2a: Clefable\n|\n|upkeep\n|\n|t:|1701098951\n|switch|p2a: Kingambit|Kingambit, F|76\/100 tox\n|-damage|p2a: Kingambit|70\/100 tox|[from] Stealth Rock\n|-activate|p2a: Kingambit|ability: Supreme Overlord\n|-start|p2a: Kingambit|fallen5|[silent]\n|turn|18\n|\n|t:|1701098957\n|move|p2a: Kingambit|Sucker Punch||[still]\n|-fail|p2a: Kingambit\n|move|p1a: Empoleon|Agility|p1a: Empoleon\n|-boost|p1a: Empoleon|spe|2\n|\n|-damage|p2a: Kingambit|63\/100 tox|[from] psn\n|upkeep\n|turn|19\n|\n|t:|1701098970\n|switch|p1a: Typhlosion|Typhlosion-Hisui, F|100\/100\n|-item|p2a: Kingambit|Black Glasses|[from] ability: Frisk|[of] p1a: Typhlosion|[identify]\n|move|p2a: Kingambit|Sucker Punch||[still]\n|-fail|p2a: Kingambit\n|\n|-damage|p2a: Kingambit|51\/100 tox|[from] psn\n|upkeep\n|turn|20\n|\n|t:|1701098979\n|switch|p1a: Empoleon|Empoleon, F, shiny|82\/100\n|move|p2a: Kingambit|Sucker Punch||[still]\n|-fail|p2a: Kingambit\n|\n|-damage|p2a: Kingambit|32\/100 tox|[from] psn\n|upkeep\n|turn|21\n|\n|t:|1701098985\n|move|p1a: Empoleon|Agility|p1a: Empoleon\n|-boost|p1a: Empoleon|spe|2\n|move|p2a: Kingambit|Kowtow Cleave|p1a: Empoleon\n|-damage|p1a: Empoleon|0 fnt\n|faint|p1a: Empoleon\n|\n|-damage|p2a: Kingambit|8\/100 tox|[from] psn\n|upkeep\n|\n|t:|1701098995\n|switch|p1a: Typhlosion|Typhlosion-Hisui, F|100\/100\n|-item|p2a: Kingambit|Black Glasses|[from] ability: Frisk|[of] p1a: Typhlosion|[identify]\n|turn|22\n|\n|t:|1701099007\n|move|p2a: Kingambit|Sucker Punch|p1a: Typhlosion\n|-supereffective|p1a: Typhlosion\n|-damage|p1a: Typhlosion|0 fnt\n|faint|p1a: Typhlosion\n|\n|win|VikontAlu\n|raw|rutanator's rating: 1202 &rarr; <strong>1176<\/strong><br \/>(-26 for losing)\n|raw|VikontAlu's rating: 1186 &rarr; <strong>1212<\/strong><br \/>(+26 for winning)\n|c|\u2606rutanator|gg\n|c|\u2606VikontAlu|gg\n|l|\u2606rutanator\n","uploadtime":1701099018,"views":9,"p1id":"rutanator","p2id":"vikontalu","formatid":"gen9ou","rating":1176,"private":0,"password":""}