{"id":"gen9ou-1992836031","p1":"OUVT TOSHI","p2":"TrepYT","format":"[Gen 9] OU","log":"|j|\u2606OUVT TOSHI\n|j|\u203dTrepYT\n|t:|1700239615\n|gametype|singles\n|player|p1|OUVT TOSHI|palmer|1746\n|player|p2|TrepYT|swimmerf|1783\n|teamsize|p1|6\n|teamsize|p2|6\n|gen|9\n|tier|[Gen 9] OU\n|rated|\n|rule|Sleep Clause Mod: Limit one foe put to sleep\n|rule|Species Clause: Limit one of each Pok\u00e9mon\n|rule|OHKO Clause: OHKO moves are banned\n|rule|Evasion Items Clause: Evasion items are banned\n|rule|Evasion Moves Clause: Evasion moves are banned\n|rule|Endless Battle Clause: Forcing endless battles is banned\n|rule|HP Percentage Mod: HP is shown in percentages\n|clearpoke\n|poke|p1|Ogerpon-Wellspring, F|\n|poke|p1|Zamazenta-*|\n|poke|p1|Ting-Lu|\n|poke|p1|Iron Moth|\n|poke|p1|Zapdos|\n|poke|p1|Ursaluna, F|\n|poke|p2|Samurott-Hisui, M|\n|poke|p2|Cresselia, F|\n|poke|p2|Kingambit, M|\n|poke|p2|Scizor, F|\n|poke|p2|Garchomp, M|\n|poke|p2|Heatran, F|\n|teampreview\n|j| dfghhhg\n|j| AFineTallk0tte\n|j| Magmarpanzer\n|inactive|Battle timer is ON: inactive players will automatically lose when time's up. (requested by OUVT TOSHI)\n|\n|t:|1700239648\n|start\n|switch|p1a: Zapdos|Zapdos|100\/100\n|switch|p2a: Heatran|Heatran, F|100\/100\n|turn|1\n|j| JordiElNinoAlola\n|\n|t:|1700239655\n|switch|p1a: Ting-Lu|Ting-Lu|100\/100\n|-ability|p1a: Ting-Lu|Vessel of Ruin\n|move|p2a: Heatran|Magma Storm|p1a: Ting-Lu\n|-damage|p1a: Ting-Lu|77\/100\n|-activate|p1a: Ting-Lu|move: Magma Storm|[of] p2a: Heatran\n|\n|-heal|p1a: Ting-Lu|83\/100|[from] item: Leftovers\n|-damage|p1a: Ting-Lu|71\/100|[from] move: Magma Storm|[partiallytrapped]\n|upkeep\n|turn|2\n|\n|t:|1700239662\n|move|p2a: Heatran|Substitute|p2a: Heatran\n|-start|p2a: Heatran|Substitute\n|-damage|p2a: Heatran|76\/100\n|move|p1a: Ting-Lu|Stealth Rock|p2a: Heatran\n|-sidestart|p2: TrepYT|move: Stealth Rock\n|\n|-heal|p2a: Heatran|82\/100|[from] item: Leftovers\n|-heal|p1a: Ting-Lu|77\/100|[from] item: Leftovers\n|-damage|p1a: Ting-Lu|65\/100|[from] move: Magma Storm|[partiallytrapped]\n|upkeep\n|turn|3\n|\n|t:|1700239667\n|move|p2a: Heatran|Taunt|p1a: Ting-Lu\n|-start|p1a: Ting-Lu|move: Taunt\n|cant|p1a: Ting-Lu|move: Taunt|Whirlwind\n|\n|-heal|p2a: Heatran|88\/100|[from] item: Leftovers\n|-heal|p1a: Ting-Lu|71\/100|[from] item: Leftovers\n|-damage|p1a: Ting-Lu|58\/100|[from] move: Magma Storm|[partiallytrapped]\n|upkeep\n|turn|4\n|\n|t:|1700239671\n|move|p2a: Heatran|Magma Storm|p1a: Ting-Lu\n|-damage|p1a: Ting-Lu|35\/100\n|move|p1a: Ting-Lu|Earthquake|p2a: Heatran\n|-supereffective|p2a: Heatran\n|-crit|p2a: Heatran\n|-end|p2a: Heatran|Substitute\n|\n|-heal|p2a: Heatran|94\/100|[from] item: Leftovers\n|-heal|p1a: Ting-Lu|41\/100|[from] item: Leftovers\n|-damage|p1a: Ting-Lu|29\/100|[from] move: Magma Storm|[partiallytrapped]\n|upkeep\n|turn|5\n|\n|t:|1700239678\n|move|p2a: Heatran|Substitute|p2a: Heatran\n|-start|p2a: Heatran|Substitute\n|-damage|p2a: Heatran|69\/100\n|move|p1a: Ting-Lu|Earthquake|p2a: Heatran\n|-supereffective|p2a: Heatran\n|-end|p2a: Heatran|Substitute\n|\n|-heal|p2a: Heatran|75\/100|[from] item: Leftovers\n|-heal|p1a: Ting-Lu|35\/100|[from] item: Leftovers\n|-damage|p1a: Ting-Lu|22\/100|[from] move: Magma Storm|[partiallytrapped]\n|-end|p1a: Ting-Lu|move: Taunt\n|upkeep\n|turn|6\n|\n|t:|1700239685\n|move|p2a: Heatran|Magma Storm|p1a: Ting-Lu|[miss]\n|-miss|p2a: Heatran|p1a: Ting-Lu\n|move|p1a: Ting-Lu|Earthquake|p2a: Heatran\n|-supereffective|p2a: Heatran\n|-damage|p2a: Heatran|0 fnt\n|faint|p2a: Heatran\n|\n|-heal|p1a: Ting-Lu|29\/100|[from] item: Leftovers\n|-end|p1a: Ting-Lu|Magma Storm|[partiallytrapped]\n|upkeep\n|\n|t:|1700239698\n|switch|p2a: Scizor|Scizor, F|100\/100\n|-damage|p2a: Scizor|88\/100|[from] Stealth Rock\n|turn|7\n|\n|t:|1700239702\n|switch|p1a: Zapdos|Zapdos|100\/100\n|move|p2a: Scizor|U-turn|p1a: Zapdos\n|-resisted|p1a: Zapdos\n|-damage|p1a: Zapdos|72\/100\n|\n|t:|1700239707\n|switch|p2a: Kingambit|Kingambit, M|100\/100|[from] U-turn\n|-damage|p2a: Kingambit|94\/100|[from] Stealth Rock\n|-activate|p2a: Kingambit|ability: Supreme Overlord\n|-start|p2a: Kingambit|fallen1|[silent]\n|\n|-heal|p2a: Kingambit|100\/100|[from] item: Leftovers\n|upkeep\n|turn|8\n|\n|t:|1700239714\n|move|p1a: Zapdos|Heat Wave|p2a: Kingambit|[miss]\n|-miss|p1a: Zapdos|p2a: Kingambit\n|move|p2a: Kingambit|Swords Dance|p2a: Kingambit\n|-boost|p2a: Kingambit|atk|2\n|\n|upkeep\n|turn|9\n|\n|t:|1700239720\n|switch|p1a: Ting-Lu|Ting-Lu|29\/100\n|-ability|p1a: Ting-Lu|Vessel of Ruin\n|move|p2a: Kingambit|Sucker Punch||[still]\n|-fail|p2a: Kingambit\n|\n|-heal|p1a: Ting-Lu|35\/100|[from] item: Leftovers\n|upkeep\n|turn|10\n|\n|t:|1700239724\n|move|p2a: Kingambit|Iron Head|p1a: Ting-Lu\n|-damage|p1a: Ting-Lu|0 fnt\n|faint|p1a: Ting-Lu\n|\n|upkeep\n|\n|t:|1700239728\n|switch|p1a: Zamazenta|Zamazenta|100\/100\n|-ability|p1a: Zamazenta|Dauntless Shield|boost\n|-boost|p1a: Zamazenta|def|1\n|turn|11\n|\n|t:|1700239732\n|-end|p2a: Kingambit|fallen1|[silent]\n|switch|p2a: Garchomp|Garchomp, M|100\/100\n|-damage|p2a: Garchomp|94\/100|[from] Stealth Rock\n|move|p1a: Zamazenta|Close Combat|p2a: Garchomp\n|-damage|p2a: Garchomp|60\/100\n|-unboost|p1a: Zamazenta|def|1\n|-unboost|p1a: Zamazenta|spd|1\n|-damage|p1a: Zamazenta|88\/100|[from] ability: Rough Skin|[of] p2a: Garchomp\n|-damage|p1a: Zamazenta|72\/100|[from] item: Rocky Helmet|[of] p2a: Garchomp\n|\n|upkeep\n|turn|12\n|\n|t:|1700239739\n|switch|p1a: Ursaluna|Ursaluna, F|100\/100\n|move|p2a: Garchomp|Stealth Rock|p1a: Ursaluna\n|-sidestart|p1: OUVT TOSHI|move: Stealth Rock\n|\n|-status|p1a: Ursaluna|brn|[from] item: Flame Orb\n|upkeep\n|turn|13\n|\n|t:|1700239745\n|move|p2a: Garchomp|Earthquake|p1a: Ursaluna\n|-damage|p1a: Ursaluna|65\/100 brn\n|move|p1a: Ursaluna|Facade|p2a: Garchomp\n|-damage|p2a: Garchomp|0 fnt\n|-damage|p1a: Ursaluna|53\/100 brn|[from] ability: Rough Skin|[of] p2a: Garchomp\n|-damage|p1a: Ursaluna|37\/100 brn|[from] item: Rocky Helmet|[of] p2a: Garchomp\n|faint|p2a: Garchomp\n|\n|-damage|p1a: Ursaluna|30\/100 brn|[from] brn\n|upkeep\n|\n|t:|1700239751\n|switch|p2a: Samurott|Samurott-Hisui, M|100\/100\n|-damage|p2a: Samurott|88\/100|[from] Stealth Rock\n|turn|14\n|\n|t:|1700239759\n|switch|p1a: Zapdos|Zapdos|72\/100\n|move|p2a: Samurott|Aqua Cutter|p1a: Zapdos\n|-crit|p1a: Zapdos\n|-damage|p1a: Zapdos|1\/100\n|\n|upkeep\n|turn|15\n|\n|t:|1700239763\n|move|p2a: Samurott|Aqua Jet|p1a: Zapdos\n|-damage|p1a: Zapdos|0 fnt\n|faint|p1a: Zapdos\n|\n|upkeep\n|\n|t:|1700239767\n|switch|p1a: Ogerpon|Ogerpon-Wellspring, F|100\/100\n|-damage|p1a: Ogerpon|88\/100|[from] Stealth Rock\n|turn|16\n|\n|t:|1700239776\n|move|p1a: Ogerpon|Horn Leech|p2a: Samurott\n|-supereffective|p2a: Samurott\n|-damage|p2a: Samurott|0 fnt\n|-heal|p1a: Ogerpon|100\/100|[from] drain|[of] p2a: Samurott\n|faint|p2a: Samurott\n|\n|upkeep\n|\n|t:|1700239780\n|switch|p2a: Scizor|Scizor, F|88\/100\n|-damage|p2a: Scizor|76\/100|[from] Stealth Rock\n|turn|17\n|\n|t:|1700239785\n|move|p1a: Ogerpon|U-turn|p2a: Scizor\n|-resisted|p2a: Scizor\n|-damage|p2a: Scizor|63\/100\n|\n|t:|1700239788\n|switch|p1a: Zamazenta|Zamazenta|72\/100|[from] U-turn\n|move|p2a: Scizor|U-turn|p1a: Zamazenta\n|-resisted|p1a: Zamazenta\n|-crit|p1a: Zamazenta\n|-damage|p1a: Zamazenta|31\/100\n|\n|t:|1700239795\n|switch|p2a: Cresselia|Cresselia, F|100\/100|[from] U-turn\n|-damage|p2a: Cresselia|88\/100|[from] Stealth Rock\n|\n|upkeep\n|turn|18\n|\n|t:|1700239800\n|switch|p1a: Ursaluna|Ursaluna, F|30\/100 brn\n|-damage|p1a: Ursaluna|24\/100 brn|[from] Stealth Rock\n|move|p2a: Cresselia|Moonblast|p1a: Ursaluna\n|-damage|p1a: Ursaluna|8\/100 brn\n|-unboost|p1a: Ursaluna|spa|1\n|\n|-damage|p1a: Ursaluna|2\/100 brn|[from] brn\n|upkeep\n|turn|19\n|\n|t:|1700239802\n|move|p2a: Cresselia|Moonblast|p1a: Ursaluna\n|-damage|p1a: Ursaluna|0 fnt\n|faint|p1a: Ursaluna\n|\n|upkeep\n|\n|t:|1700239806\n|switch|p1a: Ogerpon|Ogerpon-Wellspring, F|100\/100\n|-damage|p1a: Ogerpon|88\/100|[from] Stealth Rock\n|turn|20\n|j| HelmsDeepnest\n|\n|t:|1700239830\n|move|p1a: Ogerpon|Swords Dance|p1a: Ogerpon\n|-boost|p1a: Ogerpon|atk|2\n|move|p2a: Cresselia|Moonblast|p1a: Ogerpon\n|-damage|p1a: Ogerpon|69\/100\n|\n|upkeep\n|turn|21\n|\n|t:|1700239844\n|move|p1a: Ogerpon|Swords Dance|p1a: Ogerpon\n|-boost|p1a: Ogerpon|atk|2\n|move|p2a: Cresselia|Moonblast|p1a: Ogerpon\n|-damage|p1a: Ogerpon|50\/100\n|\n|upkeep\n|turn|22\n|\n|t:|1700239851\n|switch|p2a: Scizor|Scizor, F|63\/100\n|-damage|p2a: Scizor|51\/100|[from] Stealth Rock\n|move|p1a: Ogerpon|Horn Leech|p2a: Scizor\n|-resisted|p2a: Scizor\n|-damage|p2a: Scizor|20\/100\n|-heal|p1a: Ogerpon|68\/100|[from] drain|[of] p2a: Scizor\n|\n|upkeep\n|turn|23\n|\n|t:|1700239855\n|move|p2a: Scizor|Bullet Punch|p1a: Ogerpon\n|-resisted|p1a: Ogerpon\n|-damage|p1a: Ogerpon|34\/100\n|move|p1a: Ogerpon|Horn Leech|p2a: Scizor\n|-resisted|p2a: Scizor\n|-damage|p2a: Scizor|0 fnt\n|-heal|p1a: Ogerpon|45\/100|[from] drain|[of] p2a: Scizor\n|faint|p2a: Scizor\n|\n|upkeep\n|\n|t:|1700239858\n|switch|p2a: Kingambit|Kingambit, M|100\/100\n|-damage|p2a: Kingambit|94\/100|[from] Stealth Rock\n|-activate|p2a: Kingambit|ability: Supreme Overlord\n|-start|p2a: Kingambit|fallen4|[silent]\n|turn|24\n|\n|t:|1700239866\n|switch|p1a: Iron Moth|Iron Moth|100\/100\n|-damage|p1a: Iron Moth|76\/100|[from] Stealth Rock\n|-enditem|p1a: Iron Moth|Booster Energy\n|-activate|p1a: Iron Moth|ability: Quark Drive|[fromitem]\n|-start|p1a: Iron Moth|quarkdrivespe\n|move|p2a: Kingambit|Sucker Punch||[still]\n|-fail|p2a: Kingambit\n|\n|-heal|p2a: Kingambit|100\/100|[from] item: Leftovers\n|upkeep\n|turn|25\n|\n|t:|1700239872\n|-terastallize|p1a: Iron Moth|Fairy\n|move|p1a: Iron Moth|Fiery Dance|p2a: Kingambit\n|-supereffective|p2a: Kingambit\n|-damage|p2a: Kingambit|41\/100\n|move|p2a: Kingambit|Swords Dance|p2a: Kingambit\n|-boost|p2a: Kingambit|atk|2\n|\n|-heal|p2a: Kingambit|47\/100|[from] item: Leftovers\n|upkeep\n|turn|26\n|\n|t:|1700239879\n|-terastallize|p2a: Kingambit|Flying\n|move|p1a: Iron Moth|Fiery Dance|p2a: Kingambit\n|-damage|p2a: Kingambit|19\/100\n|move|p2a: Kingambit|Iron Head|p1a: Iron Moth\n|-supereffective|p1a: Iron Moth\n|-crit|p1a: Iron Moth\n|-damage|p1a: Iron Moth|0 fnt\n|faint|p1a: Iron Moth\n|-end|p1a: Iron Moth|Quark Drive|[silent]\n|\n|-heal|p2a: Kingambit|25\/100|[from] item: Leftovers\n|upkeep\n|\n|t:|1700239888\n|switch|p1a: Zamazenta|Zamazenta|31\/100\n|turn|27\n|\n|t:|1700239893\n|move|p2a: Kingambit|Sucker Punch|p1a: Zamazenta\n|-resisted|p1a: Zamazenta\n|-damage|p1a: Zamazenta|0 fnt\n|faint|p1a: Zamazenta\n|\n|-heal|p2a: Kingambit|31\/100|[from] item: Leftovers\n|upkeep\n|c|\u2606OUVT TOSHI|gg\n|\n|t:|1700239901\n|switch|p1a: Ogerpon|Ogerpon-Wellspring, F|45\/100\n|-damage|p1a: Ogerpon|33\/100|[from] Stealth Rock\n|turn|28\n|\n|t:|1700239907\n|move|p1a: Ogerpon|Ivy Cudgel|p2a: Kingambit|[anim] Ivy Cudgel Water\n|-damage|p2a: Kingambit|0 fnt\n|faint|p2a: Kingambit\n|-end|p2a: Kingambit|fallen4|[silent]\n|\n|upkeep\n|\n|t:|1700239909\n|switch|p2a: Cresselia|Cresselia, F|88\/100\n|-damage|p2a: Cresselia|76\/100|[from] Stealth Rock\n|turn|29\n|\n|t:|1700239915\n|move|p1a: Ogerpon|Horn Leech|p2a: Cresselia\n|-damage|p2a: Cresselia|53\/100\n|-heal|p1a: Ogerpon|50\/100|[from] drain|[of] p2a: Cresselia\n|-enditem|p2a: Cresselia|Kee Berry|[eat]\n|-boost|p2a: Cresselia|def|1|[from] item: Kee Berry\n|move|p2a: Cresselia|Moonblast|p1a: Ogerpon\n|-damage|p1a: Ogerpon|29\/100\n|\n|upkeep\n|turn|30\n|\n|t:|1700239921\n|move|p1a: Ogerpon|Swords Dance|p1a: Ogerpon\n|-boost|p1a: Ogerpon|atk|2\n|move|p2a: Cresselia|Moonblast|p1a: Ogerpon\n|-damage|p1a: Ogerpon|9\/100\n|-unboost|p1a: Ogerpon|spa|1\n|\n|upkeep\n|turn|31\n|\n|t:|1700239927\n|move|p1a: Ogerpon|Horn Leech|p2a: Cresselia\n|-damage|p2a: Cresselia|24\/100\n|-heal|p1a: Ogerpon|30\/100|[from] drain|[of] p2a: Cresselia\n|move|p2a: Cresselia|Moonblast|p1a: Ogerpon\n|-damage|p1a: Ogerpon|12\/100\n|\n|upkeep\n|turn|32\n|\n|t:|1700239933\n|move|p1a: Ogerpon|U-turn|p2a: Cresselia\n|-supereffective|p2a: Cresselia\n|-damage|p2a: Cresselia|0 fnt\n|faint|p2a: Cresselia\n|\n|win|OUVT TOSHI\n|raw|OUVT TOSHI's rating: 1746 &rarr; <strong>1768<\/strong><br \/>(+22 for winning)\n|raw|TrepYT's rating: 1783 &rarr; <strong>1761<\/strong><br \/>(-22 for losing)\n|l| JordiElNinoAlola\n","uploadtime":1700239944,"views":20,"p1id":"ouvttoshi","p2id":"trepyt","formatid":"gen9ou","rating":1761,"private":0,"password":""}