{"id":"gen9ou-1991412989","p1":"Diamond_RushingLad","p2":"Songfossil","format":"[Gen 9] OU","log":"|j|\u2606Diamond_RushingLad\n|j|\u2606Songfossil\n|t:|1700074997\n|gametype|singles\n|player|p1|Diamond_RushingLad|grusha|1086\n|player|p2|Songfossil|101|1130\n|teamsize|p1|6\n|teamsize|p2|6\n|gen|9\n|tier|[Gen 9] OU\n|rated|\n|rule|Sleep Clause Mod: Limit one foe put to sleep\n|rule|Species Clause: Limit one of each Pok\u00e9mon\n|rule|OHKO Clause: OHKO moves are banned\n|rule|Evasion Items Clause: Evasion items are banned\n|rule|Evasion Moves Clause: Evasion moves are banned\n|rule|Endless Battle Clause: Forcing endless battles is banned\n|rule|HP Percentage Mod: HP is shown in percentages\n|clearpoke\n|poke|p1|Zamazenta-*|\n|poke|p1|Gholdengo|\n|poke|p1|Hatterene, F|\n|poke|p1|Samurott-Hisui, F|\n|poke|p1|Corviknight, F|\n|poke|p1|Sandy Shocks|\n|poke|p2|Empoleon, F|\n|poke|p2|Rillaboom, M|\n|poke|p2|Great Tusk|\n|poke|p2|Jolteon, M|\n|poke|p2|Ogerpon-Cornerstone, F|\n|poke|p2|Iron Moth|\n|teampreview\n|c|\u2606Diamond_RushingLad|Gl Hf\n|\n|t:|1700075021\n|start\n|switch|p1a: Hatterene|Hatterene, F|100\/100\n|switch|p2a: Jolteon|Jolteon, M|100\/100\n|turn|1\n|inactive|Battle timer is ON: inactive players will automatically lose when time's up. (requested by Songfossil)\n|\n|t:|1700075030\n|move|p2a: Jolteon|Shadow Ball|p1a: Hatterene\n|-supereffective|p1a: Hatterene\n|-damage|p1a: Hatterene|20\/100\n|move|p1a: Hatterene|Psychic|p2a: Jolteon\n|-damage|p2a: Jolteon|49\/100\n|\n|-heal|p1a: Hatterene|26\/100|[from] item: Leftovers\n|upkeep\n|turn|2\n|\n|t:|1700075047\n|switch|p1a: Sandy Shocks|Sandy Shocks|100\/100\n|move|p2a: Jolteon|Shadow Ball|p1a: Sandy Shocks\n|-damage|p1a: Sandy Shocks|56\/100\n|\n|upkeep\n|turn|3\n|\n|t:|1700075057\n|switch|p2a: Rillaboom|Rillaboom, M|100\/100\n|-fieldstart|move: Grassy Terrain|[from] ability: Grassy Surge|[of] p2a: Rillaboom\n|move|p1a: Sandy Shocks|Earth Power|p2a: Rillaboom\n|-resisted|p2a: Rillaboom\n|-damage|p2a: Rillaboom|73\/100\n|\n|-heal|p1a: Sandy Shocks|62\/100|[from] Grassy Terrain\n|-heal|p2a: Rillaboom|79\/100|[from] Grassy Terrain\n|upkeep\n|turn|4\n|\n|t:|1700075065\n|-end|p1a: Sandy Shocks|Protosynthesis|[silent]\n|switch|p1a: Corviknight|Corviknight, F|100\/100\n|-ability|p1a: Corviknight|Pressure\n|move|p2a: Rillaboom|Knock Off|p1a: Corviknight\n|-damage|p1a: Corviknight|82\/100\n|-damage|p2a: Rillaboom|63\/100|[from] item: Rocky Helmet|[of] p1a: Corviknight\n|-enditem|p1a: Corviknight|Rocky Helmet|[from] move: Knock Off|[of] p2a: Rillaboom\n|\n|-heal|p2a: Rillaboom|69\/100|[from] Grassy Terrain\n|upkeep\n|turn|5\n|\n|t:|1700075078\n|move|p2a: Rillaboom|U-turn|p1a: Corviknight\n|-resisted|p1a: Corviknight\n|-damage|p1a: Corviknight|79\/100\n|\n|t:|1700075081\n|switch|p2a: Empoleon|Empoleon, F|100\/100|[from] U-turn\n|move|p1a: Corviknight|U-turn|p2a: Empoleon\n|-resisted|p2a: Empoleon\n|-damage|p2a: Empoleon|92\/100\n|\n|t:|1700075094\n|switch|p1a: Sandy Shocks|Sandy Shocks|62\/100|[from] U-turn\n|\n|-heal|p1a: Sandy Shocks|68\/100|[from] Grassy Terrain\n|-heal|p2a: Empoleon|98\/100|[from] Grassy Terrain\n|upkeep\n|turn|6\n|\n|t:|1700075101\n|switch|p2a: Jolteon|Jolteon, M|49\/100\n|move|p1a: Sandy Shocks|Volt Switch|p2a: Jolteon\n|-heal|p2a: Jolteon|74\/100|[from] ability: Volt Absorb|[of] p1a: Sandy Shocks\n|\n|-heal|p1a: Sandy Shocks|74\/100|[from] Grassy Terrain\n|-heal|p2a: Jolteon|80\/100|[from] Grassy Terrain\n|upkeep\n|turn|7\n|\n|t:|1700075111\n|-end|p1a: Sandy Shocks|Protosynthesis|[silent]\n|switch|p1a: Gholdengo|Gholdengo|100\/100\n|-terastallize|p2a: Jolteon|Ice\n|move|p2a: Jolteon|Tera Blast|p1a: Gholdengo|[anim] Tera Blast Ice\n|-resisted|p1a: Gholdengo\n|-damage|p1a: Gholdengo|82\/100\n|\n|-heal|p2a: Jolteon|86\/100|[from] Grassy Terrain\n|-heal|p1a: Gholdengo|88\/100|[from] Grassy Terrain\n|-heal|p1a: Gholdengo|94\/100|[from] item: Leftovers\n|-fieldend|move: Grassy Terrain\n|upkeep\n|turn|8\n|\n|t:|1700075118\n|switch|p2a: Iron Moth|Iron Moth|100\/100\n|move|p1a: Gholdengo|Thunder Wave|p2a: Iron Moth|[miss]\n|-miss|p1a: Gholdengo|p2a: Iron Moth\n|\n|-heal|p1a: Gholdengo|99\/100|[from] item: Leftovers\n|upkeep\n|turn|9\n|\n|t:|1700075127\n|switch|p1a: Samurott|Samurott-Hisui, F|100\/100\n|move|p2a: Iron Moth|Energy Ball|p1a: Samurott\n|-supereffective|p1a: Samurott\n|-damage|p1a: Samurott|34\/100\n|-unboost|p1a: Samurott|spd|1\n|\n|upkeep\n|turn|10\n|\n|t:|1700075139\n|move|p1a: Samurott|Aqua Jet|p2a: Iron Moth\n|-supereffective|p2a: Iron Moth\n|-damage|p2a: Iron Moth|38\/100\n|move|p2a: Iron Moth|Energy Ball|p1a: Samurott\n|-supereffective|p1a: Samurott\n|-damage|p1a: Samurott|0 fnt\n|faint|p1a: Samurott\n|\n|upkeep\n|\n|t:|1700075153\n|switch|p1a: Sandy Shocks|Sandy Shocks|74\/100\n|turn|11\n|\n|t:|1700075157\n|move|p2a: Iron Moth|Energy Ball|p1a: Sandy Shocks\n|-supereffective|p1a: Sandy Shocks\n|-damage|p1a: Sandy Shocks|0 fnt\n|faint|p1a: Sandy Shocks\n|-end|p1a: Sandy Shocks|Protosynthesis|[silent]\n|\n|upkeep\n|\n|t:|1700075167\n|switch|p1a: Zamazenta|Zamazenta|100\/100\n|-ability|p1a: Zamazenta|Dauntless Shield|boost\n|-boost|p1a: Zamazenta|def|1\n|turn|12\n|\n|t:|1700075181\n|-end|p2a: Iron Moth|Quark Drive|[silent]\n|switch|p2a: Jolteon|Jolteon, M, tera:Ice|86\/100\n|-terastallize|p1a: Zamazenta|Steel\n|move|p1a: Zamazenta|Iron Defense|p1a: Zamazenta\n|-boost|p1a: Zamazenta|def|2\n|\n|upkeep\n|turn|13\n|\n|t:|1700075186\n|move|p2a: Jolteon|Thunderbolt|p1a: Zamazenta\n|-damage|p1a: Zamazenta|50\/100\n|move|p1a: Zamazenta|Body Press|p2a: Jolteon\n|-supereffective|p2a: Jolteon\n|-damage|p2a: Jolteon|0 fnt\n|faint|p2a: Jolteon\n|\n|-heal|p1a: Zamazenta|56\/100|[from] item: Leftovers\n|upkeep\n|\n|t:|1700075200\n|switch|p2a: Great Tusk|Great Tusk|100\/100\n|-enditem|p2a: Great Tusk|Booster Energy\n|-activate|p2a: Great Tusk|ability: Protosynthesis|[fromitem]\n|-start|p2a: Great Tusk|protosynthesisatk\n|turn|14\n|\n|t:|1700075219\n|move|p1a: Zamazenta|Substitute|p1a: Zamazenta\n|-start|p1a: Zamazenta|Substitute\n|-damage|p1a: Zamazenta|31\/100\n|move|p2a: Great Tusk|Rapid Spin|p1a: Zamazenta\n|-resisted|p1a: Zamazenta\n|-activate|p1a: Zamazenta|move: Substitute|[damage]\n|-boost|p2a: Great Tusk|spe|1\n|\n|-heal|p1a: Zamazenta|38\/100|[from] item: Leftovers\n|upkeep\n|turn|15\n|\n|t:|1700075227\n|move|p2a: Great Tusk|Earthquake|p1a: Zamazenta\n|-supereffective|p1a: Zamazenta\n|-end|p1a: Zamazenta|Substitute\n|move|p1a: Zamazenta|Iron Defense|p1a: Zamazenta\n|-boost|p1a: Zamazenta|def|2\n|\n|-heal|p1a: Zamazenta|44\/100|[from] item: Leftovers\n|upkeep\n|turn|16\n|\n|t:|1700075231\n|move|p2a: Great Tusk|Earthquake|p1a: Zamazenta\n|-supereffective|p1a: Zamazenta\n|-damage|p1a: Zamazenta|14\/100\n|move|p1a: Zamazenta|Body Press|p2a: Great Tusk\n|-damage|p2a: Great Tusk|8\/100\n|\n|-heal|p1a: Zamazenta|21\/100|[from] item: Leftovers\n|upkeep\n|turn|17\n|\n|t:|1700075237\n|move|p2a: Great Tusk|Earthquake|p1a: Zamazenta\n|-supereffective|p1a: Zamazenta\n|-damage|p1a: Zamazenta|0 fnt\n|faint|p1a: Zamazenta\n|\n|upkeep\n|\n|t:|1700075238\n|switch|p1a: Corviknight|Corviknight, F|79\/100\n|-ability|p1a: Corviknight|Pressure\n|turn|18\n|\n|t:|1700075243\n|move|p2a: Great Tusk|Close Combat|p1a: Corviknight\n|-damage|p1a: Corviknight|35\/100\n|-unboost|p2a: Great Tusk|def|1\n|-unboost|p2a: Great Tusk|spd|1\n|move|p1a: Corviknight|U-turn|p2a: Great Tusk\n|-resisted|p2a: Great Tusk\n|-damage|p2a: Great Tusk|0 fnt\n|faint|p2a: Great Tusk\n|-end|p2a: Great Tusk|Protosynthesis|[silent]\n|\n|t:|1700075246\n|switch|p1a: Gholdengo|Gholdengo|99\/100|[from] U-turn\n|\n|-heal|p1a: Gholdengo|100\/100|[from] item: Leftovers\n|upkeep\n|\n|t:|1700075249\n|switch|p2a: Iron Moth|Iron Moth|38\/100\n|turn|19\n|\n|t:|1700075254\n|move|p2a: Iron Moth|Overheat|p1a: Gholdengo\n|-supereffective|p1a: Gholdengo\n|-damage|p1a: Gholdengo|4\/100\n|-unboost|p2a: Iron Moth|spa|2\n|move|p1a: Gholdengo|Thunder Wave|p2a: Iron Moth\n|-status|p2a: Iron Moth|par\n|\n|-heal|p1a: Gholdengo|10\/100|[from] item: Leftovers\n|upkeep\n|turn|20\n|\n|t:|1700075281\n|switch|p1a: Corviknight|Corviknight, F|35\/100\n|-ability|p1a: Corviknight|Pressure\n|cant|p2a: Iron Moth|par\n|\n|upkeep\n|turn|21\n|\n|t:|1700075293\n|-end|p2a: Iron Moth|Quark Drive|[silent]\n|switch|p2a: Ogerpon|Ogerpon-Cornerstone, F|100\/100\n|move|p1a: Corviknight|Roost|p1a: Corviknight\n|-heal|p1a: Corviknight|85\/100\n|-singleturn|p1a: Corviknight|move: Roost\n|\n|upkeep\n|turn|22\n|\n|t:|1700075303\n|move|p2a: Ogerpon|Swords Dance|p2a: Ogerpon\n|-boost|p2a: Ogerpon|atk|2\n|move|p1a: Corviknight|Brave Bird|p2a: Ogerpon\n|-damage|p2a: Ogerpon|56\/100\n|-damage|p1a: Corviknight|74\/100|[from] Recoil\n|\n|upkeep\n|turn|23\n|\n|t:|1700075312\n|move|p2a: Ogerpon|Ivy Cudgel|p1a: Corviknight|[anim] Ivy Cudgel Rock\n|-damage|p1a: Corviknight|0 fnt\n|faint|p1a: Corviknight\n|\n|upkeep\n|\n|t:|1700075315\n|switch|p1a: Hatterene|Hatterene, F|26\/100\n|turn|24\n|c|\u2606Diamond_RushingLad|gg\n|\n|t:|1700075324\n|move|p2a: Ogerpon|Ivy Cudgel|p1a: Hatterene|[anim] Ivy Cudgel Rock\n|-damage|p1a: Hatterene|0 fnt\n|faint|p1a: Hatterene\n|\n|upkeep\n|\n|t:|1700075327\n|switch|p1a: Gholdengo|Gholdengo|10\/100\n|turn|25\n|\n|t:|1700075331\n|move|p2a: Ogerpon|Ivy Cudgel|p1a: Gholdengo|[anim] Ivy Cudgel Rock\n|-resisted|p1a: Gholdengo\n|-damage|p1a: Gholdengo|0 fnt\n|faint|p1a: Gholdengo\n|\n|win|Songfossil\n|raw|Diamond_RushingLad's rating: 1086 &rarr; <strong>1066<\/strong><br \/>(-20 for losing)\n|raw|Songfossil's rating: 1130 &rarr; <strong>1152<\/strong><br \/>(+22 for winning)\n","uploadtime":1700075337,"views":8,"p1id":"diamondrushinglad","p2id":"songfossil","formatid":"gen9ou","rating":1066,"private":0,"password":""}