{"id":"gen9ou-1997775126","p1":"Aggron","p2":"Home is wild","format":"[Gen 9] OU","log":"|j|\u2606Aggron\n|j|\u2606Home is wild\n|t:|1700851319\n|gametype|singles\n|player|p1|Aggron|pokefan-gen4|1806\n|player|p2|Home is wild|1|1841\n|teamsize|p1|6\n|teamsize|p2|6\n|gen|9\n|tier|[Gen 9] OU\n|rated|\n|rule|Sleep Clause Mod: Limit one foe put to sleep\n|rule|Species Clause: Limit one of each Pok\u00e9mon\n|rule|OHKO Clause: OHKO moves are banned\n|rule|Evasion Items Clause: Evasion items are banned\n|rule|Evasion Moves Clause: Evasion moves are banned\n|rule|Endless Battle Clause: Forcing endless battles is banned\n|rule|HP Percentage Mod: HP is shown in percentages\n|clearpoke\n|poke|p1|Sinistcha-Masterpiece|\n|poke|p1|Heatran, M|\n|poke|p1|Rillaboom, F|\n|poke|p1|Samurott-Hisui, F|\n|poke|p1|Tyranitar, F|\n|poke|p1|Ogerpon-Cornerstone, F|\n|poke|p2|Cinderace, M|\n|poke|p2|Muk-Alola, M|\n|poke|p2|Dondozo, F|\n|poke|p2|Landorus-Therian, M|\n|poke|p2|Zamazenta-*|\n|poke|p2|Clefable, F|\n|teampreview\n|inactive|Battle timer is ON: inactive players will automatically lose when time's up. (requested by Aggron)\n|j| yoymate\n|inactive|Home is wild has 120 seconds left.\n|j| dfghhhg\n|j| Penelopito03\n|inactive|Home is wild has 90 seconds left.\n|\n|t:|1700851387\n|start\n|switch|p1a: Tyranitar|Tyranitar, F|100\/100\n|switch|p2a: Landorus|Landorus-Therian, M|100\/100\n|-ability|p2a: Landorus|Intimidate|boost\n|-unboost|p1a: Tyranitar|atk|1\n|-weather|Sandstorm|[from] ability: Sand Stream|[of] p1a: Tyranitar\n|turn|1\n|\n|t:|1700851405\n|move|p2a: Landorus|U-turn|p1a: Tyranitar\n|-supereffective|p1a: Tyranitar\n|-damage|p1a: Tyranitar|63\/100\n|\n|t:|1700851408\n|switch|p2a: Clefable|Clefable, F|100\/100|[from] U-turn\n|move|p1a: Tyranitar|Ice Beam|p2a: Clefable\n|-damage|p2a: Clefable|81\/100\n|\n|-weather|Sandstorm|[upkeep]\n|upkeep\n|turn|2\n|\n|t:|1700851416\n|move|p1a: Tyranitar|Knock Off|p2a: Clefable\n|-resisted|p2a: Clefable\n|-damage|p2a: Clefable|69\/100\n|-enditem|p2a: Clefable|Sticky Barb|[from] move: Knock Off|[of] p1a: Tyranitar\n|move|p2a: Clefable|Knock Off|p1a: Tyranitar\n|-resisted|p1a: Tyranitar\n|-damage|p1a: Tyranitar|57\/100\n|-enditem|p1a: Tyranitar|Heavy-Duty Boots|[from] move: Knock Off|[of] p2a: Clefable\n|\n|-weather|Sandstorm|[upkeep]\n|upkeep\n|turn|3\n|\n|t:|1700851425\n|switch|p1a: Heatran|Heatran, M|100\/100\n|-item|p1a: Heatran|Air Balloon\n|move|p2a: Clefable|Wish|p2a: Clefable\n|\n|-weather|Sandstorm|[upkeep]\n|upkeep\n|turn|4\n|\n|t:|1700851430\n|switch|p2a: Cinderace|Cinderace, M|100\/100\n|move|p1a: Heatran|Stealth Rock|p2a: Cinderace\n|-sidestart|p2: Home is wild|move: Stealth Rock\n|\n|-weather|Sandstorm|[upkeep]\n|-damage|p2a: Cinderace|94\/100|[from] Sandstorm\n|-heal|p2a: Cinderace|100\/100|[from] move: Wish|[wisher] Clefable\n|upkeep\n|turn|5\n|\n|t:|1700851433\n|move|p2a: Cinderace|U-turn|p1a: Heatran\n|-resisted|p1a: Heatran\n|-damage|p1a: Heatran|96\/100\n|-enditem|p1a: Heatran|Air Balloon\n|\n|t:|1700851434\n|switch|p2a: Landorus|Landorus-Therian, M|100\/100|[from] U-turn\n|-damage|p2a: Landorus|88\/100|[from] Stealth Rock\n|-ability|p2a: Landorus|Intimidate|boost\n|-unboost|p1a: Heatran|atk|1\n|move|p1a: Heatran|Earth Power|p2a: Landorus\n|-immune|p2a: Landorus\n|\n|-weather|none\n|upkeep\n|turn|6\n|\n|t:|1700851440\n|switch|p1a: Sinistcha|Sinistcha-Masterpiece|100\/100\n|move|p2a: Landorus|U-turn|p1a: Sinistcha\n|-damage|p1a: Sinistcha|84\/100\n|\n|t:|1700851442\n|switch|p2a: Cinderace|Cinderace, M|100\/100|[from] U-turn\n|\n|upkeep\n|turn|7\n|\n|t:|1700851446\n|move|p2a: Cinderace|Court Change|p2a: Cinderace\n|-swapsideconditions\n|-activate|p2a: Cinderace|move: Court Change\n|move|p1a: Sinistcha|Matcha Gotcha|p2a: Cinderace\n|-resisted|p2a: Cinderace\n|-damage|p2a: Cinderace|81\/100\n|-heal|p1a: Sinistcha|94\/100|[from] drain|[of] p2a: Cinderace\n|\n|upkeep\n|turn|8\n|\n|t:|1700851450\n|move|p2a: Cinderace|U-turn|p1a: Sinistcha\n|-damage|p1a: Sinistcha|82\/100\n|\n|t:|1700851452\n|switch|p2a: Muk|Muk-Alola, M|100\/100|[from] U-turn\n|move|p1a: Sinistcha|Matcha Gotcha|p2a: Muk|[miss]\n|-miss|p1a: Sinistcha|p2a: Muk\n|\n|upkeep\n|turn|9\n|\n|t:|1700851455\n|switch|p1a: Heatran|Heatran, M|96\/100\n|-damage|p1a: Heatran|83\/100|[from] Stealth Rock\n|move|p2a: Muk|Knock Off|p1a: Heatran\n|-damage|p1a: Heatran|58\/100\n|-status|p2a: Muk|brn|[from] ability: Flame Body|[of] p1a: Heatran\n|\n|-damage|p2a: Muk|94\/100 brn|[from] brn\n|upkeep\n|turn|10\n|\n|t:|1700851462\n|switch|p2a: Landorus|Landorus-Therian, M|88\/100\n|-ability|p2a: Landorus|Intimidate|boost\n|-unboost|p1a: Heatran|atk|1\n|move|p1a: Heatran|Stealth Rock|p2a: Landorus\n|-sidestart|p2: Home is wild|move: Stealth Rock\n|\n|upkeep\n|turn|11\n|\n|t:|1700851466\n|switch|p1a: Sinistcha|Sinistcha-Masterpiece|82\/100\n|move|p2a: Landorus|Earthquake|p1a: Sinistcha\n|-resisted|p1a: Sinistcha\n|-damage|p1a: Sinistcha|66\/100\n|\n|upkeep\n|turn|12\n|\n|t:|1700851470\n|switch|p1a: Heatran|Heatran, M|58\/100\n|-damage|p1a: Heatran|46\/100|[from] Stealth Rock\n|move|p2a: Landorus|U-turn|p1a: Heatran\n|-resisted|p1a: Heatran\n|-damage|p1a: Heatran|40\/100\n|-status|p2a: Landorus|brn|[from] ability: Flame Body|[of] p1a: Heatran\n|\n|t:|1700851474\n|switch|p2a: Cinderace|Cinderace, M|81\/100|[from] U-turn\n|\n|upkeep\n|turn|13\n|\n|t:|1700851483\n|move|p2a: Cinderace|Pyro Ball|p1a: Heatran\n|-damage|p1a: Heatran|0 fnt\n|faint|p1a: Heatran\n|\n|upkeep\n|\n|t:|1700851490\n|switch|p1a: Sinistcha|Sinistcha-Masterpiece|66\/100\n|turn|14\n|\n|t:|1700851492\n|move|p2a: Cinderace|Will-O-Wisp|p1a: Sinistcha|[miss]\n|-miss|p2a: Cinderace|p1a: Sinistcha\n|move|p1a: Sinistcha|Strength Sap|p2a: Cinderace\n|-unboost|p2a: Cinderace|atk|1\n|-heal|p1a: Sinistcha|100\/100\n|\n|upkeep\n|turn|15\n|\n|t:|1700851508\n|move|p2a: Cinderace|Will-O-Wisp|p1a: Sinistcha|[miss]\n|-miss|p2a: Cinderace|p1a: Sinistcha\n|move|p1a: Sinistcha|Shadow Ball|p2a: Cinderace\n|-damage|p2a: Cinderace|44\/100\n|-unboost|p2a: Cinderace|spd|1\n|\n|upkeep\n|turn|16\n|l| yoymate\n|inactive|Home is wild has 120 seconds left.\n|\n|t:|1700851544\n|move|p2a: Cinderace|U-turn|p1a: Sinistcha\n|-damage|p1a: Sinistcha|92\/100\n|\n|t:|1700851545\n|switch|p2a: Muk|Muk-Alola, M|94\/100 brn|[from] U-turn\n|-damage|p2a: Muk|82\/100 brn|[from] Stealth Rock\n|move|p1a: Sinistcha|Shadow Ball|p2a: Muk\n|-resisted|p2a: Muk\n|-damage|p2a: Muk|72\/100 brn\n|\n|-heal|p2a: Muk|79\/100 brn|[from] item: Leftovers\n|-damage|p2a: Muk|72\/100 brn|[from] brn\n|upkeep\n|turn|17\n|\n|t:|1700851549\n|switch|p1a: Tyranitar|Tyranitar, F|57\/100\n|-damage|p1a: Tyranitar|45\/100|[from] Stealth Rock\n|-weather|Sandstorm|[from] ability: Sand Stream|[of] p1a: Tyranitar\n|move|p2a: Muk|Knock Off|p1a: Tyranitar\n|-resisted|p1a: Tyranitar\n|-damage|p1a: Tyranitar|40\/100\n|\n|-weather|Sandstorm|[upkeep]\n|-damage|p2a: Muk|66\/100 brn|[from] Sandstorm\n|-heal|p2a: Muk|72\/100 brn|[from] item: Leftovers\n|-damage|p2a: Muk|66\/100 brn|[from] brn\n|upkeep\n|turn|18\n|\n|t:|1700851553\n|switch|p2a: Clefable|Clefable, F|69\/100\n|move|p1a: Tyranitar|Rest|p1a: Tyranitar\n|-status|p1a: Tyranitar|slp|[from] move: Rest\n|-heal|p1a: Tyranitar|100\/100 slp|[silent]\n|\n|-weather|Sandstorm|[upkeep]\n|upkeep\n|turn|19\n|\n|t:|1700851575\n|switch|p1a: Ogerpon|Ogerpon-Cornerstone, F|100\/100\n|-damage|p1a: Ogerpon|88\/100|[from] Stealth Rock\n|move|p2a: Clefable|Wish|p2a: Clefable\n|\n|-weather|Sandstorm|[upkeep]\n|upkeep\n|turn|20\n|l| Penelopito03\n|j| Roshino\n|inactive|Home is wild has 120 seconds left.\n|\n|t:|1700851616\n|switch|p2a: Dondozo|Dondozo, F|100\/100\n|-damage|p2a: Dondozo|88\/100|[from] Stealth Rock\n|move|p1a: Ogerpon|Swords Dance|p1a: Ogerpon\n|-boost|p1a: Ogerpon|atk|2\n|\n|-weather|Sandstorm|[upkeep]\n|-damage|p2a: Dondozo|82\/100|[from] Sandstorm\n|-heal|p2a: Dondozo|100\/100|[from] move: Wish|[wisher] Clefable\n|upkeep\n|turn|21\n|\n|t:|1700851624\n|-terastallize|p2a: Dondozo|Dragon\n|move|p1a: Ogerpon|Horn Leech|p2a: Dondozo\n|-resisted|p2a: Dondozo\n|-damage|p2a: Dondozo|90\/100\n|-heal|p1a: Ogerpon|97\/100|[from] drain|[of] p2a: Dondozo\n|move|p2a: Dondozo|Body Press|p1a: Ogerpon\n|-supereffective|p1a: Ogerpon\n|-damage|p1a: Ogerpon|27\/100\n|\n|-weather|none\n|-heal|p2a: Dondozo|97\/100|[from] item: Leftovers\n|upkeep\n|turn|22\n|\n|t:|1700851630\n|switch|p1a: Sinistcha|Sinistcha-Masterpiece|92\/100\n|move|p2a: Dondozo|Liquidation|p1a: Sinistcha\n|-resisted|p1a: Sinistcha\n|-damage|p1a: Sinistcha|82\/100\n|\n|-heal|p2a: Dondozo|100\/100|[from] item: Leftovers\n|upkeep\n|turn|23\n|\n|t:|1700851637\n|switch|p2a: Clefable|Clefable, F|69\/100\n|move|p1a: Sinistcha|Matcha Gotcha|p2a: Clefable|[miss]\n|-miss|p1a: Sinistcha|p2a: Clefable\n|\n|upkeep\n|turn|24\n|\n|t:|1700851646\n|move|p1a: Sinistcha|Calm Mind|p1a: Sinistcha\n|-boost|p1a: Sinistcha|spa|1\n|-boost|p1a: Sinistcha|spd|1\n|move|p2a: Clefable|Wish|p2a: Clefable\n|\n|upkeep\n|turn|25\n|\n|t:|1700851649\n|switch|p2a: Muk|Muk-Alola, M|66\/100 brn\n|-damage|p2a: Muk|54\/100 brn|[from] Stealth Rock\n|move|p1a: Sinistcha|Matcha Gotcha|p2a: Muk\n|-resisted|p2a: Muk\n|-damage|p2a: Muk|40\/100 brn\n|-heal|p1a: Sinistcha|91\/100|[from] drain|[of] p2a: Muk\n|\n|-heal|p2a: Muk|87\/100 brn|[from] move: Wish|[wisher] Clefable\n|-heal|p2a: Muk|93\/100 brn|[from] item: Leftovers\n|-damage|p2a: Muk|87\/100 brn|[from] brn\n|upkeep\n|turn|26\n|\n|t:|1700851656\n|switch|p1a: Tyranitar|Tyranitar, F|100\/100 slp\n|-damage|p1a: Tyranitar|88\/100 slp|[from] Stealth Rock\n|-weather|Sandstorm|[from] ability: Sand Stream|[of] p1a: Tyranitar\n|move|p2a: Muk|Poison Jab|p1a: Tyranitar\n|-resisted|p1a: Tyranitar\n|-damage|p1a: Tyranitar|82\/100 slp\n|\n|-weather|Sandstorm|[upkeep]\n|-damage|p2a: Muk|81\/100 brn|[from] Sandstorm\n|-heal|p2a: Muk|87\/100 brn|[from] item: Leftovers\n|-damage|p2a: Muk|81\/100 brn|[from] brn\n|upkeep\n|turn|27\n|\n|t:|1700851661\n|switch|p2a: Clefable|Clefable, F|69\/100\n|cant|p1a: Tyranitar|slp\n|\n|-weather|Sandstorm|[upkeep]\n|upkeep\n|turn|28\n|\n|t:|1700851670\n|switch|p1a: Rillaboom|Rillaboom, F, shiny|100\/100\n|-damage|p1a: Rillaboom|88\/100|[from] Stealth Rock\n|-fieldstart|move: Grassy Terrain|[from] ability: Grassy Surge|[of] p1a: Rillaboom\n|move|p2a: Clefable|Wish|p2a: Clefable\n|\n|-weather|Sandstorm|[upkeep]\n|-damage|p1a: Rillaboom|82\/100|[from] Sandstorm\n|-heal|p1a: Rillaboom|88\/100|[from] Grassy Terrain\n|-heal|p2a: Clefable|75\/100|[from] Grassy Terrain\n|upkeep\n|turn|29\n|\n|t:|1700851677\n|switch|p2a: Landorus|Landorus-Therian, M|88\/100 brn\n|-damage|p2a: Landorus|76\/100 brn|[from] Stealth Rock\n|-ability|p2a: Landorus|Intimidate|boost\n|-unboost|p1a: Rillaboom|atk|1\n|move|p1a: Rillaboom|High Horsepower|p2a: Landorus\n|-immune|p2a: Landorus\n|\n|-weather|Sandstorm|[upkeep]\n|-damage|p1a: Rillaboom|82\/100|[from] Sandstorm\n|-heal|p2a: Landorus|100\/100 brn|[from] move: Wish|[wisher] Clefable\n|-heal|p1a: Rillaboom|88\/100|[from] Grassy Terrain\n|-damage|p2a: Landorus|94\/100 brn|[from] brn\n|upkeep\n|turn|30\n|\n|t:|1700851680\n|switch|p1a: Sinistcha|Sinistcha-Masterpiece|91\/100\n|move|p2a: Landorus|U-turn|p1a: Sinistcha\n|-damage|p1a: Sinistcha|83\/100\n|\n|t:|1700851683\n|switch|p2a: Clefable|Clefable, F|75\/100|[from] U-turn\n|\n|-weather|none\n|-heal|p1a: Sinistcha|89\/100|[from] Grassy Terrain\n|-heal|p2a: Clefable|81\/100|[from] Grassy Terrain\n|upkeep\n|turn|31\n|\n|t:|1700851686\n|move|p1a: Sinistcha|Matcha Gotcha|p2a: Clefable\n|-damage|p2a: Clefable|41\/100\n|-heal|p1a: Sinistcha|100\/100|[from] drain|[of] p2a: Clefable\n|move|p2a: Clefable|Knock Off|p1a: Sinistcha\n|-supereffective|p1a: Sinistcha\n|-damage|p1a: Sinistcha|77\/100\n|-enditem|p1a: Sinistcha|Heavy-Duty Boots|[from] move: Knock Off|[of] p2a: Clefable\n|\n|-heal|p1a: Sinistcha|83\/100|[from] Grassy Terrain\n|-heal|p2a: Clefable|47\/100|[from] Grassy Terrain\n|upkeep\n|turn|32\n|\n|t:|1700851692\n|move|p1a: Sinistcha|Calm Mind|p1a: Sinistcha\n|-boost|p1a: Sinistcha|spa|1\n|-boost|p1a: Sinistcha|spd|1\n|move|p2a: Clefable|Wish|p2a: Clefable\n|\n|-heal|p1a: Sinistcha|90\/100|[from] Grassy Terrain\n|-heal|p2a: Clefable|53\/100|[from] Grassy Terrain\n|-fieldend|move: Grassy Terrain\n|upkeep\n|turn|33\n|\n|t:|1700851695\n|switch|p2a: Muk|Muk-Alola, M|81\/100 brn\n|-damage|p2a: Muk|69\/100 brn|[from] Stealth Rock\n|move|p1a: Sinistcha|Matcha Gotcha|p2a: Muk\n|-resisted|p2a: Muk\n|-damage|p2a: Muk|56\/100 brn\n|-heal|p1a: Sinistcha|98\/100|[from] drain|[of] p2a: Muk\n|\n|-heal|p2a: Muk|100\/100 brn|[from] move: Wish|[wisher] Clefable\n|-damage|p2a: Muk|94\/100 brn|[from] brn\n|upkeep\n|turn|34\n|j| a-randombird ig\n|\n|t:|1700851709\n|-terastallize|p1a: Sinistcha|Poison\n|move|p1a: Sinistcha|Calm Mind|p1a: Sinistcha\n|-boost|p1a: Sinistcha|spa|1\n|-boost|p1a: Sinistcha|spd|1\n|move|p2a: Muk|Poison Jab|p1a: Sinistcha\n|-resisted|p1a: Sinistcha\n|-damage|p1a: Sinistcha|93\/100\n|\n|-heal|p2a: Muk|100\/100 brn|[from] item: Leftovers\n|-damage|p2a: Muk|94\/100 brn|[from] brn\n|upkeep\n|turn|35\n|\n|t:|1700851717\n|switch|p2a: Cinderace|Cinderace, M|44\/100\n|move|p1a: Sinistcha|Matcha Gotcha|p2a: Cinderace\n|-resisted|p2a: Cinderace\n|-damage|p2a: Cinderace|5\/100\n|-heal|p1a: Sinistcha|100\/100|[from] drain|[of] p2a: Cinderace\n|\n|upkeep\n|turn|36\n|\n|t:|1700851722\n|move|p2a: Cinderace|Will-O-Wisp|p1a: Sinistcha\n|-status|p1a: Sinistcha|brn\n|move|p1a: Sinistcha|Shadow Ball|p2a: Cinderace\n|-damage|p2a: Cinderace|0 fnt\n|faint|p2a: Cinderace\n|\n|-damage|p1a: Sinistcha|98\/100 brn|[from] brn\n|upkeep\n|\n|t:|1700851726\n|switch|p2a: Dondozo|Dondozo, F, tera:Dragon|100\/100\n|-damage|p2a: Dondozo|88\/100|[from] Stealth Rock\n|turn|37\n|\n|t:|1700851731\n|switch|p1a: Samurott|Samurott-Hisui, F|100\/100\n|move|p2a: Dondozo|Protect||[still]\n|-fail|p2a: Dondozo\n|\n|-heal|p2a: Dondozo|94\/100|[from] item: Leftovers\n|upkeep\n|turn|38\n|\n|t:|1700851735\n|move|p2a: Dondozo|Protect|p2a: Dondozo\n|-singleturn|p2a: Dondozo|Protect\n|move|p1a: Samurott|Ceaseless Edge|p2a: Dondozo\n|-activate|p2a: Dondozo|move: Protect\n|\n|-heal|p2a: Dondozo|99\/100|[from] item: Leftovers\n|upkeep\n|turn|39\n|\n|t:|1700851739\n|move|p1a: Samurott|Encore|p2a: Dondozo\n|-start|p2a: Dondozo|Encore\n|move|p2a: Dondozo|Protect||[still]\n|-fail|p2a: Dondozo\n|\n|-heal|p2a: Dondozo|100\/100|[from] item: Leftovers\n|upkeep\n|turn|40\n|\n|t:|1700851744\n|switch|p2a: Clefable|Clefable, F|53\/100\n|move|p1a: Samurott|Ceaseless Edge|p2a: Clefable\n|-resisted|p2a: Clefable\n|-damage|p2a: Clefable|35\/100\n|-sidestart|p2: Home is wild|Spikes\n|\n|upkeep\n|turn|41\n|\n|t:|1700851756\n|switch|p1a: Sinistcha|Sinistcha-Masterpiece, tera:Poison|98\/100 brn\n|-damage|p1a: Sinistcha|85\/100 brn|[from] Stealth Rock\n|move|p2a: Clefable|Moonblast|p1a: Sinistcha\n|-resisted|p1a: Sinistcha\n|-damage|p1a: Sinistcha|66\/100 brn\n|\n|-damage|p1a: Sinistcha|63\/100 brn|[from] brn\n|upkeep\n|turn|42\n|\n|t:|1700851760\n|move|p1a: Sinistcha|Matcha Gotcha|p2a: Clefable\n|-damage|p2a: Clefable|3\/100\n|-heal|p1a: Sinistcha|81\/100 brn|[from] drain|[of] p2a: Clefable\n|move|p2a: Clefable|Wish|p2a: Clefable\n|\n|-damage|p1a: Sinistcha|79\/100 brn|[from] brn\n|upkeep\n|turn|43\n|\n|t:|1700851766\n|move|p2a: Clefable|Protect|p2a: Clefable\n|-singleturn|p2a: Clefable|Protect\n|move|p1a: Sinistcha|Calm Mind|p1a: Sinistcha\n|-boost|p1a: Sinistcha|spa|1\n|-boost|p1a: Sinistcha|spd|1\n|\n|-heal|p2a: Clefable|53\/100|[from] move: Wish|[wisher] Clefable\n|-damage|p1a: Sinistcha|76\/100 brn|[from] brn\n|upkeep\n|turn|44\n|\n|t:|1700851770\n|switch|p2a: Dondozo|Dondozo, F, tera:Dragon|100\/100\n|-damage|p2a: Dondozo|88\/100|[from] Stealth Rock\n|-damage|p2a: Dondozo|75\/100|[from] Spikes\n|move|p1a: Sinistcha|Matcha Gotcha|p2a: Dondozo\n|-resisted|p2a: Dondozo\n|-damage|p2a: Dondozo|59\/100\n|-heal|p1a: Sinistcha|88\/100 brn|[from] drain|[of] p2a: Dondozo\n|\n|-heal|p2a: Dondozo|65\/100|[from] item: Leftovers\n|-damage|p1a: Sinistcha|85\/100 brn|[from] brn\n|upkeep\n|turn|45\n|j| VicBossMG\n|\n|t:|1700851784\n|move|p1a: Sinistcha|Shadow Ball|p2a: Dondozo\n|-damage|p2a: Dondozo|32\/100\n|move|p2a: Dondozo|Liquidation|p1a: Sinistcha\n|-damage|p1a: Sinistcha|63\/100 brn\n|\n|-heal|p2a: Dondozo|38\/100|[from] item: Leftovers\n|-damage|p1a: Sinistcha|60\/100 brn|[from] brn\n|upkeep\n|turn|46\n|\n|t:|1700851799\n|move|p1a: Sinistcha|Calm Mind|p1a: Sinistcha\n|-boost|p1a: Sinistcha|spa|1\n|-boost|p1a: Sinistcha|spd|1\n|move|p2a: Dondozo|Liquidation|p1a: Sinistcha\n|-damage|p1a: Sinistcha|39\/100 brn\n|\n|-heal|p2a: Dondozo|45\/100|[from] item: Leftovers\n|-damage|p1a: Sinistcha|36\/100 brn|[from] brn\n|upkeep\n|turn|47\n|\n|t:|1700851806\n|move|p2a: Dondozo|Protect|p2a: Dondozo\n|-singleturn|p2a: Dondozo|Protect\n|move|p1a: Sinistcha|Strength Sap|p2a: Dondozo\n|-activate|p2a: Dondozo|move: Protect\n|\n|-heal|p2a: Dondozo|51\/100|[from] item: Leftovers\n|-damage|p1a: Sinistcha|33\/100 brn|[from] brn\n|upkeep\n|turn|48\n|\n|t:|1700851809\n|move|p1a: Sinistcha|Strength Sap|p2a: Dondozo\n|-unboost|p2a: Dondozo|atk|1\n|-heal|p1a: Sinistcha|100\/100 brn\n|move|p2a: Dondozo|Liquidation|p1a: Sinistcha\n|-damage|p1a: Sinistcha|86\/100 brn\n|\n|-heal|p2a: Dondozo|57\/100|[from] item: Leftovers\n|-damage|p1a: Sinistcha|83\/100 brn|[from] brn\n|upkeep\n|turn|49\n|\n|t:|1700851817\n|switch|p2a: Zamazenta|Zamazenta|100\/100\n|-damage|p2a: Zamazenta|94\/100|[from] Stealth Rock\n|-damage|p2a: Zamazenta|82\/100|[from] Spikes\n|-ability|p2a: Zamazenta|Dauntless Shield|boost\n|-boost|p2a: Zamazenta|def|1\n|move|p1a: Sinistcha|Shadow Ball|p2a: Zamazenta\n|-damage|p2a: Zamazenta|33\/100\n|\n|-heal|p2a: Zamazenta|39\/100|[from] item: Leftovers\n|-damage|p1a: Sinistcha|80\/100 brn|[from] brn\n|upkeep\n|turn|50\n|\n|t:|1700851821\n|move|p2a: Zamazenta|Substitute|p2a: Zamazenta\n|-start|p2a: Zamazenta|Substitute\n|-damage|p2a: Zamazenta|14\/100\n|move|p1a: Sinistcha|Matcha Gotcha|p2a: Zamazenta\n|-end|p2a: Zamazenta|Substitute\n|-heal|p1a: Sinistcha|94\/100 brn|[from] drain|[of] p2a: Zamazenta\n|\n|-heal|p2a: Zamazenta|21\/100|[from] item: Leftovers\n|-damage|p1a: Sinistcha|91\/100 brn|[from] brn\n|upkeep\n|turn|51\n|-message|Home is wild forfeited.\n|\n|win|Aggron\n|raw|Aggron's rating: 1806 &rarr; <strong>1828<\/strong><br \/>(+22 for winning)\n|raw|Home is wild's rating: 1841 &rarr; <strong>1819<\/strong><br \/>(-22 for losing)\n|l|\u2606Home is wild\n","uploadtime":1700851829,"views":25,"p1id":"aggron","p2id":"homeiswild","formatid":"gen9ou","rating":1819,"private":0,"password":""}