{"id":"gen9ou-1994148355","p1":"Alfa974676","p2":"Irvantheboredone","format":"[Gen 9] OU","log":"|j|\u2606Alfa974676\n|j|\u2606Irvantheboredone\n|t:|1700412516\n|gametype|singles\n|player|p1|Alfa974676|102|1322\n|player|p2|Irvantheboredone|unknown|1235\n|teamsize|p1|6\n|teamsize|p2|6\n|gen|9\n|tier|[Gen 9] OU\n|rated|\n|rule|Sleep Clause Mod: Limit one foe put to sleep\n|rule|Species Clause: Limit one of each Pok\u00e9mon\n|rule|OHKO Clause: OHKO moves are banned\n|rule|Evasion Items Clause: Evasion items are banned\n|rule|Evasion Moves Clause: Evasion moves are banned\n|rule|Endless Battle Clause: Forcing endless battles is banned\n|rule|HP Percentage Mod: HP is shown in percentages\n|clearpoke\n|poke|p1|Dragapult, M|\n|poke|p1|Ting-Lu|\n|poke|p1|Walking Wake|\n|poke|p1|Iron Hands|\n|poke|p1|Meowscarada, M|\n|poke|p1|Corviknight, M|\n|poke|p2|Inteleon, F|\n|poke|p2|Gyarados, F|\n|poke|p2|Scizor, F|\n|poke|p2|Gallade, M|\n|poke|p2|Thundurus-Therian, M|\n|poke|p2|Kingambit, F|\n|teampreview\n|c|\u2606Irvantheboredone|Long time since the last match I saw a meowscarada\n|\n|t:|1700412537\n|start\n|switch|p1a: Ting-Lu|Ting-Lu|100\/100\n|switch|p2a: V2|Scizor, F|100\/100\n|-ability|p1a: Ting-Lu|Vessel of Ruin\n|turn|1\n|inactive|Battle timer is ON: inactive players will automatically lose when time's up. (requested by Irvantheboredone)\n|c|\u2606Alfa974676|He\u2019s in UU Now not very viable\n|\n|t:|1700412568\n|move|p2a: V2|Swords Dance|p2a: V2\n|-boost|p2a: V2|atk|2\n|move|p1a: Ting-Lu|Spikes|p2a: V2\n|-sidestart|p2: Irvantheboredone|Spikes\n|\n|upkeep\n|turn|2\n|\n|t:|1700412576\n|move|p2a: V2|Dual Wingbeat|p1a: Ting-Lu\n|-damage|p1a: Ting-Lu|73\/100\n|-damage|p1a: Ting-Lu|47\/100\n|-hitcount|p1a: Ting-Lu|2\n|move|p1a: Ting-Lu|Whirlwind|p2a: V2\n|drag|p2a: Leviathan|Gyarados, F, shiny|100\/100\n|\n|-heal|p1a: Ting-Lu|53\/100|[from] item: Leftovers\n|upkeep\n|turn|3\n|\n|t:|1700412581\n|move|p2a: Leviathan|Dragon Dance|p2a: Leviathan\n|-boost|p2a: Leviathan|atk|1\n|-boost|p2a: Leviathan|spe|1\n|move|p1a: Ting-Lu|Whirlwind|p2a: Leviathan\n|drag|p2a: V1|Inteleon, F|100\/100\n|-damage|p2a: V1|88\/100|[from] Spikes\n|\n|-heal|p1a: Ting-Lu|59\/100|[from] item: Leftovers\n|upkeep\n|turn|4\n|\n|t:|1700412587\n|move|p2a: V1|Snipe Shot|p1a: Ting-Lu\n|-supereffective|p1a: Ting-Lu\n|-crit|p1a: Ting-Lu\n|-damage|p1a: Ting-Lu|0 fnt\n|faint|p1a: Ting-Lu\n|\n|upkeep\n|\n|t:|1700412591\n|switch|p1a: Walking Wake|Walking Wake|100\/100\n|-enditem|p1a: Walking Wake|Booster Energy\n|-activate|p1a: Walking Wake|ability: Protosynthesis|[fromitem]\n|-start|p1a: Walking Wake|protosynthesisspa\n|turn|5\n|\n|t:|1700412600\n|switch|p2a: V2|Scizor, F|100\/100\n|-damage|p2a: V2|88\/100|[from] Spikes\n|move|p1a: Walking Wake|Agility|p1a: Walking Wake\n|-boost|p1a: Walking Wake|spe|2\n|\n|upkeep\n|turn|6\n|\n|t:|1700412605\n|-terastallize|p2a: V2|Flying\n|move|p1a: Walking Wake|Surf|p2a: V2\n|-damage|p2a: V2|7\/100\n|move|p2a: V2|Dual Wingbeat|p1a: Walking Wake\n|-crit|p1a: Walking Wake\n|-damage|p1a: Walking Wake|47\/100\n|-damage|p1a: Walking Wake|9\/100\n|-hitcount|p1a: Walking Wake|2\n|\n|upkeep\n|turn|7\n|\n|t:|1700412613\n|move|p2a: V2|Bullet Punch|p1a: Walking Wake\n|-resisted|p1a: Walking Wake\n|-damage|p1a: Walking Wake|0 fnt\n|faint|p1a: Walking Wake\n|-end|p1a: Walking Wake|Protosynthesis|[silent]\n|\n|upkeep\n|\n|t:|1700412616\n|switch|p1a: Meowscarada|Meowscarada, M|100\/100\n|turn|8\n|\n|t:|1700412618\n|move|p2a: V2|Bullet Punch|p1a: Meowscarada\n|-damage|p1a: Meowscarada|45\/100\n|move|p1a: Meowscarada|U-turn|p2a: V2\n|-start|p1a: Meowscarada|typechange|Bug|[from] ability: Protean\n|-resisted|p2a: V2\n|-damage|p2a: V2|0 fnt\n|faint|p2a: V2\n|\n|t:|1700412620\n|switch|p1a: Corviknight|Corviknight, M|100\/100|[from] U-turn\n|-ability|p1a: Corviknight|Pressure\n|\n|upkeep\n|\n|t:|1700412622\n|switch|p2a: Mindflayer|Thundurus-Therian, M|100\/100\n|turn|9\n|\n|t:|1700412628\n|move|p2a: Mindflayer|Agility|p2a: Mindflayer\n|-boost|p2a: Mindflayer|spe|2\n|move|p1a: Corviknight|U-turn|p2a: Mindflayer\n|-resisted|p2a: Mindflayer\n|-damage|p2a: Mindflayer|89\/100\n|\n|t:|1700412632\n|switch|p1a: Iron Hands|Iron Hands|100\/100|[from] U-turn\n|\n|upkeep\n|turn|10\n|\n|t:|1700412637\n|switch|p2a: Leviathan|Gyarados, F, shiny|100\/100\n|move|p1a: Iron Hands|Ice Punch|p2a: Leviathan\n|-damage|p2a: Leviathan|66\/100\n|\n|upkeep\n|turn|11\n|\n|t:|1700412641\n|move|p2a: Leviathan|Earthquake|p1a: Iron Hands\n|-supereffective|p1a: Iron Hands\n|-damage|p1a: Iron Hands|56\/100\n|move|p1a: Iron Hands|Thunder Punch|p2a: Leviathan\n|-supereffective|p2a: Leviathan\n|-damage|p2a: Leviathan|0 fnt\n|faint|p2a: Leviathan\n|\n|-heal|p1a: Iron Hands|62\/100|[from] item: Leftovers\n|upkeep\n|\n|t:|1700412644\n|switch|p2a: Gabriel|Gallade, M|100\/100\n|-damage|p2a: Gabriel|88\/100|[from] Spikes\n|turn|12\n|\n|t:|1700412649\n|-end|p1a: Iron Hands|Quark Drive|[silent]\n|switch|p1a: Meowscarada|Meowscarada, M|45\/100\n|move|p2a: Gabriel|Sacred Sword|p1a: Meowscarada\n|-supereffective|p1a: Meowscarada\n|-damage|p1a: Meowscarada|0 fnt\n|faint|p1a: Meowscarada\n|\n|upkeep\n|c|\u2606Irvantheboredone|Sike\n|\n|t:|1700412671\n|switch|p1a: Dragapult|Dragapult, M|100\/100\n|turn|13\n|\n|t:|1700412675\n|move|p1a: Dragapult|Dragon Darts|p2a: Gabriel\n|-damage|p2a: Gabriel|29\/100\n|-anim|p1a: Dragapult|Dragon Darts|p2a: Gabriel\n|-damage|p2a: Gabriel|0 fnt\n|faint|p2a: Gabriel\n|\n|upkeep\n|\n|t:|1700412678\n|switch|p2a: Ferryman|Kingambit, F, shiny|100\/100\n|-damage|p2a: Ferryman|88\/100|[from] Spikes\n|-activate|p2a: Ferryman|ability: Supreme Overlord\n|-start|p2a: Ferryman|fallen3|[silent]\n|turn|14\n|\n|t:|1700412682\n|switch|p1a: Iron Hands|Iron Hands|62\/100\n|move|p2a: Ferryman|Low Kick|p1a: Iron Hands\n|-damage|p1a: Iron Hands|18\/100\n|\n|-heal|p1a: Iron Hands|25\/100|[from] item: Leftovers\n|upkeep\n|turn|15\n|\n|t:|1700412689\n|-end|p2a: Ferryman|fallen3|[silent]\n|switch|p2a: Mindflayer|Thundurus-Therian, M|89\/100\n|move|p1a: Iron Hands|Drain Punch|p2a: Mindflayer\n|-resisted|p2a: Mindflayer\n|-damage|p2a: Mindflayer|59\/100\n|-heal|p1a: Iron Hands|35\/100|[from] drain|[of] p2a: Mindflayer\n|\n|-heal|p1a: Iron Hands|41\/100|[from] item: Leftovers\n|upkeep\n|turn|16\n|\n|t:|1700412693\n|move|p2a: Mindflayer|Tera Blast|p1a: Iron Hands\n|-damage|p1a: Iron Hands|13\/100\n|move|p1a: Iron Hands|Ice Punch|p2a: Mindflayer\n|-supereffective|p2a: Mindflayer\n|-damage|p2a: Mindflayer|0 fnt\n|faint|p2a: Mindflayer\n|\n|-heal|p1a: Iron Hands|19\/100|[from] item: Leftovers\n|upkeep\n|\n|t:|1700412698\n|switch|p2a: V1|Inteleon, F|88\/100\n|-damage|p2a: V1|76\/100|[from] Spikes\n|turn|17\n|\n|t:|1700412702\n|-end|p1a: Iron Hands|Quark Drive|[silent]\n|switch|p1a: Dragapult|Dragapult, M|100\/100\n|move|p2a: V1|Ice Beam|p1a: Dragapult\n|-supereffective|p1a: Dragapult\n|-crit|p1a: Dragapult\n|-damage|p1a: Dragapult|0 fnt\n|faint|p1a: Dragapult\n|\n|upkeep\n|c|\u2606Irvantheboredone|Sike part 2\n|-message|Alfa974676 forfeited.\n|\n|win|Irvantheboredone\n|raw|Alfa974676's rating: 1322 &rarr; <strong>1298<\/strong><br \/>(-24 for losing)\n|raw|Irvantheboredone's rating: 1257 &rarr; <strong>1287<\/strong><br \/>(+30 for winning)\n|l|\u2606Alfa974676\n|c|\u2606Irvantheboredone|gg\n","uploadtime":1700412718,"views":22,"p1id":"alfa974676","p2id":"irvantheboredone","formatid":"gen9ou","rating":1287,"private":0,"password":""}