{"id":"gen9ou-1995196752","p1":"Trivago77","p2":"alt no. 599","format":"[Gen 9] OU","log":"|j|\u2606Trivago77\n|j|\u2606alt no. 599\n|t:|1700533451\n|gametype|singles\n|player|p1|Trivago77|2|1634\n|player|p2|alt no. 599|acetrainersnowf|1588\n|teamsize|p1|6\n|teamsize|p2|6\n|gen|9\n|tier|[Gen 9] OU\n|rated|\n|rule|Sleep Clause Mod: Limit one foe put to sleep\n|rule|Species Clause: Limit one of each Pok\u00e9mon\n|rule|OHKO Clause: OHKO moves are banned\n|rule|Evasion Items Clause: Evasion items are banned\n|rule|Evasion Moves Clause: Evasion moves are banned\n|rule|Endless Battle Clause: Forcing endless battles is banned\n|rule|HP Percentage Mod: HP is shown in percentages\n|clearpoke\n|poke|p1|Empoleon, M|\n|poke|p1|Garchomp, F|\n|poke|p1|Iron Moth|\n|poke|p1|Ninetales-Alola, M|\n|poke|p1|Breloom, F|\n|poke|p1|Scizor, M|\n|poke|p2|Gastrodon, F|\n|poke|p2|Heatran, F|\n|poke|p2|Landorus-Therian, M|\n|poke|p2|Zapdos|\n|poke|p2|Zamazenta-*|\n|poke|p2|Meowscarada, M|\n|teampreview\n|inactive|Battle timer is ON: inactive players will automatically lose when time's up. (requested by Trivago77)\n|\n|t:|1700533473\n|start\n|switch|p1a: Empoleon|Empoleon, M, shiny|100\/100\n|switch|p2a: Zapdos|Zapdos|100\/100\n|turn|1\n|\n|t:|1700533481\n|switch|p1a: Garchomp|Garchomp, F, shiny|100\/100\n|move|p2a: Zapdos|Volt Switch|p1a: Garchomp\n|-immune|p1a: Garchomp\n|\n|upkeep\n|turn|2\n|\n|t:|1700533489\n|move|p1a: Garchomp|Swords Dance|p1a: Garchomp\n|-boost|p1a: Garchomp|atk|2\n|move|p2a: Zapdos|Hurricane|p1a: Garchomp|[miss]\n|-miss|p2a: Zapdos|p1a: Garchomp\n|\n|upkeep\n|turn|3\n|\n|t:|1700533493\n|move|p1a: Garchomp|Scale Shot|p2a: Zapdos\n|-damage|p2a: Zapdos|74\/100\n|-damage|p2a: Zapdos|48\/100\n|-damage|p2a: Zapdos|21\/100\n|-damage|p2a: Zapdos|0 fnt\n|faint|p2a: Zapdos\n|-hitcount|p2: Zapdos|4\n|-unboost|p1a: Garchomp|def|1\n|-boost|p1a: Garchomp|spe|1\n|\n|upkeep\n|\n|t:|1700533496\n|switch|p2a: Landorus|Landorus-Therian, M|100\/100\n|-ability|p2a: Landorus|Intimidate|boost\n|-unboost|p1a: Garchomp|atk|1\n|turn|4\n|\n|t:|1700533500\n|move|p1a: Garchomp|Scale Shot|p2a: Landorus\n|-crit|p2a: Landorus\n|-damage|p2a: Landorus|68\/100\n|-damage|p2a: Landorus|48\/100\n|-damage|p2a: Landorus|29\/100\n|-damage|p2a: Landorus|9\/100\n|-damage|p2a: Landorus|0 fnt\n|faint|p2a: Landorus\n|-hitcount|p2: Landorus|5\n|-unboost|p1a: Garchomp|def|1\n|-boost|p1a: Garchomp|spe|1\n|\n|upkeep\n|\n|t:|1700533509\n|switch|p2a: Zamazenta|Zamazenta|100\/100\n|-ability|p2a: Zamazenta|Dauntless Shield|boost\n|-boost|p2a: Zamazenta|def|1\n|turn|5\n|\n|t:|1700533513\n|move|p1a: Garchomp|Earthquake|p2a: Zamazenta\n|-damage|p2a: Zamazenta|56\/100\n|move|p2a: Zamazenta|Iron Defense|p2a: Zamazenta\n|-boost|p2a: Zamazenta|def|2\n|\n|upkeep\n|turn|6\n|\n|t:|1700533517\n|move|p1a: Garchomp|Swords Dance|p1a: Garchomp\n|-boost|p1a: Garchomp|atk|2\n|move|p2a: Zamazenta|Body Press|p1a: Garchomp\n|-damage|p1a: Garchomp|0 fnt\n|-damage|p2a: Zamazenta|43\/100|[from] ability: Rough Skin|[of] p1a: Garchomp\n|faint|p1a: Garchomp\n|\n|upkeep\n|\n|t:|1700533524\n|switch|p1a: Breloom|Breloom, F, shiny|100\/100\n|turn|7\n|\n|t:|1700533529\n|move|p2a: Zamazenta|Substitute|p2a: Zamazenta\n|-start|p2a: Zamazenta|Substitute\n|-damage|p2a: Zamazenta|18\/100\n|move|p1a: Breloom|Spore||[still]\n|-fail|p1a: Breloom\n|\n|upkeep\n|turn|8\n|\n|t:|1700533532\n|move|p2a: Zamazenta|Body Press|p1a: Breloom\n|-enditem|p1a: Breloom|Focus Sash\n|-damage|p1a: Breloom|1\/100\n|move|p1a: Breloom|Bullet Seed|p2a: Zamazenta\n|-activate|p2a: Zamazenta|move: Substitute|[damage]\n|-activate|p2a: Zamazenta|move: Substitute|[damage]\n|-hitcount|p2a: Zamazenta|2\n|\n|upkeep\n|turn|9\n|\n|t:|1700533535\n|move|p1a: Breloom|Mach Punch|p2a: Zamazenta\n|-activate|p2a: Zamazenta|move: Substitute|[damage]\n|move|p2a: Zamazenta|Body Press|p1a: Breloom\n|-damage|p1a: Breloom|0 fnt\n|faint|p1a: Breloom\n|\n|upkeep\n|\n|t:|1700533541\n|switch|p1a: Scizor|Scizor, M, shiny|100\/100\n|turn|10\n|\n|t:|1700533543\n|move|p2a: Zamazenta|Body Press|p1a: Scizor\n|-damage|p1a: Scizor|23\/100\n|move|p1a: Scizor|Dual Wingbeat|p2a: Zamazenta\n|-supereffective|p2a: Zamazenta\n|-end|p2a: Zamazenta|Substitute\n|-supereffective|p2a: Zamazenta\n|-damage|p2a: Zamazenta|4\/100\n|-hitcount|p2a: Zamazenta|2\n|\n|upkeep\n|turn|11\n|\n|t:|1700533550\n|move|p1a: Scizor|Bullet Punch|p2a: Zamazenta\n|-damage|p2a: Zamazenta|0 fnt\n|faint|p2a: Zamazenta\n|\n|upkeep\n|\n|t:|1700533563\n|switch|p2a: Meowscarada|Meowscarada, M|100\/100\n|turn|12\n|\n|t:|1700533569\n|move|p1a: Scizor|Bullet Punch|p2a: Meowscarada\n|-damage|p2a: Meowscarada|44\/100\n|move|p2a: Meowscarada|Knock Off|p1a: Scizor\n|-start|p2a: Meowscarada|typechange|Dark|[from] ability: Protean\n|-damage|p1a: Scizor|0 fnt\n|-enditem|p1a: Scizor|Focus Sash|[from] move: Knock Off|[of] p2a: Meowscarada\n|faint|p1a: Scizor\n|\n|upkeep\n|\n|t:|1700533579\n|switch|p1a: Empoleon|Empoleon, M, shiny|100\/100\n|turn|13\n|\n|t:|1700533583\n|move|p2a: Meowscarada|U-turn|p1a: Empoleon\n|-resisted|p1a: Empoleon\n|-damage|p1a: Empoleon|89\/100\n|\n|t:|1700533584\n|switch|p2a: Gastrodon|Gastrodon, F|100\/100|[from] U-turn\n|move|p1a: Empoleon|Flash Cannon|p2a: Gastrodon\n|-resisted|p2a: Gastrodon\n|-damage|p2a: Gastrodon|84\/100\n|\n|upkeep\n|turn|14\n|\n|t:|1700533590\n|move|p1a: Empoleon|Grass Knot|p2a: Gastrodon\n|-supereffective|p2a: Gastrodon\n|-damage|p2a: Gastrodon|14\/100\n|move|p2a: Gastrodon|Spikes|p1a: Empoleon\n|-sidestart|p1: Trivago77|Spikes\n|\n|upkeep\n|turn|15\n|\n|t:|1700533600\n|move|p1a: Empoleon|Blizzard|p2a: Gastrodon\n|-damage|p2a: Gastrodon|0 fnt\n|faint|p2a: Gastrodon\n|\n|upkeep\n|\n|t:|1700533602\n|switch|p2a: Heatran|Heatran, F|100\/100\n|turn|16\n|\n|t:|1700533617\n|-terastallize|p2a: Heatran|Ghost\n|move|p2a: Heatran|Magma Storm|p1a: Empoleon|[miss]\n|-miss|p2a: Heatran|p1a: Empoleon\n|move|p1a: Empoleon|Hydro Pump|p2a: Heatran\n|-damage|p2a: Heatran|68\/100\n|\n|-heal|p2a: Heatran|74\/100|[from] item: Leftovers\n|upkeep\n|turn|17\n|\n|t:|1700533624\n|move|p2a: Heatran|Protect|p2a: Heatran\n|-singleturn|p2a: Heatran|Protect\n|move|p1a: Empoleon|Hydro Pump|p2a: Heatran\n|-activate|p2a: Heatran|move: Protect\n|\n|-heal|p2a: Heatran|80\/100|[from] item: Leftovers\n|upkeep\n|turn|18\n|\n|t:|1700533626\n|move|p2a: Heatran|Magma Storm|p1a: Empoleon|[miss]\n|-miss|p2a: Heatran|p1a: Empoleon\n|move|p1a: Empoleon|Hydro Pump|p2a: Heatran\n|-crit|p2a: Heatran\n|-damage|p2a: Heatran|28\/100\n|\n|-heal|p2a: Heatran|35\/100|[from] item: Leftovers\n|upkeep\n|turn|19\n|\n|t:|1700533631\n|move|p2a: Heatran|Protect|p2a: Heatran\n|-singleturn|p2a: Heatran|Protect\n|move|p1a: Empoleon|Hydro Pump|p2a: Heatran\n|-activate|p2a: Heatran|move: Protect\n|\n|-heal|p2a: Heatran|41\/100|[from] item: Leftovers\n|upkeep\n|turn|20\n|\n|t:|1700533634\n|move|p2a: Heatran|Magma Storm|p1a: Empoleon\n|-damage|p1a: Empoleon|49\/100\n|-activate|p1a: Empoleon|move: Magma Storm|[of] p2a: Heatran\n|move|p1a: Empoleon|Hydro Pump|p2a: Heatran|[miss]\n|-miss|p1a: Empoleon|p2a: Heatran\n|\n|-heal|p2a: Heatran|47\/100|[from] item: Leftovers\n|-damage|p1a: Empoleon|37\/100|[from] move: Magma Storm|[partiallytrapped]\n|upkeep\n|turn|21\n|\n|t:|1700533639\n|move|p2a: Heatran|Protect|p2a: Heatran\n|-singleturn|p2a: Heatran|Protect\n|move|p1a: Empoleon|Hydro Pump|p2a: Heatran\n|-activate|p2a: Heatran|move: Protect\n|\n|-heal|p2a: Heatran|53\/100|[from] item: Leftovers\n|-damage|p1a: Empoleon|25\/100|[from] move: Magma Storm|[partiallytrapped]\n|upkeep\n|turn|22\n|\n|t:|1700533641\n|move|p2a: Heatran|Earth Power|p1a: Empoleon\n|-supereffective|p1a: Empoleon\n|-damage|p1a: Empoleon|0 fnt\n|faint|p1a: Empoleon\n|\n|-heal|p2a: Heatran|60\/100|[from] item: Leftovers\n|upkeep\n|\n|t:|1700533655\n|switch|p1a: Ninetales|Ninetales-Alola, M, shiny|100\/100\n|-damage|p1a: Ninetales|88\/100|[from] Spikes\n|-weather|Snow|[from] ability: Snow Warning|[of] p1a: Ninetales\n|turn|23\n|\n|t:|1700533658\n|move|p2a: Heatran|Protect|p2a: Heatran\n|-singleturn|p2a: Heatran|Protect\n|move|p1a: Ninetales|Blizzard|p2a: Heatran\n|-activate|p2a: Heatran|move: Protect\n|\n|-weather|Snow|[upkeep]\n|-heal|p2a: Heatran|66\/100|[from] item: Leftovers\n|upkeep\n|turn|24\n|\n|t:|1700533663\n|move|p1a: Ninetales|Blizzard|p2a: Heatran\n|-crit|p2a: Heatran\n|-damage|p2a: Heatran|24\/100\n|move|p2a: Heatran|Magma Storm|p1a: Ninetales\n|-supereffective|p1a: Ninetales\n|-damage|p1a: Ninetales|0 fnt\n|faint|p1a: Ninetales\n|\n|-weather|Snow|[upkeep]\n|-heal|p2a: Heatran|31\/100|[from] item: Leftovers\n|upkeep\n|\n|t:|1700533668\n|switch|p1a: Iron Moth|Iron Moth, shiny|100\/100\n|-damage|p1a: Iron Moth|88\/100|[from] Spikes\n|-enditem|p1a: Iron Moth|Booster Energy\n|-activate|p1a: Iron Moth|ability: Quark Drive|[fromitem]\n|-start|p1a: Iron Moth|quarkdrivespa\n|turn|25\n|\n|t:|1700533675\n|move|p2a: Heatran|Protect|p2a: Heatran\n|-singleturn|p2a: Heatran|Protect\n|move|p1a: Iron Moth|Energy Ball|p2a: Heatran\n|-activate|p2a: Heatran|move: Protect\n|\n|-weather|Snow|[upkeep]\n|-heal|p2a: Heatran|37\/100|[from] item: Leftovers\n|upkeep\n|turn|26\n|\n|t:|1700533678\n|-terastallize|p1a: Iron Moth|Flying\n|move|p1a: Iron Moth|Energy Ball|p2a: Heatran\n|-damage|p2a: Heatran|10\/100\n|move|p2a: Heatran|Earth Power|p1a: Iron Moth\n|-immune|p1a: Iron Moth\n|\n|-weather|Snow|[upkeep]\n|-heal|p2a: Heatran|17\/100|[from] item: Leftovers\n|upkeep\n|turn|27\n|\n|t:|1700533684\n|move|p2a: Heatran|Protect|p2a: Heatran\n|-singleturn|p2a: Heatran|Protect\n|move|p1a: Iron Moth|Sludge Wave|p2a: Heatran\n|-activate|p2a: Heatran|move: Protect\n|\n|-weather|none\n|-heal|p2a: Heatran|23\/100|[from] item: Leftovers\n|upkeep\n|turn|28\n|\n|t:|1700533686\n|move|p1a: Iron Moth|Energy Ball|p2a: Heatran\n|-damage|p2a: Heatran|0 fnt\n|faint|p2a: Heatran\n|\n|upkeep\n|\n|t:|1700533689\n|switch|p2a: Meowscarada|Meowscarada, M|44\/100\n|turn|29\n|\n|t:|1700533691\n|move|p2a: Meowscarada|Thunder Punch|p1a: Iron Moth\n|-start|p2a: Meowscarada|typechange|Electric|[from] ability: Protean\n|-supereffective|p1a: Iron Moth\n|-damage|p1a: Iron Moth|0 fnt\n|faint|p1a: Iron Moth\n|-end|p1a: Iron Moth|Quark Drive|[silent]\n|\n|win|alt no. 599\n|raw|Trivago77's rating: 1634 &rarr; <strong>1611<\/strong><br \/>(-23 for losing)\n|raw|alt no. 599's rating: 1588 &rarr; <strong>1611<\/strong><br \/>(+23 for winning)\n|l|\u2606Trivago77\n","uploadtime":1700533697,"views":5,"p1id":"trivago77","p2id":"altno599","formatid":"gen9ou","rating":1611,"private":0,"password":""}