{"id":"gen9ou-1993780738","p1":"aWildTito","p2":"gotrix","format":"[Gen 9] OU","log":"|j|\u2606aWildTito\n|j|\u2606gotrix\n|t:|1700356432\n|gametype|singles\n|player|p1|aWildTito|benga|\n|player|p2|gotrix|2|\n|teamsize|p1|4\n|teamsize|p2|4\n|gen|9\n|tier|[Gen 9] OU\n|rule|Sleep Clause Mod: Limit one foe put to sleep\n|rule|Species Clause: Limit one of each Pok\u00e9mon\n|rule|OHKO Clause: OHKO moves are banned\n|rule|Evasion Items Clause: Evasion items are banned\n|rule|Evasion Moves Clause: Evasion moves are banned\n|rule|Endless Battle Clause: Forcing endless battles is banned\n|rule|HP Percentage Mod: HP is shown in percentages\n|clearpoke\n|poke|p1|Staraptor, F|\n|poke|p1|Zoroark-Hisui, F|\n|poke|p1|Snorlax, M|\n|poke|p1|Wyrdeer, F|\n|poke|p2|Lilligant-Hisui, F|\n|poke|p2|Breloom, M|\n|poke|p2|Meowscarada, F|\n|poke|p2|Electrode-Hisui|\n|teampreview\n|inactive|Battle timer is ON: inactive players will automatically lose when time's up. (requested by aWildTito)\n|c|\u2606gotrix|Is the link posted?\n|l|\u2606aWildTito\n|inactive|aWildTito disconnected and has 300 seconds to reconnect!\n|player|p1|\n|j| Aceman2798\n|j| LogIce\n|j|\u2606aWildTito\n|inactive|aWildTito reconnected and has 280 seconds left.\n|player|p1|aWildTito|benga\n|inactive|gotrix has 270 seconds left.\n|c|\u2606aWildTito|Link posted\n|c|\u2606aWildTito|Glhf\n|c|\u2606gotrix|Sweet\n|c|\u2606gotrix|Glhf too\n|\n|t:|1700356491\n|start\n|switch|p1a: Staraptor|Staraptor, F|100\/100\n|switch|p2a: Breloom|Breloom, M|100\/100\n|turn|1\n|\n|t:|1700356508\n|move|p1a: Staraptor|U-turn|p2a: Breloom\n|-damage|p2a: Breloom|66\/100\n|\n|t:|1700356511\n|switch|p1a: Wyrdeer|Wyrdeer, F|100\/100|[from] U-turn\n|move|p2a: Breloom|Spore|p1a: Wyrdeer\n|-ability|p1a: Wyrdeer|Sap Sipper|boost\n|-boost|p1a: Wyrdeer|atk|1\n|\n|upkeep\n|turn|2\n|\n|t:|1700356528\n|-terastallize|p2a: Breloom|Grass\n|move|p2a: Breloom|Rock Tomb|p1a: Wyrdeer\n|-damage|p1a: Wyrdeer|77\/100\n|-unboost|p1a: Wyrdeer|spe|1\n|move|p1a: Wyrdeer|Psyshield Bash|p2a: Breloom\n|-damage|p2a: Breloom|2\/100\n|-boost|p1a: Wyrdeer|def|1\n|\n|-heal|p1a: Wyrdeer|83\/100|[from] item: Leftovers\n|upkeep\n|turn|3\n|\n|t:|1700356550\n|switch|p2a: Meowscarada|Meowscarada, F|100\/100\n|move|p1a: Wyrdeer|Psyshield Bash|p2a: Meowscarada\n|-immune|p2a: Meowscarada\n|\n|-heal|p1a: Wyrdeer|89\/100|[from] item: Leftovers\n|upkeep\n|turn|4\n|\n|t:|1700356561\n|move|p2a: Meowscarada|Knock Off|p1a: Wyrdeer\n|-start|p2a: Meowscarada|typechange|Dark|[from] ability: Protean\n|-supereffective|p1a: Wyrdeer\n|-damage|p1a: Wyrdeer|51\/100\n|-enditem|p1a: Wyrdeer|Leftovers|[from] move: Knock Off|[of] p2a: Meowscarada\n|move|p1a: Wyrdeer|Lunge|p2a: Meowscarada\n|-supereffective|p2a: Meowscarada\n|-damage|p2a: Meowscarada|11\/100\n|-unboost|p2a: Meowscarada|atk|1\n|\n|upkeep\n|turn|5\n|inactive|gotrix has 270 seconds left.\n|\n|t:|1700356579\n|move|p2a: Meowscarada|Knock Off|p1a: Wyrdeer\n|-supereffective|p1a: Wyrdeer\n|-damage|p1a: Wyrdeer|33\/100\n|move|p1a: Wyrdeer|Lunge|p2a: Meowscarada\n|-supereffective|p2a: Meowscarada\n|-damage|p2a: Meowscarada|0 fnt\n|faint|p2a: Meowscarada\n|\n|upkeep\n|inactive|gotrix has 270 seconds left.\n|\n|t:|1700356595\n|switch|p2a: Lilligant|Lilligant-Hisui, F|100\/100\n|turn|6\n|\n|t:|1700356623\n|move|p2a: Lilligant|Close Combat|p1a: Wyrdeer\n|-damage|p1a: Wyrdeer|0 fnt\n|-unboost|p2a: Lilligant|def|1\n|-unboost|p2a: Lilligant|spd|1\n|faint|p1a: Wyrdeer\n|\n|upkeep\n|\n|t:|1700356632\n|switch|p1a: Staraptor|Staraptor, F|100\/100\n|turn|7\n|j| IcyZoroark\n|\n|t:|1700356638\n|switch|p2a: Breloom|Breloom, M, tera:Grass|2\/100\n|move|p1a: Staraptor|Brave Bird|p2a: Breloom\n|-supereffective|p2a: Breloom\n|-damage|p2a: Breloom|0 fnt\n|faint|p2a: Breloom\n|-damage|p1a: Staraptor|99\/100|[from] Recoil\n|\n|upkeep\n|\n|t:|1700356648\n|switch|p2a: Electrode|Electrode-Hisui|100\/100\n|turn|8\n|\n|t:|1700356656\n|-terastallize|p1a: Staraptor|Normal\n|move|p2a: Electrode|Thunderbolt|p1a: Staraptor\n|-damage|p1a: Staraptor|46\/100\n|move|p1a: Staraptor|Brave Bird|p2a: Electrode\n|-damage|p2a: Electrode|0 fnt\n|-status|p1a: Staraptor|par|[from] ability: Static|[of] p2a: Electrode\n|faint|p2a: Electrode\n|-damage|p1a: Staraptor|19\/100 par|[from] Recoil\n|\n|upkeep\n|\n|t:|1700356661\n|switch|p2a: Lilligant|Lilligant-Hisui, F|100\/100\n|turn|9\n|\n|t:|1700356670\n|move|p2a: Lilligant|Close Combat|p1a: Staraptor\n|-supereffective|p1a: Staraptor\n|-damage|p1a: Staraptor|0 fnt\n|-unboost|p2a: Lilligant|def|1\n|-unboost|p2a: Lilligant|spd|1\n|faint|p1a: Staraptor\n|\n|upkeep\n|j| Notgeeta101\n|\n|t:|1700356677\n|switch|p1a: Snorlax|Snorlax, M|100\/100\n|turn|10\n|\n|t:|1700356685\n|move|p1a: Snorlax|Flamethrower|p2a: Lilligant\n|-supereffective|p2a: Lilligant\n|-damage|p2a: Lilligant|0 fnt\n|faint|p2a: Lilligant\n|\n|win|aWildTito\n|c|\u2606aWildTito|Gg\n|c|\u2606gotrix|Gg\n|c| Aceman2798|nice\n|l| Notgeeta101\n|l| LogIce\n","uploadtime":1700356693,"views":39,"p1id":"awildtito","p2id":"gotrix","formatid":"gen9ou","rating":0,"private":0,"password":""}