{"id":"gen9ou-1988970818","p1":"serigne398","p2":"jacothaptrllr","format":"[Gen 9] OU","log":"|j|\u2606serigne398\n|j|\u2606jacothaptrllr\n|t:|1699796444\n|gametype|singles\n|player|p1|serigne398|2|1170\n|player|p2|jacothaptrllr|shadowtriad|1082\n|teamsize|p1|6\n|teamsize|p2|6\n|gen|9\n|tier|[Gen 9] OU\n|rated|\n|rule|Sleep Clause Mod: Limit one foe put to sleep\n|rule|Species Clause: Limit one of each Pok\u00e9mon\n|rule|OHKO Clause: OHKO moves are banned\n|rule|Evasion Items Clause: Evasion items are banned\n|rule|Evasion Moves Clause: Evasion moves are banned\n|rule|Endless Battle Clause: Forcing endless battles is banned\n|rule|HP Percentage Mod: HP is shown in percentages\n|clearpoke\n|poke|p1|Blissey, F|\n|poke|p1|Kommo-o, F|\n|poke|p1|Azumarill, F|\n|poke|p1|Rillaboom, M|\n|poke|p1|Glimmora, F|\n|poke|p1|Torkoal, M|\n|poke|p2|Crawdaunt, F|\n|poke|p2|Cinderace, F|\n|poke|p2|Hawlucha, M|\n|poke|p2|Goodra-Hisui, F|\n|poke|p2|Corviknight, M|\n|poke|p2|Clefable, F|\n|teampreview\n|inactive|Battle timer is ON: inactive players will automatically lose when time's up. (requested by jacothaptrllr)\n|\n|t:|1699796456\n|start\n|switch|p1a: Torkoal|Torkoal, M|100\/100\n|switch|p2a: Crawdaunt|Crawdaunt, F|100\/100\n|-weather|SunnyDay|[from] ability: Drought|[of] p1a: Torkoal\n|turn|1\n|\n|t:|1699796465\n|move|p2a: Crawdaunt|Knock Off|p1a: Torkoal\n|-damage|p1a: Torkoal|21\/100\n|-enditem|p1a: Torkoal|Heavy-Duty Boots|[from] move: Knock Off|[of] p2a: Crawdaunt\n|move|p1a: Torkoal|Stealth Rock|p2a: Crawdaunt\n|-sidestart|p2: jacothaptrllr|move: Stealth Rock\n|\n|-weather|SunnyDay|[upkeep]\n|upkeep\n|turn|2\n|\n|t:|1699796473\n|move|p2a: Crawdaunt|Knock Off|p1a: Torkoal\n|-damage|p1a: Torkoal|0 fnt\n|faint|p1a: Torkoal\n|\n|-weather|SunnyDay|[upkeep]\n|upkeep\n|\n|t:|1699796483\n|switch|p1a: Rillaboom|Rillaboom, M|100\/100\n|-fieldstart|move: Grassy Terrain|[from] ability: Grassy Surge|[of] p1a: Rillaboom\n|turn|3\n|\n|t:|1699796489\n|switch|p2a: Corviknight|Corviknight, M|100\/100\n|-damage|p2a: Corviknight|88\/100|[from] Stealth Rock\n|move|p1a: Rillaboom|Grassy Glide|p2a: Corviknight\n|-resisted|p2a: Corviknight\n|-damage|p2a: Corviknight|81\/100\n|-damage|p1a: Rillaboom|84\/100|[from] item: Rocky Helmet|[of] p2a: Corviknight\n|\n|-weather|SunnyDay|[upkeep]\n|-heal|p1a: Rillaboom|90\/100|[from] Grassy Terrain\n|upkeep\n|turn|4\n|\n|t:|1699796501\n|move|p1a: Rillaboom|Knock Off|p2a: Corviknight\n|-damage|p2a: Corviknight|55\/100\n|-damage|p1a: Rillaboom|74\/100|[from] item: Rocky Helmet|[of] p2a: Corviknight\n|-enditem|p2a: Corviknight|Rocky Helmet|[from] move: Knock Off|[of] p1a: Rillaboom\n|move|p2a: Corviknight|Defog|p1a: Rillaboom\n|-unboost|p1a: Rillaboom|evasion|1\n|-sideend|p2: jacothaptrllr|Stealth Rock|[from] move: Defog|[of] p2a: Corviknight\n|-fieldend|move: Grassy Terrain\n|\n|-weather|SunnyDay|[upkeep]\n|upkeep\n|turn|5\n|\n|t:|1699796513\n|switch|p1a: Azumarill|Azumarill, F|100\/100\n|move|p2a: Corviknight|Iron Defense|p2a: Corviknight\n|-boost|p2a: Corviknight|def|2\n|\n|-weather|none\n|upkeep\n|turn|6\n|\n|t:|1699796521\n|switch|p2a: Hawlucha|Hawlucha, M|100\/100\n|move|p1a: Azumarill|Belly Drum|p1a: Azumarill\n|-damage|p1a: Azumarill|50\/100\n|-setboost|p1a: Azumarill|atk|6|[from] move: Belly Drum\n|-enditem|p2a: Hawlucha|Mirror Herb\n|-boost|p2a: Hawlucha|atk|6|[from] item: Mirror Herb\n|-enditem|p1a: Azumarill|Sitrus Berry|[eat]\n|-heal|p1a: Azumarill|75\/100|[from] item: Sitrus Berry\n|\n|upkeep\n|turn|7\n|\n|t:|1699796534\n|-terastallize|p1a: Azumarill|Water\n|move|p1a: Azumarill|Aqua Jet|p2a: Hawlucha\n|-damage|p2a: Hawlucha|0 fnt\n|faint|p2a: Hawlucha\n|\n|upkeep\n|c|\u2606jacothaptrllr|damn lol\n|\n|t:|1699796553\n|switch|p2a: Goodra|Goodra-Hisui, F|100\/100\n|-item|p2a: Goodra|Air Balloon\n|turn|8\n|\n|t:|1699796564\n|move|p2a: Goodra|Thunderbolt|p1a: Azumarill\n|-supereffective|p1a: Azumarill\n|-damage|p1a: Azumarill|12\/100\n|move|p1a: Azumarill|Play Rough|p2a: Goodra|[miss]\n|-miss|p1a: Azumarill|p2a: Goodra\n|\n|upkeep\n|turn|9\n|\n|t:|1699796571\n|move|p1a: Azumarill|Aqua Jet|p2a: Goodra\n|-resisted|p2a: Goodra\n|-damage|p2a: Goodra|33\/100\n|-ability|p2a: Goodra|Gooey\n|-unboost|p1a: Azumarill|spe|1\n|-enditem|p2a: Goodra|Air Balloon\n|move|p2a: Goodra|Thunderbolt|p1a: Azumarill\n|-supereffective|p1a: Azumarill\n|-damage|p1a: Azumarill|0 fnt\n|faint|p1a: Azumarill\n|\n|upkeep\n|\n|t:|1699796588\n|switch|p1a: Kommo-o|Kommo-o, F|100\/100\n|turn|10\n|\n|t:|1699796602\n|move|p1a: Kommo-o|Clangorous Soul|p1a: Kommo-o\n|-boost|p1a: Kommo-o|atk|1\n|-boost|p1a: Kommo-o|def|1\n|-boost|p1a: Kommo-o|spa|1\n|-boost|p1a: Kommo-o|spd|1\n|-boost|p1a: Kommo-o|spe|1\n|-damage|p1a: Kommo-o|68\/100\n|move|p2a: Goodra|Ice Beam|p1a: Kommo-o\n|-supereffective|p1a: Kommo-o\n|-damage|p1a: Kommo-o|16\/100\n|\n|upkeep\n|turn|11\n|\n|t:|1699796617\n|switch|p2a: Corviknight|Corviknight, M|55\/100\n|move|p1a: Kommo-o|Clanging Scales|p2a: Corviknight\n|-resisted|p2a: Corviknight\n|-crit|p2a: Corviknight\n|-damage|p2a: Corviknight|10\/100\n|-unboost|p1a: Kommo-o|def|1\n|-damage|p1a: Kommo-o|6\/100|[from] item: Life Orb\n|\n|upkeep\n|turn|12\n|\n|t:|1699796628\n|move|p1a: Kommo-o|Close Combat|p2a: Corviknight\n|-damage|p2a: Corviknight|0 fnt\n|-unboost|p1a: Kommo-o|def|1\n|-unboost|p1a: Kommo-o|spd|1\n|faint|p2a: Corviknight\n|-damage|p1a: Kommo-o|0 fnt|[from] item: Life Orb\n|faint|p1a: Kommo-o\n|\n|upkeep\n|\n|t:|1699796641\n|switch|p1a: Glimmora|Glimmora, F|100\/100\n|switch|p2a: Crawdaunt|Crawdaunt, F|100\/100\n|turn|13\n|\n|t:|1699796666\n|move|p1a: Glimmora|Energy Ball|p2a: Crawdaunt\n|-supereffective|p2a: Crawdaunt\n|-damage|p2a: Crawdaunt|0 fnt\n|faint|p2a: Crawdaunt\n|\n|upkeep\n|\n|t:|1699796675\n|switch|p2a: Goodra|Goodra-Hisui, F|33\/100\n|turn|14\n|\n|t:|1699796685\n|switch|p1a: Rillaboom|Rillaboom, M|74\/100\n|-fieldstart|move: Grassy Terrain|[from] ability: Grassy Surge|[of] p1a: Rillaboom\n|move|p2a: Goodra|Flash Cannon|p1a: Rillaboom\n|-damage|p1a: Rillaboom|18\/100\n|\n|-heal|p1a: Rillaboom|24\/100|[from] Grassy Terrain\n|-heal|p2a: Goodra|39\/100|[from] Grassy Terrain\n|upkeep\n|turn|15\n|\n|t:|1699796698\n|-terastallize|p2a: Goodra|Flying\n|move|p1a: Rillaboom|High Horsepower|p2a: Goodra\n|-immune|p2a: Goodra\n|move|p2a: Goodra|Flash Cannon|p1a: Rillaboom\n|-damage|p1a: Rillaboom|0 fnt\n|faint|p1a: Rillaboom\n|\n|upkeep\n|\n|t:|1699796708\n|switch|p1a: Glimmora|Glimmora, F|100\/100\n|turn|16\n|\n|t:|1699796712\n|move|p1a: Glimmora|Power Gem|p2a: Goodra\n|-supereffective|p2a: Goodra\n|-damage|p2a: Goodra|0 fnt\n|faint|p2a: Goodra\n|\n|upkeep\n|\n|t:|1699796717\n|switch|p2a: Clefable|Clefable, F|100\/100\n|turn|17\n|\n|t:|1699796724\n|switch|p1a: Blissey|Blissey, F|100\/100\n|move|p2a: Clefable|Calm Mind|p2a: Clefable\n|-boost|p2a: Clefable|spa|1\n|-boost|p2a: Clefable|spd|1\n|\n|upkeep\n|turn|18\n|\n|t:|1699796737\n|move|p2a: Clefable|Calm Mind|p2a: Clefable\n|-boost|p2a: Clefable|spa|1\n|-boost|p2a: Clefable|spd|1\n|move|p1a: Blissey|Thunder Wave|p2a: Clefable\n|-status|p2a: Clefable|par\n|\n|-fieldend|move: Grassy Terrain\n|upkeep\n|turn|19\n|\n|t:|1699796745\n|move|p1a: Blissey|Seismic Toss|p2a: Clefable\n|-damage|p2a: Clefable|75\/100 par\n|move|p2a: Clefable|Calm Mind|p2a: Clefable\n|-boost|p2a: Clefable|spa|1\n|-boost|p2a: Clefable|spd|1\n|\n|upkeep\n|turn|20\n|\n|t:|1699796752\n|move|p1a: Blissey|Seismic Toss|p2a: Clefable\n|-damage|p2a: Clefable|50\/100 par\n|cant|p2a: Clefable|par\n|\n|upkeep\n|turn|21\n|\n|t:|1699796758\n|move|p1a: Blissey|Seismic Toss|p2a: Clefable\n|-damage|p2a: Clefable|24\/100 par\n|move|p2a: Clefable|Moonlight|p2a: Clefable\n|-heal|p2a: Clefable|74\/100 par\n|\n|upkeep\n|turn|22\n|\n|t:|1699796765\n|move|p1a: Blissey|Seismic Toss|p2a: Clefable\n|-damage|p2a: Clefable|49\/100 par\n|move|p2a: Clefable|Moonlight|p2a: Clefable\n|-heal|p2a: Clefable|99\/100 par\n|\n|upkeep\n|turn|23\n|\n|t:|1699796772\n|move|p1a: Blissey|Seismic Toss|p2a: Clefable\n|-damage|p2a: Clefable|74\/100 par\n|move|p2a: Clefable|Moonblast|p1a: Blissey\n|-damage|p1a: Blissey|48\/100\n|\n|-heal|p1a: Blissey|55\/100|[from] item: Leftovers\n|upkeep\n|turn|24\n|\n|t:|1699796782\n|move|p1a: Blissey|Seismic Toss|p2a: Clefable\n|-damage|p2a: Clefable|48\/100 par\n|move|p2a: Clefable|Moonblast|p1a: Blissey\n|-damage|p1a: Blissey|4\/100\n|\n|-heal|p1a: Blissey|10\/100|[from] item: Leftovers\n|upkeep\n|turn|25\n|\n|t:|1699796792\n|move|p1a: Blissey|Soft-Boiled|p1a: Blissey\n|-heal|p1a: Blissey|60\/100\n|move|p2a: Clefable|Moonblast|p1a: Blissey\n|-crit|p1a: Blissey\n|-damage|p1a: Blissey|0 fnt\n|faint|p1a: Blissey\n|\n|upkeep\n|\n|t:|1699796801\n|switch|p1a: Glimmora|Glimmora, F|100\/100\n|turn|26\n|\n|t:|1699796807\n|move|p1a: Glimmora|Mortal Spin|p2a: Clefable\n|-supereffective|p2a: Clefable\n|-damage|p2a: Clefable|33\/100 par\n|move|p2a: Clefable|Moonlight|p2a: Clefable\n|-heal|p2a: Clefable|83\/100 par\n|\n|upkeep\n|turn|27\n|-message|serigne398 forfeited.\n|\n|win|jacothaptrllr\n|raw|serigne398's rating: 1170 &rarr; <strong>1139<\/strong><br \/>(-31 for losing)\n|raw|jacothaptrllr's rating: 1082 &rarr; <strong>1117<\/strong><br \/>(+35 for winning)\n|l|\u2606serigne398\n","uploadtime":1699796830,"views":9,"p1id":"serigne398","p2id":"jacothaptrllr","formatid":"gen9ou","rating":1117,"private":0,"password":""}