{"id":"gen9ou-1988556430","p1":"Zwanito","p2":"OkJuice100","format":"[Gen 9] OU","log":"|j|\u2606Zwanito\n|j|\u2606OkJuice100\n|t:|1699735743\n|gametype|singles\n|player|p1|Zwanito|unknown|1363\n|player|p2|OkJuice100|266|1280\n|teamsize|p1|6\n|teamsize|p2|6\n|gen|9\n|tier|[Gen 9] OU\n|rated|\n|rule|Sleep Clause Mod: Limit one foe put to sleep\n|rule|Species Clause: Limit one of each Pok\u00e9mon\n|rule|OHKO Clause: OHKO moves are banned\n|rule|Evasion Items Clause: Evasion items are banned\n|rule|Evasion Moves Clause: Evasion moves are banned\n|rule|Endless Battle Clause: Forcing endless battles is banned\n|rule|HP Percentage Mod: HP is shown in percentages\n|clearpoke\n|poke|p1|Kingambit, M|\n|poke|p1|Enamorus, F|\n|poke|p1|Gholdengo|\n|poke|p1|Gliscor, F|\n|poke|p1|Ogerpon-Wellspring, F|\n|poke|p1|Cinderace, M|\n|poke|p2|Cinderace, M|\n|poke|p2|Greninja-*, M|\n|poke|p2|Slowking-Galar, F|\n|poke|p2|Pelipper, F|\n|poke|p2|Barraskewda, F|\n|poke|p2|Rillaboom, M|\n|teampreview\n|inactive|Battle timer is ON: inactive players will automatically lose when time's up. (requested by Zwanito)\n|\n|t:|1699735755\n|start\n|switch|p1a: Gliscor|Gliscor, F|100\/100\n|switch|p2a: Pelipper|Pelipper, F|100\/100\n|-weather|RainDance|[from] ability: Drizzle|[of] p2a: Pelipper\n|turn|1\n|\n|t:|1699735766\n|switch|p2a: Greninja|Greninja, M|100\/100\n|move|p1a: Gliscor|Protect||[still]\n|-fail|p1a: Gliscor\n|\n|-weather|RainDance|[upkeep]\n|-status|p1a: Gliscor|tox|[from] item: Toxic Orb\n|upkeep\n|turn|2\n|\n|t:|1699735772\n|switch|p1a: Kingambit|Kingambit, M|100\/100\n|move|p2a: Greninja|Ice Beam|p1a: Kingambit\n|-start|p2a: Greninja|typechange|Ice|[from] ability: Protean\n|-resisted|p1a: Kingambit\n|-damage|p1a: Kingambit|87\/100\n|\n|-weather|RainDance|[upkeep]\n|upkeep\n|turn|3\n|\n|t:|1699735780\n|switch|p2a: Cinderace|Cinderace, M|100\/100\n|move|p1a: Kingambit|Kowtow Cleave|p2a: Cinderace\n|-crit|p2a: Cinderace\n|-damage|p2a: Cinderace|0 fnt\n|faint|p2a: Cinderace\n|\n|-weather|RainDance|[upkeep]\n|upkeep\n|\n|t:|1699735782\n|switch|p2a: Slowking|Slowking-Galar, F|100\/100\n|turn|4\n|\n|t:|1699735787\n|-terastallize|p2a: Slowking|Dark\n|move|p1a: Kingambit|Kowtow Cleave|p2a: Slowking\n|-resisted|p2a: Slowking\n|-damage|p2a: Slowking|76\/100\n|move|p2a: Slowking|Focus Blast|p1a: Kingambit|[miss]\n|-miss|p2a: Slowking|p1a: Kingambit\n|\n|-weather|RainDance|[upkeep]\n|upkeep\n|turn|5\n|\n|t:|1699735793\n|move|p1a: Kingambit|Iron Head|p2a: Slowking\n|-damage|p2a: Slowking|30\/100\n|move|p2a: Slowking|Focus Blast|p1a: Kingambit\n|-supereffective|p1a: Kingambit\n|-damage|p1a: Kingambit|0 fnt\n|faint|p1a: Kingambit\n|-end|p1a: Kingambit|fallenundefined|[silent]\n|\n|-weather|RainDance|[upkeep]\n|upkeep\n|\n|t:|1699735796\n|switch|p1a: Cinderace|Cinderace, M|100\/100\n|turn|6\n|\n|t:|1699735803\n|switch|p2a: Rillaboom|Rillaboom, M|100\/100\n|-fieldstart|move: Grassy Terrain|[from] ability: Grassy Surge|[of] p2a: Rillaboom\n|move|p1a: Cinderace|U-turn|p2a: Rillaboom\n|-start|p1a: Cinderace|typechange|Bug|[from] ability: Libero\n|-supereffective|p2a: Rillaboom\n|-damage|p2a: Rillaboom|53\/100\n|\n|t:|1699735826\n|switch|p1a: Enamorus|Enamorus, F|100\/100|[from] U-turn\n|\n|-weather|RainDance|[upkeep]\n|-heal|p2a: Rillaboom|59\/100|[from] Grassy Terrain\n|-heal|p2a: Rillaboom|65\/100|[from] item: Leftovers\n|upkeep\n|turn|7\n|\n|t:|1699735838\n|move|p2a: Rillaboom|Protect|p2a: Rillaboom\n|-singleturn|p2a: Rillaboom|Protect\n|move|p1a: Enamorus|Moonblast|p2a: Rillaboom\n|-activate|p2a: Rillaboom|move: Protect\n|\n|-weather|RainDance|[upkeep]\n|-heal|p2a: Rillaboom|71\/100|[from] Grassy Terrain\n|-heal|p2a: Rillaboom|77\/100|[from] item: Leftovers\n|upkeep\n|turn|8\n|\n|t:|1699735842\n|move|p1a: Enamorus|Moonblast|p2a: Rillaboom\n|-damage|p2a: Rillaboom|13\/100\n|-unboost|p2a: Rillaboom|spa|1\n|move|p2a: Rillaboom|U-turn|p1a: Enamorus\n|-resisted|p1a: Enamorus\n|-damage|p1a: Enamorus|92\/100\n|\n|t:|1699735846\n|switch|p2a: Slowking|Slowking-Galar, F, tera:Dark|64\/100|[from] U-turn\n|\n|-weather|none\n|-heal|p2a: Slowking|70\/100|[from] Grassy Terrain\n|upkeep\n|turn|9\n|\n|t:|1699735852\n|switch|p1a: Cinderace|Cinderace, M|100\/100\n|move|p2a: Slowking|Sludge Bomb|p1a: Cinderace\n|-damage|p1a: Cinderace|40\/100\n|-status|p1a: Cinderace|psn\n|\n|-heal|p1a: Cinderace|46\/100 psn|[from] Grassy Terrain\n|-heal|p2a: Slowking|76\/100|[from] Grassy Terrain\n|-damage|p1a: Cinderace|33\/100 psn|[from] psn\n|upkeep\n|turn|10\n|\n|t:|1699735863\n|switch|p2a: Pelipper|Pelipper, F|100\/100\n|-weather|RainDance|[from] ability: Drizzle|[of] p2a: Pelipper\n|move|p1a: Cinderace|High Jump Kick|p2a: Pelipper|[miss]\n|-start|p1a: Cinderace|typechange|Fighting|[from] ability: Libero\n|-miss|p1a: Cinderace|p2a: Pelipper\n|-damage|p1a: Cinderace|0 fnt|[from] highjumpkick\n|faint|p1a: Cinderace\n|\n|-weather|RainDance|[upkeep]\n|-fieldend|move: Grassy Terrain\n|upkeep\n|\n|t:|1699735870\n|switch|p1a: Gholdengo|Gholdengo|100\/100\n|-item|p1a: Gholdengo|Air Balloon\n|turn|11\n|\n|t:|1699735880\n|move|p1a: Gholdengo|Nasty Plot|p1a: Gholdengo\n|-boost|p1a: Gholdengo|spa|2\n|move|p2a: Pelipper|U-turn|p1a: Gholdengo\n|-resisted|p1a: Gholdengo\n|-damage|p1a: Gholdengo|99\/100\n|-enditem|p1a: Gholdengo|Air Balloon\n|\n|t:|1699735888\n|switch|p2a: Greninja|Greninja, M|100\/100|[from] U-turn\n|\n|-weather|RainDance|[upkeep]\n|upkeep\n|turn|12\n|\n|t:|1699735893\n|-terastallize|p1a: Gholdengo|Flying\n|move|p2a: Greninja|Surf|p1a: Gholdengo\n|-start|p2a: Greninja|typechange|Water|[from] ability: Protean\n|-damage|p1a: Gholdengo|35\/100\n|move|p1a: Gholdengo|Make It Rain|p2a: Greninja\n|-resisted|p2a: Greninja\n|-damage|p2a: Greninja|20\/100\n|-unboost|p1a: Gholdengo|spa|1\n|\n|-weather|RainDance|[upkeep]\n|upkeep\n|turn|13\n|\n|t:|1699735899\n|switch|p1a: Ogerpon|Ogerpon-Wellspring, F|100\/100\n|move|p2a: Greninja|Surf|p1a: Ogerpon\n|-immune|p1a: Ogerpon|[from] ability: Water Absorb\n|\n|-weather|RainDance|[upkeep]\n|upkeep\n|turn|14\n|\n|t:|1699735904\n|switch|p2a: Slowking|Slowking-Galar, F, tera:Dark|100\/100\n|move|p1a: Ogerpon|Swords Dance|p1a: Ogerpon\n|-boost|p1a: Ogerpon|atk|2\n|\n|-weather|RainDance|[upkeep]\n|upkeep\n|turn|15\n|\n|t:|1699735908\n|move|p1a: Ogerpon|Ivy Cudgel|p2a: Slowking\n|-damage|p2a: Slowking|0 fnt\n|faint|p2a: Slowking\n|\n|-weather|RainDance|[upkeep]\n|upkeep\n|\n|t:|1699735912\n|switch|p2a: Barraskewda|Barraskewda, F|100\/100\n|turn|16\n|\n|t:|1699735916\n|move|p2a: Barraskewda|Close Combat|p1a: Ogerpon\n|-damage|p1a: Ogerpon|19\/100\n|-unboost|p2a: Barraskewda|def|1\n|-unboost|p2a: Barraskewda|spd|1\n|move|p1a: Ogerpon|Power Whip|p2a: Barraskewda\n|-supereffective|p2a: Barraskewda\n|-damage|p2a: Barraskewda|0 fnt\n|faint|p2a: Barraskewda\n|\n|-weather|RainDance|[upkeep]\n|upkeep\n|\n|t:|1699735927\n|switch|p2a: Rillaboom|Rillaboom, M|13\/100\n|-fieldstart|move: Grassy Terrain|[from] ability: Grassy Surge|[of] p2a: Rillaboom\n|turn|17\n|\n|t:|1699735937\n|move|p2a: Rillaboom|Grassy Glide|p1a: Ogerpon\n|-damage|p1a: Ogerpon|0 fnt\n|faint|p1a: Ogerpon\n|\n|-weather|none\n|-heal|p2a: Rillaboom|20\/100|[from] Grassy Terrain\n|-heal|p2a: Rillaboom|26\/100|[from] item: Leftovers\n|upkeep\n|\n|t:|1699735942\n|switch|p1a: Enamorus|Enamorus, F|92\/100\n|turn|18\n|\n|t:|1699735949\n|move|p2a: Rillaboom|Protect|p2a: Rillaboom\n|-singleturn|p2a: Rillaboom|Protect\n|move|p1a: Enamorus|Superpower|p2a: Rillaboom\n|-activate|p2a: Rillaboom|move: Protect\n|\n|-heal|p2a: Rillaboom|32\/100|[from] Grassy Terrain\n|-heal|p2a: Rillaboom|38\/100|[from] item: Leftovers\n|upkeep\n|turn|19\n|\n|t:|1699735951\n|move|p1a: Enamorus|Superpower|p2a: Rillaboom\n|-damage|p2a: Rillaboom|17\/100\n|-boost|p1a: Enamorus|atk|1\n|-boost|p1a: Enamorus|def|1\n|move|p2a: Rillaboom|U-turn|p1a: Enamorus\n|-resisted|p1a: Enamorus\n|-damage|p1a: Enamorus|86\/100\n|\n|t:|1699735957\n|switch|p2a: Greninja|Greninja, M|20\/100|[from] U-turn\n|\n|-heal|p2a: Greninja|26\/100|[from] Grassy Terrain\n|upkeep\n|turn|20\n|\n|t:|1699735959\n|move|p2a: Greninja|Ice Beam|p1a: Enamorus\n|-start|p2a: Greninja|typechange|Ice|[from] ability: Protean\n|-supereffective|p1a: Enamorus\n|-damage|p1a: Enamorus|0 fnt\n|faint|p1a: Enamorus\n|\n|-heal|p2a: Greninja|32\/100|[from] Grassy Terrain\n|upkeep\n|l|\u2606Zwanito\n|inactive|Zwanito disconnected and has a minute to reconnect!\n|player|p1|\n|inactive|Zwanito has 30 seconds to reconnect!\n|inactive|Zwanito has 20 seconds to reconnect!\n|inactive|Zwanito has 15 seconds to reconnect!\n|inactive|Zwanito has 10 seconds to reconnect!\n|inactive|Zwanito has 5 seconds to reconnect!\n|-message|Zwanito lost due to inactivity.\n|\n|win|OkJuice100\n|raw|Zwanito's rating: 1363 &rarr; <strong>1338<\/strong><br \/>(-25 for losing)\n|raw|OkJuice100's rating: 1280 &rarr; <strong>1311<\/strong><br \/>(+31 for winning)\n","uploadtime":1699736031,"views":42,"p1id":"zwanito","p2id":"okjuice100","formatid":"gen9ou","rating":1311,"private":0,"password":""}