{"id":"gen9ou-1993155406","p1":"SirBoogerBrain","p2":"monerokitten","format":"[Gen 9] OU","log":"|j|\u2606SirBoogerBrain\n|j|\u2606monerokitten\n|t:|1700271479\n|gametype|singles\n|player|p1|SirBoogerBrain|burglar-gen2|1126\n|player|p2|monerokitten|102|1178\n|teamsize|p1|6\n|teamsize|p2|6\n|gen|9\n|tier|[Gen 9] OU\n|rated|\n|rule|Sleep Clause Mod: Limit one foe put to sleep\n|rule|Species Clause: Limit one of each Pok\u00e9mon\n|rule|OHKO Clause: OHKO moves are banned\n|rule|Evasion Items Clause: Evasion items are banned\n|rule|Evasion Moves Clause: Evasion moves are banned\n|rule|Endless Battle Clause: Forcing endless battles is banned\n|rule|HP Percentage Mod: HP is shown in percentages\n|clearpoke\n|poke|p1|Iron Valiant|\n|poke|p1|Kingambit, F|\n|poke|p1|Great Tusk|\n|poke|p1|Garchomp, F|\n|poke|p1|Moltres|\n|poke|p1|Amoonguss, F|\n|poke|p2|Pelipper, F|\n|poke|p2|Basculegion, M|\n|poke|p2|Greninja-*, M|\n|poke|p2|Kingambit, F|\n|poke|p2|Zapdos|\n|poke|p2|Great Tusk|\n|teampreview\n|inactive|Battle timer is ON: inactive players will automatically lose when time's up. (requested by SirBoogerBrain)\n|inactive|SirBoogerBrain has 120 seconds left.\n|inactive|SirBoogerBrain has 90 seconds left.\n|\n|t:|1700271544\n|start\n|switch|p1a: Bloom Warden|Amoonguss, F|100\/100\n|switch|p2a: Pelipper|Pelipper, F|100\/100\n|-weather|RainDance|[from] ability: Drizzle|[of] p2a: Pelipper\n|turn|1\n|\n|t:|1700271567\n|move|p2a: Pelipper|U-turn|p1a: Bloom Warden\n|-damage|p1a: Bloom Warden|93\/100\n|-damage|p2a: Pelipper|84\/100|[from] item: Rocky Helmet|[of] p1a: Bloom Warden\n|\n|t:|1700271575\n|switch|p2a: Zapdos|Zapdos|100\/100|[from] U-turn\n|move|p1a: Bloom Warden|Stun Spore|p2a: Zapdos|[miss]\n|-miss|p1a: Bloom Warden|p2a: Zapdos\n|\n|-weather|RainDance|[upkeep]\n|upkeep\n|turn|2\n|\n|t:|1700271603\n|switch|p1a: Abyssal Fin|Garchomp, F|100\/100\n|move|p2a: Zapdos|Hurricane|p1a: Abyssal Fin\n|-damage|p1a: Abyssal Fin|47\/100\n|\n|-weather|RainDance|[upkeep]\n|-heal|p1a: Abyssal Fin|54\/100|[from] item: Leftovers\n|upkeep\n|turn|3\n|inactive|SirBoogerBrain has 120 seconds left.\n|\n|t:|1700271645\n|move|p1a: Abyssal Fin|Stealth Rock|p2a: Zapdos\n|-sidestart|p2: monerokitten|move: Stealth Rock\n|move|p2a: Zapdos|Hurricane|p1a: Abyssal Fin\n|-damage|p1a: Abyssal Fin|7\/100\n|\n|-weather|RainDance|[upkeep]\n|-heal|p1a: Abyssal Fin|13\/100|[from] item: Leftovers\n|upkeep\n|turn|4\n|inactive|SirBoogerBrain has 90 seconds left.\n|\n|t:|1700271685\n|move|p1a: Abyssal Fin|Spikes|p2a: Zapdos\n|-sidestart|p2: monerokitten|Spikes\n|move|p2a: Zapdos|Hurricane|p1a: Abyssal Fin\n|-damage|p1a: Abyssal Fin|0 fnt\n|faint|p1a: Abyssal Fin\n|\n|-weather|RainDance|[upkeep]\n|upkeep\n|inactive|SirBoogerBrain has 60 seconds left.\n|\n|t:|1700271729\n|switch|p1a: Onyx Razor|Kingambit, F|100\/100\n|-activate|p1a: Onyx Razor|ability: Supreme Overlord\n|-start|p1a: Onyx Razor|fallen1|[silent]\n|turn|5\n|\n|t:|1700271738\n|move|p2a: Zapdos|Thunder|p1a: Onyx Razor\n|-damage|p1a: Onyx Razor|32\/100\n|move|p1a: Onyx Razor|Swords Dance|p1a: Onyx Razor\n|-boost|p1a: Onyx Razor|atk|2\n|\n|-weather|RainDance|[upkeep]\n|upkeep\n|turn|6\n|\n|t:|1700271756\n|switch|p2a: Greninja|Greninja, M|100\/100\n|-damage|p2a: Greninja|88\/100|[from] Stealth Rock\n|-damage|p2a: Greninja|76\/100|[from] Spikes\n|move|p1a: Onyx Razor|Sucker Punch||[still]\n|-fail|p1a: Onyx Razor\n|\n|-weather|RainDance|[upkeep]\n|upkeep\n|turn|7\n|inactive|SirBoogerBrain has 30 seconds left.\n|inactive|SirBoogerBrain has 20 seconds left.\n|\n|t:|1700271794\n|move|p2a: Greninja|Water Shuriken|p1a: Onyx Razor\n|-damage|p1a: Onyx Razor|19\/100\n|-damage|p1a: Onyx Razor|7\/100\n|-damage|p1a: Onyx Razor|0 fnt\n|faint|p1a: Onyx Razor\n|-end|p1a: Onyx Razor|fallen1|[silent]\n|-ability|p2a: Greninja|Battle Bond|boost\n|-boost|p2a: Greninja|atk|1\n|-boost|p2a: Greninja|spa|1\n|-boost|p2a: Greninja|spe|1\n|-activate|p2a: Greninja|ability: Battle Bond\n|-hitcount|p1: Onyx Razor|3\n|\n|-weather|RainDance|[upkeep]\n|upkeep\n|inactive|SirBoogerBrain has 25 seconds left this turn.\n|inactive|SirBoogerBrain has 20 seconds left.\n|inactive|SirBoogerBrain has 15 seconds left.\n|inactive|SirBoogerBrain has 10 seconds left.\n|\n|t:|1700271813\n|switch|p1a: Bloom Warden|Amoonguss, F|100\/100\n|turn|8\n|inactive|SirBoogerBrain has 20 seconds left this turn.\n|inactive|SirBoogerBrain has 15 seconds left.\n|inactive|SirBoogerBrain has 10 seconds left.\n|\n|t:|1700271825\n|move|p2a: Greninja|Ice Beam|p1a: Bloom Warden\n|-supereffective|p1a: Bloom Warden\n|-damage|p1a: Bloom Warden|32\/100\n|move|p1a: Bloom Warden|Giga Drain|p2a: Greninja\n|-supereffective|p2a: Greninja\n|-damage|p2a: Greninja|9\/100\n|-heal|p1a: Bloom Warden|54\/100|[from] drain|[of] p2a: Greninja\n|\n|-weather|none\n|upkeep\n|turn|9\n|inactive|SirBoogerBrain has 20 seconds left this turn.\n|inactive|SirBoogerBrain has 15 seconds left.\n|inactive|SirBoogerBrain has 10 seconds left.\n|inactive|SirBoogerBrain has 5 seconds left.\n|-message|SirBoogerBrain lost due to inactivity.\n|\n|win|monerokitten\n|raw|SirBoogerBrain's rating: 1126 &rarr; <strong>1105<\/strong><br \/>(-21 for losing)\n|raw|monerokitten's rating: 1178 &rarr; <strong>1199<\/strong><br \/>(+21 for winning)\n","uploadtime":1700271916,"views":17,"p1id":"sirboogerbrain","p2id":"monerokitten","formatid":"gen9ou","rating":1105,"private":0,"password":""}