{"id":"gen9ou-1997804329","p1":"archie_boom","p2":"Imanjoneser","format":"[Gen 9] OU","log":"|j|\u2606archie_boom\n|j|\u2606Imanjoneser\n|t:|1700854499\n|gametype|singles\n|player|p1|archie_boom|skier|\n|player|p2|Imanjoneser|bugcatcher-gen4dp|\n|teamsize|p1|6\n|teamsize|p2|6\n|gen|9\n|tier|[Gen 9] OU\n|rule|Sleep Clause Mod: Limit one foe put to sleep\n|rule|Species Clause: Limit one of each Pok\u00e9mon\n|rule|OHKO Clause: OHKO moves are banned\n|rule|Evasion Items Clause: Evasion items are banned\n|rule|Evasion Moves Clause: Evasion moves are banned\n|rule|Endless Battle Clause: Forcing endless battles is banned\n|rule|HP Percentage Mod: HP is shown in percentages\n|clearpoke\n|poke|p1|Dusclops, F|\n|poke|p1|Crawdaunt, M|\n|poke|p1|Slither Wing|\n|poke|p1|Heatran, M|\n|poke|p1|Hoopa-Unbound|\n|poke|p1|Blissey, F|\n|poke|p2|Chesnaught, F|\n|poke|p2|Infernape, M|\n|poke|p2|Meowscarada, F|\n|poke|p2|Skeledirge, F|\n|poke|p2|Quaquaval, F|\n|poke|p2|Inteleon, F|\n|teampreview\n|c|\u2606Imanjoneser|Hey\n|\n|t:|1700854516\n|start\n|switch|p1a: Crawdaunt|Crawdaunt, M|100\/100\n|switch|p2a: Meowscarada|Meowscarada, F, shiny|100\/100\n|turn|1\n|c|\u2606archie_boom|hello\n|\n|t:|1700854523\n|move|p2a: Meowscarada|Flower Trick|p1a: Crawdaunt\n|-start|p2a: Meowscarada|typechange|Grass|[from] ability: Protean\n|-supereffective|p1a: Crawdaunt\n|-crit|p1a: Crawdaunt\n|-damage|p1a: Crawdaunt|0 fnt\n|faint|p1a: Crawdaunt\n|\n|upkeep\n|c|\u2606archie_boom|that was dumb\n|\n|t:|1700854533\n|switch|p1a: Hoopa|Hoopa-Unbound|100\/100\n|turn|2\n|c|\u2606Imanjoneser|Xd\n|c|\u2606Imanjoneser|Happens to the best of us\n|\n|t:|1700854542\n|move|p2a: Meowscarada|Charm|p1a: Hoopa\n|-unboost|p1a: Hoopa|atk|2\n|move|p1a: Hoopa|Dark Pulse|p2a: Meowscarada\n|-damage|p2a: Meowscarada|27\/100\n|-item|p1a: Hoopa|Focus Sash|[from] ability: Magician|[of] p2a: Meowscarada\n|\n|upkeep\n|turn|3\n|\n|t:|1700854550\n|move|p2a: Meowscarada|Knock Off|p1a: Hoopa\n|-damage|p1a: Hoopa|48\/100\n|-enditem|p1a: Hoopa|Focus Sash|[from] move: Knock Off|[of] p2a: Meowscarada\n|move|p1a: Hoopa|Psychic|p2a: Meowscarada\n|-damage|p2a: Meowscarada|0 fnt\n|faint|p2a: Meowscarada\n|\n|upkeep\n|c|\u2606archie_boom|im gonna take another one\n|\n|t:|1700854579\n|switch|p2a: Infernape|Infernape, M, shiny|100\/100\n|turn|4\n|c|\u2606Imanjoneser|Oh I don't doubt it\n|\n|t:|1700854591\n|switch|p1a: Blissey|Blissey, F|100\/100\n|move|p2a: Infernape|Swords Dance|p2a: Infernape\n|-boost|p2a: Infernape|atk|2\n|\n|upkeep\n|turn|5\n|c|\u2606Imanjoneser|Pro tip switch out here lol\n|\n|t:|1700854607\n|move|p2a: Infernape|Drain Punch|p1a: Blissey\n|-supereffective|p1a: Blissey\n|-damage|p1a: Blissey|0 fnt\n|faint|p1a: Blissey\n|\n|upkeep\n|\n|t:|1700854613\n|switch|p1a: Hoopa|Hoopa-Unbound|48\/100\n|turn|6\n|c|\u2606Imanjoneser|You ddin't believe me :0\n|\n|t:|1700854620\n|switch|p1a: Slither Wing|Slither Wing|100\/100\n|-enditem|p1a: Slither Wing|Booster Energy\n|-activate|p1a: Slither Wing|ability: Protosynthesis|[fromitem]\n|-start|p1a: Slither Wing|protosynthesisatk\n|move|p2a: Infernape|Fire Punch|p1a: Slither Wing\n|-supereffective|p1a: Slither Wing\n|-damage|p1a: Slither Wing|0 fnt\n|faint|p1a: Slither Wing\n|-end|p1a: Slither Wing|Protosynthesis|[silent]\n|\n|upkeep\n|\n|t:|1700854628\n|switch|p1a: Heatran|Heatran, M|100\/100\n|turn|7\n|\n|t:|1700854633\n|move|p2a: Infernape|Drain Punch|p1a: Heatran\n|-supereffective|p1a: Heatran\n|-damage|p1a: Heatran|0 fnt\n|faint|p1a: Heatran\n|\n|upkeep\n|\n|t:|1700854639\n|switch|p1a: Dusclops|Dusclops, F|100\/100\n|-ability|p1a: Dusclops|Pressure\n|turn|8\n|\n|t:|1700854644\n|move|p1a: Dusclops|Protect|p1a: Dusclops\n|-singleturn|p1a: Dusclops|Protect\n|move|p2a: Infernape|Swords Dance|p2a: Infernape\n|-boost|p2a: Infernape|atk|2\n|\n|upkeep\n|turn|9\n|\n|t:|1700854653\n|-terastallize|p2a: Infernape|Fire\n|move|p2a: Infernape|Fire Punch|p1a: Dusclops\n|-damage|p1a: Dusclops|3\/100\n|move|p1a: Dusclops|Curse|p2a: Infernape\n|-start|p2a: Infernape|Curse|[of] p1a: Dusclops\n|-damage|p1a: Dusclops|0 fnt\n|faint|p1a: Dusclops\n|\n|-damage|p2a: Infernape|76\/100|[from] Curse\n|upkeep\n|c|\u2606Imanjoneser|gg man\n|c|\u2606archie_boom|dammit\n|c|\u2606archie_boom|gg\n|\n|t:|1700854666\n|switch|p1a: Hoopa|Hoopa-Unbound|48\/100\n|turn|10\n|c|\u2606Imanjoneser|Didn't think I'd get this far with infernape\n|\n|t:|1700854678\n|move|p2a: Infernape|Drain Punch|p1a: Hoopa\n|-damage|p1a: Hoopa|0 fnt\n|-heal|p2a: Infernape|99\/100|[from] drain|[of] p1a: Hoopa\n|faint|p1a: Hoopa\n|\n|win|Imanjoneser\n|c|\u2606archie_boom|you are so good at this\n|l|\u2606archie_boom\n|c|\u2606Imanjoneser|Shoot I appreciate that\n","uploadtime":1700854701,"views":19,"p1id":"archieboom","p2id":"imanjoneser","formatid":"gen9ou","rating":0,"private":0,"password":""}