{"id":"gen9ou-1992604483","p1":"darkmaster","p2":"sauucee1n","format":"[Gen 9] OU","log":"|j|\u2606darkmaster\n|j|\u2606sauucee1n\n|t:|1700213374\n|gametype|singles\n|player|p1|darkmaster|palmer|1220\n|player|p2|sauucee1n|plasmagrunt|1127\n|teamsize|p1|6\n|teamsize|p2|6\n|gen|9\n|tier|[Gen 9] OU\n|rated|\n|rule|Sleep Clause Mod: Limit one foe put to sleep\n|rule|Species Clause: Limit one of each Pok\u00e9mon\n|rule|OHKO Clause: OHKO moves are banned\n|rule|Evasion Items Clause: Evasion items are banned\n|rule|Evasion Moves Clause: Evasion moves are banned\n|rule|Endless Battle Clause: Forcing endless battles is banned\n|rule|HP Percentage Mod: HP is shown in percentages\n|clearpoke\n|poke|p1|Rillaboom, M|\n|poke|p1|Great Tusk|\n|poke|p1|Slowking-Galar, F|\n|poke|p1|Gholdengo|\n|poke|p1|Dragonite, M|\n|poke|p1|Cinderace, M|\n|poke|p2|Kingambit, M|\n|poke|p2|Landorus-Therian, M|\n|poke|p2|Pawmot, M|\n|poke|p2|Hatterene, F|\n|poke|p2|Cinderace, F|\n|poke|p2|Manaphy|\n|teampreview\n|inactive|Battle timer is ON: inactive players will automatically lose when time's up. (requested by darkmaster)\n|\n|t:|1700213381\n|start\n|switch|p1a: Rillaboom|Rillaboom, M, shiny|100\/100\n|switch|p2a: Landorus|Landorus-Therian, M|100\/100\n|-fieldstart|move: Grassy Terrain|[from] ability: Grassy Surge|[of] p1a: Rillaboom\n|-ability|p2a: Landorus|Intimidate|boost\n|-unboost|p1a: Rillaboom|atk|1\n|turn|1\n|\n|t:|1700213387\n|switch|p2a: Hatterene|Hatterene, F|100\/100\n|move|p1a: Rillaboom|Knock Off|p2a: Hatterene\n|-damage|p2a: Hatterene|71\/100\n|-damage|p1a: Rillaboom|84\/100|[from] item: Rocky Helmet|[of] p2a: Hatterene\n|-enditem|p2a: Hatterene|Rocky Helmet|[from] move: Knock Off|[of] p1a: Rillaboom\n|\n|-heal|p1a: Rillaboom|90\/100|[from] Grassy Terrain\n|-heal|p2a: Hatterene|77\/100|[from] Grassy Terrain\n|upkeep\n|turn|2\n|\n|t:|1700213409\n|switch|p1a: Slowking|Slowking-Galar, F|100\/100\n|move|p2a: Hatterene|Nuzzle|p1a: Slowking\n|-damage|p1a: Slowking|98\/100\n|-status|p1a: Slowking|par\n|\n|-heal|p2a: Hatterene|83\/100|[from] Grassy Terrain\n|-heal|p1a: Slowking|100\/100 par|[from] Grassy Terrain\n|upkeep\n|turn|3\n|\n|t:|1700213426\n|switch|p2a: Kingambit|Kingambit, M|100\/100\n|move|p1a: Slowking|Future Sight|p2a: Kingambit\n|-start|p1a: Slowking|move: Future Sight\n|\n|upkeep\n|turn|4\n|\n|t:|1700213445\n|-end|p2a: Kingambit|fallenundefined|[silent]\n|switch|p2a: Manaphy|Manaphy|100\/100\n|switch|p1a: Great Tusk|Great Tusk, shiny|100\/100\n|\n|upkeep\n|turn|5\n|\n|t:|1700213450\n|move|p2a: Manaphy|Scald|p1a: Great Tusk\n|-supereffective|p1a: Great Tusk\n|-damage|p1a: Great Tusk|15\/100\n|move|p1a: Great Tusk|Knock Off|p2a: Manaphy\n|-damage|p2a: Manaphy|70\/100\n|-enditem|p2a: Manaphy|Assault Vest|[from] move: Knock Off|[of] p1a: Great Tusk\n|\n|-end|p2a: Manaphy|move: Future Sight\n|-damage|p2a: Manaphy|38\/100\n|-heal|p2a: Manaphy|44\/100|[from] Grassy Terrain\n|-heal|p1a: Great Tusk|21\/100|[from] Grassy Terrain\n|-fieldend|move: Grassy Terrain\n|upkeep\n|turn|6\n|\n|t:|1700213459\n|-end|p1a: Great Tusk|Protosynthesis|[silent]\n|switch|p1a: Slowking|Slowking-Galar, F|100\/100 par\n|move|p2a: Manaphy|Scald|p1a: Slowking\n|-damage|p1a: Slowking|80\/100 par\n|\n|upkeep\n|turn|7\n|\n|t:|1700213462\n|move|p2a: Manaphy|Knock Off|p1a: Slowking\n|-supereffective|p1a: Slowking\n|-damage|p1a: Slowking|49\/100 par\n|-enditem|p1a: Slowking|Heavy-Duty Boots|[from] move: Knock Off|[of] p2a: Manaphy\n|move|p1a: Slowking|Thunder Wave|p2a: Manaphy\n|-status|p2a: Manaphy|par\n|\n|upkeep\n|turn|8\n|\n|t:|1700213479\n|switch|p1a: Rillaboom|Rillaboom, M, shiny|90\/100\n|-fieldstart|move: Grassy Terrain|[from] ability: Grassy Surge|[of] p1a: Rillaboom\n|cant|p2a: Manaphy|par\n|\n|-heal|p1a: Rillaboom|96\/100|[from] Grassy Terrain\n|-heal|p2a: Manaphy|50\/100 par|[from] Grassy Terrain\n|upkeep\n|turn|9\n|\n|t:|1700213487\n|switch|p2a: Hatterene|Hatterene, F|83\/100\n|move|p1a: Rillaboom|Wood Hammer|p2a: Hatterene\n|-damage|p2a: Hatterene|0 fnt\n|faint|p2a: Hatterene\n|-damage|p1a: Rillaboom|71\/100|[from] Recoil\n|\n|-heal|p1a: Rillaboom|77\/100|[from] Grassy Terrain\n|upkeep\n|\n|t:|1700213492\n|switch|p2a: Landorus|Landorus-Therian, M|100\/100\n|-ability|p2a: Landorus|Intimidate|boost\n|-unboost|p1a: Rillaboom|atk|1\n|turn|10\n|\n|t:|1700213499\n|move|p1a: Rillaboom|Wood Hammer|p2a: Landorus\n|-damage|p2a: Landorus|11\/100\n|-damage|p1a: Rillaboom|44\/100|[from] Recoil\n|move|p2a: Landorus|U-turn|p1a: Rillaboom\n|-supereffective|p1a: Rillaboom\n|-damage|p1a: Rillaboom|0 fnt\n|faint|p1a: Rillaboom\n|\n|t:|1700213509\n|switch|p2a: Manaphy|Manaphy|50\/100 par|[from] U-turn\n|\n|-heal|p2a: Manaphy|56\/100 par|[from] Grassy Terrain\n|upkeep\n|\n|t:|1700213522\n|switch|p1a: Great Tusk|Great Tusk, shiny|21\/100\n|turn|11\n|\n|t:|1700213527\n|switch|p2a: Landorus|Landorus-Therian, M|11\/100\n|-ability|p2a: Landorus|Intimidate|boost\n|-unboost|p1a: Great Tusk|atk|1\n|move|p1a: Great Tusk|Headlong Rush|p2a: Landorus\n|-immune|p2a: Landorus\n|\n|-heal|p1a: Great Tusk|27\/100|[from] Grassy Terrain\n|upkeep\n|turn|12\n|\n|t:|1700213534\n|move|p1a: Great Tusk|Ice Spinner|p2a: Landorus\n|-supereffective|p2a: Landorus\n|-damage|p2a: Landorus|0 fnt\n|-fieldend|move: Grassy Terrain\n|faint|p2a: Landorus\n|\n|upkeep\n|\n|t:|1700213541\n|switch|p2a: Cinderace|Cinderace, F|100\/100\n|turn|13\n|inactive|darkmaster has 120 seconds left.\n|\n|t:|1700213593\n|move|p2a: Cinderace|Pyro Ball|p1a: Great Tusk\n|-damage|p1a: Great Tusk|0 fnt\n|faint|p1a: Great Tusk\n|-end|p1a: Great Tusk|Protosynthesis|[silent]\n|-damage|p2a: Cinderace|91\/100|[from] item: Life Orb\n|\n|upkeep\n|\n|t:|1700213602\n|switch|p1a: Dragonite|Dragonite, M, shiny|100\/100\n|turn|14\n|\n|t:|1700213607\n|move|p2a: Cinderace|U-turn|p1a: Dragonite\n|-start|p2a: Cinderace|typechange|Bug|[from] ability: Libero\n|-resisted|p1a: Dragonite\n|-damage|p1a: Dragonite|88\/100\n|-damage|p2a: Cinderace|81\/100|[from] item: Life Orb\n|\n|t:|1700213613\n|switch|p2a: Pawmot|Pawmot, M|100\/100|[from] U-turn\n|move|p1a: Dragonite|Dragon Dance|p1a: Dragonite\n|-boost|p1a: Dragonite|atk|1\n|-boost|p1a: Dragonite|spe|1\n|\n|upkeep\n|turn|15\n|inactive|darkmaster has 120 seconds left.\n|\n|t:|1700213627\n|-terastallize|p2a: Pawmot|Dark\n|move|p1a: Dragonite|Earthquake|p2a: Pawmot\n|-damage|p2a: Pawmot|24\/100\n|move|p2a: Pawmot|Revival Blessing|p2a: Pawmot\n|-enditem|p2a: Pawmot|Leppa Berry|[eat]\n|-activate|p2a: Pawmot|item: Leppa Berry|Revival Blessing|[consumed]\n|\n|t:|1700213636\n|-heal|p2: Hatterene|50\/100|[from] move: Revival Blessing\n|\n|upkeep\n|turn|16\n|inactive|darkmaster has 120 seconds left.\n|\n|t:|1700213648\n|switch|p2a: Hatterene|Hatterene, F|50\/100\n|move|p1a: Dragonite|Dragon Dance|p1a: Dragonite\n|-boost|p1a: Dragonite|atk|1\n|-boost|p1a: Dragonite|spe|1\n|\n|upkeep\n|turn|17\n|inactive|darkmaster has 120 seconds left.\n|\n|t:|1700213673\n|-terastallize|p1a: Dragonite|Normal\n|move|p1a: Dragonite|Extreme Speed|p2a: Hatterene\n|-damage|p2a: Hatterene|0 fnt\n|faint|p2a: Hatterene\n|\n|upkeep\n|-message|sauucee1n forfeited.\n|\n|win|darkmaster\n|raw|darkmaster's rating: 1220 &rarr; <strong>1238<\/strong><br \/>(+18 for winning)\n|raw|sauucee1n's rating: 1127 &rarr; <strong>1109<\/strong><br \/>(-18 for losing)\n|l|\u2606sauucee1n\n","uploadtime":1700213687,"views":13,"p1id":"darkmaster","p2id":"sauucee1n","formatid":"gen9ou","rating":1109,"private":0,"password":""}