{"id":"gen9ou-1998237873","p1":"arielk","p2":"cash999","format":"[Gen 9] OU","log":"|j|\u2606arielk\n|j|\u2606cash999\n|t:|1700917904\n|gametype|singles\n|player|p1|arielk|rika|\n|player|p2|cash999|cynthia-masters|\n|teamsize|p1|6\n|teamsize|p2|6\n|gen|9\n|tier|[Gen 9] OU\n|rule|Sleep Clause Mod: Limit one foe put to sleep\n|rule|Species Clause: Limit one of each Pok\u00e9mon\n|rule|OHKO Clause: OHKO moves are banned\n|rule|Evasion Items Clause: Evasion items are banned\n|rule|Evasion Moves Clause: Evasion moves are banned\n|rule|Endless Battle Clause: Forcing endless battles is banned\n|rule|HP Percentage Mod: HP is shown in percentages\n|clearpoke\n|poke|p1|Rillaboom, F|\n|poke|p1|Garganacl, F|\n|poke|p1|Ogerpon-Wellspring, F|\n|poke|p1|Iron Moth|\n|poke|p1|Great Tusk|\n|poke|p1|Gholdengo|\n|poke|p2|Kingambit, F|\n|poke|p2|Clodsire, F|\n|poke|p2|Ogerpon-Wellspring, F|\n|poke|p2|Gholdengo|\n|poke|p2|Zapdos|\n|poke|p2|Zamazenta-*|\n|teampreview\n|c|\u2606cash999|glhf\n|c|\u2606arielk|hf!\n|\n|t:|1700918000\n|start\n|switch|p1a: Rillaboom|Rillaboom, F|100\/100\n|switch|p2a: Gholdengo|Gholdengo|100\/100\n|-fieldstart|move: Grassy Terrain|[from] ability: Grassy Surge|[of] p1a: Rillaboom\n|turn|1\n|\n|t:|1700918039\n|switch|p2a: Zapdos|Zapdos|100\/100\n|move|p1a: Rillaboom|Knock Off|p2a: Zapdos\n|-damage|p2a: Zapdos|59\/100\n|-enditem|p2a: Zapdos|Heavy-Duty Boots|[from] move: Knock Off|[of] p1a: Rillaboom\n|\n|upkeep\n|turn|2\n|\n|t:|1700918076\n|switch|p1a: Garganacl|Garganacl, F|100\/100\n|move|p2a: Zapdos|Roost|p2a: Zapdos\n|-heal|p2a: Zapdos|100\/100\n|-singleturn|p2a: Zapdos|move: Roost\n|\n|upkeep\n|turn|3\n|\n|t:|1700918101\n|move|p2a: Zapdos|U-turn|p1a: Garganacl\n|-damage|p1a: Garganacl|92\/100\n|\n|t:|1700918106\n|switch|p2a: Clodsire|Clodsire, F|100\/100|[from] U-turn\n|move|p1a: Garganacl|Salt Cure|p2a: Clodsire\n|-resisted|p2a: Clodsire\n|-damage|p2a: Clodsire|92\/100\n|-start|p2a: Clodsire|Salt Cure\n|\n|-heal|p1a: Garganacl|98\/100|[from] Grassy Terrain\n|-heal|p2a: Clodsire|98\/100|[from] Grassy Terrain\n|-heal|p2a: Clodsire|100\/100|[from] item: Leftovers\n|-damage|p2a: Clodsire|88\/100|[from] Salt Cure\n|upkeep\n|turn|4\n|j| Hallowed_Hazel\n|\n|t:|1700918129\n|switch|p1a: Great Tusk|Great Tusk|100\/100\n|switch|p2a: Gholdengo|Gholdengo|100\/100\n|\n|upkeep\n|turn|5\n|\n|t:|1700918282\n|switch|p2a: Ogerpon|Ogerpon-Wellspring, F|100\/100\n|move|p1a: Great Tusk|Stealth Rock|p2a: Ogerpon\n|-sidestart|p2: cash999|move: Stealth Rock\n|\n|-fieldend|move: Grassy Terrain\n|upkeep\n|turn|6\n|l|\u2606arielk\n|player|p1|\n|j|\u2606arielk\n|player|p1|arielk|rika\n|\n|t:|1700918332\n|-end|p1a: Great Tusk|Protosynthesis|[silent]\n|switch|p1a: Rillaboom|Rillaboom, F|100\/100\n|-fieldstart|move: Grassy Terrain|[from] ability: Grassy Surge|[of] p1a: Rillaboom\n|move|p2a: Ogerpon|Zen Headbutt|p1a: Rillaboom\n|-damage|p1a: Rillaboom|70\/100\n|\n|-heal|p1a: Rillaboom|76\/100|[from] Grassy Terrain\n|upkeep\n|turn|7\n|\n|t:|1700918382\n|switch|p2a: Zapdos|Zapdos|100\/100\n|-damage|p2a: Zapdos|75\/100|[from] Stealth Rock\n|move|p1a: Rillaboom|Grassy Glide|p2a: Zapdos\n|-resisted|p2a: Zapdos\n|-crit|p2a: Zapdos\n|-damage|p2a: Zapdos|46\/100\n|-status|p1a: Rillaboom|par|[from] ability: Static|[of] p2a: Zapdos\n|\n|-heal|p1a: Rillaboom|82\/100 par|[from] Grassy Terrain\n|upkeep\n|turn|8\n|\n|t:|1700918401\n|switch|p1a: Garganacl|Garganacl, F|98\/100\n|move|p2a: Zapdos|Roost|p2a: Zapdos\n|-heal|p2a: Zapdos|96\/100\n|-singleturn|p2a: Zapdos|move: Roost\n|\n|-heal|p2a: Zapdos|100\/100|[from] Grassy Terrain\n|-heal|p1a: Garganacl|100\/100|[from] Grassy Terrain\n|upkeep\n|turn|9\n|\n|t:|1700918441\n|move|p2a: Zapdos|Discharge|p1a: Garganacl\n|-damage|p1a: Garganacl|77\/100\n|move|p1a: Garganacl|Salt Cure|p2a: Zapdos\n|-supereffective|p2a: Zapdos\n|-damage|p2a: Zapdos|82\/100\n|-start|p2a: Zapdos|Salt Cure\n|\n|-heal|p1a: Garganacl|83\/100|[from] Grassy Terrain\n|-damage|p2a: Zapdos|69\/100|[from] Salt Cure\n|upkeep\n|turn|10\n|\n|t:|1700918471\n|move|p2a: Zapdos|Discharge|p1a: Garganacl\n|-damage|p1a: Garganacl|60\/100\n|move|p1a: Garganacl|Curse|p1a: Garganacl\n|-unboost|p1a: Garganacl|spe|1\n|-boost|p1a: Garganacl|atk|1\n|-boost|p1a: Garganacl|def|1\n|\n|-heal|p1a: Garganacl|66\/100|[from] Grassy Terrain\n|-damage|p2a: Zapdos|57\/100|[from] Salt Cure\n|-fieldend|move: Grassy Terrain\n|upkeep\n|turn|11\n|\n|t:|1700918484\n|move|p2a: Zapdos|Roost|p2a: Zapdos\n|-heal|p2a: Zapdos|100\/100\n|-singleturn|p2a: Zapdos|move: Roost\n|move|p1a: Garganacl|Recover|p1a: Garganacl\n|-heal|p1a: Garganacl|100\/100\n|\n|-damage|p2a: Zapdos|88\/100|[from] Salt Cure\n|upkeep\n|turn|12\n|\n|t:|1700918504\n|move|p2a: Zapdos|Discharge|p1a: Garganacl\n|-damage|p1a: Garganacl|77\/100\n|move|p1a: Garganacl|Curse|p1a: Garganacl\n|-unboost|p1a: Garganacl|spe|1\n|-boost|p1a: Garganacl|atk|1\n|-boost|p1a: Garganacl|def|1\n|\n|-damage|p2a: Zapdos|75\/100|[from] Salt Cure\n|upkeep\n|turn|13\n|\n|t:|1700918513\n|move|p2a: Zapdos|U-turn|p1a: Garganacl\n|-damage|p1a: Garganacl|73\/100\n|\n|t:|1700918515\n|switch|p2a: Gholdengo|Gholdengo|100\/100|[from] U-turn\n|-damage|p2a: Gholdengo|94\/100|[from] Stealth Rock\n|move|p1a: Garganacl|Curse|p1a: Garganacl\n|-unboost|p1a: Garganacl|spe|1\n|-boost|p1a: Garganacl|atk|1\n|-boost|p1a: Garganacl|def|1\n|\n|upkeep\n|turn|14\n|\n|t:|1700918527\n|switch|p1a: Iron Moth|Iron Moth|100\/100\n|move|p2a: Gholdengo|Substitute|p2a: Gholdengo\n|-start|p2a: Gholdengo|Substitute\n|-damage|p2a: Gholdengo|69\/100\n|\n|upkeep\n|turn|15\n|\n|t:|1700918544\n|move|p1a: Iron Moth|Flamethrower|p2a: Gholdengo\n|-supereffective|p2a: Gholdengo\n|-end|p2a: Gholdengo|Substitute\n|move|p2a: Gholdengo|Shadow Ball|p1a: Iron Moth\n|-damage|p1a: Iron Moth|54\/100\n|\n|upkeep\n|turn|16\n|\n|t:|1700918581\n|switch|p2a: Clodsire|Clodsire, F|88\/100\n|-damage|p2a: Clodsire|82\/100|[from] Stealth Rock\n|move|p1a: Iron Moth|Acid Spray|p2a: Clodsire\n|-resisted|p2a: Clodsire\n|-damage|p2a: Clodsire|79\/100\n|-unboost|p2a: Clodsire|spd|2\n|\n|-heal|p2a: Clodsire|85\/100|[from] item: Leftovers\n|upkeep\n|turn|17\n|c|\u2606cash999|:o\n|c|\u2606arielk|probably wasnt the play from me there but its something lol\n|c|\u2606cash999|heat set tho\n|\n|t:|1700918662\n|-end|p1a: Iron Moth|Quark Drive|[silent]\n|switch|p1a: Gholdengo|Gholdengo|100\/100\n|-item|p1a: Gholdengo|Air Balloon\n|move|p2a: Clodsire|Stealth Rock|p1a: Gholdengo\n|-sidestart|p1: arielk|move: Stealth Rock\n|\n|-heal|p2a: Clodsire|91\/100|[from] item: Leftovers\n|upkeep\n|turn|18\n|\n|t:|1700918692\n|switch|p2a: Kingambit|Kingambit, F|100\/100\n|-damage|p2a: Kingambit|94\/100|[from] Stealth Rock\n|move|p1a: Gholdengo|Make It Rain|p2a: Kingambit\n|-resisted|p2a: Kingambit\n|-damage|p2a: Kingambit|66\/100\n|-unboost|p1a: Gholdengo|spa|1\n|\n|upkeep\n|turn|19\n|\n|t:|1700918734\n|switch|p1a: Great Tusk|Great Tusk|100\/100\n|-damage|p1a: Great Tusk|98\/100|[from] Stealth Rock\n|move|p2a: Kingambit|Grass Knot|p1a: Great Tusk\n|-supereffective|p1a: Great Tusk\n|-damage|p1a: Great Tusk|28\/100\n|\n|-heal|p1a: Great Tusk|35\/100|[from] item: Leftovers\n|upkeep\n|turn|20\n|c|\u2606arielk|wth\n|c|\u2606cash999|hahaha\n|\n|t:|1700918777\n|-end|p2a: Kingambit|fallenundefined|[silent]\n|switch|p2a: Zapdos|Zapdos|75\/100\n|-damage|p2a: Zapdos|50\/100|[from] Stealth Rock\n|move|p1a: Great Tusk|Rapid Spin|p2a: Zapdos\n|-damage|p2a: Zapdos|39\/100\n|-boost|p1a: Great Tusk|spe|1\n|-status|p1a: Great Tusk|par|[from] ability: Static|[of] p2a: Zapdos\n|-sideend|p1: arielk|Stealth Rock|[from] move: Rapid Spin|[of] p1a: Great Tusk\n|\n|-heal|p1a: Great Tusk|41\/100 par|[from] item: Leftovers\n|upkeep\n|turn|21\n|\n|t:|1700918797\n|move|p2a: Zapdos|Roost|p2a: Zapdos\n|-heal|p2a: Zapdos|89\/100\n|-singleturn|p2a: Zapdos|move: Roost\n|move|p1a: Great Tusk|Headlong Rush|p2a: Zapdos\n|-supereffective|p2a: Zapdos\n|-damage|p2a: Zapdos|11\/100\n|-unboost|p1a: Great Tusk|def|1\n|-unboost|p1a: Great Tusk|spd|1\n|\n|-heal|p1a: Great Tusk|47\/100 par|[from] item: Leftovers\n|upkeep\n|turn|22\n|\n|t:|1700918810\n|move|p2a: Zapdos|Hurricane|p1a: Great Tusk\n|-supereffective|p1a: Great Tusk\n|-damage|p1a: Great Tusk|0 fnt\n|faint|p1a: Great Tusk\n|-end|p1a: Great Tusk|Protosynthesis|[silent]\n|\n|upkeep\n|\n|t:|1700918818\n|switch|p1a: Ogerpon|Ogerpon-Wellspring, F|100\/100\n|turn|23\n|\n|t:|1700918835\n|move|p1a: Ogerpon|Ivy Cudgel|p2a: Zapdos|[anim] Ivy Cudgel Water\n|-damage|p2a: Zapdos|0 fnt\n|faint|p2a: Zapdos\n|\n|upkeep\n|\n|t:|1700918923\n|switch|p2a: Zamazenta|Zamazenta|100\/100\n|-damage|p2a: Zamazenta|94\/100|[from] Stealth Rock\n|-ability|p2a: Zamazenta|Dauntless Shield|boost\n|-boost|p2a: Zamazenta|def|1\n|turn|24\n|\n|t:|1700918976\n|move|p2a: Zamazenta|Crunch|p1a: Ogerpon\n|-damage|p1a: Ogerpon|72\/100\n|move|p1a: Ogerpon|U-turn|p2a: Zamazenta\n|-resisted|p2a: Zamazenta\n|-damage|p2a: Zamazenta|87\/100\n|\n|t:|1700918981\n|switch|p1a: Gholdengo|Gholdengo|100\/100|[from] U-turn\n|-item|p1a: Gholdengo|Air Balloon\n|\n|-heal|p2a: Zamazenta|93\/100|[from] item: Leftovers\n|upkeep\n|turn|25\n|\n|t:|1700919040\n|switch|p2a: Ogerpon|Ogerpon-Wellspring, F|100\/100\n|-damage|p2a: Ogerpon|88\/100|[from] Stealth Rock\n|move|p1a: Gholdengo|Nasty Plot|p1a: Gholdengo\n|-boost|p1a: Gholdengo|spa|2\n|\n|upkeep\n|turn|26\n|\n|t:|1700919093\n|switch|p1a: Rillaboom|Rillaboom, F|82\/100 par\n|-fieldstart|move: Grassy Terrain|[from] ability: Grassy Surge|[of] p1a: Rillaboom\n|move|p2a: Ogerpon|Swords Dance|p2a: Ogerpon\n|-boost|p2a: Ogerpon|atk|2\n|\n|-heal|p2a: Ogerpon|94\/100|[from] Grassy Terrain\n|-heal|p1a: Rillaboom|89\/100 par|[from] Grassy Terrain\n|upkeep\n|turn|27\n|\n|t:|1700919110\n|move|p2a: Ogerpon|Power Whip|p1a: Rillaboom\n|-resisted|p1a: Rillaboom\n|-damage|p1a: Rillaboom|0 fnt\n|faint|p1a: Rillaboom\n|\n|-heal|p2a: Ogerpon|99\/100|[from] Grassy Terrain\n|upkeep\n|c|\u2606arielk|wot\n|c|\u2606cash999|idk if it was a roll\n|c|\u2606arielk|shouldve just attacked with ghold bruh\n|\n|t:|1700919135\n|switch|p1a: Ogerpon|Ogerpon-Wellspring, F|72\/100\n|turn|28\n|c| Hallowed_Hazel|terrain boosted moment\n|\n|t:|1700919142\n|move|p1a: Ogerpon|U-turn|p2a: Ogerpon\n|-supereffective|p2a: Ogerpon\n|-damage|p2a: Ogerpon|26\/100\n|\n|t:|1700919147\n|switch|p1a: Garganacl|Garganacl, F|73\/100|[from] U-turn\n|move|p2a: Ogerpon|Power Whip|p1a: Garganacl\n|-supereffective|p1a: Garganacl\n|-damage|p1a: Garganacl|0 fnt\n|faint|p1a: Garganacl\n|\n|-heal|p2a: Ogerpon|32\/100|[from] Grassy Terrain\n|upkeep\n|\n|t:|1700919156\n|switch|p1a: Ogerpon|Ogerpon-Wellspring, F|72\/100\n|turn|29\n|\n|t:|1700919164\n|move|p2a: Ogerpon|Power Whip|p1a: Ogerpon\n|-damage|p1a: Ogerpon|0 fnt\n|faint|p1a: Ogerpon\n|\n|-heal|p2a: Ogerpon|38\/100|[from] Grassy Terrain\n|upkeep\n|\n|t:|1700919167\n|switch|p1a: Iron Moth|Iron Moth|54\/100\n|turn|30\n|\n|t:|1700919176\n|-terastallize|p1a: Iron Moth|Fairy\n|move|p1a: Iron Moth|Dazzling Gleam|p2a: Ogerpon\n|-damage|p2a: Ogerpon|0 fnt\n|faint|p2a: Ogerpon\n|\n|-heal|p1a: Iron Moth|60\/100|[from] Grassy Terrain\n|-fieldend|move: Grassy Terrain\n|upkeep\n|-message|arielk forfeited.\n|\n|win|cash999\n|c|\u2606cash999|ggs\n|c|\u2606arielk|gg\n|l|\u2606arielk\n|c|\u2606cash999|ready for g2 whenever\n","uploadtime":1700919216,"views":8,"p1id":"arielk","p2id":"cash999","formatid":"gen9ou","rating":0,"private":0,"password":""}