{"id":"gen9ou-1995540276","p1":"Camellia-god","p2":"TJ799","format":"[Gen 9] OU","log":"|j|\u2606Camellia-god\n|j|\u2606TJ799\n|inactive|Battle timer is ON: inactive players will automatically lose when time's up.\n|t:|1700581160\n|gametype|singles\n|player|p1|Camellia-god|101|\n|player|p2|TJ799|101|\n|teamsize|p1|3\n|teamsize|p2|3\n|gen|9\n|tier|[Gen 9] OU\n|rated|Tournament battle\n|rule|Sleep Clause Mod: Limit one foe put to sleep\n|rule|Species Clause: Limit one of each Pok\u00e9mon\n|rule|OHKO Clause: OHKO moves are banned\n|rule|Evasion Items Clause: Evasion items are banned\n|rule|Evasion Moves Clause: Evasion moves are banned\n|rule|Endless Battle Clause: Forcing endless battles is banned\n|rule|HP Percentage Mod: HP is shown in percentages\n|clearpoke\n|poke|p1|Gholdengo|\n|poke|p1|Drednaw, M|\n|poke|p1|Grimer-Alola, M|\n|poke|p2|Clodsire, M|\n|poke|p2|Glimmet, F|\n|poke|p2|Dragonite, M|\n|teampreview\n|j|*Lady Monita \u2746\n|c|\u2606TJ799|gl\n|j| Zwellish\n|c|\u2606Camellia-god|gl hf\n|\n|t:|1700581182\n|start\n|switch|p1a: Gholdengo|Gholdengo|100\/100\n|switch|p2a: Clodsire|Clodsire, M|100\/100\n|turn|1\n|\n|t:|1700581188\n|move|p1a: Gholdengo|Trick|p2a: Clodsire\n|-activate|p1a: Gholdengo|move: Trick|[of] p2a: Clodsire\n|-item|p2a: Clodsire|Choice Scarf|[from] move: Trick\n|-item|p1a: Gholdengo|Leftovers|[from] move: Trick\n|move|p2a: Clodsire|Earthquake|p1a: Gholdengo\n|-supereffective|p1a: Gholdengo\n|-damage|p1a: Gholdengo|33\/100\n|\n|-heal|p1a: Gholdengo|39\/100|[from] item: Leftovers\n|upkeep\n|turn|2\n|\n|t:|1700581198\n|switch|p1a: Grimer|Grimer-Alola, M|100\/100\n|move|p2a: Clodsire|Earthquake|p1a: Grimer\n|-supereffective|p1a: Grimer\n|-damage|p1a: Grimer|46\/100\n|\n|upkeep\n|turn|3\n|\n|t:|1700581202\n|move|p2a: Clodsire|Earthquake|p1a: Grimer\n|-supereffective|p1a: Grimer\n|-damage|p1a: Grimer|0 fnt\n|faint|p1a: Grimer\n|\n|upkeep\n|\n|t:|1700581204\n|switch|p1a: Drednaw|Drednaw, M|100\/100\n|turn|4\n|\n|t:|1700581208\n|-terastallize|p1a: Drednaw|Ground\n|move|p1a: Drednaw|Shell Smash|p1a: Drednaw\n|-unboost|p1a: Drednaw|def|1\n|-unboost|p1a: Drednaw|spd|1\n|-boost|p1a: Drednaw|atk|2\n|-boost|p1a: Drednaw|spa|2\n|-boost|p1a: Drednaw|spe|2\n|-enditem|p1a: Drednaw|White Herb\n|-clearnegativeboost|p1a: Drednaw|[silent]\n|move|p2a: Clodsire|Earthquake|p1a: Drednaw\n|-damage|p1a: Drednaw|67\/100\n|\n|upkeep\n|turn|5\n|\n|t:|1700581220\n|-terastallize|p2a: Clodsire|Flying\n|move|p1a: Drednaw|Stone Edge|p2a: Clodsire|[miss]\n|-miss|p1a: Drednaw|p2a: Clodsire\n|move|p2a: Clodsire|Earthquake|p1a: Drednaw\n|-damage|p1a: Drednaw|37\/100\n|\n|upkeep\n|turn|6\n|\n|t:|1700581234\n|move|p1a: Drednaw|Stone Edge|p2a: Clodsire\n|-supereffective|p2a: Clodsire\n|-damage|p2a: Clodsire|0 fnt\n|faint|p2a: Clodsire\n|\n|upkeep\n|c|\u2606TJ799|as if you saw that coming\n|inactive|TJ799 has 120 seconds left.\n|c|\u2606TJ799|ggs\n|j| Carolina6969\n|\n|t:|1700581264\n|switch|p2a: Dragonite|Dragonite, M|100\/100\n|turn|7\n|inactive|Camellia-god has 120 seconds left.\n|\n|t:|1700581298\n|move|p1a: Drednaw|Stone Edge|p2a: Dragonite|[miss]\n|-miss|p1a: Drednaw|p2a: Dragonite\n|move|p2a: Dragonite|Dragon Dance|p2a: Dragonite\n|-boost|p2a: Dragonite|atk|1\n|-boost|p2a: Dragonite|spe|1\n|\n|upkeep\n|turn|8\n|\n|t:|1700581305\n|move|p2a: Dragonite|Extreme Speed|p1a: Drednaw\n|-damage|p1a: Drednaw|0 fnt\n|faint|p1a: Drednaw\n|\n|upkeep\n|\n|t:|1700581308\n|switch|p1a: Gholdengo|Gholdengo|39\/100\n|turn|9\n|c|\u2606Camellia-god|bad rng\n|\n|t:|1700581315\n|move|p2a: Dragonite|Dragon Claw|p1a: Gholdengo\n|-resisted|p1a: Gholdengo\n|-damage|p1a: Gholdengo|8\/100\n|move|p1a: Gholdengo|Make It Rain|p2a: Dragonite\n|-damage|p2a: Dragonite|72\/100\n|-unboost|p1a: Gholdengo|spa|1\n|\n|-heal|p2a: Dragonite|78\/100|[from] item: Leftovers\n|-heal|p1a: Gholdengo|14\/100|[from] item: Leftovers\n|upkeep\n|turn|10\n|c|\u2606Camellia-god|gg\n|c|\u2606TJ799|very\n|c|\u2606TJ799|unlucky\n|\n|t:|1700581323\n|move|p2a: Dragonite|Dragon Claw|p1a: Gholdengo\n|-resisted|p1a: Gholdengo\n|-damage|p1a: Gholdengo|0 fnt\n|faint|p1a: Gholdengo\n|\n|win|TJ799\n|n|\u2606Camellia-god|camelliagod\n|n|\u2606TJ799|tj799\n|n|*Lady Monita \u2746|ladymonita\n|n| Zwellish|zwellish\n|n| Carolina6969|carolina6969\n","uploadtime":1700581324,"views":1,"p1id":"camelliagod","p2id":"tj799","formatid":"gen9ou","rating":0,"private":0,"password":""}