{"id":"gen9ou-1999786140","p1":"chupadordebuceta69","p2":"JustHK","format":"[Gen 9] OU","log":"|j|\u2606chupadordebuceta69\n|j|\u2606JustHK\n|t:|1701116552\n|gametype|singles\n|player|p1|chupadordebuceta69|pokekid|\n|player|p2|JustHK|cynthia-gen4|\n|teamsize|p1|6\n|teamsize|p2|6\n|gen|9\n|tier|[Gen 9] OU\n|rule|Sleep Clause Mod: Limit one foe put to sleep\n|rule|Species Clause: Limit one of each Pok\u00e9mon\n|rule|OHKO Clause: OHKO moves are banned\n|rule|Evasion Items Clause: Evasion items are banned\n|rule|Evasion Moves Clause: Evasion moves are banned\n|rule|Endless Battle Clause: Forcing endless battles is banned\n|rule|HP Percentage Mod: HP is shown in percentages\n|clearpoke\n|poke|p1|Maushold|\n|poke|p1|Rillaboom, F|\n|poke|p1|Great Tusk|\n|poke|p1|Heatran, F|\n|poke|p1|Enamorus, F|\n|poke|p1|Kingambit, M|\n|poke|p2|Ursaluna, F|\n|poke|p2|Ogerpon-Wellspring, F|\n|poke|p2|Ting-Lu|\n|poke|p2|Gholdengo|\n|poke|p2|Zapdos|\n|poke|p2|Great Tusk|\n|teampreview\n|j| Dog mendigoso\n|j| analudepena\n|inactive|Battle timer is ON: inactive players will automatically lose when time's up. (requested by JustHK)\n|\n|t:|1701116656\n|start\n|switch|p1a: Rillaboom|Rillaboom, F|100\/100\n|switch|p2a: Zapdos|Zapdos|100\/100\n|-fieldstart|move: Grassy Terrain|[from] ability: Grassy Surge|[of] p1a: Rillaboom\n|turn|1\n|\n|t:|1701116694\n|switch|p1a: Heatran|Heatran, F|100\/100\n|move|p2a: Zapdos|Thunder Wave|p1a: Heatran\n|-status|p1a: Heatran|par\n|\n|upkeep\n|turn|2\n|inactive|JustHK has 270 seconds left.\n|\n|t:|1701116713\n|move|p2a: Zapdos|Volt Switch|p1a: Heatran\n|-damage|p1a: Heatran|81\/100 par\n|\n|t:|1701116717\n|switch|p2a: Ting-Lu|Ting-Lu|100\/100|[from] Volt Switch\n|-ability|p2a: Ting-Lu|Vessel of Ruin\n|move|p1a: Heatran|Stealth Rock|p2a: Ting-Lu\n|-sidestart|p2: JustHK|move: Stealth Rock\n|\n|-heal|p1a: Heatran|87\/100 par|[from] Grassy Terrain\n|-heal|p1a: Heatran|93\/100 par|[from] item: Leftovers\n|upkeep\n|turn|3\n|inactive|JustHK has 270 seconds left.\n|\n|t:|1701116750\n|switch|p1a: Rillaboom|Rillaboom, F|100\/100\n|move|p2a: Ting-Lu|Ruination|p1a: Rillaboom\n|-damage|p1a: Rillaboom|51\/100\n|\n|-heal|p1a: Rillaboom|57\/100|[from] Grassy Terrain\n|upkeep\n|turn|4\n|inactive|chupadordebuceta69 has 270 seconds left.\n|inactive|JustHK has 240 seconds left.\n|\n|t:|1701116786\n|switch|p2a: Zapdos|Zapdos|100\/100\n|move|p1a: Rillaboom|U-turn|p2a: Zapdos\n|-resisted|p2a: Zapdos\n|-damage|p2a: Zapdos|84\/100\n|-status|p1a: Rillaboom|par|[from] ability: Static|[of] p2a: Zapdos\n|inactive|chupadordebuceta69 has 240 seconds left.\n|\n|t:|1701116808\n|switch|p1a: Heatran|Heatran, F|93\/100 par|[from] U-turn\n|\n|-heal|p1a: Heatran|99\/100 par|[from] Grassy Terrain\n|-heal|p1a: Heatran|100\/100 par|[from] item: Leftovers\n|upkeep\n|turn|5\n|inactive|chupadordebuceta69 has 240 seconds left.\n|inactive|JustHK has 240 seconds left.\n|inactive|chupadordebuceta69 has 210 seconds left.\n|inactive|chupadordebuceta69 has 180 seconds left.\n|\n|t:|1701116879\n|move|p2a: Zapdos|Volt Switch|p1a: Heatran\n|-damage|p1a: Heatran|80\/100 par\n|\n|t:|1701116887\n|switch|p2a: Ursaluna|Ursaluna, F|100\/100|[from] Volt Switch\n|-damage|p2a: Ursaluna|94\/100|[from] Stealth Rock\n|move|p1a: Heatran|Earth Power|p2a: Ursaluna\n|-damage|p2a: Ursaluna|70\/100\n|\n|-heal|p2a: Ursaluna|76\/100|[from] Grassy Terrain\n|-heal|p1a: Heatran|87\/100 par|[from] Grassy Terrain\n|-heal|p1a: Heatran|93\/100 par|[from] item: Leftovers\n|-fieldend|move: Grassy Terrain\n|-status|p2a: Ursaluna|brn|[from] item: Flame Orb\n|upkeep\n|turn|6\n|j| LulixD\n|inactive|chupadordebuceta69 has 180 seconds left.\n|\n|t:|1701116927\n|switch|p1a: Maushold|Maushold|100\/100\n|move|p2a: Ursaluna|Facade|p1a: Maushold\n|-damage|p1a: Maushold|0 fnt\n|faint|p1a: Maushold\n|\n|-damage|p2a: Ursaluna|70\/100 brn|[from] brn\n|upkeep\n|inactive|chupadordebuceta69 has 150 seconds left.\n|l| analudepena\n|\n|t:|1701116966\n|switch|p1a: Great Tusk|Great Tusk|100\/100\n|turn|7\n|inactive|JustHK has 210 seconds left.\n|\n|t:|1701116999\n|switch|p2a: Zapdos|Zapdos|84\/100\n|move|p1a: Great Tusk|Bulk Up|p1a: Great Tusk\n|-boost|p1a: Great Tusk|atk|1\n|-boost|p1a: Great Tusk|def|1\n|\n|upkeep\n|turn|8\n|inactive|JustHK has 210 seconds left.\n|j| Griezanann\n|l| Griezanann\n|inactive|JustHK has 180 seconds left.\n|\n|t:|1701117055\n|move|p2a: Zapdos|Hurricane|p1a: Great Tusk|[miss]\n|-miss|p2a: Zapdos|p1a: Great Tusk\n|move|p1a: Great Tusk|Ice Spinner|p2a: Zapdos\n|-supereffective|p2a: Zapdos\n|-damage|p2a: Zapdos|20\/100\n|\n|upkeep\n|turn|9\n|j| Griezanann\n|inactive|chupadordebuceta69 has 120 seconds left.\n|l| Griezanann\n|\n|t:|1701117100\n|-end|p1a: Great Tusk|Protosynthesis|[silent]\n|switch|p1a: Heatran|Heatran, F|93\/100 par\n|move|p2a: Zapdos|Roost|p2a: Zapdos\n|-heal|p2a: Zapdos|70\/100\n|-singleturn|p2a: Zapdos|move: Roost\n|\n|-heal|p1a: Heatran|99\/100 par|[from] item: Leftovers\n|upkeep\n|turn|10\n|inactive|chupadordebuceta69 has 90 seconds left.\n|inactive|JustHK has 150 seconds left.\n|\n|t:|1701117140\n|move|p2a: Zapdos|Volt Switch|p1a: Heatran\n|-damage|p1a: Heatran|79\/100 par\n|\n|t:|1701117147\n|switch|p2a: Ting-Lu|Ting-Lu|100\/100|[from] Volt Switch\n|-damage|p2a: Ting-Lu|94\/100|[from] Stealth Rock\n|-ability|p2a: Ting-Lu|Vessel of Ruin\n|move|p1a: Heatran|Magma Storm|p2a: Ting-Lu\n|-damage|p2a: Ting-Lu|78\/100\n|-activate|p2a: Ting-Lu|move: Magma Storm|[of] p1a: Heatran\n|\n|-heal|p2a: Ting-Lu|84\/100|[from] item: Leftovers\n|-heal|p1a: Heatran|85\/100 par|[from] item: Leftovers\n|-damage|p2a: Ting-Lu|72\/100|[from] move: Magma Storm|[partiallytrapped]\n|upkeep\n|turn|11\n|j| Griezanann\n|inactive|chupadordebuceta69 has 90 seconds left.\n|\n|t:|1701117180\n|switch|p1a: Enamorus|Enamorus, F|100\/100\n|move|p2a: Ting-Lu|Spikes|p1a: Enamorus\n|-sidestart|p1: chupadordebuceta69|Spikes\n|\n|-heal|p2a: Ting-Lu|78\/100|[from] item: Leftovers\n|-end|p2a: Ting-Lu|Magma Storm|[partiallytrapped]|[silent]\n|upkeep\n|turn|12\n|l| Griezanann\n|j| Griezanann\n|inactive|chupadordebuceta69 has 60 seconds left.\n|inactive|JustHK has 120 seconds left.\n|\n|t:|1701117211\n|move|p1a: Enamorus|Mystical Fire|p2a: Ting-Lu\n|-damage|p2a: Ting-Lu|67\/100\n|-unboost|p2a: Ting-Lu|spa|1\n|move|p2a: Ting-Lu|Ruination|p1a: Enamorus\n|-damage|p1a: Enamorus|51\/100\n|\n|-heal|p2a: Ting-Lu|74\/100|[from] item: Leftovers\n|upkeep\n|turn|13\n|inactive|JustHK has 120 seconds left.\n|inactive|chupadordebuceta69 has 60 seconds left.\n|c| Griezanann|Kyle mt ruim\n|c| Griezanann|da n\n|\n|t:|1701117242\n|switch|p1a: Rillaboom|Rillaboom, F|57\/100 par\n|-damage|p1a: Rillaboom|44\/100 par|[from] Spikes\n|-fieldstart|move: Grassy Terrain|[from] ability: Grassy Surge|[of] p1a: Rillaboom\n|switch|p2a: Gholdengo|Gholdengo|100\/100\n|-damage|p2a: Gholdengo|94\/100|[from] Stealth Rock\n|\n|-heal|p2a: Gholdengo|100\/100|[from] Grassy Terrain\n|-heal|p1a: Rillaboom|51\/100 par|[from] Grassy Terrain\n|upkeep\n|turn|14\n|l| Griezanann\n|inactive|JustHK has 90 seconds left.\n|\n|t:|1701117264\n|move|p2a: Gholdengo|Focus Blast|p1a: Rillaboom|[miss]\n|-miss|p2a: Gholdengo|p1a: Rillaboom\n|move|p1a: Rillaboom|Knock Off|p2a: Gholdengo\n|-supereffective|p2a: Gholdengo\n|-damage|p2a: Gholdengo|0 fnt\n|-enditem|p2a: Gholdengo|Choice Scarf|[from] move: Knock Off|[of] p1a: Rillaboom\n|faint|p2a: Gholdengo\n|\n|-heal|p1a: Rillaboom|57\/100 par|[from] Grassy Terrain\n|upkeep\n|\n|t:|1701117286\n|switch|p2a: Zapdos|Zapdos|70\/100\n|turn|15\n|inactive|chupadordebuceta69 has 60 seconds left.\n|\n|t:|1701117294\n|switch|p1a: Heatran|Heatran, F|85\/100 par\n|-damage|p1a: Heatran|73\/100 par|[from] Spikes\n|move|p2a: Zapdos|Hurricane|p1a: Heatran\n|-resisted|p1a: Heatran\n|-damage|p1a: Heatran|56\/100 par\n|\n|-heal|p1a: Heatran|62\/100 par|[from] Grassy Terrain\n|-heal|p1a: Heatran|68\/100 par|[from] item: Leftovers\n|upkeep\n|turn|16\n|inactive|chupadordebuceta69 has 60 seconds left.\n|\n|t:|1701117309\n|move|p2a: Zapdos|Volt Switch|p1a: Heatran\n|-damage|p1a: Heatran|49\/100 par\n|\n|t:|1701117312\n|switch|p2a: Ting-Lu|Ting-Lu|74\/100|[from] Volt Switch\n|-damage|p2a: Ting-Lu|67\/100|[from] Stealth Rock\n|-ability|p2a: Ting-Lu|Vessel of Ruin\n|move|p1a: Heatran|Earth Power|p2a: Ting-Lu\n|-damage|p2a: Ting-Lu|57\/100\n|-unboost|p2a: Ting-Lu|spd|1\n|\n|-heal|p2a: Ting-Lu|63\/100|[from] Grassy Terrain\n|-heal|p2a: Ting-Lu|69\/100|[from] item: Leftovers\n|-heal|p1a: Heatran|56\/100 par|[from] Grassy Terrain\n|-heal|p1a: Heatran|62\/100 par|[from] item: Leftovers\n|upkeep\n|turn|17\n|inactive|chupadordebuceta69 has 60 seconds left.\n|j| elonxaun\n|j| Griezanann\n|inactive|chupadordebuceta69 has 30 seconds left.\n|\n|t:|1701117355\n|switch|p1a: Rillaboom|Rillaboom, F|57\/100 par\n|-damage|p1a: Rillaboom|44\/100 par|[from] Spikes\n|move|p2a: Ting-Lu|Spikes|p1a: Rillaboom\n|-sidestart|p1: chupadordebuceta69|Spikes\n|\n|-heal|p1a: Rillaboom|51\/100 par|[from] Grassy Terrain\n|-heal|p2a: Ting-Lu|75\/100|[from] Grassy Terrain\n|-heal|p2a: Ting-Lu|81\/100|[from] item: Leftovers\n|-fieldend|move: Grassy Terrain\n|upkeep\n|turn|18\n|inactive|chupadordebuceta69 has 30 seconds left.\n|inactive|JustHK has 90 seconds left.\n|l| Griezanann\n|inactive|chupadordebuceta69 has 20 seconds left.\n|j| Griezanann\n|inactive|JustHK has 60 seconds left.\n|\n|t:|1701117409\n|move|p1a: Rillaboom|Knock Off|p2a: Ting-Lu\n|-resisted|p2a: Ting-Lu\n|-damage|p2a: Ting-Lu|65\/100\n|-enditem|p2a: Ting-Lu|Leftovers|[from] move: Knock Off|[of] p1a: Rillaboom\n|move|p2a: Ting-Lu|Whirlwind|p1a: Rillaboom\n|drag|p1a: Heatran|Heatran, F|62\/100 par\n|-damage|p1a: Heatran|45\/100 par|[from] Spikes\n|\n|-heal|p1a: Heatran|52\/100 par|[from] item: Leftovers\n|upkeep\n|turn|19\n|inactive|chupadordebuceta69 has 30 seconds left this turn.\n|l| Griezanann\n|inactive|chupadordebuceta69 has 20 seconds left.\n|\n|t:|1701117420\n|switch|p1a: Enamorus|Enamorus, F|51\/100\n|move|p2a: Ting-Lu|Spikes|p1a: Enamorus\n|-sidestart|p1: chupadordebuceta69|Spikes\n|\n|upkeep\n|turn|20\n|inactive|chupadordebuceta69 has 30 seconds left this turn.\n|j| Griezanann\n|inactive|JustHK has 60 seconds left.\n|inactive|JustHK has 30 seconds left.\n|l| Griezanann\n|inactive|JustHK has 20 seconds left.\n|inactive|JustHK has 15 seconds left.\n|inactive|JustHK has 10 seconds left.\n|\n|t:|1701117491\n|move|p1a: Enamorus|Moonblast|p2a: Ting-Lu\n|-supereffective|p2a: Ting-Lu\n|-damage|p2a: Ting-Lu|2\/100\n|move|p2a: Ting-Lu|Ruination|p1a: Enamorus\n|-damage|p1a: Enamorus|26\/100\n|\n|upkeep\n|turn|21\n|inactive|JustHK has 20 seconds left this turn.\n|inactive|JustHK has 15 seconds left.\n|\n|t:|1701117499\n|move|p1a: Enamorus|Moonblast|p2a: Ting-Lu\n|-supereffective|p2a: Ting-Lu\n|-damage|p2a: Ting-Lu|0 fnt\n|faint|p2a: Ting-Lu\n|\n|upkeep\n|inactive|JustHK has 20 seconds left this turn.\n|j| Griezanann\n|inactiveoff|Battle timer is now OFF.\n|inactive|Battle timer is ON: inactive players will automatically lose when time's up. (requested by chupadordebuceta69)\n|inactive|JustHK has 25 seconds left this turn.\n|inactive|JustHK has 20 seconds left.\n|\n|t:|1701117512\n|switch|p2a: Great Tusk|Great Tusk|100\/100\n|-damage|p2a: Great Tusk|98\/100|[from] Stealth Rock\n|-enditem|p2a: Great Tusk|Booster Energy\n|-activate|p2a: Great Tusk|ability: Protosynthesis|[fromitem]\n|-start|p2a: Great Tusk|protosynthesisspe\n|turn|22\n|inactive|JustHK has 30 seconds left this turn.\n|j| analudepena\n|c| analudepena|colocou timer e agr quer tirar\n|c| analudepena|sujo\n|\n|t:|1701117529\n|move|p1a: Enamorus|Moonblast|p2a: Great Tusk\n|-supereffective|p2a: Great Tusk\n|-damage|p2a: Great Tusk|0 fnt\n|faint|p2a: Great Tusk\n|-end|p2a: Great Tusk|Protosynthesis|[silent]\n|\n|upkeep\n|inactive|JustHK has 30 seconds left this turn.\n|\n|t:|1701117536\n|switch|p2a: Zapdos|Zapdos|70\/100\n|turn|23\n|inactive|JustHK has 30 seconds left.\n|\n|t:|1701117547\n|switch|p1a: Heatran|Heatran, F|52\/100 par\n|-damage|p1a: Heatran|27\/100 par|[from] Spikes\n|move|p2a: Zapdos|Volt Switch|p1a: Heatran\n|-damage|p1a: Heatran|6\/100 par\n|inactive|JustHK has 30 seconds left.\n|\n|t:|1701117557\n|switch|p2a: Ursaluna|Ursaluna, F|70\/100 brn|[from] Volt Switch\n|-damage|p2a: Ursaluna|64\/100 brn|[from] Stealth Rock\n|\n|-heal|p1a: Heatran|13\/100 par|[from] item: Leftovers\n|-damage|p2a: Ursaluna|58\/100 brn|[from] brn\n|upkeep\n|turn|24\n|\n|t:|1701117566\n|move|p2a: Ursaluna|Facade|p1a: Heatran\n|-resisted|p1a: Heatran\n|-damage|p1a: Heatran|0 fnt\n|faint|p1a: Heatran\n|\n|-damage|p2a: Ursaluna|51\/100 brn|[from] brn\n|upkeep\n|inactive|chupadordebuceta69 has 30 seconds left.\n|\n|t:|1701117602\n|switch|p1a: Rillaboom|Rillaboom, F|51\/100 par\n|-damage|p1a: Rillaboom|26\/100 par|[from] Spikes\n|-fieldstart|move: Grassy Terrain|[from] ability: Grassy Surge|[of] p1a: Rillaboom\n|turn|25\n|inactive|chupadordebuceta69 has 30 seconds left.\n|\n|t:|1701117618\n|switch|p2a: Zapdos|Zapdos|70\/100\n|move|p1a: Rillaboom|Grassy Glide|p2a: Zapdos\n|-resisted|p2a: Zapdos\n|-damage|p2a: Zapdos|44\/100\n|\n|-heal|p1a: Rillaboom|32\/100 par|[from] Grassy Terrain\n|upkeep\n|turn|26\n|inactive|chupadordebuceta69 has 30 seconds left.\n|l| Griezanann\n|\n|t:|1701117629\n|switch|p1a: devindian|Kingambit, M|100\/100\n|-damage|p1a: devindian|75\/100|[from] Spikes\n|-activate|p1a: devindian|ability: Supreme Overlord\n|-start|p1a: devindian|fallen2|[silent]\n|move|p2a: Zapdos|Roost|p2a: Zapdos\n|-heal|p2a: Zapdos|94\/100\n|-singleturn|p2a: Zapdos|move: Roost\n|\n|-heal|p2a: Zapdos|100\/100|[from] Grassy Terrain\n|-heal|p1a: devindian|82\/100|[from] Grassy Terrain\n|-heal|p1a: devindian|88\/100|[from] item: Leftovers\n|upkeep\n|turn|27\n|\n|t:|1701117641\n|move|p2a: Zapdos|Thunder Wave|p1a: devindian\n|-status|p1a: devindian|par\n|cant|p1a: devindian|par\n|\n|-heal|p1a: devindian|94\/100 par|[from] Grassy Terrain\n|-heal|p1a: devindian|100\/100 par|[from] item: Leftovers\n|upkeep\n|turn|28\n|j| Griezanann\n|\n|t:|1701117653\n|move|p2a: Zapdos|Volt Switch|p1a: devindian\n|-crit|p1a: devindian\n|-damage|p1a: devindian|58\/100 par\n|\n|t:|1701117657\n|switch|p2a: Ursaluna|Ursaluna, F|51\/100 brn|[from] Volt Switch\n|-damage|p2a: Ursaluna|45\/100 brn|[from] Stealth Rock\n|cant|p1a: devindian|par\n|\n|-heal|p2a: Ursaluna|51\/100 brn|[from] Grassy Terrain\n|-heal|p1a: devindian|65\/100 par|[from] Grassy Terrain\n|-heal|p1a: devindian|71\/100 par|[from] item: Leftovers\n|-damage|p2a: Ursaluna|45\/100 brn|[from] brn\n|upkeep\n|turn|29\n|inactive|JustHK has 60 seconds left.\n|l| Griezanann\n|inactive|chupadordebuceta69 has 30 seconds left.\n|j| Griezanann\n|inactive|JustHK has 30 seconds left.\n|\n|t:|1701117697\n|move|p1a: devindian|Sucker Punch|p2a: Ursaluna\n|-damage|p2a: Ursaluna|13\/100 brn\n|move|p2a: Ursaluna|Fire Punch|p1a: devindian\n|-supereffective|p1a: devindian\n|-damage|p1a: devindian|0 fnt\n|faint|p1a: devindian\n|-end|p1a: devindian|fallen2|[silent]\n|\n|-heal|p2a: Ursaluna|19\/100 brn|[from] Grassy Terrain\n|-damage|p2a: Ursaluna|13\/100 brn|[from] brn\n|-fieldend|move: Grassy Terrain\n|upkeep\n|inactive|chupadordebuceta69 has 30 seconds left this turn.\n|inactive|JustHK has 30 seconds left this turn.\n|inactive|chupadordebuceta69 has 20 seconds left.\n|inactive|chupadordebuceta69 has 15 seconds left.\n|\n|t:|1701117716\n|switch|p1a: Enamorus|Enamorus, F|26\/100\n|turn|30\n|inactive|chupadordebuceta69 has 25 seconds left this turn.\n|inactive|chupadordebuceta69 has 20 seconds left.\n|inactive|JustHK has 30 seconds left.\n|inactive|JustHK has 20 seconds left.\n|\n|t:|1701117739\n|switch|p1a: Great Tusk|Great Tusk|100\/100\n|-damage|p1a: Great Tusk|76\/100|[from] Spikes\n|move|p2a: Ursaluna|Facade|p1a: Great Tusk\n|-damage|p1a: Great Tusk|0 fnt\n|faint|p1a: Great Tusk\n|-end|p1a: Great Tusk|Protosynthesis|[silent]\n|\n|-damage|p2a: Ursaluna|7\/100 brn|[from] brn\n|upkeep\n|inactive|chupadordebuceta69 has 25 seconds left this turn.\n|inactive|JustHK has 25 seconds left this turn.\n|\n|t:|1701117742\n|switch|p1a: Enamorus|Enamorus, F|26\/100\n|turn|31\n|\n|t:|1701117744\n|move|p1a: Enamorus|Moonblast|p2a: Ursaluna\n|-damage|p2a: Ursaluna|0 fnt\n|faint|p2a: Ursaluna\n|\n|upkeep\n|inactive|JustHK has 30 seconds left.\n|\n|t:|1701117756\n|switch|p2a: Ogerpon|Ogerpon-Wellspring, F|100\/100\n|-damage|p2a: Ogerpon|88\/100|[from] Stealth Rock\n|turn|32\n|\n|t:|1701117761\n|-terastallize|p1a: Enamorus|Fairy\n|-terastallize|p2a: Ogerpon|Water\n|detailschange|p2a: Ogerpon|Ogerpon-Wellspring-Tera, F, tera:Water\n|-ability|p2a: Ogerpon|Embody Aspect (Wellspring)|boost\n|-boost|p2a: Ogerpon|spd|1\n|move|p1a: Enamorus|Moonblast|p2a: Ogerpon\n|-damage|p2a: Ogerpon|37\/100\n|-unboost|p2a: Ogerpon|spa|1\n|move|p2a: Ogerpon|Ivy Cudgel|p1a: Enamorus|[anim] Ivy Cudgel Water\n|-damage|p1a: Enamorus|0 fnt\n|faint|p1a: Enamorus\n|\n|upkeep\n|\n|t:|1701117764\n|switch|p1a: Rillaboom|Rillaboom, F|32\/100 par\n|-damage|p1a: Rillaboom|7\/100 par|[from] Spikes\n|-fieldstart|move: Grassy Terrain|[from] ability: Grassy Surge|[of] p1a: Rillaboom\n|turn|33\n|\n|t:|1701117765\n|move|p2a: Ogerpon|Ivy Cudgel|p1a: Rillaboom|[anim] Ivy Cudgel Water\n|-resisted|p1a: Rillaboom\n|-damage|p1a: Rillaboom|0 fnt\n|faint|p1a: Rillaboom\n|\n|win|JustHK\n|c|\u2606JustHK|gg\n|l| Griezanann\n|c|\u2606chupadordebuceta69|gg\n","uploadtime":1701117777,"views":28,"p1id":"chupadordebuceta69","p2id":"justhk","formatid":"gen9ou","rating":0,"private":0,"password":""}