{"id":"gen9ou-1995329535","p1":"ziyi1117","p2":"mackinleyy","format":"[Gen 9] OU","log":"|j|\u2606ziyi1117\n|j|\u2606mackinleyy\n|t:|1700554683\n|gametype|singles\n|player|p1|ziyi1117|linebacker|1134\n|player|p2|mackinleyy|red|1106\n|teamsize|p1|6\n|teamsize|p2|6\n|gen|9\n|tier|[Gen 9] OU\n|rated|\n|rule|Sleep Clause Mod: Limit one foe put to sleep\n|rule|Species Clause: Limit one of each Pok\u00e9mon\n|rule|OHKO Clause: OHKO moves are banned\n|rule|Evasion Items Clause: Evasion items are banned\n|rule|Evasion Moves Clause: Evasion moves are banned\n|rule|Endless Battle Clause: Forcing endless battles is banned\n|rule|HP Percentage Mod: HP is shown in percentages\n|clearpoke\n|poke|p1|Ninetales-Alola, F|\n|poke|p1|Cetitan, F|\n|poke|p1|Alomomola, F|\n|poke|p1|Clodsire, M|\n|poke|p1|Iron Valiant|\n|poke|p1|Great Tusk|\n|poke|p2|Staraptor, M|\n|poke|p2|Gengar, M|\n|poke|p2|Garchomp, M|\n|poke|p2|Meowscarada, F|\n|poke|p2|Empoleon, M|\n|poke|p2|Cinderace, M|\n|teampreview\n|\n|t:|1700554693\n|start\n|switch|p1a: Ninetales|Ninetales-Alola, F|100\/100\n|switch|p2a: Cinderace|Cinderace, M|100\/100\n|-weather|Snow|[from] ability: Snow Warning|[of] p1a: Ninetales\n|turn|1\n|\n|t:|1700554704\n|switch|p1a: Alomomola|Alomomola, F|100\/100\n|-terastallize|p2a: Cinderace|Fire\n|move|p2a: Cinderace|Pyro Ball|p1a: Alomomola\n|-resisted|p1a: Alomomola\n|-damage|p1a: Alomomola|74\/100\n|-damage|p2a: Cinderace|91\/100|[from] item: Life Orb\n|\n|-weather|Snow|[upkeep]\n|-heal|p1a: Alomomola|80\/100|[from] item: Leftovers\n|upkeep\n|turn|2\n|\n|t:|1700554718\n|switch|p2a: Meowscarada|Meowscarada, F|100\/100\n|move|p1a: Alomomola|Scald|p2a: Meowscarada\n|-resisted|p2a: Meowscarada\n|-damage|p2a: Meowscarada|90\/100\n|\n|-weather|Snow|[upkeep]\n|-heal|p1a: Alomomola|86\/100|[from] item: Leftovers\n|upkeep\n|turn|3\n|\n|t:|1700554734\n|switch|p1a: Ninetales|Ninetales-Alola, F|100\/100\n|move|p2a: Meowscarada|Flower Trick|p1a: Ninetales\n|-start|p2a: Meowscarada|typechange|Grass|[from] ability: Protean\n|-crit|p1a: Ninetales\n|-damage|p1a: Ninetales|42\/100\n|\n|-weather|Snow|[upkeep]\n|upkeep\n|turn|4\n|\n|t:|1700554744\n|move|p2a: Meowscarada|Flower Trick|p1a: Ninetales\n|-crit|p1a: Ninetales\n|-damage|p1a: Ninetales|0 fnt\n|faint|p1a: Ninetales\n|\n|-weather|Snow|[upkeep]\n|upkeep\n|\n|t:|1700554749\n|switch|p1a: Cetitan|Cetitan, F|100\/100\n|turn|5\n|\n|t:|1700554771\n|switch|p2a: Cinderace|Cinderace, M, tera:Fire|91\/100\n|move|p1a: Cetitan|Icicle Crash|p2a: Cinderace\n|-resisted|p2a: Cinderace\n|-damage|p2a: Cinderace|60\/100\n|\n|-weather|Snow|[upkeep]\n|upkeep\n|turn|6\n|\n|t:|1700554783\n|-terastallize|p1a: Cetitan|Electric\n|move|p1a: Cetitan|Earthquake|p2a: Cinderace\n|-supereffective|p2a: Cinderace\n|-damage|p2a: Cinderace|0 fnt\n|faint|p2a: Cinderace\n|\n|-weather|Snow|[upkeep]\n|upkeep\n|inactive|Battle timer is ON: inactive players will automatically lose when time's up. (requested by ziyi1117)\n|\n|t:|1700554803\n|switch|p2a: Staraptor|Staraptor, M|100\/100\n|turn|7\n|\n|t:|1700554808\n|move|p1a: Cetitan|Tera Blast|p2a: Staraptor|[anim] Tera Blast Electric\n|-supereffective|p2a: Staraptor\n|-damage|p2a: Staraptor|0 fnt\n|faint|p2a: Staraptor\n|\n|-weather|Snow|[upkeep]\n|upkeep\n|\n|t:|1700554826\n|switch|p2a: Garchomp|Garchomp, M|100\/100\n|turn|8\n|\n|t:|1700554829\n|move|p1a: Cetitan|Icicle Crash|p2a: Garchomp\n|-supereffective|p2a: Garchomp\n|-damage|p2a: Garchomp|0 fnt\n|faint|p2a: Garchomp\n|\n|-weather|none\n|upkeep\n|\n|t:|1700554841\n|switch|p2a: Gengar|Gengar, M|100\/100\n|turn|9\n|\n|t:|1700554847\n|move|p2a: Gengar|Shadow Ball|p1a: Cetitan\n|-damage|p1a: Cetitan|54\/100\n|-unboost|p1a: Cetitan|spd|1\n|move|p1a: Cetitan|Earthquake|p2a: Gengar\n|-supereffective|p2a: Gengar\n|-enditem|p2a: Gengar|Focus Sash\n|-damage|p2a: Gengar|1\/100\n|\n|upkeep\n|turn|10\n|\n|t:|1700554858\n|move|p2a: Gengar|Shadow Ball|p1a: Cetitan\n|-damage|p1a: Cetitan|0 fnt\n|faint|p1a: Cetitan\n|\n|upkeep\n|\n|t:|1700554875\n|switch|p1a: Iron Valiant|Iron Valiant|100\/100\n|turn|11\n|\n|t:|1700554880\n|move|p1a: Iron Valiant|Knock Off|p2a: Gengar\n|-supereffective|p2a: Gengar\n|-damage|p2a: Gengar|0 fnt\n|-start|p1a: Iron Valiant|Disable|Knock Off|[from] ability: Cursed Body|[of] p2a: Gengar\n|faint|p2a: Gengar\n|\n|upkeep\n|\n|t:|1700554888\n|switch|p2a: Meowscarada|Meowscarada, F|90\/100\n|turn|12\n|\n|t:|1700554892\n|move|p2a: Meowscarada|Play Rough|p1a: Iron Valiant\n|-start|p2a: Meowscarada|typechange|Fairy|[from] ability: Protean\n|-supereffective|p1a: Iron Valiant\n|-damage|p1a: Iron Valiant|0 fnt\n|faint|p1a: Iron Valiant\n|-end|p1a: Iron Valiant|Quark Drive|[silent]\n|\n|upkeep\n|\n|t:|1700554899\n|switch|p1a: Clodsire|Clodsire, M|100\/100\n|turn|13\n|\n|t:|1700554904\n|switch|p2a: Empoleon|Empoleon, M|100\/100\n|move|p1a: Clodsire|Curse|p1a: Clodsire\n|-unboost|p1a: Clodsire|spe|1\n|-boost|p1a: Clodsire|atk|1\n|-boost|p1a: Clodsire|def|1\n|\n|upkeep\n|turn|14\n|\n|t:|1700554920\n|move|p2a: Empoleon|Tera Blast|p1a: Clodsire\n|-damage|p1a: Clodsire|88\/100\n|move|p1a: Clodsire|Curse|p1a: Clodsire\n|-unboost|p1a: Clodsire|spe|1\n|-boost|p1a: Clodsire|atk|1\n|-boost|p1a: Clodsire|def|1\n|\n|-heal|p1a: Clodsire|94\/100|[from] item: Black Sludge\n|upkeep\n|turn|15\n|\n|t:|1700554930\n|move|p2a: Empoleon|Flash Cannon|p1a: Clodsire\n|-damage|p1a: Clodsire|73\/100\n|move|p1a: Clodsire|Curse|p1a: Clodsire\n|-unboost|p1a: Clodsire|spe|1\n|-boost|p1a: Clodsire|atk|1\n|-boost|p1a: Clodsire|def|1\n|\n|-heal|p1a: Clodsire|79\/100|[from] item: Black Sludge\n|upkeep\n|turn|16\n|\n|t:|1700554939\n|move|p2a: Empoleon|Flash Cannon|p1a: Clodsire\n|-damage|p1a: Clodsire|59\/100\n|move|p1a: Clodsire|Earthquake|p2a: Empoleon\n|-supereffective|p2a: Empoleon\n|-damage|p2a: Empoleon|0 fnt\n|faint|p2a: Empoleon\n|\n|-heal|p1a: Clodsire|66\/100|[from] item: Black Sludge\n|upkeep\n|\n|t:|1700554946\n|switch|p2a: Meowscarada|Meowscarada, F|90\/100\n|turn|17\n|\n|t:|1700554953\n|move|p2a: Meowscarada|Flower Trick|p1a: Clodsire\n|-start|p2a: Meowscarada|typechange|Grass|[from] ability: Protean\n|-crit|p1a: Clodsire\n|-damage|p1a: Clodsire|5\/100\n|move|p1a: Clodsire|Poison Jab|p2a: Meowscarada\n|-supereffective|p2a: Meowscarada\n|-damage|p2a: Meowscarada|0 fnt\n|faint|p2a: Meowscarada\n|\n|win|ziyi1117\n|raw|ziyi1117's rating: 1134 &rarr; <strong>1157<\/strong><br \/>(+23 for winning)\n|raw|mackinleyy's rating: 1106 &rarr; <strong>1083<\/strong><br \/>(-23 for losing)\n","uploadtime":1700554963,"views":4,"p1id":"ziyi1117","p2id":"mackinleyy","formatid":"gen9ou","rating":1083,"private":0,"password":""}