{"id":"gen9ou-1999983482","p1":"meliksoggybread","p2":"marcito13132","format":"[Gen 9] OU","log":"|j|\u2606meliksoggybread\n|j|\u2606marcito13132\n|t:|1701137569\n|gametype|singles\n|player|p1|meliksoggybread|102|1019\n|player|p2|marcito13132|bruno|1000\n|teamsize|p1|6\n|teamsize|p2|6\n|gen|9\n|tier|[Gen 9] OU\n|rated|\n|rule|Sleep Clause Mod: Limit one foe put to sleep\n|rule|Species Clause: Limit one of each Pok\u00e9mon\n|rule|OHKO Clause: OHKO moves are banned\n|rule|Evasion Items Clause: Evasion items are banned\n|rule|Evasion Moves Clause: Evasion moves are banned\n|rule|Endless Battle Clause: Forcing endless battles is banned\n|rule|HP Percentage Mod: HP is shown in percentages\n|clearpoke\n|poke|p1|Klefki, M|\n|poke|p1|Toxapex, F|\n|poke|p1|Dragonite, F|\n|poke|p1|Gholdengo|\n|poke|p1|Arcanine-Hisui, F|\n|poke|p1|Iron Treads|\n|poke|p2|Clefable, F|\n|poke|p2|Cinderace, F|\n|poke|p2|Hydreigon, M|\n|poke|p2|Conkeldurr, M|\n|poke|p2|Hippowdon, F|\n|poke|p2|Slowking, M|\n|teampreview\n|\n|t:|1701137578\n|start\n|switch|p1a: Dragonite|Dragonite, F|100\/100\n|switch|p2a: lola-bunny|Cinderace, F|100\/100\n|turn|1\n|\n|t:|1701137596\n|move|p2a: lola-bunny|Sunny Day|p2a: lola-bunny\n|-weather|SunnyDay\n|move|p1a: Dragonite|Aqua Tail|p2a: lola-bunny\n|-supereffective|p2a: lola-bunny\n|-damage|p2a: lola-bunny|24\/100\n|\n|-weather|SunnyDay|[upkeep]\n|upkeep\n|turn|2\n|\n|t:|1701137610\n|move|p2a: lola-bunny|Gunk Shot|p1a: Dragonite\n|-start|p2a: lola-bunny|typechange|Poison|[from] ability: Libero\n|-damage|p1a: Dragonite|63\/100\n|move|p1a: Dragonite|Aqua Tail|p2a: lola-bunny\n|-damage|p2a: lola-bunny|0 fnt\n|faint|p2a: lola-bunny\n|\n|-weather|SunnyDay|[upkeep]\n|upkeep\n|\n|t:|1701137616\n|switch|p2a: cume-hada|Clefable, F|100\/100\n|turn|3\n|\n|t:|1701137626\n|-terastallize|p1a: Dragonite|Fire\n|move|p1a: Dragonite|Aqua Tail|p2a: cume-hada\n|-damage|p2a: cume-hada|76\/100\n|move|p2a: cume-hada|Draining Kiss|p1a: Dragonite\n|-resisted|p1a: Dragonite\n|-damage|p1a: Dragonite|53\/100\n|-heal|p2a: cume-hada|82\/100|[from] drain|[of] p1a: Dragonite\n|\n|-weather|SunnyDay|[upkeep]\n|upkeep\n|turn|4\n|\n|t:|1701137642\n|switch|p2a: tu mama|Hippowdon, F|100\/100\n|move|p1a: Dragonite|Aqua Tail|p2a: tu mama\n|-supereffective|p2a: tu mama\n|-damage|p2a: tu mama|73\/100\n|\n|-weather|SunnyDay|[upkeep]\n|-heal|p2a: tu mama|80\/100|[from] item: Leftovers\n|upkeep\n|turn|5\n|\n|t:|1701137654\n|move|p1a: Dragonite|Aqua Tail|p2a: tu mama\n|-supereffective|p2a: tu mama\n|-damage|p2a: tu mama|50\/100\n|move|p2a: tu mama|Earthquake|p1a: Dragonite\n|-supereffective|p1a: Dragonite\n|-damage|p1a: Dragonite|0 fnt\n|faint|p1a: Dragonite\n|\n|-weather|none\n|-heal|p2a: tu mama|56\/100|[from] item: Leftovers\n|upkeep\n|\n|t:|1701137677\n|switch|p1a: Iron Treads|Iron Treads|100\/100\n|-enditem|p1a: Iron Treads|Booster Energy\n|-activate|p1a: Iron Treads|ability: Quark Drive|[fromitem]\n|-start|p1a: Iron Treads|quarkdrivedef\n|turn|6\n|\n|t:|1701137683\n|move|p1a: Iron Treads|Stealth Rock|p2a: tu mama\n|-sidestart|p2: marcito13132|move: Stealth Rock\n|move|p2a: tu mama|Earthquake|p1a: Iron Treads\n|-supereffective|p1a: Iron Treads\n|-damage|p1a: Iron Treads|58\/100\n|\n|-heal|p2a: tu mama|62\/100|[from] item: Leftovers\n|upkeep\n|turn|7\n|\n|t:|1701137693\n|move|p1a: Iron Treads|Steel Roller||[still]\n|-fail|p1a: Iron Treads\n|move|p2a: tu mama|Stealth Rock|p1a: Iron Treads\n|-sidestart|p1: meliksoggybread|move: Stealth Rock\n|\n|-heal|p2a: tu mama|68\/100|[from] item: Leftovers\n|upkeep\n|turn|8\n|\n|t:|1701137709\n|move|p1a: Iron Treads|Ice Spinner|p2a: tu mama\n|-supereffective|p2a: tu mama\n|-damage|p2a: tu mama|41\/100\n|move|p2a: tu mama|Earthquake|p1a: Iron Treads\n|-supereffective|p1a: Iron Treads\n|-damage|p1a: Iron Treads|11\/100\n|\n|-heal|p2a: tu mama|48\/100|[from] item: Leftovers\n|upkeep\n|turn|9\n|\n|t:|1701137730\n|move|p1a: Iron Treads|Ice Spinner|p2a: tu mama\n|-supereffective|p2a: tu mama\n|-damage|p2a: tu mama|24\/100\n|move|p2a: tu mama|Slack Off|p2a: tu mama\n|-heal|p2a: tu mama|74\/100\n|\n|-heal|p2a: tu mama|80\/100|[from] item: Leftovers\n|upkeep\n|turn|10\n|\n|t:|1701137744\n|move|p1a: Iron Treads|Ice Spinner|p2a: tu mama\n|-supereffective|p2a: tu mama\n|-damage|p2a: tu mama|57\/100\n|move|p2a: tu mama|Earthquake|p1a: Iron Treads\n|-supereffective|p1a: Iron Treads\n|-damage|p1a: Iron Treads|0 fnt\n|faint|p1a: Iron Treads\n|-end|p1a: Iron Treads|Quark Drive|[silent]\n|\n|-heal|p2a: tu mama|63\/100|[from] item: Leftovers\n|upkeep\n|\n|t:|1701137760\n|switch|p1a: Toxapex|Toxapex, F|100\/100\n|-damage|p1a: Toxapex|88\/100|[from] Stealth Rock\n|turn|11\n|\n|t:|1701137775\n|move|p1a: Toxapex|Baneful Bunker|p1a: Toxapex\n|-singleturn|p1a: Toxapex|move: Protect\n|move|p2a: tu mama|Earthquake|p1a: Toxapex\n|-activate|p1a: Toxapex|move: Protect\n|\n|-heal|p2a: tu mama|69\/100|[from] item: Leftovers\n|-heal|p1a: Toxapex|94\/100|[from] item: Leftovers\n|upkeep\n|turn|12\n|\n|t:|1701137786\n|switch|p2a: chambeador|Conkeldurr, M, shiny|100\/100\n|-damage|p2a: chambeador|94\/100|[from] Stealth Rock\n|move|p1a: Toxapex|Substitute|p1a: Toxapex\n|-start|p1a: Toxapex|Substitute\n|-damage|p1a: Toxapex|70\/100\n|\n|-heal|p2a: chambeador|100\/100|[from] item: Leftovers\n|-heal|p1a: Toxapex|76\/100|[from] item: Leftovers\n|upkeep\n|turn|13\n|\n|t:|1701137795\n|move|p2a: chambeador|Thunder Punch|p1a: Toxapex\n|-supereffective|p1a: Toxapex\n|-end|p1a: Toxapex|Substitute\n|move|p1a: Toxapex|Toxic|p2a: chambeador\n|-status|p2a: chambeador|tox\n|\n|-heal|p1a: Toxapex|82\/100|[from] item: Leftovers\n|-damage|p2a: chambeador|94\/100 tox|[from] psn\n|upkeep\n|turn|14\n|\n|t:|1701137809\n|move|p2a: chambeador|Thunder Punch|p1a: Toxapex\n|-supereffective|p1a: Toxapex\n|-damage|p1a: Toxapex|31\/100\n|move|p1a: Toxapex|Substitute|p1a: Toxapex\n|-start|p1a: Toxapex|Substitute\n|-damage|p1a: Toxapex|6\/100\n|\n|-heal|p2a: chambeador|100\/100 tox|[from] item: Leftovers\n|-heal|p1a: Toxapex|12\/100|[from] item: Leftovers\n|-damage|p2a: chambeador|88\/100 tox|[from] psn\n|upkeep\n|turn|15\n|\n|t:|1701137826\n|switch|p2a: tio no|Slowking, M, shiny|100\/100\n|-damage|p2a: tio no|88\/100|[from] Stealth Rock\n|move|p1a: Toxapex|Recover|p1a: Toxapex\n|-heal|p1a: Toxapex|62\/100\n|\n|-heal|p1a: Toxapex|68\/100|[from] item: Leftovers\n|upkeep\n|turn|16\n|\n|t:|1701137835\n|move|p1a: Toxapex|Toxic|p2a: tio no\n|-status|p2a: tio no|tox\n|move|p2a: tio no|Psychic|p1a: Toxapex\n|-supereffective|p1a: Toxapex\n|-end|p1a: Toxapex|Substitute\n|-damage|p2a: tio no|78\/100 tox|[from] item: Life Orb\n|\n|-heal|p1a: Toxapex|74\/100|[from] item: Leftovers\n|-damage|p2a: tio no|72\/100 tox|[from] psn\n|upkeep\n|turn|17\n|\n|t:|1701137850\n|move|p1a: Toxapex|Baneful Bunker|p1a: Toxapex\n|-singleturn|p1a: Toxapex|move: Protect\n|move|p2a: tio no|Psychic|p1a: Toxapex\n|-activate|p1a: Toxapex|move: Protect\n|\n|-heal|p1a: Toxapex|81\/100|[from] item: Leftovers\n|-damage|p2a: tio no|60\/100 tox|[from] psn\n|upkeep\n|turn|18\n|\n|t:|1701137861\n|move|p1a: Toxapex|Substitute|p1a: Toxapex\n|-start|p1a: Toxapex|Substitute\n|-damage|p1a: Toxapex|56\/100\n|move|p2a: tio no|Psychic|p1a: Toxapex\n|-supereffective|p1a: Toxapex\n|-end|p1a: Toxapex|Substitute\n|-damage|p2a: tio no|50\/100 tox|[from] item: Life Orb\n|\n|-heal|p1a: Toxapex|62\/100|[from] item: Leftovers\n|-damage|p2a: tio no|32\/100 tox|[from] psn\n|upkeep\n|turn|19\n|\n|t:|1701137871\n|move|p1a: Toxapex|Baneful Bunker|p1a: Toxapex\n|-singleturn|p1a: Toxapex|move: Protect\n|move|p2a: tio no|Psychic|p1a: Toxapex\n|-activate|p1a: Toxapex|move: Protect\n|\n|-heal|p1a: Toxapex|68\/100|[from] item: Leftovers\n|-damage|p2a: tio no|7\/100 tox|[from] psn\n|upkeep\n|turn|20\n|\n|t:|1701137887\n|switch|p2a: chambeador|Conkeldurr, M, shiny|88\/100 tox\n|-damage|p2a: chambeador|82\/100 tox|[from] Stealth Rock\n|move|p1a: Toxapex|Substitute|p1a: Toxapex\n|-start|p1a: Toxapex|Substitute\n|-damage|p1a: Toxapex|43\/100\n|\n|-heal|p2a: chambeador|88\/100 tox|[from] item: Leftovers\n|-heal|p1a: Toxapex|50\/100|[from] item: Leftovers\n|-damage|p2a: chambeador|82\/100 tox|[from] psn\n|upkeep\n|turn|21\n|\n|t:|1701137899\n|move|p2a: chambeador|Thunder Punch|p1a: Toxapex\n|-supereffective|p1a: Toxapex\n|-end|p1a: Toxapex|Substitute\n|move|p1a: Toxapex|Recover|p1a: Toxapex\n|-heal|p1a: Toxapex|99\/100\n|\n|-heal|p2a: chambeador|88\/100 tox|[from] item: Leftovers\n|-heal|p1a: Toxapex|100\/100|[from] item: Leftovers\n|-damage|p2a: chambeador|76\/100 tox|[from] psn\n|upkeep\n|turn|22\n|\n|t:|1701137910\n|move|p1a: Toxapex|Baneful Bunker|p1a: Toxapex\n|-singleturn|p1a: Toxapex|move: Protect\n|move|p2a: chambeador|Thunder Punch|p1a: Toxapex\n|-activate|p1a: Toxapex|move: Protect\n|\n|-heal|p2a: chambeador|82\/100 tox|[from] item: Leftovers\n|-damage|p2a: chambeador|64\/100 tox|[from] psn\n|upkeep\n|turn|23\n|\n|t:|1701137938\n|move|p2a: chambeador|Thunder Punch|p1a: Toxapex\n|-supereffective|p1a: Toxapex\n|-damage|p1a: Toxapex|48\/100\n|move|p1a: Toxapex|Substitute|p1a: Toxapex\n|-start|p1a: Toxapex|Substitute\n|-damage|p1a: Toxapex|23\/100\n|\n|-heal|p2a: chambeador|70\/100 tox|[from] item: Leftovers\n|-heal|p1a: Toxapex|29\/100|[from] item: Leftovers\n|-damage|p2a: chambeador|46\/100 tox|[from] psn\n|upkeep\n|turn|24\n|\n|t:|1701137951\n|move|p2a: chambeador|Thunder Punch|p1a: Toxapex\n|-supereffective|p1a: Toxapex\n|-end|p1a: Toxapex|Substitute\n|move|p1a: Toxapex|Recover|p1a: Toxapex\n|-heal|p1a: Toxapex|79\/100\n|\n|-heal|p2a: chambeador|52\/100 tox|[from] item: Leftovers\n|-heal|p1a: Toxapex|85\/100|[from] item: Leftovers\n|-damage|p2a: chambeador|22\/100 tox|[from] psn\n|upkeep\n|turn|25\n|\n|t:|1701137960\n|move|p1a: Toxapex|Baneful Bunker|p1a: Toxapex\n|-singleturn|p1a: Toxapex|move: Protect\n|move|p2a: chambeador|Thunder Punch|p1a: Toxapex\n|-activate|p1a: Toxapex|move: Protect\n|\n|-heal|p2a: chambeador|28\/100 tox|[from] item: Leftovers\n|-heal|p1a: Toxapex|91\/100|[from] item: Leftovers\n|-damage|p2a: chambeador|0 fnt|[from] psn\n|faint|p2a: chambeador\n|upkeep\n|\n|t:|1701137973\n|switch|p2a: el chismoso|Hydreigon, M|100\/100\n|-damage|p2a: el chismoso|88\/100|[from] Stealth Rock\n|turn|26\n|\n|t:|1701137979\n|move|p2a: el chismoso|Dark Pulse|p1a: Toxapex\n|-damage|p1a: Toxapex|57\/100\n|move|p1a: Toxapex|Toxic|p2a: el chismoso\n|-status|p2a: el chismoso|tox\n|\n|-heal|p1a: Toxapex|63\/100|[from] item: Leftovers\n|-damage|p2a: el chismoso|82\/100 tox|[from] psn\n|upkeep\n|turn|27\n|\n|t:|1701137988\n|move|p1a: Toxapex|Baneful Bunker|p1a: Toxapex\n|-singleturn|p1a: Toxapex|move: Protect\n|move|p2a: el chismoso|Dark Pulse|p1a: Toxapex\n|-activate|p1a: Toxapex|move: Protect\n|\n|-heal|p1a: Toxapex|69\/100|[from] item: Leftovers\n|-damage|p2a: el chismoso|70\/100 tox|[from] psn\n|upkeep\n|turn|28\n|\n|t:|1701137998\n|move|p2a: el chismoso|Dark Pulse|p1a: Toxapex\n|-damage|p1a: Toxapex|32\/100\n|move|p1a: Toxapex|Substitute|p1a: Toxapex\n|-start|p1a: Toxapex|Substitute\n|-damage|p1a: Toxapex|7\/100\n|\n|-heal|p1a: Toxapex|13\/100|[from] item: Leftovers\n|-damage|p2a: el chismoso|51\/100 tox|[from] psn\n|upkeep\n|turn|29\n|\n|t:|1701138009\n|move|p2a: el chismoso|Dark Pulse|p1a: Toxapex\n|-end|p1a: Toxapex|Substitute\n|move|p1a: Toxapex|Recover|p1a: Toxapex\n|-heal|p1a: Toxapex|63\/100\n|\n|-heal|p1a: Toxapex|70\/100|[from] item: Leftovers\n|-damage|p2a: el chismoso|27\/100 tox|[from] psn\n|upkeep\n|turn|30\n|\n|t:|1701138018\n|switch|p2a: tu mama|Hippowdon, F|69\/100\n|-damage|p2a: tu mama|63\/100|[from] Stealth Rock\n|move|p1a: Toxapex|Baneful Bunker||[still]\n|-fail|p1a: Toxapex\n|\n|-heal|p2a: tu mama|69\/100|[from] item: Leftovers\n|-heal|p1a: Toxapex|76\/100|[from] item: Leftovers\n|upkeep\n|turn|31\n|\n|t:|1701138038\n|move|p1a: Toxapex|Baneful Bunker|p1a: Toxapex\n|-singleturn|p1a: Toxapex|move: Protect\n|move|p2a: tu mama|Earthquake|p1a: Toxapex\n|-activate|p1a: Toxapex|move: Protect\n|\n|-heal|p2a: tu mama|75\/100|[from] item: Leftovers\n|-heal|p1a: Toxapex|82\/100|[from] item: Leftovers\n|upkeep\n|turn|32\n|\n|t:|1701138048\n|move|p2a: tu mama|Earthquake|p1a: Toxapex\n|-supereffective|p1a: Toxapex\n|-damage|p1a: Toxapex|22\/100\n|move|p1a: Toxapex|Substitute|p1a: Toxapex\n|-fail|p1a: Toxapex|move: Substitute|[weak]\n|\n|-heal|p2a: tu mama|81\/100|[from] item: Leftovers\n|-heal|p1a: Toxapex|29\/100|[from] item: Leftovers\n|upkeep\n|turn|33\n|\n|t:|1701138059\n|move|p2a: tu mama|Earthquake|p1a: Toxapex\n|-supereffective|p1a: Toxapex\n|-damage|p1a: Toxapex|0 fnt\n|faint|p1a: Toxapex\n|\n|-heal|p2a: tu mama|88\/100|[from] item: Leftovers\n|upkeep\n|\n|t:|1701138068\n|switch|p1a: Klefki|Klefki, M|100\/100\n|-damage|p1a: Klefki|95\/100|[from] Stealth Rock\n|turn|34\n|\n|t:|1701138074\n|move|p1a: Klefki|Switcheroo|p2a: tu mama\n|-activate|p1a: Klefki|move: Trick|[of] p2a: tu mama\n|-item|p2a: tu mama|Power Bracer|[from] move: Switcheroo\n|-item|p1a: Klefki|Leftovers|[from] move: Switcheroo\n|move|p2a: tu mama|Earthquake|p1a: Klefki\n|-supereffective|p1a: Klefki\n|-damage|p1a: Klefki|12\/100\n|\n|-heal|p1a: Klefki|17\/100|[from] item: Leftovers\n|upkeep\n|turn|35\n|\n|t:|1701138084\n|move|p1a: Klefki|Rest|p1a: Klefki\n|-status|p1a: Klefki|slp|[from] move: Rest\n|-heal|p1a: Klefki|100\/100 slp|[silent]\n|move|p2a: tu mama|Earthquake|p1a: Klefki\n|-supereffective|p1a: Klefki\n|-damage|p1a: Klefki|8\/100 slp\n|\n|-heal|p1a: Klefki|14\/100 slp|[from] item: Leftovers\n|upkeep\n|turn|36\n|\n|t:|1701138095\n|cant|p1a: Klefki|slp\n|move|p2a: tu mama|Earthquake|p1a: Klefki\n|-supereffective|p1a: Klefki\n|-damage|p1a: Klefki|0 fnt\n|faint|p1a: Klefki\n|\n|upkeep\n|\n|t:|1701138104\n|switch|p1a: Arcanine|Arcanine-Hisui, F|100\/100\n|-damage|p1a: Arcanine|75\/100|[from] Stealth Rock\n|-ability|p1a: Arcanine|Intimidate|boost\n|-unboost|p2a: tu mama|atk|1\n|turn|37\n|\n|t:|1701138121\n|move|p1a: Arcanine|Close Combat|p2a: tu mama\n|-damage|p2a: tu mama|58\/100\n|-unboost|p1a: Arcanine|def|1\n|-unboost|p1a: Arcanine|spd|1\n|-damage|p1a: Arcanine|66\/100|[from] item: Life Orb\n|move|p2a: tu mama|Earthquake|p1a: Arcanine\n|-supereffective|p1a: Arcanine\n|-damage|p1a: Arcanine|0 fnt\n|faint|p1a: Arcanine\n|\n|upkeep\n|\n|t:|1701138134\n|switch|p1a: Gholdengo|Gholdengo|100\/100\n|turn|38\n|\n|t:|1701138139\n|move|p1a: Gholdengo|Make It Rain|p2a: tu mama\n|-damage|p2a: tu mama|0 fnt\n|-unboost|p1a: Gholdengo|spa|1\n|faint|p2a: tu mama\n|\n|upkeep\n|\n|t:|1701138148\n|switch|p2a: tio no|Slowking, M, shiny|41\/100 tox\n|-damage|p2a: tio no|28\/100 tox|[from] Stealth Rock\n|turn|39\n|\n|t:|1701138167\n|switch|p2a: cume-hada|Clefable, F|82\/100\n|move|p1a: Gholdengo|Make It Rain|p2a: cume-hada\n|-supereffective|p2a: cume-hada\n|-damage|p2a: cume-hada|5\/100\n|-unboost|p1a: Gholdengo|spa|1\n|-enditem|p2a: cume-hada|Mago Berry|[eat]\n|-heal|p2a: cume-hada|38\/100|[from] item: Mago Berry\n|\n|upkeep\n|turn|40\n|\n|t:|1701138179\n|move|p1a: Gholdengo|Nasty Plot|p1a: Gholdengo\n|-boost|p1a: Gholdengo|spa|2\n|move|p2a: cume-hada|Wish|p2a: cume-hada\n|\n|upkeep\n|turn|41\n|\n|t:|1701138185\n|move|p2a: cume-hada|Protect|p2a: cume-hada\n|-singleturn|p2a: cume-hada|Protect\n|move|p1a: Gholdengo|Nasty Plot|p1a: Gholdengo\n|-boost|p1a: Gholdengo|spa|2\n|\n|-heal|p2a: cume-hada|88\/100|[from] move: Wish|[wisher] cume-hada\n|upkeep\n|turn|42\n|\n|t:|1701138198\n|move|p1a: Gholdengo|Nasty Plot|p1a: Gholdengo\n|-boost|p1a: Gholdengo|spa|2\n|move|p2a: cume-hada|Draining Kiss|p1a: Gholdengo\n|-resisted|p1a: Gholdengo\n|-damage|p1a: Gholdengo|89\/100\n|-heal|p2a: cume-hada|95\/100|[from] drain|[of] p1a: Gholdengo\n|\n|upkeep\n|turn|43\n|\n|t:|1701138211\n|move|p1a: Gholdengo|Nasty Plot|p1a: Gholdengo\n|-boost|p1a: Gholdengo|spa|2\n|move|p2a: cume-hada|Wish|p2a: cume-hada\n|\n|upkeep\n|turn|44\n|\n|t:|1701138219\n|switch|p2a: tio no|Slowking, M, shiny|61\/100 tox\n|-damage|p2a: tio no|49\/100 tox|[from] Stealth Rock\n|move|p1a: Gholdengo|Recover|p1a: Gholdengo\n|-heal|p1a: Gholdengo|100\/100\n|\n|-heal|p2a: tio no|99\/100 tox|[from] move: Wish|[wisher] cume-hada\n|-damage|p2a: tio no|93\/100 tox|[from] psn\n|upkeep\n|turn|45\n|\n|t:|1701138234\n|-terastallize|p2a: tio no|Water\n|move|p1a: Gholdengo|Make It Rain|p2a: tio no\n|-resisted|p2a: tio no\n|-damage|p2a: tio no|0 fnt\n|-unboost|p1a: Gholdengo|spa|1\n|faint|p2a: tio no\n|\n|upkeep\n|\n|t:|1701138240\n|switch|p2a: el chismoso|Hydreigon, M|27\/100 tox\n|-damage|p2a: el chismoso|14\/100 tox|[from] Stealth Rock\n|turn|46\n|\n|t:|1701138260\n|move|p2a: el chismoso|Dark Pulse|p1a: Gholdengo\n|-supereffective|p1a: Gholdengo\n|-damage|p1a: Gholdengo|13\/100\n|move|p1a: Gholdengo|Recover|p1a: Gholdengo\n|-heal|p1a: Gholdengo|63\/100\n|\n|-damage|p2a: el chismoso|8\/100 tox|[from] psn\n|upkeep\n|turn|47\n|\n|t:|1701138270\n|move|p2a: el chismoso|Dark Pulse|p1a: Gholdengo\n|-supereffective|p1a: Gholdengo\n|-damage|p1a: Gholdengo|0 fnt\n|faint|p1a: Gholdengo\n|\n|win|marcito13132\n|raw|meliksoggybread's rating: 1019 &rarr; <strong>1005<\/strong><br \/>(-14 for losing)\n|raw|marcito13132's rating: 1000 &rarr; <strong>1042<\/strong><br \/>(+42 for winning)\n|l|\u2606meliksoggybread\n","uploadtime":1701138284,"views":3,"p1id":"meliksoggybread","p2id":"marcito13132","formatid":"gen9ou","rating":1005,"private":0,"password":""}