{"id":"gen9ou-1996789735","p1":"haxusorry","p2":"spicy piquant","format":"[Gen 9] OU","log":"|j|\u2606haxusorry\n|j|\u2606spicy piquant\n|t:|1700725669\n|gametype|singles\n|player|p1|haxusorry|riley|1590\n|player|p2|spicy piquant|170|1694\n|teamsize|p1|6\n|teamsize|p2|6\n|gen|9\n|tier|[Gen 9] OU\n|rated|\n|rule|Sleep Clause Mod: Limit one foe put to sleep\n|rule|Species Clause: Limit one of each Pok\u00e9mon\n|rule|OHKO Clause: OHKO moves are banned\n|rule|Evasion Items Clause: Evasion items are banned\n|rule|Evasion Moves Clause: Evasion moves are banned\n|rule|Endless Battle Clause: Forcing endless battles is banned\n|rule|HP Percentage Mod: HP is shown in percentages\n|clearpoke\n|poke|p1|Ribombee, F|\n|poke|p1|Gholdengo|\n|poke|p1|Mew|\n|poke|p1|Ogerpon-Cornerstone, F|\n|poke|p1|Iron Moth|\n|poke|p1|Zamazenta-*|\n|poke|p2|Iron Valiant|\n|poke|p2|Gholdengo|\n|poke|p2|Cinderace, F|\n|poke|p2|Toxapex, F|\n|poke|p2|Corviknight, F|\n|poke|p2|Ursaluna, F|\n|teampreview\n|inactive|Battle timer is ON: inactive players will automatically lose when time's up. (requested by spicy piquant)\n|\n|t:|1700725679\n|start\n|switch|p1a: Ribombee|Ribombee, F|100\/100\n|switch|p2a: Toxapex|Toxapex, F|100\/100\n|turn|1\n|\n|t:|1700725683\n|move|p1a: Ribombee|Stun Spore|p2a: Toxapex\n|-status|p2a: Toxapex|par\n|move|p2a: Toxapex|Sludge Bomb|p1a: Ribombee\n|-supereffective|p1a: Ribombee\n|-enditem|p1a: Ribombee|Focus Sash\n|-damage|p1a: Ribombee|1\/100\n|\n|upkeep\n|turn|2\n|\n|t:|1700725687\n|move|p1a: Ribombee|Sticky Web|p2a: Toxapex\n|-sidestart|p2: spicy piquant|move: Sticky Web\n|move|p2a: Toxapex|Sludge Bomb|p1a: Ribombee\n|-supereffective|p1a: Ribombee\n|-damage|p1a: Ribombee|0 fnt\n|faint|p1a: Ribombee\n|\n|upkeep\n|\n|t:|1700725691\n|switch|p1a: Mew|Mew|100\/100\n|turn|3\n|\n|t:|1700725695\n|switch|p1a: Iron Moth|Iron Moth|100\/100\n|-enditem|p1a: Iron Moth|Booster Energy\n|-activate|p1a: Iron Moth|ability: Quark Drive|[fromitem]\n|-start|p1a: Iron Moth|quarkdrivespe\n|switch|p2a: Cinderace|Cinderace, F|100\/100\n|\n|upkeep\n|turn|4\n|\n|t:|1700725698\n|-terastallize|p1a: Iron Moth|Water\n|move|p1a: Iron Moth|Tera Blast|p2a: Cinderace|[anim] Tera Blast Water\n|-supereffective|p2a: Cinderace\n|-damage|p2a: Cinderace|0 fnt\n|faint|p2a: Cinderace\n|\n|upkeep\n|\n|t:|1700725704\n|switch|p2a: Toxapex|Toxapex, F|100\/100 par\n|-activate|p2a: Toxapex|move: Sticky Web\n|-unboost|p2a: Toxapex|spe|1\n|turn|5\n|\n|t:|1700725708\n|-end|p1a: Iron Moth|Quark Drive|[silent]\n|switch|p1a: Gholdengo|Gholdengo|100\/100\n|move|p2a: Toxapex|Sludge Bomb|p1a: Gholdengo\n|-immune|p1a: Gholdengo\n|\n|upkeep\n|turn|6\n|\n|t:|1700725710\n|switch|p2a: Ursaluna|Ursaluna, F|100\/100\n|-activate|p2a: Ursaluna|move: Sticky Web\n|-unboost|p2a: Ursaluna|spe|1\n|move|p1a: Gholdengo|Trick|p2a: Ursaluna\n|-activate|p1a: Gholdengo|move: Trick|[of] p2a: Ursaluna\n|-item|p2a: Ursaluna|Choice Scarf|[from] move: Trick\n|-item|p1a: Gholdengo|Flame Orb|[from] move: Trick\n|\n|-status|p1a: Gholdengo|brn|[from] item: Flame Orb\n|upkeep\n|turn|7\n|\n|t:|1700725716\n|move|p1a: Gholdengo|Focus Blast|p2a: Ursaluna|[miss]\n|-miss|p1a: Gholdengo|p2a: Ursaluna\n|move|p2a: Ursaluna|Earthquake|p1a: Gholdengo\n|-supereffective|p1a: Gholdengo\n|-damage|p1a: Gholdengo|0 fnt\n|faint|p1a: Gholdengo\n|\n|upkeep\n|\n|t:|1700725721\n|switch|p1a: Zamazenta|Zamazenta|100\/100\n|-ability|p1a: Zamazenta|Dauntless Shield|boost\n|-boost|p1a: Zamazenta|def|1\n|turn|8\n|\n|t:|1700725724\n|switch|p2a: Corviknight|Corviknight, F|100\/100\n|-ability|p2a: Corviknight|Pressure\n|move|p1a: Zamazenta|Crunch|p2a: Corviknight\n|-damage|p2a: Corviknight|87\/100\n|-unboost|p2a: Corviknight|def|1\n|-damage|p1a: Zamazenta|84\/100|[from] item: Rocky Helmet|[of] p2a: Corviknight\n|\n|-heal|p1a: Zamazenta|90\/100|[from] item: Leftovers\n|upkeep\n|turn|9\n|\n|t:|1700725728\n|switch|p2a: Gholdengo|Gholdengo|100\/100\n|-activate|p2a: Gholdengo|move: Sticky Web\n|-unboost|p2a: Gholdengo|spe|1\n|move|p1a: Zamazenta|Iron Defense|p1a: Zamazenta\n|-boost|p1a: Zamazenta|def|2\n|\n|-heal|p1a: Zamazenta|96\/100|[from] item: Leftovers\n|upkeep\n|turn|10\n|\n|t:|1700725733\n|switch|p2a: Corviknight|Corviknight, F|87\/100\n|-ability|p2a: Corviknight|Pressure\n|move|p1a: Zamazenta|Crunch|p2a: Corviknight\n|-damage|p2a: Corviknight|74\/100\n|-damage|p1a: Zamazenta|80\/100|[from] item: Rocky Helmet|[of] p2a: Corviknight\n|\n|-heal|p1a: Zamazenta|86\/100|[from] item: Leftovers\n|upkeep\n|turn|11\n|\n|t:|1700725737\n|move|p1a: Zamazenta|Body Press|p2a: Corviknight\n|-damage|p2a: Corviknight|20\/100\n|-damage|p1a: Zamazenta|70\/100|[from] item: Rocky Helmet|[of] p2a: Corviknight\n|move|p2a: Corviknight|Iron Defense|p2a: Corviknight\n|-boost|p2a: Corviknight|def|2\n|\n|-heal|p1a: Zamazenta|76\/100|[from] item: Leftovers\n|upkeep\n|turn|12\n|\n|t:|1700725746\n|switch|p2a: Iron Valiant|Iron Valiant|100\/100\n|-activate|p2a: Iron Valiant|move: Sticky Web\n|-unboost|p2a: Iron Valiant|spe|1\n|-enditem|p2a: Iron Valiant|Booster Energy\n|-activate|p2a: Iron Valiant|ability: Quark Drive|[fromitem]\n|-start|p2a: Iron Valiant|quarkdrivespa\n|move|p1a: Zamazenta|Body Press|p2a: Iron Valiant\n|-resisted|p2a: Iron Valiant\n|-damage|p2a: Iron Valiant|43\/100\n|\n|-heal|p1a: Zamazenta|82\/100|[from] item: Leftovers\n|upkeep\n|turn|13\n|\n|t:|1700725758\n|move|p1a: Zamazenta|Body Press|p2a: Iron Valiant\n|-resisted|p2a: Iron Valiant\n|-damage|p2a: Iron Valiant|0 fnt\n|faint|p2a: Iron Valiant\n|-end|p2a: Iron Valiant|Quark Drive|[silent]\n|\n|-heal|p1a: Zamazenta|88\/100|[from] item: Leftovers\n|upkeep\n|\n|t:|1700725760\n|switch|p2a: Gholdengo|Gholdengo|100\/100\n|-activate|p2a: Gholdengo|move: Sticky Web\n|-unboost|p2a: Gholdengo|spe|1\n|turn|14\n|\n|t:|1700725762\n|move|p1a: Zamazenta|Crunch|p2a: Gholdengo\n|-supereffective|p2a: Gholdengo\n|-damage|p2a: Gholdengo|54\/100\n|move|p2a: Gholdengo|Trick|p1a: Zamazenta\n|-activate|p2a: Gholdengo|move: Trick|[of] p1a: Zamazenta\n|-item|p1a: Zamazenta|Choice Scarf|[from] move: Trick\n|-item|p2a: Gholdengo|Leftovers|[from] move: Trick\n|\n|-heal|p2a: Gholdengo|60\/100|[from] item: Leftovers\n|upkeep\n|turn|15\n|\n|t:|1700725770\n|switch|p2a: Toxapex|Toxapex, F|100\/100 par\n|-activate|p2a: Toxapex|move: Sticky Web\n|-unboost|p2a: Toxapex|spe|1\n|move|p1a: Zamazenta|Crunch|p2a: Toxapex\n|-damage|p2a: Toxapex|82\/100 par\n|\n|upkeep\n|turn|16\n|\n|t:|1700725779\n|move|p1a: Zamazenta|Crunch|p2a: Toxapex\n|-damage|p2a: Toxapex|64\/100 par\n|move|p2a: Toxapex|Sludge Bomb|p1a: Zamazenta\n|-damage|p1a: Zamazenta|66\/100\n|\n|upkeep\n|turn|17\n|\n|t:|1700725789\n|move|p1a: Zamazenta|Crunch|p2a: Toxapex\n|-damage|p2a: Toxapex|48\/100 par\n|move|p2a: Toxapex|Sludge Bomb|p1a: Zamazenta\n|-damage|p1a: Zamazenta|43\/100\n|\n|upkeep\n|turn|18\n|\n|t:|1700725793\n|switch|p2a: Ursaluna|Ursaluna, F|100\/100\n|-activate|p2a: Ursaluna|move: Sticky Web\n|-unboost|p2a: Ursaluna|spe|1\n|move|p1a: Zamazenta|Crunch|p2a: Ursaluna\n|-damage|p2a: Ursaluna|85\/100\n|\n|upkeep\n|turn|19\n|\n|t:|1700725797\n|switch|p2a: Toxapex|Toxapex, F|81\/100 par\n|-activate|p2a: Toxapex|move: Sticky Web\n|-unboost|p2a: Toxapex|spe|1\n|move|p1a: Zamazenta|Crunch|p2a: Toxapex\n|-damage|p2a: Toxapex|63\/100 par\n|\n|upkeep\n|turn|20\n|\n|t:|1700725800\n|move|p1a: Zamazenta|Crunch|p2a: Toxapex\n|-damage|p2a: Toxapex|45\/100 par\n|-unboost|p2a: Toxapex|def|1\n|cant|p2a: Toxapex|par\n|\n|upkeep\n|turn|21\n|\n|t:|1700725804\n|move|p1a: Zamazenta|Crunch|p2a: Toxapex\n|-damage|p2a: Toxapex|19\/100 par\n|move|p2a: Toxapex|Sludge Bomb|p1a: Zamazenta\n|-damage|p1a: Zamazenta|22\/100\n|\n|upkeep\n|turn|22\n|\n|t:|1700725809\n|switch|p2a: Corviknight|Corviknight, F|20\/100\n|-ability|p2a: Corviknight|Pressure\n|move|p1a: Zamazenta|Crunch|p2a: Corviknight\n|-damage|p2a: Corviknight|9\/100\n|-damage|p1a: Zamazenta|5\/100|[from] item: Rocky Helmet|[of] p2a: Corviknight\n|\n|upkeep\n|turn|23\n|\n|t:|1700725813\n|move|p1a: Zamazenta|Crunch|p2a: Corviknight\n|-damage|p2a: Corviknight|0 fnt\n|-damage|p1a: Zamazenta|0 fnt|[from] item: Rocky Helmet|[of] p2a: Corviknight\n|faint|p2a: Corviknight\n|faint|p1a: Zamazenta\n|\n|upkeep\n|\n|t:|1700725822\n|switch|p1a: Mew|Mew|100\/100\n|switch|p2a: Ursaluna|Ursaluna, F|85\/100\n|-activate|p2a: Ursaluna|move: Sticky Web\n|-unboost|p2a: Ursaluna|spe|1\n|turn|24\n|\n|t:|1700725828\n|switch|p1a: Iron Moth|Iron Moth, tera:Water|100\/100\n|move|p2a: Ursaluna|Earthquake|p1a: Iron Moth\n|-damage|p1a: Iron Moth|11\/100\n|\n|upkeep\n|turn|25\n|\n|t:|1700725838\n|-end|p1a: Iron Moth|Quark Drive|[silent]\n|switch|p1a: Mew|Mew|100\/100\n|switch|p2a: Toxapex|Toxapex, F|53\/100 par\n|-activate|p2a: Toxapex|move: Sticky Web\n|-unboost|p2a: Toxapex|spe|1\n|\n|upkeep\n|turn|26\n|\n|t:|1700725843\n|move|p1a: Mew|Psychic Fangs|p2a: Toxapex\n|-supereffective|p2a: Toxapex\n|-damage|p2a: Toxapex|0 fnt\n|faint|p2a: Toxapex\n|-damage|p1a: Mew|91\/100|[from] item: Life Orb\n|\n|upkeep\n|\n|t:|1700725846\n|switch|p2a: Ursaluna|Ursaluna, F|85\/100\n|-activate|p2a: Ursaluna|move: Sticky Web\n|-unboost|p2a: Ursaluna|spe|1\n|turn|27\n|\n|t:|1700725851\n|switch|p1a: Iron Moth|Iron Moth, tera:Water|11\/100\n|move|p2a: Ursaluna|Earthquake|p1a: Iron Moth\n|-crit|p1a: Iron Moth\n|-damage|p1a: Iron Moth|0 fnt\n|faint|p1a: Iron Moth\n|-end|p1a: Iron Moth|Quark Drive|[silent]\n|\n|upkeep\n|\n|t:|1700725853\n|switch|p1a: Ogerpon|Ogerpon-Cornerstone, F|100\/100\n|turn|28\n|\n|t:|1700725856\n|-terastallize|p2a: Ursaluna|Fairy\n|move|p1a: Ogerpon|Horn Leech|p2a: Ursaluna\n|-damage|p2a: Ursaluna|50\/100\n|move|p2a: Ursaluna|Earthquake|p1a: Ogerpon\n|-damage|p1a: Ogerpon|27\/100\n|\n|upkeep\n|turn|29\n|\n|t:|1700725863\n|move|p1a: Ogerpon|Ivy Cudgel|p2a: Ursaluna|[anim] Ivy Cudgel Rock\n|-damage|p2a: Ursaluna|3\/100\n|move|p2a: Ursaluna|Earthquake|p1a: Ogerpon\n|-damage|p1a: Ogerpon|0 fnt\n|faint|p1a: Ogerpon\n|\n|upkeep\n|\n|t:|1700725866\n|switch|p1a: Mew|Mew|91\/100\n|turn|30\n|\n|t:|1700725868\n|move|p1a: Mew|Drain Punch|p2a: Ursaluna\n|-resisted|p2a: Ursaluna\n|-damage|p2a: Ursaluna|0 fnt\n|-heal|p1a: Mew|92\/100|[from] drain|[of] p2a: Ursaluna\n|faint|p2a: Ursaluna\n|-damage|p1a: Mew|82\/100|[from] item: Life Orb\n|\n|upkeep\n|\n|t:|1700725871\n|switch|p2a: Gholdengo|Gholdengo|60\/100\n|-activate|p2a: Gholdengo|move: Sticky Web\n|-unboost|p2a: Gholdengo|spe|1\n|turn|31\n|\n|t:|1700725875\n|move|p1a: Mew|Poltergeist|p2a: Gholdengo\n|-activate|p2a: Gholdengo|move: Poltergeist|Leftovers\n|-supereffective|p2a: Gholdengo\n|-damage|p2a: Gholdengo|0 fnt\n|faint|p2a: Gholdengo\n|-damage|p1a: Mew|72\/100|[from] item: Life Orb\n|\n|win|haxusorry\n|raw|haxusorry's rating: 1590 &rarr; <strong>1616<\/strong><br \/>(+26 for winning)\n|raw|spicy piquant's rating: 1694 &rarr; <strong>1668<\/strong><br \/>(-26 for losing)\n|l|\u2606spicy piquant\n","uploadtime":1700725887,"views":9,"p1id":"haxusorry","p2id":"spicypiquant","formatid":"gen9ou","rating":1616,"private":0,"password":""}