{"id":"gen9ou-1994445977","p1":"IcySwishBangTrey","p2":"burnermf","format":"[Gen 9] OU","log":"|j|\u2606IcySwishBangTrey\n|j|\u2606burnermf\n|t:|1700444826\n|gametype|singles\n|player|p1|IcySwishBangTrey|266|1249\n|player|p2|burnermf|fantina|1296\n|teamsize|p1|6\n|teamsize|p2|6\n|gen|9\n|tier|[Gen 9] OU\n|rated|\n|rule|Sleep Clause Mod: Limit one foe put to sleep\n|rule|Species Clause: Limit one of each Pok\u00e9mon\n|rule|OHKO Clause: OHKO moves are banned\n|rule|Evasion Items Clause: Evasion items are banned\n|rule|Evasion Moves Clause: Evasion moves are banned\n|rule|Endless Battle Clause: Forcing endless battles is banned\n|rule|HP Percentage Mod: HP is shown in percentages\n|clearpoke\n|poke|p1|Pelipper, M|\n|poke|p1|Iron Treads|\n|poke|p1|Manaphy|\n|poke|p1|Barraskewda, F|\n|poke|p1|Amoonguss, F|\n|poke|p1|Zapdos|\n|poke|p2|Glimmora, M|\n|poke|p2|Landorus-Therian, M|\n|poke|p2|Ceruledge, F|\n|poke|p2|Hatterene, F|\n|poke|p2|Dragonite, F|\n|poke|p2|Gholdengo|\n|teampreview\n|inactive|Battle timer is ON: inactive players will automatically lose when time's up. (requested by burnermf)\n|\n|t:|1700444858\n|start\n|switch|p1a: Pelipper|Pelipper, M|100\/100\n|switch|p2a: Hatterene|Hatterene, F|100\/100\n|-weather|RainDance|[from] ability: Drizzle|[of] p1a: Pelipper\n|turn|1\n|\n|t:|1700444869\n|move|p1a: Pelipper|U-turn|p2a: Hatterene\n|-damage|p2a: Hatterene|93\/100\n|\n|t:|1700444872\n|switch|p1a: Iron Treads|Iron Treads|100\/100|[from] U-turn\n|-enditem|p1a: Iron Treads|Booster Energy\n|-activate|p1a: Iron Treads|ability: Quark Drive|[fromitem]\n|-start|p1a: Iron Treads|quarkdrivespe\n|move|p2a: Hatterene|Calm Mind|p2a: Hatterene\n|-boost|p2a: Hatterene|spa|1\n|-boost|p2a: Hatterene|spd|1\n|\n|-weather|RainDance|[upkeep]\n|-heal|p2a: Hatterene|99\/100|[from] item: Leftovers\n|upkeep\n|turn|2\n|\n|t:|1700444880\n|-terastallize|p2a: Hatterene|Water\n|move|p1a: Iron Treads|Heavy Slam|p2a: Hatterene\n|-resisted|p2a: Hatterene\n|-damage|p2a: Hatterene|74\/100\n|move|p2a: Hatterene|Mystical Fire|p1a: Iron Treads\n|-supereffective|p1a: Iron Treads\n|-damage|p1a: Iron Treads|49\/100\n|-unboost|p1a: Iron Treads|spa|1\n|\n|-weather|RainDance|[upkeep]\n|-heal|p2a: Hatterene|80\/100|[from] item: Leftovers\n|upkeep\n|turn|3\n|\n|t:|1700444902\n|move|p1a: Iron Treads|Earthquake|p2a: Hatterene\n|-damage|p2a: Hatterene|37\/100\n|move|p2a: Hatterene|Calm Mind|p2a: Hatterene\n|-boost|p2a: Hatterene|spa|1\n|-boost|p2a: Hatterene|spd|1\n|\n|-weather|RainDance|[upkeep]\n|-heal|p2a: Hatterene|43\/100|[from] item: Leftovers\n|upkeep\n|turn|4\n|\n|t:|1700444912\n|switch|p2a: Landorus|Landorus-Therian, M|100\/100\n|-ability|p2a: Landorus|Intimidate|boost\n|-unboost|p1a: Iron Treads|atk|1\n|move|p1a: Iron Treads|Earthquake|p2a: Landorus\n|-immune|p2a: Landorus\n|\n|-weather|RainDance|[upkeep]\n|upkeep\n|turn|5\n|\n|t:|1700444917\n|-end|p1a: Iron Treads|Quark Drive|[silent]\n|switch|p1a: Zapdos|Zapdos|100\/100\n|move|p2a: Landorus|U-turn|p1a: Zapdos\n|-resisted|p1a: Zapdos\n|-damage|p1a: Zapdos|88\/100\n|-status|p2a: Landorus|par|[from] ability: Static|[of] p1a: Zapdos\n|\n|t:|1700444926\n|switch|p2a: Dragonite|Dragonite, F|100\/100|[from] U-turn\n|\n|-weather|RainDance|[upkeep]\n|upkeep\n|turn|6\n|\n|t:|1700444932\n|move|p1a: Zapdos|Thunder|p2a: Dragonite\n|-damage|p2a: Dragonite|74\/100\n|move|p2a: Dragonite|Ice Spinner|p1a: Zapdos\n|-supereffective|p1a: Zapdos\n|-damage|p1a: Zapdos|11\/100\n|\n|-weather|RainDance|[upkeep]\n|upkeep\n|turn|7\n|\n|t:|1700444949\n|move|p2a: Dragonite|Extreme Speed|p1a: Zapdos\n|-damage|p1a: Zapdos|0 fnt\n|-status|p2a: Dragonite|par|[from] ability: Static|[of] p1a: Zapdos\n|faint|p1a: Zapdos\n|\n|-weather|RainDance|[upkeep]\n|upkeep\n|inactive|IcySwishBangTrey has 120 seconds left.\n|\n|t:|1700444977\n|switch|p1a: Amoonguss|Amoonguss, F, shiny|100\/100\n|turn|8\n|inactive|IcySwishBangTrey has 120 seconds left.\n|\n|t:|1700444999\n|move|p2a: Dragonite|Dragon Dance|p2a: Dragonite\n|-boost|p2a: Dragonite|atk|1\n|-boost|p2a: Dragonite|spe|1\n|move|p1a: Amoonguss|Sludge Bomb|p2a: Dragonite\n|-damage|p2a: Dragonite|47\/100 par\n|\n|-weather|none\n|upkeep\n|turn|9\n|inactive|IcySwishBangTrey has 120 seconds left.\n|\n|t:|1700445025\n|switch|p1a: Pelipper|Pelipper, M|100\/100\n|-weather|RainDance|[from] ability: Drizzle|[of] p1a: Pelipper\n|move|p2a: Dragonite|Roost|p2a: Dragonite\n|-heal|p2a: Dragonite|97\/100 par\n|-singleturn|p2a: Dragonite|move: Roost\n|\n|-weather|RainDance|[upkeep]\n|upkeep\n|turn|10\n|\n|t:|1700445043\n|move|p1a: Pelipper|Hurricane|p2a: Dragonite\n|-crit|p2a: Dragonite\n|-damage|p2a: Dragonite|40\/100 par\n|-start|p2a: Dragonite|confusion\n|-activate|p2a: Dragonite|confusion\n|move|p2a: Dragonite|Ice Spinner|p1a: Pelipper\n|-damage|p1a: Pelipper|64\/100\n|\n|-weather|RainDance|[upkeep]\n|upkeep\n|turn|11\n|\n|t:|1700445060\n|-activate|p2a: Dragonite|confusion\n|-damage|p2a: Dragonite|16\/100 par|[from] confusion\n|move|p1a: Pelipper|Hurricane|p2a: Dragonite\n|-damage|p2a: Dragonite|0 fnt\n|faint|p2a: Dragonite\n|\n|-weather|RainDance|[upkeep]\n|upkeep\n|inactive|burnermf has 120 seconds left.\n|\n|t:|1700445089\n|switch|p2a: Gholdengo|Gholdengo|100\/100\n|turn|12\n|\n|t:|1700445094\n|switch|p1a: Amoonguss|Amoonguss, F, shiny|100\/100\n|move|p2a: Gholdengo|Shadow Ball|p1a: Amoonguss\n|-damage|p1a: Amoonguss|64\/100\n|-enditem|p1a: Amoonguss|Eject Button\n|\n|t:|1700445106\n|switch|p1a: Barraskewda|Barraskewda, F|100\/100\n|\n|-weather|RainDance|[upkeep]\n|upkeep\n|turn|13\n|\n|t:|1700445115\n|-terastallize|p1a: Barraskewda|Water\n|move|p1a: Barraskewda|Liquidation|p2a: Gholdengo\n|-damage|p2a: Gholdengo|0 fnt\n|faint|p2a: Gholdengo\n|\n|-weather|RainDance|[upkeep]\n|upkeep\n|\n|t:|1700445125\n|switch|p2a: Glimmora|Glimmora, M|100\/100\n|turn|14\n|\n|t:|1700445134\n|move|p1a: Barraskewda|Liquidation|p2a: Glimmora\n|-supereffective|p2a: Glimmora\n|-enditem|p2a: Glimmora|Focus Sash\n|-damage|p2a: Glimmora|1\/100\n|-activate|p2a: Glimmora|ability: Toxic Debris\n|-sidestart|p1: IcySwishBangTrey|move: Toxic Spikes\n|move|p2a: Glimmora|Energy Ball|p1a: Barraskewda\n|-supereffective|p1a: Barraskewda\n|-damage|p1a: Barraskewda|0 fnt\n|faint|p1a: Barraskewda\n|\n|-weather|RainDance|[upkeep]\n|upkeep\n|inactive|IcySwishBangTrey has 120 seconds left.\n|\n|t:|1700445152\n|switch|p1a: Iron Treads|Iron Treads|49\/100\n|turn|15\n|\n|t:|1700445157\n|move|p1a: Iron Treads|Rapid Spin|p2a: Glimmora\n|-resisted|p2a: Glimmora\n|-damage|p2a: Glimmora|0 fnt\n|-boost|p1a: Iron Treads|spe|1\n|-activate|p2a: Glimmora|ability: Toxic Debris\n|-sidestart|p1: IcySwishBangTrey|move: Toxic Spikes\n|-sideend|p1: IcySwishBangTrey|Toxic Spikes|[from] move: Rapid Spin|[of] p1a: Iron Treads\n|faint|p2a: Glimmora\n|\n|-weather|RainDance|[upkeep]\n|upkeep\n|\n|t:|1700445165\n|switch|p2a: Ceruledge|Ceruledge, F|100\/100\n|turn|16\n|\n|t:|1700445171\n|move|p1a: Iron Treads|Earthquake|p2a: Ceruledge\n|-supereffective|p2a: Ceruledge\n|-enditem|p2a: Ceruledge|Focus Sash\n|-damage|p2a: Ceruledge|1\/100\n|-ability|p2a: Ceruledge|Weak Armor|boost\n|-unboost|p2a: Ceruledge|def|1\n|-boost|p2a: Ceruledge|spe|2\n|move|p2a: Ceruledge|Swords Dance|p2a: Ceruledge\n|-boost|p2a: Ceruledge|atk|2\n|\n|-weather|none\n|upkeep\n|turn|17\n|\n|t:|1700445182\n|move|p2a: Ceruledge|Bitter Blade|p1a: Iron Treads\n|-supereffective|p1a: Iron Treads\n|-damage|p1a: Iron Treads|0 fnt\n|-heal|p2a: Ceruledge|28\/100|[from] drain|[of] p1a: Iron Treads\n|faint|p1a: Iron Treads\n|-end|p1a: Iron Treads|Quark Drive|[silent]\n|\n|upkeep\n|\n|t:|1700445194\n|switch|p1a: Manaphy|Manaphy|100\/100\n|turn|18\n|\n|t:|1700445204\n|move|p2a: Ceruledge|Close Combat|p1a: Manaphy\n|-damage|p1a: Manaphy|37\/100\n|-unboost|p2a: Ceruledge|def|1\n|-unboost|p2a: Ceruledge|spd|1\n|move|p1a: Manaphy|Scald|p2a: Ceruledge\n|-supereffective|p2a: Ceruledge\n|-damage|p2a: Ceruledge|0 fnt\n|faint|p2a: Ceruledge\n|\n|-heal|p1a: Manaphy|44\/100|[from] item: Leftovers\n|upkeep\n|\n|t:|1700445219\n|switch|p2a: Landorus|Landorus-Therian, M|100\/100 par\n|-ability|p2a: Landorus|Intimidate|boost\n|-unboost|p1a: Manaphy|atk|1\n|turn|19\n|\n|t:|1700445229\n|move|p1a: Manaphy|Scald|p2a: Landorus\n|-supereffective|p2a: Landorus\n|-damage|p2a: Landorus|23\/100 par\n|move|p2a: Landorus|Earthquake|p1a: Manaphy\n|-damage|p1a: Manaphy|1\/100\n|\n|-heal|p1a: Manaphy|7\/100|[from] item: Leftovers\n|upkeep\n|turn|20\n|\n|t:|1700445252\n|move|p1a: Manaphy|Scald|p2a: Landorus\n|-supereffective|p2a: Landorus\n|-damage|p2a: Landorus|0 fnt\n|faint|p2a: Landorus\n|\n|-heal|p1a: Manaphy|13\/100|[from] item: Leftovers\n|upkeep\n|\n|t:|1700445254\n|switch|p2a: Hatterene|Hatterene, F, tera:Water|43\/100\n|turn|21\n|\n|t:|1700445268\n|move|p1a: Manaphy|Energy Ball|p2a: Hatterene\n|-supereffective|p2a: Hatterene\n|-damage|p2a: Hatterene|0 fnt\n|faint|p2a: Hatterene\n|\n|win|IcySwishBangTrey\n|raw|IcySwishBangTrey's rating: 1249 &rarr; <strong>1277<\/strong><br \/>(+28 for winning)\n|raw|burnermf's rating: 1296 &rarr; <strong>1268<\/strong><br \/>(-28 for losing)\n|l|\u2606burnermf\n","uploadtime":1700445276,"views":12,"p1id":"icyswishbangtrey","p2id":"burnermf","formatid":"gen9ou","rating":1268,"private":0,"password":""}