{"id":"gen9ou-1991614931","p1":"DoubleWarp","p2":"gengarsslowcousin","format":"[Gen 9] OU","log":"|j|\u2606DoubleWarp\n|j|\u2606gengarsslowcousin\n|t:|1700094456\n|gametype|singles\n|player|p1|DoubleWarp|266|1609\n|player|p2|gengarsslowcousin|cynthia-gen4|1586\n|teamsize|p1|6\n|teamsize|p2|6\n|gen|9\n|tier|[Gen 9] OU\n|rated|\n|rule|Sleep Clause Mod: Limit one foe put to sleep\n|rule|Species Clause: Limit one of each Pok\u00e9mon\n|rule|OHKO Clause: OHKO moves are banned\n|rule|Evasion Items Clause: Evasion items are banned\n|rule|Evasion Moves Clause: Evasion moves are banned\n|rule|Endless Battle Clause: Forcing endless battles is banned\n|rule|HP Percentage Mod: HP is shown in percentages\n|clearpoke\n|poke|p1|Torkoal, M|\n|poke|p1|Walking Wake|\n|poke|p1|Kingambit, M|\n|poke|p1|Dragapult, F|\n|poke|p1|Corviknight, F|\n|poke|p1|Clodsire, F|\n|poke|p2|Arcanine-Hisui, M|\n|poke|p2|Ninetales-Alola, M|\n|poke|p2|Dragonite, M|\n|poke|p2|Ogerpon-Wellspring, F|\n|poke|p2|Walking Wake|\n|poke|p2|Kommo-o, M|\n|teampreview\n|\n|t:|1700094464\n|start\n|switch|p1a: Torkoal|Torkoal, M|100\/100\n|switch|p2a: Arcanine|Arcanine-Hisui, M|100\/100\n|-weather|SunnyDay|[from] ability: Drought|[of] p1a: Torkoal\n|turn|1\n|inactive|Battle timer is ON: inactive players will automatically lose when time's up. (requested by gengarsslowcousin)\n|\n|t:|1700094481\n|switch|p1a: Corviknight|Corviknight, F|100\/100\n|-ability|p1a: Corviknight|Pressure\n|move|p2a: Arcanine|Agility|p2a: Arcanine\n|-boost|p2a: Arcanine|spe|2\n|\n|-weather|SunnyDay|[upkeep]\n|upkeep\n|turn|2\n|j| Professor Aaron\n|\n|t:|1700094500\n|switch|p1a: Clodsire|Clodsire, F|100\/100\n|move|p2a: Arcanine|Flare Blitz|p1a: Clodsire\n|-damage|p1a: Clodsire|0 fnt\n|faint|p1a: Clodsire\n|\n|-weather|SunnyDay|[upkeep]\n|upkeep\n|\n|t:|1700094506\n|switch|p1a: Walking Wake|Walking Wake|100\/100\n|-activate|p1a: Walking Wake|ability: Protosynthesis\n|-start|p1a: Walking Wake|protosynthesisspa\n|turn|3\n|\n|t:|1700094511\n|-terastallize|p2a: Arcanine|Rock\n|move|p2a: Arcanine|Head Smash|p1a: Walking Wake\n|-damage|p1a: Walking Wake|0 fnt\n|faint|p1a: Walking Wake\n|-end|p1a: Walking Wake|Protosynthesis|[silent]\n|\n|-weather|SunnyDay|[upkeep]\n|upkeep\n|\n|t:|1700094529\n|switch|p1a: Dragapult|Dragapult, F|100\/100\n|turn|4\n|\n|t:|1700094535\n|move|p2a: Arcanine|Head Smash|p1a: Dragapult\n|-damage|p1a: Dragapult|0 fnt\n|faint|p1a: Dragapult\n|\n|-weather|SunnyDay|[upkeep]\n|upkeep\n|\n|t:|1700094549\n|switch|p1a: Kingambit|Kingambit, M|100\/100\n|-activate|p1a: Kingambit|ability: Supreme Overlord\n|-start|p1a: Kingambit|fallen3|[silent]\n|turn|5\n|\n|t:|1700094563\n|-terastallize|p1a: Kingambit|Fairy\n|move|p2a: Arcanine|Flare Blitz|p1a: Kingambit\n|-damage|p1a: Kingambit|25\/100\n|move|p1a: Kingambit|Low Kick|p2a: Arcanine\n|-supereffective|p2a: Arcanine\n|-damage|p2a: Arcanine|0 fnt\n|faint|p2a: Arcanine\n|\n|-weather|SunnyDay|[upkeep]\n|upkeep\n|\n|t:|1700094574\n|switch|p2a: Kommo-o|Kommo-o, M|100\/100\n|turn|6\n|\n|t:|1700094584\n|-end|p1a: Kingambit|fallen3|[silent]\n|switch|p1a: Corviknight|Corviknight, F|100\/100\n|-ability|p1a: Corviknight|Pressure\n|move|p2a: Kommo-o|Clangorous Soul|p2a: Kommo-o\n|-boost|p2a: Kommo-o|atk|1\n|-boost|p2a: Kommo-o|def|1\n|-boost|p2a: Kommo-o|spa|1\n|-boost|p2a: Kommo-o|spd|1\n|-boost|p2a: Kommo-o|spe|1\n|-damage|p2a: Kommo-o|68\/100\n|-enditem|p2a: Kommo-o|Throat Spray\n|-boost|p2a: Kommo-o|spa|1|[from] item: Throat Spray\n|\n|-weather|SunnyDay|[upkeep]\n|upkeep\n|turn|7\n|\n|t:|1700094589\n|move|p2a: Kommo-o|Flamethrower|p1a: Corviknight\n|-supereffective|p1a: Corviknight\n|-damage|p1a: Corviknight|0 fnt\n|faint|p1a: Corviknight\n|\n|-weather|SunnyDay|[upkeep]\n|upkeep\n|\n|t:|1700094593\n|switch|p1a: Torkoal|Torkoal, M|100\/100\n|turn|8\n|\n|t:|1700094596\n|move|p2a: Kommo-o|Clanging Scales|p1a: Torkoal\n|-damage|p1a: Torkoal|0 fnt\n|faint|p1a: Torkoal\n|-unboost|p2a: Kommo-o|def|1\n|\n|-weather|none\n|upkeep\n|\n|t:|1700094599\n|switch|p1a: Kingambit|Kingambit, M, tera:Fairy|25\/100\n|-activate|p1a: Kingambit|ability: Supreme Overlord\n|-start|p1a: Kingambit|fallen5|[silent]\n|turn|9\n|\n|t:|1700094602\n|move|p1a: Kingambit|Sucker Punch|p2a: Kommo-o\n|-resisted|p2a: Kommo-o\n|-damage|p2a: Kommo-o|34\/100\n|move|p2a: Kommo-o|Flamethrower|p1a: Kingambit\n|-damage|p1a: Kingambit|0 fnt\n|faint|p1a: Kingambit\n|-end|p1a: Kingambit|fallen5|[silent]\n|\n|win|gengarsslowcousin\n|raw|DoubleWarp's rating: 1609 &rarr; <strong>1588<\/strong><br \/>(-21 for losing)\n|raw|gengarsslowcousin's rating: 1586 &rarr; <strong>1607<\/strong><br \/>(+21 for winning)\n|l|\u2606DoubleWarp\n","uploadtime":1700094609,"views":9,"p1id":"doublewarp","p2id":"gengarsslowcousin","formatid":"gen9ou","rating":1588,"private":0,"password":""}