{"id":"gen9ou-1995111355","p1":"Vatn","p2":"quarters_ou","format":"[Gen 9] OU","log":"|j|\u2606Vatn\n|j|\u2606quarters_ou\n|inactive|Battle timer is ON: inactive players will automatically lose when time's up.\n|t:|1700523796\n|gametype|singles\n|player|p1|Vatn|gambler|\n|player|p2|quarters_ou|1|\n|teamsize|p1|6\n|teamsize|p2|6\n|gen|9\n|tier|[Gen 9] OU\n|rated|Tournament battle\n|rule|Sleep Clause Mod: Limit one foe put to sleep\n|rule|Species Clause: Limit one of each Pok\u00e9mon\n|rule|OHKO Clause: OHKO moves are banned\n|rule|Evasion Items Clause: Evasion items are banned\n|rule|Evasion Moves Clause: Evasion moves are banned\n|rule|Endless Battle Clause: Forcing endless battles is banned\n|rule|HP Percentage Mod: HP is shown in percentages\n|clearpoke\n|poke|p1|Floatzel, M|\n|poke|p1|Tornadus-Therian, M|\n|poke|p1|Pelipper, F|\n|poke|p1|Toxicroak, F|\n|poke|p1|Clodsire, F|\n|poke|p1|Corviknight, F|\n|poke|p2|Amoonguss, F|\n|poke|p2|Azumarill, F|\n|poke|p2|Gholdengo|\n|poke|p2|Dragapult, F|\n|poke|p2|Zapdos|\n|poke|p2|Great Tusk|\n|teampreview\n|\n|t:|1700523820\n|start\n|switch|p1a: Clodsire|Clodsire, F|100\/100\n|switch|p2a: Dragapult|Dragapult, F|100\/100\n|turn|1\n|\n|t:|1700523826\n|move|p2a: Dragapult|U-turn|p1a: Clodsire\n|-resisted|p1a: Clodsire\n|-damage|p1a: Clodsire|82\/100\n|\n|t:|1700523833\n|switch|p2a: Amoonguss|Amoonguss, F|100\/100|[from] U-turn\n|move|p1a: Clodsire|Toxic|p2a: Amoonguss\n|-immune|p2a: Amoonguss\n|\n|-heal|p1a: Clodsire|88\/100|[from] item: Leftovers\n|upkeep\n|turn|2\n|\n|t:|1700523844\n|switch|p1a: Pelipper|Pelipper, F|100\/100\n|-weather|RainDance|[from] ability: Drizzle|[of] p1a: Pelipper\n|move|p2a: Amoonguss|Spore|p1a: Pelipper\n|-status|p1a: Pelipper|slp|[from] move: Spore\n|\n|-weather|RainDance|[upkeep]\n|upkeep\n|turn|3\n|\n|t:|1700523851\n|switch|p1a: Tornadus|Tornadus-Therian, M|100\/100\n|switch|p2a: Dragapult|Dragapult, F|100\/100\n|\n|-weather|RainDance|[upkeep]\n|upkeep\n|turn|4\n|\n|t:|1700523857\n|-terastallize|p2a: Dragapult|Dragon\n|-terastallize|p1a: Tornadus|Flying\n|move|p2a: Dragapult|Dragon Darts|p1a: Tornadus\n|-damage|p1a: Tornadus|30\/100\n|-anim|p2a: Dragapult|Dragon Darts|p1a: Tornadus\n|-damage|p1a: Tornadus|0 fnt\n|faint|p1a: Tornadus\n|\n|-weather|RainDance|[upkeep]\n|upkeep\n|\n|t:|1700523865\n|switch|p1a: Floatzel|Floatzel, M|100\/100\n|turn|5\n|\n|t:|1700523871\n|move|p1a: Floatzel|Wave Crash|p2a: Dragapult\n|-resisted|p2a: Dragapult\n|-damage|p2a: Dragapult|15\/100\n|-damage|p1a: Floatzel|72\/100|[from] Recoil\n|move|p2a: Dragapult|Dragon Darts|p1a: Floatzel\n|-damage|p1a: Floatzel|0 fnt\n|faint|p1a: Floatzel\n|\n|-weather|RainDance|[upkeep]\n|upkeep\n|-message|Vatn forfeited.\n|\n|win|quarters_ou\n|n|\u2606Vatn|vatn\n|n|\u2606quarters_ou|quartersou\n|l|\u2606Vatn\n","uploadtime":1700523881,"views":15,"p1id":"vatn","p2id":"quartersou","formatid":"gen9ou","rating":0,"private":0,"password":""}