{"id":"gen9ou-1988964769","p1":"kshuaib734","p2":"Bruh Wobuffet","format":"[Gen 9] OU","log":"|j|\u2606kshuaib734\n|j|\u2606Bruh Wobuffet\n|t:|1699795539\n|gametype|singles\n|player|p1|kshuaib734|266|1604\n|player|p2|Bruh Wobuffet|leon|1509\n|teamsize|p1|6\n|teamsize|p2|6\n|gen|9\n|tier|[Gen 9] OU\n|rated|\n|rule|Sleep Clause Mod: Limit one foe put to sleep\n|rule|Species Clause: Limit one of each Pok\u00e9mon\n|rule|OHKO Clause: OHKO moves are banned\n|rule|Evasion Items Clause: Evasion items are banned\n|rule|Evasion Moves Clause: Evasion moves are banned\n|rule|Endless Battle Clause: Forcing endless battles is banned\n|rule|HP Percentage Mod: HP is shown in percentages\n|clearpoke\n|poke|p1|Tyranitar, M|\n|poke|p1|Quaquaval, F|\n|poke|p1|Pelipper, M|\n|poke|p1|Garchomp, M|\n|poke|p1|Overqwil, F|\n|poke|p1|Jolteon, F|\n|poke|p2|Cinderace, M|\n|poke|p2|Great Tusk|\n|poke|p2|Clefable, M|\n|poke|p2|Corviknight, F|\n|poke|p2|Zapdos|\n|poke|p2|Slowking-Galar, F|\n|teampreview\n|inactive|Battle timer is ON: inactive players will automatically lose when time's up. (requested by Bruh Wobuffet)\n|inactive|kshuaib734 also wants the timer to be on.\n|inactive|kshuaib734 has 120 seconds left.\n|\n|t:|1699795575\n|start\n|switch|p1a: Tyrant's Downpour|Pelipper, M|100\/100\n|switch|p2a: I hate ghold|Cinderace, M|100\/100\n|-weather|RainDance|[from] ability: Drizzle|[of] p1a: Tyrant's Downpour\n|turn|1\n|inactive|Bruh Wobuffet has 120 seconds left.\n|\n|t:|1699795607\n|move|p2a: I hate ghold|U-turn|p1a: Tyrant's Downpour\n|-start|p2a: I hate ghold|typechange|Bug|[from] ability: Libero\n|-resisted|p1a: Tyrant's Downpour\n|-damage|p1a: Tyrant's Downpour|88\/100\n|inactive|Bruh Wobuffet has 120 seconds left.\n|\n|t:|1699795629\n|switch|p2a: I hate webs|Zapdos|100\/100|[from] U-turn\n|move|p1a: Tyrant's Downpour|Weather Ball|p2a: I hate webs\n|-damage|p2a: I hate webs|48\/100\n|\n|-weather|RainDance|[upkeep]\n|upkeep\n|turn|2\n|\n|t:|1699795637\n|switch|p1a: Tyrant's Onslaught|Jolteon, F|100\/100\n|move|p2a: I hate webs|Volt Switch|p1a: Tyrant's Onslaught\n|-resisted|p1a: Tyrant's Onslaught\n|-damage|p1a: Tyrant's Onslaught|70\/100\n|-damage|p2a: I hate webs|38\/100|[from] item: Life Orb\n|c|\u2606Bruh Wobuffet|wut\n|c|\u2606kshuaib734|?\n|\n|t:|1699795650\n|switch|p2a: I hate glimmora|Slowking-Galar, F|100\/100|[from] Volt Switch\n|\n|-weather|RainDance|[upkeep]\n|-status|p1a: Tyrant's Onslaught|brn|[from] item: Flame Orb\n|upkeep\n|turn|3\n|\n|t:|1699795656\n|move|p1a: Tyrant's Onslaught|Volt Switch|p2a: I hate glimmora\n|-damage|p2a: I hate glimmora|88\/100\n|\n|t:|1699795661\n|switch|p1a: Tyrant's Endgame|Quaquaval, F|100\/100|[from] Volt Switch\n|move|p2a: I hate glimmora|Future Sight|p1a: Tyrant's Endgame\n|-start|p2a: I hate glimmora|move: Future Sight\n|\n|-weather|RainDance|[upkeep]\n|upkeep\n|turn|4\n|inactive|Bruh Wobuffet has 120 seconds left.\n|\n|t:|1699795668\n|switch|p2a: I hate spikes|Clefable, M|100\/100\n|move|p1a: Tyrant's Endgame|Aqua Step|p2a: I hate spikes\n|-damage|p2a: I hate spikes|41\/100\n|-boost|p1a: Tyrant's Endgame|spe|1\n|-damage|p1a: Tyrant's Endgame|91\/100|[from] item: Life Orb\n|\n|-weather|RainDance|[upkeep]\n|-heal|p2a: I hate spikes|47\/100|[from] item: Leftovers\n|upkeep\n|turn|5\n|\n|t:|1699795678\n|-terastallize|p1a: Tyrant's Endgame|Water\n|move|p2a: I hate spikes|Protect|p2a: I hate spikes\n|-singleturn|p2a: I hate spikes|Protect\n|move|p1a: Tyrant's Endgame|Aqua Step|p2a: I hate spikes\n|-activate|p2a: I hate spikes|move: Protect\n|\n|-weather|RainDance|[upkeep]\n|-end|p1a: Tyrant's Endgame|move: Future Sight\n|-damage|p1a: Tyrant's Endgame|19\/100\n|-heal|p2a: I hate spikes|53\/100|[from] item: Leftovers\n|upkeep\n|turn|6\n|\n|t:|1699795692\n|switch|p2a: I hate Rocks|Corviknight, F|100\/100\n|-ability|p2a: I hate Rocks|Pressure\n|move|p1a: Tyrant's Endgame|Aqua Step|p2a: I hate Rocks\n|-damage|p2a: I hate Rocks|31\/100\n|-boost|p1a: Tyrant's Endgame|spe|1\n|-damage|p1a: Tyrant's Endgame|3\/100|[from] item: Rocky Helmet|[of] p2a: I hate Rocks\n|-damage|p1a: Tyrant's Endgame|0 fnt|[from] item: Life Orb\n|faint|p1a: Tyrant's Endgame\n|\n|-weather|RainDance|[upkeep]\n|upkeep\n|\n|t:|1699795705\n|switch|p1a: Tyrant's Onslaught|Jolteon, F|70\/100 brn\n|turn|7\n|\n|t:|1699795712\n|switch|p2a: I hate glimmora|Slowking-Galar, F|100\/100\n|move|p1a: Tyrant's Onslaught|Weather Ball|p2a: I hate glimmora\n|-damage|p2a: I hate glimmora|80\/100\n|\n|-weather|RainDance|[upkeep]\n|-damage|p1a: Tyrant's Onslaught|64\/100 brn|[from] brn\n|upkeep\n|turn|8\n|\n|t:|1699795719\n|move|p1a: Tyrant's Onslaught|Volt Switch|p2a: I hate glimmora\n|-damage|p2a: I hate glimmora|66\/100\n|\n|t:|1699795723\n|switch|p1a: King Tyrant|Tyranitar, M|100\/100|[from] Volt Switch\n|-weather|Sandstorm|[from] ability: Sand Stream|[of] p1a: King Tyrant\n|move|p2a: I hate glimmora|Sludge Bomb|p1a: King Tyrant\n|-resisted|p1a: King Tyrant\n|-damage|p1a: King Tyrant|89\/100\n|\n|-weather|Sandstorm|[upkeep]\n|-damage|p2a: I hate glimmora|60\/100|[from] Sandstorm\n|upkeep\n|turn|9\n|\n|t:|1699795752\n|switch|p2a: I hate gliscor|Great Tusk|100\/100\n|move|p1a: King Tyrant|Knock Off|p2a: I hate gliscor\n|-resisted|p2a: I hate gliscor\n|-damage|p2a: I hate gliscor|89\/100\n|-damage|p1a: King Tyrant|73\/100|[from] item: Rocky Helmet|[of] p2a: I hate gliscor\n|-enditem|p2a: I hate gliscor|Rocky Helmet|[from] move: Knock Off|[of] p1a: King Tyrant\n|\n|-weather|Sandstorm|[upkeep]\n|upkeep\n|turn|10\n|\n|t:|1699795761\n|move|p2a: I hate gliscor|Substitute|p2a: I hate gliscor\n|-start|p2a: I hate gliscor|Substitute\n|-damage|p2a: I hate gliscor|64\/100\n|move|p1a: King Tyrant|Ice Beam|p2a: I hate gliscor\n|-supereffective|p2a: I hate gliscor\n|-end|p2a: I hate gliscor|Substitute\n|\n|-weather|Sandstorm|[upkeep]\n|upkeep\n|turn|11\n|\n|t:|1699795770\n|-end|p2a: I hate gliscor|Protosynthesis|[silent]\n|switch|p2a: I hate spikes|Clefable, M|53\/100\n|switch|p1a: Tyrant's Downpour|Pelipper, M|88\/100\n|-weather|RainDance|[from] ability: Drizzle|[of] p1a: Tyrant's Downpour\n|\n|-weather|RainDance|[upkeep]\n|-heal|p2a: I hate spikes|59\/100|[from] item: Leftovers\n|upkeep\n|turn|12\n|j| Noob 0_o\n|\n|t:|1699795795\n|move|p2a: I hate spikes|Wish|p2a: I hate spikes\n|move|p1a: Tyrant's Downpour|Weather Ball|p2a: I hate spikes\n|-damage|p2a: I hate spikes|12\/100\n|\n|-weather|RainDance|[upkeep]\n|-heal|p2a: I hate spikes|18\/100|[from] item: Leftovers\n|upkeep\n|turn|13\n|\n|t:|1699795807\n|switch|p1a: Tyrant's Envoy|Overqwil, F|100\/100\n|move|p2a: I hate spikes|Protect||[still]\n|-fail|p2a: I hate spikes\n|\n|-weather|RainDance|[upkeep]\n|-heal|p2a: I hate spikes|68\/100|[from] move: Wish|[wisher] I hate spikes\n|-heal|p2a: I hate spikes|74\/100|[from] item: Leftovers\n|upkeep\n|turn|14\n|\n|t:|1699795816\n|switch|p2a: I hate gliscor|Great Tusk|64\/100\n|move|p1a: Tyrant's Envoy|Self-Destruct|p2a: I hate gliscor\n|-damage|p2a: I hate gliscor|17\/100\n|faint|p1a: Tyrant's Envoy\n|\n|-weather|RainDance|[upkeep]\n|upkeep\n|\n|t:|1699795823\n|switch|p1a: Tyrant's Onslaught|Jolteon, F|64\/100 brn\n|turn|15\n|\n|t:|1699795828\n|-end|p2a: I hate gliscor|Protosynthesis|[silent]\n|switch|p2a: I hate glimmora|Slowking-Galar, F|93\/100\n|move|p1a: Tyrant's Onslaught|Weather Ball|p2a: I hate glimmora\n|-crit|p2a: I hate glimmora\n|-damage|p2a: I hate glimmora|64\/100\n|\n|-weather|RainDance|[upkeep]\n|-damage|p1a: Tyrant's Onslaught|58\/100 brn|[from] brn\n|upkeep\n|turn|16\n|\n|t:|1699795836\n|move|p1a: Tyrant's Onslaught|Thunder|p2a: I hate glimmora\n|-damage|p2a: I hate glimmora|41\/100\n|-status|p2a: I hate glimmora|par\n|move|p2a: I hate glimmora|Surf|p1a: Tyrant's Onslaught\n|-damage|p1a: Tyrant's Onslaught|6\/100 brn\n|\n|-weather|RainDance|[upkeep]\n|-damage|p1a: Tyrant's Onslaught|0 fnt|[from] brn\n|faint|p1a: Tyrant's Onslaught\n|upkeep\n|\n|t:|1699795850\n|switch|p1a: Tyrant's Vanguard|Garchomp, M|100\/100\n|turn|17\n|\n|t:|1699795856\n|switch|p2a: I hate Rocks|Corviknight, F|31\/100\n|-ability|p2a: I hate Rocks|Pressure\n|move|p1a: Tyrant's Vanguard|Stealth Rock|p2a: I hate Rocks\n|-sidestart|p2: Bruh Wobuffet|move: Stealth Rock\n|\n|-weather|RainDance|[upkeep]\n|upkeep\n|turn|18\n|\n|t:|1699795864\n|move|p2a: I hate Rocks|Roost|p2a: I hate Rocks\n|-heal|p2a: I hate Rocks|81\/100\n|-singleturn|p2a: I hate Rocks|move: Roost\n|move|p1a: Tyrant's Vanguard|Dragon Tail|p2a: I hate Rocks\n|-resisted|p2a: I hate Rocks\n|-damage|p2a: I hate Rocks|73\/100\n|-damage|p1a: Tyrant's Vanguard|84\/100|[from] item: Rocky Helmet|[of] p2a: I hate Rocks\n|drag|p2a: I hate gliscor|Great Tusk|17\/100\n|-damage|p2a: I hate gliscor|14\/100|[from] Stealth Rock\n|\n|-weather|none\n|upkeep\n|turn|19\n|\n|t:|1699795875\n|move|p1a: Tyrant's Vanguard|Spikes|p2a: I hate gliscor\n|-sidestart|p2: Bruh Wobuffet|Spikes\n|move|p2a: I hate gliscor|Endeavor|p1a: Tyrant's Vanguard\n|-damage|p1a: Tyrant's Vanguard|13\/100\n|-damage|p2a: I hate gliscor|2\/100|[from] ability: Rough Skin|[of] p1a: Tyrant's Vanguard\n|-damage|p2a: I hate gliscor|0 fnt|[from] item: Rocky Helmet|[of] p1a: Tyrant's Vanguard\n|faint|p2a: I hate gliscor\n|-end|p2a: I hate gliscor|Protosynthesis|[silent]\n|\n|upkeep\n|l| Noob 0_o\n|\n|t:|1699795882\n|switch|p2a: I hate Rocks|Corviknight, F|73\/100\n|-damage|p2a: I hate Rocks|60\/100|[from] Stealth Rock\n|-ability|p2a: I hate Rocks|Pressure\n|turn|20\n|\n|t:|1699795888\n|switch|p1a: King Tyrant|Tyranitar, M|73\/100\n|-weather|Sandstorm|[from] ability: Sand Stream|[of] p1a: King Tyrant\n|move|p2a: I hate Rocks|Defog|p1a: King Tyrant\n|-unboost|p1a: King Tyrant|evasion|1\n|-sideend|p2: Bruh Wobuffet|Spikes|[from] move: Defog|[of] p2a: I hate Rocks\n|-sideend|p2: Bruh Wobuffet|Stealth Rock|[from] move: Defog|[of] p2a: I hate Rocks\n|\n|-weather|Sandstorm|[upkeep]\n|upkeep\n|turn|21\n|\n|t:|1699795896\n|move|p2a: I hate Rocks|U-turn|p1a: King Tyrant\n|-supereffective|p1a: King Tyrant\n|-damage|p1a: King Tyrant|50\/100\n|-enditem|p1a: King Tyrant|Weakness Policy\n|-boost|p1a: King Tyrant|atk|2|[from] item: Weakness Policy\n|-boost|p1a: King Tyrant|spa|2|[from] item: Weakness Policy\n|\n|t:|1699795908\n|switch|p2a: I hate spikes|Clefable, M|74\/100|[from] U-turn\n|move|p1a: King Tyrant|Thunderbolt|p2a: I hate spikes\n|-damage|p2a: I hate spikes|25\/100\n|\n|-weather|Sandstorm|[upkeep]\n|-heal|p2a: I hate spikes|31\/100|[from] item: Leftovers\n|upkeep\n|turn|22\n|\n|t:|1699795915\n|move|p2a: I hate spikes|Moonblast|p1a: King Tyrant\n|-supereffective|p1a: King Tyrant\n|-damage|p1a: King Tyrant|17\/100\n|move|p1a: King Tyrant|Thunderbolt|p2a: I hate spikes\n|-crit|p2a: I hate spikes\n|-damage|p2a: I hate spikes|0 fnt\n|faint|p2a: I hate spikes\n|\n|-weather|Sandstorm|[upkeep]\n|upkeep\n|\n|t:|1699795922\n|switch|p2a: I hate ghold|Cinderace, M|100\/100\n|turn|23\n|\n|t:|1699795927\n|move|p2a: I hate ghold|U-turn|p1a: King Tyrant\n|-start|p2a: I hate ghold|typechange|Bug|[from] ability: Libero\n|-supereffective|p1a: King Tyrant\n|-damage|p1a: King Tyrant|0 fnt\n|faint|p1a: King Tyrant\n|\n|t:|1699795932\n|switch|p2a: I hate webs|Zapdos|38\/100|[from] U-turn\n|\n|-weather|Sandstorm|[upkeep]\n|-damage|p2a: I hate webs|32\/100|[from] Sandstorm\n|upkeep\n|\n|t:|1699795939\n|switch|p1a: Tyrant's Vanguard|Garchomp, M|13\/100\n|turn|24\n|\n|t:|1699795942\n|move|p2a: I hate webs|Hurricane|p1a: Tyrant's Vanguard|[miss]\n|-miss|p2a: I hate webs|p1a: Tyrant's Vanguard\n|move|p1a: Tyrant's Vanguard|Stealth Rock|p2a: I hate webs\n|-sidestart|p2: Bruh Wobuffet|move: Stealth Rock\n|\n|-weather|none\n|upkeep\n|turn|25\n|\n|t:|1699795948\n|move|p2a: I hate webs|Hurricane|p1a: Tyrant's Vanguard|[miss]\n|-miss|p2a: I hate webs|p1a: Tyrant's Vanguard\n|move|p1a: Tyrant's Vanguard|Dragon Tail|p2a: I hate webs|[miss]\n|-miss|p1a: Tyrant's Vanguard|p2a: I hate webs\n|\n|upkeep\n|turn|26\n|\n|t:|1699795954\n|move|p2a: I hate webs|Hurricane|p1a: Tyrant's Vanguard\n|-damage|p1a: Tyrant's Vanguard|0 fnt\n|faint|p1a: Tyrant's Vanguard\n|-damage|p2a: I hate webs|22\/100|[from] item: Life Orb\n|\n|upkeep\n|\n|t:|1699795959\n|switch|p1a: Tyrant's Downpour|Pelipper, M|88\/100\n|-weather|RainDance|[from] ability: Drizzle|[of] p1a: Tyrant's Downpour\n|turn|27\n|\n|t:|1699795964\n|move|p2a: I hate webs|Thunderbolt|p1a: Tyrant's Downpour\n|-supereffective|p1a: Tyrant's Downpour\n|-damage|p1a: Tyrant's Downpour|0 fnt\n|faint|p1a: Tyrant's Downpour\n|-damage|p2a: I hate webs|12\/100|[from] item: Life Orb\n|\n|win|Bruh Wobuffet\n|raw|kshuaib734's rating: 1604 &rarr; <strong>1579<\/strong><br \/>(-25 for losing)\n|raw|Bruh Wobuffet's rating: 1509 &rarr; <strong>1534<\/strong><br \/>(+25 for winning)\n|l|\u2606kshuaib734\n|l|\u2606Bruh Wobuffet\n","uploadtime":1699796279,"views":9,"p1id":"kshuaib734","p2id":"bruhwobuffet","formatid":"gen9ou","rating":1534,"private":0,"password":""}