{"id":"gen9ou-1997012835","p1":"G0 easy I'm new","p2":"Black_Wicked","format":"[Gen 9] OU","log":"|j|\u2606G0 easy I'm new\n|j|\u2606Black_Wicked\n|t:|1700755613\n|gametype|singles\n|player|p1|G0 easy I'm new|waitress-gen4|1083\n|player|p2|Black_Wicked|ghetsis|1153\n|teamsize|p1|6\n|teamsize|p2|6\n|gen|9\n|tier|[Gen 9] OU\n|rated|\n|rule|Sleep Clause Mod: Limit one foe put to sleep\n|rule|Species Clause: Limit one of each Pok\u00e9mon\n|rule|OHKO Clause: OHKO moves are banned\n|rule|Evasion Items Clause: Evasion items are banned\n|rule|Evasion Moves Clause: Evasion moves are banned\n|rule|Endless Battle Clause: Forcing endless battles is banned\n|rule|HP Percentage Mod: HP is shown in percentages\n|clearpoke\n|poke|p1|Iron Moth|\n|poke|p1|Iron Valiant|\n|poke|p1|Kingambit, F|\n|poke|p1|Great Tusk|\n|poke|p1|Samurott-Hisui, F|\n|poke|p1|Enamorus, F|\n|poke|p2|Corviknight, M|\n|poke|p2|Dragapult, F|\n|poke|p2|Landorus-Therian, M|\n|poke|p2|Ogerpon-Cornerstone, F|\n|poke|p2|Manaphy|\n|poke|p2|Pelipper, F|\n|teampreview\n|inactive|Battle timer is ON: inactive players will automatically lose when time's up. (requested by Black_Wicked)\n|\n|t:|1700755632\n|start\n|switch|p1a: Samurott|Samurott-Hisui, F|100\/100\n|switch|p2a: Landorus|Landorus-Therian, M|100\/100\n|-ability|p2a: Landorus|Intimidate|boost\n|-unboost|p1a: Samurott|atk|1\n|turn|1\n|\n|t:|1700755644\n|move|p2a: Landorus|Grass Knot|p1a: Samurott\n|-supereffective|p1a: Samurott\n|-damage|p1a: Samurott|45\/100\n|move|p1a: Samurott|Ceaseless Edge|p2a: Landorus\n|-damage|p2a: Landorus|67\/100\n|-sidestart|p2: Black_Wicked|Spikes\n|\n|upkeep\n|turn|2\n|\n|t:|1700755653\n|move|p1a: Samurott|Sucker Punch|p2a: Landorus\n|-damage|p2a: Landorus|43\/100\n|move|p2a: Landorus|Grass Knot|p1a: Samurott\n|-supereffective|p1a: Samurott\n|-damage|p1a: Samurott|0 fnt\n|faint|p1a: Samurott\n|\n|upkeep\n|\n|t:|1700755661\n|switch|p1a: Iron Moth|Iron Moth|100\/100\n|-enditem|p1a: Iron Moth|Booster Energy\n|-activate|p1a: Iron Moth|ability: Quark Drive|[fromitem]\n|-start|p1a: Iron Moth|quarkdrivespe\n|turn|3\n|\n|t:|1700755666\n|switch|p2a: Pelipper|Pelipper, F|100\/100\n|-weather|RainDance|[from] ability: Drizzle|[of] p2a: Pelipper\n|move|p1a: Iron Moth|Fiery Dance|p2a: Pelipper\n|-resisted|p2a: Pelipper\n|-damage|p2a: Pelipper|86\/100\n|-boost|p1a: Iron Moth|spa|1\n|\n|-weather|RainDance|[upkeep]\n|upkeep\n|turn|4\n|\n|t:|1700755678\n|move|p1a: Iron Moth|Sludge Wave|p2a: Pelipper\n|-damage|p2a: Pelipper|0 fnt\n|faint|p2a: Pelipper\n|\n|-weather|RainDance|[upkeep]\n|upkeep\n|\n|t:|1700755683\n|switch|p2a: Dragapult|Dragapult, F|100\/100\n|-damage|p2a: Dragapult|88\/100|[from] Spikes\n|turn|5\n|\n|t:|1700755687\n|move|p1a: Iron Moth|Sludge Wave|p2a: Dragapult\n|-resisted|p2a: Dragapult\n|-crit|p2a: Dragapult\n|-damage|p2a: Dragapult|21\/100\n|move|p2a: Dragapult|Light Screen|p2a: Dragapult\n|-sidestart|p2: Black_Wicked|move: Light Screen\n|\n|-weather|RainDance|[upkeep]\n|upkeep\n|turn|6\n|\n|t:|1700755694\n|move|p1a: Iron Moth|Sludge Wave|p2a: Dragapult\n|-resisted|p2a: Dragapult\n|-damage|p2a: Dragapult|1\/100\n|-start|p1a: Iron Moth|Disable|Sludge Wave|[from] ability: Cursed Body|[of] p2a: Dragapult\n|move|p2a: Dragapult|Reflect|p2a: Dragapult\n|-sidestart|p2: Black_Wicked|Reflect\n|\n|-weather|RainDance|[upkeep]\n|upkeep\n|turn|7\n|\n|t:|1700755699\n|move|p1a: Iron Moth|Substitute|p1a: Iron Moth\n|-start|p1a: Iron Moth|Substitute\n|-damage|p1a: Iron Moth|76\/100\n|move|p2a: Dragapult|Curse|p1a: Iron Moth\n|-start|p1a: Iron Moth|Curse|[of] p2a: Dragapult\n|-damage|p2a: Dragapult|0 fnt\n|faint|p2a: Dragapult\n|\n|-weather|RainDance|[upkeep]\n|-damage|p1a: Iron Moth|51\/100|[from] Curse\n|upkeep\n|\n|t:|1700755702\n|switch|p2a: Manaphy|Manaphy|100\/100\n|-damage|p2a: Manaphy|88\/100|[from] Spikes\n|turn|8\n|\n|t:|1700755707\n|move|p1a: Iron Moth|Tera Blast|p2a: Manaphy\n|-damage|p2a: Manaphy|71\/100\n|move|p2a: Manaphy|Take Heart|p2a: Manaphy\n|-boost|p2a: Manaphy|spa|1\n|-boost|p2a: Manaphy|spd|1\n|\n|-weather|RainDance|[upkeep]\n|-heal|p2a: Manaphy|77\/100|[from] item: Leftovers\n|-damage|p1a: Iron Moth|26\/100|[from] Curse\n|upkeep\n|turn|9\n|\n|t:|1700755716\n|-end|p1a: Iron Moth|Quark Drive|[silent]\n|switch|p1a: Iron Valiant|Iron Valiant|100\/100\n|-enditem|p1a: Iron Valiant|Booster Energy\n|-activate|p1a: Iron Valiant|ability: Quark Drive|[fromitem]\n|-start|p1a: Iron Valiant|quarkdrivespe\n|move|p2a: Manaphy|Take Heart|p2a: Manaphy\n|-boost|p2a: Manaphy|spa|1\n|-boost|p2a: Manaphy|spd|1\n|\n|-weather|RainDance|[upkeep]\n|-heal|p2a: Manaphy|83\/100|[from] item: Leftovers\n|upkeep\n|turn|10\n|\n|t:|1700755721\n|move|p1a: Iron Valiant|Encore|p2a: Manaphy\n|-start|p2a: Manaphy|Encore\n|move|p2a: Manaphy|Take Heart|p2a: Manaphy\n|-boost|p2a: Manaphy|spa|1\n|-boost|p2a: Manaphy|spd|1\n|\n|-weather|none\n|-heal|p2a: Manaphy|90\/100|[from] item: Leftovers\n|upkeep\n|turn|11\n|\n|t:|1700755725\n|switch|p2a: Landorus|Landorus-Therian, M|43\/100\n|-ability|p2a: Landorus|Intimidate|boost\n|-unboost|p1a: Iron Valiant|atk|1\n|move|p1a: Iron Valiant|Swords Dance|p1a: Iron Valiant\n|-boost|p1a: Iron Valiant|atk|2\n|\n|upkeep\n|turn|12\n|\n|t:|1700755740\n|move|p1a: Iron Valiant|Swords Dance|p1a: Iron Valiant\n|-boost|p1a: Iron Valiant|atk|2\n|move|p2a: Landorus|Earthquake|p1a: Iron Valiant\n|-damage|p1a: Iron Valiant|32\/100\n|\n|-sideend|p2: Black_Wicked|move: Light Screen\n|upkeep\n|turn|13\n|\n|t:|1700755748\n|move|p1a: Iron Valiant|Knock Off|p2a: Landorus\n|-damage|p2a: Landorus|0 fnt\n|-enditem|p2a: Landorus|Choice Scarf|[from] move: Knock Off|[of] p1a: Iron Valiant\n|faint|p2a: Landorus\n|\n|-sideend|p2: Black_Wicked|Reflect\n|upkeep\n|\n|t:|1700755751\n|switch|p2a: Corviknight|Corviknight, M|100\/100\n|-ability|p2a: Corviknight|Pressure\n|turn|14\n|\n|t:|1700755754\n|move|p1a: Iron Valiant|Close Combat|p2a: Corviknight\n|-crit|p2a: Corviknight\n|-damage|p2a: Corviknight|0 fnt\n|-unboost|p1a: Iron Valiant|def|1\n|-unboost|p1a: Iron Valiant|spd|1\n|faint|p2a: Corviknight\n|\n|upkeep\n|\n|t:|1700755758\n|switch|p2a: Ogerpon|Ogerpon-Cornerstone, F|100\/100\n|-damage|p2a: Ogerpon|88\/100|[from] Spikes\n|turn|15\n|\n|t:|1700755764\n|-terastallize|p2a: Ogerpon|Rock\n|detailschange|p2a: Ogerpon|Ogerpon-Cornerstone-Tera, F, tera:Rock\n|-ability|p2a: Ogerpon|Embody Aspect (Cornerstone)|boost\n|-boost|p2a: Ogerpon|def|1\n|move|p1a: Iron Valiant|Close Combat|p2a: Ogerpon\n|-supereffective|p2a: Ogerpon\n|-damage|p2a: Ogerpon|0 fnt\n|-unboost|p1a: Iron Valiant|def|1\n|-unboost|p1a: Iron Valiant|spd|1\n|faint|p2a: Ogerpon\n|\n|upkeep\n|\n|t:|1700755766\n|switch|p2a: Manaphy|Manaphy|90\/100\n|-damage|p2a: Manaphy|77\/100|[from] Spikes\n|turn|16\n|\n|t:|1700755768\n|move|p1a: Iron Valiant|Close Combat|p2a: Manaphy\n|-damage|p2a: Manaphy|0 fnt\n|-unboost|p1a: Iron Valiant|def|1\n|-unboost|p1a: Iron Valiant|spd|1\n|faint|p2a: Manaphy\n|\n|win|G0 easy I'm new\n|raw|G0 easy I&apos;m new's rating: 1083 &rarr; <strong>1116<\/strong><br \/>(+33 for winning)\n|raw|Black_Wicked's rating: 1153 &rarr; <strong>1123<\/strong><br \/>(-30 for losing)\n|c|\u2606G0 easy I'm new|Gg\n|l|\u2606Black_Wicked\n","uploadtime":1700755777,"views":1,"p1id":"g0easyimnew","p2id":"blackwicked","formatid":"gen9ou","rating":1116,"private":0,"password":""}