{"id":"gen9ou-1991973623","p1":"gonning","p2":"Yo Azz Is GOOBED","format":"[Gen 9] OU","log":"|j|\u2606gonning\n|j|\u2606Yo Azz Is GOOBED\n|t:|1700144073\n|gametype|singles\n|player|p1|gonning|169|1541\n|player|p2|Yo Azz Is GOOBED|102|1605\n|teamsize|p1|6\n|teamsize|p2|6\n|gen|9\n|tier|[Gen 9] OU\n|rated|\n|rule|Sleep Clause Mod: Limit one foe put to sleep\n|rule|Species Clause: Limit one of each Pok\u00e9mon\n|rule|OHKO Clause: OHKO moves are banned\n|rule|Evasion Items Clause: Evasion items are banned\n|rule|Evasion Moves Clause: Evasion moves are banned\n|rule|Endless Battle Clause: Forcing endless battles is banned\n|rule|HP Percentage Mod: HP is shown in percentages\n|clearpoke\n|poke|p1|Iron Valiant|\n|poke|p1|Glimmora, M|\n|poke|p1|Iron Moth|\n|poke|p1|Gholdengo|\n|poke|p1|Kingambit, F|\n|poke|p1|Samurott-Hisui, M|\n|poke|p2|Skeledirge, F|\n|poke|p2|Mandibuzz, F|\n|poke|p2|Milotic, F|\n|poke|p2|Gholdengo|\n|poke|p2|Weezing-Galar, M|\n|poke|p2|Goodra-Hisui, F|\n|teampreview\n|inactive|Battle timer is ON: inactive players will automatically lose when time's up. (requested by gonning)\n|\n|t:|1700144084\n|start\n|switch|p1a: Samurott|Samurott-Hisui, M|100\/100\n|switch|p2a: Goodra|Goodra-Hisui, F|100\/100\n|turn|1\n|\n|t:|1700144090\n|switch|p2a: Weezing|Weezing-Galar, M|100\/100\n|-ability|p2a: Weezing|Neutralizing Gas\n|move|p1a: Samurott|Ceaseless Edge|p2a: Weezing\n|-resisted|p2a: Weezing\n|-damage|p2a: Weezing|91\/100\n|-sidestart|p2: Yo Azz Is GOOBED|Spikes\n|\n|-heal|p2a: Weezing|97\/100|[from] item: Leftovers\n|upkeep\n|turn|2\n|\n|t:|1700144099\n|move|p1a: Samurott|Aqua Cutter|p2a: Weezing\n|-crit|p2a: Weezing\n|-damage|p2a: Weezing|67\/100\n|move|p2a: Weezing|Defog|p1a: Samurott\n|-unboost|p1a: Samurott|evasion|1\n|-sideend|p2: Yo Azz Is GOOBED|Spikes|[from] move: Defog|[of] p2a: Weezing\n|\n|-heal|p2a: Weezing|73\/100|[from] item: Leftovers\n|upkeep\n|turn|3\n|\n|t:|1700144103\n|move|p1a: Samurott|Encore|p2a: Weezing\n|-start|p2a: Weezing|Encore\n|move|p2a: Weezing|Defog|p1a: Samurott\n|-unboost|p1a: Samurott|evasion|1\n|\n|-heal|p2a: Weezing|79\/100|[from] item: Leftovers\n|upkeep\n|turn|4\n|\n|t:|1700144113\n|switch|p1a: Gholdengo|Gholdengo|100\/100\n|-item|p1a: Gholdengo|Air Balloon\n|-end|p2a: Weezing|ability: Neutralizing Gas\n|switch|p2a: Goodra|Goodra-Hisui, F|100\/100\n|\n|upkeep\n|turn|5\n|\n|t:|1700144117\n|switch|p1a: Samurott|Samurott-Hisui, M|100\/100\n|move|p2a: Goodra|Knock Off|p1a: Samurott\n|-resisted|p1a: Samurott\n|-damage|p1a: Samurott|86\/100\n|-enditem|p1a: Samurott|Focus Sash|[from] move: Knock Off|[of] p2a: Goodra\n|\n|upkeep\n|turn|6\n|\n|t:|1700144123\n|switch|p2a: Weezing|Weezing-Galar, M|79\/100\n|-ability|p2a: Weezing|Neutralizing Gas\n|move|p1a: Samurott|Ceaseless Edge|p2a: Weezing\n|-resisted|p2a: Weezing\n|-damage|p2a: Weezing|68\/100\n|-sidestart|p2: Yo Azz Is GOOBED|Spikes\n|\n|-heal|p2a: Weezing|74\/100|[from] item: Leftovers\n|upkeep\n|turn|7\n|\n|t:|1700144131\n|move|p1a: Samurott|Aqua Cutter|p2a: Weezing\n|-damage|p2a: Weezing|53\/100\n|move|p2a: Weezing|Will-O-Wisp|p1a: Samurott\n|-status|p1a: Samurott|brn\n|\n|-heal|p2a: Weezing|59\/100|[from] item: Leftovers\n|-damage|p1a: Samurott|80\/100 brn|[from] brn\n|upkeep\n|turn|8\n|\n|t:|1700144139\n|-end|p2a: Weezing|ability: Neutralizing Gas\n|switch|p2a: Mandibuzz|Mandibuzz, F|100\/100\n|move|p1a: Samurott|Encore||[still]\n|-fail|p1a: Samurott\n|\n|-damage|p1a: Samurott|74\/100 brn|[from] brn\n|upkeep\n|turn|9\n|\n|t:|1700144149\n|switch|p1a: Glimmora|Glimmora, M|100\/100\n|move|p2a: Mandibuzz|Toxic|p1a: Glimmora\n|-immune|p1a: Glimmora\n|\n|upkeep\n|turn|10\n|\n|t:|1700144157\n|switch|p2a: Gholdengo|Gholdengo|100\/100\n|-damage|p2a: Gholdengo|88\/100|[from] Spikes\n|move|p1a: Glimmora|Stealth Rock|p2a: Gholdengo\n|-sidestart|p2: Yo Azz Is GOOBED|move: Stealth Rock\n|\n|upkeep\n|turn|11\n|\n|t:|1700144163\n|move|p2a: Gholdengo|Trick|p1a: Glimmora\n|-activate|p2a: Gholdengo|move: Trick|[of] p1a: Glimmora\n|-item|p1a: Glimmora|Choice Scarf|[from] move: Trick\n|-item|p2a: Gholdengo|Red Card|[from] move: Trick\n|move|p1a: Glimmora|Earth Power|p2a: Gholdengo\n|-supereffective|p2a: Gholdengo\n|-damage|p2a: Gholdengo|20\/100\n|-enditem|p2a: Gholdengo|Red Card|[of] p1a: Glimmora\n|drag|p1a: Iron Moth|Iron Moth|100\/100\n|-enditem|p1a: Iron Moth|Booster Energy\n|-activate|p1a: Iron Moth|ability: Quark Drive|[fromitem]\n|-start|p1a: Iron Moth|quarkdrivespe\n|\n|upkeep\n|turn|12\n|\n|t:|1700144173\n|switch|p2a: Milotic|Milotic, F|100\/100\n|move|p1a: Iron Moth|Fiery Dance|p2a: Milotic\n|-resisted|p2a: Milotic\n|-damage|p2a: Milotic|89\/100\n|-boost|p1a: Iron Moth|spa|1\n|\n|upkeep\n|turn|13\n|\n|t:|1700144178\n|move|p1a: Iron Moth|Sludge Wave|p2a: Milotic\n|-damage|p2a: Milotic|49\/100\n|move|p2a: Milotic|Scald|p1a: Iron Moth\n|-supereffective|p1a: Iron Moth\n|-damage|p1a: Iron Moth|38\/100\n|\n|upkeep\n|turn|14\n|\n|t:|1700144184\n|move|p1a: Iron Moth|Sludge Wave|p2a: Milotic\n|-damage|p2a: Milotic|11\/100\n|move|p2a: Milotic|Recover|p2a: Milotic\n|-heal|p2a: Milotic|61\/100\n|\n|upkeep\n|turn|15\n|\n|t:|1700144187\n|move|p1a: Iron Moth|Sludge Wave|p2a: Milotic\n|-damage|p2a: Milotic|19\/100\n|move|p2a: Milotic|Recover|p2a: Milotic\n|-heal|p2a: Milotic|69\/100\n|\n|upkeep\n|turn|16\n|\n|t:|1700144190\n|move|p1a: Iron Moth|Sludge Wave|p2a: Milotic\n|-damage|p2a: Milotic|31\/100\n|move|p2a: Milotic|Recover|p2a: Milotic\n|-heal|p2a: Milotic|81\/100\n|\n|upkeep\n|turn|17\n|\n|t:|1700144193\n|move|p1a: Iron Moth|Sludge Wave|p2a: Milotic\n|-damage|p2a: Milotic|40\/100\n|move|p2a: Milotic|Recover|p2a: Milotic\n|-heal|p2a: Milotic|90\/100\n|\n|upkeep\n|turn|18\n|\n|t:|1700144195\n|move|p1a: Iron Moth|Sludge Wave|p2a: Milotic\n|-damage|p2a: Milotic|52\/100\n|move|p2a: Milotic|Scald|p1a: Iron Moth\n|-supereffective|p1a: Iron Moth\n|-damage|p1a: Iron Moth|0 fnt\n|faint|p1a: Iron Moth\n|-end|p1a: Iron Moth|Quark Drive|[silent]\n|\n|upkeep\n|\n|t:|1700144203\n|switch|p1a: Iron Valiant|Iron Valiant|100\/100\n|-enditem|p1a: Iron Valiant|Booster Energy\n|-activate|p1a: Iron Valiant|ability: Quark Drive|[fromitem]\n|-start|p1a: Iron Valiant|quarkdrivespe\n|turn|19\n|\n|t:|1700144219\n|move|p1a: Iron Valiant|Close Combat|p2a: Milotic\n|-damage|p2a: Milotic|0 fnt\n|-unboost|p1a: Iron Valiant|def|1\n|-unboost|p1a: Iron Valiant|spd|1\n|faint|p2a: Milotic\n|\n|upkeep\n|\n|t:|1700144229\n|switch|p2a: Weezing|Weezing-Galar, M|59\/100\n|-ability|p2a: Weezing|Neutralizing Gas\n|-damage|p2a: Weezing|47\/100|[from] Spikes\n|-damage|p2a: Weezing|35\/100|[from] Stealth Rock\n|turn|20\n|\n|t:|1700144242\n|-end|p1a: Iron Valiant|Quark Drive|[silent]\n|switch|p1a: Gholdengo|Gholdengo|100\/100\n|-item|p1a: Gholdengo|Air Balloon\n|move|p2a: Weezing|Defog|p1a: Gholdengo\n|-unboost|p1a: Gholdengo|evasion|1\n|-sideend|p2: Yo Azz Is GOOBED|Spikes|[from] move: Defog|[of] p2a: Weezing\n|-sideend|p2: Yo Azz Is GOOBED|Stealth Rock|[from] move: Defog|[of] p2a: Weezing\n|\n|-heal|p2a: Weezing|41\/100|[from] item: Leftovers\n|upkeep\n|turn|21\n|\n|t:|1700144247\n|-end|p2a: Weezing|ability: Neutralizing Gas\n|switch|p2a: Goodra|Goodra-Hisui, F|100\/100\n|move|p1a: Gholdengo|Make It Rain|p2a: Goodra\n|-resisted|p2a: Goodra\n|-damage|p2a: Goodra|89\/100\n|-unboost|p1a: Gholdengo|spa|1\n|\n|upkeep\n|turn|22\n|\n|t:|1700144259\n|switch|p1a: Iron Valiant|Iron Valiant|100\/100\n|move|p2a: Goodra|Heavy Slam|p1a: Iron Valiant\n|-supereffective|p1a: Iron Valiant\n|-crit|p1a: Iron Valiant\n|-damage|p1a: Iron Valiant|0 fnt\n|faint|p1a: Iron Valiant\n|-end|p1a: Iron Valiant|Quark Drive|[silent]\n|\n|upkeep\n|c|\u2606gonning|lmfaooo\n|c|\u2606gonning|yeah lucky af\n|c|\u2606gonning|GG\n|-message|gonning forfeited.\n|\n|win|Yo Azz Is GOOBED\n|raw|gonning's rating: 1541 &rarr; <strong>1525<\/strong><br \/>(-16 for losing)\n|raw|Yo Azz Is GOOBED's rating: 1605 &rarr; <strong>1621<\/strong><br \/>(+16 for winning)\n|l|\u2606gonning\n","uploadtime":1700144298,"views":14,"p1id":"gonning","p2id":"yoazzisgoobed","formatid":"gen9ou","rating":1525,"private":0,"password":""}