{"id":"gen9ou-1989822659","p1":"Yveltal009","p2":"king_goiabo","format":"[Gen 9] OU","log":"|j|\u2606Yveltal009\n|j|\u2606king_goiabo\n|t:|1699898675\n|gametype|singles\n|player|p1|Yveltal009|steven|1196\n|player|p2|king_goiabo|artist-gen4|1114\n|teamsize|p1|6\n|teamsize|p2|6\n|gen|9\n|tier|[Gen 9] OU\n|rated|\n|rule|Sleep Clause Mod: Limit one foe put to sleep\n|rule|Species Clause: Limit one of each Pok\u00e9mon\n|rule|OHKO Clause: OHKO moves are banned\n|rule|Evasion Items Clause: Evasion items are banned\n|rule|Evasion Moves Clause: Evasion moves are banned\n|rule|Endless Battle Clause: Forcing endless battles is banned\n|rule|HP Percentage Mod: HP is shown in percentages\n|clearpoke\n|poke|p1|Ambipom, F|\n|poke|p1|Mamoswine, M|\n|poke|p1|Landorus-Therian, M|\n|poke|p1|Toxapex, M|\n|poke|p1|Dragapult, M|\n|poke|p1|Heatran, F|\n|poke|p2|Arcanine-Hisui, M|\n|poke|p2|Quagsire, M|\n|poke|p2|Tsareena, F|\n|poke|p2|Noivern, F|\n|poke|p2|Kingambit, M|\n|poke|p2|Glimmora, F|\n|teampreview\n|\n|t:|1699898684\n|start\n|switch|p1a: Ambipom|Ambipom, F|100\/100\n|switch|p2a: Her plug|Glimmora, F, shiny|100\/100\n|-item|p2a: Her plug|Air Balloon\n|turn|1\n|\n|t:|1699898694\n|move|p1a: Ambipom|Fake Out|p2a: Her plug\n|-resisted|p2a: Her plug\n|-damage|p2a: Her plug|87\/100\n|-activate|p2a: Her plug|ability: Toxic Debris\n|-sidestart|p1: Yveltal009|move: Toxic Spikes\n|-enditem|p2a: Her plug|Air Balloon\n|cant|p2a: Her plug|flinch\n|\n|upkeep\n|turn|2\n|\n|t:|1699898735\n|move|p1a: Ambipom|U-turn|p2a: Her plug\n|-resisted|p2a: Her plug\n|-damage|p2a: Her plug|78\/100\n|-activate|p2a: Her plug|ability: Toxic Debris\n|-sidestart|p1: Yveltal009|move: Toxic Spikes\n|\n|t:|1699898741\n|switch|p1a: Toxapex|Toxapex, M|100\/100|[from] U-turn\n|-sideend|p1: Yveltal009|move: Toxic Spikes|[of] p1a: Toxapex\n|move|p2a: Her plug|Stealth Rock|p1a: Toxapex\n|-sidestart|p1: Yveltal009|move: Stealth Rock\n|\n|upkeep\n|turn|3\n|\n|t:|1699898757\n|switch|p2a: Her boyfriend|Kingambit, M|100\/100\n|move|p1a: Toxapex|Surf|p2a: Her boyfriend\n|-damage|p2a: Her boyfriend|81\/100\n|\n|upkeep\n|turn|4\n|\n|t:|1699898783\n|move|p2a: Her boyfriend|Taunt|p1a: Toxapex\n|-start|p1a: Toxapex|move: Taunt\n|move|p1a: Toxapex|Surf|p2a: Her boyfriend\n|-damage|p2a: Her boyfriend|61\/100\n|\n|upkeep\n|turn|5\n|\n|t:|1699898795\n|move|p2a: Her boyfriend|Zen Headbutt|p1a: Toxapex\n|-supereffective|p1a: Toxapex\n|-damage|p1a: Toxapex|58\/100\n|move|p1a: Toxapex|Surf|p2a: Her boyfriend\n|-damage|p2a: Her boyfriend|42\/100\n|\n|upkeep\n|turn|6\n|\n|t:|1699898801\n|-end|p2a: Her boyfriend|fallenundefined|[silent]\n|switch|p2a: Her brother|Quagsire, M|100\/100\n|switch|p1a: Landorus|Landorus-Therian, M|100\/100\n|-damage|p1a: Landorus|88\/100|[from] Stealth Rock\n|-ability|p1a: Landorus|Intimidate|boost\n|-unboost|p2a: Her brother|atk|1\n|\n|upkeep\n|turn|7\n|\n|t:|1699898818\n|move|p1a: Landorus|Stealth Rock|p2a: Her brother\n|-sidestart|p2: king_goiabo|move: Stealth Rock\n|move|p2a: Her brother|Toxic|p1a: Landorus|[miss]\n|-miss|p2a: Her brother|p1a: Landorus\n|\n|upkeep\n|turn|8\n|\n|t:|1699898824\n|move|p1a: Landorus|Grass Knot|p2a: Her brother\n|-supereffective|p2a: Her brother\n|-damage|p2a: Her brother|29\/100\n|move|p2a: Her brother|Toxic|p1a: Landorus\n|-status|p1a: Landorus|tox\n|\n|-heal|p2a: Her brother|35\/100|[from] item: Leftovers\n|-damage|p1a: Landorus|82\/100 tox|[from] psn\n|upkeep\n|turn|9\n|\n|t:|1699898835\n|switch|p2a: A maniac|Noivern, F|100\/100\n|-damage|p2a: A maniac|76\/100|[from] Stealth Rock\n|move|p1a: Landorus|Grass Knot|p2a: A maniac\n|-resisted|p2a: A maniac\n|-damage|p2a: A maniac|71\/100\n|\n|-damage|p1a: Landorus|70\/100 tox|[from] psn\n|upkeep\n|turn|10\n|\n|t:|1699898852\n|switch|p1a: Heatran|Heatran, F|100\/100\n|-damage|p1a: Heatran|88\/100|[from] Stealth Rock\n|move|p2a: A maniac|Dragon Tail|p1a: Heatran\n|-resisted|p1a: Heatran\n|-damage|p1a: Heatran|83\/100\n|drag|p1a: Ambipom|Ambipom, F|100\/100\n|-damage|p1a: Ambipom|88\/100|[from] Stealth Rock\n|\n|upkeep\n|turn|11\n|\n|t:|1699898864\n|switch|p2a: Her plug|Glimmora, F, shiny|78\/100\n|-damage|p2a: Her plug|66\/100|[from] Stealth Rock\n|move|p1a: Ambipom|Fake Out|p2a: Her plug\n|-resisted|p2a: Her plug\n|-damage|p2a: Her plug|52\/100\n|-activate|p2a: Her plug|ability: Toxic Debris\n|-sidestart|p1: Yveltal009|move: Toxic Spikes\n|\n|upkeep\n|turn|12\n|\n|t:|1699898879\n|switch|p2a: A maniac|Noivern, F|71\/100\n|-damage|p2a: A maniac|47\/100|[from] Stealth Rock\n|move|p1a: Ambipom|U-turn|p2a: A maniac\n|-resisted|p2a: A maniac\n|-damage|p2a: A maniac|35\/100\n|\n|t:|1699898908\n|switch|p1a: Mamoswine|Mamoswine, M|100\/100|[from] U-turn\n|-damage|p1a: Mamoswine|88\/100|[from] Stealth Rock\n|-status|p1a: Mamoswine|psn\n|\n|-damage|p1a: Mamoswine|76\/100 psn|[from] psn\n|upkeep\n|turn|13\n|\n|t:|1699898918\n|move|p1a: Mamoswine|Ice Shard|p2a: A maniac\n|-supereffective|p2a: A maniac\n|-damage|p2a: A maniac|0 fnt\n|faint|p2a: A maniac\n|-damage|p1a: Mamoswine|66\/100 psn|[from] item: Life Orb\n|\n|-damage|p1a: Mamoswine|53\/100 psn|[from] psn\n|upkeep\n|\n|t:|1699898922\n|switch|p2a: Her brother|Quagsire, M|35\/100\n|-damage|p2a: Her brother|29\/100|[from] Stealth Rock\n|turn|14\n|\n|t:|1699898928\n|move|p1a: Mamoswine|Trailblaze|p2a: Her brother\n|-supereffective|p2a: Her brother\n|-damage|p2a: Her brother|0 fnt\n|-boost|p1a: Mamoswine|spe|1\n|faint|p2a: Her brother\n|-damage|p1a: Mamoswine|43\/100 psn|[from] item: Life Orb\n|\n|-damage|p1a: Mamoswine|31\/100 psn|[from] psn\n|upkeep\n|\n|t:|1699898935\n|switch|p2a: Her plug|Glimmora, F, shiny|52\/100\n|-damage|p2a: Her plug|40\/100|[from] Stealth Rock\n|turn|15\n|\n|t:|1699898952\n|move|p1a: Mamoswine|Earthquake|p2a: Her plug\n|-supereffective|p2a: Her plug\n|-damage|p2a: Her plug|0 fnt\n|-activate|p2a: Her plug|ability: Toxic Debris\n|-sidestart|p1: Yveltal009|move: Toxic Spikes\n|faint|p2a: Her plug\n|-damage|p1a: Mamoswine|21\/100 psn|[from] item: Life Orb\n|\n|-damage|p1a: Mamoswine|8\/100 psn|[from] psn\n|upkeep\n|\n|t:|1699898965\n|switch|p2a: Nice girl|Tsareena, F|100\/100\n|-damage|p2a: Nice girl|88\/100|[from] Stealth Rock\n|-item|p2a: Nice girl|Air Balloon\n|turn|16\n|\n|t:|1699898975\n|-terastallize|p2a: Nice girl|Fairy\n|move|p1a: Mamoswine|Icicle Crash|p2a: Nice girl\n|-damage|p2a: Nice girl|27\/100\n|-enditem|p2a: Nice girl|Air Balloon\n|-damage|p1a: Mamoswine|0 fnt|[from] item: Life Orb\n|faint|p1a: Mamoswine\n|move|p2a: Nice girl|Rapid Spin|p1: Mamoswine|[notarget]\n|-fail|p2a: Nice girl\n|\n|upkeep\n|\n|t:|1699899006\n|switch|p1a: Toxapex|Toxapex, M|91\/100\n|-sideend|p1: Yveltal009|move: Toxic Spikes|[of] p1a: Toxapex\n|turn|17\n|\n|t:|1699899021\n|switch|p1a: Landorus|Landorus-Therian, M|70\/100 tox\n|-damage|p1a: Landorus|58\/100 tox|[from] Stealth Rock\n|-ability|p1a: Landorus|Intimidate|boost\n|-unboost|p2a: Nice girl|atk|1\n|move|p2a: Nice girl|Rapid Spin|p1a: Landorus\n|-damage|p1a: Landorus|50\/100 tox\n|-boost|p2a: Nice girl|spe|1\n|-damage|p2a: Nice girl|10\/100|[from] item: Rocky Helmet|[of] p1a: Landorus\n|-sideend|p2: king_goiabo|Stealth Rock|[from] move: Rapid Spin|[of] p2a: Nice girl\n|\n|-damage|p1a: Landorus|44\/100 tox|[from] psn\n|upkeep\n|turn|18\n|\n|t:|1699899038\n|move|p2a: Nice girl|Power Whip|p1a: Landorus\n|-damage|p1a: Landorus|19\/100 tox\n|-damage|p2a: Nice girl|0 fnt|[from] item: Rocky Helmet|[of] p1a: Landorus\n|faint|p2a: Nice girl\n|move|p1a: Landorus|U-turn|p2: Nice girl|[notarget]\n|-fail|p1a: Landorus\n|\n|-damage|p1a: Landorus|7\/100 tox|[from] psn\n|upkeep\n|\n|t:|1699899050\n|switch|p2a: Bad doggy|Arcanine-Hisui, M|100\/100\n|-item|p2a: Bad doggy|Air Balloon\n|turn|19\n|\n|t:|1699899071\n|switch|p1a: Toxapex|Toxapex, M|100\/100\n|move|p2a: Bad doggy|Extreme Speed|p1a: Toxapex\n|-damage|p1a: Toxapex|85\/100\n|\n|upkeep\n|turn|20\n|\n|t:|1699899081\n|move|p2a: Bad doggy|Psychic Fangs|p1a: Toxapex\n|-supereffective|p1a: Toxapex\n|-damage|p1a: Toxapex|50\/100\n|move|p1a: Toxapex|Surf|p2a: Bad doggy\n|-supereffective|p2a: Bad doggy\n|-damage|p2a: Bad doggy|13\/100\n|-enditem|p2a: Bad doggy|Air Balloon\n|\n|upkeep\n|turn|21\n|\n|t:|1699899093\n|switch|p1a: Heatran|Heatran, F|83\/100\n|-damage|p1a: Heatran|70\/100|[from] Stealth Rock\n|move|p2a: Bad doggy|Head Smash|p1a: Heatran\n|-damage|p1a: Heatran|11\/100\n|\n|-heal|p1a: Heatran|17\/100|[from] item: Leftovers\n|upkeep\n|turn|22\n|\n|t:|1699899119\n|move|p2a: Bad doggy|Head Smash|p1a: Heatran\n|-damage|p1a: Heatran|0 fnt\n|faint|p1a: Heatran\n|\n|upkeep\n|\n|t:|1699899135\n|switch|p1a: Ambipom|Ambipom, F|88\/100\n|-damage|p1a: Ambipom|76\/100|[from] Stealth Rock\n|turn|23\n|\n|t:|1699899142\n|move|p1a: Ambipom|Fake Out|p2a: Bad doggy\n|-resisted|p2a: Bad doggy\n|-damage|p2a: Bad doggy|0 fnt\n|faint|p2a: Bad doggy\n|\n|upkeep\n|\n|t:|1699899146\n|switch|p2a: Her boyfriend|Kingambit, M|42\/100\n|-activate|p2a: Her boyfriend|ability: Supreme Overlord\n|-start|p2a: Her boyfriend|fallen5|[silent]\n|turn|24\n|\n|t:|1699899159\n|switch|p1a: Landorus|Landorus-Therian, M|7\/100 tox\n|-damage|p1a: Landorus|0 fnt|[from] Stealth Rock\n|faint|p1a: Landorus\n|move|p2a: Her boyfriend|Sucker Punch|p1: Landorus|[notarget]\n|-fail|p2a: Her boyfriend\n|\n|upkeep\n|\n|t:|1699899173\n|switch|p1a: Toxapex|Toxapex, M|83\/100\n|turn|25\n|\n|t:|1699899189\n|move|p2a: Her boyfriend|Zen Headbutt|p1a: Toxapex\n|-supereffective|p1a: Toxapex\n|-damage|p1a: Toxapex|26\/100\n|cant|p1a: Toxapex|flinch\n|\n|upkeep\n|turn|26\n|\n|t:|1699899231\n|switch|p1a: Ambipom|Ambipom, F|76\/100\n|-damage|p1a: Ambipom|63\/100|[from] Stealth Rock\n|move|p2a: Her boyfriend|Zen Headbutt|p1a: Ambipom\n|-damage|p1a: Ambipom|0 fnt\n|faint|p1a: Ambipom\n|\n|upkeep\n|\n|t:|1699899242\n|switch|p1a: Toxapex|Toxapex, M|59\/100\n|turn|27\n|\n|t:|1699899255\n|switch|p1a: Dragapult|Dragapult, M|100\/100\n|-damage|p1a: Dragapult|88\/100|[from] Stealth Rock\n|move|p2a: Her boyfriend|Zen Headbutt|p1a: Dragapult|[miss]\n|-miss|p2a: Her boyfriend|p1a: Dragapult\n|\n|upkeep\n|turn|28\n|\n|t:|1699899265\n|switch|p1a: Toxapex|Toxapex, M|93\/100\n|move|p2a: Her boyfriend|Sucker Punch||[still]\n|-fail|p2a: Her boyfriend\n|\n|upkeep\n|turn|29\n|\n|t:|1699899277\n|-terastallize|p1a: Toxapex|Steel\n|move|p2a: Her boyfriend|Kowtow Cleave|p1a: Toxapex\n|-damage|p1a: Toxapex|37\/100\n|move|p1a: Toxapex|Surf|p2a: Her boyfriend\n|-damage|p2a: Her boyfriend|21\/100\n|\n|upkeep\n|turn|30\n|\n|t:|1699899286\n|switch|p1a: Dragapult|Dragapult, M|88\/100\n|-damage|p1a: Dragapult|76\/100|[from] Stealth Rock\n|move|p2a: Her boyfriend|Kowtow Cleave|p1a: Dragapult\n|-supereffective|p1a: Dragapult\n|-damage|p1a: Dragapult|0 fnt\n|faint|p1a: Dragapult\n|\n|upkeep\n|\n|t:|1699899293\n|switch|p1a: Toxapex|Toxapex, M, tera:Steel|71\/100\n|turn|31\n|\n|t:|1699899301\n|move|p2a: Her boyfriend|Zen Headbutt|p1a: Toxapex\n|-resisted|p1a: Toxapex\n|-damage|p1a: Toxapex|56\/100\n|move|p1a: Toxapex|Surf|p2a: Her boyfriend\n|-damage|p2a: Her boyfriend|2\/100\n|\n|upkeep\n|turn|32\n|\n|t:|1699899307\n|move|p2a: Her boyfriend|Sucker Punch|p1a: Toxapex\n|-damage|p1a: Toxapex|11\/100\n|move|p1a: Toxapex|Surf|p2a: Her boyfriend\n|-damage|p2a: Her boyfriend|0 fnt\n|faint|p2a: Her boyfriend\n|-end|p2a: Her boyfriend|fallen5|[silent]\n|\n|win|Yveltal009\n|raw|Yveltal009's rating: 1196 &rarr; <strong>1215<\/strong><br \/>(+19 for winning)\n|raw|king_goiabo's rating: 1114 &rarr; <strong>1095<\/strong><br \/>(-19 for losing)\n|l|\u2606king_goiabo\n","uploadtime":1699899707,"views":9,"p1id":"yveltal009","p2id":"kinggoiabo","formatid":"gen9ou","rating":1095,"private":0,"password":""}