{"id":"gen9ou-1997316020","p1":"Tututious","p2":"RoxieHomika22","format":"[Gen 9] OU","log":"|j|\u2606Tututious\n|j|\u2606RoxieHomika22\n|t:|1700788476\n|gametype|singles\n|player|p1|Tututious|170|1020\n|player|p2|RoxieHomika22|265|1000\n|teamsize|p1|6\n|teamsize|p2|6\n|gen|9\n|tier|[Gen 9] OU\n|rated|\n|rule|Sleep Clause Mod: Limit one foe put to sleep\n|rule|Species Clause: Limit one of each Pok\u00e9mon\n|rule|OHKO Clause: OHKO moves are banned\n|rule|Evasion Items Clause: Evasion items are banned\n|rule|Evasion Moves Clause: Evasion moves are banned\n|rule|Endless Battle Clause: Forcing endless battles is banned\n|rule|HP Percentage Mod: HP is shown in percentages\n|clearpoke\n|poke|p1|Mimikyu, M|\n|poke|p1|Great Tusk|\n|poke|p1|Amoonguss, F|\n|poke|p1|Rillaboom, M|\n|poke|p1|Gholdengo|\n|poke|p1|Zapdos-Galar|\n|poke|p2|Golem-Alola, M|\n|poke|p2|Vivillon-Pokeball, M|\n|poke|p2|Toxapex, M|\n|poke|p2|Ogerpon-Wellspring, F|\n|poke|p2|Kommo-o, M|\n|poke|p2|Landorus-Therian, M|\n|teampreview\n|\n|t:|1700788491\n|start\n|switch|p1a: Mimikyu|Mimikyu, M|100\/100\n|switch|p2a: Landorus|Landorus-Therian, M|100\/100\n|-ability|p2a: Landorus|Intimidate|boost\n|-unboost|p1a: Mimikyu|atk|1\n|turn|1\n|inactive|Battle timer is ON: inactive players will automatically lose when time's up. (requested by Tututious)\n|\n|t:|1700788503\n|move|p1a: Mimikyu|Swords Dance|p1a: Mimikyu\n|-boost|p1a: Mimikyu|atk|2\n|move|p2a: Landorus|Stealth Rock|p1a: Mimikyu\n|-sidestart|p1: Tututious|move: Stealth Rock\n|\n|upkeep\n|turn|2\n|\n|t:|1700788511\n|move|p1a: Mimikyu|Swords Dance|p1a: Mimikyu\n|-boost|p1a: Mimikyu|atk|2\n|move|p2a: Landorus|Taunt|p1a: Mimikyu\n|-start|p1a: Mimikyu|move: Taunt\n|\n|upkeep\n|turn|3\n|\n|t:|1700788524\n|move|p1a: Mimikyu|Shadow Claw|p2a: Landorus\n|-damage|p2a: Landorus|0 fnt\n|faint|p2a: Landorus\n|-damage|p1a: Mimikyu|91\/100|[from] item: Life Orb\n|\n|upkeep\n|\n|t:|1700788537\n|switch|p2a: Toxapex|Toxapex, M|100\/100\n|turn|4\n|\n|t:|1700788546\n|move|p1a: Mimikyu|Play Rough|p2a: Toxapex\n|-resisted|p2a: Toxapex\n|-damage|p2a: Toxapex|50\/100\n|-damage|p1a: Mimikyu|81\/100|[from] item: Life Orb\n|move|p2a: Toxapex|Haze|p2a: Toxapex\n|-clearallboost\n|\n|-heal|p2a: Toxapex|57\/100|[from] item: Leftovers\n|upkeep\n|turn|5\n|\n|t:|1700788559\n|move|p1a: Mimikyu|Shadow Claw|p2a: Toxapex\n|-crit|p2a: Toxapex\n|-damage|p2a: Toxapex|13\/100\n|-damage|p1a: Mimikyu|71\/100|[from] item: Life Orb\n|move|p2a: Toxapex|Recover|p2a: Toxapex\n|-heal|p2a: Toxapex|63\/100\n|\n|-heal|p2a: Toxapex|69\/100|[from] item: Leftovers\n|-end|p1a: Mimikyu|move: Taunt\n|upkeep\n|turn|6\n|\n|t:|1700788572\n|move|p2a: Toxapex|Baneful Bunker|p2a: Toxapex\n|-singleturn|p2a: Toxapex|move: Protect\n|move|p1a: Mimikyu|Swords Dance|p1a: Mimikyu\n|-boost|p1a: Mimikyu|atk|2\n|\n|-heal|p2a: Toxapex|76\/100|[from] item: Leftovers\n|upkeep\n|turn|7\n|\n|t:|1700788582\n|move|p1a: Mimikyu|Swords Dance|p1a: Mimikyu\n|-boost|p1a: Mimikyu|atk|2\n|move|p2a: Toxapex|Haze|p2a: Toxapex\n|-clearallboost\n|\n|-heal|p2a: Toxapex|82\/100|[from] item: Leftovers\n|upkeep\n|turn|8\n|\n|t:|1700788592\n|move|p1a: Mimikyu|Shadow Claw|p2a: Toxapex\n|-damage|p2a: Toxapex|52\/100\n|-damage|p1a: Mimikyu|61\/100|[from] item: Life Orb\n|move|p2a: Toxapex|Toxic Spikes|p1a: Mimikyu\n|-sidestart|p1: Tututious|move: Toxic Spikes\n|\n|-heal|p2a: Toxapex|59\/100|[from] item: Leftovers\n|upkeep\n|turn|9\n|\n|t:|1700788606\n|move|p1a: Mimikyu|Play Rough|p2a: Toxapex\n|-resisted|p2a: Toxapex\n|-damage|p2a: Toxapex|39\/100\n|-damage|p1a: Mimikyu|51\/100|[from] item: Life Orb\n|move|p2a: Toxapex|Toxic Spikes|p1a: Mimikyu\n|-sidestart|p1: Tututious|move: Toxic Spikes\n|\n|-heal|p2a: Toxapex|45\/100|[from] item: Leftovers\n|upkeep\n|turn|10\n|\n|t:|1700788616\n|move|p1a: Mimikyu|Shadow Claw|p2a: Toxapex\n|-damage|p2a: Toxapex|15\/100\n|-damage|p1a: Mimikyu|41\/100|[from] item: Life Orb\n|move|p2a: Toxapex|Recover|p2a: Toxapex\n|-heal|p2a: Toxapex|65\/100\n|\n|-heal|p2a: Toxapex|71\/100|[from] item: Leftovers\n|upkeep\n|turn|11\n|\n|t:|1700788629\n|switch|p1a: Great Tusk|Great Tusk|100\/100\n|-damage|p1a: Great Tusk|98\/100|[from] Stealth Rock\n|-status|p1a: Great Tusk|tox\n|move|p2a: Toxapex|Baneful Bunker||[still]\n|-fail|p2a: Toxapex\n|\n|-heal|p2a: Toxapex|77\/100|[from] item: Leftovers\n|-damage|p1a: Great Tusk|91\/100 tox|[from] psn\n|upkeep\n|turn|12\n|\n|t:|1700788642\n|move|p1a: Great Tusk|Close Combat|p2a: Toxapex\n|-resisted|p2a: Toxapex\n|-damage|p2a: Toxapex|35\/100\n|-unboost|p1a: Great Tusk|def|1\n|-unboost|p1a: Great Tusk|spd|1\n|move|p2a: Toxapex|Recover|p2a: Toxapex\n|-heal|p2a: Toxapex|86\/100\n|\n|-heal|p2a: Toxapex|92\/100|[from] item: Leftovers\n|-damage|p1a: Great Tusk|79\/100 tox|[from] psn\n|upkeep\n|turn|13\n|inactive|RoxieHomika22 has 120 seconds left.\n|\n|t:|1700788673\n|-end|p1a: Great Tusk|Protosynthesis|[silent]\n|switch|p1a: Zapdos|Zapdos-Galar|100\/100\n|-damage|p1a: Zapdos|88\/100|[from] Stealth Rock\n|switch|p2a: Ogerpon|Ogerpon-Wellspring, F|100\/100\n|\n|upkeep\n|turn|14\n|inactive|RoxieHomika22 has 120 seconds left.\n|\n|t:|1700788697\n|switch|p2a: Toxapex|Toxapex, M|100\/100\n|move|p1a: Zapdos|Knock Off|p2a: Toxapex\n|-damage|p2a: Toxapex|63\/100\n|-enditem|p2a: Toxapex|Leftovers|[from] move: Knock Off|[of] p1a: Zapdos\n|-damage|p1a: Zapdos|78\/100|[from] item: Life Orb\n|\n|upkeep\n|turn|15\n|\n|t:|1700788707\n|move|p2a: Toxapex|Baneful Bunker|p2a: Toxapex\n|-singleturn|p2a: Toxapex|move: Protect\n|move|p1a: Zapdos|Brave Bird|p2a: Toxapex\n|-activate|p2a: Toxapex|move: Protect\n|-status|p1a: Zapdos|psn\n|\n|-damage|p1a: Zapdos|66\/100 psn|[from] psn\n|upkeep\n|turn|16\n|inactive|RoxieHomika22 has 120 seconds left.\n|\n|t:|1700788718\n|move|p1a: Zapdos|Bulk Up|p1a: Zapdos\n|-boost|p1a: Zapdos|atk|1\n|-boost|p1a: Zapdos|def|1\n|move|p2a: Toxapex|Recover|p2a: Toxapex\n|-heal|p2a: Toxapex|100\/100\n|\n|-damage|p1a: Zapdos|53\/100 psn|[from] psn\n|upkeep\n|turn|17\n|\n|t:|1700788728\n|move|p1a: Zapdos|Brave Bird|p2a: Toxapex\n|-damage|p2a: Toxapex|5\/100\n|-damage|p1a: Zapdos|29\/100 psn|[from] Recoil\n|-damage|p1a: Zapdos|20\/100 psn|[from] item: Life Orb\n|move|p2a: Toxapex|Haze|p2a: Toxapex\n|-clearallboost\n|\n|-damage|p1a: Zapdos|7\/100 psn|[from] psn\n|upkeep\n|turn|18\n|\n|t:|1700788741\n|move|p1a: Zapdos|Knock Off|p2a: Toxapex\n|-damage|p2a: Toxapex|0 fnt\n|faint|p2a: Toxapex\n|-damage|p1a: Zapdos|0 fnt|[from] item: Life Orb\n|faint|p1a: Zapdos\n|\n|upkeep\n|\n|t:|1700788749\n|switch|p1a: Great Tusk|Great Tusk|79\/100 tox\n|switch|p2a: Golem|Golem-Alola, M|100\/100\n|-damage|p1a: Great Tusk|76\/100 tox|[from] Stealth Rock\n|-item|p2a: Golem|Air Balloon\n|turn|19\n|\n|t:|1700788763\n|switch|p2a: Ogerpon|Ogerpon-Wellspring, F|100\/100\n|move|p1a: Great Tusk|Rapid Spin|p2a: Ogerpon\n|-damage|p2a: Ogerpon|68\/100\n|-boost|p1a: Great Tusk|spe|1\n|-sideend|p1: Tututious|Toxic Spikes|[from] move: Rapid Spin|[of] p1a: Great Tusk\n|-sideend|p1: Tututious|Stealth Rock|[from] move: Rapid Spin|[of] p1a: Great Tusk\n|\n|-damage|p1a: Great Tusk|70\/100 tox|[from] psn\n|upkeep\n|turn|20\n|\n|t:|1700788778\n|-end|p1a: Great Tusk|Protosynthesis|[silent]\n|switch|p1a: Gholdengo|Gholdengo|100\/100\n|-terastallize|p2a: Ogerpon|Water\n|detailschange|p2a: Ogerpon|Ogerpon-Wellspring-Tera, F, tera:Water\n|-ability|p2a: Ogerpon|Embody Aspect (Wellspring)|boost\n|-boost|p2a: Ogerpon|spd|1\n|move|p2a: Ogerpon|Swords Dance|p2a: Ogerpon\n|-boost|p2a: Ogerpon|atk|2\n|\n|upkeep\n|turn|21\n|\n|t:|1700788795\n|move|p1a: Gholdengo|Nasty Plot|p1a: Gholdengo\n|-boost|p1a: Gholdengo|spa|2\n|move|p2a: Ogerpon|Knock Off|p1a: Gholdengo\n|-supereffective|p1a: Gholdengo\n|-damage|p1a: Gholdengo|0 fnt\n|-enditem|p1a: Gholdengo|Choice Scarf|[from] move: Knock Off|[of] p2a: Ogerpon\n|faint|p1a: Gholdengo\n|\n|upkeep\n|\n|t:|1700788804\n|switch|p1a: Rillaboom|Rillaboom, M|100\/100\n|-fieldstart|move: Grassy Terrain|[from] ability: Grassy Surge|[of] p1a: Rillaboom\n|turn|22\n|\n|t:|1700788816\n|switch|p2a: Vivillon|Vivillon-Pokeball, M|100\/100\n|move|p1a: Rillaboom|Leech Seed|p2a: Vivillon\n|-start|p2a: Vivillon|move: Leech Seed\n|\n|-damage|p2a: Vivillon|88\/100|[from] Leech Seed|[of] p1a: Rillaboom\n|upkeep\n|turn|23\n|\n|t:|1700788827\n|move|p1a: Rillaboom|Grassy Glide|p2a: Vivillon\n|-resisted|p2a: Vivillon\n|-damage|p2a: Vivillon|68\/100\n|move|p2a: Vivillon|Quiver Dance|p2a: Vivillon\n|-boost|p2a: Vivillon|spa|1\n|-boost|p2a: Vivillon|spd|1\n|-boost|p2a: Vivillon|spe|1\n|\n|-damage|p2a: Vivillon|56\/100|[from] Leech Seed|[of] p1a: Rillaboom\n|upkeep\n|turn|24\n|\n|t:|1700788843\n|switch|p1a: Amoonguss|Amoonguss, F|100\/100\n|move|p2a: Vivillon|Hurricane|p1a: Amoonguss\n|-supereffective|p1a: Amoonguss\n|-damage|p1a: Amoonguss|0 fnt\n|faint|p1a: Amoonguss\n|\n|upkeep\n|\n|t:|1700788851\n|switch|p1a: Great Tusk|Great Tusk|70\/100 tox\n|turn|25\n|\n|t:|1700788859\n|move|p2a: Vivillon|Hurricane|p1a: Great Tusk\n|-supereffective|p1a: Great Tusk\n|-damage|p1a: Great Tusk|0 fnt\n|faint|p1a: Great Tusk\n|-end|p1a: Great Tusk|Protosynthesis|[silent]\n|\n|upkeep\n|\n|t:|1700788865\n|switch|p1a: Mimikyu|Mimikyu, M|41\/100\n|turn|26\n|\n|t:|1700788870\n|move|p2a: Vivillon|Bug Buzz|p1a: Mimikyu\n|-activate|p1a: Mimikyu|ability: Disguise\n|-damage|p1a: Mimikyu|41\/100\n|detailschange|p1a: Mimikyu|Mimikyu-Busted, M\n|-damage|p1a: Mimikyu|28\/100|[from] pokemon: Mimikyu-Busted\n|move|p1a: Mimikyu|Swords Dance|p1a: Mimikyu\n|-boost|p1a: Mimikyu|atk|2\n|\n|-heal|p1a: Mimikyu|34\/100|[from] Grassy Terrain\n|-damage|p2a: Vivillon|44\/100|[from] Leech Seed|[of] p1a: Mimikyu\n|-heal|p1a: Mimikyu|49\/100|[silent]\n|-fieldend|move: Grassy Terrain\n|upkeep\n|turn|27\n|\n|t:|1700788888\n|move|p1a: Mimikyu|Shadow Sneak|p2a: Vivillon\n|-damage|p2a: Vivillon|0 fnt\n|faint|p2a: Vivillon\n|-damage|p1a: Mimikyu|39\/100|[from] item: Life Orb\n|\n|upkeep\n|\n|t:|1700788901\n|switch|p2a: Ogerpon|Ogerpon-Wellspring-Tera, F, tera:Water|68\/100\n|-ability|p2a: Ogerpon|Embody Aspect (Wellspring)|boost\n|-boost|p2a: Ogerpon|spd|1\n|turn|28\n|\n|t:|1700788922\n|move|p2a: Ogerpon|Trailblaze|p1a: Mimikyu\n|-damage|p1a: Mimikyu|0 fnt\n|-boost|p2a: Ogerpon|spe|1\n|faint|p1a: Mimikyu\n|\n|upkeep\n|\n|t:|1700788930\n|switch|p1a: Rillaboom|Rillaboom, M|100\/100\n|-fieldstart|move: Grassy Terrain|[from] ability: Grassy Surge|[of] p1a: Rillaboom\n|turn|29\n|\n|t:|1700788941\n|move|p1a: Rillaboom|Grassy Glide|p2a: Ogerpon\n|-supereffective|p2a: Ogerpon\n|-damage|p2a: Ogerpon|0 fnt\n|faint|p2a: Ogerpon\n|\n|upkeep\n|\n|t:|1700788949\n|switch|p2a: Kommo-o|Kommo-o, M|100\/100\n|turn|30\n|\n|t:|1700788962\n|move|p1a: Rillaboom|Grassy Glide|p2a: Kommo-o\n|-resisted|p2a: Kommo-o\n|-damage|p2a: Kommo-o|81\/100\n|move|p2a: Kommo-o|Clangorous Soul|p2a: Kommo-o\n|-boost|p2a: Kommo-o|atk|1\n|-boost|p2a: Kommo-o|def|1\n|-boost|p2a: Kommo-o|spa|1\n|-boost|p2a: Kommo-o|spd|1\n|-boost|p2a: Kommo-o|spe|1\n|-damage|p2a: Kommo-o|48\/100\n|\n|-heal|p2a: Kommo-o|54\/100|[from] Grassy Terrain\n|upkeep\n|turn|31\n|\n|t:|1700788977\n|move|p2a: Kommo-o|Flamethrower|p1a: Rillaboom\n|-supereffective|p1a: Rillaboom\n|-damage|p1a: Rillaboom|0 fnt\n|faint|p1a: Rillaboom\n|\n|win|RoxieHomika22\n|raw|Tututious's rating: 1020 &rarr; <strong>1006<\/strong><br \/>(-14 for losing)\n|raw|RoxieHomika22's rating: 1000 &rarr; <strong>1042<\/strong><br \/>(+42 for winning)\n|l|\u2606Tututious\n|n|\u2606RoxieHomika22|roxiehomika22\n|c|\u2606RoxieHomika22|gg\n","uploadtime":1700789011,"views":4,"p1id":"tututious","p2id":"roxiehomika22","formatid":"gen9ou","rating":1006,"private":0,"password":""}