{"id":"gen9ou-1993467536","p1":"illneverchooseyou","p2":"themusiqking","format":"[Gen 9] OU","log":"|j|\u2606illneverchooseyou\n|j|\u2606themusiqking\n|t:|1700321491\n|gametype|singles\n|player|p1|illneverchooseyou|psychic-gen4|1500\n|player|p2|themusiqking|2|1354\n|teamsize|p1|6\n|teamsize|p2|6\n|gen|9\n|tier|[Gen 9] OU\n|rated|\n|rule|Sleep Clause Mod: Limit one foe put to sleep\n|rule|Species Clause: Limit one of each Pok\u00e9mon\n|rule|OHKO Clause: OHKO moves are banned\n|rule|Evasion Items Clause: Evasion items are banned\n|rule|Evasion Moves Clause: Evasion moves are banned\n|rule|Endless Battle Clause: Forcing endless battles is banned\n|rule|HP Percentage Mod: HP is shown in percentages\n|clearpoke\n|poke|p1|Great Tusk|\n|poke|p1|Ursaluna, M|\n|poke|p1|Slowking-Galar, F|\n|poke|p1|Alomomola, M|\n|poke|p1|Mandibuzz, F|\n|poke|p1|Dragapult, M|\n|poke|p2|Scizor, M|\n|poke|p2|Dondozo, M|\n|poke|p2|Zamazenta-*|\n|poke|p2|Garganacl, M|\n|poke|p2|Cresselia, F|\n|poke|p2|Walking Wake|\n|teampreview\n|\n|t:|1700321518\n|start\n|switch|p1a: Dragapult|Dragapult, M|100\/100\n|switch|p2a: Scizor|Scizor, M|100\/100\n|turn|1\n|\n|t:|1700321526\n|switch|p2a: Garganacl|Garganacl, M|100\/100\n|move|p1a: Dragapult|Will-O-Wisp|p2a: Garganacl\n|-immune|p2a: Garganacl|[from] ability: Purifying Salt\n|\n|upkeep\n|turn|2\n|\n|t:|1700321537\n|move|p1a: Dragapult|Curse|p2a: Garganacl\n|-start|p2a: Garganacl|Curse|[of] p1a: Dragapult\n|-damage|p1a: Dragapult|51\/100\n|move|p2a: Garganacl|Salt Cure|p1a: Dragapult\n|-damage|p1a: Dragapult|31\/100\n|-start|p1a: Dragapult|Salt Cure\n|\n|-heal|p1a: Dragapult|37\/100|[from] item: Leftovers\n|-damage|p2a: Garganacl|75\/100|[from] Curse\n|-damage|p1a: Dragapult|24\/100|[from] Salt Cure\n|upkeep\n|turn|3\n|inactive|Battle timer is ON: inactive players will automatically lose when time's up. (requested by themusiqking)\n|\n|t:|1700321541\n|move|p2a: Garganacl|Protect|p2a: Garganacl\n|-singleturn|p2a: Garganacl|Protect\n|move|p1a: Dragapult|U-turn|p2a: Garganacl\n|-activate|p2a: Garganacl|move: Protect\n|\n|-heal|p1a: Dragapult|30\/100|[from] item: Leftovers\n|-heal|p2a: Garganacl|82\/100|[from] item: Leftovers\n|-damage|p2a: Garganacl|57\/100|[from] Curse\n|-damage|p1a: Dragapult|18\/100|[from] Salt Cure\n|upkeep\n|turn|4\n|\n|t:|1700321547\n|move|p1a: Dragapult|U-turn|p2a: Garganacl\n|-damage|p2a: Garganacl|45\/100\n|\n|t:|1700321552\n|switch|p1a: Ursaluna|Ursaluna, M|100\/100|[from] U-turn\n|move|p2a: Garganacl|Salt Cure|p1a: Ursaluna\n|-resisted|p1a: Ursaluna\n|-damage|p1a: Ursaluna|95\/100\n|-start|p1a: Ursaluna|Salt Cure\n|\n|-heal|p2a: Garganacl|51\/100|[from] item: Leftovers\n|-damage|p2a: Garganacl|26\/100|[from] Curse\n|-damage|p1a: Ursaluna|83\/100|[from] Salt Cure\n|-status|p1a: Ursaluna|brn|[from] item: Flame Orb\n|upkeep\n|turn|5\n|\n|t:|1700321560\n|switch|p1a: Slowking|Slowking-Galar, F, shiny|100\/100\n|move|p2a: Garganacl|Protect||[still]\n|-fail|p2a: Garganacl\n|\n|-heal|p2a: Garganacl|33\/100|[from] item: Leftovers\n|-damage|p2a: Garganacl|8\/100|[from] Curse\n|upkeep\n|turn|6\n|\n|t:|1700321577\n|move|p2a: Garganacl|Recover|p2a: Garganacl\n|-heal|p2a: Garganacl|58\/100\n|move|p1a: Slowking|Future Sight|p2a: Garganacl\n|-start|p1a: Slowking|move: Future Sight\n|\n|-heal|p2a: Garganacl|64\/100|[from] item: Leftovers\n|-damage|p2a: Garganacl|39\/100|[from] Curse\n|upkeep\n|turn|7\n|\n|t:|1700321596\n|switch|p2a: Dondozo|Dondozo, M|100\/100\n|move|p1a: Slowking|Chilly Reception|p1a: Slowking\n|-weather|Snow\n|\n|t:|1700321606\n|switch|p1a: Alomomola|Alomomola, M|100\/100|[from] Chilly Reception\n|\n|-weather|Snow|[upkeep]\n|upkeep\n|turn|8\n|inactive|themusiqking has 120 seconds left.\n|\n|t:|1700321633\n|move|p1a: Alomomola|Wish|p1a: Alomomola\n|move|p2a: Dondozo|Body Press|p1a: Alomomola\n|-damage|p1a: Alomomola|89\/100\n|-damage|p2a: Dondozo|84\/100|[from] item: Rocky Helmet|[of] p1a: Alomomola\n|\n|-weather|Snow|[upkeep]\n|-end|p2a: Dondozo|move: Future Sight\n|-damage|p2a: Dondozo|46\/100\n|-heal|p2a: Dondozo|52\/100|[from] item: Leftovers\n|upkeep\n|turn|9\n|inactive|themusiqking has 120 seconds left.\n|\n|t:|1700321645\n|move|p1a: Alomomola|Flip Turn|p2a: Dondozo\n|-resisted|p2a: Dondozo\n|-damage|p2a: Dondozo|48\/100\n|\n|t:|1700321657\n|switch|p1a: Great Tusk|Great Tusk|100\/100|[from] Flip Turn\n|move|p2a: Dondozo|Curse|p2a: Dondozo\n|-unboost|p2a: Dondozo|spe|1\n|-boost|p2a: Dondozo|atk|1\n|-boost|p2a: Dondozo|def|1\n|\n|-weather|Snow|[upkeep]\n|-heal|p2a: Dondozo|54\/100|[from] item: Leftovers\n|upkeep\n|turn|10\n|\n|t:|1700321666\n|-end|p1a: Great Tusk|Protosynthesis|[silent]\n|switch|p1a: Mandibuzz|Mandibuzz, F|100\/100\n|move|p2a: Dondozo|Rest|p2a: Dondozo\n|-status|p2a: Dondozo|slp|[from] move: Rest\n|-heal|p2a: Dondozo|100\/100 slp|[silent]\n|\n|-weather|Snow|[upkeep]\n|upkeep\n|turn|11\n|\n|t:|1700321671\n|move|p1a: Mandibuzz|U-turn|p2a: Dondozo\n|-damage|p2a: Dondozo|97\/100 slp\n|\n|t:|1700321681\n|switch|p1a: Slowking|Slowking-Galar, F, shiny|100\/100|[from] U-turn\n|cant|p2a: Dondozo|slp\n|\n|-weather|none\n|-heal|p2a: Dondozo|100\/100 slp|[from] item: Leftovers\n|upkeep\n|turn|12\n|\n|t:|1700321687\n|cant|p2a: Dondozo|slp\n|move|p1a: Slowking|Future Sight|p2a: Dondozo\n|-start|p1a: Slowking|move: Future Sight\n|\n|upkeep\n|turn|13\n|\n|t:|1700321691\n|-curestatus|p2a: Dondozo|slp|[msg]\n|move|p2a: Dondozo|Curse|p2a: Dondozo\n|-unboost|p2a: Dondozo|spe|1\n|-boost|p2a: Dondozo|atk|1\n|-boost|p2a: Dondozo|def|1\n|move|p1a: Slowking|Chilly Reception|p1a: Slowking\n|-weather|Snow\n|\n|t:|1700321700\n|switch|p1a: Mandibuzz|Mandibuzz, F|100\/100|[from] Chilly Reception\n|\n|-weather|Snow|[upkeep]\n|upkeep\n|turn|14\n|\n|t:|1700321707\n|move|p1a: Mandibuzz|Toxic|p2a: Dondozo\n|-status|p2a: Dondozo|tox\n|move|p2a: Dondozo|Body Press|p1a: Mandibuzz\n|-damage|p1a: Mandibuzz|70\/100\n|\n|-weather|Snow|[upkeep]\n|-end|p2a: Dondozo|move: Future Sight\n|-damage|p2a: Dondozo|63\/100 tox\n|-heal|p2a: Dondozo|69\/100 tox|[from] item: Leftovers\n|-damage|p2a: Dondozo|63\/100 tox|[from] psn\n|upkeep\n|turn|15\n|\n|t:|1700321733\n|move|p1a: Mandibuzz|U-turn|p2a: Dondozo\n|-damage|p2a: Dondozo|60\/100 tox\n|\n|t:|1700321735\n|switch|p1a: Alomomola|Alomomola, M|100\/100|[from] U-turn\n|move|p2a: Dondozo|Rest|p2a: Dondozo\n|-status|p2a: Dondozo|slp|[from] move: Rest\n|-heal|p2a: Dondozo|100\/100 slp|[silent]\n|\n|-weather|Snow|[upkeep]\n|upkeep\n|turn|16\n|\n|t:|1700321743\n|move|p1a: Alomomola|Wish|p1a: Alomomola\n|cant|p2a: Dondozo|slp\n|\n|-weather|Snow|[upkeep]\n|upkeep\n|turn|17\n|\n|t:|1700321755\n|move|p1a: Alomomola|Flip Turn|p2a: Dondozo\n|-resisted|p2a: Dondozo\n|-damage|p2a: Dondozo|99\/100 slp\n|\n|t:|1700321758\n|switch|p1a: Dragapult|Dragapult, M|18\/100|[from] Flip Turn\n|cant|p2a: Dondozo|slp\n|\n|-weather|none\n|-heal|p1a: Dragapult|100\/100|[from] move: Wish|[wisher] Alomomola\n|-heal|p2a: Dondozo|100\/100 slp|[from] item: Leftovers\n|upkeep\n|turn|18\n|\n|t:|1700321765\n|move|p1a: Dragapult|Hex|p2a: Dondozo\n|-damage|p2a: Dondozo|55\/100 slp\n|-curestatus|p2a: Dondozo|slp|[msg]\n|move|p2a: Dondozo|Wave Crash|p1a: Dragapult\n|-resisted|p1a: Dragapult\n|-damage|p1a: Dragapult|46\/100\n|-damage|p2a: Dondozo|43\/100|[from] Recoil\n|\n|-heal|p1a: Dragapult|52\/100|[from] item: Leftovers\n|-heal|p2a: Dondozo|50\/100|[from] item: Leftovers\n|upkeep\n|turn|19\n|\n|t:|1700321779\n|switch|p2a: Garganacl|Garganacl, M|39\/100\n|move|p1a: Dragapult|Will-O-Wisp|p2a: Garganacl|[miss]\n|-miss|p1a: Dragapult|p2a: Garganacl\n|\n|-heal|p1a: Dragapult|58\/100|[from] item: Leftovers\n|-heal|p2a: Garganacl|45\/100|[from] item: Leftovers\n|upkeep\n|turn|20\n|\n|t:|1700321786\n|move|p2a: Garganacl|Protect|p2a: Garganacl\n|-singleturn|p2a: Garganacl|Protect\n|move|p1a: Dragapult|U-turn|p2a: Garganacl\n|-activate|p2a: Garganacl|move: Protect\n|\n|-heal|p1a: Dragapult|64\/100|[from] item: Leftovers\n|-heal|p2a: Garganacl|51\/100|[from] item: Leftovers\n|upkeep\n|turn|21\n|\n|t:|1700321792\n|move|p1a: Dragapult|U-turn|p2a: Garganacl\n|-damage|p2a: Garganacl|41\/100\n|\n|t:|1700321805\n|switch|p1a: Alomomola|Alomomola, M|100\/100|[from] U-turn\n|move|p2a: Garganacl|Salt Cure|p1a: Alomomola\n|-damage|p1a: Alomomola|93\/100\n|-start|p1a: Alomomola|Salt Cure\n|\n|-heal|p2a: Garganacl|48\/100|[from] item: Leftovers\n|-damage|p1a: Alomomola|68\/100|[from] Salt Cure\n|upkeep\n|turn|22\n|\n|t:|1700321817\n|move|p1a: Alomomola|Wish|p1a: Alomomola\n|move|p2a: Garganacl|Recover|p2a: Garganacl\n|-heal|p2a: Garganacl|98\/100\n|\n|-heal|p2a: Garganacl|100\/100|[from] item: Leftovers\n|-damage|p1a: Alomomola|43\/100|[from] Salt Cure\n|upkeep\n|turn|23\n|\n|t:|1700321826\n|switch|p1a: Dragapult|Dragapult, M|64\/100\n|move|p2a: Garganacl|Protect||[still]\n|-fail|p2a: Garganacl\n|\n|-heal|p1a: Dragapult|100\/100|[from] move: Wish|[wisher] Alomomola\n|upkeep\n|turn|24\n|\n|t:|1700321830\n|move|p1a: Dragapult|Curse|p2a: Garganacl\n|-start|p2a: Garganacl|Curse|[of] p1a: Dragapult\n|-damage|p1a: Dragapult|51\/100\n|move|p2a: Garganacl|Salt Cure|p1a: Dragapult\n|-damage|p1a: Dragapult|31\/100\n|-start|p1a: Dragapult|Salt Cure\n|\n|-heal|p1a: Dragapult|37\/100|[from] item: Leftovers\n|-damage|p2a: Garganacl|75\/100|[from] Curse\n|-damage|p1a: Dragapult|24\/100|[from] Salt Cure\n|upkeep\n|turn|25\n|\n|t:|1700321840\n|switch|p1a: Alomomola|Alomomola, M|76\/100\n|switch|p2a: Scizor|Scizor, M|100\/100\n|\n|upkeep\n|turn|26\n|\n|t:|1700321849\n|move|p2a: Scizor|Knock Off|p1a: Alomomola\n|-damage|p1a: Alomomola|58\/100\n|-damage|p2a: Scizor|84\/100|[from] item: Rocky Helmet|[of] p1a: Alomomola\n|-enditem|p1a: Alomomola|Rocky Helmet|[from] move: Knock Off|[of] p2a: Scizor\n|move|p1a: Alomomola|Wish|p1a: Alomomola\n|\n|-heal|p2a: Scizor|90\/100|[from] item: Leftovers\n|upkeep\n|turn|27\n|\n|t:|1700321860\n|move|p2a: Scizor|Pounce|p1a: Alomomola\n|-damage|p1a: Alomomola|36\/100\n|-unboost|p1a: Alomomola|spe|1\n|move|p1a: Alomomola|Flip Turn|p2a: Scizor\n|-damage|p2a: Scizor|75\/100\n|\n|t:|1700321863\n|switch|p1a: Dragapult|Dragapult, M|24\/100|[from] Flip Turn\n|\n|-heal|p1a: Dragapult|100\/100|[from] move: Wish|[wisher] Alomomola\n|-heal|p2a: Scizor|81\/100|[from] item: Leftovers\n|upkeep\n|turn|28\n|\n|t:|1700321873\n|switch|p2a: Garganacl|Garganacl, M|75\/100\n|move|p1a: Dragapult|U-turn|p2a: Garganacl\n|-damage|p2a: Garganacl|64\/100\n|\n|t:|1700321881\n|switch|p1a: Great Tusk|Great Tusk|100\/100|[from] U-turn\n|\n|-heal|p2a: Garganacl|71\/100|[from] item: Leftovers\n|upkeep\n|turn|29\n|\n|t:|1700321905\n|move|p2a: Garganacl|Protect|p2a: Garganacl\n|-singleturn|p2a: Garganacl|Protect\n|move|p1a: Great Tusk|Stealth Rock|p2a: Garganacl\n|-sidestart|p2: themusiqking|move: Stealth Rock\n|\n|-heal|p2a: Garganacl|77\/100|[from] item: Leftovers\n|upkeep\n|turn|30\n|\n|t:|1700321911\n|-terastallize|p2a: Garganacl|Ghost\n|move|p1a: Great Tusk|Headlong Rush|p2a: Garganacl\n|-damage|p2a: Garganacl|36\/100\n|-unboost|p1a: Great Tusk|def|1\n|-unboost|p1a: Great Tusk|spd|1\n|move|p2a: Garganacl|Salt Cure|p1a: Great Tusk\n|-resisted|p1a: Great Tusk\n|-damage|p1a: Great Tusk|97\/100\n|-start|p1a: Great Tusk|Salt Cure\n|\n|-heal|p2a: Garganacl|43\/100|[from] item: Leftovers\n|-damage|p1a: Great Tusk|85\/100|[from] Salt Cure\n|upkeep\n|turn|31\n|\n|t:|1700321920\n|-end|p1a: Great Tusk|Protosynthesis|[silent]\n|switch|p1a: Dragapult|Dragapult, M|100\/100\n|move|p2a: Garganacl|Protect||[still]\n|-fail|p2a: Garganacl\n|\n|-heal|p2a: Garganacl|49\/100|[from] item: Leftovers\n|upkeep\n|turn|32\n|\n|t:|1700321925\n|move|p2a: Garganacl|Protect|p2a: Garganacl\n|-singleturn|p2a: Garganacl|Protect\n|move|p1a: Dragapult|Curse|p2a: Garganacl\n|-start|p2a: Garganacl|Curse|[of] p1a: Dragapult\n|-damage|p1a: Dragapult|51\/100\n|\n|-heal|p1a: Dragapult|57\/100|[from] item: Leftovers\n|-heal|p2a: Garganacl|55\/100|[from] item: Leftovers\n|-damage|p2a: Garganacl|30\/100|[from] Curse\n|upkeep\n|turn|33\n|\n|t:|1700321945\n|switch|p2a: Scizor|Scizor, M|81\/100\n|-damage|p2a: Scizor|69\/100|[from] Stealth Rock\n|move|p1a: Dragapult|Hex|p2a: Scizor\n|-damage|p2a: Scizor|34\/100\n|\n|-heal|p1a: Dragapult|63\/100|[from] item: Leftovers\n|-heal|p2a: Scizor|40\/100|[from] item: Leftovers\n|upkeep\n|turn|34\n|inactive|themusiqking has 120 seconds left.\n|\n|t:|1700321966\n|switch|p1a: Alomomola|Alomomola, M|70\/100\n|move|p2a: Scizor|Bullet Punch|p1a: Alomomola\n|-resisted|p1a: Alomomola\n|-crit|p1a: Alomomola\n|-damage|p1a: Alomomola|57\/100\n|\n|-heal|p2a: Scizor|46\/100|[from] item: Leftovers\n|upkeep\n|turn|35\n|\n|t:|1700321970\n|move|p2a: Scizor|Knock Off|p1a: Alomomola\n|-damage|p1a: Alomomola|44\/100\n|move|p1a: Alomomola|Flip Turn|p2a: Scizor\n|-damage|p2a: Scizor|29\/100\n|\n|t:|1700321984\n|switch|p1a: Great Tusk|Great Tusk|85\/100|[from] Flip Turn\n|\n|-heal|p2a: Scizor|35\/100|[from] item: Leftovers\n|upkeep\n|turn|36\n|\n|t:|1700322005\n|move|p1a: Great Tusk|Headlong Rush|p2a: Scizor\n|-damage|p2a: Scizor|0 fnt\n|-unboost|p1a: Great Tusk|def|1\n|-unboost|p1a: Great Tusk|spd|1\n|faint|p2a: Scizor\n|\n|upkeep\n|\n|t:|1700322008\n|switch|p2a: Walking Wake|Walking Wake|100\/100\n|-damage|p2a: Walking Wake|88\/100|[from] Stealth Rock\n|turn|37\n|\n|t:|1700322012\n|-end|p1a: Great Tusk|Protosynthesis|[silent]\n|switch|p1a: Slowking|Slowking-Galar, F, shiny|100\/100\n|move|p2a: Walking Wake|Hydro Steam|p1a: Slowking\n|-damage|p1a: Slowking|74\/100\n|\n|upkeep\n|turn|38\n|\n|t:|1700322016\n|move|p2a: Walking Wake|Hydro Steam|p1a: Slowking\n|-damage|p1a: Slowking|48\/100\n|move|p1a: Slowking|Future Sight|p2a: Walking Wake\n|-start|p1a: Slowking|move: Future Sight\n|\n|upkeep\n|turn|39\n|\n|t:|1700322022\n|switch|p1a: Alomomola|Alomomola, M|77\/100\n|move|p2a: Walking Wake|Hydro Steam|p1a: Alomomola\n|-resisted|p1a: Alomomola\n|-damage|p1a: Alomomola|51\/100\n|\n|upkeep\n|turn|40\n|\n|t:|1700322027\n|-end|p2a: Walking Wake|Protosynthesis|[silent]\n|switch|p2a: Garganacl|Garganacl, M, tera:Ghost|30\/100\n|-damage|p2a: Garganacl|18\/100|[from] Stealth Rock\n|switch|p1a: Slowking|Slowking-Galar, F, shiny|82\/100\n|\n|-end|p2a: Garganacl|move: Future Sight\n|-damage|p2a: Garganacl|0 fnt\n|faint|p2a: Garganacl\n|upkeep\n|inactive|themusiqking has 120 seconds left.\n|\n|t:|1700322065\n|switch|p2a: Cresselia|Cresselia, F|100\/100\n|-damage|p2a: Cresselia|88\/100|[from] Stealth Rock\n|turn|41\n|\n|t:|1700322070\n|move|p2a: Cresselia|Calm Mind|p2a: Cresselia\n|-boost|p2a: Cresselia|spa|1\n|-boost|p2a: Cresselia|spd|1\n|move|p1a: Slowking|Chilly Reception|p1a: Slowking\n|-weather|Snow\n|\n|t:|1700322074\n|switch|p1a: Mandibuzz|Mandibuzz, F|70\/100|[from] Chilly Reception\n|\n|-weather|Snow|[upkeep]\n|upkeep\n|turn|42\n|\n|t:|1700322080\n|move|p2a: Cresselia|Thunderbolt|p1a: Mandibuzz\n|-supereffective|p1a: Mandibuzz\n|-damage|p1a: Mandibuzz|30\/100\n|move|p1a: Mandibuzz|Toxic|p2a: Cresselia\n|-status|p2a: Cresselia|tox\n|\n|-weather|Snow|[upkeep]\n|-damage|p2a: Cresselia|82\/100 tox|[from] psn\n|upkeep\n|turn|43\n|\n|t:|1700322090\n|switch|p1a: Slowking|Slowking-Galar, F, shiny|100\/100\n|move|p2a: Cresselia|Calm Mind|p2a: Cresselia\n|-boost|p2a: Cresselia|spa|1\n|-boost|p2a: Cresselia|spd|1\n|\n|-weather|Snow|[upkeep]\n|-damage|p2a: Cresselia|70\/100 tox|[from] psn\n|upkeep\n|turn|44\n|\n|t:|1700322098\n|move|p2a: Cresselia|Stored Power|p1a: Slowking\n|-damage|p1a: Slowking|60\/100\n|move|p1a: Slowking|Chilly Reception|p1a: Slowking\n|\n|t:|1700322101\n|switch|p1a: Dragapult|Dragapult, M|63\/100|[from] Chilly Reception\n|\n|-weather|Snow|[upkeep]\n|-heal|p1a: Dragapult|69\/100|[from] item: Leftovers\n|-damage|p2a: Cresselia|52\/100 tox|[from] psn\n|upkeep\n|turn|45\n|\n|t:|1700322128\n|move|p1a: Dragapult|U-turn|p2a: Cresselia\n|-supereffective|p2a: Cresselia\n|-damage|p2a: Cresselia|29\/100 tox\n|\n|t:|1700322131\n|switch|p1a: Slowking|Slowking-Galar, F, shiny|93\/100|[from] U-turn\n|move|p2a: Cresselia|Stored Power|p1a: Slowking\n|-damage|p1a: Slowking|57\/100\n|\n|-weather|none\n|-damage|p2a: Cresselia|5\/100 tox|[from] psn\n|upkeep\n|turn|46\n|\n|t:|1700322143\n|move|p2a: Cresselia|Moonlight|p2a: Cresselia\n|-heal|p2a: Cresselia|55\/100 tox\n|move|p1a: Slowking|Chilly Reception|p1a: Slowking\n|-weather|Snow\n|\n|t:|1700322145\n|switch|p1a: Dragapult|Dragapult, M|69\/100|[from] Chilly Reception\n|\n|-weather|Snow|[upkeep]\n|-heal|p1a: Dragapult|75\/100|[from] item: Leftovers\n|-damage|p2a: Cresselia|24\/100 tox|[from] psn\n|upkeep\n|turn|47\n|\n|t:|1700322155\n|move|p1a: Dragapult|Hex|p2a: Cresselia\n|-supereffective|p2a: Cresselia\n|-damage|p2a: Cresselia|0 fnt\n|faint|p2a: Cresselia\n|\n|-weather|Snow|[upkeep]\n|-heal|p1a: Dragapult|81\/100|[from] item: Leftovers\n|upkeep\n|\n|t:|1700322161\n|switch|p2a: Zamazenta|Zamazenta|100\/100\n|-damage|p2a: Zamazenta|94\/100|[from] Stealth Rock\n|-ability|p2a: Zamazenta|Dauntless Shield|boost\n|-boost|p2a: Zamazenta|def|1\n|turn|48\n|\n|t:|1700322167\n|move|p1a: Dragapult|Will-O-Wisp|p2a: Zamazenta|[miss]\n|-miss|p1a: Dragapult|p2a: Zamazenta\n|move|p2a: Zamazenta|Trailblaze|p1a: Dragapult\n|-resisted|p1a: Dragapult\n|-damage|p1a: Dragapult|72\/100\n|-boost|p2a: Zamazenta|spe|1\n|\n|-weather|Snow|[upkeep]\n|-heal|p2a: Zamazenta|100\/100|[from] item: Leftovers\n|-heal|p1a: Dragapult|78\/100|[from] item: Leftovers\n|upkeep\n|turn|49\n|\n|t:|1700322174\n|move|p2a: Zamazenta|Crunch|p1a: Dragapult\n|-supereffective|p1a: Dragapult\n|-damage|p1a: Dragapult|20\/100\n|move|p1a: Dragapult|Will-O-Wisp|p2a: Zamazenta\n|-status|p2a: Zamazenta|brn\n|\n|-weather|Snow|[upkeep]\n|-heal|p1a: Dragapult|26\/100|[from] item: Leftovers\n|-damage|p2a: Zamazenta|94\/100 brn|[from] brn\n|upkeep\n|turn|50\n|\n|t:|1700322199\n|switch|p1a: Alomomola|Alomomola, M|84\/100\n|move|p2a: Zamazenta|Iron Defense|p2a: Zamazenta\n|-boost|p2a: Zamazenta|def|2\n|\n|-weather|none\n|-heal|p2a: Zamazenta|100\/100 brn|[from] item: Leftovers\n|-damage|p2a: Zamazenta|94\/100 brn|[from] brn\n|upkeep\n|turn|51\n|\n|t:|1700322207\n|move|p2a: Zamazenta|Iron Defense|p2a: Zamazenta\n|-boost|p2a: Zamazenta|def|2\n|move|p1a: Alomomola|Wish|p1a: Alomomola\n|\n|-heal|p2a: Zamazenta|100\/100 brn|[from] item: Leftovers\n|-damage|p2a: Zamazenta|94\/100 brn|[from] brn\n|upkeep\n|turn|52\n|\n|t:|1700322218\n|move|p2a: Zamazenta|Iron Defense|p2a: Zamazenta\n|-boost|p2a: Zamazenta|def|1\n|move|p1a: Alomomola|Flip Turn|p2a: Zamazenta\n|-damage|p2a: Zamazenta|91\/100 brn\n|\n|t:|1700322221\n|switch|p1a: Dragapult|Dragapult, M|26\/100|[from] Flip Turn\n|\n|-heal|p1a: Dragapult|100\/100|[from] move: Wish|[wisher] Alomomola\n|-heal|p2a: Zamazenta|97\/100 brn|[from] item: Leftovers\n|-damage|p2a: Zamazenta|91\/100 brn|[from] brn\n|upkeep\n|turn|53\n|\n|t:|1700322233\n|move|p2a: Zamazenta|Crunch|p1a: Dragapult\n|-supereffective|p1a: Dragapult\n|-damage|p1a: Dragapult|69\/100\n|move|p1a: Dragapult|Hex|p2a: Zamazenta\n|-damage|p2a: Zamazenta|50\/100 brn\n|\n|-heal|p2a: Zamazenta|56\/100 brn|[from] item: Leftovers\n|-heal|p1a: Dragapult|75\/100|[from] item: Leftovers\n|-damage|p2a: Zamazenta|50\/100 brn|[from] brn\n|upkeep\n|turn|54\n|\n|t:|1700322240\n|move|p2a: Zamazenta|Crunch|p1a: Dragapult\n|-supereffective|p1a: Dragapult\n|-damage|p1a: Dragapult|42\/100\n|move|p1a: Dragapult|Hex|p2a: Zamazenta\n|-damage|p2a: Zamazenta|9\/100 brn\n|\n|-heal|p2a: Zamazenta|15\/100 brn|[from] item: Leftovers\n|-heal|p1a: Dragapult|48\/100|[from] item: Leftovers\n|-damage|p2a: Zamazenta|9\/100 brn|[from] brn\n|upkeep\n|turn|55\n|\n|t:|1700322243\n|switch|p1a: Alomomola|Alomomola, M|100\/100\n|move|p2a: Zamazenta|Body Press|p1a: Alomomola\n|-damage|p1a: Alomomola|60\/100\n|\n|-heal|p2a: Zamazenta|15\/100 brn|[from] item: Leftovers\n|-damage|p2a: Zamazenta|9\/100 brn|[from] brn\n|upkeep\n|turn|56\n|\n|t:|1700322252\n|move|p2a: Zamazenta|Body Press|p1a: Alomomola\n|-damage|p1a: Alomomola|22\/100\n|move|p1a: Alomomola|Wish|p1a: Alomomola\n|\n|-heal|p2a: Zamazenta|15\/100 brn|[from] item: Leftovers\n|-damage|p2a: Zamazenta|9\/100 brn|[from] brn\n|upkeep\n|turn|57\n|\n|t:|1700322259\n|switch|p1a: Dragapult|Dragapult, M|48\/100\n|move|p2a: Zamazenta|Crunch|p1a: Dragapult\n|-supereffective|p1a: Dragapult\n|-damage|p1a: Dragapult|18\/100\n|\n|-heal|p1a: Dragapult|100\/100|[from] move: Wish|[wisher] Alomomola\n|-heal|p2a: Zamazenta|15\/100 brn|[from] item: Leftovers\n|-damage|p2a: Zamazenta|9\/100 brn|[from] brn\n|upkeep\n|turn|58\n|\n|t:|1700322268\n|switch|p1a: Great Tusk|Great Tusk|85\/100\n|move|p2a: Zamazenta|Crunch|p1a: Great Tusk\n|-resisted|p1a: Great Tusk\n|-damage|p1a: Great Tusk|80\/100\n|-damage|p2a: Zamazenta|0 fnt|[from] item: Rocky Helmet|[of] p1a: Great Tusk\n|faint|p2a: Zamazenta\n|\n|upkeep\n|\n|t:|1700322277\n|switch|p2a: Walking Wake|Walking Wake|88\/100\n|-damage|p2a: Walking Wake|76\/100|[from] Stealth Rock\n|turn|59\n|\n|t:|1700322280\n|-end|p1a: Great Tusk|Protosynthesis|[silent]\n|switch|p1a: Slowking|Slowking-Galar, F, shiny|90\/100\n|move|p2a: Walking Wake|Draco Meteor|p1a: Slowking\n|-damage|p1a: Slowking|49\/100\n|-unboost|p2a: Walking Wake|spa|2\n|\n|upkeep\n|turn|60\n|-message|themusiqking forfeited.\n|\n|win|illneverchooseyou\n|raw|illneverchooseyou's rating: 1500 &rarr; <strong>1512<\/strong><br \/>(+12 for winning)\n|raw|themusiqking's rating: 1354 &rarr; <strong>1342<\/strong><br \/>(-12 for losing)\n|l|\u2606themusiqking\n","uploadtime":1700322293,"views":9,"p1id":"illneverchooseyou","p2id":"themusiqking","formatid":"gen9ou","rating":1342,"private":0,"password":""}