{"id":"gen9ou-1997124105","p1":"sefsefsefsfe","p2":"Zman145","format":"[Gen 9] OU","log":"|j|\u2606sefsefsefsfe\n|j|\u2606Zman145\n|t:|1700766929\n|gametype|singles\n|player|p1|sefsefsefsfe|169|1000\n|player|p2|Zman145|pokekid|1003\n|teamsize|p1|6\n|teamsize|p2|6\n|gen|9\n|tier|[Gen 9] OU\n|rated|\n|rule|Sleep Clause Mod: Limit one foe put to sleep\n|rule|Species Clause: Limit one of each Pok\u00e9mon\n|rule|OHKO Clause: OHKO moves are banned\n|rule|Evasion Items Clause: Evasion items are banned\n|rule|Evasion Moves Clause: Evasion moves are banned\n|rule|Endless Battle Clause: Forcing endless battles is banned\n|rule|HP Percentage Mod: HP is shown in percentages\n|clearpoke\n|poke|p1|Ribombee, M|\n|poke|p1|Gholdengo|\n|poke|p1|Dragonite, M|\n|poke|p1|Ogerpon-Wellspring, F|\n|poke|p1|Iron Moth|\n|poke|p1|Iron Valiant|\n|poke|p2|Zapdos|\n|poke|p2|Ribombee, F|\n|poke|p2|Rillaboom, F|\n|poke|p2|Iron Moth|\n|poke|p2|Iron Treads|\n|poke|p2|Dondozo, F|\n|teampreview\n|\n|t:|1700766934\n|start\n|switch|p1a: Bumble|Ribombee, M|100\/100\n|switch|p2a: Ribombee|Ribombee, F|100\/100\n|turn|1\n|\n|t:|1700766944\n|move|p1a: Bumble|Stun Spore|p2a: Ribombee\n|-status|p2a: Ribombee|par\n|cant|p2a: Ribombee|par\n|\n|upkeep\n|turn|2\n|\n|t:|1700766950\n|move|p1a: Bumble|Sticky Web|p2a: Ribombee\n|-sidestart|p2: Zman145|move: Sticky Web\n|cant|p2a: Ribombee|par\n|\n|upkeep\n|turn|3\n|\n|t:|1700766966\n|switch|p1a: The Noodler|Gholdengo|100\/100\n|move|p2a: Ribombee|Tailwind|p2a: Ribombee\n|-sidestart|p2: Zman145|move: Tailwind\n|\n|upkeep\n|turn|4\n|\n|t:|1700766971\n|move|p2a: Ribombee|Quiver Dance|p2a: Ribombee\n|-boost|p2a: Ribombee|spa|1\n|-boost|p2a: Ribombee|spd|1\n|-boost|p2a: Ribombee|spe|1\n|move|p1a: The Noodler|Nasty Plot|p1a: The Noodler\n|-boost|p1a: The Noodler|spa|2\n|\n|upkeep\n|turn|5\n|\n|t:|1700766980\n|cant|p2a: Ribombee|par\n|move|p1a: The Noodler|Shadow Ball|p2a: Ribombee\n|-damage|p2a: Ribombee|0 fnt\n|faint|p2a: Ribombee\n|\n|upkeep\n|\n|t:|1700766987\n|switch|p2a: Zoey|Zapdos|100\/100\n|turn|6\n|\n|t:|1700766998\n|-terastallize|p1a: The Noodler|Fighting\n|move|p2a: Zoey|Thunder|p1a: The Noodler\n|-damage|p1a: The Noodler|26\/100\n|-status|p1a: The Noodler|par\n|move|p1a: The Noodler|Make It Rain|p2a: Zoey\n|-resisted|p2a: Zoey\n|-damage|p2a: Zoey|38\/100\n|-unboost|p1a: The Noodler|spa|1\n|\n|-heal|p1a: The Noodler|32\/100 par|[from] item: Leftovers\n|-sideend|p2: Zman145|move: Tailwind\n|upkeep\n|turn|7\n|\n|t:|1700767011\n|move|p2a: Zoey|Hurricane|p1a: The Noodler\n|-supereffective|p1a: The Noodler\n|-damage|p1a: The Noodler|0 fnt\n|faint|p1a: The Noodler\n|\n|upkeep\n|\n|t:|1700767026\n|switch|p1a: The Reach|Iron Valiant|100\/100\n|turn|8\n|\n|t:|1700767040\n|move|p1a: The Reach|Moonblast|p2a: Zoey\n|-damage|p2a: Zoey|0 fnt\n|faint|p2a: Zoey\n|\n|upkeep\n|\n|t:|1700767045\n|switch|p2a: Lille|Iron Treads|100\/100\n|-activate|p2a: Lille|move: Sticky Web\n|-unboost|p2a: Lille|spe|1\n|turn|9\n|\n|t:|1700767050\n|move|p1a: The Reach|Close Combat|p2a: Lille\n|-supereffective|p2a: Lille\n|-damage|p2a: Lille|0 fnt\n|-unboost|p1a: The Reach|def|1\n|-unboost|p1a: The Reach|spd|1\n|faint|p2a: Lille\n|-end|p2a: Lille|Quark Drive|[silent]\n|\n|upkeep\n|\n|t:|1700767053\n|switch|p2a: Diane|Dondozo, F|100\/100\n|-activate|p2a: Diane|move: Sticky Web\n|-unboost|p2a: Diane|spe|1\n|turn|10\n|\n|t:|1700767059\n|move|p1a: The Reach|Thunderbolt|p2a: Diane\n|-supereffective|p2a: Diane\n|-damage|p2a: Diane|36\/100\n|move|p2a: Diane|Rain Dance|p2a: Diane\n|-weather|RainDance\n|\n|-weather|RainDance|[upkeep]\n|upkeep\n|turn|11\n|\n|t:|1700767065\n|move|p1a: The Reach|Thunderbolt|p2a: Diane\n|-supereffective|p2a: Diane\n|-damage|p2a: Diane|0 fnt\n|faint|p2a: Diane\n|\n|-weather|RainDance|[upkeep]\n|upkeep\n|\n|t:|1700767069\n|switch|p2a: Iron Moth|Iron Moth|100\/100\n|-activate|p2a: Iron Moth|move: Sticky Web\n|-unboost|p2a: Iron Moth|spe|1\n|-enditem|p2a: Iron Moth|Booster Energy\n|-activate|p2a: Iron Moth|ability: Quark Drive|[fromitem]\n|-start|p2a: Iron Moth|quarkdrivespa\n|turn|12\n|\n|t:|1700767078\n|move|p1a: The Reach|Knock Off|p2a: Iron Moth\n|-damage|p2a: Iron Moth|69\/100\n|move|p2a: Iron Moth|Psychic|p1a: The Reach\n|-supereffective|p1a: The Reach\n|-damage|p1a: The Reach|0 fnt\n|faint|p1a: The Reach\n|-end|p1a: The Reach|Quark Drive|[silent]\n|\n|-weather|RainDance|[upkeep]\n|upkeep\n|\n|t:|1700767086\n|switch|p1a: EscaGOD|Dragonite, M|100\/100\n|turn|13\n|\n|t:|1700767094\n|move|p1a: EscaGOD|Dragon Dance|p1a: EscaGOD\n|-boost|p1a: EscaGOD|atk|1\n|-boost|p1a: EscaGOD|spe|1\n|move|p2a: Iron Moth|Fiery Dance|p1a: EscaGOD\n|-resisted|p1a: EscaGOD\n|-damage|p1a: EscaGOD|93\/100\n|-boost|p2a: Iron Moth|spa|1\n|\n|-weather|RainDance|[upkeep]\n|upkeep\n|turn|14\n|\n|t:|1700767103\n|move|p1a: EscaGOD|Earthquake|p2a: Iron Moth\n|-supereffective|p2a: Iron Moth\n|-damage|p2a: Iron Moth|0 fnt\n|faint|p2a: Iron Moth\n|-end|p2a: Iron Moth|Quark Drive|[silent]\n|\n|-weather|RainDance|[upkeep]\n|upkeep\n|\n|t:|1700767108\n|switch|p2a: Rillaboom|Rillaboom, F|100\/100\n|-activate|p2a: Rillaboom|move: Sticky Web\n|-unboost|p2a: Rillaboom|spe|1\n|-fieldstart|move: Grassy Terrain|[from] ability: Grassy Surge|[of] p2a: Rillaboom\n|turn|15\n|-message|Zman145 forfeited.\n|\n|win|sefsefsefsfe\n|raw|sefsefsefsfe's rating: 1000 &rarr; <strong>1040<\/strong><br \/>(+40 for winning)\n|raw|Zman145's rating: 1003 &rarr; <strong>1000<\/strong><br \/>(-3 for losing)\n|l|\u2606Zman145\n","uploadtime":1700767117,"views":13,"p1id":"sefsefsefsfe","p2id":"zman145","formatid":"gen9ou","rating":1000,"private":0,"password":""}