{"id":"gen9ou-1988896387","p1":"Deku475","p2":"dylanmorgan2217","format":"[Gen 9] OU","log":"|j|\u2606Deku475\n|j|\u2606dylanmorgan2217\n|t:|1699783237\n|gametype|singles\n|player|p1|Deku475|barry|1479\n|player|p2|dylanmorgan2217|101|1541\n|teamsize|p1|6\n|teamsize|p2|6\n|gen|9\n|tier|[Gen 9] OU\n|rated|\n|rule|Sleep Clause Mod: Limit one foe put to sleep\n|rule|Species Clause: Limit one of each Pok\u00e9mon\n|rule|OHKO Clause: OHKO moves are banned\n|rule|Evasion Items Clause: Evasion items are banned\n|rule|Evasion Moves Clause: Evasion moves are banned\n|rule|Endless Battle Clause: Forcing endless battles is banned\n|rule|HP Percentage Mod: HP is shown in percentages\n|clearpoke\n|poke|p1|Ogerpon, F|\n|poke|p1|Moltres|\n|poke|p1|Great Tusk|\n|poke|p1|Kingambit, M|\n|poke|p1|Greninja-*, M|\n|poke|p1|Dragapult, M|\n|poke|p2|Gholdengo|\n|poke|p2|Ogerpon-Wellspring, F|\n|poke|p2|Blissey, F|\n|poke|p2|Great Tusk|\n|poke|p2|Zapdos|\n|poke|p2|Zamazenta-*|\n|teampreview\n|inactive|Battle timer is ON: inactive players will automatically lose when time's up. (requested by dylanmorgan2217)\n|\n|t:|1699783250\n|start\n|switch|p1a: Great Tusk|Great Tusk|100\/100\n|switch|p2a: Zapdos|Zapdos|100\/100\n|turn|1\n|\n|t:|1699783264\n|-end|p1a: Great Tusk|Protosynthesis|[silent]\n|switch|p1a: Dragapult|Dragapult, M|100\/100\n|move|p2a: Zapdos|Hurricane|p1a: Dragapult\n|-damage|p1a: Dragapult|39\/100\n|\n|upkeep\n|turn|2\n|\n|t:|1699783270\n|move|p1a: Dragapult|Draco Meteor|p2a: Zapdos\n|-damage|p2a: Zapdos|18\/100\n|-unboost|p1a: Dragapult|spa|2\n|move|p2a: Zapdos|Hurricane|p1a: Dragapult|[miss]\n|-miss|p2a: Zapdos|p1a: Dragapult\n|\n|upkeep\n|turn|3\n|\n|t:|1699783275\n|switch|p2a: Blissey|Blissey, F|100\/100\n|move|p1a: Dragapult|Draco Meteor|p2a: Blissey\n|-damage|p2a: Blissey|87\/100\n|-unboost|p1a: Dragapult|spa|2\n|\n|upkeep\n|turn|4\n|\n|t:|1699783279\n|switch|p1a: Great Tusk|Great Tusk|100\/100\n|move|p2a: Blissey|Stealth Rock|p1a: Great Tusk\n|-sidestart|p1: Deku475|move: Stealth Rock\n|\n|upkeep\n|turn|5\n|\n|t:|1699783284\n|switch|p2a: Ogerpon|Ogerpon-Wellspring, F|100\/100\n|move|p1a: Great Tusk|Stealth Rock|p2a: Ogerpon\n|-sidestart|p2: dylanmorgan2217|move: Stealth Rock\n|\n|upkeep\n|turn|6\n|\n|t:|1699783289\n|move|p2a: Ogerpon|Horn Leech|p1a: Great Tusk\n|-supereffective|p1a: Great Tusk\n|-damage|p1a: Great Tusk|32\/100\n|move|p1a: Great Tusk|Rapid Spin|p2a: Ogerpon\n|-damage|p2a: Ogerpon|77\/100\n|-boost|p1a: Great Tusk|spe|1\n|-sideend|p1: Deku475|Stealth Rock|[from] move: Rapid Spin|[of] p1a: Great Tusk\n|\n|-heal|p1a: Great Tusk|38\/100|[from] item: Leftovers\n|upkeep\n|turn|7\n|\n|t:|1699783298\n|-end|p1a: Great Tusk|Protosynthesis|[silent]\n|switch|p1a: Ogerpon|Ogerpon, F|100\/100\n|move|p2a: Ogerpon|Horn Leech|p1a: Ogerpon\n|-resisted|p1a: Ogerpon\n|-damage|p1a: Ogerpon|73\/100\n|-heal|p2a: Ogerpon|91\/100|[from] drain|[of] p1a: Ogerpon\n|\n|upkeep\n|turn|8\n|\n|t:|1699783306\n|switch|p2a: Zamazenta|Zamazenta|100\/100\n|-ability|p2a: Zamazenta|Dauntless Shield|boost\n|-boost|p2a: Zamazenta|def|1\n|move|p1a: Ogerpon|Power Whip|p2a: Zamazenta|[miss]\n|-miss|p1a: Ogerpon|p2a: Zamazenta\n|\n|upkeep\n|turn|9\n|\n|t:|1699783312\n|switch|p1a: Moltres|Moltres|100\/100\n|move|p2a: Zamazenta|Crunch|p1a: Moltres\n|-damage|p1a: Moltres|78\/100\n|\n|upkeep\n|turn|10\n|\n|t:|1699783316\n|move|p2a: Zamazenta|Stone Edge|p1a: Moltres\n|-supereffective|p1a: Moltres\n|-crit|p1a: Moltres\n|-damage|p1a: Moltres|0 fnt\n|faint|p1a: Moltres\n|\n|upkeep\n|\n|t:|1699783321\n|switch|p1a: Dragapult|Dragapult, M|39\/100\n|turn|11\n|\n|t:|1699783323\n|move|p1a: Dragapult|Draco Meteor|p2a: Zamazenta\n|-damage|p2a: Zamazenta|24\/100\n|-unboost|p1a: Dragapult|spa|2\n|move|p2a: Zamazenta|Crunch|p1a: Dragapult\n|-supereffective|p1a: Dragapult\n|-damage|p1a: Dragapult|0 fnt\n|faint|p1a: Dragapult\n|\n|upkeep\n|\n|t:|1699783334\n|switch|p1a: Great Tusk|Great Tusk|38\/100\n|turn|12\n|\n|t:|1699783339\n|move|p2a: Zamazenta|Close Combat|p1a: Great Tusk\n|-damage|p1a: Great Tusk|0 fnt\n|-unboost|p2a: Zamazenta|def|1\n|-unboost|p2a: Zamazenta|spd|1\n|faint|p1a: Great Tusk\n|-end|p1a: Great Tusk|Protosynthesis|[silent]\n|\n|upkeep\n|\n|t:|1699783343\n|switch|p1a: Greninja|Greninja, M|100\/100\n|turn|13\n|\n|t:|1699783348\n|-terastallize|p1a: Greninja|Water\n|move|p1a: Greninja|Water Shuriken|p2a: Zamazenta\n|-damage|p2a: Zamazenta|9\/100\n|-damage|p2a: Zamazenta|0 fnt\n|faint|p2a: Zamazenta\n|-ability|p1a: Greninja|Battle Bond|boost\n|-boost|p1a: Greninja|atk|1\n|-boost|p1a: Greninja|spa|1\n|-boost|p1a: Greninja|spe|1\n|-activate|p1a: Greninja|ability: Battle Bond\n|-hitcount|p2: Zamazenta|2\n|-damage|p1a: Greninja|91\/100|[from] item: Life Orb\n|\n|upkeep\n|\n|t:|1699783353\n|switch|p2a: Ogerpon|Ogerpon-Wellspring, F|91\/100\n|-damage|p2a: Ogerpon|78\/100|[from] Stealth Rock\n|turn|14\n|\n|t:|1699783355\n|-terastallize|p2a: Ogerpon|Water\n|detailschange|p2a: Ogerpon|Ogerpon-Wellspring-Tera, F, tera:Water\n|-ability|p2a: Ogerpon|Embody Aspect (Wellspring)|boost\n|-boost|p2a: Ogerpon|spd|1\n|move|p1a: Greninja|Dark Pulse|p2a: Ogerpon\n|-damage|p2a: Ogerpon|21\/100\n|-damage|p1a: Greninja|81\/100|[from] item: Life Orb\n|move|p2a: Ogerpon|Horn Leech|p1a: Greninja\n|-supereffective|p1a: Greninja\n|-damage|p1a: Greninja|0 fnt\n|-heal|p2a: Ogerpon|59\/100|[from] drain|[of] p1a: Greninja\n|faint|p1a: Greninja\n|\n|upkeep\n|\n|t:|1699783362\n|switch|p1a: Ogerpon|Ogerpon, F|73\/100\n|turn|15\n|\n|t:|1699783367\n|switch|p2a: Zapdos|Zapdos|18\/100\n|move|p1a: Ogerpon|Power Whip|p2a: Zapdos\n|-resisted|p2a: Zapdos\n|-damage|p2a: Zapdos|0 fnt\n|faint|p2a: Zapdos\n|\n|upkeep\n|\n|t:|1699783375\n|switch|p2a: Gholdengo|Gholdengo|100\/100\n|-damage|p2a: Gholdengo|94\/100|[from] Stealth Rock\n|-item|p2a: Gholdengo|Air Balloon\n|turn|16\n|\n|t:|1699783378\n|move|p1a: Ogerpon|Knock Off|p2a: Gholdengo\n|-supereffective|p2a: Gholdengo\n|-crit|p2a: Gholdengo\n|-damage|p2a: Gholdengo|0 fnt\n|-enditem|p2a: Gholdengo|Air Balloon\n|faint|p2a: Gholdengo\n|\n|upkeep\n|c|\u2606dylanmorgan2217|lol\n|\n|t:|1699783384\n|switch|p2a: Great Tusk|Great Tusk|100\/100\n|-damage|p2a: Great Tusk|98\/100|[from] Stealth Rock\n|turn|17\n|\n|t:|1699783388\n|move|p1a: Ogerpon|Power Whip|p2a: Great Tusk\n|-supereffective|p2a: Great Tusk\n|-damage|p2a: Great Tusk|0 fnt\n|faint|p2a: Great Tusk\n|-end|p2a: Great Tusk|Protosynthesis|[silent]\n|\n|upkeep\n|\n|t:|1699783392\n|switch|p2a: Blissey|Blissey, F|87\/100\n|turn|18\n|\n|t:|1699783395\n|move|p1a: Ogerpon|Power Whip|p2a: Blissey\n|-damage|p2a: Blissey|11\/100\n|move|p2a: Blissey|Seismic Toss|p1a: Ogerpon\n|-damage|p1a: Ogerpon|40\/100\n|\n|upkeep\n|turn|19\n|\n|t:|1699783403\n|move|p1a: Ogerpon|Knock Off|p2a: Blissey\n|-damage|p2a: Blissey|0 fnt\n|-enditem|p2a: Blissey|Heavy-Duty Boots|[from] move: Knock Off|[of] p1a: Ogerpon\n|faint|p2a: Blissey\n|\n|upkeep\n|\n|t:|1699783405\n|switch|p2a: Ogerpon|Ogerpon-Wellspring-Tera, F, tera:Water|59\/100\n|-damage|p2a: Ogerpon|47\/100|[from] Stealth Rock\n|-ability|p2a: Ogerpon|Embody Aspect (Wellspring)|boost\n|-boost|p2a: Ogerpon|spd|1\n|turn|20\n|\n|t:|1699783411\n|move|p2a: Ogerpon|Ivy Cudgel|p1a: Ogerpon\n|-resisted|p1a: Ogerpon\n|-damage|p1a: Ogerpon|0 fnt\n|faint|p1a: Ogerpon\n|\n|upkeep\n|\n|t:|1699783413\n|switch|p1a: Kingambit|Kingambit, M|100\/100\n|-activate|p1a: Kingambit|ability: Supreme Overlord\n|-start|p1a: Kingambit|fallen5|[silent]\n|turn|21\n|\n|t:|1699783415\n|move|p1a: Kingambit|Sucker Punch||[still]\n|-fail|p1a: Kingambit\n|move|p2a: Ogerpon|Swords Dance|p2a: Ogerpon\n|-boost|p2a: Ogerpon|atk|2\n|\n|upkeep\n|turn|22\n|\n|t:|1699783419\n|move|p1a: Kingambit|Sucker Punch|p2a: Ogerpon\n|-damage|p2a: Ogerpon|0 fnt\n|faint|p2a: Ogerpon\n|\n|win|Deku475\n|raw|Deku475's rating: 1479 &rarr; <strong>1503<\/strong><br \/>(+24 for winning)\n|raw|dylanmorgan2217's rating: 1541 &rarr; <strong>1517<\/strong><br \/>(-24 for losing)\n|l|\u2606dylanmorgan2217\n|c|\u2606Deku475|Gg\n","uploadtime":1699783434,"views":26,"p1id":"deku475","p2id":"dylanmorgan2217","formatid":"gen9ou","rating":1503,"private":0,"password":""}