{"id":"gen9ou-1993403049","p1":"QuackBarz","p2":"WeirdPuppetries","format":"[Gen 9] OU","log":"|j|\u2606QuackBarz\n|j|\u2606WeirdPuppetries\n|t:|1700313037\n|gametype|singles\n|player|p1|QuackBarz|1|1159\n|player|p2|WeirdPuppetries|aaron|1100\n|teamsize|p1|6\n|teamsize|p2|6\n|gen|9\n|tier|[Gen 9] OU\n|rated|\n|rule|Sleep Clause Mod: Limit one foe put to sleep\n|rule|Species Clause: Limit one of each Pok\u00e9mon\n|rule|OHKO Clause: OHKO moves are banned\n|rule|Evasion Items Clause: Evasion items are banned\n|rule|Evasion Moves Clause: Evasion moves are banned\n|rule|Endless Battle Clause: Forcing endless battles is banned\n|rule|HP Percentage Mod: HP is shown in percentages\n|clearpoke\n|poke|p1|Zapdos-Galar|\n|poke|p1|Jirachi|\n|poke|p1|Magnezone|\n|poke|p1|Hydreigon, F|\n|poke|p1|Landorus-Therian, M|\n|poke|p1|Gastrodon, F|\n|poke|p2|Arbok, M|\n|poke|p2|Dedenne, M|\n|poke|p2|Vivillon, M|\n|poke|p2|Cinderace, F|\n|poke|p2|Great Tusk|\n|poke|p2|Dragonite, F|\n|teampreview\n|\n|t:|1700313048\n|start\n|switch|p1a: Gastrodon|Gastrodon, F|100\/100\n|switch|p2a: Dedenne|Dedenne, M|100\/100\n|turn|1\n|inactive|Battle timer is ON: inactive players will automatically lose when time's up. (requested by WeirdPuppetries)\n|\n|t:|1700313062\n|move|p2a: Dedenne|Grass Knot|p1a: Gastrodon\n|-supereffective|p1a: Gastrodon\n|-damage|p1a: Gastrodon|41\/100\n|move|p1a: Gastrodon|Earth Power|p2a: Dedenne\n|-supereffective|p2a: Dedenne\n|-damage|p2a: Dedenne|0 fnt\n|faint|p2a: Dedenne\n|\n|-heal|p1a: Gastrodon|47\/100|[from] item: Leftovers\n|upkeep\n|\n|t:|1700313075\n|switch|p2a: Vivillon|Vivillon, M|100\/100\n|turn|2\n|inactive|QuackBarz has 120 seconds left.\n|\n|t:|1700313108\n|switch|p1a: Jirachi|Jirachi|100\/100\n|move|p2a: Vivillon|Stun Spore|p1a: Jirachi\n|-status|p1a: Jirachi|par\n|\n|upkeep\n|turn|3\n|\n|t:|1700313115\n|move|p2a: Vivillon|Confuse Ray|p1a: Jirachi\n|-start|p1a: Jirachi|confusion\n|-activate|p1a: Jirachi|confusion\n|move|p1a: Jirachi|Doom Desire|p2a: Vivillon\n|-start|p1a: Jirachi|Doom Desire\n|\n|upkeep\n|turn|4\n|\n|t:|1700313132\n|move|p2a: Vivillon|Air Slash|p1a: Jirachi\n|-resisted|p1a: Jirachi\n|-damage|p1a: Jirachi|91\/100 par\n|-activate|p1a: Jirachi|confusion\n|-damage|p1a: Jirachi|82\/100 par|[from] confusion\n|\n|upkeep\n|turn|5\n|\n|t:|1700313142\n|move|p2a: Vivillon|U-turn|p1a: Jirachi\n|-damage|p1a: Jirachi|69\/100 par\n|\n|t:|1700313148\n|switch|p2a: Great Tusk|Great Tusk|100\/100|[from] U-turn\n|-activate|p1a: Jirachi|confusion\n|move|p1a: Jirachi|Thunder|p2a: Great Tusk\n|-immune|p2a: Great Tusk\n|\n|-end|p2a: Great Tusk|move: Doom Desire\n|-damage|p2a: Great Tusk|13\/100\n|-heal|p2a: Great Tusk|19\/100|[from] item: Leftovers\n|upkeep\n|turn|6\n|\n|t:|1700313166\n|switch|p1a: Landorus|Landorus-Therian, M|100\/100\n|-ability|p1a: Landorus|Intimidate|boost\n|-unboost|p2a: Great Tusk|atk|1\n|move|p2a: Great Tusk|Stealth Rock|p1a: Landorus\n|-sidestart|p1: QuackBarz|move: Stealth Rock\n|\n|-heal|p2a: Great Tusk|26\/100|[from] item: Leftovers\n|upkeep\n|turn|7\n|\n|t:|1700313173\n|-end|p2a: Great Tusk|Protosynthesis|[silent]\n|switch|p2a: Vivillon|Vivillon, M|100\/100\n|move|p1a: Landorus|U-turn|p2a: Vivillon\n|-resisted|p2a: Vivillon\n|-damage|p2a: Vivillon|79\/100\n|\n|t:|1700313178\n|switch|p1a: Jirachi|Jirachi|69\/100 par|[from] U-turn\n|-damage|p1a: Jirachi|63\/100 par|[from] Stealth Rock\n|\n|upkeep\n|turn|8\n|\n|t:|1700313183\n|move|p2a: Vivillon|Confuse Ray|p1a: Jirachi\n|-start|p1a: Jirachi|confusion\n|-activate|p1a: Jirachi|confusion\n|-damage|p1a: Jirachi|55\/100 par|[from] confusion\n|\n|upkeep\n|turn|9\n|\n|t:|1700313199\n|move|p2a: Vivillon|Air Slash|p1a: Jirachi\n|-resisted|p1a: Jirachi\n|-damage|p1a: Jirachi|46\/100 par\n|cant|p1a: Jirachi|flinch\n|\n|upkeep\n|turn|10\n|\n|t:|1700313207\n|move|p2a: Vivillon|Air Slash|p1a: Jirachi\n|-resisted|p1a: Jirachi\n|-damage|p1a: Jirachi|35\/100 par\n|-activate|p1a: Jirachi|confusion\n|-damage|p1a: Jirachi|27\/100 par|[from] confusion\n|\n|upkeep\n|turn|11\n|\n|t:|1700313215\n|move|p2a: Vivillon|Air Slash|p1a: Jirachi\n|-resisted|p1a: Jirachi\n|-damage|p1a: Jirachi|18\/100 par\n|-activate|p1a: Jirachi|confusion\n|-damage|p1a: Jirachi|9\/100 par|[from] confusion\n|\n|upkeep\n|turn|12\n|\n|t:|1700313225\n|move|p2a: Vivillon|Air Slash|p1a: Jirachi\n|-resisted|p1a: Jirachi\n|-damage|p1a: Jirachi|0 fnt\n|faint|p1a: Jirachi\n|\n|upkeep\n|\n|t:|1700313229\n|switch|p1a: Magnezone|Magnezone|100\/100\n|-damage|p1a: Magnezone|94\/100|[from] Stealth Rock\n|turn|13\n|\n|t:|1700313234\n|move|p2a: Vivillon|U-turn|p1a: Magnezone\n|-resisted|p1a: Magnezone\n|-damage|p1a: Magnezone|88\/100\n|\n|t:|1700313238\n|switch|p2a: Great Tusk|Great Tusk|26\/100|[from] U-turn\n|move|p1a: Magnezone|Zap Cannon|p2a: Great Tusk\n|-immune|p2a: Great Tusk\n|\n|-heal|p1a: Magnezone|94\/100|[from] item: Leftovers\n|-heal|p2a: Great Tusk|32\/100|[from] item: Leftovers\n|upkeep\n|turn|14\n|\n|t:|1700313256\n|switch|p1a: Landorus|Landorus-Therian, M|100\/100\n|-damage|p1a: Landorus|88\/100|[from] Stealth Rock\n|-ability|p1a: Landorus|Intimidate|boost\n|-unboost|p2a: Great Tusk|atk|1\n|-end|p2a: Great Tusk|Protosynthesis|[silent]\n|switch|p2a: Cinderace|Cinderace, F|100\/100\n|\n|-heal|p1a: Landorus|94\/100|[from] item: Leftovers\n|upkeep\n|turn|15\n|\n|t:|1700313266\n|move|p2a: Cinderace|U-turn|p1a: Landorus\n|-start|p2a: Cinderace|typechange|Bug|[from] ability: Libero\n|-resisted|p1a: Landorus\n|-damage|p1a: Landorus|74\/100\n|\n|t:|1700313274\n|switch|p2a: Vivillon|Vivillon, M|79\/100|[from] U-turn\n|move|p1a: Landorus|Gravity|p1a: Landorus\n|-fieldstart|move: Gravity\n|\n|-heal|p1a: Landorus|80\/100|[from] item: Leftovers\n|upkeep\n|turn|16\n|\n|t:|1700313283\n|switch|p1a: Gastrodon|Gastrodon, F|47\/100\n|-damage|p1a: Gastrodon|41\/100|[from] Stealth Rock\n|move|p2a: Vivillon|Stun Spore|p1a: Gastrodon\n|-status|p1a: Gastrodon|par\n|\n|-heal|p1a: Gastrodon|47\/100 par|[from] item: Leftovers\n|upkeep\n|turn|17\n|\n|t:|1700313288\n|move|p2a: Vivillon|Confuse Ray|p1a: Gastrodon\n|-start|p1a: Gastrodon|confusion\n|-activate|p1a: Gastrodon|confusion\n|cant|p1a: Gastrodon|par\n|\n|-heal|p1a: Gastrodon|53\/100 par|[from] item: Leftovers\n|upkeep\n|turn|18\n|\n|t:|1700313314\n|move|p2a: Vivillon|Air Slash|p1a: Gastrodon\n|-damage|p1a: Gastrodon|26\/100 par\n|-end|p1a: Gastrodon|confusion\n|move|p1a: Gastrodon|Ice Beam|p2a: Vivillon\n|-supereffective|p2a: Vivillon\n|-damage|p2a: Vivillon|2\/100\n|\n|-heal|p1a: Gastrodon|32\/100 par|[from] item: Leftovers\n|upkeep\n|turn|19\n|\n|t:|1700313322\n|move|p2a: Vivillon|Air Slash|p1a: Gastrodon\n|-damage|p1a: Gastrodon|2\/100 par\n|cant|p1a: Gastrodon|par\n|\n|-heal|p1a: Gastrodon|8\/100 par|[from] item: Leftovers\n|-fieldend|move: Gravity\n|upkeep\n|turn|20\n|\n|t:|1700313341\n|move|p2a: Vivillon|Air Slash|p1a: Gastrodon\n|-damage|p1a: Gastrodon|0 fnt\n|faint|p1a: Gastrodon\n|\n|upkeep\n|\n|t:|1700313345\n|switch|p1a: Zapdos|Zapdos-Galar|100\/100\n|-damage|p1a: Zapdos|88\/100|[from] Stealth Rock\n|turn|21\n|\n|t:|1700313351\n|move|p1a: Zapdos|Trailblaze|p2a: Vivillon\n|-resisted|p2a: Vivillon\n|-damage|p2a: Vivillon|0 fnt\n|-boost|p1a: Zapdos|spe|1\n|faint|p2a: Vivillon\n|\n|-heal|p1a: Zapdos|94\/100|[from] item: Leftovers\n|upkeep\n|\n|t:|1700313357\n|switch|p2a: Arbok|Arbok, M|100\/100\n|-ability|p2a: Arbok|Intimidate|boost\n|-unboost|p1a: Zapdos|atk|1\n|-ability|p1a: Zapdos|Defiant|boost\n|-boost|p1a: Zapdos|atk|2\n|turn|22\n|\n|t:|1700313365\n|move|p1a: Zapdos|Thunderous Kick|p2a: Arbok\n|-resisted|p2a: Arbok\n|-damage|p2a: Arbok|40\/100\n|-unboost|p2a: Arbok|def|1\n|move|p2a: Arbok|Gunk Shot|p1a: Zapdos\n|-damage|p1a: Zapdos|31\/100\n|\n|-heal|p1a: Zapdos|38\/100|[from] item: Leftovers\n|-heal|p2a: Arbok|46\/100|[from] item: Leftovers\n|upkeep\n|turn|23\n|\n|t:|1700313375\n|move|p1a: Zapdos|Thunderous Kick|p2a: Arbok\n|-resisted|p2a: Arbok\n|-damage|p2a: Arbok|0 fnt\n|faint|p2a: Arbok\n|\n|-heal|p1a: Zapdos|44\/100|[from] item: Leftovers\n|upkeep\n|\n|t:|1700313379\n|switch|p2a: Dragonite|Dragonite, F|100\/100\n|turn|24\n|\n|t:|1700313400\n|move|p1a: Zapdos|Thunderous Kick|p2a: Dragonite\n|-resisted|p2a: Dragonite\n|-damage|p2a: Dragonite|84\/100\n|-unboost|p2a: Dragonite|def|1\n|move|p2a: Dragonite|Hurricane|p1a: Zapdos|[miss]\n|-miss|p2a: Dragonite|p1a: Zapdos\n|\n|-heal|p1a: Zapdos|50\/100|[from] item: Leftovers\n|-heal|p2a: Dragonite|90\/100|[from] item: Leftovers\n|upkeep\n|turn|25\n|\n|t:|1700313408\n|move|p1a: Zapdos|Brave Bird|p2a: Dragonite\n|-damage|p2a: Dragonite|0 fnt\n|faint|p2a: Dragonite\n|-damage|p1a: Zapdos|14\/100|[from] Recoil\n|\n|-heal|p1a: Zapdos|20\/100|[from] item: Leftovers\n|upkeep\n|\n|t:|1700313415\n|switch|p2a: Cinderace|Cinderace, F|100\/100\n|turn|26\n|\n|t:|1700313426\n|move|p1a: Zapdos|Stomping Tantrum|p2a: Cinderace\n|-supereffective|p2a: Cinderace\n|-crit|p2a: Cinderace\n|-damage|p2a: Cinderace|0 fnt\n|faint|p2a: Cinderace\n|\n|-heal|p1a: Zapdos|27\/100|[from] item: Leftovers\n|upkeep\n|-message|WeirdPuppetries forfeited.\n|\n|win|QuackBarz\n|raw|QuackBarz's rating: 1130 &rarr; <strong>1153<\/strong><br \/>(+23 for winning)\n|raw|WeirdPuppetries's rating: 1100 &rarr; <strong>1077<\/strong><br \/>(-23 for losing)\n|l|\u2606WeirdPuppetries\n","uploadtime":1700313434,"views":11,"p1id":"quackbarz","p2id":"weirdpuppetries","formatid":"gen9ou","rating":1077,"private":0,"password":""}