{"id":"gen9ou-1992760774","p1":"jcshokr","p2":"PLAYB0I R0BBIE B","format":"[Gen 9] OU","log":"|j|\u2606jcshokr\n|j|\u2606PLAYB0I R0BBIE B\n|t:|1700233035\n|gametype|singles\n|player|p1|jcshokr|170|1402\n|player|p2|PLAYB0I R0BBIE B|eusine|1309\n|teamsize|p1|6\n|teamsize|p2|6\n|gen|9\n|tier|[Gen 9] OU\n|rated|\n|rule|Sleep Clause Mod: Limit one foe put to sleep\n|rule|Species Clause: Limit one of each Pok\u00e9mon\n|rule|OHKO Clause: OHKO moves are banned\n|rule|Evasion Items Clause: Evasion items are banned\n|rule|Evasion Moves Clause: Evasion moves are banned\n|rule|Endless Battle Clause: Forcing endless battles is banned\n|rule|HP Percentage Mod: HP is shown in percentages\n|clearpoke\n|poke|p1|Skeledirge, M|\n|poke|p1|Gholdengo|\n|poke|p1|Crawdaunt, F|\n|poke|p1|Dragonite, F|\n|poke|p1|Ogerpon-Wellspring, F|\n|poke|p1|Moltres|\n|poke|p2|Samurott-Hisui, F|\n|poke|p2|Meowscarada, M|\n|poke|p2|Heatran, F|\n|poke|p2|Thundurus-Therian, M|\n|poke|p2|Dragapult, F|\n|poke|p2|Great Tusk|\n|teampreview\n|inactive|Battle timer is ON: inactive players will automatically lose when time's up. (requested by jcshokr)\n|\n|t:|1700233051\n|start\n|switch|p1a: Crawdaunt|Crawdaunt, F|100\/100\n|switch|p2a: SICKO MODE|Meowscarada, M|100\/100\n|turn|1\n|\n|t:|1700233057\n|switch|p1a: Skeledirge|Skeledirge, M, shiny|100\/100\n|move|p2a: SICKO MODE|U-turn|p1a: Skeledirge\n|-start|p2a: SICKO MODE|typechange|Bug|[from] ability: Protean\n|-resisted|p1a: Skeledirge\n|-crit|p1a: Skeledirge\n|-damage|p1a: Skeledirge|84\/100\n|\n|t:|1700233061\n|switch|p2a: R.I.P SCREW|Samurott-Hisui, F, shiny|100\/100|[from] U-turn\n|\n|-heal|p1a: Skeledirge|90\/100|[from] item: Leftovers\n|upkeep\n|turn|2\n|\n|t:|1700233065\n|move|p2a: R.I.P SCREW|Ceaseless Edge|p1a: Skeledirge\n|-supereffective|p1a: Skeledirge\n|-damage|p1a: Skeledirge|16\/100\n|-sidestart|p1: jcshokr|Spikes\n|move|p1a: Skeledirge|Will-O-Wisp|p2a: R.I.P SCREW\n|-status|p2a: R.I.P SCREW|brn\n|\n|-heal|p1a: Skeledirge|22\/100|[from] item: Leftovers\n|-damage|p2a: R.I.P SCREW|94\/100 brn|[from] brn\n|upkeep\n|turn|3\n|\n|t:|1700233084\n|switch|p1a: Moltres|Moltres|100\/100\n|move|p2a: R.I.P SCREW|Ceaseless Edge|p1a: Moltres|[miss]\n|-miss|p2a: R.I.P SCREW|p1a: Moltres\n|\n|-damage|p2a: R.I.P SCREW|88\/100 brn|[from] brn\n|upkeep\n|turn|4\n|\n|t:|1700233091\n|move|p2a: R.I.P SCREW|Razor Shell|p1a: Moltres\n|-supereffective|p1a: Moltres\n|-damage|p1a: Moltres|47\/100\n|-unboost|p1a: Moltres|def|1\n|move|p1a: Moltres|U-turn|p2a: R.I.P SCREW\n|-supereffective|p2a: R.I.P SCREW\n|-damage|p2a: R.I.P SCREW|53\/100 brn\n|\n|t:|1700233096\n|switch|p1a: Crawdaunt|Crawdaunt, F|100\/100|[from] U-turn\n|-damage|p1a: Crawdaunt|88\/100|[from] Spikes\n|\n|-damage|p2a: R.I.P SCREW|46\/100 brn|[from] brn\n|upkeep\n|turn|5\n|\n|t:|1700233101\n|move|p2a: R.I.P SCREW|Ceaseless Edge|p1a: Crawdaunt\n|-resisted|p1a: Crawdaunt\n|-damage|p1a: Crawdaunt|72\/100\n|-sidestart|p1: jcshokr|Spikes\n|move|p1a: Crawdaunt|Dragon Dance|p1a: Crawdaunt\n|-boost|p1a: Crawdaunt|atk|1\n|-boost|p1a: Crawdaunt|spe|1\n|\n|-damage|p2a: R.I.P SCREW|40\/100 brn|[from] brn\n|upkeep\n|turn|6\n|\n|t:|1700233109\n|move|p1a: Crawdaunt|Dragon Dance|p1a: Crawdaunt\n|-boost|p1a: Crawdaunt|atk|1\n|-boost|p1a: Crawdaunt|spe|1\n|move|p2a: R.I.P SCREW|Ceaseless Edge|p1a: Crawdaunt\n|-resisted|p1a: Crawdaunt\n|-damage|p1a: Crawdaunt|56\/100\n|-sidestart|p1: jcshokr|Spikes\n|\n|-damage|p2a: R.I.P SCREW|34\/100 brn|[from] brn\n|upkeep\n|turn|7\n|\n|t:|1700233117\n|move|p2a: R.I.P SCREW|Sucker Punch||[still]\n|-fail|p2a: R.I.P SCREW\n|move|p1a: Crawdaunt|Dragon Dance|p1a: Crawdaunt\n|-boost|p1a: Crawdaunt|atk|1\n|-boost|p1a: Crawdaunt|spe|1\n|\n|-damage|p2a: R.I.P SCREW|28\/100 brn|[from] brn\n|upkeep\n|turn|8\n|\n|t:|1700233122\n|move|p1a: Crawdaunt|Aqua Jet|p2a: R.I.P SCREW\n|-resisted|p2a: R.I.P SCREW\n|-damage|p2a: R.I.P SCREW|0 fnt\n|faint|p2a: R.I.P SCREW\n|-damage|p1a: Crawdaunt|47\/100|[from] item: Life Orb\n|\n|upkeep\n|\n|t:|1700233137\n|switch|p2a: SICKO MODE|Meowscarada, M|100\/100\n|turn|9\n|\n|t:|1700233141\n|move|p1a: Crawdaunt|Knock Off|p2a: SICKO MODE\n|-resisted|p2a: SICKO MODE\n|-damage|p2a: SICKO MODE|0 fnt\n|-enditem|p2a: SICKO MODE|Choice Band|[from] move: Knock Off|[of] p1a: Crawdaunt\n|faint|p2a: SICKO MODE\n|-damage|p1a: Crawdaunt|37\/100|[from] item: Life Orb\n|\n|upkeep\n|\n|t:|1700233151\n|switch|p2a: NO BYSTANDERS|Dragapult, F|100\/100\n|turn|10\n|\n|t:|1700233163\n|switch|p2a: YOSEMITE|Great Tusk|100\/100\n|-terastallize|p1a: Crawdaunt|Water\n|move|p1a: Crawdaunt|Aqua Jet|p2a: YOSEMITE\n|-supereffective|p2a: YOSEMITE\n|-damage|p2a: YOSEMITE|0 fnt\n|faint|p2a: YOSEMITE\n|-end|p2a: YOSEMITE|Protosynthesis|[silent]\n|-damage|p1a: Crawdaunt|27\/100|[from] item: Life Orb\n|\n|upkeep\n|\n|t:|1700233168\n|switch|p2a: ASTROTHUNDER|Thundurus-Therian, M|100\/100\n|turn|11\n|\n|t:|1700233172\n|move|p1a: Crawdaunt|Knock Off|p2a: ASTROTHUNDER\n|-damage|p2a: ASTROTHUNDER|0 fnt\n|-enditem|p2a: ASTROTHUNDER|Choice Specs|[from] move: Knock Off|[of] p1a: Crawdaunt\n|faint|p2a: ASTROTHUNDER\n|-damage|p1a: Crawdaunt|17\/100|[from] item: Life Orb\n|\n|upkeep\n|-message|PLAYB0I R0BBIE B forfeited.\n|\n|win|jcshokr\n|raw|jcshokr's rating: 1402 &rarr; <strong>1417<\/strong><br \/>(+15 for winning)\n|raw|PLAYB0I R0BBIE B's rating: 1309 &rarr; <strong>1294<\/strong><br \/>(-15 for losing)\n|l|\u2606PLAYB0I R0BBIE B\n","uploadtime":1700233184,"views":14,"p1id":"jcshokr","p2id":"playb0ir0bbieb","formatid":"gen9ou","rating":1294,"private":0,"password":""}