{"id":"gen9ou-1990087786","p1":"Jrmoore896","p2":"vilosa","format":"[Gen 9] OU","log":"|j|\u2606Jrmoore896\n|j|\u2606vilosa\n|t:|1699923213\n|gametype|singles\n|player|p1|Jrmoore896|lucas-gen4pt|1541\n|player|p2|vilosa|carmine-festival|1577\n|teamsize|p1|6\n|teamsize|p2|6\n|gen|9\n|tier|[Gen 9] OU\n|rated|\n|rule|Sleep Clause Mod: Limit one foe put to sleep\n|rule|Species Clause: Limit one of each Pok\u00e9mon\n|rule|OHKO Clause: OHKO moves are banned\n|rule|Evasion Items Clause: Evasion items are banned\n|rule|Evasion Moves Clause: Evasion moves are banned\n|rule|Endless Battle Clause: Forcing endless battles is banned\n|rule|HP Percentage Mod: HP is shown in percentages\n|clearpoke\n|poke|p1|Sneasler, M|\n|poke|p1|Rillaboom, M|\n|poke|p1|Dondozo, M|\n|poke|p1|Clodsire, M|\n|poke|p1|Great Tusk|\n|poke|p1|Enamorus, F|\n|poke|p2|Ninetales-Alola, M|\n|poke|p2|Maushold|\n|poke|p2|Dragonite, M|\n|poke|p2|Ceruledge, F|\n|poke|p2|Kingambit, F|\n|poke|p2|Ogerpon-Cornerstone, F|\n|teampreview\n|inactive|Battle timer is ON: inactive players will automatically lose when time's up. (requested by Jrmoore896)\n|\n|t:|1699923239\n|start\n|switch|p1a: Rillaboom|Rillaboom, M|100\/100\n|switch|p2a: Ninetales|Ninetales-Alola, M|100\/100\n|-weather|Snow|[from] ability: Snow Warning|[of] p2a: Ninetales\n|-fieldstart|move: Grassy Terrain|[from] ability: Grassy Surge|[of] p1a: Rillaboom\n|turn|1\n|j| SandGetsEverywhere\n|\n|t:|1699923250\n|move|p2a: Ninetales|Aurora Veil|p2a: Ninetales\n|-sidestart|p2: vilosa|move: Aurora Veil\n|move|p1a: Rillaboom|Knock Off|p2a: Ninetales\n|-resisted|p2a: Ninetales\n|-damage|p2a: Ninetales|90\/100\n|-enditem|p2a: Ninetales|Light Clay|[from] move: Knock Off|[of] p1a: Rillaboom\n|\n|-weather|Snow|[upkeep]\n|-heal|p2a: Ninetales|96\/100|[from] Grassy Terrain\n|upkeep\n|turn|2\n|\n|t:|1699923266\n|switch|p1a: Clodsire|Clodsire, M, shiny|100\/100\n|move|p2a: Ninetales|Freeze-Dry|p1a: Clodsire\n|-supereffective|p1a: Clodsire\n|-damage|p1a: Clodsire|79\/100\n|\n|-weather|Snow|[upkeep]\n|-heal|p2a: Ninetales|100\/100|[from] Grassy Terrain\n|-heal|p1a: Clodsire|86\/100|[from] Grassy Terrain\n|-heal|p1a: Clodsire|92\/100|[from] item: Leftovers\n|upkeep\n|turn|3\n|\n|t:|1699923280\n|switch|p2a: Maushold|Maushold|100\/100\n|move|p1a: Clodsire|Toxic|p2a: Maushold\n|-status|p2a: Maushold|tox\n|\n|-weather|Snow|[upkeep]\n|-heal|p1a: Clodsire|98\/100|[from] Grassy Terrain\n|-heal|p1a: Clodsire|100\/100|[from] item: Leftovers\n|-damage|p2a: Maushold|94\/100 tox|[from] psn\n|upkeep\n|turn|4\n|\n|t:|1699923296\n|switch|p2a: Ogerpon|Ogerpon-Cornerstone, F|100\/100\n|switch|p1a: Dondozo|Dondozo, M|100\/100\n|\n|-weather|Snow|[upkeep]\n|upkeep\n|turn|5\n|l| SandGetsEverywhere\n|inactive|Jrmoore896 has 120 seconds left.\n|\n|t:|1699923317\n|switch|p1a: Rillaboom|Rillaboom, M|100\/100\n|move|p2a: Ogerpon|Swords Dance|p2a: Ogerpon\n|-boost|p2a: Ogerpon|atk|2\n|\n|-weather|none\n|-fieldend|move: Grassy Terrain\n|upkeep\n|turn|6\n|inactive|Jrmoore896 has 120 seconds left.\n|\n|t:|1699923336\n|switch|p1a: Clodsire|Clodsire, M, shiny|100\/100\n|move|p2a: Ogerpon|Ivy Cudgel|p1a: Clodsire\n|-resisted|p1a: Clodsire\n|-damage|p1a: Clodsire|66\/100\n|\n|-heal|p1a: Clodsire|72\/100|[from] item: Leftovers\n|upkeep\n|turn|7\n|inactive|Jrmoore896 has 120 seconds left.\n|inactive|vilosa has 120 seconds left.\n|\n|t:|1699923378\n|switch|p2a: Maushold|Maushold|94\/100 tox\n|move|p1a: Clodsire|Toxic|p2a: Maushold\n|-fail|p2a: Maushold|tox\n|\n|-heal|p1a: Clodsire|79\/100|[from] item: Leftovers\n|-damage|p2a: Maushold|88\/100 tox|[from] psn\n|upkeep\n|turn|8\n|inactive|Jrmoore896 has 120 seconds left.\n|\n|t:|1699923395\n|move|p2a: Maushold|Population Bomb|p1a: Clodsire\n|-damage|p1a: Clodsire|66\/100\n|-damage|p1a: Clodsire|54\/100\n|-damage|p1a: Clodsire|43\/100\n|-damage|p1a: Clodsire|32\/100\n|-damage|p1a: Clodsire|19\/100\n|-damage|p1a: Clodsire|8\/100\n|-damage|p1a: Clodsire|0 fnt\n|faint|p1a: Clodsire\n|-hitcount|p1: Clodsire|7\n|\n|-damage|p2a: Maushold|76\/100 tox|[from] psn\n|-sideend|p2: vilosa|move: Aurora Veil\n|upkeep\n|\n|t:|1699923410\n|switch|p1a: Enamorus|Enamorus, F|100\/100\n|turn|9\n|\n|t:|1699923417\n|switch|p2a: Ninetales|Ninetales-Alola, M|100\/100\n|-weather|Snow|[from] ability: Snow Warning|[of] p2a: Ninetales\n|move|p1a: Enamorus|Moonblast|p2a: Ninetales\n|-damage|p2a: Ninetales|47\/100\n|-unboost|p2a: Ninetales|spa|1\n|\n|-weather|Snow|[upkeep]\n|upkeep\n|turn|10\n|\n|t:|1699923427\n|move|p1a: Enamorus|Moonblast|p2a: Ninetales\n|-damage|p2a: Ninetales|0 fnt\n|faint|p2a: Ninetales\n|\n|-weather|Snow|[upkeep]\n|upkeep\n|\n|t:|1699923433\n|switch|p2a: Ceruledge|Ceruledge, F|100\/100\n|turn|11\n|inactive|Jrmoore896 has 120 seconds left.\n|\n|t:|1699923440\n|switch|p1a: Dondozo|Dondozo, M|100\/100\n|move|p2a: Ceruledge|Swords Dance|p2a: Ceruledge\n|-boost|p2a: Ceruledge|atk|2\n|\n|-weather|Snow|[upkeep]\n|upkeep\n|turn|12\n|inactive|Jrmoore896 has 120 seconds left.\n|\n|t:|1699923452\n|move|p2a: Ceruledge|Poltergeist|p1a: Dondozo\n|-activate|p1a: Dondozo|move: Poltergeist|Leftovers\n|-damage|p1a: Dondozo|75\/100\n|move|p1a: Dondozo|Liquidation|p2a: Ceruledge\n|-supereffective|p2a: Ceruledge\n|-crit|p2a: Ceruledge\n|-enditem|p2a: Ceruledge|Focus Sash\n|-damage|p2a: Ceruledge|1\/100\n|-ability|p2a: Ceruledge|Weak Armor|boost\n|-unboost|p2a: Ceruledge|def|1\n|-boost|p2a: Ceruledge|spe|2\n|\n|-weather|Snow|[upkeep]\n|-heal|p1a: Dondozo|81\/100|[from] item: Leftovers\n|upkeep\n|turn|13\n|inactive|Jrmoore896 has 120 seconds left.\n|\n|t:|1699923467\n|move|p2a: Ceruledge|Destiny Bond|p2a: Ceruledge\n|-singlemove|p2a: Ceruledge|Destiny Bond\n|move|p1a: Dondozo|Liquidation|p2a: Ceruledge\n|-supereffective|p2a: Ceruledge\n|-damage|p2a: Ceruledge|0 fnt\n|faint|p2a: Ceruledge\n|-activate|p2a: Ceruledge|move: Destiny Bond\n|faint|p1a: Dondozo\n|\n|-weather|none\n|upkeep\n|inactive|Jrmoore896 has 120 seconds left.\n|j| SandGetsEverywhere\n|\n|t:|1699923486\n|switch|p2a: Maushold|Maushold|76\/100 tox\n|switch|p1a: Rillaboom|Rillaboom, M|100\/100\n|-fieldstart|move: Grassy Terrain|[from] ability: Grassy Surge|[of] p1a: Rillaboom\n|turn|14\n|l| SandGetsEverywhere\n|inactive|Jrmoore896 has 120 seconds left.\n|\n|t:|1699923496\n|move|p1a: Rillaboom|Grassy Glide|p2a: Maushold\n|-damage|p2a: Maushold|0 fnt\n|faint|p2a: Maushold\n|\n|upkeep\n|\n|t:|1699923499\n|switch|p2a: Dragonite|Dragonite, M|100\/100\n|turn|15\n|\n|t:|1699923509\n|switch|p1a: Enamorus|Enamorus, F|100\/100\n|move|p2a: Dragonite|Dragon Dance|p2a: Dragonite\n|-boost|p2a: Dragonite|atk|1\n|-boost|p2a: Dragonite|spe|1\n|\n|upkeep\n|turn|16\n|\n|t:|1699923517\n|-terastallize|p2a: Dragonite|Normal\n|move|p1a: Enamorus|Moonblast|p2a: Dragonite\n|-damage|p2a: Dragonite|72\/100\n|-unboost|p2a: Dragonite|spa|1\n|move|p2a: Dragonite|Dragon Dance|p2a: Dragonite\n|-boost|p2a: Dragonite|atk|1\n|-boost|p2a: Dragonite|spe|1\n|\n|-heal|p2a: Dragonite|78\/100|[from] Grassy Terrain\n|upkeep\n|turn|17\n|\n|t:|1699923536\n|move|p2a: Dragonite|Extreme Speed|p1a: Enamorus\n|-damage|p1a: Enamorus|0 fnt\n|faint|p1a: Enamorus\n|\n|-heal|p2a: Dragonite|84\/100|[from] Grassy Terrain\n|upkeep\n|\n|t:|1699923546\n|switch|p1a: Sneasler|Sneasler, M, shiny|100\/100\n|-enditem|p1a: Sneasler|Grassy Seed\n|-boost|p1a: Sneasler|def|1|[from] item: Grassy Seed\n|turn|18\n|\n|t:|1699923553\n|move|p1a: Sneasler|Close Combat|p2a: Dragonite\n|-supereffective|p2a: Dragonite\n|-damage|p2a: Dragonite|0 fnt\n|-unboost|p1a: Sneasler|def|1\n|-unboost|p1a: Sneasler|spd|1\n|faint|p2a: Dragonite\n|\n|-fieldend|move: Grassy Terrain\n|upkeep\n|\n|t:|1699923557\n|switch|p2a: Ogerpon|Ogerpon-Cornerstone, F|100\/100\n|turn|19\n|\n|t:|1699923570\n|move|p1a: Sneasler|Close Combat|p2a: Ogerpon\n|-supereffective|p2a: Ogerpon\n|-ability|p2a: Ogerpon|Sturdy\n|-damage|p2a: Ogerpon|1\/100\n|-unboost|p1a: Sneasler|def|1\n|-unboost|p1a: Sneasler|spd|1\n|move|p2a: Ogerpon|Ivy Cudgel|p1a: Sneasler\n|-resisted|p1a: Sneasler\n|-crit|p1a: Sneasler\n|-damage|p1a: Sneasler|0 fnt\n|faint|p1a: Sneasler\n|\n|upkeep\n|\n|t:|1699923583\n|switch|p1a: Rillaboom|Rillaboom, M|100\/100\n|-fieldstart|move: Grassy Terrain|[from] ability: Grassy Surge|[of] p1a: Rillaboom\n|turn|20\n|\n|t:|1699923588\n|switch|p2a: Kingambit|Kingambit, F|100\/100\n|-activate|p2a: Kingambit|ability: Supreme Overlord\n|-start|p2a: Kingambit|fallen4|[silent]\n|move|p1a: Rillaboom|U-turn|p2a: Kingambit\n|-damage|p2a: Kingambit|69\/100\n|\n|t:|1699923595\n|switch|p1a: Great Tusk|Great Tusk|100\/100|[from] U-turn\n|\n|-heal|p2a: Kingambit|76\/100|[from] Grassy Terrain\n|upkeep\n|turn|21\n|\n|t:|1699923604\n|move|p1a: Great Tusk|Rapid Spin|p2a: Kingambit\n|-resisted|p2a: Kingambit\n|-damage|p2a: Kingambit|69\/100\n|-boost|p1a: Great Tusk|spe|1\n|move|p2a: Kingambit|Iron Head|p1a: Great Tusk\n|-damage|p1a: Great Tusk|50\/100\n|\n|-heal|p1a: Great Tusk|56\/100|[from] Grassy Terrain\n|-heal|p2a: Kingambit|75\/100|[from] Grassy Terrain\n|upkeep\n|turn|22\n|\n|t:|1699923618\n|-terastallize|p1a: Great Tusk|Ground\n|move|p1a: Great Tusk|Headlong Rush|p2a: Kingambit\n|-supereffective|p2a: Kingambit\n|-damage|p2a: Kingambit|0 fnt\n|-unboost|p1a: Great Tusk|def|1\n|-unboost|p1a: Great Tusk|spd|1\n|faint|p2a: Kingambit\n|-end|p2a: Kingambit|fallen4|[silent]\n|\n|-heal|p1a: Great Tusk|62\/100|[from] Grassy Terrain\n|upkeep\n|\n|t:|1699923621\n|switch|p2a: Ogerpon|Ogerpon-Cornerstone, F|1\/100\n|turn|23\n|-message|vilosa forfeited.\n|\n|win|Jrmoore896\n|raw|Jrmoore896's rating: 1541 &rarr; <strong>1563<\/strong><br \/>(+22 for winning)\n|raw|vilosa's rating: 1577 &rarr; <strong>1555<\/strong><br \/>(-22 for losing)\n|l|\u2606vilosa\n","uploadtime":1699923644,"views":9,"p1id":"jrmoore896","p2id":"vilosa","formatid":"gen9ou","rating":1555,"private":0,"password":""}