{"id":"gen9ou-1991395279","p1":"Hevrax","p2":"APerson5","format":"[Gen 9] OU","log":"|j|\u2606Hevrax\n|j|\u2606APerson5\n|t:|1700073509\n|gametype|singles\n|player|p1|Hevrax|265|1346\n|player|p2|APerson5|doubleteam|1377\n|teamsize|p1|6\n|teamsize|p2|6\n|gen|9\n|tier|[Gen 9] OU\n|rated|\n|rule|Sleep Clause Mod: Limit one foe put to sleep\n|rule|Species Clause: Limit one of each Pok\u00e9mon\n|rule|OHKO Clause: OHKO moves are banned\n|rule|Evasion Items Clause: Evasion items are banned\n|rule|Evasion Moves Clause: Evasion moves are banned\n|rule|Endless Battle Clause: Forcing endless battles is banned\n|rule|HP Percentage Mod: HP is shown in percentages\n|clearpoke\n|poke|p1|Kingambit, M|\n|poke|p1|Great Tusk|\n|poke|p1|Dragapult, M|\n|poke|p1|Ogerpon-Wellspring, F|\n|poke|p1|Blissey, F|\n|poke|p1|Zapdos|\n|poke|p2|Mismagius, F|\n|poke|p2|Kommo-o, M|\n|poke|p2|Ting-Lu|\n|poke|p2|Rillaboom, F|\n|poke|p2|Polteageist|\n|poke|p2|Kingambit, F|\n|teampreview\n|inactive|Battle timer is ON: inactive players will automatically lose when time's up. (requested by APerson5)\n|c|\u2606APerson5|glhf\n|\n|t:|1700073528\n|start\n|switch|p1a: Dragapult|Dragapult, M|100\/100\n|switch|p2a: Ling-Tu|Ting-Lu|100\/100\n|-ability|p2a: Ling-Tu|Vessel of Ruin\n|turn|1\n|\n|t:|1700073531\n|move|p1a: Dragapult|U-turn|p2a: Ling-Tu\n|-supereffective|p2a: Ling-Tu\n|-damage|p2a: Ling-Tu|87\/100\n|inactive|Hevrax has 120 seconds left.\n|l|\u2606Hevrax\n|inactive|Hevrax disconnected and has a minute to reconnect!\n|player|p1|\n|inactive|Hevrax has 30 seconds to reconnect!\n|j|\u2606Hevrax\n|inactive|Hevrax reconnected and has 85 seconds left.\n|player|p1|Hevrax|265\n|\n|t:|1700073597\n|switch|p1a: Great Tusk|Great Tusk|100\/100|[from] U-turn\n|move|p2a: Ling-Tu|Whirlwind|p1a: Great Tusk\n|-end|p1a: Great Tusk|Protosynthesis|[silent]\n|drag|p1a: Kingambit|Kingambit, M|100\/100\n|\n|-heal|p2a: Ling-Tu|93\/100|[from] item: Leftovers\n|upkeep\n|turn|2\n|\n|t:|1700073604\n|-end|p1a: Kingambit|fallenundefined|[silent]\n|switch|p1a: Great Tusk|Great Tusk|100\/100\n|move|p2a: Ling-Tu|Stealth Rock|p1a: Great Tusk\n|-sidestart|p1: Hevrax|move: Stealth Rock\n|\n|-heal|p2a: Ling-Tu|99\/100|[from] item: Leftovers\n|upkeep\n|turn|3\n|\n|t:|1700073612\n|switch|p2a: Magmisus|Mismagius, F|100\/100\n|move|p1a: Great Tusk|Rapid Spin|p2a: Magmisus\n|-immune|p2a: Magmisus\n|\n|upkeep\n|turn|4\n|\n|t:|1700073621\n|move|p2a: Magmisus|Memento|p1a: Great Tusk\n|-unboost|p1a: Great Tusk|atk|2\n|-unboost|p1a: Great Tusk|spa|2\n|faint|p2a: Magmisus\n|move|p1a: Great Tusk|Knock Off|p2: Magmisus|[notarget]\n|-fail|p1a: Great Tusk\n|\n|upkeep\n|\n|t:|1700073624\n|switch|p2a: Poltgeistea|Polteageist|100\/100\n|turn|5\n|inactive|Hevrax has 120 seconds left.\n|\n|t:|1700073642\n|-end|p1a: Great Tusk|Protosynthesis|[silent]\n|switch|p1a: Kingambit|Kingambit, M|100\/100\n|-damage|p1a: Kingambit|94\/100|[from] Stealth Rock\n|move|p2a: Poltgeistea|Shell Smash|p2a: Poltgeistea\n|-unboost|p2a: Poltgeistea|def|1\n|-unboost|p2a: Poltgeistea|spd|1\n|-boost|p2a: Poltgeistea|atk|2\n|-boost|p2a: Poltgeistea|spa|2\n|-boost|p2a: Poltgeistea|spe|2\n|-enditem|p2a: Poltgeistea|White Herb\n|-clearnegativeboost|p2a: Poltgeistea|[silent]\n|\n|upkeep\n|turn|6\n|\n|t:|1700073656\n|-end|p1a: Kingambit|fallenundefined|[silent]\n|switch|p1a: Blissey|Blissey, F|100\/100\n|move|p2a: Poltgeistea|Shadow Ball|p1a: Blissey\n|-immune|p1a: Blissey\n|\n|upkeep\n|turn|7\n|inactive|Hevrax has 120 seconds left.\n|\n|t:|1700073664\n|move|p2a: Poltgeistea|Shell Smash|p2a: Poltgeistea\n|-unboost|p2a: Poltgeistea|def|1\n|-unboost|p2a: Poltgeistea|spd|1\n|-boost|p2a: Poltgeistea|atk|2\n|-boost|p2a: Poltgeistea|spa|2\n|-boost|p2a: Poltgeistea|spe|2\n|move|p1a: Blissey|Shadow Ball|p2a: Poltgeistea\n|-supereffective|p2a: Poltgeistea\n|-damage|p2a: Poltgeistea|48\/100\n|\n|upkeep\n|turn|8\n|\n|t:|1700073670\n|move|p2a: Poltgeistea|Stored Power|p1a: Blissey\n|-crit|p1a: Blissey\n|-damage|p1a: Blissey|0 fnt\n|faint|p1a: Blissey\n|\n|upkeep\n|\n|t:|1700073680\n|switch|p1a: Kingambit|Kingambit, M|94\/100\n|-damage|p1a: Kingambit|88\/100|[from] Stealth Rock\n|-activate|p1a: Kingambit|ability: Supreme Overlord\n|-start|p1a: Kingambit|fallen1|[silent]\n|turn|9\n|\n|t:|1700073685\n|move|p1a: Kingambit|Sucker Punch|p2a: Poltgeistea\n|-supereffective|p2a: Poltgeistea\n|-damage|p2a: Poltgeistea|0 fnt\n|faint|p2a: Poltgeistea\n|\n|upkeep\n|\n|t:|1700073689\n|switch|p2a: Ling-Tu|Ting-Lu|99\/100\n|-ability|p2a: Ling-Tu|Vessel of Ruin\n|turn|10\n|\n|t:|1700073693\n|-end|p1a: Kingambit|fallen1|[silent]\n|switch|p1a: Great Tusk|Great Tusk|100\/100\n|-damage|p1a: Great Tusk|98\/100|[from] Stealth Rock\n|switch|p2a: BillaRoom|Rillaboom, F|100\/100\n|-fieldstart|move: Grassy Terrain|[from] ability: Grassy Surge|[of] p2a: BillaRoom\n|\n|-heal|p1a: Great Tusk|100\/100|[from] Grassy Terrain\n|upkeep\n|turn|11\n|\n|t:|1700073697\n|-end|p1a: Great Tusk|Protosynthesis|[silent]\n|switch|p1a: Zapdos|Zapdos|100\/100\n|move|p2a: BillaRoom|Grassy Glide|p1a: Zapdos\n|-resisted|p1a: Zapdos\n|-damage|p1a: Zapdos|77\/100\n|-status|p2a: BillaRoom|par|[from] ability: Static|[of] p1a: Zapdos\n|\n|upkeep\n|turn|12\n|\n|t:|1700073705\n|switch|p2a: Ling-Tu|Ting-Lu|99\/100\n|-ability|p2a: Ling-Tu|Vessel of Ruin\n|move|p1a: Zapdos|Hurricane|p2a: Ling-Tu|[miss]\n|-miss|p1a: Zapdos|p2a: Ling-Tu\n|\n|-heal|p2a: Ling-Tu|100\/100|[from] Grassy Terrain\n|upkeep\n|turn|13\n|\n|t:|1700073716\n|move|p1a: Zapdos|Hurricane|p2a: Ling-Tu\n|-damage|p2a: Ling-Tu|75\/100\n|move|p2a: Ling-Tu|Whirlwind|p1a: Zapdos\n|drag|p1a: Ogerpon|Ogerpon-Wellspring, F|100\/100\n|-damage|p1a: Ogerpon|88\/100|[from] Stealth Rock\n|\n|-heal|p1a: Ogerpon|94\/100|[from] Grassy Terrain\n|-heal|p2a: Ling-Tu|81\/100|[from] Grassy Terrain\n|-heal|p2a: Ling-Tu|88\/100|[from] item: Leftovers\n|upkeep\n|turn|14\n|\n|t:|1700073724\n|move|p1a: Ogerpon|Ivy Cudgel|p2a: Ling-Tu|[anim] Ivy Cudgel Water\n|-supereffective|p2a: Ling-Tu\n|-damage|p2a: Ling-Tu|42\/100\n|move|p2a: Ling-Tu|Body Slam|p1a: Ogerpon\n|-damage|p1a: Ogerpon|66\/100\n|\n|-heal|p1a: Ogerpon|72\/100|[from] Grassy Terrain\n|-heal|p2a: Ling-Tu|48\/100|[from] Grassy Terrain\n|-heal|p2a: Ling-Tu|54\/100|[from] item: Leftovers\n|-fieldend|move: Grassy Terrain\n|upkeep\n|turn|15\n|\n|t:|1700073737\n|switch|p2a: BillaRoom|Rillaboom, F|100\/100 par\n|-fieldstart|move: Grassy Terrain|[from] ability: Grassy Surge|[of] p2a: BillaRoom\n|move|p1a: Ogerpon|U-turn|p2a: BillaRoom\n|-supereffective|p2a: BillaRoom\n|-damage|p2a: BillaRoom|45\/100 par\n|\n|t:|1700073746\n|switch|p1a: Zapdos|Zapdos|77\/100|[from] U-turn\n|\n|-heal|p2a: BillaRoom|51\/100 par|[from] Grassy Terrain\n|upkeep\n|turn|16\n|\n|t:|1700073752\n|move|p1a: Zapdos|Hurricane|p2a: BillaRoom|[miss]\n|-miss|p1a: Zapdos|p2a: BillaRoom\n|move|p2a: BillaRoom|U-turn|p1a: Zapdos\n|-resisted|p1a: Zapdos\n|-damage|p1a: Zapdos|62\/100\n|\n|t:|1700073758\n|switch|p2a: Ling-Tu|Ting-Lu|54\/100|[from] U-turn\n|-ability|p2a: Ling-Tu|Vessel of Ruin\n|\n|-heal|p2a: Ling-Tu|60\/100|[from] Grassy Terrain\n|-heal|p2a: Ling-Tu|67\/100|[from] item: Leftovers\n|upkeep\n|turn|17\n|\n|t:|1700073762\n|move|p1a: Zapdos|Roost|p1a: Zapdos\n|-heal|p1a: Zapdos|100\/100\n|-singleturn|p1a: Zapdos|move: Roost\n|move|p2a: Ling-Tu|Spikes|p1a: Zapdos\n|-sidestart|p1: Hevrax|Spikes\n|\n|-heal|p2a: Ling-Tu|73\/100|[from] Grassy Terrain\n|-heal|p2a: Ling-Tu|79\/100|[from] item: Leftovers\n|upkeep\n|turn|18\n|\n|t:|1700073766\n|switch|p1a: Great Tusk|Great Tusk|100\/100\n|-damage|p1a: Great Tusk|98\/100|[from] Stealth Rock\n|-damage|p1a: Great Tusk|85\/100|[from] Spikes\n|move|p2a: Ling-Tu|Whirlwind|p1a: Great Tusk\n|-end|p1a: Great Tusk|Protosynthesis|[silent]\n|drag|p1a: Dragapult|Dragapult, M|100\/100\n|-damage|p1a: Dragapult|88\/100|[from] Stealth Rock\n|-damage|p1a: Dragapult|76\/100|[from] Spikes\n|\n|-heal|p1a: Dragapult|82\/100|[from] Grassy Terrain\n|-heal|p2a: Ling-Tu|85\/100|[from] Grassy Terrain\n|-heal|p2a: Ling-Tu|92\/100|[from] item: Leftovers\n|upkeep\n|turn|19\n|\n|t:|1700073769\n|move|p1a: Dragapult|U-turn|p2a: Ling-Tu\n|-supereffective|p2a: Ling-Tu\n|-damage|p2a: Ling-Tu|78\/100\n|\n|t:|1700073771\n|switch|p1a: Great Tusk|Great Tusk|85\/100|[from] U-turn\n|-damage|p1a: Great Tusk|82\/100|[from] Stealth Rock\n|-damage|p1a: Great Tusk|70\/100|[from] Spikes\n|move|p2a: Ling-Tu|Spikes|p1a: Great Tusk\n|-sidestart|p1: Hevrax|Spikes\n|\n|-heal|p1a: Great Tusk|76\/100|[from] Grassy Terrain\n|-heal|p1a: Great Tusk|82\/100|[from] item: Leftovers\n|-heal|p2a: Ling-Tu|84\/100|[from] Grassy Terrain\n|-heal|p2a: Ling-Tu|90\/100|[from] item: Leftovers\n|-fieldend|move: Grassy Terrain\n|upkeep\n|turn|20\n|\n|t:|1700073784\n|switch|p2a: Ko-momo|Kommo-o, M|100\/100\n|move|p1a: Great Tusk|Rapid Spin|p2a: Ko-momo\n|-damage|p2a: Ko-momo|87\/100\n|-boost|p1a: Great Tusk|spe|1\n|-sideend|p1: Hevrax|Spikes|[from] move: Rapid Spin|[of] p1a: Great Tusk\n|-sideend|p1: Hevrax|Stealth Rock|[from] move: Rapid Spin|[of] p1a: Great Tusk\n|\n|-heal|p1a: Great Tusk|88\/100|[from] item: Leftovers\n|upkeep\n|turn|21\n|\n|t:|1700073790\n|move|p1a: Great Tusk|Knock Off|p2a: Ko-momo\n|-resisted|p2a: Ko-momo\n|-damage|p2a: Ko-momo|74\/100\n|-enditem|p2a: Ko-momo|Sitrus Berry|[from] move: Knock Off|[of] p1a: Great Tusk\n|move|p2a: Ko-momo|Clangorous Soul|p2a: Ko-momo\n|-boost|p2a: Ko-momo|atk|1\n|-boost|p2a: Ko-momo|def|1\n|-boost|p2a: Ko-momo|spa|1\n|-boost|p2a: Ko-momo|spd|1\n|-boost|p2a: Ko-momo|spe|1\n|-damage|p2a: Ko-momo|41\/100\n|\n|-heal|p1a: Great Tusk|95\/100|[from] item: Leftovers\n|upkeep\n|turn|22\n|\n|t:|1700073802\n|-end|p1a: Great Tusk|Protosynthesis|[silent]\n|switch|p1a: Zapdos|Zapdos|100\/100\n|move|p2a: Ko-momo|Drain Punch|p1a: Zapdos\n|-resisted|p1a: Zapdos\n|-damage|p1a: Zapdos|81\/100\n|-heal|p2a: Ko-momo|54\/100|[from] drain|[of] p1a: Zapdos\n|\n|upkeep\n|turn|23\n|\n|t:|1700073810\n|-terastallize|p2a: Ko-momo|Steel\n|move|p2a: Ko-momo|Clangorous Soul|p2a: Ko-momo\n|-boost|p2a: Ko-momo|atk|1\n|-boost|p2a: Ko-momo|def|1\n|-boost|p2a: Ko-momo|spa|1\n|-boost|p2a: Ko-momo|spd|1\n|-boost|p2a: Ko-momo|spe|1\n|-damage|p2a: Ko-momo|21\/100\n|move|p1a: Zapdos|Hurricane|p2a: Ko-momo|[miss]\n|-miss|p1a: Zapdos|p2a: Ko-momo\n|\n|upkeep\n|turn|24\n|\n|t:|1700073814\n|move|p2a: Ko-momo|Dragon Claw|p1a: Zapdos\n|-damage|p1a: Zapdos|26\/100\n|move|p1a: Zapdos|Heat Wave|p2a: Ko-momo|[miss]\n|-miss|p1a: Zapdos|p2a: Ko-momo\n|\n|upkeep\n|turn|25\n|\n|t:|1700073818\n|move|p2a: Ko-momo|Dragon Claw|p1a: Zapdos\n|-damage|p1a: Zapdos|0 fnt\n|faint|p1a: Zapdos\n|\n|upkeep\n|inactive|Hevrax has 120 seconds left.\n|\n|t:|1700073857\n|switch|p1a: Great Tusk|Great Tusk|95\/100\n|turn|26\n|\n|t:|1700073860\n|move|p2a: Ko-momo|Drain Punch|p1a: Great Tusk\n|-damage|p1a: Great Tusk|52\/100\n|-heal|p2a: Ko-momo|53\/100|[from] drain|[of] p1a: Great Tusk\n|move|p1a: Great Tusk|Earthquake|p2a: Ko-momo\n|-supereffective|p2a: Ko-momo\n|-damage|p2a: Ko-momo|14\/100\n|\n|-heal|p1a: Great Tusk|59\/100|[from] item: Leftovers\n|upkeep\n|turn|27\n|\n|t:|1700073864\n|move|p2a: Ko-momo|Drain Punch|p1a: Great Tusk\n|-damage|p1a: Great Tusk|15\/100\n|-heal|p2a: Ko-momo|46\/100|[from] drain|[of] p1a: Great Tusk\n|move|p1a: Great Tusk|Earthquake|p2a: Ko-momo\n|-supereffective|p2a: Ko-momo\n|-damage|p2a: Ko-momo|1\/100\n|\n|-heal|p1a: Great Tusk|21\/100|[from] item: Leftovers\n|upkeep\n|turn|28\n|\n|t:|1700073884\n|-end|p1a: Great Tusk|Protosynthesis|[silent]\n|switch|p1a: Dragapult|Dragapult, M|82\/100\n|move|p2a: Ko-momo|Drain Punch|p1a: Dragapult\n|-immune|p1a: Dragapult\n|\n|upkeep\n|turn|29\n|\n|t:|1700073896\n|switch|p1a: Kingambit|Kingambit, M|88\/100\n|-activate|p1a: Kingambit|ability: Supreme Overlord\n|-start|p1a: Kingambit|fallen2|[silent]\n|move|p2a: Ko-momo|Dragon Claw|p1a: Kingambit\n|-resisted|p1a: Kingambit\n|-damage|p1a: Kingambit|57\/100\n|\n|upkeep\n|turn|30\n|\n|t:|1700073900\n|move|p1a: Kingambit|Sucker Punch|p2a: Ko-momo\n|-damage|p2a: Ko-momo|0 fnt\n|faint|p2a: Ko-momo\n|\n|upkeep\n|\n|t:|1700073904\n|switch|p2a: Ling-Tu|Ting-Lu|90\/100\n|-ability|p2a: Ling-Tu|Vessel of Ruin\n|turn|31\n|\n|t:|1700073911\n|-end|p1a: Kingambit|fallen2|[silent]\n|switch|p1a: Great Tusk|Great Tusk|21\/100\n|move|p2a: Ling-Tu|Body Slam|p1a: Great Tusk\n|-crit|p1a: Great Tusk\n|-damage|p1a: Great Tusk|0 fnt\n|faint|p1a: Great Tusk\n|-end|p1a: Great Tusk|Protosynthesis|[silent]\n|\n|-heal|p2a: Ling-Tu|96\/100|[from] item: Leftovers\n|upkeep\n|\n|t:|1700073914\n|switch|p1a: Ogerpon|Ogerpon-Wellspring, F|72\/100\n|turn|32\n|\n|t:|1700073918\n|move|p1a: Ogerpon|Ivy Cudgel|p2a: Ling-Tu|[anim] Ivy Cudgel Water\n|-supereffective|p2a: Ling-Tu\n|-crit|p2a: Ling-Tu\n|-damage|p2a: Ling-Tu|29\/100\n|move|p2a: Ling-Tu|Body Slam|p1a: Ogerpon\n|-crit|p1a: Ogerpon\n|-damage|p1a: Ogerpon|33\/100\n|\n|-heal|p2a: Ling-Tu|36\/100|[from] item: Leftovers\n|upkeep\n|turn|33\n|\n|t:|1700073922\n|move|p1a: Ogerpon|Ivy Cudgel|p2a: Ling-Tu|[anim] Ivy Cudgel Water\n|-supereffective|p2a: Ling-Tu\n|-damage|p2a: Ling-Tu|0 fnt\n|faint|p2a: Ling-Tu\n|\n|upkeep\n|\n|t:|1700073925\n|switch|p2a: BillaRoom|Rillaboom, F|51\/100 par\n|-fieldstart|move: Grassy Terrain|[from] ability: Grassy Surge|[of] p2a: BillaRoom\n|turn|34\n|\n|t:|1700073932\n|move|p1a: Ogerpon|U-turn|p2a: BillaRoom\n|-supereffective|p2a: BillaRoom\n|-damage|p2a: BillaRoom|0 fnt\n|faint|p2a: BillaRoom\n|\n|t:|1700073936\n|switch|p1a: Kingambit|Kingambit, M|57\/100|[from] U-turn\n|-activate|p1a: Kingambit|ability: Supreme Overlord\n|-start|p1a: Kingambit|fallen3|[silent]\n|\n|-heal|p1a: Kingambit|63\/100|[from] Grassy Terrain\n|upkeep\n|\n|t:|1700073938\n|switch|p2a: Kingbitam|Kingambit, F|100\/100\n|-activate|p2a: Kingbitam|ability: Supreme Overlord\n|-start|p2a: Kingbitam|fallen5|[silent]\n|turn|35\n|\n|t:|1700073945\n|move|p1a: Kingambit|Swords Dance|p1a: Kingambit\n|-boost|p1a: Kingambit|atk|2\n|move|p2a: Kingbitam|Brick Break|p1a: Kingambit\n|-supereffective|p1a: Kingambit\n|-damage|p1a: Kingambit|0 fnt\n|faint|p1a: Kingambit\n|-end|p1a: Kingambit|fallen3|[silent]\n|\n|upkeep\n|\n|t:|1700073952\n|switch|p1a: Ogerpon|Ogerpon-Wellspring, F|33\/100\n|turn|36\n|\n|t:|1700073959\n|move|p2a: Kingbitam|Sucker Punch||[still]\n|-fail|p2a: Kingbitam\n|move|p1a: Ogerpon|Encore|p2a: Kingbitam\n|-start|p2a: Kingbitam|Encore\n|\n|-heal|p1a: Ogerpon|39\/100|[from] Grassy Terrain\n|upkeep\n|turn|37\n|\n|t:|1700073969\n|switch|p1a: Dragapult|Dragapult, M|82\/100\n|move|p2a: Kingbitam|Sucker Punch||[still]\n|-fail|p2a: Kingbitam\n|\n|-heal|p1a: Dragapult|88\/100|[from] Grassy Terrain\n|upkeep\n|turn|38\n|\n|t:|1700073972\n|switch|p1a: Ogerpon|Ogerpon-Wellspring, F|39\/100\n|move|p2a: Kingbitam|Sucker Punch||[still]\n|-fail|p2a: Kingbitam\n|\n|-heal|p1a: Ogerpon|45\/100|[from] Grassy Terrain\n|-fieldend|move: Grassy Terrain\n|upkeep\n|turn|39\n|\n|t:|1700073975\n|move|p2a: Kingbitam|Sucker Punch||[still]\n|-fail|p2a: Kingbitam\n|move|p1a: Ogerpon|Encore||[still]\n|-fail|p1a: Ogerpon\n|\n|-end|p2a: Kingbitam|Encore\n|upkeep\n|turn|40\n|\n|t:|1700073981\n|move|p2a: Kingbitam|Sucker Punch||[still]\n|-fail|p2a: Kingbitam\n|move|p1a: Ogerpon|Encore|p2a: Kingbitam\n|-start|p2a: Kingbitam|Encore\n|\n|upkeep\n|turn|41\n|\n|t:|1700073985\n|move|p2a: Kingbitam|Sucker Punch||[still]\n|-fail|p2a: Kingbitam\n|move|p1a: Ogerpon|Encore||[still]\n|-fail|p1a: Ogerpon\n|\n|upkeep\n|turn|42\n|\n|t:|1700073987\n|move|p2a: Kingbitam|Sucker Punch||[still]\n|-fail|p2a: Kingbitam\n|move|p1a: Ogerpon|Encore||[still]\n|-fail|p1a: Ogerpon\n|\n|upkeep\n|turn|43\n|\n|t:|1700073993\n|move|p2a: Kingbitam|Sucker Punch|p1a: Ogerpon\n|-damage|p1a: Ogerpon|0 fnt\n|faint|p1a: Ogerpon\n|\n|-end|p2a: Kingbitam|Encore\n|upkeep\n|\n|t:|1700073995\n|switch|p1a: Dragapult|Dragapult, M|88\/100\n|turn|44\n|\n|t:|1700074001\n|move|p1a: Dragapult|Flamethrower|p2a: Kingbitam\n|-supereffective|p2a: Kingbitam\n|-damage|p2a: Kingbitam|31\/100\n|move|p2a: Kingbitam|Iron Head|p1a: Dragapult\n|-damage|p1a: Dragapult|0 fnt\n|faint|p1a: Dragapult\n|\n|win|APerson5\n|raw|Hevrax's rating: 1346 &rarr; <strong>1328<\/strong><br \/>(-18 for losing)\n|raw|APerson5's rating: 1377 &rarr; <strong>1395<\/strong><br \/>(+18 for winning)\n|c|\u2606APerson5|ggs\n|l|\u2606Hevrax\n","uploadtime":1700074020,"views":12,"p1id":"hevrax","p2id":"aperson5","formatid":"gen9ou","rating":1328,"private":0,"password":""}