{"id":"gen9ou-1999677668","p1":"average_angolan","p2":"BeefBoss4-2","format":"[Gen 9] OU","log":"|j|\u2606average_angolan\n|j|\u2606BeefBoss4-2\n|t:|1701107008\n|gametype|singles\n|player|p1|average_angolan|nate|1076\n|player|p2|BeefBoss4-2|turo-ai|1108\n|teamsize|p1|6\n|teamsize|p2|6\n|gen|9\n|tier|[Gen 9] OU\n|rated|\n|rule|Sleep Clause Mod: Limit one foe put to sleep\n|rule|Species Clause: Limit one of each Pok\u00e9mon\n|rule|OHKO Clause: OHKO moves are banned\n|rule|Evasion Items Clause: Evasion items are banned\n|rule|Evasion Moves Clause: Evasion moves are banned\n|rule|Endless Battle Clause: Forcing endless battles is banned\n|rule|HP Percentage Mod: HP is shown in percentages\n|clearpoke\n|poke|p1|Quaquaval, F|\n|poke|p1|Hatterene, F|\n|poke|p1|Blissey, F|\n|poke|p1|Ninetales-Alola, F|\n|poke|p1|Ting-Lu|\n|poke|p1|Ceruledge, F|\n|poke|p2|Thundurus-Therian, M|\n|poke|p2|Torterra, M|\n|poke|p2|Kleavor, M|\n|poke|p2|Greninja-*, M|\n|poke|p2|Goodra-Hisui, F|\n|poke|p2|Zamazenta-*|\n|teampreview\n|inactive|Battle timer is ON: inactive players will automatically lose when time's up. (requested by average_angolan)\n|\n|t:|1701107012\n|start\n|switch|p1a: Ninetales|Ninetales-Alola, F|100\/100\n|switch|p2a: Rain|Greninja, M|100\/100\n|-weather|Snow|[from] ability: Snow Warning|[of] p1a: Ninetales\n|turn|1\n|\n|t:|1701107022\n|move|p2a: Rain|Taunt|p1a: Ninetales\n|-start|p2a: Rain|typechange|Dark|[from] ability: Protean\n|-start|p1a: Ninetales|move: Taunt\n|move|p1a: Ninetales|Moonblast|p2a: Rain\n|-supereffective|p2a: Rain\n|-enditem|p2a: Rain|Focus Sash\n|-damage|p2a: Rain|1\/100\n|-unboost|p2a: Rain|spa|1\n|\n|-weather|Snow|[upkeep]\n|upkeep\n|turn|2\n|\n|t:|1701107034\n|move|p2a: Rain|Spikes|p1a: Ninetales\n|-sidestart|p1: average_angolan|Spikes\n|move|p1a: Ninetales|Blizzard|p2a: Rain\n|-damage|p2a: Rain|0 fnt\n|faint|p2a: Rain\n|\n|-weather|Snow|[upkeep]\n|upkeep\n|\n|t:|1701107039\n|switch|p2a: Reptile|Goodra-Hisui, F|100\/100\n|turn|3\n|\n|t:|1701107044\n|move|p1a: Ninetales|Blizzard|p2a: Reptile\n|-damage|p2a: Reptile|82\/100\n|move|p2a: Reptile|Flash Cannon|p1a: Ninetales\n|-supereffective|p1a: Ninetales\n|-damage|p1a: Ninetales|0 fnt\n|faint|p1a: Ninetales\n|\n|-weather|Snow|[upkeep]\n|upkeep\n|\n|t:|1701107055\n|switch|p1a: Quaquaval|Quaquaval, F|100\/100\n|-damage|p1a: Quaquaval|88\/100|[from] Spikes\n|turn|4\n|\n|t:|1701107061\n|switch|p2a: Raiden|Thundurus-Therian, M|100\/100\n|move|p1a: Quaquaval|Swords Dance|p1a: Quaquaval\n|-boost|p1a: Quaquaval|atk|2\n|\n|-weather|Snow|[upkeep]\n|upkeep\n|turn|5\n|\n|t:|1701107071\n|move|p2a: Raiden|Volt Switch|p1a: Quaquaval\n|-supereffective|p1a: Quaquaval\n|-damage|p1a: Quaquaval|0 fnt\n|faint|p1a: Quaquaval\n|\n|t:|1701107078\n|switch|p2a: Baraka|Kleavor, M|100\/100|[from] Volt Switch\n|\n|-weather|none\n|upkeep\n|\n|t:|1701107089\n|switch|p1a: Ceruledge|Ceruledge, F|100\/100\n|-damage|p1a: Ceruledge|88\/100|[from] Spikes\n|turn|6\n|\n|t:|1701107094\n|move|p1a: Ceruledge|Destiny Bond|p1a: Ceruledge\n|-singlemove|p1a: Ceruledge|Destiny Bond\n|move|p2a: Baraka|Stone Axe|p1a: Ceruledge\n|-supereffective|p1a: Ceruledge\n|-damage|p1a: Ceruledge|0 fnt\n|-sidestart|p1: average_angolan|move: Stealth Rock\n|faint|p1a: Ceruledge\n|-activate|p1a: Ceruledge|move: Destiny Bond\n|faint|p2a: Baraka\n|\n|upkeep\n|\n|t:|1701107122\n|switch|p1a: Ting-Lu|Ting-Lu|100\/100\n|switch|p2a: Tremor|Torterra, M|100\/100\n|-damage|p1a: Ting-Lu|88\/100|[from] Spikes\n|-damage|p1a: Ting-Lu|82\/100|[from] Stealth Rock\n|-ability|p1a: Ting-Lu|Vessel of Ruin\n|turn|7\n|\n|t:|1701107133\n|move|p2a: Tremor|Wood Hammer|p1a: Ting-Lu\n|-supereffective|p1a: Ting-Lu\n|-damage|p1a: Ting-Lu|0 fnt\n|faint|p1a: Ting-Lu\n|-damage|p2a: Tremor|65\/100|[from] Recoil\n|\n|upkeep\n|\n|t:|1701107137\n|switch|p1a: Hatterene|Hatterene, F|100\/100\n|-damage|p1a: Hatterene|88\/100|[from] Spikes\n|-damage|p1a: Hatterene|76\/100|[from] Stealth Rock\n|turn|8\n|\n|t:|1701107142\n|move|p2a: Tremor|Wood Hammer|p1a: Hatterene\n|-damage|p1a: Hatterene|0 fnt\n|faint|p1a: Hatterene\n|-damage|p2a: Tremor|44\/100|[from] Recoil\n|\n|upkeep\n|\n|t:|1701107145\n|switch|p1a: Blissey|Blissey, F|100\/100\n|-damage|p1a: Blissey|88\/100|[from] Spikes\n|-damage|p1a: Blissey|76\/100|[from] Stealth Rock\n|turn|9\n|\n|t:|1701107151\n|move|p2a: Tremor|Wood Hammer|p1a: Blissey\n|-damage|p1a: Blissey|0 fnt\n|faint|p1a: Blissey\n|-damage|p2a: Tremor|0 fnt|[from] Recoil\n|faint|p2a: Tremor\n|\n|win|BeefBoss4-2\n|raw|average_angolan's rating: 1076 &rarr; <strong>1057<\/strong><br \/>(-19 for losing)\n|raw|BeefBoss4-2's rating: 1108 &rarr; <strong>1131<\/strong><br \/>(+23 for winning)\n|l|\u2606average_angolan\n","uploadtime":1701107162,"views":9,"p1id":"averageangolan","p2id":"beefboss42","formatid":"gen9ou","rating":1057,"private":0,"password":""}