{"id":"gen9ou-1993635451","p1":"noobfil","p2":"Glizzward","format":"[Gen 9] OU","log":"|j|\u2606noobfil\n|j|\u2606Glizzward\n|t:|1700339949\n|gametype|singles\n|player|p1|noobfil|nobunaga-conquest|1553\n|player|p2|Glizzward|guzma|1536\n|teamsize|p1|6\n|teamsize|p2|6\n|gen|9\n|tier|[Gen 9] OU\n|rated|\n|rule|Sleep Clause Mod: Limit one foe put to sleep\n|rule|Species Clause: Limit one of each Pok\u00e9mon\n|rule|OHKO Clause: OHKO moves are banned\n|rule|Evasion Items Clause: Evasion items are banned\n|rule|Evasion Moves Clause: Evasion moves are banned\n|rule|Endless Battle Clause: Forcing endless battles is banned\n|rule|HP Percentage Mod: HP is shown in percentages\n|clearpoke\n|poke|p1|Rillaboom, F|\n|poke|p1|Garganacl, F|\n|poke|p1|Great Tusk|\n|poke|p1|Heatran, F|\n|poke|p1|Zapdos|\n|poke|p1|Walking Wake|\n|poke|p2|Iron Valiant|\n|poke|p2|Hatterene, F|\n|poke|p2|Ceruledge, F|\n|poke|p2|Garganacl, M|\n|poke|p2|Kingambit, M|\n|poke|p2|Ursaluna, F|\n|teampreview\n|inactive|Battle timer is ON: inactive players will automatically lose when time's up. (requested by Glizzward)\n|\n|t:|1700339964\n|start\n|switch|p1a: Rillaboom|Rillaboom, F, shiny|100\/100\n|switch|p2a: Iron Valiant|Iron Valiant|100\/100\n|-fieldstart|move: Grassy Terrain|[from] ability: Grassy Surge|[of] p1a: Rillaboom\n|-enditem|p2a: Iron Valiant|Booster Energy\n|-activate|p2a: Iron Valiant|ability: Quark Drive|[fromitem]\n|-start|p2a: Iron Valiant|quarkdrivespe\n|turn|1\n|\n|t:|1700339979\n|move|p2a: Iron Valiant|Destiny Bond|p2a: Iron Valiant\n|-singlemove|p2a: Iron Valiant|Destiny Bond\n|move|p1a: Rillaboom|Wood Hammer|p2a: Iron Valiant\n|-damage|p2a: Iron Valiant|0 fnt\n|faint|p2a: Iron Valiant\n|-activate|p2a: Iron Valiant|move: Destiny Bond\n|-end|p2a: Iron Valiant|Quark Drive|[silent]\n|faint|p1a: Rillaboom\n|\n|upkeep\n|\n|t:|1700339993\n|switch|p2a: Ursaluna|Ursaluna, F|100\/100\n|switch|p1a: Garganacl|Garganacl, F|100\/100\n|turn|2\n|\n|t:|1700340002\n|-terastallize|p1a: Garganacl|Fairy\n|move|p2a: Ursaluna|Swords Dance|p2a: Ursaluna\n|-boost|p2a: Ursaluna|atk|2\n|move|p1a: Garganacl|Iron Defense|p1a: Garganacl\n|-boost|p1a: Garganacl|def|2\n|\n|-status|p2a: Ursaluna|brn|[from] item: Flame Orb\n|upkeep\n|turn|3\n|\n|t:|1700340007\n|move|p2a: Ursaluna|Facade|p1a: Garganacl\n|-damage|p1a: Garganacl|15\/100\n|move|p1a: Garganacl|Iron Defense|p1a: Garganacl\n|-boost|p1a: Garganacl|def|2\n|\n|-heal|p1a: Garganacl|22\/100|[from] Grassy Terrain\n|-heal|p1a: Garganacl|28\/100|[from] item: Leftovers\n|-damage|p2a: Ursaluna|94\/100 brn|[from] brn\n|upkeep\n|turn|4\n|\n|t:|1700340014\n|move|p2a: Ursaluna|Facade|p1a: Garganacl\n|-damage|p1a: Garganacl|0 fnt\n|faint|p1a: Garganacl\n|\n|-heal|p2a: Ursaluna|100\/100 brn|[from] Grassy Terrain\n|-damage|p2a: Ursaluna|94\/100 brn|[from] brn\n|upkeep\n|\n|t:|1700340018\n|switch|p1a: Heatran|Heatran, F, shiny|100\/100\n|turn|5\n|\n|t:|1700340027\n|move|p1a: Heatran|Magma Storm|p2a: Ursaluna\n|-damage|p2a: Ursaluna|54\/100 brn\n|-activate|p2a: Ursaluna|move: Magma Storm|[of] p1a: Heatran\n|move|p2a: Ursaluna|Facade|p1a: Heatran\n|-resisted|p1a: Heatran\n|-damage|p1a: Heatran|0 fnt\n|faint|p1a: Heatran\n|\n|-heal|p2a: Ursaluna|60\/100 brn|[from] Grassy Terrain\n|-damage|p2a: Ursaluna|54\/100 brn|[from] brn\n|-end|p2a: Ursaluna|Magma Storm|[partiallytrapped]|[silent]\n|-fieldend|move: Grassy Terrain\n|upkeep\n|c|\u2606noobfil|that is actually insane\n|\n|t:|1700340036\n|switch|p1a: Walking Wake|Walking Wake|100\/100\n|turn|6\n|c|\u2606Glizzward|insane in the brain\n|\n|t:|1700340049\n|move|p1a: Walking Wake|Scald|p2a: Ursaluna\n|-supereffective|p2a: Ursaluna\n|-damage|p2a: Ursaluna|0 fnt\n|faint|p2a: Ursaluna\n|\n|upkeep\n|\n|t:|1700340058\n|switch|p2a: Hatterene|Hatterene, F|100\/100\n|turn|7\n|\n|t:|1700340062\n|move|p1a: Walking Wake|Flip Turn|p2a: Hatterene\n|-damage|p2a: Hatterene|81\/100\n|\n|t:|1700340065\n|-end|p1a: Walking Wake|Protosynthesis|[silent]\n|switch|p1a: Zapdos|Zapdos, shiny|100\/100|[from] Flip Turn\n|move|p2a: Hatterene|Trick Room|p2a: Hatterene\n|-fieldstart|move: Trick Room|[of] p2a: Hatterene\n|\n|upkeep\n|turn|8\n|\n|t:|1700340074\n|move|p2a: Hatterene|Psychic|p1a: Zapdos\n|-damage|p1a: Zapdos|47\/100\n|move|p1a: Zapdos|Volt Switch|p2a: Hatterene\n|-damage|p2a: Hatterene|50\/100\n|\n|t:|1700340078\n|switch|p1a: Walking Wake|Walking Wake|100\/100|[from] Volt Switch\n|\n|upkeep\n|turn|9\n|\n|t:|1700340085\n|move|p2a: Hatterene|Dazzling Gleam|p1a: Walking Wake\n|-supereffective|p1a: Walking Wake\n|-damage|p1a: Walking Wake|0 fnt\n|faint|p1a: Walking Wake\n|-end|p1a: Walking Wake|Protosynthesis|[silent]\n|\n|upkeep\n|-message|noobfil forfeited.\n|\n|win|Glizzward\n|raw|noobfil's rating: 1553 &rarr; <strong>1532<\/strong><br \/>(-21 for losing)\n|raw|Glizzward's rating: 1536 &rarr; <strong>1557<\/strong><br \/>(+21 for winning)\n|l|\u2606noobfil\n","uploadtime":1700340175,"views":8,"p1id":"noobfil","p2id":"glizzward","formatid":"gen9ou","rating":1532,"private":0,"password":""}