{"id":"gen9ou-1992027443","p1":"Petergriffinonline","p2":"Dettryuo","format":"[Gen 9] OU","log":"|j|\u2606Petergriffinonline\n|j|\u2606Dettryuo\n|t:|1700148941\n|gametype|singles\n|player|p1|Petergriffinonline|crasherwake|1293\n|player|p2|Dettryuo|az|1200\n|teamsize|p1|6\n|teamsize|p2|6\n|gen|9\n|tier|[Gen 9] OU\n|rated|\n|rule|Sleep Clause Mod: Limit one foe put to sleep\n|rule|Species Clause: Limit one of each Pok\u00e9mon\n|rule|OHKO Clause: OHKO moves are banned\n|rule|Evasion Items Clause: Evasion items are banned\n|rule|Evasion Moves Clause: Evasion moves are banned\n|rule|Endless Battle Clause: Forcing endless battles is banned\n|rule|HP Percentage Mod: HP is shown in percentages\n|clearpoke\n|poke|p1|Rillaboom, F|\n|poke|p1|Sneasler, M|\n|poke|p1|Gholdengo|\n|poke|p1|Manaphy|\n|poke|p1|Tyranitar, M|\n|poke|p1|Great Tusk|\n|poke|p2|Flamigo, M|\n|poke|p2|Abomasnow, M|\n|poke|p2|Garganacl, F|\n|poke|p2|Dondozo, F|\n|poke|p2|Lokix, F|\n|poke|p2|Iron Treads|\n|teampreview\n|\n|t:|1700148954\n|start\n|switch|p1a: Tyranitar|Tyranitar, M|100\/100\n|switch|p2a: Lokix|Lokix, F|100\/100\n|-weather|Sandstorm|[from] ability: Sand Stream|[of] p1a: Tyranitar\n|turn|1\n|\n|t:|1700148963\n|switch|p1a: Great Tusk|Great Tusk|100\/100\n|-enditem|p1a: Great Tusk|Booster Energy\n|-activate|p1a: Great Tusk|ability: Protosynthesis|[fromitem]\n|-start|p1a: Great Tusk|protosynthesisspe\n|move|p2a: Lokix|U-turn|p1a: Great Tusk\n|-resisted|p1a: Great Tusk\n|-damage|p1a: Great Tusk|81\/100\n|\n|t:|1700148972\n|switch|p2a: Flamigo|Flamigo, M|100\/100|[from] U-turn\n|\n|-weather|Sandstorm|[upkeep]\n|-damage|p2a: Flamigo|94\/100|[from] Sandstorm\n|upkeep\n|turn|2\n|\n|t:|1700149014\n|move|p2a: Flamigo|Brave Bird|p1a: Great Tusk\n|-supereffective|p1a: Great Tusk\n|-damage|p1a: Great Tusk|6\/100\n|-damage|p2a: Flamigo|59\/100|[from] Recoil\n|move|p1a: Great Tusk|Bulk Up|p1a: Great Tusk\n|-boost|p1a: Great Tusk|atk|1\n|-boost|p1a: Great Tusk|def|1\n|\n|-weather|Sandstorm|[upkeep]\n|-damage|p2a: Flamigo|53\/100|[from] Sandstorm\n|upkeep\n|turn|3\n|\n|t:|1700149026\n|-end|p1a: Great Tusk|Protosynthesis|[silent]\n|switch|p1a: Tyranitar|Tyranitar, M|100\/100\n|move|p2a: Flamigo|Brave Bird|p1a: Tyranitar\n|-resisted|p1a: Tyranitar\n|-damage|p1a: Tyranitar|78\/100\n|-damage|p2a: Flamigo|43\/100|[from] Recoil\n|\n|-weather|Sandstorm|[upkeep]\n|-damage|p2a: Flamigo|37\/100|[from] Sandstorm\n|upkeep\n|turn|4\n|\n|t:|1700149050\n|switch|p2a: Lokix|Lokix, F|100\/100\n|move|p1a: Tyranitar|Knock Off|p2a: Lokix\n|-resisted|p2a: Lokix\n|-damage|p2a: Lokix|69\/100\n|-enditem|p2a: Lokix|Assault Vest|[from] move: Knock Off|[of] p1a: Tyranitar\n|\n|-weather|Sandstorm|[upkeep]\n|-damage|p2a: Lokix|63\/100|[from] Sandstorm\n|upkeep\n|turn|5\n|c|\u2606Dettryuo|what the hell? I switched out to Lokix\n|\n|t:|1700149060\n|move|p2a: Lokix|First Impression|p1a: Tyranitar\n|-supereffective|p1a: Tyranitar\n|-damage|p1a: Tyranitar|21\/100\n|move|p1a: Tyranitar|Stone Edge|p2a: Lokix\n|-supereffective|p2a: Lokix\n|-damage|p2a: Lokix|0 fnt\n|faint|p2a: Lokix\n|\n|-weather|none\n|upkeep\n|\n|t:|1700149068\n|switch|p2a: Flamigo|Flamigo, M|37\/100\n|turn|6\n|c|\u2606Dettryuo|The game played a move I didn't do\n|\n|t:|1700149079\n|switch|p1a: Great Tusk|Great Tusk|6\/100\n|move|p2a: Flamigo|U-turn|p1a: Great Tusk\n|-resisted|p1a: Great Tusk\n|-damage|p1a: Great Tusk|0 fnt\n|faint|p1a: Great Tusk\n|-end|p1a: Great Tusk|Protosynthesis|[silent]\n|\n|t:|1700149084\n|switch|p2a: Abomasnow|Abomasnow, M|100\/100|[from] U-turn\n|-weather|Snow|[from] ability: Snow Warning|[of] p2a: Abomasnow\n|\n|-weather|Snow|[upkeep]\n|upkeep\n|\n|t:|1700149087\n|switch|p1a: Tyranitar|Tyranitar, M|21\/100\n|-weather|Sandstorm|[from] ability: Sand Stream|[of] p1a: Tyranitar\n|turn|7\n|\n|t:|1700149099\n|switch|p2a: Garganacl|Garganacl, F|100\/100\n|move|p1a: Tyranitar|Stone Edge|p2a: Garganacl\n|-damage|p2a: Garganacl|77\/100\n|\n|-weather|Sandstorm|[upkeep]\n|upkeep\n|turn|8\n|\n|t:|1700149106\n|move|p1a: Tyranitar|Knock Off|p2a: Garganacl\n|-damage|p2a: Garganacl|56\/100\n|-damage|p1a: Tyranitar|4\/100|[from] item: Rocky Helmet|[of] p2a: Garganacl\n|-enditem|p2a: Garganacl|Rocky Helmet|[from] move: Knock Off|[of] p1a: Tyranitar\n|move|p2a: Garganacl|Salt Cure|p1a: Tyranitar\n|-damage|p1a: Tyranitar|0 fnt\n|faint|p1a: Tyranitar\n|\n|-weather|Sandstorm|[upkeep]\n|upkeep\n|\n|t:|1700149114\n|switch|p1a: Gholdengo|Gholdengo|100\/100\n|-item|p1a: Gholdengo|Air Balloon\n|turn|9\n|\n|t:|1700149120\n|move|p1a: Gholdengo|Make It Rain|p2a: Garganacl\n|-supereffective|p2a: Garganacl\n|-damage|p2a: Garganacl|0 fnt\n|-unboost|p1a: Gholdengo|spa|1\n|faint|p2a: Garganacl\n|\n|-weather|Sandstorm|[upkeep]\n|upkeep\n|inactive|Battle timer is ON: inactive players will automatically lose when time's up. (requested by Petergriffinonline)\n|\n|t:|1700149166\n|switch|p2a: Flamigo|Flamigo, M|37\/100\n|turn|10\n|\n|t:|1700149171\n|move|p2a: Flamigo|Close Combat|p1a: Gholdengo\n|-supereffective|p1a: Gholdengo\n|-damage|p1a: Gholdengo|0 fnt\n|-unboost|p2a: Flamigo|def|1\n|-unboost|p2a: Flamigo|spd|1\n|-enditem|p1a: Gholdengo|Air Balloon\n|faint|p1a: Gholdengo\n|\n|-weather|Sandstorm|[upkeep]\n|-damage|p2a: Flamigo|31\/100|[from] Sandstorm\n|upkeep\n|\n|t:|1700149175\n|switch|p1a: Rillaboom|Rillaboom, F|100\/100\n|-fieldstart|move: Grassy Terrain|[from] ability: Grassy Surge|[of] p1a: Rillaboom\n|turn|11\n|\n|t:|1700149182\n|move|p2a: Flamigo|Close Combat|p1a: Rillaboom\n|-damage|p1a: Rillaboom|47\/100\n|-unboost|p2a: Flamigo|def|1\n|-unboost|p2a: Flamigo|spd|1\n|move|p1a: Rillaboom|Knock Off|p2a: Flamigo\n|-resisted|p2a: Flamigo\n|-damage|p2a: Flamigo|0 fnt\n|-enditem|p2a: Flamigo|Choice Scarf|[from] move: Knock Off|[of] p1a: Rillaboom\n|faint|p2a: Flamigo\n|\n|-weather|none\n|-heal|p1a: Rillaboom|53\/100|[from] Grassy Terrain\n|upkeep\n|inactive|Dettryuo has 120 seconds left.\n|\n|t:|1700149229\n|switch|p2a: Abomasnow|Abomasnow, M|100\/100\n|-weather|Snow|[from] ability: Snow Warning|[of] p2a: Abomasnow\n|turn|12\n|\n|t:|1700149239\n|move|p1a: Rillaboom|U-turn|p2a: Abomasnow\n|-supereffective|p2a: Abomasnow\n|-damage|p2a: Abomasnow|59\/100\n|\n|t:|1700149242\n|switch|p1a: Sneasler|Sneasler, M, shiny|100\/100|[from] U-turn\n|-enditem|p1a: Sneasler|Grassy Seed\n|-boost|p1a: Sneasler|def|1|[from] item: Grassy Seed\n|move|p2a: Abomasnow|Aurora Veil|p2a: Abomasnow\n|-sidestart|p2: Dettryuo|move: Aurora Veil\n|\n|-weather|Snow|[upkeep]\n|-heal|p2a: Abomasnow|65\/100|[from] Grassy Terrain\n|upkeep\n|turn|13\n|inactive|Dettryuo has 120 seconds left.\n|\n|t:|1700149260\n|-terastallize|p1a: Sneasler|Ice\n|move|p1a: Sneasler|Swords Dance|p1a: Sneasler\n|-boost|p1a: Sneasler|atk|2\n|move|p2a: Abomasnow|Blizzard|p1a: Sneasler\n|-resisted|p1a: Sneasler\n|-damage|p1a: Sneasler|80\/100\n|\n|-weather|Snow|[upkeep]\n|-heal|p1a: Sneasler|86\/100|[from] Grassy Terrain\n|-heal|p2a: Abomasnow|71\/100|[from] Grassy Terrain\n|upkeep\n|turn|14\n|\n|t:|1700149279\n|move|p1a: Sneasler|Close Combat|p2a: Abomasnow\n|-supereffective|p2a: Abomasnow\n|-damage|p2a: Abomasnow|0 fnt\n|-unboost|p1a: Sneasler|def|1\n|-unboost|p1a: Sneasler|spd|1\n|faint|p2a: Abomasnow\n|\n|-weather|Snow|[upkeep]\n|-heal|p1a: Sneasler|92\/100|[from] Grassy Terrain\n|upkeep\n|\n|t:|1700149281\n|switch|p2a: Dondozo|Dondozo, F|100\/100\n|turn|15\n|\n|t:|1700149289\n|switch|p1a: Rillaboom|Rillaboom, F|53\/100\n|-terastallize|p2a: Dondozo|Fairy\n|move|p2a: Dondozo|Body Press|p1a: Rillaboom\n|-damage|p1a: Rillaboom|34\/100\n|\n|-weather|Snow|[upkeep]\n|-heal|p1a: Rillaboom|40\/100|[from] Grassy Terrain\n|-fieldend|move: Grassy Terrain\n|upkeep\n|turn|16\n|inactive|Dettryuo has 120 seconds left.\n|\n|t:|1700149300\n|switch|p2a: Iron Treads|Iron Treads|100\/100\n|-enditem|p2a: Iron Treads|Booster Energy\n|-activate|p2a: Iron Treads|ability: Quark Drive|[fromitem]\n|-start|p2a: Iron Treads|quarkdrivespe\n|move|p1a: Rillaboom|Knock Off|p2a: Iron Treads\n|-damage|p2a: Iron Treads|89\/100\n|\n|-weather|none\n|upkeep\n|turn|17\n|\n|t:|1700149312\n|switch|p1a: Manaphy|Manaphy|100\/100\n|move|p2a: Iron Treads|Rapid Spin|p1a: Manaphy\n|-damage|p1a: Manaphy|90\/100\n|-boost|p2a: Iron Treads|spe|1\n|\n|-heal|p1a: Manaphy|96\/100|[from] item: Leftovers\n|upkeep\n|turn|18\n|\n|t:|1700149318\n|move|p2a: Iron Treads|Earthquake|p1a: Manaphy\n|-damage|p1a: Manaphy|64\/100\n|move|p1a: Manaphy|Acid Armor|p1a: Manaphy\n|-boost|p1a: Manaphy|def|2\n|\n|-heal|p1a: Manaphy|70\/100|[from] item: Leftovers\n|upkeep\n|turn|19\n|\n|t:|1700149324\n|move|p2a: Iron Treads|Earthquake|p1a: Manaphy\n|-damage|p1a: Manaphy|55\/100\n|move|p1a: Manaphy|Acid Armor|p1a: Manaphy\n|-boost|p1a: Manaphy|def|2\n|\n|-heal|p1a: Manaphy|61\/100|[from] item: Leftovers\n|-sideend|p2: Dettryuo|move: Aurora Veil\n|upkeep\n|turn|20\n|\n|t:|1700149329\n|move|p2a: Iron Treads|Volt Switch|p1a: Manaphy\n|-supereffective|p1a: Manaphy\n|-damage|p1a: Manaphy|42\/100\n|\n|t:|1700149331\n|-end|p2a: Iron Treads|Quark Drive|[silent]\n|switch|p2a: Dondozo|Dondozo, F, tera:Fairy|100\/100|[from] Volt Switch\n|move|p1a: Manaphy|Acid Armor|p1a: Manaphy\n|-boost|p1a: Manaphy|def|2\n|\n|-heal|p1a: Manaphy|48\/100|[from] item: Leftovers\n|upkeep\n|turn|21\n|\n|t:|1700149339\n|move|p1a: Manaphy|Stored Power|p2a: Dondozo\n|-damage|p2a: Dondozo|70\/100\n|move|p2a: Dondozo|Curse|p2a: Dondozo\n|-unboost|p2a: Dondozo|spe|1\n|-boost|p2a: Dondozo|atk|1\n|-boost|p2a: Dondozo|def|1\n|\n|-heal|p1a: Manaphy|54\/100|[from] item: Leftovers\n|-heal|p2a: Dondozo|76\/100|[from] item: Leftovers\n|upkeep\n|turn|22\n|\n|t:|1700149342\n|move|p1a: Manaphy|Take Heart|p1a: Manaphy\n|-boost|p1a: Manaphy|spa|1\n|-boost|p1a: Manaphy|spd|1\n|move|p2a: Dondozo|Earthquake|p1a: Manaphy\n|-damage|p1a: Manaphy|21\/100\n|\n|-heal|p1a: Manaphy|27\/100|[from] item: Leftovers\n|-heal|p2a: Dondozo|82\/100|[from] item: Leftovers\n|upkeep\n|turn|23\n|\n|t:|1700149353\n|move|p1a: Manaphy|Stored Power|p2a: Dondozo\n|-crit|p2a: Dondozo\n|-damage|p2a: Dondozo|21\/100\n|move|p2a: Dondozo|Body Press|p1a: Manaphy\n|-damage|p1a: Manaphy|5\/100\n|\n|-heal|p1a: Manaphy|11\/100|[from] item: Leftovers\n|-heal|p2a: Dondozo|27\/100|[from] item: Leftovers\n|upkeep\n|turn|24\n|\n|t:|1700149363\n|move|p1a: Manaphy|Stored Power|p2a: Dondozo\n|-damage|p2a: Dondozo|0 fnt\n|faint|p2a: Dondozo\n|\n|-heal|p1a: Manaphy|17\/100|[from] item: Leftovers\n|upkeep\n|\n|t:|1700149365\n|switch|p2a: Iron Treads|Iron Treads|89\/100\n|turn|25\n|\n|t:|1700149372\n|move|p2a: Iron Treads|Rapid Spin|p1a: Manaphy\n|-damage|p1a: Manaphy|15\/100\n|-boost|p2a: Iron Treads|spe|1\n|move|p1a: Manaphy|Scald|p2a: Iron Treads\n|-supereffective|p2a: Iron Treads\n|-damage|p2a: Iron Treads|0 fnt\n|faint|p2a: Iron Treads\n|-end|p2a: Iron Treads|Quark Drive|[silent]\n|\n|win|Petergriffinonline\n|raw|Petergriffinonline's rating: 1293 &rarr; <strong>1311<\/strong><br \/>(+18 for winning)\n|raw|Dettryuo's rating: 1200 &rarr; <strong>1182<\/strong><br \/>(-18 for losing)\n|l|\u2606Dettryuo\n","uploadtime":1700149381,"views":6,"p1id":"petergriffinonline","p2id":"dettryuo","formatid":"gen9ou","rating":1182,"private":0,"password":""}