{"id":"gen9ou-1994450270","p1":"Infernape369","p2":"Xenosi","format":"[Gen 9] OU","log":"|j|\u2606Infernape369\n|j|\u2606Xenosi\n|t:|1700445306\n|gametype|singles\n|player|p1|Infernape369|ingo|1335\n|player|p2|Xenosi|2|1245\n|teamsize|p1|6\n|teamsize|p2|6\n|gen|9\n|tier|[Gen 9] OU\n|rated|\n|rule|Sleep Clause Mod: Limit one foe put to sleep\n|rule|Species Clause: Limit one of each Pok\u00e9mon\n|rule|OHKO Clause: OHKO moves are banned\n|rule|Evasion Items Clause: Evasion items are banned\n|rule|Evasion Moves Clause: Evasion moves are banned\n|rule|Endless Battle Clause: Forcing endless battles is banned\n|rule|HP Percentage Mod: HP is shown in percentages\n|clearpoke\n|poke|p1|Ceruledge, F|\n|poke|p1|Meowscarada, M|\n|poke|p1|Enamorus, F|\n|poke|p1|Dondozo, F|\n|poke|p1|Slowking-Galar, F|\n|poke|p1|Great Tusk|\n|poke|p2|Kingambit, F|\n|poke|p2|Glimmora, M|\n|poke|p2|Zamazenta-*|\n|poke|p2|Iron Valiant|\n|poke|p2|Iron Moth|\n|poke|p2|Ogerpon-Wellspring, F|\n|teampreview\n|inactive|Battle timer is ON: inactive players will automatically lose when time's up. (requested by Infernape369)\n|\n|t:|1700445323\n|start\n|switch|p1a: Great Tusk|Great Tusk|100\/100\n|switch|p2a: Glimmora|Glimmora, M|100\/100\n|turn|1\n|\n|t:|1700445335\n|switch|p2a: Ogerpon|Ogerpon-Wellspring, F|100\/100\n|move|p1a: Great Tusk|Rapid Spin|p2a: Ogerpon\n|-damage|p2a: Ogerpon|83\/100\n|-boost|p1a: Great Tusk|spe|1\n|\n|upkeep\n|turn|2\n|inactive|Infernape369 has 120 seconds left.\n|\n|t:|1700445375\n|-end|p1a: Great Tusk|Protosynthesis|[silent]\n|switch|p1a: Dondozo|Dondozo, F|100\/100\n|move|p2a: Ogerpon|Power Whip|p1a: Dondozo\n|-supereffective|p1a: Dondozo\n|-damage|p1a: Dondozo|39\/100\n|\n|upkeep\n|turn|3\n|inactive|Infernape369 has 120 seconds left.\n|\n|t:|1700445399\n|switch|p1a: Slowking|Slowking-Galar, F|100\/100\n|move|p2a: Ogerpon|Power Whip|p1a: Slowking|[miss]\n|-miss|p2a: Ogerpon|p1a: Slowking\n|\n|upkeep\n|turn|4\n|inactive|Xenosi has 120 seconds left.\n|\n|t:|1700445430\n|move|p2a: Ogerpon|Ivy Cudgel|p1a: Slowking|[anim] Ivy Cudgel Water\n|-damage|p1a: Slowking|42\/100\n|move|p1a: Slowking|Flamethrower|p2a: Ogerpon\n|-damage|p2a: Ogerpon|54\/100\n|\n|upkeep\n|turn|5\n|\n|t:|1700445439\n|switch|p1a: Meowscarada|Meowscarada, M|100\/100\n|move|p2a: Ogerpon|Power Whip|p1a: Meowscarada\n|-resisted|p1a: Meowscarada\n|-damage|p1a: Meowscarada|50\/100\n|\n|upkeep\n|turn|6\n|inactive|Infernape369 has 120 seconds left.\n|\n|t:|1700445447\n|move|p1a: Meowscarada|U-turn|p2a: Ogerpon\n|-start|p1a: Meowscarada|typechange|Bug|[from] ability: Protean\n|-supereffective|p2a: Ogerpon\n|-damage|p2a: Ogerpon|0 fnt\n|faint|p2a: Ogerpon\n|inactive|Infernape369 has 120 seconds left.\n|\n|t:|1700445477\n|switch|p1a: Great Tusk|Great Tusk|100\/100|[from] U-turn\n|\n|upkeep\n|\n|t:|1700445482\n|switch|p2a: Iron Valiant|Iron Valiant|100\/100\n|-enditem|p2a: Iron Valiant|Booster Energy\n|-activate|p2a: Iron Valiant|ability: Quark Drive|[fromitem]\n|-start|p2a: Iron Valiant|quarkdrivespe\n|turn|7\n|\n|t:|1700445488\n|-end|p1a: Great Tusk|Protosynthesis|[silent]\n|switch|p1a: Slowking|Slowking-Galar, F|75\/100\n|move|p2a: Iron Valiant|Moonblast|p1a: Slowking\n|-resisted|p1a: Slowking\n|-damage|p1a: Slowking|66\/100\n|\n|upkeep\n|turn|8\n|\n|t:|1700445501\n|-end|p2a: Iron Valiant|Quark Drive|[silent]\n|switch|p2a: Kingambit|Kingambit, F|100\/100\n|-activate|p2a: Kingambit|ability: Supreme Overlord\n|-start|p2a: Kingambit|fallen1|[silent]\n|move|p1a: Slowking|Surf|p2a: Kingambit\n|-damage|p2a: Kingambit|76\/100\n|\n|upkeep\n|turn|9\n|inactive|Infernape369 has 120 seconds left.\n|\n|t:|1700445507\n|switch|p1a: Great Tusk|Great Tusk|100\/100\n|move|p2a: Kingambit|Swords Dance|p2a: Kingambit\n|-boost|p2a: Kingambit|atk|2\n|\n|upkeep\n|turn|10\n|inactive|Xenosi has 120 seconds left.\n|\n|t:|1700445555\n|move|p1a: Great Tusk|Stealth Rock|p2a: Kingambit\n|-sidestart|p2: Xenosi|move: Stealth Rock\n|move|p2a: Kingambit|Kowtow Cleave|p1a: Great Tusk\n|-resisted|p1a: Great Tusk\n|-damage|p1a: Great Tusk|71\/100\n|\n|-heal|p1a: Great Tusk|77\/100|[from] item: Leftovers\n|upkeep\n|turn|11\n|inactive|Infernape369 has 120 seconds left.\n|\n|t:|1700445578\n|-end|p2a: Kingambit|fallen1|[silent]\n|switch|p2a: Iron Valiant|Iron Valiant|100\/100\n|-damage|p2a: Iron Valiant|94\/100|[from] Stealth Rock\n|move|p1a: Great Tusk|Rapid Spin|p2a: Iron Valiant\n|-damage|p2a: Iron Valiant|76\/100\n|-boost|p1a: Great Tusk|spe|1\n|\n|-heal|p1a: Great Tusk|83\/100|[from] item: Leftovers\n|upkeep\n|turn|12\n|\n|t:|1700445586\n|-end|p1a: Great Tusk|Protosynthesis|[silent]\n|switch|p1a: Slowking|Slowking-Galar, F|99\/100\n|move|p2a: Iron Valiant|Calm Mind|p2a: Iron Valiant\n|-boost|p2a: Iron Valiant|spa|1\n|-boost|p2a: Iron Valiant|spd|1\n|\n|upkeep\n|turn|13\n|\n|t:|1700445596\n|move|p2a: Iron Valiant|Psyshock|p1a: Slowking\n|-damage|p1a: Slowking|59\/100\n|move|p1a: Slowking|Psychic|p2a: Iron Valiant\n|-supereffective|p2a: Iron Valiant\n|-damage|p2a: Iron Valiant|0 fnt\n|faint|p2a: Iron Valiant\n|-end|p2a: Iron Valiant|Quark Drive|[silent]\n|\n|upkeep\n|\n|t:|1700445604\n|switch|p2a: Iron Moth|Iron Moth|100\/100\n|-damage|p2a: Iron Moth|76\/100|[from] Stealth Rock\n|-enditem|p2a: Iron Moth|Booster Energy\n|-activate|p2a: Iron Moth|ability: Quark Drive|[fromitem]\n|-start|p2a: Iron Moth|quarkdrivespe\n|turn|14\n|\n|t:|1700445609\n|move|p2a: Iron Moth|Fiery Dance|p1a: Slowking\n|-damage|p1a: Slowking|42\/100\n|-boost|p2a: Iron Moth|spa|1\n|move|p1a: Slowking|Surf|p2a: Iron Moth\n|-supereffective|p2a: Iron Moth\n|-damage|p2a: Iron Moth|24\/100\n|\n|upkeep\n|turn|15\n|inactive|Xenosi has 120 seconds left.\n|\n|t:|1700445634\n|move|p2a: Iron Moth|Fiery Dance|p1a: Slowking\n|-damage|p1a: Slowking|18\/100\n|-boost|p2a: Iron Moth|spa|1\n|move|p1a: Slowking|Surf|p2a: Iron Moth\n|-supereffective|p2a: Iron Moth\n|-damage|p2a: Iron Moth|0 fnt\n|faint|p2a: Iron Moth\n|-end|p2a: Iron Moth|Quark Drive|[silent]\n|\n|upkeep\n|\n|t:|1700445647\n|switch|p2a: Zamazenta|Zamazenta|100\/100\n|-damage|p2a: Zamazenta|94\/100|[from] Stealth Rock\n|-ability|p2a: Zamazenta|Dauntless Shield|boost\n|-boost|p2a: Zamazenta|def|1\n|turn|16\n|\n|t:|1700445655\n|switch|p1a: Dondozo|Dondozo, F|39\/100\n|move|p2a: Zamazenta|Crunch|p1a: Dondozo\n|-damage|p1a: Dondozo|27\/100\n|\n|-heal|p2a: Zamazenta|100\/100|[from] item: Leftovers\n|upkeep\n|turn|17\n|\n|t:|1700445664\n|move|p2a: Zamazenta|Body Press|p1a: Dondozo\n|-damage|p1a: Dondozo|11\/100\n|move|p1a: Dondozo|Rest|p1a: Dondozo\n|-status|p1a: Dondozo|slp|[from] move: Rest\n|-heal|p1a: Dondozo|100\/100 slp|[silent]\n|\n|upkeep\n|turn|18\n|\n|t:|1700445670\n|move|p2a: Zamazenta|Iron Defense|p2a: Zamazenta\n|-boost|p2a: Zamazenta|def|2\n|cant|p1a: Dondozo|slp\n|move|p1a: Dondozo|Sleep Talk|p1a: Dondozo\n|move|p1a: Dondozo|Rest||[from]move: Sleep Talk|[still]\n|-fail|p1a: Dondozo\n|\n|upkeep\n|turn|19\n|inactive|Xenosi has 120 seconds left.\n|\n|t:|1700445677\n|move|p2a: Zamazenta|Iron Defense|p2a: Zamazenta\n|-boost|p2a: Zamazenta|def|2\n|cant|p1a: Dondozo|slp\n|move|p1a: Dondozo|Sleep Talk|p1a: Dondozo\n|move|p1a: Dondozo|Rest||[from]move: Sleep Talk|[still]\n|-fail|p1a: Dondozo\n|\n|upkeep\n|turn|20\n|\n|t:|1700445683\n|move|p2a: Zamazenta|Body Press|p1a: Dondozo\n|-damage|p1a: Dondozo|86\/100 slp\n|-curestatus|p1a: Dondozo|slp|[msg]\n|move|p1a: Dondozo|Liquidation|p2a: Zamazenta\n|-damage|p2a: Zamazenta|75\/100\n|-unboost|p2a: Zamazenta|def|1\n|\n|-heal|p2a: Zamazenta|81\/100|[from] item: Leftovers\n|upkeep\n|turn|21\n|\n|t:|1700445697\n|move|p2a: Zamazenta|Crunch|p1a: Dondozo\n|-damage|p1a: Dondozo|75\/100\n|move|p1a: Dondozo|Liquidation|p2a: Zamazenta\n|-damage|p2a: Zamazenta|57\/100\n|\n|-heal|p2a: Zamazenta|63\/100|[from] item: Leftovers\n|upkeep\n|turn|22\n|\n|t:|1700445705\n|move|p2a: Zamazenta|Iron Defense|p2a: Zamazenta\n|-boost|p2a: Zamazenta|def|2\n|move|p1a: Dondozo|Body Press|p2a: Zamazenta\n|-damage|p2a: Zamazenta|37\/100\n|\n|-heal|p2a: Zamazenta|43\/100|[from] item: Leftovers\n|upkeep\n|turn|23\n|\n|t:|1700445713\n|move|p2a: Zamazenta|Body Press|p1a: Dondozo\n|-damage|p1a: Dondozo|61\/100\n|move|p1a: Dondozo|Body Press|p2a: Zamazenta\n|-damage|p2a: Zamazenta|18\/100\n|\n|-heal|p2a: Zamazenta|24\/100|[from] item: Leftovers\n|upkeep\n|turn|24\n|\n|t:|1700445728\n|move|p2a: Zamazenta|Stone Edge|p1a: Dondozo|[miss]\n|-miss|p2a: Zamazenta|p1a: Dondozo\n|move|p1a: Dondozo|Body Press|p2a: Zamazenta\n|-damage|p2a: Zamazenta|2\/100\n|\n|-heal|p2a: Zamazenta|8\/100|[from] item: Leftovers\n|upkeep\n|turn|25\n|\n|t:|1700445735\n|move|p2a: Zamazenta|Body Press|p1a: Dondozo\n|-damage|p1a: Dondozo|46\/100\n|move|p1a: Dondozo|Rest|p1a: Dondozo\n|-status|p1a: Dondozo|slp|[from] move: Rest\n|-heal|p1a: Dondozo|100\/100 slp|[silent]\n|\n|-heal|p2a: Zamazenta|14\/100|[from] item: Leftovers\n|upkeep\n|turn|26\n|\n|t:|1700445744\n|switch|p2a: Glimmora|Glimmora, M|100\/100\n|-damage|p2a: Glimmora|88\/100|[from] Stealth Rock\n|cant|p1a: Dondozo|slp\n|move|p1a: Dondozo|Sleep Talk|p1a: Dondozo\n|move|p1a: Dondozo|Rest||[from]move: Sleep Talk|[still]\n|-fail|p1a: Dondozo\n|\n|upkeep\n|turn|27\n|inactive|Infernape369 has 120 seconds left.\n|\n|t:|1700445776\n|move|p2a: Glimmora|Mortal Spin|p1a: Dondozo\n|-damage|p1a: Dondozo|97\/100 slp\n|-sideend|p2: Xenosi|Stealth Rock|[from] move: Mortal Spin|[of] p2a: Glimmora\n|cant|p1a: Dondozo|slp\n|move|p1a: Dondozo|Sleep Talk|p1a: Dondozo\n|move|p1a: Dondozo|Liquidation|p2a: Glimmora|[from]move: Sleep Talk\n|-supereffective|p2a: Glimmora\n|-damage|p2a: Glimmora|14\/100\n|-activate|p2a: Glimmora|ability: Toxic Debris\n|-sidestart|p1: Infernape369|move: Toxic Spikes\n|\n|upkeep\n|turn|28\n|inactive|Infernape369 has 120 seconds left.\n|\n|t:|1700445797\n|move|p2a: Glimmora|Mortal Spin|p1a: Dondozo\n|-damage|p1a: Dondozo|94\/100 slp\n|-curestatus|p1a: Dondozo|slp|[msg]\n|move|p1a: Dondozo|Liquidation|p2a: Glimmora\n|-supereffective|p2a: Glimmora\n|-damage|p2a: Glimmora|0 fnt\n|-activate|p2a: Glimmora|ability: Toxic Debris\n|-sidestart|p1: Infernape369|move: Toxic Spikes\n|faint|p2a: Glimmora\n|\n|upkeep\n|\n|t:|1700445809\n|switch|p2a: Kingambit|Kingambit, F|76\/100\n|-activate|p2a: Kingambit|ability: Supreme Overlord\n|-start|p2a: Kingambit|fallen4|[silent]\n|turn|29\n|inactive|Infernape369 has 120 seconds left.\n|\n|t:|1700445825\n|move|p2a: Kingambit|Sucker Punch|p1a: Dondozo\n|-damage|p1a: Dondozo|64\/100\n|move|p1a: Dondozo|Liquidation|p2a: Kingambit\n|-damage|p2a: Kingambit|48\/100\n|-unboost|p2a: Kingambit|def|1\n|\n|upkeep\n|turn|30\n|\n|t:|1700445836\n|move|p2a: Kingambit|Swords Dance|p2a: Kingambit\n|-boost|p2a: Kingambit|atk|2\n|move|p1a: Dondozo|Body Press|p2a: Kingambit\n|-supereffective|p2a: Kingambit\n|-damage|p2a: Kingambit|0 fnt\n|faint|p2a: Kingambit\n|-end|p2a: Kingambit|fallen4|[silent]\n|\n|upkeep\n|c|\u2606Infernape369|gg\n|\n|t:|1700445842\n|switch|p2a: Zamazenta|Zamazenta|14\/100\n|turn|31\n|c|\u2606Xenosi|gg\n|c|\u2606Xenosi|unaware\n|c|\u2606Xenosi|:(\n|inactive|Infernape369 has 120 seconds left.\n|\n|t:|1700445866\n|move|p2a: Zamazenta|Stone Edge|p1a: Dondozo\n|-damage|p1a: Dondozo|50\/100\n|move|p1a: Dondozo|Body Press|p2a: Zamazenta\n|-damage|p2a: Zamazenta|0 fnt\n|faint|p2a: Zamazenta\n|\n|win|Infernape369\n|raw|Infernape369's rating: 1335 &rarr; <strong>1350<\/strong><br \/>(+15 for winning)\n|raw|Xenosi's rating: 1245 &rarr; <strong>1226<\/strong><br \/>(-19 for losing)\n","uploadtime":1700445873,"views":21,"p1id":"infernape369","p2id":"xenosi","formatid":"gen9ou","rating":1226,"private":0,"password":""}