{"id":"gen9ou-1993315831","p1":"SHROODLER","p2":"ShadqwDrag","format":"[Gen 9] OU","log":"|j|\u2606SHROODLER\n|j|\u2606ShadqwDrag\n|t:|1700296679\n|gametype|singles\n|player|p1|SHROODLER|theroyal|1117\n|player|p2|ShadqwDrag|cynthia-gen4|1052\n|teamsize|p1|6\n|teamsize|p2|6\n|gen|9\n|tier|[Gen 9] OU\n|rated|\n|rule|Sleep Clause Mod: Limit one foe put to sleep\n|rule|Species Clause: Limit one of each Pok\u00e9mon\n|rule|OHKO Clause: OHKO moves are banned\n|rule|Evasion Items Clause: Evasion items are banned\n|rule|Evasion Moves Clause: Evasion moves are banned\n|rule|Endless Battle Clause: Forcing endless battles is banned\n|rule|HP Percentage Mod: HP is shown in percentages\n|clearpoke\n|poke|p1|Farigiraf, M|\n|poke|p1|Thwackey, M|\n|poke|p1|Shroodle, F|\n|poke|p1|Dugtrio-Alola, M|\n|poke|p1|Vivillon-Pokeball, F|\n|poke|p1|Haunter, M|\n|poke|p2|Glimmora, F|\n|poke|p2|Skeledirge, M|\n|poke|p2|Cinderace, F|\n|poke|p2|Kingambit, M|\n|poke|p2|Iron Valiant|\n|poke|p2|Amoonguss, M|\n|teampreview\n|inactive|Battle timer is ON: inactive players will automatically lose when time's up. (requested by SHROODLER)\n|\n|t:|1700296695\n|start\n|switch|p1a: Dugtrio|Dugtrio-Alola, M|100\/100\n|switch|p2a: Skeledirge|Skeledirge, M|100\/100\n|turn|1\n|\n|t:|1700296702\n|move|p1a: Dugtrio|Stealth Rock|p2a: Skeledirge\n|-sidestart|p2: ShadqwDrag|move: Stealth Rock\n|move|p2a: Skeledirge|Torch Song|p1a: Dugtrio\n|-supereffective|p1a: Dugtrio\n|-enditem|p1a: Dugtrio|Focus Sash\n|-damage|p1a: Dugtrio|1\/100\n|-boost|p2a: Skeledirge|spa|1\n|\n|upkeep\n|turn|2\n|\n|t:|1700296715\n|move|p1a: Dugtrio|Earthquake|p2a: Skeledirge\n|-supereffective|p2a: Skeledirge\n|-damage|p2a: Skeledirge|34\/100\n|move|p2a: Skeledirge|Torch Song|p1a: Dugtrio\n|-supereffective|p1a: Dugtrio\n|-damage|p1a: Dugtrio|0 fnt\n|-boost|p2a: Skeledirge|spa|1\n|faint|p1a: Dugtrio\n|\n|upkeep\n|\n|t:|1700296718\n|switch|p1a: Haunter|Haunter, M|100\/100\n|turn|3\n|\n|t:|1700296728\n|move|p1a: Haunter|Trick|p2a: Skeledirge\n|-activate|p1a: Haunter|move: Trick|[of] p2a: Skeledirge\n|-item|p2a: Skeledirge|Choice Scarf|[from] move: Trick\n|-item|p1a: Haunter|Rocky Helmet|[from] move: Trick\n|move|p2a: Skeledirge|Rest|p2a: Skeledirge\n|-status|p2a: Skeledirge|slp|[from] move: Rest\n|-heal|p2a: Skeledirge|100\/100 slp|[silent]\n|\n|upkeep\n|turn|4\n|inactive|ShadqwDrag has 120 seconds left.\n|\n|t:|1700296765\n|switch|p2a: Kingambit|Kingambit, M|100\/100\n|-damage|p2a: Kingambit|94\/100|[from] Stealth Rock\n|move|p1a: Haunter|Shadow Ball|p2a: Kingambit\n|-resisted|p2a: Kingambit\n|-damage|p2a: Kingambit|75\/100\n|\n|upkeep\n|turn|5\n|inactive|ShadqwDrag has 120 seconds left.\n|\n|t:|1700296775\n|move|p1a: Haunter|Destiny Bond|p1a: Haunter\n|-singlemove|p1a: Haunter|Destiny Bond\n|move|p2a: Kingambit|Kowtow Cleave|p1a: Haunter\n|-supereffective|p1a: Haunter\n|-damage|p1a: Haunter|0 fnt\n|-damage|p2a: Kingambit|58\/100|[from] item: Rocky Helmet|[of] p1a: Haunter\n|faint|p1a: Haunter\n|-activate|p1a: Haunter|move: Destiny Bond\n|faint|p2a: Kingambit\n|-end|p2a: Kingambit|fallenundefined|[silent]\n|\n|upkeep\n|inactive|ShadqwDrag has 120 seconds left.\n|\n|t:|1700296788\n|switch|p1a: Thwackey|Thwackey, M|100\/100\n|switch|p2a: Skeledirge|Skeledirge, M|100\/100 slp\n|-damage|p2a: Skeledirge|75\/100 slp|[from] Stealth Rock\n|-fieldstart|move: Grassy Terrain|[from] ability: Grassy Surge|[of] p1a: Thwackey\n|turn|6\n|\n|t:|1700296796\n|cant|p2a: Skeledirge|slp\n|move|p1a: Thwackey|Knock Off|p2a: Skeledirge\n|-supereffective|p2a: Skeledirge\n|-damage|p2a: Skeledirge|32\/100 slp\n|-enditem|p2a: Skeledirge|Choice Scarf|[from] move: Knock Off|[of] p1a: Thwackey\n|\n|-heal|p2a: Skeledirge|38\/100 slp|[from] Grassy Terrain\n|upkeep\n|turn|7\n|\n|t:|1700296805\n|move|p1a: Thwackey|U-turn|p2a: Skeledirge\n|-resisted|p2a: Skeledirge\n|-crit|p2a: Skeledirge\n|-damage|p2a: Skeledirge|33\/100 slp\n|\n|t:|1700296810\n|switch|p1a: SHROODLE NATION|Shroodle, F|100\/100|[from] U-turn\n|-enditem|p1a: SHROODLE NATION|Grassy Seed\n|-boost|p1a: SHROODLE NATION|def|1|[from] item: Grassy Seed\n|cant|p2a: Skeledirge|slp\n|\n|-heal|p2a: Skeledirge|39\/100 slp|[from] Grassy Terrain\n|upkeep\n|turn|8\n|\n|t:|1700296821\n|switch|p2a: Iron Valiant|Iron Valiant|100\/100\n|-damage|p2a: Iron Valiant|94\/100|[from] Stealth Rock\n|move|p1a: SHROODLE NATION|Swords Dance|p1a: SHROODLE NATION\n|-boost|p1a: SHROODLE NATION|atk|2\n|\n|-heal|p2a: Iron Valiant|100\/100|[from] Grassy Terrain\n|upkeep\n|turn|9\n|\n|t:|1700296833\n|move|p1a: SHROODLE NATION|Acrobatics|p2a: Iron Valiant\n|-supereffective|p2a: Iron Valiant\n|-damage|p2a: Iron Valiant|0 fnt\n|faint|p2a: Iron Valiant\n|-end|p2a: Iron Valiant|Quark Drive|[silent]\n|\n|upkeep\n|\n|t:|1700296845\n|switch|p2a: Amoonguss|Amoonguss, M|100\/100\n|-damage|p2a: Amoonguss|88\/100|[from] Stealth Rock\n|turn|10\n|\n|t:|1700296850\n|move|p1a: SHROODLE NATION|Acrobatics|p2a: Amoonguss\n|-supereffective|p2a: Amoonguss\n|-damage|p2a: Amoonguss|0 fnt\n|-status|p1a: SHROODLE NATION|par|[from] ability: Effect Spore|[of] p2a: Amoonguss\n|faint|p2a: Amoonguss\n|\n|-fieldend|move: Grassy Terrain\n|upkeep\n|\n|t:|1700296858\n|switch|p2a: Cinderace|Cinderace, F, shiny|100\/100\n|-damage|p2a: Cinderace|76\/100|[from] Stealth Rock\n|turn|11\n|\n|t:|1700296865\n|move|p2a: Cinderace|High Jump Kick|p1a: SHROODLE NATION\n|-start|p2a: Cinderace|typechange|Fighting|[from] ability: Libero\n|-damage|p1a: SHROODLE NATION|0 fnt\n|faint|p1a: SHROODLE NATION\n|-damage|p2a: Cinderace|66\/100|[from] item: Life Orb\n|\n|upkeep\n|\n|t:|1700296869\n|switch|p1a: Thwackey|Thwackey, M|100\/100\n|-fieldstart|move: Grassy Terrain|[from] ability: Grassy Surge|[of] p1a: Thwackey\n|turn|12\n|\n|t:|1700296876\n|move|p2a: Cinderace|Pyro Ball|p1a: Thwackey|[miss]\n|-miss|p2a: Cinderace|p1a: Thwackey\n|move|p1a: Thwackey|U-turn|p2a: Cinderace\n|-resisted|p2a: Cinderace\n|-damage|p2a: Cinderace|53\/100\n|\n|t:|1700296887\n|switch|p1a: Farigiraf|Farigiraf, M|100\/100|[from] U-turn\n|-enditem|p1a: Farigiraf|Grassy Seed\n|-boost|p1a: Farigiraf|def|1|[from] item: Grassy Seed\n|\n|-heal|p2a: Cinderace|59\/100|[from] Grassy Terrain\n|upkeep\n|turn|13\n|\n|t:|1700296903\n|move|p2a: Cinderace|Pyro Ball|p1a: Farigiraf\n|-damage|p1a: Farigiraf|80\/100\n|-damage|p2a: Cinderace|49\/100|[from] item: Life Orb\n|move|p1a: Farigiraf|Calm Mind|p1a: Farigiraf\n|-boost|p1a: Farigiraf|spa|1\n|-boost|p1a: Farigiraf|spd|1\n|\n|-heal|p2a: Cinderace|55\/100|[from] Grassy Terrain\n|-heal|p1a: Farigiraf|86\/100|[from] Grassy Terrain\n|upkeep\n|turn|14\n|\n|t:|1700296916\n|switch|p2a: Glimmora|Glimmora, F|100\/100\n|-damage|p2a: Glimmora|88\/100|[from] Stealth Rock\n|move|p1a: Farigiraf|Calm Mind|p1a: Farigiraf\n|-boost|p1a: Farigiraf|spa|1\n|-boost|p1a: Farigiraf|spd|1\n|\n|-heal|p2a: Glimmora|94\/100|[from] Grassy Terrain\n|-heal|p1a: Farigiraf|92\/100|[from] Grassy Terrain\n|upkeep\n|turn|15\n|\n|t:|1700296928\n|move|p2a: Glimmora|Sludge Bomb|p1a: Farigiraf\n|-damage|p1a: Farigiraf|71\/100\n|move|p1a: Farigiraf|Stored Power|p2a: Glimmora\n|-supereffective|p2a: Glimmora\n|-damage|p2a: Glimmora|0 fnt\n|faint|p2a: Glimmora\n|\n|-heal|p1a: Farigiraf|78\/100|[from] Grassy Terrain\n|upkeep\n|\n|t:|1700296940\n|switch|p2a: Skeledirge|Skeledirge, M|39\/100 slp\n|-damage|p2a: Skeledirge|14\/100 slp|[from] Stealth Rock\n|turn|16\n|inactive|ShadqwDrag has 120 seconds left.\n|\n|t:|1700296966\n|-terastallize|p2a: Skeledirge|Grass\n|-curestatus|p2a: Skeledirge|slp|[msg]\n|move|p2a: Skeledirge|Fire Blast|p1a: Farigiraf|[miss]\n|-miss|p2a: Skeledirge|p1a: Farigiraf\n|move|p1a: Farigiraf|Stored Power|p2a: Skeledirge\n|-damage|p2a: Skeledirge|0 fnt\n|faint|p2a: Skeledirge\n|\n|-heal|p1a: Farigiraf|84\/100|[from] Grassy Terrain\n|-fieldend|move: Grassy Terrain\n|upkeep\n|c|\u2606SHROODLER|gg\n|\n|t:|1700296979\n|switch|p2a: Cinderace|Cinderace, F, shiny|55\/100\n|-damage|p2a: Cinderace|30\/100|[from] Stealth Rock\n|turn|17\n|\n|t:|1700296985\n|move|p2a: Cinderace|High Jump Kick|p1a: Farigiraf\n|-start|p2a: Cinderace|typechange|Fighting|[from] ability: Libero\n|-damage|p1a: Farigiraf|49\/100\n|-damage|p2a: Cinderace|20\/100|[from] item: Life Orb\n|move|p1a: Farigiraf|Stored Power|p2a: Cinderace\n|-supereffective|p2a: Cinderace\n|-damage|p2a: Cinderace|0 fnt\n|faint|p2a: Cinderace\n|\n|win|SHROODLER\n|raw|SHROODLER's rating: 1140 &rarr; <strong>1159<\/strong><br \/>(+19 for winning)\n|raw|ShadqwDrag's rating: 1052 &rarr; <strong>1039<\/strong><br \/>(-13 for losing)\n","uploadtime":1700296991,"views":11,"p1id":"shroodler","p2id":"shadqwdrag","formatid":"gen9ou","rating":1039,"private":0,"password":""}