{"id":"gen9ou-1992480473","p1":"AkiDes","p2":"Keep-me-up97","format":"[Gen 9] OU","log":"|j|\u2606AkiDes\n|j|\u2606Keep-me-up97\n|t:|1700192840\n|gametype|singles\n|player|p1|AkiDes|volkner|1258\n|player|p2|Keep-me-up97|170|1304\n|teamsize|p1|6\n|teamsize|p2|6\n|gen|9\n|tier|[Gen 9] OU\n|rated|\n|rule|Sleep Clause Mod: Limit one foe put to sleep\n|rule|Species Clause: Limit one of each Pok\u00e9mon\n|rule|OHKO Clause: OHKO moves are banned\n|rule|Evasion Items Clause: Evasion items are banned\n|rule|Evasion Moves Clause: Evasion moves are banned\n|rule|Endless Battle Clause: Forcing endless battles is banned\n|rule|HP Percentage Mod: HP is shown in percentages\n|clearpoke\n|poke|p1|Greninja-*, F|\n|poke|p1|Dragonite, M|\n|poke|p1|Cinderace, F|\n|poke|p1|Mandibuzz, F|\n|poke|p1|Jolteon, M|\n|poke|p1|Gengar, F|\n|poke|p2|Slowking-Galar, F|\n|poke|p2|Mandibuzz, F|\n|poke|p2|Cinderace, F|\n|poke|p2|Ninetales-Alola, F|\n|poke|p2|Ogerpon-Wellspring, F|\n|poke|p2|Iron Valiant|\n|teampreview\n|\n|t:|1700192846\n|start\n|switch|p1a: Jolteon|Jolteon, M|100\/100\n|switch|p2a: Cinderace|Cinderace, F|100\/100\n|turn|1\n|\n|t:|1700192851\n|switch|p2a: Slowking|Slowking-Galar, F|100\/100\n|move|p1a: Jolteon|Volt Switch|p2a: Slowking\n|-damage|p2a: Slowking|71\/100\n|\n|t:|1700192858\n|switch|p1a: Mandibuzz|Mandibuzz, F|100\/100|[from] Volt Switch\n|\n|-heal|p2a: Slowking|77\/100|[from] item: Leftovers\n|upkeep\n|turn|2\n|\n|t:|1700192865\n|move|p1a: Mandibuzz|Foul Play|p2a: Slowking\n|-supereffective|p2a: Slowking\n|-damage|p2a: Slowking|38\/100\n|move|p2a: Slowking|Chilly Reception|p2a: Slowking\n|-weather|Snow\n|\n|t:|1700192868\n|switch|p2a: Ninetales|Ninetales-Alola, F|100\/100|[from] Chilly Reception\n|\n|-weather|Snow|[upkeep]\n|upkeep\n|turn|3\n|\n|t:|1700192875\n|move|p2a: Ninetales|Aurora Veil|p2a: Ninetales\n|-sidestart|p2: Keep-me-up97|move: Aurora Veil\n|move|p1a: Mandibuzz|Toxic|p2a: Ninetales\n|-status|p2a: Ninetales|tox\n|\n|-weather|Snow|[upkeep]\n|-damage|p2a: Ninetales|95\/100 tox|[from] psn\n|upkeep\n|turn|4\n|\n|t:|1700192882\n|move|p2a: Ninetales|Encore|p1a: Mandibuzz\n|-start|p1a: Mandibuzz|Encore\n|move|p1a: Mandibuzz|Toxic|p2a: Ninetales\n|-fail|p2a: Ninetales|tox\n|\n|-weather|Snow|[upkeep]\n|-damage|p2a: Ninetales|83\/100 tox|[from] psn\n|upkeep\n|turn|5\n|\n|t:|1700192890\n|switch|p2a: Cinderace|Cinderace, F|100\/100\n|switch|p1a: Cinderace|Cinderace, F|100\/100\n|\n|-weather|Snow|[upkeep]\n|upkeep\n|turn|6\n|\n|t:|1700192896\n|move|p2a: Cinderace|Court Change|p2a: Cinderace\n|-start|p2a: Cinderace|typechange|Normal|[from] ability: Libero\n|-swapsideconditions\n|-activate|p2a: Cinderace|move: Court Change\n|move|p1a: Cinderace|High Jump Kick|p2a: Cinderace\n|-start|p1a: Cinderace|typechange|Fighting|[from] ability: Libero\n|-supereffective|p2a: Cinderace\n|-damage|p2a: Cinderace|0 fnt\n|faint|p2a: Cinderace\n|\n|-weather|none\n|upkeep\n|-message|Keep-me-up97 forfeited.\n|\n|win|AkiDes\n|raw|AkiDes's rating: 1258 &rarr; <strong>1286<\/strong><br \/>(+28 for winning)\n|raw|Keep-me-up97's rating: 1304 &rarr; <strong>1281<\/strong><br \/>(-23 for losing)\n|l|\u2606Keep-me-up97\n","uploadtime":1700192906,"views":11,"p1id":"akides","p2id":"keepmeup97","formatid":"gen9ou","rating":1281,"private":0,"password":""}