{"id":"gen9ou-1994317273","p1":"Diego the creator","p2":"Myneko","format":"[Gen 9] OU","log":"|j|\u2606Diego the creator\n|j|\u2606Myneko\n|inactive|Battle timer is ON: inactive players will automatically lose when time's up.\n|t:|1700430430\n|gametype|singles\n|player|p1|Diego the creator|biker-gen2|\n|player|p2|Myneko|101|\n|teamsize|p1|6\n|teamsize|p2|6\n|gen|9\n|tier|[Gen 9] OU\n|rated|Tournament battle\n|rule|Sleep Clause Mod: Limit one foe put to sleep\n|rule|Species Clause: Limit one of each Pok\u00e9mon\n|rule|OHKO Clause: OHKO moves are banned\n|rule|Evasion Items Clause: Evasion items are banned\n|rule|Evasion Moves Clause: Evasion moves are banned\n|rule|Endless Battle Clause: Forcing endless battles is banned\n|rule|HP Percentage Mod: HP is shown in percentages\n|clearpoke\n|poke|p1|Rillaboom, M|\n|poke|p1|Cinderace, M|\n|poke|p1|Ogerpon-Cornerstone, F|\n|poke|p1|Kingambit, M|\n|poke|p1|Great Tusk|\n|poke|p1|Iron Valiant|\n|poke|p2|Kingambit, F|\n|poke|p2|Glimmora, F|\n|poke|p2|Zamazenta-*|\n|poke|p2|Iron Valiant|\n|poke|p2|Iron Moth|\n|poke|p2|Ogerpon-Wellspring, F|\n|teampreview\n|inactive|Diego the creator also wants the timer to be on.\n|j| Trainer-nine\n|l| Trainer-nine\n|j|+Syxaine\n|\n|t:|1700430447\n|start\n|switch|p1a: Kingambit|Kingambit, M|100\/100\n|switch|p2a: Glimmora|Glimmora, F|100\/100\n|-item|p1a: Kingambit|Air Balloon\n|turn|1\n|c|\u2606Myneko|nooo me equivoque de team\n|c|\u2606Myneko|ya nada\n|\n|t:|1700430455\n|move|p2a: Glimmora|Stealth Rock|p1a: Kingambit\n|-sidestart|p1: Diego the creator|move: Stealth Rock\n|move|p1a: Kingambit|Iron Head|p2a: Glimmora\n|-supereffective|p2a: Glimmora\n|-enditem|p2a: Glimmora|Focus Sash\n|-damage|p2a: Glimmora|1\/100\n|-activate|p2a: Glimmora|ability: Toxic Debris\n|-sidestart|p1: Diego the creator|move: Toxic Spikes\n|\n|upkeep\n|turn|2\n|\n|t:|1700430464\n|switch|p2a: Ogerpon|Ogerpon-Wellspring, F|100\/100\n|move|p1a: Kingambit|Sucker Punch||[still]\n|-fail|p1a: Kingambit\n|\n|upkeep\n|turn|3\n|\n|t:|1700430470\n|move|p2a: Ogerpon|Swords Dance|p2a: Ogerpon\n|-boost|p2a: Ogerpon|atk|2\n|move|p1a: Kingambit|Swords Dance|p1a: Kingambit\n|-boost|p1a: Kingambit|atk|2\n|\n|upkeep\n|turn|4\n|\n|t:|1700430475\n|move|p1a: Kingambit|Sucker Punch|p2a: Ogerpon\n|-damage|p2a: Ogerpon|0 fnt\n|faint|p2a: Ogerpon\n|\n|upkeep\n|\n|t:|1700430479\n|switch|p2a: Zamazenta|Zamazenta, shiny|100\/100\n|-ability|p2a: Zamazenta|Dauntless Shield|boost\n|-boost|p2a: Zamazenta|def|1\n|turn|5\n|\n|t:|1700430494\n|move|p2a: Zamazenta|Iron Defense|p2a: Zamazenta\n|-boost|p2a: Zamazenta|def|2\n|move|p1a: Kingambit|Low Kick|p2a: Zamazenta\n|-damage|p2a: Zamazenta|71\/100\n|\n|-heal|p2a: Zamazenta|77\/100|[from] item: Leftovers\n|upkeep\n|turn|6\n|\n|t:|1700430509\n|-end|p1a: Kingambit|fallenundefined|[silent]\n|switch|p1a: Cinderace|Cinderace, M|100\/100\n|move|p2a: Zamazenta|Body Press|p1a: Cinderace\n|-damage|p1a: Cinderace|0 fnt\n|faint|p1a: Cinderace\n|\n|-heal|p2a: Zamazenta|83\/100|[from] item: Leftovers\n|upkeep\n|c|\u2606Diego the creator|Estoy en problemas xd\n|inactive|Diego the creator has 120 seconds left.\n|\n|t:|1700430535\n|switch|p1a: Iron Valiant|Iron Valiant, shiny|100\/100\n|-damage|p1a: Iron Valiant|94\/100|[from] Stealth Rock\n|-status|p1a: Iron Valiant|psn\n|-enditem|p1a: Iron Valiant|Booster Energy\n|-activate|p1a: Iron Valiant|ability: Quark Drive|[fromitem]\n|-start|p1a: Iron Valiant|quarkdrivespe\n|turn|7\n|\n|t:|1700430540\n|switch|p2a: Glimmora|Glimmora, F|1\/100\n|move|p1a: Iron Valiant|Moonblast|p2a: Glimmora\n|-resisted|p2a: Glimmora\n|-damage|p2a: Glimmora|0 fnt\n|faint|p2a: Glimmora\n|\n|-damage|p1a: Iron Valiant|82\/100 psn|[from] psn\n|upkeep\n|\n|t:|1700430552\n|switch|p2a: Iron Valiant|Iron Valiant|100\/100\n|-enditem|p2a: Iron Valiant|Booster Energy\n|-activate|p2a: Iron Valiant|ability: Quark Drive|[fromitem]\n|-start|p2a: Iron Valiant|quarkdrivespe\n|turn|8\n|\n|t:|1700430560\n|-terastallize|p2a: Iron Valiant|Fairy\n|move|p1a: Iron Valiant|Moonblast|p2a: Iron Valiant\n|-damage|p2a: Iron Valiant|16\/100\n|move|p2a: Iron Valiant|Calm Mind|p2a: Iron Valiant\n|-boost|p2a: Iron Valiant|spa|1\n|-boost|p2a: Iron Valiant|spd|1\n|\n|-damage|p1a: Iron Valiant|69\/100 psn|[from] psn\n|upkeep\n|turn|9\n|c|\u2606Myneko|speed tie\n|c|+Syxaine|veo uno con sprite moderno y otro con sprite de bw lmao\n|c|\u2606Myneko|AaAAAA\n|\n|t:|1700430572\n|move|p2a: Iron Valiant|Psyshock|p1a: Iron Valiant\n|-supereffective|p1a: Iron Valiant\n|-damage|p1a: Iron Valiant|0 fnt\n|faint|p1a: Iron Valiant\n|-end|p1a: Iron Valiant|Quark Drive|[silent]\n|\n|upkeep\n|c|\u2606Myneko|UF\n|\n|t:|1700430584\n|switch|p1a: Rillaboom|Rillaboom, M|100\/100\n|-damage|p1a: Rillaboom|88\/100|[from] Stealth Rock\n|-status|p1a: Rillaboom|psn\n|-fieldstart|move: Grassy Terrain|[from] ability: Grassy Surge|[of] p1a: Rillaboom\n|turn|10\n|\n|t:|1700430593\n|-end|p2a: Iron Valiant|Quark Drive|[silent]\n|switch|p2a: Zamazenta|Zamazenta, shiny|83\/100\n|move|p1a: Rillaboom|Grassy Glide|p2a: Zamazenta\n|-damage|p2a: Zamazenta|36\/100\n|\n|-heal|p2a: Zamazenta|43\/100|[from] Grassy Terrain\n|-heal|p2a: Zamazenta|49\/100|[from] item: Leftovers\n|-heal|p1a: Rillaboom|94\/100 psn|[from] Grassy Terrain\n|-damage|p1a: Rillaboom|82\/100 psn|[from] psn\n|upkeep\n|turn|11\n|\n|t:|1700430609\n|move|p1a: Rillaboom|Grassy Glide|p2a: Zamazenta\n|-damage|p2a: Zamazenta|1\/100\n|move|p2a: Zamazenta|Body Press|p1a: Rillaboom\n|-damage|p1a: Rillaboom|46\/100 psn\n|\n|-heal|p2a: Zamazenta|7\/100|[from] Grassy Terrain\n|-heal|p2a: Zamazenta|13\/100|[from] item: Leftovers\n|-heal|p1a: Rillaboom|52\/100 psn|[from] Grassy Terrain\n|-damage|p1a: Rillaboom|40\/100 psn|[from] psn\n|upkeep\n|turn|12\n|\n|t:|1700430614\n|move|p1a: Rillaboom|Grassy Glide|p2a: Zamazenta\n|-damage|p2a: Zamazenta|0 fnt\n|faint|p2a: Zamazenta\n|\n|-heal|p1a: Rillaboom|46\/100 psn|[from] Grassy Terrain\n|-damage|p1a: Rillaboom|33\/100 psn|[from] psn\n|upkeep\n|\n|t:|1700430617\n|switch|p2a: Iron Moth|Iron Moth|100\/100\n|-enditem|p2a: Iron Moth|Booster Energy\n|-activate|p2a: Iron Moth|ability: Quark Drive|[fromitem]\n|-start|p2a: Iron Moth|quarkdrivespe\n|turn|13\n|\n|t:|1700430621\n|move|p1a: Rillaboom|Grassy Glide|p2a: Iron Moth\n|-resisted|p2a: Iron Moth\n|-damage|p2a: Iron Moth|78\/100\n|move|p2a: Iron Moth|Substitute|p2a: Iron Moth\n|-start|p2a: Iron Moth|Substitute\n|-damage|p2a: Iron Moth|53\/100\n|\n|-heal|p2a: Iron Moth|59\/100|[from] Grassy Terrain\n|-heal|p1a: Rillaboom|40\/100 psn|[from] Grassy Terrain\n|-damage|p1a: Rillaboom|27\/100 psn|[from] psn\n|upkeep\n|turn|14\n|\n|t:|1700430627\n|move|p1a: Rillaboom|Grassy Glide|p2a: Iron Moth\n|-resisted|p2a: Iron Moth\n|-activate|p2a: Iron Moth|move: Substitute|[damage]\n|move|p2a: Iron Moth|Fiery Dance|p1a: Rillaboom\n|-supereffective|p1a: Rillaboom\n|-damage|p1a: Rillaboom|0 fnt\n|-boost|p2a: Iron Moth|spa|1\n|faint|p1a: Rillaboom\n|\n|-heal|p2a: Iron Moth|65\/100|[from] Grassy Terrain\n|-fieldend|move: Grassy Terrain\n|upkeep\n|c|\u2606Myneko|ya mamaste\n|c|\u2606Myneko|xd\n|\n|t:|1700430640\n|switch|p1a: Great Tusk|Great Tusk|100\/100\n|-damage|p1a: Great Tusk|98\/100|[from] Stealth Rock\n|-status|p1a: Great Tusk|psn\n|turn|15\n|\n|t:|1700430652\n|move|p2a: Iron Moth|Fiery Dance|p1a: Great Tusk\n|-damage|p1a: Great Tusk|19\/100 psn\n|move|p1a: Great Tusk|Earthquake|p2a: Iron Moth\n|-supereffective|p2a: Iron Moth\n|-end|p2a: Iron Moth|Substitute\n|\n|-damage|p1a: Great Tusk|7\/100 psn|[from] psn\n|upkeep\n|turn|16\n|\n|t:|1700430658\n|move|p2a: Iron Moth|Sludge Wave|p1a: Great Tusk\n|-resisted|p1a: Great Tusk\n|-damage|p1a: Great Tusk|0 fnt\n|faint|p1a: Great Tusk\n|-end|p1a: Great Tusk|Protosynthesis|[silent]\n|\n|upkeep\n|c|\u2606Myneko|casi\n|\n|t:|1700430664\n|switch|p1a: Ogerpon|Ogerpon-Cornerstone, F|100\/100\n|-damage|p1a: Ogerpon|88\/100|[from] Stealth Rock\n|-status|p1a: Ogerpon|psn\n|turn|17\n|c|\u2606Myneko|pero aun aun\n|\n|t:|1700430684\n|-terastallize|p1a: Ogerpon|Rock\n|detailschange|p1a: Ogerpon|Ogerpon-Cornerstone-Tera, F, tera:Rock\n|-ability|p1a: Ogerpon|Embody Aspect (Cornerstone)|boost\n|-boost|p1a: Ogerpon|def|1\n|move|p2a: Iron Moth|Sludge Wave|p1a: Ogerpon\n|-resisted|p1a: Ogerpon\n|-damage|p1a: Ogerpon|46\/100 psn\n|move|p1a: Ogerpon|Ivy Cudgel|p2a: Iron Moth|[anim] Ivy Cudgel Rock\n|-supereffective|p2a: Iron Moth\n|-damage|p2a: Iron Moth|0 fnt\n|faint|p2a: Iron Moth\n|-end|p2a: Iron Moth|Quark Drive|[silent]\n|\n|-damage|p1a: Ogerpon|34\/100 psn|[from] psn\n|upkeep\n|\n|t:|1700430690\n|switch|p2a: Iron Valiant|Iron Valiant, tera:Fairy|16\/100\n|turn|18\n|\n|t:|1700430704\n|move|p2a: Iron Valiant|Moonblast|p1a: Ogerpon\n|-damage|p1a: Ogerpon|0 fnt\n|faint|p1a: Ogerpon\n|\n|upkeep\n|\n|t:|1700430706\n|switch|p1a: Kingambit|Kingambit, M|100\/100\n|-damage|p1a: Kingambit|94\/100|[from] Stealth Rock\n|-activate|p1a: Kingambit|ability: Supreme Overlord\n|-start|p1a: Kingambit|fallen5|[silent]\n|-item|p1a: Kingambit|Air Balloon\n|turn|19\n|\n|t:|1700430711\n|move|p2a: Iron Valiant|Hypnosis|p1a: Kingambit\n|-status|p1a: Kingambit|slp|[from] move: Hypnosis\n|cant|p1a: Kingambit|slp\n|\n|upkeep\n|turn|20\n|c|\u2606Myneko|AAAAA\n|c|\u2606Myneko|jaja\n|\n|t:|1700430719\n|move|p2a: Iron Valiant|Moonblast|p1a: Kingambit\n|-damage|p1a: Kingambit|34\/100 slp\n|-enditem|p1a: Kingambit|Air Balloon\n|cant|p1a: Kingambit|slp\n|\n|upkeep\n|turn|21\n|\n|t:|1700430723\n|cant|p1a: Kingambit|slp\n|move|p2a: Iron Valiant|Moonblast|p1a: Kingambit\n|-crit|p1a: Kingambit\n|-damage|p1a: Kingambit|0 fnt\n|faint|p1a: Kingambit\n|-end|p1a: Kingambit|fallen5|[silent]\n|\n|win|Myneko\n|n|\u2606Diego the creator|diegothecreator\n|n|\u2606Myneko|myneko\n|n| Syxaine|syxaine\n","uploadtime":1700430723,"views":7,"p1id":"diegothecreator","p2id":"myneko","formatid":"gen9ou","rating":0,"private":0,"password":""}