{"id":"gen9ou-1997763243","p1":"YtheDude","p2":"jxrx","format":"[Gen 9] OU","log":"|j|\u2606YtheDude\n|j|\u2606jxrx\n|t:|1700850059\n|gametype|singles\n|player|p1|YtheDude|266|1000\n|player|p2|jxrx|norman|1050\n|teamsize|p1|6\n|teamsize|p2|6\n|gen|9\n|tier|[Gen 9] OU\n|rated|\n|rule|Sleep Clause Mod: Limit one foe put to sleep\n|rule|Species Clause: Limit one of each Pok\u00e9mon\n|rule|OHKO Clause: OHKO moves are banned\n|rule|Evasion Items Clause: Evasion items are banned\n|rule|Evasion Moves Clause: Evasion moves are banned\n|rule|Endless Battle Clause: Forcing endless battles is banned\n|rule|HP Percentage Mod: HP is shown in percentages\n|clearpoke\n|poke|p1|Ribombee, M|\n|poke|p1|Ogerpon-Wellspring, F|\n|poke|p1|Iron Moth|\n|poke|p1|Kingambit, M|\n|poke|p1|Gholdengo|\n|poke|p1|Iron Valiant|\n|poke|p2|Brambleghast, F|\n|poke|p2|Sudowoodo, M|\n|poke|p2|Slowking-Galar, F|\n|poke|p2|Empoleon, M|\n|poke|p2|Quagsire, M|\n|poke|p2|Glalie, M|\n|teampreview\n|inactive|Battle timer is ON: inactive players will automatically lose when time's up. (requested by YtheDude)\n|inactive|jxrx has 120 seconds left.\n|\n|t:|1700850101\n|start\n|switch|p1a: Ogerpon|Ogerpon-Wellspring, F|100\/100\n|switch|p2a: Slowking|Slowking-Galar, F|100\/100\n|turn|1\n|\n|t:|1700850112\n|move|p1a: Ogerpon|Swords Dance|p1a: Ogerpon\n|-boost|p1a: Ogerpon|atk|2\n|move|p2a: Slowking|Trick Room|p2a: Slowking\n|-fieldstart|move: Trick Room|[of] p2a: Slowking\n|\n|upkeep\n|turn|2\n|inactive|jxrx has 120 seconds left.\n|\n|t:|1700850148\n|move|p1a: Ogerpon|Ivy Cudgel|p2a: Slowking|[anim] Ivy Cudgel Water\n|-crit|p2a: Slowking\n|-damage|p2a: Slowking|0 fnt\n|faint|p2a: Slowking\n|\n|upkeep\n|\n|t:|1700850151\n|switch|p2a: Sudowoodo|Sudowoodo, M|100\/100\n|turn|3\n|\n|t:|1700850161\n|move|p2a: Sudowoodo|Head Smash|p1a: Ogerpon|[miss]\n|-miss|p2a: Sudowoodo|p1a: Ogerpon\n|move|p1a: Ogerpon|Ivy Cudgel|p2a: Sudowoodo|[anim] Ivy Cudgel Water\n|-supereffective|p2a: Sudowoodo\n|-damage|p2a: Sudowoodo|0 fnt\n|faint|p2a: Sudowoodo\n|\n|upkeep\n|\n|t:|1700850166\n|switch|p2a: Brambleghast|Brambleghast, F|100\/100\n|turn|4\n|c|\u2606YtheDude|pure skill no luck\n|c|\u2606YtheDude|fax\n|\n|t:|1700850184\n|move|p2a: Brambleghast|Poltergeist|p1a: Ogerpon\n|-activate|p1a: Ogerpon|move: Poltergeist|Wellspring Mask\n|-damage|p1a: Ogerpon|28\/100\n|move|p1a: Ogerpon|Power Whip|p2a: Brambleghast\n|-resisted|p2a: Brambleghast\n|-damage|p2a: Brambleghast|0 fnt\n|faint|p2a: Brambleghast\n|\n|upkeep\n|\n|t:|1700850190\n|switch|p2a: Empoleon|Empoleon, M|100\/100\n|turn|5\n|\n|t:|1700850195\n|move|p2a: Empoleon|Ice Beam|p1a: Ogerpon\n|-damage|p1a: Ogerpon|0 fnt\n|faint|p1a: Ogerpon\n|\n|-fieldend|move: Trick Room\n|upkeep\n|\n|t:|1700850202\n|switch|p1a: Iron Valiant|Iron Valiant|100\/100\n|-enditem|p1a: Iron Valiant|Booster Energy\n|-activate|p1a: Iron Valiant|ability: Quark Drive|[fromitem]\n|-start|p1a: Iron Valiant|quarkdrivespe\n|turn|6\n|\n|t:|1700850228\n|switch|p2a: Quagsire|Quagsire, M|100\/100\n|move|p1a: Iron Valiant|Close Combat|p2a: Quagsire\n|-damage|p2a: Quagsire|58\/100\n|-unboost|p1a: Iron Valiant|def|1\n|-unboost|p1a: Iron Valiant|spd|1\n|-damage|p1a: Iron Valiant|84\/100|[from] item: Rocky Helmet|[of] p2a: Quagsire\n|\n|upkeep\n|turn|7\n|\n|t:|1700850241\n|move|p1a: Iron Valiant|Destiny Bond|p1a: Iron Valiant\n|-singlemove|p1a: Iron Valiant|Destiny Bond\n|move|p2a: Quagsire|Recover|p2a: Quagsire\n|-heal|p2a: Quagsire|100\/100\n|\n|upkeep\n|turn|8\n|\n|t:|1700850245\n|move|p1a: Iron Valiant|Moonblast|p2a: Quagsire\n|-damage|p2a: Quagsire|51\/100\n|move|p2a: Quagsire|Stealth Rock|p1a: Iron Valiant\n|-sidestart|p1: YtheDude|move: Stealth Rock\n|\n|upkeep\n|turn|9\n|\n|t:|1700850249\n|move|p1a: Iron Valiant|Moonblast|p2a: Quagsire\n|-damage|p2a: Quagsire|5\/100\n|-unboost|p2a: Quagsire|spa|1\n|move|p2a: Quagsire|High Horsepower|p1a: Iron Valiant\n|-damage|p1a: Iron Valiant|43\/100\n|\n|upkeep\n|turn|10\n|\n|t:|1700850256\n|move|p1a: Iron Valiant|Knock Off|p2a: Quagsire\n|-damage|p2a: Quagsire|0 fnt\n|-damage|p1a: Iron Valiant|27\/100|[from] item: Rocky Helmet|[of] p2a: Quagsire\n|-enditem|p2a: Quagsire|Rocky Helmet|[from] move: Knock Off|[of] p1a: Iron Valiant\n|faint|p2a: Quagsire\n|\n|upkeep\n|\n|t:|1700850258\n|switch|p2a: Glalie|Glalie, M|100\/100\n|turn|11\n|\n|t:|1700850267\n|move|p2a: Glalie|Ice Shard|p1a: Iron Valiant\n|-damage|p1a: Iron Valiant|0 fnt\n|faint|p1a: Iron Valiant\n|-end|p1a: Iron Valiant|Quark Drive|[silent]\n|-damage|p2a: Glalie|91\/100|[from] item: Life Orb\n|\n|upkeep\n|\n|t:|1700850285\n|switch|p1a: Gholdengo|Gholdengo|100\/100\n|-damage|p1a: Gholdengo|94\/100|[from] Stealth Rock\n|-item|p1a: Gholdengo|Air Balloon\n|turn|12\n|\n|t:|1700850304\n|move|p1a: Gholdengo|Nasty Plot|p1a: Gholdengo\n|-boost|p1a: Gholdengo|spa|2\n|move|p2a: Glalie|Spikes|p1a: Gholdengo\n|-sidestart|p1: YtheDude|Spikes\n|\n|upkeep\n|turn|13\n|\n|t:|1700850316\n|move|p2a: Glalie|Ice Shard|p1a: Gholdengo\n|-resisted|p1a: Gholdengo\n|-damage|p1a: Gholdengo|82\/100\n|-enditem|p1a: Gholdengo|Air Balloon\n|-damage|p2a: Glalie|81\/100|[from] item: Life Orb\n|move|p1a: Gholdengo|Shadow Ball|p2a: Glalie\n|-crit|p2a: Glalie\n|-damage|p2a: Glalie|0 fnt\n|faint|p2a: Glalie\n|\n|upkeep\n|c|\u2606YtheDude|no luck today boiss\n|c|\u2606YtheDude|for you i mean\n|c|\u2606YtheDude|:)\n|inactive|jxrx has 120 seconds left.\n|\n|t:|1700850346\n|switch|p2a: Empoleon|Empoleon, M|100\/100\n|turn|14\n|c|\u2606jxrx|hahaha\n|c|\u2606jxrx|im used to it\n|\n|t:|1700850362\n|move|p1a: Gholdengo|Shadow Ball|p2a: Empoleon\n|-damage|p2a: Empoleon|8\/100\n|move|p2a: Empoleon|Agility|p2a: Empoleon\n|-boost|p2a: Empoleon|spe|2\n|\n|upkeep\n|turn|15\n|c|\u2606jxrx|my team is bad also\n|c|\u2606YtheDude|lol im using a sample team\n|c|\u2606YtheDude|https:\/\/www.smogon.com\/forums\/threads\/ogrepon-wellspring-ho-2018-elo-88-gxe-60-7-w-l-record.3728084\/\n|\n|t:|1700850378\n|move|p2a: Empoleon|Surf|p1a: Gholdengo\n|-damage|p1a: Gholdengo|27\/100\n|move|p1a: Gholdengo|Shadow Ball|p2a: Empoleon\n|-damage|p2a: Empoleon|0 fnt\n|faint|p2a: Empoleon\n|\n|win|YtheDude\n|raw|YtheDude's rating: 1000 &rarr; <strong>1046<\/strong><br \/>(+46 for winning)\n|raw|jxrx's rating: 1050 &rarr; <strong>1030<\/strong><br \/>(-20 for losing)\n|c|\u2606YtheDude|gg\n|l|\u2606jxrx\n","uploadtime":1700850406,"views":2,"p1id":"ythedude","p2id":"jxrx","formatid":"gen9ou","rating":1030,"private":0,"password":""}