{"id":"gen9ou-1993071909","p1":"Dumb keyboard lad","p2":"LirrodPokemon","format":"[Gen 9] OU","log":"|j|\u2606Dumb keyboard lad\n|j|\u2606LirrodPokemon\n|t:|1700261549\n|gametype|singles\n|player|p1|Dumb keyboard lad|battlegirl-gen4|1155\n|player|p2|LirrodPokemon|1|1227\n|teamsize|p1|6\n|teamsize|p2|6\n|gen|9\n|tier|[Gen 9] OU\n|rated|\n|rule|Sleep Clause Mod: Limit one foe put to sleep\n|rule|Species Clause: Limit one of each Pok\u00e9mon\n|rule|OHKO Clause: OHKO moves are banned\n|rule|Evasion Items Clause: Evasion items are banned\n|rule|Evasion Moves Clause: Evasion moves are banned\n|rule|Endless Battle Clause: Forcing endless battles is banned\n|rule|HP Percentage Mod: HP is shown in percentages\n|clearpoke\n|poke|p1|Cinderace, F|\n|poke|p1|Zapdos|\n|poke|p1|Ogerpon-Wellspring, F|\n|poke|p1|Slowking-Galar, F|\n|poke|p1|Ting-Lu|\n|poke|p1|Dondozo, M|\n|poke|p2|Infernape, F|\n|poke|p2|Cyclizar, F|\n|poke|p2|Kingambit, F|\n|poke|p2|Ogerpon-Cornerstone, F|\n|poke|p2|Landorus-Therian, M|\n|poke|p2|Slowking, F|\n|teampreview\n|inactive|Battle timer is ON: inactive players will automatically lose when time's up. (requested by Dumb keyboard lad)\n|j| zerzav\n|\n|t:|1700261566\n|start\n|switch|p1a: CastlesMadeofSand|Ting-Lu|100\/100\n|switch|p2a: Landorus|Landorus-Therian, M, shiny|100\/100\n|-ability|p2a: Landorus|Intimidate|boost\n|-unboost|p1a: CastlesMadeofSand|atk|1\n|-ability|p1a: CastlesMadeofSand|Vessel of Ruin\n|turn|1\n|\n|t:|1700261580\n|move|p2a: Landorus|U-turn|p1a: CastlesMadeofSand\n|-supereffective|p1a: CastlesMadeofSand\n|-damage|p1a: CastlesMadeofSand|75\/100\n|\n|t:|1700261584\n|switch|p2a: Cyclizar|Cyclizar, F|100\/100|[from] U-turn\n|move|p1a: CastlesMadeofSand|Stealth Rock|p2a: Cyclizar\n|-sidestart|p2: LirrodPokemon|move: Stealth Rock\n|\n|-heal|p1a: CastlesMadeofSand|81\/100|[from] item: Leftovers\n|upkeep\n|turn|2\n|\n|t:|1700261592\n|move|p2a: Cyclizar|Taunt|p1a: CastlesMadeofSand\n|-start|p1a: CastlesMadeofSand|move: Taunt\n|cant|p1a: CastlesMadeofSand|move: Taunt|Whirlwind\n|\n|-heal|p1a: CastlesMadeofSand|87\/100|[from] item: Leftovers\n|upkeep\n|turn|3\n|\n|t:|1700261609\n|switch|p1a: Hey Joe|Slowking-Galar, F|100\/100\n|move|p2a: Cyclizar|Rapid Spin|p1a: Hey Joe\n|-damage|p1a: Hey Joe|90\/100\n|-boost|p2a: Cyclizar|spe|1\n|-sideend|p2: LirrodPokemon|Stealth Rock|[from] move: Rapid Spin|[of] p2a: Cyclizar\n|\n|upkeep\n|turn|4\n|\n|t:|1700261620\n|move|p2a: Cyclizar|U-turn|p1a: Hey Joe\n|-damage|p1a: Hey Joe|79\/100\n|\n|t:|1700261625\n|switch|p2a: Slowking|Slowking, F|100\/100|[from] U-turn\n|move|p1a: Hey Joe|Ice Beam|p2a: Slowking\n|-resisted|p2a: Slowking\n|-damage|p2a: Slowking|94\/100\n|\n|-heal|p2a: Slowking|99\/100|[from] item: Leftovers\n|upkeep\n|turn|5\n|\n|t:|1700261633\n|switch|p2a: Kingambit|Kingambit, F|100\/100\n|move|p1a: Hey Joe|Sludge Bomb|p2a: Kingambit\n|-immune|p2a: Kingambit\n|\n|upkeep\n|turn|6\n|\n|t:|1700261645\n|-end|p2a: Kingambit|fallenundefined|[silent]\n|switch|p2a: Cyclizar|Cyclizar, F|100\/100\n|move|p1a: Hey Joe|Chilly Reception|p1a: Hey Joe\n|-weather|Snow\n|inactive|Dumb keyboard lad has 120 seconds left.\n|\n|t:|1700261673\n|switch|p1a: Little Wing|Zapdos|100\/100|[from] Chilly Reception\n|\n|-weather|Snow|[upkeep]\n|upkeep\n|turn|7\n|inactive|Dumb keyboard lad has 120 seconds left.\n|\n|t:|1700261710\n|move|p2a: Cyclizar|Taunt|p1a: Little Wing\n|-start|p1a: Little Wing|move: Taunt\n|cant|p1a: Little Wing|move: Taunt|Thunder Wave\n|\n|-weather|Snow|[upkeep]\n|upkeep\n|turn|8\n|inactive|LirrodPokemon has 120 seconds left.\n|\n|t:|1700261748\n|switch|p2a: Landorus|Landorus-Therian, M, shiny|100\/100\n|-ability|p2a: Landorus|Intimidate|boost\n|-unboost|p1a: Little Wing|atk|1\n|move|p1a: Little Wing|Volt Switch|p2a: Landorus\n|-immune|p2a: Landorus\n|\n|-weather|Snow|[upkeep]\n|upkeep\n|turn|9\n|inactive|LirrodPokemon has 120 seconds left.\n|\n|t:|1700261782\n|switch|p1a: CastlesMadeofSand|Ting-Lu|87\/100\n|-ability|p1a: CastlesMadeofSand|Vessel of Ruin\n|move|p2a: Landorus|Stealth Rock|p1a: CastlesMadeofSand\n|-sidestart|p1: Dumb keyboard lad|move: Stealth Rock\n|\n|-weather|Snow|[upkeep]\n|-heal|p1a: CastlesMadeofSand|93\/100|[from] item: Leftovers\n|upkeep\n|turn|10\n|\n|t:|1700261794\n|move|p2a: Landorus|U-turn|p1a: CastlesMadeofSand\n|-supereffective|p1a: CastlesMadeofSand\n|-damage|p1a: CastlesMadeofSand|67\/100\n|\n|t:|1700261800\n|switch|p2a: Cyclizar|Cyclizar, F|100\/100|[from] U-turn\n|move|p1a: CastlesMadeofSand|Stealth Rock|p2a: Cyclizar\n|-sidestart|p2: LirrodPokemon|move: Stealth Rock\n|\n|-weather|none\n|-heal|p1a: CastlesMadeofSand|73\/100|[from] item: Leftovers\n|upkeep\n|turn|11\n|\n|t:|1700261811\n|switch|p1a: Hey Joe|Slowking-Galar, F|100\/100\n|move|p2a: Cyclizar|Taunt|p1a: Hey Joe\n|-start|p1a: Hey Joe|move: Taunt\n|\n|upkeep\n|turn|12\n|\n|t:|1700261816\n|move|p2a: Cyclizar|Rapid Spin|p1a: Hey Joe\n|-damage|p1a: Hey Joe|90\/100\n|-boost|p2a: Cyclizar|spe|1\n|-sideend|p2: LirrodPokemon|Stealth Rock|[from] move: Rapid Spin|[of] p2a: Cyclizar\n|move|p1a: Hey Joe|Sludge Bomb|p2a: Cyclizar\n|-damage|p2a: Cyclizar|53\/100\n|-status|p2a: Cyclizar|psn\n|\n|-damage|p2a: Cyclizar|41\/100 psn|[from] psn\n|upkeep\n|turn|13\n|\n|t:|1700261826\n|move|p2a: Cyclizar|U-turn|p1a: Hey Joe\n|-damage|p1a: Hey Joe|79\/100\n|inactive|LirrodPokemon has 120 seconds left.\n|\n|t:|1700261845\n|switch|p2a: Slowking|Slowking, F|100\/100|[from] U-turn\n|move|p1a: Hey Joe|Ice Beam|p2a: Slowking\n|-resisted|p2a: Slowking\n|-damage|p2a: Slowking|94\/100\n|\n|-heal|p2a: Slowking|100\/100|[from] item: Leftovers\n|-end|p1a: Hey Joe|move: Taunt\n|upkeep\n|turn|14\n|inactive|LirrodPokemon has 120 seconds left.\n|inactive|Dumb keyboard lad has 120 seconds left.\n|\n|t:|1700261869\n|switch|p1a: Bold as Love|Dondozo, M|100\/100\n|move|p2a: Slowking|Scald|p1a: Bold as Love\n|-resisted|p1a: Bold as Love\n|-damage|p1a: Bold as Love|88\/100\n|\n|upkeep\n|turn|15\n|\n|t:|1700261877\n|move|p2a: Slowking|Chilly Reception|p2a: Slowking\n|-weather|Snow\n|\n|t:|1700261881\n|switch|p2a: Cyclizar|Cyclizar, F|74\/100 psn|[from] Chilly Reception\n|move|p1a: Bold as Love|Body Press|p2a: Cyclizar\n|-supereffective|p2a: Cyclizar\n|-damage|p2a: Cyclizar|17\/100 psn\n|\n|-weather|Snow|[upkeep]\n|-damage|p2a: Cyclizar|5\/100 psn|[from] psn\n|upkeep\n|turn|16\n|inactive|Dumb keyboard lad has 120 seconds left.\n|\n|t:|1700261894\n|move|p2a: Cyclizar|U-turn|p1a: Bold as Love\n|-damage|p1a: Bold as Love|81\/100\n|\n|t:|1700261898\n|switch|p2a: Landorus|Landorus-Therian, M, shiny|100\/100|[from] U-turn\n|-ability|p2a: Landorus|Intimidate|boost\n|-unboost|p1a: Bold as Love|atk|1\n|move|p1a: Bold as Love|Body Press|p2a: Landorus\n|-resisted|p2a: Landorus\n|-damage|p2a: Landorus|90\/100\n|-damage|p1a: Bold as Love|65\/100|[from] item: Rocky Helmet|[of] p2a: Landorus\n|\n|-weather|Snow|[upkeep]\n|upkeep\n|turn|17\n|\n|t:|1700261913\n|move|p2a: Landorus|U-turn|p1a: Bold as Love\n|-damage|p1a: Bold as Love|55\/100\n|\n|t:|1700261916\n|switch|p2a: Slowking|Slowking, F|100\/100|[from] U-turn\n|move|p1a: Bold as Love|Avalanche|p2a: Slowking\n|-resisted|p2a: Slowking\n|-damage|p2a: Slowking|96\/100\n|\n|-weather|Snow|[upkeep]\n|-heal|p2a: Slowking|100\/100|[from] item: Leftovers\n|upkeep\n|turn|18\n|\n|t:|1700261930\n|switch|p1a: Hey Joe|Slowking-Galar, F|100\/100\n|move|p2a: Slowking|Future Sight|p1a: Hey Joe\n|-start|p2a: Slowking|move: Future Sight\n|\n|-weather|Snow|[upkeep]\n|upkeep\n|turn|19\n|\n|t:|1700261951\n|switch|p1a: Foxey Lady|Cinderace, F|100\/100\n|move|p2a: Slowking|Scald|p1a: Foxey Lady\n|-supereffective|p1a: Foxey Lady\n|-damage|p1a: Foxey Lady|35\/100\n|\n|-weather|none\n|upkeep\n|turn|20\n|\n|t:|1700261965\n|switch|p2a: Landorus|Landorus-Therian, M, shiny|90\/100\n|-ability|p2a: Landorus|Intimidate|boost\n|-unboost|p1a: Foxey Lady|atk|1\n|move|p1a: Foxey Lady|U-turn|p2a: Landorus\n|-resisted|p2a: Landorus\n|-damage|p2a: Landorus|85\/100\n|-damage|p1a: Foxey Lady|18\/100|[from] item: Rocky Helmet|[of] p2a: Landorus\n|\n|t:|1700261973\n|switch|p1a: CastlesMadeofSand|Ting-Lu|73\/100|[from] U-turn\n|-damage|p1a: CastlesMadeofSand|67\/100|[from] Stealth Rock\n|-ability|p1a: CastlesMadeofSand|Vessel of Ruin\n|\n|-end|p1a: CastlesMadeofSand|move: Future Sight\n|-immune|p1a: CastlesMadeofSand\n|-heal|p1a: CastlesMadeofSand|73\/100|[from] item: Leftovers\n|upkeep\n|turn|21\n|\n|t:|1700261989\n|switch|p1a: Hey Joe|Slowking-Galar, F|100\/100\n|move|p2a: Landorus|U-turn|p1a: Hey Joe\n|-damage|p1a: Hey Joe|83\/100\n|\n|t:|1700261997\n|switch|p2a: Cyclizar|Cyclizar, F|38\/100 psn|[from] U-turn\n|\n|-damage|p2a: Cyclizar|25\/100 psn|[from] psn\n|upkeep\n|turn|22\n|\n|t:|1700262005\n|move|p2a: Cyclizar|U-turn|p1a: Hey Joe\n|-damage|p1a: Hey Joe|73\/100\n|\n|t:|1700262011\n|switch|p2a: Slowking|Slowking, F|100\/100|[from] U-turn\n|move|p1a: Hey Joe|Sludge Bomb|p2a: Slowking\n|-damage|p2a: Slowking|80\/100\n|\n|-heal|p2a: Slowking|86\/100|[from] item: Leftovers\n|upkeep\n|turn|23\n|\n|t:|1700262021\n|move|p1a: Hey Joe|Future Sight|p2a: Slowking\n|-start|p1a: Hey Joe|move: Future Sight\n|move|p2a: Slowking|Chilly Reception|p2a: Slowking\n|-weather|Snow\n|\n|t:|1700262029\n|switch|p2a: Kingambit|Kingambit, F|100\/100|[from] Chilly Reception\n|\n|-weather|Snow|[upkeep]\n|upkeep\n|turn|24\n|\n|t:|1700262048\n|switch|p1a: Bold as Love|Dondozo, M|55\/100\n|move|p2a: Kingambit|Kowtow Cleave|p1a: Bold as Love\n|-damage|p1a: Bold as Love|31\/100\n|\n|-weather|Snow|[upkeep]\n|upkeep\n|turn|25\n|\n|t:|1700262067\n|-end|p2a: Kingambit|fallenundefined|[silent]\n|switch|p2a: Landorus|Landorus-Therian, M, shiny|85\/100\n|-ability|p2a: Landorus|Intimidate|boost\n|-unboost|p1a: Bold as Love|atk|1\n|move|p1a: Bold as Love|Rest|p1a: Bold as Love\n|-status|p1a: Bold as Love|slp|[from] move: Rest\n|-heal|p1a: Bold as Love|100\/100 slp|[silent]\n|\n|-weather|Snow|[upkeep]\n|-end|p2a: Landorus|move: Future Sight\n|-damage|p2a: Landorus|38\/100\n|upkeep\n|turn|26\n|\n|t:|1700262083\n|move|p2a: Landorus|U-turn|p1a: Bold as Love\n|-damage|p1a: Bold as Love|90\/100 slp\n|\n|t:|1700262086\n|switch|p2a: Kingambit|Kingambit, F|100\/100|[from] U-turn\n|cant|p1a: Bold as Love|slp\n|move|p1a: Bold as Love|Sleep Talk|p1a: Bold as Love\n|move|p1a: Bold as Love|Body Press|p2a: Kingambit|[from]move: Sleep Talk\n|-supereffective|p2a: Kingambit\n|-damage|p2a: Kingambit|10\/100\n|\n|-weather|Snow|[upkeep]\n|upkeep\n|turn|27\n|inactive|LirrodPokemon has 120 seconds left.\n|\n|t:|1700262107\n|-end|p2a: Kingambit|fallenundefined|[silent]\n|switch|p2a: Landorus|Landorus-Therian, M, shiny|38\/100\n|-ability|p2a: Landorus|Intimidate|boost\n|-unboost|p1a: Bold as Love|atk|1\n|cant|p1a: Bold as Love|slp\n|move|p1a: Bold as Love|Sleep Talk|p1a: Bold as Love\n|move|p1a: Bold as Love|Rest||[from]move: Sleep Talk|[still]\n|-fail|p1a: Bold as Love\n|\n|-weather|none\n|upkeep\n|turn|28\n|inactive|LirrodPokemon has 120 seconds left.\n|\n|t:|1700262120\n|move|p2a: Landorus|U-turn|p1a: Bold as Love\n|-damage|p1a: Bold as Love|81\/100 slp\n|inactive|LirrodPokemon has 120 seconds left.\n|\n|t:|1700262126\n|switch|p2a: Slowking|Slowking, F|100\/100|[from] U-turn\n|-curestatus|p1a: Bold as Love|slp|[msg]\n|move|p1a: Bold as Love|Body Press|p2a: Slowking\n|-resisted|p2a: Slowking\n|-crit|p2a: Slowking\n|-damage|p2a: Slowking|79\/100\n|\n|-heal|p2a: Slowking|85\/100|[from] item: Leftovers\n|upkeep\n|turn|29\n|inactive|LirrodPokemon has 120 seconds left.\n|\n|t:|1700262136\n|switch|p1a: Hey Joe|Slowking-Galar, F|100\/100\n|move|p2a: Slowking|Future Sight|p1a: Hey Joe\n|-start|p2a: Slowking|move: Future Sight\n|\n|-heal|p2a: Slowking|91\/100|[from] item: Leftovers\n|upkeep\n|turn|30\n|inactive|LirrodPokemon has 120 seconds left.\n|\n|t:|1700262149\n|move|p1a: Hey Joe|Sludge Bomb|p2a: Slowking\n|-damage|p2a: Slowking|70\/100\n|-status|p2a: Slowking|psn\n|move|p2a: Slowking|Scald|p1a: Hey Joe\n|-damage|p1a: Hey Joe|77\/100\n|\n|-heal|p2a: Slowking|77\/100 psn|[from] item: Leftovers\n|-damage|p2a: Slowking|64\/100 psn|[from] psn\n|upkeep\n|turn|31\n|\n|t:|1700262158\n|move|p1a: Hey Joe|Chilly Reception|p1a: Hey Joe\n|-weather|Snow\n|\n|t:|1700262168\n|switch|p1a: Foxey Lady|Cinderace, F|18\/100|[from] Chilly Reception\n|move|p2a: Slowking|Chilly Reception|p2a: Slowking\n|\n|t:|1700262174\n|switch|p2a: Infernape|Infernape, F|100\/100|[from] Chilly Reception\n|\n|-weather|Snow|[upkeep]\n|-end|p1a: Foxey Lady|move: Future Sight\n|-damage|p1a: Foxey Lady|0 fnt\n|faint|p1a: Foxey Lady\n|upkeep\n|\n|t:|1700262189\n|switch|p1a: One Rainy Wish|Ogerpon-Wellspring, F|100\/100\n|-damage|p1a: One Rainy Wish|88\/100|[from] Stealth Rock\n|turn|32\n|inactive|LirrodPokemon has 120 seconds left.\n|\n|t:|1700262217\n|switch|p2a: Landorus|Landorus-Therian, M, shiny|38\/100\n|-ability|p2a: Landorus|Intimidate|boost\n|-unboost|p1a: One Rainy Wish|atk|1\n|move|p1a: One Rainy Wish|Ivy Cudgel|p2a: Landorus|[anim] Ivy Cudgel Water\n|-supereffective|p2a: Landorus\n|-crit|p2a: Landorus\n|-damage|p2a: Landorus|0 fnt\n|faint|p2a: Landorus\n|\n|-weather|Snow|[upkeep]\n|upkeep\n|inactive|LirrodPokemon has 120 seconds left.\n|\n|t:|1700262224\n|switch|p2a: Ogerpon|Ogerpon-Cornerstone, F|100\/100\n|turn|33\n|inactive|Dumb keyboard lad has 120 seconds left.\n|\n|t:|1700262264\n|switch|p1a: Little Wing|Zapdos|100\/100\n|move|p2a: Ogerpon|Horn Leech|p1a: Little Wing\n|-resisted|p1a: Little Wing\n|-damage|p1a: Little Wing|81\/100\n|\n|-weather|Snow|[upkeep]\n|upkeep\n|turn|34\n|\n|t:|1700262284\n|switch|p1a: Bold as Love|Dondozo, M|81\/100\n|move|p2a: Ogerpon|Ivy Cudgel|p1a: Bold as Love|[anim] Ivy Cudgel Rock\n|-damage|p1a: Bold as Love|52\/100\n|\n|-weather|Snow|[upkeep]\n|upkeep\n|turn|35\n|\n|t:|1700262290\n|move|p2a: Ogerpon|Horn Leech|p1a: Bold as Love\n|-supereffective|p1a: Bold as Love\n|-damage|p1a: Bold as Love|14\/100\n|move|p1a: Bold as Love|Body Press|p2a: Ogerpon\n|-supereffective|p2a: Ogerpon\n|-damage|p2a: Ogerpon|27\/100\n|\n|-weather|none\n|upkeep\n|turn|36\n|\n|t:|1700262304\n|switch|p1a: Hey Joe|Slowking-Galar, F|100\/100\n|move|p2a: Ogerpon|Horn Leech|p1a: Hey Joe\n|-resisted|p1a: Hey Joe\n|-damage|p1a: Hey Joe|83\/100\n|-heal|p2a: Ogerpon|38\/100|[from] drain|[of] p1a: Hey Joe\n|\n|upkeep\n|turn|37\n|\n|t:|1700262326\n|switch|p2a: Slowking|Slowking, F|97\/100 psn\n|move|p1a: Hey Joe|Future Sight|p2a: Slowking\n|-start|p1a: Hey Joe|move: Future Sight\n|\n|-heal|p2a: Slowking|100\/100 psn|[from] item: Leftovers\n|-damage|p2a: Slowking|88\/100 psn|[from] psn\n|upkeep\n|turn|38\n|\n|t:|1700262332\n|switch|p1a: One Rainy Wish|Ogerpon-Wellspring, F|88\/100\n|-damage|p1a: One Rainy Wish|76\/100|[from] Stealth Rock\n|move|p2a: Slowking|Future Sight|p1a: One Rainy Wish\n|-start|p2a: Slowking|move: Future Sight\n|\n|-heal|p2a: Slowking|94\/100 psn|[from] item: Leftovers\n|-damage|p2a: Slowking|82\/100 psn|[from] psn\n|upkeep\n|turn|39\n|\n|t:|1700262346\n|switch|p2a: Kingambit|Kingambit, F|10\/100\n|-activate|p2a: Kingambit|ability: Supreme Overlord\n|-start|p2a: Kingambit|fallen1|[silent]\n|move|p1a: One Rainy Wish|Power Whip|p2a: Kingambit\n|-resisted|p2a: Kingambit\n|-damage|p2a: Kingambit|0 fnt\n|faint|p2a: Kingambit\n|-end|p2a: Kingambit|fallen1|[silent]\n|\n|-hint|Future Sight did not hit because the target is fainted.\n|upkeep\n|\n|t:|1700262367\n|switch|p2a: Cyclizar|Cyclizar, F|58\/100 psn\n|turn|40\n|inactive|Dumb keyboard lad has 120 seconds left.\n|\n|t:|1700262388\n|switch|p1a: Little Wing|Zapdos|81\/100\n|move|p2a: Cyclizar|U-turn|p1a: Little Wing\n|-resisted|p1a: Little Wing\n|-damage|p1a: Little Wing|75\/100\n|\n|t:|1700262393\n|switch|p2a: Ogerpon|Ogerpon-Cornerstone, F|38\/100|[from] U-turn\n|\n|-end|p1a: Little Wing|move: Future Sight\n|-damage|p1a: Little Wing|34\/100\n|upkeep\n|turn|41\n|\n|t:|1700262421\n|switch|p1a: Hey Joe|Slowking-Galar, F|100\/100\n|move|p2a: Ogerpon|Ivy Cudgel|p1a: Hey Joe|[anim] Ivy Cudgel Rock\n|-damage|p1a: Hey Joe|59\/100\n|\n|upkeep\n|turn|42\n|\n|t:|1700262435\n|move|p2a: Ogerpon|Spiky Shield|p2a: Ogerpon\n|-singleturn|p2a: Ogerpon|move: Protect\n|move|p1a: Hey Joe|Future Sight|p2a: Ogerpon\n|-start|p1a: Hey Joe|move: Future Sight\n|\n|upkeep\n|turn|43\n|\n|t:|1700262445\n|switch|p2a: Slowking|Slowking, F|100\/100 psn\n|move|p1a: Hey Joe|Sludge Bomb|p2a: Slowking\n|-damage|p2a: Slowking|82\/100 psn\n|\n|-heal|p2a: Slowking|88\/100 psn|[from] item: Leftovers\n|-damage|p2a: Slowking|76\/100 psn|[from] psn\n|upkeep\n|turn|44\n|\n|t:|1700262453\n|move|p1a: Hey Joe|Sludge Bomb|p2a: Slowking\n|-damage|p2a: Slowking|56\/100 psn\n|move|p2a: Slowking|Scald|p1a: Hey Joe\n|-damage|p1a: Hey Joe|36\/100\n|\n|-end|p2a: Slowking|move: Future Sight\n|-resisted|p2a: Slowking\n|-damage|p2a: Slowking|44\/100 psn\n|-heal|p2a: Slowking|50\/100 psn|[from] item: Leftovers\n|-damage|p2a: Slowking|38\/100 psn|[from] psn\n|upkeep\n|turn|45\n|\n|t:|1700262464\n|switch|p1a: One Rainy Wish|Ogerpon-Wellspring, F|76\/100\n|-damage|p1a: One Rainy Wish|64\/100|[from] Stealth Rock\n|move|p2a: Slowking|Chilly Reception|p2a: Slowking\n|-weather|Snow\n|\n|t:|1700262470\n|switch|p2a: Cyclizar|Cyclizar, F|91\/100 psn|[from] Chilly Reception\n|\n|-weather|Snow|[upkeep]\n|-damage|p2a: Cyclizar|79\/100 psn|[from] psn\n|upkeep\n|turn|46\n|inactive|Dumb keyboard lad has 120 seconds left.\n|\n|t:|1700262486\n|-terastallize|p1a: One Rainy Wish|Water\n|detailschange|p1a: One Rainy Wish|Ogerpon-Wellspring-Tera, F, tera:Water\n|-ability|p1a: One Rainy Wish|Embody Aspect (Wellspring)|boost\n|-boost|p1a: One Rainy Wish|spd|1\n|move|p1a: One Rainy Wish|Knock Off|p2a: Cyclizar\n|-damage|p2a: Cyclizar|42\/100 psn\n|-enditem|p2a: Cyclizar|Heavy-Duty Boots|[from] move: Knock Off|[of] p1a: One Rainy Wish\n|move|p2a: Cyclizar|U-turn|p1a: One Rainy Wish\n|-damage|p1a: One Rainy Wish|45\/100\n|\n|t:|1700262503\n|switch|p2a: Ogerpon|Ogerpon-Cornerstone, F|38\/100|[from] U-turn\n|\n|-weather|Snow|[upkeep]\n|upkeep\n|turn|47\n|inactive|Dumb keyboard lad has 120 seconds left.\n|\n|t:|1700262523\n|switch|p1a: Hey Joe|Slowking-Galar, F|69\/100\n|move|p2a: Ogerpon|Horn Leech|p1a: Hey Joe\n|-resisted|p1a: Hey Joe\n|-damage|p1a: Hey Joe|53\/100\n|-heal|p2a: Ogerpon|49\/100|[from] drain|[of] p1a: Hey Joe\n|\n|-weather|Snow|[upkeep]\n|upkeep\n|turn|48\n|\n|t:|1700262543\n|switch|p2a: Slowking|Slowking, F|71\/100 psn\n|move|p1a: Hey Joe|Future Sight|p2a: Slowking\n|-start|p1a: Hey Joe|move: Future Sight\n|\n|-weather|Snow|[upkeep]\n|-heal|p2a: Slowking|77\/100 psn|[from] item: Leftovers\n|-damage|p2a: Slowking|65\/100 psn|[from] psn\n|upkeep\n|turn|49\n|\n|t:|1700262556\n|move|p1a: Hey Joe|Chilly Reception|p1a: Hey Joe\n|\n|t:|1700262567\n|switch|p1a: Little Wing|Zapdos|34\/100|[from] Chilly Reception\n|move|p2a: Slowking|Future Sight|p1a: Little Wing\n|-start|p2a: Slowking|move: Future Sight\n|\n|-weather|none\n|-heal|p2a: Slowking|71\/100 psn|[from] item: Leftovers\n|-damage|p2a: Slowking|58\/100 psn|[from] psn\n|upkeep\n|turn|50\n|\n|t:|1700262587\n|-terastallize|p2a: Slowking|Ice\n|move|p1a: Little Wing|Volt Switch|p2a: Slowking\n|-crit|p2a: Slowking\n|-damage|p2a: Slowking|31\/100 psn\n|\n|t:|1700262599\n|switch|p1a: Bold as Love|Dondozo, M|14\/100|[from] Volt Switch\n|move|p2a: Slowking|Chilly Reception|p2a: Slowking\n|-weather|Snow\n|\n|t:|1700262608\n|switch|p2a: Ogerpon|Ogerpon-Cornerstone, F|49\/100|[from] Chilly Reception\n|\n|-weather|Snow|[upkeep]\n|-end|p2a: Ogerpon|move: Future Sight\n|-damage|p2a: Ogerpon|0 fnt\n|faint|p2a: Ogerpon\n|upkeep\n|\n|t:|1700262618\n|switch|p2a: Infernape|Infernape, F|100\/100\n|turn|51\n|\n|t:|1700262628\n|move|p2a: Infernape|Close Combat|p1a: Bold as Love\n|-damage|p1a: Bold as Love|0 fnt\n|-unboost|p2a: Infernape|def|1\n|-unboost|p2a: Infernape|spd|1\n|faint|p1a: Bold as Love\n|\n|-weather|Snow|[upkeep]\n|-hint|Future Sight did not hit because the target is fainted.\n|upkeep\n|\n|t:|1700262642\n|switch|p1a: One Rainy Wish|Ogerpon-Wellspring-Tera, F, tera:Water|45\/100\n|-damage|p1a: One Rainy Wish|33\/100|[from] Stealth Rock\n|-ability|p1a: One Rainy Wish|Embody Aspect (Wellspring)|boost\n|-boost|p1a: One Rainy Wish|spd|1\n|turn|52\n|\n|t:|1700262649\n|move|p2a: Infernape|Close Combat|p1a: One Rainy Wish\n|-damage|p1a: One Rainy Wish|0 fnt\n|-unboost|p2a: Infernape|def|1\n|-unboost|p2a: Infernape|spd|1\n|faint|p1a: One Rainy Wish\n|\n|-weather|Snow|[upkeep]\n|upkeep\n|\n|t:|1700262656\n|switch|p1a: Little Wing|Zapdos|34\/100\n|turn|53\n|\n|t:|1700262662\n|switch|p2a: Cyclizar|Cyclizar, F|75\/100 psn\n|switch|p1a: Hey Joe|Slowking-Galar, F|86\/100\n|\n|-weather|Snow|[upkeep]\n|-damage|p2a: Cyclizar|63\/100 psn|[from] psn\n|upkeep\n|turn|54\n|inactive|Dumb keyboard lad has 120 seconds left.\n|\n|t:|1700262673\n|move|p2a: Cyclizar|Taunt|p1a: Hey Joe\n|-start|p1a: Hey Joe|move: Taunt\n|move|p1a: Hey Joe|Future Sight|p2a: Cyclizar\n|-start|p1a: Hey Joe|move: Future Sight\n|\n|-weather|none\n|-damage|p2a: Cyclizar|50\/100 psn|[from] psn\n|upkeep\n|turn|55\n|inactive|Dumb keyboard lad has 120 seconds left.\n|\n|t:|1700262680\n|move|p2a: Cyclizar|U-turn|p1a: Hey Joe\n|-damage|p1a: Hey Joe|75\/100\n|\n|t:|1700262682\n|switch|p2a: Slowking|Slowking, F, tera:Ice|65\/100 psn|[from] U-turn\n|move|p1a: Hey Joe|Ice Beam|p2a: Slowking\n|-resisted|p2a: Slowking\n|-damage|p2a: Slowking|59\/100 psn\n|\n|-heal|p2a: Slowking|65\/100 psn|[from] item: Leftovers\n|-damage|p2a: Slowking|52\/100 psn|[from] psn\n|upkeep\n|turn|56\n|\n|t:|1700262690\n|move|p1a: Hey Joe|Sludge Bomb|p2a: Slowking\n|-damage|p2a: Slowking|32\/100 psn\n|move|p2a: Slowking|Ice Beam|p1a: Hey Joe\n|-damage|p1a: Hey Joe|50\/100\n|\n|-end|p2a: Slowking|move: Future Sight\n|-damage|p2a: Slowking|7\/100 psn\n|-heal|p2a: Slowking|13\/100 psn|[from] item: Leftovers\n|-damage|p2a: Slowking|0 fnt|[from] psn\n|faint|p2a: Slowking\n|-end|p1a: Hey Joe|move: Taunt\n|upkeep\n|\n|t:|1700262704\n|switch|p2a: Cyclizar|Cyclizar, F|84\/100 psn\n|turn|57\n|\n|t:|1700262714\n|move|p2a: Cyclizar|Overheat|p1a: Hey Joe\n|-damage|p1a: Hey Joe|27\/100\n|-unboost|p2a: Cyclizar|spa|2\n|move|p1a: Hey Joe|Ice Beam|p2a: Cyclizar\n|-supereffective|p2a: Cyclizar\n|-damage|p2a: Cyclizar|19\/100 psn\n|\n|-damage|p2a: Cyclizar|7\/100 psn|[from] psn\n|upkeep\n|turn|58\n|\n|t:|1700262722\n|move|p2a: Cyclizar|U-turn|p1a: Hey Joe\n|-damage|p1a: Hey Joe|18\/100\n|\n|t:|1700262724\n|switch|p2a: Infernape|Infernape, F|100\/100|[from] U-turn\n|move|p1a: Hey Joe|Chilly Reception|p1a: Hey Joe\n|-weather|Snow\n|\n|t:|1700262735\n|switch|p1a: Little Wing|Zapdos|34\/100|[from] Chilly Reception\n|\n|-weather|Snow|[upkeep]\n|upkeep\n|turn|59\n|\n|t:|1700262742\n|move|p2a: Infernape|Overheat|p1a: Little Wing\n|-damage|p1a: Little Wing|0 fnt\n|-unboost|p2a: Infernape|spa|2\n|faint|p1a: Little Wing\n|\n|-weather|Snow|[upkeep]\n|upkeep\n|\n|t:|1700262746\n|switch|p1a: CastlesMadeofSand|Ting-Lu|73\/100\n|-damage|p1a: CastlesMadeofSand|67\/100|[from] Stealth Rock\n|-ability|p1a: CastlesMadeofSand|Vessel of Ruin\n|turn|60\n|\n|t:|1700262754\n|switch|p2a: Cyclizar|Cyclizar, F|40\/100 psn\n|move|p1a: CastlesMadeofSand|Earthquake|p2a: Cyclizar\n|-damage|p2a: Cyclizar|0 fnt\n|faint|p2a: Cyclizar\n|\n|-weather|Snow|[upkeep]\n|-heal|p1a: CastlesMadeofSand|73\/100|[from] item: Leftovers\n|upkeep\n|\n|t:|1700262759\n|switch|p2a: Infernape|Infernape, F|100\/100\n|turn|61\n|\n|t:|1700262764\n|switch|p1a: Hey Joe|Slowking-Galar, F|51\/100\n|move|p2a: Infernape|Close Combat|p1a: Hey Joe\n|-resisted|p1a: Hey Joe\n|-damage|p1a: Hey Joe|39\/100\n|-unboost|p2a: Infernape|def|1\n|-unboost|p2a: Infernape|spd|1\n|\n|-weather|Snow|[upkeep]\n|upkeep\n|turn|62\n|c|\u2606LirrodPokemon|Gg\n|\n|t:|1700262773\n|move|p2a: Infernape|Close Combat|p1a: Hey Joe\n|-resisted|p1a: Hey Joe\n|-damage|p1a: Hey Joe|29\/100\n|-unboost|p2a: Infernape|def|1\n|-unboost|p2a: Infernape|spd|1\n|move|p1a: Hey Joe|Future Sight|p2a: Infernape\n|-start|p1a: Hey Joe|move: Future Sight\n|\n|-weather|none\n|upkeep\n|turn|63\n|c|\u2606LirrodPokemon|Gg\n|c|\u2606Dumb keyboard lad|gg\n|c|\u2606Dumb keyboard lad|fun game\n|\n|t:|1700262787\n|move|p2a: Infernape|Close Combat|p1a: Hey Joe\n|-resisted|p1a: Hey Joe\n|-damage|p1a: Hey Joe|18\/100\n|-unboost|p2a: Infernape|def|1\n|-unboost|p2a: Infernape|spd|1\n|move|p1a: Hey Joe|Sludge Bomb|p2a: Infernape\n|-damage|p2a: Infernape|0 fnt\n|faint|p2a: Infernape\n|\n|win|Dumb keyboard lad\n|raw|Dumb keyboard lad's rating: 1155 &rarr; <strong>1185<\/strong><br \/>(+30 for winning)\n|raw|LirrodPokemon's rating: 1227 &rarr; <strong>1197<\/strong><br \/>(-30 for losing)\n|c|\u2606LirrodPokemon|Yeah\n","uploadtime":1700262792,"views":18,"p1id":"dumbkeyboardlad","p2id":"lirrodpokemon","formatid":"gen9ou","rating":1185,"private":0,"password":""}