{"id":"gen9ou-2000646779","p1":"Savage_F0x","p2":"Thestias","format":"[Gen 9] OU","log":"|j|\u2606Savage_F0x\n|j|\u2606Thestias\n|t:|1701214174\n|gametype|singles\n|player|p1|Savage_F0x|ninjaboy|1118\n|player|p2|Thestias|clerkf|1026\n|teamsize|p1|6\n|teamsize|p2|6\n|gen|9\n|tier|[Gen 9] OU\n|rated|\n|rule|Sleep Clause Mod: Limit one foe put to sleep\n|rule|Species Clause: Limit one of each Pok\u00e9mon\n|rule|OHKO Clause: OHKO moves are banned\n|rule|Evasion Items Clause: Evasion items are banned\n|rule|Evasion Moves Clause: Evasion moves are banned\n|rule|Endless Battle Clause: Forcing endless battles is banned\n|rule|HP Percentage Mod: HP is shown in percentages\n|clearpoke\n|poke|p1|Volbeat, M|\n|poke|p1|Toxapex, F|\n|poke|p1|Ting-Lu|\n|poke|p1|Iron Valiant|\n|poke|p1|Iron Moth|\n|poke|p1|Thundurus-Therian, M|\n|poke|p2|Sinistcha-Masterpiece|\n|poke|p2|Gholdengo|\n|poke|p2|Quaquaval, M|\n|poke|p2|Garganacl, M|\n|poke|p2|Garchomp, F|\n|poke|p2|Tornadus-Therian, M|\n|teampreview\n|\n|t:|1701214181\n|start\n|switch|p1a: Ting-Lu|Ting-Lu|100\/100\n|switch|p2a: Garchomp|Garchomp, F|100\/100\n|-ability|p1a: Ting-Lu|Vessel of Ruin\n|turn|1\n|c|\u2606Thestias|hmm\n|\n|t:|1701214191\n|move|p2a: Garchomp|Stealth Rock|p1a: Ting-Lu\n|-sidestart|p1: Savage_F0x|move: Stealth Rock\n|move|p1a: Ting-Lu|Spikes|p2a: Garchomp\n|-sidestart|p2: Thestias|Spikes\n|\n|upkeep\n|turn|2\n|\n|t:|1701214201\n|move|p1a: Ting-Lu|Spikes|p2a: Garchomp\n|-sidestart|p2: Thestias|Spikes\n|move|p2a: Garchomp|Dragon Tail|p1a: Ting-Lu\n|-damage|p1a: Ting-Lu|84\/100\n|drag|p1a: Thundurus|Thundurus-Therian, M|100\/100\n|-damage|p1a: Thundurus|76\/100|[from] Stealth Rock\n|\n|upkeep\n|turn|3\n|\n|t:|1701214209\n|switch|p1a: Marinus|Volbeat, M|100\/100\n|-damage|p1a: Marinus|75\/100|[from] Stealth Rock\n|move|p2a: Garchomp|Spikes|p1a: Marinus\n|-sidestart|p1: Savage_F0x|Spikes\n|\n|upkeep\n|turn|4\n|\n|t:|1701214215\n|move|p1a: Marinus|Ice Punch|p2a: Garchomp\n|-supereffective|p2a: Garchomp\n|-damage|p2a: Garchomp|29\/100\n|-damage|p1a: Marinus|63\/100|[from] ability: Rough Skin|[of] p2a: Garchomp\n|-damage|p1a: Marinus|46\/100|[from] item: Rocky Helmet|[of] p2a: Garchomp\n|move|p2a: Garchomp|Dragon Tail|p1a: Marinus\n|-damage|p1a: Marinus|7\/100\n|drag|p1a: Iron Moth|Iron Moth|100\/100\n|-damage|p1a: Iron Moth|76\/100|[from] Stealth Rock\n|-damage|p1a: Iron Moth|63\/100|[from] Spikes\n|\n|upkeep\n|turn|5\n|\n|t:|1701214228\n|move|p1a: Iron Moth|U-turn|p2a: Garchomp\n|-damage|p2a: Garchomp|19\/100\n|-damage|p1a: Iron Moth|51\/100|[from] ability: Rough Skin|[of] p2a: Garchomp\n|-damage|p1a: Iron Moth|34\/100|[from] item: Rocky Helmet|[of] p2a: Garchomp\n|\n|t:|1701214232\n|-end|p1a: Iron Moth|Quark Drive|[silent]\n|switch|p1a: Marinus|Volbeat, M|7\/100|[from] U-turn\n|-damage|p1a: Marinus|0 fnt|[from] Stealth Rock\n|faint|p1a: Marinus\n|move|p2a: Garchomp|Spikes|p1: Marinus\n|-sidestart|p1: Savage_F0x|Spikes\n|\n|upkeep\n|\n|t:|1701214239\n|switch|p1a: Toxapex|Toxapex, F|100\/100\n|-damage|p1a: Toxapex|88\/100|[from] Stealth Rock\n|-damage|p1a: Toxapex|72\/100|[from] Spikes\n|turn|6\n|\n|t:|1701214254\n|move|p1a: Toxapex|Baneful Bunker|p1a: Toxapex\n|-singleturn|p1a: Toxapex|move: Protect\n|move|p2a: Garchomp|Dragon Tail|p1a: Toxapex\n|-activate|p1a: Toxapex|move: Protect\n|-status|p2a: Garchomp|psn\n|\n|-heal|p1a: Toxapex|78\/100|[from] item: Black Sludge\n|-damage|p2a: Garchomp|6\/100 psn|[from] psn\n|upkeep\n|turn|7\n|\n|t:|1701214263\n|move|p1a: Toxapex|Substitute|p1a: Toxapex\n|-start|p1a: Toxapex|Substitute\n|-damage|p1a: Toxapex|53\/100\n|move|p2a: Garchomp|Dragon Tail|p1a: Toxapex\n|-activate|p1a: Toxapex|move: Substitute|[damage]\n|\n|-heal|p1a: Toxapex|59\/100|[from] item: Black Sludge\n|-damage|p2a: Garchomp|0 fnt|[from] psn\n|faint|p2a: Garchomp\n|upkeep\n|\n|t:|1701214271\n|switch|p2a: Sinistcha|Sinistcha-Masterpiece, shiny|100\/100\n|-damage|p2a: Sinistcha|84\/100|[from] Spikes\n|turn|8\n|\n|t:|1701214277\n|-terastallize|p2a: Sinistcha|Poison\n|move|p2a: Sinistcha|Calm Mind|p2a: Sinistcha\n|-boost|p2a: Sinistcha|spa|1\n|-boost|p2a: Sinistcha|spd|1\n|move|p1a: Toxapex|Poison Jab|p2a: Sinistcha\n|-resisted|p2a: Sinistcha\n|-damage|p2a: Sinistcha|78\/100\n|-enditem|p2a: Sinistcha|Kee Berry|[eat]\n|-boost|p2a: Sinistcha|def|1|[from] item: Kee Berry\n|\n|-heal|p1a: Toxapex|65\/100|[from] item: Black Sludge\n|upkeep\n|turn|9\n|\n|t:|1701214284\n|move|p2a: Sinistcha|Calm Mind|p2a: Sinistcha\n|-boost|p2a: Sinistcha|spa|1\n|-boost|p2a: Sinistcha|spd|1\n|move|p1a: Toxapex|Toxic Spikes|p2a: Sinistcha\n|-sidestart|p2: Thestias|move: Toxic Spikes\n|\n|-heal|p1a: Toxapex|72\/100|[from] item: Black Sludge\n|upkeep\n|turn|10\n|\n|t:|1701214304\n|switch|p1a: Ting-Lu|Ting-Lu|84\/100\n|-damage|p1a: Ting-Lu|78\/100|[from] Stealth Rock\n|-damage|p1a: Ting-Lu|61\/100|[from] Spikes\n|-ability|p1a: Ting-Lu|Vessel of Ruin\n|move|p2a: Sinistcha|Calm Mind|p2a: Sinistcha\n|-boost|p2a: Sinistcha|spa|1\n|-boost|p2a: Sinistcha|spd|1\n|\n|upkeep\n|turn|11\n|\n|t:|1701214306\n|move|p2a: Sinistcha|Matcha Gotcha|p1a: Ting-Lu\n|-supereffective|p1a: Ting-Lu\n|-damage|p1a: Ting-Lu|0 fnt\n|-heal|p2a: Sinistcha|100\/100|[from] drain|[of] p1a: Ting-Lu\n|faint|p1a: Ting-Lu\n|\n|upkeep\n|\n|t:|1701214315\n|switch|p1a: Iron Valiant|Iron Valiant|100\/100\n|-damage|p1a: Iron Valiant|94\/100|[from] Stealth Rock\n|-damage|p1a: Iron Valiant|78\/100|[from] Spikes\n|turn|12\n|\n|t:|1701214322\n|move|p1a: Iron Valiant|Close Combat|p2a: Sinistcha\n|-resisted|p2a: Sinistcha\n|-damage|p2a: Sinistcha|87\/100\n|-unboost|p1a: Iron Valiant|def|1\n|-unboost|p1a: Iron Valiant|spd|1\n|move|p2a: Sinistcha|Strength Sap|p1a: Iron Valiant\n|-unboost|p1a: Iron Valiant|atk|1\n|-heal|p2a: Sinistcha|100\/100\n|\n|upkeep\n|turn|13\n|\n|t:|1701214329\n|move|p1a: Iron Valiant|Knock Off|p2a: Sinistcha\n|-damage|p2a: Sinistcha|93\/100\n|move|p2a: Sinistcha|Matcha Gotcha|p1a: Iron Valiant|[miss]\n|-miss|p2a: Sinistcha|p1a: Iron Valiant\n|\n|upkeep\n|turn|14\n|\n|t:|1701214337\n|-end|p1a: Iron Valiant|Quark Drive|[silent]\n|switch|p1a: Thundurus|Thundurus-Therian, M|76\/100\n|-damage|p1a: Thundurus|51\/100|[from] Stealth Rock\n|move|p2a: Sinistcha|Matcha Gotcha|p1a: Thundurus\n|-resisted|p1a: Thundurus\n|-damage|p1a: Thundurus|0 fnt\n|-heal|p2a: Sinistcha|100\/100|[from] drain|[of] p1a: Thundurus\n|faint|p1a: Thundurus\n|\n|upkeep\n|\n|t:|1701214339\n|switch|p1a: Toxapex|Toxapex, F|100\/100\n|-damage|p1a: Toxapex|88\/100|[from] Stealth Rock\n|-damage|p1a: Toxapex|72\/100|[from] Spikes\n|turn|15\n|\n|t:|1701214344\n|move|p2a: Sinistcha|Matcha Gotcha|p1a: Toxapex\n|-damage|p1a: Toxapex|20\/100\n|move|p1a: Toxapex|Poison Jab|p2a: Sinistcha\n|-resisted|p2a: Sinistcha\n|-damage|p2a: Sinistcha|96\/100\n|\n|-heal|p1a: Toxapex|26\/100|[from] item: Black Sludge\n|upkeep\n|turn|16\n|\n|t:|1701214352\n|move|p1a: Toxapex|Baneful Bunker|p1a: Toxapex\n|-singleturn|p1a: Toxapex|move: Protect\n|move|p2a: Sinistcha|Calm Mind|p2a: Sinistcha\n|-boost|p2a: Sinistcha|spa|1\n|-boost|p2a: Sinistcha|spd|1\n|\n|-heal|p1a: Toxapex|33\/100|[from] item: Black Sludge\n|upkeep\n|turn|17\n|\n|t:|1701214356\n|move|p2a: Sinistcha|Matcha Gotcha|p1a: Toxapex\n|-damage|p1a: Toxapex|0 fnt\n|-heal|p2a: Sinistcha|100\/100|[from] drain|[of] p1a: Toxapex\n|faint|p1a: Toxapex\n|\n|upkeep\n|\n|t:|1701214358\n|switch|p1a: Iron Moth|Iron Moth|34\/100\n|-damage|p1a: Iron Moth|9\/100|[from] Stealth Rock\n|-damage|p1a: Iron Moth|0 fnt|[from] Spikes\n|faint|p1a: Iron Moth\n|-end|p1a: Iron Moth|Quark Drive|[silent]\n|\n|t:|1701214363\n|switch|p1a: Iron Valiant|Iron Valiant|78\/100\n|-damage|p1a: Iron Valiant|72\/100|[from] Stealth Rock\n|-damage|p1a: Iron Valiant|55\/100|[from] Spikes\n|turn|18\n|c|\u2606Thestias|gg\n|\n|t:|1701214370\n|move|p1a: Iron Valiant|Swords Dance|p1a: Iron Valiant\n|-boost|p1a: Iron Valiant|atk|2\n|move|p2a: Sinistcha|Matcha Gotcha|p1a: Iron Valiant\n|-damage|p1a: Iron Valiant|0 fnt\n|faint|p1a: Iron Valiant\n|-end|p1a: Iron Valiant|Quark Drive|[silent]\n|\n|win|Thestias\n|raw|Savage_F0x's rating: 1118 &rarr; <strong>1087<\/strong><br \/>(-31 for losing)\n|raw|Thestias's rating: 1026 &rarr; <strong>1071<\/strong><br \/>(+45 for winning)\n|l|\u2606Savage_F0x\n","uploadtime":1701214391,"views":2,"p1id":"savagef0x","p2id":"thestias","formatid":"gen9ou","rating":1071,"private":0,"password":""}