{"id":"gen9ou-1996544884","p1":"pok3monjake","p2":"CalciumDW94","format":"[Gen 9] OU","log":"|j|\u2606pok3monjake\n|j|\u2606CalciumDW94\n|t:|1700692662\n|gametype|singles\n|player|p1|pok3monjake|unknown|1518\n|player|p2|CalciumDW94|silver|1429\n|teamsize|p1|6\n|teamsize|p2|6\n|gen|9\n|tier|[Gen 9] OU\n|rated|\n|rule|Sleep Clause Mod: Limit one foe put to sleep\n|rule|Species Clause: Limit one of each Pok\u00e9mon\n|rule|OHKO Clause: OHKO moves are banned\n|rule|Evasion Items Clause: Evasion items are banned\n|rule|Evasion Moves Clause: Evasion moves are banned\n|rule|Endless Battle Clause: Forcing endless battles is banned\n|rule|HP Percentage Mod: HP is shown in percentages\n|clearpoke\n|poke|p1|Hatterene, F|\n|poke|p1|Rillaboom, M|\n|poke|p1|Hawlucha, M|\n|poke|p1|Great Tusk|\n|poke|p1|Dragapult, M|\n|poke|p1|Kingambit, M|\n|poke|p2|Kingambit, F|\n|poke|p2|Iron Valiant|\n|poke|p2|Hydreigon, F|\n|poke|p2|Garganacl, F|\n|poke|p2|Rillaboom, F|\n|poke|p2|Cinderace, F|\n|teampreview\n|inactive|Battle timer is ON: inactive players will automatically lose when time's up. (requested by CalciumDW94)\n|\n|t:|1700692724\n|start\n|switch|p1a: Dragapult|Dragapult, M|100\/100\n|switch|p2a: Cinderace|Cinderace, F|100\/100\n|turn|1\n|inactive|CalciumDW94 has 120 seconds left.\n|inactive|CalciumDW94 has 90 seconds left.\n|inactive|CalciumDW94 has 60 seconds left.\n|\n|t:|1700692827\n|move|p1a: Dragapult|Draco Meteor|p2a: Cinderace\n|-damage|p2a: Cinderace|0 fnt\n|-unboost|p1a: Dragapult|spa|2\n|faint|p2a: Cinderace\n|\n|upkeep\n|\n|t:|1700692833\n|switch|p2a: Hydreigon|Hydreigon, F|100\/100\n|turn|2\n|inactive|pok3monjake has 120 seconds left.\n|\n|t:|1700692881\n|switch|p1a: Rillaboom|Rillaboom, M|100\/100\n|-fieldstart|move: Grassy Terrain|[from] ability: Grassy Surge|[of] p1a: Rillaboom\n|-terastallize|p2a: Hydreigon|Poison\n|move|p2a: Hydreigon|Nasty Plot|p2a: Hydreigon\n|-boost|p2a: Hydreigon|spa|2\n|\n|upkeep\n|turn|3\n|inactive|CalciumDW94 has 60 seconds left.\n|inactive|pok3monjake has 90 seconds left.\n|\n|t:|1700692916\n|move|p2a: Hydreigon|Dark Pulse|p1a: Rillaboom\n|-damage|p1a: Rillaboom|0 fnt\n|faint|p1a: Rillaboom\n|\n|upkeep\n|inactive|pok3monjake has 90 seconds left.\n|inactive|pok3monjake has 60 seconds left.\n|\n|t:|1700692967\n|switch|p1a: Dragapult|Dragapult, M|100\/100\n|turn|4\n|\n|t:|1700692971\n|move|p1a: Dragapult|Draco Meteor|p2a: Hydreigon\n|-damage|p2a: Hydreigon|6\/100\n|-unboost|p1a: Dragapult|spa|2\n|move|p2a: Hydreigon|Substitute|p2a: Hydreigon\n|-fail|p2a: Hydreigon|move: Substitute|[weak]\n|\n|-heal|p2a: Hydreigon|12\/100|[from] item: Leftovers\n|upkeep\n|turn|5\n|inactive|pok3monjake has 60 seconds left.\n|\n|t:|1700692977\n|switch|p2a: Iron Valiant|Iron Valiant|100\/100\n|-enditem|p2a: Iron Valiant|Booster Energy\n|-activate|p2a: Iron Valiant|ability: Quark Drive|[fromitem]\n|-start|p2a: Iron Valiant|quarkdrivespe\n|move|p1a: Dragapult|Draco Meteor|p2a: Iron Valiant\n|-immune|p2a: Iron Valiant\n|\n|upkeep\n|turn|6\n|\n|t:|1700692982\n|switch|p1a: Hatterene|Hatterene, F|100\/100\n|-enditem|p1a: Hatterene|Grassy Seed\n|-boost|p1a: Hatterene|def|1|[from] item: Grassy Seed\n|move|p2a: Iron Valiant|Moonblast|p1a: Hatterene\n|-damage|p1a: Hatterene|48\/100\n|\n|-heal|p1a: Hatterene|54\/100|[from] Grassy Terrain\n|-fieldend|move: Grassy Terrain\n|upkeep\n|turn|7\n|\n|t:|1700692987\n|move|p2a: Iron Valiant|Shadow Ball|p1a: Hatterene\n|-supereffective|p1a: Hatterene\n|-damage|p1a: Hatterene|0 fnt\n|faint|p1a: Hatterene\n|\n|upkeep\n|\n|t:|1700692997\n|switch|p1a: Kingambit|Kingambit, M|100\/100\n|-activate|p1a: Kingambit|ability: Supreme Overlord\n|-start|p1a: Kingambit|fallen2|[silent]\n|turn|8\n|\n|t:|1700693021\n|-terastallize|p1a: Kingambit|Fire\n|move|p2a: Iron Valiant|Close Combat|p1a: Kingambit\n|-damage|p1a: Kingambit|62\/100\n|-unboost|p2a: Iron Valiant|def|1\n|-unboost|p2a: Iron Valiant|spd|1\n|move|p1a: Kingambit|Iron Head|p2a: Iron Valiant\n|-supereffective|p2a: Iron Valiant\n|-crit|p2a: Iron Valiant\n|-damage|p2a: Iron Valiant|0 fnt\n|faint|p2a: Iron Valiant\n|-end|p2a: Iron Valiant|Quark Drive|[silent]\n|\n|-heal|p1a: Kingambit|69\/100|[from] item: Leftovers\n|upkeep\n|\n|t:|1700693025\n|switch|p2a: Garganacl|Garganacl, F|100\/100\n|turn|9\n|inactive|pok3monjake has 60 seconds left.\n|\n|t:|1700693061\n|-end|p1a: Kingambit|fallen2|[silent]\n|switch|p1a: Great Tusk|Great Tusk|100\/100\n|move|p2a: Garganacl|Salt Cure|p1a: Great Tusk\n|-resisted|p1a: Great Tusk\n|-damage|p1a: Great Tusk|98\/100\n|-start|p1a: Great Tusk|Salt Cure\n|\n|-damage|p1a: Great Tusk|86\/100|[from] Salt Cure\n|upkeep\n|turn|10\n|inactive|CalciumDW94 has 90 seconds left.\n|\n|t:|1700693074\n|switch|p2a: Rillaboom|Rillaboom, F|100\/100\n|-fieldstart|move: Grassy Terrain|[from] ability: Grassy Surge|[of] p2a: Rillaboom\n|move|p1a: Great Tusk|Stealth Rock|p2a: Rillaboom\n|-sidestart|p2: CalciumDW94|move: Stealth Rock\n|\n|-heal|p1a: Great Tusk|92\/100|[from] Grassy Terrain\n|-damage|p1a: Great Tusk|80\/100|[from] Salt Cure\n|upkeep\n|turn|11\n|inactive|CalciumDW94 has 90 seconds left.\n|\n|t:|1700693093\n|-end|p1a: Great Tusk|Protosynthesis|[silent]\n|switch|p1a: Kingambit|Kingambit, M, tera:Fire|69\/100\n|-activate|p1a: Kingambit|ability: Supreme Overlord\n|-start|p1a: Kingambit|fallen2|[silent]\n|move|p2a: Rillaboom|Grassy Glide|p1a: Kingambit\n|-resisted|p1a: Kingambit\n|-damage|p1a: Kingambit|45\/100\n|\n|-heal|p1a: Kingambit|51\/100|[from] Grassy Terrain\n|-heal|p1a: Kingambit|57\/100|[from] item: Leftovers\n|upkeep\n|turn|12\n|inactive|pok3monjake has 60 seconds left.\n|inactive|CalciumDW94 has 90 seconds left.\n|\n|t:|1700693104\n|switch|p2a: Hydreigon|Hydreigon, F, tera:Poison|12\/100\n|-damage|p2a: Hydreigon|0 fnt|[from] Stealth Rock\n|faint|p2a: Hydreigon\n|move|p1a: Kingambit|Swords Dance|p1a: Kingambit\n|-boost|p1a: Kingambit|atk|2\n|\n|-heal|p1a: Kingambit|64\/100|[from] Grassy Terrain\n|-heal|p1a: Kingambit|70\/100|[from] item: Leftovers\n|upkeep\n|\n|t:|1700693107\n|switch|p2a: Garganacl|Garganacl, F|100\/100\n|-damage|p2a: Garganacl|88\/100|[from] Stealth Rock\n|turn|13\n|\n|t:|1700693110\n|move|p1a: Kingambit|Iron Head|p2a: Garganacl\n|-supereffective|p2a: Garganacl\n|-damage|p2a: Garganacl|0 fnt\n|faint|p2a: Garganacl\n|\n|-heal|p1a: Kingambit|76\/100|[from] Grassy Terrain\n|-heal|p1a: Kingambit|82\/100|[from] item: Leftovers\n|upkeep\n|\n|t:|1700693113\n|switch|p2a: Kingambit|Kingambit, F|100\/100\n|-damage|p2a: Kingambit|94\/100|[from] Stealth Rock\n|-activate|p2a: Kingambit|ability: Supreme Overlord\n|-start|p2a: Kingambit|fallen4|[silent]\n|turn|14\n|\n|t:|1700693119\n|move|p1a: Kingambit|Kowtow Cleave|p2a: Kingambit\n|-resisted|p2a: Kingambit\n|-damage|p2a: Kingambit|49\/100\n|move|p2a: Kingambit|Swords Dance|p2a: Kingambit\n|-boost|p2a: Kingambit|atk|2\n|\n|-heal|p1a: Kingambit|89\/100|[from] Grassy Terrain\n|-heal|p1a: Kingambit|95\/100|[from] item: Leftovers\n|-heal|p2a: Kingambit|56\/100|[from] Grassy Terrain\n|-heal|p2a: Kingambit|62\/100|[from] item: Leftovers\n|-fieldend|move: Grassy Terrain\n|upkeep\n|turn|15\n|inactive|CalciumDW94 has 120 seconds left.\n|\n|t:|1700693124\n|move|p1a: Kingambit|Kowtow Cleave|p2a: Kingambit\n|-resisted|p2a: Kingambit\n|-damage|p2a: Kingambit|21\/100\n|move|p2a: Kingambit|Kowtow Cleave|p1a: Kingambit\n|-damage|p1a: Kingambit|0 fnt\n|faint|p1a: Kingambit\n|-end|p1a: Kingambit|fallen2|[silent]\n|\n|-heal|p2a: Kingambit|28\/100|[from] item: Leftovers\n|upkeep\n|\n|t:|1700693133\n|switch|p1a: Great Tusk|Great Tusk|80\/100\n|turn|16\n|\n|t:|1700693142\n|-end|p2a: Kingambit|fallen4|[silent]\n|switch|p2a: Rillaboom|Rillaboom, F|100\/100\n|-damage|p2a: Rillaboom|88\/100|[from] Stealth Rock\n|-fieldstart|move: Grassy Terrain|[from] ability: Grassy Surge|[of] p2a: Rillaboom\n|move|p1a: Great Tusk|Headlong Rush|p2a: Rillaboom\n|-resisted|p2a: Rillaboom\n|-damage|p2a: Rillaboom|56\/100\n|-unboost|p1a: Great Tusk|def|1\n|-unboost|p1a: Great Tusk|spd|1\n|\n|-heal|p1a: Great Tusk|86\/100|[from] Grassy Terrain\n|-heal|p2a: Rillaboom|62\/100|[from] Grassy Terrain\n|upkeep\n|turn|17\n|\n|t:|1700693147\n|move|p1a: Great Tusk|Headlong Rush|p2a: Rillaboom\n|-resisted|p2a: Rillaboom\n|-damage|p2a: Rillaboom|28\/100\n|-unboost|p1a: Great Tusk|def|1\n|-unboost|p1a: Great Tusk|spd|1\n|move|p2a: Rillaboom|Knock Off|p1a: Great Tusk\n|-resisted|p1a: Great Tusk\n|-damage|p1a: Great Tusk|48\/100\n|-enditem|p1a: Great Tusk|Heavy-Duty Boots|[from] move: Knock Off|[of] p2a: Rillaboom\n|\n|-heal|p1a: Great Tusk|55\/100|[from] Grassy Terrain\n|-heal|p2a: Rillaboom|35\/100|[from] Grassy Terrain\n|upkeep\n|turn|18\n|inactive|pok3monjake has 120 seconds left.\n|\n|t:|1700693164\n|-end|p1a: Great Tusk|Protosynthesis|[silent]\n|switch|p1a: Hawlucha|Hawlucha, M|100\/100\n|-enditem|p1a: Hawlucha|Grassy Seed\n|-boost|p1a: Hawlucha|def|1|[from] item: Grassy Seed\n|move|p2a: Rillaboom|Knock Off|p1a: Hawlucha\n|-resisted|p1a: Hawlucha\n|-damage|p1a: Hawlucha|86\/100\n|\n|-heal|p2a: Rillaboom|41\/100|[from] Grassy Terrain\n|upkeep\n|turn|19\n|-message|CalciumDW94 forfeited.\n|\n|win|pok3monjake\n|raw|pok3monjake's rating: 1518 &rarr; <strong>1533<\/strong><br \/>(+15 for winning)\n|raw|CalciumDW94's rating: 1429 &rarr; <strong>1414<\/strong><br \/>(-15 for losing)\n|l|\u2606CalciumDW94\n","uploadtime":1700693189,"views":9,"p1id":"pok3monjake","p2id":"calciumdw94","formatid":"gen9ou","rating":1414,"private":0,"password":""}