{"id":"gen9ou-1999493000","p1":"lynakumi8","p2":"nephilimuscat","format":"[Gen 9] OU","log":"|j|\u2606lynakumi8\n|j|\u2606nephilimuscat\n|t:|1701088638\n|gametype|singles\n|player|p1|lynakumi8|dawn|1165\n|player|p2|nephilimuscat|policeman-gen4|1166\n|teamsize|p1|6\n|teamsize|p2|6\n|gen|9\n|tier|[Gen 9] OU\n|rated|\n|rule|Sleep Clause Mod: Limit one foe put to sleep\n|rule|Species Clause: Limit one of each Pok\u00e9mon\n|rule|OHKO Clause: OHKO moves are banned\n|rule|Evasion Items Clause: Evasion items are banned\n|rule|Evasion Moves Clause: Evasion moves are banned\n|rule|Endless Battle Clause: Forcing endless battles is banned\n|rule|HP Percentage Mod: HP is shown in percentages\n|clearpoke\n|poke|p1|Kingambit, M|\n|poke|p1|Glimmora, F|\n|poke|p1|Zamazenta-*|\n|poke|p1|Iron Valiant|\n|poke|p1|Iron Moth|\n|poke|p1|Ogerpon-Wellspring, F|\n|poke|p2|Ribombee, F|\n|poke|p2|Dragonite, M|\n|poke|p2|Great Tusk|\n|poke|p2|Iron Moth|\n|poke|p2|Kingambit, M|\n|poke|p2|Gholdengo|\n|teampreview\n|inactive|Battle timer is ON: inactive players will automatically lose when time's up. (requested by lynakumi8)\n|\n|t:|1701088645\n|start\n|switch|p1a: Glimmora|Glimmora, F|100\/100\n|switch|p2a: Abaille ou ...|Ribombee, F, shiny|100\/100\n|turn|1\n|\n|t:|1701088651\n|move|p2a: Abaille ou ...|Psychic|p1a: Glimmora\n|-supereffective|p1a: Glimmora\n|-damage|p1a: Glimmora|20\/100\n|move|p1a: Glimmora|Power Gem|p2a: Abaille ou ...\n|-supereffective|p2a: Abaille ou ...\n|-enditem|p2a: Abaille ou ...|Focus Sash\n|-damage|p2a: Abaille ou ...|1\/100\n|\n|upkeep\n|turn|2\n|\n|t:|1701088659\n|move|p2a: Abaille ou ...|Psychic|p1a: Glimmora\n|-supereffective|p1a: Glimmora\n|-damage|p1a: Glimmora|0 fnt\n|faint|p1a: Glimmora\n|\n|upkeep\n|\n|t:|1701088669\n|switch|p1a: Ogerpon|Ogerpon-Wellspring, F|100\/100\n|turn|3\n|\n|t:|1701088673\n|move|p2a: Abaille ou ...|Sticky Web|p1a: Ogerpon\n|-sidestart|p1: lynakumi8|move: Sticky Web\n|move|p1a: Ogerpon|Knock Off|p2a: Abaille ou ...\n|-resisted|p2a: Abaille ou ...\n|-damage|p2a: Abaille ou ...|0 fnt\n|faint|p2a: Abaille ou ...\n|\n|upkeep\n|\n|t:|1701088685\n|switch|p2a: Nyoonnnn|Dragonite, M, shiny|100\/100\n|turn|4\n|\n|t:|1701088706\n|switch|p1a: Iron Valiant|Iron Valiant|100\/100\n|-activate|p1a: Iron Valiant|move: Sticky Web\n|-unboost|p1a: Iron Valiant|spe|1\n|-enditem|p1a: Iron Valiant|Booster Energy\n|-activate|p1a: Iron Valiant|ability: Quark Drive|[fromitem]\n|-start|p1a: Iron Valiant|quarkdrivespa\n|move|p2a: Nyoonnnn|Dragon Dance|p2a: Nyoonnnn\n|-boost|p2a: Nyoonnnn|atk|1\n|-boost|p2a: Nyoonnnn|spe|1\n|\n|upkeep\n|turn|5\n|\n|t:|1701088728\n|move|p2a: Nyoonnnn|Earthquake|p1a: Iron Valiant\n|-damage|p1a: Iron Valiant|19\/100\n|move|p1a: Iron Valiant|Moonblast|p2a: Nyoonnnn\n|-supereffective|p2a: Nyoonnnn\n|-damage|p2a: Nyoonnnn|42\/100\n|\n|-heal|p2a: Nyoonnnn|48\/100|[from] item: Leftovers\n|upkeep\n|turn|6\n|\n|t:|1701088739\n|move|p2a: Nyoonnnn|Extreme Speed|p1a: Iron Valiant\n|-damage|p1a: Iron Valiant|0 fnt\n|faint|p1a: Iron Valiant\n|-end|p1a: Iron Valiant|Quark Drive|[silent]\n|\n|-heal|p2a: Nyoonnnn|54\/100|[from] item: Leftovers\n|upkeep\n|inactive|lynakumi8 has 120 seconds left.\n|\n|t:|1701088754\n|switch|p1a: Zamazenta|Zamazenta, shiny|100\/100\n|-activate|p1a: Zamazenta|move: Sticky Web\n|-unboost|p1a: Zamazenta|spe|1\n|-ability|p1a: Zamazenta|Dauntless Shield|boost\n|-boost|p1a: Zamazenta|def|1\n|turn|7\n|\n|t:|1701088766\n|move|p2a: Nyoonnnn|Dragon Dance|p2a: Nyoonnnn\n|-boost|p2a: Nyoonnnn|atk|1\n|-boost|p2a: Nyoonnnn|spe|1\n|move|p1a: Zamazenta|Stone Edge|p2a: Nyoonnnn\n|-supereffective|p2a: Nyoonnnn\n|-damage|p2a: Nyoonnnn|0 fnt\n|faint|p2a: Nyoonnnn\n|\n|upkeep\n|\n|t:|1701088781\n|switch|p2a: Iron Moth|Iron Moth, shiny|100\/100\n|-enditem|p2a: Iron Moth|Booster Energy\n|-activate|p2a: Iron Moth|ability: Quark Drive|[fromitem]\n|-start|p2a: Iron Moth|quarkdrivespe\n|turn|8\n|\n|t:|1701088790\n|-terastallize|p2a: Iron Moth|Fairy\n|move|p2a: Iron Moth|Dazzling Gleam|p1a: Zamazenta\n|-supereffective|p1a: Zamazenta\n|-damage|p1a: Zamazenta|19\/100\n|move|p1a: Zamazenta|Stone Edge|p2a: Iron Moth\n|-damage|p2a: Iron Moth|48\/100\n|\n|-heal|p1a: Zamazenta|25\/100|[from] item: Leftovers\n|upkeep\n|turn|9\n|\n|t:|1701088804\n|move|p2a: Iron Moth|Fiery Dance|p1a: Zamazenta\n|-damage|p1a: Zamazenta|0 fnt\n|faint|p1a: Zamazenta\n|\n|upkeep\n|\n|t:|1701088820\n|switch|p1a: Ogerpon|Ogerpon-Wellspring, F|100\/100\n|-activate|p1a: Ogerpon|move: Sticky Web\n|-unboost|p1a: Ogerpon|spe|1\n|turn|10\n|\n|t:|1701088840\n|-terastallize|p1a: Ogerpon|Water\n|detailschange|p1a: Ogerpon|Ogerpon-Wellspring-Tera, F, tera:Water\n|-ability|p1a: Ogerpon|Embody Aspect (Wellspring)|boost\n|-boost|p1a: Ogerpon|spd|1\n|move|p2a: Iron Moth|Dazzling Gleam|p1a: Ogerpon\n|-damage|p1a: Ogerpon|67\/100\n|move|p1a: Ogerpon|Swords Dance|p1a: Ogerpon\n|-boost|p1a: Ogerpon|atk|2\n|\n|upkeep\n|turn|11\n|\n|t:|1701088852\n|move|p2a: Iron Moth|Sludge Wave|p1a: Ogerpon\n|-damage|p1a: Ogerpon|29\/100\n|move|p1a: Ogerpon|Ivy Cudgel|p2a: Iron Moth|[anim] Ivy Cudgel Water\n|-damage|p2a: Iron Moth|0 fnt\n|faint|p2a: Iron Moth\n|-end|p2a: Iron Moth|Quark Drive|[silent]\n|\n|upkeep\n|\n|t:|1701088860\n|switch|p2a: Scalpe l'empereur|Kingambit, M, shiny|100\/100\n|-activate|p2a: Scalpe l'empereur|ability: Supreme Overlord\n|-start|p2a: Scalpe l'empereur|fallen3|[silent]\n|turn|12\n|\n|t:|1701088876\n|move|p1a: Ogerpon|Ivy Cudgel|p2a: Scalpe l'empereur|[anim] Ivy Cudgel Water\n|-damage|p2a: Scalpe l'empereur|0 fnt\n|faint|p2a: Scalpe l'empereur\n|-end|p2a: Scalpe l'empereur|fallen3|[silent]\n|\n|upkeep\n|\n|t:|1701088881\n|switch|p2a: Gros mago|Gholdengo, shiny|100\/100\n|turn|13\n|\n|t:|1701088889\n|move|p2a: Gros mago|Focus Blast|p1a: Ogerpon\n|-damage|p1a: Ogerpon|0 fnt\n|faint|p1a: Ogerpon\n|\n|upkeep\n|\n|t:|1701088896\n|switch|p1a: Iron Moth|Iron Moth|100\/100\n|-activate|p1a: Iron Moth|move: Sticky Web\n|-unboost|p1a: Iron Moth|spe|1\n|-enditem|p1a: Iron Moth|Booster Energy\n|-activate|p1a: Iron Moth|ability: Quark Drive|[fromitem]\n|-start|p1a: Iron Moth|quarkdrivespa\n|turn|14\n|\n|t:|1701088904\n|move|p2a: Gros mago|Focus Blast|p1a: Iron Moth\n|-resisted|p1a: Iron Moth\n|-damage|p1a: Iron Moth|77\/100\n|move|p1a: Iron Moth|Substitute|p1a: Iron Moth\n|-start|p1a: Iron Moth|Substitute\n|-damage|p1a: Iron Moth|52\/100\n|\n|upkeep\n|turn|15\n|\n|t:|1701088912\n|move|p2a: Gros mago|Focus Blast|p1a: Iron Moth\n|-resisted|p1a: Iron Moth\n|-end|p1a: Iron Moth|Substitute\n|move|p1a: Iron Moth|Fiery Dance|p2a: Gros mago\n|-supereffective|p2a: Gros mago\n|-crit|p2a: Gros mago\n|-damage|p2a: Gros mago|0 fnt\n|faint|p2a: Gros mago\n|\n|upkeep\n|\n|t:|1701088922\n|switch|p2a: Phampy|Great Tusk, shiny|100\/100\n|turn|16\n|\n|t:|1701088939\n|move|p2a: Phampy|Earthquake|p1a: Iron Moth\n|-supereffective|p1a: Iron Moth\n|-damage|p1a: Iron Moth|0 fnt\n|faint|p1a: Iron Moth\n|-end|p1a: Iron Moth|Quark Drive|[silent]\n|\n|upkeep\n|\n|t:|1701088946\n|switch|p1a: Kingambit|Kingambit, M|100\/100\n|-activate|p1a: Kingambit|move: Sticky Web\n|-unboost|p1a: Kingambit|spe|1\n|-activate|p1a: Kingambit|ability: Supreme Overlord\n|-start|p1a: Kingambit|fallen5|[silent]\n|turn|17\n|\n|t:|1701088957\n|move|p1a: Kingambit|Sucker Punch|p2a: Phampy\n|-resisted|p2a: Phampy\n|-damage|p2a: Phampy|78\/100\n|move|p2a: Phampy|Earthquake|p1a: Kingambit\n|-supereffective|p1a: Kingambit\n|-damage|p1a: Kingambit|21\/100\n|\n|upkeep\n|turn|18\n|\n|t:|1701088964\n|move|p1a: Kingambit|Sucker Punch|p2a: Phampy\n|-resisted|p2a: Phampy\n|-damage|p2a: Phampy|53\/100\n|move|p2a: Phampy|Earthquake|p1a: Kingambit\n|-supereffective|p1a: Kingambit\n|-damage|p1a: Kingambit|0 fnt\n|faint|p1a: Kingambit\n|-end|p1a: Kingambit|fallen5|[silent]\n|\n|win|nephilimuscat\n|raw|lynakumi8's rating: 1165 &rarr; <strong>1140<\/strong><br \/>(-25 for losing)\n|raw|nephilimuscat's rating: 1166 &rarr; <strong>1191<\/strong><br \/>(+25 for winning)\n|l|\u2606lynakumi8\n","uploadtime":1701088987,"views":3,"p1id":"lynakumi8","p2id":"nephilimuscat","formatid":"gen9ou","rating":1140,"private":0,"password":""}