{"id":"gen9ou-1990232598","p1":"DreamyFleur","p2":"ishikusan","format":"[Gen 9] OU","log":"|j|\u2606DreamyFleur\n|j|\u2606ishikusan\n|inactive|Battle timer is ON: inactive players will automatically lose when time's up.\n|t:|1699941452\n|gametype|singles\n|player|p1|DreamyFleur|tulip|\n|player|p2|ishikusan|102|\n|teamsize|p1|3\n|teamsize|p2|3\n|gen|9\n|tier|[Gen 9] OU\n|rated|Tournament battle\n|rule|Sleep Clause Mod: Limit one foe put to sleep\n|rule|Species Clause: Limit one of each Pok\u00e9mon\n|rule|OHKO Clause: OHKO moves are banned\n|rule|Evasion Items Clause: Evasion items are banned\n|rule|Evasion Moves Clause: Evasion moves are banned\n|rule|Endless Battle Clause: Forcing endless battles is banned\n|rule|HP Percentage Mod: HP is shown in percentages\n|clearpoke\n|poke|p1|Oinkologne-F, F|\n|poke|p1|Torterra, M|\n|poke|p1|Krookodile, F|\n|poke|p2|Dusknoir, M|\n|poke|p2|Conkeldurr, M|\n|poke|p2|Kilowattrel, M|\n|teampreview\n|j|*Lady Monita \u2746\n|inactive|DreamyFleur also wants the timer to be on.\n|c|\u2606ishikusan|glhf\n|c|\u2606DreamyFleur|hf\n|\n|t:|1699941466\n|start\n|switch|p1a: Krookodile|Krookodile, F, shiny|100\/100\n|switch|p2a: Kilowattrel|Kilowattrel, M|100\/100\n|-ability|p1a: Krookodile|Intimidate|boost\n|-unboost|p2a: Kilowattrel|atk|1\n|turn|1\n|\n|t:|1699941476\n|switch|p2a: Conkeldurr|Conkeldurr, M|100\/100\n|move|p1a: Krookodile|Knock Off|p2a: Conkeldurr\n|-resisted|p2a: Conkeldurr\n|-damage|p2a: Conkeldurr|81\/100\n|-enditem|p2a: Conkeldurr|Flame Orb|[from] move: Knock Off|[of] p1a: Krookodile\n|\n|upkeep\n|turn|2\n|j| Legobff\n|j| munchkinp\n|c| Legobff|gl\n|\n|t:|1699941493\n|move|p1a: Krookodile|Taunt|p2a: Conkeldurr\n|-start|p2a: Conkeldurr|move: Taunt\n|cant|p2a: Conkeldurr|move: Taunt|Bulk Up\n|\n|upkeep\n|turn|3\n|\n|t:|1699941503\n|move|p1a: Krookodile|Stealth Rock|p2a: Conkeldurr\n|-sidestart|p2: ishikusan|move: Stealth Rock\n|move|p2a: Conkeldurr|Knock Off|p1a: Krookodile\n|-resisted|p1a: Krookodile\n|-damage|p1a: Krookodile|78\/100\n|-enditem|p1a: Krookodile|Leftovers|[from] move: Knock Off|[of] p2a: Conkeldurr\n|\n|upkeep\n|turn|4\n|\n|t:|1699941511\n|move|p1a: Krookodile|Earthquake|p2a: Conkeldurr\n|-damage|p2a: Conkeldurr|39\/100\n|move|p2a: Conkeldurr|Drain Punch|p1a: Krookodile\n|-supereffective|p1a: Krookodile\n|-damage|p1a: Krookodile|0 fnt\n|-heal|p2a: Conkeldurr|71\/100|[from] drain|[of] p1a: Krookodile\n|faint|p1a: Krookodile\n|\n|-end|p2a: Conkeldurr|move: Taunt\n|upkeep\n|\n|t:|1699941531\n|switch|p1a: Oinkologne|Oinkologne-F, F, shiny|100\/100\n|turn|5\n|\n|t:|1699941554\n|move|p1a: Oinkologne|Yawn|p2a: Conkeldurr\n|-start|p2a: Conkeldurr|move: Yawn|[of] p1a: Oinkologne\n|move|p2a: Conkeldurr|Bulk Up|p2a: Conkeldurr\n|-boost|p2a: Conkeldurr|atk|1\n|-boost|p2a: Conkeldurr|def|1\n|\n|upkeep\n|turn|6\n|\n|t:|1699941560\n|switch|p2a: Dusknoir|Dusknoir, M|100\/100\n|-damage|p2a: Dusknoir|88\/100|[from] Stealth Rock\n|-ability|p2a: Dusknoir|Pressure\n|move|p1a: Oinkologne|Stuff Cheeks|p1a: Oinkologne\n|-boost|p1a: Oinkologne|def|2\n|-enditem|p1a: Oinkologne|Ganlon Berry|[eat]\n|-boost|p1a: Oinkologne|def|1|[from] item: Ganlon Berry\n|\n|-heal|p2a: Dusknoir|94\/100|[from] item: Leftovers\n|upkeep\n|turn|7\n|\n|t:|1699941564\n|move|p1a: Oinkologne|Yawn|p2a: Dusknoir\n|-start|p2a: Dusknoir|move: Yawn|[of] p1a: Oinkologne\n|move|p2a: Dusknoir|Will-O-Wisp|p1a: Oinkologne\n|-status|p1a: Oinkologne|brn\n|\n|-heal|p2a: Dusknoir|100\/100|[from] item: Leftovers\n|-damage|p1a: Oinkologne|94\/100 brn|[from] brn\n|upkeep\n|turn|8\n|\n|t:|1699941577\n|switch|p1a: Torterra|Torterra, M, shiny|100\/100\n|move|p2a: Dusknoir|Pain Split|p1a: Torterra\n|-sethp|p1a: Torterra|95\/100|[from] move: Pain Split|[silent]\n|-sethp|p2a: Dusknoir|100\/100|[from] move: Pain Split\n|\n|-end|p2a: Dusknoir|move: Yawn|[silent]\n|-status|p2a: Dusknoir|slp\n|upkeep\n|turn|9\n|\n|t:|1699941589\n|switch|p2a: Kilowattrel|Kilowattrel, M|100\/100\n|-damage|p2a: Kilowattrel|76\/100|[from] Stealth Rock\n|move|p1a: Torterra|Shell Smash|p1a: Torterra\n|-unboost|p1a: Torterra|def|1\n|-unboost|p1a: Torterra|spd|1\n|-boost|p1a: Torterra|atk|2\n|-boost|p1a: Torterra|spa|2\n|-boost|p1a: Torterra|spe|2\n|\n|upkeep\n|turn|10\n|c| Legobff|all for shell smash torterra?\n|\n|t:|1699941611\n|-terastallize|p2a: Kilowattrel|Electric\n|move|p1a: Torterra|Rock Blast|p2a: Kilowattrel\n|-damage|p2a: Kilowattrel|42\/100\n|-damage|p2a: Kilowattrel|9\/100\n|-damage|p2a: Kilowattrel|0 fnt\n|faint|p2a: Kilowattrel\n|-hitcount|p2: Kilowattrel|3\n|\n|upkeep\n|\n|t:|1699941615\n|switch|p2a: Conkeldurr|Conkeldurr, M|71\/100\n|-damage|p2a: Conkeldurr|65\/100|[from] Stealth Rock\n|turn|11\n|\n|t:|1699941621\n|move|p1a: Torterra|Bullet Seed|p2a: Conkeldurr\n|-damage|p2a: Conkeldurr|43\/100\n|-damage|p2a: Conkeldurr|20\/100\n|-damage|p2a: Conkeldurr|0 fnt\n|faint|p2a: Conkeldurr\n|-hitcount|p2: Conkeldurr|3\n|\n|upkeep\n|c|\u2606ishikusan|gg\n|c| Legobff|gg\n|c|\u2606ishikusan|loaded dice?\n|\n|t:|1699941631\n|switch|p2a: Dusknoir|Dusknoir, M|100\/100 slp\n|-damage|p2a: Dusknoir|88\/100 slp|[from] Stealth Rock\n|-ability|p2a: Dusknoir|Pressure\n|turn|12\n|c|\u2606DreamyFleur|yeah\n|c|\u2606DreamyFleur|standard set\n|\n|t:|1699941636\n|move|p1a: Torterra|Headlong Rush|p2a: Dusknoir\n|-damage|p2a: Dusknoir|0 fnt\n|-unboost|p1a: Torterra|def|1\n|-unboost|p1a: Torterra|spd|1\n|faint|p2a: Dusknoir\n|\n|win|DreamyFleur\n|n|\u2606DreamyFleur|dreamyfleur\n|n|\u2606ishikusan|ishikusan\n|n|*Lady Monita \u2746|ladymonita\n|n| Legobff|legobff\n|n| munchkinp|munchkinp\n","uploadtime":1699941638,"views":8,"p1id":"dreamyfleur","p2id":"ishikusan","formatid":"gen9ou","rating":0,"private":0,"password":""}