{"id":"gen9ou-1999917245","p1":"AkiDes","p2":"rambo1984","format":"[Gen 9] OU","log":"|j|\u2606AkiDes\n|j|\u2606rambo1984\n|t:|1701129826\n|gametype|singles\n|player|p1|AkiDes|volkner|1192\n|player|p2|rambo1984|cynthia-gen4|1140\n|teamsize|p1|6\n|teamsize|p2|6\n|gen|9\n|tier|[Gen 9] OU\n|rated|\n|rule|Sleep Clause Mod: Limit one foe put to sleep\n|rule|Species Clause: Limit one of each Pok\u00e9mon\n|rule|OHKO Clause: OHKO moves are banned\n|rule|Evasion Items Clause: Evasion items are banned\n|rule|Evasion Moves Clause: Evasion moves are banned\n|rule|Endless Battle Clause: Forcing endless battles is banned\n|rule|HP Percentage Mod: HP is shown in percentages\n|clearpoke\n|poke|p1|Greninja-*, M|\n|poke|p1|Dragonite, M|\n|poke|p1|Cinderace, M|\n|poke|p1|Mandibuzz, F|\n|poke|p1|Jolteon, F|\n|poke|p1|Landorus-Therian, M|\n|poke|p2|Hippowdon, F|\n|poke|p2|Bombirdier, F|\n|poke|p2|Lokix, F|\n|poke|p2|Bellibolt, F|\n|poke|p2|Tsareena, F|\n|poke|p2|Houndstone, M|\n|teampreview\n|\n|t:|1701129834\n|start\n|switch|p1a: Jarcres|Jolteon, F|100\/100\n|switch|p2a: Bellibolt|Bellibolt, F|100\/100\n|turn|1\n|\n|t:|1701129837\n|move|p1a: Jarcres|Volt Switch|p2a: Bellibolt\n|-resisted|p2a: Bellibolt\n|-damage|p2a: Bellibolt|80\/100\n|-start|p2a: Bellibolt|Charge|Volt Switch|[from] ability: Electromorphosis\n|\n|t:|1701129840\n|switch|p1a: Prueba nomas|Landorus-Therian, M|100\/100|[from] Volt Switch\n|-ability|p1a: Prueba nomas|Intimidate|boost\n|-unboost|p2a: Bellibolt|atk|1\n|move|p2a: Bellibolt|Soak|p1a: Prueba nomas\n|-start|p1a: Prueba nomas|typechange|Water\n|\n|upkeep\n|turn|2\n|\n|t:|1701129843\n|move|p1a: Prueba nomas|Earthquake|p2a: Bellibolt\n|-supereffective|p2a: Bellibolt\n|-damage|p2a: Bellibolt|26\/100\n|-start|p2a: Bellibolt|Charge|Earthquake|[from] ability: Electromorphosis\n|move|p2a: Bellibolt|Parabolic Charge|p1a: Prueba nomas\n|-supereffective|p1a: Prueba nomas\n|-damage|p1a: Prueba nomas|0 fnt\n|-heal|p2a: Bellibolt|75\/100|[from] drain|[of] p1a: Prueba nomas\n|faint|p1a: Prueba nomas\n|-end|p2a: Bellibolt|Charge|[silent]\n|\n|upkeep\n|\n|t:|1701129851\n|switch|p1a: Cacahuate|Dragonite, M|100\/100\n|turn|3\n|\n|t:|1701129860\n|move|p1a: Cacahuate|Earthquake|p2a: Bellibolt\n|-supereffective|p2a: Bellibolt\n|-damage|p2a: Bellibolt|15\/100\n|-start|p2a: Bellibolt|Charge|Earthquake|[from] ability: Electromorphosis\n|move|p2a: Bellibolt|Soak|p1a: Cacahuate\n|-start|p1a: Cacahuate|typechange|Water\n|\n|upkeep\n|turn|4\n|\n|t:|1701129864\n|move|p1a: Cacahuate|Earthquake|p2a: Bellibolt\n|-supereffective|p2a: Bellibolt\n|-damage|p2a: Bellibolt|0 fnt\n|faint|p2a: Bellibolt\n|\n|upkeep\n|\n|t:|1701129870\n|switch|p2a: Bombirdier|Bombirdier, F|100\/100\n|turn|5\n|\n|t:|1701129873\n|switch|p1a: Festin celestial|Mandibuzz, F|100\/100\n|move|p2a: Bombirdier|Tailwind|p2a: Bombirdier\n|-sidestart|p2: rambo1984|move: Tailwind\n|\n|upkeep\n|turn|6\n|\n|t:|1701129879\n|-terastallize|p2a: Bombirdier|Rock\n|move|p2a: Bombirdier|Rock Blast|p1a: Festin celestial|[miss]\n|-miss|p2a: Bombirdier|p1a: Festin celestial\n|move|p1a: Festin celestial|Toxic|p2a: Bombirdier\n|-status|p2a: Bombirdier|tox\n|\n|-damage|p2a: Bombirdier|94\/100 tox|[from] psn\n|upkeep\n|turn|7\n|\n|t:|1701129884\n|move|p2a: Bombirdier|Rock Blast|p1a: Festin celestial\n|-supereffective|p1a: Festin celestial\n|-damage|p1a: Festin celestial|79\/100\n|-supereffective|p1a: Festin celestial\n|-damage|p1a: Festin celestial|59\/100\n|-supereffective|p1a: Festin celestial\n|-damage|p1a: Festin celestial|36\/100\n|-supereffective|p1a: Festin celestial\n|-damage|p1a: Festin celestial|14\/100\n|-supereffective|p1a: Festin celestial\n|-damage|p1a: Festin celestial|0 fnt\n|faint|p1a: Festin celestial\n|-hitcount|p1: Festin celestial|5\n|\n|-damage|p2a: Bombirdier|82\/100 tox|[from] psn\n|upkeep\n|\n|t:|1701129897\n|switch|p1a: Babotas|Greninja, M|100\/100\n|turn|8\n|\n|t:|1701129900\n|move|p1a: Babotas|Hydro Pump|p2a: Bombirdier\n|-start|p1a: Babotas|typechange|Water|[from] ability: Protean\n|-supereffective|p2a: Bombirdier\n|-damage|p2a: Bombirdier|0 fnt\n|faint|p2a: Bombirdier\n|\n|-sideend|p2: rambo1984|move: Tailwind\n|upkeep\n|\n|t:|1701129907\n|switch|p2a: Tsareena|Tsareena, F|100\/100\n|turn|9\n|\n|t:|1701129910\n|switch|p1a: Fuego en la pista|Cinderace, M|100\/100\n|move|p2a: Tsareena|Rapid Spin|p1a: Fuego en la pista\n|-damage|p1a: Fuego en la pista|80\/100\n|-boost|p2a: Tsareena|spe|1\n|\n|upkeep\n|turn|10\n|\n|t:|1701129923\n|move|p1a: Fuego en la pista|Pyro Ball|p2a: Tsareena\n|-supereffective|p2a: Tsareena\n|-damage|p2a: Tsareena|0 fnt\n|faint|p2a: Tsareena\n|\n|upkeep\n|\n|t:|1701129927\n|switch|p2a: Hippowdon|Hippowdon, F|100\/100\n|-weather|Sandstorm|[from] ability: Sand Stream|[of] p2a: Hippowdon\n|turn|11\n|\n|t:|1701129931\n|move|p1a: Fuego en la pista|U-turn|p2a: Hippowdon\n|-start|p1a: Fuego en la pista|typechange|Bug|[from] ability: Libero\n|-crit|p2a: Hippowdon\n|-damage|p2a: Hippowdon|73\/100\n|\n|t:|1701129936\n|switch|p1a: Cacahuate|Dragonite, M|100\/100|[from] U-turn\n|move|p2a: Hippowdon|Stealth Rock|p1a: Cacahuate\n|-sidestart|p1: AkiDes|move: Stealth Rock\n|\n|-weather|Sandstorm|[upkeep]\n|-damage|p1a: Cacahuate|94\/100|[from] Sandstorm\n|upkeep\n|turn|12\n|\n|t:|1701129943\n|move|p1a: Cacahuate|Dragon Dance|p1a: Cacahuate\n|-boost|p1a: Cacahuate|atk|1\n|-boost|p1a: Cacahuate|spe|1\n|move|p2a: Hippowdon|Whirlwind|p1a: Cacahuate\n|drag|p1a: Jarcres|Jolteon, F|100\/100\n|-damage|p1a: Jarcres|88\/100|[from] Stealth Rock\n|\n|-weather|Sandstorm|[upkeep]\n|-damage|p1a: Jarcres|82\/100|[from] Sandstorm\n|upkeep\n|turn|13\n|\n|t:|1701129950\n|-terastallize|p1a: Jarcres|Ice\n|move|p1a: Jarcres|Tera Blast|p2a: Hippowdon|[anim] Tera Blast Ice\n|-supereffective|p2a: Hippowdon\n|-damage|p2a: Hippowdon|0 fnt\n|faint|p2a: Hippowdon\n|\n|-weather|Sandstorm|[upkeep]\n|-damage|p1a: Jarcres|77\/100|[from] Sandstorm\n|upkeep\n|\n|t:|1701129954\n|switch|p2a: Houndstone|Houndstone, M|100\/100\n|turn|14\n|\n|t:|1701129969\n|switch|p1a: Cacahuate|Dragonite, M|94\/100\n|move|p2a: Houndstone|Poltergeist|p1a: Cacahuate\n|-activate|p1a: Cacahuate|move: Poltergeist|Heavy-Duty Boots\n|-damage|p1a: Cacahuate|23\/100\n|-damage|p2a: Houndstone|91\/100|[from] item: Life Orb\n|\n|-weather|Sandstorm|[upkeep]\n|-damage|p1a: Cacahuate|17\/100|[from] Sandstorm\n|upkeep\n|turn|15\n|\n|t:|1701129977\n|move|p2a: Houndstone|Shadow Sneak|p1a: Cacahuate\n|-damage|p1a: Cacahuate|0 fnt\n|faint|p1a: Cacahuate\n|-damage|p2a: Houndstone|81\/100|[from] item: Life Orb\n|\n|-weather|none\n|upkeep\n|\n|t:|1701129979\n|switch|p1a: Babotas|Greninja, M|100\/100\n|-damage|p1a: Babotas|88\/100|[from] Stealth Rock\n|turn|16\n|\n|t:|1701129987\n|move|p1a: Babotas|Dark Pulse|p2a: Houndstone\n|-start|p1a: Babotas|typechange|Dark|[from] ability: Protean\n|-supereffective|p2a: Houndstone\n|-damage|p2a: Houndstone|0 fnt\n|faint|p2a: Houndstone\n|\n|upkeep\n|\n|t:|1701129991\n|switch|p2a: Lokix|Lokix, F|100\/100\n|turn|17\n|\n|t:|1701129994\n|move|p1a: Babotas|Dark Pulse|p2a: Lokix\n|-resisted|p2a: Lokix\n|-damage|p2a: Lokix|69\/100\n|move|p2a: Lokix|Swords Dance|p2a: Lokix\n|-boost|p2a: Lokix|atk|2\n|\n|upkeep\n|turn|18\n|\n|t:|1701130000\n|switch|p1a: Fuego en la pista|Cinderace, M|80\/100\n|-damage|p1a: Fuego en la pista|55\/100|[from] Stealth Rock\n|move|p2a: Lokix|Sucker Punch||[still]\n|-fail|p2a: Lokix\n|\n|upkeep\n|turn|19\n|\n|t:|1701130006\n|move|p1a: Fuego en la pista|Sucker Punch|p2a: Lokix\n|-start|p1a: Fuego en la pista|typechange|Dark|[from] ability: Libero\n|-resisted|p2a: Lokix\n|-damage|p2a: Lokix|43\/100\n|move|p2a: Lokix|Sucker Punch||[still]\n|-fail|p2a: Lokix\n|\n|upkeep\n|turn|20\n|\n|t:|1701130014\n|move|p1a: Fuego en la pista|Sucker Punch|p2a: Lokix\n|-resisted|p2a: Lokix\n|-damage|p2a: Lokix|19\/100\n|move|p2a: Lokix|Sucker Punch||[still]\n|-fail|p2a: Lokix\n|\n|upkeep\n|turn|21\n|\n|t:|1701130018\n|move|p1a: Fuego en la pista|Sucker Punch|p2a: Lokix\n|-resisted|p2a: Lokix\n|-damage|p2a: Lokix|0 fnt\n|faint|p2a: Lokix\n|\n|win|AkiDes\n|raw|AkiDes's rating: 1192 &rarr; <strong>1213<\/strong><br \/>(+21 for winning)\n|raw|rambo1984's rating: 1140 &rarr; <strong>1119<\/strong><br \/>(-21 for losing)\n|l|\u2606rambo1984\n","uploadtime":1701130022,"views":2,"p1id":"akides","p2id":"rambo1984","formatid":"gen9ou","rating":1119,"private":0,"password":""}