{"id":"gen9ou-1989326024","p1":"Juroni","p2":"williwont","format":"[Gen 9] OU","log":"|j|\u2606Juroni\n|j|\u2606williwont\n|t:|1699836648\n|gametype|singles\n|player|p1|Juroni|marley|\n|player|p2|williwont|169|\n|teamsize|p1|6\n|teamsize|p2|6\n|gen|9\n|tier|[Gen 9] OU\n|rule|Sleep Clause Mod: Limit one foe put to sleep\n|rule|Species Clause: Limit one of each Pok\u00e9mon\n|rule|OHKO Clause: OHKO moves are banned\n|rule|Evasion Items Clause: Evasion items are banned\n|rule|Evasion Moves Clause: Evasion moves are banned\n|rule|Endless Battle Clause: Forcing endless battles is banned\n|rule|HP Percentage Mod: HP is shown in percentages\n|clearpoke\n|poke|p1|Umbreon, F|\n|poke|p1|Alomomola, F|\n|poke|p1|Ursaluna, F|\n|poke|p1|Corviknight, M|\n|poke|p1|Sinistcha|\n|poke|p1|Ogerpon-Cornerstone, F|\n|poke|p2|Thundurus-Therian, M|\n|poke|p2|Conkeldurr, M|\n|poke|p2|Milotic, M|\n|poke|p2|Rotom-Mow|\n|poke|p2|Tornadus-Therian, M|\n|poke|p2|Weavile, F|\n|teampreview\n|\n|t:|1699836669\n|start\n|switch|p1a: Ophelia|Alomomola, F|100\/100\n|switch|p2a: Thundurus|Thundurus-Therian, M|100\/100\n|turn|1\n|\n|t:|1699836690\n|switch|p1a: Cordelia|Ursaluna, F|100\/100\n|move|p2a: Thundurus|Volt Switch|p1a: Cordelia\n|-immune|p1a: Cordelia\n|\n|-status|p1a: Cordelia|brn|[from] item: Flame Orb\n|upkeep\n|turn|2\n|\n|t:|1699836716\n|switch|p2a: Milotic|Milotic, M|100\/100\n|move|p1a: Cordelia|Facade|p2a: Milotic\n|-damage|p2a: Milotic|16\/100\n|\n|-heal|p2a: Milotic|22\/100|[from] item: Leftovers\n|-damage|p1a: Cordelia|94\/100 brn|[from] brn\n|upkeep\n|turn|3\n|\n|t:|1699836729\n|switch|p1a: Mab|Sinistcha|100\/100\n|move|p2a: Milotic|Scald|p1a: Mab\n|-resisted|p1a: Mab\n|-damage|p1a: Mab|85\/100\n|-status|p1a: Mab|brn\n|\n|-heal|p2a: Milotic|28\/100|[from] item: Leftovers\n|-heal|p1a: Mab|91\/100 brn|[from] item: Leftovers\n|-damage|p1a: Mab|88\/100 brn|[from] brn\n|upkeep\n|turn|4\n|\n|t:|1699836745\n|switch|p2a: Rotom|Rotom-Mow|100\/100\n|move|p1a: Mab|Calm Mind|p1a: Mab\n|-boost|p1a: Mab|spa|1\n|-boost|p1a: Mab|spd|1\n|\n|-heal|p1a: Mab|94\/100 brn|[from] item: Leftovers\n|-damage|p1a: Mab|91\/100 brn|[from] brn\n|upkeep\n|turn|5\n|\n|t:|1699836776\n|move|p2a: Rotom|Nasty Plot|p2a: Rotom\n|-boost|p2a: Rotom|spa|2\n|move|p1a: Mab|Matcha Gotcha|p2a: Rotom\n|-resisted|p2a: Rotom\n|-damage|p2a: Rotom|59\/100\n|-heal|p1a: Mab|100\/100 brn|[from] drain|[of] p2a: Rotom\n|\n|-damage|p1a: Mab|98\/100 brn|[from] brn\n|upkeep\n|turn|6\n|\n|t:|1699836786\n|move|p2a: Rotom|Leaf Storm|p1a: Mab\n|-resisted|p1a: Mab\n|-damage|p1a: Mab|55\/100 brn\n|-unboost|p2a: Rotom|spa|2\n|move|p1a: Mab|Hex|p2a: Rotom\n|-damage|p2a: Rotom|0 fnt\n|faint|p2a: Rotom\n|\n|-heal|p1a: Mab|61\/100 brn|[from] item: Leftovers\n|-damage|p1a: Mab|58\/100 brn|[from] brn\n|upkeep\n|\n|t:|1699836792\n|switch|p2a: Weavile|Weavile, F|100\/100\n|-ability|p2a: Weavile|Pressure\n|turn|7\n|\n|t:|1699836810\n|switch|p1a: Ophelia|Alomomola, F|100\/100\n|move|p2a: Weavile|Ice Spinner|p1a: Ophelia\n|-resisted|p1a: Ophelia\n|-damage|p1a: Ophelia|90\/100\n|\n|-heal|p1a: Ophelia|96\/100|[from] item: Leftovers\n|upkeep\n|turn|8\n|\n|t:|1699836818\n|switch|p2a: Milotic|Milotic, M|28\/100\n|move|p1a: Ophelia|Scald|p2a: Milotic\n|-resisted|p2a: Milotic\n|-damage|p2a: Milotic|24\/100\n|-status|p2a: Milotic|brn\n|\n|-heal|p2a: Milotic|30\/100 brn|[from] item: Leftovers\n|-heal|p1a: Ophelia|100\/100|[from] item: Leftovers\n|-damage|p2a: Milotic|24\/100 brn|[from] brn\n|upkeep\n|turn|9\n|\n|t:|1699836832\n|move|p2a: Milotic|Recover|p2a: Milotic\n|-heal|p2a: Milotic|74\/100 brn\n|move|p1a: Ophelia|Wish|p1a: Ophelia\n|\n|-heal|p2a: Milotic|80\/100 brn|[from] item: Leftovers\n|-damage|p2a: Milotic|74\/100 brn|[from] brn\n|upkeep\n|turn|10\n|\n|t:|1699836841\n|move|p2a: Milotic|Ice Beam|p1a: Ophelia\n|-resisted|p1a: Ophelia\n|-damage|p1a: Ophelia|89\/100\n|move|p1a: Ophelia|Flip Turn|p2a: Milotic\n|-resisted|p2a: Milotic\n|-damage|p2a: Milotic|71\/100 brn\n|\n|t:|1699836849\n|switch|p1a: Mab|Sinistcha|58\/100 brn|[from] Flip Turn\n|\n|-heal|p1a: Mab|100\/100 brn|[from] move: Wish|[wisher] Ophelia\n|-heal|p2a: Milotic|77\/100 brn|[from] item: Leftovers\n|-damage|p2a: Milotic|71\/100 brn|[from] brn\n|-damage|p1a: Mab|98\/100 brn|[from] brn\n|upkeep\n|turn|11\n|\n|t:|1699836863\n|switch|p2a: Conkeldurr|Conkeldurr, M|100\/100\n|move|p1a: Mab|Calm Mind|p1a: Mab\n|-boost|p1a: Mab|spa|1\n|-boost|p1a: Mab|spd|1\n|\n|-heal|p1a: Mab|100\/100 brn|[from] item: Leftovers\n|-damage|p1a: Mab|98\/100 brn|[from] brn\n|-status|p2a: Conkeldurr|brn|[from] item: Flame Orb\n|upkeep\n|turn|12\n|\n|t:|1699836897\n|move|p1a: Mab|Hex|p2a: Conkeldurr\n|-damage|p2a: Conkeldurr|0 fnt\n|faint|p2a: Conkeldurr\n|\n|-heal|p1a: Mab|100\/100 brn|[from] item: Leftovers\n|-damage|p1a: Mab|98\/100 brn|[from] brn\n|upkeep\n|\n|t:|1699836901\n|switch|p2a: Thundurus|Thundurus-Therian, M|100\/100\n|turn|13\n|\n|t:|1699836907\n|move|p2a: Thundurus|Knock Off|p1a: Mab\n|-supereffective|p1a: Mab\n|-damage|p1a: Mab|53\/100 brn\n|-enditem|p1a: Mab|Leftovers|[from] move: Knock Off|[of] p2a: Thundurus\n|move|p1a: Mab|Calm Mind|p1a: Mab\n|-boost|p1a: Mab|spa|1\n|-boost|p1a: Mab|spd|1\n|\n|-damage|p1a: Mab|50\/100 brn|[from] brn\n|upkeep\n|turn|14\n|\n|t:|1699836917\n|switch|p2a: Milotic|Milotic, M|71\/100 brn\n|move|p1a: Mab|Strength Sap|p2a: Milotic\n|-unboost|p2a: Milotic|atk|1\n|-heal|p1a: Mab|90\/100 brn\n|\n|-heal|p2a: Milotic|77\/100 brn|[from] item: Leftovers\n|-damage|p2a: Milotic|71\/100 brn|[from] brn\n|-damage|p1a: Mab|87\/100 brn|[from] brn\n|upkeep\n|turn|15\n|\n|t:|1699836928\n|move|p2a: Milotic|Haze|p2a: Milotic\n|-clearallboost\n|move|p1a: Mab|Matcha Gotcha|p2a: Milotic\n|-supereffective|p2a: Milotic\n|-damage|p2a: Milotic|8\/100 brn\n|-heal|p1a: Mab|100\/100 brn|[from] drain|[of] p2a: Milotic\n|\n|-heal|p2a: Milotic|14\/100 brn|[from] item: Leftovers\n|-damage|p2a: Milotic|8\/100 brn|[from] brn\n|-damage|p1a: Mab|98\/100 brn|[from] brn\n|upkeep\n|turn|16\n|\n|t:|1699836938\n|switch|p2a: Tornadus|Tornadus-Therian, M|100\/100\n|move|p1a: Mab|Matcha Gotcha|p2a: Tornadus|[miss]\n|-miss|p1a: Mab|p2a: Tornadus\n|\n|-damage|p1a: Mab|95\/100 brn|[from] brn\n|upkeep\n|turn|17\n|\n|t:|1699836949\n|switch|p1a: Caliban|Corviknight, M|100\/100\n|-ability|p1a: Caliban|Pressure\n|move|p2a: Tornadus|Heat Wave|p1a: Caliban\n|-supereffective|p1a: Caliban\n|-damage|p1a: Caliban|45\/100\n|\n|upkeep\n|turn|18\n|\n|t:|1699836963\n|move|p2a: Tornadus|Heat Wave|p1a: Caliban\n|-supereffective|p1a: Caliban\n|-damage|p1a: Caliban|0 fnt\n|faint|p1a: Caliban\n|\n|upkeep\n|\n|t:|1699836970\n|switch|p1a: Cordelia|Ursaluna, F|94\/100 brn\n|turn|19\n|\n|t:|1699836975\n|move|p2a: Tornadus|Grass Knot|p1a: Cordelia\n|-supereffective|p1a: Cordelia\n|-damage|p1a: Cordelia|34\/100 brn\n|move|p1a: Cordelia|Avalanche|p2a: Tornadus\n|-supereffective|p2a: Tornadus\n|-damage|p2a: Tornadus|0 fnt\n|faint|p2a: Tornadus\n|\n|-damage|p1a: Cordelia|28\/100 brn|[from] brn\n|upkeep\n|\n|t:|1699836978\n|switch|p2a: Weavile|Weavile, F|100\/100\n|-ability|p2a: Weavile|Pressure\n|turn|20\n|\n|t:|1699836988\n|switch|p1a: Ophelia|Alomomola, F|100\/100\n|move|p2a: Weavile|Ice Spinner|p1a: Ophelia\n|-resisted|p1a: Ophelia\n|-damage|p1a: Ophelia|90\/100\n|\n|-heal|p1a: Ophelia|97\/100|[from] item: Leftovers\n|upkeep\n|turn|21\n|\n|t:|1699836997\n|move|p2a: Weavile|Swords Dance|p2a: Weavile\n|-boost|p2a: Weavile|atk|2\n|move|p1a: Ophelia|Scald|p2a: Weavile\n|-damage|p2a: Weavile|87\/100\n|-status|p2a: Weavile|brn\n|\n|-heal|p1a: Ophelia|100\/100|[from] item: Leftovers\n|-damage|p2a: Weavile|81\/100 brn|[from] brn\n|upkeep\n|turn|22\n|\n|t:|1699837009\n|move|p2a: Weavile|Swords Dance|p2a: Weavile\n|-boost|p2a: Weavile|atk|2\n|move|p1a: Ophelia|Wish|p1a: Ophelia\n|\n|-damage|p2a: Weavile|75\/100 brn|[from] brn\n|upkeep\n|turn|23\n|\n|t:|1699837020\n|-terastallize|p2a: Weavile|Electric\n|move|p2a: Weavile|Tera Blast|p1a: Ophelia|[anim] Tera Blast Electric\n|-supereffective|p1a: Ophelia\n|-damage|p1a: Ophelia|41\/100\n|move|p1a: Ophelia|Flip Turn|p2a: Weavile\n|-damage|p2a: Weavile|44\/100 brn\n|\n|t:|1699837030\n|switch|p1a: Titania|Ogerpon-Cornerstone, F|100\/100|[from] Flip Turn\n|\n|-damage|p2a: Weavile|38\/100 brn|[from] brn\n|upkeep\n|turn|24\n|\n|t:|1699837043\n|move|p2a: Weavile|Ice Spinner|p1a: Titania\n|-supereffective|p1a: Titania\n|-ability|p1a: Titania|Sturdy\n|-damage|p1a: Titania|1\/100\n|move|p1a: Titania|Ivy Cudgel|p2a: Weavile\n|-damage|p2a: Weavile|0 fnt\n|faint|p2a: Weavile\n|\n|upkeep\n|\n|t:|1699837050\n|switch|p2a: Thundurus|Thundurus-Therian, M|100\/100\n|turn|25\n|\n|t:|1699837058\n|switch|p1a: Umbriel|Umbreon, F|100\/100\n|move|p2a: Thundurus|Grass Knot|p1a: Umbriel\n|-damage|p1a: Umbriel|89\/100\n|\n|-heal|p1a: Umbriel|95\/100|[from] item: Leftovers\n|upkeep\n|turn|26\n|\n|t:|1699837066\n|switch|p2a: Milotic|Milotic, M|8\/100 brn\n|move|p1a: Umbriel|Toxic||[still]\n|-fail|p1a: Umbriel\n|\n|-heal|p2a: Milotic|14\/100 brn|[from] item: Leftovers\n|-heal|p1a: Umbriel|100\/100|[from] item: Leftovers\n|-damage|p2a: Milotic|8\/100 brn|[from] brn\n|upkeep\n|turn|27\n|\n|t:|1699837076\n|switch|p1a: Ophelia|Alomomola, F|75\/100\n|move|p2a: Milotic|Recover|p2a: Milotic\n|-heal|p2a: Milotic|58\/100 brn\n|\n|-heal|p2a: Milotic|64\/100 brn|[from] item: Leftovers\n|-heal|p1a: Ophelia|81\/100|[from] item: Leftovers\n|-damage|p2a: Milotic|58\/100 brn|[from] brn\n|upkeep\n|turn|28\n|\n|t:|1699837086\n|move|p2a: Milotic|Recover|p2a: Milotic\n|-heal|p2a: Milotic|100\/100 brn\n|move|p1a: Ophelia|Wish|p1a: Ophelia\n|\n|-heal|p1a: Ophelia|87\/100|[from] item: Leftovers\n|-damage|p2a: Milotic|94\/100 brn|[from] brn\n|upkeep\n|turn|29\n|\n|t:|1699837093\n|switch|p2a: Thundurus|Thundurus-Therian, M|100\/100\n|move|p1a: Ophelia|Flip Turn|p2a: Thundurus\n|-damage|p2a: Thundurus|75\/100\n|\n|t:|1699837100\n|switch|p1a: Cordelia|Ursaluna, F|28\/100 brn|[from] Flip Turn\n|\n|-heal|p1a: Cordelia|85\/100 brn|[from] move: Wish|[wisher] Ophelia\n|-damage|p1a: Cordelia|79\/100 brn|[from] brn\n|upkeep\n|turn|30\n|\n|t:|1699837112\n|-terastallize|p1a: Cordelia|Normal\n|move|p2a: Thundurus|Grass Knot|p1a: Cordelia\n|-damage|p1a: Cordelia|40\/100 brn\n|move|p1a: Cordelia|Facade|p2a: Thundurus\n|-damage|p2a: Thundurus|0 fnt\n|faint|p2a: Thundurus\n|\n|-damage|p1a: Cordelia|34\/100 brn|[from] brn\n|upkeep\n|\n|t:|1699837115\n|switch|p2a: Milotic|Milotic, M|94\/100 brn\n|turn|31\n|\n|t:|1699837126\n|move|p2a: Milotic|Scald|p1a: Cordelia\n|-damage|p1a: Cordelia|8\/100 brn\n|move|p1a: Cordelia|Facade|p2a: Milotic\n|-damage|p2a: Milotic|11\/100 brn\n|\n|-heal|p2a: Milotic|17\/100 brn|[from] item: Leftovers\n|-damage|p2a: Milotic|11\/100 brn|[from] brn\n|-damage|p1a: Cordelia|2\/100 brn|[from] brn\n|upkeep\n|turn|32\n|\n|t:|1699837135\n|move|p2a: Milotic|Scald|p1a: Cordelia\n|-damage|p1a: Cordelia|0 fnt\n|faint|p1a: Cordelia\n|\n|-heal|p2a: Milotic|17\/100 brn|[from] item: Leftovers\n|-damage|p2a: Milotic|11\/100 brn|[from] brn\n|upkeep\n|\n|t:|1699837146\n|switch|p1a: Titania|Ogerpon-Cornerstone, F|1\/100\n|turn|33\n|\n|t:|1699837150\n|move|p1a: Titania|Leech Seed|p2a: Milotic\n|-start|p2a: Milotic|move: Leech Seed\n|move|p2a: Milotic|Ice Beam|p1a: Titania\n|-supereffective|p1a: Titania\n|-damage|p1a: Titania|0 fnt\n|faint|p1a: Titania\n|\n|-heal|p2a: Milotic|17\/100 brn|[from] item: Leftovers\n|-damage|p2a: Milotic|11\/100 brn|[from] brn\n|upkeep\n|\n|t:|1699837160\n|switch|p1a: Umbriel|Umbreon, F|100\/100\n|turn|34\n|\n|t:|1699837166\n|move|p2a: Milotic|Recover|p2a: Milotic\n|-heal|p2a: Milotic|61\/100 brn\n|move|p1a: Umbriel|Foul Play|p2a: Milotic\n|-damage|p2a: Milotic|54\/100 brn\n|\n|-heal|p2a: Milotic|60\/100 brn|[from] item: Leftovers\n|-damage|p2a: Milotic|48\/100 brn|[from] Leech Seed|[of] p1a: Umbriel\n|-damage|p2a: Milotic|42\/100 brn|[from] brn\n|upkeep\n|turn|35\n|\n|t:|1699837184\n|move|p2a: Milotic|Recover|p2a: Milotic\n|-heal|p2a: Milotic|92\/100 brn\n|move|p1a: Umbriel|Foul Play|p2a: Milotic\n|-damage|p2a: Milotic|84\/100 brn\n|\n|-heal|p2a: Milotic|90\/100 brn|[from] item: Leftovers\n|-damage|p2a: Milotic|78\/100 brn|[from] Leech Seed|[of] p1a: Umbriel\n|-damage|p2a: Milotic|72\/100 brn|[from] brn\n|upkeep\n|turn|36\n|\n|t:|1699837196\n|move|p2a: Milotic|Scald|p1a: Umbriel\n|-damage|p1a: Umbriel|85\/100\n|move|p1a: Umbriel|Foul Play|p2a: Milotic\n|-damage|p2a: Milotic|64\/100 brn\n|\n|-heal|p2a: Milotic|70\/100 brn|[from] item: Leftovers\n|-heal|p1a: Umbriel|92\/100|[from] item: Leftovers\n|-damage|p2a: Milotic|58\/100 brn|[from] Leech Seed|[of] p1a: Umbriel\n|-heal|p1a: Umbriel|100\/100|[silent]\n|-damage|p2a: Milotic|52\/100 brn|[from] brn\n|upkeep\n|turn|37\n|\n|t:|1699837210\n|move|p2a: Milotic|Scald|p1a: Umbriel\n|-damage|p1a: Umbriel|85\/100\n|move|p1a: Umbriel|Foul Play|p2a: Milotic\n|-damage|p2a: Milotic|44\/100 brn\n|\n|-heal|p2a: Milotic|50\/100 brn|[from] item: Leftovers\n|-heal|p1a: Umbriel|92\/100|[from] item: Leftovers\n|-damage|p2a: Milotic|38\/100 brn|[from] Leech Seed|[of] p1a: Umbriel\n|-heal|p1a: Umbriel|100\/100|[silent]\n|-damage|p2a: Milotic|31\/100 brn|[from] brn\n|upkeep\n|turn|38\n|\n|t:|1699837221\n|move|p2a: Milotic|Recover|p2a: Milotic\n|-heal|p2a: Milotic|81\/100 brn\n|move|p1a: Umbriel|Tera Blast|p2a: Milotic\n|-damage|p2a: Milotic|74\/100 brn\n|\n|-heal|p2a: Milotic|80\/100 brn|[from] item: Leftovers\n|-damage|p2a: Milotic|68\/100 brn|[from] Leech Seed|[of] p1a: Umbriel\n|-damage|p2a: Milotic|62\/100 brn|[from] brn\n|upkeep\n|turn|39\n|\n|t:|1699837230\n|move|p2a: Milotic|Scald|p1a: Umbriel\n|-damage|p1a: Umbriel|86\/100\n|-status|p1a: Umbriel|brn\n|move|p1a: Umbriel|Foul Play|p2a: Milotic\n|-damage|p2a: Milotic|58\/100 brn\n|\n|-heal|p2a: Milotic|64\/100 brn|[from] item: Leftovers\n|-heal|p1a: Umbriel|93\/100 brn|[from] item: Leftovers\n|-damage|p2a: Milotic|52\/100 brn|[from] Leech Seed|[of] p1a: Umbriel\n|-heal|p1a: Umbriel|100\/100 brn|[silent]\n|-damage|p2a: Milotic|46\/100 brn|[from] brn\n|-damage|p1a: Umbriel|94\/100 brn|[from] brn\n|upkeep\n|turn|40\n|\n|t:|1699837245\n|move|p2a: Milotic|Scald|p1a: Umbriel\n|-damage|p1a: Umbriel|79\/100 brn\n|move|p1a: Umbriel|Foul Play|p2a: Milotic\n|-damage|p2a: Milotic|42\/100 brn\n|\n|-heal|p2a: Milotic|48\/100 brn|[from] item: Leftovers\n|-heal|p1a: Umbriel|85\/100 brn|[from] item: Leftovers\n|-damage|p2a: Milotic|35\/100 brn|[from] Leech Seed|[of] p1a: Umbriel\n|-heal|p1a: Umbriel|98\/100 brn|[silent]\n|-damage|p2a: Milotic|29\/100 brn|[from] brn\n|-damage|p1a: Umbriel|92\/100 brn|[from] brn\n|upkeep\n|turn|41\n|\n|t:|1699837256\n|move|p2a: Milotic|Scald|p1a: Umbriel\n|-damage|p1a: Umbriel|78\/100 brn\n|move|p1a: Umbriel|Foul Play|p2a: Milotic\n|-crit|p2a: Milotic\n|-damage|p2a: Milotic|24\/100 brn\n|\n|-heal|p2a: Milotic|30\/100 brn|[from] item: Leftovers\n|-heal|p1a: Umbriel|84\/100 brn|[from] item: Leftovers\n|-damage|p2a: Milotic|18\/100 brn|[from] Leech Seed|[of] p1a: Umbriel\n|-heal|p1a: Umbriel|97\/100 brn|[silent]\n|-damage|p2a: Milotic|11\/100 brn|[from] brn\n|-damage|p1a: Umbriel|90\/100 brn|[from] brn\n|upkeep\n|turn|42\n|\n|t:|1699837268\n|move|p2a: Milotic|Scald|p1a: Umbriel\n|-crit|p1a: Umbriel\n|-damage|p1a: Umbriel|68\/100 brn\n|move|p1a: Umbriel|Foul Play|p2a: Milotic\n|-damage|p2a: Milotic|8\/100 brn\n|\n|-heal|p2a: Milotic|14\/100 brn|[from] item: Leftovers\n|-heal|p1a: Umbriel|75\/100 brn|[from] item: Leftovers\n|-damage|p2a: Milotic|1\/100 brn|[from] Leech Seed|[of] p1a: Umbriel\n|-heal|p1a: Umbriel|87\/100 brn|[silent]\n|-damage|p2a: Milotic|0 fnt|[from] brn\n|faint|p2a: Milotic\n|\n|win|Juroni\n|upkeep\n|l|\u2606williwont\n","uploadtime":1699837292,"views":10,"p1id":"juroni","p2id":"williwont","formatid":"gen9ou","rating":0,"private":0,"password":""}