{"id":"gen9ou-1988334056","p1":"OUVTCrazy","p2":"LandorusDefender","format":"[Gen 9] OU","log":"|j|\u2606OUVTCrazy\n|j|\u2606LandorusDefender\n|t:|1699710110\n|gametype|singles\n|player|p1|OUVTCrazy|koga|1248\n|player|p2|LandorusDefender|102|1328\n|teamsize|p1|6\n|teamsize|p2|6\n|gen|9\n|tier|[Gen 9] OU\n|rated|\n|rule|Sleep Clause Mod: Limit one foe put to sleep\n|rule|Species Clause: Limit one of each Pok\u00e9mon\n|rule|OHKO Clause: OHKO moves are banned\n|rule|Evasion Items Clause: Evasion items are banned\n|rule|Evasion Moves Clause: Evasion moves are banned\n|rule|Endless Battle Clause: Forcing endless battles is banned\n|rule|HP Percentage Mod: HP is shown in percentages\n|clearpoke\n|poke|p1|Ribombee, M|\n|poke|p1|Cinderace, M|\n|poke|p1|Mew|\n|poke|p1|Honchkrow, F|\n|poke|p1|Gholdengo|\n|poke|p1|Great Tusk|\n|poke|p2|Gliscor, M|\n|poke|p2|Mandibuzz, F|\n|poke|p2|Iron Treads|\n|poke|p2|Iron Moth|\n|poke|p2|Garganacl, F|\n|poke|p2|Ribombee, F|\n|teampreview\n|inactive|Battle timer is ON: inactive players will automatically lose when time's up. (requested by LandorusDefender)\n|c|\u2606LandorusDefender|Booth webs?\n|\n|t:|1699710133\n|start\n|switch|p1a: SpiderGwen|Ribombee, M, shiny|100\/100\n|switch|p2a: Ribombee|Ribombee, F|100\/100\n|turn|1\n|\n|t:|1699710160\n|move|p2a: Ribombee|Stun Spore|p1a: SpiderGwen\n|-status|p1a: SpiderGwen|par\n|move|p1a: SpiderGwen|Stun Spore|p2a: Ribombee\n|-status|p2a: Ribombee|par\n|\n|upkeep\n|turn|2\n|\n|t:|1699710167\n|move|p1a: SpiderGwen|Sticky Web|p2a: Ribombee\n|-sidestart|p2: LandorusDefender|move: Sticky Web\n|move|p2a: Ribombee|Sticky Web|p1a: SpiderGwen\n|-sidestart|p1: OUVTCrazy|move: Sticky Web\n|\n|upkeep\n|turn|3\n|\n|t:|1699710171\n|switch|p1a: Ronaldo|Cinderace, M, shiny|100\/100\n|move|p2a: Ribombee|Moonblast|p1a: Ronaldo\n|-resisted|p1a: Ronaldo\n|-damage|p1a: Ronaldo|76\/100\n|\n|upkeep\n|turn|4\n|\n|t:|1699710178\n|move|p1a: Ronaldo|Pyro Ball|p2a: Ribombee\n|-supereffective|p2a: Ribombee\n|-enditem|p2a: Ribombee|Focus Sash\n|-damage|p2a: Ribombee|1\/100 par\n|cant|p2a: Ribombee|par\n|\n|upkeep\n|turn|5\n|\n|t:|1699710184\n|move|p1a: Ronaldo|Court Change|p1a: Ronaldo\n|-start|p1a: Ronaldo|typechange|Normal|[from] ability: Libero\n|-swapsideconditions\n|-activate|p1a: Ronaldo|move: Court Change\n|cant|p2a: Ribombee|par\n|\n|upkeep\n|turn|6\n|\n|t:|1699710190\n|move|p1a: Ronaldo|U-turn|p2a: Ribombee\n|-resisted|p2a: Ribombee\n|-damage|p2a: Ribombee|0 fnt\n|faint|p2a: Ribombee\n|\n|t:|1699710192\n|switch|p1a: Beyblade|Great Tusk, shiny|100\/100|[from] U-turn\n|-activate|p1a: Beyblade|move: Sticky Web\n|-unboost|p1a: Beyblade|spe|1\n|-enditem|p1a: Beyblade|Booster Energy\n|-activate|p1a: Beyblade|ability: Protosynthesis|[fromitem]\n|-start|p1a: Beyblade|protosynthesisatk\n|\n|upkeep\n|\n|t:|1699710199\n|switch|p2a: Gliscor|Gliscor, M|100\/100\n|turn|7\n|\n|t:|1699710209\n|move|p2a: Gliscor|Agility|p2a: Gliscor\n|-boost|p2a: Gliscor|spe|2\n|move|p1a: Beyblade|Rapid Spin|p2a: Gliscor\n|-damage|p2a: Gliscor|78\/100\n|-boost|p1a: Beyblade|spe|1\n|-sideend|p1: OUVTCrazy|Sticky Web|[from] move: Rapid Spin|[of] p1a: Beyblade\n|\n|-status|p2a: Gliscor|tox|[from] item: Toxic Orb\n|upkeep\n|turn|8\n|\n|t:|1699710219\n|move|p2a: Gliscor|Swords Dance|p2a: Gliscor\n|-boost|p2a: Gliscor|atk|2\n|move|p1a: Beyblade|Ice Spinner|p2a: Gliscor\n|-supereffective|p2a: Gliscor\n|-damage|p2a: Gliscor|0 fnt\n|faint|p2a: Gliscor\n|\n|upkeep\n|-message|LandorusDefender forfeited.\n|\n|win|OUVTCrazy\n|raw|OUVTCrazy's rating: 1248 &rarr; <strong>1279<\/strong><br \/>(+31 for winning)\n|raw|LandorusDefender's rating: 1328 &rarr; <strong>1303<\/strong><br \/>(-25 for losing)\n|l|\u2606LandorusDefender\n","uploadtime":1699710231,"views":14,"p1id":"ouvtcrazy","p2id":"landorusdefender","formatid":"gen9ou","rating":1279,"private":0,"password":""}