{"id":"gen9ou-2000066418","p1":"Kamron999","p2":"Teal Mask UU Test","format":"[Gen 9] OU","log":"|j|\u2606Kamron999\n|j|\u2606Teal Mask UU Test\n|t:|1701148708\n|gametype|singles\n|player|p1|Kamron999|169|1000\n|player|p2|Teal Mask UU Test|cynthia-gen7|1050\n|teamsize|p1|6\n|teamsize|p2|6\n|gen|9\n|tier|[Gen 9] OU\n|rated|\n|rule|Sleep Clause Mod: Limit one foe put to sleep\n|rule|Species Clause: Limit one of each Pok\u00e9mon\n|rule|OHKO Clause: OHKO moves are banned\n|rule|Evasion Items Clause: Evasion items are banned\n|rule|Evasion Moves Clause: Evasion moves are banned\n|rule|Endless Battle Clause: Forcing endless battles is banned\n|rule|HP Percentage Mod: HP is shown in percentages\n|clearpoke\n|poke|p1|Hawlucha, F|\n|poke|p1|Gengar, M|\n|poke|p1|Beartic, M|\n|poke|p1|Dragonite, M|\n|poke|p1|Breloom, M|\n|poke|p1|Kommo-o, M|\n|poke|p2|Landorus-Therian, M|\n|poke|p2|Gholdengo|\n|poke|p2|Iron Valiant|\n|poke|p2|Ogerpon-Wellspring, F|\n|poke|p2|Cinderace, F|\n|poke|p2|Amoonguss, M|\n|teampreview\n|\n|t:|1701148721\n|start\n|switch|p1a: Dragonite|Dragonite, M, shiny|100\/100\n|switch|p2a: Ogerpon|Ogerpon-Wellspring, F|100\/100\n|turn|1\n|\n|t:|1701148730\n|move|p2a: Ogerpon|U-turn|p1a: Dragonite\n|-resisted|p1a: Dragonite\n|-damage|p1a: Dragonite|92\/100\n|\n|t:|1701148734\n|switch|p2a: Landorus|Landorus-Therian, M|100\/100|[from] U-turn\n|-ability|p2a: Landorus|Intimidate|boost\n|-unboost|p1a: Dragonite|atk|1\n|move|p1a: Dragonite|Thunder Punch|p2a: Landorus\n|-immune|p2a: Landorus\n|\n|upkeep\n|turn|2\n|\n|t:|1701148738\n|move|p2a: Landorus|Stealth Rock|p1a: Dragonite\n|-sidestart|p1: Kamron999|move: Stealth Rock\n|move|p1a: Dragonite|Ice Beam|p2a: Landorus\n|-supereffective|p2a: Landorus\n|-damage|p2a: Landorus|0 fnt\n|faint|p2a: Landorus\n|\n|upkeep\n|\n|t:|1701148748\n|switch|p2a: Amoonguss|Amoonguss, M|100\/100\n|turn|3\n|\n|t:|1701148754\n|move|p1a: Dragonite|Ice Beam|p2a: Amoonguss\n|-supereffective|p2a: Amoonguss\n|-damage|p2a: Amoonguss|49\/100\n|-enditem|p2a: Amoonguss|Red Card|[of] p1a: Dragonite\n|drag|p1a: Kommo-o|Kommo-o, M, shiny|100\/100\n|-damage|p1a: Kommo-o|94\/100|[from] Stealth Rock\n|move|p2a: Amoonguss|Spore|p1a: Kommo-o\n|-status|p1a: Kommo-o|slp|[from] move: Spore\n|\n|upkeep\n|turn|4\n|inactive|Battle timer is ON: inactive players will automatically lose when time's up. (requested by Teal Mask UU Test)\n|\n|t:|1701148765\n|cant|p1a: Kommo-o|slp\n|move|p2a: Amoonguss|Sludge Bomb|p1a: Kommo-o\n|-immune|p1a: Kommo-o|[from] ability: Bulletproof\n|\n|upkeep\n|turn|5\n|\n|t:|1701148775\n|switch|p2a: Iron Valiant|Iron Valiant|100\/100\n|-enditem|p2a: Iron Valiant|Booster Energy\n|-activate|p2a: Iron Valiant|ability: Quark Drive|[fromitem]\n|-start|p2a: Iron Valiant|quarkdrivespe\n|cant|p1a: Kommo-o|slp\n|\n|upkeep\n|turn|6\n|\n|t:|1701148785\n|move|p2a: Iron Valiant|Moonblast|p1a: Kommo-o\n|-supereffective|p1a: Kommo-o\n|-crit|p1a: Kommo-o\n|-damage|p1a: Kommo-o|0 fnt\n|faint|p1a: Kommo-o\n|\n|upkeep\n|\n|t:|1701148791\n|switch|p1a: Gengar|Gengar, M, shiny|100\/100\n|-damage|p1a: Gengar|88\/100|[from] Stealth Rock\n|turn|7\n|\n|t:|1701148796\n|move|p2a: Iron Valiant|Psyshock|p1a: Gengar\n|-supereffective|p1a: Gengar\n|-damage|p1a: Gengar|0 fnt\n|faint|p1a: Gengar\n|\n|upkeep\n|\n|t:|1701148801\n|switch|p1a: Hawlucha|Hawlucha, F, shiny|100\/100\n|-damage|p1a: Hawlucha|88\/100|[from] Stealth Rock\n|turn|8\n|\n|t:|1701148806\n|move|p2a: Iron Valiant|Moonblast|p1a: Hawlucha\n|-supereffective|p1a: Hawlucha\n|-damage|p1a: Hawlucha|0 fnt\n|faint|p1a: Hawlucha\n|\n|upkeep\n|\n|t:|1701148811\n|switch|p1a: Beartic|Beartic, M, shiny|100\/100\n|-damage|p1a: Beartic|76\/100|[from] Stealth Rock\n|turn|9\n|\n|t:|1701148818\n|move|p2a: Iron Valiant|Close Combat|p1a: Beartic\n|-supereffective|p1a: Beartic\n|-damage|p1a: Beartic|0 fnt\n|-unboost|p2a: Iron Valiant|def|1\n|-unboost|p2a: Iron Valiant|spd|1\n|faint|p1a: Beartic\n|\n|upkeep\n|\n|t:|1701148822\n|switch|p1a: Breloom|Breloom, M, shiny|100\/100\n|-damage|p1a: Breloom|94\/100|[from] Stealth Rock\n|turn|10\n|\n|t:|1701148825\n|move|p2a: Iron Valiant|Moonblast|p1a: Breloom\n|-supereffective|p1a: Breloom\n|-damage|p1a: Breloom|0 fnt\n|faint|p1a: Breloom\n|\n|upkeep\n|\n|t:|1701148828\n|switch|p1a: Dragonite|Dragonite, M, shiny|92\/100\n|-damage|p1a: Dragonite|68\/100|[from] Stealth Rock\n|turn|11\n|\n|t:|1701148838\n|-terastallize|p2a: Iron Valiant|Fairy\n|-terastallize|p1a: Dragonite|Normal\n|move|p2a: Iron Valiant|Moonblast|p1a: Dragonite\n|-damage|p1a: Dragonite|5\/100\n|move|p1a: Dragonite|Flamethrower|p2a: Iron Valiant\n|-damage|p2a: Iron Valiant|38\/100\n|\n|upkeep\n|turn|12\n|\n|t:|1701148849\n|-end|p2a: Iron Valiant|Quark Drive|[silent]\n|switch|p2a: Gholdengo|Gholdengo|100\/100\n|move|p1a: Dragonite|Flamethrower|p2a: Gholdengo\n|-supereffective|p2a: Gholdengo\n|-damage|p2a: Gholdengo|33\/100\n|\n|upkeep\n|turn|13\n|\n|t:|1701148855\n|switch|p2a: Ogerpon|Ogerpon-Wellspring, F|100\/100\n|move|p1a: Dragonite|Flamethrower|p2a: Ogerpon\n|-damage|p2a: Ogerpon|73\/100\n|-status|p2a: Ogerpon|brn\n|\n|-damage|p2a: Ogerpon|67\/100 brn|[from] brn\n|upkeep\n|turn|14\n|\n|t:|1701148864\n|move|p2a: Ogerpon|Superpower|p1a: Dragonite\n|-supereffective|p1a: Dragonite\n|-damage|p1a: Dragonite|0 fnt\n|-unboost|p2a: Ogerpon|atk|1\n|-unboost|p2a: Ogerpon|def|1\n|faint|p1a: Dragonite\n|\n|win|Teal Mask UU Test\n|raw|Kamron999's rating: 1000 &rarr; <strong>1000<\/strong><br \/>(+0 for losing)\n|raw|Teal Mask UU Test's rating: 1050 &rarr; <strong>1078<\/strong><br \/>(+28 for winning)\n","uploadtime":1701148869,"views":15,"p1id":"kamron999","p2id":"tealmaskuutest","formatid":"gen9ou","rating":1000,"private":0,"password":""}