{"id":"gen9ou-1988513070","p1":"Welcometoearth420","p2":"david0333","format":"[Gen 9] OU","log":"|j|\u2606Welcometoearth420\n|j|\u2606david0333\n|t:|1699730946\n|gametype|singles\n|player|p1|Welcometoearth420|169|1494\n|player|p2|david0333|flint|1394\n|teamsize|p1|6\n|teamsize|p2|6\n|gen|9\n|tier|[Gen 9] OU\n|rated|\n|rule|Sleep Clause Mod: Limit one foe put to sleep\n|rule|Species Clause: Limit one of each Pok\u00e9mon\n|rule|OHKO Clause: OHKO moves are banned\n|rule|Evasion Items Clause: Evasion items are banned\n|rule|Evasion Moves Clause: Evasion moves are banned\n|rule|Endless Battle Clause: Forcing endless battles is banned\n|rule|HP Percentage Mod: HP is shown in percentages\n|clearpoke\n|poke|p1|Corviknight, M|\n|poke|p1|Dragapult, F|\n|poke|p1|Slowking-Galar, F|\n|poke|p1|Gliscor, F|\n|poke|p1|Iron Valiant|\n|poke|p1|Empoleon, F|\n|poke|p2|Gliscor, F|\n|poke|p2|Clefable, M|\n|poke|p2|Gholdengo|\n|poke|p2|Iron Moth|\n|poke|p2|Kingambit, M|\n|poke|p2|Ogerpon-Wellspring, F|\n|teampreview\n|\n|t:|1699730960\n|start\n|switch|p1a: Dragapult|Dragapult, F|100\/100\n|switch|p2a: Clefable|Clefable, M|100\/100\n|turn|1\n|\n|t:|1699730965\n|move|p1a: Dragapult|U-turn|p2a: Clefable\n|-resisted|p2a: Clefable\n|-damage|p2a: Clefable|91\/100\n|\n|t:|1699730970\n|switch|p1a: Gliscor|Gliscor, F|100\/100|[from] U-turn\n|move|p2a: Clefable|Thunder Wave|p1a: Gliscor\n|-immune|p1a: Gliscor\n|\n|-heal|p2a: Clefable|97\/100|[from] item: Leftovers\n|-status|p1a: Gliscor|tox|[from] item: Toxic Orb\n|upkeep\n|turn|2\n|\n|t:|1699730974\n|move|p1a: Gliscor|Spikes|p2a: Clefable\n|-sidestart|p2: david0333|Spikes\n|move|p2a: Clefable|Stealth Rock|p1a: Gliscor\n|-sidestart|p1: Welcometoearth420|move: Stealth Rock\n|\n|-heal|p2a: Clefable|100\/100|[from] item: Leftovers\n|upkeep\n|turn|3\n|\n|t:|1699730980\n|switch|p2a: Ogerpon|Ogerpon-Wellspring, F|100\/100\n|-damage|p2a: Ogerpon|88\/100|[from] Spikes\n|move|p1a: Gliscor|Spikes|p2a: Ogerpon\n|-sidestart|p2: david0333|Spikes\n|\n|upkeep\n|turn|4\n|\n|t:|1699730987\n|move|p2a: Ogerpon|Ivy Cudgel|p1a: Gliscor\n|-supereffective|p1a: Gliscor\n|-crit|p1a: Gliscor\n|-damage|p1a: Gliscor|0 fnt\n|faint|p1a: Gliscor\n|\n|upkeep\n|\n|t:|1699730989\n|switch|p1a: Corviknight|Corviknight, M|100\/100\n|-damage|p1a: Corviknight|88\/100|[from] Stealth Rock\n|turn|5\n|\n|t:|1699730997\n|switch|p2a: Clefable|Clefable, M|100\/100\n|move|p1a: Corviknight|Brave Bird|p2a: Clefable\n|-damage|p2a: Clefable|59\/100\n|-damage|p1a: Corviknight|75\/100|[from] Recoil\n|\n|-heal|p2a: Clefable|65\/100|[from] item: Leftovers\n|upkeep\n|turn|6\n|\n|t:|1699731005\n|move|p1a: Corviknight|Roost|p1a: Corviknight\n|-heal|p1a: Corviknight|100\/100\n|-singleturn|p1a: Corviknight|move: Roost\n|move|p2a: Clefable|Thunder Wave|p1a: Corviknight\n|-status|p1a: Corviknight|par\n|\n|-heal|p2a: Clefable|71\/100|[from] item: Leftovers\n|upkeep\n|turn|7\n|\n|t:|1699731008\n|move|p2a: Clefable|Moonlight|p2a: Clefable\n|-heal|p2a: Clefable|100\/100\n|move|p1a: Corviknight|Defog|p2a: Clefable\n|-unboost|p2a: Clefable|evasion|1\n|-sideend|p2: david0333|Spikes|[from] move: Defog|[of] p1a: Corviknight\n|-sideend|p1: Welcometoearth420|Stealth Rock|[from] move: Defog|[of] p1a: Corviknight\n|\n|upkeep\n|turn|8\n|\n|t:|1699731017\n|switch|p2a: Gholdengo|Gholdengo|100\/100\n|cant|p1a: Corviknight|par\n|\n|upkeep\n|turn|9\n|\n|t:|1699731021\n|switch|p1a: Empoleon|Empoleon, F|100\/100\n|move|p2a: Gholdengo|Thunderbolt|p1a: Empoleon\n|-supereffective|p1a: Empoleon\n|-damage|p1a: Empoleon|55\/100\n|\n|-heal|p1a: Empoleon|62\/100|[from] item: Leftovers\n|upkeep\n|turn|10\n|\n|t:|1699731027\n|move|p2a: Gholdengo|Thunderbolt|p1a: Empoleon\n|-supereffective|p1a: Empoleon\n|-damage|p1a: Empoleon|16\/100\n|-status|p1a: Empoleon|par\n|cant|p1a: Empoleon|par\n|\n|-heal|p1a: Empoleon|22\/100 par|[from] item: Leftovers\n|upkeep\n|turn|11\n|\n|t:|1699731032\n|switch|p1a: Dragapult|Dragapult, F|100\/100\n|move|p2a: Gholdengo|Thunderbolt|p1a: Dragapult\n|-resisted|p1a: Dragapult\n|-damage|p1a: Dragapult|78\/100\n|\n|upkeep\n|turn|12\n|\n|t:|1699731044\n|switch|p2a: Clefable|Clefable, M|100\/100\n|move|p1a: Dragapult|Shadow Ball|p2a: Clefable\n|-damage|p2a: Clefable|63\/100\n|\n|-heal|p2a: Clefable|69\/100|[from] item: Leftovers\n|upkeep\n|turn|13\n|\n|t:|1699731051\n|-terastallize|p1a: Dragapult|Ghost\n|move|p1a: Dragapult|Shadow Ball|p2a: Clefable\n|-damage|p2a: Clefable|18\/100\n|move|p2a: Clefable|Thunder Wave|p1a: Dragapult\n|-status|p1a: Dragapult|par\n|\n|-heal|p2a: Clefable|24\/100|[from] item: Leftovers\n|upkeep\n|turn|14\n|\n|t:|1699731059\n|move|p1a: Dragapult|Shadow Ball|p2a: Clefable\n|-damage|p2a: Clefable|0 fnt\n|faint|p2a: Clefable\n|\n|upkeep\n|\n|t:|1699731063\n|switch|p2a: Gholdengo|Gholdengo|100\/100\n|turn|15\n|\n|t:|1699731067\n|move|p2a: Gholdengo|Shadow Ball|p1a: Dragapult\n|-supereffective|p1a: Dragapult\n|-damage|p1a: Dragapult|0 fnt\n|faint|p1a: Dragapult\n|\n|upkeep\n|\n|t:|1699731069\n|switch|p1a: Iron Valiant|Iron Valiant|100\/100\n|-enditem|p1a: Iron Valiant|Booster Energy\n|-activate|p1a: Iron Valiant|ability: Quark Drive|[fromitem]\n|-start|p1a: Iron Valiant|quarkdrivespe\n|turn|16\n|\n|t:|1699731078\n|move|p1a: Iron Valiant|Knock Off|p2a: Gholdengo\n|-supereffective|p2a: Gholdengo\n|-damage|p2a: Gholdengo|19\/100\n|-enditem|p2a: Gholdengo|Choice Scarf|[from] move: Knock Off|[of] p1a: Iron Valiant\n|move|p2a: Gholdengo|Shadow Ball|p1a: Iron Valiant\n|-damage|p1a: Iron Valiant|22\/100\n|\n|upkeep\n|turn|17\n|\n|t:|1699731085\n|move|p1a: Iron Valiant|Knock Off|p2a: Gholdengo\n|-supereffective|p2a: Gholdengo\n|-damage|p2a: Gholdengo|0 fnt\n|faint|p2a: Gholdengo\n|\n|upkeep\n|\n|t:|1699731090\n|switch|p2a: Kingambit|Kingambit, M|100\/100\n|-activate|p2a: Kingambit|ability: Supreme Overlord\n|-start|p2a: Kingambit|fallen2|[silent]\n|turn|18\n|\n|t:|1699731093\n|move|p2a: Kingambit|Sucker Punch|p1a: Iron Valiant\n|-resisted|p1a: Iron Valiant\n|-damage|p1a: Iron Valiant|3\/100\n|move|p1a: Iron Valiant|Close Combat|p2a: Kingambit\n|-supereffective|p2a: Kingambit\n|-damage|p2a: Kingambit|0 fnt\n|-unboost|p1a: Iron Valiant|def|1\n|-unboost|p1a: Iron Valiant|spd|1\n|faint|p2a: Kingambit\n|-end|p2a: Kingambit|fallen2|[silent]\n|\n|upkeep\n|\n|t:|1699731098\n|switch|p2a: Gliscor|Gliscor, F|100\/100\n|turn|19\n|\n|t:|1699731102\n|-end|p1a: Iron Valiant|Quark Drive|[silent]\n|switch|p1a: Corviknight|Corviknight, M|100\/100 par\n|move|p2a: Gliscor|Earthquake|p1a: Corviknight\n|-immune|p1a: Corviknight\n|\n|-status|p2a: Gliscor|tox|[from] item: Toxic Orb\n|upkeep\n|turn|20\n|\n|t:|1699731108\n|switch|p2a: Iron Moth|Iron Moth|100\/100\n|-enditem|p2a: Iron Moth|Booster Energy\n|-activate|p2a: Iron Moth|ability: Quark Drive|[fromitem]\n|-start|p2a: Iron Moth|quarkdrivespe\n|move|p1a: Corviknight|Brave Bird|p2a: Iron Moth\n|-damage|p2a: Iron Moth|41\/100\n|-damage|p1a: Corviknight|84\/100 par|[from] Recoil\n|\n|upkeep\n|turn|21\n|\n|t:|1699731111\n|switch|p1a: Slowking|Slowking-Galar, F|100\/100\n|move|p2a: Iron Moth|Fiery Dance|p1a: Slowking\n|-damage|p1a: Slowking|85\/100\n|\n|upkeep\n|turn|22\n|\n|t:|1699731115\n|move|p2a: Iron Moth|Bug Buzz|p1a: Slowking\n|-damage|p1a: Slowking|74\/100\n|move|p1a: Slowking|Future Sight|p2a: Iron Moth\n|-start|p1a: Slowking|move: Future Sight\n|\n|upkeep\n|turn|23\n|\n|t:|1699731122\n|-end|p2a: Iron Moth|Quark Drive|[silent]\n|switch|p2a: Gliscor|Gliscor, F|100\/100 tox\n|move|p1a: Slowking|Surf|p2a: Gliscor\n|-supereffective|p2a: Gliscor\n|-damage|p2a: Gliscor|43\/100 tox\n|\n|-heal|p2a: Gliscor|55\/100 tox|[from] ability: Poison Heal\n|upkeep\n|turn|24\n|\n|t:|1699731126\n|switch|p1a: Corviknight|Corviknight, M|84\/100 par\n|move|p2a: Gliscor|Earthquake|p1a: Corviknight\n|-immune|p1a: Corviknight\n|\n|-end|p2a: Gliscor|move: Future Sight\n|-damage|p2a: Gliscor|1\/100 tox\n|-heal|p2a: Gliscor|13\/100 tox|[from] ability: Poison Heal\n|upkeep\n|turn|25\n|\n|t:|1699731132\n|switch|p2a: Ogerpon|Ogerpon-Wellspring, F|88\/100\n|move|p1a: Corviknight|Brave Bird|p2a: Ogerpon\n|-supereffective|p2a: Ogerpon\n|-damage|p2a: Ogerpon|0 fnt\n|faint|p2a: Ogerpon\n|-damage|p1a: Corviknight|62\/100 par|[from] Recoil\n|\n|upkeep\n|\n|t:|1699731135\n|switch|p2a: Iron Moth|Iron Moth|41\/100\n|turn|26\n|-message|david0333 forfeited.\n|\n|win|Welcometoearth420\n|raw|Welcometoearth420's rating: 1494 &rarr; <strong>1508<\/strong><br \/>(+14 for winning)\n|raw|david0333's rating: 1394 &rarr; <strong>1380<\/strong><br \/>(-14 for losing)\n|l|\u2606david0333\n","uploadtime":1699731142,"views":12,"p1id":"welcometoearth420","p2id":"david0333","formatid":"gen9ou","rating":1380,"private":0,"password":""}