{"id":"gen9ou-1989037841","p1":"DHANVISH","p2":"Lenoxum","format":"[Gen 9] OU","log":"|j|\u2606DHANVISH\n|j|\u2606Lenoxum\n|inactive|Battle timer is ON: inactive players will automatically lose when time's up.\n|t:|1699805165\n|gametype|singles\n|player|p1|DHANVISH|170|\n|player|p2|Lenoxum|turo-ai|\n|teamsize|p1|5\n|teamsize|p2|5\n|gen|9\n|tier|[Gen 9] OU\n|rated|Tournament battle\n|rule|Sleep Clause Mod: Limit one foe put to sleep\n|rule|Species Clause: Limit one of each Pok\u00e9mon\n|rule|OHKO Clause: OHKO moves are banned\n|rule|Evasion Items Clause: Evasion items are banned\n|rule|Evasion Moves Clause: Evasion moves are banned\n|rule|Endless Battle Clause: Forcing endless battles is banned\n|rule|HP Percentage Mod: HP is shown in percentages\n|rule|Sleep Moves Clause: Sleep-inducing moves are banned\n|rule|Protean Palace Mod: Every Pok\u00e9mon innately has Protean.\n|clearpoke\n|poke|p1|Shellder, F|\n|poke|p1|Sewaddle, M|\n|poke|p1|Noivern, F|\n|poke|p1|Gimmighoul|\n|poke|p1|Sneasler, F|\n|poke|p2|Rillaboom, M|\n|poke|p2|Sneasel-Hisui, F|\n|poke|p2|Makuhita, M|\n|poke|p2|Cufant, F|\n|poke|p2|Fletchinder, M|\n|teampreview\n|j|*Lady Monita \u2746\n|j| brodiewhat\n|c|\u2606DHANVISH|ooohhh\n|c|\u2606Lenoxum|lol\n|c|\u2606Lenoxum|you got it too\n|c|\u2606DHANVISH|smells like a grassy glide\n|inactive|Lenoxum has 120 seconds left.\n|c|\u2606Lenoxum|didnt know you could switch weavile to sneasler\n|c|\u2606Lenoxum|ah wait\n|c|\u2606Lenoxum|i got weavile\n|c|\u2606DHANVISH|de evolve...\n|c|\u2606Lenoxum|nevermind\n|inactive|Lenoxum has 90 seconds left.\n|j| poketough\n|\n|t:|1699805230\n|start\n|switch|p1a: Sewaddle|Sewaddle, M, shiny|100\/100\n|switch|p2a: Cufant|Cufant, F, shiny|100\/100\n|turn|1\n|j| swastk\n|j| jfebhjbeebhjf\n|\n|t:|1699805235\n|move|p1a: Sewaddle|Sticky Web|p2a: Cufant\n|-start|p1a: Sewaddle|typechange|Bug|[from] ability: Protean\n|-sidestart|p2: Lenoxum|move: Sticky Web\n|move|p2a: Cufant|Stealth Rock|p1a: Sewaddle\n|-start|p2a: Cufant|typechange|Rock|[from] ability: Protean\n|-sidestart|p1: DHANVISH|move: Stealth Rock\n|\n|upkeep\n|turn|2\n|c|\u2606DHANVISH|lol\n|\n|t:|1699805247\n|move|p1a: Sewaddle|Seed Bomb|p2a: Cufant\n|-supereffective|p2a: Cufant\n|-damage|p2a: Cufant|77\/100\n|move|p2a: Cufant|Rock Slide|p1a: Sewaddle\n|-supereffective|p1a: Sewaddle\n|-damage|p1a: Sewaddle|33\/100\n|\n|upkeep\n|turn|3\n|\n|t:|1699805253\n|move|p1a: Sewaddle|Seed Bomb|p2a: Cufant\n|-supereffective|p2a: Cufant\n|-damage|p2a: Cufant|49\/100\n|move|p2a: Cufant|Rock Slide|p1a: Sewaddle|[miss]\n|-miss|p2a: Cufant|p1a: Sewaddle\n|\n|upkeep\n|turn|4\n|\n|t:|1699805259\n|move|p1a: Sewaddle|Seed Bomb|p2a: Cufant\n|-supereffective|p2a: Cufant\n|-damage|p2a: Cufant|22\/100\n|move|p2a: Cufant|Rock Slide|p1a: Sewaddle\n|-supereffective|p1a: Sewaddle\n|-damage|p1a: Sewaddle|0 fnt\n|faint|p1a: Sewaddle\n|\n|upkeep\n|\n|t:|1699805264\n|switch|p1a: Shellder|Shellder, F|100\/100\n|-damage|p1a: Shellder|88\/100|[from] Stealth Rock\n|turn|5\n|j| Carolina6969\n|c|\u2606Lenoxum|oh no\n|\n|t:|1699805276\n|move|p1a: Shellder|Shell Smash|p1a: Shellder\n|-start|p1a: Shellder|typechange|Normal|[from] ability: Protean\n|-unboost|p1a: Shellder|def|1\n|-unboost|p1a: Shellder|spd|1\n|-boost|p1a: Shellder|atk|2\n|-boost|p1a: Shellder|spa|2\n|-boost|p1a: Shellder|spe|2\n|move|p2a: Cufant|Rock Slide|p1a: Shellder\n|-damage|p1a: Shellder|0 fnt\n|faint|p1a: Shellder\n|\n|upkeep\n|j| Abubakrcl7\n|c|\u2606DHANVISH|f\n|c|\u2606Lenoxum|oh yes\n|c| poketough|L\n|c|\u2606Lenoxum|cufant ftw\n|\n|t:|1699805297\n|switch|p1a: Gimmighoul|Gimmighoul, shiny|100\/100\n|-damage|p1a: Gimmighoul|88\/100|[from] Stealth Rock\n|turn|6\n|\n|t:|1699805301\n|move|p2a: Cufant|Rock Slide|p1a: Gimmighoul\n|-damage|p1a: Gimmighoul|47\/100\n|move|p1a: Gimmighoul|Reflect|p1a: Gimmighoul\n|-start|p1a: Gimmighoul|typechange|Psychic|[from] ability: Protean\n|-sidestart|p1: DHANVISH|Reflect\n|\n|upkeep\n|turn|7\n|\n|t:|1699805309\n|move|p2a: Cufant|Rock Slide|p1a: Gimmighoul\n|-crit|p1a: Gimmighoul\n|-damage|p1a: Gimmighoul|0 fnt\n|faint|p1a: Gimmighoul\n|\n|upkeep\n|c|\u2606Lenoxum|lul\n|c|\u2606DHANVISH|wtf\n|c| brodiewhat|wow\n|c| brodiewhat|that is unlucky\n|c|\u2606Lenoxum|cufant op\n|\n|t:|1699805321\n|switch|p1a: Sneasler|Sneasler, F|100\/100\n|-damage|p1a: Sneasler|95\/100|[from] Stealth Rock\n|turn|8\n|c| poketough|cufant ftw is real\n|\n|t:|1699805331\n|move|p1a: Sneasler|Dire Claw|p2a: Cufant\n|-start|p1a: Sneasler|typechange|Poison|[from] ability: Protean\n|-resisted|p2a: Cufant\n|-damage|p2a: Cufant|0 fnt\n|faint|p2a: Cufant\n|\n|upkeep\n|\n|t:|1699805347\n|switch|p2a: Makuhita|Makuhita, M, shiny|100\/100\n|-activate|p2a: Makuhita|move: Sticky Web\n|-unboost|p2a: Makuhita|spe|1\n|turn|9\n|\n|t:|1699805352\n|-terastallize|p1a: Sneasler|Fighting\n|move|p1a: Sneasler|Close Combat|p2a: Makuhita\n|-damage|p2a: Makuhita|0 fnt\n|-unboost|p1a: Sneasler|def|1\n|-unboost|p1a: Sneasler|spd|1\n|-enditem|p1a: Sneasler|White Herb\n|-clearnegativeboost|p1a: Sneasler|[silent]\n|faint|p2a: Makuhita\n|\n|upkeep\n|j| hpl12345\n|\n|t:|1699805361\n|switch|p2a: Fletchinder|Fletchinder, M, shiny|100\/100\n|turn|10\n|\n|t:|1699805368\n|move|p2a: Fletchinder|Dual Wingbeat|p1a: Sneasler\n|-start|p2a: Fletchinder|typechange|Flying|[from] ability: Protean\n|-supereffective|p1a: Sneasler\n|-damage|p1a: Sneasler|67\/100\n|-supereffective|p1a: Sneasler\n|-damage|p1a: Sneasler|39\/100\n|-hitcount|p1a: Sneasler|2\n|move|p1a: Sneasler|Dire Claw|p2a: Fletchinder\n|-damage|p2a: Fletchinder|33\/100\n|-status|p2a: Fletchinder|slp\n|\n|-sideend|p1: DHANVISH|Reflect\n|upkeep\n|turn|11\n|l| Abubakrcl7\n|c| brodiewhat|OH\n|c| brodiewhat|WOW\n|c|\u2606Lenoxum|oof\n|\n|t:|1699805384\n|move|p1a: Sneasler|Dire Claw|p2a: Fletchinder\n|-damage|p2a: Fletchinder|0 fnt\n|faint|p2a: Fletchinder\n|\n|upkeep\n|c|\u2606DHANVISH|50%\n|\n|t:|1699805387\n|switch|p2a: Sneasel|Sneasel-Hisui, F, shiny|100\/100\n|-activate|p2a: Sneasel|move: Sticky Web\n|-unboost|p2a: Sneasel|spe|1\n|turn|12\n|c| brodiewhat|dire claw comes in clutch when you need it\n|c| brodiewhat|didn't really matter since sneasler was gonna be faster anyways\n|\n|t:|1699805411\n|move|p1a: Sneasler|Close Combat|p2a: Sneasel\n|-resisted|p2a: Sneasel\n|-damage|p2a: Sneasel|28\/100\n|-unboost|p1a: Sneasler|def|1\n|-unboost|p1a: Sneasler|spd|1\n|move|p2a: Sneasel|Close Combat|p1a: Sneasler\n|-start|p2a: Sneasel|typechange|Fighting|[from] ability: Protean\n|-damage|p1a: Sneasler|0 fnt\n|-unboost|p2a: Sneasel|def|1\n|-unboost|p2a: Sneasel|spd|1\n|faint|p1a: Sneasler\n|\n|upkeep\n|l| brodiewhat\n|\n|t:|1699805415\n|switch|p1a: Noivern|Noivern, F|100\/100\n|-damage|p1a: Noivern|76\/100|[from] Stealth Rock\n|-item|p2a: Sneasel|Focus Sash|[from] ability: Frisk|[of] p1a: Noivern|[identify]\n|turn|13\n|\n|t:|1699805424\n|move|p1a: Noivern|Boomburst|p2a: Sneasel\n|-start|p1a: Noivern|typechange|Normal|[from] ability: Protean\n|-damage|p2a: Sneasel|0 fnt\n|faint|p2a: Sneasel\n|-damage|p1a: Noivern|66\/100|[from] item: Life Orb\n|\n|upkeep\n|\n|t:|1699805427\n|switch|p2a: Rillaboom|Rillaboom, M, shiny|100\/100\n|-activate|p2a: Rillaboom|move: Sticky Web\n|-unboost|p2a: Rillaboom|spe|1\n|-fieldstart|move: Grassy Terrain|[from] ability: Grassy Surge|[of] p2a: Rillaboom\n|-enditem|p2a: Rillaboom|Grassy Seed\n|-boost|p2a: Rillaboom|def|1|[from] item: Grassy Seed\n|turn|14\n|c|\u2606Lenoxum|gg\n|\n|t:|1699805439\n|-terastallize|p2a: Rillaboom|Grass\n|move|p1a: Noivern|Boomburst|p2a: Rillaboom\n|-damage|p2a: Rillaboom|2\/100\n|-damage|p1a: Noivern|56\/100|[from] item: Life Orb\n|move|p2a: Rillaboom|Drum Beating|p1a: Noivern\n|-damage|p1a: Noivern|0 fnt\n|faint|p1a: Noivern\n|\n|win|Lenoxum\n|n|\u2606DHANVISH|dhanvish\n|n|\u2606Lenoxum|lenoxum\n|n|*Lady Monita \u2746|ladymonita\n|n| poketough|poketough\n|n| swastk|swastk\n|n| jfebhjbeebhjf|jfebhjbeebhjf\n|n| Carolina6969|carolina6969\n|n| hpl12345|hpl12345\n","uploadtime":1699805440,"views":9,"p1id":"dhanvish","p2id":"lenoxum","formatid":"gen9ou","rating":0,"private":0,"password":""}