{"id":"gen9ou-1996021880","p1":"CatWolf50","p2":"Bruhitsjhian","format":"[Gen 9] OU","log":"|j|\u2606CatWolf50\n|j|\u2606Bruhitsjhian\n|t:|1700630685\n|gametype|singles\n|player|p1|CatWolf50|iris|1137\n|player|p2|Bruhitsjhian|az|1049\n|teamsize|p1|6\n|teamsize|p2|6\n|gen|9\n|tier|[Gen 9] OU\n|rated|\n|rule|Sleep Clause Mod: Limit one foe put to sleep\n|rule|Species Clause: Limit one of each Pok\u00e9mon\n|rule|OHKO Clause: OHKO moves are banned\n|rule|Evasion Items Clause: Evasion items are banned\n|rule|Evasion Moves Clause: Evasion moves are banned\n|rule|Endless Battle Clause: Forcing endless battles is banned\n|rule|HP Percentage Mod: HP is shown in percentages\n|clearpoke\n|poke|p1|Hydreigon, F|\n|poke|p1|Great Tusk|\n|poke|p1|Gholdengo|\n|poke|p1|Meowscarada, F|\n|poke|p1|Iron Moth|\n|poke|p1|Greninja-*, M|\n|poke|p2|Salamence, M|\n|poke|p2|Samurott-Hisui, M|\n|poke|p2|Iron Moth|\n|poke|p2|Heatran, M|\n|poke|p2|Skeledirge, M|\n|poke|p2|Enamorus, F|\n|teampreview\n|\n|t:|1700630696\n|start\n|switch|p1a: Greninja|Greninja, M|100\/100\n|switch|p2a: Iron Moth|Iron Moth|100\/100\n|-enditem|p2a: Iron Moth|Booster Energy\n|-activate|p2a: Iron Moth|ability: Quark Drive|[fromitem]\n|-start|p2a: Iron Moth|quarkdrivespa\n|turn|1\n|inactive|Battle timer is ON: inactive players will automatically lose when time's up. (requested by CatWolf50)\n|\n|t:|1700630709\n|-end|p2a: Iron Moth|Quark Drive|[silent]\n|switch|p2a: Salamence|Salamence, M|100\/100\n|move|p1a: Greninja|Hydro Pump|p2a: Salamence|[miss]\n|-miss|p1a: Greninja|p2a: Salamence\n|\n|upkeep\n|turn|2\n|\n|t:|1700630717\n|-terastallize|p2a: Salamence|Steel\n|move|p1a: Greninja|Ice Beam|p2a: Salamence\n|-resisted|p2a: Salamence\n|-damage|p2a: Salamence|83\/100\n|move|p2a: Salamence|Dragon Dance|p2a: Salamence\n|-boost|p2a: Salamence|atk|1\n|-boost|p2a: Salamence|spe|1\n|\n|upkeep\n|turn|3\n|\n|t:|1700630738\n|move|p2a: Salamence|Dragon Dance|p2a: Salamence\n|-boost|p2a: Salamence|atk|1\n|-boost|p2a: Salamence|spe|1\n|move|p1a: Greninja|Hydro Pump|p2a: Salamence\n|-damage|p2a: Salamence|27\/100\n|\n|upkeep\n|turn|4\n|\n|t:|1700630747\n|move|p2a: Salamence|Dual Wingbeat|p1a: Greninja\n|-damage|p1a: Greninja|26\/100\n|-damage|p1a: Greninja|0 fnt\n|faint|p1a: Greninja\n|-ability|p2a: Salamence|Moxie|boost\n|-boost|p2a: Salamence|atk|1\n|-hitcount|p1: Greninja|2\n|\n|upkeep\n|\n|t:|1700630761\n|switch|p1a: Meowscarada|Meowscarada, F|100\/100\n|turn|5\n|\n|t:|1700630764\n|move|p2a: Salamence|Dual Wingbeat|p1a: Meowscarada\n|-supereffective|p1a: Meowscarada\n|-damage|p1a: Meowscarada|0 fnt\n|faint|p1a: Meowscarada\n|-ability|p2a: Salamence|Moxie|boost\n|-boost|p2a: Salamence|atk|1\n|-hitcount|p1: Meowscarada|1\n|\n|upkeep\n|\n|t:|1700630771\n|switch|p1a: Gholdengo|Gholdengo|100\/100\n|turn|6\n|\n|t:|1700630775\n|move|p2a: Salamence|Earthquake|p1a: Gholdengo\n|-supereffective|p1a: Gholdengo\n|-damage|p1a: Gholdengo|0 fnt\n|faint|p1a: Gholdengo\n|-ability|p2a: Salamence|Moxie|boost\n|-boost|p2a: Salamence|atk|1\n|\n|upkeep\n|\n|t:|1700630782\n|switch|p1a: Great Tusk|Great Tusk|100\/100\n|turn|7\n|\n|t:|1700630790\n|move|p2a: Salamence|Dual Wingbeat|p1a: Great Tusk\n|-supereffective|p1a: Great Tusk\n|-damage|p1a: Great Tusk|11\/100\n|-enditem|p1a: Great Tusk|Aguav Berry|[eat]\n|-heal|p1a: Great Tusk|44\/100|[from] item: Aguav Berry\n|-supereffective|p1a: Great Tusk\n|-crit|p1a: Great Tusk\n|-damage|p1a: Great Tusk|0 fnt\n|faint|p1a: Great Tusk\n|-end|p1a: Great Tusk|Protosynthesis|[silent]\n|-ability|p2a: Salamence|Moxie|boost\n|-boost|p2a: Salamence|atk|1\n|-hitcount|p1: Great Tusk|2\n|\n|upkeep\n|\n|t:|1700630806\n|switch|p1a: Iron Moth|Iron Moth|100\/100\n|turn|8\n|\n|t:|1700630811\n|move|p2a: Salamence|Earthquake|p1a: Iron Moth\n|-supereffective|p1a: Iron Moth\n|-damage|p1a: Iron Moth|0 fnt\n|faint|p1a: Iron Moth\n|-end|p1a: Iron Moth|Quark Drive|[silent]\n|\n|upkeep\n|\n|t:|1700630816\n|switch|p1a: Hydreigon|Hydreigon, F|100\/100\n|turn|9\n|c|\u2606CatWolf50|dang\n|c|\u2606CatWolf50|never got 6-0d before sad\n|\n|t:|1700630839\n|-terastallize|p1a: Hydreigon|Fire\n|move|p2a: Salamence|Dragon Claw|p1a: Hydreigon\n|-damage|p1a: Hydreigon|0 fnt\n|faint|p1a: Hydreigon\n|\n|win|Bruhitsjhian\n|raw|CatWolf50's rating: 1137 &rarr; <strong>1106<\/strong><br \/>(-31 for losing)\n|raw|Bruhitsjhian's rating: 1049 &rarr; <strong>1090<\/strong><br \/>(+41 for winning)\n","uploadtime":1700630847,"views":10,"p1id":"catwolf50","p2id":"bruhitsjhian","formatid":"gen9ou","rating":1090,"private":0,"password":""}