{"id":"gen9ou-1996184670","p1":"3st3banfr","p2":"BIued","format":"[Gen 9] OU","log":"|j|\u26063st3banfr\n|j|\u2606BIued\n|t:|1700656400\n|gametype|singles\n|player|p1|3st3banfr|169|1228\n|player|p2|BIued|cress|1313\n|teamsize|p1|6\n|teamsize|p2|6\n|gen|9\n|tier|[Gen 9] OU\n|rated|\n|rule|Sleep Clause Mod: Limit one foe put to sleep\n|rule|Species Clause: Limit one of each Pok\u00e9mon\n|rule|OHKO Clause: OHKO moves are banned\n|rule|Evasion Items Clause: Evasion items are banned\n|rule|Evasion Moves Clause: Evasion moves are banned\n|rule|Endless Battle Clause: Forcing endless battles is banned\n|rule|HP Percentage Mod: HP is shown in percentages\n|clearpoke\n|poke|p1|Manaphy|\n|poke|p1|Gholdengo|\n|poke|p1|Great Tusk|\n|poke|p1|Blissey, F|\n|poke|p1|Dragapult, M|\n|poke|p1|Zapdos|\n|poke|p2|Amoonguss, F|\n|poke|p2|Gholdengo|\n|poke|p2|Zamazenta-*|\n|poke|p2|Ting-Lu|\n|poke|p2|Zapdos|\n|poke|p2|Slowking, F|\n|teampreview\n|inactive|Battle timer is ON: inactive players will automatically lose when time's up. (requested by 3st3banfr)\n|\n|t:|1700656408\n|start\n|switch|p1a: Jean Alphonse|Manaphy|100\/100\n|switch|p2a: Ting-Lu|Ting-Lu|100\/100\n|-ability|p2a: Ting-Lu|Vessel of Ruin\n|turn|1\n|\n|t:|1700656417\n|move|p1a: Jean Alphonse|Take Heart|p1a: Jean Alphonse\n|-boost|p1a: Jean Alphonse|spa|1\n|-boost|p1a: Jean Alphonse|spd|1\n|move|p2a: Ting-Lu|Stealth Rock|p1a: Jean Alphonse\n|-sidestart|p1: 3st3banfr|move: Stealth Rock\n|\n|upkeep\n|turn|2\n|\n|t:|1700656421\n|move|p1a: Jean Alphonse|Acid Armor|p1a: Jean Alphonse\n|-boost|p1a: Jean Alphonse|def|2\n|move|p2a: Ting-Lu|Whirlwind|p1a: Jean Alphonse\n|drag|p1a: Jean Henry|Zapdos|100\/100\n|\n|upkeep\n|turn|3\n|\n|t:|1700656428\n|move|p1a: Jean Henry|Hurricane|p2a: Ting-Lu\n|-damage|p2a: Ting-Lu|80\/100\n|-start|p2a: Ting-Lu|confusion\n|-activate|p2a: Ting-Lu|confusion\n|move|p2a: Ting-Lu|Ruination|p1a: Jean Henry\n|-damage|p1a: Jean Henry|50\/100\n|\n|upkeep\n|turn|4\n|\n|t:|1700656435\n|switch|p1a: Jean Patrick|Great Tusk|100\/100\n|-activate|p2a: Ting-Lu|confusion\n|move|p2a: Ting-Lu|Whirlwind|p1a: Jean Patrick\n|-end|p1a: Jean Patrick|Protosynthesis|[silent]\n|drag|p1a: Jean Bernard|Gholdengo|100\/100\n|-damage|p1a: Jean Bernard|94\/100|[from] Stealth Rock\n|\n|upkeep\n|turn|5\n|\n|t:|1700656441\n|move|p1a: Jean Bernard|Trick|p2a: Ting-Lu\n|-activate|p1a: Jean Bernard|move: Trick|[of] p2a: Ting-Lu\n|-item|p2a: Ting-Lu|Choice Scarf|[from] move: Trick\n|-item|p1a: Jean Bernard|Heavy-Duty Boots|[from] move: Trick\n|-activate|p2a: Ting-Lu|confusion\n|-damage|p2a: Ting-Lu|74\/100|[from] confusion\n|\n|upkeep\n|turn|6\n|\n|t:|1700656450\n|move|p1a: Jean Bernard|Focus Blast|p2a: Ting-Lu\n|-supereffective|p2a: Ting-Lu\n|-damage|p2a: Ting-Lu|41\/100\n|-end|p2a: Ting-Lu|confusion\n|move|p2a: Ting-Lu|Ruination|p1a: Jean Bernard\n|-damage|p1a: Jean Bernard|47\/100\n|\n|upkeep\n|turn|7\n|\n|t:|1700656457\n|move|p1a: Jean Bernard|Focus Blast|p2a: Ting-Lu\n|-supereffective|p2a: Ting-Lu\n|-damage|p2a: Ting-Lu|8\/100\n|move|p2a: Ting-Lu|Ruination|p1a: Jean Bernard\n|-damage|p1a: Jean Bernard|24\/100\n|\n|upkeep\n|turn|8\n|\n|t:|1700656463\n|move|p1a: Jean Bernard|Make It Rain|p2a: Ting-Lu\n|-damage|p2a: Ting-Lu|0 fnt\n|-unboost|p1a: Jean Bernard|spa|1\n|faint|p2a: Ting-Lu\n|\n|upkeep\n|\n|t:|1700656469\n|switch|p2a: Zapdos|Zapdos|100\/100\n|turn|9\n|\n|t:|1700656476\n|switch|p1a: Jean Patrick|Great Tusk|100\/100\n|move|p2a: Zapdos|Volt Switch|p1a: Jean Patrick\n|-immune|p1a: Jean Patrick\n|\n|upkeep\n|turn|10\n|\n|t:|1700656481\n|move|p2a: Zapdos|Hurricane|p1a: Jean Patrick|[miss]\n|-miss|p2a: Zapdos|p1a: Jean Patrick\n|move|p1a: Jean Patrick|Rapid Spin|p2a: Zapdos\n|-damage|p2a: Zapdos|79\/100\n|-boost|p1a: Jean Patrick|spe|1\n|-sideend|p1: 3st3banfr|Stealth Rock|[from] move: Rapid Spin|[of] p1a: Jean Patrick\n|\n|upkeep\n|turn|11\n|\n|t:|1700656489\n|-end|p1a: Jean Patrick|Protosynthesis|[silent]\n|switch|p1a: Jean Hughes|Blissey, F|100\/100\n|move|p2a: Zapdos|Hurricane|p1a: Jean Hughes\n|-damage|p1a: Jean Hughes|81\/100\n|\n|upkeep\n|turn|12\n|\n|t:|1700656494\n|move|p2a: Zapdos|Volt Switch|p1a: Jean Hughes\n|-damage|p1a: Jean Hughes|67\/100\n|\n|t:|1700656498\n|switch|p2a: Amoonguss|Amoonguss, F|100\/100|[from] Volt Switch\n|move|p1a: Jean Hughes|Stealth Rock|p2a: Amoonguss\n|-sidestart|p2: BIued|move: Stealth Rock\n|\n|upkeep\n|turn|13\n|\n|t:|1700656503\n|move|p1a: Jean Hughes|Thunder Wave|p2a: Amoonguss\n|-status|p2a: Amoonguss|par\n|move|p2a: Amoonguss|Spore|p1a: Jean Hughes\n|-status|p1a: Jean Hughes|slp|[from] move: Spore\n|\n|upkeep\n|turn|14\n|\n|t:|1700656509\n|-curestatus|p1a: Jean Hughes|slp|[from] ability: Natural Cure\n|switch|p1a: Jean Claude|Dragapult, M|100\/100\n|switch|p2a: Zamazenta|Zamazenta|100\/100\n|-ability|p2a: Zamazenta|Dauntless Shield|boost\n|-boost|p2a: Zamazenta|def|1\n|\n|upkeep\n|turn|15\n|\n|t:|1700656515\n|move|p1a: Jean Claude|Will-O-Wisp|p2a: Zamazenta|[miss]\n|-miss|p1a: Jean Claude|p2a: Zamazenta\n|move|p2a: Zamazenta|Crunch|p1a: Jean Claude\n|-supereffective|p1a: Jean Claude\n|-damage|p1a: Jean Claude|13\/100\n|-unboost|p1a: Jean Claude|def|1\n|\n|-heal|p1a: Jean Claude|19\/100|[from] item: Leftovers\n|upkeep\n|turn|16\n|\n|t:|1700656521\n|switch|p2a: Amoonguss|Amoonguss, F|100\/100 par\n|move|p1a: Jean Claude|Will-O-Wisp||[still]\n|-fail|p1a: Jean Claude\n|\n|-heal|p1a: Jean Claude|25\/100|[from] item: Leftovers\n|upkeep\n|turn|17\n|\n|t:|1700656529\n|switch|p1a: Jean Hughes|Blissey, F|67\/100\n|move|p2a: Amoonguss|Foul Play|p1a: Jean Hughes\n|-damage|p1a: Jean Hughes|65\/100\n|\n|upkeep\n|turn|18\n|\n|t:|1700656536\n|move|p1a: Jean Hughes|Soft-Boiled|p1a: Jean Hughes\n|-heal|p1a: Jean Hughes|100\/100\n|move|p2a: Amoonguss|Sludge Bomb|p1a: Jean Hughes\n|-damage|p1a: Jean Hughes|90\/100\n|\n|upkeep\n|turn|19\n|\n|t:|1700656547\n|switch|p1a: Jean Bernard|Gholdengo|24\/100\n|switch|p2a: Gholdengo|Gholdengo|100\/100\n|-damage|p2a: Gholdengo|94\/100|[from] Stealth Rock\n|\n|upkeep\n|turn|20\n|\n|t:|1700656556\n|move|p2a: Gholdengo|Shadow Ball|p1a: Jean Bernard\n|-supereffective|p1a: Jean Bernard\n|-damage|p1a: Jean Bernard|0 fnt\n|faint|p1a: Jean Bernard\n|\n|upkeep\n|\n|t:|1700656564\n|switch|p1a: Jean Hughes|Blissey, F|90\/100\n|turn|21\n|\n|t:|1700656573\n|switch|p2a: Amoonguss|Amoonguss, F|100\/100 par\n|move|p1a: Jean Hughes|Seismic Toss|p2a: Amoonguss\n|-damage|p2a: Amoonguss|77\/100 par\n|\n|upkeep\n|turn|22\n|\n|t:|1700656580\n|switch|p1a: Jean Henry|Zapdos|50\/100\n|cant|p2a: Amoonguss|par\n|\n|upkeep\n|turn|23\n|\n|t:|1700656585\n|move|p1a: Jean Henry|Roost|p1a: Jean Henry\n|-heal|p1a: Jean Henry|100\/100\n|-singleturn|p1a: Jean Henry|move: Roost\n|move|p2a: Amoonguss|Spore|p1a: Jean Henry\n|-status|p1a: Jean Henry|slp|[from] move: Spore\n|\n|upkeep\n|turn|24\n|\n|t:|1700656591\n|switch|p2a: Zamazenta|Zamazenta|100\/100\n|cant|p1a: Jean Henry|slp\n|\n|upkeep\n|turn|25\n|\n|t:|1700656595\n|move|p2a: Zamazenta|Stone Edge|p1a: Jean Henry\n|-supereffective|p1a: Jean Henry\n|-damage|p1a: Jean Henry|42\/100 slp\n|cant|p1a: Jean Henry|slp\n|\n|upkeep\n|turn|26\n|\n|t:|1700656599\n|switch|p1a: Jean Patrick|Great Tusk|100\/100\n|move|p2a: Zamazenta|Stone Edge|p1a: Jean Patrick|[miss]\n|-miss|p2a: Zamazenta|p1a: Jean Patrick\n|\n|upkeep\n|turn|27\n|\n|t:|1700656609\n|switch|p2a: Amoonguss|Amoonguss, F|100\/100 par\n|move|p1a: Jean Patrick|Rapid Spin|p2a: Amoonguss\n|-damage|p2a: Amoonguss|87\/100 par\n|-boost|p1a: Jean Patrick|spe|1\n|\n|upkeep\n|turn|28\n|\n|t:|1700656614\n|move|p1a: Jean Patrick|Knock Off|p2a: Amoonguss\n|-damage|p2a: Amoonguss|60\/100 par\n|-enditem|p2a: Amoonguss|Heavy-Duty Boots|[from] move: Knock Off|[of] p1a: Jean Patrick\n|cant|p2a: Amoonguss|par\n|\n|upkeep\n|turn|29\n|\n|t:|1700656623\n|move|p1a: Jean Patrick|Headlong Rush|p2a: Amoonguss\n|-damage|p2a: Amoonguss|13\/100 par\n|-unboost|p1a: Jean Patrick|def|1\n|-unboost|p1a: Jean Patrick|spd|1\n|move|p2a: Amoonguss|Giga Drain|p1a: Jean Patrick\n|-supereffective|p1a: Jean Patrick\n|-damage|p1a: Jean Patrick|0 fnt\n|-heal|p2a: Amoonguss|56\/100 par|[from] drain|[of] p1a: Jean Patrick\n|faint|p1a: Jean Patrick\n|-end|p1a: Jean Patrick|Protosynthesis|[silent]\n|\n|upkeep\n|\n|t:|1700656630\n|switch|p1a: Jean Alphonse|Manaphy|100\/100\n|turn|30\n|\n|t:|1700656636\n|-terastallize|p1a: Jean Alphonse|Poison\n|move|p1a: Jean Alphonse|Take Heart|p1a: Jean Alphonse\n|-boost|p1a: Jean Alphonse|spa|1\n|-boost|p1a: Jean Alphonse|spd|1\n|move|p2a: Amoonguss|Giga Drain|p1a: Jean Alphonse\n|-resisted|p1a: Jean Alphonse\n|-damage|p1a: Jean Alphonse|94\/100\n|-heal|p2a: Amoonguss|59\/100 par|[from] drain|[of] p1a: Jean Alphonse\n|\n|-heal|p1a: Jean Alphonse|99\/100|[from] item: Leftovers\n|upkeep\n|turn|31\n|\n|t:|1700656642\n|switch|p2a: Slowking|Slowking, F|100\/100\n|move|p1a: Jean Alphonse|Acid Armor|p1a: Jean Alphonse\n|-boost|p1a: Jean Alphonse|def|2\n|\n|-heal|p1a: Jean Alphonse|100\/100|[from] item: Leftovers\n|upkeep\n|turn|32\n|\n|t:|1700656645\n|move|p1a: Jean Alphonse|Take Heart|p1a: Jean Alphonse\n|-boost|p1a: Jean Alphonse|spa|1\n|-boost|p1a: Jean Alphonse|spd|1\n|move|p2a: Slowking|Future Sight|p1a: Jean Alphonse\n|-start|p2a: Slowking|move: Future Sight\n|\n|upkeep\n|turn|33\n|\n|t:|1700656650\n|move|p1a: Jean Alphonse|Take Heart|p1a: Jean Alphonse\n|-boost|p1a: Jean Alphonse|spa|1\n|-boost|p1a: Jean Alphonse|spd|1\n|move|p2a: Slowking|Slack Off||[still]\n|-fail|p2a: Slowking|heal\n|\n|upkeep\n|turn|34\n|\n|t:|1700656659\n|move|p1a: Jean Alphonse|Take Heart|p1a: Jean Alphonse\n|-boost|p1a: Jean Alphonse|spa|1\n|-boost|p1a: Jean Alphonse|spd|1\n|move|p2a: Slowking|Slack Off||[still]\n|-fail|p2a: Slowking|heal\n|\n|-end|p1a: Jean Alphonse|move: Future Sight\n|-supereffective|p1a: Jean Alphonse\n|-damage|p1a: Jean Alphonse|76\/100\n|-heal|p1a: Jean Alphonse|82\/100|[from] item: Leftovers\n|upkeep\n|turn|35\n|\n|t:|1700656669\n|move|p1a: Jean Alphonse|Stored Power|p2a: Slowking\n|-resisted|p2a: Slowking\n|-damage|p2a: Slowking|54\/100\n|move|p2a: Slowking|Chilly Reception|p2a: Slowking\n|-weather|Snow\n|\n|t:|1700656674\n|switch|p2a: Zapdos|Zapdos|79\/100|[from] Chilly Reception\n|\n|-weather|Snow|[upkeep]\n|-heal|p1a: Jean Alphonse|89\/100|[from] item: Leftovers\n|upkeep\n|turn|36\n|\n|t:|1700656678\n|move|p2a: Zapdos|Volt Switch|p1a: Jean Alphonse\n|-damage|p1a: Jean Alphonse|78\/100\n|\n|t:|1700656680\n|switch|p2a: Gholdengo|Gholdengo|94\/100|[from] Volt Switch\n|-damage|p2a: Gholdengo|88\/100|[from] Stealth Rock\n|move|p1a: Jean Alphonse|Stored Power|p2a: Gholdengo\n|-resisted|p2a: Gholdengo\n|-damage|p2a: Gholdengo|0 fnt\n|faint|p2a: Gholdengo\n|\n|-weather|Snow|[upkeep]\n|-heal|p1a: Jean Alphonse|84\/100|[from] item: Leftovers\n|upkeep\n|-message|BIued forfeited.\n|\n|win|3st3banfr\n|raw|3st3banfr's rating: 1228 &rarr; <strong>1259<\/strong><br \/>(+31 for winning)\n|raw|BIued's rating: 1313 &rarr; <strong>1288<\/strong><br \/>(-25 for losing)\n|l|\u2606BIued\n|c|\u26063st3banfr|nice\n","uploadtime":1700656699,"views":1,"p1id":"3st3banfr","p2id":"biued","formatid":"gen9ou","rating":1259,"private":0,"password":""}