{"id":"gen9ou-1994337449","p1":"georgiethefirst","p2":"Venomous Crunch","format":"[Gen 9] OU","log":"|j|\u2606georgiethefirst\n|j|\u2606Venomous Crunch\n|t:|1700432582\n|gametype|singles\n|player|p1|georgiethefirst|hiker-gen2|1586\n|player|p2|Venomous Crunch|winona|1643\n|teamsize|p1|6\n|teamsize|p2|6\n|gen|9\n|tier|[Gen 9] OU\n|rated|\n|rule|Sleep Clause Mod: Limit one foe put to sleep\n|rule|Species Clause: Limit one of each Pok\u00e9mon\n|rule|OHKO Clause: OHKO moves are banned\n|rule|Evasion Items Clause: Evasion items are banned\n|rule|Evasion Moves Clause: Evasion moves are banned\n|rule|Endless Battle Clause: Forcing endless battles is banned\n|rule|HP Percentage Mod: HP is shown in percentages\n|clearpoke\n|poke|p1|Heatran, M|\n|poke|p1|Dragonite, M|\n|poke|p1|Rillaboom, M|\n|poke|p1|Great Tusk|\n|poke|p1|Garganacl, F|\n|poke|p1|Gholdengo|\n|poke|p2|Ninetales-Alola, F|\n|poke|p2|Klefki, F|\n|poke|p2|Sneasler, F|\n|poke|p2|Manaphy|\n|poke|p2|Articuno-Galar|\n|poke|p2|Maushold-Four|\n|teampreview\n|inactive|Battle timer is ON: inactive players will automatically lose when time's up. (requested by georgiethefirst)\n|inactive|Venomous Crunch also wants the timer to be on.\n|\n|t:|1700432592\n|start\n|switch|p1a: Heatran|Heatran, M|100\/100\n|switch|p2a: Ninetales|Ninetales-Alola, F|100\/100\n|-weather|Snow|[from] ability: Snow Warning|[of] p2a: Ninetales\n|turn|1\n|\n|t:|1700432598\n|move|p2a: Ninetales|Aurora Veil|p2a: Ninetales\n|-sidestart|p2: Venomous Crunch|move: Aurora Veil\n|move|p1a: Heatran|Magma Storm|p2a: Ninetales\n|-supereffective|p2a: Ninetales\n|-damage|p2a: Ninetales|46\/100\n|-activate|p2a: Ninetales|move: Magma Storm|[of] p1a: Heatran\n|\n|-weather|Snow|[upkeep]\n|-damage|p2a: Ninetales|34\/100|[from] move: Magma Storm|[partiallytrapped]\n|upkeep\n|turn|2\n|j|+Shellnuts\n|\n|t:|1700432605\n|move|p2a: Ninetales|Encore|p1a: Heatran\n|-start|p1a: Heatran|Encore\n|move|p1a: Heatran|Magma Storm|p2a: Ninetales\n|-supereffective|p2a: Ninetales\n|-damage|p2a: Ninetales|0 fnt\n|faint|p2a: Ninetales\n|\n|-weather|Snow|[upkeep]\n|upkeep\n|l|+Shellnuts\n|\n|t:|1700432613\n|switch|p2a: Manaphy|Manaphy, shiny|100\/100\n|turn|3\n|\n|t:|1700432622\n|switch|p1a: Garganacl|Garganacl, F|100\/100\n|move|p2a: Manaphy|Acid Armor|p2a: Manaphy\n|-boost|p2a: Manaphy|def|2\n|\n|-weather|Snow|[upkeep]\n|upkeep\n|turn|4\n|\n|t:|1700432628\n|-terastallize|p2a: Manaphy|Psychic\n|move|p2a: Manaphy|Take Heart|p2a: Manaphy\n|-boost|p2a: Manaphy|spa|1\n|-boost|p2a: Manaphy|spd|1\n|move|p1a: Garganacl|Salt Cure|p2a: Manaphy\n|-damage|p2a: Manaphy|98\/100\n|-start|p2a: Manaphy|Salt Cure\n|\n|-weather|Snow|[upkeep]\n|-heal|p2a: Manaphy|100\/100|[from] item: Leftovers\n|-damage|p2a: Manaphy|88\/100|[from] Salt Cure\n|upkeep\n|turn|5\n|\n|t:|1700432637\n|switch|p1a: Gholdengo|Gholdengo|100\/100\n|-item|p1a: Gholdengo|Air Balloon\n|move|p2a: Manaphy|Take Heart|p2a: Manaphy\n|-boost|p2a: Manaphy|spa|1\n|-boost|p2a: Manaphy|spd|1\n|\n|-weather|none\n|-heal|p2a: Manaphy|94\/100|[from] item: Leftovers\n|-damage|p2a: Manaphy|82\/100|[from] Salt Cure\n|upkeep\n|turn|6\n|j|+Shellnuts\n|\n|t:|1700432647\n|move|p2a: Manaphy|Scald|p1a: Gholdengo\n|-damage|p1a: Gholdengo|21\/100\n|-enditem|p1a: Gholdengo|Air Balloon\n|move|p1a: Gholdengo|Nasty Plot|p1a: Gholdengo\n|-boost|p1a: Gholdengo|spa|2\n|\n|-heal|p2a: Manaphy|88\/100|[from] item: Leftovers\n|-damage|p2a: Manaphy|76\/100|[from] Salt Cure\n|upkeep\n|turn|7\n|\n|t:|1700432655\n|move|p2a: Manaphy|Scald|p1a: Gholdengo\n|-damage|p1a: Gholdengo|0 fnt\n|faint|p1a: Gholdengo\n|\n|-heal|p2a: Manaphy|82\/100|[from] item: Leftovers\n|-damage|p2a: Manaphy|70\/100|[from] Salt Cure\n|upkeep\n|\n|t:|1700432673\n|switch|p1a: Heatran|Heatran, M|100\/100\n|turn|8\n|\n|t:|1700432675\n|move|p1a: Heatran|Protect|p1a: Heatran\n|-singleturn|p1a: Heatran|Protect\n|move|p2a: Manaphy|Scald|p1a: Heatran\n|-activate|p1a: Heatran|move: Protect\n|\n|-heal|p2a: Manaphy|76\/100|[from] item: Leftovers\n|-damage|p2a: Manaphy|63\/100|[from] Salt Cure\n|-sideend|p2: Venomous Crunch|move: Aurora Veil\n|upkeep\n|turn|9\n|\n|t:|1700432687\n|move|p2a: Manaphy|Stored Power|p1a: Heatran\n|-resisted|p1a: Heatran\n|-crit|p1a: Heatran\n|-damage|p1a: Heatran|38\/100\n|move|p1a: Heatran|Magma Storm|p2a: Manaphy\n|-damage|p2a: Manaphy|45\/100\n|-activate|p2a: Manaphy|move: Magma Storm|[of] p1a: Heatran\n|\n|-heal|p2a: Manaphy|51\/100|[from] item: Leftovers\n|-heal|p1a: Heatran|44\/100|[from] item: Leftovers\n|-damage|p2a: Manaphy|39\/100|[from] Salt Cure\n|-damage|p2a: Manaphy|26\/100|[from] move: Magma Storm|[partiallytrapped]\n|upkeep\n|turn|10\n|\n|t:|1700432697\n|move|p1a: Heatran|Protect|p1a: Heatran\n|-singleturn|p1a: Heatran|Protect\n|move|p2a: Manaphy|Take Heart|p2a: Manaphy\n|-boost|p2a: Manaphy|spa|1\n|-boost|p2a: Manaphy|spd|1\n|\n|-heal|p2a: Manaphy|32\/100|[from] item: Leftovers\n|-heal|p1a: Heatran|50\/100|[from] item: Leftovers\n|-damage|p2a: Manaphy|20\/100|[from] Salt Cure\n|-damage|p2a: Manaphy|8\/100|[from] move: Magma Storm|[partiallytrapped]\n|upkeep\n|turn|11\n|\n|t:|1700432707\n|move|p1a: Heatran|Protect||[still]\n|-fail|p1a: Heatran\n|move|p2a: Manaphy|Stored Power|p1a: Heatran\n|-resisted|p1a: Heatran\n|-damage|p1a: Heatran|0 fnt\n|faint|p1a: Heatran\n|\n|-heal|p2a: Manaphy|14\/100|[from] item: Leftovers\n|-damage|p2a: Manaphy|1\/100|[from] Salt Cure\n|-end|p2a: Manaphy|Magma Storm|[partiallytrapped]|[silent]\n|upkeep\n|l|+Shellnuts\n|\n|t:|1700432721\n|switch|p1a: Rillaboom|Rillaboom, M|100\/100\n|-fieldstart|move: Grassy Terrain|[from] ability: Grassy Surge|[of] p1a: Rillaboom\n|turn|12\n|\n|t:|1700432724\n|switch|p2a: Klefki|Klefki, F|100\/100\n|move|p1a: Rillaboom|Grassy Glide|p2a: Klefki\n|-resisted|p2a: Klefki\n|-damage|p2a: Klefki|73\/100\n|-damage|p1a: Rillaboom|91\/100|[from] item: Life Orb\n|\n|-heal|p1a: Rillaboom|97\/100|[from] Grassy Terrain\n|-heal|p2a: Klefki|79\/100|[from] Grassy Terrain\n|upkeep\n|turn|13\n|\n|t:|1700432733\n|move|p2a: Klefki|Reflect|p2a: Klefki\n|-sidestart|p2: Venomous Crunch|Reflect\n|move|p1a: Rillaboom|Swords Dance|p1a: Rillaboom\n|-boost|p1a: Rillaboom|atk|2\n|\n|-heal|p1a: Rillaboom|100\/100|[from] Grassy Terrain\n|-heal|p2a: Klefki|86\/100|[from] Grassy Terrain\n|upkeep\n|turn|14\n|\n|t:|1700432740\n|switch|p2a: Sneasler|Sneasler, F|100\/100\n|-item|p2a: Sneasler|Air Balloon\n|move|p1a: Rillaboom|Wood Hammer|p2a: Sneasler\n|-resisted|p2a: Sneasler\n|-damage|p2a: Sneasler|24\/100\n|-enditem|p2a: Sneasler|Air Balloon\n|-damage|p1a: Rillaboom|78\/100|[from] Recoil\n|-damage|p1a: Rillaboom|68\/100|[from] item: Life Orb\n|\n|-heal|p2a: Sneasler|30\/100|[from] Grassy Terrain\n|-heal|p1a: Rillaboom|74\/100|[from] Grassy Terrain\n|upkeep\n|turn|15\n|\n|t:|1700432752\n|move|p1a: Rillaboom|Grassy Glide|p2a: Sneasler\n|-resisted|p2a: Sneasler\n|-damage|p2a: Sneasler|0 fnt\n|faint|p2a: Sneasler\n|-damage|p1a: Rillaboom|64\/100|[from] item: Life Orb\n|\n|-heal|p1a: Rillaboom|71\/100|[from] Grassy Terrain\n|upkeep\n|\n|t:|1700432760\n|switch|p2a: Articuno|Articuno-Galar, shiny|100\/100\n|turn|16\n|j| PLLV51 Foufakirby\n|\n|t:|1700432764\n|move|p1a: Rillaboom|Swords Dance|p1a: Rillaboom\n|-boost|p1a: Rillaboom|atk|2\n|move|p2a: Articuno|Agility|p2a: Articuno\n|-boost|p2a: Articuno|spe|2\n|\n|-heal|p1a: Rillaboom|77\/100|[from] Grassy Terrain\n|-fieldend|move: Grassy Terrain\n|upkeep\n|turn|17\n|l| PLLV51 Foufakirby\n|\n|t:|1700432774\n|move|p2a: Articuno|Calm Mind|p2a: Articuno\n|-boost|p2a: Articuno|spa|1\n|-boost|p2a: Articuno|spd|1\n|move|p1a: Rillaboom|Knock Off|p2a: Articuno\n|-supereffective|p2a: Articuno\n|-damage|p2a: Articuno|0 fnt\n|-enditem|p2a: Articuno|Leftovers|[from] move: Knock Off|[of] p1a: Rillaboom\n|faint|p2a: Articuno\n|-damage|p1a: Rillaboom|67\/100|[from] item: Life Orb\n|\n|upkeep\n|\n|t:|1700432782\n|switch|p2a: Maushold|Maushold-Four|100\/100\n|turn|18\n|\n|t:|1700432787\n|move|p2a: Maushold|Population Bomb|p1a: Rillaboom\n|-damage|p1a: Rillaboom|54\/100\n|-damage|p1a: Rillaboom|40\/100\n|-damage|p1a: Rillaboom|28\/100\n|-damage|p1a: Rillaboom|15\/100\n|-damage|p1a: Rillaboom|1\/100\n|-damage|p1a: Rillaboom|0 fnt\n|faint|p1a: Rillaboom\n|-hitcount|p1: Rillaboom|6\n|\n|upkeep\n|\n|t:|1700432789\n|switch|p1a: Garganacl|Garganacl, F|100\/100\n|turn|19\n|\n|t:|1700432798\n|switch|p2a: Manaphy|Manaphy, shiny, tera:Psychic|1\/100\n|move|p1a: Garganacl|Salt Cure|p2a: Manaphy\n|-damage|p2a: Manaphy|0 fnt\n|faint|p2a: Manaphy\n|\n|upkeep\n|\n|t:|1700432809\n|switch|p2a: Maushold|Maushold-Four|100\/100\n|turn|20\n|\n|t:|1700432812\n|move|p2a: Maushold|Tidy Up|p2a: Maushold\n|-boost|p2a: Maushold|atk|1\n|-boost|p2a: Maushold|spe|1\n|move|p1a: Garganacl|Salt Cure|p2a: Maushold\n|-damage|p2a: Maushold|91\/100\n|-start|p2a: Maushold|Salt Cure\n|\n|-damage|p2a: Maushold|78\/100|[from] Salt Cure\n|-sideend|p2: Venomous Crunch|Reflect\n|upkeep\n|turn|21\n|\n|t:|1700432819\n|move|p2a: Maushold|Tidy Up|p2a: Maushold\n|-boost|p2a: Maushold|atk|1\n|-boost|p2a: Maushold|spe|1\n|move|p1a: Garganacl|Curse|p1a: Garganacl\n|-unboost|p1a: Garganacl|spe|1\n|-boost|p1a: Garganacl|atk|1\n|-boost|p1a: Garganacl|def|1\n|\n|-damage|p2a: Maushold|66\/100|[from] Salt Cure\n|upkeep\n|turn|22\n|\n|t:|1700432828\n|move|p2a: Maushold|Population Bomb|p1a: Garganacl\n|-resisted|p1a: Garganacl\n|-damage|p1a: Garganacl|95\/100\n|-resisted|p1a: Garganacl\n|-damage|p1a: Garganacl|90\/100\n|-resisted|p1a: Garganacl\n|-crit|p1a: Garganacl\n|-damage|p1a: Garganacl|79\/100\n|-resisted|p1a: Garganacl\n|-damage|p1a: Garganacl|73\/100\n|-resisted|p1a: Garganacl\n|-damage|p1a: Garganacl|68\/100\n|-resisted|p1a: Garganacl\n|-damage|p1a: Garganacl|63\/100\n|-resisted|p1a: Garganacl\n|-damage|p1a: Garganacl|57\/100\n|-resisted|p1a: Garganacl\n|-damage|p1a: Garganacl|52\/100\n|-resisted|p1a: Garganacl\n|-damage|p1a: Garganacl|47\/100\n|-resisted|p1a: Garganacl\n|-damage|p1a: Garganacl|41\/100\n|-hitcount|p1a: Garganacl|10\n|move|p1a: Garganacl|Curse|p1a: Garganacl\n|-unboost|p1a: Garganacl|spe|1\n|-boost|p1a: Garganacl|atk|1\n|-boost|p1a: Garganacl|def|1\n|\n|-heal|p1a: Garganacl|48\/100|[from] item: Leftovers\n|-damage|p2a: Maushold|53\/100|[from] Salt Cure\n|upkeep\n|turn|23\n|\n|t:|1700432850\n|move|p2a: Maushold|Encore|p1a: Garganacl\n|-start|p1a: Garganacl|Encore\n|move|p1a: Garganacl|Curse|p1a: Garganacl\n|-unboost|p1a: Garganacl|spe|1\n|-boost|p1a: Garganacl|atk|1\n|-boost|p1a: Garganacl|def|1\n|\n|-heal|p1a: Garganacl|54\/100|[from] item: Leftovers\n|-damage|p2a: Maushold|41\/100|[from] Salt Cure\n|upkeep\n|turn|24\n|\n|t:|1700432859\n|move|p2a: Maushold|Population Bomb|p1a: Garganacl\n|-resisted|p1a: Garganacl\n|-damage|p1a: Garganacl|50\/100\n|-resisted|p1a: Garganacl\n|-damage|p1a: Garganacl|47\/100\n|-resisted|p1a: Garganacl\n|-damage|p1a: Garganacl|44\/100\n|-resisted|p1a: Garganacl\n|-damage|p1a: Garganacl|41\/100\n|-resisted|p1a: Garganacl\n|-damage|p1a: Garganacl|37\/100\n|-resisted|p1a: Garganacl\n|-damage|p1a: Garganacl|34\/100\n|-resisted|p1a: Garganacl\n|-crit|p1a: Garganacl\n|-damage|p1a: Garganacl|22\/100\n|-resisted|p1a: Garganacl\n|-damage|p1a: Garganacl|19\/100\n|-resisted|p1a: Garganacl\n|-damage|p1a: Garganacl|16\/100\n|-resisted|p1a: Garganacl\n|-damage|p1a: Garganacl|13\/100\n|-hitcount|p1a: Garganacl|10\n|move|p1a: Garganacl|Curse|p1a: Garganacl\n|-unboost|p1a: Garganacl|spe|1\n|-boost|p1a: Garganacl|atk|1\n|-boost|p1a: Garganacl|def|1\n|\n|-heal|p1a: Garganacl|19\/100|[from] item: Leftovers\n|-damage|p2a: Maushold|29\/100|[from] Salt Cure\n|upkeep\n|turn|25\n|\n|t:|1700432881\n|move|p2a: Maushold|Population Bomb|p1a: Garganacl\n|-resisted|p1a: Garganacl\n|-damage|p1a: Garganacl|16\/100\n|-resisted|p1a: Garganacl\n|-damage|p1a: Garganacl|13\/100\n|-resisted|p1a: Garganacl\n|-damage|p1a: Garganacl|11\/100\n|-resisted|p1a: Garganacl\n|-damage|p1a: Garganacl|8\/100\n|-resisted|p1a: Garganacl\n|-damage|p1a: Garganacl|5\/100\n|-resisted|p1a: Garganacl\n|-damage|p1a: Garganacl|3\/100\n|-resisted|p1a: Garganacl\n|-damage|p1a: Garganacl|0 fnt\n|faint|p1a: Garganacl\n|-hitcount|p1: Garganacl|7\n|\n|-damage|p2a: Maushold|16\/100|[from] Salt Cure\n|upkeep\n|\n|t:|1700432884\n|switch|p1a: Literally me|Dragonite, M|100\/100\n|turn|26\n|\n|t:|1700432897\n|move|p1a: Literally me|Extreme Speed|p2a: Maushold\n|-damage|p2a: Maushold|0 fnt\n|faint|p2a: Maushold\n|\n|upkeep\n|-message|Venomous Crunch forfeited.\n|\n|win|georgiethefirst\n|raw|georgiethefirst's rating: 1586 &rarr; <strong>1609<\/strong><br \/>(+23 for winning)\n|raw|Venomous Crunch's rating: 1643 &rarr; <strong>1620<\/strong><br \/>(-23 for losing)\n|l|\u2606Venomous Crunch\n","uploadtime":1700432903,"views":10,"p1id":"georgiethefirst","p2id":"venomouscrunch","formatid":"gen9ou","rating":1609,"private":0,"password":""}