{"id":"gen9ou-1989915609","p1":"I miss ppmd","p2":"Bi11 Russell","format":"[Gen 9] OU","log":"|j|\u2606I miss ppmd\n|j|\u2606Bi11 Russell\n|t:|1699906420\n|gametype|singles\n|player|p1|I miss ppmd|pokefan|1174\n|player|p2|Bi11 Russell|hoopster|1146\n|teamsize|p1|6\n|teamsize|p2|6\n|gen|9\n|tier|[Gen 9] OU\n|rated|\n|rule|Sleep Clause Mod: Limit one foe put to sleep\n|rule|Species Clause: Limit one of each Pok\u00e9mon\n|rule|OHKO Clause: OHKO moves are banned\n|rule|Evasion Items Clause: Evasion items are banned\n|rule|Evasion Moves Clause: Evasion moves are banned\n|rule|Endless Battle Clause: Forcing endless battles is banned\n|rule|HP Percentage Mod: HP is shown in percentages\n|clearpoke\n|poke|p1|Forretress, M|\n|poke|p1|Tyranitar, M|\n|poke|p1|Furret, M|\n|poke|p1|Rillaboom, F|\n|poke|p1|Cinderace, M|\n|poke|p1|Azumarill, F|\n|poke|p2|Gholdengo|\n|poke|p2|Kingambit, F|\n|poke|p2|Sneasler, F|\n|poke|p2|Rillaboom, F|\n|poke|p2|Ribombee, M|\n|poke|p2|Great Tusk|\n|teampreview\n|inactive|Battle timer is ON: inactive players will automatically lose when time's up. (requested by I miss ppmd)\n|\n|t:|1699906429\n|start\n|switch|p1a: Forretress|Forretress, M|100\/100\n|switch|p2a: Ribombee|Ribombee, M|100\/100\n|turn|1\n|\n|t:|1699906438\n|switch|p2a: Great Tusk|Great Tusk|100\/100\n|move|p1a: Forretress|Volt Switch|p2a: Great Tusk\n|-immune|p2a: Great Tusk\n|\n|upkeep\n|turn|2\n|\n|t:|1699906445\n|switch|p1a: Rillaboom|Rillaboom, F|100\/100\n|-fieldstart|move: Grassy Terrain|[from] ability: Grassy Surge|[of] p1a: Rillaboom\n|move|p2a: Great Tusk|Earthquake|p1a: Rillaboom\n|-resisted|p1a: Rillaboom\n|-damage|p1a: Rillaboom|86\/100\n|\n|-heal|p1a: Rillaboom|92\/100|[from] Grassy Terrain\n|upkeep\n|turn|3\n|\n|t:|1699906452\n|move|p2a: Great Tusk|Knock Off|p1a: Rillaboom\n|-damage|p1a: Rillaboom|56\/100\n|-enditem|p1a: Rillaboom|Life Orb|[from] move: Knock Off|[of] p2a: Great Tusk\n|move|p1a: Rillaboom|Drum Beating|p2a: Great Tusk\n|-supereffective|p2a: Great Tusk\n|-damage|p2a: Great Tusk|21\/100\n|-unboost|p2a: Great Tusk|spe|1\n|\n|-heal|p1a: Rillaboom|62\/100|[from] Grassy Terrain\n|-heal|p2a: Great Tusk|27\/100|[from] Grassy Terrain\n|upkeep\n|turn|4\n|\n|t:|1699906461\n|-end|p2a: Great Tusk|Protosynthesis|[silent]\n|switch|p2a: Sneasler|Sneasler, F|100\/100\n|-enditem|p2a: Sneasler|Grassy Seed\n|-boost|p2a: Sneasler|def|1|[from] item: Grassy Seed\n|move|p1a: Rillaboom|Drum Beating|p2a: Sneasler\n|-resisted|p2a: Sneasler\n|-damage|p2a: Sneasler|73\/100\n|-unboost|p2a: Sneasler|spe|1\n|\n|-heal|p2a: Sneasler|79\/100|[from] Grassy Terrain\n|-heal|p1a: Rillaboom|68\/100|[from] Grassy Terrain\n|upkeep\n|turn|5\n|\n|t:|1699906474\n|switch|p1a: Forretress|Forretress, M|100\/100\n|move|p2a: Sneasler|Acrobatics|p1a: Forretress\n|-damage|p1a: Forretress|71\/100\n|\n|-heal|p2a: Sneasler|85\/100|[from] Grassy Terrain\n|-heal|p1a: Forretress|77\/100|[from] Grassy Terrain\n|upkeep\n|turn|6\n|\n|t:|1699906484\n|move|p2a: Sneasler|Swords Dance|p2a: Sneasler\n|-boost|p2a: Sneasler|atk|2\n|move|p1a: Forretress|Flash Cannon|p2a: Sneasler\n|-damage|p2a: Sneasler|31\/100\n|\n|-heal|p2a: Sneasler|37\/100|[from] Grassy Terrain\n|-heal|p1a: Forretress|83\/100|[from] Grassy Terrain\n|-fieldend|move: Grassy Terrain\n|upkeep\n|turn|7\n|\n|t:|1699906492\n|-terastallize|p2a: Sneasler|Flying\n|move|p2a: Sneasler|Close Combat|p1a: Forretress\n|-damage|p1a: Forretress|0 fnt\n|-unboost|p2a: Sneasler|def|1\n|-unboost|p2a: Sneasler|spd|1\n|faint|p1a: Forretress\n|\n|upkeep\n|\n|t:|1699906499\n|switch|p1a: Azumarill|Azumarill, F|100\/100\n|turn|8\n|\n|t:|1699906502\n|move|p1a: Azumarill|Aqua Jet|p2a: Sneasler\n|-crit|p2a: Sneasler\n|-damage|p2a: Sneasler|0 fnt\n|faint|p2a: Sneasler\n|\n|upkeep\n|\n|t:|1699906504\n|switch|p2a: Great Tusk|Great Tusk|27\/100\n|turn|9\n|\n|t:|1699906507\n|move|p1a: Azumarill|Aqua Jet|p2a: Great Tusk\n|-supereffective|p2a: Great Tusk\n|-damage|p2a: Great Tusk|0 fnt\n|-damage|p1a: Azumarill|84\/100|[from] item: Rocky Helmet|[of] p2a: Great Tusk\n|faint|p2a: Great Tusk\n|-end|p2a: Great Tusk|Protosynthesis|[silent]\n|\n|upkeep\n|\n|t:|1699906510\n|switch|p2a: Rillaboom|Rillaboom, F|100\/100\n|-fieldstart|move: Grassy Terrain|[from] ability: Grassy Surge|[of] p2a: Rillaboom\n|turn|10\n|\n|t:|1699906515\n|switch|p1a: Cinderace|Cinderace, M|100\/100\n|move|p2a: Rillaboom|Drum Beating|p1a: Cinderace\n|-resisted|p1a: Cinderace\n|-damage|p1a: Cinderace|57\/100\n|-unboost|p1a: Cinderace|spe|1\n|\n|-heal|p1a: Cinderace|63\/100|[from] Grassy Terrain\n|upkeep\n|turn|11\n|\n|t:|1699906532\n|move|p1a: Cinderace|U-turn|p2a: Rillaboom\n|-start|p1a: Cinderace|typechange|Bug|[from] ability: Libero\n|-supereffective|p2a: Rillaboom\n|-damage|p2a: Rillaboom|33\/100\n|\n|t:|1699906536\n|switch|p1a: Rillaboom|Rillaboom, F|68\/100|[from] U-turn\n|move|p2a: Rillaboom|Drain Punch|p1a: Rillaboom\n|-damage|p1a: Rillaboom|37\/100\n|-heal|p2a: Rillaboom|47\/100|[from] drain|[of] p1a: Rillaboom\n|\n|-heal|p1a: Rillaboom|43\/100|[from] Grassy Terrain\n|-heal|p2a: Rillaboom|53\/100|[from] Grassy Terrain\n|upkeep\n|turn|12\n|\n|t:|1699906543\n|move|p1a: Rillaboom|Knock Off|p2a: Rillaboom\n|-damage|p2a: Rillaboom|22\/100\n|-enditem|p2a: Rillaboom|Terrain Extender|[from] move: Knock Off|[of] p1a: Rillaboom\n|move|p2a: Rillaboom|Drum Beating|p1a: Rillaboom\n|-resisted|p1a: Rillaboom\n|-damage|p1a: Rillaboom|10\/100\n|-unboost|p1a: Rillaboom|spe|1\n|\n|-heal|p2a: Rillaboom|28\/100|[from] Grassy Terrain\n|-heal|p1a: Rillaboom|16\/100|[from] Grassy Terrain\n|upkeep\n|turn|13\n|\n|t:|1699906549\n|switch|p1a: Cinderace|Cinderace, M|63\/100\n|move|p2a: Rillaboom|U-turn|p1a: Cinderace\n|-resisted|p1a: Cinderace\n|-damage|p1a: Cinderace|44\/100\n|\n|t:|1699906557\n|switch|p2a: Kingambit|Kingambit, F|100\/100|[from] U-turn\n|-activate|p2a: Kingambit|ability: Supreme Overlord\n|-start|p2a: Kingambit|fallen2|[silent]\n|\n|-heal|p1a: Cinderace|50\/100|[from] Grassy Terrain\n|upkeep\n|turn|14\n|\n|t:|1699906563\n|move|p2a: Kingambit|Sucker Punch||[still]\n|-fail|p2a: Kingambit\n|move|p1a: Cinderace|Will-O-Wisp|p2a: Kingambit\n|-status|p2a: Kingambit|brn\n|-enditem|p2a: Kingambit|Lum Berry|[eat]\n|-curestatus|p2a: Kingambit|brn|[msg]\n|\n|-heal|p1a: Cinderace|55\/100|[from] Grassy Terrain\n|upkeep\n|turn|15\n|\n|t:|1699906572\n|-end|p2a: Kingambit|fallen2|[silent]\n|switch|p2a: Ribombee|Ribombee, M|100\/100\n|move|p1a: Cinderace|Will-O-Wisp|p2a: Ribombee|[miss]\n|-miss|p1a: Cinderace|p2a: Ribombee\n|\n|-heal|p1a: Cinderace|61\/100|[from] Grassy Terrain\n|upkeep\n|turn|16\n|\n|t:|1699906577\n|move|p2a: Ribombee|Stun Spore|p1a: Cinderace\n|-status|p1a: Cinderace|par\n|cant|p1a: Cinderace|par\n|\n|-heal|p1a: Cinderace|67\/100 par|[from] Grassy Terrain\n|upkeep\n|turn|17\n|\n|t:|1699906593\n|move|p2a: Ribombee|Sticky Web|p1a: Cinderace\n|-sidestart|p1: I miss ppmd|move: Sticky Web\n|move|p1a: Cinderace|Pyro Ball|p2a: Ribombee\n|-supereffective|p2a: Ribombee\n|-enditem|p2a: Ribombee|Focus Sash\n|-damage|p2a: Ribombee|1\/100\n|\n|-heal|p2a: Ribombee|7\/100|[from] Grassy Terrain\n|-heal|p1a: Cinderace|73\/100 par|[from] Grassy Terrain\n|-fieldend|move: Grassy Terrain\n|upkeep\n|turn|18\n|\n|t:|1699906601\n|move|p2a: Ribombee|Moonblast|p1a: Cinderace\n|-resisted|p1a: Cinderace\n|-damage|p1a: Cinderace|47\/100 par\n|cant|p1a: Cinderace|par\n|\n|upkeep\n|turn|19\n|\n|t:|1699906607\n|move|p2a: Ribombee|Moonblast|p1a: Cinderace\n|-resisted|p1a: Cinderace\n|-damage|p1a: Cinderace|17\/100 par\n|move|p1a: Cinderace|Court Change|p1a: Cinderace\n|-start|p1a: Cinderace|typechange|Normal|[from] ability: Libero\n|-swapsideconditions\n|-activate|p1a: Cinderace|move: Court Change\n|\n|upkeep\n|turn|20\n|\n|t:|1699906628\n|move|p2a: Ribombee|Sticky Web|p1a: Cinderace\n|-sidestart|p1: I miss ppmd|move: Sticky Web\n|move|p1a: Cinderace|U-turn|p2a: Ribombee\n|-resisted|p2a: Ribombee\n|-damage|p2a: Ribombee|0 fnt\n|faint|p2a: Ribombee\n|\n|t:|1699906635\n|switch|p1a: Furret|Furret, M|100\/100|[from] U-turn\n|\n|upkeep\n|\n|t:|1699906641\n|switch|p2a: Rillaboom|Rillaboom, F|28\/100\n|-activate|p2a: Rillaboom|move: Sticky Web\n|-unboost|p2a: Rillaboom|spe|1\n|-fieldstart|move: Grassy Terrain|[from] ability: Grassy Surge|[of] p2a: Rillaboom\n|turn|21\n|\n|t:|1699906647\n|move|p2a: Rillaboom|Grassy Glide|p1a: Furret\n|-damage|p1a: Furret|36\/100\n|move|p1a: Furret|Body Slam|p2a: Rillaboom\n|-damage|p2a: Rillaboom|0 fnt\n|faint|p2a: Rillaboom\n|\n|-heal|p1a: Furret|42\/100|[from] Grassy Terrain\n|upkeep\n|\n|t:|1699906654\n|switch|p2a: Gholdengo|Gholdengo|100\/100\n|turn|22\n|\n|t:|1699906659\n|move|p2a: Gholdengo|Nasty Plot|p2a: Gholdengo\n|-boost|p2a: Gholdengo|spa|2\n|move|p1a: Furret|Knock Off|p2a: Gholdengo\n|-supereffective|p2a: Gholdengo\n|-damage|p2a: Gholdengo|43\/100\n|-enditem|p2a: Gholdengo|Heavy-Duty Boots|[from] move: Knock Off|[of] p1a: Furret\n|\n|-heal|p2a: Gholdengo|49\/100|[from] Grassy Terrain\n|-heal|p1a: Furret|48\/100|[from] Grassy Terrain\n|upkeep\n|turn|23\n|\n|t:|1699906667\n|move|p2a: Gholdengo|Thunderbolt|p1a: Furret\n|-damage|p1a: Furret|0 fnt\n|faint|p1a: Furret\n|\n|-heal|p2a: Gholdengo|55\/100|[from] Grassy Terrain\n|upkeep\n|\n|t:|1699906670\n|switch|p1a: Tyranitar|Tyranitar, M|100\/100\n|-activate|p1a: Tyranitar|move: Sticky Web\n|-unboost|p1a: Tyranitar|spe|1\n|-weather|Sandstorm|[from] ability: Sand Stream|[of] p1a: Tyranitar\n|turn|24\n|\n|t:|1699906676\n|move|p2a: Gholdengo|Make It Rain|p1a: Tyranitar\n|-supereffective|p1a: Tyranitar\n|-damage|p1a: Tyranitar|4\/100\n|-unboost|p2a: Gholdengo|spa|1\n|move|p1a: Tyranitar|Knock Off|p2a: Gholdengo\n|-supereffective|p2a: Gholdengo\n|-damage|p2a: Gholdengo|0 fnt\n|faint|p2a: Gholdengo\n|\n|-weather|Sandstorm|[upkeep]\n|-heal|p1a: Tyranitar|10\/100|[from] Grassy Terrain\n|upkeep\n|\n|t:|1699906680\n|switch|p2a: Kingambit|Kingambit, F|100\/100\n|-activate|p2a: Kingambit|move: Sticky Web\n|-unboost|p2a: Kingambit|spe|1\n|-activate|p2a: Kingambit|ability: Supreme Overlord\n|-start|p2a: Kingambit|fallen5|[silent]\n|turn|25\n|\n|t:|1699906688\n|move|p2a: Kingambit|Sucker Punch|p1a: Tyranitar\n|-resisted|p1a: Tyranitar\n|-damage|p1a: Tyranitar|0 fnt\n|faint|p1a: Tyranitar\n|\n|-weather|Sandstorm|[upkeep]\n|-fieldend|move: Grassy Terrain\n|upkeep\n|\n|t:|1699906697\n|switch|p1a: Cinderace|Cinderace, M|17\/100 par\n|turn|26\n|\n|t:|1699906704\n|cant|p1a: Cinderace|par\n|move|p2a: Kingambit|Kowtow Cleave|p1a: Cinderace\n|-damage|p1a: Cinderace|0 fnt\n|faint|p1a: Cinderace\n|\n|-weather|Sandstorm|[upkeep]\n|upkeep\n|\n|t:|1699906707\n|switch|p1a: Rillaboom|Rillaboom, F|16\/100\n|-activate|p1a: Rillaboom|move: Sticky Web\n|-unboost|p1a: Rillaboom|spe|1\n|-fieldstart|move: Grassy Terrain|[from] ability: Grassy Surge|[of] p1a: Rillaboom\n|turn|27\n|\n|t:|1699906713\n|move|p1a: Rillaboom|Swords Dance|p1a: Rillaboom\n|-boost|p1a: Rillaboom|atk|2\n|move|p2a: Kingambit|Kowtow Cleave|p1a: Rillaboom\n|-damage|p1a: Rillaboom|0 fnt\n|faint|p1a: Rillaboom\n|\n|-weather|Sandstorm|[upkeep]\n|upkeep\n|\n|t:|1699906738\n|switch|p1a: Azumarill|Azumarill, F|84\/100\n|-activate|p1a: Azumarill|move: Sticky Web\n|-unboost|p1a: Azumarill|spe|1\n|turn|28\n|l|\u2606I miss ppmd\n|inactive|I miss ppmd disconnected and has a minute to reconnect!\n|player|p1|\n|c|\u2606Bi11 Russell|ppmd Kreygasm\n|inactive|I miss ppmd has 30 seconds to reconnect!\n|inactive|I miss ppmd has 20 seconds to reconnect!\n|inactive|I miss ppmd has 15 seconds to reconnect!\n|inactive|I miss ppmd has 10 seconds to reconnect!\n|inactive|I miss ppmd has 5 seconds to reconnect!\n|-message|I miss ppmd lost due to inactivity.\n|\n|win|Bi11 Russell\n|raw|I miss ppmd's rating: 1174 &rarr; <strong>1147<\/strong><br \/>(-27 for losing)\n|raw|Bi11 Russell's rating: 1146 &rarr; <strong>1173<\/strong><br \/>(+27 for winning)\n","uploadtime":1699906805,"views":18,"p1id":"imissppmd","p2id":"bi11russell","formatid":"gen9ou","rating":1147,"private":0,"password":""}