{"id":"gen9ou-1993114145","p1":"Auburn Hills","p2":"Kidzukaworld","format":"[Gen 9] OU","log":"|j|\u2606Auburn Hills\n|j|\u2606Kidzukaworld\n|t:|1700266411\n|gametype|singles\n|player|p1|Auburn Hills|alder|1488\n|player|p2|Kidzukaworld|170|1426\n|teamsize|p1|6\n|teamsize|p2|6\n|gen|9\n|tier|[Gen 9] OU\n|rated|\n|rule|Sleep Clause Mod: Limit one foe put to sleep\n|rule|Species Clause: Limit one of each Pok\u00e9mon\n|rule|OHKO Clause: OHKO moves are banned\n|rule|Evasion Items Clause: Evasion items are banned\n|rule|Evasion Moves Clause: Evasion moves are banned\n|rule|Endless Battle Clause: Forcing endless battles is banned\n|rule|HP Percentage Mod: HP is shown in percentages\n|clearpoke\n|poke|p1|Iron Moth|\n|poke|p1|Umbreon, M|\n|poke|p1|Garchomp, F|\n|poke|p1|Glimmora, M|\n|poke|p1|Gholdengo|\n|poke|p1|Dragonite, F|\n|poke|p2|Maushold-Four|\n|poke|p2|Armarouge, M|\n|poke|p2|Great Tusk|\n|poke|p2|Dragapult, F|\n|poke|p2|Gengar, F|\n|poke|p2|Scizor, M|\n|teampreview\n|\n|t:|1700266436\n|start\n|switch|p1a: Rat Tally|Garchomp, F|100\/100\n|switch|p2a: Great Tusk|Great Tusk|100\/100\n|-enditem|p2a: Great Tusk|Booster Energy\n|-activate|p2a: Great Tusk|ability: Protosynthesis|[fromitem]\n|-start|p2a: Great Tusk|protosynthesisatk\n|turn|1\n|\n|t:|1700266446\n|move|p1a: Rat Tally|Earthquake|p2a: Great Tusk\n|-damage|p2a: Great Tusk|62\/100\n|move|p2a: Great Tusk|Rapid Spin|p1a: Rat Tally\n|-damage|p1a: Rat Tally|76\/100\n|-boost|p2a: Great Tusk|spe|1\n|-damage|p2a: Great Tusk|50\/100|[from] ability: Rough Skin|[of] p1a: Rat Tally\n|\n|-heal|p1a: Rat Tally|82\/100|[from] item: Leftovers\n|upkeep\n|turn|2\n|\n|t:|1700266453\n|switch|p1a: Smino|Gholdengo|100\/100\n|move|p2a: Great Tusk|Ice Spinner|p1a: Smino\n|-resisted|p1a: Smino\n|-damage|p1a: Smino|81\/100\n|\n|upkeep\n|turn|3\n|\n|t:|1700266464\n|-terastallize|p1a: Smino|Flying\n|move|p2a: Great Tusk|Earthquake|p1a: Smino\n|-immune|p1a: Smino\n|move|p1a: Smino|Shadow Ball|p2a: Great Tusk\n|-damage|p2a: Great Tusk|0 fnt\n|faint|p2a: Great Tusk\n|-end|p2a: Great Tusk|Protosynthesis|[silent]\n|\n|upkeep\n|\n|t:|1700266471\n|switch|p2a: Maushold|Maushold-Four|100\/100\n|turn|4\n|\n|t:|1700266475\n|switch|p1a: Rat Tally|Garchomp, F|82\/100\n|move|p2a: Maushold|Tidy Up|p2a: Maushold\n|-boost|p2a: Maushold|atk|1\n|-boost|p2a: Maushold|spe|1\n|\n|-heal|p1a: Rat Tally|88\/100|[from] item: Leftovers\n|upkeep\n|turn|5\n|\n|t:|1700266479\n|move|p2a: Maushold|Bite|p1a: Rat Tally\n|-damage|p1a: Rat Tally|54\/100\n|-damage|p2a: Maushold|88\/100|[from] ability: Rough Skin|[of] p1a: Rat Tally\n|move|p1a: Rat Tally|Scale Shot|p2a: Maushold\n|-damage|p2a: Maushold|69\/100\n|-damage|p2a: Maushold|49\/100\n|-hitcount|p2a: Maushold|2\n|-unboost|p1a: Rat Tally|def|1\n|-boost|p1a: Rat Tally|spe|1\n|\n|-heal|p1a: Rat Tally|60\/100|[from] item: Leftovers\n|upkeep\n|turn|6\n|\n|t:|1700266488\n|move|p2a: Maushold|Bite|p1a: Rat Tally\n|-damage|p1a: Rat Tally|9\/100\n|-damage|p2a: Maushold|36\/100|[from] ability: Rough Skin|[of] p1a: Rat Tally\n|move|p1a: Rat Tally|Scale Shot|p2a: Maushold\n|-damage|p2a: Maushold|14\/100\n|-damage|p2a: Maushold|0 fnt\n|faint|p2a: Maushold\n|-hitcount|p2: Maushold|2\n|-unboost|p1a: Rat Tally|def|1\n|-boost|p1a: Rat Tally|spe|1\n|\n|-heal|p1a: Rat Tally|15\/100|[from] item: Leftovers\n|upkeep\n|\n|t:|1700266491\n|switch|p2a: Scizor|Scizor, M|100\/100\n|turn|7\n|\n|t:|1700266496\n|switch|p1a: Carly Rae|Iron Moth|100\/100\n|-enditem|p1a: Carly Rae|Booster Energy\n|-activate|p1a: Carly Rae|ability: Quark Drive|[fromitem]\n|-start|p1a: Carly Rae|quarkdrivespe\n|move|p2a: Scizor|Bullet Punch|p1a: Carly Rae\n|-resisted|p1a: Carly Rae\n|-damage|p1a: Carly Rae|75\/100\n|\n|upkeep\n|turn|8\n|\n|t:|1700266503\n|switch|p2a: Armarouge|Armarouge, M|100\/100\n|move|p1a: Carly Rae|Discharge|p2a: Armarouge\n|-damage|p2a: Armarouge|64\/100\n|\n|upkeep\n|turn|9\n|\n|t:|1700266510\n|-end|p1a: Carly Rae|Quark Drive|[silent]\n|switch|p1a: Alvvays|Umbreon, M|100\/100\n|move|p2a: Armarouge|Calm Mind|p2a: Armarouge\n|-boost|p2a: Armarouge|spa|1\n|-boost|p2a: Armarouge|spd|1\n|\n|upkeep\n|turn|10\n|\n|t:|1700266513\n|move|p2a: Armarouge|Aura Sphere|p1a: Alvvays\n|-supereffective|p1a: Alvvays\n|-damage|p1a: Alvvays|55\/100\n|move|p1a: Alvvays|Thunder Wave|p2a: Armarouge\n|-status|p2a: Armarouge|par\n|\n|-heal|p1a: Alvvays|61\/100|[from] item: Leftovers\n|upkeep\n|turn|11\n|\n|t:|1700266518\n|move|p1a: Alvvays|Foul Play|p2a: Armarouge\n|-supereffective|p2a: Armarouge\n|-damage|p2a: Armarouge|32\/100 par\n|-ability|p2a: Armarouge|Weak Armor|boost\n|-unboost|p2a: Armarouge|def|1\n|-boost|p2a: Armarouge|spe|2\n|-enditem|p2a: Armarouge|Weakness Policy\n|-boost|p2a: Armarouge|atk|2|[from] item: Weakness Policy\n|-boost|p2a: Armarouge|spa|2|[from] item: Weakness Policy\n|move|p2a: Armarouge|Aura Sphere|p1a: Alvvays\n|-supereffective|p1a: Alvvays\n|-damage|p1a: Alvvays|0 fnt\n|faint|p1a: Alvvays\n|\n|upkeep\n|\n|t:|1700266527\n|switch|p1a: Rat Tally|Garchomp, F|15\/100\n|turn|12\n|\n|t:|1700266531\n|switch|p2a: Scizor|Scizor, M|100\/100\n|move|p1a: Rat Tally|Earthquake|p2a: Scizor\n|-damage|p2a: Scizor|44\/100\n|\n|-heal|p1a: Rat Tally|21\/100|[from] item: Leftovers\n|upkeep\n|turn|13\n|\n|t:|1700266537\n|move|p2a: Scizor|Bullet Punch|p1a: Rat Tally\n|-damage|p1a: Rat Tally|0 fnt\n|-damage|p2a: Scizor|32\/100|[from] ability: Rough Skin|[of] p1a: Rat Tally\n|faint|p1a: Rat Tally\n|\n|upkeep\n|\n|t:|1700266541\n|switch|p1a: Carly Rae|Iron Moth|75\/100\n|turn|14\n|\n|t:|1700266548\n|move|p2a: Scizor|Bullet Punch|p1a: Carly Rae\n|-resisted|p1a: Carly Rae\n|-damage|p1a: Carly Rae|51\/100\n|move|p1a: Carly Rae|Fiery Dance|p2a: Scizor\n|-supereffective|p2a: Scizor\n|-damage|p2a: Scizor|0 fnt\n|-boost|p1a: Carly Rae|spa|1\n|faint|p2a: Scizor\n|\n|upkeep\n|\n|t:|1700266550\n|switch|p2a: Dragapult|Dragapult, F|100\/100\n|turn|15\n|\n|t:|1700266552\n|move|p2a: Dragapult|Dragon Darts|p1a: Carly Rae\n|-damage|p1a: Carly Rae|0 fnt\n|faint|p1a: Carly Rae\n|-end|p1a: Carly Rae|Quark Drive|[silent]\n|-damage|p2a: Dragapult|91\/100|[from] item: Life Orb\n|\n|upkeep\n|\n|t:|1700266555\n|switch|p1a: Smino|Gholdengo, tera:Flying|81\/100\n|turn|16\n|\n|t:|1700266557\n|switch|p2a: Armarouge|Armarouge, M|32\/100 par\n|move|p1a: Smino|Make It Rain|p2a: Armarouge\n|-resisted|p2a: Armarouge\n|-damage|p2a: Armarouge|0 fnt\n|-unboost|p1a: Smino|spa|1\n|faint|p2a: Armarouge\n|\n|upkeep\n|\n|t:|1700266565\n|switch|p2a: Dragapult|Dragapult, F|91\/100\n|turn|17\n|\n|t:|1700266567\n|move|p2a: Dragapult|Dragon Dance|p2a: Dragapult\n|-boost|p2a: Dragapult|atk|1\n|-boost|p2a: Dragapult|spe|1\n|move|p1a: Smino|Shadow Ball|p2a: Dragapult\n|-supereffective|p2a: Dragapult\n|-damage|p2a: Dragapult|18\/100\n|\n|upkeep\n|turn|18\n|\n|t:|1700266574\n|move|p2a: Dragapult|Dragon Darts|p1a: Smino\n|-damage|p1a: Smino|20\/100\n|-anim|p2a: Dragapult|Dragon Darts|p1a: Smino\n|-damage|p1a: Smino|0 fnt\n|faint|p1a: Smino\n|-damage|p2a: Dragapult|8\/100|[from] item: Life Orb\n|\n|upkeep\n|\n|t:|1700266579\n|switch|p1a: Julia Jacklin|Glimmora, M|100\/100\n|turn|19\n|\n|t:|1700266583\n|switch|p1a: Elucid|Dragonite, F|100\/100\n|move|p2a: Dragapult|Dragon Darts|p1a: Elucid\n|-supereffective|p1a: Elucid\n|-damage|p1a: Elucid|41\/100\n|-anim|p2a: Dragapult|Dragon Darts|p1a: Elucid\n|-supereffective|p1a: Elucid\n|-crit|p1a: Elucid\n|-damage|p1a: Elucid|0 fnt\n|faint|p1a: Elucid\n|-damage|p2a: Dragapult|0 fnt|[from] item: Life Orb\n|faint|p2a: Dragapult\n|\n|upkeep\n|\n|t:|1700266588\n|switch|p2a: Gengar|Gengar, F|100\/100\n|switch|p1a: Julia Jacklin|Glimmora, M|100\/100\n|turn|20\n|\n|t:|1700266592\n|move|p2a: Gengar|Shadow Ball|p1a: Julia Jacklin\n|-damage|p1a: Julia Jacklin|34\/100\n|move|p1a: Julia Jacklin|Earth Power|p2a: Gengar\n|-supereffective|p2a: Gengar\n|-enditem|p2a: Gengar|Focus Sash\n|-damage|p2a: Gengar|1\/100\n|\n|upkeep\n|turn|21\n|c|\u2606Auburn Hills|gg\n|-message|Auburn Hills forfeited.\n|\n|win|Kidzukaworld\n|raw|Auburn Hills's rating: 1488 &rarr; <strong>1464<\/strong><br \/>(-24 for losing)\n|raw|Kidzukaworld's rating: 1426 &rarr; <strong>1450<\/strong><br \/>(+24 for winning)\n|l|\u2606Auburn Hills\n","uploadtime":1700266619,"views":11,"p1id":"auburnhills","p2id":"kidzukaworld","formatid":"gen9ou","rating":1450,"private":0,"password":""}