{"id":"gen9ou-2000247523","p1":"Savouras","p2":"Daevank5","format":"[Gen 9] OU","log":"|j|\u2606Savouras\n|j|\u2606Daevank5\n|t:|1701177234\n|gametype|singles\n|player|p1|Savouras|#bdspplempoleonshow|1861\n|player|p2|Daevank5|workerice|1976\n|teamsize|p1|6\n|teamsize|p2|6\n|gen|9\n|tier|[Gen 9] OU\n|rated|\n|rule|Sleep Clause Mod: Limit one foe put to sleep\n|rule|Species Clause: Limit one of each Pok\u00e9mon\n|rule|OHKO Clause: OHKO moves are banned\n|rule|Evasion Items Clause: Evasion items are banned\n|rule|Evasion Moves Clause: Evasion moves are banned\n|rule|Endless Battle Clause: Forcing endless battles is banned\n|rule|HP Percentage Mod: HP is shown in percentages\n|clearpoke\n|poke|p1|Zamazenta-*|\n|poke|p1|Zoroark-Hisui, F|\n|poke|p1|Dragonite, F|\n|poke|p1|Heatran, M|\n|poke|p1|Great Tusk|\n|poke|p1|Toxapex, F|\n|poke|p2|Tornadus-Therian, M|\n|poke|p2|Meowscarada, M|\n|poke|p2|Garchomp, M|\n|poke|p2|Gholdengo|\n|poke|p2|Mandibuzz, F|\n|poke|p2|Slowking-Galar, M|\n|teampreview\n|j| Elaia_64\n|j| cdx\n|j| fmn027\n|l|\u2606Daevank5\n|player|p2|\n|j|\u2606Daevank5\n|player|p2|Daevank5|workerice\n|inactive|Battle timer is ON: inactive players will automatically lose when time's up. (requested by Savouras)\n|j| xxCOALLAxx\n|\n|t:|1701177300\n|start\n|switch|p1a: Toxapex|Toxapex, F|100\/100\n|switch|p2a: Tornadus|Tornadus-Therian, M|100\/100\n|turn|1\n|j| Ran Kob\n|\n|t:|1701177310\n|move|p2a: Tornadus|Knock Off|p1a: Toxapex\n|-damage|p1a: Toxapex|85\/100\n|-enditem|p1a: Toxapex|Leftovers|[from] move: Knock Off|[of] p2a: Tornadus\n|move|p1a: Toxapex|Toxic Spikes|p2a: Tornadus\n|-sidestart|p2: Daevank5|move: Toxic Spikes\n|\n|upkeep\n|turn|2\n|\n|t:|1701177315\n|move|p2a: Tornadus|Taunt|p1a: Toxapex\n|-start|p1a: Toxapex|move: Taunt\n|cant|p1a: Toxapex|move: Taunt|Toxic Spikes\n|\n|upkeep\n|turn|3\n|\n|t:|1701177323\n|switch|p1a: Heatran|Heatran, M|100\/100\n|move|p2a: Tornadus|Bleakwind Storm|p1a: Heatran\n|-resisted|p1a: Heatran\n|-damage|p1a: Heatran|89\/100\n|-unboost|p1a: Heatran|spe|1\n|\n|-heal|p1a: Heatran|95\/100|[from] item: Leftovers\n|upkeep\n|turn|4\n|l| Ran Kob\n|\n|t:|1701177332\n|move|p2a: Tornadus|Knock Off|p1a: Heatran\n|-damage|p1a: Heatran|78\/100\n|-enditem|p1a: Heatran|Leftovers|[from] move: Knock Off|[of] p2a: Tornadus\n|move|p1a: Heatran|Will-O-Wisp|p2a: Tornadus\n|-status|p2a: Tornadus|brn\n|\n|-damage|p2a: Tornadus|94\/100 brn|[from] brn\n|upkeep\n|turn|5\n|\n|t:|1701177343\n|move|p2a: Tornadus|U-turn|p1a: Heatran\n|-resisted|p1a: Heatran\n|-damage|p1a: Heatran|77\/100\n|\n|t:|1701177344\n|switch|p2a: SlowBoob|Slowking-Galar, M|100\/100|[from] U-turn\n|-sideend|p2: Daevank5|move: Toxic Spikes|[of] p2a: SlowBoob\n|move|p1a: Heatran|Magma Storm|p2a: SlowBoob|[miss]\n|-miss|p1a: Heatran|p2a: SlowBoob\n|\n|upkeep\n|turn|6\n|\n|t:|1701177359\n|move|p1a: Heatran|Will-O-Wisp|p2a: SlowBoob\n|-status|p2a: SlowBoob|brn\n|move|p2a: SlowBoob|Surf|p1a: Heatran\n|-supereffective|p1a: Heatran\n|-damage|p1a: Heatran|49\/100\n|\n|-damage|p2a: SlowBoob|94\/100 brn|[from] brn\n|upkeep\n|turn|7\n|j| Wassup beijing\n|\n|t:|1701177369\n|move|p1a: Heatran|Earth Power|p2a: SlowBoob\n|-supereffective|p2a: SlowBoob\n|-damage|p2a: SlowBoob|66\/100 brn\n|move|p2a: SlowBoob|Chilly Reception|p2a: SlowBoob\n|-weather|Snow\n|\n|t:|1701177373\n|switch|p2a: Garchomp|Garchomp, M|100\/100|[from] Chilly Reception\n|\n|-weather|Snow|[upkeep]\n|upkeep\n|turn|8\n|\n|t:|1701177382\n|switch|p1a: Great Tusk|Great Tusk|100\/100\n|move|p2a: Garchomp|Earthquake|p1a: Great Tusk\n|-damage|p1a: Great Tusk|80\/100\n|\n|-weather|Snow|[upkeep]\n|-heal|p1a: Great Tusk|86\/100|[from] item: Leftovers\n|upkeep\n|turn|9\n|\n|t:|1701177389\n|switch|p2a: Mandibuzz|Mandibuzz, F|100\/100\n|move|p1a: Great Tusk|Earthquake|p2a: Mandibuzz\n|-immune|p2a: Mandibuzz\n|\n|-weather|Snow|[upkeep]\n|-heal|p1a: Great Tusk|92\/100|[from] item: Leftovers\n|upkeep\n|turn|10\n|\n|t:|1701177400\n|-end|p1a: Great Tusk|Protosynthesis|[silent]\n|switch|p1a: Toxapex|Toxapex, F|100\/100\n|move|p2a: Mandibuzz|Knock Off|p1a: Toxapex\n|-damage|p1a: Toxapex|89\/100\n|\n|-weather|Snow|[upkeep]\n|upkeep\n|turn|11\n|\n|t:|1701177406\n|move|p2a: Mandibuzz|U-turn|p1a: Toxapex\n|-resisted|p1a: Toxapex\n|-damage|p1a: Toxapex|84\/100\n|\n|t:|1701177410\n|switch|p2a: Tornadus|Tornadus-Therian, M|100\/100 brn|[from] U-turn\n|move|p1a: Toxapex|Toxic Spikes|p2a: Tornadus\n|-sidestart|p2: Daevank5|move: Toxic Spikes\n|\n|-weather|none\n|-damage|p2a: Tornadus|94\/100 brn|[from] brn\n|upkeep\n|turn|12\n|\n|t:|1701177419\n|switch|p1a: Heatran|Heatran, M|49\/100\n|move|p2a: Tornadus|U-turn|p1a: Heatran\n|-resisted|p1a: Heatran\n|-damage|p1a: Heatran|48\/100\n|\n|t:|1701177423\n|switch|p2a: SlowBoob|Slowking-Galar, M|99\/100 brn|[from] U-turn\n|-sideend|p2: Daevank5|move: Toxic Spikes|[of] p2a: SlowBoob\n|\n|-damage|p2a: SlowBoob|93\/100 brn|[from] brn\n|upkeep\n|turn|13\n|\n|t:|1701177432\n|switch|p1a: Toxapex|Toxapex, F|100\/100\n|move|p2a: SlowBoob|Chilly Reception|p2a: SlowBoob\n|-weather|Snow\n|\n|t:|1701177440\n|switch|p2a: Garchomp|Garchomp, M|100\/100|[from] Chilly Reception\n|\n|-weather|Snow|[upkeep]\n|upkeep\n|turn|14\n|\n|t:|1701177444\n|move|p2a: Garchomp|Spikes|p1a: Toxapex\n|-sidestart|p1: Savouras|Spikes\n|move|p1a: Toxapex|Toxic Spikes|p2a: Garchomp\n|-sidestart|p2: Daevank5|move: Toxic Spikes\n|\n|-weather|Snow|[upkeep]\n|upkeep\n|turn|15\n|\n|t:|1701177451\n|move|p1a: Toxapex|Surf|p2a: Garchomp\n|-damage|p2a: Garchomp|83\/100\n|move|p2a: Garchomp|Dragon Tail|p1a: Toxapex\n|-damage|p1a: Toxapex|80\/100\n|drag|p1a: Dragonite|Dragonite, F|100\/100\n|\n|-weather|Snow|[upkeep]\n|upkeep\n|turn|16\n|\n|t:|1701177461\n|switch|p2a: Mandibuzz|Mandibuzz, F|100\/100\n|switch|p1a: Great Tusk|Great Tusk|92\/100\n|-damage|p1a: Great Tusk|80\/100|[from] Spikes\n|\n|-weather|Snow|[upkeep]\n|-heal|p1a: Great Tusk|86\/100|[from] item: Leftovers\n|upkeep\n|turn|17\n|\n|t:|1701177474\n|move|p1a: Great Tusk|Knock Off|p2a: Mandibuzz\n|-resisted|p2a: Mandibuzz\n|-damage|p2a: Mandibuzz|93\/100\n|-enditem|p2a: Mandibuzz|Heavy-Duty Boots|[from] move: Knock Off|[of] p1a: Great Tusk\n|move|p2a: Mandibuzz|Knock Off|p1a: Great Tusk\n|-resisted|p1a: Great Tusk\n|-crit|p1a: Great Tusk\n|-damage|p1a: Great Tusk|77\/100\n|-enditem|p1a: Great Tusk|Leftovers|[from] move: Knock Off|[of] p2a: Mandibuzz\n|\n|-weather|none\n|upkeep\n|turn|18\n|\n|t:|1701177485\n|move|p1a: Great Tusk|Stealth Rock|p2a: Mandibuzz\n|-sidestart|p2: Daevank5|move: Stealth Rock\n|move|p2a: Mandibuzz|U-turn|p1a: Great Tusk\n|-resisted|p1a: Great Tusk\n|-crit|p1a: Great Tusk\n|-damage|p1a: Great Tusk|74\/100\n|j| ndghj76dbds\n|\n|t:|1701177495\n|switch|p2a: Tornadus|Tornadus-Therian, M|100\/100 brn|[from] U-turn\n|\n|-damage|p2a: Tornadus|94\/100 brn|[from] brn\n|upkeep\n|turn|19\n|\n|t:|1701177501\n|-end|p1a: Great Tusk|Protosynthesis|[silent]\n|switch|p1a: Toxapex|Toxapex, F|100\/100\n|-damage|p1a: Toxapex|88\/100|[from] Spikes\n|move|p2a: Tornadus|Bleakwind Storm|p1a: Toxapex\n|-damage|p1a: Toxapex|61\/100\n|-unboost|p1a: Toxapex|spe|1\n|\n|-damage|p2a: Tornadus|88\/100 brn|[from] brn\n|upkeep\n|turn|20\n|\n|t:|1701177511\n|move|p2a: Tornadus|U-turn|p1a: Toxapex\n|-resisted|p1a: Toxapex\n|-damage|p1a: Toxapex|59\/100\n|\n|t:|1701177513\n|switch|p2a: SlowBoob|Slowking-Galar, M|100\/100 brn|[from] U-turn\n|-sideend|p2: Daevank5|move: Toxic Spikes|[of] p2a: SlowBoob\n|move|p1a: Toxapex|Toxic Spikes|p2a: SlowBoob\n|-sidestart|p2: Daevank5|move: Toxic Spikes\n|\n|-damage|p2a: SlowBoob|94\/100 brn|[from] brn\n|upkeep\n|turn|21\n|\n|t:|1701177521\n|switch|p1a: Dragonite|Dragonite, F|100\/100\n|move|p2a: SlowBoob|Chilly Reception|p2a: SlowBoob\n|-weather|Snow\n|\n|t:|1701177549\n|switch|p2a: Tornadus|Tornadus-Therian, M|100\/100 brn|[from] Chilly Reception\n|\n|-weather|Snow|[upkeep]\n|-damage|p2a: Tornadus|94\/100 brn|[from] brn\n|upkeep\n|turn|22\n|\n|t:|1701177557\n|move|p2a: Tornadus|Taunt|p1a: Dragonite\n|-start|p1a: Dragonite|move: Taunt\n|move|p1a: Dragonite|Shadow Ball|p2a: Tornadus\n|-damage|p2a: Tornadus|55\/100 brn\n|\n|-weather|Snow|[upkeep]\n|-damage|p2a: Tornadus|49\/100 brn|[from] brn\n|upkeep\n|turn|23\n|\n|t:|1701177572\n|switch|p1a: Toxapex|Toxapex, F|92\/100\n|-damage|p1a: Toxapex|79\/100|[from] Spikes\n|move|p2a: Tornadus|Knock Off|p1a: Toxapex\n|-damage|p1a: Toxapex|75\/100\n|\n|-weather|Snow|[upkeep]\n|-damage|p2a: Tornadus|42\/100 brn|[from] brn\n|upkeep\n|turn|24\n|\n|t:|1701177582\n|move|p2a: Tornadus|Taunt|p1a: Toxapex\n|-start|p1a: Toxapex|move: Taunt\n|move|p1a: Toxapex|Surf|p2a: Tornadus\n|-damage|p2a: Tornadus|23\/100 brn\n|\n|-weather|Snow|[upkeep]\n|-damage|p2a: Tornadus|17\/100 brn|[from] brn\n|upkeep\n|turn|25\n|\n|t:|1701177592\n|move|p2a: Tornadus|U-turn|p1a: Toxapex\n|-resisted|p1a: Toxapex\n|-damage|p1a: Toxapex|72\/100\n|\n|t:|1701177595\n|switch|p2a: SlowBoob|Slowking-Galar, M|100\/100 brn|[from] U-turn\n|-sideend|p2: Daevank5|move: Toxic Spikes|[of] p2a: SlowBoob\n|move|p1a: Toxapex|Surf|p2a: SlowBoob\n|-damage|p2a: SlowBoob|88\/100 brn\n|\n|-weather|none\n|-damage|p2a: SlowBoob|82\/100 brn|[from] brn\n|upkeep\n|turn|26\n|j| DukeStarr\n|\n|t:|1701177605\n|switch|p1a: Dragonite|Dragonite, F|100\/100\n|move|p2a: SlowBoob|Chilly Reception|p2a: SlowBoob\n|-weather|Snow\n|\n|t:|1701177609\n|switch|p2a: Tornadus|Tornadus-Therian, M|50\/100 brn|[from] Chilly Reception\n|\n|-weather|Snow|[upkeep]\n|-damage|p2a: Tornadus|44\/100 brn|[from] brn\n|upkeep\n|turn|27\n|\n|t:|1701177620\n|-terastallize|p1a: Dragonite|Normal\n|move|p1a: Dragonite|Extreme Speed|p2a: Tornadus\n|-damage|p2a: Tornadus|0 fnt\n|faint|p2a: Tornadus\n|\n|-weather|Snow|[upkeep]\n|upkeep\n|\n|t:|1701177633\n|switch|p2a: Mandibuzz|Mandibuzz, F|93\/100\n|-damage|p2a: Mandibuzz|68\/100|[from] Stealth Rock\n|turn|28\n|\n|t:|1701177656\n|switch|p1a: Toxapex|Toxapex, F|100\/100\n|-damage|p1a: Toxapex|88\/100|[from] Spikes\n|move|p2a: Mandibuzz|Roost|p2a: Mandibuzz\n|-heal|p2a: Mandibuzz|100\/100\n|-singleturn|p2a: Mandibuzz|move: Roost\n|\n|-weather|Snow|[upkeep]\n|upkeep\n|turn|29\n|\n|t:|1701177664\n|move|p2a: Mandibuzz|U-turn|p1a: Toxapex\n|-resisted|p1a: Toxapex\n|-damage|p1a: Toxapex|84\/100\n|\n|t:|1701177666\n|switch|p2a: Garchomp|Garchomp, M|83\/100|[from] U-turn\n|-damage|p2a: Garchomp|77\/100|[from] Stealth Rock\n|move|p1a: Toxapex|Toxic Spikes|p2a: Garchomp\n|-sidestart|p2: Daevank5|move: Toxic Spikes\n|\n|-weather|Snow|[upkeep]\n|upkeep\n|turn|30\n|\n|t:|1701177673\n|move|p2a: Garchomp|Spikes|p1a: Toxapex\n|-sidestart|p1: Savouras|Spikes\n|move|p1a: Toxapex|Surf|p2a: Garchomp\n|-damage|p2a: Garchomp|60\/100\n|\n|-weather|none\n|upkeep\n|turn|31\n|\n|t:|1701177678\n|move|p2a: Garchomp|Earthquake|p1a: Toxapex\n|-supereffective|p1a: Toxapex\n|-damage|p1a: Toxapex|25\/100\n|move|p1a: Toxapex|Surf|p2a: Garchomp\n|-damage|p2a: Garchomp|41\/100\n|\n|upkeep\n|turn|32\n|\n|t:|1701177691\n|move|p1a: Toxapex|Surf|p2a: Garchomp\n|-damage|p2a: Garchomp|24\/100\n|move|p2a: Garchomp|Dragon Tail|p1a: Toxapex\n|-damage|p1a: Toxapex|6\/100\n|drag|p1a: Dragonite|Dragonite, F|100\/100\n|\n|upkeep\n|-start|p1a: Dragonite|typechange|Normal|[silent]\n|turn|33\n|\n|t:|1701177706\n|switch|p2a: Mandibuzz|Mandibuzz, F|100\/100\n|-damage|p2a: Mandibuzz|76\/100|[from] Stealth Rock\n|move|p1a: Dragonite|Shadow Ball|p2a: Mandibuzz\n|-resisted|p2a: Mandibuzz\n|-damage|p2a: Mandibuzz|58\/100\n|\n|upkeep\n|turn|34\n|\n|t:|1701177717\n|move|p1a: Dragonite|Will-O-Wisp|p2a: Mandibuzz\n|-status|p2a: Mandibuzz|brn\n|move|p2a: Mandibuzz|Roost|p2a: Mandibuzz\n|-heal|p2a: Mandibuzz|100\/100 brn\n|-singleturn|p2a: Mandibuzz|move: Roost\n|\n|-damage|p2a: Mandibuzz|94\/100 brn|[from] brn\n|upkeep\n|turn|35\n|\n|t:|1701177725\n|switch|p1a: Toxapex|Toxapex, F|40\/100\n|-damage|p1a: Toxapex|23\/100|[from] Spikes\n|move|p2a: Mandibuzz|U-turn|p1a: Toxapex\n|-resisted|p1a: Toxapex\n|-damage|p1a: Toxapex|21\/100\n|\n|t:|1701177733\n|switch|p2a: Garchomp|Garchomp, M|24\/100|[from] U-turn\n|-damage|p2a: Garchomp|17\/100|[from] Stealth Rock\n|-status|p2a: Garchomp|psn\n|\n|-damage|p2a: Garchomp|5\/100 psn|[from] psn\n|upkeep\n|turn|36\n|\n|t:|1701177746\n|switch|p1a: Heatran|Heatran, M|48\/100\n|-damage|p1a: Heatran|32\/100|[from] Spikes\n|move|p2a: Garchomp|Spikes|p1a: Heatran\n|-sidestart|p1: Savouras|Spikes\n|\n|-damage|p2a: Garchomp|0 fnt|[from] psn\n|faint|p2a: Garchomp\n|upkeep\n|\n|t:|1701177759\n|switch|p2a: SlowBoob|Slowking-Galar, M|100\/100 brn\n|-sideend|p2: Daevank5|move: Toxic Spikes|[of] p2a: SlowBoob\n|turn|37\n|\n|t:|1701177772\n|move|p1a: Heatran|Magma Storm|p2a: SlowBoob\n|-damage|p2a: SlowBoob|75\/100 brn\n|-activate|p2a: SlowBoob|move: Magma Storm|[of] p1a: Heatran\n|move|p2a: SlowBoob|Surf|p1a: Heatran\n|-supereffective|p1a: Heatran\n|-damage|p1a: Heatran|5\/100\n|\n|-damage|p2a: SlowBoob|69\/100 brn|[from] brn\n|-damage|p2a: SlowBoob|57\/100 brn|[from] move: Magma Storm|[partiallytrapped]\n|upkeep\n|turn|38\n|\n|t:|1701177780\n|move|p1a: Heatran|Earth Power|p2a: SlowBoob\n|-supereffective|p2a: SlowBoob\n|-damage|p2a: SlowBoob|25\/100 brn\n|move|p2a: SlowBoob|Chilly Reception|p2a: SlowBoob\n|-weather|Snow\n|\n|t:|1701177790\n|switch|p2a: Meowscarada|Meowscarada, M|100\/100|[from] Chilly Reception\n|\n|-weather|Snow|[upkeep]\n|upkeep\n|turn|39\n|\n|t:|1701177797\n|move|p2a: Meowscarada|Knock Off|p1a: Heatran\n|-damage|p1a: Heatran|0 fnt\n|faint|p1a: Heatran\n|\n|-weather|Snow|[upkeep]\n|upkeep\n|\n|t:|1701177806\n|switch|p1a: Zamazenta|Zamazenta|100\/100\n|-damage|p1a: Zamazenta|76\/100|[from] Spikes\n|-ability|p1a: Zamazenta|Dauntless Shield|boost\n|-boost|p1a: Zamazenta|def|1\n|turn|40\n|\n|t:|1701177817\n|switch|p2a: SlowBoob|Slowking-Galar, M|58\/100 brn\n|move|p1a: Zamazenta|Heavy Slam|p2a: SlowBoob\n|-damage|p2a: SlowBoob|37\/100 brn\n|\n|-weather|Snow|[upkeep]\n|-heal|p1a: Zamazenta|82\/100|[from] item: Leftovers\n|-damage|p2a: SlowBoob|31\/100 brn|[from] brn\n|upkeep\n|turn|41\n|\n|t:|1701177825\n|switch|p2a: Meowscarada|Meowscarada, M|100\/100\n|move|p1a: Zamazenta|Crunch|p2a: Meowscarada\n|-resisted|p2a: Meowscarada\n|-damage|p2a: Meowscarada|80\/100\n|\n|-weather|Snow|[upkeep]\n|-heal|p1a: Zamazenta|88\/100|[from] item: Leftovers\n|upkeep\n|turn|42\n|\n|t:|1701177832\n|switch|p2a: SlowBoob|Slowking-Galar, M|64\/100 brn\n|move|p1a: Zamazenta|Heavy Slam|p2a: SlowBoob\n|-damage|p2a: SlowBoob|46\/100 brn\n|\n|-weather|none\n|-heal|p1a: Zamazenta|94\/100|[from] item: Leftovers\n|-damage|p2a: SlowBoob|40\/100 brn|[from] brn\n|upkeep\n|turn|43\n|\n|t:|1701177839\n|switch|p2a: Meowscarada|Meowscarada, M|80\/100\n|move|p1a: Zamazenta|Crunch|p2a: Meowscarada\n|-resisted|p2a: Meowscarada\n|-damage|p2a: Meowscarada|59\/100\n|\n|-heal|p1a: Zamazenta|99\/100|[from] item: Leftovers\n|upkeep\n|turn|44\n|\n|t:|1701177846\n|move|p1a: Zamazenta|Heavy Slam|p2a: Meowscarada\n|-damage|p2a: Meowscarada|0 fnt\n|faint|p2a: Meowscarada\n|\n|-heal|p1a: Zamazenta|100\/100|[from] item: Leftovers\n|upkeep\n|\n|t:|1701177857\n|switch|p2a: SlowBoob|Slowking-Galar, M|73\/100 brn\n|turn|45\n|\n|t:|1701177862\n|move|p1a: Zamazenta|Crunch|p2a: SlowBoob\n|-supereffective|p2a: SlowBoob\n|-damage|p2a: SlowBoob|20\/100 brn\n|move|p2a: SlowBoob|Toxic|p1a: Zamazenta\n|-status|p1a: Zamazenta|tox\n|\n|-damage|p1a: Zamazenta|94\/100 tox|[from] psn\n|-damage|p2a: SlowBoob|14\/100 brn|[from] brn\n|upkeep\n|turn|46\n|\n|t:|1701177878\n|move|p1a: Zamazenta|Body Press|p2a: SlowBoob\n|-resisted|p2a: SlowBoob\n|-damage|p2a: SlowBoob|2\/100 brn\n|move|p2a: SlowBoob|Chilly Reception|p2a: SlowBoob\n|-weather|Snow\n|\n|t:|1701177883\n|switch|p2a: Mandibuzz|Mandibuzz, F|94\/100 brn|[from] Chilly Reception\n|-damage|p2a: Mandibuzz|70\/100 brn|[from] Stealth Rock\n|\n|-weather|Snow|[upkeep]\n|-heal|p1a: Zamazenta|100\/100 tox|[from] item: Leftovers\n|-damage|p1a: Zamazenta|88\/100 tox|[from] psn\n|-damage|p2a: Mandibuzz|63\/100 brn|[from] brn\n|upkeep\n|turn|47\n|\n|t:|1701177901\n|switch|p1a: Great Tusk|Great Tusk|74\/100\n|-damage|p1a: Great Tusk|49\/100|[from] Spikes\n|move|p2a: Mandibuzz|Knock Off|p1a: Great Tusk\n|-resisted|p1a: Great Tusk\n|-damage|p1a: Great Tusk|47\/100\n|\n|-weather|Snow|[upkeep]\n|-damage|p2a: Mandibuzz|57\/100 brn|[from] brn\n|upkeep\n|turn|48\n|\n|t:|1701177918\n|move|p1a: Great Tusk|Rapid Spin|p2a: Mandibuzz\n|-damage|p2a: Mandibuzz|49\/100 brn\n|-boost|p1a: Great Tusk|spe|1\n|-sideend|p1: Savouras|Spikes|[from] move: Rapid Spin|[of] p1a: Great Tusk\n|move|p2a: Mandibuzz|Roost|p2a: Mandibuzz\n|-heal|p2a: Mandibuzz|99\/100 brn\n|-singleturn|p2a: Mandibuzz|move: Roost\n|\n|-weather|Snow|[upkeep]\n|-damage|p2a: Mandibuzz|93\/100 brn|[from] brn\n|upkeep\n|turn|49\n|\n|t:|1701177931\n|-end|p1a: Great Tusk|Protosynthesis|[silent]\n|switch|p1a: Toxapex|Toxapex, F|54\/100\n|move|p2a: Mandibuzz|U-turn|p1a: Toxapex\n|-resisted|p1a: Toxapex\n|-damage|p1a: Toxapex|52\/100\n|\n|t:|1701177933\n|switch|p2a: Gholdengo|Gholdengo|100\/100|[from] U-turn\n|-damage|p2a: Gholdengo|94\/100|[from] Stealth Rock\n|\n|-weather|Snow|[upkeep]\n|upkeep\n|turn|50\n|\n|t:|1701177957\n|switch|p2a: SlowBoob|Slowking-Galar, M|35\/100 brn\n|move|p1a: Toxapex|Recover|p1a: Toxapex\n|-heal|p1a: Toxapex|100\/100\n|\n|-weather|none\n|-damage|p2a: SlowBoob|29\/100 brn|[from] brn\n|upkeep\n|turn|51\n|\n|t:|1701177968\n|switch|p1a: Dragonite|Dragonite, F|100\/100\n|move|p2a: SlowBoob|Chilly Reception|p2a: SlowBoob\n|-weather|Snow\n|\n|t:|1701177979\n|switch|p2a: Gholdengo|Gholdengo|94\/100|[from] Chilly Reception\n|-damage|p2a: Gholdengo|88\/100|[from] Stealth Rock\n|\n|-weather|Snow|[upkeep]\n|upkeep\n|turn|52\n|\n|t:|1701177990\n|switch|p1a: Toxapex|Toxapex, F|100\/100\n|-terastallize|p2a: Gholdengo|Steel\n|move|p2a: Gholdengo|Make It Rain|p1a: Toxapex\n|-resisted|p1a: Toxapex\n|-damage|p1a: Toxapex|72\/100\n|-unboost|p2a: Gholdengo|spa|1\n|\n|-weather|Snow|[upkeep]\n|upkeep\n|turn|53\n|\n|t:|1701178002\n|switch|p2a: SlowBoob|Slowking-Galar, M|62\/100 brn\n|switch|p1a: Dragonite|Dragonite, F, tera:Normal|100\/100\n|\n|-weather|Snow|[upkeep]\n|-damage|p2a: SlowBoob|56\/100 brn|[from] brn\n|upkeep\n|turn|54\n|\n|t:|1701178021\n|switch|p2a: Mandibuzz|Mandibuzz, F|93\/100 brn\n|-damage|p2a: Mandibuzz|69\/100 brn|[from] Stealth Rock\n|move|p1a: Dragonite|Earthquake|p2a: Mandibuzz\n|-immune|p2a: Mandibuzz\n|\n|-weather|Snow|[upkeep]\n|-damage|p2a: Mandibuzz|62\/100 brn|[from] brn\n|upkeep\n|turn|55\n|\n|t:|1701178032\n|move|p1a: Dragonite|Extreme Speed|p2a: Mandibuzz\n|-damage|p2a: Mandibuzz|34\/100 brn\n|move|p2a: Mandibuzz|U-turn|p1a: Dragonite\n|-damage|p1a: Dragonite|98\/100\n|\n|t:|1701178039\n|switch|p2a: Gholdengo|Gholdengo, tera:Steel|88\/100|[from] U-turn\n|-damage|p2a: Gholdengo|82\/100|[from] Stealth Rock\n|\n|-weather|none\n|upkeep\n|turn|56\n|\n|t:|1701178046\n|switch|p2a: Mandibuzz|Mandibuzz, F|34\/100 brn\n|-damage|p2a: Mandibuzz|9\/100 brn|[from] Stealth Rock\n|switch|p1a: Great Tusk|Great Tusk|47\/100\n|\n|-damage|p2a: Mandibuzz|3\/100 brn|[from] brn\n|upkeep\n|turn|57\n|\n|t:|1701178056\n|move|p1a: Great Tusk|Knock Off|p2a: Mandibuzz\n|-resisted|p2a: Mandibuzz\n|-damage|p2a: Mandibuzz|0 fnt\n|faint|p2a: Mandibuzz\n|\n|upkeep\n|\n|t:|1701178058\n|switch|p2a: Gholdengo|Gholdengo, tera:Steel|82\/100\n|-damage|p2a: Gholdengo|76\/100|[from] Stealth Rock\n|turn|58\n|j| SwabbyYabby\n|\n|t:|1701178065\n|move|p2a: Gholdengo|Shadow Ball|p1a: Great Tusk\n|-damage|p1a: Great Tusk|0 fnt\n|faint|p1a: Great Tusk\n|-end|p1a: Great Tusk|Protosynthesis|[silent]\n|\n|upkeep\n|\n|t:|1701178069\n|switch|p1a: Toxapex|Toxapex, F|100\/100\n|turn|59\n|j| Ran Kob\n|\n|t:|1701178072\n|move|p2a: Gholdengo|Shadow Ball|p1a: Toxapex\n|-immune|p1a: Toxapex\n|move|p1a: Toxapex|Shadow Ball|p2a: Gholdengo\n|-damage|p2a: Gholdengo|25\/100\n|-unboost|p2a: Gholdengo|spd|1\n|\n|upkeep\n|turn|60\n|\n|t:|1701178082\n|switch|p2a: SlowBoob|Slowking-Galar, M|89\/100 brn\n|move|p1a: Toxapex|Shadow Ball|p2a: SlowBoob\n|-supereffective|p2a: SlowBoob\n|-damage|p2a: SlowBoob|41\/100 brn\n|\n|-damage|p2a: SlowBoob|35\/100 brn|[from] brn\n|upkeep\n|turn|61\n|-message|Daevank5 forfeited.\n|\n|win|Savouras\n|raw|Savouras's rating: 1861 &rarr; <strong>1887<\/strong><br \/>(+26 for winning)\n|raw|Daevank5's rating: 1976 &rarr; <strong>1950<\/strong><br \/>(-26 for losing)\n|l|\u2606Daevank5\n|l|\u2606Savouras\n|l| Elaia_64\n","uploadtime":1701178100,"views":23,"p1id":"savouras","p2id":"daevank5","formatid":"gen9ou","rating":1887,"private":0,"password":""}