{"id":"gen9ou-1996232961","p1":"Skaraptor2.1","p2":"TheLump","format":"[Gen 9] OU","log":"|j|\u2606Skaraptor2.1\n|j|\u2606TheLump\n|t:|1700662150\n|gametype|singles\n|player|p1|Skaraptor2.1|bodybuilderf-gen9|1364\n|player|p2|TheLump|265|1338\n|teamsize|p1|6\n|teamsize|p2|6\n|gen|9\n|tier|[Gen 9] OU\n|rated|\n|rule|Sleep Clause Mod: Limit one foe put to sleep\n|rule|Species Clause: Limit one of each Pok\u00e9mon\n|rule|OHKO Clause: OHKO moves are banned\n|rule|Evasion Items Clause: Evasion items are banned\n|rule|Evasion Moves Clause: Evasion moves are banned\n|rule|Endless Battle Clause: Forcing endless battles is banned\n|rule|HP Percentage Mod: HP is shown in percentages\n|clearpoke\n|poke|p1|Ribombee, M|\n|poke|p1|Ogerpon-Wellspring, F|\n|poke|p1|Corviknight, F|\n|poke|p1|Zamazenta-*|\n|poke|p1|Iron Valiant|\n|poke|p1|Kingambit, F|\n|poke|p2|Corviknight, F|\n|poke|p2|Iron Moth|\n|poke|p2|Polteageist|\n|poke|p2|Salamence, M|\n|poke|p2|Dragonite, M|\n|poke|p2|Victreebel, M|\n|teampreview\n|inactive|Battle timer is ON: inactive players will automatically lose when time's up. (requested by Skaraptor2.1)\n|inactive|Skaraptor2.1 has 120 seconds left.\n|l|\u2606Skaraptor2.1\n|inactive|Skaraptor2.1 disconnected and has a minute to reconnect!\n|player|p1|\n|j|\u2606Skaraptor2.1\n|inactive|Skaraptor2.1 reconnected and has 90 seconds left.\n|player|p1|Skaraptor2.1|bodybuilderf-gen9\n|\n|t:|1700662218\n|start\n|switch|p1a: Transfem|Ogerpon-Wellspring, F|100\/100\n|switch|p2a: Iron Moth|Iron Moth|100\/100\n|-enditem|p2a: Iron Moth|Booster Energy\n|-activate|p2a: Iron Moth|ability: Quark Drive|[fromitem]\n|-start|p2a: Iron Moth|quarkdrivespe\n|turn|1\n|\n|t:|1700662229\n|-terastallize|p1a: Transfem|Water\n|detailschange|p1a: Transfem|Ogerpon-Wellspring-Tera, F, tera:Water\n|-ability|p1a: Transfem|Embody Aspect (Wellspring)|boost\n|-boost|p1a: Transfem|spd|1\n|move|p2a: Iron Moth|Sludge Wave|p1a: Transfem\n|-damage|p1a: Transfem|65\/100\n|move|p1a: Transfem|Ivy Cudgel|p2a: Iron Moth|[anim] Ivy Cudgel Water\n|-supereffective|p2a: Iron Moth\n|-crit|p2a: Iron Moth\n|-damage|p2a: Iron Moth|0 fnt\n|faint|p2a: Iron Moth\n|-end|p2a: Iron Moth|Quark Drive|[silent]\n|\n|upkeep\n|\n|t:|1700662235\n|switch|p2a: Victreebel|Victreebel, M|100\/100\n|turn|2\n|\n|t:|1700662245\n|switch|p1a: Selling my soul|Corviknight, F|100\/100\n|-ability|p1a: Selling my soul|Pressure\n|move|p2a: Victreebel|Sunny Day|p2a: Victreebel\n|-weather|SunnyDay\n|\n|-weather|SunnyDay|[upkeep]\n|upkeep\n|turn|3\n|\n|t:|1700662251\n|move|p2a: Victreebel|Growth|p2a: Victreebel\n|-boost|p2a: Victreebel|atk|2\n|-boost|p2a: Victreebel|spa|2\n|move|p1a: Selling my soul|Brave Bird|p2a: Victreebel\n|-supereffective|p2a: Victreebel\n|-damage|p2a: Victreebel|0 fnt\n|faint|p2a: Victreebel\n|-damage|p1a: Selling my soul|76\/100|[from] Recoil\n|\n|-weather|SunnyDay|[upkeep]\n|-heal|p1a: Selling my soul|82\/100|[from] item: Leftovers\n|upkeep\n|\n|t:|1700662253\n|switch|p2a: Polteageist|Polteageist, shiny|100\/100\n|turn|4\n|\n|t:|1700662257\n|switch|p1a: Twink|Ribombee, M|100\/100\n|move|p2a: Polteageist|Shell Smash|p2a: Polteageist\n|-unboost|p2a: Polteageist|def|1\n|-unboost|p2a: Polteageist|spd|1\n|-boost|p2a: Polteageist|atk|2\n|-boost|p2a: Polteageist|spa|2\n|-boost|p2a: Polteageist|spe|2\n|\n|-weather|SunnyDay|[upkeep]\n|upkeep\n|turn|5\n|\n|t:|1700662264\n|move|p2a: Polteageist|Shadow Ball|p1a: Twink\n|-enditem|p1a: Twink|Focus Sash\n|-damage|p1a: Twink|1\/100\n|move|p1a: Twink|Stun Spore|p2a: Polteageist|[miss]\n|-miss|p1a: Twink|p2a: Polteageist\n|\n|-weather|SunnyDay|[upkeep]\n|upkeep\n|turn|6\n|\n|t:|1700662270\n|move|p2a: Polteageist|Shadow Ball|p1a: Twink\n|-damage|p1a: Twink|0 fnt\n|faint|p1a: Twink\n|\n|-weather|SunnyDay|[upkeep]\n|upkeep\n|\n|t:|1700662277\n|switch|p1a: Selling my soul|Corviknight, F|82\/100\n|-ability|p1a: Selling my soul|Pressure\n|turn|7\n|\n|t:|1700662280\n|move|p2a: Polteageist|Shadow Ball|p1a: Selling my soul\n|-damage|p1a: Selling my soul|0 fnt\n|faint|p1a: Selling my soul\n|\n|-weather|SunnyDay|[upkeep]\n|upkeep\n|\n|t:|1700662283\n|switch|p1a: Queengambit|Kingambit, F|100\/100\n|-activate|p1a: Queengambit|ability: Supreme Overlord\n|-start|p1a: Queengambit|fallen2|[silent]\n|turn|8\n|\n|t:|1700662286\n|-terastallize|p2a: Polteageist|Fighting\n|move|p2a: Polteageist|Tera Blast|p1a: Queengambit|[anim] Tera Blast Fighting\n|-supereffective|p1a: Queengambit\n|-damage|p1a: Queengambit|0 fnt\n|faint|p1a: Queengambit\n|-end|p1a: Queengambit|fallen2|[silent]\n|\n|-weather|SunnyDay|[upkeep]\n|upkeep\n|\n|t:|1700662293\n|switch|p1a: Bigender|Iron Valiant|100\/100\n|-enditem|p1a: Bigender|Booster Energy\n|-activate|p1a: Bigender|ability: Quark Drive|[fromitem]\n|-start|p1a: Bigender|quarkdrivespe\n|turn|9\n|\n|t:|1700662296\n|move|p1a: Bigender|Moonblast|p2a: Polteageist\n|-supereffective|p2a: Polteageist\n|-enditem|p2a: Polteageist|Focus Sash\n|-damage|p2a: Polteageist|1\/100\n|-unboost|p2a: Polteageist|spa|1\n|move|p2a: Polteageist|Stored Power|p1a: Bigender\n|-supereffective|p1a: Bigender\n|-damage|p1a: Bigender|0 fnt\n|faint|p1a: Bigender\n|-end|p1a: Bigender|Quark Drive|[silent]\n|\n|-weather|none\n|upkeep\n|\n|t:|1700662299\n|switch|p1a: Transfem|Ogerpon-Wellspring-Tera, F, tera:Water|65\/100\n|-ability|p1a: Transfem|Embody Aspect (Wellspring)|boost\n|-boost|p1a: Transfem|spd|1\n|turn|10\n|\n|t:|1700662302\n|move|p2a: Polteageist|Stored Power|p1a: Transfem\n|-damage|p1a: Transfem|8\/100\n|move|p1a: Transfem|Horn Leech|p2a: Polteageist\n|-damage|p2a: Polteageist|0 fnt\n|-heal|p1a: Transfem|8\/100|[from] drain|[of] p2a: Polteageist\n|faint|p2a: Polteageist\n|\n|upkeep\n|\n|t:|1700662309\n|switch|p2a: Dragonite|Dragonite, M|100\/100\n|turn|11\n|\n|t:|1700662311\n|move|p2a: Dragonite|Extreme Speed|p1a: Transfem\n|-damage|p1a: Transfem|0 fnt\n|faint|p1a: Transfem\n|\n|upkeep\n|\n|t:|1700662312\n|switch|p1a: Defender of Trans|Zamazenta, shiny|100\/100\n|-ability|p1a: Defender of Trans|Dauntless Shield|boost\n|-boost|p1a: Defender of Trans|def|1\n|turn|12\n|\n|t:|1700662314\n|move|p1a: Defender of Trans|Iron Defense|p1a: Defender of Trans\n|-boost|p1a: Defender of Trans|def|2\n|move|p2a: Dragonite|Dragon Dance|p2a: Dragonite\n|-boost|p2a: Dragonite|atk|1\n|-boost|p2a: Dragonite|spe|1\n|\n|upkeep\n|turn|13\n|\n|t:|1700662316\n|move|p1a: Defender of Trans|Iron Defense|p1a: Defender of Trans\n|-boost|p1a: Defender of Trans|def|2\n|move|p2a: Dragonite|Dragon Dance|p2a: Dragonite\n|-boost|p2a: Dragonite|atk|1\n|-boost|p2a: Dragonite|spe|1\n|\n|upkeep\n|turn|14\n|\n|t:|1700662318\n|move|p2a: Dragonite|Dragon Dance|p2a: Dragonite\n|-boost|p2a: Dragonite|atk|1\n|-boost|p2a: Dragonite|spe|1\n|move|p1a: Defender of Trans|Body Press|p2a: Dragonite\n|-resisted|p2a: Dragonite\n|-damage|p2a: Dragonite|72\/100\n|\n|-heal|p2a: Dragonite|78\/100|[from] item: Leftovers\n|upkeep\n|turn|15\n|\n|t:|1700662321\n|move|p2a: Dragonite|Fire Punch|p1a: Defender of Trans\n|-damage|p1a: Defender of Trans|88\/100\n|move|p1a: Defender of Trans|Body Press|p2a: Dragonite\n|-resisted|p2a: Dragonite\n|-damage|p2a: Dragonite|19\/100\n|\n|-heal|p2a: Dragonite|25\/100|[from] item: Leftovers\n|-heal|p1a: Defender of Trans|94\/100|[from] item: Leftovers\n|upkeep\n|turn|16\n|\n|t:|1700662324\n|move|p2a: Dragonite|Fire Punch|p1a: Defender of Trans\n|-damage|p1a: Defender of Trans|79\/100\n|move|p1a: Defender of Trans|Body Press|p2a: Dragonite\n|-resisted|p2a: Dragonite\n|-damage|p2a: Dragonite|0 fnt\n|faint|p2a: Dragonite\n|\n|-heal|p1a: Defender of Trans|86\/100|[from] item: Leftovers\n|upkeep\n|\n|t:|1700662328\n|switch|p2a: Corviknight|Corviknight, F|100\/100\n|-ability|p2a: Corviknight|Pressure\n|turn|17\n|\n|t:|1700662330\n|move|p1a: Defender of Trans|Body Press|p2a: Corviknight\n|-damage|p2a: Corviknight|0 fnt\n|faint|p2a: Corviknight\n|\n|-heal|p1a: Defender of Trans|92\/100|[from] item: Leftovers\n|upkeep\n|\n|t:|1700662332\n|switch|p2a: Salamence|Salamence, M|100\/100\n|-ability|p2a: Salamence|Intimidate|boost\n|-unboost|p1a: Defender of Trans|atk|1\n|turn|18\n|\n|t:|1700662334\n|move|p1a: Defender of Trans|Body Press|p2a: Salamence\n|-resisted|p2a: Salamence\n|-damage|p2a: Salamence|19\/100\n|move|p2a: Salamence|Dual Wingbeat|p1a: Defender of Trans|[miss]\n|-miss|p2a: Salamence|p1a: Defender of Trans\n|\n|-heal|p1a: Defender of Trans|98\/100|[from] item: Leftovers\n|-heal|p2a: Salamence|25\/100|[from] item: Leftovers\n|upkeep\n|turn|19\n|\n|t:|1700662338\n|move|p1a: Defender of Trans|Body Press|p2a: Salamence\n|-resisted|p2a: Salamence\n|-damage|p2a: Salamence|0 fnt\n|faint|p2a: Salamence\n|\n|win|Skaraptor2.1\n|raw|Skaraptor2.1's rating: 1364 &rarr; <strong>1383<\/strong><br \/>(+19 for winning)\n|raw|TheLump's rating: 1338 &rarr; <strong>1319<\/strong><br \/>(-19 for losing)\n","uploadtime":1700662341,"views":1,"p1id":"skaraptor21","p2id":"thelump","formatid":"gen9ou","rating":1319,"private":0,"password":""}