{"id":"gen9ou-1991015817","p1":"rj yoip","p2":"amstan","format":"[Gen 9] OU","log":"|j|\u2606rj yoip\n|j|\u2606amstan\n|t:|1700028404\n|gametype|singles\n|player|p1|rj yoip|iono|1490\n|player|p2|amstan|erika-masters|1623\n|teamsize|p1|6\n|teamsize|p2|6\n|gen|9\n|tier|[Gen 9] OU\n|rated|\n|rule|Sleep Clause Mod: Limit one foe put to sleep\n|rule|Species Clause: Limit one of each Pok\u00e9mon\n|rule|OHKO Clause: OHKO moves are banned\n|rule|Evasion Items Clause: Evasion items are banned\n|rule|Evasion Moves Clause: Evasion moves are banned\n|rule|Endless Battle Clause: Forcing endless battles is banned\n|rule|HP Percentage Mod: HP is shown in percentages\n|clearpoke\n|poke|p1|Slowking-Galar, M|\n|poke|p1|Zapdos|\n|poke|p1|Garganacl, F|\n|poke|p1|Salamence, F|\n|poke|p1|Kingambit, M|\n|poke|p1|Iron Valiant|\n|poke|p2|Slowking-Galar, F|\n|poke|p2|Dragapult, M|\n|poke|p2|Sneasler, M|\n|poke|p2|Great Tusk|\n|poke|p2|Samurott-Hisui, F|\n|poke|p2|Zapdos|\n|teampreview\n|\n|t:|1700028430\n|start\n|switch|p1a: Garganacl|Garganacl, F|100\/100\n|switch|p2a: Sneasler|Sneasler, M, shiny|100\/100\n|turn|1\n|inactive|Battle timer is ON: inactive players will automatically lose when time's up. (requested by rj yoip)\n|\n|t:|1700028437\n|move|p1a: Garganacl|Protect|p1a: Garganacl\n|-singleturn|p1a: Garganacl|Protect\n|move|p2a: Sneasler|Fake Out|p1a: Garganacl\n|-activate|p1a: Garganacl|move: Protect\n|\n|upkeep\n|turn|2\n|\n|t:|1700028443\n|switch|p1a: Slowking|Slowking-Galar, M|100\/100\n|move|p2a: Sneasler|Close Combat|p1a: Slowking\n|-resisted|p1a: Slowking\n|-damage|p1a: Slowking|88\/100\n|-unboost|p2a: Sneasler|def|1\n|-unboost|p2a: Sneasler|spd|1\n|\n|upkeep\n|turn|3\n|\n|t:|1700028447\n|move|p2a: Sneasler|U-turn|p1a: Slowking\n|-damage|p1a: Slowking|70\/100\n|\n|t:|1700028449\n|switch|p2a: Samurott|Samurott-Hisui, F, shiny|100\/100|[from] U-turn\n|move|p1a: Slowking|Thunder Wave|p2a: Samurott\n|-status|p2a: Samurott|par\n|\n|upkeep\n|turn|4\n|\n|t:|1700028456\n|switch|p1a: Garganacl|Garganacl, F|100\/100\n|move|p2a: Samurott|Ceaseless Edge|p1a: Garganacl|[miss]\n|-miss|p2a: Samurott|p1a: Garganacl\n|\n|upkeep\n|turn|5\n|\n|t:|1700028462\n|move|p2a: Samurott|Ceaseless Edge|p1a: Garganacl\n|-damage|p1a: Garganacl|77\/100\n|-sidestart|p1: rj yoip|Spikes\n|move|p1a: Garganacl|Salt Cure|p2a: Samurott\n|-damage|p2a: Samurott|82\/100 par\n|-start|p2a: Samurott|Salt Cure\n|\n|-heal|p1a: Garganacl|84\/100|[from] item: Leftovers\n|-damage|p2a: Samurott|57\/100 par|[from] Salt Cure\n|upkeep\n|turn|6\n|\n|t:|1700028467\n|switch|p2a: Great Tusk|Great Tusk|100\/100\n|move|p1a: Garganacl|Protect||[still]\n|-fail|p1a: Garganacl\n|\n|-heal|p1a: Garganacl|90\/100|[from] item: Leftovers\n|upkeep\n|turn|7\n|\n|t:|1700028472\n|move|p1a: Garganacl|Protect|p1a: Garganacl\n|-singleturn|p1a: Garganacl|Protect\n|move|p2a: Great Tusk|Close Combat|p1a: Garganacl\n|-activate|p1a: Garganacl|move: Protect\n|\n|-heal|p1a: Garganacl|96\/100|[from] item: Leftovers\n|upkeep\n|turn|8\n|\n|t:|1700028478\n|switch|p1a: Zapdos|Zapdos|100\/100\n|move|p2a: Great Tusk|Close Combat|p1a: Zapdos\n|-resisted|p1a: Zapdos\n|-damage|p1a: Zapdos|74\/100\n|-unboost|p2a: Great Tusk|def|1\n|-unboost|p2a: Great Tusk|spd|1\n|-enditem|p2a: Great Tusk|Eject Pack\n|\n|t:|1700028484\n|-end|p2a: Great Tusk|Protosynthesis|[silent]\n|switch|p2a: Sneasler|Sneasler, M, shiny|100\/100\n|\n|upkeep\n|turn|9\n|\n|t:|1700028487\n|move|p2a: Sneasler|Fake Out|p1a: Zapdos\n|-damage|p1a: Zapdos|61\/100\n|cant|p1a: Zapdos|flinch\n|\n|upkeep\n|turn|10\n|\n|t:|1700028491\n|move|p2a: Sneasler|U-turn|p1a: Zapdos\n|-resisted|p1a: Zapdos\n|-damage|p1a: Zapdos|49\/100\n|\n|t:|1700028494\n|switch|p2a: Slowking|Slowking-Galar, F|100\/100|[from] U-turn\n|move|p1a: Zapdos|Hurricane|p2a: Slowking\n|-damage|p2a: Slowking|74\/100\n|\n|upkeep\n|turn|11\n|\n|t:|1700028497\n|move|p1a: Zapdos|Roost|p1a: Zapdos\n|-heal|p1a: Zapdos|99\/100\n|-singleturn|p1a: Zapdos|move: Roost\n|move|p2a: Slowking|Chilly Reception|p2a: Slowking\n|-weather|Snow\n|\n|t:|1700028501\n|switch|p2a: Sneasler|Sneasler, M, shiny|100\/100|[from] Chilly Reception\n|\n|-weather|Snow|[upkeep]\n|upkeep\n|turn|12\n|\n|t:|1700028506\n|switch|p1a: Slowking|Slowking-Galar, M|100\/100\n|move|p2a: Sneasler|Fake Out|p1a: Slowking\n|-damage|p1a: Slowking|90\/100\n|\n|-weather|Snow|[upkeep]\n|upkeep\n|turn|13\n|\n|t:|1700028510\n|move|p2a: Sneasler|U-turn|p1a: Slowking\n|-damage|p1a: Slowking|73\/100\n|\n|t:|1700028512\n|switch|p2a: Samurott|Samurott-Hisui, F, shiny|57\/100 par|[from] U-turn\n|move|p1a: Slowking|Chilly Reception|p1a: Slowking\n|\n|t:|1700028515\n|switch|p1a: Garganacl|Garganacl, F|96\/100|[from] Chilly Reception\n|-damage|p1a: Garganacl|84\/100|[from] Spikes\n|\n|-weather|Snow|[upkeep]\n|-heal|p1a: Garganacl|90\/100|[from] item: Leftovers\n|upkeep\n|turn|14\n|\n|t:|1700028525\n|move|p2a: Samurott|Razor Shell|p1a: Garganacl\n|-supereffective|p1a: Garganacl\n|-damage|p1a: Garganacl|33\/100\n|-unboost|p1a: Garganacl|def|1\n|move|p1a: Garganacl|Salt Cure|p2a: Samurott\n|-damage|p2a: Samurott|41\/100 par\n|-start|p2a: Samurott|Salt Cure\n|\n|-weather|Snow|[upkeep]\n|-heal|p1a: Garganacl|39\/100|[from] item: Leftovers\n|-damage|p2a: Samurott|16\/100 par|[from] Salt Cure\n|upkeep\n|turn|15\n|\n|t:|1700028539\n|switch|p2a: Sneasler|Sneasler, M, shiny|100\/100\n|move|p1a: Garganacl|Protect||[still]\n|-fail|p1a: Garganacl\n|\n|-weather|none\n|-heal|p1a: Garganacl|45\/100|[from] item: Leftovers\n|upkeep\n|turn|16\n|\n|t:|1700028544\n|move|p1a: Garganacl|Protect|p1a: Garganacl\n|-singleturn|p1a: Garganacl|Protect\n|move|p2a: Sneasler|U-turn|p1a: Garganacl\n|-activate|p1a: Garganacl|move: Protect\n|\n|-heal|p1a: Garganacl|51\/100|[from] item: Leftovers\n|upkeep\n|turn|17\n|\n|t:|1700028559\n|switch|p1a: Slowking|Slowking-Galar, M|100\/100\n|move|p2a: Sneasler|Close Combat|p1a: Slowking\n|-resisted|p1a: Slowking\n|-damage|p1a: Slowking|88\/100\n|-unboost|p2a: Sneasler|def|1\n|-unboost|p2a: Sneasler|spd|1\n|\n|upkeep\n|turn|18\n|\n|t:|1700028565\n|move|p2a: Sneasler|U-turn|p1a: Slowking\n|-damage|p1a: Slowking|70\/100\n|\n|t:|1700028567\n|switch|p2a: Dragapult|Dragapult, M, shiny|100\/100|[from] U-turn\n|move|p1a: Slowking|Chilly Reception|p1a: Slowking\n|-weather|Snow\n|\n|t:|1700028570\n|switch|p1a: Garganacl|Garganacl, F|51\/100|[from] Chilly Reception\n|-damage|p1a: Garganacl|39\/100|[from] Spikes\n|\n|-weather|Snow|[upkeep]\n|-heal|p1a: Garganacl|45\/100|[from] item: Leftovers\n|upkeep\n|turn|19\n|\n|t:|1700028576\n|switch|p2a: Great Tusk|Great Tusk|100\/100\n|move|p1a: Garganacl|Protect||[still]\n|-fail|p1a: Garganacl\n|\n|-weather|Snow|[upkeep]\n|-heal|p1a: Garganacl|51\/100|[from] item: Leftovers\n|upkeep\n|turn|20\n|\n|t:|1700028585\n|move|p1a: Garganacl|Protect|p1a: Garganacl\n|-singleturn|p1a: Garganacl|Protect\n|move|p2a: Great Tusk|Close Combat|p1a: Garganacl\n|-activate|p1a: Garganacl|move: Protect\n|\n|-weather|Snow|[upkeep]\n|-heal|p1a: Garganacl|58\/100|[from] item: Leftovers\n|upkeep\n|turn|21\n|\n|t:|1700028606\n|move|p2a: Great Tusk|Close Combat|p1a: Garganacl\n|-supereffective|p1a: Garganacl\n|-damage|p1a: Garganacl|0 fnt\n|-unboost|p2a: Great Tusk|def|1\n|-unboost|p2a: Great Tusk|spd|1\n|faint|p1a: Garganacl\n|\n|-weather|Snow|[upkeep]\n|upkeep\n|\n|t:|1700028611\n|switch|p1a: Salamence|Salamence, F|100\/100\n|-ability|p1a: Salamence|Intimidate|boost\n|-unboost|p2a: Great Tusk|atk|1\n|turn|22\n|\n|t:|1700028615\n|-end|p2a: Great Tusk|Protosynthesis|[silent]\n|switch|p2a: Zapdos|Zapdos|100\/100\n|move|p1a: Salamence|Dragon Dance|p1a: Salamence\n|-boost|p1a: Salamence|atk|1\n|-boost|p1a: Salamence|spe|1\n|\n|-weather|none\n|upkeep\n|turn|23\n|\n|t:|1700028620\n|move|p1a: Salamence|Dragon Dance|p1a: Salamence\n|-boost|p1a: Salamence|atk|1\n|-boost|p1a: Salamence|spe|1\n|move|p2a: Zapdos|Thunder Wave|p1a: Salamence\n|-status|p1a: Salamence|par\n|\n|upkeep\n|turn|24\n|\n|t:|1700028623\n|move|p2a: Zapdos|Volt Switch|p1a: Salamence\n|-damage|p1a: Salamence|63\/100 par\n|\n|t:|1700028627\n|switch|p2a: Great Tusk|Great Tusk|100\/100|[from] Volt Switch\n|move|p1a: Salamence|Dragon Dance|p1a: Salamence\n|-boost|p1a: Salamence|atk|1\n|-boost|p1a: Salamence|spe|1\n|\n|upkeep\n|turn|25\n|\n|t:|1700028630\n|move|p1a: Salamence|Dual Wingbeat|p2a: Great Tusk\n|-supereffective|p2a: Great Tusk\n|-damage|p2a: Great Tusk|17\/100\n|-supereffective|p2a: Great Tusk\n|-damage|p2a: Great Tusk|0 fnt\n|faint|p2a: Great Tusk\n|-end|p2a: Great Tusk|Protosynthesis|[silent]\n|-hitcount|p2: Great Tusk|2\n|\n|upkeep\n|\n|t:|1700028636\n|switch|p2a: Zapdos|Zapdos|100\/100\n|turn|26\n|\n|t:|1700028638\n|move|p1a: Salamence|Roost|p1a: Salamence\n|-heal|p1a: Salamence|100\/100 par\n|-singleturn|p1a: Salamence|move: Roost\n|move|p2a: Zapdos|Volt Switch|p1a: Salamence\n|-resisted|p1a: Salamence\n|-damage|p1a: Salamence|84\/100 par\n|\n|t:|1700028644\n|switch|p2a: Dragapult|Dragapult, M, shiny|100\/100|[from] Volt Switch\n|\n|upkeep\n|turn|27\n|\n|t:|1700028648\n|-terastallize|p1a: Salamence|Steel\n|move|p2a: Dragapult|Dragon Darts|p1a: Salamence\n|-resisted|p1a: Salamence\n|-damage|p1a: Salamence|69\/100 par\n|-anim|p2a: Dragapult|Dragon Darts|p1a: Salamence\n|-resisted|p1a: Salamence\n|-damage|p1a: Salamence|55\/100 par\n|move|p1a: Salamence|Dragon Dance|p1a: Salamence\n|-boost|p1a: Salamence|atk|1\n|-boost|p1a: Salamence|spe|1\n|\n|upkeep\n|turn|28\n|\n|t:|1700028652\n|move|p1a: Salamence|Earthquake|p2a: Dragapult\n|-damage|p2a: Dragapult|0 fnt\n|faint|p2a: Dragapult\n|\n|upkeep\n|\n|t:|1700028656\n|switch|p2a: Sneasler|Sneasler, M, shiny|100\/100\n|turn|29\n|\n|t:|1700028659\n|-terastallize|p2a: Sneasler|Fighting\n|move|p1a: Salamence|Dual Wingbeat|p2a: Sneasler|[miss]\n|-miss|p1a: Salamence|p2a: Sneasler\n|move|p2a: Sneasler|Close Combat|p1a: Salamence\n|-supereffective|p1a: Salamence\n|-damage|p1a: Salamence|0 fnt\n|-unboost|p2a: Sneasler|def|1\n|-unboost|p2a: Sneasler|spd|1\n|faint|p1a: Salamence\n|\n|upkeep\n|\n|t:|1700028665\n|switch|p1a: Iron Valiant|Iron Valiant|100\/100\n|-damage|p1a: Iron Valiant|88\/100|[from] Spikes\n|turn|30\n|c|\u2606rj yoip|almost cooked your ass\n|c|\u2606rj yoip|lucky miss\n|inactive|amstan has 120 seconds left.\n|\n|t:|1700028710\n|switch|p2a: Slowking|Slowking-Galar, F|100\/100\n|move|p1a: Iron Valiant|Moonblast|p2a: Slowking\n|-resisted|p2a: Slowking\n|-damage|p2a: Slowking|86\/100\n|\n|upkeep\n|turn|31\n|\n|t:|1700028730\n|-end|p1a: Iron Valiant|Quark Drive|[silent]\n|switch|p1a: Kingambit|Kingambit, M|100\/100\n|-damage|p1a: Kingambit|88\/100|[from] Spikes\n|-activate|p1a: Kingambit|ability: Supreme Overlord\n|-start|p1a: Kingambit|fallen2|[silent]\n|move|p2a: Slowking|Chilly Reception|p2a: Slowking\n|-weather|Snow\n|\n|t:|1700028734\n|switch|p2a: Sneasler|Sneasler, M, shiny, tera:Fighting|100\/100|[from] Chilly Reception\n|\n|-weather|Snow|[upkeep]\n|-heal|p1a: Kingambit|94\/100|[from] item: Leftovers\n|upkeep\n|turn|32\n|\n|t:|1700028736\n|-end|p1a: Kingambit|fallen2|[silent]\n|switch|p1a: Slowking|Slowking-Galar, M|100\/100\n|move|p2a: Sneasler|Close Combat|p1a: Slowking\n|-resisted|p1a: Slowking\n|-damage|p1a: Slowking|86\/100\n|-unboost|p2a: Sneasler|def|1\n|-unboost|p2a: Sneasler|spd|1\n|\n|-weather|Snow|[upkeep]\n|upkeep\n|turn|33\n|\n|t:|1700028740\n|move|p2a: Sneasler|U-turn|p1a: Slowking\n|-damage|p1a: Slowking|69\/100\n|\n|t:|1700028742\n|switch|p2a: Samurott|Samurott-Hisui, F, shiny|16\/100 par|[from] U-turn\n|move|p1a: Slowking|Chilly Reception|p1a: Slowking\n|\n|t:|1700028745\n|switch|p1a: Zapdos|Zapdos|99\/100|[from] Chilly Reception\n|\n|-weather|Snow|[upkeep]\n|upkeep\n|turn|34\n|\n|t:|1700028775\n|move|p1a: Zapdos|Discharge|p2a: Samurott\n|-supereffective|p2a: Samurott\n|-damage|p2a: Samurott|0 fnt\n|faint|p2a: Samurott\n|\n|-weather|Snow|[upkeep]\n|upkeep\n|\n|t:|1700028777\n|switch|p2a: Slowking|Slowking-Galar, F|100\/100\n|turn|35\n|\n|t:|1700028782\n|move|p1a: Zapdos|Discharge|p2a: Slowking\n|-damage|p2a: Slowking|81\/100\n|move|p2a: Slowking|Chilly Reception|p2a: Slowking\n|inactive|amstan has 120 seconds left.\n|\n|t:|1700028817\n|switch|p2a: Sneasler|Sneasler, M, shiny, tera:Fighting|100\/100|[from] Chilly Reception\n|\n|-weather|none\n|upkeep\n|turn|36\n|\n|t:|1700028823\n|switch|p1a: Slowking|Slowking-Galar, M|100\/100\n|move|p2a: Sneasler|Fake Out|p1a: Slowking\n|-damage|p1a: Slowking|90\/100\n|\n|upkeep\n|turn|37\n|\n|t:|1700028827\n|move|p2a: Sneasler|U-turn|p1a: Slowking\n|-damage|p1a: Slowking|74\/100\n|\n|t:|1700028829\n|switch|p2a: Slowking|Slowking-Galar, F|100\/100|[from] U-turn\n|move|p1a: Slowking|Future Sight|p2a: Slowking\n|-start|p1a: Slowking|move: Future Sight\n|\n|upkeep\n|turn|38\n|c|\u2606amstan|Gg\n|-message|amstan forfeited.\n|\n|win|rj yoip\n|raw|rj yoip's rating: 1490 &rarr; <strong>1517<\/strong><br \/>(+27 for winning)\n|raw|amstan's rating: 1623 &rarr; <strong>1596<\/strong><br \/>(-27 for losing)\n","uploadtime":1700028852,"views":17,"p1id":"rjyoip","p2id":"amstan","formatid":"gen9ou","rating":1517,"private":0,"password":""}