{"id":"gen9ou-1994759857","p1":"Sappkira","p2":"sleepcooling","format":"[Gen 9] OU","log":"|j|\u2606Sappkira\n|j|\u2606sleepcooling\n|t:|1700489982\n|gametype|singles\n|player|p1|Sappkira|169|1667\n|player|p2|sleepcooling|bianca|1580\n|teamsize|p1|6\n|teamsize|p2|6\n|gen|9\n|tier|[Gen 9] OU\n|rated|\n|rule|Sleep Clause Mod: Limit one foe put to sleep\n|rule|Species Clause: Limit one of each Pok\u00e9mon\n|rule|OHKO Clause: OHKO moves are banned\n|rule|Evasion Items Clause: Evasion items are banned\n|rule|Evasion Moves Clause: Evasion moves are banned\n|rule|Endless Battle Clause: Forcing endless battles is banned\n|rule|HP Percentage Mod: HP is shown in percentages\n|clearpoke\n|poke|p1|Samurott-Hisui, F|\n|poke|p1|Landorus-Therian, M|\n|poke|p1|Cinderace, F|\n|poke|p1|Gholdengo|\n|poke|p1|Kingambit, F|\n|poke|p1|Iron Valiant|\n|poke|p2|Weavile, F|\n|poke|p2|Hawlucha, M|\n|poke|p2|Great Tusk|\n|poke|p2|Rillaboom, M|\n|poke|p2|Ogerpon-Cornerstone, F|\n|poke|p2|Thundurus-Therian, M|\n|teampreview\n|inactive|Battle timer is ON: inactive players will automatically lose when time's up. (requested by Sappkira)\n|\n|t:|1700490008\n|start\n|switch|p1a: Gholdengo|Gholdengo|100\/100\n|switch|p2a: \u5361\u749e\u7329\u7329|Rillaboom, M|100\/100\n|-fieldstart|move: Grassy Terrain|[from] ability: Grassy Surge|[of] p2a: \u5361\u749e\u7329\u7329\n|turn|1\n|\n|t:|1700490014\n|switch|p1a: Landorus|Landorus-Therian, M|100\/100\n|-ability|p1a: Landorus|Intimidate|boost\n|-unboost|p2a: \u5361\u749e\u7329\u7329|atk|1\n|move|p2a: \u5361\u749e\u7329\u7329|Knock Off|p1a: Landorus\n|-damage|p1a: Landorus|85\/100\n|-damage|p2a: \u5361\u749e\u7329\u7329|84\/100|[from] item: Rocky Helmet|[of] p1a: Landorus\n|-enditem|p1a: Landorus|Rocky Helmet|[from] move: Knock Off|[of] p2a: \u5361\u749e\u7329\u7329\n|\n|-heal|p2a: \u5361\u749e\u7329\u7329|90\/100|[from] Grassy Terrain\n|upkeep\n|turn|2\n|\n|t:|1700490030\n|switch|p2a: \u5de5\u5177\u4eba|Great Tusk|100\/100\n|move|p1a: Landorus|Stealth Rock|p2a: \u5de5\u5177\u4eba\n|-sidestart|p2: sleepcooling|move: Stealth Rock\n|\n|upkeep\n|turn|3\n|\n|t:|1700490045\n|move|p2a: \u5de5\u5177\u4eba|Headlong Rush|p1a: Landorus\n|-immune|p1a: Landorus\n|move|p1a: Landorus|Grass Knot|p2a: \u5de5\u5177\u4eba\n|-supereffective|p2a: \u5de5\u5177\u4eba\n|-damage|p2a: \u5de5\u5177\u4eba|28\/100\n|\n|-heal|p2a: \u5de5\u5177\u4eba|34\/100|[from] Grassy Terrain\n|upkeep\n|turn|4\n|\n|t:|1700490055\n|move|p2a: \u5de5\u5177\u4eba|Stealth Rock|p1a: Landorus\n|-sidestart|p1: Sappkira|move: Stealth Rock\n|move|p1a: Landorus|Grass Knot|p2a: \u5de5\u5177\u4eba\n|-supereffective|p2a: \u5de5\u5177\u4eba\n|-damage|p2a: \u5de5\u5177\u4eba|0 fnt\n|faint|p2a: \u5de5\u5177\u4eba\n|-end|p2a: \u5de5\u5177\u4eba|Protosynthesis|[silent]\n|\n|upkeep\n|\n|t:|1700490062\n|switch|p2a: \u6076\u4eba|Weavile, F|100\/100\n|-ability|p2a: \u6076\u4eba|Pressure\n|turn|5\n|\n|t:|1700490085\n|switch|p1a: Samurott|Samurott-Hisui, F|100\/100\n|-damage|p1a: Samurott|88\/100|[from] Stealth Rock\n|move|p2a: \u6076\u4eba|Knock Off|p1a: Samurott\n|-resisted|p1a: Samurott\n|-damage|p1a: Samurott|57\/100\n|-enditem|p1a: Samurott|Assault Vest|[from] move: Knock Off|[of] p2a: \u6076\u4eba\n|\n|-heal|p1a: Samurott|63\/100|[from] Grassy Terrain\n|-fieldend|move: Grassy Terrain\n|upkeep\n|turn|6\n|\n|t:|1700490103\n|move|p2a: \u6076\u4eba|Swords Dance|p2a: \u6076\u4eba\n|-boost|p2a: \u6076\u4eba|atk|2\n|move|p1a: Samurott|Sacred Sword|p2a: \u6076\u4eba\n|-supereffective|p2a: \u6076\u4eba\n|-damage|p2a: \u6076\u4eba|0 fnt\n|faint|p2a: \u6076\u4eba\n|\n|upkeep\n|\n|t:|1700490113\n|switch|p2a: \u5361\u749e\u7329\u7329|Rillaboom, M|90\/100\n|-damage|p2a: \u5361\u749e\u7329\u7329|78\/100|[from] Stealth Rock\n|-fieldstart|move: Grassy Terrain|[from] ability: Grassy Surge|[of] p2a: \u5361\u749e\u7329\u7329\n|turn|7\n|\n|t:|1700490122\n|switch|p1a: Landorus|Landorus-Therian, M|85\/100\n|-damage|p1a: Landorus|72\/100|[from] Stealth Rock\n|-ability|p1a: Landorus|Intimidate|boost\n|-unboost|p2a: \u5361\u749e\u7329\u7329|atk|1\n|move|p2a: \u5361\u749e\u7329\u7329|Wood Hammer|p1a: Landorus\n|-damage|p1a: Landorus|32\/100\n|-damage|p2a: \u5361\u749e\u7329\u7329|65\/100|[from] Recoil\n|\n|-heal|p2a: \u5361\u749e\u7329\u7329|72\/100|[from] Grassy Terrain\n|upkeep\n|turn|8\n|\n|t:|1700490137\n|move|p1a: Landorus|U-turn|p2a: \u5361\u749e\u7329\u7329\n|-supereffective|p2a: \u5361\u749e\u7329\u7329\n|-damage|p2a: \u5361\u749e\u7329\u7329|31\/100\n|-enditem|p2a: \u5361\u749e\u7329\u7329|Eject Button\n|\n|t:|1700490142\n|switch|p2a: \u9e1f\u4eba|Hawlucha, M|100\/100\n|-damage|p2a: \u9e1f\u4eba|88\/100|[from] Stealth Rock\n|-enditem|p2a: \u9e1f\u4eba|Grassy Seed\n|-boost|p2a: \u9e1f\u4eba|def|1|[from] item: Grassy Seed\n|\n|upkeep\n|turn|9\n|\n|t:|1700490151\n|move|p2a: \u9e1f\u4eba|Swords Dance|p2a: \u9e1f\u4eba\n|-boost|p2a: \u9e1f\u4eba|atk|2\n|move|p1a: Landorus|U-turn|p2a: \u9e1f\u4eba\n|-resisted|p2a: \u9e1f\u4eba\n|-damage|p2a: \u9e1f\u4eba|83\/100\n|\n|t:|1700490173\n|switch|p1a: Gholdengo|Gholdengo|100\/100|[from] U-turn\n|-damage|p1a: Gholdengo|94\/100|[from] Stealth Rock\n|\n|-heal|p1a: Gholdengo|100\/100|[from] Grassy Terrain\n|upkeep\n|turn|10\n|\n|t:|1700490196\n|-terastallize|p2a: \u9e1f\u4eba|Dark\n|move|p2a: \u9e1f\u4eba|Tera Blast|p1a: Gholdengo|[anim] Tera Blast Dark\n|-supereffective|p1a: Gholdengo\n|-damage|p1a: Gholdengo|0 fnt\n|faint|p1a: Gholdengo\n|\n|-heal|p2a: \u9e1f\u4eba|89\/100|[from] Grassy Terrain\n|upkeep\n|\n|t:|1700490218\n|switch|p1a: Kingambit|Kingambit, F|100\/100\n|-damage|p1a: Kingambit|94\/100|[from] Stealth Rock\n|-activate|p1a: Kingambit|ability: Supreme Overlord\n|-start|p1a: Kingambit|fallen1|[silent]\n|turn|11\n|inactive|Sappkira has 120 seconds left.\n|\n|t:|1700490240\n|-terastallize|p1a: Kingambit|Flying\n|move|p2a: \u9e1f\u4eba|Acrobatics|p1a: Kingambit\n|-damage|p1a: Kingambit|18\/100\n|move|p1a: Kingambit|Iron Head|p2a: \u9e1f\u4eba\n|-damage|p2a: \u9e1f\u4eba|42\/100\n|\n|-heal|p2a: \u9e1f\u4eba|49\/100|[from] Grassy Terrain\n|-heal|p1a: Kingambit|25\/100|[from] item: Leftovers\n|-fieldend|move: Grassy Terrain\n|upkeep\n|turn|12\n|inactive|Sappkira has 120 seconds left.\n|\n|t:|1700490263\n|-end|p1a: Kingambit|fallen1|[silent]\n|switch|p1a: Landorus|Landorus-Therian, M|32\/100\n|-damage|p1a: Landorus|20\/100|[from] Stealth Rock\n|-ability|p1a: Landorus|Intimidate|boost\n|-unboost|p2a: \u9e1f\u4eba|atk|1\n|move|p2a: \u9e1f\u4eba|Swords Dance|p2a: \u9e1f\u4eba\n|-boost|p2a: \u9e1f\u4eba|atk|2\n|\n|upkeep\n|turn|13\n|inactive|Sappkira has 120 seconds left.\n|\n|t:|1700490281\n|move|p2a: \u9e1f\u4eba|Acrobatics|p1a: Landorus\n|-damage|p1a: Landorus|0 fnt\n|faint|p1a: Landorus\n|\n|upkeep\n|inactive|Sappkira has 90 seconds left.\n|inactive|Sappkira has 60 seconds left.\n|\n|t:|1700490362\n|switch|p1a: Samurott|Samurott-Hisui, F|63\/100\n|-damage|p1a: Samurott|51\/100|[from] Stealth Rock\n|turn|14\n|\n|t:|1700490370\n|move|p1a: Samurott|Aqua Jet|p2a: \u9e1f\u4eba\n|-damage|p2a: \u9e1f\u4eba|35\/100\n|move|p2a: \u9e1f\u4eba|Acrobatics|p1a: Samurott\n|-damage|p1a: Samurott|0 fnt\n|faint|p1a: Samurott\n|\n|upkeep\n|\n|t:|1700490388\n|switch|p1a: Iron Valiant|Iron Valiant|100\/100\n|-damage|p1a: Iron Valiant|94\/100|[from] Stealth Rock\n|-enditem|p1a: Iron Valiant|Booster Energy\n|-activate|p1a: Iron Valiant|ability: Quark Drive|[fromitem]\n|-start|p1a: Iron Valiant|quarkdrivespe\n|turn|15\n|\n|t:|1700490395\n|move|p2a: \u9e1f\u4eba|Acrobatics|p1a: Iron Valiant\n|-supereffective|p1a: Iron Valiant\n|-damage|p1a: Iron Valiant|0 fnt\n|faint|p1a: Iron Valiant\n|-end|p1a: Iron Valiant|Quark Drive|[silent]\n|\n|upkeep\n|\n|t:|1700490398\n|switch|p1a: Cinderace|Cinderace, F|100\/100\n|turn|16\n|\n|t:|1700490407\n|move|p2a: \u9e1f\u4eba|Acrobatics|p1a: Cinderace\n|-damage|p1a: Cinderace|0 fnt\n|faint|p1a: Cinderace\n|\n|upkeep\n|\n|t:|1700490410\n|switch|p1a: Kingambit|Kingambit, F, tera:Flying|25\/100\n|-damage|p1a: Kingambit|0 fnt|[from] Stealth Rock\n|faint|p1a: Kingambit\n|-end|p1a: Kingambit|fallen1|[silent]\n|\n|win|sleepcooling\n|raw|Sappkira's rating: 1667 &rarr; <strong>1642<\/strong><br \/>(-25 for losing)\n|raw|sleepcooling's rating: 1580 &rarr; <strong>1605<\/strong><br \/>(+25 for winning)\n","uploadtime":1700490423,"views":4,"p1id":"sappkira","p2id":"sleepcooling","formatid":"gen9ou","rating":1605,"private":0,"password":""}