{"id":"gen9ou-1991036696","p1":"pelukas","p2":"utsudere","format":"[Gen 9] OU","log":"|j|\u2606pelukas\n|j|\u2606utsudere\n|t:|1700032222\n|gametype|singles\n|player|p1|pelukas|grimsley|1069\n|player|p2|utsudere|hilda-wonderlauncher|1000\n|teamsize|p1|6\n|teamsize|p2|4\n|gen|9\n|tier|[Gen 9] OU\n|rated|\n|rule|Sleep Clause Mod: Limit one foe put to sleep\n|rule|Species Clause: Limit one of each Pok\u00e9mon\n|rule|OHKO Clause: OHKO moves are banned\n|rule|Evasion Items Clause: Evasion items are banned\n|rule|Evasion Moves Clause: Evasion moves are banned\n|rule|Endless Battle Clause: Forcing endless battles is banned\n|rule|HP Percentage Mod: HP is shown in percentages\n|clearpoke\n|poke|p1|Thundurus-Therian, M|\n|poke|p1|Gyarados, M|\n|poke|p1|Corviknight, M|\n|poke|p1|Dragonite, F|\n|poke|p1|Drifblim, M|\n|poke|p1|Braviary-Hisui, M|\n|poke|p2|Hatterene, F|\n|poke|p2|Dragapult, M|\n|poke|p2|Ting-Lu|\n|poke|p2|Blissey, F|\n|teampreview\n|inactive|Battle timer is ON: inactive players will automatically lose when time's up. (requested by utsudere)\n|inactive|pelukas also wants the timer to be on.\n|\n|t:|1700032240\n|start\n|switch|p1a: Psyco bird|Braviary-Hisui, M, shiny|100\/100\n|switch|p2a: Dragapult|Dragapult, M|100\/100\n|turn|1\n|\n|t:|1700032249\n|-terastallize|p2a: Dragapult|Ghost\n|move|p2a: Dragapult|Shadow Ball|p1a: Psyco bird\n|-supereffective|p1a: Psyco bird\n|-damage|p1a: Psyco bird|4\/100\n|move|p1a: Psyco bird|Shadow Ball|p2a: Dragapult\n|-supereffective|p2a: Dragapult\n|-damage|p2a: Dragapult|25\/100\n|\n|upkeep\n|turn|2\n|\n|t:|1700032258\n|switch|p1a: Carmena|Dragonite, F|100\/100\n|move|p2a: Dragapult|Shadow Ball|p1a: Carmena\n|-damage|p1a: Carmena|76\/100\n|\n|upkeep\n|turn|3\n|\n|t:|1700032279\n|switch|p2a: Hatterene|Hatterene, F|100\/100\n|move|p1a: Carmena|Thunder Punch|p2a: Hatterene\n|-damage|p2a: Hatterene|71\/100\n|\n|-heal|p2a: Hatterene|77\/100|[from] item: Leftovers\n|upkeep\n|turn|4\n|\n|t:|1700032295\n|switch|p1a: IronBird|Corviknight, M|100\/100\n|move|p2a: Hatterene|Draining Kiss|p1a: IronBird\n|-resisted|p1a: IronBird\n|-damage|p1a: IronBird|90\/100\n|-heal|p2a: Hatterene|87\/100|[from] drain|[of] p1a: IronBird\n|-damage|p2a: Hatterene|70\/100|[from] item: Rocky Helmet|[of] p1a: IronBird\n|\n|-heal|p2a: Hatterene|76\/100|[from] item: Leftovers\n|upkeep\n|turn|5\n|\n|t:|1700032306\n|move|p1a: IronBird|Bulk Up|p1a: IronBird\n|-boost|p1a: IronBird|atk|1\n|-boost|p1a: IronBird|def|1\n|move|p2a: Hatterene|Mystical Fire|p1a: IronBird\n|-supereffective|p1a: IronBird\n|-crit|p1a: IronBird\n|-damage|p1a: IronBird|22\/100\n|-ability|p1a: IronBird|Mirror Armor\n|-unboost|p2a: Hatterene|spa|1\n|\n|-heal|p2a: Hatterene|82\/100|[from] item: Leftovers\n|upkeep\n|turn|6\n|\n|t:|1700032320\n|move|p1a: IronBird|U-turn|p2a: Hatterene\n|-damage|p2a: Hatterene|54\/100\n|\n|t:|1700032324\n|switch|p1a: Shen-long|Gyarados, M|100\/100|[from] U-turn\n|-ability|p1a: Shen-long|Intimidate|boost\n|-unboost|p2a: Hatterene|atk|1\n|move|p2a: Hatterene|Mystical Fire|p1a: Shen-long\n|-resisted|p1a: Shen-long\n|-damage|p1a: Shen-long|93\/100\n|-unboost|p1a: Shen-long|spa|1\n|\n|-heal|p2a: Hatterene|60\/100|[from] item: Leftovers\n|upkeep\n|turn|7\n|inactive|utsudere has 120 seconds left.\n|\n|t:|1700032356\n|switch|p2a: Blissey|Blissey, F|100\/100\n|move|p1a: Shen-long|Dragon Dance|p1a: Shen-long\n|-boost|p1a: Shen-long|atk|1\n|-boost|p1a: Shen-long|spe|1\n|\n|upkeep\n|turn|8\n|\n|t:|1700032368\n|move|p1a: Shen-long|Earthquake|p2a: Blissey\n|-damage|p2a: Blissey|53\/100\n|move|p2a: Blissey|Heal Pulse|p1a: Shen-long\n|-heal|p1a: Shen-long|100\/100\n|\n|upkeep\n|turn|9\n|-message|utsudere forfeited.\n|\n|win|pelukas\n|raw|pelukas's rating: 1069 &rarr; <strong>1093<\/strong><br \/>(+24 for winning)\n|raw|utsudere's rating: 1000 &rarr; <strong>1000<\/strong><br \/>(+0 for losing)\n|l|\u2606utsudere\n","uploadtime":1700032380,"views":6,"p1id":"pelukas","p2id":"utsudere","formatid":"gen9ou","rating":1000,"private":0,"password":""}