{"id":"gen9ou-1988522002","p1":"FavMon=Garchomp","p2":"GodKmi","format":"[Gen 9] OU","log":"|j|\u2606FavMon=Garchomp\n|j|\u2606GodKmi\n|t:|1699731921\n|gametype|singles\n|player|p1|FavMon=Garchomp|hilbert|\n|player|p2|GodKmi|saguaro|\n|teamsize|p1|6\n|teamsize|p2|6\n|gen|9\n|tier|[Gen 9] OU\n|rule|Sleep Clause Mod: Limit one foe put to sleep\n|rule|Species Clause: Limit one of each Pok\u00e9mon\n|rule|OHKO Clause: OHKO moves are banned\n|rule|Evasion Items Clause: Evasion items are banned\n|rule|Evasion Moves Clause: Evasion moves are banned\n|rule|Endless Battle Clause: Forcing endless battles is banned\n|rule|HP Percentage Mod: HP is shown in percentages\n|clearpoke\n|poke|p1|Samurott-Hisui, F|\n|poke|p1|Dragapult, F|\n|poke|p1|Iron Moth|\n|poke|p1|Dragonite, M|\n|poke|p1|Azumarill, M|\n|poke|p1|Moltres-Galar|\n|poke|p2|Talonflame, M|\n|poke|p2|Kingambit, M|\n|poke|p2|Dondozo, F|\n|poke|p2|Pawmot, M|\n|poke|p2|Skeledirge, F|\n|poke|p2|Alomomola, M|\n|teampreview\n|c|\u2606FavMon=Garchomp|This was pre-Teal Mask.  I don't have many Teal Mask OU teams\n|\n|t:|1699731963\n|start\n|switch|p1a: Samurott|Samurott-Hisui, F|100\/100\n|switch|p2a: Dondozo|Dondozo, F|100\/100\n|turn|1\n|inactive|Battle timer is ON: inactive players will automatically lose when time's up. (requested by FavMon=Garchomp)\n|c|\u2606GodKmi|this is also\n|c|\u2606GodKmi|pre hahaha\n|c|\u2606GodKmi|this is also pre pokebank\n|\n|t:|1699731984\n|move|p1a: Samurott|Ceaseless Edge|p2a: Dondozo\n|-damage|p2a: Dondozo|73\/100\n|-sidestart|p2: GodKmi|Spikes\n|move|p2a: Dondozo|Liquidation|p1a: Samurott\n|-resisted|p1a: Samurott\n|-damage|p1a: Samurott|63\/100\n|\n|upkeep\n|turn|2\n|\n|t:|1699731992\n|move|p1a: Samurott|Ceaseless Edge|p2a: Dondozo\n|-damage|p2a: Dondozo|43\/100\n|-sidestart|p2: GodKmi|Spikes\n|move|p2a: Dondozo|Liquidation|p1a: Samurott\n|-resisted|p1a: Samurott\n|-damage|p1a: Samurott|26\/100\n|-unboost|p1a: Samurott|def|1\n|\n|upkeep\n|turn|3\n|\n|t:|1699732000\n|move|p1a: Samurott|Taunt|p2a: Dondozo\n|-start|p2a: Dondozo|move: Taunt\n|move|p2a: Dondozo|Liquidation|p1a: Samurott\n|-resisted|p1a: Samurott\n|-damage|p1a: Samurott|0 fnt\n|faint|p1a: Samurott\n|\n|upkeep\n|\n|t:|1699732029\n|switch|p1a: Moltres|Moltres-Galar|100\/100\n|turn|4\n|\n|t:|1699732039\n|move|p1a: Moltres|Fiery Wrath|p2a: Dondozo\n|-damage|p2a: Dondozo|5\/100\n|move|p2a: Dondozo|Liquidation|p1a: Moltres\n|-damage|p1a: Moltres|33\/100\n|-unboost|p1a: Moltres|def|1\n|-ability|p1a: Moltres|Berserk|boost\n|-boost|p1a: Moltres|spa|1\n|\n|upkeep\n|turn|5\n|\n|t:|1699732047\n|move|p1a: Moltres|Fiery Wrath|p2a: Dondozo\n|-damage|p2a: Dondozo|0 fnt\n|faint|p2a: Dondozo\n|\n|upkeep\n|\n|t:|1699732055\n|switch|p2a: Skeledirge|Skeledirge, F|100\/100\n|turn|6\n|\n|t:|1699732060\n|-terastallize|p2a: Skeledirge|Fairy\n|move|p1a: Moltres|Fiery Wrath|p2a: Skeledirge\n|-resisted|p2a: Skeledirge\n|-damage|p2a: Skeledirge|76\/100\n|move|p2a: Skeledirge|Torch Song|p1a: Moltres\n|-damage|p1a: Moltres|6\/100\n|-boost|p2a: Skeledirge|spa|1\n|\n|upkeep\n|turn|7\n|\n|t:|1699732067\n|move|p1a: Moltres|Fiery Wrath|p2a: Skeledirge\n|-resisted|p2a: Skeledirge\n|-damage|p2a: Skeledirge|54\/100\n|move|p2a: Skeledirge|Torch Song|p1a: Moltres\n|-damage|p1a: Moltres|0 fnt\n|-boost|p2a: Skeledirge|spa|1\n|faint|p1a: Moltres\n|\n|upkeep\n|\n|t:|1699732086\n|switch|p1a: Iron Moth|Iron Moth|100\/100\n|-enditem|p1a: Iron Moth|Booster Energy\n|-activate|p1a: Iron Moth|ability: Quark Drive|[fromitem]\n|-start|p1a: Iron Moth|quarkdrivespe\n|turn|8\n|\n|t:|1699732102\n|switch|p2a: Kingambit|Kingambit, M|100\/100\n|-damage|p2a: Kingambit|84\/100|[from] Spikes\n|-ability|p2a: Kingambit|Pressure\n|move|p1a: Iron Moth|Sludge Wave|p2a: Kingambit\n|-immune|p2a: Kingambit\n|\n|-heal|p2a: Kingambit|90\/100|[from] item: Leftovers\n|upkeep\n|turn|9\n|\n|t:|1699732107\n|switch|p2a: Alomomola|Alomomola, M|100\/100\n|-damage|p2a: Alomomola|84\/100|[from] Spikes\n|move|p1a: Iron Moth|Fiery Dance|p2a: Alomomola\n|-resisted|p2a: Alomomola\n|-damage|p2a: Alomomola|70\/100\n|\n|-heal|p2a: Alomomola|76\/100|[from] item: Leftovers\n|upkeep\n|turn|10\n|\n|t:|1699732113\n|move|p1a: Iron Moth|Fiery Dance|p2a: Alomomola\n|-resisted|p2a: Alomomola\n|-crit|p2a: Alomomola\n|-damage|p2a: Alomomola|52\/100\n|move|p2a: Alomomola|Mirror Coat|p1a: Iron Moth\n|-damage|p1a: Iron Moth|19\/100\n|\n|-heal|p2a: Alomomola|58\/100|[from] item: Leftovers\n|upkeep\n|turn|11\n|\n|t:|1699732118\n|-end|p1a: Iron Moth|Quark Drive|[silent]\n|switch|p1a: Dragapult|Dragapult, F|100\/100\n|move|p2a: Alomomola|Protect||[still]\n|-fail|p2a: Alomomola\n|\n|-heal|p2a: Alomomola|64\/100|[from] item: Leftovers\n|upkeep\n|turn|12\n|\n|t:|1699732123\n|move|p2a: Alomomola|Protect|p2a: Alomomola\n|-singleturn|p2a: Alomomola|Protect\n|move|p1a: Dragapult|Light Screen|p1a: Dragapult\n|-sidestart|p1: FavMon=Garchomp|move: Light Screen\n|\n|-heal|p2a: Alomomola|70\/100|[from] item: Leftovers\n|upkeep\n|turn|13\n|\n|t:|1699732126\n|move|p1a: Dragapult|Reflect|p1a: Dragapult\n|-sidestart|p1: FavMon=Garchomp|Reflect\n|move|p2a: Alomomola|Wish|p2a: Alomomola\n|\n|-heal|p2a: Alomomola|76\/100|[from] item: Leftovers\n|upkeep\n|turn|14\n|\n|t:|1699732130\n|move|p1a: Dragapult|U-turn|p2a: Alomomola\n|-damage|p2a: Alomomola|63\/100\n|\n|t:|1699732141\n|switch|p1a: Azumarill|Azumarill, M|100\/100|[from] U-turn\n|move|p2a: Alomomola|Flip Turn|p1a: Azumarill\n|-resisted|p1a: Azumarill\n|-damage|p1a: Azumarill|97\/100\n|inactive|GodKmi has 270 seconds left.\n|\n|t:|1699732187\n|switch|p2a: Talonflame|Talonflame, M|100\/100|[from] Flip Turn\n|\n|upkeep\n|turn|15\n|c|\u2606FavMon=Garchomp|I thought you said this was pre pokebank\n|c|\u2606GodKmi|yes\n|c|\u2606FavMon=Garchomp|Liar.\n|c|\u2606GodKmi|but ofc i made\n|c|\u2606GodKmi|adjustements\n|c|\u2606GodKmi|how can i not put flip turn\n|\n|t:|1699732210\n|switch|p1a: Dragapult|Dragapult, F|100\/100\n|move|p2a: Talonflame|Will-O-Wisp|p1a: Dragapult\n|-status|p1a: Dragapult|brn\n|\n|-damage|p1a: Dragapult|94\/100 brn|[from] brn\n|upkeep\n|turn|16\n|\n|t:|1699732215\n|move|p1a: Dragapult|Curse|p2a: Talonflame\n|-start|p2a: Talonflame|Curse|[of] p1a: Dragapult\n|-damage|p1a: Dragapult|45\/100 brn\n|move|p2a: Talonflame|Defog|p1a: Dragapult\n|-unboost|p1a: Dragapult|evasion|1\n|-sideend|p1: FavMon=Garchomp|Reflect\n|-sideend|p1: FavMon=Garchomp|move: Light Screen\n|-sideend|p2: GodKmi|Spikes|[from] move: Defog|[of] p2a: Talonflame\n|\n|-damage|p1a: Dragapult|38\/100 brn|[from] brn\n|-damage|p2a: Talonflame|76\/100|[from] Curse\n|upkeep\n|turn|17\n|\n|t:|1699732219\n|switch|p2a: Alomomola|Alomomola, M|96\/100\n|move|p1a: Dragapult|Reflect|p1a: Dragapult\n|-sidestart|p1: FavMon=Garchomp|Reflect\n|\n|-heal|p2a: Alomomola|100\/100|[from] item: Leftovers\n|-damage|p1a: Dragapult|32\/100 brn|[from] brn\n|upkeep\n|turn|18\n|\n|t:|1699732222\n|move|p1a: Dragapult|Light Screen|p1a: Dragapult\n|-sidestart|p1: FavMon=Garchomp|move: Light Screen\n|move|p2a: Alomomola|Wish|p2a: Alomomola\n|\n|-damage|p1a: Dragapult|26\/100 brn|[from] brn\n|upkeep\n|turn|19\n|\n|t:|1699732225\n|move|p1a: Dragapult|Curse|p2a: Alomomola\n|-start|p2a: Alomomola|Curse|[of] p1a: Dragapult\n|-damage|p1a: Dragapult|0 fnt\n|faint|p1a: Dragapult\n|move|p2a: Alomomola|Flip Turn|p1: Dragapult|[notarget]\n|-fail|p2a: Alomomola\n|\n|-damage|p2a: Alomomola|76\/100|[from] Curse\n|upkeep\n|\n|t:|1699732237\n|switch|p1a: Dragonite|Dragonite, M|100\/100\n|turn|20\n|\n|t:|1699732243\n|move|p1a: Dragonite|Dragon Dance|p1a: Dragonite\n|-boost|p1a: Dragonite|atk|1\n|-boost|p1a: Dragonite|spe|1\n|move|p2a: Alomomola|Flip Turn|p1a: Dragonite\n|-resisted|p1a: Dragonite\n|-damage|p1a: Dragonite|99\/100\n|\n|t:|1699732246\n|switch|p2a: Talonflame|Talonflame, M|76\/100|[from] Flip Turn\n|\n|upkeep\n|turn|21\n|\n|t:|1699732250\n|-terastallize|p1a: Dragonite|Fire\n|move|p1a: Dragonite|Dragon Dance|p1a: Dragonite\n|-boost|p1a: Dragonite|atk|1\n|-boost|p1a: Dragonite|spe|1\n|move|p2a: Talonflame|Will-O-Wisp|p1a: Dragonite\n|-immune|p1a: Dragonite\n|\n|upkeep\n|turn|22\n|\n|t:|1699732255\n|switch|p2a: Skeledirge|Skeledirge, F, tera:Fairy|54\/100\n|move|p1a: Dragonite|Encore||[still]\n|-fail|p1a: Dragonite\n|\n|upkeep\n|turn|23\n|\n|t:|1699732259\n|move|p1a: Dragonite|Fire Punch|p2a: Skeledirge\n|-damage|p2a: Skeledirge|28\/100\n|move|p2a: Skeledirge|Slack Off|p2a: Skeledirge\n|-heal|p2a: Skeledirge|78\/100\n|\n|upkeep\n|turn|24\n|\n|t:|1699732263\n|switch|p2a: Alomomola|Alomomola, M|100\/100\n|move|p1a: Dragonite|Encore||[still]\n|-fail|p1a: Dragonite\n|\n|-sideend|p1: FavMon=Garchomp|Reflect\n|upkeep\n|turn|25\n|\n|t:|1699732267\n|move|p1a: Dragonite|Dragon Claw|p2a: Alomomola\n|-damage|p2a: Alomomola|33\/100\n|move|p2a: Alomomola|Flip Turn|p1a: Dragonite\n|-supereffective|p1a: Dragonite\n|-damage|p1a: Dragonite|63\/100\n|\n|t:|1699732271\n|switch|p2a: Skeledirge|Skeledirge, F, tera:Fairy|78\/100|[from] Flip Turn\n|\n|-sideend|p1: FavMon=Garchomp|move: Light Screen\n|upkeep\n|turn|26\n|\n|t:|1699732275\n|move|p1a: Dragonite|Fire Punch|p2a: Skeledirge\n|-damage|p2a: Skeledirge|54\/100\n|move|p2a: Skeledirge|Shadow Ball|p1a: Dragonite\n|-damage|p1a: Dragonite|33\/100\n|\n|upkeep\n|turn|27\n|\n|t:|1699732281\n|move|p1a: Dragonite|Encore|p2a: Skeledirge\n|-start|p2a: Skeledirge|Encore\n|move|p2a: Skeledirge|Shadow Ball|p1a: Dragonite\n|-damage|p1a: Dragonite|1\/100\n|\n|upkeep\n|turn|28\n|\n|t:|1699732284\n|move|p1a: Dragonite|Fire Punch|p2a: Skeledirge\n|-damage|p2a: Skeledirge|31\/100\n|move|p2a: Skeledirge|Shadow Ball|p1a: Dragonite\n|-damage|p1a: Dragonite|0 fnt\n|faint|p1a: Dragonite\n|\n|upkeep\n|\n|t:|1699732287\n|switch|p1a: Azumarill|Azumarill, M|97\/100\n|turn|29\n|\n|t:|1699732295\n|switch|p2a: Talonflame|Talonflame, M|76\/100\n|move|p1a: Azumarill|Belly Drum|p1a: Azumarill\n|-damage|p1a: Azumarill|47\/100\n|-setboost|p1a: Azumarill|atk|6|[from] move: Belly Drum\n|-enditem|p1a: Azumarill|Sitrus Berry|[eat]\n|-heal|p1a: Azumarill|72\/100|[from] item: Sitrus Berry\n|\n|upkeep\n|turn|30\n|\n|t:|1699732299\n|move|p1a: Azumarill|Aqua Jet|p2a: Talonflame\n|-supereffective|p2a: Talonflame\n|-damage|p2a: Talonflame|0 fnt\n|faint|p2a: Talonflame\n|\n|upkeep\n|\n|t:|1699732302\n|switch|p2a: Skeledirge|Skeledirge, F, tera:Fairy|31\/100\n|turn|31\n|\n|t:|1699732304\n|move|p2a: Skeledirge|Slack Off|p2a: Skeledirge\n|-heal|p2a: Skeledirge|81\/100\n|move|p1a: Azumarill|Play Rough|p2a: Skeledirge|[miss]\n|-miss|p1a: Azumarill|p2a: Skeledirge\n|\n|upkeep\n|turn|32\n|\n|t:|1699732308\n|move|p2a: Skeledirge|Shadow Ball|p1a: Azumarill\n|-damage|p1a: Azumarill|42\/100\n|move|p1a: Azumarill|Play Rough|p2a: Skeledirge\n|-damage|p2a: Skeledirge|45\/100\n|\n|upkeep\n|turn|33\n|\n|t:|1699732313\n|move|p2a: Skeledirge|Slack Off|p2a: Skeledirge\n|-heal|p2a: Skeledirge|95\/100\n|move|p1a: Azumarill|Play Rough|p2a: Skeledirge\n|-damage|p2a: Skeledirge|59\/100\n|\n|upkeep\n|turn|34\n|\n|t:|1699732318\n|move|p2a: Skeledirge|Shadow Ball|p1a: Azumarill\n|-damage|p1a: Azumarill|14\/100\n|move|p1a: Azumarill|Play Rough|p2a: Skeledirge\n|-damage|p2a: Skeledirge|27\/100\n|\n|upkeep\n|turn|35\n|\n|t:|1699732321\n|move|p1a: Azumarill|Aqua Jet|p2a: Skeledirge\n|-damage|p2a: Skeledirge|12\/100\n|move|p2a: Skeledirge|Shadow Ball|p1a: Azumarill\n|-damage|p1a: Azumarill|0 fnt\n|faint|p1a: Azumarill\n|\n|upkeep\n|\n|t:|1699732324\n|switch|p1a: Iron Moth|Iron Moth|19\/100\n|turn|36\n|\n|t:|1699732326\n|move|p1a: Iron Moth|Fiery Dance|p2a: Skeledirge\n|-damage|p2a: Skeledirge|0 fnt\n|-boost|p1a: Iron Moth|spa|1\n|faint|p2a: Skeledirge\n|\n|upkeep\n|\n|t:|1699732329\n|switch|p2a: Pawmot|Pawmot, M|100\/100\n|turn|37\n|\n|t:|1699732334\n|move|p1a: Iron Moth|Dazzling Gleam|p2a: Pawmot\n|-supereffective|p2a: Pawmot\n|-damage|p2a: Pawmot|16\/100\n|move|p2a: Pawmot|Revival Blessing|p2a: Pawmot\n|-enditem|p2a: Pawmot|Leppa Berry|[eat]\n|-activate|p2a: Pawmot|item: Leppa Berry|Revival Blessing|[consumed]\n|\n|t:|1699732337\n|-heal|p2: Skeledirge|50\/100|[from] move: Revival Blessing\n|\n|upkeep\n|turn|38\n|\n|t:|1699732342\n|move|p1a: Iron Moth|Sludge Wave|p2a: Pawmot\n|-damage|p2a: Pawmot|0 fnt\n|faint|p2a: Pawmot\n|\n|upkeep\n|\n|t:|1699732343\n|switch|p2a: Skeledirge|Skeledirge, F|50\/100\n|turn|39\n|\n|t:|1699732351\n|move|p1a: Iron Moth|Dazzling Gleam|p2a: Skeledirge\n|-resisted|p2a: Skeledirge\n|-damage|p2a: Skeledirge|36\/100\n|move|p2a: Skeledirge|Shadow Ball|p1a: Iron Moth\n|-damage|p1a: Iron Moth|0 fnt\n|faint|p1a: Iron Moth\n|-end|p1a: Iron Moth|Quark Drive|[silent]\n|\n|win|GodKmi\n","uploadtime":1699732355,"views":11,"p1id":"favmongarchomp","p2id":"godkmi","formatid":"gen9ou","rating":0,"private":0,"password":""}