{"id":"gen9ou-1993061643","p1":"abigolname","p2":"Izmagack","format":"[Gen 9] OU","log":"|j|\u2606abigolname\n|j|\u2606Izmagack\n|t:|1700260448\n|gametype|singles\n|player|p1|abigolname|169|1333\n|player|p2|Izmagack|ghetsis-gen5bw|1273\n|teamsize|p1|6\n|teamsize|p2|6\n|gen|9\n|tier|[Gen 9] OU\n|rated|\n|rule|Sleep Clause Mod: Limit one foe put to sleep\n|rule|Species Clause: Limit one of each Pok\u00e9mon\n|rule|OHKO Clause: OHKO moves are banned\n|rule|Evasion Items Clause: Evasion items are banned\n|rule|Evasion Moves Clause: Evasion moves are banned\n|rule|Endless Battle Clause: Forcing endless battles is banned\n|rule|HP Percentage Mod: HP is shown in percentages\n|clearpoke\n|poke|p1|Poliwrath, M|\n|poke|p1|Rotom-Heat|\n|poke|p1|Alomomola, M|\n|poke|p1|Clodsire, M|\n|poke|p1|Cinderace, F|\n|poke|p1|Iron Valiant|\n|poke|p2|Heatran, M|\n|poke|p2|Tyranitar, F|\n|poke|p2|Houndstone, F|\n|poke|p2|Scizor, M|\n|poke|p2|Thundurus-Therian, M|\n|poke|p2|Garchomp, F|\n|teampreview\n|inactive|Battle timer is ON: inactive players will automatically lose when time's up. (requested by Izmagack)\n|\n|t:|1700260466\n|start\n|switch|p1a: Poliwrath|Poliwrath, M|100\/100\n|switch|p2a: tyranitareturned|Tyranitar, F|100\/100\n|-weather|Sandstorm|[from] ability: Sand Stream|[of] p2a: tyranitareturned\n|turn|1\n|\n|t:|1700260473\n|switch|p2a: dawg|Houndstone, F|100\/100\n|move|p1a: Poliwrath|Drain Punch|p2a: dawg\n|-immune|p2a: dawg\n|\n|-weather|Sandstorm|[upkeep]\n|-damage|p1a: Poliwrath|94\/100|[from] Sandstorm\n|upkeep\n|turn|2\n|\n|t:|1700260476\n|switch|p1a: Alomomola|Alomomola, M|100\/100\n|move|p2a: dawg|Will-O-Wisp|p1a: Alomomola\n|-status|p1a: Alomomola|brn\n|\n|-weather|Sandstorm|[upkeep]\n|-damage|p1a: Alomomola|94\/100 brn|[from] Sandstorm\n|-damage|p1a: Alomomola|88\/100 brn|[from] brn\n|upkeep\n|turn|3\n|\n|t:|1700260497\n|switch|p2a: throwing claws|Thundurus-Therian, M|100\/100\n|move|p1a: Alomomola|Scald|p2a: throwing claws\n|-damage|p2a: throwing claws|80\/100\n|\n|-weather|Sandstorm|[upkeep]\n|-damage|p2a: throwing claws|74\/100|[from] Sandstorm\n|-damage|p1a: Alomomola|82\/100 brn|[from] Sandstorm\n|-damage|p1a: Alomomola|76\/100 brn|[from] brn\n|upkeep\n|turn|4\n|\n|t:|1700260501\n|switch|p1a: Clodsire|Clodsire, M|100\/100\n|move|p2a: throwing claws|Volt Switch|p1a: Clodsire\n|-immune|p1a: Clodsire\n|\n|-weather|Sandstorm|[upkeep]\n|-damage|p2a: throwing claws|68\/100|[from] Sandstorm\n|upkeep\n|turn|5\n|\n|t:|1700260508\n|switch|p2a: tyranitareturned|Tyranitar, F|100\/100\n|move|p1a: Clodsire|Toxic|p2a: tyranitareturned\n|-status|p2a: tyranitareturned|tox\n|\n|-weather|Sandstorm|[upkeep]\n|-damage|p2a: tyranitareturned|94\/100 tox|[from] psn\n|upkeep\n|turn|6\n|\n|t:|1700260538\n|switch|p1a: Alomomola|Alomomola, M|100\/100 brn\n|move|p2a: tyranitareturned|Stealth Rock|p1a: Alomomola\n|-sidestart|p1: abigolname|move: Stealth Rock\n|\n|-weather|Sandstorm|[upkeep]\n|-damage|p1a: Alomomola|94\/100 brn|[from] Sandstorm\n|-damage|p2a: tyranitareturned|82\/100 tox|[from] psn\n|-damage|p1a: Alomomola|88\/100 brn|[from] brn\n|upkeep\n|turn|7\n|\n|t:|1700260543\n|move|p1a: Alomomola|Flip Turn|p2a: tyranitareturned\n|-supereffective|p2a: tyranitareturned\n|-damage|p2a: tyranitareturned|72\/100 tox\n|\n|t:|1700260552\n|switch|p1a: Poliwrath|Poliwrath, M|94\/100|[from] Flip Turn\n|-damage|p1a: Poliwrath|88\/100|[from] Stealth Rock\n|move|p2a: tyranitareturned|Knock Off|p1a: Poliwrath\n|-resisted|p1a: Poliwrath\n|-damage|p1a: Poliwrath|56\/100\n|-enditem|p1a: Poliwrath|Big Root|[from] move: Knock Off|[of] p2a: tyranitareturned\n|\n|-weather|Sandstorm|[upkeep]\n|-damage|p1a: Poliwrath|50\/100|[from] Sandstorm\n|-damage|p2a: tyranitareturned|53\/100 tox|[from] psn\n|upkeep\n|turn|8\n|\n|t:|1700260573\n|switch|p2a: dawg|Houndstone, F|100\/100\n|move|p1a: Poliwrath|Liquidation|p2a: dawg\n|-damage|p2a: dawg|58\/100\n|\n|-weather|none\n|upkeep\n|turn|9\n|\n|t:|1700260583\n|switch|p1a: Alomomola|Alomomola, M|100\/100 brn\n|-damage|p1a: Alomomola|88\/100 brn|[from] Stealth Rock\n|switch|p2a: gliscor at home|Garchomp, F|100\/100\n|\n|-damage|p1a: Alomomola|82\/100 brn|[from] brn\n|upkeep\n|turn|10\n|\n|t:|1700260602\n|move|p2a: gliscor at home|Spikes|p1a: Alomomola\n|-sidestart|p1: abigolname|Spikes\n|move|p1a: Alomomola|Scald|p2a: gliscor at home\n|-damage|p2a: gliscor at home|87\/100\n|\n|-damage|p1a: Alomomola|76\/100 brn|[from] brn\n|upkeep\n|turn|11\n|\n|t:|1700260605\n|move|p2a: gliscor at home|Spikes|p1a: Alomomola\n|-sidestart|p1: abigolname|Spikes\n|move|p1a: Alomomola|Scald|p2a: gliscor at home\n|-damage|p2a: gliscor at home|76\/100\n|\n|-damage|p1a: Alomomola|70\/100 brn|[from] brn\n|upkeep\n|turn|12\n|\n|t:|1700260610\n|move|p2a: gliscor at home|Spikes|p1a: Alomomola\n|-sidestart|p1: abigolname|Spikes\n|move|p1a: Alomomola|Scald|p2a: gliscor at home\n|-damage|p2a: gliscor at home|63\/100\n|-status|p2a: gliscor at home|brn\n|\n|-damage|p2a: gliscor at home|57\/100 brn|[from] brn\n|-damage|p1a: Alomomola|63\/100 brn|[from] brn\n|upkeep\n|turn|13\n|\n|t:|1700260614\n|move|p1a: Alomomola|Flip Turn|p2a: gliscor at home\n|-damage|p2a: gliscor at home|52\/100 brn\n|-damage|p1a: Alomomola|51\/100 brn|[from] ability: Rough Skin|[of] p2a: gliscor at home\n|-damage|p1a: Alomomola|34\/100 brn|[from] item: Rocky Helmet|[of] p2a: gliscor at home\n|\n|t:|1700260621\n|switch|p1a: Clodsire|Clodsire, M|100\/100|[from] Flip Turn\n|-damage|p1a: Clodsire|94\/100|[from] Stealth Rock\n|-damage|p1a: Clodsire|69\/100|[from] Spikes\n|move|p2a: gliscor at home|Dragon Tail|p1a: Clodsire\n|-damage|p1a: Clodsire|56\/100\n|drag|p1a: Alomomola|Alomomola, M|68\/100 brn\n|-damage|p1a: Alomomola|55\/100 brn|[from] Stealth Rock\n|-damage|p1a: Alomomola|30\/100 brn|[from] Spikes\n|\n|-damage|p2a: gliscor at home|46\/100 brn|[from] brn\n|-damage|p1a: Alomomola|24\/100 brn|[from] brn\n|upkeep\n|turn|14\n|\n|t:|1700260633\n|move|p1a: Alomomola|Wish|p1a: Alomomola\n|move|p2a: gliscor at home|Dragon Tail|p1a: Alomomola\n|-damage|p1a: Alomomola|18\/100 brn\n|drag|p1a: Clodsire|Clodsire, M|56\/100\n|-damage|p1a: Clodsire|49\/100|[from] Stealth Rock\n|-damage|p1a: Clodsire|24\/100|[from] Spikes\n|\n|-heal|p1a: Clodsire|31\/100|[from] item: Leftovers\n|-damage|p2a: gliscor at home|40\/100 brn|[from] brn\n|upkeep\n|turn|15\n|\n|t:|1700260653\n|move|p1a: Clodsire|Earthquake|p2a: gliscor at home\n|-damage|p2a: gliscor at home|22\/100 brn\n|move|p2a: gliscor at home|Dragon Tail|p1a: Clodsire\n|-damage|p1a: Clodsire|16\/100\n|drag|p1a: Poliwrath|Poliwrath, M|50\/100\n|-damage|p1a: Poliwrath|44\/100|[from] Stealth Rock\n|-damage|p1a: Poliwrath|19\/100|[from] Spikes\n|\n|-heal|p1a: Poliwrath|100\/100|[from] move: Wish|[wisher] Alomomola\n|-damage|p2a: gliscor at home|16\/100 brn|[from] brn\n|upkeep\n|turn|16\n|\n|t:|1700260670\n|move|p1a: Poliwrath|Liquidation|p2a: gliscor at home\n|-damage|p2a: gliscor at home|0 fnt\n|-damage|p1a: Poliwrath|88\/100|[from] ability: Rough Skin|[of] p2a: gliscor at home\n|-damage|p1a: Poliwrath|72\/100|[from] item: Rocky Helmet|[of] p2a: gliscor at home\n|faint|p2a: gliscor at home\n|\n|upkeep\n|\n|t:|1700260679\n|switch|p2a: throwing claws|Thundurus-Therian, M|68\/100\n|turn|17\n|\n|t:|1700260690\n|-terastallize|p1a: Poliwrath|Ground\n|move|p2a: throwing claws|Grass Knot|p1a: Poliwrath\n|-supereffective|p1a: Poliwrath\n|-damage|p1a: Poliwrath|0 fnt\n|faint|p1a: Poliwrath\n|\n|upkeep\n|\n|t:|1700260698\n|switch|p1a: Cinderace|Cinderace, F|100\/100\n|turn|18\n|\n|t:|1700260704\n|switch|p2a: tyranitareturned|Tyranitar, F|53\/100 tox\n|-weather|Sandstorm|[from] ability: Sand Stream|[of] p2a: tyranitareturned\n|move|p1a: Cinderace|Court Change|p1a: Cinderace\n|-start|p1a: Cinderace|typechange|Normal|[from] ability: Libero\n|-swapsideconditions\n|-activate|p1a: Cinderace|move: Court Change\n|\n|-weather|Sandstorm|[upkeep]\n|-damage|p1a: Cinderace|95\/100|[from] Sandstorm\n|-damage|p2a: tyranitareturned|47\/100 tox|[from] psn\n|upkeep\n|turn|19\n|\n|t:|1700260710\n|move|p1a: Cinderace|U-turn|p2a: tyranitareturned\n|-supereffective|p2a: tyranitareturned\n|-damage|p2a: tyranitareturned|12\/100 tox\n|\n|t:|1700260713\n|switch|p1a: Alomomola|Alomomola, M|51\/100 brn|[from] U-turn\n|move|p2a: tyranitareturned|Stealth Rock|p1a: Alomomola\n|-sidestart|p1: abigolname|move: Stealth Rock\n|\n|-weather|Sandstorm|[upkeep]\n|-damage|p1a: Alomomola|45\/100 brn|[from] Sandstorm\n|-damage|p2a: tyranitareturned|0 fnt|[from] psn\n|faint|p2a: tyranitareturned\n|-damage|p1a: Alomomola|39\/100 brn|[from] brn\n|upkeep\n|\n|t:|1700260722\n|switch|p2a: shut up valiant|Scizor, M|100\/100\n|-damage|p2a: shut up valiant|88\/100|[from] Stealth Rock\n|-damage|p2a: shut up valiant|63\/100|[from] Spikes\n|turn|20\n|\n|t:|1700260725\n|move|p1a: Alomomola|Flip Turn|p2a: shut up valiant\n|-damage|p2a: shut up valiant|56\/100\n|\n|t:|1700260737\n|switch|p1a: Cinderace|Cinderace, F|95\/100|[from] Flip Turn\n|move|p2a: shut up valiant|Swords Dance|p2a: shut up valiant\n|-boost|p2a: shut up valiant|atk|2\n|\n|-weather|Sandstorm|[upkeep]\n|-damage|p1a: Cinderace|89\/100|[from] Sandstorm\n|upkeep\n|turn|21\n|\n|t:|1700260750\n|switch|p2a: guido|Heatran, M|100\/100\n|-damage|p2a: guido|88\/100|[from] Stealth Rock\n|-damage|p2a: guido|63\/100|[from] Spikes\n|move|p1a: Cinderace|Pyro Ball|p2a: guido\n|-start|p2a: guido|ability: Flash Fire\n|\n|-weather|Sandstorm|[upkeep]\n|-damage|p1a: Cinderace|83\/100|[from] Sandstorm\n|-heal|p2a: guido|70\/100|[from] item: Leftovers\n|upkeep\n|turn|22\n|\n|t:|1700260754\n|move|p2a: guido|Protect|p2a: guido\n|-singleturn|p2a: guido|Protect\n|move|p1a: Cinderace|U-turn|p2a: guido\n|-start|p1a: Cinderace|typechange|Bug|[from] ability: Libero\n|-activate|p2a: guido|move: Protect\n|\n|-weather|Sandstorm|[upkeep]\n|-damage|p1a: Cinderace|77\/100|[from] Sandstorm\n|-heal|p2a: guido|76\/100|[from] item: Leftovers\n|upkeep\n|turn|23\n|\n|t:|1700260762\n|switch|p1a: Alomomola|Alomomola, M|72\/100 brn\n|-damage|p1a: Alomomola|60\/100 brn|[from] Stealth Rock\n|move|p2a: guido|Magma Storm|p1a: Alomomola\n|-resisted|p1a: Alomomola\n|-damage|p1a: Alomomola|15\/100 brn\n|-activate|p1a: Alomomola|move: Magma Storm|[of] p2a: guido\n|-enditem|p1a: Alomomola|Eject Button\n|\n|t:|1700260766\n|switch|p1a: Iron Valiant|Iron Valiant|100\/100\n|-damage|p1a: Iron Valiant|94\/100|[from] Stealth Rock\n|-enditem|p1a: Iron Valiant|Booster Energy\n|-activate|p1a: Iron Valiant|ability: Quark Drive|[fromitem]\n|-start|p1a: Iron Valiant|quarkdrivespe\n|\n|-weather|Sandstorm|[upkeep]\n|-damage|p1a: Iron Valiant|88\/100|[from] Sandstorm\n|-heal|p2a: guido|82\/100|[from] item: Leftovers\n|upkeep\n|turn|24\n|\n|t:|1700260779\n|move|p1a: Iron Valiant|Close Combat|p2a: guido\n|-supereffective|p2a: guido\n|-damage|p2a: guido|0 fnt\n|-unboost|p1a: Iron Valiant|def|1\n|-unboost|p1a: Iron Valiant|spd|1\n|faint|p2a: guido\n|\n|-weather|Sandstorm|[upkeep]\n|-damage|p1a: Iron Valiant|82\/100|[from] Sandstorm\n|upkeep\n|inactive|Izmagack has 120 seconds left.\n|\n|t:|1700260825\n|switch|p2a: shut up valiant|Scizor, M|56\/100\n|-damage|p2a: shut up valiant|44\/100|[from] Stealth Rock\n|-damage|p2a: shut up valiant|19\/100|[from] Spikes\n|turn|25\n|\n|t:|1700260830\n|-end|p1a: Iron Valiant|Quark Drive|[silent]\n|switch|p1a: Alomomola|Alomomola, M|48\/100 brn\n|-damage|p1a: Alomomola|36\/100 brn|[from] Stealth Rock\n|move|p2a: shut up valiant|Bullet Punch|p1a: Alomomola\n|-resisted|p1a: Alomomola\n|-damage|p1a: Alomomola|25\/100 brn\n|\n|-weather|none\n|-damage|p1a: Alomomola|19\/100 brn|[from] brn\n|upkeep\n|turn|26\n|\n|t:|1700260850\n|move|p1a: Alomomola|Scald|p2a: shut up valiant\n|-damage|p2a: shut up valiant|4\/100\n|move|p2a: shut up valiant|Swords Dance|p2a: shut up valiant\n|-boost|p2a: shut up valiant|atk|2\n|\n|-damage|p1a: Alomomola|13\/100 brn|[from] brn\n|upkeep\n|turn|27\n|\n|t:|1700260856\n|move|p2a: shut up valiant|Bullet Punch|p1a: Alomomola\n|-resisted|p1a: Alomomola\n|-damage|p1a: Alomomola|0 fnt\n|faint|p1a: Alomomola\n|\n|upkeep\n|\n|t:|1700260864\n|switch|p1a: Clodsire|Clodsire, M|16\/100\n|-damage|p1a: Clodsire|10\/100|[from] Stealth Rock\n|turn|28\n|\n|t:|1700260867\n|move|p2a: shut up valiant|Bullet Punch|p1a: Clodsire\n|-damage|p1a: Clodsire|0 fnt\n|faint|p1a: Clodsire\n|\n|upkeep\n|\n|t:|1700260877\n|switch|p1a: Rotom|Rotom-Heat|100\/100\n|-damage|p1a: Rotom|75\/100|[from] Stealth Rock\n|turn|29\n|\n|t:|1700260880\n|move|p2a: shut up valiant|Bullet Punch|p1a: Rotom\n|-resisted|p1a: Rotom\n|-damage|p1a: Rotom|54\/100\n|move|p1a: Rotom|Volt Switch|p2a: shut up valiant\n|-damage|p2a: shut up valiant|0 fnt\n|faint|p2a: shut up valiant\n|\n|t:|1700260889\n|switch|p1a: Cinderace|Cinderace, F|77\/100|[from] Volt Switch\n|\n|upkeep\n|\n|t:|1700260894\n|switch|p2a: dawg|Houndstone, F|58\/100\n|-damage|p2a: dawg|46\/100|[from] Stealth Rock\n|-damage|p2a: dawg|21\/100|[from] Spikes\n|turn|30\n|\n|t:|1700260903\n|move|p1a: Cinderace|U-turn|p2a: dawg\n|-start|p1a: Cinderace|typechange|Bug|[from] ability: Libero\n|-resisted|p2a: dawg\n|-crit|p2a: dawg\n|-damage|p2a: dawg|0 fnt\n|faint|p2a: dawg\n|\n|t:|1700260912\n|switch|p1a: Rotom|Rotom-Heat|54\/100|[from] U-turn\n|-damage|p1a: Rotom|29\/100|[from] Stealth Rock\n|\n|upkeep\n|\n|t:|1700260915\n|switch|p2a: throwing claws|Thundurus-Therian, M|68\/100\n|-damage|p2a: throwing claws|44\/100|[from] Stealth Rock\n|turn|31\n|\n|t:|1700260920\n|-terastallize|p2a: throwing claws|Flying\n|move|p2a: throwing claws|Tera Blast|p1a: Rotom|[anim] Tera Blast Flying\n|-resisted|p1a: Rotom\n|-damage|p1a: Rotom|0 fnt\n|faint|p1a: Rotom\n|\n|upkeep\n|\n|t:|1700260927\n|switch|p1a: Iron Valiant|Iron Valiant|82\/100\n|-damage|p1a: Iron Valiant|76\/100|[from] Stealth Rock\n|turn|32\n|\n|t:|1700260932\n|move|p2a: throwing claws|Tera Blast|p1a: Iron Valiant|[anim] Tera Blast Flying\n|-supereffective|p1a: Iron Valiant\n|-damage|p1a: Iron Valiant|0 fnt\n|faint|p1a: Iron Valiant\n|-end|p1a: Iron Valiant|Quark Drive|[silent]\n|\n|upkeep\n|\n|t:|1700260934\n|switch|p1a: Cinderace|Cinderace, F|77\/100\n|turn|33\n|\n|t:|1700260935\n|move|p1a: Cinderace|Sucker Punch|p2a: throwing claws\n|-start|p1a: Cinderace|typechange|Dark|[from] ability: Libero\n|-damage|p2a: throwing claws|0 fnt\n|faint|p2a: throwing claws\n|\n|win|abigolname\n|raw|abigolname's rating: 1333 &rarr; <strong>1350<\/strong><br \/>(+17 for winning)\n|raw|Izmagack's rating: 1273 &rarr; <strong>1252<\/strong><br \/>(-21 for losing)\n","uploadtime":1700260943,"views":22,"p1id":"abigolname","p2id":"izmagack","formatid":"gen9ou","rating":1252,"private":0,"password":""}