{"id":"gen9ou-1993607089","p1":"OUHF Zam Zam","p2":"SweatyRon","format":"[Gen 9] OU","log":"|j|\u2606OUHF Zam Zam\n|j|\u2606SweatyRon\n|t:|1700336870\n|gametype|singles\n|player|p1|OUHF Zam Zam|palmer|1833\n|player|p2|SweatyRon|pokefan-gen4|1862\n|teamsize|p1|6\n|teamsize|p2|6\n|gen|9\n|tier|[Gen 9] OU\n|rated|\n|rule|Sleep Clause Mod: Limit one foe put to sleep\n|rule|Species Clause: Limit one of each Pok\u00e9mon\n|rule|OHKO Clause: OHKO moves are banned\n|rule|Evasion Items Clause: Evasion items are banned\n|rule|Evasion Moves Clause: Evasion moves are banned\n|rule|Endless Battle Clause: Forcing endless battles is banned\n|rule|HP Percentage Mod: HP is shown in percentages\n|clearpoke\n|poke|p1|Bellibolt, M|\n|poke|p1|Muk-Alola, F|\n|poke|p1|Tinkaton, F|\n|poke|p1|Dragapult, M|\n|poke|p1|Great Tusk|\n|poke|p1|Moltres|\n|poke|p2|Dragapult, F|\n|poke|p2|Meowscarada, F|\n|poke|p2|Dondozo, F|\n|poke|p2|Heatran, M|\n|poke|p2|Zapdos|\n|poke|p2|Great Tusk|\n|teampreview\n|inactive|Battle timer is ON: inactive players will automatically lose when time's up. (requested by SweatyRon)\n|inactive|OUHF Zam Zam also wants the timer to be on.\n|\n|t:|1700336887\n|start\n|switch|p1a: Muk|Muk-Alola, F|100\/100\n|switch|p2a: Heatran|Heatran, M|100\/100\n|turn|1\n|\n|t:|1700336902\n|move|p2a: Heatran|Magma Storm|p1a: Muk\n|-damage|p1a: Muk|75\/100\n|-activate|p1a: Muk|move: Magma Storm|[of] p2a: Heatran\n|move|p1a: Muk|Knock Off|p2a: Heatran\n|-damage|p2a: Heatran|70\/100\n|-enditem|p2a: Heatran|Leftovers|[from] move: Knock Off|[of] p1a: Muk\n|\n|-heal|p1a: Muk|81\/100|[from] item: Leftovers\n|-damage|p1a: Muk|69\/100|[from] move: Magma Storm|[partiallytrapped]\n|upkeep\n|turn|2\n|\n|t:|1700336905\n|move|p2a: Heatran|Earth Power|p1a: Muk\n|-supereffective|p1a: Muk\n|-damage|p1a: Muk|38\/100\n|move|p1a: Muk|Drain Punch|p2a: Heatran\n|-supereffective|p2a: Heatran\n|-damage|p2a: Heatran|40\/100\n|-heal|p1a: Muk|52\/100|[from] drain|[of] p2a: Heatran\n|\n|-heal|p1a: Muk|58\/100|[from] item: Leftovers\n|-damage|p1a: Muk|46\/100|[from] move: Magma Storm|[partiallytrapped]\n|upkeep\n|turn|3\n|\n|t:|1700336913\n|move|p2a: Heatran|Earth Power|p1a: Muk\n|-supereffective|p1a: Muk\n|-damage|p1a: Muk|17\/100\n|-unboost|p1a: Muk|spd|1\n|move|p1a: Muk|Drain Punch|p2a: Heatran\n|-supereffective|p2a: Heatran\n|-damage|p2a: Heatran|10\/100\n|-heal|p1a: Muk|31\/100|[from] drain|[of] p2a: Heatran\n|\n|-heal|p1a: Muk|37\/100|[from] item: Leftovers\n|-damage|p1a: Muk|25\/100|[from] move: Magma Storm|[partiallytrapped]\n|upkeep\n|turn|4\n|\n|t:|1700336923\n|move|p2a: Heatran|Earth Power|p1a: Muk\n|-supereffective|p1a: Muk\n|-damage|p1a: Muk|0 fnt\n|faint|p1a: Muk\n|\n|upkeep\n|\n|t:|1700336932\n|switch|p1a: Dragapult|Dragapult, M|100\/100\n|turn|5\n|\n|t:|1700336934\n|move|p1a: Dragapult|Hex|p2a: Heatran\n|-damage|p2a: Heatran|0 fnt\n|faint|p2a: Heatran\n|\n|upkeep\n|\n|t:|1700336941\n|switch|p2a: Zapdos|Zapdos|100\/100\n|turn|6\n|\n|t:|1700336946\n|switch|p1a: Bellibolt|Bellibolt, M|100\/100\n|move|p2a: Zapdos|Hurricane|p1a: Bellibolt\n|-resisted|p1a: Bellibolt\n|-damage|p1a: Bellibolt|78\/100\n|\n|upkeep\n|turn|7\n|j| redfgdh\n|\n|t:|1700336954\n|switch|p2a: Great Tusk|Great Tusk|100\/100\n|move|p1a: Bellibolt|Toxic|p2a: Great Tusk\n|-status|p2a: Great Tusk|tox\n|\n|-damage|p2a: Great Tusk|94\/100 tox|[from] psn\n|upkeep\n|turn|8\n|\n|t:|1700336965\n|switch|p1a: Great Tusk|Great Tusk|100\/100\n|move|p2a: Great Tusk|Knock Off|p1a: Great Tusk\n|-resisted|p1a: Great Tusk\n|-damage|p1a: Great Tusk|93\/100\n|-enditem|p1a: Great Tusk|Leftovers|[from] move: Knock Off|[of] p2a: Great Tusk\n|\n|-damage|p2a: Great Tusk|82\/100 tox|[from] psn\n|upkeep\n|turn|9\n|\n|t:|1700336976\n|-end|p2a: Great Tusk|Protosynthesis|[silent]\n|switch|p2a: Zapdos|Zapdos|100\/100\n|move|p1a: Great Tusk|Knock Off|p2a: Zapdos\n|-damage|p2a: Zapdos|75\/100\n|-damage|p1a: Great Tusk|77\/100|[from] item: Rocky Helmet|[of] p2a: Zapdos\n|-enditem|p2a: Zapdos|Rocky Helmet|[from] move: Knock Off|[of] p1a: Great Tusk\n|\n|upkeep\n|turn|10\n|\n|t:|1700336982\n|-end|p1a: Great Tusk|Protosynthesis|[silent]\n|switch|p1a: Bellibolt|Bellibolt, M|78\/100\n|move|p2a: Zapdos|Volt Switch|p1a: Bellibolt\n|-resisted|p1a: Bellibolt\n|-damage|p1a: Bellibolt|65\/100\n|\n|t:|1700336988\n|switch|p2a: Dragapult|Dragapult, F|100\/100|[from] Volt Switch\n|\n|upkeep\n|turn|11\n|\n|t:|1700336999\n|switch|p1a: Moltres|Moltres|100\/100\n|move|p2a: Dragapult|U-turn|p1a: Moltres\n|-resisted|p1a: Moltres\n|-damage|p1a: Moltres|91\/100\n|j| Chicos\n|\n|t:|1700337005\n|switch|p2a: Zapdos|Zapdos|75\/100|[from] U-turn\n|\n|upkeep\n|turn|12\n|\n|t:|1700337028\n|switch|p1a: Bellibolt|Bellibolt, M|65\/100\n|move|p2a: Zapdos|Volt Switch|p1a: Bellibolt\n|-resisted|p1a: Bellibolt\n|-damage|p1a: Bellibolt|52\/100\n|\n|t:|1700337032\n|switch|p2a: Dragapult|Dragapult, F|100\/100|[from] Volt Switch\n|\n|upkeep\n|turn|13\n|\n|t:|1700337036\n|switch|p1a: Moltres|Moltres|91\/100\n|-terastallize|p2a: Dragapult|Dragon\n|move|p2a: Dragapult|Dragon Darts|p1a: Moltres\n|-damage|p1a: Moltres|37\/100\n|-anim|p2a: Dragapult|Dragon Darts|p1a: Moltres\n|-damage|p1a: Moltres|0 fnt\n|faint|p1a: Moltres\n|\n|upkeep\n|\n|t:|1700337042\n|switch|p1a: Tinkaton|Tinkaton, F|100\/100\n|-item|p1a: Tinkaton|Air Balloon\n|turn|14\n|\n|t:|1700337047\n|switch|p2a: Zapdos|Zapdos|75\/100\n|move|p1a: Tinkaton|Stealth Rock|p2a: Zapdos\n|-sidestart|p2: SweatyRon|move: Stealth Rock\n|\n|upkeep\n|turn|15\n|\n|t:|1700337056\n|switch|p1a: Dragapult|Dragapult, M|100\/100\n|move|p2a: Zapdos|Heat Wave|p1a: Dragapult|[miss]\n|-miss|p2a: Zapdos|p1a: Dragapult\n|\n|upkeep\n|turn|16\n|j| iz zobb Taz zobb\n|\n|t:|1700337078\n|switch|p1a: Bellibolt|Bellibolt, M|52\/100\n|move|p2a: Zapdos|Hurricane|p1a: Bellibolt\n|-resisted|p1a: Bellibolt\n|-damage|p1a: Bellibolt|29\/100\n|-start|p1a: Bellibolt|confusion\n|\n|upkeep\n|turn|17\n|\n|t:|1700337083\n|move|p2a: Zapdos|Heat Wave|p1a: Bellibolt\n|-damage|p1a: Bellibolt|4\/100\n|-activate|p1a: Bellibolt|confusion\n|move|p1a: Bellibolt|Slack Off|p1a: Bellibolt\n|-heal|p1a: Bellibolt|54\/100\n|\n|upkeep\n|turn|18\n|\n|t:|1700337088\n|move|p2a: Zapdos|Volt Switch|p1a: Bellibolt\n|-resisted|p1a: Bellibolt\n|-damage|p1a: Bellibolt|40\/100\n|\n|t:|1700337091\n|switch|p2a: Great Tusk|Great Tusk|82\/100 tox|[from] Volt Switch\n|-damage|p2a: Great Tusk|79\/100 tox|[from] Stealth Rock\n|-activate|p1a: Bellibolt|confusion\n|-damage|p1a: Bellibolt|36\/100|[from] confusion\n|\n|-damage|p2a: Great Tusk|73\/100 tox|[from] psn\n|upkeep\n|turn|19\n|\n|t:|1700337099\n|switch|p1a: Great Tusk|Great Tusk|77\/100\n|move|p2a: Great Tusk|Rapid Spin|p1a: Great Tusk\n|-damage|p1a: Great Tusk|69\/100\n|-boost|p2a: Great Tusk|spe|1\n|-sideend|p2: SweatyRon|Stealth Rock|[from] move: Rapid Spin|[of] p2a: Great Tusk\n|\n|-damage|p2a: Great Tusk|61\/100 tox|[from] psn\n|upkeep\n|turn|20\n|\n|t:|1700337105\n|-end|p2a: Great Tusk|Protosynthesis|[silent]\n|switch|p2a: Zapdos|Zapdos|75\/100\n|-end|p1a: Great Tusk|Protosynthesis|[silent]\n|switch|p1a: Tinkaton|Tinkaton, F|100\/100\n|-item|p1a: Tinkaton|Air Balloon\n|\n|upkeep\n|turn|21\n|j| this is gross\n|\n|t:|1700337114\n|move|p1a: Tinkaton|Stealth Rock|p2a: Zapdos\n|-sidestart|p2: SweatyRon|move: Stealth Rock\n|move|p2a: Zapdos|Hurricane|p1a: Tinkaton|[miss]\n|-miss|p2a: Zapdos|p1a: Tinkaton\n|\n|upkeep\n|turn|22\n|\n|t:|1700337137\n|move|p1a: Tinkaton|Play Rough|p2a: Zapdos\n|-damage|p2a: Zapdos|55\/100\n|move|p2a: Zapdos|Heat Wave|p1a: Tinkaton\n|-supereffective|p1a: Tinkaton\n|-damage|p1a: Tinkaton|51\/100\n|-enditem|p1a: Tinkaton|Air Balloon\n|\n|upkeep\n|turn|23\n|\n|t:|1700337147\n|switch|p1a: Dragapult|Dragapult, M|100\/100\n|move|p2a: Zapdos|Roost|p2a: Zapdos\n|-heal|p2a: Zapdos|100\/100\n|-singleturn|p2a: Zapdos|move: Roost\n|\n|upkeep\n|turn|24\n|\n|t:|1700337156\n|move|p1a: Dragapult|Will-O-Wisp|p2a: Zapdos\n|-status|p2a: Zapdos|brn\n|move|p2a: Zapdos|Hurricane|p1a: Dragapult\n|-damage|p1a: Dragapult|37\/100\n|\n|-damage|p2a: Zapdos|94\/100 brn|[from] brn\n|upkeep\n|turn|25\n|\n|t:|1700337176\n|move|p1a: Dragapult|Substitute|p1a: Dragapult\n|-start|p1a: Dragapult|Substitute\n|-damage|p1a: Dragapult|12\/100\n|move|p2a: Zapdos|Hurricane|p1a: Dragapult|[miss]\n|-miss|p2a: Zapdos|p1a: Dragapult\n|\n|-damage|p2a: Zapdos|88\/100 brn|[from] brn\n|upkeep\n|turn|26\n|inactive|OUHF Zam Zam has 120 seconds left.\n|\n|t:|1700337196\n|move|p1a: Dragapult|Hex|p2a: Zapdos\n|-damage|p2a: Zapdos|40\/100 brn\n|move|p2a: Zapdos|Volt Switch|p1a: Dragapult\n|-resisted|p1a: Dragapult\n|-activate|p1a: Dragapult|move: Substitute|[damage]\n|\n|t:|1700337209\n|switch|p2a: Great Tusk|Great Tusk|61\/100 tox|[from] Volt Switch\n|-damage|p2a: Great Tusk|58\/100 tox|[from] Stealth Rock\n|\n|-damage|p2a: Great Tusk|52\/100 tox|[from] psn\n|upkeep\n|turn|27\n|j| copoy\n|\n|t:|1700337212\n|move|p1a: Dragapult|Hex|p2a: Great Tusk\n|-damage|p2a: Great Tusk|13\/100 tox\n|move|p2a: Great Tusk|Earthquake|p1a: Dragapult\n|-end|p1a: Dragapult|Substitute\n|\n|-damage|p2a: Great Tusk|0 fnt|[from] psn\n|faint|p2a: Great Tusk\n|-end|p2a: Great Tusk|Protosynthesis|[silent]\n|upkeep\n|\n|t:|1700337216\n|switch|p2a: Meowscarada|Meowscarada, F|100\/100\n|-damage|p2a: Meowscarada|88\/100|[from] Stealth Rock\n|turn|28\n|\n|t:|1700337241\n|move|p2a: Meowscarada|U-turn|p1a: Dragapult\n|-start|p2a: Meowscarada|typechange|Bug|[from] ability: Protean\n|-resisted|p1a: Dragapult\n|-damage|p1a: Dragapult|0 fnt\n|faint|p1a: Dragapult\n|inactive|SweatyRon has 120 seconds left.\n|\n|t:|1700337295\n|switch|p2a: Dragapult|Dragapult, F, tera:Dragon|100\/100|[from] U-turn\n|-damage|p2a: Dragapult|88\/100|[from] Stealth Rock\n|\n|upkeep\n|\n|t:|1700337311\n|switch|p1a: Great Tusk|Great Tusk|69\/100\n|turn|29\n|inactive|OUHF Zam Zam has 120 seconds left.\n|\n|t:|1700337332\n|-terastallize|p1a: Great Tusk|Steel\n|move|p2a: Dragapult|U-turn|p1a: Great Tusk\n|-resisted|p1a: Great Tusk\n|-damage|p1a: Great Tusk|60\/100\n|\n|t:|1700337339\n|switch|p2a: Meowscarada|Meowscarada, F|88\/100|[from] U-turn\n|-damage|p2a: Meowscarada|76\/100|[from] Stealth Rock\n|move|p1a: Great Tusk|Knock Off|p2a: Meowscarada\n|-resisted|p2a: Meowscarada\n|-damage|p2a: Meowscarada|54\/100\n|-enditem|p2a: Meowscarada|Choice Scarf|[from] move: Knock Off|[of] p1a: Great Tusk\n|\n|upkeep\n|turn|30\n|inactive|OUHF Zam Zam has 120 seconds left.\n|\n|t:|1700337356\n|-end|p1a: Great Tusk|Protosynthesis|[silent]\n|switch|p1a: Tinkaton|Tinkaton, F|51\/100\n|move|p2a: Meowscarada|Knock Off|p1a: Tinkaton\n|-start|p2a: Meowscarada|typechange|Dark|[from] ability: Protean\n|-resisted|p1a: Tinkaton\n|-damage|p1a: Tinkaton|34\/100\n|\n|upkeep\n|turn|31\n|\n|t:|1700337361\n|move|p2a: Meowscarada|Flower Trick|p1a: Tinkaton\n|-resisted|p1a: Tinkaton\n|-crit|p1a: Tinkaton\n|-damage|p1a: Tinkaton|17\/100\n|move|p1a: Tinkaton|Play Rough|p2a: Meowscarada\n|-supereffective|p2a: Meowscarada\n|-damage|p2a: Meowscarada|0 fnt\n|faint|p2a: Meowscarada\n|\n|upkeep\n|j| playergamerxl\n|l| copoy\n|\n|t:|1700337379\n|switch|p2a: Dragapult|Dragapult, F, tera:Dragon|88\/100\n|-damage|p2a: Dragapult|76\/100|[from] Stealth Rock\n|turn|32\n|l| playergamerxl\n|l| redfgdh\n|inactive|SweatyRon has 90 seconds left.\n|\n|t:|1700337394\n|switch|p1a: Great Tusk|Great Tusk, tera:Steel|60\/100\n|move|p2a: Dragapult|U-turn|p1a: Great Tusk\n|-resisted|p1a: Great Tusk\n|-damage|p1a: Great Tusk|52\/100\n|\n|t:|1700337397\n|switch|p2a: Zapdos|Zapdos|40\/100 brn|[from] U-turn\n|-damage|p2a: Zapdos|15\/100 brn|[from] Stealth Rock\n|\n|-damage|p2a: Zapdos|9\/100 brn|[from] brn\n|upkeep\n|turn|33\n|\n|t:|1700337408\n|-end|p1a: Great Tusk|Protosynthesis|[silent]\n|switch|p1a: Bellibolt|Bellibolt, M|36\/100\n|move|p2a: Zapdos|Heat Wave|p1a: Bellibolt\n|-damage|p1a: Bellibolt|10\/100\n|\n|-damage|p2a: Zapdos|3\/100 brn|[from] brn\n|upkeep\n|turn|34\n|\n|t:|1700337419\n|switch|p1a: Tinkaton|Tinkaton, F|17\/100\n|move|p2a: Zapdos|Volt Switch|p1a: Tinkaton\n|-damage|p1a: Tinkaton|0 fnt\n|faint|p1a: Tinkaton\n|\n|t:|1700337422\n|switch|p2a: Dragapult|Dragapult, F, tera:Dragon|76\/100|[from] Volt Switch\n|-damage|p2a: Dragapult|64\/100|[from] Stealth Rock\n|\n|upkeep\n|\n|t:|1700337425\n|switch|p1a: Great Tusk|Great Tusk, tera:Steel|52\/100\n|turn|35\n|\n|t:|1700337430\n|move|p2a: Dragapult|U-turn|p1a: Great Tusk\n|-resisted|p1a: Great Tusk\n|-damage|p1a: Great Tusk|43\/100\n|\n|t:|1700337432\n|switch|p2a: Zapdos|Zapdos|3\/100 brn|[from] U-turn\n|-damage|p2a: Zapdos|0 fnt|[from] Stealth Rock\n|faint|p2a: Zapdos\n|move|p1a: Great Tusk|Knock Off|p2: Zapdos|[notarget]\n|-fail|p1a: Great Tusk\n|\n|upkeep\n|\n|t:|1700337437\n|switch|p2a: Dondozo|Dondozo, F|100\/100\n|-damage|p2a: Dondozo|88\/100|[from] Stealth Rock\n|turn|36\n|\n|t:|1700337444\n|move|p1a: Great Tusk|Knock Off|p2a: Dondozo\n|-damage|p2a: Dondozo|73\/100\n|-enditem|p2a: Dondozo|Leftovers|[from] move: Knock Off|[of] p1a: Great Tusk\n|move|p2a: Dondozo|Waterfall|p1a: Great Tusk\n|-damage|p1a: Great Tusk|31\/100\n|\n|upkeep\n|turn|37\n|\n|t:|1700337453\n|move|p1a: Great Tusk|Earthquake|p2a: Dondozo\n|-damage|p2a: Dondozo|51\/100\n|move|p2a: Dondozo|Waterfall|p1a: Great Tusk\n|-damage|p1a: Great Tusk|16\/100\n|\n|upkeep\n|turn|38\n|\n|t:|1700337456\n|move|p1a: Great Tusk|Earthquake|p2a: Dondozo\n|-damage|p2a: Dondozo|27\/100\n|move|p2a: Dondozo|Waterfall|p1a: Great Tusk\n|-damage|p1a: Great Tusk|2\/100\n|\n|upkeep\n|turn|39\n|\n|t:|1700337461\n|move|p1a: Great Tusk|Earthquake|p2a: Dondozo\n|-damage|p2a: Dondozo|4\/100\n|move|p2a: Dondozo|Waterfall|p1a: Great Tusk\n|-damage|p1a: Great Tusk|0 fnt\n|faint|p1a: Great Tusk\n|-end|p1a: Great Tusk|Protosynthesis|[silent]\n|\n|upkeep\n|\n|t:|1700337464\n|switch|p1a: Bellibolt|Bellibolt, M|10\/100\n|turn|40\n|\n|t:|1700337468\n|move|p2a: Dondozo|Waterfall|p1a: Bellibolt\n|-damage|p1a: Bellibolt|0 fnt\n|-status|p2a: Dondozo|par|[from] ability: Static|[of] p1a: Bellibolt\n|faint|p1a: Bellibolt\n|\n|win|SweatyRon\n|raw|OUHF Zam Zam's rating: 1833 &rarr; <strong>1813<\/strong><br \/>(-20 for losing)\n|raw|SweatyRon's rating: 1840 &rarr; <strong>1860<\/strong><br \/>(+20 for winning)\n|l|\u2606OUHF Zam Zam\n","uploadtime":1700337474,"views":13,"p1id":"ouhfzamzam","p2id":"sweatyron","formatid":"gen9ou","rating":1813,"private":0,"password":""}