{"id":"gen9ou-1992844410","p1":"SnowMonster82","p2":"Nangu","format":"[Gen 9] OU","log":"|j|\u2606SnowMonster82\n|j|\u2606Nangu\n|t:|1700240334\n|gametype|singles\n|player|p1|SnowMonster82|hiker-gen4|1177\n|player|p2|Nangu|serena-masters3|1156\n|teamsize|p1|6\n|teamsize|p2|6\n|gen|9\n|tier|[Gen 9] OU\n|rated|\n|rule|Sleep Clause Mod: Limit one foe put to sleep\n|rule|Species Clause: Limit one of each Pok\u00e9mon\n|rule|OHKO Clause: OHKO moves are banned\n|rule|Evasion Items Clause: Evasion items are banned\n|rule|Evasion Moves Clause: Evasion moves are banned\n|rule|Endless Battle Clause: Forcing endless battles is banned\n|rule|HP Percentage Mod: HP is shown in percentages\n|clearpoke\n|poke|p1|Garganacl, F|\n|poke|p1|Great Tusk|\n|poke|p1|Gholdengo|\n|poke|p1|Iron Valiant|\n|poke|p1|Dragonite, M|\n|poke|p1|Zapdos|\n|poke|p2|Ting-Lu|\n|poke|p2|Ogerpon-Wellspring, F|\n|poke|p2|Alomomola, F|\n|poke|p2|Walking Wake|\n|poke|p2|Garganacl, M|\n|poke|p2|Toxapex, F|\n|teampreview\n|inactive|Battle timer is ON: inactive players will automatically lose when time's up. (requested by SnowMonster82)\n|\n|t:|1700240344\n|start\n|switch|p1a: Iron Valiant|Iron Valiant|100\/100\n|switch|p2a: Ting-Lu|Ting-Lu|100\/100\n|-ability|p2a: Ting-Lu|Vessel of Ruin\n|turn|1\n|\n|t:|1700240360\n|move|p1a: Iron Valiant|Close Combat|p2a: Ting-Lu\n|-supereffective|p2a: Ting-Lu\n|-damage|p2a: Ting-Lu|42\/100\n|-unboost|p1a: Iron Valiant|def|1\n|-unboost|p1a: Iron Valiant|spd|1\n|move|p2a: Ting-Lu|Spikes|p1a: Iron Valiant\n|-sidestart|p1: SnowMonster82|Spikes\n|\n|-heal|p2a: Ting-Lu|48\/100|[from] item: Leftovers\n|upkeep\n|turn|2\n|\n|t:|1700240373\n|switch|p2a: Toxapex|Toxapex, F|100\/100\n|move|p1a: Iron Valiant|Close Combat|p2a: Toxapex\n|-resisted|p2a: Toxapex\n|-damage|p2a: Toxapex|86\/100\n|-unboost|p1a: Iron Valiant|def|1\n|-unboost|p1a: Iron Valiant|spd|1\n|-damage|p1a: Iron Valiant|84\/100|[from] item: Rocky Helmet|[of] p2a: Toxapex\n|\n|upkeep\n|turn|3\n|\n|t:|1700240391\n|-end|p1a: Iron Valiant|Quark Drive|[silent]\n|switch|p1a: Zapdos|Zapdos|100\/100\n|move|p2a: Toxapex|Toxic|p1a: Zapdos\n|-status|p1a: Zapdos|tox\n|\n|-damage|p1a: Zapdos|94\/100 tox|[from] psn\n|upkeep\n|turn|4\n|\n|t:|1700240409\n|switch|p1a: Garganacl|Garganacl, F|100\/100\n|-damage|p1a: Garganacl|88\/100|[from] Spikes\n|switch|p2a: Ting-Lu|Ting-Lu|48\/100\n|-ability|p2a: Ting-Lu|Vessel of Ruin\n|\n|-heal|p2a: Ting-Lu|54\/100|[from] item: Leftovers\n|-heal|p1a: Garganacl|94\/100|[from] item: Leftovers\n|upkeep\n|turn|5\n|\n|t:|1700240428\n|move|p2a: Ting-Lu|Earthquake|p1a: Garganacl\n|-supereffective|p1a: Garganacl\n|-damage|p1a: Garganacl|55\/100\n|move|p1a: Garganacl|Salt Cure|p2a: Ting-Lu\n|-resisted|p2a: Ting-Lu\n|-damage|p2a: Ting-Lu|50\/100\n|-start|p2a: Ting-Lu|Salt Cure\n|\n|-heal|p2a: Ting-Lu|56\/100|[from] item: Leftovers\n|-heal|p1a: Garganacl|61\/100|[from] item: Leftovers\n|-damage|p2a: Ting-Lu|44\/100|[from] Salt Cure\n|upkeep\n|turn|6\n|\n|t:|1700240443\n|move|p2a: Ting-Lu|Spikes|p1a: Garganacl\n|-sidestart|p1: SnowMonster82|Spikes\n|move|p1a: Garganacl|Recover|p1a: Garganacl\n|-heal|p1a: Garganacl|100\/100\n|\n|-heal|p2a: Ting-Lu|50\/100|[from] item: Leftovers\n|-damage|p2a: Ting-Lu|38\/100|[from] Salt Cure\n|upkeep\n|turn|7\n|\n|t:|1700240452\n|move|p2a: Ting-Lu|Spikes|p1a: Garganacl\n|-sidestart|p1: SnowMonster82|Spikes\n|move|p1a: Garganacl|Curse|p1a: Garganacl\n|-unboost|p1a: Garganacl|spe|1\n|-boost|p1a: Garganacl|atk|1\n|-boost|p1a: Garganacl|def|1\n|\n|-heal|p2a: Ting-Lu|44\/100|[from] item: Leftovers\n|-damage|p2a: Ting-Lu|31\/100|[from] Salt Cure\n|upkeep\n|turn|8\n|inactive|SnowMonster82 has 120 seconds left.\n|\n|t:|1700240479\n|move|p1a: Garganacl|Curse|p1a: Garganacl\n|-unboost|p1a: Garganacl|spe|1\n|-boost|p1a: Garganacl|atk|1\n|-boost|p1a: Garganacl|def|1\n|move|p2a: Ting-Lu|Whirlwind|p1a: Garganacl\n|drag|p1a: Zapdos|Zapdos|94\/100 tox\n|\n|-heal|p2a: Ting-Lu|38\/100|[from] item: Leftovers\n|-damage|p1a: Zapdos|88\/100 tox|[from] psn\n|-damage|p2a: Ting-Lu|25\/100|[from] Salt Cure\n|upkeep\n|turn|9\n|inactive|SnowMonster82 has 120 seconds left.\n|\n|t:|1700240495\n|switch|p1a: Garganacl|Garganacl, F|100\/100\n|-damage|p1a: Garganacl|75\/100|[from] Spikes\n|move|p2a: Ting-Lu|Ruination|p1a: Garganacl\n|-damage|p1a: Garganacl|38\/100\n|\n|-heal|p2a: Ting-Lu|31\/100|[from] item: Leftovers\n|-heal|p1a: Garganacl|44\/100|[from] item: Leftovers\n|-damage|p2a: Ting-Lu|19\/100|[from] Salt Cure\n|upkeep\n|turn|10\n|inactive|SnowMonster82 has 120 seconds left.\n|\n|t:|1700240508\n|move|p2a: Ting-Lu|Ruination|p1a: Garganacl\n|-damage|p1a: Garganacl|23\/100\n|move|p1a: Garganacl|Recover|p1a: Garganacl\n|-heal|p1a: Garganacl|73\/100\n|\n|-heal|p2a: Ting-Lu|25\/100|[from] item: Leftovers\n|-heal|p1a: Garganacl|79\/100|[from] item: Leftovers\n|-damage|p2a: Ting-Lu|13\/100|[from] Salt Cure\n|upkeep\n|turn|11\n|inactive|SnowMonster82 has 120 seconds left.\n|\n|t:|1700240524\n|move|p2a: Ting-Lu|Ruination|p1a: Garganacl\n|-damage|p1a: Garganacl|40\/100\n|move|p1a: Garganacl|Recover|p1a: Garganacl\n|-heal|p1a: Garganacl|90\/100\n|\n|-heal|p2a: Ting-Lu|19\/100|[from] item: Leftovers\n|-heal|p1a: Garganacl|96\/100|[from] item: Leftovers\n|-damage|p2a: Ting-Lu|7\/100|[from] Salt Cure\n|upkeep\n|turn|12\n|inactive|SnowMonster82 has 90 seconds left.\n|\n|t:|1700240556\n|switch|p2a: Alomomola|Alomomola, F|100\/100\n|move|p1a: Garganacl|Curse|p1a: Garganacl\n|-unboost|p1a: Garganacl|spe|1\n|-boost|p1a: Garganacl|atk|1\n|-boost|p1a: Garganacl|def|1\n|\n|-heal|p1a: Garganacl|100\/100|[from] item: Leftovers\n|upkeep\n|turn|13\n|inactive|SnowMonster82 has 90 seconds left.\n|\n|t:|1700240567\n|-terastallize|p1a: Garganacl|Water\n|move|p2a: Alomomola|Wish|p2a: Alomomola\n|move|p1a: Garganacl|Salt Cure|p2a: Alomomola\n|-damage|p2a: Alomomola|84\/100\n|-start|p2a: Alomomola|Salt Cure\n|\n|-heal|p2a: Alomomola|90\/100|[from] item: Leftovers\n|-damage|p2a: Alomomola|65\/100|[from] Salt Cure\n|upkeep\n|turn|14\n|inactive|SnowMonster82 has 90 seconds left.\n|\n|t:|1700240590\n|move|p2a: Alomomola|Flip Turn|p1a: Garganacl\n|-resisted|p1a: Garganacl\n|-damage|p1a: Garganacl|98\/100\n|\n|t:|1700240593\n|switch|p2a: Ting-Lu|Ting-Lu|7\/100|[from] Flip Turn\n|-ability|p2a: Ting-Lu|Vessel of Ruin\n|move|p1a: Garganacl|Curse|p1a: Garganacl\n|-unboost|p1a: Garganacl|spe|1\n|-boost|p1a: Garganacl|atk|1\n|-boost|p1a: Garganacl|def|1\n|\n|-heal|p2a: Ting-Lu|58\/100|[from] move: Wish|[wisher] Alomomola\n|-heal|p2a: Ting-Lu|64\/100|[from] item: Leftovers\n|-heal|p1a: Garganacl|100\/100|[from] item: Leftovers\n|upkeep\n|turn|15\n|inactive|SnowMonster82 has 90 seconds left.\n|\n|t:|1700240613\n|move|p1a: Garganacl|Salt Cure|p2a: Ting-Lu\n|-resisted|p2a: Ting-Lu\n|-damage|p2a: Ting-Lu|57\/100\n|-start|p2a: Ting-Lu|Salt Cure\n|move|p2a: Ting-Lu|Whirlwind|p1a: Garganacl\n|drag|p1a: Iron Valiant|Iron Valiant|84\/100\n|\n|-heal|p2a: Ting-Lu|63\/100|[from] item: Leftovers\n|-damage|p2a: Ting-Lu|50\/100|[from] Salt Cure\n|upkeep\n|turn|16\n|\n|t:|1700240625\n|switch|p2a: Alomomola|Alomomola, F|98\/100\n|move|p1a: Iron Valiant|Moonblast|p2a: Alomomola\n|-damage|p2a: Alomomola|62\/100\n|\n|-heal|p2a: Alomomola|68\/100|[from] item: Leftovers\n|upkeep\n|turn|17\n|\n|t:|1700240633\n|move|p1a: Iron Valiant|Thunderbolt|p2a: Alomomola\n|-supereffective|p2a: Alomomola\n|-damage|p2a: Alomomola|24\/100\n|move|p2a: Alomomola|Wish|p2a: Alomomola\n|\n|-heal|p2a: Alomomola|30\/100|[from] item: Leftovers\n|upkeep\n|turn|18\n|inactive|SnowMonster82 has 90 seconds left.\n|\n|t:|1700240643\n|switch|p2a: Ting-Lu|Ting-Lu|50\/100\n|-ability|p2a: Ting-Lu|Vessel of Ruin\n|move|p1a: Iron Valiant|Moonblast|p2a: Ting-Lu\n|-supereffective|p2a: Ting-Lu\n|-damage|p2a: Ting-Lu|13\/100\n|\n|-heal|p2a: Ting-Lu|64\/100|[from] move: Wish|[wisher] Alomomola\n|-heal|p2a: Ting-Lu|70\/100|[from] item: Leftovers\n|upkeep\n|turn|19\n|inactive|SnowMonster82 has 90 seconds left.\n|\n|t:|1700240662\n|-end|p1a: Iron Valiant|Quark Drive|[silent]\n|switch|p1a: Dragonite|Dragonite, M|100\/100\n|switch|p2a: Toxapex|Toxapex, F|100\/100\n|\n|upkeep\n|turn|20\n|inactive|SnowMonster82 has 90 seconds left.\n|\n|t:|1700240668\n|move|p1a: Dragonite|Dragon Dance|p1a: Dragonite\n|-boost|p1a: Dragonite|atk|1\n|-boost|p1a: Dragonite|spe|1\n|move|p2a: Toxapex|Toxic|p1a: Dragonite\n|-status|p1a: Dragonite|tox\n|\n|-damage|p1a: Dragonite|94\/100 tox|[from] psn\n|upkeep\n|turn|21\n|inactive|SnowMonster82 has 90 seconds left.\n|\n|t:|1700240685\n|move|p1a: Dragonite|Earthquake|p2a: Toxapex\n|-supereffective|p2a: Toxapex\n|-damage|p2a: Toxapex|25\/100\n|move|p2a: Toxapex|Haze|p2a: Toxapex\n|-clearallboost\n|\n|-damage|p1a: Dragonite|82\/100 tox|[from] psn\n|upkeep\n|turn|22\n|inactive|SnowMonster82 has 90 seconds left.\n|\n|t:|1700240699\n|switch|p2a: Ting-Lu|Ting-Lu|70\/100\n|-ability|p2a: Ting-Lu|Vessel of Ruin\n|move|p1a: Dragonite|Earthquake|p2a: Ting-Lu\n|-damage|p2a: Ting-Lu|48\/100\n|\n|-heal|p2a: Ting-Lu|55\/100|[from] item: Leftovers\n|-damage|p1a: Dragonite|63\/100 tox|[from] psn\n|upkeep\n|turn|23\n|inactive|SnowMonster82 has 90 seconds left.\n|\n|t:|1700240716\n|move|p1a: Dragonite|Dragon Dance|p1a: Dragonite\n|-boost|p1a: Dragonite|atk|1\n|-boost|p1a: Dragonite|spe|1\n|move|p2a: Ting-Lu|Whirlwind|p1a: Dragonite\n|drag|p1a: Garganacl|Garganacl, F, tera:Water|100\/100\n|-damage|p1a: Garganacl|75\/100|[from] Spikes\n|\n|-heal|p2a: Ting-Lu|61\/100|[from] item: Leftovers\n|-heal|p1a: Garganacl|82\/100|[from] item: Leftovers\n|upkeep\n|turn|24\n|\n|t:|1700240732\n|move|p1a: Garganacl|Salt Cure|p2a: Ting-Lu\n|-resisted|p2a: Ting-Lu\n|-damage|p2a: Ting-Lu|57\/100\n|-start|p2a: Ting-Lu|Salt Cure\n|move|p2a: Ting-Lu|Whirlwind|p1a: Garganacl\n|drag|p1a: Zapdos|Zapdos|88\/100 tox\n|\n|-heal|p2a: Ting-Lu|64\/100|[from] item: Leftovers\n|-damage|p1a: Zapdos|82\/100 tox|[from] psn\n|-damage|p2a: Ting-Lu|51\/100|[from] Salt Cure\n|upkeep\n|turn|25\n|\n|t:|1700240745\n|move|p1a: Zapdos|Hurricane|p2a: Ting-Lu\n|-damage|p2a: Ting-Lu|33\/100\n|-start|p2a: Ting-Lu|confusion\n|-activate|p2a: Ting-Lu|confusion\n|move|p2a: Ting-Lu|Whirlwind|p1a: Zapdos\n|drag|p1a: Great Tusk|Great Tusk|100\/100\n|\n|-heal|p2a: Ting-Lu|40\/100|[from] item: Leftovers\n|-damage|p2a: Ting-Lu|27\/100|[from] Salt Cure\n|upkeep\n|turn|26\n|\n|t:|1700240755\n|switch|p2a: Alomomola|Alomomola, F|63\/100\n|move|p1a: Great Tusk|Ice Spinner|p2a: Alomomola\n|-resisted|p2a: Alomomola\n|-damage|p2a: Alomomola|52\/100\n|\n|-heal|p2a: Alomomola|58\/100|[from] item: Leftovers\n|upkeep\n|turn|27\n|\n|t:|1700240764\n|move|p1a: Great Tusk|Stealth Rock|p2a: Alomomola\n|-sidestart|p2: Nangu|move: Stealth Rock\n|move|p2a: Alomomola|Wish|p2a: Alomomola\n|\n|-heal|p2a: Alomomola|64\/100|[from] item: Leftovers\n|upkeep\n|turn|28\n|\n|t:|1700240769\n|move|p1a: Great Tusk|Knock Off|p2a: Alomomola\n|-damage|p2a: Alomomola|36\/100\n|-enditem|p2a: Alomomola|Leftovers|[from] move: Knock Off|[of] p1a: Great Tusk\n|move|p2a: Alomomola|Flip Turn|p1a: Great Tusk\n|-supereffective|p1a: Great Tusk\n|-damage|p1a: Great Tusk|76\/100\n|\n|t:|1700240774\n|switch|p2a: Ting-Lu|Ting-Lu|27\/100|[from] Flip Turn\n|-damage|p2a: Ting-Lu|21\/100|[from] Stealth Rock\n|-ability|p2a: Ting-Lu|Vessel of Ruin\n|\n|-heal|p2a: Ting-Lu|72\/100|[from] move: Wish|[wisher] Alomomola\n|-heal|p2a: Ting-Lu|79\/100|[from] item: Leftovers\n|upkeep\n|turn|29\n|\n|t:|1700240785\n|move|p1a: Great Tusk|Ice Spinner|p2a: Ting-Lu\n|-supereffective|p2a: Ting-Lu\n|-damage|p2a: Ting-Lu|48\/100\n|move|p2a: Ting-Lu|Ruination|p1a: Great Tusk\n|-damage|p1a: Great Tusk|38\/100\n|\n|-heal|p2a: Ting-Lu|54\/100|[from] item: Leftovers\n|upkeep\n|turn|30\n|\n|t:|1700240801\n|move|p1a: Great Tusk|Knock Off|p2a: Ting-Lu\n|-resisted|p2a: Ting-Lu\n|-damage|p2a: Ting-Lu|44\/100\n|-enditem|p2a: Ting-Lu|Leftovers|[from] move: Knock Off|[of] p1a: Great Tusk\n|move|p2a: Ting-Lu|Whirlwind|p1a: Great Tusk\n|-end|p1a: Great Tusk|Protosynthesis|[silent]\n|drag|p1a: Dragonite|Dragonite, M|63\/100 tox\n|\n|-damage|p1a: Dragonite|57\/100 tox|[from] psn\n|upkeep\n|turn|31\n|inactive|SnowMonster82 has 90 seconds left.\n|\n|t:|1700240817\n|move|p1a: Dragonite|Ice Spinner|p2a: Ting-Lu\n|-supereffective|p2a: Ting-Lu\n|-damage|p2a: Ting-Lu|10\/100\n|move|p2a: Ting-Lu|Ruination|p1a: Dragonite\n|-damage|p1a: Dragonite|29\/100 tox\n|\n|-damage|p1a: Dragonite|17\/100 tox|[from] psn\n|upkeep\n|turn|32\n|inactive|SnowMonster82 has 90 seconds left.\n|\n|t:|1700240831\n|switch|p2a: Alomomola|Alomomola, F|70\/100\n|-damage|p2a: Alomomola|57\/100|[from] Stealth Rock\n|move|p1a: Dragonite|Ice Spinner|p2a: Alomomola\n|-resisted|p2a: Alomomola\n|-damage|p2a: Alomomola|46\/100\n|\n|-damage|p1a: Dragonite|0 fnt|[from] psn\n|faint|p1a: Dragonite\n|upkeep\n|inactive|SnowMonster82 has 90 seconds left.\n|\n|t:|1700240849\n|switch|p1a: Zapdos|Zapdos|82\/100 tox\n|turn|33\n|\n|t:|1700240860\n|switch|p2a: Garganacl|Garganacl, M|100\/100\n|-damage|p2a: Garganacl|88\/100|[from] Stealth Rock\n|move|p1a: Zapdos|Hurricane|p2a: Garganacl\n|-resisted|p2a: Garganacl\n|-damage|p2a: Garganacl|70\/100\n|\n|-heal|p2a: Garganacl|76\/100|[from] item: Leftovers\n|-damage|p1a: Zapdos|75\/100 tox|[from] psn\n|upkeep\n|turn|34\n|inactive|SnowMonster82 has 90 seconds left.\n|\n|t:|1700240878\n|switch|p1a: Gholdengo|Gholdengo|100\/100\n|-item|p1a: Gholdengo|Air Balloon\n|move|p2a: Garganacl|Salt Cure|p1a: Gholdengo\n|-resisted|p1a: Gholdengo\n|-damage|p1a: Gholdengo|96\/100\n|-start|p1a: Gholdengo|Salt Cure\n|-enditem|p1a: Gholdengo|Air Balloon\n|\n|-heal|p2a: Garganacl|83\/100|[from] item: Leftovers\n|-damage|p1a: Gholdengo|71\/100|[from] Salt Cure\n|upkeep\n|turn|35\n|\n|t:|1700240905\n|move|p1a: Gholdengo|Make It Rain|p2a: Garganacl\n|-supereffective|p2a: Garganacl\n|-damage|p2a: Garganacl|0 fnt\n|-unboost|p1a: Gholdengo|spa|1\n|faint|p2a: Garganacl\n|\n|-damage|p1a: Gholdengo|46\/100|[from] Salt Cure\n|upkeep\n|\n|t:|1700240917\n|switch|p2a: Alomomola|Alomomola, F|79\/100\n|-damage|p2a: Alomomola|66\/100|[from] Stealth Rock\n|turn|36\n|\n|t:|1700240937\n|move|p1a: Gholdengo|Shadow Ball|p2a: Alomomola\n|-damage|p2a: Alomomola|50\/100\n|move|p2a: Alomomola|Wish|p2a: Alomomola\n|\n|-damage|p1a: Gholdengo|21\/100|[from] Salt Cure\n|upkeep\n|turn|37\n|inactive|SnowMonster82 has 60 seconds left.\n|\n|t:|1700240953\n|move|p2a: Alomomola|Protect|p2a: Alomomola\n|-singleturn|p2a: Alomomola|Protect\n|move|p1a: Gholdengo|Recover|p1a: Gholdengo\n|-heal|p1a: Gholdengo|71\/100\n|\n|-heal|p2a: Alomomola|99\/100|[from] move: Wish|[wisher] Alomomola\n|-damage|p1a: Gholdengo|47\/100|[from] Salt Cure\n|upkeep\n|turn|38\n|\n|t:|1700240962\n|switch|p1a: Zapdos|Zapdos|75\/100 tox\n|move|p2a: Alomomola|Wish|p2a: Alomomola\n|\n|-damage|p1a: Zapdos|69\/100 tox|[from] psn\n|upkeep\n|turn|39\n|\n|t:|1700240969\n|switch|p2a: Ting-Lu|Ting-Lu|10\/100\n|-damage|p2a: Ting-Lu|4\/100|[from] Stealth Rock\n|-ability|p2a: Ting-Lu|Vessel of Ruin\n|move|p1a: Zapdos|Roost|p1a: Zapdos\n|-heal|p1a: Zapdos|100\/100 tox\n|-singleturn|p1a: Zapdos|move: Roost\n|\n|-heal|p2a: Ting-Lu|56\/100|[from] move: Wish|[wisher] Alomomola\n|-damage|p1a: Zapdos|88\/100 tox|[from] psn\n|upkeep\n|turn|40\n|\n|t:|1700240986\n|move|p1a: Zapdos|Hurricane|p2a: Ting-Lu\n|-damage|p2a: Ting-Lu|35\/100\n|move|p2a: Ting-Lu|Ruination|p1a: Zapdos\n|-damage|p1a: Zapdos|44\/100 tox\n|\n|-damage|p1a: Zapdos|25\/100 tox|[from] psn\n|upkeep\n|turn|41\n|\n|t:|1700241000\n|switch|p1a: Iron Valiant|Iron Valiant|84\/100\n|switch|p2a: Alomomola|Alomomola, F|100\/100\n|-damage|p2a: Alomomola|88\/100|[from] Stealth Rock\n|\n|upkeep\n|turn|42\n|\n|t:|1700241012\n|move|p1a: Iron Valiant|Thunderbolt|p2a: Alomomola\n|-supereffective|p2a: Alomomola\n|-damage|p2a: Alomomola|44\/100\n|move|p2a: Alomomola|Wish|p2a: Alomomola\n|\n|upkeep\n|turn|43\n|\n|t:|1700241017\n|move|p2a: Alomomola|Protect|p2a: Alomomola\n|-singleturn|p2a: Alomomola|Protect\n|move|p1a: Iron Valiant|Thunderbolt|p2a: Alomomola\n|-activate|p2a: Alomomola|move: Protect\n|\n|-heal|p2a: Alomomola|94\/100|[from] move: Wish|[wisher] Alomomola\n|upkeep\n|turn|44\n|\n|t:|1700241026\n|move|p1a: Iron Valiant|Thunderbolt|p2a: Alomomola\n|-supereffective|p2a: Alomomola\n|-damage|p2a: Alomomola|52\/100\n|move|p2a: Alomomola|Wish|p2a: Alomomola\n|\n|upkeep\n|turn|45\n|inactive|SnowMonster82 has 90 seconds left.\n|\n|t:|1700241034\n|switch|p2a: Ting-Lu|Ting-Lu|35\/100\n|-damage|p2a: Ting-Lu|29\/100|[from] Stealth Rock\n|-ability|p2a: Ting-Lu|Vessel of Ruin\n|move|p1a: Iron Valiant|Thunderbolt|p2a: Ting-Lu\n|-immune|p2a: Ting-Lu\n|\n|-heal|p2a: Ting-Lu|80\/100|[from] move: Wish|[wisher] Alomomola\n|upkeep\n|turn|46\n|inactive|SnowMonster82 has 90 seconds left.\n|\n|t:|1700241050\n|move|p1a: Iron Valiant|Close Combat|p2a: Ting-Lu\n|-supereffective|p2a: Ting-Lu\n|-damage|p2a: Ting-Lu|28\/100\n|-unboost|p1a: Iron Valiant|def|1\n|-unboost|p1a: Iron Valiant|spd|1\n|move|p2a: Ting-Lu|Ruination|p1a: Iron Valiant\n|-damage|p1a: Iron Valiant|42\/100\n|\n|upkeep\n|turn|47\n|inactive|SnowMonster82 has 90 seconds left.\n|\n|t:|1700241069\n|switch|p2a: Alomomola|Alomomola, F|85\/100\n|-damage|p2a: Alomomola|73\/100|[from] Stealth Rock\n|move|p1a: Iron Valiant|Thunderbolt|p2a: Alomomola\n|-supereffective|p2a: Alomomola\n|-damage|p2a: Alomomola|32\/100\n|\n|upkeep\n|turn|48\n|\n|t:|1700241082\n|move|p2a: Alomomola|Protect|p2a: Alomomola\n|-singleturn|p2a: Alomomola|Protect\n|move|p1a: Iron Valiant|Moonblast|p2a: Alomomola\n|-activate|p2a: Alomomola|move: Protect\n|\n|upkeep\n|turn|49\n|\n|t:|1700241091\n|switch|p2a: Toxapex|Toxapex, F|59\/100\n|-damage|p2a: Toxapex|46\/100|[from] Stealth Rock\n|move|p1a: Iron Valiant|Moonblast|p2a: Toxapex\n|-resisted|p2a: Toxapex\n|-damage|p2a: Toxapex|27\/100\n|\n|upkeep\n|turn|50\n|inactive|SnowMonster82 has 90 seconds left.\n|\n|t:|1700241105\n|move|p1a: Iron Valiant|Knock Off|p2a: Toxapex\n|-damage|p2a: Toxapex|9\/100\n|-damage|p1a: Iron Valiant|26\/100|[from] item: Rocky Helmet|[of] p2a: Toxapex\n|-enditem|p2a: Toxapex|Rocky Helmet|[from] move: Knock Off|[of] p1a: Iron Valiant\n|move|p2a: Toxapex|Toxic|p1a: Iron Valiant\n|-status|p1a: Iron Valiant|tox\n|\n|-damage|p1a: Iron Valiant|20\/100 tox|[from] psn\n|upkeep\n|turn|51\n|inactive|SnowMonster82 has 90 seconds left.\n|\n|t:|1700241113\n|move|p2a: Toxapex|Baneful Bunker|p2a: Toxapex\n|-singleturn|p2a: Toxapex|move: Protect\n|move|p1a: Iron Valiant|Moonblast|p2a: Toxapex\n|-activate|p2a: Toxapex|move: Protect\n|\n|-damage|p1a: Iron Valiant|7\/100 tox|[from] psn\n|upkeep\n|turn|52\n|\n|t:|1700241120\n|move|p2a: Toxapex|Baneful Bunker|p2a: Toxapex\n|-singleturn|p2a: Toxapex|move: Protect\n|move|p1a: Iron Valiant|Moonblast|p2a: Toxapex\n|-activate|p2a: Toxapex|move: Protect\n|\n|-damage|p1a: Iron Valiant|0 fnt|[from] psn\n|faint|p1a: Iron Valiant\n|-end|p1a: Iron Valiant|Quark Drive|[silent]\n|upkeep\n|-message|SnowMonster82 forfeited.\n|\n|win|Nangu\n|raw|SnowMonster82's rating: 1177 &rarr; <strong>1150<\/strong><br \/>(-27 for losing)\n|raw|Nangu's rating: 1156 &rarr; <strong>1183<\/strong><br \/>(+27 for winning)\n|l|\u2606SnowMonster82\n","uploadtime":1700241135,"views":20,"p1id":"snowmonster82","p2id":"nangu","formatid":"gen9ou","rating":1150,"private":0,"password":""}