{"id":"gen9ou-1997341471","p1":"aarche284","p2":"Pineapple Boiz","format":"[Gen 9] OU","log":"|j|\u2606aarche284\n|j|\u2606Pineapple Boiz\n|t:|1700791667\n|gametype|singles\n|player|p1|aarche284|hilbert|1216\n|player|p2|Pineapple Boiz|swimmer-gen4dp|1118\n|teamsize|p1|6\n|teamsize|p2|6\n|gen|9\n|tier|[Gen 9] OU\n|rated|\n|rule|Sleep Clause Mod: Limit one foe put to sleep\n|rule|Species Clause: Limit one of each Pok\u00e9mon\n|rule|OHKO Clause: OHKO moves are banned\n|rule|Evasion Items Clause: Evasion items are banned\n|rule|Evasion Moves Clause: Evasion moves are banned\n|rule|Endless Battle Clause: Forcing endless battles is banned\n|rule|HP Percentage Mod: HP is shown in percentages\n|clearpoke\n|poke|p1|Kingambit, F|\n|poke|p1|Dragapult, M|\n|poke|p1|Gholdengo|\n|poke|p1|Zamazenta-*|\n|poke|p1|Moltres|\n|poke|p1|Ting-Lu|\n|poke|p2|Blissey, F|\n|poke|p2|Alomomola, F|\n|poke|p2|Great Tusk|\n|poke|p2|Mandibuzz, F|\n|poke|p2|Rillaboom, F|\n|poke|p2|Heatran, F|\n|teampreview\n|\n|t:|1700791687\n|start\n|switch|p1a: Ting-Lu|Ting-Lu|100\/100\n|switch|p2a: Mandibuzz|Mandibuzz, F|100\/100\n|-ability|p1a: Ting-Lu|Vessel of Ruin\n|turn|1\n|inactive|Battle timer is ON: inactive players will automatically lose when time's up. (requested by Pineapple Boiz)\n|\n|t:|1700791698\n|move|p2a: Mandibuzz|Toxic|p1a: Ting-Lu\n|-status|p1a: Ting-Lu|tox\n|move|p1a: Ting-Lu|Stealth Rock|p2a: Mandibuzz\n|-sidestart|p2: Pineapple Boiz|move: Stealth Rock\n|\n|-damage|p1a: Ting-Lu|94\/100 tox|[from] psn\n|upkeep\n|turn|2\n|\n|t:|1700791706\n|move|p2a: Mandibuzz|U-turn|p1a: Ting-Lu\n|-supereffective|p1a: Ting-Lu\n|-damage|p1a: Ting-Lu|83\/100 tox\n|\n|t:|1700791716\n|switch|p2a: Alomomola|Alomomola, F|100\/100|[from] U-turn\n|-damage|p2a: Alomomola|88\/100|[from] Stealth Rock\n|move|p1a: Ting-Lu|Ruination|p2a: Alomomola\n|-damage|p2a: Alomomola|44\/100\n|\n|-heal|p1a: Ting-Lu|89\/100 tox|[from] item: Leftovers\n|-damage|p1a: Ting-Lu|76\/100 tox|[from] psn\n|upkeep\n|turn|3\n|\n|t:|1700791729\n|move|p1a: Ting-Lu|Spikes|p2a: Alomomola\n|-sidestart|p2: Pineapple Boiz|Spikes\n|move|p2a: Alomomola|Wish|p2a: Alomomola\n|\n|-heal|p1a: Ting-Lu|83\/100 tox|[from] item: Leftovers\n|-damage|p1a: Ting-Lu|64\/100 tox|[from] psn\n|upkeep\n|turn|4\n|\n|t:|1700791733\n|move|p1a: Ting-Lu|Spikes|p2a: Alomomola\n|-sidestart|p2: Pineapple Boiz|Spikes\n|move|p2a: Alomomola|Scald|p1a: Ting-Lu\n|-supereffective|p1a: Ting-Lu\n|-damage|p1a: Ting-Lu|51\/100 tox\n|\n|-heal|p2a: Alomomola|94\/100|[from] move: Wish|[wisher] Alomomola\n|-heal|p1a: Ting-Lu|57\/100 tox|[from] item: Leftovers\n|-damage|p1a: Ting-Lu|32\/100 tox|[from] psn\n|upkeep\n|turn|5\n|\n|t:|1700791745\n|switch|p1a: Moltres|Moltres|100\/100\n|move|p2a: Alomomola|Flip Turn|p1a: Moltres\n|-supereffective|p1a: Moltres\n|-damage|p1a: Moltres|74\/100\n|\n|t:|1700791760\n|switch|p2a: Great Tusk|Great Tusk|100\/100|[from] Flip Turn\n|-damage|p2a: Great Tusk|98\/100|[from] Stealth Rock\n|-damage|p2a: Great Tusk|81\/100|[from] Spikes\n|\n|-heal|p2a: Great Tusk|87\/100|[from] item: Leftovers\n|upkeep\n|turn|6\n|\n|t:|1700791770\n|move|p1a: Moltres|Will-O-Wisp|p2a: Great Tusk\n|-status|p2a: Great Tusk|brn\n|move|p2a: Great Tusk|Knock Off|p1a: Moltres\n|-damage|p1a: Moltres|62\/100\n|-enditem|p1a: Moltres|Heavy-Duty Boots|[from] move: Knock Off|[of] p2a: Great Tusk\n|\n|-heal|p2a: Great Tusk|93\/100 brn|[from] item: Leftovers\n|-damage|p2a: Great Tusk|87\/100 brn|[from] brn\n|upkeep\n|turn|7\n|\n|t:|1700791777\n|move|p1a: Moltres|Flamethrower|p2a: Great Tusk\n|-damage|p2a: Great Tusk|40\/100 brn\n|move|p2a: Great Tusk|Rapid Spin|p1a: Moltres\n|-damage|p1a: Moltres|57\/100\n|-boost|p2a: Great Tusk|spe|1\n|-sideend|p2: Pineapple Boiz|Spikes|[from] move: Rapid Spin|[of] p2a: Great Tusk\n|-sideend|p2: Pineapple Boiz|Stealth Rock|[from] move: Rapid Spin|[of] p2a: Great Tusk\n|\n|-heal|p2a: Great Tusk|46\/100 brn|[from] item: Leftovers\n|-damage|p2a: Great Tusk|40\/100 brn|[from] brn\n|upkeep\n|turn|8\n|\n|t:|1700791785\n|-end|p2a: Great Tusk|Protosynthesis|[silent]\n|switch|p2a: Blissey|Blissey, F|100\/100\n|move|p1a: Moltres|Flamethrower|p2a: Blissey\n|-damage|p2a: Blissey|89\/100\n|\n|-heal|p2a: Blissey|95\/100|[from] item: Leftovers\n|upkeep\n|turn|9\n|\n|t:|1700791793\n|move|p1a: Moltres|U-turn|p2a: Blissey\n|-damage|p2a: Blissey|78\/100\n|\n|t:|1700791804\n|switch|p1a: Ting-Lu|Ting-Lu|32\/100 tox|[from] U-turn\n|-ability|p1a: Ting-Lu|Vessel of Ruin\n|move|p2a: Blissey|Thunder Wave|p1a: Ting-Lu\n|-immune|p1a: Ting-Lu\n|\n|-heal|p2a: Blissey|85\/100|[from] item: Leftovers\n|-heal|p1a: Ting-Lu|38\/100 tox|[from] item: Leftovers\n|-damage|p1a: Ting-Lu|32\/100 tox|[from] psn\n|upkeep\n|turn|10\n|\n|t:|1700791820\n|move|p2a: Blissey|Seismic Toss|p1a: Ting-Lu\n|-damage|p1a: Ting-Lu|12\/100 tox\n|move|p1a: Ting-Lu|Spikes|p2a: Blissey\n|-sidestart|p2: Pineapple Boiz|Spikes\n|\n|-heal|p2a: Blissey|91\/100|[from] item: Leftovers\n|-heal|p1a: Ting-Lu|19\/100 tox|[from] item: Leftovers\n|-damage|p1a: Ting-Lu|6\/100 tox|[from] psn\n|upkeep\n|turn|11\n|\n|t:|1700791828\n|move|p2a: Blissey|Seismic Toss|p1a: Ting-Lu\n|-damage|p1a: Ting-Lu|0 fnt\n|faint|p1a: Ting-Lu\n|\n|-heal|p2a: Blissey|97\/100|[from] item: Leftovers\n|upkeep\n|\n|t:|1700791834\n|switch|p1a: Zamazenta|Zamazenta|100\/100\n|-ability|p1a: Zamazenta|Dauntless Shield|boost\n|-boost|p1a: Zamazenta|def|1\n|turn|12\n|\n|t:|1700791844\n|switch|p2a: Alomomola|Alomomola, F|100\/100\n|-damage|p2a: Alomomola|88\/100|[from] Spikes\n|move|p1a: Zamazenta|Substitute|p1a: Zamazenta\n|-start|p1a: Zamazenta|Substitute\n|-damage|p1a: Zamazenta|76\/100\n|\n|-heal|p1a: Zamazenta|82\/100|[from] item: Leftovers\n|upkeep\n|turn|13\n|\n|t:|1700791850\n|move|p1a: Zamazenta|Iron Defense|p1a: Zamazenta\n|-boost|p1a: Zamazenta|def|2\n|move|p2a: Alomomola|Scald|p1a: Zamazenta\n|-activate|p1a: Zamazenta|move: Substitute|[damage]\n|\n|-heal|p1a: Zamazenta|88\/100|[from] item: Leftovers\n|upkeep\n|turn|14\n|\n|t:|1700791854\n|move|p1a: Zamazenta|Body Press|p2a: Alomomola\n|-damage|p2a: Alomomola|40\/100\n|-damage|p1a: Zamazenta|71\/100|[from] item: Rocky Helmet|[of] p2a: Alomomola\n|move|p2a: Alomomola|Scald|p1a: Zamazenta\n|-end|p1a: Zamazenta|Substitute\n|\n|-heal|p1a: Zamazenta|77\/100|[from] item: Leftovers\n|upkeep\n|turn|15\n|\n|t:|1700791882\n|move|p1a: Zamazenta|Substitute|p1a: Zamazenta\n|-start|p1a: Zamazenta|Substitute\n|-damage|p1a: Zamazenta|52\/100\n|move|p2a: Alomomola|Flip Turn|p1a: Zamazenta\n|-activate|p1a: Zamazenta|move: Substitute|[damage]\n|\n|t:|1700791888\n|switch|p2a: Mandibuzz|Mandibuzz, F|100\/100|[from] Flip Turn\n|\n|-heal|p1a: Zamazenta|59\/100|[from] item: Leftovers\n|upkeep\n|turn|16\n|\n|t:|1700791893\n|move|p1a: Zamazenta|Body Press|p2a: Mandibuzz\n|-damage|p2a: Mandibuzz|55\/100\n|move|p2a: Mandibuzz|Foul Play|p1a: Zamazenta\n|-resisted|p1a: Zamazenta\n|-activate|p1a: Zamazenta|move: Substitute|[damage]\n|\n|-heal|p1a: Zamazenta|65\/100|[from] item: Leftovers\n|upkeep\n|turn|17\n|\n|t:|1700791912\n|move|p1a: Zamazenta|Iron Defense|p1a: Zamazenta\n|-boost|p1a: Zamazenta|def|2\n|move|p2a: Mandibuzz|U-turn|p1a: Zamazenta\n|-resisted|p1a: Zamazenta\n|-activate|p1a: Zamazenta|move: Substitute|[damage]\n|\n|t:|1700791923\n|switch|p2a: Alomomola|Alomomola, F|73\/100|[from] U-turn\n|-damage|p2a: Alomomola|61\/100|[from] Spikes\n|\n|-heal|p1a: Zamazenta|71\/100|[from] item: Leftovers\n|upkeep\n|turn|18\n|\n|t:|1700791933\n|move|p1a: Zamazenta|Body Press|p2a: Alomomola\n|-damage|p2a: Alomomola|0 fnt\n|-damage|p1a: Zamazenta|54\/100|[from] item: Rocky Helmet|[of] p2a: Alomomola\n|faint|p2a: Alomomola\n|\n|-heal|p1a: Zamazenta|60\/100|[from] item: Leftovers\n|upkeep\n|\n|t:|1700791937\n|switch|p2a: Heatran|Heatran, F|100\/100\n|-damage|p2a: Heatran|88\/100|[from] Spikes\n|turn|19\n|\n|t:|1700791940\n|move|p1a: Zamazenta|Body Press|p2a: Heatran\n|-supereffective|p2a: Heatran\n|-damage|p2a: Heatran|0 fnt\n|faint|p2a: Heatran\n|\n|-heal|p1a: Zamazenta|67\/100|[from] item: Leftovers\n|upkeep\n|-message|Pineapple Boiz forfeited.\n|\n|win|aarche284\n|raw|aarche284's rating: 1216 &rarr; <strong>1234<\/strong><br \/>(+18 for winning)\n|raw|Pineapple Boiz's rating: 1118 &rarr; <strong>1100<\/strong><br \/>(-18 for losing)\n|l|\u2606Pineapple Boiz\n","uploadtime":1700791951,"views":11,"p1id":"aarche284","p2id":"pineappleboiz","formatid":"gen9ou","rating":1100,"private":0,"password":""}