{"id":"gen9ou-1990827576","p1":"ChSc","p2":"C0V1D-42069","format":"[Gen 9] OU","log":"|j|\u2606ChSc\n|j|\u2606C0V1D-42069\n|t:|1700004956\n|gametype|singles\n|player|p1|ChSc|gambler|1436\n|player|p2|C0V1D-42069|ghetsis-gen5bw|1341\n|teamsize|p1|6\n|teamsize|p2|6\n|gen|9\n|tier|[Gen 9] OU\n|rated|\n|rule|Sleep Clause Mod: Limit one foe put to sleep\n|rule|Species Clause: Limit one of each Pok\u00e9mon\n|rule|OHKO Clause: OHKO moves are banned\n|rule|Evasion Items Clause: Evasion items are banned\n|rule|Evasion Moves Clause: Evasion moves are banned\n|rule|Endless Battle Clause: Forcing endless battles is banned\n|rule|HP Percentage Mod: HP is shown in percentages\n|clearpoke\n|poke|p1|Zoroark-Hisui, F|\n|poke|p1|Meowscarada, F|\n|poke|p1|Corviknight, M|\n|poke|p1|Umbreon, M|\n|poke|p1|Glimmora, F|\n|poke|p1|Hatterene, F|\n|poke|p2|Kingambit, F|\n|poke|p2|Glimmora, M|\n|poke|p2|Zamazenta-*|\n|poke|p2|Iron Valiant|\n|poke|p2|Iron Moth|\n|poke|p2|Ogerpon-Wellspring, F|\n|teampreview\n|inactive|Battle timer is ON: inactive players will automatically lose when time's up. (requested by C0V1D-42069)\n|c|\u2606C0V1D-42069|gl hf\n|\n|t:|1700004978\n|start\n|switch|p1a: Glimmora|Glimmora, F, shiny|100\/100\n|switch|p2a: Glimmora|Glimmora, M|100\/100\n|turn|1\n|\n|t:|1700004982\n|move|p1a: Glimmora|Earth Power|p2a: Glimmora\n|-supereffective|p2a: Glimmora\n|-enditem|p2a: Glimmora|Focus Sash\n|-damage|p2a: Glimmora|1\/100\n|move|p2a: Glimmora|Earth Power|p1a: Glimmora\n|-supereffective|p1a: Glimmora\n|-damage|p1a: Glimmora|0 fnt\n|faint|p1a: Glimmora\n|\n|upkeep\n|\n|t:|1700004989\n|switch|p1a: Umbreon|Umbreon, M, shiny|100\/100\n|turn|2\n|\n|t:|1700004991\n|move|p1a: Umbreon|Shadow Ball|p2a: Glimmora\n|-damage|p2a: Glimmora|0 fnt\n|faint|p2a: Glimmora\n|\n|upkeep\n|\n|t:|1700005003\n|switch|p2a: Ogerpon|Ogerpon-Wellspring, F|100\/100\n|turn|3\n|\n|t:|1700005008\n|move|p2a: Ogerpon|Knock Off|p1a: Umbreon\n|-supereffective|p1a: Umbreon\n|-damage|p1a: Umbreon|0 fnt\n|replace|p1a: Zoroark|Zoroark-Hisui, F, shiny\n|-end|p1a: Zoroark|Illusion\n|-enditem|p1a: Zoroark|Choice Specs|[from] move: Knock Off|[of] p2a: Ogerpon\n|faint|p1a: Zoroark\n|\n|upkeep\n|\n|t:|1700005014\n|switch|p1a: Meowscarada|Meowscarada, F, shiny|100\/100\n|turn|4\n|\n|t:|1700005017\n|move|p1a: Meowscarada|U-turn|p2a: Ogerpon\n|-start|p1a: Meowscarada|typechange|Bug|[from] ability: Protean\n|-supereffective|p2a: Ogerpon\n|-damage|p2a: Ogerpon|0 fnt\n|faint|p2a: Ogerpon\n|\n|t:|1700005022\n|switch|p1a: Corviknight|Corviknight, M, shiny|100\/100|[from] U-turn\n|\n|upkeep\n|c|\u2606C0V1D-42069|zamn\n|\n|t:|1700005026\n|switch|p2a: Iron Moth|Iron Moth|100\/100\n|-enditem|p2a: Iron Moth|Booster Energy\n|-activate|p2a: Iron Moth|ability: Quark Drive|[fromitem]\n|-start|p2a: Iron Moth|quarkdrivespe\n|turn|5\n|\n|t:|1700005034\n|move|p2a: Iron Moth|Fiery Dance|p1a: Corviknight\n|-supereffective|p1a: Corviknight\n|-damage|p1a: Corviknight|21\/100\n|-boost|p2a: Iron Moth|spa|1\n|move|p1a: Corviknight|U-turn|p2a: Iron Moth\n|-resisted|p2a: Iron Moth\n|-damage|p2a: Iron Moth|96\/100\n|\n|t:|1700005038\n|switch|p1a: Umbreon|Umbreon, M, shiny|100\/100|[from] U-turn\n|\n|upkeep\n|turn|6\n|\n|t:|1700005040\n|move|p2a: Iron Moth|Dazzling Gleam|p1a: Umbreon\n|-supereffective|p1a: Umbreon\n|-damage|p1a: Umbreon|57\/100\n|move|p1a: Umbreon|Foul Play|p2a: Iron Moth\n|-damage|p2a: Iron Moth|71\/100\n|\n|-heal|p1a: Umbreon|63\/100|[from] item: Leftovers\n|upkeep\n|turn|7\n|\n|t:|1700005046\n|move|p2a: Iron Moth|Dazzling Gleam|p1a: Umbreon\n|-supereffective|p1a: Umbreon\n|-damage|p1a: Umbreon|23\/100\n|move|p1a: Umbreon|Wish|p1a: Umbreon\n|\n|-heal|p1a: Umbreon|29\/100|[from] item: Leftovers\n|upkeep\n|turn|8\n|\n|t:|1700005061\n|move|p1a: Umbreon|Protect|p1a: Umbreon\n|-singleturn|p1a: Umbreon|Protect\n|move|p2a: Iron Moth|Dazzling Gleam|p1a: Umbreon\n|-activate|p1a: Umbreon|move: Protect\n|\n|-heal|p1a: Umbreon|79\/100|[from] move: Wish|[wisher] Umbreon\n|-heal|p1a: Umbreon|85\/100|[from] item: Leftovers\n|upkeep\n|turn|9\n|\n|t:|1700005066\n|move|p2a: Iron Moth|Fiery Dance|p1a: Umbreon\n|-damage|p1a: Umbreon|51\/100\n|move|p1a: Umbreon|Foul Play|p2a: Iron Moth\n|-damage|p2a: Iron Moth|45\/100\n|\n|-heal|p1a: Umbreon|57\/100|[from] item: Leftovers\n|upkeep\n|turn|10\n|\n|t:|1700005073\n|move|p2a: Iron Moth|Dazzling Gleam|p1a: Umbreon\n|-supereffective|p1a: Umbreon\n|-damage|p1a: Umbreon|14\/100\n|move|p1a: Umbreon|Wish|p1a: Umbreon\n|\n|-heal|p1a: Umbreon|20\/100|[from] item: Leftovers\n|upkeep\n|turn|11\n|\n|t:|1700005077\n|move|p1a: Umbreon|Protect|p1a: Umbreon\n|-singleturn|p1a: Umbreon|Protect\n|move|p2a: Iron Moth|Dazzling Gleam|p1a: Umbreon\n|-activate|p1a: Umbreon|move: Protect\n|\n|-heal|p1a: Umbreon|70\/100|[from] move: Wish|[wisher] Umbreon\n|-heal|p1a: Umbreon|76\/100|[from] item: Leftovers\n|upkeep\n|turn|12\n|\n|t:|1700005083\n|move|p2a: Iron Moth|Fiery Dance|p1a: Umbreon\n|-damage|p1a: Umbreon|43\/100\n|-boost|p2a: Iron Moth|spa|1\n|move|p1a: Umbreon|Foul Play|p2a: Iron Moth\n|-damage|p2a: Iron Moth|19\/100\n|\n|-heal|p1a: Umbreon|49\/100|[from] item: Leftovers\n|upkeep\n|turn|13\n|\n|t:|1700005087\n|move|p1a: Umbreon|Protect|p1a: Umbreon\n|-singleturn|p1a: Umbreon|Protect\n|move|p2a: Iron Moth|Dazzling Gleam|p1a: Umbreon\n|-activate|p1a: Umbreon|move: Protect\n|\n|-heal|p1a: Umbreon|56\/100|[from] item: Leftovers\n|upkeep\n|turn|14\n|\n|t:|1700005092\n|move|p2a: Iron Moth|Dazzling Gleam|p1a: Umbreon\n|-supereffective|p1a: Umbreon\n|-crit|p1a: Umbreon\n|-damage|p1a: Umbreon|0 fnt\n|faint|p1a: Umbreon\n|\n|upkeep\n|\n|t:|1700005095\n|switch|p1a: Meowscarada|Meowscarada, F, shiny|100\/100\n|turn|15\n|\n|t:|1700005099\n|move|p1a: Meowscarada|Sucker Punch|p2a: Iron Moth\n|-start|p1a: Meowscarada|typechange|Dark|[from] ability: Protean\n|-damage|p2a: Iron Moth|0 fnt\n|faint|p2a: Iron Moth\n|-end|p2a: Iron Moth|Quark Drive|[silent]\n|\n|upkeep\n|\n|t:|1700005103\n|switch|p2a: Iron Valiant|Iron Valiant, shiny|100\/100\n|-enditem|p2a: Iron Valiant|Booster Energy\n|-activate|p2a: Iron Valiant|ability: Quark Drive|[fromitem]\n|-start|p2a: Iron Valiant|quarkdrivespe\n|turn|16\n|\n|t:|1700005108\n|switch|p1a: Hatterene|Hatterene, F, shiny|100\/100\n|move|p2a: Iron Valiant|Moonblast|p1a: Hatterene\n|-damage|p1a: Hatterene|52\/100\n|\n|-heal|p1a: Hatterene|58\/100|[from] item: Leftovers\n|upkeep\n|turn|17\n|\n|t:|1700005113\n|move|p2a: Iron Valiant|Hypnosis|p1a: Hatterene\n|move|p1a: Hatterene|Hypnosis|p2a: Iron Valiant|[from]ability: Magic Bounce|[miss]\n|-miss|p1a: Hatterene|p2a: Iron Valiant\n|move|p1a: Hatterene|Draining Kiss|p2a: Iron Valiant\n|-supereffective|p2a: Iron Valiant\n|-damage|p2a: Iron Valiant|15\/100\n|-heal|p1a: Hatterene|100\/100|[from] drain|[of] p2a: Iron Valiant\n|\n|upkeep\n|turn|18\n|\n|t:|1700005119\n|move|p2a: Iron Valiant|Moonblast|p1a: Hatterene\n|-damage|p1a: Hatterene|48\/100\n|-unboost|p1a: Hatterene|spa|1\n|move|p1a: Hatterene|Draining Kiss|p2a: Iron Valiant\n|-supereffective|p2a: Iron Valiant\n|-damage|p2a: Iron Valiant|0 fnt\n|-heal|p1a: Hatterene|58\/100|[from] drain|[of] p2a: Iron Valiant\n|faint|p2a: Iron Valiant\n|-end|p2a: Iron Valiant|Quark Drive|[silent]\n|\n|-heal|p1a: Hatterene|64\/100|[from] item: Leftovers\n|upkeep\n|c|\u2606C0V1D-42069|did NOT realize that would bounce back\n|\n|t:|1700005128\n|switch|p2a: Zamazenta|Zamazenta|100\/100\n|-ability|p2a: Zamazenta|Dauntless Shield|boost\n|-boost|p2a: Zamazenta|def|1\n|turn|19\n|\n|t:|1700005135\n|move|p2a: Zamazenta|Crunch|p1a: Hatterene\n|-damage|p1a: Hatterene|43\/100\n|move|p1a: Hatterene|Nuzzle|p2a: Zamazenta\n|-damage|p2a: Zamazenta|98\/100\n|-status|p2a: Zamazenta|par\n|\n|-heal|p2a: Zamazenta|100\/100 par|[from] item: Leftovers\n|-heal|p1a: Hatterene|49\/100|[from] item: Leftovers\n|upkeep\n|turn|20\n|\n|t:|1700005140\n|cant|p2a: Zamazenta|par\n|move|p1a: Hatterene|Calm Mind|p1a: Hatterene\n|-boost|p1a: Hatterene|spa|1\n|-boost|p1a: Hatterene|spd|1\n|\n|-heal|p1a: Hatterene|55\/100|[from] item: Leftovers\n|upkeep\n|turn|21\n|\n|t:|1700005144\n|cant|p2a: Zamazenta|par\n|move|p1a: Hatterene|Calm Mind|p1a: Hatterene\n|-boost|p1a: Hatterene|spa|1\n|-boost|p1a: Hatterene|spd|1\n|\n|-heal|p1a: Hatterene|61\/100|[from] item: Leftovers\n|upkeep\n|turn|22\n|\n|t:|1700005146\n|cant|p2a: Zamazenta|par\n|move|p1a: Hatterene|Draining Kiss|p2a: Zamazenta\n|-supereffective|p2a: Zamazenta\n|-damage|p2a: Zamazenta|36\/100 par\n|-heal|p1a: Hatterene|100\/100|[from] drain|[of] p2a: Zamazenta\n|\n|-heal|p2a: Zamazenta|42\/100 par|[from] item: Leftovers\n|upkeep\n|turn|23\n|\n|t:|1700005156\n|move|p2a: Zamazenta|Body Press|p1a: Hatterene\n|-resisted|p1a: Hatterene\n|-damage|p1a: Hatterene|91\/100\n|move|p1a: Hatterene|Calm Mind|p1a: Hatterene\n|-boost|p1a: Hatterene|spa|1\n|-boost|p1a: Hatterene|spd|1\n|\n|-heal|p2a: Zamazenta|48\/100 par|[from] item: Leftovers\n|-heal|p1a: Hatterene|97\/100|[from] item: Leftovers\n|upkeep\n|turn|24\n|\n|t:|1700005170\n|move|p2a: Zamazenta|Stone Edge|p1a: Hatterene\n|-damage|p1a: Hatterene|73\/100\n|move|p1a: Hatterene|Calm Mind|p1a: Hatterene\n|-boost|p1a: Hatterene|spa|1\n|-boost|p1a: Hatterene|spd|1\n|\n|-heal|p2a: Zamazenta|54\/100 par|[from] item: Leftovers\n|-heal|p1a: Hatterene|78\/100|[from] item: Leftovers\n|upkeep\n|turn|25\n|\n|t:|1700005190\n|move|p2a: Zamazenta|Stone Edge|p1a: Hatterene\n|-damage|p1a: Hatterene|52\/100\n|move|p1a: Hatterene|Calm Mind|p1a: Hatterene\n|-boost|p1a: Hatterene|spa|1\n|-boost|p1a: Hatterene|spd|1\n|\n|-heal|p2a: Zamazenta|60\/100 par|[from] item: Leftovers\n|-heal|p1a: Hatterene|58\/100|[from] item: Leftovers\n|upkeep\n|turn|26\n|\n|t:|1700005195\n|move|p2a: Zamazenta|Stone Edge|p1a: Hatterene\n|-damage|p1a: Hatterene|33\/100\n|move|p1a: Hatterene|Draining Kiss|p2a: Zamazenta\n|-supereffective|p2a: Zamazenta\n|-damage|p2a: Zamazenta|0 fnt\n|-heal|p1a: Hatterene|78\/100|[from] drain|[of] p2a: Zamazenta\n|faint|p2a: Zamazenta\n|\n|-heal|p1a: Hatterene|84\/100|[from] item: Leftovers\n|upkeep\n|\n|t:|1700005200\n|switch|p2a: Kingambit|Kingambit, F, shiny|100\/100\n|-activate|p2a: Kingambit|ability: Supreme Overlord\n|-start|p2a: Kingambit|fallen5|[silent]\n|turn|27\n|\n|t:|1700005206\n|-terastallize|p1a: Hatterene|Water\n|move|p2a: Kingambit|Swords Dance|p2a: Kingambit\n|-boost|p2a: Kingambit|atk|2\n|move|p1a: Hatterene|Nuzzle|p2a: Kingambit\n|-damage|p2a: Kingambit|97\/100\n|-status|p2a: Kingambit|par\n|\n|-heal|p1a: Hatterene|90\/100|[from] item: Leftovers\n|upkeep\n|turn|28\n|\n|t:|1700005218\n|move|p2a: Kingambit|Iron Head|p1a: Hatterene\n|-resisted|p1a: Hatterene\n|-damage|p1a: Hatterene|29\/100\n|cant|p1a: Hatterene|flinch\n|\n|-heal|p1a: Hatterene|35\/100|[from] item: Leftovers\n|upkeep\n|turn|29\n|c|\u2606ChSc|Dang\n|\n|t:|1700005229\n|move|p2a: Kingambit|Kowtow Cleave|p1a: Hatterene\n|-damage|p1a: Hatterene|0 fnt\n|faint|p1a: Hatterene\n|\n|upkeep\n|\n|t:|1700005232\n|switch|p1a: Corviknight|Corviknight, M, shiny|21\/100\n|turn|30\n|\n|t:|1700005239\n|move|p1a: Corviknight|Roost|p1a: Corviknight\n|-heal|p1a: Corviknight|71\/100\n|-singleturn|p1a: Corviknight|move: Roost\n|move|p2a: Kingambit|Kowtow Cleave|p1a: Corviknight\n|-damage|p1a: Corviknight|0 fnt\n|faint|p1a: Corviknight\n|\n|upkeep\n|\n|t:|1700005242\n|switch|p1a: Meowscarada|Meowscarada, F, shiny|100\/100\n|turn|31\n|\n|t:|1700005247\n|move|p1a: Meowscarada|Knock Off|p2a: Kingambit\n|-start|p1a: Meowscarada|typechange|Dark|[from] ability: Protean\n|-resisted|p2a: Kingambit\n|-damage|p2a: Kingambit|68\/100 par\n|-enditem|p2a: Kingambit|Black Glasses|[from] move: Knock Off|[of] p1a: Meowscarada\n|move|p2a: Kingambit|Kowtow Cleave|p1a: Meowscarada\n|-resisted|p1a: Meowscarada\n|-damage|p1a: Meowscarada|0 fnt\n|faint|p1a: Meowscarada\n|\n|win|C0V1D-42069\n|raw|ChSc's rating: 1436 &rarr; <strong>1411<\/strong><br \/>(-25 for losing)\n|raw|C0V1D-42069's rating: 1341 &rarr; <strong>1366<\/strong><br \/>(+25 for winning)\n|c|\u2606C0V1D-42069|gg\n","uploadtime":1700005256,"views":12,"p1id":"chsc","p2id":"c0v1d42069","formatid":"gen9ou","rating":1366,"private":0,"password":""}