{"id":"gen9ou-1995184505","p1":"bigsmokewasright","p2":"Bub Testing","format":"[Gen 9] OU","log":"|j|\u2606bigsmokewasright\n|j|\u2606Bub Testing\n|t:|1700532055\n|gametype|singles\n|player|p1|bigsmokewasright|101|1521\n|player|p2|Bub Testing|n|1501\n|teamsize|p1|6\n|teamsize|p2|6\n|gen|9\n|tier|[Gen 9] OU\n|rated|\n|rule|Sleep Clause Mod: Limit one foe put to sleep\n|rule|Species Clause: Limit one of each Pok\u00e9mon\n|rule|OHKO Clause: OHKO moves are banned\n|rule|Evasion Items Clause: Evasion items are banned\n|rule|Evasion Moves Clause: Evasion moves are banned\n|rule|Endless Battle Clause: Forcing endless battles is banned\n|rule|HP Percentage Mod: HP is shown in percentages\n|clearpoke\n|poke|p1|Rillaboom, F|\n|poke|p1|Cinderace, F|\n|poke|p1|Ogerpon-Cornerstone, F|\n|poke|p1|Kingambit, F|\n|poke|p1|Great Tusk|\n|poke|p1|Iron Valiant|\n|poke|p2|Magnezone|\n|poke|p2|Gholdengo|\n|poke|p2|Ogerpon-Wellspring, F|\n|poke|p2|Moltres|\n|poke|p2|Zamazenta-*|\n|poke|p2|Ting-Lu|\n|teampreview\n|inactive|Battle timer is ON: inactive players will automatically lose when time's up. (requested by bigsmokewasright)\n|inactive|bigsmokewasright has 120 seconds left.\n|\n|t:|1700532100\n|start\n|switch|p1a: Ogerpon|Ogerpon-Cornerstone, F|100\/100\n|switch|p2a: Moltres|Moltres|100\/100\n|turn|1\n|\n|t:|1700532123\n|switch|p2a: Gholdengo|Gholdengo|100\/100\n|move|p1a: Ogerpon|Ivy Cudgel|p2a: Gholdengo|[anim] Ivy Cudgel Rock\n|-resisted|p2a: Gholdengo\n|-damage|p2a: Gholdengo|81\/100\n|\n|upkeep\n|turn|2\n|inactive|bigsmokewasright has 120 seconds left.\n|\n|t:|1700532153\n|switch|p1a: Great Tusk|Great Tusk|100\/100\n|move|p2a: Gholdengo|Shadow Ball|p1a: Great Tusk\n|-damage|p1a: Great Tusk|57\/100\n|\n|upkeep\n|turn|3\n|\n|t:|1700532162\n|switch|p2a: Moltres|Moltres|100\/100\n|move|p1a: Great Tusk|Stealth Rock|p2a: Moltres\n|-sidestart|p2: Bub Testing|move: Stealth Rock\n|\n|upkeep\n|turn|4\n|inactive|bigsmokewasright has 120 seconds left.\n|\n|t:|1700532174\n|-end|p1a: Great Tusk|Protosynthesis|[silent]\n|switch|p1a: Cinderace|Cinderace, F|100\/100\n|move|p2a: Moltres|Flamethrower|p1a: Cinderace\n|-resisted|p1a: Cinderace\n|-damage|p1a: Cinderace|78\/100\n|\n|upkeep\n|turn|5\n|\n|t:|1700532180\n|move|p1a: Cinderace|U-turn|p2a: Moltres\n|-resisted|p2a: Moltres\n|-crit|p2a: Moltres\n|-damage|p2a: Moltres|94\/100\n|\n|t:|1700532181\n|switch|p1a: Ogerpon|Ogerpon-Cornerstone, F|100\/100|[from] U-turn\n|move|p2a: Moltres|U-turn|p1a: Ogerpon\n|-supereffective|p1a: Ogerpon\n|-damage|p1a: Ogerpon|64\/100\n|\n|t:|1700532199\n|switch|p2a: Zamazenta|Zamazenta|100\/100|[from] U-turn\n|-damage|p2a: Zamazenta|94\/100|[from] Stealth Rock\n|-ability|p2a: Zamazenta|Dauntless Shield|boost\n|-boost|p2a: Zamazenta|def|1\n|\n|upkeep\n|turn|6\n|\n|t:|1700532212\n|switch|p1a: Cinderace|Cinderace, F|78\/100\n|move|p2a: Zamazenta|Heavy Slam|p1a: Cinderace\n|-resisted|p1a: Cinderace\n|-damage|p1a: Cinderace|54\/100\n|\n|upkeep\n|turn|7\n|inactive|bigsmokewasright has 120 seconds left.\n|\n|t:|1700532241\n|-terastallize|p1a: Cinderace|Ghost\n|move|p2a: Zamazenta|Close Combat|p1a: Cinderace\n|-immune|p1a: Cinderace\n|move|p1a: Cinderace|Will-O-Wisp|p2a: Zamazenta\n|-status|p2a: Zamazenta|brn\n|\n|-damage|p2a: Zamazenta|88\/100 brn|[from] brn\n|upkeep\n|turn|8\n|\n|t:|1700532247\n|move|p2a: Zamazenta|Crunch|p1a: Cinderace\n|-supereffective|p1a: Cinderace\n|-damage|p1a: Cinderace|22\/100\n|-unboost|p1a: Cinderace|def|1\n|move|p1a: Cinderace|U-turn|p2a: Zamazenta\n|-resisted|p2a: Zamazenta\n|-damage|p2a: Zamazenta|82\/100 brn\n|inactive|bigsmokewasright has 120 seconds left.\n|\n|t:|1700532260\n|switch|p1a: Iron Valiant|Iron Valiant|100\/100|[from] U-turn\n|-enditem|p1a: Iron Valiant|Booster Energy\n|-activate|p1a: Iron Valiant|ability: Quark Drive|[fromitem]\n|-start|p1a: Iron Valiant|quarkdrivespe\n|\n|-damage|p2a: Zamazenta|76\/100 brn|[from] brn\n|upkeep\n|turn|9\n|inactive|bigsmokewasright has 120 seconds left.\n|\n|t:|1700532274\n|switch|p2a: Moltres|Moltres|94\/100\n|move|p1a: Iron Valiant|Calm Mind|p1a: Iron Valiant\n|-boost|p1a: Iron Valiant|spa|1\n|-boost|p1a: Iron Valiant|spd|1\n|\n|upkeep\n|turn|10\n|\n|t:|1700532279\n|move|p1a: Iron Valiant|Thunderbolt|p2a: Moltres\n|-supereffective|p2a: Moltres\n|-damage|p2a: Moltres|24\/100\n|move|p2a: Moltres|Flamethrower|p1a: Iron Valiant\n|-damage|p1a: Iron Valiant|59\/100\n|\n|upkeep\n|turn|11\n|\n|t:|1700532287\n|switch|p2a: Magnezone|Magnezone|100\/100\n|-damage|p2a: Magnezone|95\/100|[from] Stealth Rock\n|move|p1a: Iron Valiant|Moonblast|p2a: Magnezone\n|-resisted|p2a: Magnezone\n|-damage|p2a: Magnezone|52\/100\n|\n|upkeep\n|turn|12\n|inactive|bigsmokewasright has 120 seconds left.\n|\n|t:|1700532316\n|move|p1a: Iron Valiant|Moonblast|p2a: Magnezone\n|-resisted|p2a: Magnezone\n|-damage|p2a: Magnezone|14\/100\n|-enditem|p2a: Magnezone|Sitrus Berry|[eat]\n|-heal|p2a: Magnezone|39\/100|[from] item: Sitrus Berry\n|move|p2a: Magnezone|Thunderbolt|p1a: Iron Valiant\n|-damage|p1a: Iron Valiant|0 fnt\n|faint|p1a: Iron Valiant\n|-end|p1a: Iron Valiant|Quark Drive|[silent]\n|\n|upkeep\n|inactive|bigsmokewasright has 120 seconds left.\n|\n|t:|1700532331\n|switch|p1a: Cinderace|Cinderace, F, tera:Ghost|22\/100\n|turn|13\n|\n|t:|1700532341\n|switch|p2a: Moltres|Moltres|24\/100\n|move|p1a: Cinderace|Pyro Ball|p2a: Moltres|[miss]\n|-miss|p1a: Cinderace|p2a: Moltres\n|\n|upkeep\n|turn|14\n|\n|t:|1700532346\n|move|p1a: Cinderace|Pyro Ball|p2a: Moltres\n|-resisted|p2a: Moltres\n|-damage|p2a: Moltres|0 fnt\n|faint|p2a: Moltres\n|\n|upkeep\n|\n|t:|1700532349\n|switch|p2a: Zamazenta|Zamazenta|76\/100 brn\n|-damage|p2a: Zamazenta|70\/100 brn|[from] Stealth Rock\n|turn|15\n|\n|t:|1700532355\n|switch|p1a: Great Tusk|Great Tusk|57\/100\n|move|p2a: Zamazenta|Crunch|p1a: Great Tusk\n|-resisted|p1a: Great Tusk\n|-damage|p1a: Great Tusk|53\/100\n|-damage|p2a: Zamazenta|53\/100 brn|[from] item: Rocky Helmet|[of] p1a: Great Tusk\n|\n|-damage|p2a: Zamazenta|47\/100 brn|[from] brn\n|upkeep\n|turn|16\n|\n|t:|1700532362\n|move|p2a: Zamazenta|Close Combat|p1a: Great Tusk\n|-damage|p1a: Great Tusk|34\/100\n|-unboost|p2a: Zamazenta|def|1\n|-unboost|p2a: Zamazenta|spd|1\n|-enditem|p2a: Zamazenta|Eject Pack\n|-damage|p2a: Zamazenta|31\/100 brn|[from] item: Rocky Helmet|[of] p1a: Great Tusk\n|\n|t:|1700532369\n|switch|p2a: Ogerpon|Ogerpon-Wellspring, F|100\/100\n|-damage|p2a: Ogerpon|88\/100|[from] Stealth Rock\n|move|p1a: Great Tusk|Earthquake|p2a: Ogerpon\n|-resisted|p2a: Ogerpon\n|-damage|p2a: Ogerpon|62\/100\n|\n|upkeep\n|turn|17\n|\n|t:|1700532385\n|move|p2a: Ogerpon|Ivy Cudgel|p1a: Great Tusk|[anim] Ivy Cudgel Water\n|-supereffective|p1a: Great Tusk\n|-damage|p1a: Great Tusk|0 fnt\n|faint|p1a: Great Tusk\n|-end|p1a: Great Tusk|Protosynthesis|[silent]\n|\n|upkeep\n|\n|t:|1700532392\n|switch|p1a: Rillaboom|Rillaboom, F|100\/100\n|-fieldstart|move: Grassy Terrain|[from] ability: Grassy Surge|[of] p1a: Rillaboom\n|turn|18\n|\n|t:|1700532402\n|switch|p2a: Zamazenta|Zamazenta|31\/100 brn\n|-damage|p2a: Zamazenta|24\/100 brn|[from] Stealth Rock\n|move|p1a: Rillaboom|U-turn|p2a: Zamazenta\n|-resisted|p2a: Zamazenta\n|-damage|p2a: Zamazenta|9\/100 brn\n|\n|t:|1700532407\n|switch|p1a: Kingambit|Kingambit, F|100\/100|[from] U-turn\n|-activate|p1a: Kingambit|ability: Supreme Overlord\n|-start|p1a: Kingambit|fallen2|[silent]\n|-item|p1a: Kingambit|Air Balloon\n|\n|-heal|p2a: Zamazenta|15\/100 brn|[from] Grassy Terrain\n|-damage|p2a: Zamazenta|9\/100 brn|[from] brn\n|upkeep\n|turn|19\n|\n|t:|1700532413\n|move|p1a: Kingambit|Sucker Punch|p2a: Zamazenta\n|-resisted|p2a: Zamazenta\n|-damage|p2a: Zamazenta|0 fnt\n|faint|p2a: Zamazenta\n|\n|upkeep\n|\n|t:|1700532420\n|switch|p2a: Magnezone|Magnezone|39\/100\n|-damage|p2a: Magnezone|33\/100|[from] Stealth Rock\n|turn|20\n|\n|t:|1700532424\n|move|p2a: Magnezone|Iron Defense|p2a: Magnezone\n|-boost|p2a: Magnezone|def|2\n|move|p1a: Kingambit|Low Kick|p2a: Magnezone\n|-supereffective|p2a: Magnezone\n|-damage|p2a: Magnezone|0 fnt\n|faint|p2a: Magnezone\n|\n|upkeep\n|\n|t:|1700532430\n|switch|p2a: Ting-Lu|Ting-Lu|100\/100\n|-damage|p2a: Ting-Lu|94\/100|[from] Stealth Rock\n|-ability|p2a: Ting-Lu|Vessel of Ruin\n|turn|21\n|\n|t:|1700532443\n|-end|p1a: Kingambit|fallen2|[silent]\n|switch|p1a: Ogerpon|Ogerpon-Cornerstone, F|64\/100\n|move|p2a: Ting-Lu|Ruination|p1a: Ogerpon\n|-damage|p1a: Ogerpon|32\/100\n|\n|-heal|p1a: Ogerpon|38\/100|[from] Grassy Terrain\n|-heal|p2a: Ting-Lu|100\/100|[from] Grassy Terrain\n|upkeep\n|turn|22\n|\n|t:|1700532452\n|move|p1a: Ogerpon|Power Whip|p2a: Ting-Lu\n|-supereffective|p2a: Ting-Lu\n|-damage|p2a: Ting-Lu|9\/100\n|move|p2a: Ting-Lu|Stealth Rock|p1a: Ogerpon\n|-sidestart|p1: bigsmokewasright|move: Stealth Rock\n|\n|-heal|p1a: Ogerpon|44\/100|[from] Grassy Terrain\n|-heal|p2a: Ting-Lu|16\/100|[from] Grassy Terrain\n|-heal|p2a: Ting-Lu|22\/100|[from] item: Leftovers\n|-fieldend|move: Grassy Terrain\n|upkeep\n|turn|23\n|\n|t:|1700532457\n|move|p1a: Ogerpon|Power Whip|p2a: Ting-Lu\n|-supereffective|p2a: Ting-Lu\n|-damage|p2a: Ting-Lu|0 fnt\n|faint|p2a: Ting-Lu\n|\n|upkeep\n|\n|t:|1700532462\n|switch|p2a: Gholdengo|Gholdengo|81\/100\n|-damage|p2a: Gholdengo|75\/100|[from] Stealth Rock\n|turn|24\n|\n|t:|1700532465\n|move|p1a: Ogerpon|Power Whip|p2a: Gholdengo\n|-resisted|p2a: Gholdengo\n|-damage|p2a: Gholdengo|51\/100\n|move|p2a: Gholdengo|Nasty Plot|p2a: Gholdengo\n|-boost|p2a: Gholdengo|spa|2\n|\n|upkeep\n|turn|25\n|\n|t:|1700532470\n|move|p1a: Ogerpon|Swords Dance|p1a: Ogerpon\n|-boost|p1a: Ogerpon|atk|2\n|move|p2a: Gholdengo|Recover|p2a: Gholdengo\n|-heal|p2a: Gholdengo|100\/100\n|\n|upkeep\n|turn|26\n|\n|t:|1700532474\n|move|p1a: Ogerpon|Ivy Cudgel|p2a: Gholdengo|[anim] Ivy Cudgel Rock\n|-resisted|p2a: Gholdengo\n|-damage|p2a: Gholdengo|61\/100\n|move|p2a: Gholdengo|Shadow Ball|p1a: Ogerpon\n|-damage|p1a: Ogerpon|0 fnt\n|faint|p1a: Ogerpon\n|\n|upkeep\n|\n|t:|1700532478\n|switch|p1a: Cinderace|Cinderace, F, tera:Ghost|22\/100\n|turn|27\n|\n|t:|1700532481\n|-terastallize|p2a: Gholdengo|Fairy\n|move|p1a: Cinderace|Pyro Ball|p2a: Gholdengo\n|-damage|p2a: Gholdengo|12\/100\n|move|p2a: Gholdengo|Recover|p2a: Gholdengo\n|-heal|p2a: Gholdengo|62\/100\n|\n|upkeep\n|turn|28\n|\n|t:|1700532488\n|move|p1a: Cinderace|Pyro Ball|p2a: Gholdengo|[miss]\n|-miss|p1a: Cinderace|p2a: Gholdengo\n|move|p2a: Gholdengo|Shadow Ball|p1a: Cinderace\n|-supereffective|p1a: Cinderace\n|-damage|p1a: Cinderace|0 fnt\n|faint|p1a: Cinderace\n|\n|upkeep\n|\n|t:|1700532494\n|switch|p1a: Kingambit|Kingambit, F|100\/100\n|-damage|p1a: Kingambit|94\/100|[from] Stealth Rock\n|-activate|p1a: Kingambit|ability: Supreme Overlord\n|-start|p1a: Kingambit|fallen4|[silent]\n|-item|p1a: Kingambit|Air Balloon\n|turn|29\n|\n|t:|1700532500\n|move|p2a: Gholdengo|Make It Rain|p1a: Kingambit\n|-resisted|p1a: Kingambit\n|-damage|p1a: Kingambit|48\/100\n|-unboost|p2a: Gholdengo|spa|1\n|-enditem|p2a: Gholdengo|Eject Pack\n|-enditem|p1a: Kingambit|Air Balloon\n|\n|t:|1700532504\n|switch|p2a: Ogerpon|Ogerpon-Wellspring, F|62\/100\n|-damage|p2a: Ogerpon|50\/100|[from] Stealth Rock\n|move|p1a: Kingambit|Iron Head|p2a: Ogerpon\n|-resisted|p2a: Ogerpon\n|-damage|p2a: Ogerpon|6\/100\n|\n|upkeep\n|turn|30\n|\n|t:|1700532508\n|move|p1a: Kingambit|Sucker Punch||[still]\n|-fail|p1a: Kingambit\n|move|p2a: Ogerpon|Swords Dance|p2a: Ogerpon\n|-boost|p2a: Ogerpon|atk|2\n|\n|upkeep\n|turn|31\n|\n|t:|1700532510\n|move|p1a: Kingambit|Sucker Punch||[still]\n|-fail|p1a: Kingambit\n|move|p2a: Ogerpon|Swords Dance|p2a: Ogerpon\n|-boost|p2a: Ogerpon|atk|2\n|\n|upkeep\n|turn|32\n|\n|t:|1700532513\n|move|p1a: Kingambit|Sucker Punch||[still]\n|-fail|p1a: Kingambit\n|move|p2a: Ogerpon|Swords Dance|p2a: Ogerpon\n|-boost|p2a: Ogerpon|atk|2\n|\n|upkeep\n|turn|33\n|\n|t:|1700532515\n|move|p1a: Kingambit|Sucker Punch|p2a: Ogerpon\n|-damage|p2a: Ogerpon|0 fnt\n|faint|p2a: Ogerpon\n|\n|upkeep\n|-message|Bub Testing forfeited.\n|\n|win|bigsmokewasright\n|raw|bigsmokewasright's rating: 1521 &rarr; <strong>1540<\/strong><br \/>(+19 for winning)\n|raw|Bub Testing's rating: 1501 &rarr; <strong>1482<\/strong><br \/>(-19 for losing)\n|l|\u2606Bub Testing\n|l|\u2606bigsmokewasright\n|j|\u2606bigsmokewasright\n|player|p1|bigsmokewasright|101\n","uploadtime":1700532523,"views":5,"p1id":"bigsmokewasright","p2id":"bubtesting","formatid":"gen9ou","rating":1482,"private":0,"password":""}