{"id":"gen9ou-1997059574","p1":"ReaperOverwatch41","p2":"ronaldo31","format":"[Gen 9] OU","log":"|j|\u2606ReaperOverwatch41\n|j|\u2606ronaldo31\n|t:|1700760427\n|gametype|singles\n|player|p1|ReaperOverwatch41|1|1135\n|player|p2|ronaldo31|shadowtriad|1143\n|teamsize|p1|6\n|teamsize|p2|6\n|gen|9\n|tier|[Gen 9] OU\n|rated|\n|rule|Sleep Clause Mod: Limit one foe put to sleep\n|rule|Species Clause: Limit one of each Pok\u00e9mon\n|rule|OHKO Clause: OHKO moves are banned\n|rule|Evasion Items Clause: Evasion items are banned\n|rule|Evasion Moves Clause: Evasion moves are banned\n|rule|Endless Battle Clause: Forcing endless battles is banned\n|rule|HP Percentage Mod: HP is shown in percentages\n|clearpoke\n|poke|p1|Ceruledge, M|\n|poke|p1|Kingambit, M|\n|poke|p1|Iron Valiant|\n|poke|p1|Rotom-Wash|\n|poke|p1|Ursaluna, M|\n|poke|p1|Torkoal, M|\n|poke|p2|Grimmsnarl, M|\n|poke|p2|Cinderace, F|\n|poke|p2|Landorus-Therian, M|\n|poke|p2|Jolteon, F|\n|poke|p2|Dragapult, F|\n|poke|p2|Grafaiai, F|\n|teampreview\n|\n|t:|1700760441\n|start\n|switch|p1a: Kingambit|Kingambit, M|100\/100\n|switch|p2a: Dragapult|Dragapult, F|100\/100\n|turn|1\n|\n|t:|1700760456\n|switch|p2a: Grafaiai|Grafaiai, F, shiny|100\/100\n|move|p1a: Kingambit|Kowtow Cleave|p2a: Grafaiai\n|-damage|p2a: Grafaiai|0 fnt\n|faint|p2a: Grafaiai\n|\n|upkeep\n|\n|t:|1700760474\n|switch|p2a: Landorus|Landorus-Therian, M, shiny|100\/100\n|-ability|p2a: Landorus|Intimidate|boost\n|-unboost|p1a: Kingambit|atk|1\n|turn|2\n|\n|t:|1700760487\n|move|p2a: Landorus|U-turn|p1a: Kingambit\n|-damage|p1a: Kingambit|84\/100\n|\n|t:|1700760495\n|switch|p2a: Cinderace|Cinderace, F, shiny|100\/100|[from] U-turn\n|move|p1a: Kingambit|Kowtow Cleave|p2a: Cinderace\n|-damage|p2a: Cinderace|56\/100\n|\n|upkeep\n|turn|3\n|\n|t:|1700760503\n|move|p2a: Cinderace|Pyro Ball|p1a: Kingambit\n|-supereffective|p1a: Kingambit\n|-damage|p1a: Kingambit|0 fnt\n|faint|p1a: Kingambit\n|-end|p1a: Kingambit|fallenundefined|[silent]\n|\n|upkeep\n|\n|t:|1700760513\n|switch|p1a: Ceruledge|Ceruledge, M|100\/100\n|turn|4\n|\n|t:|1700760517\n|move|p2a: Cinderace|U-turn|p1a: Ceruledge\n|-start|p2a: Cinderace|typechange|Bug|[from] ability: Libero\n|-resisted|p1a: Ceruledge\n|-damage|p1a: Ceruledge|89\/100\n|-ability|p1a: Ceruledge|Weak Armor|boost\n|-unboost|p1a: Ceruledge|def|1\n|-boost|p1a: Ceruledge|spe|2\n|\n|t:|1700760530\n|switch|p2a: Grimmsnarl|Grimmsnarl, M, shiny|100\/100|[from] U-turn\n|move|p1a: Ceruledge|Swords Dance|p1a: Ceruledge\n|-boost|p1a: Ceruledge|atk|2\n|\n|upkeep\n|turn|5\n|\n|t:|1700760537\n|move|p2a: Grimmsnarl|Reflect|p2a: Grimmsnarl\n|-sidestart|p2: ronaldo31|Reflect\n|move|p1a: Ceruledge|Bitter Blade|p2a: Grimmsnarl\n|-damage|p2a: Grimmsnarl|45\/100\n|-heal|p1a: Ceruledge|100\/100|[from] drain|[of] p2a: Grimmsnarl\n|\n|upkeep\n|turn|6\n|\n|t:|1700760544\n|move|p2a: Grimmsnarl|Parting Shot|p1a: Ceruledge\n|-unboost|p1a: Ceruledge|atk|1\n|-unboost|p1a: Ceruledge|spa|1\n|\n|t:|1700760558\n|switch|p2a: Landorus|Landorus-Therian, M, shiny|100\/100|[from] Parting Shot\n|-ability|p2a: Landorus|Intimidate|boost\n|-unboost|p1a: Ceruledge|atk|1\n|move|p1a: Ceruledge|Bitter Blade|p2a: Landorus\n|-damage|p2a: Landorus|84\/100\n|-damage|p1a: Ceruledge|84\/100|[from] item: Rocky Helmet|[of] p2a: Landorus\n|\n|upkeep\n|turn|7\n|\n|t:|1700760583\n|move|p1a: Ceruledge|Swords Dance|p1a: Ceruledge\n|-boost|p1a: Ceruledge|atk|2\n|move|p2a: Landorus|U-turn|p1a: Ceruledge\n|-resisted|p1a: Ceruledge\n|-damage|p1a: Ceruledge|71\/100\n|-ability|p1a: Ceruledge|Weak Armor|boost\n|-unboost|p1a: Ceruledge|def|1\n|-boost|p1a: Ceruledge|spe|2\n|\n|t:|1700760594\n|switch|p2a: Grimmsnarl|Grimmsnarl, M, shiny|45\/100|[from] U-turn\n|\n|upkeep\n|turn|8\n|\n|t:|1700760609\n|-terastallize|p1a: Ceruledge|Fire\n|move|p2a: Grimmsnarl|Light Screen|p2a: Grimmsnarl\n|-sidestart|p2: ronaldo31|move: Light Screen\n|move|p1a: Ceruledge|Swords Dance|p1a: Ceruledge\n|-boost|p1a: Ceruledge|atk|2\n|\n|upkeep\n|turn|9\n|\n|t:|1700760617\n|move|p2a: Grimmsnarl|Parting Shot|p1a: Ceruledge\n|-unboost|p1a: Ceruledge|atk|1\n|-unboost|p1a: Ceruledge|spa|1\n|\n|t:|1700760620\n|switch|p2a: Landorus|Landorus-Therian, M, shiny|84\/100|[from] Parting Shot\n|-ability|p2a: Landorus|Intimidate|boost\n|-unboost|p1a: Ceruledge|atk|1\n|move|p1a: Ceruledge|Bitter Blade|p2a: Landorus\n|-damage|p2a: Landorus|35\/100\n|-heal|p1a: Ceruledge|100\/100|[from] drain|[of] p2a: Landorus\n|-damage|p1a: Ceruledge|84\/100|[from] item: Rocky Helmet|[of] p2a: Landorus\n|\n|upkeep\n|turn|10\n|\n|t:|1700760631\n|move|p1a: Ceruledge|Bitter Blade|p2a: Landorus\n|-damage|p2a: Landorus|0 fnt\n|-heal|p1a: Ceruledge|100\/100|[from] drain|[of] p2a: Landorus\n|-damage|p1a: Ceruledge|84\/100|[from] item: Rocky Helmet|[of] p2a: Landorus\n|faint|p2a: Landorus\n|\n|upkeep\n|\n|t:|1700760640\n|switch|p2a: Dragapult|Dragapult, F|100\/100\n|turn|11\n|\n|t:|1700760645\n|move|p1a: Ceruledge|Poltergeist|p2a: Dragapult\n|-activate|p2a: Dragapult|move: Poltergeist|Choice Specs\n|-supereffective|p2a: Dragapult\n|-damage|p2a: Dragapult|0 fnt\n|faint|p2a: Dragapult\n|\n|upkeep\n|-message|ronaldo31 forfeited.\n|\n|win|ReaperOverwatch41\n|raw|ReaperOverwatch41's rating: 1135 &rarr; <strong>1161<\/strong><br \/>(+26 for winning)\n|raw|ronaldo31's rating: 1143 &rarr; <strong>1117<\/strong><br \/>(-26 for losing)\n|l|\u2606ronaldo31\n","uploadtime":1700760660,"views":5,"p1id":"reaperoverwatch41","p2id":"ronaldo31","formatid":"gen9ou","rating":1117,"private":0,"password":""}