{"id":"gen9ou-1988335128","p1":"jzhuc1841","p2":"Waynner","format":"[Gen 9] OU","log":"|j|\u2606jzhuc1841\n|j|\u2606Waynner\n|t:|1699710264\n|gametype|singles\n|player|p1|jzhuc1841|hilbert-wonderlauncher|1530\n|player|p2|Waynner|265|1445\n|teamsize|p1|6\n|teamsize|p2|6\n|gen|9\n|tier|[Gen 9] OU\n|rated|\n|rule|Sleep Clause Mod: Limit one foe put to sleep\n|rule|Species Clause: Limit one of each Pok\u00e9mon\n|rule|OHKO Clause: OHKO moves are banned\n|rule|Evasion Items Clause: Evasion items are banned\n|rule|Evasion Moves Clause: Evasion moves are banned\n|rule|Endless Battle Clause: Forcing endless battles is banned\n|rule|HP Percentage Mod: HP is shown in percentages\n|clearpoke\n|poke|p1|Ogerpon-Wellspring, F|\n|poke|p1|Kingambit, M|\n|poke|p1|Iron Moth|\n|poke|p1|Iron Valiant|\n|poke|p1|Zamazenta-*|\n|poke|p1|Glimmora, F|\n|poke|p2|Kingambit, F|\n|poke|p2|Zapdos|\n|poke|p2|Gholdengo|\n|poke|p2|Glimmora, M|\n|poke|p2|Gliscor, F|\n|poke|p2|Iron Moth|\n|teampreview\n|\n|t:|1699710301\n|start\n|switch|p1a: Glimmora|Glimmora, F|100\/100\n|switch|p2a: Gholdengo|Gholdengo|100\/100\n|-item|p1a: Glimmora|Air Balloon\n|-item|p2a: Gholdengo|Air Balloon\n|turn|1\n|\n|t:|1699710312\n|switch|p1a: Iron Moth|Iron Moth|100\/100\n|-enditem|p1a: Iron Moth|Booster Energy\n|-activate|p1a: Iron Moth|ability: Quark Drive|[fromitem]\n|-start|p1a: Iron Moth|quarkdrivespe\n|move|p2a: Gholdengo|Make It Rain|p1a: Iron Moth\n|-resisted|p1a: Iron Moth\n|-damage|p1a: Iron Moth|69\/100\n|-unboost|p2a: Gholdengo|spa|1\n|\n|upkeep\n|turn|2\n|\n|t:|1699710343\n|switch|p2a: Zapdos|Zapdos|100\/100\n|move|p1a: Iron Moth|Fiery Dance|p2a: Zapdos\n|-damage|p2a: Zapdos|58\/100\n|-boost|p1a: Iron Moth|spa|1\n|\n|upkeep\n|turn|3\n|\n|t:|1699710349\n|move|p1a: Iron Moth|Fiery Dance|p2a: Zapdos\n|-damage|p2a: Zapdos|3\/100\n|move|p2a: Zapdos|Thunder Wave|p1a: Iron Moth\n|-status|p1a: Iron Moth|par\n|\n|upkeep\n|turn|4\n|\n|t:|1699710358\n|cant|p1a: Iron Moth|par\n|move|p2a: Zapdos|Hurricane|p1a: Iron Moth\n|-damage|p1a: Iron Moth|9\/100 par\n|\n|upkeep\n|turn|5\n|\n|t:|1699710366\n|move|p1a: Iron Moth|Fiery Dance|p2a: Zapdos\n|-crit|p2a: Zapdos\n|-damage|p2a: Zapdos|0 fnt\n|-boost|p1a: Iron Moth|spa|1\n|faint|p2a: Zapdos\n|\n|upkeep\n|\n|t:|1699710369\n|switch|p2a: Kingambit|Kingambit, F|100\/100\n|-activate|p2a: Kingambit|ability: Supreme Overlord\n|-start|p2a: Kingambit|fallen1|[silent]\n|turn|6\n|\n|t:|1699710373\n|move|p2a: Kingambit|Sucker Punch||[still]\n|-fail|p2a: Kingambit\n|move|p1a: Iron Moth|Substitute|p1a: Iron Moth\n|-fail|p1a: Iron Moth|move: Substitute|[weak]\n|\n|upkeep\n|turn|7\n|\n|t:|1699710377\n|move|p2a: Kingambit|Sucker Punch|p1a: Iron Moth\n|-damage|p1a: Iron Moth|0 fnt\n|faint|p1a: Iron Moth\n|-end|p1a: Iron Moth|Quark Drive|[silent]\n|\n|upkeep\n|\n|t:|1699710384\n|switch|p1a: Zamazenta|Zamazenta|100\/100\n|-ability|p1a: Zamazenta|Dauntless Shield|boost\n|-boost|p1a: Zamazenta|def|1\n|turn|8\n|\n|t:|1699710394\n|-end|p2a: Kingambit|fallen1|[silent]\n|switch|p2a: Gliscor|Gliscor, F|100\/100\n|move|p1a: Zamazenta|Iron Defense|p1a: Zamazenta\n|-boost|p1a: Zamazenta|def|2\n|\n|-status|p2a: Gliscor|tox|[from] item: Toxic Orb\n|upkeep\n|turn|9\n|\n|t:|1699710404\n|switch|p2a: Glimmora|Glimmora, M|100\/100\n|move|p1a: Zamazenta|Substitute|p1a: Zamazenta\n|-start|p1a: Zamazenta|Substitute\n|-damage|p1a: Zamazenta|76\/100\n|\n|-heal|p1a: Zamazenta|82\/100|[from] item: Leftovers\n|upkeep\n|turn|10\n|\n|t:|1699710410\n|move|p2a: Glimmora|Endure|p2a: Glimmora\n|-singleturn|p2a: Glimmora|move: Endure\n|move|p1a: Zamazenta|Body Press|p2a: Glimmora\n|-activate|p2a: Glimmora|move: Endure\n|-damage|p2a: Glimmora|1\/100\n|-activate|p2a: Glimmora|ability: Toxic Debris\n|-sidestart|p1: jzhuc1841|move: Toxic Spikes\n|-enditem|p2a: Glimmora|Red Card|[of] p1a: Zamazenta\n|drag|p1a: Ogerpon|Ogerpon-Wellspring, F|100\/100\n|-status|p1a: Ogerpon|psn\n|\n|-damage|p1a: Ogerpon|88\/100 psn|[from] psn\n|upkeep\n|turn|11\n|\n|t:|1699710423\n|switch|p2a: Kingambit|Kingambit, F|100\/100\n|-activate|p2a: Kingambit|ability: Supreme Overlord\n|-start|p2a: Kingambit|fallen1|[silent]\n|move|p1a: Ogerpon|Trailblaze|p2a: Kingambit\n|-resisted|p2a: Kingambit\n|-damage|p2a: Kingambit|90\/100\n|-boost|p1a: Ogerpon|spe|1\n|\n|-heal|p2a: Kingambit|96\/100|[from] item: Leftovers\n|-damage|p1a: Ogerpon|76\/100 psn|[from] psn\n|upkeep\n|turn|12\n|\n|t:|1699710434\n|move|p1a: Ogerpon|Ivy Cudgel|p2a: Kingambit\n|-damage|p2a: Kingambit|52\/100\n|move|p2a: Kingambit|Kowtow Cleave|p1a: Ogerpon\n|-damage|p1a: Ogerpon|0 fnt\n|faint|p1a: Ogerpon\n|\n|-heal|p2a: Kingambit|58\/100|[from] item: Leftovers\n|upkeep\n|\n|t:|1699710439\n|switch|p1a: Glimmora|Glimmora, F|100\/100\n|-item|p1a: Glimmora|Air Balloon\n|turn|13\n|\n|t:|1699710446\n|move|p1a: Glimmora|Earth Power|p2a: Kingambit\n|-supereffective|p2a: Kingambit\n|-damage|p2a: Kingambit|0 fnt\n|faint|p2a: Kingambit\n|-end|p2a: Kingambit|fallen1|[silent]\n|\n|upkeep\n|\n|t:|1699710451\n|switch|p2a: Gholdengo|Gholdengo|100\/100\n|-item|p2a: Gholdengo|Air Balloon\n|turn|14\n|\n|t:|1699710458\n|move|p1a: Glimmora|Stealth Rock|p2a: Gholdengo\n|-sidestart|p2: Waynner|move: Stealth Rock\n|move|p2a: Gholdengo|Make It Rain|p1a: Glimmora\n|-supereffective|p1a: Glimmora\n|-damage|p1a: Glimmora|0 fnt\n|-unboost|p2a: Gholdengo|spa|1\n|-enditem|p1a: Glimmora|Air Balloon\n|faint|p1a: Glimmora\n|\n|upkeep\n|\n|t:|1699710464\n|switch|p1a: Kingambit|Kingambit, M|100\/100\n|-activate|p1a: Kingambit|ability: Supreme Overlord\n|-start|p1a: Kingambit|fallen3|[silent]\n|turn|15\n|\n|t:|1699710473\n|switch|p2a: Glimmora|Glimmora, M|1\/100\n|-damage|p2a: Glimmora|0 fnt|[from] Stealth Rock\n|faint|p2a: Glimmora\n|move|p1a: Kingambit|Kowtow Cleave|p2: Glimmora|[notarget]\n|-fail|p1a: Kingambit\n|\n|upkeep\n|\n|t:|1699710491\n|switch|p2a: Gliscor|Gliscor, F|100\/100 tox\n|-damage|p2a: Gliscor|88\/100 tox|[from] Stealth Rock\n|turn|16\n|\n|t:|1699710494\n|move|p2a: Gliscor|Earthquake|p1a: Kingambit\n|-supereffective|p1a: Kingambit\n|-damage|p1a: Kingambit|53\/100\n|move|p1a: Kingambit|Swords Dance|p1a: Kingambit\n|-boost|p1a: Kingambit|atk|2\n|\n|-heal|p2a: Gliscor|100\/100 tox|[from] ability: Poison Heal\n|upkeep\n|turn|17\n|\n|t:|1699710502\n|move|p2a: Gliscor|Substitute|p2a: Gliscor\n|-start|p2a: Gliscor|Substitute\n|-damage|p2a: Gliscor|76\/100 tox\n|move|p1a: Kingambit|Kowtow Cleave|p2a: Gliscor\n|-end|p2a: Gliscor|Substitute\n|\n|-heal|p2a: Gliscor|88\/100 tox|[from] ability: Poison Heal\n|upkeep\n|turn|18\n|\n|t:|1699710507\n|move|p2a: Gliscor|Earthquake|p1a: Kingambit\n|-supereffective|p1a: Kingambit\n|-damage|p1a: Kingambit|4\/100\n|move|p1a: Kingambit|Kowtow Cleave|p2a: Gliscor\n|-damage|p2a: Gliscor|5\/100 tox\n|\n|-heal|p2a: Gliscor|17\/100 tox|[from] ability: Poison Heal\n|upkeep\n|turn|19\n|\n|t:|1699710516\n|move|p2a: Gliscor|Protect|p2a: Gliscor\n|-singleturn|p2a: Gliscor|Protect\n|move|p1a: Kingambit|Kowtow Cleave|p2a: Gliscor\n|-activate|p2a: Gliscor|move: Protect\n|\n|-heal|p2a: Gliscor|30\/100 tox|[from] ability: Poison Heal\n|upkeep\n|turn|20\n|\n|t:|1699710525\n|move|p2a: Gliscor|Substitute|p2a: Gliscor\n|-start|p2a: Gliscor|Substitute\n|-damage|p2a: Gliscor|5\/100 tox\n|move|p1a: Kingambit|Kowtow Cleave|p2a: Gliscor\n|-end|p2a: Gliscor|Substitute\n|\n|-heal|p2a: Gliscor|17\/100 tox|[from] ability: Poison Heal\n|upkeep\n|turn|21\n|\n|t:|1699710534\n|-terastallize|p1a: Kingambit|Flying\n|move|p2a: Gliscor|Protect|p2a: Gliscor\n|-singleturn|p2a: Gliscor|Protect\n|move|p1a: Kingambit|Sucker Punch||[still]\n|-fail|p1a: Kingambit\n|\n|-heal|p2a: Gliscor|30\/100 tox|[from] ability: Poison Heal\n|upkeep\n|turn|22\n|\n|t:|1699710557\n|move|p2a: Gliscor|Substitute|p2a: Gliscor\n|-start|p2a: Gliscor|Substitute\n|-damage|p2a: Gliscor|5\/100 tox\n|move|p1a: Kingambit|Kowtow Cleave|p2a: Gliscor\n|-end|p2a: Gliscor|Substitute\n|\n|-heal|p2a: Gliscor|17\/100 tox|[from] ability: Poison Heal\n|upkeep\n|turn|23\n|\n|t:|1699710567\n|move|p2a: Gliscor|Protect|p2a: Gliscor\n|-singleturn|p2a: Gliscor|Protect\n|move|p1a: Kingambit|Kowtow Cleave|p2a: Gliscor\n|-activate|p2a: Gliscor|move: Protect\n|\n|-heal|p2a: Gliscor|30\/100 tox|[from] ability: Poison Heal\n|upkeep\n|turn|24\n|\n|t:|1699710583\n|move|p2a: Gliscor|Substitute|p2a: Gliscor\n|-start|p2a: Gliscor|Substitute\n|-damage|p2a: Gliscor|5\/100 tox\n|move|p1a: Kingambit|Kowtow Cleave|p2a: Gliscor\n|-end|p2a: Gliscor|Substitute\n|\n|-heal|p2a: Gliscor|17\/100 tox|[from] ability: Poison Heal\n|upkeep\n|turn|25\n|\n|t:|1699710592\n|move|p2a: Gliscor|Protect|p2a: Gliscor\n|-singleturn|p2a: Gliscor|Protect\n|move|p1a: Kingambit|Kowtow Cleave|p2a: Gliscor\n|-activate|p2a: Gliscor|move: Protect\n|\n|-heal|p2a: Gliscor|30\/100 tox|[from] ability: Poison Heal\n|upkeep\n|turn|26\n|\n|t:|1699710602\n|move|p2a: Gliscor|Substitute|p2a: Gliscor\n|-start|p2a: Gliscor|Substitute\n|-damage|p2a: Gliscor|5\/100 tox\n|move|p1a: Kingambit|Kowtow Cleave|p2a: Gliscor\n|-end|p2a: Gliscor|Substitute\n|\n|-heal|p2a: Gliscor|17\/100 tox|[from] ability: Poison Heal\n|upkeep\n|turn|27\n|\n|t:|1699710610\n|move|p2a: Gliscor|Protect|p2a: Gliscor\n|-singleturn|p2a: Gliscor|Protect\n|move|p1a: Kingambit|Kowtow Cleave|p2a: Gliscor\n|-activate|p2a: Gliscor|move: Protect\n|\n|-heal|p2a: Gliscor|30\/100 tox|[from] ability: Poison Heal\n|upkeep\n|turn|28\n|\n|t:|1699710632\n|move|p2a: Gliscor|Substitute|p2a: Gliscor\n|-start|p2a: Gliscor|Substitute\n|-damage|p2a: Gliscor|5\/100 tox\n|move|p1a: Kingambit|Kowtow Cleave|p2a: Gliscor\n|-end|p2a: Gliscor|Substitute\n|\n|-heal|p2a: Gliscor|17\/100 tox|[from] ability: Poison Heal\n|upkeep\n|turn|29\n|c|\u2606jzhuc1841|hey\n|c|\u2606jzhuc1841|that's embarrased\n|\n|t:|1699710670\n|-end|p1a: Kingambit|fallen3|[silent]\n|switch|p1a: Zamazenta|Zamazenta|82\/100\n|-status|p1a: Zamazenta|psn\n|move|p2a: Gliscor|Protect||[still]\n|-fail|p2a: Gliscor\n|\n|-heal|p1a: Zamazenta|88\/100 psn|[from] item: Leftovers\n|-damage|p1a: Zamazenta|76\/100 psn|[from] psn\n|-heal|p2a: Gliscor|30\/100 tox|[from] ability: Poison Heal\n|upkeep\n|turn|30\n|\n|t:|1699710679\n|move|p2a: Gliscor|Protect|p2a: Gliscor\n|-singleturn|p2a: Gliscor|Protect\n|move|p1a: Zamazenta|Iron Defense|p1a: Zamazenta\n|-boost|p1a: Zamazenta|def|2\n|\n|-heal|p1a: Zamazenta|82\/100 psn|[from] item: Leftovers\n|-damage|p1a: Zamazenta|69\/100 psn|[from] psn\n|-heal|p2a: Gliscor|42\/100 tox|[from] ability: Poison Heal\n|upkeep\n|turn|31\n|\n|t:|1699710695\n|switch|p2a: Iron Moth|Iron Moth|100\/100\n|-damage|p2a: Iron Moth|76\/100|[from] Stealth Rock\n|-enditem|p2a: Iron Moth|Booster Energy\n|-activate|p2a: Iron Moth|ability: Quark Drive|[fromitem]\n|-start|p2a: Iron Moth|quarkdrivespa\n|move|p1a: Zamazenta|Iron Defense|p1a: Zamazenta\n|-boost|p1a: Zamazenta|def|2\n|\n|-heal|p1a: Zamazenta|76\/100 psn|[from] item: Leftovers\n|-damage|p1a: Zamazenta|63\/100 psn|[from] psn\n|upkeep\n|turn|32\n|\n|t:|1699710706\n|move|p1a: Zamazenta|Body Press|p2a: Iron Moth\n|-resisted|p2a: Iron Moth\n|-damage|p2a: Iron Moth|0 fnt\n|faint|p2a: Iron Moth\n|-end|p2a: Iron Moth|Quark Drive|[silent]\n|\n|-heal|p1a: Zamazenta|69\/100 psn|[from] item: Leftovers\n|-damage|p1a: Zamazenta|57\/100 psn|[from] psn\n|upkeep\n|\n|t:|1699710716\n|switch|p2a: Gholdengo|Gholdengo|100\/100\n|-damage|p2a: Gholdengo|94\/100|[from] Stealth Rock\n|-item|p2a: Gholdengo|Air Balloon\n|turn|33\n|\n|t:|1699710720\n|move|p1a: Zamazenta|Crunch|p2a: Gholdengo\n|-supereffective|p2a: Gholdengo\n|-damage|p2a: Gholdengo|43\/100\n|-enditem|p2a: Gholdengo|Air Balloon\n|move|p2a: Gholdengo|Hex|p1a: Zamazenta\n|-damage|p1a: Zamazenta|0 fnt\n|faint|p1a: Zamazenta\n|\n|upkeep\n|\n|t:|1699710727\n|switch|p1a: Iron Valiant|Iron Valiant|100\/100\n|-status|p1a: Iron Valiant|psn\n|-enditem|p1a: Iron Valiant|Booster Energy\n|-activate|p1a: Iron Valiant|ability: Quark Drive|[fromitem]\n|-start|p1a: Iron Valiant|quarkdrivespe\n|turn|34\n|\n|t:|1699710736\n|-terastallize|p2a: Gholdengo|Water\n|move|p1a: Iron Valiant|Thunderbolt|p2a: Gholdengo\n|-supereffective|p2a: Gholdengo\n|-damage|p2a: Gholdengo|0 fnt\n|faint|p2a: Gholdengo\n|\n|-damage|p1a: Iron Valiant|88\/100 psn|[from] psn\n|upkeep\n|\n|t:|1699710740\n|switch|p2a: Gliscor|Gliscor, F|42\/100 tox\n|-damage|p2a: Gliscor|30\/100 tox|[from] Stealth Rock\n|turn|35\n|\n|t:|1699710743\n|move|p2a: Gliscor|Protect|p2a: Gliscor\n|-singleturn|p2a: Gliscor|Protect\n|move|p1a: Iron Valiant|Calm Mind|p1a: Iron Valiant\n|-boost|p1a: Iron Valiant|spa|1\n|-boost|p1a: Iron Valiant|spd|1\n|\n|-damage|p1a: Iron Valiant|76\/100 psn|[from] psn\n|-heal|p2a: Gliscor|42\/100 tox|[from] ability: Poison Heal\n|upkeep\n|turn|36\n|\n|t:|1699710747\n|move|p1a: Iron Valiant|Moonblast|p2a: Gliscor\n|-damage|p2a: Gliscor|0 fnt\n|faint|p2a: Gliscor\n|\n|win|jzhuc1841\n|raw|jzhuc1841's rating: 1530 &rarr; <strong>1545<\/strong><br \/>(+15 for winning)\n|raw|Waynner's rating: 1445 &rarr; <strong>1430<\/strong><br \/>(-15 for losing)\n|l|\u2606Waynner\n","uploadtime":1699710754,"views":15,"p1id":"jzhuc1841","p2id":"waynner","formatid":"gen9ou","rating":1430,"private":0,"password":""}