{"id":"gen9ou-1996301466","p1":"eltodo13","p2":"vailorn","format":"[Gen 9] OU","log":"|j|\u2606eltodo13\n|j|\u2606vailorn\n|t:|1700669071\n|gametype|singles\n|player|p1|eltodo13|li|1436\n|player|p2|vailorn|170|1356\n|teamsize|p1|6\n|teamsize|p2|6\n|gen|9\n|tier|[Gen 9] OU\n|rated|\n|rule|Sleep Clause Mod: Limit one foe put to sleep\n|rule|Species Clause: Limit one of each Pok\u00e9mon\n|rule|OHKO Clause: OHKO moves are banned\n|rule|Evasion Items Clause: Evasion items are banned\n|rule|Evasion Moves Clause: Evasion moves are banned\n|rule|Endless Battle Clause: Forcing endless battles is banned\n|rule|HP Percentage Mod: HP is shown in percentages\n|clearpoke\n|poke|p1|Ogerpon-Cornerstone, F|\n|poke|p1|Garchomp, F|\n|poke|p1|Kingambit, F|\n|poke|p1|Dragapult, F|\n|poke|p1|Gholdengo|\n|poke|p1|Dragonite, M|\n|poke|p2|Weavile, F|\n|poke|p2|Weezing-Galar, M|\n|poke|p2|Alomomola, M|\n|poke|p2|Ting-Lu|\n|poke|p2|Corviknight, F|\n|poke|p2|Ditto|\n|teampreview\n|inactive|Battle timer is ON: inactive players will automatically lose when time's up. (requested by vailorn)\n|\n|t:|1700669137\n|start\n|switch|p1a: Garchomp|Garchomp, F|100\/100\n|switch|p2a: Weezing|Weezing-Galar, M|100\/100\n|-ability|p2a: Weezing|Neutralizing Gas\n|turn|1\n|\n|t:|1700669140\n|move|p1a: Garchomp|Stealth Rock|p2a: Weezing\n|-sidestart|p2: vailorn|move: Stealth Rock\n|move|p2a: Weezing|Will-O-Wisp|p1a: Garchomp\n|-status|p1a: Garchomp|brn\n|\n|-damage|p1a: Garchomp|94\/100 brn|[from] brn\n|upkeep\n|turn|2\n|\n|t:|1700669146\n|-end|p2a: Weezing|ability: Neutralizing Gas\n|switch|p2a: Corviknight|Corviknight, F|100\/100\n|-damage|p2a: Corviknight|88\/100|[from] Stealth Rock\n|-ability|p2a: Corviknight|Pressure\n|move|p1a: Garchomp|Spikes|p2a: Corviknight\n|-sidestart|p2: vailorn|Spikes\n|\n|-damage|p1a: Garchomp|88\/100 brn|[from] brn\n|upkeep\n|turn|3\n|\n|t:|1700669156\n|switch|p1a: Gholdengo|Gholdengo|100\/100\n|switch|p2a: Alomomola|Alomomola, M|100\/100\n|-damage|p2a: Alomomola|88\/100|[from] Stealth Rock\n|-damage|p2a: Alomomola|76\/100|[from] Spikes\n|\n|-heal|p2a: Alomomola|82\/100|[from] item: Leftovers\n|upkeep\n|turn|4\n|\n|t:|1700669170\n|move|p1a: Gholdengo|Thunderbolt|p2a: Alomomola\n|-supereffective|p2a: Alomomola\n|-damage|p2a: Alomomola|22\/100\n|move|p2a: Alomomola|Flip Turn|p1a: Gholdengo\n|-damage|p1a: Gholdengo|83\/100\n|\n|t:|1700669180\n|switch|p2a: Ting-Lu|Ting-Lu|100\/100|[from] Flip Turn\n|-damage|p2a: Ting-Lu|94\/100|[from] Stealth Rock\n|-damage|p2a: Ting-Lu|82\/100|[from] Spikes\n|-ability|p2a: Ting-Lu|Vessel of Ruin\n|\n|-heal|p2a: Ting-Lu|88\/100|[from] item: Leftovers\n|upkeep\n|turn|5\n|\n|t:|1700669208\n|switch|p1a: Garchomp|Garchomp, F|88\/100 brn\n|switch|p2a: Alomomola|Alomomola, M|55\/100\n|-damage|p2a: Alomomola|43\/100|[from] Stealth Rock\n|-damage|p2a: Alomomola|30\/100|[from] Spikes\n|\n|-heal|p2a: Alomomola|36\/100|[from] item: Leftovers\n|-damage|p1a: Garchomp|82\/100 brn|[from] brn\n|upkeep\n|turn|6\n|\n|t:|1700669213\n|move|p2a: Alomomola|Protect|p2a: Alomomola\n|-singleturn|p2a: Alomomola|Protect\n|move|p1a: Garchomp|Spikes|p2a: Alomomola\n|-sidestart|p2: vailorn|Spikes\n|\n|-heal|p2a: Alomomola|42\/100|[from] item: Leftovers\n|-damage|p1a: Garchomp|76\/100 brn|[from] brn\n|upkeep\n|turn|7\n|\n|t:|1700669218\n|move|p1a: Garchomp|Spikes|p2a: Alomomola\n|-sidestart|p2: vailorn|Spikes\n|move|p2a: Alomomola|Wish|p2a: Alomomola\n|\n|-heal|p2a: Alomomola|49\/100|[from] item: Leftovers\n|-damage|p1a: Garchomp|70\/100 brn|[from] brn\n|upkeep\n|turn|8\n|\n|t:|1700669221\n|switch|p1a: Gholdengo|Gholdengo|83\/100\n|move|p2a: Alomomola|Protect||[still]\n|-fail|p2a: Alomomola\n|\n|-heal|p2a: Alomomola|99\/100|[from] move: Wish|[wisher] Alomomola\n|-heal|p2a: Alomomola|100\/100|[from] item: Leftovers\n|upkeep\n|turn|9\n|\n|t:|1700669224\n|move|p1a: Gholdengo|Nasty Plot|p1a: Gholdengo\n|-boost|p1a: Gholdengo|spa|2\n|move|p2a: Alomomola|Mirror Coat||[still]\n|-fail|p2a: Alomomola\n|\n|upkeep\n|turn|10\n|\n|t:|1700669228\n|move|p1a: Gholdengo|Thunderbolt|p2a: Alomomola\n|-supereffective|p2a: Alomomola\n|-damage|p2a: Alomomola|0 fnt\n|faint|p2a: Alomomola\n|\n|upkeep\n|\n|t:|1700669232\n|switch|p2a: Ditto|Ditto|100\/100\n|-damage|p2a: Ditto|88\/100|[from] Stealth Rock\n|-damage|p2a: Ditto|63\/100|[from] Spikes\n|-transform|p2a: Ditto|p1a: Gholdengo|[from] ability: Imposter\n|turn|11\n|\n|t:|1700669242\n|switch|p1a: Garchomp|Garchomp, F|70\/100 brn\n|move|p2a: Ditto|Shadow Ball|p1a: Garchomp\n|-damage|p1a: Garchomp|0 fnt\n|faint|p1a: Garchomp\n|\n|upkeep\n|\n|t:|1700669247\n|switch|p1a: Dragonite|Dragonite, M|100\/100\n|turn|12\n|\n|t:|1700669254\n|switch|p2a: Weezing|Weezing-Galar, M|100\/100\n|-ability|p2a: Weezing|Neutralizing Gas\n|move|p1a: Dragonite|Earthquake|p2a: Weezing\n|-supereffective|p2a: Weezing\n|-damage|p2a: Weezing|50\/100\n|\n|upkeep\n|turn|13\n|\n|t:|1700669260\n|-terastallize|p2a: Weezing|Grass\n|move|p1a: Dragonite|Earthquake|p2a: Weezing\n|-resisted|p2a: Weezing\n|-damage|p2a: Weezing|39\/100\n|move|p2a: Weezing|Pain Split|p1a: Dragonite\n|-sethp|p1a: Dragonite|67\/100|[from] move: Pain Split|[silent]\n|-sethp|p2a: Weezing|75\/100|[from] move: Pain Split\n|\n|upkeep\n|turn|14\n|\n|t:|1700669266\n|switch|p1a: Gholdengo|Gholdengo|83\/100\n|move|p2a: Weezing|Will-O-Wisp|p1a: Gholdengo\n|-status|p1a: Gholdengo|brn\n|\n|-damage|p1a: Gholdengo|77\/100 brn|[from] brn\n|upkeep\n|turn|15\n|\n|t:|1700669271\n|move|p1a: Gholdengo|Shadow Ball|p2a: Weezing\n|-damage|p2a: Weezing|17\/100\n|-unboost|p2a: Weezing|spd|1\n|move|p2a: Weezing|Defog|p1a: Gholdengo\n|-unboost|p1a: Gholdengo|evasion|1\n|-sideend|p2: vailorn|Spikes|[from] move: Defog|[of] p2a: Weezing\n|-sideend|p2: vailorn|Stealth Rock|[from] move: Defog|[of] p2a: Weezing\n|\n|-damage|p1a: Gholdengo|71\/100 brn|[from] brn\n|upkeep\n|turn|16\n|\n|t:|1700669275\n|-end|p2a: Weezing|ability: Neutralizing Gas\n|switch|p2a: Ting-Lu|Ting-Lu|88\/100\n|-ability|p2a: Ting-Lu|Vessel of Ruin\n|move|p1a: Gholdengo|Shadow Ball|p2a: Ting-Lu\n|-resisted|p2a: Ting-Lu\n|-damage|p2a: Ting-Lu|79\/100\n|\n|-heal|p2a: Ting-Lu|85\/100|[from] item: Leftovers\n|-damage|p1a: Gholdengo|65\/100 brn|[from] brn\n|upkeep\n|turn|17\n|\n|t:|1700669290\n|move|p1a: Gholdengo|Make It Rain|p2a: Ting-Lu\n|-damage|p2a: Ting-Lu|55\/100\n|-unboost|p1a: Gholdengo|spa|1\n|move|p2a: Ting-Lu|Stealth Rock|p1a: Gholdengo\n|-sidestart|p1: eltodo13|move: Stealth Rock\n|\n|-heal|p2a: Ting-Lu|61\/100|[from] item: Leftovers\n|-damage|p1a: Gholdengo|59\/100 brn|[from] brn\n|upkeep\n|turn|18\n|\n|t:|1700669294\n|move|p1a: Gholdengo|Nasty Plot|p1a: Gholdengo\n|-boost|p1a: Gholdengo|spa|2\n|move|p2a: Ting-Lu|Earthquake|p1a: Gholdengo\n|-supereffective|p1a: Gholdengo\n|-damage|p1a: Gholdengo|0 fnt\n|faint|p1a: Gholdengo\n|\n|-heal|p2a: Ting-Lu|67\/100|[from] item: Leftovers\n|upkeep\n|\n|t:|1700669298\n|switch|p1a: Ogerpon|Ogerpon-Cornerstone, F|100\/100\n|-damage|p1a: Ogerpon|88\/100|[from] Stealth Rock\n|turn|19\n|\n|t:|1700669307\n|switch|p2a: Weezing|Weezing-Galar, M, tera:Grass|17\/100\n|-ability|p2a: Weezing|Neutralizing Gas\n|move|p1a: Ogerpon|Power Whip|p2a: Weezing\n|-resisted|p2a: Weezing\n|-damage|p2a: Weezing|0 fnt\n|faint|p2a: Weezing\n|-end|p2a: Weezing|ability: Neutralizing Gas\n|\n|upkeep\n|\n|t:|1700669318\n|switch|p2a: Corviknight|Corviknight, F|88\/100\n|-ability|p2a: Corviknight|Pressure\n|turn|20\n|\n|t:|1700669322\n|move|p1a: Ogerpon|Ivy Cudgel|p2a: Corviknight|[anim] Ivy Cudgel Rock\n|-crit|p2a: Corviknight\n|-damage|p2a: Corviknight|31\/100\n|move|p2a: Corviknight|Iron Defense|p2a: Corviknight\n|-boost|p2a: Corviknight|def|2\n|\n|upkeep\n|turn|21\n|\n|t:|1700669327\n|move|p1a: Ogerpon|Ivy Cudgel|p2a: Corviknight|[anim] Ivy Cudgel Rock\n|-damage|p2a: Corviknight|13\/100\n|move|p2a: Corviknight|Roost|p2a: Corviknight\n|-heal|p2a: Corviknight|63\/100\n|-singleturn|p2a: Corviknight|move: Roost\n|\n|upkeep\n|turn|22\n|\n|t:|1700669330\n|move|p1a: Ogerpon|U-turn|p2a: Corviknight\n|-resisted|p2a: Corviknight\n|-damage|p2a: Corviknight|61\/100\n|-damage|p1a: Ogerpon|72\/100|[from] item: Rocky Helmet|[of] p2a: Corviknight\n|\n|t:|1700669332\n|switch|p1a: Dragapult|Dragapult, F|100\/100|[from] U-turn\n|-damage|p1a: Dragapult|88\/100|[from] Stealth Rock\n|move|p2a: Corviknight|Iron Defense|p2a: Corviknight\n|-boost|p2a: Corviknight|def|2\n|\n|upkeep\n|turn|23\n|\n|t:|1700669337\n|switch|p2a: Ting-Lu|Ting-Lu|67\/100\n|-ability|p2a: Ting-Lu|Vessel of Ruin\n|move|p1a: Dragapult|Flamethrower|p2a: Ting-Lu\n|-damage|p2a: Ting-Lu|51\/100\n|\n|-heal|p2a: Ting-Lu|58\/100|[from] item: Leftovers\n|upkeep\n|turn|24\n|\n|t:|1700669344\n|switch|p1a: Ogerpon|Ogerpon-Cornerstone, F|72\/100\n|-damage|p1a: Ogerpon|59\/100|[from] Stealth Rock\n|move|p2a: Ting-Lu|Earthquake|p1a: Ogerpon\n|-damage|p1a: Ogerpon|7\/100\n|\n|-heal|p2a: Ting-Lu|64\/100|[from] item: Leftovers\n|upkeep\n|turn|25\n|\n|t:|1700669363\n|move|p2a: Ting-Lu|Protect|p2a: Ting-Lu\n|-singleturn|p2a: Ting-Lu|Protect\n|move|p1a: Ogerpon|Power Whip|p2a: Ting-Lu\n|-activate|p2a: Ting-Lu|move: Protect\n|\n|-heal|p2a: Ting-Lu|70\/100|[from] item: Leftovers\n|upkeep\n|turn|26\n|\n|t:|1700669376\n|switch|p2a: Ditto|Ditto|63\/100\n|-transform|p2a: Ditto|p1a: Ogerpon|[from] ability: Imposter\n|move|p1a: Ogerpon|Ivy Cudgel|p2a: Ditto|[anim] Ivy Cudgel Rock\n|-damage|p2a: Ditto|0 fnt\n|faint|p2a: Ditto\n|\n|upkeep\n|\n|t:|1700669384\n|switch|p2a: Weavile|Weavile, F|100\/100\n|-ability|p2a: Weavile|Pressure\n|turn|27\n|\n|t:|1700669388\n|move|p2a: Weavile|Knock Off|p1a: Ogerpon\n|-damage|p1a: Ogerpon|0 fnt\n|faint|p1a: Ogerpon\n|\n|upkeep\n|\n|t:|1700669393\n|switch|p1a: Kingambit|Kingambit, F|100\/100\n|-damage|p1a: Kingambit|94\/100|[from] Stealth Rock\n|-activate|p1a: Kingambit|ability: Supreme Overlord\n|-start|p1a: Kingambit|fallen3|[silent]\n|-item|p1a: Kingambit|Air Balloon\n|turn|28\n|\n|t:|1700669397\n|switch|p2a: Corviknight|Corviknight, F|61\/100\n|-ability|p2a: Corviknight|Pressure\n|move|p1a: Kingambit|Swords Dance|p1a: Kingambit\n|-boost|p1a: Kingambit|atk|2\n|\n|upkeep\n|turn|29\n|\n|t:|1700669420\n|-terastallize|p1a: Kingambit|Flying\n|move|p1a: Kingambit|Low Kick|p2a: Corviknight\n|-damage|p2a: Corviknight|11\/100\n|-damage|p1a: Kingambit|78\/100|[from] item: Rocky Helmet|[of] p2a: Corviknight\n|move|p2a: Corviknight|Roost|p2a: Corviknight\n|-heal|p2a: Corviknight|61\/100\n|-singleturn|p2a: Corviknight|move: Roost\n|\n|upkeep\n|turn|30\n|\n|t:|1700669429\n|move|p1a: Kingambit|Swords Dance|p1a: Kingambit\n|-boost|p1a: Kingambit|atk|2\n|move|p2a: Corviknight|Roost|p2a: Corviknight\n|-heal|p2a: Corviknight|100\/100\n|-singleturn|p2a: Corviknight|move: Roost\n|\n|upkeep\n|turn|31\n|\n|t:|1700669433\n|move|p1a: Kingambit|Low Kick|p2a: Corviknight\n|-damage|p2a: Corviknight|32\/100\n|-damage|p1a: Kingambit|61\/100|[from] item: Rocky Helmet|[of] p2a: Corviknight\n|move|p2a: Corviknight|Iron Defense|p2a: Corviknight\n|-boost|p2a: Corviknight|def|2\n|\n|upkeep\n|turn|32\n|\n|t:|1700669438\n|move|p1a: Kingambit|Low Kick|p2a: Corviknight\n|-damage|p2a: Corviknight|0 fnt\n|-damage|p1a: Kingambit|45\/100|[from] item: Rocky Helmet|[of] p2a: Corviknight\n|faint|p2a: Corviknight\n|\n|upkeep\n|\n|t:|1700669442\n|switch|p2a: Weavile|Weavile, F|100\/100\n|-ability|p2a: Weavile|Pressure\n|turn|33\n|\n|t:|1700669444\n|move|p1a: Kingambit|Sucker Punch||[still]\n|-fail|p1a: Kingambit\n|move|p2a: Weavile|Substitute|p2a: Weavile\n|-start|p2a: Weavile|Substitute\n|-damage|p2a: Weavile|76\/100\n|\n|-heal|p2a: Weavile|82\/100|[from] item: Leftovers\n|upkeep\n|turn|34\n|\n|t:|1700669451\n|move|p1a: Kingambit|Sucker Punch|p2a: Weavile\n|-resisted|p2a: Weavile\n|-end|p2a: Weavile|Substitute\n|move|p2a: Weavile|Knock Off|p1a: Kingambit\n|-damage|p1a: Kingambit|11\/100\n|-enditem|p1a: Kingambit|Air Balloon\n|\n|-heal|p2a: Weavile|88\/100|[from] item: Leftovers\n|upkeep\n|turn|35\n|\n|t:|1700669459\n|move|p2a: Weavile|Protect|p2a: Weavile\n|-singleturn|p2a: Weavile|Protect\n|move|p1a: Kingambit|Low Kick|p2a: Weavile\n|-activate|p2a: Weavile|move: Protect\n|\n|-heal|p2a: Weavile|94\/100|[from] item: Leftovers\n|upkeep\n|turn|36\n|\n|t:|1700669462\n|move|p2a: Weavile|Substitute|p2a: Weavile\n|-start|p2a: Weavile|Substitute\n|-damage|p2a: Weavile|69\/100\n|move|p1a: Kingambit|Low Kick|p2a: Weavile\n|-supereffective|p2a: Weavile\n|-end|p2a: Weavile|Substitute\n|\n|-heal|p2a: Weavile|75\/100|[from] item: Leftovers\n|upkeep\n|turn|37\n|\n|t:|1700669465\n|move|p2a: Weavile|Protect|p2a: Weavile\n|-singleturn|p2a: Weavile|Protect\n|move|p1a: Kingambit|Low Kick|p2a: Weavile\n|-activate|p2a: Weavile|move: Protect\n|\n|-heal|p2a: Weavile|82\/100|[from] item: Leftovers\n|upkeep\n|turn|38\n|\n|t:|1700669467\n|move|p2a: Weavile|Substitute|p2a: Weavile\n|-start|p2a: Weavile|Substitute\n|-damage|p2a: Weavile|57\/100\n|move|p1a: Kingambit|Low Kick|p2a: Weavile\n|-supereffective|p2a: Weavile\n|-end|p2a: Weavile|Substitute\n|\n|-heal|p2a: Weavile|63\/100|[from] item: Leftovers\n|upkeep\n|turn|39\n|\n|t:|1700669472\n|move|p2a: Weavile|Protect|p2a: Weavile\n|-singleturn|p2a: Weavile|Protect\n|move|p1a: Kingambit|Sucker Punch||[still]\n|-fail|p1a: Kingambit\n|\n|-heal|p2a: Weavile|69\/100|[from] item: Leftovers\n|upkeep\n|turn|40\n|\n|t:|1700669473\n|move|p2a: Weavile|Knock Off|p1a: Kingambit\n|-damage|p1a: Kingambit|0 fnt\n|faint|p1a: Kingambit\n|-end|p1a: Kingambit|fallen3|[silent]\n|\n|-heal|p2a: Weavile|75\/100|[from] item: Leftovers\n|upkeep\n|\n|t:|1700669476\n|switch|p1a: Dragapult|Dragapult, F|88\/100\n|-damage|p1a: Dragapult|76\/100|[from] Stealth Rock\n|turn|41\n|\n|t:|1700669483\n|switch|p2a: Ting-Lu|Ting-Lu|70\/100\n|-ability|p2a: Ting-Lu|Vessel of Ruin\n|move|p1a: Dragapult|Draco Meteor|p2a: Ting-Lu\n|-damage|p2a: Ting-Lu|37\/100\n|-unboost|p1a: Dragapult|spa|2\n|\n|-heal|p2a: Ting-Lu|43\/100|[from] item: Leftovers\n|upkeep\n|turn|42\n|\n|t:|1700669490\n|switch|p1a: Dragonite|Dragonite, M|67\/100\n|switch|p2a: Weavile|Weavile, F|75\/100\n|-ability|p2a: Weavile|Pressure\n|\n|-heal|p2a: Weavile|81\/100|[from] item: Leftovers\n|upkeep\n|turn|43\n|\n|t:|1700669494\n|move|p1a: Dragonite|Extreme Speed|p2a: Weavile\n|-damage|p2a: Weavile|37\/100\n|move|p2a: Weavile|Substitute|p2a: Weavile\n|-start|p2a: Weavile|Substitute\n|-damage|p2a: Weavile|12\/100\n|\n|-heal|p2a: Weavile|19\/100|[from] item: Leftovers\n|upkeep\n|turn|44\n|\n|t:|1700669500\n|move|p2a: Weavile|Knock Off|p1a: Dragonite\n|-damage|p1a: Dragonite|28\/100\n|-enditem|p1a: Dragonite|Heavy-Duty Boots|[from] move: Knock Off|[of] p2a: Weavile\n|move|p1a: Dragonite|Earthquake|p2a: Weavile\n|-end|p2a: Weavile|Substitute\n|\n|-heal|p2a: Weavile|25\/100|[from] item: Leftovers\n|upkeep\n|turn|45\n|\n|t:|1700669506\n|move|p2a: Weavile|Protect|p2a: Weavile\n|-singleturn|p2a: Weavile|Protect\n|move|p1a: Dragonite|Extreme Speed|p2a: Weavile\n|-activate|p2a: Weavile|move: Protect\n|\n|-heal|p2a: Weavile|31\/100|[from] item: Leftovers\n|upkeep\n|turn|46\n|\n|t:|1700669514\n|switch|p2a: Ting-Lu|Ting-Lu|43\/100\n|-ability|p2a: Ting-Lu|Vessel of Ruin\n|move|p1a: Dragonite|Extreme Speed|p2a: Ting-Lu\n|-damage|p2a: Ting-Lu|27\/100\n|\n|-heal|p2a: Ting-Lu|33\/100|[from] item: Leftovers\n|upkeep\n|turn|47\n|\n|t:|1700669522\n|move|p2a: Ting-Lu|Protect|p2a: Ting-Lu\n|-singleturn|p2a: Ting-Lu|Protect\n|move|p1a: Dragonite|Extreme Speed|p2a: Ting-Lu\n|-activate|p2a: Ting-Lu|move: Protect\n|\n|-heal|p2a: Ting-Lu|39\/100|[from] item: Leftovers\n|upkeep\n|turn|48\n|inactive|eltodo13 has 120 seconds left.\n|\n|t:|1700669555\n|move|p1a: Dragonite|Extreme Speed|p2a: Ting-Lu\n|-damage|p2a: Ting-Lu|21\/100\n|move|p2a: Ting-Lu|Earthquake|p1a: Dragonite\n|-immune|p1a: Dragonite\n|\n|-heal|p2a: Ting-Lu|27\/100|[from] item: Leftovers\n|upkeep\n|turn|49\n|\n|t:|1700669559\n|move|p2a: Ting-Lu|Protect|p2a: Ting-Lu\n|-singleturn|p2a: Ting-Lu|Protect\n|move|p1a: Dragonite|Extreme Speed|p2a: Ting-Lu\n|-activate|p2a: Ting-Lu|move: Protect\n|\n|-heal|p2a: Ting-Lu|33\/100|[from] item: Leftovers\n|upkeep\n|turn|50\n|\n|t:|1700669565\n|move|p1a: Dragonite|Earthquake|p2a: Ting-Lu\n|-damage|p2a: Ting-Lu|10\/100\n|move|p2a: Ting-Lu|Spikes|p1a: Dragonite\n|-sidestart|p1: eltodo13|Spikes\n|\n|-heal|p2a: Ting-Lu|17\/100|[from] item: Leftovers\n|upkeep\n|turn|51\n|\n|t:|1700669571\n|move|p2a: Ting-Lu|Protect|p2a: Ting-Lu\n|-singleturn|p2a: Ting-Lu|Protect\n|move|p1a: Dragonite|Earthquake|p2a: Ting-Lu\n|-activate|p2a: Ting-Lu|move: Protect\n|\n|-heal|p2a: Ting-Lu|23\/100|[from] item: Leftovers\n|upkeep\n|turn|52\n|\n|t:|1700669600\n|move|p1a: Dragonite|Earthquake|p2a: Ting-Lu\n|-damage|p2a: Ting-Lu|0 fnt\n|faint|p2a: Ting-Lu\n|\n|upkeep\n|\n|t:|1700669603\n|switch|p2a: Weavile|Weavile, F|31\/100\n|-ability|p2a: Weavile|Pressure\n|turn|53\n|inactive|eltodo13 has 120 seconds left.\n|\n|t:|1700669644\n|move|p2a: Weavile|Substitute|p2a: Weavile\n|-start|p2a: Weavile|Substitute\n|-damage|p2a: Weavile|6\/100\n|move|p1a: Dragonite|Earthquake|p2a: Weavile\n|-end|p2a: Weavile|Substitute\n|\n|-heal|p2a: Weavile|12\/100|[from] item: Leftovers\n|upkeep\n|turn|54\n|inactive|eltodo13 has 90 seconds left.\n|inactive|eltodo13 has 60 seconds left.\n|inactive|eltodo13 has 30 seconds left.\n|inactive|eltodo13 has 20 seconds left.\n|\n|t:|1700669736\n|move|p2a: Weavile|Knock Off|p1a: Dragonite\n|-damage|p1a: Dragonite|3\/100\n|move|p1a: Dragonite|Earthquake|p2a: Weavile\n|-damage|p2a: Weavile|0 fnt\n|faint|p2a: Weavile\n|\n|win|eltodo13\n|inactive|eltodo13 has 25 seconds left this turn.\n|raw|eltodo13's rating: 1436 &rarr; <strong>1451<\/strong><br \/>(+15 for winning)\n|raw|vailorn's rating: 1356 &rarr; <strong>1341<\/strong><br \/>(-15 for losing)\n","uploadtime":1700669744,"views":0,"p1id":"eltodo13","p2id":"vailorn","formatid":"gen9ou","rating":1341,"private":0,"password":""}