{"id":"gen9ou-1991407787","p1":"Drop a Coconut","p2":"Knightmayre","format":"[Gen 9] OU","log":"|j|\u2606Drop a Coconut\n|j|\u2606Knightmayre\n|t:|1700074555\n|gametype|singles\n|player|p1|Drop a Coconut|cyclist|1244\n|player|p2|Knightmayre|camper|1259\n|teamsize|p1|6\n|teamsize|p2|6\n|gen|9\n|tier|[Gen 9] OU\n|rated|\n|rule|Sleep Clause Mod: Limit one foe put to sleep\n|rule|Species Clause: Limit one of each Pok\u00e9mon\n|rule|OHKO Clause: OHKO moves are banned\n|rule|Evasion Items Clause: Evasion items are banned\n|rule|Evasion Moves Clause: Evasion moves are banned\n|rule|Endless Battle Clause: Forcing endless battles is banned\n|rule|HP Percentage Mod: HP is shown in percentages\n|clearpoke\n|poke|p1|Rillaboom, F|\n|poke|p1|Garganacl, F|\n|poke|p1|Great Tusk|\n|poke|p1|Heatran, F|\n|poke|p1|Zapdos|\n|poke|p1|Walking Wake|\n|poke|p2|Sinistcha-Masterpiece|\n|poke|p2|Dondozo, F|\n|poke|p2|Talonflame, F|\n|poke|p2|Slowbro, F|\n|poke|p2|Blissey, F|\n|poke|p2|Toxapex, M|\n|teampreview\n|inactive|Battle timer is ON: inactive players will automatically lose when time's up. (requested by Knightmayre)\n|\n|t:|1700074573\n|start\n|switch|p1a: Rillaboom|Rillaboom, F|100\/100\n|switch|p2a: Dondozo|Dondozo, F|100\/100\n|-fieldstart|move: Grassy Terrain|[from] ability: Grassy Surge|[of] p1a: Rillaboom\n|turn|1\n|\n|t:|1700074581\n|switch|p2a: Talonflame|Talonflame, F|100\/100\n|move|p1a: Rillaboom|Knock Off|p2a: Talonflame\n|-damage|p2a: Talonflame|55\/100\n|-enditem|p2a: Talonflame|Heavy-Duty Boots|[from] move: Knock Off|[of] p1a: Rillaboom\n|\n|upkeep\n|turn|2\n|\n|t:|1700074607\n|switch|p1a: Heatran|Heatran, F|100\/100\n|move|p2a: Talonflame|U-turn|p1a: Heatran\n|-resisted|p1a: Heatran\n|-damage|p1a: Heatran|98\/100\n|\n|t:|1700074617\n|switch|p2a: Slowbro|Slowbro, F|100\/100|[from] U-turn\n|\n|-heal|p1a: Heatran|100\/100|[from] Grassy Terrain\n|upkeep\n|turn|3\n|\n|t:|1700074624\n|move|p1a: Heatran|Taunt|p2a: Slowbro\n|-start|p2a: Slowbro|move: Taunt\n|move|p2a: Slowbro|Surf|p1a: Heatran\n|-supereffective|p1a: Heatran\n|-damage|p1a: Heatran|60\/100\n|\n|-heal|p1a: Heatran|66\/100|[from] Grassy Terrain\n|-heal|p1a: Heatran|72\/100|[from] item: Leftovers\n|upkeep\n|turn|4\n|\n|t:|1700074638\n|switch|p1a: Rillaboom|Rillaboom, F|100\/100\n|move|p2a: Slowbro|Future Sight|p1a: Rillaboom\n|-start|p2a: Slowbro|move: Future Sight\n|\n|upkeep\n|turn|5\n|\n|t:|1700074645\n|switch|p2a: Talonflame|Talonflame, F|55\/100\n|move|p1a: Rillaboom|U-turn|p2a: Talonflame\n|-resisted|p2a: Talonflame\n|-damage|p2a: Talonflame|46\/100\n|\n|t:|1700074649\n|switch|p1a: Heatran|Heatran, F|72\/100|[from] U-turn\n|\n|-heal|p1a: Heatran|79\/100|[from] Grassy Terrain\n|-heal|p1a: Heatran|85\/100|[from] item: Leftovers\n|-fieldend|move: Grassy Terrain\n|upkeep\n|turn|6\n|\n|t:|1700074656\n|move|p2a: Talonflame|U-turn|p1a: Heatran\n|-resisted|p1a: Heatran\n|-damage|p1a: Heatran|83\/100\n|\n|t:|1700074666\n|switch|p2a: Slowbro|Slowbro, F|100\/100|[from] U-turn\n|move|p1a: Heatran|Stealth Rock|p2a: Slowbro\n|-sidestart|p2: Knightmayre|move: Stealth Rock\n|\n|-end|p1a: Heatran|move: Future Sight\n|-resisted|p1a: Heatran\n|-damage|p1a: Heatran|70\/100\n|-heal|p1a: Heatran|76\/100|[from] item: Leftovers\n|upkeep\n|turn|7\n|\n|t:|1700074678\n|move|p1a: Heatran|Taunt|p2a: Slowbro\n|-start|p2a: Slowbro|move: Taunt\n|move|p2a: Slowbro|Future Sight|p1a: Heatran\n|-start|p2a: Slowbro|move: Future Sight\n|\n|-heal|p1a: Heatran|82\/100|[from] item: Leftovers\n|upkeep\n|turn|8\n|\n|t:|1700074685\n|switch|p1a: Rillaboom|Rillaboom, F|100\/100\n|-fieldstart|move: Grassy Terrain|[from] ability: Grassy Surge|[of] p1a: Rillaboom\n|move|p2a: Slowbro|Body Press|p1a: Rillaboom\n|-damage|p1a: Rillaboom|73\/100\n|\n|-heal|p1a: Rillaboom|79\/100|[from] Grassy Terrain\n|upkeep\n|turn|9\n|\n|t:|1700074701\n|move|p1a: Rillaboom|U-turn|p2a: Slowbro\n|-supereffective|p2a: Slowbro\n|-damage|p2a: Slowbro|53\/100\n|\n|t:|1700074707\n|switch|p1a: Garganacl|Garganacl, F|100\/100|[from] U-turn\n|move|p2a: Slowbro|Surf|p1a: Garganacl\n|-supereffective|p1a: Garganacl\n|-damage|p1a: Garganacl|60\/100\n|\n|-end|p1a: Garganacl|move: Future Sight\n|-damage|p1a: Garganacl|30\/100\n|-heal|p1a: Garganacl|36\/100|[from] Grassy Terrain\n|-heal|p1a: Garganacl|42\/100|[from] item: Leftovers\n|-heal|p2a: Slowbro|59\/100|[from] Grassy Terrain\n|-end|p2a: Slowbro|move: Taunt\n|upkeep\n|turn|10\n|\n|t:|1700074721\n|switch|p1a: Rillaboom|Rillaboom, F|79\/100\n|move|p2a: Slowbro|Surf|p1a: Rillaboom\n|-resisted|p1a: Rillaboom\n|-damage|p1a: Rillaboom|59\/100\n|\n|-heal|p1a: Rillaboom|65\/100|[from] Grassy Terrain\n|-heal|p2a: Slowbro|65\/100|[from] Grassy Terrain\n|upkeep\n|turn|11\n|\n|t:|1700074734\n|switch|p2a: Talonflame|Talonflame, F|46\/100\n|-damage|p2a: Talonflame|0 fnt|[from] Stealth Rock\n|faint|p2a: Talonflame\n|move|p1a: Rillaboom|Wood Hammer|p2: Talonflame|[notarget]\n|-fail|p1a: Rillaboom\n|\n|-heal|p1a: Rillaboom|71\/100|[from] Grassy Terrain\n|upkeep\n|\n|t:|1700074743\n|switch|p2a: Sinistcha|Sinistcha-Masterpiece|100\/100\n|turn|12\n|\n|t:|1700074755\n|switch|p1a: Heatran|Heatran, F|82\/100\n|move|p2a: Sinistcha|Shadow Ball|p1a: Heatran\n|-damage|p1a: Heatran|61\/100\n|\n|-heal|p1a: Heatran|67\/100|[from] Grassy Terrain\n|-heal|p1a: Heatran|73\/100|[from] item: Leftovers\n|-fieldend|move: Grassy Terrain\n|upkeep\n|turn|13\n|\n|t:|1700074774\n|switch|p2a: Dondozo|Dondozo, F|100\/100\n|move|p1a: Heatran|Magma Storm|p2a: Dondozo\n|-resisted|p2a: Dondozo\n|-crit|p2a: Dondozo\n|-damage|p2a: Dondozo|67\/100\n|-activate|p2a: Dondozo|move: Magma Storm|[of] p1a: Heatran\n|\n|-heal|p1a: Heatran|80\/100|[from] item: Leftovers\n|-damage|p2a: Dondozo|55\/100|[from] move: Magma Storm|[partiallytrapped]\n|upkeep\n|turn|14\n|\n|t:|1700074785\n|switch|p1a: Zapdos|Zapdos|100\/100\n|move|p2a: Dondozo|Body Press|p1a: Zapdos\n|-resisted|p1a: Zapdos\n|-damage|p1a: Zapdos|88\/100\n|-status|p2a: Dondozo|par|[from] ability: Static|[of] p1a: Zapdos\n|\n|-end|p2a: Dondozo|Magma Storm|[partiallytrapped]|[silent]\n|upkeep\n|turn|15\n|\n|t:|1700074796\n|switch|p2a: Blissey|Blissey, F|100\/100\n|move|p1a: Zapdos|Volt Switch|p2a: Blissey\n|-damage|p2a: Blissey|92\/100\n|-message|Knightmayre forfeited.\n|\n|win|Drop a Coconut\n|raw|Drop a Coconut's rating: 1244 &rarr; <strong>1270<\/strong><br \/>(+26 for winning)\n|raw|Knightmayre's rating: 1259 &rarr; <strong>1233<\/strong><br \/>(-26 for losing)\n|l|\u2606Knightmayre\n|c|\u2606Drop a Coconut|Gg\n","uploadtime":1700074841,"views":7,"p1id":"dropacoconut","p2id":"knightmayre","formatid":"gen9ou","rating":1233,"private":0,"password":""}