{"id":"gen9ou-1999984846","p1":"Nao009","p2":"Pabliscor9","format":"[Gen 9] OU","log":"|j|\u2606Nao009\n|j|\u2606Pabliscor9\n|inactive|Battle timer is ON: inactive players will automatically lose when time's up.\n|t:|1701137731\n|gametype|singles\n|player|p1|Nao009|lady-gen4|\n|player|p2|Pabliscor9|n|\n|teamsize|p1|6\n|teamsize|p2|6\n|gen|9\n|tier|[Gen 9] OU\n|rated|Tournament battle\n|rule|Sleep Clause Mod: Limit one foe put to sleep\n|rule|Species Clause: Limit one of each Pok\u00e9mon\n|rule|OHKO Clause: OHKO moves are banned\n|rule|Evasion Items Clause: Evasion items are banned\n|rule|Evasion Moves Clause: Evasion moves are banned\n|rule|Endless Battle Clause: Forcing endless battles is banned\n|rule|HP Percentage Mod: HP is shown in percentages\n|clearpoke\n|poke|p1|Blissey, F|\n|poke|p1|Ceruledge, F|\n|poke|p1|Grimmsnarl, M|\n|poke|p1|Glimmora, F|\n|poke|p1|Hatterene, F|\n|poke|p1|Great Tusk|\n|poke|p2|Kingambit, F|\n|poke|p2|Iron Valiant|\n|poke|p2|Garganacl, M|\n|poke|p2|Great Tusk|\n|poke|p2|Zapdos|\n|poke|p2|Grafaiai, F|\n|teampreview\n|inactive|Nao009 also wants the timer to be on.\n|j|%Masterofthemaster\n|j| YisusUwUxdd\n|\n|t:|1701137741\n|start\n|switch|p1a: Grimmsnarl|Grimmsnarl, M, shiny|100\/100\n|switch|p2a: Grafaiai|Grafaiai, F, shiny|100\/100\n|turn|1\n|l|%Masterofthemaster\n|\n|t:|1701137747\n|switch|p1a: Hatterene|Hatterene, F|100\/100\n|move|p2a: Grafaiai|Swagger|p1a: Hatterene\n|move|p1a: Hatterene|Swagger|p2a: Grafaiai|[from]ability: Magic Bounce\n|-boost|p2a: Grafaiai|atk|2\n|-start|p2a: Grafaiai|confusion\n|\n|upkeep\n|turn|2\n|\n|t:|1701137758\n|-activate|p2a: Grafaiai|confusion\n|move|p2a: Grafaiai|Acrobatics|p1a: Hatterene\n|-damage|p1a: Hatterene|64\/100\n|move|p1a: Hatterene|Psychic|p2a: Grafaiai\n|-supereffective|p2a: Grafaiai\n|-damage|p2a: Grafaiai|0 fnt\n|faint|p2a: Grafaiai\n|\n|upkeep\n|inactive|Pabliscor9 has 120 seconds left.\n|\n|t:|1701137787\n|switch|p2a: Zapdos|Zapdos, shiny|100\/100\n|turn|3\n|\n|t:|1701137807\n|move|p2a: Zapdos|Hurricane|p1a: Hatterene\n|-damage|p1a: Hatterene|16\/100\n|move|p1a: Hatterene|Psychic|p2a: Zapdos\n|-damage|p2a: Zapdos|22\/100\n|\n|upkeep\n|turn|4\n|\n|t:|1701137812\n|move|p2a: Zapdos|Thunderbolt|p1a: Hatterene\n|-damage|p1a: Hatterene|0 fnt\n|faint|p1a: Hatterene\n|\n|upkeep\n|\n|t:|1701137817\n|switch|p1a: Blissey|Blissey, F, shiny|100\/100\n|turn|5\n|\n|t:|1701137822\n|move|p2a: Zapdos|Roost|p2a: Zapdos\n|-heal|p2a: Zapdos|72\/100\n|-singleturn|p2a: Zapdos|move: Roost\n|move|p1a: Blissey|Ice Beam|p2a: Zapdos\n|-damage|p2a: Zapdos|47\/100\n|\n|upkeep\n|turn|6\n|\n|t:|1701137829\n|move|p2a: Zapdos|Roost|p2a: Zapdos\n|-heal|p2a: Zapdos|97\/100\n|-singleturn|p2a: Zapdos|move: Roost\n|move|p1a: Blissey|Calm Mind|p1a: Blissey\n|-boost|p1a: Blissey|spa|1\n|-boost|p1a: Blissey|spd|1\n|\n|upkeep\n|turn|7\n|\n|t:|1701137855\n|switch|p2a: Garganacl|Garganacl, M, shiny|100\/100\n|move|p1a: Blissey|Calm Mind|p1a: Blissey\n|-boost|p1a: Blissey|spa|1\n|-boost|p1a: Blissey|spd|1\n|\n|upkeep\n|turn|8\n|j|%XYZ15\n|\n|t:|1701137870\n|switch|p1a: Grimmsnarl|Grimmsnarl, M, shiny|100\/100\n|move|p2a: Garganacl|Salt Cure|p1a: Grimmsnarl\n|-damage|p1a: Grimmsnarl|82\/100\n|-start|p1a: Grimmsnarl|Salt Cure\n|\n|-damage|p1a: Grimmsnarl|70\/100|[from] Salt Cure\n|upkeep\n|turn|9\n|\n|t:|1701137883\n|move|p1a: Grimmsnarl|Reflect|p1a: Grimmsnarl\n|-sidestart|p1: Nao009|Reflect\n|move|p2a: Garganacl|Iron Defense|p2a: Garganacl\n|-boost|p2a: Garganacl|def|2\n|\n|-damage|p1a: Grimmsnarl|57\/100|[from] Salt Cure\n|upkeep\n|turn|10\n|\n|t:|1701137891\n|move|p1a: Grimmsnarl|Chilling Water|p2a: Garganacl\n|-supereffective|p2a: Garganacl\n|-damage|p2a: Garganacl|82\/100\n|-unboost|p2a: Garganacl|atk|1\n|move|p2a: Garganacl|Substitute|p2a: Garganacl\n|-start|p2a: Garganacl|Substitute\n|-damage|p2a: Garganacl|57\/100\n|\n|-damage|p1a: Grimmsnarl|45\/100|[from] Salt Cure\n|upkeep\n|turn|11\n|\n|t:|1701137899\n|move|p1a: Grimmsnarl|Chilling Water|p2a: Garganacl\n|-supereffective|p2a: Garganacl\n|-activate|p2a: Garganacl|move: Substitute|[damage]\n|move|p2a: Garganacl|Recover|p2a: Garganacl\n|-heal|p2a: Garganacl|100\/100\n|\n|-damage|p1a: Grimmsnarl|32\/100|[from] Salt Cure\n|upkeep\n|turn|12\n|\n|t:|1701137908\n|move|p1a: Grimmsnarl|Chilling Water|p2a: Garganacl\n|-supereffective|p2a: Garganacl\n|-end|p2a: Garganacl|Substitute\n|move|p2a: Garganacl|Substitute|p2a: Garganacl\n|-start|p2a: Garganacl|Substitute\n|-damage|p2a: Garganacl|76\/100\n|\n|-damage|p1a: Grimmsnarl|20\/100|[from] Salt Cure\n|upkeep\n|turn|13\n|\n|t:|1701137933\n|move|p1a: Grimmsnarl|Chilling Water|p2a: Garganacl\n|-supereffective|p2a: Garganacl\n|-activate|p2a: Garganacl|move: Substitute|[damage]\n|move|p2a: Garganacl|Iron Defense|p2a: Garganacl\n|-boost|p2a: Garganacl|def|2\n|\n|-damage|p1a: Grimmsnarl|8\/100|[from] Salt Cure\n|upkeep\n|turn|14\n|j| drossito pambisito\n|\n|t:|1701137951\n|move|p1a: Grimmsnarl|Chilling Water|p2a: Garganacl\n|-supereffective|p2a: Garganacl\n|-end|p2a: Garganacl|Substitute\n|move|p2a: Garganacl|Salt Cure|p1a: Grimmsnarl\n|-damage|p1a: Grimmsnarl|1\/100\n|\n|-damage|p1a: Grimmsnarl|0 fnt|[from] Salt Cure\n|faint|p1a: Grimmsnarl\n|upkeep\n|\n|t:|1701137956\n|switch|p1a: Glimmora|Glimmora, F|100\/100\n|turn|15\n|\n|t:|1701137963\n|move|p1a: Glimmora|Sludge Bomb|p2a: Garganacl\n|-resisted|p2a: Garganacl\n|-damage|p2a: Garganacl|59\/100\n|move|p2a: Garganacl|Salt Cure|p1a: Glimmora\n|-damage|p1a: Glimmora|94\/100\n|-start|p1a: Glimmora|Salt Cure\n|\n|-damage|p1a: Glimmora|82\/100|[from] Salt Cure\n|upkeep\n|turn|16\n|\n|t:|1701137973\n|move|p1a: Glimmora|Sludge Bomb|p2a: Garganacl\n|-resisted|p2a: Garganacl\n|-damage|p2a: Garganacl|42\/100\n|move|p2a: Garganacl|Substitute|p2a: Garganacl\n|-start|p2a: Garganacl|Substitute\n|-damage|p2a: Garganacl|17\/100\n|\n|-damage|p1a: Glimmora|70\/100|[from] Salt Cure\n|-sideend|p1: Nao009|Reflect\n|upkeep\n|turn|17\n|\n|t:|1701137981\n|move|p1a: Glimmora|Sludge Bomb|p2a: Garganacl\n|-resisted|p2a: Garganacl\n|-activate|p2a: Garganacl|move: Substitute|[damage]\n|move|p2a: Garganacl|Recover|p2a: Garganacl\n|-heal|p2a: Garganacl|67\/100\n|\n|-damage|p1a: Glimmora|57\/100|[from] Salt Cure\n|upkeep\n|turn|18\n|\n|t:|1701137998\n|move|p1a: Glimmora|Sludge Bomb|p2a: Garganacl\n|-resisted|p2a: Garganacl\n|-end|p2a: Garganacl|Substitute\n|move|p2a: Garganacl|Substitute|p2a: Garganacl\n|-start|p2a: Garganacl|Substitute\n|-damage|p2a: Garganacl|42\/100\n|\n|-damage|p1a: Glimmora|45\/100|[from] Salt Cure\n|upkeep\n|turn|19\n|\n|t:|1701138006\n|move|p1a: Glimmora|Sludge Bomb|p2a: Garganacl\n|-resisted|p2a: Garganacl\n|-activate|p2a: Garganacl|move: Substitute|[damage]\n|move|p2a: Garganacl|Recover|p2a: Garganacl\n|-heal|p2a: Garganacl|92\/100\n|\n|-damage|p1a: Glimmora|32\/100|[from] Salt Cure\n|upkeep\n|turn|20\n|\n|t:|1701138015\n|move|p1a: Glimmora|Sludge Bomb|p2a: Garganacl\n|-resisted|p2a: Garganacl\n|-end|p2a: Garganacl|Substitute\n|move|p2a: Garganacl|Substitute|p2a: Garganacl\n|-start|p2a: Garganacl|Substitute\n|-damage|p2a: Garganacl|67\/100\n|\n|-damage|p1a: Glimmora|20\/100|[from] Salt Cure\n|upkeep\n|turn|21\n|c|\u2606Nao009|si vas a hacer los mismos moves, xq tardas tanto en accionar xd\n|\n|t:|1701138025\n|move|p1a: Glimmora|Sludge Bomb|p2a: Garganacl\n|-resisted|p2a: Garganacl\n|-activate|p2a: Garganacl|move: Substitute|[damage]\n|move|p2a: Garganacl|Salt Cure|p1a: Glimmora\n|-damage|p1a: Glimmora|8\/100\n|\n|-damage|p1a: Glimmora|0 fnt|[from] Salt Cure\n|faint|p1a: Glimmora\n|upkeep\n|\n|t:|1701138030\n|switch|p1a: Great Tusk|Great Tusk|100\/100\n|-enditem|p1a: Great Tusk|Booster Energy\n|-activate|p1a: Great Tusk|ability: Protosynthesis|[fromitem]\n|-start|p1a: Great Tusk|protosynthesisatk\n|turn|22\n|c|\u2606Pabliscor9|me anda mal el mouse >:'c\n|\n|t:|1701138040\n|move|p1a: Great Tusk|Bulk Up|p1a: Great Tusk\n|-boost|p1a: Great Tusk|atk|1\n|-boost|p1a: Great Tusk|def|1\n|move|p2a: Garganacl|Salt Cure|p1a: Great Tusk\n|-resisted|p1a: Great Tusk\n|-damage|p1a: Great Tusk|99\/100\n|-start|p1a: Great Tusk|Salt Cure\n|\n|-damage|p1a: Great Tusk|87\/100|[from] Salt Cure\n|upkeep\n|turn|23\n|c|\u2606Nao009|XD\n|\n|t:|1701138054\n|move|p1a: Great Tusk|Bulk Up|p1a: Great Tusk\n|-boost|p1a: Great Tusk|atk|1\n|-boost|p1a: Great Tusk|def|1\n|move|p2a: Garganacl|Salt Cure|p1a: Great Tusk\n|-resisted|p1a: Great Tusk\n|-damage|p1a: Great Tusk|86\/100\n|\n|-damage|p1a: Great Tusk|74\/100|[from] Salt Cure\n|upkeep\n|turn|24\n|\n|t:|1701138062\n|move|p1a: Great Tusk|Bulk Up|p1a: Great Tusk\n|-boost|p1a: Great Tusk|atk|1\n|-boost|p1a: Great Tusk|def|1\n|move|p2a: Garganacl|Iron Defense|p2a: Garganacl\n|-boost|p2a: Garganacl|def|2\n|\n|-damage|p1a: Great Tusk|61\/100|[from] Salt Cure\n|upkeep\n|turn|25\n|\n|t:|1701138072\n|move|p1a: Great Tusk|Brick Break|p2a: Garganacl\n|-supereffective|p2a: Garganacl\n|-end|p2a: Garganacl|Substitute\n|move|p2a: Garganacl|Recover|p2a: Garganacl\n|-heal|p2a: Garganacl|100\/100\n|\n|-damage|p1a: Great Tusk|49\/100|[from] Salt Cure\n|upkeep\n|turn|26\n|\n|t:|1701138090\n|-terastallize|p2a: Garganacl|Water\n|move|p1a: Great Tusk|Brick Break|p2a: Garganacl\n|-damage|p2a: Garganacl|73\/100\n|-damage|p1a: Great Tusk|32\/100|[from] item: Rocky Helmet|[of] p2a: Garganacl\n|move|p2a: Garganacl|Substitute|p2a: Garganacl\n|-start|p2a: Garganacl|Substitute\n|-damage|p2a: Garganacl|48\/100\n|\n|-damage|p1a: Great Tusk|20\/100|[from] Salt Cure\n|upkeep\n|turn|27\n|\n|t:|1701138099\n|move|p1a: Great Tusk|Earthquake|p2a: Garganacl\n|-end|p2a: Garganacl|Substitute\n|move|p2a: Garganacl|Recover|p2a: Garganacl\n|-heal|p2a: Garganacl|98\/100\n|\n|-damage|p1a: Great Tusk|7\/100|[from] Salt Cure\n|upkeep\n|turn|28\n|\n|t:|1701138107\n|move|p1a: Great Tusk|Earthquake|p2a: Garganacl\n|-damage|p2a: Garganacl|67\/100\n|move|p2a: Garganacl|Substitute|p2a: Garganacl\n|-start|p2a: Garganacl|Substitute\n|-damage|p2a: Garganacl|42\/100\n|\n|-damage|p1a: Great Tusk|0 fnt|[from] Salt Cure\n|faint|p1a: Great Tusk\n|-end|p1a: Great Tusk|Protosynthesis|[silent]\n|upkeep\n|\n|t:|1701138124\n|switch|p1a: Ceruledge|Ceruledge, F|100\/100\n|turn|29\n|\n|t:|1701138127\n|move|p1a: Ceruledge|Swords Dance|p1a: Ceruledge\n|-boost|p1a: Ceruledge|atk|2\n|move|p2a: Garganacl|Salt Cure|p1a: Ceruledge\n|-supereffective|p1a: Ceruledge\n|-damage|p1a: Ceruledge|72\/100\n|-start|p1a: Ceruledge|Salt Cure\n|-ability|p1a: Ceruledge|Weak Armor|boost\n|-unboost|p1a: Ceruledge|def|1\n|-boost|p1a: Ceruledge|spe|2\n|\n|-damage|p1a: Ceruledge|59\/100|[from] Salt Cure\n|upkeep\n|turn|30\n|\n|t:|1701138138\n|move|p1a: Ceruledge|Swords Dance|p1a: Ceruledge\n|-boost|p1a: Ceruledge|atk|2\n|move|p2a: Garganacl|Recover|p2a: Garganacl\n|-heal|p2a: Garganacl|93\/100\n|\n|-damage|p1a: Ceruledge|47\/100|[from] Salt Cure\n|upkeep\n|turn|31\n|\n|t:|1701138146\n|move|p1a: Ceruledge|Night Slash|p2a: Garganacl\n|-activate|p2a: Garganacl|move: Substitute|[damage]\n|move|p2a: Garganacl|Salt Cure|p1a: Ceruledge\n|-supereffective|p1a: Ceruledge\n|-damage|p1a: Ceruledge|0 fnt\n|faint|p1a: Ceruledge\n|\n|upkeep\n|\n|t:|1701138149\n|switch|p1a: Blissey|Blissey, F, shiny|100\/100\n|turn|32\n|-message|Nao009 forfeited.\n|\n|win|Pabliscor9\n|n|\u2606Nao009|nao009\n|n|\u2606Pabliscor9|pabliscor9\n|n| YisusUwUxdd|yisusuwuxdd\n|n| XYZ15|xyz15\n|n| drossito pambisito|drossitopambisito\n","uploadtime":1701138154,"views":4,"p1id":"nao009","p2id":"pabliscor9","formatid":"gen9ou","rating":0,"private":0,"password":""}