{"id":"gen9ou-1988296381","p1":"President Obamna","p2":"Orcust Knightmare","format":"[Gen 9] OU","log":"|j|\u2606President Obamna\n|j|\u2606Orcust Knightmare\n|t:|1699703801\n|gametype|singles\n|player|p1|President Obamna|dawn-gen4pt|1379\n|player|p2|Orcust Knightmare|kieran-festival|1427\n|teamsize|p1|6\n|teamsize|p2|6\n|gen|9\n|tier|[Gen 9] OU\n|rated|\n|rule|Sleep Clause Mod: Limit one foe put to sleep\n|rule|Species Clause: Limit one of each Pok\u00e9mon\n|rule|OHKO Clause: OHKO moves are banned\n|rule|Evasion Items Clause: Evasion items are banned\n|rule|Evasion Moves Clause: Evasion moves are banned\n|rule|Endless Battle Clause: Forcing endless battles is banned\n|rule|HP Percentage Mod: HP is shown in percentages\n|clearpoke\n|poke|p1|Rillaboom, F|\n|poke|p1|Cinderace, M|\n|poke|p1|Ogerpon-Cornerstone, F|\n|poke|p1|Kingambit, F|\n|poke|p1|Great Tusk|\n|poke|p1|Iron Valiant|\n|poke|p2|Pincurchin, M|\n|poke|p2|Iron Treads|\n|poke|p2|Iron Thorns|\n|poke|p2|Iron Valiant|\n|poke|p2|Iron Moth|\n|poke|p2|Maushold|\n|teampreview\n|\n|t:|1699703824\n|start\n|switch|p1a: get drunk|Great Tusk|100\/100\n|switch|p2a: Maushold|Maushold|100\/100\n|turn|1\n|\n|t:|1699703867\n|move|p2a: Maushold|Population Bomb|p1a: get drunk\n|-damage|p1a: get drunk|94\/100\n|-damage|p2a: Maushold|84\/100|[from] item: Rocky Helmet|[of] p1a: get drunk\n|-damage|p1a: get drunk|86\/100\n|-damage|p2a: Maushold|67\/100|[from] item: Rocky Helmet|[of] p1a: get drunk\n|-damage|p1a: get drunk|79\/100\n|-damage|p2a: Maushold|51\/100|[from] item: Rocky Helmet|[of] p1a: get drunk\n|-damage|p1a: get drunk|72\/100\n|-damage|p2a: Maushold|34\/100|[from] item: Rocky Helmet|[of] p1a: get drunk\n|-damage|p1a: get drunk|64\/100\n|-damage|p2a: Maushold|17\/100|[from] item: Rocky Helmet|[of] p1a: get drunk\n|-damage|p1a: get drunk|57\/100\n|-damage|p2a: Maushold|1\/100|[from] item: Rocky Helmet|[of] p1a: get drunk\n|-damage|p1a: get drunk|50\/100\n|-damage|p2a: Maushold|0 fnt|[from] item: Rocky Helmet|[of] p1a: get drunk\n|faint|p2a: Maushold\n|-hitcount|p1a: get drunk|7\n|move|p1a: get drunk|Earthquake|p2: Maushold|[notarget]\n|-fail|p1a: get drunk\n|\n|upkeep\n|\n|t:|1699703872\n|switch|p2a: Iron Valiant|Iron Valiant|100\/100\n|-enditem|p2a: Iron Valiant|Booster Energy\n|-activate|p2a: Iron Valiant|ability: Quark Drive|[fromitem]\n|-start|p2a: Iron Valiant|quarkdrivespe\n|turn|2\n|\n|t:|1699703886\n|move|p2a: Iron Valiant|Moonblast|p1a: get drunk\n|-supereffective|p1a: get drunk\n|-damage|p1a: get drunk|0 fnt\n|faint|p1a: get drunk\n|-end|p1a: get drunk|Protosynthesis|[silent]\n|\n|upkeep\n|\n|t:|1699703913\n|switch|p1a: Why do I|Rillaboom, F|100\/100\n|-fieldstart|move: Grassy Terrain|[from] ability: Grassy Surge|[of] p1a: Why do I\n|turn|3\n|\n|t:|1699703920\n|-terastallize|p1a: Why do I|Grass\n|move|p1a: Why do I|Grassy Glide|p2a: Iron Valiant\n|-damage|p2a: Iron Valiant|0 fnt\n|faint|p2a: Iron Valiant\n|-end|p2a: Iron Valiant|Quark Drive|[silent]\n|\n|upkeep\n|\n|t:|1699703935\n|switch|p2a: Iron Moth|Iron Moth|100\/100\n|turn|4\n|\n|t:|1699703950\n|switch|p1a: still wake up 2am|Cinderace, M|100\/100\n|move|p2a: Iron Moth|Sludge Wave|p1a: still wake up 2am\n|-damage|p1a: still wake up 2am|44\/100\n|-status|p1a: still wake up 2am|psn\n|\n|-heal|p1a: still wake up 2am|50\/100 psn|[from] Grassy Terrain\n|-damage|p1a: still wake up 2am|38\/100 psn|[from] psn\n|upkeep\n|turn|5\n|\n|t:|1699703983\n|-end|p2a: Iron Moth|Quark Drive|[silent]\n|switch|p2a: Pincurchin|Pincurchin, M, shiny|100\/100\n|-fieldstart|move: Electric Terrain|[from] ability: Electric Surge|[of] p2a: Pincurchin\n|move|p1a: still wake up 2am|U-turn|p2a: Pincurchin\n|-damage|p2a: Pincurchin|84\/100\n|inactive|Battle timer is ON: inactive players will automatically lose when time's up. (requested by Orcust Knightmare)\n|\n|t:|1699704005\n|switch|p1a: why do i even try|Iron Valiant|100\/100|[from] U-turn\n|-activate|p1a: why do i even try|ability: Quark Drive\n|-start|p1a: why do i even try|quarkdrivespe\n|\n|upkeep\n|turn|6\n|\n|t:|1699704013\n|switch|p2a: Iron Moth|Iron Moth|100\/100\n|-activate|p2a: Iron Moth|ability: Quark Drive\n|-start|p2a: Iron Moth|quarkdrivespe\n|move|p1a: why do i even try|Calm Mind|p1a: why do i even try\n|-boost|p1a: why do i even try|spa|1\n|-boost|p1a: why do i even try|spd|1\n|\n|upkeep\n|turn|7\n|\n|t:|1699704018\n|move|p1a: why do i even try|Thunderbolt|p2a: Iron Moth\n|-damage|p2a: Iron Moth|36\/100\n|move|p2a: Iron Moth|Sludge Wave|p1a: why do i even try\n|-supereffective|p1a: why do i even try\n|-damage|p1a: why do i even try|0 fnt\n|faint|p1a: why do i even try\n|-end|p1a: why do i even try|Quark Drive|[silent]\n|\n|upkeep\n|\n|t:|1699704026\n|switch|p1a: Why do I|Rillaboom, F, tera:Grass|100\/100\n|-fieldstart|move: Grassy Terrain|[from] ability: Grassy Surge|[of] p1a: Why do I\n|-end|p2a: Iron Moth|Quark Drive\n|turn|8\n|\n|t:|1699704032\n|move|p1a: Why do I|Grassy Glide|p2a: Iron Moth\n|-resisted|p2a: Iron Moth\n|-damage|p2a: Iron Moth|7\/100\n|move|p2a: Iron Moth|Sludge Wave|p1a: Why do I\n|-supereffective|p1a: Why do I\n|-damage|p1a: Why do I|0 fnt\n|faint|p1a: Why do I\n|\n|-heal|p2a: Iron Moth|13\/100|[from] Grassy Terrain\n|upkeep\n|\n|t:|1699704039\n|switch|p1a: still wake up 2am|Cinderace, M|38\/100 psn\n|turn|9\n|\n|t:|1699704042\n|-end|p2a: Iron Moth|Quark Drive|[silent]\n|switch|p2a: Pincurchin|Pincurchin, M, shiny|84\/100\n|-fieldstart|move: Electric Terrain|[from] ability: Electric Surge|[of] p2a: Pincurchin\n|move|p1a: still wake up 2am|Pyro Ball|p2a: Pincurchin\n|-damage|p2a: Pincurchin|45\/100\n|\n|-damage|p1a: still wake up 2am|26\/100 psn|[from] psn\n|upkeep\n|turn|10\n|\n|t:|1699704046\n|move|p1a: still wake up 2am|U-turn|p2a: Pincurchin\n|-damage|p2a: Pincurchin|30\/100\n|\n|t:|1699704051\n|switch|p1a: cold sweat|Ogerpon-Cornerstone, F|100\/100|[from] U-turn\n|move|p2a: Pincurchin|Spikes|p1a: cold sweat\n|-sidestart|p1: President Obamna|Spikes\n|\n|upkeep\n|turn|11\n|\n|t:|1699704055\n|move|p1a: cold sweat|Swords Dance|p1a: cold sweat\n|-boost|p1a: cold sweat|atk|2\n|move|p2a: Pincurchin|Scald|p1a: cold sweat\n|-damage|p1a: cold sweat|83\/100\n|\n|upkeep\n|turn|12\n|\n|t:|1699704057\n|move|p1a: cold sweat|Ivy Cudgel|p2a: Pincurchin\n|-damage|p2a: Pincurchin|0 fnt\n|faint|p2a: Pincurchin\n|\n|upkeep\n|\n|t:|1699704062\n|switch|p2a: Iron Moth|Iron Moth|13\/100\n|-activate|p2a: Iron Moth|ability: Quark Drive\n|-start|p2a: Iron Moth|quarkdrivespe\n|turn|13\n|\n|t:|1699704076\n|move|p2a: Iron Moth|Sludge Wave|p1a: cold sweat\n|-damage|p1a: cold sweat|29\/100\n|move|p1a: cold sweat|Ivy Cudgel|p2a: Iron Moth\n|-supereffective|p2a: Iron Moth\n|-crit|p2a: Iron Moth\n|-damage|p2a: Iron Moth|0 fnt\n|faint|p2a: Iron Moth\n|-end|p2a: Iron Moth|Quark Drive|[silent]\n|\n|upkeep\n|\n|t:|1699704102\n|switch|p2a: Iron Thorns|Iron Thorns|100\/100\n|-activate|p2a: Iron Thorns|ability: Quark Drive\n|-start|p2a: Iron Thorns|quarkdriveatk\n|turn|14\n|\n|t:|1699704107\n|-terastallize|p2a: Iron Thorns|Bug\n|move|p1a: cold sweat|Low Kick|p2a: Iron Thorns\n|-resisted|p2a: Iron Thorns\n|-damage|p2a: Iron Thorns|58\/100\n|move|p2a: Iron Thorns|Dragon Dance|p2a: Iron Thorns\n|-boost|p2a: Iron Thorns|atk|1\n|-boost|p2a: Iron Thorns|spe|1\n|\n|upkeep\n|turn|15\n|c|\u2606President Obamna|yooooo\n|\n|t:|1699704118\n|move|p2a: Iron Thorns|Pin Missile|p1a: cold sweat\n|-supereffective|p1a: cold sweat\n|-damage|p1a: cold sweat|0 fnt\n|faint|p1a: cold sweat\n|-hitcount|p1: cold sweat|1\n|\n|upkeep\n|c|\u2606Orcust Knightmare|Yeah\n|\n|t:|1699704138\n|switch|p1a: screaming yo name|Kingambit, F|100\/100\n|-activate|p1a: screaming yo name|ability: Supreme Overlord\n|-start|p1a: screaming yo name|fallen4|[silent]\n|-item|p1a: screaming yo name|Air Balloon\n|turn|16\n|inactive|Orcust Knightmare has 120 seconds left.\n|\n|t:|1699704175\n|move|p2a: Iron Thorns|Pin Missile|p1a: screaming yo name\n|-damage|p1a: screaming yo name|79\/100\n|-enditem|p1a: screaming yo name|Air Balloon\n|-damage|p1a: screaming yo name|58\/100\n|-damage|p1a: screaming yo name|39\/100\n|-crit|p1a: screaming yo name\n|-damage|p1a: screaming yo name|5\/100\n|-damage|p1a: screaming yo name|0 fnt\n|faint|p1a: screaming yo name\n|-end|p1a: screaming yo name|fallen4|[silent]\n|-hitcount|p1: screaming yo name|5\n|\n|-fieldend|move: Electric Terrain\n|-end|p2a: Iron Thorns|Quark Drive\n|upkeep\n|c|\u2606President Obamna|but why tf does it learn pin missile\n|inactive|President Obamna has 120 seconds left.\n|c|\u2606Orcust Knightmare|Idk\n|\n|t:|1699704191\n|switch|p1a: still wake up 2am|Cinderace, M|26\/100 psn\n|turn|17\n|c|\u2606Orcust Knightmare|found it in its movepool and it\u2019s pretty dope\n|inactive|Orcust Knightmare has 120 seconds left.\n|\n|t:|1699704205\n|move|p1a: still wake up 2am|Pyro Ball|p2a: Iron Thorns\n|-supereffective|p2a: Iron Thorns\n|-damage|p2a: Iron Thorns|0 fnt\n|faint|p2a: Iron Thorns\n|-end|p2a: Iron Thorns|Quark Drive|[silent]\n|\n|-damage|p1a: still wake up 2am|13\/100 psn|[from] psn\n|upkeep\n|\n|t:|1699704208\n|switch|p2a: Iron Treads|Iron Treads, shiny|100\/100\n|-item|p2a: Iron Treads|Air Balloon\n|turn|18\n|\n|t:|1699704212\n|move|p1a: still wake up 2am|Pyro Ball|p2a: Iron Treads\n|-supereffective|p2a: Iron Treads\n|-damage|p2a: Iron Treads|0 fnt\n|-enditem|p2a: Iron Treads|Air Balloon\n|faint|p2a: Iron Treads\n|-end|p2a: Iron Treads|Quark Drive|[silent]\n|\n|win|President Obamna\n|raw|President Obamna's rating: 1379 &rarr; <strong>1401<\/strong><br \/>(+22 for winning)\n|raw|Orcust Knightmare's rating: 1406 &rarr; <strong>1384<\/strong><br \/>(-22 for losing)\n|c|\u2606Orcust Knightmare|gg\n|c|\u2606President Obamna|gg\n|l|\u2606Orcust Knightmare\n","uploadtime":1699704227,"views":19,"p1id":"presidentobamna","p2id":"orcustknightmare","formatid":"gen9ou","rating":1384,"private":0,"password":""}