{"id":"gen9ou-1999814914","p1":"Darkpool","p2":"Quentui","format":"[Gen 9] OU","log":"|j|\u2606Darkpool\n|j|\u2606Quentui\n|t:|1701119241\n|gametype|singles\n|player|p1|Darkpool|pokemonranger|1481\n|player|p2|Quentui|alder|1404\n|teamsize|p1|6\n|teamsize|p2|6\n|gen|9\n|tier|[Gen 9] OU\n|rated|\n|rule|Sleep Clause Mod: Limit one foe put to sleep\n|rule|Species Clause: Limit one of each Pok\u00e9mon\n|rule|OHKO Clause: OHKO moves are banned\n|rule|Evasion Items Clause: Evasion items are banned\n|rule|Evasion Moves Clause: Evasion moves are banned\n|rule|Endless Battle Clause: Forcing endless battles is banned\n|rule|HP Percentage Mod: HP is shown in percentages\n|clearpoke\n|poke|p1|Ribombee, F|\n|poke|p1|Yanmega, F|\n|poke|p1|Manaphy|\n|poke|p1|Ogerpon-Cornerstone, F|\n|poke|p1|Kingambit, F|\n|poke|p1|Gholdengo|\n|poke|p2|Manaphy|\n|poke|p2|Pelipper, F|\n|poke|p2|Barraskewda, M|\n|poke|p2|Moltres-Galar|\n|poke|p2|Iron Treads|\n|poke|p2|Amoonguss, M|\n|teampreview\n|\n|t:|1701119253\n|start\n|switch|p1a: Yanmega|Yanmega, F|100\/100\n|switch|p2a: Iron Treads|Iron Treads|100\/100\n|turn|1\n|inactive|Battle timer is ON: inactive players will automatically lose when time's up. (requested by Quentui)\n|\n|t:|1701119263\n|-terastallize|p1a: Yanmega|Bug\n|move|p2a: Iron Treads|Volt Switch|p1a: Yanmega\n|-damage|p1a: Yanmega|82\/100\n|\n|t:|1701119277\n|-end|p2a: Iron Treads|Quark Drive|[silent]\n|switch|p2a: Amoonguss|Amoonguss, M|100\/100|[from] Volt Switch\n|move|p1a: Yanmega|Bug Buzz|p2a: Amoonguss\n|-damage|p2a: Amoonguss|18\/100\n|\n|upkeep\n|turn|2\n|inactive|Darkpool has 120 seconds left.\n|l|\u2606Darkpool\n|inactive|Darkpool disconnected and has a minute to reconnect!\n|player|p1|\n|j| Gbasire\n|j|\u2606Darkpool\n|inactive|Darkpool reconnected and has 100 seconds left.\n|player|p1|Darkpool|pokemonranger\n|\n|t:|1701119329\n|switch|p2a: Pelipper|Pelipper, F|100\/100\n|-weather|RainDance|[from] ability: Drizzle|[of] p2a: Pelipper\n|move|p1a: Yanmega|Bug Buzz|p2a: Pelipper\n|-resisted|p2a: Pelipper\n|-damage|p2a: Pelipper|0 fnt\n|faint|p2a: Pelipper\n|\n|-weather|RainDance|[upkeep]\n|upkeep\n|l| Gbasire\n|\n|t:|1701119352\n|switch|p2a: Barraskewda|Barraskewda, M|100\/100\n|turn|3\n|inactive|Quentui has 120 seconds left.\n|inactive|Darkpool has 90 seconds left.\n|inactive|Darkpool has 60 seconds left.\n|\n|t:|1701119407\n|switch|p1a: Kingambit|Kingambit, F|100\/100\n|move|p2a: Barraskewda|Liquidation|p1a: Kingambit\n|-damage|p1a: Kingambit|16\/100\n|\n|-weather|RainDance|[upkeep]\n|upkeep\n|turn|4\n|inactive|Quentui has 120 seconds left.\n|\n|t:|1701119421\n|move|p1a: Kingambit|Sucker Punch|p2a: Barraskewda\n|-damage|p2a: Barraskewda|27\/100\n|move|p2a: Barraskewda|Liquidation|p1a: Kingambit\n|-damage|p1a: Kingambit|0 fnt\n|faint|p1a: Kingambit\n|-end|p1a: Kingambit|fallenundefined|[silent]\n|\n|-weather|RainDance|[upkeep]\n|upkeep\n|inactive|Darkpool has 60 seconds left.\n|\n|t:|1701119437\n|switch|p1a: Ogerpon|Ogerpon-Cornerstone, F|100\/100\n|turn|5\n|inactive|Quentui has 120 seconds left.\n|\n|t:|1701119452\n|move|p2a: Barraskewda|Liquidation|p1a: Ogerpon\n|-ability|p1a: Ogerpon|Sturdy\n|-damage|p1a: Ogerpon|1\/100\n|move|p1a: Ogerpon|Trailblaze|p2a: Barraskewda\n|-supereffective|p2a: Barraskewda\n|-damage|p2a: Barraskewda|0 fnt\n|-boost|p1a: Ogerpon|spe|1\n|faint|p2a: Barraskewda\n|\n|-weather|RainDance|[upkeep]\n|upkeep\n|inactive|Quentui has 120 seconds left.\n|\n|t:|1701119472\n|switch|p2a: Manaphy|Manaphy|100\/100\n|turn|6\n|\n|t:|1701119489\n|move|p1a: Ogerpon|Ivy Cudgel|p2a: Manaphy|[anim] Ivy Cudgel Rock\n|-damage|p2a: Manaphy|43\/100\n|move|p2a: Manaphy|Surf|p1a: Ogerpon\n|-damage|p1a: Ogerpon|0 fnt\n|faint|p1a: Ogerpon\n|\n|-weather|RainDance|[upkeep]\n|-heal|p2a: Manaphy|49\/100|[from] item: Leftovers\n|upkeep\n|\n|t:|1701119500\n|switch|p1a: Ribombee|Ribombee, F, shiny|100\/100\n|turn|7\n|\n|t:|1701119506\n|move|p1a: Ribombee|Sticky Web|p2a: Manaphy\n|-sidestart|p2: Quentui|move: Sticky Web\n|move|p2a: Manaphy|Rest|p2a: Manaphy\n|-status|p2a: Manaphy|slp|[from] move: Rest\n|-heal|p2a: Manaphy|100\/100 slp|[silent]\n|\n|-weather|RainDance|[upkeep]\n|-activate|p2a: Manaphy|ability: Hydration\n|-curestatus|p2a: Manaphy|slp|[msg]\n|upkeep\n|turn|8\n|inactive|Quentui has 120 seconds left.\n|\n|t:|1701119519\n|move|p1a: Ribombee|Moonblast|p2a: Manaphy\n|-damage|p2a: Manaphy|57\/100\n|-unboost|p2a: Manaphy|spa|1\n|move|p2a: Manaphy|Surf|p1a: Ribombee\n|-damage|p1a: Ribombee|35\/100\n|\n|-weather|RainDance|[upkeep]\n|-heal|p2a: Manaphy|63\/100|[from] item: Leftovers\n|upkeep\n|turn|9\n|inactive|Quentui has 120 seconds left.\n|\n|t:|1701119532\n|move|p1a: Ribombee|Moonblast|p2a: Manaphy\n|-damage|p2a: Manaphy|26\/100\n|-unboost|p2a: Manaphy|spa|1\n|move|p2a: Manaphy|Rest|p2a: Manaphy\n|-status|p2a: Manaphy|slp|[from] move: Rest\n|-heal|p2a: Manaphy|100\/100 slp|[silent]\n|\n|-weather|none\n|upkeep\n|turn|10\n|inactive|Quentui has 120 seconds left.\n|inactive|Darkpool has 90 seconds left.\n|\n|t:|1701119554\n|move|p1a: Ribombee|Moonblast|p2a: Manaphy\n|-damage|p2a: Manaphy|59\/100 slp\n|-unboost|p2a: Manaphy|spa|1\n|cant|p2a: Manaphy|slp\n|\n|-heal|p2a: Manaphy|65\/100 slp|[from] item: Leftovers\n|upkeep\n|turn|11\n|-message|Quentui forfeited.\n|\n|win|Darkpool\n|raw|Darkpool's rating: 1481 &rarr; <strong>1497<\/strong><br \/>(+16 for winning)\n|raw|Quentui's rating: 1404 &rarr; <strong>1388<\/strong><br \/>(-16 for losing)\n|l|\u2606Quentui\n","uploadtime":1701119572,"views":5,"p1id":"darkpool","p2id":"quentui","formatid":"gen9ou","rating":1388,"private":0,"password":""}