{"id":"gen9ou-1993786068","p1":"RamPamPam888","p2":"godiamsosorry","format":"[Gen 9] OU","log":"|j|\u2606RamPamPam888\n|j|\u2606godiamsosorry\n|t:|1700357071\n|gametype|singles\n|player|p1|RamPamPam888|roughneck|\n|player|p2|godiamsosorry|lady|\n|teamsize|p1|6\n|teamsize|p2|6\n|gen|9\n|tier|[Gen 9] OU\n|rule|Sleep Clause Mod: Limit one foe put to sleep\n|rule|Species Clause: Limit one of each Pok\u00e9mon\n|rule|OHKO Clause: OHKO moves are banned\n|rule|Evasion Items Clause: Evasion items are banned\n|rule|Evasion Moves Clause: Evasion moves are banned\n|rule|Endless Battle Clause: Forcing endless battles is banned\n|rule|HP Percentage Mod: HP is shown in percentages\n|clearpoke\n|poke|p1|Rillaboom, F|\n|poke|p1|Hawlucha, M|\n|poke|p1|Iron Thorns|\n|poke|p1|Toxicroak, M|\n|poke|p1|Perrserker, M|\n|poke|p1|Ditto|\n|poke|p2|Walking Wake|\n|poke|p2|Pelipper, F|\n|poke|p2|Thundurus, M|\n|poke|p2|Rotom-Mow|\n|poke|p2|Poliwrath, F|\n|poke|p2|Golduck, F|\n|teampreview\n|j| GrunkleConn\n|j| Mr. Kessler\n|\n|t:|1700357131\n|start\n|switch|p1a: Rochet|Rillaboom, F|100\/100\n|switch|p2a: cant tera|Pelipper, F|100\/100\n|-fieldstart|move: Grassy Terrain|[from] ability: Grassy Surge|[of] p1a: Rochet\n|-weather|RainDance|[from] ability: Drizzle|[of] p2a: cant tera\n|turn|1\n|\n|t:|1700357153\n|move|p1a: Rochet|U-turn|p2a: cant tera\n|-resisted|p2a: cant tera\n|-damage|p2a: cant tera|78\/100\n|\n|t:|1700357157\n|switch|p1a: Pellistri|Perrserker, M|100\/100|[from] U-turn\n|move|p2a: cant tera|Hurricane|p1a: Pellistri\n|-resisted|p1a: Pellistri\n|-damage|p1a: Pellistri|70\/100\n|\n|-weather|RainDance|[upkeep]\n|-heal|p1a: Pellistri|76\/100|[from] Grassy Terrain\n|-heal|p1a: Pellistri|82\/100|[from] item: Leftovers\n|upkeep\n|turn|2\n|\n|t:|1700357170\n|move|p1a: Pellistri|Fake Out|p2a: cant tera\n|-damage|p2a: cant tera|59\/100\n|cant|p2a: cant tera|flinch\n|\n|-weather|RainDance|[upkeep]\n|-heal|p1a: Pellistri|88\/100|[from] Grassy Terrain\n|-heal|p1a: Pellistri|94\/100|[from] item: Leftovers\n|upkeep\n|turn|3\n|\n|t:|1700357175\n|move|p1a: Pellistri|Protect|p1a: Pellistri\n|-singleturn|p1a: Pellistri|Protect\n|move|p2a: cant tera|U-turn|p1a: Pellistri\n|-activate|p1a: Pellistri|move: Protect\n|\n|-weather|RainDance|[upkeep]\n|-heal|p1a: Pellistri|99\/100|[from] Grassy Terrain\n|-heal|p1a: Pellistri|100\/100|[from] item: Leftovers\n|upkeep\n|turn|4\n|\n|t:|1700357181\n|move|p2a: cant tera|Knock Off|p1a: Pellistri\n|-damage|p1a: Pellistri|89\/100\n|-enditem|p1a: Pellistri|Leftovers|[from] move: Knock Off|[of] p2a: cant tera\n|move|p1a: Pellistri|Gyro Ball|p2a: cant tera\n|-resisted|p2a: cant tera\n|-damage|p2a: cant tera|37\/100\n|\n|-weather|RainDance|[upkeep]\n|-heal|p1a: Pellistri|95\/100|[from] Grassy Terrain\n|upkeep\n|turn|5\n|\n|t:|1700357186\n|-terastallize|p1a: Pellistri|Steel\n|move|p2a: cant tera|Roost|p2a: cant tera\n|-heal|p2a: cant tera|87\/100\n|-singleturn|p2a: cant tera|move: Roost\n|move|p1a: Pellistri|Gyro Ball|p2a: cant tera\n|-resisted|p2a: cant tera\n|-damage|p2a: cant tera|57\/100\n|\n|-weather|RainDance|[upkeep]\n|-heal|p2a: cant tera|63\/100|[from] Grassy Terrain\n|-heal|p1a: Pellistri|100\/100|[from] Grassy Terrain\n|-fieldend|move: Grassy Terrain\n|upkeep\n|turn|6\n|\n|t:|1700357204\n|switch|p2a: Rotom|Rotom-Mow|100\/100\n|move|p1a: Pellistri|Gyro Ball|p2a: Rotom\n|-resisted|p2a: Rotom\n|-damage|p2a: Rotom|34\/100\n|\n|-weather|RainDance|[upkeep]\n|upkeep\n|turn|7\n|\n|t:|1700357208\n|move|p2a: Rotom|Will-O-Wisp|p1a: Pellistri\n|-status|p1a: Pellistri|brn\n|move|p1a: Pellistri|Gyro Ball|p2a: Rotom\n|-resisted|p2a: Rotom\n|-damage|p2a: Rotom|0 fnt\n|faint|p2a: Rotom\n|\n|-weather|RainDance|[upkeep]\n|-damage|p1a: Pellistri|94\/100 brn|[from] brn\n|upkeep\n|\n|t:|1700357237\n|switch|p2a: can't tera|Thundurus, M|100\/100\n|turn|8\n|c| GrunkleConn|just realized bloop's entire team resists steel\n|\n|t:|1700357257\n|move|p1a: Pellistri|Protect|p1a: Pellistri\n|-singleturn|p1a: Pellistri|Protect\n|move|p2a: can't tera|Weather Ball|p1a: Pellistri\n|-activate|p1a: Pellistri|move: Protect\n|\n|-weather|none\n|-damage|p1a: Pellistri|88\/100 brn|[from] brn\n|upkeep\n|turn|9\n|\n|t:|1700357272\n|switch|p2a: cant tera|Pelipper, F|63\/100\n|-weather|RainDance|[from] ability: Drizzle|[of] p2a: cant tera\n|switch|p1a: Darwin N\u00fa\u00f1ez|Iron Thorns|100\/100\n|\n|-weather|RainDance|[upkeep]\n|upkeep\n|turn|10\n|inactive|Battle timer is ON: inactive players will automatically lose when time's up. (requested by RamPamPam888)\n|\n|t:|1700357277\n|move|p2a: cant tera|U-turn|p1a: Darwin N\u00fa\u00f1ez\n|-damage|p1a: Darwin N\u00fa\u00f1ez|92\/100\n|\n|t:|1700357281\n|switch|p2a: Cannot tera|Walking Wake|100\/100|[from] U-turn\n|-enditem|p2a: Cannot tera|Booster Energy\n|-activate|p2a: Cannot tera|ability: Protosynthesis|[fromitem]\n|-start|p2a: Cannot tera|protosynthesisspe\n|move|p1a: Darwin N\u00fa\u00f1ez|Thunder|p2a: Cannot tera\n|-damage|p2a: Cannot tera|23\/100\n|\n|-weather|RainDance|[upkeep]\n|upkeep\n|turn|11\n|\n|t:|1700357300\n|-end|p1a: Darwin N\u00fa\u00f1ez|Quark Drive|[silent]\n|switch|p1a: Pellistri|Perrserker, M, tera:Steel|88\/100 brn\n|move|p2a: Cannot tera|Draco Meteor|p1a: Pellistri|[miss]\n|-miss|p2a: Cannot tera|p1a: Pellistri\n|\n|-weather|RainDance|[upkeep]\n|-damage|p1a: Pellistri|82\/100 brn|[from] brn\n|upkeep\n|turn|12\n|\n|t:|1700357307\n|-end|p2a: Cannot tera|Protosynthesis|[silent]\n|switch|p2a: Poliwrath|Poliwrath, F|100\/100\n|move|p1a: Pellistri|Fake Out|p2a: Poliwrath\n|-damage|p2a: Poliwrath|90\/100\n|\n|-weather|RainDance|[upkeep]\n|-damage|p1a: Pellistri|76\/100 brn|[from] brn\n|upkeep\n|turn|13\n|\n|t:|1700357312\n|move|p1a: Pellistri|Protect|p1a: Pellistri\n|-singleturn|p1a: Pellistri|Protect\n|move|p2a: Poliwrath|Close Combat|p1a: Pellistri\n|-activate|p1a: Pellistri|move: Protect\n|\n|-weather|RainDance|[upkeep]\n|-damage|p1a: Pellistri|70\/100 brn|[from] brn\n|upkeep\n|turn|14\n|inactive|RamPamPam888 has 270 seconds left.\n|\n|t:|1700357363\n|move|p2a: Poliwrath|Close Combat|p1a: Pellistri\n|-supereffective|p1a: Pellistri\n|-damage|p1a: Pellistri|0 fnt\n|-unboost|p2a: Poliwrath|def|1\n|-unboost|p2a: Poliwrath|spd|1\n|faint|p1a: Pellistri\n|\n|-weather|RainDance|[upkeep]\n|upkeep\n|\n|t:|1700357378\n|switch|p1a: Rochet|Rillaboom, F|100\/100\n|-fieldstart|move: Grassy Terrain|[from] ability: Grassy Surge|[of] p1a: Rochet\n|turn|15\n|\n|t:|1700357384\n|switch|p2a: can't tera|Thundurus, M|100\/100\n|move|p1a: Rochet|Grassy Glide|p2a: can't tera\n|-resisted|p2a: can't tera\n|-damage|p2a: can't tera|56\/100\n|\n|-weather|RainDance|[upkeep]\n|upkeep\n|turn|16\n|inactive|RamPamPam888 has 240 seconds left.\n|c|\u2606RamPamPam888|What a predicament\n|\n|t:|1700357422\n|switch|p1a: Ugarte|Toxicroak, M|100\/100\n|move|p2a: can't tera|Sludge Bomb|p1a: Ugarte\n|-resisted|p1a: Ugarte\n|-damage|p1a: Ugarte|76\/100\n|\n|-weather|none\n|-heal|p1a: Ugarte|83\/100|[from] Grassy Terrain\n|upkeep\n|turn|17\n|\n|t:|1700357430\n|move|p2a: can't tera|Thunderbolt|p1a: Ugarte\n|-damage|p1a: Ugarte|14\/100\n|move|p1a: Ugarte|Gunk Shot|p2a: can't tera\n|-damage|p2a: can't tera|0 fnt\n|faint|p2a: can't tera\n|-damage|p1a: Ugarte|4\/100|[from] item: Life Orb\n|\n|-heal|p1a: Ugarte|11\/100|[from] Grassy Terrain\n|upkeep\n|\n|t:|1700357434\n|switch|p2a: cant tera|Pelipper, F|63\/100\n|-weather|RainDance|[from] ability: Drizzle|[of] p2a: cant tera\n|turn|18\n|\n|t:|1700357439\n|move|p1a: Ugarte|Thunder Punch|p2a: cant tera\n|-supereffective|p2a: cant tera\n|-damage|p2a: cant tera|0 fnt\n|faint|p2a: cant tera\n|-damage|p1a: Ugarte|1\/100|[from] item: Life Orb\n|\n|-weather|RainDance|[upkeep]\n|-heal|p1a: Ugarte|13\/100|[from] ability: Dry Skin\n|-heal|p1a: Ugarte|19\/100|[from] Grassy Terrain\n|upkeep\n|\n|t:|1700357445\n|switch|p2a: Poliwrath|Poliwrath, F|90\/100\n|turn|19\n|\n|t:|1700357453\n|move|p2a: Poliwrath|Earthquake|p1a: Ugarte\n|-supereffective|p1a: Ugarte\n|-damage|p1a: Ugarte|0 fnt\n|faint|p1a: Ugarte\n|\n|-weather|RainDance|[upkeep]\n|-heal|p2a: Poliwrath|96\/100|[from] Grassy Terrain\n|-fieldend|move: Grassy Terrain\n|upkeep\n|\n|t:|1700357463\n|switch|p1a: De la Cruz|Hawlucha, M|100\/100\n|turn|20\n|\n|t:|1700357467\n|move|p2a: Poliwrath|Liquidation|p1a: De la Cruz\n|-damage|p1a: De la Cruz|15\/100\n|-unboost|p1a: De la Cruz|def|1\n|move|p1a: De la Cruz|Swords Dance|p1a: De la Cruz\n|-boost|p1a: De la Cruz|atk|2\n|\n|-weather|RainDance|[upkeep]\n|upkeep\n|turn|21\n|inactive|RamPamPam888 has 270 seconds left.\n|\n|t:|1700357478\n|switch|p1a: Rochet|Rillaboom, F|100\/100\n|-fieldstart|move: Grassy Terrain|[from] ability: Grassy Surge|[of] p1a: Rochet\n|move|p2a: Poliwrath|Liquidation|p1a: Rochet\n|-resisted|p1a: Rochet\n|-crit|p1a: Rochet\n|-damage|p1a: Rochet|48\/100\n|\n|-weather|RainDance|[upkeep]\n|-heal|p2a: Poliwrath|100\/100|[from] Grassy Terrain\n|-heal|p1a: Rochet|54\/100|[from] Grassy Terrain\n|upkeep\n|turn|22\n|inactive|RamPamPam888 has 270 seconds left.\n|\n|t:|1700357489\n|-terastallize|p2a: Poliwrath|Water\n|move|p2a: Poliwrath|Liquidation|p1a: Rochet\n|-resisted|p1a: Rochet\n|-damage|p1a: Rochet|15\/100\n|-unboost|p1a: Rochet|def|1\n|move|p1a: Rochet|Wood Hammer|p2a: Poliwrath\n|-supereffective|p2a: Poliwrath\n|-damage|p2a: Poliwrath|0 fnt\n|faint|p2a: Poliwrath\n|-damage|p1a: Rochet|0 fnt|[from] Recoil\n|faint|p1a: Rochet\n|\n|-weather|RainDance|[upkeep]\n|upkeep\n|\n|t:|1700357500\n|switch|p1a: De la Cruz|Hawlucha, M|15\/100\n|switch|p2a: Cannot tera|Walking Wake|23\/100\n|-enditem|p1a: De la Cruz|Grassy Seed\n|-boost|p1a: De la Cruz|def|1|[from] item: Grassy Seed\n|turn|23\n|\n|t:|1700357511\n|move|p1a: De la Cruz|Acrobatics|p2a: Cannot tera\n|-damage|p2a: Cannot tera|0 fnt\n|faint|p2a: Cannot tera\n|-end|p2a: Cannot tera|Protosynthesis|[silent]\n|\n|-weather|RainDance|[upkeep]\n|upkeep\n|\n|t:|1700357515\n|switch|p2a: Golduck|Golduck, F|100\/100\n|turn|24\n|\n|t:|1700357520\n|move|p1a: De la Cruz|Close Combat|p2a: Golduck\n|-damage|p2a: Golduck|31\/100\n|-unboost|p1a: De la Cruz|def|1\n|-unboost|p1a: De la Cruz|spd|1\n|move|p2a: Golduck|Surf|p1a: De la Cruz\n|-damage|p1a: De la Cruz|0 fnt\n|faint|p1a: De la Cruz\n|\n|-weather|RainDance|[upkeep]\n|-heal|p2a: Golduck|37\/100|[from] Grassy Terrain\n|upkeep\n|\n|t:|1700357524\n|switch|p1a: Darwin N\u00fa\u00f1ez|Iron Thorns|92\/100\n|turn|25\n|\n|t:|1700357527\n|move|p2a: Golduck|Surf|p1a: Darwin N\u00fa\u00f1ez\n|-supereffective|p1a: Darwin N\u00fa\u00f1ez\n|-damage|p1a: Darwin N\u00fa\u00f1ez|0 fnt\n|faint|p1a: Darwin N\u00fa\u00f1ez\n|-end|p1a: Darwin N\u00fa\u00f1ez|Quark Drive|[silent]\n|\n|-weather|none\n|-heal|p2a: Golduck|43\/100|[from] Grassy Terrain\n|-fieldend|move: Grassy Terrain\n|upkeep\n|\n|t:|1700357530\n|switch|p1a: Vi\u00f1a|Ditto|100\/100\n|-transform|p1a: Vi\u00f1a|p2a: Golduck|[from] ability: Imposter\n|turn|26\n|\n|t:|1700357532\n|move|p1a: Vi\u00f1a|Psychic|p2a: Golduck\n|-damage|p2a: Golduck|7\/100\n|move|p2a: Golduck|Surf|p1a: Vi\u00f1a\n|-resisted|p1a: Vi\u00f1a\n|-damage|p1a: Vi\u00f1a|60\/100\n|\n|upkeep\n|turn|27\n|c|\u2606godiamsosorry|Gg\n|\n|t:|1700357537\n|move|p1a: Vi\u00f1a|Psychic|p2a: Golduck\n|-damage|p2a: Golduck|0 fnt\n|faint|p2a: Golduck\n|\n|win|RamPamPam888\n|c|\u2606RamPamPam888|gg\n|l|\u2606godiamsosorry\n|c| GrunkleConn|ram was cooking\n|c| GrunkleConn|ggwp\n|l| Mr. Kessler\n","uploadtime":1700357607,"views":23,"p1id":"rampampam888","p2id":"godiamsosorry","formatid":"gen9ou","rating":0,"private":0,"password":""}