{"id":"gen9ou-1996988351","p1":"ChillLanturnYT","p2":"BingloWizard700023","format":"[Gen 9] OU","log":"|j|\u2606ChillLanturnYT\n|j|\u2606BingloWizard700023\n|t:|1700752989\n|gametype|singles\n|player|p1|ChillLanturnYT|palmer|1322\n|player|p2|BingloWizard700023|brycenman|1325\n|teamsize|p1|6\n|teamsize|p2|6\n|gen|9\n|tier|[Gen 9] OU\n|rated|\n|rule|Sleep Clause Mod: Limit one foe put to sleep\n|rule|Species Clause: Limit one of each Pok\u00e9mon\n|rule|OHKO Clause: OHKO moves are banned\n|rule|Evasion Items Clause: Evasion items are banned\n|rule|Evasion Moves Clause: Evasion moves are banned\n|rule|Endless Battle Clause: Forcing endless battles is banned\n|rule|HP Percentage Mod: HP is shown in percentages\n|clearpoke\n|poke|p1|Revavroom, F|\n|poke|p1|Landorus-Therian, M|\n|poke|p1|Ceruledge, M|\n|poke|p1|Rillaboom, M|\n|poke|p1|Cinderace, F|\n|poke|p1|Zamazenta-*|\n|poke|p2|Poliwrath, M|\n|poke|p2|Pelipper, F|\n|poke|p2|Overqwil, F|\n|poke|p2|Rillaboom, F|\n|poke|p2|Iron Treads|\n|poke|p2|Zapdos|\n|teampreview\n|\n|t:|1700753020\n|start\n|switch|p1a: Revavroom|Revavroom, F|100\/100\n|switch|p2a: Rillaboom|Rillaboom, F|100\/100\n|-fieldstart|move: Grassy Terrain|[from] ability: Grassy Surge|[of] p2a: Rillaboom\n|turn|1\n|\n|t:|1700753024\n|move|p1a: Revavroom|Shift Gear|p1a: Revavroom\n|-boost|p1a: Revavroom|spe|2\n|-boost|p1a: Revavroom|atk|1\n|move|p2a: Rillaboom|U-turn|p1a: Revavroom\n|-resisted|p1a: Revavroom\n|-damage|p1a: Revavroom|88\/100\n|\n|t:|1700753027\n|switch|p2a: Overqwil|Overqwil, F|100\/100|[from] U-turn\n|\n|-heal|p1a: Revavroom|94\/100|[from] Grassy Terrain\n|upkeep\n|turn|2\n|\n|t:|1700753040\n|move|p1a: Revavroom|Iron Head|p2a: Overqwil\n|-damage|p2a: Overqwil|33\/100\n|cant|p2a: Overqwil|flinch\n|\n|-heal|p1a: Revavroom|99\/100|[from] Grassy Terrain\n|-heal|p2a: Overqwil|39\/100|[from] Grassy Terrain\n|upkeep\n|turn|3\n|\n|t:|1700753046\n|move|p1a: Revavroom|Iron Head|p2a: Overqwil\n|-damage|p2a: Overqwil|0 fnt\n|faint|p2a: Overqwil\n|\n|-heal|p1a: Revavroom|100\/100|[from] Grassy Terrain\n|upkeep\n|\n|t:|1700753050\n|switch|p2a: Iron Treads|Iron Treads|100\/100\n|turn|4\n|\n|t:|1700753054\n|switch|p1a: Landorus|Landorus-Therian, M|100\/100\n|-ability|p1a: Landorus|Intimidate|boost\n|-unboost|p2a: Iron Treads|atk|1\n|move|p2a: Iron Treads|Earth Power|p1a: Landorus\n|-immune|p1a: Landorus\n|\n|upkeep\n|turn|5\n|\n|t:|1700753062\n|-end|p2a: Iron Treads|Quark Drive|[silent]\n|switch|p2a: Pelipper|Pelipper, F|100\/100\n|-weather|RainDance|[from] ability: Drizzle|[of] p2a: Pelipper\n|move|p1a: Landorus|Stealth Rock|p2a: Pelipper\n|-sidestart|p2: BingloWizard700023|move: Stealth Rock\n|\n|-weather|RainDance|[upkeep]\n|-fieldend|move: Grassy Terrain\n|upkeep\n|turn|6\n|\n|t:|1700753066\n|move|p1a: Landorus|Protect|p1a: Landorus\n|-singleturn|p1a: Landorus|Protect\n|move|p2a: Pelipper|Surf|p1a: Landorus\n|-activate|p1a: Landorus|move: Protect\n|\n|-weather|RainDance|[upkeep]\n|upkeep\n|turn|7\n|\n|t:|1700753072\n|switch|p1a: Rillaboom|Rillaboom, M|100\/100\n|-fieldstart|move: Grassy Terrain|[from] ability: Grassy Surge|[of] p1a: Rillaboom\n|move|p2a: Pelipper|U-turn|p1a: Rillaboom\n|-supereffective|p1a: Rillaboom\n|-damage|p1a: Rillaboom|83\/100\n|\n|t:|1700753077\n|switch|p2a: Poliwrath|Poliwrath, M|100\/100|[from] U-turn\n|-damage|p2a: Poliwrath|94\/100|[from] Stealth Rock\n|\n|-weather|RainDance|[upkeep]\n|-heal|p2a: Poliwrath|100\/100|[from] Grassy Terrain\n|-heal|p1a: Rillaboom|89\/100|[from] Grassy Terrain\n|upkeep\n|turn|8\n|\n|t:|1700753096\n|-terastallize|p2a: Poliwrath|Poison\n|move|p1a: Rillaboom|Grassy Glide|p2a: Poliwrath\n|-resisted|p2a: Poliwrath\n|-damage|p2a: Poliwrath|71\/100\n|move|p2a: Poliwrath|Belly Drum|p2a: Poliwrath\n|-damage|p2a: Poliwrath|21\/100\n|-setboost|p2a: Poliwrath|atk|6|[from] move: Belly Drum\n|-enditem|p2a: Poliwrath|Sitrus Berry|[eat]\n|-heal|p2a: Poliwrath|46\/100|[from] item: Sitrus Berry\n|\n|-weather|RainDance|[upkeep]\n|-heal|p2a: Poliwrath|52\/100|[from] Grassy Terrain\n|-heal|p1a: Rillaboom|95\/100|[from] Grassy Terrain\n|upkeep\n|turn|9\n|\n|t:|1700753109\n|switch|p1a: Landorus|Landorus-Therian, M|100\/100\n|-ability|p1a: Landorus|Intimidate|boost\n|-unboost|p2a: Poliwrath|atk|1\n|move|p2a: Poliwrath|Drain Punch|p1a: Landorus\n|-resisted|p1a: Landorus\n|-damage|p1a: Landorus|63\/100\n|-heal|p2a: Poliwrath|75\/100|[from] drain|[of] p1a: Landorus\n|\n|-weather|RainDance|[upkeep]\n|-heal|p2a: Poliwrath|81\/100|[from] Grassy Terrain\n|-heal|p1a: Landorus|69\/100|[from] item: Leftovers\n|upkeep\n|turn|10\n|\n|t:|1700753117\n|move|p1a: Landorus|Protect|p1a: Landorus\n|-singleturn|p1a: Landorus|Protect\n|move|p2a: Poliwrath|Liquidation|p1a: Landorus\n|-activate|p1a: Landorus|move: Protect\n|\n|-weather|RainDance|[upkeep]\n|-heal|p2a: Poliwrath|87\/100|[from] Grassy Terrain\n|-heal|p1a: Landorus|75\/100|[from] item: Leftovers\n|upkeep\n|turn|11\n|\n|t:|1700753123\n|switch|p1a: Cinderace|Cinderace, F|100\/100\n|move|p2a: Poliwrath|Tera Blast|p1a: Cinderace|[anim] Tera Blast Poison\n|-damage|p1a: Cinderace|0 fnt\n|faint|p1a: Cinderace\n|\n|-weather|RainDance|[upkeep]\n|-heal|p2a: Poliwrath|93\/100|[from] Grassy Terrain\n|-fieldend|move: Grassy Terrain\n|upkeep\n|\n|t:|1700753129\n|switch|p1a: Landorus|Landorus-Therian, M|75\/100\n|-ability|p1a: Landorus|Intimidate|boost\n|-unboost|p2a: Poliwrath|atk|1\n|turn|12\n|\n|t:|1700753134\n|move|p1a: Landorus|Protect|p1a: Landorus\n|-singleturn|p1a: Landorus|Protect\n|move|p2a: Poliwrath|Belly Drum|p2a: Poliwrath\n|-damage|p2a: Poliwrath|43\/100\n|-setboost|p2a: Poliwrath|atk|6|[from] move: Belly Drum\n|\n|-weather|none\n|-heal|p1a: Landorus|81\/100|[from] item: Leftovers\n|upkeep\n|turn|13\n|l|\u2606ChillLanturnYT\n|player|p1|\n|inactive|Battle timer is ON: inactive players will automatically lose when time's up. (requested by BingloWizard700023)\n|inactive|ChillLanturnYT has 30 seconds to reconnect!\n|j|\u2606ChillLanturnYT\n|inactive|ChillLanturnYT reconnected and has 120 seconds left.\n|player|p1|ChillLanturnYT|palmer\n|\n|t:|1700753222\n|move|p2a: Poliwrath|Drain Punch|p1a: Landorus\n|-resisted|p1a: Landorus\n|-damage|p1a: Landorus|35\/100\n|-heal|p2a: Poliwrath|70\/100|[from] drain|[of] p1a: Landorus\n|move|p1a: Landorus|Earthquake|p2a: Poliwrath\n|-supereffective|p2a: Poliwrath\n|-damage|p2a: Poliwrath|0 fnt\n|faint|p2a: Poliwrath\n|\n|-heal|p1a: Landorus|41\/100|[from] item: Leftovers\n|upkeep\n|l|\u2606ChillLanturnYT\n|inactive|ChillLanturnYT disconnected and has a minute to reconnect!\n|player|p1|\n|\n|t:|1700753233\n|switch|p2a: Pelipper|Pelipper, F|100\/100\n|-damage|p2a: Pelipper|76\/100|[from] Stealth Rock\n|-weather|RainDance|[from] ability: Drizzle|[of] p2a: Pelipper\n|turn|14\n|j|\u2606ChillLanturnYT\n|inactive|ChillLanturnYT reconnected and has 145 seconds left.\n|player|p1|ChillLanturnYT|palmer\n|\n|t:|1700753242\n|move|p1a: Landorus|Protect|p1a: Landorus\n|-singleturn|p1a: Landorus|Protect\n|move|p2a: Pelipper|Surf|p1a: Landorus\n|-activate|p1a: Landorus|move: Protect\n|\n|-weather|RainDance|[upkeep]\n|-heal|p1a: Landorus|47\/100|[from] item: Leftovers\n|upkeep\n|turn|15\n|\n|t:|1700753250\n|switch|p1a: Rillaboom|Rillaboom, M|95\/100\n|-fieldstart|move: Grassy Terrain|[from] ability: Grassy Surge|[of] p1a: Rillaboom\n|move|p2a: Pelipper|Hurricane|p1a: Rillaboom\n|-supereffective|p1a: Rillaboom\n|-damage|p1a: Rillaboom|5\/100\n|\n|-weather|RainDance|[upkeep]\n|-heal|p1a: Rillaboom|11\/100|[from] Grassy Terrain\n|upkeep\n|turn|16\n|\n|t:|1700753261\n|move|p1a: Rillaboom|Wood Hammer|p2a: Pelipper\n|-damage|p2a: Pelipper|0 fnt\n|faint|p2a: Pelipper\n|-damage|p1a: Rillaboom|0 fnt|[from] Recoil\n|faint|p1a: Rillaboom\n|\n|-weather|RainDance|[upkeep]\n|upkeep\n|\n|t:|1700753273\n|switch|p1a: Landorus|Landorus-Therian, M|47\/100\n|switch|p2a: Zapdos|Zapdos|100\/100\n|-ability|p1a: Landorus|Intimidate|boost\n|-unboost|p2a: Zapdos|atk|1\n|turn|17\n|\n|t:|1700753278\n|move|p1a: Landorus|Protect|p1a: Landorus\n|-singleturn|p1a: Landorus|Protect\n|move|p2a: Zapdos|Hurricane|p1a: Landorus\n|-activate|p1a: Landorus|move: Protect\n|\n|-weather|RainDance|[upkeep]\n|-heal|p1a: Landorus|53\/100|[from] item: Leftovers\n|upkeep\n|turn|18\n|\n|t:|1700753284\n|move|p2a: Zapdos|Hurricane|p1a: Landorus\n|-damage|p1a: Landorus|0 fnt\n|faint|p1a: Landorus\n|\n|-weather|RainDance|[upkeep]\n|upkeep\n|\n|t:|1700753305\n|switch|p1a: Ceruledge|Ceruledge, M|100\/100\n|turn|19\n|\n|t:|1700753308\n|move|p2a: Zapdos|Weather Ball|p1a: Ceruledge\n|-supereffective|p1a: Ceruledge\n|-enditem|p1a: Ceruledge|Focus Sash\n|-damage|p1a: Ceruledge|1\/100\n|move|p1a: Ceruledge|Swords Dance|p1a: Ceruledge\n|-boost|p1a: Ceruledge|atk|2\n|\n|-weather|RainDance|[upkeep]\n|-heal|p1a: Ceruledge|7\/100|[from] Grassy Terrain\n|-fieldend|move: Grassy Terrain\n|upkeep\n|turn|20\n|\n|t:|1700753331\n|move|p1a: Ceruledge|Shadow Sneak|p2a: Zapdos\n|-damage|p2a: Zapdos|48\/100\n|-status|p1a: Ceruledge|par|[from] ability: Static|[of] p2a: Zapdos\n|move|p2a: Zapdos|Weather Ball|p1a: Ceruledge\n|-supereffective|p1a: Ceruledge\n|-damage|p1a: Ceruledge|0 fnt\n|faint|p1a: Ceruledge\n|\n|-weather|RainDance|[upkeep]\n|upkeep\n|\n|t:|1700753336\n|switch|p1a: Revavroom|Revavroom, F|100\/100\n|turn|21\n|\n|t:|1700753342\n|move|p2a: Zapdos|Thunder|p1a: Revavroom\n|-damage|p1a: Revavroom|18\/100\n|-status|p1a: Revavroom|par\n|move|p1a: Revavroom|Shift Gear|p1a: Revavroom\n|-boost|p1a: Revavroom|spe|2\n|-boost|p1a: Revavroom|atk|1\n|\n|-weather|none\n|upkeep\n|turn|22\n|\n|t:|1700753350\n|move|p2a: Zapdos|Thunder|p1a: Revavroom|[miss]\n|-miss|p2a: Zapdos|p1a: Revavroom\n|cant|p1a: Revavroom|par\n|\n|upkeep\n|turn|23\n|\n|t:|1700753355\n|move|p2a: Zapdos|Thunder|p1a: Revavroom\n|-damage|p1a: Revavroom|0 fnt\n|faint|p1a: Revavroom\n|\n|upkeep\n|\n|t:|1700753357\n|switch|p1a: Zamazenta|Zamazenta|100\/100\n|-ability|p1a: Zamazenta|Dauntless Shield|boost\n|-boost|p1a: Zamazenta|def|1\n|turn|24\n|\n|t:|1700753364\n|-terastallize|p1a: Zamazenta|Steel\n|move|p1a: Zamazenta|Substitute|p1a: Zamazenta\n|-start|p1a: Zamazenta|Substitute\n|-damage|p1a: Zamazenta|76\/100\n|move|p2a: Zapdos|Thunder|p1a: Zamazenta\n|-end|p1a: Zamazenta|Substitute\n|\n|-heal|p1a: Zamazenta|82\/100|[from] item: Leftovers\n|upkeep\n|turn|25\n|\n|t:|1700753372\n|switch|p2a: Iron Treads|Iron Treads|100\/100\n|-damage|p2a: Iron Treads|97\/100|[from] Stealth Rock\n|move|p1a: Zamazenta|Substitute|p1a: Zamazenta\n|-start|p1a: Zamazenta|Substitute\n|-damage|p1a: Zamazenta|57\/100\n|\n|-heal|p1a: Zamazenta|63\/100|[from] item: Leftovers\n|upkeep\n|turn|26\n|\n|t:|1700753375\n|move|p1a: Zamazenta|Iron Defense|p1a: Zamazenta\n|-boost|p1a: Zamazenta|def|2\n|move|p2a: Iron Treads|Earth Power|p1a: Zamazenta\n|-supereffective|p1a: Zamazenta\n|-end|p1a: Zamazenta|Substitute\n|\n|-heal|p1a: Zamazenta|69\/100|[from] item: Leftovers\n|upkeep\n|turn|27\n|\n|t:|1700753379\n|move|p1a: Zamazenta|Body Press|p2a: Iron Treads\n|-supereffective|p2a: Iron Treads\n|-damage|p2a: Iron Treads|0 fnt\n|faint|p2a: Iron Treads\n|-end|p2a: Iron Treads|Quark Drive|[silent]\n|\n|-heal|p1a: Zamazenta|76\/100|[from] item: Leftovers\n|upkeep\n|\n|t:|1700753381\n|switch|p2a: Rillaboom|Rillaboom, F|100\/100\n|-damage|p2a: Rillaboom|88\/100|[from] Stealth Rock\n|-fieldstart|move: Grassy Terrain|[from] ability: Grassy Surge|[of] p2a: Rillaboom\n|turn|28\n|\n|t:|1700753384\n|move|p1a: Zamazenta|Substitute|p1a: Zamazenta\n|-start|p1a: Zamazenta|Substitute\n|-damage|p1a: Zamazenta|51\/100\n|move|p2a: Rillaboom|Wood Hammer|p1a: Zamazenta\n|-resisted|p1a: Zamazenta\n|-activate|p1a: Zamazenta|move: Substitute|[damage]\n|-damage|p2a: Rillaboom|81\/100|[from] Recoil|[of] p1a: Zamazenta\n|\n|-heal|p1a: Zamazenta|57\/100|[from] Grassy Terrain\n|-heal|p1a: Zamazenta|63\/100|[from] item: Leftovers\n|-heal|p2a: Rillaboom|87\/100|[from] Grassy Terrain\n|upkeep\n|turn|29\n|\n|t:|1700753388\n|move|p1a: Zamazenta|Iron Defense|p1a: Zamazenta\n|-boost|p1a: Zamazenta|def|2\n|move|p2a: Rillaboom|Wood Hammer|p1a: Zamazenta\n|-resisted|p1a: Zamazenta\n|-end|p1a: Zamazenta|Substitute\n|-damage|p2a: Rillaboom|85\/100|[from] Recoil|[of] p1a: Zamazenta\n|\n|-heal|p1a: Zamazenta|69\/100|[from] Grassy Terrain\n|-heal|p1a: Zamazenta|76\/100|[from] item: Leftovers\n|-heal|p2a: Rillaboom|91\/100|[from] Grassy Terrain\n|upkeep\n|turn|30\n|\n|t:|1700753390\n|move|p1a: Zamazenta|Substitute|p1a: Zamazenta\n|-start|p1a: Zamazenta|Substitute\n|-damage|p1a: Zamazenta|51\/100\n|move|p2a: Rillaboom|Wood Hammer|p1a: Zamazenta\n|-resisted|p1a: Zamazenta\n|-activate|p1a: Zamazenta|move: Substitute|[damage]\n|-damage|p2a: Rillaboom|85\/100|[from] Recoil|[of] p1a: Zamazenta\n|\n|-heal|p1a: Zamazenta|57\/100|[from] Grassy Terrain\n|-heal|p1a: Zamazenta|63\/100|[from] item: Leftovers\n|-heal|p2a: Rillaboom|91\/100|[from] Grassy Terrain\n|upkeep\n|turn|31\n|\n|t:|1700753393\n|move|p1a: Zamazenta|Iron Defense|p1a: Zamazenta\n|-boost|p1a: Zamazenta|def|1\n|move|p2a: Rillaboom|Wood Hammer|p1a: Zamazenta\n|-resisted|p1a: Zamazenta\n|-crit|p1a: Zamazenta\n|-end|p1a: Zamazenta|Substitute\n|-damage|p2a: Rillaboom|88\/100|[from] Recoil|[of] p1a: Zamazenta\n|\n|-heal|p1a: Zamazenta|69\/100|[from] Grassy Terrain\n|-heal|p1a: Zamazenta|76\/100|[from] item: Leftovers\n|-heal|p2a: Rillaboom|94\/100|[from] Grassy Terrain\n|upkeep\n|turn|32\n|\n|t:|1700753395\n|move|p1a: Zamazenta|Substitute|p1a: Zamazenta\n|-start|p1a: Zamazenta|Substitute\n|-damage|p1a: Zamazenta|51\/100\n|move|p2a: Rillaboom|Wood Hammer|p1a: Zamazenta\n|-resisted|p1a: Zamazenta\n|-activate|p1a: Zamazenta|move: Substitute|[damage]\n|-damage|p2a: Rillaboom|89\/100|[from] Recoil|[of] p1a: Zamazenta\n|\n|-heal|p1a: Zamazenta|57\/100|[from] Grassy Terrain\n|-heal|p1a: Zamazenta|63\/100|[from] item: Leftovers\n|-heal|p2a: Rillaboom|96\/100|[from] Grassy Terrain\n|-fieldend|move: Grassy Terrain\n|upkeep\n|turn|33\n|\n|t:|1700753396\n|move|p1a: Zamazenta|Body Press|p2a: Rillaboom\n|-damage|p2a: Rillaboom|0 fnt\n|faint|p2a: Rillaboom\n|\n|-heal|p1a: Zamazenta|69\/100|[from] item: Leftovers\n|upkeep\n|\n|t:|1700753398\n|switch|p2a: Zapdos|Zapdos|48\/100\n|turn|34\n|\n|t:|1700753403\n|move|p1a: Zamazenta|Body Press|p2a: Zapdos\n|-resisted|p2a: Zapdos\n|-damage|p2a: Zapdos|0 fnt\n|faint|p2a: Zapdos\n|\n|win|ChillLanturnYT\n|raw|ChillLanturnYT's rating: 1322 &rarr; <strong>1342<\/strong><br \/>(+20 for winning)\n|raw|BingloWizard700023's rating: 1325 &rarr; <strong>1305<\/strong><br \/>(-20 for losing)\n","uploadtime":1700753407,"views":0,"p1id":"chilllanturnyt","p2id":"binglowizard700023","formatid":"gen9ou","rating":1305,"private":0,"password":""}