{"id":"gen9ou-1993903801","p1":"PersisIndianGrill","p2":"trialteam98","format":"[Gen 9] OU","log":"|j|\u2606PersisIndianGrill\n|j|\u2606trialteam98\n|t:|1700372860\n|gametype|singles\n|player|p1|PersisIndianGrill|266|1320\n|player|p2|trialteam98|lady-gen4|1213\n|teamsize|p1|6\n|teamsize|p2|6\n|gen|9\n|tier|[Gen 9] OU\n|rated|\n|rule|Sleep Clause Mod: Limit one foe put to sleep\n|rule|Species Clause: Limit one of each Pok\u00e9mon\n|rule|OHKO Clause: OHKO moves are banned\n|rule|Evasion Items Clause: Evasion items are banned\n|rule|Evasion Moves Clause: Evasion moves are banned\n|rule|Endless Battle Clause: Forcing endless battles is banned\n|rule|HP Percentage Mod: HP is shown in percentages\n|clearpoke\n|poke|p1|Great Tusk|\n|poke|p1|Dragonite, M|\n|poke|p1|Skeledirge, F|\n|poke|p1|Amoonguss, M|\n|poke|p1|Iron Valiant|\n|poke|p1|Rotom-Wash|\n|poke|p2|Gardevoir, M|\n|poke|p2|Garchomp, M|\n|poke|p2|Dragapult, M|\n|poke|p2|Dragonite, F|\n|poke|p2|Gyarados, M|\n|poke|p2|Iron Treads|\n|teampreview\n|\n|t:|1700372873\n|start\n|switch|p1a: Amoonguss|Amoonguss, M|100\/100\n|switch|p2a: Cynthia|Garchomp, M|100\/100\n|turn|1\n|\n|t:|1700372879\n|move|p2a: Cynthia|Iron Head|p1a: Amoonguss\n|-damage|p1a: Amoonguss|70\/100\n|cant|p1a: Amoonguss|flinch\n|\n|-heal|p1a: Amoonguss|76\/100|[from] item: Leftovers\n|upkeep\n|turn|2\n|\n|t:|1700372887\n|move|p2a: Cynthia|Iron Head|p1a: Amoonguss\n|-damage|p1a: Amoonguss|46\/100\n|cant|p1a: Amoonguss|flinch\n|\n|-heal|p1a: Amoonguss|52\/100|[from] item: Leftovers\n|upkeep\n|turn|3\n|\n|t:|1700372891\n|move|p1a: Amoonguss|Protect|p1a: Amoonguss\n|-singleturn|p1a: Amoonguss|Protect\n|move|p2a: Cynthia|Iron Head|p1a: Amoonguss\n|-activate|p1a: Amoonguss|move: Protect\n|\n|-heal|p1a: Amoonguss|59\/100|[from] item: Leftovers\n|upkeep\n|turn|4\n|\n|t:|1700372895\n|move|p2a: Cynthia|Iron Head|p1a: Amoonguss\n|-damage|p1a: Amoonguss|28\/100\n|move|p1a: Amoonguss|Giga Drain|p2a: Cynthia\n|-damage|p2a: Cynthia|76\/100\n|-heal|p1a: Amoonguss|38\/100|[from] drain|[of] p2a: Cynthia\n|\n|-heal|p1a: Amoonguss|44\/100|[from] item: Leftovers\n|upkeep\n|turn|5\n|\n|t:|1700372903\n|move|p1a: Amoonguss|Protect|p1a: Amoonguss\n|-singleturn|p1a: Amoonguss|Protect\n|move|p2a: Cynthia|Iron Head|p1a: Amoonguss\n|-activate|p1a: Amoonguss|move: Protect\n|\n|-heal|p1a: Amoonguss|51\/100|[from] item: Leftovers\n|upkeep\n|turn|6\n|\n|t:|1700372908\n|move|p2a: Cynthia|Iron Head|p1a: Amoonguss\n|-damage|p1a: Amoonguss|22\/100\n|cant|p1a: Amoonguss|flinch\n|\n|-heal|p1a: Amoonguss|28\/100|[from] item: Leftovers\n|upkeep\n|turn|7\n|\n|t:|1700372915\n|move|p1a: Amoonguss|Protect|p1a: Amoonguss\n|-singleturn|p1a: Amoonguss|Protect\n|move|p2a: Cynthia|Stealth Rock|p1a: Amoonguss\n|-sidestart|p1: PersisIndianGrill|move: Stealth Rock\n|\n|-heal|p1a: Amoonguss|34\/100|[from] item: Leftovers\n|upkeep\n|turn|8\n|\n|t:|1700372922\n|move|p2a: Cynthia|Iron Head|p1a: Amoonguss\n|-damage|p1a: Amoonguss|6\/100\n|move|p1a: Amoonguss|Giga Drain|p2a: Cynthia\n|-damage|p2a: Cynthia|52\/100\n|-heal|p1a: Amoonguss|16\/100|[from] drain|[of] p2a: Cynthia\n|\n|-heal|p1a: Amoonguss|22\/100|[from] item: Leftovers\n|upkeep\n|turn|9\n|inactive|Battle timer is ON: inactive players will automatically lose when time's up. (requested by PersisIndianGrill)\n|\n|t:|1700372931\n|move|p1a: Amoonguss|Protect|p1a: Amoonguss\n|-singleturn|p1a: Amoonguss|Protect\n|move|p2a: Cynthia|Earthquake|p1a: Amoonguss\n|-activate|p1a: Amoonguss|move: Protect\n|\n|-heal|p1a: Amoonguss|29\/100|[from] item: Leftovers\n|upkeep\n|turn|10\n|\n|t:|1700372937\n|move|p2a: Cynthia|Iron Head|p1a: Amoonguss\n|-damage|p1a: Amoonguss|1\/100\n|move|p1a: Amoonguss|Giga Drain|p2a: Cynthia\n|-damage|p2a: Cynthia|25\/100\n|-heal|p1a: Amoonguss|13\/100|[from] drain|[of] p2a: Cynthia\n|\n|-heal|p1a: Amoonguss|19\/100|[from] item: Leftovers\n|upkeep\n|turn|11\n|\n|t:|1700372944\n|move|p1a: Amoonguss|Protect|p1a: Amoonguss\n|-singleturn|p1a: Amoonguss|Protect\n|move|p2a: Cynthia|Iron Head|p1a: Amoonguss\n|-activate|p1a: Amoonguss|move: Protect\n|\n|-heal|p1a: Amoonguss|25\/100|[from] item: Leftovers\n|upkeep\n|turn|12\n|\n|t:|1700372951\n|move|p2a: Cynthia|Earthquake|p1a: Amoonguss\n|-damage|p1a: Amoonguss|0 fnt\n|faint|p1a: Amoonguss\n|\n|upkeep\n|\n|t:|1700372962\n|switch|p1a: Great Tusk|Great Tusk|100\/100\n|-damage|p1a: Great Tusk|98\/100|[from] Stealth Rock\n|-enditem|p1a: Great Tusk|Booster Energy\n|-activate|p1a: Great Tusk|ability: Protosynthesis|[fromitem]\n|-start|p1a: Great Tusk|protosynthesisatk\n|turn|13\n|\n|t:|1700372969\n|switch|p2a: Leon|Dragapult, M|100\/100\n|move|p1a: Great Tusk|Knock Off|p2a: Leon\n|-supereffective|p2a: Leon\n|-damage|p2a: Leon|0 fnt\n|-enditem|p2a: Leon|Life Orb|[from] move: Knock Off|[of] p1a: Great Tusk\n|faint|p2a: Leon\n|\n|upkeep\n|\n|t:|1700372979\n|switch|p2a: Lance|Gyarados, M, shiny|100\/100\n|turn|14\n|\n|t:|1700372985\n|move|p2a: Lance|Waterfall|p1a: Great Tusk\n|-supereffective|p1a: Great Tusk\n|-damage|p1a: Great Tusk|42\/100\n|cant|p1a: Great Tusk|flinch\n|\n|upkeep\n|turn|15\n|\n|t:|1700372991\n|-end|p1a: Great Tusk|Protosynthesis|[silent]\n|switch|p1a: Rotom|Rotom-Wash|100\/100\n|-damage|p1a: Rotom|88\/100|[from] Stealth Rock\n|move|p2a: Lance|Waterfall|p1a: Rotom\n|-resisted|p1a: Rotom\n|-damage|p1a: Rotom|63\/100\n|\n|-heal|p1a: Rotom|69\/100|[from] item: Leftovers\n|upkeep\n|turn|16\n|\n|t:|1700373002\n|switch|p2a: Cynthia|Garchomp, M|25\/100\n|move|p1a: Rotom|Will-O-Wisp|p2a: Cynthia\n|-status|p2a: Cynthia|brn\n|\n|-heal|p1a: Rotom|76\/100|[from] item: Leftovers\n|-damage|p2a: Cynthia|19\/100 brn|[from] brn\n|upkeep\n|turn|17\n|\n|t:|1700373009\n|move|p2a: Cynthia|Poison Jab|p1a: Rotom\n|-damage|p1a: Rotom|57\/100\n|move|p1a: Rotom|Shadow Ball|p2a: Cynthia\n|-damage|p2a: Cynthia|0 fnt\n|faint|p2a: Cynthia\n|\n|-heal|p1a: Rotom|63\/100|[from] item: Leftovers\n|upkeep\n|\n|t:|1700373016\n|switch|p2a: Diantha|Gardevoir, M|100\/100\n|turn|18\n|\n|t:|1700373024\n|move|p2a: Diantha|Moonblast|p1a: Rotom\n|-damage|p1a: Rotom|1\/100\n|move|p1a: Rotom|Discharge|p2a: Diantha\n|-damage|p2a: Diantha|63\/100\n|\n|-heal|p1a: Rotom|7\/100|[from] item: Leftovers\n|upkeep\n|turn|19\n|\n|t:|1700373042\n|switch|p1a: Skeledirge|Skeledirge, F|100\/100\n|move|p2a: Diantha|Moonblast|p1a: Skeledirge\n|-resisted|p1a: Skeledirge\n|-damage|p1a: Skeledirge|84\/100\n|\n|upkeep\n|turn|20\n|\n|t:|1700373050\n|switch|p2a: Lance|Gyarados, M, shiny|100\/100\n|move|p1a: Skeledirge|Will-O-Wisp|p2a: Lance\n|-status|p2a: Lance|brn\n|\n|-damage|p2a: Lance|94\/100 brn|[from] brn\n|upkeep\n|turn|21\n|\n|t:|1700373062\n|switch|p1a: Rotom|Rotom-Wash|7\/100\n|-damage|p1a: Rotom|0 fnt|[from] Stealth Rock\n|faint|p1a: Rotom\n|move|p2a: Lance|Waterfall|p1: Rotom|[notarget]\n|-fail|p2a: Lance\n|\n|-damage|p2a: Lance|88\/100 brn|[from] brn\n|upkeep\n|\n|t:|1700373070\n|switch|p1a: Great Tusk|Great Tusk|42\/100\n|-damage|p1a: Great Tusk|39\/100|[from] Stealth Rock\n|turn|22\n|\n|t:|1700373074\n|move|p2a: Lance|Waterfall|p1a: Great Tusk\n|-supereffective|p1a: Great Tusk\n|-damage|p1a: Great Tusk|10\/100\n|move|p1a: Great Tusk|Rapid Spin|p2a: Lance\n|-damage|p2a: Lance|67\/100 brn\n|-boost|p1a: Great Tusk|spe|1\n|-sideend|p1: PersisIndianGrill|Stealth Rock|[from] move: Rapid Spin|[of] p1a: Great Tusk\n|\n|-damage|p2a: Lance|61\/100 brn|[from] brn\n|upkeep\n|turn|23\n|\n|t:|1700373083\n|move|p1a: Great Tusk|Knock Off|p2a: Lance\n|-damage|p2a: Lance|22\/100 brn\n|-enditem|p2a: Lance|Choice Scarf|[from] move: Knock Off|[of] p1a: Great Tusk\n|move|p2a: Lance|Waterfall|p1a: Great Tusk\n|-supereffective|p1a: Great Tusk\n|-damage|p1a: Great Tusk|0 fnt\n|faint|p1a: Great Tusk\n|-end|p1a: Great Tusk|Protosynthesis|[silent]\n|-ability|p2a: Lance|Moxie|boost\n|-boost|p2a: Lance|atk|1\n|\n|-damage|p2a: Lance|16\/100 brn|[from] brn\n|upkeep\n|\n|t:|1700373094\n|switch|p1a: Iron Valiant|Iron Valiant|100\/100\n|-enditem|p1a: Iron Valiant|Booster Energy\n|-activate|p1a: Iron Valiant|ability: Quark Drive|[fromitem]\n|-start|p1a: Iron Valiant|quarkdrivespe\n|turn|24\n|\n|t:|1700373099\n|move|p1a: Iron Valiant|Shadow Ball|p2a: Lance\n|-damage|p2a: Lance|0 fnt\n|faint|p2a: Lance\n|\n|upkeep\n|\n|t:|1700373107\n|switch|p2a: Steven|Iron Treads|100\/100\n|-enditem|p2a: Steven|Booster Energy\n|-activate|p2a: Steven|ability: Quark Drive|[fromitem]\n|-start|p2a: Steven|quarkdrivespe\n|turn|25\n|\n|t:|1700373126\n|-end|p1a: Iron Valiant|Quark Drive|[silent]\n|switch|p1a: Dragonite|Dragonite, M|100\/100\n|move|p2a: Steven|Rapid Spin|p1a: Dragonite\n|-damage|p1a: Dragonite|92\/100\n|-boost|p2a: Steven|spe|1\n|\n|upkeep\n|turn|26\n|\n|t:|1700373134\n|move|p2a: Steven|Ice Spinner|p1a: Dragonite\n|-supereffective|p1a: Dragonite\n|-damage|p1a: Dragonite|0 fnt\n|faint|p1a: Dragonite\n|\n|upkeep\n|\n|t:|1700373137\n|switch|p1a: Iron Valiant|Iron Valiant|100\/100\n|turn|27\n|\n|t:|1700373143\n|-terastallize|p1a: Iron Valiant|Electric\n|move|p2a: Steven|Ice Fang|p1a: Iron Valiant\n|-damage|p1a: Iron Valiant|76\/100\n|move|p1a: Iron Valiant|Drain Punch|p2a: Steven\n|-supereffective|p2a: Steven\n|-damage|p2a: Steven|43\/100\n|-heal|p1a: Iron Valiant|100\/100|[from] drain|[of] p2a: Steven\n|\n|upkeep\n|turn|28\n|\n|t:|1700373155\n|move|p2a: Steven|Ice Fang|p1a: Iron Valiant\n|-crit|p1a: Iron Valiant\n|-damage|p1a: Iron Valiant|58\/100\n|-status|p1a: Iron Valiant|frz\n|-curestatus|p1a: Iron Valiant|frz|[msg]\n|move|p1a: Iron Valiant|Drain Punch|p2a: Steven\n|-supereffective|p2a: Steven\n|-damage|p2a: Steven|0 fnt\n|-heal|p1a: Iron Valiant|82\/100|[from] drain|[of] p2a: Steven\n|faint|p2a: Steven\n|-end|p2a: Steven|Quark Drive|[silent]\n|\n|upkeep\n|\n|t:|1700373164\n|switch|p2a: Iris-Ash-Lance|Dragonite, F|100\/100\n|turn|29\n|\n|t:|1700373170\n|move|p1a: Iron Valiant|Moonblast|p2a: Iris-Ash-Lance\n|-supereffective|p2a: Iris-Ash-Lance\n|-damage|p2a: Iris-Ash-Lance|51\/100\n|move|p2a: Iris-Ash-Lance|Earthquake|p1a: Iron Valiant\n|-supereffective|p1a: Iron Valiant\n|-damage|p1a: Iron Valiant|0 fnt\n|faint|p1a: Iron Valiant\n|-end|p1a: Iron Valiant|Quark Drive|[silent]\n|\n|upkeep\n|\n|t:|1700373176\n|switch|p1a: Skeledirge|Skeledirge, F|84\/100\n|turn|30\n|\n|t:|1700373185\n|move|p2a: Iris-Ash-Lance|Earthquake|p1a: Skeledirge\n|-supereffective|p1a: Skeledirge\n|-damage|p1a: Skeledirge|20\/100\n|move|p1a: Skeledirge|Will-O-Wisp|p2a: Iris-Ash-Lance|[miss]\n|-miss|p1a: Skeledirge|p2a: Iris-Ash-Lance\n|\n|upkeep\n|turn|31\n|\n|t:|1700373191\n|move|p2a: Iris-Ash-Lance|Earthquake|p1a: Skeledirge\n|-supereffective|p1a: Skeledirge\n|-damage|p1a: Skeledirge|0 fnt\n|faint|p1a: Skeledirge\n|\n|win|trialteam98\n|raw|PersisIndianGrill's rating: 1320 &rarr; <strong>1293<\/strong><br \/>(-27 for losing)\n|raw|trialteam98's rating: 1188 &rarr; <strong>1222<\/strong><br \/>(+34 for winning)\n|l|\u2606PersisIndianGrill\n","uploadtime":1700373199,"views":14,"p1id":"persisindiangrill","p2id":"trialteam98","formatid":"gen9ou","rating":1222,"private":0,"password":""}