{"id":"gen9ou-1988669337","p1":"clown3007","p2":"nikfang","format":"[Gen 9] OU","log":"|j|\u2606clown3007\n|j|\u2606nikfang\n|t:|1699748503\n|gametype|singles\n|player|p1|clown3007|harlequin|1027\n|player|p2|nikfang|li|1021\n|teamsize|p1|6\n|teamsize|p2|6\n|gen|9\n|tier|[Gen 9] OU\n|rated|\n|rule|Sleep Clause Mod: Limit one foe put to sleep\n|rule|Species Clause: Limit one of each Pok\u00e9mon\n|rule|OHKO Clause: OHKO moves are banned\n|rule|Evasion Items Clause: Evasion items are banned\n|rule|Evasion Moves Clause: Evasion moves are banned\n|rule|Endless Battle Clause: Forcing endless battles is banned\n|rule|HP Percentage Mod: HP is shown in percentages\n|clearpoke\n|poke|p1|Clawitzer, M|\n|poke|p1|Mamoswine, F|\n|poke|p1|Slowking-Galar, F|\n|poke|p1|Haxorus, M|\n|poke|p1|Corviknight, M|\n|poke|p1|Great Tusk|\n|poke|p2|Garganacl, M|\n|poke|p2|Infernape, F|\n|poke|p2|Cresselia, F|\n|poke|p2|Landorus-Therian, M|\n|poke|p2|Slowbro, M|\n|poke|p2|Drifblim, F|\n|teampreview\n|inactive|Battle timer is ON: inactive players will automatically lose when time's up. (requested by nikfang)\n|\n|t:|1699748512\n|start\n|switch|p1a: Clawitzer|Clawitzer, M, shiny|100\/100\n|switch|p2a: Slowbro|Slowbro, M|100\/100\n|turn|1\n|\n|t:|1699748519\n|move|p1a: Clawitzer|Dark Pulse|p2a: Slowbro\n|-supereffective|p2a: Slowbro\n|-damage|p2a: Slowbro|0 fnt\n|faint|p2a: Slowbro\n|\n|upkeep\n|\n|t:|1699748530\n|switch|p2a: Garganacl|Garganacl, M|100\/100\n|turn|2\n|\n|t:|1699748534\n|switch|p1a: Corviknight|Corviknight, M|100\/100\n|-ability|p1a: Corviknight|Pressure\n|move|p2a: Garganacl|Salt Cure|p1a: Corviknight\n|-damage|p1a: Corviknight|91\/100\n|-start|p1a: Corviknight|Salt Cure\n|\n|-damage|p1a: Corviknight|66\/100|[from] Salt Cure\n|upkeep\n|turn|3\n|\n|t:|1699748547\n|switch|p1a: Clawitzer|Clawitzer, M, shiny|100\/100\n|move|p2a: Garganacl|Curse|p2a: Garganacl\n|-unboost|p2a: Garganacl|spe|1\n|-boost|p2a: Garganacl|atk|1\n|-boost|p2a: Garganacl|def|1\n|\n|upkeep\n|turn|4\n|\n|t:|1699748557\n|-terastallize|p2a: Garganacl|Water\n|move|p1a: Clawitzer|Water Pulse|p2a: Garganacl\n|-resisted|p2a: Garganacl\n|-damage|p2a: Garganacl|68\/100\n|move|p2a: Garganacl|Salt Cure|p1a: Clawitzer\n|-damage|p1a: Clawitzer|77\/100\n|-start|p1a: Clawitzer|Salt Cure\n|\n|-heal|p2a: Garganacl|74\/100|[from] item: Leftovers\n|-damage|p1a: Clawitzer|52\/100|[from] Salt Cure\n|upkeep\n|turn|5\n|\n|t:|1699748568\n|switch|p1a: Slowking|Slowking-Galar, F|100\/100\n|move|p2a: Garganacl|Salt Cure|p1a: Slowking\n|-damage|p1a: Slowking|79\/100\n|-start|p1a: Slowking|Salt Cure\n|\n|-heal|p2a: Garganacl|80\/100|[from] item: Leftovers\n|-damage|p1a: Slowking|67\/100|[from] Salt Cure\n|upkeep\n|turn|6\n|\n|t:|1699748577\n|move|p1a: Slowking|Future Sight|p2a: Garganacl\n|-start|p1a: Slowking|move: Future Sight\n|move|p2a: Garganacl|Curse|p2a: Garganacl\n|-unboost|p2a: Garganacl|spe|1\n|-boost|p2a: Garganacl|atk|1\n|-boost|p2a: Garganacl|def|1\n|\n|-heal|p2a: Garganacl|86\/100|[from] item: Leftovers\n|-damage|p1a: Slowking|54\/100|[from] Salt Cure\n|upkeep\n|turn|7\n|\n|t:|1699748586\n|move|p1a: Slowking|Sludge Bomb|p2a: Garganacl\n|-damage|p2a: Garganacl|54\/100\n|move|p2a: Garganacl|Salt Cure|p1a: Slowking\n|-damage|p1a: Slowking|26\/100\n|\n|-heal|p2a: Garganacl|60\/100|[from] item: Leftovers\n|-damage|p1a: Slowking|14\/100|[from] Salt Cure\n|upkeep\n|turn|8\n|\n|t:|1699748595\n|switch|p1a: Corviknight|Corviknight, M|66\/100\n|-ability|p1a: Corviknight|Pressure\n|move|p2a: Garganacl|Protect||[still]\n|-fail|p2a: Garganacl\n|\n|-end|p2a: Garganacl|move: Future Sight\n|-damage|p2a: Garganacl|17\/100\n|-heal|p2a: Garganacl|23\/100|[from] item: Leftovers\n|upkeep\n|turn|9\n|\n|t:|1699748608\n|switch|p1a: Clawitzer|Clawitzer, M, shiny|52\/100\n|move|p2a: Garganacl|Salt Cure|p1a: Clawitzer\n|-damage|p1a: Clawitzer|19\/100\n|-start|p1a: Clawitzer|Salt Cure\n|\n|-heal|p2a: Garganacl|29\/100|[from] item: Leftovers\n|-damage|p1a: Clawitzer|0 fnt|[from] Salt Cure\n|faint|p1a: Clawitzer\n|upkeep\n|-message|clown3007 forfeited.\n|\n|win|nikfang\n|raw|clown3007's rating: 1027 &rarr; <strong>1013<\/strong><br \/>(-14 for losing)\n|raw|nikfang's rating: 1021 &rarr; <strong>1058<\/strong><br \/>(+37 for winning)\n|l|\u2606clown3007\n","uploadtime":1699748628,"views":27,"p1id":"clown3007","p2id":"nikfang","formatid":"gen9ou","rating":1013,"private":0,"password":""}