{"id":"gen9ou-1991188157","p1":"spiderest3","p2":"yyysneasel","format":"[Gen 9] OU","log":"|j|\u2606spiderest3\n|j|\u2606yyysneasel\n|t:|1700055123\n|gametype|singles\n|player|p1|spiderest3|102|1515\n|player|p2|yyysneasel|bugcatcher-gen4dp|1545\n|teamsize|p1|6\n|teamsize|p2|6\n|gen|9\n|tier|[Gen 9] OU\n|rated|\n|rule|Sleep Clause Mod: Limit one foe put to sleep\n|rule|Species Clause: Limit one of each Pok\u00e9mon\n|rule|OHKO Clause: OHKO moves are banned\n|rule|Evasion Items Clause: Evasion items are banned\n|rule|Evasion Moves Clause: Evasion moves are banned\n|rule|Endless Battle Clause: Forcing endless battles is banned\n|rule|HP Percentage Mod: HP is shown in percentages\n|clearpoke\n|poke|p1|Ribombee, M|\n|poke|p1|Ogerpon-Wellspring, F|\n|poke|p1|Kingambit, M|\n|poke|p1|Gholdengo|\n|poke|p1|Iron Valiant|\n|poke|p1|Greninja-*, M|\n|poke|p2|Tornadus-Therian, M|\n|poke|p2|Toxapex, F|\n|poke|p2|Dondozo, M|\n|poke|p2|Slowking-Galar, M|\n|poke|p2|Blissey, F|\n|poke|p2|Clefable, F|\n|teampreview\n|\n|t:|1700055146\n|start\n|switch|p1a: Ribombee|Ribombee, M|100\/100\n|switch|p2a: FreePalestine\ud83c\uddf5\ud83c\uddf8|Tornadus-Therian, M|100\/100\n|turn|1\n|\n|t:|1700055154\n|switch|p2a: Blissey|Blissey, F|100\/100\n|move|p1a: Ribombee|Moonblast|p2a: Blissey\n|-damage|p2a: Blissey|87\/100\n|-unboost|p2a: Blissey|spa|1\n|\n|upkeep\n|turn|2\n|\n|t:|1700055160\n|switch|p1a: Gholdengo|Gholdengo|100\/100\n|-item|p1a: Gholdengo|Air Balloon\n|move|p2a: Blissey|Stealth Rock|p1a: Gholdengo\n|-sidestart|p1: spiderest3|move: Stealth Rock\n|\n|upkeep\n|turn|3\n|\n|t:|1700055166\n|move|p1a: Gholdengo|Nasty Plot|p1a: Gholdengo\n|-boost|p1a: Gholdengo|spa|2\n|move|p2a: Blissey|Flamethrower|p1a: Gholdengo\n|-supereffective|p1a: Gholdengo\n|-damage|p1a: Gholdengo|79\/100\n|-enditem|p1a: Gholdengo|Air Balloon\n|\n|upkeep\n|turn|4\n|\n|t:|1700055172\n|switch|p2a: FreePalestine\ud83c\uddf5\ud83c\uddf8|Tornadus-Therian, M|100\/100\n|move|p1a: Gholdengo|Nasty Plot|p1a: Gholdengo\n|-boost|p1a: Gholdengo|spa|2\n|\n|upkeep\n|turn|5\n|\n|t:|1700055178\n|move|p2a: FreePalestine\ud83c\uddf5\ud83c\uddf8|U-turn|p1a: Gholdengo\n|-resisted|p1a: Gholdengo\n|-damage|p1a: Gholdengo|76\/100\n|\n|t:|1700055180\n|switch|p2a: Ripbozo \ud83d\ude02 \ud83d\ude02|Dondozo, M|100\/100|[from] U-turn\n|move|p1a: Gholdengo|Make It Rain|p2a: Ripbozo \ud83d\ude02 \ud83d\ude02\n|-resisted|p2a: Ripbozo \ud83d\ude02 \ud83d\ude02\n|-damage|p2a: Ripbozo \ud83d\ude02 \ud83d\ude02|72\/100\n|-unboost|p1a: Gholdengo|spa|1\n|\n|-heal|p2a: Ripbozo \ud83d\ude02 \ud83d\ude02|78\/100|[from] item: Leftovers\n|upkeep\n|turn|6\n|\n|t:|1700055188\n|switch|p2a: Blissey|Blissey, F|87\/100\n|move|p1a: Gholdengo|Shadow Ball|p2a: Blissey\n|-immune|p2a: Blissey\n|\n|upkeep\n|turn|7\n|\n|t:|1700055191\n|move|p1a: Gholdengo|Nasty Plot|p1a: Gholdengo\n|-boost|p1a: Gholdengo|spa|2\n|move|p2a: Blissey|Flamethrower|p1a: Gholdengo\n|-supereffective|p1a: Gholdengo\n|-damage|p1a: Gholdengo|45\/100\n|\n|upkeep\n|turn|8\n|\n|t:|1700055198\n|move|p1a: Gholdengo|Shadow Ball|p2a: Blissey\n|-immune|p2a: Blissey\n|move|p2a: Blissey|Flamethrower|p1a: Gholdengo\n|-supereffective|p1a: Gholdengo\n|-damage|p1a: Gholdengo|12\/100\n|\n|upkeep\n|turn|9\n|\n|t:|1700055201\n|move|p1a: Gholdengo|Make It Rain|p2a: Blissey\n|-damage|p2a: Blissey|7\/100\n|-unboost|p1a: Gholdengo|spa|1\n|move|p2a: Blissey|Flamethrower|p1a: Gholdengo\n|-supereffective|p1a: Gholdengo\n|-damage|p1a: Gholdengo|0 fnt\n|faint|p1a: Gholdengo\n|\n|upkeep\n|\n|t:|1700055208\n|switch|p1a: Greninja|Greninja, M|100\/100\n|-damage|p1a: Greninja|88\/100|[from] Stealth Rock\n|turn|10\n|\n|t:|1700055213\n|switch|p2a: stannin on bihness|Toxapex, F|100\/100\n|move|p1a: Greninja|Dark Pulse|p2a: stannin on bihness\n|-damage|p2a: stannin on bihness|63\/100\n|-damage|p1a: Greninja|78\/100|[from] item: Life Orb\n|\n|upkeep\n|turn|11\n|\n|t:|1700055218\n|switch|p1a: Kingambit|Kingambit, M|100\/100\n|-damage|p1a: Kingambit|94\/100|[from] Stealth Rock\n|-activate|p1a: Kingambit|ability: Supreme Overlord\n|-start|p1a: Kingambit|fallen1|[silent]\n|move|p2a: stannin on bihness|Infestation|p1a: Kingambit\n|-damage|p1a: Kingambit|92\/100\n|-activate|p1a: Kingambit|move: Infestation|[of] p2a: stannin on bihness\n|\n|-damage|p1a: Kingambit|79\/100|[from] move: Infestation|[partiallytrapped]\n|upkeep\n|turn|12\n|\n|t:|1700055225\n|move|p1a: Kingambit|Swords Dance|p1a: Kingambit\n|-boost|p1a: Kingambit|atk|2\n|move|p2a: stannin on bihness|Surf|p1a: Kingambit\n|-damage|p1a: Kingambit|61\/100\n|\n|-damage|p1a: Kingambit|49\/100|[from] move: Infestation|[partiallytrapped]\n|upkeep\n|turn|13\n|\n|t:|1700055229\n|switch|p2a: Ripbozo \ud83d\ude02 \ud83d\ude02|Dondozo, M|78\/100\n|move|p1a: Kingambit|Kowtow Cleave|p2a: Ripbozo \ud83d\ude02 \ud83d\ude02\n|-damage|p2a: Ripbozo \ud83d\ude02 \ud83d\ude02|49\/100\n|\n|-heal|p2a: Ripbozo \ud83d\ude02 \ud83d\ude02|55\/100|[from] item: Leftovers\n|-end|p1a: Kingambit|Infestation|[partiallytrapped]|[silent]\n|upkeep\n|turn|14\n|\n|t:|1700055237\n|-end|p1a: Kingambit|fallen1|[silent]\n|switch|p1a: Ribombee|Ribombee, M|100\/100\n|-damage|p1a: Ribombee|76\/100|[from] Stealth Rock\n|move|p2a: Ripbozo \ud83d\ude02 \ud83d\ude02|Curse|p2a: Ripbozo \ud83d\ude02 \ud83d\ude02\n|-unboost|p2a: Ripbozo \ud83d\ude02 \ud83d\ude02|spe|1\n|-boost|p2a: Ripbozo \ud83d\ude02 \ud83d\ude02|atk|1\n|-boost|p2a: Ripbozo \ud83d\ude02 \ud83d\ude02|def|1\n|\n|-heal|p2a: Ripbozo \ud83d\ude02 \ud83d\ude02|62\/100|[from] item: Leftovers\n|upkeep\n|turn|15\n|\n|t:|1700055242\n|switch|p2a: stannin on bihness|Toxapex, F|97\/100\n|move|p1a: Ribombee|Quiver Dance|p1a: Ribombee\n|-boost|p1a: Ribombee|spa|1\n|-boost|p1a: Ribombee|spd|1\n|-boost|p1a: Ribombee|spe|1\n|\n|upkeep\n|turn|16\n|\n|t:|1700055248\n|move|p1a: Ribombee|Quiver Dance|p1a: Ribombee\n|-boost|p1a: Ribombee|spa|1\n|-boost|p1a: Ribombee|spd|1\n|-boost|p1a: Ribombee|spe|1\n|move|p2a: stannin on bihness|Toxic|p1a: Ribombee\n|-status|p1a: Ribombee|tox\n|\n|-damage|p1a: Ribombee|69\/100 tox|[from] psn\n|upkeep\n|turn|17\n|\n|t:|1700055253\n|switch|p2a: Clefable|Clefable, F|100\/100\n|-terastallize|p1a: Ribombee|Ground\n|move|p1a: Ribombee|Tera Blast|p2a: Clefable|[anim] Tera Blast Ground\n|-damage|p2a: Clefable|79\/100\n|\n|-heal|p2a: Clefable|85\/100|[from] item: Leftovers\n|-damage|p1a: Ribombee|57\/100 tox|[from] psn\n|upkeep\n|turn|18\n|\n|t:|1700055261\n|switch|p1a: Kingambit|Kingambit, M|49\/100\n|-damage|p1a: Kingambit|43\/100|[from] Stealth Rock\n|-activate|p1a: Kingambit|ability: Supreme Overlord\n|-start|p1a: Kingambit|fallen1|[silent]\n|move|p2a: Clefable|Wish|p2a: Clefable\n|\n|-heal|p2a: Clefable|91\/100|[from] item: Leftovers\n|upkeep\n|turn|19\n|\n|t:|1700055271\n|switch|p2a: Ripbozo \ud83d\ude02 \ud83d\ude02|Dondozo, M|62\/100\n|move|p1a: Kingambit|Kowtow Cleave|p2a: Ripbozo \ud83d\ude02 \ud83d\ude02\n|-damage|p2a: Ripbozo \ud83d\ude02 \ud83d\ude02|32\/100\n|\n|-heal|p2a: Ripbozo \ud83d\ude02 \ud83d\ude02|72\/100|[from] move: Wish|[wisher] Clefable\n|-heal|p2a: Ripbozo \ud83d\ude02 \ud83d\ude02|78\/100|[from] item: Leftovers\n|upkeep\n|turn|20\n|\n|t:|1700055278\n|-end|p1a: Kingambit|fallen1|[silent]\n|switch|p1a: Ribombee|Ribombee, M, tera:Ground|57\/100 tox\n|-damage|p1a: Ribombee|51\/100 tox|[from] Stealth Rock\n|move|p2a: Ripbozo \ud83d\ude02 \ud83d\ude02|Curse|p2a: Ripbozo \ud83d\ude02 \ud83d\ude02\n|-unboost|p2a: Ripbozo \ud83d\ude02 \ud83d\ude02|spe|1\n|-boost|p2a: Ripbozo \ud83d\ude02 \ud83d\ude02|atk|1\n|-boost|p2a: Ripbozo \ud83d\ude02 \ud83d\ude02|def|1\n|\n|-heal|p2a: Ripbozo \ud83d\ude02 \ud83d\ude02|84\/100|[from] item: Leftovers\n|-damage|p1a: Ribombee|45\/100 tox|[from] psn\n|upkeep\n|turn|21\n|\n|t:|1700055282\n|switch|p2a: Clefable|Clefable, F|91\/100\n|move|p1a: Ribombee|Moonblast|p2a: Clefable\n|-damage|p2a: Clefable|64\/100\n|\n|-heal|p2a: Clefable|71\/100|[from] item: Leftovers\n|-damage|p1a: Ribombee|33\/100 tox|[from] psn\n|upkeep\n|turn|22\n|\n|t:|1700055287\n|switch|p1a: Ogerpon|Ogerpon-Wellspring, F|100\/100\n|-damage|p1a: Ogerpon|88\/100|[from] Stealth Rock\n|move|p2a: Clefable|Wish|p2a: Clefable\n|\n|-heal|p2a: Clefable|77\/100|[from] item: Leftovers\n|upkeep\n|turn|23\n|\n|t:|1700055298\n|switch|p2a: FreePalestine\ud83c\uddf5\ud83c\uddf8|Tornadus-Therian, M|100\/100\n|move|p1a: Ogerpon|Swords Dance|p1a: Ogerpon\n|-boost|p1a: Ogerpon|atk|2\n|\n|upkeep\n|turn|24\n|\n|t:|1700055302\n|move|p2a: FreePalestine\ud83c\uddf5\ud83c\uddf8|U-turn|p1a: Ogerpon\n|-supereffective|p1a: Ogerpon\n|-damage|p1a: Ogerpon|50\/100\n|\n|t:|1700055305\n|switch|p2a: Ripbozo \ud83d\ude02 \ud83d\ude02|Dondozo, M|84\/100|[from] U-turn\n|move|p1a: Ogerpon|Ivy Cudgel|p2a: Ripbozo \ud83d\ude02 \ud83d\ude02|[anim] Ivy Cudgel Water\n|-resisted|p2a: Ripbozo \ud83d\ude02 \ud83d\ude02\n|-damage|p2a: Ripbozo \ud83d\ude02 \ud83d\ude02|71\/100\n|\n|-heal|p2a: Ripbozo \ud83d\ude02 \ud83d\ude02|77\/100|[from] item: Leftovers\n|upkeep\n|turn|25\n|\n|t:|1700055310\n|move|p1a: Ogerpon|Knock Off|p2a: Ripbozo \ud83d\ude02 \ud83d\ude02\n|-damage|p2a: Ripbozo \ud83d\ude02 \ud83d\ude02|62\/100\n|-enditem|p2a: Ripbozo \ud83d\ude02 \ud83d\ude02|Leftovers|[from] move: Knock Off|[of] p1a: Ogerpon\n|move|p2a: Ripbozo \ud83d\ude02 \ud83d\ude02|Curse|p2a: Ripbozo \ud83d\ude02 \ud83d\ude02\n|-unboost|p2a: Ripbozo \ud83d\ude02 \ud83d\ude02|spe|1\n|-boost|p2a: Ripbozo \ud83d\ude02 \ud83d\ude02|atk|1\n|-boost|p2a: Ripbozo \ud83d\ude02 \ud83d\ude02|def|1\n|\n|upkeep\n|turn|26\n|\n|t:|1700055315\n|move|p1a: Ogerpon|Power Whip|p2a: Ripbozo \ud83d\ude02 \ud83d\ude02|[miss]\n|-miss|p1a: Ogerpon|p2a: Ripbozo \ud83d\ude02 \ud83d\ude02\n|move|p2a: Ripbozo \ud83d\ude02 \ud83d\ude02|Curse|p2a: Ripbozo \ud83d\ude02 \ud83d\ude02\n|-unboost|p2a: Ripbozo \ud83d\ude02 \ud83d\ude02|spe|1\n|-boost|p2a: Ripbozo \ud83d\ude02 \ud83d\ude02|atk|1\n|-boost|p2a: Ripbozo \ud83d\ude02 \ud83d\ude02|def|1\n|\n|upkeep\n|turn|27\n|\n|t:|1700055317\n|move|p1a: Ogerpon|Power Whip|p2a: Ripbozo \ud83d\ude02 \ud83d\ude02\n|-supereffective|p2a: Ripbozo \ud83d\ude02 \ud83d\ude02\n|-damage|p2a: Ripbozo \ud83d\ude02 \ud83d\ude02|32\/100\n|move|p2a: Ripbozo \ud83d\ude02 \ud83d\ude02|Curse|p2a: Ripbozo \ud83d\ude02 \ud83d\ude02\n|-unboost|p2a: Ripbozo \ud83d\ude02 \ud83d\ude02|spe|1\n|-boost|p2a: Ripbozo \ud83d\ude02 \ud83d\ude02|atk|1\n|-boost|p2a: Ripbozo \ud83d\ude02 \ud83d\ude02|def|1\n|\n|upkeep\n|turn|28\n|\n|t:|1700055322\n|move|p1a: Ogerpon|Power Whip|p2a: Ripbozo \ud83d\ude02 \ud83d\ude02\n|-supereffective|p2a: Ripbozo \ud83d\ude02 \ud83d\ude02\n|-damage|p2a: Ripbozo \ud83d\ude02 \ud83d\ude02|4\/100\n|move|p2a: Ripbozo \ud83d\ude02 \ud83d\ude02|Rest|p2a: Ripbozo \ud83d\ude02 \ud83d\ude02\n|-status|p2a: Ripbozo \ud83d\ude02 \ud83d\ude02|slp|[from] move: Rest\n|-heal|p2a: Ripbozo \ud83d\ude02 \ud83d\ude02|100\/100 slp|[silent]\n|\n|upkeep\n|turn|29\n|\n|t:|1700055327\n|move|p1a: Ogerpon|Power Whip|p2a: Ripbozo \ud83d\ude02 \ud83d\ude02\n|-supereffective|p2a: Ripbozo \ud83d\ude02 \ud83d\ude02\n|-damage|p2a: Ripbozo \ud83d\ude02 \ud83d\ude02|75\/100 slp\n|cant|p2a: Ripbozo \ud83d\ude02 \ud83d\ude02|slp\n|move|p2a: Ripbozo \ud83d\ude02 \ud83d\ude02|Sleep Talk|p2a: Ripbozo \ud83d\ude02 \ud83d\ude02\n|move|p2a: Ripbozo \ud83d\ude02 \ud83d\ude02|Curse|p2a: Ripbozo \ud83d\ude02 \ud83d\ude02|[from]move: Sleep Talk\n|-unboost|p2a: Ripbozo \ud83d\ude02 \ud83d\ude02|spe|1\n|-boost|p2a: Ripbozo \ud83d\ude02 \ud83d\ude02|atk|1\n|-boost|p2a: Ripbozo \ud83d\ude02 \ud83d\ude02|def|1\n|\n|upkeep\n|turn|30\n|\n|t:|1700055333\n|move|p1a: Ogerpon|Power Whip|p2a: Ripbozo \ud83d\ude02 \ud83d\ude02|[miss]\n|-miss|p1a: Ogerpon|p2a: Ripbozo \ud83d\ude02 \ud83d\ude02\n|cant|p2a: Ripbozo \ud83d\ude02 \ud83d\ude02|slp\n|move|p2a: Ripbozo \ud83d\ude02 \ud83d\ude02|Sleep Talk|p2a: Ripbozo \ud83d\ude02 \ud83d\ude02\n|move|p2a: Ripbozo \ud83d\ude02 \ud83d\ude02|Wave Crash|p1a: Ogerpon|[from]move: Sleep Talk\n|-heal|p1a: Ogerpon|75\/100|[from] ability: Water Absorb|[of] p2a: Ripbozo \ud83d\ude02 \ud83d\ude02\n|\n|upkeep\n|turn|31\n|\n|t:|1700055336\n|switch|p1a: Greninja|Greninja, M|78\/100\n|-damage|p1a: Greninja|66\/100|[from] Stealth Rock\n|-curestatus|p2a: Ripbozo \ud83d\ude02 \ud83d\ude02|slp|[msg]\n|move|p2a: Ripbozo \ud83d\ude02 \ud83d\ude02|Curse|p2a: Ripbozo \ud83d\ude02 \ud83d\ude02\n|-unboost|p2a: Ripbozo \ud83d\ude02 \ud83d\ude02|spe|1\n|-boost|p2a: Ripbozo \ud83d\ude02 \ud83d\ude02|atk|1\n|-boost|p2a: Ripbozo \ud83d\ude02 \ud83d\ude02|def|1\n|\n|upkeep\n|turn|32\n|\n|t:|1700055342\n|switch|p2a: stannin on bihness|Toxapex, F|100\/100\n|move|p1a: Greninja|Grass Knot|p2a: stannin on bihness\n|-damage|p2a: stannin on bihness|86\/100\n|-damage|p1a: Greninja|56\/100|[from] item: Life Orb\n|\n|upkeep\n|turn|33\n|\n|t:|1700055347\n|switch|p1a: Ribombee|Ribombee, M, tera:Ground|33\/100 tox\n|-damage|p1a: Ribombee|27\/100 tox|[from] Stealth Rock\n|move|p2a: stannin on bihness|Infestation|p1a: Ribombee\n|-damage|p1a: Ribombee|21\/100 tox\n|-activate|p1a: Ribombee|move: Infestation|[of] p2a: stannin on bihness\n|\n|-damage|p1a: Ribombee|15\/100 tox|[from] psn\n|-damage|p1a: Ribombee|3\/100 tox|[from] move: Infestation|[partiallytrapped]\n|upkeep\n|turn|34\n|\n|t:|1700055353\n|move|p1a: Ribombee|Moonblast|p2a: stannin on bihness\n|-resisted|p2a: stannin on bihness\n|-damage|p2a: stannin on bihness|70\/100\n|move|p2a: stannin on bihness|Recover|p2a: stannin on bihness\n|-heal|p2a: stannin on bihness|100\/100\n|\n|-damage|p1a: Ribombee|0 fnt|[from] psn\n|faint|p1a: Ribombee\n|upkeep\n|\n|t:|1700055362\n|switch|p1a: Kingambit|Kingambit, M|43\/100\n|-damage|p1a: Kingambit|37\/100|[from] Stealth Rock\n|-activate|p1a: Kingambit|ability: Supreme Overlord\n|-start|p1a: Kingambit|fallen2|[silent]\n|turn|35\n|\n|t:|1700055366\n|move|p1a: Kingambit|Kowtow Cleave|p2a: stannin on bihness\n|-damage|p2a: stannin on bihness|60\/100\n|move|p2a: stannin on bihness|Surf|p1a: Kingambit\n|-damage|p1a: Kingambit|17\/100\n|\n|upkeep\n|turn|36\n|\n|t:|1700055371\n|switch|p2a: Ripbozo \ud83d\ude02 \ud83d\ude02|Dondozo, M|75\/100\n|move|p1a: Kingambit|Kowtow Cleave|p2a: Ripbozo \ud83d\ude02 \ud83d\ude02\n|-crit|p2a: Ripbozo \ud83d\ude02 \ud83d\ude02\n|-damage|p2a: Ripbozo \ud83d\ude02 \ud83d\ude02|25\/100\n|\n|upkeep\n|turn|37\n|\n|t:|1700055375\n|move|p1a: Kingambit|Kowtow Cleave|p2a: Ripbozo \ud83d\ude02 \ud83d\ude02\n|-damage|p2a: Ripbozo \ud83d\ude02 \ud83d\ude02|0 fnt\n|faint|p2a: Ripbozo \ud83d\ude02 \ud83d\ude02\n|\n|upkeep\n|\n|t:|1700055378\n|switch|p2a: Clefable|Clefable, F|77\/100\n|turn|38\n|\n|t:|1700055381\n|move|p2a: Clefable|Wish|p2a: Clefable\n|move|p1a: Kingambit|Iron Head|p2a: Clefable\n|-supereffective|p2a: Clefable\n|-damage|p2a: Clefable|0 fnt\n|faint|p2a: Clefable\n|\n|upkeep\n|\n|t:|1700055387\n|switch|p2a: FreePalestine\ud83c\uddf5\ud83c\uddf8|Tornadus-Therian, M|100\/100\n|turn|39\n|\n|t:|1700055390\n|move|p1a: Kingambit|Sucker Punch|p2a: FreePalestine\ud83c\uddf5\ud83c\uddf8\n|-damage|p2a: FreePalestine\ud83c\uddf5\ud83c\uddf8|24\/100\n|move|p2a: FreePalestine\ud83c\uddf5\ud83c\uddf8|Heat Wave|p1a: Kingambit|[miss]\n|-miss|p2a: FreePalestine\ud83c\uddf5\ud83c\uddf8|p1a: Kingambit\n|\n|-heal|p2a: FreePalestine\ud83c\uddf5\ud83c\uddf8|90\/100|[from] move: Wish|[wisher] Clefable\n|upkeep\n|turn|40\n|\n|t:|1700055396\n|move|p1a: Kingambit|Sucker Punch|p2a: FreePalestine\ud83c\uddf5\ud83c\uddf8\n|-damage|p2a: FreePalestine\ud83c\uddf5\ud83c\uddf8|2\/100\n|move|p2a: FreePalestine\ud83c\uddf5\ud83c\uddf8|Heat Wave|p1a: Kingambit\n|-supereffective|p1a: Kingambit\n|-damage|p1a: Kingambit|0 fnt\n|faint|p1a: Kingambit\n|-end|p1a: Kingambit|fallen2|[silent]\n|\n|upkeep\n|\n|t:|1700055398\n|switch|p1a: Iron Valiant|Iron Valiant|100\/100\n|-damage|p1a: Iron Valiant|94\/100|[from] Stealth Rock\n|-enditem|p1a: Iron Valiant|Booster Energy\n|-activate|p1a: Iron Valiant|ability: Quark Drive|[fromitem]\n|-start|p1a: Iron Valiant|quarkdrivespe\n|turn|41\n|\n|t:|1700055405\n|switch|p2a: Blissey|Blissey, F|7\/100\n|move|p1a: Iron Valiant|Substitute|p1a: Iron Valiant\n|-start|p1a: Iron Valiant|Substitute\n|-damage|p1a: Iron Valiant|69\/100\n|\n|upkeep\n|turn|42\n|\n|t:|1700055408\n|move|p1a: Iron Valiant|Moonblast|p2a: Blissey\n|-damage|p2a: Blissey|0 fnt\n|faint|p2a: Blissey\n|\n|upkeep\n|\n|t:|1700055411\n|switch|p2a: stannin on bihness|Toxapex, F|93\/100\n|turn|43\n|\n|t:|1700055413\n|move|p1a: Iron Valiant|Calm Mind|p1a: Iron Valiant\n|-boost|p1a: Iron Valiant|spa|1\n|-boost|p1a: Iron Valiant|spd|1\n|move|p2a: stannin on bihness|Surf|p1a: Iron Valiant\n|-activate|p1a: Iron Valiant|move: Substitute|[damage]\n|\n|upkeep\n|turn|44\n|\n|t:|1700055420\n|move|p1a: Iron Valiant|Calm Mind|p1a: Iron Valiant\n|-boost|p1a: Iron Valiant|spa|1\n|-boost|p1a: Iron Valiant|spd|1\n|move|p2a: stannin on bihness|Surf|p1a: Iron Valiant\n|-end|p1a: Iron Valiant|Substitute\n|\n|upkeep\n|turn|45\n|\n|t:|1700055425\n|move|p1a: Iron Valiant|Substitute|p1a: Iron Valiant\n|-start|p1a: Iron Valiant|Substitute\n|-damage|p1a: Iron Valiant|44\/100\n|move|p2a: stannin on bihness|Infestation|p1a: Iron Valiant\n|-resisted|p1a: Iron Valiant\n|-activate|p1a: Iron Valiant|move: Substitute|[damage]\n|\n|upkeep\n|turn|46\n|\n|t:|1700055430\n|move|p1a: Iron Valiant|Calm Mind|p1a: Iron Valiant\n|-boost|p1a: Iron Valiant|spa|1\n|-boost|p1a: Iron Valiant|spd|1\n|move|p2a: stannin on bihness|Infestation|p1a: Iron Valiant\n|-resisted|p1a: Iron Valiant\n|-activate|p1a: Iron Valiant|move: Substitute|[damage]\n|\n|upkeep\n|turn|47\n|\n|t:|1700055435\n|move|p1a: Iron Valiant|Calm Mind|p1a: Iron Valiant\n|-boost|p1a: Iron Valiant|spa|1\n|-boost|p1a: Iron Valiant|spd|1\n|move|p2a: stannin on bihness|Infestation|p1a: Iron Valiant\n|-resisted|p1a: Iron Valiant\n|-activate|p1a: Iron Valiant|move: Substitute|[damage]\n|\n|upkeep\n|turn|48\n|\n|t:|1700055440\n|move|p1a: Iron Valiant|Calm Mind|p1a: Iron Valiant\n|-boost|p1a: Iron Valiant|spa|1\n|-boost|p1a: Iron Valiant|spd|1\n|move|p2a: stannin on bihness|Infestation|p1a: Iron Valiant\n|-resisted|p1a: Iron Valiant\n|-activate|p1a: Iron Valiant|move: Substitute|[damage]\n|\n|upkeep\n|turn|49\n|\n|t:|1700055445\n|move|p1a: Iron Valiant|Calm Mind|p1a: Iron Valiant\n|-boost|p1a: Iron Valiant|spa|1\n|-boost|p1a: Iron Valiant|spd|1\n|move|p2a: stannin on bihness|Infestation|p1a: Iron Valiant\n|-resisted|p1a: Iron Valiant\n|-activate|p1a: Iron Valiant|move: Substitute|[damage]\n|\n|upkeep\n|turn|50\n|c|\u2606yyysneasel|id be ashamed if i won like that\n|\n|t:|1700055450\n|move|p1a: Iron Valiant|Moonblast|p2a: stannin on bihness\n|-resisted|p2a: stannin on bihness\n|-damage|p2a: stannin on bihness|21\/100\n|move|p2a: stannin on bihness|Infestation|p1a: Iron Valiant\n|-resisted|p1a: Iron Valiant\n|-activate|p1a: Iron Valiant|move: Substitute|[damage]\n|\n|upkeep\n|turn|51\n|\n|t:|1700055455\n|switch|p2a: Slowking|Slowking-Galar, M|100\/100\n|move|p1a: Iron Valiant|Moonblast|p2a: Slowking\n|-resisted|p2a: Slowking\n|-damage|p2a: Slowking|24\/100\n|\n|upkeep\n|turn|52\n|l|\u2606yyysneasel\n|player|p2|\n|c|\u2606spiderest3|lol\n|inactive|Battle timer is ON: inactive players will automatically lose when time's up. (requested by spiderest3)\n|c|\u2606spiderest3|gg\n|inactive|yyysneasel has 30 seconds to reconnect!\n|inactive|yyysneasel has 20 seconds to reconnect!\n|inactive|yyysneasel has 15 seconds to reconnect!\n|inactive|yyysneasel has 10 seconds to reconnect!\n|inactive|yyysneasel has 5 seconds to reconnect!\n|-message|yyysneasel lost due to inactivity.\n|\n|win|spiderest3\n|raw|spiderest3's rating: 1515 &rarr; <strong>1537<\/strong><br \/>(+22 for winning)\n|raw|yyysneasel's rating: 1545 &rarr; <strong>1523<\/strong><br \/>(-22 for losing)\n|player|p1|spiderest3|102\n","uploadtime":1700055585,"views":14,"p1id":"spiderest3","p2id":"yyysneasel","formatid":"gen9ou","rating":1523,"private":0,"password":""}