{"id":"gen9ou-1990548222","p1":"balakeseal","p2":"ImNotDoingExamPrep","format":"[Gen 9] OU","log":"|j|\u2606balakeseal\n|j|\u2606ImNotDoingExamPrep\n|t:|1699980501\n|gametype|singles\n|player|p1|balakeseal|2|1191\n|player|p2|ImNotDoingExamPrep|psychicf|1272\n|teamsize|p1|6\n|teamsize|p2|6\n|gen|9\n|tier|[Gen 9] OU\n|rated|\n|rule|Sleep Clause Mod: Limit one foe put to sleep\n|rule|Species Clause: Limit one of each Pok\u00e9mon\n|rule|OHKO Clause: OHKO moves are banned\n|rule|Evasion Items Clause: Evasion items are banned\n|rule|Evasion Moves Clause: Evasion moves are banned\n|rule|Endless Battle Clause: Forcing endless battles is banned\n|rule|HP Percentage Mod: HP is shown in percentages\n|clearpoke\n|poke|p1|Sinistcha|\n|poke|p1|Tauros-Paldea-Blaze, M|\n|poke|p1|Great Tusk|\n|poke|p1|Clodsire, F|\n|poke|p1|Gholdengo|\n|poke|p1|Kingambit, M|\n|poke|p2|Corviknight, M|\n|poke|p2|Clefable, M|\n|poke|p2|Slowking-Galar, M|\n|poke|p2|Toxapex, F|\n|poke|p2|Clodsire, F|\n|poke|p2|Great Tusk|\n|teampreview\n|\n|t:|1699980508\n|start\n|switch|p1a: Great Tusk|Great Tusk|100\/100\n|switch|p2a: Clodsire|Clodsire, F|100\/100\n|turn|1\n|\n|t:|1699980516\n|switch|p2a: Great Tusk|Great Tusk|100\/100\n|move|p1a: Great Tusk|Headlong Rush|p2a: Great Tusk\n|-damage|p2a: Great Tusk|57\/100\n|-unboost|p1a: Great Tusk|def|1\n|-unboost|p1a: Great Tusk|spd|1\n|\n|-heal|p2a: Great Tusk|64\/100|[from] item: Leftovers\n|upkeep\n|turn|2\n|\n|t:|1699980530\n|-end|p1a: Great Tusk|Protosynthesis|[silent]\n|switch|p1a: Tauros|Tauros-Paldea-Blaze, M|100\/100\n|-ability|p1a: Tauros|Intimidate|boost\n|-unboost|p2a: Great Tusk|atk|1\n|move|p2a: Great Tusk|Knock Off|p1a: Tauros\n|-resisted|p1a: Tauros\n|-damage|p1a: Tauros|88\/100\n|-enditem|p1a: Tauros|Choice Band|[from] move: Knock Off|[of] p2a: Great Tusk\n|\n|-heal|p2a: Great Tusk|70\/100|[from] item: Leftovers\n|upkeep\n|turn|3\n|\n|t:|1699980538\n|-end|p2a: Great Tusk|Protosynthesis|[silent]\n|switch|p2a: Toxapex|Toxapex, F|100\/100\n|move|p1a: Tauros|Close Combat|p2a: Toxapex\n|-resisted|p2a: Toxapex\n|-damage|p2a: Toxapex|85\/100\n|-unboost|p1a: Tauros|def|1\n|-unboost|p1a: Tauros|spd|1\n|\n|-heal|p2a: Toxapex|92\/100|[from] item: Leftovers\n|upkeep\n|turn|4\n|\n|t:|1699980544\n|move|p1a: Tauros|Earthquake|p2a: Toxapex\n|-supereffective|p2a: Toxapex\n|-damage|p2a: Toxapex|57\/100\n|move|p2a: Toxapex|Toxic|p1a: Tauros\n|-status|p1a: Tauros|tox\n|\n|-heal|p2a: Toxapex|64\/100|[from] item: Leftovers\n|-damage|p1a: Tauros|82\/100 tox|[from] psn\n|upkeep\n|turn|5\n|inactive|Battle timer is ON: inactive players will automatically lose when time's up. (requested by ImNotDoingExamPrep)\n|\n|t:|1699980549\n|move|p2a: Toxapex|Baneful Bunker|p2a: Toxapex\n|-singleturn|p2a: Toxapex|move: Protect\n|move|p1a: Tauros|Earthquake|p2a: Toxapex\n|-activate|p2a: Toxapex|move: Protect\n|\n|-heal|p2a: Toxapex|70\/100|[from] item: Leftovers\n|-damage|p1a: Tauros|70\/100 tox|[from] psn\n|upkeep\n|turn|6\n|\n|t:|1699980559\n|switch|p1a: Clodsire|Clodsire, F|100\/100\n|switch|p2a: Corviknight|Corviknight, M|100\/100\n|\n|upkeep\n|turn|7\n|\n|t:|1699980589\n|switch|p2a: Slowking|Slowking-Galar, M|100\/100\n|switch|p1a: Tauros|Tauros-Paldea-Blaze, M|70\/100 tox\n|-ability|p1a: Tauros|Intimidate|boost\n|-unboost|p2a: Slowking|atk|1\n|\n|-damage|p1a: Tauros|64\/100 tox|[from] psn\n|upkeep\n|turn|8\n|\n|t:|1699980598\n|switch|p2a: Corviknight|Corviknight, M|100\/100\n|move|p1a: Tauros|Earthquake|p2a: Corviknight\n|-immune|p2a: Corviknight\n|\n|-damage|p1a: Tauros|52\/100 tox|[from] psn\n|upkeep\n|turn|9\n|\n|t:|1699980604\n|switch|p2a: Toxapex|Toxapex, F|100\/100\n|move|p1a: Tauros|Raging Bull|p2a: Toxapex\n|-resisted|p2a: Toxapex\n|-damage|p2a: Toxapex|88\/100\n|\n|-heal|p2a: Toxapex|95\/100|[from] item: Leftovers\n|-damage|p1a: Tauros|34\/100 tox|[from] psn\n|upkeep\n|turn|10\n|\n|t:|1699980607\n|move|p2a: Toxapex|Baneful Bunker|p2a: Toxapex\n|-singleturn|p2a: Toxapex|move: Protect\n|move|p1a: Tauros|Earthquake|p2a: Toxapex\n|-activate|p2a: Toxapex|move: Protect\n|\n|-heal|p2a: Toxapex|100\/100|[from] item: Leftovers\n|-damage|p1a: Tauros|9\/100 tox|[from] psn\n|upkeep\n|turn|11\n|\n|t:|1699980618\n|switch|p2a: Corviknight|Corviknight, M|100\/100\n|move|p1a: Tauros|Earthquake|p2a: Corviknight\n|-immune|p2a: Corviknight\n|\n|-damage|p1a: Tauros|0 fnt|[from] psn\n|faint|p1a: Tauros\n|upkeep\n|\n|t:|1699980626\n|switch|p1a: Kingambit|Kingambit, M|100\/100\n|-activate|p1a: Kingambit|ability: Supreme Overlord\n|-start|p1a: Kingambit|fallen1|[silent]\n|-item|p1a: Kingambit|Air Balloon\n|turn|12\n|\n|t:|1699980632\n|move|p1a: Kingambit|Swords Dance|p1a: Kingambit\n|-boost|p1a: Kingambit|atk|2\n|move|p2a: Corviknight|Body Press|p1a: Kingambit\n|-supereffective|p1a: Kingambit\n|-damage|p1a: Kingambit|13\/100\n|-enditem|p1a: Kingambit|Air Balloon\n|\n|upkeep\n|turn|13\n|\n|t:|1699980643\n|move|p1a: Kingambit|Kowtow Cleave|p2a: Corviknight\n|-damage|p2a: Corviknight|29\/100\n|-damage|p1a: Kingambit|0 fnt|[from] item: Rocky Helmet|[of] p2a: Corviknight\n|faint|p1a: Kingambit\n|-end|p1a: Kingambit|fallen1|[silent]\n|move|p2a: Corviknight|Body Press|p1: Kingambit|[notarget]\n|-fail|p2a: Corviknight\n|\n|upkeep\n|inactive|balakeseal has 120 seconds left.\n|\n|t:|1699980674\n|switch|p1a: Gholdengo|Gholdengo|100\/100\n|turn|14\n|\n|t:|1699980686\n|switch|p2a: Clodsire|Clodsire, F|100\/100\n|move|p1a: Gholdengo|Focus Blast|p2a: Clodsire|[miss]\n|-miss|p1a: Gholdengo|p2a: Clodsire\n|\n|upkeep\n|turn|15\n|inactive|balakeseal has 120 seconds left.\n|\n|t:|1699980708\n|switch|p1a: Clodsire|Clodsire, F|100\/100\n|move|p2a: Clodsire|Earthquake|p1a: Clodsire\n|-supereffective|p1a: Clodsire\n|-damage|p1a: Clodsire|45\/100\n|\n|-heal|p1a: Clodsire|51\/100|[from] item: Leftovers\n|upkeep\n|turn|16\n|inactive|balakeseal has 120 seconds left.\n|\n|t:|1699980716\n|-terastallize|p1a: Clodsire|Water\n|move|p2a: Clodsire|Earthquake|p1a: Clodsire\n|-damage|p1a: Clodsire|20\/100\n|move|p1a: Clodsire|Recover|p1a: Clodsire\n|-heal|p1a: Clodsire|70\/100\n|\n|-heal|p1a: Clodsire|76\/100|[from] item: Leftovers\n|upkeep\n|turn|17\n|\n|t:|1699980722\n|move|p1a: Clodsire|Earthquake|p2a: Clodsire\n|-supereffective|p2a: Clodsire\n|-damage|p2a: Clodsire|38\/100\n|move|p2a: Clodsire|Toxic|p1a: Clodsire\n|-status|p1a: Clodsire|tox\n|\n|-heal|p1a: Clodsire|82\/100 tox|[from] item: Leftovers\n|-heal|p2a: Clodsire|45\/100|[from] item: Leftovers\n|-damage|p1a: Clodsire|76\/100 tox|[from] psn\n|upkeep\n|turn|18\n|\n|t:|1699980727\n|move|p2a: Clodsire|Protect|p2a: Clodsire\n|-singleturn|p2a: Clodsire|Protect\n|move|p1a: Clodsire|Earthquake|p2a: Clodsire\n|-activate|p2a: Clodsire|move: Protect\n|\n|-heal|p1a: Clodsire|82\/100 tox|[from] item: Leftovers\n|-heal|p2a: Clodsire|51\/100|[from] item: Leftovers\n|-damage|p1a: Clodsire|70\/100 tox|[from] psn\n|upkeep\n|turn|19\n|\n|t:|1699980731\n|switch|p2a: Corviknight|Corviknight, M|29\/100\n|move|p1a: Clodsire|Earthquake|p2a: Corviknight\n|-immune|p2a: Corviknight\n|\n|-heal|p1a: Clodsire|76\/100 tox|[from] item: Leftovers\n|-damage|p1a: Clodsire|57\/100 tox|[from] psn\n|upkeep\n|turn|20\n|-message|balakeseal forfeited.\n|\n|win|ImNotDoingExamPrep\n|raw|balakeseal's rating: 1191 &rarr; <strong>1172<\/strong><br \/>(-19 for losing)\n|raw|ImNotDoingExamPrep's rating: 1272 &rarr; <strong>1291<\/strong><br \/>(+19 for winning)\n|l|\u2606balakeseal\n","uploadtime":1699980739,"views":5,"p1id":"balakeseal","p2id":"imnotdoingexamprep","formatid":"gen9ou","rating":1172,"private":0,"password":""}