{"id":"gen9ou-1993922163","p1":"marence","p2":"cesar_toeck","format":"[Gen 9] OU","log":"|j|\u2606marence\n|j|\u2606cesar_toeck\n|t:|1700375942\n|gametype|singles\n|player|p1|marence|265|1083\n|player|p2|cesar_toeck|102|1050\n|teamsize|p1|6\n|teamsize|p2|6\n|gen|9\n|tier|[Gen 9] OU\n|rated|\n|rule|Sleep Clause Mod: Limit one foe put to sleep\n|rule|Species Clause: Limit one of each Pok\u00e9mon\n|rule|OHKO Clause: OHKO moves are banned\n|rule|Evasion Items Clause: Evasion items are banned\n|rule|Evasion Moves Clause: Evasion moves are banned\n|rule|Endless Battle Clause: Forcing endless battles is banned\n|rule|HP Percentage Mod: HP is shown in percentages\n|clearpoke\n|poke|p1|Regidrago|\n|poke|p1|Zapdos|\n|poke|p1|Great Tusk|\n|poke|p1|Klefki, M|\n|poke|p1|Volcanion|\n|poke|p1|Hoopa-Unbound|\n|poke|p2|Avalugg, F|\n|poke|p2|Florges, F|\n|poke|p2|Espeon, M|\n|poke|p2|Krookodile, M|\n|poke|p2|Staraptor, M|\n|poke|p2|Arcanine, M|\n|teampreview\n|\n|t:|1700375950\n|start\n|switch|p1a: cat|Regidrago|100\/100\n|switch|p2a: Arcanine|Arcanine, M|100\/100\n|-ability|p2a: Arcanine|Intimidate|boost\n|-unboost|p1a: cat|atk|1\n|turn|1\n|inactive|Battle timer is ON: inactive players will automatically lose when time's up. (requested by cesar_toeck)\n|\n|t:|1700375963\n|-terastallize|p1a: cat|Dragon\n|move|p1a: cat|Dragon Energy|p2a: Arcanine\n|-damage|p2a: Arcanine|0 fnt\n|faint|p2a: Arcanine\n|\n|upkeep\n|\n|t:|1700375973\n|switch|p2a: Florges|Florges, F|100\/100\n|turn|2\n|\n|t:|1700375979\n|switch|p1a: car keys|Klefki, M|100\/100\n|-terastallize|p2a: Florges|Fairy\n|move|p2a: Florges|Moonblast|p1a: car keys\n|-resisted|p1a: car keys\n|-damage|p1a: car keys|79\/100\n|-unboost|p1a: car keys|spa|1\n|\n|upkeep\n|turn|3\n|\n|t:|1700375989\n|move|p1a: car keys|Switcheroo|p2a: Florges\n|-activate|p1a: car keys|move: Trick|[of] p2a: Florges\n|-item|p2a: Florges|Ring Target|[from] move: Switcheroo\n|-item|p1a: car keys|Leftovers|[from] move: Switcheroo\n|move|p2a: Florges|Light Screen|p2a: Florges\n|-sidestart|p2: cesar_toeck|move: Light Screen\n|\n|-heal|p1a: car keys|85\/100|[from] item: Leftovers\n|upkeep\n|turn|4\n|\n|t:|1700376001\n|switch|p2a: Staraptor|Staraptor, M|100\/100\n|move|p1a: car keys|Spikes|p2a: Staraptor\n|-sidestart|p2: cesar_toeck|Spikes\n|\n|-heal|p1a: car keys|91\/100|[from] item: Leftovers\n|upkeep\n|turn|5\n|\n|t:|1700376010\n|move|p1a: car keys|Thunder Wave|p2a: Staraptor\n|-status|p2a: Staraptor|par\n|move|p2a: Staraptor|Brave Bird|p1a: car keys\n|-resisted|p1a: car keys\n|-damage|p1a: car keys|46\/100\n|-damage|p2a: Staraptor|85\/100 par|[from] Recoil\n|\n|-heal|p1a: car keys|52\/100|[from] item: Leftovers\n|upkeep\n|turn|6\n|\n|t:|1700376019\n|move|p1a: car keys|Spikes|p2a: Staraptor\n|-sidestart|p2: cesar_toeck|Spikes\n|move|p2a: Staraptor|Brave Bird|p1a: car keys\n|-resisted|p1a: car keys\n|-damage|p1a: car keys|8\/100\n|-damage|p2a: Staraptor|70\/100 par|[from] Recoil\n|\n|-heal|p1a: car keys|14\/100|[from] item: Leftovers\n|upkeep\n|turn|7\n|\n|t:|1700376027\n|move|p1a: car keys|Spikes|p2a: Staraptor\n|-sidestart|p2: cesar_toeck|Spikes\n|cant|p2a: Staraptor|par\n|\n|-heal|p1a: car keys|20\/100|[from] item: Leftovers\n|-sideend|p2: cesar_toeck|move: Light Screen\n|upkeep\n|turn|8\n|\n|t:|1700376039\n|move|p2a: Staraptor|Brave Bird|p1a: car keys\n|-resisted|p1a: car keys\n|-damage|p1a: car keys|0 fnt\n|faint|p1a: car keys\n|-damage|p2a: Staraptor|64\/100 par|[from] Recoil\n|\n|upkeep\n|\n|t:|1700376054\n|switch|p1a: cat|Regidrago, tera:Dragon|100\/100\n|turn|9\n|\n|t:|1700376061\n|switch|p2a: Florges|Florges, F, tera:Fairy|100\/100\n|-damage|p2a: Florges|75\/100|[from] Spikes\n|move|p1a: cat|Dragon Energy|p2a: Florges\n|-damage|p2a: Florges|8\/100\n|\n|upkeep\n|turn|10\n|\n|t:|1700376069\n|move|p1a: cat|Dragon Energy|p2a: Florges\n|-damage|p2a: Florges|0 fnt\n|faint|p2a: Florges\n|\n|upkeep\n|\n|t:|1700376076\n|switch|p2a: Krookodile|Krookodile, M|100\/100\n|-damage|p2a: Krookodile|76\/100|[from] Spikes\n|turn|11\n|\n|t:|1700376079\n|move|p1a: cat|Dragon Energy|p2a: Krookodile\n|-damage|p2a: Krookodile|0 fnt\n|faint|p2a: Krookodile\n|\n|upkeep\n|\n|t:|1700376087\n|switch|p2a: Espeon|Espeon, M|100\/100\n|-damage|p2a: Espeon|76\/100|[from] Spikes\n|turn|12\n|\n|t:|1700376092\n|move|p1a: cat|Dragon Energy|p2a: Espeon\n|-damage|p2a: Espeon|0 fnt\n|faint|p2a: Espeon\n|\n|upkeep\n|\n|t:|1700376096\n|switch|p2a: Staraptor|Staraptor, M|64\/100 par\n|turn|13\n|\n|t:|1700376099\n|move|p1a: cat|Dragon Energy|p2a: Staraptor\n|-damage|p2a: Staraptor|0 fnt\n|faint|p2a: Staraptor\n|\n|upkeep\n|\n|t:|1700376103\n|switch|p2a: Avalugg|Avalugg, F|100\/100\n|-damage|p2a: Avalugg|76\/100|[from] Spikes\n|turn|14\n|\n|t:|1700376107\n|move|p1a: cat|Dragon Energy|p2a: Avalugg\n|-damage|p2a: Avalugg|0 fnt\n|faint|p2a: Avalugg\n|\n|win|marence\n|raw|marence's rating: 1083 &rarr; <strong>1108<\/strong><br \/>(+25 for winning)\n|raw|cesar_toeck's rating: 1050 &rarr; <strong>1034<\/strong><br \/>(-16 for losing)\n|l|\u2606cesar_toeck\n","uploadtime":1700376118,"views":16,"p1id":"marence","p2id":"cesartoeck","formatid":"gen9ou","rating":1034,"private":0,"password":""}