{"id":"gen9ou-1992275165","p1":"boumbapanda2","p2":"Lanbos eternity","format":"[Gen 9] OU","log":"|j|\u2606boumbapanda2\n|j|\u2606Lanbos eternity\n|t:|1700169969\n|gametype|singles\n|player|p1|boumbapanda2|fisherman-gen4|1172\n|player|p2|Lanbos eternity|lass-gen4dp|1195\n|teamsize|p1|6\n|teamsize|p2|6\n|gen|9\n|tier|[Gen 9] OU\n|rated|\n|rule|Sleep Clause Mod: Limit one foe put to sleep\n|rule|Species Clause: Limit one of each Pok\u00e9mon\n|rule|OHKO Clause: OHKO moves are banned\n|rule|Evasion Items Clause: Evasion items are banned\n|rule|Evasion Moves Clause: Evasion moves are banned\n|rule|Endless Battle Clause: Forcing endless battles is banned\n|rule|HP Percentage Mod: HP is shown in percentages\n|clearpoke\n|poke|p1|Kingambit, F|\n|poke|p1|Great Tusk|\n|poke|p1|Dragapult, M|\n|poke|p1|Ogerpon-Wellspring, F|\n|poke|p1|Blissey, F|\n|poke|p1|Zapdos|\n|poke|p2|Dragapult, F|\n|poke|p2|Samurott-Hisui, F|\n|poke|p2|Iron Moth|\n|poke|p2|Enamorus, F|\n|poke|p2|Great Tusk|\n|poke|p2|Kingambit, F|\n|teampreview\n|inactive|Battle timer is ON: inactive players will automatically lose when time's up. (requested by Lanbos eternity)\n|\n|t:|1700169978\n|start\n|switch|p1a: Dragapult|Dragapult, M|100\/100\n|switch|p2a: No.|Great Tusk, shiny|100\/100\n|-enditem|p2a: No.|Booster Energy\n|-activate|p2a: No.|ability: Protosynthesis|[fromitem]\n|-start|p2a: No.|protosynthesisspe\n|turn|1\n|\n|t:|1700169987\n|move|p2a: No.|Ice Spinner|p1a: Dragapult\n|-supereffective|p1a: Dragapult\n|-damage|p1a: Dragapult|37\/100\n|move|p1a: Dragapult|U-turn|p2a: No.\n|-resisted|p2a: No.\n|-damage|p2a: No.|95\/100\n|\n|t:|1700169996\n|switch|p1a: Ogerpon|Ogerpon-Wellspring, F|100\/100|[from] U-turn\n|\n|upkeep\n|turn|2\n|\n|t:|1700170005\n|move|p2a: No.|Stealth Rock|p1a: Ogerpon\n|-sidestart|p1: boumbapanda2|move: Stealth Rock\n|move|p1a: Ogerpon|Ivy Cudgel|p2a: No.|[anim] Ivy Cudgel Water\n|-supereffective|p2a: No.\n|-damage|p2a: No.|24\/100\n|\n|upkeep\n|turn|3\n|\n|t:|1700170011\n|move|p2a: No.|Ice Spinner|p1a: Ogerpon\n|-damage|p1a: Ogerpon|72\/100\n|move|p1a: Ogerpon|Ivy Cudgel|p2a: No.|[anim] Ivy Cudgel Water\n|-supereffective|p2a: No.\n|-damage|p2a: No.|0 fnt\n|faint|p2a: No.\n|-end|p2a: No.|Protosynthesis|[silent]\n|\n|upkeep\n|\n|t:|1700170025\n|switch|p2a: \u2606\u2605Star\u2605\u2606|Dragapult, F, shiny|100\/100\n|turn|4\n|\n|t:|1700170031\n|switch|p1a: Blissey|Blissey, F|100\/100\n|move|p2a: \u2606\u2605Star\u2605\u2606|U-turn|p1a: Blissey\n|-damage|p1a: Blissey|86\/100\n|\n|t:|1700170035\n|switch|p2a: Don\u2019t Miss pls~|Samurott-Hisui, F, shiny|100\/100|[from] U-turn\n|\n|upkeep\n|turn|5\n|\n|t:|1700170041\n|switch|p1a: Zapdos|Zapdos|100\/100\n|move|p2a: Don\u2019t Miss pls~|Ceaseless Edge|p1a: Zapdos\n|-damage|p1a: Zapdos|47\/100\n|-sidestart|p1: boumbapanda2|Spikes\n|\n|upkeep\n|turn|6\n|\n|t:|1700170047\n|move|p2a: Don\u2019t Miss pls~|Ceaseless Edge|p1a: Zapdos\n|-damage|p1a: Zapdos|0 fnt\n|-sidestart|p1: boumbapanda2|Spikes\n|faint|p1a: Zapdos\n|\n|upkeep\n|\n|t:|1700170054\n|switch|p1a: Great Tusk|Great Tusk|100\/100\n|-damage|p1a: Great Tusk|98\/100|[from] Stealth Rock\n|-damage|p1a: Great Tusk|81\/100|[from] Spikes\n|turn|7\n|\n|t:|1700170060\n|switch|p2a: \u2606\u2605Star\u2605\u2606|Dragapult, F, shiny|100\/100\n|-terastallize|p1a: Great Tusk|Steel\n|move|p1a: Great Tusk|Rapid Spin|p2a: \u2606\u2605Star\u2605\u2606\n|-immune|p2a: \u2606\u2605Star\u2605\u2606\n|\n|-heal|p1a: Great Tusk|87\/100|[from] item: Leftovers\n|upkeep\n|turn|8\n|l|\u2606boumbapanda2\n|inactive|boumbapanda2 disconnected and has a minute to reconnect!\n|player|p1|\n|inactive|boumbapanda2 has 30 seconds to reconnect!\n|inactive|boumbapanda2 has 20 seconds to reconnect!\n|inactive|boumbapanda2 has 15 seconds to reconnect!\n|inactive|boumbapanda2 has 10 seconds to reconnect!\n|inactive|boumbapanda2 has 5 seconds to reconnect!\n|-message|boumbapanda2 lost due to inactivity.\n|\n|win|Lanbos eternity\n|raw|boumbapanda2's rating: 1172 &rarr; <strong>1149<\/strong><br \/>(-23 for losing)\n|raw|Lanbos eternity's rating: 1195 &rarr; <strong>1218<\/strong><br \/>(+23 for winning)\n","uploadtime":1700170133,"views":7,"p1id":"boumbapanda2","p2id":"lanboseternity","formatid":"gen9ou","rating":1149,"private":0,"password":""}