{"id":"gen9ou-1991657079","p1":"Pk Is Ok","p2":"blooclipse \u273f","format":"[Gen 9] OU","log":"|j|\u2606Pk Is Ok\n|j|\u2606blooclipse \u273f\n|t:|1700099233\n|gametype|singles\n|player|p1|Pk Is Ok|fisher-gen8|1592\n|player|p2|blooclipse \u273f|sina|1555\n|teamsize|p1|6\n|teamsize|p2|6\n|gen|9\n|tier|[Gen 9] OU\n|rated|\n|rule|Sleep Clause Mod: Limit one foe put to sleep\n|rule|Species Clause: Limit one of each Pok\u00e9mon\n|rule|OHKO Clause: OHKO moves are banned\n|rule|Evasion Items Clause: Evasion items are banned\n|rule|Evasion Moves Clause: Evasion moves are banned\n|rule|Endless Battle Clause: Forcing endless battles is banned\n|rule|HP Percentage Mod: HP is shown in percentages\n|clearpoke\n|poke|p1|Ursaluna, F|\n|poke|p1|Kommo-o, M|\n|poke|p1|Alomomola, M|\n|poke|p1|Iron Moth|\n|poke|p1|Hatterene, F|\n|poke|p1|Rillaboom, F|\n|poke|p2|Greninja-*, M|\n|poke|p2|Cinderace, F|\n|poke|p2|Rillaboom, F|\n|poke|p2|Hawlucha, M|\n|poke|p2|Sneasler, M|\n|poke|p2|Hoopa-Unbound|\n|teampreview\n|inactive|Battle timer is ON: inactive players will automatically lose when time's up. (requested by blooclipse \u273f)\n|c|\u2606blooclipse \u273f|is it?\n|c|\u2606Pk Is Ok|is it?\n|c|\u2606blooclipse \u273f|is it?\n|inactive|Pk Is Ok has 120 seconds left.\n|c|\u2606Pk Is Ok|it is!\n|\n|t:|1700099281\n|start\n|switch|p1a: JV player|Kommo-o, M|100\/100\n|switch|p2a: Greninja|Greninja, M|100\/100\n|turn|1\n|\n|t:|1700099290\n|switch|p1a: soulja boy|Alomomola, M|100\/100\n|move|p2a: Greninja|Spikes|p1a: soulja boy\n|-start|p2a: Greninja|typechange|Ground|[from] ability: Protean\n|-sidestart|p1: Pk Is Ok|Spikes\n|\n|upkeep\n|turn|2\n|\n|t:|1700099297\n|move|p2a: Greninja|Spikes|p1a: soulja boy\n|-sidestart|p1: Pk Is Ok|Spikes\n|move|p1a: soulja boy|Flip Turn|p2a: Greninja\n|-supereffective|p2a: Greninja\n|-damage|p2a: Greninja|42\/100\n|\n|t:|1700099299\n|switch|p1a: BusinessIsBoomin|Rillaboom, F|100\/100|[from] Flip Turn\n|-damage|p1a: BusinessIsBoomin|84\/100|[from] Spikes\n|-fieldstart|move: Grassy Terrain|[from] ability: Grassy Surge|[of] p1a: BusinessIsBoomin\n|\n|-heal|p2a: Greninja|48\/100|[from] Grassy Terrain\n|-heal|p1a: BusinessIsBoomin|90\/100|[from] Grassy Terrain\n|upkeep\n|turn|3\n|\n|t:|1700099304\n|move|p2a: Greninja|Gunk Shot|p1a: BusinessIsBoomin\n|-supereffective|p1a: BusinessIsBoomin\n|-damage|p1a: BusinessIsBoomin|31\/100\n|move|p1a: BusinessIsBoomin|U-turn|p2a: Greninja\n|-damage|p2a: Greninja|3\/100\n|\n|t:|1700099325\n|switch|p1a: soulja boy|Alomomola, M|100\/100|[from] U-turn\n|-damage|p1a: soulja boy|84\/100|[from] Spikes\n|\n|-heal|p2a: Greninja|9\/100|[from] Grassy Terrain\n|-heal|p1a: soulja boy|90\/100|[from] Grassy Terrain\n|upkeep\n|turn|4\n|\n|t:|1700099328\n|switch|p1a: room to shmove|Hatterene, F, shiny|100\/100\n|-damage|p1a: room to shmove|84\/100|[from] Spikes\n|-enditem|p1a: room to shmove|Grassy Seed\n|-boost|p1a: room to shmove|def|1|[from] item: Grassy Seed\n|move|p2a: Greninja|Spikes|p1a: room to shmove\n|move|p1a: room to shmove|Spikes|p2a: Greninja|[from]ability: Magic Bounce\n|-sidestart|p2: blooclipse \u273f|Spikes\n|\n|-heal|p2a: Greninja|15\/100|[from] Grassy Terrain\n|-heal|p1a: room to shmove|90\/100|[from] Grassy Terrain\n|upkeep\n|turn|5\n|\n|t:|1700099340\n|move|p2a: Greninja|Gunk Shot|p1a: room to shmove\n|-supereffective|p1a: room to shmove\n|-damage|p1a: room to shmove|45\/100\n|-status|p1a: room to shmove|psn\n|move|p1a: room to shmove|Draining Kiss|p2a: Greninja\n|-damage|p2a: Greninja|0 fnt\n|-heal|p1a: room to shmove|54\/100 psn|[from] drain|[of] p2a: Greninja\n|faint|p2a: Greninja\n|\n|-heal|p1a: room to shmove|60\/100 psn|[from] Grassy Terrain\n|-damage|p1a: room to shmove|48\/100 psn|[from] psn\n|upkeep\n|inactive|blooclipse \u273f has 120 seconds left.\n|\n|t:|1700099381\n|switch|p2a: Hawlucha|Hawlucha, M|100\/100\n|-enditem|p2a: Hawlucha|Grassy Seed\n|-boost|p2a: Hawlucha|def|1|[from] item: Grassy Seed\n|turn|6\n|c|\u2606blooclipse \u273f|oops\n|c|\u2606blooclipse \u273f|wrong dude\n|inactive|Pk Is Ok has 120 seconds left.\n|\n|t:|1700099413\n|move|p2a: Hawlucha|Swords Dance|p2a: Hawlucha\n|-boost|p2a: Hawlucha|atk|2\n|move|p1a: room to shmove|Draining Kiss|p2a: Hawlucha\n|-supereffective|p2a: Hawlucha\n|-damage|p2a: Hawlucha|32\/100\n|-heal|p1a: room to shmove|100\/100 psn|[from] drain|[of] p2a: Hawlucha\n|\n|-damage|p1a: room to shmove|88\/100 psn|[from] psn\n|upkeep\n|turn|7\n|\n|t:|1700099420\n|move|p2a: Hawlucha|Acrobatics|p1a: room to shmove\n|-damage|p1a: room to shmove|21\/100 psn\n|move|p1a: room to shmove|Draining Kiss|p2a: Hawlucha\n|-supereffective|p2a: Hawlucha\n|-damage|p2a: Hawlucha|0 fnt\n|-heal|p1a: room to shmove|47\/100 psn|[from] drain|[of] p2a: Hawlucha\n|faint|p2a: Hawlucha\n|\n|-heal|p1a: room to shmove|53\/100 psn|[from] Grassy Terrain\n|-damage|p1a: room to shmove|41\/100 psn|[from] psn\n|upkeep\n|c|\u2606blooclipse \u273f|crit rn hawucha\n|inactive|blooclipse \u273f has 120 seconds left.\n|\n|t:|1700099433\n|switch|p2a: Hoopa|Hoopa-Unbound|100\/100\n|-damage|p2a: Hoopa|88\/100|[from] Spikes\n|-enditem|p2a: Hoopa|Grassy Seed\n|-boost|p2a: Hoopa|def|1|[from] item: Grassy Seed\n|turn|8\n|\n|t:|1700099446\n|move|p2a: Hoopa|Dark Pulse|p1a: room to shmove\n|-damage|p1a: room to shmove|0 fnt\n|faint|p1a: room to shmove\n|\n|-heal|p2a: Hoopa|94\/100|[from] Grassy Terrain\n|upkeep\n|\n|t:|1700099454\n|switch|p1a: soulja boy|Alomomola, M|100\/100\n|-damage|p1a: soulja boy|84\/100|[from] Spikes\n|turn|9\n|\n|t:|1700099457\n|move|p2a: Hoopa|Grass Knot|p1a: soulja boy\n|-supereffective|p1a: soulja boy\n|-damage|p1a: soulja boy|48\/100\n|-item|p2a: Hoopa|Assault Vest|[from] ability: Magician|[of] p1a: soulja boy\n|move|p1a: soulja boy|Mirror Coat|p2a: Hoopa\n|-immune|p2a: Hoopa\n|\n|-heal|p2a: Hoopa|100\/100|[from] Grassy Terrain\n|-heal|p1a: soulja boy|54\/100|[from] Grassy Terrain\n|-fieldend|move: Grassy Terrain\n|upkeep\n|turn|10\n|c|\u2606Pk Is Ok|I may be stupid\n|c|\u2606blooclipse \u273f|dw same\n|\n|t:|1700099476\n|move|p2a: Hoopa|Dark Pulse|p1a: soulja boy\n|-damage|p1a: soulja boy|14\/100\n|move|p1a: soulja boy|Flip Turn|p2a: Hoopa\n|-damage|p2a: Hoopa|81\/100\n|inactive|Pk Is Ok has 120 seconds left.\n|\n|t:|1700099513\n|switch|p1a: night 5|Ursaluna, F|100\/100|[from] Flip Turn\n|-damage|p1a: night 5|84\/100|[from] Spikes\n|\n|-heal|p1a: night 5|90\/100|[from] item: Leftovers\n|upkeep\n|turn|11\n|c|\u2606blooclipse \u273f|sdef mola is a bit funky\n|c|\u2606Pk Is Ok|its so fire you live +6 manaphy stored power without tera\n|inactive|Pk Is Ok has 90 seconds left.\n|c|\u2606blooclipse \u273f|ur telling me that bitch lives\n|c|\u2606blooclipse \u273f|+6 spa +6 sdef spower?\n|c|\u2606blooclipse \u273f|your face when they acid armor\n|inactive|Pk Is Ok has 60 seconds left.\n|c|\u2606Pk Is Ok|nah I lived\n|c|\u2606blooclipse \u273f|fatass fuck no way\n|c|\u2606Pk Is Ok|I gotta find the screenshot\n|j| Shucklepilled\n|c|\u2606blooclipse \u273f|wait i need to calc that now\n|c|\u2606blooclipse \u273f|hello fuckelpill\n|c|\u2606blooclipse \u273f|we got some heat\n|c|\u2606Pk Is Ok|y'all got discord?\n|\n|t:|1700099598\n|move|p1a: night 5|Protect|p1a: night 5\n|-singleturn|p1a: night 5|Protect\n|move|p2a: Hoopa|Grass Knot|p1a: night 5\n|-activate|p1a: night 5|move: Protect\n|\n|-heal|p1a: night 5|96\/100|[from] item: Leftovers\n|upkeep\n|turn|12\n|c|\u2606blooclipse \u273f|+6 0 SpA Manaphy Stored Power (260 BP) vs. 252 HP \/ 252+ SpD Assault Vest Alomomola: 566-667 (105.9 - 124.9%) -- guaranteed OHKO\n|c|\u2606blooclipse \u273f|he gets owned..\n|\n|t:|1700099616\n|move|p2a: Hoopa|Grass Knot|p1a: night 5\n|-supereffective|p1a: night 5\n|-damage|p1a: night 5|27\/100\n|move|p1a: night 5|High Horsepower|p2a: Hoopa\n|-damage|p2a: Hoopa|31\/100\n|\n|-heal|p1a: night 5|34\/100|[from] item: Leftovers\n|upkeep\n|turn|13\n|c|\u2606Pk Is Ok|maybe he wasn't max stats\n|c|\u2606Pk Is Ok|oops\n|inactive|Pk Is Ok has 30 seconds left.\n|c|\u2606blooclipse \u273f|yea if its like\n|c|\u2606blooclipse \u273f|+5 then you live..\n|inactive|blooclipse \u273f has 120 seconds left.\n|c|\u2606blooclipse \u273f|+5 0 SpA Manaphy Stored Power (220 BP) vs. 252 HP \/ 252+ SpD Assault Vest Alomomola: 419-494 (78.4 - 92.5%) -- guaranteed OHKO\n|c|\u2606blooclipse \u273f|got damn\n|\n|t:|1700099657\n|move|p1a: night 5|Protect|p1a: night 5\n|-singleturn|p1a: night 5|Protect\n|move|p2a: Hoopa|Psyshock|p1a: night 5\n|-activate|p1a: night 5|move: Protect\n|\n|-heal|p1a: night 5|40\/100|[from] item: Leftovers\n|upkeep\n|turn|14\n|c| Shucklepilled|AV mola is nuts actually wtf\n|inactive|Pk Is Ok has 30 seconds left.\n|c| Shucklepilled|Im stealing that\n|\n|t:|1700099669\n|-terastallize|p1a: night 5|Poison\n|move|p2a: Hoopa|Grass Knot|p1a: night 5\n|-resisted|p1a: night 5\n|-damage|p1a: night 5|22\/100\n|move|p1a: night 5|High Horsepower|p2a: Hoopa\n|-damage|p2a: Hoopa|0 fnt\n|faint|p2a: Hoopa\n|\n|-heal|p1a: night 5|28\/100|[from] item: Leftovers\n|upkeep\n|c|\u2606blooclipse \u273f|smh!\n|\n|t:|1700099676\n|switch|p2a: Cinderace|Cinderace, F|100\/100\n|-damage|p2a: Cinderace|88\/100|[from] Spikes\n|turn|15\n|c| Shucklepilled|Except actually i play PU now\n|c|\u2606Pk Is Ok|gotta put y'all on the tech\n|\n|t:|1700099691\n|move|p1a: night 5|Protect|p1a: night 5\n|-singleturn|p1a: night 5|Protect\n|move|p2a: Cinderace|Zen Headbutt|p1a: night 5\n|-start|p2a: Cinderace|typechange|Psychic|[from] ability: Libero\n|-activate|p1a: night 5|move: Protect\n|\n|-heal|p1a: night 5|34\/100|[from] item: Leftovers\n|upkeep\n|turn|16\n|c|\u2606blooclipse \u273f|zen hebut\n|c|\u2606Pk Is Ok|damn this shit fucks my team lol\n|c|\u2606blooclipse \u273f|yea\n|inactive|Pk Is Ok has 30 seconds left.\n|c| Shucklepilled|It's ok she misses\n|c|\u2606blooclipse \u273f|u lose to sneasler also\n|\n|t:|1700099714\n|move|p2a: Cinderace|Zen Headbutt|p1a: night 5\n|-supereffective|p1a: night 5\n|-damage|p1a: night 5|0 fnt\n|faint|p1a: night 5\n|\n|upkeep\n|inactive|Pk Is Ok has 30 seconds left this turn.\n|\n|t:|1700099724\n|switch|p1a: the sun|Iron Moth|100\/100\n|-damage|p1a: the sun|84\/100|[from] Spikes\n|-enditem|p1a: the sun|Booster Energy\n|-activate|p1a: the sun|ability: Quark Drive|[fromitem]\n|-start|p1a: the sun|quarkdrivespe\n|turn|17\n|inactive|Pk Is Ok has 30 seconds left.\n|c|\u2606Pk Is Ok|nah komo-o got sneasler\n|c|\u2606blooclipse \u273f|watch this\n|c|\u2606Pk Is Ok|you dont even know yet\n|\n|t:|1700099738\n|move|p1a: the sun|Fiery Dance|p2a: Cinderace\n|-damage|p2a: Cinderace|28\/100\n|-boost|p1a: the sun|spa|1\n|move|p2a: Cinderace|Zen Headbutt|p1a: the sun\n|-supereffective|p1a: the sun\n|-damage|p1a: the sun|0 fnt\n|faint|p1a: the sun\n|-end|p1a: the sun|Quark Drive|[silent]\n|\n|upkeep\n|inactive|Pk Is Ok has 30 seconds left this turn.\n|\n|t:|1700099741\n|switch|p1a: BusinessIsBoomin|Rillaboom, F|31\/100\n|-damage|p1a: BusinessIsBoomin|14\/100|[from] Spikes\n|-fieldstart|move: Grassy Terrain|[from] ability: Grassy Surge|[of] p1a: BusinessIsBoomin\n|turn|18\n|\n|t:|1700099746\n|move|p2a: Cinderace|Sucker Punch|p1a: BusinessIsBoomin\n|-damage|p1a: BusinessIsBoomin|0 fnt\n|faint|p1a: BusinessIsBoomin\n|\n|-heal|p2a: Cinderace|34\/100|[from] Grassy Terrain\n|upkeep\n|c|\u2606blooclipse \u273f|ur gonna pull out like coba berry or some shit\n|\n|t:|1700099753\n|switch|p1a: JV player|Kommo-o, M|100\/100\n|-damage|p1a: JV player|84\/100|[from] Spikes\n|turn|19\n|\n|t:|1700099756\n|move|p2a: Cinderace|Zen Headbutt|p1a: JV player\n|-supereffective|p1a: JV player\n|-damage|p1a: JV player|33\/100\n|move|p1a: JV player|Iron Defense|p1a: JV player\n|-boost|p1a: JV player|def|2\n|\n|-heal|p2a: Cinderace|40\/100|[from] Grassy Terrain\n|-heal|p1a: JV player|39\/100|[from] Grassy Terrain\n|-heal|p1a: JV player|45\/100|[from] item: Leftovers\n|upkeep\n|turn|20\n|\n|t:|1700099763\n|move|p2a: Cinderace|Zen Headbutt|p1a: JV player\n|-supereffective|p1a: JV player\n|-damage|p1a: JV player|20\/100\n|cant|p1a: JV player|flinch\n|\n|-heal|p2a: Cinderace|46\/100|[from] Grassy Terrain\n|-heal|p1a: JV player|26\/100|[from] Grassy Terrain\n|-heal|p1a: JV player|32\/100|[from] item: Leftovers\n|upkeep\n|turn|21\n|c| Shucklepilled|Ayo\n|inactive|Pk Is Ok has 60 seconds left.\n|\n|t:|1700099769\n|move|p2a: Cinderace|Zen Headbutt|p1a: JV player\n|-supereffective|p1a: JV player\n|-damage|p1a: JV player|9\/100\n|cant|p1a: JV player|flinch\n|\n|-heal|p2a: Cinderace|52\/100|[from] Grassy Terrain\n|-heal|p1a: JV player|15\/100|[from] Grassy Terrain\n|-heal|p1a: JV player|21\/100|[from] item: Leftovers\n|upkeep\n|turn|22\n|c|\u2606blooclipse \u273f|nah\n|c|\u2606Pk Is Ok|bro\n|\n|t:|1700099774\n|move|p2a: Cinderace|Zen Headbutt|p1a: JV player\n|-supereffective|p1a: JV player\n|-damage|p1a: JV player|0 fnt\n|faint|p1a: JV player\n|\n|-heal|p2a: Cinderace|58\/100|[from] Grassy Terrain\n|upkeep\n|c|\u2606Pk Is Ok|I went out sad\n|c|\u2606blooclipse \u273f|told u im better\n|c| Shucklepilled|Wtf\n|\n|t:|1700099782\n|switch|p1a: soulja boy|Alomomola, M|48\/100\n|-damage|p1a: soulja boy|31\/100|[from] Spikes\n|turn|23\n|c|\u2606blooclipse \u273f|whats ur other 2 moves\n|c| Shucklepilled|Bloo with good rng???\n|c|\u2606blooclipse \u273f|cuz +4 acro is still beating your ass even with boosts\n|\n|t:|1700099794\n|move|p2a: Cinderace|Zen Headbutt|p1a: soulja boy\n|-damage|p1a: soulja boy|3\/100\n|move|p1a: soulja boy|Flip Turn|p2a: Cinderace\n|-damage|p2a: Cinderace|32\/100\n|\n|-heal|p2a: Cinderace|38\/100|[from] Grassy Terrain\n|-heal|p1a: soulja boy|9\/100|[from] Grassy Terrain\n|upkeep\n|turn|24\n|c|\u2606Pk Is Ok|body press, iron head tera poison for fairies\n|c|\u2606Pk Is Ok|rocks\n|\n|t:|1700099803\n|-terastallize|p2a: Cinderace|Fire\n|move|p2a: Cinderace|Pyro Ball|p1a: soulja boy\n|-resisted|p1a: soulja boy\n|-damage|p1a: soulja boy|0 fnt\n|faint|p1a: soulja boy\n|\n|win|blooclipse \u273f\n|raw|Pk Is Ok's rating: 1592 &rarr; <strong>1570<\/strong><br \/>(-22 for losing)\n|raw|blooclipse \u273f's rating: 1555 &rarr; <strong>1577<\/strong><br \/>(+22 for winning)\n","uploadtime":1700099574,"views":7,"p1id":"pkisok","p2id":"blooclipse","formatid":"gen9ou","rating":1570,"private":0,"password":""}