{"id":"gen9ou-1992782113","p1":"Billythekid95","p2":"littensalt","format":"[Gen 9] OU","log":"|j|\u2606Billythekid95\n|j|\u2606littensalt\n|t:|1700234971\n|gametype|singles\n|player|p1|Billythekid95|170|1484\n|player|p2|littensalt|calem|1431\n|teamsize|p1|6\n|teamsize|p2|6\n|gen|9\n|tier|[Gen 9] OU\n|rated|\n|rule|Sleep Clause Mod: Limit one foe put to sleep\n|rule|Species Clause: Limit one of each Pok\u00e9mon\n|rule|OHKO Clause: OHKO moves are banned\n|rule|Evasion Items Clause: Evasion items are banned\n|rule|Evasion Moves Clause: Evasion moves are banned\n|rule|Endless Battle Clause: Forcing endless battles is banned\n|rule|HP Percentage Mod: HP is shown in percentages\n|clearpoke\n|poke|p1|Weavile, M|\n|poke|p1|Garchomp, F|\n|poke|p1|Tsareena, F|\n|poke|p1|Iron Moth|\n|poke|p1|Iron Valiant|\n|poke|p1|Rotom-Wash|\n|poke|p2|Thundurus-Therian, M|\n|poke|p2|Weezing-Galar, F|\n|poke|p2|Cinderace, M|\n|poke|p2|Dragapult, F|\n|poke|p2|Ting-Lu|\n|poke|p2|Zamazenta-*|\n|teampreview\n|\n|t:|1700234982\n|start\n|switch|p1a: Garchomp|Garchomp, F|100\/100\n|switch|p2a: KIDS SEE GHOST|Dragapult, F, shiny|100\/100\n|turn|1\n|\n|t:|1700234988\n|move|p2a: KIDS SEE GHOST|Draco Meteor|p1a: Garchomp\n|-supereffective|p1a: Garchomp\n|-damage|p1a: Garchomp|0 fnt\n|-unboost|p2a: KIDS SEE GHOST|spa|2\n|faint|p1a: Garchomp\n|\n|upkeep\n|\n|t:|1700234994\n|switch|p1a: Weavile|Weavile, M|100\/100\n|-ability|p1a: Weavile|Pressure\n|turn|2\n|\n|t:|1700234998\n|switch|p2a: wheezy outta here|Weezing-Galar, F, shiny|100\/100\n|-ability|p2a: wheezy outta here|Neutralizing Gas\n|move|p1a: Weavile|Swords Dance|p1a: Weavile\n|-boost|p1a: Weavile|atk|2\n|\n|upkeep\n|turn|3\n|\n|t:|1700235004\n|move|p1a: Weavile|Ice Spinner|p2a: wheezy outta here\n|-damage|p2a: wheezy outta here|49\/100\n|-damage|p1a: Weavile|84\/100|[from] item: Rocky Helmet|[of] p2a: wheezy outta here\n|move|p2a: wheezy outta here|Haze|p2a: wheezy outta here\n|-clearallboost\n|\n|upkeep\n|turn|4\n|\n|t:|1700235011\n|move|p1a: Weavile|Swords Dance|p1a: Weavile\n|-boost|p1a: Weavile|atk|2\n|move|p2a: wheezy outta here|Pain Split|p1a: Weavile\n|-sethp|p1a: Weavile|71\/100|[from] move: Pain Split|[silent]\n|-sethp|p2a: wheezy outta here|60\/100|[from] move: Pain Split\n|\n|upkeep\n|turn|5\n|\n|t:|1700235019\n|move|p1a: Weavile|Ice Spinner|p2a: wheezy outta here\n|-damage|p2a: wheezy outta here|12\/100\n|-damage|p1a: Weavile|54\/100|[from] item: Rocky Helmet|[of] p2a: wheezy outta here\n|move|p2a: wheezy outta here|Haze|p2a: wheezy outta here\n|-clearallboost\n|\n|upkeep\n|turn|6\n|\n|t:|1700235026\n|move|p1a: Weavile|Ice Spinner|p2a: wheezy outta here\n|-damage|p2a: wheezy outta here|0 fnt\n|-damage|p1a: Weavile|38\/100|[from] item: Rocky Helmet|[of] p2a: wheezy outta here\n|faint|p2a: wheezy outta here\n|-end|p2a: wheezy outta here|ability: Neutralizing Gas\n|-ability|p1a: Weavile|Pressure\n|\n|upkeep\n|\n|t:|1700235033\n|switch|p2a: FRANCHISE|Cinderace, M|100\/100\n|turn|7\n|\n|t:|1700235036\n|move|p1a: Weavile|Knock Off|p2a: FRANCHISE\n|-damage|p2a: FRANCHISE|29\/100\n|-enditem|p2a: FRANCHISE|Heavy-Duty Boots|[from] move: Knock Off|[of] p1a: Weavile\n|move|p2a: FRANCHISE|Pyro Ball|p1a: Weavile\n|-supereffective|p1a: Weavile\n|-damage|p1a: Weavile|0 fnt\n|faint|p1a: Weavile\n|\n|upkeep\n|\n|t:|1700235059\n|switch|p1a: Iron Valiant|Iron Valiant|100\/100\n|-enditem|p1a: Iron Valiant|Booster Energy\n|-activate|p1a: Iron Valiant|ability: Quark Drive|[fromitem]\n|-start|p1a: Iron Valiant|quarkdrivespe\n|turn|8\n|\n|t:|1700235067\n|move|p1a: Iron Valiant|Swords Dance|p1a: Iron Valiant\n|-boost|p1a: Iron Valiant|atk|2\n|move|p2a: FRANCHISE|U-turn|p1a: Iron Valiant\n|-start|p2a: FRANCHISE|typechange|Bug|[from] ability: Libero\n|-resisted|p1a: Iron Valiant\n|-damage|p1a: Iron Valiant|89\/100\n|\n|t:|1700235074\n|switch|p2a: 5g|Thundurus-Therian, M, shiny|100\/100|[from] U-turn\n|\n|upkeep\n|turn|9\n|\n|t:|1700235081\n|-terastallize|p1a: Iron Valiant|Fairy\n|move|p1a: Iron Valiant|Spirit Break|p2a: 5g\n|-damage|p2a: 5g|0 fnt\n|faint|p2a: 5g\n|\n|upkeep\n|\n|t:|1700235091\n|switch|p2a: FRANCHISE|Cinderace, M|29\/100\n|turn|10\n|\n|t:|1700235097\n|move|p2a: FRANCHISE|Sucker Punch|p1a: Iron Valiant\n|-start|p2a: FRANCHISE|typechange|Dark|[from] ability: Libero\n|-resisted|p1a: Iron Valiant\n|-damage|p1a: Iron Valiant|66\/100\n|move|p1a: Iron Valiant|Spirit Break|p2a: FRANCHISE\n|-supereffective|p2a: FRANCHISE\n|-damage|p2a: FRANCHISE|0 fnt\n|faint|p2a: FRANCHISE\n|\n|upkeep\n|\n|t:|1700235106\n|switch|p2a: Ting-Lu|Ting-Lu|100\/100\n|-ability|p2a: Ting-Lu|Vessel of Ruin\n|turn|11\n|\n|t:|1700235112\n|-terastallize|p2a: Ting-Lu|Poison\n|move|p1a: Iron Valiant|Close Combat|p2a: Ting-Lu\n|-resisted|p2a: Ting-Lu\n|-damage|p2a: Ting-Lu|67\/100\n|-unboost|p1a: Iron Valiant|def|1\n|-unboost|p1a: Iron Valiant|spd|1\n|move|p2a: Ting-Lu|Whirlwind|p1a: Iron Valiant\n|-end|p1a: Iron Valiant|Quark Drive|[silent]\n|drag|p1a: Rotom|Rotom-Wash|100\/100\n|\n|-heal|p2a: Ting-Lu|73\/100|[from] item: Leftovers\n|upkeep\n|turn|12\n|\n|t:|1700235122\n|move|p1a: Rotom|Trick|p2a: Ting-Lu\n|-activate|p1a: Rotom|move: Trick|[of] p2a: Ting-Lu\n|-item|p2a: Ting-Lu|Choice Scarf|[from] move: Trick\n|-item|p1a: Rotom|Leftovers|[from] move: Trick\n|move|p2a: Ting-Lu|Spikes|p1a: Rotom\n|-sidestart|p1: Billythekid95|Spikes\n|\n|upkeep\n|turn|13\n|\n|t:|1700235130\n|switch|p2a: KIDS SEE GHOST|Dragapult, F, shiny|100\/100\n|move|p1a: Rotom|Discharge|p2a: KIDS SEE GHOST\n|-resisted|p2a: KIDS SEE GHOST\n|-damage|p2a: KIDS SEE GHOST|74\/100\n|\n|upkeep\n|turn|14\n|\n|t:|1700235138\n|move|p2a: KIDS SEE GHOST|Shadow Ball|p1a: Rotom\n|-damage|p1a: Rotom|37\/100\n|move|p1a: Rotom|Discharge|p2a: KIDS SEE GHOST\n|-resisted|p2a: KIDS SEE GHOST\n|-damage|p2a: KIDS SEE GHOST|48\/100\n|\n|-heal|p1a: Rotom|43\/100|[from] item: Leftovers\n|upkeep\n|turn|15\n|\n|t:|1700235146\n|move|p2a: KIDS SEE GHOST|Shadow Ball|p1a: Rotom\n|-damage|p1a: Rotom|0 fnt\n|faint|p1a: Rotom\n|\n|upkeep\n|\n|t:|1700235150\n|switch|p1a: Tsareena|Tsareena, F|100\/100\n|-damage|p1a: Tsareena|88\/100|[from] Spikes\n|turn|16\n|\n|t:|1700235154\n|switch|p2a: november|Zamazenta|100\/100\n|-ability|p2a: november|Dauntless Shield|boost\n|-boost|p2a: november|def|1\n|move|p1a: Tsareena|Knock Off|p2a: november\n|-resisted|p2a: november\n|-damage|p2a: november|94\/100\n|-enditem|p2a: november|Leftovers|[from] move: Knock Off|[of] p1a: Tsareena\n|\n|upkeep\n|turn|17\n|\n|t:|1700235162\n|move|p2a: november|Substitute|p2a: november\n|-start|p2a: november|Substitute\n|-damage|p2a: november|69\/100\n|move|p1a: Tsareena|Rapid Spin|p2a: november\n|-activate|p2a: november|move: Substitute|[damage]\n|-sideend|p1: Billythekid95|Spikes|[from] move: Rapid Spin|[of] p1a: Tsareena\n|-boost|p1a: Tsareena|spe|1\n|\n|upkeep\n|turn|18\n|\n|t:|1700235168\n|move|p2a: november|Iron Defense|p2a: november\n|-boost|p2a: november|def|2\n|move|p1a: Tsareena|U-turn|p2a: november\n|-resisted|p2a: november\n|-activate|p2a: november|move: Substitute|[damage]\n|\n|t:|1700235176\n|switch|p1a: Iron Valiant|Iron Valiant, tera:Fairy|66\/100|[from] U-turn\n|\n|upkeep\n|turn|19\n|\n|t:|1700235179\n|move|p2a: november|Body Press|p1a: Iron Valiant\n|-resisted|p1a: Iron Valiant\n|-damage|p1a: Iron Valiant|14\/100\n|move|p1a: Iron Valiant|Encore|p2a: november\n|-start|p2a: november|Encore\n|\n|upkeep\n|turn|20\n|\n|t:|1700235186\n|move|p2a: november|Body Press|p1a: Iron Valiant\n|-resisted|p1a: Iron Valiant\n|-damage|p1a: Iron Valiant|0 fnt\n|faint|p1a: Iron Valiant\n|-end|p1a: Iron Valiant|Quark Drive|[silent]\n|\n|upkeep\n|\n|t:|1700235191\n|switch|p1a: Iron Moth|Iron Moth|100\/100\n|-enditem|p1a: Iron Moth|Booster Energy\n|-activate|p1a: Iron Moth|ability: Quark Drive|[fromitem]\n|-start|p1a: Iron Moth|quarkdrivespe\n|turn|21\n|\n|t:|1700235198\n|move|p1a: Iron Moth|Fiery Dance|p2a: november\n|-end|p2a: november|Substitute\n|move|p2a: november|Body Press|p1a: Iron Moth\n|-resisted|p1a: Iron Moth\n|-damage|p1a: Iron Moth|41\/100\n|\n|upkeep\n|turn|22\n|\n|t:|1700235205\n|move|p1a: Iron Moth|Sludge Wave|p2a: november\n|-damage|p2a: november|31\/100\n|move|p2a: november|Body Press|p1a: Iron Moth\n|-resisted|p1a: Iron Moth\n|-damage|p1a: Iron Moth|0 fnt\n|faint|p1a: Iron Moth\n|-end|p1a: Iron Moth|Quark Drive|[silent]\n|\n|-end|p2a: november|Encore\n|upkeep\n|-message|Billythekid95 forfeited.\n|\n|win|littensalt\n|raw|Billythekid95's rating: 1484 &rarr; <strong>1461<\/strong><br \/>(-23 for losing)\n|raw|littensalt's rating: 1431 &rarr; <strong>1454<\/strong><br \/>(+23 for winning)\n|l|\u2606Billythekid95\n","uploadtime":1700235215,"views":9,"p1id":"billythekid95","p2id":"littensalt","formatid":"gen9ou","rating":1454,"private":0,"password":""}