{"id":"gen9ou-1992548648","p1":"vyuiowe","p2":"grass knot zygarde","format":"[Gen 9] OU","log":"|j|\u2606vyuiowe\n|j|\u2606grass knot zygarde\n|t:|1700203724\n|gametype|singles\n|player|p1|vyuiowe|pokemonranger-gen4|1579\n|player|p2|grass knot zygarde|dawn|1576\n|teamsize|p1|6\n|teamsize|p2|6\n|gen|9\n|tier|[Gen 9] OU\n|rated|\n|rule|Sleep Clause Mod: Limit one foe put to sleep\n|rule|Species Clause: Limit one of each Pok\u00e9mon\n|rule|OHKO Clause: OHKO moves are banned\n|rule|Evasion Items Clause: Evasion items are banned\n|rule|Evasion Moves Clause: Evasion moves are banned\n|rule|Endless Battle Clause: Forcing endless battles is banned\n|rule|HP Percentage Mod: HP is shown in percentages\n|clearpoke\n|poke|p1|Dondozo, F|\n|poke|p1|Clefable, F|\n|poke|p1|Dragapult, F|\n|poke|p1|Skeledirge, F|\n|poke|p1|Meowscarada, F|\n|poke|p1|Zapdos|\n|poke|p2|Ceruledge, F|\n|poke|p2|Dragonite, M|\n|poke|p2|Iron Valiant|\n|poke|p2|Kingambit, M|\n|poke|p2|Glimmora, M|\n|poke|p2|Ogerpon-Wellspring, F|\n|teampreview\n|inactive|Battle timer is ON: inactive players will automatically lose when time's up. (requested by grass knot zygarde)\n|\n|t:|1700203728\n|start\n|switch|p1a: Meowscarada|Meowscarada, F|100\/100\n|switch|p2a: Glimmora|Glimmora, M|100\/100\n|turn|1\n|\n|t:|1700203735\n|move|p1a: Meowscarada|Flower Trick|p2a: Glimmora\n|-crit|p2a: Glimmora\n|-damage|p2a: Glimmora|46\/100\n|-activate|p2a: Glimmora|ability: Toxic Debris\n|-sidestart|p1: vyuiowe|move: Toxic Spikes\n|move|p2a: Glimmora|Mortal Spin|p1a: Meowscarada\n|-supereffective|p1a: Meowscarada\n|-damage|p1a: Meowscarada|82\/100\n|-status|p1a: Meowscarada|psn\n|\n|-damage|p1a: Meowscarada|70\/100 psn|[from] psn\n|upkeep\n|turn|2\n|\n|t:|1700203740\n|move|p1a: Meowscarada|Knock Off|p2a: Glimmora\n|-damage|p2a: Glimmora|0 fnt\n|-activate|p2a: Glimmora|ability: Toxic Debris\n|-sidestart|p1: vyuiowe|move: Toxic Spikes\n|-enditem|p2a: Glimmora|Focus Sash|[from] move: Knock Off|[of] p1a: Meowscarada\n|faint|p2a: Glimmora\n|\n|-damage|p1a: Meowscarada|57\/100 psn|[from] psn\n|upkeep\n|\n|t:|1700203747\n|switch|p2a: Iron Valiant|Iron Valiant|100\/100\n|-enditem|p2a: Iron Valiant|Booster Energy\n|-activate|p2a: Iron Valiant|ability: Quark Drive|[fromitem]\n|-start|p2a: Iron Valiant|quarkdrivespe\n|turn|3\n|\n|t:|1700203752\n|switch|p1a: Zapdos|Zapdos|100\/100\n|move|p2a: Iron Valiant|Knock Off|p1a: Zapdos\n|-damage|p1a: Zapdos|78\/100\n|-enditem|p1a: Zapdos|Heavy-Duty Boots|[from] move: Knock Off|[of] p2a: Iron Valiant\n|\n|upkeep\n|turn|4\n|\n|t:|1700203756\n|move|p2a: Iron Valiant|Destiny Bond|p2a: Iron Valiant\n|-singlemove|p2a: Iron Valiant|Destiny Bond\n|move|p1a: Zapdos|Hurricane|p2a: Iron Valiant\n|-supereffective|p2a: Iron Valiant\n|-damage|p2a: Iron Valiant|0 fnt\n|faint|p2a: Iron Valiant\n|-activate|p2a: Iron Valiant|move: Destiny Bond\n|-end|p2a: Iron Valiant|Quark Drive|[silent]\n|faint|p1a: Zapdos\n|\n|upkeep\n|\n|t:|1700203768\n|switch|p2a: Ogerpon|Ogerpon-Wellspring, F|100\/100\n|switch|p1a: Dragapult|Dragapult, F|100\/100\n|turn|5\n|\n|t:|1700203775\n|switch|p2a: Ceruledge|Ceruledge, F|100\/100\n|move|p1a: Dragapult|U-turn|p2a: Ceruledge\n|-resisted|p2a: Ceruledge\n|-damage|p2a: Ceruledge|94\/100\n|-ability|p2a: Ceruledge|Weak Armor|boost\n|-unboost|p2a: Ceruledge|def|1\n|-boost|p2a: Ceruledge|spe|2\n|\n|t:|1700203785\n|switch|p1a: Dondozo|Dondozo, F|100\/100|[from] U-turn\n|\n|upkeep\n|turn|6\n|j| puddd\n|\n|t:|1700203791\n|switch|p2a: Ogerpon|Ogerpon-Wellspring, F|100\/100\n|move|p1a: Dondozo|Curse|p1a: Dondozo\n|-unboost|p1a: Dondozo|spe|1\n|-boost|p1a: Dondozo|atk|1\n|-boost|p1a: Dondozo|def|1\n|\n|upkeep\n|turn|7\n|\n|t:|1700203797\n|switch|p1a: Dragapult|Dragapult, F|100\/100\n|move|p2a: Ogerpon|Encore||[still]\n|-fail|p2a: Ogerpon\n|\n|upkeep\n|turn|8\n|\n|t:|1700203801\n|move|p1a: Dragapult|Dragon Darts|p2a: Ogerpon\n|-damage|p2a: Ogerpon|72\/100\n|-anim|p1a: Dragapult|Dragon Darts|p2a: Ogerpon\n|-damage|p2a: Ogerpon|42\/100\n|move|p2a: Ogerpon|Ivy Cudgel|p1a: Dragapult|[anim] Ivy Cudgel Water\n|-resisted|p1a: Dragapult\n|-damage|p1a: Dragapult|57\/100\n|\n|upkeep\n|turn|9\n|\n|t:|1700203810\n|switch|p2a: Kingambit|Kingambit, M|100\/100\n|-activate|p2a: Kingambit|ability: Supreme Overlord\n|-start|p2a: Kingambit|fallen2|[silent]\n|move|p1a: Dragapult|Dragon Darts|p2a: Kingambit\n|-resisted|p2a: Kingambit\n|-damage|p2a: Kingambit|93\/100\n|-anim|p1a: Dragapult|Dragon Darts|p2a: Kingambit\n|-resisted|p2a: Kingambit\n|-damage|p2a: Kingambit|86\/100\n|\n|-heal|p2a: Kingambit|92\/100|[from] item: Leftovers\n|upkeep\n|turn|10\n|\n|t:|1700203816\n|-end|p2a: Kingambit|fallen2|[silent]\n|switch|p2a: Ceruledge|Ceruledge, F|94\/100\n|move|p1a: Dragapult|Will-O-Wisp|p2a: Ceruledge\n|-immune|p2a: Ceruledge\n|\n|upkeep\n|turn|11\n|\n|t:|1700203821\n|switch|p1a: Clefable|Clefable, F|100\/100\n|-status|p1a: Clefable|tox\n|move|p2a: Ceruledge|Shadow Sneak|p1a: Clefable\n|-damage|p1a: Clefable|85\/100 tox\n|\n|-heal|p1a: Clefable|91\/100 tox|[from] item: Leftovers\n|upkeep\n|turn|12\n|l| puddd\n|\n|t:|1700203827\n|move|p2a: Ceruledge|Swords Dance|p2a: Ceruledge\n|-boost|p2a: Ceruledge|atk|2\n|move|p1a: Clefable|Stealth Rock|p2a: Ceruledge\n|-sidestart|p2: grass knot zygarde|move: Stealth Rock\n|\n|-heal|p1a: Clefable|97\/100 tox|[from] item: Leftovers\n|upkeep\n|turn|13\n|\n|t:|1700203834\n|move|p2a: Ceruledge|Poltergeist|p1a: Clefable\n|-activate|p1a: Clefable|move: Poltergeist|Leftovers\n|-crit|p1a: Clefable\n|-damage|p1a: Clefable|0 fnt\n|faint|p1a: Clefable\n|\n|upkeep\n|\n|t:|1700203838\n|switch|p1a: Meowscarada|Meowscarada, F|57\/100 psn\n|turn|14\n|\n|t:|1700203851\n|-terastallize|p2a: Ceruledge|Flying\n|move|p1a: Meowscarada|Knock Off|p2a: Ceruledge\n|-damage|p2a: Ceruledge|26\/100\n|-ability|p2a: Ceruledge|Weak Armor|boost\n|-unboost|p2a: Ceruledge|def|1\n|-boost|p2a: Ceruledge|spe|2\n|-enditem|p2a: Ceruledge|Focus Sash|[from] move: Knock Off|[of] p1a: Meowscarada\n|move|p2a: Ceruledge|Bitter Blade|p1a: Meowscarada\n|-supereffective|p1a: Meowscarada\n|-damage|p1a: Meowscarada|0 fnt\n|-heal|p2a: Ceruledge|54\/100|[from] drain|[of] p1a: Meowscarada\n|faint|p1a: Meowscarada\n|\n|upkeep\n|\n|t:|1700203860\n|switch|p1a: Dondozo|Dondozo, F|100\/100\n|turn|15\n|\n|t:|1700203865\n|switch|p2a: Ogerpon|Ogerpon-Wellspring, F|42\/100\n|-damage|p2a: Ogerpon|30\/100|[from] Stealth Rock\n|move|p1a: Dondozo|Avalanche|p2a: Ogerpon\n|-damage|p2a: Ogerpon|11\/100\n|\n|upkeep\n|turn|16\n|\n|t:|1700203871\n|switch|p1a: Dragapult|Dragapult, F|57\/100\n|move|p2a: Ogerpon|Horn Leech|p1a: Dragapult\n|-resisted|p1a: Dragapult\n|-damage|p1a: Dragapult|24\/100\n|-heal|p2a: Ogerpon|28\/100|[from] drain|[of] p1a: Dragapult\n|\n|upkeep\n|turn|17\n|\n|t:|1700203889\n|switch|p2a: Ceruledge|Ceruledge, F, tera:Flying|54\/100\n|-damage|p2a: Ceruledge|30\/100|[from] Stealth Rock\n|move|p1a: Dragapult|Dragon Darts|p2a: Ceruledge\n|-damage|p2a: Ceruledge|0 fnt\n|faint|p2a: Ceruledge\n|\n|upkeep\n|\n|t:|1700203893\n|switch|p2a: Dragonite|Dragonite, M|100\/100\n|turn|18\n|\n|t:|1700203896\n|move|p2a: Dragonite|Extreme Speed|p1a: Dragapult\n|-immune|p1a: Dragapult\n|move|p1a: Dragapult|Will-O-Wisp|p2a: Dragonite|[miss]\n|-miss|p1a: Dragapult|p2a: Dragonite\n|\n|upkeep\n|turn|19\n|c|\u2606grass knot zygarde|oops\n|\n|t:|1700203902\n|move|p1a: Dragapult|Will-O-Wisp|p2a: Dragonite\n|-status|p2a: Dragonite|brn\n|move|p2a: Dragonite|Earthquake|p1a: Dragapult\n|-damage|p1a: Dragapult|0 fnt\n|faint|p1a: Dragapult\n|\n|-damage|p2a: Dragonite|94\/100 brn|[from] brn\n|upkeep\n|\n|t:|1700203907\n|switch|p1a: Dondozo|Dondozo, F|100\/100\n|turn|20\n|\n|t:|1700203910\n|switch|p2a: Ogerpon|Ogerpon-Wellspring, F|28\/100\n|-damage|p2a: Ogerpon|16\/100|[from] Stealth Rock\n|move|p1a: Dondozo|Curse|p1a: Dondozo\n|-unboost|p1a: Dondozo|spe|1\n|-boost|p1a: Dondozo|atk|1\n|-boost|p1a: Dondozo|def|1\n|\n|upkeep\n|turn|21\n|\n|t:|1700203918\n|move|p2a: Ogerpon|Horn Leech|p1a: Dondozo\n|-supereffective|p1a: Dondozo\n|-damage|p1a: Dondozo|64\/100\n|-heal|p2a: Ogerpon|47\/100|[from] drain|[of] p1a: Dondozo\n|move|p1a: Dondozo|Avalanche|p2a: Ogerpon\n|-damage|p2a: Ogerpon|0 fnt\n|faint|p2a: Ogerpon\n|\n|upkeep\n|\n|t:|1700203925\n|switch|p2a: Kingambit|Kingambit, M|92\/100\n|-damage|p2a: Kingambit|86\/100|[from] Stealth Rock\n|-activate|p2a: Kingambit|ability: Supreme Overlord\n|-start|p2a: Kingambit|fallen4|[silent]\n|turn|22\n|\n|t:|1700203935\n|move|p2a: Kingambit|Kowtow Cleave|p1a: Dondozo\n|-damage|p1a: Dondozo|35\/100\n|move|p1a: Dondozo|Earthquake|p2a: Kingambit\n|-supereffective|p2a: Kingambit\n|-damage|p2a: Kingambit|34\/100\n|\n|-heal|p2a: Kingambit|40\/100|[from] item: Leftovers\n|upkeep\n|turn|23\n|\n|t:|1700203941\n|move|p2a: Kingambit|Kowtow Cleave|p1a: Dondozo\n|-damage|p1a: Dondozo|9\/100\n|move|p1a: Dondozo|Earthquake|p2a: Kingambit\n|-supereffective|p2a: Kingambit\n|-damage|p2a: Kingambit|0 fnt\n|faint|p2a: Kingambit\n|-end|p2a: Kingambit|fallen4|[silent]\n|\n|upkeep\n|\n|t:|1700203945\n|switch|p2a: Dragonite|Dragonite, M|94\/100 brn\n|turn|24\n|\n|t:|1700203948\n|move|p2a: Dragonite|Earthquake|p1a: Dondozo\n|-damage|p1a: Dondozo|1\/100\n|move|p1a: Dondozo|Avalanche|p2a: Dragonite\n|-supereffective|p2a: Dragonite\n|-damage|p2a: Dragonite|0 fnt\n|faint|p2a: Dragonite\n|\n|win|vyuiowe\n|raw|vyuiowe's rating: 1579 &rarr; <strong>1599<\/strong><br \/>(+20 for winning)\n|raw|grass knot zygarde's rating: 1576 &rarr; <strong>1556<\/strong><br \/>(-20 for losing)\n|l|\u2606grass knot zygarde\n","uploadtime":1700203961,"views":14,"p1id":"vyuiowe","p2id":"grassknotzygarde","formatid":"gen9ou","rating":1556,"private":0,"password":""}