{"id":"gen9ou-2000670632","p1":"FEMO953","p2":"989.shadow","format":"[Gen 9] OU","log":"|j|\u2606FEMO953\n|j|\u2606989.shadow\n|t:|1701216919\n|gametype|singles\n|player|p1|FEMO953|oak-gen2|1050\n|player|p2|989.shadow|burglar|1152\n|teamsize|p1|6\n|teamsize|p2|6\n|gen|9\n|tier|[Gen 9] OU\n|rated|\n|rule|Sleep Clause Mod: Limit one foe put to sleep\n|rule|Species Clause: Limit one of each Pok\u00e9mon\n|rule|OHKO Clause: OHKO moves are banned\n|rule|Evasion Items Clause: Evasion items are banned\n|rule|Evasion Moves Clause: Evasion moves are banned\n|rule|Endless Battle Clause: Forcing endless battles is banned\n|rule|HP Percentage Mod: HP is shown in percentages\n|clearpoke\n|poke|p1|Corviknight, M|\n|poke|p1|Infernape, F|\n|poke|p1|Dragonite, M|\n|poke|p1|Zapdos|\n|poke|p1|Weavile, M|\n|poke|p1|Greninja-*, M|\n|poke|p2|Iron Valiant|\n|poke|p2|Ribombee, F|\n|poke|p2|Gholdengo|\n|poke|p2|Zapdos|\n|poke|p2|Kingambit, F|\n|poke|p2|Alomomola, M|\n|teampreview\n|\n|t:|1701216935\n|start\n|switch|p1a: Infernape|Infernape, F|100\/100\n|switch|p2a: Ribombee|Ribombee, F|100\/100\n|turn|1\n|\n|t:|1701216943\n|move|p2a: Ribombee|Sticky Web|p1a: Infernape\n|-sidestart|p1: FEMO953|move: Sticky Web\n|move|p1a: Infernape|Swords Dance|p1a: Infernape\n|-boost|p1a: Infernape|atk|2\n|\n|upkeep\n|turn|2\n|\n|t:|1701216949\n|move|p2a: Ribombee|Stun Spore|p1a: Infernape\n|-status|p1a: Infernape|par\n|move|p1a: Infernape|Swords Dance|p1a: Infernape\n|-boost|p1a: Infernape|atk|2\n|\n|upkeep\n|turn|3\n|\n|t:|1701216961\n|move|p2a: Ribombee|Moonblast|p1a: Infernape\n|-damage|p1a: Infernape|36\/100 par\n|-unboost|p1a: Infernape|spa|1\n|move|p1a: Infernape|Swords Dance|p1a: Infernape\n|-boost|p1a: Infernape|atk|2\n|\n|upkeep\n|turn|4\n|\n|t:|1701216980\n|-terastallize|p1a: Infernape|Fire\n|move|p2a: Ribombee|Moonblast|p1a: Infernape\n|-resisted|p1a: Infernape\n|-crit|p1a: Infernape\n|-damage|p1a: Infernape|0 fnt\n|faint|p1a: Infernape\n|\n|upkeep\n|c|\u2606989.shadow|Gg\n|\n|t:|1701216998\n|switch|p1a: Corviknight|Corviknight, M, shiny|100\/100\n|turn|5\n|\n|t:|1701217033\n|switch|p2a: Zapdos|Zapdos|100\/100\n|move|p1a: Corviknight|Defog|p2a: Zapdos\n|-unboost|p2a: Zapdos|evasion|1\n|-sideend|p1: FEMO953|Sticky Web|[from] move: Defog|[of] p1a: Corviknight\n|\n|upkeep\n|turn|6\n|\n|t:|1701217070\n|switch|p1a: Dragonite|Dragonite, M|100\/100\n|move|p2a: Zapdos|Heat Wave|p1a: Dragonite\n|-resisted|p1a: Dragonite\n|-damage|p1a: Dragonite|87\/100\n|-status|p1a: Dragonite|brn\n|\n|-heal|p1a: Dragonite|93\/100 brn|[from] item: Leftovers\n|-damage|p1a: Dragonite|87\/100 brn|[from] brn\n|upkeep\n|turn|7\n|\n|t:|1701217089\n|move|p2a: Zapdos|Volt Switch|p1a: Dragonite\n|-damage|p1a: Dragonite|55\/100 brn\n|\n|t:|1701217102\n|switch|p2a: Alomomola|Alomomola, M|100\/100|[from] Volt Switch\n|move|p1a: Dragonite|Dragon Dance|p1a: Dragonite\n|-boost|p1a: Dragonite|atk|1\n|-boost|p1a: Dragonite|spe|1\n|\n|-heal|p1a: Dragonite|61\/100 brn|[from] item: Leftovers\n|-damage|p1a: Dragonite|55\/100 brn|[from] brn\n|upkeep\n|turn|8\n|\n|t:|1701217119\n|move|p1a: Dragonite|Dragon Claw|p2a: Alomomola\n|-damage|p2a: Alomomola|83\/100\n|move|p2a: Alomomola|Whirlpool|p1a: Dragonite\n|-resisted|p1a: Dragonite\n|-damage|p1a: Dragonite|52\/100 brn\n|-activate|p1a: Dragonite|move: Whirlpool|[of] p2a: Alomomola\n|\n|-heal|p1a: Dragonite|58\/100 brn|[from] item: Leftovers\n|-damage|p1a: Dragonite|52\/100 brn|[from] brn\n|-damage|p1a: Dragonite|39\/100 brn|[from] move: Whirlpool|[partiallytrapped]\n|upkeep\n|turn|9\n|\n|t:|1701217132\n|move|p1a: Dragonite|Dragon Dance|p1a: Dragonite\n|-boost|p1a: Dragonite|atk|1\n|-boost|p1a: Dragonite|spe|1\n|move|p2a: Alomomola|Chilling Water|p1a: Dragonite\n|-resisted|p1a: Dragonite\n|-damage|p1a: Dragonite|35\/100 brn\n|-unboost|p1a: Dragonite|atk|1\n|\n|-heal|p1a: Dragonite|41\/100 brn|[from] item: Leftovers\n|-damage|p1a: Dragonite|35\/100 brn|[from] brn\n|-damage|p1a: Dragonite|22\/100 brn|[from] move: Whirlpool|[partiallytrapped]\n|upkeep\n|turn|10\n|\n|t:|1701217148\n|move|p1a: Dragonite|Dragon Claw|p2a: Alomomola\n|-damage|p2a: Alomomola|65\/100\n|move|p2a: Alomomola|Wish|p2a: Alomomola\n|\n|-heal|p1a: Dragonite|28\/100 brn|[from] item: Leftovers\n|-damage|p1a: Dragonite|22\/100 brn|[from] brn\n|-damage|p1a: Dragonite|10\/100 brn|[from] move: Whirlpool|[partiallytrapped]\n|upkeep\n|turn|11\n|\n|t:|1701217161\n|move|p1a: Dragonite|Dragon Claw|p2a: Alomomola\n|-damage|p2a: Alomomola|47\/100\n|move|p2a: Alomomola|Chilling Water|p1a: Dragonite\n|-resisted|p1a: Dragonite\n|-damage|p1a: Dragonite|5\/100 brn\n|-unboost|p1a: Dragonite|atk|1\n|\n|-heal|p2a: Alomomola|97\/100|[from] move: Wish|[wisher] Alomomola\n|-heal|p1a: Dragonite|11\/100 brn|[from] item: Leftovers\n|-damage|p1a: Dragonite|5\/100 brn|[from] brn\n|-damage|p1a: Dragonite|0 fnt|[from] move: Whirlpool|[partiallytrapped]\n|faint|p1a: Dragonite\n|upkeep\n|\n|t:|1701217174\n|switch|p1a: Zapdos|Zapdos|100\/100\n|-ability|p1a: Zapdos|Pressure\n|turn|12\n|\n|t:|1701217191\n|move|p2a: Alomomola|Protect|p2a: Alomomola\n|-singleturn|p2a: Alomomola|Protect\n|move|p1a: Zapdos|Rain Dance|p1a: Zapdos\n|-weather|RainDance\n|\n|-weather|RainDance|[upkeep]\n|upkeep\n|turn|13\n|\n|t:|1701217200\n|move|p1a: Zapdos|Thunder|p2a: Alomomola\n|-supereffective|p2a: Alomomola\n|-damage|p2a: Alomomola|0 fnt\n|faint|p2a: Alomomola\n|-damage|p1a: Zapdos|91\/100|[from] item: Life Orb\n|\n|-weather|RainDance|[upkeep]\n|upkeep\n|c|\u2606FEMO953|gg\n|\n|t:|1701217206\n|switch|p2a: Ribombee|Ribombee, F|100\/100\n|turn|14\n|\n|t:|1701217210\n|move|p2a: Ribombee|Sticky Web|p1a: Zapdos\n|-sidestart|p1: FEMO953|move: Sticky Web\n|move|p1a: Zapdos|Hurricane|p2a: Ribombee\n|-supereffective|p2a: Ribombee\n|-enditem|p2a: Ribombee|Focus Sash\n|-damage|p2a: Ribombee|1\/100\n|-damage|p1a: Zapdos|81\/100|[from] item: Life Orb\n|\n|-weather|RainDance|[upkeep]\n|upkeep\n|turn|15\n|\n|t:|1701217221\n|move|p2a: Ribombee|Stun Spore|p1a: Zapdos\n|-immune|p1a: Zapdos\n|move|p1a: Zapdos|Ancient Power|p2a: Ribombee\n|-supereffective|p2a: Ribombee\n|-damage|p2a: Ribombee|0 fnt\n|faint|p2a: Ribombee\n|-damage|p1a: Zapdos|71\/100|[from] item: Life Orb\n|\n|-weather|RainDance|[upkeep]\n|upkeep\n|\n|t:|1701217231\n|switch|p2a: Iron Valiant|Iron Valiant|100\/100\n|-enditem|p2a: Iron Valiant|Booster Energy\n|-activate|p2a: Iron Valiant|ability: Quark Drive|[fromitem]\n|-start|p2a: Iron Valiant|quarkdrivespa\n|turn|16\n|\n|t:|1701217242\n|-terastallize|p2a: Iron Valiant|Fairy\n|move|p2a: Iron Valiant|Moonblast|p1a: Zapdos\n|-damage|p1a: Zapdos|0 fnt\n|faint|p1a: Zapdos\n|\n|-weather|none\n|upkeep\n|\n|t:|1701217250\n|switch|p1a: Corviknight|Corviknight, M, shiny|100\/100\n|turn|17\n|\n|t:|1701217262\n|move|p2a: Iron Valiant|Thunderbolt|p1a: Corviknight\n|-supereffective|p1a: Corviknight\n|-damage|p1a: Corviknight|30\/100\n|move|p1a: Corviknight|Bulk Up|p1a: Corviknight\n|-boost|p1a: Corviknight|atk|1\n|-boost|p1a: Corviknight|def|1\n|\n|-heal|p1a: Corviknight|37\/100|[from] item: Leftovers\n|upkeep\n|turn|18\n|\n|t:|1701217272\n|move|p2a: Iron Valiant|Thunderbolt|p1a: Corviknight\n|-supereffective|p1a: Corviknight\n|-damage|p1a: Corviknight|0 fnt\n|faint|p1a: Corviknight\n|\n|upkeep\n|\n|t:|1701217297\n|switch|p1a: Weavile|Weavile, M|100\/100\n|-activate|p1a: Weavile|move: Sticky Web\n|-unboost|p1a: Weavile|spe|1\n|-ability|p1a: Weavile|Pressure\n|turn|19\n|\n|t:|1701217314\n|move|p2a: Iron Valiant|Close Combat|p1a: Weavile\n|-supereffective|p1a: Weavile\n|-enditem|p1a: Weavile|Focus Sash\n|-damage|p1a: Weavile|1\/100\n|-unboost|p2a: Iron Valiant|def|1\n|-unboost|p2a: Iron Valiant|spd|1\n|move|p1a: Weavile|Ice Spinner|p2a: Iron Valiant\n|-damage|p2a: Iron Valiant|30\/100\n|\n|upkeep\n|turn|20\n|\n|t:|1701217324\n|move|p2a: Iron Valiant|Moonblast|p1a: Weavile\n|-supereffective|p1a: Weavile\n|-damage|p1a: Weavile|0 fnt\n|faint|p1a: Weavile\n|\n|upkeep\n|\n|t:|1701217330\n|switch|p1a: Greninja|Greninja, M|100\/100\n|-activate|p1a: Greninja|move: Sticky Web\n|-unboost|p1a: Greninja|spe|1\n|turn|21\n|\n|t:|1701217339\n|move|p1a: Greninja|Water Shuriken|p2a: Iron Valiant\n|-damage|p2a: Iron Valiant|9\/100\n|-damage|p2a: Iron Valiant|0 fnt\n|faint|p2a: Iron Valiant\n|-end|p2a: Iron Valiant|Quark Drive|[silent]\n|-ability|p1a: Greninja|Battle Bond|boost\n|-boost|p1a: Greninja|atk|1\n|-boost|p1a: Greninja|spa|1\n|-boost|p1a: Greninja|spe|1\n|-activate|p1a: Greninja|ability: Battle Bond\n|-hitcount|p2: Iron Valiant|2\n|\n|upkeep\n|\n|t:|1701217351\n|switch|p2a: Zapdos|Zapdos|100\/100\n|turn|22\n|\n|t:|1701217356\n|move|p1a: Greninja|Ice Beam|p2a: Zapdos\n|-supereffective|p2a: Zapdos\n|-damage|p2a: Zapdos|16\/100\n|-status|p2a: Zapdos|frz\n|cant|p2a: Zapdos|frz\n|\n|upkeep\n|turn|23\n|\n|t:|1701217366\n|move|p1a: Greninja|Water Shuriken|p2a: Zapdos\n|-damage|p2a: Zapdos|5\/100 frz\n|-damage|p2a: Zapdos|0 fnt\n|faint|p2a: Zapdos\n|-hitcount|p2: Zapdos|2\n|\n|upkeep\n|\n|t:|1701217368\n|switch|p2a: Kingambit|Kingambit, F|100\/100\n|-activate|p2a: Kingambit|ability: Supreme Overlord\n|-start|p2a: Kingambit|fallen4|[silent]\n|turn|24\n|\n|t:|1701217382\n|move|p1a: Greninja|Water Shuriken|p2a: Kingambit\n|-damage|p2a: Kingambit|87\/100\n|-crit|p2a: Kingambit\n|-damage|p2a: Kingambit|67\/100\n|-damage|p2a: Kingambit|54\/100\n|-damage|p2a: Kingambit|43\/100\n|-hitcount|p2a: Kingambit|4\n|move|p2a: Kingambit|Low Kick|p1a: Greninja\n|-supereffective|p1a: Greninja\n|-enditem|p1a: Greninja|Focus Sash\n|-damage|p1a: Greninja|1\/100\n|\n|upkeep\n|turn|25\n|\n|t:|1701217393\n|move|p1a: Greninja|Water Shuriken|p2a: Kingambit\n|-damage|p2a: Kingambit|30\/100\n|-damage|p2a: Kingambit|19\/100\n|-damage|p2a: Kingambit|6\/100\n|-hitcount|p2a: Kingambit|3\n|move|p2a: Kingambit|Sucker Punch||[still]\n|-fail|p2a: Kingambit\n|\n|upkeep\n|turn|26\n|\n|t:|1701217409\n|move|p1a: Greninja|Water Shuriken|p2a: Kingambit\n|-damage|p2a: Kingambit|0 fnt\n|faint|p2a: Kingambit\n|-end|p2a: Kingambit|fallen4|[silent]\n|-hitcount|p2: Kingambit|1\n|\n|upkeep\n|\n|t:|1701217411\n|switch|p2a: Gholdengo|Gholdengo|100\/100\n|-item|p2a: Gholdengo|Air Balloon\n|turn|27\n|\n|t:|1701217424\n|move|p1a: Greninja|Dark Pulse|p2a: Gholdengo\n|-supereffective|p2a: Gholdengo\n|-damage|p2a: Gholdengo|0 fnt\n|-enditem|p2a: Gholdengo|Air Balloon\n|faint|p2a: Gholdengo\n|\n|win|FEMO953\n|raw|FEMO953's rating: 1050 &rarr; <strong>1092<\/strong><br \/>(+42 for winning)\n|raw|989.shadow's rating: 1152 &rarr; <strong>1120<\/strong><br \/>(-32 for losing)\n|l|\u2606989.shadow\n","uploadtime":1701217437,"views":1,"p1id":"femo953","p2id":"989shadow","formatid":"gen9ou","rating":1092,"private":0,"password":""}