{"id":"gen9ou-1993294536","p1":"liaoya","p2":"Eucalipto69!","format":"[Gen 9] OU","log":"|j|\u2606liaoya\n|j|\u2606Eucalipto69!\n|t:|1700292245\n|gametype|singles\n|player|p1|liaoya|petrel|1587\n|player|p2|Eucalipto69!|alder|1656\n|teamsize|p1|6\n|teamsize|p2|6\n|gen|9\n|tier|[Gen 9] OU\n|rated|\n|rule|Sleep Clause Mod: Limit one foe put to sleep\n|rule|Species Clause: Limit one of each Pok\u00e9mon\n|rule|OHKO Clause: OHKO moves are banned\n|rule|Evasion Items Clause: Evasion items are banned\n|rule|Evasion Moves Clause: Evasion moves are banned\n|rule|Endless Battle Clause: Forcing endless battles is banned\n|rule|HP Percentage Mod: HP is shown in percentages\n|clearpoke\n|poke|p1|Drifblim, F|\n|poke|p1|Garganacl, M|\n|poke|p1|Umbreon, M|\n|poke|p1|Rotom-Wash|\n|poke|p1|Glimmora, F|\n|poke|p1|Espeon, M|\n|poke|p2|Scizor, F|\n|poke|p2|Dragapult, F|\n|poke|p2|Kilowattrel, M|\n|poke|p2|Samurott-Hisui, M|\n|poke|p2|Great Tusk|\n|poke|p2|Ogerpon-Cornerstone, F|\n|teampreview\n|inactive|Battle timer is ON: inactive players will automatically lose when time's up. (requested by liaoya)\n|\n|t:|1700292269\n|start\n|switch|p1a: Rotom|Rotom-Wash|100\/100\n|switch|p2a: Scizor|Scizor, F|100\/100\n|turn|1\n|\n|t:|1700292291\n|move|p1a: Rotom|Will-O-Wisp|p2a: Scizor\n|-status|p2a: Scizor|brn\n|move|p2a: Scizor|Knock Off|p1a: Rotom\n|-damage|p1a: Rotom|82\/100\n|-enditem|p1a: Rotom|Choice Scarf|[from] move: Knock Off|[of] p2a: Scizor\n|\n|-damage|p2a: Scizor|94\/100 brn|[from] brn\n|upkeep\n|turn|2\n|\n|t:|1700292301\n|move|p1a: Rotom|Will-O-Wisp|p2a: Scizor\n|-fail|p2a: Scizor|brn\n|move|p2a: Scizor|U-turn|p1a: Rotom\n|-damage|p1a: Rotom|62\/100\n|\n|t:|1700292308\n|switch|p2a: Ogerpon|Ogerpon-Cornerstone, F|100\/100|[from] U-turn\n|\n|upkeep\n|turn|3\n|\n|t:|1700292315\n|move|p2a: Ogerpon|Horn Leech|p1a: Rotom\n|-supereffective|p1a: Rotom\n|-damage|p1a: Rotom|0 fnt\n|faint|p1a: Rotom\n|\n|upkeep\n|\n|t:|1700292318\n|switch|p1a: Glimmora|Glimmora, F|100\/100\n|turn|4\n|\n|t:|1700292333\n|move|p2a: Ogerpon|Swords Dance|p2a: Ogerpon\n|-boost|p2a: Ogerpon|atk|2\n|move|p1a: Glimmora|Mortal Spin|p2a: Ogerpon\n|-damage|p2a: Ogerpon|93\/100\n|-status|p2a: Ogerpon|psn\n|\n|-damage|p2a: Ogerpon|81\/100 psn|[from] psn\n|upkeep\n|turn|5\n|\n|t:|1700292342\n|move|p2a: Ogerpon|Horn Leech|p1a: Glimmora\n|-damage|p1a: Glimmora|36\/100\n|-heal|p2a: Ogerpon|100\/100 psn|[from] drain|[of] p1a: Glimmora\n|-activate|p1a: Glimmora|ability: Toxic Debris\n|-sidestart|p2: Eucalipto69!|move: Toxic Spikes\n|move|p1a: Glimmora|Stealth Rock|p2a: Ogerpon\n|-sidestart|p2: Eucalipto69!|move: Stealth Rock\n|\n|-damage|p2a: Ogerpon|88\/100 psn|[from] psn\n|upkeep\n|turn|6\n|\n|t:|1700292347\n|move|p2a: Ogerpon|Horn Leech|p1a: Glimmora\n|-damage|p1a: Glimmora|0 fnt\n|-heal|p2a: Ogerpon|100\/100 psn|[from] drain|[of] p1a: Glimmora\n|-activate|p1a: Glimmora|ability: Toxic Debris\n|-sidestart|p2: Eucalipto69!|move: Toxic Spikes\n|faint|p1a: Glimmora\n|\n|-damage|p2a: Ogerpon|88\/100 psn|[from] psn\n|upkeep\n|\n|t:|1700292354\n|switch|p1a: Umbreon|Umbreon, M, shiny|100\/100\n|turn|7\n|\n|t:|1700292367\n|-terastallize|p2a: Ogerpon|Rock\n|detailschange|p2a: Ogerpon|Ogerpon-Cornerstone-Tera, F, tera:Rock\n|-ability|p2a: Ogerpon|Embody Aspect (Cornerstone)|boost\n|-boost|p2a: Ogerpon|def|1\n|move|p2a: Ogerpon|Ivy Cudgel|p1a: Umbreon|[anim] Ivy Cudgel Rock\n|-damage|p1a: Umbreon|5\/100\n|move|p1a: Umbreon|Foul Play|p2a: Ogerpon\n|-damage|p2a: Ogerpon|2\/100 psn\n|\n|-heal|p1a: Umbreon|11\/100|[from] item: Leftovers\n|-damage|p2a: Ogerpon|0 fnt|[from] psn\n|faint|p2a: Ogerpon\n|upkeep\n|\n|t:|1700292377\n|switch|p2a: Scizor|Scizor, F|94\/100 brn\n|turn|8\n|\n|t:|1700292383\n|move|p1a: Umbreon|Foul Play|p2a: Scizor\n|-damage|p2a: Scizor|40\/100 brn\n|move|p2a: Scizor|Defog|p1a: Umbreon\n|-unboost|p1a: Umbreon|evasion|1\n|-sideend|p2: Eucalipto69!|Toxic Spikes|[from] move: Defog|[of] p2a: Scizor\n|-sideend|p2: Eucalipto69!|Stealth Rock|[from] move: Defog|[of] p2a: Scizor\n|\n|-heal|p1a: Umbreon|17\/100|[from] item: Leftovers\n|-damage|p2a: Scizor|34\/100 brn|[from] brn\n|upkeep\n|turn|9\n|\n|t:|1700292390\n|move|p1a: Umbreon|Protect|p1a: Umbreon\n|-singleturn|p1a: Umbreon|Protect\n|move|p2a: Scizor|Bullet Punch|p1a: Umbreon\n|-activate|p1a: Umbreon|move: Protect\n|\n|-heal|p1a: Umbreon|23\/100|[from] item: Leftovers\n|-damage|p2a: Scizor|28\/100 brn|[from] brn\n|upkeep\n|turn|10\n|\n|t:|1700292394\n|switch|p2a: Great Tusk|Great Tusk|100\/100\n|move|p1a: Umbreon|Wish|p1a: Umbreon\n|\n|-heal|p1a: Umbreon|29\/100|[from] item: Leftovers\n|upkeep\n|turn|11\n|\n|t:|1700292408\n|move|p1a: Umbreon|Protect|p1a: Umbreon\n|-singleturn|p1a: Umbreon|Protect\n|move|p2a: Great Tusk|Stealth Rock|p1a: Umbreon\n|-sidestart|p1: liaoya|move: Stealth Rock\n|\n|-heal|p1a: Umbreon|79\/100|[from] move: Wish|[wisher] Umbreon\n|-heal|p1a: Umbreon|85\/100|[from] item: Leftovers\n|upkeep\n|turn|12\n|\n|t:|1700292417\n|move|p2a: Great Tusk|Earthquake|p1a: Umbreon\n|-damage|p1a: Umbreon|58\/100\n|move|p1a: Umbreon|Wish|p1a: Umbreon\n|\n|-heal|p1a: Umbreon|64\/100|[from] item: Leftovers\n|upkeep\n|turn|13\n|\n|t:|1700292423\n|-end|p2a: Great Tusk|Protosynthesis|[silent]\n|switch|p2a: Samurott|Samurott-Hisui, M, shiny|100\/100\n|move|p1a: Umbreon|Yawn|p2a: Samurott\n|-start|p2a: Samurott|move: Yawn|[of] p1a: Umbreon\n|\n|-heal|p1a: Umbreon|100\/100|[from] move: Wish|[wisher] Umbreon\n|upkeep\n|turn|14\n|\n|t:|1700292433\n|switch|p2a: Great Tusk|Great Tusk|100\/100\n|move|p1a: Umbreon|Foul Play|p2a: Great Tusk\n|-resisted|p2a: Great Tusk\n|-damage|p2a: Great Tusk|90\/100\n|-damage|p1a: Umbreon|84\/100|[from] item: Rocky Helmet|[of] p2a: Great Tusk\n|\n|-heal|p1a: Umbreon|90\/100|[from] item: Leftovers\n|upkeep\n|turn|15\n|\n|t:|1700292441\n|-end|p2a: Great Tusk|Protosynthesis|[silent]\n|switch|p2a: Scizor|Scizor, F|28\/100 brn\n|move|p1a: Umbreon|Wish|p1a: Umbreon\n|\n|-heal|p1a: Umbreon|96\/100|[from] item: Leftovers\n|-damage|p2a: Scizor|21\/100 brn|[from] brn\n|upkeep\n|turn|16\n|\n|t:|1700292445\n|move|p1a: Umbreon|Foul Play|p2a: Scizor\n|-damage|p2a: Scizor|0 fnt\n|faint|p2a: Scizor\n|\n|-heal|p1a: Umbreon|100\/100|[from] move: Wish|[wisher] Umbreon\n|upkeep\n|\n|t:|1700292447\n|switch|p2a: Samurott|Samurott-Hisui, M, shiny|100\/100\n|turn|17\n|\n|t:|1700292450\n|move|p2a: Samurott|Sacred Sword|p1a: Umbreon\n|-supereffective|p1a: Umbreon\n|-damage|p1a: Umbreon|43\/100\n|move|p1a: Umbreon|Yawn|p2a: Samurott\n|-start|p2a: Samurott|move: Yawn|[of] p1a: Umbreon\n|\n|-heal|p1a: Umbreon|49\/100|[from] item: Leftovers\n|upkeep\n|turn|18\n|\n|t:|1700292480\n|switch|p2a: Kilowattrel|Kilowattrel, M|100\/100\n|move|p1a: Umbreon|Protect||[still]\n|-fail|p1a: Umbreon\n|\n|-heal|p1a: Umbreon|55\/100|[from] item: Leftovers\n|upkeep\n|turn|19\n|\n|t:|1700292486\n|move|p2a: Kilowattrel|U-turn|p1a: Umbreon\n|-supereffective|p1a: Umbreon\n|-damage|p1a: Umbreon|40\/100\n|\n|t:|1700292490\n|switch|p2a: Samurott|Samurott-Hisui, M, shiny|100\/100|[from] U-turn\n|move|p1a: Umbreon|Wish|p1a: Umbreon\n|\n|-heal|p1a: Umbreon|46\/100|[from] item: Leftovers\n|upkeep\n|turn|20\n|\n|t:|1700292494\n|move|p1a: Umbreon|Protect|p1a: Umbreon\n|-singleturn|p1a: Umbreon|Protect\n|move|p2a: Samurott|Sacred Sword|p1a: Umbreon\n|-activate|p1a: Umbreon|move: Protect\n|\n|-heal|p1a: Umbreon|96\/100|[from] move: Wish|[wisher] Umbreon\n|-heal|p1a: Umbreon|100\/100|[from] item: Leftovers\n|upkeep\n|turn|21\n|\n|t:|1700292507\n|switch|p1a: Drifblim|Drifblim, F|100\/100\n|-damage|p1a: Drifblim|76\/100|[from] Stealth Rock\n|move|p2a: Samurott|Sacred Sword|p1a: Drifblim\n|-immune|p1a: Drifblim\n|\n|upkeep\n|turn|22\n|\n|t:|1700292515\n|move|p1a: Drifblim|Destiny Bond|p1a: Drifblim\n|-singlemove|p1a: Drifblim|Destiny Bond\n|move|p2a: Samurott|Ceaseless Edge|p1a: Drifblim\n|-supereffective|p1a: Drifblim\n|-damage|p1a: Drifblim|0 fnt\n|-damage|p2a: Samurott|75\/100|[from] ability: Aftermath|[of] p1a: Drifblim\n|-sidestart|p1: liaoya|Spikes\n|faint|p1a: Drifblim\n|-activate|p1a: Drifblim|move: Destiny Bond\n|faint|p2a: Samurott\n|\n|upkeep\n|-message|Eucalipto69! forfeited.\n|\n|win|liaoya\n|raw|liaoya's rating: 1587 &rarr; <strong>1611<\/strong><br \/>(+24 for winning)\n|raw|Eucalipto69!'s rating: 1656 &rarr; <strong>1632<\/strong><br \/>(-24 for losing)\n|l|\u2606Eucalipto69!\n","uploadtime":1700292532,"views":11,"p1id":"liaoya","p2id":"eucalipto69","formatid":"gen9ou","rating":1611,"private":0,"password":""}