{"id":"gen9ou-1994542176","p1":"vaccinalgull075","p2":"Simpleton 2","format":"[Gen 9] OU","log":"|j|\u2606vaccinalgull075\n|j|\u2606Simpleton 2\n|t:|1700457011\n|gametype|singles\n|player|p1|vaccinalgull075|1|1000\n|player|p2|Simpleton 2|hilbert|1000\n|teamsize|p1|6\n|teamsize|p2|6\n|gen|9\n|tier|[Gen 9] OU\n|rated|\n|rule|Sleep Clause Mod: Limit one foe put to sleep\n|rule|Species Clause: Limit one of each Pok\u00e9mon\n|rule|OHKO Clause: OHKO moves are banned\n|rule|Evasion Items Clause: Evasion items are banned\n|rule|Evasion Moves Clause: Evasion moves are banned\n|rule|Endless Battle Clause: Forcing endless battles is banned\n|rule|HP Percentage Mod: HP is shown in percentages\n|clearpoke\n|poke|p1|Numel, M|\n|poke|p1|Ribombee, F|\n|poke|p1|Torkoal, F|\n|poke|p1|Ambipom, F|\n|poke|p1|Cyclizar, F|\n|poke|p1|Ninetales, F|\n|poke|p2|Numel, M|\n|poke|p2|Ribombee, M|\n|poke|p2|Ting-Lu|\n|poke|p2|Ninetales-Alola, M|\n|poke|p2|Gholdengo|\n|poke|p2|Clefable, M|\n|teampreview\n|\n|t:|1700457020\n|start\n|switch|p1a: Ninetales|Ninetales, F|100\/100\n|switch|p2a: Ribombee|Ribombee, M|100\/100\n|turn|1\n|\n|t:|1700457029\n|move|p2a: Ribombee|Sticky Web|p1a: Ninetales\n|-sidestart|p1: vaccinalgull075|move: Sticky Web\n|move|p1a: Ninetales|Roar|p2a: Ribombee\n|drag|p2a: Numel|Numel, M|100\/100\n|\n|upkeep\n|turn|2\n|\n|t:|1700457037\n|switch|p2a: Ting-Lu|Ting-Lu|100\/100\n|-ability|p2a: Ting-Lu|Vessel of Ruin\n|move|p1a: Ninetales|Will-O-Wisp|p2a: Ting-Lu\n|-status|p2a: Ting-Lu|brn\n|\n|-damage|p2a: Ting-Lu|94\/100 brn|[from] brn\n|upkeep\n|turn|3\n|\n|t:|1700457046\n|move|p2a: Ting-Lu|Stealth Rock|p1a: Ninetales\n|-sidestart|p1: vaccinalgull075|move: Stealth Rock\n|move|p1a: Ninetales|Roar|p2a: Ting-Lu\n|drag|p2a: Ribombee|Ribombee, M|100\/100\n|\n|upkeep\n|turn|4\n|\n|t:|1700457055\n|move|p2a: Ribombee|Stun Spore|p1a: Ninetales\n|-status|p1a: Ninetales|par\n|move|p1a: Ninetales|Roar|p2a: Ribombee\n|drag|p2a: Gholdengo|Gholdengo|100\/100\n|\n|upkeep\n|turn|5\n|\n|t:|1700457064\n|move|p2a: Gholdengo|Trick|p1a: Ninetales\n|-activate|p2a: Gholdengo|move: Trick|[of] p1a: Ninetales\n|-item|p1a: Ninetales|Choice Scarf|[from] move: Trick\n|-item|p2a: Gholdengo|Focus Sash|[from] move: Trick\n|move|p1a: Ninetales|Roar|p2a: Gholdengo\n|-immune|p2a: Gholdengo|[from] ability: Good as Gold\n|\n|upkeep\n|turn|6\n|\n|t:|1700457075\n|switch|p1a: Ribombee|Ribombee, F|100\/100\n|-activate|p1a: Ribombee|move: Sticky Web\n|-unboost|p1a: Ribombee|spe|1\n|-damage|p1a: Ribombee|76\/100|[from] Stealth Rock\n|move|p2a: Gholdengo|Shadow Ball|p1a: Ribombee\n|-damage|p1a: Ribombee|33\/100\n|\n|upkeep\n|turn|7\n|\n|t:|1700457086\n|move|p2a: Gholdengo|Shadow Ball|p1a: Ribombee\n|-damage|p1a: Ribombee|0 fnt\n|faint|p1a: Ribombee\n|\n|upkeep\n|\n|t:|1700457089\n|switch|p1a: Torkoal|Torkoal, F|100\/100\n|-activate|p1a: Torkoal|move: Sticky Web\n|-unboost|p1a: Torkoal|spe|1\n|-damage|p1a: Torkoal|75\/100|[from] Stealth Rock\n|-weather|SunnyDay|[from] ability: Drought|[of] p1a: Torkoal\n|turn|8\n|\n|t:|1700457094\n|move|p2a: Gholdengo|Shadow Ball|p1a: Torkoal\n|-damage|p1a: Torkoal|45\/100\n|move|p1a: Torkoal|Yawn|p2a: Gholdengo\n|-immune|p2a: Gholdengo|[from] ability: Good as Gold\n|\n|-weather|SunnyDay|[upkeep]\n|upkeep\n|turn|9\n|\n|t:|1700457113\n|move|p2a: Gholdengo|Memento|p1a: Torkoal\n|-unboost|p1a: Torkoal|atk|2\n|-unboost|p1a: Torkoal|spa|2\n|faint|p2a: Gholdengo\n|move|p1a: Torkoal|Weather Ball|p2: Gholdengo|[notarget]\n|-fail|p1a: Torkoal\n|\n|-weather|SunnyDay|[upkeep]\n|upkeep\n|\n|t:|1700457121\n|switch|p2a: Ninetales|Ninetales-Alola, M|100\/100\n|-weather|Snow|[from] ability: Snow Warning|[of] p2a: Ninetales\n|turn|10\n|\n|t:|1700457126\n|switch|p1a: Ninetales|Ninetales, F|100\/100 par\n|-activate|p1a: Ninetales|move: Sticky Web\n|-unboost|p1a: Ninetales|spe|1\n|-damage|p1a: Ninetales|76\/100 par|[from] Stealth Rock\n|move|p2a: Ninetales|Encore||[still]\n|-fail|p2a: Ninetales\n|\n|-weather|Snow|[upkeep]\n|upkeep\n|turn|11\n|\n|t:|1700457131\n|move|p2a: Ninetales|Aurora Veil|p2a: Ninetales\n|-sidestart|p2: Simpleton 2|move: Aurora Veil\n|cant|p1a: Ninetales|par\n|\n|-weather|Snow|[upkeep]\n|upkeep\n|turn|12\n|\n|t:|1700457139\n|switch|p2a: Ting-Lu|Ting-Lu|94\/100 brn\n|-ability|p2a: Ting-Lu|Vessel of Ruin\n|cant|p1a: Ninetales|par\n|\n|-weather|Snow|[upkeep]\n|-heal|p2a: Ting-Lu|100\/100 brn|[from] item: Leftovers\n|-damage|p2a: Ting-Lu|94\/100 brn|[from] brn\n|upkeep\n|turn|13\n|\n|t:|1700457149\n|cant|p1a: Ninetales|par\n|move|p2a: Ting-Lu|Whirlwind|p1a: Ninetales\n|drag|p1a: Ambipom|Ambipom, F|100\/100\n|-activate|p1a: Ambipom|move: Sticky Web\n|-unboost|p1a: Ambipom|spe|1\n|-damage|p1a: Ambipom|88\/100|[from] Stealth Rock\n|\n|-weather|Snow|[upkeep]\n|-heal|p2a: Ting-Lu|100\/100 brn|[from] item: Leftovers\n|-damage|p2a: Ting-Lu|94\/100 brn|[from] brn\n|upkeep\n|turn|14\n|\n|t:|1700457158\n|move|p1a: Ambipom|Fake Out|p2a: Ting-Lu\n|-damage|p2a: Ting-Lu|86\/100 brn\n|cant|p2a: Ting-Lu|flinch\n|\n|-weather|none\n|-heal|p2a: Ting-Lu|92\/100 brn|[from] item: Leftovers\n|-damage|p2a: Ting-Lu|86\/100 brn|[from] brn\n|upkeep\n|turn|15\n|\n|t:|1700457163\n|move|p1a: Ambipom|Double Hit|p2a: Ting-Lu\n|-damage|p2a: Ting-Lu|80\/100 brn\n|-damage|p2a: Ting-Lu|73\/100 brn\n|-hitcount|p2a: Ting-Lu|2\n|move|p2a: Ting-Lu|Memento|p1a: Ambipom\n|-unboost|p1a: Ambipom|atk|2\n|-unboost|p1a: Ambipom|spa|2\n|faint|p2a: Ting-Lu\n|\n|upkeep\n|\n|t:|1700457168\n|switch|p2a: Numel|Numel, M|100\/100\n|turn|16\n|\n|t:|1700457177\n|move|p1a: Ambipom|Swift|p2a: Numel\n|-damage|p2a: Numel|94\/100\n|move|p2a: Numel|Stockpile|p2a: Numel\n|-start|p2a: Numel|stockpile1\n|-boost|p2a: Numel|def|2\n|-boost|p2a: Numel|spd|2\n|\n|upkeep\n|turn|17\n|\n|t:|1700457184\n|move|p1a: Ambipom|Double Hit|p2a: Numel\n|-damage|p2a: Numel|90\/100\n|-damage|p2a: Numel|86\/100\n|-hitcount|p2a: Numel|2\n|move|p2a: Numel|Stockpile|p2a: Numel\n|-start|p2a: Numel|stockpile2\n|-boost|p2a: Numel|def|2\n|-boost|p2a: Numel|spd|2\n|\n|upkeep\n|turn|18\n|\n|t:|1700457192\n|move|p1a: Ambipom|Double Hit|p2a: Numel\n|-damage|p2a: Numel|84\/100\n|-crit|p2a: Numel\n|-damage|p2a: Numel|43\/100\n|-hitcount|p2a: Numel|2\n|move|p2a: Numel|Stockpile|p2a: Numel\n|-start|p2a: Numel|stockpile3\n|-boost|p2a: Numel|def|2\n|-boost|p2a: Numel|spd|2\n|\n|-sideend|p2: Simpleton 2|move: Aurora Veil\n|upkeep\n|turn|19\n|\n|t:|1700457203\n|move|p1a: Ambipom|Double Hit|p2a: Numel|[miss]\n|-miss|p1a: Ambipom|p2a: Numel\n|move|p2a: Numel|Rest|p2a: Numel\n|-status|p2a: Numel|slp|[from] move: Rest\n|-heal|p2a: Numel|100\/100 slp|[silent]\n|\n|upkeep\n|turn|20\n|\n|t:|1700457211\n|move|p1a: Ambipom|Double Hit|p2a: Numel\n|-damage|p2a: Numel|97\/100 slp\n|-damage|p2a: Numel|93\/100 slp\n|-hitcount|p2a: Numel|2\n|cant|p2a: Numel|slp\n|\n|upkeep\n|turn|21\n|\n|t:|1700457221\n|move|p1a: Ambipom|Double Hit|p2a: Numel\n|-crit|p2a: Numel\n|-damage|p2a: Numel|50\/100 slp\n|-crit|p2a: Numel\n|-damage|p2a: Numel|6\/100 slp\n|-hitcount|p2a: Numel|2\n|cant|p2a: Numel|slp\n|\n|upkeep\n|turn|22\n|\n|t:|1700457245\n|move|p1a: Ambipom|Swift|p2a: Numel\n|-damage|p2a: Numel|3\/100 slp\n|-curestatus|p2a: Numel|slp|[msg]\n|move|p2a: Numel|Rest|p2a: Numel\n|-status|p2a: Numel|slp|[from] move: Rest\n|-heal|p2a: Numel|100\/100 slp|[silent]\n|\n|upkeep\n|turn|23\n|\n|t:|1700457252\n|move|p1a: Ambipom|Double Hit|p2a: Numel\n|-damage|p2a: Numel|97\/100 slp\n|-damage|p2a: Numel|93\/100 slp\n|-hitcount|p2a: Numel|2\n|cant|p2a: Numel|slp\n|\n|upkeep\n|turn|24\n|\n|t:|1700457258\n|switch|p1a: Cyclizar|Cyclizar, F|100\/100\n|-activate|p1a: Cyclizar|move: Sticky Web\n|-unboost|p1a: Cyclizar|spe|1\n|-damage|p1a: Cyclizar|88\/100|[from] Stealth Rock\n|cant|p2a: Numel|slp\n|\n|upkeep\n|turn|25\n|\n|t:|1700457266\n|move|p1a: Cyclizar|Iron Head|p2a: Numel\n|-resisted|p2a: Numel\n|-damage|p2a: Numel|90\/100 slp\n|-curestatus|p2a: Numel|slp|[msg]\n|move|p2a: Numel|Flame Charge|p1a: Cyclizar\n|-resisted|p1a: Cyclizar\n|-crit|p1a: Cyclizar\n|-damage|p1a: Cyclizar|78\/100\n|-boost|p2a: Numel|spe|2\n|\n|upkeep\n|turn|26\n|\n|t:|1700457274\n|move|p2a: Numel|Flame Charge|p1a: Cyclizar\n|-resisted|p1a: Cyclizar\n|-damage|p1a: Cyclizar|71\/100\n|-boost|p2a: Numel|spe|2\n|move|p1a: Cyclizar|Outrage|p2a: Numel\n|-damage|p2a: Numel|78\/100\n|\n|upkeep\n|turn|27\n|\n|t:|1700457280\n|move|p2a: Numel|Flame Charge|p1a: Cyclizar\n|-resisted|p1a: Cyclizar\n|-damage|p1a: Cyclizar|64\/100\n|-boost|p2a: Numel|spe|2\n|move|p1a: Cyclizar|Outrage|p2a: Numel|[from]lockedmove\n|-damage|p2a: Numel|65\/100\n|\n|upkeep\n|turn|28\n|\n|t:|1700457283\n|move|p2a: Numel|Body Press|p1a: Cyclizar\n|-supereffective|p1a: Cyclizar\n|-damage|p1a: Cyclizar|0 fnt\n|faint|p1a: Cyclizar\n|\n|upkeep\n|\n|t:|1700457286\n|switch|p1a: Ninetales|Ninetales, F|76\/100 par\n|-activate|p1a: Ninetales|move: Sticky Web\n|-unboost|p1a: Ninetales|spe|1\n|-damage|p1a: Ninetales|51\/100 par|[from] Stealth Rock\n|turn|29\n|\n|t:|1700457291\n|-terastallize|p2a: Numel|Fighting\n|move|p2a: Numel|Body Press|p1a: Ninetales\n|-damage|p1a: Ninetales|0 fnt\n|faint|p1a: Ninetales\n|\n|upkeep\n|\n|t:|1700457297\n|switch|p1a: Ambipom|Ambipom, F|88\/100\n|-activate|p1a: Ambipom|move: Sticky Web\n|-unboost|p1a: Ambipom|spe|1\n|-damage|p1a: Ambipom|76\/100|[from] Stealth Rock\n|turn|30\n|\n|t:|1700457300\n|move|p1a: Ambipom|Fake Out|p2a: Numel\n|-damage|p2a: Numel|57\/100\n|cant|p2a: Numel|flinch\n|\n|upkeep\n|turn|31\n|\n|t:|1700457305\n|move|p2a: Numel|Body Press|p1a: Ambipom\n|-supereffective|p1a: Ambipom\n|-damage|p1a: Ambipom|0 fnt\n|faint|p1a: Ambipom\n|\n|upkeep\n|\n|t:|1700457308\n|switch|p1a: Torkoal|Torkoal, F|45\/100\n|-activate|p1a: Torkoal|move: Sticky Web\n|-unboost|p1a: Torkoal|spe|1\n|-damage|p1a: Torkoal|20\/100|[from] Stealth Rock\n|-weather|SunnyDay|[from] ability: Drought|[of] p1a: Torkoal\n|turn|32\n|\n|t:|1700457312\n|move|p2a: Numel|Body Press|p1a: Torkoal\n|-damage|p1a: Torkoal|0 fnt\n|faint|p1a: Torkoal\n|\n|-weather|SunnyDay|[upkeep]\n|upkeep\n|\n|t:|1700457315\n|switch|p1a: Numel|Numel, M|100\/100\n|-activate|p1a: Numel|move: Sticky Web\n|-unboost|p1a: Numel|spe|2\n|-damage|p1a: Numel|88\/100|[from] Stealth Rock\n|turn|33\n|\n|t:|1700457319\n|move|p2a: Numel|Body Press|p1a: Numel\n|-damage|p1a: Numel|0 fnt\n|faint|p1a: Numel\n|\n|win|Simpleton 2\n|raw|vaccinalgull075's rating: 1000 &rarr; <strong>1000<\/strong><br \/>(+0 for losing)\n|raw|Simpleton 2's rating: 1000 &rarr; <strong>1040<\/strong><br \/>(+40 for winning)\n|l|\u2606vaccinalgull075\n","uploadtime":1700457392,"views":11,"p1id":"vaccinalgull075","p2id":"simpleton2","formatid":"gen9ou","rating":1000,"private":0,"password":""}