{"id":"gen9ou-1992727569","p1":"pitagoras3","p2":"snotnosezill","format":"[Gen 9] OU","log":"|j|\u2606pitagoras3\n|j|\u2606snotnosezill\n|t:|1700229717\n|gametype|singles\n|player|p1|pitagoras3|266|1215\n|player|p2|snotnosezill|266|1114\n|teamsize|p1|6\n|teamsize|p2|6\n|gen|9\n|tier|[Gen 9] OU\n|rated|\n|rule|Sleep Clause Mod: Limit one foe put to sleep\n|rule|Species Clause: Limit one of each Pok\u00e9mon\n|rule|OHKO Clause: OHKO moves are banned\n|rule|Evasion Items Clause: Evasion items are banned\n|rule|Evasion Moves Clause: Evasion moves are banned\n|rule|Endless Battle Clause: Forcing endless battles is banned\n|rule|HP Percentage Mod: HP is shown in percentages\n|clearpoke\n|poke|p1|Dragapult, M|\n|poke|p1|Ceruledge, F|\n|poke|p1|Clefable, M|\n|poke|p1|Kingambit, M|\n|poke|p1|Alomomola, F|\n|poke|p1|Overqwil, F|\n|poke|p2|Ninetales, F|\n|poke|p2|Skeledirge, F|\n|poke|p2|Heatran, M|\n|poke|p2|Walking Wake|\n|poke|p2|Moltres-Galar|\n|poke|p2|Landorus-Therian, M|\n|teampreview\n|\n|t:|1700229735\n|start\n|switch|p1a: Overqwil|Overqwil, F|100\/100\n|switch|p2a: Landorus|Landorus-Therian, M|100\/100\n|-ability|p2a: Landorus|Intimidate|boost\n|-unboost|p1a: Overqwil|atk|1\n|-ability|p1a: Overqwil|Intimidate|boost\n|-unboost|p2a: Landorus|atk|1\n|turn|1\n|inactive|Battle timer is ON: inactive players will automatically lose when time's up. (requested by pitagoras3)\n|\n|t:|1700229753\n|switch|p2a: Heatran|Heatran, M|100\/100\n|-item|p2a: Heatran|Air Balloon\n|move|p1a: Overqwil|Barb Barrage|p2a: Heatran\n|-immune|p2a: Heatran\n|\n|upkeep\n|turn|2\n|\n|t:|1700229762\n|switch|p1a: Alomomola|Alomomola, F|100\/100\n|move|p2a: Heatran|Magma Storm|p1a: Alomomola\n|-resisted|p1a: Alomomola\n|-damage|p1a: Alomomola|73\/100\n|-activate|p1a: Alomomola|move: Magma Storm|[of] p2a: Heatran\n|\n|-heal|p1a: Alomomola|80\/100|[from] item: Leftovers\n|-damage|p1a: Alomomola|67\/100|[from] move: Magma Storm|[partiallytrapped]\n|upkeep\n|turn|3\n|\n|t:|1700229778\n|move|p2a: Heatran|Protect|p2a: Heatran\n|-singleturn|p2a: Heatran|Protect\n|move|p1a: Alomomola|Wish|p1a: Alomomola\n|\n|-heal|p1a: Alomomola|73\/100|[from] item: Leftovers\n|-damage|p1a: Alomomola|61\/100|[from] move: Magma Storm|[partiallytrapped]\n|upkeep\n|turn|4\n|\n|t:|1700229789\n|switch|p2a: Ninetales|Ninetales, F|100\/100\n|-weather|SunnyDay|[from] ability: Drought|[of] p2a: Ninetales\n|move|p1a: Alomomola|Scald|p2a: Ninetales\n|-supereffective|p2a: Ninetales\n|-damage|p2a: Ninetales|85\/100\n|\n|-weather|SunnyDay|[upkeep]\n|-heal|p1a: Alomomola|100\/100|[from] move: Wish|[wisher] Alomomola\n|-end|p1a: Alomomola|Magma Storm|[partiallytrapped]|[silent]\n|upkeep\n|turn|5\n|inactive|snotnosezill has 120 seconds left.\n|\n|t:|1700229845\n|switch|p1a: Clefable|Clefable, M|100\/100\n|-terastallize|p2a: Ninetales|Grass\n|move|p2a: Ninetales|Solar Beam||[still]\n|-prepare|p2a: Ninetales|Solar Beam\n|-anim|p2a: Ninetales|Solar Beam|p1a: Clefable\n|-crit|p1a: Clefable\n|-damage|p1a: Clefable|48\/100\n|\n|-weather|SunnyDay|[upkeep]\n|upkeep\n|turn|6\n|inactive|snotnosezill has 90 seconds left.\n|\n|t:|1700229862\n|move|p2a: Ninetales|Overheat|p1a: Clefable\n|-damage|p1a: Clefable|0 fnt\n|-unboost|p2a: Ninetales|spa|2\n|faint|p1a: Clefable\n|\n|-weather|SunnyDay|[upkeep]\n|upkeep\n|\n|t:|1700229876\n|switch|p1a: Ceruledge|Ceruledge, F|100\/100\n|turn|7\n|inactive|snotnosezill has 90 seconds left.\n|inactive|snotnosezill has 60 seconds left.\n|\n|t:|1700229941\n|switch|p2a: Moltres|Moltres-Galar|100\/100\n|move|p1a: Ceruledge|Shadow Claw|p2a: Moltres\n|-resisted|p2a: Moltres\n|-damage|p2a: Moltres|80\/100\n|\n|-weather|SunnyDay|[upkeep]\n|upkeep\n|turn|8\n|inactive|snotnosezill has 30 seconds left.\n|\n|t:|1700229972\n|switch|p1a: Alomomola|Alomomola, F|100\/100\n|switch|p2a: Ninetales|Ninetales, F, tera:Grass|85\/100\n|\n|-weather|SunnyDay|[upkeep]\n|upkeep\n|turn|9\n|inactive|snotnosezill has 30 seconds left.\n|inactive|pitagoras3 has 120 seconds left.\n|inactive|snotnosezill has 20 seconds left.\n|inactive|snotnosezill has 15 seconds left.\n|\n|t:|1700230006\n|move|p2a: Ninetales|Solar Beam||[still]\n|-prepare|p2a: Ninetales|Solar Beam\n|-anim|p2a: Ninetales|Solar Beam|p1a: Alomomola\n|-supereffective|p1a: Alomomola\n|-damage|p1a: Alomomola|28\/100\n|move|p1a: Alomomola|Scald|p2a: Ninetales\n|-resisted|p2a: Ninetales\n|-damage|p2a: Ninetales|82\/100\n|\n|-weather|SunnyDay|[upkeep]\n|-heal|p1a: Alomomola|34\/100|[from] item: Leftovers\n|upkeep\n|turn|10\n|inactive|snotnosezill has 25 seconds left this turn.\n|inactive|snotnosezill has 20 seconds left.\n|inactive|snotnosezill has 15 seconds left.\n|\n|t:|1700230018\n|switch|p1a: Overqwil|Overqwil, F|100\/100\n|-ability|p1a: Overqwil|Intimidate|boost\n|-unboost|p2a: Ninetales|atk|1\n|move|p2a: Ninetales|Solar Beam||[still]\n|-prepare|p2a: Ninetales|Solar Beam\n|-anim|p2a: Ninetales|Solar Beam|p1a: Overqwil\n|-resisted|p1a: Overqwil\n|-damage|p1a: Overqwil|78\/100\n|\n|-weather|SunnyDay|[upkeep]\n|-heal|p1a: Overqwil|84\/100|[from] item: Black Sludge\n|upkeep\n|turn|11\n|inactive|snotnosezill has 25 seconds left this turn.\n|inactive|pitagoras3 has 120 seconds left.\n|inactive|snotnosezill has 20 seconds left.\n|inactive|snotnosezill has 15 seconds left.\n|inactive|snotnosezill has 10 seconds left.\n|inactive|snotnosezill has 5 seconds left.\n|\n|t:|1700230039\n|switch|p2a: Heatran|Heatran, M|100\/100\n|-item|p2a: Heatran|Air Balloon\n|move|p1a: Overqwil|Spikes|p2a: Heatran\n|-sidestart|p2: snotnosezill|Spikes\n|\n|-weather|none\n|-heal|p1a: Overqwil|90\/100|[from] item: Black Sludge\n|upkeep\n|turn|12\n|inactive|snotnosezill has 15 seconds left this turn.\n|inactive|pitagoras3 has 120 seconds left.\n|inactive|snotnosezill has 10 seconds left.\n|\n|t:|1700230049\n|switch|p1a: Alomomola|Alomomola, F|67\/100\n|move|p2a: Heatran|Magma Storm|p1a: Alomomola\n|-resisted|p1a: Alomomola\n|-damage|p1a: Alomomola|35\/100\n|-activate|p1a: Alomomola|move: Magma Storm|[of] p2a: Heatran\n|\n|-heal|p1a: Alomomola|41\/100|[from] item: Leftovers\n|-damage|p1a: Alomomola|29\/100|[from] move: Magma Storm|[partiallytrapped]\n|upkeep\n|turn|13\n|inactive|snotnosezill has 20 seconds left this turn.\n|inactive|snotnosezill has 15 seconds left.\n|inactive|snotnosezill has 10 seconds left.\n|\n|t:|1700230059\n|move|p2a: Heatran|Magma Storm|p1a: Alomomola\n|-resisted|p1a: Alomomola\n|-crit|p1a: Alomomola\n|-damage|p1a: Alomomola|0 fnt\n|faint|p1a: Alomomola\n|\n|upkeep\n|inactive|snotnosezill has 15 seconds left this turn.\n|\n|t:|1700230068\n|switch|p1a: Ceruledge|Ceruledge, F|100\/100\n|turn|14\n|inactive|snotnosezill has 25 seconds left this turn.\n|inactive|snotnosezill has 20 seconds left.\n|inactive|snotnosezill has 15 seconds left.\n|inactive|snotnosezill has 10 seconds left.\n|inactive|snotnosezill has 5 seconds left.\n|\n|t:|1700230090\n|move|p1a: Ceruledge|Close Combat|p2a: Heatran\n|-supereffective|p2a: Heatran\n|-damage|p2a: Heatran|16\/100\n|-unboost|p1a: Ceruledge|def|1\n|-unboost|p1a: Ceruledge|spd|1\n|-enditem|p2a: Heatran|Air Balloon\n|move|p2a: Heatran|Earth Power|p1a: Ceruledge\n|-supereffective|p1a: Ceruledge\n|-damage|p1a: Ceruledge|0 fnt\n|faint|p1a: Ceruledge\n|\n|upkeep\n|inactive|snotnosezill has 10 seconds left this turn.\n|\n|t:|1700230101\n|switch|p1a: Dragapult|Dragapult, M|100\/100\n|turn|15\n|inactive|snotnosezill has 20 seconds left this turn.\n|inactive|snotnosezill has 15 seconds left.\n|\n|t:|1700230109\n|move|p2a: Heatran|Protect|p2a: Heatran\n|-singleturn|p2a: Heatran|Protect\n|move|p1a: Dragapult|Shadow Ball|p2a: Heatran\n|-activate|p2a: Heatran|move: Protect\n|\n|upkeep\n|turn|16\n|inactive|snotnosezill has 25 seconds left this turn.\n|inactive|snotnosezill has 20 seconds left.\n|inactive|snotnosezill has 15 seconds left.\n|inactive|snotnosezill has 10 seconds left.\n|\n|t:|1700230129\n|switch|p2a: Moltres|Moltres-Galar|80\/100\n|move|p1a: Dragapult|Shadow Ball|p2a: Moltres\n|-resisted|p2a: Moltres\n|-damage|p2a: Moltres|56\/100\n|-unboost|p2a: Moltres|spd|1\n|\n|upkeep\n|turn|17\n|inactive|snotnosezill has 20 seconds left this turn.\n|inactive|snotnosezill has 15 seconds left.\n|\n|t:|1700230138\n|switch|p1a: Overqwil|Overqwil, F|90\/100\n|-ability|p1a: Overqwil|Intimidate|boost\n|-unboost|p2a: Moltres|atk|1\n|move|p2a: Moltres|Agility|p2a: Moltres\n|-boost|p2a: Moltres|spe|2\n|\n|-heal|p1a: Overqwil|96\/100|[from] item: Black Sludge\n|upkeep\n|turn|18\n|inactive|snotnosezill has 25 seconds left this turn.\n|inactive|snotnosezill has 20 seconds left.\n|inactive|snotnosezill has 15 seconds left.\n|inactive|snotnosezill has 10 seconds left.\n|inactive|snotnosezill has 5 seconds left.\n|\n|t:|1700230161\n|switch|p2a: Heatran|Heatran, M|16\/100\n|-damage|p2a: Heatran|3\/100|[from] Spikes\n|move|p1a: Overqwil|Barb Barrage|p2a: Heatran\n|-immune|p2a: Heatran\n|\n|-heal|p1a: Overqwil|100\/100|[from] item: Black Sludge\n|upkeep\n|turn|19\n|inactive|snotnosezill has 15 seconds left this turn.\n|inactive|snotnosezill has 10 seconds left.\n|\n|t:|1700230171\n|move|p2a: Heatran|Magma Storm|p1a: Overqwil\n|-damage|p1a: Overqwil|29\/100\n|-activate|p1a: Overqwil|move: Magma Storm|[of] p2a: Heatran\n|move|p1a: Overqwil|Spikes|p2a: Heatran\n|-sidestart|p2: snotnosezill|Spikes\n|\n|-heal|p1a: Overqwil|35\/100|[from] item: Black Sludge\n|-damage|p1a: Overqwil|23\/100|[from] move: Magma Storm|[partiallytrapped]\n|upkeep\n|turn|20\n|inactive|snotnosezill has 20 seconds left this turn.\n|inactive|snotnosezill has 15 seconds left.\n|inactive|snotnosezill has 10 seconds left.\n|\n|t:|1700230182\n|move|p2a: Heatran|Protect|p2a: Heatran\n|-singleturn|p2a: Heatran|Protect\n|move|p1a: Overqwil|Spikes|p2a: Heatran\n|-sidestart|p2: snotnosezill|Spikes\n|\n|-heal|p1a: Overqwil|29\/100|[from] item: Black Sludge\n|-damage|p1a: Overqwil|16\/100|[from] move: Magma Storm|[partiallytrapped]\n|upkeep\n|turn|21\n|inactive|snotnosezill has 20 seconds left this turn.\n|inactive|snotnosezill has 15 seconds left.\n|inactive|snotnosezill has 10 seconds left.\n|inactive|snotnosezill has 5 seconds left.\n|\n|t:|1700230202\n|move|p2a: Heatran|Earth Power|p1a: Overqwil\n|-supereffective|p1a: Overqwil\n|-damage|p1a: Overqwil|0 fnt\n|faint|p1a: Overqwil\n|\n|upkeep\n|inactive|snotnosezill has 10 seconds left this turn.\n|inactive|pitagoras3 has 120 seconds left.\n|\n|t:|1700230218\n|switch|p1a: Dragapult|Dragapult, M|100\/100\n|turn|22\n|inactive|snotnosezill has 20 seconds left this turn.\n|\n|t:|1700230225\n|move|p2a: Heatran|Protect|p2a: Heatran\n|-singleturn|p2a: Heatran|Protect\n|move|p1a: Dragapult|Shadow Ball|p2a: Heatran\n|-activate|p2a: Heatran|move: Protect\n|\n|upkeep\n|turn|23\n|inactive|snotnosezill has 30 seconds left this turn.\n|inactive|snotnosezill has 20 seconds left.\n|inactive|snotnosezill has 15 seconds left.\n|inactive|snotnosezill has 10 seconds left.\n|inactive|snotnosezill has 5 seconds left.\n|\n|t:|1700230254\n|switch|p2a: Moltres|Moltres-Galar|56\/100\n|move|p1a: Dragapult|Shadow Ball|p2a: Moltres\n|-resisted|p2a: Moltres\n|-damage|p2a: Moltres|31\/100\n|-ability|p2a: Moltres|Berserk|boost\n|-boost|p2a: Moltres|spa|1\n|-enditem|p2a: Moltres|Sitrus Berry|[eat]\n|-heal|p2a: Moltres|56\/100|[from] item: Sitrus Berry\n|\n|upkeep\n|turn|24\n|inactive|snotnosezill has 15 seconds left this turn.\n|inactive|snotnosezill has 10 seconds left.\n|inactive|snotnosezill has 5 seconds left.\n|\n|t:|1700230269\n|switch|p1a: Kingambit|Kingambit, M|100\/100\n|-activate|p1a: Kingambit|ability: Supreme Overlord\n|-start|p1a: Kingambit|fallen4|[silent]\n|move|p2a: Moltres|Fiery Wrath|p1a: Kingambit\n|-resisted|p1a: Kingambit\n|-damage|p1a: Kingambit|80\/100\n|\n|upkeep\n|turn|25\n|inactive|snotnosezill has 15 seconds left this turn.\n|inactive|snotnosezill has 10 seconds left.\n|inactive|snotnosezill has 5 seconds left.\n|\n|t:|1700230280\n|move|p1a: Kingambit|Sucker Punch||[still]\n|-fail|p1a: Kingambit\n|move|p2a: Moltres|Taunt|p1a: Kingambit\n|-start|p1a: Kingambit|move: Taunt\n|\n|upkeep\n|turn|26\n|inactive|snotnosezill has 15 seconds left this turn.\n|inactive|snotnosezill has 10 seconds left.\n|\n|t:|1700230292\n|move|p2a: Moltres|Nasty Plot|p2a: Moltres\n|-boost|p2a: Moltres|spa|2\n|move|p1a: Kingambit|Brick Break|p2a: Moltres\n|-damage|p2a: Moltres|14\/100\n|-ability|p2a: Moltres|Berserk|boost\n|-boost|p2a: Moltres|spa|1\n|\n|upkeep\n|turn|27\n|inactive|snotnosezill has 20 seconds left this turn.\n|inactive|snotnosezill has 15 seconds left.\n|\n|t:|1700230303\n|move|p1a: Kingambit|Sucker Punch|p2a: Moltres\n|-resisted|p2a: Moltres\n|-damage|p2a: Moltres|0 fnt\n|faint|p2a: Moltres\n|\n|upkeep\n|inactive|snotnosezill has 20 seconds left this turn.\n|inactive|snotnosezill has 15 seconds left.\n|\n|t:|1700230310\n|switch|p2a: Ninetales|Ninetales, F, tera:Grass|82\/100\n|-damage|p2a: Ninetales|57\/100|[from] Spikes\n|-weather|SunnyDay|[from] ability: Drought|[of] p2a: Ninetales\n|turn|28\n|inactive|snotnosezill has 25 seconds left this turn.\n|inactive|snotnosezill has 20 seconds left.\n|inactive|snotnosezill has 15 seconds left.\n|\n|t:|1700230325\n|move|p1a: Kingambit|Sucker Punch||[still]\n|-fail|p1a: Kingambit\n|move|p2a: Ninetales|Will-O-Wisp|p1a: Kingambit\n|-status|p1a: Kingambit|brn\n|\n|-weather|SunnyDay|[upkeep]\n|-damage|p1a: Kingambit|73\/100 brn|[from] brn\n|-end|p1a: Kingambit|move: Taunt\n|upkeep\n|turn|29\n|inactive|snotnosezill has 25 seconds left this turn.\n|inactive|snotnosezill has 20 seconds left.\n|inactive|snotnosezill has 15 seconds left.\n|inactive|snotnosezill has 10 seconds left.\n|inactive|snotnosezill has 5 seconds left.\n|\n|t:|1700230349\n|move|p1a: Kingambit|Sucker Punch||[still]\n|-fail|p1a: Kingambit\n|move|p2a: Ninetales|Healing Wish|p2a: Ninetales\n|faint|p2a: Ninetales\n|\n|-weather|SunnyDay|[upkeep]\n|-damage|p1a: Kingambit|67\/100 brn|[from] brn\n|upkeep\n|inactive|snotnosezill has 10 seconds left this turn.\n|inactive|snotnosezill has 5 seconds left.\n|\n|t:|1700230358\n|switch|p2a: Heatran|Heatran, M|3\/100\n|-heal|p2a: Heatran|100\/100|[from] move: Healing Wish\n|-damage|p2a: Heatran|76\/100|[from] Spikes\n|turn|30\n|inactive|snotnosezill has 15 seconds left this turn.\n|inactive|snotnosezill has 10 seconds left.\n|\n|t:|1700230369\n|move|p2a: Heatran|Magma Storm|p1a: Kingambit\n|-supereffective|p1a: Kingambit\n|-damage|p1a: Kingambit|0 fnt\n|faint|p1a: Kingambit\n|-end|p1a: Kingambit|fallen4|[silent]\n|\n|-weather|SunnyDay|[upkeep]\n|upkeep\n|inactive|snotnosezill has 15 seconds left this turn.\n|\n|t:|1700230372\n|switch|p1a: Dragapult|Dragapult, M|100\/100\n|turn|31\n|inactive|snotnosezill has 25 seconds left this turn.\n|inactive|snotnosezill has 20 seconds left.\n|\n|t:|1700230379\n|-terastallize|p1a: Dragapult|Fire\n|move|p1a: Dragapult|Shadow Ball|p2a: Heatran\n|-damage|p2a: Heatran|24\/100\n|move|p2a: Heatran|Magma Storm|p1a: Dragapult|[miss]\n|-miss|p2a: Heatran|p1a: Dragapult\n|\n|-weather|SunnyDay|[upkeep]\n|upkeep\n|turn|32\n|inactive|snotnosezill has 30 seconds left this turn.\n|inactive|snotnosezill has 20 seconds left.\n|inactive|pitagoras3 has 120 seconds left.\n|\n|t:|1700230418\n|move|p1a: Dragapult|Shadow Ball|p2a: Heatran\n|-damage|p2a: Heatran|0 fnt\n|faint|p2a: Heatran\n|\n|-weather|SunnyDay|[upkeep]\n|upkeep\n|inactive|snotnosezill has 25 seconds left this turn.\n|inactive|snotnosezill has 20 seconds left.\n|inactive|snotnosezill has 15 seconds left.\n|\n|t:|1700230431\n|switch|p2a: Walking Wake|Walking Wake|100\/100\n|-damage|p2a: Walking Wake|76\/100|[from] Spikes\n|-activate|p2a: Walking Wake|ability: Protosynthesis\n|-start|p2a: Walking Wake|protosynthesisspe\n|turn|33\n|inactive|snotnosezill has 25 seconds left this turn.\n|inactive|snotnosezill has 20 seconds left.\n|inactive|pitagoras3 has 120 seconds left.\n|\n|t:|1700230442\n|move|p2a: Walking Wake|Hydro Steam|p1a: Dragapult\n|-supereffective|p1a: Dragapult\n|-damage|p1a: Dragapult|0 fnt\n|faint|p1a: Dragapult\n|\n|win|snotnosezill\n|inactive|snotnosezill has 25 seconds left this turn.\n|raw|pitagoras3's rating: 1215 &rarr; <strong>1183<\/strong><br \/>(-32 for losing)\n|raw|snotnosezill's rating: 1114 &rarr; <strong>1146<\/strong><br \/>(+32 for winning)\n|l|\u2606pitagoras3\n","uploadtime":1700230450,"views":9,"p1id":"pitagoras3","p2id":"snotnosezill","formatid":"gen9ou","rating":1146,"private":0,"password":""}