{"id":"gen9ou-1993925784","p1":"SameAstolfo","p2":"Ogerponk","format":"[Gen 9] OU","log":"|j|\u2606SameAstolfo\n|j|\u2606Ogerponk\n|t:|1700376577\n|gametype|singles\n|player|p1|SameAstolfo|hilda|\n|player|p2|Ogerponk|erika|\n|teamsize|p1|6\n|teamsize|p2|6\n|gen|9\n|tier|[Gen 9] OU\n|rule|Sleep Clause Mod: Limit one foe put to sleep\n|rule|Species Clause: Limit one of each Pok\u00e9mon\n|rule|OHKO Clause: OHKO moves are banned\n|rule|Evasion Items Clause: Evasion items are banned\n|rule|Evasion Moves Clause: Evasion moves are banned\n|rule|Endless Battle Clause: Forcing endless battles is banned\n|rule|HP Percentage Mod: HP is shown in percentages\n|clearpoke\n|poke|p1|Heatran, F|\n|poke|p1|Regidrago|\n|poke|p1|Jolteon, F|\n|poke|p1|Glastrier|\n|poke|p1|Mightyena, M|\n|poke|p1|Oranguru, M|\n|poke|p2|Great Tusk|\n|poke|p2|Munkidori, M|\n|poke|p2|Frosmoth, F|\n|poke|p2|Decidueye-Hisui, F|\n|poke|p2|Lycanroc-Dusk, M|\n|poke|p2|Dugtrio, F|\n|teampreview\n|j| justajynx xoxo\n|\n|t:|1700376617\n|start\n|switch|p1a: Heatran|Heatran, F|100\/100\n|switch|p2a: Dugtrio|Dugtrio, F|100\/100\n|-item|p1a: Heatran|Air Balloon\n|turn|1\n|\n|t:|1700376626\n|move|p2a: Dugtrio|Smack Down|p1a: Heatran\n|-damage|p1a: Heatran|88\/100\n|-enditem|p1a: Heatran|Air Balloon\n|move|p1a: Heatran|Stealth Rock|p2a: Dugtrio\n|-sidestart|p2: Ogerponk|move: Stealth Rock\n|\n|upkeep\n|turn|2\n|c| justajynx xoxo|team phat nhin luc phet\n|\n|t:|1700376635\n|switch|p1a: Mightyena|Mightyena, M|100\/100\n|-ability|p1a: Mightyena|Intimidate|boost\n|-unboost|p2a: Dugtrio|atk|1\n|move|p2a: Dugtrio|Earthquake|p1a: Mightyena\n|-damage|p1a: Mightyena|50\/100\n|\n|upkeep\n|turn|3\n|c|\u2606Ogerponk|ngao nghe hup het ru\n|\n|t:|1700376658\n|move|p2a: Dugtrio|Earthquake|p1a: Mightyena\n|-damage|p1a: Mightyena|1\/100\n|move|p1a: Mightyena|Crunch|p2a: Dugtrio\n|-enditem|p2a: Dugtrio|Focus Sash\n|-damage|p2a: Dugtrio|1\/100\n|-damage|p1a: Mightyena|0 fnt|[from] item: Life Orb\n|faint|p1a: Mightyena\n|\n|upkeep\n|c|\u2606Ogerponk|nh\u1eddn\n|c|\u2606SameAstolfo|Hmmm\n|\n|t:|1700376690\n|switch|p1a: Regidrago|Regidrago|100\/100\n|turn|4\n|c|\u2606SameAstolfo|Nh\u1eddn\n|\n|t:|1700376724\n|move|p2a: Dugtrio|Memento|p1a: Regidrago\n|-unboost|p1a: Regidrago|atk|2\n|-unboost|p1a: Regidrago|spa|2\n|faint|p2a: Dugtrio\n|move|p1a: Regidrago|Dragon Dance|p1a: Regidrago\n|-boost|p1a: Regidrago|atk|1\n|-boost|p1a: Regidrago|spe|1\n|\n|upkeep\n|c|\u2606SameAstolfo|Vl\n|\n|t:|1700376734\n|switch|p2a: Greato Tusk|Great Tusk|100\/100\n|-damage|p2a: Greato Tusk|98\/100|[from] Stealth Rock\n|turn|5\n|c|\u2606Ogerponk|nh\u1eddn\n|c| justajynx xoxo|dragon energy phat\n|c| justajynx xoxo|ngao nge\n|c|\u2606Ogerponk|sao ma lam duoc\n|\n|t:|1700376765\n|switch|p1a: Oranguru|Oranguru, M|100\/100\n|move|p2a: Greato Tusk|Rapid Spin|p1a: Oranguru\n|-damage|p1a: Oranguru|85\/100\n|-boost|p2a: Greato Tusk|spe|1\n|-sideend|p2: Ogerponk|Stealth Rock|[from] move: Rapid Spin|[of] p2a: Greato Tusk\n|\n|-heal|p2a: Greato Tusk|100\/100|[from] item: Leftovers\n|upkeep\n|turn|6\n|\n|t:|1700376771\n|-end|p2a: Greato Tusk|Protosynthesis|[silent]\n|switch|p2a: Frosmoth|Frosmoth, F|100\/100\n|move|p1a: Oranguru|Reflect|p1a: Oranguru\n|-sidestart|p1: SameAstolfo|Reflect\n|\n|upkeep\n|turn|7\n|\n|t:|1700376778\n|move|p2a: Frosmoth|Bug Buzz|p1a: Oranguru\n|-supereffective|p1a: Oranguru\n|-damage|p1a: Oranguru|23\/100\n|move|p1a: Oranguru|Light Screen|p1a: Oranguru\n|-sidestart|p1: SameAstolfo|move: Light Screen\n|\n|upkeep\n|turn|8\n|\n|t:|1700376784\n|move|p2a: Frosmoth|Quiver Dance|p2a: Frosmoth\n|-boost|p2a: Frosmoth|spa|1\n|-boost|p2a: Frosmoth|spd|1\n|-boost|p2a: Frosmoth|spe|1\n|move|p1a: Oranguru|Trick Room|p1a: Oranguru\n|-fieldstart|move: Trick Room|[of] p1a: Oranguru\n|\n|upkeep\n|turn|9\n|\n|t:|1700376789\n|switch|p1a: Glastrier|Glastrier|100\/100\n|move|p2a: Frosmoth|Bug Buzz|p1a: Glastrier\n|-damage|p1a: Glastrier|70\/100\n|\n|-heal|p1a: Glastrier|77\/100|[from] item: Leftovers\n|upkeep\n|turn|10\n|c|\u2606Ogerponk|ph\u1eafc\n|\n|t:|1700376801\n|move|p1a: Glastrier|Icicle Crash|p2a: Frosmoth\n|-resisted|p2a: Frosmoth\n|-damage|p2a: Frosmoth|51\/100\n|move|p2a: Frosmoth|Bug Buzz|p1a: Glastrier\n|-damage|p1a: Glastrier|46\/100\n|\n|-heal|p1a: Glastrier|52\/100|[from] item: Leftovers\n|upkeep\n|turn|11\n|\n|t:|1700376809\n|move|p1a: Glastrier|Icicle Crash|p2a: Frosmoth\n|-resisted|p2a: Frosmoth\n|-damage|p2a: Frosmoth|0 fnt\n|faint|p2a: Frosmoth\n|-ability|p1a: Glastrier|Chilling Neigh|boost\n|-boost|p1a: Glastrier|atk|1\n|\n|-heal|p1a: Glastrier|59\/100|[from] item: Leftovers\n|upkeep\n|\n|t:|1700376816\n|switch|p2a: Munkidori|Munkidori, M|100\/100\n|turn|12\n|\n|t:|1700376821\n|move|p1a: Glastrier|High Horsepower|p2a: Munkidori\n|-supereffective|p2a: Munkidori\n|-enditem|p2a: Munkidori|Focus Sash\n|-damage|p2a: Munkidori|1\/100\n|move|p2a: Munkidori|Focus Blast|p1a: Glastrier|[miss]\n|-miss|p2a: Munkidori|p1a: Glastrier\n|\n|-heal|p1a: Glastrier|65\/100|[from] item: Leftovers\n|-fieldend|move: Trick Room\n|upkeep\n|turn|13\n|c|\u2606Ogerponk|ph\u1eafc\n|c|\u2606SameAstolfo|2 sash :((\n|\n|t:|1700376842\n|move|p2a: Munkidori|Focus Blast|p1a: Glastrier|[miss]\n|-miss|p2a: Munkidori|p1a: Glastrier\n|move|p1a: Glastrier|Icicle Crash|p2a: Munkidori\n|-crit|p2a: Munkidori\n|-damage|p2a: Munkidori|0 fnt\n|faint|p2a: Munkidori\n|-ability|p1a: Glastrier|Chilling Neigh|boost\n|-boost|p1a: Glastrier|atk|1\n|\n|-heal|p1a: Glastrier|71\/100|[from] item: Leftovers\n|-sideend|p1: SameAstolfo|Reflect\n|upkeep\n|\n|t:|1700376846\n|switch|p2a: Lycanroc|Lycanroc-Dusk, M|100\/100\n|turn|14\n|c|\u2606SameAstolfo|Wao\n|\n|t:|1700376857\n|move|p2a: Lycanroc|Endure|p2a: Lycanroc\n|-singleturn|p2a: Lycanroc|move: Endure\n|move|p1a: Glastrier|High Horsepower|p2a: Lycanroc\n|-supereffective|p2a: Lycanroc\n|-activate|p2a: Lycanroc|move: Endure\n|-damage|p2a: Lycanroc|1\/100\n|-enditem|p2a: Lycanroc|Salac Berry|[eat]\n|-boost|p2a: Lycanroc|spe|1|[from] item: Salac Berry\n|\n|-heal|p1a: Glastrier|77\/100|[from] item: Leftovers\n|-sideend|p1: SameAstolfo|move: Light Screen\n|upkeep\n|turn|15\n|c|\u2606Ogerponk|ph\u1eafc\n|\n|t:|1700376870\n|move|p2a: Lycanroc|Reversal|p1a: Glastrier\n|-supereffective|p1a: Glastrier\n|-damage|p1a: Glastrier|0 fnt\n|faint|p1a: Glastrier\n|\n|upkeep\n|c|\u2606SameAstolfo|Wao\n|\n|t:|1700376884\n|switch|p1a: Jolteon|Jolteon, F|100\/100\n|turn|16\n|c| justajynx xoxo|quick attack jolteon\n|\n|t:|1700376918\n|-terastallize|p1a: Jolteon|Ghost\n|move|p2a: Lycanroc|Reversal|p1a: Jolteon\n|-immune|p1a: Jolteon\n|move|p1a: Jolteon|Tera Blast|p2a: Lycanroc|[anim] Tera Blast Ghost\n|-damage|p2a: Lycanroc|0 fnt\n|faint|p2a: Lycanroc\n|-damage|p1a: Jolteon|91\/100|[from] item: Life Orb\n|\n|upkeep\n|c|\u2606Ogerponk|nuh uh\n|c|\u2606Ogerponk|qu\u00ean m\u1eb9 m\u1ea5t\n|\n|t:|1700376947\n|switch|p2a: Decidueye|Decidueye-Hisui, F, shiny|100\/100\n|turn|17\n|\n|t:|1700376953\n|move|p1a: Jolteon|Volt Switch|p2a: Decidueye\n|-resisted|p2a: Decidueye\n|-damage|p2a: Decidueye|85\/100\n|-damage|p1a: Jolteon|81\/100|[from] item: Life Orb\n|\n|t:|1700376960\n|switch|p1a: Oranguru|Oranguru, M|23\/100|[from] Volt Switch\n|move|p2a: Decidueye|Trailblaze|p1a: Oranguru\n|-damage|p1a: Oranguru|1\/100\n|-boost|p2a: Decidueye|spe|1\n|\n|upkeep\n|turn|18\n|\n|t:|1700376971\n|move|p2a: Decidueye|Trailblaze|p1a: Oranguru\n|-damage|p1a: Oranguru|0 fnt\n|-boost|p2a: Decidueye|spe|1\n|faint|p1a: Oranguru\n|\n|upkeep\n|\n|t:|1700376990\n|switch|p1a: Heatran|Heatran, F|88\/100\n|turn|19\n|\n|t:|1700376993\n|move|p2a: Decidueye|Triple Arrows|p1a: Heatran\n|-supereffective|p1a: Heatran\n|-damage|p1a: Heatran|16\/100\n|-unboost|p1a: Heatran|def|1\n|cant|p1a: Heatran|flinch\n|\n|upkeep\n|turn|20\n|c|\u2606SameAstolfo|\u1ea0hhh\n|c| justajynx xoxo|chieu rac\n|c|\u2606SameAstolfo|Ni\u1ec7m\n|c|\u2606Ogerponk|t\u00f4i y\u00eau triple arrow\n|\n|t:|1700377008\n|move|p2a: Decidueye|Triple Arrows|p1a: Heatran\n|-supereffective|p1a: Heatran\n|-damage|p1a: Heatran|0 fnt\n|faint|p1a: Heatran\n|\n|upkeep\n|\n|t:|1700377020\n|switch|p1a: Regidrago|Regidrago|100\/100\n|turn|21\n|\n|t:|1700377030\n|-terastallize|p2a: Decidueye|Steel\n|move|p2a: Decidueye|Triple Arrows|p1a: Regidrago\n|-damage|p1a: Regidrago|55\/100\n|-unboost|p1a: Regidrago|def|1\n|cant|p1a: Regidrago|flinch\n|\n|upkeep\n|turn|22\n|c|\u2606SameAstolfo|Wai\n|c|\u2606Ogerponk|t\u00f4i y\u00eau triple arrow\n|\n|t:|1700377041\n|move|p2a: Decidueye|Triple Arrows|p1a: Regidrago\n|-damage|p1a: Regidrago|0 fnt\n|faint|p1a: Regidrago\n|\n|upkeep\n|\n|t:|1700377044\n|switch|p1a: Jolteon|Jolteon, F, tera:Ghost|81\/100\n|turn|23\n|c|\u2606SameAstolfo|Cook lu\u00f4n\n|\n|t:|1700377052\n|move|p1a: Jolteon|Thunder|p2a: Decidueye\n|-crit|p2a: Decidueye\n|-damage|p2a: Decidueye|14\/100\n|-status|p2a: Decidueye|par\n|-damage|p1a: Jolteon|71\/100|[from] item: Life Orb\n|move|p2a: Decidueye|Triple Arrows|p1a: Jolteon\n|-crit|p1a: Jolteon\n|-damage|p1a: Jolteon|0 fnt\n|faint|p1a: Jolteon\n|\n|win|Ogerponk\n|c|\u2606Ogerponk|t\u00f4i y\u00eau triple arrow\n|c|\u2606SameAstolfo|:((\n","uploadtime":1700377070,"views":38,"p1id":"sameastolfo","p2id":"ogerponk","formatid":"gen9ou","rating":0,"private":0,"password":""}