{"id":"gen9ou-2000378917","p1":"Revale","p2":"Imcurl","format":"[Gen 9] OU","log":"|j|\u2606Revale\n|j|\u2606Imcurl\n|t:|1701189835\n|gametype|singles\n|player|p1|Revale|grimsley|1077\n|player|p2|Imcurl|265|1125\n|teamsize|p1|6\n|teamsize|p2|6\n|gen|9\n|tier|[Gen 9] OU\n|rated|\n|rule|Sleep Clause Mod: Limit one foe put to sleep\n|rule|Species Clause: Limit one of each Pok\u00e9mon\n|rule|OHKO Clause: OHKO moves are banned\n|rule|Evasion Items Clause: Evasion items are banned\n|rule|Evasion Moves Clause: Evasion moves are banned\n|rule|Endless Battle Clause: Forcing endless battles is banned\n|rule|HP Percentage Mod: HP is shown in percentages\n|clearpoke\n|poke|p1|Hatterene, F|\n|poke|p1|Ting-Lu|\n|poke|p1|Great Tusk|\n|poke|p1|Iron Valiant|\n|poke|p1|Kingambit, F|\n|poke|p1|Glimmora, M|\n|poke|p2|Greninja-*, M|\n|poke|p2|Iron Valiant|\n|poke|p2|Great Tusk|\n|poke|p2|Heatran, M|\n|poke|p2|Amoonguss, M|\n|poke|p2|Zapdos|\n|teampreview\n|\n|t:|1701189848\n|start\n|switch|p1a: Glimmora|Glimmora, M|100\/100\n|switch|p2a: Iron Valiant|Iron Valiant|100\/100\n|-enditem|p2a: Iron Valiant|Booster Energy\n|-activate|p2a: Iron Valiant|ability: Quark Drive|[fromitem]\n|-start|p2a: Iron Valiant|quarkdrivespe\n|turn|1\n|\n|t:|1701189859\n|move|p2a: Iron Valiant|Swords Dance|p2a: Iron Valiant\n|-boost|p2a: Iron Valiant|atk|2\n|move|p1a: Glimmora|Stealth Rock|p2a: Iron Valiant\n|-sidestart|p2: Imcurl|move: Stealth Rock\n|\n|upkeep\n|turn|2\n|\n|t:|1701189866\n|move|p2a: Iron Valiant|Close Combat|p1a: Glimmora\n|-enditem|p1a: Glimmora|Focus Sash\n|-damage|p1a: Glimmora|1\/100\n|-unboost|p2a: Iron Valiant|def|1\n|-unboost|p2a: Iron Valiant|spd|1\n|-activate|p1a: Glimmora|ability: Toxic Debris\n|-sidestart|p2: Imcurl|move: Toxic Spikes\n|move|p1a: Glimmora|Mortal Spin|p2a: Iron Valiant\n|-supereffective|p2a: Iron Valiant\n|-damage|p2a: Iron Valiant|77\/100\n|-status|p2a: Iron Valiant|psn\n|\n|-damage|p2a: Iron Valiant|65\/100 psn|[from] psn\n|upkeep\n|turn|3\n|\n|t:|1701189880\n|move|p2a: Iron Valiant|Knock Off|p1a: Glimmora\n|-damage|p1a: Glimmora|0 fnt\n|-activate|p1a: Glimmora|ability: Toxic Debris\n|-sidestart|p2: Imcurl|move: Toxic Spikes\n|faint|p1a: Glimmora\n|\n|-damage|p2a: Iron Valiant|52\/100 psn|[from] psn\n|upkeep\n|\n|t:|1701189894\n|switch|p1a: Great Tusk|Great Tusk|100\/100\n|turn|4\n|\n|t:|1701189914\n|move|p2a: Iron Valiant|Spirit Break|p1a: Great Tusk\n|-supereffective|p1a: Great Tusk\n|-damage|p1a: Great Tusk|0 fnt\n|faint|p1a: Great Tusk\n|-end|p1a: Great Tusk|Protosynthesis|[silent]\n|\n|-damage|p2a: Iron Valiant|40\/100 psn|[from] psn\n|upkeep\n|\n|t:|1701189923\n|switch|p1a: Ting-Lu|Ting-Lu|100\/100\n|-ability|p1a: Ting-Lu|Vessel of Ruin\n|turn|5\n|\n|t:|1701189940\n|move|p2a: Iron Valiant|Close Combat|p1a: Ting-Lu\n|-supereffective|p1a: Ting-Lu\n|-damage|p1a: Ting-Lu|0 fnt\n|-unboost|p2a: Iron Valiant|def|1\n|-unboost|p2a: Iron Valiant|spd|1\n|faint|p1a: Ting-Lu\n|\n|-damage|p2a: Iron Valiant|27\/100 psn|[from] psn\n|upkeep\n|\n|t:|1701189949\n|switch|p1a: Hatterene|Hatterene, F|100\/100\n|turn|6\n|\n|t:|1701189965\n|move|p2a: Iron Valiant|Knock Off|p1a: Hatterene\n|-damage|p1a: Hatterene|33\/100\n|-enditem|p1a: Hatterene|Leftovers|[from] move: Knock Off|[of] p2a: Iron Valiant\n|move|p1a: Hatterene|Psyshock|p2a: Iron Valiant\n|-supereffective|p2a: Iron Valiant\n|-damage|p2a: Iron Valiant|0 fnt\n|faint|p2a: Iron Valiant\n|-end|p2a: Iron Valiant|Quark Drive|[silent]\n|\n|upkeep\n|\n|t:|1701189972\n|switch|p2a: Amoonguss|Amoonguss, M|100\/100\n|-damage|p2a: Amoonguss|88\/100|[from] Stealth Rock\n|-sideend|p2: Imcurl|move: Toxic Spikes|[of] p2a: Amoonguss\n|turn|7\n|\n|t:|1701189978\n|move|p2a: Amoonguss|Foul Play|p1a: Hatterene\n|-damage|p1a: Hatterene|15\/100\n|move|p1a: Hatterene|Draining Kiss|p2a: Amoonguss\n|-resisted|p2a: Amoonguss\n|-damage|p2a: Amoonguss|77\/100\n|-heal|p1a: Hatterene|29\/100|[from] drain|[of] p2a: Amoonguss\n|-enditem|p2a: Amoonguss|Red Card|[of] p1a: Hatterene\n|drag|p1a: Kingambit|Kingambit, F|100\/100\n|-activate|p1a: Kingambit|ability: Supreme Overlord\n|-start|p1a: Kingambit|fallen3|[silent]\n|\n|upkeep\n|turn|8\n|\n|t:|1701190010\n|move|p1a: Kingambit|Swords Dance|p1a: Kingambit\n|-boost|p1a: Kingambit|atk|2\n|move|p2a: Amoonguss|Spore|p1a: Kingambit\n|-status|p1a: Kingambit|slp|[from] move: Spore\n|\n|upkeep\n|turn|9\n|\n|t:|1701190033\n|switch|p2a: Heatran|Heatran, M|100\/100\n|-damage|p2a: Heatran|88\/100|[from] Stealth Rock\n|cant|p1a: Kingambit|slp\n|\n|-heal|p2a: Heatran|94\/100|[from] item: Leftovers\n|upkeep\n|turn|10\n|\n|t:|1701190049\n|move|p2a: Heatran|Magma Storm|p1a: Kingambit\n|-supereffective|p1a: Kingambit\n|-damage|p1a: Kingambit|19\/100 slp\n|-activate|p1a: Kingambit|move: Magma Storm|[of] p2a: Heatran\n|cant|p1a: Kingambit|slp\n|\n|-heal|p2a: Heatran|100\/100|[from] item: Leftovers\n|-heal|p1a: Kingambit|26\/100 slp|[from] item: Leftovers\n|-damage|p1a: Kingambit|13\/100 slp|[from] move: Magma Storm|[partiallytrapped]\n|upkeep\n|turn|11\n|\n|t:|1701190070\n|cant|p1a: Kingambit|slp\n|move|p2a: Heatran|Magma Storm|p1a: Kingambit|[miss]\n|-miss|p2a: Heatran|p1a: Kingambit\n|\n|-heal|p1a: Kingambit|19\/100 slp|[from] item: Leftovers\n|-damage|p1a: Kingambit|7\/100 slp|[from] move: Magma Storm|[partiallytrapped]\n|upkeep\n|turn|12\n|\n|t:|1701190079\n|-curestatus|p1a: Kingambit|slp|[msg]\n|move|p1a: Kingambit|Sucker Punch|p2a: Heatran\n|-damage|p2a: Heatran|15\/100\n|move|p2a: Heatran|Earth Power|p1a: Kingambit\n|-supereffective|p1a: Kingambit\n|-damage|p1a: Kingambit|0 fnt\n|faint|p1a: Kingambit\n|-end|p1a: Kingambit|fallen3|[silent]\n|\n|-heal|p2a: Heatran|21\/100|[from] item: Leftovers\n|upkeep\n|\n|t:|1701190091\n|switch|p1a: Iron Valiant|Iron Valiant|100\/100\n|-enditem|p1a: Iron Valiant|Booster Energy\n|-activate|p1a: Iron Valiant|ability: Quark Drive|[fromitem]\n|-start|p1a: Iron Valiant|quarkdrivespe\n|turn|13\n|\n|t:|1701190104\n|move|p1a: Iron Valiant|Close Combat|p2a: Heatran\n|-supereffective|p2a: Heatran\n|-damage|p2a: Heatran|0 fnt\n|-unboost|p1a: Iron Valiant|def|1\n|-unboost|p1a: Iron Valiant|spd|1\n|faint|p2a: Heatran\n|\n|upkeep\n|\n|t:|1701190110\n|switch|p2a: Zapdos|Zapdos|100\/100\n|turn|14\n|\n|t:|1701190118\n|-terastallize|p1a: Iron Valiant|Dark\n|move|p1a: Iron Valiant|Knock Off|p2a: Zapdos\n|-damage|p2a: Zapdos|52\/100\n|-enditem|p2a: Zapdos|Heavy-Duty Boots|[from] move: Knock Off|[of] p1a: Iron Valiant\n|move|p2a: Zapdos|Hurricane|p1a: Iron Valiant|[miss]\n|-miss|p2a: Zapdos|p1a: Iron Valiant\n|\n|upkeep\n|turn|15\n|\n|t:|1701190134\n|move|p1a: Iron Valiant|Spirit Break|p2a: Zapdos\n|-damage|p2a: Zapdos|17\/100\n|-unboost|p2a: Zapdos|spa|1\n|move|p2a: Zapdos|Discharge|p1a: Iron Valiant\n|-damage|p1a: Iron Valiant|43\/100\n|-status|p1a: Iron Valiant|par\n|\n|upkeep\n|turn|16\n|\n|t:|1701190144\n|move|p2a: Zapdos|Roost|p2a: Zapdos\n|-heal|p2a: Zapdos|67\/100\n|-singleturn|p2a: Zapdos|move: Roost\n|move|p1a: Iron Valiant|Spirit Break|p2a: Zapdos\n|-damage|p2a: Zapdos|33\/100\n|-unboost|p2a: Zapdos|spa|1\n|\n|upkeep\n|turn|17\n|\n|t:|1701190153\n|move|p2a: Zapdos|Roost|p2a: Zapdos\n|-heal|p2a: Zapdos|83\/100\n|-singleturn|p2a: Zapdos|move: Roost\n|move|p1a: Iron Valiant|Spirit Break|p2a: Zapdos\n|-damage|p2a: Zapdos|45\/100\n|-unboost|p2a: Zapdos|spa|1\n|\n|upkeep\n|turn|18\n|\n|t:|1701190162\n|move|p2a: Zapdos|Volt Switch|p1a: Iron Valiant\n|-damage|p1a: Iron Valiant|13\/100 par\n|\n|t:|1701190168\n|switch|p2a: Amoonguss|Amoonguss, M|100\/100|[from] Volt Switch\n|-damage|p2a: Amoonguss|88\/100|[from] Stealth Rock\n|move|p1a: Iron Valiant|Swords Dance|p1a: Iron Valiant\n|-boost|p1a: Iron Valiant|atk|2\n|\n|upkeep\n|turn|19\n|\n|t:|1701190178\n|move|p1a: Iron Valiant|Spirit Break|p2a: Amoonguss\n|-resisted|p2a: Amoonguss\n|-damage|p2a: Amoonguss|60\/100\n|-unboost|p2a: Amoonguss|spa|1\n|move|p2a: Amoonguss|Foul Play|p1a: Iron Valiant\n|-resisted|p1a: Iron Valiant\n|-damage|p1a: Iron Valiant|0 fnt\n|faint|p1a: Iron Valiant\n|-end|p1a: Iron Valiant|Quark Drive|[silent]\n|\n|upkeep\n|\n|t:|1701190187\n|switch|p1a: Hatterene|Hatterene, F|29\/100\n|turn|20\n|\n|t:|1701190191\n|move|p2a: Amoonguss|Foul Play|p1a: Hatterene\n|-damage|p1a: Hatterene|13\/100\n|move|p1a: Hatterene|Mystical Fire|p2a: Amoonguss\n|-supereffective|p2a: Amoonguss\n|-damage|p2a: Amoonguss|17\/100\n|-unboost|p2a: Amoonguss|spa|1\n|\n|upkeep\n|turn|21\n|\n|t:|1701190199\n|move|p2a: Amoonguss|Sludge Bomb|p1a: Hatterene\n|-supereffective|p1a: Hatterene\n|-damage|p1a: Hatterene|0 fnt\n|faint|p1a: Hatterene\n|\n|win|Imcurl\n|raw|Revale's rating: 1077 &rarr; <strong>1060<\/strong><br \/>(-17 for losing)\n|raw|Imcurl's rating: 1147 &rarr; <strong>1167<\/strong><br \/>(+20 for winning)\n|l|\u2606Revale\n","uploadtime":1701190204,"views":10,"p1id":"revale","p2id":"imcurl","formatid":"gen9ou","rating":1060,"private":0,"password":""}