{"id":"gen9ou-1988703192","p1":"bigbeansixnine","p2":"Kern Barrios","format":"[Gen 9] OU","log":"|j|\u2606bigbeansixnine\n|j|\u2606Kern Barrios\n|t:|1699752628\n|gametype|singles\n|player|p1|bigbeansixnine|170|1149\n|player|p2|Kern Barrios|shadowtriad|1108\n|teamsize|p1|6\n|teamsize|p2|6\n|gen|9\n|tier|[Gen 9] OU\n|rated|\n|rule|Sleep Clause Mod: Limit one foe put to sleep\n|rule|Species Clause: Limit one of each Pok\u00e9mon\n|rule|OHKO Clause: OHKO moves are banned\n|rule|Evasion Items Clause: Evasion items are banned\n|rule|Evasion Moves Clause: Evasion moves are banned\n|rule|Endless Battle Clause: Forcing endless battles is banned\n|rule|HP Percentage Mod: HP is shown in percentages\n|clearpoke\n|poke|p1|Dragapult, F|\n|poke|p1|Toxapex, F|\n|poke|p1|Hatterene, F|\n|poke|p1|Sneasler, M|\n|poke|p1|Thundurus-Therian, M|\n|poke|p1|Greninja-*, M|\n|poke|p2|Walking Wake|\n|poke|p2|Great Tusk|\n|poke|p2|Kingambit, M|\n|poke|p2|Corviknight, M|\n|poke|p2|Pelipper, M|\n|poke|p2|Weavile, M|\n|teampreview\n|inactive|Battle timer is ON: inactive players will automatically lose when time's up. (requested by Kern Barrios)\n|\n|t:|1699752639\n|start\n|switch|p1a: Sneasler|Sneasler, M|100\/100\n|switch|p2a: Weavile|Weavile, M|100\/100\n|-ability|p2a: Weavile|Pressure\n|-item|p1a: Sneasler|Air Balloon\n|turn|1\n|\n|t:|1699752649\n|move|p1a: Sneasler|Fake Out|p2a: Weavile\n|-damage|p2a: Weavile|78\/100\n|cant|p2a: Weavile|flinch\n|\n|upkeep\n|turn|2\n|\n|t:|1699752660\n|switch|p1a: Hatterene|Hatterene, F|100\/100\n|move|p2a: Weavile|Icicle Spear|p1a: Hatterene\n|-damage|p1a: Hatterene|87\/100\n|-damage|p1a: Hatterene|74\/100\n|-damage|p1a: Hatterene|62\/100\n|-damage|p1a: Hatterene|49\/100\n|-damage|p1a: Hatterene|36\/100\n|-hitcount|p1a: Hatterene|5\n|\n|-heal|p1a: Hatterene|42\/100|[from] item: Leftovers\n|upkeep\n|turn|3\n|\n|t:|1699752678\n|switch|p1a: Toxapex|Toxapex, F|100\/100\n|move|p2a: Weavile|Icicle Spear|p1a: Toxapex\n|-resisted|p1a: Toxapex\n|-damage|p1a: Toxapex|96\/100\n|-resisted|p1a: Toxapex\n|-damage|p1a: Toxapex|92\/100\n|-resisted|p1a: Toxapex\n|-damage|p1a: Toxapex|87\/100\n|-resisted|p1a: Toxapex\n|-damage|p1a: Toxapex|82\/100\n|-resisted|p1a: Toxapex\n|-damage|p1a: Toxapex|78\/100\n|-hitcount|p1a: Toxapex|5\n|\n|-heal|p1a: Toxapex|84\/100|[from] item: Black Sludge\n|upkeep\n|turn|4\n|\n|t:|1699752690\n|move|p2a: Weavile|Taunt|p1a: Toxapex\n|-start|p1a: Toxapex|move: Taunt\n|move|p1a: Toxapex|Infestation|p2a: Weavile\n|-supereffective|p2a: Weavile\n|-damage|p2a: Weavile|67\/100\n|-activate|p2a: Weavile|move: Infestation|[of] p1a: Toxapex\n|\n|-heal|p1a: Toxapex|91\/100|[from] item: Black Sludge\n|-damage|p2a: Weavile|55\/100|[from] move: Infestation|[partiallytrapped]\n|upkeep\n|turn|5\n|\n|t:|1699752696\n|move|p2a: Weavile|Swords Dance|p2a: Weavile\n|-boost|p2a: Weavile|atk|2\n|move|p1a: Toxapex|Venoshock|p2a: Weavile\n|-damage|p2a: Weavile|32\/100\n|\n|-heal|p1a: Toxapex|97\/100|[from] item: Black Sludge\n|-damage|p2a: Weavile|20\/100|[from] move: Infestation|[partiallytrapped]\n|upkeep\n|turn|6\n|\n|t:|1699752705\n|move|p2a: Weavile|Icicle Spear|p1a: Toxapex\n|-resisted|p1a: Toxapex\n|-damage|p1a: Toxapex|88\/100\n|-resisted|p1a: Toxapex\n|-damage|p1a: Toxapex|79\/100\n|-resisted|p1a: Toxapex\n|-damage|p1a: Toxapex|70\/100\n|-resisted|p1a: Toxapex\n|-damage|p1a: Toxapex|60\/100\n|-hitcount|p1a: Toxapex|4\n|move|p1a: Toxapex|Venoshock|p2a: Weavile\n|-damage|p2a: Weavile|0 fnt\n|faint|p2a: Weavile\n|\n|-heal|p1a: Toxapex|67\/100|[from] item: Black Sludge\n|-end|p1a: Toxapex|move: Taunt\n|upkeep\n|\n|t:|1699752725\n|switch|p2a: Great Tusk|Great Tusk|100\/100\n|turn|7\n|\n|t:|1699752731\n|move|p1a: Toxapex|Baneful Bunker|p1a: Toxapex\n|-singleturn|p1a: Toxapex|move: Protect\n|move|p2a: Great Tusk|Taunt|p1a: Toxapex\n|-activate|p1a: Toxapex|move: Protect\n|\n|-heal|p1a: Toxapex|73\/100|[from] item: Black Sludge\n|upkeep\n|turn|8\n|\n|t:|1699752740\n|switch|p1a: Thundurus|Thundurus-Therian, M|100\/100\n|move|p2a: Great Tusk|Knock Off|p1a: Thundurus\n|-damage|p1a: Thundurus|51\/100\n|-enditem|p1a: Thundurus|Choice Specs|[from] move: Knock Off|[of] p2a: Great Tusk\n|\n|upkeep\n|turn|9\n|\n|t:|1699752748\n|-terastallize|p1a: Thundurus|Ice\n|move|p1a: Thundurus|Tera Blast|p2a: Great Tusk|[anim] Tera Blast Ice\n|-supereffective|p2a: Great Tusk\n|-damage|p2a: Great Tusk|0 fnt\n|faint|p2a: Great Tusk\n|-end|p2a: Great Tusk|Protosynthesis|[silent]\n|\n|upkeep\n|\n|t:|1699752753\n|switch|p2a: Pelipper|Pelipper, M|100\/100\n|-weather|RainDance|[from] ability: Drizzle|[of] p2a: Pelipper\n|turn|10\n|\n|t:|1699752767\n|move|p1a: Thundurus|Wildbolt Storm|p2a: Pelipper\n|-supereffective|p2a: Pelipper\n|-damage|p2a: Pelipper|0 fnt\n|faint|p2a: Pelipper\n|\n|-weather|RainDance|[upkeep]\n|upkeep\n|\n|t:|1699752770\n|switch|p2a: Walking Wake|Walking Wake|100\/100\n|-enditem|p2a: Walking Wake|Booster Energy\n|-activate|p2a: Walking Wake|ability: Protosynthesis|[fromitem]\n|-start|p2a: Walking Wake|protosynthesisspa\n|turn|11\n|\n|t:|1699752779\n|move|p2a: Walking Wake|Hurricane|p1a: Thundurus\n|-damage|p1a: Thundurus|0 fnt\n|faint|p1a: Thundurus\n|\n|-weather|RainDance|[upkeep]\n|upkeep\n|\n|t:|1699752791\n|switch|p1a: Sneasler|Sneasler, M|100\/100\n|-item|p1a: Sneasler|Air Balloon\n|turn|12\n|\n|t:|1699752803\n|move|p1a: Sneasler|Fake Out|p2a: Walking Wake\n|-damage|p2a: Walking Wake|85\/100\n|cant|p2a: Walking Wake|flinch\n|\n|-weather|RainDance|[upkeep]\n|upkeep\n|turn|13\n|\n|t:|1699752806\n|move|p1a: Sneasler|Dire Claw|p2a: Walking Wake\n|-damage|p2a: Walking Wake|40\/100\n|-status|p2a: Walking Wake|psn\n|move|p2a: Walking Wake|Hurricane|p1a: Sneasler\n|-supereffective|p1a: Sneasler\n|-damage|p1a: Sneasler|0 fnt\n|-enditem|p1a: Sneasler|Air Balloon\n|faint|p1a: Sneasler\n|\n|-weather|RainDance|[upkeep]\n|-damage|p2a: Walking Wake|28\/100 psn|[from] psn\n|upkeep\n|\n|t:|1699752813\n|switch|p1a: Greninja|Greninja, M|100\/100\n|turn|14\n|\n|t:|1699752821\n|-end|p2a: Walking Wake|Protosynthesis|[silent]\n|switch|p2a: Corviknight|Corviknight, M|100\/100\n|move|p1a: Greninja|Dark Pulse|p2a: Corviknight\n|-damage|p2a: Corviknight|57\/100\n|\n|-weather|RainDance|[upkeep]\n|upkeep\n|turn|15\n|\n|t:|1699752830\n|move|p1a: Greninja|Dark Pulse|p2a: Corviknight\n|-damage|p2a: Corviknight|15\/100\n|move|p2a: Corviknight|Roost|p2a: Corviknight\n|-heal|p2a: Corviknight|65\/100\n|-singleturn|p2a: Corviknight|move: Roost\n|\n|-weather|RainDance|[upkeep]\n|upkeep\n|turn|16\n|\n|t:|1699752838\n|move|p1a: Greninja|Dark Pulse|p2a: Corviknight\n|-damage|p2a: Corviknight|28\/100\n|cant|p2a: Corviknight|flinch\n|\n|-weather|RainDance|[upkeep]\n|upkeep\n|turn|17\n|\n|t:|1699752852\n|move|p1a: Greninja|Dark Pulse|p2a: Corviknight\n|-damage|p2a: Corviknight|0 fnt\n|faint|p2a: Corviknight\n|-ability|p1a: Greninja|Battle Bond|boost\n|-boost|p1a: Greninja|atk|1\n|-boost|p1a: Greninja|spa|1\n|-boost|p1a: Greninja|spe|1\n|-activate|p1a: Greninja|ability: Battle Bond\n|\n|-weather|none\n|upkeep\n|\n|t:|1699752855\n|switch|p2a: Kingambit|Kingambit, M|100\/100\n|-activate|p2a: Kingambit|ability: Supreme Overlord\n|-start|p2a: Kingambit|fallen4|[silent]\n|turn|18\n|\n|t:|1699752859\n|-end|p2a: Kingambit|fallen4|[silent]\n|switch|p2a: Walking Wake|Walking Wake|28\/100 psn\n|move|p1a: Greninja|Dark Pulse|p2a: Walking Wake\n|-damage|p2a: Walking Wake|0 fnt\n|faint|p2a: Walking Wake\n|-end|p2a: Walking Wake|Protosynthesis|[silent]\n|\n|upkeep\n|\n|t:|1699752863\n|switch|p2a: Kingambit|Kingambit, M|100\/100\n|-activate|p2a: Kingambit|ability: Supreme Overlord\n|-start|p2a: Kingambit|fallen5|[silent]\n|turn|19\n|\n|t:|1699752880\n|-terastallize|p2a: Kingambit|Fairy\n|move|p1a: Greninja|Dark Pulse|p2a: Kingambit\n|-resisted|p2a: Kingambit\n|-damage|p2a: Kingambit|55\/100\n|move|p2a: Kingambit|Swords Dance|p2a: Kingambit\n|-boost|p2a: Kingambit|atk|2\n|\n|-heal|p2a: Kingambit|61\/100|[from] item: Leftovers\n|upkeep\n|turn|20\n|\n|t:|1699752891\n|move|p2a: Kingambit|Sucker Punch|p1a: Greninja\n|-resisted|p1a: Greninja\n|-damage|p1a: Greninja|13\/100\n|move|p1a: Greninja|Dark Pulse|p2a: Kingambit\n|-resisted|p2a: Kingambit\n|-damage|p2a: Kingambit|20\/100\n|\n|-heal|p2a: Kingambit|26\/100|[from] item: Leftovers\n|upkeep\n|turn|21\n|inactive|bigbeansixnine has 120 seconds left.\n|c|\u2606Kern Barrios|this can go either way\n|\n|t:|1699752941\n|move|p2a: Kingambit|Sucker Punch|p1a: Greninja\n|-resisted|p1a: Greninja\n|-damage|p1a: Greninja|0 fnt\n|faint|p1a: Greninja\n|\n|-heal|p2a: Kingambit|33\/100|[from] item: Leftovers\n|upkeep\n|\n|t:|1699752943\n|switch|p1a: Toxapex|Toxapex, F|100\/100\n|turn|22\n|\n|t:|1699752955\n|move|p2a: Kingambit|Iron Head|p1a: Toxapex\n|-resisted|p1a: Toxapex\n|-damage|p1a: Toxapex|50\/100\n|cant|p1a: Toxapex|flinch\n|\n|-heal|p2a: Kingambit|39\/100|[from] item: Leftovers\n|-heal|p1a: Toxapex|56\/100|[from] item: Black Sludge\n|upkeep\n|turn|23\n|c|\u2606bigbeansixnine|bru\n|inactive|bigbeansixnine has 120 seconds left.\n|c|\u2606bigbeansixnine|ill go fuck my self\n|c|\u2606bigbeansixnine|i was going to say ya it can\n|c|\u2606bigbeansixnine|and then flinch\n|c|\u2606bigbeansixnine|fuck my ass\n|\n|t:|1699752982\n|move|p2a: Kingambit|Sucker Punch|p1a: Toxapex\n|-damage|p1a: Toxapex|0 fnt\n|faint|p1a: Toxapex\n|\n|-heal|p2a: Kingambit|45\/100|[from] item: Leftovers\n|upkeep\n|\n|t:|1699752985\n|switch|p1a: Hatterene|Hatterene, F|42\/100\n|turn|24\n|\n|t:|1699752991\n|move|p2a: Kingambit|Iron Head|p1a: Hatterene\n|-supereffective|p1a: Hatterene\n|-damage|p1a: Hatterene|0 fnt\n|faint|p1a: Hatterene\n|\n|-heal|p2a: Kingambit|51\/100|[from] item: Leftovers\n|upkeep\n|\n|t:|1699752993\n|switch|p1a: Dragapult|Dragapult, F, shiny|100\/100\n|turn|25\n|c|\u2606Kern Barrios|gg\/\n|c|\u2606bigbeansixnine|gg\n|inactive|bigbeansixnine has 120 seconds left.\n|\n|t:|1699753005\n|move|p1a: Dragapult|Sucker Punch|p2a: Kingambit\n|-resisted|p2a: Kingambit\n|-damage|p2a: Kingambit|43\/100\n|move|p2a: Kingambit|Sucker Punch||[still]\n|-fail|p2a: Kingambit\n|\n|-heal|p2a: Kingambit|50\/100|[from] item: Leftovers\n|upkeep\n|turn|26\n|\n|t:|1699753009\n|move|p1a: Dragapult|U-turn|p2a: Kingambit\n|-resisted|p2a: Kingambit\n|-damage|p2a: Kingambit|41\/100\n|move|p2a: Kingambit|Iron Head|p1a: Dragapult\n|-damage|p1a: Dragapult|0 fnt\n|faint|p1a: Dragapult\n|\n|win|Kern Barrios\n|raw|bigbeansixnine's rating: 1149 &rarr; <strong>1121<\/strong><br \/>(-28 for losing)\n|raw|Kern Barrios's rating: 1108 &rarr; <strong>1136<\/strong><br \/>(+28 for winning)\n","uploadtime":1699752982,"views":8,"p1id":"bigbeansixnine","p2id":"kernbarrios","formatid":"gen9ou","rating":1121,"private":0,"password":""}