{"id":"gen9ou-1993700787","p1":"RollingDanHabibi","p2":"CyberH3","format":"[Gen 9] OU","log":"|j|\u2606RollingDanHabibi\n|j|\u2606CyberH3\n|t:|1700347091\n|gametype|singles\n|player|p1|RollingDanHabibi|colress|1338\n|player|p2|CyberH3|mars|1442\n|teamsize|p1|6\n|teamsize|p2|6\n|gen|9\n|tier|[Gen 9] OU\n|rated|\n|rule|Sleep Clause Mod: Limit one foe put to sleep\n|rule|Species Clause: Limit one of each Pok\u00e9mon\n|rule|OHKO Clause: OHKO moves are banned\n|rule|Evasion Items Clause: Evasion items are banned\n|rule|Evasion Moves Clause: Evasion moves are banned\n|rule|Endless Battle Clause: Forcing endless battles is banned\n|rule|HP Percentage Mod: HP is shown in percentages\n|clearpoke\n|poke|p1|Kingambit, M|\n|poke|p1|Cinderace, M|\n|poke|p1|Corviknight, M|\n|poke|p1|Iron Moth|\n|poke|p1|Ogerpon-Wellspring, F|\n|poke|p1|Samurott-Hisui, F|\n|poke|p2|Goodra-Hisui, M|\n|poke|p2|Scizor, F|\n|poke|p2|Mimikyu, F|\n|poke|p2|Iron Valiant|\n|poke|p2|Talonflame, F|\n|poke|p2|Lokix, M|\n|teampreview\n|inactive|Battle timer is ON: inactive players will automatically lose when time's up. (requested by RollingDanHabibi)\n|\n|t:|1700347105\n|start\n|switch|p1a: Cinderace|Cinderace, M|100\/100\n|switch|p2a: Morf LeRosh|Lokix, M|100\/100\n|turn|1\n|\n|t:|1700347118\n|-terastallize|p2a: Morf LeRosh|Bug\n|move|p2a: Morf LeRosh|First Impression|p1a: Cinderace\n|-resisted|p1a: Cinderace\n|-damage|p1a: Cinderace|8\/100\n|-damage|p2a: Morf LeRosh|91\/100|[from] item: Life Orb\n|move|p1a: Cinderace|Will-O-Wisp|p2a: Morf LeRosh\n|-status|p2a: Morf LeRosh|brn\n|\n|-damage|p2a: Morf LeRosh|85\/100 brn|[from] brn\n|upkeep\n|turn|2\n|\n|t:|1700347128\n|switch|p1a: Iron Moth|Iron Moth|100\/100\n|-enditem|p1a: Iron Moth|Booster Energy\n|-activate|p1a: Iron Moth|ability: Quark Drive|[fromitem]\n|-start|p1a: Iron Moth|quarkdrivespe\n|move|p2a: Morf LeRosh|U-turn|p1a: Iron Moth\n|-resisted|p1a: Iron Moth\n|-crit|p1a: Iron Moth\n|-damage|p1a: Iron Moth|71\/100\n|-damage|p2a: Morf LeRosh|75\/100 brn|[from] item: Life Orb\n|\n|t:|1700347135\n|switch|p2a: The XO|Talonflame, F|100\/100|[from] U-turn\n|\n|upkeep\n|turn|3\n|\n|t:|1700347142\n|move|p2a: The XO|Brave Bird|p1a: Iron Moth\n|-damage|p1a: Iron Moth|2\/100\n|-damage|p2a: The XO|78\/100|[from] Recoil\n|move|p1a: Iron Moth|Substitute|p1a: Iron Moth\n|-fail|p1a: Iron Moth|move: Substitute|[weak]\n|\n|-heal|p2a: The XO|84\/100|[from] item: Leftovers\n|upkeep\n|turn|4\n|\n|t:|1700347150\n|move|p1a: Iron Moth|Sludge Wave|p2a: The XO\n|-damage|p2a: The XO|13\/100\n|-status|p2a: The XO|psn\n|move|p2a: The XO|Flare Blitz|p1a: Iron Moth\n|-resisted|p1a: Iron Moth\n|-damage|p1a: Iron Moth|0 fnt\n|faint|p1a: Iron Moth\n|-end|p1a: Iron Moth|Quark Drive|[silent]\n|-damage|p2a: The XO|12\/100 psn|[from] Recoil\n|\n|-heal|p2a: The XO|18\/100 psn|[from] item: Leftovers\n|-damage|p2a: The XO|6\/100 psn|[from] psn\n|upkeep\n|\n|t:|1700347166\n|switch|p1a: Cinderace|Cinderace, M|8\/100\n|turn|5\n|\n|t:|1700347173\n|switch|p2a: Morf LeRosh|Lokix, M, tera:Bug|75\/100 brn\n|move|p1a: Cinderace|Sucker Punch||[still]\n|-fail|p1a: Cinderace\n|\n|-damage|p2a: Morf LeRosh|69\/100 brn|[from] brn\n|upkeep\n|turn|6\n|\n|t:|1700347179\n|switch|p1a: Corviknight|Corviknight, M|100\/100\n|-ability|p1a: Corviknight|Pressure\n|move|p2a: Morf LeRosh|First Impression|p1a: Corviknight\n|-resisted|p1a: Corviknight\n|-damage|p1a: Corviknight|91\/100\n|-damage|p2a: Morf LeRosh|52\/100 brn|[from] item: Rocky Helmet|[of] p1a: Corviknight\n|-damage|p2a: Morf LeRosh|42\/100 brn|[from] item: Life Orb\n|\n|-damage|p2a: Morf LeRosh|36\/100 brn|[from] brn\n|upkeep\n|turn|7\n|\n|t:|1700347190\n|move|p2a: Morf LeRosh|Knock Off|p1a: Corviknight\n|-damage|p1a: Corviknight|74\/100\n|-damage|p2a: Morf LeRosh|20\/100 brn|[from] item: Rocky Helmet|[of] p1a: Corviknight\n|-enditem|p1a: Corviknight|Rocky Helmet|[from] move: Knock Off|[of] p2a: Morf LeRosh\n|-damage|p2a: Morf LeRosh|10\/100 brn|[from] item: Life Orb\n|move|p1a: Corviknight|Bulk Up|p1a: Corviknight\n|-boost|p1a: Corviknight|atk|1\n|-boost|p1a: Corviknight|def|1\n|\n|-damage|p2a: Morf LeRosh|4\/100 brn|[from] brn\n|upkeep\n|turn|8\n|\n|t:|1700347201\n|move|p2a: Morf LeRosh|Axe Kick|p1a: Corviknight\n|-damage|p1a: Corviknight|65\/100\n|-damage|p2a: Morf LeRosh|0 fnt|[from] item: Life Orb\n|faint|p2a: Morf LeRosh\n|move|p1a: Corviknight|Bulk Up|p1a: Corviknight\n|-boost|p1a: Corviknight|atk|1\n|-boost|p1a: Corviknight|def|1\n|\n|upkeep\n|\n|t:|1700347205\n|switch|p2a: R-TRUS|Iron Valiant|100\/100\n|-enditem|p2a: R-TRUS|Booster Energy\n|-activate|p2a: R-TRUS|ability: Quark Drive|[fromitem]\n|-start|p2a: R-TRUS|quarkdrivespe\n|turn|9\n|\n|t:|1700347214\n|-terastallize|p1a: Corviknight|Dragon\n|move|p2a: R-TRUS|Encore|p1a: Corviknight\n|-start|p1a: Corviknight|Encore\n|move|p1a: Corviknight|Bulk Up|p1a: Corviknight\n|-boost|p1a: Corviknight|atk|1\n|-boost|p1a: Corviknight|def|1\n|\n|upkeep\n|turn|10\n|\n|t:|1700347228\n|switch|p1a: Kingambit|Kingambit, M|100\/100\n|-activate|p1a: Kingambit|ability: Supreme Overlord\n|-start|p1a: Kingambit|fallen1|[silent]\n|move|p2a: R-TRUS|Moonblast|p1a: Kingambit\n|-damage|p1a: Kingambit|49\/100\n|\n|upkeep\n|turn|11\n|\n|t:|1700347258\n|move|p2a: R-TRUS|Aura Sphere|p1a: Kingambit\n|-supereffective|p1a: Kingambit\n|-damage|p1a: Kingambit|0 fnt\n|faint|p1a: Kingambit\n|-end|p1a: Kingambit|fallen1|[silent]\n|\n|upkeep\n|\n|t:|1700347267\n|switch|p1a: Ogerpon|Ogerpon-Wellspring, F|100\/100\n|turn|12\n|\n|t:|1700347270\n|move|p2a: R-TRUS|Moonblast|p1a: Ogerpon\n|-damage|p1a: Ogerpon|41\/100\n|move|p1a: Ogerpon|Trailblaze|p2a: R-TRUS\n|-damage|p2a: R-TRUS|63\/100\n|-boost|p1a: Ogerpon|spe|1\n|\n|upkeep\n|turn|13\n|\n|t:|1700347279\n|move|p2a: R-TRUS|Moonblast|p1a: Ogerpon\n|-crit|p1a: Ogerpon\n|-damage|p1a: Ogerpon|0 fnt\n|faint|p1a: Ogerpon\n|\n|upkeep\n|-message|RollingDanHabibi forfeited.\n|\n|win|CyberH3\n|raw|RollingDanHabibi's rating: 1338 &rarr; <strong>1324<\/strong><br \/>(-14 for losing)\n|raw|CyberH3's rating: 1442 &rarr; <strong>1456<\/strong><br \/>(+14 for winning)\n|l|\u2606RollingDanHabibi\n","uploadtime":1700347290,"views":8,"p1id":"rollingdanhabibi","p2id":"cyberh3","formatid":"gen9ou","rating":1324,"private":0,"password":""}