{"id":"gen9ou-1997527083","p1":"rrgrrgrgytsaasa","p2":"OGMcUranus","format":"[Gen 9] OU","log":"|j|\u2606rrgrrgrgytsaasa\n|j|\u2606OGMcUranus\n|t:|1700820452\n|gametype|singles\n|player|p1|rrgrrgrgytsaasa|sada-ai|1046\n|player|p2|OGMcUranus|psychicf-gen4|1030\n|teamsize|p1|6\n|teamsize|p2|6\n|gen|9\n|tier|[Gen 9] OU\n|rated|\n|rule|Sleep Clause Mod: Limit one foe put to sleep\n|rule|Species Clause: Limit one of each Pok\u00e9mon\n|rule|OHKO Clause: OHKO moves are banned\n|rule|Evasion Items Clause: Evasion items are banned\n|rule|Evasion Moves Clause: Evasion moves are banned\n|rule|Endless Battle Clause: Forcing endless battles is banned\n|rule|HP Percentage Mod: HP is shown in percentages\n|clearpoke\n|poke|p1|Weavile, F|\n|poke|p1|Weezing-Galar, M|\n|poke|p1|Alomomola, M|\n|poke|p1|Ting-Lu|\n|poke|p1|Corviknight, M|\n|poke|p1|Dondozo, F|\n|poke|p2|Toxapex, F|\n|poke|p2|Corviknight, M|\n|poke|p2|Meowscarada, F|\n|poke|p2|Arcanine-Hisui, M|\n|poke|p2|Blissey, F|\n|poke|p2|Landorus-Therian, M|\n|teampreview\n|inactive|Battle timer is ON: inactive players will automatically lose when time's up. (requested by rrgrrgrgytsaasa)\n|\n|t:|1700820479\n|start\n|switch|p1a: Ting-Lu|Ting-Lu|100\/100\n|switch|p2a: Mockingbird|Corviknight, M, shiny|100\/100\n|-ability|p1a: Ting-Lu|Vessel of Ruin\n|turn|1\n|\n|t:|1700820493\n|move|p2a: Mockingbird|Body Press|p1a: Ting-Lu\n|-supereffective|p1a: Ting-Lu\n|-damage|p1a: Ting-Lu|72\/100\n|move|p1a: Ting-Lu|Stealth Rock|p2a: Mockingbird\n|-sidestart|p2: OGMcUranus|move: Stealth Rock\n|\n|-heal|p1a: Ting-Lu|78\/100|[from] item: Leftovers\n|upkeep\n|turn|2\n|\n|t:|1700820504\n|move|p1a: Ting-Lu|Protect|p1a: Ting-Lu\n|-singleturn|p1a: Ting-Lu|Protect\n|move|p2a: Mockingbird|Defog|p1a: Ting-Lu\n|-activate|p1a: Ting-Lu|move: Protect\n|\n|-heal|p1a: Ting-Lu|85\/100|[from] item: Leftovers\n|upkeep\n|turn|3\n|\n|t:|1700820523\n|switch|p1a: Weezing|Weezing-Galar, M|100\/100\n|-ability|p1a: Weezing|Neutralizing Gas\n|move|p2a: Mockingbird|Body Press|p1a: Weezing\n|-resisted|p1a: Weezing\n|-damage|p1a: Weezing|96\/100\n|\n|upkeep\n|turn|4\n|\n|t:|1700820532\n|move|p2a: Mockingbird|Brave Bird|p1a: Weezing\n|-damage|p1a: Weezing|74\/100\n|-damage|p2a: Mockingbird|94\/100|[from] Recoil\n|move|p1a: Weezing|Will-O-Wisp|p2a: Mockingbird\n|-status|p2a: Mockingbird|brn\n|\n|-heal|p2a: Mockingbird|100\/100 brn|[from] item: Leftovers\n|-damage|p2a: Mockingbird|94\/100 brn|[from] brn\n|upkeep\n|turn|5\n|\n|t:|1700820554\n|switch|p2a: Kikot|Landorus-Therian, M, shiny|100\/100\n|-damage|p2a: Kikot|88\/100|[from] Stealth Rock\n|move|p1a: Weezing|Will-O-Wisp|p2a: Kikot\n|-status|p2a: Kikot|brn\n|\n|-damage|p2a: Kikot|82\/100 brn|[from] brn\n|upkeep\n|turn|6\n|\n|t:|1700820565\n|-end|p1a: Weezing|ability: Neutralizing Gas\n|-ability|p2a: Kikot|Intimidate|boost\n|-unboost|p1a: Weezing|atk|1\n|switch|p1a: Alomomola|Alomomola, M|100\/100\n|move|p2a: Kikot|Earthquake|p1a: Alomomola\n|-damage|p1a: Alomomola|83\/100\n|\n|-heal|p1a: Alomomola|89\/100|[from] item: Leftovers\n|-damage|p2a: Kikot|75\/100 brn|[from] brn\n|upkeep\n|turn|7\n|\n|t:|1700820581\n|switch|p2a: Toxacoxa|Toxapex, F|100\/100\n|-damage|p2a: Toxacoxa|88\/100|[from] Stealth Rock\n|move|p1a: Alomomola|Flip Turn|p2a: Toxacoxa\n|-resisted|p2a: Toxacoxa\n|-crit|p2a: Toxacoxa\n|-damage|p2a: Toxacoxa|80\/100\n|\n|t:|1700820584\n|switch|p1a: Weavile|Weavile, F|100\/100|[from] Flip Turn\n|-ability|p1a: Weavile|Pressure\n|\n|-heal|p2a: Toxacoxa|86\/100|[from] item: Leftovers\n|upkeep\n|turn|8\n|\n|t:|1700820602\n|move|p1a: Weavile|Substitute|p1a: Weavile\n|-start|p1a: Weavile|Substitute\n|-damage|p1a: Weavile|76\/100\n|move|p2a: Toxacoxa|Toxic Spikes|p1a: Weavile\n|-sidestart|p1: rrgrrgrgytsaasa|move: Toxic Spikes\n|\n|-heal|p1a: Weavile|82\/100|[from] item: Leftovers\n|-heal|p2a: Toxacoxa|92\/100|[from] item: Leftovers\n|upkeep\n|turn|9\n|\n|t:|1700820614\n|move|p1a: Weavile|Knock Off|p2a: Toxacoxa\n|-damage|p2a: Toxacoxa|65\/100\n|-enditem|p2a: Toxacoxa|Leftovers|[from] move: Knock Off|[of] p1a: Weavile\n|move|p2a: Toxacoxa|Toxic Spikes|p1a: Weavile\n|-sidestart|p1: rrgrrgrgytsaasa|move: Toxic Spikes\n|\n|-heal|p1a: Weavile|88\/100|[from] item: Leftovers\n|upkeep\n|turn|10\n|inactive|OGMcUranus has 120 seconds left.\n|\n|t:|1700820630\n|move|p1a: Weavile|Protect|p1a: Weavile\n|-singleturn|p1a: Weavile|Protect\n|move|p2a: Toxacoxa|Baneful Bunker||[still]\n|-fail|p2a: Toxacoxa\n|\n|-heal|p1a: Weavile|94\/100|[from] item: Leftovers\n|upkeep\n|turn|11\n|\n|t:|1700820640\n|move|p1a: Weavile|Knock Off|p2a: Toxacoxa\n|-damage|p2a: Toxacoxa|47\/100\n|move|p2a: Toxacoxa|Venoshock|p1a: Weavile\n|-activate|p1a: Weavile|move: Substitute|[damage]\n|\n|-heal|p1a: Weavile|99\/100|[from] item: Leftovers\n|upkeep\n|turn|12\n|\n|t:|1700820652\n|switch|p1a: Weezing|Weezing-Galar, M|74\/100\n|-ability|p1a: Weezing|Neutralizing Gas\n|-sideend|p1: rrgrrgrgytsaasa|move: Toxic Spikes|[of] p1a: Weezing\n|move|p2a: Toxacoxa|Surf|p1a: Weezing\n|-damage|p1a: Weezing|49\/100\n|\n|upkeep\n|turn|13\n|\n|t:|1700820661\n|move|p2a: Toxacoxa|Baneful Bunker|p2a: Toxacoxa\n|-singleturn|p2a: Toxacoxa|move: Protect\n|move|p1a: Weezing|Will-O-Wisp|p2a: Toxacoxa\n|-activate|p2a: Toxacoxa|move: Protect\n|\n|upkeep\n|turn|14\n|\n|t:|1700820674\n|move|p1a: Weezing|Will-O-Wisp|p2a: Toxacoxa\n|-status|p2a: Toxacoxa|brn\n|move|p2a: Toxacoxa|Surf|p1a: Weezing\n|-crit|p1a: Weezing\n|-damage|p1a: Weezing|14\/100\n|\n|-damage|p2a: Toxacoxa|41\/100 brn|[from] brn\n|upkeep\n|turn|15\n|\n|t:|1700820683\n|-end|p1a: Weezing|ability: Neutralizing Gas\n|switch|p1a: Alomomola|Alomomola, M|100\/100\n|move|p2a: Toxacoxa|Baneful Bunker||[still]\n|-fail|p2a: Toxacoxa\n|\n|-damage|p2a: Toxacoxa|34\/100 brn|[from] brn\n|upkeep\n|turn|16\n|\n|t:|1700820692\n|move|p1a: Alomomola|Wish|p1a: Alomomola\n|move|p2a: Toxacoxa|Venoshock|p1a: Alomomola\n|-damage|p1a: Alomomola|88\/100\n|\n|-heal|p1a: Alomomola|94\/100|[from] item: Leftovers\n|-damage|p2a: Toxacoxa|28\/100 brn|[from] brn\n|upkeep\n|turn|17\n|\n|t:|1700820702\n|switch|p2a: Pissey|Blissey, F|100\/100\n|-damage|p2a: Pissey|88\/100|[from] Stealth Rock\n|move|p1a: Alomomola|Flip Turn|p2a: Pissey\n|-damage|p2a: Pissey|74\/100\n|\n|t:|1700820707\n|switch|p1a: Weezing|Weezing-Galar, M|14\/100|[from] Flip Turn\n|-ability|p1a: Weezing|Neutralizing Gas\n|\n|-heal|p1a: Weezing|85\/100|[from] move: Wish|[wisher] Alomomola\n|-heal|p2a: Pissey|80\/100|[from] item: Leftovers\n|upkeep\n|turn|18\n|\n|t:|1700820718\n|-end|p1a: Weezing|ability: Neutralizing Gas\n|switch|p1a: Alomomola|Alomomola, M|100\/100\n|move|p2a: Pissey|Heal Bell|p2a: Pissey\n|-activate|p2a: Pissey|move: Heal Bell\n|-curestatus|p2: Kikot|brn|[msg]\n|-curestatus|p2: Toxacoxa|brn|[msg]\n|-curestatus|p2: Mockingbird|brn|[msg]\n|\n|-heal|p2a: Pissey|86\/100|[from] item: Leftovers\n|upkeep\n|turn|19\n|\n|t:|1700820736\n|move|p2a: Pissey|Shadow Ball|p1a: Alomomola\n|-damage|p1a: Alomomola|86\/100\n|move|p1a: Alomomola|Flip Turn|p2a: Pissey\n|-damage|p2a: Pissey|72\/100\n|\n|t:|1700820739\n|switch|p1a: Weavile|Weavile, F|99\/100|[from] Flip Turn\n|-ability|p1a: Weavile|Pressure\n|\n|-heal|p1a: Weavile|100\/100|[from] item: Leftovers\n|-heal|p2a: Pissey|79\/100|[from] item: Leftovers\n|upkeep\n|turn|20\n|\n|t:|1700820751\n|move|p1a: Weavile|Substitute|p1a: Weavile\n|-start|p1a: Weavile|Substitute\n|-damage|p1a: Weavile|76\/100\n|move|p2a: Pissey|Stealth Rock|p1a: Weavile\n|-sidestart|p1: rrgrrgrgytsaasa|move: Stealth Rock\n|\n|-heal|p1a: Weavile|82\/100|[from] item: Leftovers\n|-heal|p2a: Pissey|85\/100|[from] item: Leftovers\n|upkeep\n|turn|21\n|\n|t:|1700820762\n|switch|p2a: Mockingbird|Corviknight, M, shiny|94\/100\n|-damage|p2a: Mockingbird|82\/100|[from] Stealth Rock\n|move|p1a: Weavile|Knock Off|p2a: Mockingbird\n|-damage|p2a: Mockingbird|60\/100\n|-enditem|p2a: Mockingbird|Leftovers|[from] move: Knock Off|[of] p1a: Weavile\n|\n|-heal|p1a: Weavile|88\/100|[from] item: Leftovers\n|upkeep\n|turn|22\n|\n|t:|1700820772\n|move|p1a: Weavile|Protect|p1a: Weavile\n|-singleturn|p1a: Weavile|Protect\n|move|p2a: Mockingbird|Body Press|p1a: Weavile\n|-activate|p1a: Weavile|move: Protect\n|\n|-heal|p1a: Weavile|94\/100|[from] item: Leftovers\n|upkeep\n|turn|23\n|\n|t:|1700820791\n|move|p1a: Weavile|Knock Off|p2a: Mockingbird\n|-damage|p2a: Mockingbird|43\/100\n|move|p2a: Mockingbird|Body Press|p1a: Weavile\n|-supereffective|p1a: Weavile\n|-end|p1a: Weavile|Substitute\n|\n|-heal|p1a: Weavile|99\/100|[from] item: Leftovers\n|upkeep\n|turn|24\n|\n|t:|1700820800\n|switch|p1a: Weezing|Weezing-Galar, M|85\/100\n|-ability|p1a: Weezing|Neutralizing Gas\n|move|p2a: Mockingbird|Brave Bird|p1a: Weezing\n|-damage|p1a: Weezing|59\/100\n|-damage|p2a: Mockingbird|36\/100|[from] Recoil\n|\n|upkeep\n|turn|25\n|\n|t:|1700820809\n|move|p2a: Mockingbird|Roost|p2a: Mockingbird\n|-heal|p2a: Mockingbird|86\/100\n|-singleturn|p2a: Mockingbird|move: Roost\n|move|p1a: Weezing|Defog|p2a: Mockingbird\n|-unboost|p2a: Mockingbird|evasion|1\n|-sideend|p2: OGMcUranus|Stealth Rock|[from] move: Defog|[of] p1a: Weezing\n|-sideend|p1: rrgrrgrgytsaasa|Stealth Rock|[from] move: Defog|[of] p1a: Weezing\n|\n|upkeep\n|turn|26\n|\n|t:|1700820820\n|move|p2a: Mockingbird|Body Press|p1a: Weezing\n|-resisted|p1a: Weezing\n|-damage|p1a: Weezing|56\/100\n|move|p1a: Weezing|Will-O-Wisp|p2a: Mockingbird\n|-status|p2a: Mockingbird|brn\n|\n|-damage|p2a: Mockingbird|80\/100 brn|[from] brn\n|upkeep\n|turn|27\n|\n|t:|1700820829\n|move|p2a: Mockingbird|Brave Bird|p1a: Weezing\n|-damage|p1a: Weezing|45\/100\n|-damage|p2a: Mockingbird|77\/100 brn|[from] Recoil\n|move|p1a: Weezing|Pain Split|p2a: Mockingbird\n|-sethp|p2a: Mockingbird|57\/100 brn|[from] move: Pain Split|[silent]\n|-sethp|p1a: Weezing|68\/100|[from] move: Pain Split\n|\n|-damage|p2a: Mockingbird|51\/100 brn|[from] brn\n|upkeep\n|turn|28\n|\n|t:|1700820854\n|switch|p2a: Kikot|Landorus-Therian, M, shiny|75\/100\n|-end|p1a: Weezing|ability: Neutralizing Gas\n|-ability|p2a: Kikot|Intimidate|boost\n|-unboost|p1a: Weezing|atk|1\n|switch|p1a: Alomomola|Alomomola, M|100\/100\n|\n|upkeep\n|turn|29\n|\n|t:|1700820865\n|move|p2a: Kikot|U-turn|p1a: Alomomola\n|-damage|p1a: Alomomola|84\/100\n|\n|t:|1700820871\n|switch|p2a: Meowlord|Meowscarada, F|100\/100|[from] U-turn\n|move|p1a: Alomomola|Flip Turn|p2a: Meowlord\n|-resisted|p2a: Meowlord\n|-damage|p2a: Meowlord|87\/100\n|\n|t:|1700820875\n|switch|p1a: Weezing|Weezing-Galar, M|68\/100|[from] Flip Turn\n|-ability|p1a: Weezing|Neutralizing Gas\n|\n|upkeep\n|turn|30\n|\n|t:|1700820886\n|move|p2a: Meowlord|Knock Off|p1a: Weezing\n|-resisted|p1a: Weezing\n|-damage|p1a: Weezing|46\/100\n|-enditem|p1a: Weezing|Heavy-Duty Boots|[from] move: Knock Off|[of] p2a: Meowlord\n|move|p1a: Weezing|Sludge Bomb|p2a: Meowlord\n|-supereffective|p2a: Meowlord\n|-damage|p2a: Meowlord|5\/100\n|\n|upkeep\n|turn|31\n|inactive|OGMcUranus has 120 seconds left.\n|\n|t:|1700820922\n|switch|p2a: Barkanine|Arcanine-Hisui, M, shiny|100\/100\n|move|p1a: Weezing|Will-O-Wisp|p2a: Barkanine|[miss]\n|-miss|p1a: Weezing|p2a: Barkanine\n|\n|upkeep\n|turn|32\n|\n|t:|1700820947\n|-end|p1a: Weezing|ability: Neutralizing Gas\n|switch|p1a: Alomomola|Alomomola, M|100\/100\n|move|p2a: Barkanine|Wild Charge|p1a: Alomomola\n|-supereffective|p1a: Alomomola\n|-damage|p1a: Alomomola|67\/100\n|\n|-heal|p1a: Alomomola|73\/100|[from] item: Leftovers\n|upkeep\n|turn|33\n|\n|t:|1700820972\n|-terastallize|p2a: Barkanine|Ghost\n|move|p2a: Barkanine|Wild Charge|p1a: Alomomola\n|-supereffective|p1a: Alomomola\n|-damage|p1a: Alomomola|38\/100\n|move|p1a: Alomomola|Flip Turn|p2a: Barkanine\n|-damage|p2a: Barkanine|80\/100\n|\n|t:|1700820985\n|switch|p1a: Ting-Lu|Ting-Lu|85\/100|[from] Flip Turn\n|-ability|p1a: Ting-Lu|Vessel of Ruin\n|\n|-heal|p1a: Ting-Lu|91\/100|[from] item: Leftovers\n|upkeep\n|turn|34\n|inactive|OGMcUranus has 90 seconds left.\n|\n|t:|1700821019\n|switch|p2a: Pissey|Blissey, F|85\/100\n|move|p1a: Ting-Lu|Stealth Rock|p2a: Pissey\n|-sidestart|p2: OGMcUranus|move: Stealth Rock\n|\n|-heal|p2a: Pissey|91\/100|[from] item: Leftovers\n|-heal|p1a: Ting-Lu|97\/100|[from] item: Leftovers\n|upkeep\n|turn|35\n|\n|t:|1700821032\n|move|p2a: Pissey|Heal Bell|p2a: Pissey\n|-activate|p2a: Pissey|move: Heal Bell\n|-curestatus|p2: Mockingbird|brn|[msg]\n|move|p1a: Ting-Lu|Earthquake|p2a: Pissey\n|-damage|p2a: Pissey|56\/100\n|\n|-heal|p2a: Pissey|63\/100|[from] item: Leftovers\n|-heal|p1a: Ting-Lu|100\/100|[from] item: Leftovers\n|upkeep\n|turn|36\n|\n|t:|1700821042\n|switch|p1a: Alomomola|Alomomola, M|71\/100\n|move|p2a: Pissey|Stealth Rock|p1a: Alomomola\n|-sidestart|p1: rrgrrgrgytsaasa|move: Stealth Rock\n|\n|-heal|p2a: Pissey|69\/100|[from] item: Leftovers\n|-heal|p1a: Alomomola|77\/100|[from] item: Leftovers\n|upkeep\n|turn|37\n|inactive|OGMcUranus has 90 seconds left.\n|\n|t:|1700821051\n|move|p2a: Pissey|Shadow Ball|p1a: Alomomola\n|-damage|p1a: Alomomola|64\/100\n|move|p1a: Alomomola|Wish|p1a: Alomomola\n|\n|-heal|p2a: Pissey|75\/100|[from] item: Leftovers\n|-heal|p1a: Alomomola|70\/100|[from] item: Leftovers\n|upkeep\n|turn|38\n|inactive|OGMcUranus has 90 seconds left.\n|\n|t:|1700821061\n|switch|p1a: Weezing|Weezing-Galar, M|46\/100\n|-ability|p1a: Weezing|Neutralizing Gas\n|-damage|p1a: Weezing|33\/100|[from] Stealth Rock\n|move|p2a: Pissey|Shadow Ball|p1a: Weezing\n|-crit|p1a: Weezing\n|-damage|p1a: Weezing|6\/100\n|\n|-heal|p1a: Weezing|77\/100|[from] move: Wish|[wisher] Alomomola\n|-heal|p2a: Pissey|81\/100|[from] item: Leftovers\n|upkeep\n|turn|39\n|inactive|OGMcUranus has 90 seconds left.\n|\n|t:|1700821077\n|move|p1a: Weezing|Defog|p2a: Pissey\n|-unboost|p2a: Pissey|evasion|1\n|-sideend|p2: OGMcUranus|Stealth Rock|[from] move: Defog|[of] p1a: Weezing\n|-sideend|p1: rrgrrgrgytsaasa|Stealth Rock|[from] move: Defog|[of] p1a: Weezing\n|move|p2a: Pissey|Shadow Ball|p1a: Weezing\n|-damage|p1a: Weezing|56\/100\n|\n|-heal|p2a: Pissey|87\/100|[from] item: Leftovers\n|upkeep\n|turn|40\n|inactive|OGMcUranus has 90 seconds left.\n|\n|t:|1700821085\n|move|p1a: Weezing|Will-O-Wisp|p2a: Pissey\n|-status|p2a: Pissey|brn\n|move|p2a: Pissey|Shadow Ball|p1a: Weezing\n|-damage|p1a: Weezing|37\/100\n|\n|-heal|p2a: Pissey|93\/100 brn|[from] item: Leftovers\n|-damage|p2a: Pissey|87\/100 brn|[from] brn\n|upkeep\n|turn|41\n|\n|t:|1700821095\n|move|p1a: Weezing|Pain Split|p2a: Pissey\n|-sethp|p2a: Pissey|52\/100 brn|[from] move: Pain Split|[silent]\n|-sethp|p1a: Weezing|100\/100|[from] move: Pain Split\n|move|p2a: Pissey|Heal Bell|p2a: Pissey\n|-activate|p2a: Pissey|move: Heal Bell\n|-curestatus|p2a: Pissey|brn|[msg]\n|\n|-heal|p2a: Pissey|59\/100|[from] item: Leftovers\n|upkeep\n|turn|42\n|\n|t:|1700821109\n|move|p1a: Weezing|Will-O-Wisp|p2a: Pissey\n|-status|p2a: Pissey|brn\n|move|p2a: Pissey|Soft-Boiled|p2a: Pissey\n|-heal|p2a: Pissey|100\/100 brn\n|\n|-damage|p2a: Pissey|94\/100 brn|[from] brn\n|upkeep\n|turn|43\n|\n|t:|1700821120\n|-end|p1a: Weezing|ability: Neutralizing Gas\n|switch|p1a: Alomomola|Alomomola, M|100\/100\n|move|p2a: Pissey|Heal Bell|p2a: Pissey\n|-activate|p2a: Pissey|move: Heal Bell\n|-curestatus|p2a: Pissey|brn|[msg]\n|\n|-heal|p2a: Pissey|100\/100|[from] item: Leftovers\n|upkeep\n|turn|44\n|\n|t:|1700821134\n|switch|p1a: Weezing|Weezing-Galar, M|100\/100\n|-ability|p1a: Weezing|Neutralizing Gas\n|move|p2a: Pissey|Shadow Ball|p1a: Weezing\n|-damage|p1a: Weezing|79\/100\n|\n|upkeep\n|turn|45\n|\n|t:|1700821153\n|switch|p2a: Barkanine|Arcanine-Hisui, M, shiny, tera:Ghost|80\/100\n|move|p1a: Weezing|Will-O-Wisp|p2a: Barkanine\n|-status|p2a: Barkanine|brn\n|\n|-damage|p2a: Barkanine|74\/100 brn|[from] brn\n|upkeep\n|turn|46\n|\n|t:|1700821167\n|-end|p1a: Weezing|ability: Neutralizing Gas\n|switch|p1a: Alomomola|Alomomola, M|100\/100\n|move|p2a: Barkanine|Flare Blitz|p1a: Alomomola\n|-resisted|p1a: Alomomola\n|-damage|p1a: Alomomola|92\/100\n|\n|-heal|p1a: Alomomola|98\/100|[from] item: Leftovers\n|-damage|p2a: Barkanine|68\/100 brn|[from] brn\n|upkeep\n|turn|47\n|\n|t:|1700821178\n|switch|p1a: Ting-Lu|Ting-Lu|100\/100\n|-ability|p1a: Ting-Lu|Vessel of Ruin\n|move|p2a: Barkanine|Extreme Speed|p1a: Ting-Lu\n|-damage|p1a: Ting-Lu|94\/100\n|\n|-heal|p1a: Ting-Lu|99\/100|[from] item: Leftovers\n|-damage|p2a: Barkanine|62\/100 brn|[from] brn\n|upkeep\n|turn|48\n|inactive|OGMcUranus has 90 seconds left.\n|\n|t:|1700821199\n|switch|p2a: Kikot|Landorus-Therian, M, shiny|75\/100\n|-ability|p2a: Kikot|Intimidate|boost\n|-unboost|p1a: Ting-Lu|atk|1\n|move|p1a: Ting-Lu|Stealth Rock|p2a: Kikot\n|-sidestart|p2: OGMcUranus|move: Stealth Rock\n|\n|-heal|p1a: Ting-Lu|100\/100|[from] item: Leftovers\n|upkeep\n|turn|49\n|inactive|OGMcUranus has 90 seconds left.\n|\n|t:|1700821213\n|switch|p1a: Corviknight|Corviknight, M|100\/100\n|-ability|p1a: Corviknight|Pressure\n|move|p2a: Kikot|U-turn|p1a: Corviknight\n|-resisted|p1a: Corviknight\n|-damage|p1a: Corviknight|97\/100\n|-damage|p2a: Kikot|59\/100|[from] item: Rocky Helmet|[of] p1a: Corviknight\n|\n|t:|1700821229\n|switch|p2a: Barkanine|Arcanine-Hisui, M, shiny, tera:Ghost|62\/100 brn|[from] U-turn\n|-damage|p2a: Barkanine|49\/100 brn|[from] Stealth Rock\n|\n|-damage|p2a: Barkanine|43\/100 brn|[from] brn\n|upkeep\n|turn|50\n|\n|t:|1700821236\n|switch|p1a: Alomomola|Alomomola, M|100\/100\n|move|p2a: Barkanine|Flare Blitz|p1a: Alomomola\n|-resisted|p1a: Alomomola\n|-damage|p1a: Alomomola|92\/100\n|\n|-heal|p1a: Alomomola|98\/100|[from] item: Leftovers\n|-damage|p2a: Barkanine|37\/100 brn|[from] brn\n|upkeep\n|turn|51\n|\n|t:|1700821248\n|switch|p2a: Mockingbird|Corviknight, M, shiny|51\/100\n|-damage|p2a: Mockingbird|38\/100|[from] Stealth Rock\n|switch|p1a: Ting-Lu|Ting-Lu|100\/100\n|-ability|p1a: Ting-Lu|Vessel of Ruin\n|\n|upkeep\n|turn|52\n|\n|t:|1700821260\n|switch|p1a: Corviknight|Corviknight, M|97\/100\n|-ability|p1a: Corviknight|Pressure\n|move|p2a: Mockingbird|Body Press|p1a: Corviknight\n|-damage|p1a: Corviknight|80\/100\n|-damage|p2a: Mockingbird|22\/100|[from] item: Rocky Helmet|[of] p1a: Corviknight\n|\n|upkeep\n|turn|53\n|\n|t:|1700821270\n|move|p1a: Corviknight|Iron Defense|p1a: Corviknight\n|-boost|p1a: Corviknight|def|2\n|move|p2a: Mockingbird|Roost|p2a: Mockingbird\n|-heal|p2a: Mockingbird|72\/100\n|-singleturn|p2a: Mockingbird|move: Roost\n|\n|upkeep\n|turn|54\n|\n|t:|1700821280\n|move|p1a: Corviknight|Iron Defense|p1a: Corviknight\n|-boost|p1a: Corviknight|def|2\n|move|p2a: Mockingbird|Brave Bird|p1a: Corviknight\n|-resisted|p1a: Corviknight\n|-damage|p1a: Corviknight|76\/100\n|-damage|p2a: Mockingbird|55\/100|[from] item: Rocky Helmet|[of] p1a: Corviknight\n|-damage|p2a: Mockingbird|54\/100|[from] Recoil\n|\n|upkeep\n|turn|55\n|\n|t:|1700821291\n|switch|p2a: Pissey|Blissey, F|100\/100\n|-damage|p2a: Pissey|88\/100|[from] Stealth Rock\n|move|p1a: Corviknight|Body Press|p2a: Pissey\n|-supereffective|p2a: Pissey\n|-damage|p2a: Pissey|0 fnt\n|faint|p2a: Pissey\n|\n|upkeep\n|\n|t:|1700821301\n|switch|p2a: Barkanine|Arcanine-Hisui, M, shiny, tera:Ghost|37\/100 brn\n|-damage|p2a: Barkanine|25\/100 brn|[from] Stealth Rock\n|turn|56\n|\n|t:|1700821312\n|switch|p1a: Ting-Lu|Ting-Lu|100\/100\n|-ability|p1a: Ting-Lu|Vessel of Ruin\n|move|p2a: Barkanine|Wild Charge|p1a: Ting-Lu\n|-immune|p1a: Ting-Lu\n|\n|-damage|p2a: Barkanine|19\/100 brn|[from] brn\n|upkeep\n|turn|57\n|\n|t:|1700821323\n|move|p2a: Barkanine|Head Smash|p1a: Ting-Lu\n|-resisted|p1a: Ting-Lu\n|-damage|p1a: Ting-Lu|91\/100\n|move|p1a: Ting-Lu|Spikes|p2a: Barkanine\n|-sidestart|p2: OGMcUranus|Spikes\n|\n|-heal|p1a: Ting-Lu|97\/100|[from] item: Leftovers\n|-damage|p2a: Barkanine|13\/100 brn|[from] brn\n|upkeep\n|turn|58\n|\n|t:|1700821331\n|move|p1a: Ting-Lu|Protect|p1a: Ting-Lu\n|-singleturn|p1a: Ting-Lu|Protect\n|move|p2a: Barkanine|Flare Blitz|p1a: Ting-Lu\n|-activate|p1a: Ting-Lu|move: Protect\n|\n|-heal|p1a: Ting-Lu|100\/100|[from] item: Leftovers\n|-damage|p2a: Barkanine|7\/100 brn|[from] brn\n|upkeep\n|turn|59\n|inactive|OGMcUranus has 90 seconds left.\n|\n|t:|1700821345\n|switch|p2a: Toxacoxa|Toxapex, F|61\/100\n|-damage|p2a: Toxacoxa|49\/100|[from] Stealth Rock\n|-damage|p2a: Toxacoxa|36\/100|[from] Spikes\n|switch|p1a: Alomomola|Alomomola, M|100\/100\n|\n|upkeep\n|turn|60\n|inactive|OGMcUranus has 90 seconds left.\n|\n|t:|1700821359\n|move|p1a: Alomomola|Wish|p1a: Alomomola\n|move|p2a: Toxacoxa|Venoshock|p1a: Alomomola\n|-damage|p1a: Alomomola|89\/100\n|\n|-heal|p1a: Alomomola|95\/100|[from] item: Leftovers\n|upkeep\n|turn|61\n|inactive|OGMcUranus has 90 seconds left.\n|\n|t:|1700821373\n|switch|p1a: Corviknight|Corviknight, M|76\/100\n|-ability|p1a: Corviknight|Pressure\n|move|p2a: Toxacoxa|Toxic Spikes|p1a: Corviknight\n|-sidestart|p1: rrgrrgrgytsaasa|move: Toxic Spikes\n|\n|-heal|p1a: Corviknight|100\/100|[from] move: Wish|[wisher] Alomomola\n|upkeep\n|turn|62\n|inactive|OGMcUranus has 90 seconds left.\n|\n|t:|1700821382\n|switch|p1a: Weezing|Weezing-Galar, M|79\/100\n|-ability|p1a: Weezing|Neutralizing Gas\n|-sideend|p1: rrgrrgrgytsaasa|move: Toxic Spikes|[of] p1a: Weezing\n|move|p2a: Toxacoxa|Surf|p1a: Weezing\n|-damage|p1a: Weezing|54\/100\n|\n|upkeep\n|turn|63\n|\n|t:|1700821392\n|move|p2a: Toxacoxa|Baneful Bunker|p2a: Toxacoxa\n|-singleturn|p2a: Toxacoxa|move: Protect\n|move|p1a: Weezing|Will-O-Wisp|p2a: Toxacoxa\n|-activate|p2a: Toxacoxa|move: Protect\n|\n|upkeep\n|turn|64\n|\n|t:|1700821399\n|move|p1a: Weezing|Will-O-Wisp|p2a: Toxacoxa|[miss]\n|-miss|p1a: Weezing|p2a: Toxacoxa\n|move|p2a: Toxacoxa|Surf|p1a: Weezing\n|-damage|p1a: Weezing|29\/100\n|\n|upkeep\n|turn|65\n|\n|t:|1700821406\n|move|p2a: Toxacoxa|Baneful Bunker|p2a: Toxacoxa\n|-singleturn|p2a: Toxacoxa|move: Protect\n|move|p1a: Weezing|Pain Split|p2a: Toxacoxa\n|-activate|p2a: Toxacoxa|move: Protect\n|\n|upkeep\n|turn|66\n|\n|t:|1700821413\n|move|p1a: Weezing|Pain Split|p2a: Toxacoxa\n|-sethp|p2a: Toxacoxa|34\/100|[from] move: Pain Split|[silent]\n|-sethp|p1a: Weezing|31\/100|[from] move: Pain Split\n|move|p2a: Toxacoxa|Surf|p1a: Weezing\n|-damage|p1a: Weezing|4\/100\n|\n|upkeep\n|turn|67\n|\n|t:|1700821420\n|-end|p1a: Weezing|ability: Neutralizing Gas\n|switch|p1a: Alomomola|Alomomola, M|100\/100\n|move|p2a: Toxacoxa|Baneful Bunker||[still]\n|-fail|p2a: Toxacoxa\n|\n|upkeep\n|turn|68\n|inactive|OGMcUranus has 120 seconds left.\n|\n|t:|1700821439\n|switch|p2a: Kikot|Landorus-Therian, M, shiny|59\/100\n|-damage|p2a: Kikot|46\/100|[from] Stealth Rock\n|-ability|p2a: Kikot|Intimidate|boost\n|-unboost|p1a: Alomomola|atk|1\n|move|p1a: Alomomola|Wish|p1a: Alomomola\n|\n|upkeep\n|turn|69\n|\n|t:|1700821448\n|move|p2a: Kikot|U-turn|p1a: Alomomola\n|-damage|p1a: Alomomola|84\/100\n|\n|t:|1700821451\n|switch|p2a: Meowlord|Meowscarada, F|5\/100|[from] U-turn\n|-damage|p2a: Meowlord|0 fnt|[from] Stealth Rock\n|faint|p2a: Meowlord\n|move|p1a: Alomomola|Flip Turn|p2: Meowlord|[notarget]\n|-fail|p1a: Alomomola\n|\n|-heal|p1a: Alomomola|100\/100|[from] move: Wish|[wisher] Alomomola\n|upkeep\n|inactive|OGMcUranus has 120 seconds left.\n|\n|t:|1700821470\n|switch|p2a: Kikot|Landorus-Therian, M, shiny|46\/100\n|-damage|p2a: Kikot|34\/100|[from] Stealth Rock\n|-ability|p2a: Kikot|Intimidate|boost\n|-unboost|p1a: Alomomola|atk|1\n|turn|70\n|\n|t:|1700821481\n|move|p2a: Kikot|Outrage|p1a: Alomomola\n|-damage|p1a: Alomomola|72\/100\n|move|p1a: Alomomola|Wish|p1a: Alomomola\n|\n|-heal|p1a: Alomomola|78\/100|[from] item: Leftovers\n|upkeep\n|turn|71\n|\n|t:|1700821488\n|switch|p1a: Weezing|Weezing-Galar, M|4\/100\n|-ability|p1a: Weezing|Neutralizing Gas\n|move|p2a: Kikot|Outrage|p1a: Weezing|[from]lockedmove\n|-immune|p1a: Weezing\n|\n|-heal|p1a: Weezing|75\/100|[from] move: Wish|[wisher] Alomomola\n|upkeep\n|turn|72\n|inactive|OGMcUranus has 120 seconds left.\n|\n|t:|1700821512\n|switch|p2a: Toxacoxa|Toxapex, F|67\/100\n|-damage|p2a: Toxacoxa|55\/100|[from] Stealth Rock\n|-damage|p2a: Toxacoxa|42\/100|[from] Spikes\n|-end|p1a: Weezing|ability: Neutralizing Gas\n|switch|p1a: Corviknight|Corviknight, M|100\/100\n|-ability|p1a: Corviknight|Pressure\n|\n|upkeep\n|turn|73\n|\n|t:|1700821527\n|switch|p1a: Alomomola|Alomomola, M|100\/100\n|move|p2a: Toxacoxa|Surf|p1a: Alomomola\n|-resisted|p1a: Alomomola\n|-damage|p1a: Alomomola|92\/100\n|\n|-heal|p1a: Alomomola|98\/100|[from] item: Leftovers\n|upkeep\n|turn|74\n|\n|t:|1700821543\n|switch|p1a: Weezing|Weezing-Galar, M|75\/100\n|-ability|p1a: Weezing|Neutralizing Gas\n|switch|p2a: Mockingbird|Corviknight, M, shiny|54\/100\n|-damage|p2a: Mockingbird|41\/100|[from] Stealth Rock\n|\n|upkeep\n|turn|75\n|\n|t:|1700821552\n|move|p2a: Mockingbird|Roost|p2a: Mockingbird\n|-heal|p2a: Mockingbird|91\/100\n|-singleturn|p2a: Mockingbird|move: Roost\n|move|p1a: Weezing|Will-O-Wisp|p2a: Mockingbird\n|-status|p2a: Mockingbird|brn\n|\n|-damage|p2a: Mockingbird|85\/100 brn|[from] brn\n|upkeep\n|turn|76\n|\n|t:|1700821565\n|-end|p1a: Weezing|ability: Neutralizing Gas\n|switch|p1a: Ting-Lu|Ting-Lu|100\/100\n|-ability|p1a: Ting-Lu|Vessel of Ruin\n|move|p2a: Mockingbird|Defog|p1a: Ting-Lu\n|-unboost|p1a: Ting-Lu|evasion|1\n|-sideend|p2: OGMcUranus|Spikes|[from] move: Defog|[of] p2a: Mockingbird\n|-sideend|p2: OGMcUranus|Stealth Rock|[from] move: Defog|[of] p2a: Mockingbird\n|\n|-damage|p2a: Mockingbird|79\/100 brn|[from] brn\n|upkeep\n|turn|77\n|\n|t:|1700821577\n|move|p2a: Mockingbird|Body Press|p1a: Ting-Lu\n|-supereffective|p1a: Ting-Lu\n|-damage|p1a: Ting-Lu|86\/100\n|move|p1a: Ting-Lu|Stealth Rock|p2a: Mockingbird\n|-sidestart|p2: OGMcUranus|move: Stealth Rock\n|\n|-heal|p1a: Ting-Lu|93\/100|[from] item: Leftovers\n|-damage|p2a: Mockingbird|73\/100 brn|[from] brn\n|upkeep\n|turn|78\n|\n|t:|1700821587\n|switch|p1a: Corviknight|Corviknight, M|100\/100\n|-ability|p1a: Corviknight|Pressure\n|move|p2a: Mockingbird|Defog|p1a: Corviknight\n|-unboost|p1a: Corviknight|evasion|1\n|-sideend|p2: OGMcUranus|Stealth Rock|[from] move: Defog|[of] p2a: Mockingbird\n|\n|-damage|p2a: Mockingbird|66\/100 brn|[from] brn\n|upkeep\n|turn|79\n|\n|t:|1700821602\n|switch|p1a: Alomomola|Alomomola, M|100\/100\n|switch|p2a: Kikot|Landorus-Therian, M, shiny|34\/100\n|-ability|p2a: Kikot|Intimidate|boost\n|-unboost|p1a: Alomomola|atk|1\n|\n|upkeep\n|turn|80\n|inactive|OGMcUranus has 90 seconds left.\n|\n|t:|1700821625\n|move|p2a: Kikot|U-turn|p1a: Alomomola\n|-damage|p1a: Alomomola|84\/100\n|inactive|OGMcUranus has 90 seconds left.\n|\n|t:|1700821647\n|switch|p2a: Toxacoxa|Toxapex, F|42\/100|[from] U-turn\n|move|p1a: Alomomola|Flip Turn|p2a: Toxacoxa\n|-resisted|p2a: Toxacoxa\n|-damage|p2a: Toxacoxa|38\/100\n|\n|t:|1700821656\n|switch|p1a: Weavile|Weavile, F|99\/100|[from] Flip Turn\n|-ability|p1a: Weavile|Pressure\n|\n|-heal|p1a: Weavile|100\/100|[from] item: Leftovers\n|upkeep\n|turn|81\n|\n|t:|1700821671\n|move|p1a: Weavile|Substitute|p1a: Weavile\n|-start|p1a: Weavile|Substitute\n|-damage|p1a: Weavile|76\/100\n|move|p2a: Toxacoxa|Venoshock|p1a: Weavile\n|-activate|p1a: Weavile|move: Substitute|[damage]\n|\n|-heal|p1a: Weavile|82\/100|[from] item: Leftovers\n|upkeep\n|turn|82\n|\n|t:|1700821682\n|move|p1a: Weavile|Protect|p1a: Weavile\n|-singleturn|p1a: Weavile|Protect\n|move|p2a: Toxacoxa|Toxic Spikes|p1a: Weavile\n|-sidestart|p1: rrgrrgrgytsaasa|move: Toxic Spikes\n|\n|-heal|p1a: Weavile|88\/100|[from] item: Leftovers\n|upkeep\n|turn|83\n|\n|t:|1700821690\n|switch|p1a: Weezing|Weezing-Galar, M|75\/100\n|-ability|p1a: Weezing|Neutralizing Gas\n|-sideend|p1: rrgrrgrgytsaasa|move: Toxic Spikes|[of] p1a: Weezing\n|move|p2a: Toxacoxa|Toxic Spikes|p1a: Weezing\n|-sidestart|p1: rrgrrgrgytsaasa|move: Toxic Spikes\n|\n|upkeep\n|turn|84\n|inactive|OGMcUranus has 90 seconds left.\n|\n|t:|1700821698\n|move|p1a: Weezing|Will-O-Wisp|p2a: Toxacoxa\n|-status|p2a: Toxacoxa|brn\n|move|p2a: Toxacoxa|Surf|p1a: Weezing\n|-damage|p1a: Weezing|49\/100\n|\n|-damage|p2a: Toxacoxa|32\/100 brn|[from] brn\n|upkeep\n|turn|85\n|inactive|OGMcUranus has 90 seconds left.\n|\n|t:|1700821708\n|-end|p1a: Weezing|ability: Neutralizing Gas\n|switch|p1a: Corviknight|Corviknight, M|100\/100\n|-ability|p1a: Corviknight|Pressure\n|move|p2a: Toxacoxa|Surf|p1a: Corviknight\n|-damage|p1a: Corviknight|80\/100\n|\n|-damage|p2a: Toxacoxa|26\/100 brn|[from] brn\n|upkeep\n|turn|86\n|inactive|OGMcUranus has 90 seconds left.\n|\n|t:|1700821720\n|move|p1a: Corviknight|Defog|p2a: Toxacoxa\n|-unboost|p2a: Toxacoxa|evasion|1\n|-sideend|p1: rrgrrgrgytsaasa|Toxic Spikes|[from] move: Defog|[of] p1a: Corviknight\n|move|p2a: Toxacoxa|Surf|p1a: Corviknight\n|-damage|p1a: Corviknight|59\/100\n|\n|-damage|p2a: Toxacoxa|20\/100 brn|[from] brn\n|upkeep\n|turn|87\n|\n|t:|1700821728\n|switch|p1a: Alomomola|Alomomola, M|100\/100\n|move|p2a: Toxacoxa|Surf|p1a: Alomomola\n|-resisted|p1a: Alomomola\n|-damage|p1a: Alomomola|92\/100\n|\n|-heal|p1a: Alomomola|98\/100|[from] item: Leftovers\n|-damage|p2a: Toxacoxa|13\/100 brn|[from] brn\n|upkeep\n|turn|88\n|inactive|OGMcUranus has 90 seconds left.\n|\n|t:|1700821742\n|move|p1a: Alomomola|Wish|p1a: Alomomola\n|move|p2a: Toxacoxa|Venoshock|p1a: Alomomola\n|-damage|p1a: Alomomola|86\/100\n|\n|-heal|p1a: Alomomola|92\/100|[from] item: Leftovers\n|-damage|p2a: Toxacoxa|7\/100 brn|[from] brn\n|upkeep\n|turn|89\n|inactive|OGMcUranus has 90 seconds left.\n|\n|t:|1700821755\n|switch|p1a: Weezing|Weezing-Galar, M|49\/100\n|-ability|p1a: Weezing|Neutralizing Gas\n|move|p2a: Toxacoxa|Surf|p1a: Weezing\n|-damage|p1a: Weezing|23\/100\n|\n|-heal|p1a: Weezing|94\/100|[from] move: Wish|[wisher] Alomomola\n|-damage|p2a: Toxacoxa|1\/100 brn|[from] brn\n|upkeep\n|turn|90\n|\n|t:|1700821771\n|move|p1a: Weezing|Will-O-Wisp|p2a: Toxacoxa\n|-fail|p2a: Toxacoxa|brn\n|move|p2a: Toxacoxa|Surf|p1a: Weezing\n|-damage|p1a: Weezing|70\/100\n|\n|-damage|p2a: Toxacoxa|0 fnt|[from] brn\n|faint|p2a: Toxacoxa\n|upkeep\n|\n|t:|1700821789\n|switch|p2a: Barkanine|Arcanine-Hisui, M, shiny, tera:Ghost|7\/100 brn\n|turn|91\n|inactive|OGMcUranus has 60 seconds left.\n|\n|t:|1700821812\n|move|p2a: Barkanine|Head Smash|p1a: Weezing\n|-damage|p1a: Weezing|47\/100\n|-damage|p2a: Barkanine|0 fnt|[from] Recoil\n|faint|p2a: Barkanine\n|move|p1a: Weezing|Will-O-Wisp|p2: Barkanine|[notarget]\n|-fail|p1a: Weezing\n|\n|upkeep\n|inactive|OGMcUranus has 60 seconds left.\n|\n|t:|1700821828\n|switch|p2a: Kikot|Landorus-Therian, M, shiny|34\/100\n|turn|92\n|inactive|rrgrrgrgytsaasa has 120 seconds left.\n|\n|t:|1700821859\n|-end|p1a: Weezing|ability: Neutralizing Gas\n|-ability|p2a: Kikot|Intimidate|boost\n|-unboost|p1a: Weezing|atk|1\n|switch|p1a: Corviknight|Corviknight, M|59\/100\n|-ability|p1a: Corviknight|Pressure\n|move|p2a: Kikot|Earthquake|p1a: Corviknight\n|-immune|p1a: Corviknight\n|\n|upkeep\n|turn|93\n|\n|t:|1700821872\n|switch|p2a: Mockingbird|Corviknight, M, shiny|66\/100 brn\n|move|p1a: Corviknight|Roost|p1a: Corviknight\n|-heal|p1a: Corviknight|100\/100\n|-singleturn|p1a: Corviknight|move: Roost\n|\n|-damage|p2a: Mockingbird|60\/100 brn|[from] brn\n|upkeep\n|turn|94\n|\n|t:|1700821885\n|move|p1a: Corviknight|Iron Defense|p1a: Corviknight\n|-boost|p1a: Corviknight|def|2\n|move|p2a: Mockingbird|Body Press|p1a: Corviknight\n|-damage|p1a: Corviknight|96\/100\n|-damage|p2a: Mockingbird|44\/100 brn|[from] item: Rocky Helmet|[of] p1a: Corviknight\n|\n|-damage|p2a: Mockingbird|37\/100 brn|[from] brn\n|upkeep\n|turn|95\n|c|\u2606OGMcUranus|gg but tbh im getting bored\n|inactive|OGMcUranus has 30 seconds left.\n|-message|OGMcUranus forfeited.\n|\n|win|rrgrrgrgytsaasa\n|raw|rrgrrgrgytsaasa's rating: 1046 &rarr; <strong>1078<\/strong><br \/>(+32 for winning)\n|raw|OGMcUranus's rating: 1030 &rarr; <strong>1016<\/strong><br \/>(-14 for losing)\n|l|\u2606OGMcUranus\n","uploadtime":1700821914,"views":6,"p1id":"rrgrrgrgytsaasa","p2id":"ogmcuranus","formatid":"gen9ou","rating":1016,"private":0,"password":""}