{"id":"gen9ou-1991520132","p1":"Juanp0093","p2":"Hunter_of_Keys","format":"[Gen 9] OU","log":"|j|\u2606Juanp0093\n|j|\u203dHunter_of_Keys\n|t:|1700084477\n|gametype|singles\n|player|p1|Juanp0093|blue|1218\n|player|p2|Hunter_of_Keys|clerk-boss|1206\n|teamsize|p1|6\n|teamsize|p2|6\n|gen|9\n|tier|[Gen 9] OU\n|rated|\n|rule|Sleep Clause Mod: Limit one foe put to sleep\n|rule|Species Clause: Limit one of each Pok\u00e9mon\n|rule|OHKO Clause: OHKO moves are banned\n|rule|Evasion Items Clause: Evasion items are banned\n|rule|Evasion Moves Clause: Evasion moves are banned\n|rule|Endless Battle Clause: Forcing endless battles is banned\n|rule|HP Percentage Mod: HP is shown in percentages\n|clearpoke\n|poke|p1|Samurott-Hisui, F|\n|poke|p1|Ceruledge, F|\n|poke|p1|Thundurus-Therian, M|\n|poke|p1|Amoonguss, M|\n|poke|p1|Great Tusk|\n|poke|p1|Gholdengo|\n|poke|p2|Vaporeon, F|\n|poke|p2|Jolteon, F|\n|poke|p2|Espeon, F|\n|poke|p2|Umbreon, F|\n|poke|p2|Sylveon, F|\n|poke|p2|Flareon, M|\n|teampreview\n|inactive|Battle timer is ON: inactive players will automatically lose when time's up. (requested by Hunter_of_Keys)\n|\n|t:|1700084490\n|start\n|switch|p1a: Samurott|Samurott-Hisui, F, shiny|100\/100\n|switch|p2a: Jolteon|Jolteon, F|100\/100\n|turn|1\n|\n|t:|1700084497\n|move|p2a: Jolteon|Protect|p2a: Jolteon\n|-singleturn|p2a: Jolteon|Protect\n|move|p1a: Samurott|Flip Turn|p2a: Jolteon\n|-activate|p2a: Jolteon|move: Protect\n|\n|-status|p2a: Jolteon|brn|[from] item: Flame Orb\n|upkeep\n|turn|2\n|\n|t:|1700084502\n|move|p2a: Jolteon|Volt Switch|p1a: Samurott\n|-supereffective|p1a: Samurott\n|-damage|p1a: Samurott|3\/100\n|\n|t:|1700084504\n|switch|p2a: Umbreon|Umbreon, F|100\/100|[from] Volt Switch\n|move|p1a: Samurott|Flip Turn|p2a: Umbreon\n|-damage|p2a: Umbreon|80\/100\n|-damage|p1a: Samurott|0 fnt|[from] item: Rocky Helmet|[of] p2a: Umbreon\n|faint|p1a: Samurott\n|\n|upkeep\n|\n|t:|1700084518\n|switch|p1a: Thundurus|Thundurus-Therian, M|100\/100\n|turn|3\n|\n|t:|1700084525\n|move|p1a: Thundurus|Volt Switch|p2a: Umbreon\n|-damage|p2a: Umbreon|52\/100\n|\n|t:|1700084529\n|switch|p1a: Great Tusk|Great Tusk, shiny|100\/100|[from] Volt Switch\n|move|p2a: Umbreon|Toxic|p1a: Great Tusk\n|-status|p1a: Great Tusk|tox\n|\n|-damage|p1a: Great Tusk|94\/100 tox|[from] psn\n|upkeep\n|turn|4\n|\n|t:|1700084535\n|move|p2a: Umbreon|Protect|p2a: Umbreon\n|-singleturn|p2a: Umbreon|Protect\n|move|p1a: Great Tusk|Stealth Rock|p2a: Umbreon\n|-sidestart|p2: Hunter_of_Keys|move: Stealth Rock\n|\n|-heal|p1a: Great Tusk|100\/100 tox|[from] item: Leftovers\n|-damage|p1a: Great Tusk|88\/100 tox|[from] psn\n|upkeep\n|turn|5\n|\n|t:|1700084544\n|switch|p2a: Vaporeon|Vaporeon, F|100\/100\n|-damage|p2a: Vaporeon|88\/100|[from] Stealth Rock\n|move|p1a: Great Tusk|Earthquake|p2a: Vaporeon\n|-damage|p2a: Vaporeon|50\/100\n|\n|-heal|p1a: Great Tusk|94\/100 tox|[from] item: Leftovers\n|-heal|p2a: Vaporeon|56\/100|[from] item: Leftovers\n|-damage|p1a: Great Tusk|75\/100 tox|[from] psn\n|upkeep\n|turn|6\n|\n|t:|1700084549\n|-end|p1a: Great Tusk|Protosynthesis|[silent]\n|switch|p1a: Amoonguss|Amoonguss, M, shiny|100\/100\n|move|p2a: Vaporeon|Scald|p1a: Amoonguss\n|-resisted|p1a: Amoonguss\n|-damage|p1a: Amoonguss|91\/100\n|-enditem|p1a: Amoonguss|Red Card|[of] p2a: Vaporeon\n|drag|p2a: Jolteon|Jolteon, F|100\/100 brn\n|-damage|p2a: Jolteon|88\/100 brn|[from] Stealth Rock\n|\n|-damage|p2a: Jolteon|82\/100 brn|[from] brn\n|upkeep\n|turn|7\n|\n|t:|1700084573\n|-terastallize|p2a: Jolteon|Flying\n|move|p2a: Jolteon|Tera Blast|p1a: Amoonguss|[anim] Tera Blast Flying\n|-supereffective|p1a: Amoonguss\n|-damage|p1a: Amoonguss|40\/100\n|move|p1a: Amoonguss|Sludge Bomb|p2a: Jolteon\n|-damage|p2a: Jolteon|43\/100 brn\n|\n|-damage|p2a: Jolteon|37\/100 brn|[from] brn\n|upkeep\n|turn|8\n|\n|t:|1700084585\n|switch|p1a: Gholdengo|Gholdengo, shiny|100\/100\n|move|p2a: Jolteon|Volt Switch|p1a: Gholdengo\n|-damage|p1a: Gholdengo|72\/100\n|\n|t:|1700084592\n|switch|p2a: Flareon|Flareon, M|100\/100|[from] Volt Switch\n|-damage|p2a: Flareon|76\/100|[from] Stealth Rock\n|\n|-heal|p1a: Gholdengo|78\/100|[from] item: Leftovers\n|-status|p2a: Flareon|tox|[from] item: Toxic Orb\n|upkeep\n|turn|9\n|\n|t:|1700084598\n|switch|p1a: Ceruledge|Ceruledge, F|100\/100\n|move|p2a: Flareon|Flare Blitz|p1a: Ceruledge\n|-start|p1a: Ceruledge|ability: Flash Fire\n|\n|-damage|p2a: Flareon|70\/100 tox|[from] psn\n|upkeep\n|turn|10\n|\n|t:|1700084605\n|switch|p2a: Vaporeon|Vaporeon, F|56\/100\n|-damage|p2a: Vaporeon|44\/100|[from] Stealth Rock\n|move|p1a: Ceruledge|Swords Dance|p1a: Ceruledge\n|-boost|p1a: Ceruledge|atk|2\n|\n|-heal|p2a: Vaporeon|50\/100|[from] item: Leftovers\n|upkeep\n|turn|11\n|\n|t:|1700084610\n|move|p1a: Ceruledge|Poltergeist|p2a: Vaporeon\n|-activate|p2a: Vaporeon|move: Poltergeist|Leftovers\n|-damage|p2a: Vaporeon|0 fnt\n|faint|p2a: Vaporeon\n|\n|upkeep\n|\n|t:|1700084612\n|switch|p2a: Jolteon|Jolteon, F, tera:Flying|37\/100 brn\n|-damage|p2a: Jolteon|12\/100 brn|[from] Stealth Rock\n|turn|12\n|\n|t:|1700084616\n|move|p1a: Ceruledge|Shadow Sneak|p2a: Jolteon\n|-damage|p2a: Jolteon|0 fnt\n|faint|p2a: Jolteon\n|\n|upkeep\n|\n|t:|1700084620\n|switch|p2a: Umbreon|Umbreon, F|52\/100\n|-damage|p2a: Umbreon|40\/100|[from] Stealth Rock\n|turn|13\n|\n|t:|1700084623\n|move|p1a: Ceruledge|Bitter Blade|p2a: Umbreon\n|-damage|p2a: Umbreon|0 fnt\n|-damage|p1a: Ceruledge|84\/100|[from] item: Rocky Helmet|[of] p2a: Umbreon\n|faint|p2a: Umbreon\n|\n|upkeep\n|\n|t:|1700084627\n|switch|p2a: Sylveon|Sylveon, F|100\/100\n|-damage|p2a: Sylveon|88\/100|[from] Stealth Rock\n|turn|14\n|\n|t:|1700084630\n|move|p1a: Ceruledge|Bitter Blade|p2a: Sylveon\n|-damage|p2a: Sylveon|0 fnt\n|-heal|p1a: Ceruledge|100\/100|[from] drain|[of] p2a: Sylveon\n|faint|p2a: Sylveon\n|\n|upkeep\n|\n|t:|1700084633\n|switch|p2a: Espeon|Espeon, F|100\/100\n|-damage|p2a: Espeon|88\/100|[from] Stealth Rock\n|turn|15\n|\n|t:|1700084638\n|move|p1a: Ceruledge|Shadow Sneak|p2a: Espeon\n|-supereffective|p2a: Espeon\n|-damage|p2a: Espeon|0 fnt\n|faint|p2a: Espeon\n|\n|upkeep\n|\n|t:|1700084640\n|switch|p2a: Flareon|Flareon, M|70\/100 tox\n|-damage|p2a: Flareon|45\/100 tox|[from] Stealth Rock\n|turn|16\n|\n|t:|1700084643\n|move|p1a: Ceruledge|Bitter Blade|p2a: Flareon\n|-resisted|p2a: Flareon\n|-damage|p2a: Flareon|0 fnt\n|faint|p2a: Flareon\n|\n|win|Juanp0093\n|raw|Juanp0093's rating: 1218 &rarr; <strong>1242<\/strong><br \/>(+24 for winning)\n|raw|Hunter_of_Keys's rating: 1206 &rarr; <strong>1182<\/strong><br \/>(-24 for losing)\n|l|\u203dHunter_of_Keys\n|l|\u2606Juanp0093\n|j|\u2606Juanp0093\n|player|p1|Juanp0093|blue\n","uploadtime":1700085274,"views":7,"p1id":"juanp0093","p2id":"hunterofkeys","formatid":"gen9ou","rating":1182,"private":0,"password":""}