{"id":"gen9ou-1997410051","p1":"J4Z0N","p2":"Skullemojiskull","format":"[Gen 9] OU","log":"|j|\u2606J4Z0N\n|j|\u2606Skullemojiskull\n|t:|1700800748\n|gametype|singles\n|player|p1|J4Z0N|lance|1147\n|player|p2|Skullemojiskull|102|1229\n|teamsize|p1|6\n|teamsize|p2|6\n|gen|9\n|tier|[Gen 9] OU\n|rated|\n|rule|Sleep Clause Mod: Limit one foe put to sleep\n|rule|Species Clause: Limit one of each Pok\u00e9mon\n|rule|OHKO Clause: OHKO moves are banned\n|rule|Evasion Items Clause: Evasion items are banned\n|rule|Evasion Moves Clause: Evasion moves are banned\n|rule|Endless Battle Clause: Forcing endless battles is banned\n|rule|HP Percentage Mod: HP is shown in percentages\n|clearpoke\n|poke|p1|Haxorus, M|\n|poke|p1|Landorus-Therian, M|\n|poke|p1|Thundurus-Therian, M|\n|poke|p1|Chandelure, F|\n|poke|p1|Dragapult, F|\n|poke|p1|Ursaluna, F|\n|poke|p2|Ceruledge, F|\n|poke|p2|Corviknight, M|\n|poke|p2|Lokix, M|\n|poke|p2|Tauros-Paldea-Aqua, M|\n|poke|p2|Pincurchin, M|\n|poke|p2|Iron Jugulis|\n|teampreview\n|inactive|Battle timer is ON: inactive players will automatically lose when time's up. (requested by J4Z0N)\n|\n|t:|1700800759\n|start\n|switch|p1a: Landorus|Landorus-Therian, M|100\/100\n|switch|p2a: Star Lord|Pincurchin, M, shiny|100\/100\n|-ability|p1a: Landorus|Intimidate|boost\n|-unboost|p2a: Star Lord|atk|1\n|-fieldstart|move: Electric Terrain|[from] ability: Electric Surge|[of] p2a: Star Lord\n|turn|1\n|\n|t:|1700800768\n|switch|p2a: Jughead|Iron Jugulis|100\/100\n|-activate|p2a: Jughead|ability: Quark Drive\n|-start|p2a: Jughead|quarkdrivespe\n|move|p1a: Landorus|U-turn|p2a: Jughead\n|-damage|p2a: Jughead|68\/100\n|\n|t:|1700800779\n|switch|p1a: Thundurus|Thundurus-Therian, M|100\/100|[from] U-turn\n|\n|upkeep\n|turn|2\n|\n|t:|1700800793\n|move|p2a: Jughead|Dark Pulse|p1a: Thundurus\n|-damage|p1a: Thundurus|26\/100\n|cant|p1a: Thundurus|flinch\n|\n|upkeep\n|turn|3\n|\n|t:|1700800799\n|move|p2a: Jughead|Dark Pulse|p1a: Thundurus\n|-damage|p1a: Thundurus|0 fnt\n|faint|p1a: Thundurus\n|\n|upkeep\n|\n|t:|1700800809\n|switch|p1a: Ursaluna|Ursaluna, F|100\/100\n|turn|4\n|\n|t:|1700800828\n|move|p2a: Jughead|Dark Pulse|p1a: Ursaluna\n|-damage|p1a: Ursaluna|49\/100\n|cant|p1a: Ursaluna|flinch\n|\n|-status|p1a: Ursaluna|brn|[from] item: Flame Orb\n|upkeep\n|turn|5\n|c|\u2606J4Z0N|WTF\n|\n|t:|1700800837\n|move|p2a: Jughead|Dark Pulse|p1a: Ursaluna\n|-damage|p1a: Ursaluna|0 fnt\n|faint|p1a: Ursaluna\n|\n|upkeep\n|c|\u2606J4Z0N|2 FLINCH ?\n|c|\u2606Skullemojiskull|I just shit myself\n|\n|t:|1700800849\n|switch|p1a: Dragapult|Dragapult, F|100\/100\n|turn|6\n|\n|t:|1700800855\n|move|p1a: Dragapult|Sucker Punch|p2a: Jughead\n|-resisted|p2a: Jughead\n|-damage|p2a: Jughead|52\/100\n|move|p2a: Jughead|Dark Pulse|p1a: Dragapult\n|-supereffective|p1a: Dragapult\n|-damage|p1a: Dragapult|0 fnt\n|faint|p1a: Dragapult\n|\n|upkeep\n|\n|t:|1700800869\n|switch|p1a: Landorus|Landorus-Therian, M|100\/100\n|-ability|p1a: Landorus|Intimidate|boost\n|-unboost|p2a: Jughead|atk|1\n|turn|7\n|\n|t:|1700800878\n|move|p2a: Jughead|Dark Pulse|p1a: Landorus\n|-damage|p1a: Landorus|27\/100\n|cant|p1a: Landorus|flinch\n|\n|upkeep\n|turn|8\n|c|\u2606Skullemojiskull|AYOOOO\n|\n|t:|1700800894\n|move|p2a: Jughead|Dark Pulse|p1a: Landorus\n|-damage|p1a: Landorus|0 fnt\n|faint|p1a: Landorus\n|\n|-fieldend|move: Electric Terrain\n|-end|p2a: Jughead|Quark Drive\n|upkeep\n|c|\u2606J4Z0N|fuckin\n|c|\u2606J4Z0N|bullshit\n|\n|t:|1700800907\n|switch|p1a: Chandelure|Chandelure, F|100\/100\n|turn|9\n|c|\u2606Skullemojiskull|Frfr\n|\n|t:|1700800917\n|move|p2a: Jughead|Dark Pulse|p1a: Chandelure\n|-supereffective|p1a: Chandelure\n|-damage|p1a: Chandelure|0 fnt\n|faint|p1a: Chandelure\n|\n|upkeep\n|\n|t:|1700800922\n|switch|p1a: Haxorus|Haxorus, M|100\/100\n|-ability|p1a: Haxorus|Mold Breaker\n|turn|10\n|\n|t:|1700800931\n|move|p2a: Jughead|Dark Pulse|p1a: Haxorus\n|-damage|p1a: Haxorus|0 fnt\n|faint|p1a: Haxorus\n|\n|win|Skullemojiskull\n|raw|J4Z0N's rating: 1147 &rarr; <strong>1128<\/strong><br \/>(-19 for losing)\n|raw|Skullemojiskull's rating: 1229 &rarr; <strong>1248<\/strong><br \/>(+19 for winning)\n|l|\u2606J4Z0N\n","uploadtime":1700800957,"views":5,"p1id":"j4z0n","p2id":"skullemojiskull","formatid":"gen9ou","rating":1128,"private":0,"password":""}