{"id":"gen9ou-1993173515","p1":"Cinny69","p2":"Asuka Supremacist","format":"[Gen 9] OU","log":"|j|\u2606Cinny69\n|j|\u2606Asuka Supremacist\n|t:|1700273759\n|gametype|singles\n|player|p1|Cinny69|rika|1408\n|player|p2|Asuka Supremacist|candice|1334\n|teamsize|p1|6\n|teamsize|p2|6\n|gen|9\n|tier|[Gen 9] OU\n|rated|\n|rule|Sleep Clause Mod: Limit one foe put to sleep\n|rule|Species Clause: Limit one of each Pok\u00e9mon\n|rule|OHKO Clause: OHKO moves are banned\n|rule|Evasion Items Clause: Evasion items are banned\n|rule|Evasion Moves Clause: Evasion moves are banned\n|rule|Endless Battle Clause: Forcing endless battles is banned\n|rule|HP Percentage Mod: HP is shown in percentages\n|clearpoke\n|poke|p1|Samurott-Hisui, F|\n|poke|p1|Great Tusk|\n|poke|p1|Iron Valiant|\n|poke|p1|Gholdengo|\n|poke|p1|Ceruledge, F|\n|poke|p1|Enamorus, F|\n|poke|p2|Alomomola, M|\n|poke|p2|Garchomp, F|\n|poke|p2|Gholdengo|\n|poke|p2|Clefable, M|\n|poke|p2|Okidogi, M|\n|poke|p2|Iron Valiant|\n|teampreview\n|inactive|Battle timer is ON: inactive players will automatically lose when time's up. (requested by Cinny69)\n|\n|t:|1700273774\n|start\n|switch|p1a: Enamorus|Enamorus, F|100\/100\n|switch|p2a: Iron Valiant|Iron Valiant|100\/100\n|turn|1\n|\n|t:|1700273782\n|-end|p2a: Iron Valiant|Quark Drive|[silent]\n|switch|p2a: Gholdengo|Gholdengo|100\/100\n|move|p1a: Enamorus|Draining Kiss|p2a: Gholdengo\n|-resisted|p2a: Gholdengo\n|-damage|p2a: Gholdengo|91\/100\n|\n|-heal|p2a: Gholdengo|97\/100|[from] item: Leftovers\n|upkeep\n|turn|2\n|\n|t:|1700273791\n|move|p1a: Enamorus|Calm Mind|p1a: Enamorus\n|-boost|p1a: Enamorus|spa|1\n|-boost|p1a: Enamorus|spd|1\n|move|p2a: Gholdengo|Thunder Wave|p1a: Enamorus\n|-status|p1a: Enamorus|par\n|\n|-heal|p2a: Gholdengo|100\/100|[from] item: Leftovers\n|upkeep\n|turn|3\n|\n|t:|1700273810\n|move|p2a: Gholdengo|Hex|p1a: Enamorus\n|-damage|p1a: Enamorus|42\/100 par\n|move|p1a: Enamorus|Earth Power|p2a: Gholdengo\n|-supereffective|p2a: Gholdengo\n|-damage|p2a: Gholdengo|35\/100\n|\n|-heal|p2a: Gholdengo|41\/100|[from] item: Leftovers\n|upkeep\n|turn|4\n|\n|t:|1700273820\n|move|p2a: Gholdengo|Recover|p2a: Gholdengo\n|-heal|p2a: Gholdengo|91\/100\n|move|p1a: Enamorus|Mystical Fire|p2a: Gholdengo\n|-supereffective|p2a: Gholdengo\n|-damage|p2a: Gholdengo|35\/100\n|-unboost|p2a: Gholdengo|spa|1\n|\n|-heal|p2a: Gholdengo|41\/100|[from] item: Leftovers\n|upkeep\n|turn|5\n|\n|t:|1700273837\n|switch|p2a: Okidogi|Okidogi, M|100\/100\n|move|p1a: Enamorus|Earth Power|p2a: Okidogi\n|-supereffective|p2a: Okidogi\n|-damage|p2a: Okidogi|28\/100\n|\n|-heal|p2a: Okidogi|34\/100|[from] item: Leftovers\n|upkeep\n|turn|6\n|\n|t:|1700273846\n|move|p2a: Okidogi|Poison Jab|p1a: Enamorus\n|-supereffective|p1a: Enamorus\n|-damage|p1a: Enamorus|0 fnt\n|-start|p2a: Okidogi|Attract|[from] ability: Cute Charm|[of] p1a: Enamorus\n|faint|p1a: Enamorus\n|-end|p2a: Okidogi|Attract|[silent]\n|\n|-heal|p2a: Okidogi|40\/100|[from] item: Leftovers\n|upkeep\n|\n|t:|1700273867\n|switch|p1a: Samurott|Samurott-Hisui, F, shiny|100\/100\n|turn|7\n|\n|t:|1700273873\n|switch|p2a: Garchomp|Garchomp, F|100\/100\n|move|p1a: Samurott|Razor Shell|p2a: Garchomp\n|-damage|p2a: Garchomp|68\/100\n|-damage|p1a: Samurott|88\/100|[from] ability: Rough Skin|[of] p2a: Garchomp\n|-damage|p1a: Samurott|72\/100|[from] item: Rocky Helmet|[of] p2a: Garchomp\n|\n|upkeep\n|turn|8\n|\n|t:|1700273882\n|switch|p1a: Great Tusk|Great Tusk, shiny|100\/100\n|move|p2a: Garchomp|Spikes|p1a: Great Tusk\n|-sidestart|p1: Cinny69|Spikes\n|\n|upkeep\n|turn|9\n|\n|t:|1700273889\n|move|p1a: Great Tusk|Ice Spinner|p2a: Garchomp\n|-supereffective|p2a: Garchomp\n|-damage|p2a: Garchomp|13\/100\n|-damage|p1a: Great Tusk|88\/100|[from] ability: Rough Skin|[of] p2a: Garchomp\n|-damage|p1a: Great Tusk|71\/100|[from] item: Rocky Helmet|[of] p2a: Garchomp\n|move|p2a: Garchomp|Dragon Tail|p1a: Great Tusk|[miss]\n|-miss|p2a: Garchomp|p1a: Great Tusk\n|\n|upkeep\n|turn|10\n|\n|t:|1700273905\n|move|p2a: Garchomp|Spikes|p1a: Great Tusk\n|-sidestart|p1: Cinny69|Spikes\n|move|p1a: Great Tusk|Rapid Spin|p2a: Garchomp\n|-damage|p2a: Garchomp|4\/100\n|-boost|p1a: Great Tusk|spe|1\n|-damage|p1a: Great Tusk|59\/100|[from] ability: Rough Skin|[of] p2a: Garchomp\n|-damage|p1a: Great Tusk|42\/100|[from] item: Rocky Helmet|[of] p2a: Garchomp\n|-sideend|p1: Cinny69|Spikes|[from] move: Rapid Spin|[of] p1a: Great Tusk\n|\n|upkeep\n|turn|11\n|\n|t:|1700273914\n|move|p1a: Great Tusk|Rapid Spin|p2a: Garchomp\n|-damage|p2a: Garchomp|0 fnt\n|-boost|p1a: Great Tusk|spe|1\n|-damage|p1a: Great Tusk|30\/100|[from] ability: Rough Skin|[of] p2a: Garchomp\n|-damage|p1a: Great Tusk|13\/100|[from] item: Rocky Helmet|[of] p2a: Garchomp\n|faint|p2a: Garchomp\n|\n|upkeep\n|\n|t:|1700273918\n|switch|p2a: Clefable|Clefable, M|100\/100\n|turn|12\n|\n|t:|1700273925\n|move|p1a: Great Tusk|Headlong Rush|p2a: Clefable\n|-damage|p2a: Clefable|62\/100\n|-unboost|p1a: Great Tusk|def|1\n|-unboost|p1a: Great Tusk|spd|1\n|move|p2a: Clefable|Moonblast|p1a: Great Tusk\n|-supereffective|p1a: Great Tusk\n|-damage|p1a: Great Tusk|0 fnt\n|faint|p1a: Great Tusk\n|-end|p1a: Great Tusk|Protosynthesis|[silent]\n|\n|upkeep\n|\n|t:|1700273935\n|switch|p1a: Gholdengo|Gholdengo|100\/100\n|-item|p1a: Gholdengo|Air Balloon\n|turn|13\n|inactive|Asuka Supremacist has 120 seconds left.\n|\n|t:|1700273983\n|switch|p2a: Okidogi|Okidogi, M|40\/100\n|move|p1a: Gholdengo|Nasty Plot|p1a: Gholdengo\n|-boost|p1a: Gholdengo|spa|2\n|\n|-heal|p2a: Okidogi|47\/100|[from] item: Leftovers\n|upkeep\n|turn|14\n|\n|t:|1700273993\n|move|p1a: Gholdengo|Shadow Ball|p2a: Okidogi\n|-damage|p2a: Okidogi|0 fnt\n|faint|p2a: Okidogi\n|\n|upkeep\n|\n|t:|1700274002\n|switch|p2a: Iron Valiant|Iron Valiant|100\/100\n|turn|15\n|\n|t:|1700274006\n|move|p2a: Iron Valiant|Knock Off|p1a: Gholdengo\n|-supereffective|p1a: Gholdengo\n|-crit|p1a: Gholdengo\n|-damage|p1a: Gholdengo|7\/100\n|-enditem|p1a: Gholdengo|Air Balloon\n|move|p1a: Gholdengo|Shadow Ball|p2a: Iron Valiant\n|-damage|p2a: Iron Valiant|0 fnt\n|faint|p2a: Iron Valiant\n|-end|p2a: Iron Valiant|Quark Drive|[silent]\n|\n|upkeep\n|-message|Asuka Supremacist forfeited.\n|\n|win|Cinny69\n|raw|Cinny69's rating: 1408 &rarr; <strong>1424<\/strong><br \/>(+16 for winning)\n|raw|Asuka Supremacist's rating: 1334 &rarr; <strong>1318<\/strong><br \/>(-16 for losing)\n|l|\u2606Asuka Supremacist\n","uploadtime":1700274021,"views":22,"p1id":"cinny69","p2id":"asukasupremacist","formatid":"gen9ou","rating":1318,"private":0,"password":""}