{"id":"gen9ou-1993926788","p1":"feeble fences","p2":"Nokolico","format":"[Gen 9] OU","log":"|j|\u2606feeble fences\n|j|\u2606Nokolico\n|t:|1700376763\n|gametype|singles\n|player|p1|feeble fences|265|1078\n|player|p2|Nokolico|riley|1038\n|teamsize|p1|6\n|teamsize|p2|6\n|gen|9\n|tier|[Gen 9] OU\n|rated|\n|rule|Sleep Clause Mod: Limit one foe put to sleep\n|rule|Species Clause: Limit one of each Pok\u00e9mon\n|rule|OHKO Clause: OHKO moves are banned\n|rule|Evasion Items Clause: Evasion items are banned\n|rule|Evasion Moves Clause: Evasion moves are banned\n|rule|Endless Battle Clause: Forcing endless battles is banned\n|rule|HP Percentage Mod: HP is shown in percentages\n|clearpoke\n|poke|p1|Iron Valiant|\n|poke|p1|Alomomola, F|\n|poke|p1|Gholdengo|\n|poke|p1|Glimmora, F|\n|poke|p1|Great Tusk|\n|poke|p1|Ninetales-Alola, F|\n|poke|p2|Samurott-Hisui, M|\n|poke|p2|Cinderace, M|\n|poke|p2|Dragonite, F|\n|poke|p2|Ogerpon-Wellspring, F|\n|poke|p2|Slowking-Galar, F|\n|poke|p2|Enamorus, F|\n|teampreview\n|\n|t:|1700376769\n|start\n|switch|p1a: Glimmora|Glimmora, F|100\/100\n|switch|p2a: Samurott|Samurott-Hisui, M|100\/100\n|turn|1\n|\n|t:|1700376776\n|move|p2a: Samurott|Aqua Jet|p1a: Glimmora\n|-supereffective|p1a: Glimmora\n|-damage|p1a: Glimmora|54\/100\n|-activate|p1a: Glimmora|ability: Toxic Debris\n|-sidestart|p2: Nokolico|move: Toxic Spikes\n|move|p1a: Glimmora|Stealth Rock|p2a: Samurott\n|-sidestart|p2: Nokolico|move: Stealth Rock\n|\n|upkeep\n|turn|2\n|\n|t:|1700376788\n|move|p2a: Samurott|Aqua Jet|p1a: Glimmora\n|-supereffective|p1a: Glimmora\n|-damage|p1a: Glimmora|10\/100\n|-activate|p1a: Glimmora|ability: Toxic Debris\n|-sidestart|p2: Nokolico|move: Toxic Spikes\n|move|p1a: Glimmora|Spikes|p2a: Samurott\n|-sidestart|p2: Nokolico|Spikes\n|\n|upkeep\n|turn|3\n|\n|t:|1700376798\n|move|p2a: Samurott|Aqua Jet|p1a: Glimmora\n|-supereffective|p1a: Glimmora\n|-damage|p1a: Glimmora|0 fnt\n|faint|p1a: Glimmora\n|\n|upkeep\n|\n|t:|1700376818\n|switch|p1a: Great Tusk|Great Tusk|100\/100\n|-enditem|p1a: Great Tusk|Booster Energy\n|-activate|p1a: Great Tusk|ability: Protosynthesis|[fromitem]\n|-start|p1a: Great Tusk|protosynthesisatk\n|turn|4\n|\n|t:|1700376825\n|move|p2a: Samurott|Knock Off|p1a: Great Tusk\n|-resisted|p1a: Great Tusk\n|-damage|p1a: Great Tusk|91\/100\n|move|p1a: Great Tusk|Headlong Rush|p2a: Samurott\n|-damage|p2a: Samurott|10\/100\n|-unboost|p1a: Great Tusk|def|1\n|-unboost|p1a: Great Tusk|spd|1\n|\n|upkeep\n|turn|5\n|\n|t:|1700376853\n|move|p2a: Samurott|Surf|p1a: Great Tusk\n|-supereffective|p1a: Great Tusk\n|-damage|p1a: Great Tusk|0 fnt\n|faint|p1a: Great Tusk\n|-end|p1a: Great Tusk|Protosynthesis|[silent]\n|\n|upkeep\n|\n|t:|1700376863\n|switch|p1a: Ninetales|Ninetales-Alola, F|100\/100\n|-weather|Snow|[from] ability: Snow Warning|[of] p1a: Ninetales\n|turn|6\n|\n|t:|1700376869\n|move|p1a: Ninetales|Aurora Veil|p1a: Ninetales\n|-sidestart|p1: feeble fences|move: Aurora Veil\n|move|p2a: Samurott|Knock Off|p1a: Ninetales\n|-resisted|p1a: Ninetales\n|-damage|p1a: Ninetales|92\/100\n|-enditem|p1a: Ninetales|Light Clay|[from] move: Knock Off|[of] p2a: Samurott\n|\n|-weather|Snow|[upkeep]\n|upkeep\n|turn|7\n|\n|t:|1700376880\n|move|p1a: Ninetales|Freeze-Dry|p2a: Samurott\n|-supereffective|p2a: Samurott\n|-damage|p2a: Samurott|0 fnt\n|faint|p2a: Samurott\n|\n|-weather|Snow|[upkeep]\n|upkeep\n|\n|t:|1700376888\n|switch|p2a: Cinderace|Cinderace, M|100\/100\n|turn|8\n|\n|t:|1700376902\n|move|p2a: Cinderace|Court Change|p2a: Cinderace\n|-swapsideconditions\n|-activate|p2a: Cinderace|move: Court Change\n|move|p1a: Ninetales|Encore|p2a: Cinderace\n|-start|p2a: Cinderace|Encore\n|\n|-weather|Snow|[upkeep]\n|upkeep\n|turn|9\n|\n|t:|1700376915\n|switch|p2a: Dragonite|Dragonite, F|100\/100\n|switch|p1a: Iron Valiant|Iron Valiant|100\/100\n|-status|p1a: Iron Valiant|tox\n|-damage|p1a: Iron Valiant|94\/100 tox|[from] Stealth Rock\n|-damage|p1a: Iron Valiant|82\/100 tox|[from] Spikes\n|-enditem|p1a: Iron Valiant|Booster Energy\n|-activate|p1a: Iron Valiant|ability: Quark Drive|[fromitem]\n|-start|p1a: Iron Valiant|quarkdrivespe\n|\n|-weather|Snow|[upkeep]\n|-damage|p1a: Iron Valiant|76\/100 tox|[from] psn\n|upkeep\n|turn|10\n|\n|t:|1700376934\n|move|p1a: Iron Valiant|Swords Dance|p1a: Iron Valiant\n|-boost|p1a: Iron Valiant|atk|2\n|move|p2a: Dragonite|Earthquake|p1a: Iron Valiant\n|-damage|p1a: Iron Valiant|25\/100 tox\n|\n|-weather|none\n|-damage|p1a: Iron Valiant|13\/100 tox|[from] psn\n|upkeep\n|turn|11\n|\n|t:|1700376945\n|move|p2a: Dragonite|Extreme Speed|p1a: Iron Valiant\n|-damage|p1a: Iron Valiant|0 fnt\n|faint|p1a: Iron Valiant\n|-end|p1a: Iron Valiant|Quark Drive|[silent]\n|\n|upkeep\n|-message|feeble fences forfeited.\n|\n|win|Nokolico\n|raw|feeble fences's rating: 1078 &rarr; <strong>1054<\/strong><br \/>(-24 for losing)\n|raw|Nokolico's rating: 1038 &rarr; <strong>1076<\/strong><br \/>(+38 for winning)\n|l|\u2606feeble fences\n","uploadtime":1700376990,"views":25,"p1id":"feeblefences","p2id":"nokolico","formatid":"gen9ou","rating":1054,"private":0,"password":""}