{"id":"gen9ou-1995285640","p1":"Aarin248","p2":"boltaway","format":"[Gen 9] OU","log":"|j|\u2606Aarin248\n|j|\u203dboltaway\n|t:|1700546932\n|gametype|singles\n|player|p1|Aarin248|101|1268\n|player|p2|boltaway|nemona-s|1354\n|teamsize|p1|6\n|teamsize|p2|6\n|gen|9\n|tier|[Gen 9] OU\n|rated|\n|rule|Sleep Clause Mod: Limit one foe put to sleep\n|rule|Species Clause: Limit one of each Pok\u00e9mon\n|rule|OHKO Clause: OHKO moves are banned\n|rule|Evasion Items Clause: Evasion items are banned\n|rule|Evasion Moves Clause: Evasion moves are banned\n|rule|Endless Battle Clause: Forcing endless battles is banned\n|rule|HP Percentage Mod: HP is shown in percentages\n|clearpoke\n|poke|p1|Ninetales-Alola, M|\n|poke|p1|Slowking-Galar, M|\n|poke|p1|Iron Valiant|\n|poke|p1|Dragapult, F|\n|poke|p1|Heatran, M|\n|poke|p1|Cetitan, M|\n|poke|p2|Magnezone|\n|poke|p2|Cinderace, M|\n|poke|p2|Zapdos|\n|poke|p2|Slowking-Galar, F|\n|poke|p2|Landorus-Therian, M|\n|poke|p2|Rillaboom, F|\n|teampreview\n|inactive|Battle timer is ON: inactive players will automatically lose when time's up. (requested by boltaway)\n|\n|t:|1700546941\n|start\n|switch|p1a: Dragapult|Dragapult, F|100\/100\n|switch|p2a: Cinderace|Cinderace, M|100\/100\n|turn|1\n|\n|t:|1700546954\n|switch|p2a: Zapdos|Zapdos|100\/100\n|move|p1a: Dragapult|Draco Meteor|p2a: Zapdos\n|-damage|p2a: Zapdos|17\/100\n|-unboost|p1a: Dragapult|spa|2\n|\n|upkeep\n|turn|2\n|\n|t:|1700546964\n|switch|p2a: Slowking|Slowking-Galar, F|100\/100\n|move|p1a: Dragapult|Draco Meteor|p2a: Slowking\n|-damage|p2a: Slowking|76\/100\n|-unboost|p1a: Dragapult|spa|2\n|\n|upkeep\n|turn|3\n|\n|t:|1700546976\n|switch|p1a: Heatran|Heatran, M|100\/100\n|move|p2a: Slowking|Future Sight|p1a: Heatran\n|-start|p2a: Slowking|move: Future Sight\n|\n|upkeep\n|turn|4\n|\n|t:|1700546985\n|move|p1a: Heatran|Magma Storm|p2a: Slowking\n|-damage|p2a: Slowking|49\/100\n|-activate|p2a: Slowking|move: Magma Storm|[of] p1a: Heatran\n|move|p2a: Slowking|Chilly Reception|p2a: Slowking\n|-weather|Snow\n|\n|t:|1700546992\n|switch|p2a: Landorus|Landorus-Therian, M|100\/100|[from] Chilly Reception\n|-ability|p2a: Landorus|Intimidate|boost\n|-unboost|p1a: Heatran|atk|1\n|\n|-weather|Snow|[upkeep]\n|upkeep\n|turn|5\n|\n|t:|1700547011\n|-terastallize|p1a: Heatran|Flying\n|move|p2a: Landorus|Sandsear Storm|p1a: Heatran\n|-immune|p1a: Heatran\n|move|p1a: Heatran|Will-O-Wisp|p2a: Landorus\n|-status|p2a: Landorus|brn\n|\n|-weather|Snow|[upkeep]\n|-end|p1a: Heatran|move: Future Sight\n|-damage|p1a: Heatran|74\/100\n|-heal|p1a: Heatran|80\/100|[from] item: Leftovers\n|-damage|p2a: Landorus|95\/100 brn|[from] brn\n|upkeep\n|turn|6\n|\n|t:|1700547028\n|move|p2a: Landorus|Stealth Rock|p1a: Heatran\n|-sidestart|p1: Aarin248|move: Stealth Rock\n|move|p1a: Heatran|Magma Storm|p2a: Landorus\n|-damage|p2a: Landorus|37\/100 brn\n|-activate|p2a: Landorus|move: Magma Storm|[of] p1a: Heatran\n|\n|-weather|Snow|[upkeep]\n|-heal|p2a: Landorus|43\/100 brn|[from] item: Leftovers\n|-heal|p1a: Heatran|86\/100|[from] item: Leftovers\n|-damage|p2a: Landorus|37\/100 brn|[from] brn\n|-damage|p2a: Landorus|25\/100 brn|[from] move: Magma Storm|[partiallytrapped]\n|upkeep\n|turn|7\n|\n|t:|1700547042\n|move|p2a: Landorus|U-turn|p1a: Heatran\n|-resisted|p1a: Heatran\n|-damage|p1a: Heatran|82\/100\n|\n|t:|1700547046\n|switch|p2a: Slowking|Slowking-Galar, F|82\/100|[from] U-turn\n|move|p1a: Heatran|Stealth Rock|p2a: Slowking\n|-sidestart|p2: boltaway|move: Stealth Rock\n|\n|-weather|Snow|[upkeep]\n|-heal|p1a: Heatran|88\/100|[from] item: Leftovers\n|upkeep\n|turn|8\n|\n|t:|1700547060\n|move|p1a: Heatran|Earth Power|p2a: Slowking\n|-supereffective|p2a: Slowking\n|-damage|p2a: Slowking|54\/100\n|move|p2a: Slowking|Future Sight|p1a: Heatran\n|-start|p2a: Slowking|move: Future Sight\n|\n|-weather|none\n|-heal|p1a: Heatran|94\/100|[from] item: Leftovers\n|upkeep\n|turn|9\n|\n|t:|1700547072\n|move|p1a: Heatran|Magma Storm|p2a: Slowking\n|-damage|p2a: Slowking|26\/100\n|-activate|p2a: Slowking|move: Magma Storm|[of] p1a: Heatran\n|move|p2a: Slowking|Chilly Reception|p2a: Slowking\n|-weather|Snow\n|\n|t:|1700547078\n|switch|p2a: Zapdos|Zapdos|17\/100|[from] Chilly Reception\n|\n|-weather|Snow|[upkeep]\n|-heal|p1a: Heatran|99\/100|[from] item: Leftovers\n|upkeep\n|turn|10\n|\n|t:|1700547085\n|switch|p1a: Slowking|Slowking-Galar, M|100\/100\n|-damage|p1a: Slowking|88\/100|[from] Stealth Rock\n|move|p2a: Zapdos|Roost|p2a: Zapdos\n|-heal|p2a: Zapdos|68\/100\n|-singleturn|p2a: Zapdos|move: Roost\n|\n|-weather|Snow|[upkeep]\n|-end|p1a: Slowking|move: Future Sight\n|-damage|p1a: Slowking|52\/100\n|-heal|p1a: Slowking|58\/100|[from] item: Black Sludge\n|upkeep\n|turn|11\n|\n|t:|1700547110\n|move|p2a: Zapdos|Volt Switch|p1a: Slowking\n|-damage|p1a: Slowking|36\/100\n|\n|t:|1700547114\n|switch|p2a: Cinderace|Cinderace, M|100\/100|[from] Volt Switch\n|move|p1a: Slowking|Chilly Reception|p1a: Slowking\n|\n|t:|1700547127\n|switch|p1a: Dragapult|Dragapult, F|100\/100|[from] Chilly Reception\n|-damage|p1a: Dragapult|88\/100|[from] Stealth Rock\n|\n|-weather|Snow|[upkeep]\n|upkeep\n|turn|12\n|\n|t:|1700547138\n|switch|p2a: Magnezone|Magnezone|100\/100\n|-damage|p2a: Magnezone|94\/100|[from] Stealth Rock\n|move|p1a: Dragapult|Shadow Ball|p2a: Magnezone\n|-damage|p2a: Magnezone|29\/100\n|-unboost|p2a: Magnezone|spd|1\n|\n|-weather|Snow|[upkeep]\n|upkeep\n|turn|13\n|\n|t:|1700547158\n|move|p1a: Dragapult|Shadow Ball|p2a: Magnezone\n|-crit|p2a: Magnezone\n|-damage|p2a: Magnezone|0 fnt\n|faint|p2a: Magnezone\n|\n|-weather|none\n|upkeep\n|\n|t:|1700547162\n|switch|p2a: Rillaboom|Rillaboom, F|100\/100\n|-damage|p2a: Rillaboom|88\/100|[from] Stealth Rock\n|-fieldstart|move: Grassy Terrain|[from] ability: Grassy Surge|[of] p2a: Rillaboom\n|turn|14\n|\n|t:|1700547178\n|switch|p1a: Ninetales|Ninetales-Alola, M|100\/100\n|-damage|p1a: Ninetales|76\/100|[from] Stealth Rock\n|-weather|Snow|[from] ability: Snow Warning|[of] p1a: Ninetales\n|-terastallize|p2a: Rillaboom|Grass\n|move|p2a: Rillaboom|Wood Hammer|p1a: Ninetales\n|-damage|p1a: Ninetales|0 fnt\n|faint|p1a: Ninetales\n|-damage|p2a: Rillaboom|64\/100|[from] Recoil\n|-damage|p2a: Rillaboom|54\/100|[from] item: Life Orb\n|\n|-weather|Snow|[upkeep]\n|-heal|p2a: Rillaboom|60\/100|[from] Grassy Terrain\n|upkeep\n|inactive|Aarin248 has 120 seconds left.\n|inactive|Aarin248 has 90 seconds left.\n|\n|t:|1700547227\n|switch|p1a: Heatran|Heatran, M, tera:Flying|99\/100\n|-damage|p1a: Heatran|75\/100|[from] Stealth Rock\n|turn|15\n|inactive|Aarin248 has 90 seconds left.\n|\n|t:|1700547249\n|move|p2a: Rillaboom|Wood Hammer|p1a: Heatran\n|-resisted|p1a: Heatran\n|-damage|p1a: Heatran|14\/100\n|-damage|p2a: Rillaboom|38\/100|[from] Recoil\n|-damage|p2a: Rillaboom|28\/100|[from] item: Life Orb\n|move|p1a: Heatran|Magma Storm|p2a: Rillaboom|[miss]\n|-miss|p1a: Heatran|p2a: Rillaboom\n|\n|-weather|Snow|[upkeep]\n|-heal|p2a: Rillaboom|35\/100|[from] Grassy Terrain\n|-heal|p1a: Heatran|20\/100|[from] item: Leftovers\n|upkeep\n|turn|16\n|inactive|Aarin248 has 90 seconds left.\n|\n|t:|1700547265\n|switch|p1a: Slowking|Slowking-Galar, M|69\/100\n|-damage|p1a: Slowking|57\/100|[from] Stealth Rock\n|move|p2a: Rillaboom|Grassy Glide|p1a: Slowking\n|-resisted|p1a: Slowking\n|-damage|p1a: Slowking|27\/100\n|-damage|p2a: Rillaboom|25\/100|[from] item: Life Orb\n|\n|-weather|Snow|[upkeep]\n|-heal|p2a: Rillaboom|31\/100|[from] Grassy Terrain\n|-heal|p1a: Slowking|34\/100|[from] Grassy Terrain\n|-heal|p1a: Slowking|40\/100|[from] item: Black Sludge\n|upkeep\n|turn|17\n|inactive|Aarin248 has 90 seconds left.\n|inactive|boltaway has 120 seconds left.\n|\n|t:|1700547280\n|switch|p1a: Heatran|Heatran, M, tera:Flying|20\/100\n|-damage|p1a: Heatran|0 fnt|[from] Stealth Rock\n|faint|p1a: Heatran\n|move|p2a: Rillaboom|Wood Hammer|p1: Heatran|[notarget]\n|-fail|p2a: Rillaboom\n|\n|-weather|Snow|[upkeep]\n|-heal|p2a: Rillaboom|37\/100|[from] Grassy Terrain\n|upkeep\n|inactive|Aarin248 has 90 seconds left.\n|inactive|Aarin248 has 60 seconds left.\n|\n|t:|1700547316\n|switch|p1a: Dragapult|Dragapult, F|88\/100\n|-damage|p1a: Dragapult|76\/100|[from] Stealth Rock\n|turn|18\n|\n|t:|1700547323\n|switch|p2a: Landorus|Landorus-Therian, M|25\/100 brn\n|-damage|p2a: Landorus|12\/100 brn|[from] Stealth Rock\n|-ability|p2a: Landorus|Intimidate|boost\n|-unboost|p1a: Dragapult|atk|1\n|move|p1a: Dragapult|Shadow Ball|p2a: Landorus\n|-damage|p2a: Landorus|0 fnt\n|faint|p2a: Landorus\n|\n|-weather|none\n|-heal|p1a: Dragapult|82\/100|[from] Grassy Terrain\n|-fieldend|move: Grassy Terrain\n|upkeep\n|\n|t:|1700547332\n|switch|p2a: Zapdos|Zapdos|68\/100\n|turn|19\n|\n|t:|1700547342\n|switch|p1a: Slowking|Slowking-Galar, M|73\/100\n|-damage|p1a: Slowking|61\/100|[from] Stealth Rock\n|move|p2a: Zapdos|Roost|p2a: Zapdos\n|-heal|p2a: Zapdos|100\/100\n|-singleturn|p2a: Zapdos|move: Roost\n|\n|-heal|p1a: Slowking|67\/100|[from] item: Black Sludge\n|upkeep\n|turn|20\n|\n|t:|1700547355\n|move|p2a: Zapdos|Volt Switch|p1a: Slowking\n|-damage|p1a: Slowking|44\/100\n|\n|t:|1700547359\n|switch|p2a: Slowking|Slowking-Galar, F|59\/100|[from] Volt Switch\n|move|p1a: Slowking|Chilly Reception|p1a: Slowking\n|-weather|Snow\n|inactive|Aarin248 has 60 seconds left.\n|\n|t:|1700547386\n|switch|p1a: Cetitan|Cetitan, M|100\/100|[from] Chilly Reception\n|-damage|p1a: Cetitan|76\/100|[from] Stealth Rock\n|\n|-weather|Snow|[upkeep]\n|upkeep\n|turn|21\n|inactive|Aarin248 has 60 seconds left.\n|\n|t:|1700547403\n|move|p1a: Cetitan|Belly Drum|p1a: Cetitan\n|-damage|p1a: Cetitan|26\/100\n|-setboost|p1a: Cetitan|atk|6|[from] move: Belly Drum\n|-enditem|p1a: Cetitan|Sitrus Berry|[eat]\n|-heal|p1a: Cetitan|50\/100|[from] item: Sitrus Berry\n|move|p2a: Slowking|Future Sight|p1a: Cetitan\n|-start|p2a: Slowking|move: Future Sight\n|\n|-weather|Snow|[upkeep]\n|upkeep\n|turn|22\n|inactive|Aarin248 has 60 seconds left.\n|inactive|boltaway has 120 seconds left.\n|\n|t:|1700547437\n|move|p1a: Cetitan|Ice Spinner|p2a: Slowking\n|-damage|p2a: Slowking|0 fnt\n|faint|p2a: Slowking\n|\n|-weather|Snow|[upkeep]\n|upkeep\n|inactive|boltaway has 120 seconds left.\n|\n|t:|1700547454\n|switch|p2a: Cinderace|Cinderace, M|100\/100\n|turn|23\n|inactive|Aarin248 has 60 seconds left.\n|\n|t:|1700547466\n|move|p1a: Cetitan|Ice Spinner|p2a: Cinderace\n|-resisted|p2a: Cinderace\n|-damage|p2a: Cinderace|0 fnt\n|faint|p2a: Cinderace\n|\n|-weather|Snow|[upkeep]\n|-end|p1a: Cetitan|move: Future Sight\n|-damage|p1a: Cetitan|0 fnt\n|faint|p1a: Cetitan\n|upkeep\n|inactive|Aarin248 has 60 seconds left.\n|\n|t:|1700547489\n|switch|p2a: Zapdos|Zapdos|100\/100\n|switch|p1a: Dragapult|Dragapult, F|82\/100\n|-damage|p1a: Dragapult|70\/100|[from] Stealth Rock\n|turn|24\n|\n|t:|1700547496\n|move|p1a: Dragapult|Draco Meteor|p2a: Zapdos|[miss]\n|-miss|p1a: Dragapult|p2a: Zapdos\n|move|p2a: Zapdos|Hurricane|p1a: Dragapult\n|-damage|p1a: Dragapult|10\/100\n|\n|-weather|none\n|upkeep\n|turn|25\n|\n|t:|1700547504\n|move|p1a: Dragapult|Draco Meteor|p2a: Zapdos\n|-damage|p2a: Zapdos|15\/100\n|-unboost|p1a: Dragapult|spa|2\n|move|p2a: Zapdos|Roost|p2a: Zapdos\n|-heal|p2a: Zapdos|65\/100\n|-singleturn|p2a: Zapdos|move: Roost\n|\n|upkeep\n|turn|26\n|inactive|Aarin248 has 60 seconds left.\n|\n|t:|1700547513\n|move|p1a: Dragapult|Draco Meteor|p2a: Zapdos\n|-damage|p2a: Zapdos|26\/100\n|-unboost|p1a: Dragapult|spa|2\n|move|p2a: Zapdos|Roost|p2a: Zapdos\n|-heal|p2a: Zapdos|76\/100\n|-singleturn|p2a: Zapdos|move: Roost\n|\n|upkeep\n|turn|27\n|inactive|Aarin248 has 60 seconds left.\n|\n|t:|1700547524\n|switch|p1a: Slowking|Slowking-Galar, M|77\/100\n|-damage|p1a: Slowking|64\/100|[from] Stealth Rock\n|move|p2a: Zapdos|Volt Switch|p1a: Slowking\n|-damage|p1a: Slowking|41\/100\n|\n|t:|1700547527\n|switch|p2a: Rillaboom|Rillaboom, F, tera:Grass|37\/100|[from] Volt Switch\n|-damage|p2a: Rillaboom|25\/100|[from] Stealth Rock\n|-fieldstart|move: Grassy Terrain|[from] ability: Grassy Surge|[of] p2a: Rillaboom\n|\n|-heal|p2a: Rillaboom|31\/100|[from] Grassy Terrain\n|-heal|p1a: Slowking|48\/100|[from] Grassy Terrain\n|-heal|p1a: Slowking|54\/100|[from] item: Black Sludge\n|upkeep\n|turn|28\n|\n|t:|1700547541\n|switch|p1a: Dragapult|Dragapult, F|10\/100\n|-damage|p1a: Dragapult|0 fnt|[from] Stealth Rock\n|faint|p1a: Dragapult\n|move|p2a: Rillaboom|Wood Hammer|p1: Dragapult|[notarget]\n|-fail|p2a: Rillaboom\n|\n|-heal|p2a: Rillaboom|37\/100|[from] Grassy Terrain\n|upkeep\n|\n|t:|1700547550\n|switch|p1a: Slowking|Slowking-Galar, M|87\/100\n|-damage|p1a: Slowking|75\/100|[from] Stealth Rock\n|turn|29\n|\n|t:|1700547556\n|move|p2a: Rillaboom|Wood Hammer|p1a: Slowking\n|-resisted|p1a: Slowking\n|-damage|p1a: Slowking|10\/100\n|-damage|p2a: Rillaboom|13\/100|[from] Recoil\n|-damage|p2a: Rillaboom|3\/100|[from] item: Life Orb\n|move|p1a: Slowking|Sludge Bomb|p2a: Rillaboom\n|-supereffective|p2a: Rillaboom\n|-damage|p2a: Rillaboom|0 fnt\n|faint|p2a: Rillaboom\n|\n|-heal|p1a: Slowking|17\/100|[from] Grassy Terrain\n|-heal|p1a: Slowking|23\/100|[from] item: Black Sludge\n|upkeep\n|\n|t:|1700547565\n|switch|p2a: Zapdos|Zapdos|76\/100\n|turn|30\n|\n|t:|1700547587\n|switch|p1a: Iron Valiant|Iron Valiant|100\/100\n|-damage|p1a: Iron Valiant|94\/100|[from] Stealth Rock\n|-enditem|p1a: Iron Valiant|Booster Energy\n|-activate|p1a: Iron Valiant|ability: Quark Drive|[fromitem]\n|-start|p1a: Iron Valiant|quarkdrivespe\n|move|p2a: Zapdos|Hurricane|p1a: Iron Valiant\n|-supereffective|p1a: Iron Valiant\n|-damage|p1a: Iron Valiant|0 fnt\n|faint|p1a: Iron Valiant\n|-end|p1a: Iron Valiant|Quark Drive|[silent]\n|\n|upkeep\n|inactive|Aarin248 has 60 seconds left.\n|\n|t:|1700547598\n|switch|p1a: Slowking|Slowking-Galar, M|56\/100\n|-damage|p1a: Slowking|44\/100|[from] Stealth Rock\n|turn|31\n|\n|t:|1700547604\n|move|p2a: Zapdos|Hurricane|p1a: Slowking\n|-damage|p1a: Slowking|5\/100\n|move|p1a: Slowking|Sludge Bomb|p2a: Zapdos\n|-damage|p2a: Zapdos|36\/100\n|\n|-heal|p1a: Slowking|11\/100|[from] Grassy Terrain\n|-heal|p1a: Slowking|17\/100|[from] item: Black Sludge\n|-fieldend|move: Grassy Terrain\n|upkeep\n|turn|32\n|\n|t:|1700547623\n|move|p2a: Zapdos|Volt Switch|p1a: Slowking\n|-damage|p1a: Slowking|0 fnt\n|faint|p1a: Slowking\n|\n|win|boltaway\n|raw|Aarin248's rating: 1268 &rarr; <strong>1249<\/strong><br \/>(-19 for losing)\n|raw|boltaway's rating: 1354 &rarr; <strong>1369<\/strong><br \/>(+15 for winning)\n|l|\u2606Aarin248\n","uploadtime":1700547634,"views":2,"p1id":"aarin248","p2id":"boltaway","formatid":"gen9ou","rating":1249,"private":0,"password":""}