{"id":"gen9ou-1990312795","p1":"ShadowB2W2","p2":"SemS1510","format":"[Gen 9] OU","log":"|j|\u2606ShadowB2W2\n|j|\u2606SemS1510\n|t:|1699955121\n|gametype|singles\n|player|p1|ShadowB2W2|nate|1075\n|player|p2|SemS1510|101|1031\n|teamsize|p1|6\n|teamsize|p2|6\n|gen|9\n|tier|[Gen 9] OU\n|rated|\n|rule|Sleep Clause Mod: Limit one foe put to sleep\n|rule|Species Clause: Limit one of each Pok\u00e9mon\n|rule|OHKO Clause: OHKO moves are banned\n|rule|Evasion Items Clause: Evasion items are banned\n|rule|Evasion Moves Clause: Evasion moves are banned\n|rule|Endless Battle Clause: Forcing endless battles is banned\n|rule|HP Percentage Mod: HP is shown in percentages\n|clearpoke\n|poke|p1|Goodra-Hisui, F|\n|poke|p1|Ribombee, F|\n|poke|p1|Haunter, M|\n|poke|p1|Arbok, F|\n|poke|p1|Delphox, F|\n|poke|p1|Snorlax, M|\n|poke|p2|Great Tusk|\n|poke|p2|Alomomola, M|\n|poke|p2|Zapdos|\n|poke|p2|Ceruledge, M|\n|poke|p2|Rillaboom, M|\n|poke|p2|Gholdengo|\n|teampreview\n|\n|t:|1699955140\n|start\n|switch|p1a: Arbok|Arbok, F|100\/100\n|switch|p2a: Great Tusk|Great Tusk|100\/100\n|-ability|p1a: Arbok|Intimidate|boost\n|-unboost|p2a: Great Tusk|atk|1\n|-enditem|p2a: Great Tusk|Booster Energy\n|-activate|p2a: Great Tusk|ability: Protosynthesis|[fromitem]\n|-start|p2a: Great Tusk|protosynthesisspe\n|turn|1\n|inactive|Battle timer is ON: inactive players will automatically lose when time's up. (requested by SemS1510)\n|\n|t:|1699955170\n|switch|p1a: Haunter|Haunter, M|100\/100\n|move|p2a: Great Tusk|Earthquake|p1a: Haunter\n|-immune|p1a: Haunter|[from] ability: Levitate\n|\n|upkeep\n|turn|2\n|inactive|SemS1510 has 120 seconds left.\n|\n|t:|1699955211\n|-end|p2a: Great Tusk|Protosynthesis|[silent]\n|switch|p2a: Gholdengo|Gholdengo|100\/100\n|-item|p2a: Gholdengo|Air Balloon\n|move|p1a: Haunter|Dazzling Gleam|p2a: Gholdengo\n|-resisted|p2a: Gholdengo\n|-damage|p2a: Gholdengo|87\/100\n|-enditem|p2a: Gholdengo|Air Balloon\n|\n|upkeep\n|turn|3\n|\n|t:|1699955226\n|move|p1a: Haunter|Poltergeist||[still]\n|-fail|p1a: Haunter\n|move|p2a: Gholdengo|Nasty Plot|p2a: Gholdengo\n|-boost|p2a: Gholdengo|spa|2\n|\n|upkeep\n|turn|4\n|\n|t:|1699955249\n|move|p1a: Haunter|Destiny Bond|p1a: Haunter\n|-singlemove|p1a: Haunter|Destiny Bond\n|move|p2a: Gholdengo|Shadow Ball|p1a: Haunter\n|-supereffective|p1a: Haunter\n|-enditem|p1a: Haunter|Focus Sash\n|-damage|p1a: Haunter|1\/100\n|\n|upkeep\n|turn|5\n|\n|t:|1699955262\n|move|p1a: Haunter|Destiny Bond||[still]\n|-fail|p1a: Haunter\n|move|p2a: Gholdengo|Nasty Plot|p2a: Gholdengo\n|-boost|p2a: Gholdengo|spa|2\n|\n|upkeep\n|turn|6\n|\n|t:|1699955270\n|move|p1a: Haunter|Destiny Bond|p1a: Haunter\n|-singlemove|p1a: Haunter|Destiny Bond\n|move|p2a: Gholdengo|Shadow Ball|p1a: Haunter\n|-supereffective|p1a: Haunter\n|-damage|p1a: Haunter|0 fnt\n|faint|p1a: Haunter\n|-activate|p1a: Haunter|move: Destiny Bond\n|faint|p2a: Gholdengo\n|\n|upkeep\n|inactive|SemS1510 has 120 seconds left.\n|inactive|ShadowB2W2 has 120 seconds left.\n|\n|t:|1699955319\n|switch|p1a: Arbok|Arbok, F|100\/100\n|switch|p2a: Zapdos|Zapdos|100\/100\n|-ability|p1a: Arbok|Intimidate|boost\n|-unboost|p2a: Zapdos|atk|1\n|turn|7\n|inactive|SemS1510 has 90 seconds left.\n|inactive|ShadowB2W2 has 90 seconds left.\n|\n|t:|1699955358\n|switch|p1a: Goodra|Goodra-Hisui, F|100\/100\n|move|p2a: Zapdos|Volt Switch|p1a: Goodra\n|-resisted|p1a: Goodra\n|-damage|p1a: Goodra|93\/100\n|inactive|SemS1510 has 90 seconds left.\n|\n|t:|1699955381\n|switch|p2a: Great Tusk|Great Tusk|100\/100|[from] Volt Switch\n|\n|upkeep\n|turn|8\n|inactive|ShadowB2W2 has 90 seconds left.\n|\n|t:|1699955404\n|move|p2a: Great Tusk|Ice Spinner|p1a: Goodra\n|-damage|p1a: Goodra|64\/100\n|-ability|p1a: Goodra|Gooey\n|-unboost|p2a: Great Tusk|spe|1\n|move|p1a: Goodra|Ice Beam|p2a: Great Tusk\n|-supereffective|p2a: Great Tusk\n|-damage|p2a: Great Tusk|10\/100\n|\n|upkeep\n|turn|9\n|inactive|ShadowB2W2 has 90 seconds left.\n|inactive|SemS1510 has 90 seconds left.\n|\n|t:|1699955439\n|-terastallize|p2a: Great Tusk|Ground\n|move|p2a: Great Tusk|Headlong Rush|p1a: Goodra\n|-supereffective|p1a: Goodra\n|-damage|p1a: Goodra|0 fnt\n|-unboost|p2a: Great Tusk|def|1\n|-unboost|p2a: Great Tusk|spd|1\n|-ability|p1a: Goodra|Gooey\n|-unboost|p2a: Great Tusk|spe|1\n|faint|p1a: Goodra\n|\n|upkeep\n|inactive|ShadowB2W2 has 60 seconds left.\n|\n|t:|1699955460\n|switch|p1a: Delphox|Delphox, F, shiny|100\/100\n|turn|10\n|\n|t:|1699955467\n|move|p1a: Delphox|Psyshock|p2a: Great Tusk\n|-damage|p2a: Great Tusk|0 fnt\n|faint|p2a: Great Tusk\n|-end|p2a: Great Tusk|Protosynthesis|[silent]\n|\n|upkeep\n|\n|t:|1699955488\n|switch|p2a: Ceruledge|Ceruledge, M|100\/100\n|turn|11\n|inactive|ShadowB2W2 has 60 seconds left.\n|\n|t:|1699955501\n|switch|p1a: Snorlax|Snorlax, M|100\/100\n|move|p2a: Ceruledge|Poltergeist|p1a: Snorlax\n|-immune|p1a: Snorlax\n|\n|upkeep\n|turn|12\n|inactive|ShadowB2W2 has 60 seconds left.\n|\n|t:|1699955516\n|move|p2a: Ceruledge|Swords Dance|p2a: Ceruledge\n|-boost|p2a: Ceruledge|atk|2\n|move|p1a: Snorlax|Earthquake|p2a: Ceruledge\n|-supereffective|p2a: Ceruledge\n|-enditem|p2a: Ceruledge|Focus Sash\n|-damage|p2a: Ceruledge|1\/100\n|\n|upkeep\n|turn|13\n|inactive|ShadowB2W2 has 60 seconds left.\n|\n|t:|1699955526\n|move|p2a: Ceruledge|Bitter Blade|p1a: Snorlax\n|-damage|p1a: Snorlax|55\/100\n|-heal|p2a: Ceruledge|42\/100|[from] drain|[of] p1a: Snorlax\n|move|p1a: Snorlax|Earthquake|p2a: Ceruledge\n|-supereffective|p2a: Ceruledge\n|-damage|p2a: Ceruledge|0 fnt\n|faint|p2a: Ceruledge\n|\n|upkeep\n|\n|t:|1699955535\n|switch|p2a: Rillaboom|Rillaboom, M|100\/100\n|-fieldstart|move: Grassy Terrain|[from] ability: Grassy Surge|[of] p2a: Rillaboom\n|turn|14\n|\n|t:|1699955544\n|move|p2a: Rillaboom|Knock Off|p1a: Snorlax\n|-damage|p1a: Snorlax|6\/100\n|-enditem|p1a: Snorlax|Heavy-Duty Boots|[from] move: Knock Off|[of] p2a: Rillaboom\n|move|p1a: Snorlax|Body Slam|p2a: Rillaboom\n|-damage|p2a: Rillaboom|57\/100\n|\n|-heal|p2a: Rillaboom|63\/100|[from] Grassy Terrain\n|-heal|p1a: Snorlax|12\/100|[from] Grassy Terrain\n|upkeep\n|turn|15\n|\n|t:|1699955555\n|move|p2a: Rillaboom|Knock Off|p1a: Snorlax\n|-damage|p1a: Snorlax|0 fnt\n|faint|p1a: Snorlax\n|\n|-heal|p2a: Rillaboom|69\/100|[from] Grassy Terrain\n|upkeep\n|\n|t:|1699955572\n|switch|p1a: Arbok|Arbok, F|100\/100\n|-ability|p1a: Arbok|Intimidate|boost\n|-unboost|p2a: Rillaboom|atk|1\n|turn|16\n|inactive|SemS1510 has 90 seconds left.\n|\n|t:|1699955581\n|switch|p2a: Alomomola|Alomomola, M|100\/100\n|move|p1a: Arbok|Glare|p2a: Alomomola\n|-status|p2a: Alomomola|par\n|\n|upkeep\n|turn|17\n|inactive|SemS1510 has 90 seconds left.\n|\n|t:|1699955594\n|move|p1a: Arbok|Trailblaze|p2a: Alomomola\n|-supereffective|p2a: Alomomola\n|-damage|p2a: Alomomola|83\/100 par\n|-boost|p1a: Arbok|spe|1\n|move|p2a: Alomomola|Wish|p2a: Alomomola\n|\n|-heal|p2a: Alomomola|89\/100 par|[from] Grassy Terrain\n|upkeep\n|turn|18\n|\n|t:|1699955604\n|move|p1a: Arbok|Trailblaze|p2a: Alomomola\n|-supereffective|p2a: Alomomola\n|-damage|p2a: Alomomola|70\/100 par\n|-boost|p1a: Arbok|spe|1\n|cant|p2a: Alomomola|par\n|\n|-heal|p2a: Alomomola|100\/100 par|[from] move: Wish|[wisher] Alomomola\n|-fieldend|move: Grassy Terrain\n|upkeep\n|turn|19\n|\n|t:|1699955619\n|move|p1a: Arbok|Trailblaze|p2a: Alomomola\n|-supereffective|p2a: Alomomola\n|-damage|p2a: Alomomola|86\/100 par\n|-boost|p1a: Arbok|spe|1\n|move|p2a: Alomomola|Wish|p2a: Alomomola\n|\n|upkeep\n|turn|20\n|\n|t:|1699955641\n|move|p1a: Arbok|Trailblaze|p2a: Alomomola\n|-supereffective|p2a: Alomomola\n|-damage|p2a: Alomomola|71\/100 par\n|-boost|p1a: Arbok|spe|1\n|move|p2a: Alomomola|Chilling Water|p1a: Arbok\n|-damage|p1a: Arbok|87\/100\n|-unboost|p1a: Arbok|atk|1\n|\n|-heal|p2a: Alomomola|100\/100 par|[from] move: Wish|[wisher] Alomomola\n|upkeep\n|turn|21\n|\n|t:|1699955654\n|switch|p1a: Ribombee|Ribombee, F|100\/100\n|move|p2a: Alomomola|Chilling Water|p1a: Ribombee\n|-damage|p1a: Ribombee|84\/100\n|\n|upkeep\n|turn|22\n|\n|t:|1699955664\n|move|p1a: Ribombee|Quiver Dance|p1a: Ribombee\n|-boost|p1a: Ribombee|spa|1\n|-boost|p1a: Ribombee|spd|1\n|-boost|p1a: Ribombee|spe|1\n|move|p2a: Alomomola|Flip Turn|p1a: Ribombee\n|-damage|p1a: Ribombee|50\/100\n|\n|t:|1699955670\n|switch|p2a: Zapdos|Zapdos|100\/100|[from] Flip Turn\n|\n|upkeep\n|turn|23\n|\n|t:|1699955678\n|move|p1a: Ribombee|Moonblast|p2a: Zapdos\n|-damage|p2a: Zapdos|39\/100\n|move|p2a: Zapdos|Volt Switch|p1a: Ribombee\n|-damage|p1a: Ribombee|13\/100\n|\n|t:|1699955685\n|switch|p2a: Alomomola|Alomomola, M|100\/100 par|[from] Volt Switch\n|\n|upkeep\n|turn|24\n|\n|t:|1699955689\n|move|p1a: Ribombee|Grass Knot|p2a: Alomomola\n|-supereffective|p2a: Alomomola\n|-damage|p2a: Alomomola|39\/100 par\n|cant|p2a: Alomomola|par\n|\n|upkeep\n|turn|25\n|\n|t:|1699955695\n|move|p2a: Alomomola|Protect|p2a: Alomomola\n|-singleturn|p2a: Alomomola|Protect\n|move|p1a: Ribombee|Grass Knot|p2a: Alomomola\n|-activate|p2a: Alomomola|move: Protect\n|\n|upkeep\n|turn|26\n|\n|t:|1699955702\n|switch|p2a: Rillaboom|Rillaboom, M|69\/100\n|-fieldstart|move: Grassy Terrain|[from] ability: Grassy Surge|[of] p2a: Rillaboom\n|move|p1a: Ribombee|Grass Knot|p2a: Rillaboom\n|-resisted|p2a: Rillaboom\n|-damage|p2a: Rillaboom|38\/100\n|\n|-heal|p1a: Ribombee|19\/100|[from] Grassy Terrain\n|-heal|p2a: Rillaboom|44\/100|[from] Grassy Terrain\n|upkeep\n|turn|27\n|\n|t:|1699955713\n|move|p1a: Ribombee|Grass Knot|p2a: Rillaboom\n|-resisted|p2a: Rillaboom\n|-damage|p2a: Rillaboom|11\/100\n|move|p2a: Rillaboom|U-turn|p1a: Ribombee\n|-resisted|p1a: Ribombee\n|-damage|p1a: Ribombee|0 fnt\n|faint|p1a: Ribombee\n|\n|t:|1699955719\n|switch|p2a: Alomomola|Alomomola, M|72\/100 par|[from] U-turn\n|\n|-heal|p2a: Alomomola|78\/100 par|[from] Grassy Terrain\n|upkeep\n|\n|t:|1699955726\n|switch|p1a: Delphox|Delphox, F, shiny|100\/100\n|turn|28\n|inactive|ShadowB2W2 has 120 seconds left.\n|\n|t:|1699955733\n|-terastallize|p1a: Delphox|Psychic\n|move|p1a: Delphox|Psyshock|p2a: Alomomola\n|-damage|p2a: Alomomola|52\/100 par\n|move|p2a: Alomomola|Flip Turn|p1a: Delphox\n|-damage|p1a: Delphox|76\/100\n|\n|t:|1699955746\n|switch|p2a: Rillaboom|Rillaboom, M|11\/100|[from] Flip Turn\n|\n|-heal|p1a: Delphox|83\/100|[from] Grassy Terrain\n|-heal|p2a: Rillaboom|17\/100|[from] Grassy Terrain\n|upkeep\n|turn|29\n|\n|t:|1699955753\n|move|p1a: Delphox|Flamethrower|p2a: Rillaboom\n|-supereffective|p2a: Rillaboom\n|-damage|p2a: Rillaboom|0 fnt\n|faint|p2a: Rillaboom\n|\n|-heal|p1a: Delphox|89\/100|[from] Grassy Terrain\n|upkeep\n|\n|t:|1699955759\n|switch|p2a: Zapdos|Zapdos|39\/100\n|turn|30\n|\n|t:|1699955766\n|move|p1a: Delphox|Flamethrower|p2a: Zapdos\n|-damage|p2a: Zapdos|0 fnt\n|faint|p2a: Zapdos\n|\n|-heal|p1a: Delphox|95\/100|[from] Grassy Terrain\n|-fieldend|move: Grassy Terrain\n|upkeep\n|\n|t:|1699955771\n|switch|p2a: Alomomola|Alomomola, M|86\/100 par\n|turn|31\n|\n|t:|1699955782\n|move|p1a: Delphox|Psyshock|p2a: Alomomola\n|-damage|p2a: Alomomola|60\/100 par\n|move|p2a: Alomomola|Wish|p2a: Alomomola\n|\n|upkeep\n|turn|32\n|\n|t:|1699955787\n|move|p2a: Alomomola|Protect|p2a: Alomomola\n|-singleturn|p2a: Alomomola|Protect\n|move|p1a: Delphox|Wish|p1a: Delphox\n|\n|-heal|p2a: Alomomola|100\/100 par|[from] move: Wish|[wisher] Alomomola\n|upkeep\n|turn|33\n|\n|t:|1699955793\n|move|p1a: Delphox|Psyshock|p2a: Alomomola\n|-damage|p2a: Alomomola|72\/100 par\n|cant|p2a: Alomomola|par\n|\n|-heal|p1a: Delphox|100\/100|[from] move: Wish|[wisher] Delphox\n|upkeep\n|turn|34\n|\n|t:|1699955800\n|move|p1a: Delphox|Psyshock|p2a: Alomomola\n|-damage|p2a: Alomomola|43\/100 par\n|move|p2a: Alomomola|Wish|p2a: Alomomola\n|\n|upkeep\n|turn|35\n|\n|t:|1699955805\n|move|p2a: Alomomola|Protect|p2a: Alomomola\n|-singleturn|p2a: Alomomola|Protect\n|move|p1a: Delphox|Psyshock|p2a: Alomomola\n|-activate|p2a: Alomomola|move: Protect\n|\n|-heal|p2a: Alomomola|93\/100 par|[from] move: Wish|[wisher] Alomomola\n|upkeep\n|turn|36\n|\n|t:|1699955813\n|move|p1a: Delphox|Psyshock|p2a: Alomomola\n|-damage|p2a: Alomomola|65\/100 par\n|move|p2a: Alomomola|Chilling Water|p1a: Delphox\n|-damage|p1a: Delphox|91\/100\n|-unboost|p1a: Delphox|atk|1\n|\n|upkeep\n|turn|37\n|\n|t:|1699955820\n|move|p1a: Delphox|Psyshock|p2a: Alomomola\n|-damage|p2a: Alomomola|36\/100 par\n|move|p2a: Alomomola|Wish|p2a: Alomomola\n|\n|upkeep\n|turn|38\n|\n|t:|1699955826\n|cant|p2a: Alomomola|par\n|move|p1a: Delphox|Psyshock|p2a: Alomomola\n|-damage|p2a: Alomomola|10\/100 par\n|\n|-heal|p2a: Alomomola|60\/100 par|[from] move: Wish|[wisher] Alomomola\n|upkeep\n|turn|39\n|\n|t:|1699955832\n|move|p1a: Delphox|Psyshock|p2a: Alomomola\n|-damage|p2a: Alomomola|35\/100 par\n|move|p2a: Alomomola|Wish|p2a: Alomomola\n|\n|upkeep\n|turn|40\n|\n|t:|1699955837\n|cant|p2a: Alomomola|par\n|move|p1a: Delphox|Psyshock|p2a: Alomomola\n|-damage|p2a: Alomomola|9\/100 par\n|\n|-heal|p2a: Alomomola|59\/100 par|[from] move: Wish|[wisher] Alomomola\n|upkeep\n|turn|41\n|-message|SemS1510 forfeited.\n|\n|win|ShadowB2W2\n|raw|ShadowB2W2's rating: 1075 &rarr; <strong>1100<\/strong><br \/>(+25 for winning)\n|raw|SemS1510's rating: 1031 &rarr; <strong>1018<\/strong><br \/>(-13 for losing)\n|l|\u2606SemS1510\n","uploadtime":1699955856,"views":11,"p1id":"shadowb2w2","p2id":"sems1510","formatid":"gen9ou","rating":1018,"private":0,"password":""}