{"id":"gen9ou-1997457175","p1":"ShaggySniper","p2":"VikontAlu","format":"[Gen 9] OU","log":"|j|\u2606ShaggySniper\n|j|\u2606VikontAlu\n|t:|1700808630\n|gametype|singles\n|player|p1|ShaggySniper|101|1102\n|player|p2|VikontAlu|266|1124\n|teamsize|p1|6\n|teamsize|p2|6\n|gen|9\n|tier|[Gen 9] OU\n|rated|\n|rule|Sleep Clause Mod: Limit one foe put to sleep\n|rule|Species Clause: Limit one of each Pok\u00e9mon\n|rule|OHKO Clause: OHKO moves are banned\n|rule|Evasion Items Clause: Evasion items are banned\n|rule|Evasion Moves Clause: Evasion moves are banned\n|rule|Endless Battle Clause: Forcing endless battles is banned\n|rule|HP Percentage Mod: HP is shown in percentages\n|clearpoke\n|poke|p1|Typhlosion, M|\n|poke|p1|Slowking, F|\n|poke|p1|Tyranitar, M|\n|poke|p1|Scizor, F|\n|poke|p1|Forretress, F|\n|poke|p1|Piloswine, M|\n|poke|p2|Garganacl, F|\n|poke|p2|Great Tusk|\n|poke|p2|Gholdengo|\n|poke|p2|Iron Valiant|\n|poke|p2|Dragonite, F|\n|poke|p2|Zapdos|\n|teampreview\n|inactive|Battle timer is ON: inactive players will automatically lose when time's up. (requested by ShaggySniper)\n|\n|t:|1700808662\n|start\n|switch|p1a: Typhlosion|Typhlosion, M|100\/100\n|switch|p2a: HE IS HIM|Garganacl, F|100\/100\n|turn|1\n|\n|t:|1700808668\n|-terastallize|p2a: HE IS HIM|Water\n|move|p1a: Typhlosion|Eruption|p2a: HE IS HIM\n|-resisted|p2a: HE IS HIM\n|-damage|p2a: HE IS HIM|73\/100\n|move|p2a: HE IS HIM|Salt Cure|p1a: Typhlosion\n|-supereffective|p1a: Typhlosion\n|-damage|p1a: Typhlosion|64\/100\n|-start|p1a: Typhlosion|Salt Cure\n|\n|-heal|p2a: HE IS HIM|79\/100|[from] item: Leftovers\n|-damage|p1a: Typhlosion|52\/100|[from] Salt Cure\n|upkeep\n|turn|2\n|inactive|ShaggySniper has 120 seconds left.\n|\n|t:|1700808701\n|switch|p1a: Scizor|Scizor, F|100\/100\n|move|p2a: HE IS HIM|Salt Cure|p1a: Scizor\n|-damage|p1a: Scizor|86\/100\n|-start|p1a: Scizor|Salt Cure\n|\n|-heal|p2a: HE IS HIM|85\/100|[from] item: Leftovers\n|-damage|p1a: Scizor|61\/100|[from] Salt Cure\n|upkeep\n|turn|3\n|\n|t:|1700808711\n|switch|p2a: Zapppiii!!|Zapdos|100\/100\n|move|p1a: Scizor|U-turn|p2a: Zapppiii!!\n|-resisted|p2a: Zapppiii!!\n|-damage|p2a: Zapppiii!!|69\/100\n|\n|t:|1700808719\n|switch|p1a: Piloswine|Piloswine, M|100\/100|[from] U-turn\n|\n|upkeep\n|turn|4\n|\n|t:|1700808738\n|move|p2a: Zapppiii!!|Heat Wave|p1a: Piloswine\n|-supereffective|p1a: Piloswine\n|-damage|p1a: Piloswine|76\/100\n|move|p1a: Piloswine|Stealth Rock|p2a: Zapppiii!!\n|-sidestart|p2: VikontAlu|move: Stealth Rock\n|\n|upkeep\n|turn|5\n|\n|t:|1700808751\n|switch|p2a: GOLDENGO|Gholdengo|100\/100\n|-damage|p2a: GOLDENGO|94\/100|[from] Stealth Rock\n|-item|p2a: GOLDENGO|Air Balloon\n|move|p1a: Piloswine|Avalanche|p2a: GOLDENGO\n|-resisted|p2a: GOLDENGO\n|-damage|p2a: GOLDENGO|84\/100\n|-enditem|p2a: GOLDENGO|Air Balloon\n|\n|upkeep\n|turn|6\n|\n|t:|1700808767\n|move|p2a: GOLDENGO|Make It Rain|p1a: Piloswine\n|-supereffective|p1a: Piloswine\n|-damage|p1a: Piloswine|0 fnt\n|-unboost|p2a: GOLDENGO|spa|1\n|faint|p1a: Piloswine\n|\n|upkeep\n|\n|t:|1700808777\n|switch|p1a: Typhlosion|Typhlosion, M|52\/100\n|turn|7\n|\n|t:|1700808793\n|switch|p2a: HE IS HIM|Garganacl, F, tera:Water|85\/100\n|-damage|p2a: HE IS HIM|73\/100|[from] Stealth Rock\n|move|p1a: Typhlosion|Shadow Ball|p2a: HE IS HIM\n|-crit|p2a: HE IS HIM\n|-damage|p2a: HE IS HIM|57\/100\n|\n|-heal|p2a: HE IS HIM|63\/100|[from] item: Leftovers\n|upkeep\n|turn|8\n|\n|t:|1700808807\n|switch|p1a: Forretress|Forretress, F|100\/100\n|move|p2a: HE IS HIM|Salt Cure|p1a: Forretress\n|-damage|p1a: Forretress|92\/100\n|-start|p1a: Forretress|Salt Cure\n|\n|-heal|p2a: HE IS HIM|69\/100|[from] item: Leftovers\n|-heal|p1a: Forretress|98\/100|[from] item: Leftovers\n|-damage|p1a: Forretress|73\/100|[from] Salt Cure\n|upkeep\n|turn|9\n|inactive|ShaggySniper has 120 seconds left.\n|\n|t:|1700808824\n|switch|p2a: Zapppiii!!|Zapdos|69\/100\n|move|p1a: Forretress|Body Press|p2a: Zapppiii!!\n|-resisted|p2a: Zapppiii!!\n|-damage|p2a: Zapppiii!!|53\/100\n|\n|-heal|p1a: Forretress|80\/100|[from] item: Leftovers\n|-damage|p1a: Forretress|55\/100|[from] Salt Cure\n|upkeep\n|turn|10\n|inactive|ShaggySniper has 120 seconds left.\n|\n|t:|1700808836\n|switch|p1a: Tyranitar|Tyranitar, M|100\/100\n|-weather|Sandstorm|[from] ability: Sand Stream|[of] p1a: Tyranitar\n|move|p2a: Zapppiii!!|Roost|p2a: Zapppiii!!\n|-heal|p2a: Zapppiii!!|100\/100\n|-singleturn|p2a: Zapppiii!!|move: Roost\n|\n|-weather|Sandstorm|[upkeep]\n|-damage|p2a: Zapppiii!!|94\/100|[from] Sandstorm\n|upkeep\n|turn|11\n|inactive|ShaggySniper has 120 seconds left.\n|inactive|VikontAlu has 120 seconds left.\n|\n|t:|1700808869\n|switch|p2a: Dragonite|Dragonite, F|100\/100\n|move|p1a: Tyranitar|Dragon Dance|p1a: Tyranitar\n|-boost|p1a: Tyranitar|atk|1\n|-boost|p1a: Tyranitar|spe|1\n|\n|-weather|Sandstorm|[upkeep]\n|-damage|p2a: Dragonite|94\/100|[from] Sandstorm\n|upkeep\n|turn|12\n|\n|t:|1700808878\n|move|p1a: Tyranitar|Knock Off|p2a: Dragonite\n|-damage|p2a: Dragonite|14\/100\n|-enditem|p2a: Dragonite|Heavy-Duty Boots|[from] move: Knock Off|[of] p1a: Tyranitar\n|move|p2a: Dragonite|Earthquake|p1a: Tyranitar\n|-supereffective|p1a: Tyranitar\n|-damage|p1a: Tyranitar|28\/100\n|\n|-weather|Sandstorm|[upkeep]\n|-damage|p2a: Dragonite|8\/100|[from] Sandstorm\n|upkeep\n|turn|13\n|\n|t:|1700808889\n|move|p2a: Dragonite|Extreme Speed|p1a: Tyranitar\n|-resisted|p1a: Tyranitar\n|-damage|p1a: Tyranitar|14\/100\n|-enditem|p1a: Tyranitar|Salac Berry|[eat]\n|-boost|p1a: Tyranitar|spe|1|[from] item: Salac Berry\n|move|p1a: Tyranitar|Knock Off|p2a: Dragonite\n|-damage|p2a: Dragonite|0 fnt\n|faint|p2a: Dragonite\n|\n|-weather|Sandstorm|[upkeep]\n|upkeep\n|inactive|VikontAlu has 120 seconds left.\n|\n|t:|1700808900\n|switch|p2a: HE IS HIM|Garganacl, F, tera:Water|69\/100\n|-damage|p2a: HE IS HIM|57\/100|[from] Stealth Rock\n|turn|14\n|\n|t:|1700808911\n|move|p1a: Tyranitar|Knock Off|p2a: HE IS HIM\n|-damage|p2a: HE IS HIM|16\/100\n|-enditem|p2a: HE IS HIM|Leftovers|[from] move: Knock Off|[of] p1a: Tyranitar\n|move|p2a: HE IS HIM|Recover|p2a: HE IS HIM\n|-heal|p2a: HE IS HIM|66\/100\n|\n|-weather|none\n|upkeep\n|turn|15\n|inactive|ShaggySniper has 120 seconds left.\n|\n|t:|1700808938\n|move|p1a: Tyranitar|Dragon Dance|p1a: Tyranitar\n|-boost|p1a: Tyranitar|atk|1\n|-boost|p1a: Tyranitar|spe|1\n|move|p2a: HE IS HIM|Salt Cure|p1a: Tyranitar\n|-damage|p1a: Tyranitar|2\/100\n|-start|p1a: Tyranitar|Salt Cure\n|\n|-damage|p1a: Tyranitar|0 fnt|[from] Salt Cure\n|faint|p1a: Tyranitar\n|upkeep\n|inactive|ShaggySniper has 120 seconds left.\n|c|\u2606VikontAlu|Why you use dragon dance lol\n|\n|t:|1700808955\n|switch|p1a: Typhlosion|Typhlosion, M|52\/100\n|turn|16\n|\n|t:|1700808960\n|-terastallize|p1a: Typhlosion|Electric\n|move|p1a: Typhlosion|Tera Blast|p2a: HE IS HIM|[anim] Tera Blast Electric\n|-supereffective|p2a: HE IS HIM\n|-damage|p2a: HE IS HIM|6\/100\n|move|p2a: HE IS HIM|Recover|p2a: HE IS HIM\n|-heal|p2a: HE IS HIM|56\/100\n|\n|upkeep\n|turn|17\n|inactive|ShaggySniper has 120 seconds left.\n|\n|t:|1700808973\n|switch|p1a: Scizor|Scizor, F|61\/100\n|switch|p2a: Zapppiii!!|Zapdos|94\/100\n|\n|upkeep\n|turn|18\n|inactive|ShaggySniper has 120 seconds left.\n|\n|t:|1700808985\n|move|p1a: Scizor|Bullet Punch|p2a: Zapppiii!!\n|-resisted|p2a: Zapppiii!!\n|-damage|p2a: Zapppiii!!|67\/100\n|move|p2a: Zapppiii!!|Heat Wave|p1a: Scizor\n|-supereffective|p1a: Scizor\n|-damage|p1a: Scizor|0 fnt\n|faint|p1a: Scizor\n|\n|upkeep\n|\n|t:|1700808989\n|switch|p1a: Slowking|Slowking, F|100\/100\n|turn|19\n|\n|t:|1700809005\n|move|p2a: Zapppiii!!|Discharge|p1a: Slowking\n|-supereffective|p1a: Slowking\n|-damage|p1a: Slowking|61\/100\n|move|p1a: Slowking|Scald|p2a: Zapppiii!!\n|-damage|p2a: Zapppiii!!|46\/100\n|\n|upkeep\n|turn|20\n|\n|t:|1700809013\n|move|p2a: Zapppiii!!|Roost|p2a: Zapppiii!!\n|-heal|p2a: Zapppiii!!|96\/100\n|-singleturn|p2a: Zapppiii!!|move: Roost\n|move|p1a: Slowking|Chilly Reception|p1a: Slowking\n|-weather|Snow\n|\n|t:|1700809023\n|switch|p1a: Typhlosion|Typhlosion, M, tera:Electric|52\/100|[from] Chilly Reception\n|\n|-weather|Snow|[upkeep]\n|upkeep\n|turn|21\n|l|\u2606VikontAlu\n|inactive|VikontAlu disconnected and has a minute to reconnect!\n|player|p2|\n|inactive|VikontAlu has 30 seconds to reconnect!\n|inactive|VikontAlu has 20 seconds to reconnect!\n|j|\u2606VikontAlu\n|inactive|VikontAlu reconnected and has 110 seconds left.\n|player|p2|VikontAlu|266\n|\n|t:|1700809067\n|switch|p2a: Great Tusk|Great Tusk|100\/100\n|move|p1a: Typhlosion|Flamethrower|p2a: Great Tusk\n|-damage|p2a: Great Tusk|41\/100\n|-status|p2a: Great Tusk|brn\n|\n|-weather|Snow|[upkeep]\n|-damage|p2a: Great Tusk|35\/100 brn|[from] brn\n|upkeep\n|turn|22\n|\n|t:|1700809083\n|move|p1a: Typhlosion|Flamethrower|p2a: Great Tusk\n|-damage|p2a: Great Tusk|0 fnt\n|faint|p2a: Great Tusk\n|-end|p2a: Great Tusk|Protosynthesis|[silent]\n|\n|-weather|Snow|[upkeep]\n|upkeep\n|\n|t:|1700809104\n|switch|p2a: Zapppiii!!|Zapdos|96\/100\n|turn|23\n|\n|t:|1700809123\n|move|p1a: Typhlosion|Flamethrower|p2a: Zapppiii!!\n|-damage|p2a: Zapppiii!!|66\/100\n|move|p2a: Zapppiii!!|Heat Wave|p1a: Typhlosion\n|-start|p1a: Typhlosion|ability: Flash Fire\n|\n|-weather|Snow|[upkeep]\n|upkeep\n|turn|24\n|\n|t:|1700809133\n|move|p1a: Typhlosion|Flamethrower|p2a: Zapppiii!!\n|-damage|p2a: Zapppiii!!|23\/100\n|move|p2a: Zapppiii!!|Roost|p2a: Zapppiii!!\n|-heal|p2a: Zapppiii!!|73\/100\n|-singleturn|p2a: Zapppiii!!|move: Roost\n|\n|-weather|none\n|upkeep\n|turn|25\n|\n|t:|1700809141\n|move|p1a: Typhlosion|Flamethrower|p2a: Zapppiii!!\n|-damage|p2a: Zapppiii!!|34\/100\n|move|p2a: Zapppiii!!|Discharge|p1a: Typhlosion\n|-resisted|p1a: Typhlosion\n|-damage|p1a: Typhlosion|28\/100\n|\n|upkeep\n|turn|26\n|\n|t:|1700809148\n|move|p1a: Typhlosion|Flamethrower|p2a: Zapppiii!!\n|-damage|p2a: Zapppiii!!|0 fnt\n|faint|p2a: Zapppiii!!\n|\n|upkeep\n|\n|t:|1700809156\n|switch|p2a: Iron Valiant|Iron Valiant|100\/100\n|turn|27\n|\n|t:|1700809167\n|move|p1a: Typhlosion|Flamethrower|p2a: Iron Valiant\n|-damage|p2a: Iron Valiant|0 fnt\n|faint|p2a: Iron Valiant\n|-end|p2a: Iron Valiant|Quark Drive|[silent]\n|\n|upkeep\n|\n|t:|1700809184\n|switch|p2a: HE IS HIM|Garganacl, F, tera:Water|56\/100\n|-damage|p2a: HE IS HIM|43\/100|[from] Stealth Rock\n|turn|28\n|\n|t:|1700809192\n|-end|p1a: Typhlosion|ability: Flash Fire|[silent]\n|switch|p1a: Forretress|Forretress, F|55\/100\n|move|p2a: HE IS HIM|Recover|p2a: HE IS HIM\n|-heal|p2a: HE IS HIM|93\/100\n|\n|-heal|p1a: Forretress|61\/100|[from] item: Leftovers\n|upkeep\n|turn|29\n|\n|t:|1700809200\n|move|p2a: HE IS HIM|Salt Cure|p1a: Forretress\n|-damage|p1a: Forretress|54\/100\n|-start|p1a: Forretress|Salt Cure\n|move|p1a: Forretress|Body Press|p2a: HE IS HIM\n|-damage|p2a: HE IS HIM|77\/100\n|\n|-heal|p1a: Forretress|60\/100|[from] item: Leftovers\n|-damage|p1a: Forretress|35\/100|[from] Salt Cure\n|upkeep\n|turn|30\n|\n|t:|1700809213\n|move|p2a: HE IS HIM|Curse|p2a: HE IS HIM\n|-unboost|p2a: HE IS HIM|spe|1\n|-boost|p2a: HE IS HIM|atk|1\n|-boost|p2a: HE IS HIM|def|1\n|move|p1a: Forretress|Body Press|p2a: HE IS HIM\n|-damage|p2a: HE IS HIM|66\/100\n|\n|-heal|p1a: Forretress|41\/100|[from] item: Leftovers\n|-damage|p1a: Forretress|17\/100|[from] Salt Cure\n|upkeep\n|turn|31\n|\n|t:|1700809222\n|move|p1a: Forretress|Body Press|p2a: HE IS HIM\n|-crit|p2a: HE IS HIM\n|-damage|p2a: HE IS HIM|39\/100\n|move|p2a: HE IS HIM|Curse|p2a: HE IS HIM\n|-unboost|p2a: HE IS HIM|spe|1\n|-boost|p2a: HE IS HIM|atk|1\n|-boost|p2a: HE IS HIM|def|1\n|\n|-heal|p1a: Forretress|23\/100|[from] item: Leftovers\n|-damage|p1a: Forretress|0 fnt|[from] Salt Cure\n|faint|p1a: Forretress\n|upkeep\n|\n|t:|1700809232\n|switch|p1a: Typhlosion|Typhlosion, M, tera:Electric|28\/100\n|turn|32\n|\n|t:|1700809241\n|move|p1a: Typhlosion|Tera Blast|p2a: HE IS HIM|[anim] Tera Blast Electric\n|-supereffective|p2a: HE IS HIM\n|-damage|p2a: HE IS HIM|0 fnt\n|faint|p2a: HE IS HIM\n|\n|upkeep\n|\n|t:|1700809246\n|switch|p2a: GOLDENGO|Gholdengo|84\/100\n|-damage|p2a: GOLDENGO|78\/100|[from] Stealth Rock\n|turn|33\n|c|\u2606ShaggySniper|U threw\n|\n|t:|1700809263\n|switch|p1a: Slowking|Slowking, F|94\/100\n|move|p2a: GOLDENGO|Shadow Ball|p1a: Slowking\n|-supereffective|p1a: Slowking\n|-damage|p1a: Slowking|52\/100\n|\n|upkeep\n|turn|34\n|\n|t:|1700809273\n|move|p2a: GOLDENGO|Recover|p2a: GOLDENGO\n|-heal|p2a: GOLDENGO|100\/100\n|move|p1a: Slowking|Scald|p2a: GOLDENGO\n|-damage|p2a: GOLDENGO|69\/100\n|\n|upkeep\n|turn|35\n|\n|t:|1700809279\n|move|p2a: GOLDENGO|Nasty Plot|p2a: GOLDENGO\n|-boost|p2a: GOLDENGO|spa|2\n|move|p1a: Slowking|Scald|p2a: GOLDENGO\n|-damage|p2a: GOLDENGO|36\/100\n|\n|upkeep\n|turn|36\n|\n|t:|1700809288\n|move|p2a: GOLDENGO|Recover|p2a: GOLDENGO\n|-heal|p2a: GOLDENGO|86\/100\n|move|p1a: Slowking|Scald|p2a: GOLDENGO\n|-damage|p2a: GOLDENGO|54\/100\n|\n|upkeep\n|turn|37\n|\n|t:|1700809296\n|move|p2a: GOLDENGO|Recover|p2a: GOLDENGO\n|-heal|p2a: GOLDENGO|100\/100\n|move|p1a: Slowking|Scald|p2a: GOLDENGO\n|-damage|p2a: GOLDENGO|72\/100\n|\n|upkeep\n|turn|38\n|\n|t:|1700809302\n|move|p2a: GOLDENGO|Shadow Ball|p1a: Slowking\n|-supereffective|p1a: Slowking\n|-damage|p1a: Slowking|0 fnt\n|faint|p1a: Slowking\n|\n|upkeep\n|\n|t:|1700809306\n|switch|p1a: Typhlosion|Typhlosion, M, tera:Electric|28\/100\n|turn|39\n|\n|t:|1700809311\n|move|p1a: Typhlosion|Flamethrower|p2a: GOLDENGO\n|-supereffective|p2a: GOLDENGO\n|-damage|p2a: GOLDENGO|0 fnt\n|faint|p2a: GOLDENGO\n|\n|win|ShaggySniper\n|raw|ShaggySniper's rating: 1102 &rarr; <strong>1129<\/strong><br \/>(+27 for winning)\n|raw|VikontAlu's rating: 1124 &rarr; <strong>1097<\/strong><br \/>(-27 for losing)\n","uploadtime":1700809317,"views":4,"p1id":"shaggysniper","p2id":"vikontalu","formatid":"gen9ou","rating":1097,"private":0,"password":""}