{"id":"gen9ou-1996481294","p1":"A8SV","p2":"ooj2","format":"[Gen 9] OU","log":"|j|\u2606A8SV\n|j|\u2606ooj2\n|t:|1700686203\n|gametype|singles\n|player|p1|A8SV|hugh|1564\n|player|p2|ooj2|psychicf-gen4|1507\n|teamsize|p1|6\n|teamsize|p2|6\n|gen|9\n|tier|[Gen 9] OU\n|rated|\n|rule|Sleep Clause Mod: Limit one foe put to sleep\n|rule|Species Clause: Limit one of each Pok\u00e9mon\n|rule|OHKO Clause: OHKO moves are banned\n|rule|Evasion Items Clause: Evasion items are banned\n|rule|Evasion Moves Clause: Evasion moves are banned\n|rule|Endless Battle Clause: Forcing endless battles is banned\n|rule|HP Percentage Mod: HP is shown in percentages\n|clearpoke\n|poke|p1|Kingambit, M|\n|poke|p1|Dragapult, F|\n|poke|p1|Great Tusk|\n|poke|p1|Gholdengo|\n|poke|p1|Ribombee, F|\n|poke|p1|Ogerpon-Wellspring, F|\n|poke|p2|Garganacl, M|\n|poke|p2|Kingambit, F|\n|poke|p2|Great Tusk|\n|poke|p2|Dragapult, M|\n|poke|p2|Iron Moth|\n|poke|p2|Rillaboom, F|\n|teampreview\n|inactive|Battle timer is ON: inactive players will automatically lose when time's up. (requested by ooj2)\n|\n|t:|1700686213\n|start\n|switch|p1a: Feeling slowed?|Ribombee, F|100\/100\n|switch|p2a: Garganacl|Garganacl, M, shiny|100\/100\n|turn|1\n|\n|t:|1700686218\n|move|p1a: Feeling slowed?|Sticky Web|p2a: Garganacl\n|-sidestart|p2: ooj2|move: Sticky Web\n|move|p2a: Garganacl|Stealth Rock|p1a: Feeling slowed?\n|-sidestart|p1: A8SV|move: Stealth Rock\n|\n|upkeep\n|turn|2\n|\n|t:|1700686221\n|move|p1a: Feeling slowed?|Skill Swap|p2a: Garganacl\n|-activate|p1a: Feeling slowed?|move: Skill Swap|Purifying Salt|Shield Dust|[of] p2a: Garganacl\n|move|p2a: Garganacl|Salt Cure|p1a: Feeling slowed?\n|-supereffective|p1a: Feeling slowed?\n|-damage|p1a: Feeling slowed?|45\/100\n|-start|p1a: Feeling slowed?|Salt Cure\n|\n|-damage|p1a: Feeling slowed?|33\/100|[from] Salt Cure\n|upkeep\n|turn|3\n|\n|t:|1700686227\n|move|p2a: Garganacl|Protect|p2a: Garganacl\n|-singleturn|p2a: Garganacl|Protect\n|move|p1a: Feeling slowed?|Stun Spore|p2a: Garganacl\n|-activate|p2a: Garganacl|move: Protect\n|\n|-damage|p1a: Feeling slowed?|20\/100|[from] Salt Cure\n|upkeep\n|turn|4\n|\n|t:|1700686229\n|switch|p2a: Rillaboom|Rillaboom, F|100\/100\n|-activate|p2a: Rillaboom|move: Sticky Web\n|-unboost|p2a: Rillaboom|spe|1\n|-fieldstart|move: Grassy Terrain|[from] ability: Grassy Surge|[of] p2a: Rillaboom\n|move|p1a: Feeling slowed?|Stun Spore|p2a: Rillaboom\n|-immune|p2a: Rillaboom\n|\n|-heal|p1a: Feeling slowed?|26\/100|[from] Grassy Terrain\n|-damage|p1a: Feeling slowed?|14\/100|[from] Salt Cure\n|upkeep\n|turn|5\n|\n|t:|1700686236\n|move|p2a: Rillaboom|Grassy Glide|p1a: Feeling slowed?\n|-resisted|p1a: Feeling slowed?\n|-damage|p1a: Feeling slowed?|0 fnt\n|faint|p1a: Feeling slowed?\n|\n|upkeep\n|\n|t:|1700686238\n|switch|p1a: Mrs. Versatile|Dragapult, F, shiny|100\/100\n|-damage|p1a: Mrs. Versatile|88\/100|[from] Stealth Rock\n|turn|6\n|\n|t:|1700686245\n|switch|p2a: Garganacl|Garganacl, M, shiny|100\/100\n|-activate|p2a: Garganacl|move: Sticky Web\n|-unboost|p2a: Garganacl|spe|1\n|move|p1a: Mrs. Versatile|Reflect|p1a: Mrs. Versatile\n|-sidestart|p1: A8SV|Reflect\n|\n|-heal|p1a: Mrs. Versatile|94\/100|[from] Grassy Terrain\n|upkeep\n|turn|7\n|\n|t:|1700686248\n|move|p1a: Mrs. Versatile|U-turn|p2a: Garganacl\n|-damage|p2a: Garganacl|87\/100\n|\n|t:|1700686250\n|switch|p1a: GLISCOR'S GONE|Great Tusk|100\/100|[from] U-turn\n|-damage|p1a: GLISCOR'S GONE|98\/100|[from] Stealth Rock\n|move|p2a: Garganacl|Salt Cure|p1a: GLISCOR'S GONE\n|-resisted|p1a: GLISCOR'S GONE\n|-damage|p1a: GLISCOR'S GONE|96\/100\n|-start|p1a: GLISCOR'S GONE|Salt Cure\n|\n|-heal|p1a: GLISCOR'S GONE|100\/100|[from] Grassy Terrain\n|-heal|p2a: Garganacl|94\/100|[from] Grassy Terrain\n|-heal|p2a: Garganacl|99\/100|[from] item: Leftovers\n|-damage|p1a: GLISCOR'S GONE|88\/100|[from] Salt Cure\n|upkeep\n|turn|8\n|\n|t:|1700686255\n|move|p2a: Garganacl|Protect|p2a: Garganacl\n|-singleturn|p2a: Garganacl|Protect\n|move|p1a: GLISCOR'S GONE|Rapid Spin|p2a: Garganacl\n|-activate|p2a: Garganacl|move: Protect\n|\n|-heal|p1a: GLISCOR'S GONE|94\/100|[from] Grassy Terrain\n|-heal|p2a: Garganacl|100\/100|[from] Grassy Terrain\n|-damage|p1a: GLISCOR'S GONE|82\/100|[from] Salt Cure\n|-fieldend|move: Grassy Terrain\n|upkeep\n|turn|9\n|\n|t:|1700686261\n|switch|p2a: Dragapult|Dragapult, M|100\/100\n|move|p1a: GLISCOR'S GONE|Knock Off|p2a: Dragapult\n|-supereffective|p2a: Dragapult\n|-damage|p2a: Dragapult|13\/100\n|-enditem|p2a: Dragapult|Heavy-Duty Boots|[from] move: Knock Off|[of] p1a: GLISCOR'S GONE\n|\n|-damage|p1a: GLISCOR'S GONE|70\/100|[from] Salt Cure\n|upkeep\n|turn|10\n|\n|t:|1700686267\n|-end|p1a: GLISCOR'S GONE|Protosynthesis|[silent]\n|switch|p1a: Mrs. Versatile|Dragapult, F, shiny|94\/100\n|-damage|p1a: Mrs. Versatile|82\/100|[from] Stealth Rock\n|move|p2a: Dragapult|Draco Meteor|p1a: Mrs. Versatile\n|-supereffective|p1a: Mrs. Versatile\n|-damage|p1a: Mrs. Versatile|0 fnt\n|-unboost|p2a: Dragapult|spa|2\n|faint|p1a: Mrs. Versatile\n|\n|upkeep\n|\n|t:|1700686275\n|switch|p1a: Sure?|Gholdengo|100\/100\n|-damage|p1a: Sure?|94\/100|[from] Stealth Rock\n|turn|11\n|\n|t:|1700686286\n|move|p2a: Dragapult|U-turn|p1a: Sure?\n|-resisted|p1a: Sure?\n|-damage|p1a: Sure?|90\/100\n|\n|t:|1700686294\n|switch|p2a: Rillaboom|Rillaboom, F|100\/100|[from] U-turn\n|-activate|p2a: Rillaboom|move: Sticky Web\n|-unboost|p2a: Rillaboom|spe|1\n|-fieldstart|move: Grassy Terrain|[from] ability: Grassy Surge|[of] p2a: Rillaboom\n|move|p1a: Sure?|Shadow Ball|p2a: Rillaboom\n|-damage|p2a: Rillaboom|14\/100\n|\n|-heal|p2a: Rillaboom|20\/100|[from] Grassy Terrain\n|-heal|p1a: Sure?|96\/100|[from] Grassy Terrain\n|upkeep\n|turn|12\n|\n|t:|1700686300\n|switch|p2a: Garganacl|Garganacl, M, shiny|100\/100\n|-activate|p2a: Garganacl|move: Sticky Web\n|-unboost|p2a: Garganacl|spe|1\n|move|p1a: Sure?|Shadow Ball|p2a: Garganacl\n|-damage|p2a: Garganacl|79\/100\n|\n|-heal|p1a: Sure?|100\/100|[from] Grassy Terrain\n|-heal|p2a: Garganacl|86\/100|[from] Grassy Terrain\n|-heal|p2a: Garganacl|92\/100|[from] item: Leftovers\n|upkeep\n|turn|13\n|\n|t:|1700686310\n|switch|p1a: GLISCOR'S GONE|Great Tusk|70\/100\n|-damage|p1a: GLISCOR'S GONE|67\/100|[from] Stealth Rock\n|move|p2a: Garganacl|Protect||[still]\n|-fail|p2a: Garganacl\n|\n|-heal|p1a: GLISCOR'S GONE|73\/100|[from] Grassy Terrain\n|-heal|p2a: Garganacl|98\/100|[from] Grassy Terrain\n|-heal|p2a: Garganacl|100\/100|[from] item: Leftovers\n|-sideend|p1: A8SV|Reflect\n|upkeep\n|turn|14\n|\n|t:|1700686314\n|-terastallize|p2a: Garganacl|Water\n|move|p1a: GLISCOR'S GONE|Rapid Spin|p2a: Garganacl\n|-damage|p2a: Garganacl|88\/100\n|-boost|p1a: GLISCOR'S GONE|spe|1\n|-sideend|p1: A8SV|Stealth Rock|[from] move: Rapid Spin|[of] p1a: GLISCOR'S GONE\n|move|p2a: Garganacl|Salt Cure|p1a: GLISCOR'S GONE\n|-resisted|p1a: GLISCOR'S GONE\n|-damage|p1a: GLISCOR'S GONE|71\/100\n|-start|p1a: GLISCOR'S GONE|Salt Cure\n|\n|-heal|p1a: GLISCOR'S GONE|77\/100|[from] Grassy Terrain\n|-heal|p2a: Garganacl|94\/100|[from] Grassy Terrain\n|-heal|p2a: Garganacl|99\/100|[from] item: Leftovers\n|-damage|p1a: GLISCOR'S GONE|64\/100|[from] Salt Cure\n|upkeep\n|turn|15\n|\n|t:|1700686327\n|move|p1a: GLISCOR'S GONE|Close Combat|p2a: Garganacl\n|-damage|p2a: Garganacl|55\/100\n|-unboost|p1a: GLISCOR'S GONE|def|1\n|-unboost|p1a: GLISCOR'S GONE|spd|1\n|move|p2a: Garganacl|Salt Cure|p1a: GLISCOR'S GONE\n|-resisted|p1a: GLISCOR'S GONE\n|-damage|p1a: GLISCOR'S GONE|60\/100\n|\n|-heal|p1a: GLISCOR'S GONE|67\/100|[from] Grassy Terrain\n|-heal|p2a: Garganacl|61\/100|[from] Grassy Terrain\n|-heal|p2a: Garganacl|67\/100|[from] item: Leftovers\n|-damage|p1a: GLISCOR'S GONE|54\/100|[from] Salt Cure\n|-fieldend|move: Grassy Terrain\n|upkeep\n|turn|16\n|\n|t:|1700686333\n|move|p2a: Garganacl|Protect|p2a: Garganacl\n|-singleturn|p2a: Garganacl|Protect\n|move|p1a: GLISCOR'S GONE|Headlong Rush|p2a: Garganacl\n|-activate|p2a: Garganacl|move: Protect\n|\n|-heal|p2a: Garganacl|74\/100|[from] item: Leftovers\n|-damage|p1a: GLISCOR'S GONE|42\/100|[from] Salt Cure\n|upkeep\n|turn|17\n|\n|t:|1700686338\n|move|p1a: GLISCOR'S GONE|Close Combat|p2a: Garganacl\n|-damage|p2a: Garganacl|31\/100\n|-unboost|p1a: GLISCOR'S GONE|def|1\n|-unboost|p1a: GLISCOR'S GONE|spd|1\n|move|p2a: Garganacl|Recover|p2a: Garganacl\n|-heal|p2a: Garganacl|81\/100\n|\n|-heal|p2a: Garganacl|87\/100|[from] item: Leftovers\n|-damage|p1a: GLISCOR'S GONE|30\/100|[from] Salt Cure\n|upkeep\n|turn|18\n|\n|t:|1700686349\n|-end|p1a: GLISCOR'S GONE|Protosynthesis|[silent]\n|switch|p1a: Sure?|Gholdengo|100\/100\n|move|p2a: Garganacl|Stealth Rock|p1a: Sure?\n|-sidestart|p1: A8SV|move: Stealth Rock\n|\n|-heal|p2a: Garganacl|93\/100|[from] item: Leftovers\n|upkeep\n|turn|19\n|\n|t:|1700686354\n|switch|p2a: Dragapult|Dragapult, M|13\/100\n|-activate|p2a: Dragapult|move: Sticky Web\n|-unboost|p2a: Dragapult|spe|1\n|move|p1a: Sure?|Thunderbolt|p2a: Dragapult\n|-resisted|p2a: Dragapult\n|-damage|p2a: Dragapult|0 fnt\n|faint|p2a: Dragapult\n|\n|upkeep\n|\n|t:|1700686357\n|switch|p2a: Great Tusk|Great Tusk|100\/100\n|-activate|p2a: Great Tusk|move: Sticky Web\n|-unboost|p2a: Great Tusk|spe|1\n|turn|20\n|\n|t:|1700686363\n|switch|p1a: GLISCOR'S GONE|Great Tusk|30\/100\n|-damage|p1a: GLISCOR'S GONE|27\/100|[from] Stealth Rock\n|move|p2a: Great Tusk|Rapid Spin|p1a: GLISCOR'S GONE\n|-damage|p1a: GLISCOR'S GONE|13\/100\n|-boost|p2a: Great Tusk|spe|1\n|-sideend|p2: ooj2|Sticky Web|[from] move: Rapid Spin|[of] p2a: Great Tusk\n|\n|upkeep\n|turn|21\n|\n|t:|1700686368\n|move|p1a: GLISCOR'S GONE|Headlong Rush|p2a: Great Tusk\n|-damage|p2a: Great Tusk|65\/100\n|-unboost|p1a: GLISCOR'S GONE|def|1\n|-unboost|p1a: GLISCOR'S GONE|spd|1\n|move|p2a: Great Tusk|Ice Spinner|p1a: GLISCOR'S GONE\n|-supereffective|p1a: GLISCOR'S GONE\n|-damage|p1a: GLISCOR'S GONE|0 fnt\n|faint|p1a: GLISCOR'S GONE\n|-end|p1a: GLISCOR'S GONE|Protosynthesis|[silent]\n|\n|upkeep\n|\n|t:|1700686371\n|switch|p1a: Silly Face|Ogerpon-Wellspring, F|100\/100\n|-damage|p1a: Silly Face|88\/100|[from] Stealth Rock\n|turn|22\n|\n|t:|1700686400\n|move|p1a: Silly Face|Swords Dance|p1a: Silly Face\n|-boost|p1a: Silly Face|atk|2\n|move|p2a: Great Tusk|Ice Spinner|p1a: Silly Face\n|-damage|p1a: Silly Face|52\/100\n|\n|upkeep\n|turn|23\n|\n|t:|1700686405\n|move|p1a: Silly Face|Horn Leech|p2a: Great Tusk\n|-supereffective|p2a: Great Tusk\n|-damage|p2a: Great Tusk|0 fnt\n|-heal|p1a: Silly Face|99\/100|[from] drain|[of] p2a: Great Tusk\n|faint|p2a: Great Tusk\n|-end|p2a: Great Tusk|Protosynthesis|[silent]\n|\n|upkeep\n|\n|t:|1700686411\n|switch|p2a: Rillaboom|Rillaboom, F|20\/100\n|-fieldstart|move: Grassy Terrain|[from] ability: Grassy Surge|[of] p2a: Rillaboom\n|turn|24\n|\n|t:|1700686415\n|move|p2a: Rillaboom|U-turn|p1a: Silly Face\n|-supereffective|p1a: Silly Face\n|-damage|p1a: Silly Face|39\/100\n|\n|t:|1700686417\n|switch|p2a: Kingambit|Kingambit, F|100\/100|[from] U-turn\n|-activate|p2a: Kingambit|ability: Supreme Overlord\n|-start|p2a: Kingambit|fallen2|[silent]\n|move|p1a: Silly Face|Ivy Cudgel|p2a: Kingambit|[anim] Ivy Cudgel Water\n|-damage|p2a: Kingambit|14\/100\n|\n|-heal|p1a: Silly Face|45\/100|[from] Grassy Terrain\n|-heal|p2a: Kingambit|21\/100|[from] Grassy Terrain\n|upkeep\n|turn|25\n|\n|t:|1700686424\n|move|p1a: Silly Face|Ivy Cudgel|p2a: Kingambit|[anim] Ivy Cudgel Water\n|-damage|p2a: Kingambit|0 fnt\n|faint|p2a: Kingambit\n|-end|p2a: Kingambit|fallen2|[silent]\n|\n|-heal|p1a: Silly Face|50\/100|[from] Grassy Terrain\n|upkeep\n|\n|t:|1700686427\n|switch|p2a: Rillaboom|Rillaboom, F|20\/100\n|turn|26\n|\n|t:|1700686433\n|move|p2a: Rillaboom|U-turn|p1a: Silly Face\n|-supereffective|p1a: Silly Face\n|-damage|p1a: Silly Face|0 fnt\n|faint|p1a: Silly Face\n|\n|t:|1700686443\n|switch|p2a: Iron Moth|Iron Moth|100\/100|[from] U-turn\n|-enditem|p2a: Iron Moth|Booster Energy\n|-activate|p2a: Iron Moth|ability: Quark Drive|[fromitem]\n|-start|p2a: Iron Moth|quarkdrivespe\n|\n|upkeep\n|\n|t:|1700686451\n|switch|p1a: Sure?|Gholdengo|100\/100\n|-damage|p1a: Sure?|94\/100|[from] Stealth Rock\n|turn|27\n|\n|t:|1700686456\n|-terastallize|p1a: Sure?|Ghost\n|move|p2a: Iron Moth|Fiery Dance|p1a: Sure?\n|-damage|p1a: Sure?|49\/100\n|-boost|p2a: Iron Moth|spa|1\n|move|p1a: Sure?|Thunderbolt|p2a: Iron Moth\n|-damage|p2a: Iron Moth|54\/100\n|\n|-heal|p2a: Iron Moth|60\/100|[from] Grassy Terrain\n|-heal|p1a: Sure?|55\/100|[from] Grassy Terrain\n|upkeep\n|turn|28\n|\n|t:|1700686462\n|move|p2a: Iron Moth|Fiery Dance|p1a: Sure?\n|-damage|p1a: Sure?|0 fnt\n|faint|p1a: Sure?\n|\n|-heal|p2a: Iron Moth|66\/100|[from] Grassy Terrain\n|-fieldend|move: Grassy Terrain\n|upkeep\n|-message|A8SV forfeited.\n|\n|win|ooj2\n|raw|A8SV's rating: 1564 &rarr; <strong>1541<\/strong><br \/>(-23 for losing)\n|raw|ooj2's rating: 1507 &rarr; <strong>1530<\/strong><br \/>(+23 for winning)\n|l|\u2606A8SV\n","uploadtime":1700686478,"views":3,"p1id":"a8sv","p2id":"ooj2","formatid":"gen9ou","rating":1530,"private":0,"password":""}