{"id":"gen9ou-1996797451","p1":"Jayteejay10","p2":"MegaP.Trainer","format":"[Gen 9] OU","log":"|j|\u2606Jayteejay10\n|j|\u2606MegaP.Trainer\n|t:|1700726933\n|gametype|singles\n|player|p1|Jayteejay10|rika|1415\n|player|p2|MegaP.Trainer|silver|1513\n|teamsize|p1|6\n|teamsize|p2|6\n|gen|9\n|tier|[Gen 9] OU\n|rated|\n|rule|Sleep Clause Mod: Limit one foe put to sleep\n|rule|Species Clause: Limit one of each Pok\u00e9mon\n|rule|OHKO Clause: OHKO moves are banned\n|rule|Evasion Items Clause: Evasion items are banned\n|rule|Evasion Moves Clause: Evasion moves are banned\n|rule|Endless Battle Clause: Forcing endless battles is banned\n|rule|HP Percentage Mod: HP is shown in percentages\n|clearpoke\n|poke|p1|Crawdaunt, M|\n|poke|p1|Rillaboom, M|\n|poke|p1|Iron Valiant|\n|poke|p1|Great Tusk|\n|poke|p1|Kingambit, M|\n|poke|p1|Ogerpon-Cornerstone, F|\n|poke|p2|Samurott-Hisui, M|\n|poke|p2|Ribombee, F|\n|poke|p2|Kleavor, M|\n|poke|p2|Pawmot, M|\n|poke|p2|Toedscruel, M|\n|poke|p2|Gholdengo|\n|teampreview\n|inactive|Battle timer is ON: inactive players will automatically lose when time's up. (requested by Jayteejay10)\n|\n|t:|1700726961\n|start\n|switch|p1a: Ogerpon|Ogerpon-Cornerstone, F|100\/100\n|switch|p2a: Ribombee|Ribombee, F|100\/100\n|turn|1\n|\n|t:|1700726969\n|move|p2a: Ribombee|Sticky Web|p1a: Ogerpon\n|-sidestart|p1: Jayteejay10|move: Sticky Web\n|move|p1a: Ogerpon|Ivy Cudgel|p2a: Ribombee|[anim] Ivy Cudgel Rock\n|-supereffective|p2a: Ribombee\n|-enditem|p2a: Ribombee|Focus Sash\n|-damage|p2a: Ribombee|1\/100\n|\n|upkeep\n|turn|2\n|\n|t:|1700726974\n|move|p2a: Ribombee|Moonblast|p1a: Ogerpon\n|-damage|p1a: Ogerpon|53\/100\n|move|p1a: Ogerpon|Spikes|p2a: Ribombee\n|-sidestart|p2: MegaP.Trainer|Spikes\n|\n|upkeep\n|turn|3\n|\n|t:|1700726996\n|move|p2a: Ribombee|Moonblast|p1a: Ogerpon\n|-damage|p1a: Ogerpon|9\/100\n|move|p1a: Ogerpon|Ivy Cudgel|p2a: Ribombee|[anim] Ivy Cudgel Rock\n|-supereffective|p2a: Ribombee\n|-damage|p2a: Ribombee|0 fnt\n|faint|p2a: Ribombee\n|\n|upkeep\n|\n|t:|1700727008\n|switch|p2a: Samurott|Samurott-Hisui, M|100\/100\n|-damage|p2a: Samurott|88\/100|[from] Spikes\n|turn|4\n|\n|t:|1700727011\n|move|p2a: Samurott|Aqua Jet|p1a: Ogerpon\n|-damage|p1a: Ogerpon|0 fnt\n|faint|p1a: Ogerpon\n|\n|upkeep\n|\n|t:|1700727017\n|switch|p1a: Rillaboom|Rillaboom, M|100\/100\n|-activate|p1a: Rillaboom|move: Sticky Web\n|-unboost|p1a: Rillaboom|spe|1\n|-fieldstart|move: Grassy Terrain|[from] ability: Grassy Surge|[of] p1a: Rillaboom\n|turn|5\n|\n|t:|1700727022\n|move|p2a: Samurott|Ceaseless Edge|p1a: Rillaboom\n|-damage|p1a: Rillaboom|52\/100\n|-sidestart|p1: Jayteejay10|Spikes\n|move|p1a: Rillaboom|Knock Off|p2a: Samurott\n|-resisted|p2a: Samurott\n|-damage|p2a: Samurott|53\/100\n|-enditem|p2a: Samurott|Assault Vest|[from] move: Knock Off|[of] p1a: Rillaboom\n|\n|-heal|p2a: Samurott|60\/100|[from] Grassy Terrain\n|-heal|p1a: Rillaboom|58\/100|[from] Grassy Terrain\n|upkeep\n|turn|6\n|\n|t:|1700727031\n|switch|p1a: Great Tusk|Great Tusk|100\/100\n|-activate|p1a: Great Tusk|move: Sticky Web\n|-unboost|p1a: Great Tusk|spe|1\n|-damage|p1a: Great Tusk|88\/100|[from] Spikes\n|move|p2a: Samurott|Ceaseless Edge|p1a: Great Tusk\n|-resisted|p1a: Great Tusk\n|-damage|p1a: Great Tusk|78\/100\n|-sidestart|p1: Jayteejay10|Spikes\n|\n|-heal|p2a: Samurott|66\/100|[from] Grassy Terrain\n|-heal|p1a: Great Tusk|85\/100|[from] Grassy Terrain\n|-heal|p1a: Great Tusk|91\/100|[from] item: Leftovers\n|upkeep\n|turn|7\n|\n|t:|1700727035\n|switch|p2a: Gholdengo|Gholdengo|100\/100\n|-item|p2a: Gholdengo|Air Balloon\n|move|p1a: Great Tusk|Knock Off|p2a: Gholdengo\n|-supereffective|p2a: Gholdengo\n|-damage|p2a: Gholdengo|36\/100\n|-enditem|p2a: Gholdengo|Air Balloon\n|\n|-heal|p2a: Gholdengo|42\/100|[from] Grassy Terrain\n|-heal|p1a: Great Tusk|97\/100|[from] Grassy Terrain\n|-heal|p1a: Great Tusk|100\/100|[from] item: Leftovers\n|upkeep\n|turn|8\n|\n|t:|1700727043\n|move|p2a: Gholdengo|Make It Rain|p1a: Great Tusk\n|-damage|p1a: Great Tusk|18\/100\n|-unboost|p2a: Gholdengo|spa|1\n|move|p1a: Great Tusk|Knock Off|p2a: Gholdengo\n|-supereffective|p2a: Gholdengo\n|-damage|p2a: Gholdengo|0 fnt\n|faint|p2a: Gholdengo\n|\n|-heal|p1a: Great Tusk|24\/100|[from] Grassy Terrain\n|-heal|p1a: Great Tusk|31\/100|[from] item: Leftovers\n|upkeep\n|\n|t:|1700727050\n|switch|p2a: Toedscruel|Toedscruel, M|100\/100\n|turn|9\n|\n|t:|1700727059\n|move|p2a: Toedscruel|Giga Drain|p1a: Great Tusk\n|-supereffective|p1a: Great Tusk\n|-damage|p1a: Great Tusk|0 fnt\n|faint|p1a: Great Tusk\n|-end|p1a: Great Tusk|Protosynthesis|[silent]\n|\n|-fieldend|move: Grassy Terrain\n|upkeep\n|\n|t:|1700727067\n|switch|p1a: Crawdaunt|Crawdaunt, M|100\/100\n|-activate|p1a: Crawdaunt|move: Sticky Web\n|-unboost|p1a: Crawdaunt|spe|1\n|-damage|p1a: Crawdaunt|84\/100|[from] Spikes\n|turn|10\n|\n|t:|1700727070\n|move|p1a: Crawdaunt|Aqua Jet|p2a: Toedscruel\n|-damage|p2a: Toedscruel|29\/100\n|move|p2a: Toedscruel|Spore|p1a: Crawdaunt\n|-status|p1a: Crawdaunt|slp|[from] move: Spore\n|\n|upkeep\n|turn|11\n|\n|t:|1700727080\n|cant|p1a: Crawdaunt|slp\n|move|p2a: Toedscruel|Rapid Spin|p1a: Crawdaunt\n|-damage|p1a: Crawdaunt|72\/100 slp\n|-boost|p2a: Toedscruel|spe|1\n|-sideend|p2: MegaP.Trainer|Spikes|[from] move: Rapid Spin|[of] p2a: Toedscruel\n|\n|upkeep\n|turn|12\n|\n|t:|1700727082\n|cant|p1a: Crawdaunt|slp\n|move|p2a: Toedscruel|Giga Drain|p1a: Crawdaunt\n|-supereffective|p1a: Crawdaunt\n|-damage|p1a: Crawdaunt|0 fnt\n|-heal|p2a: Toedscruel|61\/100|[from] drain|[of] p1a: Crawdaunt\n|faint|p1a: Crawdaunt\n|\n|upkeep\n|\n|t:|1700727084\n|switch|p1a: Rillaboom|Rillaboom, M|58\/100\n|-activate|p1a: Rillaboom|move: Sticky Web\n|-unboost|p1a: Rillaboom|spe|1\n|-damage|p1a: Rillaboom|42\/100|[from] Spikes\n|-fieldstart|move: Grassy Terrain|[from] ability: Grassy Surge|[of] p1a: Rillaboom\n|turn|13\n|\n|t:|1700727087\n|move|p1a: Rillaboom|Grassy Glide|p2a: Toedscruel\n|-damage|p2a: Toedscruel|0 fnt\n|faint|p2a: Toedscruel\n|\n|-heal|p1a: Rillaboom|48\/100|[from] Grassy Terrain\n|upkeep\n|\n|t:|1700727091\n|switch|p2a: Kleavor|Kleavor, M|100\/100\n|turn|14\n|\n|t:|1700727100\n|-terastallize|p1a: Rillaboom|Grass\n|move|p1a: Rillaboom|Grassy Glide|p2a: Kleavor\n|-enditem|p2a: Kleavor|Focus Sash\n|-damage|p2a: Kleavor|1\/100\n|move|p2a: Kleavor|X-Scissor|p1a: Rillaboom\n|-supereffective|p1a: Rillaboom\n|-damage|p1a: Rillaboom|0 fnt\n|faint|p1a: Rillaboom\n|\n|-heal|p2a: Kleavor|7\/100|[from] Grassy Terrain\n|upkeep\n|\n|t:|1700727108\n|switch|p1a: Iron Valiant|Iron Valiant|100\/100\n|-activate|p1a: Iron Valiant|move: Sticky Web\n|-unboost|p1a: Iron Valiant|spe|1\n|-damage|p1a: Iron Valiant|84\/100|[from] Spikes\n|-enditem|p1a: Iron Valiant|Booster Energy\n|-activate|p1a: Iron Valiant|ability: Quark Drive|[fromitem]\n|-start|p1a: Iron Valiant|quarkdrivespa\n|turn|15\n|\n|t:|1700727119\n|move|p2a: Kleavor|Aerial Ace|p1a: Iron Valiant\n|-supereffective|p1a: Iron Valiant\n|-damage|p1a: Iron Valiant|0 fnt\n|faint|p1a: Iron Valiant\n|-end|p1a: Iron Valiant|Quark Drive|[silent]\n|\n|-heal|p2a: Kleavor|13\/100|[from] Grassy Terrain\n|upkeep\n|\n|t:|1700727124\n|switch|p1a: Kingambit|Kingambit, M|100\/100\n|-activate|p1a: Kingambit|move: Sticky Web\n|-unboost|p1a: Kingambit|spe|1\n|-damage|p1a: Kingambit|84\/100|[from] Spikes\n|-activate|p1a: Kingambit|ability: Supreme Overlord\n|-start|p1a: Kingambit|fallen5|[silent]\n|turn|16\n|\n|t:|1700727131\n|move|p1a: Kingambit|Sucker Punch|p2a: Kleavor\n|-damage|p2a: Kleavor|0 fnt\n|faint|p2a: Kleavor\n|\n|-heal|p1a: Kingambit|90\/100|[from] Grassy Terrain\n|-heal|p1a: Kingambit|96\/100|[from] item: Leftovers\n|upkeep\n|\n|t:|1700727133\n|switch|p2a: Samurott|Samurott-Hisui, M|66\/100\n|turn|17\n|\n|t:|1700727137\n|move|p2a: Samurott|Sacred Sword|p1a: Kingambit\n|-supereffective|p1a: Kingambit\n|-damage|p1a: Kingambit|0 fnt\n|faint|p1a: Kingambit\n|-end|p1a: Kingambit|fallen5|[silent]\n|\n|win|MegaP.Trainer\n|raw|Jayteejay10's rating: 1415 &rarr; <strong>1400<\/strong><br \/>(-15 for losing)\n|raw|MegaP.Trainer's rating: 1513 &rarr; <strong>1528<\/strong><br \/>(+15 for winning)\n","uploadtime":1700727141,"views":3,"p1id":"jayteejay10","p2id":"megaptrainer","formatid":"gen9ou","rating":1400,"private":0,"password":""}