{"id":"gen9ou-1994977686","p1":"hdhshshsgs","p2":"p4nIta","format":"[Gen 9] OU","log":"|j|\u2606hdhshshsgs\n|j|\u2606p4nIta\n|t:|1700509857\n|gametype|singles\n|player|p1|hdhshshsgs|rocketgrunt|\n|player|p2|p4nIta|lucas|\n|teamsize|p1|6\n|teamsize|p2|6\n|gen|9\n|tier|[Gen 9] OU\n|rule|Sleep Clause Mod: Limit one foe put to sleep\n|rule|Species Clause: Limit one of each Pok\u00e9mon\n|rule|OHKO Clause: OHKO moves are banned\n|rule|Evasion Items Clause: Evasion items are banned\n|rule|Evasion Moves Clause: Evasion moves are banned\n|rule|Endless Battle Clause: Forcing endless battles is banned\n|rule|HP Percentage Mod: HP is shown in percentages\n|clearpoke\n|poke|p1|Dachsbun, F|\n|poke|p1|Revavroom, M|\n|poke|p1|Electrode-Hisui|\n|poke|p1|Magcargo, F|\n|poke|p1|Sandaconda, M|\n|poke|p1|Frosmoth, F|\n|poke|p2|Houndoom, F|\n|poke|p2|Ariados, M|\n|poke|p2|Brambleghast, F|\n|poke|p2|Arbok, F|\n|poke|p2|Bombirdier, F|\n|poke|p2|Copperajah, F|\n|teampreview\n|\n|t:|1700509881\n|start\n|switch|p1a: Electrode|Electrode-Hisui, shiny|100\/100\n|switch|p2a: Ariados|Ariados, M, shiny|100\/100\n|turn|1\n|\n|t:|1700509891\n|move|p1a: Electrode|Taunt|p2a: Ariados\n|-start|p2a: Ariados|move: Taunt\n|cant|p2a: Ariados|move: Taunt|Sticky Web\n|\n|upkeep\n|turn|2\n|\n|t:|1700509899\n|switch|p1a: Revavroom|Revavroom, M, shiny|100\/100\n|switch|p2a: Dumbo|Copperajah, F, shiny|100\/100\n|\n|upkeep\n|turn|3\n|\n|t:|1700509907\n|move|p1a: Revavroom|Shift Gear|p1a: Revavroom\n|-boost|p1a: Revavroom|spe|2\n|-boost|p1a: Revavroom|atk|1\n|move|p2a: Dumbo|Earthquake|p1a: Revavroom\n|-supereffective|p1a: Revavroom\n|-damage|p1a: Revavroom|0 fnt\n|faint|p1a: Revavroom\n|\n|upkeep\n|\n|t:|1700509922\n|switch|p1a: Sandaconda|Sandaconda, M, shiny|100\/100\n|turn|4\n|\n|t:|1700509927\n|switch|p2a: Bombirdier|Bombirdier, F|100\/100\n|move|p1a: Sandaconda|Coil|p1a: Sandaconda\n|-boost|p1a: Sandaconda|atk|1\n|-boost|p1a: Sandaconda|def|1\n|-boost|p1a: Sandaconda|accuracy|1\n|\n|upkeep\n|turn|5\n|\n|t:|1700509936\n|move|p2a: Bombirdier|Sunny Day|p2a: Bombirdier\n|-weather|SunnyDay\n|move|p1a: Sandaconda|Coil|p1a: Sandaconda\n|-boost|p1a: Sandaconda|atk|1\n|-boost|p1a: Sandaconda|def|1\n|-boost|p1a: Sandaconda|accuracy|1\n|\n|-weather|SunnyDay|[upkeep]\n|upkeep\n|turn|6\n|\n|t:|1700509946\n|move|p2a: Bombirdier|Tailwind|p2a: Bombirdier\n|-sidestart|p2: p4nIta|move: Tailwind\n|move|p1a: Sandaconda|Scale Shot|p2a: Bombirdier\n|-damage|p2a: Bombirdier|82\/100\n|-damage|p2a: Bombirdier|65\/100\n|-damage|p2a: Bombirdier|46\/100\n|-damage|p2a: Bombirdier|28\/100\n|-damage|p2a: Bombirdier|11\/100\n|-hitcount|p2a: Bombirdier|5\n|-unboost|p1a: Sandaconda|def|1\n|-boost|p1a: Sandaconda|spe|1\n|\n|-weather|SunnyDay|[upkeep]\n|upkeep\n|turn|7\n|\n|t:|1700509963\n|move|p2a: Bombirdier|U-turn|p1a: Sandaconda\n|-crit|p1a: Sandaconda\n|-damage|p1a: Sandaconda|78\/100\n|\n|t:|1700509967\n|switch|p2a: Houndoom|Houndoom, F, shiny|100\/100|[from] U-turn\n|move|p1a: Sandaconda|Scale Shot|p2a: Houndoom\n|-damage|p2a: Houndoom|69\/100\n|-damage|p2a: Houndoom|32\/100\n|-damage|p2a: Houndoom|0 fnt\n|faint|p2a: Houndoom\n|-hitcount|p2: Houndoom|3\n|-unboost|p1a: Sandaconda|def|1\n|-boost|p1a: Sandaconda|spe|1\n|\n|-weather|SunnyDay|[upkeep]\n|upkeep\n|\n|t:|1700509983\n|switch|p2a: Brambleghast|Brambleghast, F, shiny|100\/100\n|-ability|p2a: Brambleghast|Wind Rider|boost\n|-boost|p2a: Brambleghast|atk|1\n|turn|8\n|\n|t:|1700509991\n|-terastallize|p1a: Sandaconda|Dragon\n|move|p2a: Brambleghast|Trailblaze|p1a: Sandaconda\n|-resisted|p1a: Sandaconda\n|-damage|p1a: Sandaconda|63\/100\n|-boost|p2a: Brambleghast|spe|1\n|move|p1a: Sandaconda|Scale Shot|p2a: Brambleghast\n|-damage|p2a: Brambleghast|67\/100\n|-damage|p2a: Brambleghast|30\/100\n|-damage|p2a: Brambleghast|0 fnt\n|faint|p2a: Brambleghast\n|-hitcount|p2: Brambleghast|3\n|-unboost|p1a: Sandaconda|def|1\n|-boost|p1a: Sandaconda|spe|1\n|\n|-weather|SunnyDay|[upkeep]\n|upkeep\n|\n|t:|1700510007\n|switch|p2a: Arbok|Arbok, F, shiny|100\/100\n|-ability|p2a: Arbok|Intimidate|boost\n|-unboost|p1a: Sandaconda|atk|1\n|turn|9\n|\n|t:|1700510022\n|switch|p2a: Dumbo|Copperajah, F, shiny|100\/100\n|move|p1a: Sandaconda|Coil|p1a: Sandaconda\n|-boost|p1a: Sandaconda|atk|1\n|-boost|p1a: Sandaconda|def|1\n|-boost|p1a: Sandaconda|accuracy|1\n|\n|-weather|none\n|-sideend|p2: p4nIta|move: Tailwind\n|upkeep\n|turn|10\n|\n|t:|1700510038\n|-terastallize|p2a: Dumbo|Ground\n|move|p1a: Sandaconda|Earthquake|p2a: Dumbo\n|-damage|p2a: Dumbo|14\/100\n|move|p2a: Dumbo|Iron Head|p1a: Sandaconda\n|-damage|p1a: Sandaconda|23\/100\n|\n|upkeep\n|turn|11\n|\n|t:|1700510049\n|move|p1a: Sandaconda|Earthquake|p2a: Dumbo\n|-damage|p2a: Dumbo|0 fnt\n|faint|p2a: Dumbo\n|\n|upkeep\n|\n|t:|1700510059\n|switch|p2a: Bombirdier|Bombirdier, F|11\/100\n|turn|12\n|\n|t:|1700510066\n|move|p1a: Sandaconda|Stone Edge|p2a: Bombirdier\n|-supereffective|p2a: Bombirdier\n|-damage|p2a: Bombirdier|0 fnt\n|faint|p2a: Bombirdier\n|\n|upkeep\n|\n|t:|1700510073\n|switch|p2a: Arbok|Arbok, F, shiny|100\/100\n|-ability|p2a: Arbok|Intimidate|boost\n|-unboost|p1a: Sandaconda|atk|1\n|turn|13\n|\n|t:|1700510087\n|move|p1a: Sandaconda|Earthquake|p2a: Arbok\n|-supereffective|p2a: Arbok\n|-damage|p2a: Arbok|0 fnt\n|faint|p2a: Arbok\n|\n|upkeep\n|\n|t:|1700510096\n|switch|p2a: Ariados|Ariados, M, shiny|100\/100\n|turn|14\n|\n|t:|1700510106\n|move|p1a: Sandaconda|Scale Shot|p2a: Ariados\n|-damage|p2a: Ariados|78\/100\n|-damage|p2a: Ariados|54\/100\n|-damage|p2a: Ariados|34\/100\n|-damage|p2a: Ariados|11\/100\n|-damage|p2a: Ariados|0 fnt\n|faint|p2a: Ariados\n|-hitcount|p2: Ariados|5\n|\n|win|hdhshshsgs\n","uploadtime":1700510135,"views":16,"p1id":"hdhshshsgs","p2id":"p4nita","formatid":"gen9ou","rating":0,"private":0,"password":""}