{"id":"gen9ou-1994143885","p1":"Lwkr","p2":"NicoRobin2378","format":"[Gen 9] OU","log":"|j|\u2606Lwkr\n|j|\u2606NicoRobin2378\n|t:|1700412017\n|gametype|singles\n|player|p1|Lwkr|bugsy|1090\n|player|p2|NicoRobin2378|iris-gen5bw2|1000\n|teamsize|p1|3\n|teamsize|p2|6\n|gen|9\n|tier|[Gen 9] OU\n|rated|\n|rule|Sleep Clause Mod: Limit one foe put to sleep\n|rule|Species Clause: Limit one of each Pok\u00e9mon\n|rule|OHKO Clause: OHKO moves are banned\n|rule|Evasion Items Clause: Evasion items are banned\n|rule|Evasion Moves Clause: Evasion moves are banned\n|rule|Endless Battle Clause: Forcing endless battles is banned\n|rule|HP Percentage Mod: HP is shown in percentages\n|clearpoke\n|poke|p1|Maushold|\n|poke|p1|Cloyster, F|\n|poke|p1|Ambipom, F|\n|poke|p2|Cinderace, M|\n|poke|p2|Blissey, F|\n|poke|p2|Toxapex, M|\n|poke|p2|Ribombee, M|\n|poke|p2|Dragapult, F|\n|poke|p2|Jirachi|\n|teampreview\n|c|\u2606Lwkr|Hey! Nice team\n|\n|t:|1700412029\n|start\n|switch|p1a: Ambipom|Ambipom, F|100\/100\n|switch|p2a: Blissey|Blissey, F, shiny|100\/100\n|turn|1\n|c|\u2606Lwkr|Hope we have a fair and nive play\n|\n|t:|1700412042\n|move|p1a: Ambipom|Fake Out|p2a: Blissey\n|-damage|p2a: Blissey|77\/100\n|cant|p2a: Blissey|flinch\n|\n|upkeep\n|turn|2\n|\n|t:|1700412052\n|move|p1a: Ambipom|Trailblaze|p2a: Blissey\n|-damage|p2a: Blissey|58\/100\n|-boost|p1a: Ambipom|spe|1\n|move|p2a: Blissey|Sweet Kiss|p1a: Ambipom\n|-start|p1a: Ambipom|confusion\n|\n|upkeep\n|turn|3\n|\n|t:|1700412065\n|-activate|p1a: Ambipom|confusion\n|-damage|p1a: Ambipom|81\/100|[from] confusion\n|move|p2a: Blissey|Dazzling Gleam|p1a: Ambipom\n|-damage|p1a: Ambipom|56\/100\n|\n|upkeep\n|turn|4\n|\n|t:|1700412079\n|-activate|p1a: Ambipom|confusion\n|move|p1a: Ambipom|Fury Swipes|p2a: Blissey|[miss]\n|-miss|p1a: Ambipom|p2a: Blissey\n|move|p2a: Blissey|Seismic Toss|p1a: Ambipom\n|-damage|p1a: Ambipom|22\/100\n|\n|upkeep\n|turn|5\n|\n|t:|1700412087\n|-activate|p1a: Ambipom|confusion\n|move|p1a: Ambipom|Fury Swipes|p2a: Blissey\n|-damage|p2a: Blissey|48\/100\n|-damage|p2a: Blissey|37\/100\n|-damage|p2a: Blissey|26\/100\n|-hitcount|p2a: Blissey|3\n|move|p2a: Blissey|Seismic Toss|p1a: Ambipom\n|-damage|p1a: Ambipom|0 fnt\n|faint|p1a: Ambipom\n|\n|upkeep\n|\n|t:|1700412090\n|switch|p1a: Cloyster|Cloyster, F|100\/100\n|turn|6\n|\n|t:|1700412129\n|move|p1a: Cloyster|Shell Smash|p1a: Cloyster\n|-unboost|p1a: Cloyster|def|1\n|-unboost|p1a: Cloyster|spd|1\n|-boost|p1a: Cloyster|atk|2\n|-boost|p1a: Cloyster|spa|2\n|-boost|p1a: Cloyster|spe|2\n|-enditem|p1a: Cloyster|White Herb\n|-clearnegativeboost|p1a: Cloyster|[silent]\n|move|p2a: Blissey|Substitute|p2a: Blissey\n|-start|p2a: Blissey|Substitute\n|-damage|p2a: Blissey|1\/100\n|\n|upkeep\n|turn|7\n|\n|t:|1700412142\n|move|p1a: Cloyster|Icicle Spear|p2a: Blissey\n|-activate|p2a: Blissey|move: Substitute|[damage]\n|-end|p2a: Blissey|Substitute\n|-damage|p2a: Blissey|0 fnt\n|faint|p2a: Blissey\n|-hitcount|p2: Blissey|3\n|\n|upkeep\n|\n|t:|1700412168\n|switch|p2a: Jirachi|Jirachi|100\/100\n|turn|8\n|\n|t:|1700412183\n|move|p1a: Cloyster|Rock Blast|p2a: Jirachi\n|-resisted|p2a: Jirachi\n|-damage|p2a: Jirachi|93\/100\n|-resisted|p2a: Jirachi\n|-damage|p2a: Jirachi|85\/100\n|-resisted|p2a: Jirachi\n|-damage|p2a: Jirachi|77\/100\n|-resisted|p2a: Jirachi\n|-damage|p2a: Jirachi|69\/100\n|-resisted|p2a: Jirachi\n|-damage|p2a: Jirachi|61\/100\n|-hitcount|p2a: Jirachi|5\n|move|p2a: Jirachi|Fire Punch|p1a: Cloyster\n|-damage|p1a: Cloyster|79\/100\n|-damage|p2a: Jirachi|51\/100|[from] item: Life Orb\n|\n|upkeep\n|turn|9\n|\n|t:|1700412203\n|move|p1a: Cloyster|Icicle Spear|p2a: Jirachi\n|-resisted|p2a: Jirachi\n|-damage|p2a: Jirachi|41\/100\n|-resisted|p2a: Jirachi\n|-damage|p2a: Jirachi|30\/100\n|-resisted|p2a: Jirachi\n|-damage|p2a: Jirachi|20\/100\n|-resisted|p2a: Jirachi\n|-damage|p2a: Jirachi|9\/100\n|-resisted|p2a: Jirachi\n|-damage|p2a: Jirachi|0 fnt\n|faint|p2a: Jirachi\n|-hitcount|p2: Jirachi|5\n|\n|upkeep\n|\n|t:|1700412222\n|switch|p2a: Toxapex|Toxapex, M|100\/100\n|turn|10\n|\n|t:|1700412232\n|move|p1a: Cloyster|Rock Blast|p2a: Toxapex\n|-damage|p2a: Toxapex|89\/100\n|-damage|p2a: Toxapex|77\/100\n|-damage|p2a: Toxapex|67\/100\n|-damage|p2a: Toxapex|56\/100\n|-damage|p2a: Toxapex|46\/100\n|-hitcount|p2a: Toxapex|5\n|move|p2a: Toxapex|Poison Jab|p1a: Cloyster\n|-damage|p1a: Cloyster|57\/100\n|-status|p1a: Cloyster|psn\n|\n|-damage|p1a: Cloyster|44\/100 psn|[from] psn\n|upkeep\n|turn|11\n|\n|t:|1700412248\n|move|p1a: Cloyster|Rock Blast|p2a: Toxapex\n|-damage|p2a: Toxapex|35\/100\n|-damage|p2a: Toxapex|25\/100\n|-crit|p2a: Toxapex\n|-damage|p2a: Toxapex|10\/100\n|-damage|p2a: Toxapex|0 fnt\n|faint|p2a: Toxapex\n|-hitcount|p2: Toxapex|4\n|\n|-damage|p1a: Cloyster|32\/100 psn|[from] psn\n|upkeep\n|\n|t:|1700412275\n|switch|p2a: Ribombee|Ribombee, M|100\/100\n|turn|12\n|\n|t:|1700412293\n|move|p1a: Cloyster|Rock Blast|p2a: Ribombee\n|-supereffective|p2a: Ribombee\n|-damage|p2a: Ribombee|48\/100\n|-supereffective|p2a: Ribombee\n|-damage|p2a: Ribombee|0 fnt\n|faint|p2a: Ribombee\n|-hitcount|p2: Ribombee|2\n|\n|-damage|p1a: Cloyster|20\/100 psn|[from] psn\n|upkeep\n|\n|t:|1700412303\n|switch|p2a: Dragapult|Dragapult, F|100\/100\n|turn|13\n|\n|t:|1700412307\n|move|p1a: Cloyster|Icicle Spear|p2a: Dragapult\n|-supereffective|p2a: Dragapult\n|-damage|p2a: Dragapult|41\/100\n|-supereffective|p2a: Dragapult\n|-damage|p2a: Dragapult|0 fnt\n|faint|p2a: Dragapult\n|-hitcount|p2: Dragapult|2\n|\n|-damage|p1a: Cloyster|7\/100 psn|[from] psn\n|upkeep\n|\n|t:|1700412317\n|switch|p2a: Cinderace|Cinderace, M|100\/100\n|turn|14\n|\n|t:|1700412322\n|move|p1a: Cloyster|Rock Blast|p2a: Cinderace\n|-supereffective|p2a: Cinderace\n|-damage|p2a: Cinderace|56\/100\n|-supereffective|p2a: Cinderace\n|-damage|p2a: Cinderace|10\/100\n|-supereffective|p2a: Cinderace\n|-damage|p2a: Cinderace|0 fnt\n|faint|p2a: Cinderace\n|-hitcount|p2: Cinderace|3\n|\n|win|Lwkr\n|raw|Lwkr's rating: 1090 &rarr; <strong>1110<\/strong><br \/>(+20 for winning)\n|raw|NicoRobin2378's rating: 1000 &rarr; <strong>1000<\/strong><br \/>(+0 for losing)\n|c|\u2606Lwkr|Gg!\n|l|\u2606NicoRobin2378\n","uploadtime":1700412338,"views":10,"p1id":"lwkr","p2id":"nicorobin2378","formatid":"gen9ou","rating":1000,"private":0,"password":""}