{"id":"gen9ou-1989079410","p1":"Wa17ace","p2":"PixlGamer","format":"[Gen 9] OU","log":"|j|\u2606Wa17ace\n|j|\u2606PixlGamer\n|t:|1699809916\n|gametype|singles\n|player|p1|Wa17ace|2|1177\n|player|p2|PixlGamer|bellelba|1276\n|teamsize|p1|6\n|teamsize|p2|6\n|gen|9\n|tier|[Gen 9] OU\n|rated|\n|rule|Sleep Clause Mod: Limit one foe put to sleep\n|rule|Species Clause: Limit one of each Pok\u00e9mon\n|rule|OHKO Clause: OHKO moves are banned\n|rule|Evasion Items Clause: Evasion items are banned\n|rule|Evasion Moves Clause: Evasion moves are banned\n|rule|Endless Battle Clause: Forcing endless battles is banned\n|rule|HP Percentage Mod: HP is shown in percentages\n|clearpoke\n|poke|p1|Mandibuzz, F|\n|poke|p1|Jirachi|\n|poke|p1|Garchomp, F|\n|poke|p1|Slowking-Galar, M|\n|poke|p1|Ogerpon, F|\n|poke|p1|Tauros-Paldea-Aqua, M|\n|poke|p2|Rillaboom, F|\n|poke|p2|Sneasler, F|\n|poke|p2|Ogerpon, F|\n|poke|p2|Garganacl, F|\n|poke|p2|Ceruledge, M|\n|poke|p2|Dragonite, M|\n|teampreview\n|\n|t:|1699809927\n|start\n|switch|p1a: Mandibuzz|Mandibuzz, F|100\/100\n|switch|p2a: Dragonite|Dragonite, M|100\/100\n|turn|1\n|\n|t:|1699809935\n|move|p2a: Dragonite|Dragon Dance|p2a: Dragonite\n|-boost|p2a: Dragonite|atk|1\n|-boost|p2a: Dragonite|spe|1\n|move|p1a: Mandibuzz|Knock Off|p2a: Dragonite\n|-damage|p2a: Dragonite|89\/100\n|-enditem|p2a: Dragonite|Heavy-Duty Boots|[from] move: Knock Off|[of] p1a: Mandibuzz\n|\n|upkeep\n|turn|2\n|\n|t:|1699809942\n|move|p2a: Dragonite|Dragon Dance|p2a: Dragonite\n|-boost|p2a: Dragonite|atk|1\n|-boost|p2a: Dragonite|spe|1\n|move|p1a: Mandibuzz|Foul Play|p2a: Dragonite\n|-damage|p2a: Dragonite|0 fnt\n|faint|p2a: Dragonite\n|\n|upkeep\n|\n|t:|1699809952\n|switch|p2a: Garganacl|Garganacl, F, shiny|100\/100\n|turn|3\n|\n|t:|1699809955\n|move|p1a: Mandibuzz|Knock Off|p2a: Garganacl\n|-damage|p2a: Garganacl|88\/100\n|-enditem|p2a: Garganacl|Grassy Seed|[from] move: Knock Off|[of] p1a: Mandibuzz\n|move|p2a: Garganacl|Salt Cure|p1a: Mandibuzz\n|-supereffective|p1a: Mandibuzz\n|-damage|p1a: Mandibuzz|85\/100\n|-start|p1a: Mandibuzz|Salt Cure\n|\n|-damage|p1a: Mandibuzz|72\/100|[from] Salt Cure\n|upkeep\n|turn|4\n|\n|t:|1699809963\n|switch|p1a: Slowking|Slowking-Galar, M|100\/100\n|move|p2a: Garganacl|Iron Defense|p2a: Garganacl\n|-boost|p2a: Garganacl|def|2\n|\n|upkeep\n|turn|5\n|\n|t:|1699809966\n|move|p2a: Garganacl|Salt Cure|p1a: Slowking\n|-damage|p1a: Slowking|91\/100\n|-start|p1a: Slowking|Salt Cure\n|move|p1a: Slowking|Trick|p2a: Garganacl\n|-activate|p1a: Slowking|move: Trick|[of] p2a: Garganacl\n|-item|p2a: Garganacl|Black Sludge|[from] move: Trick\n|-enditem|p1a: Slowking|Black Sludge|[silent]|[from] move: Trick\n|\n|-damage|p2a: Garganacl|76\/100|[from] item: Black Sludge\n|-damage|p1a: Slowking|78\/100|[from] Salt Cure\n|upkeep\n|turn|6\n|\n|t:|1699809975\n|move|p2a: Garganacl|Iron Defense|p2a: Garganacl\n|-boost|p2a: Garganacl|def|2\n|move|p1a: Slowking|Future Sight|p2a: Garganacl\n|-start|p1a: Slowking|move: Future Sight\n|\n|-damage|p2a: Garganacl|64\/100|[from] item: Black Sludge\n|-damage|p1a: Slowking|66\/100|[from] Salt Cure\n|upkeep\n|turn|7\n|\n|t:|1699809978\n|move|p2a: Garganacl|Recover|p2a: Garganacl\n|-heal|p2a: Garganacl|100\/100\n|move|p1a: Slowking|Chilly Reception|p1a: Slowking\n|-weather|Snow\n|\n|t:|1699809982\n|switch|p1a: Happy|Jirachi|100\/100|[from] Chilly Reception\n|\n|-weather|Snow|[upkeep]\n|-damage|p2a: Garganacl|88\/100|[from] item: Black Sludge\n|upkeep\n|turn|8\n|\n|t:|1699809989\n|move|p1a: Happy|Aura Sphere|p2a: Garganacl\n|-supereffective|p2a: Garganacl\n|-damage|p2a: Garganacl|47\/100\n|move|p2a: Garganacl|Body Press|p1a: Happy\n|-damage|p1a: Happy|17\/100\n|\n|-weather|Snow|[upkeep]\n|-end|p2a: Garganacl|move: Future Sight\n|-damage|p2a: Garganacl|8\/100\n|-heal|p1a: Happy|24\/100|[from] item: Leftovers\n|-damage|p2a: Garganacl|0 fnt|[from] item: Black Sludge\n|faint|p2a: Garganacl\n|upkeep\n|\n|t:|1699809998\n|switch|p2a: Ogerpon|Ogerpon, F|100\/100\n|turn|9\n|\n|t:|1699810011\n|switch|p1a: Mandibuzz|Mandibuzz, F|72\/100\n|move|p2a: Ogerpon|Ivy Cudgel|p1a: Mandibuzz\n|-resisted|p1a: Mandibuzz\n|-damage|p1a: Mandibuzz|55\/100\n|-damage|p2a: Ogerpon|91\/100|[from] item: Life Orb\n|\n|-weather|Snow|[upkeep]\n|upkeep\n|turn|10\n|\n|t:|1699810021\n|move|p2a: Ogerpon|Play Rough|p1a: Mandibuzz|[miss]\n|-miss|p2a: Ogerpon|p1a: Mandibuzz\n|move|p1a: Mandibuzz|Knock Off|p2a: Ogerpon\n|-damage|p2a: Ogerpon|59\/100\n|-enditem|p2a: Ogerpon|Life Orb|[from] move: Knock Off|[of] p1a: Mandibuzz\n|\n|-weather|Snow|[upkeep]\n|upkeep\n|turn|11\n|\n|t:|1699810031\n|switch|p1a: Slowking|Slowking-Galar, M|99\/100\n|move|p2a: Ogerpon|Play Rough|p1a: Slowking\n|-resisted|p1a: Slowking\n|-damage|p1a: Slowking|89\/100\n|-unboost|p1a: Slowking|atk|1\n|\n|-weather|none\n|upkeep\n|turn|12\n|\n|t:|1699810038\n|switch|p2a: Rillaboom|Rillaboom, F|100\/100\n|-fieldstart|move: Grassy Terrain|[from] ability: Grassy Surge|[of] p2a: Rillaboom\n|move|p1a: Slowking|Ice Beam|p2a: Rillaboom\n|-supereffective|p2a: Rillaboom\n|-damage|p2a: Rillaboom|46\/100\n|\n|-heal|p2a: Rillaboom|52\/100|[from] Grassy Terrain\n|-heal|p1a: Slowking|95\/100|[from] Grassy Terrain\n|upkeep\n|turn|13\n|\n|t:|1699810048\n|switch|p1a: Mandibuzz|Mandibuzz, F|55\/100\n|move|p2a: Rillaboom|Knock Off|p1a: Mandibuzz\n|-resisted|p1a: Mandibuzz\n|-damage|p1a: Mandibuzz|45\/100\n|-enditem|p1a: Mandibuzz|Heavy-Duty Boots|[from] move: Knock Off|[of] p2a: Rillaboom\n|\n|-heal|p2a: Rillaboom|58\/100|[from] Grassy Terrain\n|upkeep\n|turn|14\n|\n|t:|1699810053\n|move|p2a: Rillaboom|U-turn|p1a: Mandibuzz\n|-damage|p1a: Mandibuzz|30\/100\n|\n|t:|1699810058\n|switch|p2a: Ceruledge|Ceruledge, M|100\/100|[from] U-turn\n|move|p1a: Mandibuzz|Roost|p1a: Mandibuzz\n|-heal|p1a: Mandibuzz|80\/100\n|-singleturn|p1a: Mandibuzz|move: Roost\n|\n|-heal|p1a: Mandibuzz|87\/100|[from] Grassy Terrain\n|upkeep\n|turn|15\n|\n|t:|1699810069\n|move|p2a: Ceruledge|Bitter Blade|p1a: Mandibuzz\n|-damage|p1a: Mandibuzz|60\/100\n|move|p1a: Mandibuzz|Knock Off|p2a: Ceruledge\n|-supereffective|p2a: Ceruledge\n|-damage|p2a: Ceruledge|32\/100\n|-ability|p2a: Ceruledge|Weak Armor|boost\n|-unboost|p2a: Ceruledge|def|1\n|-boost|p2a: Ceruledge|spe|2\n|-enditem|p2a: Ceruledge|Focus Sash|[from] move: Knock Off|[of] p1a: Mandibuzz\n|\n|-heal|p2a: Ceruledge|39\/100|[from] Grassy Terrain\n|upkeep\n|turn|16\n|\n|t:|1699810075\n|move|p2a: Ceruledge|Bitter Blade|p1a: Mandibuzz\n|-damage|p1a: Mandibuzz|35\/100\n|-heal|p2a: Ceruledge|57\/100|[from] drain|[of] p1a: Mandibuzz\n|move|p1a: Mandibuzz|Foul Play|p2a: Ceruledge\n|-supereffective|p2a: Ceruledge\n|-damage|p2a: Ceruledge|0 fnt\n|faint|p2a: Ceruledge\n|\n|upkeep\n|-message|PixlGamer forfeited.\n|\n|win|Wa17ace\n|raw|Wa17ace's rating: 1177 &rarr; <strong>1209<\/strong><br \/>(+32 for winning)\n|raw|PixlGamer's rating: 1276 &rarr; <strong>1244<\/strong><br \/>(-32 for losing)\n|l|\u2606PixlGamer\n","uploadtime":1699810115,"views":11,"p1id":"wa17ace","p2id":"pixlgamer","formatid":"gen9ou","rating":1209,"private":0,"password":""}