{"id":"gen9ou-1993871628","p1":"eggdog00","p2":"gasxhaxj","format":"[Gen 9] OU","log":"|j|\u203deggdog00\n|j|\u2606gasxhaxj\n|t:|1700368037\n|gametype|singles\n|player|p1|eggdog00|2|1485\n|player|p2|gasxhaxj|psychic-gen4|1412\n|teamsize|p1|6\n|teamsize|p2|6\n|gen|9\n|tier|[Gen 9] OU\n|rated|\n|rule|Sleep Clause Mod: Limit one foe put to sleep\n|rule|Species Clause: Limit one of each Pok\u00e9mon\n|rule|OHKO Clause: OHKO moves are banned\n|rule|Evasion Items Clause: Evasion items are banned\n|rule|Evasion Moves Clause: Evasion moves are banned\n|rule|Endless Battle Clause: Forcing endless battles is banned\n|rule|HP Percentage Mod: HP is shown in percentages\n|clearpoke\n|poke|p1|Rillaboom, M|\n|poke|p1|Sneasler, M|\n|poke|p1|Hatterene, F|\n|poke|p1|Heatran, F|\n|poke|p1|Zamazenta-*|\n|poke|p1|Ogerpon-Wellspring, F|\n|poke|p2|Alomomola, F|\n|poke|p2|Corviknight, F|\n|poke|p2|Sneasler, M|\n|poke|p2|Kingambit, F|\n|poke|p2|Weezing-Galar, M|\n|poke|p2|Clodsire, F|\n|teampreview\n|inactive|Battle timer is ON: inactive players will automatically lose when time's up. (requested by eggdog00)\n|\n|t:|1700368047\n|start\n|switch|p1a: Rillaboom|Rillaboom, M|100\/100\n|switch|p2a: Sneasler|Sneasler, M|100\/100\n|-ability|p2a: Sneasler|Pressure\n|-fieldstart|move: Grassy Terrain|[from] ability: Grassy Surge|[of] p1a: Rillaboom\n|turn|1\n|\n|t:|1700368066\n|switch|p1a: Heatran|Heatran, F|100\/100\n|move|p2a: Sneasler|Substitute|p2a: Sneasler\n|-start|p2a: Sneasler|Substitute\n|-damage|p2a: Sneasler|76\/100\n|\n|-heal|p2a: Sneasler|82\/100|[from] Grassy Terrain\n|-heal|p2a: Sneasler|88\/100|[from] item: Black Sludge\n|upkeep\n|turn|2\n|\n|t:|1700368076\n|switch|p1a: Hatterene|Hatterene, F|100\/100\n|-enditem|p1a: Hatterene|Grassy Seed\n|-boost|p1a: Hatterene|def|1|[from] item: Grassy Seed\n|move|p2a: Sneasler|Protect||[still]\n|-fail|p2a: Sneasler\n|\n|-heal|p2a: Sneasler|94\/100|[from] Grassy Terrain\n|-heal|p2a: Sneasler|99\/100|[from] item: Black Sludge\n|upkeep\n|turn|3\n|\n|t:|1700368087\n|-terastallize|p1a: Hatterene|Water\n|move|p2a: Sneasler|Poison Jab|p1a: Hatterene\n|-damage|p1a: Hatterene|82\/100\n|move|p1a: Hatterene|Psyshock|p2a: Sneasler\n|-supereffective|p2a: Sneasler\n|-end|p2a: Sneasler|Substitute\n|\n|-heal|p2a: Sneasler|100\/100|[from] Grassy Terrain\n|-heal|p1a: Hatterene|88\/100|[from] Grassy Terrain\n|upkeep\n|turn|4\n|\n|t:|1700368100\n|switch|p2a: Kingambit|Kingambit, F|100\/100\n|-ability|p2a: Kingambit|Pressure\n|move|p1a: Hatterene|Mystical Fire|p2a: Kingambit\n|-supereffective|p2a: Kingambit\n|-damage|p2a: Kingambit|65\/100\n|-unboost|p2a: Kingambit|spa|1\n|\n|-heal|p2a: Kingambit|71\/100|[from] Grassy Terrain\n|-heal|p2a: Kingambit|77\/100|[from] item: Leftovers\n|-heal|p1a: Hatterene|94\/100|[from] Grassy Terrain\n|upkeep\n|turn|5\n|\n|t:|1700368111\n|switch|p1a: Zamazenta|Zamazenta|100\/100\n|-ability|p1a: Zamazenta|Dauntless Shield|boost\n|-boost|p1a: Zamazenta|def|1\n|move|p2a: Kingambit|Substitute|p2a: Kingambit\n|-start|p2a: Kingambit|Substitute\n|-damage|p2a: Kingambit|52\/100\n|\n|-heal|p2a: Kingambit|58\/100|[from] Grassy Terrain\n|-heal|p2a: Kingambit|65\/100|[from] item: Leftovers\n|-fieldend|move: Grassy Terrain\n|upkeep\n|turn|6\n|\n|t:|1700368118\n|move|p1a: Zamazenta|Heavy Slam|p2a: Kingambit\n|-resisted|p2a: Kingambit\n|-activate|p2a: Kingambit|move: Substitute|[damage]\n|move|p2a: Kingambit|Swords Dance|p2a: Kingambit\n|-boost|p2a: Kingambit|atk|2\n|\n|-heal|p2a: Kingambit|71\/100|[from] item: Leftovers\n|upkeep\n|turn|7\n|\n|t:|1700368125\n|move|p2a: Kingambit|Protect|p2a: Kingambit\n|-singleturn|p2a: Kingambit|Protect\n|move|p1a: Zamazenta|Iron Defense|p1a: Zamazenta\n|-boost|p1a: Zamazenta|def|2\n|\n|-heal|p2a: Kingambit|77\/100|[from] item: Leftovers\n|upkeep\n|turn|8\n|\n|t:|1700368132\n|move|p1a: Zamazenta|Body Press|p2a: Kingambit\n|-supereffective|p2a: Kingambit\n|-end|p2a: Kingambit|Substitute\n|move|p2a: Kingambit|Substitute|p2a: Kingambit\n|-start|p2a: Kingambit|Substitute\n|-damage|p2a: Kingambit|52\/100\n|\n|-heal|p2a: Kingambit|58\/100|[from] item: Leftovers\n|upkeep\n|turn|9\n|\n|t:|1700368141\n|move|p1a: Zamazenta|Iron Defense|p1a: Zamazenta\n|-boost|p1a: Zamazenta|def|2\n|move|p2a: Kingambit|Kowtow Cleave|p1a: Zamazenta\n|-resisted|p1a: Zamazenta\n|-damage|p1a: Zamazenta|92\/100\n|\n|-heal|p1a: Zamazenta|98\/100|[from] item: Leftovers\n|-heal|p2a: Kingambit|64\/100|[from] item: Leftovers\n|upkeep\n|turn|10\n|\n|t:|1700368149\n|move|p1a: Zamazenta|Body Press|p2a: Kingambit\n|-supereffective|p2a: Kingambit\n|-end|p2a: Kingambit|Substitute\n|move|p2a: Kingambit|Substitute|p2a: Kingambit\n|-start|p2a: Kingambit|Substitute\n|-damage|p2a: Kingambit|39\/100\n|\n|-heal|p1a: Zamazenta|100\/100|[from] item: Leftovers\n|-heal|p2a: Kingambit|46\/100|[from] item: Leftovers\n|upkeep\n|turn|11\n|\n|t:|1700368160\n|move|p2a: Kingambit|Protect|p2a: Kingambit\n|-singleturn|p2a: Kingambit|Protect\n|move|p1a: Zamazenta|Crunch|p2a: Kingambit\n|-activate|p2a: Kingambit|move: Protect\n|\n|-heal|p2a: Kingambit|52\/100|[from] item: Leftovers\n|upkeep\n|turn|12\n|\n|t:|1700368171\n|move|p1a: Zamazenta|Body Press|p2a: Kingambit\n|-supereffective|p2a: Kingambit\n|-end|p2a: Kingambit|Substitute\n|move|p2a: Kingambit|Substitute|p2a: Kingambit\n|-start|p2a: Kingambit|Substitute\n|-damage|p2a: Kingambit|27\/100\n|\n|-heal|p2a: Kingambit|33\/100|[from] item: Leftovers\n|upkeep\n|turn|13\n|\n|t:|1700368179\n|move|p2a: Kingambit|Protect|p2a: Kingambit\n|-singleturn|p2a: Kingambit|Protect\n|move|p1a: Zamazenta|Iron Defense|p1a: Zamazenta\n|-boost|p1a: Zamazenta|def|1\n|\n|-heal|p2a: Kingambit|39\/100|[from] item: Leftovers\n|upkeep\n|turn|14\n|\n|t:|1700368188\n|move|p2a: Kingambit|Protect||[still]\n|-fail|p2a: Kingambit\n|move|p1a: Zamazenta|Body Press|p2a: Kingambit\n|-supereffective|p2a: Kingambit\n|-end|p2a: Kingambit|Substitute\n|\n|-heal|p2a: Kingambit|45\/100|[from] item: Leftovers\n|upkeep\n|turn|15\n|\n|t:|1700368200\n|move|p2a: Kingambit|Protect|p2a: Kingambit\n|-singleturn|p2a: Kingambit|Protect\n|move|p1a: Zamazenta|Crunch|p2a: Kingambit\n|-activate|p2a: Kingambit|move: Protect\n|\n|-heal|p2a: Kingambit|51\/100|[from] item: Leftovers\n|upkeep\n|turn|16\n|\n|t:|1700368207\n|switch|p2a: Clodsire|Clodsire, F|100\/100\n|move|p1a: Zamazenta|Body Press|p2a: Clodsire\n|-resisted|p2a: Clodsire\n|-damage|p2a: Clodsire|83\/100\n|\n|upkeep\n|turn|17\n|\n|t:|1700368215\n|switch|p1a: Hatterene|Hatterene, F, tera:Water|94\/100\n|move|p2a: Clodsire|Toxic|p1a: Hatterene\n|move|p1a: Hatterene|Toxic|p2a: Clodsire|[from]ability: Magic Bounce\n|-immune|p2a: Clodsire\n|\n|upkeep\n|turn|18\n|\n|t:|1700368226\n|switch|p2a: Alomomola|Alomomola, F|100\/100\n|move|p1a: Hatterene|Mystical Fire|p2a: Alomomola\n|-resisted|p2a: Alomomola\n|-crit|p2a: Alomomola\n|-damage|p2a: Alomomola|85\/100\n|-unboost|p2a: Alomomola|spa|1\n|\n|-heal|p2a: Alomomola|91\/100|[from] item: Leftovers\n|upkeep\n|turn|19\n|\n|t:|1700368232\n|move|p2a: Alomomola|Wish|p2a: Alomomola\n|move|p1a: Hatterene|Calm Mind|p1a: Hatterene\n|-boost|p1a: Hatterene|spa|1\n|-boost|p1a: Hatterene|spd|1\n|\n|-heal|p2a: Alomomola|98\/100|[from] item: Leftovers\n|upkeep\n|turn|20\n|\n|t:|1700368240\n|move|p1a: Hatterene|Calm Mind|p1a: Hatterene\n|-boost|p1a: Hatterene|spa|1\n|-boost|p1a: Hatterene|spd|1\n|move|p2a: Alomomola|Mirror Coat||[still]\n|-fail|p2a: Alomomola\n|\n|-heal|p2a: Alomomola|100\/100|[from] move: Wish|[wisher] Alomomola\n|upkeep\n|turn|21\n|\n|t:|1700368245\n|move|p2a: Alomomola|Wish|p2a: Alomomola\n|move|p1a: Hatterene|Calm Mind|p1a: Hatterene\n|-boost|p1a: Hatterene|spa|1\n|-boost|p1a: Hatterene|spd|1\n|\n|upkeep\n|turn|22\n|\n|t:|1700368250\n|move|p1a: Hatterene|Calm Mind|p1a: Hatterene\n|-boost|p1a: Hatterene|spa|1\n|-boost|p1a: Hatterene|spd|1\n|move|p2a: Alomomola|Mirror Coat||[still]\n|-fail|p2a: Alomomola\n|\n|upkeep\n|turn|23\n|\n|t:|1700368253\n|move|p1a: Hatterene|Calm Mind|p1a: Hatterene\n|-boost|p1a: Hatterene|spa|1\n|-boost|p1a: Hatterene|spd|1\n|move|p2a: Alomomola|Mirror Coat||[still]\n|-fail|p2a: Alomomola\n|\n|upkeep\n|turn|24\n|\n|t:|1700368255\n|move|p1a: Hatterene|Calm Mind|p1a: Hatterene\n|-boost|p1a: Hatterene|spa|1\n|-boost|p1a: Hatterene|spd|1\n|move|p2a: Alomomola|Mirror Coat||[still]\n|-fail|p2a: Alomomola\n|\n|upkeep\n|turn|25\n|\n|t:|1700368257\n|move|p1a: Hatterene|Draining Kiss|p2a: Alomomola\n|-damage|p2a: Alomomola|25\/100\n|-heal|p1a: Hatterene|100\/100|[from] drain|[of] p2a: Alomomola\n|move|p2a: Alomomola|Mirror Coat|p1a: Hatterene\n|-damage|p1a: Hatterene|0 fnt\n|faint|p1a: Hatterene\n|\n|-heal|p2a: Alomomola|31\/100|[from] item: Leftovers\n|upkeep\n|\n|t:|1700368261\n|switch|p1a: Rillaboom|Rillaboom, M|100\/100\n|-fieldstart|move: Grassy Terrain|[from] ability: Grassy Surge|[of] p1a: Rillaboom\n|turn|26\n|\n|t:|1700368265\n|switch|p2a: Corviknight|Corviknight, F|100\/100\n|-ability|p2a: Corviknight|Pressure\n|move|p1a: Rillaboom|Knock Off|p2a: Corviknight\n|-damage|p2a: Corviknight|69\/100\n|-enditem|p2a: Corviknight|Leftovers|[from] move: Knock Off|[of] p1a: Rillaboom\n|\n|upkeep\n|turn|27\n|\n|t:|1700368274\n|switch|p1a: Heatran|Heatran, F|100\/100\n|move|p2a: Corviknight|Roost|p2a: Corviknight\n|-heal|p2a: Corviknight|100\/100\n|-singleturn|p2a: Corviknight|move: Roost\n|\n|upkeep\n|turn|28\n|\n|t:|1700368280\n|switch|p2a: Alomomola|Alomomola, F|65\/100\n|move|p1a: Heatran|Stealth Rock|p2a: Alomomola\n|-sidestart|p2: gasxhaxj|move: Stealth Rock\n|\n|-heal|p2a: Alomomola|71\/100|[from] Grassy Terrain\n|-heal|p2a: Alomomola|77\/100|[from] item: Leftovers\n|upkeep\n|turn|29\n|\n|t:|1700368287\n|move|p1a: Heatran|Taunt|p2a: Alomomola\n|-start|p2a: Alomomola|move: Taunt\n|move|p2a: Alomomola|Flip Turn|p1a: Heatran\n|-supereffective|p1a: Heatran\n|-damage|p1a: Heatran|70\/100\n|\n|t:|1700368297\n|switch|p2a: Sneasler|Sneasler, M|100\/100|[from] Flip Turn\n|-damage|p2a: Sneasler|94\/100|[from] Stealth Rock\n|-ability|p2a: Sneasler|Pressure\n|\n|-heal|p2a: Sneasler|100\/100|[from] Grassy Terrain\n|-heal|p1a: Heatran|77\/100|[from] Grassy Terrain\n|-heal|p1a: Heatran|83\/100|[from] item: Leftovers\n|upkeep\n|turn|30\n|\n|t:|1700368301\n|move|p2a: Sneasler|Substitute|p2a: Sneasler\n|-start|p2a: Sneasler|Substitute\n|-damage|p2a: Sneasler|76\/100\n|move|p1a: Heatran|Earth Power|p2a: Sneasler\n|-supereffective|p2a: Sneasler\n|-end|p2a: Sneasler|Substitute\n|\n|-heal|p2a: Sneasler|82\/100|[from] Grassy Terrain\n|-heal|p2a: Sneasler|88\/100|[from] item: Black Sludge\n|-heal|p1a: Heatran|89\/100|[from] Grassy Terrain\n|-heal|p1a: Heatran|95\/100|[from] item: Leftovers\n|-fieldend|move: Grassy Terrain\n|upkeep\n|turn|31\n|\n|t:|1700368308\n|move|p2a: Sneasler|Substitute|p2a: Sneasler\n|-start|p2a: Sneasler|Substitute\n|-damage|p2a: Sneasler|63\/100\n|move|p1a: Heatran|Earth Power|p2a: Sneasler\n|-supereffective|p2a: Sneasler\n|-end|p2a: Sneasler|Substitute\n|\n|-heal|p2a: Sneasler|69\/100|[from] item: Black Sludge\n|-heal|p1a: Heatran|100\/100|[from] item: Leftovers\n|upkeep\n|turn|32\n|\n|t:|1700368313\n|move|p2a: Sneasler|Protect|p2a: Sneasler\n|-singleturn|p2a: Sneasler|Protect\n|move|p1a: Heatran|Earth Power|p2a: Sneasler\n|-activate|p2a: Sneasler|move: Protect\n|\n|-heal|p2a: Sneasler|75\/100|[from] item: Black Sludge\n|upkeep\n|turn|33\n|\n|t:|1700368320\n|move|p2a: Sneasler|Substitute|p2a: Sneasler\n|-start|p2a: Sneasler|Substitute\n|-damage|p2a: Sneasler|50\/100\n|move|p1a: Heatran|Magma Storm|p2a: Sneasler\n|-end|p2a: Sneasler|Substitute\n|\n|-heal|p2a: Sneasler|56\/100|[from] item: Black Sludge\n|upkeep\n|turn|34\n|\n|t:|1700368326\n|move|p2a: Sneasler|Protect|p2a: Sneasler\n|-singleturn|p2a: Sneasler|Protect\n|move|p1a: Heatran|Earth Power|p2a: Sneasler\n|-activate|p2a: Sneasler|move: Protect\n|\n|-heal|p2a: Sneasler|62\/100|[from] item: Black Sludge\n|upkeep\n|turn|35\n|\n|t:|1700368331\n|move|p2a: Sneasler|Substitute|p2a: Sneasler\n|-start|p2a: Sneasler|Substitute\n|-damage|p2a: Sneasler|38\/100\n|move|p1a: Heatran|Taunt|p2a: Sneasler\n|-start|p2a: Sneasler|move: Taunt\n|\n|-heal|p2a: Sneasler|44\/100|[from] item: Black Sludge\n|upkeep\n|turn|36\n|\n|t:|1700368336\n|move|p2a: Sneasler|Low Kick|p1a: Heatran\n|-supereffective|p1a: Heatran\n|-damage|p1a: Heatran|15\/100\n|move|p1a: Heatran|Magma Storm|p2a: Sneasler|[miss]\n|-miss|p1a: Heatran|p2a: Sneasler\n|\n|-heal|p2a: Sneasler|50\/100|[from] item: Black Sludge\n|-heal|p1a: Heatran|21\/100|[from] item: Leftovers\n|upkeep\n|turn|37\n|\n|t:|1700368341\n|move|p2a: Sneasler|Low Kick|p1a: Heatran\n|-supereffective|p1a: Heatran\n|-damage|p1a: Heatran|0 fnt\n|faint|p1a: Heatran\n|\n|-heal|p2a: Sneasler|56\/100|[from] item: Black Sludge\n|upkeep\n|-message|eggdog00 forfeited.\n|\n|win|gasxhaxj\n|raw|eggdog00's rating: 1485 &rarr; <strong>1461<\/strong><br \/>(-24 for losing)\n|raw|gasxhaxj's rating: 1412 &rarr; <strong>1436<\/strong><br \/>(+24 for winning)\n|l|\u203deggdog00\n","uploadtime":1700368376,"views":22,"p1id":"eggdog00","p2id":"gasxhaxj","formatid":"gen9ou","rating":1436,"private":0,"password":""}