{"id":"gen9ou-1989946237","p1":"Huboy","p2":"Fiekd","format":"[Gen 9] OU","log":"|j|\u2606Huboy\n|j|\u2606Fiekd\n|t:|1699909091\n|gametype|singles\n|player|p1|Huboy|hilbert|1455\n|player|p2|Fiekd|n|1553\n|teamsize|p1|6\n|teamsize|p2|6\n|gen|9\n|tier|[Gen 9] OU\n|rated|\n|rule|Sleep Clause Mod: Limit one foe put to sleep\n|rule|Species Clause: Limit one of each Pok\u00e9mon\n|rule|OHKO Clause: OHKO moves are banned\n|rule|Evasion Items Clause: Evasion items are banned\n|rule|Evasion Moves Clause: Evasion moves are banned\n|rule|Endless Battle Clause: Forcing endless battles is banned\n|rule|HP Percentage Mod: HP is shown in percentages\n|clearpoke\n|poke|p1|Talonflame, F|\n|poke|p1|Jolteon, F|\n|poke|p1|Milotic, F|\n|poke|p1|Goodra-Hisui, M|\n|poke|p1|Dondozo, M|\n|poke|p1|Great Tusk|\n|poke|p2|Rillaboom, F|\n|poke|p2|Sneasler, F|\n|poke|p2|Zamazenta-*|\n|poke|p2|Heatran, F|\n|poke|p2|Hatterene, F|\n|poke|p2|Manaphy|\n|teampreview\n|\n|t:|1699909107\n|start\n|switch|p1a: Jolteon|Jolteon, F|100\/100\n|switch|p2a: Rillaboom|Rillaboom, F|100\/100\n|-fieldstart|move: Grassy Terrain|[from] ability: Grassy Surge|[of] p2a: Rillaboom\n|turn|1\n|\n|t:|1699909116\n|switch|p1a: Talonflame|Talonflame, F|100\/100\n|move|p2a: Rillaboom|Wood Hammer|p1a: Talonflame\n|-resisted|p1a: Talonflame\n|-damage|p1a: Talonflame|70\/100\n|-status|p2a: Rillaboom|brn|[from] ability: Flame Body|[of] p1a: Talonflame\n|-damage|p2a: Rillaboom|92\/100 brn|[from] Recoil\n|\n|-heal|p2a: Rillaboom|99\/100 brn|[from] Grassy Terrain\n|-damage|p2a: Rillaboom|92\/100 brn|[from] brn\n|upkeep\n|turn|2\n|\n|t:|1699909145\n|switch|p1a: Jolteon|Jolteon, F|100\/100\n|switch|p2a: Heatran|Heatran, F|100\/100\n|-item|p2a: Heatran|Air Balloon\n|\n|-status|p1a: Jolteon|brn|[from] item: Flame Orb\n|upkeep\n|turn|3\n|\n|t:|1699909158\n|move|p1a: Jolteon|Volt Switch|p2a: Heatran\n|-damage|p2a: Heatran|80\/100\n|-enditem|p2a: Heatran|Air Balloon\n|\n|t:|1699909165\n|switch|p1a: Milotic|Milotic, F|100\/100|[from] Volt Switch\n|move|p2a: Heatran|Earth Power|p1a: Milotic\n|-damage|p1a: Milotic|84\/100\n|\n|-heal|p2a: Heatran|86\/100|[from] Grassy Terrain\n|-heal|p1a: Milotic|91\/100|[from] Grassy Terrain\n|-heal|p1a: Milotic|97\/100|[from] item: Leftovers\n|upkeep\n|turn|4\n|\n|t:|1699909177\n|switch|p2a: Manaphy|Manaphy|100\/100\n|move|p1a: Milotic|Ice Beam|p2a: Manaphy\n|-resisted|p2a: Manaphy\n|-damage|p2a: Manaphy|89\/100\n|\n|-heal|p2a: Manaphy|95\/100|[from] Grassy Terrain\n|-heal|p2a: Manaphy|100\/100|[from] item: Leftovers\n|-heal|p1a: Milotic|100\/100|[from] Grassy Terrain\n|upkeep\n|turn|5\n|\n|t:|1699909186\n|switch|p1a: Goodra|Goodra-Hisui, M|100\/100\n|move|p2a: Manaphy|Take Heart|p2a: Manaphy\n|-boost|p2a: Manaphy|spa|1\n|-boost|p2a: Manaphy|spd|1\n|\n|-fieldend|move: Grassy Terrain\n|upkeep\n|turn|6\n|\n|t:|1699909197\n|switch|p1a: Milotic|Milotic, F|100\/100\n|move|p2a: Manaphy|Scald|p1a: Milotic\n|-resisted|p1a: Milotic\n|-damage|p1a: Milotic|88\/100\n|\n|-heal|p1a: Milotic|94\/100|[from] item: Leftovers\n|upkeep\n|turn|7\n|\n|t:|1699909204\n|move|p2a: Manaphy|Take Heart|p2a: Manaphy\n|-boost|p2a: Manaphy|spa|1\n|-boost|p2a: Manaphy|spd|1\n|move|p1a: Milotic|Haze|p1a: Milotic\n|-clearallboost\n|\n|-heal|p1a: Milotic|99\/100|[from] item: Leftovers\n|upkeep\n|turn|8\n|\n|t:|1699909215\n|switch|p2a: Hatterene|Hatterene, F|100\/100\n|move|p1a: Milotic|Scald|p2a: Hatterene\n|-damage|p2a: Hatterene|63\/100\n|-status|p2a: Hatterene|brn\n|\n|-heal|p1a: Milotic|100\/100|[from] item: Leftovers\n|-damage|p2a: Hatterene|57\/100 brn|[from] brn\n|upkeep\n|turn|9\n|\n|t:|1699909237\n|switch|p1a: Great Tusk|Great Tusk|100\/100\n|move|p2a: Hatterene|Psyshock|p1a: Great Tusk\n|-supereffective|p1a: Great Tusk\n|-damage|p1a: Great Tusk|46\/100\n|\n|-damage|p2a: Hatterene|51\/100 brn|[from] brn\n|upkeep\n|turn|10\n|\n|t:|1699909244\n|move|p1a: Great Tusk|Earthquake|p2a: Hatterene\n|-damage|p2a: Hatterene|14\/100 brn\n|move|p2a: Hatterene|Psyshock|p1a: Great Tusk\n|-supereffective|p1a: Great Tusk\n|-damage|p1a: Great Tusk|0 fnt\n|faint|p1a: Great Tusk\n|-end|p1a: Great Tusk|Protosynthesis|[silent]\n|\n|-damage|p2a: Hatterene|8\/100 brn|[from] brn\n|upkeep\n|\n|t:|1699909256\n|switch|p1a: Jolteon|Jolteon, F|100\/100 brn\n|turn|11\n|\n|t:|1699909277\n|move|p1a: Jolteon|Volt Switch|p2a: Hatterene\n|-damage|p2a: Hatterene|0 fnt\n|faint|p2a: Hatterene\n|\n|t:|1699909284\n|switch|p1a: Talonflame|Talonflame, F|70\/100|[from] Volt Switch\n|\n|upkeep\n|\n|t:|1699909290\n|switch|p2a: Heatran|Heatran, F|86\/100\n|turn|12\n|\n|t:|1699909303\n|switch|p1a: Milotic|Milotic, F|100\/100\n|move|p2a: Heatran|Magma Storm|p1a: Milotic\n|-resisted|p1a: Milotic\n|-damage|p1a: Milotic|86\/100\n|-activate|p1a: Milotic|move: Magma Storm|[of] p2a: Heatran\n|\n|-heal|p1a: Milotic|92\/100|[from] item: Leftovers\n|-damage|p1a: Milotic|80\/100|[from] move: Magma Storm|[partiallytrapped]\n|upkeep\n|turn|13\n|\n|t:|1699909315\n|move|p2a: Heatran|Earth Power|p1a: Milotic\n|-damage|p1a: Milotic|62\/100\n|move|p1a: Milotic|Ice Beam|p2a: Heatran\n|-resisted|p2a: Heatran\n|-damage|p2a: Heatran|82\/100\n|\n|-heal|p1a: Milotic|68\/100|[from] item: Leftovers\n|-damage|p1a: Milotic|56\/100|[from] move: Magma Storm|[partiallytrapped]\n|upkeep\n|turn|14\n|\n|t:|1699909324\n|move|p2a: Heatran|Taunt|p1a: Milotic\n|-start|p1a: Milotic|move: Taunt\n|move|p1a: Milotic|Scald|p2a: Heatran\n|-supereffective|p2a: Heatran\n|-damage|p2a: Heatran|35\/100\n|\n|-heal|p1a: Milotic|62\/100|[from] item: Leftovers\n|-damage|p1a: Milotic|50\/100|[from] move: Magma Storm|[partiallytrapped]\n|upkeep\n|turn|15\n|\n|t:|1699909333\n|move|p2a: Heatran|Magma Storm|p1a: Milotic|[miss]\n|-miss|p2a: Heatran|p1a: Milotic\n|move|p1a: Milotic|Scald|p2a: Heatran\n|-supereffective|p2a: Heatran\n|-damage|p2a: Heatran|0 fnt\n|faint|p2a: Heatran\n|\n|-heal|p1a: Milotic|56\/100|[from] item: Leftovers\n|-end|p1a: Milotic|Magma Storm|[partiallytrapped]|[silent]\n|upkeep\n|\n|t:|1699909336\n|switch|p2a: Rillaboom|Rillaboom, F|92\/100 brn\n|-fieldstart|move: Grassy Terrain|[from] ability: Grassy Surge|[of] p2a: Rillaboom\n|turn|16\n|\n|t:|1699909349\n|switch|p1a: Talonflame|Talonflame, F|70\/100\n|move|p2a: Rillaboom|Knock Off|p1a: Talonflame\n|-damage|p1a: Talonflame|40\/100\n|-enditem|p1a: Talonflame|Heavy-Duty Boots|[from] move: Knock Off|[of] p2a: Rillaboom\n|\n|-heal|p2a: Rillaboom|99\/100 brn|[from] Grassy Terrain\n|-damage|p2a: Rillaboom|92\/100 brn|[from] brn\n|upkeep\n|turn|17\n|\n|t:|1699909359\n|move|p1a: Talonflame|Roost|p1a: Talonflame\n|-heal|p1a: Talonflame|90\/100\n|-singleturn|p1a: Talonflame|move: Roost\n|move|p2a: Rillaboom|Knock Off|p1a: Talonflame\n|-damage|p1a: Talonflame|70\/100\n|\n|-heal|p1a: Talonflame|76\/100|[from] Grassy Terrain\n|-heal|p2a: Rillaboom|99\/100 brn|[from] Grassy Terrain\n|-damage|p2a: Rillaboom|92\/100 brn|[from] brn\n|upkeep\n|turn|18\n|\n|t:|1699909369\n|switch|p2a: Manaphy|Manaphy|100\/100\n|move|p1a: Talonflame|Flamethrower|p2a: Manaphy\n|-resisted|p2a: Manaphy\n|-damage|p2a: Manaphy|91\/100\n|\n|-heal|p2a: Manaphy|97\/100|[from] Grassy Terrain\n|-heal|p2a: Manaphy|100\/100|[from] item: Leftovers\n|upkeep\n|turn|19\n|\n|t:|1699909394\n|switch|p1a: Goodra|Goodra-Hisui, M|100\/100\n|move|p2a: Manaphy|Take Heart|p2a: Manaphy\n|-boost|p2a: Manaphy|spa|1\n|-boost|p2a: Manaphy|spd|1\n|\n|upkeep\n|turn|20\n|\n|t:|1699909400\n|move|p2a: Manaphy|Take Heart|p2a: Manaphy\n|-boost|p2a: Manaphy|spa|1\n|-boost|p2a: Manaphy|spd|1\n|move|p1a: Goodra|Thunderbolt|p2a: Manaphy\n|-supereffective|p2a: Manaphy\n|-damage|p2a: Manaphy|68\/100\n|-damage|p1a: Goodra|91\/100|[from] item: Life Orb\n|\n|-heal|p2a: Manaphy|74\/100|[from] Grassy Terrain\n|-heal|p2a: Manaphy|81\/100|[from] item: Leftovers\n|-heal|p1a: Goodra|97\/100|[from] Grassy Terrain\n|-fieldend|move: Grassy Terrain\n|upkeep\n|turn|21\n|\n|t:|1699909414\n|switch|p1a: Milotic|Milotic, F|56\/100\n|move|p2a: Manaphy|Take Heart|p2a: Manaphy\n|-boost|p2a: Manaphy|spa|1\n|-boost|p2a: Manaphy|spd|1\n|\n|-heal|p2a: Manaphy|87\/100|[from] item: Leftovers\n|-heal|p1a: Milotic|62\/100|[from] item: Leftovers\n|upkeep\n|turn|22\n|\n|t:|1699909426\n|move|p2a: Manaphy|Stored Power|p1a: Milotic\n|-damage|p1a: Milotic|13\/100\n|move|p1a: Milotic|Haze|p1a: Milotic\n|-clearallboost\n|\n|-heal|p2a: Manaphy|93\/100|[from] item: Leftovers\n|-heal|p1a: Milotic|19\/100|[from] item: Leftovers\n|upkeep\n|turn|23\n|\n|t:|1699909434\n|move|p2a: Manaphy|Take Heart|p2a: Manaphy\n|-boost|p2a: Manaphy|spa|1\n|-boost|p2a: Manaphy|spd|1\n|move|p1a: Milotic|Recover|p1a: Milotic\n|-heal|p1a: Milotic|69\/100\n|\n|-heal|p2a: Manaphy|99\/100|[from] item: Leftovers\n|-heal|p1a: Milotic|75\/100|[from] item: Leftovers\n|upkeep\n|turn|24\n|\n|t:|1699909442\n|move|p2a: Manaphy|Stored Power|p1a: Milotic\n|-damage|p1a: Milotic|63\/100\n|move|p1a: Milotic|Haze|p1a: Milotic\n|-clearallboost\n|\n|-heal|p2a: Manaphy|100\/100|[from] item: Leftovers\n|-heal|p1a: Milotic|69\/100|[from] item: Leftovers\n|upkeep\n|turn|25\n|\n|t:|1699909456\n|move|p2a: Manaphy|Acid Armor|p2a: Manaphy\n|-boost|p2a: Manaphy|def|2\n|move|p1a: Milotic|Ice Beam|p2a: Manaphy\n|-resisted|p2a: Manaphy\n|-damage|p2a: Manaphy|89\/100\n|\n|-heal|p2a: Manaphy|95\/100|[from] item: Leftovers\n|-heal|p1a: Milotic|75\/100|[from] item: Leftovers\n|upkeep\n|turn|26\n|\n|t:|1699909465\n|move|p2a: Manaphy|Stored Power|p1a: Milotic\n|-damage|p1a: Milotic|65\/100\n|move|p1a: Milotic|Scald|p2a: Manaphy\n|-resisted|p2a: Manaphy\n|-damage|p2a: Manaphy|82\/100\n|\n|-heal|p2a: Manaphy|88\/100|[from] item: Leftovers\n|-heal|p1a: Milotic|71\/100|[from] item: Leftovers\n|upkeep\n|turn|27\n|\n|t:|1699909475\n|move|p2a: Manaphy|Acid Armor|p2a: Manaphy\n|-boost|p2a: Manaphy|def|2\n|move|p1a: Milotic|Haze|p1a: Milotic\n|-clearallboost\n|\n|-heal|p2a: Manaphy|94\/100|[from] item: Leftovers\n|-heal|p1a: Milotic|77\/100|[from] item: Leftovers\n|upkeep\n|turn|28\n|\n|t:|1699909482\n|switch|p2a: Rillaboom|Rillaboom, F|92\/100 brn\n|-fieldstart|move: Grassy Terrain|[from] ability: Grassy Surge|[of] p2a: Rillaboom\n|move|p1a: Milotic|Scald|p2a: Rillaboom\n|-resisted|p2a: Rillaboom\n|-damage|p2a: Rillaboom|72\/100 brn\n|\n|-heal|p2a: Rillaboom|79\/100 brn|[from] Grassy Terrain\n|-heal|p1a: Milotic|83\/100|[from] Grassy Terrain\n|-heal|p1a: Milotic|89\/100|[from] item: Leftovers\n|-damage|p2a: Rillaboom|72\/100 brn|[from] brn\n|upkeep\n|turn|29\n|\n|t:|1699909500\n|switch|p1a: Talonflame|Talonflame, F|76\/100\n|move|p2a: Rillaboom|U-turn|p1a: Talonflame\n|-resisted|p1a: Talonflame\n|-damage|p1a: Talonflame|72\/100\n|\n|t:|1699909505\n|switch|p2a: Sneasler|Sneasler, F|100\/100|[from] U-turn\n|-enditem|p2a: Sneasler|Grassy Seed\n|-boost|p2a: Sneasler|def|1|[from] item: Grassy Seed\n|\n|upkeep\n|turn|30\n|\n|t:|1699909523\n|-terastallize|p1a: Talonflame|Steel\n|move|p2a: Sneasler|Dire Claw|p1a: Talonflame\n|-immune|p1a: Talonflame\n|move|p1a: Talonflame|Will-O-Wisp|p2a: Sneasler|[miss]\n|-miss|p1a: Talonflame|p2a: Sneasler\n|\n|-heal|p1a: Talonflame|78\/100|[from] Grassy Terrain\n|upkeep\n|turn|31\n|\n|t:|1699909540\n|move|p2a: Sneasler|Close Combat|p1a: Talonflame\n|-supereffective|p1a: Talonflame\n|-damage|p1a: Talonflame|0 fnt\n|-unboost|p2a: Sneasler|def|1\n|-unboost|p2a: Sneasler|spd|1\n|faint|p1a: Talonflame\n|\n|upkeep\n|\n|t:|1699909546\n|switch|p1a: Dondozo|Dondozo, M|100\/100\n|turn|32\n|\n|t:|1699909554\n|switch|p2a: Rillaboom|Rillaboom, F|72\/100 brn\n|move|p1a: Dondozo|Liquidation|p2a: Rillaboom\n|-resisted|p2a: Rillaboom\n|-damage|p2a: Rillaboom|56\/100 brn\n|\n|-heal|p2a: Rillaboom|62\/100 brn|[from] Grassy Terrain\n|-damage|p2a: Rillaboom|56\/100 brn|[from] brn\n|-fieldend|move: Grassy Terrain\n|upkeep\n|turn|33\n|\n|t:|1699909576\n|switch|p2a: Manaphy|Manaphy|94\/100\n|switch|p1a: Goodra|Goodra-Hisui, M|97\/100\n|\n|-heal|p2a: Manaphy|99\/100|[from] item: Leftovers\n|upkeep\n|turn|34\n|\n|t:|1699909585\n|move|p2a: Manaphy|Acid Armor|p2a: Manaphy\n|-boost|p2a: Manaphy|def|2\n|move|p1a: Goodra|Thunderbolt|p2a: Manaphy\n|-supereffective|p2a: Manaphy\n|-damage|p2a: Manaphy|38\/100\n|-damage|p1a: Goodra|87\/100|[from] item: Life Orb\n|\n|-heal|p2a: Manaphy|44\/100|[from] item: Leftovers\n|upkeep\n|turn|35\n|\n|t:|1699909593\n|switch|p2a: Rillaboom|Rillaboom, F|56\/100 brn\n|-fieldstart|move: Grassy Terrain|[from] ability: Grassy Surge|[of] p2a: Rillaboom\n|move|p1a: Goodra|Thunderbolt|p2a: Rillaboom\n|-resisted|p2a: Rillaboom\n|-damage|p2a: Rillaboom|33\/100 brn\n|-damage|p1a: Goodra|77\/100|[from] item: Life Orb\n|\n|-heal|p2a: Rillaboom|39\/100 brn|[from] Grassy Terrain\n|-heal|p1a: Goodra|83\/100|[from] Grassy Terrain\n|-damage|p2a: Rillaboom|33\/100 brn|[from] brn\n|upkeep\n|turn|36\n|\n|t:|1699909604\n|move|p1a: Goodra|Ice Beam|p2a: Rillaboom\n|-supereffective|p2a: Rillaboom\n|-damage|p2a: Rillaboom|0 fnt\n|faint|p2a: Rillaboom\n|-damage|p1a: Goodra|73\/100|[from] item: Life Orb\n|\n|-heal|p1a: Goodra|79\/100|[from] Grassy Terrain\n|upkeep\n|\n|t:|1699909608\n|switch|p2a: Sneasler|Sneasler, F|100\/100\n|turn|37\n|\n|t:|1699909626\n|switch|p1a: Dondozo|Dondozo, M|100\/100\n|move|p2a: Sneasler|Swords Dance|p2a: Sneasler\n|-boost|p2a: Sneasler|atk|2\n|\n|upkeep\n|turn|38\n|\n|t:|1699909636\n|move|p2a: Sneasler|Dire Claw|p1a: Dondozo\n|-damage|p1a: Dondozo|82\/100\n|-status|p1a: Dondozo|par\n|move|p1a: Dondozo|Liquidation|p2a: Sneasler\n|-damage|p2a: Sneasler|58\/100\n|-unboost|p2a: Sneasler|def|1\n|\n|-heal|p2a: Sneasler|64\/100|[from] Grassy Terrain\n|-heal|p1a: Dondozo|88\/100 par|[from] Grassy Terrain\n|-heal|p1a: Dondozo|94\/100 par|[from] item: Leftovers\n|upkeep\n|turn|39\n|\n|t:|1699909648\n|move|p2a: Sneasler|Lash Out|p1a: Dondozo\n|-damage|p1a: Dondozo|82\/100 par\n|move|p1a: Dondozo|Liquidation|p2a: Sneasler\n|-damage|p2a: Sneasler|17\/100\n|\n|-heal|p2a: Sneasler|24\/100|[from] Grassy Terrain\n|-heal|p1a: Dondozo|88\/100 par|[from] Grassy Terrain\n|-heal|p1a: Dondozo|94\/100 par|[from] item: Leftovers\n|-fieldend|move: Grassy Terrain\n|upkeep\n|turn|40\n|\n|t:|1699909660\n|move|p2a: Sneasler|Close Combat|p1a: Dondozo\n|-damage|p1a: Dondozo|66\/100 par\n|-unboost|p2a: Sneasler|def|1\n|-unboost|p2a: Sneasler|spd|1\n|move|p1a: Dondozo|Liquidation|p2a: Sneasler\n|-damage|p2a: Sneasler|0 fnt\n|faint|p2a: Sneasler\n|\n|-heal|p1a: Dondozo|72\/100 par|[from] item: Leftovers\n|upkeep\n|\n|t:|1699909664\n|switch|p2a: Zamazenta|Zamazenta|100\/100\n|-ability|p2a: Zamazenta|Dauntless Shield|boost\n|-boost|p2a: Zamazenta|def|1\n|turn|41\n|\n|t:|1699909673\n|move|p2a: Zamazenta|Body Press|p1a: Dondozo\n|-damage|p1a: Dondozo|56\/100 par\n|cant|p1a: Dondozo|par\n|\n|-heal|p1a: Dondozo|62\/100 par|[from] item: Leftovers\n|upkeep\n|turn|42\n|\n|t:|1699909680\n|move|p2a: Zamazenta|Body Press|p1a: Dondozo\n|-damage|p1a: Dondozo|46\/100 par\n|move|p1a: Dondozo|Yawn|p2a: Zamazenta\n|-start|p2a: Zamazenta|move: Yawn|[of] p1a: Dondozo\n|\n|-heal|p1a: Dondozo|52\/100 par|[from] item: Leftovers\n|upkeep\n|turn|43\n|\n|t:|1699909704\n|switch|p2a: Manaphy|Manaphy|44\/100\n|switch|p1a: Goodra|Goodra-Hisui, M|79\/100\n|\n|-heal|p2a: Manaphy|50\/100|[from] item: Leftovers\n|upkeep\n|turn|44\n|\n|t:|1699909718\n|move|p2a: Manaphy|Take Heart|p2a: Manaphy\n|-boost|p2a: Manaphy|spa|1\n|-boost|p2a: Manaphy|spd|1\n|move|p1a: Goodra|Thunderbolt|p2a: Manaphy\n|-supereffective|p2a: Manaphy\n|-damage|p2a: Manaphy|11\/100\n|-damage|p1a: Goodra|69\/100|[from] item: Life Orb\n|\n|-heal|p2a: Manaphy|18\/100|[from] item: Leftovers\n|upkeep\n|turn|45\n|\n|t:|1699909726\n|move|p2a: Manaphy|Scald|p1a: Goodra\n|-resisted|p1a: Goodra\n|-damage|p1a: Goodra|53\/100\n|move|p1a: Goodra|Thunderbolt|p2a: Manaphy\n|-supereffective|p2a: Manaphy\n|-damage|p2a: Manaphy|0 fnt\n|faint|p2a: Manaphy\n|-damage|p1a: Goodra|43\/100|[from] item: Life Orb\n|\n|upkeep\n|\n|t:|1699909728\n|switch|p2a: Zamazenta|Zamazenta|100\/100\n|turn|46\n|\n|t:|1699909737\n|move|p2a: Zamazenta|Body Press|p1a: Goodra\n|-supereffective|p1a: Goodra\n|-damage|p1a: Goodra|0 fnt\n|faint|p1a: Goodra\n|\n|upkeep\n|\n|t:|1699909742\n|switch|p1a: Jolteon|Jolteon, F|100\/100 brn\n|turn|47\n|\n|t:|1699909750\n|move|p1a: Jolteon|Volt Switch|p2a: Zamazenta\n|-damage|p2a: Zamazenta|70\/100\n|\n|t:|1699909755\n|switch|p1a: Milotic|Milotic, F|89\/100|[from] Volt Switch\n|move|p2a: Zamazenta|Body Press|p1a: Milotic\n|-damage|p1a: Milotic|39\/100\n|\n|-heal|p2a: Zamazenta|76\/100|[from] item: Leftovers\n|-heal|p1a: Milotic|45\/100|[from] item: Leftovers\n|upkeep\n|turn|48\n|\n|t:|1699909766\n|move|p2a: Zamazenta|Body Press|p1a: Milotic\n|-damage|p1a: Milotic|0 fnt\n|faint|p1a: Milotic\n|\n|-heal|p2a: Zamazenta|82\/100|[from] item: Leftovers\n|upkeep\n|\n|t:|1699909775\n|switch|p1a: Jolteon|Jolteon, F|100\/100 brn\n|turn|49\n|inactive|Battle timer is ON: inactive players will automatically lose when time's up. (requested by Huboy)\n|\n|t:|1699909792\n|move|p1a: Jolteon|Thunderbolt|p2a: Zamazenta\n|-damage|p2a: Zamazenta|47\/100\n|move|p2a: Zamazenta|Body Press|p1a: Jolteon\n|-damage|p1a: Jolteon|22\/100 brn\n|\n|-heal|p2a: Zamazenta|53\/100|[from] item: Leftovers\n|-damage|p1a: Jolteon|16\/100 brn|[from] brn\n|upkeep\n|turn|50\n|\n|t:|1699909800\n|move|p1a: Jolteon|Thunderbolt|p2a: Zamazenta\n|-damage|p2a: Zamazenta|15\/100\n|move|p2a: Zamazenta|Body Press|p1a: Jolteon\n|-damage|p1a: Jolteon|0 fnt\n|faint|p1a: Jolteon\n|\n|-heal|p2a: Zamazenta|21\/100|[from] item: Leftovers\n|upkeep\n|\n|t:|1699909807\n|switch|p1a: Dondozo|Dondozo, M|52\/100 par\n|turn|51\n|\n|t:|1699909815\n|move|p2a: Zamazenta|Crunch|p1a: Dondozo\n|-damage|p1a: Dondozo|43\/100 par\n|cant|p1a: Dondozo|par\n|\n|-heal|p2a: Zamazenta|28\/100|[from] item: Leftovers\n|-heal|p1a: Dondozo|49\/100 par|[from] item: Leftovers\n|upkeep\n|turn|52\n|\n|t:|1699909822\n|move|p2a: Zamazenta|Body Press|p1a: Dondozo\n|-damage|p1a: Dondozo|33\/100 par\n|move|p1a: Dondozo|Liquidation|p2a: Zamazenta\n|-damage|p2a: Zamazenta|8\/100\n|\n|-heal|p2a: Zamazenta|14\/100|[from] item: Leftovers\n|-heal|p1a: Dondozo|39\/100 par|[from] item: Leftovers\n|upkeep\n|turn|53\n|\n|t:|1699909830\n|move|p2a: Zamazenta|Body Press|p1a: Dondozo\n|-damage|p1a: Dondozo|23\/100 par\n|cant|p1a: Dondozo|par\n|\n|-heal|p2a: Zamazenta|20\/100|[from] item: Leftovers\n|-heal|p1a: Dondozo|29\/100 par|[from] item: Leftovers\n|upkeep\n|turn|54\n|\n|t:|1699909837\n|move|p2a: Zamazenta|Body Press|p1a: Dondozo\n|-damage|p1a: Dondozo|11\/100 par\n|cant|p1a: Dondozo|par\n|\n|-heal|p2a: Zamazenta|26\/100|[from] item: Leftovers\n|-heal|p1a: Dondozo|17\/100 par|[from] item: Leftovers\n|upkeep\n|turn|55\n|\n|t:|1699909845\n|move|p1a: Dondozo|Protect|p1a: Dondozo\n|-singleturn|p1a: Dondozo|Protect\n|move|p2a: Zamazenta|Body Press|p1a: Dondozo\n|-activate|p1a: Dondozo|move: Protect\n|\n|-heal|p2a: Zamazenta|33\/100|[from] item: Leftovers\n|-heal|p1a: Dondozo|24\/100 par|[from] item: Leftovers\n|upkeep\n|turn|56\n|\n|t:|1699909853\n|move|p2a: Zamazenta|Body Press|p1a: Dondozo\n|-damage|p1a: Dondozo|6\/100 par\n|move|p1a: Dondozo|Yawn|p2a: Zamazenta\n|-start|p2a: Zamazenta|move: Yawn|[of] p1a: Dondozo\n|\n|-heal|p2a: Zamazenta|39\/100|[from] item: Leftovers\n|-heal|p1a: Dondozo|12\/100 par|[from] item: Leftovers\n|upkeep\n|turn|57\n|\n|t:|1699909862\n|move|p1a: Dondozo|Protect|p1a: Dondozo\n|-singleturn|p1a: Dondozo|Protect\n|move|p2a: Zamazenta|Body Press|p1a: Dondozo\n|-activate|p1a: Dondozo|move: Protect\n|\n|-heal|p2a: Zamazenta|45\/100|[from] item: Leftovers\n|-heal|p1a: Dondozo|19\/100 par|[from] item: Leftovers\n|-end|p2a: Zamazenta|move: Yawn|[silent]\n|-status|p2a: Zamazenta|slp\n|upkeep\n|turn|58\n|\n|t:|1699909870\n|cant|p2a: Zamazenta|slp\n|cant|p1a: Dondozo|par\n|\n|-heal|p2a: Zamazenta|51\/100 slp|[from] item: Leftovers\n|-heal|p1a: Dondozo|25\/100 par|[from] item: Leftovers\n|upkeep\n|turn|59\n|\n|t:|1699909877\n|-curestatus|p2a: Zamazenta|slp|[msg]\n|move|p2a: Zamazenta|Body Press|p1a: Dondozo\n|-damage|p1a: Dondozo|8\/100 par\n|move|p1a: Dondozo|Liquidation|p2a: Zamazenta\n|-damage|p2a: Zamazenta|31\/100\n|\n|-heal|p2a: Zamazenta|37\/100|[from] item: Leftovers\n|-heal|p1a: Dondozo|14\/100 par|[from] item: Leftovers\n|upkeep\n|turn|60\n|\n|t:|1699909886\n|move|p2a: Zamazenta|Crunch|p1a: Dondozo\n|-damage|p1a: Dondozo|4\/100 par\n|move|p1a: Dondozo|Liquidation|p2a: Zamazenta\n|-damage|p2a: Zamazenta|15\/100\n|\n|-heal|p2a: Zamazenta|21\/100|[from] item: Leftovers\n|-heal|p1a: Dondozo|10\/100 par|[from] item: Leftovers\n|upkeep\n|turn|61\n|\n|t:|1699909894\n|move|p1a: Dondozo|Protect|p1a: Dondozo\n|-singleturn|p1a: Dondozo|Protect\n|move|p2a: Zamazenta|Crunch|p1a: Dondozo\n|-activate|p1a: Dondozo|move: Protect\n|\n|-heal|p2a: Zamazenta|27\/100|[from] item: Leftovers\n|-heal|p1a: Dondozo|16\/100 par|[from] item: Leftovers\n|upkeep\n|turn|62\n|\n|t:|1699909902\n|move|p2a: Zamazenta|Body Press|p1a: Dondozo\n|-damage|p1a: Dondozo|0 fnt\n|faint|p1a: Dondozo\n|\n|win|Fiekd\n|raw|Huboy's rating: 1455 &rarr; <strong>1440<\/strong><br \/>(-15 for losing)\n|raw|Fiekd's rating: 1553 &rarr; <strong>1568<\/strong><br \/>(+15 for winning)\n|l|\u2606Huboy\n","uploadtime":1699909921,"views":8,"p1id":"huboy","p2id":"fiekd","formatid":"gen9ou","rating":1440,"private":0,"password":""}