{"id":"gen9ou-1988371697","p1":"NaSh.4","p2":"SnoozSeal","format":"[Gen 9] OU","log":"|j|\u2606NaSh.4\n|j|\u2606SnoozSeal\n|t:|1699715281\n|gametype|singles\n|player|p1|NaSh.4|265|1156\n|player|p2|SnoozSeal|larry|1137\n|teamsize|p1|6\n|teamsize|p2|6\n|gen|9\n|tier|[Gen 9] OU\n|rated|\n|rule|Sleep Clause Mod: Limit one foe put to sleep\n|rule|Species Clause: Limit one of each Pok\u00e9mon\n|rule|OHKO Clause: OHKO moves are banned\n|rule|Evasion Items Clause: Evasion items are banned\n|rule|Evasion Moves Clause: Evasion moves are banned\n|rule|Endless Battle Clause: Forcing endless battles is banned\n|rule|HP Percentage Mod: HP is shown in percentages\n|clearpoke\n|poke|p1|Garchomp, M|\n|poke|p1|Enamorus, F|\n|poke|p1|Corviknight, M|\n|poke|p1|Manaphy|\n|poke|p1|Cinderace, F|\n|poke|p1|Electrode-Hisui|\n|poke|p2|Regidrago|\n|poke|p2|Slowking-Galar, F|\n|poke|p2|Corviknight, F|\n|poke|p2|Ribombee, M|\n|poke|p2|Gholdengo|\n|poke|p2|Dragapult, F|\n|teampreview\n|inactive|Battle timer is ON: inactive players will automatically lose when time's up. (requested by SnoozSeal)\n|c|\u2606NaSh.4|Glhf\n|\n|t:|1699715292\n|start\n|switch|p1a: Cinderace|Cinderace, F|100\/100\n|switch|p2a: yeetus deletus|Dragapult, F, shiny|100\/100\n|turn|1\n|c|\u2606SnoozSeal|U2\n|\n|t:|1699715300\n|move|p2a: yeetus deletus|Draco Meteor|p1a: Cinderace\n|-damage|p1a: Cinderace|0 fnt\n|-unboost|p2a: yeetus deletus|spa|2\n|faint|p1a: Cinderace\n|\n|upkeep\n|\n|t:|1699715306\n|switch|p1a: Garchomp|Garchomp, M|100\/100\n|turn|2\n|\n|t:|1699715309\n|move|p2a: yeetus deletus|Draco Meteor|p1a: Garchomp\n|-supereffective|p1a: Garchomp\n|-damage|p1a: Garchomp|11\/100\n|-unboost|p2a: yeetus deletus|spa|2\n|move|p1a: Garchomp|Swords Dance|p1a: Garchomp\n|-boost|p1a: Garchomp|atk|2\n|\n|upkeep\n|turn|3\n|\n|t:|1699715313\n|switch|p1a: Enamorus|Enamorus, F|100\/100\n|move|p2a: yeetus deletus|Draco Meteor|p1a: Enamorus\n|-immune|p1a: Enamorus\n|\n|upkeep\n|turn|4\n|\n|t:|1699715316\n|switch|p2a: no thoughts|Slowking-Galar, F|100\/100\n|move|p1a: Enamorus|Moonblast|p2a: no thoughts\n|-resisted|p2a: no thoughts\n|-damage|p2a: no thoughts|85\/100\n|-unboost|p2a: no thoughts|spa|1\n|\n|upkeep\n|turn|5\n|\n|t:|1699715319\n|switch|p1a: Corviknight|Corviknight, M|100\/100\n|move|p2a: no thoughts|Chilly Reception|p2a: no thoughts\n|-weather|Snow\n|\n|t:|1699715326\n|switch|p2a: yeetus deletus|Dragapult, F, shiny|100\/100|[from] Chilly Reception\n|\n|-weather|Snow|[upkeep]\n|upkeep\n|turn|6\n|\n|t:|1699715329\n|move|p2a: yeetus deletus|Flamethrower|p1a: Corviknight\n|-supereffective|p1a: Corviknight\n|-damage|p1a: Corviknight|18\/100\n|-status|p1a: Corviknight|brn\n|move|p1a: Corviknight|Brave Bird|p2a: yeetus deletus\n|-damage|p2a: yeetus deletus|65\/100\n|-damage|p1a: Corviknight|9\/100 brn|[from] Recoil\n|\n|-weather|Snow|[upkeep]\n|-heal|p1a: Corviknight|15\/100 brn|[from] item: Leftovers\n|-damage|p1a: Corviknight|9\/100 brn|[from] brn\n|upkeep\n|turn|7\n|\n|t:|1699715333\n|move|p2a: yeetus deletus|Flamethrower|p1a: Corviknight\n|-supereffective|p1a: Corviknight\n|-damage|p1a: Corviknight|0 fnt\n|faint|p1a: Corviknight\n|\n|-weather|Snow|[upkeep]\n|upkeep\n|\n|t:|1699715336\n|switch|p1a: Manaphy|Manaphy|100\/100\n|turn|8\n|\n|t:|1699715339\n|switch|p2a: oh hi mark|Ribombee, M|100\/100\n|move|p1a: Manaphy|Tail Glow|p1a: Manaphy\n|-boost|p1a: Manaphy|spa|3\n|\n|-weather|Snow|[upkeep]\n|upkeep\n|turn|9\n|\n|t:|1699715345\n|move|p2a: oh hi mark|Tailwind|p2a: oh hi mark\n|-sidestart|p2: SnoozSeal|move: Tailwind\n|move|p1a: Manaphy|Scald|p2a: oh hi mark\n|-enditem|p2a: oh hi mark|Focus Sash\n|-damage|p2a: oh hi mark|1\/100\n|\n|-weather|none\n|upkeep\n|turn|10\n|\n|t:|1699715350\n|move|p2a: oh hi mark|Sticky Web|p1a: Manaphy\n|-sidestart|p1: NaSh.4|move: Sticky Web\n|move|p1a: Manaphy|Scald|p2a: oh hi mark\n|-damage|p2a: oh hi mark|0 fnt\n|faint|p2a: oh hi mark\n|\n|upkeep\n|\n|t:|1699715353\n|switch|p2a: boom|Regidrago|100\/100\n|turn|11\n|\n|t:|1699715356\n|move|p2a: boom|Scale Shot|p1a: Manaphy\n|-damage|p1a: Manaphy|81\/100\n|-damage|p1a: Manaphy|63\/100\n|-crit|p1a: Manaphy\n|-damage|p1a: Manaphy|35\/100\n|-damage|p1a: Manaphy|15\/100\n|-damage|p1a: Manaphy|0 fnt\n|faint|p1a: Manaphy\n|-hitcount|p1: Manaphy|5\n|-unboost|p2a: boom|def|1\n|-boost|p2a: boom|spe|1\n|\n|upkeep\n|\n|t:|1699715366\n|switch|p1a: Enamorus|Enamorus, F|100\/100\n|turn|12\n|\n|t:|1699715373\n|-terastallize|p2a: boom|Steel\n|move|p2a: boom|Tera Blast|p1a: Enamorus|[anim] Tera Blast Steel\n|-supereffective|p1a: Enamorus\n|-damage|p1a: Enamorus|0 fnt\n|faint|p1a: Enamorus\n|\n|-sideend|p2: SnoozSeal|move: Tailwind\n|upkeep\n|\n|t:|1699715381\n|switch|p1a: Electrode|Electrode-Hisui|100\/100\n|-activate|p1a: Electrode|move: Sticky Web\n|-unboost|p1a: Electrode|spe|1\n|turn|13\n|\n|t:|1699715384\n|move|p2a: boom|Scale Shot|p1a: Electrode\n|-damage|p1a: Electrode|68\/100\n|-damage|p1a: Electrode|35\/100\n|-damage|p1a: Electrode|4\/100\n|-damage|p1a: Electrode|0 fnt\n|faint|p1a: Electrode\n|-hitcount|p1: Electrode|4\n|-unboost|p2a: boom|def|1\n|-boost|p2a: boom|spe|1\n|\n|upkeep\n|\n|t:|1699715386\n|switch|p1a: Garchomp|Garchomp, M|11\/100\n|-activate|p1a: Garchomp|move: Sticky Web\n|-unboost|p1a: Garchomp|spe|1\n|turn|14\n|c|\u2606NaSh.4|Gg\n|\n|t:|1699715392\n|move|p2a: boom|Tera Blast|p1a: Garchomp|[anim] Tera Blast Steel\n|-damage|p1a: Garchomp|0 fnt\n|faint|p1a: Garchomp\n|\n|win|SnoozSeal\n|raw|NaSh.4's rating: 1156 &rarr; <strong>1130<\/strong><br \/>(-26 for losing)\n|raw|SnoozSeal's rating: 1137 &rarr; <strong>1163<\/strong><br \/>(+26 for winning)\n|c|\u2606SnoozSeal|Gg\n|l|\u2606NaSh.4\n","uploadtime":1699715407,"views":15,"p1id":"nash4","p2id":"snoozseal","formatid":"gen9ou","rating":1130,"private":0,"password":""}