{"id":"gen9ou-1990793800","p1":"Spolee","p2":"ChillLanturnYT","format":"[Gen 9] OU","log":"|j|\u2606Spolee\n|j|\u2606ChillLanturnYT\n|t:|1700001457\n|gametype|singles\n|player|p1|Spolee|266|1041\n|player|p2|ChillLanturnYT|palmer|1116\n|teamsize|p1|6\n|teamsize|p2|6\n|gen|9\n|tier|[Gen 9] OU\n|rated|\n|rule|Sleep Clause Mod: Limit one foe put to sleep\n|rule|Species Clause: Limit one of each Pok\u00e9mon\n|rule|OHKO Clause: OHKO moves are banned\n|rule|Evasion Items Clause: Evasion items are banned\n|rule|Evasion Moves Clause: Evasion moves are banned\n|rule|Endless Battle Clause: Forcing endless battles is banned\n|rule|HP Percentage Mod: HP is shown in percentages\n|clearpoke\n|poke|p1|Zamazenta-*|\n|poke|p1|Scizor, F|\n|poke|p1|Cinderace, F|\n|poke|p1|Goodra-Hisui, M|\n|poke|p1|Tyranitar, F|\n|poke|p1|Hydreigon, F|\n|poke|p2|Grafaiai, F|\n|poke|p2|Mandibuzz, F|\n|poke|p2|Pawmot, M|\n|poke|p2|Enamorus, F|\n|poke|p2|Blissey, F|\n|poke|p2|Dragapult, M|\n|teampreview\n|\n|t:|1700001467\n|start\n|switch|p1a: Tyranitar|Tyranitar, F|100\/100\n|switch|p2a: Grafaiai|Grafaiai, F|100\/100\n|-weather|Sandstorm|[from] ability: Sand Stream|[of] p1a: Tyranitar\n|turn|1\n|\n|t:|1700001477\n|move|p2a: Grafaiai|Swagger|p1a: Tyranitar\n|-boost|p1a: Tyranitar|atk|2\n|-enditem|p2a: Grafaiai|Mirror Herb\n|-boost|p2a: Grafaiai|atk|2|[from] item: Mirror Herb\n|-start|p1a: Tyranitar|confusion\n|-activate|p1a: Tyranitar|confusion\n|-damage|p1a: Tyranitar|78\/100|[from] confusion\n|\n|-weather|Sandstorm|[upkeep]\n|-damage|p2a: Grafaiai|95\/100|[from] Sandstorm\n|-heal|p1a: Tyranitar|84\/100|[from] item: Leftovers\n|upkeep\n|turn|2\n|\n|t:|1700001491\n|-terastallize|p2a: Grafaiai|Ground\n|move|p2a: Grafaiai|Tera Blast|p1a: Tyranitar|[anim] Tera Blast Ground\n|-supereffective|p1a: Tyranitar\n|-damage|p1a: Tyranitar|0 fnt\n|faint|p1a: Tyranitar\n|\n|-weather|Sandstorm|[upkeep]\n|upkeep\n|\n|t:|1700001500\n|switch|p1a: Goodra|Goodra-Hisui, M|100\/100\n|turn|3\n|\n|t:|1700001514\n|move|p2a: Grafaiai|Tera Blast|p1a: Goodra|[anim] Tera Blast Ground\n|-supereffective|p1a: Goodra\n|-damage|p1a: Goodra|0 fnt\n|faint|p1a: Goodra\n|\n|-weather|Sandstorm|[upkeep]\n|upkeep\n|\n|t:|1700001540\n|switch|p1a: Zamazenta|Zamazenta|100\/100\n|-ability|p1a: Zamazenta|Dauntless Shield|boost\n|-boost|p1a: Zamazenta|def|1\n|turn|4\n|\n|t:|1700001546\n|move|p2a: Grafaiai|Acrobatics|p1a: Zamazenta\n|-supereffective|p1a: Zamazenta\n|-damage|p1a: Zamazenta|9\/100\n|move|p1a: Zamazenta|Close Combat|p2a: Grafaiai\n|-damage|p2a: Grafaiai|0 fnt\n|-unboost|p1a: Zamazenta|def|1\n|-unboost|p1a: Zamazenta|spd|1\n|faint|p2a: Grafaiai\n|\n|-weather|Sandstorm|[upkeep]\n|-damage|p1a: Zamazenta|3\/100|[from] Sandstorm\n|-heal|p1a: Zamazenta|9\/100|[from] item: Leftovers\n|upkeep\n|\n|t:|1700001557\n|switch|p2a: Dragapult|Dragapult, M|100\/100\n|turn|5\n|\n|t:|1700001561\n|move|p1a: Zamazenta|Moonblast|p2a: Dragapult\n|-supereffective|p2a: Dragapult\n|-damage|p2a: Dragapult|35\/100\n|move|p2a: Dragapult|Dragon Dance|p2a: Dragapult\n|-boost|p2a: Dragapult|atk|1\n|-boost|p2a: Dragapult|spe|1\n|\n|-weather|none\n|-heal|p1a: Zamazenta|15\/100|[from] item: Leftovers\n|upkeep\n|turn|6\n|\n|t:|1700001569\n|move|p2a: Dragapult|Dragon Darts|p1a: Zamazenta\n|-damage|p1a: Zamazenta|0 fnt\n|faint|p1a: Zamazenta\n|\n|upkeep\n|\n|t:|1700001576\n|switch|p1a: Cinderace|Cinderace, F|100\/100\n|turn|7\n|\n|t:|1700001598\n|move|p2a: Dragapult|Dragon Dance|p2a: Dragapult\n|-boost|p2a: Dragapult|atk|1\n|-boost|p2a: Dragapult|spe|1\n|move|p1a: Cinderace|Gunk Shot|p2a: Dragapult|[miss]\n|-start|p1a: Cinderace|typechange|Poison|[from] ability: Libero\n|-miss|p1a: Cinderace|p2a: Dragapult\n|\n|upkeep\n|turn|8\n|\n|t:|1700001606\n|move|p2a: Dragapult|Dragon Darts|p1a: Cinderace\n|-damage|p1a: Cinderace|30\/100\n|-anim|p2a: Dragapult|Dragon Darts|p1a: Cinderace\n|-damage|p1a: Cinderace|0 fnt\n|faint|p1a: Cinderace\n|\n|upkeep\n|\n|t:|1700001627\n|switch|p1a: Scizor|Scizor, F|100\/100\n|turn|9\n|-message|Spolee forfeited.\n|\n|win|ChillLanturnYT\n|raw|Spolee's rating: 1041 &rarr; <strong>1028<\/strong><br \/>(-13 for losing)\n|raw|ChillLanturnYT's rating: 1116 &rarr; <strong>1136<\/strong><br \/>(+20 for winning)\n|l|\u2606Spolee\n","uploadtime":1700001639,"views":15,"p1id":"spolee","p2id":"chilllanturnyt","formatid":"gen9ou","rating":1028,"private":0,"password":""}