{"id":"gen9ou-1996582481","p1":"N0GG1N","p2":"clodgod6","format":"[Gen 9] OU","log":"|j|\u2606N0GG1N\n|j|\u2606clodgod6\n|t:|1700696933\n|gametype|singles\n|player|p1|N0GG1N|170|1510\n|player|p2|clodgod6|wally|1587\n|teamsize|p1|6\n|teamsize|p2|6\n|gen|9\n|tier|[Gen 9] OU\n|rated|\n|rule|Sleep Clause Mod: Limit one foe put to sleep\n|rule|Species Clause: Limit one of each Pok\u00e9mon\n|rule|OHKO Clause: OHKO moves are banned\n|rule|Evasion Items Clause: Evasion items are banned\n|rule|Evasion Moves Clause: Evasion moves are banned\n|rule|Endless Battle Clause: Forcing endless battles is banned\n|rule|HP Percentage Mod: HP is shown in percentages\n|clearpoke\n|poke|p1|Great Tusk|\n|poke|p1|Dragapult, F|\n|poke|p1|Heatran, F|\n|poke|p1|Alomomola, F|\n|poke|p1|Clefable, M|\n|poke|p1|Ogerpon, F|\n|poke|p2|Ribombee, F|\n|poke|p2|Kingambit, F|\n|poke|p2|Ogerpon-Cornerstone, F|\n|poke|p2|Gholdengo|\n|poke|p2|Great Tusk|\n|poke|p2|Ceruledge, M|\n|teampreview\n|inactive|Battle timer is ON: inactive players will automatically lose when time's up. (requested by N0GG1N)\n|\n|t:|1700696938\n|start\n|switch|p1a: Heatran|Heatran, F|100\/100\n|switch|p2a: Bee movie|Ribombee, F|100\/100\n|turn|1\n|\n|t:|1700696941\n|move|p2a: Bee movie|Sticky Web|p1a: Heatran\n|-sidestart|p1: N0GG1N|move: Sticky Web\n|move|p1a: Heatran|Stealth Rock|p2a: Bee movie\n|-sidestart|p2: clodgod6|move: Stealth Rock\n|\n|upkeep\n|turn|2\n|\n|t:|1700696944\n|move|p2a: Bee movie|Stun Spore|p1a: Heatran|[miss]\n|-miss|p2a: Bee movie|p1a: Heatran\n|move|p1a: Heatran|Magma Storm|p2a: Bee movie\n|-supereffective|p2a: Bee movie\n|-enditem|p2a: Bee movie|Focus Sash\n|-damage|p2a: Bee movie|1\/100\n|-activate|p2a: Bee movie|move: Magma Storm|[of] p1a: Heatran\n|\n|-damage|p2a: Bee movie|0 fnt|[from] move: Magma Storm|[partiallytrapped]\n|faint|p2a: Bee movie\n|upkeep\n|\n|t:|1700696950\n|switch|p2a: normie|Great Tusk|100\/100\n|turn|3\n|\n|t:|1700696957\n|switch|p1a: Great Tusk|Great Tusk|100\/100\n|-activate|p1a: Great Tusk|move: Sticky Web\n|-unboost|p1a: Great Tusk|spe|1\n|move|p2a: normie|Rapid Spin|p1a: Great Tusk\n|-damage|p1a: Great Tusk|92\/100\n|-boost|p2a: normie|spe|1\n|-sideend|p2: clodgod6|Stealth Rock|[from] move: Rapid Spin|[of] p2a: normie\n|\n|-heal|p1a: Great Tusk|98\/100|[from] item: Leftovers\n|upkeep\n|turn|4\n|\n|t:|1700696961\n|-end|p2a: normie|Protosynthesis|[silent]\n|switch|p2a: Demon slayer|Ceruledge, M|100\/100\n|move|p1a: Great Tusk|Earthquake|p2a: Demon slayer\n|-supereffective|p2a: Demon slayer\n|-enditem|p2a: Demon slayer|Focus Sash\n|-damage|p2a: Demon slayer|1\/100\n|-ability|p2a: Demon slayer|Weak Armor|boost\n|-unboost|p2a: Demon slayer|def|1\n|-boost|p2a: Demon slayer|spe|2\n|\n|-heal|p1a: Great Tusk|100\/100|[from] item: Leftovers\n|upkeep\n|turn|5\n|\n|t:|1700696972\n|-end|p1a: Great Tusk|Protosynthesis|[silent]\n|switch|p1a: Ogerpon|Ogerpon, F|100\/100\n|move|p2a: Demon slayer|Bitter Blade|p1a: Ogerpon\n|-supereffective|p1a: Ogerpon\n|-damage|p1a: Ogerpon|0 fnt\n|-heal|p2a: Demon slayer|53\/100|[from] drain|[of] p1a: Ogerpon\n|faint|p1a: Ogerpon\n|\n|upkeep\n|\n|t:|1700696978\n|switch|p1a: Great Tusk|Great Tusk|100\/100\n|-activate|p1a: Great Tusk|move: Sticky Web\n|-unboost|p1a: Great Tusk|spe|1\n|turn|6\n|\n|t:|1700696983\n|move|p2a: Demon slayer|Bitter Blade|p1a: Great Tusk\n|-damage|p1a: Great Tusk|81\/100\n|-heal|p2a: Demon slayer|68\/100|[from] drain|[of] p1a: Great Tusk\n|move|p1a: Great Tusk|Earthquake|p2a: Demon slayer\n|-supereffective|p2a: Demon slayer\n|-damage|p2a: Demon slayer|0 fnt\n|faint|p2a: Demon slayer\n|\n|-heal|p1a: Great Tusk|87\/100|[from] item: Leftovers\n|upkeep\n|\n|t:|1700696990\n|switch|p2a: Wishing Well|Gholdengo|100\/100\n|-item|p2a: Wishing Well|Air Balloon\n|turn|7\n|\n|t:|1700696999\n|-end|p1a: Great Tusk|Protosynthesis|[silent]\n|switch|p1a: Heatran|Heatran, F|100\/100\n|-activate|p1a: Heatran|move: Sticky Web\n|-unboost|p1a: Heatran|spe|1\n|move|p2a: Wishing Well|Make It Rain|p1a: Heatran\n|-resisted|p1a: Heatran\n|-damage|p1a: Heatran|90\/100\n|-unboost|p2a: Wishing Well|spa|1\n|\n|-heal|p1a: Heatran|96\/100|[from] item: Leftovers\n|upkeep\n|turn|8\n|\n|t:|1700697002\n|switch|p2a: normie|Great Tusk|100\/100\n|move|p1a: Heatran|Magma Storm|p2a: normie|[miss]\n|-miss|p1a: Heatran|p2a: normie\n|\n|-heal|p1a: Heatran|100\/100|[from] item: Leftovers\n|upkeep\n|turn|9\n|\n|t:|1700697008\n|switch|p1a: Great Tusk|Great Tusk|87\/100\n|-activate|p1a: Great Tusk|move: Sticky Web\n|-unboost|p1a: Great Tusk|spe|1\n|move|p2a: normie|Headlong Rush|p1a: Great Tusk\n|-damage|p1a: Great Tusk|60\/100\n|-unboost|p2a: normie|def|1\n|-unboost|p2a: normie|spd|1\n|\n|-heal|p1a: Great Tusk|66\/100|[from] item: Leftovers\n|upkeep\n|turn|10\n|\n|t:|1700697014\n|-end|p2a: normie|Protosynthesis|[silent]\n|switch|p2a: Wishing Well|Gholdengo|100\/100\n|-item|p2a: Wishing Well|Air Balloon\n|move|p1a: Great Tusk|Knock Off|p2a: Wishing Well\n|-supereffective|p2a: Wishing Well\n|-damage|p2a: Wishing Well|33\/100\n|-enditem|p2a: Wishing Well|Air Balloon\n|\n|-heal|p1a: Great Tusk|72\/100|[from] item: Leftovers\n|upkeep\n|turn|11\n|\n|t:|1700697025\n|-end|p1a: Great Tusk|Protosynthesis|[silent]\n|switch|p1a: Heatran|Heatran, F|100\/100\n|-activate|p1a: Heatran|move: Sticky Web\n|-unboost|p1a: Heatran|spe|1\n|move|p2a: Wishing Well|Shadow Ball|p1a: Heatran\n|-damage|p1a: Heatran|76\/100\n|\n|-heal|p1a: Heatran|82\/100|[from] item: Leftovers\n|upkeep\n|turn|12\n|\n|t:|1700697032\n|move|p2a: Wishing Well|Shadow Ball|p1a: Heatran\n|-damage|p1a: Heatran|54\/100\n|move|p1a: Heatran|Stealth Rock|p2a: Wishing Well\n|-sidestart|p2: clodgod6|move: Stealth Rock\n|\n|-heal|p1a: Heatran|60\/100|[from] item: Leftovers\n|upkeep\n|turn|13\n|\n|t:|1700697038\n|move|p2a: Wishing Well|Shadow Ball|p1a: Heatran\n|-damage|p1a: Heatran|33\/100\n|move|p1a: Heatran|Earth Power|p2a: Wishing Well\n|-supereffective|p2a: Wishing Well\n|-damage|p2a: Wishing Well|0 fnt\n|faint|p2a: Wishing Well\n|\n|-heal|p1a: Heatran|39\/100|[from] item: Leftovers\n|upkeep\n|\n|t:|1700697047\n|switch|p2a: Ogerpon|Ogerpon-Cornerstone, F|100\/100\n|-damage|p2a: Ogerpon|88\/100|[from] Stealth Rock\n|turn|14\n|\n|t:|1700697067\n|switch|p1a: Great Tusk|Great Tusk|72\/100\n|-activate|p1a: Great Tusk|move: Sticky Web\n|-unboost|p1a: Great Tusk|spe|1\n|-terastallize|p2a: Ogerpon|Rock\n|detailschange|p2a: Ogerpon|Ogerpon-Cornerstone-Tera, F, tera:Rock\n|-ability|p2a: Ogerpon|Embody Aspect (Cornerstone)|boost\n|-boost|p2a: Ogerpon|def|1\n|move|p2a: Ogerpon|Swords Dance|p2a: Ogerpon\n|-boost|p2a: Ogerpon|atk|2\n|\n|-heal|p1a: Great Tusk|79\/100|[from] item: Leftovers\n|upkeep\n|turn|15\n|\n|t:|1700697076\n|-terastallize|p1a: Great Tusk|Steel\n|move|p2a: Ogerpon|Ivy Cudgel|p1a: Great Tusk|[anim] Ivy Cudgel Rock\n|-resisted|p1a: Great Tusk\n|-damage|p1a: Great Tusk|40\/100\n|move|p1a: Great Tusk|Rapid Spin|p2a: Ogerpon\n|-resisted|p2a: Ogerpon\n|-damage|p2a: Ogerpon|82\/100\n|-boost|p1a: Great Tusk|spe|1\n|-sideend|p1: N0GG1N|Sticky Web|[from] move: Rapid Spin|[of] p1a: Great Tusk\n|\n|-heal|p1a: Great Tusk|46\/100|[from] item: Leftovers\n|upkeep\n|turn|16\n|\n|t:|1700697083\n|move|p2a: Ogerpon|Low Kick|p1a: Great Tusk\n|-supereffective|p1a: Great Tusk\n|-damage|p1a: Great Tusk|0 fnt\n|faint|p1a: Great Tusk\n|-end|p1a: Great Tusk|Protosynthesis|[silent]\n|\n|upkeep\n|inactive|N0GG1N has 120 seconds left.\n|\n|t:|1700697129\n|switch|p1a: Dragapult|Dragapult, F|100\/100\n|turn|17\n|\n|t:|1700697136\n|move|p1a: Dragapult|Draco Meteor|p2a: Ogerpon\n|-damage|p2a: Ogerpon|0 fnt\n|-unboost|p1a: Dragapult|spa|2\n|faint|p2a: Ogerpon\n|\n|upkeep\n|\n|t:|1700697139\n|switch|p2a: Checkmate!|Kingambit, F|100\/100\n|-damage|p2a: Checkmate!|94\/100|[from] Stealth Rock\n|-activate|p2a: Checkmate!|ability: Supreme Overlord\n|-start|p2a: Checkmate!|fallen4|[silent]\n|turn|18\n|inactive|N0GG1N has 120 seconds left.\n|\n|t:|1700697150\n|switch|p1a: Heatran|Heatran, F|39\/100\n|move|p2a: Checkmate!|Swords Dance|p2a: Checkmate!\n|-boost|p2a: Checkmate!|atk|2\n|\n|-heal|p1a: Heatran|45\/100|[from] item: Leftovers\n|upkeep\n|turn|19\n|\n|t:|1700697158\n|move|p2a: Checkmate!|Sucker Punch||[still]\n|-fail|p2a: Checkmate!\n|move|p1a: Heatran|Taunt|p2a: Checkmate!\n|-start|p2a: Checkmate!|move: Taunt\n|\n|-heal|p1a: Heatran|51\/100|[from] item: Leftovers\n|upkeep\n|turn|20\n|\n|t:|1700697166\n|switch|p1a: Alomomola|Alomomola, F|100\/100\n|move|p2a: Checkmate!|Sucker Punch||[still]\n|-fail|p2a: Checkmate!\n|\n|upkeep\n|turn|21\n|\n|t:|1700697172\n|move|p2a: Checkmate!|Kowtow Cleave|p1a: Alomomola\n|-damage|p1a: Alomomola|26\/100\n|move|p1a: Alomomola|Wish|p1a: Alomomola\n|\n|-heal|p1a: Alomomola|33\/100|[from] item: Leftovers\n|upkeep\n|turn|22\n|\n|t:|1700697189\n|move|p1a: Alomomola|Protect|p1a: Alomomola\n|-singleturn|p1a: Alomomola|Protect\n|move|p2a: Checkmate!|Kowtow Cleave|p1a: Alomomola\n|-activate|p1a: Alomomola|move: Protect\n|\n|-heal|p1a: Alomomola|83\/100|[from] move: Wish|[wisher] Alomomola\n|-heal|p1a: Alomomola|89\/100|[from] item: Leftovers\n|-end|p2a: Checkmate!|move: Taunt\n|upkeep\n|turn|23\n|\n|t:|1700697194\n|move|p2a: Checkmate!|Swords Dance|p2a: Checkmate!\n|-boost|p2a: Checkmate!|atk|2\n|move|p1a: Alomomola|Scald|p2a: Checkmate!\n|-crit|p2a: Checkmate!\n|-damage|p2a: Checkmate!|72\/100\n|\n|-heal|p1a: Alomomola|95\/100|[from] item: Leftovers\n|upkeep\n|turn|24\n|\n|t:|1700697201\n|move|p2a: Checkmate!|Kowtow Cleave|p1a: Alomomola\n|-damage|p1a: Alomomola|0 fnt\n|faint|p1a: Alomomola\n|\n|upkeep\n|c|\u2606N0GG1N|This game sucks so much balls\n|-message|N0GG1N forfeited.\n|\n|win|clodgod6\n|raw|N0GG1N's rating: 1510 &rarr; <strong>1494<\/strong><br \/>(-16 for losing)\n|raw|clodgod6's rating: 1587 &rarr; <strong>1603<\/strong><br \/>(+16 for winning)\n","uploadtime":1700697219,"views":2,"p1id":"n0gg1n","p2id":"clodgod6","formatid":"gen9ou","rating":1494,"private":0,"password":""}