{"id":"gen9ou-1995125127","p1":"yomaalt","p2":"Wernher_1","format":"[Gen 9] OU","log":"|j|\u2606yomaalt\n|j|\u2606Wernher_1\n|inactive|Battle timer is ON: inactive players will automatically lose when time's up.\n|t:|1700525337\n|gametype|singles\n|player|p1|yomaalt|1|\n|player|p2|Wernher_1|burglar-gen1rb|\n|teamsize|p1|6\n|teamsize|p2|6\n|gen|9\n|tier|[Gen 9] OU\n|rated|Tournament battle\n|rule|Sleep Clause Mod: Limit one foe put to sleep\n|rule|Species Clause: Limit one of each Pok\u00e9mon\n|rule|OHKO Clause: OHKO moves are banned\n|rule|Evasion Items Clause: Evasion items are banned\n|rule|Evasion Moves Clause: Evasion moves are banned\n|rule|Endless Battle Clause: Forcing endless battles is banned\n|rule|HP Percentage Mod: HP is shown in percentages\n|clearpoke\n|poke|p1|Glimmora, M|\n|poke|p1|Zamazenta-*|\n|poke|p1|Iron Valiant|\n|poke|p1|Lilligant-Hisui, F|\n|poke|p1|Ogerpon-Wellspring, F|\n|poke|p1|Kingambit, F|\n|poke|p2|Ribombee, M|\n|poke|p2|Ogerpon-Wellspring, F|\n|poke|p2|Iron Moth|\n|poke|p2|Kingambit, M|\n|poke|p2|Gholdengo|\n|poke|p2|Iron Valiant|\n|teampreview\n|c|\u2606Wernher_1|gl hf\n|j| huhuihuh\n|j| sandveil10\n|\n|t:|1700525347\n|start\n|switch|p1a: Glimmora|Glimmora, M|100\/100\n|switch|p2a: Kingambit|Kingambit, M|100\/100\n|turn|1\n|\n|t:|1700525350\n|move|p1a: Glimmora|Earth Power|p2a: Kingambit\n|-supereffective|p2a: Kingambit\n|-damage|p2a: Kingambit|25\/100\n|move|p2a: Kingambit|Iron Head|p1a: Glimmora\n|-supereffective|p1a: Glimmora\n|-enditem|p1a: Glimmora|Focus Sash\n|-damage|p1a: Glimmora|1\/100\n|-activate|p1a: Glimmora|ability: Toxic Debris\n|-sidestart|p2: Wernher_1|move: Toxic Spikes\n|\n|upkeep\n|turn|2\n|j| l9testtren\n|\n|t:|1700525353\n|move|p2a: Kingambit|Sucker Punch||[still]\n|-fail|p2a: Kingambit\n|move|p1a: Glimmora|Stealth Rock|p2a: Kingambit\n|-sidestart|p2: Wernher_1|move: Stealth Rock\n|\n|upkeep\n|turn|3\n|\n|t:|1700525360\n|move|p2a: Kingambit|Sucker Punch|p1a: Glimmora\n|-damage|p1a: Glimmora|0 fnt\n|-activate|p1a: Glimmora|ability: Toxic Debris\n|-sidestart|p2: Wernher_1|move: Toxic Spikes\n|faint|p1a: Glimmora\n|\n|upkeep\n|\n|t:|1700525375\n|switch|p1a: Zamazenta|Zamazenta|100\/100\n|-ability|p1a: Zamazenta|Dauntless Shield|boost\n|-boost|p1a: Zamazenta|def|1\n|turn|4\n|\n|t:|1700525379\n|move|p1a: Zamazenta|Close Combat|p2a: Kingambit\n|-supereffective|p2a: Kingambit\n|-damage|p2a: Kingambit|0 fnt\n|-unboost|p1a: Zamazenta|def|1\n|-unboost|p1a: Zamazenta|spd|1\n|faint|p2a: Kingambit\n|-end|p2a: Kingambit|fallenundefined|[silent]\n|\n|upkeep\n|\n|t:|1700525391\n|switch|p2a: Gholdengo|Gholdengo|100\/100\n|-damage|p2a: Gholdengo|94\/100|[from] Stealth Rock\n|-item|p2a: Gholdengo|Air Balloon\n|turn|5\n|c|\u2606yomaalt|i best not see no ival shenanigans\n|\n|t:|1700525398\n|-terastallize|p2a: Gholdengo|Fairy\n|move|p1a: Zamazenta|Crunch|p2a: Gholdengo\n|-resisted|p2a: Gholdengo\n|-damage|p2a: Gholdengo|80\/100\n|-enditem|p2a: Gholdengo|Air Balloon\n|move|p2a: Gholdengo|Dazzling Gleam|p1a: Zamazenta\n|-supereffective|p1a: Zamazenta\n|-damage|p1a: Zamazenta|0 fnt\n|faint|p1a: Zamazenta\n|\n|upkeep\n|c|\u2606yomaalt|dm\n|\n|t:|1700525419\n|switch|p1a: Ogerpon|Ogerpon-Wellspring, F|100\/100\n|turn|6\n|\n|t:|1700525429\n|move|p1a: Ogerpon|Swords Dance|p1a: Ogerpon\n|-boost|p1a: Ogerpon|atk|2\n|move|p2a: Gholdengo|Dazzling Gleam|p1a: Ogerpon\n|-damage|p1a: Ogerpon|49\/100\n|\n|upkeep\n|turn|7\n|\n|t:|1700525431\n|move|p1a: Ogerpon|Ivy Cudgel|p2a: Gholdengo|[anim] Ivy Cudgel Water\n|-damage|p2a: Gholdengo|0 fnt\n|faint|p2a: Gholdengo\n|\n|upkeep\n|c|\u2606yomaalt|yo ow\n|\n|t:|1700525437\n|switch|p2a: Iron Valiant|Iron Valiant|100\/100\n|-status|p2a: Iron Valiant|tox\n|-damage|p2a: Iron Valiant|94\/100 tox|[from] Stealth Rock\n|-enditem|p2a: Iron Valiant|Booster Energy\n|-activate|p2a: Iron Valiant|ability: Quark Drive|[fromitem]\n|-start|p2a: Iron Valiant|quarkdrivespe\n|turn|8\n|\n|t:|1700525441\n|move|p2a: Iron Valiant|Close Combat|p1a: Ogerpon\n|-damage|p1a: Ogerpon|0 fnt\n|-unboost|p2a: Iron Valiant|def|1\n|-unboost|p2a: Iron Valiant|spd|1\n|faint|p1a: Ogerpon\n|\n|-damage|p2a: Iron Valiant|88\/100 tox|[from] psn\n|upkeep\n|\n|t:|1700525448\n|switch|p1a: Iron Valiant|Iron Valiant|100\/100\n|-enditem|p1a: Iron Valiant|Booster Energy\n|-activate|p1a: Iron Valiant|ability: Quark Drive|[fromitem]\n|-start|p1a: Iron Valiant|quarkdrivespe\n|turn|9\n|\n|t:|1700525456\n|move|p1a: Iron Valiant|Moonblast|p2a: Iron Valiant\n|-supereffective|p2a: Iron Valiant\n|-damage|p2a: Iron Valiant|0 fnt\n|faint|p2a: Iron Valiant\n|-end|p2a: Iron Valiant|Quark Drive|[silent]\n|\n|upkeep\n|\n|t:|1700525458\n|switch|p2a: Ribombee|Ribombee, M|100\/100\n|-status|p2a: Ribombee|tox\n|-damage|p2a: Ribombee|76\/100 tox|[from] Stealth Rock\n|turn|10\n|\n|t:|1700525460\n|move|p1a: Iron Valiant|Thunderbolt|p2a: Ribombee\n|-damage|p2a: Ribombee|25\/100 tox\n|move|p2a: Ribombee|Moonblast|p1a: Iron Valiant\n|-supereffective|p1a: Iron Valiant\n|-damage|p1a: Iron Valiant|0 fnt\n|faint|p1a: Iron Valiant\n|-end|p1a: Iron Valiant|Quark Drive|[silent]\n|\n|-damage|p2a: Ribombee|19\/100 tox|[from] psn\n|upkeep\n|\n|t:|1700525477\n|switch|p1a: Kingambit|Kingambit, F|100\/100\n|-activate|p1a: Kingambit|ability: Supreme Overlord\n|-start|p1a: Kingambit|fallen4|[silent]\n|turn|11\n|j| TallGuyInATophat\n|\n|t:|1700525480\n|move|p1a: Kingambit|Sucker Punch||[still]\n|-fail|p1a: Kingambit\n|move|p2a: Ribombee|Stun Spore|p1a: Kingambit\n|-status|p1a: Kingambit|par\n|\n|-damage|p2a: Ribombee|7\/100 tox|[from] psn\n|upkeep\n|turn|12\n|\n|t:|1700525487\n|cant|p1a: Kingambit|par\n|move|p2a: Ribombee|Moonblast|p1a: Kingambit\n|-damage|p1a: Kingambit|64\/100 par\n|-unboost|p1a: Kingambit|spa|1\n|\n|-heal|p1a: Kingambit|70\/100 par|[from] item: Leftovers\n|-damage|p2a: Ribombee|0 fnt|[from] psn\n|faint|p2a: Ribombee\n|upkeep\n|l| TallGuyInATophat\n|\n|t:|1700525496\n|switch|p2a: Iron Moth|Iron Moth|100\/100\n|-sideend|p2: Wernher_1|move: Toxic Spikes|[of] p2a: Iron Moth\n|-damage|p2a: Iron Moth|76\/100|[from] Stealth Rock\n|-enditem|p2a: Iron Moth|Booster Energy\n|-activate|p2a: Iron Moth|ability: Quark Drive|[fromitem]\n|-start|p2a: Iron Moth|quarkdrivespa\n|turn|13\n|\n|t:|1700525500\n|-terastallize|p1a: Kingambit|Flying\n|move|p2a: Iron Moth|Fiery Dance|p1a: Kingambit\n|-damage|p1a: Kingambit|10\/100 par\n|-boost|p2a: Iron Moth|spa|1\n|cant|p1a: Kingambit|par\n|\n|-heal|p1a: Kingambit|16\/100 par|[from] item: Leftovers\n|upkeep\n|turn|14\n|\n|t:|1700525509\n|move|p1a: Kingambit|Sucker Punch||[still]\n|-fail|p1a: Kingambit\n|move|p2a: Iron Moth|Substitute|p2a: Iron Moth\n|-start|p2a: Iron Moth|Substitute\n|-damage|p2a: Iron Moth|51\/100\n|\n|-heal|p1a: Kingambit|23\/100 par|[from] item: Leftovers\n|upkeep\n|turn|15\n|c|\u2606yomaalt|that man gambit\n|c|\u2606yomaalt|selling\n|\n|t:|1700525516\n|move|p1a: Kingambit|Sucker Punch|p2a: Iron Moth\n|-end|p2a: Iron Moth|Substitute\n|move|p2a: Iron Moth|Fiery Dance|p1a: Kingambit\n|-damage|p1a: Kingambit|0 fnt\n|-boost|p2a: Iron Moth|spa|1\n|faint|p1a: Kingambit\n|-end|p1a: Kingambit|fallen4|[silent]\n|\n|upkeep\n|\n|t:|1700525518\n|switch|p1a: Lilligant|Lilligant-Hisui, F|100\/100\n|turn|16\n|c|\u2606yomaalt|gg\n|\n|t:|1700525524\n|move|p2a: Iron Moth|Sludge Wave|p1a: Lilligant\n|-supereffective|p1a: Lilligant\n|-damage|p1a: Lilligant|0 fnt\n|faint|p1a: Lilligant\n|\n|win|Wernher_1\n|n|\u2606yomaalt|yomaalt\n|n|\u2606Wernher_1|wernher1\n|n| huhuihuh|huhuihuh\n|n| sandveil10|sandveil10\n|n| l9testtren|l9testtren\n|c|\u2606Wernher_1|gg\n|l|\u2606yomaalt\n|l|\u2606Wernher_1\n","uploadtime":1700525525,"views":16,"p1id":"yomaalt","p2id":"wernher1","formatid":"gen9ou","rating":0,"private":0,"password":""}