{"id":"gen9ou-1995446441","p1":"Perry the Pear","p2":"pocypop","format":"[Gen 9] OU","log":"|j|\u2606Perry the Pear\n|j|\u2606pocypop\n|t:|1700571765\n|gametype|singles\n|player|p1|Perry the Pear|arezu|1204\n|player|p2|pocypop|ghetsis-gen5bw|1294\n|teamsize|p1|6\n|teamsize|p2|6\n|gen|9\n|tier|[Gen 9] OU\n|rated|\n|rule|Sleep Clause Mod: Limit one foe put to sleep\n|rule|Species Clause: Limit one of each Pok\u00e9mon\n|rule|OHKO Clause: OHKO moves are banned\n|rule|Evasion Items Clause: Evasion items are banned\n|rule|Evasion Moves Clause: Evasion moves are banned\n|rule|Endless Battle Clause: Forcing endless battles is banned\n|rule|HP Percentage Mod: HP is shown in percentages\n|clearpoke\n|poke|p1|Iron Valiant|\n|poke|p1|Gholdengo|\n|poke|p1|Zoroark-Hisui, F|\n|poke|p1|Zapdos|\n|poke|p1|Samurott-Hisui, F|\n|poke|p1|Goodra, M|\n|poke|p2|Dragapult, F|\n|poke|p2|Iron Valiant|\n|poke|p2|Kingambit, M|\n|poke|p2|Pawmot, M|\n|poke|p2|Enamorus, F|\n|poke|p2|Landorus-Therian, M|\n|teampreview\n|\n|t:|1700571785\n|start\n|switch|p1a: Zapdevious|Zapdos|100\/100\n|switch|p2a: Genoide|Dragapult, F|100\/100\n|turn|1\n|\n|t:|1700571802\n|move|p2a: Genoide|U-turn|p1a: Zapdevious\n|-resisted|p1a: Zapdevious\n|-damage|p1a: Zapdevious|85\/100\n|\n|t:|1700571807\n|switch|p2a: Landorus|Landorus-Therian, M|100\/100|[from] U-turn\n|-ability|p2a: Landorus|Intimidate|boost\n|-unboost|p1a: Zapdevious|atk|1\n|move|p1a: Zapdevious|Hurricane|p2a: Landorus\n|-damage|p2a: Landorus|38\/100\n|-start|p2a: Landorus|confusion\n|\n|upkeep\n|turn|2\n|\n|t:|1700571822\n|-activate|p2a: Landorus|confusion\n|move|p2a: Landorus|Stone Edge|p1a: Zapdevious\n|-supereffective|p1a: Zapdevious\n|-damage|p1a: Zapdevious|15\/100\n|move|p1a: Zapdevious|Hurricane|p2a: Landorus|[miss]\n|-miss|p1a: Zapdevious|p2a: Landorus\n|\n|upkeep\n|turn|3\n|\n|t:|1700571843\n|switch|p1a: Pumpkin|Goodra, M, shiny|100\/100\n|-activate|p2a: Landorus|confusion\n|move|p2a: Landorus|Stone Edge|p1a: Pumpkin\n|-damage|p1a: Pumpkin|69\/100\n|\n|-heal|p1a: Pumpkin|75\/100|[from] item: Leftovers\n|upkeep\n|turn|4\n|\n|t:|1700571862\n|switch|p2a: Enamorus|Enamorus, F|100\/100\n|move|p1a: Pumpkin|Scald|p2a: Enamorus\n|-damage|p2a: Enamorus|75\/100\n|\n|-heal|p1a: Pumpkin|81\/100|[from] item: Leftovers\n|upkeep\n|turn|5\n|\n|t:|1700571870\n|move|p2a: Enamorus|Earth Power|p1a: Pumpkin\n|-damage|p1a: Pumpkin|53\/100\n|move|p1a: Pumpkin|Toxic|p2a: Enamorus\n|-status|p2a: Enamorus|tox\n|\n|-heal|p1a: Pumpkin|59\/100|[from] item: Leftovers\n|-damage|p2a: Enamorus|68\/100 tox|[from] psn\n|upkeep\n|turn|6\n|\n|t:|1700571890\n|switch|p1a: Zapdevious|Zapdos|15\/100\n|move|p2a: Enamorus|Earth Power|p1a: Zapdevious\n|-immune|p1a: Zapdevious\n|\n|-damage|p2a: Enamorus|56\/100 tox|[from] psn\n|upkeep\n|turn|7\n|\n|t:|1700571897\n|switch|p2a: Landorus|Landorus-Therian, M|38\/100\n|-ability|p2a: Landorus|Intimidate|boost\n|-unboost|p1a: Zapdevious|atk|1\n|move|p1a: Zapdevious|Roost|p1a: Zapdevious\n|-heal|p1a: Zapdevious|65\/100\n|-singleturn|p1a: Zapdevious|move: Roost\n|\n|upkeep\n|turn|8\n|\n|t:|1700571915\n|switch|p1a: Pumpkin|Goodra, M, shiny|59\/100\n|move|p2a: Landorus|U-turn|p1a: Pumpkin\n|-damage|p1a: Pumpkin|38\/100\n|-ability|p1a: Pumpkin|Gooey\n|-unboost|p2a: Landorus|spe|1\n|\n|t:|1700571932\n|switch|p2a: Enamorus|Enamorus, F|56\/100 tox|[from] U-turn\n|\n|-heal|p1a: Pumpkin|44\/100|[from] item: Leftovers\n|-damage|p2a: Enamorus|50\/100 tox|[from] psn\n|upkeep\n|turn|9\n|\n|t:|1700571959\n|move|p2a: Enamorus|Mystical Fire|p1a: Pumpkin\n|-resisted|p1a: Pumpkin\n|-damage|p1a: Pumpkin|31\/100\n|-unboost|p1a: Pumpkin|spa|1\n|move|p1a: Pumpkin|Scald|p2a: Enamorus\n|-damage|p2a: Enamorus|31\/100 tox\n|\n|-heal|p1a: Pumpkin|38\/100|[from] item: Leftovers\n|-damage|p2a: Enamorus|19\/100 tox|[from] psn\n|upkeep\n|turn|10\n|\n|t:|1700571970\n|switch|p2a: Fred|Kingambit, M|100\/100\n|switch|p1a: Zapdevious|Zapdos|65\/100\n|\n|upkeep\n|turn|11\n|\n|t:|1700571987\n|-end|p2a: Fred|fallenundefined|[silent]\n|switch|p2a: Genoide|Dragapult, F|100\/100\n|move|p1a: Zapdevious|Heat Wave|p2a: Genoide\n|-resisted|p2a: Genoide\n|-damage|p2a: Genoide|82\/100\n|\n|upkeep\n|turn|12\n|\n|t:|1700572034\n|move|p2a: Genoide|Dragon Darts|p1a: Zapdevious\n|-damage|p1a: Zapdevious|30\/100\n|-anim|p2a: Genoide|Dragon Darts|p1a: Zapdevious\n|-damage|p1a: Zapdevious|0 fnt\n|faint|p1a: Zapdevious\n|\n|upkeep\n|\n|t:|1700572043\n|switch|p1a: Samurotten|Samurott-Hisui, F|100\/100\n|turn|13\n|\n|t:|1700572049\n|move|p1a: Samurotten|Shadow Ball|p2a: Genoide\n|-supereffective|p2a: Genoide\n|-damage|p2a: Genoide|0 fnt\n|faint|p2a: Genoide\n|\n|upkeep\n|\n|t:|1700572054\n|switch|p2a: Pawmot|Pawmot, M|100\/100\n|turn|14\n|\n|t:|1700572062\n|move|p1a: Samurotten|Shadow Ball|p2a: Pawmot\n|-damage|p2a: Pawmot|37\/100\n|move|p2a: Pawmot|Revival Blessing|p2a: Pawmot\n|-enditem|p2a: Pawmot|Leppa Berry|[eat]\n|-activate|p2a: Pawmot|item: Leppa Berry|Revival Blessing|[consumed]\n|\n|t:|1700572070\n|-heal|p2: Genoide|50\/100|[from] move: Revival Blessing\n|\n|upkeep\n|turn|15\n|\n|t:|1700572081\n|switch|p2a: Landorus|Landorus-Therian, M|38\/100\n|-ability|p2a: Landorus|Intimidate|boost\n|-unboost|p1a: Samurotten|atk|1\n|move|p1a: Samurotten|Shadow Ball|p2a: Landorus\n|-damage|p2a: Landorus|0 fnt\n|faint|p2a: Landorus\n|\n|upkeep\n|\n|t:|1700572087\n|switch|p2a: Fred|Kingambit, M|100\/100\n|-activate|p2a: Fred|ability: Supreme Overlord\n|-start|p2a: Fred|fallen2|[silent]\n|turn|16\n|\n|t:|1700572111\n|switch|p1a: Pumpkin|Goodra, M, shiny|38\/100\n|move|p2a: Fred|Kowtow Cleave|p1a: Pumpkin\n|-damage|p1a: Pumpkin|0 fnt\n|-ability|p1a: Pumpkin|Gooey\n|-unboost|p2a: Fred|spe|1\n|faint|p1a: Pumpkin\n|\n|upkeep\n|\n|t:|1700572122\n|switch|p1a: Samurotten|Samurott-Hisui, F|100\/100\n|turn|17\n|\n|t:|1700572130\n|-end|p2a: Fred|fallen2|[silent]\n|switch|p2a: Genoide|Dragapult, F|50\/100\n|move|p1a: Samurotten|Razor Shell|p2a: Genoide\n|-resisted|p2a: Genoide\n|-damage|p2a: Genoide|0 fnt\n|faint|p2a: Genoide\n|\n|upkeep\n|\n|t:|1700572141\n|switch|p2a: Iron Valiant|Iron Valiant|100\/100\n|-enditem|p2a: Iron Valiant|Booster Energy\n|-activate|p2a: Iron Valiant|ability: Quark Drive|[fromitem]\n|-start|p2a: Iron Valiant|quarkdrivespe\n|turn|18\n|\n|t:|1700572147\n|switch|p1a: Gholdemon|Gholdengo|100\/100\n|move|p2a: Iron Valiant|Moonblast|p1a: Gholdemon\n|-resisted|p1a: Gholdemon\n|-damage|p1a: Gholdemon|83\/100\n|-unboost|p1a: Gholdemon|spa|1\n|\n|upkeep\n|turn|19\n|\n|t:|1700572158\n|-end|p2a: Iron Valiant|Quark Drive|[silent]\n|switch|p2a: Enamorus|Enamorus, F|19\/100 tox\n|move|p1a: Gholdemon|Make It Rain|p2a: Enamorus\n|-supereffective|p2a: Enamorus\n|-damage|p2a: Enamorus|0 fnt\n|-unboost|p1a: Gholdemon|spa|1\n|faint|p2a: Enamorus\n|\n|upkeep\n|\n|t:|1700572161\n|switch|p2a: Pawmot|Pawmot, M|37\/100\n|turn|20\n|\n|t:|1700572165\n|move|p2a: Pawmot|Revival Blessing|p2a: Pawmot\n|inactive|Battle timer is ON: inactive players will automatically lose when time's up. (requested by Perry the Pear)\n|\n|t:|1700572218\n|-heal|p2: Landorus|50\/100|[from] move: Revival Blessing\n|move|p1a: Gholdemon|Shadow Ball|p2a: Pawmot\n|-damage|p2a: Pawmot|5\/100\n|\n|upkeep\n|turn|21\n|\n|t:|1700572229\n|move|p2a: Pawmot|Double Shock|p1a: Gholdemon\n|-damage|p1a: Gholdemon|31\/100\n|-start|p2a: Pawmot|typechange|???\/Fighting|[from] move: Double Shock\n|move|p1a: Gholdemon|Shadow Ball|p2a: Pawmot\n|-damage|p2a: Pawmot|0 fnt\n|faint|p2a: Pawmot\n|\n|upkeep\n|\n|t:|1700572240\n|switch|p2a: Landorus|Landorus-Therian, M|50\/100\n|-ability|p2a: Landorus|Intimidate|boost\n|-unboost|p1a: Gholdemon|atk|1\n|turn|22\n|\n|t:|1700572249\n|move|p2a: Landorus|Earthquake|p1a: Gholdemon\n|-supereffective|p1a: Gholdemon\n|-damage|p1a: Gholdemon|0 fnt\n|faint|p1a: Gholdemon\n|\n|upkeep\n|\n|t:|1700572262\n|switch|p1a: Samurotten|Samurott-Hisui, F|100\/100\n|turn|23\n|\n|t:|1700572269\n|switch|p2a: Fred|Kingambit, M|100\/100\n|-activate|p2a: Fred|ability: Supreme Overlord\n|-start|p2a: Fred|fallen5|[silent]\n|move|p1a: Samurotten|Shadow Ball|p2a: Fred\n|-resisted|p2a: Fred\n|-damage|p2a: Fred|79\/100\n|\n|-heal|p2a: Fred|85\/100|[from] item: Leftovers\n|upkeep\n|turn|24\n|\n|t:|1700572289\n|switch|p1a: Iron Villain|Iron Valiant, shiny|100\/100\n|-enditem|p1a: Iron Villain|Booster Energy\n|-activate|p1a: Iron Villain|ability: Quark Drive|[fromitem]\n|-start|p1a: Iron Villain|quarkdrivespe\n|move|p2a: Fred|Kowtow Cleave|p1a: Iron Villain\n|-resisted|p1a: Iron Villain\n|-damage|p1a: Iron Villain|78\/100\n|\n|-heal|p2a: Fred|91\/100|[from] item: Leftovers\n|upkeep\n|turn|25\n|inactive|pocypop has 120 seconds left.\n|\n|t:|1700572321\n|-terastallize|p2a: Fred|Flying\n|move|p1a: Iron Villain|Vacuum Wave|p2a: Fred\n|-resisted|p2a: Fred\n|-damage|p2a: Fred|81\/100\n|move|p2a: Fred|Kowtow Cleave|p1a: Iron Villain\n|-resisted|p1a: Iron Villain\n|-damage|p1a: Iron Villain|56\/100\n|\n|-heal|p2a: Fred|87\/100|[from] item: Leftovers\n|upkeep\n|turn|26\n|inactive|pocypop has 120 seconds left.\n|c|\u2606pocypop|caca\n|\n|t:|1700572352\n|move|p1a: Iron Villain|Thunderbolt|p2a: Fred\n|-supereffective|p2a: Fred\n|-damage|p2a: Fred|26\/100\n|move|p2a: Fred|Kowtow Cleave|p1a: Iron Villain\n|-resisted|p1a: Iron Villain\n|-damage|p1a: Iron Villain|34\/100\n|\n|-heal|p2a: Fred|32\/100|[from] item: Leftovers\n|upkeep\n|turn|27\n|\n|t:|1700572365\n|move|p2a: Fred|Sucker Punch|p1a: Iron Villain\n|-resisted|p1a: Iron Villain\n|-damage|p1a: Iron Villain|16\/100\n|move|p1a: Iron Villain|Thunderbolt|p2a: Fred\n|-supereffective|p2a: Fred\n|-damage|p2a: Fred|0 fnt\n|faint|p2a: Fred\n|-end|p2a: Fred|fallen5|[silent]\n|\n|upkeep\n|n|!pocypop|pocypop\n|\n|t:|1700572377\n|switch|p2a: Landorus|Landorus-Therian, M|50\/100\n|-ability|p2a: Landorus|Intimidate|boost\n|-unboost|p1a: Iron Villain|atk|1\n|turn|28\n|c|\u2606Perry the Pear|?\n|inactive|pocypop has 90 seconds left.\n|\n|t:|1700572394\n|move|p1a: Iron Villain|Moonblast|p2a: Landorus\n|-damage|p2a: Landorus|0 fnt\n|faint|p2a: Landorus\n|\n|upkeep\n|\n|t:|1700572396\n|switch|p2a: Iron Valiant|Iron Valiant|100\/100\n|turn|29\n|\n|t:|1700572408\n|-terastallize|p1a: Iron Villain|Fairy\n|move|p1a: Iron Villain|Moonblast|p2a: Iron Valiant\n|-supereffective|p2a: Iron Valiant\n|-damage|p2a: Iron Valiant|0 fnt\n|faint|p2a: Iron Valiant\n|-end|p2a: Iron Valiant|Quark Drive|[silent]\n|\n|win|Perry the Pear\n|raw|Perry the Pear's rating: 1204 &rarr; <strong>1235<\/strong><br \/>(+31 for winning)\n|raw|pocypop's rating: 1294 &rarr; <strong>1263<\/strong><br \/>(-31 for losing)\n","uploadtime":1700572375,"views":1,"p1id":"perrythepear","p2id":"pocypop","formatid":"gen9ou","rating":1235,"private":0,"password":""}