{"id":"gen9ou-1989686339","p1":"zkeem11","p2":"originalwinner","format":"[Gen 9] OU","log":"|j|\u2606zkeem11\n|j|\u2606originalwinner\n|t:|1699886811\n|gametype|singles\n|player|p1|zkeem11|dawn-gen4pt|1410\n|player|p2|originalwinner|102|1364\n|teamsize|p1|6\n|teamsize|p2|6\n|gen|9\n|tier|[Gen 9] OU\n|rated|\n|rule|Sleep Clause Mod: Limit one foe put to sleep\n|rule|Species Clause: Limit one of each Pok\u00e9mon\n|rule|OHKO Clause: OHKO moves are banned\n|rule|Evasion Items Clause: Evasion items are banned\n|rule|Evasion Moves Clause: Evasion moves are banned\n|rule|Endless Battle Clause: Forcing endless battles is banned\n|rule|HP Percentage Mod: HP is shown in percentages\n|clearpoke\n|poke|p1|Alomomola, M|\n|poke|p1|Ting-Lu|\n|poke|p1|Gholdengo|\n|poke|p1|Weezing-Galar, M|\n|poke|p1|Dragonite, M|\n|poke|p1|Sneasler, F|\n|poke|p2|Iron Valiant|\n|poke|p2|Infernape, M|\n|poke|p2|Blissey, F|\n|poke|p2|Kommo-o, F|\n|poke|p2|Gholdengo|\n|poke|p2|Corviknight, M|\n|teampreview\n|inactive|Battle timer is ON: inactive players will automatically lose when time's up. (requested by originalwinner)\n|\n|t:|1699886821\n|start\n|switch|p1a: Weezing|Weezing-Galar, M|100\/100\n|switch|p2a: Kommo-o|Kommo-o, F|100\/100\n|turn|1\n|\n|t:|1699886828\n|-terastallize|p2a: Kommo-o|Steel\n|move|p2a: Kommo-o|Swords Dance|p2a: Kommo-o\n|-boost|p2a: Kommo-o|atk|2\n|move|p1a: Weezing|Will-O-Wisp|p2a: Kommo-o\n|-status|p2a: Kommo-o|brn\n|\n|-damage|p2a: Kommo-o|94\/100 brn|[from] brn\n|upkeep\n|turn|2\n|\n|t:|1699886842\n|switch|p1a: Alomomola|Alomomola, M|100\/100\n|move|p2a: Kommo-o|Swords Dance|p2a: Kommo-o\n|-boost|p2a: Kommo-o|atk|2\n|\n|-damage|p2a: Kommo-o|88\/100 brn|[from] brn\n|upkeep\n|turn|3\n|\n|t:|1699886849\n|move|p2a: Kommo-o|Scale Shot|p1a: Alomomola\n|-damage|p1a: Alomomola|91\/100\n|-damage|p1a: Alomomola|82\/100\n|-damage|p1a: Alomomola|72\/100\n|-damage|p1a: Alomomola|64\/100\n|-hitcount|p1a: Alomomola|4\n|-unboost|p2a: Kommo-o|def|1\n|-boost|p2a: Kommo-o|spe|1\n|move|p1a: Alomomola|Flip Turn|p2a: Kommo-o\n|-damage|p2a: Kommo-o|67\/100 brn\n|\n|t:|1699886864\n|switch|p1a: Weezing|Weezing-Galar, M|100\/100|[from] Flip Turn\n|\n|-damage|p2a: Kommo-o|61\/100 brn|[from] brn\n|upkeep\n|turn|4\n|\n|t:|1699886869\n|move|p2a: Kommo-o|Iron Head|p1a: Weezing\n|-supereffective|p1a: Weezing\n|-damage|p1a: Weezing|34\/100\n|-damage|p2a: Kommo-o|44\/100 brn|[from] item: Rocky Helmet|[of] p1a: Weezing\n|move|p1a: Weezing|Flamethrower|p2a: Kommo-o\n|-supereffective|p2a: Kommo-o\n|-damage|p2a: Kommo-o|5\/100 brn\n|\n|-damage|p2a: Kommo-o|0 fnt|[from] brn\n|faint|p2a: Kommo-o\n|upkeep\n|\n|t:|1699886881\n|switch|p2a: Iron Valiant|Iron Valiant|100\/100\n|-enditem|p2a: Iron Valiant|Booster Energy\n|-activate|p2a: Iron Valiant|ability: Quark Drive|[fromitem]\n|-start|p2a: Iron Valiant|quarkdrivespe\n|turn|5\n|\n|t:|1699886888\n|switch|p1a: Alomomola|Alomomola, M|97\/100\n|move|p2a: Iron Valiant|Swords Dance|p2a: Iron Valiant\n|-boost|p2a: Iron Valiant|atk|2\n|\n|upkeep\n|turn|6\n|\n|t:|1699886895\n|move|p2a: Iron Valiant|Swords Dance|p2a: Iron Valiant\n|-boost|p2a: Iron Valiant|atk|2\n|move|p1a: Alomomola|Flip Turn|p2a: Iron Valiant\n|-damage|p2a: Iron Valiant|83\/100\n|\n|t:|1699886900\n|switch|p1a: Dragonite|Dragonite, M|100\/100|[from] Flip Turn\n|\n|upkeep\n|turn|7\n|\n|t:|1699886905\n|-terastallize|p1a: Dragonite|Normal\n|move|p1a: Dragonite|Extreme Speed|p2a: Iron Valiant\n|-damage|p2a: Iron Valiant|0 fnt\n|faint|p2a: Iron Valiant\n|-end|p2a: Iron Valiant|Quark Drive|[silent]\n|\n|upkeep\n|\n|t:|1699886912\n|switch|p2a: Infernape|Infernape, M|100\/100\n|turn|8\n|\n|t:|1699886917\n|move|p1a: Dragonite|Extreme Speed|p2a: Infernape\n|-enditem|p2a: Infernape|Focus Sash\n|-damage|p2a: Infernape|1\/100\n|move|p2a: Infernape|Close Combat|p1a: Dragonite\n|-supereffective|p1a: Dragonite\n|-damage|p1a: Dragonite|40\/100\n|-unboost|p2a: Infernape|def|1\n|-unboost|p2a: Infernape|spd|1\n|\n|upkeep\n|turn|9\n|\n|t:|1699886928\n|switch|p1a: Alomomola|Alomomola, M|100\/100\n|move|p2a: Infernape|Mach Punch|p1a: Alomomola\n|-damage|p1a: Alomomola|88\/100\n|-damage|p2a: Infernape|0 fnt|[from] item: Rocky Helmet|[of] p1a: Alomomola\n|faint|p2a: Infernape\n|\n|upkeep\n|\n|t:|1699886932\n|switch|p2a: Gholdengo|Gholdengo|100\/100\n|-item|p2a: Gholdengo|Air Balloon\n|turn|10\n|\n|t:|1699886938\n|move|p2a: Gholdengo|Nasty Plot|p2a: Gholdengo\n|-boost|p2a: Gholdengo|spa|2\n|move|p1a: Alomomola|Flip Turn|p2a: Gholdengo\n|-damage|p2a: Gholdengo|82\/100\n|-enditem|p2a: Gholdengo|Air Balloon\n|\n|t:|1699886945\n|switch|p1a: Ting-Lu|Ting-Lu|100\/100|[from] Flip Turn\n|-ability|p1a: Ting-Lu|Vessel of Ruin\n|\n|upkeep\n|turn|11\n|\n|t:|1699886950\n|move|p2a: Gholdengo|Make It Rain|p1a: Ting-Lu\n|-damage|p1a: Ting-Lu|45\/100\n|-unboost|p2a: Gholdengo|spa|1\n|move|p1a: Ting-Lu|Earthquake|p2a: Gholdengo\n|-supereffective|p2a: Gholdengo\n|-damage|p2a: Gholdengo|0 fnt\n|faint|p2a: Gholdengo\n|\n|-heal|p1a: Ting-Lu|51\/100|[from] item: Leftovers\n|upkeep\n|-message|originalwinner forfeited.\n|\n|win|zkeem11\n|raw|zkeem11's rating: 1410 &rarr; <strong>1427<\/strong><br \/>(+17 for winning)\n|raw|originalwinner's rating: 1364 &rarr; <strong>1347<\/strong><br \/>(-17 for losing)\n|l|\u2606originalwinner\n","uploadtime":1699886966,"views":12,"p1id":"zkeem11","p2id":"originalwinner","formatid":"gen9ou","rating":1347,"private":0,"password":""}