{"id":"gen9ou-1992691466","p1":"smexydevvi","p2":"Power Panpour","format":"[Gen 9] OU","log":"|j|\u2606smexydevvi\n|j|\u2606Power Panpour\n|t:|1700225769\n|gametype|singles\n|player|p1|smexydevvi|cynthia-gen4|1102\n|player|p2|Power Panpour|ingo|1114\n|teamsize|p1|6\n|teamsize|p2|6\n|gen|9\n|tier|[Gen 9] OU\n|rated|\n|rule|Sleep Clause Mod: Limit one foe put to sleep\n|rule|Species Clause: Limit one of each Pok\u00e9mon\n|rule|OHKO Clause: OHKO moves are banned\n|rule|Evasion Items Clause: Evasion items are banned\n|rule|Evasion Moves Clause: Evasion moves are banned\n|rule|Endless Battle Clause: Forcing endless battles is banned\n|rule|HP Percentage Mod: HP is shown in percentages\n|clearpoke\n|poke|p1|Grafaiai, M|\n|poke|p1|Ceruledge, M|\n|poke|p1|Gastrodon-East, F|\n|poke|p1|Overqwil, M|\n|poke|p1|Zapdos-Galar|\n|poke|p1|Hatterene, F|\n|poke|p2|Landorus-Therian, M|\n|poke|p2|Iron Valiant|\n|poke|p2|Blissey, F|\n|poke|p2|Quaquaval, M|\n|poke|p2|Zapdos|\n|poke|p2|Alomomola, M|\n|teampreview\n|inactive|Battle timer is ON: inactive players will automatically lose when time's up. (requested by Power Panpour)\n|\n|t:|1700225781\n|start\n|switch|p1a: Nutshack|Grafaiai, M|100\/100\n|switch|p2a: I'm so back baby|Landorus-Therian, M|100\/100\n|-ability|p2a: I'm so back baby|Intimidate|boost\n|-unboost|p1a: Nutshack|atk|1\n|turn|1\n|\n|t:|1700225790\n|move|p1a: Nutshack|Switcheroo|p2a: I'm so back baby\n|-activate|p1a: Nutshack|move: Trick|[of] p2a: I'm so back baby\n|-item|p2a: I'm so back baby|Iron Ball|[from] move: Switcheroo\n|-item|p1a: Nutshack|Leftovers|[from] move: Switcheroo\n|move|p2a: I'm so back baby|Earthquake|p1a: Nutshack\n|-supereffective|p1a: Nutshack\n|-damage|p1a: Nutshack|0 fnt\n|faint|p1a: Nutshack\n|\n|upkeep\n|\n|t:|1700225810\n|switch|p1a: HIM|Overqwil, M|100\/100\n|-ability|p1a: HIM|Intimidate|boost\n|-unboost|p2a: I'm so back baby|atk|1\n|turn|2\n|\n|t:|1700225818\n|switch|p2a: Coca-Mola|Alomomola, M|100\/100\n|move|p1a: HIM|Swords Dance|p1a: HIM\n|-boost|p1a: HIM|atk|2\n|\n|upkeep\n|turn|3\n|\n|t:|1700225825\n|move|p1a: HIM|Swords Dance|p1a: HIM\n|-boost|p1a: HIM|atk|2\n|move|p2a: Coca-Mola|Scald|p1a: HIM\n|-damage|p1a: HIM|77\/100\n|-status|p1a: HIM|brn\n|\n|-damage|p1a: HIM|71\/100 brn|[from] brn\n|upkeep\n|turn|4\n|\n|t:|1700225836\n|move|p1a: HIM|Gunk Shot|p2a: Coca-Mola\n|-damage|p2a: Coca-Mola|58\/100\n|move|p2a: Coca-Mola|Wish|p2a: Coca-Mola\n|\n|-heal|p2a: Coca-Mola|64\/100|[from] item: Leftovers\n|-damage|p1a: HIM|65\/100 brn|[from] brn\n|upkeep\n|turn|5\n|\n|t:|1700225845\n|switch|p2a: I'm so back baby|Landorus-Therian, M|100\/100\n|-ability|p2a: I'm so back baby|Intimidate|boost\n|-unboost|p1a: HIM|atk|1\n|move|p1a: HIM|Gunk Shot|p2a: I'm so back baby\n|-resisted|p2a: I'm so back baby\n|-damage|p2a: I'm so back baby|66\/100\n|\n|-heal|p2a: I'm so back baby|100\/100|[from] move: Wish|[wisher] Coca-Mola\n|-damage|p1a: HIM|59\/100 brn|[from] brn\n|upkeep\n|turn|6\n|\n|t:|1700225856\n|move|p1a: HIM|Gunk Shot|p2a: I'm so back baby\n|-resisted|p2a: I'm so back baby\n|-damage|p2a: I'm so back baby|68\/100\n|move|p2a: I'm so back baby|Earthquake|p1a: HIM\n|-supereffective|p1a: HIM\n|-damage|p1a: HIM|0 fnt\n|faint|p1a: HIM\n|\n|upkeep\n|\n|t:|1700225867\n|switch|p1a: iVy CuDgEl|Gastrodon-East, F|100\/100\n|turn|7\n|\n|t:|1700225872\n|move|p2a: I'm so back baby|Taunt|p1a: iVy CuDgEl\n|-start|p1a: iVy CuDgEl|move: Taunt\n|move|p1a: iVy CuDgEl|Hydro Pump|p2a: I'm so back baby\n|-supereffective|p2a: I'm so back baby\n|-damage|p2a: I'm so back baby|0 fnt\n|faint|p2a: I'm so back baby\n|\n|upkeep\n|\n|t:|1700225890\n|switch|p2a: Is but a bliss|Blissey, F|100\/100\n|turn|8\n|\n|t:|1700225897\n|switch|p1a: Eminence in Mid|Ceruledge, M|100\/100\n|move|p2a: Is but a bliss|Calm Mind|p2a: Is but a bliss\n|-boost|p2a: Is but a bliss|spa|1\n|-boost|p2a: Is but a bliss|spd|1\n|\n|upkeep\n|turn|9\n|\n|t:|1700225903\n|move|p1a: Eminence in Mid|Bulk Up|p1a: Eminence in Mid\n|-boost|p1a: Eminence in Mid|atk|1\n|-boost|p1a: Eminence in Mid|def|1\n|move|p2a: Is but a bliss|Shadow Ball|p1a: Eminence in Mid\n|-supereffective|p1a: Eminence in Mid\n|-damage|p1a: Eminence in Mid|48\/100\n|\n|upkeep\n|turn|10\n|\n|t:|1700225913\n|switch|p2a: Coca-Mola|Alomomola, M|98\/100\n|move|p1a: Eminence in Mid|Bitter Blade|p2a: Coca-Mola\n|-resisted|p2a: Coca-Mola\n|-crit|p2a: Coca-Mola\n|-damage|p2a: Coca-Mola|66\/100\n|-heal|p1a: Eminence in Mid|78\/100|[from] drain|[of] p2a: Coca-Mola\n|-heal|p1a: Eminence in Mid|85\/100|[from] item: Shell Bell|[of] p2a: Coca-Mola\n|\n|-heal|p2a: Coca-Mola|72\/100|[from] item: Leftovers\n|upkeep\n|turn|11\n|\n|t:|1700225923\n|switch|p1a: iVy CuDgEl|Gastrodon-East, F|100\/100\n|move|p2a: Coca-Mola|Wish|p2a: Coca-Mola\n|\n|-heal|p2a: Coca-Mola|78\/100|[from] item: Leftovers\n|upkeep\n|turn|12\n|\n|t:|1700225935\n|switch|p2a: Blue|Quaquaval, M|100\/100\n|move|p1a: iVy CuDgEl|Sludge|p2a: Blue\n|-damage|p2a: Blue|76\/100\n|-status|p2a: Blue|psn\n|\n|-heal|p2a: Blue|100\/100 psn|[from] move: Wish|[wisher] Coca-Mola\n|-damage|p2a: Blue|88\/100 psn|[from] psn\n|upkeep\n|turn|13\n|c|\u2606Power Panpour|?\n|\n|t:|1700225952\n|move|p2a: Blue|Knock Off|p1a: iVy CuDgEl\n|-damage|p1a: iVy CuDgEl|74\/100\n|-enditem|p1a: iVy CuDgEl|Leftovers|[from] move: Knock Off|[of] p2a: Blue\n|move|p1a: iVy CuDgEl|Sludge|p2a: Blue\n|-damage|p2a: Blue|66\/100 psn\n|\n|-heal|p2a: Blue|72\/100 psn|[from] item: Leftovers\n|-damage|p2a: Blue|60\/100 psn|[from] psn\n|upkeep\n|turn|14\n|\n|t:|1700225961\n|switch|p2a: Coca-Mola|Alomomola, M|100\/100\n|move|p1a: iVy CuDgEl|Recover|p1a: iVy CuDgEl\n|-heal|p1a: iVy CuDgEl|100\/100\n|\n|upkeep\n|turn|15\n|\n|t:|1700225968\n|-terastallize|p2a: Coca-Mola|Poison\n|move|p2a: Coca-Mola|Wish|p2a: Coca-Mola\n|move|p1a: iVy CuDgEl|Sludge|p2a: Coca-Mola\n|-resisted|p2a: Coca-Mola\n|-damage|p2a: Coca-Mola|90\/100\n|\n|-heal|p2a: Coca-Mola|96\/100|[from] item: Leftovers\n|upkeep\n|turn|16\n|\n|t:|1700225982\n|switch|p2a: Is but a bliss|Blissey, F|100\/100\n|switch|p1a: Vibe Check|Hatterene, F|100\/100\n|\n|upkeep\n|turn|17\n|\n|t:|1700225992\n|move|p2a: Is but a bliss|Calm Mind|p2a: Is but a bliss\n|-boost|p2a: Is but a bliss|spa|1\n|-boost|p2a: Is but a bliss|spd|1\n|move|p1a: Vibe Check|Psyshock|p2a: Is but a bliss\n|-damage|p2a: Is but a bliss|59\/100\n|\n|-heal|p2a: Is but a bliss|65\/100|[from] item: Leftovers\n|upkeep\n|turn|18\n|\n|t:|1700225999\n|move|p2a: Is but a bliss|Shadow Ball|p1a: Vibe Check\n|-supereffective|p1a: Vibe Check\n|-damage|p1a: Vibe Check|68\/100\n|move|p1a: Vibe Check|Psyshock|p2a: Is but a bliss\n|-damage|p2a: Is but a bliss|20\/100\n|\n|-heal|p2a: Is but a bliss|27\/100|[from] item: Leftovers\n|upkeep\n|turn|19\n|\n|t:|1700226007\n|move|p2a: Is but a bliss|Soft-Boiled|p2a: Is but a bliss\n|-heal|p2a: Is but a bliss|77\/100\n|move|p1a: Vibe Check|Psyshock|p2a: Is but a bliss\n|-damage|p2a: Is but a bliss|34\/100\n|\n|-heal|p2a: Is but a bliss|40\/100|[from] item: Leftovers\n|upkeep\n|turn|20\n|\n|t:|1700226013\n|move|p2a: Is but a bliss|Soft-Boiled|p2a: Is but a bliss\n|-heal|p2a: Is but a bliss|90\/100\n|move|p1a: Vibe Check|Psyshock|p2a: Is but a bliss\n|-damage|p2a: Is but a bliss|46\/100\n|\n|-heal|p2a: Is but a bliss|52\/100|[from] item: Leftovers\n|upkeep\n|turn|21\n|\n|t:|1700226021\n|switch|p2a: Boomer Bird|Zapdos|100\/100\n|-ability|p2a: Boomer Bird|Pressure\n|move|p1a: Vibe Check|Mystical Fire|p2a: Boomer Bird\n|-damage|p2a: Boomer Bird|71\/100\n|-unboost|p2a: Boomer Bird|spa|1\n|\n|-heal|p2a: Boomer Bird|77\/100|[from] item: Leftovers\n|upkeep\n|turn|22\n|\n|t:|1700226031\n|switch|p1a: iVy CuDgEl|Gastrodon-East, F|100\/100\n|move|p2a: Boomer Bird|Thunder|p1a: iVy CuDgEl\n|-immune|p1a: iVy CuDgEl\n|\n|-heal|p2a: Boomer Bird|83\/100|[from] item: Leftovers\n|upkeep\n|turn|23\n|\n|t:|1700226040\n|switch|p2a: Is but a bliss|Blissey, F|52\/100\n|move|p1a: iVy CuDgEl|Sludge|p2a: Is but a bliss\n|-damage|p2a: Is but a bliss|45\/100\n|\n|-heal|p2a: Is but a bliss|52\/100|[from] item: Leftovers\n|upkeep\n|turn|24\n|\n|t:|1700226055\n|switch|p1a: Chocobo|Zapdos-Galar, shiny|100\/100\n|move|p2a: Is but a bliss|Calm Mind|p2a: Is but a bliss\n|-boost|p2a: Is but a bliss|spa|1\n|-boost|p2a: Is but a bliss|spd|1\n|\n|-heal|p2a: Is but a bliss|58\/100|[from] item: Leftovers\n|upkeep\n|turn|25\n|\n|t:|1700226062\n|switch|p2a: Boomer Bird|Zapdos|83\/100\n|-ability|p2a: Boomer Bird|Pressure\n|move|p1a: Chocobo|Thunderous Kick|p2a: Boomer Bird\n|-resisted|p2a: Boomer Bird\n|-damage|p2a: Boomer Bird|49\/100\n|-unboost|p2a: Boomer Bird|def|1\n|\n|-heal|p2a: Boomer Bird|55\/100|[from] item: Leftovers\n|upkeep\n|turn|26\n|\n|t:|1700226072\n|move|p1a: Chocobo|Thunderous Kick|p2a: Boomer Bird\n|-resisted|p2a: Boomer Bird\n|-damage|p2a: Boomer Bird|0 fnt\n|faint|p2a: Boomer Bird\n|\n|upkeep\n|\n|t:|1700226077\n|switch|p2a: Blue|Quaquaval, M|60\/100 psn\n|turn|27\n|-message|Power Panpour forfeited.\n|\n|win|smexydevvi\n|raw|smexydevvi's rating: 1102 &rarr; <strong>1128<\/strong><br \/>(+26 for winning)\n|raw|Power Panpour's rating: 1114 &rarr; <strong>1088<\/strong><br \/>(-26 for losing)\n|l|\u2606Power Panpour\n|c|\u2606smexydevvi|?\n","uploadtime":1700226092,"views":23,"p1id":"smexydevvi","p2id":"powerpanpour","formatid":"gen9ou","rating":1088,"private":0,"password":""}