{"id":"gen9ou-1989339869","p1":"9WwrT5AWmf4K3OXae3","p2":"Tad66","format":"[Gen 9] OU","log":"|j|\u26069WwrT5AWmf4K3OXae3\n|j|\u2606Tad66\n|t:|1699838236\n|gametype|singles\n|player|p1|9WwrT5AWmf4K3OXae3|265|1000\n|player|p2|Tad66|hugh|1052\n|teamsize|p1|6\n|teamsize|p2|6\n|gen|9\n|tier|[Gen 9] OU\n|rated|\n|rule|Sleep Clause Mod: Limit one foe put to sleep\n|rule|Species Clause: Limit one of each Pok\u00e9mon\n|rule|OHKO Clause: OHKO moves are banned\n|rule|Evasion Items Clause: Evasion items are banned\n|rule|Evasion Moves Clause: Evasion moves are banned\n|rule|Endless Battle Clause: Forcing endless battles is banned\n|rule|HP Percentage Mod: HP is shown in percentages\n|clearpoke\n|poke|p1|Manaphy|\n|poke|p1|Kingambit, M|\n|poke|p1|Ribombee, M|\n|poke|p1|Gholdengo|\n|poke|p1|Iron Moth|\n|poke|p1|Ogerpon-Wellspring, F|\n|poke|p2|Slowbro, F|\n|poke|p2|Quaquaval, M|\n|poke|p2|Ogerpon-Wellspring, F|\n|poke|p2|Greninja-*, M|\n|poke|p2|Toxapex, F|\n|poke|p2|Walking Wake|\n|teampreview\n|inactive|Battle timer is ON: inactive players will automatically lose when time's up. (requested by 9WwrT5AWmf4K3OXae3)\n|\n|t:|1699838241\n|start\n|switch|p1a: Ribombee|Ribombee, M, shiny|100\/100\n|switch|p2a: der|Slowbro, F|100\/100\n|turn|1\n|\n|t:|1699838249\n|move|p1a: Ribombee|Sticky Web|p2a: der\n|-sidestart|p2: Tad66|move: Sticky Web\n|move|p2a: der|Light Screen|p2a: der\n|-sidestart|p2: Tad66|move: Light Screen\n|\n|upkeep\n|turn|2\n|\n|t:|1699838254\n|move|p1a: Ribombee|Stun Spore|p2a: der\n|-status|p2a: der|par\n|move|p2a: der|Yawn|p1a: Ribombee\n|-start|p1a: Ribombee|move: Yawn|[of] p2a: der\n|\n|upkeep\n|turn|3\n|\n|t:|1699838261\n|switch|p1a: Gholdengo|Gholdengo|100\/100\n|-item|p1a: Gholdengo|Air Balloon\n|move|p2a: der|Ice Beam|p1a: Gholdengo\n|-resisted|p1a: Gholdengo\n|-damage|p1a: Gholdengo|89\/100\n|-enditem|p1a: Gholdengo|Air Balloon\n|\n|upkeep\n|turn|4\n|\n|t:|1699838272\n|move|p1a: Gholdengo|Nasty Plot|p1a: Gholdengo\n|-boost|p1a: Gholdengo|spa|2\n|move|p2a: der|Yawn|p1a: Gholdengo\n|-immune|p1a: Gholdengo|[from] ability: Good as Gold\n|\n|upkeep\n|turn|5\n|\n|t:|1699838279\n|move|p1a: Gholdengo|Nasty Plot|p1a: Gholdengo\n|-boost|p1a: Gholdengo|spa|2\n|cant|p2a: der|par\n|\n|-sideend|p2: Tad66|move: Light Screen\n|upkeep\n|turn|6\n|\n|t:|1699838284\n|move|p1a: Gholdengo|Shadow Ball|p2a: der\n|-supereffective|p2a: der\n|-damage|p2a: der|0 fnt\n|faint|p2a: der\n|\n|upkeep\n|\n|t:|1699838310\n|switch|p2a: ogi|Ogerpon-Wellspring, F|100\/100\n|-activate|p2a: ogi|move: Sticky Web\n|-unboost|p2a: ogi|spe|1\n|turn|7\n|\n|t:|1699838323\n|move|p1a: Gholdengo|Shadow Ball|p2a: ogi\n|-damage|p2a: ogi|0 fnt\n|faint|p2a: ogi\n|\n|upkeep\n|inactive|Tad66 has 120 seconds left.\n|\n|t:|1699838338\n|switch|p2a: drake|Walking Wake|100\/100\n|-activate|p2a: drake|move: Sticky Web\n|-unboost|p2a: drake|spe|1\n|-enditem|p2a: drake|Booster Energy\n|-activate|p2a: drake|ability: Protosynthesis|[fromitem]\n|-start|p2a: drake|protosynthesisspa\n|turn|8\n|inactive|Tad66 has 120 seconds left.\n|\n|t:|1699838355\n|move|p1a: Gholdengo|Shadow Ball|p2a: drake\n|-damage|p2a: drake|0 fnt\n|faint|p2a: drake\n|-end|p2a: drake|Protosynthesis|[silent]\n|\n|upkeep\n|\n|t:|1699838360\n|switch|p2a: toxic|Toxapex, F|100\/100\n|-activate|p2a: toxic|move: Sticky Web\n|-unboost|p2a: toxic|spe|1\n|turn|9\n|inactive|Tad66 has 120 seconds left.\n|\n|t:|1699838366\n|move|p2a: toxic|Baneful Bunker|p2a: toxic\n|-singleturn|p2a: toxic|move: Protect\n|move|p1a: Gholdengo|Psyshock|p2a: toxic\n|-activate|p2a: toxic|move: Protect\n|\n|upkeep\n|turn|10\n|\n|t:|1699838372\n|move|p1a: Gholdengo|Psyshock|p2a: toxic\n|-supereffective|p2a: toxic\n|-damage|p2a: toxic|4\/100\n|move|p2a: toxic|Toxic Spikes|p1a: Gholdengo\n|-sidestart|p1: 9WwrT5AWmf4K3OXae3|move: Toxic Spikes\n|\n|-heal|p2a: toxic|11\/100|[from] item: Leftovers\n|upkeep\n|turn|11\n|\n|t:|1699838382\n|move|p2a: toxic|Baneful Bunker|p2a: toxic\n|-singleturn|p2a: toxic|move: Protect\n|move|p1a: Gholdengo|Shadow Ball|p2a: toxic\n|-activate|p2a: toxic|move: Protect\n|\n|-heal|p2a: toxic|17\/100|[from] item: Leftovers\n|upkeep\n|turn|12\n|\n|t:|1699838391\n|move|p1a: Gholdengo|Shadow Ball|p2a: toxic\n|-damage|p2a: toxic|0 fnt\n|faint|p2a: toxic\n|\n|upkeep\n|\n|t:|1699838399\n|switch|p2a: Quaq|Quaquaval, M|100\/100\n|-activate|p2a: Quaq|move: Sticky Web\n|-unboost|p2a: Quaq|spe|1\n|turn|13\n|\n|t:|1699838412\n|move|p1a: Gholdengo|Psyshock|p2a: Quaq\n|-supereffective|p2a: Quaq\n|-crit|p2a: Quaq\n|-damage|p2a: Quaq|0 fnt\n|faint|p2a: Quaq\n|\n|upkeep\n|\n|t:|1699838416\n|switch|p2a: frouge|Greninja, M|100\/100\n|-activate|p2a: frouge|move: Sticky Web\n|-unboost|p2a: frouge|spe|1\n|turn|14\n|\n|t:|1699838429\n|move|p1a: Gholdengo|Make It Rain|p2a: frouge\n|-resisted|p2a: frouge\n|-damage|p2a: frouge|0 fnt\n|-unboost|p1a: Gholdengo|spa|1\n|faint|p2a: frouge\n|\n|win|9WwrT5AWmf4K3OXae3\n|raw|9WwrT5AWmf4K3OXae3's rating: 1000 &rarr; <strong>1046<\/strong><br \/>(+46 for winning)\n|raw|Tad66's rating: 1052 &rarr; <strong>1032<\/strong><br \/>(-20 for losing)\n|l|\u2606Tad66\n","uploadtime":1699838441,"views":6,"p1id":"9wwrt5awmf4k3oxae3","p2id":"tad66","formatid":"gen9ou","rating":1032,"private":0,"password":""}