{"id":"gen9ou-1997512129","p1":"SushiGengu","p2":"nantfrek","format":"[Gen 9] OU","log":"|j|\u2606SushiGengu\n|j|\u203dnantfrek\n|t:|1700818035\n|gametype|singles\n|player|p1|SushiGengu|whitney|1540\n|player|p2|nantfrek|boarder|1571\n|teamsize|p1|6\n|teamsize|p2|6\n|gen|9\n|tier|[Gen 9] OU\n|rated|\n|rule|Sleep Clause Mod: Limit one foe put to sleep\n|rule|Species Clause: Limit one of each Pok\u00e9mon\n|rule|OHKO Clause: OHKO moves are banned\n|rule|Evasion Items Clause: Evasion items are banned\n|rule|Evasion Moves Clause: Evasion moves are banned\n|rule|Endless Battle Clause: Forcing endless battles is banned\n|rule|HP Percentage Mod: HP is shown in percentages\n|clearpoke\n|poke|p1|Heatran, M|\n|poke|p1|Tornadus-Therian, M|\n|poke|p1|Ogerpon-Cornerstone, F|\n|poke|p1|Great Tusk|\n|poke|p1|Hatterene, F|\n|poke|p1|Toxapex, F|\n|poke|p2|Dragapult, F|\n|poke|p2|Great Tusk|\n|poke|p2|Greninja-*, M|\n|poke|p2|Moltres|\n|poke|p2|Clodsire, F|\n|poke|p2|Cresselia, F|\n|teampreview\n|inactive|Battle timer is ON: inactive players will automatically lose when time's up. (requested by SushiGengu)\n|\n|t:|1700818052\n|start\n|switch|p1a: Gold|Tornadus-Therian, M|100\/100\n|switch|p2a: Dragapult|Dragapult, F|100\/100\n|turn|1\n|\n|t:|1700818061\n|move|p2a: Dragapult|U-turn|p1a: Gold\n|-resisted|p1a: Gold\n|-damage|p1a: Gold|81\/100\n|\n|t:|1700818064\n|switch|p2a: Clodsire|Clodsire, F|100\/100|[from] U-turn\n|move|p1a: Gold|Knock Off|p2a: Clodsire\n|-damage|p2a: Clodsire|79\/100\n|-enditem|p2a: Clodsire|Heavy-Duty Boots|[from] move: Knock Off|[of] p1a: Gold\n|\n|upkeep\n|turn|2\n|\n|t:|1700818077\n|move|p1a: Gold|U-turn|p2a: Clodsire\n|-resisted|p2a: Clodsire\n|-damage|p2a: Clodsire|71\/100\n|\n|t:|1700818080\n|switch|p1a: Trish|Hatterene, F|100\/100|[from] U-turn\n|move|p2a: Clodsire|Toxic|p1a: Trish\n|move|p1a: Trish|Toxic|p2a: Clodsire|[from]ability: Magic Bounce\n|-immune|p2a: Clodsire\n|\n|upkeep\n|turn|3\n|j| Ctannn\n|\n|t:|1700818089\n|switch|p2a: Moltres|Moltres|100\/100\n|move|p1a: Trish|Nuzzle|p2a: Moltres\n|-supereffective|p2a: Moltres\n|-damage|p2a: Moltres|95\/100\n|-status|p2a: Moltres|par\n|\n|upkeep\n|turn|4\n|\n|t:|1700818094\n|switch|p1a: Trisha|Toxapex, F|100\/100\n|move|p2a: Moltres|Flamethrower|p1a: Trisha\n|-resisted|p1a: Trisha\n|-damage|p1a: Trisha|88\/100\n|\n|-heal|p1a: Trisha|94\/100|[from] item: Leftovers\n|upkeep\n|turn|5\n|\n|t:|1700818103\n|move|p2a: Moltres|U-turn|p1a: Trisha\n|-resisted|p1a: Trisha\n|-crit|p1a: Trisha\n|-damage|p1a: Trisha|85\/100\n|\n|t:|1700818107\n|switch|p2a: Clodsire|Clodsire, F|71\/100|[from] U-turn\n|move|p1a: Trisha|Toxic Spikes|p2a: Clodsire\n|-sidestart|p2: nantfrek|move: Toxic Spikes\n|\n|-heal|p1a: Trisha|91\/100|[from] item: Leftovers\n|upkeep\n|turn|6\n|j| dfghhhg\n|\n|t:|1700818116\n|switch|p1a: Trish|Hatterene, F|100\/100\n|move|p2a: Clodsire|Earthquake|p1a: Trish\n|-damage|p1a: Trish|80\/100\n|\n|-heal|p1a: Trish|86\/100|[from] item: Leftovers\n|upkeep\n|turn|7\n|\n|t:|1700818124\n|switch|p2a: Moltres|Moltres|95\/100 par\n|move|p1a: Trish|Psyshock|p2a: Moltres\n|-damage|p2a: Moltres|69\/100 par\n|\n|-heal|p1a: Trish|92\/100|[from] item: Leftovers\n|upkeep\n|turn|8\n|\n|t:|1700818137\n|switch|p1a: Gold|Tornadus-Therian, M|100\/100\n|cant|p2a: Moltres|par\n|\n|upkeep\n|turn|9\n|\n|t:|1700818143\n|move|p1a: Gold|Knock Off|p2a: Moltres\n|-damage|p2a: Moltres|55\/100 par\n|-status|p1a: Gold|brn|[from] ability: Flame Body|[of] p2a: Moltres\n|-enditem|p2a: Moltres|Heavy-Duty Boots|[from] move: Knock Off|[of] p1a: Gold\n|cant|p2a: Moltres|par\n|\n|-damage|p1a: Gold|94\/100 brn|[from] brn\n|upkeep\n|turn|10\n|\n|t:|1700818150\n|move|p1a: Gold|Bleakwind Storm|p2a: Moltres\n|-damage|p2a: Moltres|17\/100 par\n|move|p2a: Moltres|Roost|p2a: Moltres\n|-heal|p2a: Moltres|67\/100 par\n|-singleturn|p2a: Moltres|move: Roost\n|\n|-damage|p1a: Gold|88\/100 brn|[from] brn\n|upkeep\n|turn|11\n|\n|t:|1700818160\n|switch|p1a: Joeverpon|Ogerpon-Cornerstone, F|100\/100\n|switch|p2a: Clodsire|Clodsire, F|71\/100\n|-sideend|p2: nantfrek|move: Toxic Spikes|[of] p2a: Clodsire\n|\n|upkeep\n|turn|12\n|\n|t:|1700818172\n|switch|p1a: Trish|Hatterene, F|92\/100\n|move|p2a: Clodsire|Toxic|p1a: Trish\n|move|p1a: Trish|Toxic|p2a: Clodsire|[from]ability: Magic Bounce\n|-immune|p2a: Clodsire\n|\n|-heal|p1a: Trish|98\/100|[from] item: Leftovers\n|upkeep\n|turn|13\n|\n|t:|1700818178\n|switch|p2a: Moltres|Moltres|67\/100 par\n|move|p1a: Trish|Psyshock|p2a: Moltres\n|-damage|p2a: Moltres|41\/100 par\n|\n|-heal|p1a: Trish|100\/100|[from] item: Leftovers\n|upkeep\n|turn|14\n|\n|t:|1700818186\n|cant|p2a: Moltres|par\n|move|p1a: Trish|Psyshock|p2a: Moltres\n|-damage|p2a: Moltres|14\/100 par\n|\n|upkeep\n|turn|15\n|\n|t:|1700818191\n|move|p2a: Moltres|Roost|p2a: Moltres\n|-heal|p2a: Moltres|64\/100 par\n|-singleturn|p2a: Moltres|move: Roost\n|move|p1a: Trish|Psyshock|p2a: Moltres\n|-damage|p2a: Moltres|37\/100 par\n|\n|upkeep\n|turn|16\n|\n|t:|1700818198\n|switch|p1a: Joeverpon|Ogerpon-Cornerstone, F|100\/100\n|move|p2a: Moltres|Roost|p2a: Moltres\n|-heal|p2a: Moltres|87\/100 par\n|-singleturn|p2a: Moltres|move: Roost\n|\n|upkeep\n|turn|17\n|\n|t:|1700818210\n|switch|p2a: Great Tusk|Great Tusk|100\/100\n|move|p1a: Joeverpon|Ivy Cudgel|p2a: Great Tusk|[anim] Ivy Cudgel Rock\n|-resisted|p2a: Great Tusk\n|-damage|p2a: Great Tusk|92\/100\n|\n|-heal|p2a: Great Tusk|99\/100|[from] item: Leftovers\n|upkeep\n|turn|18\n|\n|t:|1700818218\n|switch|p1a: Trish|Hatterene, F|100\/100\n|move|p2a: Great Tusk|Earthquake|p1a: Trish\n|-damage|p1a: Trish|63\/100\n|\n|-heal|p2a: Great Tusk|100\/100|[from] item: Leftovers\n|-heal|p1a: Trish|69\/100|[from] item: Leftovers\n|upkeep\n|turn|19\n|\n|t:|1700818221\n|-end|p2a: Great Tusk|Protosynthesis|[silent]\n|switch|p2a: Moltres|Moltres|87\/100 par\n|move|p1a: Trish|Draining Kiss|p2a: Moltres\n|-resisted|p2a: Moltres\n|-damage|p2a: Moltres|76\/100 par\n|-heal|p1a: Trish|79\/100|[from] drain|[of] p2a: Moltres\n|-status|p1a: Trish|brn|[from] ability: Flame Body|[of] p2a: Moltres\n|\n|-heal|p1a: Trish|85\/100 brn|[from] item: Leftovers\n|-damage|p1a: Trish|79\/100 brn|[from] brn\n|upkeep\n|turn|20\n|\n|t:|1700818233\n|move|p2a: Moltres|U-turn|p1a: Trish\n|-damage|p1a: Trish|68\/100 brn\n|\n|t:|1700818236\n|switch|p2a: Dragapult|Dragapult, F|100\/100|[from] U-turn\n|move|p1a: Trish|Calm Mind|p1a: Trish\n|-boost|p1a: Trish|spa|1\n|-boost|p1a: Trish|spd|1\n|\n|-heal|p1a: Trish|74\/100 brn|[from] item: Leftovers\n|-damage|p1a: Trish|68\/100 brn|[from] brn\n|upkeep\n|turn|21\n|\n|t:|1700818244\n|switch|p1a: Trisha|Toxapex, F|100\/100\n|-terastallize|p2a: Dragapult|Ghost\n|move|p2a: Dragapult|Tera Blast|p1a: Trisha|[anim] Tera Blast Ghost\n|-damage|p1a: Trisha|30\/100\n|\n|-heal|p1a: Trisha|36\/100|[from] item: Leftovers\n|upkeep\n|turn|22\n|\n|t:|1700818257\n|switch|p1a: Ben|Great Tusk, shiny|100\/100\n|move|p2a: Dragapult|Tera Blast|p1a: Ben|[anim] Tera Blast Ghost\n|-damage|p1a: Ben|62\/100\n|\n|-heal|p1a: Ben|68\/100|[from] item: Leftovers\n|upkeep\n|turn|23\n|\n|t:|1700818272\n|switch|p2a: Moltres|Moltres|76\/100 par\n|move|p1a: Ben|Earthquake|p2a: Moltres\n|-immune|p2a: Moltres\n|\n|-heal|p1a: Ben|74\/100|[from] item: Leftovers\n|upkeep\n|turn|24\n|\n|t:|1700818286\n|move|p1a: Ben|Stealth Rock|p2a: Moltres\n|-sidestart|p2: nantfrek|move: Stealth Rock\n|move|p2a: Moltres|Will-O-Wisp|p1a: Ben\n|-status|p1a: Ben|brn\n|\n|-heal|p1a: Ben|80\/100 brn|[from] item: Leftovers\n|-damage|p1a: Ben|74\/100 brn|[from] brn\n|upkeep\n|turn|25\n|\n|t:|1700818297\n|-end|p1a: Ben|Protosynthesis|[silent]\n|switch|p1a: Trisha|Toxapex, F|69\/100\n|move|p2a: Moltres|U-turn|p1a: Trisha\n|-resisted|p1a: Trisha\n|-damage|p1a: Trisha|64\/100\n|\n|t:|1700818301\n|switch|p2a: Dragapult|Dragapult, F, tera:Ghost|100\/100|[from] U-turn\n|-damage|p2a: Dragapult|88\/100|[from] Stealth Rock\n|\n|-heal|p1a: Trisha|70\/100|[from] item: Leftovers\n|upkeep\n|turn|26\n|\n|t:|1700818313\n|move|p2a: Dragapult|Tera Blast|p1a: Trisha|[anim] Tera Blast Ghost\n|-damage|p1a: Trisha|2\/100\n|move|p1a: Trisha|Recover|p1a: Trisha\n|-heal|p1a: Trisha|53\/100\n|\n|-heal|p1a: Trisha|59\/100|[from] item: Leftovers\n|upkeep\n|turn|27\n|\n|t:|1700818331\n|switch|p1a: He Ran|Heatran, M|100\/100\n|move|p2a: Dragapult|Tera Blast|p1a: He Ran|[anim] Tera Blast Ghost\n|-damage|p1a: He Ran|30\/100\n|\n|-heal|p1a: He Ran|36\/100|[from] item: Leftovers\n|upkeep\n|turn|28\n|l| Ctannn\n|\n|t:|1700818336\n|move|p1a: He Ran|Protect|p1a: He Ran\n|-singleturn|p1a: He Ran|Protect\n|move|p2a: Dragapult|Tera Blast|p1a: He Ran|[anim] Tera Blast Ghost\n|-activate|p1a: He Ran|move: Protect\n|\n|-heal|p1a: He Ran|42\/100|[from] item: Leftovers\n|upkeep\n|turn|29\n|inactive|SushiGengu has 120 seconds left.\n|inactive|SushiGengu has 90 seconds left.\n|\n|t:|1700818418\n|switch|p1a: Ben|Great Tusk, shiny|74\/100 brn\n|move|p2a: Dragapult|Tera Blast|p1a: Ben|[anim] Tera Blast Ghost\n|-damage|p1a: Ben|36\/100 brn\n|\n|-heal|p1a: Ben|43\/100 brn|[from] item: Leftovers\n|-damage|p1a: Ben|36\/100 brn|[from] brn\n|upkeep\n|turn|30\n|\n|t:|1700818427\n|move|p2a: Dragapult|Tera Blast|p1a: Ben|[anim] Tera Blast Ghost\n|-damage|p1a: Ben|0 fnt\n|faint|p1a: Ben\n|-end|p1a: Ben|Protosynthesis|[silent]\n|\n|upkeep\n|\n|t:|1700818430\n|switch|p1a: Joeverpon|Ogerpon-Cornerstone, F|100\/100\n|turn|31\n|inactive|SushiGengu has 90 seconds left.\n|\n|t:|1700818438\n|switch|p2a: Great Tusk|Great Tusk|100\/100\n|-damage|p2a: Great Tusk|98\/100|[from] Stealth Rock\n|move|p1a: Joeverpon|Ivy Cudgel|p2a: Great Tusk|[anim] Ivy Cudgel Rock\n|-resisted|p2a: Great Tusk\n|-crit|p2a: Great Tusk\n|-damage|p2a: Great Tusk|87\/100\n|\n|-heal|p2a: Great Tusk|93\/100|[from] item: Leftovers\n|upkeep\n|turn|32\n|\n|t:|1700818445\n|switch|p1a: Gold|Tornadus-Therian, M|100\/100 brn\n|move|p2a: Great Tusk|Rapid Spin|p1a: Gold\n|-damage|p1a: Gold|84\/100 brn\n|-boost|p2a: Great Tusk|spe|1\n|-sideend|p2: nantfrek|Stealth Rock|[from] move: Rapid Spin|[of] p2a: Great Tusk\n|\n|-heal|p2a: Great Tusk|99\/100|[from] item: Leftovers\n|-damage|p1a: Gold|78\/100 brn|[from] brn\n|upkeep\n|turn|33\n|\n|t:|1700818452\n|-end|p2a: Great Tusk|Protosynthesis|[silent]\n|switch|p2a: Clodsire|Clodsire, F|71\/100\n|move|p1a: Gold|Bleakwind Storm|p2a: Clodsire\n|-damage|p2a: Clodsire|53\/100\n|\n|-damage|p1a: Gold|72\/100 brn|[from] brn\n|upkeep\n|turn|34\n|\n|t:|1700818457\n|move|p1a: Gold|U-turn|p2a: Clodsire\n|-resisted|p2a: Clodsire\n|-damage|p2a: Clodsire|49\/100\n|\n|t:|1700818460\n|switch|p1a: Trish|Hatterene, F|68\/100 brn|[from] U-turn\n|move|p2a: Clodsire|Recover|p2a: Clodsire\n|-heal|p2a: Clodsire|99\/100\n|\n|-heal|p1a: Trish|74\/100 brn|[from] item: Leftovers\n|-damage|p1a: Trish|68\/100 brn|[from] brn\n|upkeep\n|turn|35\n|\n|t:|1700818482\n|switch|p2a: Cresselia|Cresselia, F|100\/100\n|move|p1a: Trish|Psyshock|p2a: Cresselia\n|-resisted|p2a: Cresselia\n|-damage|p2a: Cresselia|88\/100\n|\n|-heal|p2a: Cresselia|94\/100|[from] item: Leftovers\n|-heal|p1a: Trish|74\/100 brn|[from] item: Leftovers\n|-damage|p1a: Trish|68\/100 brn|[from] brn\n|upkeep\n|turn|36\n|\n|t:|1700818486\n|switch|p2a: Dragapult|Dragapult, F, tera:Ghost|88\/100\n|switch|p1a: He Ran|Heatran, M|42\/100\n|\n|-heal|p1a: He Ran|49\/100|[from] item: Leftovers\n|upkeep\n|turn|37\n|\n|t:|1700818497\n|move|p1a: He Ran|Protect|p1a: He Ran\n|-singleturn|p1a: He Ran|Protect\n|move|p2a: Dragapult|Tera Blast|p1a: He Ran|[anim] Tera Blast Ghost\n|-activate|p1a: He Ran|move: Protect\n|\n|-heal|p1a: He Ran|55\/100|[from] item: Leftovers\n|upkeep\n|turn|38\n|inactive|SushiGengu has 120 seconds left.\n|\n|t:|1700818529\n|switch|p1a: Trisha|Toxapex, F|92\/100\n|move|p2a: Dragapult|Tera Blast|p1a: Trisha|[anim] Tera Blast Ghost\n|-damage|p1a: Trisha|27\/100\n|\n|-heal|p1a: Trisha|33\/100|[from] item: Leftovers\n|upkeep\n|turn|39\n|inactive|SushiGengu has 90 seconds left.\n|\n|t:|1700818584\n|switch|p1a: He Ran|Heatran, M|55\/100\n|move|p2a: Dragapult|Tera Blast|p1a: He Ran|[anim] Tera Blast Ghost\n|-damage|p1a: He Ran|0 fnt\n|faint|p1a: He Ran\n|\n|upkeep\n|\n|t:|1700818586\n|switch|p1a: Joeverpon|Ogerpon-Cornerstone, F|100\/100\n|turn|40\n|\n|t:|1700818596\n|switch|p2a: Moltres|Moltres|76\/100 par\n|move|p1a: Joeverpon|Swords Dance|p1a: Joeverpon\n|-boost|p1a: Joeverpon|atk|2\n|\n|upkeep\n|turn|41\n|\n|t:|1700818598\n|move|p1a: Joeverpon|Ivy Cudgel|p2a: Moltres|[anim] Ivy Cudgel Rock\n|-supereffective|p2a: Moltres\n|-damage|p2a: Moltres|0 fnt\n|faint|p2a: Moltres\n|\n|upkeep\n|\n|t:|1700818609\n|switch|p2a: Great Tusk|Great Tusk|99\/100\n|turn|42\n|\n|t:|1700818614\n|move|p1a: Joeverpon|Trailblaze|p2a: Great Tusk\n|-supereffective|p2a: Great Tusk\n|-damage|p2a: Great Tusk|38\/100\n|-boost|p1a: Joeverpon|spe|1\n|move|p2a: Great Tusk|Earthquake|p1a: Joeverpon\n|-damage|p1a: Joeverpon|46\/100\n|\n|-heal|p2a: Great Tusk|44\/100|[from] item: Leftovers\n|upkeep\n|turn|43\n|\n|t:|1700818621\n|move|p1a: Joeverpon|Horn Leech|p2a: Great Tusk\n|-supereffective|p2a: Great Tusk\n|-damage|p2a: Great Tusk|0 fnt\n|-heal|p1a: Joeverpon|78\/100|[from] drain|[of] p2a: Great Tusk\n|faint|p2a: Great Tusk\n|-end|p2a: Great Tusk|Protosynthesis|[silent]\n|\n|upkeep\n|\n|t:|1700818627\n|switch|p2a: Dragapult|Dragapult, F, tera:Ghost|88\/100\n|turn|44\n|\n|t:|1700818632\n|move|p1a: Joeverpon|Horn Leech|p2a: Dragapult\n|-damage|p2a: Dragapult|0 fnt\n|-heal|p1a: Joeverpon|100\/100|[from] drain|[of] p2a: Dragapult\n|faint|p2a: Dragapult\n|\n|upkeep\n|\n|t:|1700818644\n|switch|p2a: Greninja|Greninja, M|100\/100\n|turn|45\n|\n|t:|1700818651\n|move|p1a: Joeverpon|Horn Leech|p2a: Greninja\n|-supereffective|p2a: Greninja\n|-damage|p2a: Greninja|0 fnt\n|faint|p2a: Greninja\n|\n|upkeep\n|-message|nantfrek forfeited.\n|\n|win|SushiGengu\n|raw|SushiGengu's rating: 1540 &rarr; <strong>1562<\/strong><br \/>(+22 for winning)\n|raw|nantfrek's rating: 1571 &rarr; <strong>1549<\/strong><br \/>(-22 for losing)\n|l|\u203dnantfrek\n|l|\u2606SushiGengu\n","uploadtime":1700818661,"views":3,"p1id":"sushigengu","p2id":"nantfrek","formatid":"gen9ou","rating":1549,"private":0,"password":""}