{"id":"gen9ou-1989048029","p1":"reggisterh","p2":"synagoth","format":"[Gen 9] OU","log":"|j|\u2606reggisterh\n|j|\u2606synagoth\n|t:|1699806359\n|gametype|singles\n|player|p1|reggisterh|jogger|1518\n|player|p2|synagoth|265|1418\n|teamsize|p1|6\n|teamsize|p2|6\n|gen|9\n|tier|[Gen 9] OU\n|rated|\n|rule|Sleep Clause Mod: Limit one foe put to sleep\n|rule|Species Clause: Limit one of each Pok\u00e9mon\n|rule|OHKO Clause: OHKO moves are banned\n|rule|Evasion Items Clause: Evasion items are banned\n|rule|Evasion Moves Clause: Evasion moves are banned\n|rule|Endless Battle Clause: Forcing endless battles is banned\n|rule|HP Percentage Mod: HP is shown in percentages\n|clearpoke\n|poke|p1|Cinderace, F|\n|poke|p1|Garganacl, F|\n|poke|p1|Garchomp, F|\n|poke|p1|Alomomola, F|\n|poke|p1|Kingambit, M|\n|poke|p1|Cresselia, F|\n|poke|p2|Dragonite, F|\n|poke|p2|Gholdengo|\n|poke|p2|Ribombee, M|\n|poke|p2|Manaphy|\n|poke|p2|Iron Moth|\n|poke|p2|Great Tusk|\n|teampreview\n|inactive|Battle timer is ON: inactive players will automatically lose when time's up. (requested by reggisterh)\n|\n|t:|1699806389\n|start\n|switch|p1a: Garganacl|Garganacl, F|100\/100\n|switch|p2a: Gladys|Manaphy|100\/100\n|turn|1\n|\n|t:|1699806397\n|move|p2a: Gladys|Acid Armor|p2a: Gladys\n|-boost|p2a: Gladys|def|2\n|move|p1a: Garganacl|Salt Cure|p2a: Gladys\n|-damage|p2a: Gladys|96\/100\n|-start|p2a: Gladys|Salt Cure\n|\n|-heal|p2a: Gladys|100\/100|[from] item: Leftovers\n|-damage|p2a: Gladys|75\/100|[from] Salt Cure\n|upkeep\n|turn|2\n|\n|t:|1699806409\n|switch|p1a: Cresselia|Cresselia, F|100\/100\n|move|p2a: Gladys|Take Heart|p2a: Gladys\n|-boost|p2a: Gladys|spa|1\n|-boost|p2a: Gladys|spd|1\n|\n|-heal|p2a: Gladys|82\/100|[from] item: Leftovers\n|-damage|p2a: Gladys|57\/100|[from] Salt Cure\n|upkeep\n|turn|3\n|\n|t:|1699806415\n|move|p2a: Gladys|Scald|p1a: Cresselia\n|-damage|p1a: Cresselia|73\/100\n|-status|p1a: Cresselia|brn\n|move|p1a: Cresselia|Calm Mind|p1a: Cresselia\n|-boost|p1a: Cresselia|spa|1\n|-boost|p1a: Cresselia|spd|1\n|\n|-heal|p2a: Gladys|63\/100|[from] item: Leftovers\n|-damage|p1a: Cresselia|66\/100 brn|[from] brn\n|-damage|p2a: Gladys|38\/100|[from] Salt Cure\n|upkeep\n|turn|4\n|\n|t:|1699806421\n|move|p2a: Gladys|Take Heart|p2a: Gladys\n|-boost|p2a: Gladys|spa|1\n|-boost|p2a: Gladys|spd|1\n|move|p1a: Cresselia|Calm Mind|p1a: Cresselia\n|-boost|p1a: Cresselia|spa|1\n|-boost|p1a: Cresselia|spd|1\n|\n|-heal|p2a: Gladys|44\/100|[from] item: Leftovers\n|-damage|p1a: Cresselia|60\/100 brn|[from] brn\n|-damage|p2a: Gladys|19\/100|[from] Salt Cure\n|upkeep\n|turn|5\n|\n|t:|1699806428\n|move|p2a: Gladys|Take Heart|p2a: Gladys\n|-boost|p2a: Gladys|spa|1\n|-boost|p2a: Gladys|spd|1\n|move|p1a: Cresselia|Rest|p1a: Cresselia\n|-status|p1a: Cresselia|slp|[from] move: Rest\n|-heal|p1a: Cresselia|100\/100 slp|[silent]\n|-enditem|p1a: Cresselia|Chesto Berry|[eat]\n|-curestatus|p1a: Cresselia|slp|[msg]\n|\n|-heal|p2a: Gladys|25\/100|[from] item: Leftovers\n|-damage|p2a: Gladys|0 fnt|[from] Salt Cure\n|faint|p2a: Gladys\n|upkeep\n|\n|t:|1699806453\n|switch|p2a: Stringe Cheese Man|Gholdengo|100\/100\n|-item|p2a: Stringe Cheese Man|Air Balloon\n|turn|6\n|\n|t:|1699806462\n|-terastallize|p1a: Cresselia|Poison\n|move|p2a: Stringe Cheese Man|Shadow Ball|p1a: Cresselia\n|-damage|p1a: Cresselia|86\/100\n|move|p1a: Cresselia|Calm Mind|p1a: Cresselia\n|-boost|p1a: Cresselia|spa|1\n|-boost|p1a: Cresselia|spd|1\n|\n|upkeep\n|turn|7\n|\n|t:|1699806468\n|move|p2a: Stringe Cheese Man|Make It Rain|p1a: Cresselia\n|-damage|p1a: Cresselia|70\/100\n|-unboost|p2a: Stringe Cheese Man|spa|1\n|move|p1a: Cresselia|Stored Power|p2a: Stringe Cheese Man\n|-resisted|p2a: Stringe Cheese Man\n|-damage|p2a: Stringe Cheese Man|42\/100\n|-enditem|p2a: Stringe Cheese Man|Air Balloon\n|\n|upkeep\n|turn|8\n|\n|t:|1699806474\n|move|p2a: Stringe Cheese Man|Recover|p2a: Stringe Cheese Man\n|-heal|p2a: Stringe Cheese Man|93\/100\n|move|p1a: Cresselia|Stored Power|p2a: Stringe Cheese Man\n|-resisted|p2a: Stringe Cheese Man\n|-damage|p2a: Stringe Cheese Man|41\/100\n|\n|upkeep\n|turn|9\n|\n|t:|1699806478\n|move|p2a: Stringe Cheese Man|Shadow Ball|p1a: Cresselia\n|-damage|p1a: Cresselia|63\/100\n|-unboost|p1a: Cresselia|spd|1\n|move|p1a: Cresselia|Stored Power|p2a: Stringe Cheese Man\n|-resisted|p2a: Stringe Cheese Man\n|-damage|p2a: Stringe Cheese Man|0 fnt\n|faint|p2a: Stringe Cheese Man\n|\n|upkeep\n|\n|t:|1699806499\n|switch|p2a: Great Tusk|Great Tusk|100\/100\n|-enditem|p2a: Great Tusk|Booster Energy\n|-activate|p2a: Great Tusk|ability: Protosynthesis|[fromitem]\n|-start|p2a: Great Tusk|protosynthesisspe\n|turn|10\n|\n|t:|1699806503\n|move|p2a: Great Tusk|Headlong Rush|p1a: Cresselia\n|-immune|p1a: Cresselia|[from] ability: Levitate\n|move|p1a: Cresselia|Stored Power|p2a: Great Tusk\n|-supereffective|p2a: Great Tusk\n|-damage|p2a: Great Tusk|0 fnt\n|faint|p2a: Great Tusk\n|-end|p2a: Great Tusk|Protosynthesis|[silent]\n|\n|upkeep\n|\n|t:|1699806509\n|switch|p2a: Bubbles|Ribombee, M|100\/100\n|turn|11\n|\n|t:|1699806512\n|move|p2a: Bubbles|Psychic|p1a: Cresselia\n|-supereffective|p1a: Cresselia\n|-damage|p1a: Cresselia|46\/100\n|-unboost|p1a: Cresselia|spd|1\n|move|p1a: Cresselia|Stored Power|p2a: Bubbles\n|-enditem|p2a: Bubbles|Focus Sash\n|-damage|p2a: Bubbles|1\/100\n|\n|upkeep\n|turn|12\n|-message|synagoth forfeited.\n|\n|win|reggisterh\n|raw|reggisterh's rating: 1518 &rarr; <strong>1532<\/strong><br \/>(+14 for winning)\n|raw|synagoth's rating: 1418 &rarr; <strong>1404<\/strong><br \/>(-14 for losing)\n|l|\u2606synagoth\n","uploadtime":1699806525,"views":12,"p1id":"reggisterh","p2id":"synagoth","formatid":"gen9ou","rating":1404,"private":0,"password":""}