{"id":"gen9ou-1992368341","p1":"Da_Tall_One","p2":"sneets","format":"[Gen 9] OU","log":"|j|\u2606Da_Tall_One\n|j|\u2606sneets\n|t:|1700179522\n|gametype|singles\n|player|p1|Da_Tall_One|clemont|1097\n|player|p2|sneets|170|1067\n|teamsize|p1|6\n|teamsize|p2|6\n|gen|9\n|tier|[Gen 9] OU\n|rated|\n|rule|Sleep Clause Mod: Limit one foe put to sleep\n|rule|Species Clause: Limit one of each Pok\u00e9mon\n|rule|OHKO Clause: OHKO moves are banned\n|rule|Evasion Items Clause: Evasion items are banned\n|rule|Evasion Moves Clause: Evasion moves are banned\n|rule|Endless Battle Clause: Forcing endless battles is banned\n|rule|HP Percentage Mod: HP is shown in percentages\n|clearpoke\n|poke|p1|Greninja-*, F|\n|poke|p1|Iron Valiant|\n|poke|p1|Kingambit, M|\n|poke|p1|Gholdengo|\n|poke|p1|Iron Moth|\n|poke|p1|Dragapult, M|\n|poke|p2|Rillaboom, F|\n|poke|p2|Cinderace, M|\n|poke|p2|Ninetales-Alola, M|\n|poke|p2|Walking Wake|\n|poke|p2|Sneasler, F|\n|poke|p2|Corviknight, F|\n|teampreview\n|inactive|Battle timer is ON: inactive players will automatically lose when time's up. (requested by Da_Tall_One)\n|\n|t:|1700179533\n|start\n|switch|p1a: Greninja|Greninja, F|100\/100\n|switch|p2a: Sneasler|Sneasler, F|100\/100\n|turn|1\n|\n|t:|1700179551\n|switch|p2a: Rillaboom|Rillaboom, F|100\/100\n|-fieldstart|move: Grassy Terrain|[from] ability: Grassy Surge|[of] p2a: Rillaboom\n|move|p1a: Greninja|Taunt|p2a: Rillaboom\n|-start|p2a: Rillaboom|move: Taunt\n|\n|upkeep\n|turn|2\n|\n|t:|1700179560\n|move|p1a: Greninja|Spikes|p2a: Rillaboom\n|-sidestart|p2: sneets|Spikes\n|move|p2a: Rillaboom|Drum Beating|p1a: Greninja\n|-supereffective|p1a: Greninja\n|-enditem|p1a: Greninja|Focus Sash\n|-damage|p1a: Greninja|1\/100\n|-unboost|p1a: Greninja|spe|1\n|\n|-heal|p1a: Greninja|7\/100|[from] Grassy Terrain\n|upkeep\n|turn|3\n|\n|t:|1700179571\n|move|p1a: Greninja|Spikes|p2a: Rillaboom\n|-sidestart|p2: sneets|Spikes\n|move|p2a: Rillaboom|U-turn|p1a: Greninja\n|-supereffective|p1a: Greninja\n|-damage|p1a: Greninja|0 fnt\n|faint|p1a: Greninja\n|\n|t:|1700179587\n|switch|p2a: Ninetales|Ninetales-Alola, M|100\/100|[from] U-turn\n|-damage|p2a: Ninetales|84\/100|[from] Spikes\n|-weather|Snow|[from] ability: Snow Warning|[of] p2a: Ninetales\n|\n|-weather|Snow|[upkeep]\n|-heal|p2a: Ninetales|90\/100|[from] Grassy Terrain\n|upkeep\n|\n|t:|1700179597\n|switch|p1a: Gholdengo|Gholdengo|100\/100\n|turn|4\n|inactive|sneets has 120 seconds left.\n|\n|t:|1700179631\n|switch|p2a: Rillaboom|Rillaboom, F|100\/100\n|-damage|p2a: Rillaboom|84\/100|[from] Spikes\n|move|p1a: Gholdengo|Trick|p2a: Rillaboom\n|-activate|p1a: Gholdengo|move: Trick|[of] p2a: Rillaboom\n|-item|p2a: Rillaboom|Choice Specs|[from] move: Trick\n|-item|p1a: Gholdengo|Terrain Extender|[from] move: Trick\n|\n|-weather|Snow|[upkeep]\n|-heal|p2a: Rillaboom|90\/100|[from] Grassy Terrain\n|upkeep\n|turn|5\n|\n|t:|1700179650\n|move|p1a: Gholdengo|Make It Rain|p2a: Rillaboom\n|-damage|p2a: Rillaboom|9\/100\n|-unboost|p1a: Gholdengo|spa|1\n|move|p2a: Rillaboom|Knock Off|p1a: Gholdengo\n|-supereffective|p1a: Gholdengo\n|-damage|p1a: Gholdengo|14\/100\n|-enditem|p1a: Gholdengo|Terrain Extender|[from] move: Knock Off|[of] p2a: Rillaboom\n|\n|-weather|Snow|[upkeep]\n|-heal|p1a: Gholdengo|20\/100|[from] Grassy Terrain\n|-heal|p2a: Rillaboom|15\/100|[from] Grassy Terrain\n|upkeep\n|turn|6\n|\n|t:|1700179663\n|switch|p2a: Corviknight|Corviknight, F|100\/100\n|-ability|p2a: Corviknight|Pressure\n|move|p1a: Gholdengo|Shadow Ball|p2a: Corviknight\n|-damage|p2a: Corviknight|72\/100\n|\n|-weather|Snow|[upkeep]\n|-heal|p1a: Gholdengo|26\/100|[from] Grassy Terrain\n|-heal|p2a: Corviknight|78\/100|[from] item: Leftovers\n|upkeep\n|turn|7\n|\n|t:|1700179676\n|move|p1a: Gholdengo|Shadow Ball|p2a: Corviknight\n|-damage|p2a: Corviknight|47\/100\n|move|p2a: Corviknight|Brave Bird|p1a: Gholdengo\n|-resisted|p1a: Gholdengo\n|-damage|p1a: Gholdengo|5\/100\n|-damage|p2a: Corviknight|42\/100|[from] Recoil\n|\n|-weather|none\n|-heal|p1a: Gholdengo|11\/100|[from] Grassy Terrain\n|-heal|p2a: Corviknight|48\/100|[from] item: Leftovers\n|upkeep\n|turn|8\n|\n|t:|1700179687\n|move|p1a: Gholdengo|Shadow Ball|p2a: Corviknight\n|-damage|p2a: Corviknight|18\/100\n|move|p2a: Corviknight|Roost|p2a: Corviknight\n|-heal|p2a: Corviknight|68\/100\n|-singleturn|p2a: Corviknight|move: Roost\n|\n|-heal|p1a: Gholdengo|17\/100|[from] Grassy Terrain\n|-heal|p2a: Corviknight|74\/100|[from] Grassy Terrain\n|-heal|p2a: Corviknight|80\/100|[from] item: Leftovers\n|-fieldend|move: Grassy Terrain\n|upkeep\n|turn|9\n|\n|t:|1700179699\n|move|p1a: Gholdengo|Recover|p1a: Gholdengo\n|-heal|p1a: Gholdengo|67\/100\n|move|p2a: Corviknight|U-turn|p1a: Gholdengo\n|-resisted|p1a: Gholdengo\n|-damage|p1a: Gholdengo|63\/100\n|\n|t:|1700179729\n|switch|p2a: Cinderace|Cinderace, M|100\/100|[from] U-turn\n|\n|upkeep\n|turn|10\n|inactive|Da_Tall_One has 120 seconds left.\n|\n|t:|1700179772\n|move|p2a: Cinderace|Pyro Ball|p1a: Gholdengo\n|-supereffective|p1a: Gholdengo\n|-damage|p1a: Gholdengo|0 fnt\n|faint|p1a: Gholdengo\n|\n|upkeep\n|\n|t:|1700179784\n|switch|p1a: Dragapult|Dragapult, M|100\/100\n|turn|11\n|\n|t:|1700179791\n|move|p2a: Cinderace|Sucker Punch||[still]\n|-fail|p2a: Cinderace\n|move|p1a: Dragapult|Reflect|p1a: Dragapult\n|-sidestart|p1: Da_Tall_One|Reflect\n|\n|upkeep\n|turn|12\n|\n|t:|1700179796\n|move|p2a: Cinderace|Sucker Punch||[still]\n|-fail|p2a: Cinderace\n|move|p1a: Dragapult|Light Screen|p1a: Dragapult\n|-sidestart|p1: Da_Tall_One|move: Light Screen\n|\n|upkeep\n|turn|13\n|\n|t:|1700179803\n|move|p1a: Dragapult|Curse|p2a: Cinderace\n|-start|p2a: Cinderace|Curse|[of] p1a: Dragapult\n|-damage|p1a: Dragapult|50\/100\n|move|p2a: Cinderace|Court Change|p2a: Cinderace\n|-start|p2a: Cinderace|typechange|Normal|[from] ability: Libero\n|-swapsideconditions\n|-activate|p2a: Cinderace|move: Court Change\n|\n|-damage|p2a: Cinderace|76\/100|[from] Curse\n|upkeep\n|turn|14\n|\n|t:|1700179816\n|move|p1a: Dragapult|Dragon Darts|p2a: Cinderace\n|-damage|p2a: Cinderace|62\/100\n|-anim|p1a: Dragapult|Dragon Darts|p2a: Cinderace\n|-damage|p2a: Cinderace|47\/100\n|move|p2a: Cinderace|U-turn|p1a: Dragapult\n|-resisted|p1a: Dragapult\n|-damage|p1a: Dragapult|38\/100\n|\n|t:|1700179819\n|switch|p2a: Ninetales|Ninetales-Alola, M|90\/100|[from] U-turn\n|-weather|Snow|[from] ability: Snow Warning|[of] p2a: Ninetales\n|\n|-weather|Snow|[upkeep]\n|upkeep\n|turn|15\n|\n|t:|1700179829\n|move|p1a: Dragapult|Curse|p2a: Ninetales\n|-start|p2a: Ninetales|Curse|[of] p1a: Dragapult\n|-damage|p1a: Dragapult|0 fnt\n|faint|p1a: Dragapult\n|move|p2a: Ninetales|Aurora Veil|p2a: Ninetales\n|-sidestart|p2: sneets|move: Aurora Veil\n|\n|-weather|Snow|[upkeep]\n|-damage|p2a: Ninetales|65\/100|[from] Curse\n|upkeep\n|\n|t:|1700179843\n|switch|p1a: Iron Moth|Iron Moth|100\/100\n|-damage|p1a: Iron Moth|84\/100|[from] Spikes\n|-enditem|p1a: Iron Moth|Booster Energy\n|-activate|p1a: Iron Moth|ability: Quark Drive|[fromitem]\n|-start|p1a: Iron Moth|quarkdrivespe\n|turn|16\n|\n|t:|1700179849\n|switch|p2a: Rillaboom|Rillaboom, F|15\/100\n|-fieldstart|move: Grassy Terrain|[from] ability: Grassy Surge|[of] p2a: Rillaboom\n|move|p1a: Iron Moth|Fiery Dance|p2a: Rillaboom\n|-supereffective|p2a: Rillaboom\n|-damage|p2a: Rillaboom|0 fnt\n|-boost|p1a: Iron Moth|spa|1\n|faint|p2a: Rillaboom\n|\n|-weather|Snow|[upkeep]\n|-heal|p1a: Iron Moth|90\/100|[from] Grassy Terrain\n|upkeep\n|\n|t:|1700179852\n|switch|p2a: Sneasler|Sneasler, F|100\/100\n|-enditem|p2a: Sneasler|Grassy Seed\n|-boost|p2a: Sneasler|def|1|[from] item: Grassy Seed\n|turn|17\n|\n|t:|1700179865\n|-terastallize|p2a: Sneasler|Flying\n|move|p2a: Sneasler|Acrobatics|p1a: Iron Moth\n|-damage|p1a: Iron Moth|6\/100\n|move|p1a: Iron Moth|Psychic|p2a: Sneasler\n|-damage|p2a: Sneasler|68\/100\n|\n|-weather|Snow|[upkeep]\n|-heal|p1a: Iron Moth|12\/100|[from] Grassy Terrain\n|upkeep\n|turn|18\n|\n|t:|1700179876\n|move|p2a: Sneasler|Acrobatics|p1a: Iron Moth\n|-crit|p1a: Iron Moth\n|-damage|p1a: Iron Moth|0 fnt\n|faint|p1a: Iron Moth\n|-end|p1a: Iron Moth|Quark Drive|[silent]\n|\n|-weather|none\n|-sideend|p2: sneets|Reflect\n|upkeep\n|\n|t:|1700179883\n|switch|p1a: Iron Valiant|Iron Valiant|100\/100\n|-damage|p1a: Iron Valiant|84\/100|[from] Spikes\n|-enditem|p1a: Iron Valiant|Booster Energy\n|-activate|p1a: Iron Valiant|ability: Quark Drive|[fromitem]\n|-start|p1a: Iron Valiant|quarkdrivespe\n|turn|19\n|l|\u2606Da_Tall_One\n|inactive|Da_Tall_One disconnected and has a minute to reconnect!\n|player|p1|\n|inactive|Da_Tall_One has 30 seconds to reconnect!\n|j|\u2606Da_Tall_One\n|inactive|Da_Tall_One reconnected and has 95 seconds left.\n|player|p1|Da_Tall_One|clemont\n|inactive|Da_Tall_One has 90 seconds left.\n|\n|t:|1700179945\n|move|p2a: Sneasler|Acrobatics|p1a: Iron Valiant\n|-supereffective|p1a: Iron Valiant\n|-damage|p1a: Iron Valiant|0 fnt\n|faint|p1a: Iron Valiant\n|-end|p1a: Iron Valiant|Quark Drive|[silent]\n|\n|-sideend|p2: sneets|move: Light Screen\n|upkeep\n|\n|t:|1700179953\n|switch|p1a: Kingambit|Kingambit, M|100\/100\n|-damage|p1a: Kingambit|84\/100|[from] Spikes\n|-activate|p1a: Kingambit|ability: Supreme Overlord\n|-start|p1a: Kingambit|fallen5|[silent]\n|turn|20\n|inactive|Da_Tall_One has 90 seconds left.\n|\n|t:|1700179959\n|move|p1a: Kingambit|Sucker Punch||[still]\n|-fail|p1a: Kingambit\n|move|p2a: Sneasler|Swords Dance|p2a: Sneasler\n|-boost|p2a: Sneasler|atk|2\n|\n|-heal|p1a: Kingambit|90\/100|[from] Grassy Terrain\n|-fieldend|move: Grassy Terrain\n|upkeep\n|turn|21\n|\n|t:|1700179968\n|-terastallize|p1a: Kingambit|Dark\n|move|p2a: Sneasler|Close Combat|p1a: Kingambit\n|-supereffective|p1a: Kingambit\n|-damage|p1a: Kingambit|0 fnt\n|-unboost|p2a: Sneasler|def|1\n|-unboost|p2a: Sneasler|spd|1\n|faint|p1a: Kingambit\n|-end|p1a: Kingambit|fallen5|[silent]\n|\n|win|sneets\n|raw|Da_Tall_One's rating: 1097 &rarr; <strong>1070<\/strong><br \/>(-27 for losing)\n|raw|sneets's rating: 1067 &rarr; <strong>1100<\/strong><br \/>(+33 for winning)\n|l|\u2606Da_Tall_One\n","uploadtime":1700179998,"views":13,"p1id":"datallone","p2id":"sneets","formatid":"gen9ou","rating":1070,"private":0,"password":""}