{"id":"gen9ou-1992576746","p1":"Nateredbeard","p2":"Sl3kii","format":"[Gen 9] OU","log":"|j|\u2606Nateredbeard\n|j|\u2606Sl3kii\n|t:|1700208790\n|gametype|singles\n|player|p1|Nateredbeard|unknown|1060\n|player|p2|Sl3kii|allister-masters|1103\n|teamsize|p1|6\n|teamsize|p2|6\n|gen|9\n|tier|[Gen 9] OU\n|rated|\n|rule|Sleep Clause Mod: Limit one foe put to sleep\n|rule|Species Clause: Limit one of each Pok\u00e9mon\n|rule|OHKO Clause: OHKO moves are banned\n|rule|Evasion Items Clause: Evasion items are banned\n|rule|Evasion Moves Clause: Evasion moves are banned\n|rule|Endless Battle Clause: Forcing endless battles is banned\n|rule|HP Percentage Mod: HP is shown in percentages\n|clearpoke\n|poke|p1|Amoonguss, M|\n|poke|p1|Dragonite, F|\n|poke|p1|Cinderace, M|\n|poke|p1|Corviknight, M|\n|poke|p1|Kingambit, F|\n|poke|p1|Gyarados, F|\n|poke|p2|Ninetales-Alola, F|\n|poke|p2|Ceruledge, F|\n|poke|p2|Ogerpon-Wellspring, F|\n|poke|p2|Glimmora, M|\n|poke|p2|Cetitan, M|\n|poke|p2|Sandslash-Alola, M|\n|teampreview\n|\n|t:|1700208796\n|start\n|switch|p1a: Corviknight|Corviknight, M|100\/100\n|switch|p2a: Glimmora|Glimmora, M|100\/100\n|turn|1\n|\n|t:|1700208803\n|move|p2a: Glimmora|Stealth Rock|p1a: Corviknight\n|-sidestart|p1: Nateredbeard|move: Stealth Rock\n|move|p1a: Corviknight|Body Press|p2a: Glimmora\n|-damage|p2a: Glimmora|68\/100\n|-activate|p2a: Glimmora|ability: Toxic Debris\n|-sidestart|p1: Nateredbeard|move: Toxic Spikes\n|\n|upkeep\n|turn|2\n|\n|t:|1700208831\n|move|p2a: Glimmora|Mortal Spin|p1a: Corviknight\n|-immune|p1a: Corviknight\n|move|p1a: Corviknight|Body Press|p2a: Glimmora\n|-damage|p2a: Glimmora|36\/100\n|-activate|p2a: Glimmora|ability: Toxic Debris\n|-sidestart|p1: Nateredbeard|move: Toxic Spikes\n|\n|upkeep\n|turn|3\n|\n|t:|1700208839\n|switch|p2a: Ceruledge|Ceruledge, F|100\/100\n|move|p1a: Corviknight|Reflect|p1a: Corviknight\n|-sidestart|p1: Nateredbeard|Reflect\n|\n|upkeep\n|turn|4\n|\n|t:|1700208846\n|move|p2a: Ceruledge|Bulk Up|p2a: Ceruledge\n|-boost|p2a: Ceruledge|atk|1\n|-boost|p2a: Ceruledge|def|1\n|move|p1a: Corviknight|Light Screen|p1a: Corviknight\n|-sidestart|p1: Nateredbeard|move: Light Screen\n|\n|upkeep\n|turn|5\n|\n|t:|1700208854\n|move|p2a: Ceruledge|Bulk Up|p2a: Ceruledge\n|-boost|p2a: Ceruledge|atk|1\n|-boost|p2a: Ceruledge|def|1\n|move|p1a: Corviknight|Body Press|p2a: Ceruledge\n|-immune|p2a: Ceruledge\n|\n|upkeep\n|turn|6\n|\n|t:|1700208864\n|switch|p1a: Amoonguss|Amoonguss, M|100\/100\n|-damage|p1a: Amoonguss|88\/100|[from] Stealth Rock\n|-sideend|p1: Nateredbeard|move: Toxic Spikes|[of] p1a: Amoonguss\n|move|p2a: Ceruledge|Bitter Blade|p1a: Amoonguss\n|-supereffective|p1a: Amoonguss\n|-damage|p1a: Amoonguss|0 fnt\n|faint|p1a: Amoonguss\n|-damage|p2a: Ceruledge|91\/100|[from] item: Life Orb\n|\n|upkeep\n|\n|t:|1700208880\n|switch|p1a: Gyarados|Gyarados, F|100\/100\n|-damage|p1a: Gyarados|75\/100|[from] Stealth Rock\n|turn|7\n|\n|t:|1700208890\n|move|p1a: Gyarados|Scald|p2a: Ceruledge\n|-supereffective|p2a: Ceruledge\n|-damage|p2a: Ceruledge|33\/100\n|move|p2a: Ceruledge|Poltergeist|p1a: Gyarados\n|-activate|p1a: Gyarados|move: Poltergeist|Leftovers\n|-damage|p1a: Gyarados|0 fnt\n|faint|p1a: Gyarados\n|-damage|p2a: Ceruledge|23\/100|[from] item: Life Orb\n|\n|-sideend|p1: Nateredbeard|Reflect\n|upkeep\n|\n|t:|1700208903\n|switch|p1a: Cinderace|Cinderace, M|100\/100\n|turn|8\n|\n|t:|1700208910\n|move|p1a: Cinderace|Sucker Punch|p2a: Ceruledge\n|-start|p1a: Cinderace|typechange|Dark|[from] ability: Libero\n|-supereffective|p2a: Ceruledge\n|-damage|p2a: Ceruledge|0 fnt\n|faint|p2a: Ceruledge\n|\n|-sideend|p1: Nateredbeard|move: Light Screen\n|upkeep\n|\n|t:|1700208919\n|switch|p2a: Glimmora|Glimmora, M|36\/100\n|turn|9\n|\n|t:|1700208931\n|move|p1a: Cinderace|U-turn|p2a: Glimmora\n|-resisted|p2a: Glimmora\n|-damage|p2a: Glimmora|22\/100\n|-activate|p2a: Glimmora|ability: Toxic Debris\n|-sidestart|p1: Nateredbeard|move: Toxic Spikes\n|\n|t:|1700208938\n|switch|p1a: Corviknight|Corviknight, M|100\/100|[from] U-turn\n|-damage|p1a: Corviknight|88\/100|[from] Stealth Rock\n|move|p2a: Glimmora|Earth Power|p1a: Corviknight\n|-immune|p1a: Corviknight\n|\n|upkeep\n|turn|10\n|\n|t:|1700208971\n|switch|p2a: Ogerpon|Ogerpon-Wellspring, F|100\/100\n|move|p1a: Corviknight|Body Press|p2a: Ogerpon\n|-damage|p2a: Ogerpon|68\/100\n|\n|upkeep\n|turn|11\n|\n|t:|1700208981\n|move|p2a: Ogerpon|Swords Dance|p2a: Ogerpon\n|-boost|p2a: Ogerpon|atk|2\n|move|p1a: Corviknight|Reflect|p1a: Corviknight\n|-sidestart|p1: Nateredbeard|Reflect\n|\n|upkeep\n|turn|12\n|\n|t:|1700208988\n|move|p2a: Ogerpon|Trailblaze|p1a: Corviknight\n|-resisted|p1a: Corviknight\n|-damage|p1a: Corviknight|83\/100\n|-boost|p2a: Ogerpon|spe|1\n|move|p1a: Corviknight|Light Screen|p1a: Corviknight\n|-sidestart|p1: Nateredbeard|move: Light Screen\n|\n|upkeep\n|turn|13\n|\n|t:|1700209012\n|switch|p1a: Dragonite|Dragonite, F|100\/100\n|-terastallize|p2a: Ogerpon|Water\n|detailschange|p2a: Ogerpon|Ogerpon-Wellspring-Tera, F, tera:Water\n|-ability|p2a: Ogerpon|Embody Aspect (Wellspring)|boost\n|-boost|p2a: Ogerpon|spd|1\n|move|p2a: Ogerpon|Ivy Cudgel|p1a: Dragonite|[anim] Ivy Cudgel Water\n|-resisted|p1a: Dragonite\n|-crit|p1a: Dragonite\n|-damage|p1a: Dragonite|32\/100\n|\n|upkeep\n|turn|14\n|\n|t:|1700209044\n|-terastallize|p1a: Dragonite|Normal\n|move|p1a: Dragonite|Extreme Speed|p2a: Ogerpon\n|-damage|p2a: Ogerpon|10\/100\n|move|p2a: Ogerpon|Ivy Cudgel|p1a: Dragonite|[anim] Ivy Cudgel Water\n|-damage|p1a: Dragonite|0 fnt\n|faint|p1a: Dragonite\n|\n|upkeep\n|\n|t:|1700209057\n|switch|p1a: Cinderace|Cinderace, M|100\/100\n|turn|15\n|\n|t:|1700209064\n|move|p1a: Cinderace|Sucker Punch||[still]\n|-fail|p1a: Cinderace\n|move|p2a: Ogerpon|Encore|p1a: Cinderace\n|-start|p1a: Cinderace|Encore\n|\n|-sideend|p1: Nateredbeard|Reflect\n|upkeep\n|turn|16\n|\n|t:|1700209071\n|move|p1a: Cinderace|Sucker Punch||[still]\n|-fail|p1a: Cinderace\n|move|p2a: Ogerpon|Swords Dance|p2a: Ogerpon\n|-boost|p2a: Ogerpon|atk|2\n|\n|-sideend|p1: Nateredbeard|move: Light Screen\n|upkeep\n|turn|17\n|\n|t:|1700209079\n|move|p1a: Cinderace|Sucker Punch||[still]\n|-fail|p1a: Cinderace\n|move|p2a: Ogerpon|Swords Dance|p2a: Ogerpon\n|-boost|p2a: Ogerpon|atk|2\n|\n|upkeep\n|turn|18\n|\n|t:|1700209085\n|move|p1a: Cinderace|Sucker Punch||[still]\n|-fail|p1a: Cinderace\n|move|p2a: Ogerpon|Swords Dance|p2a: Ogerpon\n|-boost|p2a: Ogerpon|atk|0\n|\n|-end|p1a: Cinderace|Encore\n|upkeep\n|turn|19\n|\n|t:|1700209102\n|move|p1a: Cinderace|Sucker Punch||[still]\n|-fail|p1a: Cinderace\n|move|p2a: Ogerpon|Swords Dance|p2a: Ogerpon\n|-boost|p2a: Ogerpon|atk|0\n|\n|upkeep\n|turn|20\n|\n|t:|1700209110\n|move|p2a: Ogerpon|Ivy Cudgel|p1a: Cinderace|[anim] Ivy Cudgel Water\n|-supereffective|p1a: Cinderace\n|-damage|p1a: Cinderace|0 fnt\n|faint|p1a: Cinderace\n|\n|upkeep\n|-message|Nateredbeard forfeited.\n|\n|win|Sl3kii\n|raw|Nateredbeard's rating: 1060 &rarr; <strong>1043<\/strong><br \/>(-17 for losing)\n|raw|Sl3kii's rating: 1103 &rarr; <strong>1125<\/strong><br \/>(+22 for winning)\n|l|\u2606Nateredbeard\n","uploadtime":1700209151,"views":15,"p1id":"nateredbeard","p2id":"sl3kii","formatid":"gen9ou","rating":1043,"private":0,"password":""}