{"id":"gen9ou-1992482056","p1":"GinjaNinja2005","p2":"AkiDes","format":"[Gen 9] OU","log":"|j|\u2606GinjaNinja2005\n|j|\u2606AkiDes\n|t:|1700193053\n|gametype|singles\n|player|p1|GinjaNinja2005|265|1333\n|player|p2|AkiDes|volkner|1311\n|teamsize|p1|6\n|teamsize|p2|6\n|gen|9\n|tier|[Gen 9] OU\n|rated|\n|rule|Sleep Clause Mod: Limit one foe put to sleep\n|rule|Species Clause: Limit one of each Pok\u00e9mon\n|rule|OHKO Clause: OHKO moves are banned\n|rule|Evasion Items Clause: Evasion items are banned\n|rule|Evasion Moves Clause: Evasion moves are banned\n|rule|Endless Battle Clause: Forcing endless battles is banned\n|rule|HP Percentage Mod: HP is shown in percentages\n|clearpoke\n|poke|p1|Iron Valiant|\n|poke|p1|Kingambit, F|\n|poke|p1|Heatran, M|\n|poke|p1|Great Tusk|\n|poke|p1|Zapdos|\n|poke|p1|Samurott-Hisui, M|\n|poke|p2|Greninja-*, F|\n|poke|p2|Dragonite, F|\n|poke|p2|Cinderace, M|\n|poke|p2|Mandibuzz, F|\n|poke|p2|Jolteon, F|\n|poke|p2|Gengar, F|\n|teampreview\n|\n|t:|1700193062\n|start\n|switch|p1a: Zapdos|Zapdos|100\/100\n|switch|p2a: Jolteon|Jolteon, F|100\/100\n|turn|1\n|\n|t:|1700193070\n|switch|p1a: Great Tusk|Great Tusk|100\/100\n|move|p2a: Jolteon|Volt Switch|p1a: Great Tusk\n|-immune|p1a: Great Tusk\n|\n|upkeep\n|turn|2\n|\n|t:|1700193082\n|switch|p2a: Mandibuzz|Mandibuzz, F|100\/100\n|move|p1a: Great Tusk|Rapid Spin|p2a: Mandibuzz\n|-damage|p2a: Mandibuzz|90\/100\n|-boost|p1a: Great Tusk|spe|1\n|\n|upkeep\n|turn|3\n|\n|t:|1700193087\n|move|p1a: Great Tusk|Close Combat|p2a: Mandibuzz\n|-damage|p2a: Mandibuzz|52\/100\n|-unboost|p1a: Great Tusk|def|1\n|-unboost|p1a: Great Tusk|spd|1\n|move|p2a: Mandibuzz|Toxic|p1a: Great Tusk\n|-status|p1a: Great Tusk|tox\n|\n|-damage|p1a: Great Tusk|94\/100 tox|[from] psn\n|upkeep\n|turn|4\n|\n|t:|1700193093\n|-end|p1a: Great Tusk|Protosynthesis|[silent]\n|switch|p1a: Heatran|Heatran, M|100\/100\n|move|p2a: Mandibuzz|Roost|p2a: Mandibuzz\n|-heal|p2a: Mandibuzz|100\/100\n|-singleturn|p2a: Mandibuzz|move: Roost\n|\n|upkeep\n|turn|5\n|\n|t:|1700193116\n|switch|p2a: Cinderace|Cinderace, M|100\/100\n|switch|p1a: Zapdos|Zapdos|100\/100\n|\n|upkeep\n|turn|6\n|\n|t:|1700193122\n|move|p2a: Cinderace|Pyro Ball|p1a: Zapdos\n|-damage|p1a: Zapdos|46\/100\n|move|p1a: Zapdos|Volt Switch|p2a: Cinderace\n|-damage|p2a: Cinderace|71\/100\n|\n|t:|1700193125\n|switch|p1a: Samurott|Samurott-Hisui, M|100\/100|[from] Volt Switch\n|\n|upkeep\n|turn|7\n|\n|t:|1700193138\n|move|p2a: Cinderace|High Jump Kick|p1a: Samurott\n|-start|p2a: Cinderace|typechange|Fighting|[from] ability: Libero\n|-supereffective|p1a: Samurott\n|-enditem|p1a: Samurott|Focus Sash\n|-damage|p1a: Samurott|1\/100\n|move|p1a: Samurott|Aqua Cutter|p2a: Cinderace\n|-damage|p2a: Cinderace|4\/100\n|\n|upkeep\n|turn|8\n|\n|t:|1700193146\n|move|p1a: Samurott|Aqua Jet|p2a: Cinderace\n|-crit|p2a: Cinderace\n|-damage|p2a: Cinderace|0 fnt\n|faint|p2a: Cinderace\n|\n|upkeep\n|\n|t:|1700193157\n|switch|p2a: Dragonite|Dragonite, F|100\/100\n|turn|9\n|\n|t:|1700193160\n|move|p2a: Dragonite|Extreme Speed|p1a: Samurott\n|-damage|p1a: Samurott|0 fnt\n|faint|p1a: Samurott\n|\n|upkeep\n|\n|t:|1700193167\n|switch|p1a: Zapdos|Zapdos|46\/100\n|turn|10\n|\n|t:|1700193179\n|move|p2a: Dragonite|Dragon Dance|p2a: Dragonite\n|-boost|p2a: Dragonite|atk|1\n|-boost|p2a: Dragonite|spe|1\n|move|p1a: Zapdos|Roost|p1a: Zapdos\n|-heal|p1a: Zapdos|96\/100\n|-singleturn|p1a: Zapdos|move: Roost\n|\n|upkeep\n|turn|11\n|\n|t:|1700193189\n|move|p2a: Dragonite|Dragon Dance|p2a: Dragonite\n|-boost|p2a: Dragonite|atk|1\n|-boost|p2a: Dragonite|spe|1\n|move|p1a: Zapdos|Volt Switch|p2a: Dragonite\n|-damage|p2a: Dragonite|85\/100\n|\n|t:|1700193192\n|switch|p1a: Iron Valiant|Iron Valiant|100\/100|[from] Volt Switch\n|\n|upkeep\n|turn|12\n|\n|t:|1700193199\n|-terastallize|p1a: Iron Valiant|Steel\n|move|p2a: Dragonite|Earthquake|p1a: Iron Valiant\n|-supereffective|p1a: Iron Valiant\n|-damage|p1a: Iron Valiant|0 fnt\n|faint|p1a: Iron Valiant\n|-end|p1a: Iron Valiant|Quark Drive|[silent]\n|\n|upkeep\n|\n|t:|1700193209\n|switch|p1a: Zapdos|Zapdos|96\/100\n|turn|13\n|\n|t:|1700193212\n|move|p2a: Dragonite|Fire Punch|p1a: Zapdos\n|-damage|p1a: Zapdos|40\/100\n|move|p1a: Zapdos|Discharge|p2a: Dragonite\n|-damage|p2a: Dragonite|52\/100\n|\n|upkeep\n|turn|14\n|\n|t:|1700193220\n|move|p2a: Dragonite|Fire Punch|p1a: Zapdos\n|-damage|p1a: Zapdos|0 fnt\n|faint|p1a: Zapdos\n|\n|upkeep\n|\n|t:|1700193226\n|switch|p1a: Kingambit|Kingambit, F|100\/100\n|-activate|p1a: Kingambit|ability: Supreme Overlord\n|-start|p1a: Kingambit|fallen3|[silent]\n|turn|15\n|\n|t:|1700193230\n|move|p2a: Dragonite|Earthquake|p1a: Kingambit\n|-supereffective|p1a: Kingambit\n|-damage|p1a: Kingambit|0 fnt\n|faint|p1a: Kingambit\n|-end|p1a: Kingambit|fallen3|[silent]\n|\n|upkeep\n|-message|GinjaNinja2005 forfeited.\n|\n|win|AkiDes\n|raw|GinjaNinja2005's rating: 1333 &rarr; <strong>1312<\/strong><br \/>(-21 for losing)\n|raw|AkiDes's rating: 1311 &rarr; <strong>1332<\/strong><br \/>(+21 for winning)\n|l|\u2606GinjaNinja2005\n","uploadtime":1700193237,"views":10,"p1id":"ginjaninja2005","p2id":"akides","formatid":"gen9ou","rating":1312,"private":0,"password":""}