{"id":"gen9ou-1990493791","p1":"Felckon","p2":"ugma","format":"[Gen 9] OU","log":"|j|\u2606Felckon\n|j|\u2606ugma\n|t:|1699975978\n|gametype|singles\n|player|p1|Felckon|acetrainersnow|1329\n|player|p2|ugma|gentleman|1330\n|teamsize|p1|6\n|teamsize|p2|6\n|gen|9\n|tier|[Gen 9] OU\n|rated|\n|rule|Sleep Clause Mod: Limit one foe put to sleep\n|rule|Species Clause: Limit one of each Pok\u00e9mon\n|rule|OHKO Clause: OHKO moves are banned\n|rule|Evasion Items Clause: Evasion items are banned\n|rule|Evasion Moves Clause: Evasion moves are banned\n|rule|Endless Battle Clause: Forcing endless battles is banned\n|rule|HP Percentage Mod: HP is shown in percentages\n|clearpoke\n|poke|p1|Articuno|\n|poke|p1|Ninetales-Alola, F|\n|poke|p1|Corviknight, F|\n|poke|p1|Slowking, M|\n|poke|p1|Dragapult, F|\n|poke|p1|Great Tusk|\n|poke|p2|Magnezone|\n|poke|p2|Great Tusk|\n|poke|p2|Alomomola, F|\n|poke|p2|Rillaboom, F|\n|poke|p2|Maushold-Four|\n|poke|p2|Braviary-Hisui, M|\n|teampreview\n|inactive|Battle timer is ON: inactive players will automatically lose when time's up. (requested by Felckon)\n|\n|t:|1699975995\n|start\n|switch|p1a: Slowking|Slowking, M|100\/100\n|switch|p2a: Magnezone|Magnezone|100\/100\n|turn|1\n|\n|t:|1699975997\n|move|p2a: Magnezone|Volt Switch|p1a: Slowking\n|-supereffective|p1a: Slowking\n|-damage|p1a: Slowking|43\/100\n|\n|t:|1699976004\n|switch|p2a: Maushold|Maushold-Four|100\/100|[from] Volt Switch\n|move|p1a: Slowking|Chilly Reception|p1a: Slowking\n|-weather|Snow\n|\n|t:|1699976008\n|switch|p1a: Corviknight|Corviknight, F|100\/100|[from] Chilly Reception\n|-ability|p1a: Corviknight|Pressure\n|\n|-weather|Snow|[upkeep]\n|upkeep\n|turn|2\n|\n|t:|1699976012\n|switch|p2a: Magnezone|Magnezone|100\/100\n|move|p1a: Corviknight|U-turn|p2a: Magnezone\n|-resisted|p2a: Magnezone\n|-damage|p2a: Magnezone|94\/100\n|\n|t:|1699976032\n|switch|p1a: Great Tusk|Great Tusk|100\/100|[from] U-turn\n|\n|-weather|Snow|[upkeep]\n|upkeep\n|turn|3\n|\n|t:|1699976039\n|switch|p2a: Alomomola|Alomomola, F|100\/100\n|move|p1a: Great Tusk|Close Combat|p2a: Alomomola\n|-damage|p2a: Alomomola|71\/100\n|-unboost|p1a: Great Tusk|def|1\n|-unboost|p1a: Great Tusk|spd|1\n|\n|-weather|Snow|[upkeep]\n|upkeep\n|turn|4\n|\n|t:|1699976049\n|-end|p1a: Great Tusk|Protosynthesis|[silent]\n|switch|p1a: Slowking|Slowking, M|76\/100\n|move|p2a: Alomomola|Scald|p1a: Slowking\n|-resisted|p1a: Slowking\n|-damage|p1a: Slowking|71\/100\n|\n|-weather|Snow|[upkeep]\n|upkeep\n|turn|5\n|\n|t:|1699976052\n|move|p2a: Alomomola|Wish|p2a: Alomomola\n|move|p1a: Slowking|Chilly Reception|p1a: Slowking\n|\n|t:|1699976053\n|switch|p1a: Articuno|Articuno|100\/100|[from] Chilly Reception\n|-ability|p1a: Articuno|Pressure\n|\n|-weather|none\n|upkeep\n|turn|6\n|\n|t:|1699976057\n|move|p1a: Articuno|Agility|p1a: Articuno\n|-boost|p1a: Articuno|spe|2\n|move|p2a: Alomomola|Flip Turn|p1a: Articuno\n|-crit|p1a: Articuno\n|-damage|p1a: Articuno|75\/100\n|\n|t:|1699976059\n|switch|p2a: Magnezone|Magnezone|94\/100|[from] Flip Turn\n|\n|-heal|p2a: Magnezone|100\/100|[from] move: Wish|[wisher] Alomomola\n|upkeep\n|turn|7\n|\n|t:|1699976063\n|-terastallize|p1a: Articuno|Ground\n|move|p1a: Articuno|Tera Blast|p2a: Magnezone|[anim] Tera Blast Ground\n|-supereffective|p2a: Magnezone\n|-damage|p2a: Magnezone|0 fnt\n|faint|p2a: Magnezone\n|\n|upkeep\n|\n|t:|1699976066\n|switch|p2a: Rillaboom|Rillaboom, F|100\/100\n|-fieldstart|move: Grassy Terrain|[from] ability: Grassy Surge|[of] p2a: Rillaboom\n|turn|8\n|\n|t:|1699976071\n|switch|p1a: Corviknight|Corviknight, F|100\/100\n|-ability|p1a: Corviknight|Pressure\n|move|p2a: Rillaboom|Grassy Glide|p1a: Corviknight\n|-resisted|p1a: Corviknight\n|-damage|p1a: Corviknight|90\/100\n|-damage|p2a: Rillaboom|84\/100|[from] item: Rocky Helmet|[of] p1a: Corviknight\n|\n|-heal|p2a: Rillaboom|90\/100|[from] Grassy Terrain\n|upkeep\n|turn|9\n|\n|t:|1699976079\n|switch|p2a: Alomomola|Alomomola, F|100\/100\n|move|p1a: Corviknight|U-turn|p2a: Alomomola\n|-damage|p2a: Alomomola|93\/100\n|\n|t:|1699976081\n|switch|p1a: Articuno|Articuno, tera:Ground|75\/100|[from] U-turn\n|-ability|p1a: Articuno|Pressure\n|\n|-heal|p1a: Articuno|81\/100|[from] Grassy Terrain\n|-heal|p2a: Alomomola|99\/100|[from] Grassy Terrain\n|upkeep\n|turn|10\n|\n|t:|1699976085\n|move|p1a: Articuno|Freeze-Dry|p2a: Alomomola\n|-supereffective|p2a: Alomomola\n|-damage|p2a: Alomomola|16\/100\n|move|p2a: Alomomola|Flip Turn|p1a: Articuno\n|-supereffective|p1a: Articuno\n|-damage|p1a: Articuno|51\/100\n|-enditem|p1a: Articuno|Weakness Policy\n|-boost|p1a: Articuno|atk|2|[from] item: Weakness Policy\n|-boost|p1a: Articuno|spa|2|[from] item: Weakness Policy\n|\n|t:|1699976090\n|switch|p2a: Maushold|Maushold-Four|100\/100|[from] Flip Turn\n|\n|-heal|p1a: Articuno|57\/100|[from] Grassy Terrain\n|upkeep\n|turn|11\n|\n|t:|1699976094\n|switch|p2a: Great Tusk|Great Tusk|100\/100\n|switch|p1a: Corviknight|Corviknight, F|90\/100\n|-ability|p1a: Corviknight|Pressure\n|\n|upkeep\n|turn|12\n|\n|t:|1699976096\n|move|p2a: Great Tusk|Knock Off|p1a: Corviknight\n|-damage|p1a: Corviknight|68\/100\n|-damage|p2a: Great Tusk|84\/100|[from] item: Rocky Helmet|[of] p1a: Corviknight\n|-enditem|p1a: Corviknight|Rocky Helmet|[from] move: Knock Off|[of] p2a: Great Tusk\n|move|p1a: Corviknight|Brave Bird|p2a: Great Tusk\n|-supereffective|p2a: Great Tusk\n|-damage|p2a: Great Tusk|32\/100\n|-damage|p1a: Corviknight|52\/100|[from] Recoil\n|\n|-heal|p2a: Great Tusk|38\/100|[from] Grassy Terrain\n|-fieldend|move: Grassy Terrain\n|upkeep\n|turn|13\n|\n|t:|1699976107\n|move|p2a: Great Tusk|Knock Off|p1a: Corviknight\n|-damage|p1a: Corviknight|38\/100\n|move|p1a: Corviknight|Brave Bird|p2a: Great Tusk\n|-supereffective|p2a: Great Tusk\n|-damage|p2a: Great Tusk|0 fnt\n|faint|p2a: Great Tusk\n|-end|p2a: Great Tusk|Protosynthesis|[silent]\n|-damage|p1a: Corviknight|27\/100|[from] Recoil\n|\n|upkeep\n|\n|t:|1699976115\n|switch|p2a: Maushold|Maushold-Four|100\/100\n|turn|14\n|\n|t:|1699976120\n|move|p2a: Maushold|Tidy Up|p2a: Maushold\n|-boost|p2a: Maushold|atk|1\n|-boost|p2a: Maushold|spe|1\n|move|p1a: Corviknight|Roost|p1a: Corviknight\n|-heal|p1a: Corviknight|77\/100\n|-singleturn|p1a: Corviknight|move: Roost\n|\n|upkeep\n|turn|15\n|\n|t:|1699976122\n|switch|p1a: Slowking|Slowking, M|100\/100\n|move|p2a: Maushold|Population Bomb|p1a: Slowking\n|-damage|p1a: Slowking|88\/100\n|-damage|p2a: Maushold|84\/100|[from] item: Rocky Helmet|[of] p1a: Slowking\n|-damage|p1a: Slowking|75\/100\n|-damage|p2a: Maushold|67\/100|[from] item: Rocky Helmet|[of] p1a: Slowking\n|-crit|p1a: Slowking\n|-damage|p1a: Slowking|54\/100\n|-damage|p2a: Maushold|51\/100|[from] item: Rocky Helmet|[of] p1a: Slowking\n|-damage|p1a: Slowking|40\/100\n|-damage|p2a: Maushold|34\/100|[from] item: Rocky Helmet|[of] p1a: Slowking\n|-damage|p1a: Slowking|27\/100\n|-damage|p2a: Maushold|17\/100|[from] item: Rocky Helmet|[of] p1a: Slowking\n|-damage|p1a: Slowking|15\/100\n|-damage|p2a: Maushold|1\/100|[from] item: Rocky Helmet|[of] p1a: Slowking\n|-damage|p1a: Slowking|3\/100\n|-damage|p2a: Maushold|0 fnt|[from] item: Rocky Helmet|[of] p1a: Slowking\n|faint|p2a: Maushold\n|-hitcount|p1a: Slowking|7\n|\n|upkeep\n|c|\u2606ugma|bruh\n|c|\u2606ugma|gg\n|-message|ugma forfeited.\n|\n|win|Felckon\n|raw|Felckon's rating: 1329 &rarr; <strong>1349<\/strong><br \/>(+20 for winning)\n|raw|ugma's rating: 1330 &rarr; <strong>1310<\/strong><br \/>(-20 for losing)\n|c|\u2606Felckon|ahah srry\n|l|\u2606ugma\n|c|\u2606Felckon|moushold worst nightmare\n","uploadtime":1699976149,"views":10,"p1id":"felckon","p2id":"ugma","formatid":"gen9ou","rating":1310,"private":0,"password":""}