{"id":"gen9ou-1994413148","p1":"Mega Pidgey Y","p2":"Lord Spink","format":"[Gen 9] OU","log":"|j|\u2606Mega Pidgey Y\n|j|\u2606Lord Spink\n|t:|1700441106\n|gametype|singles\n|player|p1|Mega Pidgey Y|bertha|1291\n|player|p2|Lord Spink|101|1232\n|teamsize|p1|6\n|teamsize|p2|6\n|gen|9\n|tier|[Gen 9] OU\n|rated|\n|rule|Sleep Clause Mod: Limit one foe put to sleep\n|rule|Species Clause: Limit one of each Pok\u00e9mon\n|rule|OHKO Clause: OHKO moves are banned\n|rule|Evasion Items Clause: Evasion items are banned\n|rule|Evasion Moves Clause: Evasion moves are banned\n|rule|Endless Battle Clause: Forcing endless battles is banned\n|rule|HP Percentage Mod: HP is shown in percentages\n|clearpoke\n|poke|p1|Dragonite, M|\n|poke|p1|Rillaboom, M|\n|poke|p1|Sneasler, F|\n|poke|p1|Magnezone|\n|poke|p1|Moltres|\n|poke|p1|Great Tusk|\n|poke|p2|Gyarados, M|\n|poke|p2|Arcanine, M|\n|poke|p2|Zarude-Dada|\n|poke|p2|Cryogonal|\n|poke|p2|Thundurus-Therian, M|\n|poke|p2|Glimmora, F|\n|teampreview\n|l|\u2606Lord Spink\n|player|p2|\n|j|\u2606Lord Spink\n|player|p2|Lord Spink|101\n|\n|t:|1700441132\n|start\n|switch|p1a: Great Tusk|Great Tusk|100\/100\n|switch|p2a: Cryogonal|Cryogonal, shiny|100\/100\n|turn|1\n|inactive|Battle timer is ON: inactive players will automatically lose when time's up. (requested by Lord Spink)\n|\n|t:|1700441138\n|move|p2a: Cryogonal|Ice Beam|p1a: Great Tusk\n|-supereffective|p1a: Great Tusk\n|-damage|p1a: Great Tusk|29\/100\n|-status|p1a: Great Tusk|frz\n|cant|p1a: Great Tusk|frz\n|\n|upkeep\n|turn|2\n|\n|t:|1700441146\n|move|p2a: Cryogonal|Ice Beam|p1a: Great Tusk\n|-supereffective|p1a: Great Tusk\n|-damage|p1a: Great Tusk|0 fnt\n|faint|p1a: Great Tusk\n|-end|p1a: Great Tusk|Protosynthesis|[silent]\n|\n|upkeep\n|\n|t:|1700441153\n|switch|p1a: Magnezone|Magnezone|100\/100\n|turn|3\n|\n|t:|1700441159\n|switch|p2a: Arcanine|Arcanine, M|100\/100\n|-ability|p2a: Arcanine|Intimidate|boost\n|-unboost|p1a: Magnezone|atk|1\n|move|p1a: Magnezone|Body Press|p2a: Arcanine\n|-damage|p2a: Arcanine|79\/100\n|\n|upkeep\n|turn|4\n|\n|t:|1700441168\n|switch|p1a: Moltres|Moltres|100\/100\n|move|p2a: Arcanine|Overheat|p1a: Moltres\n|-resisted|p1a: Moltres\n|-damage|p1a: Moltres|74\/100\n|-unboost|p2a: Arcanine|spa|2\n|\n|upkeep\n|turn|5\n|\n|t:|1700441180\n|switch|p2a: Glimmora|Glimmora, F|100\/100\n|move|p1a: Moltres|Roost|p1a: Moltres\n|-heal|p1a: Moltres|100\/100\n|-singleturn|p1a: Moltres|move: Roost\n|\n|upkeep\n|turn|6\n|\n|t:|1700441191\n|move|p2a: Glimmora|Power Gem|p1a: Moltres\n|-supereffective|p1a: Moltres\n|-damage|p1a: Moltres|0 fnt\n|faint|p1a: Moltres\n|\n|upkeep\n|\n|t:|1700441199\n|switch|p1a: Rillaboom|Rillaboom, M|100\/100\n|-fieldstart|move: Grassy Terrain|[from] ability: Grassy Surge|[of] p1a: Rillaboom\n|turn|7\n|\n|t:|1700441205\n|move|p2a: Glimmora|Stealth Rock|p1a: Rillaboom\n|-sidestart|p1: Mega Pidgey Y|move: Stealth Rock\n|move|p1a: Rillaboom|Wood Hammer|p2a: Glimmora\n|-enditem|p2a: Glimmora|Focus Sash\n|-damage|p2a: Glimmora|1\/100\n|-activate|p2a: Glimmora|ability: Toxic Debris\n|-sidestart|p1: Mega Pidgey Y|move: Toxic Spikes\n|-damage|p1a: Rillaboom|75\/100|[from] Recoil\n|\n|-heal|p2a: Glimmora|7\/100|[from] Grassy Terrain\n|-heal|p1a: Rillaboom|82\/100|[from] Grassy Terrain\n|upkeep\n|turn|8\n|\n|t:|1700441219\n|move|p1a: Rillaboom|Grassy Glide|p2a: Glimmora\n|-damage|p2a: Glimmora|0 fnt\n|-activate|p2a: Glimmora|ability: Toxic Debris\n|-sidestart|p1: Mega Pidgey Y|move: Toxic Spikes\n|faint|p2a: Glimmora\n|\n|-heal|p1a: Rillaboom|88\/100|[from] Grassy Terrain\n|upkeep\n|\n|t:|1700441236\n|switch|p2a: Arcanine|Arcanine, M|79\/100\n|-ability|p2a: Arcanine|Intimidate|boost\n|-unboost|p1a: Rillaboom|atk|1\n|turn|9\n|\n|t:|1700441241\n|switch|p1a: Dragonite|Dragonite, M|100\/100\n|move|p2a: Arcanine|Will-O-Wisp|p1a: Dragonite\n|-status|p1a: Dragonite|brn\n|\n|-heal|p2a: Arcanine|85\/100|[from] Grassy Terrain\n|-damage|p1a: Dragonite|94\/100 brn|[from] brn\n|upkeep\n|turn|10\n|\n|t:|1700441260\n|switch|p2a: Gyarados|Gyarados, M|100\/100\n|move|p1a: Dragonite|Thunder Wave|p2a: Gyarados\n|-status|p2a: Gyarados|par\n|\n|-damage|p1a: Dragonite|88\/100 brn|[from] brn\n|upkeep\n|turn|11\n|\n|t:|1700441269\n|-terastallize|p2a: Gyarados|Normal\n|move|p2a: Gyarados|Facade|p1a: Dragonite\n|-damage|p1a: Dragonite|24\/100 brn\n|move|p1a: Dragonite|Thunderbolt|p2a: Gyarados\n|-damage|p2a: Gyarados|70\/100 par\n|\n|-heal|p2a: Gyarados|76\/100 par|[from] Grassy Terrain\n|-damage|p1a: Dragonite|17\/100 brn|[from] brn\n|upkeep\n|turn|12\n|\n|t:|1700441282\n|move|p1a: Dragonite|Extreme Speed|p2a: Gyarados\n|-damage|p2a: Gyarados|62\/100 par\n|move|p2a: Gyarados|Facade|p1a: Dragonite\n|-damage|p1a: Dragonite|0 fnt\n|faint|p1a: Dragonite\n|-ability|p2a: Gyarados|Moxie|boost\n|-boost|p2a: Gyarados|atk|1\n|\n|-heal|p2a: Gyarados|68\/100 par|[from] Grassy Terrain\n|upkeep\n|\n|t:|1700441286\n|switch|p1a: Sneasler|Sneasler, F|100\/100\n|-damage|p1a: Sneasler|95\/100|[from] Stealth Rock\n|-sideend|p1: Mega Pidgey Y|move: Toxic Spikes|[of] p1a: Sneasler\n|-enditem|p1a: Sneasler|Grassy Seed\n|-boost|p1a: Sneasler|def|1|[from] item: Grassy Seed\n|turn|13\n|\n|t:|1700441298\n|switch|p2a: Arcanine|Arcanine, M|85\/100\n|-ability|p2a: Arcanine|Intimidate|boost\n|-unboost|p1a: Sneasler|atk|1\n|move|p1a: Sneasler|Swords Dance|p1a: Sneasler\n|-boost|p1a: Sneasler|atk|2\n|\n|-heal|p1a: Sneasler|100\/100|[from] Grassy Terrain\n|-heal|p2a: Arcanine|91\/100|[from] Grassy Terrain\n|upkeep\n|turn|14\n|\n|t:|1700441307\n|-terastallize|p1a: Sneasler|Fighting\n|move|p1a: Sneasler|Close Combat|p2a: Arcanine\n|-damage|p2a: Arcanine|0 fnt\n|-unboost|p1a: Sneasler|def|1\n|-unboost|p1a: Sneasler|spd|1\n|faint|p2a: Arcanine\n|\n|-fieldend|move: Grassy Terrain\n|upkeep\n|l|\u2606Lord Spink\n|inactive|Lord Spink disconnected and has a minute to reconnect!\n|player|p2|\n|j|\u2606Lord Spink\n|inactive|Lord Spink reconnected and has 130 seconds left.\n|player|p2|Lord Spink|101\n|inactive|Lord Spink has 120 seconds left.\n|\n|t:|1700441337\n|switch|p2a: Thundurus|Thundurus-Therian, M|100\/100\n|turn|15\n|\n|t:|1700441346\n|move|p1a: Sneasler|Dire Claw|p2a: Thundurus\n|-damage|p2a: Thundurus|0 fnt\n|faint|p2a: Thundurus\n|\n|upkeep\n|\n|t:|1700441351\n|switch|p2a: Zarude|Zarude-Dada|100\/100\n|turn|16\n|\n|t:|1700441357\n|move|p1a: Sneasler|Close Combat|p2a: Zarude\n|-supereffective|p2a: Zarude\n|-damage|p2a: Zarude|0 fnt\n|-unboost|p1a: Sneasler|def|1\n|-unboost|p1a: Sneasler|spd|1\n|faint|p2a: Zarude\n|\n|upkeep\n|\n|t:|1700441363\n|switch|p2a: Cryogonal|Cryogonal, shiny|100\/100\n|turn|17\n|\n|t:|1700441368\n|move|p1a: Sneasler|Close Combat|p2a: Cryogonal\n|-supereffective|p2a: Cryogonal\n|-damage|p2a: Cryogonal|0 fnt\n|-unboost|p1a: Sneasler|def|1\n|-unboost|p1a: Sneasler|spd|1\n|faint|p2a: Cryogonal\n|\n|upkeep\n|\n|t:|1700441374\n|switch|p2a: Gyarados|Gyarados, M, tera:Normal|68\/100 par\n|turn|18\n|\n|t:|1700441380\n|move|p1a: Sneasler|Close Combat|p2a: Gyarados\n|-supereffective|p2a: Gyarados\n|-damage|p2a: Gyarados|0 fnt\n|-unboost|p1a: Sneasler|def|1\n|-unboost|p1a: Sneasler|spd|1\n|faint|p2a: Gyarados\n|\n|win|Mega Pidgey Y\n|raw|Mega Pidgey Y's rating: 1291 &rarr; <strong>1312<\/strong><br \/>(+21 for winning)\n|raw|Lord Spink's rating: 1232 &rarr; <strong>1211<\/strong><br \/>(-21 for losing)\n|l|\u2606Lord Spink\n","uploadtime":1700441430,"views":14,"p1id":"megapidgeyy","p2id":"lordspink","formatid":"gen9ou","rating":1211,"private":0,"password":""}