{"id":"gen9ou-1993528662","p1":"abigolname","p2":"JohnnyBoi42","format":"[Gen 9] OU","log":"|j|\u2606abigolname\n|j|\u2606JohnnyBoi42\n|t:|1700328370\n|gametype|singles\n|player|p1|abigolname|ingo|1313\n|player|p2|JohnnyBoi42|cynthia|1397\n|teamsize|p1|6\n|teamsize|p2|6\n|gen|9\n|tier|[Gen 9] OU\n|rated|\n|rule|Sleep Clause Mod: Limit one foe put to sleep\n|rule|Species Clause: Limit one of each Pok\u00e9mon\n|rule|OHKO Clause: OHKO moves are banned\n|rule|Evasion Items Clause: Evasion items are banned\n|rule|Evasion Moves Clause: Evasion moves are banned\n|rule|Endless Battle Clause: Forcing endless battles is banned\n|rule|HP Percentage Mod: HP is shown in percentages\n|clearpoke\n|poke|p1|Iron Hands|\n|poke|p1|Rotom-Heat|\n|poke|p1|Alomomola, F|\n|poke|p1|Clodsire, F|\n|poke|p1|Cinderace, M|\n|poke|p1|Iron Valiant|\n|poke|p2|Garchomp, M|\n|poke|p2|Dragapult, M|\n|poke|p2|Greninja-*, M|\n|poke|p2|Kingambit, M|\n|poke|p2|Corviknight, F|\n|poke|p2|Zamazenta-*|\n|teampreview\n|inactive|Battle timer is ON: inactive players will automatically lose when time's up. (requested by JohnnyBoi42)\n|\n|t:|1700328388\n|start\n|switch|p1a: Rotom|Rotom-Heat|100\/100\n|switch|p2a: Dragapult|Dragapult, M|100\/100\n|turn|1\n|\n|t:|1700328400\n|switch|p1a: Clodsire|Clodsire, F|100\/100\n|move|p2a: Dragapult|Shadow Ball|p1a: Clodsire\n|-damage|p1a: Clodsire|74\/100\n|\n|-heal|p1a: Clodsire|80\/100|[from] item: Leftovers\n|upkeep\n|turn|2\n|\n|t:|1700328413\n|switch|p2a: Garchomp|Garchomp, M|100\/100\n|move|p1a: Clodsire|Toxic|p2a: Garchomp\n|-status|p2a: Garchomp|tox\n|\n|-heal|p1a: Clodsire|86\/100|[from] item: Leftovers\n|-damage|p2a: Garchomp|94\/100 tox|[from] psn\n|upkeep\n|turn|3\n|\n|t:|1700328419\n|switch|p1a: Rotom|Rotom-Heat|100\/100\n|move|p2a: Garchomp|Earthquake|p1a: Rotom\n|-immune|p1a: Rotom|[from] ability: Levitate\n|\n|-damage|p2a: Garchomp|82\/100 tox|[from] psn\n|upkeep\n|turn|4\n|\n|t:|1700328424\n|switch|p2a: Dragapult|Dragapult, M|100\/100\n|move|p1a: Rotom|Overheat|p2a: Dragapult\n|-resisted|p2a: Dragapult\n|-damage|p2a: Dragapult|34\/100\n|-unboost|p1a: Rotom|spa|2\n|\n|upkeep\n|turn|5\n|\n|t:|1700328432\n|move|p2a: Dragapult|Shadow Ball|p1a: Rotom\n|-damage|p1a: Rotom|42\/100\n|move|p1a: Rotom|Overheat|p2a: Dragapult\n|-resisted|p2a: Dragapult\n|-damage|p2a: Dragapult|0 fnt\n|-unboost|p1a: Rotom|spa|2\n|faint|p2a: Dragapult\n|\n|upkeep\n|\n|t:|1700328438\n|switch|p2a: Greninja|Greninja, M|100\/100\n|turn|6\n|\n|t:|1700328443\n|switch|p1a: Clodsire|Clodsire, F|86\/100\n|move|p2a: Greninja|Dark Pulse|p1a: Clodsire\n|-damage|p1a: Clodsire|61\/100\n|-damage|p2a: Greninja|91\/100|[from] item: Life Orb\n|\n|-heal|p1a: Clodsire|68\/100|[from] item: Leftovers\n|upkeep\n|turn|7\n|\n|t:|1700328455\n|move|p2a: Greninja|Dark Pulse|p1a: Clodsire\n|-damage|p1a: Clodsire|41\/100\n|-damage|p2a: Greninja|81\/100|[from] item: Life Orb\n|move|p1a: Clodsire|Earthquake|p2a: Greninja\n|-damage|p2a: Greninja|35\/100\n|\n|-heal|p1a: Clodsire|48\/100|[from] item: Leftovers\n|upkeep\n|turn|8\n|\n|t:|1700328470\n|-terastallize|p2a: Greninja|Ice\n|move|p2a: Greninja|Ice Beam|p1a: Clodsire\n|-supereffective|p1a: Clodsire\n|-damage|p1a: Clodsire|0 fnt\n|faint|p1a: Clodsire\n|-ability|p2a: Greninja|Battle Bond|boost\n|-boost|p2a: Greninja|atk|1\n|-boost|p2a: Greninja|spa|1\n|-boost|p2a: Greninja|spe|1\n|-activate|p2a: Greninja|ability: Battle Bond\n|-damage|p2a: Greninja|26\/100|[from] item: Life Orb\n|\n|upkeep\n|\n|t:|1700328484\n|switch|p1a: Alomomola|Alomomola, F|100\/100\n|turn|9\n|\n|t:|1700328493\n|move|p2a: Greninja|Dark Pulse|p1a: Alomomola\n|-damage|p1a: Alomomola|23\/100\n|-enditem|p1a: Alomomola|Eject Button\n|-damage|p2a: Greninja|16\/100|[from] item: Life Orb\n|\n|t:|1700328502\n|switch|p1a: Cinderace|Cinderace, M|100\/100\n|\n|upkeep\n|turn|10\n|\n|t:|1700328505\n|move|p1a: Cinderace|Sucker Punch|p2a: Greninja\n|-start|p1a: Cinderace|typechange|Dark|[from] ability: Libero\n|-damage|p2a: Greninja|0 fnt\n|faint|p2a: Greninja\n|\n|upkeep\n|\n|t:|1700328520\n|switch|p2a: Garchomp|Garchomp, M|82\/100 tox\n|turn|11\n|\n|t:|1700328527\n|switch|p1a: Alomomola|Alomomola, F|56\/100\n|move|p2a: Garchomp|Dragon Rush|p1a: Alomomola|[miss]\n|-miss|p2a: Garchomp|p1a: Alomomola\n|\n|-damage|p2a: Garchomp|76\/100 tox|[from] psn\n|upkeep\n|turn|12\n|\n|t:|1700328541\n|move|p2a: Garchomp|Dragon Rush|p1a: Alomomola\n|-damage|p1a: Alomomola|18\/100\n|move|p1a: Alomomola|Wish|p1a: Alomomola\n|\n|-damage|p2a: Garchomp|64\/100 tox|[from] psn\n|upkeep\n|turn|13\n|\n|t:|1700328556\n|switch|p2a: Zamazenta|Zamazenta|100\/100\n|-ability|p2a: Zamazenta|Dauntless Shield|boost\n|-boost|p2a: Zamazenta|def|1\n|switch|p1a: Iron Hands|Iron Hands|100\/100\n|\n|upkeep\n|turn|14\n|\n|t:|1700328562\n|move|p2a: Zamazenta|Iron Defense|p2a: Zamazenta\n|-boost|p2a: Zamazenta|def|2\n|move|p1a: Iron Hands|Belly Drum|p1a: Iron Hands\n|-damage|p1a: Iron Hands|51\/100\n|-setboost|p1a: Iron Hands|atk|6|[from] move: Belly Drum\n|\n|upkeep\n|turn|15\n|\n|t:|1700328569\n|move|p2a: Zamazenta|Iron Defense|p2a: Zamazenta\n|-boost|p2a: Zamazenta|def|2\n|move|p1a: Iron Hands|Drain Punch|p2a: Zamazenta\n|-damage|p2a: Zamazenta|67\/100\n|-heal|p1a: Iron Hands|64\/100|[from] drain|[of] p2a: Zamazenta\n|\n|-heal|p2a: Zamazenta|73\/100|[from] item: Leftovers\n|upkeep\n|turn|16\n|\n|t:|1700328579\n|move|p2a: Zamazenta|Trailblaze|p1a: Iron Hands\n|-damage|p1a: Iron Hands|55\/100\n|-boost|p2a: Zamazenta|spe|1\n|move|p1a: Iron Hands|Drain Punch|p2a: Zamazenta\n|-damage|p2a: Zamazenta|35\/100\n|-heal|p1a: Iron Hands|71\/100|[from] drain|[of] p2a: Zamazenta\n|\n|-heal|p2a: Zamazenta|41\/100|[from] item: Leftovers\n|upkeep\n|turn|17\n|\n|t:|1700328597\n|move|p2a: Zamazenta|Body Press|p1a: Iron Hands\n|-damage|p1a: Iron Hands|0 fnt\n|faint|p1a: Iron Hands\n|-end|p1a: Iron Hands|Quark Drive|[silent]\n|\n|-heal|p2a: Zamazenta|48\/100|[from] item: Leftovers\n|upkeep\n|\n|t:|1700328604\n|switch|p1a: Iron Valiant|Iron Valiant|100\/100\n|-enditem|p1a: Iron Valiant|Booster Energy\n|-activate|p1a: Iron Valiant|ability: Quark Drive|[fromitem]\n|-start|p1a: Iron Valiant|quarkdrivespe\n|turn|18\n|\n|t:|1700328612\n|switch|p2a: Corviknight|Corviknight, F|100\/100\n|move|p1a: Iron Valiant|Moonblast|p2a: Corviknight\n|-resisted|p2a: Corviknight\n|-damage|p2a: Corviknight|76\/100\n|\n|upkeep\n|turn|19\n|\n|t:|1700328619\n|-terastallize|p1a: Iron Valiant|Electric\n|move|p1a: Iron Valiant|Calm Mind|p1a: Iron Valiant\n|-boost|p1a: Iron Valiant|spa|1\n|-boost|p1a: Iron Valiant|spd|1\n|move|p2a: Corviknight|Iron Head|p1a: Iron Valiant\n|-resisted|p1a: Iron Valiant\n|-damage|p1a: Iron Valiant|79\/100\n|\n|upkeep\n|turn|20\n|\n|t:|1700328631\n|move|p1a: Iron Valiant|Thunderbolt|p2a: Corviknight\n|-supereffective|p2a: Corviknight\n|-damage|p2a: Corviknight|0 fnt\n|faint|p2a: Corviknight\n|\n|upkeep\n|\n|t:|1700328655\n|switch|p2a: Zamazenta|Zamazenta|48\/100\n|turn|21\n|\n|t:|1700328661\n|move|p1a: Iron Valiant|Moonblast|p2a: Zamazenta\n|-supereffective|p2a: Zamazenta\n|-damage|p2a: Zamazenta|0 fnt\n|faint|p2a: Zamazenta\n|\n|upkeep\n|\n|t:|1700328665\n|switch|p2a: Garchomp|Garchomp, M|64\/100 tox\n|turn|22\n|\n|t:|1700328668\n|move|p1a: Iron Valiant|Moonblast|p2a: Garchomp\n|-supereffective|p2a: Garchomp\n|-damage|p2a: Garchomp|0 fnt\n|faint|p2a: Garchomp\n|\n|upkeep\n|\n|t:|1700328670\n|switch|p2a: Kingambit|Kingambit, M|100\/100\n|-activate|p2a: Kingambit|ability: Supreme Overlord\n|-start|p2a: Kingambit|fallen5|[silent]\n|turn|23\n|\n|t:|1700328674\n|move|p2a: Kingambit|Sucker Punch|p1a: Iron Valiant\n|-damage|p1a: Iron Valiant|4\/100\n|move|p1a: Iron Valiant|Close Combat|p2a: Kingambit\n|-supereffective|p2a: Kingambit\n|-damage|p2a: Kingambit|0 fnt\n|-unboost|p1a: Iron Valiant|def|1\n|-unboost|p1a: Iron Valiant|spd|1\n|faint|p2a: Kingambit\n|-end|p2a: Kingambit|fallen5|[silent]\n|\n|win|abigolname\n|raw|abigolname's rating: 1313 &rarr; <strong>1338<\/strong><br \/>(+25 for winning)\n|raw|JohnnyBoi42's rating: 1397 &rarr; <strong>1372<\/strong><br \/>(-25 for losing)\n|l|\u2606JohnnyBoi42\n","uploadtime":1700328686,"views":10,"p1id":"abigolname","p2id":"johnnyboi42","formatid":"gen9ou","rating":1338,"private":0,"password":""}