{"id":"gen9ou-1999423386","p1":"Rom05","p2":"DGP PLAYER","format":"[Gen 9] OU","log":"|j|\u2606Rom05\n|j|\u2606DGP PLAYER\n|t:|1701078091\n|gametype|singles\n|player|p1|Rom05|roughneck-gen4|1372\n|player|p2|DGP PLAYER|hilda-wonderlauncher|1436\n|teamsize|p1|6\n|teamsize|p2|6\n|gen|9\n|tier|[Gen 9] OU\n|rated|\n|rule|Sleep Clause Mod: Limit one foe put to sleep\n|rule|Species Clause: Limit one of each Pok\u00e9mon\n|rule|OHKO Clause: OHKO moves are banned\n|rule|Evasion Items Clause: Evasion items are banned\n|rule|Evasion Moves Clause: Evasion moves are banned\n|rule|Endless Battle Clause: Forcing endless battles is banned\n|rule|HP Percentage Mod: HP is shown in percentages\n|clearpoke\n|poke|p1|Zoroark-Hisui, F|\n|poke|p1|Ogerpon, F|\n|poke|p1|Cinderace, F|\n|poke|p1|Dondozo, F|\n|poke|p1|Kingambit, F|\n|poke|p1|Iron Valiant|\n|poke|p2|Cinderace, M|\n|poke|p2|Dragapult, M|\n|poke|p2|Iron Valiant|\n|poke|p2|Landorus-Therian, M|\n|poke|p2|Empoleon, F|\n|poke|p2|Alomomola, M|\n|teampreview\n|inactive|Battle timer is ON: inactive players will automatically lose when time's up. (requested by DGP PLAYER)\n|inactive|Rom05 also wants the timer to be on.\n|\n|t:|1701078113\n|start\n|switch|p1a: Dondozo|Dondozo, F|100\/100\n|switch|p2a: \u95ea\u7130\u738b\u724c|Cinderace, M|100\/100\n|turn|1\n|\n|t:|1701078120\n|switch|p2a: \u5e1d\u738b\u62ff\u6ce2|Empoleon, F|100\/100\n|move|p1a: Dondozo|Bitter Malice|p2a: \u5e1d\u738b\u62ff\u6ce2\n|-damage|p2a: \u5e1d\u738b\u62ff\u6ce2|74\/100\n|-unboost|p2a: \u5e1d\u738b\u62ff\u6ce2|atk|1\n|-ability|p2a: \u5e1d\u738b\u62ff\u6ce2|Competitive|boost\n|-boost|p2a: \u5e1d\u738b\u62ff\u6ce2|spa|2\n|\n|-heal|p2a: \u5e1d\u738b\u62ff\u6ce2|81\/100|[from] item: Leftovers\n|upkeep\n|turn|2\n|\n|t:|1701078133\n|switch|p1a: Dondozo|Dondozo, F|100\/100\n|move|p2a: \u5e1d\u738b\u62ff\u6ce2|Flip Turn|p1a: Dondozo\n|-resisted|p1a: Dondozo\n|-damage|p1a: Dondozo|96\/100\n|-damage|p2a: \u5e1d\u738b\u62ff\u6ce2|64\/100|[from] item: Rocky Helmet|[of] p1a: Dondozo\n|\n|t:|1701078135\n|switch|p2a: \u591a\u9f99\u5df4\u9c81\u6258|Dragapult, M|100\/100|[from] Flip Turn\n|\n|upkeep\n|turn|3\n|\n|t:|1701078145\n|switch|p1a: Iron Valiant|Iron Valiant|100\/100\n|-enditem|p1a: Iron Valiant|Booster Energy\n|-activate|p1a: Iron Valiant|ability: Quark Drive|[fromitem]\n|-start|p1a: Iron Valiant|quarkdrivespe\n|move|p2a: \u591a\u9f99\u5df4\u9c81\u6258|Fire Blast|p1a: Iron Valiant\n|-damage|p1a: Iron Valiant|3\/100\n|\n|upkeep\n|turn|4\n|\n|t:|1701078155\n|switch|p2a: \u5e1d\u738b\u62ff\u6ce2|Empoleon, F|64\/100\n|move|p1a: Iron Valiant|Destiny Bond|p1a: Iron Valiant\n|-singlemove|p1a: Iron Valiant|Destiny Bond\n|\n|-heal|p2a: \u5e1d\u738b\u62ff\u6ce2|70\/100|[from] item: Leftovers\n|upkeep\n|turn|5\n|\n|t:|1701078164\n|move|p1a: Iron Valiant|Aura Sphere|p2a: \u5e1d\u738b\u62ff\u6ce2\n|-supereffective|p2a: \u5e1d\u738b\u62ff\u6ce2\n|-damage|p2a: \u5e1d\u738b\u62ff\u6ce2|22\/100\n|move|p2a: \u5e1d\u738b\u62ff\u6ce2|Flip Turn|p1a: Iron Valiant\n|-damage|p1a: Iron Valiant|0 fnt\n|faint|p1a: Iron Valiant\n|-end|p1a: Iron Valiant|Quark Drive|[silent]\n|\n|t:|1701078169\n|switch|p2a: \u95ea\u7130\u738b\u724c|Cinderace, M|100\/100|[from] Flip Turn\n|\n|upkeep\n|\n|t:|1701078179\n|switch|p1a: Dondozo|Dondozo, F|100\/100\n|turn|6\n|\n|t:|1701078182\n|switch|p2a: \u5e1d\u738b\u62ff\u6ce2|Empoleon, F|22\/100\n|move|p1a: Dondozo|Trick|p2a: \u5e1d\u738b\u62ff\u6ce2\n|-activate|p1a: Dondozo|move: Trick|[of] p2a: \u5e1d\u738b\u62ff\u6ce2\n|-item|p2a: \u5e1d\u738b\u62ff\u6ce2|Choice Scarf|[from] move: Trick\n|-item|p1a: Dondozo|Leftovers|[from] move: Trick\n|\n|upkeep\n|turn|7\n|\n|t:|1701078191\n|move|p1a: Dondozo|Bitter Malice|p2a: \u5e1d\u738b\u62ff\u6ce2\n|-damage|p2a: \u5e1d\u738b\u62ff\u6ce2|0 fnt\n|faint|p2a: \u5e1d\u738b\u62ff\u6ce2\n|\n|upkeep\n|\n|t:|1701078199\n|switch|p2a: \u95ea\u7130\u738b\u724c|Cinderace, M|100\/100\n|turn|8\n|\n|t:|1701078206\n|move|p2a: \u95ea\u7130\u738b\u724c|Pyro Ball|p1a: Dondozo\n|-damage|p1a: Dondozo|0 fnt\n|replace|p1a: Zoroark|Zoroark-Hisui, F\n|-end|p1a: Zoroark|Illusion\n|faint|p1a: Zoroark\n|\n|upkeep\n|\n|t:|1701078214\n|switch|p1a: Dondozo|Dondozo, F|96\/100\n|turn|9\n|\n|t:|1701078218\n|move|p2a: \u95ea\u7130\u738b\u724c|U-turn|p1a: Dondozo\n|-start|p2a: \u95ea\u7130\u738b\u724c|typechange|Bug|[from] ability: Libero\n|-damage|p1a: Dondozo|76\/100\n|-damage|p2a: \u95ea\u7130\u738b\u724c|84\/100|[from] item: Rocky Helmet|[of] p1a: Dondozo\n|\n|t:|1701078223\n|switch|p2a: Landorus|Landorus-Therian, M|100\/100|[from] U-turn\n|-ability|p2a: Landorus|Intimidate|boost\n|-unboost|p1a: Dondozo|atk|1\n|move|p1a: Dondozo|Liquidation|p2a: Landorus\n|-supereffective|p2a: Landorus\n|-damage|p2a: Landorus|57\/100\n|\n|upkeep\n|turn|10\n|\n|t:|1701078235\n|switch|p2a: \u4fdd\u59c6\u66fc\u6ce2|Alomomola, M|100\/100\n|switch|p1a: Cinderace|Cinderace, F|100\/100\n|\n|upkeep\n|turn|11\n|\n|t:|1701078242\n|move|p1a: Cinderace|U-turn|p2a: \u4fdd\u59c6\u66fc\u6ce2\n|-start|p1a: Cinderace|typechange|Bug|[from] ability: Libero\n|-damage|p2a: \u4fdd\u59c6\u66fc\u6ce2|82\/100\n|\n|t:|1701078247\n|switch|p1a: Ogerpon|Ogerpon, F|100\/100|[from] U-turn\n|move|p2a: \u4fdd\u59c6\u66fc\u6ce2|Flip Turn|p1a: Ogerpon\n|-resisted|p1a: Ogerpon\n|-damage|p1a: Ogerpon|89\/100\n|\n|t:|1701078253\n|switch|p2a: \u95ea\u7130\u738b\u724c|Cinderace, M|84\/100|[from] Flip Turn\n|\n|upkeep\n|turn|12\n|\n|t:|1701078260\n|-terastallize|p1a: Ogerpon|Grass\n|detailschange|p1a: Ogerpon|Ogerpon-Teal-Tera, F, tera:Grass\n|-ability|p1a: Ogerpon|Embody Aspect (Teal)|boost\n|-boost|p1a: Ogerpon|spe|1\n|move|p1a: Ogerpon|Stomping Tantrum|p2a: \u95ea\u7130\u738b\u724c\n|-supereffective|p2a: \u95ea\u7130\u738b\u724c\n|-damage|p2a: \u95ea\u7130\u738b\u724c|0 fnt\n|faint|p2a: \u95ea\u7130\u738b\u724c\n|-damage|p1a: Ogerpon|79\/100|[from] item: Life Orb\n|\n|upkeep\n|\n|t:|1701078265\n|switch|p2a: Landorus|Landorus-Therian, M|57\/100\n|-ability|p2a: Landorus|Intimidate|boost\n|-unboost|p1a: Ogerpon|atk|1\n|turn|13\n|\n|t:|1701078274\n|switch|p1a: Dondozo|Dondozo, F|76\/100\n|-terastallize|p2a: Landorus|Flying\n|move|p2a: Landorus|Tera Blast|p1a: Dondozo|[anim] Tera Blast Flying\n|-damage|p1a: Dondozo|42\/100\n|\n|upkeep\n|turn|14\n|\n|t:|1701078284\n|switch|p2a: \u591a\u9f99\u5df4\u9c81\u6258|Dragapult, M|100\/100\n|move|p1a: Dondozo|Rest|p1a: Dondozo\n|-status|p1a: Dondozo|slp|[from] move: Rest\n|-heal|p1a: Dondozo|100\/100 slp|[silent]\n|\n|upkeep\n|turn|15\n|\n|t:|1701078292\n|move|p2a: \u591a\u9f99\u5df4\u9c81\u6258|Draco Meteor|p1a: Dondozo\n|-damage|p1a: Dondozo|39\/100 slp\n|-unboost|p2a: \u591a\u9f99\u5df4\u9c81\u6258|spa|2\n|cant|p1a: Dondozo|slp\n|move|p1a: Dondozo|Sleep Talk|p1a: Dondozo\n|move|p1a: Dondozo|Body Press|p2a: \u591a\u9f99\u5df4\u9c81\u6258|[from]move: Sleep Talk\n|-immune|p2a: \u591a\u9f99\u5df4\u9c81\u6258\n|\n|upkeep\n|turn|16\n|\n|t:|1701078304\n|switch|p2a: \u94c1\u6b66\u8005|Iron Valiant|100\/100\n|-enditem|p2a: \u94c1\u6b66\u8005|Booster Energy\n|-activate|p2a: \u94c1\u6b66\u8005|ability: Quark Drive|[fromitem]\n|-start|p2a: \u94c1\u6b66\u8005|quarkdrivespe\n|switch|p1a: Kingambit|Kingambit, F|100\/100\n|-activate|p1a: Kingambit|ability: Supreme Overlord\n|-start|p1a: Kingambit|fallen2|[silent]\n|\n|upkeep\n|turn|17\n|\n|t:|1701078314\n|-end|p1a: Kingambit|fallen2|[silent]\n|switch|p1a: Dondozo|Dondozo, F|39\/100 slp\n|move|p2a: \u94c1\u6b66\u8005|Close Combat|p1a: Dondozo\n|-damage|p1a: Dondozo|9\/100 slp\n|-unboost|p2a: \u94c1\u6b66\u8005|def|1\n|-unboost|p2a: \u94c1\u6b66\u8005|spd|1\n|-damage|p2a: \u94c1\u6b66\u8005|84\/100|[from] item: Rocky Helmet|[of] p1a: Dondozo\n|\n|upkeep\n|turn|18\n|\n|t:|1701078324\n|move|p2a: \u94c1\u6b66\u8005|Moonblast|p1a: Dondozo\n|-damage|p1a: Dondozo|0 fnt\n|faint|p1a: Dondozo\n|\n|upkeep\n|\n|t:|1701078332\n|switch|p1a: Cinderace|Cinderace, F|100\/100\n|turn|19\n|\n|t:|1701078337\n|-end|p2a: \u94c1\u6b66\u8005|Quark Drive|[silent]\n|switch|p2a: \u4fdd\u59c6\u66fc\u6ce2|Alomomola, M|100\/100\n|move|p1a: Cinderace|Pyro Ball|p2a: \u4fdd\u59c6\u66fc\u6ce2\n|-resisted|p2a: \u4fdd\u59c6\u66fc\u6ce2\n|-damage|p2a: \u4fdd\u59c6\u66fc\u6ce2|85\/100\n|\n|upkeep\n|turn|20\n|\n|t:|1701078344\n|move|p1a: Cinderace|U-turn|p2a: \u4fdd\u59c6\u66fc\u6ce2\n|-start|p1a: Cinderace|typechange|Bug|[from] ability: Libero\n|-damage|p2a: \u4fdd\u59c6\u66fc\u6ce2|66\/100\n|\n|t:|1701078352\n|switch|p1a: Ogerpon|Ogerpon-Teal-Tera, F, tera:Grass|79\/100|[from] U-turn\n|-ability|p1a: Ogerpon|Embody Aspect (Teal)|boost\n|-boost|p1a: Ogerpon|spe|1\n|move|p2a: \u4fdd\u59c6\u66fc\u6ce2|Flip Turn|p1a: Ogerpon\n|-resisted|p1a: Ogerpon\n|-damage|p1a: Ogerpon|69\/100\n|\n|t:|1701078354\n|switch|p2a: Landorus|Landorus-Therian, M, tera:Flying|57\/100|[from] Flip Turn\n|-ability|p2a: Landorus|Intimidate|boost\n|-unboost|p1a: Ogerpon|atk|1\n|\n|upkeep\n|turn|21\n|\n|t:|1701078365\n|move|p1a: Ogerpon|Knock Off|p2a: Landorus\n|-damage|p2a: Landorus|22\/100\n|-enditem|p2a: Landorus|Choice Scarf|[from] move: Knock Off|[of] p1a: Ogerpon\n|-damage|p1a: Ogerpon|59\/100|[from] item: Life Orb\n|move|p2a: Landorus|U-turn|p1a: Ogerpon\n|-supereffective|p1a: Ogerpon\n|-damage|p1a: Ogerpon|0 fnt\n|faint|p1a: Ogerpon\n|\n|t:|1701078372\n|switch|p2a: \u4fdd\u59c6\u66fc\u6ce2|Alomomola, M|99\/100|[from] U-turn\n|\n|upkeep\n|\n|t:|1701078378\n|switch|p1a: Cinderace|Cinderace, F|100\/100\n|turn|22\n|\n|t:|1701078383\n|move|p1a: Cinderace|Sucker Punch||[still]\n|-fail|p1a: Cinderace\n|move|p2a: \u4fdd\u59c6\u66fc\u6ce2|Wish|p2a: \u4fdd\u59c6\u66fc\u6ce2\n|\n|upkeep\n|turn|23\n|-message|Rom05 forfeited.\n|\n|win|DGP PLAYER\n|raw|Rom05's rating: 1372 &rarr; <strong>1356<\/strong><br \/>(-16 for losing)\n|raw|DGP PLAYER's rating: 1436 &rarr; <strong>1452<\/strong><br \/>(+16 for winning)\n|l|\u2606Rom05\n","uploadtime":1701078397,"views":4,"p1id":"rom05","p2id":"dgpplayer","formatid":"gen9ou","rating":1356,"private":0,"password":""}