{"id":"gen9ou-1995964891","p1":"Nitro524","p2":"low ladder leg","format":"[Gen 9] OU","log":"|j|\u2606Nitro524\n|j|\u2606low ladder leg\n|t:|1700622857\n|gametype|singles\n|player|p1|Nitro524|hilbert|1383\n|player|p2|low ladder leg|ballguy|1479\n|teamsize|p1|6\n|teamsize|p2|6\n|gen|9\n|tier|[Gen 9] OU\n|rated|\n|rule|Sleep Clause Mod: Limit one foe put to sleep\n|rule|Species Clause: Limit one of each Pok\u00e9mon\n|rule|OHKO Clause: OHKO moves are banned\n|rule|Evasion Items Clause: Evasion items are banned\n|rule|Evasion Moves Clause: Evasion moves are banned\n|rule|Endless Battle Clause: Forcing endless battles is banned\n|rule|HP Percentage Mod: HP is shown in percentages\n|clearpoke\n|poke|p1|Samurott-Hisui, M|\n|poke|p1|Ceruledge, M|\n|poke|p1|Iron Valiant|\n|poke|p1|Gholdengo|\n|poke|p1|Landorus-Therian, M|\n|poke|p1|Kingambit, M|\n|poke|p2|Amoonguss, M|\n|poke|p2|Iron Valiant|\n|poke|p2|Ceruledge, F|\n|poke|p2|Zamazenta-*|\n|poke|p2|Ting-Lu|\n|poke|p2|Dragonite, M|\n|teampreview\n|inactive|Battle timer is ON: inactive players will automatically lose when time's up. (requested by Nitro524)\n|c|\u2606Nitro524|glhf\n|inactive|low ladder leg has 120 seconds left.\n|inactive|low ladder leg has 90 seconds left.\n|\n|t:|1700622948\n|start\n|switch|p1a: Masakado|Samurott-Hisui, M, shiny|100\/100\n|switch|p2a: Amoonguss|Amoonguss, M|100\/100\n|turn|1\n|inactive|low ladder leg has 120 seconds left.\n|inactive|Nitro524 has 120 seconds left.\n|\n|t:|1700622995\n|move|p1a: Masakado|Knock Off|p2a: Amoonguss\n|-damage|p2a: Amoonguss|69\/100\n|-enditem|p2a: Amoonguss|Red Card|[from] move: Knock Off|[of] p1a: Masakado\n|move|p2a: Amoonguss|Giga Drain|p1a: Masakado\n|-supereffective|p1a: Masakado\n|-damage|p1a: Masakado|31\/100\n|-heal|p2a: Amoonguss|94\/100|[from] drain|[of] p1a: Masakado\n|\n|upkeep\n|turn|2\n|inactive|low ladder leg has 120 seconds left.\n|\n|t:|1700623005\n|move|p1a: Masakado|Ceaseless Edge|p2a: Amoonguss\n|-damage|p2a: Amoonguss|60\/100\n|-sidestart|p2: low ladder leg|Spikes\n|move|p2a: Amoonguss|Giga Drain|p1a: Masakado\n|-supereffective|p1a: Masakado\n|-damage|p1a: Masakado|0 fnt\n|-heal|p2a: Amoonguss|72\/100|[from] drain|[of] p1a: Masakado\n|faint|p1a: Masakado\n|\n|upkeep\n|\n|t:|1700623008\n|switch|p1a: Apollo|Ceruledge, M|100\/100\n|turn|3\n|\n|t:|1700623021\n|move|p1a: Apollo|Bitter Blade|p2a: Amoonguss\n|-supereffective|p2a: Amoonguss\n|-damage|p2a: Amoonguss|5\/100\n|move|p2a: Amoonguss|Sludge Bomb|p1a: Apollo\n|-resisted|p1a: Apollo\n|-damage|p1a: Apollo|86\/100\n|\n|upkeep\n|turn|4\n|inactive|Nitro524 has 120 seconds left.\n|inactive|low ladder leg has 120 seconds left.\n|inactive|Nitro524 has 90 seconds left.\n|inactive|low ladder leg has 90 seconds left.\n|\n|t:|1700623071\n|switch|p2a: Dragonite|Dragonite, M|100\/100\n|move|p1a: Apollo|Shadow Sneak|p2a: Dragonite\n|-damage|p2a: Dragonite|90\/100\n|\n|upkeep\n|turn|5\n|\n|t:|1700623077\n|move|p1a: Apollo|Bitter Blade|p2a: Dragonite\n|-resisted|p2a: Dragonite\n|-damage|p2a: Dragonite|68\/100\n|-heal|p1a: Apollo|100\/100|[from] drain|[of] p2a: Dragonite\n|move|p2a: Dragonite|Dragon Dance|p2a: Dragonite\n|-boost|p2a: Dragonite|atk|1\n|-boost|p2a: Dragonite|spe|1\n|\n|upkeep\n|turn|6\n|\n|t:|1700623087\n|move|p2a: Dragonite|Earthquake|p1a: Apollo\n|-supereffective|p1a: Apollo\n|-enditem|p1a: Apollo|Focus Sash\n|-damage|p1a: Apollo|1\/100\n|-ability|p1a: Apollo|Weak Armor|boost\n|-unboost|p1a: Apollo|def|1\n|-boost|p1a: Apollo|spe|2\n|move|p1a: Apollo|Swords Dance|p1a: Apollo\n|-boost|p1a: Apollo|atk|2\n|\n|upkeep\n|turn|7\n|\n|t:|1700623097\n|move|p1a: Apollo|Poltergeist|p2a: Dragonite\n|-activate|p2a: Dragonite|move: Poltergeist|Heavy-Duty Boots\n|-damage|p2a: Dragonite|0 fnt\n|faint|p2a: Dragonite\n|\n|upkeep\n|\n|t:|1700623107\n|switch|p2a: Zamazenta|Zamazenta|100\/100\n|-ability|p2a: Zamazenta|Dauntless Shield|boost\n|-boost|p2a: Zamazenta|def|1\n|turn|8\n|\n|t:|1700623114\n|move|p1a: Apollo|Poltergeist|p2a: Zamazenta\n|-activate|p2a: Zamazenta|move: Poltergeist|Heavy-Duty Boots\n|-damage|p2a: Zamazenta|23\/100\n|move|p2a: Zamazenta|Crunch|p1a: Apollo\n|-supereffective|p1a: Apollo\n|-damage|p1a: Apollo|0 fnt\n|faint|p1a: Apollo\n|\n|upkeep\n|\n|t:|1700623124\n|switch|p1a: Cassandra Gemini|Iron Valiant|100\/100\n|-enditem|p1a: Cassandra Gemini|Booster Energy\n|-activate|p1a: Cassandra Gemini|ability: Quark Drive|[fromitem]\n|-start|p1a: Cassandra Gemini|quarkdrivespe\n|turn|9\n|inactive|Nitro524 has 120 seconds left.\n|\n|t:|1700623134\n|move|p1a: Cassandra Gemini|Moonblast|p2a: Zamazenta\n|-supereffective|p2a: Zamazenta\n|-damage|p2a: Zamazenta|0 fnt\n|faint|p2a: Zamazenta\n|\n|upkeep\n|\n|t:|1700623136\n|switch|p2a: Ceruledge|Ceruledge, F|100\/100\n|turn|10\n|\n|t:|1700623149\n|-end|p1a: Cassandra Gemini|Quark Drive|[silent]\n|switch|p1a: Lando Calrissian|Landorus-Therian, M|100\/100\n|-ability|p1a: Lando Calrissian|Intimidate|boost\n|-unboost|p2a: Ceruledge|atk|1\n|move|p2a: Ceruledge|Bulk Up|p2a: Ceruledge\n|-boost|p2a: Ceruledge|atk|1\n|-boost|p2a: Ceruledge|def|1\n|\n|upkeep\n|turn|11\n|\n|t:|1700623169\n|switch|p2a: Ting-Lu|Ting-Lu|100\/100\n|-damage|p2a: Ting-Lu|88\/100|[from] Spikes\n|-ability|p2a: Ting-Lu|Vessel of Ruin\n|move|p1a: Lando Calrissian|Earthquake|p2a: Ting-Lu\n|-damage|p2a: Ting-Lu|63\/100\n|\n|-heal|p2a: Ting-Lu|69\/100|[from] item: Leftovers\n|upkeep\n|turn|12\n|\n|t:|1700623172\n|move|p1a: Lando Calrissian|Stealth Rock|p2a: Ting-Lu\n|-sidestart|p2: low ladder leg|move: Stealth Rock\n|move|p2a: Ting-Lu|Spikes|p1a: Lando Calrissian\n|-sidestart|p1: Nitro524|Spikes\n|\n|-heal|p2a: Ting-Lu|75\/100|[from] item: Leftovers\n|upkeep\n|turn|13\n|\n|t:|1700623179\n|move|p1a: Lando Calrissian|U-turn|p2a: Ting-Lu\n|-supereffective|p2a: Ting-Lu\n|-damage|p2a: Ting-Lu|52\/100\n|\n|t:|1700623186\n|switch|p1a: Cassandra Gemini|Iron Valiant|100\/100|[from] U-turn\n|-damage|p1a: Cassandra Gemini|88\/100|[from] Spikes\n|move|p2a: Ting-Lu|Spikes|p1a: Cassandra Gemini\n|-sidestart|p1: Nitro524|Spikes\n|\n|-heal|p2a: Ting-Lu|58\/100|[from] item: Leftovers\n|upkeep\n|turn|14\n|\n|t:|1700623203\n|move|p1a: Cassandra Gemini|Close Combat|p2a: Ting-Lu\n|-supereffective|p2a: Ting-Lu\n|-damage|p2a: Ting-Lu|0 fnt\n|-unboost|p1a: Cassandra Gemini|def|1\n|-unboost|p1a: Cassandra Gemini|spd|1\n|faint|p2a: Ting-Lu\n|\n|upkeep\n|\n|t:|1700623217\n|switch|p2a: Ceruledge|Ceruledge, F|100\/100\n|turn|15\n|\n|t:|1700623245\n|move|p1a: Cassandra Gemini|Psyshock|p2a: Ceruledge\n|-damage|p2a: Ceruledge|70\/100\n|move|p2a: Ceruledge|Bitter Blade|p1a: Cassandra Gemini\n|-damage|p1a: Cassandra Gemini|12\/100\n|-heal|p2a: Ceruledge|100\/100|[from] drain|[of] p1a: Cassandra Gemini\n|\n|upkeep\n|turn|16\n|inactive|low ladder leg has 120 seconds left.\n|\n|t:|1700623291\n|move|p1a: Cassandra Gemini|Thunderbolt|p2a: Ceruledge\n|-damage|p2a: Ceruledge|81\/100\n|move|p2a: Ceruledge|Bitter Blade|p1a: Cassandra Gemini\n|-damage|p1a: Cassandra Gemini|0 fnt\n|-heal|p2a: Ceruledge|85\/100|[from] drain|[of] p1a: Cassandra Gemini\n|faint|p1a: Cassandra Gemini\n|-end|p1a: Cassandra Gemini|Quark Drive|[silent]\n|\n|upkeep\n|inactive|Nitro524 has 120 seconds left.\n|\n|t:|1700623319\n|switch|p1a: Lando Calrissian|Landorus-Therian, M|100\/100\n|-ability|p1a: Lando Calrissian|Intimidate|boost\n|-unboost|p2a: Ceruledge|atk|1\n|turn|17\n|inactive|low ladder leg has 90 seconds left.\n|\n|t:|1700623348\n|-terastallize|p2a: Ceruledge|Dragon\n|move|p1a: Lando Calrissian|Earthquake|p2a: Ceruledge\n|-damage|p2a: Ceruledge|31\/100\n|move|p2a: Ceruledge|Bulk Up|p2a: Ceruledge\n|-boost|p2a: Ceruledge|atk|1\n|-boost|p2a: Ceruledge|def|1\n|\n|upkeep\n|turn|18\n|inactive|Nitro524 has 120 seconds left.\n|\n|t:|1700623359\n|move|p2a: Ceruledge|Bitter Blade|p1a: Lando Calrissian\n|-damage|p1a: Lando Calrissian|73\/100\n|-heal|p2a: Ceruledge|46\/100|[from] drain|[of] p1a: Lando Calrissian\n|-damage|p2a: Ceruledge|30\/100|[from] item: Rocky Helmet|[of] p1a: Lando Calrissian\n|move|p1a: Lando Calrissian|Earthquake|p2a: Ceruledge\n|-damage|p2a: Ceruledge|0 fnt\n|faint|p2a: Ceruledge\n|\n|upkeep\n|inactive|low ladder leg has 90 seconds left.\n|\n|t:|1700623370\n|switch|p2a: Amoonguss|Amoonguss, M|38\/100\n|-damage|p2a: Amoonguss|25\/100|[from] Spikes\n|-damage|p2a: Amoonguss|13\/100|[from] Stealth Rock\n|turn|19\n|inactive|Nitro524 has 120 seconds left.\n|\n|t:|1700623393\n|move|p1a: Lando Calrissian|Earthquake|p2a: Amoonguss\n|-damage|p2a: Amoonguss|0 fnt\n|faint|p2a: Amoonguss\n|\n|upkeep\n|\n|t:|1700623406\n|switch|p2a: Iron Valiant|Iron Valiant|100\/100\n|-damage|p2a: Iron Valiant|88\/100|[from] Spikes\n|-damage|p2a: Iron Valiant|82\/100|[from] Stealth Rock\n|-enditem|p2a: Iron Valiant|Booster Energy\n|-activate|p2a: Iron Valiant|ability: Quark Drive|[fromitem]\n|-start|p2a: Iron Valiant|quarkdrivespe\n|turn|20\n|c|\u2606Nitro524|gg\n|\n|t:|1700623413\n|move|p2a: Iron Valiant|Calm Mind|p2a: Iron Valiant\n|-boost|p2a: Iron Valiant|spa|1\n|-boost|p2a: Iron Valiant|spd|1\n|move|p1a: Lando Calrissian|Earthquake|p2a: Iron Valiant\n|-damage|p2a: Iron Valiant|15\/100\n|\n|upkeep\n|turn|21\n|\n|t:|1700623416\n|move|p2a: Iron Valiant|Moonblast|p1a: Lando Calrissian\n|-damage|p1a: Lando Calrissian|0 fnt\n|faint|p1a: Lando Calrissian\n|\n|upkeep\n|\n|t:|1700623422\n|switch|p1a: Prince|Gholdengo|100\/100\n|-damage|p1a: Prince|84\/100|[from] Spikes\n|turn|22\n|\n|t:|1700623429\n|move|p2a: Iron Valiant|Thunderbolt|p1a: Prince\n|-damage|p1a: Prince|40\/100\n|move|p1a: Prince|Shadow Ball|p2a: Iron Valiant\n|-damage|p2a: Iron Valiant|0 fnt\n|faint|p2a: Iron Valiant\n|-end|p2a: Iron Valiant|Quark Drive|[silent]\n|\n|win|Nitro524\n|raw|Nitro524's rating: 1383 &rarr; <strong>1408<\/strong><br \/>(+25 for winning)\n|raw|low ladder leg's rating: 1479 &rarr; <strong>1454<\/strong><br \/>(-25 for losing)\n|c|\u2606Nitro524|wp\n","uploadtime":1700623435,"views":1,"p1id":"nitro524","p2id":"lowladderleg","formatid":"gen9ou","rating":1408,"private":0,"password":""}