{"id":"gen9ou-1996196833","p1":"PhoenixZ6106","p2":"imadumshet","format":"[Gen 9] OU","log":"|j|\u2606PhoenixZ6106\n|j|\u203dimadumshet\n|t:|1700657915\n|gametype|singles\n|player|p1|PhoenixZ6106|maid|1178\n|player|p2|imadumshet|2|1235\n|teamsize|p1|6\n|teamsize|p2|6\n|gen|9\n|tier|[Gen 9] OU\n|rated|\n|rule|Sleep Clause Mod: Limit one foe put to sleep\n|rule|Species Clause: Limit one of each Pok\u00e9mon\n|rule|OHKO Clause: OHKO moves are banned\n|rule|Evasion Items Clause: Evasion items are banned\n|rule|Evasion Moves Clause: Evasion moves are banned\n|rule|Endless Battle Clause: Forcing endless battles is banned\n|rule|HP Percentage Mod: HP is shown in percentages\n|clearpoke\n|poke|p1|Iron Valiant|\n|poke|p1|Ceruledge, M|\n|poke|p1|Glimmora, M|\n|poke|p1|Gholdengo|\n|poke|p1|Iron Hands|\n|poke|p1|Rillaboom, M|\n|poke|p2|Samurott-Hisui, M|\n|poke|p2|Iron Moth|\n|poke|p2|Zapdos|\n|poke|p2|Kingambit, M|\n|poke|p2|Iron Valiant|\n|poke|p2|Great Tusk|\n|teampreview\n|inactive|Battle timer is ON: inactive players will automatically lose when time's up. (requested by imadumshet)\n|\n|t:|1700657920\n|start\n|switch|p1a: Glimmora|Glimmora, M|100\/100\n|switch|p2a: Samurott|Samurott-Hisui, M|100\/100\n|turn|1\n|\n|t:|1700657938\n|move|p1a: Glimmora|Spikes|p2a: Samurott\n|-sidestart|p2: imadumshet|Spikes\n|move|p2a: Samurott|Ceaseless Edge|p1a: Glimmora\n|-damage|p1a: Glimmora|54\/100\n|-activate|p1a: Glimmora|ability: Toxic Debris\n|-sidestart|p2: imadumshet|move: Toxic Spikes\n|-sidestart|p1: PhoenixZ6106|Spikes\n|\n|upkeep\n|turn|2\n|\n|t:|1700657943\n|move|p1a: Glimmora|Spikes|p2a: Samurott\n|-sidestart|p2: imadumshet|Spikes\n|move|p2a: Samurott|Ceaseless Edge|p1a: Glimmora\n|-damage|p1a: Glimmora|10\/100\n|-activate|p1a: Glimmora|ability: Toxic Debris\n|-sidestart|p2: imadumshet|move: Toxic Spikes\n|-sidestart|p1: PhoenixZ6106|Spikes\n|\n|upkeep\n|turn|3\n|\n|t:|1700657950\n|move|p1a: Glimmora|Spikes|p2a: Samurott\n|-sidestart|p2: imadumshet|Spikes\n|move|p2a: Samurott|Flip Turn|p1a: Glimmora\n|-supereffective|p1a: Glimmora\n|-damage|p1a: Glimmora|0 fnt\n|faint|p1a: Glimmora\n|\n|t:|1700657956\n|switch|p2a: Great Tusk|Great Tusk|100\/100|[from] Flip Turn\n|-damage|p2a: Great Tusk|76\/100|[from] Spikes\n|-status|p2a: Great Tusk|tox\n|\n|-heal|p2a: Great Tusk|82\/100 tox|[from] item: Leftovers\n|-damage|p2a: Great Tusk|76\/100 tox|[from] psn\n|upkeep\n|\n|t:|1700657964\n|switch|p1a: Rillaboom|Rillaboom, M, shiny|100\/100\n|-damage|p1a: Rillaboom|84\/100|[from] Spikes\n|-fieldstart|move: Grassy Terrain|[from] ability: Grassy Surge|[of] p1a: Rillaboom\n|turn|4\n|\n|t:|1700657967\n|move|p1a: Rillaboom|Grassy Glide|p2a: Great Tusk\n|-supereffective|p2a: Great Tusk\n|-damage|p2a: Great Tusk|34\/100 tox\n|move|p2a: Great Tusk|Rapid Spin|p1a: Rillaboom\n|-crit|p1a: Rillaboom\n|-damage|p1a: Rillaboom|60\/100\n|-boost|p2a: Great Tusk|spe|1\n|-sideend|p2: imadumshet|Spikes|[from] move: Rapid Spin|[of] p2a: Great Tusk\n|-sideend|p2: imadumshet|Toxic Spikes|[from] move: Rapid Spin|[of] p2a: Great Tusk\n|\n|-heal|p2a: Great Tusk|40\/100 tox|[from] Grassy Terrain\n|-heal|p2a: Great Tusk|47\/100 tox|[from] item: Leftovers\n|-heal|p1a: Rillaboom|66\/100|[from] Grassy Terrain\n|-heal|p1a: Rillaboom|72\/100|[from] item: Leftovers\n|-damage|p2a: Great Tusk|34\/100 tox|[from] psn\n|upkeep\n|turn|5\n|\n|t:|1700657975\n|-end|p2a: Great Tusk|Protosynthesis|[silent]\n|switch|p2a: Zapdos|Zapdos|100\/100\n|move|p1a: Rillaboom|Grassy Glide|p2a: Zapdos\n|-resisted|p2a: Zapdos\n|-damage|p2a: Zapdos|80\/100\n|-status|p1a: Rillaboom|par|[from] ability: Static|[of] p2a: Zapdos\n|\n|-heal|p1a: Rillaboom|78\/100 par|[from] Grassy Terrain\n|-heal|p1a: Rillaboom|84\/100 par|[from] item: Leftovers\n|upkeep\n|turn|6\n|\n|t:|1700658001\n|switch|p1a: Gholdengo|Gholdengo|100\/100\n|-damage|p1a: Gholdengo|84\/100|[from] Spikes\n|move|p2a: Zapdos|Hurricane|p1a: Gholdengo\n|-resisted|p1a: Gholdengo\n|-damage|p1a: Gholdengo|59\/100\n|\n|-heal|p1a: Gholdengo|65\/100|[from] Grassy Terrain\n|upkeep\n|turn|7\n|\n|t:|1700658013\n|switch|p2a: Samurott|Samurott-Hisui, M|100\/100\n|move|p1a: Gholdengo|Make It Rain|p2a: Samurott\n|-resisted|p2a: Samurott\n|-damage|p2a: Samurott|66\/100\n|-unboost|p1a: Gholdengo|spa|1\n|\n|-heal|p1a: Gholdengo|71\/100|[from] Grassy Terrain\n|-heal|p2a: Samurott|72\/100|[from] Grassy Terrain\n|upkeep\n|turn|8\n|\n|t:|1700658022\n|switch|p1a: Iron Hands|Iron Hands, shiny|100\/100\n|-damage|p1a: Iron Hands|84\/100|[from] Spikes\n|move|p2a: Samurott|Ceaseless Edge|p1a: Iron Hands\n|-resisted|p1a: Iron Hands\n|-damage|p1a: Iron Hands|68\/100\n|-sidestart|p1: PhoenixZ6106|Spikes\n|\n|-heal|p2a: Samurott|79\/100|[from] Grassy Terrain\n|-heal|p1a: Iron Hands|74\/100|[from] Grassy Terrain\n|-fieldend|move: Grassy Terrain\n|upkeep\n|turn|9\n|\n|t:|1700658033\n|move|p2a: Samurott|Flip Turn|p1a: Iron Hands\n|-crit|p1a: Iron Hands\n|-damage|p1a: Iron Hands|44\/100\n|\n|t:|1700658036\n|switch|p2a: Great Tusk|Great Tusk|34\/100 tox|[from] Flip Turn\n|move|p1a: Iron Hands|Drain Punch|p2a: Great Tusk\n|-damage|p2a: Great Tusk|15\/100 tox\n|-heal|p1a: Iron Hands|53\/100|[from] drain|[of] p2a: Great Tusk\n|\n|-heal|p2a: Great Tusk|21\/100 tox|[from] item: Leftovers\n|-damage|p2a: Great Tusk|15\/100 tox|[from] psn\n|upkeep\n|turn|10\n|\n|t:|1700658045\n|move|p2a: Great Tusk|Earthquake|p1a: Iron Hands\n|-supereffective|p1a: Iron Hands\n|-crit|p1a: Iron Hands\n|-damage|p1a: Iron Hands|0 fnt\n|faint|p1a: Iron Hands\n|-end|p1a: Iron Hands|Quark Drive|[silent]\n|\n|-heal|p2a: Great Tusk|21\/100 tox|[from] item: Leftovers\n|-damage|p2a: Great Tusk|9\/100 tox|[from] psn\n|upkeep\n|\n|t:|1700658048\n|switch|p1a: Rillaboom|Rillaboom, M, shiny|84\/100 par\n|-damage|p1a: Rillaboom|59\/100 par|[from] Spikes\n|-fieldstart|move: Grassy Terrain|[from] ability: Grassy Surge|[of] p1a: Rillaboom\n|turn|11\n|\n|t:|1700658052\n|move|p1a: Rillaboom|Grassy Glide|p2a: Great Tusk\n|-supereffective|p2a: Great Tusk\n|-damage|p2a: Great Tusk|0 fnt\n|faint|p2a: Great Tusk\n|-end|p2a: Great Tusk|Protosynthesis|[silent]\n|\n|-heal|p1a: Rillaboom|66\/100 par|[from] Grassy Terrain\n|-heal|p1a: Rillaboom|72\/100 par|[from] item: Leftovers\n|upkeep\n|\n|t:|1700658056\n|switch|p2a: Iron Moth|Iron Moth|100\/100\n|-enditem|p2a: Iron Moth|Booster Energy\n|-activate|p2a: Iron Moth|ability: Quark Drive|[fromitem]\n|-start|p2a: Iron Moth|quarkdrivespe\n|turn|12\n|\n|t:|1700658064\n|move|p2a: Iron Moth|Sludge Wave|p1a: Rillaboom\n|-supereffective|p1a: Rillaboom\n|-damage|p1a: Rillaboom|0 fnt\n|faint|p1a: Rillaboom\n|\n|upkeep\n|\n|t:|1700658070\n|switch|p1a: Iron Valiant|Iron Valiant|100\/100\n|-damage|p1a: Iron Valiant|76\/100|[from] Spikes\n|-enditem|p1a: Iron Valiant|Booster Energy\n|-activate|p1a: Iron Valiant|ability: Quark Drive|[fromitem]\n|-start|p1a: Iron Valiant|quarkdrivespe\n|turn|13\n|\n|t:|1700658075\n|move|p1a: Iron Valiant|Moonblast|p2a: Iron Moth\n|-resisted|p2a: Iron Moth\n|-damage|p2a: Iron Moth|90\/100\n|move|p2a: Iron Moth|Sludge Wave|p1a: Iron Valiant\n|-supereffective|p1a: Iron Valiant\n|-damage|p1a: Iron Valiant|0 fnt\n|faint|p1a: Iron Valiant\n|-end|p1a: Iron Valiant|Quark Drive|[silent]\n|\n|-heal|p2a: Iron Moth|96\/100|[from] Grassy Terrain\n|upkeep\n|\n|t:|1700658078\n|switch|p1a: Gholdengo|Gholdengo|71\/100\n|-damage|p1a: Gholdengo|46\/100|[from] Spikes\n|turn|14\n|\n|t:|1700658087\n|move|p2a: Iron Moth|Fiery Dance|p1a: Gholdengo\n|-supereffective|p1a: Gholdengo\n|-damage|p1a: Gholdengo|0 fnt\n|faint|p1a: Gholdengo\n|\n|-heal|p2a: Iron Moth|100\/100|[from] Grassy Terrain\n|upkeep\n|\n|t:|1700658090\n|switch|p1a: Ceruledge|Ceruledge, M|100\/100\n|-damage|p1a: Ceruledge|76\/100|[from] Spikes\n|turn|15\n|\n|t:|1700658096\n|-terastallize|p2a: Iron Moth|Fairy\n|move|p2a: Iron Moth|Dazzling Gleam|p1a: Ceruledge\n|-resisted|p1a: Ceruledge\n|-damage|p1a: Ceruledge|51\/100\n|move|p1a: Ceruledge|Swords Dance|p1a: Ceruledge\n|-boost|p1a: Ceruledge|atk|2\n|\n|-heal|p1a: Ceruledge|57\/100|[from] Grassy Terrain\n|-fieldend|move: Grassy Terrain\n|upkeep\n|turn|16\n|\n|t:|1700658105\n|-terastallize|p1a: Ceruledge|Ghost\n|move|p2a: Iron Moth|Sludge Wave|p1a: Ceruledge\n|-resisted|p1a: Ceruledge\n|-damage|p1a: Ceruledge|29\/100\n|move|p1a: Ceruledge|Bitter Blade|p2a: Iron Moth\n|-damage|p2a: Iron Moth|0 fnt\n|-heal|p1a: Ceruledge|86\/100|[from] drain|[of] p2a: Iron Moth\n|faint|p2a: Iron Moth\n|-end|p2a: Iron Moth|Quark Drive|[silent]\n|\n|upkeep\n|\n|t:|1700658115\n|switch|p2a: Kingambit|Kingambit, M|100\/100\n|-activate|p2a: Kingambit|ability: Supreme Overlord\n|-start|p2a: Kingambit|fallen2|[silent]\n|turn|17\n|\n|t:|1700658118\n|move|p2a: Kingambit|Sucker Punch||[still]\n|-fail|p2a: Kingambit\n|move|p1a: Ceruledge|Swords Dance|p1a: Ceruledge\n|-boost|p1a: Ceruledge|atk|2\n|\n|upkeep\n|turn|18\n|\n|t:|1700658122\n|move|p2a: Kingambit|Sucker Punch||[still]\n|-fail|p2a: Kingambit\n|move|p1a: Ceruledge|Swords Dance|p1a: Ceruledge\n|-boost|p1a: Ceruledge|atk|2\n|\n|upkeep\n|turn|19\n|\n|t:|1700658125\n|move|p2a: Kingambit|Sucker Punch||[still]\n|-fail|p2a: Kingambit\n|move|p1a: Ceruledge|Substitute|p1a: Ceruledge\n|-start|p1a: Ceruledge|Substitute\n|-damage|p1a: Ceruledge|62\/100\n|\n|upkeep\n|turn|20\n|\n|t:|1700658130\n|move|p1a: Ceruledge|Bitter Blade|p2a: Kingambit\n|-supereffective|p2a: Kingambit\n|-damage|p2a: Kingambit|0 fnt\n|-heal|p1a: Ceruledge|100\/100|[from] drain|[of] p2a: Kingambit\n|faint|p2a: Kingambit\n|-end|p2a: Kingambit|fallen2|[silent]\n|\n|upkeep\n|\n|t:|1700658138\n|switch|p2a: Samurott|Samurott-Hisui, M|79\/100\n|turn|21\n|\n|t:|1700658143\n|move|p2a: Samurott|Ceaseless Edge|p1a: Ceruledge\n|-supereffective|p1a: Ceruledge\n|-end|p1a: Ceruledge|Substitute\n|move|p1a: Ceruledge|Bitter Blade|p2a: Samurott\n|-resisted|p2a: Samurott\n|-damage|p2a: Samurott|0 fnt\n|faint|p2a: Samurott\n|\n|upkeep\n|\n|t:|1700658146\n|switch|p2a: Iron Valiant|Iron Valiant|100\/100\n|-enditem|p2a: Iron Valiant|Booster Energy\n|-activate|p2a: Iron Valiant|ability: Quark Drive|[fromitem]\n|-start|p2a: Iron Valiant|quarkdrivespe\n|turn|22\n|\n|t:|1700658152\n|move|p1a: Ceruledge|Shadow Sneak|p2a: Iron Valiant\n|-damage|p2a: Iron Valiant|0 fnt\n|faint|p2a: Iron Valiant\n|-end|p2a: Iron Valiant|Quark Drive|[silent]\n|\n|upkeep\n|\n|t:|1700658155\n|switch|p2a: Zapdos|Zapdos|80\/100\n|turn|23\n|\n|t:|1700658161\n|move|p1a: Ceruledge|Shadow Sneak|p2a: Zapdos\n|-damage|p2a: Zapdos|0 fnt\n|faint|p2a: Zapdos\n|\n|win|PhoenixZ6106\n|raw|PhoenixZ6106's rating: 1178 &rarr; <strong>1207<\/strong><br \/>(+29 for winning)\n|raw|imadumshet's rating: 1235 &rarr; <strong>1206<\/strong><br \/>(-29 for losing)\n|c|\u2606PhoenixZ6106|No Way\n|c|\u2606PhoenixZ6106|Lmaoo\n|l|\u203dimadumshet\n","uploadtime":1700658292,"views":1,"p1id":"phoenixz6106","p2id":"imadumshet","formatid":"gen9ou","rating":1206,"private":0,"password":""}