{"id":"gen9ou-1992421753","p1":"wyverbal","p2":"GreenBnuuy","format":"[Gen 9] OU","log":"|j|\u2606wyverbal\n|j|\u2606GreenBnuuy\n|t:|1700185644\n|gametype|singles\n|player|p1|wyverbal|2|1074\n|player|p2|GreenBnuuy|cheryl|1137\n|teamsize|p1|6\n|teamsize|p2|6\n|gen|9\n|tier|[Gen 9] OU\n|rated|\n|rule|Sleep Clause Mod: Limit one foe put to sleep\n|rule|Species Clause: Limit one of each Pok\u00e9mon\n|rule|OHKO Clause: OHKO moves are banned\n|rule|Evasion Items Clause: Evasion items are banned\n|rule|Evasion Moves Clause: Evasion moves are banned\n|rule|Endless Battle Clause: Forcing endless battles is banned\n|rule|HP Percentage Mod: HP is shown in percentages\n|clearpoke\n|poke|p1|Dipplin, F|\n|poke|p1|Enamorus-Therian, F|\n|poke|p1|Glimmora, F|\n|poke|p1|Alomomola, M|\n|poke|p1|Hoopa-Unbound|\n|poke|p1|Kommo-o, M|\n|poke|p2|Sneasler, M|\n|poke|p2|Rillaboom, M|\n|poke|p2|Samurott-Hisui, M|\n|poke|p2|Zapdos|\n|poke|p2|Landorus-Therian, M|\n|poke|p2|Iron Valiant|\n|teampreview\n|inactive|Battle timer is ON: inactive players will automatically lose when time's up. (requested by wyverbal)\n|\n|t:|1700185652\n|start\n|switch|p1a: Enamorus|Enamorus-Therian, F, shiny|100\/100\n|switch|p2a: Landorus|Landorus-Therian, M|100\/100\n|-ability|p2a: Landorus|Intimidate|boost\n|-unboost|p1a: Enamorus|atk|1\n|turn|1\n|\n|t:|1700185655\n|move|p2a: Landorus|Stealth Rock|p1a: Enamorus\n|-sidestart|p1: wyverbal|move: Stealth Rock\n|move|p1a: Enamorus|Agility|p1a: Enamorus\n|-boost|p1a: Enamorus|spe|2\n|\n|upkeep\n|turn|2\n|\n|t:|1700185659\n|move|p1a: Enamorus|Agility|p1a: Enamorus\n|-boost|p1a: Enamorus|spe|2\n|move|p2a: Landorus|U-turn|p1a: Enamorus\n|-resisted|p1a: Enamorus\n|-damage|p1a: Enamorus|95\/100\n|\n|t:|1700185664\n|switch|p2a: Zapdos|Zapdos|100\/100|[from] U-turn\n|\n|upkeep\n|turn|3\n|\n|t:|1700185679\n|move|p1a: Enamorus|Moonblast|p2a: Zapdos\n|-damage|p2a: Zapdos|43\/100\n|-unboost|p2a: Zapdos|spa|1\n|move|p2a: Zapdos|Volt Switch|p1a: Enamorus\n|-supereffective|p1a: Enamorus\n|-damage|p1a: Enamorus|37\/100\n|-enditem|p1a: Enamorus|Weakness Policy\n|-boost|p1a: Enamorus|atk|2|[from] item: Weakness Policy\n|-boost|p1a: Enamorus|spa|2|[from] item: Weakness Policy\n|inactive|GreenBnuuy has 120 seconds left.\n|\n|t:|1700185704\n|switch|p2a: Landorus|Landorus-Therian, M|100\/100|[from] Volt Switch\n|-ability|p2a: Landorus|Intimidate|boost\n|-unboost|p1a: Enamorus|atk|1\n|\n|upkeep\n|turn|4\n|\n|t:|1700185710\n|move|p1a: Enamorus|Moonblast|p2a: Landorus\n|-damage|p2a: Landorus|0 fnt\n|faint|p2a: Landorus\n|\n|upkeep\n|\n|t:|1700185712\n|switch|p2a: Iron Valiant|Iron Valiant|100\/100\n|-enditem|p2a: Iron Valiant|Booster Energy\n|-activate|p2a: Iron Valiant|ability: Quark Drive|[fromitem]\n|-start|p2a: Iron Valiant|quarkdrivespe\n|turn|5\n|\n|t:|1700185719\n|move|p1a: Enamorus|Moonblast|p2a: Iron Valiant\n|-supereffective|p2a: Iron Valiant\n|-damage|p2a: Iron Valiant|0 fnt\n|faint|p2a: Iron Valiant\n|-end|p2a: Iron Valiant|Quark Drive|[silent]\n|\n|upkeep\n|\n|t:|1700185722\n|switch|p2a: Rillaboom|Rillaboom, M, shiny|100\/100\n|-fieldstart|move: Grassy Terrain|[from] ability: Grassy Surge|[of] p2a: Rillaboom\n|turn|6\n|\n|t:|1700185734\n|move|p2a: Rillaboom|Grassy Glide|p1a: Enamorus\n|-resisted|p1a: Enamorus\n|-damage|p1a: Enamorus|11\/100\n|-damage|p2a: Rillaboom|91\/100|[from] item: Life Orb\n|move|p1a: Enamorus|Mystical Fire|p2a: Rillaboom\n|-supereffective|p2a: Rillaboom\n|-damage|p2a: Rillaboom|0 fnt\n|faint|p2a: Rillaboom\n|\n|upkeep\n|\n|t:|1700185741\n|switch|p2a: Sneasler|Sneasler, M|100\/100\n|-enditem|p2a: Sneasler|Grassy Seed\n|-boost|p2a: Sneasler|def|1|[from] item: Grassy Seed\n|turn|7\n|\n|t:|1700185747\n|move|p2a: Sneasler|Acrobatics|p1a: Enamorus\n|-damage|p1a: Enamorus|0 fnt\n|faint|p1a: Enamorus\n|\n|upkeep\n|\n|t:|1700185765\n|switch|p1a: Alomomola|Alomomola, M|100\/100\n|-damage|p1a: Alomomola|88\/100|[from] Stealth Rock\n|turn|8\n|\n|t:|1700185772\n|move|p2a: Sneasler|Dire Claw|p1a: Alomomola\n|-damage|p1a: Alomomola|63\/100\n|move|p1a: Alomomola|Scald|p2a: Sneasler\n|-damage|p2a: Sneasler|82\/100\n|\n|-heal|p2a: Sneasler|88\/100|[from] Grassy Terrain\n|-heal|p1a: Alomomola|69\/100|[from] Grassy Terrain\n|upkeep\n|turn|9\n|\n|t:|1700185782\n|move|p2a: Sneasler|Dire Claw|p1a: Alomomola\n|-damage|p1a: Alomomola|44\/100\n|move|p1a: Alomomola|Scald|p2a: Sneasler\n|-damage|p2a: Sneasler|70\/100\n|-status|p2a: Sneasler|brn\n|\n|-heal|p2a: Sneasler|76\/100 brn|[from] Grassy Terrain\n|-heal|p1a: Alomomola|50\/100|[from] Grassy Terrain\n|-damage|p2a: Sneasler|70\/100 brn|[from] brn\n|upkeep\n|turn|10\n|\n|t:|1700185793\n|move|p2a: Sneasler|Acrobatics|p1a: Alomomola\n|-damage|p1a: Alomomola|38\/100\n|move|p1a: Alomomola|Flip Turn|p2a: Sneasler\n|-damage|p2a: Sneasler|52\/100 brn\n|\n|t:|1700185804\n|switch|p1a: Glimmora|Glimmora, F, shiny|100\/100|[from] Flip Turn\n|-damage|p1a: Glimmora|88\/100|[from] Stealth Rock\n|-item|p1a: Glimmora|Air Balloon\n|\n|-heal|p2a: Sneasler|58\/100 brn|[from] Grassy Terrain\n|-damage|p2a: Sneasler|52\/100 brn|[from] brn\n|-fieldend|move: Grassy Terrain\n|upkeep\n|turn|11\n|\n|t:|1700185813\n|move|p1a: Glimmora|Spiky Shield|p1a: Glimmora\n|-singleturn|p1a: Glimmora|move: Protect\n|move|p2a: Sneasler|Close Combat|p1a: Glimmora\n|-activate|p1a: Glimmora|move: Protect\n|-damage|p2a: Sneasler|40\/100 brn|[from] Spiky Shield|[of] p1a: Glimmora\n|\n|-damage|p2a: Sneasler|34\/100 brn|[from] brn\n|upkeep\n|turn|12\n|\n|t:|1700185821\n|switch|p2a: Samurott|Samurott-Hisui, M|100\/100\n|switch|p1a: Alomomola|Alomomola, M|71\/100\n|-damage|p1a: Alomomola|59\/100|[from] Stealth Rock\n|\n|upkeep\n|turn|13\n|\n|t:|1700185829\n|move|p2a: Samurott|Ceaseless Edge|p1a: Alomomola\n|-damage|p1a: Alomomola|22\/100\n|-sidestart|p1: wyverbal|Spikes\n|move|p1a: Alomomola|Scald|p2a: Samurott\n|-resisted|p2a: Samurott\n|-damage|p2a: Samurott|90\/100\n|\n|upkeep\n|turn|14\n|\n|t:|1700185839\n|switch|p1a: Kommo-o|Kommo-o, M, shiny|100\/100\n|-damage|p1a: Kommo-o|94\/100|[from] Stealth Rock\n|-damage|p1a: Kommo-o|82\/100|[from] Spikes\n|move|p2a: Samurott|Ceaseless Edge|p1a: Kommo-o\n|-resisted|p1a: Kommo-o\n|-damage|p1a: Kommo-o|49\/100\n|-sidestart|p1: wyverbal|Spikes\n|\n|upkeep\n|turn|15\n|\n|t:|1700185853\n|switch|p2a: Zapdos|Zapdos|43\/100\n|move|p1a: Kommo-o|Clanging Scales|p2a: Zapdos\n|-damage|p2a: Zapdos|0 fnt\n|faint|p2a: Zapdos\n|-unboost|p1a: Kommo-o|def|1\n|\n|upkeep\n|\n|t:|1700185855\n|switch|p2a: Sneasler|Sneasler, M|34\/100 brn\n|turn|16\n|\n|t:|1700185865\n|move|p2a: Sneasler|Acrobatics|p1a: Kommo-o\n|-supereffective|p1a: Kommo-o\n|-damage|p1a: Kommo-o|0 fnt\n|faint|p1a: Kommo-o\n|\n|-damage|p2a: Sneasler|28\/100 brn|[from] brn\n|upkeep\n|\n|t:|1700185876\n|switch|p1a: Glimmora|Glimmora, F, shiny|88\/100\n|-damage|p1a: Glimmora|76\/100|[from] Stealth Rock\n|-item|p1a: Glimmora|Air Balloon\n|turn|17\n|\n|t:|1700185883\n|switch|p2a: Samurott|Samurott-Hisui, M|90\/100\n|move|p1a: Glimmora|Spiky Shield||[still]\n|-fail|p1a: Glimmora\n|\n|upkeep\n|turn|18\n|\n|t:|1700185897\n|move|p1a: Glimmora|Toxic|p2a: Samurott\n|-status|p2a: Samurott|tox\n|move|p2a: Samurott|Ceaseless Edge|p1a: Glimmora\n|-damage|p1a: Glimmora|3\/100\n|-enditem|p1a: Glimmora|Air Balloon\n|-sidestart|p1: wyverbal|Spikes\n|\n|-damage|p2a: Samurott|84\/100 tox|[from] psn\n|upkeep\n|turn|19\n|\n|t:|1700185906\n|move|p1a: Glimmora|Spiky Shield|p1a: Glimmora\n|-singleturn|p1a: Glimmora|move: Protect\n|move|p2a: Samurott|Ceaseless Edge|p1a: Glimmora\n|-activate|p1a: Glimmora|move: Protect\n|-damage|p2a: Samurott|72\/100 tox|[from] Spiky Shield|[of] p1a: Glimmora\n|\n|-damage|p2a: Samurott|59\/100 tox|[from] psn\n|upkeep\n|turn|20\n|\n|t:|1700185914\n|move|p1a: Glimmora|Spiky Shield||[still]\n|-fail|p1a: Glimmora\n|move|p2a: Samurott|Ceaseless Edge|p1a: Glimmora\n|-damage|p1a: Glimmora|0 fnt\n|faint|p1a: Glimmora\n|\n|-damage|p2a: Samurott|40\/100 tox|[from] psn\n|upkeep\n|\n|t:|1700185929\n|switch|p1a: Alomomola|Alomomola, M|55\/100\n|-damage|p1a: Alomomola|43\/100|[from] Stealth Rock\n|-damage|p1a: Alomomola|18\/100|[from] Spikes\n|turn|21\n|\n|t:|1700185938\n|switch|p2a: Sneasler|Sneasler, M|28\/100 brn\n|move|p1a: Alomomola|Protect||[still]\n|-fail|p1a: Alomomola\n|\n|-damage|p2a: Sneasler|22\/100 brn|[from] brn\n|upkeep\n|turn|22\n|\n|t:|1700185943\n|move|p2a: Sneasler|Acrobatics|p1a: Alomomola\n|-damage|p1a: Alomomola|7\/100\n|move|p1a: Alomomola|Wish|p1a: Alomomola\n|\n|-damage|p2a: Sneasler|16\/100 brn|[from] brn\n|upkeep\n|turn|23\n|\n|t:|1700185952\n|move|p1a: Alomomola|Protect|p1a: Alomomola\n|-singleturn|p1a: Alomomola|Protect\n|move|p2a: Sneasler|Close Combat|p1a: Alomomola\n|-activate|p1a: Alomomola|move: Protect\n|\n|-heal|p1a: Alomomola|57\/100|[from] move: Wish|[wisher] Alomomola\n|-damage|p2a: Sneasler|10\/100 brn|[from] brn\n|upkeep\n|turn|24\n|\n|t:|1700185961\n|move|p2a: Sneasler|Dire Claw|p1a: Alomomola\n|-damage|p1a: Alomomola|44\/100\n|move|p1a: Alomomola|Wish|p1a: Alomomola\n|\n|-damage|p2a: Sneasler|4\/100 brn|[from] brn\n|upkeep\n|turn|25\n|\n|t:|1700185967\n|move|p1a: Alomomola|Protect|p1a: Alomomola\n|-singleturn|p1a: Alomomola|Protect\n|move|p2a: Sneasler|Dire Claw|p1a: Alomomola\n|-activate|p1a: Alomomola|move: Protect\n|\n|-heal|p1a: Alomomola|94\/100|[from] move: Wish|[wisher] Alomomola\n|-damage|p2a: Sneasler|0 fnt|[from] brn\n|faint|p2a: Sneasler\n|upkeep\n|\n|t:|1700185969\n|switch|p2a: Samurott|Samurott-Hisui, M|40\/100 tox\n|turn|26\n|\n|t:|1700185978\n|move|p2a: Samurott|Ceaseless Edge|p1a: Alomomola\n|-damage|p1a: Alomomola|59\/100\n|move|p1a: Alomomola|Wish|p1a: Alomomola\n|\n|-damage|p2a: Samurott|34\/100 tox|[from] psn\n|upkeep\n|turn|27\n|-message|GreenBnuuy forfeited.\n|\n|win|wyverbal\n|raw|wyverbal's rating: 1074 &rarr; <strong>1108<\/strong><br \/>(+34 for winning)\n|raw|GreenBnuuy's rating: 1137 &rarr; <strong>1108<\/strong><br \/>(-29 for losing)\n|l|\u2606GreenBnuuy\n","uploadtime":1700185984,"views":7,"p1id":"wyverbal","p2id":"greenbnuuy","formatid":"gen9ou","rating":1108,"private":0,"password":""}