{"id":"gen9ou-1995679668","p1":"Wappy.kBs","p2":"Ampharos king Kong","format":"[Gen 9] OU","log":"|j|\u2606Wappy.kBs\n|j|\u2606Ampharos king Kong\n|t:|1700593327\n|gametype|singles\n|player|p1|Wappy.kBs|chuck|1163\n|player|p2|Ampharos king Kong|unknown|1194\n|teamsize|p1|6\n|teamsize|p2|6\n|gen|9\n|tier|[Gen 9] OU\n|rated|\n|rule|Sleep Clause Mod: Limit one foe put to sleep\n|rule|Species Clause: Limit one of each Pok\u00e9mon\n|rule|OHKO Clause: OHKO moves are banned\n|rule|Evasion Items Clause: Evasion items are banned\n|rule|Evasion Moves Clause: Evasion moves are banned\n|rule|Endless Battle Clause: Forcing endless battles is banned\n|rule|HP Percentage Mod: HP is shown in percentages\n|clearpoke\n|poke|p1|Pelipper, F|\n|poke|p1|Landorus-Therian, M|\n|poke|p1|Manaphy|\n|poke|p1|Zamazenta-*|\n|poke|p1|Ogerpon-Wellspring, F|\n|poke|p1|Corviknight, M|\n|poke|p2|Infernape, M|\n|poke|p2|Alomomola, M|\n|poke|p2|Mandibuzz, F|\n|poke|p2|Toxapex, M|\n|poke|p2|Ting-Lu|\n|poke|p2|Gholdengo|\n|teampreview\n|\n|t:|1700593340\n|start\n|switch|p1a: Pelipper|Pelipper, F|100\/100\n|switch|p2a: Mandibuzz|Mandibuzz, F|100\/100\n|-weather|RainDance|[from] ability: Drizzle|[of] p1a: Pelipper\n|turn|1\n|inactive|Battle timer is ON: inactive players will automatically lose when time's up. (requested by Wappy.kBs)\n|\n|t:|1700593356\n|move|p2a: Mandibuzz|Knock Off|p1a: Pelipper\n|-crit|p1a: Pelipper\n|-damage|p1a: Pelipper|62\/100\n|-enditem|p1a: Pelipper|Damp Rock|[from] move: Knock Off|[of] p2a: Mandibuzz\n|move|p1a: Pelipper|Knock Off|p2a: Mandibuzz\n|-resisted|p2a: Mandibuzz\n|-damage|p2a: Mandibuzz|96\/100\n|-enditem|p2a: Mandibuzz|Heavy-Duty Boots|[from] move: Knock Off|[of] p1a: Pelipper\n|\n|-weather|RainDance|[upkeep]\n|upkeep\n|turn|2\n|\n|t:|1700593366\n|move|p2a: Mandibuzz|U-turn|p1a: Pelipper\n|-resisted|p1a: Pelipper\n|-damage|p1a: Pelipper|56\/100\n|\n|t:|1700593376\n|switch|p2a: Toxapex|Toxapex, M|100\/100|[from] U-turn\n|move|p1a: Pelipper|Hurricane|p2a: Toxapex\n|-damage|p2a: Toxapex|71\/100\n|\n|-weather|RainDance|[upkeep]\n|-heal|p2a: Toxapex|77\/100|[from] item: Black Sludge\n|upkeep\n|turn|3\n|\n|t:|1700593385\n|move|p1a: Pelipper|U-turn|p2a: Toxapex\n|-resisted|p2a: Toxapex\n|-damage|p2a: Toxapex|74\/100\n|\n|t:|1700593389\n|switch|p1a: Landorus|Landorus-Therian, M|100\/100|[from] U-turn\n|-ability|p1a: Landorus|Intimidate|boost\n|-unboost|p2a: Toxapex|atk|1\n|move|p2a: Toxapex|Toxic|p1a: Landorus\n|-status|p1a: Landorus|tox\n|\n|-weather|RainDance|[upkeep]\n|-heal|p2a: Toxapex|80\/100|[from] item: Black Sludge\n|-damage|p1a: Landorus|95\/100 tox|[from] psn\n|upkeep\n|turn|4\n|\n|t:|1700593397\n|move|p2a: Toxapex|Protect|p2a: Toxapex\n|-singleturn|p2a: Toxapex|Protect\n|move|p1a: Landorus|Sandsear Storm|p2a: Toxapex\n|-activate|p2a: Toxapex|move: Protect\n|\n|-weather|RainDance|[upkeep]\n|-heal|p1a: Landorus|100\/100 tox|[from] item: Leftovers\n|-heal|p2a: Toxapex|86\/100|[from] item: Black Sludge\n|-damage|p1a: Landorus|89\/100 tox|[from] psn\n|upkeep\n|turn|5\n|\n|t:|1700593406\n|move|p1a: Landorus|Stealth Rock|p2a: Toxapex\n|-sidestart|p2: Ampharos king Kong|move: Stealth Rock\n|move|p2a: Toxapex|Surf|p1a: Landorus\n|-supereffective|p1a: Landorus\n|-damage|p1a: Landorus|2\/100 tox\n|\n|-weather|RainDance|[upkeep]\n|-heal|p1a: Landorus|8\/100 tox|[from] item: Leftovers\n|-heal|p2a: Toxapex|92\/100|[from] item: Black Sludge\n|-damage|p1a: Landorus|0 fnt|[from] psn\n|faint|p1a: Landorus\n|upkeep\n|\n|t:|1700593413\n|switch|p1a: Manaphy|Manaphy|100\/100\n|turn|6\n|\n|t:|1700593417\n|move|p1a: Manaphy|Tail Glow|p1a: Manaphy\n|-boost|p1a: Manaphy|spa|3\n|move|p2a: Toxapex|Toxic|p1a: Manaphy\n|-status|p1a: Manaphy|tox\n|\n|-weather|RainDance|[upkeep]\n|-activate|p1a: Manaphy|ability: Hydration\n|-curestatus|p1a: Manaphy|tox|[msg]\n|-heal|p2a: Toxapex|98\/100|[from] item: Black Sludge\n|upkeep\n|turn|7\n|\n|t:|1700593421\n|move|p1a: Manaphy|Energy Ball|p2a: Toxapex\n|-damage|p2a: Toxapex|42\/100\n|move|p2a: Toxapex|Toxic|p1a: Manaphy\n|-status|p1a: Manaphy|tox\n|\n|-weather|RainDance|[upkeep]\n|-activate|p1a: Manaphy|ability: Hydration\n|-curestatus|p1a: Manaphy|tox|[msg]\n|-heal|p2a: Toxapex|48\/100|[from] item: Black Sludge\n|upkeep\n|turn|8\n|\n|t:|1700593442\n|switch|p2a: Ting-Lu|Ting-Lu|100\/100\n|-damage|p2a: Ting-Lu|94\/100|[from] Stealth Rock\n|-ability|p2a: Ting-Lu|Vessel of Ruin\n|move|p1a: Manaphy|Energy Ball|p2a: Ting-Lu\n|-supereffective|p2a: Ting-Lu\n|-damage|p2a: Ting-Lu|25\/100\n|\n|-weather|none\n|upkeep\n|turn|9\n|\n|t:|1700593454\n|move|p1a: Manaphy|Energy Ball|p2a: Ting-Lu\n|-supereffective|p2a: Ting-Lu\n|-damage|p2a: Ting-Lu|0 fnt\n|faint|p2a: Ting-Lu\n|\n|upkeep\n|\n|t:|1700593461\n|switch|p2a: Infernape|Infernape, M|100\/100\n|-damage|p2a: Infernape|88\/100|[from] Stealth Rock\n|turn|10\n|\n|t:|1700593466\n|move|p2a: Infernape|Grass Knot|p1a: Manaphy\n|-supereffective|p1a: Manaphy\n|-damage|p1a: Manaphy|89\/100\n|move|p1a: Manaphy|Surf|p2a: Infernape\n|-supereffective|p2a: Infernape\n|-damage|p2a: Infernape|0 fnt\n|faint|p2a: Infernape\n|\n|-heal|p1a: Manaphy|95\/100|[from] item: Leftovers\n|upkeep\n|\n|t:|1700593476\n|switch|p2a: Mandibuzz|Mandibuzz, F|96\/100\n|-damage|p2a: Mandibuzz|71\/100|[from] Stealth Rock\n|turn|11\n|\n|t:|1700593481\n|move|p1a: Manaphy|Surf|p2a: Mandibuzz\n|-damage|p2a: Mandibuzz|0 fnt\n|faint|p2a: Mandibuzz\n|\n|-heal|p1a: Manaphy|100\/100|[from] item: Leftovers\n|upkeep\n|-message|Ampharos king Kong forfeited.\n|\n|win|Wappy.kBs\n|raw|Wappy.kBs's rating: 1163 &rarr; <strong>1190<\/strong><br \/>(+27 for winning)\n|raw|Ampharos king Kong's rating: 1194 &rarr; <strong>1167<\/strong><br \/>(-27 for losing)\n|l|\u2606Ampharos king Kong\n","uploadtime":1700593491,"views":2,"p1id":"wappykbs","p2id":"ampharoskingkong","formatid":"gen9ou","rating":1167,"private":0,"password":""}