{"id":"gen9ou-1996706167","p1":"nassd","p2":"punkmag","format":"[Gen 9] OU","log":"|j|\u2606nassd\n|j|\u2606punkmag\n|t:|1700712270\n|gametype|singles\n|player|p1|nassd|buck|1319\n|player|p2|punkmag|waitress-gen4|1216\n|teamsize|p1|6\n|teamsize|p2|6\n|gen|9\n|tier|[Gen 9] OU\n|rated|\n|rule|Sleep Clause Mod: Limit one foe put to sleep\n|rule|Species Clause: Limit one of each Pok\u00e9mon\n|rule|OHKO Clause: OHKO moves are banned\n|rule|Evasion Items Clause: Evasion items are banned\n|rule|Evasion Moves Clause: Evasion moves are banned\n|rule|Endless Battle Clause: Forcing endless battles is banned\n|rule|HP Percentage Mod: HP is shown in percentages\n|clearpoke\n|poke|p1|Torkoal, F|\n|poke|p1|Lilligant-Hisui, F|\n|poke|p1|Walking Wake|\n|poke|p1|Zapdos|\n|poke|p1|Glimmora, F|\n|poke|p1|Iron Moth|\n|poke|p2|Iron Valiant|\n|poke|p2|Ninetales-Alola, F|\n|poke|p2|Forretress, F|\n|poke|p2|Dragonite, F|\n|poke|p2|Arcanine-Hisui, F|\n|poke|p2|Zapdos|\n|teampreview\n|inactive|Battle timer is ON: inactive players will automatically lose when time's up. (requested by punkmag)\n|\n|t:|1700712281\n|start\n|switch|p1a: Glimmora|Glimmora, F|100\/100\n|switch|p2a: Arcanine|Arcanine-Hisui, F|100\/100\n|turn|1\n|\n|t:|1700712289\n|switch|p2a: Forretress|Forretress, F|100\/100\n|move|p1a: Glimmora|Stealth Rock|p2a: Forretress\n|-sidestart|p2: punkmag|move: Stealth Rock\n|\n|upkeep\n|turn|2\n|\n|t:|1700712298\n|switch|p1a: Torkoal|Torkoal, F|100\/100\n|-weather|SunnyDay|[from] ability: Drought|[of] p1a: Torkoal\n|move|p2a: Forretress|Rapid Spin|p1a: Torkoal\n|-damage|p1a: Torkoal|92\/100\n|-boost|p2a: Forretress|spe|1\n|-sideend|p2: punkmag|Stealth Rock|[from] move: Rapid Spin|[of] p2a: Forretress\n|\n|-weather|SunnyDay|[upkeep]\n|upkeep\n|turn|3\n|\n|t:|1700712307\n|move|p2a: Forretress|Volt Switch|p1a: Torkoal\n|-damage|p1a: Torkoal|77\/100\n|\n|t:|1700712319\n|switch|p2a: Zapdos|Zapdos|100\/100|[from] Volt Switch\n|move|p1a: Torkoal|Weather Ball|p2a: Zapdos\n|-crit|p2a: Zapdos\n|-damage|p2a: Zapdos|7\/100\n|\n|-weather|SunnyDay|[upkeep]\n|-heal|p2a: Zapdos|13\/100|[from] item: Leftovers\n|upkeep\n|turn|4\n|\n|t:|1700712335\n|move|p2a: Zapdos|Volt Switch|p1a: Torkoal\n|-damage|p1a: Torkoal|25\/100\n|\n|t:|1700712342\n|switch|p2a: Arcanine|Arcanine-Hisui, F|100\/100|[from] Volt Switch\n|move|p1a: Torkoal|Solar Beam||[still]\n|-prepare|p1a: Torkoal|Solar Beam\n|-anim|p1a: Torkoal|Solar Beam|p2a: Arcanine\n|-damage|p2a: Arcanine|59\/100\n|\n|-weather|SunnyDay|[upkeep]\n|upkeep\n|turn|5\n|\n|t:|1700712357\n|switch|p1a: Glimmora|Glimmora, F|100\/100\n|move|p2a: Arcanine|Flare Blitz|p1a: Glimmora\n|-resisted|p1a: Glimmora\n|-damage|p1a: Glimmora|66\/100\n|-activate|p1a: Glimmora|ability: Toxic Debris\n|-sidestart|p2: punkmag|move: Toxic Spikes\n|\n|-weather|SunnyDay|[upkeep]\n|upkeep\n|turn|6\n|\n|t:|1700712366\n|switch|p2a: Zapdos|Zapdos|13\/100\n|move|p1a: Glimmora|Stealth Rock|p2a: Zapdos\n|-sidestart|p2: punkmag|move: Stealth Rock\n|\n|-weather|SunnyDay|[upkeep]\n|-heal|p2a: Zapdos|19\/100|[from] item: Leftovers\n|upkeep\n|turn|7\n|\n|t:|1700712373\n|move|p2a: Zapdos|Volt Switch|p1a: Glimmora\n|-damage|p1a: Glimmora|26\/100\n|\n|t:|1700712376\n|switch|p2a: Forretress|Forretress, F|100\/100|[from] Volt Switch\n|-damage|p2a: Forretress|88\/100|[from] Stealth Rock\n|move|p1a: Glimmora|Mortal Spin|p2a: Forretress\n|-immune|p2a: Forretress\n|\n|-weather|SunnyDay|[upkeep]\n|upkeep\n|turn|8\n|\n|t:|1700712384\n|move|p1a: Glimmora|Spiky Shield|p1a: Glimmora\n|-singleturn|p1a: Glimmora|move: Protect\n|move|p2a: Forretress|Rapid Spin|p1a: Glimmora\n|-activate|p1a: Glimmora|move: Protect\n|-damage|p2a: Forretress|76\/100|[from] Spiky Shield|[of] p1a: Glimmora\n|\n|-weather|SunnyDay|[upkeep]\n|upkeep\n|turn|9\n|\n|t:|1700712405\n|move|p1a: Glimmora|Spikes|p2a: Forretress\n|-sidestart|p2: punkmag|Spikes\n|move|p2a: Forretress|Rapid Spin|p1a: Glimmora\n|-resisted|p1a: Glimmora\n|-damage|p1a: Glimmora|23\/100\n|-boost|p2a: Forretress|spe|1\n|-activate|p1a: Glimmora|ability: Toxic Debris\n|-sidestart|p2: punkmag|move: Toxic Spikes\n|-sideend|p2: punkmag|Spikes|[from] move: Rapid Spin|[of] p2a: Forretress\n|-sideend|p2: punkmag|Toxic Spikes|[from] move: Rapid Spin|[of] p2a: Forretress\n|-sideend|p2: punkmag|Stealth Rock|[from] move: Rapid Spin|[of] p2a: Forretress\n|\n|-weather|none\n|upkeep\n|turn|10\n|\n|t:|1700712415\n|switch|p1a: Torkoal|Torkoal, F|25\/100\n|-weather|SunnyDay|[from] ability: Drought|[of] p1a: Torkoal\n|move|p2a: Forretress|Spikes|p1a: Torkoal\n|-sidestart|p1: nassd|Spikes\n|\n|-weather|SunnyDay|[upkeep]\n|upkeep\n|turn|11\n|\n|t:|1700712424\n|move|p2a: Forretress|Spikes|p1a: Torkoal\n|-sidestart|p1: nassd|Spikes\n|move|p1a: Torkoal|Rapid Spin|p2a: Forretress\n|-resisted|p2a: Forretress\n|-damage|p2a: Forretress|73\/100\n|-boost|p1a: Torkoal|spe|1\n|-damage|p1a: Torkoal|9\/100|[from] item: Rocky Helmet|[of] p2a: Forretress\n|-sideend|p1: nassd|Spikes|[from] move: Rapid Spin|[of] p1a: Torkoal\n|\n|-weather|SunnyDay|[upkeep]\n|upkeep\n|turn|12\n|\n|t:|1700712433\n|switch|p1a: Iron Moth|Iron Moth|100\/100\n|-enditem|p1a: Iron Moth|Booster Energy\n|-activate|p1a: Iron Moth|ability: Quark Drive|[fromitem]\n|-start|p1a: Iron Moth|quarkdrivespa\n|move|p2a: Forretress|Spikes|p1a: Iron Moth\n|-sidestart|p1: nassd|Spikes\n|\n|-weather|SunnyDay|[upkeep]\n|upkeep\n|turn|13\n|\n|t:|1700712445\n|move|p1a: Iron Moth|Fiery Dance|p2a: Forretress\n|-supereffective|p2a: Forretress\n|-damage|p2a: Forretress|0 fnt\n|faint|p2a: Forretress\n|\n|-weather|SunnyDay|[upkeep]\n|upkeep\n|\n|t:|1700712456\n|switch|p2a: Arcanine|Arcanine-Hisui, F|59\/100\n|turn|14\n|c|\u2606nassd|!weak hisui arcanine\n|c| nassd|\/raw <div class=\"infobox\">Arcanine-Hisui (ignoring abilities):<br \/><span class=\"message-effect-weak\">Weaknesses<\/span>: Fighting, <b>Ground<\/b>, Rock, <b>Water<\/b><br \/><span class=\"message-effect-resist\">Resistances<\/span>: Bug, Fairy, <b>Fire<\/b>, Flying, Ice, Normal, Poison<br \/><span class=\"message-effect-immune\">Immunities<\/span>: Burn, Sandstorm damage<\/div>\n|inactive|nassd has 120 seconds left.\n|\n|t:|1700712490\n|move|p1a: Iron Moth|Psychic|p2a: Arcanine\n|-crit|p2a: Arcanine\n|-damage|p2a: Arcanine|0 fnt\n|faint|p2a: Arcanine\n|\n|-weather|SunnyDay|[upkeep]\n|upkeep\n|\n|t:|1700712507\n|switch|p2a: Dragonite|Dragonite, F|100\/100\n|turn|15\n|\n|t:|1700712515\n|move|p1a: Iron Moth|Sludge Wave|p2a: Dragonite\n|-damage|p2a: Dragonite|68\/100\n|move|p2a: Dragonite|Dragon Dance|p2a: Dragonite\n|-boost|p2a: Dragonite|atk|1\n|-boost|p2a: Dragonite|spe|1\n|\n|-weather|SunnyDay|[upkeep]\n|upkeep\n|turn|16\n|\n|t:|1700712522\n|move|p2a: Dragonite|Earthquake|p1a: Iron Moth\n|-supereffective|p1a: Iron Moth\n|-damage|p1a: Iron Moth|0 fnt\n|faint|p1a: Iron Moth\n|-end|p1a: Iron Moth|Quark Drive|[silent]\n|\n|-weather|SunnyDay|[upkeep]\n|upkeep\n|\n|t:|1700712528\n|switch|p1a: Walking Wake|Walking Wake|100\/100\n|-damage|p1a: Walking Wake|88\/100|[from] Spikes\n|-activate|p1a: Walking Wake|ability: Protosynthesis\n|-start|p1a: Walking Wake|protosynthesisspe\n|turn|17\n|\n|t:|1700712540\n|move|p2a: Dragonite|Extreme Speed|p1a: Walking Wake\n|-damage|p1a: Walking Wake|34\/100\n|move|p1a: Walking Wake|Dragon Pulse|p2a: Dragonite\n|-supereffective|p2a: Dragonite\n|-damage|p2a: Dragonite|0 fnt\n|faint|p2a: Dragonite\n|\n|-weather|none\n|-end|p1a: Walking Wake|Protosynthesis\n|upkeep\n|\n|t:|1700712549\n|switch|p2a: Vs|Iron Valiant|100\/100\n|turn|18\n|\n|t:|1700712557\n|-end|p1a: Walking Wake|Protosynthesis|[silent]\n|switch|p1a: Torkoal|Torkoal, F|9\/100\n|-damage|p1a: Torkoal|0 fnt|[from] Spikes\n|faint|p1a: Torkoal\n|move|p2a: Vs|Close Combat|p1: Torkoal|[notarget]\n|-fail|p2a: Vs\n|\n|upkeep\n|\n|t:|1700712569\n|switch|p1a: Glimmora|Glimmora, F|23\/100\n|-damage|p1a: Glimmora|10\/100|[from] Spikes\n|turn|19\n|\n|t:|1700712576\n|move|p2a: Vs|Energy Ball|p1a: Glimmora\n|-damage|p1a: Glimmora|0 fnt\n|faint|p1a: Glimmora\n|-damage|p2a: Vs|91\/100|[from] item: Life Orb\n|\n|upkeep\n|\n|t:|1700712590\n|switch|p1a: Walking Wake|Walking Wake|34\/100\n|-damage|p1a: Walking Wake|22\/100|[from] Spikes\n|turn|20\n|\n|t:|1700712598\n|move|p2a: Vs|Close Combat|p1a: Walking Wake\n|-damage|p1a: Walking Wake|0 fnt\n|-unboost|p2a: Vs|def|1\n|-unboost|p2a: Vs|spd|1\n|faint|p1a: Walking Wake\n|-end|p1a: Walking Wake|Protosynthesis|[silent]\n|-damage|p2a: Vs|81\/100|[from] item: Life Orb\n|\n|upkeep\n|\n|t:|1700712615\n|switch|p1a: Lilligant|Lilligant-Hisui, F|100\/100\n|-damage|p1a: Lilligant|88\/100|[from] Spikes\n|turn|21\n|\n|t:|1700712626\n|-end|p2a: Vs|Quark Drive|[silent]\n|switch|p2a: Zapdos|Zapdos|19\/100\n|-terastallize|p1a: Lilligant|Flying\n|move|p1a: Lilligant|Acrobatics|p2a: Zapdos\n|-resisted|p2a: Zapdos\n|-damage|p2a: Zapdos|4\/100\n|-status|p1a: Lilligant|par|[from] ability: Static|[of] p2a: Zapdos\n|\n|-heal|p2a: Zapdos|10\/100|[from] item: Leftovers\n|upkeep\n|turn|22\n|\n|t:|1700712636\n|move|p2a: Zapdos|Volt Switch|p1a: Lilligant\n|-supereffective|p1a: Lilligant\n|-damage|p1a: Lilligant|0 fnt\n|faint|p1a: Lilligant\n|\n|t:|1700712641\n|switch|p2a: Canada snow|Ninetales-Alola, F|100\/100|[from] Volt Switch\n|-weather|Snow|[from] ability: Snow Warning|[of] p2a: Canada snow\n|\n|-weather|Snow|[upkeep]\n|upkeep\n|\n|t:|1700712647\n|switch|p1a: Zapdos|Zapdos|100\/100\n|turn|23\n|\n|t:|1700712653\n|move|p2a: Canada snow|Freeze-Dry|p1a: Zapdos\n|-supereffective|p1a: Zapdos\n|-damage|p1a: Zapdos|49\/100\n|move|p1a: Zapdos|Thunderbolt|p2a: Canada snow\n|-damage|p2a: Canada snow|36\/100\n|\n|-weather|Snow|[upkeep]\n|upkeep\n|turn|24\n|\n|t:|1700712661\n|move|p2a: Canada snow|Freeze-Dry|p1a: Zapdos\n|-supereffective|p1a: Zapdos\n|-damage|p1a: Zapdos|0 fnt\n|faint|p1a: Zapdos\n|\n|win|punkmag\n|raw|nassd's rating: 1319 &rarr; <strong>1293<\/strong><br \/>(-26 for losing)\n|raw|punkmag's rating: 1216 &rarr; <strong>1248<\/strong><br \/>(+32 for winning)\n|l|\u2606nassd\n","uploadtime":1700712669,"views":2,"p1id":"nassd","p2id":"punkmag","formatid":"gen9ou","rating":1248,"private":0,"password":""}