{"id":"gen9ou-1992951824","p1":"lrl grego","p2":"Pania_Love","format":"[Gen 9] OU","log":"|j|\u2606lrl grego\n|j|\u2606Pania_Love\n|t:|1700249720\n|gametype|singles\n|player|p1|lrl grego|unknown|\n|player|p2|Pania_Love|aaron|\n|teamsize|p1|6\n|teamsize|p2|6\n|gen|9\n|tier|[Gen 9] OU\n|rule|Sleep Clause Mod: Limit one foe put to sleep\n|rule|Species Clause: Limit one of each Pok\u00e9mon\n|rule|OHKO Clause: OHKO moves are banned\n|rule|Evasion Items Clause: Evasion items are banned\n|rule|Evasion Moves Clause: Evasion moves are banned\n|rule|Endless Battle Clause: Forcing endless battles is banned\n|rule|HP Percentage Mod: HP is shown in percentages\n|clearpoke\n|poke|p1|Ninetales-Alola, F|\n|poke|p1|Sneasler, F|\n|poke|p1|Rillaboom, F|\n|poke|p1|Iron Hands|\n|poke|p1|Skeledirge, F|\n|poke|p1|Rotom-Wash|\n|poke|p2|Corviknight, F|\n|poke|p2|Skeledirge, F|\n|poke|p2|Landorus-Therian, M|\n|poke|p2|Ninetales-Alola, F|\n|poke|p2|Hatterene, F|\n|poke|p2|Rillaboom, F|\n|teampreview\n|inactive|Battle timer is ON: inactive players will automatically lose when time's up. (requested by lrl grego)\n|\n|t:|1700249741\n|start\n|switch|p1a: 2 type acier|Rotom-Wash|100\/100\n|switch|p2a: Water proof|Ninetales-Alola, F, shiny|100\/100\n|-weather|Snow|[from] ability: Snow Warning|[of] p2a: Water proof\n|turn|1\n|inactive|lrl grego has 270 seconds left.\n|\n|t:|1700249776\n|move|p1a: 2 type acier|Thunder Wave|p2a: Water proof\n|-status|p2a: Water proof|par\n|cant|p2a: Water proof|par\n|\n|-weather|Snow|[upkeep]\n|upkeep\n|turn|2\n|inactive|lrl grego has 270 seconds left.\n|\n|t:|1700249785\n|switch|p1a: Water gun|Ninetales-Alola, F, shiny|100\/100\n|move|p2a: Water proof|Aurora Veil|p2a: Water proof\n|-sidestart|p2: Pania_Love|move: Aurora Veil\n|\n|-weather|Snow|[upkeep]\n|upkeep\n|turn|3\n|inactive|Pania_Love has 270 seconds left.\n|\n|t:|1700249818\n|switch|p2a: Fairy tail|Skeledirge, F, shiny|100\/100\n|move|p1a: Water gun|Aurora Veil|p1a: Water gun\n|-sidestart|p1: lrl grego|move: Aurora Veil\n|\n|-weather|Snow|[upkeep]\n|upkeep\n|turn|4\n|\n|t:|1700249835\n|switch|p1a: 2 type acier|Rotom-Wash|100\/100\n|move|p2a: Fairy tail|Will-O-Wisp|p1a: 2 type acier\n|-status|p1a: 2 type acier|brn\n|\n|-weather|Snow|[upkeep]\n|-damage|p1a: 2 type acier|94\/100 brn|[from] brn\n|upkeep\n|turn|5\n|inactive|Pania_Love has 270 seconds left.\n|\n|t:|1700249853\n|switch|p2a: Firefox|Rillaboom, F, shiny|100\/100\n|-fieldstart|move: Grassy Terrain|[from] ability: Grassy Surge|[of] p2a: Firefox\n|move|p1a: 2 type acier|Hydro Pump|p2a: Firefox\n|-resisted|p2a: Firefox\n|-crit|p2a: Firefox\n|-damage|p2a: Firefox|65\/100\n|\n|-weather|none\n|-heal|p2a: Firefox|71\/100|[from] Grassy Terrain\n|-damage|p1a: 2 type acier|88\/100 brn|[from] brn\n|upkeep\n|turn|6\n|inactive|Pania_Love has 270 seconds left.\n|\n|t:|1700249869\n|switch|p1a: Mac Fly|Iron Hands, shiny|100\/100\n|move|p2a: Firefox|Knock Off|p1a: Mac Fly\n|-resisted|p1a: Mac Fly\n|-damage|p1a: Mac Fly|94\/100\n|-enditem|p1a: Mac Fly|Leftovers|[from] move: Knock Off|[of] p2a: Firefox\n|\n|-heal|p2a: Firefox|77\/100|[from] Grassy Terrain\n|-heal|p1a: Mac Fly|100\/100|[from] Grassy Terrain\n|upkeep\n|turn|7\n|inactive|Pania_Love has 270 seconds left.\n|\n|t:|1700249883\n|switch|p2a: Vol-eur|Corviknight, F, shiny|100\/100\n|-ability|p2a: Vol-eur|Pressure\n|move|p1a: Mac Fly|Swords Dance|p1a: Mac Fly\n|-boost|p1a: Mac Fly|atk|2\n|\n|upkeep\n|turn|8\n|inactive|Pania_Love has 270 seconds left.\n|\n|t:|1700249898\n|move|p1a: Mac Fly|Thunder Punch|p2a: Vol-eur\n|-supereffective|p2a: Vol-eur\n|-damage|p2a: Vol-eur|54\/100\n|-damage|p1a: Mac Fly|84\/100|[from] item: Rocky Helmet|[of] p2a: Vol-eur\n|move|p2a: Vol-eur|Brave Bird|p1a: Mac Fly\n|-damage|p1a: Mac Fly|71\/100\n|-damage|p2a: Vol-eur|49\/100|[from] Recoil\n|\n|-heal|p1a: Mac Fly|77\/100|[from] Grassy Terrain\n|upkeep\n|turn|9\n|inactive|Pania_Love has 270 seconds left.\n|\n|t:|1700249914\n|move|p1a: Mac Fly|Drain Punch|p2a: Vol-eur\n|-damage|p2a: Vol-eur|26\/100\n|-heal|p1a: Mac Fly|87\/100|[from] drain|[of] p2a: Vol-eur\n|-damage|p1a: Mac Fly|71\/100|[from] item: Rocky Helmet|[of] p2a: Vol-eur\n|move|p2a: Vol-eur|U-turn|p1a: Mac Fly\n|-resisted|p1a: Mac Fly\n|-damage|p1a: Mac Fly|68\/100\n|\n|t:|1700249924\n|switch|p2a: Fairy tail|Skeledirge, F, shiny|100\/100|[from] U-turn\n|\n|-heal|p1a: Mac Fly|74\/100|[from] Grassy Terrain\n|-sideend|p2: Pania_Love|move: Aurora Veil\n|upkeep\n|turn|10\n|\n|t:|1700249940\n|move|p1a: Mac Fly|Thunder Punch|p2a: Fairy tail\n|-damage|p2a: Fairy tail|64\/100\n|move|p2a: Fairy tail|Torch Song|p1a: Mac Fly\n|-damage|p1a: Mac Fly|62\/100\n|-boost|p2a: Fairy tail|spa|1\n|\n|-heal|p1a: Mac Fly|69\/100|[from] Grassy Terrain\n|-heal|p2a: Fairy tail|70\/100|[from] Grassy Terrain\n|-sideend|p1: lrl grego|move: Aurora Veil\n|upkeep\n|turn|11\n|\n|t:|1700249952\n|move|p1a: Mac Fly|Swords Dance|p1a: Mac Fly\n|-boost|p1a: Mac Fly|atk|2\n|move|p2a: Fairy tail|Hex|p1a: Mac Fly\n|-damage|p1a: Mac Fly|39\/100\n|\n|-heal|p1a: Mac Fly|45\/100|[from] Grassy Terrain\n|-heal|p2a: Fairy tail|76\/100|[from] Grassy Terrain\n|upkeep\n|turn|12\n|\n|t:|1700249961\n|move|p1a: Mac Fly|Thunder Punch|p2a: Fairy tail\n|-damage|p2a: Fairy tail|41\/100\n|move|p2a: Fairy tail|Will-O-Wisp|p1a: Mac Fly\n|-status|p1a: Mac Fly|brn\n|\n|-heal|p1a: Mac Fly|52\/100 brn|[from] Grassy Terrain\n|-heal|p2a: Fairy tail|47\/100|[from] Grassy Terrain\n|-damage|p1a: Mac Fly|45\/100 brn|[from] brn\n|-fieldend|move: Grassy Terrain\n|upkeep\n|turn|13\n|\n|t:|1700249971\n|move|p1a: Mac Fly|Thunder Punch|p2a: Fairy tail\n|-damage|p2a: Fairy tail|30\/100\n|move|p2a: Fairy tail|Slack Off|p2a: Fairy tail\n|-heal|p2a: Fairy tail|80\/100\n|\n|-damage|p1a: Mac Fly|39\/100 brn|[from] brn\n|upkeep\n|turn|14\n|\n|t:|1700249981\n|-end|p1a: Mac Fly|Quark Drive|[silent]\n|switch|p1a: 2 type acier|Rotom-Wash|88\/100 brn\n|move|p2a: Fairy tail|Hex|p1a: 2 type acier\n|-damage|p1a: 2 type acier|13\/100 brn\n|\n|-damage|p1a: 2 type acier|7\/100 brn|[from] brn\n|upkeep\n|turn|15\n|\n|t:|1700249992\n|switch|p2a: Vol-eur|Corviknight, F, shiny|26\/100\n|-ability|p2a: Vol-eur|Pressure\n|move|p1a: 2 type acier|Hydro Pump|p2a: Vol-eur\n|-damage|p2a: Vol-eur|0 fnt\n|faint|p2a: Vol-eur\n|\n|-damage|p1a: 2 type acier|0 fnt|[from] brn\n|faint|p1a: 2 type acier\n|upkeep\n|\n|t:|1700250001\n|switch|p1a: Water gun|Ninetales-Alola, F, shiny|100\/100\n|switch|p2a: Water proof|Ninetales-Alola, F, shiny|100\/100 par\n|-weather|Snow|[from] ability: Snow Warning|[of] p1a: Water gun\n|turn|16\n|inactive|Pania_Love has 270 seconds left.\n|\n|t:|1700250007\n|move|p1a: Water gun|Aurora Veil|p1a: Water gun\n|-sidestart|p1: lrl grego|move: Aurora Veil\n|move|p2a: Water proof|Aurora Veil|p2a: Water proof\n|-sidestart|p2: Pania_Love|move: Aurora Veil\n|\n|-weather|Snow|[upkeep]\n|upkeep\n|turn|17\n|inactive|Pania_Love has 270 seconds left.\n|\n|t:|1700250021\n|switch|p1a: Fire storm|Rillaboom, F, shiny|100\/100\n|-fieldstart|move: Grassy Terrain|[from] ability: Grassy Surge|[of] p1a: Fire storm\n|switch|p2a: Ice-T|Landorus-Therian, M, shiny|100\/100\n|-ability|p2a: Ice-T|Intimidate|boost\n|-unboost|p1a: Fire storm|atk|1\n|\n|-weather|Snow|[upkeep]\n|upkeep\n|turn|18\n|inactive|Pania_Love has 270 seconds left.\n|\n|t:|1700250044\n|move|p2a: Ice-T|U-turn|p1a: Fire storm\n|-supereffective|p1a: Fire storm\n|-damage|p1a: Fire storm|76\/100\n|\n|t:|1700250056\n|switch|p2a: Fairy tail|Skeledirge, F, shiny|80\/100|[from] U-turn\n|move|p1a: Fire storm|Swords Dance|p1a: Fire storm\n|-boost|p1a: Fire storm|atk|2\n|\n|-weather|Snow|[upkeep]\n|-heal|p1a: Fire storm|82\/100|[from] Grassy Terrain\n|-heal|p2a: Fairy tail|86\/100|[from] Grassy Terrain\n|upkeep\n|turn|19\n|\n|t:|1700250068\n|move|p1a: Fire storm|Leech Seed|p2a: Fairy tail\n|-start|p2a: Fairy tail|move: Leech Seed\n|move|p2a: Fairy tail|Will-O-Wisp|p1a: Fire storm\n|-status|p1a: Fire storm|brn\n|\n|-weather|Snow|[upkeep]\n|-heal|p1a: Fire storm|88\/100 brn|[from] Grassy Terrain\n|-heal|p2a: Fairy tail|92\/100|[from] Grassy Terrain\n|-damage|p2a: Fairy tail|80\/100|[from] Leech Seed|[of] p1a: Fire storm\n|-heal|p1a: Fire storm|100\/100 brn|[silent]\n|-damage|p1a: Fire storm|94\/100 brn|[from] brn\n|upkeep\n|turn|20\n|\n|t:|1700250082\n|move|p1a: Fire storm|Swords Dance|p1a: Fire storm\n|-boost|p1a: Fire storm|atk|2\n|move|p2a: Fairy tail|Slack Off|p2a: Fairy tail\n|-heal|p2a: Fairy tail|100\/100\n|\n|-weather|none\n|-heal|p1a: Fire storm|100\/100 brn|[from] Grassy Terrain\n|-damage|p2a: Fairy tail|88\/100|[from] Leech Seed|[of] p1a: Fire storm\n|-damage|p1a: Fire storm|94\/100 brn|[from] brn\n|upkeep\n|turn|21\n|\n|t:|1700250093\n|move|p1a: Fire storm|Grassy Glide|p2a: Fairy tail\n|-resisted|p2a: Fairy tail\n|-damage|p2a: Fairy tail|83\/100\n|move|p2a: Fairy tail|Torch Song|p1a: Fire storm\n|-supereffective|p1a: Fire storm\n|-damage|p1a: Fire storm|60\/100 brn\n|-boost|p2a: Fairy tail|spa|1\n|\n|-heal|p1a: Fire storm|66\/100 brn|[from] Grassy Terrain\n|-heal|p2a: Fairy tail|89\/100|[from] Grassy Terrain\n|-damage|p2a: Fairy tail|77\/100|[from] Leech Seed|[of] p1a: Fire storm\n|-heal|p1a: Fire storm|78\/100 brn|[silent]\n|-damage|p1a: Fire storm|72\/100 brn|[from] brn\n|-fieldend|move: Grassy Terrain\n|upkeep\n|turn|22\n|\n|t:|1700250107\n|switch|p1a: Mac Fly|Iron Hands, shiny|39\/100 brn\n|move|p2a: Fairy tail|Hex|p1a: Mac Fly\n|-damage|p1a: Mac Fly|10\/100 brn\n|\n|-damage|p2a: Fairy tail|64\/100|[from] Leech Seed|[of] p1a: Mac Fly\n|-heal|p1a: Mac Fly|21\/100 brn|[silent]\n|-damage|p1a: Mac Fly|15\/100 brn|[from] brn\n|upkeep\n|turn|23\n|\n|t:|1700250121\n|switch|p2a: Ice-T|Landorus-Therian, M, shiny|100\/100\n|-ability|p2a: Ice-T|Intimidate|boost\n|-unboost|p1a: Mac Fly|atk|1\n|move|p1a: Mac Fly|Thunder Punch|p2a: Ice-T\n|-immune|p2a: Ice-T\n|\n|-damage|p1a: Mac Fly|9\/100 brn|[from] brn\n|-sideend|p1: lrl grego|move: Aurora Veil\n|-sideend|p2: Pania_Love|move: Aurora Veil\n|upkeep\n|turn|24\n|\n|t:|1700250131\n|move|p2a: Ice-T|U-turn|p1a: Mac Fly\n|-resisted|p1a: Mac Fly\n|-damage|p1a: Mac Fly|0 fnt\n|faint|p1a: Mac Fly\n|-end|p1a: Mac Fly|Quark Drive|[silent]\n|\n|t:|1700250140\n|switch|p2a: Water proof|Ninetales-Alola, F, shiny|100\/100 par|[from] U-turn\n|-weather|Snow|[from] ability: Snow Warning|[of] p2a: Water proof\n|\n|-weather|Snow|[upkeep]\n|upkeep\n|\n|t:|1700250144\n|switch|p1a: Water gun|Ninetales-Alola, F, shiny|100\/100\n|turn|25\n|\n|t:|1700250148\n|move|p1a: Water gun|Aurora Veil|p1a: Water gun\n|-sidestart|p1: lrl grego|move: Aurora Veil\n|cant|p2a: Water proof|par\n|\n|-weather|Snow|[upkeep]\n|upkeep\n|turn|26\n|\n|t:|1700250155\n|switch|p1a: Les spectre|Sneasler, F, shiny|100\/100\n|move|p2a: Water proof|Aurora Veil|p2a: Water proof\n|-sidestart|p2: Pania_Love|move: Aurora Veil\n|\n|-weather|Snow|[upkeep]\n|upkeep\n|turn|27\n|\n|t:|1700250173\n|-terastallize|p2a: Water proof|Water\n|move|p1a: Les spectre|Poison Jab|p2a: Water proof\n|-damage|p2a: Water proof|71\/100 par\n|cant|p2a: Water proof|par\n|\n|-weather|Snow|[upkeep]\n|upkeep\n|turn|28\n|\n|t:|1700250185\n|switch|p1a: Fire storm|Rillaboom, F, shiny|72\/100 brn\n|-fieldstart|move: Grassy Terrain|[from] ability: Grassy Surge|[of] p1a: Fire storm\n|switch|p2a: Ice-T|Landorus-Therian, M, shiny|100\/100\n|-ability|p2a: Ice-T|Intimidate|boost\n|-unboost|p1a: Fire storm|atk|1\n|\n|-weather|none\n|-heal|p1a: Fire storm|78\/100 brn|[from] Grassy Terrain\n|-damage|p1a: Fire storm|72\/100 brn|[from] brn\n|upkeep\n|turn|29\n|\n|t:|1700250198\n|move|p2a: Ice-T|U-turn|p1a: Fire storm\n|-supereffective|p1a: Fire storm\n|-damage|p1a: Fire storm|49\/100 brn\n|\n|t:|1700250203\n|switch|p2a: Steel MC Queen|Hatterene, F, shiny|100\/100|[from] U-turn\n|-enditem|p2a: Steel MC Queen|Grassy Seed\n|-boost|p2a: Steel MC Queen|def|1|[from] item: Grassy Seed\n|move|p1a: Fire storm|Leech Seed|p2a: Steel MC Queen\n|move|p2a: Steel MC Queen|Leech Seed|p1a: Fire storm|[from]ability: Magic Bounce\n|-immune|p1a: Fire storm\n|\n|-heal|p1a: Fire storm|55\/100 brn|[from] Grassy Terrain\n|-damage|p1a: Fire storm|49\/100 brn|[from] brn\n|upkeep\n|turn|30\n|\n|t:|1700250222\n|move|p1a: Fire storm|Swords Dance|p1a: Fire storm\n|-boost|p1a: Fire storm|atk|2\n|move|p2a: Steel MC Queen|Nuzzle|p1a: Fire storm\n|-resisted|p1a: Fire storm\n|-damage|p1a: Fire storm|48\/100 brn\n|\n|-heal|p1a: Fire storm|54\/100 brn|[from] Grassy Terrain\n|-damage|p1a: Fire storm|48\/100 brn|[from] brn\n|upkeep\n|turn|31\n|\n|t:|1700250233\n|move|p1a: Fire storm|Grassy Glide|p2a: Steel MC Queen\n|-damage|p2a: Steel MC Queen|91\/100\n|move|p2a: Steel MC Queen|Mystical Fire|p1a: Fire storm\n|-supereffective|p1a: Fire storm\n|-damage|p1a: Fire storm|24\/100 brn\n|-unboost|p1a: Fire storm|spa|1\n|\n|-heal|p1a: Fire storm|30\/100 brn|[from] Grassy Terrain\n|-heal|p2a: Steel MC Queen|97\/100|[from] Grassy Terrain\n|-damage|p1a: Fire storm|24\/100 brn|[from] brn\n|upkeep\n|turn|32\n|\n|t:|1700250244\n|switch|p1a: Les spectre|Sneasler, F, shiny|100\/100\n|-enditem|p1a: Les spectre|Grassy Seed\n|-boost|p1a: Les spectre|def|1|[from] item: Grassy Seed\n|move|p2a: Steel MC Queen|Calm Mind|p2a: Steel MC Queen\n|-boost|p2a: Steel MC Queen|spa|1\n|-boost|p2a: Steel MC Queen|spd|1\n|\n|-heal|p2a: Steel MC Queen|100\/100|[from] Grassy Terrain\n|-sideend|p1: lrl grego|move: Aurora Veil\n|-fieldend|move: Grassy Terrain\n|upkeep\n|turn|33\n|\n|t:|1700250257\n|switch|p2a: Ice-T|Landorus-Therian, M, shiny|100\/100\n|-ability|p2a: Ice-T|Intimidate|boost\n|-unboost|p1a: Les spectre|atk|1\n|move|p1a: Les spectre|Poison Jab|p2a: Ice-T\n|-resisted|p2a: Ice-T\n|-damage|p2a: Ice-T|91\/100\n|\n|-sideend|p2: Pania_Love|move: Aurora Veil\n|upkeep\n|turn|34\n|\n|t:|1700250265\n|move|p1a: Les spectre|Swords Dance|p1a: Les spectre\n|-boost|p1a: Les spectre|atk|2\n|move|p2a: Ice-T|Earthquake|p1a: Les spectre\n|-supereffective|p1a: Les spectre\n|-damage|p1a: Les spectre|0 fnt\n|faint|p1a: Les spectre\n|\n|upkeep\n|\n|t:|1700250269\n|switch|p1a: Fire storm|Rillaboom, F, shiny|24\/100 brn\n|-fieldstart|move: Grassy Terrain|[from] ability: Grassy Surge|[of] p1a: Fire storm\n|turn|35\n|\n|t:|1700250279\n|switch|p2a: Firefox|Rillaboom, F, shiny|77\/100\n|move|p1a: Fire storm|Leech Seed|p2a: Firefox\n|-immune|p2a: Firefox\n|\n|-heal|p2a: Firefox|83\/100|[from] Grassy Terrain\n|-heal|p1a: Fire storm|30\/100 brn|[from] Grassy Terrain\n|-damage|p1a: Fire storm|24\/100 brn|[from] brn\n|upkeep\n|turn|36\n|\n|t:|1700250294\n|switch|p1a: Water gun|Ninetales-Alola, F, shiny|100\/100\n|-weather|Snow|[from] ability: Snow Warning|[of] p1a: Water gun\n|move|p2a: Firefox|Drain Punch|p1a: Water gun\n|-damage|p1a: Water gun|77\/100\n|-heal|p2a: Firefox|94\/100|[from] drain|[of] p1a: Water gun\n|\n|-weather|Snow|[upkeep]\n|-heal|p1a: Water gun|83\/100|[from] Grassy Terrain\n|-heal|p2a: Firefox|99\/100|[from] Grassy Terrain\n|upkeep\n|turn|37\n|\n|t:|1700250307\n|switch|p2a: Fairy tail|Skeledirge, F, shiny|64\/100\n|move|p1a: Water gun|Aurora Veil|p1a: Water gun\n|-sidestart|p1: lrl grego|move: Aurora Veil\n|\n|-weather|Snow|[upkeep]\n|-heal|p1a: Water gun|89\/100|[from] Grassy Terrain\n|-heal|p2a: Fairy tail|71\/100|[from] Grassy Terrain\n|upkeep\n|turn|38\n|\n|t:|1700250314\n|move|p1a: Water gun|Moonblast|p2a: Fairy tail\n|-resisted|p2a: Fairy tail\n|-damage|p2a: Fairy tail|61\/100\n|move|p2a: Fairy tail|Will-O-Wisp|p1a: Water gun|[miss]\n|-miss|p2a: Fairy tail|p1a: Water gun\n|\n|-weather|Snow|[upkeep]\n|-heal|p1a: Water gun|95\/100|[from] Grassy Terrain\n|-heal|p2a: Fairy tail|67\/100|[from] Grassy Terrain\n|upkeep\n|turn|39\n|\n|t:|1700250327\n|switch|p1a: Fairy tail|Skeledirge, F, shiny|100\/100\n|move|p2a: Fairy tail|Torch Song|p1a: Fairy tail\n|-resisted|p1a: Fairy tail\n|-damage|p1a: Fairy tail|92\/100\n|-boost|p2a: Fairy tail|spa|1\n|\n|-weather|Snow|[upkeep]\n|-heal|p1a: Fairy tail|98\/100|[from] Grassy Terrain\n|-heal|p2a: Fairy tail|73\/100|[from] Grassy Terrain\n|-fieldend|move: Grassy Terrain\n|upkeep\n|turn|40\n|\n|t:|1700250340\n|-terastallize|p1a: Fairy tail|Fairy\n|move|p1a: Fairy tail|Sing|p2a: Fairy tail\n|-status|p2a: Fairy tail|slp|[from] move: Sing\n|cant|p2a: Fairy tail|slp\n|\n|-weather|none\n|upkeep\n|turn|41\n|\n|t:|1700250350\n|move|p1a: Fairy tail|Sing|p2a: Fairy tail|[miss]\n|-miss|p1a: Fairy tail|p2a: Fairy tail\n|-enditem|p1a: Fairy tail|Blunder Policy\n|-boost|p1a: Fairy tail|spe|2\n|cant|p2a: Fairy tail|slp\n|\n|upkeep\n|turn|42\n|\n|t:|1700250358\n|move|p1a: Fairy tail|Torch Song|p2a: Fairy tail\n|-resisted|p2a: Fairy tail\n|-damage|p2a: Fairy tail|59\/100 slp\n|-boost|p1a: Fairy tail|spa|1\n|cant|p2a: Fairy tail|slp\n|\n|upkeep\n|turn|43\n|\n|t:|1700250366\n|move|p1a: Fairy tail|Torch Song|p2a: Fairy tail\n|-resisted|p2a: Fairy tail\n|-damage|p2a: Fairy tail|45\/100 slp\n|-boost|p1a: Fairy tail|spa|1\n|-curestatus|p2a: Fairy tail|slp|[msg]\n|move|p2a: Fairy tail|Torch Song|p1a: Fairy tail\n|-damage|p1a: Fairy tail|81\/100\n|-boost|p2a: Fairy tail|spa|1\n|\n|upkeep\n|turn|44\n|\n|t:|1700250382\n|move|p1a: Fairy tail|Shadow Ball|p2a: Fairy tail\n|-supereffective|p2a: Fairy tail\n|-damage|p2a: Fairy tail|0 fnt\n|faint|p2a: Fairy tail\n|\n|-sideend|p1: lrl grego|move: Aurora Veil\n|upkeep\n|\n|t:|1700250392\n|switch|p2a: Ice-T|Landorus-Therian, M, shiny|91\/100\n|-ability|p2a: Ice-T|Intimidate|boost\n|-unboost|p1a: Fairy tail|atk|1\n|turn|45\n|\n|t:|1700250398\n|move|p2a: Ice-T|Stone Edge|p1a: Fairy tail\n|-damage|p1a: Fairy tail|50\/100\n|move|p1a: Fairy tail|Shadow Ball|p2a: Ice-T\n|-damage|p2a: Ice-T|0 fnt\n|faint|p2a: Ice-T\n|\n|upkeep\n|\n|t:|1700250407\n|switch|p2a: Steel MC Queen|Hatterene, F, shiny|100\/100\n|turn|46\n|\n|t:|1700250413\n|switch|p2a: Water proof|Ninetales-Alola, F, shiny, tera:Water|71\/100 par\n|-weather|Snow|[from] ability: Snow Warning|[of] p2a: Water proof\n|move|p1a: Fairy tail|Shadow Ball|p2a: Water proof\n|-damage|p2a: Water proof|3\/100 par\n|\n|-weather|Snow|[upkeep]\n|upkeep\n|turn|47\n|\n|t:|1700250424\n|move|p1a: Fairy tail|Shadow Ball|p2a: Water proof\n|-damage|p2a: Water proof|0 fnt\n|faint|p2a: Water proof\n|\n|-weather|Snow|[upkeep]\n|upkeep\n|\n|t:|1700250437\n|switch|p2a: Firefox|Rillaboom, F, shiny|99\/100\n|-fieldstart|move: Grassy Terrain|[from] ability: Grassy Surge|[of] p2a: Firefox\n|turn|48\n|\n|t:|1700250444\n|move|p1a: Fairy tail|Torch Song|p2a: Firefox\n|-supereffective|p2a: Firefox\n|-damage|p2a: Firefox|0 fnt\n|-boost|p1a: Fairy tail|spa|1\n|faint|p2a: Firefox\n|\n|-weather|Snow|[upkeep]\n|-heal|p1a: Fairy tail|57\/100|[from] Grassy Terrain\n|upkeep\n|\n|t:|1700250452\n|switch|p2a: Steel MC Queen|Hatterene, F, shiny|100\/100\n|turn|49\n|\n|t:|1700250459\n|move|p1a: Fairy tail|Shadow Ball|p2a: Steel MC Queen\n|-supereffective|p2a: Steel MC Queen\n|-damage|p2a: Steel MC Queen|0 fnt\n|faint|p2a: Steel MC Queen\n|\n|win|lrl grego\n","uploadtime":1700250469,"views":29,"p1id":"lrlgrego","p2id":"panialove","formatid":"gen9ou","rating":0,"private":0,"password":""}