{"id":"gen9ou-1996948915","p1":"adrianan","p2":"prinplup fiction","format":"[Gen 9] OU","log":"|j|\u2606adrianan\n|j|\u2606prinplup fiction\n|t:|1700748508\n|gametype|singles\n|player|p1|adrianan|red|1647\n|player|p2|prinplup fiction|lucas|1667\n|teamsize|p1|6\n|teamsize|p2|6\n|gen|9\n|tier|[Gen 9] OU\n|rated|\n|rule|Sleep Clause Mod: Limit one foe put to sleep\n|rule|Species Clause: Limit one of each Pok\u00e9mon\n|rule|OHKO Clause: OHKO moves are banned\n|rule|Evasion Items Clause: Evasion items are banned\n|rule|Evasion Moves Clause: Evasion moves are banned\n|rule|Endless Battle Clause: Forcing endless battles is banned\n|rule|HP Percentage Mod: HP is shown in percentages\n|clearpoke\n|poke|p1|Hariyama, M|\n|poke|p1|Azumarill, F|\n|poke|p1|Goodra-Hisui, M|\n|poke|p1|Glimmora, F|\n|poke|p1|Thundurus-Therian, M|\n|poke|p1|Garchomp, F|\n|poke|p2|Dragonite, M|\n|poke|p2|Ting-Lu|\n|poke|p2|Zapdos|\n|poke|p2|Greninja-*, M|\n|poke|p2|Hatterene, F|\n|poke|p2|Ceruledge, M|\n|teampreview\n|\n|t:|1700748517\n|start\n|switch|p1a: Hariyama|Hariyama, M|100\/100\n|switch|p2a: Zapdos|Zapdos|100\/100\n|turn|1\n|\n|t:|1700748527\n|switch|p1a: Goodra|Goodra-Hisui, M|100\/100\n|move|p2a: Zapdos|Volt Switch|p1a: Goodra\n|-resisted|p1a: Goodra\n|-damage|p1a: Goodra|94\/100\n|\n|t:|1700748534\n|switch|p2a: Ting-Lu|Ting-Lu|100\/100|[from] Volt Switch\n|-ability|p2a: Ting-Lu|Vessel of Ruin\n|\n|upkeep\n|turn|2\n|\n|t:|1700748550\n|switch|p1a: Glimmora|Glimmora, F|100\/100\n|move|p2a: Ting-Lu|Stealth Rock|p1a: Glimmora\n|-sidestart|p1: adrianan|move: Stealth Rock\n|\n|upkeep\n|turn|3\n|\n|t:|1700748559\n|move|p1a: Glimmora|Mortal Spin|p2a: Ting-Lu\n|-resisted|p2a: Ting-Lu\n|-damage|p2a: Ting-Lu|99\/100\n|-status|p2a: Ting-Lu|psn\n|-sideend|p1: adrianan|Stealth Rock|[from] move: Mortal Spin|[of] p1a: Glimmora\n|move|p2a: Ting-Lu|Earthquake|p1a: Glimmora\n|-supereffective|p1a: Glimmora\n|-enditem|p1a: Glimmora|Focus Sash\n|-damage|p1a: Glimmora|1\/100\n|-activate|p1a: Glimmora|ability: Toxic Debris\n|-sidestart|p2: prinplup fiction|move: Toxic Spikes\n|\n|-heal|p2a: Ting-Lu|100\/100 psn|[from] item: Leftovers\n|-damage|p2a: Ting-Lu|88\/100 psn|[from] psn\n|upkeep\n|turn|4\n|j| GengartoOU\n|\n|t:|1700748568\n|switch|p2a: Zapdos|Zapdos|100\/100\n|move|p1a: Glimmora|Sludge Wave|p2a: Zapdos\n|-damage|p2a: Zapdos|43\/100\n|\n|upkeep\n|turn|5\n|\n|t:|1700748575\n|move|p2a: Zapdos|Heat Wave|p1a: Glimmora\n|-resisted|p1a: Glimmora\n|-crit|p1a: Glimmora\n|-damage|p1a: Glimmora|0 fnt\n|faint|p1a: Glimmora\n|\n|upkeep\n|\n|t:|1700748579\n|switch|p1a: Thundurus|Thundurus-Therian, M|100\/100\n|turn|6\n|\n|t:|1700748583\n|switch|p2a: Ting-Lu|Ting-Lu|88\/100 psn\n|-ability|p2a: Ting-Lu|Vessel of Ruin\n|move|p1a: Thundurus|Discharge|p2a: Ting-Lu\n|-immune|p2a: Ting-Lu\n|\n|-heal|p2a: Ting-Lu|94\/100 psn|[from] item: Leftovers\n|-damage|p2a: Ting-Lu|82\/100 psn|[from] psn\n|upkeep\n|turn|7\n|\n|t:|1700748588\n|switch|p1a: Hariyama|Hariyama, M|100\/100\n|move|p2a: Ting-Lu|Stealth Rock|p1a: Hariyama\n|-sidestart|p1: adrianan|move: Stealth Rock\n|\n|-heal|p2a: Ting-Lu|88\/100 psn|[from] item: Leftovers\n|-damage|p2a: Ting-Lu|76\/100 psn|[from] psn\n|-status|p1a: Hariyama|brn|[from] item: Flame Orb\n|upkeep\n|turn|8\n|\n|t:|1700748599\n|switch|p2a: Ceruledge|Ceruledge, M|100\/100\n|-status|p2a: Ceruledge|psn\n|move|p1a: Hariyama|Knock Off|p2a: Ceruledge\n|-supereffective|p2a: Ceruledge\n|-enditem|p2a: Ceruledge|Focus Sash\n|-damage|p2a: Ceruledge|1\/100 psn\n|-ability|p2a: Ceruledge|Weak Armor|boost\n|-unboost|p2a: Ceruledge|def|1\n|-boost|p2a: Ceruledge|spe|2\n|\n|-damage|p2a: Ceruledge|0 fnt|[from] psn\n|faint|p2a: Ceruledge\n|-damage|p1a: Hariyama|94\/100 brn|[from] brn\n|upkeep\n|\n|t:|1700748612\n|switch|p2a: Zapdos|Zapdos|43\/100\n|turn|9\n|\n|t:|1700748619\n|-terastallize|p1a: Hariyama|Steel\n|move|p2a: Zapdos|Hurricane|p1a: Hariyama|[miss]\n|-miss|p2a: Zapdos|p1a: Hariyama\n|move|p1a: Hariyama|Knock Off|p2a: Zapdos\n|-damage|p2a: Zapdos|0 fnt\n|-enditem|p2a: Zapdos|Heavy-Duty Boots|[from] move: Knock Off|[of] p1a: Hariyama\n|faint|p2a: Zapdos\n|\n|-damage|p1a: Hariyama|88\/100 brn|[from] brn\n|upkeep\n|inactive|Battle timer is ON: inactive players will automatically lose when time's up. (requested by adrianan)\n|\n|t:|1700748633\n|switch|p2a: Dragonite|Dragonite, M|100\/100\n|turn|10\n|\n|t:|1700748646\n|move|p2a: Dragonite|Earthquake|p1a: Hariyama\n|-supereffective|p1a: Hariyama\n|-damage|p1a: Hariyama|0 fnt\n|faint|p1a: Hariyama\n|\n|upkeep\n|\n|t:|1700748649\n|switch|p1a: Garchomp|Garchomp, F|100\/100\n|-damage|p1a: Garchomp|94\/100|[from] Stealth Rock\n|turn|11\n|\n|t:|1700748654\n|switch|p2a: Hatterene|Hatterene, F|100\/100\n|-status|p2a: Hatterene|psn\n|move|p1a: Garchomp|Dragon Tail|p2a: Hatterene\n|-immune|p2a: Hatterene\n|\n|-damage|p2a: Hatterene|88\/100 psn|[from] psn\n|upkeep\n|turn|12\n|\n|t:|1700748661\n|switch|p1a: Goodra|Goodra-Hisui, M|94\/100\n|-damage|p1a: Goodra|88\/100|[from] Stealth Rock\n|move|p2a: Hatterene|Draining Kiss|p1a: Goodra\n|-damage|p1a: Goodra|78\/100\n|-heal|p2a: Hatterene|96\/100 psn|[from] drain|[of] p1a: Goodra\n|\n|-heal|p2a: Hatterene|100\/100 psn|[from] item: Leftovers\n|-damage|p2a: Hatterene|88\/100 psn|[from] psn\n|upkeep\n|turn|13\n|inactive|prinplup fiction has 120 seconds left.\n|l| GengartoOU\n|inactive|prinplup fiction has 90 seconds left.\n|inactive|prinplup fiction has 60 seconds left.\n|\n|t:|1700748755\n|switch|p2a: Ting-Lu|Ting-Lu|76\/100 psn\n|-ability|p2a: Ting-Lu|Vessel of Ruin\n|move|p1a: Goodra|Flash Cannon|p2a: Ting-Lu\n|-damage|p2a: Ting-Lu|63\/100 psn\n|\n|-heal|p2a: Ting-Lu|69\/100 psn|[from] item: Leftovers\n|-damage|p2a: Ting-Lu|56\/100 psn|[from] psn\n|upkeep\n|turn|14\n|\n|t:|1700748768\n|move|p1a: Goodra|Dragon Pulse|p2a: Ting-Lu\n|-damage|p2a: Ting-Lu|44\/100 psn\n|move|p2a: Ting-Lu|Spikes|p1a: Goodra\n|-sidestart|p1: adrianan|Spikes\n|\n|-heal|p2a: Ting-Lu|50\/100 psn|[from] item: Leftovers\n|-damage|p2a: Ting-Lu|38\/100 psn|[from] psn\n|upkeep\n|turn|15\n|\n|t:|1700748772\n|move|p1a: Goodra|Dragon Pulse|p2a: Ting-Lu\n|-damage|p2a: Ting-Lu|25\/100 psn\n|move|p2a: Ting-Lu|Earthquake|p1a: Goodra\n|-supereffective|p1a: Goodra\n|-damage|p1a: Goodra|27\/100\n|\n|-heal|p2a: Ting-Lu|31\/100 psn|[from] item: Leftovers\n|-damage|p2a: Ting-Lu|18\/100 psn|[from] psn\n|upkeep\n|turn|16\n|\n|t:|1700748783\n|move|p1a: Goodra|Dragon Pulse|p2a: Ting-Lu\n|-damage|p2a: Ting-Lu|5\/100 psn\n|move|p2a: Ting-Lu|Spikes|p1a: Goodra\n|-sidestart|p1: adrianan|Spikes\n|\n|-heal|p2a: Ting-Lu|12\/100 psn|[from] item: Leftovers\n|-damage|p2a: Ting-Lu|0 fnt|[from] psn\n|faint|p2a: Ting-Lu\n|upkeep\n|\n|t:|1700748792\n|switch|p2a: Dragonite|Dragonite, M|100\/100\n|turn|17\n|\n|t:|1700748799\n|move|p2a: Dragonite|Earthquake|p1a: Goodra\n|-supereffective|p1a: Goodra\n|-damage|p1a: Goodra|0 fnt\n|faint|p1a: Goodra\n|\n|upkeep\n|\n|t:|1700748804\n|switch|p1a: Garchomp|Garchomp, F|94\/100\n|-damage|p1a: Garchomp|88\/100|[from] Stealth Rock\n|-damage|p1a: Garchomp|71\/100|[from] Spikes\n|turn|18\n|\n|t:|1700748809\n|switch|p2a: Hatterene|Hatterene, F|88\/100 psn\n|move|p1a: Garchomp|Earthquake|p2a: Hatterene\n|-damage|p2a: Hatterene|49\/100 psn\n|\n|-heal|p2a: Hatterene|55\/100 psn|[from] item: Leftovers\n|-damage|p2a: Hatterene|42\/100 psn|[from] psn\n|upkeep\n|turn|19\n|\n|t:|1700748818\n|switch|p1a: Azumarill|Azumarill, F|100\/100\n|-damage|p1a: Azumarill|88\/100|[from] Stealth Rock\n|-damage|p1a: Azumarill|72\/100|[from] Spikes\n|move|p2a: Hatterene|Draining Kiss|p1a: Azumarill\n|-damage|p1a: Azumarill|46\/100\n|-heal|p2a: Hatterene|67\/100 psn|[from] drain|[of] p1a: Azumarill\n|-enditem|p1a: Azumarill|Sitrus Berry|[eat]\n|-heal|p1a: Azumarill|71\/100|[from] item: Sitrus Berry\n|\n|-heal|p2a: Hatterene|73\/100 psn|[from] item: Leftovers\n|-damage|p2a: Hatterene|60\/100 psn|[from] psn\n|upkeep\n|turn|20\n|\n|t:|1700748825\n|move|p1a: Azumarill|Knock Off|p2a: Hatterene\n|-damage|p2a: Hatterene|26\/100 psn\n|-enditem|p2a: Hatterene|Leftovers|[from] move: Knock Off|[of] p1a: Azumarill\n|move|p2a: Hatterene|Draining Kiss|p1a: Azumarill\n|-damage|p1a: Azumarill|47\/100\n|-heal|p2a: Hatterene|50\/100 psn|[from] drain|[of] p1a: Azumarill\n|\n|-damage|p2a: Hatterene|37\/100 psn|[from] psn\n|upkeep\n|turn|21\n|\n|t:|1700748832\n|move|p1a: Azumarill|Play Rough|p2a: Hatterene\n|-crit|p2a: Hatterene\n|-damage|p2a: Hatterene|0 fnt\n|faint|p2a: Hatterene\n|\n|upkeep\n|\n|t:|1700748837\n|switch|p2a: Dragonite|Dragonite, M|100\/100\n|turn|22\n|\n|t:|1700748844\n|-terastallize|p2a: Dragonite|Normal\n|move|p2a: Dragonite|Extreme Speed|p1a: Azumarill\n|-damage|p1a: Azumarill|0 fnt\n|faint|p1a: Azumarill\n|\n|upkeep\n|\n|t:|1700748848\n|switch|p1a: Garchomp|Garchomp, F|71\/100\n|-damage|p1a: Garchomp|65\/100|[from] Stealth Rock\n|-damage|p1a: Garchomp|49\/100|[from] Spikes\n|turn|23\n|\n|t:|1700748856\n|move|p2a: Dragonite|Extreme Speed|p1a: Garchomp\n|-damage|p1a: Garchomp|7\/100\n|-damage|p2a: Dragonite|88\/100|[from] ability: Rough Skin|[of] p1a: Garchomp\n|-damage|p2a: Dragonite|72\/100|[from] item: Rocky Helmet|[of] p1a: Garchomp\n|move|p1a: Garchomp|Dragon Tail|p2a: Dragonite\n|-damage|p2a: Dragonite|40\/100\n|drag|p2a: Greninja|Greninja, M|100\/100\n|-status|p2a: Greninja|psn\n|\n|-damage|p2a: Greninja|88\/100 psn|[from] psn\n|upkeep\n|turn|24\n|\n|t:|1700748868\n|move|p2a: Greninja|Ice Beam|p1a: Garchomp\n|-supereffective|p1a: Garchomp\n|-damage|p1a: Garchomp|0 fnt\n|faint|p1a: Garchomp\n|-ability|p2a: Greninja|Battle Bond|boost\n|-boost|p2a: Greninja|atk|1\n|-boost|p2a: Greninja|spa|1\n|-boost|p2a: Greninja|spe|1\n|-activate|p2a: Greninja|ability: Battle Bond\n|-damage|p2a: Greninja|78\/100 psn|[from] item: Life Orb\n|\n|-damage|p2a: Greninja|66\/100 psn|[from] psn\n|upkeep\n|\n|t:|1700748870\n|switch|p1a: Thundurus|Thundurus-Therian, M|100\/100\n|-damage|p1a: Thundurus|76\/100|[from] Stealth Rock\n|turn|25\n|\n|t:|1700748881\n|move|p2a: Greninja|Ice Beam|p1a: Thundurus\n|-supereffective|p1a: Thundurus\n|-damage|p1a: Thundurus|0 fnt\n|faint|p1a: Thundurus\n|-damage|p2a: Greninja|56\/100 psn|[from] item: Life Orb\n|\n|win|prinplup fiction\n|raw|adrianan's rating: 1647 &rarr; <strong>1628<\/strong><br \/>(-19 for losing)\n|raw|prinplup fiction's rating: 1667 &rarr; <strong>1686<\/strong><br \/>(+19 for winning)\n|l|\u2606adrianan\n|l|\u2606prinplup fiction\n","uploadtime":1700749659,"views":9,"p1id":"adrianan","p2id":"prinplupfiction","formatid":"gen9ou","rating":1628,"private":0,"password":""}