{"id":"gen9ou-1996332760","p1":"Nightmyst","p2":"Blizzchor","format":"[Gen 9] OU","log":"|j|\u2606Nightmyst\n|j|\u2606Blizzchor\n|t:|1700672022\n|gametype|singles\n|player|p1|Nightmyst|169|1487\n|player|p2|Blizzchor|colress|1576\n|teamsize|p1|6\n|teamsize|p2|6\n|gen|9\n|tier|[Gen 9] OU\n|rated|\n|rule|Sleep Clause Mod: Limit one foe put to sleep\n|rule|Species Clause: Limit one of each Pok\u00e9mon\n|rule|OHKO Clause: OHKO moves are banned\n|rule|Evasion Items Clause: Evasion items are banned\n|rule|Evasion Moves Clause: Evasion moves are banned\n|rule|Endless Battle Clause: Forcing endless battles is banned\n|rule|HP Percentage Mod: HP is shown in percentages\n|clearpoke\n|poke|p1|Dragapult, F|\n|poke|p1|Milotic, M|\n|poke|p1|Heatran, F|\n|poke|p1|Great Tusk|\n|poke|p1|Weezing-Galar, F|\n|poke|p1|Ribombee, F|\n|poke|p2|Rillaboom, M|\n|poke|p2|Arcanine-Hisui, M|\n|poke|p2|Walking Wake|\n|poke|p2|Great Tusk|\n|poke|p2|Gholdengo|\n|poke|p2|Muk-Alola, M|\n|teampreview\n|\n|t:|1700672041\n|start\n|switch|p1a: Dragapult|Dragapult, F|100\/100\n|switch|p2a: Krankl\u2019d|Arcanine-Hisui, M|100\/100\n|turn|1\n|\n|t:|1700672048\n|switch|p2a: Mouk\u2019d|Muk-Alola, M|100\/100\n|move|p1a: Dragapult|Surf|p2a: Mouk\u2019d\n|-damage|p2a: Mouk\u2019d|78\/100\n|\n|upkeep\n|turn|2\n|\n|t:|1700672062\n|switch|p1a: Great Tusk|Great Tusk|100\/100\n|move|p2a: Mouk\u2019d|Knock Off|p1a: Great Tusk\n|-resisted|p1a: Great Tusk\n|-damage|p1a: Great Tusk|83\/100\n|-enditem|p1a: Great Tusk|Choice Band|[from] move: Knock Off|[of] p2a: Mouk\u2019d\n|\n|upkeep\n|turn|3\n|\n|t:|1700672072\n|move|p1a: Great Tusk|Headlong Rush|p2a: Mouk\u2019d\n|-supereffective|p2a: Mouk\u2019d\n|-damage|p2a: Mouk\u2019d|0 fnt\n|-unboost|p1a: Great Tusk|def|1\n|-unboost|p1a: Great Tusk|spd|1\n|faint|p2a: Mouk\u2019d\n|\n|upkeep\n|\n|t:|1700672076\n|switch|p2a: Goob\u2019d|Walking Wake|100\/100\n|turn|4\n|\n|t:|1700672086\n|-end|p1a: Great Tusk|Protosynthesis|[silent]\n|switch|p1a: Milotic|Milotic, M|100\/100\n|move|p2a: Goob\u2019d|Flip Turn|p1a: Milotic\n|-resisted|p1a: Milotic\n|-damage|p1a: Milotic|94\/100\n|\n|t:|1700672090\n|-end|p2a: Goob\u2019d|Protosynthesis|[silent]\n|switch|p2a: Quash\u2019d|Rillaboom, M, shiny|100\/100|[from] Flip Turn\n|-fieldstart|move: Grassy Terrain|[from] ability: Grassy Surge|[of] p2a: Quash\u2019d\n|\n|-heal|p1a: Milotic|99\/100|[from] Grassy Terrain\n|upkeep\n|turn|5\n|\n|t:|1700672100\n|switch|p1a: Weezing|Weezing-Galar, F|100\/100\n|-ability|p1a: Weezing|Neutralizing Gas\n|move|p2a: Quash\u2019d|U-turn|p1a: Weezing\n|-resisted|p1a: Weezing\n|-damage|p1a: Weezing|94\/100\n|\n|t:|1700672104\n|switch|p2a: Krankl\u2019d|Arcanine-Hisui, M|100\/100|[from] U-turn\n|\n|-heal|p1a: Weezing|100\/100|[from] Grassy Terrain\n|upkeep\n|turn|6\n|\n|t:|1700672121\n|-end|p1a: Weezing|ability: Neutralizing Gas\n|switch|p1a: Great Tusk|Great Tusk|83\/100\n|move|p2a: Krankl\u2019d|Head Smash|p1a: Great Tusk\n|-resisted|p1a: Great Tusk\n|-damage|p1a: Great Tusk|71\/100\n|\n|-heal|p1a: Great Tusk|77\/100|[from] Grassy Terrain\n|upkeep\n|turn|7\n|\n|t:|1700672137\n|switch|p2a: Unrup\u2019d|Great Tusk|100\/100\n|move|p1a: Great Tusk|Knock Off|p2a: Unrup\u2019d\n|-resisted|p2a: Unrup\u2019d\n|-damage|p2a: Unrup\u2019d|88\/100\n|-enditem|p2a: Unrup\u2019d|Heavy-Duty Boots|[from] move: Knock Off|[of] p1a: Great Tusk\n|\n|-heal|p2a: Unrup\u2019d|94\/100|[from] Grassy Terrain\n|-heal|p1a: Great Tusk|83\/100|[from] Grassy Terrain\n|upkeep\n|turn|8\n|\n|t:|1700672156\n|move|p2a: Unrup\u2019d|Stealth Rock|p1a: Great Tusk\n|-sidestart|p1: Nightmyst|move: Stealth Rock\n|move|p1a: Great Tusk|Ice Spinner|p2a: Unrup\u2019d\n|-supereffective|p2a: Unrup\u2019d\n|-damage|p2a: Unrup\u2019d|46\/100\n|-fieldend|move: Grassy Terrain\n|\n|upkeep\n|turn|9\n|\n|t:|1700672169\n|move|p2a: Unrup\u2019d|Ice Spinner|p1a: Great Tusk\n|-supereffective|p1a: Great Tusk\n|-damage|p1a: Great Tusk|40\/100\n|move|p1a: Great Tusk|Headlong Rush|p2a: Unrup\u2019d\n|-damage|p2a: Unrup\u2019d|0 fnt\n|-unboost|p1a: Great Tusk|def|1\n|-unboost|p1a: Great Tusk|spd|1\n|faint|p2a: Unrup\u2019d\n|-end|p2a: Unrup\u2019d|Protosynthesis|[silent]\n|\n|upkeep\n|\n|t:|1700672178\n|switch|p2a: Goob\u2019d|Walking Wake|100\/100\n|turn|10\n|\n|t:|1700672189\n|-end|p1a: Great Tusk|Protosynthesis|[silent]\n|switch|p1a: Milotic|Milotic, M|99\/100\n|move|p2a: Goob\u2019d|Flip Turn|p1a: Milotic\n|-resisted|p1a: Milotic\n|-damage|p1a: Milotic|93\/100\n|\n|t:|1700672193\n|-end|p2a: Goob\u2019d|Protosynthesis|[silent]\n|switch|p2a: Quash\u2019d|Rillaboom, M, shiny|100\/100|[from] Flip Turn\n|-fieldstart|move: Grassy Terrain|[from] ability: Grassy Surge|[of] p2a: Quash\u2019d\n|\n|-heal|p1a: Milotic|99\/100|[from] Grassy Terrain\n|upkeep\n|turn|11\n|\n|t:|1700672203\n|move|p2a: Quash\u2019d|U-turn|p1a: Milotic\n|-damage|p1a: Milotic|64\/100\n|\n|t:|1700672205\n|switch|p2a: Goob\u2019d|Walking Wake|100\/100|[from] U-turn\n|move|p1a: Milotic|Scald|p2a: Goob\u2019d\n|-resisted|p2a: Goob\u2019d\n|-damage|p2a: Goob\u2019d|93\/100\n|-status|p2a: Goob\u2019d|brn\n|\n|-heal|p2a: Goob\u2019d|99\/100 brn|[from] Grassy Terrain\n|-heal|p1a: Milotic|70\/100|[from] Grassy Terrain\n|-damage|p2a: Goob\u2019d|93\/100 brn|[from] brn\n|upkeep\n|turn|12\n|\n|t:|1700672220\n|move|p2a: Goob\u2019d|Flip Turn|p1a: Milotic\n|-resisted|p1a: Milotic\n|-damage|p1a: Milotic|66\/100\n|\n|t:|1700672222\n|-end|p2a: Goob\u2019d|Protosynthesis|[silent]\n|switch|p2a: Quash\u2019d|Rillaboom, M, shiny|100\/100|[from] Flip Turn\n|move|p1a: Milotic|Recover|p1a: Milotic\n|-heal|p1a: Milotic|100\/100\n|\n|upkeep\n|turn|13\n|\n|t:|1700672234\n|switch|p1a: Heatran|Heatran, F|100\/100\n|-damage|p1a: Heatran|88\/100|[from] Stealth Rock\n|move|p2a: Quash\u2019d|U-turn|p1a: Heatran\n|-resisted|p1a: Heatran\n|-damage|p1a: Heatran|81\/100\n|-status|p2a: Quash\u2019d|brn|[from] ability: Flame Body|[of] p1a: Heatran\n|\n|t:|1700672240\n|switch|p2a: Krankl\u2019d|Arcanine-Hisui, M|100\/100|[from] U-turn\n|\n|-heal|p1a: Heatran|87\/100|[from] Grassy Terrain\n|-heal|p1a: Heatran|93\/100|[from] item: Leftovers\n|upkeep\n|turn|14\n|\n|t:|1700672250\n|-terastallize|p1a: Heatran|Grass\n|move|p2a: Krankl\u2019d|Flare Blitz|p1a: Heatran\n|-supereffective|p1a: Heatran\n|-damage|p1a: Heatran|0 fnt\n|faint|p1a: Heatran\n|\n|-fieldend|move: Grassy Terrain\n|upkeep\n|\n|t:|1700672265\n|switch|p1a: Weezing|Weezing-Galar, F|100\/100\n|-ability|p1a: Weezing|Neutralizing Gas\n|-damage|p1a: Weezing|88\/100|[from] Stealth Rock\n|turn|15\n|\n|t:|1700672268\n|move|p2a: Krankl\u2019d|Head Smash|p1a: Weezing\n|-damage|p1a: Weezing|43\/100\n|-damage|p2a: Krankl\u2019d|78\/100|[from] Recoil\n|move|p1a: Weezing|Defog|p2a: Krankl\u2019d\n|-unboost|p2a: Krankl\u2019d|evasion|1\n|-sideend|p1: Nightmyst|Stealth Rock|[from] move: Defog|[of] p1a: Weezing\n|\n|-heal|p1a: Weezing|49\/100|[from] item: Leftovers\n|upkeep\n|turn|16\n|\n|t:|1700672279\n|move|p2a: Krankl\u2019d|Flame Charge|p1a: Weezing\n|-damage|p1a: Weezing|32\/100\n|-boost|p2a: Krankl\u2019d|spe|1\n|move|p1a: Weezing|Pain Split|p2a: Krankl\u2019d\n|-sethp|p2a: Krankl\u2019d|55\/100|[from] move: Pain Split|[silent]\n|-sethp|p1a: Weezing|54\/100|[from] move: Pain Split\n|\n|-heal|p1a: Weezing|60\/100|[from] item: Leftovers\n|upkeep\n|turn|17\n|\n|t:|1700672288\n|-end|p1a: Weezing|ability: Neutralizing Gas\n|switch|p1a: Milotic|Milotic, M|100\/100\n|move|p2a: Krankl\u2019d|Flare Blitz|p1a: Milotic\n|-resisted|p1a: Milotic\n|-damage|p1a: Milotic|73\/100\n|\n|upkeep\n|turn|18\n|\n|t:|1700672300\n|switch|p2a: Quash\u2019d|Rillaboom, M, shiny|100\/100 brn\n|-fieldstart|move: Grassy Terrain|[from] ability: Grassy Surge|[of] p2a: Quash\u2019d\n|move|p1a: Milotic|Scald|p2a: Quash\u2019d\n|-resisted|p2a: Quash\u2019d\n|-damage|p2a: Quash\u2019d|83\/100 brn\n|\n|-heal|p2a: Quash\u2019d|89\/100 brn|[from] Grassy Terrain\n|-heal|p1a: Milotic|79\/100|[from] Grassy Terrain\n|-damage|p2a: Quash\u2019d|83\/100 brn|[from] brn\n|upkeep\n|turn|19\n|\n|t:|1700672316\n|switch|p1a: Ribombee|Ribombee, F|100\/100\n|move|p2a: Quash\u2019d|Knock Off|p1a: Ribombee\n|-resisted|p1a: Ribombee\n|-damage|p1a: Ribombee|82\/100\n|-enditem|p1a: Ribombee|Focus Sash|[from] move: Knock Off|[of] p2a: Quash\u2019d\n|\n|-heal|p1a: Ribombee|88\/100|[from] Grassy Terrain\n|-heal|p2a: Quash\u2019d|89\/100 brn|[from] Grassy Terrain\n|-damage|p2a: Quash\u2019d|83\/100 brn|[from] brn\n|upkeep\n|turn|20\n|\n|t:|1700672322\n|switch|p2a: Goob\u2019d|Walking Wake|93\/100 brn\n|move|p1a: Ribombee|Sticky Web|p2a: Goob\u2019d\n|-sidestart|p2: Blizzchor|move: Sticky Web\n|\n|-heal|p2a: Goob\u2019d|99\/100 brn|[from] Grassy Terrain\n|-heal|p1a: Ribombee|94\/100|[from] Grassy Terrain\n|-damage|p2a: Goob\u2019d|93\/100 brn|[from] brn\n|upkeep\n|turn|21\n|\n|t:|1700672328\n|move|p2a: Goob\u2019d|Surf|p1a: Ribombee\n|-damage|p1a: Ribombee|26\/100\n|move|p1a: Ribombee|Moonblast|p2a: Goob\u2019d\n|-supereffective|p2a: Goob\u2019d\n|-damage|p2a: Goob\u2019d|24\/100 brn\n|-unboost|p2a: Goob\u2019d|spa|1\n|\n|-heal|p2a: Goob\u2019d|30\/100 brn|[from] Grassy Terrain\n|-heal|p1a: Ribombee|32\/100|[from] Grassy Terrain\n|-damage|p2a: Goob\u2019d|24\/100 brn|[from] brn\n|upkeep\n|turn|22\n|\n|t:|1700672339\n|-end|p2a: Goob\u2019d|Protosynthesis|[silent]\n|switch|p2a: Quash\u2019d|Rillaboom, M, shiny|83\/100 brn\n|-activate|p2a: Quash\u2019d|move: Sticky Web\n|-unboost|p2a: Quash\u2019d|spe|1\n|move|p1a: Ribombee|Moonblast|p2a: Quash\u2019d\n|-damage|p2a: Quash\u2019d|37\/100 brn\n|-unboost|p2a: Quash\u2019d|spa|1\n|\n|-heal|p1a: Ribombee|39\/100|[from] Grassy Terrain\n|-heal|p2a: Quash\u2019d|43\/100 brn|[from] Grassy Terrain\n|-damage|p2a: Quash\u2019d|37\/100 brn|[from] brn\n|-fieldend|move: Grassy Terrain\n|upkeep\n|turn|23\n|\n|t:|1700672348\n|move|p1a: Ribombee|Moonblast|p2a: Quash\u2019d\n|-damage|p2a: Quash\u2019d|0 fnt\n|faint|p2a: Quash\u2019d\n|\n|upkeep\n|\n|t:|1700672355\n|switch|p2a: Krankl\u2019d|Arcanine-Hisui, M|55\/100\n|turn|24\n|\n|t:|1700672369\n|move|p1a: Ribombee|Tailwind|p1a: Ribombee\n|-sidestart|p1: Nightmyst|move: Tailwind\n|move|p2a: Krankl\u2019d|Flare Blitz|p1a: Ribombee\n|-supereffective|p1a: Ribombee\n|-damage|p1a: Ribombee|0 fnt\n|faint|p1a: Ribombee\n|\n|upkeep\n|\n|t:|1700672376\n|switch|p1a: Great Tusk|Great Tusk|40\/100\n|turn|25\n|\n|t:|1700672385\n|-terastallize|p2a: Krankl\u2019d|Grass\n|move|p1a: Great Tusk|Close Combat|p2a: Krankl\u2019d\n|-damage|p2a: Krankl\u2019d|0 fnt\n|-unboost|p1a: Great Tusk|def|1\n|-unboost|p1a: Great Tusk|spd|1\n|faint|p2a: Krankl\u2019d\n|\n|upkeep\n|\n|t:|1700672389\n|switch|p2a: Strough\u2019d|Gholdengo|100\/100\n|-item|p2a: Strough\u2019d|Air Balloon\n|turn|26\n|\n|t:|1700672400\n|move|p1a: Great Tusk|Knock Off|p2a: Strough\u2019d\n|-supereffective|p2a: Strough\u2019d\n|-damage|p2a: Strough\u2019d|54\/100\n|-enditem|p2a: Strough\u2019d|Air Balloon\n|move|p2a: Strough\u2019d|Hex|p1a: Great Tusk\n|-damage|p1a: Great Tusk|0 fnt\n|faint|p1a: Great Tusk\n|-end|p1a: Great Tusk|Protosynthesis|[silent]\n|\n|upkeep\n|\n|t:|1700672408\n|switch|p1a: Dragapult|Dragapult, F|100\/100\n|turn|27\n|\n|t:|1700672412\n|move|p1a: Dragapult|Shadow Ball|p2a: Strough\u2019d\n|-supereffective|p2a: Strough\u2019d\n|-damage|p2a: Strough\u2019d|0 fnt\n|faint|p2a: Strough\u2019d\n|\n|-sideend|p1: Nightmyst|move: Tailwind\n|upkeep\n|\n|t:|1700672414\n|switch|p2a: Goob\u2019d|Walking Wake|24\/100 brn\n|-activate|p2a: Goob\u2019d|move: Sticky Web\n|-unboost|p2a: Goob\u2019d|spe|1\n|turn|28\n|-message|Blizzchor forfeited.\n|\n|win|Nightmyst\n|raw|Nightmyst's rating: 1487 &rarr; <strong>1512<\/strong><br \/>(+25 for winning)\n|raw|Blizzchor's rating: 1576 &rarr; <strong>1551<\/strong><br \/>(-25 for losing)\n|l|\u2606Blizzchor\n|c|\u2606Nightmyst|gg\n|l|\u2606Nightmyst\n|j|\u2606Nightmyst\n|player|p1|Nightmyst|169\n","uploadtime":1700674592,"views":9,"p1id":"nightmyst","p2id":"blizzchor","formatid":"gen9ou","rating":1512,"private":0,"password":""}