{"id":"gen9ou-1991803619","p1":"wyverbal","p2":"Smash durrys","format":"[Gen 9] OU","log":"|j|\u2606wyverbal\n|j|\u2606Smash durrys\n|t:|1700120340\n|gametype|singles\n|player|p1|wyverbal|169|1107\n|player|p2|Smash durrys|265|1171\n|teamsize|p1|6\n|teamsize|p2|6\n|gen|9\n|tier|[Gen 9] OU\n|rated|\n|rule|Sleep Clause Mod: Limit one foe put to sleep\n|rule|Species Clause: Limit one of each Pok\u00e9mon\n|rule|OHKO Clause: OHKO moves are banned\n|rule|Evasion Items Clause: Evasion items are banned\n|rule|Evasion Moves Clause: Evasion moves are banned\n|rule|Endless Battle Clause: Forcing endless battles is banned\n|rule|HP Percentage Mod: HP is shown in percentages\n|clearpoke\n|poke|p1|Armarouge, F|\n|poke|p1|Revavroom, F|\n|poke|p1|Veluza, M|\n|poke|p1|Chesnaught, F|\n|poke|p1|Vaporeon, M|\n|poke|p1|Scizor, F|\n|poke|p2|Altaria, M|\n|poke|p2|Volcanion|\n|poke|p2|Dondozo, M|\n|poke|p2|Great Tusk|\n|poke|p2|Clodsire, F|\n|poke|p2|Kleavor, F|\n|teampreview\n|inactive|Battle timer is ON: inactive players will automatically lose when time's up. (requested by wyverbal)\n|j| Pokeman is awesome\n|\n|t:|1700120345\n|start\n|switch|p1a: Veluza|Veluza, M, shiny|100\/100\n|switch|p2a: Kleavor|Kleavor, F|100\/100\n|-ability|p1a: Veluza|Mold Breaker\n|turn|1\n|\n|t:|1700120351\n|move|p2a: Kleavor|X-Scissor|p1a: Veluza\n|-supereffective|p1a: Veluza\n|-damage|p1a: Veluza|0 fnt\n|faint|p1a: Veluza\n|\n|upkeep\n|l| Pokeman is awesome\n|\n|t:|1700120366\n|switch|p1a: Scizor|Scizor, F, shiny|100\/100\n|turn|2\n|\n|t:|1700120371\n|switch|p2a: Great Tusk|Great Tusk|100\/100\n|move|p1a: Scizor|Swords Dance|p1a: Scizor\n|-boost|p1a: Scizor|atk|2\n|\n|upkeep\n|turn|3\n|\n|t:|1700120376\n|-end|p2a: Great Tusk|Protosynthesis|[silent]\n|switch|p2a: Dondozo|Dondozo, M|100\/100\n|move|p1a: Scizor|Swords Dance|p1a: Scizor\n|-boost|p1a: Scizor|atk|2\n|\n|upkeep\n|turn|4\n|c|\u2606Smash durrys|Are you just trying to set up on everything?\n|\n|t:|1700120391\n|move|p1a: Scizor|Thief|p2a: Dondozo\n|-damage|p2a: Dondozo|86\/100\n|-damage|p1a: Scizor|84\/100|[from] item: Rocky Helmet|[of] p2a: Dondozo\n|move|p2a: Dondozo|Liquidation|p1a: Scizor\n|-damage|p1a: Scizor|53\/100\n|\n|upkeep\n|turn|5\n|\n|t:|1700120399\n|move|p1a: Scizor|Quick Attack|p2a: Dondozo\n|-damage|p2a: Dondozo|75\/100\n|-damage|p1a: Scizor|36\/100|[from] item: Rocky Helmet|[of] p2a: Dondozo\n|-enditem|p1a: Scizor|Sitrus Berry|[eat]\n|-heal|p1a: Scizor|61\/100|[from] item: Sitrus Berry\n|move|p2a: Dondozo|Liquidation|p1a: Scizor\n|-damage|p1a: Scizor|28\/100\n|\n|upkeep\n|turn|6\n|\n|t:|1700120408\n|move|p1a: Scizor|Thief|p2a: Dondozo\n|-damage|p2a: Dondozo|58\/100\n|-damage|p1a: Scizor|12\/100|[from] item: Rocky Helmet|[of] p2a: Dondozo\n|-enditem|p2a: Dondozo|Rocky Helmet|[silent]|[from] move: Thief|[of] p1a: Scizor\n|-item|p1a: Scizor|Rocky Helmet|[from] move: Thief|[of] p2a: Dondozo\n|move|p2a: Dondozo|Liquidation|p1a: Scizor\n|-damage|p1a: Scizor|0 fnt\n|-damage|p2a: Dondozo|42\/100|[from] item: Rocky Helmet|[of] p1a: Scizor\n|faint|p1a: Scizor\n|\n|upkeep\n|\n|t:|1700120421\n|switch|p1a: Armarouge|Armarouge, F, shiny|100\/100\n|turn|7\n|\n|t:|1700120425\n|move|p1a: Armarouge|Energy Ball|p2a: Dondozo\n|-supereffective|p2a: Dondozo\n|-damage|p2a: Dondozo|0 fnt\n|faint|p2a: Dondozo\n|\n|upkeep\n|\n|t:|1700120438\n|switch|p2a: Great Tusk|Great Tusk|100\/100\n|turn|8\n|\n|t:|1700120444\n|-terastallize|p1a: Armarouge|Grass\n|move|p2a: Great Tusk|Headlong Rush|p1a: Armarouge\n|-resisted|p1a: Armarouge\n|-damage|p1a: Armarouge|76\/100\n|-unboost|p2a: Great Tusk|def|1\n|-unboost|p2a: Great Tusk|spd|1\n|move|p1a: Armarouge|Energy Ball|p2a: Great Tusk\n|-supereffective|p2a: Great Tusk\n|-damage|p2a: Great Tusk|0 fnt\n|faint|p2a: Great Tusk\n|-end|p2a: Great Tusk|Protosynthesis|[silent]\n|\n|upkeep\n|\n|t:|1700120449\n|switch|p2a: Volcanion|Volcanion|100\/100\n|turn|9\n|\n|t:|1700120459\n|move|p1a: Armarouge|Energy Ball|p2a: Volcanion\n|-damage|p2a: Volcanion|75\/100\n|move|p2a: Volcanion|Flamethrower|p1a: Armarouge\n|-start|p1a: Armarouge|ability: Flash Fire\n|\n|upkeep\n|turn|10\n|\n|t:|1700120466\n|move|p1a: Armarouge|Psyshock|p2a: Volcanion\n|-damage|p2a: Volcanion|39\/100\n|move|p2a: Volcanion|Sludge Bomb|p1a: Armarouge\n|-supereffective|p1a: Armarouge\n|-damage|p1a: Armarouge|23\/100\n|\n|upkeep\n|turn|11\n|\n|t:|1700120473\n|move|p1a: Armarouge|Psyshock|p2a: Volcanion\n|-damage|p2a: Volcanion|0 fnt\n|faint|p2a: Volcanion\n|\n|upkeep\n|l|\u2606Smash durrys\n|inactive|Smash durrys disconnected and has a minute to reconnect!\n|player|p2|\n|inactive|Smash durrys has 30 seconds to reconnect!\n|inactive|Smash durrys has 20 seconds to reconnect!\n|inactive|Smash durrys has 15 seconds to reconnect!\n|inactive|Smash durrys has 10 seconds to reconnect!\n|inactive|Smash durrys has 5 seconds to reconnect!\n|-message|Smash durrys lost due to inactivity.\n|\n|win|wyverbal\n|raw|wyverbal's rating: 1107 &rarr; <strong>1137<\/strong><br \/>(+30 for winning)\n|raw|Smash durrys's rating: 1171 &rarr; <strong>1141<\/strong><br \/>(-30 for losing)\n","uploadtime":1700120543,"views":7,"p1id":"wyverbal","p2id":"smashdurrys","formatid":"gen9ou","rating":1137,"private":0,"password":""}