{"id":"gen9ou-1996652204","p1":"mathismathin","p2":"tyrtle li","format":"[Gen 9] OU","log":"|j|\u2606mathismathin\n|j|\u2606tyrtle li\n|t:|1700705419\n|gametype|singles\n|player|p1|mathismathin|nate|1641\n|player|p2|tyrtle li|169|1654\n|teamsize|p1|6\n|teamsize|p2|6\n|gen|9\n|tier|[Gen 9] OU\n|rated|\n|rule|Sleep Clause Mod: Limit one foe put to sleep\n|rule|Species Clause: Limit one of each Pok\u00e9mon\n|rule|OHKO Clause: OHKO moves are banned\n|rule|Evasion Items Clause: Evasion items are banned\n|rule|Evasion Moves Clause: Evasion moves are banned\n|rule|Endless Battle Clause: Forcing endless battles is banned\n|rule|HP Percentage Mod: HP is shown in percentages\n|clearpoke\n|poke|p1|Regidrago|\n|poke|p1|Cinderace, F|\n|poke|p1|Great Tusk|\n|poke|p1|Zapdos|\n|poke|p1|Garganacl, F|\n|poke|p1|Samurott-Hisui, M|\n|poke|p2|Samurott-Hisui, F|\n|poke|p2|Ceruledge, F|\n|poke|p2|Thundurus-Therian, M|\n|poke|p2|Amoonguss, M|\n|poke|p2|Great Tusk|\n|poke|p2|Gholdengo|\n|teampreview\n|inactive|Battle timer is ON: inactive players will automatically lose when time's up. (requested by tyrtle li)\n|\n|t:|1700705447\n|start\n|switch|p1a: Zapdos|Zapdos|100\/100\n|switch|p2a: Thor|Thundurus-Therian, M, shiny|100\/100\n|turn|1\n|\n|t:|1700705459\n|switch|p1a: Garganacl|Garganacl, F|100\/100\n|move|p2a: Thor|Volt Switch|p1a: Garganacl\n|-damage|p1a: Garganacl|74\/100\n|\n|t:|1700705474\n|switch|p2a: Sekiro|Samurott-Hisui, F, shiny|100\/100|[from] Volt Switch\n|\n|-heal|p1a: Garganacl|80\/100|[from] item: Leftovers\n|upkeep\n|turn|2\n|\n|t:|1700705484\n|switch|p1a: Zapdos|Zapdos|100\/100\n|move|p2a: Sekiro|Flip Turn|p1a: Zapdos\n|-damage|p1a: Zapdos|73\/100\n|\n|t:|1700705487\n|switch|p2a: Thor|Thundurus-Therian, M, shiny|100\/100|[from] Flip Turn\n|\n|upkeep\n|turn|3\n|\n|t:|1700705492\n|-terastallize|p2a: Thor|Ice\n|move|p2a: Thor|Tera Blast|p1a: Zapdos|[anim] Tera Blast Ice\n|-supereffective|p1a: Zapdos\n|-damage|p1a: Zapdos|0 fnt\n|faint|p1a: Zapdos\n|\n|upkeep\n|\n|t:|1700705497\n|switch|p1a: Samurott|Samurott-Hisui, M|100\/100\n|turn|4\n|\n|t:|1700705500\n|move|p1a: Samurott|Ceaseless Edge|p2a: Thor\n|-damage|p2a: Thor|31\/100\n|-sidestart|p2: tyrtle li|Spikes\n|move|p2a: Thor|Volt Switch|p1a: Samurott\n|-supereffective|p1a: Samurott\n|-damage|p1a: Samurott|0 fnt\n|faint|p1a: Samurott\n|\n|t:|1700705506\n|switch|p2a: Dumbo|Great Tusk, shiny|100\/100|[from] Volt Switch\n|-damage|p2a: Dumbo|88\/100|[from] Spikes\n|\n|-heal|p2a: Dumbo|94\/100|[from] item: Leftovers\n|upkeep\n|inactive|mathismathin has 120 seconds left.\n|\n|t:|1700705556\n|switch|p1a: Regidrago|Regidrago|100\/100\n|turn|5\n|\n|t:|1700705560\n|-end|p2a: Dumbo|Protosynthesis|[silent]\n|switch|p2a: Kuzko|Gholdengo, shiny|100\/100\n|-damage|p2a: Kuzko|88\/100|[from] Spikes\n|move|p1a: Regidrago|Dragon Energy|p2a: Kuzko\n|-resisted|p2a: Kuzko\n|-damage|p2a: Kuzko|16\/100\n|\n|-heal|p2a: Kuzko|22\/100|[from] item: Leftovers\n|upkeep\n|turn|6\n|\n|t:|1700705566\n|move|p1a: Regidrago|Dragon Energy|p2a: Kuzko\n|-resisted|p2a: Kuzko\n|-damage|p2a: Kuzko|0 fnt\n|faint|p2a: Kuzko\n|\n|upkeep\n|\n|t:|1700705568\n|switch|p2a: Sekiro|Samurott-Hisui, F, shiny|100\/100\n|-damage|p2a: Sekiro|88\/100|[from] Spikes\n|turn|7\n|\n|t:|1700705576\n|switch|p1a: Great Tusk|Great Tusk|100\/100\n|move|p2a: Sekiro|Ceaseless Edge|p1a: Great Tusk\n|-resisted|p1a: Great Tusk\n|-damage|p1a: Great Tusk|90\/100\n|-sidestart|p1: mathismathin|Spikes\n|\n|-heal|p1a: Great Tusk|96\/100|[from] item: Leftovers\n|upkeep\n|turn|8\n|\n|t:|1700705581\n|switch|p2a: Amanita Phalloides|Amoonguss, M, shiny|100\/100\n|-damage|p2a: Amanita Phalloides|88\/100|[from] Spikes\n|move|p1a: Great Tusk|Rapid Spin|p2a: Amanita Phalloides\n|-damage|p2a: Amanita Phalloides|75\/100\n|-boost|p1a: Great Tusk|spe|1\n|-sideend|p1: mathismathin|Spikes|[from] move: Rapid Spin|[of] p1a: Great Tusk\n|-enditem|p2a: Amanita Phalloides|Red Card|[of] p1a: Great Tusk\n|-end|p1a: Great Tusk|Protosynthesis|[silent]\n|drag|p1a: Cinderace|Cinderace, F|100\/100\n|\n|upkeep\n|turn|9\n|\n|t:|1700705593\n|switch|p2a: Palpatin|Ceruledge, F, shiny|100\/100\n|move|p1a: Cinderace|Pyro Ball|p2a: Palpatin\n|-resisted|p2a: Palpatin\n|-damage|p2a: Palpatin|64\/100\n|-ability|p2a: Palpatin|Weak Armor|boost\n|-unboost|p2a: Palpatin|def|1\n|-boost|p2a: Palpatin|spe|2\n|\n|upkeep\n|turn|10\n|\n|t:|1700705613\n|switch|p2a: Sekiro|Samurott-Hisui, F, shiny|88\/100\n|-damage|p2a: Sekiro|76\/100|[from] Spikes\n|-terastallize|p1a: Cinderace|Fire\n|move|p1a: Cinderace|Pyro Ball|p2a: Sekiro\n|-resisted|p2a: Sekiro\n|-damage|p2a: Sekiro|37\/100\n|\n|upkeep\n|turn|11\n|\n|t:|1700705622\n|switch|p1a: Regidrago|Regidrago|100\/100\n|move|p2a: Sekiro|Aqua Cutter|p1a: Regidrago\n|-resisted|p1a: Regidrago\n|-damage|p1a: Regidrago|72\/100\n|\n|upkeep\n|turn|12\n|\n|t:|1700705628\n|switch|p2a: Amanita Phalloides|Amoonguss, M, shiny|100\/100\n|-damage|p2a: Amanita Phalloides|88\/100|[from] Spikes\n|move|p1a: Regidrago|Dragon Energy|p2a: Amanita Phalloides\n|-damage|p2a: Amanita Phalloides|0 fnt\n|faint|p2a: Amanita Phalloides\n|\n|upkeep\n|\n|t:|1700705633\n|switch|p2a: Thor|Thundurus-Therian, M, shiny, tera:Ice|31\/100\n|turn|13\n|\n|t:|1700705636\n|switch|p1a: Cinderace|Cinderace, F, tera:Fire|100\/100\n|move|p2a: Thor|Tera Blast|p1a: Cinderace|[anim] Tera Blast Ice\n|-resisted|p1a: Cinderace\n|-damage|p1a: Cinderace|71\/100\n|\n|upkeep\n|turn|14\n|\n|t:|1700705641\n|switch|p2a: Dumbo|Great Tusk, shiny|94\/100\n|-damage|p2a: Dumbo|82\/100|[from] Spikes\n|move|p1a: Cinderace|Pyro Ball|p2a: Dumbo\n|-damage|p2a: Dumbo|51\/100\n|\n|-heal|p2a: Dumbo|57\/100|[from] item: Leftovers\n|upkeep\n|turn|15\n|\n|t:|1700705644\n|move|p1a: Cinderace|Will-O-Wisp|p2a: Dumbo\n|-status|p2a: Dumbo|brn\n|move|p2a: Dumbo|Rapid Spin|p1a: Cinderace\n|-damage|p1a: Cinderace|62\/100\n|-boost|p2a: Dumbo|spe|1\n|-sideend|p2: tyrtle li|Spikes|[from] move: Rapid Spin|[of] p2a: Dumbo\n|\n|-heal|p2a: Dumbo|63\/100 brn|[from] item: Leftovers\n|-damage|p2a: Dumbo|57\/100 brn|[from] brn\n|upkeep\n|turn|16\n|\n|t:|1700705647\n|switch|p1a: Great Tusk|Great Tusk|96\/100\n|move|p2a: Dumbo|Earthquake|p1a: Great Tusk\n|-damage|p1a: Great Tusk|86\/100\n|\n|-heal|p2a: Dumbo|63\/100 brn|[from] item: Leftovers\n|-heal|p1a: Great Tusk|92\/100|[from] item: Leftovers\n|-damage|p2a: Dumbo|57\/100 brn|[from] brn\n|upkeep\n|turn|17\n|\n|t:|1700705652\n|move|p2a: Dumbo|Stealth Rock|p1a: Great Tusk\n|-sidestart|p1: mathismathin|move: Stealth Rock\n|move|p1a: Great Tusk|Earthquake|p2a: Dumbo\n|-damage|p2a: Dumbo|36\/100 brn\n|\n|-heal|p2a: Dumbo|42\/100 brn|[from] item: Leftovers\n|-heal|p1a: Great Tusk|98\/100|[from] item: Leftovers\n|-damage|p2a: Dumbo|36\/100 brn|[from] brn\n|upkeep\n|turn|18\n|\n|t:|1700705673\n|-end|p2a: Dumbo|Protosynthesis|[silent]\n|switch|p2a: Palpatin|Ceruledge, F, shiny|64\/100\n|move|p1a: Great Tusk|Earthquake|p2a: Palpatin\n|-supereffective|p2a: Palpatin\n|-damage|p2a: Palpatin|0 fnt\n|faint|p2a: Palpatin\n|\n|-heal|p1a: Great Tusk|100\/100|[from] item: Leftovers\n|upkeep\n|\n|t:|1700705675\n|switch|p2a: Thor|Thundurus-Therian, M, shiny, tera:Ice|31\/100\n|turn|19\n|\n|t:|1700705681\n|-end|p1a: Great Tusk|Protosynthesis|[silent]\n|switch|p1a: Garganacl|Garganacl, F|80\/100\n|-damage|p1a: Garganacl|68\/100|[from] Stealth Rock\n|move|p2a: Thor|Tera Blast|p1a: Garganacl|[anim] Tera Blast Ice\n|-damage|p1a: Garganacl|39\/100\n|\n|-heal|p1a: Garganacl|45\/100|[from] item: Leftovers\n|upkeep\n|turn|20\n|\n|t:|1700705688\n|move|p2a: Thor|Grass Knot|p1a: Garganacl\n|-supereffective|p1a: Garganacl\n|-damage|p1a: Garganacl|0 fnt\n|faint|p1a: Garganacl\n|\n|upkeep\n|inactive|mathismathin has 120 seconds left.\n|\n|t:|1700705726\n|switch|p1a: Cinderace|Cinderace, F, tera:Fire|62\/100\n|turn|21\n|\n|t:|1700705733\n|switch|p2a: Dumbo|Great Tusk, shiny|36\/100 brn\n|move|p1a: Cinderace|Pyro Ball|p2a: Dumbo\n|-damage|p2a: Dumbo|1\/100 brn\n|\n|-heal|p2a: Dumbo|7\/100 brn|[from] item: Leftovers\n|-damage|p2a: Dumbo|1\/100 brn|[from] brn\n|upkeep\n|turn|22\n|\n|t:|1700705742\n|move|p1a: Cinderace|U-turn|p2a: Dumbo\n|-resisted|p2a: Dumbo\n|-crit|p2a: Dumbo\n|-damage|p2a: Dumbo|0 fnt\n|faint|p2a: Dumbo\n|-end|p2a: Dumbo|Protosynthesis|[silent]\n|\n|t:|1700705746\n|switch|p1a: Great Tusk|Great Tusk|100\/100|[from] U-turn\n|-damage|p1a: Great Tusk|98\/100|[from] Stealth Rock\n|\n|-heal|p1a: Great Tusk|100\/100|[from] item: Leftovers\n|upkeep\n|\n|t:|1700705749\n|switch|p2a: Thor|Thundurus-Therian, M, shiny, tera:Ice|31\/100\n|turn|23\n|\n|t:|1700705754\n|-end|p1a: Great Tusk|Protosynthesis|[silent]\n|switch|p1a: Regidrago|Regidrago|72\/100\n|-damage|p1a: Regidrago|60\/100|[from] Stealth Rock\n|move|p2a: Thor|Tera Blast|p1a: Regidrago|[anim] Tera Blast Ice\n|-supereffective|p1a: Regidrago\n|-damage|p1a: Regidrago|0 fnt\n|faint|p1a: Regidrago\n|\n|upkeep\n|\n|t:|1700705755\n|switch|p1a: Cinderace|Cinderace, F, tera:Fire|62\/100\n|turn|24\n|\n|t:|1700705763\n|move|p1a: Cinderace|Pyro Ball|p2a: Thor\n|-supereffective|p2a: Thor\n|-damage|p2a: Thor|0 fnt\n|faint|p2a: Thor\n|\n|upkeep\n|\n|t:|1700705765\n|switch|p2a: Sekiro|Samurott-Hisui, F, shiny|37\/100\n|turn|25\n|\n|t:|1700705769\n|move|p2a: Sekiro|Aqua Cutter|p1a: Cinderace\n|-supereffective|p1a: Cinderace\n|-damage|p1a: Cinderace|0 fnt\n|faint|p1a: Cinderace\n|\n|upkeep\n|\n|t:|1700705770\n|switch|p1a: Great Tusk|Great Tusk|100\/100\n|-damage|p1a: Great Tusk|98\/100|[from] Stealth Rock\n|turn|26\n|\n|t:|1700705773\n|move|p2a: Sekiro|Aqua Cutter|p1a: Great Tusk\n|-supereffective|p1a: Great Tusk\n|-damage|p1a: Great Tusk|51\/100\n|move|p1a: Great Tusk|Earthquake|p2a: Sekiro\n|-damage|p2a: Sekiro|0 fnt\n|faint|p2a: Sekiro\n|\n|win|mathismathin\n|raw|mathismathin's rating: 1641 &rarr; <strong>1662<\/strong><br \/>(+21 for winning)\n|raw|tyrtle li's rating: 1654 &rarr; <strong>1633<\/strong><br \/>(-21 for losing)\n","uploadtime":1700705777,"views":3,"p1id":"mathismathin","p2id":"tyrtleli","formatid":"gen9ou","rating":1633,"private":0,"password":""}