{"id":"gen9ou-2000054620","p1":"liaoya","p2":"Aldrick C","format":"[Gen 9] OU","log":"|j|\u2606liaoya\n|j|\u2606Aldrick C\n|t:|1701146848\n|gametype|singles\n|player|p1|liaoya|petrel|1555\n|player|p2|Aldrick C|lucas|1467\n|teamsize|p1|6\n|teamsize|p2|6\n|gen|9\n|tier|[Gen 9] OU\n|rated|\n|rule|Sleep Clause Mod: Limit one foe put to sleep\n|rule|Species Clause: Limit one of each Pok\u00e9mon\n|rule|OHKO Clause: OHKO moves are banned\n|rule|Evasion Items Clause: Evasion items are banned\n|rule|Evasion Moves Clause: Evasion moves are banned\n|rule|Endless Battle Clause: Forcing endless battles is banned\n|rule|HP Percentage Mod: HP is shown in percentages\n|clearpoke\n|poke|p1|Drifblim, F|\n|poke|p1|Garganacl, M|\n|poke|p1|Umbreon, M|\n|poke|p1|Rotom-Wash|\n|poke|p1|Glimmora, M|\n|poke|p1|Espeon, M|\n|poke|p2|Dragapult, M|\n|poke|p2|Iron Valiant|\n|poke|p2|Gholdengo|\n|poke|p2|Great Tusk|\n|poke|p2|Toxapex, M|\n|poke|p2|Corviknight, M|\n|teampreview\n|inactive|Battle timer is ON: inactive players will automatically lose when time's up. (requested by Aldrick C)\n|\n|t:|1701146856\n|start\n|switch|p1a: Rotom|Rotom-Wash|100\/100\n|switch|p2a: Dragapult|Dragapult, M|100\/100\n|turn|1\n|\n|t:|1701146865\n|switch|p2a: Gholdengo|Gholdengo|100\/100\n|move|p1a: Rotom|Trick|p2a: Gholdengo\n|-immune|p2a: Gholdengo|[from] ability: Good as Gold\n|\n|upkeep\n|turn|2\n|\n|t:|1701146875\n|switch|p1a: Espeon|Espeon, M|100\/100\n|move|p2a: Gholdengo|Nasty Plot|p2a: Gholdengo\n|-boost|p2a: Gholdengo|spa|2\n|\n|upkeep\n|turn|3\n|\n|t:|1701146889\n|move|p1a: Espeon|Psyshock|p2a: Gholdengo\n|-resisted|p2a: Gholdengo\n|-damage|p2a: Gholdengo|85\/100\n|move|p2a: Gholdengo|Make It Rain|p1a: Espeon\n|-damage|p1a: Espeon|0 fnt\n|-unboost|p2a: Gholdengo|spa|1\n|faint|p1a: Espeon\n|\n|upkeep\n|\n|t:|1701146892\n|switch|p1a: Rotom|Rotom-Wash|100\/100\n|turn|4\n|\n|t:|1701146903\n|move|p1a: Rotom|Hydro Pump|p2a: Gholdengo\n|-damage|p2a: Gholdengo|39\/100\n|move|p2a: Gholdengo|Nasty Plot|p2a: Gholdengo\n|-boost|p2a: Gholdengo|spa|2\n|\n|upkeep\n|turn|5\n|\n|t:|1701146918\n|switch|p2a: Dragapult|Dragapult, M|100\/100\n|move|p1a: Rotom|Hydro Pump|p2a: Dragapult\n|-resisted|p2a: Dragapult\n|-damage|p2a: Dragapult|65\/100\n|\n|upkeep\n|turn|6\n|\n|t:|1701146923\n|switch|p1a: Umbreon|Umbreon, M, shiny|100\/100\n|move|p2a: Dragapult|U-turn|p1a: Umbreon\n|-supereffective|p1a: Umbreon\n|-damage|p1a: Umbreon|50\/100\n|\n|t:|1701146931\n|switch|p2a: Toxapex|Toxapex, M|100\/100|[from] U-turn\n|\n|-heal|p1a: Umbreon|56\/100|[from] item: Leftovers\n|upkeep\n|turn|7\n|\n|t:|1701146959\n|switch|p1a: Garganacl|Garganacl, M, shiny|100\/100\n|move|p2a: Toxapex|Toxic|p1a: Garganacl\n|-immune|p1a: Garganacl|[from] ability: Purifying Salt\n|\n|upkeep\n|turn|8\n|\n|t:|1701146965\n|switch|p2a: Gholdengo|Gholdengo|39\/100\n|move|p1a: Garganacl|Salt Cure|p2a: Gholdengo\n|-resisted|p2a: Gholdengo\n|-damage|p2a: Gholdengo|33\/100\n|\n|upkeep\n|turn|9\n|\n|t:|1701146969\n|switch|p1a: Rotom|Rotom-Wash|100\/100\n|move|p2a: Gholdengo|Recover|p2a: Gholdengo\n|-heal|p2a: Gholdengo|83\/100\n|\n|upkeep\n|turn|10\n|\n|t:|1701146990\n|move|p1a: Rotom|Hydro Pump|p2a: Gholdengo\n|-crit|p2a: Gholdengo\n|-damage|p2a: Gholdengo|7\/100\n|move|p2a: Gholdengo|Recover|p2a: Gholdengo\n|-heal|p2a: Gholdengo|57\/100\n|\n|upkeep\n|turn|11\n|\n|t:|1701146999\n|switch|p2a: Toxapex|Toxapex, M|100\/100\n|move|p1a: Rotom|Hydro Pump|p2a: Toxapex|[miss]\n|-miss|p1a: Rotom|p2a: Toxapex\n|\n|upkeep\n|turn|12\n|\n|t:|1701147004\n|switch|p1a: Garganacl|Garganacl, M, shiny|100\/100\n|move|p2a: Toxapex|Toxic Spikes|p1a: Garganacl\n|-sidestart|p1: liaoya|move: Toxic Spikes\n|\n|upkeep\n|turn|13\n|\n|t:|1701147007\n|move|p2a: Toxapex|Toxic Spikes|p1a: Garganacl\n|-sidestart|p1: liaoya|move: Toxic Spikes\n|move|p1a: Garganacl|Salt Cure|p2a: Toxapex\n|-crit|p2a: Toxapex\n|-damage|p2a: Toxapex|87\/100\n|-start|p2a: Toxapex|Salt Cure\n|\n|-heal|p2a: Toxapex|94\/100|[from] item: Leftovers\n|-damage|p2a: Toxapex|69\/100|[from] Salt Cure\n|upkeep\n|turn|14\n|\n|t:|1701147036\n|switch|p2a: Gholdengo|Gholdengo|57\/100\n|move|p1a: Garganacl|Salt Cure|p2a: Gholdengo\n|-resisted|p2a: Gholdengo\n|-damage|p2a: Gholdengo|50\/100\n|\n|upkeep\n|turn|15\n|l|\u2606Aldrick C\n|inactive|Aldrick C disconnected and has a minute to reconnect!\n|player|p2|\n|inactive|Aldrick C has 30 seconds to reconnect!\n|inactive|Aldrick C has 20 seconds to reconnect!\n|inactive|Aldrick C has 15 seconds to reconnect!\n|inactive|Aldrick C has 10 seconds to reconnect!\n|inactive|Aldrick C has 5 seconds to reconnect!\n|-message|Aldrick C lost due to inactivity.\n|\n|win|liaoya\n|raw|liaoya's rating: 1555 &rarr; <strong>1570<\/strong><br \/>(+15 for winning)\n|raw|Aldrick C's rating: 1467 &rarr; <strong>1452<\/strong><br \/>(-15 for losing)\n","uploadtime":1701147111,"views":5,"p1id":"liaoya","p2id":"aldrickc","formatid":"gen9ou","rating":1452,"private":0,"password":""}