{"id":"gen9ou-1997877396","p1":"MyTinykakuna","p2":"SCHIZODROOLER98","format":"[Gen 9] OU","log":"|j|\u2606MyTinykakuna\n|j|\u2606SCHIZODROOLER98\n|t:|1700862693\n|gametype|singles\n|player|p1|MyTinykakuna|wally|1698\n|player|p2|SCHIZODROOLER98|medium|1612\n|teamsize|p1|6\n|teamsize|p2|6\n|gen|9\n|tier|[Gen 9] OU\n|rated|\n|rule|Sleep Clause Mod: Limit one foe put to sleep\n|rule|Species Clause: Limit one of each Pok\u00e9mon\n|rule|OHKO Clause: OHKO moves are banned\n|rule|Evasion Items Clause: Evasion items are banned\n|rule|Evasion Moves Clause: Evasion moves are banned\n|rule|Endless Battle Clause: Forcing endless battles is banned\n|rule|HP Percentage Mod: HP is shown in percentages\n|clearpoke\n|poke|p1|Amoonguss, M|\n|poke|p1|Gholdengo|\n|poke|p1|Great Tusk|\n|poke|p1|Iron Valiant|\n|poke|p1|Rotom-Wash|\n|poke|p1|Dragapult, F|\n|poke|p2|Ninetales-Alola, F|\n|poke|p2|Slowbro-Galar, M|\n|poke|p2|Enamorus-Therian, F|\n|poke|p2|Iron Hands|\n|poke|p2|Kingambit, M|\n|poke|p2|Ceruledge, M|\n|teampreview\n|\n|t:|1700862702\n|start\n|switch|p1a: Gholdengo|Gholdengo|100\/100\n|switch|p2a: ASTAGHFIRULLAH|Enamorus-Therian, F, shiny|100\/100\n|turn|1\n|\n|t:|1700862707\n|switch|p2a: DEEZ HANDS|Iron Hands|100\/100\n|move|p1a: Gholdengo|Make It Rain|p2a: DEEZ HANDS\n|-resisted|p2a: DEEZ HANDS\n|-damage|p2a: DEEZ HANDS|73\/100\n|-unboost|p1a: Gholdengo|spa|1\n|\n|upkeep\n|turn|2\n|\n|t:|1700862714\n|switch|p1a: Iron Valiant|Iron Valiant|100\/100\n|-enditem|p1a: Iron Valiant|Booster Energy\n|-activate|p1a: Iron Valiant|ability: Quark Drive|[fromitem]\n|-start|p1a: Iron Valiant|quarkdrivespe\n|move|p2a: DEEZ HANDS|Swords Dance|p2a: DEEZ HANDS\n|-boost|p2a: DEEZ HANDS|atk|2\n|\n|upkeep\n|turn|3\n|\n|t:|1700862720\n|-terastallize|p2a: DEEZ HANDS|Ice\n|move|p1a: Iron Valiant|Moonblast|p2a: DEEZ HANDS\n|-damage|p2a: DEEZ HANDS|30\/100\n|-unboost|p2a: DEEZ HANDS|spa|1\n|move|p2a: DEEZ HANDS|Ice Punch|p1a: Iron Valiant\n|-damage|p1a: Iron Valiant|0 fnt\n|faint|p1a: Iron Valiant\n|-end|p1a: Iron Valiant|Quark Drive|[silent]\n|\n|upkeep\n|\n|t:|1700862729\n|switch|p1a: Great Tusk|Great Tusk|100\/100\n|turn|4\n|\n|t:|1700862732\n|move|p1a: Great Tusk|Brick Break|p2a: DEEZ HANDS\n|-supereffective|p2a: DEEZ HANDS\n|-damage|p2a: DEEZ HANDS|0 fnt\n|faint|p2a: DEEZ HANDS\n|-end|p2a: DEEZ HANDS|Quark Drive|[silent]\n|\n|upkeep\n|\n|t:|1700862737\n|switch|p2a: ASTAGHFIRULLAH|Enamorus-Therian, F, shiny|100\/100\n|turn|5\n|\n|t:|1700862758\n|-end|p1a: Great Tusk|Protosynthesis|[silent]\n|switch|p1a: Gholdengo|Gholdengo|100\/100\n|move|p2a: ASTAGHFIRULLAH|Calm Mind|p2a: ASTAGHFIRULLAH\n|-boost|p2a: ASTAGHFIRULLAH|spa|1\n|-boost|p2a: ASTAGHFIRULLAH|spd|1\n|\n|upkeep\n|turn|6\n|\n|t:|1700862769\n|move|p1a: Gholdengo|Make It Rain|p2a: ASTAGHFIRULLAH\n|-supereffective|p2a: ASTAGHFIRULLAH\n|-damage|p2a: ASTAGHFIRULLAH|22\/100\n|-unboost|p1a: Gholdengo|spa|1\n|move|p2a: ASTAGHFIRULLAH|Earth Power|p1a: Gholdengo\n|-supereffective|p1a: Gholdengo\n|-damage|p1a: Gholdengo|0 fnt\n|faint|p1a: Gholdengo\n|\n|upkeep\n|\n|t:|1700862780\n|switch|p1a: Rotom|Rotom-Wash, shiny|100\/100\n|turn|7\n|\n|t:|1700862788\n|move|p1a: Rotom|Volt Switch|p2a: ASTAGHFIRULLAH\n|-supereffective|p2a: ASTAGHFIRULLAH\n|-damage|p2a: ASTAGHFIRULLAH|0 fnt\n|faint|p2a: ASTAGHFIRULLAH\n|\n|t:|1700862793\n|switch|p1a: Dragapult|Dragapult, F|100\/100|[from] Volt Switch\n|\n|upkeep\n|inactive|Battle timer is ON: inactive players will automatically lose when time's up. (requested by MyTinykakuna)\n|\n|t:|1700862809\n|switch|p2a: HE JUST LIKE ME FR|Kingambit, M|100\/100\n|-activate|p2a: HE JUST LIKE ME FR|ability: Supreme Overlord\n|-start|p2a: HE JUST LIKE ME FR|fallen2|[silent]\n|turn|8\n|\n|t:|1700862820\n|switch|p1a: Great Tusk|Great Tusk|100\/100\n|move|p2a: HE JUST LIKE ME FR|Iron Head|p1a: Great Tusk\n|-damage|p1a: Great Tusk|60\/100\n|\n|-heal|p1a: Great Tusk|66\/100|[from] item: Leftovers\n|upkeep\n|turn|9\n|\n|t:|1700862830\n|-end|p2a: HE JUST LIKE ME FR|fallen2|[silent]\n|switch|p2a: MIDWEST FURFEST|Ninetales-Alola, F, shiny|100\/100\n|-weather|Snow|[from] ability: Snow Warning|[of] p2a: MIDWEST FURFEST\n|move|p1a: Great Tusk|Brick Break|p2a: MIDWEST FURFEST\n|-damage|p2a: MIDWEST FURFEST|71\/100\n|\n|-weather|Snow|[upkeep]\n|-heal|p1a: Great Tusk|72\/100|[from] item: Leftovers\n|upkeep\n|turn|10\n|\n|t:|1700862836\n|-end|p1a: Great Tusk|Protosynthesis|[silent]\n|switch|p1a: Rotom|Rotom-Wash, shiny|100\/100\n|move|p2a: MIDWEST FURFEST|Aurora Veil|p2a: MIDWEST FURFEST\n|-sidestart|p2: SCHIZODROOLER98|move: Aurora Veil\n|\n|-weather|Snow|[upkeep]\n|upkeep\n|turn|11\n|\n|t:|1700862843\n|switch|p2a: SKILL ISSUE|Slowbro-Galar, M, shiny|100\/100\n|move|p1a: Rotom|Will-O-Wisp|p2a: SKILL ISSUE\n|-status|p2a: SKILL ISSUE|brn\n|\n|-weather|Snow|[upkeep]\n|-damage|p2a: SKILL ISSUE|94\/100 brn|[from] brn\n|upkeep\n|turn|12\n|\n|t:|1700862845\n|move|p1a: Rotom|Volt Switch|p2a: SKILL ISSUE\n|-damage|p2a: SKILL ISSUE|81\/100 brn\n|\n|t:|1700862848\n|switch|p1a: Dragapult|Dragapult, F|100\/100|[from] Volt Switch\n|move|p2a: SKILL ISSUE|Nasty Plot|p2a: SKILL ISSUE\n|-boost|p2a: SKILL ISSUE|spa|2\n|\n|-weather|Snow|[upkeep]\n|-damage|p2a: SKILL ISSUE|74\/100 brn|[from] brn\n|upkeep\n|turn|13\n|\n|t:|1700862851\n|-terastallize|p1a: Dragapult|Ghost\n|move|p1a: Dragapult|Tera Blast|p2a: SKILL ISSUE|[anim] Tera Blast Ghost\n|-supereffective|p2a: SKILL ISSUE\n|-damage|p2a: SKILL ISSUE|0 fnt\n|faint|p2a: SKILL ISSUE\n|\n|-weather|none\n|upkeep\n|\n|t:|1700862857\n|switch|p2a: HE JUST LIKE ME FR|Kingambit, M|100\/100\n|-activate|p2a: HE JUST LIKE ME FR|ability: Supreme Overlord\n|-start|p2a: HE JUST LIKE ME FR|fallen3|[silent]\n|turn|14\n|\n|t:|1700862868\n|switch|p1a: Great Tusk|Great Tusk|72\/100\n|move|p2a: HE JUST LIKE ME FR|Iron Head|p1a: Great Tusk\n|-damage|p1a: Great Tusk|29\/100\n|\n|-heal|p1a: Great Tusk|35\/100|[from] item: Leftovers\n|upkeep\n|turn|15\n|\n|t:|1700862875\n|-end|p2a: HE JUST LIKE ME FR|fallen3|[silent]\n|switch|p2a: JOHN DARKSOULS|Ceruledge, M|100\/100\n|move|p1a: Great Tusk|Brick Break|p2a: JOHN DARKSOULS\n|-immune|p2a: JOHN DARKSOULS\n|\n|-heal|p1a: Great Tusk|41\/100|[from] item: Leftovers\n|upkeep\n|turn|16\n|\n|t:|1700862882\n|-end|p1a: Great Tusk|Protosynthesis|[silent]\n|switch|p1a: Dragapult|Dragapult, F, tera:Ghost|100\/100\n|move|p2a: JOHN DARKSOULS|Poltergeist|p1a: Dragapult\n|-activate|p1a: Dragapult|move: Poltergeist|Choice Band\n|-supereffective|p1a: Dragapult\n|-damage|p1a: Dragapult|0 fnt\n|faint|p1a: Dragapult\n|\n|upkeep\n|\n|t:|1700862886\n|switch|p1a: Rotom|Rotom-Wash, shiny|100\/100\n|turn|17\n|\n|t:|1700862893\n|switch|p2a: MIDWEST FURFEST|Ninetales-Alola, F, shiny|71\/100\n|-weather|Snow|[from] ability: Snow Warning|[of] p2a: MIDWEST FURFEST\n|move|p1a: Rotom|Protect||[still]\n|-fail|p1a: Rotom\n|\n|-weather|Snow|[upkeep]\n|-sideend|p2: SCHIZODROOLER98|move: Aurora Veil\n|upkeep\n|turn|18\n|-message|MyTinykakuna forfeited.\n|\n|win|SCHIZODROOLER98\n|raw|MyTinykakuna's rating: 1698 &rarr; <strong>1673<\/strong><br \/>(-25 for losing)\n|raw|SCHIZODROOLER98's rating: 1612 &rarr; <strong>1637<\/strong><br \/>(+25 for winning)\n|l|\u2606MyTinykakuna\n","uploadtime":1700862912,"views":8,"p1id":"mytinykakuna","p2id":"schizodrooler98","formatid":"gen9ou","rating":1637,"private":0,"password":""}