{"id":"gen9ou-1992543118","p1":"squirtybed","p2":"heyitsjinx","format":"[Gen 9] OU","log":"|j|\u2606squirtybed\n|j|\u2606heyitsjinx\n|inactive|Battle timer is ON: inactive players will automatically lose when time's up.\n|t:|1700202714\n|gametype|singles\n|player|p1|squirtybed|brycenman|\n|player|p2|heyitsjinx|clair|\n|teamsize|p1|3\n|teamsize|p2|3\n|gen|9\n|tier|[Gen 9] OU\n|rated|Tournament battle\n|rule|Sleep Clause Mod: Limit one foe put to sleep\n|rule|Species Clause: Limit one of each Pok\u00e9mon\n|rule|OHKO Clause: OHKO moves are banned\n|rule|Evasion Items Clause: Evasion items are banned\n|rule|Evasion Moves Clause: Evasion moves are banned\n|rule|Endless Battle Clause: Forcing endless battles is banned\n|rule|HP Percentage Mod: HP is shown in percentages\n|clearpoke\n|poke|p1|Naclstack, F|\n|poke|p1|Dragonite, F|\n|poke|p1|Magnezone|\n|poke|p2|Staravia, F|\n|poke|p2|Toedscool, F|\n|poke|p2|Torterra, F|\n|teampreview\n|j|*Lady Monita \u2746\n|inactive|heyitsjinx also wants the timer to be on.\n|j| I E Tass\n|inactive|squirtybed has 120 seconds left.\n|\n|t:|1700202756\n|start\n|switch|p1a: Naclstack|Naclstack, F|100\/100\n|switch|p2a: Toedscool|Toedscool, F|100\/100\n|turn|1\n|inactive|heyitsjinx has 120 seconds left.\n|inactive|heyitsjinx has 90 seconds left.\n|\n|t:|1700202824\n|move|p2a: Toedscool|Leaf Storm|p1a: Naclstack\n|-supereffective|p1a: Naclstack\n|-damage|p1a: Naclstack|52\/100\n|-unboost|p2a: Toedscool|spa|2\n|move|p1a: Naclstack|Salt Cure|p2a: Toedscool\n|-resisted|p2a: Toedscool\n|-damage|p2a: Toedscool|83\/100\n|-start|p2a: Toedscool|Salt Cure\n|\n|-damage|p2a: Toedscool|71\/100|[from] Salt Cure\n|upkeep\n|turn|2\n|inactive|heyitsjinx has 90 seconds left.\n|\n|t:|1700202837\n|switch|p2a: Staravia|Staravia, F|100\/100\n|move|p1a: Naclstack|Recover|p1a: Naclstack\n|-heal|p1a: Naclstack|100\/100\n|\n|upkeep\n|turn|3\n|inactive|heyitsjinx has 90 seconds left.\n|inactive|heyitsjinx has 60 seconds left.\n|\n|t:|1700202897\n|move|p2a: Staravia|Brave Bird|p1a: Naclstack\n|-resisted|p1a: Naclstack\n|-damage|p1a: Naclstack|83\/100\n|-damage|p2a: Staravia|93\/100|[from] Recoil\n|move|p1a: Naclstack|Salt Cure|p2a: Staravia\n|-supereffective|p2a: Staravia\n|-damage|p2a: Staravia|48\/100\n|-start|p2a: Staravia|Salt Cure\n|\n|-damage|p2a: Staravia|35\/100|[from] Salt Cure\n|upkeep\n|turn|4\n|inactive|heyitsjinx has 30 seconds left.\n|\n|t:|1700202930\n|move|p2a: Staravia|Brave Bird|p1a: Naclstack\n|-resisted|p1a: Naclstack\n|-damage|p1a: Naclstack|64\/100\n|-damage|p2a: Staravia|27\/100|[from] Recoil\n|move|p1a: Naclstack|Salt Cure|p2a: Staravia\n|-supereffective|p2a: Staravia\n|-crit|p2a: Staravia\n|-damage|p2a: Staravia|0 fnt\n|faint|p2a: Staravia\n|\n|upkeep\n|inactive|heyitsjinx has 30 seconds left this turn.\n|\n|t:|1700202931\n|switch|p2a: Torterra|Torterra, F|100\/100\n|turn|5\n|inactive|heyitsjinx has 30 seconds left.\n|\n|t:|1700202946\n|move|p2a: Torterra|Shell Smash|p2a: Torterra\n|-unboost|p2a: Torterra|def|1\n|-unboost|p2a: Torterra|spd|1\n|-boost|p2a: Torterra|atk|2\n|-boost|p2a: Torterra|spa|2\n|-boost|p2a: Torterra|spe|2\n|move|p1a: Naclstack|Salt Cure|p2a: Torterra\n|-resisted|p2a: Torterra\n|-damage|p2a: Torterra|93\/100\n|-start|p2a: Torterra|Salt Cure\n|\n|-damage|p2a: Torterra|81\/100|[from] Salt Cure\n|upkeep\n|turn|6\n|\n|t:|1700202960\n|move|p2a: Torterra|Headlong Rush|p1a: Naclstack\n|-supereffective|p1a: Naclstack\n|-damage|p1a: Naclstack|0 fnt\n|-unboost|p2a: Torterra|def|1\n|-unboost|p2a: Torterra|spd|1\n|faint|p1a: Naclstack\n|\n|-damage|p2a: Torterra|68\/100|[from] Salt Cure\n|upkeep\n|\n|t:|1700202984\n|switch|p1a: Magnezone|Magnezone|100\/100\n|turn|7\n|\n|t:|1700202995\n|-terastallize|p1a: Magnezone|Water\n|move|p2a: Torterra|Headlong Rush|p1a: Magnezone\n|-damage|p1a: Magnezone|0 fnt\n|-unboost|p2a: Torterra|def|1\n|-unboost|p2a: Torterra|spd|1\n|faint|p1a: Magnezone\n|\n|-damage|p2a: Torterra|56\/100|[from] Salt Cure\n|upkeep\n|\n|t:|1700203003\n|switch|p1a: Dragonite|Dragonite, F|100\/100\n|turn|8\n|inactive|heyitsjinx has 60 seconds left.\n|\n|t:|1700203019\n|-terastallize|p2a: Torterra|Rock\n|move|p1a: Dragonite|Extreme Speed|p2a: Torterra\n|-resisted|p2a: Torterra\n|-damage|p2a: Torterra|16\/100\n|move|p2a: Torterra|Rock Blast|p1a: Dragonite\n|-supereffective|p1a: Dragonite\n|-damage|p1a: Dragonite|72\/100\n|-supereffective|p1a: Dragonite\n|-crit|p1a: Dragonite\n|-damage|p1a: Dragonite|0 fnt\n|faint|p1a: Dragonite\n|-hitcount|p1: Dragonite|2\n|\n|win|heyitsjinx\n|n|\u2606squirtybed|squirtybed\n|n|\u2606heyitsjinx|heyitsjinx\n|n|*Lady Monita \u2746|ladymonita\n|n| I E Tass|ietass\n","uploadtime":1700203019,"views":9,"p1id":"squirtybed","p2id":"heyitsjinx","formatid":"gen9ou","rating":0,"private":0,"password":""}