{"id":"gen9ou-1993163654","p1":"wooper junior","p2":"zshmoneyy","format":"[Gen 9] OU","log":"|j|\u2606wooper junior\n|j|\u2606zshmoneyy\n|t:|1700272514\n|gametype|singles\n|player|p1|wooper junior|harlequin|1265\n|player|p2|zshmoneyy|blue-gen3champion|1343\n|teamsize|p1|6\n|teamsize|p2|6\n|gen|9\n|tier|[Gen 9] OU\n|rated|\n|rule|Sleep Clause Mod: Limit one foe put to sleep\n|rule|Species Clause: Limit one of each Pok\u00e9mon\n|rule|OHKO Clause: OHKO moves are banned\n|rule|Evasion Items Clause: Evasion items are banned\n|rule|Evasion Moves Clause: Evasion moves are banned\n|rule|Endless Battle Clause: Forcing endless battles is banned\n|rule|HP Percentage Mod: HP is shown in percentages\n|clearpoke\n|poke|p1|Haxorus, F|\n|poke|p1|Heatran, F|\n|poke|p1|Ogerpon-Wellspring, F|\n|poke|p1|Hatterene, F|\n|poke|p1|Thundurus-Therian, M|\n|poke|p1|Great Tusk|\n|poke|p2|Kingambit, M|\n|poke|p2|Ceruledge, F|\n|poke|p2|Iron Valiant|\n|poke|p2|Cinderace, F|\n|poke|p2|Slowking-Galar, M|\n|poke|p2|Ditto|\n|teampreview\n|inactive|Battle timer is ON: inactive players will automatically lose when time's up. (requested by wooper junior)\n|\n|t:|1700272546\n|start\n|switch|p1a: Great Tusk|Great Tusk|100\/100\n|switch|p2a: Fire Fist Sabo\ud83d\udd25|Cinderace, F|100\/100\n|-enditem|p1a: Great Tusk|Booster Energy\n|-activate|p1a: Great Tusk|ability: Protosynthesis|[fromitem]\n|-start|p1a: Great Tusk|protosynthesisatk\n|turn|1\n|\n|t:|1700272572\n|switch|p2a: Chopper Copy Point|Ditto|100\/100\n|-transform|p2a: Chopper Copy Point|p1a: Great Tusk|[from] ability: Imposter\n|move|p1a: Great Tusk|Rapid Spin|p2a: Chopper Copy Point\n|-damage|p2a: Chopper Copy Point|79\/100\n|-boost|p1a: Great Tusk|spe|1\n|-enditem|p2a: Chopper Copy Point|Mirror Herb\n|-boost|p2a: Chopper Copy Point|spe|1|[from] item: Mirror Herb\n|\n|upkeep\n|turn|2\n|inactive|zshmoneyy has 120 seconds left.\n|\n|t:|1700272598\n|move|p2a: Chopper Copy Point|Close Combat|p1a: Great Tusk\n|-damage|p1a: Great Tusk|58\/100\n|-unboost|p2a: Chopper Copy Point|def|1\n|-unboost|p2a: Chopper Copy Point|spd|1\n|move|p1a: Great Tusk|Headlong Rush|p2a: Chopper Copy Point\n|-damage|p2a: Chopper Copy Point|0 fnt\n|-unboost|p1a: Great Tusk|def|1\n|-unboost|p1a: Great Tusk|spd|1\n|faint|p2a: Chopper Copy Point\n|-end|p2a: Chopper Copy Point|Protosynthesis|[silent]\n|\n|upkeep\n|inactive|zshmoneyy has 90 seconds left.\n|\n|t:|1700272637\n|switch|p2a: Zoro|Ceruledge, F|100\/100\n|turn|3\n|\n|t:|1700272650\n|move|p1a: Great Tusk|Knock Off|p2a: Zoro\n|-supereffective|p2a: Zoro\n|-crit|p2a: Zoro\n|-enditem|p2a: Zoro|Focus Sash\n|-damage|p2a: Zoro|1\/100\n|-ability|p2a: Zoro|Weak Armor|boost\n|-unboost|p2a: Zoro|def|1\n|-boost|p2a: Zoro|spe|2\n|move|p2a: Zoro|Swords Dance|p2a: Zoro\n|-boost|p2a: Zoro|atk|2\n|\n|upkeep\n|turn|4\n|\n|t:|1700272667\n|move|p2a: Zoro|Bitter Blade|p1a: Great Tusk\n|-damage|p1a: Great Tusk|0 fnt\n|-heal|p2a: Zoro|37\/100|[from] drain|[of] p1a: Great Tusk\n|faint|p1a: Great Tusk\n|-end|p1a: Great Tusk|Protosynthesis|[silent]\n|\n|upkeep\n|\n|t:|1700272677\n|switch|p1a: Ogerpon|Ogerpon-Wellspring, F|100\/100\n|turn|5\n|inactive|zshmoneyy has 90 seconds left.\n|\n|t:|1700272708\n|move|p2a: Zoro|Close Combat|p1a: Ogerpon\n|-damage|p1a: Ogerpon|0 fnt\n|-unboost|p2a: Zoro|def|1\n|-unboost|p2a: Zoro|spd|1\n|faint|p1a: Ogerpon\n|\n|upkeep\n|\n|t:|1700272716\n|switch|p1a: Thundurus|Thundurus-Therian, M|100\/100\n|turn|6\n|\n|t:|1700272720\n|move|p2a: Zoro|Bitter Blade|p1a: Thundurus\n|-damage|p1a: Thundurus|0 fnt\n|-heal|p2a: Zoro|89\/100|[from] drain|[of] p1a: Thundurus\n|faint|p1a: Thundurus\n|\n|upkeep\n|\n|t:|1700272726\n|switch|p1a: Heatran|Heatran, F|100\/100\n|-item|p1a: Heatran|Air Balloon\n|turn|7\n|\n|t:|1700272731\n|-terastallize|p1a: Heatran|Grass\n|move|p2a: Zoro|Close Combat|p1a: Heatran\n|-damage|p1a: Heatran|39\/100\n|-unboost|p2a: Zoro|def|1\n|-unboost|p2a: Zoro|spd|1\n|-enditem|p1a: Heatran|Air Balloon\n|move|p1a: Heatran|Magma Storm|p2a: Zoro\n|-resisted|p2a: Zoro\n|-damage|p2a: Zoro|41\/100\n|-activate|p2a: Zoro|move: Magma Storm|[of] p1a: Heatran\n|\n|-damage|p2a: Zoro|29\/100|[from] move: Magma Storm|[partiallytrapped]\n|upkeep\n|turn|8\n|inactive|zshmoneyy has 90 seconds left.\n|\n|t:|1700272746\n|move|p1a: Heatran|Protect|p1a: Heatran\n|-singleturn|p1a: Heatran|Protect\n|move|p2a: Zoro|Close Combat|p1a: Heatran\n|-activate|p1a: Heatran|move: Protect\n|\n|-damage|p2a: Zoro|17\/100|[from] move: Magma Storm|[partiallytrapped]\n|upkeep\n|turn|9\n|inactive|zshmoneyy has 90 seconds left.\n|\n|t:|1700272759\n|move|p1a: Heatran|Protect||[still]\n|-fail|p1a: Heatran\n|move|p2a: Zoro|Bitter Blade|p1a: Heatran\n|-start|p1a: Heatran|ability: Flash Fire\n|\n|-damage|p2a: Zoro|4\/100|[from] move: Magma Storm|[partiallytrapped]\n|upkeep\n|turn|10\n|inactive|zshmoneyy has 90 seconds left.\n|\n|t:|1700272776\n|switch|p2a: MuGiWaRa!!!|Slowking-Galar, M|100\/100\n|move|p1a: Heatran|Protect||[still]\n|-fail|p1a: Heatran\n|\n|upkeep\n|turn|11\n|inactive|zshmoneyy has 90 seconds left.\n|\n|t:|1700272785\n|move|p1a: Heatran|Magma Storm|p2a: MuGiWaRa!!!\n|-damage|p2a: MuGiWaRa!!!|50\/100\n|-activate|p2a: MuGiWaRa!!!|move: Magma Storm|[of] p1a: Heatran\n|move|p2a: MuGiWaRa!!!|Iron Defense|p2a: MuGiWaRa!!!\n|-boost|p2a: MuGiWaRa!!!|def|2\n|\n|-heal|p2a: MuGiWaRa!!!|56\/100|[from] item: Leftovers\n|-damage|p2a: MuGiWaRa!!!|44\/100|[from] move: Magma Storm|[partiallytrapped]\n|upkeep\n|turn|12\n|\n|t:|1700272795\n|-terastallize|p2a: MuGiWaRa!!!|Water\n|move|p1a: Heatran|Taunt|p2a: MuGiWaRa!!!\n|-start|p2a: MuGiWaRa!!!|move: Taunt\n|cant|p2a: MuGiWaRa!!!|move: Taunt|Slack Off\n|\n|-heal|p2a: MuGiWaRa!!!|50\/100|[from] item: Leftovers\n|-damage|p2a: MuGiWaRa!!!|38\/100|[from] move: Magma Storm|[partiallytrapped]\n|upkeep\n|turn|13\n|\n|t:|1700272805\n|move|p1a: Heatran|Magma Storm|p2a: MuGiWaRa!!!\n|-resisted|p2a: MuGiWaRa!!!\n|-damage|p2a: MuGiWaRa!!!|15\/100\n|move|p2a: MuGiWaRa!!!|Stored Power|p1a: Heatran\n|-damage|p1a: Heatran|23\/100\n|\n|-heal|p2a: MuGiWaRa!!!|21\/100|[from] item: Leftovers\n|-damage|p2a: MuGiWaRa!!!|8\/100|[from] move: Magma Storm|[partiallytrapped]\n|upkeep\n|turn|14\n|\n|t:|1700272815\n|move|p1a: Heatran|Magma Storm|p2a: MuGiWaRa!!!|[miss]\n|-miss|p1a: Heatran|p2a: MuGiWaRa!!!\n|move|p2a: MuGiWaRa!!!|Stored Power|p1a: Heatran\n|-damage|p1a: Heatran|9\/100\n|\n|-heal|p2a: MuGiWaRa!!!|14\/100|[from] item: Leftovers\n|-damage|p2a: MuGiWaRa!!!|2\/100|[from] move: Magma Storm|[partiallytrapped]\n|-end|p2a: MuGiWaRa!!!|move: Taunt\n|upkeep\n|turn|15\n|\n|t:|1700272828\n|move|p1a: Heatran|Magma Storm|p2a: MuGiWaRa!!!\n|-resisted|p2a: MuGiWaRa!!!\n|-damage|p2a: MuGiWaRa!!!|0 fnt\n|faint|p2a: MuGiWaRa!!!\n|\n|upkeep\n|inactive|zshmoneyy has 90 seconds left.\n|\n|t:|1700272848\n|switch|p2a: Raid Suit Sanji|Iron Valiant|100\/100\n|-enditem|p2a: Raid Suit Sanji|Booster Energy\n|-activate|p2a: Raid Suit Sanji|ability: Quark Drive|[fromitem]\n|-start|p2a: Raid Suit Sanji|quarkdrivespe\n|turn|16\n|inactive|zshmoneyy has 90 seconds left.\n|\n|t:|1700272860\n|move|p2a: Raid Suit Sanji|Moonblast|p1a: Heatran\n|-crit|p1a: Heatran\n|-damage|p1a: Heatran|0 fnt\n|faint|p1a: Heatran\n|\n|upkeep\n|\n|t:|1700272864\n|switch|p1a: Hatterene|Hatterene, F|100\/100\n|turn|17\n|\n|t:|1700272868\n|move|p2a: Raid Suit Sanji|Substitute|p2a: Raid Suit Sanji\n|-start|p2a: Raid Suit Sanji|Substitute\n|-damage|p2a: Raid Suit Sanji|76\/100\n|move|p1a: Hatterene|Nuzzle|p2a: Raid Suit Sanji\n|-activate|p2a: Raid Suit Sanji|move: Substitute|[damage]\n|\n|upkeep\n|turn|18\n|\n|t:|1700272876\n|move|p2a: Raid Suit Sanji|Calm Mind|p2a: Raid Suit Sanji\n|-boost|p2a: Raid Suit Sanji|spa|1\n|-boost|p2a: Raid Suit Sanji|spd|1\n|move|p1a: Hatterene|Draining Kiss|p2a: Raid Suit Sanji\n|-supereffective|p2a: Raid Suit Sanji\n|-end|p2a: Raid Suit Sanji|Substitute\n|\n|upkeep\n|turn|19\n|\n|t:|1700272890\n|move|p2a: Raid Suit Sanji|Shadow Ball|p1a: Hatterene\n|-supereffective|p1a: Hatterene\n|-damage|p1a: Hatterene|43\/100\n|move|p1a: Hatterene|Mystical Fire|p2a: Raid Suit Sanji\n|-damage|p2a: Raid Suit Sanji|43\/100\n|-unboost|p2a: Raid Suit Sanji|spa|1\n|\n|upkeep\n|turn|20\n|\n|t:|1700272902\n|move|p2a: Raid Suit Sanji|Shadow Ball|p1a: Hatterene\n|-supereffective|p1a: Hatterene\n|-damage|p1a: Hatterene|6\/100\n|move|p1a: Hatterene|Draining Kiss|p2a: Raid Suit Sanji\n|-supereffective|p2a: Raid Suit Sanji\n|-damage|p2a: Raid Suit Sanji|0 fnt\n|-heal|p1a: Hatterene|35\/100|[from] drain|[of] p2a: Raid Suit Sanji\n|faint|p2a: Raid Suit Sanji\n|-end|p2a: Raid Suit Sanji|Quark Drive|[silent]\n|\n|upkeep\n|\n|t:|1700272920\n|switch|p2a: Zoro|Ceruledge, F|4\/100\n|turn|21\n|\n|t:|1700272924\n|move|p2a: Zoro|Bitter Blade|p1a: Hatterene\n|-damage|p1a: Hatterene|0 fnt\n|-heal|p2a: Zoro|23\/100|[from] drain|[of] p1a: Hatterene\n|faint|p1a: Hatterene\n|\n|upkeep\n|\n|t:|1700272930\n|switch|p1a: Haxorus|Haxorus, F, shiny|100\/100\n|-ability|p1a: Haxorus|Mold Breaker\n|turn|22\n|\n|t:|1700272936\n|move|p2a: Zoro|Close Combat|p1a: Haxorus\n|-damage|p1a: Haxorus|51\/100\n|-unboost|p2a: Zoro|def|1\n|-unboost|p2a: Zoro|spd|1\n|move|p1a: Haxorus|Dragon Dance|p1a: Haxorus\n|-boost|p1a: Haxorus|atk|1\n|-boost|p1a: Haxorus|spe|1\n|\n|upkeep\n|turn|23\n|\n|t:|1700272946\n|move|p1a: Haxorus|Earthquake|p2a: Zoro\n|-supereffective|p2a: Zoro\n|-damage|p2a: Zoro|0 fnt\n|faint|p2a: Zoro\n|\n|upkeep\n|\n|t:|1700272951\n|switch|p2a: Fire Fist Sabo\ud83d\udd25|Cinderace, F|100\/100\n|turn|24\n|\n|t:|1700272957\n|move|p2a: Fire Fist Sabo\ud83d\udd25|Sucker Punch|p1a: Haxorus\n|-start|p2a: Fire Fist Sabo\ud83d\udd25|typechange|Dark|[from] ability: Libero\n|-damage|p1a: Haxorus|6\/100\n|move|p1a: Haxorus|Earthquake|p2a: Fire Fist Sabo\ud83d\udd25\n|-damage|p2a: Fire Fist Sabo\ud83d\udd25|8\/100\n|\n|upkeep\n|turn|25\n|\n|t:|1700272965\n|move|p2a: Fire Fist Sabo\ud83d\udd25|Sucker Punch||[still]\n|-fail|p2a: Fire Fist Sabo\ud83d\udd25\n|move|p1a: Haxorus|Dragon Dance|p1a: Haxorus\n|-boost|p1a: Haxorus|atk|1\n|-boost|p1a: Haxorus|spe|1\n|\n|upkeep\n|turn|26\n|\n|t:|1700272981\n|move|p2a: Fire Fist Sabo\ud83d\udd25|Sucker Punch||[still]\n|-fail|p2a: Fire Fist Sabo\ud83d\udd25\n|move|p1a: Haxorus|Dragon Dance|p1a: Haxorus\n|-boost|p1a: Haxorus|atk|1\n|-boost|p1a: Haxorus|spe|1\n|\n|upkeep\n|turn|27\n|\n|t:|1700272997\n|move|p1a: Haxorus|Earthquake|p2a: Fire Fist Sabo\ud83d\udd25\n|-damage|p2a: Fire Fist Sabo\ud83d\udd25|0 fnt\n|faint|p2a: Fire Fist Sabo\ud83d\udd25\n|\n|upkeep\n|\n|t:|1700273001\n|switch|p2a: ShankZ(YONKO BRUH)|Kingambit, M|100\/100\n|-activate|p2a: ShankZ(YONKO BRUH)|ability: Supreme Overlord\n|-start|p2a: ShankZ(YONKO BRUH)|fallen5|[silent]\n|turn|28\n|\n|t:|1700273018\n|move|p2a: ShankZ(YONKO BRUH)|Sucker Punch||[still]\n|-fail|p2a: ShankZ(YONKO BRUH)\n|move|p1a: Haxorus|Dragon Dance|p1a: Haxorus\n|-boost|p1a: Haxorus|atk|1\n|-boost|p1a: Haxorus|spe|1\n|\n|upkeep\n|turn|29\n|\n|t:|1700273029\n|move|p2a: ShankZ(YONKO BRUH)|Sucker Punch|p1a: Haxorus\n|-damage|p1a: Haxorus|0 fnt\n|faint|p1a: Haxorus\n|\n|win|zshmoneyy\n|raw|wooper junior's rating: 1265 &rarr; <strong>1246<\/strong><br \/>(-19 for losing)\n|raw|zshmoneyy's rating: 1343 &rarr; <strong>1359<\/strong><br \/>(+16 for winning)\n|c|\u2606wooper junior|gg\n|l|\u2606wooper junior\n","uploadtime":1700273064,"views":17,"p1id":"wooperjunior","p2id":"zshmoneyy","formatid":"gen9ou","rating":1246,"private":0,"password":""}