{"id":"gen9ou-1994537358","p1":"knexhawk2","p2":"saving lando","format":"[Gen 9] OU","log":"|j|\u2606knexhawk2\n|j|\u2606saving lando\n|t:|1700456286\n|gametype|singles\n|player|p1|knexhawk2|red-masters|1765\n|player|p2|saving lando|2|1727\n|teamsize|p1|6\n|teamsize|p2|6\n|gen|9\n|tier|[Gen 9] OU\n|rated|\n|rule|Sleep Clause Mod: Limit one foe put to sleep\n|rule|Species Clause: Limit one of each Pok\u00e9mon\n|rule|OHKO Clause: OHKO moves are banned\n|rule|Evasion Items Clause: Evasion items are banned\n|rule|Evasion Moves Clause: Evasion moves are banned\n|rule|Endless Battle Clause: Forcing endless battles is banned\n|rule|HP Percentage Mod: HP is shown in percentages\n|clearpoke\n|poke|p1|Tyranitar, M|\n|poke|p1|Iron Thorns|\n|poke|p1|Enamorus-Therian, F|\n|poke|p1|Moltres|\n|poke|p1|Samurott-Hisui, F|\n|poke|p1|Great Tusk|\n|poke|p2|Thundurus-Therian, M|\n|poke|p2|Goodra-Hisui, F|\n|poke|p2|Cinderace, F|\n|poke|p2|Landorus-Therian, M|\n|poke|p2|Iron Valiant|\n|poke|p2|Kingambit, F|\n|teampreview\n|j| CEO of Glaive Rush\n|\n|t:|1700456296\n|start\n|switch|p1a: Samurott|Samurott-Hisui, F|100\/100\n|switch|p2a: Cinderace|Cinderace, F|100\/100\n|turn|1\n|\n|t:|1700456299\n|move|p1a: Samurott|Flip Turn|p2a: Cinderace\n|-supereffective|p2a: Cinderace\n|-damage|p2a: Cinderace|33\/100\n|\n|t:|1700456303\n|switch|p1a: Moltres|Moltres|100\/100|[from] Flip Turn\n|move|p2a: Cinderace|U-turn|p1a: Moltres\n|-resisted|p1a: Moltres\n|-damage|p1a: Moltres|97\/100\n|\n|t:|1700456306\n|switch|p2a: Thundurus|Thundurus-Therian, M|100\/100|[from] U-turn\n|\n|upkeep\n|turn|2\n|\n|t:|1700456308\n|switch|p1a: Great Tusk|Great Tusk|100\/100\n|move|p2a: Thundurus|Volt Switch|p1a: Great Tusk\n|-immune|p1a: Great Tusk\n|\n|upkeep\n|turn|3\n|\n|t:|1700456312\n|switch|p2a: Landorus|Landorus-Therian, M|100\/100\n|-ability|p2a: Landorus|Intimidate|boost\n|-unboost|p1a: Great Tusk|atk|1\n|-end|p1a: Great Tusk|Protosynthesis|[silent]\n|switch|p1a: Tyranitar|Tyranitar, M|100\/100\n|-weather|Sandstorm|[from] ability: Sand Stream|[of] p1a: Tyranitar\n|\n|-weather|Sandstorm|[upkeep]\n|upkeep\n|turn|4\n|\n|t:|1700456315\n|switch|p1a: Great Tusk|Great Tusk|100\/100\n|move|p2a: Landorus|U-turn|p1a: Great Tusk\n|-resisted|p1a: Great Tusk\n|-damage|p1a: Great Tusk|93\/100\n|\n|t:|1700456317\n|switch|p2a: Thundurus|Thundurus-Therian, M|100\/100|[from] U-turn\n|\n|-weather|Sandstorm|[upkeep]\n|-damage|p2a: Thundurus|94\/100|[from] Sandstorm\n|-heal|p1a: Great Tusk|99\/100|[from] item: Leftovers\n|upkeep\n|turn|5\n|\n|t:|1700456319\n|-end|p1a: Great Tusk|Protosynthesis|[silent]\n|switch|p1a: Tyranitar|Tyranitar, M|100\/100\n|move|p2a: Thundurus|Volt Switch|p1a: Tyranitar\n|-damage|p1a: Tyranitar|62\/100\n|\n|t:|1700456322\n|switch|p2a: Landorus|Landorus-Therian, M|100\/100|[from] Volt Switch\n|-ability|p2a: Landorus|Intimidate|boost\n|-unboost|p1a: Tyranitar|atk|1\n|\n|-weather|Sandstorm|[upkeep]\n|upkeep\n|turn|6\n|\n|t:|1700456325\n|switch|p1a: Moltres|Moltres|97\/100\n|move|p2a: Landorus|Stealth Rock|p1a: Moltres\n|-sidestart|p1: knexhawk2|move: Stealth Rock\n|\n|-weather|Sandstorm|[upkeep]\n|-damage|p1a: Moltres|91\/100|[from] Sandstorm\n|upkeep\n|turn|7\n|\n|t:|1700456329\n|switch|p2a: Goodra|Goodra-Hisui, F|100\/100\n|move|p1a: Moltres|Will-O-Wisp|p2a: Goodra|[miss]\n|-miss|p1a: Moltres|p2a: Goodra\n|\n|-weather|none\n|upkeep\n|turn|8\n|\n|t:|1700456331\n|move|p1a: Moltres|Will-O-Wisp|p2a: Goodra\n|-status|p2a: Goodra|brn\n|move|p2a: Goodra|Draco Meteor|p1a: Moltres\n|-damage|p1a: Moltres|23\/100\n|-unboost|p2a: Goodra|spa|2\n|\n|-damage|p2a: Goodra|94\/100 brn|[from] brn\n|upkeep\n|turn|9\n|\n|t:|1700456334\n|switch|p2a: Thundurus|Thundurus-Therian, M|94\/100\n|move|p1a: Moltres|Roost|p1a: Moltres\n|-heal|p1a: Moltres|74\/100\n|-singleturn|p1a: Moltres|move: Roost\n|\n|upkeep\n|turn|10\n|\n|t:|1700456337\n|switch|p1a: Tyranitar|Tyranitar, M|62\/100\n|-damage|p1a: Tyranitar|50\/100|[from] Stealth Rock\n|-weather|Sandstorm|[from] ability: Sand Stream|[of] p1a: Tyranitar\n|-terastallize|p2a: Thundurus|Flying\n|move|p2a: Thundurus|Tera Blast|p1a: Tyranitar|[anim] Tera Blast Flying\n|-resisted|p1a: Tyranitar\n|-damage|p1a: Tyranitar|17\/100\n|\n|-weather|Sandstorm|[upkeep]\n|-damage|p2a: Thundurus|88\/100|[from] Sandstorm\n|upkeep\n|turn|11\n|\n|t:|1700456340\n|switch|p1a: Iron Thorns|Iron Thorns|100\/100\n|-damage|p1a: Iron Thorns|88\/100|[from] Stealth Rock\n|-enditem|p1a: Iron Thorns|Booster Energy\n|-activate|p1a: Iron Thorns|ability: Quark Drive|[fromitem]\n|-start|p1a: Iron Thorns|quarkdriveatk\n|move|p2a: Thundurus|Tera Blast|p1a: Iron Thorns|[anim] Tera Blast Flying\n|-resisted|p1a: Iron Thorns\n|-damage|p1a: Iron Thorns|69\/100\n|\n|-weather|Sandstorm|[upkeep]\n|-damage|p2a: Thundurus|82\/100|[from] Sandstorm\n|upkeep\n|turn|12\n|\n|t:|1700456345\n|switch|p2a: Landorus|Landorus-Therian, M|100\/100\n|-ability|p2a: Landorus|Intimidate|boost\n|-unboost|p1a: Iron Thorns|atk|1\n|move|p1a: Iron Thorns|Stone Edge|p2a: Landorus\n|-damage|p2a: Landorus|69\/100\n|\n|-weather|Sandstorm|[upkeep]\n|upkeep\n|turn|13\n|j| spin da bloc\n|l| spin da bloc\n|\n|t:|1700456354\n|move|p1a: Iron Thorns|Stone Edge|p2a: Landorus|[miss]\n|-miss|p1a: Iron Thorns|p2a: Landorus\n|move|p2a: Landorus|U-turn|p1a: Iron Thorns\n|-damage|p1a: Iron Thorns|48\/100\n|j| Bad Dragoon\n|\n|t:|1700456370\n|switch|p2a: Iron Valiant|Iron Valiant|100\/100|[from] U-turn\n|-enditem|p2a: Iron Valiant|Booster Energy\n|-activate|p2a: Iron Valiant|ability: Quark Drive|[fromitem]\n|-start|p2a: Iron Valiant|quarkdrivespe\n|\n|-weather|Sandstorm|[upkeep]\n|-damage|p2a: Iron Valiant|94\/100|[from] Sandstorm\n|upkeep\n|turn|14\n|\n|t:|1700456374\n|move|p2a: Iron Valiant|Swords Dance|p2a: Iron Valiant\n|-boost|p2a: Iron Valiant|atk|2\n|move|p1a: Iron Thorns|Wild Charge|p2a: Iron Valiant\n|-damage|p2a: Iron Valiant|38\/100\n|-damage|p1a: Iron Thorns|36\/100|[from] Recoil\n|\n|-weather|none\n|upkeep\n|turn|15\n|\n|t:|1700456378\n|move|p2a: Iron Valiant|Knock Off|p1a: Iron Thorns\n|-damage|p1a: Iron Thorns|0 fnt\n|faint|p1a: Iron Thorns\n|-end|p1a: Iron Thorns|Quark Drive|[silent]\n|\n|upkeep\n|\n|t:|1700456380\n|switch|p1a: Great Tusk|Great Tusk|99\/100\n|-damage|p1a: Great Tusk|96\/100|[from] Stealth Rock\n|turn|16\n|\n|t:|1700456384\n|-end|p2a: Iron Valiant|Quark Drive|[silent]\n|switch|p2a: Landorus|Landorus-Therian, M|69\/100\n|-ability|p2a: Landorus|Intimidate|boost\n|-unboost|p1a: Great Tusk|atk|1\n|move|p1a: Great Tusk|Rapid Spin|p2a: Landorus\n|-damage|p2a: Landorus|60\/100\n|-boost|p1a: Great Tusk|spe|1\n|-damage|p1a: Great Tusk|79\/100|[from] item: Rocky Helmet|[of] p2a: Landorus\n|-sideend|p1: knexhawk2|Stealth Rock|[from] move: Rapid Spin|[of] p1a: Great Tusk\n|\n|-heal|p1a: Great Tusk|86\/100|[from] item: Leftovers\n|upkeep\n|turn|17\n|\n|t:|1700456389\n|move|p1a: Great Tusk|Ice Spinner|p2a: Landorus\n|-supereffective|p2a: Landorus\n|-damage|p2a: Landorus|10\/100\n|-damage|p1a: Great Tusk|69\/100|[from] item: Rocky Helmet|[of] p2a: Landorus\n|move|p2a: Landorus|Grass Knot|p1a: Great Tusk\n|-supereffective|p1a: Great Tusk\n|-damage|p1a: Great Tusk|0 fnt\n|faint|p1a: Great Tusk\n|-end|p1a: Great Tusk|Protosynthesis|[silent]\n|\n|upkeep\n|\n|t:|1700456392\n|switch|p1a: Samurott|Samurott-Hisui, F|100\/100\n|turn|18\n|\n|t:|1700456396\n|move|p1a: Samurott|Flip Turn|p2a: Landorus\n|-supereffective|p2a: Landorus\n|-damage|p2a: Landorus|0 fnt\n|-damage|p1a: Samurott|84\/100|[from] item: Rocky Helmet|[of] p2a: Landorus\n|faint|p2a: Landorus\n|\n|t:|1700456400\n|switch|p1a: Tyranitar|Tyranitar, M|17\/100|[from] Flip Turn\n|-weather|Sandstorm|[from] ability: Sand Stream|[of] p1a: Tyranitar\n|\n|-weather|Sandstorm|[upkeep]\n|upkeep\n|\n|t:|1700456403\n|switch|p2a: Thundurus|Thundurus-Therian, M, tera:Flying|82\/100\n|turn|19\n|\n|t:|1700456406\n|move|p2a: Thundurus|Volt Switch|p1a: Tyranitar\n|-damage|p1a: Tyranitar|0 fnt\n|faint|p1a: Tyranitar\n|\n|t:|1700456411\n|switch|p2a: Kingambit|Kingambit, F|100\/100|[from] Volt Switch\n|-activate|p2a: Kingambit|ability: Supreme Overlord\n|-start|p2a: Kingambit|fallen1|[silent]\n|-item|p2a: Kingambit|Air Balloon\n|\n|-weather|Sandstorm|[upkeep]\n|upkeep\n|\n|t:|1700456413\n|switch|p1a: Moltres|Moltres|74\/100\n|turn|20\n|\n|t:|1700456416\n|-end|p2a: Kingambit|fallen1|[silent]\n|switch|p2a: Cinderace|Cinderace, F|33\/100\n|move|p1a: Moltres|Flamethrower|p2a: Cinderace\n|-resisted|p2a: Cinderace\n|-crit|p2a: Cinderace\n|-damage|p2a: Cinderace|0 fnt\n|faint|p2a: Cinderace\n|\n|-weather|Sandstorm|[upkeep]\n|-damage|p1a: Moltres|68\/100|[from] Sandstorm\n|upkeep\n|\n|t:|1700456418\n|switch|p2a: Thundurus|Thundurus-Therian, M, tera:Flying|82\/100\n|turn|21\n|\n|t:|1700456423\n|switch|p1a: Samurott|Samurott-Hisui, F|84\/100\n|move|p2a: Thundurus|Tera Blast|p1a: Samurott|[anim] Tera Blast Flying\n|-damage|p1a: Samurott|0 fnt\n|faint|p1a: Samurott\n|\n|-weather|Sandstorm|[upkeep]\n|-damage|p2a: Thundurus|76\/100|[from] Sandstorm\n|upkeep\n|\n|t:|1700456426\n|switch|p1a: Enamorus|Enamorus-Therian, F|100\/100\n|turn|22\n|\n|t:|1700456428\n|move|p2a: Thundurus|Tera Blast|p1a: Enamorus|[anim] Tera Blast Flying\n|-damage|p1a: Enamorus|7\/100\n|move|p1a: Enamorus|Moonblast|p2a: Thundurus\n|-damage|p2a: Thundurus|0 fnt\n|faint|p2a: Thundurus\n|\n|-weather|none\n|upkeep\n|\n|t:|1700456434\n|switch|p2a: Goodra|Goodra-Hisui, F|94\/100 brn\n|turn|23\n|\n|t:|1700456439\n|switch|p1a: Moltres|Moltres|68\/100\n|move|p2a: Goodra|Flash Cannon|p1a: Moltres\n|-resisted|p1a: Moltres\n|-damage|p1a: Moltres|47\/100\n|\n|-damage|p2a: Goodra|88\/100 brn|[from] brn\n|upkeep\n|turn|24\n|\n|t:|1700456442\n|switch|p2a: Iron Valiant|Iron Valiant|38\/100\n|move|p1a: Moltres|Roost|p1a: Moltres\n|-heal|p1a: Moltres|97\/100\n|-singleturn|p1a: Moltres|move: Roost\n|\n|upkeep\n|turn|25\n|\n|t:|1700456445\n|switch|p1a: Enamorus|Enamorus-Therian, F|7\/100\n|move|p2a: Iron Valiant|Encore||[still]\n|-fail|p2a: Iron Valiant\n|\n|upkeep\n|turn|26\n|\n|t:|1700456448\n|switch|p1a: Moltres|Moltres|97\/100\n|move|p2a: Iron Valiant|Knock Off|p1a: Moltres\n|-damage|p1a: Moltres|72\/100\n|-enditem|p1a: Moltres|Heavy-Duty Boots|[from] move: Knock Off|[of] p2a: Iron Valiant\n|\n|upkeep\n|turn|27\n|\n|t:|1700456450\n|-end|p2a: Iron Valiant|Quark Drive|[silent]\n|switch|p2a: Goodra|Goodra-Hisui, F|88\/100 brn\n|move|p1a: Moltres|Flamethrower|p2a: Goodra\n|-damage|p2a: Goodra|69\/100 brn\n|\n|-damage|p2a: Goodra|63\/100 brn|[from] brn\n|upkeep\n|turn|28\n|\n|t:|1700456454\n|move|p1a: Moltres|Flamethrower|p2a: Goodra\n|-damage|p2a: Goodra|46\/100 brn\n|move|p2a: Goodra|Flamethrower|p1a: Moltres\n|-resisted|p1a: Moltres\n|-damage|p1a: Moltres|56\/100\n|\n|-damage|p2a: Goodra|40\/100 brn|[from] brn\n|upkeep\n|turn|29\n|\n|t:|1700456458\n|move|p1a: Moltres|Roost|p1a: Moltres\n|-heal|p1a: Moltres|100\/100\n|-singleturn|p1a: Moltres|move: Roost\n|move|p2a: Goodra|Draco Meteor|p1a: Moltres\n|-damage|p1a: Moltres|27\/100\n|-unboost|p2a: Goodra|spa|2\n|\n|-damage|p2a: Goodra|34\/100 brn|[from] brn\n|upkeep\n|turn|30\n|\n|t:|1700456462\n|switch|p2a: Iron Valiant|Iron Valiant|38\/100\n|move|p1a: Moltres|Roost|p1a: Moltres\n|-heal|p1a: Moltres|78\/100\n|-singleturn|p1a: Moltres|move: Roost\n|\n|upkeep\n|turn|31\n|\n|t:|1700456465\n|switch|p1a: Enamorus|Enamorus-Therian, F|7\/100\n|move|p2a: Iron Valiant|Swords Dance|p2a: Iron Valiant\n|-boost|p2a: Iron Valiant|atk|2\n|\n|upkeep\n|turn|32\n|\n|t:|1700456471\n|move|p2a: Iron Valiant|Swords Dance|p2a: Iron Valiant\n|-boost|p2a: Iron Valiant|atk|2\n|move|p1a: Enamorus|Healing Wish|p1a: Enamorus\n|faint|p1a: Enamorus\n|\n|upkeep\n|j| iamacactus123\n|\n|t:|1700456472\n|switch|p1a: Moltres|Moltres|78\/100\n|-heal|p1a: Moltres|100\/100|[from] move: Healing Wish\n|turn|33\n|\n|t:|1700456477\n|move|p2a: Iron Valiant|Knock Off|p1a: Moltres\n|-crit|p1a: Moltres\n|-damage|p1a: Moltres|27\/100\n|move|p1a: Moltres|Flamethrower|p2a: Iron Valiant\n|-damage|p2a: Iron Valiant|0 fnt\n|faint|p2a: Iron Valiant\n|-end|p2a: Iron Valiant|Quark Drive|[silent]\n|\n|upkeep\n|\n|t:|1700456481\n|switch|p2a: Goodra|Goodra-Hisui, F|34\/100 brn\n|turn|34\n|\n|t:|1700456484\n|move|p1a: Moltres|Roost|p1a: Moltres\n|-heal|p1a: Moltres|77\/100\n|-singleturn|p1a: Moltres|move: Roost\n|move|p2a: Goodra|Draco Meteor|p1a: Moltres\n|-damage|p1a: Moltres|8\/100\n|-unboost|p2a: Goodra|spa|2\n|\n|-damage|p2a: Goodra|28\/100 brn|[from] brn\n|upkeep\n|turn|35\n|\n|t:|1700456491\n|switch|p2a: Kingambit|Kingambit, F|100\/100\n|-activate|p2a: Kingambit|ability: Supreme Overlord\n|-start|p2a: Kingambit|fallen4|[silent]\n|-item|p2a: Kingambit|Air Balloon\n|move|p1a: Moltres|Roost|p1a: Moltres\n|-heal|p1a: Moltres|58\/100\n|-singleturn|p1a: Moltres|move: Roost\n|\n|upkeep\n|turn|36\n|\n|t:|1700456498\n|move|p1a: Moltres|Will-O-Wisp|p2a: Kingambit\n|-status|p2a: Kingambit|brn\n|move|p2a: Kingambit|Swords Dance|p2a: Kingambit\n|-boost|p2a: Kingambit|atk|2\n|\n|-damage|p2a: Kingambit|94\/100 brn|[from] brn\n|upkeep\n|turn|37\n|\n|t:|1700456505\n|move|p1a: Moltres|Roost|p1a: Moltres\n|-heal|p1a: Moltres|100\/100\n|-singleturn|p1a: Moltres|move: Roost\n|move|p2a: Kingambit|Kowtow Cleave|p1a: Moltres\n|-damage|p1a: Moltres|57\/100\n|\n|-damage|p2a: Kingambit|88\/100 brn|[from] brn\n|upkeep\n|turn|38\n|\n|t:|1700456509\n|-terastallize|p1a: Moltres|Fighting\n|move|p1a: Moltres|Roost|p1a: Moltres\n|-heal|p1a: Moltres|100\/100\n|move|p2a: Kingambit|Swords Dance|p2a: Kingambit\n|-boost|p2a: Kingambit|atk|2\n|\n|-damage|p2a: Kingambit|82\/100 brn|[from] brn\n|upkeep\n|turn|39\n|\n|t:|1700456514\n|move|p1a: Moltres|Flamethrower|p2a: Kingambit\n|-supereffective|p2a: Kingambit\n|-damage|p2a: Kingambit|0 fnt\n|-enditem|p2a: Kingambit|Air Balloon\n|faint|p2a: Kingambit\n|-end|p2a: Kingambit|fallen4|[silent]\n|\n|upkeep\n|\n|t:|1700456516\n|switch|p2a: Goodra|Goodra-Hisui, F|28\/100 brn\n|turn|40\n|\n|t:|1700456518\n|move|p1a: Moltres|Flamethrower|p2a: Goodra\n|-damage|p2a: Goodra|11\/100 brn\n|move|p2a: Goodra|Draco Meteor|p1a: Moltres\n|-damage|p1a: Moltres|32\/100\n|-unboost|p2a: Goodra|spa|2\n|\n|-damage|p2a: Goodra|5\/100 brn|[from] brn\n|upkeep\n|turn|41\n|c|\u2606knexhawk2|gg\n|-message|saving lando forfeited.\n|\n|win|knexhawk2\n|raw|knexhawk2's rating: 1765 &rarr; <strong>1783<\/strong><br \/>(+18 for winning)\n|raw|saving lando's rating: 1727 &rarr; <strong>1709<\/strong><br \/>(-18 for losing)\n|l|\u2606saving lando\n|c| iamacactus123|:0\n|l| iamacactus123\n|c|\u2606knexhawk2|moltres went crazy\n|l|\u2606knexhawk2\n","uploadtime":1700456567,"views":17,"p1id":"knexhawk2","p2id":"savinglando","formatid":"gen9ou","rating":1709,"private":0,"password":""}