{"id":"gen9ou-1999753911","p1":"KN Corse","p2":"Sukia Play","format":"[Gen 9] OU","log":"|j|\u2606KN Corse\n|j|\u2606Sukia Play\n|t:|1701113687\n|gametype|singles\n|player|p1|KN Corse|youngcouple-gen4dp|\n|player|p2|Sukia Play|ghetsis|\n|teamsize|p1|6\n|teamsize|p2|6\n|gen|9\n|tier|[Gen 9] OU\n|rule|Sleep Clause Mod: Limit one foe put to sleep\n|rule|Species Clause: Limit one of each Pok\u00e9mon\n|rule|OHKO Clause: OHKO moves are banned\n|rule|Evasion Items Clause: Evasion items are banned\n|rule|Evasion Moves Clause: Evasion moves are banned\n|rule|Endless Battle Clause: Forcing endless battles is banned\n|rule|HP Percentage Mod: HP is shown in percentages\n|clearpoke\n|poke|p1|Ting-Lu|\n|poke|p1|Clefable, F|\n|poke|p1|Cinderace, M|\n|poke|p1|Dragapult, M|\n|poke|p1|Kingambit, M|\n|poke|p1|Iron Valiant|\n|poke|p2|Great Tusk|\n|poke|p2|Meowscarada, F|\n|poke|p2|Dondozo, F|\n|poke|p2|Moltres|\n|poke|p2|Garganacl, F|\n|poke|p2|Tornadus-Therian, M|\n|teampreview\n|inactive|Battle timer is ON: inactive players will automatically lose when time's up. (requested by Sukia Play)\n|j| Tilin Insan0\n|inactive|KN Corse has 270 seconds left.\n|inactive|Sukia Play has 270 seconds left.\n|j| Tempo di anguria\n|j| ACG1 Messi\n|c|\u2606KN Corse|hf\n|c|\u2606Sukia Play|hf ;)\n|inactive|KN Corse has 240 seconds left.\n|\n|t:|1701113764\n|start\n|switch|p1a: Cinderace|Cinderace, M|100\/100\n|switch|p2a: Meowscarada|Meowscarada, F|100\/100\n|turn|1\n|j| RubenPaCe\n|\n|t:|1701113786\n|switch|p2a: Dondozo|Dondozo, F|100\/100\n|move|p1a: Cinderace|U-turn|p2a: Dondozo\n|-damage|p2a: Dondozo|90\/100\n|\n|t:|1701113802\n|switch|p1a: Dragapult|Dragapult, M|100\/100|[from] U-turn\n|\n|-heal|p2a: Dondozo|96\/100|[from] item: Leftovers\n|upkeep\n|turn|2\n|\n|t:|1701113812\n|switch|p2a: Garganacl|Garganacl, F|100\/100\n|move|p1a: Dragapult|U-turn|p2a: Garganacl\n|-damage|p2a: Garganacl|89\/100\n|\n|t:|1701113818\n|switch|p1a: Ting-Lu|Ting-Lu|100\/100|[from] U-turn\n|-ability|p1a: Ting-Lu|Vessel of Ruin\n|\n|-heal|p2a: Garganacl|96\/100|[from] item: Leftovers\n|upkeep\n|turn|3\n|\n|t:|1701113830\n|switch|p2a: Meowscarada|Meowscarada, F|100\/100\n|move|p1a: Ting-Lu|Ruination|p2a: Meowscarada\n|-damage|p2a: Meowscarada|51\/100\n|\n|upkeep\n|turn|4\n|\n|t:|1701113840\n|switch|p1a: Clefable|Clefable, F|100\/100\n|move|p2a: Meowscarada|Spikes|p1a: Clefable\n|-sidestart|p1: KN Corse|Spikes\n|\n|upkeep\n|turn|5\n|j| TaqueroBurrito\n|\n|t:|1701113849\n|move|p2a: Meowscarada|U-turn|p1a: Clefable\n|-resisted|p1a: Clefable\n|-damage|p1a: Clefable|92\/100\n|j| Ethan988\n|inactive|Sukia Play has 270 seconds left.\n|\n|t:|1701113892\n|switch|p2a: Tornadus|Tornadus-Therian, M|100\/100|[from] U-turn\n|move|p1a: Clefable|Stealth Rock|p2a: Tornadus\n|-sidestart|p2: Sukia Play|move: Stealth Rock\n|\n|upkeep\n|turn|6\n|\n|t:|1701113905\n|move|p2a: Tornadus|Taunt|p1a: Clefable\n|-start|p1a: Clefable|move: Taunt\n|move|p1a: Clefable|Moonblast|p2a: Tornadus\n|-damage|p2a: Tornadus|64\/100\n|-unboost|p2a: Tornadus|spa|1\n|\n|upkeep\n|turn|7\n|\n|t:|1701113915\n|move|p2a: Tornadus|U-turn|p1a: Clefable\n|-resisted|p1a: Clefable\n|-damage|p1a: Clefable|86\/100\n|inactive|Sukia Play has 240 seconds left.\n|\n|t:|1701113969\n|switch|p2a: Dondozo|Dondozo, F|96\/100|[from] U-turn\n|-damage|p2a: Dondozo|83\/100|[from] Stealth Rock\n|move|p1a: Clefable|Moonblast|p2a: Dondozo\n|-damage|p2a: Dondozo|64\/100\n|\n|-heal|p2a: Dondozo|70\/100|[from] item: Leftovers\n|upkeep\n|turn|8\n|\n|t:|1701113979\n|move|p1a: Clefable|Moonblast|p2a: Dondozo\n|-damage|p2a: Dondozo|50\/100\n|move|p2a: Dondozo|Curse|p2a: Dondozo\n|-unboost|p2a: Dondozo|spe|1\n|-boost|p2a: Dondozo|atk|1\n|-boost|p2a: Dondozo|def|1\n|\n|-heal|p2a: Dondozo|56\/100|[from] item: Leftovers\n|-end|p1a: Clefable|move: Taunt\n|upkeep\n|turn|9\n|\n|t:|1701113987\n|move|p1a: Clefable|Wish|p1a: Clefable\n|move|p2a: Dondozo|Curse|p2a: Dondozo\n|-unboost|p2a: Dondozo|spe|1\n|-boost|p2a: Dondozo|atk|1\n|-boost|p2a: Dondozo|def|1\n|\n|-heal|p2a: Dondozo|62\/100|[from] item: Leftovers\n|upkeep\n|turn|10\n|inactive|Sukia Play has 240 seconds left.\n|\n|t:|1701113998\n|move|p1a: Clefable|Moonblast|p2a: Dondozo\n|-damage|p2a: Dondozo|42\/100\n|-unboost|p2a: Dondozo|spa|1\n|move|p2a: Dondozo|Curse|p2a: Dondozo\n|-unboost|p2a: Dondozo|spe|1\n|-boost|p2a: Dondozo|atk|1\n|-boost|p2a: Dondozo|def|1\n|\n|-heal|p1a: Clefable|100\/100|[from] move: Wish|[wisher] Clefable\n|-heal|p2a: Dondozo|49\/100|[from] item: Leftovers\n|upkeep\n|turn|11\n|inactive|Sukia Play has 240 seconds left.\n|\n|t:|1701114007\n|move|p1a: Clefable|Wish|p1a: Clefable\n|move|p2a: Dondozo|Rest|p2a: Dondozo\n|-status|p2a: Dondozo|slp|[from] move: Rest\n|-heal|p2a: Dondozo|100\/100 slp|[silent]\n|\n|upkeep\n|turn|12\n|\n|t:|1701114011\n|move|p1a: Clefable|Moonblast|p2a: Dondozo\n|-damage|p2a: Dondozo|80\/100 slp\n|-unboost|p2a: Dondozo|spa|1\n|cant|p2a: Dondozo|slp\n|move|p2a: Dondozo|Sleep Talk|p2a: Dondozo\n|move|p2a: Dondozo|Curse|p2a: Dondozo|[from]move: Sleep Talk\n|-unboost|p2a: Dondozo|spe|1\n|-boost|p2a: Dondozo|atk|1\n|-boost|p2a: Dondozo|def|1\n|\n|-heal|p2a: Dondozo|86\/100 slp|[from] item: Leftovers\n|upkeep\n|turn|13\n|\n|t:|1701114019\n|move|p1a: Clefable|Moonblast|p2a: Dondozo\n|-damage|p2a: Dondozo|65\/100 slp\n|-unboost|p2a: Dondozo|spa|1\n|cant|p2a: Dondozo|slp\n|move|p2a: Dondozo|Sleep Talk|p2a: Dondozo\n|move|p2a: Dondozo|Curse|p2a: Dondozo|[from]move: Sleep Talk\n|-unboost|p2a: Dondozo|spe|1\n|-boost|p2a: Dondozo|atk|1\n|-boost|p2a: Dondozo|def|1\n|\n|-heal|p2a: Dondozo|71\/100 slp|[from] item: Leftovers\n|upkeep\n|turn|14\n|l| RubenPaCe\n|\n|t:|1701114039\n|move|p1a: Clefable|Moonblast|p2a: Dondozo\n|-damage|p2a: Dondozo|49\/100 slp\n|-curestatus|p2a: Dondozo|slp|[msg]\n|move|p2a: Dondozo|Wave Crash|p1a: Clefable\n|-damage|p1a: Clefable|69\/100\n|-damage|p2a: Dondozo|41\/100|[from] Recoil\n|\n|-heal|p2a: Dondozo|47\/100|[from] item: Leftovers\n|upkeep\n|turn|15\n|\n|t:|1701114047\n|move|p1a: Clefable|Wish|p1a: Clefable\n|move|p2a: Dondozo|Rest|p2a: Dondozo\n|-status|p2a: Dondozo|slp|[from] move: Rest\n|-heal|p2a: Dondozo|100\/100 slp|[silent]\n|\n|upkeep\n|turn|16\n|\n|t:|1701114051\n|move|p1a: Clefable|Moonblast|p2a: Dondozo\n|-damage|p2a: Dondozo|79\/100 slp\n|-unboost|p2a: Dondozo|spa|1\n|cant|p2a: Dondozo|slp\n|move|p2a: Dondozo|Sleep Talk|p2a: Dondozo\n|move|p2a: Dondozo|Wave Crash|p1a: Clefable|[from]move: Sleep Talk\n|-damage|p1a: Clefable|34\/100\n|-damage|p2a: Dondozo|70\/100 slp|[from] Recoil\n|\n|-heal|p1a: Clefable|84\/100|[from] move: Wish|[wisher] Clefable\n|-heal|p2a: Dondozo|76\/100 slp|[from] item: Leftovers\n|upkeep\n|turn|17\n|inactive|Sukia Play has 270 seconds left.\n|\n|t:|1701114060\n|move|p1a: Clefable|Protect|p1a: Clefable\n|-singleturn|p1a: Clefable|Protect\n|cant|p2a: Dondozo|slp\n|move|p2a: Dondozo|Sleep Talk|p2a: Dondozo\n|move|p2a: Dondozo|Rest||[from]move: Sleep Talk|[still]\n|-fail|p2a: Dondozo\n|\n|-heal|p2a: Dondozo|82\/100 slp|[from] item: Leftovers\n|upkeep\n|turn|18\n|\n|t:|1701114068\n|move|p1a: Clefable|Wish|p1a: Clefable\n|-curestatus|p2a: Dondozo|slp|[msg]\n|move|p2a: Dondozo|Wave Crash|p1a: Clefable\n|-damage|p1a: Clefable|53\/100\n|-damage|p2a: Dondozo|74\/100|[from] Recoil\n|\n|-heal|p2a: Dondozo|80\/100|[from] item: Leftovers\n|upkeep\n|turn|19\n|inactive|Sukia Play has 270 seconds left.\n|\n|t:|1701114089\n|move|p1a: Clefable|Stealth Rock||[still]\n|-fail|p1a: Clefable\n|move|p2a: Dondozo|Wave Crash|p1a: Clefable\n|-damage|p1a: Clefable|22\/100\n|-damage|p2a: Dondozo|72\/100|[from] Recoil\n|\n|-heal|p1a: Clefable|72\/100|[from] move: Wish|[wisher] Clefable\n|-heal|p2a: Dondozo|78\/100|[from] item: Leftovers\n|upkeep\n|turn|20\n|\n|t:|1701114098\n|move|p1a: Clefable|Wish|p1a: Clefable\n|move|p2a: Dondozo|Wave Crash|p1a: Clefable\n|-damage|p1a: Clefable|37\/100\n|-damage|p2a: Dondozo|69\/100|[from] Recoil\n|\n|-heal|p2a: Dondozo|76\/100|[from] item: Leftovers\n|upkeep\n|turn|21\n|\n|t:|1701114103\n|move|p1a: Clefable|Protect|p1a: Clefable\n|-singleturn|p1a: Clefable|Protect\n|move|p2a: Dondozo|Curse|p2a: Dondozo\n|-unboost|p2a: Dondozo|spe|1\n|-boost|p2a: Dondozo|atk|1\n|-boost|p2a: Dondozo|def|1\n|\n|-heal|p1a: Clefable|87\/100|[from] move: Wish|[wisher] Clefable\n|-heal|p2a: Dondozo|82\/100|[from] item: Leftovers\n|upkeep\n|turn|22\n|\n|t:|1701114108\n|move|p1a: Clefable|Wish|p1a: Clefable\n|move|p2a: Dondozo|Wave Crash|p1a: Clefable\n|-damage|p1a: Clefable|54\/100\n|-damage|p2a: Dondozo|73\/100|[from] Recoil\n|\n|-heal|p2a: Dondozo|79\/100|[from] item: Leftovers\n|upkeep\n|turn|23\n|\n|t:|1701114128\n|move|p1a: Clefable|Moonblast|p2a: Dondozo\n|-damage|p2a: Dondozo|61\/100\n|move|p2a: Dondozo|Curse|p2a: Dondozo\n|\n|-heal|p1a: Clefable|100\/100|[from] move: Wish|[wisher] Clefable\n|-heal|p2a: Dondozo|67\/100|[from] item: Leftovers\n|upkeep\n|turn|24\n|\n|t:|1701114135\n|move|p1a: Clefable|Stealth Rock||[still]\n|-fail|p1a: Clefable\n|move|p2a: Dondozo|Wave Crash|p1a: Clefable\n|-damage|p1a: Clefable|69\/100\n|-damage|p2a: Dondozo|59\/100|[from] Recoil\n|\n|-heal|p2a: Dondozo|65\/100|[from] item: Leftovers\n|upkeep\n|turn|25\n|\n|t:|1701114143\n|move|p1a: Clefable|Protect|p1a: Clefable\n|-singleturn|p1a: Clefable|Protect\n|move|p2a: Dondozo|Wave Crash|p1a: Clefable\n|-activate|p1a: Clefable|move: Protect\n|\n|-heal|p2a: Dondozo|71\/100|[from] item: Leftovers\n|upkeep\n|turn|26\n|\n|t:|1701114165\n|switch|p2a: Garganacl|Garganacl, F|96\/100\n|-damage|p2a: Garganacl|83\/100|[from] Stealth Rock\n|move|p1a: Clefable|Wish|p1a: Clefable\n|\n|-heal|p2a: Garganacl|89\/100|[from] item: Leftovers\n|upkeep\n|turn|27\n|\n|t:|1701114173\n|move|p1a: Clefable|Protect|p1a: Clefable\n|-singleturn|p1a: Clefable|Protect\n|move|p2a: Garganacl|Iron Defense|p2a: Garganacl\n|-boost|p2a: Garganacl|def|2\n|\n|-heal|p1a: Clefable|100\/100|[from] move: Wish|[wisher] Clefable\n|-heal|p2a: Garganacl|96\/100|[from] item: Leftovers\n|upkeep\n|turn|28\n|\n|t:|1701114177\n|switch|p1a: Iron Valiant|Iron Valiant|100\/100\n|move|p2a: Garganacl|Salt Cure|p1a: Iron Valiant\n|-resisted|p1a: Iron Valiant\n|-damage|p1a: Iron Valiant|92\/100\n|-start|p1a: Iron Valiant|Salt Cure\n|\n|-heal|p2a: Garganacl|100\/100|[from] item: Leftovers\n|-damage|p1a: Iron Valiant|80\/100|[from] Salt Cure\n|upkeep\n|turn|29\n|\n|t:|1701114186\n|switch|p2a: Moltres|Moltres|100\/100\n|move|p1a: Iron Valiant|Encore||[still]\n|-fail|p1a: Iron Valiant\n|\n|-damage|p1a: Iron Valiant|67\/100|[from] Salt Cure\n|upkeep\n|turn|30\n|\n|t:|1701114200\n|-end|p1a: Iron Valiant|Quark Drive|[silent]\n|switch|p1a: Clefable|Clefable, F|100\/100\n|move|p2a: Moltres|Will-O-Wisp|p1a: Clefable\n|-status|p1a: Clefable|brn\n|\n|-damage|p1a: Clefable|94\/100 brn|[from] brn\n|upkeep\n|turn|31\n|l| Tempo di anguria\n|\n|t:|1701114207\n|move|p2a: Moltres|U-turn|p1a: Clefable\n|-resisted|p1a: Clefable\n|-damage|p1a: Clefable|89\/100 brn\n|\n|t:|1701114210\n|switch|p2a: Garganacl|Garganacl, F|100\/100|[from] U-turn\n|-damage|p2a: Garganacl|88\/100|[from] Stealth Rock\n|move|p1a: Clefable|Wish|p1a: Clefable\n|\n|-heal|p2a: Garganacl|94\/100|[from] item: Leftovers\n|-damage|p1a: Clefable|82\/100 brn|[from] brn\n|upkeep\n|turn|32\n|\n|t:|1701114214\n|switch|p1a: Iron Valiant|Iron Valiant|67\/100\n|move|p2a: Garganacl|Salt Cure|p1a: Iron Valiant\n|-resisted|p1a: Iron Valiant\n|-damage|p1a: Iron Valiant|58\/100\n|-start|p1a: Iron Valiant|Salt Cure\n|\n|-heal|p1a: Iron Valiant|100\/100|[from] move: Wish|[wisher] Clefable\n|-heal|p2a: Garganacl|100\/100|[from] item: Leftovers\n|-damage|p1a: Iron Valiant|88\/100|[from] Salt Cure\n|upkeep\n|turn|33\n|\n|t:|1701114227\n|-end|p1a: Iron Valiant|Quark Drive|[silent]\n|switch|p1a: Dragapult|Dragapult, M|100\/100\n|-damage|p1a: Dragapult|88\/100|[from] Spikes\n|switch|p2a: Moltres|Moltres|100\/100\n|\n|upkeep\n|turn|34\n|\n|t:|1701114234\n|move|p1a: Dragapult|Draco Meteor|p2a: Moltres\n|-damage|p2a: Moltres|26\/100\n|-unboost|p1a: Dragapult|spa|2\n|move|p2a: Moltres|Roost|p2a: Moltres\n|-heal|p2a: Moltres|76\/100\n|-singleturn|p2a: Moltres|move: Roost\n|\n|upkeep\n|turn|35\n|\n|t:|1701114243\n|switch|p1a: Ting-Lu|Ting-Lu|100\/100\n|-damage|p1a: Ting-Lu|88\/100|[from] Spikes\n|-ability|p1a: Ting-Lu|Vessel of Ruin\n|switch|p2a: Garganacl|Garganacl, F|100\/100\n|-damage|p2a: Garganacl|88\/100|[from] Stealth Rock\n|\n|-heal|p1a: Ting-Lu|94\/100|[from] item: Leftovers\n|-heal|p2a: Garganacl|94\/100|[from] item: Leftovers\n|upkeep\n|turn|36\n|\n|t:|1701114254\n|switch|p2a: Meowscarada|Meowscarada, F|51\/100\n|move|p1a: Ting-Lu|Spikes|p2a: Meowscarada\n|-sidestart|p2: Sukia Play|Spikes\n|\n|-heal|p1a: Ting-Lu|100\/100|[from] item: Leftovers\n|upkeep\n|turn|37\n|\n|t:|1701114261\n|move|p2a: Meowscarada|Spikes|p1a: Ting-Lu\n|-sidestart|p1: KN Corse|Spikes\n|move|p1a: Ting-Lu|Ruination|p2a: Meowscarada\n|-damage|p2a: Meowscarada|26\/100\n|\n|upkeep\n|turn|38\n|\n|t:|1701114267\n|switch|p1a: Cinderace|Cinderace, M|100\/100\n|move|p2a: Meowscarada|Flower Trick|p1a: Cinderace\n|-resisted|p1a: Cinderace\n|-crit|p1a: Cinderace\n|-damage|p1a: Cinderace|55\/100\n|\n|upkeep\n|turn|39\n|\n|t:|1701114273\n|switch|p2a: Moltres|Moltres|76\/100\n|move|p1a: Cinderace|U-turn|p2a: Moltres\n|-resisted|p2a: Moltres\n|-damage|p2a: Moltres|72\/100\n|\n|t:|1701114278\n|switch|p1a: Dragapult|Dragapult, M|88\/100|[from] U-turn\n|-damage|p1a: Dragapult|72\/100|[from] Spikes\n|\n|upkeep\n|turn|40\n|\n|t:|1701114297\n|switch|p2a: Tornadus|Tornadus-Therian, M|98\/100\n|move|p1a: Dragapult|U-turn|p2a: Tornadus\n|-resisted|p2a: Tornadus\n|-damage|p2a: Tornadus|88\/100\n|\n|t:|1701114308\n|switch|p1a: Ting-Lu|Ting-Lu|100\/100|[from] U-turn\n|-damage|p1a: Ting-Lu|84\/100|[from] Spikes\n|-ability|p1a: Ting-Lu|Vessel of Ruin\n|\n|-heal|p1a: Ting-Lu|90\/100|[from] item: Leftovers\n|upkeep\n|turn|41\n|\n|t:|1701114317\n|move|p2a: Tornadus|Taunt|p1a: Ting-Lu\n|-start|p1a: Ting-Lu|move: Taunt\n|move|p1a: Ting-Lu|Ruination|p2a: Tornadus\n|-damage|p2a: Tornadus|44\/100\n|\n|-heal|p1a: Ting-Lu|96\/100|[from] item: Leftovers\n|upkeep\n|turn|42\n|\n|t:|1701114324\n|move|p2a: Tornadus|U-turn|p1a: Ting-Lu\n|-supereffective|p1a: Ting-Lu\n|-damage|p1a: Ting-Lu|80\/100\n|\n|t:|1701114330\n|switch|p2a: Meowscarada|Meowscarada, F|26\/100|[from] U-turn\n|move|p1a: Ting-Lu|Ruination|p2a: Meowscarada\n|-damage|p2a: Meowscarada|13\/100\n|\n|-heal|p1a: Ting-Lu|87\/100|[from] item: Leftovers\n|upkeep\n|turn|43\n|l| Ethan988\n|j| Ethan988\n|\n|t:|1701114341\n|move|p2a: Meowscarada|Flower Trick|p1a: Ting-Lu\n|-supereffective|p1a: Ting-Lu\n|-crit|p1a: Ting-Lu\n|-damage|p1a: Ting-Lu|4\/100\n|move|p1a: Ting-Lu|Earthquake|p2a: Meowscarada\n|-resisted|p2a: Meowscarada\n|-crit|p2a: Meowscarada\n|-damage|p2a: Meowscarada|0 fnt\n|faint|p2a: Meowscarada\n|\n|-heal|p1a: Ting-Lu|10\/100|[from] item: Leftovers\n|-end|p1a: Ting-Lu|move: Taunt\n|upkeep\n|\n|t:|1701114364\n|switch|p2a: Great Tusk|Great Tusk|100\/100\n|-damage|p2a: Great Tusk|97\/100|[from] Stealth Rock\n|-damage|p2a: Great Tusk|85\/100|[from] Spikes\n|turn|44\n|\n|t:|1701114372\n|move|p2a: Great Tusk|Ice Spinner|p1a: Ting-Lu\n|-supereffective|p1a: Ting-Lu\n|-damage|p1a: Ting-Lu|0 fnt\n|faint|p1a: Ting-Lu\n|\n|upkeep\n|\n|t:|1701114374\n|switch|p1a: Iron Valiant|Iron Valiant|88\/100\n|turn|45\n|j| Tempo di anguria\n|\n|t:|1701114380\n|-end|p2a: Great Tusk|Protosynthesis|[silent]\n|switch|p2a: Moltres|Moltres|72\/100\n|move|p1a: Iron Valiant|Psyshock|p2a: Moltres\n|-damage|p2a: Moltres|50\/100\n|\n|upkeep\n|turn|46\n|\n|t:|1701114386\n|move|p1a: Iron Valiant|Moonblast|p2a: Moltres\n|-resisted|p2a: Moltres\n|-damage|p2a: Moltres|33\/100\n|move|p2a: Moltres|Roost|p2a: Moltres\n|-heal|p2a: Moltres|84\/100\n|-singleturn|p2a: Moltres|move: Roost\n|\n|upkeep\n|turn|47\n|\n|t:|1701114392\n|move|p1a: Iron Valiant|Encore|p2a: Moltres\n|-start|p2a: Moltres|Encore\n|move|p2a: Moltres|Roost|p2a: Moltres\n|-heal|p2a: Moltres|100\/100\n|-singleturn|p2a: Moltres|move: Roost\n|\n|upkeep\n|turn|48\n|\n|t:|1701114406\n|switch|p2a: Tornadus|Tornadus-Therian, M|78\/100\n|move|p1a: Iron Valiant|Moonblast|p2a: Tornadus\n|-damage|p2a: Tornadus|26\/100\n|\n|upkeep\n|turn|49\n|\n|t:|1701114435\n|-end|p1a: Iron Valiant|Quark Drive|[silent]\n|switch|p1a: Kingambit|Kingambit, M|100\/100\n|-activate|p1a: Kingambit|ability: Supreme Overlord\n|-start|p1a: Kingambit|fallen1|[silent]\n|move|p2a: Tornadus|U-turn|p1a: Kingambit\n|-damage|p1a: Kingambit|90\/100\n|inactive|Sukia Play has 270 seconds left.\n|\n|t:|1701114467\n|switch|p2a: Moltres|Moltres|100\/100|[from] U-turn\n|\n|upkeep\n|turn|50\n|\n|t:|1701114472\n|-end|p1a: Kingambit|fallen1|[silent]\n|switch|p1a: Cinderace|Cinderace, M|55\/100\n|move|p2a: Moltres|Will-O-Wisp|p1a: Cinderace\n|-immune|p1a: Cinderace\n|\n|upkeep\n|turn|51\n|\n|t:|1701114480\n|move|p1a: Cinderace|Court Change|p1a: Cinderace\n|-swapsideconditions\n|-activate|p1a: Cinderace|move: Court Change\n|move|p2a: Moltres|Flamethrower|p1a: Cinderace\n|-resisted|p1a: Cinderace\n|-damage|p1a: Cinderace|32\/100\n|\n|upkeep\n|turn|52\n|\n|t:|1701114499\n|move|p1a: Cinderace|Pyro Ball|p2a: Moltres\n|-resisted|p2a: Moltres\n|-damage|p2a: Moltres|64\/100\n|move|p2a: Moltres|U-turn|p1a: Cinderace\n|-resisted|p1a: Cinderace\n|-damage|p1a: Cinderace|23\/100\n|\n|t:|1701114507\n|switch|p2a: Tornadus|Tornadus-Therian, M|59\/100|[from] U-turn\n|\n|upkeep\n|turn|53\n|c| Ethan988|Jugadas insanas\n|\n|t:|1701114517\n|move|p2a: Tornadus|Hurricane|p1a: Cinderace\n|-damage|p1a: Cinderace|0 fnt\n|faint|p1a: Cinderace\n|\n|upkeep\n|\n|t:|1701114523\n|switch|p1a: Dragapult|Dragapult, M|72\/100\n|-damage|p1a: Dragapult|59\/100|[from] Stealth Rock\n|-damage|p1a: Dragapult|47\/100|[from] Spikes\n|turn|54\n|inactive|Sukia Play has 270 seconds left.\n|inactive|Sukia Play has 240 seconds left.\n|\n|t:|1701114576\n|switch|p2a: Dondozo|Dondozo, F|71\/100\n|-damage|p2a: Dondozo|55\/100|[from] Spikes\n|move|p1a: Dragapult|Draco Meteor|p2a: Dondozo\n|-damage|p2a: Dondozo|0 fnt\n|-unboost|p1a: Dragapult|spa|2\n|faint|p2a: Dondozo\n|\n|upkeep\n|inactive|Sukia Play has 240 seconds left.\n|\n|t:|1701114583\n|switch|p2a: Tornadus|Tornadus-Therian, M|93\/100\n|turn|55\n|l| Ethan988\n|\n|t:|1701114589\n|switch|p1a: Kingambit|Kingambit, M|90\/100\n|-activate|p1a: Kingambit|ability: Supreme Overlord\n|-start|p1a: Kingambit|fallen2|[silent]\n|move|p2a: Tornadus|U-turn|p1a: Kingambit\n|-damage|p1a: Kingambit|78\/100\n|\n|t:|1701114592\n|switch|p2a: Moltres|Moltres|64\/100|[from] U-turn\n|\n|upkeep\n|turn|56\n|j| Ethan988\n|\n|t:|1701114599\n|-end|p1a: Kingambit|fallen2|[silent]\n|switch|p1a: Clefable|Clefable, F|82\/100 brn\n|move|p2a: Moltres|Flamethrower|p1a: Clefable\n|-damage|p1a: Clefable|47\/100 brn\n|\n|-damage|p1a: Clefable|41\/100 brn|[from] brn\n|upkeep\n|turn|57\n|\n|t:|1701114607\n|move|p2a: Moltres|Flamethrower|p1a: Clefable\n|-damage|p1a: Clefable|10\/100 brn\n|move|p1a: Clefable|Wish|p1a: Clefable\n|\n|-damage|p1a: Clefable|4\/100 brn|[from] brn\n|upkeep\n|turn|58\n|inactive|Sukia Play has 270 seconds left.\n|\n|t:|1701114621\n|move|p1a: Clefable|Protect|p1a: Clefable\n|-singleturn|p1a: Clefable|Protect\n|move|p2a: Moltres|Flamethrower|p1a: Clefable\n|-activate|p1a: Clefable|move: Protect\n|\n|-heal|p1a: Clefable|54\/100 brn|[from] move: Wish|[wisher] Clefable\n|-damage|p1a: Clefable|48\/100 brn|[from] brn\n|upkeep\n|turn|59\n|\n|t:|1701114624\n|move|p2a: Moltres|Flamethrower|p1a: Clefable\n|-damage|p1a: Clefable|10\/100 brn\n|move|p1a: Clefable|Wish|p1a: Clefable\n|\n|-damage|p1a: Clefable|4\/100 brn|[from] brn\n|upkeep\n|turn|60\n|\n|t:|1701114627\n|move|p1a: Clefable|Protect|p1a: Clefable\n|-singleturn|p1a: Clefable|Protect\n|move|p2a: Moltres|Flamethrower|p1a: Clefable\n|-activate|p1a: Clefable|move: Protect\n|\n|-heal|p1a: Clefable|54\/100 brn|[from] move: Wish|[wisher] Clefable\n|-damage|p1a: Clefable|48\/100 brn|[from] brn\n|upkeep\n|turn|61\n|\n|t:|1701114631\n|-terastallize|p1a: Clefable|Water\n|move|p2a: Moltres|Flamethrower|p1a: Clefable\n|-resisted|p1a: Clefable\n|-damage|p1a: Clefable|32\/100 brn\n|move|p1a: Clefable|Wish|p1a: Clefable\n|\n|-damage|p1a: Clefable|26\/100 brn|[from] brn\n|upkeep\n|turn|62\n|\n|t:|1701114638\n|move|p1a: Clefable|Protect|p1a: Clefable\n|-singleturn|p1a: Clefable|Protect\n|move|p2a: Moltres|Roost|p2a: Moltres\n|-heal|p2a: Moltres|100\/100\n|-singleturn|p2a: Moltres|move: Roost\n|\n|-heal|p1a: Clefable|76\/100 brn|[from] move: Wish|[wisher] Clefable\n|-damage|p1a: Clefable|70\/100 brn|[from] brn\n|upkeep\n|turn|63\n|\n|t:|1701114644\n|move|p2a: Moltres|Flamethrower|p1a: Clefable\n|-resisted|p1a: Clefable\n|-damage|p1a: Clefable|52\/100 brn\n|move|p1a: Clefable|Wish|p1a: Clefable\n|\n|-damage|p1a: Clefable|45\/100 brn|[from] brn\n|upkeep\n|turn|64\n|\n|t:|1701114648\n|switch|p2a: Garganacl|Garganacl, F|94\/100\n|-damage|p2a: Garganacl|78\/100|[from] Spikes\n|move|p1a: Clefable|Protect||[still]\n|-fail|p1a: Clefable\n|\n|-heal|p1a: Clefable|95\/100 brn|[from] move: Wish|[wisher] Clefable\n|-heal|p2a: Garganacl|84\/100|[from] item: Leftovers\n|-damage|p1a: Clefable|89\/100 brn|[from] brn\n|upkeep\n|turn|65\n|\n|t:|1701114662\n|move|p1a: Clefable|Wish|p1a: Clefable\n|move|p2a: Garganacl|Iron Defense|p2a: Garganacl\n|-boost|p2a: Garganacl|def|2\n|\n|-heal|p2a: Garganacl|90\/100|[from] item: Leftovers\n|-damage|p1a: Clefable|83\/100 brn|[from] brn\n|upkeep\n|turn|66\n|\n|t:|1701114665\n|switch|p1a: Iron Valiant|Iron Valiant|88\/100\n|move|p2a: Garganacl|Salt Cure|p1a: Iron Valiant\n|-resisted|p1a: Iron Valiant\n|-damage|p1a: Iron Valiant|79\/100\n|-start|p1a: Iron Valiant|Salt Cure\n|\n|-heal|p1a: Iron Valiant|100\/100|[from] move: Wish|[wisher] Clefable\n|-heal|p2a: Garganacl|96\/100|[from] item: Leftovers\n|-damage|p1a: Iron Valiant|88\/100|[from] Salt Cure\n|upkeep\n|turn|67\n|\n|t:|1701114691\n|-end|p1a: Iron Valiant|Quark Drive|[silent]\n|switch|p1a: Clefable|Clefable, F, tera:Water|83\/100 brn\n|switch|p2a: Moltres|Moltres|100\/100\n|\n|-damage|p1a: Clefable|77\/100 brn|[from] brn\n|upkeep\n|turn|68\n|\n|t:|1701114698\n|switch|p2a: Garganacl|Garganacl, F|96\/100\n|-damage|p2a: Garganacl|80\/100|[from] Spikes\n|move|p1a: Clefable|Wish|p1a: Clefable\n|\n|-heal|p2a: Garganacl|86\/100|[from] item: Leftovers\n|-damage|p1a: Clefable|71\/100 brn|[from] brn\n|upkeep\n|turn|69\n|\n|t:|1701114705\n|switch|p1a: Iron Valiant|Iron Valiant|88\/100\n|move|p2a: Garganacl|Salt Cure|p1a: Iron Valiant\n|-resisted|p1a: Iron Valiant\n|-damage|p1a: Iron Valiant|80\/100\n|-start|p1a: Iron Valiant|Salt Cure\n|\n|-heal|p1a: Iron Valiant|100\/100|[from] move: Wish|[wisher] Clefable\n|-heal|p2a: Garganacl|92\/100|[from] item: Leftovers\n|-damage|p1a: Iron Valiant|88\/100|[from] Salt Cure\n|upkeep\n|turn|70\n|\n|t:|1701114709\n|-end|p1a: Iron Valiant|Quark Drive|[silent]\n|switch|p1a: Clefable|Clefable, F, tera:Water|71\/100 brn\n|switch|p2a: Moltres|Moltres|100\/100\n|\n|-damage|p1a: Clefable|65\/100 brn|[from] brn\n|upkeep\n|turn|71\n|l| Tempo di anguria\n|\n|t:|1701114727\n|switch|p1a: Kingambit|Kingambit, M|78\/100\n|-activate|p1a: Kingambit|ability: Supreme Overlord\n|-start|p1a: Kingambit|fallen2|[silent]\n|move|p2a: Moltres|U-turn|p1a: Kingambit\n|-damage|p1a: Kingambit|65\/100\n|\n|t:|1701114736\n|switch|p2a: Great Tusk|Great Tusk|85\/100|[from] U-turn\n|-damage|p2a: Great Tusk|68\/100|[from] Spikes\n|\n|upkeep\n|turn|72\n|\n|t:|1701114752\n|-end|p1a: Kingambit|fallen2|[silent]\n|switch|p1a: Clefable|Clefable, F, tera:Water|65\/100 brn\n|move|p2a: Great Tusk|Earthquake|p1a: Clefable\n|-damage|p1a: Clefable|28\/100 brn\n|\n|-damage|p1a: Clefable|22\/100 brn|[from] brn\n|upkeep\n|turn|73\n|\n|t:|1701114758\n|move|p2a: Great Tusk|Earthquake|p1a: Clefable\n|-damage|p1a: Clefable|0 fnt\n|faint|p1a: Clefable\n|\n|upkeep\n|\n|t:|1701114761\n|switch|p1a: Dragapult|Dragapult, M|47\/100\n|-damage|p1a: Dragapult|35\/100|[from] Stealth Rock\n|-damage|p1a: Dragapult|23\/100|[from] Spikes\n|turn|74\n|\n|t:|1701114787\n|-end|p2a: Great Tusk|Protosynthesis|[silent]\n|switch|p2a: Tornadus|Tornadus-Therian, M|100\/100\n|move|p1a: Dragapult|Shadow Ball|p2a: Tornadus\n|-damage|p2a: Tornadus|43\/100\n|\n|upkeep\n|turn|75\n|\n|t:|1701114802\n|switch|p2a: Garganacl|Garganacl, F|92\/100\n|-damage|p2a: Garganacl|75\/100|[from] Spikes\n|move|p1a: Dragapult|Shadow Ball|p2a: Garganacl\n|-damage|p2a: Garganacl|55\/100\n|\n|-heal|p2a: Garganacl|62\/100|[from] item: Leftovers\n|upkeep\n|turn|76\n|inactive|Sukia Play has 270 seconds left.\n|\n|t:|1701114824\n|move|p1a: Dragapult|Shadow Ball|p2a: Garganacl\n|-damage|p2a: Garganacl|43\/100\n|move|p2a: Garganacl|Salt Cure|p1a: Dragapult\n|-damage|p1a: Dragapult|4\/100\n|-start|p1a: Dragapult|Salt Cure\n|\n|-heal|p2a: Garganacl|49\/100|[from] item: Leftovers\n|-damage|p1a: Dragapult|0 fnt|[from] Salt Cure\n|faint|p1a: Dragapult\n|upkeep\n|\n|t:|1701114835\n|switch|p1a: Iron Valiant|Iron Valiant|88\/100\n|turn|77\n|\n|t:|1701114842\n|switch|p2a: Moltres|Moltres|100\/100\n|move|p1a: Iron Valiant|Moonblast|p2a: Moltres\n|-resisted|p2a: Moltres\n|-damage|p2a: Moltres|82\/100\n|\n|upkeep\n|turn|78\n|\n|t:|1701114846\n|move|p1a: Iron Valiant|Moonblast|p2a: Moltres\n|-resisted|p2a: Moltres\n|-damage|p2a: Moltres|63\/100\n|move|p2a: Moltres|Flamethrower|p1a: Iron Valiant\n|-damage|p1a: Iron Valiant|16\/100\n|\n|upkeep\n|turn|79\n|\n|t:|1701114854\n|move|p1a: Iron Valiant|Psyshock|p2a: Moltres\n|-damage|p2a: Moltres|39\/100\n|move|p2a: Moltres|Roost|p2a: Moltres\n|-heal|p2a: Moltres|89\/100\n|-singleturn|p2a: Moltres|move: Roost\n|\n|upkeep\n|turn|80\n|c|\u2606KN Corse|gg\n|c|\u2606KN Corse|Que horrible mu\n|c|\u2606KN Corse|Ni modo\n|\n|t:|1701114872\n|switch|p2a: Tornadus|Tornadus-Therian, M|77\/100\n|move|p1a: Iron Valiant|Encore||[still]\n|-fail|p1a: Iron Valiant\n|\n|upkeep\n|turn|81\n|\n|t:|1701114879\n|move|p2a: Tornadus|U-turn|p1a: Iron Valiant\n|-resisted|p1a: Iron Valiant\n|-damage|p1a: Iron Valiant|12\/100\n|\n|t:|1701114882\n|switch|p2a: Moltres|Moltres|89\/100|[from] U-turn\n|move|p1a: Iron Valiant|Moonblast|p2a: Moltres\n|-resisted|p2a: Moltres\n|-damage|p2a: Moltres|72\/100\n|\n|upkeep\n|turn|82\n|\n|t:|1701114888\n|move|p1a: Iron Valiant|Psyshock|p2a: Moltres\n|-damage|p2a: Moltres|47\/100\n|move|p2a: Moltres|Flamethrower|p1a: Iron Valiant\n|-damage|p1a: Iron Valiant|0 fnt\n|faint|p1a: Iron Valiant\n|-end|p1a: Iron Valiant|Quark Drive|[silent]\n|\n|upkeep\n|\n|t:|1701114891\n|switch|p1a: Kingambit|Kingambit, M|65\/100\n|-activate|p1a: Kingambit|ability: Supreme Overlord\n|-start|p1a: Kingambit|fallen5|[silent]\n|turn|83\n|\n|t:|1701114897\n|move|p2a: Moltres|Will-O-Wisp|p1a: Kingambit\n|-status|p1a: Kingambit|brn\n|move|p1a: Kingambit|Kowtow Cleave|p2a: Moltres\n|-damage|p2a: Moltres|11\/100\n|\n|-damage|p1a: Kingambit|59\/100 brn|[from] brn\n|upkeep\n|turn|84\n|\n|t:|1701114904\n|move|p2a: Moltres|Roost|p2a: Moltres\n|-heal|p2a: Moltres|61\/100\n|-singleturn|p2a: Moltres|move: Roost\n|move|p1a: Kingambit|Swords Dance|p1a: Kingambit\n|-boost|p1a: Kingambit|atk|2\n|\n|-damage|p1a: Kingambit|53\/100 brn|[from] brn\n|upkeep\n|turn|85\n|\n|t:|1701114908\n|move|p2a: Moltres|Flamethrower|p1a: Kingambit\n|-supereffective|p1a: Kingambit\n|-damage|p1a: Kingambit|0 fnt\n|faint|p1a: Kingambit\n|-end|p1a: Kingambit|fallen5|[silent]\n|\n|win|Sukia Play\n|c|\u2606Sukia Play|gg\n|l|\u2606KN Corse\n","uploadtime":1701114914,"views":19,"p1id":"kncorse","p2id":"sukiaplay","formatid":"gen9ou","rating":0,"private":0,"password":""}