{"id":"gen9ou-1994883054","p1":"Herris456","p2":"caribou_psl","format":"[Gen 9] OU","log":"|j|\u2606Herris456\n|j|\u2606caribou_psl\n|t:|1700501442\n|gametype|singles\n|player|p1|Herris456|pokekid|1324\n|player|p2|caribou_psl|drayden|1375\n|teamsize|p1|6\n|teamsize|p2|6\n|gen|9\n|tier|[Gen 9] OU\n|rated|\n|rule|Sleep Clause Mod: Limit one foe put to sleep\n|rule|Species Clause: Limit one of each Pok\u00e9mon\n|rule|OHKO Clause: OHKO moves are banned\n|rule|Evasion Items Clause: Evasion items are banned\n|rule|Evasion Moves Clause: Evasion moves are banned\n|rule|Endless Battle Clause: Forcing endless battles is banned\n|rule|HP Percentage Mod: HP is shown in percentages\n|clearpoke\n|poke|p1|Great Tusk|\n|poke|p1|Enamorus-Therian, F|\n|poke|p1|Kingambit, M|\n|poke|p1|Dondozo, F|\n|poke|p1|Ninetales-Alola, F|\n|poke|p1|Zapdos|\n|poke|p2|Moltres|\n|poke|p2|Slowking-Galar, F|\n|poke|p2|Great Tusk|\n|poke|p2|Mew|\n|poke|p2|Enamorus, F|\n|poke|p2|Dragonite, F|\n|teampreview\n|inactive|Battle timer is ON: inactive players will automatically lose when time's up. (requested by caribou_psl)\n|\n|t:|1700501454\n|start\n|switch|p1a: Ninetales|Ninetales-Alola, F|100\/100\n|switch|p2a: Dieu|Mew|100\/100\n|-weather|Snow|[from] ability: Snow Warning|[of] p1a: Ninetales\n|turn|1\n|\n|t:|1700501462\n|move|p1a: Ninetales|Aurora Veil|p1a: Ninetales\n|-sidestart|p1: Herris456|move: Aurora Veil\n|move|p2a: Dieu|Stealth Rock|p1a: Ninetales\n|-sidestart|p1: Herris456|move: Stealth Rock\n|\n|-weather|Snow|[upkeep]\n|upkeep\n|turn|2\n|\n|t:|1700501469\n|move|p1a: Ninetales|Encore|p2a: Dieu\n|-start|p2a: Dieu|Encore\n|move|p2a: Dieu|Stealth Rock||[still]\n|-fail|p2a: Dieu\n|\n|-weather|Snow|[upkeep]\n|upkeep\n|turn|3\n|\n|t:|1700501481\n|switch|p1a: Enamorus|Enamorus-Therian, F|100\/100\n|-damage|p1a: Enamorus|76\/100|[from] Stealth Rock\n|switch|p2a: Bob|Slowking-Galar, F|100\/100\n|\n|-weather|Snow|[upkeep]\n|-heal|p1a: Enamorus|82\/100|[from] item: Leftovers\n|upkeep\n|turn|4\n|\n|t:|1700501490\n|move|p1a: Enamorus|Calm Mind|p1a: Enamorus\n|-boost|p1a: Enamorus|spa|1\n|-boost|p1a: Enamorus|spd|1\n|move|p2a: Bob|Sludge Bomb|p1a: Enamorus\n|-supereffective|p1a: Enamorus\n|-damage|p1a: Enamorus|53\/100\n|\n|-weather|Snow|[upkeep]\n|-heal|p1a: Enamorus|59\/100|[from] item: Leftovers\n|upkeep\n|turn|5\n|\n|t:|1700501500\n|move|p1a: Enamorus|Calm Mind|p1a: Enamorus\n|-boost|p1a: Enamorus|spa|1\n|-boost|p1a: Enamorus|spd|1\n|move|p2a: Bob|Sludge Bomb|p1a: Enamorus\n|-supereffective|p1a: Enamorus\n|-damage|p1a: Enamorus|35\/100\n|\n|-weather|none\n|-heal|p1a: Enamorus|41\/100|[from] item: Leftovers\n|upkeep\n|turn|6\n|\n|t:|1700501510\n|move|p1a: Enamorus|Earth Power|p2a: Bob\n|-supereffective|p2a: Bob\n|-damage|p2a: Bob|41\/100\n|move|p2a: Bob|Sludge Bomb|p1a: Enamorus\n|-supereffective|p1a: Enamorus\n|-damage|p1a: Enamorus|20\/100\n|\n|-heal|p1a: Enamorus|26\/100|[from] item: Leftovers\n|upkeep\n|turn|7\n|\n|t:|1700501520\n|-terastallize|p2a: Bob|Grass\n|move|p1a: Enamorus|Draining Kiss|p2a: Bob\n|-damage|p2a: Bob|16\/100\n|-heal|p1a: Enamorus|47\/100|[from] drain|[of] p2a: Bob\n|move|p2a: Bob|Sludge Bomb|p1a: Enamorus\n|-supereffective|p1a: Enamorus\n|-damage|p1a: Enamorus|23\/100\n|\n|-heal|p1a: Enamorus|29\/100|[from] item: Leftovers\n|upkeep\n|turn|8\n|\n|t:|1700501535\n|switch|p2a: Petit Oiseau|Moltres|100\/100\n|move|p1a: Enamorus|Draining Kiss|p2a: Petit Oiseau\n|-resisted|p2a: Petit Oiseau\n|-damage|p2a: Petit Oiseau|73\/100\n|-heal|p1a: Enamorus|50\/100|[from] drain|[of] p2a: Petit Oiseau\n|-status|p1a: Enamorus|brn|[from] ability: Flame Body|[of] p2a: Petit Oiseau\n|\n|-heal|p1a: Enamorus|55\/100 brn|[from] item: Leftovers\n|-damage|p1a: Enamorus|50\/100 brn|[from] brn\n|-sideend|p1: Herris456|move: Aurora Veil\n|upkeep\n|turn|9\n|\n|t:|1700501547\n|move|p2a: Petit Oiseau|Brave Bird|p1a: Enamorus\n|-damage|p1a: Enamorus|18\/100 brn\n|-damage|p2a: Petit Oiseau|63\/100|[from] Recoil\n|move|p1a: Enamorus|Draining Kiss|p2a: Petit Oiseau\n|-resisted|p2a: Petit Oiseau\n|-damage|p2a: Petit Oiseau|35\/100\n|-heal|p1a: Enamorus|40\/100 brn|[from] drain|[of] p2a: Petit Oiseau\n|\n|-heal|p1a: Enamorus|46\/100 brn|[from] item: Leftovers\n|-damage|p1a: Enamorus|40\/100 brn|[from] brn\n|upkeep\n|turn|10\n|\n|t:|1700501559\n|move|p2a: Petit Oiseau|Roost|p2a: Petit Oiseau\n|-heal|p2a: Petit Oiseau|85\/100\n|-singleturn|p2a: Petit Oiseau|move: Roost\n|move|p1a: Enamorus|Draining Kiss|p2a: Petit Oiseau\n|-resisted|p2a: Petit Oiseau\n|-damage|p2a: Petit Oiseau|58\/100\n|-heal|p1a: Enamorus|60\/100 brn|[from] drain|[of] p2a: Petit Oiseau\n|\n|-heal|p1a: Enamorus|66\/100 brn|[from] item: Leftovers\n|-damage|p1a: Enamorus|60\/100 brn|[from] brn\n|upkeep\n|turn|11\n|c|\u2606caribou_psl|fu\n|inactive|caribou_psl has 120 seconds left.\n|-message|caribou_psl forfeited.\n|\n|win|Herris456\n|raw|Herris456's rating: 1324 &rarr; <strong>1347<\/strong><br \/>(+23 for winning)\n|raw|caribou_psl's rating: 1375 &rarr; <strong>1352<\/strong><br \/>(-23 for losing)\n|l|\u2606caribou_psl\n","uploadtime":1700501594,"views":27,"p1id":"herris456","p2id":"cariboupsl","formatid":"gen9ou","rating":1347,"private":0,"password":""}