{"id":"gen9ou-1988761177","p1":"lemonr","p2":"beezelb","format":"[Gen 9] OU","log":"|j|\u2606lemonr\n|j|\u2606beezelb\n|t:|1699759731\n|gametype|singles\n|player|p1|lemonr|guitarist|1172\n|player|p2|beezelb|clair|1154\n|teamsize|p1|6\n|teamsize|p2|6\n|gen|9\n|tier|[Gen 9] OU\n|rated|\n|rule|Sleep Clause Mod: Limit one foe put to sleep\n|rule|Species Clause: Limit one of each Pok\u00e9mon\n|rule|OHKO Clause: OHKO moves are banned\n|rule|Evasion Items Clause: Evasion items are banned\n|rule|Evasion Moves Clause: Evasion moves are banned\n|rule|Endless Battle Clause: Forcing endless battles is banned\n|rule|HP Percentage Mod: HP is shown in percentages\n|clearpoke\n|poke|p1|Gholdengo|\n|poke|p1|Mimikyu, F|\n|poke|p1|Dragalge, F|\n|poke|p1|Rillaboom, M|\n|poke|p1|Sneasler, M|\n|poke|p1|Moltres|\n|poke|p2|Garchomp, M|\n|poke|p2|Ninetales-Alola, M|\n|poke|p2|Great Tusk|\n|poke|p2|Kingambit, F|\n|poke|p2|Iron Moth|\n|poke|p2|Maushold-Four|\n|teampreview\n|\n|t:|1699759757\n|start\n|switch|p1a: Gholdengo|Gholdengo|100\/100\n|switch|p2a: Ninetales|Ninetales-Alola, M|100\/100\n|-weather|Snow|[from] ability: Snow Warning|[of] p2a: Ninetales\n|turn|1\n|\n|t:|1699759764\n|move|p2a: Ninetales|Aurora Veil|p2a: Ninetales\n|-sidestart|p2: beezelb|move: Aurora Veil\n|move|p1a: Gholdengo|Make It Rain|p2a: Ninetales\n|-supereffective|p2a: Ninetales\n|-damage|p2a: Ninetales|0 fnt\n|-unboost|p1a: Gholdengo|spa|1\n|faint|p2a: Ninetales\n|\n|-weather|Snow|[upkeep]\n|upkeep\n|\n|t:|1699759796\n|switch|p2a: bringmeback2OU|Garchomp, M|100\/100\n|turn|2\n|\n|t:|1699759807\n|switch|p1a: Moltres|Moltres|100\/100\n|move|p2a: bringmeback2OU|Swords Dance|p2a: bringmeback2OU\n|-boost|p2a: bringmeback2OU|atk|2\n|\n|-weather|Snow|[upkeep]\n|upkeep\n|turn|3\n|\n|t:|1699759813\n|move|p2a: bringmeback2OU|Scale Shot|p1a: Moltres\n|-damage|p1a: Moltres|80\/100\n|-damage|p1a: Moltres|59\/100\n|-damage|p1a: Moltres|38\/100\n|-damage|p1a: Moltres|19\/100\n|-hitcount|p1a: Moltres|4\n|-unboost|p2a: bringmeback2OU|def|1\n|-boost|p2a: bringmeback2OU|spe|1\n|move|p1a: Moltres|Will-O-Wisp|p2a: bringmeback2OU\n|-status|p2a: bringmeback2OU|brn\n|\n|-weather|Snow|[upkeep]\n|-damage|p2a: bringmeback2OU|94\/100 brn|[from] brn\n|upkeep\n|turn|4\n|c|\u2606beezelb|stupid fucking dice\n|\n|t:|1699759836\n|switch|p1a: Mimikyu|Mimikyu, F|100\/100\n|move|p2a: bringmeback2OU|Scale Shot|p1a: Mimikyu\n|-immune|p1a: Mimikyu\n|\n|-weather|Snow|[upkeep]\n|-damage|p2a: bringmeback2OU|88\/100 brn|[from] brn\n|upkeep\n|turn|5\n|\n|t:|1699759845\n|move|p2a: bringmeback2OU|Earthquake|p1a: Mimikyu\n|-activate|p1a: Mimikyu|ability: Disguise\n|-damage|p1a: Mimikyu|100\/100\n|detailschange|p1a: Mimikyu|Mimikyu-Busted, F\n|-damage|p1a: Mimikyu|88\/100|[from] pokemon: Mimikyu-Busted\n|-enditem|p1a: Mimikyu|Red Card|[of] p2a: bringmeback2OU\n|drag|p2a: Great Tusk|Great Tusk|100\/100\n|move|p1a: Mimikyu|Trick Room|p1a: Mimikyu\n|-fieldstart|move: Trick Room|[of] p1a: Mimikyu\n|\n|-weather|none\n|upkeep\n|turn|6\n|\n|t:|1699759860\n|-end|p2a: Great Tusk|Protosynthesis|[silent]\n|switch|p2a: bringmeback2OU|Garchomp, M|88\/100 brn\n|move|p1a: Mimikyu|Will-O-Wisp|p2a: bringmeback2OU\n|-fail|p2a: bringmeback2OU|brn\n|\n|-damage|p2a: bringmeback2OU|82\/100 brn|[from] brn\n|upkeep\n|turn|7\n|\n|t:|1699759870\n|move|p1a: Mimikyu|Curse|p2a: bringmeback2OU\n|-start|p2a: bringmeback2OU|Curse|[of] p1a: Mimikyu\n|-damage|p1a: Mimikyu|38\/100\n|move|p2a: bringmeback2OU|Poison Jab|p1a: Mimikyu\n|-damage|p1a: Mimikyu|23\/100\n|-status|p1a: Mimikyu|psn\n|\n|-damage|p1a: Mimikyu|11\/100 psn|[from] psn\n|-damage|p2a: bringmeback2OU|76\/100 brn|[from] brn\n|-damage|p2a: bringmeback2OU|51\/100 brn|[from] Curse\n|upkeep\n|turn|8\n|\n|t:|1699759888\n|move|p1a: Mimikyu|Shadow Sneak|p2a: bringmeback2OU\n|-damage|p2a: bringmeback2OU|45\/100 brn\n|-damage|p1a: Mimikyu|0 fnt|[from] ability: Rough Skin|[of] p2a: bringmeback2OU\n|faint|p1a: Mimikyu\n|move|p2a: bringmeback2OU|Earthquake|p1: Mimikyu|[notarget]\n|-fail|p2a: bringmeback2OU\n|\n|-damage|p2a: bringmeback2OU|39\/100 brn|[from] brn\n|-damage|p2a: bringmeback2OU|14\/100 brn|[from] Curse\n|-sideend|p2: beezelb|move: Aurora Veil\n|upkeep\n|\n|t:|1699759902\n|switch|p1a: Moltres|Moltres|19\/100\n|turn|9\n|\n|t:|1699759906\n|move|p1a: Moltres|Roost|p1a: Moltres\n|-heal|p1a: Moltres|69\/100\n|-singleturn|p1a: Moltres|move: Roost\n|move|p2a: bringmeback2OU|Scale Shot|p1a: Moltres\n|-damage|p1a: Moltres|64\/100\n|-damage|p1a: Moltres|59\/100\n|-damage|p1a: Moltres|54\/100\n|-damage|p1a: Moltres|49\/100\n|-damage|p1a: Moltres|44\/100\n|-hitcount|p1a: Moltres|5\n|-unboost|p2a: bringmeback2OU|def|1\n|-boost|p2a: bringmeback2OU|spe|1\n|\n|-damage|p2a: bringmeback2OU|8\/100 brn|[from] brn\n|-damage|p2a: bringmeback2OU|0 fnt|[from] Curse\n|faint|p2a: bringmeback2OU\n|-fieldend|move: Trick Room\n|upkeep\n|\n|t:|1699759930\n|switch|p2a: Iron Moth|Iron Moth|100\/100\n|-enditem|p2a: Iron Moth|Booster Energy\n|-activate|p2a: Iron Moth|ability: Quark Drive|[fromitem]\n|-start|p2a: Iron Moth|quarkdrivespe\n|turn|10\n|\n|t:|1699759942\n|move|p2a: Iron Moth|Sludge Wave|p1a: Moltres\n|-damage|p1a: Moltres|0 fnt\n|faint|p1a: Moltres\n|\n|upkeep\n|\n|t:|1699759947\n|switch|p1a: Rillaboom|Rillaboom, M|100\/100\n|-fieldstart|move: Grassy Terrain|[from] ability: Grassy Surge|[of] p1a: Rillaboom\n|turn|11\n|\n|t:|1699759952\n|move|p1a: Rillaboom|Fake Out|p2a: Iron Moth\n|-damage|p2a: Iron Moth|78\/100\n|cant|p2a: Iron Moth|flinch\n|\n|-heal|p2a: Iron Moth|84\/100|[from] Grassy Terrain\n|upkeep\n|turn|12\n|\n|t:|1699759960\n|switch|p1a: Dragalge|Dragalge, F|100\/100\n|move|p2a: Iron Moth|Fiery Dance|p1a: Dragalge\n|-resisted|p1a: Dragalge\n|-damage|p1a: Dragalge|83\/100\n|\n|-heal|p2a: Iron Moth|90\/100|[from] Grassy Terrain\n|-heal|p1a: Dragalge|89\/100|[from] Grassy Terrain\n|upkeep\n|turn|13\n|\n|t:|1699759970\n|move|p2a: Iron Moth|Substitute|p2a: Iron Moth\n|-start|p2a: Iron Moth|Substitute\n|-damage|p2a: Iron Moth|65\/100\n|move|p1a: Dragalge|Draco Meteor|p2a: Iron Moth\n|-end|p2a: Iron Moth|Substitute\n|-unboost|p1a: Dragalge|spa|2\n|-damage|p1a: Dragalge|79\/100|[from] item: Life Orb\n|\n|-heal|p2a: Iron Moth|71\/100|[from] Grassy Terrain\n|-heal|p1a: Dragalge|85\/100|[from] Grassy Terrain\n|upkeep\n|turn|14\n|\n|t:|1699759993\n|move|p2a: Iron Moth|Substitute|p2a: Iron Moth\n|-start|p2a: Iron Moth|Substitute\n|-damage|p2a: Iron Moth|46\/100\n|move|p1a: Dragalge|Draco Meteor|p2a: Iron Moth|[miss]\n|-miss|p1a: Dragalge|p2a: Iron Moth\n|\n|-heal|p2a: Iron Moth|52\/100|[from] Grassy Terrain\n|-heal|p1a: Dragalge|91\/100|[from] Grassy Terrain\n|upkeep\n|turn|15\n|\n|t:|1699760012\n|-terastallize|p2a: Iron Moth|Fairy\n|move|p2a: Iron Moth|Dazzling Gleam|p1a: Dragalge\n|-crit|p1a: Dragalge\n|-damage|p1a: Dragalge|38\/100\n|move|p1a: Dragalge|Draco Meteor|p2a: Iron Moth\n|-immune|p2a: Iron Moth\n|\n|-heal|p2a: Iron Moth|58\/100|[from] Grassy Terrain\n|-heal|p1a: Dragalge|44\/100|[from] Grassy Terrain\n|-fieldend|move: Grassy Terrain\n|upkeep\n|turn|16\n|\n|t:|1699760023\n|move|p2a: Iron Moth|Fiery Dance|p1a: Dragalge\n|-resisted|p1a: Dragalge\n|-damage|p1a: Dragalge|28\/100\n|move|p1a: Dragalge|Sludge Bomb|p2a: Iron Moth\n|-supereffective|p2a: Iron Moth\n|-end|p2a: Iron Moth|Substitute\n|-damage|p1a: Dragalge|18\/100|[from] item: Life Orb\n|\n|upkeep\n|turn|17\n|\n|t:|1699760033\n|move|p2a: Iron Moth|Dazzling Gleam|p1a: Dragalge\n|-damage|p1a: Dragalge|0 fnt\n|faint|p1a: Dragalge\n|\n|upkeep\n|\n|t:|1699760038\n|switch|p1a: Rillaboom|Rillaboom, M|100\/100\n|-fieldstart|move: Grassy Terrain|[from] ability: Grassy Surge|[of] p1a: Rillaboom\n|turn|18\n|\n|t:|1699760042\n|move|p1a: Rillaboom|Fake Out|p2a: Iron Moth\n|-damage|p2a: Iron Moth|37\/100\n|cant|p2a: Iron Moth|flinch\n|\n|-heal|p2a: Iron Moth|43\/100|[from] Grassy Terrain\n|upkeep\n|turn|19\n|\n|t:|1699760049\n|move|p1a: Rillaboom|Grassy Glide|p2a: Iron Moth\n|-damage|p2a: Iron Moth|0 fnt\n|faint|p2a: Iron Moth\n|-end|p2a: Iron Moth|Quark Drive|[silent]\n|\n|upkeep\n|\n|t:|1699760061\n|switch|p2a: Kingambit|Kingambit, F|100\/100\n|-activate|p2a: Kingambit|ability: Supreme Overlord\n|-start|p2a: Kingambit|fallen3|[silent]\n|turn|20\n|\n|t:|1699760068\n|move|p1a: Rillaboom|High Horsepower|p2a: Kingambit\n|-supereffective|p2a: Kingambit\n|-damage|p2a: Kingambit|45\/100\n|move|p2a: Kingambit|Kowtow Cleave|p1a: Rillaboom\n|-damage|p1a: Rillaboom|43\/100\n|\n|-heal|p1a: Rillaboom|49\/100|[from] Grassy Terrain\n|-heal|p2a: Kingambit|51\/100|[from] Grassy Terrain\n|upkeep\n|turn|21\n|\n|t:|1699760077\n|switch|p1a: Sneasler|Sneasler, M|100\/100\n|-enditem|p1a: Sneasler|Grassy Seed\n|-boost|p1a: Sneasler|def|1|[from] item: Grassy Seed\n|move|p2a: Kingambit|Sucker Punch||[still]\n|-fail|p2a: Kingambit\n|\n|-heal|p2a: Kingambit|57\/100|[from] Grassy Terrain\n|upkeep\n|turn|22\n|\n|t:|1699760090\n|-end|p2a: Kingambit|fallen3|[silent]\n|switch|p2a: Great Tusk|Great Tusk|100\/100\n|move|p1a: Sneasler|Close Combat|p2a: Great Tusk\n|-damage|p2a: Great Tusk|50\/100\n|-unboost|p1a: Sneasler|def|1\n|-unboost|p1a: Sneasler|spd|1\n|\n|-heal|p2a: Great Tusk|57\/100|[from] Grassy Terrain\n|-fieldend|move: Grassy Terrain\n|upkeep\n|turn|23\n|\n|t:|1699760102\n|move|p1a: Sneasler|Acrobatics|p2a: Great Tusk\n|-supereffective|p2a: Great Tusk\n|-damage|p2a: Great Tusk|0 fnt\n|faint|p2a: Great Tusk\n|-end|p2a: Great Tusk|Protosynthesis|[silent]\n|\n|upkeep\n|\n|t:|1699760108\n|switch|p2a: Kingambit|Kingambit, F|57\/100\n|-activate|p2a: Kingambit|ability: Supreme Overlord\n|-start|p2a: Kingambit|fallen4|[silent]\n|turn|24\n|\n|t:|1699760115\n|switch|p1a: Rillaboom|Rillaboom, M|49\/100\n|-fieldstart|move: Grassy Terrain|[from] ability: Grassy Surge|[of] p1a: Rillaboom\n|move|p2a: Kingambit|Sucker Punch||[still]\n|-fail|p2a: Kingambit\n|\n|-heal|p1a: Rillaboom|55\/100|[from] Grassy Terrain\n|-heal|p2a: Kingambit|64\/100|[from] Grassy Terrain\n|upkeep\n|turn|25\n|inactive|Battle timer is ON: inactive players will automatically lose when time's up. (requested by beezelb)\n|\n|t:|1699760128\n|move|p1a: Rillaboom|Fake Out|p2a: Kingambit\n|-resisted|p2a: Kingambit\n|-damage|p2a: Kingambit|58\/100\n|cant|p2a: Kingambit|flinch\n|\n|-heal|p1a: Rillaboom|61\/100|[from] Grassy Terrain\n|-heal|p2a: Kingambit|64\/100|[from] Grassy Terrain\n|upkeep\n|turn|26\n|\n|t:|1699760137\n|move|p1a: Rillaboom|High Horsepower|p2a: Kingambit|[miss]\n|-miss|p1a: Rillaboom|p2a: Kingambit\n|move|p2a: Kingambit|Swords Dance|p2a: Kingambit\n|-boost|p2a: Kingambit|atk|2\n|\n|-heal|p1a: Rillaboom|67\/100|[from] Grassy Terrain\n|-heal|p2a: Kingambit|70\/100|[from] Grassy Terrain\n|upkeep\n|turn|27\n|\n|t:|1699760161\n|move|p1a: Rillaboom|Grassy Glide|p2a: Kingambit\n|-resisted|p2a: Kingambit\n|-damage|p2a: Kingambit|56\/100\n|move|p2a: Kingambit|Kowtow Cleave|p1a: Rillaboom\n|-damage|p1a: Rillaboom|0 fnt\n|faint|p1a: Rillaboom\n|\n|-heal|p2a: Kingambit|62\/100|[from] Grassy Terrain\n|upkeep\n|\n|t:|1699760171\n|switch|p1a: Sneasler|Sneasler, M|100\/100\n|turn|28\n|\n|t:|1699760175\n|move|p1a: Sneasler|Swords Dance|p1a: Sneasler\n|-boost|p1a: Sneasler|atk|2\n|move|p2a: Kingambit|Kowtow Cleave|p1a: Sneasler\n|-resisted|p1a: Sneasler\n|-damage|p1a: Sneasler|0 fnt\n|faint|p1a: Sneasler\n|\n|-heal|p2a: Kingambit|68\/100|[from] Grassy Terrain\n|-fieldend|move: Grassy Terrain\n|upkeep\n|\n|t:|1699760184\n|switch|p1a: Gholdengo|Gholdengo|100\/100\n|turn|29\n|\n|t:|1699760188\n|move|p1a: Gholdengo|Thunder Wave|p2a: Kingambit\n|-status|p2a: Kingambit|par\n|-enditem|p2a: Kingambit|Lum Berry|[eat]\n|-curestatus|p2a: Kingambit|par|[msg]\n|move|p2a: Kingambit|Kowtow Cleave|p1a: Gholdengo\n|-supereffective|p1a: Gholdengo\n|-damage|p1a: Gholdengo|0 fnt\n|faint|p1a: Gholdengo\n|\n|win|beezelb\n|raw|lemonr's rating: 1172 &rarr; <strong>1146<\/strong><br \/>(-26 for losing)\n|raw|beezelb's rating: 1154 &rarr; <strong>1180<\/strong><br \/>(+26 for winning)\n","uploadtime":1699759835,"views":8,"p1id":"lemonr","p2id":"beezelb","formatid":"gen9ou","rating":1146,"private":0,"password":""}