{"id":"gen9ou-1991806210","p1":"ElliottTJX","p2":"daniel.verdon","format":"[Gen 9] OU","log":"|j|\u2606ElliottTJX\n|j|\u2606daniel.verdon\n|inactive|Battle timer is ON: inactive players will automatically lose when time's up.\n|t:|1700120802\n|gametype|singles\n|player|p1|ElliottTJX|alec-anime|\n|player|p2|daniel.verdon|pokekid|\n|teamsize|p1|3\n|teamsize|p2|3\n|gen|9\n|tier|[Gen 9] OU\n|rated|Tournament battle\n|rule|Sleep Clause Mod: Limit one foe put to sleep\n|rule|Species Clause: Limit one of each Pok\u00e9mon\n|rule|OHKO Clause: OHKO moves are banned\n|rule|Evasion Items Clause: Evasion items are banned\n|rule|Evasion Moves Clause: Evasion moves are banned\n|rule|Endless Battle Clause: Forcing endless battles is banned\n|rule|HP Percentage Mod: HP is shown in percentages\n|clearpoke\n|poke|p1|Bisharp, F|\n|poke|p1|Crocalor, F|\n|poke|p1|Ninetales-Alola, F|\n|poke|p2|Hariyama, F|\n|poke|p2|Sneasel-Hisui, M|\n|poke|p2|Growlithe-Hisui, M|\n|teampreview\n|j|*Lady Monita \u2746\n|inactive|ElliottTJX also wants the timer to be on.\n|c|\u2606ElliottTJX|gl\n|\n|t:|1700120818\n|start\n|switch|p1a: Ninetales|Ninetales-Alola, F|100\/100\n|switch|p2a: Sneasel|Sneasel-Hisui, M, shiny|100\/100\n|-weather|Snow|[from] ability: Snow Warning|[of] p1a: Ninetales\n|turn|1\n|\n|t:|1700120826\n|move|p2a: Sneasel|Gunk Shot|p1a: Ninetales\n|-supereffective|p1a: Ninetales\n|-damage|p1a: Ninetales|4\/100\n|-status|p1a: Ninetales|psn\n|move|p1a: Ninetales|Nasty Plot|p1a: Ninetales\n|-boost|p1a: Ninetales|spa|2\n|\n|-weather|Snow|[upkeep]\n|-damage|p1a: Ninetales|0 fnt|[from] psn\n|faint|p1a: Ninetales\n|upkeep\n|\n|t:|1700120830\n|switch|p1a: Crocalor|Crocalor, F|100\/100\n|turn|2\n|\n|t:|1700120832\n|move|p2a: Sneasel|Gunk Shot|p1a: Crocalor|[miss]\n|-miss|p2a: Sneasel|p1a: Crocalor\n|move|p1a: Crocalor|Fire Spin|p2a: Sneasel|[miss]\n|-miss|p1a: Crocalor|p2a: Sneasel\n|\n|-weather|Snow|[upkeep]\n|upkeep\n|turn|3\n|\n|t:|1700120835\n|move|p2a: Sneasel|Gunk Shot|p1a: Crocalor\n|-damage|p1a: Crocalor|72\/100\n|move|p1a: Crocalor|Fire Spin|p2a: Sneasel\n|-damage|p2a: Sneasel|82\/100\n|-activate|p2a: Sneasel|move: Fire Spin|[of] p1a: Crocalor\n|\n|-weather|Snow|[upkeep]\n|-damage|p2a: Sneasel|70\/100|[from] move: Fire Spin|[partiallytrapped]\n|upkeep\n|turn|4\n|\n|t:|1700120840\n|move|p2a: Sneasel|Gunk Shot|p1a: Crocalor|[miss]\n|-miss|p2a: Sneasel|p1a: Crocalor\n|move|p1a: Crocalor|Yawn|p2a: Sneasel\n|-start|p2a: Sneasel|move: Yawn|[of] p1a: Crocalor\n|\n|-weather|Snow|[upkeep]\n|-damage|p2a: Sneasel|57\/100|[from] move: Fire Spin|[partiallytrapped]\n|upkeep\n|turn|5\n|\n|t:|1700120843\n|move|p2a: Sneasel|Gunk Shot|p1a: Crocalor|[miss]\n|-miss|p2a: Sneasel|p1a: Crocalor\n|move|p1a: Crocalor|Slack Off|p1a: Crocalor\n|-heal|p1a: Crocalor|100\/100\n|\n|-weather|none\n|-damage|p2a: Sneasel|45\/100|[from] move: Fire Spin|[partiallytrapped]\n|-end|p2a: Sneasel|move: Yawn|[silent]\n|-status|p2a: Sneasel|slp\n|upkeep\n|turn|6\n|\n|t:|1700120847\n|cant|p2a: Sneasel|slp\n|move|p1a: Crocalor|Fire Spin|p2a: Sneasel\n|-damage|p2a: Sneasel|26\/100 slp\n|\n|-damage|p2a: Sneasel|14\/100 slp|[from] move: Fire Spin|[partiallytrapped]\n|upkeep\n|turn|7\n|\n|t:|1700120850\n|move|p1a: Crocalor|Protect|p1a: Crocalor\n|-singleturn|p1a: Crocalor|Protect\n|cant|p2a: Sneasel|slp\n|\n|-damage|p2a: Sneasel|1\/100 slp|[from] move: Fire Spin|[partiallytrapped]\n|upkeep\n|turn|8\n|\n|t:|1700120855\n|-curestatus|p2a: Sneasel|slp|[msg]\n|move|p2a: Sneasel|Gunk Shot|p1a: Crocalor\n|-damage|p1a: Crocalor|73\/100\n|move|p1a: Crocalor|Fire Spin|p2a: Sneasel\n|-damage|p2a: Sneasel|0 fnt\n|faint|p2a: Sneasel\n|\n|upkeep\n|\n|t:|1700120857\n|switch|p2a: Growlithe|Growlithe-Hisui, M, shiny|100\/100\n|turn|9\n|\n|t:|1700120862\n|switch|p1a: Bisharp|Bisharp, F|100\/100\n|move|p2a: Growlithe|Head Smash|p1a: Bisharp\n|-resisted|p1a: Bisharp\n|-damage|p1a: Bisharp|73\/100\n|\n|upkeep\n|turn|10\n|\n|t:|1700120873\n|switch|p2a: Hariyama|Hariyama, F, shiny|100\/100\n|-terastallize|p1a: Bisharp|Dark\n|move|p1a: Bisharp|Foul Play|p2a: Hariyama\n|-resisted|p2a: Hariyama\n|-damage|p2a: Hariyama|61\/100\n|\n|-status|p2a: Hariyama|brn|[from] item: Flame Orb\n|upkeep\n|turn|11\n|\n|t:|1700120882\n|move|p2a: Hariyama|Close Combat|p1a: Bisharp\n|-supereffective|p1a: Bisharp\n|-damage|p1a: Bisharp|0 fnt\n|-unboost|p2a: Hariyama|def|1\n|-unboost|p2a: Hariyama|spd|1\n|faint|p1a: Bisharp\n|\n|-damage|p2a: Hariyama|55\/100 brn|[from] brn\n|upkeep\n|\n|t:|1700120884\n|switch|p1a: Crocalor|Crocalor, F|73\/100\n|turn|12\n|\n|t:|1700120887\n|move|p1a: Crocalor|Protect|p1a: Crocalor\n|-singleturn|p1a: Crocalor|Protect\n|move|p2a: Hariyama|Close Combat|p1a: Crocalor\n|-activate|p1a: Crocalor|move: Protect\n|\n|-damage|p2a: Hariyama|49\/100 brn|[from] brn\n|upkeep\n|turn|13\n|c|\u2606ElliottTJX|gg\n|\n|t:|1700120890\n|move|p2a: Hariyama|Close Combat|p1a: Crocalor\n|-damage|p1a: Crocalor|18\/100\n|-unboost|p2a: Hariyama|def|1\n|-unboost|p2a: Hariyama|spd|1\n|move|p1a: Crocalor|Slack Off|p1a: Crocalor\n|-heal|p1a: Crocalor|68\/100\n|\n|-damage|p2a: Hariyama|43\/100 brn|[from] brn\n|upkeep\n|turn|14\n|\n|t:|1700120894\n|move|p2a: Hariyama|Close Combat|p1a: Crocalor\n|-damage|p1a: Crocalor|18\/100\n|-unboost|p2a: Hariyama|def|1\n|-unboost|p2a: Hariyama|spd|1\n|move|p1a: Crocalor|Slack Off|p1a: Crocalor\n|-heal|p1a: Crocalor|68\/100\n|\n|-damage|p2a: Hariyama|37\/100 brn|[from] brn\n|upkeep\n|turn|15\n|\n|t:|1700120897\n|move|p2a: Hariyama|Close Combat|p1a: Crocalor\n|-damage|p1a: Crocalor|19\/100\n|-unboost|p2a: Hariyama|def|1\n|-unboost|p2a: Hariyama|spd|1\n|move|p1a: Crocalor|Fire Spin|p2a: Hariyama\n|-damage|p2a: Hariyama|23\/100 brn\n|-activate|p2a: Hariyama|move: Fire Spin|[of] p1a: Crocalor\n|\n|-damage|p2a: Hariyama|17\/100 brn|[from] brn\n|-damage|p2a: Hariyama|4\/100 brn|[from] move: Fire Spin|[partiallytrapped]\n|upkeep\n|turn|16\n|\n|t:|1700120901\n|move|p1a: Crocalor|Protect|p1a: Crocalor\n|-singleturn|p1a: Crocalor|Protect\n|move|p2a: Hariyama|Close Combat|p1a: Crocalor\n|-activate|p1a: Crocalor|move: Protect\n|\n|-damage|p2a: Hariyama|0 fnt|[from] brn\n|faint|p2a: Hariyama\n|upkeep\n|\n|t:|1700120903\n|switch|p2a: Growlithe|Growlithe-Hisui, M, shiny|100\/100\n|turn|17\n|\n|t:|1700120906\n|move|p2a: Growlithe|Head Smash|p1a: Crocalor\n|-supereffective|p1a: Crocalor\n|-damage|p1a: Crocalor|0 fnt\n|faint|p1a: Crocalor\n|\n|win|daniel.verdon\n|n|\u2606ElliottTJX|elliotttjx\n|n|\u2606daniel.verdon|danielverdon\n|n|*Lady Monita \u2746|ladymonita\n","uploadtime":1700120907,"views":7,"p1id":"elliotttjx","p2id":"danielverdon","formatid":"gen9ou","rating":0,"private":0,"password":""}