{"id":"gen9ou-1991773764","p1":"Phlip987","p2":"HappyCocoa","format":"[Gen 9] OU","log":"|j|\u2606Phlip987\n|j|\u2606HappyCocoa\n|t:|1700114788\n|gametype|singles\n|player|p1|Phlip987|102|1102\n|player|p2|HappyCocoa|1|1000\n|teamsize|p1|6\n|teamsize|p2|6\n|gen|9\n|tier|[Gen 9] OU\n|rated|\n|rule|Sleep Clause Mod: Limit one foe put to sleep\n|rule|Species Clause: Limit one of each Pok\u00e9mon\n|rule|OHKO Clause: OHKO moves are banned\n|rule|Evasion Items Clause: Evasion items are banned\n|rule|Evasion Moves Clause: Evasion moves are banned\n|rule|Endless Battle Clause: Forcing endless battles is banned\n|rule|HP Percentage Mod: HP is shown in percentages\n|clearpoke\n|poke|p1|Volbeat, M|\n|poke|p1|Torkoal, F|\n|poke|p1|Charizard, M|\n|poke|p1|Quagsire, F|\n|poke|p1|Tropius, F|\n|poke|p1|Victreebel, F|\n|poke|p2|Amoonguss, M|\n|poke|p2|Gholdengo|\n|poke|p2|Zamazenta-*|\n|poke|p2|Ting-Lu|\n|poke|p2|Zapdos|\n|poke|p2|Slowking, M|\n|teampreview\n|\n|t:|1700114797\n|start\n|switch|p1a: Volbeat|Volbeat, M|100\/100\n|switch|p2a: Ting-Lu|Ting-Lu|100\/100\n|-ability|p2a: Ting-Lu|Vessel of Ruin\n|turn|1\n|\n|t:|1700114806\n|move|p1a: Volbeat|Thunder Wave|p2a: Ting-Lu\n|-immune|p2a: Ting-Lu\n|move|p2a: Ting-Lu|Stealth Rock|p1a: Volbeat\n|-sidestart|p1: Phlip987|move: Stealth Rock\n|\n|upkeep\n|turn|2\n|\n|t:|1700114813\n|move|p1a: Volbeat|Swagger|p2a: Ting-Lu\n|-hint|Since gen 7, Dark is immune to Prankster moves.\n|-immune|p2a: Ting-Lu\n|move|p2a: Ting-Lu|Whirlwind|p1a: Volbeat\n|drag|p1a: Charizard|Charizard, M|100\/100\n|\n|upkeep\n|turn|3\n|\n|t:|1700114825\n|switch|p1a: Torkoal|Torkoal, F|100\/100\n|-damage|p1a: Torkoal|76\/100|[from] Stealth Rock\n|-weather|SunnyDay|[from] ability: Drought|[of] p1a: Torkoal\n|move|p2a: Ting-Lu|Ruination|p1a: Torkoal\n|-damage|p1a: Torkoal|38\/100\n|\n|-weather|SunnyDay|[upkeep]\n|upkeep\n|turn|4\n|\n|t:|1700114835\n|move|p2a: Ting-Lu|Earthquake|p1a: Torkoal\n|-supereffective|p1a: Torkoal\n|-damage|p1a: Torkoal|0 fnt\n|faint|p1a: Torkoal\n|\n|-weather|SunnyDay|[upkeep]\n|upkeep\n|\n|t:|1700114841\n|switch|p1a: Charizard|Charizard, M|100\/100\n|turn|5\n|\n|t:|1700114847\n|move|p1a: Charizard|Solar Beam||[still]\n|-prepare|p1a: Charizard|Solar Beam\n|-anim|p1a: Charizard|Solar Beam|p2a: Ting-Lu\n|-supereffective|p2a: Ting-Lu\n|-damage|p2a: Ting-Lu|57\/100\n|move|p2a: Ting-Lu|Ruination|p1a: Charizard\n|-damage|p1a: Charizard|51\/100\n|\n|-weather|SunnyDay|[upkeep]\n|-damage|p1a: Charizard|38\/100|[from] ability: Solar Power|[of] p1a: Charizard\n|upkeep\n|turn|6\n|\n|t:|1700114861\n|move|p1a: Charizard|Flamethrower|p2a: Ting-Lu\n|-damage|p2a: Ting-Lu|20\/100\n|move|p2a: Ting-Lu|Whirlwind|p1a: Charizard\n|drag|p1a: Quagsire|Quagsire, F|100\/100\n|-damage|p1a: Quagsire|94\/100|[from] Stealth Rock\n|\n|-weather|SunnyDay|[upkeep]\n|-heal|p1a: Quagsire|100\/100|[from] item: Leftovers\n|upkeep\n|turn|7\n|\n|t:|1700114879\n|switch|p2a: Amoonguss|Amoonguss, M|100\/100\n|move|p1a: Quagsire|Earthquake|p2a: Amoonguss\n|-damage|p2a: Amoonguss|78\/100\n|\n|-weather|SunnyDay|[upkeep]\n|upkeep\n|turn|8\n|\n|t:|1700114893\n|switch|p1a: Tropius|Tropius, F|100\/100\n|-damage|p1a: Tropius|76\/100|[from] Stealth Rock\n|move|p2a: Amoonguss|Worry Seed|p1a: Tropius\n|-endability|p1a: Tropius|Chlorophyll|[from] move: Worry Seed\n|-ability|p1a: Tropius|Insomnia|[from] move: Worry Seed\n|\n|-weather|SunnyDay|[upkeep]\n|upkeep\n|turn|9\n|\n|t:|1700114905\n|move|p1a: Tropius|Swords Dance|p1a: Tropius\n|-boost|p1a: Tropius|atk|2\n|move|p2a: Amoonguss|Sludge Bomb|p1a: Tropius\n|-supereffective|p1a: Tropius\n|-damage|p1a: Tropius|10\/100\n|-enditem|p1a: Tropius|Salac Berry|[eat]\n|-boost|p1a: Tropius|spe|1|[from] item: Salac Berry\n|\n|-weather|SunnyDay|[upkeep]\n|upkeep\n|turn|10\n|\n|t:|1700114917\n|-terastallize|p1a: Tropius|Fire\n|-terastallize|p2a: Amoonguss|Dark\n|move|p1a: Tropius|Tera Blast|p2a: Amoonguss|[anim] Tera Blast Fire\n|-damage|p2a: Amoonguss|9\/100\n|move|p2a: Amoonguss|Sludge Bomb|p1a: Tropius\n|-damage|p1a: Tropius|0 fnt\n|faint|p1a: Tropius\n|\n|-weather|none\n|upkeep\n|\n|t:|1700114928\n|switch|p1a: Volbeat|Volbeat, M|100\/100\n|-damage|p1a: Volbeat|76\/100|[from] Stealth Rock\n|turn|11\n|\n|t:|1700114940\n|move|p1a: Volbeat|Swagger|p2a: Amoonguss\n|-hint|Since gen 7, Dark is immune to Prankster moves.\n|-immune|p2a: Amoonguss\n|move|p2a: Amoonguss|Spore|p1a: Volbeat\n|-status|p1a: Volbeat|slp|[from] move: Spore\n|\n|upkeep\n|turn|12\n|-message|Phlip987 forfeited.\n|\n|win|HappyCocoa\n|raw|Phlip987's rating: 1102 &rarr; <strong>1070<\/strong><br \/>(-32 for losing)\n|raw|HappyCocoa's rating: 1000 &rarr; <strong>1051<\/strong><br \/>(+51 for winning)\n|l|\u2606Phlip987\n","uploadtime":1700114965,"views":10,"p1id":"phlip987","p2id":"happycocoa","formatid":"gen9ou","rating":1051,"private":0,"password":""}