{"id":"gen9ou-1994274711","p1":"yyysneasel","p2":"judgementcore","format":"[Gen 9] OU","log":"|j|\u2606yyysneasel\n|j|\u2606judgementcore\n|t:|1700425977\n|gametype|singles\n|player|p1|yyysneasel|bugcatcher-gen4dp|1763\n|player|p2|judgementcore|hiker-gen4|1711\n|teamsize|p1|6\n|teamsize|p2|6\n|gen|9\n|tier|[Gen 9] OU\n|rated|\n|rule|Sleep Clause Mod: Limit one foe put to sleep\n|rule|Species Clause: Limit one of each Pok\u00e9mon\n|rule|OHKO Clause: OHKO moves are banned\n|rule|Evasion Items Clause: Evasion items are banned\n|rule|Evasion Moves Clause: Evasion moves are banned\n|rule|Endless Battle Clause: Forcing endless battles is banned\n|rule|HP Percentage Mod: HP is shown in percentages\n|clearpoke\n|poke|p1|Corviknight, F|\n|poke|p1|Toxapex, F|\n|poke|p1|Dondozo, M|\n|poke|p1|Slowking-Galar, M|\n|poke|p1|Blissey, F|\n|poke|p1|Clefable, F|\n|poke|p2|Rillaboom, M|\n|poke|p2|Sneasler, M|\n|poke|p2|Zamazenta-*|\n|poke|p2|Kingambit, M|\n|poke|p2|Walking Wake|\n|poke|p2|Heatran, F|\n|teampreview\n|c|\u2606judgementcore|hello again sneasel\n|c|\u2606yyysneasel|hi\n|\n|t:|1700426010\n|start\n|switch|p1a: stannin on bihness|Toxapex, F|100\/100\n|switch|p2a: Revert Monke|Rillaboom, M|100\/100\n|-fieldstart|move: Grassy Terrain|[from] ability: Grassy Surge|[of] p2a: Revert Monke\n|turn|1\n|\n|t:|1700426039\n|move|p2a: Revert Monke|U-turn|p1a: stannin on bihness\n|-resisted|p1a: stannin on bihness\n|-damage|p1a: stannin on bihness|89\/100\n|j| FatherSuperior7\n|\n|t:|1700426068\n|switch|p2a: \"legendary\"|Heatran, F|100\/100|[from] U-turn\n|move|p1a: stannin on bihness|Infestation|p2a: \"legendary\"\n|-resisted|p2a: \"legendary\"\n|-damage|p2a: \"legendary\"|99\/100\n|-activate|p2a: \"legendary\"|move: Infestation|[of] p1a: stannin on bihness\n|-status|p1a: stannin on bihness|brn|[from] ability: Flame Body|[of] p2a: \"legendary\"\n|\n|-heal|p2a: \"legendary\"|100\/100|[from] Grassy Terrain\n|-heal|p1a: stannin on bihness|95\/100 brn|[from] Grassy Terrain\n|-damage|p1a: stannin on bihness|89\/100 brn|[from] brn\n|-damage|p2a: \"legendary\"|88\/100|[from] move: Infestation|[partiallytrapped]\n|upkeep\n|turn|2\n|\n|t:|1700426080\n|move|p2a: \"legendary\"|Stealth Rock|p1a: stannin on bihness\n|-sidestart|p1: yyysneasel|move: Stealth Rock\n|move|p1a: stannin on bihness|Surf|p2a: \"legendary\"\n|-supereffective|p2a: \"legendary\"\n|-damage|p2a: \"legendary\"|66\/100\n|\n|-heal|p2a: \"legendary\"|72\/100|[from] Grassy Terrain\n|-heal|p2a: \"legendary\"|78\/100|[from] item: Leftovers\n|-heal|p1a: stannin on bihness|95\/100 brn|[from] Grassy Terrain\n|-damage|p1a: stannin on bihness|89\/100 brn|[from] brn\n|-damage|p2a: \"legendary\"|65\/100|[from] move: Infestation|[partiallytrapped]\n|upkeep\n|turn|3\n|\n|t:|1700426085\n|move|p2a: \"legendary\"|Earth Power|p1a: stannin on bihness\n|-supereffective|p1a: stannin on bihness\n|-damage|p1a: stannin on bihness|49\/100 brn\n|move|p1a: stannin on bihness|Surf|p2a: \"legendary\"\n|-supereffective|p2a: \"legendary\"\n|-damage|p2a: \"legendary\"|43\/100\n|\n|-heal|p2a: \"legendary\"|49\/100|[from] Grassy Terrain\n|-heal|p2a: \"legendary\"|55\/100|[from] item: Leftovers\n|-heal|p1a: stannin on bihness|55\/100 brn|[from] Grassy Terrain\n|-damage|p1a: stannin on bihness|49\/100 brn|[from] brn\n|-damage|p2a: \"legendary\"|43\/100|[from] move: Infestation|[partiallytrapped]\n|upkeep\n|turn|4\n|\n|t:|1700426090\n|move|p2a: \"legendary\"|Earth Power|p1a: stannin on bihness\n|-supereffective|p1a: stannin on bihness\n|-damage|p1a: stannin on bihness|8\/100 brn\n|move|p1a: stannin on bihness|Recover|p1a: stannin on bihness\n|-heal|p1a: stannin on bihness|59\/100 brn\n|\n|-heal|p2a: \"legendary\"|49\/100|[from] Grassy Terrain\n|-heal|p2a: \"legendary\"|55\/100|[from] item: Leftovers\n|-heal|p1a: stannin on bihness|65\/100 brn|[from] Grassy Terrain\n|-damage|p1a: stannin on bihness|59\/100 brn|[from] brn\n|-damage|p2a: \"legendary\"|43\/100|[from] move: Infestation|[partiallytrapped]\n|upkeep\n|turn|5\n|\n|t:|1700426095\n|move|p2a: \"legendary\"|Earth Power|p1a: stannin on bihness\n|-supereffective|p1a: stannin on bihness\n|-damage|p1a: stannin on bihness|12\/100 brn\n|move|p1a: stannin on bihness|Surf|p2a: \"legendary\"\n|-supereffective|p2a: \"legendary\"\n|-damage|p2a: \"legendary\"|19\/100\n|\n|-heal|p2a: \"legendary\"|25\/100|[from] Grassy Terrain\n|-heal|p2a: \"legendary\"|31\/100|[from] item: Leftovers\n|-heal|p1a: stannin on bihness|18\/100 brn|[from] Grassy Terrain\n|-damage|p1a: stannin on bihness|12\/100 brn|[from] brn\n|-end|p2a: \"legendary\"|Infestation|[partiallytrapped]\n|-fieldend|move: Grassy Terrain\n|upkeep\n|turn|6\n|\n|t:|1700426103\n|switch|p1a: Blissey|Blissey, F|100\/100\n|move|p2a: \"legendary\"|Magma Storm|p1a: Blissey\n|-damage|p1a: Blissey|86\/100\n|-activate|p1a: Blissey|move: Magma Storm|[of] p2a: \"legendary\"\n|\n|-heal|p2a: \"legendary\"|37\/100|[from] item: Leftovers\n|-damage|p1a: Blissey|73\/100|[from] move: Magma Storm|[partiallytrapped]\n|upkeep\n|turn|7\n|\n|t:|1700426123\n|switch|p2a: Revert Monke|Rillaboom, M|100\/100\n|-fieldstart|move: Grassy Terrain|[from] ability: Grassy Surge|[of] p2a: Revert Monke\n|move|p1a: Blissey|Seismic Toss|p2a: Revert Monke\n|-damage|p2a: Revert Monke|74\/100\n|\n|-heal|p2a: Revert Monke|80\/100|[from] Grassy Terrain\n|-heal|p1a: Blissey|79\/100|[from] Grassy Terrain\n|-end|p1a: Blissey|Magma Storm|[partiallytrapped]|[silent]\n|upkeep\n|turn|8\n|\n|t:|1700426130\n|switch|p1a: FreePalestine\ud83c\uddf5\ud83c\uddf8|Corviknight, F|100\/100\n|-damage|p1a: FreePalestine\ud83c\uddf5\ud83c\uddf8|88\/100|[from] Stealth Rock\n|-ability|p1a: FreePalestine\ud83c\uddf5\ud83c\uddf8|Pressure\n|move|p2a: Revert Monke|Knock Off|p1a: FreePalestine\ud83c\uddf5\ud83c\uddf8\n|-damage|p1a: FreePalestine\ud83c\uddf5\ud83c\uddf8|54\/100\n|-damage|p2a: Revert Monke|63\/100|[from] item: Rocky Helmet|[of] p1a: FreePalestine\ud83c\uddf5\ud83c\uddf8\n|-enditem|p1a: FreePalestine\ud83c\uddf5\ud83c\uddf8|Rocky Helmet|[from] move: Knock Off|[of] p2a: Revert Monke\n|\n|-heal|p2a: Revert Monke|69\/100|[from] Grassy Terrain\n|upkeep\n|turn|9\n|\n|t:|1700426139\n|switch|p2a: \"legendary\"|Heatran, F|37\/100\n|move|p1a: FreePalestine\ud83c\uddf5\ud83c\uddf8|Roost|p1a: FreePalestine\ud83c\uddf5\ud83c\uddf8\n|-heal|p1a: FreePalestine\ud83c\uddf5\ud83c\uddf8|100\/100\n|-singleturn|p1a: FreePalestine\ud83c\uddf5\ud83c\uddf8|move: Roost\n|\n|-heal|p2a: \"legendary\"|43\/100|[from] Grassy Terrain\n|-heal|p2a: \"legendary\"|49\/100|[from] item: Leftovers\n|upkeep\n|turn|10\n|\n|t:|1700426145\n|switch|p1a: Blissey|Blissey, F|79\/100\n|move|p2a: \"legendary\"|Magma Storm|p1a: Blissey|[miss]\n|-miss|p2a: \"legendary\"|p1a: Blissey\n|\n|-heal|p2a: \"legendary\"|55\/100|[from] Grassy Terrain\n|-heal|p2a: \"legendary\"|62\/100|[from] item: Leftovers\n|-heal|p1a: Blissey|86\/100|[from] Grassy Terrain\n|upkeep\n|turn|11\n|\n|t:|1700426150\n|move|p2a: \"legendary\"|Magma Storm|p1a: Blissey\n|-damage|p1a: Blissey|71\/100\n|-activate|p1a: Blissey|move: Magma Storm|[of] p2a: \"legendary\"\n|move|p1a: Blissey|Stealth Rock|p2a: \"legendary\"\n|-sidestart|p2: judgementcore|move: Stealth Rock\n|\n|-heal|p2a: \"legendary\"|68\/100|[from] Grassy Terrain\n|-heal|p2a: \"legendary\"|74\/100|[from] item: Leftovers\n|-heal|p1a: Blissey|77\/100|[from] Grassy Terrain\n|-damage|p1a: Blissey|64\/100|[from] move: Magma Storm|[partiallytrapped]\n|-fieldend|move: Grassy Terrain\n|upkeep\n|turn|12\n|\n|t:|1700426158\n|switch|p2a: flying fish|Walking Wake|100\/100\n|-damage|p2a: flying fish|88\/100|[from] Stealth Rock\n|move|p1a: Blissey|Seismic Toss|p2a: flying fish\n|-damage|p2a: flying fish|59\/100\n|\n|-end|p1a: Blissey|Magma Storm|[partiallytrapped]|[silent]\n|upkeep\n|turn|13\n|\n|t:|1700426164\n|move|p2a: flying fish|Flip Turn|p1a: Blissey\n|-damage|p1a: Blissey|50\/100\n|\n|t:|1700426172\n|-end|p2a: flying fish|Protosynthesis|[silent]\n|switch|p2a: OU Box Legend|Zamazenta|100\/100|[from] Flip Turn\n|-damage|p2a: OU Box Legend|94\/100|[from] Stealth Rock\n|-ability|p2a: OU Box Legend|Dauntless Shield|boost\n|-boost|p2a: OU Box Legend|def|1\n|move|p1a: Blissey|Soft-Boiled|p1a: Blissey\n|-heal|p1a: Blissey|99\/100\n|\n|-heal|p2a: OU Box Legend|100\/100|[from] item: Leftovers\n|upkeep\n|turn|14\n|\n|t:|1700426183\n|switch|p2a: Revert Monke|Rillaboom, M|69\/100\n|-damage|p2a: Revert Monke|57\/100|[from] Stealth Rock\n|-fieldstart|move: Grassy Terrain|[from] ability: Grassy Surge|[of] p2a: Revert Monke\n|switch|p1a: stannin on bihness|Toxapex, F|45\/100 brn\n|\n|-heal|p2a: Revert Monke|63\/100|[from] Grassy Terrain\n|-heal|p1a: stannin on bihness|51\/100 brn|[from] Grassy Terrain\n|-damage|p1a: stannin on bihness|45\/100 brn|[from] brn\n|upkeep\n|turn|15\n|\n|t:|1700426186\n|switch|p1a: FreePalestine\ud83c\uddf5\ud83c\uddf8|Corviknight, F|100\/100\n|-damage|p1a: FreePalestine\ud83c\uddf5\ud83c\uddf8|88\/100|[from] Stealth Rock\n|-ability|p1a: FreePalestine\ud83c\uddf5\ud83c\uddf8|Pressure\n|move|p2a: Revert Monke|Wood Hammer|p1a: FreePalestine\ud83c\uddf5\ud83c\uddf8\n|-resisted|p1a: FreePalestine\ud83c\uddf5\ud83c\uddf8\n|-damage|p1a: FreePalestine\ud83c\uddf5\ud83c\uddf8|71\/100\n|-damage|p2a: Revert Monke|57\/100|[from] Recoil\n|\n|-heal|p2a: Revert Monke|63\/100|[from] Grassy Terrain\n|upkeep\n|turn|16\n|\n|t:|1700426195\n|switch|p2a: \"legendary\"|Heatran, F|74\/100\n|-damage|p2a: \"legendary\"|61\/100|[from] Stealth Rock\n|move|p1a: FreePalestine\ud83c\uddf5\ud83c\uddf8|U-turn|p2a: \"legendary\"\n|-resisted|p2a: \"legendary\"\n|-damage|p2a: \"legendary\"|58\/100\n|\n|t:|1700426201\n|switch|p1a: Slowking|Slowking-Galar, M|100\/100|[from] U-turn\n|-damage|p1a: Slowking|88\/100|[from] Stealth Rock\n|\n|-heal|p1a: Slowking|94\/100|[from] Grassy Terrain\n|-heal|p2a: \"legendary\"|64\/100|[from] Grassy Terrain\n|-heal|p2a: \"legendary\"|71\/100|[from] item: Leftovers\n|upkeep\n|turn|17\n|j| cal\n|\n|t:|1700426209\n|move|p1a: Slowking|Trick|p2a: \"legendary\"\n|-activate|p1a: Slowking|move: Trick|[of] p2a: \"legendary\"\n|-item|p2a: \"legendary\"|Choice Scarf|[from] move: Trick\n|-item|p1a: Slowking|Leftovers|[from] move: Trick\n|move|p2a: \"legendary\"|Earth Power|p1a: Slowking\n|-supereffective|p1a: Slowking\n|-damage|p1a: Slowking|46\/100\n|-unboost|p1a: Slowking|spd|1\n|\n|-heal|p2a: \"legendary\"|77\/100|[from] Grassy Terrain\n|-heal|p1a: Slowking|52\/100|[from] Grassy Terrain\n|-heal|p1a: Slowking|58\/100|[from] item: Leftovers\n|upkeep\n|turn|18\n|\n|t:|1700426216\n|switch|p1a: Blissey|Blissey, F|99\/100\n|move|p2a: \"legendary\"|Earth Power|p1a: Blissey\n|-damage|p1a: Blissey|90\/100\n|\n|-heal|p2a: \"legendary\"|83\/100|[from] Grassy Terrain\n|-heal|p1a: Blissey|96\/100|[from] Grassy Terrain\n|-fieldend|move: Grassy Terrain\n|upkeep\n|turn|19\n|j| SwabbyYabby\n|\n|t:|1700426222\n|switch|p2a: OU Box Legend|Zamazenta|100\/100\n|-damage|p2a: OU Box Legend|94\/100|[from] Stealth Rock\n|switch|p1a: stannin on bihness|Toxapex, F|78\/100 brn\n|\n|-heal|p2a: OU Box Legend|100\/100|[from] item: Leftovers\n|-damage|p1a: stannin on bihness|72\/100 brn|[from] brn\n|upkeep\n|turn|20\n|\n|t:|1700426229\n|move|p2a: OU Box Legend|Iron Defense|p2a: OU Box Legend\n|-boost|p2a: OU Box Legend|def|2\n|move|p1a: stannin on bihness|Infestation|p2a: OU Box Legend\n|-resisted|p2a: OU Box Legend\n|-damage|p2a: OU Box Legend|99\/100\n|-activate|p2a: OU Box Legend|move: Infestation|[of] p1a: stannin on bihness\n|\n|-heal|p2a: OU Box Legend|100\/100|[from] item: Leftovers\n|-damage|p1a: stannin on bihness|67\/100 brn|[from] brn\n|-damage|p2a: OU Box Legend|88\/100|[from] move: Infestation|[partiallytrapped]\n|upkeep\n|turn|21\n|\n|t:|1700426231\n|move|p2a: OU Box Legend|Body Press|p1a: stannin on bihness\n|-resisted|p1a: stannin on bihness\n|-damage|p1a: stannin on bihness|44\/100 brn\n|move|p1a: stannin on bihness|Toxic|p2a: OU Box Legend\n|-status|p2a: OU Box Legend|tox\n|\n|-heal|p2a: OU Box Legend|94\/100 tox|[from] item: Leftovers\n|-damage|p2a: OU Box Legend|88\/100 tox|[from] psn\n|-damage|p1a: stannin on bihness|38\/100 brn|[from] brn\n|-damage|p2a: OU Box Legend|75\/100 tox|[from] move: Infestation|[partiallytrapped]\n|upkeep\n|turn|22\n|\n|t:|1700426235\n|move|p2a: OU Box Legend|Body Press|p1a: stannin on bihness\n|-resisted|p1a: stannin on bihness\n|-damage|p1a: stannin on bihness|13\/100 brn\n|move|p1a: stannin on bihness|Recover|p1a: stannin on bihness\n|-heal|p1a: stannin on bihness|63\/100 brn\n|\n|-heal|p2a: OU Box Legend|82\/100 tox|[from] item: Leftovers\n|-damage|p2a: OU Box Legend|69\/100 tox|[from] psn\n|-damage|p1a: stannin on bihness|57\/100 brn|[from] brn\n|-damage|p2a: OU Box Legend|57\/100 tox|[from] move: Infestation|[partiallytrapped]\n|upkeep\n|turn|23\n|\n|t:|1700426238\n|move|p2a: OU Box Legend|Body Press|p1a: stannin on bihness\n|-resisted|p1a: stannin on bihness\n|-damage|p1a: stannin on bihness|36\/100 brn\n|move|p1a: stannin on bihness|Recover|p1a: stannin on bihness\n|-heal|p1a: stannin on bihness|87\/100 brn\n|\n|-heal|p2a: OU Box Legend|63\/100 tox|[from] item: Leftovers\n|-damage|p2a: OU Box Legend|44\/100 tox|[from] psn\n|-damage|p1a: stannin on bihness|81\/100 brn|[from] brn\n|-damage|p2a: OU Box Legend|32\/100 tox|[from] move: Infestation|[partiallytrapped]\n|upkeep\n|turn|24\n|\n|t:|1700426242\n|move|p2a: OU Box Legend|Body Press|p1a: stannin on bihness\n|-resisted|p1a: stannin on bihness\n|-damage|p1a: stannin on bihness|58\/100 brn\n|move|p1a: stannin on bihness|Recover|p1a: stannin on bihness\n|-heal|p1a: stannin on bihness|100\/100 brn\n|\n|-heal|p2a: OU Box Legend|38\/100 tox|[from] item: Leftovers\n|-damage|p2a: OU Box Legend|13\/100 tox|[from] psn\n|-damage|p1a: stannin on bihness|95\/100 brn|[from] brn\n|-end|p2a: OU Box Legend|Infestation|[partiallytrapped]\n|upkeep\n|turn|25\n|\n|t:|1700426246\n|move|p2a: OU Box Legend|Body Press|p1a: stannin on bihness\n|-resisted|p1a: stannin on bihness\n|-damage|p1a: stannin on bihness|72\/100 brn\n|move|p1a: stannin on bihness|Surf|p2a: OU Box Legend\n|-damage|p2a: OU Box Legend|0 fnt\n|faint|p2a: OU Box Legend\n|\n|-damage|p1a: stannin on bihness|66\/100 brn|[from] brn\n|upkeep\n|\n|t:|1700426252\n|switch|p2a: flying fish|Walking Wake|59\/100\n|-damage|p2a: flying fish|46\/100|[from] Stealth Rock\n|turn|26\n|\n|t:|1700426256\n|switch|p1a: Blissey|Blissey, F|96\/100\n|move|p2a: flying fish|Flip Turn|p1a: Blissey\n|-damage|p1a: Blissey|81\/100\n|\n|t:|1700426270\n|-end|p2a: flying fish|Protosynthesis|[silent]\n|switch|p2a: support mon|Kingambit, M|100\/100|[from] Flip Turn\n|-damage|p2a: support mon|94\/100|[from] Stealth Rock\n|-activate|p2a: support mon|ability: Supreme Overlord\n|-start|p2a: support mon|fallen1|[silent]\n|\n|upkeep\n|turn|27\n|\n|t:|1700426275\n|switch|p1a: stannin on bihness|Toxapex, F|99\/100 brn\n|-end|p2a: support mon|fallen1|[silent]\n|switch|p2a: Revert Monke|Rillaboom, M|63\/100\n|-damage|p2a: Revert Monke|51\/100|[from] Stealth Rock\n|-fieldstart|move: Grassy Terrain|[from] ability: Grassy Surge|[of] p2a: Revert Monke\n|\n|-heal|p2a: Revert Monke|57\/100|[from] Grassy Terrain\n|-heal|p1a: stannin on bihness|100\/100 brn|[from] Grassy Terrain\n|-damage|p1a: stannin on bihness|95\/100 brn|[from] brn\n|upkeep\n|turn|28\n|\n|t:|1700426279\n|-terastallize|p2a: Revert Monke|Grass\n|move|p2a: Revert Monke|Wood Hammer|p1a: stannin on bihness\n|-damage|p1a: stannin on bihness|0 fnt\n|faint|p1a: stannin on bihness\n|-damage|p2a: Revert Monke|32\/100|[from] Recoil\n|\n|-heal|p2a: Revert Monke|38\/100|[from] Grassy Terrain\n|upkeep\n|\n|t:|1700426283\n|switch|p1a: FreePalestine\ud83c\uddf5\ud83c\uddf8|Corviknight, F|71\/100\n|-damage|p1a: FreePalestine\ud83c\uddf5\ud83c\uddf8|58\/100|[from] Stealth Rock\n|-ability|p1a: FreePalestine\ud83c\uddf5\ud83c\uddf8|Pressure\n|turn|29\n|\n|t:|1700426287\n|switch|p2a: \"legendary\"|Heatran, F|83\/100\n|-damage|p2a: \"legendary\"|70\/100|[from] Stealth Rock\n|move|p1a: FreePalestine\ud83c\uddf5\ud83c\uddf8|Roost|p1a: FreePalestine\ud83c\uddf5\ud83c\uddf8\n|-heal|p1a: FreePalestine\ud83c\uddf5\ud83c\uddf8|100\/100\n|-singleturn|p1a: FreePalestine\ud83c\uddf5\ud83c\uddf8|move: Roost\n|\n|-heal|p2a: \"legendary\"|76\/100|[from] Grassy Terrain\n|upkeep\n|turn|30\n|\n|t:|1700426297\n|switch|p2a: Zapdos Hater|Sneasler, M|100\/100\n|-damage|p2a: Zapdos Hater|94\/100|[from] Stealth Rock\n|-enditem|p2a: Zapdos Hater|Grassy Seed\n|-boost|p2a: Zapdos Hater|def|1|[from] item: Grassy Seed\n|switch|p1a: Blissey|Blissey, F|81\/100\n|\n|-heal|p2a: Zapdos Hater|100\/100|[from] Grassy Terrain\n|-heal|p1a: Blissey|87\/100|[from] Grassy Terrain\n|upkeep\n|turn|31\n|\n|t:|1700426307\n|switch|p1a: Ripbozo \ud83d\ude02 \ud83d\ude02|Dondozo, M|100\/100\n|-damage|p1a: Ripbozo \ud83d\ude02 \ud83d\ude02|88\/100|[from] Stealth Rock\n|move|p2a: Zapdos Hater|Gunk Shot|p1a: Ripbozo \ud83d\ude02 \ud83d\ude02\n|-damage|p1a: Ripbozo \ud83d\ude02 \ud83d\ude02|55\/100\n|-status|p1a: Ripbozo \ud83d\ude02 \ud83d\ude02|psn\n|\n|-heal|p1a: Ripbozo \ud83d\ude02 \ud83d\ude02|61\/100 psn|[from] Grassy Terrain\n|-heal|p1a: Ripbozo \ud83d\ude02 \ud83d\ude02|68\/100 psn|[from] item: Leftovers\n|-damage|p1a: Ripbozo \ud83d\ude02 \ud83d\ude02|55\/100 psn|[from] psn\n|-fieldend|move: Grassy Terrain\n|upkeep\n|turn|32\n|j| Skricksng\n|\n|t:|1700426318\n|move|p2a: Zapdos Hater|Gunk Shot|p1a: Ripbozo \ud83d\ude02 \ud83d\ude02\n|-damage|p1a: Ripbozo \ud83d\ude02 \ud83d\ude02|26\/100 psn\n|move|p1a: Ripbozo \ud83d\ude02 \ud83d\ude02|Rest|p1a: Ripbozo \ud83d\ude02 \ud83d\ude02\n|-status|p1a: Ripbozo \ud83d\ude02 \ud83d\ude02|slp|[from] move: Rest\n|-heal|p1a: Ripbozo \ud83d\ude02 \ud83d\ude02|100\/100 slp|[silent]\n|\n|upkeep\n|turn|33\n|\n|t:|1700426330\n|switch|p2a: Revert Monke|Rillaboom, M, tera:Grass|38\/100\n|-damage|p2a: Revert Monke|26\/100|[from] Stealth Rock\n|-fieldstart|move: Grassy Terrain|[from] ability: Grassy Surge|[of] p2a: Revert Monke\n|cant|p1a: Ripbozo \ud83d\ude02 \ud83d\ude02|slp\n|move|p1a: Ripbozo \ud83d\ude02 \ud83d\ude02|Sleep Talk|p1a: Ripbozo \ud83d\ude02 \ud83d\ude02\n|move|p1a: Ripbozo \ud83d\ude02 \ud83d\ude02|Wave Crash|p2a: Revert Monke|[from]move: Sleep Talk\n|-resisted|p2a: Revert Monke\n|-crit|p2a: Revert Monke\n|-damage|p2a: Revert Monke|0 fnt\n|faint|p2a: Revert Monke\n|-damage|p1a: Ripbozo \ud83d\ude02 \ud83d\ude02|94\/100 slp|[from] Recoil\n|\n|-heal|p1a: Ripbozo \ud83d\ude02 \ud83d\ude02|100\/100 slp|[from] Grassy Terrain\n|upkeep\n|\n|t:|1700426339\n|switch|p2a: \"legendary\"|Heatran, F|76\/100\n|-damage|p2a: \"legendary\"|64\/100|[from] Stealth Rock\n|turn|34\n|c| Skricksng|Hey look, it\u2019s the anti semite\n|\n|t:|1700426348\n|switch|p1a: Blissey|Blissey, F|87\/100\n|move|p2a: \"legendary\"|Earth Power|p1a: Blissey\n|-damage|p1a: Blissey|78\/100\n|\n|-heal|p2a: \"legendary\"|70\/100|[from] Grassy Terrain\n|-heal|p1a: Blissey|84\/100|[from] Grassy Terrain\n|upkeep\n|turn|35\n|\n|t:|1700426360\n|switch|p2a: support mon|Kingambit, M|94\/100\n|-damage|p2a: support mon|88\/100|[from] Stealth Rock\n|-activate|p2a: support mon|ability: Supreme Overlord\n|-start|p2a: support mon|fallen2|[silent]\n|move|p1a: Blissey|Seismic Toss|p2a: support mon\n|-damage|p2a: support mon|63\/100\n|\n|-heal|p1a: Blissey|90\/100|[from] Grassy Terrain\n|-heal|p2a: support mon|70\/100|[from] Grassy Terrain\n|upkeep\n|turn|36\n|c|\u2606judgementcore|he plays stall\n|\n|t:|1700426376\n|-end|p2a: support mon|fallen2|[silent]\n|switch|p2a: Zapdos Hater|Sneasler, M|100\/100\n|-damage|p2a: Zapdos Hater|94\/100|[from] Stealth Rock\n|move|p1a: Blissey|Flamethrower|p2a: Zapdos Hater\n|-damage|p2a: Zapdos Hater|74\/100\n|\n|-heal|p2a: Zapdos Hater|80\/100|[from] Grassy Terrain\n|-heal|p1a: Blissey|96\/100|[from] Grassy Terrain\n|upkeep\n|turn|37\n|\n|t:|1700426381\n|switch|p1a: Ripbozo \ud83d\ude02 \ud83d\ude02|Dondozo, M|100\/100 slp\n|-damage|p1a: Ripbozo \ud83d\ude02 \ud83d\ude02|88\/100 slp|[from] Stealth Rock\n|move|p2a: Zapdos Hater|Close Combat|p1a: Ripbozo \ud83d\ude02 \ud83d\ude02\n|-damage|p1a: Ripbozo \ud83d\ude02 \ud83d\ude02|55\/100 slp\n|-unboost|p2a: Zapdos Hater|def|1\n|-unboost|p2a: Zapdos Hater|spd|1\n|\n|-heal|p2a: Zapdos Hater|86\/100|[from] Grassy Terrain\n|-heal|p1a: Ripbozo \ud83d\ude02 \ud83d\ude02|61\/100 slp|[from] Grassy Terrain\n|-heal|p1a: Ripbozo \ud83d\ude02 \ud83d\ude02|68\/100 slp|[from] item: Leftovers\n|-fieldend|move: Grassy Terrain\n|upkeep\n|turn|38\n|\n|t:|1700426386\n|move|p2a: Zapdos Hater|Close Combat|p1a: Ripbozo \ud83d\ude02 \ud83d\ude02\n|-damage|p1a: Ripbozo \ud83d\ude02 \ud83d\ude02|39\/100 slp\n|-unboost|p2a: Zapdos Hater|def|1\n|-unboost|p2a: Zapdos Hater|spd|1\n|cant|p1a: Ripbozo \ud83d\ude02 \ud83d\ude02|slp\n|move|p1a: Ripbozo \ud83d\ude02 \ud83d\ude02|Sleep Talk|p1a: Ripbozo \ud83d\ude02 \ud83d\ude02\n|move|p1a: Ripbozo \ud83d\ude02 \ud83d\ude02|Rest||[from]move: Sleep Talk|[still]\n|-fail|p1a: Ripbozo \ud83d\ude02 \ud83d\ude02\n|\n|-heal|p1a: Ripbozo \ud83d\ude02 \ud83d\ude02|46\/100 slp|[from] item: Leftovers\n|upkeep\n|turn|39\n|\n|t:|1700426393\n|move|p2a: Zapdos Hater|Close Combat|p1a: Ripbozo \ud83d\ude02 \ud83d\ude02\n|-damage|p1a: Ripbozo \ud83d\ude02 \ud83d\ude02|15\/100 slp\n|-unboost|p2a: Zapdos Hater|def|1\n|-unboost|p2a: Zapdos Hater|spd|1\n|-curestatus|p1a: Ripbozo \ud83d\ude02 \ud83d\ude02|slp|[msg]\n|move|p1a: Ripbozo \ud83d\ude02 \ud83d\ude02|Rest|p1a: Ripbozo \ud83d\ude02 \ud83d\ude02\n|-status|p1a: Ripbozo \ud83d\ude02 \ud83d\ude02|slp|[from] move: Rest\n|-heal|p1a: Ripbozo \ud83d\ude02 \ud83d\ude02|100\/100 slp|[silent]\n|\n|upkeep\n|turn|40\n|\n|t:|1700426405\n|switch|p2a: flying fish|Walking Wake|46\/100\n|-damage|p2a: flying fish|34\/100|[from] Stealth Rock\n|cant|p1a: Ripbozo \ud83d\ude02 \ud83d\ude02|slp\n|move|p1a: Ripbozo \ud83d\ude02 \ud83d\ude02|Sleep Talk|p1a: Ripbozo \ud83d\ude02 \ud83d\ude02\n|move|p1a: Ripbozo \ud83d\ude02 \ud83d\ude02|Curse|p1a: Ripbozo \ud83d\ude02 \ud83d\ude02|[from]move: Sleep Talk\n|-unboost|p1a: Ripbozo \ud83d\ude02 \ud83d\ude02|spe|1\n|-boost|p1a: Ripbozo \ud83d\ude02 \ud83d\ude02|atk|1\n|-boost|p1a: Ripbozo \ud83d\ude02 \ud83d\ude02|def|1\n|\n|upkeep\n|turn|41\n|\n|t:|1700426412\n|switch|p1a: Blissey|Blissey, F|96\/100\n|move|p2a: flying fish|Flip Turn|p1a: Blissey\n|-damage|p1a: Blissey|81\/100\n|\n|t:|1700426415\n|-end|p2a: flying fish|Protosynthesis|[silent]\n|switch|p2a: Zapdos Hater|Sneasler, M|86\/100|[from] Flip Turn\n|-damage|p2a: Zapdos Hater|80\/100|[from] Stealth Rock\n|\n|upkeep\n|turn|42\n|\n|t:|1700426419\n|switch|p1a: Ripbozo \ud83d\ude02 \ud83d\ude02|Dondozo, M|100\/100 slp\n|-damage|p1a: Ripbozo \ud83d\ude02 \ud83d\ude02|88\/100 slp|[from] Stealth Rock\n|move|p2a: Zapdos Hater|Close Combat|p1a: Ripbozo \ud83d\ude02 \ud83d\ude02\n|-damage|p1a: Ripbozo \ud83d\ude02 \ud83d\ude02|60\/100 slp\n|-unboost|p2a: Zapdos Hater|def|1\n|-unboost|p2a: Zapdos Hater|spd|1\n|\n|-heal|p1a: Ripbozo \ud83d\ude02 \ud83d\ude02|66\/100 slp|[from] item: Leftovers\n|upkeep\n|turn|43\n|j| miyazawa yuana\n|\n|t:|1700426425\n|move|p2a: Zapdos Hater|Close Combat|p1a: Ripbozo \ud83d\ude02 \ud83d\ude02\n|-damage|p1a: Ripbozo \ud83d\ude02 \ud83d\ude02|34\/100 slp\n|-unboost|p2a: Zapdos Hater|def|1\n|-unboost|p2a: Zapdos Hater|spd|1\n|cant|p1a: Ripbozo \ud83d\ude02 \ud83d\ude02|slp\n|move|p1a: Ripbozo \ud83d\ude02 \ud83d\ude02|Sleep Talk|p1a: Ripbozo \ud83d\ude02 \ud83d\ude02\n|move|p1a: Ripbozo \ud83d\ude02 \ud83d\ude02|Rest||[from]move: Sleep Talk|[still]\n|-fail|p1a: Ripbozo \ud83d\ude02 \ud83d\ude02\n|\n|-heal|p1a: Ripbozo \ud83d\ude02 \ud83d\ude02|40\/100 slp|[from] item: Leftovers\n|upkeep\n|turn|44\n|\n|t:|1700426429\n|move|p2a: Zapdos Hater|Close Combat|p1a: Ripbozo \ud83d\ude02 \ud83d\ude02\n|-damage|p1a: Ripbozo \ud83d\ude02 \ud83d\ude02|8\/100 slp\n|-unboost|p2a: Zapdos Hater|def|1\n|-unboost|p2a: Zapdos Hater|spd|1\n|-curestatus|p1a: Ripbozo \ud83d\ude02 \ud83d\ude02|slp|[msg]\n|move|p1a: Ripbozo \ud83d\ude02 \ud83d\ude02|Rest|p1a: Ripbozo \ud83d\ude02 \ud83d\ude02\n|-status|p1a: Ripbozo \ud83d\ude02 \ud83d\ude02|slp|[from] move: Rest\n|-heal|p1a: Ripbozo \ud83d\ude02 \ud83d\ude02|100\/100 slp|[silent]\n|\n|upkeep\n|turn|45\n|\n|t:|1700426437\n|switch|p2a: flying fish|Walking Wake|34\/100\n|-damage|p2a: flying fish|21\/100|[from] Stealth Rock\n|cant|p1a: Ripbozo \ud83d\ude02 \ud83d\ude02|slp\n|move|p1a: Ripbozo \ud83d\ude02 \ud83d\ude02|Sleep Talk|p1a: Ripbozo \ud83d\ude02 \ud83d\ude02\n|move|p1a: Ripbozo \ud83d\ude02 \ud83d\ude02|Rest||[from]move: Sleep Talk|[still]\n|-fail|p1a: Ripbozo \ud83d\ude02 \ud83d\ude02\n|\n|upkeep\n|turn|46\n|\n|t:|1700426445\n|switch|p1a: Slowking|Slowking-Galar, M|91\/100\n|-damage|p1a: Slowking|79\/100|[from] Stealth Rock\n|move|p2a: flying fish|Draco Meteor|p1a: Slowking\n|-damage|p1a: Slowking|0 fnt\n|-unboost|p2a: flying fish|spa|2\n|faint|p1a: Slowking\n|\n|upkeep\n|\n|t:|1700426449\n|switch|p1a: It's Joever|Clefable, F|100\/100\n|turn|47\n|\n|t:|1700426453\n|-end|p2a: flying fish|Protosynthesis|[silent]\n|switch|p2a: \"legendary\"|Heatran, F|70\/100\n|-damage|p2a: \"legendary\"|58\/100|[from] Stealth Rock\n|move|p1a: It's Joever|Wish|p1a: It's Joever\n|\n|upkeep\n|turn|48\n|\n|t:|1700426465\n|move|p2a: \"legendary\"|Magma Storm|p1a: It's Joever\n|-damage|p1a: It's Joever|71\/100\n|-activate|p1a: It's Joever|move: Magma Storm|[of] p2a: \"legendary\"\n|move|p1a: It's Joever|Moonblast|p2a: \"legendary\"\n|-resisted|p2a: \"legendary\"\n|-damage|p2a: \"legendary\"|53\/100\n|\n|-heal|p1a: It's Joever|100\/100|[from] move: Wish|[wisher] It's Joever\n|-damage|p1a: It's Joever|88\/100|[from] move: Magma Storm|[partiallytrapped]\n|upkeep\n|turn|49\n|\n|t:|1700426470\n|move|p2a: \"legendary\"|Magma Storm|p1a: It's Joever\n|-damage|p1a: It's Joever|58\/100\n|move|p1a: It's Joever|Wish|p1a: It's Joever\n|\n|-damage|p1a: It's Joever|46\/100|[from] move: Magma Storm|[partiallytrapped]\n|upkeep\n|turn|50\n|\n|t:|1700426475\n|move|p1a: It's Joever|Protect|p1a: It's Joever\n|-singleturn|p1a: It's Joever|Protect\n|move|p2a: \"legendary\"|Magma Storm|p1a: It's Joever\n|-activate|p1a: It's Joever|move: Protect\n|\n|-heal|p1a: It's Joever|96\/100|[from] move: Wish|[wisher] It's Joever\n|-damage|p1a: It's Joever|83\/100|[from] move: Magma Storm|[partiallytrapped]\n|upkeep\n|turn|51\n|\n|t:|1700426477\n|move|p2a: \"legendary\"|Magma Storm|p1a: It's Joever\n|-damage|p1a: It's Joever|55\/100\n|move|p1a: It's Joever|Wish|p1a: It's Joever\n|\n|-damage|p1a: It's Joever|43\/100|[from] move: Magma Storm|[partiallytrapped]\n|upkeep\n|turn|52\n|\n|t:|1700426482\n|switch|p2a: Zapdos Hater|Sneasler, M|80\/100\n|-damage|p2a: Zapdos Hater|74\/100|[from] Stealth Rock\n|move|p1a: It's Joever|Protect||[still]\n|-fail|p1a: It's Joever\n|\n|-heal|p1a: It's Joever|93\/100|[from] move: Wish|[wisher] It's Joever\n|-end|p1a: It's Joever|Magma Storm|[partiallytrapped]|[silent]\n|upkeep\n|turn|53\n|\n|t:|1700426491\n|move|p1a: It's Joever|Protect|p1a: It's Joever\n|-singleturn|p1a: It's Joever|Protect\n|move|p2a: Zapdos Hater|Gunk Shot|p1a: It's Joever\n|-activate|p1a: It's Joever|move: Protect\n|\n|upkeep\n|turn|54\n|\n|t:|1700426494\n|switch|p1a: FreePalestine\ud83c\uddf5\ud83c\uddf8|Corviknight, F|100\/100\n|-damage|p1a: FreePalestine\ud83c\uddf5\ud83c\uddf8|88\/100|[from] Stealth Rock\n|-ability|p1a: FreePalestine\ud83c\uddf5\ud83c\uddf8|Pressure\n|move|p2a: Zapdos Hater|Swords Dance|p2a: Zapdos Hater\n|-boost|p2a: Zapdos Hater|atk|2\n|\n|upkeep\n|turn|55\n|\n|t:|1700426498\n|switch|p1a: Ripbozo \ud83d\ude02 \ud83d\ude02|Dondozo, M|100\/100 slp\n|-damage|p1a: Ripbozo \ud83d\ude02 \ud83d\ude02|88\/100 slp|[from] Stealth Rock\n|move|p2a: Zapdos Hater|Close Combat|p1a: Ripbozo \ud83d\ude02 \ud83d\ude02\n|-damage|p1a: Ripbozo \ud83d\ude02 \ud83d\ude02|58\/100 slp\n|-unboost|p2a: Zapdos Hater|def|1\n|-unboost|p2a: Zapdos Hater|spd|1\n|\n|-heal|p1a: Ripbozo \ud83d\ude02 \ud83d\ude02|64\/100 slp|[from] item: Leftovers\n|upkeep\n|turn|56\n|j| Imburningbabe\n|\n|t:|1700426503\n|move|p2a: Zapdos Hater|Close Combat|p1a: Ripbozo \ud83d\ude02 \ud83d\ude02\n|-damage|p1a: Ripbozo \ud83d\ude02 \ud83d\ude02|33\/100 slp\n|-unboost|p2a: Zapdos Hater|def|1\n|-unboost|p2a: Zapdos Hater|spd|1\n|cant|p1a: Ripbozo \ud83d\ude02 \ud83d\ude02|slp\n|move|p1a: Ripbozo \ud83d\ude02 \ud83d\ude02|Sleep Talk|p1a: Ripbozo \ud83d\ude02 \ud83d\ude02\n|move|p1a: Ripbozo \ud83d\ude02 \ud83d\ude02|Wave Crash|p2a: Zapdos Hater|[from]move: Sleep Talk\n|-damage|p2a: Zapdos Hater|13\/100\n|-damage|p1a: Ripbozo \ud83d\ude02 \ud83d\ude02|19\/100 slp|[from] Recoil\n|\n|-heal|p1a: Ripbozo \ud83d\ude02 \ud83d\ude02|25\/100 slp|[from] item: Leftovers\n|upkeep\n|turn|57\n|l| Imburningbabe\n|\n|t:|1700426514\n|move|p2a: Zapdos Hater|Gunk Shot|p1a: Ripbozo \ud83d\ude02 \ud83d\ude02\n|-damage|p1a: Ripbozo \ud83d\ude02 \ud83d\ude02|0 fnt\n|faint|p1a: Ripbozo \ud83d\ude02 \ud83d\ude02\n|\n|upkeep\n|\n|t:|1700426517\n|switch|p1a: FreePalestine\ud83c\uddf5\ud83c\uddf8|Corviknight, F|88\/100\n|-damage|p1a: FreePalestine\ud83c\uddf5\ud83c\uddf8|76\/100|[from] Stealth Rock\n|-ability|p1a: FreePalestine\ud83c\uddf5\ud83c\uddf8|Pressure\n|turn|58\n|\n|t:|1700426525\n|move|p2a: Zapdos Hater|Lash Out|p1a: FreePalestine\ud83c\uddf5\ud83c\uddf8\n|-damage|p1a: FreePalestine\ud83c\uddf5\ud83c\uddf8|45\/100\n|move|p1a: FreePalestine\ud83c\uddf5\ud83c\uddf8|U-turn|p2a: Zapdos Hater\n|-resisted|p2a: Zapdos Hater\n|-damage|p2a: Zapdos Hater|4\/100\n|l| SwabbyYabby\n|\n|t:|1700426530\n|switch|p1a: It's Joever|Clefable, F|93\/100|[from] U-turn\n|\n|upkeep\n|turn|59\n|\n|t:|1700426533\n|switch|p1a: FreePalestine\ud83c\uddf5\ud83c\uddf8|Corviknight, F|45\/100\n|-damage|p1a: FreePalestine\ud83c\uddf5\ud83c\uddf8|32\/100|[from] Stealth Rock\n|-ability|p1a: FreePalestine\ud83c\uddf5\ud83c\uddf8|Pressure\n|move|p2a: Zapdos Hater|Gunk Shot|p1a: FreePalestine\ud83c\uddf5\ud83c\uddf8\n|-immune|p1a: FreePalestine\ud83c\uddf5\ud83c\uddf8\n|\n|upkeep\n|turn|60\n|\n|t:|1700426543\n|move|p2a: Zapdos Hater|Lash Out|p1a: FreePalestine\ud83c\uddf5\ud83c\uddf8\n|-damage|p1a: FreePalestine\ud83c\uddf5\ud83c\uddf8|0 fnt\n|faint|p1a: FreePalestine\ud83c\uddf5\ud83c\uddf8\n|\n|upkeep\n|j| SwabbyYabby\n|\n|t:|1700426547\n|switch|p1a: It's Joever|Clefable, F|93\/100\n|turn|61\n|c| Skricksng|Trash\n|c|\u2606yyysneasel|you come to hate on another man's games lmaooo\n|c|\u2606yyysneasel|cuck life must be tough\n|\n|t:|1700426575\n|move|p1a: It's Joever|Protect|p1a: It's Joever\n|-singleturn|p1a: It's Joever|Protect\n|move|p2a: Zapdos Hater|Gunk Shot|p1a: It's Joever\n|-activate|p1a: It's Joever|move: Protect\n|\n|upkeep\n|turn|62\n|j| High Midgardsormr\n|\n|t:|1700426598\n|switch|p1a: Blissey|Blissey, F|81\/100\n|move|p2a: Zapdos Hater|Lash Out|p1a: Blissey\n|-damage|p1a: Blissey|36\/100\n|\n|upkeep\n|turn|63\n|j|@ken\n|j|%Links@!\n|\n|t:|1700426609\n|switch|p1a: It's Joever|Clefable, F|93\/100\n|move|p2a: Zapdos Hater|Lash Out|p1a: It's Joever\n|-resisted|p1a: It's Joever\n|-damage|p1a: It's Joever|77\/100\n|\n|upkeep\n|turn|64\n|\n|t:|1700426613\n|move|p1a: It's Joever|Protect|p1a: It's Joever\n|-singleturn|p1a: It's Joever|Protect\n|move|p2a: Zapdos Hater|Gunk Shot|p1a: It's Joever\n|-activate|p1a: It's Joever|move: Protect\n|\n|upkeep\n|turn|65\n|\n|t:|1700426618\n|move|p2a: Zapdos Hater|Lash Out|p1a: It's Joever\n|-resisted|p1a: It's Joever\n|-damage|p1a: It's Joever|60\/100\n|move|p1a: It's Joever|Wish|p1a: It's Joever\n|\n|upkeep\n|turn|66\n|\n|t:|1700426623\n|move|p2a: Zapdos Hater|Lash Out|p1a: It's Joever\n|-resisted|p1a: It's Joever\n|-damage|p1a: It's Joever|44\/100\n|move|p1a: It's Joever|Moonblast|p2a: Zapdos Hater\n|-damage|p2a: Zapdos Hater|0 fnt\n|faint|p2a: Zapdos Hater\n|\n|-heal|p1a: It's Joever|94\/100|[from] move: Wish|[wisher] It's Joever\n|upkeep\n|l| High Midgardsormr\n|\n|t:|1700426646\n|switch|p2a: flying fish|Walking Wake|21\/100\n|-damage|p2a: flying fish|9\/100|[from] Stealth Rock\n|turn|67\n|\n|t:|1700426650\n|move|p2a: flying fish|Scald|p1a: It's Joever\n|-damage|p1a: It's Joever|52\/100\n|-status|p1a: It's Joever|brn\n|move|p1a: It's Joever|Wish|p1a: It's Joever\n|\n|-damage|p1a: It's Joever|46\/100 brn|[from] brn\n|upkeep\n|turn|68\n|\n|t:|1700426656\n|move|p1a: It's Joever|Protect|p1a: It's Joever\n|-singleturn|p1a: It's Joever|Protect\n|move|p2a: flying fish|Scald|p1a: It's Joever\n|-activate|p1a: It's Joever|move: Protect\n|\n|-heal|p1a: It's Joever|96\/100 brn|[from] move: Wish|[wisher] It's Joever\n|-damage|p1a: It's Joever|90\/100 brn|[from] brn\n|upkeep\n|turn|69\n|\n|t:|1700426659\n|move|p2a: flying fish|Scald|p1a: It's Joever\n|-damage|p1a: It's Joever|49\/100 brn\n|move|p1a: It's Joever|Wish|p1a: It's Joever\n|\n|-damage|p1a: It's Joever|43\/100 brn|[from] brn\n|upkeep\n|turn|70\n|\n|t:|1700426664\n|move|p1a: It's Joever|Protect|p1a: It's Joever\n|-singleturn|p1a: It's Joever|Protect\n|move|p2a: flying fish|Scald|p1a: It's Joever\n|-activate|p1a: It's Joever|move: Protect\n|\n|-heal|p1a: It's Joever|93\/100 brn|[from] move: Wish|[wisher] It's Joever\n|-damage|p1a: It's Joever|87\/100 brn|[from] brn\n|upkeep\n|turn|71\n|l| SwabbyYabby\n|\n|t:|1700426666\n|move|p2a: flying fish|Scald|p1a: It's Joever\n|-damage|p1a: It's Joever|49\/100 brn\n|move|p1a: It's Joever|Wish|p1a: It's Joever\n|\n|-damage|p1a: It's Joever|43\/100 brn|[from] brn\n|upkeep\n|turn|72\n|\n|t:|1700426671\n|move|p1a: It's Joever|Protect|p1a: It's Joever\n|-singleturn|p1a: It's Joever|Protect\n|move|p2a: flying fish|Scald|p1a: It's Joever\n|-activate|p1a: It's Joever|move: Protect\n|\n|-heal|p1a: It's Joever|93\/100 brn|[from] move: Wish|[wisher] It's Joever\n|-damage|p1a: It's Joever|87\/100 brn|[from] brn\n|upkeep\n|turn|73\n|n|\u203dyyysneasel|yyysneasel\n|c|%Links|\/log yyysneasel was locked from talking by Links. (battle toxicity repeat offender)\n|\n|t:|1700426679\n|move|p2a: flying fish|Scald|p1a: It's Joever\n|-damage|p1a: It's Joever|49\/100 brn\n|move|p1a: It's Joever|Wish|p1a: It's Joever\n|\n|-damage|p1a: It's Joever|43\/100 brn|[from] brn\n|upkeep\n|turn|74\n|\n|t:|1700426683\n|move|p1a: It's Joever|Protect|p1a: It's Joever\n|-singleturn|p1a: It's Joever|Protect\n|move|p2a: flying fish|Scald|p1a: It's Joever\n|-activate|p1a: It's Joever|move: Protect\n|\n|-heal|p1a: It's Joever|93\/100 brn|[from] move: Wish|[wisher] It's Joever\n|-damage|p1a: It's Joever|87\/100 brn|[from] brn\n|upkeep\n|turn|75\n|\n|t:|1700426686\n|move|p2a: flying fish|Scald|p1a: It's Joever\n|-damage|p1a: It's Joever|46\/100 brn\n|move|p1a: It's Joever|Wish|p1a: It's Joever\n|\n|-damage|p1a: It's Joever|40\/100 brn|[from] brn\n|upkeep\n|turn|76\n|\n|t:|1700426690\n|move|p1a: It's Joever|Protect|p1a: It's Joever\n|-singleturn|p1a: It's Joever|Protect\n|move|p2a: flying fish|Scald|p1a: It's Joever\n|-activate|p1a: It's Joever|move: Protect\n|\n|-heal|p1a: It's Joever|90\/100 brn|[from] move: Wish|[wisher] It's Joever\n|-damage|p1a: It's Joever|84\/100 brn|[from] brn\n|upkeep\n|turn|77\n|\n|t:|1700426699\n|-terastallize|p1a: It's Joever|Fairy\n|move|p2a: flying fish|Scald|p1a: It's Joever\n|-damage|p1a: It's Joever|42\/100 brn\n|move|p1a: It's Joever|Wish|p1a: It's Joever\n|\n|-damage|p1a: It's Joever|36\/100 brn|[from] brn\n|upkeep\n|turn|78\n|\n|t:|1700426705\n|move|p1a: It's Joever|Protect|p1a: It's Joever\n|-singleturn|p1a: It's Joever|Protect\n|move|p2a: flying fish|Scald|p1a: It's Joever\n|-activate|p1a: It's Joever|move: Protect\n|\n|-heal|p1a: It's Joever|86\/100 brn|[from] move: Wish|[wisher] It's Joever\n|-damage|p1a: It's Joever|79\/100 brn|[from] brn\n|upkeep\n|turn|79\n|\n|t:|1700426709\n|move|p2a: flying fish|Scald|p1a: It's Joever\n|-crit|p1a: It's Joever\n|-damage|p1a: It's Joever|19\/100 brn\n|move|p1a: It's Joever|Moonblast|p2a: flying fish\n|-supereffective|p2a: flying fish\n|-damage|p2a: flying fish|0 fnt\n|faint|p2a: flying fish\n|-end|p2a: flying fish|Protosynthesis|[silent]\n|\n|-damage|p1a: It's Joever|13\/100 brn|[from] brn\n|upkeep\n|\n|t:|1700426729\n|switch|p2a: support mon|Kingambit, M|70\/100\n|-damage|p2a: support mon|63\/100|[from] Stealth Rock\n|-activate|p2a: support mon|ability: Supreme Overlord\n|-start|p2a: support mon|fallen4|[silent]\n|turn|80\n|\n|t:|1700426739\n|move|p1a: It's Joever|Moonblast|p2a: support mon\n|-damage|p2a: support mon|21\/100\n|move|p2a: support mon|Kowtow Cleave|p1a: It's Joever\n|-resisted|p1a: It's Joever\n|-damage|p1a: It's Joever|0 fnt\n|faint|p1a: It's Joever\n|\n|upkeep\n|\n|t:|1700426742\n|switch|p1a: Blissey|Blissey, F|36\/100\n|turn|81\n|l|%Links\n|\n|t:|1700426752\n|move|p1a: Blissey|Soft-Boiled|p1a: Blissey\n|-heal|p1a: Blissey|86\/100\n|move|p2a: support mon|Kowtow Cleave|p1a: Blissey\n|-damage|p1a: Blissey|9\/100\n|\n|upkeep\n|turn|82\n|\n|t:|1700426761\n|move|p2a: support mon|Sucker Punch|p1a: Blissey\n|-damage|p1a: Blissey|0 fnt\n|faint|p1a: Blissey\n|\n|win|judgementcore\n|raw|yyysneasel's rating: 1763 &rarr; <strong>1740<\/strong><br \/>(-23 for losing)\n|raw|judgementcore's rating: 1711 &rarr; <strong>1734<\/strong><br \/>(+23 for winning)\n|j| TurquoiseLink\n|l|\u203dyyysneasel\n|c|\u2606judgementcore|gg\n|l|@ken\n|l| miyazawa yuana\n|l| cal\n|c|\u2606judgementcore|stall broken by HO\n|l| FatherSuperior7\n","uploadtime":1700426596,"views":23,"p1id":"yyysneasel","p2id":"judgementcore","formatid":"gen9ou","rating":1734,"private":0,"password":""}