{"id":"gen9ou-1994163465","p1":"Pyrophobia","p2":"pierpat","format":"[Gen 9] OU","log":"|j|\u2606Pyrophobia\n|j|\u2606pierpat\n|t:|1700414221\n|gametype|singles\n|player|p1|Pyrophobia|266|1600\n|player|p2|pierpat|1|1532\n|teamsize|p1|6\n|teamsize|p2|6\n|gen|9\n|tier|[Gen 9] OU\n|rated|\n|rule|Sleep Clause Mod: Limit one foe put to sleep\n|rule|Species Clause: Limit one of each Pok\u00e9mon\n|rule|OHKO Clause: OHKO moves are banned\n|rule|Evasion Items Clause: Evasion items are banned\n|rule|Evasion Moves Clause: Evasion moves are banned\n|rule|Endless Battle Clause: Forcing endless battles is banned\n|rule|HP Percentage Mod: HP is shown in percentages\n|clearpoke\n|poke|p1|Alomomola, F|\n|poke|p1|Ogerpon-Wellspring, F|\n|poke|p1|Scizor, F|\n|poke|p1|Cinderace, M|\n|poke|p1|Slowking-Galar, M|\n|poke|p1|Ting-Lu|\n|poke|p2|Kommo-o, M|\n|poke|p2|Kingambit, M|\n|poke|p2|Iron Valiant|\n|poke|p2|Gholdengo|\n|poke|p2|Sandy Shocks|\n|poke|p2|Dragonite, M|\n|teampreview\n|inactive|Battle timer is ON: inactive players will automatically lose when time's up. (requested by pierpat)\n|\n|t:|1700414234\n|start\n|switch|p1a: Ting-Lu|Ting-Lu|100\/100\n|switch|p2a: Sandy Shocks|Sandy Shocks|100\/100\n|-ability|p1a: Ting-Lu|Vessel of Ruin\n|-enditem|p2a: Sandy Shocks|Booster Energy\n|-activate|p2a: Sandy Shocks|ability: Protosynthesis|[fromitem]\n|-start|p2a: Sandy Shocks|protosynthesisspe\n|turn|1\n|\n|t:|1700414243\n|move|p2a: Sandy Shocks|Stealth Rock|p1a: Ting-Lu\n|-sidestart|p1: Pyrophobia|move: Stealth Rock\n|move|p1a: Ting-Lu|Earthquake|p2a: Sandy Shocks\n|-supereffective|p2a: Sandy Shocks\n|-damage|p2a: Sandy Shocks|0 fnt\n|faint|p2a: Sandy Shocks\n|-end|p2a: Sandy Shocks|Protosynthesis|[silent]\n|\n|upkeep\n|\n|t:|1700414264\n|switch|p2a: Iron Valiant|Iron Valiant|100\/100\n|-enditem|p2a: Iron Valiant|Booster Energy\n|-activate|p2a: Iron Valiant|ability: Quark Drive|[fromitem]\n|-start|p2a: Iron Valiant|quarkdrivespe\n|turn|2\n|\n|t:|1700414269\n|move|p2a: Iron Valiant|Moonblast|p1a: Ting-Lu\n|-supereffective|p1a: Ting-Lu\n|-damage|p1a: Ting-Lu|41\/100\n|move|p1a: Ting-Lu|Earthquake|p2a: Iron Valiant\n|-damage|p2a: Iron Valiant|0 fnt\n|faint|p2a: Iron Valiant\n|-end|p2a: Iron Valiant|Quark Drive|[silent]\n|\n|upkeep\n|c|\u2606pierpat|is that choice band\n|c|\u2606Pyrophobia|Yeah lol\n|\n|t:|1700414291\n|switch|p2a: Kommo-o|Kommo-o, M|100\/100\n|turn|3\n|c|\u2606pierpat|Lmao\n|c|\u2606pierpat|Love it\n|\n|t:|1700414298\n|move|p2a: Kommo-o|Clangorous Soul|p2a: Kommo-o\n|-boost|p2a: Kommo-o|atk|1\n|-boost|p2a: Kommo-o|def|1\n|-boost|p2a: Kommo-o|spa|1\n|-boost|p2a: Kommo-o|spd|1\n|-boost|p2a: Kommo-o|spe|1\n|-damage|p2a: Kommo-o|68\/100\n|move|p1a: Ting-Lu|Earthquake|p2a: Kommo-o\n|-damage|p2a: Kommo-o|15\/100\n|\n|-heal|p2a: Kommo-o|21\/100|[from] item: Leftovers\n|upkeep\n|turn|4\n|\n|t:|1700414308\n|switch|p1a: Slowking|Slowking-Galar, M|100\/100\n|move|p2a: Kommo-o|Drain Punch|p1a: Slowking\n|-resisted|p1a: Slowking\n|-damage|p1a: Slowking|86\/100\n|-heal|p2a: Kommo-o|31\/100|[from] drain|[of] p1a: Slowking\n|\n|-heal|p2a: Kommo-o|37\/100|[from] item: Leftovers\n|upkeep\n|turn|5\n|\n|t:|1700414314\n|move|p2a: Kommo-o|Earthquake|p1a: Slowking\n|-supereffective|p1a: Slowking\n|-damage|p1a: Slowking|0 fnt\n|faint|p1a: Slowking\n|\n|-heal|p2a: Kommo-o|43\/100|[from] item: Leftovers\n|upkeep\n|\n|t:|1700414320\n|switch|p1a: Cinderace|Cinderace, M|100\/100\n|-damage|p1a: Cinderace|76\/100|[from] Stealth Rock\n|turn|6\n|\n|t:|1700414326\n|-terastallize|p1a: Cinderace|Flying\n|move|p2a: Kommo-o|Drain Punch|p1a: Cinderace\n|-resisted|p1a: Cinderace\n|-damage|p1a: Cinderace|38\/100\n|-heal|p2a: Kommo-o|63\/100|[from] drain|[of] p1a: Cinderace\n|-enditem|p1a: Cinderace|Sitrus Berry|[eat]\n|-heal|p1a: Cinderace|63\/100|[from] item: Sitrus Berry\n|move|p1a: Cinderace|Acrobatics|p2a: Kommo-o\n|-supereffective|p2a: Kommo-o\n|-damage|p2a: Kommo-o|0 fnt\n|faint|p2a: Kommo-o\n|\n|upkeep\n|\n|t:|1700414341\n|switch|p2a: Dragonite|Dragonite, M|100\/100\n|turn|7\n|\n|t:|1700414345\n|move|p1a: Cinderace|Acrobatics|p2a: Dragonite\n|-damage|p2a: Dragonite|71\/100\n|move|p2a: Dragonite|Dragon Dance|p2a: Dragonite\n|-boost|p2a: Dragonite|atk|1\n|-boost|p2a: Dragonite|spe|1\n|\n|upkeep\n|turn|8\n|\n|t:|1700414352\n|switch|p1a: Alomomola|Alomomola, F|100\/100\n|move|p2a: Dragonite|Extreme Speed|p1a: Alomomola\n|-damage|p1a: Alomomola|77\/100\n|\n|upkeep\n|turn|9\n|\n|t:|1700414359\n|move|p2a: Dragonite|Dragon Dance|p2a: Dragonite\n|-boost|p2a: Dragonite|atk|1\n|-boost|p2a: Dragonite|spe|1\n|move|p1a: Alomomola|Scald|p2a: Dragonite\n|-resisted|p2a: Dragonite\n|-damage|p2a: Dragonite|63\/100\n|-status|p2a: Dragonite|brn\n|\n|-damage|p2a: Dragonite|57\/100 brn|[from] brn\n|upkeep\n|turn|10\n|\n|t:|1700414366\n|move|p2a: Dragonite|Earthquake|p1a: Alomomola\n|-damage|p1a: Alomomola|56\/100\n|move|p1a: Alomomola|Flip Turn|p2a: Dragonite\n|-resisted|p2a: Dragonite\n|-damage|p2a: Dragonite|48\/100 brn\n|\n|t:|1700414369\n|switch|p1a: Scizor|Scizor, F|100\/100|[from] Flip Turn\n|\n|-damage|p2a: Dragonite|42\/100 brn|[from] brn\n|upkeep\n|turn|11\n|\n|t:|1700414376\n|move|p2a: Dragonite|Extreme Speed|p1a: Scizor\n|-resisted|p1a: Scizor\n|-damage|p1a: Scizor|85\/100\n|move|p1a: Scizor|Defog|p2a: Dragonite\n|-unboost|p2a: Dragonite|evasion|1\n|-sideend|p1: Pyrophobia|Stealth Rock|[from] move: Defog|[of] p1a: Scizor\n|\n|-damage|p2a: Dragonite|36\/100 brn|[from] brn\n|upkeep\n|turn|12\n|\n|t:|1700414384\n|move|p2a: Dragonite|Extreme Speed|p1a: Scizor\n|-resisted|p1a: Scizor\n|-damage|p1a: Scizor|70\/100\n|move|p1a: Scizor|Bullet Punch|p2a: Dragonite\n|-damage|p2a: Dragonite|0 fnt\n|faint|p2a: Dragonite\n|\n|upkeep\n|\n|t:|1700414391\n|switch|p2a: Gholdengo|Gholdengo|100\/100\n|-item|p2a: Gholdengo|Air Balloon\n|turn|13\n|\n|t:|1700414397\n|move|p2a: Gholdengo|Shadow Ball|p1a: Scizor\n|-damage|p1a: Scizor|13\/100\n|move|p1a: Scizor|Knock Off|p2a: Gholdengo\n|-supereffective|p2a: Gholdengo\n|-damage|p2a: Gholdengo|21\/100\n|-enditem|p2a: Gholdengo|Air Balloon\n|\n|upkeep\n|turn|14\n|\n|t:|1700414401\n|move|p1a: Scizor|Bullet Punch|p2a: Gholdengo\n|-resisted|p2a: Gholdengo\n|-crit|p2a: Gholdengo\n|-damage|p2a: Gholdengo|0 fnt\n|faint|p2a: Gholdengo\n|\n|upkeep\n|\n|t:|1700414402\n|switch|p2a: Kingambit|Kingambit, M|100\/100\n|-activate|p2a: Kingambit|ability: Supreme Overlord\n|-start|p2a: Kingambit|fallen5|[silent]\n|turn|15\n|\n|t:|1700414405\n|move|p2a: Kingambit|Swords Dance|p2a: Kingambit\n|-boost|p2a: Kingambit|atk|2\n|move|p1a: Scizor|U-turn|p2a: Kingambit\n|-damage|p2a: Kingambit|67\/100\n|\n|t:|1700414410\n|switch|p1a: Ting-Lu|Ting-Lu|41\/100|[from] U-turn\n|-ability|p1a: Ting-Lu|Vessel of Ruin\n|\n|upkeep\n|turn|16\n|\n|t:|1700414418\n|move|p2a: Kingambit|Iron Head|p1a: Ting-Lu\n|-damage|p1a: Ting-Lu|0 fnt\n|faint|p1a: Ting-Lu\n|\n|upkeep\n|\n|t:|1700414421\n|switch|p1a: Cinderace|Cinderace, M, tera:Flying|63\/100\n|turn|17\n|\n|t:|1700414426\n|move|p2a: Kingambit|Sucker Punch||[still]\n|-fail|p2a: Kingambit\n|move|p1a: Cinderace|Bulk Up|p1a: Cinderace\n|-boost|p1a: Cinderace|atk|1\n|-boost|p1a: Cinderace|def|1\n|\n|upkeep\n|turn|18\n|\n|t:|1700414431\n|-terastallize|p2a: Kingambit|Flying\n|move|p1a: Cinderace|High Jump Kick|p2a: Kingambit\n|-resisted|p2a: Kingambit\n|-damage|p2a: Kingambit|39\/100\n|move|p2a: Kingambit|Kowtow Cleave|p1a: Cinderace\n|-damage|p1a: Cinderace|0 fnt\n|faint|p1a: Cinderace\n|\n|upkeep\n|\n|t:|1700414439\n|switch|p1a: Scizor|Scizor, F|13\/100\n|turn|19\n|\n|t:|1700414443\n|move|p1a: Scizor|Bullet Punch|p2a: Kingambit\n|-damage|p2a: Kingambit|7\/100\n|move|p2a: Kingambit|Iron Head|p1a: Scizor\n|-resisted|p1a: Scizor\n|-damage|p1a: Scizor|0 fnt\n|faint|p1a: Scizor\n|\n|upkeep\n|\n|t:|1700414448\n|switch|p1a: Alomomola|Alomomola, F|90\/100\n|turn|20\n|\n|t:|1700414451\n|move|p2a: Kingambit|Kowtow Cleave|p1a: Alomomola\n|-damage|p1a: Alomomola|0 fnt\n|faint|p1a: Alomomola\n|\n|upkeep\n|\n|t:|1700414454\n|switch|p1a: Ogerpon|Ogerpon-Wellspring, F|100\/100\n|turn|21\n|\n|t:|1700414457\n|move|p2a: Kingambit|Sucker Punch|p1a: Ogerpon\n|-damage|p1a: Ogerpon|0 fnt\n|faint|p1a: Ogerpon\n|\n|win|pierpat\n|raw|Pyrophobia's rating: 1600 &rarr; <strong>1576<\/strong><br \/>(-24 for losing)\n|raw|pierpat's rating: 1532 &rarr; <strong>1556<\/strong><br \/>(+24 for winning)\n|l|\u2606Pyrophobia\n","uploadtime":1700414474,"views":18,"p1id":"pyrophobia","p2id":"pierpat","formatid":"gen9ou","rating":1556,"private":0,"password":""}