{"id":"gen9ou-1992518619","p1":"evin","p2":"Charmalane","format":"[Gen 9] OU","log":"|j|\u2606evin\n|j|\u2606Charmalane\n|t:|1700198441\n|gametype|singles\n|player|p1|evin|102|1412\n|player|p2|Charmalane|brawly|1511\n|teamsize|p1|6\n|teamsize|p2|6\n|gen|9\n|tier|[Gen 9] OU\n|rated|\n|rule|Sleep Clause Mod: Limit one foe put to sleep\n|rule|Species Clause: Limit one of each Pok\u00e9mon\n|rule|OHKO Clause: OHKO moves are banned\n|rule|Evasion Items Clause: Evasion items are banned\n|rule|Evasion Moves Clause: Evasion moves are banned\n|rule|Endless Battle Clause: Forcing endless battles is banned\n|rule|HP Percentage Mod: HP is shown in percentages\n|clearpoke\n|poke|p1|Ambipom, F|\n|poke|p1|Weavile, M|\n|poke|p1|Gholdengo|\n|poke|p1|Weezing-Galar, M|\n|poke|p1|Ting-Lu|\n|poke|p1|Sinistcha|\n|poke|p2|Dragapult, M|\n|poke|p2|Enamorus, F|\n|poke|p2|Samurott-Hisui, M|\n|poke|p2|Ursaluna, M|\n|poke|p2|Slowking-Galar, M|\n|poke|p2|Iron Treads|\n|teampreview\n|\n|t:|1700198471\n|start\n|switch|p1a: Weavile|Weavile, M|100\/100\n|switch|p2a: Androidon|Iron Treads|100\/100\n|-ability|p1a: Weavile|Pressure\n|turn|1\n|\n|t:|1700198484\n|move|p1a: Weavile|Swords Dance|p1a: Weavile\n|-boost|p1a: Weavile|atk|2\n|move|p2a: Androidon|Stealth Rock|p1a: Weavile\n|-sidestart|p1: evin|move: Stealth Rock\n|\n|upkeep\n|turn|2\n|\n|t:|1700198495\n|move|p1a: Weavile|Fling|p2a: Androidon\n|-damage|p2a: Androidon|24\/100\n|-enditem|p1a: Weavile|Big Nugget|[from] move: Fling\n|move|p2a: Androidon|Earthquake|p1a: Weavile\n|-damage|p1a: Weavile|39\/100\n|\n|-heal|p2a: Androidon|30\/100|[from] item: Leftovers\n|upkeep\n|turn|3\n|\n|t:|1700198511\n|move|p1a: Weavile|Icicle Crash|p2a: Androidon\n|-damage|p2a: Androidon|0 fnt\n|faint|p2a: Androidon\n|-end|p2a: Androidon|Quark Drive|[silent]\n|\n|upkeep\n|inactive|Battle timer is ON: inactive players will automatically lose when time's up. (requested by evin)\n|\n|t:|1700198545\n|switch|p2a: Sheru|Samurott-Hisui, M|100\/100\n|turn|4\n|inactive|Charmalane has 120 seconds left.\n|\n|t:|1700198589\n|move|p1a: Weavile|Icicle Crash|p2a: Sheru\n|-resisted|p2a: Sheru\n|-damage|p2a: Sheru|50\/100\n|move|p2a: Sheru|Ceaseless Edge|p1a: Weavile\n|-resisted|p1a: Weavile\n|-damage|p1a: Weavile|4\/100\n|-sidestart|p1: evin|Spikes\n|\n|upkeep\n|turn|5\n|\n|t:|1700198598\n|move|p1a: Weavile|Ice Shard|p2a: Sheru\n|-resisted|p2a: Sheru\n|-damage|p2a: Sheru|26\/100\n|move|p2a: Sheru|Aqua Jet|p1a: Weavile\n|-damage|p1a: Weavile|0 fnt\n|faint|p1a: Weavile\n|\n|upkeep\n|\n|t:|1700198605\n|switch|p1a: Weezing|Weezing-Galar, M|100\/100\n|-ability|p1a: Weezing|Neutralizing Gas\n|-damage|p1a: Weezing|88\/100|[from] Stealth Rock\n|-item|p1a: Weezing|Air Balloon\n|turn|6\n|\n|t:|1700198616\n|move|p2a: Sheru|Razor Shell|p1a: Weezing\n|-damage|p1a: Weezing|60\/100\n|-unboost|p1a: Weezing|def|1\n|-enditem|p1a: Weezing|Air Balloon\n|move|p1a: Weezing|Defog|p2a: Sheru\n|-unboost|p2a: Sheru|evasion|1\n|-sideend|p1: evin|Spikes|[from] move: Defog|[of] p1a: Weezing\n|-sideend|p1: evin|Stealth Rock|[from] move: Defog|[of] p1a: Weezing\n|\n|upkeep\n|turn|7\n|\n|t:|1700198624\n|move|p2a: Sheru|Razor Shell|p1a: Weezing\n|-damage|p1a: Weezing|23\/100\n|move|p1a: Weezing|Strange Steam|p2a: Sheru\n|-supereffective|p2a: Sheru\n|-damage|p2a: Sheru|0 fnt\n|faint|p2a: Sheru\n|\n|upkeep\n|\n|t:|1700198637\n|switch|p2a: Banjo|Ursaluna, M|100\/100\n|turn|8\n|inactive|Charmalane has 120 seconds left.\n|\n|t:|1700198674\n|-end|p1a: Weezing|ability: Neutralizing Gas\n|switch|p1a: Sinistcha|Sinistcha|100\/100\n|move|p2a: Banjo|Fire Punch|p1a: Sinistcha\n|-supereffective|p1a: Sinistcha\n|-damage|p1a: Sinistcha|71\/100\n|\n|-status|p2a: Banjo|brn|[from] item: Flame Orb\n|upkeep\n|turn|9\n|\n|t:|1700198680\n|move|p1a: Sinistcha|Matcha Gotcha|p2a: Banjo\n|-supereffective|p2a: Banjo\n|-damage|p2a: Banjo|23\/100 brn\n|-heal|p1a: Sinistcha|100\/100|[from] drain|[of] p2a: Banjo\n|move|p2a: Banjo|Fire Punch|p1a: Sinistcha\n|-supereffective|p1a: Sinistcha\n|-damage|p1a: Sinistcha|61\/100\n|\n|-damage|p2a: Banjo|17\/100 brn|[from] brn\n|upkeep\n|turn|10\n|\n|t:|1700198693\n|switch|p2a: Nautilus|Slowking-Galar, M|100\/100\n|move|p1a: Sinistcha|Matcha Gotcha|p2a: Nautilus\n|-resisted|p2a: Nautilus\n|-damage|p2a: Nautilus|91\/100\n|-heal|p1a: Sinistcha|66\/100|[from] drain|[of] p2a: Nautilus\n|\n|upkeep\n|turn|11\n|\n|t:|1700198700\n|move|p1a: Sinistcha|Shadow Ball|p2a: Nautilus\n|-supereffective|p2a: Nautilus\n|-damage|p2a: Nautilus|50\/100\n|-unboost|p2a: Nautilus|spd|1\n|move|p2a: Nautilus|Future Sight|p1a: Sinistcha\n|-start|p2a: Nautilus|move: Future Sight\n|\n|upkeep\n|turn|12\n|\n|t:|1700198709\n|switch|p2a: Boa|Enamorus, F|100\/100\n|move|p1a: Sinistcha|Matcha Gotcha|p2a: Boa\n|-resisted|p2a: Boa\n|-damage|p2a: Boa|68\/100\n|-heal|p1a: Sinistcha|80\/100|[from] drain|[of] p2a: Boa\n|\n|upkeep\n|turn|13\n|inactive|Charmalane has 120 seconds left.\n|\n|t:|1700198721\n|switch|p1a: Ting-Lu|Ting-Lu|100\/100\n|-ability|p1a: Ting-Lu|Vessel of Ruin\n|move|p2a: Boa|Mystical Fire|p1a: Ting-Lu\n|-damage|p1a: Ting-Lu|87\/100\n|-unboost|p1a: Ting-Lu|spa|1\n|\n|-end|p1a: Ting-Lu|move: Future Sight\n|-immune|p1a: Ting-Lu\n|-heal|p1a: Ting-Lu|93\/100|[from] item: Leftovers\n|upkeep\n|turn|14\n|inactive|Charmalane has 120 seconds left.\n|\n|t:|1700198734\n|switch|p2a: Diplo|Dragapult, M|100\/100\n|move|p1a: Ting-Lu|Spikes|p2a: Diplo\n|-sidestart|p2: Charmalane|Spikes\n|\n|-heal|p1a: Ting-Lu|99\/100|[from] item: Leftovers\n|upkeep\n|turn|15\n|\n|t:|1700198737\n|move|p2a: Diplo|U-turn|p1a: Ting-Lu\n|-supereffective|p1a: Ting-Lu\n|-damage|p1a: Ting-Lu|81\/100\n|\n|t:|1700198740\n|switch|p2a: Boa|Enamorus, F|68\/100|[from] U-turn\n|move|p1a: Ting-Lu|Stealth Rock|p2a: Boa\n|-sidestart|p2: Charmalane|move: Stealth Rock\n|\n|-heal|p1a: Ting-Lu|87\/100|[from] item: Leftovers\n|upkeep\n|turn|16\n|\n|t:|1700198749\n|move|p2a: Boa|Healing Wish|p2a: Boa\n|faint|p2a: Boa\n|move|p1a: Ting-Lu|Spikes|p2: Boa\n|-sidestart|p2: Charmalane|Spikes\n|\n|-heal|p1a: Ting-Lu|93\/100|[from] item: Leftovers\n|upkeep\n|\n|t:|1700198752\n|switch|p2a: Banjo|Ursaluna, M|17\/100 brn\n|-heal|p2a: Banjo|100\/100|[from] move: Healing Wish\n|-damage|p2a: Banjo|84\/100|[from] Spikes\n|-damage|p2a: Banjo|78\/100|[from] Stealth Rock\n|turn|17\n|\n|t:|1700198764\n|move|p2a: Banjo|Close Combat|p1a: Ting-Lu\n|-supereffective|p1a: Ting-Lu\n|-damage|p1a: Ting-Lu|39\/100\n|-unboost|p2a: Banjo|def|1\n|-unboost|p2a: Banjo|spd|1\n|move|p1a: Ting-Lu|Spikes|p2a: Banjo\n|-sidestart|p2: Charmalane|Spikes\n|\n|-heal|p1a: Ting-Lu|45\/100|[from] item: Leftovers\n|-status|p2a: Banjo|brn|[from] item: Flame Orb\n|upkeep\n|turn|18\n|\n|t:|1700198777\n|switch|p1a: Weezing|Weezing-Galar, M|23\/100\n|-ability|p1a: Weezing|Neutralizing Gas\n|move|p2a: Banjo|Facade|p1a: Weezing\n|-damage|p1a: Weezing|0 fnt\n|faint|p1a: Weezing\n|-end|p1a: Weezing|ability: Neutralizing Gas\n|\n|-damage|p2a: Banjo|72\/100 brn|[from] brn\n|upkeep\n|\n|t:|1700198783\n|switch|p1a: Ambipom|Ambipom, F|100\/100\n|turn|19\n|\n|t:|1700198793\n|switch|p2a: Diplo|Dragapult, M|100\/100\n|-damage|p2a: Diplo|76\/100|[from] Spikes\n|-damage|p2a: Diplo|63\/100|[from] Stealth Rock\n|move|p1a: Ambipom|Knock Off|p2a: Diplo\n|-supereffective|p2a: Diplo\n|-crit|p2a: Diplo\n|-damage|p2a: Diplo|0 fnt\n|-enditem|p2a: Diplo|Choice Specs|[from] move: Knock Off|[of] p1a: Ambipom\n|faint|p2a: Diplo\n|-damage|p1a: Ambipom|91\/100|[from] item: Life Orb\n|\n|upkeep\n|\n|t:|1700198800\n|switch|p2a: Banjo|Ursaluna, M|72\/100 brn\n|-damage|p2a: Banjo|47\/100 brn|[from] Spikes\n|-damage|p2a: Banjo|41\/100 brn|[from] Stealth Rock\n|turn|20\n|\n|t:|1700198807\n|move|p1a: Ambipom|Low Kick|p2a: Banjo\n|-supereffective|p2a: Banjo\n|-crit|p2a: Banjo\n|-damage|p2a: Banjo|0 fnt\n|faint|p2a: Banjo\n|-damage|p1a: Ambipom|81\/100|[from] item: Life Orb\n|\n|upkeep\n|\n|t:|1700198810\n|switch|p2a: Nautilus|Slowking-Galar, M|84\/100\n|-damage|p2a: Nautilus|59\/100|[from] Spikes\n|-damage|p2a: Nautilus|46\/100|[from] Stealth Rock\n|turn|21\n|-message|Charmalane forfeited.\n|\n|win|evin\n|raw|evin's rating: 1412 &rarr; <strong>1438<\/strong><br \/>(+26 for winning)\n|raw|Charmalane's rating: 1511 &rarr; <strong>1485<\/strong><br \/>(-26 for losing)\n","uploadtime":1700198816,"views":7,"p1id":"evin","p2id":"charmalane","formatid":"gen9ou","rating":1438,"private":0,"password":""}