{"id":"gen9ou-1988547592","p1":"freebird88","p2":"BuffYoda21","format":"[Gen 9] OU","log":"|j|\u2606freebird88\n|j|\u2606BuffYoda21\n|inactive|Battle timer is ON: inactive players will automatically lose when time's up.\n|t:|1699734747\n|gametype|singles\n|player|p1|freebird88|clown|\n|player|p2|BuffYoda21|hiker-gen4|\n|teamsize|p1|4\n|teamsize|p2|4\n|gen|9\n|tier|[Gen 9] OU\n|rated|Tournament battle\n|rule|Sleep Clause Mod: Limit one foe put to sleep\n|rule|Species Clause: Limit one of each Pok\u00e9mon\n|rule|OHKO Clause: OHKO moves are banned\n|rule|Evasion Items Clause: Evasion items are banned\n|rule|Evasion Moves Clause: Evasion moves are banned\n|rule|Endless Battle Clause: Forcing endless battles is banned\n|rule|HP Percentage Mod: HP is shown in percentages\n|clearpoke\n|poke|p1|Glimmet, M|\n|poke|p1|Mandibuzz, F|\n|poke|p1|Meowth, F|\n|poke|p1|Fraxure, F|\n|poke|p2|Toxapex, M|\n|poke|p2|Litleo, F|\n|poke|p2|Amoonguss, F|\n|poke|p2|Froakie, M|\n|teampreview\n|j|*Lady Monita \u2746\n|j| DreamyFleur\n|j| Playering\n|j| Foosyyy\n|\n|t:|1699734768\n|start\n|switch|p1a: Glimmet|Glimmet, M|100\/100\n|switch|p2a: Litleo|Litleo, F|100\/100\n|turn|1\n|c| Foosyyy|nahhh\n|j| SighofEnd\n|c| Foosyyy|this mf a troll\n|c| SighofEnd|glhf\n|c|\u2606freebird88|u2\n|c| SighofEnd|you took my advice, BuffYoda21\n|\n|t:|1699734788\n|switch|p2a: Froakie|Froakie, M|100\/100\n|move|p1a: Glimmet|Stealth Rock|p2a: Froakie\n|-sidestart|p2: BuffYoda21|move: Stealth Rock\n|\n|upkeep\n|turn|2\n|c|\u2606BuffYoda21|Lol\n|\n|t:|1699734798\n|move|p2a: Froakie|Spikes|p1a: Glimmet\n|-start|p2a: Froakie|typechange|Ground|[from] ability: Protean\n|-sidestart|p1: freebird88|Spikes\n|move|p1a: Glimmet|Spikes|p2a: Froakie\n|-sidestart|p2: BuffYoda21|Spikes\n|\n|upkeep\n|turn|3\n|c| SighofEnd|now time for another 100 turn game\n|\n|t:|1699734807\n|move|p2a: Froakie|Hydro Pump|p1a: Glimmet\n|-supereffective|p1a: Glimmet\n|-damage|p1a: Glimmet|34\/100\n|move|p1a: Glimmet|Spikes|p2a: Froakie\n|-sidestart|p2: BuffYoda21|Spikes\n|\n|upkeep\n|turn|4\n|c| Foosyyy|fr\n|c| DreamyFleur|i think evolving it was the best choice\n|\n|t:|1699734813\n|move|p2a: Froakie|Hydro Pump|p1a: Glimmet\n|-supereffective|p1a: Glimmet\n|-damage|p1a: Glimmet|0 fnt\n|faint|p1a: Glimmet\n|\n|upkeep\n|\n|t:|1699734827\n|switch|p1a: Meowth|Meowth, F|100\/100\n|-damage|p1a: Meowth|88\/100|[from] Spikes\n|turn|5\n|c| Foosyyy|evolve litleo next icl\n|\n|t:|1699734834\n|move|p1a: Meowth|Fake Out|p2a: Froakie\n|-enditem|p1a: Meowth|Normal Gem|[from] gem\n|-damage|p2a: Froakie|30\/100\n|cant|p2a: Froakie|flinch\n|\n|-heal|p2a: Froakie|36\/100|[from] item: Leftovers\n|upkeep\n|turn|6\n|c|\u2606BuffYoda21|Ooh normal gem\n|c|\u2606BuffYoda21|didnt think of that\n|c| SighofEnd|pretty cool idea\n|\n|t:|1699734857\n|move|p1a: Meowth|U-turn|p2a: Froakie\n|-damage|p2a: Froakie|0 fnt\n|faint|p2a: Froakie\n|\n|t:|1699734861\n|switch|p1a: Mandibuzz|Mandibuzz, F|100\/100|[from] U-turn\n|\n|upkeep\n|c| SighofEnd|miss the other gens tho\n|c| DreamyFleur|if only meowth got acrobatics like aipom\n|c| Playering|wow meowth is fast 90 base speed?\n|c| SighofEnd|gems*\n|\n|t:|1699734872\n|switch|p2a: Toxapex|Toxapex, M|100\/100\n|-damage|p2a: Toxapex|88\/100|[from] Stealth Rock\n|-damage|p2a: Toxapex|72\/100|[from] Spikes\n|turn|7\n|c| SighofEnd|flying gem boosted acrobatics\n|c| SighofEnd|how terrifying\n|c| Foosyyy|isnt that worse\n|\n|t:|1699734893\n|move|p1a: Mandibuzz|Protect|p1a: Mandibuzz\n|-singleturn|p1a: Mandibuzz|Protect\n|move|p2a: Toxapex|Toxic|p1a: Mandibuzz\n|-activate|p1a: Mandibuzz|move: Protect\n|\n|-heal|p2a: Toxapex|78\/100|[from] item: Black Sludge\n|upkeep\n|turn|8\n|c| DreamyFleur|i dont think it works like that\n|c| Foosyyy|yeah...\n|c| SighofEnd|Yeah Ik\n|\n|t:|1699734902\n|-terastallize|p1a: Mandibuzz|Steel\n|move|p2a: Toxapex|Toxic|p1a: Mandibuzz\n|-immune|p1a: Mandibuzz\n|move|p1a: Mandibuzz|Whirlwind|p2a: Toxapex\n|drag|p2a: Litleo|Litleo, F|100\/100\n|-damage|p2a: Litleo|76\/100|[from] Stealth Rock\n|-damage|p2a: Litleo|59\/100|[from] Spikes\n|\n|upkeep\n|turn|9\n|c| SighofEnd|it's a joke\n|c|\u2606BuffYoda21|Oh shoot\n|c| DreamyFleur|but im not sure honestly\n|c|\u2606BuffYoda21|steel tera\n|c|\u2606BuffYoda21|my arch nemesis\n|inactive|BuffYoda21 has 120 seconds left.\n|c| Foosyyy|this is why u run overheat\n|\n|t:|1699734937\n|switch|p1a: Fraxure|Fraxure, F|100\/100\n|-damage|p1a: Fraxure|88\/100|[from] Spikes\n|-ability|p1a: Fraxure|Mold Breaker\n|move|p2a: Litleo|Fire Blast|p1a: Fraxure\n|-resisted|p1a: Fraxure\n|-damage|p1a: Fraxure|67\/100\n|\n|upkeep\n|turn|10\n|c| Foosyyy|frfrfrfr\n|inactive|BuffYoda21 has 120 seconds left.\n|\n|t:|1699734951\n|switch|p2a: Amoonguss|Amoonguss, F|100\/100\n|-damage|p2a: Amoonguss|88\/100|[from] Stealth Rock\n|-damage|p2a: Amoonguss|71\/100|[from] Spikes\n|move|p1a: Fraxure|Dragon Dance|p1a: Fraxure\n|-boost|p1a: Fraxure|atk|1\n|-boost|p1a: Fraxure|spe|1\n|\n|-heal|p2a: Amoonguss|78\/100|[from] item: Black Sludge\n|upkeep\n|turn|11\n|inactive|BuffYoda21 has 120 seconds left.\n|\n|t:|1699734964\n|move|p1a: Fraxure|Outrage|p2a: Amoonguss\n|-damage|p2a: Amoonguss|0 fnt\n|faint|p2a: Amoonguss\n|\n|upkeep\n|c| DreamyFleur|wallbreaker fraxure incoming\n|inactive|BuffYoda21 has 120 seconds left.\n|c|\u2606BuffYoda21|Oh shoot\n|\n|t:|1699734973\n|switch|p2a: Toxapex|Toxapex, M|100\/100\n|-damage|p2a: Toxapex|88\/100|[from] Stealth Rock\n|-damage|p2a: Toxapex|72\/100|[from] Spikes\n|turn|12\n|c| Foosyyy|incoming\n|c| Foosyyy|rap\n|\n|t:|1699734980\n|move|p1a: Fraxure|Outrage|p2a: Toxapex|[from]lockedmove\n|-damage|p2a: Toxapex|29\/100\n|-start|p1a: Fraxure|confusion|[fatigue]\n|move|p2a: Toxapex|Toxic|p1a: Fraxure\n|-status|p1a: Fraxure|tox\n|\n|-heal|p2a: Toxapex|35\/100|[from] item: Black Sludge\n|-damage|p1a: Fraxure|60\/100 tox|[from] psn\n|upkeep\n|turn|13\n|c| Foosyyy|e\n|j| Osgovs\n|j| TotodileTuesday\n|\n|t:|1699734991\n|move|p2a: Toxapex|Baneful Bunker|p2a: Toxapex\n|-singleturn|p2a: Toxapex|move: Protect\n|-activate|p1a: Fraxure|confusion\n|move|p1a: Fraxure|Outrage|p2a: Toxapex\n|-activate|p2a: Toxapex|move: Protect\n|\n|-heal|p2a: Toxapex|41\/100|[from] item: Black Sludge\n|-damage|p1a: Fraxure|48\/100 tox|[from] psn\n|upkeep\n|turn|14\n|c| Foosyyy|amoongus got bummed\n|inactive|BuffYoda21 has 120 seconds left.\n|c|\u2606BuffYoda21|Guys I don\u2019t think I win this one\n|\n|t:|1699735014\n|switch|p1a: Meowth|Meowth, F|88\/100\n|-damage|p1a: Meowth|76\/100|[from] Spikes\n|move|p2a: Toxapex|Recover|p2a: Toxapex\n|-heal|p2a: Toxapex|91\/100\n|\n|-heal|p2a: Toxapex|98\/100|[from] item: Black Sludge\n|upkeep\n|turn|15\n|inactive|BuffYoda21 has 120 seconds left.\n|c| Foosyyy|u shoulda let me go on\n|c| Foosyyy|dumbass\n|\n|t:|1699735024\n|move|p1a: Meowth|Fake Out|p2a: Toxapex\n|-damage|p2a: Toxapex|88\/100\n|cant|p2a: Toxapex|flinch\n|\n|-heal|p2a: Toxapex|95\/100|[from] item: Black Sludge\n|upkeep\n|turn|16\n|c| Foosyyy|smh.\n|inactive|BuffYoda21 has 120 seconds left.\n|l| Foosyyy\n|\n|t:|1699735032\n|move|p1a: Meowth|Covet|p2a: Toxapex\n|-damage|p2a: Toxapex|78\/100\n|-item|p1a: Meowth|Black Sludge|[from] move: Covet|[of] p2a: Toxapex\n|move|p2a: Toxapex|Toxic|p1a: Meowth\n|-status|p1a: Meowth|tox\n|\n|-damage|p1a: Meowth|64\/100 tox|[from] item: Black Sludge\n|-damage|p1a: Meowth|58\/100 tox|[from] psn\n|upkeep\n|turn|17\n|j| Foosyyy\n|c|\u2606freebird88|dang\n|inactive|BuffYoda21 has 120 seconds left.\n|c| Playering|freebird88 did you plan using the chat?\n|c|\u2606freebird88|i assumed it was leftovers lol i should have read chat\n|c|\u2606BuffYoda21|The meowth is taking one for the team lol\n|\n|t:|1699735065\n|move|p2a: Toxapex|Baneful Bunker|p2a: Toxapex\n|-singleturn|p2a: Toxapex|move: Protect\n|move|p1a: Meowth|U-turn|p2a: Toxapex\n|-activate|p2a: Toxapex|move: Protect\n|\n|-damage|p1a: Meowth|46\/100 tox|[from] item: Black Sludge\n|-damage|p1a: Meowth|34\/100 tox|[from] psn\n|upkeep\n|turn|18\n|c| SighofEnd|lol\n|\n|t:|1699735075\n|move|p1a: Meowth|U-turn|p2a: Toxapex\n|-resisted|p2a: Toxapex\n|-damage|p2a: Toxapex|75\/100\n|\n|t:|1699735078\n|switch|p1a: Mandibuzz|Mandibuzz, F, tera:Steel|100\/100|[from] U-turn\n|move|p2a: Toxapex|Recover|p2a: Toxapex\n|-heal|p2a: Toxapex|100\/100\n|\n|upkeep\n|turn|19\n|c| SighofEnd|the cat be dying\n|\n|t:|1699735092\n|move|p2a: Toxapex|Toxic Spikes|p1a: Mandibuzz\n|-sidestart|p1: freebird88|move: Toxic Spikes\n|move|p1a: Mandibuzz|Whirlwind|p2a: Toxapex\n|drag|p2a: Litleo|Litleo, F|59\/100\n|-damage|p2a: Litleo|34\/100|[from] Stealth Rock\n|-damage|p2a: Litleo|18\/100|[from] Spikes\n|\n|upkeep\n|turn|20\n|\n|t:|1699735102\n|switch|p1a: Fraxure|Fraxure, F|48\/100 tox\n|-damage|p1a: Fraxure|35\/100 tox|[from] Spikes\n|-ability|p1a: Fraxure|Mold Breaker\n|move|p2a: Litleo|Fire Blast|p1a: Fraxure|[miss]\n|-miss|p2a: Litleo|p1a: Fraxure\n|\n|-damage|p1a: Fraxure|29\/100 tox|[from] psn\n|upkeep\n|turn|21\n|c| SighofEnd|is there any point\n|c| Playering|rip\n|c| SighofEnd|To setting up toxic spikes\n|c|\u2606BuffYoda21|Rip\n|c|\u2606BuffYoda21|no not really\n|c| Playering|wasting time\n|inactive|freebird88 has 120 seconds left.\n|\n|t:|1699735133\n|-terastallize|p2a: Litleo|Fire\n|move|p1a: Fraxure|Outrage|p2a: Litleo\n|-damage|p2a: Litleo|0 fnt\n|faint|p2a: Litleo\n|\n|-damage|p1a: Fraxure|17\/100 tox|[from] psn\n|upkeep\n|c|\u2606BuffYoda21|didnt have anything productive to do with that turn\n|\n|t:|1699735150\n|switch|p2a: Toxapex|Toxapex, M|100\/100\n|-damage|p2a: Toxapex|88\/100|[from] Stealth Rock\n|-damage|p2a: Toxapex|72\/100|[from] Spikes\n|turn|22\n|c| SighofEnd|**__Stalling, if you will.__**\n|c|\u2606BuffYoda21|Lol\n|\n|t:|1699735161\n|move|p2a: Toxapex|Baneful Bunker|p2a: Toxapex\n|-singleturn|p2a: Toxapex|move: Protect\n|move|p1a: Fraxure|Outrage|p2a: Toxapex|[from]lockedmove\n|-activate|p2a: Toxapex|move: Protect\n|\n|-damage|p1a: Fraxure|0 fnt|[from] psn\n|faint|p1a: Fraxure\n|upkeep\n|\n|t:|1699735169\n|switch|p1a: Mandibuzz|Mandibuzz, F, tera:Steel|100\/100\n|turn|23\n|c| DreamyFleur|i mean u couldve had an attackign move instead of tspikes tbf\n|c|\u2606BuffYoda21|Alright time for the stall reverse\n|c|\u2606BuffYoda21|Tru\n|c|\u2606freebird88|lol\n|inactive|BuffYoda21 has 90 seconds left.\n|c|\u2606BuffYoda21|i was rushing bulging the team\n|\n|t:|1699735203\n|move|p1a: Mandibuzz|Foul Play|p2a: Toxapex\n|-damage|p2a: Toxapex|61\/100\n|move|p2a: Toxapex|Recover|p2a: Toxapex\n|-heal|p2a: Toxapex|100\/100\n|\n|upkeep\n|turn|24\n|c|\u2606BuffYoda21|Foul play do nothing because no Atk lol\n|c|\u2606freebird88|yep\n|\n|t:|1699735221\n|move|p1a: Mandibuzz|Foul Play|p2a: Toxapex\n|-damage|p2a: Toxapex|90\/100\n|move|p2a: Toxapex|Toxic Spikes|p1a: Mandibuzz\n|-sidestart|p1: freebird88|move: Toxic Spikes\n|\n|upkeep\n|turn|25\n|c| DreamyFleur|yeah but you cant dmg it\n|c|\u2606freebird88|i win off of pp stall\n|c| SighofEnd|base 63 atk\n|c|\u2606BuffYoda21|Oh yea whirlwind will carry\n|inactive|BuffYoda21 has 60 seconds left.\n|c|\u2606freebird88|i had foul play in case i went up against a setup sweeper\n|c| SighofEnd|no tspikes\n|c|\u2606freebird88|didnt happen this time\n|c| SighofEnd|and foul play\n|c|\u2606BuffYoda21|Hey Foosyyy this is how u do it\n|-message|BuffYoda21 forfeited.\n|\n|win|freebird88\n","uploadtime":1699735095,"views":19,"p1id":"freebird88","p2id":"buffyoda21","formatid":"gen9ou","rating":0,"private":0,"password":""}