{"id":"gen9ou-1995757795","p1":"Bakitaladelbarrio","p2":"Geregg","format":"[Gen 9] OU","log":"|j|\u2606Bakitaladelbarrio\n|j|\u2606Geregg\n|t:|1700600345\n|gametype|singles\n|player|p1|Bakitaladelbarrio|colress|1487\n|player|p2|Geregg|2|1559\n|teamsize|p1|6\n|teamsize|p2|6\n|gen|9\n|tier|[Gen 9] OU\n|rated|\n|rule|Sleep Clause Mod: Limit one foe put to sleep\n|rule|Species Clause: Limit one of each Pok\u00e9mon\n|rule|OHKO Clause: OHKO moves are banned\n|rule|Evasion Items Clause: Evasion items are banned\n|rule|Evasion Moves Clause: Evasion moves are banned\n|rule|Endless Battle Clause: Forcing endless battles is banned\n|rule|HP Percentage Mod: HP is shown in percentages\n|clearpoke\n|poke|p1|Landorus-Therian, M|\n|poke|p1|Dragapult, F|\n|poke|p1|Corviknight, F|\n|poke|p1|Heatran, F|\n|poke|p1|Greninja-*, M|\n|poke|p1|Iron Valiant|\n|poke|p2|Heatran, M|\n|poke|p2|Rillaboom, M|\n|poke|p2|Dondozo, F|\n|poke|p2|Ting-Lu|\n|poke|p2|Iron Valiant|\n|poke|p2|Dragapult, M|\n|teampreview\n|inactive|Battle timer is ON: inactive players will automatically lose when time's up. (requested by Bakitaladelbarrio)\n|\n|t:|1700600353\n|start\n|switch|p1a: Landorus|Landorus-Therian, M|100\/100\n|switch|p2a: Ting-Lu|Ting-Lu|100\/100\n|-ability|p1a: Landorus|Intimidate|boost\n|-unboost|p2a: Ting-Lu|atk|1\n|-ability|p2a: Ting-Lu|Vessel of Ruin\n|turn|1\n|\n|t:|1700600362\n|-terastallize|p1a: Landorus|Ice\n|move|p1a: Landorus|Tera Blast|p2a: Ting-Lu|[anim] Tera Blast Ice\n|-supereffective|p2a: Ting-Lu\n|-damage|p2a: Ting-Lu|53\/100\n|move|p2a: Ting-Lu|Stealth Rock|p1a: Landorus\n|-sidestart|p1: Bakitaladelbarrio|move: Stealth Rock\n|\n|-heal|p2a: Ting-Lu|59\/100|[from] item: Leftovers\n|upkeep\n|turn|2\n|\n|t:|1700600372\n|-terastallize|p2a: Ting-Lu|Ghost\n|move|p1a: Landorus|Tera Blast|p2a: Ting-Lu|[anim] Tera Blast Ice\n|-damage|p2a: Ting-Lu|33\/100\n|move|p2a: Ting-Lu|Spikes|p1a: Landorus\n|-sidestart|p1: Bakitaladelbarrio|Spikes\n|\n|-heal|p2a: Ting-Lu|39\/100|[from] item: Leftovers\n|upkeep\n|turn|3\n|\n|t:|1700600381\n|move|p1a: Landorus|Tera Blast|p2a: Ting-Lu|[anim] Tera Blast Ice\n|-damage|p2a: Ting-Lu|15\/100\n|move|p2a: Ting-Lu|Spikes|p1a: Landorus\n|-sidestart|p1: Bakitaladelbarrio|Spikes\n|\n|-heal|p2a: Ting-Lu|22\/100|[from] item: Leftovers\n|upkeep\n|turn|4\n|\n|t:|1700600388\n|switch|p2a: Dondozo|Dondozo, F, shiny|100\/100\n|move|p1a: Landorus|Tera Blast|p2a: Dondozo|[anim] Tera Blast Ice\n|-resisted|p2a: Dondozo\n|-damage|p2a: Dondozo|90\/100\n|\n|upkeep\n|turn|5\n|\n|t:|1700600399\n|switch|p1a: Corviknight|Corviknight, F|100\/100\n|-damage|p1a: Corviknight|88\/100|[from] Stealth Rock\n|-ability|p1a: Corviknight|Pressure\n|switch|p2a: Heatran|Heatran, M, shiny|100\/100\n|\n|upkeep\n|turn|6\n|\n|t:|1700600412\n|switch|p1a: Heatran|Heatran, F|100\/100\n|-damage|p1a: Heatran|88\/100|[from] Stealth Rock\n|-damage|p1a: Heatran|71\/100|[from] Spikes\n|move|p2a: Heatran|Taunt|p1a: Heatran\n|-start|p1a: Heatran|move: Taunt\n|\n|-heal|p1a: Heatran|78\/100|[from] item: Leftovers\n|upkeep\n|turn|7\n|\n|t:|1700600422\n|move|p1a: Heatran|Earth Power|p2a: Heatran\n|-supereffective|p2a: Heatran\n|-damage|p2a: Heatran|27\/100\n|move|p2a: Heatran|Magma Storm|p1a: Heatran\n|-start|p1a: Heatran|ability: Flash Fire\n|\n|-heal|p1a: Heatran|84\/100|[from] item: Leftovers\n|-heal|p2a: Heatran|33\/100|[from] item: Leftovers\n|upkeep\n|turn|8\n|\n|t:|1700600433\n|move|p1a: Heatran|Earth Power|p2a: Heatran\n|-supereffective|p2a: Heatran\n|-damage|p2a: Heatran|0 fnt\n|faint|p2a: Heatran\n|\n|-heal|p1a: Heatran|90\/100|[from] item: Leftovers\n|-end|p1a: Heatran|move: Taunt\n|upkeep\n|\n|t:|1700600435\n|switch|p2a: Dondozo|Dondozo, F, shiny|90\/100\n|turn|9\n|\n|t:|1700600446\n|-end|p1a: Heatran|ability: Flash Fire|[silent]\n|switch|p1a: Corviknight|Corviknight, F|88\/100\n|-damage|p1a: Corviknight|75\/100|[from] Stealth Rock\n|-ability|p1a: Corviknight|Pressure\n|move|p2a: Dondozo|Liquidation|p1a: Corviknight\n|-damage|p1a: Corviknight|59\/100\n|-damage|p2a: Dondozo|74\/100|[from] item: Rocky Helmet|[of] p1a: Corviknight\n|\n|upkeep\n|turn|10\n|\n|t:|1700600457\n|switch|p2a: Iron Valiant|Iron Valiant, shiny|100\/100\n|move|p1a: Corviknight|Defog|p2a: Iron Valiant\n|-unboost|p2a: Iron Valiant|evasion|1\n|-sideend|p1: Bakitaladelbarrio|Spikes|[from] move: Defog|[of] p1a: Corviknight\n|-sideend|p1: Bakitaladelbarrio|Stealth Rock|[from] move: Defog|[of] p1a: Corviknight\n|\n|upkeep\n|turn|11\n|\n|t:|1700600464\n|move|p2a: Iron Valiant|Thunderbolt|p1a: Corviknight\n|-supereffective|p1a: Corviknight\n|-damage|p1a: Corviknight|0 fnt\n|faint|p1a: Corviknight\n|-damage|p2a: Iron Valiant|91\/100|[from] item: Life Orb\n|\n|upkeep\n|\n|t:|1700600474\n|switch|p1a: Landorus|Landorus-Therian, M, tera:Ice|100\/100\n|-ability|p1a: Landorus|Intimidate|boost\n|-unboost|p2a: Iron Valiant|atk|1\n|turn|12\n|\n|t:|1700600479\n|-end|p2a: Iron Valiant|Quark Drive|[silent]\n|switch|p2a: Dondozo|Dondozo, F, shiny|74\/100\n|move|p1a: Landorus|U-turn|p2a: Dondozo\n|-damage|p2a: Dondozo|62\/100\n|\n|t:|1700600484\n|switch|p1a: Greninja|Greninja, M|100\/100|[from] U-turn\n|\n|upkeep\n|turn|13\n|inactive|Geregg has 120 seconds left.\n|inactive|Geregg has 90 seconds left.\n|\n|t:|1700600559\n|move|p1a: Greninja|Grass Knot|p2a: Dondozo\n|-supereffective|p2a: Dondozo\n|-damage|p2a: Dondozo|0 fnt\n|faint|p2a: Dondozo\n|-ability|p1a: Greninja|Battle Bond|boost\n|-boost|p1a: Greninja|atk|1\n|-boost|p1a: Greninja|spa|1\n|-boost|p1a: Greninja|spe|1\n|-activate|p1a: Greninja|ability: Battle Bond\n|-damage|p1a: Greninja|91\/100|[from] item: Life Orb\n|\n|upkeep\n|\n|t:|1700600562\n|switch|p2a: Rillaboom|Rillaboom, M, shiny|100\/100\n|-fieldstart|move: Grassy Terrain|[from] ability: Grassy Surge|[of] p2a: Rillaboom\n|turn|14\n|\n|t:|1700600572\n|switch|p1a: Heatran|Heatran, F|90\/100\n|move|p2a: Rillaboom|U-turn|p1a: Heatran\n|-resisted|p1a: Heatran\n|-damage|p1a: Heatran|82\/100\n|\n|t:|1700600580\n|switch|p2a: Ting-Lu|Ting-Lu, tera:Ghost|22\/100|[from] U-turn\n|-ability|p2a: Ting-Lu|Vessel of Ruin\n|\n|-heal|p1a: Heatran|88\/100|[from] Grassy Terrain\n|-heal|p1a: Heatran|94\/100|[from] item: Leftovers\n|-heal|p2a: Ting-Lu|28\/100|[from] Grassy Terrain\n|-heal|p2a: Ting-Lu|34\/100|[from] item: Leftovers\n|upkeep\n|turn|15\n|\n|t:|1700600592\n|switch|p1a: Greninja|Greninja, M|91\/100\n|move|p2a: Ting-Lu|Stealth Rock|p1a: Greninja\n|-sidestart|p1: Bakitaladelbarrio|move: Stealth Rock\n|\n|-heal|p1a: Greninja|97\/100|[from] Grassy Terrain\n|-heal|p2a: Ting-Lu|40\/100|[from] Grassy Terrain\n|-heal|p2a: Ting-Lu|46\/100|[from] item: Leftovers\n|upkeep\n|turn|16\n|\n|t:|1700600602\n|switch|p2a: Iron Valiant|Iron Valiant, shiny|91\/100\n|move|p1a: Greninja|Dark Pulse|p2a: Iron Valiant\n|-resisted|p2a: Iron Valiant\n|-damage|p2a: Iron Valiant|70\/100\n|-damage|p1a: Greninja|87\/100|[from] item: Life Orb\n|\n|-heal|p1a: Greninja|93\/100|[from] Grassy Terrain\n|-heal|p2a: Iron Valiant|76\/100|[from] Grassy Terrain\n|upkeep\n|turn|17\n|\n|t:|1700600614\n|switch|p1a: Heatran|Heatran, F|94\/100\n|-damage|p1a: Heatran|82\/100|[from] Stealth Rock\n|move|p2a: Iron Valiant|Thunderbolt|p1a: Heatran\n|-damage|p1a: Heatran|50\/100\n|-damage|p2a: Iron Valiant|67\/100|[from] item: Life Orb\n|\n|-heal|p2a: Iron Valiant|73\/100|[from] Grassy Terrain\n|-heal|p1a: Heatran|57\/100|[from] Grassy Terrain\n|-heal|p1a: Heatran|63\/100|[from] item: Leftovers\n|upkeep\n|turn|18\n|\n|t:|1700600626\n|move|p2a: Iron Valiant|Knock Off|p1a: Heatran\n|-damage|p1a: Heatran|34\/100\n|-enditem|p1a: Heatran|Leftovers|[from] move: Knock Off|[of] p2a: Iron Valiant\n|-damage|p2a: Iron Valiant|63\/100|[from] item: Life Orb\n|move|p1a: Heatran|Stealth Rock|p2a: Iron Valiant\n|-sidestart|p2: Geregg|move: Stealth Rock\n|\n|-heal|p2a: Iron Valiant|69\/100|[from] Grassy Terrain\n|-heal|p1a: Heatran|40\/100|[from] Grassy Terrain\n|-fieldend|move: Grassy Terrain\n|upkeep\n|turn|19\n|inactive|Geregg has 120 seconds left.\n|inactive|Geregg has 90 seconds left.\n|\n|t:|1700600698\n|move|p2a: Iron Valiant|Shadow Ball|p1a: Heatran\n|-damage|p1a: Heatran|12\/100\n|-damage|p2a: Iron Valiant|60\/100|[from] item: Life Orb\n|move|p1a: Heatran|Lava Plume|p2a: Iron Valiant\n|-damage|p2a: Iron Valiant|0 fnt\n|faint|p2a: Iron Valiant\n|-end|p2a: Iron Valiant|Quark Drive|[silent]\n|\n|upkeep\n|inactive|Geregg has 60 seconds left.\n|inactive|Geregg has 30 seconds left.\n|inactive|Geregg has 20 seconds left.\n|inactive|Geregg has 15 seconds left.\n|inactive|Geregg has 10 seconds left.\n|inactive|Geregg has 5 seconds left.\n|\n|t:|1700600767\n|switch|p2a: Dragapult|Dragapult, M, shiny|100\/100\n|-damage|p2a: Dragapult|88\/100|[from] Stealth Rock\n|turn|20\n|inactive|Geregg has 15 seconds left this turn.\n|\n|t:|1700600771\n|move|p2a: Dragapult|Shadow Ball|p1a: Heatran\n|-crit|p1a: Heatran\n|-damage|p1a: Heatran|0 fnt\n|faint|p1a: Heatran\n|\n|upkeep\n|inactive|Geregg has 20 seconds left this turn.\n|\n|t:|1700600779\n|switch|p1a: Landorus|Landorus-Therian, M, tera:Ice|100\/100\n|-damage|p1a: Landorus|75\/100|[from] Stealth Rock\n|-ability|p1a: Landorus|Intimidate|boost\n|-unboost|p2a: Dragapult|atk|1\n|turn|21\n|inactive|Geregg has 30 seconds left this turn.\n|\n|t:|1700600784\n|switch|p2a: Ting-Lu|Ting-Lu, tera:Ghost|46\/100\n|-damage|p2a: Ting-Lu|34\/100|[from] Stealth Rock\n|-ability|p2a: Ting-Lu|Vessel of Ruin\n|move|p1a: Landorus|Tera Blast|p2a: Ting-Lu|[anim] Tera Blast Ice\n|-damage|p2a: Ting-Lu|12\/100\n|\n|-heal|p2a: Ting-Lu|19\/100|[from] item: Leftovers\n|upkeep\n|turn|22\n|\n|t:|1700600794\n|move|p1a: Landorus|Tera Blast|p2a: Ting-Lu|[anim] Tera Blast Ice\n|-damage|p2a: Ting-Lu|0 fnt\n|faint|p2a: Ting-Lu\n|\n|upkeep\n|\n|t:|1700600798\n|switch|p2a: Rillaboom|Rillaboom, M, shiny|100\/100\n|-damage|p2a: Rillaboom|88\/100|[from] Stealth Rock\n|-fieldstart|move: Grassy Terrain|[from] ability: Grassy Surge|[of] p2a: Rillaboom\n|turn|23\n|\n|t:|1700600804\n|move|p2a: Rillaboom|Grassy Glide|p1a: Landorus\n|-damage|p1a: Landorus|8\/100\n|move|p1a: Landorus|Tera Blast|p2a: Rillaboom|[anim] Tera Blast Ice\n|-supereffective|p2a: Rillaboom\n|-damage|p2a: Rillaboom|0 fnt\n|faint|p2a: Rillaboom\n|\n|-heal|p1a: Landorus|14\/100|[from] Grassy Terrain\n|upkeep\n|\n|t:|1700600807\n|switch|p2a: Dragapult|Dragapult, M, shiny|88\/100\n|-damage|p2a: Dragapult|76\/100|[from] Stealth Rock\n|turn|24\n|\n|t:|1700600817\n|move|p1a: Landorus|Tera Blast|p2a: Dragapult|[anim] Tera Blast Ice\n|-supereffective|p2a: Dragapult\n|-damage|p2a: Dragapult|0 fnt\n|faint|p2a: Dragapult\n|\n|win|Bakitaladelbarrio\n|raw|Bakitaladelbarrio's rating: 1487 &rarr; <strong>1511<\/strong><br \/>(+24 for winning)\n|raw|Geregg's rating: 1559 &rarr; <strong>1535<\/strong><br \/>(-24 for losing)\n","uploadtime":1700600823,"views":7,"p1id":"bakitaladelbarrio","p2id":"geregg","formatid":"gen9ou","rating":1511,"private":0,"password":""}