{"id":"gen9ou-1991772548","p1":"Lemonatea12","p2":"MINO12131","format":"[Gen 9] OU","log":"|j|\u2606Lemonatea12\n|j|\u2606MINO12131\n|t:|1700114574\n|gametype|singles\n|player|p1|Lemonatea12|alder|1062\n|player|p2|MINO12131|101|1087\n|teamsize|p1|6\n|teamsize|p2|6\n|gen|9\n|tier|[Gen 9] OU\n|rated|\n|rule|Sleep Clause Mod: Limit one foe put to sleep\n|rule|Species Clause: Limit one of each Pok\u00e9mon\n|rule|OHKO Clause: OHKO moves are banned\n|rule|Evasion Items Clause: Evasion items are banned\n|rule|Evasion Moves Clause: Evasion moves are banned\n|rule|Endless Battle Clause: Forcing endless battles is banned\n|rule|HP Percentage Mod: HP is shown in percentages\n|clearpoke\n|poke|p1|Landorus-Therian, M|\n|poke|p1|Cinderace, M|\n|poke|p1|Mandibuzz, F|\n|poke|p1|Iron Valiant|\n|poke|p1|Dragapult, M|\n|poke|p1|Iron Treads|\n|poke|p2|Glimmora, F|\n|poke|p2|Samurott-Hisui, F|\n|poke|p2|Tyranitar, F|\n|poke|p2|Gholdengo|\n|poke|p2|Zamazenta-*|\n|poke|p2|Garchomp, F|\n|teampreview\n|inactive|Battle timer is ON: inactive players will automatically lose when time's up. (requested by Lemonatea12)\n|\n|t:|1700114577\n|start\n|switch|p1a: Cinderace|Cinderace, M|100\/100\n|switch|p2a: Glimmora|Glimmora, F|100\/100\n|turn|1\n|\n|t:|1700114592\n|move|p1a: Cinderace|U-turn|p2a: Glimmora\n|-resisted|p2a: Glimmora\n|-crit|p2a: Glimmora\n|-damage|p2a: Glimmora|78\/100\n|-activate|p2a: Glimmora|ability: Toxic Debris\n|-sidestart|p1: Lemonatea12|move: Toxic Spikes\n|\n|t:|1700114594\n|switch|p1a: Landorus|Landorus-Therian, M|100\/100|[from] U-turn\n|-ability|p1a: Landorus|Intimidate|boost\n|-unboost|p2a: Glimmora|atk|1\n|move|p2a: Glimmora|Sludge Wave|p1a: Landorus\n|-resisted|p1a: Landorus\n|-damage|p1a: Landorus|75\/100\n|\n|-heal|p2a: Glimmora|85\/100|[from] item: Leftovers\n|upkeep\n|turn|2\n|\n|t:|1700114608\n|move|p2a: Glimmora|Spiky Shield|p2a: Glimmora\n|-singleturn|p2a: Glimmora|move: Protect\n|move|p1a: Landorus|Earthquake|p2a: Glimmora\n|-activate|p2a: Glimmora|move: Protect\n|\n|-heal|p2a: Glimmora|91\/100|[from] item: Leftovers\n|upkeep\n|turn|3\n|\n|t:|1700114618\n|switch|p2a: Gholdengo|Gholdengo|100\/100\n|-item|p2a: Gholdengo|Air Balloon\n|move|p1a: Landorus|Earthquake|p2a: Gholdengo\n|-immune|p2a: Gholdengo\n|\n|upkeep\n|turn|4\n|\n|t:|1700114625\n|move|p1a: Landorus|U-turn|p2a: Gholdengo\n|-resisted|p2a: Gholdengo\n|-damage|p2a: Gholdengo|93\/100\n|-enditem|p2a: Gholdengo|Air Balloon\n|\n|t:|1700114628\n|switch|p1a: Cinderace|Cinderace, M|100\/100|[from] U-turn\n|move|p2a: Gholdengo|Thunderbolt|p1a: Cinderace\n|-damage|p1a: Cinderace|56\/100\n|\n|upkeep\n|turn|5\n|\n|t:|1700114642\n|switch|p2a: Samurott|Samurott-Hisui, F|100\/100\n|move|p1a: Cinderace|Pyro Ball|p2a: Samurott\n|-resisted|p2a: Samurott\n|-damage|p2a: Samurott|61\/100\n|\n|upkeep\n|turn|6\n|\n|t:|1700114653\n|switch|p1a: Dragapult|Dragapult, M|100\/100\n|-status|p1a: Dragapult|psn\n|move|p2a: Samurott|Ceaseless Edge|p1a: Dragapult\n|-supereffective|p1a: Dragapult\n|-damage|p1a: Dragapult|0 fnt\n|-sidestart|p1: Lemonatea12|Spikes\n|faint|p1a: Dragapult\n|\n|upkeep\n|\n|t:|1700114661\n|switch|p1a: Iron Treads|Iron Treads|100\/100\n|-damage|p1a: Iron Treads|88\/100|[from] Spikes\n|turn|7\n|\n|t:|1700114669\n|switch|p2a: Gholdengo|Gholdengo|93\/100\n|-terastallize|p1a: Iron Treads|Water\n|move|p1a: Iron Treads|Rapid Spin|p2a: Gholdengo\n|-immune|p2a: Gholdengo\n|\n|upkeep\n|turn|8\n|\n|t:|1700114684\n|move|p1a: Iron Treads|Knock Off|p2a: Gholdengo\n|-supereffective|p2a: Gholdengo\n|-damage|p2a: Gholdengo|46\/100\n|move|p2a: Gholdengo|Thunderbolt|p1a: Iron Treads\n|-supereffective|p1a: Iron Treads\n|-damage|p1a: Iron Treads|23\/100\n|\n|upkeep\n|turn|9\n|\n|t:|1700114691\n|move|p1a: Iron Treads|Volt Switch|p2a: Gholdengo\n|-damage|p2a: Gholdengo|33\/100\n|\n|t:|1700114693\n|-end|p1a: Iron Treads|Quark Drive|[silent]\n|switch|p1a: Landorus|Landorus-Therian, M|75\/100|[from] Volt Switch\n|-ability|p1a: Landorus|Intimidate|boost\n|-unboost|p2a: Gholdengo|atk|1\n|move|p2a: Gholdengo|Thunderbolt|p1a: Landorus\n|-immune|p1a: Landorus\n|\n|upkeep\n|turn|10\n|\n|t:|1700114716\n|switch|p2a: Zamazenta|Zamazenta|100\/100\n|-ability|p2a: Zamazenta|Dauntless Shield|boost\n|-boost|p2a: Zamazenta|def|1\n|move|p1a: Landorus|Earthquake|p2a: Zamazenta\n|-damage|p2a: Zamazenta|68\/100\n|\n|upkeep\n|turn|11\n|\n|t:|1700114726\n|move|p1a: Landorus|Taunt|p2a: Zamazenta\n|-start|p2a: Zamazenta|move: Taunt\n|cant|p2a: Zamazenta|move: Taunt|Roar\n|\n|upkeep\n|turn|12\n|\n|t:|1700114733\n|move|p2a: Zamazenta|Heavy Slam|p1a: Landorus\n|-damage|p1a: Landorus|44\/100\n|move|p1a: Landorus|U-turn|p2a: Zamazenta\n|-resisted|p2a: Zamazenta\n|-damage|p2a: Zamazenta|61\/100\n|\n|t:|1700114736\n|switch|p1a: Iron Valiant|Iron Valiant|100\/100|[from] U-turn\n|-status|p1a: Iron Valiant|psn\n|-damage|p1a: Iron Valiant|88\/100 psn|[from] Spikes\n|-enditem|p1a: Iron Valiant|Booster Energy\n|-activate|p1a: Iron Valiant|ability: Quark Drive|[fromitem]\n|-start|p1a: Iron Valiant|quarkdrivespe\n|\n|-damage|p1a: Iron Valiant|76\/100 psn|[from] psn\n|upkeep\n|turn|13\n|\n|t:|1700114755\n|-terastallize|p2a: Zamazenta|Steel\n|move|p1a: Iron Valiant|Moonblast|p2a: Zamazenta\n|-resisted|p2a: Zamazenta\n|-damage|p2a: Zamazenta|38\/100\n|-unboost|p2a: Zamazenta|spa|1\n|move|p2a: Zamazenta|Heavy Slam|p1a: Iron Valiant\n|-supereffective|p1a: Iron Valiant\n|-damage|p1a: Iron Valiant|0 fnt\n|faint|p1a: Iron Valiant\n|-end|p1a: Iron Valiant|Quark Drive|[silent]\n|\n|-end|p2a: Zamazenta|move: Taunt\n|upkeep\n|-message|Lemonatea12 forfeited.\n|\n|win|MINO12131\n|raw|Lemonatea12's rating: 1062 &rarr; <strong>1044<\/strong><br \/>(-18 for losing)\n|raw|MINO12131's rating: 1087 &rarr; <strong>1112<\/strong><br \/>(+25 for winning)\n|l|\u2606Lemonatea12\n","uploadtime":1700114768,"views":7,"p1id":"lemonatea12","p2id":"mino12131","formatid":"gen9ou","rating":1044,"private":0,"password":""}