{"id":"gen9ou-1990043427","p1":"Phoenix181","p2":"ceart12","format":"[Gen 9] OU","log":"|j|\u2606Phoenix181\n|j|\u2606ceart12\n|t:|1699918456\n|gametype|singles\n|player|p1|Phoenix181|265|1012\n|player|p2|ceart12|eusine|1097\n|teamsize|p1|6\n|teamsize|p2|6\n|gen|9\n|tier|[Gen 9] OU\n|rated|\n|rule|Sleep Clause Mod: Limit one foe put to sleep\n|rule|Species Clause: Limit one of each Pok\u00e9mon\n|rule|OHKO Clause: OHKO moves are banned\n|rule|Evasion Items Clause: Evasion items are banned\n|rule|Evasion Moves Clause: Evasion moves are banned\n|rule|Endless Battle Clause: Forcing endless battles is banned\n|rule|HP Percentage Mod: HP is shown in percentages\n|clearpoke\n|poke|p1|Rillaboom, F|\n|poke|p1|Sneasler, F|\n|poke|p1|Gholdengo|\n|poke|p1|Great Tusk|\n|poke|p1|Kingambit, M|\n|poke|p1|Manaphy|\n|poke|p2|Ambipom, F|\n|poke|p2|Zoroark-Hisui, F|\n|poke|p2|Umbreon, F|\n|poke|p2|Empoleon, M|\n|poke|p2|Florges-Blue, F|\n|poke|p2|Mimikyu, F|\n|teampreview\n|\n|t:|1699918464\n|start\n|switch|p1a: Rillaboom|Rillaboom, F|100\/100\n|switch|p2a: acnologia|Umbreon, F|100\/100\n|-fieldstart|move: Grassy Terrain|[from] ability: Grassy Surge|[of] p1a: Rillaboom\n|turn|1\n|\n|t:|1699918473\n|move|p2a: acnologia|Will-O-Wisp|p1a: Rillaboom\n|-status|p1a: Rillaboom|brn\n|move|p1a: Rillaboom|U-turn|p2a: acnologia\n|-resisted|p2a: acnologia\n|-damage|p2a: acnologia|80\/100\n|replace|p2a: L|Zoroark-Hisui, F\n|-end|p2a: L|Illusion\n|\n|t:|1699918482\n|switch|p1a: Kingambit|Kingambit, M|100\/100|[from] U-turn\n|\n|-heal|p2a: L|86\/100|[from] Grassy Terrain\n|upkeep\n|turn|2\n|\n|t:|1699918493\n|move|p2a: L|Flamethrower|p1a: Kingambit\n|-supereffective|p1a: Kingambit\n|-damage|p1a: Kingambit|10\/100\n|-damage|p2a: L|76\/100|[from] item: Life Orb\n|move|p1a: Kingambit|Swords Dance|p1a: Kingambit\n|-boost|p1a: Kingambit|atk|2\n|\n|-heal|p2a: L|82\/100|[from] Grassy Terrain\n|-heal|p1a: Kingambit|16\/100|[from] Grassy Terrain\n|upkeep\n|turn|3\n|\n|t:|1699918505\n|move|p1a: Kingambit|Sucker Punch|p2a: L\n|-supereffective|p2a: L\n|-damage|p2a: L|0 fnt\n|faint|p2a: L\n|\n|-heal|p1a: Kingambit|22\/100|[from] Grassy Terrain\n|upkeep\n|\n|t:|1699918512\n|switch|p2a: Jayboy|Ambipom, F|100\/100\n|turn|4\n|\n|t:|1699918516\n|move|p2a: Jayboy|Fake Out|p1a: Kingambit\n|-resisted|p1a: Kingambit\n|-damage|p1a: Kingambit|7\/100\n|-damage|p2a: Jayboy|91\/100|[from] item: Life Orb\n|cant|p1a: Kingambit|flinch\n|\n|-heal|p2a: Jayboy|97\/100|[from] Grassy Terrain\n|-heal|p1a: Kingambit|13\/100|[from] Grassy Terrain\n|upkeep\n|turn|5\n|\n|t:|1699918527\n|move|p2a: Jayboy|Double Hit|p1a: Kingambit\n|-resisted|p1a: Kingambit\n|-damage|p1a: Kingambit|1\/100\n|-resisted|p1a: Kingambit\n|-damage|p1a: Kingambit|0 fnt\n|faint|p1a: Kingambit\n|-end|p1a: Kingambit|fallenundefined|[silent]\n|-hitcount|p1: Kingambit|2\n|-damage|p2a: Jayboy|87\/100|[from] item: Life Orb\n|\n|-heal|p2a: Jayboy|93\/100|[from] Grassy Terrain\n|-fieldend|move: Grassy Terrain\n|upkeep\n|\n|t:|1699918537\n|switch|p1a: Rillaboom|Rillaboom, F|100\/100 brn\n|-fieldstart|move: Grassy Terrain|[from] ability: Grassy Surge|[of] p1a: Rillaboom\n|turn|6\n|\n|t:|1699918554\n|move|p2a: Jayboy|Knock Off|p1a: Rillaboom\n|-damage|p1a: Rillaboom|58\/100 brn\n|-enditem|p1a: Rillaboom|Choice Band|[from] move: Knock Off|[of] p2a: Jayboy\n|-damage|p2a: Jayboy|83\/100|[from] item: Life Orb\n|move|p1a: Rillaboom|U-turn|p2a: Jayboy\n|-damage|p2a: Jayboy|61\/100\n|\n|t:|1699918561\n|switch|p1a: Sneasler|Sneasler, F|100\/100|[from] U-turn\n|-enditem|p1a: Sneasler|Grassy Seed\n|-boost|p1a: Sneasler|def|1|[from] item: Grassy Seed\n|\n|-heal|p2a: Jayboy|67\/100|[from] Grassy Terrain\n|upkeep\n|turn|7\n|\n|t:|1699918572\n|move|p1a: Sneasler|Swords Dance|p1a: Sneasler\n|-boost|p1a: Sneasler|atk|2\n|move|p2a: Jayboy|Thunder Wave|p1a: Sneasler\n|-status|p1a: Sneasler|par\n|\n|-heal|p2a: Jayboy|73\/100|[from] Grassy Terrain\n|upkeep\n|turn|8\n|-message|Phoenix181 forfeited.\n|\n|win|ceart12\n|raw|Phoenix181's rating: 1012 &rarr; <strong>1003<\/strong><br \/>(-9 for losing)\n|raw|ceart12's rating: 1097 &rarr; <strong>1116<\/strong><br \/>(+19 for winning)\n|l|\u2606Phoenix181\n","uploadtime":1699918593,"views":8,"p1id":"phoenix181","p2id":"ceart12","formatid":"gen9ou","rating":1003,"private":0,"password":""}