{"id":"gen9ou-1993214680","p1":"idunno_honestly","p2":"tera if u suck","format":"[Gen 9] OU","log":"|j|\u2606idunno_honestly\n|j|\u2606tera if u suck\n|t:|1700279075\n|gametype|singles\n|player|p1|idunno_honestly|102|1336\n|player|p2|tera if u suck|266|1402\n|teamsize|p1|6\n|teamsize|p2|6\n|gen|9\n|tier|[Gen 9] OU\n|rated|\n|rule|Sleep Clause Mod: Limit one foe put to sleep\n|rule|Species Clause: Limit one of each Pok\u00e9mon\n|rule|OHKO Clause: OHKO moves are banned\n|rule|Evasion Items Clause: Evasion items are banned\n|rule|Evasion Moves Clause: Evasion moves are banned\n|rule|Endless Battle Clause: Forcing endless battles is banned\n|rule|HP Percentage Mod: HP is shown in percentages\n|clearpoke\n|poke|p1|Blissey, F|\n|poke|p1|Alomomola, F|\n|poke|p1|Dondozo, F|\n|poke|p1|Clefable, F|\n|poke|p1|Clodsire, F|\n|poke|p1|Corviknight, F|\n|poke|p2|Moltres-Galar|\n|poke|p2|Okidogi, M|\n|poke|p2|Clefable, F|\n|poke|p2|Dragapult, F|\n|poke|p2|Corviknight, F|\n|poke|p2|Rotom-Heat|\n|teampreview\n|inactive|Battle timer is ON: inactive players will automatically lose when time's up. (requested by idunno_honestly)\n|\n|t:|1700279092\n|start\n|switch|p1a: Clefable|Clefable, F|100\/100\n|switch|p2a: Dragapult|Dragapult, F|100\/100\n|turn|1\n|inactive|tera if u suck has 120 seconds left.\n|\n|t:|1700279132\n|switch|p2a: Okidogi|Okidogi, M|100\/100\n|move|p1a: Clefable|Knock Off|p2a: Okidogi\n|-resisted|p2a: Okidogi\n|-damage|p2a: Okidogi|93\/100\n|-enditem|p2a: Okidogi|Assault Vest|[from] move: Knock Off|[of] p1a: Clefable\n|\n|upkeep\n|turn|2\n|\n|t:|1700279144\n|switch|p1a: Corviknight|Corviknight, F|100\/100\n|-ability|p1a: Corviknight|Pressure\n|move|p2a: Okidogi|Knock Off|p1a: Corviknight\n|-damage|p1a: Corviknight|77\/100\n|-damage|p2a: Okidogi|76\/100|[from] item: Rocky Helmet|[of] p1a: Corviknight\n|-enditem|p1a: Corviknight|Rocky Helmet|[from] move: Knock Off|[of] p2a: Okidogi\n|\n|upkeep\n|turn|3\n|\n|t:|1700279148\n|switch|p2a: Rotom|Rotom-Heat|100\/100\n|move|p1a: Corviknight|Roost|p1a: Corviknight\n|-heal|p1a: Corviknight|100\/100\n|-singleturn|p1a: Corviknight|move: Roost\n|\n|upkeep\n|turn|4\n|\n|t:|1700279153\n|switch|p1a: Clodsire|Clodsire, F|100\/100\n|move|p2a: Rotom|Volt Switch|p1a: Clodsire\n|-immune|p1a: Clodsire\n|\n|upkeep\n|turn|5\n|\n|t:|1700279156\n|move|p2a: Rotom|Will-O-Wisp|p1a: Clodsire|[miss]\n|-miss|p2a: Rotom|p1a: Clodsire\n|move|p1a: Clodsire|Toxic Spikes|p2a: Rotom\n|-sidestart|p2: tera if u suck|move: Toxic Spikes\n|\n|upkeep\n|turn|6\n|\n|t:|1700279162\n|switch|p1a: Blissey|Blissey, F|100\/100\n|move|p2a: Rotom|Will-O-Wisp|p1a: Blissey\n|-status|p1a: Blissey|brn\n|\n|-damage|p1a: Blissey|94\/100 brn|[from] brn\n|upkeep\n|turn|7\n|\n|t:|1700279165\n|move|p2a: Rotom|Volt Switch|p1a: Blissey\n|-damage|p1a: Blissey|85\/100 brn\n|\n|t:|1700279166\n|switch|p2a: Okidogi|Okidogi, M|76\/100|[from] Volt Switch\n|-sideend|p2: tera if u suck|move: Toxic Spikes|[of] p2a: Okidogi\n|move|p1a: Blissey|Stealth Rock|p2a: Okidogi\n|-sidestart|p2: tera if u suck|move: Stealth Rock\n|\n|-damage|p1a: Blissey|79\/100 brn|[from] brn\n|upkeep\n|turn|8\n|\n|t:|1700279169\n|-curestatus|p1a: Blissey|brn|[from] ability: Natural Cure\n|switch|p1a: Corviknight|Corviknight, F|100\/100\n|-ability|p1a: Corviknight|Pressure\n|move|p2a: Okidogi|Ice Punch|p1a: Corviknight\n|-damage|p1a: Corviknight|82\/100\n|\n|upkeep\n|turn|9\n|\n|t:|1700279176\n|switch|p2a: Corviknight|Corviknight, F|100\/100\n|-damage|p2a: Corviknight|88\/100|[from] Stealth Rock\n|move|p1a: Corviknight|U-turn|p2a: Corviknight\n|-resisted|p2a: Corviknight\n|-damage|p2a: Corviknight|86\/100\n|-damage|p1a: Corviknight|66\/100|[from] item: Rocky Helmet|[of] p2a: Corviknight\n|\n|t:|1700279185\n|switch|p1a: Clefable|Clefable, F|100\/100|[from] U-turn\n|\n|upkeep\n|turn|10\n|\n|t:|1700279188\n|move|p1a: Clefable|Knock Off|p2a: Corviknight\n|-damage|p2a: Corviknight|73\/100\n|-enditem|p2a: Corviknight|Rocky Helmet|[from] move: Knock Off|[of] p1a: Clefable\n|move|p2a: Corviknight|Defog|p1a: Clefable\n|-unboost|p1a: Clefable|evasion|1\n|-sideend|p2: tera if u suck|Stealth Rock|[from] move: Defog|[of] p2a: Corviknight\n|\n|upkeep\n|turn|11\n|\n|t:|1700279191\n|move|p1a: Clefable|Wish|p1a: Clefable\n|move|p2a: Corviknight|U-turn|p1a: Clefable\n|-resisted|p1a: Clefable\n|-damage|p1a: Clefable|92\/100\n|\n|t:|1700279195\n|switch|p2a: Okidogi|Okidogi, M|76\/100|[from] U-turn\n|\n|-heal|p1a: Clefable|98\/100|[from] item: Leftovers\n|upkeep\n|turn|12\n|\n|t:|1700279207\n|switch|p2a: Clefable|Clefable, F|100\/100\n|switch|p1a: Corviknight|Corviknight, F|66\/100\n|-ability|p1a: Corviknight|Pressure\n|\n|-heal|p1a: Corviknight|100\/100|[from] move: Wish|[wisher] Clefable\n|upkeep\n|turn|13\n|\n|t:|1700279211\n|move|p1a: Corviknight|U-turn|p2a: Clefable\n|-resisted|p2a: Clefable\n|-crit|p2a: Clefable\n|-damage|p2a: Clefable|90\/100\n|\n|t:|1700279214\n|switch|p1a: Clodsire|Clodsire, F|100\/100|[from] U-turn\n|move|p2a: Clefable|Stealth Rock|p1a: Clodsire\n|-sidestart|p1: idunno_honestly|move: Stealth Rock\n|\n|upkeep\n|turn|14\n|\n|t:|1700279219\n|switch|p2a: Corviknight|Corviknight, F|73\/100\n|move|p1a: Clodsire|Spikes|p2a: Corviknight\n|-sidestart|p2: tera if u suck|Spikes\n|\n|upkeep\n|turn|15\n|\n|t:|1700279234\n|move|p2a: Corviknight|Brave Bird|p1a: Clodsire\n|-damage|p1a: Clodsire|59\/100\n|-damage|p2a: Corviknight|57\/100|[from] Recoil\n|move|p1a: Clodsire|Spikes|p2a: Corviknight\n|-sidestart|p2: tera if u suck|Spikes\n|\n|upkeep\n|turn|16\n|\n|t:|1700279239\n|move|p2a: Corviknight|Brave Bird|p1a: Clodsire\n|-damage|p1a: Clodsire|22\/100\n|-damage|p2a: Corviknight|43\/100|[from] Recoil\n|move|p1a: Clodsire|Recover|p1a: Clodsire\n|-heal|p1a: Clodsire|72\/100\n|\n|upkeep\n|turn|17\n|\n|t:|1700279243\n|move|p2a: Corviknight|Roost|p2a: Corviknight\n|-heal|p2a: Corviknight|93\/100\n|-singleturn|p2a: Corviknight|move: Roost\n|move|p1a: Clodsire|Recover|p1a: Clodsire\n|-heal|p1a: Clodsire|100\/100\n|\n|upkeep\n|turn|18\n|\n|t:|1700279247\n|move|p2a: Corviknight|Brave Bird|p1a: Clodsire\n|-damage|p1a: Clodsire|61\/100\n|-damage|p2a: Corviknight|78\/100|[from] Recoil\n|move|p1a: Clodsire|Toxic Spikes|p2a: Corviknight\n|-sidestart|p2: tera if u suck|move: Toxic Spikes\n|\n|upkeep\n|turn|19\n|\n|t:|1700279250\n|move|p2a: Corviknight|Brave Bird|p1a: Clodsire\n|-damage|p1a: Clodsire|21\/100\n|-damage|p2a: Corviknight|62\/100|[from] Recoil\n|move|p1a: Clodsire|Recover|p1a: Clodsire\n|-heal|p1a: Clodsire|71\/100\n|\n|upkeep\n|turn|20\n|\n|t:|1700279254\n|move|p2a: Corviknight|Brave Bird|p1a: Clodsire\n|-crit|p1a: Clodsire\n|-damage|p1a: Clodsire|13\/100\n|-damage|p2a: Corviknight|40\/100|[from] Recoil\n|move|p1a: Clodsire|Recover|p1a: Clodsire\n|-heal|p1a: Clodsire|63\/100\n|\n|upkeep\n|turn|21\n|\n|t:|1700279260\n|move|p2a: Corviknight|Brave Bird|p1a: Clodsire\n|-damage|p1a: Clodsire|22\/100\n|-damage|p2a: Corviknight|25\/100|[from] Recoil\n|move|p1a: Clodsire|Earthquake|p2a: Corviknight\n|-immune|p2a: Corviknight\n|\n|upkeep\n|turn|22\n|\n|t:|1700279265\n|switch|p1a: Alomomola|Alomomola, F|100\/100\n|move|p2a: Corviknight|Roost|p2a: Corviknight\n|-heal|p2a: Corviknight|75\/100\n|-singleturn|p2a: Corviknight|move: Roost\n|\n|upkeep\n|turn|23\n|\n|t:|1700279269\n|move|p1a: Alomomola|Wish|p1a: Alomomola\n|move|p2a: Corviknight|U-turn|p1a: Alomomola\n|-damage|p1a: Alomomola|93\/100\n|\n|t:|1700279276\n|switch|p2a: Okidogi|Okidogi, M|76\/100|[from] U-turn\n|-damage|p2a: Okidogi|60\/100|[from] Spikes\n|-sideend|p2: tera if u suck|move: Toxic Spikes|[of] p2a: Okidogi\n|\n|upkeep\n|turn|24\n|\n|t:|1700279279\n|move|p2a: Okidogi|Close Combat|p1a: Alomomola\n|-damage|p1a: Alomomola|54\/100\n|-unboost|p2a: Okidogi|def|1\n|-unboost|p2a: Okidogi|spd|1\n|-status|p1a: Alomomola|tox|[from] ability: Toxic Chain|[of] p2a: Okidogi\n|move|p1a: Alomomola|Flip Turn|p2a: Okidogi\n|-damage|p2a: Okidogi|38\/100\n|\n|t:|1700279283\n|switch|p1a: Clodsire|Clodsire, F|22\/100|[from] Flip Turn\n|\n|-heal|p1a: Clodsire|79\/100|[from] move: Wish|[wisher] Alomomola\n|upkeep\n|turn|25\n|\n|t:|1700279288\n|move|p2a: Okidogi|Ice Punch|p1a: Clodsire\n|-supereffective|p1a: Clodsire\n|-damage|p1a: Clodsire|19\/100\n|move|p1a: Clodsire|Earthquake|p2a: Okidogi\n|-supereffective|p2a: Okidogi\n|-damage|p2a: Okidogi|0 fnt\n|faint|p2a: Okidogi\n|\n|upkeep\n|\n|t:|1700279298\n|switch|p2a: Corviknight|Corviknight, F|75\/100\n|turn|26\n|\n|t:|1700279301\n|switch|p1a: Alomomola|Alomomola, F|88\/100 tox\n|move|p2a: Corviknight|Brave Bird|p1a: Alomomola\n|-damage|p1a: Alomomola|68\/100 tox\n|-damage|p2a: Corviknight|66\/100|[from] Recoil\n|\n|-damage|p1a: Alomomola|62\/100 tox|[from] psn\n|upkeep\n|turn|27\n|\n|t:|1700279307\n|move|p1a: Alomomola|Wish|p1a: Alomomola\n|move|p2a: Corviknight|Defog|p1a: Alomomola\n|-unboost|p1a: Alomomola|evasion|1\n|-sideend|p1: idunno_honestly|Stealth Rock|[from] move: Defog|[of] p2a: Corviknight\n|-sideend|p2: tera if u suck|Spikes|[from] move: Defog|[of] p2a: Corviknight\n|\n|-damage|p1a: Alomomola|50\/100 tox|[from] psn\n|upkeep\n|turn|28\n|\n|t:|1700279314\n|switch|p2a: Dragapult|Dragapult, F|100\/100\n|move|p1a: Alomomola|Protect||[still]\n|-fail|p1a: Alomomola\n|\n|-heal|p1a: Alomomola|99\/100 tox|[from] move: Wish|[wisher] Alomomola\n|-damage|p1a: Alomomola|81\/100 tox|[from] psn\n|upkeep\n|turn|29\n|\n|t:|1700279320\n|switch|p2a: Corviknight|Corviknight, F|66\/100\n|switch|p1a: Clefable|Clefable, F|98\/100\n|\n|-heal|p1a: Clefable|100\/100|[from] item: Leftovers\n|upkeep\n|turn|30\n|\n|t:|1700279328\n|move|p1a: Clefable|Wish|p1a: Clefable\n|move|p2a: Corviknight|U-turn|p1a: Clefable\n|-resisted|p1a: Clefable\n|-damage|p1a: Clefable|93\/100\n|\n|t:|1700279335\n|switch|p2a: Dragapult|Dragapult, F|100\/100|[from] U-turn\n|\n|-heal|p1a: Clefable|99\/100|[from] item: Leftovers\n|upkeep\n|turn|31\n|\n|t:|1700279341\n|switch|p1a: Clodsire|Clodsire, F|19\/100\n|move|p2a: Dragapult|Will-O-Wisp|p1a: Clodsire\n|-status|p1a: Clodsire|brn\n|\n|-heal|p1a: Clodsire|62\/100 brn|[from] move: Wish|[wisher] Clefable\n|-damage|p1a: Clodsire|56\/100 brn|[from] brn\n|upkeep\n|turn|32\n|\n|t:|1700279346\n|switch|p2a: Corviknight|Corviknight, F|66\/100\n|move|p1a: Clodsire|Recover|p1a: Clodsire\n|-heal|p1a: Clodsire|100\/100 brn\n|\n|-damage|p1a: Clodsire|94\/100 brn|[from] brn\n|upkeep\n|turn|33\n|\n|t:|1700279353\n|switch|p1a: Dondozo|Dondozo, F|100\/100\n|move|p2a: Corviknight|Brave Bird|p1a: Dondozo\n|-damage|p1a: Dondozo|85\/100\n|-damage|p2a: Corviknight|60\/100|[from] Recoil\n|\n|upkeep\n|turn|34\n|\n|t:|1700279357\n|move|p2a: Corviknight|U-turn|p1a: Dondozo\n|-damage|p1a: Dondozo|79\/100\n|\n|t:|1700279359\n|switch|p2a: Rotom|Rotom-Heat|100\/100|[from] U-turn\n|move|p1a: Dondozo|Waterfall|p2a: Rotom\n|-supereffective|p2a: Rotom\n|-damage|p2a: Rotom|52\/100\n|\n|-heal|p2a: Rotom|59\/100|[from] item: Leftovers\n|upkeep\n|turn|35\n|\n|t:|1700279365\n|switch|p1a: Blissey|Blissey, F|79\/100\n|move|p2a: Rotom|Overheat|p1a: Blissey\n|-damage|p1a: Blissey|62\/100\n|-unboost|p2a: Rotom|spa|2\n|\n|-heal|p2a: Rotom|65\/100|[from] item: Leftovers\n|upkeep\n|turn|36\n|\n|t:|1700279368\n|move|p2a: Rotom|Volt Switch|p1a: Blissey\n|-damage|p1a: Blissey|58\/100\n|\n|t:|1700279371\n|switch|p2a: Dragapult|Dragapult, F|100\/100|[from] Volt Switch\n|move|p1a: Blissey|Stealth Rock|p2a: Dragapult\n|-sidestart|p2: tera if u suck|move: Stealth Rock\n|\n|upkeep\n|turn|37\n|\n|t:|1700279376\n|switch|p1a: Clefable|Clefable, F|99\/100\n|move|p2a: Dragapult|Draco Meteor|p1a: Clefable\n|-immune|p1a: Clefable\n|\n|-heal|p1a: Clefable|100\/100|[from] item: Leftovers\n|upkeep\n|turn|38\n|\n|t:|1700279381\n|switch|p2a: Corviknight|Corviknight, F|60\/100\n|-damage|p2a: Corviknight|47\/100|[from] Stealth Rock\n|move|p1a: Clefable|Knock Off|p2a: Corviknight\n|-damage|p2a: Corviknight|39\/100\n|\n|upkeep\n|turn|39\n|\n|t:|1700279391\n|switch|p1a: Dondozo|Dondozo, F|79\/100\n|move|p2a: Corviknight|Roost|p2a: Corviknight\n|-heal|p2a: Corviknight|89\/100\n|-singleturn|p2a: Corviknight|move: Roost\n|\n|upkeep\n|turn|40\n|\n|t:|1700279412\n|move|p2a: Corviknight|Defog|p1a: Dondozo\n|-unboost|p1a: Dondozo|evasion|1\n|-sideend|p2: tera if u suck|Stealth Rock|[from] move: Defog|[of] p2a: Corviknight\n|move|p1a: Dondozo|Waterfall|p2a: Corviknight\n|-damage|p2a: Corviknight|67\/100\n|\n|upkeep\n|turn|41\n|\n|t:|1700279419\n|switch|p2a: Clefable|Clefable, F|90\/100\n|move|p1a: Dondozo|Curse|p1a: Dondozo\n|-unboost|p1a: Dondozo|spe|1\n|-boost|p1a: Dondozo|atk|1\n|-boost|p1a: Dondozo|def|1\n|\n|upkeep\n|turn|42\n|\n|t:|1700279424\n|move|p2a: Clefable|Stealth Rock|p1a: Dondozo\n|-sidestart|p1: idunno_honestly|move: Stealth Rock\n|move|p1a: Dondozo|Waterfall|p2a: Clefable\n|-damage|p2a: Clefable|60\/100\n|\n|upkeep\n|turn|43\n|\n|t:|1700279429\n|move|p2a: Clefable|Moonblast|p1a: Dondozo\n|-damage|p1a: Dondozo|47\/100\n|-unboost|p1a: Dondozo|spa|1\n|move|p1a: Dondozo|Waterfall|p2a: Clefable\n|-damage|p2a: Clefable|29\/100\n|\n|upkeep\n|turn|44\n|\n|t:|1700279436\n|switch|p2a: Dragapult|Dragapult, F|100\/100\n|switch|p1a: Clodsire|Clodsire, F|94\/100 brn\n|\n|-damage|p1a: Clodsire|88\/100 brn|[from] brn\n|upkeep\n|turn|45\n|\n|t:|1700279443\n|move|p2a: Dragapult|Hex|p1a: Clodsire\n|-damage|p1a: Clodsire|43\/100 brn\n|move|p1a: Clodsire|Spikes|p2a: Dragapult\n|-sidestart|p2: tera if u suck|Spikes\n|\n|-damage|p1a: Clodsire|37\/100 brn|[from] brn\n|upkeep\n|turn|46\n|\n|t:|1700279448\n|switch|p2a: Moltres|Moltres-Galar|100\/100\n|switch|p1a: Clefable|Clefable, F|100\/100\n|\n|upkeep\n|turn|47\n|\n|t:|1700279452\n|move|p2a: Moltres|Nasty Plot|p2a: Moltres\n|-boost|p2a: Moltres|spa|2\n|move|p1a: Clefable|Moonblast|p2a: Moltres\n|-supereffective|p2a: Moltres\n|-damage|p2a: Moltres|50\/100\n|-ability|p2a: Moltres|Berserk|boost\n|-boost|p2a: Moltres|spa|1\n|-enditem|p2a: Moltres|Sitrus Berry|[eat]\n|-heal|p2a: Moltres|75\/100|[from] item: Sitrus Berry\n|\n|upkeep\n|turn|48\n|\n|t:|1700279469\n|move|p2a: Moltres|Air Slash|p1a: Clefable\n|-damage|p1a: Clefable|45\/100\n|move|p1a: Clefable|Moonblast|p2a: Moltres\n|-supereffective|p2a: Moltres\n|-damage|p2a: Moltres|30\/100\n|-ability|p2a: Moltres|Berserk|boost\n|-boost|p2a: Moltres|spa|1\n|\n|-heal|p1a: Clefable|51\/100|[from] item: Leftovers\n|upkeep\n|turn|49\n|\n|t:|1700279486\n|move|p1a: Clefable|Protect|p1a: Clefable\n|-singleturn|p1a: Clefable|Protect\n|move|p2a: Moltres|Air Slash|p1a: Clefable\n|-activate|p1a: Clefable|move: Protect\n|\n|-heal|p1a: Clefable|57\/100|[from] item: Leftovers\n|upkeep\n|turn|50\n|\n|t:|1700279509\n|switch|p1a: Dondozo|Dondozo, F|47\/100\n|move|p2a: Moltres|Air Slash|p1a: Dondozo\n|-damage|p1a: Dondozo|11\/100\n|\n|upkeep\n|turn|51\n|\n|t:|1700279513\n|move|p2a: Moltres|Air Slash|p1a: Dondozo|[miss]\n|-miss|p2a: Moltres|p1a: Dondozo\n|move|p1a: Dondozo|Rest|p1a: Dondozo\n|-status|p1a: Dondozo|slp|[from] move: Rest\n|-heal|p1a: Dondozo|100\/100 slp|[silent]\n|\n|upkeep\n|turn|52\n|\n|t:|1700279518\n|move|p2a: Moltres|Nasty Plot|p2a: Moltres\n|-boost|p2a: Moltres|spa|2\n|cant|p1a: Dondozo|slp\n|move|p1a: Dondozo|Sleep Talk|p1a: Dondozo\n|move|p1a: Dondozo|Rest||[from]move: Sleep Talk|[still]\n|-fail|p1a: Dondozo\n|\n|upkeep\n|turn|53\n|\n|t:|1700279523\n|move|p2a: Moltres|Fiery Wrath|p1a: Dondozo\n|-damage|p1a: Dondozo|56\/100 slp\n|cant|p1a: Dondozo|slp\n|move|p1a: Dondozo|Sleep Talk|p1a: Dondozo\n|move|p1a: Dondozo|Rest||[from]move: Sleep Talk|[still]\n|-fail|p1a: Dondozo\n|\n|upkeep\n|turn|54\n|\n|t:|1700279530\n|move|p2a: Moltres|Fiery Wrath|p1a: Dondozo\n|-damage|p1a: Dondozo|13\/100 slp\n|-curestatus|p1a: Dondozo|slp|[msg]\n|cant|p1a: Dondozo|flinch\n|\n|upkeep\n|turn|55\n|\n|t:|1700279537\n|move|p2a: Moltres|Fiery Wrath|p1a: Dondozo\n|-damage|p1a: Dondozo|0 fnt\n|faint|p1a: Dondozo\n|\n|upkeep\n|\n|t:|1700279541\n|switch|p1a: Clodsire|Clodsire, F|37\/100 brn\n|turn|56\n|\n|t:|1700279547\n|move|p2a: Moltres|Fiery Wrath|p1a: Clodsire\n|-damage|p1a: Clodsire|16\/100 brn\n|cant|p1a: Clodsire|flinch\n|\n|-damage|p1a: Clodsire|10\/100 brn|[from] brn\n|upkeep\n|turn|57\n|\n|t:|1700279556\n|move|p2a: Moltres|Fiery Wrath|p1a: Clodsire\n|-damage|p1a: Clodsire|0 fnt\n|faint|p1a: Clodsire\n|\n|upkeep\n|\n|t:|1700279559\n|switch|p1a: Blissey|Blissey, F|58\/100\n|turn|58\n|\n|t:|1700279564\n|move|p2a: Moltres|Fiery Wrath|p1a: Blissey\n|-damage|p1a: Blissey|0 fnt\n|faint|p1a: Blissey\n|\n|upkeep\n|\n|t:|1700279581\n|switch|p1a: Clefable|Clefable, F|57\/100\n|turn|59\n|\n|t:|1700279585\n|move|p2a: Moltres|Air Slash|p1a: Clefable\n|-damage|p1a: Clefable|0 fnt\n|faint|p1a: Clefable\n|\n|upkeep\n|-message|idunno_honestly forfeited.\n|\n|win|tera if u suck\n|raw|idunno_honestly's rating: 1336 &rarr; <strong>1320<\/strong><br \/>(-16 for losing)\n|raw|tera if u suck's rating: 1402 &rarr; <strong>1418<\/strong><br \/>(+16 for winning)\n|l|\u2606idunno_honestly\n","uploadtime":1700279625,"views":32,"p1id":"idunnohonestly","p2id":"teraifusuck","formatid":"gen9ou","rating":1320,"private":0,"password":""}