{"id":"gen9ou-1998351268","p1":"MT pear","p2":"hermosoxd","format":"[Gen 9] OU","log":"|j|\u2606MT pear\n|j|\u2606hermosoxd\n|t:|1700932618\n|gametype|singles\n|player|p1|MT pear|caitlin-masters|1111\n|player|p2|hermosoxd|169|1063\n|teamsize|p1|6\n|teamsize|p2|6\n|gen|9\n|tier|[Gen 9] OU\n|rated|\n|rule|Sleep Clause Mod: Limit one foe put to sleep\n|rule|Species Clause: Limit one of each Pok\u00e9mon\n|rule|OHKO Clause: OHKO moves are banned\n|rule|Evasion Items Clause: Evasion items are banned\n|rule|Evasion Moves Clause: Evasion moves are banned\n|rule|Endless Battle Clause: Forcing endless battles is banned\n|rule|HP Percentage Mod: HP is shown in percentages\n|clearpoke\n|poke|p1|Greninja-*, M|\n|poke|p1|Torterra, M|\n|poke|p1|Magnezone|\n|poke|p1|Chandelure, F|\n|poke|p1|Salamence, M|\n|poke|p1|Hatterene, F|\n|poke|p2|Sinistcha|\n|poke|p2|Samurott-Hisui, M|\n|poke|p2|Kricketune, F|\n|poke|p2|Glimmora, F|\n|poke|p2|Garganacl, F|\n|poke|p2|Grafaiai, F|\n|teampreview\n|\n|t:|1700932628\n|start\n|switch|p1a: Gobby|Greninja, M, shiny|100\/100\n|switch|p2a: Grafaiai|Grafaiai, F, shiny|100\/100\n|turn|1\n|\n|t:|1700932638\n|move|p1a: Gobby|Spikes|p2a: Grafaiai\n|-start|p1a: Gobby|typechange|Ground|[from] ability: Protean\n|-sidestart|p2: hermosoxd|Spikes\n|move|p2a: Grafaiai|Knock Off|p1a: Gobby\n|-damage|p1a: Gobby|53\/100\n|-enditem|p1a: Gobby|Expert Belt|[from] move: Knock Off|[of] p2a: Grafaiai\n|\n|upkeep\n|turn|2\n|\n|t:|1700932648\n|move|p1a: Gobby|Spikes|p2a: Grafaiai\n|-sidestart|p2: hermosoxd|Spikes\n|move|p2a: Grafaiai|Knock Off|p1a: Gobby\n|-damage|p1a: Gobby|20\/100\n|\n|upkeep\n|turn|3\n|\n|t:|1700932656\n|move|p1a: Gobby|Spikes|p2a: Grafaiai\n|-sidestart|p2: hermosoxd|Spikes\n|move|p2a: Grafaiai|Knock Off|p1a: Gobby\n|-damage|p1a: Gobby|0 fnt\n|faint|p1a: Gobby\n|\n|upkeep\n|\n|t:|1700932664\n|switch|p1a: Galactric|Magnezone|100\/100\n|turn|4\n|\n|t:|1700932668\n|move|p2a: Grafaiai|Knock Off|p1a: Galactric\n|-damage|p1a: Galactric|80\/100\n|-enditem|p1a: Galactric|Leftovers|[from] move: Knock Off|[of] p2a: Grafaiai\n|move|p1a: Galactric|Iron Defense|p1a: Galactric\n|-boost|p1a: Galactric|def|2\n|\n|upkeep\n|turn|5\n|\n|t:|1700932676\n|move|p2a: Grafaiai|Encore|p1a: Galactric\n|-start|p1a: Galactric|Encore\n|move|p1a: Galactric|Iron Defense|p1a: Galactric\n|-boost|p1a: Galactric|def|2\n|\n|upkeep\n|turn|6\n|\n|t:|1700932684\n|switch|p1a: Jet|Salamence, M|100\/100\n|-ability|p1a: Jet|Intimidate|boost\n|-unboost|p2a: Grafaiai|atk|1\n|move|p2a: Grafaiai|Knock Off|p1a: Jet\n|-damage|p1a: Jet|89\/100\n|-damage|p2a: Grafaiai|84\/100|[from] item: Rocky Helmet|[of] p1a: Jet\n|-enditem|p1a: Jet|Rocky Helmet|[from] move: Knock Off|[of] p2a: Grafaiai\n|\n|-heal|p2a: Grafaiai|90\/100|[from] item: Black Sludge\n|upkeep\n|turn|7\n|\n|t:|1700932696\n|move|p2a: Grafaiai|Parting Shot|p1a: Jet\n|-unboost|p1a: Jet|atk|1\n|-unboost|p1a: Jet|spa|1\n|\n|t:|1700932701\n|switch|p2a: Garganacl|Garganacl, F, shiny|100\/100|[from] Parting Shot\n|-damage|p2a: Garganacl|76\/100|[from] Spikes\n|move|p1a: Jet|Earthquake|p2a: Garganacl\n|-supereffective|p2a: Garganacl\n|-damage|p2a: Garganacl|47\/100\n|\n|-heal|p2a: Garganacl|53\/100|[from] item: Leftovers\n|upkeep\n|turn|8\n|\n|t:|1700932713\n|switch|p1a: Franklin|Torterra, M|100\/100\n|move|p2a: Garganacl|Salt Cure|p1a: Franklin\n|-resisted|p1a: Franklin\n|-damage|p1a: Franklin|92\/100\n|-start|p1a: Franklin|Salt Cure\n|\n|-heal|p2a: Garganacl|59\/100|[from] item: Leftovers\n|-damage|p1a: Franklin|80\/100|[from] Salt Cure\n|upkeep\n|turn|9\n|\n|t:|1700932724\n|switch|p2a: Grafaiai|Grafaiai, F, shiny|90\/100\n|-damage|p2a: Grafaiai|65\/100|[from] Spikes\n|move|p1a: Franklin|Shell Smash|p1a: Franklin\n|-unboost|p1a: Franklin|def|1\n|-unboost|p1a: Franklin|spd|1\n|-boost|p1a: Franklin|atk|2\n|-boost|p1a: Franklin|spa|2\n|-boost|p1a: Franklin|spe|2\n|-enditem|p1a: Franklin|White Herb\n|-clearnegativeboost|p1a: Franklin|[silent]\n|\n|-heal|p2a: Grafaiai|71\/100|[from] item: Black Sludge\n|-damage|p1a: Franklin|68\/100|[from] Salt Cure\n|upkeep\n|turn|10\n|\n|t:|1700932741\n|switch|p1a: Galactric|Magnezone|80\/100\n|move|p2a: Grafaiai|Encore||[still]\n|-fail|p2a: Grafaiai\n|\n|-heal|p2a: Grafaiai|78\/100|[from] item: Black Sludge\n|upkeep\n|turn|11\n|\n|t:|1700932749\n|move|p2a: Grafaiai|Knock Off|p1a: Galactric\n|-damage|p1a: Galactric|66\/100\n|move|p1a: Galactric|Discharge|p2a: Grafaiai\n|-damage|p2a: Grafaiai|19\/100\n|-status|p2a: Grafaiai|par\n|\n|-heal|p2a: Grafaiai|25\/100 par|[from] item: Black Sludge\n|upkeep\n|turn|12\n|\n|t:|1700932760\n|move|p2a: Grafaiai|Parting Shot|p1a: Galactric\n|-unboost|p1a: Galactric|atk|1\n|-unboost|p1a: Galactric|spa|1\n|\n|t:|1700932763\n|switch|p2a: Sinistcha|Sinistcha|100\/100|[from] Parting Shot\n|-damage|p2a: Sinistcha|76\/100|[from] Spikes\n|move|p1a: Galactric|Discharge|p2a: Sinistcha\n|-resisted|p2a: Sinistcha\n|-damage|p2a: Sinistcha|59\/100\n|-status|p2a: Sinistcha|par\n|\n|-heal|p2a: Sinistcha|66\/100 par|[from] item: Leftovers\n|upkeep\n|turn|13\n|\n|t:|1700932776\n|switch|p1a: Jet|Salamence, M|89\/100\n|-ability|p1a: Jet|Intimidate|boost\n|-unboost|p2a: Sinistcha|atk|1\n|move|p2a: Sinistcha|Substitute|p2a: Sinistcha\n|-start|p2a: Sinistcha|Substitute\n|-damage|p2a: Sinistcha|41\/100 par\n|\n|-heal|p2a: Sinistcha|47\/100 par|[from] item: Leftovers\n|upkeep\n|turn|14\n|\n|t:|1700932786\n|move|p1a: Jet|Dual Wingbeat|p2a: Sinistcha\n|-supereffective|p2a: Sinistcha\n|-end|p2a: Sinistcha|Substitute\n|-supereffective|p2a: Sinistcha\n|-damage|p2a: Sinistcha|10\/100 par\n|-hitcount|p2a: Sinistcha|2\n|move|p2a: Sinistcha|Strength Sap|p1a: Jet\n|-unboost|p1a: Jet|atk|1\n|-heal|p2a: Sinistcha|100\/100 par\n|\n|upkeep\n|turn|15\n|\n|t:|1700932798\n|switch|p1a: Lampiette|Chandelure, F|100\/100\n|move|p2a: Sinistcha|Matcha Gotcha|p1a: Lampiette\n|-resisted|p1a: Lampiette\n|-damage|p1a: Lampiette|77\/100\n|\n|upkeep\n|turn|16\n|\n|t:|1700932811\n|-terastallize|p2a: Sinistcha|Normal\n|move|p1a: Lampiette|Shadow Ball|p2a: Sinistcha\n|-immune|p2a: Sinistcha\n|move|p2a: Sinistcha|Shadow Ball|p1a: Lampiette\n|-supereffective|p1a: Lampiette\n|-damage|p1a: Lampiette|0 fnt\n|faint|p1a: Lampiette\n|\n|upkeep\n|\n|t:|1700932822\n|switch|p1a: Galactric|Magnezone|66\/100\n|turn|17\n|\n|t:|1700932827\n|move|p1a: Galactric|Iron Defense|p1a: Galactric\n|-boost|p1a: Galactric|def|2\n|cant|p2a: Sinistcha|par\n|\n|upkeep\n|turn|18\n|\n|t:|1700932834\n|move|p1a: Galactric|Body Press|p2a: Sinistcha\n|-supereffective|p2a: Sinistcha\n|-damage|p2a: Sinistcha|7\/100 par\n|move|p2a: Sinistcha|Matcha Gotcha|p1a: Galactric\n|-resisted|p1a: Galactric\n|-damage|p1a: Galactric|49\/100\n|-heal|p2a: Sinistcha|17\/100 par|[from] drain|[of] p1a: Galactric\n|-status|p1a: Galactric|brn\n|\n|-heal|p2a: Sinistcha|23\/100 par|[from] item: Leftovers\n|-damage|p1a: Galactric|43\/100 brn|[from] brn\n|upkeep\n|turn|19\n|-message|MT pear forfeited.\n|\n|win|hermosoxd\n|raw|MT pear's rating: 1111 &rarr; <strong>1083<\/strong><br \/>(-28 for losing)\n|raw|hermosoxd's rating: 1063 &rarr; <strong>1098<\/strong><br \/>(+35 for winning)\n|l|\u2606MT pear\n","uploadtime":1700932858,"views":2,"p1id":"mtpear","p2id":"hermosoxd","formatid":"gen9ou","rating":1083,"private":0,"password":""}