{"id":"gen9ou-1991573926","p1":"Cacahead","p2":"Sindicate VI","format":"[Gen 9] OU","log":"|j|\u2606Cacahead\n|j|\u2606Sindicate VI\n|t:|1700089879\n|gametype|singles\n|player|p1|Cacahead|265|1392\n|player|p2|Sindicate VI|266|1522\n|teamsize|p1|6\n|teamsize|p2|6\n|gen|9\n|tier|[Gen 9] OU\n|rated|\n|rule|Sleep Clause Mod: Limit one foe put to sleep\n|rule|Species Clause: Limit one of each Pok\u00e9mon\n|rule|OHKO Clause: OHKO moves are banned\n|rule|Evasion Items Clause: Evasion items are banned\n|rule|Evasion Moves Clause: Evasion moves are banned\n|rule|Endless Battle Clause: Forcing endless battles is banned\n|rule|HP Percentage Mod: HP is shown in percentages\n|clearpoke\n|poke|p1|Gholdengo|\n|poke|p1|Decidueye-Hisui, F|\n|poke|p1|Garchomp, F|\n|poke|p1|Heatran, M|\n|poke|p1|Samurott-Hisui, F|\n|poke|p1|Zapdos|\n|poke|p2|Cinderace, M|\n|poke|p2|Hatterene, F|\n|poke|p2|Rillaboom, F|\n|poke|p2|Dragapult, F|\n|poke|p2|Landorus-Therian, M|\n|poke|p2|Milotic, M|\n|teampreview\n|inactive|Battle timer is ON: inactive players will automatically lose when time's up. (requested by Sindicate VI)\n|\n|t:|1700089904\n|start\n|switch|p1a: Gholdengo|Gholdengo|100\/100\n|switch|p2a: Cinderace|Cinderace, M|100\/100\n|turn|1\n|\n|t:|1700089909\n|move|p2a: Cinderace|U-turn|p1a: Gholdengo\n|-start|p2a: Cinderace|typechange|Bug|[from] ability: Libero\n|-resisted|p1a: Gholdengo\n|-damage|p1a: Gholdengo|95\/100\n|\n|t:|1700089913\n|switch|p2a: Milotic|Milotic, M|100\/100|[from] U-turn\n|move|p1a: Gholdengo|Thunder Wave|p2a: Milotic\n|-status|p2a: Milotic|par\n|\n|-heal|p1a: Gholdengo|100\/100|[from] item: Leftovers\n|upkeep\n|turn|2\n|\n|t:|1700089917\n|move|p1a: Gholdengo|Nasty Plot|p1a: Gholdengo\n|-boost|p1a: Gholdengo|spa|2\n|move|p2a: Milotic|Scald|p1a: Gholdengo\n|-damage|p1a: Gholdengo|73\/100\n|\n|-heal|p1a: Gholdengo|79\/100|[from] item: Leftovers\n|upkeep\n|turn|3\n|\n|t:|1700089921\n|move|p1a: Gholdengo|Nasty Plot|p1a: Gholdengo\n|-boost|p1a: Gholdengo|spa|2\n|cant|p2a: Milotic|par\n|\n|-heal|p1a: Gholdengo|85\/100|[from] item: Leftovers\n|upkeep\n|turn|4\n|\n|t:|1700089924\n|move|p1a: Gholdengo|Hex|p2a: Milotic\n|-damage|p2a: Milotic|0 fnt\n|faint|p2a: Milotic\n|\n|-heal|p1a: Gholdengo|91\/100|[from] item: Leftovers\n|upkeep\n|\n|t:|1700089928\n|switch|p2a: Dragapult|Dragapult, F|100\/100\n|turn|5\n|\n|t:|1700089934\n|-terastallize|p1a: Gholdengo|Flying\n|move|p2a: Dragapult|Substitute|p2a: Dragapult\n|-start|p2a: Dragapult|Substitute\n|-damage|p2a: Dragapult|76\/100\n|move|p1a: Gholdengo|Thunder Wave||[still]\n|-fail|p1a: Gholdengo\n|\n|-heal|p2a: Dragapult|82\/100|[from] item: Leftovers\n|-heal|p1a: Gholdengo|97\/100|[from] item: Leftovers\n|upkeep\n|turn|6\n|\n|t:|1700089940\n|move|p2a: Dragapult|Hex|p1a: Gholdengo\n|-damage|p1a: Gholdengo|65\/100\n|move|p1a: Gholdengo|Hex|p2a: Dragapult\n|-supereffective|p2a: Dragapult\n|-end|p2a: Dragapult|Substitute\n|\n|-heal|p2a: Dragapult|88\/100|[from] item: Leftovers\n|-heal|p1a: Gholdengo|71\/100|[from] item: Leftovers\n|upkeep\n|turn|7\n|\n|t:|1700089948\n|move|p2a: Dragapult|Hex|p1a: Gholdengo\n|-damage|p1a: Gholdengo|39\/100\n|move|p1a: Gholdengo|Hex|p2a: Dragapult\n|-supereffective|p2a: Dragapult\n|-damage|p2a: Dragapult|0 fnt\n|faint|p2a: Dragapult\n|\n|-heal|p1a: Gholdengo|45\/100|[from] item: Leftovers\n|upkeep\n|\n|t:|1700089954\n|switch|p2a: Cinderace|Cinderace, M|100\/100\n|turn|8\n|\n|t:|1700089957\n|move|p2a: Cinderace|Pyro Ball|p1a: Gholdengo\n|-damage|p1a: Gholdengo|3\/100\n|move|p1a: Gholdengo|Thunder Wave|p2a: Cinderace\n|-status|p2a: Cinderace|par\n|\n|-heal|p1a: Gholdengo|9\/100|[from] item: Leftovers\n|upkeep\n|turn|9\n|\n|t:|1700089960\n|cant|p2a: Cinderace|par\n|move|p1a: Gholdengo|Recover|p1a: Gholdengo\n|-heal|p1a: Gholdengo|59\/100\n|\n|-heal|p1a: Gholdengo|65\/100|[from] item: Leftovers\n|upkeep\n|turn|10\n|-message|Sindicate VI forfeited.\n|\n|win|Cacahead\n|raw|Cacahead's rating: 1392 &rarr; <strong>1419<\/strong><br \/>(+27 for winning)\n|raw|Sindicate VI's rating: 1522 &rarr; <strong>1495<\/strong><br \/>(-27 for losing)\n|l|\u2606Sindicate VI\n","uploadtime":1700089976,"views":14,"p1id":"cacahead","p2id":"sindicatevi","formatid":"gen9ou","rating":1419,"private":0,"password":""}