{"id":"gen9ou-1990866217","p1":"AubreyOmori1","p2":"fortnite messiah","format":"[Gen 9] OU","log":"|j|\u2606AubreyOmori1\n|j|\u2606fortnite messiah\n|t:|1700009196\n|gametype|singles\n|player|p1|AubreyOmori1|roxie|1194\n|player|p2|fortnite messiah|red-gen1main|1165\n|teamsize|p1|6\n|teamsize|p2|6\n|gen|9\n|tier|[Gen 9] OU\n|rated|\n|rule|Sleep Clause Mod: Limit one foe put to sleep\n|rule|Species Clause: Limit one of each Pok\u00e9mon\n|rule|OHKO Clause: OHKO moves are banned\n|rule|Evasion Items Clause: Evasion items are banned\n|rule|Evasion Moves Clause: Evasion moves are banned\n|rule|Endless Battle Clause: Forcing endless battles is banned\n|rule|HP Percentage Mod: HP is shown in percentages\n|clearpoke\n|poke|p1|Rillaboom, M|\n|poke|p1|Ogerpon-Wellspring, F|\n|poke|p1|Sneasler, F|\n|poke|p1|Manaphy|\n|poke|p1|Kingambit, M|\n|poke|p1|Heatran, M|\n|poke|p2|Lycanroc-Dusk, F|\n|poke|p2|Kingambit, M|\n|poke|p2|Iron Valiant|\n|poke|p2|Sandy Shocks|\n|poke|p2|Dragapult, F|\n|poke|p2|Skeledirge, M|\n|teampreview\n|inactive|Battle timer is ON: inactive players will automatically lose when time's up. (requested by fortnite messiah)\n|\n|t:|1700009207\n|start\n|switch|p1a: Donkey Kong|Rillaboom, M, shiny|100\/100\n|switch|p2a: VSS|Sandy Shocks|100\/100\n|-fieldstart|move: Grassy Terrain|[from] ability: Grassy Surge|[of] p1a: Donkey Kong\n|-enditem|p2a: VSS|Booster Energy\n|-activate|p2a: VSS|ability: Protosynthesis|[fromitem]\n|-start|p2a: VSS|protosynthesisspe\n|turn|1\n|\n|t:|1700009213\n|move|p2a: VSS|Stealth Rock|p1a: Donkey Kong\n|-sidestart|p1: AubreyOmori1|move: Stealth Rock\n|move|p1a: Donkey Kong|Wood Hammer|p2a: VSS\n|-supereffective|p2a: VSS\n|-damage|p2a: VSS|0 fnt\n|faint|p2a: VSS\n|-end|p2a: VSS|Protosynthesis|[silent]\n|-damage|p1a: Donkey Kong|69\/100|[from] Recoil\n|\n|-heal|p1a: Donkey Kong|75\/100|[from] Grassy Terrain\n|upkeep\n|\n|t:|1700009221\n|switch|p2a: skeledougie|Skeledirge, M|100\/100\n|turn|2\n|\n|t:|1700009226\n|switch|p1a: Mari|Manaphy, shiny|100\/100\n|-damage|p1a: Mari|88\/100|[from] Stealth Rock\n|move|p2a: skeledougie|Torch Song|p1a: Mari\n|-resisted|p1a: Mari\n|-damage|p1a: Mari|75\/100\n|-boost|p2a: skeledougie|spa|1\n|\n|-heal|p1a: Mari|81\/100|[from] Grassy Terrain\n|upkeep\n|turn|3\n|\n|t:|1700009238\n|move|p1a: Mari|Surf|p2a: skeledougie\n|-supereffective|p2a: skeledougie\n|-damage|p2a: skeledougie|51\/100\n|move|p2a: skeledougie|Will-O-Wisp|p1a: Mari|[miss]\n|-miss|p2a: skeledougie|p1a: Mari\n|\n|-heal|p1a: Mari|87\/100|[from] Grassy Terrain\n|-heal|p2a: skeledougie|57\/100|[from] Grassy Terrain\n|-heal|p2a: skeledougie|63\/100|[from] item: Leftovers\n|upkeep\n|turn|4\n|\n|t:|1700009242\n|move|p1a: Mari|Tail Glow|p1a: Mari\n|-boost|p1a: Mari|spa|3\n|move|p2a: skeledougie|Hex|p1a: Mari\n|-damage|p1a: Mari|54\/100\n|\n|-heal|p1a: Mari|60\/100|[from] Grassy Terrain\n|-heal|p2a: skeledougie|69\/100|[from] Grassy Terrain\n|-heal|p2a: skeledougie|75\/100|[from] item: Leftovers\n|upkeep\n|turn|5\n|\n|t:|1700009248\n|move|p1a: Mari|Surf|p2a: skeledougie\n|-supereffective|p2a: skeledougie\n|-damage|p2a: skeledougie|27\/100\n|move|p2a: skeledougie|Hex|p1a: Mari\n|-damage|p1a: Mari|27\/100\n|-enditem|p1a: Mari|Sitrus Berry|[eat]\n|-heal|p1a: Mari|52\/100|[from] item: Sitrus Berry\n|\n|-heal|p1a: Mari|58\/100|[from] Grassy Terrain\n|-heal|p2a: skeledougie|33\/100|[from] Grassy Terrain\n|-heal|p2a: skeledougie|39\/100|[from] item: Leftovers\n|-fieldend|move: Grassy Terrain\n|upkeep\n|turn|6\n|\n|t:|1700009254\n|move|p1a: Mari|Surf|p2a: skeledougie\n|-supereffective|p2a: skeledougie\n|-damage|p2a: skeledougie|0 fnt\n|faint|p2a: skeledougie\n|\n|upkeep\n|\n|t:|1700009260\n|switch|p2a: i shoot 4 fun|Dragapult, F|100\/100\n|turn|7\n|\n|t:|1700009263\n|move|p2a: i shoot 4 fun|Draco Meteor|p1a: Mari\n|-damage|p1a: Mari|0 fnt\n|-unboost|p2a: i shoot 4 fun|spa|2\n|faint|p1a: Mari\n|-damage|p2a: i shoot 4 fun|91\/100|[from] item: Life Orb\n|\n|upkeep\n|\n|t:|1700009269\n|switch|p1a: Donkey Kong|Rillaboom, M, shiny|75\/100\n|-damage|p1a: Donkey Kong|63\/100|[from] Stealth Rock\n|-fieldstart|move: Grassy Terrain|[from] ability: Grassy Surge|[of] p1a: Donkey Kong\n|turn|8\n|\n|t:|1700009277\n|switch|p2a: King Damn-bit|Kingambit, M|100\/100\n|-activate|p2a: King Damn-bit|ability: Supreme Overlord\n|-start|p2a: King Damn-bit|fallen2|[silent]\n|move|p1a: Donkey Kong|U-turn|p2a: King Damn-bit\n|-damage|p2a: King Damn-bit|70\/100\n|\n|t:|1700009282\n|switch|p1a: Ashlyn|Sneasler, F, shiny|100\/100|[from] U-turn\n|-damage|p1a: Ashlyn|95\/100|[from] Stealth Rock\n|-enditem|p1a: Ashlyn|Grassy Seed\n|-boost|p1a: Ashlyn|def|1|[from] item: Grassy Seed\n|\n|-heal|p1a: Ashlyn|100\/100|[from] Grassy Terrain\n|-heal|p2a: King Damn-bit|76\/100|[from] Grassy Terrain\n|-heal|p2a: King Damn-bit|82\/100|[from] item: Leftovers\n|upkeep\n|turn|9\n|\n|t:|1700009290\n|-end|p2a: King Damn-bit|fallen2|[silent]\n|switch|p2a: i shoot 4 fun|Dragapult, F|91\/100\n|move|p1a: Ashlyn|Swords Dance|p1a: Ashlyn\n|-boost|p1a: Ashlyn|atk|2\n|\n|-heal|p2a: i shoot 4 fun|97\/100|[from] Grassy Terrain\n|upkeep\n|turn|10\n|\n|t:|1700009300\n|move|p1a: Ashlyn|Acrobatics|p2a: i shoot 4 fun\n|-damage|p2a: i shoot 4 fun|0 fnt\n|faint|p2a: i shoot 4 fun\n|\n|upkeep\n|\n|t:|1700009304\n|switch|p2a: awoo-ga|Lycanroc-Dusk, F|100\/100\n|turn|11\n|\n|t:|1700009314\n|-terastallize|p1a: Ashlyn|Dark\n|move|p1a: Ashlyn|Close Combat|p2a: awoo-ga\n|-supereffective|p2a: awoo-ga\n|-damage|p2a: awoo-ga|0 fnt\n|-unboost|p1a: Ashlyn|def|1\n|-unboost|p1a: Ashlyn|spd|1\n|faint|p2a: awoo-ga\n|\n|upkeep\n|\n|t:|1700009318\n|switch|p2a: Iron Gender|Iron Valiant|100\/100\n|-enditem|p2a: Iron Gender|Booster Energy\n|-activate|p2a: Iron Gender|ability: Quark Drive|[fromitem]\n|-start|p2a: Iron Gender|quarkdrivespe\n|turn|12\n|\n|t:|1700009323\n|move|p1a: Ashlyn|Acrobatics|p2a: Iron Gender\n|-supereffective|p2a: Iron Gender\n|-damage|p2a: Iron Gender|0 fnt\n|faint|p2a: Iron Gender\n|-end|p2a: Iron Gender|Quark Drive|[silent]\n|\n|-fieldend|move: Grassy Terrain\n|upkeep\n|\n|t:|1700009325\n|switch|p2a: King Damn-bit|Kingambit, M|82\/100\n|-activate|p2a: King Damn-bit|ability: Supreme Overlord\n|-start|p2a: King Damn-bit|fallen5|[silent]\n|turn|13\n|\n|t:|1700009328\n|move|p1a: Ashlyn|Close Combat|p2a: King Damn-bit\n|-supereffective|p2a: King Damn-bit\n|-damage|p2a: King Damn-bit|0 fnt\n|-unboost|p1a: Ashlyn|def|1\n|-unboost|p1a: Ashlyn|spd|1\n|faint|p2a: King Damn-bit\n|-end|p2a: King Damn-bit|fallen5|[silent]\n|\n|win|AubreyOmori1\n|raw|AubreyOmori1's rating: 1194 &rarr; <strong>1217<\/strong><br \/>(+23 for winning)\n|raw|fortnite messiah's rating: 1165 &rarr; <strong>1142<\/strong><br \/>(-23 for losing)\n|l|\u2606fortnite messiah\n","uploadtime":1700009353,"views":12,"p1id":"aubreyomori1","p2id":"fortnitemessiah","formatid":"gen9ou","rating":1142,"private":0,"password":""}