{"id":"gen9ou-1989844395","p1":"CheetosD","p2":"konkeldur","format":"[Gen 9] OU","log":"|j|\u2606CheetosD\n|j|\u2606konkeldur\n|t:|1699900452\n|gametype|singles\n|player|p1|CheetosD|skierf|1109\n|player|p2|konkeldur|steven|1075\n|teamsize|p1|6\n|teamsize|p2|6\n|gen|9\n|tier|[Gen 9] OU\n|rated|\n|rule|Sleep Clause Mod: Limit one foe put to sleep\n|rule|Species Clause: Limit one of each Pok\u00e9mon\n|rule|OHKO Clause: OHKO moves are banned\n|rule|Evasion Items Clause: Evasion items are banned\n|rule|Evasion Moves Clause: Evasion moves are banned\n|rule|Endless Battle Clause: Forcing endless battles is banned\n|rule|HP Percentage Mod: HP is shown in percentages\n|clearpoke\n|poke|p1|Garchomp, M|\n|poke|p1|Snorlax, F|\n|poke|p1|Greninja-*, M|\n|poke|p1|Raichu, M|\n|poke|p1|Salamence, F|\n|poke|p1|Dragapult, M|\n|poke|p2|Dragonite, M|\n|poke|p2|Blissey, F|\n|poke|p2|Dondozo, F|\n|poke|p2|Sneasler, F|\n|poke|p2|Kingambit, F|\n|poke|p2|Gholdengo|\n|teampreview\n|inactive|Battle timer is ON: inactive players will automatically lose when time's up. (requested by CheetosD)\n|c|\u2606konkeldur|rsichu is bad\n|\n|t:|1699900475\n|start\n|switch|p1a: Snorlax|Snorlax, F|100\/100\n|switch|p2a: Gholdengo|Gholdengo|100\/100\n|turn|1\n|c|\u2606CheetosD|My friends choice my pokemons :skull:\n|c|\u2606CheetosD|i only set a build\n|\n|t:|1699900492\n|move|p2a: Gholdengo|Trick|p1a: Snorlax\n|-activate|p2a: Gholdengo|move: Trick|[of] p1a: Snorlax\n|-item|p1a: Snorlax|Choice Scarf|[from] move: Trick\n|-item|p2a: Gholdengo|Leftovers|[from] move: Trick\n|move|p1a: Snorlax|Surf|p2a: Gholdengo\n|-damage|p2a: Gholdengo|75\/100\n|\n|-heal|p2a: Gholdengo|81\/100|[from] item: Leftovers\n|upkeep\n|turn|2\n|\n|t:|1699900498\n|move|p2a: Gholdengo|Nasty Plot|p2a: Gholdengo\n|-boost|p2a: Gholdengo|spa|2\n|move|p1a: Snorlax|Surf|p2a: Gholdengo\n|-damage|p2a: Gholdengo|57\/100\n|\n|-heal|p2a: Gholdengo|63\/100|[from] item: Leftovers\n|upkeep\n|turn|3\n|\n|t:|1699900502\n|move|p2a: Gholdengo|Psychic|p1a: Snorlax\n|-damage|p1a: Snorlax|61\/100\n|-unboost|p1a: Snorlax|spd|1\n|move|p1a: Snorlax|Surf|p2a: Gholdengo\n|-damage|p2a: Gholdengo|36\/100\n|\n|-heal|p2a: Gholdengo|42\/100|[from] item: Leftovers\n|upkeep\n|turn|4\n|\n|t:|1699900515\n|switch|p2a: Dondozo|Dondozo, F|100\/100\n|switch|p1a: Greninja|Greninja, M|100\/100\n|\n|upkeep\n|turn|5\n|\n|t:|1699900519\n|move|p1a: Greninja|Grass Knot|p2a: Dondozo\n|-supereffective|p2a: Dondozo\n|-damage|p2a: Dondozo|28\/100\n|move|p2a: Dondozo|Curse|p2a: Dondozo\n|-unboost|p2a: Dondozo|spe|1\n|-boost|p2a: Dondozo|atk|1\n|-boost|p2a: Dondozo|def|1\n|\n|upkeep\n|turn|6\n|\n|t:|1699900525\n|switch|p2a: Dragonite|Dragonite, M|100\/100\n|move|p1a: Greninja|Grass Knot|p2a: Dragonite\n|-resisted|p2a: Dragonite\n|-damage|p2a: Dragonite|96\/100\n|\n|upkeep\n|turn|7\n|\n|t:|1699900534\n|switch|p1a: Snorlax|Snorlax, F|61\/100\n|-terastallize|p2a: Dragonite|Normal\n|move|p2a: Dragonite|Dragon Dance|p2a: Dragonite\n|-boost|p2a: Dragonite|atk|1\n|-boost|p2a: Dragonite|spe|1\n|\n|upkeep\n|turn|8\n|\n|t:|1699900540\n|move|p2a: Dragonite|Extreme Speed|p1a: Snorlax\n|-damage|p1a: Snorlax|0 fnt\n|faint|p1a: Snorlax\n|-damage|p2a: Dragonite|86\/100|[from] item: Life Orb\n|\n|upkeep\n|\n|t:|1699900544\n|switch|p1a: Dragapult|Dragapult, M|100\/100\n|turn|9\n|\n|t:|1699900549\n|-terastallize|p1a: Dragapult|Fairy\n|move|p1a: Dragapult|Dragon Dance|p1a: Dragapult\n|-boost|p1a: Dragapult|atk|1\n|-boost|p1a: Dragapult|spe|1\n|move|p2a: Dragonite|Earthquake|p1a: Dragapult\n|-damage|p1a: Dragapult|0 fnt\n|faint|p1a: Dragapult\n|-damage|p2a: Dragonite|76\/100|[from] item: Life Orb\n|\n|upkeep\n|\n|t:|1699900561\n|switch|p1a: Garchomp|Garchomp, M|100\/100\n|turn|10\n|\n|t:|1699900564\n|move|p2a: Dragonite|Extreme Speed|p1a: Garchomp\n|-damage|p1a: Garchomp|2\/100\n|-damage|p2a: Dragonite|64\/100|[from] ability: Rough Skin|[of] p1a: Garchomp\n|-damage|p2a: Dragonite|48\/100|[from] item: Rocky Helmet|[of] p1a: Garchomp\n|-damage|p2a: Dragonite|38\/100|[from] item: Life Orb\n|move|p1a: Garchomp|Dragon Claw|p2a: Dragonite\n|-crit|p2a: Dragonite\n|-damage|p2a: Dragonite|0 fnt\n|faint|p2a: Dragonite\n|\n|upkeep\n|\n|t:|1699900572\n|switch|p2a: Kingambit|Kingambit, F|100\/100\n|-activate|p2a: Kingambit|ability: Supreme Overlord\n|-start|p2a: Kingambit|fallen1|[silent]\n|turn|11\n|\n|t:|1699900577\n|move|p2a: Kingambit|Sucker Punch||[still]\n|-fail|p2a: Kingambit\n|move|p1a: Garchomp|Swords Dance|p1a: Garchomp\n|-boost|p1a: Garchomp|atk|2\n|\n|upkeep\n|turn|12\n|\n|t:|1699900581\n|move|p2a: Kingambit|Sucker Punch||[still]\n|-fail|p2a: Kingambit\n|move|p1a: Garchomp|Swords Dance|p1a: Garchomp\n|-boost|p1a: Garchomp|atk|2\n|\n|upkeep\n|turn|13\n|\n|t:|1699900586\n|move|p2a: Kingambit|Sucker Punch|p1a: Garchomp\n|-damage|p1a: Garchomp|0 fnt\n|-damage|p2a: Kingambit|88\/100|[from] ability: Rough Skin|[of] p1a: Garchomp\n|-damage|p2a: Kingambit|72\/100|[from] item: Rocky Helmet|[of] p1a: Garchomp\n|faint|p1a: Garchomp\n|-damage|p2a: Kingambit|62\/100|[from] item: Life Orb\n|\n|upkeep\n|\n|t:|1699900591\n|switch|p1a: Salamence|Salamence, F|100\/100\n|turn|14\n|\n|t:|1699900596\n|-end|p2a: Kingambit|fallen1|[silent]\n|switch|p2a: Dondozo|Dondozo, F|28\/100\n|move|p1a: Salamence|Dragon Dance|p1a: Salamence\n|-boost|p1a: Salamence|atk|1\n|-boost|p1a: Salamence|spe|1\n|\n|upkeep\n|turn|15\n|\n|t:|1699900600\n|move|p1a: Salamence|Earthquake|p2a: Dondozo\n|-damage|p2a: Dondozo|11\/100\n|move|p2a: Dondozo|Yawn|p1a: Salamence\n|-start|p1a: Salamence|move: Yawn|[of] p2a: Dondozo\n|\n|upkeep\n|turn|16\n|\n|t:|1699900605\n|move|p1a: Salamence|Earthquake|p2a: Dondozo\n|-damage|p2a: Dondozo|0 fnt\n|faint|p2a: Dondozo\n|-ability|p1a: Salamence|Moxie|boost\n|-boost|p1a: Salamence|atk|1\n|\n|-end|p1a: Salamence|move: Yawn|[silent]\n|-status|p1a: Salamence|slp\n|upkeep\n|\n|t:|1699900615\n|switch|p2a: Gholdengo|Gholdengo|42\/100\n|turn|17\n|\n|t:|1699900617\n|cant|p1a: Salamence|slp\n|move|p2a: Gholdengo|Nasty Plot|p2a: Gholdengo\n|-boost|p2a: Gholdengo|spa|2\n|\n|-heal|p2a: Gholdengo|48\/100|[from] item: Leftovers\n|upkeep\n|turn|18\n|\n|t:|1699900622\n|-curestatus|p1a: Salamence|slp|[msg]\n|move|p1a: Salamence|Earthquake|p2a: Gholdengo\n|-supereffective|p2a: Gholdengo\n|-damage|p2a: Gholdengo|0 fnt\n|faint|p2a: Gholdengo\n|-ability|p1a: Salamence|Moxie|boost\n|-boost|p1a: Salamence|atk|1\n|\n|upkeep\n|\n|t:|1699900628\n|switch|p2a: Kingambit|Kingambit, F|62\/100\n|-activate|p2a: Kingambit|ability: Supreme Overlord\n|-start|p2a: Kingambit|fallen3|[silent]\n|turn|19\n|\n|t:|1699900631\n|move|p2a: Kingambit|Sucker Punch|p1a: Salamence\n|-damage|p1a: Salamence|7\/100\n|-damage|p2a: Kingambit|52\/100|[from] item: Life Orb\n|move|p1a: Salamence|Earthquake|p2a: Kingambit\n|-supereffective|p2a: Kingambit\n|-damage|p2a: Kingambit|0 fnt\n|faint|p2a: Kingambit\n|-end|p2a: Kingambit|fallen3|[silent]\n|-ability|p1a: Salamence|Moxie|boost\n|-boost|p1a: Salamence|atk|1\n|\n|upkeep\n|\n|t:|1699900636\n|switch|p2a: Sneasler|Sneasler, F|100\/100\n|turn|20\n|\n|t:|1699900639\n|move|p1a: Salamence|Earthquake|p2a: Sneasler\n|-supereffective|p2a: Sneasler\n|-damage|p2a: Sneasler|0 fnt\n|faint|p2a: Sneasler\n|-ability|p1a: Salamence|Moxie|boost\n|-boost|p1a: Salamence|atk|1\n|\n|upkeep\n|\n|t:|1699900644\n|switch|p2a: Blissey|Blissey, F|100\/100\n|turn|21\n|\n|t:|1699900650\n|move|p1a: Salamence|Dragon Claw|p2a: Blissey\n|-damage|p2a: Blissey|0 fnt\n|faint|p2a: Blissey\n|\n|win|CheetosD\n|raw|CheetosD's rating: 1109 &rarr; <strong>1132<\/strong><br \/>(+23 for winning)\n|raw|konkeldur's rating: 1075 &rarr; <strong>1056<\/strong><br \/>(-19 for losing)\n|l|\u2606konkeldur\n","uploadtime":1699900702,"views":16,"p1id":"cheetosd","p2id":"konkeldur","formatid":"gen9ou","rating":1056,"private":0,"password":""}