{"id":"gen9ou-1996235581","p1":"cerberus sama","p2":"kd458","format":"[Gen 9] OU","log":"|j|\u2606cerberus sama\n|j|\u2606kd458\n|t:|1700662439\n|gametype|singles\n|player|p1|cerberus sama|2|1742\n|player|p2|kd458|266|1681\n|teamsize|p1|6\n|teamsize|p2|6\n|gen|9\n|tier|[Gen 9] OU\n|rated|\n|rule|Sleep Clause Mod: Limit one foe put to sleep\n|rule|Species Clause: Limit one of each Pok\u00e9mon\n|rule|OHKO Clause: OHKO moves are banned\n|rule|Evasion Items Clause: Evasion items are banned\n|rule|Evasion Moves Clause: Evasion moves are banned\n|rule|Endless Battle Clause: Forcing endless battles is banned\n|rule|HP Percentage Mod: HP is shown in percentages\n|clearpoke\n|poke|p1|Garganacl, F|\n|poke|p1|Great Tusk|\n|poke|p1|Clodsire, M|\n|poke|p1|Landorus-Therian, M|\n|poke|p1|Iron Valiant|\n|poke|p1|Scizor, M|\n|poke|p2|Rillaboom, M|\n|poke|p2|Heatran, F|\n|poke|p2|Alomomola, M|\n|poke|p2|Muk-Alola, M|\n|poke|p2|Great Tusk|\n|poke|p2|Dragapult, F|\n|teampreview\n|inactive|Battle timer is ON: inactive players will automatically lose when time's up. (requested by cerberus sama)\n|\n|t:|1700662446\n|start\n|switch|p1a: Landorus|Landorus-Therian, M|100\/100\n|switch|p2a: Iron Bands|Rillaboom, M|100\/100\n|-ability|p1a: Landorus|Intimidate|boost\n|-unboost|p2a: Iron Bands|atk|1\n|-fieldstart|move: Grassy Terrain|[from] ability: Grassy Surge|[of] p2a: Iron Bands\n|turn|1\n|\n|t:|1700662452\n|move|p1a: Landorus|U-turn|p2a: Iron Bands\n|-supereffective|p2a: Iron Bands\n|-damage|p2a: Iron Bands|60\/100\n|\n|t:|1700662454\n|switch|p1a: Scizor|Scizor, M|100\/100|[from] U-turn\n|move|p2a: Iron Bands|U-turn|p1a: Scizor\n|-resisted|p1a: Scizor\n|-damage|p1a: Scizor|88\/100\n|\n|t:|1700662460\n|switch|p2a: Mr Worldwide|Heatran, F|100\/100|[from] U-turn\n|\n|-heal|p1a: Scizor|94\/100|[from] Grassy Terrain\n|upkeep\n|turn|2\n|\n|t:|1700662464\n|switch|p1a: Landorus|Landorus-Therian, M|100\/100\n|-ability|p1a: Landorus|Intimidate|boost\n|-unboost|p2a: Mr Worldwide|atk|1\n|move|p2a: Mr Worldwide|Stealth Rock|p1a: Landorus\n|-sidestart|p1: cerberus sama|move: Stealth Rock\n|\n|upkeep\n|turn|3\n|\n|t:|1700662469\n|move|p1a: Landorus|Earth Power|p2a: Mr Worldwide\n|-supereffective|p2a: Mr Worldwide\n|-damage|p2a: Mr Worldwide|0 fnt\n|faint|p2a: Mr Worldwide\n|\n|upkeep\n|\n|t:|1700662474\n|switch|p2a: No Advance|Dragapult, F|100\/100\n|turn|4\n|\n|t:|1700662476\n|move|p2a: No Advance|Shadow Ball|p1a: Landorus\n|-damage|p1a: Landorus|35\/100\n|move|p1a: Landorus|U-turn|p2a: No Advance\n|-resisted|p2a: No Advance\n|-damage|p2a: No Advance|86\/100\n|\n|t:|1700662483\n|switch|p1a: Garganacl|Garganacl, F|100\/100|[from] U-turn\n|-damage|p1a: Garganacl|88\/100|[from] Stealth Rock\n|\n|-heal|p2a: No Advance|92\/100|[from] Grassy Terrain\n|-heal|p1a: Garganacl|94\/100|[from] Grassy Terrain\n|-heal|p1a: Garganacl|100\/100|[from] item: Leftovers\n|upkeep\n|turn|5\n|\n|t:|1700662487\n|switch|p2a: King Slime|Muk-Alola, M|100\/100\n|move|p1a: Garganacl|Salt Cure|p2a: King Slime\n|-damage|p2a: King Slime|87\/100\n|-start|p2a: King Slime|Salt Cure\n|\n|-heal|p2a: King Slime|93\/100|[from] Grassy Terrain\n|-heal|p2a: King Slime|99\/100|[from] item: Leftovers\n|-damage|p2a: King Slime|87\/100|[from] Salt Cure\n|-fieldend|move: Grassy Terrain\n|upkeep\n|turn|6\n|\n|t:|1700662495\n|switch|p1a: Landorus|Landorus-Therian, M|35\/100\n|-damage|p1a: Landorus|22\/100|[from] Stealth Rock\n|-ability|p1a: Landorus|Intimidate|boost\n|-unboost|p2a: King Slime|atk|1\n|move|p2a: King Slime|Knock Off|p1a: Landorus\n|-damage|p1a: Landorus|0 fnt\n|-enditem|p1a: Landorus|Leftovers|[from] move: Knock Off|[of] p2a: King Slime\n|faint|p1a: Landorus\n|\n|-heal|p2a: King Slime|93\/100|[from] item: Leftovers\n|-damage|p2a: King Slime|81\/100|[from] Salt Cure\n|upkeep\n|\n|t:|1700662500\n|switch|p1a: Great Tusk|Great Tusk|100\/100\n|-damage|p1a: Great Tusk|98\/100|[from] Stealth Rock\n|turn|7\n|\n|t:|1700662503\n|switch|p2a: Big Fish|Alomomola, M|100\/100\n|move|p1a: Great Tusk|Knock Off|p2a: Big Fish\n|-damage|p2a: Big Fish|82\/100\n|-enditem|p2a: Big Fish|Heavy-Duty Boots|[from] move: Knock Off|[of] p1a: Great Tusk\n|\n|upkeep\n|turn|8\n|\n|t:|1700662506\n|move|p1a: Great Tusk|Rapid Spin|p2a: Big Fish\n|-damage|p2a: Big Fish|73\/100\n|-boost|p1a: Great Tusk|spe|1\n|-sideend|p1: cerberus sama|Stealth Rock|[from] move: Rapid Spin|[of] p1a: Great Tusk\n|move|p2a: Big Fish|Flip Turn|p1a: Great Tusk\n|-supereffective|p1a: Great Tusk\n|-crit|p1a: Great Tusk\n|-damage|p1a: Great Tusk|67\/100\n|j| mew852\n|\n|t:|1700662509\n|switch|p2a: Iron Bands|Rillaboom, M|60\/100|[from] Flip Turn\n|-fieldstart|move: Grassy Terrain|[from] ability: Grassy Surge|[of] p2a: Iron Bands\n|\n|-heal|p1a: Great Tusk|73\/100|[from] Grassy Terrain\n|-heal|p2a: Iron Bands|66\/100|[from] Grassy Terrain\n|upkeep\n|turn|9\n|\n|t:|1700662514\n|-end|p1a: Great Tusk|Protosynthesis|[silent]\n|switch|p1a: Scizor|Scizor, M|94\/100\n|move|p2a: Iron Bands|U-turn|p1a: Scizor\n|-resisted|p1a: Scizor\n|-damage|p1a: Scizor|76\/100\n|\n|t:|1700662523\n|switch|p2a: Treacherous Spins|Great Tusk|100\/100|[from] U-turn\n|-enditem|p2a: Treacherous Spins|Booster Energy\n|-activate|p2a: Treacherous Spins|ability: Protosynthesis|[fromitem]\n|-start|p2a: Treacherous Spins|protosynthesisspe\n|\n|-heal|p1a: Scizor|82\/100|[from] Grassy Terrain\n|upkeep\n|turn|10\n|\n|t:|1700662528\n|move|p2a: Treacherous Spins|Bulk Up|p2a: Treacherous Spins\n|-boost|p2a: Treacherous Spins|atk|1\n|-boost|p2a: Treacherous Spins|def|1\n|move|p1a: Scizor|U-turn|p2a: Treacherous Spins\n|-resisted|p2a: Treacherous Spins\n|-damage|p2a: Treacherous Spins|92\/100\n|\n|t:|1700662534\n|switch|p1a: Iron Valiant|Iron Valiant|100\/100|[from] U-turn\n|\n|-heal|p2a: Treacherous Spins|98\/100|[from] Grassy Terrain\n|upkeep\n|turn|11\n|\n|t:|1700662539\n|-terastallize|p2a: Treacherous Spins|Poison\n|move|p1a: Iron Valiant|Trick|p2a: Treacherous Spins\n|-activate|p1a: Iron Valiant|move: Trick|[of] p2a: Treacherous Spins\n|-item|p2a: Treacherous Spins|Choice Scarf|[from] move: Trick\n|-enditem|p1a: Iron Valiant|Choice Scarf|[silent]|[from] move: Trick\n|move|p2a: Treacherous Spins|Bulk Up|p2a: Treacherous Spins\n|-boost|p2a: Treacherous Spins|atk|1\n|-boost|p2a: Treacherous Spins|def|1\n|\n|-heal|p2a: Treacherous Spins|100\/100|[from] Grassy Terrain\n|upkeep\n|turn|12\n|\n|t:|1700662549\n|-end|p2a: Treacherous Spins|Protosynthesis|[silent]\n|switch|p2a: Big Fish|Alomomola, M|100\/100\n|move|p1a: Iron Valiant|Moonblast|p2a: Big Fish\n|-damage|p2a: Big Fish|59\/100\n|-unboost|p2a: Big Fish|spa|1\n|\n|-heal|p2a: Big Fish|65\/100|[from] Grassy Terrain\n|-fieldend|move: Grassy Terrain\n|upkeep\n|turn|13\n|\n|t:|1700662552\n|move|p1a: Iron Valiant|Moonblast|p2a: Big Fish\n|-damage|p2a: Big Fish|25\/100\n|-unboost|p2a: Big Fish|spa|1\n|move|p2a: Big Fish|Flip Turn|p1a: Iron Valiant\n|-damage|p1a: Iron Valiant|80\/100\n|\n|t:|1700662554\n|switch|p2a: King Slime|Muk-Alola, M|81\/100|[from] Flip Turn\n|\n|-heal|p2a: King Slime|87\/100|[from] item: Leftovers\n|upkeep\n|turn|14\n|\n|t:|1700662559\n|-end|p1a: Iron Valiant|Quark Drive|[silent]\n|switch|p1a: Great Tusk|Great Tusk|73\/100\n|move|p2a: King Slime|Knock Off|p1a: Great Tusk\n|-resisted|p1a: Great Tusk\n|-damage|p1a: Great Tusk|62\/100\n|-enditem|p1a: Great Tusk|Assault Vest|[from] move: Knock Off|[of] p2a: King Slime\n|\n|-heal|p2a: King Slime|93\/100|[from] item: Leftovers\n|upkeep\n|turn|15\n|\n|t:|1700662565\n|switch|p2a: Iron Bands|Rillaboom, M|66\/100\n|-fieldstart|move: Grassy Terrain|[from] ability: Grassy Surge|[of] p2a: Iron Bands\n|move|p1a: Great Tusk|Rapid Spin|p2a: Iron Bands\n|-damage|p2a: Iron Bands|51\/100\n|-boost|p1a: Great Tusk|spe|1\n|\n|-heal|p1a: Great Tusk|68\/100|[from] Grassy Terrain\n|-heal|p2a: Iron Bands|57\/100|[from] Grassy Terrain\n|upkeep\n|turn|16\n|\n|t:|1700662568\n|move|p1a: Great Tusk|Ice Spinner|p2a: Iron Bands\n|-supereffective|p2a: Iron Bands\n|-damage|p2a: Iron Bands|7\/100\n|-fieldend|move: Grassy Terrain\n|move|p2a: Iron Bands|U-turn|p1a: Great Tusk\n|-resisted|p1a: Great Tusk\n|-crit|p1a: Great Tusk\n|-damage|p1a: Great Tusk|50\/100\n|\n|t:|1700662573\n|switch|p2a: Treacherous Spins|Great Tusk, tera:Poison|100\/100|[from] U-turn\n|\n|upkeep\n|turn|17\n|\n|t:|1700662576\n|move|p1a: Great Tusk|Headlong Rush|p2a: Treacherous Spins\n|-supereffective|p2a: Treacherous Spins\n|-damage|p2a: Treacherous Spins|35\/100\n|-unboost|p1a: Great Tusk|def|1\n|-unboost|p1a: Great Tusk|spd|1\n|move|p2a: Treacherous Spins|Ice Spinner|p1a: Great Tusk\n|-supereffective|p1a: Great Tusk\n|-damage|p1a: Great Tusk|9\/100\n|\n|upkeep\n|turn|18\n|\n|t:|1700662580\n|move|p1a: Great Tusk|Headlong Rush|p2a: Treacherous Spins\n|-supereffective|p2a: Treacherous Spins\n|-damage|p2a: Treacherous Spins|0 fnt\n|-unboost|p1a: Great Tusk|def|1\n|-unboost|p1a: Great Tusk|spd|1\n|faint|p2a: Treacherous Spins\n|-end|p2a: Treacherous Spins|Protosynthesis|[silent]\n|\n|upkeep\n|\n|t:|1700662582\n|switch|p2a: Iron Bands|Rillaboom, M|7\/100\n|-fieldstart|move: Grassy Terrain|[from] ability: Grassy Surge|[of] p2a: Iron Bands\n|turn|19\n|\n|t:|1700662588\n|move|p1a: Great Tusk|Ice Spinner|p2a: Iron Bands\n|-supereffective|p2a: Iron Bands\n|-damage|p2a: Iron Bands|0 fnt\n|-fieldend|move: Grassy Terrain\n|faint|p2a: Iron Bands\n|\n|upkeep\n|-message|kd458 forfeited.\n|\n|win|cerberus sama\n|raw|cerberus sama's rating: 1742 &rarr; <strong>1759<\/strong><br \/>(+17 for winning)\n|raw|kd458's rating: 1681 &rarr; <strong>1664<\/strong><br \/>(-17 for losing)\n|l|\u2606kd458\n|l|\u2606cerberus sama\n","uploadtime":1700662704,"views":0,"p1id":"cerberussama","p2id":"kd458","formatid":"gen9ou","rating":1664,"private":0,"password":""}