{"id":"gen9ou-1990238715","p1":"2021MarkelleFultz","p2":"tofu toes","format":"[Gen 9] OU","log":"|j|\u26062021MarkelleFultz\n|j|\u2606tofu toes\n|t:|1699942496\n|gametype|singles\n|player|p1|2021MarkelleFultz|caitlin|1347\n|player|p2|tofu toes|102|1254\n|teamsize|p1|6\n|teamsize|p2|6\n|gen|9\n|tier|[Gen 9] OU\n|rated|\n|rule|Sleep Clause Mod: Limit one foe put to sleep\n|rule|Species Clause: Limit one of each Pok\u00e9mon\n|rule|OHKO Clause: OHKO moves are banned\n|rule|Evasion Items Clause: Evasion items are banned\n|rule|Evasion Moves Clause: Evasion moves are banned\n|rule|Endless Battle Clause: Forcing endless battles is banned\n|rule|HP Percentage Mod: HP is shown in percentages\n|clearpoke\n|poke|p1|Pelipper, F|\n|poke|p1|Barraskewda, F|\n|poke|p1|Great Tusk|\n|poke|p1|Zapdos|\n|poke|p1|Kingambit, M|\n|poke|p1|Overqwil, F|\n|poke|p2|Goodra-Hisui, M|\n|poke|p2|Iron Treads|\n|poke|p2|Hoopa-Unbound|\n|poke|p2|Alomomola, F|\n|poke|p2|Salamence, M|\n|poke|p2|Meowscarada, M|\n|teampreview\n|inactive|Battle timer is ON: inactive players will automatically lose when time's up. (requested by 2021MarkelleFultz)\n|\n|t:|1699942512\n|start\n|switch|p1a: Quandale Wingull|Pelipper, F|100\/100\n|switch|p2a: Goodra|Goodra-Hisui, M|100\/100\n|-weather|RainDance|[from] ability: Drizzle|[of] p1a: Quandale Wingull\n|turn|1\n|\n|t:|1699942520\n|switch|p1a: Tusky Depot|Great Tusk|100\/100\n|-enditem|p1a: Tusky Depot|Booster Energy\n|-activate|p1a: Tusky Depot|ability: Protosynthesis|[fromitem]\n|-start|p1a: Tusky Depot|protosynthesisatk\n|move|p2a: Goodra|Thunder|p1a: Tusky Depot\n|-immune|p1a: Tusky Depot\n|\n|-weather|RainDance|[upkeep]\n|upkeep\n|turn|2\n|\n|t:|1699942527\n|switch|p2a: Alomomola|Alomomola, F|100\/100\n|move|p1a: Tusky Depot|Headlong Rush|p2a: Alomomola\n|-damage|p2a: Alomomola|52\/100\n|-unboost|p1a: Tusky Depot|def|1\n|-unboost|p1a: Tusky Depot|spd|1\n|-damage|p1a: Tusky Depot|84\/100|[from] item: Rocky Helmet|[of] p2a: Alomomola\n|\n|-weather|RainDance|[upkeep]\n|upkeep\n|turn|3\n|\n|t:|1699942533\n|-end|p1a: Tusky Depot|Protosynthesis|[silent]\n|switch|p1a: Chirp Holmgren|Zapdos|100\/100\n|move|p2a: Alomomola|Protect||[still]\n|-fail|p2a: Alomomola\n|\n|-weather|RainDance|[upkeep]\n|upkeep\n|turn|4\n|\n|t:|1699942542\n|switch|p1a: ScHoolBoy Skew|Barraskewda, F|100\/100\n|move|p2a: Alomomola|Protect||[still]\n|-fail|p2a: Alomomola\n|\n|-weather|RainDance|[upkeep]\n|upkeep\n|turn|5\n|\n|t:|1699942546\n|move|p1a: ScHoolBoy Skew|Flip Turn|p2a: Alomomola\n|-resisted|p2a: Alomomola\n|-damage|p2a: Alomomola|28\/100\n|-damage|p1a: ScHoolBoy Skew|84\/100|[from] item: Rocky Helmet|[of] p2a: Alomomola\n|\n|t:|1699942549\n|switch|p1a: Chirp Holmgren|Zapdos|100\/100|[from] Flip Turn\n|move|p2a: Alomomola|Wish|p2a: Alomomola\n|\n|-weather|RainDance|[upkeep]\n|upkeep\n|turn|6\n|\n|t:|1699942556\n|switch|p1a: ScHoolBoy Skew|Barraskewda, F|84\/100\n|move|p2a: Alomomola|Protect||[still]\n|-fail|p2a: Alomomola\n|\n|-weather|RainDance|[upkeep]\n|-heal|p2a: Alomomola|78\/100|[from] move: Wish|[wisher] Alomomola\n|upkeep\n|turn|7\n|\n|t:|1699942560\n|move|p1a: ScHoolBoy Skew|Flip Turn|p2a: Alomomola\n|-resisted|p2a: Alomomola\n|-damage|p2a: Alomomola|57\/100\n|-damage|p1a: ScHoolBoy Skew|68\/100|[from] item: Rocky Helmet|[of] p2a: Alomomola\n|\n|t:|1699942562\n|switch|p1a: Chirp Holmgren|Zapdos|100\/100|[from] Flip Turn\n|move|p2a: Alomomola|Wish|p2a: Alomomola\n|\n|-weather|RainDance|[upkeep]\n|upkeep\n|turn|8\n|\n|t:|1699942567\n|move|p2a: Alomomola|Protect|p2a: Alomomola\n|-singleturn|p2a: Alomomola|Protect\n|move|p1a: Chirp Holmgren|Volt Switch|p2a: Alomomola\n|-activate|p2a: Alomomola|move: Protect\n|\n|-weather|none\n|-heal|p2a: Alomomola|100\/100|[from] move: Wish|[wisher] Alomomola\n|upkeep\n|turn|9\n|\n|t:|1699942571\n|switch|p1a: Quandale Wingull|Pelipper, F|100\/100\n|-weather|RainDance|[from] ability: Drizzle|[of] p1a: Quandale Wingull\n|switch|p2a: Goodra|Goodra-Hisui, M|100\/100\n|\n|-weather|RainDance|[upkeep]\n|upkeep\n|turn|10\n|\n|t:|1699942577\n|move|p2a: Goodra|Draco Meteor|p1a: Quandale Wingull\n|-damage|p1a: Quandale Wingull|0 fnt\n|-unboost|p2a: Goodra|spa|2\n|faint|p1a: Quandale Wingull\n|\n|-weather|RainDance|[upkeep]\n|upkeep\n|\n|t:|1699942586\n|switch|p1a: ScHoolBoy Skew|Barraskewda, F|68\/100\n|turn|11\n|\n|t:|1699942588\n|switch|p2a: Alomomola|Alomomola, F|100\/100\n|-terastallize|p1a: ScHoolBoy Skew|Water\n|move|p1a: ScHoolBoy Skew|Liquidation|p2a: Alomomola\n|-resisted|p2a: Alomomola\n|-damage|p2a: Alomomola|59\/100\n|-damage|p1a: ScHoolBoy Skew|51\/100|[from] item: Rocky Helmet|[of] p2a: Alomomola\n|\n|-weather|RainDance|[upkeep]\n|upkeep\n|turn|12\n|\n|t:|1699942590\n|move|p1a: ScHoolBoy Skew|Liquidation|p2a: Alomomola\n|-resisted|p2a: Alomomola\n|-crit|p2a: Alomomola\n|-damage|p2a: Alomomola|0 fnt\n|-damage|p1a: ScHoolBoy Skew|35\/100|[from] item: Rocky Helmet|[of] p2a: Alomomola\n|faint|p2a: Alomomola\n|\n|-weather|RainDance|[upkeep]\n|upkeep\n|c|\u2606tofu toes|course\n|\n|t:|1699942606\n|switch|p2a: Salamence|Salamence, M|100\/100\n|-ability|p2a: Salamence|Intimidate|boost\n|-unboost|p1a: ScHoolBoy Skew|atk|1\n|turn|13\n|c|\u26062021MarkelleFultz|i deserve it against a lame alo user\n|\n|t:|1699942609\n|move|p1a: ScHoolBoy Skew|Liquidation|p2a: Salamence\n|-resisted|p2a: Salamence\n|-damage|p2a: Salamence|42\/100\n|move|p2a: Salamence|Hurricane|p1a: ScHoolBoy Skew\n|-damage|p1a: ScHoolBoy Skew|0 fnt\n|faint|p1a: ScHoolBoy Skew\n|\n|-weather|RainDance|[upkeep]\n|upkeep\n|c|\u2606tofu toes|??\n|c|\u2606tofu toes|u did the same thing 3 times in a row\n|c|\u26062021MarkelleFultz|let me cook\n|\n|t:|1699942637\n|switch|p1a: Tusky Depot|Great Tusk|84\/100\n|turn|14\n|c|\u26062021MarkelleFultz|fuck\n|c|\u2606tofu toes|idk why you didnt just stay in and spam hurricane\n|\n|t:|1699942650\n|move|p2a: Salamence|Hurricane|p1a: Tusky Depot\n|-supereffective|p1a: Tusky Depot\n|-damage|p1a: Tusky Depot|0 fnt\n|faint|p1a: Tusky Depot\n|-end|p1a: Tusky Depot|Protosynthesis|[silent]\n|\n|-weather|RainDance|[upkeep]\n|upkeep\n|c|\u26062021MarkelleFultz|lame\n|c|\u2606tofu toes|what was the plan\n|c|\u26062021MarkelleFultz|im tryna set up my boy qwill\n|inactive|2021MarkelleFultz has 120 seconds left.\n|c|\u26062021MarkelleFultz|allow me to cook please\n|c|\u2606tofu toes|how\n|c|\u2606tofu toes|u just sacked for no reason\n|c|\u26062021MarkelleFultz|well its joever now quandale wingull is dead\n|c|\u26062021MarkelleFultz|listen\n|c|\u26062021MarkelleFultz|allow me to cook\n|inactive|2021MarkelleFultz has 90 seconds left.\n|\n|t:|1699942703\n|switch|p1a: Chirp Holmgren|Zapdos|100\/100\n|turn|15\n|\n|t:|1699942725\n|switch|p2a: Goodra|Goodra-Hisui, M|100\/100\n|move|p1a: Chirp Holmgren|Weather Ball|p2a: Goodra\n|-resisted|p2a: Goodra\n|-damage|p2a: Goodra|84\/100\n|\n|-weather|RainDance|[upkeep]\n|upkeep\n|turn|16\n|c|\u26062021MarkelleFultz|watch\n|\n|t:|1699942734\n|switch|p1a: Qwil Smith|Overqwil, F|100\/100\n|move|p2a: Goodra|Surf|p1a: Qwil Smith\n|-damage|p1a: Qwil Smith|0 fnt\n|faint|p1a: Qwil Smith\n|\n|-weather|none\n|upkeep\n|c|\u26062021MarkelleFultz|od\n|\n|t:|1699942752\n|switch|p1a: Chirp Holmgren|Zapdos|100\/100\n|turn|17\n|\n|t:|1699942763\n|switch|p2a: Iron Treads|Iron Treads|100\/100\n|move|p1a: Chirp Holmgren|Hurricane|p2a: Iron Treads\n|-resisted|p2a: Iron Treads\n|-damage|p2a: Iron Treads|63\/100\n|\n|-heal|p2a: Iron Treads|69\/100|[from] item: Leftovers\n|upkeep\n|turn|18\n|\n|t:|1699942767\n|move|p1a: Chirp Holmgren|Hurricane|p2a: Iron Treads\n|-resisted|p2a: Iron Treads\n|-damage|p2a: Iron Treads|31\/100\n|move|p2a: Iron Treads|Stealth Rock|p1a: Chirp Holmgren\n|-sidestart|p1: 2021MarkelleFultz|move: Stealth Rock\n|\n|-heal|p2a: Iron Treads|38\/100|[from] item: Leftovers\n|upkeep\n|turn|19\n|\n|t:|1699942769\n|move|p1a: Chirp Holmgren|Hurricane|p2a: Iron Treads\n|-resisted|p2a: Iron Treads\n|-damage|p2a: Iron Treads|0 fnt\n|faint|p2a: Iron Treads\n|-end|p2a: Iron Treads|Quark Drive|[silent]\n|\n|upkeep\n|\n|t:|1699942774\n|switch|p2a: Goodra|Goodra-Hisui, M|84\/100\n|turn|20\n|\n|t:|1699942776\n|move|p1a: Chirp Holmgren|Hurricane|p2a: Goodra|[miss]\n|-miss|p1a: Chirp Holmgren|p2a: Goodra\n|move|p2a: Goodra|Draco Meteor|p1a: Chirp Holmgren\n|-damage|p1a: Chirp Holmgren|0 fnt\n|-unboost|p2a: Goodra|spa|2\n|faint|p1a: Chirp Holmgren\n|\n|upkeep\n|\n|t:|1699942778\n|switch|p1a: Draymond Green|Kingambit, M|100\/100\n|-damage|p1a: Draymond Green|94\/100|[from] Stealth Rock\n|-activate|p1a: Draymond Green|ability: Supreme Overlord\n|-start|p1a: Draymond Green|fallen5|[silent]\n|turn|21\n|\n|t:|1699942781\n|switch|p2a: Salamence|Salamence, M|42\/100\n|-ability|p2a: Salamence|Intimidate|boost\n|-unboost|p1a: Draymond Green|atk|1\n|move|p1a: Draymond Green|Swords Dance|p1a: Draymond Green\n|-boost|p1a: Draymond Green|atk|2\n|\n|-heal|p1a: Draymond Green|100\/100|[from] item: Leftovers\n|upkeep\n|turn|22\n|\n|t:|1699942785\n|move|p2a: Salamence|Flamethrower|p1a: Draymond Green\n|-supereffective|p1a: Draymond Green\n|-damage|p1a: Draymond Green|48\/100\n|move|p1a: Draymond Green|Iron Head|p2a: Salamence\n|-damage|p2a: Salamence|0 fnt\n|faint|p2a: Salamence\n|\n|-heal|p1a: Draymond Green|54\/100|[from] item: Leftovers\n|upkeep\n|\n|t:|1699942788\n|switch|p2a: Hoopa|Hoopa-Unbound|100\/100\n|turn|23\n|\n|t:|1699942790\n|move|p1a: Draymond Green|Sucker Punch|p2a: Hoopa\n|-damage|p2a: Hoopa|0 fnt\n|faint|p2a: Hoopa\n|\n|-heal|p1a: Draymond Green|60\/100|[from] item: Leftovers\n|upkeep\n|\n|t:|1699942792\n|switch|p2a: Meowscarada|Meowscarada, M|100\/100\n|turn|24\n|\n|t:|1699942796\n|-terastallize|p2a: Meowscarada|Grass\n|move|p2a: Meowscarada|Flower Trick|p1a: Draymond Green\n|-resisted|p1a: Draymond Green\n|-crit|p1a: Draymond Green\n|-damage|p1a: Draymond Green|22\/100\n|move|p1a: Draymond Green|Iron Head|p2a: Meowscarada\n|-damage|p2a: Meowscarada|0 fnt\n|faint|p2a: Meowscarada\n|\n|-heal|p1a: Draymond Green|28\/100|[from] item: Leftovers\n|upkeep\n|\n|t:|1699942798\n|switch|p2a: Goodra|Goodra-Hisui, M|84\/100\n|turn|25\n|\n|t:|1699942802\n|move|p1a: Draymond Green|Sucker Punch|p2a: Goodra\n|-crit|p2a: Goodra\n|-damage|p2a: Goodra|0 fnt\n|faint|p2a: Goodra\n|\n|win|2021MarkelleFultz\n|raw|2021MarkelleFultz's rating: 1347 &rarr; <strong>1362<\/strong><br \/>(+15 for winning)\n|raw|tofu toes's rating: 1254 &rarr; <strong>1236<\/strong><br \/>(-18 for losing)\n|c|\u2606tofu toes|wtf\n|c|\u26062021MarkelleFultz|allow me to cook\n|c|\u2606tofu toes|what the fuck\n|c|\u26062021MarkelleFultz|masterclass\n|c|\u2606tofu toes|luckiest player ive ever seen\n|c|\u2606tofu toes|what the fuck\n|l|\u2606tofu toes\n|c|\u26062021MarkelleFultz|masterclass\n","uploadtime":1699942850,"views":13,"p1id":"2021markellefultz","p2id":"tofutoes","formatid":"gen9ou","rating":1236,"private":0,"password":""}