{"id":"gen9ou-1994934996","p1":"goodboi2464","p2":"Peaplayer45","format":"[Gen 9] OU","log":"|j|\u2606goodboi2464\n|j|\u2606Peaplayer45\n|t:|1700506063\n|gametype|singles\n|player|p1|goodboi2464|lucas|1065\n|player|p2|Peaplayer45|penny|1000\n|teamsize|p1|6\n|teamsize|p2|6\n|gen|9\n|tier|[Gen 9] OU\n|rated|\n|rule|Sleep Clause Mod: Limit one foe put to sleep\n|rule|Species Clause: Limit one of each Pok\u00e9mon\n|rule|OHKO Clause: OHKO moves are banned\n|rule|Evasion Items Clause: Evasion items are banned\n|rule|Evasion Moves Clause: Evasion moves are banned\n|rule|Endless Battle Clause: Forcing endless battles is banned\n|rule|HP Percentage Mod: HP is shown in percentages\n|clearpoke\n|poke|p1|Corviknight, F|\n|poke|p1|Bisharp, M|\n|poke|p1|Ribombee, M|\n|poke|p1|Clodsire, M|\n|poke|p1|Chandelure, F|\n|poke|p1|Ambipom, M|\n|poke|p2|Umbreon, M|\n|poke|p2|Vaporeon, M|\n|poke|p2|Jolteon, M|\n|poke|p2|Flareon, F|\n|poke|p2|Leafeon, F|\n|poke|p2|Sylveon, F|\n|teampreview\n|\n|t:|1700506073\n|start\n|switch|p1a: Ambipom|Ambipom, M|100\/100\n|switch|p2a: Umbreon|Umbreon, M|100\/100\n|turn|1\n|\n|t:|1700506080\n|switch|p1a: Chandelure|Chandelure, F|100\/100\n|move|p2a: Umbreon|Quick Attack|p1a: Chandelure\n|-immune|p1a: Chandelure\n|\n|upkeep\n|turn|2\n|\n|t:|1700506085\n|move|p1a: Chandelure|Overheat|p2a: Umbreon|[miss]\n|-miss|p1a: Chandelure|p2a: Umbreon\n|move|p2a: Umbreon|Foul Play|p1a: Chandelure\n|-supereffective|p1a: Chandelure\n|-damage|p1a: Chandelure|59\/100\n|\n|upkeep\n|turn|3\n|\n|t:|1700506092\n|move|p1a: Chandelure|Overheat|p2a: Umbreon\n|-damage|p2a: Umbreon|40\/100\n|-unboost|p1a: Chandelure|spa|2\n|move|p2a: Umbreon|Foul Play|p1a: Chandelure\n|-supereffective|p1a: Chandelure\n|-damage|p1a: Chandelure|18\/100\n|\n|upkeep\n|turn|4\n|\n|t:|1700506104\n|move|p1a: Chandelure|Overheat|p2a: Umbreon\n|-damage|p2a: Umbreon|10\/100\n|-unboost|p1a: Chandelure|spa|2\n|move|p2a: Umbreon|Foul Play|p1a: Chandelure\n|-supereffective|p1a: Chandelure\n|-damage|p1a: Chandelure|0 fnt\n|faint|p1a: Chandelure\n|\n|upkeep\n|\n|t:|1700506111\n|switch|p1a: Ambipom|Ambipom, M|100\/100\n|turn|5\n|\n|t:|1700506121\n|move|p1a: Ambipom|Fake Out|p2a: Umbreon\n|-damage|p2a: Umbreon|0 fnt\n|-damage|p1a: Ambipom|84\/100|[from] item: Rocky Helmet|[of] p2a: Umbreon\n|faint|p2a: Umbreon\n|\n|upkeep\n|\n|t:|1700506125\n|switch|p2a: Vaporeon|Vaporeon, M|100\/100\n|turn|6\n|\n|t:|1700506129\n|move|p1a: Ambipom|Last Resort|p2a: Vaporeon\n|-damage|p2a: Vaporeon|35\/100\n|move|p2a: Vaporeon|Aqua Ring|p2a: Vaporeon\n|-start|p2a: Vaporeon|Aqua Ring\n|\n|-heal|p2a: Vaporeon|41\/100|[from] Aqua Ring\n|upkeep\n|turn|7\n|\n|t:|1700506140\n|move|p1a: Ambipom|Last Resort|p2a: Vaporeon\n|-damage|p2a: Vaporeon|0 fnt\n|faint|p2a: Vaporeon\n|\n|upkeep\n|\n|t:|1700506143\n|switch|p2a: Jolteon|Jolteon, M|100\/100\n|turn|8\n|\n|t:|1700506151\n|move|p1a: Ambipom|Last Resort|p2a: Jolteon\n|-damage|p2a: Jolteon|0 fnt\n|faint|p2a: Jolteon\n|\n|upkeep\n|\n|t:|1700506154\n|switch|p2a: Leafeon|Leafeon, F|100\/100\n|turn|9\n|\n|t:|1700506163\n|move|p1a: Ambipom|Last Resort|p2a: Leafeon\n|-crit|p2a: Leafeon\n|-damage|p2a: Leafeon|7\/100\n|move|p2a: Leafeon|Leech Seed|p1a: Ambipom\n|-start|p1a: Ambipom|move: Leech Seed\n|\n|-damage|p1a: Ambipom|72\/100|[from] Leech Seed|[of] p2a: Leafeon\n|-heal|p2a: Leafeon|20\/100|[silent]\n|upkeep\n|turn|10\n|\n|t:|1700506171\n|move|p1a: Ambipom|Last Resort|p2a: Leafeon\n|-damage|p2a: Leafeon|0 fnt\n|faint|p2a: Leafeon\n|\n|upkeep\n|\n|t:|1700506173\n|switch|p2a: Flareon|Flareon, F|100\/100\n|turn|11\n|\n|t:|1700506177\n|move|p1a: Ambipom|Last Resort|p2a: Flareon\n|-damage|p2a: Flareon|0 fnt\n|faint|p2a: Flareon\n|\n|upkeep\n|\n|t:|1700506180\n|switch|p2a: Sylveon|Sylveon, F|100\/100\n|turn|12\n|\n|t:|1700506184\n|move|p1a: Ambipom|Last Resort|p2a: Sylveon\n|-damage|p2a: Sylveon|27\/100\n|move|p2a: Sylveon|Dig||[still]\n|-prepare|p2a: Sylveon|Dig\n|\n|-damage|p1a: Ambipom|59\/100|[from] Leech Seed|[of] p2a: Sylveon\n|-heal|p2a: Sylveon|36\/100|[silent]\n|upkeep\n|turn|13\n|c|\u2606goodboi2464|gg\n|\n|t:|1700506193\n|move|p1a: Ambipom|Last Resort|p2a: Sylveon|[miss]\n|-miss|p1a: Ambipom|p2a: Sylveon\n|move|p2a: Sylveon|Dig|p1a: Ambipom|[from]lockedmove\n|-damage|p1a: Ambipom|38\/100\n|\n|-damage|p1a: Ambipom|26\/100|[from] Leech Seed|[of] p2a: Sylveon\n|-heal|p2a: Sylveon|45\/100|[silent]\n|upkeep\n|turn|14\n|\n|t:|1700506205\n|switch|p1a: Bisharp|Bisharp, M|100\/100\n|-terastallize|p2a: Sylveon|Fire\n|move|p2a: Sylveon|Double Kick|p1a: Bisharp\n|-supereffective|p1a: Bisharp\n|-damage|p1a: Bisharp|87\/100\n|-supereffective|p1a: Bisharp\n|-damage|p1a: Bisharp|73\/100\n|-hitcount|p1a: Bisharp|2\n|\n|upkeep\n|turn|15\n|\n|t:|1700506217\n|move|p1a: Bisharp|Iron Head|p2a: Sylveon\n|-resisted|p2a: Sylveon\n|-damage|p2a: Sylveon|16\/100\n|-start|p1a: Bisharp|Attract|[from] ability: Cute Charm|[of] p2a: Sylveon\n|cant|p2a: Sylveon|flinch\n|\n|upkeep\n|turn|16\n|\n|t:|1700506226\n|-activate|p1a: Bisharp|move: Attract|[of] p2a: Sylveon\n|cant|p1a: Bisharp|Attract\n|move|p2a: Sylveon|Dig||[still]\n|-prepare|p2a: Sylveon|Dig\n|\n|upkeep\n|turn|17\n|\n|t:|1700506231\n|-activate|p1a: Bisharp|move: Attract|[of] p2a: Sylveon\n|move|p1a: Bisharp|Iron Head|p2a: Sylveon|[miss]\n|-miss|p1a: Bisharp|p2a: Sylveon\n|move|p2a: Sylveon|Dig|p1a: Bisharp|[from]lockedmove\n|-supereffective|p1a: Bisharp\n|-damage|p1a: Bisharp|56\/100\n|\n|upkeep\n|turn|18\n|\n|t:|1700506238\n|-activate|p1a: Bisharp|move: Attract|[of] p2a: Sylveon\n|move|p1a: Bisharp|Iron Head|p2a: Sylveon\n|-resisted|p2a: Sylveon\n|-damage|p2a: Sylveon|0 fnt\n|faint|p2a: Sylveon\n|-end|p1a: Bisharp|Attract|[silent]\n|\n|win|goodboi2464\n|raw|goodboi2464's rating: 1065 &rarr; <strong>1090<\/strong><br \/>(+25 for winning)\n|raw|Peaplayer45's rating: 1000 &rarr; <strong>1000<\/strong><br \/>(+0 for losing)\n|l|\u2606Peaplayer45\n|c|\u2606goodboi2464|gg\n","uploadtime":1700506255,"views":21,"p1id":"goodboi2464","p2id":"peaplayer45","formatid":"gen9ou","rating":1000,"private":0,"password":""}