{"id":"gen9ou-1990435839","p1":"ENugget3","p2":"Otto.Aniki","format":"[Gen 9] OU","log":"|j|\u2606ENugget3\n|j|\u2606Otto.Aniki\n|t:|1699970753\n|gametype|singles\n|player|p1|ENugget3|clerkf|\n|player|p2|Otto.Aniki|waiter|\n|teamsize|p1|6\n|teamsize|p2|6\n|gen|9\n|tier|[Gen 9] OU\n|rule|Sleep Clause Mod: Limit one foe put to sleep\n|rule|Species Clause: Limit one of each Pok\u00e9mon\n|rule|OHKO Clause: OHKO moves are banned\n|rule|Evasion Items Clause: Evasion items are banned\n|rule|Evasion Moves Clause: Evasion moves are banned\n|rule|Endless Battle Clause: Forcing endless battles is banned\n|rule|HP Percentage Mod: HP is shown in percentages\n|clearpoke\n|poke|p1|Vaporeon, M|\n|poke|p1|Sylveon, F|\n|poke|p1|Glaceon, F|\n|poke|p1|Leafeon, F|\n|poke|p1|Jolteon, F|\n|poke|p1|Espeon, F|\n|poke|p2|Ribombee, F|\n|poke|p2|Cinderace, M|\n|poke|p2|Vaporeon, M|\n|poke|p2|Garchomp, M|\n|poke|p2|Rotom-Wash|\n|poke|p2|Corviknight, M|\n|teampreview\n|\n|t:|1699970762\n|start\n|switch|p1a: Espeon|Espeon, F|100\/100\n|switch|p2a: Corviknight|Corviknight, M|100\/100\n|turn|1\n|\n|t:|1699970784\n|move|p1a: Espeon|Calm Mind|p1a: Espeon\n|-boost|p1a: Espeon|spa|1\n|-boost|p1a: Espeon|spd|1\n|move|p2a: Corviknight|Bulk Up|p2a: Corviknight\n|-boost|p2a: Corviknight|atk|1\n|-boost|p2a: Corviknight|def|1\n|\n|upkeep\n|turn|2\n|\n|t:|1699970800\n|move|p1a: Espeon|Calm Mind|p1a: Espeon\n|-boost|p1a: Espeon|spa|1\n|-boost|p1a: Espeon|spd|1\n|move|p2a: Corviknight|Body Press|p1a: Espeon\n|-resisted|p1a: Espeon\n|-damage|p1a: Espeon|82\/100\n|\n|-heal|p1a: Espeon|88\/100|[from] item: Leftovers\n|upkeep\n|turn|3\n|\n|t:|1699970812\n|move|p1a: Espeon|Calm Mind|p1a: Espeon\n|-boost|p1a: Espeon|spa|1\n|-boost|p1a: Espeon|spd|1\n|move|p2a: Corviknight|Brave Bird|p1a: Espeon\n|-damage|p1a: Espeon|18\/100\n|-damage|p2a: Corviknight|83\/100|[from] Recoil\n|\n|-heal|p1a: Espeon|24\/100|[from] item: Leftovers\n|-heal|p2a: Corviknight|90\/100|[from] item: Leftovers\n|upkeep\n|turn|4\n|\n|t:|1699970827\n|move|p1a: Espeon|Psyshock|p2a: Corviknight\n|-resisted|p2a: Corviknight\n|-damage|p2a: Corviknight|66\/100\n|move|p2a: Corviknight|Brave Bird|p1a: Espeon\n|-damage|p1a: Espeon|0 fnt\n|faint|p1a: Espeon\n|-damage|p2a: Corviknight|61\/100|[from] Recoil\n|\n|-heal|p2a: Corviknight|67\/100|[from] item: Leftovers\n|upkeep\n|\n|t:|1699970836\n|switch|p1a: Jolteon|Jolteon, F, shiny|100\/100\n|turn|5\n|\n|t:|1699970874\n|switch|p2a: Garchomp|Garchomp, M|100\/100\n|move|p1a: Jolteon|Thunderbolt|p2a: Garchomp\n|-immune|p2a: Garchomp\n|\n|upkeep\n|turn|6\n|\n|t:|1699970884\n|switch|p1a: Leafeon|Leafeon, F|100\/100\n|move|p2a: Garchomp|Stealth Rock|p1a: Leafeon\n|-sidestart|p1: ENugget3|move: Stealth Rock\n|\n|upkeep\n|turn|7\n|\n|t:|1699970891\n|switch|p2a: Cinderace|Cinderace, M|100\/100\n|move|p1a: Leafeon|Trailblaze|p2a: Cinderace\n|-resisted|p2a: Cinderace\n|-damage|p2a: Cinderace|87\/100\n|-boost|p1a: Leafeon|spe|1\n|\n|upkeep\n|turn|8\n|\n|t:|1699970907\n|move|p2a: Cinderace|Pyro Ball|p1a: Leafeon\n|-supereffective|p1a: Leafeon\n|-damage|p1a: Leafeon|0 fnt\n|faint|p1a: Leafeon\n|\n|upkeep\n|\n|t:|1699970911\n|switch|p1a: Vaporeon|Vaporeon, M, shiny|100\/100\n|-damage|p1a: Vaporeon|88\/100|[from] Stealth Rock\n|turn|9\n|\n|t:|1699970943\n|switch|p2a: Garchomp|Garchomp, M|100\/100\n|move|p1a: Vaporeon|Scald|p2a: Garchomp\n|-damage|p2a: Garchomp|74\/100\n|\n|-heal|p1a: Vaporeon|94\/100|[from] item: Leftovers\n|upkeep\n|turn|10\n|\n|t:|1699970975\n|switch|p2a: Vaporeon|Vaporeon, M|100\/100\n|move|p1a: Vaporeon|Ice Beam|p2a: Vaporeon\n|-resisted|p2a: Vaporeon\n|-damage|p2a: Vaporeon|91\/100\n|\n|-heal|p2a: Vaporeon|97\/100|[from] item: Leftovers\n|-heal|p1a: Vaporeon|100\/100|[from] item: Leftovers\n|upkeep\n|turn|11\n|\n|t:|1699970990\n|switch|p1a: Jolteon|Jolteon, F, shiny|100\/100\n|-damage|p1a: Jolteon|88\/100|[from] Stealth Rock\n|move|p2a: Vaporeon|Ice Beam|p1a: Jolteon\n|-damage|p1a: Jolteon|60\/100\n|\n|-heal|p1a: Jolteon|66\/100|[from] item: Leftovers\n|-heal|p2a: Vaporeon|100\/100|[from] item: Leftovers\n|upkeep\n|turn|12\n|\n|t:|1699971012\n|switch|p2a: Ribombee|Ribombee, F|100\/100\n|move|p1a: Jolteon|Calm Mind|p1a: Jolteon\n|-boost|p1a: Jolteon|spa|1\n|-boost|p1a: Jolteon|spd|1\n|\n|-heal|p1a: Jolteon|72\/100|[from] item: Leftovers\n|upkeep\n|turn|13\n|\n|t:|1699971025\n|move|p1a: Jolteon|Wish|p1a: Jolteon\n|move|p2a: Ribombee|U-turn|p1a: Jolteon\n|-damage|p1a: Jolteon|51\/100\n|\n|t:|1699971033\n|switch|p2a: Garchomp|Garchomp, M|74\/100|[from] U-turn\n|\n|-heal|p1a: Jolteon|57\/100|[from] item: Leftovers\n|upkeep\n|turn|14\n|\n|t:|1699971053\n|-terastallize|p1a: Jolteon|Ice\n|move|p1a: Jolteon|Tera Blast|p2a: Garchomp|[anim] Tera Blast Ice\n|-supereffective|p2a: Garchomp\n|-damage|p2a: Garchomp|0 fnt\n|faint|p2a: Garchomp\n|\n|-heal|p1a: Jolteon|100\/100|[from] move: Wish|[wisher] Jolteon\n|upkeep\n|\n|t:|1699971074\n|switch|p2a: Cinderace|Cinderace, M|87\/100\n|turn|15\n|\n|t:|1699971083\n|move|p2a: Cinderace|Pyro Ball|p1a: Jolteon\n|-supereffective|p1a: Jolteon\n|-damage|p1a: Jolteon|0 fnt\n|faint|p1a: Jolteon\n|\n|upkeep\n|\n|t:|1699971087\n|switch|p1a: Vaporeon|Vaporeon, M, shiny|100\/100\n|-damage|p1a: Vaporeon|88\/100|[from] Stealth Rock\n|turn|16\n|\n|t:|1699971123\n|switch|p2a: Rotom|Rotom-Wash|100\/100\n|move|p1a: Vaporeon|Calm Mind|p1a: Vaporeon\n|-boost|p1a: Vaporeon|spa|1\n|-boost|p1a: Vaporeon|spd|1\n|\n|-heal|p1a: Vaporeon|94\/100|[from] item: Leftovers\n|upkeep\n|turn|17\n|\n|t:|1699971134\n|move|p2a: Rotom|Volt Switch|p1a: Vaporeon\n|-supereffective|p1a: Vaporeon\n|-damage|p1a: Vaporeon|68\/100\n|\n|t:|1699971147\n|switch|p2a: Vaporeon|Vaporeon, M|100\/100|[from] Volt Switch\n|move|p1a: Vaporeon|Calm Mind|p1a: Vaporeon\n|-boost|p1a: Vaporeon|spa|1\n|-boost|p1a: Vaporeon|spd|1\n|\n|-heal|p1a: Vaporeon|75\/100|[from] item: Leftovers\n|upkeep\n|turn|18\n|\n|t:|1699971167\n|move|p1a: Vaporeon|Wish|p1a: Vaporeon\n|move|p2a: Vaporeon|Calm Mind|p2a: Vaporeon\n|-boost|p2a: Vaporeon|spa|1\n|-boost|p2a: Vaporeon|spd|1\n|\n|-heal|p1a: Vaporeon|81\/100|[from] item: Leftovers\n|upkeep\n|turn|19\n|\n|t:|1699971180\n|switch|p2a: Rotom|Rotom-Wash|100\/100\n|move|p1a: Vaporeon|Calm Mind|p1a: Vaporeon\n|-boost|p1a: Vaporeon|spa|1\n|-boost|p1a: Vaporeon|spd|1\n|\n|-heal|p1a: Vaporeon|100\/100|[from] move: Wish|[wisher] Vaporeon\n|upkeep\n|turn|20\n|\n|t:|1699971216\n|-terastallize|p2a: Rotom|Electric\n|move|p2a: Rotom|Hydro Pump|p1a: Vaporeon\n|-immune|p1a: Vaporeon|[from] ability: Water Absorb\n|move|p1a: Vaporeon|Calm Mind|p1a: Vaporeon\n|-boost|p1a: Vaporeon|spa|1\n|-boost|p1a: Vaporeon|spd|1\n|\n|upkeep\n|turn|21\n|\n|t:|1699971235\n|move|p2a: Rotom|Shadow Ball|p1a: Vaporeon\n|-damage|p1a: Vaporeon|95\/100\n|move|p1a: Vaporeon|Scald|p2a: Rotom\n|-enditem|p2a: Rotom|Focus Sash\n|-damage|p2a: Rotom|1\/100\n|\n|-heal|p1a: Vaporeon|100\/100|[from] item: Leftovers\n|upkeep\n|turn|22\n|\n|t:|1699971254\n|move|p2a: Rotom|Volt Switch|p1a: Vaporeon\n|-supereffective|p1a: Vaporeon\n|-crit|p1a: Vaporeon\n|-damage|p1a: Vaporeon|19\/100\n|\n|t:|1699971276\n|switch|p2a: Corviknight|Corviknight, M|67\/100|[from] Volt Switch\n|move|p1a: Vaporeon|Scald|p2a: Corviknight\n|-damage|p2a: Corviknight|6\/100\n|\n|-heal|p2a: Corviknight|13\/100|[from] item: Leftovers\n|-heal|p1a: Vaporeon|25\/100|[from] item: Leftovers\n|upkeep\n|turn|23\n|\n|t:|1699971293\n|move|p2a: Corviknight|Brave Bird|p1a: Vaporeon\n|-damage|p1a: Vaporeon|0 fnt\n|faint|p1a: Vaporeon\n|-damage|p2a: Corviknight|3\/100|[from] Recoil\n|\n|-heal|p2a: Corviknight|10\/100|[from] item: Leftovers\n|upkeep\n|\n|t:|1699971301\n|switch|p1a: Glaceon|Glaceon, F, shiny|100\/100\n|-damage|p1a: Glaceon|76\/100|[from] Stealth Rock\n|turn|24\n|\n|t:|1699971306\n|switch|p2a: Cinderace|Cinderace, M|87\/100\n|move|p1a: Glaceon|Wish|p1a: Glaceon\n|\n|-heal|p1a: Glaceon|82\/100|[from] item: Leftovers\n|upkeep\n|turn|25\n|\n|t:|1699971315\n|move|p2a: Cinderace|Pyro Ball|p1a: Glaceon\n|-supereffective|p1a: Glaceon\n|-damage|p1a: Glaceon|0 fnt\n|faint|p1a: Glaceon\n|\n|upkeep\n|\n|t:|1699971319\n|switch|p1a: Sylveon|Sylveon, F|100\/100\n|-damage|p1a: Sylveon|88\/100|[from] Stealth Rock\n|turn|26\n|\n|t:|1699971324\n|move|p2a: Cinderace|Pyro Ball|p1a: Sylveon\n|-damage|p1a: Sylveon|40\/100\n|-status|p1a: Sylveon|brn\n|move|p1a: Sylveon|Wish|p1a: Sylveon\n|\n|-heal|p1a: Sylveon|46\/100 brn|[from] item: Leftovers\n|-damage|p1a: Sylveon|40\/100 brn|[from] brn\n|upkeep\n|turn|27\n|\n|t:|1699971334\n|move|p1a: Sylveon|Protect|p1a: Sylveon\n|-singleturn|p1a: Sylveon|Protect\n|move|p2a: Cinderace|Pyro Ball|p1a: Sylveon\n|-activate|p1a: Sylveon|move: Protect\n|\n|-heal|p1a: Sylveon|90\/100 brn|[from] move: Wish|[wisher] Sylveon\n|-heal|p1a: Sylveon|96\/100 brn|[from] item: Leftovers\n|-damage|p1a: Sylveon|90\/100 brn|[from] brn\n|upkeep\n|turn|28\n|\n|t:|1699971346\n|move|p2a: Cinderace|Pyro Ball|p1a: Sylveon\n|-damage|p1a: Sylveon|39\/100 brn\n|move|p1a: Sylveon|Wish|p1a: Sylveon\n|\n|-heal|p1a: Sylveon|45\/100 brn|[from] item: Leftovers\n|-damage|p1a: Sylveon|39\/100 brn|[from] brn\n|upkeep\n|turn|29\n|\n|t:|1699971354\n|move|p1a: Sylveon|Protect|p1a: Sylveon\n|-singleturn|p1a: Sylveon|Protect\n|move|p2a: Cinderace|Pyro Ball|p1a: Sylveon\n|-activate|p1a: Sylveon|move: Protect\n|\n|-heal|p1a: Sylveon|89\/100 brn|[from] move: Wish|[wisher] Sylveon\n|-heal|p1a: Sylveon|95\/100 brn|[from] item: Leftovers\n|-damage|p1a: Sylveon|89\/100 brn|[from] brn\n|upkeep\n|turn|30\n|\n|t:|1699971366\n|switch|p2a: Ribombee|Ribombee, F|100\/100\n|move|p1a: Sylveon|Wish|p1a: Sylveon\n|\n|-heal|p1a: Sylveon|95\/100 brn|[from] item: Leftovers\n|-damage|p1a: Sylveon|89\/100 brn|[from] brn\n|upkeep\n|turn|31\n|\n|t:|1699971419\n|move|p2a: Ribombee|Reflect|p2a: Ribombee\n|-sidestart|p2: Otto.Aniki|Reflect\n|move|p1a: Sylveon|Calm Mind|p1a: Sylveon\n|-boost|p1a: Sylveon|spa|1\n|-boost|p1a: Sylveon|spd|1\n|\n|-heal|p1a: Sylveon|100\/100 brn|[from] move: Wish|[wisher] Sylveon\n|-damage|p1a: Sylveon|94\/100 brn|[from] brn\n|upkeep\n|turn|32\n|\n|t:|1699971435\n|move|p2a: Ribombee|U-turn|p1a: Sylveon\n|-resisted|p1a: Sylveon\n|-damage|p1a: Sylveon|88\/100 brn\n|\n|t:|1699971441\n|switch|p2a: Vaporeon|Vaporeon, M|100\/100|[from] U-turn\n|move|p1a: Sylveon|Calm Mind|p1a: Sylveon\n|-boost|p1a: Sylveon|spa|1\n|-boost|p1a: Sylveon|spd|1\n|\n|-heal|p1a: Sylveon|94\/100 brn|[from] item: Leftovers\n|-damage|p1a: Sylveon|88\/100 brn|[from] brn\n|upkeep\n|turn|33\n|\n|t:|1699971473\n|move|p2a: Vaporeon|Calm Mind|p2a: Vaporeon\n|-boost|p2a: Vaporeon|spa|1\n|-boost|p2a: Vaporeon|spd|1\n|move|p1a: Sylveon|Calm Mind|p1a: Sylveon\n|-boost|p1a: Sylveon|spa|1\n|-boost|p1a: Sylveon|spd|1\n|\n|-heal|p1a: Sylveon|94\/100 brn|[from] item: Leftovers\n|-damage|p1a: Sylveon|88\/100 brn|[from] brn\n|upkeep\n|turn|34\n|\n|t:|1699971492\n|move|p2a: Vaporeon|Ice Beam|p1a: Sylveon\n|-damage|p1a: Sylveon|79\/100 brn\n|move|p1a: Sylveon|Hyper Voice|p2a: Vaporeon\n|-damage|p2a: Vaporeon|53\/100\n|\n|-heal|p2a: Vaporeon|59\/100|[from] item: Leftovers\n|-heal|p1a: Sylveon|85\/100 brn|[from] item: Leftovers\n|-damage|p1a: Sylveon|79\/100 brn|[from] brn\n|upkeep\n|turn|35\n|\n|t:|1699971528\n|move|p2a: Vaporeon|Scald|p1a: Sylveon\n|-damage|p1a: Sylveon|67\/100 brn\n|move|p1a: Sylveon|Hyper Voice|p2a: Vaporeon\n|-damage|p2a: Vaporeon|9\/100\n|\n|-heal|p2a: Vaporeon|15\/100|[from] item: Leftovers\n|-heal|p1a: Sylveon|73\/100 brn|[from] item: Leftovers\n|-damage|p1a: Sylveon|67\/100 brn|[from] brn\n|-sideend|p2: Otto.Aniki|Reflect\n|upkeep\n|turn|36\n|\n|t:|1699971541\n|switch|p2a: Cinderace|Cinderace, M|87\/100\n|move|p1a: Sylveon|Wish|p1a: Sylveon\n|\n|-heal|p1a: Sylveon|73\/100 brn|[from] item: Leftovers\n|-damage|p1a: Sylveon|67\/100 brn|[from] brn\n|upkeep\n|turn|37\n|\n|t:|1699971559\n|move|p1a: Sylveon|Protect|p1a: Sylveon\n|-singleturn|p1a: Sylveon|Protect\n|move|p2a: Cinderace|High Jump Kick|p1a: Sylveon\n|-start|p2a: Cinderace|typechange|Fighting|[from] ability: Libero\n|-activate|p1a: Sylveon|move: Protect\n|-damage|p2a: Cinderace|37\/100|[from] highjumpkick\n|\n|-heal|p1a: Sylveon|100\/100 brn|[from] move: Wish|[wisher] Sylveon\n|-damage|p1a: Sylveon|94\/100 brn|[from] brn\n|upkeep\n|turn|38\n|\n|t:|1699971580\n|switch|p2a: Ribombee|Ribombee, F|100\/100\n|move|p1a: Sylveon|Calm Mind|p1a: Sylveon\n|-boost|p1a: Sylveon|spa|1\n|-boost|p1a: Sylveon|spd|1\n|\n|-heal|p1a: Sylveon|100\/100 brn|[from] item: Leftovers\n|-damage|p1a: Sylveon|94\/100 brn|[from] brn\n|upkeep\n|turn|39\n|\n|t:|1699971598\n|move|p2a: Ribombee|U-turn|p1a: Sylveon\n|-resisted|p1a: Sylveon\n|-damage|p1a: Sylveon|88\/100 brn\n|\n|t:|1699971609\n|switch|p2a: Corviknight|Corviknight, M|10\/100|[from] U-turn\n|move|p1a: Sylveon|Hyper Voice|p2a: Corviknight\n|-resisted|p2a: Corviknight\n|-damage|p2a: Corviknight|0 fnt\n|faint|p2a: Corviknight\n|\n|-heal|p1a: Sylveon|94\/100 brn|[from] item: Leftovers\n|-damage|p1a: Sylveon|88\/100 brn|[from] brn\n|upkeep\n|\n|t:|1699971624\n|switch|p2a: Rotom|Rotom-Wash, tera:Electric|1\/100\n|turn|40\n|\n|t:|1699971637\n|move|p2a: Rotom|Volt Switch|p1a: Sylveon\n|-damage|p1a: Sylveon|80\/100 brn\n|\n|t:|1699971642\n|switch|p2a: Ribombee|Ribombee, F|100\/100|[from] Volt Switch\n|move|p1a: Sylveon|Hyper Voice|p2a: Ribombee\n|-enditem|p2a: Ribombee|Focus Sash\n|-damage|p2a: Ribombee|1\/100\n|\n|-heal|p1a: Sylveon|86\/100 brn|[from] item: Leftovers\n|-damage|p1a: Sylveon|80\/100 brn|[from] brn\n|upkeep\n|turn|41\n|\n|t:|1699971661\n|move|p2a: Ribombee|U-turn|p1a: Sylveon\n|-resisted|p1a: Sylveon\n|-damage|p1a: Sylveon|74\/100 brn\n|\n|t:|1699971666\n|switch|p2a: Cinderace|Cinderace, M|37\/100|[from] U-turn\n|move|p1a: Sylveon|Hyper Voice|p2a: Cinderace\n|-resisted|p2a: Cinderace\n|-damage|p2a: Cinderace|0 fnt\n|faint|p2a: Cinderace\n|\n|-heal|p1a: Sylveon|80\/100 brn|[from] item: Leftovers\n|-damage|p1a: Sylveon|74\/100 brn|[from] brn\n|upkeep\n|\n|t:|1699971701\n|switch|p2a: Vaporeon|Vaporeon, M|15\/100\n|turn|42\n|\n|t:|1699971713\n|move|p2a: Vaporeon|Wish|p2a: Vaporeon\n|move|p1a: Sylveon|Hyper Voice|p2a: Vaporeon\n|-crit|p2a: Vaporeon\n|-damage|p2a: Vaporeon|0 fnt\n|faint|p2a: Vaporeon\n|\n|-heal|p1a: Sylveon|80\/100 brn|[from] item: Leftovers\n|-damage|p1a: Sylveon|74\/100 brn|[from] brn\n|upkeep\n|\n|t:|1699971724\n|switch|p2a: Ribombee|Ribombee, F|1\/100\n|turn|43\n|\n|t:|1699971728\n|move|p2a: Ribombee|U-turn|p1a: Sylveon\n|-resisted|p1a: Sylveon\n|-damage|p1a: Sylveon|68\/100 brn\n|\n|t:|1699971731\n|switch|p2a: Rotom|Rotom-Wash, tera:Electric|1\/100|[from] U-turn\n|move|p1a: Sylveon|Hyper Voice|p2a: Rotom\n|-damage|p2a: Rotom|0 fnt\n|faint|p2a: Rotom\n|\n|-heal|p1a: Sylveon|74\/100 brn|[from] item: Leftovers\n|-damage|p1a: Sylveon|68\/100 brn|[from] brn\n|upkeep\n|\n|t:|1699971744\n|switch|p2a: Ribombee|Ribombee, F|1\/100\n|turn|44\n|\n|t:|1699971750\n|move|p2a: Ribombee|U-turn|p1a: Sylveon\n|-resisted|p1a: Sylveon\n|-damage|p1a: Sylveon|61\/100 brn\n|move|p1a: Sylveon|Hyper Voice|p2a: Ribombee\n|-damage|p2a: Ribombee|0 fnt\n|faint|p2a: Ribombee\n|\n|win|ENugget3\n|l|\u2606ENugget3\n|l|\u2606Otto.Aniki\n|j|\u2606ENugget3\n|player|p1|ENugget3|clerkf\n","uploadtime":1699971792,"views":8,"p1id":"enugget3","p2id":"ottoaniki","formatid":"gen9ou","rating":0,"private":0,"password":""}