{"id":"gen9ou-1992665519","p1":"Lemousine","p2":"mige-3","format":"[Gen 9] OU","log":"|j|\u2606Lemousine\n|j|\u2606mige-3\n|t:|1700222508\n|gametype|singles\n|player|p1|Lemousine|266|1322\n|player|p2|mige-3|ninjaboy|1391\n|teamsize|p1|6\n|teamsize|p2|6\n|gen|9\n|tier|[Gen 9] OU\n|rated|\n|rule|Sleep Clause Mod: Limit one foe put to sleep\n|rule|Species Clause: Limit one of each Pok\u00e9mon\n|rule|OHKO Clause: OHKO moves are banned\n|rule|Evasion Items Clause: Evasion items are banned\n|rule|Evasion Moves Clause: Evasion moves are banned\n|rule|Endless Battle Clause: Forcing endless battles is banned\n|rule|HP Percentage Mod: HP is shown in percentages\n|clearpoke\n|poke|p1|Rillaboom, M|\n|poke|p1|Iron Valiant|\n|poke|p1|Maushold|\n|poke|p1|Heatran, F|\n|poke|p1|Great Tusk|\n|poke|p1|Sneasler, M|\n|poke|p2|Maushold|\n|poke|p2|Rillaboom, F|\n|poke|p2|Great Tusk|\n|poke|p2|Heatran, M|\n|poke|p2|Enamorus, F|\n|poke|p2|Kingambit, F|\n|teampreview\n|inactive|Battle timer is ON: inactive players will automatically lose when time's up. (requested by mige-3)\n|\n|t:|1700222523\n|start\n|switch|p1a: HOWKINGS|Maushold|100\/100\n|switch|p2a: Rillaboom|Rillaboom, F|100\/100\n|-fieldstart|move: Grassy Terrain|[from] ability: Grassy Surge|[of] p2a: Rillaboom\n|turn|1\n|\n|t:|1700222533\n|switch|p1a: SAVOURAS|Heatran, F|100\/100\n|-item|p1a: SAVOURAS|Air Balloon\n|move|p2a: Rillaboom|Grassy Glide|p1a: SAVOURAS\n|-resisted|p1a: SAVOURAS\n|-damage|p1a: SAVOURAS|87\/100\n|-enditem|p1a: SAVOURAS|Air Balloon\n|\n|-heal|p1a: SAVOURAS|93\/100|[from] Grassy Terrain\n|upkeep\n|turn|2\n|\n|t:|1700222538\n|switch|p2a: Great Tusk|Great Tusk|100\/100\n|move|p1a: SAVOURAS|Magma Storm|p2a: Great Tusk\n|-damage|p2a: Great Tusk|24\/100\n|-activate|p2a: Great Tusk|move: Magma Storm|[of] p1a: SAVOURAS\n|\n|-heal|p2a: Great Tusk|30\/100|[from] Grassy Terrain\n|-heal|p2a: Great Tusk|36\/100|[from] item: Leftovers\n|-heal|p1a: SAVOURAS|99\/100|[from] Grassy Terrain\n|-damage|p2a: Great Tusk|24\/100|[from] move: Magma Storm|[partiallytrapped]\n|upkeep\n|turn|3\n|\n|t:|1700222546\n|switch|p1a: VIVALOSPRIDE|Rillaboom, M|100\/100\n|move|p2a: Great Tusk|Headlong Rush|p1a: VIVALOSPRIDE\n|-resisted|p1a: VIVALOSPRIDE\n|-damage|p1a: VIVALOSPRIDE|75\/100\n|-unboost|p2a: Great Tusk|def|1\n|-unboost|p2a: Great Tusk|spd|1\n|\n|-heal|p2a: Great Tusk|30\/100|[from] Grassy Terrain\n|-heal|p2a: Great Tusk|36\/100|[from] item: Leftovers\n|-heal|p1a: VIVALOSPRIDE|81\/100|[from] Grassy Terrain\n|-end|p2a: Great Tusk|Magma Storm|[partiallytrapped]|[silent]\n|upkeep\n|turn|4\n|\n|t:|1700222554\n|-end|p2a: Great Tusk|Protosynthesis|[silent]\n|switch|p2a: Rillaboom|Rillaboom, F|100\/100\n|move|p1a: VIVALOSPRIDE|Grassy Glide|p2a: Rillaboom\n|-resisted|p2a: Rillaboom\n|-damage|p2a: Rillaboom|81\/100\n|\n|-heal|p2a: Rillaboom|87\/100|[from] Grassy Terrain\n|-heal|p1a: VIVALOSPRIDE|87\/100|[from] Grassy Terrain\n|upkeep\n|turn|5\n|\n|t:|1700222557\n|move|p2a: Rillaboom|U-turn|p1a: VIVALOSPRIDE\n|-supereffective|p1a: VIVALOSPRIDE\n|-damage|p1a: VIVALOSPRIDE|8\/100\n|\n|t:|1700222560\n|switch|p2a: Enamorus|Enamorus, F|100\/100|[from] U-turn\n|move|p1a: VIVALOSPRIDE|Knock Off|p2a: Enamorus\n|-resisted|p2a: Enamorus\n|-damage|p2a: Enamorus|71\/100\n|-enditem|p2a: Enamorus|Choice Scarf|[from] move: Knock Off|[of] p1a: VIVALOSPRIDE\n|\n|-heal|p1a: VIVALOSPRIDE|15\/100|[from] Grassy Terrain\n|-fieldend|move: Grassy Terrain\n|upkeep\n|turn|6\n|\n|t:|1700222573\n|move|p2a: Enamorus|Moonblast|p1a: VIVALOSPRIDE\n|-damage|p1a: VIVALOSPRIDE|0 fnt\n|faint|p1a: VIVALOSPRIDE\n|\n|upkeep\n|\n|t:|1700222588\n|switch|p1a: HOWKINGS|Maushold|100\/100\n|turn|7\n|\n|t:|1700222592\n|move|p1a: HOWKINGS|Tidy Up|p1a: HOWKINGS\n|-boost|p1a: HOWKINGS|atk|1\n|-boost|p1a: HOWKINGS|spe|1\n|move|p2a: Enamorus|Moonblast|p1a: HOWKINGS\n|-damage|p1a: HOWKINGS|19\/100\n|-unboost|p1a: HOWKINGS|spa|1\n|\n|upkeep\n|turn|8\n|\n|t:|1700222595\n|move|p1a: HOWKINGS|Population Bomb|p2a: Enamorus\n|-damage|p2a: Enamorus|42\/100\n|-damage|p2a: Enamorus|17\/100\n|-damage|p2a: Enamorus|0 fnt\n|faint|p2a: Enamorus\n|-hitcount|p2: Enamorus|3\n|\n|upkeep\n|\n|t:|1700222597\n|switch|p2a: devindian|Kingambit, F|100\/100\n|-activate|p2a: devindian|ability: Supreme Overlord\n|-start|p2a: devindian|fallen1|[silent]\n|turn|9\n|\n|t:|1700222601\n|move|p1a: HOWKINGS|Population Bomb|p2a: devindian\n|-resisted|p2a: devindian\n|-damage|p2a: devindian|94\/100\n|-resisted|p2a: devindian\n|-crit|p2a: devindian\n|-damage|p2a: devindian|85\/100\n|-resisted|p2a: devindian\n|-damage|p2a: devindian|79\/100\n|-resisted|p2a: devindian\n|-damage|p2a: devindian|73\/100\n|-resisted|p2a: devindian\n|-damage|p2a: devindian|66\/100\n|-resisted|p2a: devindian\n|-damage|p2a: devindian|60\/100\n|-resisted|p2a: devindian\n|-damage|p2a: devindian|54\/100\n|-resisted|p2a: devindian\n|-damage|p2a: devindian|48\/100\n|-resisted|p2a: devindian\n|-damage|p2a: devindian|42\/100\n|-resisted|p2a: devindian\n|-damage|p2a: devindian|36\/100\n|-hitcount|p2a: devindian|10\n|move|p2a: devindian|Kowtow Cleave|p1a: HOWKINGS\n|-damage|p1a: HOWKINGS|0 fnt\n|faint|p1a: HOWKINGS\n|\n|-heal|p2a: devindian|42\/100|[from] item: Leftovers\n|upkeep\n|\n|t:|1700222609\n|switch|p1a: SAVOURAS|Heatran, F|99\/100\n|turn|10\n|\n|t:|1700222612\n|-end|p2a: devindian|fallen1|[silent]\n|switch|p2a: Heatran|Heatran, M|100\/100\n|move|p1a: SAVOURAS|Magma Storm|p2a: Heatran\n|-start|p2a: Heatran|ability: Flash Fire\n|\n|upkeep\n|turn|11\n|\n|t:|1700222615\n|move|p1a: SAVOURAS|Earth Power|p2a: Heatran\n|-supereffective|p2a: Heatran\n|-damage|p2a: Heatran|16\/100\n|move|p2a: Heatran|Earth Power|p1a: SAVOURAS\n|-supereffective|p1a: SAVOURAS\n|-damage|p1a: SAVOURAS|0 fnt\n|faint|p1a: SAVOURAS\n|\n|-heal|p2a: Heatran|22\/100|[from] item: Leftovers\n|upkeep\n|\n|t:|1700222631\n|switch|p1a: GREAT FREEZAI|Great Tusk|100\/100\n|-enditem|p1a: GREAT FREEZAI|Booster Energy\n|-activate|p1a: GREAT FREEZAI|ability: Protosynthesis|[fromitem]\n|-start|p1a: GREAT FREEZAI|protosynthesisspe\n|turn|12\n|\n|t:|1700222637\n|-end|p2a: Heatran|ability: Flash Fire|[silent]\n|switch|p2a: Great Tusk|Great Tusk|36\/100\n|move|p1a: GREAT FREEZAI|Bulk Up|p1a: GREAT FREEZAI\n|-boost|p1a: GREAT FREEZAI|atk|1\n|-boost|p1a: GREAT FREEZAI|def|1\n|\n|-heal|p2a: Great Tusk|42\/100|[from] item: Leftovers\n|upkeep\n|turn|13\n|\n|t:|1700222642\n|move|p1a: GREAT FREEZAI|Bulk Up|p1a: GREAT FREEZAI\n|-boost|p1a: GREAT FREEZAI|atk|1\n|-boost|p1a: GREAT FREEZAI|def|1\n|move|p2a: Great Tusk|Ice Spinner|p1a: GREAT FREEZAI\n|-supereffective|p1a: GREAT FREEZAI\n|-damage|p1a: GREAT FREEZAI|87\/100\n|\n|-heal|p2a: Great Tusk|48\/100|[from] item: Leftovers\n|upkeep\n|turn|14\n|\n|t:|1700222644\n|move|p1a: GREAT FREEZAI|Bulk Up|p1a: GREAT FREEZAI\n|-boost|p1a: GREAT FREEZAI|atk|1\n|-boost|p1a: GREAT FREEZAI|def|1\n|move|p2a: Great Tusk|Ice Spinner|p1a: GREAT FREEZAI\n|-supereffective|p1a: GREAT FREEZAI\n|-damage|p1a: GREAT FREEZAI|75\/100\n|\n|-heal|p2a: Great Tusk|55\/100|[from] item: Leftovers\n|upkeep\n|turn|15\n|\n|t:|1700222646\n|move|p1a: GREAT FREEZAI|Bulk Up|p1a: GREAT FREEZAI\n|-boost|p1a: GREAT FREEZAI|atk|1\n|-boost|p1a: GREAT FREEZAI|def|1\n|move|p2a: Great Tusk|Ice Spinner|p1a: GREAT FREEZAI\n|-supereffective|p1a: GREAT FREEZAI\n|-damage|p1a: GREAT FREEZAI|64\/100\n|\n|-heal|p2a: Great Tusk|61\/100|[from] item: Leftovers\n|upkeep\n|turn|16\n|\n|t:|1700222649\n|move|p1a: GREAT FREEZAI|Bulk Up|p1a: GREAT FREEZAI\n|-boost|p1a: GREAT FREEZAI|atk|1\n|-boost|p1a: GREAT FREEZAI|def|1\n|move|p2a: Great Tusk|Ice Spinner|p1a: GREAT FREEZAI\n|-supereffective|p1a: GREAT FREEZAI\n|-damage|p1a: GREAT FREEZAI|56\/100\n|\n|-heal|p2a: Great Tusk|67\/100|[from] item: Leftovers\n|upkeep\n|turn|17\n|\n|t:|1700222651\n|move|p1a: GREAT FREEZAI|Bulk Up|p1a: GREAT FREEZAI\n|-boost|p1a: GREAT FREEZAI|atk|1\n|-boost|p1a: GREAT FREEZAI|def|1\n|move|p2a: Great Tusk|Ice Spinner|p1a: GREAT FREEZAI\n|-supereffective|p1a: GREAT FREEZAI\n|-damage|p1a: GREAT FREEZAI|49\/100\n|\n|-heal|p2a: Great Tusk|73\/100|[from] item: Leftovers\n|upkeep\n|turn|18\n|\n|t:|1700222666\n|move|p1a: GREAT FREEZAI|Ice Spinner|p2a: Great Tusk\n|-supereffective|p2a: Great Tusk\n|-damage|p2a: Great Tusk|0 fnt\n|faint|p2a: Great Tusk\n|-end|p2a: Great Tusk|Protosynthesis|[silent]\n|\n|upkeep\n|\n|t:|1700222679\n|switch|p2a: Rillaboom|Rillaboom, F|87\/100\n|-fieldstart|move: Grassy Terrain|[from] ability: Grassy Surge|[of] p2a: Rillaboom\n|turn|19\n|\n|t:|1700222685\n|-terastallize|p1a: GREAT FREEZAI|Poison\n|-terastallize|p2a: Rillaboom|Grass\n|move|p2a: Rillaboom|Grassy Glide|p1a: GREAT FREEZAI\n|-resisted|p1a: GREAT FREEZAI\n|-damage|p1a: GREAT FREEZAI|43\/100\n|move|p1a: GREAT FREEZAI|Ice Spinner|p2a: Rillaboom\n|-supereffective|p2a: Rillaboom\n|-damage|p2a: Rillaboom|0 fnt\n|-fieldend|move: Grassy Terrain\n|faint|p2a: Rillaboom\n|\n|upkeep\n|\n|t:|1700222688\n|switch|p2a: devindian|Kingambit, F|42\/100\n|-activate|p2a: devindian|ability: Supreme Overlord\n|-start|p2a: devindian|fallen3|[silent]\n|turn|20\n|\n|t:|1700222698\n|move|p2a: devindian|Sucker Punch|p1a: GREAT FREEZAI\n|-damage|p1a: GREAT FREEZAI|34\/100\n|move|p1a: GREAT FREEZAI|Headlong Rush|p2a: devindian\n|-supereffective|p2a: devindian\n|-damage|p2a: devindian|0 fnt\n|-unboost|p1a: GREAT FREEZAI|def|1\n|-unboost|p1a: GREAT FREEZAI|spd|1\n|faint|p2a: devindian\n|-end|p2a: devindian|fallen3|[silent]\n|\n|upkeep\n|\n|t:|1700222703\n|switch|p2a: Maushold|Maushold|100\/100\n|turn|21\n|\n|t:|1700222705\n|move|p1a: GREAT FREEZAI|Headlong Rush|p2a: Maushold\n|-damage|p2a: Maushold|0 fnt\n|-unboost|p1a: GREAT FREEZAI|def|1\n|-unboost|p1a: GREAT FREEZAI|spd|1\n|faint|p2a: Maushold\n|\n|upkeep\n|\n|t:|1700222707\n|switch|p2a: Heatran|Heatran, M|22\/100\n|turn|22\n|\n|t:|1700222709\n|move|p1a: GREAT FREEZAI|Headlong Rush|p2a: Heatran\n|-supereffective|p2a: Heatran\n|-damage|p2a: Heatran|0 fnt\n|-unboost|p1a: GREAT FREEZAI|def|1\n|-unboost|p1a: GREAT FREEZAI|spd|1\n|faint|p2a: Heatran\n|\n|win|Lemousine\n|raw|Lemousine's rating: 1322 &rarr; <strong>1346<\/strong><br \/>(+24 for winning)\n|raw|mige-3's rating: 1391 &rarr; <strong>1367<\/strong><br \/>(-24 for losing)\n","uploadtime":1700222712,"views":8,"p1id":"lemousine","p2id":"mige3","formatid":"gen9ou","rating":1346,"private":0,"password":""}