{"id":"gen9ou-1990466859","p1":"Niknak841","p2":"N-Zoroark stan","format":"[Gen 9] OU","log":"|j|\u2606Niknak841\n|j|\u2606N-Zoroark stan\n|t:|1699973636\n|gametype|singles\n|player|p1|Niknak841|elesa|1779\n|player|p2|N-Zoroark stan|riley|1813\n|teamsize|p1|6\n|teamsize|p2|6\n|gen|9\n|tier|[Gen 9] OU\n|rated|\n|rule|Sleep Clause Mod: Limit one foe put to sleep\n|rule|Species Clause: Limit one of each Pok\u00e9mon\n|rule|OHKO Clause: OHKO moves are banned\n|rule|Evasion Items Clause: Evasion items are banned\n|rule|Evasion Moves Clause: Evasion moves are banned\n|rule|Endless Battle Clause: Forcing endless battles is banned\n|rule|HP Percentage Mod: HP is shown in percentages\n|clearpoke\n|poke|p1|Ninetales-Alola, F|\n|poke|p1|Manaphy|\n|poke|p1|Rillaboom, M|\n|poke|p1|Sneasler, F|\n|poke|p1|Great Tusk|\n|poke|p1|Ceruledge, F|\n|poke|p2|Zoroark-Hisui, F|\n|poke|p2|Corviknight, M|\n|poke|p2|Ogerpon-Wellspring, F|\n|poke|p2|Sandy Shocks|\n|poke|p2|Lokix, F|\n|poke|p2|Greninja-*, M|\n|teampreview\n|inactive|Battle timer is ON: inactive players will automatically lose when time's up. (requested by N-Zoroark stan)\n|inactive|Niknak841 also wants the timer to be on.\n|c|\u2606N-Zoroark stan|glhf\n|j| mew852\n|\n|t:|1699973661\n|start\n|switch|p1a: Ninetales|Ninetales-Alola, F|100\/100\n|switch|p2a: Ogerpon|Ogerpon-Wellspring, F|100\/100\n|-weather|Snow|[from] ability: Snow Warning|[of] p1a: Ninetales\n|turn|1\n|\n|t:|1699973664\n|move|p2a: Ogerpon|Shadow Ball|p1a: Ninetales\n|-damage|p1a: Ninetales|56\/100\n|move|p1a: Ninetales|Aurora Veil|p1a: Ninetales\n|-sidestart|p1: Niknak841|move: Aurora Veil\n|\n|-weather|Snow|[upkeep]\n|upkeep\n|turn|2\n|\n|t:|1699973671\n|move|p2a: Ogerpon|Shadow Ball|p1a: Ninetales\n|-damage|p1a: Ninetales|33\/100\n|-unboost|p1a: Ninetales|spd|1\n|move|p1a: Ninetales|Moonblast|p2a: Ogerpon\n|-damage|p2a: Ogerpon|26\/100\n|replace|p2a: Zoroark|Zoroark-Hisui, F, shiny\n|-end|p2a: Zoroark|Illusion\n|\n|-weather|Snow|[upkeep]\n|upkeep\n|turn|3\n|\n|t:|1699973681\n|switch|p1a: Rillaboom|Rillaboom, M|100\/100\n|-fieldstart|move: Grassy Terrain|[from] ability: Grassy Surge|[of] p1a: Rillaboom\n|move|p2a: Zoroark|Shadow Ball|p1a: Rillaboom\n|-damage|p1a: Rillaboom|76\/100\n|\n|-weather|Snow|[upkeep]\n|-heal|p2a: Zoroark|32\/100|[from] Grassy Terrain\n|-heal|p1a: Rillaboom|82\/100|[from] Grassy Terrain\n|upkeep\n|turn|4\n|\n|t:|1699973683\n|switch|p2a: Corviknight|Corviknight, M|100\/100\n|-ability|p2a: Corviknight|Pressure\n|move|p1a: Rillaboom|U-turn|p2a: Corviknight\n|-resisted|p2a: Corviknight\n|-damage|p2a: Corviknight|97\/100\n|-damage|p1a: Rillaboom|66\/100|[from] item: Rocky Helmet|[of] p2a: Corviknight\n|\n|t:|1699973687\n|switch|p1a: Ceruledge|Ceruledge, F|100\/100|[from] U-turn\n|\n|-weather|Snow|[upkeep]\n|upkeep\n|turn|5\n|\n|t:|1699973697\n|switch|p2a: Sandy Shocks|Sandy Shocks|100\/100\n|move|p1a: Ceruledge|Swords Dance|p1a: Ceruledge\n|-boost|p1a: Ceruledge|atk|2\n|\n|-weather|none\n|upkeep\n|turn|6\n|\n|t:|1699973700\n|move|p2a: Sandy Shocks|Earth Power|p1a: Ceruledge\n|-supereffective|p1a: Ceruledge\n|-damage|p1a: Ceruledge|51\/100\n|move|p1a: Ceruledge|Bitter Blade|p2a: Sandy Shocks\n|-damage|p2a: Sandy Shocks|2\/100\n|-heal|p1a: Ceruledge|100\/100|[from] drain|[of] p2a: Sandy Shocks\n|\n|-heal|p2a: Sandy Shocks|8\/100|[from] Grassy Terrain\n|upkeep\n|turn|7\n|j| Misuta Zero\n|\n|t:|1699973704\n|move|p2a: Sandy Shocks|Earth Power|p1a: Ceruledge\n|-supereffective|p1a: Ceruledge\n|-damage|p1a: Ceruledge|48\/100\n|move|p1a: Ceruledge|Bitter Blade|p2a: Sandy Shocks\n|-damage|p2a: Sandy Shocks|0 fnt\n|-heal|p1a: Ceruledge|52\/100|[from] drain|[of] p2a: Sandy Shocks\n|faint|p2a: Sandy Shocks\n|-end|p2a: Sandy Shocks|Protosynthesis|[silent]\n|\n|-heal|p1a: Ceruledge|58\/100|[from] Grassy Terrain\n|upkeep\n|l| Misuta Zero\n|\n|t:|1699973725\n|switch|p2a: Ogerpon|Ogerpon-Wellspring, F|100\/100\n|turn|8\n|\n|t:|1699973731\n|-terastallize|p1a: Ceruledge|Fairy\n|move|p2a: Ogerpon|Ivy Cudgel|p1a: Ceruledge|[anim] Ivy Cudgel Water\n|-damage|p1a: Ceruledge|16\/100\n|-ability|p1a: Ceruledge|Weak Armor|boost\n|-unboost|p1a: Ceruledge|def|1\n|-boost|p1a: Ceruledge|spe|2\n|move|p1a: Ceruledge|Bitter Blade|p2a: Ogerpon\n|-damage|p2a: Ogerpon|0 fnt\n|-heal|p1a: Ceruledge|68\/100|[from] drain|[of] p2a: Ogerpon\n|faint|p2a: Ogerpon\n|\n|-heal|p1a: Ceruledge|74\/100|[from] Grassy Terrain\n|-sideend|p1: Niknak841|move: Aurora Veil\n|upkeep\n|\n|t:|1699973735\n|switch|p2a: Lokix|Lokix, F|100\/100\n|turn|9\n|\n|t:|1699973742\n|move|p2a: Lokix|First Impression|p1a: Ceruledge\n|-resisted|p1a: Ceruledge\n|-damage|p1a: Ceruledge|0 fnt\n|faint|p1a: Ceruledge\n|\n|upkeep\n|\n|t:|1699973746\n|switch|p1a: Ninetales|Ninetales-Alola, F|33\/100\n|-weather|Snow|[from] ability: Snow Warning|[of] p1a: Ninetales\n|turn|10\n|\n|t:|1699973751\n|switch|p2a: Corviknight|Corviknight, M|97\/100\n|-ability|p2a: Corviknight|Pressure\n|move|p1a: Ninetales|Aurora Veil|p1a: Ninetales\n|-sidestart|p1: Niknak841|move: Aurora Veil\n|\n|-weather|Snow|[upkeep]\n|-heal|p1a: Ninetales|39\/100|[from] Grassy Terrain\n|-fieldend|move: Grassy Terrain\n|upkeep\n|turn|11\n|\n|t:|1699973756\n|switch|p1a: Manaphy|Manaphy|100\/100\n|move|p2a: Corviknight|Defog|p1a: Manaphy\n|-unboost|p1a: Manaphy|evasion|1\n|-sideend|p1: Niknak841|move: Aurora Veil\n|\n|-weather|Snow|[upkeep]\n|upkeep\n|turn|12\n|\n|t:|1699973762\n|move|p1a: Manaphy|Acid Armor|p1a: Manaphy\n|-boost|p1a: Manaphy|def|2\n|move|p2a: Corviknight|U-turn|p1a: Manaphy\n|-damage|p1a: Manaphy|94\/100\n|\n|t:|1699973765\n|switch|p2a: Greninja|Greninja, M|100\/100|[from] U-turn\n|\n|-weather|Snow|[upkeep]\n|-heal|p1a: Manaphy|99\/100|[from] item: Leftovers\n|upkeep\n|turn|13\n|\n|t:|1699973768\n|move|p2a: Greninja|Switcheroo|p1a: Manaphy\n|-start|p2a: Greninja|typechange|Dark|[from] ability: Protean\n|-activate|p2a: Greninja|move: Trick|[of] p1a: Manaphy\n|-item|p1a: Manaphy|Choice Scarf|[from] move: Switcheroo\n|-item|p2a: Greninja|Leftovers|[from] move: Switcheroo\n|move|p1a: Manaphy|Take Heart|p1a: Manaphy\n|-boost|p1a: Manaphy|spa|1\n|-boost|p1a: Manaphy|spd|1\n|\n|-weather|Snow|[upkeep]\n|upkeep\n|turn|14\n|\n|t:|1699973772\n|switch|p1a: Rillaboom|Rillaboom, M|66\/100\n|-fieldstart|move: Grassy Terrain|[from] ability: Grassy Surge|[of] p1a: Rillaboom\n|move|p2a: Greninja|U-turn|p1a: Rillaboom\n|-supereffective|p1a: Rillaboom\n|-damage|p1a: Rillaboom|31\/100\n|\n|t:|1699973774\n|switch|p2a: Corviknight|Corviknight, M|97\/100|[from] U-turn\n|-ability|p2a: Corviknight|Pressure\n|\n|-weather|none\n|-heal|p1a: Rillaboom|37\/100|[from] Grassy Terrain\n|upkeep\n|turn|15\n|\n|t:|1699973777\n|move|p1a: Rillaboom|U-turn|p2a: Corviknight\n|-resisted|p2a: Corviknight\n|-crit|p2a: Corviknight\n|-damage|p2a: Corviknight|91\/100\n|-damage|p1a: Rillaboom|21\/100|[from] item: Rocky Helmet|[of] p2a: Corviknight\n|\n|t:|1699973779\n|switch|p1a: Ninetales|Ninetales-Alola, F|39\/100|[from] U-turn\n|-weather|Snow|[from] ability: Snow Warning|[of] p1a: Ninetales\n|move|p2a: Corviknight|U-turn|p1a: Ninetales\n|-resisted|p1a: Ninetales\n|-damage|p1a: Ninetales|32\/100\n|\n|t:|1699973782\n|switch|p2a: Greninja|Greninja, M|32\/100|[from] U-turn\n|\n|-weather|Snow|[upkeep]\n|-heal|p2a: Greninja|38\/100|[from] Grassy Terrain\n|-heal|p1a: Ninetales|37\/100|[from] Grassy Terrain\n|upkeep\n|turn|16\n|\n|t:|1699973787\n|move|p2a: Greninja|Shadow Ball|p1a: Ninetales\n|-damage|p1a: Ninetales|0 fnt\n|faint|p1a: Ninetales\n|\n|-weather|Snow|[upkeep]\n|-heal|p2a: Greninja|44\/100|[from] Grassy Terrain\n|upkeep\n|\n|t:|1699973796\n|switch|p1a: Manaphy|Manaphy|99\/100\n|turn|17\n|\n|t:|1699973803\n|switch|p2a: Corviknight|Corviknight, M|91\/100\n|-ability|p2a: Corviknight|Pressure\n|move|p1a: Manaphy|Scald|p2a: Corviknight\n|-damage|p2a: Corviknight|56\/100\n|\n|-weather|Snow|[upkeep]\n|-heal|p1a: Manaphy|100\/100|[from] Grassy Terrain\n|upkeep\n|turn|18\n|\n|t:|1699973806\n|move|p1a: Manaphy|Scald|p2a: Corviknight\n|-damage|p2a: Corviknight|16\/100\n|-status|p2a: Corviknight|brn\n|move|p2a: Corviknight|Roost|p2a: Corviknight\n|-heal|p2a: Corviknight|66\/100 brn\n|-singleturn|p2a: Corviknight|move: Roost\n|\n|-weather|Snow|[upkeep]\n|-heal|p2a: Corviknight|72\/100 brn|[from] Grassy Terrain\n|-damage|p2a: Corviknight|66\/100 brn|[from] brn\n|upkeep\n|turn|19\n|\n|t:|1699973810\n|switch|p1a: Sneasler|Sneasler, F|100\/100\n|-enditem|p1a: Sneasler|Grassy Seed\n|-boost|p1a: Sneasler|def|1|[from] item: Grassy Seed\n|move|p2a: Corviknight|Roost|p2a: Corviknight\n|-heal|p2a: Corviknight|100\/100 brn\n|-singleturn|p2a: Corviknight|move: Roost\n|\n|-weather|none\n|-damage|p2a: Corviknight|94\/100 brn|[from] brn\n|upkeep\n|turn|20\n|\n|t:|1699973818\n|move|p1a: Sneasler|Swords Dance|p1a: Sneasler\n|-boost|p1a: Sneasler|atk|2\n|move|p2a: Corviknight|U-turn|p1a: Sneasler\n|-resisted|p1a: Sneasler\n|-damage|p1a: Sneasler|99\/100\n|\n|t:|1699973822\n|switch|p2a: Greninja|Greninja, M|44\/100|[from] U-turn\n|\n|-heal|p1a: Sneasler|100\/100|[from] Grassy Terrain\n|-heal|p2a: Greninja|50\/100|[from] Grassy Terrain\n|upkeep\n|turn|21\n|\n|t:|1699973824\n|switch|p2a: Corviknight|Corviknight, M|94\/100 brn\n|-ability|p2a: Corviknight|Pressure\n|move|p1a: Sneasler|Acrobatics|p2a: Corviknight\n|-resisted|p2a: Corviknight\n|-damage|p2a: Corviknight|70\/100 brn\n|-damage|p1a: Sneasler|84\/100|[from] item: Rocky Helmet|[of] p2a: Corviknight\n|\n|-heal|p1a: Sneasler|90\/100|[from] Grassy Terrain\n|-damage|p2a: Corviknight|64\/100 brn|[from] brn\n|-fieldend|move: Grassy Terrain\n|upkeep\n|turn|22\n|j| DukeStarr\n|\n|t:|1699973829\n|move|p1a: Sneasler|Close Combat|p2a: Corviknight\n|-damage|p2a: Corviknight|0 fnt\n|-unboost|p1a: Sneasler|def|1\n|-unboost|p1a: Sneasler|spd|1\n|-damage|p1a: Sneasler|73\/100|[from] item: Rocky Helmet|[of] p2a: Corviknight\n|faint|p2a: Corviknight\n|\n|upkeep\n|\n|t:|1699973832\n|switch|p2a: Lokix|Lokix, F|100\/100\n|turn|23\n|\n|t:|1699973834\n|switch|p1a: Great Tusk|Great Tusk|100\/100\n|-enditem|p1a: Great Tusk|Booster Energy\n|-activate|p1a: Great Tusk|ability: Protosynthesis|[fromitem]\n|-start|p1a: Great Tusk|protosynthesisspe\n|-terastallize|p2a: Lokix|Bug\n|move|p2a: Lokix|First Impression|p1a: Great Tusk\n|-resisted|p1a: Great Tusk\n|-damage|p1a: Great Tusk|49\/100\n|\n|upkeep\n|turn|24\n|\n|t:|1699973840\n|switch|p2a: Greninja|Greninja, M|100\/100\n|move|p1a: Great Tusk|Bulk Up|p1a: Great Tusk\n|-boost|p1a: Great Tusk|atk|1\n|-boost|p1a: Great Tusk|def|1\n|\n|upkeep\n|turn|25\n|\n|t:|1699973845\n|move|p1a: Great Tusk|Headlong Rush|p2a: Greninja\n|-damage|p2a: Greninja|0 fnt\n|-unboost|p1a: Great Tusk|def|1\n|-unboost|p1a: Great Tusk|spd|1\n|faint|p2a: Greninja\n|\n|upkeep\n|\n|t:|1699973848\n|switch|p2a: Lokix|Lokix, F, tera:Bug|100\/100\n|turn|26\n|\n|t:|1699973858\n|-end|p1a: Great Tusk|Protosynthesis|[silent]\n|switch|p1a: Rillaboom|Rillaboom, M|21\/100\n|-fieldstart|move: Grassy Terrain|[from] ability: Grassy Surge|[of] p1a: Rillaboom\n|move|p2a: Lokix|U-turn|p1a: Rillaboom\n|-supereffective|p1a: Rillaboom\n|-damage|p1a: Rillaboom|0 fnt\n|faint|p1a: Rillaboom\n|\n|t:|1699973860\n|switch|p2a: Lokix|Lokix, F|50\/100|[from] U-turn\n|\n|-heal|p2a: Lokix|56\/100|[from] Grassy Terrain\n|upkeep\n|\n|t:|1699973866\n|switch|p1a: Manaphy|Manaphy|100\/100\n|-start|p2a: Lokix|typechange|Bug|[silent]\n|turn|27\n|\n|t:|1699973872\n|move|p1a: Manaphy|Scald|p2a: Lokix\n|-crit|p2a: Lokix\n|-damage|p2a: Lokix|0 fnt\n|replace|p2a: Zoroark|Zoroark-Hisui, F, shiny\n|-end|p2a: Zoroark|Illusion\n|faint|p2a: Zoroark\n|\n|upkeep\n|\n|t:|1699973875\n|switch|p2a: Lokix|Lokix, F, tera:Bug|100\/100\n|turn|28\n|\n|t:|1699973877\n|move|p1a: Manaphy|Scald|p2a: Lokix\n|-damage|p2a: Lokix|29\/100\n|move|p2a: Lokix|Knock Off|p1a: Manaphy\n|-damage|p1a: Manaphy|39\/100\n|-enditem|p1a: Manaphy|Choice Scarf|[from] move: Knock Off|[of] p2a: Lokix\n|\n|-heal|p2a: Lokix|35\/100|[from] Grassy Terrain\n|-heal|p1a: Manaphy|46\/100|[from] Grassy Terrain\n|upkeep\n|turn|29\n|c|\u2606N-Zoroark stan|gg\n|\n|t:|1699973883\n|move|p2a: Lokix|Knock Off|p1a: Manaphy\n|-damage|p1a: Manaphy|7\/100\n|move|p1a: Manaphy|Scald|p2a: Lokix\n|-damage|p2a: Lokix|0 fnt\n|faint|p2a: Lokix\n|\n|win|Niknak841\n|raw|Niknak841's rating: 1779 &rarr; <strong>1801<\/strong><br \/>(+22 for winning)\n|raw|N-Zoroark stan's rating: 1813 &rarr; <strong>1791<\/strong><br \/>(-22 for losing)\n|l|\u2606N-Zoroark stan\n|l| DukeStarr\n|c|\u2606Niknak841|Gg\n|l|\u2606Niknak841\n","uploadtime":1699973943,"views":9,"p1id":"niknak841","p2id":"nzoroarkstan","formatid":"gen9ou","rating":1791,"private":0,"password":""}