{"id":"gen9ou-1988600357","p1":"NaokiS2","p2":"PyroLancer69","format":"[Gen 9] OU","log":"|j|\u2606NaokiS2\n|j|\u2606PyroLancer69\n|inactive|Battle timer is ON: inactive players will automatically lose when time's up.\n|t:|1699740578\n|gametype|singles\n|player|p1|NaokiS2|marnie-masters3|\n|player|p2|PyroLancer69|flannery|\n|teamsize|p1|6\n|teamsize|p2|6\n|gen|9\n|tier|[Gen 9] OU\n|rated|Tournament battle\n|rule|Sleep Clause Mod: Limit one foe put to sleep\n|rule|Species Clause: Limit one of each Pok\u00e9mon\n|rule|OHKO Clause: OHKO moves are banned\n|rule|Evasion Items Clause: Evasion items are banned\n|rule|Evasion Moves Clause: Evasion moves are banned\n|rule|Endless Battle Clause: Forcing endless battles is banned\n|rule|HP Percentage Mod: HP is shown in percentages\n|clearpoke\n|poke|p1|Milotic, F|\n|poke|p1|Great Tusk|\n|poke|p1|Clefable, F|\n|poke|p1|Kingambit, F|\n|poke|p1|Rillaboom, M|\n|poke|p1|Slowking-Galar, M|\n|poke|p2|Cinderace, F|\n|poke|p2|Dragonite, M|\n|poke|p2|Greninja-*, M|\n|poke|p2|Rillaboom, F|\n|poke|p2|Gengar, F|\n|poke|p2|Thundurus-Therian, M|\n|teampreview\n|j|*Lady Monita \u2746\n|\n|t:|1699740593\n|start\n|switch|p1a: Swampert turn 1|Rillaboom, M|100\/100\n|switch|p2a: Thundurus|Thundurus-Therian, M|100\/100\n|-fieldstart|move: Grassy Terrain|[from] ability: Grassy Surge|[of] p1a: Swampert turn 1\n|turn|1\n|\n|t:|1699740618\n|switch|p1a: Edgy maligno|Slowking-Galar, M|100\/100\n|move|p2a: Thundurus|Nasty Plot|p2a: Thundurus\n|-boost|p2a: Thundurus|spa|2\n|\n|upkeep\n|turn|2\n|\n|t:|1699740634\n|move|p2a: Thundurus|Thunderbolt|p1a: Edgy maligno\n|-damage|p1a: Edgy maligno|26\/100\n|move|p1a: Edgy maligno|Ice Beam|p2a: Thundurus\n|-supereffective|p2a: Thundurus\n|-damage|p2a: Thundurus|35\/100\n|\n|-heal|p1a: Edgy maligno|32\/100|[from] Grassy Terrain\n|upkeep\n|turn|3\n|\n|t:|1699740643\n|move|p2a: Thundurus|Thunderbolt|p1a: Edgy maligno\n|-damage|p1a: Edgy maligno|0 fnt\n|faint|p1a: Edgy maligno\n|\n|upkeep\n|\n|t:|1699740658\n|switch|p1a: Swampert turn 1|Rillaboom, M|100\/100\n|turn|4\n|\n|t:|1699740666\n|move|p1a: Swampert turn 1|Grassy Glide|p2a: Thundurus\n|-resisted|p2a: Thundurus\n|-damage|p2a: Thundurus|0 fnt\n|faint|p2a: Thundurus\n|\n|upkeep\n|\n|t:|1699740681\n|switch|p2a: Gengar|Gengar, F, shiny|100\/100\n|turn|5\n|\n|t:|1699740692\n|switch|p1a: Edgy no PS|Kingambit, F|100\/100\n|-activate|p1a: Edgy no PS|ability: Supreme Overlord\n|-start|p1a: Edgy no PS|fallen1|[silent]\n|move|p2a: Gengar|Toxic Spikes|p1a: Edgy no PS\n|-sidestart|p1: NaokiS2|move: Toxic Spikes\n|\n|-fieldend|move: Grassy Terrain\n|upkeep\n|turn|6\n|\n|t:|1699740706\n|move|p2a: Gengar|Dazzling Gleam|p1a: Edgy no PS\n|-damage|p1a: Edgy no PS|64\/100\n|move|p1a: Edgy no PS|Kowtow Cleave|p2a: Gengar\n|-supereffective|p2a: Gengar\n|-damage|p2a: Gengar|0 fnt\n|-start|p1a: Edgy no PS|Disable|Kowtow Cleave|[from] ability: Cursed Body|[of] p2a: Gengar\n|faint|p2a: Gengar\n|\n|-heal|p1a: Edgy no PS|71\/100|[from] item: Leftovers\n|upkeep\n|\n|t:|1699740715\n|switch|p2a: Cinderace|Cinderace, F|100\/100\n|turn|7\n|\n|t:|1699740724\n|-end|p1a: Edgy no PS|fallen1|[silent]\n|switch|p1a: Edgy shepado|Great Tusk|100\/100\n|move|p2a: Cinderace|Pyro Ball|p1a: Edgy shepado\n|-damage|p1a: Edgy shepado|61\/100\n|\n|upkeep\n|turn|8\n|-message|NaokiS2 forfeited.\n|\n|win|PyroLancer69\n|n|\u2606NaokiS2|naokis2\n|n|\u2606PyroLancer69|pyrolancer69\n|n|*Lady Monita \u2746|ladymonita\n|l|*Lady Monita \u2746\n|l|\u2606NaokiS2\n|l|\u2606PyroLancer69\n","uploadtime":1699740778,"views":11,"p1id":"naokis2","p2id":"pyrolancer69","formatid":"gen9ou","rating":0,"private":0,"password":""}