{"id":"gen9ou-1998265343","p1":"Bayron Desuga","p2":"JogadorCaro","format":"[Gen 9] OU","log":"|j|\u2606Bayron Desuga\n|j|\u2606JogadorCaro\n|t:|1700922038\n|gametype|singles\n|player|p1|Bayron Desuga|265|1260\n|player|p2|JogadorCaro|tate|1262\n|teamsize|p1|6\n|teamsize|p2|6\n|gen|9\n|tier|[Gen 9] OU\n|rated|\n|rule|Sleep Clause Mod: Limit one foe put to sleep\n|rule|Species Clause: Limit one of each Pok\u00e9mon\n|rule|OHKO Clause: OHKO moves are banned\n|rule|Evasion Items Clause: Evasion items are banned\n|rule|Evasion Moves Clause: Evasion moves are banned\n|rule|Endless Battle Clause: Forcing endless battles is banned\n|rule|HP Percentage Mod: HP is shown in percentages\n|clearpoke\n|poke|p1|Kingambit, M|\n|poke|p1|Landorus-Therian, M|\n|poke|p1|Walking Wake|\n|poke|p1|Great Tusk|\n|poke|p1|Dragapult, F|\n|poke|p1|Enamorus, F|\n|poke|p2|Great Tusk|\n|poke|p2|Ting-Lu|\n|poke|p2|Toxapex, M|\n|poke|p2|Dragapult, M|\n|poke|p2|Iron Valiant|\n|poke|p2|Heatran, M|\n|teampreview\n|\n|t:|1700922047\n|start\n|switch|p1a: Ta m\u00e8re|Enamorus, F|100\/100\n|switch|p2a: Cumbuca|Ting-Lu|100\/100\n|-ability|p2a: Cumbuca|Vessel of Ruin\n|turn|1\n|\n|t:|1700922059\n|-terastallize|p2a: Cumbuca|Poison\n|move|p1a: Ta m\u00e8re|Moonblast|p2a: Cumbuca\n|-resisted|p2a: Cumbuca\n|-damage|p2a: Cumbuca|90\/100\n|move|p2a: Cumbuca|Stealth Rock|p1a: Ta m\u00e8re\n|-sidestart|p1: Bayron Desuga|move: Stealth Rock\n|\n|-heal|p2a: Cumbuca|96\/100|[from] item: Leftovers\n|upkeep\n|turn|2\n|\n|t:|1700922080\n|switch|p1a: Landorus|Landorus-Therian, M|100\/100\n|-damage|p1a: Landorus|88\/100|[from] Stealth Rock\n|-ability|p1a: Landorus|Intimidate|boost\n|-unboost|p2a: Cumbuca|atk|1\n|move|p2a: Cumbuca|Spikes|p1a: Landorus\n|-sidestart|p1: Bayron Desuga|Spikes\n|\n|-heal|p2a: Cumbuca|100\/100|[from] item: Leftovers\n|upkeep\n|turn|3\n|\n|t:|1700922088\n|switch|p2a: Dragaputo|Dragapult, M|100\/100\n|move|p1a: Landorus|Earth Power|p2a: Dragaputo\n|-damage|p2a: Dragaputo|44\/100\n|\n|upkeep\n|turn|4\n|\n|t:|1700922092\n|move|p2a: Dragaputo|Dragon Darts|p1a: Landorus\n|-damage|p1a: Landorus|43\/100\n|-anim|p2a: Dragaputo|Dragon Darts|p1a: Landorus\n|-damage|p1a: Landorus|0 fnt\n|faint|p1a: Landorus\n|\n|upkeep\n|\n|t:|1700922095\n|switch|p1a: Ta m\u00e8re|Enamorus, F|100\/100\n|-damage|p1a: Ta m\u00e8re|76\/100|[from] Stealth Rock\n|turn|5\n|\n|t:|1700922101\n|switch|p2a: Cumbuca|Ting-Lu, tera:Poison|100\/100\n|-ability|p2a: Cumbuca|Vessel of Ruin\n|move|p1a: Ta m\u00e8re|Earth Power|p2a: Cumbuca\n|-supereffective|p2a: Cumbuca\n|-damage|p2a: Cumbuca|72\/100\n|\n|-heal|p2a: Cumbuca|79\/100|[from] item: Leftovers\n|upkeep\n|turn|6\n|\n|t:|1700922104\n|move|p1a: Ta m\u00e8re|Earth Power|p2a: Cumbuca\n|-supereffective|p2a: Cumbuca\n|-damage|p2a: Cumbuca|53\/100\n|move|p2a: Cumbuca|Spikes|p1a: Ta m\u00e8re\n|-sidestart|p1: Bayron Desuga|Spikes\n|\n|-heal|p2a: Cumbuca|60\/100|[from] item: Leftovers\n|upkeep\n|turn|7\n|\n|t:|1700922127\n|switch|p1a: Great Tusk|Great Tusk|100\/100\n|-damage|p1a: Great Tusk|98\/100|[from] Stealth Rock\n|-damage|p1a: Great Tusk|81\/100|[from] Spikes\n|move|p2a: Cumbuca|Spikes|p1a: Great Tusk\n|-sidestart|p1: Bayron Desuga|Spikes\n|\n|-heal|p1a: Great Tusk|87\/100|[from] item: Leftovers\n|-heal|p2a: Cumbuca|66\/100|[from] item: Leftovers\n|upkeep\n|turn|8\n|\n|t:|1700922130\n|switch|p2a: Dragaputo|Dragapult, M|44\/100\n|move|p1a: Great Tusk|Knock Off|p2a: Dragaputo\n|-supereffective|p2a: Dragaputo\n|-damage|p2a: Dragaputo|0 fnt\n|-enditem|p2a: Dragaputo|Choice Band|[from] move: Knock Off|[of] p1a: Great Tusk\n|faint|p2a: Dragaputo\n|\n|-heal|p1a: Great Tusk|93\/100|[from] item: Leftovers\n|upkeep\n|\n|t:|1700922135\n|switch|p2a: Geladeira|Iron Valiant, shiny|100\/100\n|turn|9\n|\n|t:|1700922140\n|-terastallize|p1a: Great Tusk|Ground\n|move|p2a: Geladeira|Moonblast|p1a: Great Tusk\n|-damage|p1a: Great Tusk|0 fnt\n|faint|p1a: Great Tusk\n|-end|p1a: Great Tusk|Protosynthesis|[silent]\n|\n|upkeep\n|\n|t:|1700922146\n|switch|p1a: Ta m\u00e8re|Enamorus, F|76\/100\n|-damage|p1a: Ta m\u00e8re|51\/100|[from] Stealth Rock\n|turn|10\n|\n|t:|1700922153\n|-end|p2a: Geladeira|Quark Drive|[silent]\n|switch|p2a: Cumbuca|Ting-Lu, tera:Poison|66\/100\n|-ability|p2a: Cumbuca|Vessel of Ruin\n|move|p1a: Ta m\u00e8re|Moonblast|p2a: Cumbuca\n|-resisted|p2a: Cumbuca\n|-damage|p2a: Cumbuca|55\/100\n|\n|-heal|p2a: Cumbuca|61\/100|[from] item: Leftovers\n|upkeep\n|turn|11\n|\n|t:|1700922157\n|switch|p1a: Ta s\u0153ur|Dragapult, F|100\/100\n|-damage|p1a: Ta s\u0153ur|88\/100|[from] Stealth Rock\n|-damage|p1a: Ta s\u0153ur|63\/100|[from] Spikes\n|move|p2a: Cumbuca|Whirlwind|p1a: Ta s\u0153ur\n|drag|p1a: Ton p\u00e8re|Kingambit, M|100\/100\n|-damage|p1a: Ton p\u00e8re|94\/100|[from] Stealth Rock\n|-damage|p1a: Ton p\u00e8re|69\/100|[from] Spikes\n|-activate|p1a: Ton p\u00e8re|ability: Supreme Overlord\n|-start|p1a: Ton p\u00e8re|fallen2|[silent]\n|\n|-heal|p1a: Ton p\u00e8re|75\/100|[from] item: Leftovers\n|-heal|p2a: Cumbuca|67\/100|[from] item: Leftovers\n|upkeep\n|turn|12\n|\n|t:|1700922168\n|move|p1a: Ton p\u00e8re|Kowtow Cleave|p2a: Cumbuca\n|-damage|p2a: Cumbuca|33\/100\n|move|p2a: Cumbuca|Earthquake|p1a: Ton p\u00e8re\n|-supereffective|p1a: Ton p\u00e8re\n|-damage|p1a: Ton p\u00e8re|26\/100\n|\n|-heal|p1a: Ton p\u00e8re|32\/100|[from] item: Leftovers\n|-heal|p2a: Cumbuca|39\/100|[from] item: Leftovers\n|upkeep\n|turn|13\n|\n|t:|1700922182\n|move|p1a: Ton p\u00e8re|Sucker Punch|p2a: Cumbuca\n|-damage|p2a: Cumbuca|14\/100\n|move|p2a: Cumbuca|Earthquake|p1a: Ton p\u00e8re\n|-supereffective|p1a: Ton p\u00e8re\n|-damage|p1a: Ton p\u00e8re|0 fnt\n|faint|p1a: Ton p\u00e8re\n|-end|p1a: Ton p\u00e8re|fallen2|[silent]\n|\n|-heal|p2a: Cumbuca|20\/100|[from] item: Leftovers\n|upkeep\n|\n|t:|1700922193\n|switch|p1a: Ta m\u00e8re|Enamorus, F|51\/100\n|-damage|p1a: Ta m\u00e8re|26\/100|[from] Stealth Rock\n|turn|14\n|\n|t:|1700922198\n|move|p1a: Ta m\u00e8re|Earth Power|p2a: Cumbuca\n|-supereffective|p2a: Cumbuca\n|-damage|p2a: Cumbuca|0 fnt\n|faint|p2a: Cumbuca\n|\n|upkeep\n|\n|t:|1700922205\n|switch|p2a: Geladeira|Iron Valiant, shiny|100\/100\n|turn|15\n|\n|t:|1700922217\n|switch|p1a: Ta s\u0153ur|Dragapult, F|63\/100\n|-damage|p1a: Ta s\u0153ur|51\/100|[from] Stealth Rock\n|-damage|p1a: Ta s\u0153ur|26\/100|[from] Spikes\n|move|p2a: Geladeira|Moonblast|p1a: Ta s\u0153ur\n|-supereffective|p1a: Ta s\u0153ur\n|-damage|p1a: Ta s\u0153ur|0 fnt\n|faint|p1a: Ta s\u0153ur\n|\n|upkeep\n|\n|t:|1700922220\n|switch|p1a: Ta m\u00e8re|Enamorus, F|26\/100\n|-damage|p1a: Ta m\u00e8re|1\/100|[from] Stealth Rock\n|turn|16\n|\n|t:|1700922229\n|-end|p2a: Geladeira|Quark Drive|[silent]\n|switch|p2a: Muralhasakibara|Toxapex, M|100\/100\n|move|p1a: Ta m\u00e8re|Moonblast|p2a: Muralhasakibara\n|-resisted|p2a: Muralhasakibara\n|-damage|p2a: Muralhasakibara|80\/100\n|-unboost|p2a: Muralhasakibara|spa|1\n|\n|-heal|p2a: Muralhasakibara|86\/100|[from] item: Leftovers\n|upkeep\n|turn|17\n|-message|Bayron Desuga forfeited.\n|\n|win|JogadorCaro\n|raw|Bayron Desuga's rating: 1260 &rarr; <strong>1235<\/strong><br \/>(-25 for losing)\n|raw|JogadorCaro's rating: 1262 &rarr; <strong>1287<\/strong><br \/>(+25 for winning)\n|l|\u2606Bayron Desuga\n","uploadtime":1700922278,"views":2,"p1id":"bayrondesuga","p2id":"jogadorcaro","formatid":"gen9ou","rating":1235,"private":0,"password":""}