{"id":"gen9ou-1994872361","p1":"EHarm","p2":"Slopandslimeher","format":"[Gen 9] OU","log":"|j|\u2606EHarm\n|j|\u2606Slopandslimeher\n|t:|1700500502\n|gametype|singles\n|player|p1|EHarm|rancher|1376\n|player|p2|Slopandslimeher|scientist|1447\n|teamsize|p1|6\n|teamsize|p2|6\n|gen|9\n|tier|[Gen 9] OU\n|rated|\n|rule|Sleep Clause Mod: Limit one foe put to sleep\n|rule|Species Clause: Limit one of each Pok\u00e9mon\n|rule|OHKO Clause: OHKO moves are banned\n|rule|Evasion Items Clause: Evasion items are banned\n|rule|Evasion Moves Clause: Evasion moves are banned\n|rule|Endless Battle Clause: Forcing endless battles is banned\n|rule|HP Percentage Mod: HP is shown in percentages\n|clearpoke\n|poke|p1|Ribombee, F|\n|poke|p1|Gholdengo|\n|poke|p1|Manaphy|\n|poke|p1|Kingambit, F|\n|poke|p1|Cinderace, F|\n|poke|p1|Great Tusk|\n|poke|p2|Weezing-Galar, F|\n|poke|p2|Ceruledge, M|\n|poke|p2|Hawlucha, F|\n|poke|p2|Samurott-Hisui, M|\n|poke|p2|Cinderace, F|\n|poke|p2|Dragapult, F|\n|teampreview\n|inactive|Battle timer is ON: inactive players will automatically lose when time's up. (requested by Slopandslimeher)\n|\n|t:|1700500519\n|start\n|switch|p1a: Ribombee|Ribombee, F|100\/100\n|switch|p2a: Weezing|Weezing-Galar, F, shiny|100\/100\n|-fieldstart|move: Misty Terrain|[from] ability: Misty Surge|[of] p2a: Weezing\n|turn|1\n|\n|t:|1700500541\n|switch|p2a: Ceruledge|Ceruledge, M, shiny|100\/100\n|-enditem|p2a: Ceruledge|Misty Seed\n|-boost|p2a: Ceruledge|spd|1|[from] item: Misty Seed\n|move|p1a: Ribombee|Sticky Web|p2a: Ceruledge\n|-sidestart|p2: Slopandslimeher|move: Sticky Web\n|\n|upkeep\n|turn|2\n|\n|t:|1700500547\n|move|p1a: Ribombee|Stun Spore|p2a: Ceruledge\n|-activate|p2a: Ceruledge|move: Misty Terrain\n|move|p2a: Ceruledge|Bulk Up|p2a: Ceruledge\n|-boost|p2a: Ceruledge|atk|1\n|-boost|p2a: Ceruledge|def|1\n|\n|upkeep\n|turn|3\n|\n|t:|1700500559\n|move|p1a: Ribombee|U-turn|p2a: Ceruledge\n|-resisted|p2a: Ceruledge\n|-damage|p2a: Ceruledge|98\/100\n|\n|t:|1700500564\n|switch|p1a: Manaphy|Manaphy|100\/100|[from] U-turn\n|move|p2a: Ceruledge|Bulk Up|p2a: Ceruledge\n|-boost|p2a: Ceruledge|atk|1\n|-boost|p2a: Ceruledge|def|1\n|\n|upkeep\n|turn|4\n|\n|t:|1700500575\n|-terastallize|p2a: Ceruledge|Dark\n|move|p1a: Manaphy|Surf|p2a: Ceruledge\n|-damage|p2a: Ceruledge|78\/100\n|move|p2a: Ceruledge|Shadow Claw|p1a: Manaphy\n|-damage|p1a: Manaphy|50\/100\n|\n|upkeep\n|turn|5\n|\n|t:|1700500589\n|switch|p1a: Ribombee|Ribombee, F|100\/100\n|move|p2a: Ceruledge|Shadow Claw|p1a: Ribombee\n|-damage|p1a: Ribombee|6\/100\n|\n|-fieldend|Misty Terrain\n|upkeep\n|turn|6\n|\n|t:|1700500600\n|move|p1a: Ribombee|Stun Spore|p2a: Ceruledge|[miss]\n|-miss|p1a: Ribombee|p2a: Ceruledge\n|move|p2a: Ceruledge|Bulk Up|p2a: Ceruledge\n|-boost|p2a: Ceruledge|atk|1\n|-boost|p2a: Ceruledge|def|1\n|\n|upkeep\n|turn|7\n|\n|t:|1700500606\n|move|p1a: Ribombee|Stun Spore|p2a: Ceruledge\n|-status|p2a: Ceruledge|par\n|cant|p2a: Ceruledge|par\n|\n|upkeep\n|turn|8\n|\n|t:|1700500611\n|move|p1a: Ribombee|Moonblast|p2a: Ceruledge\n|-supereffective|p2a: Ceruledge\n|-damage|p2a: Ceruledge|46\/100 par\n|move|p2a: Ceruledge|Bitter Blade|p1a: Ribombee\n|-supereffective|p1a: Ribombee\n|-damage|p1a: Ribombee|0 fnt\n|-heal|p2a: Ceruledge|49\/100 par|[from] drain|[of] p1a: Ribombee\n|faint|p1a: Ribombee\n|\n|upkeep\n|\n|t:|1700500639\n|switch|p1a: Gholdengo|Gholdengo|100\/100\n|-item|p1a: Gholdengo|Air Balloon\n|turn|9\n|\n|t:|1700500645\n|move|p1a: Gholdengo|Flash Cannon|p2a: Ceruledge\n|-damage|p2a: Ceruledge|31\/100 par\n|move|p2a: Ceruledge|Bitter Blade|p1a: Gholdengo\n|-supereffective|p1a: Gholdengo\n|-damage|p1a: Gholdengo|0 fnt\n|-heal|p2a: Ceruledge|84\/100 par|[from] drain|[of] p1a: Gholdengo\n|-enditem|p1a: Gholdengo|Air Balloon\n|faint|p1a: Gholdengo\n|\n|upkeep\n|\n|t:|1700500658\n|switch|p1a: Kingambit|Kingambit, F|100\/100\n|-activate|p1a: Kingambit|ability: Supreme Overlord\n|-start|p1a: Kingambit|fallen2|[silent]\n|turn|10\n|\n|t:|1700500664\n|-terastallize|p1a: Kingambit|Fairy\n|move|p1a: Kingambit|Low Kick|p2a: Ceruledge\n|-supereffective|p2a: Ceruledge\n|-damage|p2a: Ceruledge|53\/100 par\n|cant|p2a: Ceruledge|par\n|\n|upkeep\n|turn|11\n|\n|t:|1700500670\n|move|p1a: Kingambit|Low Kick|p2a: Ceruledge\n|-supereffective|p2a: Ceruledge\n|-damage|p2a: Ceruledge|21\/100 par\n|move|p2a: Ceruledge|Bitter Blade|p1a: Kingambit\n|-damage|p1a: Kingambit|14\/100\n|-heal|p2a: Ceruledge|62\/100 par|[from] drain|[of] p1a: Kingambit\n|\n|upkeep\n|turn|12\n|\n|t:|1700500678\n|move|p1a: Kingambit|Low Kick|p2a: Ceruledge\n|-supereffective|p2a: Ceruledge\n|-crit|p2a: Ceruledge\n|-damage|p2a: Ceruledge|0 fnt\n|faint|p2a: Ceruledge\n|\n|upkeep\n|\n|t:|1700500695\n|switch|p2a: Samurott|Samurott-Hisui, M, shiny|100\/100\n|-activate|p2a: Samurott|move: Sticky Web\n|-unboost|p2a: Samurott|spe|1\n|turn|13\n|\n|t:|1700500700\n|move|p1a: Kingambit|Low Kick|p2a: Samurott\n|-supereffective|p2a: Samurott\n|-damage|p2a: Samurott|18\/100\n|move|p2a: Samurott|Flip Turn|p1a: Kingambit\n|-damage|p1a: Kingambit|0 fnt\n|faint|p1a: Kingambit\n|-end|p1a: Kingambit|fallen2|[silent]\n|\n|t:|1700500708\n|switch|p2a: Weezing|Weezing-Galar, F, shiny|100\/100|[from] Flip Turn\n|-activate|p2a: Weezing|move: Sticky Web\n|-unboost|p2a: Weezing|spe|1\n|-fieldstart|move: Misty Terrain|[from] ability: Misty Surge|[of] p2a: Weezing\n|\n|upkeep\n|\n|t:|1700500714\n|switch|p1a: Manaphy|Manaphy|50\/100\n|turn|14\n|\n|t:|1700500723\n|move|p1a: Manaphy|Tail Glow|p1a: Manaphy\n|-boost|p1a: Manaphy|spa|3\n|move|p2a: Weezing|Clear Smog|p1a: Manaphy\n|-damage|p1a: Manaphy|36\/100\n|-clearboost|p1a: Manaphy\n|\n|upkeep\n|turn|15\n|\n|t:|1700500733\n|switch|p2a: Cinderace|Cinderace, F|100\/100\n|move|p1a: Manaphy|Surf|p2a: Cinderace\n|-supereffective|p2a: Cinderace\n|-damage|p2a: Cinderace|1\/100\n|\n|upkeep\n|turn|16\n|\n|t:|1700500741\n|move|p2a: Cinderace|Court Change|p2a: Cinderace\n|-swapsideconditions\n|-activate|p2a: Cinderace|move: Court Change\n|move|p1a: Manaphy|Surf|p2a: Cinderace\n|-supereffective|p2a: Cinderace\n|-damage|p2a: Cinderace|0 fnt\n|faint|p2a: Cinderace\n|\n|upkeep\n|\n|t:|1700500749\n|switch|p2a: Hawlucha|Hawlucha, F, shiny|100\/100\n|-enditem|p2a: Hawlucha|Misty Seed\n|-boost|p2a: Hawlucha|spd|1|[from] item: Misty Seed\n|turn|17\n|\n|t:|1700500757\n|move|p2a: Hawlucha|Swords Dance|p2a: Hawlucha\n|-boost|p2a: Hawlucha|atk|2\n|move|p1a: Manaphy|Ice Beam|p2a: Hawlucha\n|-supereffective|p2a: Hawlucha\n|-damage|p2a: Hawlucha|51\/100\n|-status|p2a: Hawlucha|frz\n|\n|-fieldend|Misty Terrain\n|upkeep\n|turn|18\n|\n|t:|1700500774\n|switch|p2a: Weezing|Weezing-Galar, F, shiny|100\/100\n|-fieldstart|move: Misty Terrain|[from] ability: Misty Surge|[of] p2a: Weezing\n|move|p1a: Manaphy|Ice Beam|p2a: Weezing\n|-damage|p2a: Weezing|63\/100\n|\n|upkeep\n|turn|19\n|\n|t:|1700500787\n|move|p1a: Manaphy|Surf|p2a: Weezing\n|-crit|p2a: Weezing\n|-damage|p2a: Weezing|0 fnt\n|faint|p2a: Weezing\n|\n|upkeep\n|c|\u2606Slopandslimeher|dude lmao\n|c|\u2606Slopandslimeher|nice game\n|c|\u2606EHarm|I agree\n|\n|t:|1700500800\n|switch|p2a: Dragapult|Dragapult, F, shiny|100\/100\n|turn|20\n|\n|t:|1700500804\n|move|p2a: Dragapult|Shadow Ball|p1a: Manaphy\n|-damage|p1a: Manaphy|0 fnt\n|faint|p1a: Manaphy\n|\n|upkeep\n|\n|t:|1700500813\n|switch|p1a: Great Tusk|Great Tusk|100\/100\n|-activate|p1a: Great Tusk|move: Sticky Web\n|-unboost|p1a: Great Tusk|spe|1\n|turn|21\n|\n|t:|1700500839\n|switch|p2a: Hawlucha|Hawlucha, F, shiny|51\/100 frz\n|move|p1a: Great Tusk|Knock Off|p2a: Hawlucha\n|-resisted|p2a: Hawlucha\n|-damage|p2a: Hawlucha|37\/100 frz\n|\n|upkeep\n|turn|22\n|\n|t:|1700500847\n|cant|p2a: Hawlucha|frz\n|move|p1a: Great Tusk|Rapid Spin|p2a: Hawlucha\n|-damage|p2a: Hawlucha|15\/100 frz\n|-boost|p1a: Great Tusk|spe|1\n|-sideend|p1: EHarm|Sticky Web|[from] move: Rapid Spin|[of] p1a: Great Tusk\n|\n|-fieldend|Misty Terrain\n|upkeep\n|turn|23\n|\n|t:|1700500855\n|switch|p2a: Dragapult|Dragapult, F, shiny|100\/100\n|move|p1a: Great Tusk|Rapid Spin|p2a: Dragapult\n|-immune|p2a: Dragapult\n|\n|upkeep\n|turn|24\n|\n|t:|1700500861\n|move|p2a: Dragapult|Draco Meteor|p1a: Great Tusk\n|-damage|p1a: Great Tusk|10\/100\n|-unboost|p2a: Dragapult|spa|2\n|move|p1a: Great Tusk|Knock Off|p2a: Dragapult\n|-supereffective|p2a: Dragapult\n|-damage|p2a: Dragapult|9\/100\n|-enditem|p2a: Dragapult|Choice Specs|[from] move: Knock Off|[of] p1a: Great Tusk\n|\n|upkeep\n|turn|25\n|\n|t:|1700500870\n|move|p2a: Dragapult|Shadow Ball|p1a: Great Tusk\n|-damage|p1a: Great Tusk|0 fnt\n|faint|p1a: Great Tusk\n|-end|p1a: Great Tusk|Protosynthesis|[silent]\n|\n|upkeep\n|\n|t:|1700500874\n|switch|p1a: Cinderace|Cinderace, F|100\/100\n|turn|26\n|\n|t:|1700500877\n|switch|p2a: Hawlucha|Hawlucha, F, shiny|15\/100 frz\n|move|p1a: Cinderace|Sucker Punch||[still]\n|-fail|p1a: Cinderace\n|\n|upkeep\n|turn|27\n|\n|t:|1700500885\n|move|p1a: Cinderace|Pyro Ball|p2a: Hawlucha|[miss]\n|-miss|p1a: Cinderace|p2a: Hawlucha\n|cant|p2a: Hawlucha|frz\n|\n|upkeep\n|turn|28\n|\n|t:|1700500899\n|move|p1a: Cinderace|Pyro Ball|p2a: Hawlucha\n|-damage|p2a: Hawlucha|0 fnt\n|faint|p2a: Hawlucha\n|\n|upkeep\n|\n|t:|1700500903\n|switch|p2a: Dragapult|Dragapult, F, shiny|9\/100\n|turn|29\n|\n|t:|1700500908\n|switch|p2a: Samurott|Samurott-Hisui, M, shiny|18\/100\n|move|p1a: Cinderace|Sucker Punch||[still]\n|-fail|p1a: Cinderace\n|\n|upkeep\n|turn|30\n|\n|t:|1700500914\n|move|p2a: Samurott|Sucker Punch|p1a: Cinderace\n|-damage|p1a: Cinderace|64\/100\n|move|p1a: Cinderace|Pyro Ball|p2a: Samurott\n|-resisted|p2a: Samurott\n|-damage|p2a: Samurott|0 fnt\n|faint|p2a: Samurott\n|\n|upkeep\n|\n|t:|1700500919\n|switch|p2a: Dragapult|Dragapult, F, shiny|9\/100\n|turn|31\n|c|\u2606Slopandslimeher|damn\n|\n|t:|1700500934\n|move|p1a: Cinderace|Sucker Punch|p2a: Dragapult\n|-supereffective|p2a: Dragapult\n|-damage|p2a: Dragapult|0 fnt\n|faint|p2a: Dragapult\n|\n|win|EHarm\n|raw|EHarm's rating: 1376 &rarr; <strong>1400<\/strong><br \/>(+24 for winning)\n|raw|Slopandslimeher's rating: 1447 &rarr; <strong>1423<\/strong><br \/>(-24 for losing)\n|c|\u2606EHarm|gg, sry\n","uploadtime":1700500943,"views":17,"p1id":"eharm","p2id":"slopandslimeher","formatid":"gen9ou","rating":1400,"private":0,"password":""}