{"id":"gen9ou-1999890211","p1":"Poison Ivy Thorns","p2":"Alayashiki","format":"[Gen 9] OU","log":"|j|\u2606Poison Ivy Thorns\n|j|\u2606Alayashiki\n|t:|1701126805\n|gametype|singles\n|player|p1|Poison Ivy Thorns|roxie|1602\n|player|p2|Alayashiki|malva|1502\n|teamsize|p1|6\n|teamsize|p2|6\n|gen|9\n|tier|[Gen 9] OU\n|rated|\n|rule|Sleep Clause Mod: Limit one foe put to sleep\n|rule|Species Clause: Limit one of each Pok\u00e9mon\n|rule|OHKO Clause: OHKO moves are banned\n|rule|Evasion Items Clause: Evasion items are banned\n|rule|Evasion Moves Clause: Evasion moves are banned\n|rule|Endless Battle Clause: Forcing endless battles is banned\n|rule|HP Percentage Mod: HP is shown in percentages\n|clearpoke\n|poke|p1|Ogerpon-Wellspring, F|\n|poke|p1|Landorus-Therian, M|\n|poke|p1|Kingambit, F|\n|poke|p1|Gholdengo|\n|poke|p1|Glimmora, F|\n|poke|p1|Iron Valiant|\n|poke|p2|Samurott-Hisui, M|\n|poke|p2|Zapdos|\n|poke|p2|Kleavor, F|\n|poke|p2|Gholdengo|\n|poke|p2|Kingambit, M|\n|poke|p2|Hatterene, F|\n|teampreview\n|inactive|Battle timer is ON: inactive players will automatically lose when time's up. (requested by Poison Ivy Thorns)\n|j| forbidden_stratos\n|\n|t:|1701126832\n|start\n|switch|p1a: Landorus|Landorus-Therian, M|100\/100\n|switch|p2a: Hatred|Hatterene, F|100\/100\n|-ability|p1a: Landorus|Intimidate|boost\n|-unboost|p2a: Hatred|atk|1\n|turn|1\n|\n|t:|1701126842\n|switch|p2a: Bitch 1|Zapdos|100\/100\n|move|p1a: Landorus|Stone Edge|p2a: Bitch 1\n|-supereffective|p2a: Bitch 1\n|-crit|p2a: Bitch 1\n|-damage|p2a: Bitch 1|0 fnt\n|faint|p2a: Bitch 1\n|\n|upkeep\n|\n|t:|1701126852\n|switch|p2a: Muramasa|Samurott-Hisui, M, shiny|100\/100\n|turn|2\n|\n|t:|1701126859\n|switch|p1a: Glimmora|Glimmora, F|100\/100\n|move|p2a: Muramasa|Flip Turn|p1a: Glimmora\n|-supereffective|p1a: Glimmora\n|-damage|p1a: Glimmora|3\/100\n|-activate|p1a: Glimmora|ability: Toxic Debris\n|-sidestart|p2: Alayashiki|move: Toxic Spikes\n|\n|t:|1701126864\n|switch|p2a: John|Kleavor, F|100\/100|[from] Flip Turn\n|-status|p2a: John|psn\n|\n|-damage|p2a: John|88\/100 psn|[from] psn\n|upkeep\n|turn|3\n|\n|t:|1701126870\n|move|p2a: John|Stone Axe|p1a: Glimmora\n|-damage|p1a: Glimmora|0 fnt\n|-activate|p1a: Glimmora|ability: Toxic Debris\n|-sidestart|p2: Alayashiki|move: Toxic Spikes\n|-sidestart|p1: Poison Ivy Thorns|move: Stealth Rock\n|faint|p1a: Glimmora\n|\n|-damage|p2a: John|76\/100 psn|[from] psn\n|upkeep\n|\n|t:|1701126878\n|switch|p1a: Kingambit|Kingambit, F|100\/100\n|-damage|p1a: Kingambit|94\/100|[from] Stealth Rock\n|-activate|p1a: Kingambit|ability: Supreme Overlord\n|-start|p1a: Kingambit|fallen1|[silent]\n|turn|4\n|\n|t:|1701126885\n|switch|p2a: Muramasa|Samurott-Hisui, M, shiny|100\/100\n|-status|p2a: Muramasa|tox\n|move|p1a: Kingambit|Iron Head|p2a: Muramasa\n|-resisted|p2a: Muramasa\n|-damage|p2a: Muramasa|67\/100 tox\n|\n|-heal|p1a: Kingambit|100\/100|[from] item: Leftovers\n|-damage|p2a: Muramasa|60\/100 tox|[from] psn\n|upkeep\n|turn|5\n|\n|t:|1701126897\n|-end|p1a: Kingambit|fallen1|[silent]\n|switch|p1a: Gholdengo|Gholdengo, shiny|100\/100\n|-damage|p1a: Gholdengo|94\/100|[from] Stealth Rock\n|-terastallize|p2a: Muramasa|Poison\n|move|p2a: Muramasa|Flip Turn|p1a: Gholdengo\n|-damage|p1a: Gholdengo|48\/100\n|\n|t:|1701126918\n|switch|p2a: John|Kleavor, F|76\/100 psn|[from] Flip Turn\n|\n|-damage|p2a: John|63\/100 psn|[from] psn\n|upkeep\n|turn|6\n|\n|t:|1701126922\n|move|p2a: John|U-turn|p1a: Gholdengo\n|-resisted|p1a: Gholdengo\n|-damage|p1a: Gholdengo|37\/100\n|\n|t:|1701126929\n|switch|p2a: Muramasa|Samurott-Hisui, M, shiny, tera:Poison|60\/100 tox|[from] U-turn\n|-sideend|p2: Alayashiki|move: Toxic Spikes|[of] p2a: Muramasa\n|move|p1a: Gholdengo|Make It Rain|p2a: Muramasa\n|-damage|p2a: Muramasa|0 fnt\n|-unboost|p1a: Gholdengo|spa|1\n|faint|p2a: Muramasa\n|\n|upkeep\n|\n|t:|1701126946\n|switch|p2a: Bitch 2|Gholdengo|100\/100\n|turn|7\n|\n|t:|1701126950\n|switch|p1a: Kingambit|Kingambit, F|100\/100\n|-damage|p1a: Kingambit|94\/100|[from] Stealth Rock\n|-activate|p1a: Kingambit|ability: Supreme Overlord\n|-start|p1a: Kingambit|fallen1|[silent]\n|move|p2a: Bitch 2|Shadow Ball|p1a: Kingambit\n|-resisted|p1a: Kingambit\n|-damage|p1a: Kingambit|63\/100\n|\n|-heal|p1a: Kingambit|69\/100|[from] item: Leftovers\n|upkeep\n|turn|8\n|\n|t:|1701126958\n|switch|p2a: John|Kleavor, F|63\/100 psn\n|move|p1a: Kingambit|Low Kick|p2a: John\n|-damage|p2a: John|20\/100 psn\n|\n|-heal|p1a: Kingambit|75\/100|[from] item: Leftovers\n|-damage|p2a: John|8\/100 psn|[from] psn\n|upkeep\n|turn|9\n|\n|t:|1701126962\n|switch|p2a: Checkmate|Kingambit, M|100\/100\n|-activate|p2a: Checkmate|ability: Supreme Overlord\n|-start|p2a: Checkmate|fallen2|[silent]\n|move|p1a: Kingambit|Sucker Punch||[still]\n|-fail|p1a: Kingambit\n|\n|-heal|p1a: Kingambit|81\/100|[from] item: Leftovers\n|upkeep\n|turn|10\n|\n|t:|1701126968\n|-end|p1a: Kingambit|fallen1|[silent]\n|switch|p1a: Gholdengo|Gholdengo, shiny|37\/100\n|-damage|p1a: Gholdengo|31\/100|[from] Stealth Rock\n|move|p2a: Checkmate|Swords Dance|p2a: Checkmate\n|-boost|p2a: Checkmate|atk|2\n|\n|upkeep\n|turn|11\n|\n|t:|1701126970\n|move|p2a: Checkmate|Sucker Punch||[still]\n|-fail|p2a: Checkmate\n|move|p1a: Gholdengo|Trick|p2a: Checkmate\n|-activate|p1a: Gholdengo|move: Trick|[of] p2a: Checkmate\n|-item|p2a: Checkmate|Choice Scarf|[from] move: Trick\n|-item|p1a: Gholdengo|Leftovers|[from] move: Trick\n|\n|-heal|p1a: Gholdengo|37\/100|[from] item: Leftovers\n|upkeep\n|turn|12\n|\n|t:|1701126975\n|move|p1a: Gholdengo|Focus Blast|p2a: Checkmate\n|-supereffective|p2a: Checkmate\n|-damage|p2a: Checkmate|0 fnt\n|faint|p2a: Checkmate\n|-end|p2a: Checkmate|fallen2|[silent]\n|\n|-heal|p1a: Gholdengo|43\/100|[from] item: Leftovers\n|upkeep\n|\n|t:|1701126998\n|switch|p2a: Bitch 2|Gholdengo|100\/100\n|turn|13\n|\n|t:|1701127003\n|move|p1a: Gholdengo|Shadow Ball|p2a: Bitch 2\n|-supereffective|p2a: Bitch 2\n|-damage|p2a: Bitch 2|0 fnt\n|faint|p2a: Bitch 2\n|\n|-heal|p1a: Gholdengo|49\/100|[from] item: Leftovers\n|upkeep\n|\n|t:|1701127006\n|switch|p2a: Hatred|Hatterene, F|100\/100\n|turn|14\n|\n|t:|1701127012\n|move|p1a: Gholdengo|Make It Rain|p2a: Hatred\n|-supereffective|p2a: Hatred\n|-damage|p2a: Hatred|0 fnt\n|-unboost|p1a: Gholdengo|spa|1\n|faint|p2a: Hatred\n|\n|-heal|p1a: Gholdengo|55\/100|[from] item: Leftovers\n|upkeep\n|\n|t:|1701127014\n|switch|p2a: John|Kleavor, F|8\/100 psn\n|turn|15\n|\n|t:|1701127018\n|switch|p1a: Landorus|Landorus-Therian, M|100\/100\n|-damage|p1a: Landorus|88\/100|[from] Stealth Rock\n|-ability|p1a: Landorus|Intimidate|boost\n|-unboost|p2a: John|atk|1\n|move|p2a: John|X-Scissor|p1a: Landorus\n|-resisted|p1a: Landorus\n|-damage|p1a: Landorus|62\/100\n|\n|-damage|p2a: John|0 fnt|[from] psn\n|faint|p2a: John\n|\n|win|Poison Ivy Thorns\n|upkeep\n|raw|Poison Ivy Thorns's rating: 1602 &rarr; <strong>1616<\/strong><br \/>(+14 for winning)\n|raw|Alayashiki's rating: 1502 &rarr; <strong>1488<\/strong><br \/>(-14 for losing)\n|l|\u2606Alayashiki\n|c|\u2606Poison Ivy Thorns|gg\n","uploadtime":1701127027,"views":2,"p1id":"poisonivythorns","p2id":"alayashiki","formatid":"gen9ou","rating":1488,"private":0,"password":""}