{"id":"gen9ou-1993404800","p1":"halaman95","p2":"1owercase","format":"[Gen 9] OU","log":"|j|\u2606halaman95\n|j|\u26061owercase\n|t:|1700313296\n|gametype|singles\n|player|p1|halaman95|170|1630\n|player|p2|1owercase|flannery|1836\n|teamsize|p1|6\n|teamsize|p2|6\n|gen|9\n|tier|[Gen 9] OU\n|rated|\n|rule|Sleep Clause Mod: Limit one foe put to sleep\n|rule|Species Clause: Limit one of each Pok\u00e9mon\n|rule|OHKO Clause: OHKO moves are banned\n|rule|Evasion Items Clause: Evasion items are banned\n|rule|Evasion Moves Clause: Evasion moves are banned\n|rule|Endless Battle Clause: Forcing endless battles is banned\n|rule|HP Percentage Mod: HP is shown in percentages\n|clearpoke\n|poke|p1|Samurott-Hisui, M|\n|poke|p1|Gholdengo|\n|poke|p1|Ceruledge, M|\n|poke|p1|Rillaboom, M|\n|poke|p1|Zamazenta-*|\n|poke|p1|Great Tusk|\n|poke|p2|Greninja-*, M|\n|poke|p2|Avalugg, M|\n|poke|p2|Slowking-Galar, F|\n|poke|p2|Mamoswine, F|\n|poke|p2|Sinistcha|\n|poke|p2|Thundurus, M|\n|teampreview\n|inactive|Battle timer is ON: inactive players will automatically lose when time's up. (requested by halaman95)\n|inactive|halaman95 has 120 seconds left.\n|\n|t:|1700313327\n|start\n|switch|p1a: Rillaboom|Rillaboom, M|100\/100\n|switch|p2a: Thundurus|Thundurus, M|100\/100\n|-fieldstart|move: Grassy Terrain|[from] ability: Grassy Surge|[of] p1a: Rillaboom\n|turn|1\n|\n|t:|1700313338\n|switch|p1a: Gholdengo|Gholdengo|100\/100\n|move|p2a: Thundurus|Thunder Wave|p1a: Gholdengo\n|-immune|p1a: Gholdengo|[from] ability: Good as Gold\n|\n|upkeep\n|turn|2\n|\n|t:|1700313352\n|move|p1a: Gholdengo|Trick|p2a: Thundurus\n|-activate|p1a: Gholdengo|move: Trick|[of] p2a: Thundurus\n|-item|p2a: Thundurus|Choice Scarf|[from] move: Trick\n|-item|p1a: Gholdengo|Heavy-Duty Boots|[from] move: Trick\n|move|p2a: Thundurus|Volt Switch|p1a: Gholdengo\n|-damage|p1a: Gholdengo|66\/100\n|\n|t:|1700313359\n|switch|p2a: Greninja|Greninja, M|100\/100|[from] Volt Switch\n|\n|-heal|p1a: Gholdengo|72\/100|[from] Grassy Terrain\n|upkeep\n|turn|3\n|\n|t:|1700313365\n|switch|p1a: Samurott|Samurott-Hisui, M, shiny|100\/100\n|move|p2a: Greninja|Spikes|p1a: Samurott\n|-sidestart|p1: halaman95|Spikes\n|\n|upkeep\n|turn|4\n|\n|t:|1700313373\n|switch|p2a: Avalugg|Avalugg, M|100\/100\n|move|p1a: Samurott|Ceaseless Edge|p2a: Avalugg|[miss]\n|-miss|p1a: Samurott|p2a: Avalugg\n|\n|upkeep\n|turn|5\n|\n|t:|1700313387\n|switch|p1a: Gholdengo|Gholdengo|72\/100\n|move|p2a: Avalugg|Body Press|p1a: Gholdengo\n|-immune|p1a: Gholdengo\n|\n|-heal|p1a: Gholdengo|78\/100|[from] Grassy Terrain\n|upkeep\n|turn|6\n|\n|t:|1700313398\n|switch|p2a: Slowking|Slowking-Galar, F|100\/100\n|move|p1a: Gholdengo|Shadow Ball|p2a: Slowking\n|-supereffective|p2a: Slowking\n|-damage|p2a: Slowking|52\/100\n|\n|-heal|p1a: Gholdengo|84\/100|[from] Grassy Terrain\n|-heal|p2a: Slowking|58\/100|[from] Grassy Terrain\n|upkeep\n|turn|7\n|\n|t:|1700313406\n|move|p1a: Gholdengo|Shadow Ball|p2a: Slowking\n|-supereffective|p2a: Slowking\n|-damage|p2a: Slowking|6\/100\n|move|p2a: Slowking|Chilly Reception|p2a: Slowking\n|-weather|Snow\n|\n|t:|1700313414\n|switch|p2a: Greninja|Greninja, M|100\/100|[from] Chilly Reception\n|\n|-weather|Snow|[upkeep]\n|-heal|p1a: Gholdengo|90\/100|[from] Grassy Terrain\n|upkeep\n|turn|8\n|\n|t:|1700313419\n|switch|p1a: Samurott|Samurott-Hisui, M, shiny|100\/100\n|-damage|p1a: Samurott|88\/100|[from] Spikes\n|move|p2a: Greninja|Dark Pulse|p1a: Samurott\n|-resisted|p1a: Samurott\n|-damage|p1a: Samurott|51\/100\n|\n|-weather|Snow|[upkeep]\n|-heal|p1a: Samurott|57\/100|[from] Grassy Terrain\n|-fieldend|move: Grassy Terrain\n|upkeep\n|turn|9\n|\n|t:|1700313427\n|switch|p2a: Avalugg|Avalugg, M|100\/100\n|move|p1a: Samurott|Ceaseless Edge|p2a: Avalugg\n|-damage|p2a: Avalugg|86\/100\n|-sidestart|p2: 1owercase|Spikes\n|\n|-weather|Snow|[upkeep]\n|-heal|p2a: Avalugg|92\/100|[from] ability: Ice Body\n|upkeep\n|turn|10\n|\n|t:|1700313434\n|switch|p1a: Gholdengo|Gholdengo|90\/100\n|switch|p2a: Thundurus|Thundurus, M|100\/100\n|\n|-weather|Snow|[upkeep]\n|upkeep\n|turn|11\n|\n|t:|1700313445\n|switch|p1a: Rillaboom|Rillaboom, M|100\/100\n|-damage|p1a: Rillaboom|88\/100|[from] Spikes\n|-fieldstart|move: Grassy Terrain|[from] ability: Grassy Surge|[of] p1a: Rillaboom\n|move|p2a: Thundurus|Volt Switch|p1a: Rillaboom\n|-resisted|p1a: Rillaboom\n|-damage|p1a: Rillaboom|67\/100\n|\n|t:|1700313461\n|switch|p2a: Avalugg|Avalugg, M|92\/100|[from] Volt Switch\n|\n|-weather|Snow|[upkeep]\n|-heal|p2a: Avalugg|98\/100|[from] ability: Ice Body\n|-heal|p1a: Rillaboom|73\/100|[from] Grassy Terrain\n|-heal|p2a: Avalugg|100\/100|[from] Grassy Terrain\n|upkeep\n|turn|12\n|\n|t:|1700313472\n|switch|p1a: Gholdengo|Gholdengo|90\/100\n|switch|p2a: Thundurus|Thundurus, M|100\/100\n|\n|-weather|Snow|[upkeep]\n|-heal|p1a: Gholdengo|96\/100|[from] Grassy Terrain\n|upkeep\n|turn|13\n|\n|t:|1700313479\n|move|p2a: Thundurus|Knock Off|p1a: Gholdengo\n|-supereffective|p1a: Gholdengo\n|-damage|p1a: Gholdengo|43\/100\n|-enditem|p1a: Gholdengo|Heavy-Duty Boots|[from] move: Knock Off|[of] p2a: Thundurus\n|move|p1a: Gholdengo|Shadow Ball|p2a: Thundurus\n|-damage|p2a: Thundurus|63\/100\n|\n|-weather|Snow|[upkeep]\n|-heal|p1a: Gholdengo|49\/100|[from] Grassy Terrain\n|upkeep\n|turn|14\n|\n|t:|1700313492\n|move|p2a: Thundurus|Knock Off|p1a: Gholdengo\n|-supereffective|p1a: Gholdengo\n|-damage|p1a: Gholdengo|15\/100\n|move|p1a: Gholdengo|Shadow Ball|p2a: Thundurus\n|-damage|p2a: Thundurus|22\/100\n|\n|-weather|none\n|-heal|p1a: Gholdengo|21\/100|[from] Grassy Terrain\n|upkeep\n|turn|15\n|\n|t:|1700313502\n|switch|p1a: Great Tusk|Great Tusk|100\/100\n|-damage|p1a: Great Tusk|88\/100|[from] Spikes\n|-enditem|p1a: Great Tusk|Booster Energy\n|-activate|p1a: Great Tusk|ability: Protosynthesis|[fromitem]\n|-start|p1a: Great Tusk|protosynthesisspe\n|move|p2a: Thundurus|Knock Off|p1a: Great Tusk\n|-resisted|p1a: Great Tusk\n|-damage|p1a: Great Tusk|84\/100\n|\n|-heal|p1a: Great Tusk|90\/100|[from] Grassy Terrain\n|upkeep\n|turn|16\n|\n|t:|1700313509\n|switch|p2a: Sinistcha|Sinistcha|100\/100\n|-damage|p2a: Sinistcha|88\/100|[from] Spikes\n|move|p1a: Great Tusk|Rapid Spin|p2a: Sinistcha\n|-immune|p2a: Sinistcha\n|\n|-heal|p1a: Great Tusk|96\/100|[from] Grassy Terrain\n|-heal|p2a: Sinistcha|94\/100|[from] Grassy Terrain\n|upkeep\n|turn|17\n|\n|t:|1700313528\n|move|p1a: Great Tusk|Ice Spinner|p2a: Sinistcha\n|-supereffective|p2a: Sinistcha\n|-damage|p2a: Sinistcha|61\/100\n|-fieldend|move: Grassy Terrain\n|move|p2a: Sinistcha|Matcha Gotcha|p1a: Great Tusk\n|-supereffective|p1a: Great Tusk\n|-crit|p1a: Great Tusk\n|-damage|p1a: Great Tusk|0 fnt\n|-heal|p2a: Sinistcha|100\/100|[from] drain|[of] p1a: Great Tusk\n|faint|p1a: Great Tusk\n|-end|p1a: Great Tusk|Protosynthesis|[silent]\n|\n|upkeep\n|\n|t:|1700313536\n|switch|p1a: Samurott|Samurott-Hisui, M, shiny|57\/100\n|-damage|p1a: Samurott|45\/100|[from] Spikes\n|turn|18\n|\n|t:|1700313541\n|move|p1a: Samurott|Ceaseless Edge|p2a: Sinistcha\n|-supereffective|p2a: Sinistcha\n|-enditem|p2a: Sinistcha|Colbur Berry|[eat]\n|-enditem|p2a: Sinistcha|Colbur Berry|[weaken]\n|-damage|p2a: Sinistcha|58\/100\n|-sidestart|p2: 1owercase|Spikes\n|move|p2a: Sinistcha|Matcha Gotcha|p1a: Samurott\n|-supereffective|p1a: Samurott\n|-damage|p1a: Samurott|0 fnt\n|-heal|p2a: Sinistcha|81\/100|[from] drain|[of] p1a: Samurott\n|faint|p1a: Samurott\n|\n|upkeep\n|\n|t:|1700313554\n|switch|p1a: Ceruledge|Ceruledge, M|100\/100\n|-damage|p1a: Ceruledge|88\/100|[from] Spikes\n|turn|19\n|inactive|1owercase has 120 seconds left.\n|\n|t:|1700313595\n|switch|p2a: Slowking|Slowking-Galar, F|39\/100\n|-damage|p2a: Slowking|23\/100|[from] Spikes\n|move|p1a: Ceruledge|Swords Dance|p1a: Ceruledge\n|-boost|p1a: Ceruledge|atk|2\n|\n|upkeep\n|turn|20\n|\n|t:|1700313602\n|move|p1a: Ceruledge|Bitter Blade|p2a: Slowking\n|-damage|p2a: Slowking|0 fnt\n|-heal|p1a: Ceruledge|100\/100|[from] drain|[of] p2a: Slowking\n|faint|p2a: Slowking\n|\n|upkeep\n|\n|t:|1700313606\n|switch|p2a: Thundurus|Thundurus, M|22\/100\n|turn|21\n|\n|t:|1700313609\n|move|p2a: Thundurus|Thunder Wave|p1a: Ceruledge\n|-status|p1a: Ceruledge|par\n|move|p1a: Ceruledge|Shadow Sneak|p2a: Thundurus\n|-damage|p2a: Thundurus|0 fnt\n|faint|p2a: Thundurus\n|\n|upkeep\n|inactive|1owercase has 120 seconds left.\n|\n|t:|1700313635\n|switch|p2a: Mamoswine|Mamoswine, F|100\/100\n|-damage|p2a: Mamoswine|84\/100|[from] Spikes\n|turn|22\n|\n|t:|1700313652\n|move|p2a: Mamoswine|Earthquake|p1a: Ceruledge\n|-supereffective|p1a: Ceruledge\n|-enditem|p1a: Ceruledge|Focus Sash\n|-damage|p1a: Ceruledge|1\/100 par\n|-ability|p1a: Ceruledge|Weak Armor|boost\n|-unboost|p1a: Ceruledge|def|1\n|-boost|p1a: Ceruledge|spe|2\n|move|p1a: Ceruledge|Bitter Blade|p2a: Mamoswine\n|-supereffective|p2a: Mamoswine\n|-damage|p2a: Mamoswine|0 fnt\n|-heal|p1a: Ceruledge|53\/100 par|[from] drain|[of] p2a: Mamoswine\n|faint|p2a: Mamoswine\n|\n|upkeep\n|inactive|1owercase has 120 seconds left.\n|\n|t:|1700313658\n|switch|p2a: Greninja|Greninja, M|100\/100\n|-damage|p2a: Greninja|84\/100|[from] Spikes\n|turn|23\n|\n|t:|1700313678\n|-terastallize|p1a: Ceruledge|Fairy\n|move|p2a: Greninja|Surf|p1a: Ceruledge\n|-damage|p1a: Ceruledge|0 fnt\n|faint|p1a: Ceruledge\n|-ability|p2a: Greninja|Battle Bond|boost\n|-boost|p2a: Greninja|atk|1\n|-boost|p2a: Greninja|spa|1\n|-boost|p2a: Greninja|spe|1\n|-activate|p2a: Greninja|ability: Battle Bond\n|\n|upkeep\n|\n|t:|1700313682\n|switch|p1a: Rillaboom|Rillaboom, M|73\/100\n|-damage|p1a: Rillaboom|61\/100|[from] Spikes\n|-fieldstart|move: Grassy Terrain|[from] ability: Grassy Surge|[of] p1a: Rillaboom\n|turn|24\n|\n|t:|1700313688\n|switch|p2a: Avalugg|Avalugg, M|100\/100\n|move|p1a: Rillaboom|Grassy Glide|p2a: Avalugg\n|-damage|p2a: Avalugg|84\/100\n|\n|-heal|p1a: Rillaboom|67\/100|[from] Grassy Terrain\n|-heal|p2a: Avalugg|90\/100|[from] Grassy Terrain\n|upkeep\n|turn|25\n|j| MarburgCOVEbola\n|\n|t:|1700313694\n|switch|p1a: Gholdengo|Gholdengo|21\/100\n|-damage|p1a: Gholdengo|8\/100|[from] Spikes\n|move|p2a: Avalugg|Icicle Spear|p1a: Gholdengo\n|-resisted|p1a: Gholdengo\n|-crit|p1a: Gholdengo\n|-damage|p1a: Gholdengo|0 fnt\n|faint|p1a: Gholdengo\n|-hitcount|p1: Gholdengo|1\n|\n|-heal|p2a: Avalugg|96\/100|[from] Grassy Terrain\n|upkeep\n|\n|t:|1700313706\n|switch|p1a: Zamazenta|Zamazenta|100\/100\n|-damage|p1a: Zamazenta|88\/100|[from] Spikes\n|-ability|p1a: Zamazenta|Dauntless Shield|boost\n|-boost|p1a: Zamazenta|def|1\n|turn|26\n|\n|t:|1700313710\n|move|p1a: Zamazenta|Iron Defense|p1a: Zamazenta\n|-boost|p1a: Zamazenta|def|2\n|move|p2a: Avalugg|Rapid Spin|p1a: Zamazenta\n|-damage|p1a: Zamazenta|84\/100\n|-boost|p2a: Avalugg|spe|1\n|-sideend|p2: 1owercase|Spikes|[from] move: Rapid Spin|[of] p2a: Avalugg\n|\n|-heal|p1a: Zamazenta|90\/100|[from] Grassy Terrain\n|-heal|p1a: Zamazenta|96\/100|[from] item: Leftovers\n|-heal|p2a: Avalugg|100\/100|[from] Grassy Terrain\n|upkeep\n|turn|27\n|\n|t:|1700313723\n|switch|p2a: Greninja|Greninja, M|84\/100\n|move|p1a: Zamazenta|Crunch|p2a: Greninja\n|-resisted|p2a: Greninja\n|-damage|p2a: Greninja|66\/100\n|\n|-heal|p1a: Zamazenta|100\/100|[from] Grassy Terrain\n|-heal|p2a: Greninja|72\/100|[from] Grassy Terrain\n|upkeep\n|turn|28\n|\n|t:|1700313727\n|move|p1a: Zamazenta|Body Press|p2a: Greninja\n|-supereffective|p2a: Greninja\n|-damage|p2a: Greninja|0 fnt\n|faint|p2a: Greninja\n|\n|upkeep\n|\n|t:|1700313729\n|switch|p2a: Sinistcha|Sinistcha|81\/100\n|turn|29\n|\n|t:|1700313734\n|move|p1a: Zamazenta|Crunch|p2a: Sinistcha\n|-supereffective|p2a: Sinistcha\n|-damage|p2a: Sinistcha|50\/100\n|move|p2a: Sinistcha|Iron Defense|p2a: Sinistcha\n|-boost|p2a: Sinistcha|def|2\n|\n|-heal|p2a: Sinistcha|56\/100|[from] Grassy Terrain\n|upkeep\n|turn|30\n|\n|t:|1700313739\n|move|p1a: Zamazenta|Crunch|p2a: Sinistcha\n|-supereffective|p2a: Sinistcha\n|-damage|p2a: Sinistcha|40\/100\n|move|p2a: Sinistcha|Strength Sap|p1a: Zamazenta\n|-unboost|p1a: Zamazenta|atk|1\n|-heal|p2a: Sinistcha|100\/100\n|\n|upkeep\n|turn|31\n|\n|t:|1700313745\n|move|p1a: Zamazenta|Crunch|p2a: Sinistcha\n|-supereffective|p2a: Sinistcha\n|-damage|p2a: Sinistcha|90\/100\n|move|p2a: Sinistcha|Calm Mind|p2a: Sinistcha\n|-boost|p2a: Sinistcha|spa|1\n|-boost|p2a: Sinistcha|spd|1\n|\n|-heal|p2a: Sinistcha|96\/100|[from] Grassy Terrain\n|-fieldend|move: Grassy Terrain\n|upkeep\n|turn|32\n|\n|t:|1700313748\n|switch|p1a: Rillaboom|Rillaboom, M|67\/100\n|-damage|p1a: Rillaboom|55\/100|[from] Spikes\n|-fieldstart|move: Grassy Terrain|[from] ability: Grassy Surge|[of] p1a: Rillaboom\n|move|p2a: Sinistcha|Matcha Gotcha|p1a: Rillaboom|[miss]\n|-miss|p2a: Sinistcha|p1a: Rillaboom\n|\n|-heal|p1a: Rillaboom|61\/100|[from] Grassy Terrain\n|-heal|p2a: Sinistcha|100\/100|[from] Grassy Terrain\n|upkeep\n|turn|33\n|\n|t:|1700313756\n|move|p1a: Rillaboom|Swords Dance|p1a: Rillaboom\n|-boost|p1a: Rillaboom|atk|2\n|move|p2a: Sinistcha|Matcha Gotcha|p1a: Rillaboom\n|-resisted|p1a: Rillaboom\n|-damage|p1a: Rillaboom|19\/100\n|\n|-heal|p1a: Rillaboom|25\/100|[from] Grassy Terrain\n|upkeep\n|turn|34\n|\n|t:|1700313762\n|move|p1a: Rillaboom|Knock Off|p2a: Sinistcha\n|-supereffective|p2a: Sinistcha\n|-damage|p2a: Sinistcha|68\/100\n|move|p2a: Sinistcha|Strength Sap|p1a: Rillaboom\n|-unboost|p1a: Rillaboom|atk|1\n|-heal|p2a: Sinistcha|100\/100\n|\n|-heal|p1a: Rillaboom|32\/100|[from] Grassy Terrain\n|upkeep\n|turn|35\n|\n|t:|1700313770\n|move|p1a: Rillaboom|Knock Off|p2a: Sinistcha\n|-supereffective|p2a: Sinistcha\n|-damage|p2a: Sinistcha|75\/100\n|move|p2a: Sinistcha|Matcha Gotcha|p1a: Rillaboom\n|-resisted|p1a: Rillaboom\n|-damage|p1a: Rillaboom|0 fnt\n|-heal|p2a: Sinistcha|90\/100|[from] drain|[of] p1a: Rillaboom\n|faint|p1a: Rillaboom\n|\n|-heal|p2a: Sinistcha|96\/100|[from] Grassy Terrain\n|upkeep\n|\n|t:|1700313776\n|switch|p1a: Zamazenta|Zamazenta|100\/100\n|-damage|p1a: Zamazenta|88\/100|[from] Spikes\n|turn|36\n|\n|t:|1700313779\n|move|p1a: Zamazenta|Crunch|p2a: Sinistcha\n|-supereffective|p2a: Sinistcha\n|-damage|p2a: Sinistcha|81\/100\n|move|p2a: Sinistcha|Matcha Gotcha|p1a: Zamazenta\n|-damage|p1a: Zamazenta|28\/100\n|-heal|p2a: Sinistcha|100\/100|[from] drain|[of] p1a: Zamazenta\n|\n|-heal|p1a: Zamazenta|34\/100|[from] Grassy Terrain\n|-heal|p1a: Zamazenta|40\/100|[from] item: Leftovers\n|upkeep\n|turn|37\n|\n|t:|1700313783\n|move|p1a: Zamazenta|Crunch|p2a: Sinistcha\n|-supereffective|p2a: Sinistcha\n|-damage|p2a: Sinistcha|85\/100\n|move|p2a: Sinistcha|Matcha Gotcha|p1a: Zamazenta\n|-damage|p1a: Zamazenta|0 fnt\n|-heal|p2a: Sinistcha|100\/100|[from] drain|[of] p1a: Zamazenta\n|faint|p1a: Zamazenta\n|\n|win|1owercase\n|raw|halaman95's rating: 1630 &rarr; <strong>1621<\/strong><br \/>(-9 for losing)\n|raw|1owercase's rating: 1836 &rarr; <strong>1845<\/strong><br \/>(+9 for winning)\n|l|\u2606halaman95\n|l|\u26061owercase\n","uploadtime":1700313826,"views":29,"p1id":"halaman95","p2id":"1owercase","formatid":"gen9ou","rating":1621,"private":0,"password":""}