{"id":"gen9ou-1992601752","p1":"Yobeto","p2":"Saimasseuh v10","format":"[Gen 9] OU","log":"|j|\u2606Yobeto\n|j|\u2606Saimasseuh v10\n|t:|1700212927\n|gametype|singles\n|player|p1|Yobeto|265|1790\n|player|p2|Saimasseuh v10|266|1905\n|teamsize|p1|6\n|teamsize|p2|6\n|gen|9\n|tier|[Gen 9] OU\n|rated|\n|rule|Sleep Clause Mod: Limit one foe put to sleep\n|rule|Species Clause: Limit one of each Pok\u00e9mon\n|rule|OHKO Clause: OHKO moves are banned\n|rule|Evasion Items Clause: Evasion items are banned\n|rule|Evasion Moves Clause: Evasion moves are banned\n|rule|Endless Battle Clause: Forcing endless battles is banned\n|rule|HP Percentage Mod: HP is shown in percentages\n|clearpoke\n|poke|p1|Iron Valiant|\n|poke|p1|Garchomp, F|\n|poke|p1|Kingambit, F|\n|poke|p1|Dragapult, M|\n|poke|p1|Gholdengo|\n|poke|p1|Dragonite, M|\n|poke|p2|Ting-Lu|\n|poke|p2|Iron Valiant|\n|poke|p2|Clodsire, F|\n|poke|p2|Dragonite, M|\n|poke|p2|Gholdengo|\n|poke|p2|Great Tusk|\n|teampreview\n|inactive|Battle timer is ON: inactive players will automatically lose when time's up. (requested by Saimasseuh v10)\n|\n|t:|1700212943\n|start\n|switch|p1a: Garchomp|Garchomp, F|100\/100\n|switch|p2a: Iron Valiant|Iron Valiant|100\/100\n|turn|1\n|\n|t:|1700212948\n|-terastallize|p1a: Garchomp|Fairy\n|move|p1a: Garchomp|Tera Blast|p2a: Iron Valiant|[anim] Tera Blast Fairy\n|-supereffective|p2a: Iron Valiant\n|-damage|p2a: Iron Valiant|0 fnt\n|faint|p2a: Iron Valiant\n|-end|p2a: Iron Valiant|Quark Drive|[silent]\n|\n|upkeep\n|\n|t:|1700212954\n|switch|p2a: Ting-Lu|Ting-Lu|100\/100\n|-ability|p2a: Ting-Lu|Vessel of Ruin\n|turn|2\n|\n|t:|1700212961\n|move|p1a: Garchomp|Tera Blast|p2a: Ting-Lu|[anim] Tera Blast Fairy\n|-supereffective|p2a: Ting-Lu\n|-damage|p2a: Ting-Lu|58\/100\n|move|p2a: Ting-Lu|Stealth Rock|p1a: Garchomp\n|-sidestart|p1: Yobeto|move: Stealth Rock\n|\n|-heal|p2a: Ting-Lu|64\/100|[from] item: Leftovers\n|upkeep\n|turn|3\n|\n|t:|1700212972\n|switch|p2a: Clodsire|Clodsire, F|100\/100\n|move|p1a: Garchomp|Tera Blast|p2a: Clodsire|[anim] Tera Blast Fairy\n|-resisted|p2a: Clodsire\n|-damage|p2a: Clodsire|85\/100\n|\n|-heal|p2a: Clodsire|92\/100|[from] item: Black Sludge\n|upkeep\n|turn|4\n|\n|t:|1700212989\n|move|p1a: Garchomp|Spikes|p2a: Clodsire\n|-sidestart|p2: Saimasseuh v10|Spikes\n|move|p2a: Clodsire|Toxic Spikes|p1a: Garchomp\n|-sidestart|p1: Yobeto|move: Toxic Spikes\n|\n|-heal|p2a: Clodsire|98\/100|[from] item: Black Sludge\n|upkeep\n|turn|5\n|\n|t:|1700213000\n|switch|p2a: Great Tusk|Great Tusk|100\/100\n|-damage|p2a: Great Tusk|88\/100|[from] Spikes\n|move|p1a: Garchomp|Earthquake|p2a: Great Tusk\n|-damage|p2a: Great Tusk|66\/100\n|\n|-heal|p2a: Great Tusk|72\/100|[from] item: Leftovers\n|upkeep\n|turn|6\n|\n|t:|1700213010\n|-end|p2a: Great Tusk|Protosynthesis|[silent]\n|switch|p2a: Gholdengo|Gholdengo|100\/100\n|-damage|p2a: Gholdengo|88\/100|[from] Spikes\n|move|p1a: Garchomp|Tera Blast|p2a: Gholdengo|[anim] Tera Blast Fairy\n|-resisted|p2a: Gholdengo\n|-damage|p2a: Gholdengo|70\/100\n|\n|upkeep\n|turn|7\n|\n|t:|1700213032\n|switch|p1a: Gholdengo|Gholdengo|100\/100\n|move|p2a: Gholdengo|Make It Rain|p1a: Gholdengo\n|-resisted|p1a: Gholdengo\n|-damage|p1a: Gholdengo|72\/100\n|-unboost|p2a: Gholdengo|spa|1\n|\n|upkeep\n|turn|8\n|\n|t:|1700213038\n|switch|p2a: Clodsire|Clodsire, F|98\/100\n|-damage|p2a: Clodsire|85\/100|[from] Spikes\n|switch|p1a: Garchomp|Garchomp, F, tera:Fairy|100\/100\n|-damage|p1a: Garchomp|88\/100|[from] Stealth Rock\n|-status|p1a: Garchomp|psn\n|\n|-heal|p2a: Clodsire|92\/100|[from] item: Black Sludge\n|-damage|p1a: Garchomp|76\/100 psn|[from] psn\n|upkeep\n|turn|9\n|\n|t:|1700213058\n|switch|p2a: Ting-Lu|Ting-Lu|64\/100\n|-damage|p2a: Ting-Lu|52\/100|[from] Spikes\n|-ability|p2a: Ting-Lu|Vessel of Ruin\n|move|p1a: Garchomp|Stealth Rock|p2a: Ting-Lu\n|-sidestart|p2: Saimasseuh v10|move: Stealth Rock\n|\n|-heal|p2a: Ting-Lu|58\/100|[from] item: Leftovers\n|-damage|p1a: Garchomp|64\/100 psn|[from] psn\n|upkeep\n|turn|10\n|\n|t:|1700213061\n|move|p1a: Garchomp|Tera Blast|p2a: Ting-Lu|[anim] Tera Blast Fairy\n|-supereffective|p2a: Ting-Lu\n|-damage|p2a: Ting-Lu|13\/100\n|move|p2a: Ting-Lu|Spikes|p1a: Garchomp\n|-sidestart|p1: Yobeto|Spikes\n|\n|-heal|p2a: Ting-Lu|19\/100|[from] item: Leftovers\n|-damage|p1a: Garchomp|51\/100 psn|[from] psn\n|upkeep\n|turn|11\n|\n|t:|1700213071\n|move|p1a: Garchomp|Spikes|p2a: Ting-Lu\n|-sidestart|p2: Saimasseuh v10|Spikes\n|move|p2a: Ting-Lu|Spikes|p1a: Garchomp\n|-sidestart|p1: Yobeto|Spikes\n|\n|-heal|p2a: Ting-Lu|25\/100|[from] item: Leftovers\n|-damage|p1a: Garchomp|39\/100 psn|[from] psn\n|upkeep\n|turn|12\n|\n|t:|1700213086\n|move|p1a: Garchomp|Spikes|p2a: Ting-Lu\n|-sidestart|p2: Saimasseuh v10|Spikes\n|move|p2a: Ting-Lu|Spikes|p1a: Garchomp\n|-sidestart|p1: Yobeto|Spikes\n|\n|-heal|p2a: Ting-Lu|31\/100|[from] item: Leftovers\n|-damage|p1a: Garchomp|27\/100 psn|[from] psn\n|upkeep\n|turn|13\n|\n|t:|1700213096\n|move|p1a: Garchomp|Tera Blast|p2a: Ting-Lu|[anim] Tera Blast Fairy\n|-supereffective|p2a: Ting-Lu\n|-damage|p2a: Ting-Lu|0 fnt\n|faint|p2a: Ting-Lu\n|\n|-damage|p1a: Garchomp|14\/100 psn|[from] psn\n|upkeep\n|\n|t:|1700213104\n|switch|p2a: Great Tusk|Great Tusk|72\/100\n|-damage|p2a: Great Tusk|47\/100|[from] Spikes\n|-damage|p2a: Great Tusk|44\/100|[from] Stealth Rock\n|turn|14\n|\n|t:|1700213108\n|move|p1a: Garchomp|Tera Blast|p2a: Great Tusk|[anim] Tera Blast Fairy\n|-supereffective|p2a: Great Tusk\n|-damage|p2a: Great Tusk|5\/100\n|move|p2a: Great Tusk|Knock Off|p1a: Garchomp\n|-resisted|p1a: Garchomp\n|-damage|p1a: Garchomp|0 fnt\n|-damage|p2a: Great Tusk|0 fnt|[from] ability: Rough Skin|[of] p1a: Garchomp\n|faint|p1a: Garchomp\n|faint|p2a: Great Tusk\n|-end|p2a: Great Tusk|Protosynthesis|[silent]\n|\n|upkeep\n|\n|t:|1700213120\n|switch|p1a: Kingambit|Kingambit, F|100\/100\n|switch|p2a: Gholdengo|Gholdengo|70\/100\n|-damage|p2a: Gholdengo|45\/100|[from] Spikes\n|-damage|p2a: Gholdengo|39\/100|[from] Stealth Rock\n|-damage|p1a: Kingambit|94\/100|[from] Stealth Rock\n|-activate|p1a: Kingambit|ability: Supreme Overlord\n|-start|p1a: Kingambit|fallen1|[silent]\n|-item|p1a: Kingambit|Air Balloon\n|turn|15\n|\n|t:|1700213127\n|move|p1a: Kingambit|Sucker Punch||[still]\n|-fail|p1a: Kingambit\n|move|p2a: Gholdengo|Trick|p1a: Kingambit\n|-activate|p2a: Gholdengo|move: Trick|[of] p1a: Kingambit\n|-item|p1a: Kingambit|Choice Scarf|[from] move: Trick\n|-item|p2a: Gholdengo|Air Balloon\n|-item|p2a: Gholdengo|Air Balloon|[from] move: Trick\n|\n|upkeep\n|turn|16\n|j| Lucrodium\n|\n|t:|1700213135\n|move|p1a: Kingambit|Sucker Punch|p2a: Gholdengo\n|-supereffective|p2a: Gholdengo\n|-damage|p2a: Gholdengo|0 fnt\n|-enditem|p2a: Gholdengo|Air Balloon\n|faint|p2a: Gholdengo\n|\n|upkeep\n|\n|t:|1700213137\n|switch|p2a: Dragonite|Dragonite, M|100\/100\n|turn|17\n|\n|t:|1700213148\n|-end|p1a: Kingambit|fallen1|[silent]\n|switch|p1a: Iron Valiant|Iron Valiant|100\/100\n|-damage|p1a: Iron Valiant|94\/100|[from] Stealth Rock\n|-status|p1a: Iron Valiant|psn\n|-damage|p1a: Iron Valiant|69\/100 psn|[from] Spikes\n|-enditem|p1a: Iron Valiant|Booster Energy\n|-activate|p1a: Iron Valiant|ability: Quark Drive|[fromitem]\n|-start|p1a: Iron Valiant|quarkdrivespe\n|move|p2a: Dragonite|Dragon Dance|p2a: Dragonite\n|-boost|p2a: Dragonite|atk|1\n|-boost|p2a: Dragonite|spe|1\n|\n|-damage|p1a: Iron Valiant|57\/100 psn|[from] psn\n|upkeep\n|turn|18\n|\n|t:|1700213163\n|-terastallize|p2a: Dragonite|Normal\n|move|p2a: Dragonite|Extreme Speed|p1a: Iron Valiant\n|-damage|p1a: Iron Valiant|0 fnt\n|faint|p1a: Iron Valiant\n|-end|p1a: Iron Valiant|Quark Drive|[silent]\n|\n|upkeep\n|\n|t:|1700213174\n|switch|p1a: Dragapult|Dragapult, M|100\/100\n|-damage|p1a: Dragapult|88\/100|[from] Stealth Rock\n|-status|p1a: Dragapult|psn\n|-damage|p1a: Dragapult|63\/100 psn|[from] Spikes\n|turn|19\n|\n|t:|1700213178\n|move|p1a: Dragapult|U-turn|p2a: Dragonite\n|-damage|p2a: Dragonite|92\/100\n|\n|t:|1700213184\n|switch|p1a: Gholdengo|Gholdengo|72\/100|[from] U-turn\n|move|p2a: Dragonite|Earthquake|p1a: Gholdengo\n|-supereffective|p1a: Gholdengo\n|-damage|p1a: Gholdengo|0 fnt\n|faint|p1a: Gholdengo\n|\n|upkeep\n|\n|t:|1700213189\n|switch|p1a: Dragapult|Dragapult, M|63\/100 psn\n|-damage|p1a: Dragapult|51\/100 psn|[from] Stealth Rock\n|-damage|p1a: Dragapult|26\/100 psn|[from] Spikes\n|turn|20\n|\n|t:|1700213192\n|move|p1a: Dragapult|Draco Meteor|p2a: Dragonite\n|-damage|p2a: Dragonite|0 fnt\n|-unboost|p1a: Dragapult|spa|2\n|faint|p2a: Dragonite\n|\n|-damage|p1a: Dragapult|14\/100 psn|[from] psn\n|upkeep\n|\n|t:|1700213196\n|switch|p2a: Clodsire|Clodsire, F|92\/100\n|-damage|p2a: Clodsire|67\/100|[from] Spikes\n|-damage|p2a: Clodsire|60\/100|[from] Stealth Rock\n|turn|21\n|\n|t:|1700213198\n|move|p1a: Dragapult|Draco Meteor|p2a: Clodsire\n|-damage|p2a: Clodsire|29\/100\n|-unboost|p1a: Dragapult|spa|2\n|move|p2a: Clodsire|Recover|p2a: Clodsire\n|-heal|p2a: Clodsire|79\/100\n|\n|-heal|p2a: Clodsire|86\/100|[from] item: Black Sludge\n|-damage|p1a: Dragapult|1\/100 psn|[from] psn\n|upkeep\n|turn|22\n|\n|t:|1700213204\n|move|p1a: Dragapult|Draco Meteor|p2a: Clodsire\n|-damage|p2a: Clodsire|66\/100\n|-unboost|p1a: Dragapult|spa|2\n|move|p2a: Clodsire|Recover|p2a: Clodsire\n|-heal|p2a: Clodsire|100\/100\n|\n|-damage|p1a: Dragapult|0 fnt|[from] psn\n|faint|p1a: Dragapult\n|upkeep\n|\n|t:|1700213208\n|switch|p1a: Dragonite|Dragonite, M|100\/100\n|turn|23\n|\n|t:|1700213214\n|move|p1a: Dragonite|Earthquake|p2a: Clodsire\n|-supereffective|p2a: Clodsire\n|-damage|p2a: Clodsire|44\/100\n|move|p2a: Clodsire|Poison Jab|p1a: Dragonite\n|-damage|p1a: Dragonite|90\/100\n|\n|-heal|p2a: Clodsire|50\/100|[from] item: Black Sludge\n|upkeep\n|turn|24\n|j| My Occult Deck\n|-message|Saimasseuh v10 forfeited.\n|\n|win|Yobeto\n|raw|Yobeto's rating: 1790 &rarr; <strong>1816<\/strong><br \/>(+26 for winning)\n|raw|Saimasseuh v10's rating: 1905 &rarr; <strong>1879<\/strong><br \/>(-26 for losing)\n|l|\u2606Saimasseuh v10\n","uploadtime":1700213225,"views":8,"p1id":"yobeto","p2id":"saimasseuhv10","formatid":"gen9ou","rating":1816,"private":0,"password":""}