{"id":"gen9ou-1997411944","p1":"Kitana Kahn","p2":"aarche284","format":"[Gen 9] OU","log":"|j|\u2606Kitana Kahn\n|j|\u2606aarche284\n|t:|1700801019\n|gametype|singles\n|player|p1|Kitana Kahn|clerk-boss|1216\n|player|p2|aarche284|hilbert|1243\n|teamsize|p1|6\n|teamsize|p2|6\n|gen|9\n|tier|[Gen 9] OU\n|rated|\n|rule|Sleep Clause Mod: Limit one foe put to sleep\n|rule|Species Clause: Limit one of each Pok\u00e9mon\n|rule|OHKO Clause: OHKO moves are banned\n|rule|Evasion Items Clause: Evasion items are banned\n|rule|Evasion Moves Clause: Evasion moves are banned\n|rule|Endless Battle Clause: Forcing endless battles is banned\n|rule|HP Percentage Mod: HP is shown in percentages\n|clearpoke\n|poke|p1|Garganacl, M|\n|poke|p1|Ogerpon-Wellspring, F|\n|poke|p1|Clefable, F|\n|poke|p1|Cinderace, F|\n|poke|p1|Clodsire, F|\n|poke|p1|Blissey, F|\n|poke|p2|Ninetales-Alola, M|\n|poke|p2|Zamazenta-*|\n|poke|p2|Kommo-o, M|\n|poke|p2|Kingambit, F|\n|poke|p2|Garganacl, M|\n|poke|p2|Empoleon, F|\n|teampreview\n|inactive|Battle timer is ON: inactive players will automatically lose when time's up. (requested by Kitana Kahn)\n|\n|t:|1700801040\n|start\n|switch|p1a: Ogerpon|Ogerpon-Wellspring, F|100\/100\n|switch|p2a: Ninetales|Ninetales-Alola, M|100\/100\n|-weather|Snow|[from] ability: Snow Warning|[of] p2a: Ninetales\n|turn|1\n|\n|t:|1700801054\n|move|p1a: Ogerpon|Ivy Cudgel|p2a: Ninetales|[anim] Ivy Cudgel Water\n|-damage|p2a: Ninetales|46\/100\n|move|p2a: Ninetales|Aurora Veil|p2a: Ninetales\n|-sidestart|p2: aarche284|move: Aurora Veil\n|\n|-weather|Snow|[upkeep]\n|upkeep\n|turn|2\n|\n|t:|1700801060\n|move|p1a: Ogerpon|Encore|p2a: Ninetales\n|-start|p2a: Ninetales|Encore\n|move|p2a: Ninetales|Aurora Veil||[still]\n|-fail|p2a: Ninetales\n|\n|-weather|Snow|[upkeep]\n|upkeep\n|turn|3\n|\n|t:|1700801069\n|switch|p2a: Empoleon|Empoleon, F|100\/100\n|move|p1a: Ogerpon|Knock Off|p2a: Empoleon\n|-damage|p2a: Empoleon|81\/100\n|-enditem|p2a: Empoleon|Leftovers|[from] move: Knock Off|[of] p1a: Ogerpon\n|\n|-weather|Snow|[upkeep]\n|upkeep\n|turn|4\n|\n|t:|1700801079\n|move|p1a: Ogerpon|Horn Leech|p2a: Empoleon\n|-damage|p2a: Empoleon|60\/100\n|move|p2a: Empoleon|Stealth Rock|p1a: Ogerpon\n|-sidestart|p1: Kitana Kahn|move: Stealth Rock\n|\n|-weather|Snow|[upkeep]\n|upkeep\n|turn|5\n|\n|t:|1700801087\n|switch|p2a: Zamazenta|Zamazenta|100\/100\n|-ability|p2a: Zamazenta|Dauntless Shield|boost\n|-boost|p2a: Zamazenta|def|1\n|move|p1a: Ogerpon|Encore||[still]\n|-fail|p1a: Ogerpon\n|\n|-weather|none\n|upkeep\n|turn|6\n|\n|t:|1700801099\n|switch|p1a: Clodsire|Clodsire, F|100\/100\n|-damage|p1a: Clodsire|94\/100|[from] Stealth Rock\n|move|p2a: Zamazenta|Substitute|p2a: Zamazenta\n|-start|p2a: Zamazenta|Substitute\n|-damage|p2a: Zamazenta|76\/100\n|\n|-heal|p2a: Zamazenta|82\/100|[from] item: Leftovers\n|-heal|p1a: Clodsire|100\/100|[from] item: Leftovers\n|upkeep\n|turn|7\n|\n|t:|1700801115\n|switch|p2a: Garganacl|Garganacl, M|100\/100\n|move|p1a: Clodsire|Stealth Rock|p2a: Garganacl\n|-sidestart|p2: aarche284|move: Stealth Rock\n|\n|upkeep\n|turn|8\n|\n|t:|1700801124\n|move|p2a: Garganacl|Salt Cure|p1a: Clodsire\n|-resisted|p1a: Clodsire\n|-damage|p1a: Clodsire|96\/100\n|-start|p1a: Clodsire|Salt Cure\n|move|p1a: Clodsire|Earthquake|p2a: Garganacl\n|-supereffective|p2a: Garganacl\n|-damage|p2a: Garganacl|86\/100\n|\n|-heal|p2a: Garganacl|93\/100|[from] item: Leftovers\n|-heal|p1a: Clodsire|100\/100|[from] item: Leftovers\n|-damage|p1a: Clodsire|88\/100|[from] Salt Cure\n|-sideend|p2: aarche284|move: Aurora Veil\n|upkeep\n|turn|9\n|\n|t:|1700801137\n|switch|p1a: Ogerpon|Ogerpon-Wellspring, F|100\/100\n|-damage|p1a: Ogerpon|88\/100|[from] Stealth Rock\n|move|p2a: Garganacl|Curse|p2a: Garganacl\n|-unboost|p2a: Garganacl|spe|1\n|-boost|p2a: Garganacl|atk|1\n|-boost|p2a: Garganacl|def|1\n|\n|-heal|p2a: Garganacl|99\/100|[from] item: Leftovers\n|upkeep\n|turn|10\n|\n|t:|1700801147\n|move|p1a: Ogerpon|Encore|p2a: Garganacl\n|-start|p2a: Garganacl|Encore\n|move|p2a: Garganacl|Curse|p2a: Garganacl\n|-unboost|p2a: Garganacl|spe|1\n|-boost|p2a: Garganacl|atk|1\n|-boost|p2a: Garganacl|def|1\n|\n|-heal|p2a: Garganacl|100\/100|[from] item: Leftovers\n|upkeep\n|turn|11\n|\n|t:|1700801157\n|switch|p2a: Zamazenta|Zamazenta|82\/100\n|-damage|p2a: Zamazenta|76\/100|[from] Stealth Rock\n|move|p1a: Ogerpon|Knock Off|p2a: Zamazenta\n|-resisted|p2a: Zamazenta\n|-damage|p2a: Zamazenta|58\/100\n|-enditem|p2a: Zamazenta|Leftovers|[from] move: Knock Off|[of] p1a: Ogerpon\n|\n|upkeep\n|turn|12\n|\n|t:|1700801169\n|switch|p1a: Clefable|Clefable, F|100\/100\n|-damage|p1a: Clefable|88\/100|[from] Stealth Rock\n|move|p2a: Zamazenta|Iron Defense|p2a: Zamazenta\n|-boost|p2a: Zamazenta|def|2\n|\n|-heal|p1a: Clefable|94\/100|[from] item: Leftovers\n|upkeep\n|turn|13\n|\n|t:|1700801178\n|switch|p2a: Ninetales|Ninetales-Alola, M|46\/100\n|-damage|p2a: Ninetales|21\/100|[from] Stealth Rock\n|-weather|Snow|[from] ability: Snow Warning|[of] p2a: Ninetales\n|move|p1a: Clefable|Calm Mind|p1a: Clefable\n|-boost|p1a: Clefable|spa|1\n|-boost|p1a: Clefable|spd|1\n|\n|-weather|Snow|[upkeep]\n|-heal|p1a: Clefable|99\/100|[from] item: Leftovers\n|upkeep\n|turn|14\n|\n|t:|1700801188\n|move|p2a: Ninetales|Encore|p1a: Clefable\n|-start|p1a: Clefable|Encore\n|move|p1a: Clefable|Calm Mind|p1a: Clefable\n|-boost|p1a: Clefable|spa|1\n|-boost|p1a: Clefable|spd|1\n|\n|-weather|Snow|[upkeep]\n|-heal|p1a: Clefable|100\/100|[from] item: Leftovers\n|upkeep\n|turn|15\n|\n|t:|1700801197\n|switch|p1a: Cinderace|Cinderace, F|100\/100\n|move|p2a: Ninetales|Aurora Veil|p2a: Ninetales\n|-sidestart|p2: aarche284|move: Aurora Veil\n|\n|-weather|Snow|[upkeep]\n|upkeep\n|turn|16\n|\n|t:|1700801208\n|switch|p2a: Garganacl|Garganacl, M|100\/100\n|-damage|p2a: Garganacl|88\/100|[from] Stealth Rock\n|move|p1a: Cinderace|Court Change|p1a: Cinderace\n|-start|p1a: Cinderace|typechange|Normal|[from] ability: Libero\n|-swapsideconditions\n|-activate|p1a: Cinderace|move: Court Change\n|\n|-weather|Snow|[upkeep]\n|-heal|p2a: Garganacl|94\/100|[from] item: Leftovers\n|upkeep\n|turn|17\n|\n|t:|1700801218\n|move|p1a: Cinderace|U-turn|p2a: Garganacl\n|-damage|p2a: Garganacl|82\/100\n|\n|t:|1700801224\n|switch|p1a: Clefable|Clefable, F|100\/100|[from] U-turn\n|-damage|p1a: Clefable|88\/100|[from] Stealth Rock\n|move|p2a: Garganacl|Salt Cure|p1a: Clefable\n|-damage|p1a: Clefable|83\/100\n|-start|p1a: Clefable|Salt Cure\n|\n|-weather|none\n|-heal|p1a: Clefable|89\/100|[from] item: Leftovers\n|-heal|p2a: Garganacl|89\/100|[from] item: Leftovers\n|-damage|p1a: Clefable|77\/100|[from] Salt Cure\n|upkeep\n|turn|18\n|\n|t:|1700801239\n|switch|p1a: Ogerpon|Ogerpon-Wellspring, F|88\/100\n|-damage|p1a: Ogerpon|76\/100|[from] Stealth Rock\n|move|p2a: Garganacl|Curse|p2a: Garganacl\n|-unboost|p2a: Garganacl|spe|1\n|-boost|p2a: Garganacl|atk|1\n|-boost|p2a: Garganacl|def|1\n|\n|-heal|p2a: Garganacl|95\/100|[from] item: Leftovers\n|upkeep\n|turn|19\n|\n|t:|1700801250\n|switch|p2a: Ninetales|Ninetales-Alola, M|21\/100\n|-damage|p2a: Ninetales|0 fnt|[from] Stealth Rock\n|faint|p2a: Ninetales\n|move|p1a: Ogerpon|Knock Off|p2: Ninetales|[notarget]\n|-fail|p1a: Ogerpon\n|\n|upkeep\n|\n|t:|1700801253\n|switch|p2a: Zamazenta|Zamazenta|58\/100\n|-damage|p2a: Zamazenta|52\/100|[from] Stealth Rock\n|turn|20\n|\n|t:|1700801261\n|switch|p1a: Clefable|Clefable, F|77\/100\n|-damage|p1a: Clefable|64\/100|[from] Stealth Rock\n|move|p2a: Zamazenta|Iron Defense|p2a: Zamazenta\n|-boost|p2a: Zamazenta|def|2\n|\n|-heal|p1a: Clefable|70\/100|[from] item: Leftovers\n|upkeep\n|turn|21\n|\n|t:|1700801273\n|switch|p2a: Garganacl|Garganacl, M|95\/100\n|-damage|p2a: Garganacl|82\/100|[from] Stealth Rock\n|move|p1a: Clefable|Wish|p1a: Clefable\n|\n|-heal|p1a: Clefable|76\/100|[from] item: Leftovers\n|-heal|p2a: Garganacl|89\/100|[from] item: Leftovers\n|upkeep\n|turn|22\n|\n|t:|1700801281\n|move|p1a: Clefable|Calm Mind|p1a: Clefable\n|-boost|p1a: Clefable|spa|1\n|-boost|p1a: Clefable|spd|1\n|move|p2a: Garganacl|Salt Cure|p1a: Clefable\n|-damage|p1a: Clefable|71\/100\n|-start|p1a: Clefable|Salt Cure\n|\n|-heal|p1a: Clefable|100\/100|[from] move: Wish|[wisher] Clefable\n|-heal|p2a: Garganacl|95\/100|[from] item: Leftovers\n|-damage|p1a: Clefable|88\/100|[from] Salt Cure\n|-sideend|p1: Kitana Kahn|move: Aurora Veil\n|upkeep\n|turn|23\n|\n|t:|1700801293\n|move|p1a: Clefable|Moonblast|p2a: Garganacl\n|-damage|p2a: Garganacl|60\/100\n|move|p2a: Garganacl|Curse|p2a: Garganacl\n|-unboost|p2a: Garganacl|spe|1\n|-boost|p2a: Garganacl|atk|1\n|-boost|p2a: Garganacl|def|1\n|\n|-heal|p1a: Clefable|94\/100|[from] item: Leftovers\n|-heal|p2a: Garganacl|66\/100|[from] item: Leftovers\n|-damage|p1a: Clefable|82\/100|[from] Salt Cure\n|upkeep\n|turn|24\n|\n|t:|1700801304\n|move|p1a: Clefable|Calm Mind|p1a: Clefable\n|-boost|p1a: Clefable|spa|1\n|-boost|p1a: Clefable|spd|1\n|move|p2a: Garganacl|Recover|p2a: Garganacl\n|-heal|p2a: Garganacl|100\/100\n|\n|-heal|p1a: Clefable|88\/100|[from] item: Leftovers\n|-damage|p1a: Clefable|75\/100|[from] Salt Cure\n|upkeep\n|turn|25\n|\n|t:|1700801313\n|move|p1a: Clefable|Moonblast|p2a: Garganacl\n|-damage|p2a: Garganacl|54\/100\n|move|p2a: Garganacl|Salt Cure|p1a: Clefable\n|-damage|p1a: Clefable|64\/100\n|\n|-heal|p1a: Clefable|71\/100|[from] item: Leftovers\n|-heal|p2a: Garganacl|60\/100|[from] item: Leftovers\n|-damage|p1a: Clefable|58\/100|[from] Salt Cure\n|upkeep\n|turn|26\n|\n|t:|1700801323\n|move|p1a: Clefable|Wish|p1a: Clefable\n|move|p2a: Garganacl|Recover|p2a: Garganacl\n|-heal|p2a: Garganacl|100\/100\n|\n|-heal|p1a: Clefable|64\/100|[from] item: Leftovers\n|-damage|p1a: Clefable|52\/100|[from] Salt Cure\n|upkeep\n|turn|27\n|\n|t:|1700801331\n|move|p1a: Clefable|Calm Mind|p1a: Clefable\n|-boost|p1a: Clefable|spa|1\n|-boost|p1a: Clefable|spd|1\n|move|p2a: Garganacl|Salt Cure|p1a: Clefable\n|-damage|p1a: Clefable|40\/100\n|\n|-heal|p1a: Clefable|90\/100|[from] move: Wish|[wisher] Clefable\n|-heal|p1a: Clefable|96\/100|[from] item: Leftovers\n|-damage|p1a: Clefable|84\/100|[from] Salt Cure\n|upkeep\n|turn|28\n|\n|t:|1700801341\n|move|p2a: Garganacl|Protect|p2a: Garganacl\n|-singleturn|p2a: Garganacl|Protect\n|move|p1a: Clefable|Moonblast|p2a: Garganacl\n|-activate|p2a: Garganacl|move: Protect\n|\n|-heal|p1a: Clefable|90\/100|[from] item: Leftovers\n|-damage|p1a: Clefable|78\/100|[from] Salt Cure\n|upkeep\n|turn|29\n|\n|t:|1700801351\n|switch|p2a: Empoleon|Empoleon, F|60\/100\n|-damage|p2a: Empoleon|54\/100|[from] Stealth Rock\n|move|p1a: Clefable|Calm Mind|p1a: Clefable\n|-boost|p1a: Clefable|spa|1\n|-boost|p1a: Clefable|spd|1\n|\n|-heal|p1a: Clefable|84\/100|[from] item: Leftovers\n|-damage|p1a: Clefable|71\/100|[from] Salt Cure\n|upkeep\n|turn|30\n|\n|t:|1700801360\n|move|p1a: Clefable|Moonblast|p2a: Empoleon\n|-resisted|p2a: Empoleon\n|-damage|p2a: Empoleon|22\/100\n|move|p2a: Empoleon|Roost|p2a: Empoleon\n|-heal|p2a: Empoleon|72\/100\n|-singleturn|p2a: Empoleon|move: Roost\n|\n|-heal|p1a: Clefable|77\/100|[from] item: Leftovers\n|-damage|p1a: Clefable|65\/100|[from] Salt Cure\n|upkeep\n|turn|31\n|\n|t:|1700801370\n|move|p1a: Clefable|Wish|p1a: Clefable\n|move|p2a: Empoleon|Roost|p2a: Empoleon\n|-heal|p2a: Empoleon|100\/100\n|-singleturn|p2a: Empoleon|move: Roost\n|\n|-heal|p1a: Clefable|71\/100|[from] item: Leftovers\n|-damage|p1a: Clefable|59\/100|[from] Salt Cure\n|upkeep\n|turn|32\n|\n|t:|1700801381\n|move|p1a: Clefable|Calm Mind|p1a: Clefable\n|-boost|p1a: Clefable|spa|1\n|-boost|p1a: Clefable|spd|1\n|move|p2a: Empoleon|Flip Turn|p1a: Clefable\n|-damage|p1a: Clefable|45\/100\n|\n|t:|1700801399\n|switch|p2a: Kingambit|Kingambit, F|100\/100|[from] Flip Turn\n|-damage|p2a: Kingambit|94\/100|[from] Stealth Rock\n|-activate|p2a: Kingambit|ability: Supreme Overlord\n|-start|p2a: Kingambit|fallen1|[silent]\n|\n|-heal|p1a: Clefable|95\/100|[from] move: Wish|[wisher] Clefable\n|-heal|p1a: Clefable|100\/100|[from] item: Leftovers\n|-heal|p2a: Kingambit|100\/100|[from] item: Leftovers\n|-damage|p1a: Clefable|88\/100|[from] Salt Cure\n|upkeep\n|turn|33\n|\n|t:|1700801411\n|-end|p2a: Kingambit|fallen1|[silent]\n|switch|p2a: Empoleon|Empoleon, F|100\/100\n|-damage|p2a: Empoleon|94\/100|[from] Stealth Rock\n|-terastallize|p1a: Clefable|Steel\n|move|p1a: Clefable|Moonblast|p2a: Empoleon\n|-resisted|p2a: Empoleon\n|-damage|p2a: Empoleon|57\/100\n|\n|-heal|p1a: Clefable|94\/100|[from] item: Leftovers\n|-damage|p1a: Clefable|69\/100|[from] Salt Cure\n|upkeep\n|turn|34\n|\n|t:|1700801427\n|switch|p1a: Ogerpon|Ogerpon-Wellspring, F|76\/100\n|-damage|p1a: Ogerpon|64\/100|[from] Stealth Rock\n|move|p2a: Empoleon|Roost|p2a: Empoleon\n|-heal|p2a: Empoleon|100\/100\n|-singleturn|p2a: Empoleon|move: Roost\n|\n|upkeep\n|turn|35\n|\n|t:|1700801440\n|switch|p2a: Garganacl|Garganacl, M|100\/100\n|-damage|p2a: Garganacl|88\/100|[from] Stealth Rock\n|move|p1a: Ogerpon|Ivy Cudgel|p2a: Garganacl|[anim] Ivy Cudgel Water\n|-supereffective|p2a: Garganacl\n|-damage|p2a: Garganacl|19\/100\n|\n|-heal|p2a: Garganacl|25\/100|[from] item: Leftovers\n|upkeep\n|turn|36\n|\n|t:|1700801449\n|move|p1a: Ogerpon|Ivy Cudgel|p2a: Garganacl|[anim] Ivy Cudgel Water\n|-supereffective|p2a: Garganacl\n|-damage|p2a: Garganacl|0 fnt\n|faint|p2a: Garganacl\n|\n|upkeep\n|\n|t:|1700801453\n|switch|p2a: Zamazenta|Zamazenta|52\/100\n|-damage|p2a: Zamazenta|46\/100|[from] Stealth Rock\n|turn|37\n|\n|t:|1700801459\n|switch|p1a: Clefable|Clefable, F, tera:Steel|69\/100\n|-damage|p1a: Clefable|63\/100|[from] Stealth Rock\n|move|p2a: Zamazenta|Iron Defense|p2a: Zamazenta\n|-boost|p2a: Zamazenta|def|2\n|\n|-heal|p1a: Clefable|69\/100|[from] item: Leftovers\n|upkeep\n|turn|38\n|\n|t:|1700801468\n|move|p1a: Clefable|Protect|p1a: Clefable\n|-singleturn|p1a: Clefable|Protect\n|move|p2a: Zamazenta|Substitute|p2a: Zamazenta\n|-start|p2a: Zamazenta|Substitute\n|-damage|p2a: Zamazenta|21\/100\n|\n|-heal|p1a: Clefable|75\/100|[from] item: Leftovers\n|upkeep\n|turn|39\n|\n|t:|1700801477\n|move|p2a: Zamazenta|Body Press|p1a: Clefable\n|-supereffective|p1a: Clefable\n|-damage|p1a: Clefable|28\/100\n|move|p1a: Clefable|Moonblast|p2a: Zamazenta\n|-supereffective|p2a: Zamazenta\n|-end|p2a: Zamazenta|Substitute\n|\n|-heal|p1a: Clefable|34\/100|[from] item: Leftovers\n|upkeep\n|turn|40\n|\n|t:|1700801486\n|move|p1a: Clefable|Protect|p1a: Clefable\n|-singleturn|p1a: Clefable|Protect\n|move|p2a: Zamazenta|Body Press|p1a: Clefable\n|-activate|p1a: Clefable|move: Protect\n|\n|-heal|p1a: Clefable|40\/100|[from] item: Leftovers\n|upkeep\n|turn|41\n|\n|t:|1700801495\n|switch|p1a: Clodsire|Clodsire, F|88\/100\n|-damage|p1a: Clodsire|82\/100|[from] Stealth Rock\n|move|p2a: Zamazenta|Body Press|p1a: Clodsire\n|-resisted|p1a: Clodsire\n|-damage|p1a: Clodsire|69\/100\n|\n|-heal|p1a: Clodsire|76\/100|[from] item: Leftovers\n|upkeep\n|turn|42\n|\n|t:|1700801510\n|move|p2a: Zamazenta|Iron Defense|p2a: Zamazenta\n|-boost|p2a: Zamazenta|def|2\n|move|p1a: Clodsire|Earthquake|p2a: Zamazenta\n|-damage|p2a: Zamazenta|0 fnt\n|faint|p2a: Zamazenta\n|\n|-heal|p1a: Clodsire|82\/100|[from] item: Leftovers\n|upkeep\n|\n|t:|1700801515\n|switch|p2a: Kingambit|Kingambit, F|100\/100\n|-damage|p2a: Kingambit|94\/100|[from] Stealth Rock\n|-activate|p2a: Kingambit|ability: Supreme Overlord\n|-start|p2a: Kingambit|fallen3|[silent]\n|turn|43\n|\n|t:|1700801527\n|move|p2a: Kingambit|Kowtow Cleave|p1a: Clodsire\n|-damage|p1a: Clodsire|36\/100\n|move|p1a: Clodsire|Recover|p1a: Clodsire\n|-heal|p1a: Clodsire|86\/100\n|\n|-heal|p2a: Kingambit|100\/100|[from] item: Leftovers\n|-heal|p1a: Clodsire|92\/100|[from] item: Leftovers\n|upkeep\n|turn|44\n|\n|t:|1700801536\n|move|p2a: Kingambit|Swords Dance|p2a: Kingambit\n|-boost|p2a: Kingambit|atk|2\n|move|p1a: Clodsire|Earthquake|p2a: Kingambit\n|-supereffective|p2a: Kingambit\n|-damage|p2a: Kingambit|62\/100\n|\n|-heal|p2a: Kingambit|69\/100|[from] item: Leftovers\n|-heal|p1a: Clodsire|98\/100|[from] item: Leftovers\n|upkeep\n|turn|45\n|\n|t:|1700801546\n|move|p2a: Kingambit|Kowtow Cleave|p1a: Clodsire\n|-damage|p1a: Clodsire|55\/100\n|move|p1a: Clodsire|Earthquake|p2a: Kingambit\n|-supereffective|p2a: Kingambit\n|-damage|p2a: Kingambit|31\/100\n|\n|-heal|p2a: Kingambit|37\/100|[from] item: Leftovers\n|-heal|p1a: Clodsire|61\/100|[from] item: Leftovers\n|upkeep\n|turn|46\n|\n|t:|1700801555\n|move|p2a: Kingambit|Kowtow Cleave|p1a: Clodsire\n|-damage|p1a: Clodsire|10\/100\n|move|p1a: Clodsire|Recover|p1a: Clodsire\n|-heal|p1a: Clodsire|60\/100\n|\n|-heal|p2a: Kingambit|43\/100|[from] item: Leftovers\n|-heal|p1a: Clodsire|66\/100|[from] item: Leftovers\n|upkeep\n|turn|47\n|\n|t:|1700801566\n|move|p2a: Kingambit|Kowtow Cleave|p1a: Clodsire\n|-damage|p1a: Clodsire|17\/100\n|move|p1a: Clodsire|Earthquake|p2a: Kingambit\n|-supereffective|p2a: Kingambit\n|-damage|p2a: Kingambit|1\/100\n|\n|-heal|p2a: Kingambit|7\/100|[from] item: Leftovers\n|-heal|p1a: Clodsire|24\/100|[from] item: Leftovers\n|upkeep\n|turn|48\n|\n|t:|1700801577\n|move|p2a: Kingambit|Kowtow Cleave|p1a: Clodsire\n|-damage|p1a: Clodsire|0 fnt\n|faint|p1a: Clodsire\n|\n|-heal|p2a: Kingambit|13\/100|[from] item: Leftovers\n|upkeep\n|\n|t:|1700801583\n|switch|p1a: Clefable|Clefable, F, tera:Steel|40\/100\n|-damage|p1a: Clefable|34\/100|[from] Stealth Rock\n|turn|49\n|\n|t:|1700801591\n|move|p1a: Clefable|Protect|p1a: Clefable\n|-singleturn|p1a: Clefable|Protect\n|move|p2a: Kingambit|Sucker Punch||[still]\n|-fail|p2a: Kingambit\n|\n|-heal|p1a: Clefable|40\/100|[from] item: Leftovers\n|-heal|p2a: Kingambit|19\/100|[from] item: Leftovers\n|upkeep\n|turn|50\n|\n|t:|1700801599\n|move|p2a: Kingambit|Sucker Punch||[still]\n|-fail|p2a: Kingambit\n|move|p1a: Clefable|Wish|p1a: Clefable\n|\n|-heal|p1a: Clefable|46\/100|[from] item: Leftovers\n|-heal|p2a: Kingambit|26\/100|[from] item: Leftovers\n|upkeep\n|turn|51\n|\n|t:|1700801606\n|move|p1a: Clefable|Calm Mind|p1a: Clefable\n|-boost|p1a: Clefable|spa|1\n|-boost|p1a: Clefable|spd|1\n|move|p2a: Kingambit|Low Kick|p1a: Clefable\n|-supereffective|p1a: Clefable\n|-damage|p1a: Clefable|0 fnt\n|faint|p1a: Clefable\n|\n|-heal|p2a: Kingambit|32\/100|[from] item: Leftovers\n|upkeep\n|-message|Kitana Kahn forfeited.\n|\n|win|aarche284\n|raw|Kitana Kahn's rating: 1216 &rarr; <strong>1193<\/strong><br \/>(-23 for losing)\n|raw|aarche284's rating: 1243 &rarr; <strong>1266<\/strong><br \/>(+23 for winning)\n|l|\u2606Kitana Kahn\n","uploadtime":1700801620,"views":10,"p1id":"kitanakahn","p2id":"aarche284","formatid":"gen9ou","rating":1193,"private":0,"password":""}