{"id":"gen9ou-1993074727","p1":"Nayboknows","p2":"CyberH3","format":"[Gen 9] OU","log":"|j|\u2606Nayboknows\n|j|\u2606CyberH3\n|t:|1700261862\n|gametype|singles\n|player|p1|Nayboknows|nessa-masters|1416\n|player|p2|CyberH3|mars|1379\n|teamsize|p1|6\n|teamsize|p2|6\n|gen|9\n|tier|[Gen 9] OU\n|rated|\n|rule|Sleep Clause Mod: Limit one foe put to sleep\n|rule|Species Clause: Limit one of each Pok\u00e9mon\n|rule|OHKO Clause: OHKO moves are banned\n|rule|Evasion Items Clause: Evasion items are banned\n|rule|Evasion Moves Clause: Evasion moves are banned\n|rule|Endless Battle Clause: Forcing endless battles is banned\n|rule|HP Percentage Mod: HP is shown in percentages\n|clearpoke\n|poke|p1|Ribombee, M|\n|poke|p1|Ogerpon-Wellspring, F|\n|poke|p1|Iron Moth|\n|poke|p1|Kingambit, M|\n|poke|p1|Gholdengo|\n|poke|p1|Iron Valiant|\n|poke|p2|Goodra-Hisui, M|\n|poke|p2|Scizor, F|\n|poke|p2|Mimikyu, F|\n|poke|p2|Iron Valiant|\n|poke|p2|Talonflame, F|\n|poke|p2|Lokix, M|\n|teampreview\n|\n|t:|1700261895\n|start\n|switch|p1a: Iron Moth|Iron Moth|100\/100\n|switch|p2a: The XO|Talonflame, F|100\/100\n|-enditem|p1a: Iron Moth|Booster Energy\n|-activate|p1a: Iron Moth|ability: Quark Drive|[fromitem]\n|-start|p1a: Iron Moth|quarkdrivespa\n|turn|1\n|\n|t:|1700261913\n|move|p2a: The XO|Brave Bird|p1a: Iron Moth\n|-damage|p1a: Iron Moth|29\/100\n|-damage|p2a: The XO|77\/100|[from] Recoil\n|move|p1a: Iron Moth|Substitute|p1a: Iron Moth\n|-start|p1a: Iron Moth|Substitute\n|-damage|p1a: Iron Moth|4\/100\n|\n|-heal|p2a: The XO|83\/100|[from] item: Leftovers\n|upkeep\n|turn|2\n|\n|t:|1700261917\n|move|p2a: The XO|Brave Bird|p1a: Iron Moth\n|-end|p1a: Iron Moth|Substitute\n|-damage|p2a: The XO|74\/100|[from] Recoil|[of] p1a: Iron Moth\n|move|p1a: Iron Moth|Sludge Wave|p2a: The XO\n|-damage|p2a: The XO|0 fnt\n|faint|p2a: The XO\n|\n|upkeep\n|\n|t:|1700261923\n|switch|p2a: Eat With Scissors|Scizor, F|100\/100\n|turn|3\n|\n|t:|1700261956\n|move|p2a: Eat With Scissors|Bullet Punch|p1a: Iron Moth\n|-resisted|p1a: Iron Moth\n|-damage|p1a: Iron Moth|0 fnt\n|faint|p1a: Iron Moth\n|-end|p1a: Iron Moth|Quark Drive|[silent]\n|-damage|p2a: Eat With Scissors|91\/100|[from] item: Life Orb\n|\n|upkeep\n|\n|t:|1700261974\n|switch|p1a: Kingambit|Kingambit, M|100\/100\n|-activate|p1a: Kingambit|ability: Supreme Overlord\n|-start|p1a: Kingambit|fallen1|[silent]\n|turn|4\n|\n|t:|1700261978\n|move|p1a: Kingambit|Swords Dance|p1a: Kingambit\n|-boost|p1a: Kingambit|atk|2\n|move|p2a: Eat With Scissors|Close Combat|p1a: Kingambit\n|-supereffective|p1a: Kingambit\n|-damage|p1a: Kingambit|0 fnt\n|-unboost|p2a: Eat With Scissors|def|1\n|-unboost|p2a: Eat With Scissors|spd|1\n|faint|p1a: Kingambit\n|-end|p1a: Kingambit|fallen1|[silent]\n|-damage|p2a: Eat With Scissors|81\/100|[from] item: Life Orb\n|\n|upkeep\n|\n|t:|1700261993\n|switch|p1a: Ribombee|Ribombee, M|100\/100\n|turn|5\n|\n|t:|1700261997\n|move|p2a: Eat With Scissors|Bullet Punch|p1a: Ribombee\n|-supereffective|p1a: Ribombee\n|-enditem|p1a: Ribombee|Focus Sash\n|-damage|p1a: Ribombee|1\/100\n|-damage|p2a: Eat With Scissors|71\/100|[from] item: Life Orb\n|move|p1a: Ribombee|Sticky Web|p2a: Eat With Scissors\n|-sidestart|p2: CyberH3|move: Sticky Web\n|\n|upkeep\n|turn|6\n|\n|t:|1700262003\n|move|p2a: Eat With Scissors|Bullet Punch|p1a: Ribombee\n|-supereffective|p1a: Ribombee\n|-damage|p1a: Ribombee|0 fnt\n|faint|p1a: Ribombee\n|-damage|p2a: Eat With Scissors|61\/100|[from] item: Life Orb\n|\n|upkeep\n|\n|t:|1700262004\n|switch|p1a: Ogerpon|Ogerpon-Wellspring, F|100\/100\n|turn|7\n|\n|t:|1700262006\n|move|p1a: Ogerpon|Swords Dance|p1a: Ogerpon\n|-boost|p1a: Ogerpon|atk|2\n|move|p2a: Eat With Scissors|U-turn|p1a: Ogerpon\n|-supereffective|p1a: Ogerpon\n|-damage|p1a: Ogerpon|0 fnt\n|faint|p1a: Ogerpon\n|-damage|p2a: Eat With Scissors|51\/100|[from] item: Life Orb\n|-message|Nayboknows forfeited.\n|\n|win|CyberH3\n|raw|Nayboknows's rating: 1416 &rarr; <strong>1394<\/strong><br \/>(-22 for losing)\n|raw|CyberH3's rating: 1379 &rarr; <strong>1401<\/strong><br \/>(+22 for winning)\n|l|\u2606Nayboknows\n","uploadtime":1700262013,"views":11,"p1id":"nayboknows","p2id":"cyberh3","formatid":"gen9ou","rating":1394,"private":0,"password":""}