{"id":"gen9ou-1997409663","p1":"Seleniaal","p2":"PLLV51 leng","format":"[Gen 9] OU","log":"|j|\u2606Seleniaal\n|j|\u2606PLLV51 leng\n|t:|1700800692\n|gametype|singles\n|player|p1|Seleniaal|266|1551\n|player|p2|PLLV51 leng|#wcop2023ussouth2|1709\n|teamsize|p1|6\n|teamsize|p2|6\n|gen|9\n|tier|[Gen 9] OU\n|rated|\n|rule|Sleep Clause Mod: Limit one foe put to sleep\n|rule|Species Clause: Limit one of each Pok\u00e9mon\n|rule|OHKO Clause: OHKO moves are banned\n|rule|Evasion Items Clause: Evasion items are banned\n|rule|Evasion Moves Clause: Evasion moves are banned\n|rule|Endless Battle Clause: Forcing endless battles is banned\n|rule|HP Percentage Mod: HP is shown in percentages\n|clearpoke\n|poke|p1|Arcanine-Hisui, M|\n|poke|p1|Rillaboom, M|\n|poke|p1|Greninja-*, M|\n|poke|p1|Great Tusk|\n|poke|p1|Dragapult, F|\n|poke|p1|Iron Moth|\n|poke|p2|Ogerpon-Wellspring, F|\n|poke|p2|Greninja-*, M|\n|poke|p2|Zapdos|\n|poke|p2|Great Tusk|\n|poke|p2|Slowking-Galar, F|\n|poke|p2|Kingambit, F|\n|teampreview\n|inactive|Battle timer is ON: inactive players will automatically lose when time's up. (requested by PLLV51 leng)\n|inactive|Seleniaal has 120 seconds left.\n|\n|t:|1700800725\n|start\n|switch|p1a: Dragapult|Dragapult, F|100\/100\n|switch|p2a: Greninja|Greninja, M|100\/100\n|turn|1\n|j| Heihachi Mishima\n|\n|t:|1700800737\n|switch|p2a: Zapdos|Zapdos|100\/100\n|move|p1a: Dragapult|U-turn|p2a: Zapdos\n|-resisted|p2a: Zapdos\n|-damage|p2a: Zapdos|95\/100\n|\n|t:|1700800744\n|switch|p1a: Arcanine|Arcanine-Hisui, M|100\/100|[from] U-turn\n|\n|upkeep\n|turn|2\n|\n|t:|1700800757\n|switch|p2a: Great Tusk|Great Tusk|100\/100\n|move|p1a: Arcanine|Flare Blitz|p2a: Great Tusk\n|-damage|p2a: Great Tusk|36\/100\n|\n|-heal|p2a: Great Tusk|42\/100|[from] item: Leftovers\n|upkeep\n|turn|3\n|\n|t:|1700800775\n|move|p1a: Arcanine|Flare Blitz|p2a: Great Tusk\n|-damage|p2a: Great Tusk|0 fnt\n|faint|p2a: Great Tusk\n|-end|p2a: Great Tusk|Protosynthesis|[silent]\n|\n|upkeep\n|\n|t:|1700800777\n|switch|p2a: Greninja|Greninja, M|100\/100\n|turn|4\n|\n|t:|1700800800\n|switch|p1a: Iron Moth|Iron Moth|100\/100\n|-enditem|p1a: Iron Moth|Booster Energy\n|-activate|p1a: Iron Moth|ability: Quark Drive|[fromitem]\n|-start|p1a: Iron Moth|quarkdrivespe\n|move|p2a: Greninja|Ice Beam|p1a: Iron Moth\n|-start|p2a: Greninja|typechange|Ice|[from] ability: Protean\n|-resisted|p1a: Iron Moth\n|-damage|p1a: Iron Moth|69\/100\n|\n|upkeep\n|turn|5\n|\n|t:|1700800810\n|-end|p1a: Iron Moth|Quark Drive|[silent]\n|switch|p1a: Arcanine|Arcanine-Hisui, M|100\/100\n|switch|p2a: Slowking|Slowking-Galar, F|100\/100\n|\n|upkeep\n|turn|6\n|\n|t:|1700800818\n|move|p1a: Arcanine|Head Smash|p2a: Slowking\n|-damage|p2a: Slowking|0 fnt\n|faint|p2a: Slowking\n|\n|upkeep\n|\n|t:|1700800824\n|switch|p2a: Ogerpon|Ogerpon-Wellspring, F|100\/100\n|turn|7\n|\n|t:|1700800831\n|switch|p1a: Rillaboom|Rillaboom, M|100\/100\n|-fieldstart|move: Grassy Terrain|[from] ability: Grassy Surge|[of] p1a: Rillaboom\n|move|p2a: Ogerpon|Knock Off|p1a: Rillaboom\n|-damage|p1a: Rillaboom|55\/100\n|-enditem|p1a: Rillaboom|Choice Band|[from] move: Knock Off|[of] p2a: Ogerpon\n|\n|-heal|p1a: Rillaboom|61\/100|[from] Grassy Terrain\n|upkeep\n|turn|8\n|\n|t:|1700800837\n|move|p2a: Ogerpon|U-turn|p1a: Rillaboom\n|-supereffective|p1a: Rillaboom\n|-crit|p1a: Rillaboom\n|-damage|p1a: Rillaboom|0 fnt\n|faint|p1a: Rillaboom\n|\n|t:|1700800862\n|switch|p2a: Greninja|Greninja, M|100\/100|[from] U-turn\n|\n|upkeep\n|\n|t:|1700800874\n|switch|p1a: Dragapult|Dragapult, F|100\/100\n|turn|9\n|\n|t:|1700800888\n|switch|p2a: Kingambit|Kingambit, F|100\/100\n|-activate|p2a: Kingambit|ability: Supreme Overlord\n|-start|p2a: Kingambit|fallen2|[silent]\n|move|p1a: Dragapult|Draco Meteor|p2a: Kingambit\n|-resisted|p2a: Kingambit\n|-damage|p2a: Kingambit|55\/100\n|-unboost|p1a: Dragapult|spa|2\n|\n|-heal|p2a: Kingambit|61\/100|[from] Grassy Terrain\n|-heal|p2a: Kingambit|67\/100|[from] item: Leftovers\n|upkeep\n|turn|10\n|\n|t:|1700800892\n|switch|p1a: Great Tusk|Great Tusk|100\/100\n|-end|p2a: Kingambit|fallen2|[silent]\n|switch|p2a: Greninja|Greninja, M|100\/100\n|\n|upkeep\n|turn|11\n|\n|t:|1700800907\n|-terastallize|p1a: Great Tusk|Steel\n|move|p2a: Greninja|Ice Beam|p1a: Great Tusk\n|-start|p2a: Greninja|typechange|Ice|[from] ability: Protean\n|-resisted|p1a: Great Tusk\n|-damage|p1a: Great Tusk|52\/100\n|move|p1a: Great Tusk|Headlong Rush|p2a: Greninja\n|-damage|p2a: Greninja|4\/100\n|-unboost|p1a: Great Tusk|def|1\n|-unboost|p1a: Great Tusk|spd|1\n|\n|-heal|p2a: Greninja|10\/100|[from] Grassy Terrain\n|-heal|p1a: Great Tusk|58\/100|[from] Grassy Terrain\n|-fieldend|move: Grassy Terrain\n|upkeep\n|turn|12\n|\n|t:|1700800917\n|move|p2a: Greninja|Ice Beam|p1a: Great Tusk\n|-resisted|p1a: Great Tusk\n|-damage|p1a: Great Tusk|0 fnt\n|faint|p1a: Great Tusk\n|-end|p1a: Great Tusk|Protosynthesis|[silent]\n|\n|upkeep\n|\n|t:|1700800927\n|switch|p1a: Greninja|Greninja, M|100\/100\n|turn|13\n|\n|t:|1700800946\n|switch|p2a: Ogerpon|Ogerpon-Wellspring, F|100\/100\n|move|p1a: Greninja|Dark Pulse|p2a: Ogerpon\n|-damage|p2a: Ogerpon|47\/100\n|-damage|p1a: Greninja|91\/100|[from] item: Life Orb\n|\n|upkeep\n|turn|14\n|\n|t:|1700800951\n|-terastallize|p2a: Ogerpon|Water\n|detailschange|p2a: Ogerpon|Ogerpon-Wellspring-Tera, F, tera:Water\n|-ability|p2a: Ogerpon|Embody Aspect (Wellspring)|boost\n|-boost|p2a: Ogerpon|spd|1\n|move|p1a: Greninja|Dark Pulse|p2a: Ogerpon\n|-damage|p2a: Ogerpon|11\/100\n|-damage|p1a: Greninja|81\/100|[from] item: Life Orb\n|move|p2a: Ogerpon|Horn Leech|p1a: Greninja\n|-supereffective|p1a: Greninja\n|-damage|p1a: Greninja|0 fnt\n|-heal|p2a: Ogerpon|49\/100|[from] drain|[of] p1a: Greninja\n|faint|p1a: Greninja\n|\n|upkeep\n|\n|t:|1700800963\n|switch|p1a: Dragapult|Dragapult, F|100\/100\n|turn|15\n|\n|t:|1700800969\n|switch|p2a: Kingambit|Kingambit, F|67\/100\n|-activate|p2a: Kingambit|ability: Supreme Overlord\n|-start|p2a: Kingambit|fallen2|[silent]\n|move|p1a: Dragapult|Draco Meteor|p2a: Kingambit\n|-resisted|p2a: Kingambit\n|-damage|p2a: Kingambit|22\/100\n|-unboost|p1a: Dragapult|spa|2\n|\n|-heal|p2a: Kingambit|28\/100|[from] item: Leftovers\n|upkeep\n|turn|16\n|\n|t:|1700800977\n|switch|p1a: Arcanine|Arcanine-Hisui, M|100\/100\n|move|p2a: Kingambit|Low Kick|p1a: Arcanine\n|-supereffective|p1a: Arcanine\n|-damage|p1a: Arcanine|0 fnt\n|faint|p1a: Arcanine\n|\n|-heal|p2a: Kingambit|34\/100|[from] item: Leftovers\n|upkeep\n|\n|t:|1700800983\n|switch|p1a: Iron Moth|Iron Moth|69\/100\n|turn|17\n|\n|t:|1700800990\n|move|p2a: Kingambit|Sucker Punch|p1a: Iron Moth\n|-damage|p1a: Iron Moth|3\/100\n|move|p1a: Iron Moth|Fiery Dance|p2a: Kingambit\n|-supereffective|p2a: Kingambit\n|-damage|p2a: Kingambit|0 fnt\n|-boost|p1a: Iron Moth|spa|1\n|faint|p2a: Kingambit\n|-end|p2a: Kingambit|fallen2|[silent]\n|\n|upkeep\n|\n|t:|1700801004\n|switch|p2a: Ogerpon|Ogerpon-Wellspring-Tera, F, tera:Water|49\/100\n|-ability|p2a: Ogerpon|Embody Aspect (Wellspring)|boost\n|-boost|p2a: Ogerpon|spd|1\n|turn|18\n|\n|t:|1700801008\n|move|p2a: Ogerpon|Horn Leech|p1a: Iron Moth\n|-resisted|p1a: Iron Moth\n|-damage|p1a: Iron Moth|0 fnt\n|-heal|p2a: Ogerpon|51\/100|[from] drain|[of] p1a: Iron Moth\n|faint|p1a: Iron Moth\n|-end|p1a: Iron Moth|Quark Drive|[silent]\n|\n|upkeep\n|\n|t:|1700801010\n|switch|p1a: Dragapult|Dragapult, F|100\/100\n|turn|19\n|\n|t:|1700801021\n|move|p1a: Dragapult|Shadow Ball|p2a: Ogerpon\n|-damage|p2a: Ogerpon|12\/100\n|move|p2a: Ogerpon|Knock Off|p1a: Dragapult\n|-supereffective|p1a: Dragapult\n|-damage|p1a: Dragapult|0 fnt\n|-enditem|p1a: Dragapult|Choice Specs|[from] move: Knock Off|[of] p2a: Ogerpon\n|faint|p1a: Dragapult\n|\n|win|PLLV51 leng\n|raw|Seleniaal's rating: 1551 &rarr; <strong>1540<\/strong><br \/>(-11 for losing)\n|raw|PLLV51 leng's rating: 1709 &rarr; <strong>1720<\/strong><br \/>(+11 for winning)\n|l|\u2606PLLV51 leng\n|l|\u2606Seleniaal\n","uploadtime":1700801033,"views":5,"p1id":"seleniaal","p2id":"pllv51leng","formatid":"gen9ou","rating":1540,"private":0,"password":""}