{"id":"gen9ou-1988879228","p1":"IFDCOACH","p2":"Rekka's Tails","format":"[Gen 9] OU","log":"|j|\u2606IFDCOACH\n|j|\u2606Rekka's Tails\n|t:|1699779709\n|gametype|singles\n|player|p1|IFDCOACH|worker|1125\n|player|p2|Rekka's Tails|lady-gen4|1205\n|teamsize|p1|6\n|teamsize|p2|6\n|gen|9\n|tier|[Gen 9] OU\n|rated|\n|rule|Sleep Clause Mod: Limit one foe put to sleep\n|rule|Species Clause: Limit one of each Pok\u00e9mon\n|rule|OHKO Clause: OHKO moves are banned\n|rule|Evasion Items Clause: Evasion items are banned\n|rule|Evasion Moves Clause: Evasion moves are banned\n|rule|Endless Battle Clause: Forcing endless battles is banned\n|rule|HP Percentage Mod: HP is shown in percentages\n|clearpoke\n|poke|p1|Meowscarada, F|\n|poke|p1|Thundurus-Therian, M|\n|poke|p1|Scizor, F|\n|poke|p1|Milotic, M|\n|poke|p1|Iron Valiant|\n|poke|p1|Slowking-Galar, F|\n|poke|p2|Pelipper, F|\n|poke|p2|Toxicroak, F|\n|poke|p2|Barraskewda, F|\n|poke|p2|Veluza, M|\n|poke|p2|Thundurus-Therian, M|\n|poke|p2|Quaquaval, M|\n|teampreview\n|\n|t:|1699779712\n|start\n|switch|p1a: Slowking|Slowking-Galar, F, shiny|100\/100\n|switch|p2a: Pelipper|Pelipper, F|100\/100\n|-weather|RainDance|[from] ability: Drizzle|[of] p2a: Pelipper\n|turn|1\n|inactive|Battle timer is ON: inactive players will automatically lose when time's up. (requested by IFDCOACH)\n|\n|t:|1699779718\n|move|p2a: Pelipper|U-turn|p1a: Slowking\n|-damage|p1a: Slowking|95\/100\n|-damage|p2a: Pelipper|84\/100|[from] item: Rocky Helmet|[of] p1a: Slowking\n|\n|t:|1699779725\n|switch|p2a: Thundurus|Thundurus-Therian, M|100\/100|[from] U-turn\n|move|p1a: Slowking|Chilly Reception|p1a: Slowking\n|-weather|Snow\n|\n|t:|1699779743\n|switch|p1a: Milotic|Milotic, M, shiny|100\/100|[from] Chilly Reception\n|\n|-weather|Snow|[upkeep]\n|upkeep\n|turn|2\n|\n|t:|1699779748\n|-terastallize|p1a: Milotic|Dragon\n|move|p2a: Thundurus|Thunder|p1a: Milotic\n|-resisted|p1a: Milotic\n|-damage|p1a: Milotic|77\/100\n|move|p1a: Milotic|Mirror Coat|p2a: Thundurus\n|-damage|p2a: Thundurus|38\/100\n|\n|-weather|Snow|[upkeep]\n|upkeep\n|turn|3\n|\n|t:|1699779758\n|switch|p2a: Toxicroak|Toxicroak, F, shiny|100\/100\n|move|p1a: Milotic|Dragon Tail|p2a: Toxicroak\n|-damage|p2a: Toxicroak|90\/100\n|drag|p2a: Thundurus|Thundurus-Therian, M|38\/100\n|\n|-weather|Snow|[upkeep]\n|upkeep\n|turn|4\n|\n|t:|1699779765\n|move|p2a: Thundurus|Sludge Bomb|p1a: Milotic\n|-crit|p1a: Milotic\n|-damage|p1a: Milotic|38\/100\n|move|p1a: Milotic|Dragon Tail|p2a: Thundurus\n|-damage|p2a: Thundurus|20\/100\n|drag|p2a: Toxicroak|Toxicroak, F, shiny|90\/100\n|\n|-weather|Snow|[upkeep]\n|-heal|p2a: Toxicroak|96\/100|[from] item: Leftovers\n|upkeep\n|turn|5\n|c|\u2606Rekka's Tails|well thats awkward\n|\n|t:|1699779782\n|switch|p1a: Slowking|Slowking-Galar, F, shiny|100\/100\n|move|p2a: Toxicroak|Knock Off|p1a: Slowking\n|-supereffective|p1a: Slowking\n|-damage|p1a: Slowking|65\/100\n|-damage|p2a: Toxicroak|79\/100|[from] item: Rocky Helmet|[of] p1a: Slowking\n|-enditem|p1a: Slowking|Rocky Helmet|[from] move: Knock Off|[of] p2a: Toxicroak\n|\n|-weather|none\n|-heal|p2a: Toxicroak|86\/100|[from] item: Leftovers\n|upkeep\n|turn|6\n|c|\u2606IFDCOACH|uhh\n|c|\u2606IFDCOACH|yeah\n|\n|t:|1699779791\n|switch|p2a: Thundurus|Thundurus-Therian, M|20\/100\n|move|p1a: Slowking|Thunder Wave|p2a: Thundurus\n|-heal|p2a: Thundurus|45\/100|[from] ability: Volt Absorb|[of] p1a: Slowking\n|\n|upkeep\n|turn|7\n|\n|t:|1699779799\n|move|p2a: Thundurus|Sludge Bomb|p1a: Slowking\n|-resisted|p1a: Slowking\n|-damage|p1a: Slowking|44\/100\n|move|p1a: Slowking|Chilly Reception|p1a: Slowking\n|-weather|Snow\n|\n|t:|1699779804\n|switch|p1a: Scizor|Scizor, F, shiny|100\/100|[from] Chilly Reception\n|\n|-weather|Snow|[upkeep]\n|upkeep\n|turn|8\n|\n|t:|1699779809\n|switch|p2a: Pelipper|Pelipper, F|84\/100\n|-weather|RainDance|[from] ability: Drizzle|[of] p2a: Pelipper\n|move|p1a: Scizor|Bullet Punch|p2a: Pelipper\n|-resisted|p2a: Pelipper\n|-damage|p2a: Pelipper|65\/100\n|\n|-weather|RainDance|[upkeep]\n|upkeep\n|turn|9\n|\n|t:|1699779823\n|switch|p1a: Slowking|Slowking-Galar, F, shiny|77\/100\n|move|p2a: Pelipper|U-turn|p1a: Slowking\n|-damage|p1a: Slowking|71\/100\n|\n|t:|1699779829\n|switch|p2a: Barraskewda|Barraskewda, F|100\/100|[from] U-turn\n|\n|-weather|RainDance|[upkeep]\n|upkeep\n|turn|10\n|\n|t:|1699779833\n|move|p2a: Barraskewda|Crunch|p1a: Slowking\n|-supereffective|p1a: Slowking\n|-damage|p1a: Slowking|11\/100\n|move|p1a: Slowking|Chilly Reception|p1a: Slowking\n|-weather|Snow\n|\n|t:|1699779839\n|switch|p1a: Thundurus|Thundurus-Therian, M, shiny|100\/100|[from] Chilly Reception\n|\n|-weather|Snow|[upkeep]\n|upkeep\n|turn|11\n|c|\u2606Rekka's Tails|damn thats bulky\n|\n|t:|1699779845\n|switch|p2a: Thundurus|Thundurus-Therian, M|45\/100\n|move|p1a: Thundurus|Tera Blast|p2a: Thundurus\n|-crit|p2a: Thundurus\n|-damage|p2a: Thundurus|0 fnt\n|faint|p2a: Thundurus\n|\n|-weather|Snow|[upkeep]\n|upkeep\n|\n|t:|1699779852\n|switch|p2a: Pelipper|Pelipper, F|65\/100\n|-weather|RainDance|[from] ability: Drizzle|[of] p2a: Pelipper\n|turn|12\n|\n|t:|1699779858\n|switch|p1a: Slowking|Slowking-Galar, F, shiny|45\/100\n|move|p2a: Pelipper|Hurricane|p1a: Slowking\n|-damage|p1a: Slowking|13\/100\n|\n|-weather|RainDance|[upkeep]\n|upkeep\n|turn|13\n|\n|t:|1699779865\n|switch|p1a: Milotic|Milotic, M, shiny, tera:Dragon|38\/100\n|move|p2a: Pelipper|Hurricane|p1a: Milotic\n|-damage|p1a: Milotic|20\/100\n|-start|p1a: Milotic|confusion\n|\n|-weather|RainDance|[upkeep]\n|upkeep\n|turn|14\n|\n|t:|1699779872\n|-activate|p1a: Milotic|confusion\n|move|p1a: Milotic|Recover|p1a: Milotic\n|-heal|p1a: Milotic|70\/100\n|move|p2a: Pelipper|U-turn|p1a: Milotic\n|-damage|p1a: Milotic|61\/100\n|\n|t:|1699779876\n|switch|p2a: Veluza|Veluza, M|100\/100|[from] U-turn\n|\n|-weather|RainDance|[upkeep]\n|upkeep\n|turn|15\n|\n|t:|1699779881\n|move|p2a: Veluza|Fillet Away|p2a: Veluza\n|-boost|p2a: Veluza|atk|2\n|-boost|p2a: Veluza|spa|2\n|-boost|p2a: Veluza|spe|2\n|-damage|p2a: Veluza|50\/100\n|-activate|p1a: Milotic|confusion\n|move|p1a: Milotic|Dragon Tail|p2a: Veluza\n|-damage|p2a: Veluza|33\/100\n|drag|p2a: Toxicroak|Toxicroak, F, shiny|86\/100\n|\n|-weather|RainDance|[upkeep]\n|-heal|p2a: Toxicroak|98\/100|[from] ability: Dry Skin\n|-heal|p2a: Toxicroak|100\/100|[from] item: Leftovers\n|upkeep\n|turn|16\n|\n|t:|1699779894\n|switch|p1a: Slowking|Slowking-Galar, F, shiny|46\/100\n|-terastallize|p2a: Toxicroak|Fairy\n|move|p2a: Toxicroak|Bulk Up|p2a: Toxicroak\n|-boost|p2a: Toxicroak|atk|1\n|-boost|p2a: Toxicroak|def|1\n|\n|-weather|RainDance|[upkeep]\n|upkeep\n|turn|17\n|\n|t:|1699779909\n|switch|p1a: Milotic|Milotic, M, shiny, tera:Dragon|61\/100\n|move|p2a: Toxicroak|Knock Off|p1a: Milotic\n|-damage|p1a: Milotic|25\/100\n|-enditem|p1a: Milotic|Heavy-Duty Boots|[from] move: Knock Off|[of] p2a: Toxicroak\n|\n|-weather|RainDance|[upkeep]\n|upkeep\n|turn|18\n|\n|t:|1699779916\n|move|p2a: Toxicroak|Gunk Shot|p1a: Milotic\n|-damage|p1a: Milotic|0 fnt\n|faint|p1a: Milotic\n|\n|-weather|RainDance|[upkeep]\n|upkeep\n|\n|t:|1699779922\n|switch|p1a: Slowking|Slowking-Galar, F, shiny|80\/100\n|turn|19\n|\n|t:|1699779929\n|move|p2a: Toxicroak|Knock Off|p1a: Slowking\n|-supereffective|p1a: Slowking\n|-damage|p1a: Slowking|47\/100\n|move|p1a: Slowking|Thunder Wave|p2a: Toxicroak\n|-status|p2a: Toxicroak|par\n|\n|-weather|none\n|upkeep\n|turn|20\n|\n|t:|1699779936\n|move|p2a: Toxicroak|Bulk Up|p2a: Toxicroak\n|-boost|p2a: Toxicroak|atk|1\n|-boost|p2a: Toxicroak|def|1\n|move|p1a: Slowking|Sludge Bomb|p2a: Toxicroak\n|-supereffective|p2a: Toxicroak\n|-damage|p2a: Toxicroak|11\/100 par\n|\n|-heal|p2a: Toxicroak|18\/100 par|[from] item: Leftovers\n|upkeep\n|turn|21\n|\n|t:|1699779943\n|move|p2a: Toxicroak|Knock Off|p1a: Slowking\n|-supereffective|p1a: Slowking\n|-damage|p1a: Slowking|5\/100\n|move|p1a: Slowking|Toxic Spikes|p2a: Toxicroak\n|-sidestart|p2: Rekka's Tails|move: Toxic Spikes\n|\n|-heal|p2a: Toxicroak|24\/100 par|[from] item: Leftovers\n|upkeep\n|turn|22\n|\n|t:|1699779955\n|switch|p2a: Pelipper|Pelipper, F|65\/100\n|-weather|RainDance|[from] ability: Drizzle|[of] p2a: Pelipper\n|switch|p1a: Iron Valiant|Iron Valiant, shiny|100\/100\n|-enditem|p1a: Iron Valiant|Booster Energy\n|-activate|p1a: Iron Valiant|ability: Quark Drive|[fromitem]\n|-start|p1a: Iron Valiant|quarkdrivespe\n|\n|-weather|RainDance|[upkeep]\n|upkeep\n|turn|23\n|\n|t:|1699779968\n|-end|p1a: Iron Valiant|Quark Drive|[silent]\n|switch|p1a: Slowking|Slowking-Galar, F, shiny|38\/100\n|switch|p2a: Toxicroak|Toxicroak, F, shiny, tera:Fairy|24\/100 par\n|\n|-weather|RainDance|[upkeep]\n|-heal|p2a: Toxicroak|36\/100 par|[from] ability: Dry Skin\n|-heal|p2a: Toxicroak|42\/100 par|[from] item: Leftovers\n|upkeep\n|turn|24\n|\n|t:|1699779978\n|move|p2a: Toxicroak|Knock Off|p1a: Slowking\n|-supereffective|p1a: Slowking\n|-damage|p1a: Slowking|13\/100\n|move|p1a: Slowking|Chilly Reception|p1a: Slowking\n|-weather|Snow\n|\n|t:|1699779988\n|switch|p1a: Thundurus|Thundurus-Therian, M, shiny|100\/100|[from] Chilly Reception\n|\n|-weather|Snow|[upkeep]\n|-heal|p2a: Toxicroak|49\/100 par|[from] item: Leftovers\n|upkeep\n|turn|25\n|\n|t:|1699779998\n|move|p1a: Thundurus|Volt Switch|p2a: Toxicroak\n|-crit|p2a: Toxicroak\n|-damage|p2a: Toxicroak|0 fnt\n|faint|p2a: Toxicroak\n|\n|t:|1699780003\n|switch|p1a: Slowking|Slowking-Galar, F, shiny|47\/100|[from] Volt Switch\n|\n|-weather|Snow|[upkeep]\n|upkeep\n|\n|t:|1699780009\n|switch|p2a: Veluza|Veluza, M|33\/100\n|-status|p2a: Veluza|psn\n|turn|26\n|\n|t:|1699780013\n|switch|p1a: Meowscarada|Meowscarada, F, shiny|100\/100\n|move|p2a: Veluza|Psycho Cut|p1a: Meowscarada\n|-immune|p1a: Meowscarada\n|\n|-weather|Snow|[upkeep]\n|-damage|p2a: Veluza|21\/100 psn|[from] psn\n|upkeep\n|-enditem|p2a: Veluza|Iapapa Berry|[eat]\n|-heal|p2a: Veluza|54\/100 psn|[from] item: Iapapa Berry\n|turn|27\n|\n|t:|1699780023\n|move|p1a: Meowscarada|U-turn|p2a: Veluza\n|-start|p1a: Meowscarada|typechange|Bug|[from] ability: Protean\n|-supereffective|p2a: Veluza\n|-damage|p2a: Veluza|0 fnt\n|faint|p2a: Veluza\n|\n|t:|1699780028\n|switch|p1a: Slowking|Slowking-Galar, F, shiny|80\/100|[from] U-turn\n|\n|-weather|Snow|[upkeep]\n|upkeep\n|\n|t:|1699780033\n|switch|p2a: Quaquaval|Quaquaval, M|100\/100\n|-status|p2a: Quaquaval|psn\n|turn|28\n|\n|t:|1699780041\n|move|p2a: Quaquaval|Aqua Step|p1a: Slowking\n|-damage|p1a: Slowking|52\/100\n|-boost|p2a: Quaquaval|spe|1\n|move|p1a: Slowking|Chilly Reception|p1a: Slowking\n|\n|t:|1699780047\n|switch|p1a: Thundurus|Thundurus-Therian, M, shiny|100\/100|[from] Chilly Reception\n|\n|-weather|none\n|-damage|p2a: Quaquaval|88\/100 psn|[from] psn\n|upkeep\n|turn|29\n|\n|t:|1699780056\n|move|p1a: Thundurus|Volt Switch|p2a: Quaquaval\n|-supereffective|p2a: Quaquaval\n|-damage|p2a: Quaquaval|0 fnt\n|faint|p2a: Quaquaval\n|\n|t:|1699780062\n|switch|p1a: Slowking|Slowking-Galar, F, shiny|85\/100|[from] Volt Switch\n|\n|upkeep\n|\n|t:|1699780066\n|switch|p2a: Pelipper|Pelipper, F|65\/100\n|-weather|RainDance|[from] ability: Drizzle|[of] p2a: Pelipper\n|turn|30\n|\n|t:|1699780071\n|move|p2a: Pelipper|Hurricane|p1a: Slowking\n|-damage|p1a: Slowking|57\/100\n|move|p1a: Slowking|Chilly Reception|p1a: Slowking\n|-weather|Snow\n|\n|t:|1699780077\n|switch|p1a: Thundurus|Thundurus-Therian, M, shiny|100\/100|[from] Chilly Reception\n|\n|-weather|Snow|[upkeep]\n|upkeep\n|turn|31\n|\n|t:|1699780081\n|move|p1a: Thundurus|Discharge|p2a: Pelipper\n|-supereffective|p2a: Pelipper\n|-damage|p2a: Pelipper|0 fnt\n|faint|p2a: Pelipper\n|\n|-weather|Snow|[upkeep]\n|upkeep\n|\n|t:|1699780084\n|switch|p2a: Barraskewda|Barraskewda, F|100\/100\n|-status|p2a: Barraskewda|psn\n|turn|32\n|\n|t:|1699780090\n|move|p1a: Thundurus|Discharge|p2a: Barraskewda\n|-supereffective|p2a: Barraskewda\n|-damage|p2a: Barraskewda|0 fnt\n|faint|p2a: Barraskewda\n|\n|win|IFDCOACH\n|raw|IFDCOACH's rating: 1125 &rarr; <strong>1156<\/strong><br \/>(+31 for winning)\n|raw|Rekka&apos;s Tails's rating: 1205 &rarr; <strong>1174<\/strong><br \/>(-31 for losing)\n|c|\u2606IFDCOACH|gg\n|c|\u2606Rekka's Tails|gg\n|l|\u2606Rekka's Tails\n","uploadtime":1699780360,"views":18,"p1id":"ifdcoach","p2id":"rekkastails","formatid":"gen9ou","rating":1156,"private":0,"password":""}