{"id":"gen9ou-1997825081","p1":"mosthated1","p2":"Rem0414","format":"[Gen 9] OU","log":"|j|\u2606mosthated1\n|j|\u2606Rem0414\n|t:|1700856745\n|gametype|singles\n|player|p1|mosthated1|hoopster|1054\n|player|p2|Rem0414|hilbert|1115\n|teamsize|p1|6\n|teamsize|p2|6\n|gen|9\n|tier|[Gen 9] OU\n|rated|\n|rule|Sleep Clause Mod: Limit one foe put to sleep\n|rule|Species Clause: Limit one of each Pok\u00e9mon\n|rule|OHKO Clause: OHKO moves are banned\n|rule|Evasion Items Clause: Evasion items are banned\n|rule|Evasion Moves Clause: Evasion moves are banned\n|rule|Endless Battle Clause: Forcing endless battles is banned\n|rule|HP Percentage Mod: HP is shown in percentages\n|clearpoke\n|poke|p1|Clodsire, F|\n|poke|p1|Quagsire, F|\n|poke|p1|Grimmsnarl, M|\n|poke|p1|Tropius, M|\n|poke|p1|Zoroark-Hisui, M|\n|poke|p1|Kommo-o, F|\n|poke|p2|Dragonite, M|\n|poke|p2|Iron Moth|\n|poke|p2|Clefable, F|\n|poke|p2|Iron Treads|\n|poke|p2|Ogerpon-Wellspring, F|\n|poke|p2|Iron Valiant|\n|teampreview\n|inactive|Battle timer is ON: inactive players will automatically lose when time's up. (requested by Rem0414)\n|\n|t:|1700856762\n|start\n|switch|p1a: Quagsire|Quagsire, F, shiny|100\/100\n|switch|p2a: Clefable|Clefable, F|100\/100\n|turn|1\n|\n|t:|1700856778\n|-terastallize|p1a: Quagsire|Ghost\n|move|p2a: Clefable|Wish|p2a: Clefable\n|move|p1a: Quagsire|Curse|p2a: Clefable\n|-start|p2a: Clefable|Curse|[of] p1a: Quagsire\n|-damage|p1a: Quagsire|50\/100\n|\n|-damage|p2a: Clefable|76\/100|[from] Curse\n|upkeep\n|turn|2\n|\n|t:|1700856795\n|move|p2a: Clefable|Protect|p2a: Clefable\n|-singleturn|p2a: Clefable|Protect\n|move|p1a: Quagsire|Recover|p1a: Quagsire\n|-heal|p1a: Quagsire|100\/100\n|\n|-heal|p2a: Clefable|100\/100|[from] move: Wish|[wisher] Clefable\n|-damage|p2a: Clefable|76\/100|[from] Curse\n|upkeep\n|turn|3\n|\n|t:|1700856804\n|move|p2a: Clefable|Wish|p2a: Clefable\n|move|p1a: Quagsire|Toxic|p2a: Clefable\n|-status|p2a: Clefable|tox\n|\n|-heal|p2a: Clefable|82\/100 tox|[from] item: Leftovers\n|-damage|p2a: Clefable|76\/100 tox|[from] psn\n|-damage|p2a: Clefable|51\/100 tox|[from] Curse\n|upkeep\n|turn|4\n|\n|t:|1700856817\n|switch|p2a: Ogerpon|Ogerpon-Wellspring, F|100\/100\n|switch|p1a: Grimmsnarl|Grimmsnarl, M, shiny|100\/100\n|\n|upkeep\n|turn|5\n|\n|t:|1700856827\n|move|p2a: Ogerpon|Spiky Shield|p2a: Ogerpon\n|-singleturn|p2a: Ogerpon|move: Protect\n|move|p1a: Grimmsnarl|Reflect|p1a: Grimmsnarl\n|-sidestart|p1: mosthated1|Reflect\n|\n|upkeep\n|turn|6\n|\n|t:|1700856838\n|move|p1a: Grimmsnarl|Parting Shot|p2a: Ogerpon\n|-unboost|p2a: Ogerpon|atk|1\n|-unboost|p2a: Ogerpon|spa|1\n|\n|t:|1700856841\n|switch|p1a: Quagsire|Quagsire, F, shiny, tera:Ghost|100\/100|[from] Parting Shot\n|move|p2a: Ogerpon|Ivy Cudgel|p1a: Quagsire|[anim] Ivy Cudgel Water\n|-damage|p1a: Quagsire|75\/100\n|\n|upkeep\n|turn|7\n|\n|t:|1700856851\n|move|p2a: Ogerpon|Horn Leech|p1a: Quagsire\n|-damage|p1a: Quagsire|55\/100\n|-damage|p2a: Ogerpon|84\/100|[from] item: Rocky Helmet|[of] p1a: Quagsire\n|move|p1a: Quagsire|Curse|p2a: Ogerpon\n|-start|p2a: Ogerpon|Curse|[of] p1a: Quagsire\n|-damage|p1a: Quagsire|5\/100\n|\n|-damage|p2a: Ogerpon|59\/100|[from] Curse\n|upkeep\n|turn|8\n|\n|t:|1700856872\n|switch|p1a: Tropius|Tropius, M|100\/100\n|move|p2a: Ogerpon|Knock Off|p1a: Tropius\n|-damage|p1a: Tropius|91\/100\n|-enditem|p1a: Tropius|Aguav Berry|[from] move: Knock Off|[of] p2a: Ogerpon\n|\n|-damage|p2a: Ogerpon|34\/100|[from] Curse\n|upkeep\n|turn|9\n|\n|t:|1700856887\n|switch|p2a: Iron Moth|Iron Moth|100\/100\n|move|p1a: Tropius|Substitute|p1a: Tropius\n|-start|p1a: Tropius|Substitute\n|-damage|p1a: Tropius|66\/100\n|\n|upkeep\n|turn|10\n|\n|t:|1700856905\n|move|p2a: Iron Moth|Fiery Dance|p1a: Tropius\n|-supereffective|p1a: Tropius\n|-end|p1a: Tropius|Substitute\n|move|p1a: Tropius|Leech Seed|p2a: Iron Moth\n|-start|p2a: Iron Moth|move: Leech Seed\n|\n|-damage|p2a: Iron Moth|88\/100|[from] Leech Seed|[of] p1a: Tropius\n|-heal|p1a: Tropius|76\/100|[silent]\n|upkeep\n|turn|11\n|inactive|Rem0414 has 120 seconds left.\n|\n|t:|1700856937\n|-end|p2a: Iron Moth|Quark Drive|[silent]\n|switch|p2a: Ogerpon|Ogerpon-Wellspring, F|34\/100\n|move|p1a: Tropius|Protect||[still]\n|-fail|p1a: Tropius\n|\n|upkeep\n|turn|12\n|inactive|Rem0414 has 120 seconds left.\n|\n|t:|1700856948\n|move|p2a: Ogerpon|Spiky Shield|p2a: Ogerpon\n|-singleturn|p2a: Ogerpon|move: Protect\n|move|p1a: Tropius|Leech Seed|p2a: Ogerpon\n|-activate|p2a: Ogerpon|move: Protect\n|\n|-sideend|p1: mosthated1|Reflect\n|upkeep\n|turn|13\n|\n|t:|1700856957\n|move|p2a: Ogerpon|Ivy Cudgel|p1a: Tropius|[anim] Ivy Cudgel Water\n|-resisted|p1a: Tropius\n|-damage|p1a: Tropius|56\/100\n|move|p1a: Tropius|Leech Seed|p2a: Ogerpon\n|-immune|p2a: Ogerpon\n|\n|upkeep\n|turn|14\n|\n|t:|1700856976\n|move|p2a: Ogerpon|Horn Leech|p1a: Tropius\n|-resisted|p1a: Tropius\n|-damage|p1a: Tropius|48\/100\n|-heal|p2a: Ogerpon|39\/100|[from] drain|[of] p1a: Tropius\n|move|p1a: Tropius|Synthesis|p1a: Tropius\n|-heal|p1a: Tropius|98\/100\n|\n|upkeep\n|turn|15\n|\n|t:|1700856986\n|switch|p1a: Grimmsnarl|Grimmsnarl, M, shiny|100\/100\n|move|p2a: Ogerpon|Horn Leech|p1a: Grimmsnarl\n|-damage|p1a: Grimmsnarl|51\/100\n|-heal|p2a: Ogerpon|72\/100|[from] drain|[of] p1a: Grimmsnarl\n|\n|upkeep\n|turn|16\n|\n|t:|1700856996\n|move|p1a: Grimmsnarl|Reflect|p1a: Grimmsnarl\n|-sidestart|p1: mosthated1|Reflect\n|move|p2a: Ogerpon|Ivy Cudgel|p1a: Grimmsnarl|[anim] Ivy Cudgel Water\n|-damage|p1a: Grimmsnarl|16\/100\n|\n|upkeep\n|turn|17\n|\n|t:|1700857004\n|switch|p2a: Iron Moth|Iron Moth|88\/100\n|move|p1a: Grimmsnarl|Parting Shot|p2a: Iron Moth\n|-unboost|p2a: Iron Moth|atk|1\n|-unboost|p2a: Iron Moth|spa|1\n|\n|t:|1700857009\n|switch|p1a: Clodsire|Clodsire, F|100\/100|[from] Parting Shot\n|\n|upkeep\n|turn|18\n|\n|t:|1700857022\n|-end|p2a: Iron Moth|Quark Drive|[silent]\n|switch|p2a: Dragonite|Dragonite, M|100\/100\n|move|p1a: Clodsire|Earthquake|p2a: Dragonite\n|-immune|p2a: Dragonite\n|\n|upkeep\n|turn|19\n|\n|t:|1700857034\n|switch|p2a: Clefable|Clefable, F|51\/100 tox\n|switch|p1a: Tropius|Tropius, M|98\/100\n|\n|-heal|p2a: Clefable|57\/100 tox|[from] item: Leftovers\n|-damage|p2a: Clefable|51\/100 tox|[from] psn\n|upkeep\n|turn|20\n|\n|t:|1700857051\n|switch|p1a: Quagsire|Quagsire, F, shiny, tera:Ghost|5\/100\n|move|p2a: Clefable|Moonblast|p1a: Quagsire\n|-damage|p1a: Quagsire|0 fnt\n|faint|p1a: Quagsire\n|\n|-heal|p2a: Clefable|57\/100 tox|[from] item: Leftovers\n|-damage|p2a: Clefable|45\/100 tox|[from] psn\n|upkeep\n|\n|t:|1700857060\n|switch|p1a: Kommo-o|Kommo-o, F|100\/100\n|turn|21\n|\n|t:|1700857066\n|move|p1a: Kommo-o|Nasty Plot|p1a: Kommo-o\n|-boost|p1a: Kommo-o|spa|2\n|move|p2a: Clefable|Moonblast|p1a: Kommo-o\n|-damage|p1a: Kommo-o|34\/100\n|replace|p1a: Zoroark|Zoroark-Hisui, M\n|-end|p1a: Zoroark|Illusion\n|\n|-heal|p2a: Clefable|51\/100 tox|[from] item: Leftovers\n|-damage|p2a: Clefable|32\/100 tox|[from] psn\n|upkeep\n|turn|22\n|\n|t:|1700857082\n|move|p1a: Zoroark|Hyper Voice|p2a: Clefable\n|-damage|p2a: Clefable|0 fnt\n|faint|p2a: Clefable\n|\n|upkeep\n|\n|t:|1700857091\n|switch|p2a: Iron Valiant|Iron Valiant, shiny|100\/100\n|-enditem|p2a: Iron Valiant|Booster Energy\n|-activate|p2a: Iron Valiant|ability: Quark Drive|[fromitem]\n|-start|p2a: Iron Valiant|quarkdrivespe\n|turn|23\n|\n|t:|1700857099\n|switch|p1a: Clodsire|Clodsire, F|100\/100\n|move|p2a: Iron Valiant|Calm Mind|p2a: Iron Valiant\n|-boost|p2a: Iron Valiant|spa|1\n|-boost|p2a: Iron Valiant|spd|1\n|\n|-sideend|p1: mosthated1|Reflect\n|upkeep\n|turn|24\n|\n|t:|1700857110\n|-terastallize|p2a: Iron Valiant|Psychic\n|move|p2a: Iron Valiant|Calm Mind|p2a: Iron Valiant\n|-boost|p2a: Iron Valiant|spa|1\n|-boost|p2a: Iron Valiant|spd|1\n|move|p1a: Clodsire|Iron Head|p2a: Iron Valiant\n|-damage|p2a: Iron Valiant|74\/100\n|\n|upkeep\n|turn|25\n|\n|t:|1700857121\n|move|p2a: Iron Valiant|Calm Mind|p2a: Iron Valiant\n|-boost|p2a: Iron Valiant|spa|1\n|-boost|p2a: Iron Valiant|spd|1\n|move|p1a: Clodsire|Megahorn|p2a: Iron Valiant\n|-supereffective|p2a: Iron Valiant\n|-damage|p2a: Iron Valiant|0 fnt\n|faint|p2a: Iron Valiant\n|-end|p2a: Iron Valiant|Quark Drive|[silent]\n|\n|upkeep\n|\n|t:|1700857132\n|switch|p2a: Ogerpon|Ogerpon-Wellspring, F|72\/100\n|turn|26\n|\n|t:|1700857142\n|switch|p1a: Grimmsnarl|Grimmsnarl, M, shiny|16\/100\n|move|p2a: Ogerpon|Ivy Cudgel|p1a: Grimmsnarl|[anim] Ivy Cudgel Water\n|-damage|p1a: Grimmsnarl|0 fnt\n|faint|p1a: Grimmsnarl\n|\n|upkeep\n|\n|t:|1700857148\n|switch|p1a: Kommo-o|Kommo-o, F|100\/100\n|turn|27\n|c|\u2606Rem0414|HOW THE FUCK DIES CLODSIRE GET MEGA HORN\n|\n|t:|1700857174\n|switch|p2a: Iron Treads|Iron Treads|100\/100\n|move|p1a: Kommo-o|Substitute|p1a: Kommo-o\n|-start|p1a: Kommo-o|Substitute\n|-damage|p1a: Kommo-o|75\/100\n|\n|upkeep\n|turn|28\n|c|\u2606mosthated1|calm down this is my LAWL team\n|\n|t:|1700857193\n|move|p1a: Kommo-o|Drain Punch|p2a: Iron Treads\n|-supereffective|p2a: Iron Treads\n|-damage|p2a: Iron Treads|70\/100\n|-heal|p1a: Kommo-o|95\/100|[from] drain|[of] p2a: Iron Treads\n|move|p2a: Iron Treads|Earthquake|p1a: Kommo-o\n|-end|p1a: Kommo-o|Substitute\n|\n|upkeep\n|turn|29\n|c|\u2606Rem0414|My bad what dies lawl mean\n|c|\u2606Rem0414|Does*\n|inactive|Rem0414 has 120 seconds left.\n|c|\u2606mosthated1|emphasis on lol\n|inactive|mosthated1 has 120 seconds left.\n|\n|t:|1700857226\n|move|p1a: Kommo-o|Substitute|p1a: Kommo-o\n|-start|p1a: Kommo-o|Substitute\n|-damage|p1a: Kommo-o|70\/100\n|move|p2a: Iron Treads|Earthquake|p1a: Kommo-o\n|-end|p1a: Kommo-o|Substitute\n|\n|upkeep\n|turn|30\n|inactive|mosthated1 has 120 seconds left.\n|inactive|Rem0414 has 120 seconds left.\n|c|\u2606Rem0414|Oh\n|\n|t:|1700857236\n|switch|p1a: Tropius|Tropius, M|98\/100\n|move|p2a: Iron Treads|Earthquake|p1a: Tropius\n|-immune|p1a: Tropius\n|\n|upkeep\n|turn|31\n|inactive|Rem0414 has 120 seconds left.\n|\n|t:|1700857243\n|move|p2a: Iron Treads|Iron Head|p1a: Tropius\n|-damage|p1a: Tropius|75\/100\n|move|p1a: Tropius|Substitute|p1a: Tropius\n|-start|p1a: Tropius|Substitute\n|-damage|p1a: Tropius|50\/100\n|\n|upkeep\n|turn|32\n|\n|t:|1700857251\n|move|p2a: Iron Treads|Iron Head|p1a: Tropius\n|-activate|p1a: Tropius|move: Substitute|[damage]\n|move|p1a: Tropius|Leech Seed|p2a: Iron Treads\n|-start|p2a: Iron Treads|move: Leech Seed\n|\n|-damage|p2a: Iron Treads|58\/100|[from] Leech Seed|[of] p1a: Tropius\n|-heal|p1a: Tropius|62\/100|[silent]\n|upkeep\n|turn|33\n|\n|t:|1700857263\n|move|p2a: Iron Treads|Iron Head|p1a: Tropius\n|-end|p1a: Tropius|Substitute\n|move|p1a: Tropius|Substitute|p1a: Tropius\n|-start|p1a: Tropius|Substitute\n|-damage|p1a: Tropius|37\/100\n|\n|-damage|p2a: Iron Treads|45\/100|[from] Leech Seed|[of] p1a: Tropius\n|-heal|p1a: Tropius|49\/100|[silent]\n|upkeep\n|turn|34\n|\n|t:|1700857275\n|move|p2a: Iron Treads|Iron Head|p1a: Tropius\n|-activate|p1a: Tropius|move: Substitute|[damage]\n|move|p1a: Tropius|Synthesis|p1a: Tropius\n|-heal|p1a: Tropius|99\/100\n|\n|-damage|p2a: Iron Treads|33\/100|[from] Leech Seed|[of] p1a: Tropius\n|-heal|p1a: Tropius|100\/100|[silent]\n|upkeep\n|turn|35\n|inactive|Rem0414 has 120 seconds left.\n|\n|t:|1700857297\n|move|p1a: Tropius|Protect|p1a: Tropius\n|-singleturn|p1a: Tropius|Protect\n|move|p2a: Iron Treads|Iron Head|p1a: Tropius\n|-activate|p1a: Tropius|move: Protect\n|\n|-damage|p2a: Iron Treads|20\/100|[from] Leech Seed|[of] p1a: Tropius\n|upkeep\n|turn|36\n|inactive|Rem0414 has 120 seconds left.\n|\n|t:|1700857307\n|move|p2a: Iron Treads|Iron Head|p1a: Tropius\n|-end|p1a: Tropius|Substitute\n|move|p1a: Tropius|Substitute|p1a: Tropius\n|-start|p1a: Tropius|Substitute\n|-damage|p1a: Tropius|76\/100\n|\n|-damage|p2a: Iron Treads|8\/100|[from] Leech Seed|[of] p1a: Tropius\n|-heal|p1a: Tropius|88\/100|[silent]\n|upkeep\n|turn|37\n|\n|t:|1700857317\n|move|p1a: Tropius|Protect|p1a: Tropius\n|-singleturn|p1a: Tropius|Protect\n|move|p2a: Iron Treads|Iron Head|p1a: Tropius\n|-activate|p1a: Tropius|move: Protect\n|\n|-damage|p2a: Iron Treads|0 fnt|[from] Leech Seed|[of] p1a: Tropius\n|-heal|p1a: Tropius|95\/100|[silent]\n|faint|p2a: Iron Treads\n|-end|p2a: Iron Treads|Quark Drive|[silent]\n|upkeep\n|inactive|Rem0414 has 120 seconds left.\n|c|\u2606mosthated1|lol\n|\n|t:|1700857352\n|switch|p2a: Ogerpon|Ogerpon-Wellspring, F|72\/100\n|turn|38\n|\n|t:|1700857359\n|switch|p1a: Kommo-o|Kommo-o, F|70\/100\n|move|p2a: Ogerpon|Ivy Cudgel|p1a: Kommo-o|[anim] Ivy Cudgel Water\n|-resisted|p1a: Kommo-o\n|-damage|p1a: Kommo-o|43\/100\n|-enditem|p1a: Kommo-o|Sitrus Berry|[eat]\n|-heal|p1a: Kommo-o|68\/100|[from] item: Sitrus Berry\n|\n|upkeep\n|turn|39\n|\n|t:|1700857372\n|move|p2a: Ogerpon|Ivy Cudgel|p1a: Kommo-o|[anim] Ivy Cudgel Water\n|-resisted|p1a: Kommo-o\n|-damage|p1a: Kommo-o|40\/100\n|move|p1a: Kommo-o|Belly Drum||[still]\n|-fail|p1a: Kommo-o\n|\n|upkeep\n|turn|40\n|-message|mosthated1 forfeited.\n|\n|win|Rem0414\n|raw|mosthated1's rating: 1054 &rarr; <strong>1039<\/strong><br \/>(-15 for losing)\n|raw|Rem0414's rating: 1115 &rarr; <strong>1136<\/strong><br \/>(+21 for winning)\n|l|\u2606mosthated1\n","uploadtime":1700857152,"views":2,"p1id":"mosthated1","p2id":"rem0414","formatid":"gen9ou","rating":1039,"private":0,"password":""}