{"id":"gen9ou-1989693978","p1":"Masterod","p2":"Reptile775","format":"[Gen 9] OU","log":"|j|\u2606Masterod\n|j|\u2606Reptile775\n|t:|1699887531\n|gametype|singles\n|player|p1|Masterod|leon|1185\n|player|p2|Reptile775|zinzolin|1253\n|teamsize|p1|6\n|teamsize|p2|6\n|gen|9\n|tier|[Gen 9] OU\n|rated|\n|rule|Sleep Clause Mod: Limit one foe put to sleep\n|rule|Species Clause: Limit one of each Pok\u00e9mon\n|rule|OHKO Clause: OHKO moves are banned\n|rule|Evasion Items Clause: Evasion items are banned\n|rule|Evasion Moves Clause: Evasion moves are banned\n|rule|Endless Battle Clause: Forcing endless battles is banned\n|rule|HP Percentage Mod: HP is shown in percentages\n|clearpoke\n|poke|p1|Grafaiai, F|\n|poke|p1|Gholdengo|\n|poke|p1|Landorus-Therian, M|\n|poke|p1|Walking Wake|\n|poke|p1|Clefable, F|\n|poke|p1|Cinderace, F|\n|poke|p2|Dragapult, F|\n|poke|p2|Kingambit, F|\n|poke|p2|Cinderace, M|\n|poke|p2|Ogerpon-Cornerstone, F|\n|poke|p2|Clefable, M|\n|poke|p2|Alomomola, M|\n|teampreview\n|\n|t:|1699887538\n|start\n|switch|p1a: VGC nightmare|Landorus-Therian, M|100\/100\n|switch|p2a: Dragapult|Dragapult, F, shiny|100\/100\n|-ability|p1a: VGC nightmare|Intimidate|boost\n|-unboost|p2a: Dragapult|atk|1\n|turn|1\n|\n|t:|1699887547\n|move|p2a: Dragapult|Reflect|p2a: Dragapult\n|-sidestart|p2: Reptile775|Reflect\n|move|p1a: VGC nightmare|Stealth Rock|p2a: Dragapult\n|-sidestart|p2: Reptile775|move: Stealth Rock\n|\n|upkeep\n|turn|2\n|\n|t:|1699887551\n|move|p2a: Dragapult|Light Screen|p2a: Dragapult\n|-sidestart|p2: Reptile775|move: Light Screen\n|move|p1a: VGC nightmare|U-turn|p2a: Dragapult\n|-resisted|p2a: Dragapult\n|-damage|p2a: Dragapult|93\/100\n|\n|t:|1699887556\n|switch|p1a: Danna Paola|Clefable, F|100\/100|[from] U-turn\n|\n|upkeep\n|turn|3\n|\n|t:|1699887561\n|switch|p2a: Clefable|Clefable, M|100\/100\n|-damage|p2a: Clefable|88\/100|[from] Stealth Rock\n|move|p1a: Danna Paola|Thunder Wave|p2a: Clefable\n|-status|p2a: Clefable|par\n|\n|-heal|p2a: Clefable|94\/100 par|[from] item: Leftovers\n|upkeep\n|turn|4\n|\n|t:|1699887569\n|switch|p1a: Goldie|Gholdengo|100\/100\n|move|p2a: Clefable|Stealth Rock|p1a: Goldie\n|-sidestart|p1: Masterod|move: Stealth Rock\n|\n|-heal|p2a: Clefable|99\/100 par|[from] item: Leftovers\n|upkeep\n|turn|5\n|\n|t:|1699887578\n|-terastallize|p1a: Goldie|Steel\n|move|p1a: Goldie|Make It Rain|p2a: Clefable\n|-supereffective|p2a: Clefable\n|-damage|p2a: Clefable|41\/100 par\n|-unboost|p1a: Goldie|spa|1\n|move|p2a: Clefable|Shadow Ball|p1a: Goldie\n|-damage|p1a: Goldie|77\/100\n|\n|-heal|p2a: Clefable|47\/100 par|[from] item: Leftovers\n|upkeep\n|turn|6\n|\n|t:|1699887591\n|switch|p2a: Kingambit|Kingambit, F|100\/100\n|-damage|p2a: Kingambit|94\/100|[from] Stealth Rock\n|move|p1a: Goldie|Make It Rain|p2a: Kingambit\n|-resisted|p2a: Kingambit\n|-damage|p2a: Kingambit|80\/100\n|-unboost|p1a: Goldie|spa|1\n|\n|upkeep\n|turn|7\n|\n|t:|1699887601\n|switch|p1a: VGC nightmare|Landorus-Therian, M|100\/100\n|-damage|p1a: VGC nightmare|88\/100|[from] Stealth Rock\n|-ability|p1a: VGC nightmare|Intimidate|boost\n|-unboost|p2a: Kingambit|atk|1\n|move|p2a: Kingambit|Swords Dance|p2a: Kingambit\n|-boost|p2a: Kingambit|atk|2\n|\n|upkeep\n|turn|8\n|\n|t:|1699887609\n|-terastallize|p2a: Kingambit|Fairy\n|move|p1a: VGC nightmare|Stomping Tantrum|p2a: Kingambit\n|-crit|p2a: Kingambit\n|-damage|p2a: Kingambit|36\/100\n|move|p2a: Kingambit|Kowtow Cleave|p1a: VGC nightmare\n|-damage|p1a: VGC nightmare|1\/100\n|\n|-sideend|p2: Reptile775|Reflect\n|upkeep\n|turn|9\n|\n|t:|1699887618\n|move|p2a: Kingambit|Sucker Punch|p1a: VGC nightmare\n|-damage|p1a: VGC nightmare|0 fnt\n|faint|p1a: VGC nightmare\n|\n|-sideend|p2: Reptile775|move: Light Screen\n|upkeep\n|\n|t:|1699887623\n|switch|p1a: Azulong|Walking Wake|100\/100\n|-damage|p1a: Azulong|88\/100|[from] Stealth Rock\n|-enditem|p1a: Azulong|Booster Energy\n|-activate|p1a: Azulong|ability: Protosynthesis|[fromitem]\n|-start|p1a: Azulong|protosynthesisspa\n|turn|10\n|\n|t:|1699887630\n|move|p2a: Kingambit|Sucker Punch|p1a: Azulong\n|-damage|p1a: Azulong|18\/100\n|move|p1a: Azulong|Flamethrower|p2a: Kingambit\n|-damage|p2a: Kingambit|0 fnt\n|faint|p2a: Kingambit\n|-end|p2a: Kingambit|fallenundefined|[silent]\n|\n|upkeep\n|\n|t:|1699887635\n|switch|p2a: Dragapult|Dragapult, F, shiny|93\/100\n|-damage|p2a: Dragapult|81\/100|[from] Stealth Rock\n|turn|11\n|\n|t:|1699887640\n|-end|p1a: Azulong|Protosynthesis|[silent]\n|switch|p1a: Danna Paola|Clefable, F|100\/100\n|move|p2a: Dragapult|Light Screen|p2a: Dragapult\n|-sidestart|p2: Reptile775|move: Light Screen\n|\n|upkeep\n|turn|12\n|\n|t:|1699887645\n|move|p2a: Dragapult|Reflect|p2a: Dragapult\n|-sidestart|p2: Reptile775|Reflect\n|move|p1a: Danna Paola|Thunder Wave|p2a: Dragapult\n|-status|p2a: Dragapult|par\n|\n|upkeep\n|turn|13\n|\n|t:|1699887658\n|switch|p2a: Clefable|Clefable, M|47\/100 par\n|-damage|p2a: Clefable|35\/100 par|[from] Stealth Rock\n|move|p1a: Danna Paola|Play Rough|p2a: Clefable\n|-damage|p2a: Clefable|21\/100 par\n|\n|-heal|p2a: Clefable|27\/100 par|[from] item: Leftovers\n|upkeep\n|turn|14\n|\n|t:|1699887667\n|move|p1a: Danna Paola|Encore||[still]\n|-fail|p1a: Danna Paola\n|move|p2a: Clefable|Thunder Wave|p1a: Danna Paola\n|-status|p1a: Danna Paola|par\n|\n|-heal|p2a: Clefable|33\/100 par|[from] item: Leftovers\n|upkeep\n|turn|15\n|\n|t:|1699887674\n|switch|p1a: Maurice|Grafaiai, F|100\/100\n|-damage|p1a: Maurice|88\/100|[from] Stealth Rock\n|move|p2a: Clefable|Shadow Ball|p1a: Maurice\n|-immune|p1a: Maurice\n|\n|-heal|p2a: Clefable|39\/100 par|[from] item: Leftovers\n|upkeep\n|turn|16\n|\n|t:|1699887683\n|move|p1a: Maurice|Swagger|p2a: Clefable\n|-boost|p2a: Clefable|atk|2\n|-enditem|p1a: Maurice|Mirror Herb\n|-boost|p1a: Maurice|atk|2|[from] item: Mirror Herb\n|-start|p2a: Clefable|confusion\n|-activate|p2a: Clefable|confusion\n|-damage|p2a: Clefable|27\/100 par|[from] confusion\n|\n|-heal|p2a: Clefable|33\/100 par|[from] item: Leftovers\n|upkeep\n|turn|17\n|\n|t:|1699887692\n|move|p1a: Maurice|Acrobatics|p2a: Clefable\n|-damage|p2a: Clefable|14\/100 par\n|-end|p2a: Clefable|confusion\n|move|p2a: Clefable|Thunder Wave|p1a: Maurice\n|-status|p1a: Maurice|par\n|\n|-heal|p2a: Clefable|20\/100 par|[from] item: Leftovers\n|upkeep\n|turn|18\n|\n|t:|1699887700\n|move|p1a: Maurice|Acrobatics|p2a: Clefable\n|-damage|p2a: Clefable|3\/100 par\n|move|p2a: Clefable|Dazzling Gleam|p1a: Maurice\n|-resisted|p1a: Maurice\n|-damage|p1a: Maurice|62\/100 par\n|\n|-heal|p2a: Clefable|9\/100 par|[from] item: Leftovers\n|-sideend|p2: Reptile775|move: Light Screen\n|upkeep\n|turn|19\n|\n|t:|1699887708\n|move|p1a: Maurice|Poison Jab|p2a: Clefable\n|-supereffective|p2a: Clefable\n|-damage|p2a: Clefable|0 fnt\n|faint|p2a: Clefable\n|\n|-sideend|p2: Reptile775|Reflect\n|upkeep\n|\n|t:|1699887725\n|switch|p2a: Cinderace|Cinderace, M|100\/100\n|-damage|p2a: Cinderace|76\/100|[from] Stealth Rock\n|turn|20\n|\n|t:|1699887731\n|move|p2a: Cinderace|Pyro Ball|p1a: Maurice\n|-damage|p1a: Maurice|0 fnt\n|faint|p1a: Maurice\n|\n|upkeep\n|\n|t:|1699887735\n|switch|p1a: Canelita|Cinderace, F|100\/100\n|-damage|p1a: Canelita|76\/100|[from] Stealth Rock\n|turn|21\n|\n|t:|1699887740\n|move|p1a: Canelita|Pyro Ball|p2a: Cinderace\n|-resisted|p2a: Cinderace\n|-damage|p2a: Cinderace|26\/100\n|-damage|p1a: Canelita|66\/100|[from] item: Life Orb\n|move|p2a: Cinderace|Gunk Shot|p1a: Canelita|[miss]\n|-start|p2a: Cinderace|typechange|Poison|[from] ability: Libero\n|-miss|p2a: Cinderace|p1a: Canelita\n|\n|upkeep\n|turn|22\n|\n|t:|1699887749\n|move|p1a: Canelita|Pyro Ball|p2a: Cinderace\n|-crit|p2a: Cinderace\n|-damage|p2a: Cinderace|0 fnt\n|faint|p2a: Cinderace\n|-damage|p1a: Canelita|56\/100|[from] item: Life Orb\n|\n|upkeep\n|\n|t:|1699887753\n|switch|p2a: Dragapult|Dragapult, F, shiny|81\/100 par\n|-damage|p2a: Dragapult|69\/100 par|[from] Stealth Rock\n|turn|23\n|\n|t:|1699887758\n|move|p1a: Canelita|U-turn|p2a: Dragapult\n|-start|p1a: Canelita|typechange|Bug|[from] ability: Libero\n|-resisted|p2a: Dragapult\n|-damage|p2a: Dragapult|44\/100 par\n|-damage|p1a: Canelita|46\/100|[from] item: Life Orb\n|\n|t:|1699887764\n|switch|p1a: Goldie|Gholdengo, tera:Steel|77\/100|[from] U-turn\n|-damage|p1a: Goldie|71\/100|[from] Stealth Rock\n|move|p2a: Dragapult|Reflect|p2a: Dragapult\n|-sidestart|p2: Reptile775|Reflect\n|\n|upkeep\n|turn|24\n|\n|t:|1699887771\n|move|p1a: Goldie|Shadow Ball|p2a: Dragapult\n|-supereffective|p2a: Dragapult\n|-damage|p2a: Dragapult|0 fnt\n|faint|p2a: Dragapult\n|\n|upkeep\n|\n|t:|1699887777\n|switch|p2a: Ogerpon|Ogerpon-Cornerstone, F|100\/100\n|-damage|p2a: Ogerpon|88\/100|[from] Stealth Rock\n|turn|25\n|\n|t:|1699887787\n|move|p1a: Goldie|Shadow Ball|p2a: Ogerpon\n|-damage|p2a: Ogerpon|37\/100\n|move|p2a: Ogerpon|Swords Dance|p2a: Ogerpon\n|-boost|p2a: Ogerpon|atk|2\n|\n|upkeep\n|turn|26\n|\n|t:|1699887793\n|move|p1a: Goldie|Shadow Ball|p2a: Ogerpon\n|-damage|p2a: Ogerpon|0 fnt\n|faint|p2a: Ogerpon\n|\n|upkeep\n|\n|t:|1699887796\n|switch|p2a: Alomomola|Alomomola, M|100\/100\n|-damage|p2a: Alomomola|88\/100|[from] Stealth Rock\n|turn|27\n|-message|Reptile775 forfeited.\n|\n|win|Masterod\n|raw|Masterod's rating: 1185 &rarr; <strong>1215<\/strong><br \/>(+30 for winning)\n|raw|Reptile775's rating: 1253 &rarr; <strong>1223<\/strong><br \/>(-30 for losing)\n|l|\u2606Reptile775\n","uploadtime":1699887806,"views":6,"p1id":"masterod","p2id":"reptile775","formatid":"gen9ou","rating":1215,"private":0,"password":""}