{"id":"gen9ou-1989468455","p1":"snurke","p2":"wolkicake","format":"[Gen 9] OU","log":"|j|\u2606snurke\n|j|\u2606wolkicake\n|t:|1699855305\n|gametype|singles\n|player|p1|snurke|sisandbro|1560\n|player|p2|wolkicake|lucas|1671\n|teamsize|p1|6\n|teamsize|p2|6\n|gen|9\n|tier|[Gen 9] OU\n|rated|\n|rule|Sleep Clause Mod: Limit one foe put to sleep\n|rule|Species Clause: Limit one of each Pok\u00e9mon\n|rule|OHKO Clause: OHKO moves are banned\n|rule|Evasion Items Clause: Evasion items are banned\n|rule|Evasion Moves Clause: Evasion moves are banned\n|rule|Endless Battle Clause: Forcing endless battles is banned\n|rule|HP Percentage Mod: HP is shown in percentages\n|clearpoke\n|poke|p1|Great Tusk|\n|poke|p1|Zapdos|\n|poke|p1|Sneasler, F|\n|poke|p1|Heatran, F|\n|poke|p1|Jirachi|\n|poke|p1|Samurott-Hisui, F|\n|poke|p2|Ribombee, F|\n|poke|p2|Cinderace, F|\n|poke|p2|Manaphy|\n|poke|p2|Gholdengo|\n|poke|p2|Iron Valiant|\n|poke|p2|Landorus-Therian, M|\n|teampreview\n|inactive|Battle timer is ON: inactive players will automatically lose when time's up. (requested by wolkicake)\n|j| encostoo\n|\n|t:|1699855327\n|start\n|switch|p1a: Zapdos|Zapdos, shiny|100\/100\n|switch|p2a: Landorus|Landorus-Therian, M|100\/100\n|-ability|p2a: Landorus|Intimidate|boost\n|-unboost|p1a: Zapdos|atk|1\n|turn|1\n|l| encostoo\n|\n|t:|1699855331\n|move|p1a: Zapdos|Hurricane|p2a: Landorus\n|-damage|p2a: Landorus|30\/100\n|-start|p2a: Landorus|confusion\n|-activate|p2a: Landorus|confusion\n|move|p2a: Landorus|Stealth Rock|p1a: Zapdos\n|-sidestart|p1: snurke|move: Stealth Rock\n|\n|upkeep\n|turn|2\n|\n|t:|1699855339\n|switch|p2a: Cinderace|Cinderace, F|100\/100\n|move|p1a: Zapdos|Hurricane|p2a: Cinderace\n|-damage|p2a: Cinderace|21\/100\n|\n|upkeep\n|turn|3\n|\n|t:|1699855344\n|move|p2a: Cinderace|Pyro Ball|p1a: Zapdos\n|-damage|p1a: Zapdos|31\/100\n|move|p1a: Zapdos|Volt Switch|p2a: Cinderace\n|-damage|p2a: Cinderace|0 fnt\n|faint|p2a: Cinderace\n|inactive|snurke has 120 seconds left.\n|\n|t:|1699855374\n|switch|p1a: Jirachi|Jirachi, shiny|100\/100|[from] Volt Switch\n|-damage|p1a: Jirachi|94\/100|[from] Stealth Rock\n|\n|-heal|p1a: Jirachi|100\/100|[from] item: Leftovers\n|upkeep\n|\n|t:|1699855392\n|switch|p2a: Manaphy|Manaphy|100\/100\n|turn|4\n|\n|t:|1699855405\n|move|p2a: Manaphy|Tail Glow|p2a: Manaphy\n|-boost|p2a: Manaphy|spa|3\n|move|p1a: Jirachi|Wish|p1a: Jirachi\n|\n|upkeep\n|turn|5\n|\n|t:|1699855409\n|move|p2a: Manaphy|Surf|p1a: Jirachi\n|-damage|p1a: Jirachi|45\/100\n|move|p1a: Jirachi|U-turn|p2a: Manaphy\n|-damage|p2a: Manaphy|86\/100\n|\n|t:|1699855414\n|switch|p1a: Zapdos|Zapdos, shiny|31\/100|[from] U-turn\n|\n|-heal|p1a: Zapdos|94\/100|[from] move: Wish|[wisher] Jirachi\n|-heal|p2a: Manaphy|92\/100|[from] item: Leftovers\n|upkeep\n|turn|6\n|\n|t:|1699855424\n|move|p1a: Zapdos|Thunderbolt|p2a: Manaphy\n|-supereffective|p2a: Manaphy\n|-damage|p2a: Manaphy|6\/100\n|move|p2a: Manaphy|Ice Beam|p1a: Zapdos\n|-supereffective|p1a: Zapdos\n|-damage|p1a: Zapdos|0 fnt\n|faint|p1a: Zapdos\n|\n|-heal|p2a: Manaphy|12\/100|[from] item: Leftovers\n|upkeep\n|\n|t:|1699855428\n|switch|p1a: Sneasler|Sneasler, F, shiny|100\/100\n|-damage|p1a: Sneasler|95\/100|[from] Stealth Rock\n|turn|7\n|\n|t:|1699855435\n|switch|p2a: Landorus|Landorus-Therian, M|30\/100\n|-ability|p2a: Landorus|Intimidate|boost\n|-unboost|p1a: Sneasler|atk|1\n|move|p1a: Sneasler|U-turn|p2a: Landorus\n|-resisted|p2a: Landorus\n|-damage|p2a: Landorus|23\/100\n|-status|p2a: Landorus|psn|[from] ability: Poison Touch|[of] p1a: Sneasler\n|\n|t:|1699855440\n|switch|p1a: Great Tusk|Great Tusk|100\/100|[from] U-turn\n|\n|-damage|p2a: Landorus|11\/100 psn|[from] psn\n|upkeep\n|turn|8\n|\n|t:|1699855446\n|move|p1a: Great Tusk|Rapid Spin|p2a: Landorus\n|-damage|p2a: Landorus|0 fnt\n|-boost|p1a: Great Tusk|spe|1\n|-damage|p1a: Great Tusk|84\/100|[from] item: Rocky Helmet|[of] p2a: Landorus\n|-sideend|p1: snurke|Stealth Rock|[from] move: Rapid Spin|[of] p1a: Great Tusk\n|faint|p2a: Landorus\n|\n|upkeep\n|\n|t:|1699855450\n|switch|p2a: Iron Valiant|Iron Valiant|100\/100\n|-enditem|p2a: Iron Valiant|Booster Energy\n|-activate|p2a: Iron Valiant|ability: Quark Drive|[fromitem]\n|-start|p2a: Iron Valiant|quarkdrivespe\n|turn|9\n|\n|t:|1699855456\n|-end|p1a: Great Tusk|Protosynthesis|[silent]\n|switch|p1a: Heatran|Heatran, F, shiny|100\/100\n|move|p2a: Iron Valiant|Swords Dance|p2a: Iron Valiant\n|-boost|p2a: Iron Valiant|atk|2\n|\n|upkeep\n|turn|10\n|\n|t:|1699855470\n|move|p2a: Iron Valiant|Close Combat|p1a: Heatran\n|-supereffective|p1a: Heatran\n|-damage|p1a: Heatran|0 fnt\n|-unboost|p2a: Iron Valiant|def|1\n|-unboost|p2a: Iron Valiant|spd|1\n|faint|p1a: Heatran\n|\n|upkeep\n|\n|t:|1699855474\n|switch|p1a: Sneasler|Sneasler, F, shiny|95\/100\n|turn|11\n|\n|t:|1699855484\n|-terastallize|p2a: Iron Valiant|Steel\n|move|p1a: Sneasler|Fake Out|p2a: Iron Valiant\n|-resisted|p2a: Iron Valiant\n|-damage|p2a: Iron Valiant|87\/100\n|cant|p2a: Iron Valiant|flinch\n|\n|upkeep\n|turn|12\n|\n|t:|1699855498\n|switch|p1a: Jirachi|Jirachi, shiny|45\/100\n|move|p2a: Iron Valiant|Close Combat|p1a: Jirachi\n|-damage|p1a: Jirachi|0 fnt\n|-unboost|p2a: Iron Valiant|def|1\n|-unboost|p2a: Iron Valiant|spd|1\n|faint|p1a: Jirachi\n|\n|upkeep\n|\n|t:|1699855512\n|switch|p1a: Great Tusk|Great Tusk|84\/100\n|turn|13\n|\n|t:|1699855518\n|move|p2a: Iron Valiant|Moonblast|p1a: Great Tusk\n|-supereffective|p1a: Great Tusk\n|-damage|p1a: Great Tusk|0 fnt\n|faint|p1a: Great Tusk\n|-end|p1a: Great Tusk|Protosynthesis|[silent]\n|\n|upkeep\n|\n|t:|1699855520\n|switch|p1a: Sneasler|Sneasler, F, shiny|95\/100\n|turn|14\n|\n|t:|1699855523\n|move|p1a: Sneasler|Fake Out|p2a: Iron Valiant\n|-resisted|p2a: Iron Valiant\n|-damage|p2a: Iron Valiant|70\/100\n|cant|p2a: Iron Valiant|flinch\n|\n|upkeep\n|turn|15\n|\n|t:|1699855530\n|move|p2a: Iron Valiant|Close Combat|p1a: Sneasler\n|-resisted|p1a: Sneasler\n|-damage|p1a: Sneasler|0 fnt\n|-unboost|p2a: Iron Valiant|def|1\n|-unboost|p2a: Iron Valiant|spd|1\n|faint|p1a: Sneasler\n|\n|upkeep\n|\n|t:|1699855532\n|switch|p1a: Samurott|Samurott-Hisui, F, shiny|100\/100\n|turn|16\n|\n|t:|1699855535\n|-end|p2a: Iron Valiant|Quark Drive|[silent]\n|switch|p2a: Manaphy|Manaphy|12\/100\n|move|p1a: Samurott|Razor Shell|p2a: Manaphy\n|-resisted|p2a: Manaphy\n|-damage|p2a: Manaphy|0 fnt\n|faint|p2a: Manaphy\n|\n|upkeep\n|\n|t:|1699855537\n|switch|p2a: Ribombee|Ribombee, F|100\/100\n|turn|17\n|\n|t:|1699855540\n|move|p1a: Samurott|Razor Shell|p2a: Ribombee\n|-crit|p2a: Ribombee\n|-damage|p2a: Ribombee|0 fnt\n|faint|p2a: Ribombee\n|\n|upkeep\n|c|\u2606wolkicake|lol\n|c|\u2606wolkicake|for sure bro\n|\n|t:|1699855547\n|switch|p2a: Gholdengo|Gholdengo|100\/100\n|-item|p2a: Gholdengo|Air Balloon\n|turn|18\n|\n|t:|1699855552\n|move|p1a: Samurott|Razor Shell|p2a: Gholdengo\n|-damage|p2a: Gholdengo|43\/100\n|-enditem|p2a: Gholdengo|Air Balloon\n|move|p2a: Gholdengo|Dazzling Gleam|p1a: Samurott\n|-supereffective|p1a: Samurott\n|-damage|p1a: Samurott|18\/100\n|\n|upkeep\n|turn|19\n|\n|t:|1699855557\n|move|p1a: Samurott|Razor Shell|p2a: Gholdengo\n|-damage|p2a: Gholdengo|0 fnt\n|faint|p2a: Gholdengo\n|\n|upkeep\n|\n|t:|1699855559\n|switch|p2a: Iron Valiant|Iron Valiant, tera:Steel|70\/100\n|turn|20\n|\n|t:|1699855566\n|move|p1a: Samurott|Razor Shell|p2a: Iron Valiant\n|-damage|p2a: Iron Valiant|0 fnt\n|faint|p2a: Iron Valiant\n|-end|p2a: Iron Valiant|Quark Drive|[silent]\n|\n|win|snurke\n|raw|snurke's rating: 1560 &rarr; <strong>1586<\/strong><br \/>(+26 for winning)\n|raw|wolkicake's rating: 1671 &rarr; <strong>1645<\/strong><br \/>(-26 for losing)\n|c|\u2606snurke|thanks?\n|c|\u2606wolkicake|lol\n|c|\u2606wolkicake|imagine saying thanks after lucking\n|c|\u2606wolkicake|thats crazy\n|c|\u2606snurke|because i killed ribombeee?\n|c|\u2606snurke|that thing was toast\n|c|\u2606snurke|why you switched out ill never know\n|c|\u2606wolkicake|u dont\n|c|\u2606wolkicake|btw\n|c|\u2606wolkicake|ur scarf\n|c|\u2606wolkicake|i eat\n|c|\u2606wolkicake|takes 5 seconds to calc bro\n|c|\u2606snurke|but why did you switch out\n|c|\u2606wolkicake|and i switched bcuz no one uses scarf and sucker is more common so if ur sucker i lose\n|c|\u2606snurke|champ\n|c|\u2606wolkicake|not really hard to comprehend\n|c|\u2606snurke|but if i had prio\n|c|\u2606snurke|dont you think i woulda gone into it earlier?\n|c|\u2606wolkicake|u dont kill\n|c|\u2606wolkicake|witht he drops i had\n|c|\u2606wolkicake|until after second cc\n|c|\u2606wolkicake|like i said dude\n|c|\u2606snurke|realy tho?\n|c|\u2606wolkicake|takes 5 secvond sto open a calc\n|c|\u2606wolkicake|5 seconds to open*\n|c|\u2606snurke|its okay bud\n|c|\u2606snurke|you'll make it to 1800 one day\n|c|\u2606wolkicake|ive peaked at 1\n|c|\u2606wolkicake|like dozens of times\n|c|\u2606wolkicake|nice try tho\n|c|\u2606snurke|if you peaked at 1 why you yappin?\n|c|\u2606wolkicake|always amazes me how its the people who luck who also talk the most\n|c|\u2606snurke|anyone who plays more than nothing probably isnt a sensitive little b\n|c|\u2606snurke|I didnt say anything?\n|c|\u2606snurke|lol\n|c|\u2606snurke|i said thanks\n|c|\u2606wolkicake|u said thanks and then proceeded to act like u killed ribombee\n|c|\u2606wolkicake|when u didnt\n|c|\u2606wolkicake|u do 88 max and i can stun spore and u lose the game\n|c|\u2606wolkicake|but for sure bro\n|c|\u2606wolkicake|u got it\n|l|\u2606wolkicake\n|c|\u2606snurke|i got lucky for sure\n","uploadtime":1699855811,"views":46,"p1id":"snurke","p2id":"wolkicake","formatid":"gen9ou","rating":1586,"private":0,"password":""}