{"id":"gen9ou-1989372960","p1":"Jeeeeemo","p2":"gock glocker","format":"[Gen 9] OU","log":"|j|\u2606Jeeeeemo\n|j|\u2606gock glocker\n|t:|1699842110\n|gametype|singles\n|player|p1|Jeeeeemo|li|1646\n|player|p2|gock glocker|acerola-masters|1735\n|teamsize|p1|6\n|teamsize|p2|6\n|gen|9\n|tier|[Gen 9] OU\n|rated|\n|rule|Sleep Clause Mod: Limit one foe put to sleep\n|rule|Species Clause: Limit one of each Pok\u00e9mon\n|rule|OHKO Clause: OHKO moves are banned\n|rule|Evasion Items Clause: Evasion items are banned\n|rule|Evasion Moves Clause: Evasion moves are banned\n|rule|Endless Battle Clause: Forcing endless battles is banned\n|rule|HP Percentage Mod: HP is shown in percentages\n|clearpoke\n|poke|p1|Ceruledge, M|\n|poke|p1|Dondozo, F|\n|poke|p1|Maushold-Four|\n|poke|p1|Tinkaton, F|\n|poke|p1|Ditto|\n|poke|p1|Dudunsparce-*, M|\n|poke|p2|Landorus-Therian, M|\n|poke|p2|Kingambit, M|\n|poke|p2|Ogerpon-Wellspring, F|\n|poke|p2|Glimmora, M|\n|poke|p2|Dragapult, M|\n|poke|p2|Zapdos|\n|teampreview\n|inactive|Battle timer is ON: inactive players will automatically lose when time's up. (requested by gock glocker)\n|inactive|Jeeeeemo also wants the timer to be on.\n|\n|t:|1699842121\n|start\n|switch|p1a: Maushold|Maushold-Four|100\/100\n|switch|p2a: Glimmora|Glimmora, M|100\/100\n|turn|1\n|\n|t:|1699842126\n|move|p1a: Maushold|Tidy Up|p1a: Maushold\n|-boost|p1a: Maushold|atk|1\n|-boost|p1a: Maushold|spe|1\n|move|p2a: Glimmora|Stealth Rock|p1a: Maushold\n|-sidestart|p1: Jeeeeemo|move: Stealth Rock\n|\n|upkeep\n|turn|2\n|\n|t:|1699842137\n|move|p1a: Maushold|Encore|p2a: Glimmora\n|-start|p2a: Glimmora|Encore\n|move|p2a: Glimmora|Stealth Rock||[still]\n|-fail|p2a: Glimmora\n|\n|upkeep\n|turn|3\n|\n|t:|1699842141\n|switch|p2a: Dragapult|Dragapult, M|100\/100\n|move|p1a: Maushold|Tidy Up|p1a: Maushold\n|-sideend|p1: Jeeeeemo|Stealth Rock\n|-activate|p1a: Maushold|move: Tidy Up\n|-boost|p1a: Maushold|atk|1\n|-boost|p1a: Maushold|spe|1\n|\n|upkeep\n|turn|4\n|\n|t:|1699842145\n|switch|p2a: Zapdos|Zapdos|100\/100\n|move|p1a: Maushold|Thief|p2a: Zapdos\n|-damage|p2a: Zapdos|46\/100\n|\n|upkeep\n|turn|5\n|\n|t:|1699842150\n|move|p1a: Maushold|Thief|p2a: Zapdos\n|-damage|p2a: Zapdos|0 fnt\n|-status|p1a: Maushold|par|[from] ability: Static|[of] p2a: Zapdos\n|faint|p2a: Zapdos\n|\n|upkeep\n|j| Ivaannn\n|\n|t:|1699842155\n|switch|p2a: Dragapult|Dragapult, M|100\/100\n|turn|6\n|\n|t:|1699842157\n|move|p2a: Dragapult|Draco Meteor|p1a: Maushold|[miss]\n|-miss|p2a: Dragapult|p1a: Maushold\n|move|p1a: Maushold|Thief|p2a: Dragapult\n|-supereffective|p2a: Dragapult\n|-damage|p2a: Dragapult|0 fnt\n|faint|p2a: Dragapult\n|\n|upkeep\n|c|\u2606gock glocker|BRO\n|\n|t:|1699842165\n|switch|p2a: Kingambit|Kingambit, M|100\/100\n|-activate|p2a: Kingambit|ability: Supreme Overlord\n|-start|p2a: Kingambit|fallen2|[silent]\n|turn|7\n|\n|t:|1699842172\n|move|p1a: Maushold|Population Bomb|p2a: Kingambit\n|-resisted|p2a: Kingambit\n|-damage|p2a: Kingambit|92\/100\n|-resisted|p2a: Kingambit\n|-damage|p2a: Kingambit|84\/100\n|-resisted|p2a: Kingambit\n|-damage|p2a: Kingambit|76\/100\n|-resisted|p2a: Kingambit\n|-damage|p2a: Kingambit|69\/100\n|-resisted|p2a: Kingambit\n|-damage|p2a: Kingambit|61\/100\n|-resisted|p2a: Kingambit\n|-damage|p2a: Kingambit|54\/100\n|-resisted|p2a: Kingambit\n|-damage|p2a: Kingambit|46\/100\n|-resisted|p2a: Kingambit\n|-damage|p2a: Kingambit|37\/100\n|-resisted|p2a: Kingambit\n|-damage|p2a: Kingambit|29\/100\n|-resisted|p2a: Kingambit\n|-damage|p2a: Kingambit|22\/100\n|-hitcount|p2a: Kingambit|10\n|move|p2a: Kingambit|Kowtow Cleave|p1a: Maushold\n|-damage|p1a: Maushold|0 fnt\n|faint|p1a: Maushold\n|\n|-heal|p2a: Kingambit|28\/100|[from] item: Leftovers\n|upkeep\n|\n|t:|1699842187\n|switch|p1a: Dondozo|Dondozo, F|100\/100\n|turn|8\n|\n|t:|1699842191\n|-end|p2a: Kingambit|fallen2|[silent]\n|switch|p2a: Ogerpon|Ogerpon-Wellspring, F|100\/100\n|move|p1a: Dondozo|Curse|p1a: Dondozo\n|-unboost|p1a: Dondozo|spe|1\n|-boost|p1a: Dondozo|atk|1\n|-boost|p1a: Dondozo|def|1\n|\n|upkeep\n|turn|9\n|\n|t:|1699842208\n|move|p2a: Ogerpon|Taunt|p1a: Dondozo\n|-start|p1a: Dondozo|move: Taunt\n|cant|p1a: Dondozo|move: Taunt|Curse\n|\n|upkeep\n|turn|10\n|\n|t:|1699842217\n|-terastallize|p1a: Dondozo|Dragon\n|move|p2a: Ogerpon|Horn Leech|p1a: Dondozo\n|-resisted|p1a: Dondozo\n|-damage|p1a: Dondozo|94\/100\n|move|p1a: Dondozo|Ice Fang|p2a: Ogerpon|[miss]\n|-miss|p1a: Dondozo|p2a: Ogerpon\n|\n|-heal|p1a: Dondozo|99\/100|[from] item: Leftovers\n|upkeep\n|turn|11\n|\n|t:|1699842221\n|move|p2a: Ogerpon|U-turn|p1a: Dondozo\n|-damage|p1a: Dondozo|92\/100\n|\n|t:|1699842225\n|switch|p2a: Glimmora|Glimmora, M|100\/100|[from] U-turn\n|move|p1a: Dondozo|Ice Fang|p2a: Glimmora\n|-damage|p2a: Glimmora|71\/100\n|-activate|p2a: Glimmora|ability: Toxic Debris\n|-sidestart|p1: Jeeeeemo|move: Toxic Spikes\n|\n|-heal|p1a: Dondozo|99\/100|[from] item: Leftovers\n|-end|p1a: Dondozo|move: Taunt\n|upkeep\n|turn|12\n|\n|t:|1699842237\n|switch|p1a: Ditto|Ditto, shiny|100\/100\n|-status|p1a: Ditto|psn\n|-transform|p1a: Ditto|p2a: Glimmora|[from] ability: Imposter\n|move|p2a: Glimmora|Earth Power|p1a: Ditto\n|-supereffective|p1a: Ditto\n|-damage|p1a: Ditto|0 fnt\n|faint|p1a: Ditto\n|\n|upkeep\n|\n|t:|1699842243\n|switch|p1a: Dudunsparce|Dudunsparce, M|100\/100\n|-status|p1a: Dudunsparce|psn\n|turn|13\n|\n|t:|1699842250\n|move|p2a: Glimmora|Stealth Rock|p1a: Dudunsparce\n|-sidestart|p1: Jeeeeemo|move: Stealth Rock\n|move|p1a: Dudunsparce|Body Slam|p2a: Glimmora\n|-resisted|p2a: Glimmora\n|-damage|p2a: Glimmora|55\/100\n|-status|p2a: Glimmora|par\n|-activate|p2a: Glimmora|ability: Toxic Debris\n|-sidestart|p1: Jeeeeemo|move: Toxic Spikes\n|\n|-damage|p1a: Dudunsparce|88\/100 psn|[from] psn\n|upkeep\n|turn|14\n|\n|t:|1699842259\n|switch|p2a: Kingambit|Kingambit, M|28\/100\n|-activate|p2a: Kingambit|ability: Supreme Overlord\n|-start|p2a: Kingambit|fallen2|[silent]\n|move|p1a: Dudunsparce|Coil|p1a: Dudunsparce\n|-boost|p1a: Dudunsparce|atk|1\n|-boost|p1a: Dudunsparce|def|1\n|-boost|p1a: Dudunsparce|accuracy|1\n|\n|-heal|p1a: Dudunsparce|94\/100 psn|[from] item: Leftovers\n|-heal|p2a: Kingambit|34\/100|[from] item: Leftovers\n|-damage|p1a: Dudunsparce|82\/100 psn|[from] psn\n|upkeep\n|turn|15\n|\n|t:|1699842270\n|-end|p2a: Kingambit|fallen2|[silent]\n|switch|p2a: Landorus|Landorus-Therian, M|100\/100\n|-ability|p2a: Landorus|Intimidate|boost\n|-unboost|p1a: Dudunsparce|atk|1\n|move|p1a: Dudunsparce|Body Slam|p2a: Landorus\n|-damage|p2a: Landorus|72\/100\n|-status|p2a: Landorus|par\n|\n|-heal|p2a: Landorus|78\/100 par|[from] item: Leftovers\n|-heal|p1a: Dudunsparce|88\/100 psn|[from] item: Leftovers\n|-damage|p1a: Dudunsparce|76\/100 psn|[from] psn\n|upkeep\n|turn|16\n|\n|t:|1699842274\n|move|p2a: Landorus|Earthquake|p1a: Dudunsparce\n|-damage|p1a: Dudunsparce|49\/100 psn\n|move|p1a: Dudunsparce|Coil|p1a: Dudunsparce\n|-boost|p1a: Dudunsparce|atk|1\n|-boost|p1a: Dudunsparce|def|1\n|-boost|p1a: Dudunsparce|accuracy|1\n|\n|-heal|p2a: Landorus|84\/100 par|[from] item: Leftovers\n|-heal|p1a: Dudunsparce|56\/100 psn|[from] item: Leftovers\n|-damage|p1a: Dudunsparce|43\/100 psn|[from] psn\n|upkeep\n|turn|17\n|\n|t:|1699842278\n|move|p2a: Landorus|Earthquake|p1a: Dudunsparce\n|-damage|p1a: Dudunsparce|23\/100 psn\n|move|p1a: Dudunsparce|Roost|p1a: Dudunsparce\n|-heal|p1a: Dudunsparce|73\/100 psn\n|-singleturn|p1a: Dudunsparce|move: Roost\n|\n|-heal|p2a: Landorus|90\/100 par|[from] item: Leftovers\n|-heal|p1a: Dudunsparce|79\/100 psn|[from] item: Leftovers\n|-damage|p1a: Dudunsparce|67\/100 psn|[from] psn\n|upkeep\n|turn|18\n|\n|t:|1699842282\n|move|p2a: Landorus|Bulk Up|p2a: Landorus\n|-boost|p2a: Landorus|atk|1\n|-boost|p2a: Landorus|def|1\n|move|p1a: Dudunsparce|Roost|p1a: Dudunsparce\n|-heal|p1a: Dudunsparce|100\/100 psn\n|-singleturn|p1a: Dudunsparce|move: Roost\n|\n|-heal|p2a: Landorus|96\/100 par|[from] item: Leftovers\n|-damage|p1a: Dudunsparce|88\/100 psn|[from] psn\n|upkeep\n|turn|19\n|\n|t:|1699842295\n|move|p2a: Landorus|Bulk Up|p2a: Landorus\n|-boost|p2a: Landorus|atk|1\n|-boost|p2a: Landorus|def|1\n|move|p1a: Dudunsparce|Rock Slide|p2a: Landorus\n|-damage|p2a: Landorus|84\/100 par\n|\n|-heal|p2a: Landorus|91\/100 par|[from] item: Leftovers\n|-heal|p1a: Dudunsparce|94\/100 psn|[from] item: Leftovers\n|-damage|p1a: Dudunsparce|82\/100 psn|[from] psn\n|upkeep\n|turn|20\n|\n|t:|1699842298\n|switch|p1a: Dondozo|Dondozo, F, tera:Dragon|99\/100\n|-status|p1a: Dondozo|tox\n|-damage|p1a: Dondozo|86\/100 tox|[from] Stealth Rock\n|move|p2a: Landorus|Earthquake|p1a: Dondozo\n|-damage|p1a: Dondozo|64\/100 tox\n|\n|-heal|p2a: Landorus|97\/100 par|[from] item: Leftovers\n|-heal|p1a: Dondozo|70\/100 tox|[from] item: Leftovers\n|-damage|p1a: Dondozo|64\/100 tox|[from] psn\n|upkeep\n|turn|21\n|\n|t:|1699842302\n|cant|p2a: Landorus|par\n|move|p1a: Dondozo|Rest|p1a: Dondozo\n|-status|p1a: Dondozo|slp|[from] move: Rest\n|-heal|p1a: Dondozo|100\/100 slp|[silent]\n|\n|-heal|p2a: Landorus|100\/100 par|[from] item: Leftovers\n|upkeep\n|turn|22\n|\n|t:|1699842305\n|switch|p2a: Ogerpon|Ogerpon-Wellspring, F|100\/100\n|cant|p1a: Dondozo|slp\n|move|p1a: Dondozo|Sleep Talk|p1a: Dondozo\n|move|p1a: Dondozo|Rest||[from]move: Sleep Talk|[still]\n|-fail|p1a: Dondozo\n|\n|upkeep\n|turn|23\n|\n|t:|1699842310\n|move|p2a: Ogerpon|Taunt|p1a: Dondozo\n|-start|p1a: Dondozo|move: Taunt\n|cant|p1a: Dondozo|slp\n|cant|p1a: Dondozo|move: Taunt|Sleep Talk\n|\n|upkeep\n|turn|24\n|\n|t:|1699842322\n|switch|p2a: Glimmora|Glimmora, M|55\/100 par\n|switch|p1a: Ceruledge|Ceruledge, M|100\/100\n|-status|p1a: Ceruledge|tox\n|-damage|p1a: Ceruledge|76\/100 tox|[from] Stealth Rock\n|\n|-damage|p1a: Ceruledge|70\/100 tox|[from] psn\n|upkeep\n|turn|25\n|\n|t:|1699842328\n|move|p1a: Ceruledge|Close Combat|p2a: Glimmora\n|-damage|p2a: Glimmora|6\/100 par\n|-unboost|p1a: Ceruledge|def|1\n|-unboost|p1a: Ceruledge|spd|1\n|move|p2a: Glimmora|Earth Power|p1a: Ceruledge\n|-supereffective|p1a: Ceruledge\n|-damage|p1a: Ceruledge|0 fnt\n|faint|p1a: Ceruledge\n|\n|upkeep\n|\n|t:|1699842346\n|switch|p1a: Dudunsparce|Dudunsparce, M|82\/100 psn\n|-damage|p1a: Dudunsparce|70\/100 psn|[from] Stealth Rock\n|turn|26\n|\n|t:|1699842365\n|switch|p2a: Landorus|Landorus-Therian, M|100\/100 par\n|-ability|p2a: Landorus|Intimidate|boost\n|-unboost|p1a: Dudunsparce|atk|1\n|move|p1a: Dudunsparce|Body Slam|p2a: Landorus\n|-damage|p2a: Landorus|82\/100 par\n|\n|-heal|p2a: Landorus|88\/100 par|[from] item: Leftovers\n|-heal|p1a: Dudunsparce|76\/100 psn|[from] item: Leftovers\n|-damage|p1a: Dudunsparce|63\/100 psn|[from] psn\n|upkeep\n|turn|27\n|\n|t:|1699842371\n|switch|p1a: Tinkaton|Tinkaton, F|100\/100\n|-damage|p1a: Tinkaton|94\/100|[from] Stealth Rock\n|-item|p1a: Tinkaton|Air Balloon\n|move|p2a: Landorus|U-turn|p1a: Tinkaton\n|-resisted|p1a: Tinkaton\n|-damage|p1a: Tinkaton|87\/100\n|-enditem|p1a: Tinkaton|Air Balloon\n|-enditem|p2a: Landorus|Leftovers|[silent]|[from] ability: Pickpocket|[of] p2a: Landorus\n|-item|p1a: Tinkaton|Leftovers|[from] ability: Pickpocket|[of] p2a: Landorus\n|\n|t:|1699842377\n|switch|p2a: Ogerpon|Ogerpon-Wellspring, F|100\/100|[from] U-turn\n|\n|-heal|p1a: Tinkaton|93\/100|[from] item: Leftovers\n|upkeep\n|turn|28\n|l| Ivaannn\n|\n|t:|1699842389\n|switch|p1a: Dondozo|Dondozo, F, tera:Dragon|100\/100 slp\n|-damage|p1a: Dondozo|88\/100 slp|[from] Stealth Rock\n|-terastallize|p2a: Ogerpon|Water\n|detailschange|p2a: Ogerpon|Ogerpon-Wellspring-Tera, F, tera:Water\n|-ability|p2a: Ogerpon|Embody Aspect (Wellspring)|boost\n|-boost|p2a: Ogerpon|spd|1\n|move|p2a: Ogerpon|Ivy Cudgel|p1a: Dondozo\n|-resisted|p1a: Dondozo\n|-damage|p1a: Dondozo|69\/100 slp\n|\n|-heal|p1a: Dondozo|75\/100 slp|[from] item: Leftovers\n|upkeep\n|turn|29\n|\n|t:|1699842394\n|move|p2a: Ogerpon|Taunt|p1a: Dondozo\n|-start|p1a: Dondozo|move: Taunt\n|-curestatus|p1a: Dondozo|slp|[msg]\n|move|p1a: Dondozo|Ice Fang|p2a: Ogerpon|[miss]\n|-miss|p1a: Dondozo|p2a: Ogerpon\n|\n|-heal|p1a: Dondozo|81\/100|[from] item: Leftovers\n|upkeep\n|turn|30\n|\n|t:|1699842403\n|move|p2a: Ogerpon|Ivy Cudgel|p1a: Dondozo\n|-resisted|p1a: Dondozo\n|-damage|p1a: Dondozo|63\/100\n|move|p1a: Dondozo|Ice Fang|p2a: Ogerpon\n|-resisted|p2a: Ogerpon\n|-damage|p2a: Ogerpon|91\/100\n|\n|-heal|p1a: Dondozo|69\/100|[from] item: Leftovers\n|upkeep\n|turn|31\n|\n|t:|1699842411\n|move|p2a: Ogerpon|Ivy Cudgel|p1a: Dondozo\n|-resisted|p1a: Dondozo\n|-damage|p1a: Dondozo|52\/100\n|move|p1a: Dondozo|Ice Fang|p2a: Ogerpon\n|-resisted|p2a: Ogerpon\n|-damage|p2a: Ogerpon|81\/100\n|\n|-heal|p1a: Dondozo|58\/100|[from] item: Leftovers\n|-end|p1a: Dondozo|move: Taunt\n|upkeep\n|turn|32\n|\n|t:|1699842419\n|move|p2a: Ogerpon|Taunt|p1a: Dondozo\n|-start|p1a: Dondozo|move: Taunt\n|move|p1a: Dondozo|Ice Fang|p2a: Ogerpon\n|-resisted|p2a: Ogerpon\n|-damage|p2a: Ogerpon|71\/100\n|\n|-heal|p1a: Dondozo|65\/100|[from] item: Leftovers\n|upkeep\n|turn|33\n|\n|t:|1699842425\n|move|p2a: Ogerpon|Ivy Cudgel|p1a: Dondozo\n|-resisted|p1a: Dondozo\n|-crit|p1a: Dondozo\n|-damage|p1a: Dondozo|39\/100\n|move|p1a: Dondozo|Ice Fang|p2a: Ogerpon\n|-resisted|p2a: Ogerpon\n|-damage|p2a: Ogerpon|61\/100\n|\n|-heal|p1a: Dondozo|45\/100|[from] item: Leftovers\n|upkeep\n|turn|34\n|\n|t:|1699842435\n|move|p2a: Ogerpon|Ivy Cudgel|p1a: Dondozo\n|-resisted|p1a: Dondozo\n|-crit|p1a: Dondozo\n|-damage|p1a: Dondozo|17\/100\n|move|p1a: Dondozo|Ice Fang|p2a: Ogerpon\n|-resisted|p2a: Ogerpon\n|-damage|p2a: Ogerpon|51\/100\n|-status|p2a: Ogerpon|frz\n|\n|-heal|p1a: Dondozo|23\/100|[from] item: Leftovers\n|-end|p1a: Dondozo|move: Taunt\n|upkeep\n|turn|35\n|\n|t:|1699842439\n|cant|p2a: Ogerpon|frz\n|move|p1a: Dondozo|Rest|p1a: Dondozo\n|-status|p1a: Dondozo|slp|[from] move: Rest\n|-heal|p1a: Dondozo|100\/100 slp|[silent]\n|\n|upkeep\n|turn|36\n|c|\u2606gock glocker|:(\n|\n|t:|1699842448\n|cant|p2a: Ogerpon|frz\n|cant|p1a: Dondozo|slp\n|move|p1a: Dondozo|Sleep Talk|p1a: Dondozo\n|move|p1a: Dondozo|Ice Fang|p2a: Ogerpon|[from]move: Sleep Talk\n|-resisted|p2a: Ogerpon\n|-damage|p2a: Ogerpon|41\/100 frz\n|\n|upkeep\n|turn|37\n|\n|t:|1699842452\n|cant|p2a: Ogerpon|frz\n|cant|p1a: Dondozo|slp\n|move|p1a: Dondozo|Sleep Talk|p1a: Dondozo\n|move|p1a: Dondozo|Curse|p1a: Dondozo|[from]move: Sleep Talk\n|-unboost|p1a: Dondozo|spe|1\n|-boost|p1a: Dondozo|atk|1\n|-boost|p1a: Dondozo|def|1\n|\n|upkeep\n|turn|38\n|\n|t:|1699842456\n|cant|p2a: Ogerpon|frz\n|-curestatus|p1a: Dondozo|slp|[msg]\n|move|p1a: Dondozo|Ice Fang|p2a: Ogerpon\n|-resisted|p2a: Ogerpon\n|-damage|p2a: Ogerpon|27\/100 frz\n|\n|upkeep\n|turn|39\n|\n|t:|1699842459\n|switch|p2a: Kingambit|Kingambit, M|34\/100\n|-activate|p2a: Kingambit|ability: Supreme Overlord\n|-start|p2a: Kingambit|fallen2|[silent]\n|move|p1a: Dondozo|Curse|p1a: Dondozo\n|-unboost|p1a: Dondozo|spe|1\n|-boost|p1a: Dondozo|atk|1\n|-boost|p1a: Dondozo|def|1\n|\n|-heal|p2a: Kingambit|40\/100|[from] item: Leftovers\n|upkeep\n|turn|40\n|c|\u2606gock glocker|bro\n|\n|t:|1699842466\n|move|p2a: Kingambit|Iron Head|p1a: Dondozo\n|-damage|p1a: Dondozo|87\/100\n|move|p1a: Dondozo|Ice Fang|p2a: Kingambit\n|-resisted|p2a: Kingambit\n|-damage|p2a: Kingambit|29\/100\n|\n|-heal|p2a: Kingambit|36\/100|[from] item: Leftovers\n|-heal|p1a: Dondozo|93\/100|[from] item: Leftovers\n|upkeep\n|turn|41\n|\n|t:|1699842471\n|move|p2a: Kingambit|Iron Head|p1a: Dondozo\n|-damage|p1a: Dondozo|79\/100\n|move|p1a: Dondozo|Curse|p1a: Dondozo\n|-unboost|p1a: Dondozo|spe|1\n|-boost|p1a: Dondozo|atk|1\n|-boost|p1a: Dondozo|def|1\n|\n|-heal|p2a: Kingambit|42\/100|[from] item: Leftovers\n|-heal|p1a: Dondozo|86\/100|[from] item: Leftovers\n|upkeep\n|turn|42\n|\n|t:|1699842475\n|move|p2a: Kingambit|Iron Head|p1a: Dondozo\n|-damage|p1a: Dondozo|75\/100\n|cant|p1a: Dondozo|flinch\n|\n|-heal|p2a: Kingambit|48\/100|[from] item: Leftovers\n|-heal|p1a: Dondozo|82\/100|[from] item: Leftovers\n|upkeep\n|turn|43\n|\n|t:|1699842480\n|move|p2a: Kingambit|Iron Head|p1a: Dondozo\n|-damage|p1a: Dondozo|71\/100\n|cant|p1a: Dondozo|flinch\n|\n|-heal|p2a: Kingambit|54\/100|[from] item: Leftovers\n|-heal|p1a: Dondozo|77\/100|[from] item: Leftovers\n|upkeep\n|turn|44\n|\n|t:|1699842482\n|move|p2a: Kingambit|Iron Head|p1a: Dondozo\n|-damage|p1a: Dondozo|67\/100\n|move|p1a: Dondozo|Curse|p1a: Dondozo\n|-unboost|p1a: Dondozo|spe|1\n|-boost|p1a: Dondozo|atk|1\n|-boost|p1a: Dondozo|def|1\n|\n|-heal|p2a: Kingambit|61\/100|[from] item: Leftovers\n|-heal|p1a: Dondozo|73\/100|[from] item: Leftovers\n|upkeep\n|turn|45\n|\n|t:|1699842487\n|move|p2a: Kingambit|Iron Head|p1a: Dondozo\n|-damage|p1a: Dondozo|64\/100\n|move|p1a: Dondozo|Ice Fang|p2a: Kingambit\n|-resisted|p2a: Kingambit\n|-damage|p2a: Kingambit|45\/100\n|\n|-heal|p2a: Kingambit|51\/100|[from] item: Leftovers\n|-heal|p1a: Dondozo|70\/100|[from] item: Leftovers\n|upkeep\n|turn|46\n|\n|t:|1699842491\n|move|p2a: Kingambit|Iron Head|p1a: Dondozo\n|-damage|p1a: Dondozo|61\/100\n|move|p1a: Dondozo|Curse|p1a: Dondozo\n|-unboost|p1a: Dondozo|spe|1\n|-boost|p1a: Dondozo|atk|1\n|-boost|p1a: Dondozo|def|1\n|\n|-heal|p2a: Kingambit|57\/100|[from] item: Leftovers\n|-heal|p1a: Dondozo|67\/100|[from] item: Leftovers\n|upkeep\n|turn|47\n|\n|t:|1699842494\n|move|p2a: Kingambit|Iron Head|p1a: Dondozo\n|-damage|p1a: Dondozo|60\/100\n|cant|p1a: Dondozo|flinch\n|\n|-heal|p2a: Kingambit|64\/100|[from] item: Leftovers\n|-heal|p1a: Dondozo|66\/100|[from] item: Leftovers\n|upkeep\n|turn|48\n|\n|t:|1699842497\n|move|p2a: Kingambit|Iron Head|p1a: Dondozo\n|-damage|p1a: Dondozo|59\/100\n|move|p1a: Dondozo|Curse|p1a: Dondozo\n|-unboost|p1a: Dondozo|spe|1\n|-boost|p1a: Dondozo|atk|1\n|-boost|p1a: Dondozo|def|1\n|\n|-heal|p2a: Kingambit|70\/100|[from] item: Leftovers\n|-heal|p1a: Dondozo|65\/100|[from] item: Leftovers\n|upkeep\n|turn|49\n|\n|t:|1699842502\n|move|p2a: Kingambit|Iron Head|p1a: Dondozo\n|-damage|p1a: Dondozo|58\/100\n|cant|p1a: Dondozo|flinch\n|\n|-heal|p2a: Kingambit|76\/100|[from] item: Leftovers\n|-heal|p1a: Dondozo|65\/100|[from] item: Leftovers\n|upkeep\n|turn|50\n|\n|t:|1699842507\n|move|p2a: Kingambit|Iron Head|p1a: Dondozo\n|-damage|p1a: Dondozo|58\/100\n|move|p1a: Dondozo|Ice Fang|p2a: Kingambit\n|-resisted|p2a: Kingambit\n|-damage|p2a: Kingambit|55\/100\n|\n|-heal|p2a: Kingambit|61\/100|[from] item: Leftovers\n|-heal|p1a: Dondozo|64\/100|[from] item: Leftovers\n|upkeep\n|turn|51\n|\n|t:|1699842511\n|move|p2a: Kingambit|Iron Head|p1a: Dondozo\n|-damage|p1a: Dondozo|58\/100\n|move|p1a: Dondozo|Ice Fang|p2a: Kingambit\n|-resisted|p2a: Kingambit\n|-damage|p2a: Kingambit|41\/100\n|\n|-heal|p2a: Kingambit|47\/100|[from] item: Leftovers\n|-heal|p1a: Dondozo|64\/100|[from] item: Leftovers\n|upkeep\n|turn|52\n|\n|t:|1699842516\n|move|p2a: Kingambit|Iron Head|p1a: Dondozo\n|-damage|p1a: Dondozo|58\/100\n|move|p1a: Dondozo|Ice Fang|p2a: Kingambit|[miss]\n|-miss|p1a: Dondozo|p2a: Kingambit\n|\n|-heal|p2a: Kingambit|54\/100|[from] item: Leftovers\n|-heal|p1a: Dondozo|64\/100|[from] item: Leftovers\n|upkeep\n|turn|53\n|\n|t:|1699842536\n|move|p2a: Kingambit|Iron Head|p1a: Dondozo\n|-damage|p1a: Dondozo|57\/100\n|cant|p1a: Dondozo|flinch\n|\n|-heal|p2a: Kingambit|60\/100|[from] item: Leftovers\n|-heal|p1a: Dondozo|63\/100|[from] item: Leftovers\n|upkeep\n|turn|54\n|\n|t:|1699842541\n|move|p2a: Kingambit|Iron Head|p1a: Dondozo\n|-damage|p1a: Dondozo|57\/100\n|move|p1a: Dondozo|Rest|p1a: Dondozo\n|-status|p1a: Dondozo|slp|[from] move: Rest\n|-heal|p1a: Dondozo|100\/100 slp|[silent]\n|\n|-heal|p2a: Kingambit|66\/100|[from] item: Leftovers\n|upkeep\n|turn|55\n|\n|t:|1699842546\n|move|p2a: Kingambit|Iron Head|p1a: Dondozo\n|-damage|p1a: Dondozo|94\/100 slp\n|cant|p1a: Dondozo|slp\n|move|p1a: Dondozo|Sleep Talk|p1a: Dondozo\n|move|p1a: Dondozo|Curse|p1a: Dondozo|[from]move: Sleep Talk\n|\n|-heal|p2a: Kingambit|72\/100|[from] item: Leftovers\n|-heal|p1a: Dondozo|99\/100 slp|[from] item: Leftovers\n|upkeep\n|turn|56\n|\n|t:|1699842549\n|move|p2a: Kingambit|Iron Head|p1a: Dondozo\n|-damage|p1a: Dondozo|93\/100 slp\n|cant|p1a: Dondozo|slp\n|move|p1a: Dondozo|Sleep Talk|p1a: Dondozo\n|move|p1a: Dondozo|Rest||[from]move: Sleep Talk|[still]\n|-fail|p1a: Dondozo\n|\n|-heal|p2a: Kingambit|79\/100|[from] item: Leftovers\n|-heal|p1a: Dondozo|99\/100 slp|[from] item: Leftovers\n|upkeep\n|turn|57\n|\n|t:|1699842559\n|move|p2a: Kingambit|Iron Head|p1a: Dondozo\n|-damage|p1a: Dondozo|93\/100 slp\n|-curestatus|p1a: Dondozo|slp|[msg]\n|move|p1a: Dondozo|Ice Fang|p2a: Kingambit\n|-resisted|p2a: Kingambit\n|-damage|p2a: Kingambit|58\/100\n|-status|p2a: Kingambit|frz\n|\n|-heal|p2a: Kingambit|65\/100 frz|[from] item: Leftovers\n|-heal|p1a: Dondozo|99\/100|[from] item: Leftovers\n|upkeep\n|turn|58\n|\n|t:|1699842569\n|-curestatus|p2a: Kingambit|frz|[msg]\n|move|p2a: Kingambit|Iron Head|p1a: Dondozo\n|-damage|p1a: Dondozo|92\/100\n|cant|p1a: Dondozo|flinch\n|\n|-heal|p2a: Kingambit|71\/100|[from] item: Leftovers\n|-heal|p1a: Dondozo|98\/100|[from] item: Leftovers\n|upkeep\n|turn|59\n|\n|t:|1699842575\n|switch|p1a: Tinkaton|Tinkaton, F|93\/100\n|-damage|p1a: Tinkaton|87\/100|[from] Stealth Rock\n|move|p2a: Kingambit|Iron Head|p1a: Tinkaton\n|-damage|p1a: Tinkaton|14\/100\n|\n|-heal|p1a: Tinkaton|20\/100|[from] item: Leftovers\n|-heal|p2a: Kingambit|77\/100|[from] item: Leftovers\n|upkeep\n|turn|60\n|\n|t:|1699842596\n|move|p1a: Tinkaton|Knock Off|p2a: Kingambit\n|-resisted|p2a: Kingambit\n|-damage|p2a: Kingambit|68\/100\n|-enditem|p2a: Kingambit|Leftovers|[from] move: Knock Off|[of] p1a: Tinkaton\n|move|p2a: Kingambit|Kowtow Cleave|p1a: Tinkaton\n|-resisted|p1a: Tinkaton\n|-damage|p1a: Tinkaton|0 fnt\n|faint|p1a: Tinkaton\n|\n|upkeep\n|\n|t:|1699842602\n|switch|p1a: Dondozo|Dondozo, F, tera:Dragon|98\/100\n|-status|p1a: Dondozo|tox\n|-damage|p1a: Dondozo|85\/100 tox|[from] Stealth Rock\n|turn|61\n|\n|t:|1699842616\n|move|p2a: Kingambit|Kowtow Cleave|p1a: Dondozo\n|-damage|p1a: Dondozo|60\/100 tox\n|move|p1a: Dondozo|Rest|p1a: Dondozo\n|-status|p1a: Dondozo|slp|[from] move: Rest\n|-heal|p1a: Dondozo|100\/100 slp|[silent]\n|\n|upkeep\n|turn|62\n|\n|t:|1699842623\n|-end|p2a: Kingambit|fallen2|[silent]\n|switch|p2a: Ogerpon|Ogerpon-Wellspring-Tera, F, tera:Water|27\/100 frz\n|-ability|p2a: Ogerpon|Embody Aspect (Wellspring)|boost\n|-boost|p2a: Ogerpon|spd|1\n|cant|p1a: Dondozo|slp\n|move|p1a: Dondozo|Sleep Talk|p1a: Dondozo\n|move|p1a: Dondozo|Rest||[from]move: Sleep Talk|[still]\n|-fail|p1a: Dondozo\n|\n|upkeep\n|turn|63\n|\n|t:|1699842628\n|cant|p2a: Ogerpon|frz\n|cant|p1a: Dondozo|slp\n|move|p1a: Dondozo|Sleep Talk|p1a: Dondozo\n|move|p1a: Dondozo|Ice Fang|p2a: Ogerpon|[from]move: Sleep Talk\n|-resisted|p2a: Ogerpon\n|-damage|p2a: Ogerpon|18\/100 frz\n|\n|upkeep\n|turn|64\n|\n|t:|1699842637\n|-curestatus|p2a: Ogerpon|frz|[msg]\n|move|p2a: Ogerpon|Taunt|p1a: Dondozo\n|-start|p1a: Dondozo|move: Taunt\n|-curestatus|p1a: Dondozo|slp|[msg]\n|move|p1a: Dondozo|Ice Fang|p2a: Ogerpon\n|-resisted|p2a: Ogerpon\n|-damage|p2a: Ogerpon|9\/100\n|\n|upkeep\n|turn|65\n|\n|t:|1699842643\n|move|p2a: Ogerpon|Horn Leech|p1a: Dondozo\n|-resisted|p1a: Dondozo\n|-damage|p1a: Dondozo|90\/100\n|-heal|p2a: Ogerpon|17\/100|[from] drain|[of] p1a: Dondozo\n|move|p1a: Dondozo|Ice Fang|p2a: Ogerpon\n|-resisted|p2a: Ogerpon\n|-damage|p2a: Ogerpon|7\/100\n|\n|-heal|p1a: Dondozo|97\/100|[from] item: Leftovers\n|upkeep\n|turn|66\n|\n|t:|1699842648\n|move|p2a: Ogerpon|Horn Leech|p1a: Dondozo\n|-resisted|p1a: Dondozo\n|-damage|p1a: Dondozo|87\/100\n|-heal|p2a: Ogerpon|15\/100|[from] drain|[of] p1a: Dondozo\n|move|p1a: Dondozo|Ice Fang|p2a: Ogerpon\n|-resisted|p2a: Ogerpon\n|-damage|p2a: Ogerpon|6\/100\n|\n|-heal|p1a: Dondozo|93\/100|[from] item: Leftovers\n|-end|p1a: Dondozo|move: Taunt\n|upkeep\n|turn|67\n|\n|t:|1699842653\n|move|p2a: Ogerpon|Taunt|p1a: Dondozo\n|-start|p1a: Dondozo|move: Taunt\n|move|p1a: Dondozo|Ice Fang|p2a: Ogerpon\n|-resisted|p2a: Ogerpon\n|-damage|p2a: Ogerpon|0 fnt\n|faint|p2a: Ogerpon\n|\n|-heal|p1a: Dondozo|99\/100|[from] item: Leftovers\n|upkeep\n|\n|t:|1699842660\n|switch|p2a: Kingambit|Kingambit, M|68\/100\n|-activate|p2a: Kingambit|ability: Supreme Overlord\n|-start|p2a: Kingambit|fallen3|[silent]\n|turn|68\n|\n|t:|1699842666\n|move|p2a: Kingambit|Iron Head|p1a: Dondozo\n|-damage|p1a: Dondozo|72\/100\n|cant|p1a: Dondozo|flinch\n|\n|-heal|p1a: Dondozo|78\/100|[from] item: Leftovers\n|upkeep\n|turn|69\n|\n|t:|1699842675\n|move|p2a: Kingambit|Iron Head|p1a: Dondozo\n|-crit|p1a: Dondozo\n|-damage|p1a: Dondozo|38\/100\n|move|p1a: Dondozo|Ice Fang|p2a: Kingambit\n|-resisted|p2a: Kingambit\n|-damage|p2a: Kingambit|63\/100\n|\n|-heal|p1a: Dondozo|44\/100|[from] item: Leftovers\n|-end|p1a: Dondozo|move: Taunt\n|upkeep\n|turn|70\n|\n|t:|1699842681\n|move|p2a: Kingambit|Iron Head|p1a: Dondozo\n|-damage|p1a: Dondozo|16\/100\n|cant|p1a: Dondozo|flinch\n|\n|-heal|p1a: Dondozo|22\/100|[from] item: Leftovers\n|upkeep\n|turn|71\n|c|\u2606gock glocker|THE GOAT\n|c|\u2606gock glocker|gg\n|inactive|Jeeeeemo has 120 seconds left.\n|\n|t:|1699842716\n|move|p2a: Kingambit|Kowtow Cleave|p1a: Dondozo\n|-damage|p1a: Dondozo|0 fnt\n|faint|p1a: Dondozo\n|\n|upkeep\n|\n|t:|1699842718\n|switch|p1a: Dudunsparce|Dudunsparce, M|63\/100 psn\n|-damage|p1a: Dudunsparce|51\/100 psn|[from] Stealth Rock\n|turn|72\n|\n|t:|1699842721\n|move|p1a: Dudunsparce|Roost|p1a: Dudunsparce\n|-heal|p1a: Dudunsparce|100\/100 psn\n|-singleturn|p1a: Dudunsparce|move: Roost\n|move|p2a: Kingambit|Kowtow Cleave|p1a: Dudunsparce\n|-damage|p1a: Dudunsparce|43\/100 psn\n|\n|-heal|p1a: Dudunsparce|49\/100 psn|[from] item: Leftovers\n|-damage|p1a: Dudunsparce|37\/100 psn|[from] psn\n|upkeep\n|turn|73\n|\n|t:|1699842727\n|move|p1a: Dudunsparce|Coil|p1a: Dudunsparce\n|-boost|p1a: Dudunsparce|atk|1\n|-boost|p1a: Dudunsparce|def|1\n|-boost|p1a: Dudunsparce|accuracy|1\n|move|p2a: Kingambit|Kowtow Cleave|p1a: Dudunsparce\n|-damage|p1a: Dudunsparce|0 fnt\n|faint|p1a: Dudunsparce\n|\n|win|gock glocker\n|raw|Jeeeeemo's rating: 1646 &rarr; <strong>1631<\/strong><br \/>(-15 for losing)\n|raw|gock glocker's rating: 1735 &rarr; <strong>1750<\/strong><br \/>(+15 for winning)\n|l|\u2606Jeeeeemo\n","uploadtime":1699842732,"views":21,"p1id":"jeeeeemo","p2id":"gockglocker","formatid":"gen9ou","rating":1631,"private":0,"password":""}