{"id":"gen9ou-1993249009","p1":"bellenguer2","p2":"Mrs Arceus","format":"[Gen 9] OU","log":"|j|\u2606bellenguer2\n|j|\u2606Mrs Arceus\n|t:|1700284043\n|gametype|singles\n|player|p1|bellenguer2|169|1085\n|player|p2|Mrs Arceus|101|1000\n|teamsize|p1|6\n|teamsize|p2|6\n|gen|9\n|tier|[Gen 9] OU\n|rated|\n|rule|Sleep Clause Mod: Limit one foe put to sleep\n|rule|Species Clause: Limit one of each Pok\u00e9mon\n|rule|OHKO Clause: OHKO moves are banned\n|rule|Evasion Items Clause: Evasion items are banned\n|rule|Evasion Moves Clause: Evasion moves are banned\n|rule|Endless Battle Clause: Forcing endless battles is banned\n|rule|HP Percentage Mod: HP is shown in percentages\n|clearpoke\n|poke|p1|Zapdos|\n|poke|p1|Blissey, F|\n|poke|p1|Toxapex, F|\n|poke|p1|Clefable, M|\n|poke|p1|Corviknight, F|\n|poke|p1|Hippowdon, F|\n|poke|p2|Walking Wake|\n|poke|p2|Armarouge, F|\n|poke|p2|Fezandipiti, M|\n|poke|p2|Kingambit, F|\n|poke|p2|Samurott-Hisui, F|\n|poke|p2|Great Tusk|\n|teampreview\n|inactive|Battle timer is ON: inactive players will automatically lose when time's up. (requested by bellenguer2)\n|\n|t:|1700284058\n|start\n|switch|p1a: Zapdos|Zapdos|100\/100\n|switch|p2a: Kingambit|Kingambit, F|100\/100\n|turn|1\n|\n|t:|1700284069\n|switch|p2a: Great Tusk|Great Tusk|100\/100\n|move|p1a: Zapdos|Volt Switch|p2a: Great Tusk\n|-immune|p2a: Great Tusk\n|\n|upkeep\n|turn|2\n|inactive|bellenguer2 has 120 seconds left.\n|\n|t:|1700284101\n|switch|p1a: Hippowdon|Hippowdon, F|100\/100\n|-weather|Sandstorm|[from] ability: Sand Stream|[of] p1a: Hippowdon\n|move|p2a: Great Tusk|Iron Head|p1a: Hippowdon\n|-damage|p1a: Hippowdon|82\/100\n|\n|-weather|Sandstorm|[upkeep]\n|-heal|p1a: Hippowdon|88\/100|[from] item: Leftovers\n|upkeep\n|turn|3\n|\n|t:|1700284115\n|-end|p2a: Great Tusk|Protosynthesis|[silent]\n|switch|p2a: Samurott|Samurott-Hisui, F|100\/100\n|move|p1a: Hippowdon|Stealth Rock|p2a: Samurott\n|-sidestart|p2: Mrs Arceus|move: Stealth Rock\n|\n|-weather|Sandstorm|[upkeep]\n|-damage|p2a: Samurott|94\/100|[from] Sandstorm\n|-heal|p1a: Hippowdon|94\/100|[from] item: Leftovers\n|upkeep\n|turn|4\n|\n|t:|1700284126\n|switch|p1a: Toxapex|Toxapex, F|100\/100\n|move|p2a: Samurott|Chilling Water|p1a: Toxapex\n|-resisted|p1a: Toxapex\n|-damage|p1a: Toxapex|95\/100\n|-unboost|p1a: Toxapex|atk|1\n|\n|-weather|Sandstorm|[upkeep]\n|-damage|p2a: Samurott|88\/100|[from] Sandstorm\n|-damage|p1a: Toxapex|89\/100|[from] Sandstorm\n|-heal|p1a: Toxapex|95\/100|[from] item: Black Sludge\n|upkeep\n|turn|5\n|\n|t:|1700284147\n|switch|p2a: Armarouge|Armarouge, F|100\/100\n|-damage|p2a: Armarouge|76\/100|[from] Stealth Rock\n|switch|p1a: Clefable|Clefable, M|100\/100\n|\n|-weather|Sandstorm|[upkeep]\n|-damage|p2a: Armarouge|70\/100|[from] Sandstorm\n|-damage|p1a: Clefable|94\/100|[from] Sandstorm\n|-heal|p1a: Clefable|100\/100|[from] item: Leftovers\n|upkeep\n|turn|6\n|\n|t:|1700284164\n|switch|p2a: Kingambit|Kingambit, F|100\/100\n|-damage|p2a: Kingambit|94\/100|[from] Stealth Rock\n|switch|p1a: Blissey|Blissey, F|100\/100\n|\n|-weather|none\n|upkeep\n|turn|7\n|\n|t:|1700284175\n|switch|p1a: Corviknight|Corviknight, F|100\/100\n|-ability|p1a: Corviknight|Pressure\n|move|p2a: Kingambit|Kowtow Cleave|p1a: Corviknight\n|-damage|p1a: Corviknight|69\/100\n|-damage|p2a: Kingambit|78\/100|[from] item: Rocky Helmet|[of] p1a: Corviknight\n|\n|upkeep\n|turn|8\n|inactive|Mrs Arceus has 120 seconds left.\n|\n|t:|1700284199\n|move|p1a: Corviknight|Roost|p1a: Corviknight\n|-heal|p1a: Corviknight|100\/100\n|-singleturn|p1a: Corviknight|move: Roost\n|move|p2a: Kingambit|Kowtow Cleave|p1a: Corviknight\n|-damage|p1a: Corviknight|70\/100\n|-damage|p2a: Kingambit|61\/100|[from] item: Rocky Helmet|[of] p1a: Corviknight\n|\n|upkeep\n|turn|9\n|inactive|bellenguer2 has 120 seconds left.\n|\n|t:|1700284229\n|switch|p2a: Walking Wake|Walking Wake|100\/100\n|-damage|p2a: Walking Wake|88\/100|[from] Stealth Rock\n|move|p1a: Corviknight|Body Press|p2a: Walking Wake\n|-damage|p2a: Walking Wake|69\/100\n|-damage|p1a: Corviknight|54\/100|[from] item: Rocky Helmet|[of] p2a: Walking Wake\n|\n|upkeep\n|turn|10\n|inactive|bellenguer2 has 120 seconds left.\n|\n|t:|1700284240\n|switch|p1a: Blissey|Blissey, F|100\/100\n|move|p2a: Walking Wake|Hydro Steam|p1a: Blissey\n|-damage|p1a: Blissey|92\/100\n|\n|-heal|p1a: Blissey|98\/100|[from] item: Leftovers\n|upkeep\n|turn|11\n|inactive|bellenguer2 has 120 seconds left.\n|\n|t:|1700284248\n|move|p2a: Walking Wake|Body Slam|p1a: Blissey\n|-damage|p1a: Blissey|63\/100\n|-status|p1a: Blissey|par\n|move|p1a: Blissey|Seismic Toss|p2a: Walking Wake\n|-damage|p2a: Walking Wake|44\/100\n|-damage|p1a: Blissey|46\/100 par|[from] item: Rocky Helmet|[of] p2a: Walking Wake\n|\n|-heal|p1a: Blissey|53\/100 par|[from] item: Leftovers\n|upkeep\n|turn|12\n|inactive|bellenguer2 has 120 seconds left.\n|\n|t:|1700284260\n|-curestatus|p1a: Blissey|par|[from] ability: Natural Cure\n|switch|p1a: Toxapex|Toxapex, F|100\/100\n|move|p2a: Walking Wake|Dragon Claw|p1a: Toxapex\n|-damage|p1a: Toxapex|82\/100\n|\n|-heal|p1a: Toxapex|88\/100|[from] item: Black Sludge\n|upkeep\n|turn|13\n|inactive|bellenguer2 has 120 seconds left.\n|inactive|Mrs Arceus has 120 seconds left.\n|\n|t:|1700284280\n|-end|p2a: Walking Wake|Protosynthesis|[silent]\n|switch|p2a: Kingambit|Kingambit, F|61\/100\n|-damage|p2a: Kingambit|55\/100|[from] Stealth Rock\n|move|p1a: Toxapex|Surf|p2a: Kingambit\n|-damage|p2a: Kingambit|37\/100\n|\n|-heal|p1a: Toxapex|94\/100|[from] item: Black Sludge\n|upkeep\n|turn|14\n|inactive|Mrs Arceus has 120 seconds left.\n|\n|t:|1700284291\n|move|p2a: Kingambit|Zen Headbutt|p1a: Toxapex\n|-supereffective|p1a: Toxapex\n|-damage|p1a: Toxapex|56\/100\n|move|p1a: Toxapex|Surf|p2a: Kingambit\n|-damage|p2a: Kingambit|18\/100\n|\n|-heal|p1a: Toxapex|62\/100|[from] item: Black Sludge\n|upkeep\n|turn|15\n|inactive|Mrs Arceus has 120 seconds left.\n|\n|t:|1700284303\n|switch|p1a: Hippowdon|Hippowdon, F|94\/100\n|-weather|Sandstorm|[from] ability: Sand Stream|[of] p1a: Hippowdon\n|move|p2a: Kingambit|Kowtow Cleave|p1a: Hippowdon\n|-damage|p1a: Hippowdon|67\/100\n|\n|-weather|Sandstorm|[upkeep]\n|-heal|p1a: Hippowdon|73\/100|[from] item: Leftovers\n|upkeep\n|turn|16\n|inactive|Mrs Arceus has 120 seconds left.\n|\n|t:|1700284316\n|switch|p2a: Samurott|Samurott-Hisui, F|88\/100\n|-damage|p2a: Samurott|76\/100|[from] Stealth Rock\n|move|p1a: Hippowdon|Earthquake|p2a: Samurott\n|-damage|p2a: Samurott|33\/100\n|\n|-weather|Sandstorm|[upkeep]\n|-damage|p2a: Samurott|27\/100|[from] Sandstorm\n|-heal|p1a: Hippowdon|79\/100|[from] item: Leftovers\n|upkeep\n|turn|17\n|inactive|Mrs Arceus has 120 seconds left.\n|\n|t:|1700284330\n|switch|p1a: Toxapex|Toxapex, F|96\/100\n|move|p2a: Samurott|Aqua Jet|p1a: Toxapex\n|-resisted|p1a: Toxapex\n|-damage|p1a: Toxapex|86\/100\n|\n|-weather|Sandstorm|[upkeep]\n|-damage|p2a: Samurott|21\/100|[from] Sandstorm\n|-damage|p1a: Toxapex|79\/100|[from] Sandstorm\n|-heal|p1a: Toxapex|86\/100|[from] item: Black Sludge\n|upkeep\n|turn|18\n|inactive|Mrs Arceus has 120 seconds left.\n|\n|t:|1700284352\n|switch|p2a: Kingambit|Kingambit, F|18\/100\n|-damage|p2a: Kingambit|12\/100|[from] Stealth Rock\n|move|p1a: Toxapex|Surf|p2a: Kingambit\n|-damage|p2a: Kingambit|0 fnt\n|faint|p2a: Kingambit\n|\n|-weather|Sandstorm|[upkeep]\n|-damage|p1a: Toxapex|79\/100|[from] Sandstorm\n|-heal|p1a: Toxapex|86\/100|[from] item: Black Sludge\n|upkeep\n|\n|t:|1700284366\n|switch|p2a: Armarouge|Armarouge, F|70\/100\n|-damage|p2a: Armarouge|45\/100|[from] Stealth Rock\n|turn|19\n|\n|t:|1700284384\n|switch|p1a: Blissey|Blissey, F|53\/100\n|move|p2a: Armarouge|Expanding Force|p1a: Blissey\n|-damage|p1a: Blissey|44\/100\n|\n|-weather|none\n|-heal|p1a: Blissey|50\/100|[from] item: Leftovers\n|upkeep\n|turn|20\n|\n|t:|1700284393\n|move|p2a: Armarouge|Aura Sphere|p1a: Blissey\n|-supereffective|p1a: Blissey\n|-damage|p1a: Blissey|38\/100\n|move|p1a: Blissey|Soft-Boiled|p1a: Blissey\n|-heal|p1a: Blissey|88\/100\n|\n|-heal|p1a: Blissey|94\/100|[from] item: Leftovers\n|upkeep\n|turn|21\n|inactive|Mrs Arceus has 120 seconds left.\n|\n|t:|1700284406\n|switch|p2a: Great Tusk|Great Tusk|100\/100\n|-damage|p2a: Great Tusk|97\/100|[from] Stealth Rock\n|move|p1a: Blissey|Seismic Toss|p2a: Great Tusk\n|-damage|p2a: Great Tusk|74\/100\n|\n|-heal|p1a: Blissey|99\/100|[from] item: Leftovers\n|upkeep\n|turn|22\n|inactive|Mrs Arceus has 120 seconds left.\n|\n|t:|1700284416\n|switch|p1a: Zapdos|Zapdos|100\/100\n|move|p2a: Great Tusk|Close Combat|p1a: Zapdos\n|-resisted|p1a: Zapdos\n|-damage|p1a: Zapdos|71\/100\n|-unboost|p2a: Great Tusk|def|1\n|-unboost|p2a: Great Tusk|spd|1\n|-heal|p2a: Great Tusk|77\/100|[from] item: Shell Bell|[of] p1a: Zapdos\n|\n|upkeep\n|turn|23\n|inactive|Mrs Arceus has 120 seconds left.\n|\n|t:|1700284436\n|-end|p2a: Great Tusk|Protosynthesis|[silent]\n|switch|p2a: Fezandipiti|Fezandipiti, M|100\/100\n|-damage|p2a: Fezandipiti|88\/100|[from] Stealth Rock\n|-terastallize|p1a: Zapdos|Electric\n|move|p1a: Zapdos|Heat Wave|p2a: Fezandipiti\n|-damage|p2a: Fezandipiti|69\/100\n|\n|upkeep\n|turn|24\n|inactive|Mrs Arceus has 120 seconds left.\n|\n|t:|1700284458\n|switch|p1a: Hippowdon|Hippowdon, F|79\/100\n|-weather|Sandstorm|[from] ability: Sand Stream|[of] p1a: Hippowdon\n|move|p2a: Fezandipiti|Poison Jab|p1a: Hippowdon\n|-resisted|p1a: Hippowdon\n|-damage|p1a: Hippowdon|68\/100\n|-status|p1a: Hippowdon|tox|[from] ability: Toxic Chain|[of] p2a: Fezandipiti\n|\n|-weather|Sandstorm|[upkeep]\n|-damage|p2a: Fezandipiti|63\/100|[from] Sandstorm\n|-heal|p1a: Hippowdon|75\/100 tox|[from] item: Leftovers\n|-damage|p1a: Hippowdon|68\/100 tox|[from] psn\n|upkeep\n|turn|25\n|inactive|Mrs Arceus has 120 seconds left.\n|\n|t:|1700284479\n|switch|p2a: Samurott|Samurott-Hisui, F|21\/100\n|-damage|p2a: Samurott|9\/100|[from] Stealth Rock\n|move|p1a: Hippowdon|Slack Off|p1a: Hippowdon\n|-heal|p1a: Hippowdon|100\/100 tox\n|\n|-weather|Sandstorm|[upkeep]\n|-damage|p2a: Samurott|3\/100|[from] Sandstorm\n|-damage|p1a: Hippowdon|88\/100 tox|[from] psn\n|upkeep\n|turn|26\n|\n|t:|1700284490\n|switch|p1a: Toxapex|Toxapex, F|100\/100\n|move|p2a: Samurott|Aqua Jet|p1a: Toxapex\n|-resisted|p1a: Toxapex\n|-damage|p1a: Toxapex|90\/100\n|\n|-weather|Sandstorm|[upkeep]\n|-damage|p2a: Samurott|0 fnt|[from] Sandstorm\n|-damage|p1a: Toxapex|84\/100|[from] Sandstorm\n|faint|p2a: Samurott\n|-heal|p1a: Toxapex|90\/100|[from] item: Black Sludge\n|upkeep\n|\n|t:|1700284503\n|switch|p2a: Great Tusk|Great Tusk|77\/100\n|-damage|p2a: Great Tusk|74\/100|[from] Stealth Rock\n|turn|27\n|\n|t:|1700284510\n|move|p1a: Toxapex|Protect|p1a: Toxapex\n|-singleturn|p1a: Toxapex|Protect\n|move|p2a: Great Tusk|Earthquake|p1a: Toxapex\n|-activate|p1a: Toxapex|move: Protect\n|\n|-weather|Sandstorm|[upkeep]\n|-damage|p1a: Toxapex|84\/100|[from] Sandstorm\n|-heal|p1a: Toxapex|90\/100|[from] item: Black Sludge\n|upkeep\n|turn|28\n|\n|t:|1700284519\n|switch|p1a: Corviknight|Corviknight, F|54\/100\n|-ability|p1a: Corviknight|Pressure\n|move|p2a: Great Tusk|Earthquake|p1a: Corviknight\n|-immune|p1a: Corviknight\n|\n|-weather|none\n|upkeep\n|turn|29\n|\n|t:|1700284534\n|move|p2a: Great Tusk|Close Combat|p1a: Corviknight\n|-damage|p1a: Corviknight|8\/100\n|-unboost|p2a: Great Tusk|def|1\n|-unboost|p2a: Great Tusk|spd|1\n|-damage|p2a: Great Tusk|58\/100|[from] item: Rocky Helmet|[of] p1a: Corviknight\n|-heal|p2a: Great Tusk|63\/100|[from] item: Shell Bell|[of] p1a: Corviknight\n|move|p1a: Corviknight|Roost|p1a: Corviknight\n|-heal|p1a: Corviknight|58\/100\n|-singleturn|p1a: Corviknight|move: Roost\n|\n|upkeep\n|turn|30\n|\n|t:|1700284546\n|move|p2a: Great Tusk|Close Combat|p1a: Corviknight\n|-damage|p1a: Corviknight|9\/100\n|-unboost|p2a: Great Tusk|def|1\n|-unboost|p2a: Great Tusk|spd|1\n|-damage|p2a: Great Tusk|46\/100|[from] item: Rocky Helmet|[of] p1a: Corviknight\n|-heal|p2a: Great Tusk|52\/100|[from] item: Shell Bell|[of] p1a: Corviknight\n|move|p1a: Corviknight|Roost|p1a: Corviknight\n|-heal|p1a: Corviknight|59\/100\n|-singleturn|p1a: Corviknight|move: Roost\n|\n|upkeep\n|turn|31\n|\n|t:|1700284558\n|move|p2a: Great Tusk|Close Combat|p1a: Corviknight\n|-damage|p1a: Corviknight|10\/100\n|-unboost|p2a: Great Tusk|def|1\n|-unboost|p2a: Great Tusk|spd|1\n|-damage|p2a: Great Tusk|35\/100|[from] item: Rocky Helmet|[of] p1a: Corviknight\n|-heal|p2a: Great Tusk|41\/100|[from] item: Shell Bell|[of] p1a: Corviknight\n|move|p1a: Corviknight|Roost|p1a: Corviknight\n|-heal|p1a: Corviknight|60\/100\n|-singleturn|p1a: Corviknight|move: Roost\n|\n|upkeep\n|turn|32\n|\n|t:|1700284575\n|-end|p2a: Great Tusk|Protosynthesis|[silent]\n|switch|p2a: Armarouge|Armarouge, F|45\/100\n|-damage|p2a: Armarouge|20\/100|[from] Stealth Rock\n|move|p1a: Corviknight|Roost|p1a: Corviknight\n|-heal|p1a: Corviknight|100\/100\n|-singleturn|p1a: Corviknight|move: Roost\n|\n|upkeep\n|turn|33\n|\n|t:|1700284584\n|switch|p1a: Blissey|Blissey, F|99\/100\n|move|p2a: Armarouge|Armor Cannon|p1a: Blissey\n|-damage|p1a: Blissey|82\/100\n|-unboost|p2a: Armarouge|def|1\n|-unboost|p2a: Armarouge|spd|1\n|\n|-heal|p1a: Blissey|88\/100|[from] item: Leftovers\n|upkeep\n|turn|34\n|\n|t:|1700284596\n|move|p2a: Armarouge|Calm Mind|p2a: Armarouge\n|-boost|p2a: Armarouge|spa|1\n|-boost|p2a: Armarouge|spd|1\n|move|p1a: Blissey|Seismic Toss|p2a: Armarouge\n|-damage|p2a: Armarouge|0 fnt\n|faint|p2a: Armarouge\n|\n|-heal|p1a: Blissey|94\/100|[from] item: Leftovers\n|upkeep\n|\n|t:|1700284608\n|switch|p2a: Fezandipiti|Fezandipiti, M|63\/100\n|-damage|p2a: Fezandipiti|51\/100|[from] Stealth Rock\n|turn|35\n|\n|t:|1700284616\n|switch|p1a: Corviknight|Corviknight, F|100\/100\n|-ability|p1a: Corviknight|Pressure\n|move|p2a: Fezandipiti|Toxic|p1a: Corviknight\n|-immune|p1a: Corviknight\n|\n|upkeep\n|turn|36\n|inactive|Mrs Arceus has 120 seconds left.\n|\n|t:|1700284625\n|switch|p2a: Walking Wake|Walking Wake|44\/100\n|-damage|p2a: Walking Wake|31\/100|[from] Stealth Rock\n|move|p1a: Corviknight|Body Press|p2a: Walking Wake\n|-damage|p2a: Walking Wake|14\/100\n|-damage|p1a: Corviknight|84\/100|[from] item: Rocky Helmet|[of] p2a: Walking Wake\n|\n|upkeep\n|turn|37\n|inactive|Mrs Arceus has 120 seconds left.\n|\n|t:|1700284636\n|move|p2a: Walking Wake|Hydro Steam|p1a: Corviknight\n|-damage|p1a: Corviknight|60\/100\n|move|p1a: Corviknight|U-turn|p2a: Walking Wake\n|-damage|p2a: Walking Wake|3\/100\n|-damage|p1a: Corviknight|43\/100|[from] item: Rocky Helmet|[of] p2a: Walking Wake\n|\n|t:|1700284648\n|switch|p1a: Toxapex|Toxapex, F|100\/100|[from] U-turn\n|\n|upkeep\n|turn|38\n|inactive|Mrs Arceus has 120 seconds left.\n|\n|t:|1700284663\n|move|p2a: Walking Wake|Dragon Claw|p1a: Toxapex\n|-damage|p1a: Toxapex|83\/100\n|move|p1a: Toxapex|Surf|p2a: Walking Wake\n|-resisted|p2a: Walking Wake\n|-damage|p2a: Walking Wake|0 fnt\n|faint|p2a: Walking Wake\n|-end|p2a: Walking Wake|Protosynthesis|[silent]\n|\n|-heal|p1a: Toxapex|89\/100|[from] item: Black Sludge\n|upkeep\n|inactive|Mrs Arceus has 120 seconds left.\n|\n|t:|1700284674\n|switch|p2a: Great Tusk|Great Tusk|41\/100\n|-damage|p2a: Great Tusk|38\/100|[from] Stealth Rock\n|turn|39\n|inactive|Mrs Arceus has 120 seconds left.\n|\n|t:|1700284681\n|move|p2a: Great Tusk|Earthquake|p1a: Toxapex\n|-supereffective|p1a: Toxapex\n|-damage|p1a: Toxapex|4\/100\n|-heal|p2a: Great Tusk|45\/100|[from] item: Shell Bell|[of] p1a: Toxapex\n|move|p1a: Toxapex|Surf|p2a: Great Tusk\n|-supereffective|p2a: Great Tusk\n|-crit|p2a: Great Tusk\n|-damage|p2a: Great Tusk|0 fnt\n|faint|p2a: Great Tusk\n|-end|p2a: Great Tusk|Protosynthesis|[silent]\n|\n|-heal|p1a: Toxapex|10\/100|[from] item: Black Sludge\n|upkeep\n|inactive|Mrs Arceus has 120 seconds left.\n|\n|t:|1700284694\n|switch|p2a: Fezandipiti|Fezandipiti, M|51\/100\n|-damage|p2a: Fezandipiti|38\/100|[from] Stealth Rock\n|turn|40\n|inactive|Mrs Arceus has 120 seconds left.\n|\n|t:|1700284705\n|move|p1a: Toxapex|Protect|p1a: Toxapex\n|-singleturn|p1a: Toxapex|Protect\n|move|p2a: Fezandipiti|Dazzling Gleam|p1a: Toxapex\n|-activate|p1a: Toxapex|move: Protect\n|\n|-heal|p1a: Toxapex|17\/100|[from] item: Black Sludge\n|upkeep\n|turn|41\n|inactive|Mrs Arceus has 120 seconds left.\n|\n|t:|1700284714\n|switch|p1a: Hippowdon|Hippowdon, F|88\/100 tox\n|-weather|Sandstorm|[from] ability: Sand Stream|[of] p1a: Hippowdon\n|move|p2a: Fezandipiti|Dazzling Gleam|p1a: Hippowdon\n|-damage|p1a: Hippowdon|69\/100 tox\n|\n|-weather|Sandstorm|[upkeep]\n|-damage|p2a: Fezandipiti|32\/100|[from] Sandstorm\n|-heal|p1a: Hippowdon|75\/100 tox|[from] item: Leftovers\n|-damage|p1a: Hippowdon|69\/100 tox|[from] psn\n|upkeep\n|turn|42\n|inactive|Mrs Arceus has 120 seconds left.\n|\n|t:|1700284727\n|move|p2a: Fezandipiti|Poison Jab|p1a: Hippowdon\n|-resisted|p1a: Hippowdon\n|-damage|p1a: Hippowdon|59\/100 tox\n|move|p1a: Hippowdon|Slack Off|p1a: Hippowdon\n|-heal|p1a: Hippowdon|100\/100 tox\n|\n|-weather|Sandstorm|[upkeep]\n|-damage|p2a: Fezandipiti|26\/100|[from] Sandstorm\n|-damage|p1a: Hippowdon|88\/100 tox|[from] psn\n|upkeep\n|turn|43\n|inactive|Mrs Arceus has 120 seconds left.\n|-message|Mrs Arceus forfeited.\n|\n|win|bellenguer2\n|raw|bellenguer2's rating: 1085 &rarr; <strong>1106<\/strong><br \/>(+21 for winning)\n|raw|Mrs Arceus's rating: 1000 &rarr; <strong>1000<\/strong><br \/>(+0 for losing)\n|l|\u2606Mrs Arceus\n","uploadtime":1700284743,"views":11,"p1id":"bellenguer2","p2id":"mrsarceus","formatid":"gen9ou","rating":1000,"private":0,"password":""}