{"id":"gen9ou-1999902137","p1":"Lushimi","p2":"Majin_Ops","format":"[Gen 9] OU","log":"|j|\u2606Lushimi\n|j|\u2606Majin_Ops\n|t:|1701128120\n|gametype|singles\n|player|p1|Lushimi|blackbelt-gen4|1138\n|player|p2|Majin_Ops|shadowtriad|1097\n|teamsize|p1|6\n|teamsize|p2|6\n|gen|9\n|tier|[Gen 9] OU\n|rated|\n|rule|Sleep Clause Mod: Limit one foe put to sleep\n|rule|Species Clause: Limit one of each Pok\u00e9mon\n|rule|OHKO Clause: OHKO moves are banned\n|rule|Evasion Items Clause: Evasion items are banned\n|rule|Evasion Moves Clause: Evasion moves are banned\n|rule|Endless Battle Clause: Forcing endless battles is banned\n|rule|HP Percentage Mod: HP is shown in percentages\n|clearpoke\n|poke|p1|Dondozo, F|\n|poke|p1|Ceruledge, F|\n|poke|p1|Maushold-Four|\n|poke|p1|Gastrodon-East, F|\n|poke|p1|Greninja-*, M|\n|poke|p1|Goodra-Hisui, F|\n|poke|p2|Ogerpon-Wellspring, F|\n|poke|p2|Mimikyu, F|\n|poke|p2|Dragonite, M|\n|poke|p2|Garganacl, M|\n|poke|p2|Iron Hands|\n|poke|p2|Corviknight, M|\n|teampreview\n|inactive|Battle timer is ON: inactive players will automatically lose when time's up. (requested by Lushimi)\n|inactive|Majin_Ops also wants the timer to be on.\n|\n|t:|1701128130\n|start\n|switch|p1a: Maushold|Maushold-Four|100\/100\n|switch|p2a: Ogerpon|Ogerpon-Wellspring, F|100\/100\n|turn|1\n|\n|t:|1701128139\n|move|p1a: Maushold|Population Bomb|p2a: Ogerpon\n|-damage|p2a: Ogerpon|88\/100\n|-damage|p2a: Ogerpon|75\/100\n|-crit|p2a: Ogerpon\n|-damage|p2a: Ogerpon|54\/100\n|-damage|p2a: Ogerpon|40\/100\n|-damage|p2a: Ogerpon|28\/100\n|-damage|p2a: Ogerpon|14\/100\n|-damage|p2a: Ogerpon|0 fnt\n|faint|p2a: Ogerpon\n|-hitcount|p2: Ogerpon|7\n|\n|upkeep\n|\n|t:|1701128155\n|switch|p2a: Iron Hands|Iron Hands|100\/100\n|-enditem|p2a: Iron Hands|Booster Energy\n|-activate|p2a: Iron Hands|ability: Quark Drive|[fromitem]\n|-start|p2a: Iron Hands|quarkdriveatk\n|turn|2\n|\n|t:|1701128169\n|switch|p1a: Gastrodon|Gastrodon-East, F|100\/100\n|move|p2a: Iron Hands|Fake Out|p1a: Gastrodon\n|-damage|p1a: Gastrodon|78\/100\n|\n|upkeep\n|turn|3\n|\n|t:|1701128184\n|-end|p2a: Iron Hands|Quark Drive|[silent]\n|switch|p2a: Corviknight|Corviknight, M|100\/100\n|move|p1a: Gastrodon|Earth Power|p2a: Corviknight\n|-immune|p2a: Corviknight\n|\n|upkeep\n|turn|4\n|\n|t:|1701128192\n|move|p2a: Corviknight|Bulk Up|p2a: Corviknight\n|-boost|p2a: Corviknight|atk|1\n|-boost|p2a: Corviknight|def|1\n|move|p1a: Gastrodon|Hydro Pump|p2a: Corviknight\n|-damage|p2a: Corviknight|45\/100\n|\n|-heal|p2a: Corviknight|51\/100|[from] item: Leftovers\n|upkeep\n|turn|5\n|\n|t:|1701128208\n|move|p2a: Corviknight|Brave Bird|p1a: Gastrodon\n|-damage|p1a: Gastrodon|0 fnt\n|faint|p1a: Gastrodon\n|-damage|p2a: Corviknight|22\/100|[from] Recoil\n|\n|-heal|p2a: Corviknight|28\/100|[from] item: Leftovers\n|upkeep\n|\n|t:|1701128217\n|switch|p1a: Greninja|Greninja, M|100\/100\n|turn|6\n|\n|t:|1701128237\n|switch|p2a: Iron Hands|Iron Hands|100\/100\n|move|p1a: Greninja|Dark Pulse|p2a: Iron Hands\n|-start|p1a: Greninja|typechange|Dark|[from] ability: Protean\n|-resisted|p2a: Iron Hands\n|-crit|p2a: Iron Hands\n|-damage|p2a: Iron Hands|79\/100\n|\n|upkeep\n|turn|7\n|\n|t:|1701128248\n|switch|p1a: Dondozo|Dondozo, F|100\/100\n|move|p2a: Iron Hands|Drain Punch|p1a: Dondozo\n|-damage|p1a: Dondozo|76\/100\n|-heal|p2a: Iron Hands|92\/100|[from] drain|[of] p1a: Dondozo\n|\n|upkeep\n|turn|8\n|\n|t:|1701128257\n|move|p2a: Iron Hands|Swords Dance|p2a: Iron Hands\n|-boost|p2a: Iron Hands|atk|2\n|move|p1a: Dondozo|Earthquake|p2a: Iron Hands\n|-supereffective|p2a: Iron Hands\n|-damage|p2a: Iron Hands|49\/100\n|\n|upkeep\n|turn|9\n|\n|t:|1701128277\n|move|p2a: Iron Hands|Wild Charge|p1a: Dondozo\n|-supereffective|p1a: Dondozo\n|-damage|p1a: Dondozo|23\/100\n|-damage|p2a: Iron Hands|35\/100|[from] Recoil\n|move|p1a: Dondozo|Earthquake|p2a: Iron Hands\n|-supereffective|p2a: Iron Hands\n|-damage|p2a: Iron Hands|0 fnt\n|faint|p2a: Iron Hands\n|-end|p2a: Iron Hands|Quark Drive|[silent]\n|\n|upkeep\n|\n|t:|1701128297\n|switch|p2a: Corviknight|Corviknight, M|28\/100\n|turn|10\n|\n|t:|1701128309\n|move|p2a: Corviknight|Iron Head|p1a: Dondozo\n|-resisted|p1a: Dondozo\n|-damage|p1a: Dondozo|13\/100\n|move|p1a: Dondozo|Wave Crash|p2a: Corviknight\n|-damage|p2a: Corviknight|0 fnt\n|faint|p2a: Corviknight\n|-damage|p1a: Dondozo|6\/100|[from] Recoil\n|\n|upkeep\n|\n|t:|1701128319\n|switch|p2a: Mimikyu|Mimikyu, F|100\/100\n|turn|11\n|\n|t:|1701128324\n|move|p2a: Mimikyu|Swords Dance|p2a: Mimikyu\n|-boost|p2a: Mimikyu|atk|2\n|move|p1a: Dondozo|Rest|p1a: Dondozo\n|-status|p1a: Dondozo|slp|[from] move: Rest\n|-heal|p1a: Dondozo|100\/100 slp|[silent]\n|\n|upkeep\n|turn|12\n|\n|t:|1701128333\n|move|p2a: Mimikyu|Swords Dance|p2a: Mimikyu\n|-boost|p2a: Mimikyu|atk|2\n|cant|p1a: Dondozo|slp\n|\n|upkeep\n|turn|13\n|\n|t:|1701128340\n|move|p2a: Mimikyu|Swords Dance|p2a: Mimikyu\n|-boost|p2a: Mimikyu|atk|2\n|cant|p1a: Dondozo|slp\n|\n|upkeep\n|turn|14\n|\n|t:|1701128348\n|move|p2a: Mimikyu|Play Rough|p1a: Dondozo\n|-damage|p1a: Dondozo|72\/100 slp\n|-damage|p2a: Mimikyu|91\/100|[from] item: Life Orb\n|-curestatus|p1a: Dondozo|slp|[msg]\n|move|p1a: Dondozo|Earthquake|p2a: Mimikyu\n|-activate|p2a: Mimikyu|ability: Disguise\n|-damage|p2a: Mimikyu|91\/100\n|detailschange|p2a: Mimikyu|Mimikyu-Busted, F\n|-damage|p2a: Mimikyu|78\/100|[from] pokemon: Mimikyu-Busted\n|\n|upkeep\n|turn|15\n|\n|t:|1701128371\n|move|p2a: Mimikyu|Drain Punch|p1a: Dondozo\n|-damage|p1a: Dondozo|56\/100\n|-heal|p2a: Mimikyu|93\/100|[from] drain|[of] p1a: Dondozo\n|-damage|p2a: Mimikyu|83\/100|[from] item: Life Orb\n|move|p1a: Dondozo|Wave Crash|p2a: Mimikyu\n|-damage|p2a: Mimikyu|4\/100\n|-damage|p1a: Dondozo|42\/100|[from] Recoil\n|\n|upkeep\n|turn|16\n|\n|t:|1701128383\n|move|p2a: Mimikyu|Shadow Sneak|p1a: Dondozo\n|-damage|p1a: Dondozo|29\/100\n|-damage|p2a: Mimikyu|0 fnt|[from] item: Life Orb\n|faint|p2a: Mimikyu\n|move|p1a: Dondozo|Avalanche|p2: Mimikyu|[notarget]\n|-fail|p1a: Dondozo\n|\n|upkeep\n|\n|t:|1701128391\n|switch|p2a: Dragonite|Dragonite, M|100\/100\n|turn|17\n|\n|t:|1701128396\n|move|p2a: Dragonite|Dragon Dance|p2a: Dragonite\n|-boost|p2a: Dragonite|atk|1\n|-boost|p2a: Dragonite|spe|1\n|move|p1a: Dondozo|Avalanche|p2a: Dragonite\n|-supereffective|p2a: Dragonite\n|-damage|p2a: Dragonite|61\/100\n|-enditem|p2a: Dragonite|Weakness Policy\n|-boost|p2a: Dragonite|atk|2|[from] item: Weakness Policy\n|-boost|p2a: Dragonite|spa|2|[from] item: Weakness Policy\n|\n|upkeep\n|turn|18\n|\n|t:|1701128407\n|move|p2a: Dragonite|Dragon Claw|p1a: Dondozo\n|-damage|p1a: Dondozo|5\/100\n|move|p1a: Dondozo|Avalanche|p2a: Dragonite\n|-supereffective|p2a: Dragonite\n|-damage|p2a: Dragonite|0 fnt\n|faint|p2a: Dragonite\n|\n|upkeep\n|\n|t:|1701128416\n|switch|p2a: Garganacl|Garganacl, M|100\/100\n|turn|19\n|\n|t:|1701128427\n|-terastallize|p2a: Garganacl|Fairy\n|move|p1a: Dondozo|Rest|p1a: Dondozo\n|-status|p1a: Dondozo|slp|[from] move: Rest\n|-heal|p1a: Dondozo|100\/100 slp|[silent]\n|move|p2a: Garganacl|Iron Defense|p2a: Garganacl\n|-boost|p2a: Garganacl|def|2\n|\n|upkeep\n|turn|20\n|\n|t:|1701128436\n|cant|p1a: Dondozo|slp\n|move|p2a: Garganacl|Iron Defense|p2a: Garganacl\n|-boost|p2a: Garganacl|def|2\n|\n|upkeep\n|turn|21\n|\n|t:|1701128443\n|move|p2a: Garganacl|Iron Defense|p2a: Garganacl\n|-boost|p2a: Garganacl|def|2\n|cant|p1a: Dondozo|slp\n|\n|upkeep\n|turn|22\n|\n|t:|1701128449\n|move|p2a: Garganacl|Salt Cure|p1a: Dondozo\n|-damage|p1a: Dondozo|93\/100 slp\n|-curestatus|p1a: Dondozo|slp|[msg]\n|move|p1a: Dondozo|Wave Crash|p2a: Garganacl\n|-damage|p2a: Garganacl|66\/100\n|-damage|p1a: Dondozo|84\/100|[from] Recoil\n|\n|-heal|p2a: Garganacl|73\/100|[from] item: Leftovers\n|upkeep\n|turn|23\n|\n|t:|1701128460\n|move|p1a: Dondozo|Wave Crash|p2a: Garganacl\n|-damage|p2a: Garganacl|36\/100\n|-damage|p1a: Dondozo|74\/100|[from] Recoil\n|move|p2a: Garganacl|Salt Cure|p1a: Dondozo\n|-crit|p1a: Dondozo\n|-damage|p1a: Dondozo|63\/100\n|\n|-heal|p2a: Garganacl|42\/100|[from] item: Leftovers\n|upkeep\n|turn|24\n|\n|t:|1701128471\n|move|p1a: Dondozo|Wave Crash|p2a: Garganacl\n|-damage|p2a: Garganacl|4\/100\n|-damage|p1a: Dondozo|53\/100|[from] Recoil\n|move|p2a: Garganacl|Recover|p2a: Garganacl\n|-heal|p2a: Garganacl|54\/100\n|\n|-heal|p2a: Garganacl|61\/100|[from] item: Leftovers\n|upkeep\n|turn|25\n|\n|t:|1701128483\n|move|p1a: Dondozo|Wave Crash|p2a: Garganacl\n|-damage|p2a: Garganacl|27\/100\n|-damage|p1a: Dondozo|45\/100|[from] Recoil\n|move|p2a: Garganacl|Recover|p2a: Garganacl\n|-heal|p2a: Garganacl|77\/100\n|\n|-heal|p2a: Garganacl|84\/100|[from] item: Leftovers\n|upkeep\n|turn|26\n|\n|t:|1701128492\n|move|p2a: Garganacl|Iron Defense|p2a: Garganacl\n|-boost|p2a: Garganacl|def|0\n|move|p1a: Dondozo|Avalanche|p2a: Garganacl\n|-damage|p2a: Garganacl|71\/100\n|\n|-heal|p2a: Garganacl|77\/100|[from] item: Leftovers\n|upkeep\n|turn|27\n|\n|t:|1701128502\n|move|p2a: Garganacl|Body Press|p1a: Dondozo\n|-damage|p1a: Dondozo|29\/100\n|move|p1a: Dondozo|Earthquake|p2a: Garganacl\n|-damage|p2a: Garganacl|57\/100\n|\n|-heal|p2a: Garganacl|63\/100|[from] item: Leftovers\n|upkeep\n|turn|28\n|\n|t:|1701128512\n|move|p2a: Garganacl|Recover|p2a: Garganacl\n|-heal|p2a: Garganacl|100\/100\n|move|p1a: Dondozo|Rest|p1a: Dondozo\n|-status|p1a: Dondozo|slp|[from] move: Rest\n|-heal|p1a: Dondozo|100\/100 slp|[silent]\n|\n|upkeep\n|turn|29\n|\n|t:|1701128521\n|move|p2a: Garganacl|Body Press|p1a: Dondozo\n|-damage|p1a: Dondozo|85\/100 slp\n|cant|p1a: Dondozo|slp\n|\n|upkeep\n|turn|30\n|\n|t:|1701128527\n|switch|p1a: Ceruledge|Ceruledge, F|100\/100\n|move|p2a: Garganacl|Body Press|p1a: Ceruledge\n|-immune|p1a: Ceruledge\n|\n|upkeep\n|turn|31\n|\n|t:|1701128543\n|move|p1a: Ceruledge|Iron Head|p2a: Garganacl\n|-supereffective|p2a: Garganacl\n|-damage|p2a: Garganacl|92\/100\n|move|p2a: Garganacl|Salt Cure|p1a: Ceruledge\n|-supereffective|p1a: Ceruledge\n|-damage|p1a: Ceruledge|59\/100\n|-start|p1a: Ceruledge|Salt Cure\n|\n|-heal|p2a: Garganacl|98\/100|[from] item: Leftovers\n|-damage|p1a: Ceruledge|46\/100|[from] Salt Cure\n|upkeep\n|turn|32\n|\n|t:|1701128554\n|move|p1a: Ceruledge|Iron Head|p2a: Garganacl\n|-supereffective|p2a: Garganacl\n|-damage|p2a: Garganacl|89\/100\n|move|p2a: Garganacl|Salt Cure|p1a: Ceruledge\n|-supereffective|p1a: Ceruledge\n|-damage|p1a: Ceruledge|10\/100\n|-enditem|p1a: Ceruledge|Salac Berry|[eat]\n|-boost|p1a: Ceruledge|spe|1|[from] item: Salac Berry\n|\n|-heal|p2a: Garganacl|95\/100|[from] item: Leftovers\n|-damage|p1a: Ceruledge|0 fnt|[from] Salt Cure\n|faint|p1a: Ceruledge\n|upkeep\n|\n|t:|1701128559\n|switch|p1a: Greninja|Greninja, M|100\/100\n|turn|33\n|\n|t:|1701128571\n|move|p1a: Greninja|Grass Knot|p2a: Garganacl\n|-start|p1a: Greninja|typechange|Grass|[from] ability: Protean\n|-damage|p2a: Garganacl|52\/100\n|move|p2a: Garganacl|Body Press|p1a: Greninja\n|-damage|p1a: Greninja|0 fnt\n|faint|p1a: Greninja\n|\n|-heal|p2a: Garganacl|59\/100|[from] item: Leftovers\n|upkeep\n|\n|t:|1701128586\n|switch|p1a: Goodra|Goodra-Hisui, F|100\/100\n|turn|34\n|\n|t:|1701128590\n|move|p1a: Goodra|Heavy Slam|p2a: Garganacl\n|-supereffective|p2a: Garganacl\n|-damage|p2a: Garganacl|54\/100\n|move|p2a: Garganacl|Recover|p2a: Garganacl\n|-heal|p2a: Garganacl|100\/100\n|\n|upkeep\n|turn|35\n|\n|t:|1701128598\n|move|p1a: Goodra|Heavy Slam|p2a: Garganacl\n|-supereffective|p2a: Garganacl\n|-crit|p2a: Garganacl\n|-damage|p2a: Garganacl|76\/100\n|move|p2a: Garganacl|Body Press|p1a: Goodra\n|-supereffective|p1a: Goodra\n|-damage|p1a: Goodra|0 fnt\n|faint|p1a: Goodra\n|\n|-heal|p2a: Garganacl|82\/100|[from] item: Leftovers\n|upkeep\n|\n|t:|1701128603\n|switch|p1a: Maushold|Maushold-Four|100\/100\n|turn|36\n|\n|t:|1701128611\n|move|p1a: Maushold|Population Bomb|p2a: Garganacl\n|-damage|p2a: Garganacl|80\/100\n|-damage|p2a: Garganacl|79\/100\n|-damage|p2a: Garganacl|77\/100\n|-damage|p2a: Garganacl|75\/100\n|-damage|p2a: Garganacl|73\/100\n|-damage|p2a: Garganacl|71\/100\n|-crit|p2a: Garganacl\n|-damage|p2a: Garganacl|60\/100\n|-damage|p2a: Garganacl|59\/100\n|-crit|p2a: Garganacl\n|-damage|p2a: Garganacl|49\/100\n|-damage|p2a: Garganacl|47\/100\n|-hitcount|p2a: Garganacl|10\n|move|p2a: Garganacl|Body Press|p1a: Maushold\n|-supereffective|p1a: Maushold\n|-damage|p1a: Maushold|0 fnt\n|faint|p1a: Maushold\n|\n|-heal|p2a: Garganacl|53\/100|[from] item: Leftovers\n|upkeep\n|\n|t:|1701128614\n|switch|p1a: Dondozo|Dondozo, F|85\/100 slp\n|turn|37\n|\n|t:|1701128635\n|move|p2a: Garganacl|Body Press|p1a: Dondozo\n|-crit|p1a: Dondozo\n|-damage|p1a: Dondozo|63\/100 slp\n|cant|p1a: Dondozo|slp\n|\n|-heal|p2a: Garganacl|59\/100|[from] item: Leftovers\n|upkeep\n|turn|38\n|\n|t:|1701128643\n|-curestatus|p1a: Dondozo|slp|[msg]\n|move|p1a: Dondozo|Earthquake|p2a: Garganacl\n|-damage|p2a: Garganacl|40\/100\n|move|p2a: Garganacl|Body Press|p1a: Dondozo\n|-damage|p1a: Dondozo|48\/100\n|\n|-heal|p2a: Garganacl|46\/100|[from] item: Leftovers\n|upkeep\n|turn|39\n|\n|t:|1701128655\n|move|p1a: Dondozo|Earthquake|p2a: Garganacl\n|-damage|p2a: Garganacl|25\/100\n|move|p2a: Garganacl|Recover|p2a: Garganacl\n|-heal|p2a: Garganacl|75\/100\n|\n|-heal|p2a: Garganacl|81\/100|[from] item: Leftovers\n|upkeep\n|turn|40\n|\n|t:|1701128665\n|move|p2a: Garganacl|Body Press|p1a: Dondozo\n|-crit|p1a: Dondozo\n|-damage|p1a: Dondozo|25\/100\n|move|p1a: Dondozo|Avalanche|p2a: Garganacl\n|-damage|p2a: Garganacl|55\/100\n|\n|-heal|p2a: Garganacl|61\/100|[from] item: Leftovers\n|upkeep\n|turn|41\n|\n|t:|1701128674\n|move|p2a: Garganacl|Body Press|p1a: Dondozo\n|-damage|p1a: Dondozo|10\/100\n|move|p1a: Dondozo|Rest|p1a: Dondozo\n|-status|p1a: Dondozo|slp|[from] move: Rest\n|-heal|p1a: Dondozo|100\/100 slp|[silent]\n|\n|-heal|p2a: Garganacl|68\/100|[from] item: Leftovers\n|upkeep\n|turn|42\n|\n|t:|1701128684\n|move|p2a: Garganacl|Body Press|p1a: Dondozo\n|-damage|p1a: Dondozo|86\/100 slp\n|cant|p1a: Dondozo|slp\n|\n|-heal|p2a: Garganacl|74\/100|[from] item: Leftovers\n|upkeep\n|turn|43\n|\n|t:|1701128693\n|cant|p1a: Dondozo|slp\n|move|p2a: Garganacl|Body Press|p1a: Dondozo\n|-damage|p1a: Dondozo|70\/100 slp\n|\n|-heal|p2a: Garganacl|80\/100|[from] item: Leftovers\n|upkeep\n|turn|44\n|\n|t:|1701128701\n|-curestatus|p1a: Dondozo|slp|[msg]\n|move|p1a: Dondozo|Earthquake|p2a: Garganacl\n|-damage|p2a: Garganacl|61\/100\n|move|p2a: Garganacl|Body Press|p1a: Dondozo\n|-crit|p1a: Dondozo\n|-damage|p1a: Dondozo|45\/100\n|\n|-heal|p2a: Garganacl|67\/100|[from] item: Leftovers\n|upkeep\n|turn|45\n|\n|t:|1701128712\n|move|p1a: Dondozo|Earthquake|p2a: Garganacl\n|-damage|p2a: Garganacl|49\/100\n|move|p2a: Garganacl|Body Press|p1a: Dondozo\n|-damage|p1a: Dondozo|30\/100\n|\n|-heal|p2a: Garganacl|55\/100|[from] item: Leftovers\n|upkeep\n|turn|46\n|\n|t:|1701128723\n|move|p2a: Garganacl|Body Press|p1a: Dondozo\n|-damage|p1a: Dondozo|14\/100\n|move|p1a: Dondozo|Earthquake|p2a: Garganacl\n|-damage|p2a: Garganacl|36\/100\n|\n|-heal|p2a: Garganacl|42\/100|[from] item: Leftovers\n|upkeep\n|turn|47\n|\n|t:|1701128732\n|move|p1a: Dondozo|Rest|p1a: Dondozo\n|-status|p1a: Dondozo|slp|[from] move: Rest\n|-heal|p1a: Dondozo|100\/100 slp|[silent]\n|move|p2a: Garganacl|Body Press|p1a: Dondozo\n|-damage|p1a: Dondozo|85\/100 slp\n|\n|-heal|p2a: Garganacl|48\/100|[from] item: Leftovers\n|upkeep\n|turn|48\n|\n|t:|1701128746\n|move|p2a: Garganacl|Salt Cure|p1a: Dondozo\n|-damage|p1a: Dondozo|76\/100 slp\n|cant|p1a: Dondozo|slp\n|\n|-heal|p2a: Garganacl|54\/100|[from] item: Leftovers\n|upkeep\n|turn|49\n|\n|t:|1701128755\n|move|p2a: Garganacl|Salt Cure|p1a: Dondozo\n|-damage|p1a: Dondozo|68\/100 slp\n|cant|p1a: Dondozo|slp\n|\n|-heal|p2a: Garganacl|61\/100|[from] item: Leftovers\n|upkeep\n|turn|50\n|\n|t:|1701128763\n|move|p2a: Garganacl|Salt Cure|p1a: Dondozo\n|-damage|p1a: Dondozo|59\/100 slp\n|-curestatus|p1a: Dondozo|slp|[msg]\n|move|p1a: Dondozo|Avalanche|p2a: Garganacl\n|-damage|p2a: Garganacl|38\/100\n|\n|-heal|p2a: Garganacl|44\/100|[from] item: Leftovers\n|upkeep\n|turn|51\n|\n|t:|1701128774\n|move|p1a: Dondozo|Earthquake|p2a: Garganacl\n|-damage|p2a: Garganacl|23\/100\n|move|p2a: Garganacl|Salt Cure|p1a: Dondozo\n|-damage|p1a: Dondozo|51\/100\n|\n|-heal|p2a: Garganacl|29\/100|[from] item: Leftovers\n|upkeep\n|turn|52\n|\n|t:|1701128783\n|move|p2a: Garganacl|Recover|p2a: Garganacl\n|-heal|p2a: Garganacl|80\/100\n|move|p1a: Dondozo|Earthquake|p2a: Garganacl\n|-damage|p2a: Garganacl|60\/100\n|\n|-heal|p2a: Garganacl|66\/100|[from] item: Leftovers\n|upkeep\n|turn|53\n|\n|t:|1701128792\n|move|p2a: Garganacl|Salt Cure|p1a: Dondozo\n|-damage|p1a: Dondozo|43\/100\n|move|p1a: Dondozo|Avalanche|p2a: Garganacl\n|-damage|p2a: Garganacl|40\/100\n|\n|-heal|p2a: Garganacl|47\/100|[from] item: Leftovers\n|upkeep\n|turn|54\n|\n|t:|1701128801\n|move|p1a: Dondozo|Rest|p1a: Dondozo\n|-status|p1a: Dondozo|slp|[from] move: Rest\n|-heal|p1a: Dondozo|100\/100 slp|[silent]\n|move|p2a: Garganacl|Salt Cure|p1a: Dondozo\n|-damage|p1a: Dondozo|92\/100 slp\n|\n|-heal|p2a: Garganacl|53\/100|[from] item: Leftovers\n|upkeep\n|turn|55\n|\n|t:|1701128812\n|move|p2a: Garganacl|Salt Cure|p1a: Dondozo\n|-damage|p1a: Dondozo|83\/100 slp\n|cant|p1a: Dondozo|slp\n|\n|-heal|p2a: Garganacl|59\/100|[from] item: Leftovers\n|upkeep\n|turn|56\n|\n|t:|1701128820\n|cant|p1a: Dondozo|slp\n|move|p2a: Garganacl|Salt Cure|p1a: Dondozo\n|-damage|p1a: Dondozo|74\/100 slp\n|\n|-heal|p2a: Garganacl|65\/100|[from] item: Leftovers\n|upkeep\n|turn|57\n|\n|t:|1701128828\n|move|p2a: Garganacl|Salt Cure|p1a: Dondozo\n|-damage|p1a: Dondozo|66\/100 slp\n|-curestatus|p1a: Dondozo|slp|[msg]\n|move|p1a: Dondozo|Avalanche|p2a: Garganacl\n|-damage|p2a: Garganacl|40\/100\n|\n|-heal|p2a: Garganacl|46\/100|[from] item: Leftovers\n|upkeep\n|turn|58\n|-message|Majin_Ops forfeited.\n|\n|win|Lushimi\n|raw|Lushimi's rating: 1138 &rarr; <strong>1160<\/strong><br \/>(+22 for winning)\n|raw|Majin_Ops's rating: 1097 &rarr; <strong>1075<\/strong><br \/>(-22 for losing)\n|l|\u2606Majin_Ops\n","uploadtime":1701128838,"views":2,"p1id":"lushimi","p2id":"majinops","formatid":"gen9ou","rating":1075,"private":0,"password":""}