{"id":"gen9ou-1997601375","p1":"OliPlayzHD","p2":"lvcinda","format":"[Gen 9] OU","log":"|j|\u2606OliPlayzHD\n|j|\u2606lvcinda\n|inactive|Battle timer is ON: inactive players will automatically lose when time's up.\n|t:|1700831465\n|gametype|singles\n|player|p1|OliPlayzHD|wattson|\n|player|p2|lvcinda|cynthia-anime2|\n|teamsize|p1|5\n|teamsize|p2|5\n|gen|9\n|tier|[Gen 9] OU\n|rated|Tournament battle\n|rule|Sleep Clause Mod: Limit one foe put to sleep\n|rule|Species Clause: Limit one of each Pok\u00e9mon\n|rule|OHKO Clause: OHKO moves are banned\n|rule|Evasion Items Clause: Evasion items are banned\n|rule|Evasion Moves Clause: Evasion moves are banned\n|rule|Endless Battle Clause: Forcing endless battles is banned\n|rule|HP Percentage Mod: HP is shown in percentages\n|clearpoke\n|poke|p1|Magneton|\n|poke|p1|Talonflame, F|\n|poke|p1|Drowzee, F|\n|poke|p1|Starly, L1, M|\n|poke|p1|Toxapex, M|\n|poke|p2|Pawniard, M|\n|poke|p2|Shellos, F|\n|poke|p2|Zorua-Hisui, M|\n|poke|p2|Milotic, M|\n|poke|p2|Dragonite, F|\n|teampreview\n|j|*Lady Monita \u2746\n|\n|t:|1700831475\n|start\n|switch|p1a: Drowzee|Drowzee, F|100\/100\n|switch|p2a: Shellos|Shellos, F, shiny|100\/100\n|-activate|p1a: Drowzee|ability: Forewarn|Knock Off|[of] p2a: Shellos\n|turn|1\n|\n|t:|1700831485\n|move|p2a: Shellos|Taunt|p1a: Drowzee\n|-start|p1a: Drowzee|move: Taunt\n|cant|p1a: Drowzee|move: Taunt|Toxic\n|\n|upkeep\n|turn|2\n|\n|t:|1700831489\n|move|p2a: Shellos|Knock Off|p1a: Drowzee\n|-supereffective|p1a: Drowzee\n|-damage|p1a: Drowzee|58\/100\n|-enditem|p1a: Drowzee|Eviolite|[from] move: Knock Off|[of] p2a: Shellos\n|move|p1a: Drowzee|Knock Off|p2a: Shellos\n|-supereffective|p2a: Shellos\n|-damage|p2a: Shellos|58\/100\n|replace|p2a: Zorua|Zorua-Hisui, M, shiny\n|-end|p2a: Zorua|Illusion\n|-enditem|p2a: Zorua|Eviolite|[from] move: Knock Off|[of] p1a: Drowzee\n|\n|upkeep\n|turn|3\n|\n|t:|1700831504\n|move|p2a: Zorua|Will-O-Wisp|p1a: Drowzee|[miss]\n|-miss|p2a: Zorua|p1a: Drowzee\n|move|p1a: Drowzee|Knock Off|p2a: Zorua\n|-supereffective|p2a: Zorua\n|-damage|p2a: Zorua|18\/100\n|\n|-end|p1a: Drowzee|move: Taunt\n|upkeep\n|turn|4\n|j| dgzdr\n|\n|t:|1700831510\n|move|p2a: Zorua|Will-O-Wisp|p1a: Drowzee\n|-status|p1a: Drowzee|brn\n|move|p1a: Drowzee|Knock Off|p2a: Zorua\n|-supereffective|p2a: Zorua\n|-damage|p2a: Zorua|0 fnt\n|faint|p2a: Zorua\n|\n|-damage|p1a: Drowzee|52\/100 brn|[from] brn\n|upkeep\n|\n|t:|1700831514\n|switch|p2a: Pawniard|Pawniard, M, shiny|100\/100\n|turn|5\n|j| ezecruck\n|\n|t:|1700831519\n|move|p2a: Pawniard|Swords Dance|p2a: Pawniard\n|-boost|p2a: Pawniard|atk|2\n|move|p1a: Drowzee|Knock Off|p2a: Pawniard\n|-resisted|p2a: Pawniard\n|-damage|p2a: Pawniard|97\/100\n|-enditem|p2a: Pawniard|Eviolite|[from] move: Knock Off|[of] p1a: Drowzee\n|\n|-damage|p1a: Drowzee|46\/100 brn|[from] brn\n|upkeep\n|turn|6\n|\n|t:|1700831526\n|move|p2a: Pawniard|Night Slash|p1a: Drowzee\n|-supereffective|p1a: Drowzee\n|-damage|p1a: Drowzee|0 fnt\n|faint|p1a: Drowzee\n|\n|upkeep\n|inactive|OliPlayzHD has 120 seconds left.\n|j|^HEAVY-DUTY B0OTY\n|inactive|OliPlayzHD has 90 seconds left.\n|\n|t:|1700831592\n|switch|p1a: Talonflame|Talonflame, F|100\/100\n|turn|7\n|\n|t:|1700831597\n|move|p1a: Talonflame|Flare Blitz|p2a: Pawniard\n|-supereffective|p2a: Pawniard\n|-crit|p2a: Pawniard\n|-damage|p2a: Pawniard|0 fnt\n|faint|p2a: Pawniard\n|-damage|p1a: Talonflame|69\/100|[from] Recoil\n|\n|upkeep\n|\n|t:|1700831607\n|switch|p2a: Dragonite|Dragonite, F|100\/100\n|turn|8\n|\n|t:|1700831616\n|move|p1a: Talonflame|Brave Bird|p2a: Dragonite\n|-damage|p2a: Dragonite|76\/100\n|-damage|p1a: Talonflame|60\/100|[from] Recoil\n|move|p2a: Dragonite|Dragon Dance|p2a: Dragonite\n|-boost|p2a: Dragonite|atk|1\n|-boost|p2a: Dragonite|spe|1\n|\n|-heal|p2a: Dragonite|82\/100|[from] item: Leftovers\n|upkeep\n|turn|9\n|\n|t:|1700831624\n|move|p2a: Dragonite|Dragon Claw|p1a: Talonflame\n|-crit|p1a: Talonflame\n|-damage|p1a: Talonflame|0 fnt\n|faint|p1a: Talonflame\n|\n|-heal|p2a: Dragonite|88\/100|[from] item: Leftovers\n|upkeep\n|\n|t:|1700831627\n|switch|p1a: Starly|Starly, L1, M|100\/100\n|turn|10\n|inactive|OliPlayzHD has 120 seconds left.\n|\n|t:|1700831635\n|move|p2a: Dragonite|Dragon Claw|p1a: Starly\n|-enditem|p1a: Starly|Focus Sash\n|-damage|p1a: Starly|10\/100\n|move|p1a: Starly|Endeavor|p2a: Dragonite\n|-damage|p2a: Dragonite|1\/100\n|\n|-heal|p2a: Dragonite|7\/100|[from] item: Leftovers\n|upkeep\n|turn|11\n|\n|t:|1700831639\n|move|p2a: Dragonite|Extreme Speed|p1a: Starly\n|-damage|p1a: Starly|0 fnt\n|faint|p1a: Starly\n|\n|-heal|p2a: Dragonite|13\/100|[from] item: Leftovers\n|upkeep\n|\n|t:|1700831646\n|switch|p1a: Toxapex|Toxapex, M|100\/100\n|turn|12\n|\n|t:|1700831649\n|move|p1a: Toxapex|Baneful Bunker|p1a: Toxapex\n|-singleturn|p1a: Toxapex|move: Protect\n|move|p2a: Dragonite|Earthquake|p1a: Toxapex\n|-activate|p1a: Toxapex|move: Protect\n|\n|-heal|p2a: Dragonite|19\/100|[from] item: Leftovers\n|upkeep\n|turn|13\n|\n|t:|1700831659\n|move|p2a: Dragonite|Earthquake|p1a: Toxapex\n|-supereffective|p1a: Toxapex\n|-damage|p1a: Toxapex|35\/100\n|move|p1a: Toxapex|Chilling Water|p2a: Dragonite\n|-resisted|p2a: Dragonite\n|-crit|p2a: Dragonite\n|-damage|p2a: Dragonite|11\/100\n|-unboost|p2a: Dragonite|atk|1\n|\n|-heal|p2a: Dragonite|17\/100|[from] item: Leftovers\n|-heal|p1a: Toxapex|41\/100|[from] item: Black Sludge\n|upkeep\n|turn|14\n|\n|t:|1700831666\n|move|p2a: Dragonite|Dragon Dance|p2a: Dragonite\n|-boost|p2a: Dragonite|atk|1\n|-boost|p2a: Dragonite|spe|1\n|move|p1a: Toxapex|Recover|p1a: Toxapex\n|-heal|p1a: Toxapex|91\/100\n|\n|-heal|p2a: Dragonite|23\/100|[from] item: Leftovers\n|-heal|p1a: Toxapex|97\/100|[from] item: Black Sludge\n|upkeep\n|turn|15\n|\n|t:|1700831671\n|move|p2a: Dragonite|Earthquake|p1a: Toxapex\n|-supereffective|p1a: Toxapex\n|-damage|p1a: Toxapex|27\/100\n|move|p1a: Toxapex|Chilling Water|p2a: Dragonite\n|-resisted|p2a: Dragonite\n|-damage|p2a: Dragonite|17\/100\n|-unboost|p2a: Dragonite|atk|1\n|\n|-heal|p2a: Dragonite|23\/100|[from] item: Leftovers\n|-heal|p1a: Toxapex|33\/100|[from] item: Black Sludge\n|upkeep\n|turn|16\n|\n|t:|1700831677\n|switch|p1a: Magneton|Magneton|100\/100\n|move|p2a: Dragonite|Earthquake|p1a: Magneton\n|-supereffective|p1a: Magneton\n|-damage|p1a: Magneton|0 fnt\n|faint|p1a: Magneton\n|\n|-heal|p2a: Dragonite|29\/100|[from] item: Leftovers\n|upkeep\n|\n|t:|1700831679\n|switch|p1a: Toxapex|Toxapex, M|66\/100\n|turn|17\n|\n|t:|1700831683\n|move|p2a: Dragonite|Earthquake|p1a: Toxapex\n|-supereffective|p1a: Toxapex\n|-damage|p1a: Toxapex|16\/100\n|move|p1a: Toxapex|Chilling Water|p2a: Dragonite\n|-resisted|p2a: Dragonite\n|-damage|p2a: Dragonite|24\/100\n|-unboost|p2a: Dragonite|atk|1\n|\n|-heal|p2a: Dragonite|30\/100|[from] item: Leftovers\n|-heal|p1a: Toxapex|23\/100|[from] item: Black Sludge\n|upkeep\n|turn|18\n|\n|t:|1700831686\n|move|p2a: Dragonite|Earthquake|p1a: Toxapex\n|-supereffective|p1a: Toxapex\n|-damage|p1a: Toxapex|0 fnt\n|faint|p1a: Toxapex\n|\n|win|lvcinda\n|n|\u2606OliPlayzHD|oliplayzhd\n|n|\u2606lvcinda|lvcinda\n|n|*Lady Monita \u2746|ladymonita\n|n| dgzdr|dgzdr\n|n| ezecruck|ezecruck\n|n| HEAVY-DUTY B0OTY|heavydutyb0oty\n","uploadtime":1700831687,"views":2,"p1id":"oliplayzhd","p2id":"lvcinda","formatid":"gen9ou","rating":0,"private":0,"password":""}