{"id":"gen9ou-1992494594","p1":"CrushMeGoodra","p2":"ArbysDealer23","format":"[Gen 9] OU","log":"|j|\u2606CrushMeGoodra\n|j|\u2606ArbysDealer23\n|t:|1700194792\n|gametype|singles\n|player|p1|CrushMeGoodra|poppy|\n|player|p2|ArbysDealer23|clair|\n|teamsize|p1|6\n|teamsize|p2|6\n|gen|9\n|tier|[Gen 9] OU\n|rule|Sleep Clause Mod: Limit one foe put to sleep\n|rule|Species Clause: Limit one of each Pok\u00e9mon\n|rule|OHKO Clause: OHKO moves are banned\n|rule|Evasion Items Clause: Evasion items are banned\n|rule|Evasion Moves Clause: Evasion moves are banned\n|rule|Endless Battle Clause: Forcing endless battles is banned\n|rule|HP Percentage Mod: HP is shown in percentages\n|clearpoke\n|poke|p1|Dondozo, M|\n|poke|p1|Enamorus, F|\n|poke|p1|Scizor, M|\n|poke|p1|Sinistcha|\n|poke|p1|Armarouge, M|\n|poke|p1|Bellibolt, F|\n|poke|p2|Greninja-*, M|\n|poke|p2|Iron Valiant|\n|poke|p2|Breloom, M|\n|poke|p2|Clodsire, F|\n|poke|p2|Magnezone|\n|poke|p2|Noivern, M|\n|teampreview\n|j| CRIPPYwitdaGRIPPY\n|\n|t:|1700194846\n|start\n|switch|p1a: Matcha Gotcha :D|Sinistcha|100\/100\n|switch|p2a: Daisy FRFR|Clodsire, F|100\/100\n|turn|1\n|\n|t:|1700194874\n|switch|p1a: The Claw|Scizor, M|100\/100\n|move|p2a: Daisy FRFR|Stealth Rock|p1a: The Claw\n|-sidestart|p1: CrushMeGoodra|move: Stealth Rock\n|\n|upkeep\n|turn|2\n|l| CRIPPYwitdaGRIPPY\n|\n|t:|1700194895\n|move|p1a: The Claw|Thief|p2a: Daisy FRFR\n|-damage|p2a: Daisy FRFR|63\/100\n|move|p2a: Daisy FRFR|Yawn|p1a: The Claw\n|-start|p1a: The Claw|move: Yawn|[of] p2a: Daisy FRFR\n|\n|-heal|p2a: Daisy FRFR|69\/100|[from] item: Leftovers\n|upkeep\n|turn|3\n|\n|t:|1700194902\n|move|p1a: The Claw|U-turn|p2a: Daisy FRFR\n|-resisted|p2a: Daisy FRFR\n|-damage|p2a: Daisy FRFR|47\/100\n|\n|t:|1700194921\n|switch|p1a: Pink Guy|Enamorus, F|100\/100|[from] U-turn\n|-damage|p1a: Pink Guy|76\/100|[from] Stealth Rock\n|move|p2a: Daisy FRFR|Toxic Spikes|p1a: Pink Guy\n|-sidestart|p1: CrushMeGoodra|move: Toxic Spikes\n|\n|-heal|p2a: Daisy FRFR|54\/100|[from] item: Leftovers\n|upkeep\n|turn|4\n|\n|t:|1700194931\n|move|p1a: Pink Guy|Earth Power|p2a: Daisy FRFR\n|-supereffective|p2a: Daisy FRFR\n|-crit|p2a: Daisy FRFR\n|-damage|p2a: Daisy FRFR|0 fnt\n|faint|p2a: Daisy FRFR\n|\n|upkeep\n|\n|t:|1700194940\n|switch|p2a: Mom's Fridge|Magnezone|100\/100\n|turn|5\n|\n|t:|1700194952\n|move|p1a: Pink Guy|Earth Power|p2a: Mom's Fridge\n|-supereffective|p2a: Mom's Fridge\n|-damage|p2a: Mom's Fridge|0 fnt\n|faint|p2a: Mom's Fridge\n|\n|upkeep\n|\n|t:|1700194972\n|switch|p2a: Ol' Blacky|Greninja, M, shiny|100\/100\n|turn|6\n|\n|t:|1700194990\n|switch|p1a: Matcha Gotcha :D|Sinistcha|100\/100\n|-damage|p1a: Matcha Gotcha :D|88\/100|[from] Stealth Rock\n|-status|p1a: Matcha Gotcha :D|psn\n|move|p2a: Ol' Blacky|Ice Beam|p1a: Matcha Gotcha :D\n|-supereffective|p1a: Matcha Gotcha :D\n|-damage|p1a: Matcha Gotcha :D|10\/100 psn\n|-damage|p2a: Ol' Blacky|91\/100|[from] item: Life Orb\n|\n|-heal|p1a: Matcha Gotcha :D|16\/100 psn|[from] item: Leftovers\n|-damage|p1a: Matcha Gotcha :D|4\/100 psn|[from] psn\n|upkeep\n|turn|7\n|\n|t:|1700195005\n|move|p2a: Ol' Blacky|Dark Pulse|p1a: Matcha Gotcha :D\n|-supereffective|p1a: Matcha Gotcha :D\n|-damage|p1a: Matcha Gotcha :D|0 fnt\n|faint|p1a: Matcha Gotcha :D\n|-damage|p2a: Ol' Blacky|81\/100|[from] item: Life Orb\n|\n|upkeep\n|\n|t:|1700195029\n|switch|p1a: Pink Guy|Enamorus, F|76\/100\n|-damage|p1a: Pink Guy|51\/100|[from] Stealth Rock\n|turn|8\n|\n|t:|1700195033\n|move|p1a: Pink Guy|Moonblast|p2a: Ol' Blacky\n|-supereffective|p2a: Ol' Blacky\n|-damage|p2a: Ol' Blacky|0 fnt\n|faint|p2a: Ol' Blacky\n|\n|upkeep\n|\n|t:|1700195050\n|switch|p2a: Correct Usage|Breloom, M|100\/100\n|turn|9\n|\n|t:|1700195056\n|-terastallize|p2a: Correct Usage|Electric\n|move|p1a: Pink Guy|Moonblast|p2a: Correct Usage\n|-damage|p2a: Correct Usage|2\/100\n|move|p2a: Correct Usage|Spore|p1a: Pink Guy\n|-status|p1a: Pink Guy|slp|[from] move: Spore\n|\n|-status|p2a: Correct Usage|tox|[from] item: Toxic Orb\n|upkeep\n|turn|10\n|\n|t:|1700195066\n|switch|p1a: The Claw|Scizor, M|100\/100\n|move|p2a: Correct Usage|Leech Seed|p1a: The Claw\n|-start|p1a: The Claw|move: Leech Seed\n|\n|-damage|p1a: The Claw|88\/100|[from] Leech Seed|[of] p2a: Correct Usage\n|-heal|p2a: Correct Usage|16\/100 tox|[silent]\n|-heal|p2a: Correct Usage|28\/100 tox|[from] ability: Poison Heal\n|upkeep\n|turn|11\n|\n|t:|1700195075\n|move|p2a: Correct Usage|Mach Punch|p1a: The Claw\n|-damage|p1a: The Claw|71\/100\n|move|p1a: The Claw|U-turn|p2a: Correct Usage\n|-damage|p2a: Correct Usage|0 fnt\n|faint|p2a: Correct Usage\n|\n|t:|1700195098\n|switch|p1a: Mr.Belli|Bellibolt, F, shiny|100\/100|[from] U-turn\n|\n|upkeep\n|\n|t:|1700195108\n|switch|p2a: Bat Soup|Noivern, M|100\/100\n|-item|p1a: Mr.Belli|Heavy-Duty Boots|[from] ability: Frisk|[of] p2a: Bat Soup|[identify]\n|turn|12\n|\n|t:|1700195122\n|move|p2a: Bat Soup|Dragon Dance|p2a: Bat Soup\n|-boost|p2a: Bat Soup|atk|1\n|-boost|p2a: Bat Soup|spe|1\n|move|p1a: Mr.Belli|Parabolic Charge|p2a: Bat Soup\n|-damage|p2a: Bat Soup|72\/100\n|\n|upkeep\n|turn|13\n|\n|t:|1700195132\n|move|p2a: Bat Soup|Draco Meteor|p1a: Mr.Belli\n|-damage|p1a: Mr.Belli|47\/100\n|-unboost|p2a: Bat Soup|spa|2\n|-start|p1a: Mr.Belli|Charge|Draco Meteor|[from] ability: Electromorphosis\n|move|p1a: Mr.Belli|Charge Beam|p2a: Bat Soup\n|-damage|p2a: Bat Soup|21\/100\n|-end|p1a: Mr.Belli|Charge|[silent]\n|\n|upkeep\n|turn|14\n|\n|t:|1700195141\n|move|p2a: Bat Soup|Roost|p2a: Bat Soup\n|-heal|p2a: Bat Soup|71\/100\n|-singleturn|p2a: Bat Soup|move: Roost\n|move|p1a: Mr.Belli|Parabolic Charge|p2a: Bat Soup\n|-resisted|p2a: Bat Soup\n|-damage|p2a: Bat Soup|55\/100\n|-heal|p1a: Mr.Belli|53\/100|[from] drain|[of] p2a: Bat Soup\n|\n|upkeep\n|turn|15\n|\n|t:|1700195175\n|switch|p2a: Literal Fembussy|Iron Valiant|100\/100\n|-enditem|p2a: Literal Fembussy|Booster Energy\n|-activate|p2a: Literal Fembussy|ability: Quark Drive|[fromitem]\n|-start|p2a: Literal Fembussy|quarkdrivespe\n|move|p1a: Mr.Belli|Parabolic Charge|p2a: Literal Fembussy\n|-damage|p2a: Literal Fembussy|63\/100\n|-heal|p1a: Mr.Belli|66\/100|[from] drain|[of] p2a: Literal Fembussy\n|\n|upkeep\n|turn|16\n|\n|t:|1700195186\n|move|p2a: Literal Fembussy|Swords Dance|p2a: Literal Fembussy\n|-boost|p2a: Literal Fembussy|atk|2\n|move|p1a: Mr.Belli|Parabolic Charge|p2a: Literal Fembussy\n|-damage|p2a: Literal Fembussy|21\/100\n|-heal|p1a: Mr.Belli|80\/100|[from] drain|[of] p2a: Literal Fembussy\n|\n|upkeep\n|turn|17\n|\n|t:|1700195195\n|move|p2a: Literal Fembussy|Close Combat|p1a: Mr.Belli\n|-damage|p1a: Mr.Belli|9\/100\n|-unboost|p2a: Literal Fembussy|def|1\n|-unboost|p2a: Literal Fembussy|spd|1\n|-start|p1a: Mr.Belli|Charge|Close Combat|[from] ability: Electromorphosis\n|move|p1a: Mr.Belli|Parabolic Charge|p2a: Literal Fembussy\n|-damage|p2a: Literal Fembussy|0 fnt\n|-heal|p1a: Mr.Belli|16\/100|[from] drain|[of] p2a: Literal Fembussy\n|faint|p2a: Literal Fembussy\n|-end|p2a: Literal Fembussy|Quark Drive|[silent]\n|-end|p1a: Mr.Belli|Charge|[silent]\n|\n|upkeep\n|\n|t:|1700195205\n|switch|p2a: Bat Soup|Noivern, M|55\/100\n|-item|p1a: Mr.Belli|Heavy-Duty Boots|[from] ability: Frisk|[of] p2a: Bat Soup|[identify]\n|turn|18\n|\n|t:|1700195211\n|move|p2a: Bat Soup|Roost|p2a: Bat Soup\n|-heal|p2a: Bat Soup|100\/100\n|-singleturn|p2a: Bat Soup|move: Roost\n|move|p1a: Mr.Belli|Slack Off|p1a: Mr.Belli\n|-heal|p1a: Mr.Belli|66\/100\n|\n|upkeep\n|turn|19\n|\n|t:|1700195218\n|move|p2a: Bat Soup|Draco Meteor|p1a: Mr.Belli\n|-damage|p1a: Mr.Belli|6\/100\n|-unboost|p2a: Bat Soup|spa|2\n|-start|p1a: Mr.Belli|Charge|Draco Meteor|[from] ability: Electromorphosis\n|move|p1a: Mr.Belli|Parabolic Charge|p2a: Bat Soup\n|-damage|p2a: Bat Soup|45\/100\n|-heal|p1a: Mr.Belli|26\/100|[from] drain|[of] p2a: Bat Soup\n|-end|p1a: Mr.Belli|Charge|[silent]\n|\n|upkeep\n|turn|20\n|\n|t:|1700195227\n|move|p2a: Bat Soup|Draco Meteor|p1a: Mr.Belli\n|-damage|p1a: Mr.Belli|0 fnt\n|-unboost|p2a: Bat Soup|spa|2\n|faint|p1a: Mr.Belli\n|\n|upkeep\n|\n|t:|1700195229\n|switch|p1a: Pink Guy|Enamorus, F|51\/100 slp\n|-damage|p1a: Pink Guy|26\/100 slp|[from] Stealth Rock\n|turn|21\n|\n|t:|1700195240\n|-terastallize|p1a: Pink Guy|Fairy\n|cant|p1a: Pink Guy|slp\n|move|p2a: Bat Soup|Roost|p2a: Bat Soup\n|-heal|p2a: Bat Soup|95\/100\n|-singleturn|p2a: Bat Soup|move: Roost\n|\n|upkeep\n|turn|22\n|\n|t:|1700195247\n|-curestatus|p1a: Pink Guy|slp|[msg]\n|move|p1a: Pink Guy|Moonblast|p2a: Bat Soup\n|-supereffective|p2a: Bat Soup\n|-damage|p2a: Bat Soup|0 fnt\n|faint|p2a: Bat Soup\n|\n|win|CrushMeGoodra\n","uploadtime":1700195254,"views":9,"p1id":"crushmegoodra","p2id":"arbysdealer23","formatid":"gen9ou","rating":0,"private":0,"password":""}