{"id":"gen9ou-1993254655","p1":"No Bithes?????","p2":"It's classified","format":"[Gen 9] OU","log":"|j|\u2606No Bithes?????\n|j|\u2606It's classified\n|t:|1700284949\n|gametype|singles\n|player|p1|No Bithes?????|bruno|1476\n|player|p2|It's classified|pokemonranger-gen4|1491\n|teamsize|p1|6\n|teamsize|p2|6\n|gen|9\n|tier|[Gen 9] OU\n|rated|\n|rule|Sleep Clause Mod: Limit one foe put to sleep\n|rule|Species Clause: Limit one of each Pok\u00e9mon\n|rule|OHKO Clause: OHKO moves are banned\n|rule|Evasion Items Clause: Evasion items are banned\n|rule|Evasion Moves Clause: Evasion moves are banned\n|rule|Endless Battle Clause: Forcing endless battles is banned\n|rule|HP Percentage Mod: HP is shown in percentages\n|clearpoke\n|poke|p1|Cinderace, M|\n|poke|p1|Kingambit, F|\n|poke|p1|Slowking-Galar, M|\n|poke|p1|Rillaboom, M|\n|poke|p1|Sneasler, F|\n|poke|p1|Walking Wake|\n|poke|p2|Ribombee, F|\n|poke|p2|Ogerpon-Wellspring, F|\n|poke|p2|Gholdengo|\n|poke|p2|Iron Moth|\n|poke|p2|Dragonite, F|\n|poke|p2|Great Tusk|\n|teampreview\n|inactive|Battle timer is ON: inactive players will automatically lose when time's up. (requested by It's classified)\n|\n|t:|1700284967\n|start\n|switch|p1a: Slowking|Slowking-Galar, M|100\/100\n|switch|p2a: Ribombee|Ribombee, F|100\/100\n|turn|1\n|\n|t:|1700284977\n|move|p2a: Ribombee|Stun Spore|p1a: Slowking|[miss]\n|-miss|p2a: Ribombee|p1a: Slowking\n|move|p1a: Slowking|Sludge Bomb|p2a: Ribombee\n|-supereffective|p2a: Ribombee\n|-enditem|p2a: Ribombee|Focus Sash\n|-damage|p2a: Ribombee|1\/100\n|\n|upkeep\n|turn|2\n|\n|t:|1700285005\n|switch|p2a: Ogerpon|Ogerpon-Wellspring, F|100\/100\n|move|p1a: Slowking|Future Sight|p2a: Ogerpon\n|-start|p1a: Slowking|move: Future Sight\n|\n|upkeep\n|turn|3\n|\n|t:|1700285011\n|move|p2a: Ogerpon|Encore|p1a: Slowking\n|-start|p1a: Slowking|Encore\n|move|p1a: Slowking|Future Sight||[still]\n|-fail|p1a: Slowking\n|\n|upkeep\n|turn|4\n|\n|t:|1700285017\n|switch|p1a: Rillaboom|Rillaboom, M|100\/100\n|-fieldstart|move: Grassy Terrain|[from] ability: Grassy Surge|[of] p1a: Rillaboom\n|move|p2a: Ogerpon|Swords Dance|p2a: Ogerpon\n|-boost|p2a: Ogerpon|atk|2\n|\n|-end|p2a: Ogerpon|move: Future Sight\n|-damage|p2a: Ogerpon|45\/100\n|-heal|p2a: Ogerpon|51\/100|[from] Grassy Terrain\n|upkeep\n|turn|5\n|\n|t:|1700285044\n|move|p1a: Rillaboom|Grassy Glide|p2a: Ogerpon\n|-damage|p2a: Ogerpon|0 fnt\n|faint|p2a: Ogerpon\n|\n|upkeep\n|\n|t:|1700285050\n|switch|p2a: Dragonite|Dragonite, F|100\/100\n|turn|6\n|\n|t:|1700285070\n|move|p2a: Dragonite|Dragon Dance|p2a: Dragonite\n|-boost|p2a: Dragonite|atk|1\n|-boost|p2a: Dragonite|spe|1\n|move|p1a: Rillaboom|Knock Off|p2a: Dragonite\n|-damage|p2a: Dragonite|84\/100\n|-enditem|p2a: Dragonite|Heavy-Duty Boots|[from] move: Knock Off|[of] p1a: Rillaboom\n|\n|upkeep\n|turn|7\n|inactive|No Bithes????? has 120 seconds left.\n|\n|t:|1700285091\n|move|p2a: Dragonite|Dragon Dance|p2a: Dragonite\n|-boost|p2a: Dragonite|atk|1\n|-boost|p2a: Dragonite|spe|1\n|move|p1a: Rillaboom|Wood Hammer|p2a: Dragonite\n|-resisted|p2a: Dragonite\n|-damage|p2a: Dragonite|62\/100\n|-damage|p1a: Rillaboom|94\/100|[from] Recoil\n|\n|-heal|p1a: Rillaboom|99\/100|[from] Grassy Terrain\n|-heal|p1a: Rillaboom|100\/100|[from] item: Leftovers\n|upkeep\n|turn|8\n|\n|t:|1700285099\n|move|p2a: Dragonite|Roost|p2a: Dragonite\n|-heal|p2a: Dragonite|100\/100\n|-singleturn|p2a: Dragonite|move: Roost\n|move|p1a: Rillaboom|Wood Hammer|p2a: Dragonite\n|-resisted|p2a: Dragonite\n|-crit|p2a: Dragonite\n|-damage|p2a: Dragonite|69\/100\n|-damage|p1a: Rillaboom|91\/100|[from] Recoil\n|\n|-heal|p2a: Dragonite|75\/100|[from] Grassy Terrain\n|-heal|p1a: Rillaboom|98\/100|[from] Grassy Terrain\n|-heal|p1a: Rillaboom|100\/100|[from] item: Leftovers\n|-fieldend|move: Grassy Terrain\n|upkeep\n|turn|9\n|inactive|No Bithes????? has 120 seconds left.\n|\n|t:|1700285117\n|move|p2a: Dragonite|Roost|p2a: Dragonite\n|-heal|p2a: Dragonite|100\/100\n|-singleturn|p2a: Dragonite|move: Roost\n|move|p1a: Rillaboom|Knock Off|p2a: Dragonite\n|-damage|p2a: Dragonite|88\/100\n|\n|upkeep\n|turn|10\n|\n|t:|1700285120\n|switch|p1a: Walking Wake|Walking Wake|100\/100\n|move|p2a: Dragonite|Dragon Dance|p2a: Dragonite\n|-boost|p2a: Dragonite|atk|1\n|-boost|p2a: Dragonite|spe|1\n|\n|upkeep\n|turn|11\n|\n|t:|1700285126\n|-terastallize|p2a: Dragonite|Normal\n|move|p2a: Dragonite|Extreme Speed|p1a: Walking Wake\n|-damage|p1a: Walking Wake|0 fnt\n|faint|p1a: Walking Wake\n|-end|p1a: Walking Wake|Protosynthesis|[silent]\n|\n|upkeep\n|\n|t:|1700285136\n|switch|p1a: Rillaboom|Rillaboom, M|100\/100\n|-fieldstart|move: Grassy Terrain|[from] ability: Grassy Surge|[of] p1a: Rillaboom\n|turn|12\n|\n|t:|1700285148\n|move|p2a: Dragonite|Extreme Speed|p1a: Rillaboom\n|-damage|p1a: Rillaboom|0 fnt\n|faint|p1a: Rillaboom\n|\n|-heal|p2a: Dragonite|94\/100|[from] Grassy Terrain\n|upkeep\n|\n|t:|1700285152\n|switch|p1a: Sneasler|Sneasler, F|100\/100\n|-enditem|p1a: Sneasler|Grassy Seed\n|-boost|p1a: Sneasler|def|1|[from] item: Grassy Seed\n|turn|13\n|\n|t:|1700285156\n|move|p2a: Dragonite|Extreme Speed|p1a: Sneasler\n|-damage|p1a: Sneasler|0 fnt\n|faint|p1a: Sneasler\n|\n|-heal|p2a: Dragonite|99\/100|[from] Grassy Terrain\n|upkeep\n|\n|t:|1700285170\n|switch|p1a: Kingambit|Kingambit, F|100\/100\n|-activate|p1a: Kingambit|ability: Supreme Overlord\n|-start|p1a: Kingambit|fallen3|[silent]\n|turn|14\n|\n|t:|1700285176\n|move|p2a: Dragonite|Extreme Speed|p1a: Kingambit\n|-resisted|p1a: Kingambit\n|-damage|p1a: Kingambit|48\/100\n|move|p1a: Kingambit|Kowtow Cleave|p2a: Dragonite\n|-damage|p2a: Dragonite|30\/100\n|\n|-heal|p2a: Dragonite|36\/100|[from] Grassy Terrain\n|-heal|p1a: Kingambit|54\/100|[from] Grassy Terrain\n|-heal|p1a: Kingambit|60\/100|[from] item: Leftovers\n|upkeep\n|turn|15\n|\n|t:|1700285191\n|move|p1a: Kingambit|Sucker Punch||[still]\n|-fail|p1a: Kingambit\n|move|p2a: Dragonite|Roost|p2a: Dragonite\n|-heal|p2a: Dragonite|87\/100\n|\n|-heal|p2a: Dragonite|93\/100|[from] Grassy Terrain\n|-heal|p1a: Kingambit|67\/100|[from] Grassy Terrain\n|-heal|p1a: Kingambit|73\/100|[from] item: Leftovers\n|upkeep\n|turn|16\n|\n|t:|1700285200\n|move|p2a: Dragonite|Extreme Speed|p1a: Kingambit\n|-resisted|p1a: Kingambit\n|-damage|p1a: Kingambit|25\/100\n|move|p1a: Kingambit|Kowtow Cleave|p2a: Dragonite\n|-damage|p2a: Dragonite|23\/100\n|\n|-heal|p2a: Dragonite|29\/100|[from] Grassy Terrain\n|-heal|p1a: Kingambit|31\/100|[from] Grassy Terrain\n|-heal|p1a: Kingambit|38\/100|[from] item: Leftovers\n|-fieldend|move: Grassy Terrain\n|upkeep\n|turn|17\n|-message|No Bithes????? forfeited.\n|\n|win|It's classified\n|raw|No Bithes?????'s rating: 1476 &rarr; <strong>1457<\/strong><br \/>(-19 for losing)\n|raw|It&apos;s classified's rating: 1491 &rarr; <strong>1510<\/strong><br \/>(+19 for winning)\n|l|\u2606No Bithes?????\n","uploadtime":1700285230,"views":43,"p1id":"nobithes","p2id":"itsclassified","formatid":"gen9ou","rating":1457,"private":0,"password":""}