{"id":"gen9ou-1991291009","p1":"ducktruck","p2":"chriftopher","format":"[Gen 9] OU","log":"|j|\u2606ducktruck\n|j|\u2606chriftopher\n|t:|1700064785\n|gametype|singles\n|player|p1|ducktruck|firebreather|1221\n|player|p2|chriftopher|265|1149\n|teamsize|p1|6\n|teamsize|p2|6\n|gen|9\n|tier|[Gen 9] OU\n|rated|\n|rule|Sleep Clause Mod: Limit one foe put to sleep\n|rule|Species Clause: Limit one of each Pok\u00e9mon\n|rule|OHKO Clause: OHKO moves are banned\n|rule|Evasion Items Clause: Evasion items are banned\n|rule|Evasion Moves Clause: Evasion moves are banned\n|rule|Endless Battle Clause: Forcing endless battles is banned\n|rule|HP Percentage Mod: HP is shown in percentages\n|clearpoke\n|poke|p1|Sandy Shocks|\n|poke|p1|Torkoal, M|\n|poke|p1|Gholdengo|\n|poke|p1|Dragonite, M|\n|poke|p1|Brute Bonnet|\n|poke|p1|Kingambit, F|\n|poke|p2|Landorus-Therian, M|\n|poke|p2|Samurott-Hisui, M|\n|poke|p2|Cinderace, M|\n|poke|p2|Zapdos|\n|poke|p2|Slowking-Galar, F|\n|poke|p2|Gholdengo|\n|teampreview\n|\n|t:|1700064807\n|start\n|switch|p1a: Oatmeal|Torkoal, M|100\/100\n|switch|p2a: Samurott|Samurott-Hisui, M|100\/100\n|-weather|SunnyDay|[from] ability: Drought|[of] p1a: Oatmeal\n|turn|1\n|\n|t:|1700064815\n|move|p2a: Samurott|Ceaseless Edge|p1a: Oatmeal\n|-damage|p1a: Oatmeal|75\/100\n|-sidestart|p1: ducktruck|Spikes\n|move|p1a: Oatmeal|Will-O-Wisp|p2a: Samurott\n|-status|p2a: Samurott|brn\n|\n|-weather|SunnyDay|[upkeep]\n|-damage|p2a: Samurott|94\/100 brn|[from] brn\n|upkeep\n|turn|2\n|\n|t:|1700064819\n|move|p2a: Samurott|Ceaseless Edge|p1a: Oatmeal\n|-damage|p1a: Oatmeal|61\/100\n|-sidestart|p1: ducktruck|Spikes\n|move|p1a: Oatmeal|Rapid Spin|p2a: Samurott\n|-damage|p2a: Samurott|82\/100 brn\n|-boost|p1a: Oatmeal|spe|1\n|-sideend|p1: ducktruck|Spikes|[from] move: Rapid Spin|[of] p1a: Oatmeal\n|\n|-weather|SunnyDay|[upkeep]\n|-damage|p2a: Samurott|76\/100 brn|[from] brn\n|upkeep\n|turn|3\n|\n|t:|1700064824\n|move|p2a: Samurott|Razor Shell|p1a: Oatmeal\n|-supereffective|p1a: Oatmeal\n|-damage|p1a: Oatmeal|46\/100\n|move|p1a: Oatmeal|Lava Plume|p2a: Samurott\n|-resisted|p2a: Samurott\n|-damage|p2a: Samurott|44\/100 brn\n|\n|-weather|SunnyDay|[upkeep]\n|-damage|p2a: Samurott|38\/100 brn|[from] brn\n|upkeep\n|turn|4\n|\n|t:|1700064830\n|-terastallize|p2a: Samurott|Ghost\n|move|p2a: Samurott|Ceaseless Edge|p1a: Oatmeal|[miss]\n|-miss|p2a: Samurott|p1a: Oatmeal\n|move|p1a: Oatmeal|Stealth Rock|p2a: Samurott\n|-sidestart|p2: chriftopher|move: Stealth Rock\n|\n|-weather|SunnyDay|[upkeep]\n|-damage|p2a: Samurott|32\/100 brn|[from] brn\n|upkeep\n|turn|5\n|\n|t:|1700064835\n|move|p2a: Samurott|Ceaseless Edge|p1a: Oatmeal\n|-damage|p1a: Oatmeal|32\/100\n|-sidestart|p1: ducktruck|Spikes\n|move|p1a: Oatmeal|Lava Plume|p2a: Samurott\n|-damage|p2a: Samurott|0 fnt\n|faint|p2a: Samurott\n|\n|-weather|SunnyDay|[upkeep]\n|upkeep\n|\n|t:|1700064847\n|switch|p2a: Landorus|Landorus-Therian, M|100\/100\n|-damage|p2a: Landorus|88\/100|[from] Stealth Rock\n|-ability|p2a: Landorus|Intimidate|boost\n|-unboost|p1a: Oatmeal|atk|1\n|turn|6\n|\n|t:|1700064853\n|move|p2a: Landorus|Rock Slide|p1a: Oatmeal\n|-supereffective|p1a: Oatmeal\n|-damage|p1a: Oatmeal|5\/100\n|cant|p1a: Oatmeal|flinch\n|\n|-weather|SunnyDay|[upkeep]\n|upkeep\n|turn|7\n|\n|t:|1700064859\n|move|p2a: Landorus|Earthquake|p1a: Oatmeal\n|-supereffective|p1a: Oatmeal\n|-damage|p1a: Oatmeal|0 fnt\n|faint|p1a: Oatmeal\n|\n|-weather|SunnyDay|[upkeep]\n|upkeep\n|\n|t:|1700064864\n|switch|p1a: Sideshow Bob|Sandy Shocks|100\/100\n|-activate|p1a: Sideshow Bob|ability: Protosynthesis\n|-start|p1a: Sideshow Bob|protosynthesisspe\n|turn|8\n|inactive|Battle timer is ON: inactive players will automatically lose when time's up. (requested by ducktruck)\n|\n|t:|1700064877\n|-terastallize|p1a: Sideshow Bob|Ice\n|move|p1a: Sideshow Bob|Tera Blast|p2a: Landorus|[anim] Tera Blast Ice\n|-supereffective|p2a: Landorus\n|-crit|p2a: Landorus\n|-damage|p2a: Landorus|0 fnt\n|faint|p2a: Landorus\n|\n|-weather|none\n|-end|p1a: Sideshow Bob|Protosynthesis\n|upkeep\n|\n|t:|1700064885\n|switch|p2a: Cinderace|Cinderace, M|100\/100\n|turn|9\n|\n|t:|1700064893\n|move|p2a: Cinderace|Pyro Ball|p1a: Sideshow Bob|[miss]\n|-miss|p2a: Cinderace|p1a: Sideshow Bob\n|move|p1a: Sideshow Bob|Earth Power|p2a: Cinderace\n|-supereffective|p2a: Cinderace\n|-damage|p2a: Cinderace|0 fnt\n|faint|p2a: Cinderace\n|\n|upkeep\n|\n|t:|1700064908\n|switch|p2a: Slowking|Slowking-Galar, F|100\/100\n|turn|10\n|\n|t:|1700064912\n|move|p1a: Sideshow Bob|Tera Blast|p2a: Slowking|[anim] Tera Blast Ice\n|-damage|p2a: Slowking|70\/100\n|move|p2a: Slowking|Thunder Wave|p1a: Sideshow Bob\n|-status|p1a: Sideshow Bob|par\n|\n|upkeep\n|turn|11\n|\n|t:|1700064919\n|move|p1a: Sideshow Bob|Earth Power|p2a: Slowking\n|-supereffective|p2a: Slowking\n|-damage|p2a: Slowking|0 fnt\n|faint|p2a: Slowking\n|\n|upkeep\n|\n|t:|1700064924\n|switch|p2a: Zapdos|Zapdos|100\/100\n|-damage|p2a: Zapdos|75\/100|[from] Stealth Rock\n|turn|12\n|\n|t:|1700064929\n|move|p2a: Zapdos|Heat Wave|p1a: Sideshow Bob|[miss]\n|-miss|p2a: Zapdos|p1a: Sideshow Bob\n|move|p1a: Sideshow Bob|Tera Blast|p2a: Zapdos|[anim] Tera Blast Ice\n|-supereffective|p2a: Zapdos\n|-damage|p2a: Zapdos|0 fnt\n|faint|p2a: Zapdos\n|\n|upkeep\n|c|\u2606chriftopher|the luck is insane\n|\n|t:|1700064941\n|switch|p2a: Gholdengo|Gholdengo|100\/100\n|-damage|p2a: Gholdengo|94\/100|[from] Stealth Rock\n|turn|13\n|c|\u2606ducktruck|im fighting bad luck brian\n|\n|t:|1700064946\n|move|p2a: Gholdengo|Make It Rain|p1a: Sideshow Bob\n|-supereffective|p1a: Sideshow Bob\n|-damage|p1a: Sideshow Bob|0 fnt\n|-unboost|p2a: Gholdengo|spa|1\n|faint|p1a: Sideshow Bob\n|-end|p1a: Sideshow Bob|Protosynthesis|[silent]\n|\n|upkeep\n|\n|t:|1700064953\n|switch|p1a: Win Condition|Kingambit, F|100\/100\n|-damage|p1a: Win Condition|88\/100|[from] Spikes\n|-activate|p1a: Win Condition|ability: Supreme Overlord\n|-start|p1a: Win Condition|fallen2|[silent]\n|turn|14\n|-message|chriftopher forfeited.\n|\n|win|ducktruck\n|raw|ducktruck's rating: 1221 &rarr; <strong>1241<\/strong><br \/>(+20 for winning)\n|raw|chriftopher's rating: 1149 &rarr; <strong>1129<\/strong><br \/>(-20 for losing)\n|l|\u2606chriftopher\n|c|\u2606ducktruck|gg\n","uploadtime":1700064962,"views":8,"p1id":"ducktruck","p2id":"chriftopher","formatid":"gen9ou","rating":1129,"private":0,"password":""}