{"id":"gen9ou-1997224873","p1":"WhenFurfrousFly~_~","p2":"camygonzapancake","format":"[Gen 9] OU","log":"|j|\u2606WhenFurfrousFly~_~\n|j|\u2606camygonzapancake\n|t:|1700777517\n|gametype|singles\n|player|p1|WhenFurfrousFly~_~|266|1205\n|player|p2|camygonzapancake|caitlin|1148\n|teamsize|p1|6\n|teamsize|p2|6\n|gen|9\n|tier|[Gen 9] OU\n|rated|\n|rule|Sleep Clause Mod: Limit one foe put to sleep\n|rule|Species Clause: Limit one of each Pok\u00e9mon\n|rule|OHKO Clause: OHKO moves are banned\n|rule|Evasion Items Clause: Evasion items are banned\n|rule|Evasion Moves Clause: Evasion moves are banned\n|rule|Endless Battle Clause: Forcing endless battles is banned\n|rule|HP Percentage Mod: HP is shown in percentages\n|clearpoke\n|poke|p1|Corviknight, F|\n|poke|p1|Great Tusk|\n|poke|p1|Scizor, M|\n|poke|p1|Dragapult, F|\n|poke|p1|Ogerpon-Wellspring, F|\n|poke|p1|Hydreigon, F|\n|poke|p2|Ceruledge, F|\n|poke|p2|Meowscarada, F|\n|poke|p2|Kilowattrel, F|\n|poke|p2|Grafaiai, M|\n|poke|p2|Tauros-Paldea-Aqua, M|\n|poke|p2|Iron Moth|\n|teampreview\n|inactive|Battle timer is ON: inactive players will automatically lose when time's up. (requested by WhenFurfrousFly~_~)\n|\n|t:|1700777539\n|start\n|switch|p1a: Quasimoto|Dragapult, F|100\/100\n|switch|p2a: Grafaiai|Grafaiai, M|100\/100\n|turn|1\n|\n|t:|1700777549\n|switch|p1a: J. Crowle|Corviknight, F|100\/100\n|move|p2a: Grafaiai|Toxic|p1a: J. Crowle\n|-immune|p1a: J. Crowle\n|\n|upkeep\n|turn|2\n|\n|t:|1700777557\n|move|p2a: Grafaiai|Parting Shot|p1a: J. Crowle\n|-ability|p1a: J. Crowle|Mirror Armor\n|-unboost|p2a: Grafaiai|atk|1\n|-ability|p1a: J. Crowle|Mirror Armor\n|-unboost|p2a: Grafaiai|spa|1\n|\n|t:|1700777565\n|switch|p2a: Kilowattrel|Kilowattrel, F|100\/100|[from] Parting Shot\n|move|p1a: J. Crowle|Bulk Up|p1a: J. Crowle\n|-boost|p1a: J. Crowle|atk|1\n|-boost|p1a: J. Crowle|def|1\n|\n|upkeep\n|turn|3\n|\n|t:|1700777589\n|switch|p1a: Sir Nosington|Great Tusk|100\/100\n|move|p2a: Kilowattrel|Thunder Wave|p1a: Sir Nosington\n|-immune|p1a: Sir Nosington\n|\n|upkeep\n|turn|4\n|\n|t:|1700777595\n|move|p1a: Sir Nosington|Ice Spinner|p2a: Kilowattrel\n|-supereffective|p2a: Kilowattrel\n|-damage|p2a: Kilowattrel|0 fnt\n|faint|p2a: Kilowattrel\n|\n|upkeep\n|\n|t:|1700777601\n|switch|p2a: Iron Moth|Iron Moth|100\/100\n|-enditem|p2a: Iron Moth|Booster Energy\n|-activate|p2a: Iron Moth|ability: Quark Drive|[fromitem]\n|-start|p2a: Iron Moth|quarkdrivespa\n|turn|5\n|inactive|WhenFurfrousFly~_~ has 120 seconds left.\n|\n|t:|1700777632\n|-end|p1a: Sir Nosington|Protosynthesis|[silent]\n|switch|p1a: I Ponya|Ogerpon-Wellspring, F|100\/100\n|move|p2a: Iron Moth|Fiery Dance|p1a: I Ponya\n|-damage|p1a: I Ponya|35\/100\n|\n|upkeep\n|turn|6\n|\n|t:|1700777638\n|-terastallize|p1a: I Ponya|Water\n|detailschange|p1a: I Ponya|Ogerpon-Wellspring-Tera, F, tera:Water\n|-ability|p1a: I Ponya|Embody Aspect (Wellspring)|boost\n|-boost|p1a: I Ponya|spd|1\n|move|p1a: I Ponya|Ivy Cudgel|p2a: Iron Moth|[anim] Ivy Cudgel Water\n|-supereffective|p2a: Iron Moth\n|-damage|p2a: Iron Moth|0 fnt\n|faint|p2a: Iron Moth\n|-end|p2a: Iron Moth|Quark Drive|[silent]\n|\n|upkeep\n|\n|t:|1700777646\n|switch|p2a: Tauros|Tauros-Paldea-Aqua, M|100\/100\n|-ability|p2a: Tauros|Intimidate|boost\n|-unboost|p1a: I Ponya|atk|1\n|turn|7\n|\n|t:|1700777652\n|move|p1a: I Ponya|Power Whip|p2a: Tauros\n|-supereffective|p2a: Tauros\n|-damage|p2a: Tauros|9\/100\n|move|p2a: Tauros|Earthquake|p1a: I Ponya\n|-damage|p1a: I Ponya|0 fnt\n|faint|p1a: I Ponya\n|\n|upkeep\n|\n|t:|1700777661\n|switch|p1a: J. Crowle|Corviknight, F|100\/100\n|turn|8\n|\n|t:|1700777665\n|move|p2a: Tauros|Close Combat|p1a: J. Crowle\n|-damage|p1a: J. Crowle|55\/100\n|-unboost|p2a: Tauros|def|1\n|-unboost|p2a: Tauros|spd|1\n|move|p1a: J. Crowle|Bulk Up|p1a: J. Crowle\n|-boost|p1a: J. Crowle|atk|1\n|-boost|p1a: J. Crowle|def|1\n|\n|-heal|p1a: J. Crowle|61\/100|[from] item: Leftovers\n|upkeep\n|turn|9\n|\n|t:|1700777674\n|move|p2a: Tauros|Liquidation|p1a: J. Crowle\n|-damage|p1a: J. Crowle|39\/100\n|move|p1a: J. Crowle|Roost|p1a: J. Crowle\n|-heal|p1a: J. Crowle|89\/100\n|-singleturn|p1a: J. Crowle|move: Roost\n|\n|-heal|p1a: J. Crowle|95\/100|[from] item: Leftovers\n|upkeep\n|turn|10\n|\n|t:|1700777682\n|move|p2a: Tauros|Close Combat|p1a: J. Crowle\n|-damage|p1a: J. Crowle|60\/100\n|-unboost|p2a: Tauros|def|1\n|-unboost|p2a: Tauros|spd|1\n|move|p1a: J. Crowle|Bulk Up|p1a: J. Crowle\n|-boost|p1a: J. Crowle|atk|1\n|-boost|p1a: J. Crowle|def|1\n|\n|-heal|p1a: J. Crowle|66\/100|[from] item: Leftovers\n|upkeep\n|turn|11\n|\n|t:|1700777691\n|move|p2a: Tauros|Close Combat|p1a: J. Crowle\n|-damage|p1a: J. Crowle|43\/100\n|-unboost|p2a: Tauros|def|1\n|-unboost|p2a: Tauros|spd|1\n|move|p1a: J. Crowle|Bulk Up|p1a: J. Crowle\n|-boost|p1a: J. Crowle|atk|1\n|-boost|p1a: J. Crowle|def|1\n|\n|-heal|p1a: J. Crowle|49\/100|[from] item: Leftovers\n|upkeep\n|turn|12\n|\n|t:|1700777700\n|move|p2a: Tauros|Liquidation|p1a: J. Crowle\n|-damage|p1a: J. Crowle|34\/100\n|move|p1a: J. Crowle|Roost|p1a: J. Crowle\n|-heal|p1a: J. Crowle|84\/100\n|-singleturn|p1a: J. Crowle|move: Roost\n|\n|-heal|p1a: J. Crowle|90\/100|[from] item: Leftovers\n|upkeep\n|turn|13\n|\n|t:|1700777708\n|move|p2a: Tauros|Liquidation|p1a: J. Crowle\n|-damage|p1a: J. Crowle|76\/100\n|move|p1a: J. Crowle|Body Press|p2a: Tauros\n|-damage|p2a: Tauros|0 fnt\n|faint|p2a: Tauros\n|\n|-heal|p1a: J. Crowle|82\/100|[from] item: Leftovers\n|upkeep\n|\n|t:|1700777716\n|switch|p2a: Grafaiai|Grafaiai, M|100\/100\n|turn|14\n|\n|t:|1700777720\n|move|p2a: Grafaiai|Taunt|p1a: J. Crowle\n|-start|p1a: J. Crowle|move: Taunt\n|move|p1a: J. Crowle|Power Trip|p2a: Grafaiai\n|-enditem|p2a: Grafaiai|Focus Sash\n|-damage|p2a: Grafaiai|1\/100\n|\n|-heal|p1a: J. Crowle|88\/100|[from] item: Leftovers\n|upkeep\n|turn|15\n|\n|t:|1700777732\n|move|p2a: Grafaiai|Parting Shot|p1a: J. Crowle\n|-ability|p1a: J. Crowle|Mirror Armor\n|-unboost|p2a: Grafaiai|atk|1\n|-ability|p1a: J. Crowle|Mirror Armor\n|-unboost|p2a: Grafaiai|spa|1\n|\n|t:|1700777750\n|switch|p2a: Ceruledge|Ceruledge, F|100\/100|[from] Parting Shot\n|move|p1a: J. Crowle|Power Trip|p2a: Ceruledge\n|-supereffective|p2a: Ceruledge\n|-damage|p2a: Ceruledge|0 fnt\n|faint|p2a: Ceruledge\n|\n|-heal|p1a: J. Crowle|94\/100|[from] item: Leftovers\n|upkeep\n|-message|camygonzapancake forfeited.\n|\n|win|WhenFurfrousFly~_~\n|raw|WhenFurfrousFly~_~'s rating: 1205 &rarr; <strong>1226<\/strong><br \/>(+21 for winning)\n|raw|camygonzapancake's rating: 1148 &rarr; <strong>1127<\/strong><br \/>(-21 for losing)\n|l|\u2606camygonzapancake\n","uploadtime":1700777763,"views":6,"p1id":"whenfurfrousfly","p2id":"camygonzapancake","formatid":"gen9ou","rating":1127,"private":0,"password":""}