{"id":"gen9ou-1998342304","p1":"KobraKnight","p2":"Shashwatpro1","format":"[Gen 9] OU","log":"|j|\u2606KobraKnight\n|j|\u2606Shashwatpro1\n|t:|1700931587\n|gametype|singles\n|player|p1|KobraKnight|elesa|1008\n|player|p2|Shashwatpro1|n|1000\n|teamsize|p1|6\n|teamsize|p2|6\n|gen|9\n|tier|[Gen 9] OU\n|rated|\n|rule|Sleep Clause Mod: Limit one foe put to sleep\n|rule|Species Clause: Limit one of each Pok\u00e9mon\n|rule|OHKO Clause: OHKO moves are banned\n|rule|Evasion Items Clause: Evasion items are banned\n|rule|Evasion Moves Clause: Evasion moves are banned\n|rule|Endless Battle Clause: Forcing endless battles is banned\n|rule|HP Percentage Mod: HP is shown in percentages\n|clearpoke\n|poke|p1|Alomomola, M|\n|poke|p1|Ribombee, M|\n|poke|p1|Ninetales-Alola, M|\n|poke|p1|Rillaboom, M|\n|poke|p1|Great Tusk|\n|poke|p1|Typhlosion-Hisui, M|\n|poke|p2|Great Tusk|\n|poke|p2|Glimmora, M|\n|poke|p2|Corviknight, M|\n|poke|p2|Gholdengo|\n|poke|p2|Ogerpon-Wellspring, F|\n|poke|p2|Kingambit, M|\n|teampreview\n|inactive|Battle timer is ON: inactive players will automatically lose when time's up. (requested by Shashwatpro1)\n|\n|t:|1700931600\n|start\n|switch|p1a: Typhlosion|Typhlosion-Hisui, M, shiny|100\/100\n|switch|p2a: Great Tusk|Great Tusk, shiny|100\/100\n|-item|p2a: Great Tusk|Heavy-Duty Boots|[from] ability: Frisk|[of] p1a: Typhlosion|[identify]\n|turn|1\n|\n|t:|1700931609\n|-terastallize|p1a: Typhlosion|Fire\n|move|p1a: Typhlosion|Eruption|p2a: Great Tusk\n|-damage|p2a: Great Tusk|0 fnt\n|faint|p2a: Great Tusk\n|-end|p2a: Great Tusk|Protosynthesis|[silent]\n|\n|upkeep\n|\n|t:|1700931614\n|switch|p2a: Glimmora|Glimmora, M|100\/100\n|turn|2\n|\n|t:|1700931620\n|-terastallize|p2a: Glimmora|Ice\n|move|p1a: Typhlosion|Eruption|p2a: Glimmora\n|-supereffective|p2a: Glimmora\n|-damage|p2a: Glimmora|0 fnt\n|faint|p2a: Glimmora\n|\n|upkeep\n|\n|t:|1700931623\n|switch|p2a: Corviknight|Corviknight, M, shiny|100\/100\n|turn|3\n|\n|t:|1700931633\n|move|p1a: Typhlosion|Eruption|p2a: Corviknight\n|-supereffective|p2a: Corviknight\n|-damage|p2a: Corviknight|0 fnt\n|faint|p2a: Corviknight\n|\n|upkeep\n|\n|t:|1700931636\n|switch|p2a: Gholdengo|Gholdengo, shiny|100\/100\n|turn|4\n|\n|t:|1700931641\n|switch|p2a: Ogerpon|Ogerpon-Wellspring, F|100\/100\n|move|p1a: Typhlosion|Eruption|p2a: Ogerpon\n|-damage|p2a: Ogerpon|0 fnt\n|faint|p2a: Ogerpon\n|\n|upkeep\n|\n|t:|1700931644\n|switch|p2a: Kingambit|Kingambit, M, shiny|100\/100\n|-activate|p2a: Kingambit|ability: Supreme Overlord\n|-start|p2a: Kingambit|fallen4|[silent]\n|turn|5\n|\n|t:|1700931652\n|move|p2a: Kingambit|Sucker Punch|p1a: Typhlosion\n|-damage|p1a: Typhlosion|24\/100\n|move|p1a: Typhlosion|Eruption|p2a: Kingambit\n|-supereffective|p2a: Kingambit\n|-damage|p2a: Kingambit|53\/100\n|\n|-heal|p2a: Kingambit|59\/100|[from] item: Leftovers\n|upkeep\n|turn|6\n|\n|t:|1700931663\n|switch|p1a: Alomomola|Alomomola, M, shiny|100\/100\n|move|p2a: Kingambit|Sucker Punch||[still]\n|-fail|p2a: Kingambit\n|\n|-heal|p2a: Kingambit|65\/100|[from] item: Leftovers\n|upkeep\n|turn|7\n|\n|t:|1700931671\n|-end|p2a: Kingambit|fallen4|[silent]\n|switch|p2a: Gholdengo|Gholdengo, shiny|100\/100\n|move|p1a: Alomomola|Wish|p1a: Alomomola\n|\n|upkeep\n|turn|8\n|\n|t:|1700931676\n|move|p2a: Gholdengo|Thunderbolt|p1a: Alomomola\n|-supereffective|p1a: Alomomola\n|-damage|p1a: Alomomola|0 fnt\n|faint|p1a: Alomomola\n|\n|upkeep\n|\n|t:|1700931682\n|switch|p1a: Typhlosion|Typhlosion-Hisui, M, shiny, tera:Fire|24\/100\n|-item|p2a: Gholdengo|Choice Specs|[from] ability: Frisk|[of] p1a: Typhlosion|[identify]\n|turn|9\n|\n|t:|1700931689\n|switch|p2a: Kingambit|Kingambit, M, shiny|65\/100\n|-activate|p2a: Kingambit|ability: Supreme Overlord\n|-start|p2a: Kingambit|fallen4|[silent]\n|move|p1a: Typhlosion|Flamethrower|p2a: Kingambit\n|-supereffective|p2a: Kingambit\n|-damage|p2a: Kingambit|0 fnt\n|faint|p2a: Kingambit\n|-end|p2a: Kingambit|fallen4|[silent]\n|\n|upkeep\n|\n|t:|1700931691\n|switch|p2a: Gholdengo|Gholdengo, shiny|100\/100\n|turn|10\n|\n|t:|1700931700\n|move|p1a: Typhlosion|Flamethrower|p2a: Gholdengo\n|-supereffective|p2a: Gholdengo\n|-damage|p2a: Gholdengo|0 fnt\n|faint|p2a: Gholdengo\n|\n|win|KobraKnight\n|raw|KobraKnight's rating: 1008 &rarr; <strong>1046<\/strong><br \/>(+38 for winning)\n|raw|Shashwatpro1's rating: 1000 &rarr; <strong>1000<\/strong><br \/>(+0 for losing)\n|l|\u2606Shashwatpro1\n","uploadtime":1700931708,"views":7,"p1id":"kobraknight","p2id":"shashwatpro1","formatid":"gen9ou","rating":1000,"private":0,"password":""}