{"id":"gen9ou-1988783727","p1":"Gucci TKS","p2":"Humbleman478","format":"[Gen 9] OU","log":"|j|\u2606Gucci TKS\n|j|\u2606Humbleman478\n|t:|1699762647\n|gametype|singles\n|player|p1|Gucci TKS|morty|1194\n|player|p2|Humbleman478|101|1231\n|teamsize|p1|6\n|teamsize|p2|6\n|gen|9\n|tier|[Gen 9] OU\n|rated|\n|rule|Sleep Clause Mod: Limit one foe put to sleep\n|rule|Species Clause: Limit one of each Pok\u00e9mon\n|rule|OHKO Clause: OHKO moves are banned\n|rule|Evasion Items Clause: Evasion items are banned\n|rule|Evasion Moves Clause: Evasion moves are banned\n|rule|Endless Battle Clause: Forcing endless battles is banned\n|rule|HP Percentage Mod: HP is shown in percentages\n|clearpoke\n|poke|p1|Arboliva, F|\n|poke|p1|Hatterene, F|\n|poke|p1|Ursaluna, M|\n|poke|p1|Alomomola, M|\n|poke|p1|Landorus-Therian, M|\n|poke|p1|Kingambit, M|\n|poke|p2|Sandy Shocks|\n|poke|p2|Rillaboom, F|\n|poke|p2|Sneasler, M|\n|poke|p2|Dragapult, F|\n|poke|p2|Iron Valiant|\n|poke|p2|Kingambit, F|\n|teampreview\n|inactive|Battle timer is ON: inactive players will automatically lose when time's up. (requested by Gucci TKS)\n|\n|t:|1699762672\n|start\n|switch|p1a: Don Tarboliva|Arboliva, F|100\/100\n|switch|p2a: Sandy Shocks|Sandy Shocks|100\/100\n|-enditem|p2a: Sandy Shocks|Booster Energy\n|-activate|p2a: Sandy Shocks|ability: Protosynthesis|[fromitem]\n|-start|p2a: Sandy Shocks|protosynthesisspe\n|turn|1\n|\n|t:|1699762680\n|-terastallize|p2a: Sandy Shocks|Ice\n|move|p2a: Sandy Shocks|Tera Blast|p1a: Don Tarboliva|[anim] Tera Blast Ice\n|-supereffective|p1a: Don Tarboliva\n|-damage|p1a: Don Tarboliva|60\/100\n|-fieldstart|move: Grassy Terrain|[from] ability: Seed Sower|[of] p1a: Don Tarboliva\n|move|p1a: Don Tarboliva|Giga Drain|p2a: Sandy Shocks\n|-damage|p2a: Sandy Shocks|39\/100\n|-heal|p1a: Don Tarboliva|91\/100|[from] drain|[of] p2a: Sandy Shocks\n|\n|-heal|p2a: Sandy Shocks|46\/100|[from] Grassy Terrain\n|-heal|p1a: Don Tarboliva|97\/100|[from] Grassy Terrain\n|upkeep\n|turn|2\n|\n|t:|1699762685\n|move|p2a: Sandy Shocks|Stealth Rock|p1a: Don Tarboliva\n|-sidestart|p1: Gucci TKS|move: Stealth Rock\n|move|p1a: Don Tarboliva|Giga Drain|p2a: Sandy Shocks\n|-crit|p2a: Sandy Shocks\n|-damage|p2a: Sandy Shocks|0 fnt\n|-heal|p1a: Don Tarboliva|100\/100|[from] drain|[of] p2a: Sandy Shocks\n|faint|p2a: Sandy Shocks\n|-end|p2a: Sandy Shocks|Protosynthesis|[silent]\n|\n|upkeep\n|\n|t:|1699762690\n|switch|p2a: Dragapult|Dragapult, F|100\/100\n|turn|3\n|\n|t:|1699762693\n|move|p2a: Dragapult|Flamethrower|p1a: Don Tarboliva\n|-supereffective|p1a: Don Tarboliva\n|-crit|p1a: Don Tarboliva\n|-damage|p1a: Don Tarboliva|42\/100\n|-damage|p2a: Dragapult|91\/100|[from] item: Life Orb\n|move|p1a: Don Tarboliva|Dazzling Gleam|p2a: Dragapult\n|-supereffective|p2a: Dragapult\n|-damage|p2a: Dragapult|5\/100\n|\n|-heal|p2a: Dragapult|11\/100|[from] Grassy Terrain\n|-heal|p1a: Don Tarboliva|48\/100|[from] Grassy Terrain\n|upkeep\n|turn|4\n|\n|t:|1699762699\n|move|p2a: Dragapult|Flamethrower|p1a: Don Tarboliva\n|-supereffective|p1a: Don Tarboliva\n|-damage|p1a: Don Tarboliva|9\/100\n|-damage|p2a: Dragapult|1\/100|[from] item: Life Orb\n|move|p1a: Don Tarboliva|Dazzling Gleam|p2a: Dragapult\n|-supereffective|p2a: Dragapult\n|-damage|p2a: Dragapult|0 fnt\n|faint|p2a: Dragapult\n|\n|-heal|p1a: Don Tarboliva|15\/100|[from] Grassy Terrain\n|upkeep\n|\n|t:|1699762708\n|switch|p2a: Sneasler|Sneasler, M|100\/100\n|-enditem|p2a: Sneasler|Grassy Seed\n|-boost|p2a: Sneasler|def|1|[from] item: Grassy Seed\n|turn|5\n|\n|t:|1699762714\n|move|p2a: Sneasler|Dire Claw|p1a: Don Tarboliva\n|-supereffective|p1a: Don Tarboliva\n|-damage|p1a: Don Tarboliva|0 fnt\n|faint|p1a: Don Tarboliva\n|\n|-fieldend|move: Grassy Terrain\n|upkeep\n|\n|t:|1699762719\n|switch|p1a: M\u2019Lady|Hatterene, F|100\/100\n|-damage|p1a: M\u2019Lady|88\/100|[from] Stealth Rock\n|turn|6\n|inactive|Humbleman478 has 120 seconds left.\n|inactive|Humbleman478 has 90 seconds left.\n|inactive|Humbleman478 has 60 seconds left.\n|inactive|Humbleman478 has 30 seconds left.\n|inactive|Humbleman478 has 20 seconds left.\n|inactive|Humbleman478 has 15 seconds left.\n|inactive|Humbleman478 has 10 seconds left.\n|inactive|Humbleman478 has 5 seconds left.\n|-message|Humbleman478 lost due to inactivity.\n|\n|win|Gucci TKS\n|raw|Gucci TKS's rating: 1194 &rarr; <strong>1222<\/strong><br \/>(+28 for winning)\n|raw|Humbleman478's rating: 1231 &rarr; <strong>1203<\/strong><br \/>(-28 for losing)\n","uploadtime":1699762875,"views":14,"p1id":"guccitks","p2id":"humbleman478","formatid":"gen9ou","rating":1203,"private":0,"password":""}