{"id":"gen9ou-1989895388","p1":"FrostArcanine19","p2":"mf_salvador","format":"[Gen 9] OU","log":"|j|\u2606FrostArcanine19\n|j|\u2606mf_salvador\n|inactive|Battle timer is ON: inactive players will automatically lose when time's up.\n|t:|1699904687\n|gametype|singles\n|player|p1|FrostArcanine19|bellelba|\n|player|p2|mf_salvador|flannery|\n|teamsize|p1|3\n|teamsize|p2|3\n|gen|9\n|tier|[Gen 9] OU\n|rated|Tournament battle\n|rule|Sleep Clause Mod: Limit one foe put to sleep\n|rule|Species Clause: Limit one of each Pok\u00e9mon\n|rule|OHKO Clause: OHKO moves are banned\n|rule|Evasion Items Clause: Evasion items are banned\n|rule|Evasion Moves Clause: Evasion moves are banned\n|rule|Endless Battle Clause: Forcing endless battles is banned\n|rule|HP Percentage Mod: HP is shown in percentages\n|clearpoke\n|poke|p1|Quaquaval, F|\n|poke|p1|Kilowattrel, F|\n|poke|p1|Arcanine-Hisui, M|\n|poke|p2|Skeledirge, M|\n|poke|p2|Donphan, F|\n|poke|p2|Rillaboom, M|\n|teampreview\n|j|*Lady Monita \u2746\n|inactive|mf_salvador also wants the timer to be on.\n|c|\u2606mf_salvador|glhf\n|\n|t:|1699904697\n|start\n|switch|p1a: Quaquaval|Quaquaval, F, shiny|100\/100\n|switch|p2a: Donphan|Donphan, F|100\/100\n|turn|1\n|\n|t:|1699904707\n|move|p1a: Quaquaval|Aqua Step|p2a: Donphan\n|-supereffective|p2a: Donphan\n|-damage|p2a: Donphan|45\/100\n|-boost|p1a: Quaquaval|spe|1\n|move|p2a: Donphan|Earthquake|p1a: Quaquaval\n|-enditem|p1a: Quaquaval|Focus Sash\n|-damage|p1a: Quaquaval|1\/100\n|\n|upkeep\n|turn|2\n|\n|t:|1699904714\n|move|p1a: Quaquaval|Aqua Jet|p2a: Donphan\n|-supereffective|p2a: Donphan\n|-damage|p2a: Donphan|16\/100\n|move|p2a: Donphan|Earthquake|p1a: Quaquaval\n|-damage|p1a: Quaquaval|0 fnt\n|faint|p1a: Quaquaval\n|\n|upkeep\n|\n|t:|1699904724\n|switch|p1a: Kilowattrel|Kilowattrel, F, shiny|100\/100\n|turn|3\n|\n|t:|1699904729\n|switch|p2a: Skeledirge|Skeledirge, M|100\/100\n|move|p1a: Kilowattrel|Air Slash|p2a: Skeledirge\n|-damage|p2a: Skeledirge|73\/100\n|\n|upkeep\n|turn|4\n|\n|t:|1699904738\n|move|p1a: Kilowattrel|Air Slash|p2a: Skeledirge\n|-damage|p2a: Skeledirge|48\/100\n|move|p2a: Skeledirge|Torch Song|p1a: Kilowattrel\n|-damage|p1a: Kilowattrel|48\/100\n|-boost|p2a: Skeledirge|spa|1\n|\n|upkeep\n|turn|5\n|\n|t:|1699904743\n|move|p1a: Kilowattrel|Air Slash|p2a: Skeledirge\n|-crit|p2a: Skeledirge\n|-damage|p2a: Skeledirge|5\/100\n|cant|p2a: Skeledirge|flinch\n|\n|upkeep\n|turn|6\n|\n|t:|1699904748\n|move|p1a: Kilowattrel|Air Slash|p2a: Skeledirge\n|-damage|p2a: Skeledirge|0 fnt\n|faint|p2a: Skeledirge\n|\n|upkeep\n|\n|t:|1699904752\n|switch|p2a: Donphan|Donphan, F|16\/100\n|turn|7\n|\n|t:|1699904754\n|move|p2a: Donphan|Ice Shard|p1a: Kilowattrel\n|-supereffective|p1a: Kilowattrel\n|-damage|p1a: Kilowattrel|0 fnt\n|faint|p1a: Kilowattrel\n|\n|upkeep\n|\n|t:|1699904756\n|switch|p1a: Arcanine|Arcanine-Hisui, M, shiny|100\/100\n|turn|8\n|\n|t:|1699904764\n|move|p2a: Donphan|Ice Shard|p1a: Arcanine\n|-resisted|p1a: Arcanine\n|-damage|p1a: Arcanine|87\/100\n|move|p1a: Arcanine|Flare Blitz|p2a: Donphan\n|-damage|p2a: Donphan|0 fnt\n|faint|p2a: Donphan\n|\n|upkeep\n|\n|t:|1699904769\n|switch|p2a: Rillaboom|Rillaboom, M|100\/100\n|-fieldstart|move: Grassy Terrain|[from] ability: Grassy Surge|[of] p2a: Rillaboom\n|-enditem|p2a: Rillaboom|Grassy Seed\n|-boost|p2a: Rillaboom|def|1|[from] item: Grassy Seed\n|turn|9\n|\n|t:|1699904778\n|-terastallize|p2a: Rillaboom|Dark\n|move|p2a: Rillaboom|Grassy Glide|p1a: Arcanine\n|-damage|p1a: Arcanine|42\/100\n|move|p1a: Arcanine|Flare Blitz|p2a: Rillaboom\n|-damage|p2a: Rillaboom|37\/100\n|\n|-heal|p1a: Arcanine|48\/100|[from] Grassy Terrain\n|-heal|p2a: Rillaboom|43\/100|[from] Grassy Terrain\n|upkeep\n|turn|10\n|\n|t:|1699904785\n|move|p2a: Rillaboom|Grassy Glide|p1a: Arcanine\n|-damage|p1a: Arcanine|0 fnt\n|faint|p1a: Arcanine\n|\n|win|mf_salvador\n|n|\u2606FrostArcanine19|frostarcanine19\n|n|\u2606mf_salvador|mfsalvador\n|n|*Lady Monita \u2746|ladymonita\n","uploadtime":1699904786,"views":10,"p1id":"frostarcanine19","p2id":"mfsalvador","formatid":"gen9ou","rating":0,"private":0,"password":""}