{"id":"gen9ou-1995457967","p1":"Togethicc468","p2":"tredlite","format":"[Gen 9] OU","log":"|j|\u2606Togethicc468\n|j|\u2606tredlite\n|t:|1700573075\n|gametype|singles\n|player|p1|Togethicc468|riley|1148\n|player|p2|tredlite|101|1184\n|teamsize|p1|6\n|teamsize|p2|6\n|gen|9\n|tier|[Gen 9] OU\n|rated|\n|rule|Sleep Clause Mod: Limit one foe put to sleep\n|rule|Species Clause: Limit one of each Pok\u00e9mon\n|rule|OHKO Clause: OHKO moves are banned\n|rule|Evasion Items Clause: Evasion items are banned\n|rule|Evasion Moves Clause: Evasion moves are banned\n|rule|Endless Battle Clause: Forcing endless battles is banned\n|rule|HP Percentage Mod: HP is shown in percentages\n|clearpoke\n|poke|p1|Samurott-Hisui, M|\n|poke|p1|Clodsire, M|\n|poke|p1|Great Tusk|\n|poke|p1|Dragonite, M|\n|poke|p1|Corviknight, M|\n|poke|p1|Gholdengo|\n|poke|p2|Walking Wake|\n|poke|p2|Maushold-Four|\n|poke|p2|Dragonite, F|\n|poke|p2|Weezing-Galar, M|\n|poke|p2|Great Tusk|\n|poke|p2|Muk-Alola, M|\n|teampreview\n|inactive|Battle timer is ON: inactive players will automatically lose when time's up. (requested by Togethicc468)\n|\n|t:|1700573083\n|start\n|switch|p1a: Gholdengo|Gholdengo|100\/100\n|switch|p2a: Great Tusk|Great Tusk|100\/100\n|turn|1\n|\n|t:|1700573097\n|switch|p1a: Dragonite|Dragonite, M|100\/100\n|move|p2a: Great Tusk|Stealth Rock|p1a: Dragonite\n|-sidestart|p1: Togethicc468|move: Stealth Rock\n|\n|upkeep\n|turn|2\n|\n|t:|1700573104\n|move|p1a: Dragonite|Ice Spinner|p2a: Great Tusk\n|-supereffective|p2a: Great Tusk\n|-damage|p2a: Great Tusk|64\/100\n|-damage|p1a: Dragonite|84\/100|[from] item: Rocky Helmet|[of] p2a: Great Tusk\n|move|p2a: Great Tusk|Ice Spinner|p1a: Dragonite\n|-supereffective|p1a: Dragonite\n|-damage|p1a: Dragonite|0 fnt\n|faint|p1a: Dragonite\n|\n|upkeep\n|\n|t:|1700573117\n|switch|p1a: Samurott|Samurott-Hisui, M|100\/100\n|-damage|p1a: Samurott|88\/100|[from] Stealth Rock\n|turn|3\n|\n|t:|1700573131\n|-terastallize|p1a: Samurott|Ghost\n|-terastallize|p2a: Great Tusk|Dragon\n|move|p1a: Samurott|Aqua Cutter|p2a: Great Tusk\n|-resisted|p2a: Great Tusk\n|-damage|p2a: Great Tusk|52\/100\n|move|p2a: Great Tusk|Earthquake|p1a: Samurott\n|-damage|p1a: Samurott|33\/100\n|\n|-heal|p1a: Samurott|39\/100|[from] item: Leftovers\n|upkeep\n|turn|4\n|\n|t:|1700573147\n|switch|p1a: Great Tusk|Great Tusk|100\/100\n|move|p2a: Great Tusk|Earthquake|p1a: Great Tusk\n|-damage|p1a: Great Tusk|67\/100\n|\n|upkeep\n|turn|5\n|\n|t:|1700573159\n|-end|p2a: Great Tusk|Protosynthesis|[silent]\n|switch|p2a: Weezing|Weezing-Galar, M|100\/100\n|move|p1a: Great Tusk|Headlong Rush|p2a: Weezing\n|-immune|p2a: Weezing|[from] ability: Levitate\n|\n|upkeep\n|turn|6\n|\n|t:|1700573166\n|move|p1a: Great Tusk|Knock Off|p2a: Weezing\n|-resisted|p2a: Weezing\n|-damage|p2a: Weezing|81\/100\n|-enditem|p2a: Weezing|Choice Specs|[from] move: Knock Off|[of] p1a: Great Tusk\n|move|p2a: Weezing|Strange Steam|p1a: Great Tusk\n|-supereffective|p1a: Great Tusk\n|-damage|p1a: Great Tusk|0 fnt\n|faint|p1a: Great Tusk\n|-end|p1a: Great Tusk|Protosynthesis|[silent]\n|\n|upkeep\n|\n|t:|1700573171\n|switch|p1a: Samurott|Samurott-Hisui, M, tera:Ghost|39\/100\n|-damage|p1a: Samurott|27\/100|[from] Stealth Rock\n|turn|7\n|\n|t:|1700573184\n|switch|p2a: Muk|Muk-Alola, M|100\/100\n|move|p1a: Samurott|Ceaseless Edge|p2a: Muk\n|-resisted|p2a: Muk\n|-damage|p2a: Muk|78\/100\n|-sidestart|p2: tredlite|Spikes\n|\n|-heal|p1a: Samurott|33\/100|[from] item: Leftovers\n|-heal|p2a: Muk|84\/100|[from] item: Black Sludge\n|upkeep\n|turn|8\n|\n|t:|1700573192\n|move|p1a: Samurott|Sacred Sword|p2a: Muk\n|-damage|p2a: Muk|40\/100\n|move|p2a: Muk|Knock Off|p1a: Samurott\n|-supereffective|p1a: Samurott\n|-damage|p1a: Samurott|0 fnt\n|-enditem|p1a: Samurott|Leftovers|[from] move: Knock Off|[of] p2a: Muk\n|faint|p1a: Samurott\n|\n|-heal|p2a: Muk|46\/100|[from] item: Black Sludge\n|upkeep\n|\n|t:|1700573197\n|switch|p1a: Clodsire|Clodsire, M|100\/100\n|-damage|p1a: Clodsire|94\/100|[from] Stealth Rock\n|turn|9\n|\n|t:|1700573203\n|move|p2a: Muk|Protect|p2a: Muk\n|-singleturn|p2a: Muk|Protect\n|move|p1a: Clodsire|Earthquake|p2a: Muk\n|-activate|p2a: Muk|move: Protect\n|\n|-heal|p2a: Muk|52\/100|[from] item: Black Sludge\n|-heal|p1a: Clodsire|100\/100|[from] item: Leftovers\n|upkeep\n|turn|10\n|\n|t:|1700573213\n|switch|p2a: Dragonite|Dragonite, F|100\/100\n|move|p1a: Clodsire|Earthquake|p2a: Dragonite\n|-immune|p2a: Dragonite\n|\n|upkeep\n|turn|11\n|\n|t:|1700573220\n|switch|p1a: Gholdengo|Gholdengo|100\/100\n|-damage|p1a: Gholdengo|94\/100|[from] Stealth Rock\n|move|p2a: Dragonite|Earthquake|p1a: Gholdengo\n|-supereffective|p1a: Gholdengo\n|-damage|p1a: Gholdengo|0 fnt\n|faint|p1a: Gholdengo\n|\n|upkeep\n|\n|t:|1700573223\n|switch|p1a: Corviknight|Corviknight, M|100\/100\n|-damage|p1a: Corviknight|88\/100|[from] Stealth Rock\n|turn|12\n|\n|t:|1700573235\n|switch|p2a: Weezing|Weezing-Galar, M|81\/100\n|move|p1a: Corviknight|Iron Defense|p1a: Corviknight\n|-boost|p1a: Corviknight|def|2\n|\n|upkeep\n|turn|13\n|\n|t:|1700573246\n|move|p2a: Weezing|Overheat|p1a: Corviknight\n|-supereffective|p1a: Corviknight\n|-damage|p1a: Corviknight|40\/100\n|-unboost|p2a: Weezing|spa|2\n|-enditem|p1a: Corviknight|Sitrus Berry|[eat]\n|-heal|p1a: Corviknight|65\/100|[from] item: Sitrus Berry\n|move|p1a: Corviknight|Body Press|p2a: Weezing\n|-resisted|p2a: Weezing\n|-damage|p2a: Weezing|71\/100\n|\n|upkeep\n|turn|14\n|\n|t:|1700573259\n|move|p2a: Weezing|Overheat|p1a: Corviknight\n|-supereffective|p1a: Corviknight\n|-damage|p1a: Corviknight|38\/100\n|-unboost|p2a: Weezing|spa|2\n|move|p1a: Corviknight|Iron Defense|p1a: Corviknight\n|-boost|p1a: Corviknight|def|2\n|\n|upkeep\n|turn|15\n|\n|t:|1700573267\n|move|p2a: Weezing|Overheat|p1a: Corviknight\n|-supereffective|p1a: Corviknight\n|-damage|p1a: Corviknight|20\/100\n|-unboost|p2a: Weezing|spa|2\n|move|p1a: Corviknight|Roost|p1a: Corviknight\n|-heal|p1a: Corviknight|70\/100\n|-singleturn|p1a: Corviknight|move: Roost\n|\n|upkeep\n|turn|16\n|\n|t:|1700573276\n|move|p2a: Weezing|Overheat|p1a: Corviknight\n|-supereffective|p1a: Corviknight\n|-damage|p1a: Corviknight|57\/100\n|move|p1a: Corviknight|Body Press|p2a: Weezing\n|-resisted|p2a: Weezing\n|-damage|p2a: Weezing|55\/100\n|\n|upkeep\n|turn|17\n|\n|t:|1700573283\n|switch|p2a: Walking Wake|Walking Wake|100\/100\n|-damage|p2a: Walking Wake|88\/100|[from] Spikes\n|move|p1a: Corviknight|Body Press|p2a: Walking Wake\n|-crit|p2a: Walking Wake\n|-damage|p2a: Walking Wake|0 fnt\n|faint|p2a: Walking Wake\n|-end|p2a: Walking Wake|Protosynthesis|[silent]\n|\n|upkeep\n|\n|t:|1700573297\n|switch|p2a: Weezing|Weezing-Galar, M|55\/100\n|turn|18\n|\n|t:|1700573310\n|move|p2a: Weezing|Overheat|p1a: Corviknight\n|-supereffective|p1a: Corviknight\n|-damage|p1a: Corviknight|9\/100\n|-unboost|p2a: Weezing|spa|2\n|move|p1a: Corviknight|Roost|p1a: Corviknight\n|-heal|p1a: Corviknight|59\/100\n|-singleturn|p1a: Corviknight|move: Roost\n|\n|upkeep\n|turn|19\n|\n|t:|1700573322\n|move|p2a: Weezing|Shadow Ball|p1a: Corviknight\n|-damage|p1a: Corviknight|51\/100\n|move|p1a: Corviknight|Roost|p1a: Corviknight\n|-heal|p1a: Corviknight|100\/100\n|-singleturn|p1a: Corviknight|move: Roost\n|\n|upkeep\n|turn|20\n|\n|t:|1700573328\n|move|p2a: Weezing|Shadow Ball|p1a: Corviknight\n|-damage|p1a: Corviknight|92\/100\n|move|p1a: Corviknight|Body Press|p2a: Weezing\n|-resisted|p2a: Weezing\n|-damage|p2a: Weezing|40\/100\n|\n|upkeep\n|turn|21\n|\n|t:|1700573341\n|switch|p2a: Dragonite|Dragonite, F|100\/100\n|move|p1a: Corviknight|Substitute|p1a: Corviknight\n|-start|p1a: Corviknight|Substitute\n|-damage|p1a: Corviknight|67\/100\n|\n|upkeep\n|turn|22\n|\n|t:|1700573350\n|move|p2a: Dragonite|Outrage|p1a: Corviknight\n|-resisted|p1a: Corviknight\n|-activate|p1a: Corviknight|move: Substitute|[damage]\n|move|p1a: Corviknight|Iron Defense|p1a: Corviknight\n|-boost|p1a: Corviknight|def|2\n|\n|upkeep\n|turn|23\n|\n|t:|1700573358\n|move|p2a: Dragonite|Outrage|p1a: Corviknight|[from]lockedmove\n|-resisted|p1a: Corviknight\n|-activate|p1a: Corviknight|move: Substitute|[damage]\n|move|p1a: Corviknight|Body Press|p2a: Dragonite\n|-resisted|p2a: Dragonite\n|-damage|p2a: Dragonite|81\/100\n|\n|upkeep\n|turn|24\n|\n|t:|1700573366\n|move|p2a: Dragonite|Outrage|p1a: Corviknight|[from]lockedmove\n|-resisted|p1a: Corviknight\n|-end|p1a: Corviknight|Substitute\n|-start|p2a: Dragonite|confusion|[fatigue]\n|move|p1a: Corviknight|Body Press|p2a: Dragonite\n|-resisted|p2a: Dragonite\n|-damage|p2a: Dragonite|44\/100\n|\n|upkeep\n|turn|25\n|\n|t:|1700573382\n|-activate|p2a: Dragonite|confusion\n|-damage|p2a: Dragonite|28\/100|[from] confusion\n|move|p1a: Corviknight|Body Press|p2a: Dragonite\n|-resisted|p2a: Dragonite\n|-damage|p2a: Dragonite|0 fnt\n|faint|p2a: Dragonite\n|\n|upkeep\n|\n|t:|1700573389\n|switch|p2a: Muk|Muk-Alola, M|52\/100\n|-damage|p2a: Muk|39\/100|[from] Spikes\n|turn|26\n|\n|t:|1700573394\n|move|p2a: Muk|Protect|p2a: Muk\n|-singleturn|p2a: Muk|Protect\n|move|p1a: Corviknight|Body Press|p2a: Muk\n|-activate|p2a: Muk|move: Protect\n|\n|-heal|p2a: Muk|46\/100|[from] item: Black Sludge\n|upkeep\n|turn|27\n|\n|t:|1700573398\n|move|p1a: Corviknight|Body Press|p2a: Muk\n|-crit|p2a: Muk\n|-damage|p2a: Muk|0 fnt\n|faint|p2a: Muk\n|\n|upkeep\n|\n|t:|1700573408\n|switch|p2a: Great Tusk|Great Tusk, tera:Dragon|52\/100\n|-damage|p2a: Great Tusk|40\/100|[from] Spikes\n|turn|28\n|\n|t:|1700573414\n|move|p2a: Great Tusk|Rapid Spin|p1a: Corviknight\n|-resisted|p1a: Corviknight\n|-damage|p1a: Corviknight|66\/100\n|-boost|p2a: Great Tusk|spe|1\n|-sideend|p2: tredlite|Spikes|[from] move: Rapid Spin|[of] p2a: Great Tusk\n|move|p1a: Corviknight|Body Press|p2a: Great Tusk\n|-damage|p2a: Great Tusk|7\/100\n|-damage|p1a: Corviknight|49\/100|[from] item: Rocky Helmet|[of] p2a: Great Tusk\n|\n|upkeep\n|turn|29\n|\n|t:|1700573429\n|move|p2a: Great Tusk|Ice Spinner|p1a: Corviknight\n|-damage|p1a: Corviknight|44\/100\n|move|p1a: Corviknight|Roost|p1a: Corviknight\n|-heal|p1a: Corviknight|94\/100\n|-singleturn|p1a: Corviknight|move: Roost\n|\n|upkeep\n|turn|30\n|\n|t:|1700573446\n|move|p2a: Great Tusk|Earthquake|p1a: Corviknight\n|-immune|p1a: Corviknight\n|move|p1a: Corviknight|Body Press|p2a: Great Tusk\n|-damage|p2a: Great Tusk|0 fnt\n|-damage|p1a: Corviknight|78\/100|[from] item: Rocky Helmet|[of] p2a: Great Tusk\n|faint|p2a: Great Tusk\n|-end|p2a: Great Tusk|Protosynthesis|[silent]\n|\n|upkeep\n|\n|t:|1700573451\n|switch|p2a: Maushold|Maushold-Four|100\/100\n|turn|31\n|\n|t:|1700573458\n|switch|p2a: Weezing|Weezing-Galar, M|40\/100\n|move|p1a: Corviknight|Body Press|p2a: Weezing\n|-resisted|p2a: Weezing\n|-damage|p2a: Weezing|20\/100\n|\n|upkeep\n|turn|32\n|\n|t:|1700573465\n|move|p2a: Weezing|Overheat|p1a: Corviknight\n|-supereffective|p1a: Corviknight\n|-damage|p1a: Corviknight|27\/100\n|-unboost|p2a: Weezing|spa|2\n|move|p1a: Corviknight|Body Press|p2a: Weezing\n|-resisted|p2a: Weezing\n|-damage|p2a: Weezing|0 fnt\n|faint|p2a: Weezing\n|\n|upkeep\n|\n|t:|1700573467\n|switch|p2a: Maushold|Maushold-Four|100\/100\n|turn|33\n|\n|t:|1700573481\n|move|p2a: Maushold|Population Bomb|p1a: Corviknight\n|-resisted|p1a: Corviknight\n|-damage|p1a: Corviknight|26\/100\n|-resisted|p1a: Corviknight\n|-damage|p1a: Corviknight|24\/100\n|-resisted|p1a: Corviknight\n|-damage|p1a: Corviknight|23\/100\n|-resisted|p1a: Corviknight\n|-damage|p1a: Corviknight|22\/100\n|-resisted|p1a: Corviknight\n|-damage|p1a: Corviknight|21\/100\n|-resisted|p1a: Corviknight\n|-damage|p1a: Corviknight|19\/100\n|-resisted|p1a: Corviknight\n|-damage|p1a: Corviknight|18\/100\n|-resisted|p1a: Corviknight\n|-damage|p1a: Corviknight|17\/100\n|-resisted|p1a: Corviknight\n|-damage|p1a: Corviknight|16\/100\n|-resisted|p1a: Corviknight\n|-damage|p1a: Corviknight|14\/100\n|-hitcount|p1a: Corviknight|10\n|move|p1a: Corviknight|Body Press|p2a: Maushold\n|-supereffective|p2a: Maushold\n|-damage|p2a: Maushold|0 fnt\n|faint|p2a: Maushold\n|\n|win|Togethicc468\n|raw|Togethicc468's rating: 1148 &rarr; <strong>1176<\/strong><br \/>(+28 for winning)\n|raw|tredlite's rating: 1184 &rarr; <strong>1156<\/strong><br \/>(-28 for losing)\n|l|\u2606tredlite\n|c|\u2606Togethicc468|Gg\n","uploadtime":1700573519,"views":6,"p1id":"togethicc468","p2id":"tredlite","formatid":"gen9ou","rating":1156,"private":0,"password":""}