{"id":"gen9ou-1991761663","p1":"HaibaraLove1010","p2":"Zapsuki","format":"[Gen 9] OU","log":"|j|\u2606HaibaraLove1010\n|j|\u2606Zapsuki\n|t:|1700112697\n|gametype|singles\n|player|p1|HaibaraLove1010|caitlin|1580\n|player|p2|Zapsuki|serena-masters2|1688\n|teamsize|p1|6\n|teamsize|p2|6\n|gen|9\n|tier|[Gen 9] OU\n|rated|\n|rule|Sleep Clause Mod: Limit one foe put to sleep\n|rule|Species Clause: Limit one of each Pok\u00e9mon\n|rule|OHKO Clause: OHKO moves are banned\n|rule|Evasion Items Clause: Evasion items are banned\n|rule|Evasion Moves Clause: Evasion moves are banned\n|rule|Endless Battle Clause: Forcing endless battles is banned\n|rule|HP Percentage Mod: HP is shown in percentages\n|clearpoke\n|poke|p1|Glimmora, F|\n|poke|p1|Corviknight, F|\n|poke|p1|Iron Moth|\n|poke|p1|Maushold-Four|\n|poke|p1|Sinistcha-Masterpiece|\n|poke|p1|Landorus-Therian, M|\n|poke|p2|Dragonite, F|\n|poke|p2|Garchomp, M|\n|poke|p2|Kommo-o, F|\n|poke|p2|Dragapult, M|\n|poke|p2|Tinkaton, F|\n|poke|p2|Walking Wake|\n|teampreview\n|inactive|Battle timer is ON: inactive players will automatically lose when time's up. (requested by Zapsuki)\n|j| Prinplup forever\n|\n|t:|1700112706\n|start\n|switch|p1a: Maushold|Maushold-Four|100\/100\n|switch|p2a: Walking Wake|Walking Wake|100\/100\n|turn|1\n|j| isoptera\n|\n|t:|1700112714\n|-end|p2a: Walking Wake|Protosynthesis|[silent]\n|switch|p2a: Garchomp|Garchomp, M|100\/100\n|move|p1a: Maushold|Tidy Up|p1a: Maushold\n|-boost|p1a: Maushold|atk|1\n|-boost|p1a: Maushold|spe|1\n|\n|upkeep\n|turn|2\n|\n|t:|1700112721\n|switch|p1a: Glimmora|Glimmora, F|100\/100\n|move|p2a: Garchomp|Earthquake|p1a: Glimmora\n|-supereffective|p1a: Glimmora\n|-enditem|p1a: Glimmora|Focus Sash\n|-damage|p1a: Glimmora|1\/100\n|-activate|p1a: Glimmora|ability: Toxic Debris\n|-sidestart|p2: Zapsuki|move: Toxic Spikes\n|\n|upkeep\n|turn|3\n|j| N00b4Days\n|\n|t:|1700112731\n|move|p2a: Garchomp|Earthquake|p1a: Glimmora\n|-supereffective|p1a: Glimmora\n|-damage|p1a: Glimmora|0 fnt\n|-activate|p1a: Glimmora|ability: Toxic Debris\n|-sidestart|p2: Zapsuki|move: Toxic Spikes\n|faint|p1a: Glimmora\n|\n|upkeep\n|\n|t:|1700112733\n|switch|p1a: Sinistcha|Sinistcha-Masterpiece|100\/100\n|turn|4\n|\n|t:|1700112742\n|move|p2a: Garchomp|Stealth Rock|p1a: Sinistcha\n|-sidestart|p1: HaibaraLove1010|move: Stealth Rock\n|move|p1a: Sinistcha|Calm Mind|p1a: Sinistcha\n|-boost|p1a: Sinistcha|spa|1\n|-boost|p1a: Sinistcha|spd|1\n|\n|upkeep\n|turn|5\n|\n|t:|1700112749\n|move|p2a: Garchomp|Spikes|p1a: Sinistcha\n|-sidestart|p1: HaibaraLove1010|Spikes\n|move|p1a: Sinistcha|Matcha Gotcha|p2a: Garchomp\n|-damage|p2a: Garchomp|59\/100\n|\n|upkeep\n|turn|6\n|\n|t:|1700112752\n|move|p1a: Sinistcha|Matcha Gotcha|p2a: Garchomp\n|-damage|p2a: Garchomp|15\/100\n|move|p2a: Garchomp|Dragon Tail|p1a: Sinistcha\n|-crit|p1a: Sinistcha\n|-damage|p1a: Sinistcha|73\/100\n|drag|p1a: Maushold|Maushold-Four|100\/100\n|-damage|p1a: Maushold|88\/100|[from] Stealth Rock\n|-damage|p1a: Maushold|76\/100|[from] Spikes\n|\n|upkeep\n|turn|7\n|\n|t:|1700112760\n|move|p1a: Maushold|Bite|p2a: Garchomp\n|-damage|p2a: Garchomp|0 fnt\n|-damage|p1a: Maushold|63\/100|[from] ability: Rough Skin|[of] p2a: Garchomp\n|-damage|p1a: Maushold|47\/100|[from] item: Rocky Helmet|[of] p2a: Garchomp\n|faint|p2a: Garchomp\n|\n|upkeep\n|\n|t:|1700112766\n|switch|p2a: Dragapult|Dragapult, M|100\/100\n|turn|8\n|\n|t:|1700112770\n|move|p2a: Dragapult|Substitute|p2a: Dragapult\n|-start|p2a: Dragapult|Substitute\n|-damage|p2a: Dragapult|76\/100\n|move|p1a: Maushold|Tidy Up|p1a: Maushold\n|-end|p2a: Dragapult|Substitute\n|-sideend|p1: HaibaraLove1010|Spikes\n|-sideend|p1: HaibaraLove1010|Stealth Rock\n|-sideend|p2: Zapsuki|Toxic Spikes\n|-activate|p1a: Maushold|move: Tidy Up\n|-boost|p1a: Maushold|atk|1\n|-boost|p1a: Maushold|spe|1\n|\n|upkeep\n|turn|9\n|\n|t:|1700112781\n|-terastallize|p2a: Dragapult|Fairy\n|move|p1a: Maushold|Bite|p2a: Dragapult\n|-resisted|p2a: Dragapult\n|-damage|p2a: Dragapult|50\/100\n|move|p2a: Dragapult|Dragon Darts|p1a: Maushold\n|-damage|p1a: Maushold|15\/100\n|-anim|p2a: Dragapult|Dragon Darts|p1a: Maushold\n|-damage|p1a: Maushold|0 fnt\n|faint|p1a: Maushold\n|\n|upkeep\n|\n|t:|1700112785\n|switch|p1a: Iron Moth|Iron Moth|100\/100\n|turn|10\n|\n|t:|1700112811\n|move|p2a: Dragapult|Dragon Darts|p1a: Iron Moth\n|-damage|p1a: Iron Moth|67\/100\n|-anim|p2a: Dragapult|Dragon Darts|p1a: Iron Moth\n|-damage|p1a: Iron Moth|36\/100\n|move|p1a: Iron Moth|Sludge Wave|p2a: Dragapult\n|-supereffective|p2a: Dragapult\n|-damage|p2a: Dragapult|0 fnt\n|faint|p2a: Dragapult\n|\n|upkeep\n|inactive|Zapsuki has 120 seconds left.\n|j| rythhrtfghtrtgfhr\n|\n|t:|1700112840\n|switch|p2a: Dragonite|Dragonite, F|100\/100\n|turn|11\n|\n|t:|1700112850\n|-end|p1a: Iron Moth|Quark Drive|[silent]\n|switch|p1a: Corviknight|Corviknight, F|100\/100\n|-ability|p1a: Corviknight|Pressure\n|move|p2a: Dragonite|Dragon Dance|p2a: Dragonite\n|-boost|p2a: Dragonite|atk|1\n|-boost|p2a: Dragonite|spe|1\n|\n|upkeep\n|turn|12\n|\n|t:|1700112852\n|move|p2a: Dragonite|Fire Punch|p1a: Corviknight\n|-supereffective|p1a: Corviknight\n|-damage|p1a: Corviknight|48\/100\n|-status|p1a: Corviknight|brn\n|-damage|p2a: Dragonite|84\/100|[from] item: Rocky Helmet|[of] p1a: Corviknight\n|move|p1a: Corviknight|Iron Defense|p1a: Corviknight\n|-boost|p1a: Corviknight|def|2\n|\n|-damage|p1a: Corviknight|42\/100 brn|[from] brn\n|upkeep\n|turn|13\n|inactive|Zapsuki has 120 seconds left.\n|\n|t:|1700112858\n|move|p2a: Dragonite|Fire Punch|p1a: Corviknight\n|-supereffective|p1a: Corviknight\n|-damage|p1a: Corviknight|18\/100 brn\n|-damage|p2a: Dragonite|68\/100|[from] item: Rocky Helmet|[of] p1a: Corviknight\n|move|p1a: Corviknight|Roost|p1a: Corviknight\n|-heal|p1a: Corviknight|69\/100 brn\n|-singleturn|p1a: Corviknight|move: Roost\n|\n|-damage|p1a: Corviknight|62\/100 brn|[from] brn\n|upkeep\n|turn|14\n|\n|t:|1700112867\n|switch|p2a: Walking Wake|Walking Wake|100\/100\n|move|p1a: Corviknight|Iron Defense|p1a: Corviknight\n|-boost|p1a: Corviknight|def|2\n|\n|-damage|p1a: Corviknight|56\/100 brn|[from] brn\n|upkeep\n|turn|15\n|\n|t:|1700112873\n|-terastallize|p1a: Corviknight|Water\n|move|p2a: Walking Wake|Flamethrower|p1a: Corviknight\n|-resisted|p1a: Corviknight\n|-damage|p1a: Corviknight|42\/100 brn\n|move|p1a: Corviknight|Roost|p1a: Corviknight\n|-heal|p1a: Corviknight|92\/100 brn\n|\n|-damage|p1a: Corviknight|86\/100 brn|[from] brn\n|upkeep\n|turn|16\n|\n|t:|1700112883\n|move|p2a: Walking Wake|Draco Meteor|p1a: Corviknight\n|-damage|p1a: Corviknight|22\/100 brn\n|-unboost|p2a: Walking Wake|spa|2\n|-enditem|p2a: Walking Wake|Eject Pack\n|inactive|Zapsuki has 120 seconds left.\n|\n|t:|1700112900\n|-end|p2a: Walking Wake|Protosynthesis|[silent]\n|switch|p2a: Kommo-o|Kommo-o, F|100\/100\n|move|p1a: Corviknight|Body Press|p2a: Kommo-o\n|-damage|p2a: Kommo-o|59\/100\n|\n|-damage|p1a: Corviknight|16\/100 brn|[from] brn\n|upkeep\n|turn|17\n|\n|t:|1700112903\n|move|p2a: Kommo-o|Clanging Scales|p1a: Corviknight\n|-damage|p1a: Corviknight|0 fnt\n|faint|p1a: Corviknight\n|-unboost|p2a: Kommo-o|def|1\n|\n|upkeep\n|\n|t:|1700112907\n|switch|p1a: Landorus|Landorus-Therian, M|100\/100\n|-ability|p1a: Landorus|Intimidate|boost\n|-unboost|p2a: Kommo-o|atk|1\n|turn|18\n|\n|t:|1700112916\n|switch|p2a: Dragonite|Dragonite, F|68\/100\n|move|p1a: Landorus|U-turn|p2a: Dragonite\n|-resisted|p2a: Dragonite\n|-damage|p2a: Dragonite|51\/100\n|\n|t:|1700112919\n|switch|p1a: Sinistcha|Sinistcha-Masterpiece|73\/100|[from] U-turn\n|\n|-heal|p1a: Sinistcha|79\/100|[from] item: Leftovers\n|upkeep\n|turn|19\n|\n|t:|1700112925\n|switch|p2a: Tinkaton|Tinkaton, F, shiny|100\/100\n|-ability|p2a: Tinkaton|Mold Breaker\n|move|p1a: Sinistcha|Strength Sap|p2a: Tinkaton\n|-unboost|p2a: Tinkaton|atk|1\n|-heal|p1a: Sinistcha|100\/100\n|\n|upkeep\n|turn|20\n|\n|t:|1700112930\n|move|p2a: Tinkaton|Knock Off|p1a: Sinistcha\n|-supereffective|p1a: Sinistcha\n|-damage|p1a: Sinistcha|85\/100\n|-enditem|p1a: Sinistcha|Leftovers|[from] move: Knock Off|[of] p2a: Tinkaton\n|move|p1a: Sinistcha|Calm Mind|p1a: Sinistcha\n|-boost|p1a: Sinistcha|spa|1\n|-boost|p1a: Sinistcha|spd|1\n|\n|upkeep\n|turn|21\n|\n|t:|1700112935\n|move|p2a: Tinkaton|Thunder Wave|p1a: Sinistcha\n|-status|p1a: Sinistcha|par\n|cant|p1a: Sinistcha|par\n|\n|upkeep\n|turn|22\n|\n|t:|1700112940\n|move|p2a: Tinkaton|Encore|p1a: Sinistcha\n|-start|p1a: Sinistcha|Encore\n|move|p1a: Sinistcha|Calm Mind|p1a: Sinistcha\n|-boost|p1a: Sinistcha|spa|1\n|-boost|p1a: Sinistcha|spd|1\n|\n|upkeep\n|turn|23\n|l| rythhrtfghtrtgfhr\n|\n|t:|1700112943\n|switch|p1a: Iron Moth|Iron Moth|36\/100\n|move|p2a: Tinkaton|Knock Off|p1a: Iron Moth\n|-damage|p1a: Iron Moth|16\/100\n|-enditem|p1a: Iron Moth|Assault Vest|[from] move: Knock Off|[of] p2a: Tinkaton\n|\n|upkeep\n|turn|24\n|\n|t:|1700112962\n|switch|p2a: Dragonite|Dragonite, F|51\/100\n|move|p1a: Iron Moth|Fiery Dance|p2a: Dragonite\n|-resisted|p2a: Dragonite\n|-damage|p2a: Dragonite|25\/100\n|\n|upkeep\n|turn|25\n|\n|t:|1700112966\n|-end|p1a: Iron Moth|Quark Drive|[silent]\n|switch|p1a: Sinistcha|Sinistcha-Masterpiece|85\/100 par\n|move|p2a: Dragonite|Extreme Speed|p1a: Sinistcha\n|-immune|p1a: Sinistcha\n|\n|upkeep\n|turn|26\n|\n|t:|1700112973\n|switch|p2a: Tinkaton|Tinkaton, F, shiny|100\/100\n|-ability|p2a: Tinkaton|Mold Breaker\n|move|p1a: Sinistcha|Strength Sap|p2a: Tinkaton\n|-unboost|p2a: Tinkaton|atk|1\n|-heal|p1a: Sinistcha|100\/100 par\n|\n|upkeep\n|turn|27\n|\n|t:|1700112978\n|switch|p1a: Landorus|Landorus-Therian, M|100\/100\n|-ability|p1a: Landorus|Intimidate|boost\n|-unboost|p2a: Tinkaton|atk|1\n|move|p2a: Tinkaton|Gigaton Hammer|p1a: Landorus\n|-damage|p1a: Landorus|73\/100\n|\n|upkeep\n|turn|28\n|j| rythhrtfghtrtgfhr\n|l| rythhrtfghtrtgfhr\n|\n|t:|1700112985\n|switch|p2a: Dragonite|Dragonite, F|25\/100\n|move|p1a: Landorus|Rock Slide|p2a: Dragonite\n|-supereffective|p2a: Dragonite\n|-damage|p2a: Dragonite|0 fnt\n|faint|p2a: Dragonite\n|\n|upkeep\n|\n|t:|1700112987\n|switch|p2a: Walking Wake|Walking Wake|100\/100\n|turn|29\n|\n|t:|1700112994\n|switch|p1a: Iron Moth|Iron Moth|16\/100\n|move|p2a: Walking Wake|Scald|p1a: Iron Moth\n|-supereffective|p1a: Iron Moth\n|-damage|p1a: Iron Moth|0 fnt\n|faint|p1a: Iron Moth\n|-end|p1a: Iron Moth|Quark Drive|[silent]\n|\n|upkeep\n|\n|t:|1700112998\n|switch|p1a: Sinistcha|Sinistcha-Masterpiece|100\/100 par\n|turn|30\n|\n|t:|1700113005\n|-end|p2a: Walking Wake|Protosynthesis|[silent]\n|switch|p2a: Tinkaton|Tinkaton, F, shiny|100\/100\n|-ability|p2a: Tinkaton|Mold Breaker\n|move|p1a: Sinistcha|Calm Mind|p1a: Sinistcha\n|-boost|p1a: Sinistcha|spa|1\n|-boost|p1a: Sinistcha|spd|1\n|\n|upkeep\n|turn|31\n|\n|t:|1700113008\n|switch|p1a: Landorus|Landorus-Therian, M|73\/100\n|-ability|p1a: Landorus|Intimidate|boost\n|-unboost|p2a: Tinkaton|atk|1\n|move|p2a: Tinkaton|Encore||[still]\n|-fail|p2a: Tinkaton\n|\n|upkeep\n|turn|32\n|\n|t:|1700113011\n|switch|p2a: Kommo-o|Kommo-o, F|59\/100\n|move|p1a: Landorus|Earthquake|p2a: Kommo-o\n|-damage|p2a: Kommo-o|0 fnt\n|faint|p2a: Kommo-o\n|\n|upkeep\n|\n|t:|1700113013\n|switch|p2a: Walking Wake|Walking Wake|100\/100\n|turn|33\n|\n|t:|1700113016\n|switch|p1a: Sinistcha|Sinistcha-Masterpiece|100\/100 par\n|move|p2a: Walking Wake|Flamethrower|p1a: Sinistcha\n|-supereffective|p1a: Sinistcha\n|-damage|p1a: Sinistcha|64\/100 par\n|\n|upkeep\n|turn|34\n|\n|t:|1700113022\n|move|p2a: Walking Wake|Draco Meteor|p1a: Sinistcha\n|-damage|p1a: Sinistcha|0 fnt\n|-unboost|p2a: Walking Wake|spa|2\n|faint|p1a: Sinistcha\n|\n|upkeep\n|\n|t:|1700113024\n|switch|p1a: Landorus|Landorus-Therian, M|73\/100\n|-ability|p1a: Landorus|Intimidate|boost\n|-unboost|p2a: Walking Wake|atk|1\n|turn|35\n|\n|t:|1700113034\n|-end|p2a: Walking Wake|Protosynthesis|[silent]\n|switch|p2a: Tinkaton|Tinkaton, F, shiny|100\/100\n|-ability|p2a: Tinkaton|Mold Breaker\n|move|p1a: Landorus|Earthquake|p2a: Tinkaton\n|-supereffective|p2a: Tinkaton\n|-crit|p2a: Tinkaton\n|-damage|p2a: Tinkaton|0 fnt\n|faint|p2a: Tinkaton\n|\n|upkeep\n|\n|t:|1700113035\n|switch|p2a: Walking Wake|Walking Wake|100\/100\n|turn|36\n|\n|t:|1700113037\n|move|p1a: Landorus|Earthquake|p2a: Walking Wake\n|-damage|p2a: Walking Wake|38\/100\n|move|p2a: Walking Wake|Scald|p1a: Landorus\n|-supereffective|p1a: Landorus\n|-damage|p1a: Landorus|0 fnt\n|faint|p1a: Landorus\n|\n|win|Zapsuki\n|raw|HaibaraLove1010's rating: 1580 &rarr; <strong>1566<\/strong><br \/>(-14 for losing)\n|raw|Zapsuki's rating: 1688 &rarr; <strong>1702<\/strong><br \/>(+14 for winning)\n|l|\u2606HaibaraLove1010\n|l| N00b4Days\n|l| Prinplup forever\n","uploadtime":1700113046,"views":11,"p1id":"haibaralove1010","p2id":"zapsuki","formatid":"gen9ou","rating":1566,"private":0,"password":""}