{"id":"gen9ou-1999747332","p1":"UltraSwagGaming","p2":"pantalonescondidos","format":"[Gen 9] OU","log":"|j|\u2606UltraSwagGaming\n|j|\u2606pantalonescondidos\n|t:|1701113116\n|gametype|singles\n|player|p1|UltraSwagGaming|alec-anime|1449\n|player|p2|pantalonescondidos|170|1457\n|teamsize|p1|6\n|teamsize|p2|6\n|gen|9\n|tier|[Gen 9] OU\n|rated|\n|rule|Sleep Clause Mod: Limit one foe put to sleep\n|rule|Species Clause: Limit one of each Pok\u00e9mon\n|rule|OHKO Clause: OHKO moves are banned\n|rule|Evasion Items Clause: Evasion items are banned\n|rule|Evasion Moves Clause: Evasion moves are banned\n|rule|Endless Battle Clause: Forcing endless battles is banned\n|rule|HP Percentage Mod: HP is shown in percentages\n|clearpoke\n|poke|p1|Thundurus-Therian, M|\n|poke|p1|Ninetales-Alola, M|\n|poke|p1|Kingambit, F|\n|poke|p1|Ogerpon-Wellspring, F|\n|poke|p1|Skeledirge, F|\n|poke|p1|Kommo-o, F|\n|poke|p2|Sylveon, F|\n|poke|p2|Slowking-Galar, M|\n|poke|p2|Toxapex, F|\n|poke|p2|Great Tusk|\n|poke|p2|Kingambit, M|\n|poke|p2|Rotom-Heat|\n|teampreview\n|inactive|Battle timer is ON: inactive players will automatically lose when time's up. (requested by pantalonescondidos)\n|\n|t:|1701113136\n|start\n|switch|p1a: Ogerpon|Ogerpon-Wellspring, F|100\/100\n|switch|p2a: Slowking|Slowking-Galar, M, shiny|100\/100\n|turn|1\n|inactive|pantalonescondidos has 120 seconds left.\n|\n|t:|1701113183\n|switch|p1a: Ninetales|Ninetales-Alola, M|100\/100\n|-weather|Snow|[from] ability: Snow Warning|[of] p1a: Ninetales\n|move|p2a: Slowking|Sludge Bomb|p1a: Ninetales\n|-supereffective|p1a: Ninetales\n|-damage|p1a: Ninetales|25\/100\n|-status|p1a: Ninetales|psn\n|\n|-weather|Snow|[upkeep]\n|-damage|p1a: Ninetales|13\/100 psn|[from] psn\n|upkeep\n|turn|2\n|\n|t:|1701113192\n|move|p1a: Ninetales|Aurora Veil|p1a: Ninetales\n|-sidestart|p1: UltraSwagGaming|move: Aurora Veil\n|move|p2a: Slowking|Future Sight|p1a: Ninetales\n|-start|p2a: Slowking|move: Future Sight\n|\n|-weather|Snow|[upkeep]\n|-damage|p1a: Ninetales|0 fnt|[from] psn\n|faint|p1a: Ninetales\n|upkeep\n|inactive|UltraSwagGaming has 120 seconds left.\n|\n|t:|1701113221\n|switch|p1a: Skeledirge|Skeledirge, F|100\/100\n|turn|3\n|inactive|pantalonescondidos has 120 seconds left.\n|\n|t:|1701113236\n|switch|p2a: Rotom|Rotom-Heat, shiny|100\/100\n|move|p1a: Skeledirge|Torch Song|p2a: Rotom\n|-resisted|p2a: Rotom\n|-damage|p2a: Rotom|82\/100\n|-boost|p1a: Skeledirge|spa|1\n|\n|-weather|Snow|[upkeep]\n|upkeep\n|turn|4\n|\n|t:|1701113241\n|switch|p1a: Thundurus|Thundurus-Therian, M|100\/100\n|move|p2a: Rotom|Trick|p1a: Thundurus\n|-activate|p2a: Rotom|move: Trick|[of] p1a: Thundurus\n|-item|p1a: Thundurus|Choice Scarf|[from] move: Trick\n|-item|p2a: Rotom|Heavy-Duty Boots|[from] move: Trick\n|\n|-weather|Snow|[upkeep]\n|-end|p1a: Thundurus|move: Future Sight\n|-damage|p1a: Thundurus|67\/100\n|upkeep\n|turn|5\n|inactive|UltraSwagGaming has 120 seconds left.\n|\n|t:|1701113258\n|switch|p1a: Skeledirge|Skeledirge, F|100\/100\n|switch|p2a: Slowking|Slowking-Galar, M, shiny|100\/100\n|\n|-weather|none\n|upkeep\n|turn|6\n|inactive|UltraSwagGaming has 120 seconds left.\n|\n|t:|1701113265\n|switch|p2a: Sylveon|Sylveon, F, shiny|100\/100\n|move|p1a: Skeledirge|Substitute|p1a: Skeledirge\n|-start|p1a: Skeledirge|Substitute\n|-damage|p1a: Skeledirge|75\/100\n|\n|upkeep\n|turn|7\n|\n|t:|1701113270\n|move|p1a: Skeledirge|Torch Song|p2a: Sylveon\n|-damage|p2a: Sylveon|86\/100\n|-boost|p1a: Skeledirge|spa|1\n|move|p2a: Sylveon|Wish|p2a: Sylveon\n|\n|-heal|p2a: Sylveon|92\/100|[from] item: Leftovers\n|upkeep\n|turn|8\n|\n|t:|1701113279\n|switch|p2a: Great Tusk|Great Tusk|100\/100\n|move|p1a: Skeledirge|Torch Song|p2a: Great Tusk\n|-damage|p2a: Great Tusk|35\/100\n|-boost|p1a: Skeledirge|spa|1\n|\n|-heal|p2a: Great Tusk|88\/100|[from] move: Wish|[wisher] Sylveon\n|upkeep\n|turn|9\n|\n|t:|1701113291\n|move|p2a: Great Tusk|Earthquake|p1a: Skeledirge\n|-supereffective|p1a: Skeledirge\n|-end|p1a: Skeledirge|Substitute\n|move|p1a: Skeledirge|Shadow Ball|p2a: Great Tusk\n|-damage|p2a: Great Tusk|0 fnt\n|faint|p2a: Great Tusk\n|-end|p2a: Great Tusk|Protosynthesis|[silent]\n|\n|-sideend|p1: UltraSwagGaming|move: Aurora Veil\n|upkeep\n|\n|t:|1701113298\n|switch|p2a: Rotom|Rotom-Heat, shiny|82\/100\n|turn|10\n|\n|t:|1701113306\n|move|p2a: Rotom|Volt Switch|p1a: Skeledirge\n|-damage|p1a: Skeledirge|53\/100\n|\n|t:|1701113309\n|switch|p2a: Sylveon|Sylveon, F, shiny|92\/100|[from] Volt Switch\n|move|p1a: Skeledirge|Slack Off|p1a: Skeledirge\n|-heal|p1a: Skeledirge|100\/100\n|\n|-heal|p2a: Sylveon|98\/100|[from] item: Leftovers\n|upkeep\n|turn|11\n|\n|t:|1701113314\n|move|p1a: Skeledirge|Substitute|p1a: Skeledirge\n|-start|p1a: Skeledirge|Substitute\n|-damage|p1a: Skeledirge|75\/100\n|move|p2a: Sylveon|Yawn||[still]\n|-fail|p2a: Sylveon\n|\n|-heal|p2a: Sylveon|100\/100|[from] item: Leftovers\n|upkeep\n|turn|12\n|-message|pantalonescondidos forfeited.\n|\n|win|UltraSwagGaming\n|raw|UltraSwagGaming's rating: 1449 &rarr; <strong>1469<\/strong><br \/>(+20 for winning)\n|raw|pantalonescondidos's rating: 1457 &rarr; <strong>1437<\/strong><br \/>(-20 for losing)\n|l|\u2606pantalonescondidos\n|l|\u2606UltraSwagGaming\n|j|\u2606UltraSwagGaming\n|player|p1|UltraSwagGaming|alec-anime\n","uploadtime":1701113338,"views":10,"p1id":"ultraswaggaming","p2id":"pantalonescondidos","formatid":"gen9ou","rating":1437,"private":0,"password":""}