{"id":"gen9ou-2000252565","p1":"looooaicici","p2":"Neppity Neps","format":"[Gen 9] OU","log":"|j|\u2606looooaicici\n|j|\u2606Neppity Neps\n|t:|1701177811\n|gametype|singles\n|player|p1|looooaicici|dragontamer|1221\n|player|p2|Neppity Neps|roxanne|1160\n|teamsize|p1|6\n|teamsize|p2|6\n|gen|9\n|tier|[Gen 9] OU\n|rated|\n|rule|Sleep Clause Mod: Limit one foe put to sleep\n|rule|Species Clause: Limit one of each Pok\u00e9mon\n|rule|OHKO Clause: OHKO moves are banned\n|rule|Evasion Items Clause: Evasion items are banned\n|rule|Evasion Moves Clause: Evasion moves are banned\n|rule|Endless Battle Clause: Forcing endless battles is banned\n|rule|HP Percentage Mod: HP is shown in percentages\n|clearpoke\n|poke|p1|Iron Jugulis|\n|poke|p1|Ogerpon-Wellspring, F|\n|poke|p1|Tinkaton, F|\n|poke|p1|Iron Moth|\n|poke|p1|Great Tusk|\n|poke|p1|Dragapult, F|\n|poke|p2|Overqwil, M|\n|poke|p2|Samurott-Hisui, M|\n|poke|p2|Kleavor, M|\n|poke|p2|Iron Moth|\n|poke|p2|Iron Treads|\n|poke|p2|Rotom-Wash|\n|teampreview\n|\n|t:|1701177818\n|start\n|switch|p1a: Iron Jugulis|Iron Jugulis|100\/100\n|switch|p2a: Overqwil|Overqwil, M|100\/100\n|-ability|p2a: Overqwil|Intimidate|boost\n|-unboost|p1a: Iron Jugulis|atk|1\n|-enditem|p1a: Iron Jugulis|Booster Energy\n|-activate|p1a: Iron Jugulis|ability: Quark Drive|[fromitem]\n|-start|p1a: Iron Jugulis|quarkdrivespe\n|turn|1\n|\n|t:|1701177833\n|move|p1a: Iron Jugulis|Knock Off|p2a: Overqwil\n|-resisted|p2a: Overqwil\n|-damage|p2a: Overqwil|94\/100\n|-enditem|p2a: Overqwil|Leftovers|[from] move: Knock Off|[of] p1a: Iron Jugulis\n|move|p2a: Overqwil|Barb Barrage|p1a: Iron Jugulis\n|-crit|p1a: Iron Jugulis\n|-damage|p1a: Iron Jugulis|56\/100\n|-status|p1a: Iron Jugulis|psn\n|\n|-damage|p1a: Iron Jugulis|43\/100 psn|[from] psn\n|upkeep\n|turn|2\n|\n|t:|1701177846\n|move|p1a: Iron Jugulis|Hurricane|p2a: Overqwil\n|-damage|p2a: Overqwil|27\/100\n|move|p2a: Overqwil|Crunch|p1a: Iron Jugulis\n|-resisted|p1a: Iron Jugulis\n|-damage|p1a: Iron Jugulis|26\/100 psn\n|\n|-damage|p1a: Iron Jugulis|14\/100 psn|[from] psn\n|upkeep\n|turn|3\n|\n|t:|1701177859\n|switch|p2a: Iron Treads|Iron Treads|100\/100\n|move|p1a: Iron Jugulis|Knock Off|p2a: Iron Treads\n|-damage|p2a: Iron Treads|91\/100\n|-enditem|p2a: Iron Treads|Leftovers|[from] move: Knock Off|[of] p1a: Iron Jugulis\n|\n|-damage|p1a: Iron Jugulis|1\/100 psn|[from] psn\n|upkeep\n|turn|4\n|\n|t:|1701177869\n|move|p1a: Iron Jugulis|Earth Power|p2a: Iron Treads\n|-supereffective|p2a: Iron Treads\n|-damage|p2a: Iron Treads|16\/100\n|move|p2a: Iron Treads|Rapid Spin|p1a: Iron Jugulis\n|-damage|p1a: Iron Jugulis|0 fnt\n|-boost|p2a: Iron Treads|spe|1\n|faint|p1a: Iron Jugulis\n|-end|p1a: Iron Jugulis|Quark Drive|[silent]\n|\n|upkeep\n|\n|t:|1701177880\n|switch|p1a: Iron Moth|Iron Moth|100\/100\n|-enditem|p1a: Iron Moth|Booster Energy\n|-activate|p1a: Iron Moth|ability: Quark Drive|[fromitem]\n|-start|p1a: Iron Moth|quarkdrivespe\n|turn|5\n|\n|t:|1701177885\n|move|p1a: Iron Moth|Psychic|p2a: Iron Treads\n|-resisted|p2a: Iron Treads\n|-crit|p2a: Iron Treads\n|-damage|p2a: Iron Treads|0 fnt\n|faint|p2a: Iron Treads\n|-end|p2a: Iron Treads|Quark Drive|[silent]\n|\n|upkeep\n|\n|t:|1701177890\n|switch|p2a: Iron Moth|Iron Moth|100\/100\n|-enditem|p2a: Iron Moth|Booster Energy\n|-activate|p2a: Iron Moth|ability: Quark Drive|[fromitem]\n|-start|p2a: Iron Moth|quarkdrivespa\n|turn|6\n|\n|t:|1701177910\n|move|p1a: Iron Moth|Psychic|p2a: Iron Moth\n|-supereffective|p2a: Iron Moth\n|-damage|p2a: Iron Moth|37\/100\n|move|p2a: Iron Moth|Discharge|p1a: Iron Moth\n|-damage|p1a: Iron Moth|62\/100\n|\n|upkeep\n|turn|7\n|\n|t:|1701177919\n|-end|p2a: Iron Moth|Quark Drive|[silent]\n|switch|p2a: Overqwil|Overqwil, M|27\/100\n|-ability|p2a: Overqwil|Intimidate|boost\n|-unboost|p1a: Iron Moth|atk|1\n|move|p1a: Iron Moth|Psychic|p2a: Overqwil\n|-immune|p2a: Overqwil\n|\n|upkeep\n|turn|8\n|-message|Neppity Neps forfeited.\n|\n|win|looooaicici\n|raw|looooaicici's rating: 1221 &rarr; <strong>1242<\/strong><br \/>(+21 for winning)\n|raw|Neppity Neps's rating: 1160 &rarr; <strong>1139<\/strong><br \/>(-21 for losing)\n|l|\u2606Neppity Neps\n","uploadtime":1701178044,"views":2,"p1id":"looooaicici","p2id":"neppityneps","formatid":"gen9ou","rating":1139,"private":0,"password":""}