{"id":"gen9ou-1989322533","p1":"Vixen 4 Life","p2":"quantumradical","format":"[Gen 9] OU","log":"|j|\u2606Vixen 4 Life\n|j|\u2606quantumradical\n|t:|1699836248\n|gametype|singles\n|player|p1|Vixen 4 Life|penny|1219\n|player|p2|quantumradical|giovanni|1250\n|teamsize|p1|6\n|teamsize|p2|6\n|gen|9\n|tier|[Gen 9] OU\n|rated|\n|rule|Sleep Clause Mod: Limit one foe put to sleep\n|rule|Species Clause: Limit one of each Pok\u00e9mon\n|rule|OHKO Clause: OHKO moves are banned\n|rule|Evasion Items Clause: Evasion items are banned\n|rule|Evasion Moves Clause: Evasion moves are banned\n|rule|Endless Battle Clause: Forcing endless battles is banned\n|rule|HP Percentage Mod: HP is shown in percentages\n|clearpoke\n|poke|p1|Overqwil, F|\n|poke|p1|Vikavolt, F|\n|poke|p1|Dusknoir, F|\n|poke|p1|Eelektross, F|\n|poke|p1|Iron Treads|\n|poke|p1|Krookodile, M|\n|poke|p2|Hoopa-Unbound|\n|poke|p2|Salamence, M|\n|poke|p2|Thundurus-Therian, M|\n|poke|p2|Gholdengo|\n|poke|p2|Skeledirge, M|\n|poke|p2|Great Tusk|\n|teampreview\n|inactive|Battle timer is ON: inactive players will automatically lose when time's up. (requested by quantumradical)\n|\n|t:|1699836262\n|start\n|switch|p1a: Vikavolt|Vikavolt, F|100\/100\n|switch|p2a: Hoopa|Hoopa-Unbound|100\/100\n|turn|1\n|\n|t:|1699836272\n|move|p2a: Hoopa|Psychic|p1a: Vikavolt\n|-damage|p1a: Vikavolt|16\/100\n|move|p1a: Vikavolt|Bug Buzz|p2a: Hoopa\n|-supereffective|p2a: Hoopa\n|-damage|p2a: Hoopa|0 fnt\n|faint|p2a: Hoopa\n|\n|upkeep\n|\n|t:|1699836280\n|switch|p2a: Thundurus|Thundurus-Therian, M|100\/100\n|turn|2\n|\n|t:|1699836288\n|move|p2a: Thundurus|Discharge|p1a: Vikavolt\n|-resisted|p1a: Vikavolt\n|-damage|p1a: Vikavolt|0 fnt\n|faint|p1a: Vikavolt\n|\n|upkeep\n|\n|t:|1699836293\n|switch|p1a: Eelektross|Eelektross, F|100\/100\n|turn|3\n|\n|t:|1699836301\n|switch|p2a: Skeledirge|Skeledirge, M|100\/100\n|move|p1a: Eelektross|Knock Off|p2a: Skeledirge\n|-supereffective|p2a: Skeledirge\n|-damage|p2a: Skeledirge|62\/100\n|-enditem|p2a: Skeledirge|Heavy-Duty Boots|[from] move: Knock Off|[of] p1a: Eelektross\n|\n|upkeep\n|turn|4\n|\n|t:|1699836308\n|move|p2a: Skeledirge|Will-O-Wisp|p1a: Eelektross\n|-status|p1a: Eelektross|brn\n|move|p1a: Eelektross|Volt Switch|p2a: Skeledirge\n|-damage|p2a: Skeledirge|42\/100\n|\n|t:|1699836314\n|switch|p1a: Krookodile|Krookodile, M|100\/100|[from] Volt Switch\n|-ability|p1a: Krookodile|Intimidate|boost\n|-unboost|p2a: Skeledirge|atk|1\n|\n|upkeep\n|turn|5\n|\n|t:|1699836322\n|switch|p2a: Thundurus|Thundurus-Therian, M|100\/100\n|move|p1a: Krookodile|Earthquake|p2a: Thundurus\n|-immune|p2a: Thundurus\n|\n|upkeep\n|turn|6\n|\n|t:|1699836328\n|switch|p1a: Eelektross|Eelektross, F|100\/100 brn\n|move|p2a: Thundurus|Flash Cannon|p1a: Eelektross\n|-resisted|p1a: Eelektross\n|-damage|p1a: Eelektross|92\/100 brn\n|-unboost|p1a: Eelektross|spd|1\n|\n|-damage|p1a: Eelektross|86\/100 brn|[from] brn\n|upkeep\n|turn|7\n|\n|t:|1699836343\n|move|p2a: Thundurus|Sludge Bomb|p1a: Eelektross\n|-damage|p1a: Eelektross|52\/100 brn\n|move|p1a: Eelektross|Volt Switch|p2a: Thundurus\n|-immune|p2a: Thundurus|[from] ability: Volt Absorb\n|\n|-damage|p1a: Eelektross|46\/100 brn|[from] brn\n|upkeep\n|turn|8\n|\n|t:|1699836352\n|switch|p1a: Overqwil|Overqwil, F|100\/100\n|-ability|p1a: Overqwil|Intimidate|boost\n|-unboost|p2a: Thundurus|atk|1\n|move|p2a: Thundurus|Sludge Bomb|p1a: Overqwil\n|-resisted|p1a: Overqwil\n|-damage|p1a: Overqwil|83\/100\n|\n|-heal|p1a: Overqwil|89\/100|[from] item: Leftovers\n|upkeep\n|turn|9\n|\n|t:|1699836364\n|move|p2a: Thundurus|Discharge|p1a: Overqwil\n|-damage|p1a: Overqwil|41\/100\n|move|p1a: Overqwil|Toxic Spikes|p2a: Thundurus\n|-sidestart|p2: quantumradical|move: Toxic Spikes\n|\n|-heal|p1a: Overqwil|47\/100|[from] item: Leftovers\n|upkeep\n|turn|10\n|\n|t:|1699836372\n|move|p2a: Thundurus|Discharge|p1a: Overqwil\n|-damage|p1a: Overqwil|3\/100\n|move|p1a: Overqwil|Crunch|p2a: Thundurus\n|-damage|p2a: Thundurus|51\/100\n|-unboost|p2a: Thundurus|def|1\n|\n|-heal|p1a: Overqwil|9\/100|[from] item: Leftovers\n|upkeep\n|turn|11\n|\n|t:|1699836378\n|move|p1a: Overqwil|Aqua Jet|p2a: Thundurus\n|-damage|p2a: Thundurus|26\/100\n|move|p2a: Thundurus|Discharge|p1a: Overqwil\n|-damage|p1a: Overqwil|0 fnt\n|faint|p1a: Overqwil\n|\n|upkeep\n|\n|t:|1699836386\n|switch|p1a: Iron Treads|Iron Treads|100\/100\n|-enditem|p1a: Iron Treads|Booster Energy\n|-activate|p1a: Iron Treads|ability: Quark Drive|[fromitem]\n|-start|p1a: Iron Treads|quarkdrivespe\n|turn|12\n|\n|t:|1699836397\n|switch|p2a: Gholdengo|Gholdengo|100\/100\n|move|p1a: Iron Treads|Ice Spinner|p2a: Gholdengo\n|-resisted|p2a: Gholdengo\n|-damage|p2a: Gholdengo|87\/100\n|\n|upkeep\n|turn|13\n|\n|t:|1699836404\n|-terastallize|p1a: Iron Treads|Ground\n|move|p1a: Iron Treads|Earthquake|p2a: Gholdengo\n|-supereffective|p2a: Gholdengo\n|-damage|p2a: Gholdengo|0 fnt\n|faint|p2a: Gholdengo\n|\n|upkeep\n|\n|t:|1699836410\n|switch|p2a: Thundurus|Thundurus-Therian, M|26\/100\n|turn|14\n|\n|t:|1699836417\n|move|p1a: Iron Treads|Ice Spinner|p2a: Thundurus\n|-supereffective|p2a: Thundurus\n|-damage|p2a: Thundurus|0 fnt\n|faint|p2a: Thundurus\n|\n|upkeep\n|\n|t:|1699836423\n|switch|p2a: Salamence|Salamence, M|100\/100\n|-ability|p2a: Salamence|Intimidate|boost\n|-unboost|p1a: Iron Treads|atk|1\n|turn|15\n|\n|t:|1699836434\n|switch|p2a: Great Tusk|Great Tusk|100\/100\n|-status|p2a: Great Tusk|psn\n|move|p1a: Iron Treads|Ice Spinner|p2a: Great Tusk\n|-supereffective|p2a: Great Tusk\n|-damage|p2a: Great Tusk|84\/100 psn\n|\n|-heal|p2a: Great Tusk|90\/100 psn|[from] item: Leftovers\n|-damage|p2a: Great Tusk|78\/100 psn|[from] psn\n|upkeep\n|turn|16\n|\n|t:|1699836445\n|-end|p1a: Iron Treads|Quark Drive|[silent]\n|switch|p1a: Krookodile|Krookodile, M|100\/100\n|-ability|p1a: Krookodile|Intimidate|boost\n|-unboost|p2a: Great Tusk|atk|1\n|move|p2a: Great Tusk|Knock Off|p1a: Krookodile\n|-resisted|p1a: Krookodile\n|-damage|p1a: Krookodile|93\/100\n|-damage|p2a: Great Tusk|61\/100 psn|[from] item: Rocky Helmet|[of] p1a: Krookodile\n|-enditem|p1a: Krookodile|Rocky Helmet|[from] move: Knock Off|[of] p2a: Great Tusk\n|\n|-heal|p2a: Great Tusk|67\/100 psn|[from] item: Leftovers\n|-damage|p2a: Great Tusk|55\/100 psn|[from] psn\n|upkeep\n|turn|17\n|\n|t:|1699836458\n|-end|p2a: Great Tusk|Protosynthesis|[silent]\n|switch|p2a: Salamence|Salamence, M|100\/100\n|-ability|p2a: Salamence|Intimidate|boost\n|-unboost|p1a: Krookodile|atk|1\n|switch|p1a: Dusknoir|Dusknoir, F|100\/100\n|-item|p2a: Salamence|Muscle Band|[from] ability: Frisk|[of] p1a: Dusknoir|[identify]\n|\n|upkeep\n|turn|18\n|\n|t:|1699836472\n|move|p2a: Salamence|Dragon Dance|p2a: Salamence\n|-boost|p2a: Salamence|atk|1\n|-boost|p2a: Salamence|spe|1\n|move|p1a: Dusknoir|Ice Punch|p2a: Salamence\n|-supereffective|p2a: Salamence\n|-damage|p2a: Salamence|0 fnt\n|faint|p2a: Salamence\n|\n|upkeep\n|-message|quantumradical forfeited.\n|\n|win|Vixen 4 Life\n|raw|Vixen 4 Life's rating: 1219 &rarr; <strong>1246<\/strong><br \/>(+27 for winning)\n|raw|quantumradical's rating: 1250 &rarr; <strong>1223<\/strong><br \/>(-27 for losing)\n|l|\u2606quantumradical\n","uploadtime":1699836485,"views":12,"p1id":"vixen4life","p2id":"quantumradical","formatid":"gen9ou","rating":1223,"private":0,"password":""}