{"id":"gen9ou-1993945650","p1":"Redribbonrenegade","p2":"fiddledick","format":"[Gen 9] OU","log":"|j|\u2606Redribbonrenegade\n|j|\u2606fiddledick\n|t:|1700380342\n|gametype|singles\n|player|p1|Redribbonrenegade|marshal|1323\n|player|p2|fiddledick|266|1262\n|teamsize|p1|6\n|teamsize|p2|6\n|gen|9\n|tier|[Gen 9] OU\n|rated|\n|rule|Sleep Clause Mod: Limit one foe put to sleep\n|rule|Species Clause: Limit one of each Pok\u00e9mon\n|rule|OHKO Clause: OHKO moves are banned\n|rule|Evasion Items Clause: Evasion items are banned\n|rule|Evasion Moves Clause: Evasion moves are banned\n|rule|Endless Battle Clause: Forcing endless battles is banned\n|rule|HP Percentage Mod: HP is shown in percentages\n|clearpoke\n|poke|p1|Ursaluna, M|\n|poke|p1|Cresselia, F|\n|poke|p1|Volcanion|\n|poke|p1|Garganacl, F|\n|poke|p1|Sinistcha-Masterpiece|\n|poke|p1|Altaria, F|\n|poke|p2|Ribombee, F|\n|poke|p2|Iron Moth|\n|poke|p2|Zapdos|\n|poke|p2|Ogerpon-Wellspring, F|\n|poke|p2|Ting-Lu|\n|poke|p2|Great Tusk|\n|teampreview\n|\n|t:|1700380361\n|start\n|switch|p1a: Forge \ud83d\ude82|Volcanion|100\/100\n|switch|p2a: Ting-Lu|Ting-Lu|100\/100\n|-ability|p2a: Ting-Lu|Vessel of Ruin\n|turn|1\n|\n|t:|1700380373\n|-terastallize|p2a: Ting-Lu|Ghost\n|move|p1a: Forge \ud83d\ude82|Sludge Bomb|p2a: Ting-Lu\n|-resisted|p2a: Ting-Lu\n|-damage|p2a: Ting-Lu|94\/100\n|move|p2a: Ting-Lu|Stealth Rock|p1a: Forge \ud83d\ude82\n|-sidestart|p1: Redribbonrenegade|move: Stealth Rock\n|\n|-heal|p2a: Ting-Lu|100\/100|[from] item: Leftovers\n|upkeep\n|turn|2\n|j| thraxxedout\n|\n|t:|1700380384\n|switch|p1a: Lotus \ud83d\udca3|Altaria, F, shiny|100\/100\n|switch|p2a: Iron Moth|Iron Moth|100\/100\n|-enditem|p2a: Iron Moth|Booster Energy\n|-activate|p2a: Iron Moth|ability: Quark Drive|[fromitem]\n|-start|p2a: Iron Moth|quarkdrivespe\n|\n|upkeep\n|turn|3\n|\n|t:|1700380390\n|move|p2a: Iron Moth|Substitute|p2a: Iron Moth\n|-start|p2a: Iron Moth|Substitute\n|-damage|p2a: Iron Moth|76\/100\n|move|p1a: Lotus \ud83d\udca3|Earthquake|p2a: Iron Moth\n|-supereffective|p2a: Iron Moth\n|-end|p2a: Iron Moth|Substitute\n|\n|upkeep\n|turn|4\n|\n|t:|1700380399\n|-end|p2a: Iron Moth|Quark Drive|[silent]\n|switch|p2a: Zapdos|Zapdos|100\/100\n|move|p1a: Lotus \ud83d\udca3|Earthquake|p2a: Zapdos\n|-immune|p2a: Zapdos\n|\n|upkeep\n|turn|5\n|\n|t:|1700380403\n|move|p2a: Zapdos|Hurricane|p1a: Lotus \ud83d\udca3\n|-damage|p1a: Lotus \ud83d\udca3|72\/100\n|-start|p1a: Lotus \ud83d\udca3|confusion\n|-activate|p1a: Lotus \ud83d\udca3|confusion\n|move|p1a: Lotus \ud83d\udca3|Will-O-Wisp|p2a: Zapdos\n|-status|p2a: Zapdos|brn\n|\n|-damage|p2a: Zapdos|94\/100 brn|[from] brn\n|upkeep\n|turn|6\n|\n|t:|1700380409\n|move|p2a: Zapdos|Hurricane|p1a: Lotus \ud83d\udca3|[miss]\n|-miss|p2a: Zapdos|p1a: Lotus \ud83d\udca3\n|-activate|p1a: Lotus \ud83d\udca3|confusion\n|move|p1a: Lotus \ud83d\udca3|Roost|p1a: Lotus \ud83d\udca3\n|-heal|p1a: Lotus \ud83d\udca3|100\/100\n|-singleturn|p1a: Lotus \ud83d\udca3|move: Roost\n|\n|-damage|p2a: Zapdos|88\/100 brn|[from] brn\n|upkeep\n|turn|7\n|\n|t:|1700380414\n|switch|p1a: Wojbomb \ud83d\udce0|Garganacl, F|100\/100\n|-damage|p1a: Wojbomb \ud83d\udce0|88\/100|[from] Stealth Rock\n|move|p2a: Zapdos|Hurricane|p1a: Wojbomb \ud83d\udce0\n|-resisted|p1a: Wojbomb \ud83d\udce0\n|-damage|p1a: Wojbomb \ud83d\udce0|73\/100\n|\n|-damage|p2a: Zapdos|82\/100 brn|[from] brn\n|upkeep\n|turn|8\n|\n|t:|1700380422\n|switch|p2a: Iron Moth|Iron Moth|76\/100\n|move|p1a: Wojbomb \ud83d\udce0|Salt Cure|p2a: Iron Moth\n|-supereffective|p2a: Iron Moth\n|-damage|p2a: Iron Moth|35\/100\n|-start|p2a: Iron Moth|Salt Cure\n|\n|-damage|p2a: Iron Moth|23\/100|[from] Salt Cure\n|upkeep\n|turn|9\n|\n|t:|1700380435\n|move|p1a: Wojbomb \ud83d\udce0|Protect|p1a: Wojbomb \ud83d\udce0\n|-singleturn|p1a: Wojbomb \ud83d\udce0|Protect\n|move|p2a: Iron Moth|Energy Ball|p1a: Wojbomb \ud83d\udce0\n|-activate|p1a: Wojbomb \ud83d\udce0|move: Protect\n|\n|-damage|p2a: Iron Moth|10\/100|[from] Salt Cure\n|upkeep\n|turn|10\n|\n|t:|1700380446\n|switch|p1a: Lotus \ud83d\udca3|Altaria, F, shiny|100\/100\n|move|p2a: Iron Moth|Sludge Wave|p1a: Lotus \ud83d\udca3\n|-damage|p1a: Lotus \ud83d\udca3|65\/100\n|\n|-damage|p2a: Iron Moth|0 fnt|[from] Salt Cure\n|faint|p2a: Iron Moth\n|-end|p2a: Iron Moth|Quark Drive|[silent]\n|upkeep\n|\n|t:|1700380457\n|switch|p2a: Ogerpon|Ogerpon-Wellspring, F|100\/100\n|turn|11\n|\n|t:|1700380459\n|move|p2a: Ogerpon|Play Rough|p1a: Lotus \ud83d\udca3\n|-supereffective|p1a: Lotus \ud83d\udca3\n|-damage|p1a: Lotus \ud83d\udca3|0 fnt\n|faint|p1a: Lotus \ud83d\udca3\n|\n|upkeep\n|\n|t:|1700380464\n|switch|p1a: Chi-Chi \ud83c\udf75|Sinistcha-Masterpiece, shiny|100\/100\n|turn|12\n|\n|t:|1700380474\n|switch|p2a: Zapdos|Zapdos|82\/100 brn\n|move|p1a: Chi-Chi \ud83c\udf75|Calm Mind|p1a: Chi-Chi \ud83c\udf75\n|-boost|p1a: Chi-Chi \ud83c\udf75|spa|1\n|-boost|p1a: Chi-Chi \ud83c\udf75|spd|1\n|\n|-damage|p2a: Zapdos|75\/100 brn|[from] brn\n|upkeep\n|turn|13\n|\n|t:|1700380481\n|-terastallize|p1a: Chi-Chi \ud83c\udf75|Poison\n|move|p2a: Zapdos|Hurricane|p1a: Chi-Chi \ud83c\udf75\n|-damage|p1a: Chi-Chi \ud83c\udf75|67\/100\n|move|p1a: Chi-Chi \ud83c\udf75|Calm Mind|p1a: Chi-Chi \ud83c\udf75\n|-boost|p1a: Chi-Chi \ud83c\udf75|spa|1\n|-boost|p1a: Chi-Chi \ud83c\udf75|spd|1\n|\n|-damage|p2a: Zapdos|69\/100 brn|[from] brn\n|upkeep\n|turn|14\n|\n|t:|1700380490\n|move|p2a: Zapdos|Hurricane|p1a: Chi-Chi \ud83c\udf75\n|-damage|p1a: Chi-Chi \ud83c\udf75|41\/100\n|move|p1a: Chi-Chi \ud83c\udf75|Strength Sap|p2a: Zapdos\n|-unboost|p2a: Zapdos|atk|1\n|-heal|p1a: Chi-Chi \ud83c\udf75|89\/100\n|\n|-damage|p2a: Zapdos|63\/100 brn|[from] brn\n|upkeep\n|turn|15\n|\n|t:|1700380494\n|move|p2a: Zapdos|Roost|p2a: Zapdos\n|-heal|p2a: Zapdos|100\/100 brn\n|-singleturn|p2a: Zapdos|move: Roost\n|move|p1a: Chi-Chi \ud83c\udf75|Matcha Gotcha|p2a: Zapdos\n|-damage|p2a: Zapdos|42\/100 brn\n|-heal|p1a: Chi-Chi \ud83c\udf75|100\/100|[from] drain|[of] p2a: Zapdos\n|\n|-damage|p2a: Zapdos|36\/100 brn|[from] brn\n|upkeep\n|turn|16\n|\n|t:|1700380496\n|move|p2a: Zapdos|Volt Switch|p1a: Chi-Chi \ud83c\udf75\n|-damage|p1a: Chi-Chi \ud83c\udf75|83\/100\n|\n|t:|1700380500\n|switch|p2a: Ting-Lu|Ting-Lu, tera:Ghost|100\/100|[from] Volt Switch\n|-ability|p2a: Ting-Lu|Vessel of Ruin\n|move|p1a: Chi-Chi \ud83c\udf75|Calm Mind|p1a: Chi-Chi \ud83c\udf75\n|-boost|p1a: Chi-Chi \ud83c\udf75|spa|1\n|-boost|p1a: Chi-Chi \ud83c\udf75|spd|1\n|\n|upkeep\n|turn|17\n|\n|t:|1700380507\n|move|p1a: Chi-Chi \ud83c\udf75|Matcha Gotcha|p2a: Ting-Lu\n|-damage|p2a: Ting-Lu|69\/100\n|-heal|p1a: Chi-Chi \ud83c\udf75|100\/100|[from] drain|[of] p2a: Ting-Lu\n|move|p2a: Ting-Lu|Whirlwind|p1a: Chi-Chi \ud83c\udf75\n|drag|p1a: Kim Joe Un \u26f0\ufe0f|Ursaluna, M, shiny|100\/100\n|-damage|p1a: Kim Joe Un \u26f0\ufe0f|94\/100|[from] Stealth Rock\n|\n|-heal|p2a: Ting-Lu|75\/100|[from] item: Leftovers\n|upkeep\n|turn|18\n|\n|t:|1700380517\n|move|p2a: Ting-Lu|Ruination|p1a: Kim Joe Un \u26f0\ufe0f\n|-damage|p1a: Kim Joe Un \u26f0\ufe0f|47\/100\n|move|p1a: Kim Joe Un \u26f0\ufe0f|Headlong Rush|p2a: Ting-Lu\n|-damage|p2a: Ting-Lu|37\/100\n|-unboost|p1a: Kim Joe Un \u26f0\ufe0f|def|1\n|-unboost|p1a: Kim Joe Un \u26f0\ufe0f|spd|1\n|\n|-heal|p2a: Ting-Lu|43\/100|[from] item: Leftovers\n|upkeep\n|turn|19\n|\n|t:|1700380523\n|move|p2a: Ting-Lu|Earthquake|p1a: Kim Joe Un \u26f0\ufe0f\n|-damage|p1a: Kim Joe Un \u26f0\ufe0f|0 fnt\n|faint|p1a: Kim Joe Un \u26f0\ufe0f\n|\n|-heal|p2a: Ting-Lu|50\/100|[from] item: Leftovers\n|upkeep\n|\n|t:|1700380537\n|switch|p1a: Rennala \ud83c\udf19|Cresselia, F|100\/100\n|-damage|p1a: Rennala \ud83c\udf19|88\/100|[from] Stealth Rock\n|turn|20\n|\n|t:|1700380544\n|move|p1a: Rennala \ud83c\udf19|Moonblast|p2a: Ting-Lu\n|-damage|p2a: Ting-Lu|42\/100\n|move|p2a: Ting-Lu|Ruination|p1a: Rennala \ud83c\udf19\n|-damage|p1a: Rennala \ud83c\udf19|44\/100\n|-enditem|p1a: Rennala \ud83c\udf19|Red Card|[of] p2a: Ting-Lu\n|drag|p2a: Zapdos|Zapdos|36\/100 brn\n|\n|-damage|p2a: Zapdos|30\/100 brn|[from] brn\n|upkeep\n|turn|21\n|\n|t:|1700380552\n|move|p2a: Zapdos|Roost|p2a: Zapdos\n|-heal|p2a: Zapdos|80\/100 brn\n|-singleturn|p2a: Zapdos|move: Roost\n|move|p1a: Rennala \ud83c\udf19|Moonlight|p1a: Rennala \ud83c\udf19\n|-heal|p1a: Rennala \ud83c\udf19|94\/100\n|\n|-damage|p2a: Zapdos|74\/100 brn|[from] brn\n|upkeep\n|turn|22\n|\n|t:|1700380556\n|move|p2a: Zapdos|Volt Switch|p1a: Rennala \ud83c\udf19\n|-damage|p1a: Rennala \ud83c\udf19|73\/100\n|\n|t:|1700380566\n|switch|p2a: Ogerpon|Ogerpon-Wellspring, F|100\/100|[from] Volt Switch\n|move|p1a: Rennala \ud83c\udf19|Trick Room|p1a: Rennala \ud83c\udf19\n|-fieldstart|move: Trick Room|[of] p1a: Rennala \ud83c\udf19\n|\n|upkeep\n|turn|23\n|\n|t:|1700380577\n|switch|p1a: Chi-Chi \ud83c\udf75|Sinistcha-Masterpiece, shiny, tera:Poison|100\/100\n|move|p2a: Ogerpon|Play Rough|p1a: Chi-Chi \ud83c\udf75\n|-resisted|p1a: Chi-Chi \ud83c\udf75\n|-damage|p1a: Chi-Chi \ud83c\udf75|88\/100\n|\n|upkeep\n|turn|24\n|l| thraxxedout\n|j| thraxxedout\n|l| thraxxedout\n|\n|t:|1700380602\n|move|p1a: Chi-Chi \ud83c\udf75|Matcha Gotcha|p2a: Ogerpon\n|-damage|p2a: Ogerpon|62\/100\n|-heal|p1a: Chi-Chi \ud83c\udf75|100\/100|[from] drain|[of] p2a: Ogerpon\n|-status|p2a: Ogerpon|brn\n|move|p2a: Ogerpon|Ivy Cudgel|p1a: Chi-Chi \ud83c\udf75|[anim] Ivy Cudgel Water\n|-damage|p1a: Chi-Chi \ud83c\udf75|77\/100\n|\n|-damage|p2a: Ogerpon|56\/100 brn|[from] brn\n|upkeep\n|turn|25\n|\n|t:|1700380612\n|switch|p2a: Zapdos|Zapdos|74\/100 brn\n|move|p1a: Chi-Chi \ud83c\udf75|Matcha Gotcha|p2a: Zapdos\n|-resisted|p2a: Zapdos\n|-damage|p2a: Zapdos|58\/100 brn\n|-heal|p1a: Chi-Chi \ud83c\udf75|86\/100|[from] drain|[of] p2a: Zapdos\n|\n|-damage|p2a: Zapdos|52\/100 brn|[from] brn\n|upkeep\n|turn|26\n|\n|t:|1700380624\n|switch|p1a: Wojbomb \ud83d\udce0|Garganacl, F|73\/100\n|-damage|p1a: Wojbomb \ud83d\udce0|60\/100|[from] Stealth Rock\n|move|p2a: Zapdos|Roost|p2a: Zapdos\n|-heal|p2a: Zapdos|100\/100 brn\n|-singleturn|p2a: Zapdos|move: Roost\n|\n|-damage|p2a: Zapdos|94\/100 brn|[from] brn\n|-fieldend|move: Trick Room\n|upkeep\n|turn|27\n|\n|t:|1700380633\n|switch|p2a: Great Tusk|Great Tusk|100\/100\n|-enditem|p2a: Great Tusk|Booster Energy\n|-activate|p2a: Great Tusk|ability: Protosynthesis|[fromitem]\n|-start|p2a: Great Tusk|protosynthesisspe\n|move|p1a: Wojbomb \ud83d\udce0|Recover|p1a: Wojbomb \ud83d\udce0\n|-heal|p1a: Wojbomb \ud83d\udce0|100\/100\n|\n|upkeep\n|turn|28\n|\n|t:|1700380639\n|switch|p1a: Rennala \ud83c\udf19|Cresselia, F|73\/100\n|-damage|p1a: Rennala \ud83c\udf19|61\/100|[from] Stealth Rock\n|move|p2a: Great Tusk|Bulk Up|p2a: Great Tusk\n|-boost|p2a: Great Tusk|atk|1\n|-boost|p2a: Great Tusk|def|1\n|\n|upkeep\n|turn|29\n|\n|t:|1700380644\n|move|p2a: Great Tusk|Ice Spinner|p1a: Rennala \ud83c\udf19\n|-damage|p1a: Rennala \ud83c\udf19|44\/100\n|move|p1a: Rennala \ud83c\udf19|Trick Room|p1a: Rennala \ud83c\udf19\n|-fieldstart|move: Trick Room|[of] p1a: Rennala \ud83c\udf19\n|\n|upkeep\n|turn|30\n|\n|t:|1700380653\n|-end|p2a: Great Tusk|Protosynthesis|[silent]\n|switch|p2a: Ogerpon|Ogerpon-Wellspring, F|56\/100 brn\n|move|p1a: Rennala \ud83c\udf19|Moonlight|p1a: Rennala \ud83c\udf19\n|-heal|p1a: Rennala \ud83c\udf19|94\/100\n|\n|-damage|p2a: Ogerpon|50\/100 brn|[from] brn\n|upkeep\n|turn|31\n|\n|t:|1700380661\n|switch|p1a: Chi-Chi \ud83c\udf75|Sinistcha-Masterpiece, shiny, tera:Poison|86\/100\n|move|p2a: Ogerpon|Swords Dance|p2a: Ogerpon\n|-boost|p2a: Ogerpon|atk|2\n|\n|-damage|p2a: Ogerpon|44\/100 brn|[from] brn\n|upkeep\n|turn|32\n|\n|t:|1700380669\n|move|p1a: Chi-Chi \ud83c\udf75|Matcha Gotcha|p2a: Ogerpon\n|-damage|p2a: Ogerpon|4\/100 brn\n|-heal|p1a: Chi-Chi \ud83c\udf75|100\/100|[from] drain|[of] p2a: Ogerpon\n|move|p2a: Ogerpon|Ivy Cudgel|p1a: Chi-Chi \ud83c\udf75|[anim] Ivy Cudgel Water\n|-damage|p1a: Chi-Chi \ud83c\udf75|57\/100\n|\n|-damage|p2a: Ogerpon|0 fnt|[from] brn\n|faint|p2a: Ogerpon\n|upkeep\n|j| thraxxedout\n|\n|t:|1700380678\n|switch|p2a: Ribombee|Ribombee, F|100\/100\n|turn|33\n|\n|t:|1700380688\n|switch|p1a: Forge \ud83d\ude82|Volcanion|100\/100\n|-damage|p1a: Forge \ud83d\ude82|75\/100|[from] Stealth Rock\n|move|p2a: Ribombee|Psychic|p1a: Forge \ud83d\ude82\n|-damage|p1a: Forge \ud83d\ude82|62\/100\n|\n|-fieldend|move: Trick Room\n|upkeep\n|turn|34\n|\n|t:|1700380695\n|move|p2a: Ribombee|Stun Spore|p1a: Forge \ud83d\ude82\n|-status|p1a: Forge \ud83d\ude82|par\n|cant|p1a: Forge \ud83d\ude82|par\n|\n|upkeep\n|turn|35\n|\n|t:|1700380701\n|switch|p2a: Zapdos|Zapdos|94\/100 brn\n|move|p1a: Forge \ud83d\ude82|Heat Wave|p2a: Zapdos\n|-damage|p2a: Zapdos|48\/100 brn\n|\n|-damage|p2a: Zapdos|42\/100 brn|[from] brn\n|upkeep\n|turn|36\n|\n|t:|1700380707\n|move|p2a: Zapdos|Volt Switch|p1a: Forge \ud83d\ude82\n|-supereffective|p1a: Forge \ud83d\ude82\n|-damage|p1a: Forge \ud83d\ude82|29\/100 par\n|\n|t:|1700380714\n|switch|p2a: Ting-Lu|Ting-Lu, tera:Ghost|42\/100|[from] Volt Switch\n|-ability|p2a: Ting-Lu|Vessel of Ruin\n|move|p1a: Forge \ud83d\ude82|Earth Power|p2a: Ting-Lu\n|-damage|p2a: Ting-Lu|30\/100\n|\n|-heal|p2a: Ting-Lu|36\/100|[from] item: Leftovers\n|upkeep\n|turn|37\n|\n|t:|1700380723\n|move|p2a: Ting-Lu|Earthquake|p1a: Forge \ud83d\ude82\n|-supereffective|p1a: Forge \ud83d\ude82\n|-damage|p1a: Forge \ud83d\ude82|0 fnt\n|faint|p1a: Forge \ud83d\ude82\n|\n|-heal|p2a: Ting-Lu|43\/100|[from] item: Leftovers\n|upkeep\n|\n|t:|1700380728\n|switch|p1a: Wojbomb \ud83d\udce0|Garganacl, F|100\/100\n|-damage|p1a: Wojbomb \ud83d\udce0|88\/100|[from] Stealth Rock\n|turn|38\n|\n|t:|1700380737\n|move|p2a: Ting-Lu|Earthquake|p1a: Wojbomb \ud83d\udce0\n|-supereffective|p1a: Wojbomb \ud83d\udce0\n|-damage|p1a: Wojbomb \ud83d\udce0|45\/100\n|move|p1a: Wojbomb \ud83d\udce0|Salt Cure|p2a: Ting-Lu\n|-damage|p2a: Ting-Lu|35\/100\n|-start|p2a: Ting-Lu|Salt Cure\n|\n|-heal|p2a: Ting-Lu|41\/100|[from] item: Leftovers\n|-damage|p2a: Ting-Lu|29\/100|[from] Salt Cure\n|upkeep\n|turn|39\n|\n|t:|1700380744\n|switch|p2a: Zapdos|Zapdos|42\/100 brn\n|move|p1a: Wojbomb \ud83d\udce0|Recover|p1a: Wojbomb \ud83d\udce0\n|-heal|p1a: Wojbomb \ud83d\udce0|95\/100\n|\n|-damage|p2a: Zapdos|35\/100 brn|[from] brn\n|upkeep\n|turn|40\n|\n|t:|1700380748\n|move|p2a: Zapdos|Roost|p2a: Zapdos\n|-heal|p2a: Zapdos|85\/100 brn\n|-singleturn|p2a: Zapdos|move: Roost\n|move|p1a: Wojbomb \ud83d\udce0|Salt Cure|p2a: Zapdos\n|-damage|p2a: Zapdos|73\/100 brn\n|-start|p2a: Zapdos|Salt Cure\n|\n|-damage|p2a: Zapdos|67\/100 brn|[from] brn\n|-damage|p2a: Zapdos|54\/100 brn|[from] Salt Cure\n|upkeep\n|turn|41\n|\n|t:|1700380752\n|move|p2a: Zapdos|Volt Switch|p1a: Wojbomb \ud83d\udce0\n|-damage|p1a: Wojbomb \ud83d\udce0|74\/100\n|\n|t:|1700380756\n|switch|p2a: Great Tusk|Great Tusk|100\/100|[from] Volt Switch\n|move|p1a: Wojbomb \ud83d\udce0|Curse|p1a: Wojbomb \ud83d\udce0\n|-unboost|p1a: Wojbomb \ud83d\udce0|spe|1\n|-boost|p1a: Wojbomb \ud83d\udce0|atk|1\n|-boost|p1a: Wojbomb \ud83d\udce0|def|1\n|\n|upkeep\n|turn|42\n|\n|t:|1700380760\n|move|p2a: Great Tusk|Earthquake|p1a: Wojbomb \ud83d\udce0\n|-supereffective|p1a: Wojbomb \ud83d\udce0\n|-damage|p1a: Wojbomb \ud83d\udce0|36\/100\n|move|p1a: Wojbomb \ud83d\udce0|Salt Cure|p2a: Great Tusk\n|-resisted|p2a: Great Tusk\n|-damage|p2a: Great Tusk|98\/100\n|-start|p2a: Great Tusk|Salt Cure\n|\n|-damage|p2a: Great Tusk|85\/100|[from] Salt Cure\n|upkeep\n|turn|43\n|\n|t:|1700380766\n|move|p2a: Great Tusk|Earthquake|p1a: Wojbomb \ud83d\udce0\n|-supereffective|p1a: Wojbomb \ud83d\udce0\n|-damage|p1a: Wojbomb \ud83d\udce0|2\/100\n|move|p1a: Wojbomb \ud83d\udce0|Recover|p1a: Wojbomb \ud83d\udce0\n|-heal|p1a: Wojbomb \ud83d\udce0|52\/100\n|\n|-damage|p2a: Great Tusk|73\/100|[from] Salt Cure\n|upkeep\n|turn|44\n|\n|t:|1700380774\n|-end|p2a: Great Tusk|Protosynthesis|[silent]\n|switch|p2a: Ting-Lu|Ting-Lu, tera:Ghost|29\/100\n|-ability|p2a: Ting-Lu|Vessel of Ruin\n|move|p1a: Wojbomb \ud83d\udce0|Recover|p1a: Wojbomb \ud83d\udce0\n|-heal|p1a: Wojbomb \ud83d\udce0|100\/100\n|\n|-heal|p2a: Ting-Lu|35\/100|[from] item: Leftovers\n|upkeep\n|turn|45\n|\n|t:|1700380776\n|move|p1a: Wojbomb \ud83d\udce0|Salt Cure|p2a: Ting-Lu\n|-damage|p2a: Ting-Lu|23\/100\n|-start|p2a: Ting-Lu|Salt Cure\n|move|p2a: Ting-Lu|Whirlwind|p1a: Wojbomb \ud83d\udce0\n|drag|p1a: Rennala \ud83c\udf19|Cresselia, F|94\/100\n|-damage|p1a: Rennala \ud83c\udf19|81\/100|[from] Stealth Rock\n|\n|-heal|p2a: Ting-Lu|29\/100|[from] item: Leftovers\n|-damage|p2a: Ting-Lu|17\/100|[from] Salt Cure\n|upkeep\n|turn|46\n|\n|t:|1700380783\n|move|p1a: Rennala \ud83c\udf19|Moonblast|p2a: Ting-Lu\n|-damage|p2a: Ting-Lu|10\/100\n|move|p2a: Ting-Lu|Ruination|p1a: Rennala \ud83c\udf19\n|-damage|p1a: Rennala \ud83c\udf19|41\/100\n|\n|-heal|p2a: Ting-Lu|16\/100|[from] item: Leftovers\n|-damage|p2a: Ting-Lu|4\/100|[from] Salt Cure\n|upkeep\n|turn|47\n|\n|t:|1700380797\n|move|p1a: Rennala \ud83c\udf19|Moonlight|p1a: Rennala \ud83c\udf19\n|-heal|p1a: Rennala \ud83c\udf19|91\/100\n|move|p2a: Ting-Lu|Ruination|p1a: Rennala \ud83c\udf19\n|-damage|p1a: Rennala \ud83c\udf19|46\/100\n|\n|-heal|p2a: Ting-Lu|10\/100|[from] item: Leftovers\n|-damage|p2a: Ting-Lu|0 fnt|[from] Salt Cure\n|faint|p2a: Ting-Lu\n|upkeep\n|\n|t:|1700380803\n|switch|p2a: Ribombee|Ribombee, F|100\/100\n|turn|48\n|\n|t:|1700380810\n|move|p2a: Ribombee|Stun Spore|p1a: Rennala \ud83c\udf19|[miss]\n|-miss|p2a: Ribombee|p1a: Rennala \ud83c\udf19\n|move|p1a: Rennala \ud83c\udf19|Moonlight|p1a: Rennala \ud83c\udf19\n|-heal|p1a: Rennala \ud83c\udf19|96\/100\n|\n|upkeep\n|turn|49\n|\n|t:|1700380814\n|move|p2a: Ribombee|Stun Spore|p1a: Rennala \ud83c\udf19\n|-status|p1a: Rennala \ud83c\udf19|par\n|move|p1a: Rennala \ud83c\udf19|Trick Room|p1a: Rennala \ud83c\udf19\n|-fieldstart|move: Trick Room|[of] p1a: Rennala \ud83c\udf19\n|\n|upkeep\n|turn|50\n|\n|t:|1700380822\n|move|p1a: Rennala \ud83c\udf19|Moonblast|p2a: Ribombee\n|-damage|p2a: Ribombee|68\/100\n|move|p2a: Ribombee|Psychic|p1a: Rennala \ud83c\udf19\n|-resisted|p1a: Rennala \ud83c\udf19\n|-damage|p1a: Rennala \ud83c\udf19|88\/100 par\n|\n|upkeep\n|turn|51\n|\n|t:|1700380824\n|move|p1a: Rennala \ud83c\udf19|Moonblast|p2a: Ribombee\n|-damage|p2a: Ribombee|35\/100\n|move|p2a: Ribombee|Sticky Web|p1a: Rennala \ud83c\udf19\n|-sidestart|p1: Redribbonrenegade|move: Sticky Web\n|\n|upkeep\n|turn|52\n|\n|t:|1700380828\n|switch|p2a: Zapdos|Zapdos|54\/100 brn\n|move|p1a: Rennala \ud83c\udf19|Moonblast|p2a: Zapdos\n|-damage|p2a: Zapdos|37\/100 brn\n|-unboost|p2a: Zapdos|spa|1\n|\n|-damage|p2a: Zapdos|31\/100 brn|[from] brn\n|upkeep\n|turn|53\n|\n|t:|1700380834\n|move|p1a: Rennala \ud83c\udf19|Moonblast|p2a: Zapdos\n|-damage|p2a: Zapdos|13\/100 brn\n|move|p2a: Zapdos|Roost|p2a: Zapdos\n|-heal|p2a: Zapdos|63\/100 brn\n|-singleturn|p2a: Zapdos|move: Roost\n|\n|-damage|p2a: Zapdos|57\/100 brn|[from] brn\n|-fieldend|move: Trick Room\n|upkeep\n|turn|54\n|\n|t:|1700380846\n|move|p2a: Zapdos|Roost|p2a: Zapdos\n|-heal|p2a: Zapdos|100\/100 brn\n|-singleturn|p2a: Zapdos|move: Roost\n|move|p1a: Rennala \ud83c\udf19|Moonblast|p2a: Zapdos\n|-damage|p2a: Zapdos|82\/100 brn\n|\n|-damage|p2a: Zapdos|76\/100 brn|[from] brn\n|upkeep\n|turn|55\n|\n|t:|1700380848\n|move|p2a: Zapdos|Volt Switch|p1a: Rennala \ud83c\udf19\n|-damage|p1a: Rennala \ud83c\udf19|73\/100 par\n|\n|t:|1700380852\n|switch|p2a: Ribombee|Ribombee, F|35\/100|[from] Volt Switch\n|move|p1a: Rennala \ud83c\udf19|Moonblast|p2a: Ribombee\n|-damage|p2a: Ribombee|3\/100\n|\n|upkeep\n|turn|56\n|\n|t:|1700380860\n|move|p2a: Ribombee|Psychic|p1a: Rennala \ud83c\udf19\n|-resisted|p1a: Rennala \ud83c\udf19\n|-damage|p1a: Rennala \ud83c\udf19|65\/100 par\n|cant|p1a: Rennala \ud83c\udf19|par\n|\n|upkeep\n|turn|57\n|\n|t:|1700380863\n|move|p2a: Ribombee|Psychic|p1a: Rennala \ud83c\udf19\n|-resisted|p1a: Rennala \ud83c\udf19\n|-damage|p1a: Rennala \ud83c\udf19|57\/100 par\n|move|p1a: Rennala \ud83c\udf19|Trick Room|p1a: Rennala \ud83c\udf19\n|-fieldstart|move: Trick Room|[of] p1a: Rennala \ud83c\udf19\n|\n|upkeep\n|turn|58\n|\n|t:|1700380865\n|cant|p1a: Rennala \ud83c\udf19|par\n|move|p2a: Ribombee|Moonblast|p1a: Rennala \ud83c\udf19\n|-damage|p1a: Rennala \ud83c\udf19|31\/100 par\n|\n|upkeep\n|turn|59\n|\n|t:|1700380867\n|cant|p1a: Rennala \ud83c\udf19|par\n|move|p2a: Ribombee|Moonblast|p1a: Rennala \ud83c\udf19\n|-damage|p1a: Rennala \ud83c\udf19|4\/100 par\n|\n|upkeep\n|turn|60\n|\n|t:|1700380868\n|move|p1a: Rennala \ud83c\udf19|Moonlight|p1a: Rennala \ud83c\udf19\n|-heal|p1a: Rennala \ud83c\udf19|54\/100 par\n|move|p2a: Ribombee|Moonblast|p1a: Rennala \ud83c\udf19\n|-damage|p1a: Rennala \ud83c\udf19|28\/100 par\n|\n|upkeep\n|turn|61\n|\n|t:|1700380872\n|cant|p1a: Rennala \ud83c\udf19|par\n|move|p2a: Ribombee|Moonblast|p1a: Rennala \ud83c\udf19\n|-damage|p1a: Rennala \ud83c\udf19|1\/100 par\n|-unboost|p1a: Rennala \ud83c\udf19|spa|1\n|\n|-fieldend|move: Trick Room\n|upkeep\n|turn|62\n|\n|t:|1700380874\n|move|p2a: Ribombee|Moonblast|p1a: Rennala \ud83c\udf19\n|-damage|p1a: Rennala \ud83c\udf19|0 fnt\n|faint|p1a: Rennala \ud83c\udf19\n|\n|upkeep\n|\n|t:|1700380878\n|switch|p1a: Wojbomb \ud83d\udce0|Garganacl, F|100\/100\n|-damage|p1a: Wojbomb \ud83d\udce0|88\/100|[from] Stealth Rock\n|-activate|p1a: Wojbomb \ud83d\udce0|move: Sticky Web\n|-unboost|p1a: Wojbomb \ud83d\udce0|spe|1\n|turn|63\n|\n|t:|1700380882\n|move|p2a: Ribombee|Moonblast|p1a: Wojbomb \ud83d\udce0\n|-damage|p1a: Wojbomb \ud83d\udce0|61\/100\n|move|p1a: Wojbomb \ud83d\udce0|Curse|p1a: Wojbomb \ud83d\udce0\n|-unboost|p1a: Wojbomb \ud83d\udce0|spe|1\n|-boost|p1a: Wojbomb \ud83d\udce0|atk|1\n|-boost|p1a: Wojbomb \ud83d\udce0|def|1\n|\n|upkeep\n|turn|64\n|\n|t:|1700380888\n|move|p2a: Ribombee|Moonblast|p1a: Wojbomb \ud83d\udce0\n|-damage|p1a: Wojbomb \ud83d\udce0|30\/100\n|move|p1a: Wojbomb \ud83d\udce0|Curse|p1a: Wojbomb \ud83d\udce0\n|-unboost|p1a: Wojbomb \ud83d\udce0|spe|1\n|-boost|p1a: Wojbomb \ud83d\udce0|atk|1\n|-boost|p1a: Wojbomb \ud83d\udce0|def|1\n|\n|upkeep\n|turn|65\n|\n|t:|1700380890\n|move|p2a: Ribombee|Moonblast|p1a: Wojbomb \ud83d\udce0\n|-damage|p1a: Wojbomb \ud83d\udce0|4\/100\n|move|p1a: Wojbomb \ud83d\udce0|Recover|p1a: Wojbomb \ud83d\udce0\n|-heal|p1a: Wojbomb \ud83d\udce0|54\/100\n|\n|upkeep\n|turn|66\n|\n|t:|1700380896\n|move|p2a: Ribombee|Moonblast|p1a: Wojbomb \ud83d\udce0\n|-damage|p1a: Wojbomb \ud83d\udce0|27\/100\n|move|p1a: Wojbomb \ud83d\udce0|Recover|p1a: Wojbomb \ud83d\udce0\n|-heal|p1a: Wojbomb \ud83d\udce0|77\/100\n|\n|upkeep\n|turn|67\n|\n|t:|1700380898\n|move|p2a: Ribombee|Moonblast|p1a: Wojbomb \ud83d\udce0\n|-damage|p1a: Wojbomb \ud83d\udce0|49\/100\n|move|p1a: Wojbomb \ud83d\udce0|Recover|p1a: Wojbomb \ud83d\udce0\n|-heal|p1a: Wojbomb \ud83d\udce0|99\/100\n|\n|upkeep\n|turn|68\n|\n|t:|1700380900\n|move|p2a: Ribombee|Moonblast|p1a: Wojbomb \ud83d\udce0\n|-damage|p1a: Wojbomb \ud83d\udce0|70\/100\n|move|p1a: Wojbomb \ud83d\udce0|Salt Cure|p2a: Ribombee\n|-supereffective|p2a: Ribombee\n|-damage|p2a: Ribombee|0 fnt\n|faint|p2a: Ribombee\n|\n|upkeep\n|\n|t:|1700380903\n|switch|p2a: Great Tusk|Great Tusk|73\/100\n|turn|69\n|\n|t:|1700380909\n|move|p2a: Great Tusk|Bulk Up|p2a: Great Tusk\n|-boost|p2a: Great Tusk|atk|1\n|-boost|p2a: Great Tusk|def|1\n|move|p1a: Wojbomb \ud83d\udce0|Salt Cure|p2a: Great Tusk\n|-resisted|p2a: Great Tusk\n|-damage|p2a: Great Tusk|70\/100\n|-start|p2a: Great Tusk|Salt Cure\n|\n|-damage|p2a: Great Tusk|57\/100|[from] Salt Cure\n|upkeep\n|turn|70\n|\n|t:|1700380917\n|move|p2a: Great Tusk|Bulk Up|p2a: Great Tusk\n|-boost|p2a: Great Tusk|atk|1\n|-boost|p2a: Great Tusk|def|1\n|move|p1a: Wojbomb \ud83d\udce0|Salt Cure|p2a: Great Tusk\n|-resisted|p2a: Great Tusk\n|-damage|p2a: Great Tusk|55\/100\n|\n|-damage|p2a: Great Tusk|43\/100|[from] Salt Cure\n|upkeep\n|turn|71\n|\n|t:|1700380925\n|move|p1a: Wojbomb \ud83d\udce0|Protect|p1a: Wojbomb \ud83d\udce0\n|-singleturn|p1a: Wojbomb \ud83d\udce0|Protect\n|move|p2a: Great Tusk|Earthquake|p1a: Wojbomb \ud83d\udce0\n|-activate|p1a: Wojbomb \ud83d\udce0|move: Protect\n|\n|-damage|p2a: Great Tusk|30\/100|[from] Salt Cure\n|upkeep\n|turn|72\n|\n|t:|1700380933\n|move|p2a: Great Tusk|Close Combat|p1a: Wojbomb \ud83d\udce0\n|-supereffective|p1a: Wojbomb \ud83d\udce0\n|-damage|p1a: Wojbomb \ud83d\udce0|8\/100\n|-unboost|p2a: Great Tusk|def|1\n|-unboost|p2a: Great Tusk|spd|1\n|move|p1a: Wojbomb \ud83d\udce0|Recover|p1a: Wojbomb \ud83d\udce0\n|-heal|p1a: Wojbomb \ud83d\udce0|58\/100\n|\n|-damage|p2a: Great Tusk|18\/100|[from] Salt Cure\n|upkeep\n|turn|73\n|\n|t:|1700380937\n|-end|p2a: Great Tusk|Protosynthesis|[silent]\n|switch|p2a: Zapdos|Zapdos|76\/100 brn\n|move|p1a: Wojbomb \ud83d\udce0|Protect||[still]\n|-fail|p1a: Wojbomb \ud83d\udce0\n|\n|-damage|p2a: Zapdos|70\/100 brn|[from] brn\n|upkeep\n|turn|74\n|\n|t:|1700380943\n|move|p2a: Zapdos|Volt Switch|p1a: Wojbomb \ud83d\udce0\n|-damage|p1a: Wojbomb \ud83d\udce0|37\/100\n|\n|t:|1700380946\n|switch|p2a: Great Tusk|Great Tusk|18\/100|[from] Volt Switch\n|move|p1a: Wojbomb \ud83d\udce0|Salt Cure|p2a: Great Tusk\n|-resisted|p2a: Great Tusk\n|-crit|p2a: Great Tusk\n|-damage|p2a: Great Tusk|12\/100\n|-start|p2a: Great Tusk|Salt Cure\n|\n|-damage|p2a: Great Tusk|0 fnt|[from] Salt Cure\n|faint|p2a: Great Tusk\n|-end|p2a: Great Tusk|Protosynthesis|[silent]\n|upkeep\n|\n|t:|1700380947\n|switch|p2a: Zapdos|Zapdos|70\/100 brn\n|turn|75\n|\n|t:|1700380959\n|move|p2a: Zapdos|Volt Switch|p1a: Wojbomb \ud83d\udce0\n|-damage|p1a: Wojbomb \ud83d\udce0|15\/100\n|move|p1a: Wojbomb \ud83d\udce0|Salt Cure|p2a: Zapdos\n|-supereffective|p2a: Zapdos\n|-damage|p2a: Zapdos|19\/100 brn\n|-start|p2a: Zapdos|Salt Cure\n|\n|-damage|p2a: Zapdos|13\/100 brn|[from] brn\n|-damage|p2a: Zapdos|0 fnt|[from] Salt Cure\n|faint|p2a: Zapdos\n|\n|win|Redribbonrenegade\n|upkeep\n|raw|Redribbonrenegade's rating: 1323 &rarr; <strong>1340<\/strong><br \/>(+17 for winning)\n|raw|fiddledick's rating: 1262 &rarr; <strong>1241<\/strong><br \/>(-21 for losing)\n|l|\u2606fiddledick\n","uploadtime":1700380985,"views":9,"p1id":"redribbonrenegade","p2id":"fiddledick","formatid":"gen9ou","rating":1241,"private":0,"password":""}