{"id":"gen9ou-1989976010","p1":"DerpyPidgeot","p2":"littensalt","format":"[Gen 9] OU","log":"|j|\u2606DerpyPidgeot\n|j|\u2606littensalt\n|t:|1699911786\n|gametype|singles\n|player|p1|DerpyPidgeot|ingo|1313\n|player|p2|littensalt|calem|1387\n|teamsize|p1|6\n|teamsize|p2|6\n|gen|9\n|tier|[Gen 9] OU\n|rated|\n|rule|Sleep Clause Mod: Limit one foe put to sleep\n|rule|Species Clause: Limit one of each Pok\u00e9mon\n|rule|OHKO Clause: OHKO moves are banned\n|rule|Evasion Items Clause: Evasion items are banned\n|rule|Evasion Moves Clause: Evasion moves are banned\n|rule|Endless Battle Clause: Forcing endless battles is banned\n|rule|HP Percentage Mod: HP is shown in percentages\n|clearpoke\n|poke|p1|Iron Valiant|\n|poke|p1|Dragapult, F|\n|poke|p1|Samurott-Hisui, M|\n|poke|p1|Great Tusk|\n|poke|p1|Zapdos|\n|poke|p1|Ceruledge, M|\n|poke|p2|Thundurus-Therian, M|\n|poke|p2|Weezing-Galar, M|\n|poke|p2|Cinderace, F|\n|poke|p2|Dragapult, F|\n|poke|p2|Greninja-*, M|\n|poke|p2|Zamazenta-*|\n|teampreview\n|\n|t:|1699911801\n|start\n|switch|p1a: Dragapult|Dragapult, F|100\/100\n|switch|p2a: 5g|Thundurus-Therian, M, shiny|100\/100\n|turn|1\n|\n|t:|1699911805\n|move|p1a: Dragapult|Light Screen|p1a: Dragapult\n|-sidestart|p1: DerpyPidgeot|move: Light Screen\n|move|p2a: 5g|Volt Switch|p1a: Dragapult\n|-resisted|p1a: Dragapult\n|-damage|p1a: Dragapult|82\/100\n|-start|p2a: 5g|Disable|Volt Switch|[from] ability: Cursed Body|[of] p1a: Dragapult\n|\n|t:|1699911814\n|switch|p2a: wheezy outta here|Weezing-Galar, M, shiny|100\/100|[from] Volt Switch\n|-ability|p2a: wheezy outta here|Neutralizing Gas\n|\n|upkeep\n|turn|2\n|\n|t:|1699911823\n|move|p1a: Dragapult|U-turn|p2a: wheezy outta here\n|-resisted|p2a: wheezy outta here\n|-damage|p2a: wheezy outta here|97\/100\n|-damage|p1a: Dragapult|65\/100|[from] item: Rocky Helmet|[of] p2a: wheezy outta here\n|\n|t:|1699911837\n|switch|p1a: Zapdos|Zapdos|100\/100|[from] U-turn\n|move|p2a: wheezy outta here|Strange Steam|p1a: Zapdos\n|-damage|p1a: Zapdos|90\/100\n|\n|upkeep\n|turn|3\n|\n|t:|1699911847\n|-end|p2a: wheezy outta here|ability: Neutralizing Gas\n|switch|p2a: 5g|Thundurus-Therian, M, shiny|100\/100\n|move|p1a: Zapdos|Volt Switch|p2a: 5g\n|-immune|p2a: 5g|[from] ability: Volt Absorb\n|\n|upkeep\n|turn|4\n|\n|t:|1699911857\n|move|p2a: 5g|Tera Blast|p1a: Zapdos\n|-damage|p1a: Zapdos|70\/100\n|move|p1a: Zapdos|Volt Switch|p2a: 5g\n|-immune|p2a: 5g|[from] ability: Volt Absorb\n|\n|upkeep\n|turn|5\n|\n|t:|1699911865\n|switch|p1a: Dragapult|Dragapult, F|65\/100\n|move|p2a: 5g|Tera Blast|p1a: Dragapult\n|-immune|p1a: Dragapult\n|\n|upkeep\n|turn|6\n|\n|t:|1699911868\n|switch|p2a: wheezy outta here|Weezing-Galar, M, shiny|97\/100\n|-ability|p2a: wheezy outta here|Neutralizing Gas\n|move|p1a: Dragapult|U-turn|p2a: wheezy outta here\n|-resisted|p2a: wheezy outta here\n|-damage|p2a: wheezy outta here|94\/100\n|-damage|p1a: Dragapult|49\/100|[from] item: Rocky Helmet|[of] p2a: wheezy outta here\n|\n|t:|1699911876\n|switch|p1a: Great Tusk|Great Tusk|100\/100|[from] U-turn\n|\n|upkeep\n|turn|7\n|\n|t:|1699911880\n|move|p1a: Great Tusk|Stealth Rock|p2a: wheezy outta here\n|-sidestart|p2: littensalt|move: Stealth Rock\n|move|p2a: wheezy outta here|Will-O-Wisp|p1a: Great Tusk\n|-status|p1a: Great Tusk|brn\n|\n|-damage|p1a: Great Tusk|94\/100 brn|[from] brn\n|upkeep\n|turn|8\n|\n|t:|1699911886\n|move|p1a: Great Tusk|Earthquake|p2a: wheezy outta here\n|-supereffective|p2a: wheezy outta here\n|-damage|p2a: wheezy outta here|59\/100\n|move|p2a: wheezy outta here|Strange Steam|p1a: Great Tusk\n|-supereffective|p1a: Great Tusk\n|-damage|p1a: Great Tusk|55\/100 brn\n|\n|-heal|p1a: Great Tusk|62\/100 brn|[from] item: Leftovers\n|-damage|p1a: Great Tusk|55\/100 brn|[from] brn\n|-sideend|p1: DerpyPidgeot|move: Light Screen\n|upkeep\n|turn|9\n|\n|t:|1699911890\n|-end|p1a: Great Tusk|Protosynthesis|[silent]\n|switch|p1a: Zapdos|Zapdos|70\/100\n|move|p2a: wheezy outta here|Pain Split|p1a: Zapdos\n|-sethp|p1a: Zapdos|63\/100|[from] move: Pain Split|[silent]\n|-sethp|p2a: wheezy outta here|66\/100|[from] move: Pain Split\n|\n|upkeep\n|turn|10\n|\n|t:|1699911897\n|-end|p2a: wheezy outta here|ability: Neutralizing Gas\n|switch|p2a: FRANCHISE|Cinderace, F|100\/100\n|move|p1a: Zapdos|Roost|p1a: Zapdos\n|-heal|p1a: Zapdos|100\/100\n|-singleturn|p1a: Zapdos|move: Roost\n|\n|upkeep\n|turn|11\n|\n|t:|1699911902\n|move|p2a: FRANCHISE|Court Change|p2a: FRANCHISE\n|-start|p2a: FRANCHISE|typechange|Normal|[from] ability: Libero\n|-swapsideconditions\n|-activate|p2a: FRANCHISE|move: Court Change\n|move|p1a: Zapdos|Thunderbolt|p2a: FRANCHISE\n|-damage|p2a: FRANCHISE|51\/100\n|\n|upkeep\n|turn|12\n|\n|t:|1699911907\n|switch|p2a: 5g|Thundurus-Therian, M, shiny|100\/100\n|switch|p1a: Great Tusk|Great Tusk|55\/100 brn\n|-damage|p1a: Great Tusk|53\/100 brn|[from] Stealth Rock\n|\n|-heal|p1a: Great Tusk|59\/100 brn|[from] item: Leftovers\n|-damage|p1a: Great Tusk|53\/100 brn|[from] brn\n|upkeep\n|turn|13\n|\n|t:|1699911917\n|move|p2a: 5g|Tera Blast|p1a: Great Tusk\n|-damage|p1a: Great Tusk|0 fnt\n|faint|p1a: Great Tusk\n|-end|p1a: Great Tusk|Protosynthesis|[silent]\n|\n|upkeep\n|\n|t:|1699911924\n|switch|p1a: Dragapult|Dragapult, F|49\/100\n|-damage|p1a: Dragapult|37\/100|[from] Stealth Rock\n|turn|14\n|\n|t:|1699911929\n|switch|p2a: wheezy outta here|Weezing-Galar, M, shiny|66\/100\n|-ability|p2a: wheezy outta here|Neutralizing Gas\n|move|p1a: Dragapult|Draco Meteor|p2a: wheezy outta here\n|-immune|p2a: wheezy outta here\n|\n|upkeep\n|turn|15\n|\n|t:|1699911936\n|move|p1a: Dragapult|Light Screen|p1a: Dragapult\n|-sidestart|p1: DerpyPidgeot|move: Light Screen\n|move|p2a: wheezy outta here|Strange Steam|p1a: Dragapult\n|-supereffective|p1a: Dragapult\n|-damage|p1a: Dragapult|8\/100\n|\n|upkeep\n|turn|16\n|\n|t:|1699911939\n|move|p1a: Dragapult|Reflect|p1a: Dragapult\n|-sidestart|p1: DerpyPidgeot|Reflect\n|move|p2a: wheezy outta here|Strange Steam|p1a: Dragapult\n|-supereffective|p1a: Dragapult\n|-damage|p1a: Dragapult|0 fnt\n|faint|p1a: Dragapult\n|\n|upkeep\n|\n|t:|1699911948\n|switch|p1a: Ceruledge|Ceruledge, M|100\/100\n|-damage|p1a: Ceruledge|76\/100|[from] Stealth Rock\n|turn|17\n|\n|t:|1699911957\n|move|p1a: Ceruledge|Iron Head|p2a: wheezy outta here\n|-supereffective|p2a: wheezy outta here\n|-damage|p2a: wheezy outta here|8\/100\n|-damage|p1a: Ceruledge|59\/100|[from] item: Rocky Helmet|[of] p2a: wheezy outta here\n|move|p2a: wheezy outta here|Haze|p2a: wheezy outta here\n|-clearallboost\n|\n|upkeep\n|turn|18\n|\n|t:|1699911964\n|-end|p2a: wheezy outta here|ability: Neutralizing Gas\n|switch|p2a: FRANCHISE|Cinderace, F|51\/100\n|move|p1a: Ceruledge|Iron Head|p2a: FRANCHISE\n|-resisted|p2a: FRANCHISE\n|-damage|p2a: FRANCHISE|23\/100\n|\n|upkeep\n|turn|19\n|\n|t:|1699911971\n|move|p2a: FRANCHISE|Sucker Punch|p1a: Ceruledge\n|-start|p2a: FRANCHISE|typechange|Dark|[from] ability: Libero\n|-supereffective|p1a: Ceruledge\n|-damage|p1a: Ceruledge|10\/100\n|-ability|p1a: Ceruledge|Weak Armor|boost\n|-unboost|p1a: Ceruledge|def|1\n|-boost|p1a: Ceruledge|spe|2\n|move|p1a: Ceruledge|Iron Head|p2a: FRANCHISE\n|-damage|p2a: FRANCHISE|0 fnt\n|faint|p2a: FRANCHISE\n|\n|upkeep\n|\n|t:|1699911979\n|switch|p2a: N95|Greninja, M|100\/100\n|turn|20\n|\n|t:|1699911982\n|move|p2a: N95|Water Shuriken|p1a: Ceruledge\n|-supereffective|p1a: Ceruledge\n|-damage|p1a: Ceruledge|0 fnt\n|faint|p1a: Ceruledge\n|-ability|p2a: N95|Battle Bond|boost\n|-boost|p2a: N95|atk|1\n|-boost|p2a: N95|spa|1\n|-boost|p2a: N95|spe|1\n|-activate|p2a: N95|ability: Battle Bond\n|-hitcount|p1: Ceruledge|1\n|-damage|p2a: N95|91\/100|[from] item: Life Orb\n|\n|upkeep\n|\n|t:|1699911987\n|switch|p1a: Iron Valiant|Iron Valiant|100\/100\n|-damage|p1a: Iron Valiant|94\/100|[from] Stealth Rock\n|-enditem|p1a: Iron Valiant|Booster Energy\n|-activate|p1a: Iron Valiant|ability: Quark Drive|[fromitem]\n|-start|p1a: Iron Valiant|quarkdriveatk\n|turn|21\n|\n|t:|1699911993\n|move|p2a: N95|Hydro Pump|p1a: Iron Valiant|[miss]\n|-miss|p2a: N95|p1a: Iron Valiant\n|move|p1a: Iron Valiant|Moonblast|p2a: N95\n|-supereffective|p2a: N95\n|-damage|p2a: N95|0 fnt\n|faint|p2a: N95\n|\n|upkeep\n|\n|t:|1699912006\n|switch|p2a: KIDS SEE GHOST|Dragapult, F, shiny|100\/100\n|turn|22\n|\n|t:|1699912012\n|move|p2a: KIDS SEE GHOST|U-turn|p1a: Iron Valiant\n|-resisted|p1a: Iron Valiant\n|-damage|p1a: Iron Valiant|89\/100\n|\n|t:|1699912014\n|switch|p2a: wheezy outta here|Weezing-Galar, M, shiny|8\/100|[from] U-turn\n|-ability|p2a: wheezy outta here|Neutralizing Gas\n|move|p1a: Iron Valiant|Knock Off|p2a: wheezy outta here\n|-resisted|p2a: wheezy outta here\n|-damage|p2a: wheezy outta here|0 fnt\n|-damage|p1a: Iron Valiant|72\/100|[from] item: Rocky Helmet|[of] p2a: wheezy outta here\n|-enditem|p2a: wheezy outta here|Rocky Helmet|[from] move: Knock Off|[of] p1a: Iron Valiant\n|faint|p2a: wheezy outta here\n|-end|p2a: wheezy outta here|ability: Neutralizing Gas\n|\n|-sideend|p1: DerpyPidgeot|move: Light Screen\n|upkeep\n|\n|t:|1699912024\n|switch|p2a: KIDS SEE GHOST|Dragapult, F, shiny|100\/100\n|turn|23\n|\n|t:|1699912027\n|move|p2a: KIDS SEE GHOST|Shadow Ball|p1a: Iron Valiant\n|-damage|p1a: Iron Valiant|0 fnt\n|faint|p1a: Iron Valiant\n|-end|p1a: Iron Valiant|Quark Drive|[silent]\n|\n|-sideend|p1: DerpyPidgeot|Reflect\n|upkeep\n|\n|t:|1699912030\n|switch|p1a: Samurott|Samurott-Hisui, M|100\/100\n|-damage|p1a: Samurott|88\/100|[from] Stealth Rock\n|turn|24\n|\n|t:|1699912037\n|switch|p2a: november|Zamazenta|100\/100\n|-ability|p2a: november|Dauntless Shield|boost\n|-boost|p2a: november|def|1\n|move|p1a: Samurott|Ceaseless Edge|p2a: november|[miss]\n|-miss|p1a: Samurott|p2a: november\n|\n|upkeep\n|turn|25\n|-message|DerpyPidgeot forfeited.\n|\n|win|littensalt\n|raw|DerpyPidgeot's rating: 1313 &rarr; <strong>1297<\/strong><br \/>(-16 for losing)\n|raw|littensalt's rating: 1387 &rarr; <strong>1403<\/strong><br \/>(+16 for winning)\n|l|\u2606DerpyPidgeot\n","uploadtime":1699912051,"views":7,"p1id":"derpypidgeot","p2id":"littensalt","formatid":"gen9ou","rating":1297,"private":0,"password":""}