{"id":"gen9ou-1988778161","p1":"ITS SO GLISCOVER","p2":"Mimkm","format":"[Gen 9] OU","log":"|j|\u2606ITS SO GLISCOVER\n|j|\u2606Mimkm\n|t:|1699761906\n|gametype|singles\n|player|p1|ITS SO GLISCOVER|sada-ai|1048\n|player|p2|Mimkm|ethan|1023\n|teamsize|p1|6\n|teamsize|p2|6\n|gen|9\n|tier|[Gen 9] OU\n|rated|\n|rule|Sleep Clause Mod: Limit one foe put to sleep\n|rule|Species Clause: Limit one of each Pok\u00e9mon\n|rule|OHKO Clause: OHKO moves are banned\n|rule|Evasion Items Clause: Evasion items are banned\n|rule|Evasion Moves Clause: Evasion moves are banned\n|rule|Endless Battle Clause: Forcing endless battles is banned\n|rule|HP Percentage Mod: HP is shown in percentages\n|clearpoke\n|poke|p1|Blissey, F|\n|poke|p1|Gliscor, F|\n|poke|p1|Clefable, F|\n|poke|p1|Dondozo, F|\n|poke|p1|Corviknight, F|\n|poke|p1|Toxapex, F|\n|poke|p2|Garchomp, M|\n|poke|p2|Typhlosion-Hisui, F|\n|poke|p2|Braviary-Hisui, M|\n|poke|p2|Ninetales-Alola, F|\n|poke|p2|Gyarados, F|\n|poke|p2|Breloom, M|\n|teampreview\n|inactive|Battle timer is ON: inactive players will automatically lose when time's up. (requested by ITS SO GLISCOVER)\n|\n|t:|1699761919\n|start\n|switch|p1a: Toxapex|Toxapex, F, shiny|100\/100\n|switch|p2a: Typhlosion|Typhlosion-Hisui, F|100\/100\n|turn|1\n|\n|t:|1699761931\n|move|p2a: Typhlosion|Earthquake|p1a: Toxapex\n|-supereffective|p1a: Toxapex\n|-damage|p1a: Toxapex|69\/100\n|move|p1a: Toxapex|Toxic|p2a: Typhlosion\n|-status|p2a: Typhlosion|tox\n|\n|-damage|p2a: Typhlosion|95\/100 tox|[from] psn\n|upkeep\n|turn|2\n|\n|t:|1699761950\n|switch|p1a: Clefable|Clefable, F|100\/100\n|move|p2a: Typhlosion|Earthquake|p1a: Clefable\n|-damage|p1a: Clefable|82\/100\n|\n|-heal|p2a: Typhlosion|100\/100 tox|[from] item: Leftovers\n|-heal|p1a: Clefable|89\/100|[from] item: Leftovers\n|-damage|p2a: Typhlosion|89\/100 tox|[from] psn\n|upkeep\n|turn|3\n|\n|t:|1699761969\n|move|p2a: Typhlosion|Fire Blast|p1a: Clefable\n|-damage|p1a: Clefable|44\/100\n|-status|p1a: Clefable|brn\n|move|p1a: Clefable|Stealth Rock|p2a: Typhlosion\n|-sidestart|p2: Mimkm|move: Stealth Rock\n|\n|-heal|p2a: Typhlosion|95\/100 tox|[from] item: Leftovers\n|-heal|p1a: Clefable|50\/100 brn|[from] item: Leftovers\n|-damage|p2a: Typhlosion|77\/100 tox|[from] psn\n|upkeep\n|turn|4\n|\n|t:|1699761980\n|move|p1a: Clefable|Protect|p1a: Clefable\n|-singleturn|p1a: Clefable|Protect\n|move|p2a: Typhlosion|Fire Blast|p1a: Clefable\n|-activate|p1a: Clefable|move: Protect\n|\n|-heal|p2a: Typhlosion|83\/100 tox|[from] item: Leftovers\n|-heal|p1a: Clefable|56\/100 brn|[from] item: Leftovers\n|-damage|p2a: Typhlosion|59\/100 tox|[from] psn\n|upkeep\n|turn|5\n|\n|t:|1699761993\n|move|p2a: Typhlosion|Fire Blast|p1a: Clefable\n|-damage|p1a: Clefable|16\/100 brn\n|move|p1a: Clefable|Wish|p1a: Clefable\n|\n|-heal|p2a: Typhlosion|65\/100 tox|[from] item: Leftovers\n|-heal|p1a: Clefable|22\/100 brn|[from] item: Leftovers\n|-damage|p2a: Typhlosion|35\/100 tox|[from] psn\n|upkeep\n|turn|6\n|\n|t:|1699762007\n|move|p1a: Clefable|Protect|p1a: Clefable\n|-singleturn|p1a: Clefable|Protect\n|move|p2a: Typhlosion|Fire Blast|p1a: Clefable\n|-activate|p1a: Clefable|move: Protect\n|\n|-heal|p1a: Clefable|72\/100 brn|[from] move: Wish|[wisher] Clefable\n|-heal|p2a: Typhlosion|41\/100 tox|[from] item: Leftovers\n|-heal|p1a: Clefable|78\/100 brn|[from] item: Leftovers\n|-damage|p2a: Typhlosion|5\/100 tox|[from] psn\n|upkeep\n|turn|7\n|\n|t:|1699762020\n|move|p2a: Typhlosion|Fire Blast|p1a: Clefable\n|-damage|p1a: Clefable|10\/100 brn\n|move|p1a: Clefable|Wish|p1a: Clefable\n|\n|-heal|p2a: Typhlosion|11\/100 tox|[from] item: Leftovers\n|-heal|p1a: Clefable|16\/100 brn|[from] item: Leftovers\n|-damage|p2a: Typhlosion|0 fnt|[from] psn\n|faint|p2a: Typhlosion\n|upkeep\n|\n|t:|1699762031\n|switch|p2a: Gyarados|Gyarados, F|100\/100\n|-damage|p2a: Gyarados|76\/100|[from] Stealth Rock\n|-ability|p2a: Gyarados|Intimidate|boost\n|-unboost|p1a: Clefable|atk|1\n|turn|8\n|\n|t:|1699762037\n|move|p1a: Clefable|Protect|p1a: Clefable\n|-singleturn|p1a: Clefable|Protect\n|move|p2a: Gyarados|Crunch|p1a: Clefable\n|-activate|p1a: Clefable|move: Protect\n|\n|-heal|p1a: Clefable|66\/100 brn|[from] move: Wish|[wisher] Clefable\n|-heal|p2a: Gyarados|82\/100|[from] item: Leftovers\n|-heal|p1a: Clefable|72\/100 brn|[from] item: Leftovers\n|upkeep\n|turn|9\n|\n|t:|1699762050\n|switch|p1a: Toxapex|Toxapex, F, shiny|100\/100\n|move|p2a: Gyarados|Dragon Dance|p2a: Gyarados\n|-boost|p2a: Gyarados|atk|1\n|-boost|p2a: Gyarados|spe|1\n|\n|-heal|p2a: Gyarados|88\/100|[from] item: Leftovers\n|upkeep\n|turn|10\n|\n|t:|1699762062\n|move|p2a: Gyarados|Crunch|p1a: Toxapex\n|-damage|p1a: Toxapex|73\/100\n|move|p1a: Toxapex|Toxic|p2a: Gyarados\n|-status|p2a: Gyarados|tox\n|\n|-heal|p2a: Gyarados|94\/100 tox|[from] item: Leftovers\n|-damage|p2a: Gyarados|88\/100 tox|[from] psn\n|upkeep\n|turn|11\n|-message|Mimkm forfeited.\n|\n|win|ITS SO GLISCOVER\n|raw|ITS SO GLISCOVER's rating: 1014 &rarr; <strong>1053<\/strong><br \/>(+39 for winning)\n|raw|Mimkm's rating: 1023 &rarr; <strong>1009<\/strong><br \/>(-14 for losing)\n|l|\u2606Mimkm\n","uploadtime":1699762078,"views":9,"p1id":"itssogliscover","p2id":"mimkm","formatid":"gen9ou","rating":1009,"private":0,"password":""}