{"id":"gen9ou-1988448275","p1":"Col Spiffington","p2":"SianShouldShutUp","format":"[Gen 9] OU","log":"|j|\u2606Col Spiffington\n|j|\u2606SianShouldShutUp\n|t:|1699724028\n|gametype|singles\n|player|p1|Col Spiffington|dawn|\n|player|p2|SianShouldShutUp|lady|\n|teamsize|p1|6\n|teamsize|p2|6\n|gen|9\n|tier|[Gen 9] OU\n|rule|Sleep Clause Mod: Limit one foe put to sleep\n|rule|Species Clause: Limit one of each Pok\u00e9mon\n|rule|OHKO Clause: OHKO moves are banned\n|rule|Evasion Items Clause: Evasion items are banned\n|rule|Evasion Moves Clause: Evasion moves are banned\n|rule|Endless Battle Clause: Forcing endless battles is banned\n|rule|HP Percentage Mod: HP is shown in percentages\n|clearpoke\n|poke|p1|Skeledirge, F|\n|poke|p1|Ting-Lu|\n|poke|p1|Walking Wake|\n|poke|p1|Breloom, M|\n|poke|p1|Cetitan, F|\n|poke|p1|Moltres-Galar|\n|poke|p2|Azumarill, M|\n|poke|p2|Scream Tail|\n|poke|p2|Typhlosion-Hisui, M|\n|poke|p2|Appletun, M|\n|poke|p2|Altaria, M|\n|poke|p2|Mismagius, F|\n|teampreview\n|\n|t:|1699724048\n|start\n|switch|p1a: Sian's boi|Cetitan, F|100\/100\n|switch|p2a: Mismagius|Mismagius, F|100\/100\n|turn|1\n|\n|t:|1699724077\n|move|p2a: Mismagius|Destiny Bond|p2a: Mismagius\n|-singlemove|p2a: Mismagius|Destiny Bond\n|move|p1a: Sian's boi|Snowscape|p1a: Sian's boi\n|-weather|Snow\n|\n|-weather|Snow|[upkeep]\n|upkeep\n|turn|2\n|\n|t:|1699724096\n|move|p1a: Sian's boi|Ice Shard|p2a: Mismagius\n|-damage|p2a: Mismagius|60\/100\n|move|p2a: Mismagius|Destiny Bond||[still]\n|-fail|p2a: Mismagius\n|\n|-weather|Snow|[upkeep]\n|upkeep\n|turn|3\n|\n|t:|1699724122\n|move|p1a: Sian's boi|Ice Shard|p2a: Mismagius\n|-damage|p2a: Mismagius|21\/100\n|move|p2a: Mismagius|Destiny Bond|p2a: Mismagius\n|-singlemove|p2a: Mismagius|Destiny Bond\n|\n|-weather|Snow|[upkeep]\n|upkeep\n|turn|4\n|\n|t:|1699724132\n|move|p1a: Sian's boi|Ice Shard|p2a: Mismagius\n|-damage|p2a: Mismagius|0 fnt\n|faint|p2a: Mismagius\n|-activate|p2a: Mismagius|move: Destiny Bond\n|faint|p1a: Sian's boi\n|\n|-weather|Snow|[upkeep]\n|upkeep\n|\n|t:|1699724148\n|switch|p2a: Scream Tail|Scream Tail|100\/100\n|switch|p1a: Rock boi|Ting-Lu|100\/100\n|-ability|p1a: Rock boi|Vessel of Ruin\n|turn|5\n|\n|t:|1699724164\n|move|p2a: Scream Tail|Dazzling Gleam|p1a: Rock boi\n|-supereffective|p1a: Rock boi\n|-damage|p1a: Rock boi|83\/100\n|move|p1a: Rock boi|Stealth Rock|p2a: Scream Tail\n|-sidestart|p2: SianShouldShutUp|move: Stealth Rock\n|\n|-weather|none\n|-heal|p1a: Rock boi|89\/100|[from] item: Leftovers\n|upkeep\n|turn|6\n|\n|t:|1699724185\n|move|p2a: Scream Tail|Dazzling Gleam|p1a: Rock boi\n|-supereffective|p1a: Rock boi\n|-damage|p1a: Rock boi|72\/100\n|move|p1a: Rock boi|Ruination|p2a: Scream Tail\n|-damage|p2a: Scream Tail|50\/100\n|\n|-heal|p2a: Scream Tail|57\/100|[from] item: Leftovers\n|-heal|p1a: Rock boi|79\/100|[from] item: Leftovers\n|upkeep\n|turn|7\n|\n|t:|1699724200\n|move|p2a: Scream Tail|Protect|p2a: Scream Tail\n|-singleturn|p2a: Scream Tail|Protect\n|move|p1a: Rock boi|Whirlwind|p2a: Scream Tail\n|-end|p2a: Scream Tail|Protosynthesis|[silent]\n|drag|p2a: Altaria|Altaria, M|100\/100\n|\n|-heal|p1a: Rock boi|85\/100|[from] item: Leftovers\n|upkeep\n|turn|8\n|\n|t:|1699724222\n|move|p2a: Altaria|Brave Bird|p1a: Rock boi\n|-damage|p1a: Rock boi|70\/100\n|-damage|p2a: Altaria|93\/100|[from] Recoil\n|move|p1a: Rock boi|Ruination|p2a: Altaria\n|-damage|p2a: Altaria|47\/100\n|\n|-heal|p1a: Rock boi|76\/100|[from] item: Leftovers\n|upkeep\n|turn|9\n|\n|t:|1699724233\n|move|p2a: Altaria|Roost|p2a: Altaria\n|-heal|p2a: Altaria|97\/100\n|-singleturn|p2a: Altaria|move: Roost\n|move|p1a: Rock boi|Ruination|p2a: Altaria\n|-damage|p2a: Altaria|49\/100\n|\n|-heal|p1a: Rock boi|82\/100|[from] item: Leftovers\n|upkeep\n|turn|10\n|\n|t:|1699724246\n|move|p2a: Altaria|Will-O-Wisp|p1a: Rock boi\n|-status|p1a: Rock boi|brn\n|move|p1a: Rock boi|Ruination|p2a: Altaria\n|-damage|p2a: Altaria|25\/100\n|\n|-heal|p1a: Rock boi|88\/100 brn|[from] item: Leftovers\n|-damage|p1a: Rock boi|82\/100 brn|[from] brn\n|upkeep\n|turn|11\n|\n|t:|1699724256\n|move|p2a: Altaria|Roost|p2a: Altaria\n|-heal|p2a: Altaria|75\/100\n|-singleturn|p2a: Altaria|move: Roost\n|move|p1a: Rock boi|Earthquake|p2a: Altaria\n|-damage|p2a: Altaria|60\/100\n|\n|-heal|p1a: Rock boi|88\/100 brn|[from] item: Leftovers\n|-damage|p1a: Rock boi|82\/100 brn|[from] brn\n|upkeep\n|turn|12\n|\n|t:|1699724267\n|move|p2a: Altaria|Will-O-Wisp|p1a: Rock boi\n|-fail|p1a: Rock boi|brn\n|move|p1a: Rock boi|Earthquake|p2a: Altaria\n|-immune|p2a: Altaria\n|\n|-heal|p1a: Rock boi|88\/100 brn|[from] item: Leftovers\n|-damage|p1a: Rock boi|82\/100 brn|[from] brn\n|upkeep\n|turn|13\n|\n|t:|1699724276\n|move|p2a: Altaria|Brave Bird|p1a: Rock boi\n|-damage|p1a: Rock boi|66\/100 brn\n|-damage|p2a: Altaria|52\/100|[from] Recoil\n|move|p1a: Rock boi|Ruination|p2a: Altaria\n|-damage|p2a: Altaria|26\/100\n|\n|-heal|p1a: Rock boi|72\/100 brn|[from] item: Leftovers\n|-damage|p1a: Rock boi|66\/100 brn|[from] brn\n|upkeep\n|turn|14\n|\n|t:|1699724286\n|move|p2a: Altaria|Roost|p2a: Altaria\n|-heal|p2a: Altaria|76\/100\n|-singleturn|p2a: Altaria|move: Roost\n|move|p1a: Rock boi|Ruination|p2a: Altaria\n|-damage|p2a: Altaria|38\/100\n|\n|-heal|p1a: Rock boi|72\/100 brn|[from] item: Leftovers\n|-damage|p1a: Rock boi|66\/100 brn|[from] brn\n|upkeep\n|turn|15\n|\n|t:|1699724299\n|switch|p2a: Azumarill|Azumarill, M|100\/100\n|-damage|p2a: Azumarill|88\/100|[from] Stealth Rock\n|move|p1a: Rock boi|Ruination|p2a: Azumarill\n|-damage|p2a: Azumarill|44\/100\n|-enditem|p2a: Azumarill|Sitrus Berry|[eat]\n|-heal|p2a: Azumarill|69\/100|[from] item: Sitrus Berry\n|\n|-heal|p1a: Rock boi|72\/100 brn|[from] item: Leftovers\n|-damage|p1a: Rock boi|66\/100 brn|[from] brn\n|upkeep\n|turn|16\n|\n|t:|1699724311\n|switch|p1a: Battleborn boi|Breloom, M|100\/100\n|move|p2a: Azumarill|Aqua Jet|p1a: Battleborn boi\n|-resisted|p1a: Battleborn boi\n|-damage|p1a: Battleborn boi|79\/100\n|\n|upkeep\n|turn|17\n|\n|t:|1699724326\n|move|p1a: Battleborn boi|Bullet Seed|p2a: Azumarill\n|-supereffective|p2a: Azumarill\n|-crit|p2a: Azumarill\n|-damage|p2a: Azumarill|0 fnt\n|faint|p2a: Azumarill\n|-hitcount|p2: Azumarill|1\n|\n|upkeep\n|\n|t:|1699724339\n|switch|p2a: Altaria|Altaria, M|38\/100\n|turn|18\n|\n|t:|1699724348\n|move|p1a: Battleborn boi|Bullet Seed|p2a: Altaria\n|-resisted|p2a: Altaria\n|-damage|p2a: Altaria|32\/100\n|-resisted|p2a: Altaria\n|-damage|p2a: Altaria|25\/100\n|-resisted|p2a: Altaria\n|-damage|p2a: Altaria|19\/100\n|-resisted|p2a: Altaria\n|-damage|p2a: Altaria|12\/100\n|-hitcount|p2a: Altaria|4\n|move|p2a: Altaria|Brave Bird|p1a: Battleborn boi\n|-supereffective|p1a: Battleborn boi\n|-damage|p1a: Battleborn boi|0 fnt\n|faint|p1a: Battleborn boi\n|-damage|p2a: Altaria|0 fnt|[from] Recoil\n|faint|p2a: Altaria\n|\n|upkeep\n|\n|t:|1699724365\n|switch|p1a: Edgy boi|Moltres-Galar|100\/100\n|switch|p2a: Appletun|Appletun, M|100\/100\n|turn|19\n|\n|t:|1699724386\n|move|p1a: Edgy boi|Agility|p1a: Edgy boi\n|-boost|p1a: Edgy boi|spe|2\n|move|p2a: Appletun|Leech Seed|p1a: Edgy boi\n|-start|p1a: Edgy boi|move: Leech Seed\n|\n|-damage|p1a: Edgy boi|88\/100|[from] Leech Seed|[of] p2a: Appletun\n|upkeep\n|turn|20\n|\n|t:|1699724395\n|-terastallize|p1a: Edgy boi|Flying\n|move|p1a: Edgy boi|Nasty Plot|p1a: Edgy boi\n|-boost|p1a: Edgy boi|spa|2\n|move|p2a: Appletun|Dragon Tail|p1a: Edgy boi\n|-damage|p1a: Edgy boi|69\/100\n|drag|p1a: Wide boi|Skeledirge, F|100\/100\n|\n|upkeep\n|turn|21\n|\n|t:|1699724429\n|switch|p2a: Scream Tail|Scream Tail|57\/100\n|-damage|p2a: Scream Tail|44\/100|[from] Stealth Rock\n|move|p1a: Wide boi|Torch Song|p2a: Scream Tail\n|-damage|p2a: Scream Tail|24\/100\n|-boost|p1a: Wide boi|spa|1\n|\n|-heal|p2a: Scream Tail|30\/100|[from] item: Leftovers\n|upkeep\n|turn|22\n|\n|t:|1699724444\n|move|p2a: Scream Tail|Wish|p2a: Scream Tail\n|move|p1a: Wide boi|Torch Song|p2a: Scream Tail\n|-damage|p2a: Scream Tail|0 fnt\n|-boost|p1a: Wide boi|spa|1\n|faint|p2a: Scream Tail\n|-end|p2a: Scream Tail|Protosynthesis|[silent]\n|\n|upkeep\n|\n|t:|1699724454\n|switch|p2a: Appletun|Appletun, M|100\/100\n|turn|23\n|\n|t:|1699724471\n|move|p1a: Wide boi|Torch Song|p2a: Appletun\n|-damage|p2a: Appletun|81\/100\n|-boost|p1a: Wide boi|spa|1\n|move|p2a: Appletun|Leech Seed|p1a: Wide boi\n|-start|p1a: Wide boi|move: Leech Seed\n|\n|-heal|p2a: Appletun|100\/100|[from] move: Wish|[wisher] Scream Tail\n|-damage|p1a: Wide boi|88\/100|[from] Leech Seed|[of] p2a: Appletun\n|upkeep\n|turn|24\n|\n|t:|1699724490\n|move|p1a: Wide boi|Torch Song|p2a: Appletun\n|-damage|p2a: Appletun|74\/100\n|-boost|p1a: Wide boi|spa|1\n|move|p2a: Appletun|Dragon Tail|p1a: Wide boi\n|-damage|p1a: Wide boi|75\/100\n|drag|p1a: Edgy boi|Moltres-Galar, tera:Flying|69\/100\n|\n|upkeep\n|turn|25\n|\n|t:|1699724504\n|move|p1a: Edgy boi|Fiery Wrath|p2a: Appletun\n|-damage|p2a: Appletun|46\/100\n|move|p2a: Appletun|Leech Seed|p1a: Edgy boi\n|-start|p1a: Edgy boi|move: Leech Seed\n|\n|-damage|p1a: Edgy boi|57\/100|[from] Leech Seed|[of] p2a: Appletun\n|-heal|p2a: Appletun|56\/100|[silent]\n|upkeep\n|turn|26\n|\n|t:|1699724516\n|move|p1a: Edgy boi|Tera Blast|p2a: Appletun|[anim] Tera Blast Flying\n|-supereffective|p2a: Appletun\n|-crit|p2a: Appletun\n|-damage|p2a: Appletun|0 fnt\n|faint|p2a: Appletun\n|\n|upkeep\n|\n|t:|1699724522\n|switch|p2a: Typhlosion|Typhlosion-Hisui, M|100\/100\n|-item|p1a: Edgy boi|Sitrus Berry|[from] ability: Frisk|[of] p2a: Typhlosion|[identify]\n|turn|27\n|\n|t:|1699724545\n|-terastallize|p2a: Typhlosion|Fire\n|move|p2a: Typhlosion|Fire Blast|p1a: Edgy boi\n|-damage|p1a: Edgy boi|0 fnt\n|faint|p1a: Edgy boi\n|\n|upkeep\n|\n|t:|1699724551\n|switch|p1a: Rock boi|Ting-Lu|66\/100 brn\n|-ability|p1a: Rock boi|Vessel of Ruin\n|turn|28\n|\n|t:|1699724568\n|move|p2a: Typhlosion|Will-O-Wisp|p1a: Rock boi\n|-fail|p1a: Rock boi|brn\n|move|p1a: Rock boi|Ruination|p2a: Typhlosion\n|-damage|p2a: Typhlosion|51\/100\n|\n|-heal|p1a: Rock boi|72\/100 brn|[from] item: Leftovers\n|-damage|p1a: Rock boi|66\/100 brn|[from] brn\n|upkeep\n|turn|29\n|\n|t:|1699724581\n|move|p2a: Typhlosion|Fire Blast|p1a: Rock boi\n|-damage|p1a: Rock boi|38\/100 brn\n|move|p1a: Rock boi|Whirlwind||[still]\n|-fail|p1a: Rock boi\n|\n|-heal|p1a: Rock boi|44\/100 brn|[from] item: Leftovers\n|-damage|p1a: Rock boi|38\/100 brn|[from] brn\n|upkeep\n|turn|30\n|\n|t:|1699724590\n|move|p2a: Typhlosion|Fire Blast|p1a: Rock boi\n|-damage|p1a: Rock boi|9\/100 brn\n|move|p1a: Rock boi|Ruination|p2a: Typhlosion\n|-damage|p2a: Typhlosion|26\/100\n|\n|-heal|p1a: Rock boi|15\/100 brn|[from] item: Leftovers\n|-damage|p1a: Rock boi|9\/100 brn|[from] brn\n|upkeep\n|turn|31\n|\n|t:|1699724599\n|move|p2a: Typhlosion|Fire Blast|p1a: Rock boi\n|-damage|p1a: Rock boi|0 fnt\n|faint|p1a: Rock boi\n|\n|upkeep\n|\n|t:|1699724604\n|switch|p1a: Dino boi|Walking Wake|100\/100\n|turn|32\n|j| thesunthesunthesun\n|j| Karpsy\n|\n|t:|1699724619\n|move|p1a: Dino boi|Hydro Steam|p2a: Typhlosion\n|-supereffective|p2a: Typhlosion\n|-damage|p2a: Typhlosion|0 fnt\n|faint|p2a: Typhlosion\n|\n|win|Col Spiffington\n","uploadtime":1699724635,"views":43,"p1id":"colspiffington","p2id":"sianshouldshutup","formatid":"gen9ou","rating":0,"private":0,"password":""}