{"id":"gen9ou-1990080415","p1":"spiderkitty410","p2":"pinkerthanfloyd","format":"[Gen 9] OU","log":"|j|\u2606spiderkitty410\n|j|\u2606pinkerthanfloyd\n|inactive|Battle timer is ON: inactive players will automatically lose when time's up.\n|t:|1699922430\n|gametype|singles\n|player|p1|spiderkitty410|brendan|\n|player|p2|pinkerthanfloyd|brycen|\n|teamsize|p1|6\n|teamsize|p2|6\n|gen|9\n|tier|[Gen 9] OU\n|rated|Tournament battle\n|rule|Sleep Clause Mod: Limit one foe put to sleep\n|rule|Species Clause: Limit one of each Pok\u00e9mon\n|rule|OHKO Clause: OHKO moves are banned\n|rule|Evasion Items Clause: Evasion items are banned\n|rule|Evasion Moves Clause: Evasion moves are banned\n|rule|Endless Battle Clause: Forcing endless battles is banned\n|rule|HP Percentage Mod: HP is shown in percentages\n|clearpoke\n|poke|p1|Maushold|\n|poke|p1|Ninetales-Alola, F|\n|poke|p1|Zamazenta-*|\n|poke|p1|Ogerpon-Wellspring, F|\n|poke|p1|Iron Valiant|\n|poke|p1|Dragapult, F|\n|poke|p2|Indeedee, M|\n|poke|p2|Hatterene, F|\n|poke|p2|Zamazenta-*|\n|poke|p2|Sneasler, F|\n|poke|p2|Maushold|\n|poke|p2|Armarouge, F|\n|teampreview\n|j| D3LA\n|l| D3LA\n|inactive|pinkerthanfloyd has 120 seconds left.\n|j| SeventyFive\n|j| env inspector\n|\n|t:|1699922488\n|start\n|switch|p1a: Ninetales|Ninetales-Alola, F|100\/100\n|switch|p2a: Sneasler|Sneasler, F|100\/100\n|-weather|Snow|[from] ability: Snow Warning|[of] p1a: Ninetales\n|turn|1\n|j|@Disorient\n|\n|t:|1699922498\n|move|p1a: Ninetales|Aurora Veil|p1a: Ninetales\n|-sidestart|p1: spiderkitty410|move: Aurora Veil\n|move|p2a: Sneasler|Close Combat|p1a: Ninetales\n|-damage|p1a: Ninetales|68\/100\n|-unboost|p2a: Sneasler|def|1\n|-unboost|p2a: Sneasler|spd|1\n|\n|-weather|Snow|[upkeep]\n|upkeep\n|turn|2\n|inactive|pinkerthanfloyd has 120 seconds left.\n|\n|t:|1699922533\n|switch|p1a: Dragapult|Dragapult, F|100\/100\n|switch|p2a: Hatterene|Hatterene, F|100\/100\n|\n|-weather|Snow|[upkeep]\n|upkeep\n|turn|3\n|inactive|spiderkitty410 has 120 seconds left.\n|\n|t:|1699922579\n|move|p1a: Dragapult|Hex|p2a: Hatterene\n|-supereffective|p2a: Hatterene\n|-damage|p2a: Hatterene|40\/100\n|move|p2a: Hatterene|Nuzzle|p1a: Dragapult\n|-resisted|p1a: Dragapult\n|-damage|p1a: Dragapult|99\/100\n|-status|p1a: Dragapult|par\n|\n|-weather|Snow|[upkeep]\n|upkeep\n|turn|4\n|inactive|spiderkitty410 has 90 seconds left.\n|inactive|spiderkitty410 has 60 seconds left.\n|\n|t:|1699922637\n|switch|p2a: Indeedee|Indeedee, M|100\/100\n|-fieldstart|move: Psychic Terrain|[from] ability: Psychic Surge|[of] p2a: Indeedee\n|move|p1a: Dragapult|Hex|p2a: Indeedee\n|-immune|p2a: Indeedee\n|\n|-weather|Snow|[upkeep]\n|upkeep\n|turn|5\n|\n|t:|1699922649\n|move|p2a: Indeedee|Psychic|p1a: Dragapult\n|-damage|p1a: Dragapult|61\/100 par\n|move|p1a: Dragapult|Thunder Wave|p2a: Indeedee\n|-status|p2a: Indeedee|par\n|\n|-weather|none\n|upkeep\n|turn|6\n|\n|t:|1699922656\n|cant|p1a: Dragapult|par\n|cant|p2a: Indeedee|par\n|\n|upkeep\n|turn|7\n|\n|t:|1699922661\n|move|p1a: Dragapult|Dragon Darts|p2a: Indeedee\n|-damage|p2a: Indeedee|66\/100 par\n|-anim|p1a: Dragapult|Dragon Darts|p2a: Indeedee\n|-crit|p2a: Indeedee\n|-damage|p2a: Indeedee|14\/100 par\n|cant|p2a: Indeedee|par\n|\n|upkeep\n|turn|8\n|inactive|spiderkitty410 has 90 seconds left.\n|\n|t:|1699922682\n|switch|p2a: Armarouge|Armarouge, F|100\/100\n|move|p1a: Dragapult|Thunder Wave|p2a: Armarouge\n|-status|p2a: Armarouge|par\n|\n|-sideend|p1: spiderkitty410|move: Aurora Veil\n|upkeep\n|turn|9\n|inactive|spiderkitty410 has 90 seconds left.\n|\n|t:|1699922692\n|move|p1a: Dragapult|Hex|p2a: Armarouge\n|-supereffective|p2a: Armarouge\n|-damage|p2a: Armarouge|0 fnt\n|faint|p2a: Armarouge\n|\n|upkeep\n|\n|t:|1699922702\n|switch|p2a: Sneasler|Sneasler, F|100\/100\n|-enditem|p2a: Sneasler|Psychic Seed\n|-boost|p2a: Sneasler|spd|1|[from] item: Psychic Seed\n|turn|10\n|\n|t:|1699922713\n|move|p2a: Sneasler|Acrobatics|p1a: Dragapult\n|-damage|p1a: Dragapult|1\/100 par\n|cant|p1a: Dragapult|par\n|\n|upkeep\n|turn|11\n|c|\u2606spiderkitty410|:skull:\n|\n|t:|1699922725\n|move|p2a: Sneasler|Acrobatics|p1a: Dragapult\n|-damage|p1a: Dragapult|0 fnt\n|faint|p1a: Dragapult\n|\n|-fieldend|move: Psychic Terrain\n|upkeep\n|inactive|spiderkitty410 has 90 seconds left.\n|\n|t:|1699922739\n|switch|p1a: Maushold|Maushold|100\/100\n|turn|12\n|\n|t:|1699922747\n|-terastallize|p1a: Maushold|Ghost\n|move|p2a: Sneasler|Acrobatics|p1a: Maushold\n|-damage|p1a: Maushold|30\/100\n|move|p1a: Maushold|Encore|p2a: Sneasler\n|-start|p2a: Sneasler|Encore\n|\n|upkeep\n|turn|13\n|\n|t:|1699922760\n|move|p2a: Sneasler|Acrobatics|p1a: Maushold\n|-damage|p1a: Maushold|0 fnt\n|faint|p1a: Maushold\n|\n|upkeep\n|c|\u2606spiderkitty410|click cc :\/\n|\n|t:|1699922767\n|switch|p1a: Ninetales|Ninetales-Alola, F|68\/100\n|-weather|Snow|[from] ability: Snow Warning|[of] p1a: Ninetales\n|turn|14\n|c|\u2606pinkerthanfloyd|i know the encore ghost tech\n|\n|t:|1699922781\n|-terastallize|p2a: Sneasler|Flying\n|move|p2a: Sneasler|Acrobatics|p1a: Ninetales\n|-damage|p1a: Ninetales|7\/100\n|move|p1a: Ninetales|Aurora Veil|p1a: Ninetales\n|-sidestart|p1: spiderkitty410|move: Aurora Veil\n|\n|-weather|Snow|[upkeep]\n|upkeep\n|turn|15\n|\n|t:|1699922787\n|move|p2a: Sneasler|Acrobatics|p1a: Ninetales\n|-damage|p1a: Ninetales|0 fnt\n|faint|p1a: Ninetales\n|\n|-weather|Snow|[upkeep]\n|-end|p2a: Sneasler|Encore\n|upkeep\n|c|\u2606spiderkitty410|half my team weak to flying :\/\n|\n|t:|1699922809\n|switch|p1a: Zamazenta|Zamazenta|100\/100\n|-ability|p1a: Zamazenta|Dauntless Shield|boost\n|-boost|p1a: Zamazenta|def|1\n|turn|16\n|c|\u2606pinkerthanfloyd|the ones left more concretely\n|\n|t:|1699922818\n|move|p2a: Sneasler|Acrobatics|p1a: Zamazenta\n|-supereffective|p1a: Zamazenta\n|-damage|p1a: Zamazenta|63\/100\n|move|p1a: Zamazenta|Ice Fang|p2a: Sneasler\n|-supereffective|p2a: Sneasler\n|-damage|p2a: Sneasler|25\/100\n|\n|-weather|Snow|[upkeep]\n|upkeep\n|turn|17\n|c|\u2606spiderkitty410|i still win ig\n|\n|t:|1699922837\n|switch|p2a: Hatterene|Hatterene, F|40\/100\n|move|p1a: Zamazenta|Ice Fang|p2a: Hatterene\n|-damage|p2a: Hatterene|23\/100\n|-damage|p1a: Zamazenta|46\/100|[from] item: Rocky Helmet|[of] p2a: Hatterene\n|\n|-weather|Snow|[upkeep]\n|upkeep\n|turn|18\n|l| env inspector\n|inactive|spiderkitty410 has 120 seconds left.\n|\n|t:|1699922856\n|move|p1a: Zamazenta|Crunch|p2a: Hatterene\n|-damage|p2a: Hatterene|4\/100\n|-damage|p1a: Zamazenta|29\/100|[from] item: Rocky Helmet|[of] p2a: Hatterene\n|move|p2a: Hatterene|Nuzzle|p1a: Zamazenta\n|-damage|p1a: Zamazenta|28\/100\n|-status|p1a: Zamazenta|par\n|\n|-weather|none\n|upkeep\n|turn|19\n|inactive|spiderkitty410 has 120 seconds left.\n|\n|t:|1699922866\n|move|p1a: Zamazenta|Crunch|p2a: Hatterene\n|-damage|p2a: Hatterene|0 fnt\n|-damage|p1a: Zamazenta|12\/100 par|[from] item: Rocky Helmet|[of] p2a: Hatterene\n|faint|p2a: Hatterene\n|\n|upkeep\n|\n|t:|1699922883\n|switch|p2a: Maushold|Maushold|100\/100\n|turn|20\n|\n|t:|1699922899\n|move|p2a: Maushold|Encore|p1a: Zamazenta\n|-start|p1a: Zamazenta|Encore\n|move|p1a: Zamazenta|Crunch|p2a: Maushold\n|-damage|p2a: Maushold|61\/100\n|\n|upkeep\n|turn|21\n|\n|t:|1699922903\n|move|p2a: Maushold|Tidy Up|p2a: Maushold\n|-boost|p2a: Maushold|atk|1\n|-boost|p2a: Maushold|spe|1\n|move|p1a: Zamazenta|Crunch|p2a: Maushold\n|-damage|p2a: Maushold|22\/100\n|\n|-sideend|p1: spiderkitty410|move: Aurora Veil\n|upkeep\n|turn|22\n|c|\u2606spiderkitty410|gg wp\n|\n|t:|1699922909\n|move|p2a: Maushold|Population Bomb|p1a: Zamazenta\n|-damage|p1a: Zamazenta|2\/100 par\n|-damage|p1a: Zamazenta|0 fnt\n|faint|p1a: Zamazenta\n|-hitcount|p1: Zamazenta|2\n|\n|upkeep\n|c|\u2606spiderkitty410|unless you miss...\n|\n|t:|1699922921\n|switch|p1a: Iron Valiant|Iron Valiant|100\/100\n|-enditem|p1a: Iron Valiant|Booster Energy\n|-activate|p1a: Iron Valiant|ability: Quark Drive|[fromitem]\n|-start|p1a: Iron Valiant|quarkdrivespe\n|turn|23\n|c|\u2606pinkerthanfloyd|1% clutch\n|\n|t:|1699922926\n|move|p1a: Iron Valiant|Moonblast|p2a: Maushold\n|-damage|p2a: Maushold|0 fnt\n|faint|p2a: Maushold\n|\n|upkeep\n|c|\u2606spiderkitty410|im faster moment\n|\n|t:|1699922936\n|switch|p2a: Indeedee|Indeedee, M|14\/100 par\n|-fieldstart|move: Psychic Terrain|[from] ability: Psychic Surge|[of] p2a: Indeedee\n|turn|24\n|\n|t:|1699922940\n|move|p1a: Iron Valiant|Moonblast|p2a: Indeedee\n|-damage|p2a: Indeedee|0 fnt\n|faint|p2a: Indeedee\n|\n|upkeep\n|\n|t:|1699922945\n|switch|p2a: Zamazenta|Zamazenta|100\/100\n|-ability|p2a: Zamazenta|Dauntless Shield|boost\n|-boost|p2a: Zamazenta|def|1\n|-enditem|p2a: Zamazenta|Psychic Seed\n|-boost|p2a: Zamazenta|spd|1|[from] item: Psychic Seed\n|turn|25\n|\n|t:|1699922949\n|move|p1a: Iron Valiant|Moonblast|p2a: Zamazenta\n|-supereffective|p2a: Zamazenta\n|-damage|p2a: Zamazenta|47\/100\n|move|p2a: Zamazenta|Heavy Slam|p1a: Iron Valiant\n|-supereffective|p1a: Iron Valiant\n|-damage|p1a: Iron Valiant|18\/100\n|\n|upkeep\n|turn|26\n|\n|t:|1699922957\n|move|p1a: Iron Valiant|Moonblast|p2a: Zamazenta\n|-supereffective|p2a: Zamazenta\n|-damage|p2a: Zamazenta|0 fnt\n|faint|p2a: Zamazenta\n|\n|upkeep\n|\n|t:|1699922959\n|switch|p2a: Sneasler|Sneasler, F, tera:Flying|25\/100\n|turn|27\n|\n|t:|1699922962\n|move|p1a: Iron Valiant|Thunderbolt|p2a: Sneasler\n|-supereffective|p2a: Sneasler\n|-damage|p2a: Sneasler|0 fnt\n|faint|p2a: Sneasler\n|\n|win|spiderkitty410\n|n|\u2606spiderkitty410|spiderkitty410\n|n|\u2606pinkerthanfloyd|pinkerthanfloyd\n|n| SeventyFive|seventyfive\n|n|+Disorient|disorient\n|l|+Disorient\n|c|\u2606pinkerthanfloyd|lol\n|c|\u2606spiderkitty410|gg wp\n|l|\u2606pinkerthanfloyd\n|l|\u2606spiderkitty410\n","uploadtime":1699923005,"views":7,"p1id":"spiderkitty410","p2id":"pinkerthanfloyd","formatid":"gen9ou","rating":0,"private":0,"password":""}