{"id":"gen9ou-1991810873","p1":"Oeggamiom","p2":"wyverbal","format":"[Gen 9] OU","log":"|j|\u2606Oeggamiom\n|j|\u2606wyverbal\n|t:|1700121622\n|gametype|singles\n|player|p1|Oeggamiom|xerosic|1194\n|player|p2|wyverbal|169|1169\n|teamsize|p1|6\n|teamsize|p2|6\n|gen|9\n|tier|[Gen 9] OU\n|rated|\n|rule|Sleep Clause Mod: Limit one foe put to sleep\n|rule|Species Clause: Limit one of each Pok\u00e9mon\n|rule|OHKO Clause: OHKO moves are banned\n|rule|Evasion Items Clause: Evasion items are banned\n|rule|Evasion Moves Clause: Evasion moves are banned\n|rule|Endless Battle Clause: Forcing endless battles is banned\n|rule|HP Percentage Mod: HP is shown in percentages\n|clearpoke\n|poke|p1|Tyranitar, F|\n|poke|p1|Palossand, F|\n|poke|p1|Sandslash, M|\n|poke|p1|Ribombee, M|\n|poke|p1|Houndstone, F|\n|poke|p1|Lycanroc, F|\n|poke|p2|Armarouge, M|\n|poke|p2|Revavroom, F|\n|poke|p2|Veluza, F|\n|poke|p2|Chesnaught, M|\n|poke|p2|Vaporeon, F|\n|poke|p2|Scizor, M|\n|teampreview\n|inactive|Battle timer is ON: inactive players will automatically lose when time's up. (requested by wyverbal)\n|\n|t:|1700121635\n|start\n|switch|p1a: bastio Don|Tyranitar, F, shiny|100\/100\n|switch|p2a: Revavroom|Revavroom, F, shiny|100\/100\n|-item|p2a: Revavroom|Air Balloon\n|-weather|Sandstorm|[from] ability: Sand Stream|[of] p1a: bastio Don\n|turn|1\n|\n|t:|1700121647\n|move|p2a: Revavroom|Shift Gear|p2a: Revavroom\n|-boost|p2a: Revavroom|spe|2\n|-boost|p2a: Revavroom|atk|1\n|move|p1a: bastio Don|Knock Off|p2a: Revavroom\n|-damage|p2a: Revavroom|45\/100\n|-enditem|p2a: Revavroom|Air Balloon\n|\n|-weather|Sandstorm|[upkeep]\n|upkeep\n|turn|2\n|\n|t:|1700121656\n|move|p2a: Revavroom|Iron Head|p1a: bastio Don\n|-supereffective|p1a: bastio Don\n|-damage|p1a: bastio Don|2\/100\n|move|p1a: bastio Don|Roar|p2a: Revavroom\n|drag|p2a: Scizor|Scizor, M, shiny|100\/100\n|\n|-weather|Sandstorm|[upkeep]\n|upkeep\n|turn|3\n|\n|t:|1700121672\n|switch|p1a: pickel RICK|Lycanroc, F, shiny|100\/100\n|move|p2a: Scizor|Bullet Punch|p1a: pickel RICK\n|-supereffective|p1a: pickel RICK\n|-damage|p1a: pickel RICK|0 fnt\n|faint|p1a: pickel RICK\n|\n|-weather|Sandstorm|[upkeep]\n|upkeep\n|\n|t:|1700121679\n|switch|p1a: doge|Houndstone, F, shiny|100\/100\n|turn|4\n|\n|t:|1700121693\n|switch|p2a: Chesnaught|Chesnaught, M, shiny|100\/100\n|move|p1a: doge|Will-O-Wisp|p2a: Chesnaught\n|-status|p2a: Chesnaught|brn\n|\n|-weather|Sandstorm|[upkeep]\n|-damage|p2a: Chesnaught|94\/100 brn|[from] Sandstorm\n|-heal|p2a: Chesnaught|100\/100 brn|[from] item: Leftovers\n|-damage|p2a: Chesnaught|94\/100 brn|[from] brn\n|upkeep\n|turn|5\n|\n|t:|1700121706\n|move|p1a: doge|Play Rough|p2a: Chesnaught\n|-supereffective|p2a: Chesnaught\n|-damage|p2a: Chesnaught|63\/100 brn\n|move|p2a: Chesnaught|Knock Off|p1a: doge\n|-supereffective|p1a: doge\n|-damage|p1a: doge|75\/100\n|-enditem|p1a: doge|Wide Lens|[from] move: Knock Off|[of] p2a: Chesnaught\n|\n|-weather|Sandstorm|[upkeep]\n|-damage|p2a: Chesnaught|57\/100 brn|[from] Sandstorm\n|-heal|p2a: Chesnaught|63\/100 brn|[from] item: Leftovers\n|-damage|p2a: Chesnaught|57\/100 brn|[from] brn\n|upkeep\n|turn|6\n|\n|t:|1700121720\n|move|p1a: doge|Play Rough|p2a: Chesnaught\n|-supereffective|p2a: Chesnaught\n|-damage|p2a: Chesnaught|24\/100 brn\n|move|p2a: Chesnaught|Leech Seed|p1a: doge\n|-start|p1a: doge|move: Leech Seed\n|\n|-weather|Sandstorm|[upkeep]\n|-damage|p2a: Chesnaught|18\/100 brn|[from] Sandstorm\n|-heal|p2a: Chesnaught|24\/100 brn|[from] item: Leftovers\n|-damage|p1a: doge|62\/100|[from] Leech Seed|[of] p2a: Chesnaught\n|-heal|p2a: Chesnaught|33\/100 brn|[silent]\n|-damage|p2a: Chesnaught|27\/100 brn|[from] brn\n|upkeep\n|turn|7\n|\n|t:|1700121733\n|switch|p1a: Abejita|Ribombee, M, shiny|100\/100\n|move|p2a: Chesnaught|Body Press|p1a: Abejita\n|-resisted|p1a: Abejita\n|-damage|p1a: Abejita|90\/100\n|\n|-weather|Sandstorm|[upkeep]\n|-damage|p1a: Abejita|84\/100|[from] Sandstorm\n|-damage|p2a: Chesnaught|21\/100 brn|[from] Sandstorm\n|-heal|p1a: Abejita|90\/100|[from] item: Leftovers\n|-heal|p2a: Chesnaught|27\/100 brn|[from] item: Leftovers\n|-damage|p2a: Chesnaught|21\/100 brn|[from] brn\n|upkeep\n|turn|8\n|\n|t:|1700121745\n|switch|p2a: Revavroom|Revavroom, F, shiny|45\/100\n|move|p1a: Abejita|Quiver Dance|p1a: Abejita\n|-boost|p1a: Abejita|spa|1\n|-boost|p1a: Abejita|spd|1\n|-boost|p1a: Abejita|spe|1\n|\n|-weather|none\n|-heal|p1a: Abejita|96\/100|[from] item: Leftovers\n|upkeep\n|turn|9\n|\n|t:|1700121757\n|move|p1a: Abejita|Stored Power|p2a: Revavroom\n|-damage|p2a: Revavroom|0 fnt\n|faint|p2a: Revavroom\n|\n|-heal|p1a: Abejita|100\/100|[from] item: Leftovers\n|upkeep\n|\n|t:|1700121765\n|switch|p2a: Scizor|Scizor, M, shiny|100\/100\n|turn|10\n|\n|t:|1700121775\n|-terastallize|p1a: Abejita|Psychic\n|move|p2a: Scizor|Bullet Punch|p1a: Abejita\n|-damage|p1a: Abejita|39\/100\n|move|p1a: Abejita|Stored Power|p2a: Scizor\n|-resisted|p2a: Scizor\n|-damage|p2a: Scizor|71\/100\n|\n|-heal|p1a: Abejita|45\/100|[from] item: Leftovers\n|upkeep\n|turn|11\n|\n|t:|1700121785\n|switch|p1a: bastio Don|Tyranitar, F, shiny|2\/100\n|-weather|Sandstorm|[from] ability: Sand Stream|[of] p1a: bastio Don\n|move|p2a: Scizor|Bullet Punch|p1a: bastio Don\n|-supereffective|p1a: bastio Don\n|-damage|p1a: bastio Don|0 fnt\n|faint|p1a: bastio Don\n|\n|-weather|Sandstorm|[upkeep]\n|upkeep\n|\n|t:|1700121802\n|switch|p1a: doge|Houndstone, F, shiny|62\/100\n|turn|12\n|\n|t:|1700121809\n|switch|p2a: Chesnaught|Chesnaught, M, shiny|21\/100 brn\n|move|p1a: doge|Poltergeist|p2a: Chesnaught|[miss]\n|-miss|p1a: doge|p2a: Chesnaught\n|\n|-weather|Sandstorm|[upkeep]\n|-damage|p2a: Chesnaught|15\/100 brn|[from] Sandstorm\n|-heal|p2a: Chesnaught|21\/100 brn|[from] item: Leftovers\n|-damage|p2a: Chesnaught|15\/100 brn|[from] brn\n|upkeep\n|turn|13\n|\n|t:|1700121820\n|move|p1a: doge|Poltergeist|p2a: Chesnaught\n|-activate|p2a: Chesnaught|move: Poltergeist|Leftovers\n|-damage|p2a: Chesnaught|0 fnt\n|faint|p2a: Chesnaught\n|\n|-weather|Sandstorm|[upkeep]\n|upkeep\n|\n|t:|1700121835\n|switch|p2a: Vaporeon|Vaporeon, F, shiny|100\/100\n|turn|14\n|\n|t:|1700121845\n|switch|p2a: Armarouge|Armarouge, M, shiny|100\/100\n|move|p1a: doge|Will-O-Wisp|p2a: Armarouge\n|-start|p2a: Armarouge|ability: Flash Fire\n|\n|-weather|Sandstorm|[upkeep]\n|-damage|p2a: Armarouge|94\/100|[from] Sandstorm\n|upkeep\n|turn|15\n|c|\u2606Oeggamiom|dfxcbdstfhteaghsydmjdyhsrjdmdyhsrjugfk,gil}\n|\n|t:|1700121854\n|move|p1a: doge|Poltergeist|p2a: Armarouge\n|-activate|p2a: Armarouge|move: Poltergeist|Heavy-Duty Boots\n|-supereffective|p2a: Armarouge\n|-damage|p2a: Armarouge|1\/100\n|move|p2a: Armarouge|Armor Cannon|p1a: doge\n|-damage|p1a: doge|0 fnt\n|-unboost|p2a: Armarouge|def|1\n|-unboost|p2a: Armarouge|spd|1\n|faint|p1a: doge\n|\n|-weather|Sandstorm|[upkeep]\n|-damage|p2a: Armarouge|0 fnt|[from] Sandstorm\n|faint|p2a: Armarouge\n|upkeep\n|\n|t:|1700121876\n|switch|p1a: blod Totem|Palossand, F, shiny|100\/100\n|switch|p2a: Scizor|Scizor, M, shiny|71\/100\n|turn|16\n|\n|t:|1700121893\n|switch|p2a: Vaporeon|Vaporeon, F, shiny|100\/100\n|move|p1a: blod Totem|Earth Power|p2a: Vaporeon\n|-damage|p2a: Vaporeon|79\/100\n|\n|-weather|Sandstorm|[upkeep]\n|-damage|p2a: Vaporeon|73\/100|[from] Sandstorm\n|-heal|p2a: Vaporeon|79\/100|[from] item: Leftovers\n|upkeep\n|turn|17\n|\n|t:|1700121909\n|move|p2a: Vaporeon|Acid Armor|p2a: Vaporeon\n|-boost|p2a: Vaporeon|def|2\n|move|p1a: blod Totem|Stealth Rock|p2a: Vaporeon\n|-sidestart|p2: wyverbal|move: Stealth Rock\n|\n|-weather|Sandstorm|[upkeep]\n|-damage|p2a: Vaporeon|73\/100|[from] Sandstorm\n|-heal|p2a: Vaporeon|79\/100|[from] item: Leftovers\n|upkeep\n|turn|18\n|\n|t:|1700121918\n|move|p2a: Vaporeon|Calm Mind|p2a: Vaporeon\n|-boost|p2a: Vaporeon|spa|1\n|-boost|p2a: Vaporeon|spd|1\n|move|p1a: blod Totem|Earth Power|p2a: Vaporeon\n|-damage|p2a: Vaporeon|65\/100\n|\n|-weather|none\n|-heal|p2a: Vaporeon|71\/100|[from] item: Leftovers\n|upkeep\n|turn|19\n|\n|t:|1700121926\n|move|p2a: Vaporeon|Acid Armor|p2a: Vaporeon\n|-boost|p2a: Vaporeon|def|2\n|move|p1a: blod Totem|Earth Power|p2a: Vaporeon\n|-damage|p2a: Vaporeon|54\/100\n|\n|-heal|p2a: Vaporeon|60\/100|[from] item: Leftovers\n|upkeep\n|turn|20\n|c|\u2606Oeggamiom|rnhbnhxfgrwrgrghtsfghgrhtsfysthcj\n|\n|t:|1700121932\n|move|p2a: Vaporeon|Calm Mind|p2a: Vaporeon\n|-boost|p2a: Vaporeon|spa|1\n|-boost|p2a: Vaporeon|spd|1\n|move|p1a: blod Totem|Earth Power|p2a: Vaporeon\n|-damage|p2a: Vaporeon|49\/100\n|\n|-heal|p2a: Vaporeon|55\/100|[from] item: Leftovers\n|upkeep\n|turn|21\n|\n|t:|1700121939\n|move|p2a: Vaporeon|Scald|p1a: blod Totem\n|-supereffective|p1a: blod Totem\n|-damage|p1a: blod Totem|0 fnt\n|faint|p1a: blod Totem\n|\n|-heal|p2a: Vaporeon|61\/100|[from] item: Leftovers\n|upkeep\n|c|\u2606Oeggamiom|rhfgmjgfhjkhgfertyugihojp\u00b4+\n|c|\u2606wyverbal|gg\n|\n|t:|1700121949\n|switch|p1a: Abejita|Ribombee, M, shiny, tera:Psychic|45\/100\n|turn|22\n|\n|t:|1700121954\n|move|p1a: Abejita|Moonblast|p2a: Vaporeon\n|-damage|p2a: Vaporeon|50\/100\n|move|p2a: Vaporeon|Scald|p1a: Abejita\n|-damage|p1a: Abejita|0 fnt\n|faint|p1a: Abejita\n|\n|-heal|p2a: Vaporeon|56\/100|[from] item: Leftovers\n|upkeep\n|\n|t:|1700121958\n|switch|p1a: enchida|Sandslash, M, shiny|100\/100\n|turn|23\n|c|\u2606Oeggamiom|hmjkhfjysjhf,yufh,kufk,guil4514\n|\n|t:|1700121965\n|move|p1a: enchida|Drill Run|p2a: Vaporeon\n|-crit|p2a: Vaporeon\n|-damage|p2a: Vaporeon|0 fnt\n|faint|p2a: Vaporeon\n|\n|upkeep\n|\n|t:|1700121972\n|switch|p2a: Veluza|Veluza, F, shiny|100\/100\n|-damage|p2a: Veluza|88\/100|[from] Stealth Rock\n|-ability|p2a: Veluza|Mold Breaker\n|turn|24\n|\n|t:|1700121983\n|move|p2a: Veluza|Final Gambit|p1a: enchida\n|-damage|p1a: enchida|0 fnt\n|faint|p2a: Veluza\n|faint|p1a: enchida\n|\n|win|wyverbal\n|raw|Oeggamiom's rating: 1194 &rarr; <strong>1167<\/strong><br \/>(-27 for losing)\n|raw|wyverbal's rating: 1169 &rarr; <strong>1196<\/strong><br \/>(+27 for winning)\n|c|\u2606Oeggamiom|gdhfnvhsndgmfkul}\n|l|\u2606Oeggamiom\n","uploadtime":1700121991,"views":7,"p1id":"oeggamiom","p2id":"wyverbal","formatid":"gen9ou","rating":1167,"private":0,"password":""}