{"id":"gen9ou-1995099318","p1":"stoner wizard","p2":"skawa","format":"[Gen 9] OU","log":"|j|\u2606stoner wizard\n|j|\u2606skawa\n|t:|1700522449\n|gametype|singles\n|player|p1|stoner wizard|battlegirl|\n|player|p2|skawa|giovanni|\n|teamsize|p1|6\n|teamsize|p2|6\n|gen|9\n|tier|[Gen 9] OU\n|rule|Sleep Clause Mod: Limit one foe put to sleep\n|rule|Species Clause: Limit one of each Pok\u00e9mon\n|rule|OHKO Clause: OHKO moves are banned\n|rule|Evasion Items Clause: Evasion items are banned\n|rule|Evasion Moves Clause: Evasion moves are banned\n|rule|Endless Battle Clause: Forcing endless battles is banned\n|rule|HP Percentage Mod: HP is shown in percentages\n|clearpoke\n|poke|p1|Garganacl, M|\n|poke|p1|Slither Wing|\n|poke|p1|Cinderace, M|\n|poke|p1|Basculegion-F, F|\n|poke|p1|Ceruledge, M|\n|poke|p1|Tatsugiri-Droopy, M|\n|poke|p2|Toxapex, F|\n|poke|p2|Jirachi|\n|poke|p2|Sableye, M|\n|poke|p2|Dragonite, M|\n|poke|p2|Rotom-Wash|\n|poke|p2|Hoopa-Unbound|\n|teampreview\n|c|\u2606stoner wizard|glhf\n|c|\u2606skawa|glhf2\n|\n|t:|1700522477\n|start\n|switch|p1a: Trip Hop|Basculegion-F, F|100\/100\n|switch|p2a: Sableye|Sableye, M|100\/100\n|turn|1\n|\n|t:|1700522496\n|move|p2a: Sableye|Will-O-Wisp|p1a: Trip Hop\n|-status|p1a: Trip Hop|brn\n|move|p1a: Trip Hop|Surf|p2a: Sableye\n|-damage|p2a: Sableye|5\/100\n|\n|-heal|p2a: Sableye|11\/100|[from] item: Leftovers\n|-damage|p1a: Trip Hop|94\/100 brn|[from] brn\n|upkeep\n|turn|2\n|\n|t:|1700522504\n|move|p2a: Sableye|Protect|p2a: Sableye\n|-singleturn|p2a: Sableye|Protect\n|move|p1a: Trip Hop|Surf|p2a: Sableye\n|-activate|p2a: Sableye|move: Protect\n|\n|-heal|p2a: Sableye|17\/100|[from] item: Leftovers\n|-damage|p1a: Trip Hop|88\/100 brn|[from] brn\n|upkeep\n|turn|3\n|\n|t:|1700522511\n|switch|p2a: The wash|Rotom-Wash, shiny|100\/100\n|move|p1a: Trip Hop|Surf|p2a: The wash\n|-resisted|p2a: The wash\n|-damage|p2a: The wash|65\/100\n|\n|-heal|p2a: The wash|72\/100|[from] item: Leftovers\n|-damage|p1a: Trip Hop|82\/100 brn|[from] brn\n|upkeep\n|turn|4\n|\n|t:|1700522542\n|switch|p1a: AMG|Cinderace, M|100\/100\n|move|p2a: The wash|Volt Switch|p1a: AMG\n|-damage|p1a: AMG|67\/100\n|\n|t:|1700522563\n|switch|p2a: The pex|Toxapex, F, shiny|100\/100|[from] Volt Switch\n|\n|upkeep\n|turn|5\n|j| buzamatachyon\n|\n|t:|1700522581\n|move|p1a: AMG|U-turn|p2a: The pex\n|-resisted|p2a: The pex\n|-damage|p2a: The pex|94\/100\n|\n|t:|1700522584\n|switch|p1a: Crazy S.|Tatsugiri-Droopy, M|100\/100|[from] U-turn\n|move|p2a: The pex|Toxic Spikes|p1a: Crazy S.\n|-sidestart|p1: stoner wizard|move: Toxic Spikes\n|\n|-heal|p2a: The pex|99\/100|[from] item: Leftovers\n|upkeep\n|turn|6\n|\n|t:|1700522602\n|move|p1a: Crazy S.|Draco Meteor|p2a: The pex\n|-damage|p2a: The pex|31\/100\n|-unboost|p1a: Crazy S.|spa|2\n|move|p2a: The pex|Toxic Spikes|p1a: Crazy S.\n|-sidestart|p1: stoner wizard|move: Toxic Spikes\n|\n|-heal|p2a: The pex|37\/100|[from] item: Leftovers\n|upkeep\n|turn|7\n|\n|t:|1700522610\n|switch|p2a: Hoopa|Hoopa-Unbound|100\/100\n|move|p1a: Crazy S.|Draco Meteor|p2a: Hoopa\n|-damage|p2a: Hoopa|76\/100\n|-unboost|p1a: Crazy S.|spa|2\n|\n|upkeep\n|turn|8\n|\n|t:|1700522619\n|move|p1a: Crazy S.|Draco Meteor|p2a: Hoopa\n|-damage|p2a: Hoopa|60\/100\n|-unboost|p1a: Crazy S.|spa|2\n|move|p2a: Hoopa|Hyperspace Fury|p1a: Crazy S.\n|-damage|p1a: Crazy S.|0 fnt\n|-unboost|p2a: Hoopa|def|1\n|faint|p1a: Crazy S.\n|\n|upkeep\n|\n|t:|1700522629\n|switch|p1a: AMG|Cinderace, M|67\/100\n|turn|9\n|\n|t:|1700522637\n|switch|p2a: The wash|Rotom-Wash, shiny|72\/100\n|move|p1a: AMG|Court Change|p1a: AMG\n|-swapsideconditions\n|-activate|p1a: AMG|move: Court Change\n|\n|-heal|p2a: The wash|78\/100|[from] item: Leftovers\n|upkeep\n|turn|10\n|\n|t:|1700522650\n|move|p1a: AMG|U-turn|p2a: The wash\n|-damage|p2a: The wash|57\/100\n|\n|t:|1700522653\n|switch|p1a: Trip Hop|Basculegion-F, F|82\/100 brn|[from] U-turn\n|move|p2a: The wash|Hydro Pump|p1a: Trip Hop\n|-resisted|p1a: Trip Hop\n|-damage|p1a: Trip Hop|64\/100 brn\n|\n|-heal|p2a: The wash|63\/100|[from] item: Leftovers\n|-damage|p1a: Trip Hop|58\/100 brn|[from] brn\n|upkeep\n|turn|11\n|\n|t:|1700522661\n|move|p2a: The wash|Protect|p2a: The wash\n|-singleturn|p2a: The wash|Protect\n|move|p1a: Trip Hop|Shadow Ball|p2a: The wash\n|-activate|p2a: The wash|move: Protect\n|\n|-heal|p2a: The wash|69\/100|[from] item: Leftovers\n|-damage|p1a: Trip Hop|52\/100 brn|[from] brn\n|upkeep\n|turn|12\n|\n|t:|1700522674\n|move|p2a: The wash|Discharge|p1a: Trip Hop\n|-supereffective|p1a: Trip Hop\n|-damage|p1a: Trip Hop|0 fnt\n|faint|p1a: Trip Hop\n|\n|-heal|p2a: The wash|75\/100|[from] item: Leftovers\n|upkeep\n|\n|t:|1700522694\n|switch|p1a: Pop Musick|Slither Wing|100\/100\n|turn|13\n|\n|t:|1700522706\n|move|p1a: Pop Musick|First Impression|p2a: The wash\n|-damage|p2a: The wash|6\/100\n|-damage|p1a: Pop Musick|91\/100|[from] item: Life Orb\n|move|p2a: The wash|Volt Switch|p1a: Pop Musick\n|-damage|p1a: Pop Musick|63\/100\n|\n|t:|1700522713\n|switch|p2a: The pex|Toxapex, F, shiny|70\/100|[from] Volt Switch\n|-sideend|p2: skawa|move: Toxic Spikes|[of] p2a: The pex\n|\n|-heal|p2a: The pex|76\/100|[from] item: Leftovers\n|upkeep\n|turn|14\n|\n|t:|1700522721\n|move|p1a: Pop Musick|U-turn|p2a: The pex\n|-resisted|p2a: The pex\n|-damage|p2a: The pex|61\/100\n|-damage|p1a: Pop Musick|53\/100|[from] item: Life Orb\n|\n|t:|1700522725\n|-end|p1a: Pop Musick|Protosynthesis|[silent]\n|switch|p1a: Kamiya|Garganacl, M|100\/100|[from] U-turn\n|move|p2a: The pex|Toxic Spikes|p1a: Kamiya\n|-sidestart|p1: stoner wizard|move: Toxic Spikes\n|\n|-heal|p2a: The pex|67\/100|[from] item: Leftovers\n|upkeep\n|turn|15\n|\n|t:|1700522742\n|move|p1a: Kamiya|Block|p2a: The pex\n|-activate|p2a: The pex|trapped\n|move|p2a: The pex|Surf|p1a: Kamiya\n|-supereffective|p1a: Kamiya\n|-damage|p1a: Kamiya|72\/100\n|\n|-heal|p2a: The pex|74\/100|[from] item: Leftovers\n|-heal|p1a: Kamiya|78\/100|[from] item: Leftovers\n|upkeep\n|turn|16\n|\n|t:|1700522758\n|-terastallize|p1a: Kamiya|Electric\n|move|p2a: The pex|Surf|p1a: Kamiya\n|-damage|p1a: Kamiya|65\/100\n|move|p1a: Kamiya|Curse|p1a: Kamiya\n|-unboost|p1a: Kamiya|spe|1\n|-boost|p1a: Kamiya|atk|1\n|-boost|p1a: Kamiya|def|1\n|\n|-heal|p2a: The pex|80\/100|[from] item: Leftovers\n|-heal|p1a: Kamiya|71\/100|[from] item: Leftovers\n|upkeep\n|turn|17\n|\n|t:|1700522768\n|move|p2a: The pex|Haze|p2a: The pex\n|-clearallboost\n|move|p1a: Kamiya|Curse|p1a: Kamiya\n|-unboost|p1a: Kamiya|spe|1\n|-boost|p1a: Kamiya|atk|1\n|-boost|p1a: Kamiya|def|1\n|\n|-heal|p2a: The pex|86\/100|[from] item: Leftovers\n|-heal|p1a: Kamiya|77\/100|[from] item: Leftovers\n|upkeep\n|turn|18\n|\n|t:|1700522778\n|move|p2a: The pex|Haze|p2a: The pex\n|-clearallboost\n|move|p1a: Kamiya|Salt Cure|p2a: The pex\n|-damage|p2a: The pex|76\/100\n|-start|p2a: The pex|Salt Cure\n|\n|-heal|p2a: The pex|82\/100|[from] item: Leftovers\n|-heal|p1a: Kamiya|84\/100|[from] item: Leftovers\n|-damage|p2a: The pex|57\/100|[from] Salt Cure\n|upkeep\n|turn|19\n|\n|t:|1700522792\n|move|p2a: The pex|Surf|p1a: Kamiya\n|-crit|p1a: Kamiya\n|-damage|p1a: Kamiya|63\/100\n|move|p1a: Kamiya|Recover|p1a: Kamiya\n|-heal|p1a: Kamiya|100\/100\n|\n|-heal|p2a: The pex|64\/100|[from] item: Leftovers\n|-damage|p2a: The pex|39\/100|[from] Salt Cure\n|upkeep\n|turn|20\n|\n|t:|1700522806\n|switch|p1a: Pop Musick|Slither Wing|53\/100\n|-status|p1a: Pop Musick|psn\n|move|p2a: The pex|Surf|p1a: Pop Musick\n|-damage|p1a: Pop Musick|34\/100 psn\n|\n|-heal|p2a: The pex|45\/100|[from] item: Leftovers\n|-damage|p1a: Pop Musick|22\/100 psn|[from] psn\n|-damage|p2a: The pex|20\/100|[from] Salt Cure\n|upkeep\n|turn|21\n|\n|t:|1700522816\n|move|p1a: Pop Musick|Earthquake|p2a: The pex\n|-supereffective|p2a: The pex\n|-damage|p2a: The pex|0 fnt\n|faint|p2a: The pex\n|-damage|p1a: Pop Musick|12\/100 psn|[from] item: Life Orb\n|\n|-damage|p1a: Pop Musick|0 fnt|[from] psn\n|faint|p1a: Pop Musick\n|-end|p1a: Pop Musick|Protosynthesis|[silent]\n|upkeep\n|\n|t:|1700522824\n|switch|p1a: AMG|Cinderace, M|67\/100\n|switch|p2a: Sableye|Sableye, M|17\/100\n|turn|22\n|\n|t:|1700522832\n|move|p2a: Sableye|Protect|p2a: Sableye\n|-singleturn|p2a: Sableye|Protect\n|move|p1a: AMG|Court Change|p1a: AMG\n|-swapsideconditions\n|-activate|p1a: AMG|move: Court Change\n|\n|-heal|p2a: Sableye|23\/100|[from] item: Leftovers\n|upkeep\n|turn|23\n|\n|t:|1700522841\n|move|p1a: AMG|Pyro Ball|p2a: Sableye\n|-damage|p2a: Sableye|0 fnt\n|faint|p2a: Sableye\n|\n|upkeep\n|\n|t:|1700522852\n|switch|p2a: The guy|Jirachi, shiny|100\/100\n|turn|24\n|\n|t:|1700522859\n|move|p2a: The guy|U-turn|p1a: AMG\n|-resisted|p1a: AMG\n|-damage|p1a: AMG|54\/100\n|c| buzamatachyon|te cagaron\n|c| buzamatachyon|xdd\n|\n|t:|1700522864\n|switch|p2a: The wash|Rotom-Wash, shiny|6\/100|[from] U-turn\n|move|p1a: AMG|Will-O-Wisp|p2a: The wash\n|-status|p2a: The wash|brn\n|\n|-heal|p2a: The wash|12\/100 brn|[from] item: Leftovers\n|-damage|p2a: The wash|6\/100 brn|[from] brn\n|upkeep\n|turn|25\n|c|\u2606stoner wizard|omg hi tachy\n|\n|t:|1700522873\n|move|p2a: The wash|Protect|p2a: The wash\n|-singleturn|p2a: The wash|Protect\n|move|p1a: AMG|U-turn|p2a: The wash\n|-activate|p2a: The wash|move: Protect\n|\n|-heal|p2a: The wash|12\/100 brn|[from] item: Leftovers\n|-damage|p2a: The wash|6\/100 brn|[from] brn\n|upkeep\n|turn|26\n|\n|t:|1700522889\n|move|p1a: AMG|U-turn|p2a: The wash\n|-damage|p2a: The wash|0 fnt\n|faint|p2a: The wash\n|\n|t:|1700522892\n|switch|p1a: Slick Rick?!|Ceruledge, M|100\/100|[from] U-turn\n|\n|upkeep\n|\n|t:|1700522897\n|switch|p2a: Dragonite|Dragonite, M|100\/100\n|turn|27\n|\n|t:|1700522903\n|move|p1a: Slick Rick?!|Poltergeist|p2a: Dragonite\n|-activate|p2a: Dragonite|move: Poltergeist|Heavy-Duty Boots\n|-damage|p2a: Dragonite|68\/100\n|move|p2a: Dragonite|Dragon Dance|p2a: Dragonite\n|-boost|p2a: Dragonite|atk|1\n|-boost|p2a: Dragonite|spe|1\n|\n|upkeep\n|turn|28\n|c| buzamatachyon|ska quien e el otro\n|c|\u2606skawa|el ed po\n|c| buzamatachyon|a\n|c|\u2606skawa|saluda\n|\n|t:|1700522926\n|move|p2a: Dragonite|Earthquake|p1a: Slick Rick?!\n|-supereffective|p1a: Slick Rick?!\n|-enditem|p1a: Slick Rick?!|Focus Sash\n|-damage|p1a: Slick Rick?!|1\/100\n|-ability|p1a: Slick Rick?!|Weak Armor|boost\n|-unboost|p1a: Slick Rick?!|def|1\n|-boost|p1a: Slick Rick?!|spe|2\n|move|p1a: Slick Rick?!|Poltergeist|p2a: Dragonite\n|-activate|p2a: Dragonite|move: Poltergeist|Heavy-Duty Boots\n|-damage|p2a: Dragonite|8\/100\n|\n|upkeep\n|turn|29\n|c| buzamatachyon|hola\n|c|\u2606skawa|mal educado\n|\n|t:|1700522947\n|-terastallize|p2a: Dragonite|Normal\n|move|p1a: Slick Rick?!|Destiny Bond|p1a: Slick Rick?!\n|-singlemove|p1a: Slick Rick?!|Destiny Bond\n|move|p2a: Dragonite|Earthquake|p1a: Slick Rick?!\n|-supereffective|p1a: Slick Rick?!\n|-damage|p1a: Slick Rick?!|0 fnt\n|faint|p1a: Slick Rick?!\n|-activate|p1a: Slick Rick?!|move: Destiny Bond\n|faint|p2a: Dragonite\n|\n|upkeep\n|c|\u2606skawa|im rerar\n|\n|t:|1700522963\n|switch|p1a: Kamiya|Garganacl, M, tera:Electric|100\/100\n|switch|p2a: Hoopa|Hoopa-Unbound|60\/100\n|-status|p2a: Hoopa|psn\n|turn|30\n|\n|t:|1700522984\n|move|p2a: Hoopa|Psychic|p1a: Kamiya\n|-damage|p1a: Kamiya|67\/100\n|move|p1a: Kamiya|Curse|p1a: Kamiya\n|-unboost|p1a: Kamiya|spe|1\n|-boost|p1a: Kamiya|atk|1\n|-boost|p1a: Kamiya|def|1\n|\n|-heal|p1a: Kamiya|74\/100|[from] item: Leftovers\n|-damage|p2a: Hoopa|47\/100 psn|[from] psn\n|upkeep\n|turn|31\n|\n|t:|1700522995\n|move|p2a: Hoopa|Psychic|p1a: Kamiya\n|-damage|p1a: Kamiya|35\/100\n|move|p1a: Kamiya|Salt Cure|p2a: Hoopa\n|-damage|p2a: Hoopa|13\/100 psn\n|-start|p2a: Hoopa|Salt Cure\n|\n|-heal|p1a: Kamiya|41\/100|[from] item: Leftovers\n|-damage|p2a: Hoopa|1\/100 psn|[from] psn\n|-damage|p2a: Hoopa|0 fnt|[from] Salt Cure\n|faint|p2a: Hoopa\n|upkeep\n|\n|t:|1700522999\n|switch|p2a: The guy|Jirachi, shiny|100\/100\n|turn|32\n|\n|t:|1700523007\n|move|p2a: The guy|Iron Head|p1a: Kamiya\n|-resisted|p1a: Kamiya\n|-damage|p1a: Kamiya|34\/100\n|cant|p1a: Kamiya|flinch\n|\n|-heal|p1a: Kamiya|40\/100|[from] item: Leftovers\n|upkeep\n|turn|33\n|\n|t:|1700523013\n|move|p2a: The guy|Iron Head|p1a: Kamiya\n|-resisted|p1a: Kamiya\n|-damage|p1a: Kamiya|33\/100\n|cant|p1a: Kamiya|flinch\n|\n|-heal|p1a: Kamiya|40\/100|[from] item: Leftovers\n|upkeep\n|turn|34\n|\n|t:|1700523020\n|move|p2a: The guy|Iron Head|p1a: Kamiya\n|-resisted|p1a: Kamiya\n|-damage|p1a: Kamiya|32\/100\n|cant|p1a: Kamiya|flinch\n|\n|-heal|p1a: Kamiya|38\/100|[from] item: Leftovers\n|upkeep\n|turn|35\n|\n|t:|1700523027\n|move|p2a: The guy|Iron Head|p1a: Kamiya\n|-resisted|p1a: Kamiya\n|-damage|p1a: Kamiya|30\/100\n|cant|p1a: Kamiya|flinch\n|\n|-heal|p1a: Kamiya|37\/100|[from] item: Leftovers\n|upkeep\n|turn|36\n|\n|t:|1700523033\n|move|p2a: The guy|Iron Head|p1a: Kamiya\n|-resisted|p1a: Kamiya\n|-damage|p1a: Kamiya|30\/100\n|cant|p1a: Kamiya|flinch\n|\n|-heal|p1a: Kamiya|36\/100|[from] item: Leftovers\n|upkeep\n|turn|37\n|\n|t:|1700523039\n|move|p2a: The guy|Iron Head|p1a: Kamiya\n|-resisted|p1a: Kamiya\n|-damage|p1a: Kamiya|29\/100\n|cant|p1a: Kamiya|flinch\n|\n|-heal|p1a: Kamiya|35\/100|[from] item: Leftovers\n|upkeep\n|turn|38\n|\n|t:|1700523049\n|move|p2a: The guy|Iron Head|p1a: Kamiya\n|-resisted|p1a: Kamiya\n|-damage|p1a: Kamiya|27\/100\n|cant|p1a: Kamiya|flinch\n|\n|-heal|p1a: Kamiya|34\/100|[from] item: Leftovers\n|upkeep\n|turn|39\n|c|\u2606stoner wizard|truly the guy ever\n|\n|t:|1700523065\n|move|p2a: The guy|Iron Head|p1a: Kamiya\n|-resisted|p1a: Kamiya\n|-damage|p1a: Kamiya|27\/100\n|cant|p1a: Kamiya|flinch\n|\n|-heal|p1a: Kamiya|33\/100|[from] item: Leftovers\n|upkeep\n|turn|40\n|\n|t:|1700523078\n|move|p2a: The guy|Iron Head|p1a: Kamiya\n|-resisted|p1a: Kamiya\n|-damage|p1a: Kamiya|26\/100\n|move|p1a: Kamiya|Recover|p1a: Kamiya\n|-heal|p1a: Kamiya|76\/100\n|\n|-heal|p1a: Kamiya|83\/100|[from] item: Leftovers\n|upkeep\n|turn|41\n|\n|t:|1700523085\n|move|p2a: The guy|Iron Head|p1a: Kamiya\n|-resisted|p1a: Kamiya\n|-damage|p1a: Kamiya|75\/100\n|cant|p1a: Kamiya|flinch\n|\n|-heal|p1a: Kamiya|81\/100|[from] item: Leftovers\n|upkeep\n|turn|42\n|\n|t:|1700523092\n|move|p2a: The guy|Iron Head|p1a: Kamiya\n|-resisted|p1a: Kamiya\n|-damage|p1a: Kamiya|74\/100\n|cant|p1a: Kamiya|flinch\n|\n|-heal|p1a: Kamiya|81\/100|[from] item: Leftovers\n|upkeep\n|turn|43\n|\n|t:|1700523098\n|move|p2a: The guy|Iron Head|p1a: Kamiya\n|-resisted|p1a: Kamiya\n|-damage|p1a: Kamiya|73\/100\n|cant|p1a: Kamiya|flinch\n|\n|-heal|p1a: Kamiya|79\/100|[from] item: Leftovers\n|upkeep\n|turn|44\n|\n|t:|1700523106\n|move|p2a: The guy|Iron Head|p1a: Kamiya\n|-resisted|p1a: Kamiya\n|-damage|p1a: Kamiya|72\/100\n|cant|p1a: Kamiya|flinch\n|\n|-heal|p1a: Kamiya|78\/100|[from] item: Leftovers\n|upkeep\n|turn|45\n|\n|t:|1700523112\n|move|p2a: The guy|Iron Head|p1a: Kamiya\n|-resisted|p1a: Kamiya\n|-damage|p1a: Kamiya|71\/100\n|move|p1a: Kamiya|Salt Cure|p2a: The guy\n|-resisted|p2a: The guy\n|-damage|p2a: The guy|90\/100\n|-start|p2a: The guy|Salt Cure\n|\n|-heal|p1a: Kamiya|77\/100|[from] item: Leftovers\n|-damage|p2a: The guy|65\/100|[from] Salt Cure\n|upkeep\n|turn|46\n|\n|t:|1700523122\n|move|p2a: The guy|Iron Head|p1a: Kamiya\n|-resisted|p1a: Kamiya\n|-damage|p1a: Kamiya|71\/100\n|cant|p1a: Kamiya|flinch\n|\n|-heal|p1a: Kamiya|77\/100|[from] item: Leftovers\n|-damage|p2a: The guy|40\/100|[from] Salt Cure\n|upkeep\n|turn|47\n|c|\u2606skawa|should've checked out what was up with gargarcl\n|\n|t:|1700523142\n|move|p2a: The guy|Iron Head|p1a: Kamiya\n|-resisted|p1a: Kamiya\n|-damage|p1a: Kamiya|70\/100\n|cant|p1a: Kamiya|flinch\n|\n|-heal|p1a: Kamiya|76\/100|[from] item: Leftovers\n|-damage|p2a: The guy|15\/100|[from] Salt Cure\n|upkeep\n|turn|48\n|\n|t:|1700523164\n|move|p2a: The guy|Iron Head|p1a: Kamiya\n|-resisted|p1a: Kamiya\n|-damage|p1a: Kamiya|68\/100\n|move|p1a: Kamiya|Curse|p1a: Kamiya\n|-unboost|p1a: Kamiya|spe|1\n|-boost|p1a: Kamiya|atk|1\n|-boost|p1a: Kamiya|def|1\n|\n|-heal|p1a: Kamiya|75\/100|[from] item: Leftovers\n|-damage|p2a: The guy|0 fnt|[from] Salt Cure\n|faint|p2a: The guy\n|\n|win|stoner wizard\n|upkeep\n|c|\u2606stoner wizard|gg skattie\n|l|\u2606skawa\n|j|\u2606skawa\n|player|p2|skawa|giovanni\n|c|\u2606skawa|gg\n","uploadtime":1700523180,"views":7,"p1id":"stonerwizard","p2id":"skawa","formatid":"gen9ou","rating":0,"private":0,"password":""}