{"id":"gen9ou-1991254560","p1":"avaluggfan!!!","p2":"Deez nuzt","format":"[Gen 9] OU","log":"|j|\u2606avaluggfan!!!\n|j|\u2606Deez nuzt\n|t:|1700061642\n|gametype|singles\n|player|p1|avaluggfan!!!|265|1546\n|player|p2|Deez nuzt|fantina|1531\n|teamsize|p1|6\n|teamsize|p2|6\n|gen|9\n|tier|[Gen 9] OU\n|rated|\n|rule|Sleep Clause Mod: Limit one foe put to sleep\n|rule|Species Clause: Limit one of each Pok\u00e9mon\n|rule|OHKO Clause: OHKO moves are banned\n|rule|Evasion Items Clause: Evasion items are banned\n|rule|Evasion Moves Clause: Evasion moves are banned\n|rule|Endless Battle Clause: Forcing endless battles is banned\n|rule|HP Percentage Mod: HP is shown in percentages\n|clearpoke\n|poke|p1|Kingambit, M|\n|poke|p1|Iron Moth|\n|poke|p1|Samurott-Hisui, F|\n|poke|p1|Iron Valiant|\n|poke|p1|Gholdengo|\n|poke|p1|Great Tusk|\n|poke|p2|Ting-Lu|\n|poke|p2|Great Tusk|\n|poke|p2|Greninja-*, M|\n|poke|p2|Dragapult, M|\n|poke|p2|Heatran, F|\n|poke|p2|Zapdos|\n|teampreview\n|inactive|Battle timer is ON: inactive players will automatically lose when time's up. (requested by avaluggfan!!!)\n|inactive|avaluggfan!!! has 120 seconds left.\n|\n|t:|1700061673\n|start\n|switch|p1a: Great Tusk|Great Tusk|100\/100\n|switch|p2a: Greninja|Greninja, M|100\/100\n|-enditem|p1a: Great Tusk|Booster Energy\n|-activate|p1a: Great Tusk|ability: Protosynthesis|[fromitem]\n|-start|p1a: Great Tusk|protosynthesisatk\n|turn|1\n|\n|t:|1700061690\n|-end|p1a: Great Tusk|Protosynthesis|[silent]\n|switch|p1a: yogiri takatou|Kingambit, M|100\/100\n|move|p2a: Greninja|Surf|p1a: yogiri takatou\n|-start|p2a: Greninja|typechange|Water|[from] ability: Protean\n|-damage|p1a: yogiri takatou|61\/100\n|\n|upkeep\n|turn|2\n|\n|t:|1700061695\n|move|p2a: Greninja|U-turn|p1a: yogiri takatou\n|-damage|p1a: yogiri takatou|50\/100\n|\n|t:|1700061698\n|switch|p2a: Great Tusk|Great Tusk|100\/100|[from] U-turn\n|move|p1a: yogiri takatou|Kowtow Cleave|p2a: Great Tusk\n|-resisted|p2a: Great Tusk\n|-damage|p2a: Great Tusk|88\/100\n|-damage|p1a: yogiri takatou|34\/100|[from] item: Rocky Helmet|[of] p2a: Great Tusk\n|\n|upkeep\n|turn|3\n|\n|t:|1700061708\n|-end|p2a: Great Tusk|Protosynthesis|[silent]\n|switch|p2a: Greninja|Greninja, M|100\/100\n|-end|p1a: yogiri takatou|fallenundefined|[silent]\n|switch|p1a: weiler|Samurott-Hisui, F|100\/100\n|\n|upkeep\n|turn|4\n|\n|t:|1700061713\n|move|p2a: Greninja|Grass Knot|p1a: weiler\n|-start|p2a: Greninja|typechange|Grass|[from] ability: Protean\n|-supereffective|p1a: weiler\n|-enditem|p1a: weiler|Focus Sash\n|-damage|p1a: weiler|1\/100\n|move|p1a: weiler|Ceaseless Edge|p2a: Greninja\n|-damage|p2a: Greninja|29\/100\n|-sidestart|p2: Deez nuzt|Spikes\n|\n|upkeep\n|turn|5\n|\n|t:|1700061725\n|move|p1a: weiler|Aqua Jet|p2a: Greninja\n|-resisted|p2a: Greninja\n|-damage|p2a: Greninja|15\/100\n|move|p2a: Greninja|U-turn|p1a: weiler\n|-supereffective|p1a: weiler\n|-damage|p1a: weiler|0 fnt\n|faint|p1a: weiler\n|\n|t:|1700061737\n|switch|p2a: Zapdos|Zapdos|100\/100|[from] U-turn\n|\n|upkeep\n|\n|t:|1700061744\n|switch|p1a: soul gem|Gholdengo|100\/100\n|-item|p1a: soul gem|Air Balloon\n|turn|6\n|\n|t:|1700061750\n|move|p1a: soul gem|Shadow Ball|p2a: Zapdos\n|-damage|p2a: Zapdos|70\/100\n|move|p2a: Zapdos|Volt Switch|p1a: soul gem\n|-damage|p1a: soul gem|67\/100\n|-enditem|p1a: soul gem|Air Balloon\n|\n|t:|1700061768\n|switch|p2a: Ting-Lu|Ting-Lu|100\/100|[from] Volt Switch\n|-damage|p2a: Ting-Lu|88\/100|[from] Spikes\n|-ability|p2a: Ting-Lu|Vessel of Ruin\n|\n|upkeep\n|turn|7\n|\n|t:|1700061778\n|switch|p1a: Great Tusk|Great Tusk|100\/100\n|switch|p2a: Greninja|Greninja, M|15\/100\n|\n|upkeep\n|turn|8\n|\n|t:|1700061789\n|-end|p1a: Great Tusk|Protosynthesis|[silent]\n|switch|p1a: soul gem|Gholdengo|67\/100\n|move|p2a: Greninja|Surf|p1a: soul gem\n|-start|p2a: Greninja|typechange|Water|[from] ability: Protean\n|-damage|p1a: soul gem|20\/100\n|\n|upkeep\n|turn|9\n|\n|t:|1700061793\n|move|p2a: Greninja|Surf|p1a: soul gem\n|-damage|p1a: soul gem|0 fnt\n|faint|p1a: soul gem\n|\n|upkeep\n|\n|t:|1700061795\n|switch|p1a: yogiri takatou|Kingambit, M|34\/100\n|-activate|p1a: yogiri takatou|ability: Supreme Overlord\n|-start|p1a: yogiri takatou|fallen2|[silent]\n|turn|10\n|\n|t:|1700061799\n|switch|p2a: Great Tusk|Great Tusk|88\/100\n|-damage|p2a: Great Tusk|75\/100|[from] Spikes\n|-end|p1a: yogiri takatou|fallen2|[silent]\n|switch|p1a: Great Tusk|Great Tusk|100\/100\n|\n|upkeep\n|turn|11\n|\n|t:|1700061807\n|move|p1a: Great Tusk|Ice Spinner|p2a: Great Tusk\n|-supereffective|p2a: Great Tusk\n|-damage|p2a: Great Tusk|49\/100\n|-damage|p1a: Great Tusk|84\/100|[from] item: Rocky Helmet|[of] p2a: Great Tusk\n|move|p2a: Great Tusk|Rapid Spin|p1a: Great Tusk\n|-damage|p1a: Great Tusk|73\/100\n|-boost|p2a: Great Tusk|spe|1\n|-sideend|p2: Deez nuzt|Spikes|[from] move: Rapid Spin|[of] p2a: Great Tusk\n|\n|upkeep\n|turn|12\n|\n|t:|1700061813\n|move|p2a: Great Tusk|Earthquake|p1a: Great Tusk\n|-damage|p1a: Great Tusk|39\/100\n|move|p1a: Great Tusk|Rapid Spin|p2a: Great Tusk\n|-damage|p2a: Great Tusk|41\/100\n|-boost|p1a: Great Tusk|spe|1\n|-damage|p1a: Great Tusk|23\/100|[from] item: Rocky Helmet|[of] p2a: Great Tusk\n|\n|upkeep\n|turn|13\n|\n|t:|1700061831\n|move|p1a: Great Tusk|Headlong Rush|p2a: Great Tusk\n|-damage|p2a: Great Tusk|10\/100\n|-unboost|p1a: Great Tusk|def|1\n|-unboost|p1a: Great Tusk|spd|1\n|-damage|p1a: Great Tusk|6\/100|[from] item: Rocky Helmet|[of] p2a: Great Tusk\n|move|p2a: Great Tusk|Earthquake|p1a: Great Tusk\n|-damage|p1a: Great Tusk|0 fnt\n|faint|p1a: Great Tusk\n|-end|p1a: Great Tusk|Protosynthesis|[silent]\n|\n|upkeep\n|\n|t:|1700061835\n|switch|p1a: zojirushi|Iron Moth|100\/100\n|-enditem|p1a: zojirushi|Booster Energy\n|-activate|p1a: zojirushi|ability: Quark Drive|[fromitem]\n|-start|p1a: zojirushi|quarkdrivespe\n|turn|14\n|\n|t:|1700061838\n|move|p1a: zojirushi|Energy Ball|p2a: Great Tusk\n|-supereffective|p2a: Great Tusk\n|-damage|p2a: Great Tusk|0 fnt\n|faint|p2a: Great Tusk\n|-end|p2a: Great Tusk|Protosynthesis|[silent]\n|\n|upkeep\n|\n|t:|1700061843\n|switch|p2a: Ting-Lu|Ting-Lu|88\/100\n|-ability|p2a: Ting-Lu|Vessel of Ruin\n|turn|15\n|\n|t:|1700061854\n|move|p1a: zojirushi|Energy Ball|p2a: Ting-Lu\n|-supereffective|p2a: Ting-Lu\n|-damage|p2a: Ting-Lu|54\/100\n|move|p2a: Ting-Lu|Whirlwind|p1a: zojirushi\n|-end|p1a: zojirushi|Quark Drive|[silent]\n|drag|p1a: lefthanded|Iron Valiant|100\/100\n|-enditem|p1a: lefthanded|Booster Energy\n|-activate|p1a: lefthanded|ability: Quark Drive|[fromitem]\n|-start|p1a: lefthanded|quarkdrivespe\n|\n|upkeep\n|turn|16\n|\n|t:|1700061859\n|move|p1a: lefthanded|Swords Dance|p1a: lefthanded\n|-boost|p1a: lefthanded|atk|2\n|move|p2a: Ting-Lu|Whirlwind|p1a: lefthanded\n|-end|p1a: lefthanded|Quark Drive|[silent]\n|drag|p1a: zojirushi|Iron Moth|100\/100\n|\n|upkeep\n|turn|17\n|\n|t:|1700061869\n|move|p1a: zojirushi|Energy Ball|p2a: Ting-Lu\n|-supereffective|p2a: Ting-Lu\n|-crit|p2a: Ting-Lu\n|-damage|p2a: Ting-Lu|0 fnt\n|faint|p2a: Ting-Lu\n|\n|upkeep\n|\n|t:|1700061872\n|switch|p2a: Dragapult|Dragapult, M|100\/100\n|turn|18\n|\n|t:|1700061875\n|-terastallize|p2a: Dragapult|Ghost\n|move|p2a: Dragapult|Tera Blast|p1a: zojirushi|[anim] Tera Blast Ghost\n|-damage|p1a: zojirushi|0 fnt\n|faint|p1a: zojirushi\n|-end|p1a: zojirushi|Quark Drive|[silent]\n|\n|upkeep\n|\n|t:|1700061881\n|switch|p1a: yogiri takatou|Kingambit, M|34\/100\n|-activate|p1a: yogiri takatou|ability: Supreme Overlord\n|-start|p1a: yogiri takatou|fallen4|[silent]\n|turn|19\n|\n|t:|1700061890\n|move|p2a: Dragapult|Tera Blast|p1a: yogiri takatou|[anim] Tera Blast Ghost\n|-resisted|p1a: yogiri takatou\n|-damage|p1a: yogiri takatou|5\/100\n|move|p1a: yogiri takatou|Swords Dance|p1a: yogiri takatou\n|-boost|p1a: yogiri takatou|atk|2\n|\n|upkeep\n|turn|20\n|\n|t:|1700061897\n|switch|p2a: Greninja|Greninja, M|15\/100\n|move|p1a: yogiri takatou|Kowtow Cleave|p2a: Greninja\n|-resisted|p2a: Greninja\n|-damage|p2a: Greninja|0 fnt\n|faint|p2a: Greninja\n|\n|upkeep\n|\n|t:|1700061901\n|switch|p2a: Heatran|Heatran, F|100\/100\n|turn|21\n|\n|t:|1700061911\n|-end|p1a: yogiri takatou|fallen4|[silent]\n|switch|p1a: lefthanded|Iron Valiant|100\/100\n|move|p2a: Heatran|Earth Power|p1a: lefthanded\n|-damage|p1a: lefthanded|55\/100\n|\n|upkeep\n|turn|22\n|\n|t:|1700061915\n|move|p1a: lefthanded|Knock Off|p2a: Heatran\n|-damage|p2a: Heatran|71\/100\n|-enditem|p2a: Heatran|Leftovers|[from] move: Knock Off|[of] p1a: lefthanded\n|move|p2a: Heatran|Stealth Rock|p1a: lefthanded\n|-sidestart|p1: avaluggfan!!!|move: Stealth Rock\n|\n|upkeep\n|turn|23\n|\n|t:|1700061925\n|move|p1a: lefthanded|Close Combat|p2a: Heatran\n|-supereffective|p2a: Heatran\n|-damage|p2a: Heatran|0 fnt\n|-unboost|p1a: lefthanded|def|1\n|-unboost|p1a: lefthanded|spd|1\n|faint|p2a: Heatran\n|\n|upkeep\n|\n|t:|1700061929\n|switch|p2a: Dragapult|Dragapult, M, tera:Ghost|100\/100\n|turn|24\n|\n|t:|1700061931\n|move|p2a: Dragapult|Tera Blast|p1a: lefthanded|[anim] Tera Blast Ghost\n|-damage|p1a: lefthanded|0 fnt\n|faint|p1a: lefthanded\n|-end|p1a: lefthanded|Quark Drive|[silent]\n|\n|upkeep\n|-message|avaluggfan!!! forfeited.\n|\n|win|Deez nuzt\n|raw|avaluggfan!!!'s rating: 1546 &rarr; <strong>1526<\/strong><br \/>(-20 for losing)\n|raw|Deez nuzt's rating: 1546 &rarr; <strong>1566<\/strong><br \/>(+20 for winning)\n|l|\u2606avaluggfan!!!\n","uploadtime":1700061951,"views":5,"p1id":"avaluggfan","p2id":"deeznuzt","formatid":"gen9ou","rating":1526,"private":0,"password":""}