{"id":"gen9ou-1997021815","p1":"yamiyami17","p2":"Raequan","format":"[Gen 9] OU","log":"|j|\u2606yamiyami17\n|j|\u2606Raequan\n|t:|1700756574\n|gametype|singles\n|player|p1|yamiyami17|1|1193\n|player|p2|Raequan|2|1253\n|teamsize|p1|6\n|teamsize|p2|6\n|gen|9\n|tier|[Gen 9] OU\n|rated|\n|rule|Sleep Clause Mod: Limit one foe put to sleep\n|rule|Species Clause: Limit one of each Pok\u00e9mon\n|rule|OHKO Clause: OHKO moves are banned\n|rule|Evasion Items Clause: Evasion items are banned\n|rule|Evasion Moves Clause: Evasion moves are banned\n|rule|Endless Battle Clause: Forcing endless battles is banned\n|rule|HP Percentage Mod: HP is shown in percentages\n|clearpoke\n|poke|p1|Sinistcha-Masterpiece|\n|poke|p1|Snorlax, F|\n|poke|p1|Cloyster, F|\n|poke|p1|Glimmora, F|\n|poke|p1|Ceruledge, F|\n|poke|p1|Kommo-o, M|\n|poke|p2|Corviknight, M|\n|poke|p2|Walking Wake|\n|poke|p2|Scream Tail|\n|poke|p2|Landorus-Therian, M|\n|poke|p2|Gholdengo|\n|poke|p2|Infernape, F|\n|teampreview\n|\n|t:|1700756589\n|start\n|switch|p1a: Sinistcha|Sinistcha-Masterpiece|100\/100\n|switch|p2a: Landorus|Landorus-Therian, M|100\/100\n|-ability|p2a: Landorus|Intimidate|boost\n|-unboost|p1a: Sinistcha|atk|1\n|turn|1\n|inactive|Battle timer is ON: inactive players will automatically lose when time's up. (requested by Raequan)\n|\n|t:|1700756600\n|move|p2a: Landorus|Stealth Rock|p1a: Sinistcha\n|-sidestart|p1: yamiyami17|move: Stealth Rock\n|move|p1a: Sinistcha|Iron Defense|p1a: Sinistcha\n|-boost|p1a: Sinistcha|def|2\n|\n|upkeep\n|turn|2\n|\n|t:|1700756606\n|move|p2a: Landorus|Taunt|p1a: Sinistcha\n|-start|p1a: Sinistcha|move: Taunt\n|cant|p1a: Sinistcha|move: Taunt|Calm Mind\n|\n|upkeep\n|turn|3\n|\n|t:|1700756613\n|move|p2a: Landorus|U-turn|p1a: Sinistcha\n|-damage|p1a: Sinistcha|93\/100\n|\n|t:|1700756620\n|switch|p2a: Corviknight|Corviknight, M|100\/100|[from] U-turn\n|-ability|p2a: Corviknight|Pressure\n|move|p1a: Sinistcha|Matcha Gotcha|p2a: Corviknight\n|-resisted|p2a: Corviknight\n|-damage|p2a: Corviknight|93\/100\n|-heal|p1a: Sinistcha|98\/100|[from] drain|[of] p2a: Corviknight\n|-status|p2a: Corviknight|brn\n|\n|-heal|p1a: Sinistcha|100\/100|[from] item: Leftovers\n|-damage|p2a: Corviknight|87\/100 brn|[from] brn\n|upkeep\n|turn|4\n|\n|t:|1700756630\n|switch|p2a: Scream Tail|Scream Tail|100\/100\n|move|p1a: Sinistcha|Shadow Ball|p2a: Scream Tail\n|-supereffective|p2a: Scream Tail\n|-damage|p2a: Scream Tail|61\/100\n|\n|-heal|p2a: Scream Tail|68\/100|[from] item: Leftovers\n|-end|p1a: Sinistcha|move: Taunt\n|upkeep\n|turn|5\n|\n|t:|1700756646\n|move|p2a: Scream Tail|Dazzling Gleam|p1a: Sinistcha\n|-damage|p1a: Sinistcha|79\/100\n|move|p1a: Sinistcha|Calm Mind|p1a: Sinistcha\n|-boost|p1a: Sinistcha|spa|1\n|-boost|p1a: Sinistcha|spd|1\n|\n|-heal|p2a: Scream Tail|74\/100|[from] item: Leftovers\n|-heal|p1a: Sinistcha|85\/100|[from] item: Leftovers\n|upkeep\n|turn|6\n|\n|t:|1700756651\n|move|p2a: Scream Tail|Encore|p1a: Sinistcha\n|-start|p1a: Sinistcha|Encore\n|move|p1a: Sinistcha|Calm Mind|p1a: Sinistcha\n|-boost|p1a: Sinistcha|spa|1\n|-boost|p1a: Sinistcha|spd|1\n|\n|-heal|p2a: Scream Tail|80\/100|[from] item: Leftovers\n|-heal|p1a: Sinistcha|92\/100|[from] item: Leftovers\n|upkeep\n|turn|7\n|\n|t:|1700756670\n|-end|p2a: Scream Tail|Protosynthesis|[silent]\n|switch|p2a: Infernape|Infernape, F|100\/100\n|move|p1a: Sinistcha|Calm Mind|p1a: Sinistcha\n|-boost|p1a: Sinistcha|spa|1\n|-boost|p1a: Sinistcha|spd|1\n|\n|-heal|p1a: Sinistcha|98\/100|[from] item: Leftovers\n|upkeep\n|turn|8\n|\n|t:|1700756675\n|move|p2a: Infernape|Fire Blast|p1a: Sinistcha\n|-supereffective|p1a: Sinistcha\n|-damage|p1a: Sinistcha|59\/100\n|move|p1a: Sinistcha|Calm Mind|p1a: Sinistcha\n|-boost|p1a: Sinistcha|spa|1\n|-boost|p1a: Sinistcha|spd|1\n|\n|-heal|p1a: Sinistcha|66\/100|[from] item: Leftovers\n|-end|p1a: Sinistcha|Encore\n|upkeep\n|turn|9\n|\n|t:|1700756678\n|move|p2a: Infernape|Fire Blast|p1a: Sinistcha\n|-supereffective|p1a: Sinistcha\n|-damage|p1a: Sinistcha|34\/100\n|move|p1a: Sinistcha|Shadow Ball|p2a: Infernape\n|-damage|p2a: Infernape|0 fnt\n|faint|p2a: Infernape\n|\n|-heal|p1a: Sinistcha|40\/100|[from] item: Leftovers\n|upkeep\n|-message|Raequan forfeited.\n|\n|win|yamiyami17\n|raw|yamiyami17's rating: 1193 &rarr; <strong>1222<\/strong><br \/>(+29 for winning)\n|raw|Raequan's rating: 1253 &rarr; <strong>1224<\/strong><br \/>(-29 for losing)\n|l|\u2606Raequan\n","uploadtime":1700756708,"views":8,"p1id":"yamiyami17","p2id":"raequan","formatid":"gen9ou","rating":1222,"private":0,"password":""}