{"id":"gen9ou-1995932586","p1":"TallGuyInATophat","p2":"Olebuddy","format":"[Gen 9] OU","log":"|j|\u2606TallGuyInATophat\n|j|\u2606Olebuddy\n|t:|1700618940\n|gametype|singles\n|player|p1|TallGuyInATophat|gentleman-gen4|1073\n|player|p2|Olebuddy|dragontamer|1046\n|teamsize|p1|6\n|teamsize|p2|6\n|gen|9\n|tier|[Gen 9] OU\n|rated|\n|rule|Sleep Clause Mod: Limit one foe put to sleep\n|rule|Species Clause: Limit one of each Pok\u00e9mon\n|rule|OHKO Clause: OHKO moves are banned\n|rule|Evasion Items Clause: Evasion items are banned\n|rule|Evasion Moves Clause: Evasion moves are banned\n|rule|Endless Battle Clause: Forcing endless battles is banned\n|rule|HP Percentage Mod: HP is shown in percentages\n|clearpoke\n|poke|p1|Scizor, M|\n|poke|p1|Ribombee, M|\n|poke|p1|Ninetales-Alola, M|\n|poke|p1|Pincurchin, M|\n|poke|p1|Gengar, F|\n|poke|p1|Raichu-Alola, M|\n|poke|p2|Arcanine-Hisui, M|\n|poke|p2|Kleavor, F|\n|poke|p2|Torkoal, M|\n|poke|p2|Leafeon, M|\n|poke|p2|Landorus-Therian, M|\n|poke|p2|Walking Wake|\n|teampreview\n|\n|t:|1700618949\n|start\n|switch|p1a: Webster|Ribombee, M, shiny|100\/100\n|switch|p2a: Torkoal|Torkoal, M|100\/100\n|-weather|SunnyDay|[from] ability: Drought|[of] p2a: Torkoal\n|turn|1\n|\n|t:|1700618961\n|move|p1a: Webster|Sticky Web|p2a: Torkoal\n|-sidestart|p2: Olebuddy|move: Sticky Web\n|move|p2a: Torkoal|Stealth Rock|p1a: Webster\n|-sidestart|p1: TallGuyInATophat|move: Stealth Rock\n|\n|-weather|SunnyDay|[upkeep]\n|upkeep\n|turn|2\n|\n|t:|1700618970\n|move|p1a: Webster|Stun Spore|p2a: Torkoal|[miss]\n|-miss|p1a: Webster|p2a: Torkoal\n|move|p2a: Torkoal|Rapid Spin|p1a: Webster\n|-damage|p1a: Webster|86\/100\n|-boost|p2a: Torkoal|spe|1\n|-sideend|p2: Olebuddy|Sticky Web|[from] move: Rapid Spin|[of] p2a: Torkoal\n|\n|-weather|SunnyDay|[upkeep]\n|upkeep\n|turn|3\n|\n|t:|1700618979\n|move|p1a: Webster|Sticky Web|p2a: Torkoal\n|-sidestart|p2: Olebuddy|move: Sticky Web\n|move|p2a: Torkoal|Yawn|p1a: Webster\n|-block|p1a: Webster|ability: Sweet Veil|[of] p1a: Webster\n|\n|-weather|SunnyDay|[upkeep]\n|upkeep\n|turn|4\n|\n|t:|1700618985\n|switch|p1a: Gengar|Gengar, F|100\/100\n|-damage|p1a: Gengar|88\/100|[from] Stealth Rock\n|move|p2a: Torkoal|Rapid Spin|p1a: Gengar\n|-immune|p1a: Gengar\n|\n|-weather|SunnyDay|[upkeep]\n|-heal|p1a: Gengar|94\/100|[from] item: Black Sludge\n|upkeep\n|turn|5\n|\n|t:|1700618996\n|move|p1a: Gengar|Clear Smog|p2a: Torkoal\n|-damage|p2a: Torkoal|65\/100\n|-clearboost|p2a: Torkoal\n|move|p2a: Torkoal|Yawn|p1a: Gengar\n|-start|p1a: Gengar|move: Yawn|[of] p2a: Torkoal\n|\n|-weather|none\n|-heal|p1a: Gengar|100\/100|[from] item: Black Sludge\n|-heal|p2a: Torkoal|71\/100|[from] item: Leftovers\n|upkeep\n|turn|6\n|\n|t:|1700619007\n|move|p1a: Gengar|Shadow Ball|p2a: Torkoal\n|-damage|p2a: Torkoal|9\/100\n|move|p2a: Torkoal|Rapid Spin|p1a: Gengar\n|-immune|p1a: Gengar\n|\n|-heal|p2a: Torkoal|15\/100|[from] item: Leftovers\n|-end|p1a: Gengar|move: Yawn|[silent]\n|-status|p1a: Gengar|slp\n|upkeep\n|turn|7\n|\n|t:|1700619019\n|switch|p2a: Landorus|Landorus-Therian, M|100\/100\n|-ability|p2a: Landorus|Intimidate|boost\n|-unboost|p1a: Gengar|atk|1\n|cant|p1a: Gengar|slp\n|\n|upkeep\n|turn|8\n|\n|t:|1700619025\n|cant|p1a: Gengar|slp\n|move|p2a: Landorus|Sunny Day|p2a: Landorus\n|-weather|SunnyDay\n|\n|-weather|SunnyDay|[upkeep]\n|upkeep\n|turn|9\n|\n|t:|1700619043\n|switch|p2a: Arcanine|Arcanine-Hisui, M|100\/100\n|-activate|p2a: Arcanine|move: Sticky Web\n|-unboost|p2a: Arcanine|spe|1\n|cant|p1a: Gengar|slp\n|\n|-weather|SunnyDay|[upkeep]\n|upkeep\n|turn|10\n|\n|t:|1700619053\n|-curestatus|p1a: Gengar|slp|[msg]\n|move|p1a: Gengar|Metronome|p1a: Gengar\n|move|p1a: Gengar|Spit Up||[from]move: Metronome|[still]\n|-fail|p1a: Gengar\n|move|p2a: Arcanine|Flare Blitz|p1a: Gengar\n|-damage|p1a: Gengar|0 fnt\n|faint|p1a: Gengar\n|\n|-weather|SunnyDay|[upkeep]\n|upkeep\n|\n|t:|1700619061\n|switch|p1a: Pincurchin|Pincurchin, M|100\/100\n|-damage|p1a: Pincurchin|88\/100|[from] Stealth Rock\n|-fieldstart|move: Electric Terrain|[from] ability: Electric Surge|[of] p1a: Pincurchin\n|turn|11\n|\n|t:|1700619072\n|switch|p1a: Webster|Ribombee, M, shiny|86\/100\n|-damage|p1a: Webster|61\/100|[from] Stealth Rock\n|move|p2a: Arcanine|Flare Blitz|p1a: Webster\n|-supereffective|p1a: Webster\n|-damage|p1a: Webster|0 fnt\n|faint|p1a: Webster\n|\n|-weather|SunnyDay|[upkeep]\n|upkeep\n|\n|t:|1700619079\n|switch|p1a: Raichu|Raichu-Alola, M|100\/100\n|-damage|p1a: Raichu|88\/100|[from] Stealth Rock\n|turn|12\n|\n|t:|1700619091\n|switch|p2a: Landorus|Landorus-Therian, M|100\/100\n|-ability|p2a: Landorus|Intimidate|boost\n|-unboost|p1a: Raichu|atk|1\n|move|p1a: Raichu|Surf|p2a: Landorus\n|-supereffective|p2a: Landorus\n|-damage|p2a: Landorus|67\/100\n|-damage|p1a: Raichu|78\/100|[from] item: Life Orb\n|\n|-weather|none\n|upkeep\n|turn|13\n|c|\u2606TallGuyInATophat|i am the defnition of speed\n|\n|t:|1700619104\n|move|p1a: Raichu|Surf|p2a: Landorus\n|-supereffective|p2a: Landorus\n|-damage|p2a: Landorus|0 fnt\n|faint|p2a: Landorus\n|-damage|p1a: Raichu|68\/100|[from] item: Life Orb\n|\n|upkeep\n|\n|t:|1700619126\n|switch|p2a: Leafeon|Leafeon, M, shiny|100\/100\n|-activate|p2a: Leafeon|move: Sticky Web\n|-unboost|p2a: Leafeon|spe|1\n|turn|14\n|\n|t:|1700619132\n|move|p2a: Leafeon|Protect|p2a: Leafeon\n|-singleturn|p2a: Leafeon|Protect\n|move|p1a: Raichu|Psychic|p2a: Leafeon\n|-activate|p2a: Leafeon|move: Protect\n|\n|upkeep\n|turn|15\n|\n|t:|1700619147\n|move|p1a: Raichu|Psychic|p2a: Leafeon\n|-damage|p2a: Leafeon|16\/100\n|-damage|p1a: Raichu|58\/100|[from] item: Life Orb\n|move|p2a: Leafeon|Yawn|p1a: Raichu\n|-activate|p1a: Raichu|move: Electric Terrain\n|\n|upkeep\n|turn|16\n|\n|t:|1700619159\n|move|p2a: Leafeon|Protect|p2a: Leafeon\n|-singleturn|p2a: Leafeon|Protect\n|move|p1a: Raichu|Psychic|p2a: Leafeon\n|-activate|p2a: Leafeon|move: Protect\n|\n|upkeep\n|turn|17\n|\n|t:|1700619174\n|switch|p2a: Walking Wake|Walking Wake|100\/100\n|-activate|p2a: Walking Wake|move: Sticky Web\n|-unboost|p2a: Walking Wake|spe|1\n|move|p1a: Raichu|Thunderbolt|p2a: Walking Wake\n|-damage|p2a: Walking Wake|54\/100\n|-damage|p1a: Raichu|48\/100|[from] item: Life Orb\n|\n|upkeep\n|turn|18\n|\n|t:|1700619190\n|switch|p1a: Spectre|Ninetales-Alola, M, shiny|100\/100\n|-damage|p1a: Spectre|76\/100|[from] Stealth Rock\n|-weather|Snow|[from] ability: Snow Warning|[of] p1a: Spectre\n|move|p2a: Walking Wake|Draco Meteor|p1a: Spectre\n|-immune|p1a: Spectre\n|\n|-weather|Snow|[upkeep]\n|-fieldend|move: Electric Terrain\n|upkeep\n|turn|19\n|\n|t:|1700619206\n|-end|p2a: Walking Wake|Protosynthesis|[silent]\n|switch|p2a: Torkoal|Torkoal, M|15\/100\n|-activate|p2a: Torkoal|move: Sticky Web\n|-unboost|p2a: Torkoal|spe|1\n|-weather|SunnyDay|[from] ability: Drought|[of] p2a: Torkoal\n|move|p1a: Spectre|Freeze-Dry|p2a: Torkoal\n|-resisted|p2a: Torkoal\n|-damage|p2a: Torkoal|0 fnt\n|faint|p2a: Torkoal\n|\n|-weather|SunnyDay|[upkeep]\n|upkeep\n|\n|t:|1700619221\n|switch|p2a: Leafeon|Leafeon, M, shiny|16\/100\n|-activate|p2a: Leafeon|move: Sticky Web\n|-unboost|p2a: Leafeon|spe|1\n|turn|20\n|\n|t:|1700619225\n|move|p1a: Spectre|Blizzard|p2a: Leafeon\n|-supereffective|p2a: Leafeon\n|-damage|p2a: Leafeon|0 fnt\n|faint|p2a: Leafeon\n|\n|-weather|SunnyDay|[upkeep]\n|upkeep\n|\n|t:|1700619232\n|switch|p2a: Kleavor|Kleavor, F|100\/100\n|-activate|p2a: Kleavor|move: Sticky Web\n|-unboost|p2a: Kleavor|spe|1\n|turn|21\n|\n|t:|1700619238\n|move|p1a: Spectre|Blizzard|p2a: Kleavor|[miss]\n|-miss|p1a: Spectre|p2a: Kleavor\n|move|p2a: Kleavor|Stone Axe|p1a: Spectre\n|-supereffective|p1a: Spectre\n|-damage|p1a: Spectre|0 fnt\n|faint|p1a: Spectre\n|\n|-weather|SunnyDay|[upkeep]\n|upkeep\n|\n|t:|1700619246\n|switch|p1a: Ironfist|Scizor, M|100\/100\n|-damage|p1a: Ironfist|88\/100|[from] Stealth Rock\n|turn|22\n|\n|t:|1700619260\n|-terastallize|p2a: Kleavor|Water\n|move|p1a: Ironfist|Bullet Punch|p2a: Kleavor\n|-resisted|p2a: Kleavor\n|-damage|p2a: Kleavor|73\/100\n|move|p2a: Kleavor|Stone Axe|p1a: Ironfist|[miss]\n|-miss|p2a: Kleavor|p1a: Ironfist\n|\n|-weather|SunnyDay|[upkeep]\n|upkeep\n|turn|23\n|\n|t:|1700619269\n|move|p2a: Kleavor|Stone Axe|p1a: Ironfist\n|-damage|p1a: Ironfist|16\/100\n|move|p1a: Ironfist|Bug Bite|p2a: Kleavor\n|-damage|p2a: Kleavor|3\/100\n|\n|-weather|none\n|upkeep\n|turn|24\n|\n|t:|1700619276\n|move|p1a: Ironfist|Bullet Punch|p2a: Kleavor\n|-resisted|p2a: Kleavor\n|-damage|p2a: Kleavor|0 fnt\n|faint|p2a: Kleavor\n|\n|upkeep\n|\n|t:|1700619287\n|switch|p2a: Walking Wake|Walking Wake|54\/100\n|-activate|p2a: Walking Wake|move: Sticky Web\n|-unboost|p2a: Walking Wake|spe|1\n|turn|25\n|\n|t:|1700619298\n|move|p2a: Walking Wake|Hydro Steam|p1a: Ironfist\n|-damage|p1a: Ironfist|0 fnt\n|faint|p1a: Ironfist\n|\n|upkeep\n|\n|t:|1700619303\n|switch|p1a: Pincurchin|Pincurchin, M|88\/100\n|-damage|p1a: Pincurchin|76\/100|[from] Stealth Rock\n|-fieldstart|move: Electric Terrain|[from] ability: Electric Surge|[of] p1a: Pincurchin\n|turn|26\n|\n|t:|1700619310\n|move|p2a: Walking Wake|Draco Meteor|p1a: Pincurchin\n|-damage|p1a: Pincurchin|8\/100\n|-unboost|p2a: Walking Wake|spa|2\n|move|p1a: Pincurchin|Spark|p2a: Walking Wake\n|-damage|p2a: Walking Wake|21\/100\n|\n|upkeep\n|turn|27\n|\n|t:|1700619322\n|move|p2a: Walking Wake|Hydro Steam|p1a: Pincurchin\n|-damage|p1a: Pincurchin|0 fnt\n|faint|p1a: Pincurchin\n|\n|upkeep\n|\n|t:|1700619326\n|switch|p1a: Raichu|Raichu-Alola, M|48\/100\n|-damage|p1a: Raichu|36\/100|[from] Stealth Rock\n|turn|28\n|\n|t:|1700619334\n|move|p1a: Raichu|Psychic|p2a: Walking Wake\n|-damage|p2a: Walking Wake|0 fnt\n|faint|p2a: Walking Wake\n|-end|p2a: Walking Wake|Protosynthesis|[silent]\n|-damage|p1a: Raichu|26\/100|[from] item: Life Orb\n|\n|upkeep\n|\n|t:|1700619339\n|switch|p2a: Arcanine|Arcanine-Hisui, M|100\/100\n|-activate|p2a: Arcanine|move: Sticky Web\n|-unboost|p2a: Arcanine|spe|1\n|turn|29\n|\n|t:|1700619347\n|move|p2a: Arcanine|Extreme Speed|p1a: Raichu\n|-damage|p1a: Raichu|0 fnt\n|faint|p1a: Raichu\n|\n|win|Olebuddy\n|raw|TallGuyInATophat's rating: 1073 &rarr; <strong>1050<\/strong><br \/>(-23 for losing)\n|raw|Olebuddy's rating: 1046 &rarr; <strong>1082<\/strong><br \/>(+36 for winning)\n|c|\u2606TallGuyInATophat|gg\n|l|\u2606TallGuyInATophat\n|c|\u2606Olebuddy|GGs\n","uploadtime":1700619372,"views":8,"p1id":"tallguyinatophat","p2id":"olebuddy","formatid":"gen9ou","rating":1050,"private":0,"password":""}