{"id":"gen9ou-1989248436","p1":"sussy frfr nocap","p2":"CharninjaGamingYT","format":"[Gen 9] OU","log":"|j|\u2606sussy frfr nocap\n|j|\u2606CharninjaGamingYT\n|t:|1699827824\n|gametype|singles\n|player|p1|sussy frfr nocap|1|1187\n|player|p2|CharninjaGamingYT|turo-ai|1169\n|teamsize|p1|6\n|teamsize|p2|6\n|gen|9\n|tier|[Gen 9] OU\n|rated|\n|rule|Sleep Clause Mod: Limit one foe put to sleep\n|rule|Species Clause: Limit one of each Pok\u00e9mon\n|rule|OHKO Clause: OHKO moves are banned\n|rule|Evasion Items Clause: Evasion items are banned\n|rule|Evasion Moves Clause: Evasion moves are banned\n|rule|Endless Battle Clause: Forcing endless battles is banned\n|rule|HP Percentage Mod: HP is shown in percentages\n|clearpoke\n|poke|p1|Dragonite, F|\n|poke|p1|Manaphy|\n|poke|p1|Armarouge, M|\n|poke|p1|Cinderace, F|\n|poke|p1|Grimmsnarl, M|\n|poke|p1|Conkeldurr, M|\n|poke|p2|Iron Jugulis|\n|poke|p2|Ogerpon-Wellspring, F|\n|poke|p2|Tinkaton, F|\n|poke|p2|Iron Moth|\n|poke|p2|Great Tusk|\n|poke|p2|Dragapult, F|\n|teampreview\n|inactive|Battle timer is ON: inactive players will automatically lose when time's up. (requested by CharninjaGamingYT)\n|inactive|sussy frfr nocap also wants the timer to be on.\n|\n|t:|1699827830\n|start\n|switch|p1a: Grimmsnarl|Grimmsnarl, M|100\/100\n|switch|p2a: Iron Jugulis|Iron Jugulis|100\/100\n|-enditem|p2a: Iron Jugulis|Booster Energy\n|-activate|p2a: Iron Jugulis|ability: Quark Drive|[fromitem]\n|-start|p2a: Iron Jugulis|quarkdrivespe\n|turn|1\n|\n|t:|1699827837\n|move|p1a: Grimmsnarl|Taunt|p2a: Iron Jugulis\n|-hint|Since gen 7, Dark is immune to Prankster moves.\n|-immune|p2a: Iron Jugulis\n|move|p2a: Iron Jugulis|Taunt|p1a: Grimmsnarl\n|-start|p1a: Grimmsnarl|move: Taunt\n|\n|upkeep\n|turn|2\n|\n|t:|1699827853\n|switch|p1a: Conkeldurr|Conkeldurr, M|100\/100\n|move|p2a: Iron Jugulis|Knock Off|p1a: Conkeldurr\n|-resisted|p1a: Conkeldurr\n|-damage|p1a: Conkeldurr|87\/100\n|-enditem|p1a: Conkeldurr|Flame Orb|[from] move: Knock Off|[of] p2a: Iron Jugulis\n|\n|upkeep\n|turn|3\n|\n|t:|1699827860\n|move|p2a: Iron Jugulis|Hurricane|p1a: Conkeldurr\n|-supereffective|p1a: Conkeldurr\n|-damage|p1a: Conkeldurr|0 fnt\n|faint|p1a: Conkeldurr\n|\n|upkeep\n|\n|t:|1699827869\n|switch|p1a: Grimmsnarl|Grimmsnarl, M|100\/100\n|turn|4\n|\n|t:|1699827873\n|move|p1a: Grimmsnarl|Reflect|p1a: Grimmsnarl\n|-sidestart|p1: sussy frfr nocap|Reflect\n|move|p2a: Iron Jugulis|Knock Off|p1a: Grimmsnarl\n|-resisted|p1a: Grimmsnarl\n|-damage|p1a: Grimmsnarl|97\/100\n|-enditem|p1a: Grimmsnarl|Light Clay|[from] move: Knock Off|[of] p2a: Iron Jugulis\n|\n|upkeep\n|turn|5\n|\n|t:|1699827879\n|move|p1a: Grimmsnarl|Light Screen|p1a: Grimmsnarl\n|-sidestart|p1: sussy frfr nocap|move: Light Screen\n|move|p2a: Iron Jugulis|Hurricane|p1a: Grimmsnarl|[miss]\n|-miss|p2a: Iron Jugulis|p1a: Grimmsnarl\n|\n|upkeep\n|turn|6\n|\n|t:|1699827885\n|switch|p1a: Manaphy|Manaphy|100\/100\n|move|p2a: Iron Jugulis|Knock Off|p1a: Manaphy\n|-damage|p1a: Manaphy|91\/100\n|-enditem|p1a: Manaphy|Leftovers|[from] move: Knock Off|[of] p2a: Iron Jugulis\n|\n|upkeep\n|turn|7\n|\n|t:|1699827891\n|move|p2a: Iron Jugulis|Taunt|p1a: Manaphy\n|-start|p1a: Manaphy|move: Taunt\n|cant|p1a: Manaphy|move: Taunt|Acid Armor\n|\n|upkeep\n|turn|8\n|\n|t:|1699827896\n|switch|p1a: Armarouge|Armarouge, M|100\/100\n|move|p2a: Iron Jugulis|Hurricane|p1a: Armarouge\n|-damage|p1a: Armarouge|66\/100\n|\n|upkeep\n|turn|9\n|\n|t:|1699827906\n|move|p2a: Iron Jugulis|Earth Power|p1a: Armarouge\n|-supereffective|p1a: Armarouge\n|-damage|p1a: Armarouge|28\/100\n|-enditem|p1a: Armarouge|Weakness Policy\n|-boost|p1a: Armarouge|atk|2|[from] item: Weakness Policy\n|-boost|p1a: Armarouge|spa|2|[from] item: Weakness Policy\n|move|p1a: Armarouge|Psyshock|p2a: Iron Jugulis\n|-immune|p2a: Iron Jugulis\n|\n|-sideend|p1: sussy frfr nocap|move: Light Screen\n|upkeep\n|turn|10\n|-message|sussy frfr nocap forfeited.\n|\n|win|CharninjaGamingYT\n|raw|sussy frfr nocap's rating: 1187 &rarr; <strong>1161<\/strong><br \/>(-26 for losing)\n|raw|CharninjaGamingYT's rating: 1169 &rarr; <strong>1195<\/strong><br \/>(+26 for winning)\n|l|\u2606sussy frfr nocap\n","uploadtime":1699827922,"views":9,"p1id":"sussyfrfrnocap","p2id":"charninjagamingyt","formatid":"gen9ou","rating":1161,"private":0,"password":""}