{"id":"gen9ou-1991778833","p1":"Why.burger","p2":"bjnkuo","format":"[Gen 9] OU","log":"|j|\u2606Why.burger\n|j|\u2606bjnkuo\n|t:|1700115702\n|gametype|singles\n|player|p1|Why.burger|kimonogirl|1104\n|player|p2|bjnkuo|169|1000\n|teamsize|p1|6\n|teamsize|p2|6\n|gen|9\n|tier|[Gen 9] OU\n|rated|\n|rule|Sleep Clause Mod: Limit one foe put to sleep\n|rule|Species Clause: Limit one of each Pok\u00e9mon\n|rule|OHKO Clause: OHKO moves are banned\n|rule|Evasion Items Clause: Evasion items are banned\n|rule|Evasion Moves Clause: Evasion moves are banned\n|rule|Endless Battle Clause: Forcing endless battles is banned\n|rule|HP Percentage Mod: HP is shown in percentages\n|clearpoke\n|poke|p1|Iron Valiant|\n|poke|p1|Kingambit, M|\n|poke|p1|Rotom-Wash|\n|poke|p1|Ogerpon-Cornerstone, F|\n|poke|p1|Cinderace, F|\n|poke|p1|Dragonite, M|\n|poke|p2|Clodsire, F|\n|poke|p2|Alomomola, F|\n|poke|p2|Talonflame, M|\n|poke|p2|Dondozo, F|\n|poke|p2|Toxapex, M|\n|poke|p2|Blissey, F|\n|teampreview\n|inactive|Battle timer is ON: inactive players will automatically lose when time's up. (requested by bjnkuo)\n|\n|t:|1700115722\n|start\n|switch|p1a: Ogerpon|Ogerpon-Cornerstone, F|100\/100\n|switch|p2a: Toxapex|Toxapex, M|100\/100\n|turn|1\n|\n|t:|1700115731\n|move|p1a: Ogerpon|Ivy Cudgel|p2a: Toxapex|[anim] Ivy Cudgel Rock\n|-damage|p2a: Toxapex|66\/100\n|move|p2a: Toxapex|Toxic|p1a: Ogerpon\n|-status|p1a: Ogerpon|tox\n|\n|-damage|p1a: Ogerpon|95\/100 tox|[from] psn\n|upkeep\n|turn|2\n|\n|t:|1700115741\n|switch|p1a: Rotom|Rotom-Wash|100\/100\n|switch|p2a: Dondozo|Dondozo, F|100\/100\n|\n|upkeep\n|turn|3\n|\n|t:|1700115749\n|switch|p2a: Blissey|Blissey, F, shiny|100\/100\n|move|p1a: Rotom|Trick|p2a: Blissey\n|-activate|p1a: Rotom|move: Trick|[of] p2a: Blissey\n|-item|p2a: Blissey|Choice Scarf|[from] move: Trick\n|-item|p1a: Rotom|Heavy-Duty Boots|[from] move: Trick\n|\n|upkeep\n|turn|4\n|\n|t:|1700115757\n|move|p1a: Rotom|Volt Switch|p2a: Blissey\n|-damage|p2a: Blissey|92\/100\n|\n|t:|1700115760\n|switch|p1a: Cinderace|Cinderace, F|100\/100|[from] Volt Switch\n|move|p2a: Blissey|Seismic Toss|p1a: Cinderace\n|-damage|p1a: Cinderace|67\/100\n|\n|upkeep\n|turn|5\n|\n|t:|1700115769\n|switch|p2a: Talonflame|Talonflame, M|100\/100\n|move|p1a: Cinderace|Swords Dance|p1a: Cinderace\n|-boost|p1a: Cinderace|atk|2\n|\n|upkeep\n|turn|6\n|\n|t:|1700115777\n|switch|p1a: Rotom|Rotom-Wash|100\/100\n|switch|p2a: Dondozo|Dondozo, F|100\/100\n|\n|upkeep\n|turn|7\n|\n|t:|1700115785\n|switch|p2a: Clodsire|Clodsire, F|100\/100\n|move|p1a: Rotom|Volt Switch|p2a: Clodsire\n|-immune|p2a: Clodsire\n|\n|upkeep\n|turn|8\n|\n|t:|1700115808\n|switch|p1a: Dragonite|Dragonite, M|100\/100\n|move|p2a: Clodsire|Toxic|p1a: Dragonite\n|-status|p1a: Dragonite|tox\n|\n|-damage|p1a: Dragonite|94\/100 tox|[from] psn\n|upkeep\n|turn|9\n|\n|t:|1700115818\n|switch|p2a: Alomomola|Alomomola, F|100\/100\n|move|p1a: Dragonite|Dragon Dance|p1a: Dragonite\n|-boost|p1a: Dragonite|atk|1\n|-boost|p1a: Dragonite|spe|1\n|\n|-damage|p1a: Dragonite|82\/100 tox|[from] psn\n|upkeep\n|turn|10\n|\n|t:|1700115827\n|-terastallize|p1a: Dragonite|Normal\n|move|p2a: Alomomola|Protect|p2a: Alomomola\n|-singleturn|p2a: Alomomola|Protect\n|move|p1a: Dragonite|Extreme Speed|p2a: Alomomola\n|-activate|p2a: Alomomola|move: Protect\n|\n|-damage|p1a: Dragonite|63\/100 tox|[from] psn\n|upkeep\n|turn|11\n|\n|t:|1700115832\n|switch|p2a: Dondozo|Dondozo, F|100\/100\n|move|p1a: Dragonite|Extreme Speed|p2a: Dondozo\n|-damage|p2a: Dondozo|81\/100\n|\n|-damage|p1a: Dragonite|39\/100 tox|[from] psn\n|upkeep\n|turn|12\n|\n|t:|1700115840\n|switch|p1a: Rotom|Rotom-Wash|100\/100\n|move|p2a: Dondozo|Body Press|p1a: Rotom\n|-damage|p1a: Rotom|64\/100\n|\n|upkeep\n|turn|13\n|\n|t:|1700115847\n|switch|p2a: Blissey|Blissey, F, shiny|92\/100\n|move|p1a: Rotom|Trick|p2a: Blissey\n|-activate|p1a: Rotom|move: Trick|[of] p2a: Blissey\n|-item|p2a: Blissey|Heavy-Duty Boots|[from] move: Trick\n|-item|p1a: Rotom|Choice Scarf|[from] move: Trick\n|\n|upkeep\n|turn|14\n|\n|t:|1700115853\n|move|p1a: Rotom|Trick|p2a: Blissey\n|-activate|p1a: Rotom|move: Trick|[of] p2a: Blissey\n|-item|p2a: Blissey|Choice Scarf|[from] move: Trick\n|-item|p1a: Rotom|Heavy-Duty Boots|[from] move: Trick\n|move|p2a: Blissey|Seismic Toss|p1a: Rotom\n|-damage|p1a: Rotom|23\/100\n|\n|upkeep\n|turn|15\n|\n|t:|1700115863\n|switch|p1a: Iron Valiant|Iron Valiant|100\/100\n|-enditem|p1a: Iron Valiant|Booster Energy\n|-activate|p1a: Iron Valiant|ability: Quark Drive|[fromitem]\n|-start|p1a: Iron Valiant|quarkdrivespe\n|move|p2a: Blissey|Seismic Toss|p1a: Iron Valiant\n|-damage|p1a: Iron Valiant|66\/100\n|\n|upkeep\n|turn|16\n|\n|t:|1700115874\n|switch|p2a: Toxapex|Toxapex, M|99\/100\n|move|p1a: Iron Valiant|Calm Mind|p1a: Iron Valiant\n|-boost|p1a: Iron Valiant|spa|1\n|-boost|p1a: Iron Valiant|spd|1\n|\n|upkeep\n|turn|17\n|\n|t:|1700115889\n|-end|p1a: Iron Valiant|Quark Drive|[silent]\n|switch|p1a: Ogerpon|Ogerpon-Cornerstone, F|95\/100 tox\n|move|p2a: Toxapex|Toxic|p1a: Ogerpon\n|-fail|p1a: Ogerpon|tox\n|\n|-damage|p1a: Ogerpon|89\/100 tox|[from] psn\n|upkeep\n|turn|18\n|\n|t:|1700115897\n|move|p1a: Ogerpon|Leech Seed|p2a: Toxapex\n|-start|p2a: Toxapex|move: Leech Seed\n|move|p2a: Toxapex|Infestation|p1a: Ogerpon\n|-supereffective|p1a: Ogerpon\n|-damage|p1a: Ogerpon|82\/100 tox\n|-activate|p1a: Ogerpon|move: Infestation|[of] p2a: Toxapex\n|\n|-damage|p2a: Toxapex|86\/100|[from] Leech Seed|[of] p1a: Ogerpon\n|-heal|p1a: Ogerpon|95\/100 tox|[silent]\n|-damage|p1a: Ogerpon|83\/100 tox|[from] psn\n|-damage|p1a: Ogerpon|70\/100 tox|[from] move: Infestation|[partiallytrapped]\n|upkeep\n|turn|19\n|\n|t:|1700115908\n|move|p1a: Ogerpon|Knock Off|p2a: Toxapex\n|-damage|p2a: Toxapex|63\/100\n|-enditem|p2a: Toxapex|Heavy-Duty Boots|[from] move: Knock Off|[of] p1a: Ogerpon\n|move|p2a: Toxapex|Haze|p2a: Toxapex\n|-clearallboost\n|\n|-damage|p2a: Toxapex|50\/100|[from] Leech Seed|[of] p1a: Ogerpon\n|-heal|p1a: Ogerpon|83\/100 tox|[silent]\n|-damage|p1a: Ogerpon|65\/100 tox|[from] psn\n|-damage|p1a: Ogerpon|53\/100 tox|[from] move: Infestation|[partiallytrapped]\n|upkeep\n|turn|20\n|\n|t:|1700115924\n|switch|p2a: Alomomola|Alomomola, F|100\/100\n|move|p1a: Ogerpon|Horn Leech|p2a: Alomomola\n|-supereffective|p2a: Alomomola\n|-damage|p2a: Alomomola|50\/100\n|-heal|p1a: Ogerpon|98\/100 tox|[from] drain|[of] p2a: Alomomola\n|\n|-damage|p1a: Ogerpon|74\/100 tox|[from] psn\n|-end|p1a: Ogerpon|Infestation|[partiallytrapped]|[silent]\n|upkeep\n|turn|21\n|\n|t:|1700115934\n|move|p2a: Alomomola|Protect|p2a: Alomomola\n|-singleturn|p2a: Alomomola|Protect\n|move|p1a: Ogerpon|Horn Leech|p2a: Alomomola\n|-activate|p2a: Alomomola|move: Protect\n|\n|-damage|p1a: Ogerpon|44\/100 tox|[from] psn\n|upkeep\n|turn|22\n|\n|t:|1700115938\n|switch|p1a: Rotom|Rotom-Wash|23\/100\n|switch|p2a: Toxapex|Toxapex, M|83\/100\n|\n|upkeep\n|turn|23\n|\n|t:|1700115945\n|switch|p1a: Dragonite|Dragonite, M, tera:Normal|39\/100 tox\n|switch|p2a: Clodsire|Clodsire, F|100\/100\n|\n|-damage|p1a: Dragonite|32\/100 tox|[from] psn\n|upkeep\n|turn|24\n|\n|t:|1700115954\n|switch|p2a: Dondozo|Dondozo, F|81\/100\n|move|p1a: Dragonite|Earthquake|p2a: Dondozo\n|-damage|p2a: Dondozo|63\/100\n|\n|-damage|p1a: Dragonite|20\/100 tox|[from] psn\n|upkeep\n|turn|25\n|\n|t:|1700115967\n|switch|p1a: Kingambit|Kingambit, M|100\/100\n|move|p2a: Dondozo|Heavy Slam|p1a: Kingambit\n|-resisted|p1a: Kingambit\n|-damage|p1a: Kingambit|97\/100\n|\n|upkeep\n|turn|26\n|\n|t:|1700115980\n|move|p1a: Kingambit|Kowtow Cleave|p2a: Dondozo\n|-damage|p2a: Dondozo|40\/100\n|move|p2a: Dondozo|Body Press|p1a: Kingambit\n|-supereffective|p1a: Kingambit\n|-damage|p1a: Kingambit|19\/100\n|\n|upkeep\n|turn|27\n|\n|t:|1700115987\n|move|p1a: Kingambit|Sucker Punch||[still]\n|-fail|p1a: Kingambit\n|move|p2a: Dondozo|Rest|p2a: Dondozo\n|-status|p2a: Dondozo|slp|[from] move: Rest\n|-heal|p2a: Dondozo|100\/100 slp|[silent]\n|\n|upkeep\n|turn|28\n|\n|t:|1700115997\n|-end|p1a: Kingambit|fallenundefined|[silent]\n|switch|p1a: Iron Valiant|Iron Valiant|66\/100\n|cant|p2a: Dondozo|slp\n|move|p2a: Dondozo|Sleep Talk|p2a: Dondozo\n|move|p2a: Dondozo|Rest||[from]move: Sleep Talk|[still]\n|-fail|p2a: Dondozo\n|\n|upkeep\n|turn|29\n|\n|t:|1700116007\n|switch|p2a: Toxapex|Toxapex, M|100\/100\n|move|p1a: Iron Valiant|Calm Mind|p1a: Iron Valiant\n|-boost|p1a: Iron Valiant|spa|1\n|-boost|p1a: Iron Valiant|spd|1\n|\n|upkeep\n|turn|30\n|\n|t:|1700116014\n|move|p1a: Iron Valiant|Shadow Ball|p2a: Toxapex\n|-damage|p2a: Toxapex|70\/100\n|move|p2a: Toxapex|Toxic|p1a: Iron Valiant\n|-status|p1a: Iron Valiant|tox\n|\n|-damage|p1a: Iron Valiant|60\/100 tox|[from] psn\n|upkeep\n|turn|31\n|\n|t:|1700116023\n|switch|p2a: Blissey|Blissey, F, shiny|92\/100\n|move|p1a: Iron Valiant|Shadow Ball|p2a: Blissey\n|-immune|p2a: Blissey\n|\n|-damage|p1a: Iron Valiant|47\/100 tox|[from] psn\n|upkeep\n|turn|32\n|\n|t:|1700116037\n|-end|p1a: Iron Valiant|Quark Drive|[silent]\n|switch|p1a: Cinderace|Cinderace, F|67\/100\n|switch|p2a: Toxapex|Toxapex, M|100\/100\n|\n|upkeep\n|turn|33\n|\n|t:|1700116046\n|move|p1a: Cinderace|Swords Dance|p1a: Cinderace\n|-boost|p1a: Cinderace|atk|2\n|move|p2a: Toxapex|Toxic|p1a: Cinderace\n|-status|p1a: Cinderace|tox\n|\n|-damage|p1a: Cinderace|61\/100 tox|[from] psn\n|upkeep\n|turn|34\n|\n|t:|1700116054\n|switch|p2a: Dondozo|Dondozo, F|100\/100 slp\n|move|p1a: Cinderace|Swords Dance|p1a: Cinderace\n|-boost|p1a: Cinderace|atk|2\n|\n|-damage|p1a: Cinderace|49\/100 tox|[from] psn\n|upkeep\n|turn|35\n|\n|t:|1700116063\n|move|p1a: Cinderace|High Jump Kick|p2a: Dondozo\n|-damage|p2a: Dondozo|82\/100 slp\n|cant|p2a: Dondozo|slp\n|move|p2a: Dondozo|Sleep Talk|p2a: Dondozo\n|move|p2a: Dondozo|Body Press|p1a: Cinderace|[from]move: Sleep Talk\n|-damage|p1a: Cinderace|11\/100 tox\n|\n|-damage|p1a: Cinderace|0 fnt|[from] psn\n|faint|p1a: Cinderace\n|upkeep\n|\n|t:|1700116068\n|switch|p1a: Ogerpon|Ogerpon-Cornerstone, F|44\/100 tox\n|turn|36\n|\n|t:|1700116081\n|-terastallize|p2a: Dondozo|Grass\n|move|p1a: Ogerpon|Knock Off|p2a: Dondozo\n|-damage|p2a: Dondozo|65\/100 slp\n|-enditem|p2a: Dondozo|Heavy-Duty Boots|[from] move: Knock Off|[of] p1a: Ogerpon\n|-curestatus|p2a: Dondozo|slp|[msg]\n|move|p2a: Dondozo|Body Press|p1a: Ogerpon\n|-supereffective|p1a: Ogerpon\n|-damage|p1a: Ogerpon|0 fnt\n|faint|p1a: Ogerpon\n|\n|upkeep\n|\n|t:|1700116092\n|switch|p1a: Kingambit|Kingambit, M|19\/100\n|-activate|p1a: Kingambit|ability: Supreme Overlord\n|-start|p1a: Kingambit|fallen2|[silent]\n|turn|37\n|\n|t:|1700116097\n|move|p1a: Kingambit|Sucker Punch|p2a: Dondozo\n|-damage|p2a: Dondozo|45\/100\n|move|p2a: Dondozo|Body Press|p1a: Kingambit\n|-supereffective|p1a: Kingambit\n|-damage|p1a: Kingambit|0 fnt\n|faint|p1a: Kingambit\n|-end|p1a: Kingambit|fallen2|[silent]\n|\n|upkeep\n|\n|t:|1700116101\n|switch|p1a: Rotom|Rotom-Wash|23\/100\n|turn|38\n|\n|t:|1700116105\n|switch|p2a: Blissey|Blissey, F, shiny|92\/100\n|move|p1a: Rotom|Volt Switch|p2a: Blissey\n|-damage|p2a: Blissey|83\/100\n|\n|t:|1700116111\n|switch|p1a: Dragonite|Dragonite, M, tera:Normal|20\/100 tox|[from] Volt Switch\n|\n|-damage|p1a: Dragonite|14\/100 tox|[from] psn\n|upkeep\n|turn|39\n|\n|t:|1700116119\n|switch|p2a: Dondozo|Dondozo, F, tera:Grass|45\/100\n|move|p1a: Dragonite|Dragon Dance|p1a: Dragonite\n|-boost|p1a: Dragonite|atk|1\n|-boost|p1a: Dragonite|spe|1\n|\n|-damage|p1a: Dragonite|1\/100 tox|[from] psn\n|upkeep\n|turn|40\n|\n|t:|1700116127\n|move|p1a: Dragonite|Extreme Speed|p2a: Dondozo\n|-crit|p2a: Dondozo\n|-damage|p2a: Dondozo|11\/100\n|move|p2a: Dondozo|Rest|p2a: Dondozo\n|-status|p2a: Dondozo|slp|[from] move: Rest\n|-heal|p2a: Dondozo|100\/100 slp|[silent]\n|\n|-damage|p1a: Dragonite|0 fnt|[from] psn\n|faint|p1a: Dragonite\n|upkeep\n|-message|Why.burger forfeited.\n|\n|win|bjnkuo\n|raw|Why.burger's rating: 1104 &rarr; <strong>1072<\/strong><br \/>(-32 for losing)\n|raw|bjnkuo's rating: 1000 &rarr; <strong>1052<\/strong><br \/>(+52 for winning)\n|l|\u2606Why.burger\n","uploadtime":1700116139,"views":7,"p1id":"whyburger","p2id":"bjnkuo","formatid":"gen9ou","rating":1052,"private":0,"password":""}