{"id":"gen9ou-1994884881","p1":"Chaitanya15","p2":"MonoEv","format":"[Gen 9] OU","log":"|j|\u2606Chaitanya15\n|j|\u2606MonoEv\n|t:|1700501602\n|gametype|singles\n|player|p1|Chaitanya15|170|1348\n|player|p2|MonoEv|veteran|1324\n|teamsize|p1|6\n|teamsize|p2|6\n|gen|9\n|tier|[Gen 9] OU\n|rated|\n|rule|Sleep Clause Mod: Limit one foe put to sleep\n|rule|Species Clause: Limit one of each Pok\u00e9mon\n|rule|OHKO Clause: OHKO moves are banned\n|rule|Evasion Items Clause: Evasion items are banned\n|rule|Evasion Moves Clause: Evasion moves are banned\n|rule|Endless Battle Clause: Forcing endless battles is banned\n|rule|HP Percentage Mod: HP is shown in percentages\n|clearpoke\n|poke|p1|Dragonite, F|\n|poke|p1|Hatterene, F|\n|poke|p1|Greninja-*, M|\n|poke|p1|Rillaboom, F|\n|poke|p1|Iron Moth|\n|poke|p1|Iron Valiant|\n|poke|p2|Indeedee-F, F|\n|poke|p2|Hatterene, F|\n|poke|p2|Polteageist|\n|poke|p2|Torkoal, M|\n|poke|p2|Armarouge, F|\n|poke|p2|Torterra, F|\n|teampreview\n|inactive|Battle timer is ON: inactive players will automatically lose when time's up. (requested by MonoEv)\n|\n|t:|1700501624\n|start\n|switch|p1a: Rillaboom|Rillaboom, F|100\/100\n|switch|p2a: Indeedee|Indeedee-F, F|100\/100\n|-fieldstart|move: Grassy Terrain|[from] ability: Grassy Surge|[of] p1a: Rillaboom\n|-enditem|p1a: Rillaboom|Grassy Seed\n|-boost|p1a: Rillaboom|def|1|[from] item: Grassy Seed\n|-fieldstart|move: Psychic Terrain|[from] ability: Psychic Surge|[of] p2a: Indeedee\n|turn|1\n|\n|t:|1700501634\n|switch|p2a: Hatterene|Hatterene, F, shiny|100\/100\n|move|p1a: Rillaboom|Fake Out|p2a: Hatterene\n|-activate|p2a: Hatterene|move: Psychic Terrain\n|\n|upkeep\n|turn|2\n|\n|t:|1700501641\n|move|p1a: Rillaboom|Knock Off|p2a: Hatterene\n|-damage|p2a: Hatterene|61\/100\n|-enditem|p2a: Hatterene|Eject Button|[from] move: Knock Off|[of] p1a: Rillaboom\n|move|p2a: Hatterene|Psychic|p1a: Rillaboom\n|-damage|p1a: Rillaboom|3\/100\n|\n|upkeep\n|turn|3\n|\n|t:|1700501651\n|move|p1a: Rillaboom|Acrobatics|p2a: Hatterene\n|-damage|p2a: Hatterene|23\/100\n|move|p2a: Hatterene|Psychic|p1a: Rillaboom\n|-damage|p1a: Rillaboom|0 fnt\n|faint|p1a: Rillaboom\n|\n|upkeep\n|\n|t:|1700501670\n|switch|p1a: Greninja|Greninja, M|100\/100\n|turn|4\n|\n|t:|1700501674\n|move|p1a: Greninja|Dark Pulse|p2a: Hatterene\n|-damage|p2a: Hatterene|0 fnt\n|faint|p2a: Hatterene\n|-ability|p1a: Greninja|Battle Bond|boost\n|-boost|p1a: Greninja|atk|1\n|-boost|p1a: Greninja|spa|1\n|-boost|p1a: Greninja|spe|1\n|-activate|p1a: Greninja|ability: Battle Bond\n|\n|upkeep\n|\n|t:|1700501692\n|switch|p2a: Armarouge|Armarouge, F, shiny|100\/100\n|turn|5\n|\n|t:|1700501695\n|move|p1a: Greninja|Dark Pulse|p2a: Armarouge\n|-supereffective|p2a: Armarouge\n|-enditem|p2a: Armarouge|Focus Sash\n|-damage|p2a: Armarouge|1\/100\n|cant|p2a: Armarouge|flinch\n|\n|upkeep\n|turn|6\n|\n|t:|1700501702\n|move|p1a: Greninja|Dark Pulse|p2a: Armarouge\n|-supereffective|p2a: Armarouge\n|-crit|p2a: Armarouge\n|-damage|p2a: Armarouge|0 fnt\n|faint|p2a: Armarouge\n|\n|upkeep\n|c|\u2606MonoEv|damn that may be it\n|\n|t:|1700501710\n|switch|p2a: Torkoal|Torkoal, M|100\/100\n|turn|7\n|\n|t:|1700501713\n|move|p1a: Greninja|Dark Pulse|p2a: Torkoal\n|-damage|p2a: Torkoal|0 fnt\n|faint|p2a: Torkoal\n|\n|upkeep\n|\n|t:|1700501726\n|switch|p2a: Indeedee|Indeedee-F, F|100\/100\n|turn|8\n|c|\u2606Chaitanya15|what was armarouge gonna use?\n|\n|t:|1700501740\n|move|p1a: Greninja|Dark Pulse|p2a: Indeedee\n|-supereffective|p2a: Indeedee\n|-damage|p2a: Indeedee|0 fnt\n|faint|p2a: Indeedee\n|\n|-fieldend|move: Psychic Terrain\n|upkeep\n|c|\u2606MonoEv|aura spher\n|c|\u2606MonoEv|sphere\n|c|\u2606Chaitanya15|oh\n|c|\u2606MonoEv|still man, rng is the name of the game\n|c|\u2606MonoEv|wp\n|\n|t:|1700501767\n|switch|p2a: Torterra|Torterra, F, shiny|100\/100\n|turn|9\n|c|\u2606Chaitanya15|but still that wouldnt ko\n|c|\u2606Chaitanya15|thanks\n|\n|t:|1700501777\n|-terastallize|p2a: Torterra|Rock\n|move|p1a: Greninja|Dark Pulse|p2a: Torterra\n|-damage|p2a: Torterra|11\/100\n|move|p2a: Torterra|Shell Smash|p2a: Torterra\n|-unboost|p2a: Torterra|def|1\n|-unboost|p2a: Torterra|spd|1\n|-boost|p2a: Torterra|atk|2\n|-boost|p2a: Torterra|spa|2\n|-boost|p2a: Torterra|spe|2\n|\n|upkeep\n|turn|10\n|c|\u2606MonoEv|maybe not i didnt know\n|\n|t:|1700501786\n|move|p1a: Greninja|Dark Pulse|p2a: Torterra\n|-damage|p2a: Torterra|0 fnt\n|faint|p2a: Torterra\n|\n|upkeep\n|c|\u2606MonoEv|ggs\n|-message|MonoEv forfeited.\n|\n|win|Chaitanya15\n|raw|Chaitanya15's rating: 1348 &rarr; <strong>1367<\/strong><br \/>(+19 for winning)\n|raw|MonoEv's rating: 1324 &rarr; <strong>1305<\/strong><br \/>(-19 for losing)\n|l|\u2606MonoEv\n","uploadtime":1700501809,"views":8,"p1id":"chaitanya15","p2id":"monoev","formatid":"gen9ou","rating":1305,"private":0,"password":""}