{"id":"gen9ou-1991750940","p1":"ScareWolf","p2":"wyverbal","format":"[Gen 9] OU","log":"|j|\u2606ScareWolf\n|j|\u2606wyverbal\n|t:|1700110983\n|gametype|singles\n|player|p1|ScareWolf|swimmer-gen4|1134\n|player|p2|wyverbal|169|1061\n|teamsize|p1|6\n|teamsize|p2|6\n|gen|9\n|tier|[Gen 9] OU\n|rated|\n|rule|Sleep Clause Mod: Limit one foe put to sleep\n|rule|Species Clause: Limit one of each Pok\u00e9mon\n|rule|OHKO Clause: OHKO moves are banned\n|rule|Evasion Items Clause: Evasion items are banned\n|rule|Evasion Moves Clause: Evasion moves are banned\n|rule|Endless Battle Clause: Forcing endless battles is banned\n|rule|HP Percentage Mod: HP is shown in percentages\n|clearpoke\n|poke|p1|Kingambit, M|\n|poke|p1|Munkidori, M|\n|poke|p1|Greninja-*, M|\n|poke|p1|Kilowattrel, F|\n|poke|p1|Sandaconda, M|\n|poke|p1|Dondozo, M|\n|poke|p2|Armarouge, F|\n|poke|p2|Revavroom, M|\n|poke|p2|Veluza, M|\n|poke|p2|Chesnaught, M|\n|poke|p2|Braviary-Hisui, M|\n|poke|p2|Empoleon, F|\n|teampreview\n|inactive|Battle timer is ON: inactive players will automatically lose when time's up. (requested by wyverbal)\n|\n|t:|1700111013\n|start\n|switch|p1a: Sandaconda|Sandaconda, M|100\/100\n|switch|p2a: Armarouge|Armarouge, F, shiny|100\/100\n|turn|1\n|\n|t:|1700111022\n|move|p2a: Armarouge|Armor Cannon|p1a: Sandaconda\n|-damage|p1a: Sandaconda|12\/100\n|-unboost|p2a: Armarouge|def|1\n|-unboost|p2a: Armarouge|spd|1\n|move|p1a: Sandaconda|Glare|p2a: Armarouge\n|-status|p2a: Armarouge|par\n|\n|upkeep\n|turn|2\n|\n|t:|1700111038\n|switch|p2a: Veluza|Veluza, M, shiny|100\/100\n|-ability|p2a: Veluza|Mold Breaker\n|move|p1a: Sandaconda|Stealth Rock|p2a: Veluza\n|-sidestart|p2: wyverbal|move: Stealth Rock\n|\n|upkeep\n|turn|3\n|\n|t:|1700111046\n|move|p2a: Veluza|Flip Turn|p1a: Sandaconda\n|-supereffective|p1a: Sandaconda\n|-damage|p1a: Sandaconda|0 fnt\n|-damage|p2a: Veluza|84\/100|[from] item: Rocky Helmet|[of] p1a: Sandaconda\n|faint|p1a: Sandaconda\n|\n|t:|1700111053\n|switch|p2a: Braviary|Braviary-Hisui, M, shiny|100\/100|[from] Flip Turn\n|\n|upkeep\n|\n|t:|1700111065\n|switch|p1a: Dondozo|Dondozo, M|100\/100\n|turn|4\n|\n|t:|1700111070\n|move|p2a: Braviary|Esper Wing|p1a: Dondozo\n|-damage|p1a: Dondozo|72\/100\n|-boost|p2a: Braviary|spe|1\n|move|p1a: Dondozo|Liquidation|p2a: Braviary\n|-damage|p2a: Braviary|71\/100\n|\n|-heal|p1a: Dondozo|78\/100|[from] item: Leftovers\n|upkeep\n|turn|5\n|\n|t:|1700111077\n|move|p2a: Braviary|Defog|p1a: Dondozo\n|-unboost|p1a: Dondozo|evasion|1\n|-sideend|p2: wyverbal|Stealth Rock|[from] move: Defog|[of] p2a: Braviary\n|move|p1a: Dondozo|Liquidation|p2a: Braviary\n|-damage|p2a: Braviary|41\/100\n|\n|-heal|p1a: Dondozo|84\/100|[from] item: Leftovers\n|upkeep\n|turn|6\n|\n|t:|1700111093\n|switch|p1a: Kingambit|Kingambit, M|100\/100\n|-activate|p1a: Kingambit|ability: Supreme Overlord\n|-start|p1a: Kingambit|fallen1|[silent]\n|move|p2a: Braviary|Roost|p2a: Braviary\n|-heal|p2a: Braviary|92\/100\n|-singleturn|p2a: Braviary|move: Roost\n|\n|upkeep\n|turn|7\n|\n|t:|1700111106\n|move|p2a: Braviary|Heat Wave|p1a: Kingambit\n|-supereffective|p1a: Kingambit\n|-damage|p1a: Kingambit|33\/100\n|move|p1a: Kingambit|Kowtow Cleave|p2a: Braviary\n|-supereffective|p2a: Braviary\n|-damage|p2a: Braviary|0 fnt\n|faint|p2a: Braviary\n|\n|upkeep\n|\n|t:|1700111114\n|switch|p2a: Chesnaught|Chesnaught, M, shiny|100\/100\n|turn|8\n|\n|t:|1700111118\n|move|p2a: Chesnaught|Iron Defense|p2a: Chesnaught\n|-boost|p2a: Chesnaught|def|2\n|move|p1a: Kingambit|Iron Head|p2a: Chesnaught\n|-damage|p2a: Chesnaught|82\/100\n|\n|-heal|p2a: Chesnaught|88\/100|[from] item: Leftovers\n|upkeep\n|turn|9\n|\n|t:|1700111126\n|-end|p1a: Kingambit|fallen1|[silent]\n|switch|p1a: Kilowattrel|Kilowattrel, F, shiny|100\/100\n|move|p2a: Chesnaught|Leech Seed|p1a: Kilowattrel\n|-start|p1a: Kilowattrel|move: Leech Seed\n|\n|-heal|p2a: Chesnaught|94\/100|[from] item: Leftovers\n|-damage|p1a: Kilowattrel|88\/100|[from] Leech Seed|[of] p2a: Chesnaught\n|-heal|p2a: Chesnaught|100\/100|[silent]\n|upkeep\n|turn|10\n|\n|t:|1700111133\n|move|p2a: Chesnaught|Spiky Shield|p2a: Chesnaught\n|-singleturn|p2a: Chesnaught|move: Protect\n|move|p1a: Kilowattrel|Volt Switch|p2a: Chesnaught\n|-activate|p2a: Chesnaught|move: Protect\n|\n|-damage|p1a: Kilowattrel|76\/100|[from] Leech Seed|[of] p2a: Chesnaught\n|upkeep\n|turn|11\n|\n|t:|1700111142\n|move|p2a: Chesnaught|Spiky Shield||[still]\n|-fail|p2a: Chesnaught\n|move|p1a: Kilowattrel|Hurricane|p2a: Chesnaught|[miss]\n|-miss|p1a: Kilowattrel|p2a: Chesnaught\n|\n|-damage|p1a: Kilowattrel|63\/100|[from] Leech Seed|[of] p2a: Chesnaught\n|upkeep\n|turn|12\n|\n|t:|1700111149\n|move|p2a: Chesnaught|Spiky Shield|p2a: Chesnaught\n|-singleturn|p2a: Chesnaught|move: Protect\n|move|p1a: Kilowattrel|Roost|p1a: Kilowattrel\n|-heal|p1a: Kilowattrel|100\/100\n|-singleturn|p1a: Kilowattrel|move: Roost\n|\n|-damage|p1a: Kilowattrel|88\/100|[from] Leech Seed|[of] p2a: Chesnaught\n|upkeep\n|turn|13\n|\n|t:|1700111158\n|-terastallize|p2a: Chesnaught|Water\n|move|p1a: Kilowattrel|Hurricane|p2a: Chesnaught\n|-damage|p2a: Chesnaught|63\/100\n|move|p2a: Chesnaught|Iron Defense|p2a: Chesnaught\n|-boost|p2a: Chesnaught|def|2\n|\n|-heal|p2a: Chesnaught|69\/100|[from] item: Leftovers\n|-damage|p1a: Kilowattrel|76\/100|[from] Leech Seed|[of] p2a: Chesnaught\n|-heal|p2a: Chesnaught|79\/100|[silent]\n|upkeep\n|turn|14\n|\n|t:|1700111168\n|move|p2a: Chesnaught|Spiky Shield|p2a: Chesnaught\n|-singleturn|p2a: Chesnaught|move: Protect\n|move|p1a: Kilowattrel|Thunderbolt|p2a: Chesnaught\n|-activate|p2a: Chesnaught|move: Protect\n|\n|-heal|p2a: Chesnaught|85\/100|[from] item: Leftovers\n|-damage|p1a: Kilowattrel|63\/100|[from] Leech Seed|[of] p2a: Chesnaught\n|-heal|p2a: Chesnaught|94\/100|[silent]\n|upkeep\n|turn|15\n|\n|t:|1700111177\n|move|p1a: Kilowattrel|Thunderbolt|p2a: Chesnaught\n|-supereffective|p2a: Chesnaught\n|-crit|p2a: Chesnaught\n|-damage|p2a: Chesnaught|7\/100\n|move|p2a: Chesnaught|Body Press|p1a: Kilowattrel\n|-resisted|p1a: Kilowattrel\n|-damage|p1a: Kilowattrel|0 fnt\n|faint|p1a: Kilowattrel\n|\n|-heal|p2a: Chesnaught|13\/100|[from] item: Leftovers\n|upkeep\n|\n|t:|1700111201\n|switch|p1a: Munkidori|Munkidori, M|100\/100\n|turn|16\n|l|\u2606ScareWolf\n|inactive|ScareWolf disconnected and has a minute to reconnect!\n|player|p1|\n|inactive|wyverbal has 120 seconds left.\n|j|\u2606ScareWolf\n|inactive|ScareWolf reconnected.\n|player|p1|ScareWolf|swimmer-gen4\n|\n|t:|1700111241\n|move|p2a: Chesnaught|Spiky Shield|p2a: Chesnaught\n|-singleturn|p2a: Chesnaught|move: Protect\n|move|p1a: Munkidori|Psychic|p2a: Chesnaught\n|-activate|p2a: Chesnaught|move: Protect\n|\n|-heal|p2a: Chesnaught|19\/100|[from] item: Leftovers\n|upkeep\n|turn|17\n|inactive|wyverbal has 120 seconds left.\n|\n|t:|1700111250\n|switch|p2a: Armarouge|Armarouge, F, shiny|100\/100 par\n|move|p1a: Munkidori|Psychic|p2a: Armarouge\n|-resisted|p2a: Armarouge\n|-damage|p2a: Armarouge|73\/100 par\n|\n|upkeep\n|turn|18\n|\n|t:|1700111259\n|switch|p1a: Greninja|Greninja, M|100\/100\n|move|p2a: Armarouge|Energy Ball|p1a: Greninja\n|-supereffective|p1a: Greninja\n|-damage|p1a: Greninja|0 fnt\n|faint|p1a: Greninja\n|\n|upkeep\n|\n|t:|1700111266\n|switch|p1a: Kingambit|Kingambit, M|33\/100\n|-activate|p1a: Kingambit|ability: Supreme Overlord\n|-start|p1a: Kingambit|fallen3|[silent]\n|turn|19\n|\n|t:|1700111274\n|switch|p2a: Chesnaught|Chesnaught, M, shiny, tera:Water|19\/100\n|move|p1a: Kingambit|Swords Dance|p1a: Kingambit\n|-boost|p1a: Kingambit|atk|2\n|\n|-heal|p2a: Chesnaught|25\/100|[from] item: Leftovers\n|upkeep\n|turn|20\n|\n|t:|1700111287\n|move|p1a: Kingambit|Sucker Punch||[still]\n|-fail|p1a: Kingambit\n|move|p2a: Chesnaught|Leech Seed|p1a: Kingambit\n|-start|p1a: Kingambit|move: Leech Seed\n|\n|-heal|p2a: Chesnaught|31\/100|[from] item: Leftovers\n|-damage|p1a: Kingambit|21\/100|[from] Leech Seed|[of] p2a: Chesnaught\n|-heal|p2a: Chesnaught|44\/100|[silent]\n|upkeep\n|turn|21\n|\n|t:|1700111295\n|-end|p1a: Kingambit|fallen3|[silent]\n|switch|p1a: Munkidori|Munkidori, M|100\/100\n|move|p2a: Chesnaught|Body Press|p1a: Munkidori\n|-resisted|p1a: Munkidori\n|-damage|p1a: Munkidori|88\/100\n|\n|-heal|p2a: Chesnaught|50\/100|[from] item: Leftovers\n|upkeep\n|turn|22\n|\n|t:|1700111305\n|switch|p2a: Veluza|Veluza, M, shiny|84\/100\n|-ability|p2a: Veluza|Mold Breaker\n|move|p1a: Munkidori|Trick|p2a: Veluza\n|-activate|p1a: Munkidori|move: Trick|[of] p2a: Veluza\n|-item|p2a: Veluza|Choice Scarf|[from] move: Trick\n|-item|p1a: Munkidori|Choice Scarf|[from] move: Trick\n|\n|upkeep\n|turn|23\n|\n|t:|1700111317\n|switch|p1a: Dondozo|Dondozo, M|84\/100\n|move|p2a: Veluza|Final Gambit|p1a: Dondozo\n|-damage|p1a: Dondozo|21\/100\n|faint|p2a: Veluza\n|\n|-heal|p1a: Dondozo|27\/100|[from] item: Leftovers\n|upkeep\n|\n|t:|1700111340\n|switch|p2a: Armarouge|Armarouge, F, shiny|73\/100 par\n|turn|24\n|\n|t:|1700111346\n|move|p1a: Dondozo|Liquidation|p2a: Armarouge\n|-supereffective|p2a: Armarouge\n|-damage|p2a: Armarouge|21\/100 par\n|move|p2a: Armarouge|Energy Ball|p1a: Dondozo\n|-supereffective|p1a: Dondozo\n|-damage|p1a: Dondozo|0 fnt\n|faint|p1a: Dondozo\n|\n|upkeep\n|\n|t:|1700111351\n|switch|p1a: Kingambit|Kingambit, M|21\/100\n|-activate|p1a: Kingambit|ability: Supreme Overlord\n|-start|p1a: Kingambit|fallen4|[silent]\n|turn|25\n|\n|t:|1700111358\n|move|p1a: Kingambit|Kowtow Cleave|p2a: Armarouge\n|-supereffective|p2a: Armarouge\n|-damage|p2a: Armarouge|0 fnt\n|faint|p2a: Armarouge\n|\n|upkeep\n|\n|t:|1700111368\n|switch|p2a: Revavroom|Revavroom, M, shiny|100\/100\n|-item|p2a: Revavroom|Air Balloon\n|turn|26\n|\n|t:|1700111373\n|move|p2a: Revavroom|High Horsepower|p1a: Kingambit\n|-supereffective|p1a: Kingambit\n|-damage|p1a: Kingambit|0 fnt\n|faint|p1a: Kingambit\n|-end|p1a: Kingambit|fallen4|[silent]\n|\n|upkeep\n|\n|t:|1700111376\n|switch|p1a: Munkidori|Munkidori, M|88\/100\n|turn|27\n|\n|t:|1700111386\n|move|p1a: Munkidori|Focus Blast|p2a: Revavroom\n|-damage|p2a: Revavroom|36\/100\n|-enditem|p2a: Revavroom|Air Balloon\n|move|p2a: Revavroom|Shift Gear|p2a: Revavroom\n|-boost|p2a: Revavroom|spe|2\n|-boost|p2a: Revavroom|atk|1\n|\n|upkeep\n|turn|28\n|\n|t:|1700111394\n|-terastallize|p1a: Munkidori|Poison\n|move|p2a: Revavroom|Iron Head|p1a: Munkidori\n|-damage|p1a: Munkidori|0 fnt\n|faint|p1a: Munkidori\n|\n|win|wyverbal\n|raw|ScareWolf's rating: 1134 &rarr; <strong>1104<\/strong><br \/>(-30 for losing)\n|raw|wyverbal's rating: 1061 &rarr; <strong>1098<\/strong><br \/>(+37 for winning)\n|l|\u2606ScareWolf\n","uploadtime":1700111401,"views":7,"p1id":"scarewolf","p2id":"wyverbal","formatid":"gen9ou","rating":1098,"private":0,"password":""}