{"id":"gen9ou-1995142939","p1":"Jackie_Shenlong","p2":"Mookiejam","format":"[Gen 9] OU","log":"|j|\u2606Jackie_Shenlong\n|j|\u2606Mookiejam\n|t:|1700527359\n|gametype|singles\n|player|p1|Jackie_Shenlong|benga|1099\n|player|p2|Mookiejam|lance|1034\n|teamsize|p1|6\n|teamsize|p2|6\n|gen|9\n|tier|[Gen 9] OU\n|rated|\n|rule|Sleep Clause Mod: Limit one foe put to sleep\n|rule|Species Clause: Limit one of each Pok\u00e9mon\n|rule|OHKO Clause: OHKO moves are banned\n|rule|Evasion Items Clause: Evasion items are banned\n|rule|Evasion Moves Clause: Evasion moves are banned\n|rule|Endless Battle Clause: Forcing endless battles is banned\n|rule|HP Percentage Mod: HP is shown in percentages\n|clearpoke\n|poke|p1|Maushold|\n|poke|p1|Garganacl, F|\n|poke|p1|Hatterene, F|\n|poke|p1|Clodsire, F|\n|poke|p1|Corviknight, F|\n|poke|p1|Skeledirge, F|\n|poke|p2|Cinderace, F|\n|poke|p2|Samurott-Hisui, M|\n|poke|p2|Toxapex, M|\n|poke|p2|Dragonite, F|\n|poke|p2|Zapdos|\n|poke|p2|Torterra, F|\n|teampreview\n|inactive|Battle timer is ON: inactive players will automatically lose when time's up. (requested by Jackie_Shenlong)\n|\n|t:|1700527382\n|start\n|switch|p1a: Maushold|Maushold|100\/100\n|switch|p2a: Samurott|Samurott-Hisui, M, shiny|100\/100\n|turn|1\n|\n|t:|1700527402\n|move|p1a: Maushold|Population Bomb|p2a: Samurott\n|-damage|p2a: Samurott|86\/100\n|-damage|p2a: Samurott|72\/100\n|-damage|p2a: Samurott|58\/100\n|-crit|p2a: Samurott\n|-damage|p2a: Samurott|36\/100\n|-damage|p2a: Samurott|20\/100\n|-damage|p2a: Samurott|6\/100\n|-damage|p2a: Samurott|0 fnt\n|faint|p2a: Samurott\n|-hitcount|p2: Samurott|7\n|\n|upkeep\n|\n|t:|1700527415\n|switch|p2a: Toxapex|Toxapex, M|100\/100\n|turn|2\n|\n|t:|1700527420\n|move|p1a: Maushold|Tidy Up|p1a: Maushold\n|-boost|p1a: Maushold|atk|1\n|-boost|p1a: Maushold|spe|1\n|move|p2a: Toxapex|Toxic|p1a: Maushold\n|-status|p1a: Maushold|tox\n|\n|-damage|p1a: Maushold|94\/100 tox|[from] psn\n|upkeep\n|turn|3\n|\n|t:|1700527431\n|move|p1a: Maushold|Population Bomb|p2a: Toxapex\n|-crit|p2a: Toxapex\n|-damage|p2a: Toxapex|84\/100\n|-damage|p2a: Toxapex|74\/100\n|-damage|p2a: Toxapex|63\/100\n|-damage|p2a: Toxapex|52\/100\n|-damage|p2a: Toxapex|41\/100\n|-damage|p2a: Toxapex|29\/100\n|-damage|p2a: Toxapex|17\/100\n|-damage|p2a: Toxapex|6\/100\n|-damage|p2a: Toxapex|0 fnt\n|faint|p2a: Toxapex\n|-hitcount|p2: Toxapex|9\n|\n|-damage|p1a: Maushold|82\/100 tox|[from] psn\n|upkeep\n|\n|t:|1700527453\n|switch|p2a: Cinderace|Cinderace, F|100\/100\n|turn|4\n|\n|t:|1700527460\n|move|p1a: Maushold|Population Bomb|p2a: Cinderace\n|-damage|p2a: Cinderace|76\/100\n|-damage|p2a: Cinderace|54\/100\n|-damage|p2a: Cinderace|33\/100\n|-damage|p2a: Cinderace|9\/100\n|-damage|p2a: Cinderace|0 fnt\n|faint|p2a: Cinderace\n|-hitcount|p2: Cinderace|5\n|\n|-damage|p1a: Maushold|63\/100 tox|[from] psn\n|upkeep\n|\n|t:|1700527475\n|switch|p2a: Torterra|Torterra, F|100\/100\n|turn|5\n|\n|t:|1700527480\n|move|p1a: Maushold|Population Bomb|p2a: Torterra\n|-damage|p2a: Torterra|88\/100\n|-damage|p2a: Torterra|75\/100\n|-damage|p2a: Torterra|61\/100\n|-damage|p2a: Torterra|47\/100\n|-damage|p2a: Torterra|34\/100\n|-damage|p2a: Torterra|22\/100\n|-damage|p2a: Torterra|9\/100\n|-damage|p2a: Torterra|0 fnt\n|faint|p2a: Torterra\n|-hitcount|p2: Torterra|8\n|\n|-damage|p1a: Maushold|38\/100 tox|[from] psn\n|upkeep\n|inactive|Mookiejam has 120 seconds left.\n|\n|t:|1700527498\n|switch|p2a: Dragonite|Dragonite, F, shiny|100\/100\n|turn|6\n|\n|t:|1700527505\n|-terastallize|p2a: Dragonite|Normal\n|move|p1a: Maushold|Population Bomb|p2a: Dragonite\n|-damage|p2a: Dragonite|91\/100\n|-damage|p2a: Dragonite|74\/100\n|-damage|p2a: Dragonite|55\/100\n|-damage|p2a: Dragonite|36\/100\n|-damage|p2a: Dragonite|17\/100\n|-damage|p2a: Dragonite|0 fnt\n|faint|p2a: Dragonite\n|-hitcount|p2: Dragonite|6\n|\n|-damage|p1a: Maushold|7\/100 tox|[from] psn\n|upkeep\n|inactive|Mookiejam has 120 seconds left.\n|\n|t:|1700527520\n|switch|p2a: Zapdos|Zapdos|100\/100\n|turn|7\n|\n|t:|1700527525\n|move|p1a: Maushold|Population Bomb|p2a: Zapdos\n|-damage|p2a: Zapdos|82\/100\n|-damage|p2a: Zapdos|62\/100\n|-crit|p2a: Zapdos\n|-damage|p2a: Zapdos|35\/100\n|-damage|p2a: Zapdos|15\/100\n|-damage|p2a: Zapdos|0 fnt\n|faint|p2a: Zapdos\n|-hitcount|p2: Zapdos|5\n|\n|win|Jackie_Shenlong\n|raw|Jackie_Shenlong's rating: 1099 &rarr; <strong>1119<\/strong><br \/>(+20 for winning)\n|raw|Mookiejam's rating: 1034 &rarr; <strong>1022<\/strong><br \/>(-12 for losing)\n|l|\u2606Mookiejam\n","uploadtime":1700527553,"views":15,"p1id":"jackieshenlong","p2id":"mookiejam","formatid":"gen9ou","rating":1022,"private":0,"password":""}