{"id":"gen9ou-1988900301","p1":"Mukyaup","p2":"papapanoel","format":"[Gen 9] OU","log":"|j|\u2606Mukyaup\n|j|\u2606papapanoel\n|t:|1699784031\n|gametype|singles\n|player|p1|Mukyaup|koga|1302\n|player|p2|papapanoel|1|1266\n|teamsize|p1|6\n|teamsize|p2|6\n|gen|9\n|tier|[Gen 9] OU\n|rated|\n|rule|Sleep Clause Mod: Limit one foe put to sleep\n|rule|Species Clause: Limit one of each Pok\u00e9mon\n|rule|OHKO Clause: OHKO moves are banned\n|rule|Evasion Items Clause: Evasion items are banned\n|rule|Evasion Moves Clause: Evasion moves are banned\n|rule|Endless Battle Clause: Forcing endless battles is banned\n|rule|HP Percentage Mod: HP is shown in percentages\n|clearpoke\n|poke|p1|Maushold-Four|\n|poke|p1|Weezing-Galar, M|\n|poke|p1|Dragonite, F|\n|poke|p1|Walking Wake|\n|poke|p1|Muk-Alola, F|\n|poke|p1|Great Tusk|\n|poke|p2|Cresselia, F|\n|poke|p2|Kingambit, F|\n|poke|p2|Ursaluna, M|\n|poke|p2|Hatterene, F|\n|poke|p2|Breloom, F|\n|poke|p2|Dragonite, F|\n|teampreview\n|\n|t:|1699784063\n|start\n|switch|p1a: Mr.TopHats|Weezing-Galar, M, shiny|100\/100\n|switch|p2a: Cresselia|Cresselia, F|100\/100\n|turn|1\n|inactive|Battle timer is ON: inactive players will automatically lose when time's up. (requested by Mukyaup)\n|\n|t:|1699784083\n|switch|p2a: Ursaluna|Ursaluna, M|100\/100\n|move|p1a: Mr.TopHats|Shadow Ball|p2a: Ursaluna\n|-immune|p2a: Ursaluna\n|\n|-status|p2a: Ursaluna|brn|[from] item: Flame Orb\n|upkeep\n|turn|2\n|\n|t:|1699784096\n|switch|p1a: Beyblade|Great Tusk|100\/100\n|move|p2a: Ursaluna|Facade|p1a: Beyblade\n|-damage|p1a: Beyblade|45\/100\n|-damage|p2a: Ursaluna|84\/100 brn|[from] item: Rocky Helmet|[of] p1a: Beyblade\n|\n|-damage|p2a: Ursaluna|78\/100 brn|[from] brn\n|upkeep\n|turn|3\n|\n|t:|1699784107\n|switch|p2a: Cresselia|Cresselia, F|100\/100\n|move|p1a: Beyblade|Stealth Rock|p2a: Cresselia\n|-sidestart|p2: papapanoel|move: Stealth Rock\n|\n|upkeep\n|turn|4\n|\n|t:|1699784118\n|-end|p1a: Beyblade|Protosynthesis|[silent]\n|switch|p1a: Pride \ud83c\udf08|Muk-Alola, F|100\/100\n|move|p2a: Cresselia|Moonblast|p1a: Pride \ud83c\udf08\n|-damage|p1a: Pride \ud83c\udf08|90\/100\n|-unboost|p1a: Pride \ud83c\udf08|spa|1\n|\n|-heal|p1a: Pride \ud83c\udf08|96\/100|[from] item: Black Sludge\n|upkeep\n|turn|5\n|\n|t:|1699784130\n|switch|p1a: Beyblade|Great Tusk|45\/100\n|move|p2a: Cresselia|Trick Room|p2a: Cresselia\n|-fieldstart|move: Trick Room|[of] p2a: Cresselia\n|\n|upkeep\n|turn|6\n|\n|t:|1699784137\n|switch|p2a: Hatterene|Hatterene, F|100\/100\n|-damage|p2a: Hatterene|88\/100|[from] Stealth Rock\n|-end|p1a: Beyblade|Protosynthesis|[silent]\n|switch|p1a: Pride \ud83c\udf08|Muk-Alola, F|96\/100\n|\n|-heal|p1a: Pride \ud83c\udf08|100\/100|[from] item: Black Sludge\n|upkeep\n|turn|7\n|\n|t:|1699784143\n|move|p2a: Hatterene|Draining Kiss|p1a: Pride \ud83c\udf08\n|-damage|p1a: Pride \ud83c\udf08|82\/100\n|-heal|p2a: Hatterene|100\/100|[from] drain|[of] p1a: Pride \ud83c\udf08\n|move|p1a: Pride \ud83c\udf08|Poison Jab|p2a: Hatterene\n|-supereffective|p2a: Hatterene\n|-damage|p2a: Hatterene|41\/100\n|-status|p2a: Hatterene|psn\n|\n|-heal|p1a: Pride \ud83c\udf08|88\/100|[from] item: Black Sludge\n|-damage|p2a: Hatterene|29\/100 psn|[from] psn\n|upkeep\n|turn|8\n|\n|t:|1699784154\n|move|p2a: Hatterene|Draining Kiss|p1a: Pride \ud83c\udf08\n|-damage|p1a: Pride \ud83c\udf08|70\/100\n|-heal|p2a: Hatterene|47\/100 psn|[from] drain|[of] p1a: Pride \ud83c\udf08\n|move|p1a: Pride \ud83c\udf08|Knock Off|p2a: Hatterene\n|-damage|p2a: Hatterene|11\/100 psn\n|-enditem|p2a: Hatterene|Focus Sash|[from] move: Knock Off|[of] p1a: Pride \ud83c\udf08\n|\n|-heal|p1a: Pride \ud83c\udf08|76\/100|[from] item: Black Sludge\n|-damage|p2a: Hatterene|0 fnt|[from] psn\n|faint|p2a: Hatterene\n|upkeep\n|\n|t:|1699784160\n|switch|p2a: Ursaluna|Ursaluna, M|78\/100 brn\n|-damage|p2a: Ursaluna|72\/100 brn|[from] Stealth Rock\n|turn|9\n|\n|t:|1699784170\n|move|p1a: Pride \ud83c\udf08|Protect|p1a: Pride \ud83c\udf08\n|-singleturn|p1a: Pride \ud83c\udf08|Protect\n|move|p2a: Ursaluna|Facade|p1a: Pride \ud83c\udf08\n|-activate|p1a: Pride \ud83c\udf08|move: Protect\n|\n|-heal|p1a: Pride \ud83c\udf08|82\/100|[from] item: Black Sludge\n|-damage|p2a: Ursaluna|66\/100 brn|[from] brn\n|-fieldend|move: Trick Room\n|upkeep\n|turn|10\n|\n|t:|1699784178\n|switch|p1a: Beyblade|Great Tusk|45\/100\n|move|p2a: Ursaluna|Facade|p1a: Beyblade\n|-damage|p1a: Beyblade|0 fnt\n|-damage|p2a: Ursaluna|49\/100 brn|[from] item: Rocky Helmet|[of] p1a: Beyblade\n|faint|p1a: Beyblade\n|-end|p1a: Beyblade|Protosynthesis|[silent]\n|\n|-damage|p2a: Ursaluna|43\/100 brn|[from] brn\n|upkeep\n|\n|t:|1699784189\n|switch|p1a: Barney|Dragonite, F, shiny|100\/100\n|turn|11\n|\n|t:|1699784196\n|switch|p2a: Breloom|Breloom, F|100\/100\n|-damage|p2a: Breloom|94\/100|[from] Stealth Rock\n|-terastallize|p1a: Barney|Normal\n|move|p1a: Barney|Extreme Speed|p2a: Breloom\n|-damage|p2a: Breloom|6\/100\n|\n|upkeep\n|turn|12\n|\n|t:|1699784205\n|move|p1a: Barney|Extreme Speed|p2a: Breloom\n|-damage|p2a: Breloom|0 fnt\n|faint|p2a: Breloom\n|\n|upkeep\n|\n|t:|1699784212\n|switch|p2a: Dragonite|Dragonite, F|100\/100\n|turn|13\n|\n|t:|1699784225\n|move|p2a: Dragonite|Extreme Speed|p1a: Barney\n|-damage|p1a: Barney|85\/100\n|move|p1a: Barney|Extreme Speed|p2a: Dragonite\n|-damage|p2a: Dragonite|61\/100\n|\n|upkeep\n|turn|14\n|\n|t:|1699784233\n|move|p2a: Dragonite|Extreme Speed|p1a: Barney\n|-damage|p1a: Barney|52\/100\n|move|p1a: Barney|Extreme Speed|p2a: Dragonite\n|-damage|p2a: Dragonite|0 fnt\n|faint|p2a: Dragonite\n|\n|upkeep\n|\n|t:|1699784247\n|switch|p2a: Kingambit|Kingambit, F|100\/100\n|-damage|p2a: Kingambit|94\/100|[from] Stealth Rock\n|-activate|p2a: Kingambit|ability: Supreme Overlord\n|-start|p2a: Kingambit|fallen3|[silent]\n|turn|15\n|\n|t:|1699784254\n|move|p1a: Barney|Extreme Speed|p2a: Kingambit\n|-resisted|p2a: Kingambit\n|-damage|p2a: Kingambit|69\/100\n|move|p2a: Kingambit|Iron Head|p1a: Barney\n|-damage|p1a: Barney|0 fnt\n|faint|p1a: Barney\n|\n|upkeep\n|\n|t:|1699784265\n|switch|p1a: Pride \ud83c\udf08|Muk-Alola, F|82\/100\n|turn|16\n|\n|t:|1699784275\n|-end|p2a: Kingambit|fallen3|[silent]\n|switch|p2a: Cresselia|Cresselia, F|100\/100\n|-damage|p2a: Cresselia|88\/100|[from] Stealth Rock\n|move|p1a: Pride \ud83c\udf08|Drain Punch|p2a: Cresselia\n|-resisted|p2a: Cresselia\n|-damage|p2a: Cresselia|82\/100\n|-heal|p1a: Pride \ud83c\udf08|85\/100|[from] drain|[of] p2a: Cresselia\n|\n|-heal|p1a: Pride \ud83c\udf08|92\/100|[from] item: Black Sludge\n|upkeep\n|turn|17\n|\n|t:|1699784279\n|move|p1a: Pride \ud83c\udf08|Knock Off|p2a: Cresselia\n|-supereffective|p2a: Cresselia\n|-damage|p2a: Cresselia|33\/100\n|-enditem|p2a: Cresselia|Mental Herb|[from] move: Knock Off|[of] p1a: Pride \ud83c\udf08\n|move|p2a: Cresselia|Trick Room|p2a: Cresselia\n|-fieldstart|move: Trick Room|[of] p2a: Cresselia\n|\n|-heal|p1a: Pride \ud83c\udf08|98\/100|[from] item: Black Sludge\n|upkeep\n|turn|18\n|\n|t:|1699784288\n|move|p1a: Pride \ud83c\udf08|Drain Punch|p2a: Cresselia\n|-resisted|p2a: Cresselia\n|-damage|p2a: Cresselia|26\/100\n|-heal|p1a: Pride \ud83c\udf08|100\/100|[from] drain|[of] p2a: Cresselia\n|move|p2a: Cresselia|Lunar Dance|p2a: Cresselia\n|faint|p2a: Cresselia\n|\n|upkeep\n|\n|t:|1699784290\n|switch|p2a: Ursaluna|Ursaluna, M|43\/100 brn\n|-heal|p2a: Ursaluna|100\/100|[from] move: Lunar Dance\n|-damage|p2a: Ursaluna|94\/100|[from] Stealth Rock\n|turn|19\n|\n|t:|1699784300\n|move|p2a: Ursaluna|Swords Dance|p2a: Ursaluna\n|-boost|p2a: Ursaluna|atk|2\n|move|p1a: Pride \ud83c\udf08|Knock Off|p2a: Ursaluna\n|-damage|p2a: Ursaluna|71\/100\n|-enditem|p2a: Ursaluna|Flame Orb|[from] move: Knock Off|[of] p1a: Pride \ud83c\udf08\n|\n|upkeep\n|turn|20\n|\n|t:|1699784306\n|move|p1a: Pride \ud83c\udf08|Protect|p1a: Pride \ud83c\udf08\n|-singleturn|p1a: Pride \ud83c\udf08|Protect\n|move|p2a: Ursaluna|Swords Dance|p2a: Ursaluna\n|-boost|p2a: Ursaluna|atk|2\n|\n|upkeep\n|turn|21\n|\n|t:|1699784314\n|switch|p1a: Mr.TopHats|Weezing-Galar, M, shiny|100\/100\n|move|p2a: Ursaluna|Facade|p1a: Mr.TopHats\n|-damage|p1a: Mr.TopHats|0 fnt\n|faint|p1a: Mr.TopHats\n|\n|-fieldend|move: Trick Room\n|upkeep\n|\n|t:|1699784320\n|switch|p1a: WalkingMid|Walking Wake|100\/100\n|turn|22\n|\n|t:|1699784326\n|-terastallize|p2a: Ursaluna|Normal\n|move|p1a: WalkingMid|Hydro Steam|p2a: Ursaluna\n|-damage|p2a: Ursaluna|38\/100\n|move|p2a: Ursaluna|Facade|p1a: WalkingMid\n|-damage|p1a: WalkingMid|0 fnt\n|faint|p1a: WalkingMid\n|-end|p1a: WalkingMid|Protosynthesis|[silent]\n|\n|upkeep\n|\n|t:|1699784331\n|switch|p1a: ChinaAttacks|Maushold-Four|100\/100\n|turn|23\n|\n|t:|1699784344\n|move|p1a: ChinaAttacks|Population Bomb|p2a: Ursaluna\n|-damage|p2a: Ursaluna|30\/100\n|-damage|p2a: Ursaluna|22\/100\n|-damage|p2a: Ursaluna|14\/100\n|-damage|p2a: Ursaluna|6\/100\n|-crit|p2a: Ursaluna\n|-damage|p2a: Ursaluna|0 fnt\n|faint|p2a: Ursaluna\n|-hitcount|p2: Ursaluna|5\n|\n|upkeep\n|\n|t:|1699784351\n|switch|p2a: Kingambit|Kingambit, F|69\/100\n|-damage|p2a: Kingambit|63\/100|[from] Stealth Rock\n|-activate|p2a: Kingambit|ability: Supreme Overlord\n|-start|p2a: Kingambit|fallen5|[silent]\n|turn|24\n|\n|t:|1699784361\n|switch|p1a: Pride \ud83c\udf08|Muk-Alola, F|100\/100\n|move|p2a: Kingambit|Swords Dance|p2a: Kingambit\n|-boost|p2a: Kingambit|atk|2\n|\n|upkeep\n|turn|25\n|\n|t:|1699784370\n|move|p2a: Kingambit|Sucker Punch|p1a: Pride \ud83c\udf08\n|-resisted|p1a: Pride \ud83c\udf08\n|-damage|p1a: Pride \ud83c\udf08|26\/100\n|move|p1a: Pride \ud83c\udf08|Drain Punch|p2a: Kingambit\n|-supereffective|p2a: Kingambit\n|-damage|p2a: Kingambit|11\/100\n|-heal|p1a: Pride \ud83c\udf08|52\/100|[from] drain|[of] p2a: Kingambit\n|\n|-heal|p1a: Pride \ud83c\udf08|58\/100|[from] item: Black Sludge\n|upkeep\n|turn|26\n|\n|t:|1699784382\n|move|p1a: Pride \ud83c\udf08|Protect|p1a: Pride \ud83c\udf08\n|-singleturn|p1a: Pride \ud83c\udf08|Protect\n|move|p2a: Kingambit|Sucker Punch||[still]\n|-fail|p2a: Kingambit\n|\n|-heal|p1a: Pride \ud83c\udf08|64\/100|[from] item: Black Sludge\n|upkeep\n|turn|27\n|\n|t:|1699784387\n|move|p2a: Kingambit|Sucker Punch|p1a: Pride \ud83c\udf08\n|-resisted|p1a: Pride \ud83c\udf08\n|-damage|p1a: Pride \ud83c\udf08|0 fnt\n|faint|p1a: Pride \ud83c\udf08\n|\n|upkeep\n|\n|t:|1699784392\n|switch|p1a: ChinaAttacks|Maushold-Four|100\/100\n|turn|28\n|\n|t:|1699784395\n|move|p2a: Kingambit|Sucker Punch||[still]\n|-fail|p2a: Kingambit\n|move|p1a: ChinaAttacks|Encore|p2a: Kingambit\n|-start|p2a: Kingambit|Encore\n|\n|upkeep\n|turn|29\n|\n|t:|1699784403\n|move|p2a: Kingambit|Sucker Punch||[still]\n|-fail|p2a: Kingambit\n|move|p1a: ChinaAttacks|Tidy Up|p1a: ChinaAttacks\n|-sideend|p2: papapanoel|Stealth Rock\n|-activate|p1a: ChinaAttacks|move: Tidy Up\n|-boost|p1a: ChinaAttacks|atk|1\n|-boost|p1a: ChinaAttacks|spe|1\n|\n|upkeep\n|turn|30\n|-message|papapanoel forfeited.\n|\n|win|Mukyaup\n|raw|Mukyaup's rating: 1302 &rarr; <strong>1320<\/strong><br \/>(+18 for winning)\n|raw|papapanoel's rating: 1266 &rarr; <strong>1244<\/strong><br \/>(-22 for losing)\n|l|\u2606papapanoel\n","uploadtime":1699784415,"views":10,"p1id":"mukyaup","p2id":"papapanoel","formatid":"gen9ou","rating":1244,"private":0,"password":""}