{"id":"gen9ou-1997038131","p1":"Lazysans42","p2":"BugCatcherWeevil","format":"[Gen 9] OU","log":"|j|\u2606Lazysans42\n|j|\u2606BugCatcherWeevil\n|t:|1700758250\n|gametype|singles\n|player|p1|Lazysans42|169|1242\n|player|p2|BugCatcherWeevil|265|1231\n|teamsize|p1|6\n|teamsize|p2|6\n|gen|9\n|tier|[Gen 9] OU\n|rated|\n|rule|Sleep Clause Mod: Limit one foe put to sleep\n|rule|Species Clause: Limit one of each Pok\u00e9mon\n|rule|OHKO Clause: OHKO moves are banned\n|rule|Evasion Items Clause: Evasion items are banned\n|rule|Evasion Moves Clause: Evasion moves are banned\n|rule|Endless Battle Clause: Forcing endless battles is banned\n|rule|HP Percentage Mod: HP is shown in percentages\n|clearpoke\n|poke|p1|Vikavolt, F|\n|poke|p1|Honchkrow, F|\n|poke|p1|Ceruledge, M|\n|poke|p1|Garchomp, F|\n|poke|p1|Quaquaval, M|\n|poke|p1|Mew|\n|poke|p2|Munkidori, M|\n|poke|p2|Samurott-Hisui, F|\n|poke|p2|Zapdos|\n|poke|p2|Gholdengo|\n|poke|p2|Great Tusk|\n|poke|p2|Dragapult, F|\n|teampreview\n|inactive|Battle timer is ON: inactive players will automatically lose when time's up. (requested by Lazysans42)\n|inactive|BugCatcherWeevil has 120 seconds left.\n|\n|t:|1700758285\n|start\n|switch|p1a: Mew|Mew|100\/100\n|switch|p2a: Dragapult|Dragapult, F|100\/100\n|turn|1\n|\n|t:|1700758295\n|move|p2a: Dragapult|U-turn|p1a: Mew\n|-supereffective|p1a: Mew\n|-damage|p1a: Mew|37\/100\n|inactive|BugCatcherWeevil has 120 seconds left.\n|\n|t:|1700758330\n|switch|p2a: Samurott|Samurott-Hisui, F|100\/100|[from] U-turn\n|move|p1a: Mew|Ice Beam|p2a: Samurott\n|-resisted|p2a: Samurott\n|-damage|p2a: Samurott|94\/100\n|\n|-heal|p1a: Mew|43\/100|[from] item: Leftovers\n|upkeep\n|turn|2\n|inactive|BugCatcherWeevil has 120 seconds left.\n|\n|t:|1700758337\n|move|p1a: Mew|Stealth Rock|p2a: Samurott\n|-sidestart|p2: BugCatcherWeevil|move: Stealth Rock\n|move|p2a: Samurott|Ceaseless Edge|p1a: Mew|[miss]\n|-miss|p2a: Samurott|p1a: Mew\n|\n|-heal|p1a: Mew|49\/100|[from] item: Leftovers\n|upkeep\n|turn|3\n|\n|t:|1700758343\n|move|p1a: Mew|Will-O-Wisp|p2a: Samurott\n|-status|p2a: Samurott|brn\n|move|p2a: Samurott|Ceaseless Edge|p1a: Mew\n|-supereffective|p1a: Mew\n|-damage|p1a: Mew|16\/100\n|-sidestart|p1: Lazysans42|Spikes\n|\n|-heal|p1a: Mew|22\/100|[from] item: Leftovers\n|-damage|p2a: Samurott|87\/100 brn|[from] brn\n|upkeep\n|turn|4\n|\n|t:|1700758353\n|move|p1a: Mew|Ice Beam|p2a: Samurott\n|-resisted|p2a: Samurott\n|-damage|p2a: Samurott|80\/100 brn\n|move|p2a: Samurott|Ceaseless Edge|p1a: Mew|[miss]\n|-miss|p2a: Samurott|p1a: Mew\n|\n|-heal|p1a: Mew|28\/100|[from] item: Leftovers\n|-damage|p2a: Samurott|74\/100 brn|[from] brn\n|upkeep\n|turn|5\n|\n|t:|1700758360\n|move|p1a: Mew|Ice Beam|p2a: Samurott\n|-resisted|p2a: Samurott\n|-damage|p2a: Samurott|68\/100 brn\n|move|p2a: Samurott|Ceaseless Edge|p1a: Mew\n|-supereffective|p1a: Mew\n|-damage|p1a: Mew|0 fnt\n|-sidestart|p1: Lazysans42|Spikes\n|faint|p1a: Mew\n|\n|-damage|p2a: Samurott|61\/100 brn|[from] brn\n|upkeep\n|\n|t:|1700758370\n|switch|p1a: Vikavolt|Vikavolt, F|100\/100\n|turn|6\n|\n|t:|1700758381\n|switch|p2a: Dragapult|Dragapult, F|100\/100\n|-damage|p2a: Dragapult|88\/100|[from] Stealth Rock\n|move|p1a: Vikavolt|Energy Ball|p2a: Dragapult\n|-resisted|p2a: Dragapult\n|-damage|p2a: Dragapult|65\/100\n|\n|upkeep\n|turn|7\n|\n|t:|1700758391\n|move|p2a: Dragapult|Dragon Darts|p1a: Vikavolt\n|-damage|p1a: Vikavolt|58\/100\n|-anim|p2a: Dragapult|Dragon Darts|p1a: Vikavolt\n|-damage|p1a: Vikavolt|19\/100\n|move|p1a: Vikavolt|Volt Switch|p2a: Dragapult\n|-resisted|p2a: Dragapult\n|-damage|p2a: Dragapult|35\/100\n|\n|t:|1700758397\n|switch|p1a: Honchkrow|Honchkrow, F|100\/100|[from] Volt Switch\n|\n|upkeep\n|turn|8\n|\n|t:|1700758404\n|switch|p2a: Zapdos|Zapdos|100\/100\n|move|p1a: Honchkrow|Sucker Punch||[still]\n|-fail|p1a: Honchkrow\n|\n|upkeep\n|turn|9\n|\n|t:|1700758412\n|switch|p1a: Garchomp|Garchomp, F|100\/100\n|-damage|p1a: Garchomp|84\/100|[from] Spikes\n|move|p2a: Zapdos|Volt Switch|p1a: Garchomp\n|-immune|p1a: Garchomp\n|\n|upkeep\n|turn|10\n|\n|t:|1700758420\n|move|p1a: Garchomp|Scale Shot|p2a: Zapdos|[miss]\n|-miss|p1a: Garchomp|p2a: Zapdos\n|move|p2a: Zapdos|Hurricane|p1a: Garchomp\n|-damage|p1a: Garchomp|28\/100\n|\n|upkeep\n|turn|11\n|\n|t:|1700758428\n|move|p1a: Garchomp|Scale Shot|p2a: Zapdos|[miss]\n|-miss|p1a: Garchomp|p2a: Zapdos\n|move|p2a: Zapdos|Hurricane|p1a: Garchomp\n|-damage|p1a: Garchomp|0 fnt\n|faint|p1a: Garchomp\n|\n|upkeep\n|n|!Lazysans42|lazysans42\n|\n|t:|1700758449\n|switch|p1a: Honchkrow|Honchkrow, F|100\/100\n|turn|12\n|\n|t:|1700758453\n|-terastallize|p1a: Honchkrow|Fire\n|move|p2a: Zapdos|Substitute|p2a: Zapdos\n|-start|p2a: Zapdos|Substitute\n|-damage|p2a: Zapdos|76\/100\n|move|p1a: Honchkrow|Thunder Wave||[still]\n|-fail|p1a: Honchkrow\n|\n|upkeep\n|turn|13\n|-message|Lazysans42 forfeited.\n|\n|win|BugCatcherWeevil\n|raw|Lazysans42's rating: 1242 &rarr; <strong>1216<\/strong><br \/>(-26 for losing)\n|raw|BugCatcherWeevil's rating: 1231 &rarr; <strong>1257<\/strong><br \/>(+26 for winning)\n|l|!Lazysans42\n","uploadtime":1700758432,"views":1,"p1id":"lazysans42","p2id":"bugcatcherweevil","formatid":"gen9ou","rating":1216,"private":0,"password":""}