{"id":"gen9ou-1990675535","p1":"Damien Leruss","p2":"Jajoro958","format":"[Gen 9] OU","log":"|j|\u2606Damien Leruss\n|j|\u2606Jajoro958\n|t:|1699990822\n|gametype|singles\n|player|p1|Damien Leruss|shauntal|1103\n|player|p2|Jajoro958|scientist|1000\n|teamsize|p1|6\n|teamsize|p2|6\n|gen|9\n|tier|[Gen 9] OU\n|rated|\n|rule|Sleep Clause Mod: Limit one foe put to sleep\n|rule|Species Clause: Limit one of each Pok\u00e9mon\n|rule|OHKO Clause: OHKO moves are banned\n|rule|Evasion Items Clause: Evasion items are banned\n|rule|Evasion Moves Clause: Evasion moves are banned\n|rule|Endless Battle Clause: Forcing endless battles is banned\n|rule|HP Percentage Mod: HP is shown in percentages\n|clearpoke\n|poke|p1|Dragapult, F|\n|poke|p1|Bellibolt, F|\n|poke|p1|Toxicroak, F|\n|poke|p1|Dunsparce, M|\n|poke|p1|Klefki, M|\n|poke|p1|Arboliva, F|\n|poke|p2|Frosmoth, F|\n|poke|p2|Blissey, F|\n|poke|p2|Toedscruel, M|\n|poke|p2|Ninetales-Alola, F|\n|poke|p2|Glimmora, M|\n|poke|p2|Weezing-Galar, M|\n|teampreview\n|\n|t:|1699990836\n|start\n|switch|p1a: Dunsparce|Dunsparce, M|100\/100\n|switch|p2a: Toedscruel|Toedscruel, M|100\/100\n|turn|1\n|inactive|Battle timer is ON: inactive players will automatically lose when time's up. (requested by Damien Leruss)\n|\n|t:|1699990845\n|move|p1a: Dunsparce|Body Slam|p2a: Toedscruel\n|-damage|p2a: Toedscruel|66\/100\n|-status|p2a: Toedscruel|par\n|cant|p2a: Toedscruel|par\n|\n|upkeep\n|turn|2\n|\n|t:|1699990855\n|move|p1a: Dunsparce|Body Slam|p2a: Toedscruel\n|-damage|p2a: Toedscruel|27\/100 par\n|move|p2a: Toedscruel|Spore|p1a: Dunsparce\n|-status|p1a: Dunsparce|slp|[from] move: Spore\n|\n|upkeep\n|turn|3\n|\n|t:|1699990872\n|cant|p1a: Dunsparce|slp\n|cant|p2a: Toedscruel|par\n|\n|upkeep\n|turn|4\n|\n|t:|1699990879\n|cant|p1a: Dunsparce|slp\n|move|p2a: Toedscruel|Spikes|p1a: Dunsparce\n|-sidestart|p1: Damien Leruss|Spikes\n|\n|upkeep\n|turn|5\n|\n|t:|1699990884\n|-curestatus|p1a: Dunsparce|slp|[msg]\n|move|p1a: Dunsparce|Body Slam|p2a: Toedscruel\n|-damage|p2a: Toedscruel|0 fnt\n|faint|p2a: Toedscruel\n|\n|upkeep\n|\n|t:|1699990891\n|switch|p2a: Glimmora|Glimmora, M|100\/100\n|turn|6\n|\n|t:|1699990898\n|move|p2a: Glimmora|Stealth Rock|p1a: Dunsparce\n|-sidestart|p1: Damien Leruss|move: Stealth Rock\n|move|p1a: Dunsparce|Drill Run|p2a: Glimmora\n|-supereffective|p2a: Glimmora\n|-damage|p2a: Glimmora|33\/100\n|-activate|p2a: Glimmora|ability: Toxic Debris\n|-sidestart|p1: Damien Leruss|move: Toxic Spikes\n|\n|upkeep\n|turn|7\n|\n|t:|1699990910\n|move|p2a: Glimmora|Mortal Spin|p1a: Dunsparce\n|-damage|p1a: Dunsparce|96\/100\n|-status|p1a: Dunsparce|psn\n|move|p1a: Dunsparce|Drill Run|p2a: Glimmora\n|-supereffective|p2a: Glimmora\n|-damage|p2a: Glimmora|0 fnt\n|-activate|p2a: Glimmora|ability: Toxic Debris\n|-sidestart|p1: Damien Leruss|move: Toxic Spikes\n|faint|p2a: Glimmora\n|\n|-damage|p1a: Dunsparce|84\/100 psn|[from] psn\n|upkeep\n|\n|t:|1699990923\n|switch|p2a: Ninetales|Ninetales-Alola, F|100\/100\n|-weather|Snow|[from] ability: Snow Warning|[of] p2a: Ninetales\n|turn|8\n|\n|t:|1699990928\n|move|p2a: Ninetales|Aurora Veil|p2a: Ninetales\n|-sidestart|p2: Jajoro958|move: Aurora Veil\n|move|p1a: Dunsparce|Body Slam|p2a: Ninetales\n|-damage|p2a: Ninetales|92\/100\n|-status|p2a: Ninetales|par\n|\n|-weather|Snow|[upkeep]\n|-damage|p1a: Dunsparce|71\/100 psn|[from] psn\n|upkeep\n|turn|9\n|\n|t:|1699990937\n|switch|p2a: Frosmoth|Frosmoth, F|100\/100\n|move|p1a: Dunsparce|Coil|p1a: Dunsparce\n|-boost|p1a: Dunsparce|atk|1\n|-boost|p1a: Dunsparce|def|1\n|-boost|p1a: Dunsparce|accuracy|1\n|\n|-weather|Snow|[upkeep]\n|-damage|p1a: Dunsparce|59\/100 psn|[from] psn\n|upkeep\n|turn|10\n|\n|t:|1699990947\n|move|p2a: Frosmoth|Substitute|p2a: Frosmoth\n|-start|p2a: Frosmoth|Substitute\n|-damage|p2a: Frosmoth|76\/100\n|move|p1a: Dunsparce|Body Slam|p2a: Frosmoth\n|-activate|p2a: Frosmoth|move: Substitute|[damage]\n|\n|-weather|Snow|[upkeep]\n|-damage|p1a: Dunsparce|47\/100 psn|[from] psn\n|upkeep\n|turn|11\n|\n|t:|1699990956\n|move|p2a: Frosmoth|Quiver Dance|p2a: Frosmoth\n|-boost|p2a: Frosmoth|spa|1\n|-boost|p2a: Frosmoth|spd|1\n|-boost|p2a: Frosmoth|spe|1\n|move|p1a: Dunsparce|Roost|p1a: Dunsparce\n|-heal|p1a: Dunsparce|97\/100 psn\n|-singleturn|p1a: Dunsparce|move: Roost\n|\n|-weather|Snow|[upkeep]\n|-damage|p1a: Dunsparce|84\/100 psn|[from] psn\n|upkeep\n|turn|12\n|\n|t:|1699990966\n|move|p2a: Frosmoth|Quiver Dance|p2a: Frosmoth\n|-boost|p2a: Frosmoth|spa|1\n|-boost|p2a: Frosmoth|spd|1\n|-boost|p2a: Frosmoth|spe|1\n|move|p1a: Dunsparce|Body Slam|p2a: Frosmoth\n|-end|p2a: Frosmoth|Substitute\n|\n|-weather|none\n|-damage|p1a: Dunsparce|72\/100 psn|[from] psn\n|upkeep\n|turn|13\n|\n|t:|1699990975\n|move|p2a: Frosmoth|Quiver Dance|p2a: Frosmoth\n|-boost|p2a: Frosmoth|spa|1\n|-boost|p2a: Frosmoth|spd|1\n|-boost|p2a: Frosmoth|spe|1\n|move|p1a: Dunsparce|Body Slam|p2a: Frosmoth\n|-crit|p2a: Frosmoth\n|-damage|p2a: Frosmoth|0 fnt\n|faint|p2a: Frosmoth\n|\n|-damage|p1a: Dunsparce|59\/100 psn|[from] psn\n|upkeep\n|\n|t:|1699990987\n|switch|p2a: Ninetales|Ninetales-Alola, F|92\/100 par\n|-weather|Snow|[from] ability: Snow Warning|[of] p2a: Ninetales\n|turn|14\n|\n|t:|1699990993\n|move|p2a: Ninetales|Freeze-Dry|p1a: Dunsparce\n|-damage|p1a: Dunsparce|49\/100 psn\n|move|p1a: Dunsparce|Roost|p1a: Dunsparce\n|-heal|p1a: Dunsparce|99\/100 psn\n|-singleturn|p1a: Dunsparce|move: Roost\n|\n|-weather|Snow|[upkeep]\n|-damage|p1a: Dunsparce|86\/100 psn|[from] psn\n|upkeep\n|turn|15\n|\n|t:|1699991002\n|move|p2a: Ninetales|Freeze-Dry|p1a: Dunsparce\n|-crit|p1a: Dunsparce\n|-damage|p1a: Dunsparce|69\/100 psn\n|move|p1a: Dunsparce|Coil|p1a: Dunsparce\n|-boost|p1a: Dunsparce|atk|1\n|-boost|p1a: Dunsparce|def|1\n|-boost|p1a: Dunsparce|accuracy|1\n|\n|-weather|Snow|[upkeep]\n|-damage|p1a: Dunsparce|57\/100 psn|[from] psn\n|-sideend|p2: Jajoro958|move: Aurora Veil\n|upkeep\n|turn|16\n|\n|t:|1699991012\n|move|p2a: Ninetales|Aurora Veil|p2a: Ninetales\n|-sidestart|p2: Jajoro958|move: Aurora Veil\n|move|p1a: Dunsparce|Body Slam|p2a: Ninetales\n|-damage|p2a: Ninetales|76\/100 par\n|\n|-weather|Snow|[upkeep]\n|-damage|p1a: Dunsparce|45\/100 psn|[from] psn\n|upkeep\n|turn|17\n|\n|t:|1699991020\n|move|p2a: Ninetales|Freeze-Dry|p1a: Dunsparce\n|-damage|p1a: Dunsparce|35\/100 psn\n|move|p1a: Dunsparce|Roost|p1a: Dunsparce\n|-heal|p1a: Dunsparce|85\/100 psn\n|-singleturn|p1a: Dunsparce|move: Roost\n|\n|-weather|Snow|[upkeep]\n|-damage|p1a: Dunsparce|72\/100 psn|[from] psn\n|upkeep\n|turn|18\n|\n|t:|1699991030\n|-terastallize|p1a: Dunsparce|Normal\n|move|p2a: Ninetales|Freeze-Dry|p1a: Dunsparce\n|-damage|p1a: Dunsparce|61\/100 psn\n|move|p1a: Dunsparce|Roost|p1a: Dunsparce\n|-heal|p1a: Dunsparce|100\/100 psn\n|\n|-weather|none\n|-damage|p1a: Dunsparce|88\/100 psn|[from] psn\n|upkeep\n|turn|19\n|\n|t:|1699991048\n|cant|p2a: Ninetales|par\n|move|p1a: Dunsparce|Body Slam|p2a: Ninetales\n|-damage|p2a: Ninetales|39\/100 par\n|\n|-damage|p1a: Dunsparce|76\/100 psn|[from] psn\n|upkeep\n|turn|20\n|\n|t:|1699991056\n|cant|p2a: Ninetales|par\n|move|p1a: Dunsparce|Roost|p1a: Dunsparce\n|-heal|p1a: Dunsparce|100\/100 psn\n|\n|-damage|p1a: Dunsparce|88\/100 psn|[from] psn\n|upkeep\n|turn|21\n|\n|t:|1699991063\n|move|p2a: Ninetales|Snowscape|p2a: Ninetales\n|-weather|Snow\n|move|p1a: Dunsparce|Body Slam|p2a: Ninetales\n|-damage|p2a: Ninetales|13\/100 par\n|\n|-weather|Snow|[upkeep]\n|-damage|p1a: Dunsparce|76\/100 psn|[from] psn\n|upkeep\n|turn|22\n|\n|t:|1699991072\n|move|p2a: Ninetales|Aurora Veil||[still]\n|-fail|p2a: Ninetales\n|move|p1a: Dunsparce|Coil|p1a: Dunsparce\n|-boost|p1a: Dunsparce|atk|1\n|-boost|p1a: Dunsparce|def|1\n|-boost|p1a: Dunsparce|accuracy|1\n|\n|-weather|Snow|[upkeep]\n|-damage|p1a: Dunsparce|63\/100 psn|[from] psn\n|upkeep\n|turn|23\n|\n|t:|1699991080\n|move|p2a: Ninetales|Freeze-Dry|p1a: Dunsparce\n|-damage|p1a: Dunsparce|53\/100 psn\n|move|p1a: Dunsparce|Roost|p1a: Dunsparce\n|-heal|p1a: Dunsparce|100\/100 psn\n|\n|-weather|Snow|[upkeep]\n|-damage|p1a: Dunsparce|88\/100 psn|[from] psn\n|-sideend|p2: Jajoro958|move: Aurora Veil\n|upkeep\n|turn|24\n|\n|t:|1699991090\n|move|p2a: Ninetales|Aurora Veil|p2a: Ninetales\n|-sidestart|p2: Jajoro958|move: Aurora Veil\n|move|p1a: Dunsparce|Body Slam|p2a: Ninetales\n|-damage|p2a: Ninetales|0 fnt\n|faint|p2a: Ninetales\n|\n|-weather|Snow|[upkeep]\n|-damage|p1a: Dunsparce|76\/100 psn|[from] psn\n|upkeep\n|\n|t:|1699991099\n|switch|p2a: Weezing|Weezing-Galar, M|100\/100\n|-ability|p2a: Weezing|Neutralizing Gas\n|turn|25\n|\n|t:|1699991120\n|move|p2a: Weezing|Taunt|p1a: Dunsparce\n|-start|p1a: Dunsparce|move: Taunt\n|move|p1a: Dunsparce|Drill Run|p2a: Weezing\n|-supereffective|p2a: Weezing\n|-crit|p2a: Weezing\n|-damage|p2a: Weezing|26\/100\n|\n|-weather|none\n|-damage|p1a: Dunsparce|63\/100 psn|[from] psn\n|upkeep\n|turn|26\n|\n|t:|1699991130\n|move|p2a: Weezing|Will-O-Wisp||[still]\n|-fail|p2a: Weezing\n|move|p1a: Dunsparce|Drill Run|p2a: Weezing\n|-supereffective|p2a: Weezing\n|-crit|p2a: Weezing\n|-damage|p2a: Weezing|0 fnt\n|faint|p2a: Weezing\n|-end|p2a: Weezing|ability: Neutralizing Gas\n|\n|-damage|p1a: Dunsparce|51\/100 psn|[from] psn\n|upkeep\n|\n|t:|1699991144\n|switch|p2a: Blissey|Blissey, F|100\/100\n|turn|27\n|\n|t:|1699991150\n|move|p2a: Blissey|Seismic Toss|p1a: Dunsparce\n|-damage|p1a: Dunsparce|26\/100 psn\n|move|p1a: Dunsparce|Body Slam|p2a: Blissey\n|-damage|p2a: Blissey|65\/100\n|\n|-damage|p1a: Dunsparce|14\/100 psn|[from] psn\n|-end|p1a: Dunsparce|move: Taunt\n|upkeep\n|turn|28\n|\n|t:|1699991166\n|switch|p1a: Dragapult|Dragapult, F|100\/100\n|-damage|p1a: Dragapult|88\/100|[from] Spikes\n|-damage|p1a: Dragapult|76\/100|[from] Stealth Rock\n|-status|p1a: Dragapult|tox\n|move|p2a: Blissey|Seismic Toss|p1a: Dragapult\n|-immune|p1a: Dragapult\n|\n|-damage|p1a: Dragapult|70\/100 tox|[from] psn\n|upkeep\n|turn|29\n|\n|t:|1699991179\n|move|p1a: Dragapult|Dragon Dance|p1a: Dragapult\n|-boost|p1a: Dragapult|atk|1\n|-boost|p1a: Dragapult|spe|1\n|move|p2a: Blissey|Calm Mind|p2a: Blissey\n|-boost|p2a: Blissey|spa|1\n|-boost|p2a: Blissey|spd|1\n|\n|-damage|p1a: Dragapult|58\/100 tox|[from] psn\n|upkeep\n|turn|30\n|\n|t:|1699991187\n|move|p1a: Dragapult|Dragon Darts|p2a: Blissey\n|-damage|p2a: Blissey|46\/100\n|-anim|p1a: Dragapult|Dragon Darts|p2a: Blissey\n|-damage|p2a: Blissey|27\/100\n|move|p2a: Blissey|Calm Mind|p2a: Blissey\n|-boost|p2a: Blissey|spa|1\n|-boost|p2a: Blissey|spd|1\n|\n|-damage|p1a: Dragapult|40\/100 tox|[from] psn\n|upkeep\n|turn|31\n|\n|t:|1699991197\n|move|p1a: Dragapult|Dragon Darts|p2a: Blissey\n|-damage|p2a: Blissey|5\/100\n|-anim|p1a: Dragapult|Dragon Darts|p2a: Blissey\n|-crit|p2a: Blissey\n|-damage|p2a: Blissey|0 fnt\n|faint|p2a: Blissey\n|\n|win|Damien Leruss\n|raw|Damien Leruss's rating: 1103 &rarr; <strong>1121<\/strong><br \/>(+18 for winning)\n|raw|Jajoro958's rating: 1000 &rarr; <strong>1000<\/strong><br \/>(+0 for losing)\n","uploadtime":1699991205,"views":13,"p1id":"damienleruss","p2id":"jajoro958","formatid":"gen9ou","rating":1000,"private":0,"password":""}