{"id":"gen9ou-1996760432","p1":"Soumya2701","p2":"huygcy7tfy","format":"[Gen 9] OU","log":"|j|\u2606Soumya2701\n|j|\u2606huygcy7tfy\n|t:|1700720633\n|gametype|singles\n|player|p1|Soumya2701|acetrainer|1113\n|player|p2|huygcy7tfy|102|1044\n|teamsize|p1|6\n|teamsize|p2|6\n|gen|9\n|tier|[Gen 9] OU\n|rated|\n|rule|Sleep Clause Mod: Limit one foe put to sleep\n|rule|Species Clause: Limit one of each Pok\u00e9mon\n|rule|OHKO Clause: OHKO moves are banned\n|rule|Evasion Items Clause: Evasion items are banned\n|rule|Evasion Moves Clause: Evasion moves are banned\n|rule|Endless Battle Clause: Forcing endless battles is banned\n|rule|HP Percentage Mod: HP is shown in percentages\n|clearpoke\n|poke|p1|Ninetales, F|\n|poke|p1|Lilligant-Hisui, F|\n|poke|p1|Walking Wake|\n|poke|p1|Corviknight, M|\n|poke|p1|Clodsire, F|\n|poke|p1|Ogerpon-Wellspring, F|\n|poke|p2|Garganacl, M|\n|poke|p2|Gholdengo|\n|poke|p2|Iron Valiant|\n|poke|p2|Dragonite, F|\n|poke|p2|Zapdos|\n|poke|p2|Great Tusk|\n|teampreview\n|inactive|Battle timer is ON: inactive players will automatically lose when time's up. (requested by Soumya2701)\n|\n|t:|1700720648\n|start\n|switch|p1a: Sludge bob|Clodsire, F|100\/100\n|switch|p2a: Iron Valiant|Iron Valiant|100\/100\n|turn|1\n|\n|t:|1700720659\n|-end|p2a: Iron Valiant|Quark Drive|[silent]\n|switch|p2a: Great Tusk|Great Tusk|100\/100\n|move|p1a: Sludge bob|Stealth Rock|p2a: Great Tusk\n|-sidestart|p2: huygcy7tfy|move: Stealth Rock\n|\n|upkeep\n|turn|2\n|\n|t:|1700720665\n|switch|p1a: Metaknight|Corviknight, M|100\/100\n|-ability|p1a: Metaknight|Pressure\n|move|p2a: Great Tusk|Stealth Rock|p1a: Metaknight\n|-sidestart|p1: Soumya2701|move: Stealth Rock\n|\n|upkeep\n|turn|3\n|\n|t:|1700720674\n|-end|p2a: Great Tusk|Protosynthesis|[silent]\n|switch|p2a: Garganacl|Garganacl, M|100\/100\n|-damage|p2a: Garganacl|88\/100|[from] Stealth Rock\n|move|p1a: Metaknight|Iron Defense|p1a: Metaknight\n|-boost|p1a: Metaknight|def|2\n|\n|-heal|p2a: Garganacl|94\/100|[from] item: Leftovers\n|upkeep\n|turn|4\n|\n|t:|1700720688\n|move|p1a: Metaknight|Body Press|p2a: Garganacl\n|-supereffective|p2a: Garganacl\n|-crit|p2a: Garganacl\n|-damage|p2a: Garganacl|22\/100\n|move|p2a: Garganacl|Salt Cure|p1a: Metaknight\n|-damage|p1a: Metaknight|95\/100\n|-start|p1a: Metaknight|Salt Cure\n|\n|-heal|p1a: Metaknight|100\/100|[from] item: Leftovers\n|-heal|p2a: Garganacl|28\/100|[from] item: Leftovers\n|-damage|p1a: Metaknight|76\/100|[from] Salt Cure\n|upkeep\n|turn|5\n|\n|t:|1700720715\n|switch|p2a: Zapdos|Zapdos|100\/100\n|move|p1a: Metaknight|Body Press|p2a: Zapdos\n|-resisted|p2a: Zapdos\n|-damage|p2a: Zapdos|78\/100\n|-status|p1a: Metaknight|par|[from] ability: Static|[of] p2a: Zapdos\n|\n|-heal|p1a: Metaknight|82\/100 par|[from] item: Leftovers\n|-damage|p1a: Metaknight|57\/100 par|[from] Salt Cure\n|upkeep\n|turn|6\n|inactive|huygcy7tfy has 120 seconds left.\n|\n|t:|1700720744\n|switch|p1a: Sludge bob|Clodsire, F|100\/100\n|-damage|p1a: Sludge bob|94\/100|[from] Stealth Rock\n|move|p2a: Zapdos|Discharge|p1a: Sludge bob\n|-immune|p1a: Sludge bob\n|\n|-heal|p1a: Sludge bob|100\/100|[from] item: Black Sludge\n|upkeep\n|turn|7\n|\n|t:|1700720750\n|switch|p2a: Dragonite|Dragonite, F|100\/100\n|move|p1a: Sludge bob|Toxic|p2a: Dragonite\n|-status|p2a: Dragonite|tox\n|\n|-damage|p2a: Dragonite|94\/100 tox|[from] psn\n|upkeep\n|turn|8\n|inactive|huygcy7tfy has 120 seconds left.\n|\n|t:|1700720759\n|switch|p1a: Metaknight|Corviknight, M|57\/100 par\n|-damage|p1a: Metaknight|44\/100 par|[from] Stealth Rock\n|-ability|p1a: Metaknight|Pressure\n|move|p2a: Dragonite|Ice Spinner|p1a: Metaknight\n|-damage|p1a: Metaknight|20\/100 par\n|\n|-heal|p1a: Metaknight|26\/100 par|[from] item: Leftovers\n|-damage|p2a: Dragonite|82\/100 tox|[from] psn\n|upkeep\n|turn|9\n|inactive|huygcy7tfy has 120 seconds left.\n|\n|t:|1700720781\n|switch|p2a: Garganacl|Garganacl, M|28\/100\n|-damage|p2a: Garganacl|15\/100|[from] Stealth Rock\n|move|p1a: Metaknight|Roost|p1a: Metaknight\n|-heal|p1a: Metaknight|76\/100 par\n|-singleturn|p1a: Metaknight|move: Roost\n|\n|-heal|p2a: Garganacl|22\/100|[from] item: Leftovers\n|-heal|p1a: Metaknight|82\/100 par|[from] item: Leftovers\n|upkeep\n|turn|10\n|\n|t:|1700720789\n|move|p2a: Garganacl|Recover|p2a: Garganacl\n|-heal|p2a: Garganacl|72\/100\n|move|p1a: Metaknight|Defog|p2a: Garganacl\n|-unboost|p2a: Garganacl|evasion|1\n|-sideend|p2: huygcy7tfy|Stealth Rock|[from] move: Defog|[of] p1a: Metaknight\n|-sideend|p1: Soumya2701|Stealth Rock|[from] move: Defog|[of] p1a: Metaknight\n|\n|-heal|p2a: Garganacl|78\/100|[from] item: Leftovers\n|-heal|p1a: Metaknight|89\/100 par|[from] item: Leftovers\n|upkeep\n|turn|11\n|inactive|huygcy7tfy has 120 seconds left.\n|\n|t:|1700720795\n|move|p2a: Garganacl|Salt Cure|p1a: Metaknight\n|-damage|p1a: Metaknight|78\/100 par\n|-start|p1a: Metaknight|Salt Cure\n|move|p1a: Metaknight|Body Press|p2a: Garganacl\n|-supereffective|p2a: Garganacl\n|-damage|p2a: Garganacl|52\/100\n|\n|-heal|p2a: Garganacl|59\/100|[from] item: Leftovers\n|-heal|p1a: Metaknight|84\/100 par|[from] item: Leftovers\n|-damage|p1a: Metaknight|59\/100 par|[from] Salt Cure\n|upkeep\n|turn|12\n|\n|t:|1700720803\n|move|p2a: Garganacl|Curse|p2a: Garganacl\n|-unboost|p2a: Garganacl|spe|1\n|-boost|p2a: Garganacl|atk|1\n|-boost|p2a: Garganacl|def|1\n|move|p1a: Metaknight|Iron Defense|p1a: Metaknight\n|-boost|p1a: Metaknight|def|2\n|\n|-heal|p1a: Metaknight|65\/100 par|[from] item: Leftovers\n|-heal|p2a: Garganacl|65\/100|[from] item: Leftovers\n|-damage|p1a: Metaknight|41\/100 par|[from] Salt Cure\n|upkeep\n|turn|13\n|\n|t:|1700720810\n|move|p1a: Metaknight|Roost|p1a: Metaknight\n|-heal|p1a: Metaknight|91\/100 par\n|-singleturn|p1a: Metaknight|move: Roost\n|move|p2a: Garganacl|Recover|p2a: Garganacl\n|-heal|p2a: Garganacl|100\/100\n|\n|-heal|p1a: Metaknight|97\/100 par|[from] item: Leftovers\n|-damage|p1a: Metaknight|72\/100 par|[from] Salt Cure\n|upkeep\n|turn|14\n|\n|t:|1700720814\n|move|p1a: Metaknight|Body Press|p2a: Garganacl\n|-supereffective|p2a: Garganacl\n|-damage|p2a: Garganacl|66\/100\n|move|p2a: Garganacl|Curse|p2a: Garganacl\n|-unboost|p2a: Garganacl|spe|1\n|-boost|p2a: Garganacl|atk|1\n|-boost|p2a: Garganacl|def|1\n|\n|-heal|p1a: Metaknight|78\/100 par|[from] item: Leftovers\n|-heal|p2a: Garganacl|73\/100|[from] item: Leftovers\n|-damage|p1a: Metaknight|53\/100 par|[from] Salt Cure\n|upkeep\n|turn|15\n|\n|t:|1700720827\n|switch|p1a: Dra-God|Walking Wake|100\/100\n|-enditem|p1a: Dra-God|Booster Energy\n|-activate|p1a: Dra-God|ability: Protosynthesis|[fromitem]\n|-start|p1a: Dra-God|protosynthesisspe\n|move|p2a: Garganacl|Earthquake|p1a: Dra-God\n|-damage|p1a: Dra-God|49\/100\n|\n|-heal|p2a: Garganacl|79\/100|[from] item: Leftovers\n|upkeep\n|turn|16\n|\n|t:|1700720846\n|switch|p2a: Zapdos|Zapdos|78\/100\n|move|p1a: Dra-God|Hydro Steam|p2a: Zapdos\n|-damage|p2a: Zapdos|49\/100\n|\n|upkeep\n|turn|17\n|\n|t:|1700720856\n|move|p1a: Dra-God|Draco Meteor|p2a: Zapdos\n|-damage|p2a: Zapdos|7\/100\n|-unboost|p1a: Dra-God|spa|2\n|move|p2a: Zapdos|Roost|p2a: Zapdos\n|-heal|p2a: Zapdos|57\/100\n|-singleturn|p2a: Zapdos|move: Roost\n|\n|upkeep\n|turn|18\n|\n|t:|1700720861\n|-end|p1a: Dra-God|Protosynthesis|[silent]\n|switch|p1a: Sludge bob|Clodsire, F|100\/100\n|move|p2a: Zapdos|Roost|p2a: Zapdos\n|-heal|p2a: Zapdos|100\/100\n|-singleturn|p2a: Zapdos|move: Roost\n|\n|upkeep\n|turn|19\n|\n|t:|1700720873\n|switch|p2a: Dragonite|Dragonite, F|82\/100 tox\n|move|p1a: Sludge bob|Stealth Rock|p2a: Dragonite\n|-sidestart|p2: huygcy7tfy|move: Stealth Rock\n|\n|-damage|p2a: Dragonite|76\/100 tox|[from] psn\n|upkeep\n|turn|20\n|\n|t:|1700720882\n|move|p2a: Dragonite|Dragon Dance|p2a: Dragonite\n|-boost|p2a: Dragonite|atk|1\n|-boost|p2a: Dragonite|spe|1\n|move|p1a: Sludge bob|Recover||[still]\n|-fail|p1a: Sludge bob|heal\n|\n|-damage|p2a: Dragonite|63\/100 tox|[from] psn\n|upkeep\n|turn|21\n|\n|t:|1700720892\n|switch|p1a: Metaknight|Corviknight, M|53\/100 par\n|-ability|p1a: Metaknight|Pressure\n|move|p2a: Dragonite|Earthquake|p1a: Metaknight\n|-immune|p1a: Metaknight\n|\n|-heal|p1a: Metaknight|60\/100 par|[from] item: Leftovers\n|-damage|p2a: Dragonite|45\/100 tox|[from] psn\n|upkeep\n|turn|22\n|\n|t:|1700720896\n|move|p2a: Dragonite|Ice Spinner|p1a: Metaknight\n|-damage|p1a: Metaknight|22\/100 par\n|move|p1a: Metaknight|Roost|p1a: Metaknight\n|-heal|p1a: Metaknight|72\/100 par\n|-singleturn|p1a: Metaknight|move: Roost\n|\n|-heal|p1a: Metaknight|78\/100 par|[from] item: Leftovers\n|-damage|p2a: Dragonite|20\/100 tox|[from] psn\n|upkeep\n|turn|23\n|\n|t:|1700720905\n|move|p2a: Dragonite|Ice Spinner|p1a: Metaknight\n|-damage|p1a: Metaknight|42\/100 par\n|move|p1a: Metaknight|Iron Defense|p1a: Metaknight\n|-boost|p1a: Metaknight|def|2\n|\n|-heal|p1a: Metaknight|48\/100 par|[from] item: Leftovers\n|-damage|p2a: Dragonite|0 fnt|[from] psn\n|faint|p2a: Dragonite\n|upkeep\n|\n|t:|1700720913\n|switch|p2a: Great Tusk|Great Tusk|100\/100\n|turn|24\n|\n|t:|1700720917\n|move|p2a: Great Tusk|Stealth Rock|p1a: Metaknight\n|-sidestart|p1: Soumya2701|move: Stealth Rock\n|move|p1a: Metaknight|Roost|p1a: Metaknight\n|-heal|p1a: Metaknight|98\/100 par\n|-singleturn|p1a: Metaknight|move: Roost\n|\n|-heal|p1a: Metaknight|100\/100 par|[from] item: Leftovers\n|upkeep\n|turn|25\n|\n|t:|1700720921\n|-end|p2a: Great Tusk|Protosynthesis|[silent]\n|switch|p2a: Gholdengo|Gholdengo|100\/100\n|-damage|p2a: Gholdengo|94\/100|[from] Stealth Rock\n|-item|p2a: Gholdengo|Air Balloon\n|move|p1a: Metaknight|Body Press|p2a: Gholdengo\n|-immune|p2a: Gholdengo\n|\n|upkeep\n|turn|26\n|\n|t:|1700720940\n|switch|p1a: Kitsune|Ninetales, F|100\/100\n|-damage|p1a: Kitsune|76\/100|[from] Stealth Rock\n|-weather|SunnyDay|[from] ability: Drought|[of] p1a: Kitsune\n|move|p2a: Gholdengo|Nasty Plot|p2a: Gholdengo\n|-boost|p2a: Gholdengo|spa|2\n|\n|-weather|SunnyDay|[upkeep]\n|upkeep\n|turn|27\n|\n|t:|1700720951\n|move|p1a: Kitsune|Flamethrower|p2a: Gholdengo\n|-supereffective|p2a: Gholdengo\n|-damage|p2a: Gholdengo|0 fnt\n|-enditem|p2a: Gholdengo|Air Balloon\n|faint|p2a: Gholdengo\n|\n|-weather|SunnyDay|[upkeep]\n|upkeep\n|\n|t:|1700720968\n|switch|p2a: Garganacl|Garganacl, M|79\/100\n|-damage|p2a: Garganacl|66\/100|[from] Stealth Rock\n|turn|28\n|\n|t:|1700720978\n|-terastallize|p2a: Garganacl|Water\n|move|p1a: Kitsune|Solar Beam||[still]\n|-prepare|p1a: Kitsune|Solar Beam\n|-anim|p1a: Kitsune|Solar Beam|p2a: Garganacl\n|-supereffective|p2a: Garganacl\n|-damage|p2a: Garganacl|6\/100\n|move|p2a: Garganacl|Curse|p2a: Garganacl\n|-unboost|p2a: Garganacl|spe|1\n|-boost|p2a: Garganacl|atk|1\n|-boost|p2a: Garganacl|def|1\n|\n|-weather|SunnyDay|[upkeep]\n|-heal|p2a: Garganacl|12\/100|[from] item: Leftovers\n|upkeep\n|turn|29\n|\n|t:|1700720988\n|move|p1a: Kitsune|Solar Beam||[still]\n|-prepare|p1a: Kitsune|Solar Beam\n|-anim|p1a: Kitsune|Solar Beam|p2a: Garganacl\n|-supereffective|p2a: Garganacl\n|-damage|p2a: Garganacl|0 fnt\n|faint|p2a: Garganacl\n|\n|-weather|SunnyDay|[upkeep]\n|upkeep\n|\n|t:|1700720991\n|switch|p2a: Great Tusk|Great Tusk|100\/100\n|-activate|p2a: Great Tusk|ability: Protosynthesis\n|-start|p2a: Great Tusk|protosynthesisatk\n|turn|30\n|\n|t:|1700720997\n|-terastallize|p1a: Kitsune|Grass\n|move|p2a: Great Tusk|Headlong Rush|p1a: Kitsune\n|-resisted|p1a: Kitsune\n|-damage|p1a: Kitsune|14\/100\n|-unboost|p2a: Great Tusk|def|1\n|-unboost|p2a: Great Tusk|spd|1\n|move|p1a: Kitsune|Solar Beam||[still]\n|-prepare|p1a: Kitsune|Solar Beam\n|-anim|p1a: Kitsune|Solar Beam|p2a: Great Tusk\n|-supereffective|p2a: Great Tusk\n|-damage|p2a: Great Tusk|0 fnt\n|faint|p2a: Great Tusk\n|-end|p2a: Great Tusk|Protosynthesis|[silent]\n|\n|-weather|SunnyDay|[upkeep]\n|upkeep\n|\n|t:|1700721011\n|switch|p2a: Iron Valiant|Iron Valiant|100\/100\n|turn|31\n|\n|t:|1700721015\n|move|p2a: Iron Valiant|Moonblast|p1a: Kitsune\n|-damage|p1a: Kitsune|0 fnt\n|faint|p1a: Kitsune\n|\n|-weather|SunnyDay|[upkeep]\n|upkeep\n|\n|t:|1700721029\n|switch|p1a: Dra-God|Walking Wake|49\/100\n|-damage|p1a: Dra-God|36\/100|[from] Stealth Rock\n|-activate|p1a: Dra-God|ability: Protosynthesis\n|-start|p1a: Dra-God|protosynthesisspe\n|turn|32\n|\n|t:|1700721041\n|move|p1a: Dra-God|Hydro Steam|p2a: Iron Valiant\n|-damage|p2a: Iron Valiant|0 fnt\n|faint|p2a: Iron Valiant\n|-end|p2a: Iron Valiant|Quark Drive|[silent]\n|\n|-weather|SunnyDay|[upkeep]\n|upkeep\n|\n|t:|1700721044\n|switch|p2a: Zapdos|Zapdos|100\/100\n|turn|33\n|\n|t:|1700721048\n|move|p1a: Dra-God|Draco Meteor|p2a: Zapdos\n|-damage|p2a: Zapdos|59\/100\n|-unboost|p1a: Dra-God|spa|2\n|move|p2a: Zapdos|Discharge|p1a: Dra-God\n|-damage|p1a: Dra-God|0 fnt\n|faint|p1a: Dra-God\n|-end|p1a: Dra-God|Protosynthesis|[silent]\n|\n|-weather|none\n|upkeep\n|\n|t:|1700721057\n|switch|p1a: Sludge bob|Clodsire, F|100\/100\n|-damage|p1a: Sludge bob|94\/100|[from] Stealth Rock\n|turn|34\n|\n|t:|1700721062\n|move|p2a: Zapdos|Hurricane|p1a: Sludge bob\n|-damage|p1a: Sludge bob|71\/100\n|move|p1a: Sludge bob|Toxic|p2a: Zapdos\n|-status|p2a: Zapdos|tox\n|\n|-heal|p1a: Sludge bob|77\/100|[from] item: Black Sludge\n|-damage|p2a: Zapdos|53\/100 tox|[from] psn\n|upkeep\n|turn|35\n|\n|t:|1700721070\n|move|p2a: Zapdos|Hurricane|p1a: Sludge bob\n|-damage|p1a: Sludge bob|55\/100\n|-start|p1a: Sludge bob|confusion\n|-activate|p1a: Sludge bob|confusion\n|move|p1a: Sludge bob|Recover|p1a: Sludge bob\n|-heal|p1a: Sludge bob|100\/100\n|\n|-damage|p2a: Zapdos|40\/100 tox|[from] psn\n|upkeep\n|turn|36\n|-message|huygcy7tfy forfeited.\n|\n|win|Soumya2701\n|raw|Soumya2701's rating: 1113 &rarr; <strong>1133<\/strong><br \/>(+20 for winning)\n|raw|huygcy7tfy's rating: 1044 &rarr; <strong>1031<\/strong><br \/>(-13 for losing)\n|l|\u2606huygcy7tfy\n|l|\u2606Soumya2701\n|j|\u2606Soumya2701\n|player|p1|Soumya2701|acetrainer\n","uploadtime":1700721130,"views":7,"p1id":"soumya2701","p2id":"huygcy7tfy","formatid":"gen9ou","rating":1031,"private":0,"password":""}