{"id":"gen9ou-1989737791","p1":"GIBLELOVER123456$$","p2":"trialteam98","format":"[Gen 9] OU","log":"|j|\u2606GIBLELOVER123456$$\n|j|\u2606trialteam98\n|t:|1699891487\n|gametype|singles\n|player|p1|GIBLELOVER123456$$|lucas|1282\n|player|p2|trialteam98|lady-gen4|1211\n|teamsize|p1|6\n|teamsize|p2|6\n|gen|9\n|tier|[Gen 9] OU\n|rated|\n|rule|Sleep Clause Mod: Limit one foe put to sleep\n|rule|Species Clause: Limit one of each Pok\u00e9mon\n|rule|OHKO Clause: OHKO moves are banned\n|rule|Evasion Items Clause: Evasion items are banned\n|rule|Evasion Moves Clause: Evasion moves are banned\n|rule|Endless Battle Clause: Forcing endless battles is banned\n|rule|HP Percentage Mod: HP is shown in percentages\n|clearpoke\n|poke|p1|Garchomp, M|\n|poke|p1|Ampharos, F|\n|poke|p1|Greninja-*, M|\n|poke|p1|Chesnaught, F|\n|poke|p1|Ceruledge, M|\n|poke|p1|Iron Valiant|\n|poke|p2|Skeledirge, F|\n|poke|p2|Hippowdon, M|\n|poke|p2|Hatterene, F|\n|poke|p2|Blissey, F|\n|poke|p2|Chansey, F|\n|poke|p2|Clefable, M|\n|teampreview\n|inactive|Battle timer is ON: inactive players will automatically lose when time's up. (requested by GIBLELOVER123456$$)\n|c|\u2606GIBLELOVER123456$$|Uh oh\n|\n|t:|1699891501\n|start\n|switch|p1a: Phoenix|Ceruledge, M|100\/100\n|switch|p2a: Hippowdon|Hippowdon, M|100\/100\n|-weather|Sandstorm|[from] ability: Sand Stream|[of] p2a: Hippowdon\n|turn|1\n|\n|t:|1699891507\n|move|p1a: Phoenix|Swords Dance|p1a: Phoenix\n|-boost|p1a: Phoenix|atk|2\n|move|p2a: Hippowdon|Stealth Rock|p1a: Phoenix\n|-sidestart|p1: GIBLELOVER123456$$|move: Stealth Rock\n|\n|-weather|Sandstorm|[upkeep]\n|-damage|p1a: Phoenix|94\/100|[from] Sandstorm\n|upkeep\n|turn|2\n|\n|t:|1699891516\n|move|p1a: Phoenix|Bitter Blade|p2a: Hippowdon\n|-damage|p2a: Hippowdon|50\/100\n|-heal|p1a: Phoenix|100\/100|[from] drain|[of] p2a: Hippowdon\n|move|p2a: Hippowdon|Roar|p1a: Phoenix\n|drag|p1a: Amphy|Ampharos, F, shiny|100\/100\n|-damage|p1a: Amphy|88\/100|[from] Stealth Rock\n|\n|-weather|Sandstorm|[upkeep]\n|-damage|p1a: Amphy|82\/100|[from] Sandstorm\n|-heal|p2a: Hippowdon|56\/100|[from] item: Leftovers\n|upkeep\n|turn|3\n|\n|t:|1699891527\n|-terastallize|p1a: Amphy|Ice\n|move|p1a: Amphy|Tera Blast|p2a: Hippowdon|[anim] Tera Blast Ice\n|-supereffective|p2a: Hippowdon\n|-damage|p2a: Hippowdon|0 fnt\n|faint|p2a: Hippowdon\n|\n|-weather|Sandstorm|[upkeep]\n|-damage|p1a: Amphy|76\/100|[from] Sandstorm\n|upkeep\n|\n|t:|1699891538\n|switch|p2a: Skeledirge|Skeledirge, F|100\/100\n|turn|4\n|\n|t:|1699891545\n|move|p2a: Skeledirge|Will-O-Wisp|p1a: Amphy\n|-status|p1a: Amphy|brn\n|move|p1a: Amphy|Discharge|p2a: Skeledirge\n|-damage|p2a: Skeledirge|66\/100\n|\n|-weather|Sandstorm|[upkeep]\n|-damage|p2a: Skeledirge|60\/100|[from] Sandstorm\n|-damage|p1a: Amphy|70\/100 brn|[from] Sandstorm\n|-heal|p2a: Skeledirge|66\/100|[from] item: Leftovers\n|-damage|p1a: Amphy|63\/100 brn|[from] brn\n|upkeep\n|turn|5\n|\n|t:|1699891554\n|move|p2a: Skeledirge|Torch Song|p1a: Amphy\n|-supereffective|p1a: Amphy\n|-damage|p1a: Amphy|16\/100 brn\n|-boost|p2a: Skeledirge|spa|1\n|move|p1a: Amphy|Power Gem|p2a: Skeledirge\n|-supereffective|p2a: Skeledirge\n|-crit|p2a: Skeledirge\n|-damage|p2a: Skeledirge|0 fnt\n|faint|p2a: Skeledirge\n|\n|-weather|none\n|-damage|p1a: Amphy|10\/100 brn|[from] brn\n|upkeep\n|\n|t:|1699891567\n|switch|p2a: Hatterene|Hatterene, F|100\/100\n|turn|6\n|\n|t:|1699891571\n|move|p1a: Amphy|Discharge|p2a: Hatterene\n|-damage|p2a: Hatterene|63\/100\n|move|p2a: Hatterene|Calm Mind|p2a: Hatterene\n|-boost|p2a: Hatterene|spa|1\n|-boost|p2a: Hatterene|spd|1\n|\n|-damage|p1a: Amphy|3\/100 brn|[from] brn\n|upkeep\n|turn|7\n|\n|t:|1699891582\n|move|p1a: Amphy|Discharge|p2a: Hatterene\n|-damage|p2a: Hatterene|38\/100\n|move|p2a: Hatterene|Draining Kiss|p1a: Amphy\n|-damage|p1a: Amphy|0 fnt\n|-heal|p2a: Hatterene|41\/100|[from] drain|[of] p1a: Amphy\n|-status|p2a: Hatterene|par|[from] ability: Static|[of] p1a: Amphy\n|faint|p1a: Amphy\n|\n|upkeep\n|\n|t:|1699891596\n|switch|p1a: Phoenix|Ceruledge, M|100\/100\n|-damage|p1a: Phoenix|76\/100|[from] Stealth Rock\n|turn|8\n|\n|t:|1699891604\n|switch|p2a: Chansey|Chansey, F|100\/100\n|move|p1a: Phoenix|Swords Dance|p1a: Phoenix\n|-boost|p1a: Phoenix|atk|2\n|\n|upkeep\n|turn|9\n|\n|t:|1699891607\n|move|p1a: Phoenix|Bitter Blade|p2a: Chansey\n|-damage|p2a: Chansey|42\/100\n|-heal|p1a: Phoenix|100\/100|[from] drain|[of] p2a: Chansey\n|move|p2a: Chansey|Thunder Wave|p1a: Phoenix\n|-status|p1a: Phoenix|par\n|\n|upkeep\n|turn|10\n|\n|t:|1699891618\n|move|p1a: Phoenix|Swords Dance|p1a: Phoenix\n|-boost|p1a: Phoenix|atk|2\n|move|p2a: Chansey|Soft-Boiled|p2a: Chansey\n|-heal|p2a: Chansey|92\/100\n|\n|upkeep\n|turn|11\n|\n|t:|1699891624\n|move|p1a: Phoenix|Bitter Blade|p2a: Chansey\n|-damage|p2a: Chansey|3\/100\n|move|p2a: Chansey|Shadow Ball|p1a: Phoenix\n|-supereffective|p1a: Phoenix\n|-damage|p1a: Phoenix|79\/100 par\n|\n|upkeep\n|turn|12\n|\n|t:|1699891631\n|move|p1a: Phoenix|Bitter Blade|p2a: Chansey\n|-damage|p2a: Chansey|0 fnt\n|-heal|p1a: Phoenix|82\/100 par|[from] drain|[of] p2a: Chansey\n|faint|p2a: Chansey\n|\n|upkeep\n|\n|t:|1699891634\n|switch|p2a: Clefable|Clefable, M|100\/100\n|turn|13\n|\n|t:|1699891637\n|move|p2a: Clefable|Cosmic Power|p2a: Clefable\n|-boost|p2a: Clefable|def|1\n|-boost|p2a: Clefable|spd|1\n|move|p1a: Phoenix|Bitter Blade|p2a: Clefable\n|-damage|p2a: Clefable|66\/100\n|-heal|p1a: Phoenix|100\/100 par|[from] drain|[of] p2a: Clefable\n|\n|-heal|p2a: Clefable|72\/100|[from] item: Leftovers\n|upkeep\n|turn|14\n|\n|t:|1699891655\n|switch|p1a: Iron Valiant|Iron Valiant|100\/100\n|-damage|p1a: Iron Valiant|94\/100|[from] Stealth Rock\n|-enditem|p1a: Iron Valiant|Booster Energy\n|-activate|p1a: Iron Valiant|ability: Quark Drive|[fromitem]\n|-start|p1a: Iron Valiant|quarkdrivespe\n|move|p2a: Clefable|Cosmic Power|p2a: Clefable\n|-boost|p2a: Clefable|def|1\n|-boost|p2a: Clefable|spd|1\n|\n|-heal|p2a: Clefable|78\/100|[from] item: Leftovers\n|upkeep\n|turn|15\n|\n|t:|1699891665\n|move|p1a: Iron Valiant|Taunt|p2a: Clefable\n|-start|p2a: Clefable|move: Taunt\n|move|p2a: Clefable|Moonblast|p1a: Iron Valiant\n|-supereffective|p1a: Iron Valiant\n|-damage|p1a: Iron Valiant|0 fnt\n|faint|p1a: Iron Valiant\n|-end|p1a: Iron Valiant|Quark Drive|[silent]\n|\n|-heal|p2a: Clefable|84\/100|[from] item: Leftovers\n|upkeep\n|inactive|GIBLELOVER123456$$ has 120 seconds left.\n|\n|t:|1699891697\n|switch|p1a: Phoenix|Ceruledge, M|100\/100 par\n|-damage|p1a: Phoenix|76\/100 par|[from] Stealth Rock\n|turn|16\n|\n|t:|1699891710\n|move|p2a: Clefable|Stored Power|p1a: Phoenix\n|-damage|p1a: Phoenix|42\/100 par\n|move|p1a: Phoenix|Bitter Blade|p2a: Clefable\n|-damage|p2a: Clefable|60\/100\n|-heal|p1a: Phoenix|59\/100 par|[from] drain|[of] p2a: Clefable\n|\n|-heal|p2a: Clefable|66\/100|[from] item: Leftovers\n|upkeep\n|turn|17\n|\n|t:|1699891718\n|move|p2a: Clefable|Stored Power|p1a: Phoenix\n|-damage|p1a: Phoenix|23\/100 par\n|move|p1a: Phoenix|Bitter Blade|p2a: Clefable\n|-damage|p2a: Clefable|40\/100\n|-heal|p1a: Phoenix|40\/100 par|[from] drain|[of] p2a: Clefable\n|\n|-heal|p2a: Clefable|46\/100|[from] item: Leftovers\n|-end|p2a: Clefable|move: Taunt\n|upkeep\n|turn|18\n|\n|t:|1699891725\n|move|p2a: Clefable|Moonlight|p2a: Clefable\n|-heal|p2a: Clefable|96\/100\n|move|p1a: Phoenix|Bitter Blade|p2a: Clefable\n|-damage|p2a: Clefable|72\/100\n|-heal|p1a: Phoenix|57\/100 par|[from] drain|[of] p2a: Clefable\n|\n|-heal|p2a: Clefable|78\/100|[from] item: Leftovers\n|upkeep\n|turn|19\n|\n|t:|1699891731\n|move|p2a: Clefable|Cosmic Power|p2a: Clefable\n|-boost|p2a: Clefable|def|1\n|-boost|p2a: Clefable|spd|1\n|move|p1a: Phoenix|Bitter Blade|p2a: Clefable\n|-damage|p2a: Clefable|58\/100\n|-heal|p1a: Phoenix|71\/100 par|[from] drain|[of] p2a: Clefable\n|\n|-heal|p2a: Clefable|64\/100|[from] item: Leftovers\n|upkeep\n|turn|20\n|c|\u2606GIBLELOVER123456$$|Man unaware clefable is super strong\n|\n|t:|1699891761\n|move|p2a: Clefable|Cosmic Power|p2a: Clefable\n|-boost|p2a: Clefable|def|1\n|-boost|p2a: Clefable|spd|1\n|move|p1a: Phoenix|Psycho Cut|p2a: Clefable\n|-damage|p2a: Clefable|55\/100\n|\n|-heal|p2a: Clefable|61\/100|[from] item: Leftovers\n|upkeep\n|turn|21\n|\n|t:|1699891767\n|move|p2a: Clefable|Cosmic Power|p2a: Clefable\n|-boost|p2a: Clefable|def|1\n|-boost|p2a: Clefable|spd|1\n|cant|p1a: Phoenix|par\n|\n|-heal|p2a: Clefable|67\/100|[from] item: Leftovers\n|upkeep\n|turn|22\n|\n|t:|1699891778\n|move|p2a: Clefable|Cosmic Power|p2a: Clefable\n|-boost|p2a: Clefable|def|1\n|-boost|p2a: Clefable|spd|1\n|cant|p1a: Phoenix|par\n|\n|-heal|p2a: Clefable|73\/100|[from] item: Leftovers\n|upkeep\n|turn|23\n|\n|t:|1699891782\n|move|p2a: Clefable|Stored Power|p1a: Phoenix\n|-damage|p1a: Phoenix|0 fnt\n|faint|p1a: Phoenix\n|\n|-heal|p2a: Clefable|79\/100|[from] item: Leftovers\n|upkeep\n|c|\u2606GIBLELOVER123456$$|Man this harder to kill than gliscor\n|inactive|GIBLELOVER123456$$ has 120 seconds left.\n|\n|t:|1699891819\n|switch|p1a: Chompy|Garchomp, M|100\/100\n|-damage|p1a: Chompy|94\/100|[from] Stealth Rock\n|turn|24\n|\n|t:|1699891823\n|move|p1a: Chompy|Earthquake|p2a: Clefable\n|-damage|p2a: Clefable|63\/100\n|move|p2a: Clefable|Moonblast|p1a: Chompy\n|-supereffective|p1a: Chompy\n|-damage|p1a: Chompy|1\/100\n|-unboost|p1a: Chompy|spa|1\n|\n|-heal|p2a: Clefable|69\/100|[from] item: Leftovers\n|upkeep\n|turn|25\n|\n|t:|1699891831\n|move|p1a: Chompy|Earthquake|p2a: Clefable\n|-damage|p2a: Clefable|55\/100\n|move|p2a: Clefable|Moonlight|p2a: Clefable\n|-heal|p2a: Clefable|100\/100\n|\n|upkeep\n|turn|26\n|\n|t:|1699891837\n|move|p1a: Chompy|Iron Head|p2a: Clefable\n|-supereffective|p2a: Clefable\n|-damage|p2a: Clefable|83\/100\n|move|p2a: Clefable|Moonblast|p1a: Chompy\n|-supereffective|p1a: Chompy\n|-damage|p1a: Chompy|0 fnt\n|faint|p1a: Chompy\n|\n|-heal|p2a: Clefable|89\/100|[from] item: Leftovers\n|upkeep\n|\n|t:|1699891840\n|switch|p1a: ChesChes|Chesnaught, F, shiny|100\/100\n|-damage|p1a: ChesChes|94\/100|[from] Stealth Rock\n|turn|27\n|c|\u2606GIBLELOVER123456$$|gg stall\n|-message|GIBLELOVER123456$$ forfeited.\n|\n|win|trialteam98\n|raw|GIBLELOVER123456$$'s rating: 1282 &rarr; <strong>1252<\/strong><br \/>(-30 for losing)\n|raw|trialteam98's rating: 1211 &rarr; <strong>1241<\/strong><br \/>(+30 for winning)\n|l|\u2606GIBLELOVER123456$$\n","uploadtime":1699891854,"views":11,"p1id":"giblelover123456","p2id":"trialteam98","formatid":"gen9ou","rating":1241,"private":0,"password":""}