{"id":"gen9ou-1993185445","p1":"TacoSMELLSLIKEPISS","p2":"Lp-$tylez","format":"[Gen 9] OU","log":"|j|\u2606TacoSMELLSLIKEPISS\n|j|\u2606Lp-$tylez\n|t:|1700275277\n|gametype|singles\n|player|p1|TacoSMELLSLIKEPISS|pokemonbreederf-gen4|1316\n|player|p2|Lp-$tylez|169|1345\n|teamsize|p1|6\n|teamsize|p2|6\n|gen|9\n|tier|[Gen 9] OU\n|rated|\n|rule|Sleep Clause Mod: Limit one foe put to sleep\n|rule|Species Clause: Limit one of each Pok\u00e9mon\n|rule|OHKO Clause: OHKO moves are banned\n|rule|Evasion Items Clause: Evasion items are banned\n|rule|Evasion Moves Clause: Evasion moves are banned\n|rule|Endless Battle Clause: Forcing endless battles is banned\n|rule|HP Percentage Mod: HP is shown in percentages\n|clearpoke\n|poke|p1|Rillaboom, F|\n|poke|p1|Sneasler, F|\n|poke|p1|Alomomola, F|\n|poke|p1|Heatran, F|\n|poke|p1|Great Tusk|\n|poke|p1|Gholdengo|\n|poke|p2|Kingambit, F|\n|poke|p2|Dragapult, M|\n|poke|p2|Clefable, F|\n|poke|p2|Mandibuzz, F|\n|poke|p2|Heatran, M|\n|poke|p2|Landorus-Therian, M|\n|teampreview\n|inactive|Battle timer is ON: inactive players will automatically lose when time's up. (requested by TacoSMELLSLIKEPISS)\n|\n|t:|1700275298\n|start\n|switch|p1a: Rillaboom|Rillaboom, F|100\/100\n|switch|p2a: Landorus|Landorus-Therian, M|100\/100\n|-ability|p2a: Landorus|Intimidate|boost\n|-unboost|p1a: Rillaboom|atk|1\n|-fieldstart|move: Grassy Terrain|[from] ability: Grassy Surge|[of] p1a: Rillaboom\n|turn|1\n|\n|t:|1700275309\n|switch|p1a: Great Tusk|Great Tusk|100\/100\n|move|p2a: Landorus|U-turn|p1a: Great Tusk\n|-resisted|p1a: Great Tusk\n|-damage|p1a: Great Tusk|91\/100\n|\n|t:|1700275324\n|switch|p2a: Mandibuzz|Mandibuzz, F|100\/100|[from] U-turn\n|\n|-heal|p1a: Great Tusk|97\/100|[from] Grassy Terrain\n|upkeep\n|turn|2\n|\n|t:|1700275332\n|-end|p1a: Great Tusk|Protosynthesis|[silent]\n|switch|p1a: Heatran|Heatran, F|100\/100\n|move|p2a: Mandibuzz|Toxic|p1a: Heatran\n|-immune|p1a: Heatran\n|\n|upkeep\n|turn|3\n|\n|t:|1700275340\n|switch|p2a: Heatran|Heatran, M, shiny|100\/100\n|move|p1a: Heatran|Stealth Rock|p2a: Heatran\n|-sidestart|p2: Lp-$tylez|move: Stealth Rock\n|\n|upkeep\n|turn|4\n|\n|t:|1700275350\n|switch|p1a: Great Tusk|Great Tusk|97\/100\n|move|p2a: Heatran|Taunt|p1a: Great Tusk\n|-start|p1a: Great Tusk|move: Taunt\n|\n|-heal|p1a: Great Tusk|100\/100|[from] Grassy Terrain\n|upkeep\n|turn|5\n|\n|t:|1700275361\n|-end|p1a: Great Tusk|Protosynthesis|[silent]\n|switch|p1a: Alomomola|Alomomola, F|100\/100\n|switch|p2a: Mandibuzz|Mandibuzz, F|100\/100\n|\n|-fieldend|move: Grassy Terrain\n|upkeep\n|turn|6\n|\n|t:|1700275370\n|move|p2a: Mandibuzz|Toxic|p1a: Alomomola|[miss]\n|-miss|p2a: Mandibuzz|p1a: Alomomola\n|move|p1a: Alomomola|Scald|p2a: Mandibuzz\n|-damage|p2a: Mandibuzz|93\/100\n|\n|upkeep\n|turn|7\n|\n|t:|1700275378\n|move|p2a: Mandibuzz|Defog|p1a: Alomomola\n|-unboost|p1a: Alomomola|evasion|1\n|-sideend|p2: Lp-$tylez|Stealth Rock|[from] move: Defog|[of] p2a: Mandibuzz\n|move|p1a: Alomomola|Scald|p2a: Mandibuzz\n|-damage|p2a: Mandibuzz|86\/100\n|-status|p2a: Mandibuzz|brn\n|\n|-damage|p2a: Mandibuzz|80\/100 brn|[from] brn\n|upkeep\n|turn|8\n|\n|t:|1700275389\n|move|p2a: Mandibuzz|Toxic|p1a: Alomomola\n|-status|p1a: Alomomola|tox\n|move|p1a: Alomomola|Scald|p2a: Mandibuzz\n|-damage|p2a: Mandibuzz|72\/100 brn\n|\n|-damage|p1a: Alomomola|94\/100 tox|[from] psn\n|-damage|p2a: Mandibuzz|66\/100 brn|[from] brn\n|upkeep\n|turn|9\n|\n|t:|1700275399\n|move|p2a: Mandibuzz|Roost|p2a: Mandibuzz\n|-heal|p2a: Mandibuzz|100\/100 brn\n|-singleturn|p2a: Mandibuzz|move: Roost\n|move|p1a: Alomomola|Flip Turn|p2a: Mandibuzz\n|-damage|p2a: Mandibuzz|87\/100 brn\n|\n|t:|1700275401\n|switch|p1a: Heatran|Heatran, F|100\/100|[from] Flip Turn\n|\n|-damage|p2a: Mandibuzz|81\/100 brn|[from] brn\n|upkeep\n|turn|10\n|\n|t:|1700275415\n|switch|p1a: Great Tusk|Great Tusk|100\/100\n|move|p2a: Mandibuzz|Defog|p1a: Great Tusk\n|-unboost|p1a: Great Tusk|evasion|1\n|\n|-damage|p2a: Mandibuzz|75\/100 brn|[from] brn\n|upkeep\n|turn|11\n|\n|t:|1700275426\n|-end|p1a: Great Tusk|Protosynthesis|[silent]\n|switch|p1a: Heatran|Heatran, F|100\/100\n|switch|p2a: Landorus|Landorus-Therian, M|100\/100\n|-ability|p2a: Landorus|Intimidate|boost\n|-unboost|p1a: Heatran|atk|1\n|\n|upkeep\n|turn|12\n|\n|t:|1700275436\n|switch|p1a: Rillaboom|Rillaboom, F|100\/100\n|-fieldstart|move: Grassy Terrain|[from] ability: Grassy Surge|[of] p1a: Rillaboom\n|move|p2a: Landorus|Earthquake|p1a: Rillaboom\n|-resisted|p1a: Rillaboom\n|-damage|p1a: Rillaboom|83\/100\n|\n|-heal|p1a: Rillaboom|89\/100|[from] Grassy Terrain\n|upkeep\n|turn|13\n|\n|t:|1700275458\n|switch|p2a: Mandibuzz|Mandibuzz, F|75\/100 brn\n|move|p1a: Rillaboom|U-turn|p2a: Mandibuzz\n|-damage|p2a: Mandibuzz|49\/100 brn\n|\n|t:|1700275462\n|switch|p1a: Heatran|Heatran, F|100\/100|[from] U-turn\n|\n|-damage|p2a: Mandibuzz|43\/100 brn|[from] brn\n|upkeep\n|turn|14\n|\n|t:|1700275471\n|switch|p2a: Heatran|Heatran, M, shiny|100\/100\n|move|p1a: Heatran|Magma Storm|p2a: Heatran\n|-start|p2a: Heatran|ability: Flash Fire\n|\n|upkeep\n|turn|15\n|\n|t:|1700275478\n|switch|p1a: Alomomola|Alomomola, F|100\/100 tox\n|move|p2a: Heatran|Earth Power|p1a: Alomomola\n|-damage|p1a: Alomomola|71\/100 tox\n|-enditem|p1a: Alomomola|Red Card|[of] p2a: Heatran\n|-end|p2a: Heatran|ability: Flash Fire|[silent]\n|drag|p2a: Mandibuzz|Mandibuzz, F|43\/100 brn\n|\n|-heal|p1a: Alomomola|78\/100 tox|[from] Grassy Terrain\n|-damage|p1a: Alomomola|71\/100 tox|[from] psn\n|-damage|p2a: Mandibuzz|37\/100 brn|[from] brn\n|upkeep\n|turn|16\n|\n|t:|1700275492\n|switch|p1a: Heatran|Heatran, F|100\/100\n|move|p2a: Mandibuzz|Roost|p2a: Mandibuzz\n|-heal|p2a: Mandibuzz|87\/100 brn\n|-singleturn|p2a: Mandibuzz|move: Roost\n|\n|-heal|p2a: Mandibuzz|93\/100 brn|[from] Grassy Terrain\n|-damage|p2a: Mandibuzz|87\/100 brn|[from] brn\n|-fieldend|move: Grassy Terrain\n|upkeep\n|turn|17\n|\n|t:|1700275504\n|move|p2a: Mandibuzz|Defog|p1a: Heatran\n|-unboost|p1a: Heatran|evasion|1\n|move|p1a: Heatran|Stealth Rock|p2a: Mandibuzz\n|-sidestart|p2: Lp-$tylez|move: Stealth Rock\n|\n|-damage|p2a: Mandibuzz|81\/100 brn|[from] brn\n|upkeep\n|turn|18\n|\n|t:|1700275516\n|switch|p2a: Heatran|Heatran, M, shiny|100\/100\n|-damage|p2a: Heatran|88\/100|[from] Stealth Rock\n|switch|p1a: Gholdengo|Gholdengo|100\/100\n|\n|-heal|p2a: Heatran|94\/100|[from] item: Leftovers\n|upkeep\n|turn|19\n|\n|t:|1700275525\n|switch|p1a: Heatran|Heatran, F|100\/100\n|move|p2a: Heatran|Earth Power|p1a: Heatran\n|-supereffective|p1a: Heatran\n|-damage|p1a: Heatran|34\/100\n|\n|-heal|p2a: Heatran|99\/100|[from] item: Leftovers\n|-heal|p1a: Heatran|40\/100|[from] item: Leftovers\n|upkeep\n|turn|20\n|\n|t:|1700275536\n|move|p1a: Heatran|Protect|p1a: Heatran\n|-singleturn|p1a: Heatran|Protect\n|move|p2a: Heatran|Earth Power|p1a: Heatran\n|-activate|p1a: Heatran|move: Protect\n|\n|-heal|p2a: Heatran|100\/100|[from] item: Leftovers\n|-heal|p1a: Heatran|47\/100|[from] item: Leftovers\n|upkeep\n|turn|21\n|\n|t:|1700275556\n|switch|p1a: Great Tusk|Great Tusk|100\/100\n|move|p2a: Heatran|Magma Storm|p1a: Great Tusk\n|-damage|p1a: Great Tusk|35\/100\n|-activate|p1a: Great Tusk|move: Magma Storm|[of] p2a: Heatran\n|\n|-damage|p1a: Great Tusk|23\/100|[from] move: Magma Storm|[partiallytrapped]\n|upkeep\n|turn|22\n|\n|t:|1700275567\n|switch|p2a: Mandibuzz|Mandibuzz, F|81\/100 brn\n|move|p1a: Great Tusk|Knock Off|p2a: Mandibuzz\n|-resisted|p2a: Mandibuzz\n|-damage|p2a: Mandibuzz|68\/100 brn\n|-enditem|p2a: Mandibuzz|Heavy-Duty Boots|[from] move: Knock Off|[of] p1a: Great Tusk\n|\n|-damage|p2a: Mandibuzz|62\/100 brn|[from] brn\n|-end|p1a: Great Tusk|Magma Storm|[partiallytrapped]|[silent]\n|upkeep\n|turn|23\n|\n|t:|1700275577\n|move|p1a: Great Tusk|Stone Edge|p2a: Mandibuzz\n|-supereffective|p2a: Mandibuzz\n|-damage|p2a: Mandibuzz|3\/100 brn\n|move|p2a: Mandibuzz|Defog|p1a: Great Tusk\n|-unboost|p1a: Great Tusk|evasion|1\n|-sideend|p2: Lp-$tylez|Stealth Rock|[from] move: Defog|[of] p2a: Mandibuzz\n|\n|-damage|p2a: Mandibuzz|0 fnt|[from] brn\n|faint|p2a: Mandibuzz\n|upkeep\n|\n|t:|1700275589\n|switch|p2a: Dragapult|Dragapult, M|100\/100\n|turn|24\n|\n|t:|1700275595\n|-end|p1a: Great Tusk|Protosynthesis|[silent]\n|switch|p1a: Alomomola|Alomomola, F|100\/100 tox\n|move|p2a: Dragapult|Shadow Ball|p1a: Alomomola\n|-damage|p1a: Alomomola|36\/100 tox\n|\n|-damage|p1a: Alomomola|30\/100 tox|[from] psn\n|upkeep\n|turn|25\n|\n|t:|1700275604\n|move|p2a: Dragapult|Shadow Ball|p1a: Alomomola\n|-damage|p1a: Alomomola|0 fnt\n|faint|p1a: Alomomola\n|\n|upkeep\n|\n|t:|1700275607\n|switch|p1a: Rillaboom|Rillaboom, F|89\/100\n|-fieldstart|move: Grassy Terrain|[from] ability: Grassy Surge|[of] p1a: Rillaboom\n|turn|26\n|\n|t:|1700275616\n|move|p2a: Dragapult|Shadow Ball|p1a: Rillaboom\n|-damage|p1a: Rillaboom|25\/100\n|move|p1a: Rillaboom|U-turn|p2a: Dragapult\n|-resisted|p2a: Dragapult\n|-damage|p2a: Dragapult|76\/100\n|\n|t:|1700275617\n|switch|p1a: Sneasler|Sneasler, F|100\/100|[from] U-turn\n|-enditem|p1a: Sneasler|Grassy Seed\n|-boost|p1a: Sneasler|def|1|[from] item: Grassy Seed\n|\n|-heal|p2a: Dragapult|82\/100|[from] Grassy Terrain\n|upkeep\n|turn|27\n|\n|t:|1700275629\n|move|p1a: Sneasler|Swords Dance|p1a: Sneasler\n|-boost|p1a: Sneasler|atk|2\n|move|p2a: Dragapult|Shadow Ball|p1a: Sneasler\n|-damage|p1a: Sneasler|24\/100\n|\n|-heal|p1a: Sneasler|30\/100|[from] Grassy Terrain\n|-heal|p2a: Dragapult|88\/100|[from] Grassy Terrain\n|upkeep\n|turn|28\n|\n|t:|1700275640\n|move|p1a: Sneasler|Shadow Claw|p2a: Dragapult\n|-supereffective|p2a: Dragapult\n|-damage|p2a: Dragapult|0 fnt\n|faint|p2a: Dragapult\n|\n|-heal|p1a: Sneasler|36\/100|[from] Grassy Terrain\n|upkeep\n|\n|t:|1700275648\n|switch|p2a: Heatran|Heatran, M, shiny|100\/100\n|turn|29\n|\n|t:|1700275655\n|-terastallize|p2a: Heatran|Grass\n|move|p1a: Sneasler|Dire Claw|p2a: Heatran\n|-supereffective|p2a: Heatran\n|-damage|p2a: Heatran|0 fnt\n|faint|p2a: Heatran\n|\n|-heal|p1a: Sneasler|42\/100|[from] Grassy Terrain\n|upkeep\n|\n|t:|1700275667\n|switch|p2a: Kingambit|Kingambit, F|100\/100\n|-activate|p2a: Kingambit|ability: Supreme Overlord\n|-start|p2a: Kingambit|fallen3|[silent]\n|turn|30\n|\n|t:|1700275672\n|move|p2a: Kingambit|Sucker Punch|p1a: Sneasler\n|-resisted|p1a: Sneasler\n|-damage|p1a: Sneasler|4\/100\n|move|p1a: Sneasler|Close Combat|p2a: Kingambit\n|-supereffective|p2a: Kingambit\n|-damage|p2a: Kingambit|0 fnt\n|-unboost|p1a: Sneasler|def|1\n|-unboost|p1a: Sneasler|spd|1\n|faint|p2a: Kingambit\n|-end|p2a: Kingambit|fallen3|[silent]\n|\n|-heal|p1a: Sneasler|10\/100|[from] Grassy Terrain\n|-fieldend|move: Grassy Terrain\n|upkeep\n|\n|t:|1700275685\n|switch|p2a: Clefable|Clefable, F|100\/100\n|turn|31\n|\n|t:|1700275692\n|move|p1a: Sneasler|Dire Claw|p2a: Clefable\n|-supereffective|p2a: Clefable\n|-damage|p2a: Clefable|40\/100\n|-status|p2a: Clefable|psn\n|move|p2a: Clefable|Moonblast|p1a: Sneasler\n|-damage|p1a: Sneasler|0 fnt\n|faint|p1a: Sneasler\n|\n|-damage|p2a: Clefable|27\/100 psn|[from] psn\n|upkeep\n|\n|t:|1700275699\n|switch|p1a: Heatran|Heatran, F|47\/100\n|turn|32\n|\n|t:|1700275709\n|move|p1a: Heatran|Magma Storm|p2a: Clefable\n|-damage|p2a: Clefable|0 fnt\n|faint|p2a: Clefable\n|\n|-heal|p1a: Heatran|53\/100|[from] item: Leftovers\n|upkeep\n|\n|t:|1700275734\n|switch|p2a: Landorus|Landorus-Therian, M|100\/100\n|-ability|p2a: Landorus|Intimidate|boost\n|-unboost|p1a: Heatran|atk|1\n|turn|33\n|l|\u2606TacoSMELLSLIKEPISS\n|inactive|TacoSMELLSLIKEPISS disconnected and has a minute to reconnect!\n|player|p1|\n|j|\u2606TacoSMELLSLIKEPISS\n|inactive|TacoSMELLSLIKEPISS reconnected and has 125 seconds left.\n|player|p1|TacoSMELLSLIKEPISS|pokemonbreederf-gen4\n|\n|t:|1700275764\n|move|p1a: Heatran|Protect|p1a: Heatran\n|-singleturn|p1a: Heatran|Protect\n|move|p2a: Landorus|Earthquake|p1a: Heatran\n|-activate|p1a: Heatran|move: Protect\n|\n|-heal|p1a: Heatran|59\/100|[from] item: Leftovers\n|upkeep\n|turn|34\n|\n|t:|1700275774\n|-terastallize|p1a: Heatran|Grass\n|move|p2a: Landorus|Earthquake|p1a: Heatran\n|-resisted|p1a: Heatran\n|-damage|p1a: Heatran|34\/100\n|move|p1a: Heatran|Tera Blast|p2a: Landorus|[anim] Tera Blast Grass\n|-crit|p2a: Landorus\n|-damage|p2a: Landorus|37\/100\n|\n|-heal|p1a: Heatran|40\/100|[from] item: Leftovers\n|upkeep\n|turn|35\n|l|\u2606TacoSMELLSLIKEPISS\n|inactive|TacoSMELLSLIKEPISS disconnected and has a minute to reconnect!\n|player|p1|\n|-message|Lp-$tylez forfeited.\n|\n|win|TacoSMELLSLIKEPISS\n|raw|TacoSMELLSLIKEPISS's rating: 1316 &rarr; <strong>1338<\/strong><br \/>(+22 for winning)\n|raw|Lp-$tylez's rating: 1345 &rarr; <strong>1323<\/strong><br \/>(-22 for losing)\n|l|\u2606Lp-$tylez\n|j|\u2606TacoSMELLSLIKEPISS\n|player|p1|TacoSMELLSLIKEPISS|pokemonbreederf-gen4\n","uploadtime":1700275794,"views":19,"p1id":"tacosmellslikepiss","p2id":"lptylez","formatid":"gen9ou","rating":1323,"private":0,"password":""}