{"id":"gen9ou-1999544697","p1":"Slo Overdose","p2":"MrDrProfTest","format":"[Gen 9] OU","log":"|j|\u2606Slo Overdose\n|j|\u2606MrDrProfTest\n|t:|1701094593\n|gametype|singles\n|player|p1|Slo Overdose|anabel|1429\n|player|p2|MrDrProfTest|2|1542\n|teamsize|p1|6\n|teamsize|p2|6\n|gen|9\n|tier|[Gen 9] OU\n|rated|\n|rule|Sleep Clause Mod: Limit one foe put to sleep\n|rule|Species Clause: Limit one of each Pok\u00e9mon\n|rule|OHKO Clause: OHKO moves are banned\n|rule|Evasion Items Clause: Evasion items are banned\n|rule|Evasion Moves Clause: Evasion moves are banned\n|rule|Endless Battle Clause: Forcing endless battles is banned\n|rule|HP Percentage Mod: HP is shown in percentages\n|clearpoke\n|poke|p1|Clefable, M|\n|poke|p1|Zapdos|\n|poke|p1|Ogerpon-Wellspring, F|\n|poke|p1|Heatran, M|\n|poke|p1|Toxapex, F|\n|poke|p1|Conkeldurr, F|\n|poke|p2|Ursaluna, M|\n|poke|p2|Hatterene, F|\n|poke|p2|Cresselia, F|\n|poke|p2|Iron Hands|\n|poke|p2|Volcanion|\n|poke|p2|Slowking-Galar, F|\n|teampreview\n|inactive|Battle timer is ON: inactive players will automatically lose when time's up. (requested by Slo Overdose)\n|inactive|MrDrProfTest has 120 seconds left.\n|\n|t:|1701094627\n|start\n|switch|p1a: Heatran|Heatran, M|100\/100\n|switch|p2a: Volcanion|Volcanion|100\/100\n|turn|1\n|\n|t:|1701094635\n|switch|p1a: Toxapex|Toxapex, F|100\/100\n|move|p2a: Volcanion|Steam Eruption|p1a: Toxapex\n|-resisted|p1a: Toxapex\n|-damage|p1a: Toxapex|79\/100\n|\n|-heal|p1a: Toxapex|85\/100|[from] item: Leftovers\n|upkeep\n|turn|2\n|\n|t:|1701094642\n|move|p2a: Volcanion|Taunt|p1a: Toxapex\n|-start|p1a: Toxapex|move: Taunt\n|cant|p1a: Toxapex|move: Taunt|Toxic Spikes\n|\n|-heal|p1a: Toxapex|91\/100|[from] item: Leftovers\n|upkeep\n|turn|3\n|\n|t:|1701094654\n|switch|p1a: Heatran|Heatran, M|100\/100\n|move|p2a: Volcanion|Earth Power|p1a: Heatran\n|-supereffective|p1a: Heatran\n|-damage|p1a: Heatran|0 fnt\n|faint|p1a: Heatran\n|\n|upkeep\n|\n|t:|1701094671\n|switch|p1a: Ogerpon|Ogerpon-Wellspring, F|100\/100\n|turn|4\n|\n|t:|1701094683\n|move|p1a: Ogerpon|Spikes|p2a: Volcanion\n|-sidestart|p2: MrDrProfTest|Spikes\n|move|p2a: Volcanion|Flamethrower|p1a: Ogerpon\n|-damage|p1a: Ogerpon|49\/100\n|\n|upkeep\n|turn|5\n|\n|t:|1701094690\n|move|p1a: Ogerpon|Horn Leech|p2a: Volcanion\n|-damage|p2a: Volcanion|69\/100\n|-heal|p1a: Ogerpon|65\/100|[from] drain|[of] p2a: Volcanion\n|move|p2a: Volcanion|Flamethrower|p1a: Ogerpon\n|-crit|p1a: Ogerpon\n|-damage|p1a: Ogerpon|0 fnt\n|faint|p1a: Ogerpon\n|\n|upkeep\n|\n|t:|1701094696\n|switch|p1a: Conkeldurr|Conkeldurr, F|100\/100\n|turn|6\n|\n|t:|1701094711\n|move|p1a: Conkeldurr|Bulk Up|p1a: Conkeldurr\n|-boost|p1a: Conkeldurr|atk|1\n|-boost|p1a: Conkeldurr|def|1\n|move|p2a: Volcanion|Taunt|p1a: Conkeldurr\n|-start|p1a: Conkeldurr|move: Taunt\n|\n|-status|p1a: Conkeldurr|brn|[from] item: Flame Orb\n|upkeep\n|turn|7\n|\n|t:|1701094732\n|switch|p2a: Hatterene|Hatterene, F|100\/100\n|-damage|p2a: Hatterene|88\/100|[from] Spikes\n|move|p1a: Conkeldurr|Facade|p2a: Hatterene\n|-crit|p2a: Hatterene\n|-damage|p2a: Hatterene|0 fnt\n|faint|p2a: Hatterene\n|\n|-damage|p1a: Conkeldurr|94\/100 brn|[from] brn\n|upkeep\n|inactive|MrDrProfTest has 120 seconds left.\n|\n|t:|1701094757\n|switch|p2a: Cresselia|Cresselia, F|100\/100\n|turn|8\n|\n|t:|1701094768\n|-terastallize|p1a: Conkeldurr|Normal\n|move|p1a: Conkeldurr|Facade|p2a: Cresselia\n|-damage|p2a: Cresselia|0 fnt\n|faint|p2a: Cresselia\n|\n|-damage|p1a: Conkeldurr|88\/100 brn|[from] brn\n|upkeep\n|\n|t:|1701094791\n|switch|p2a: Iron Hands|Iron Hands|100\/100\n|-damage|p2a: Iron Hands|88\/100|[from] Spikes\n|-enditem|p2a: Iron Hands|Booster Energy\n|-activate|p2a: Iron Hands|ability: Quark Drive|[fromitem]\n|-start|p2a: Iron Hands|quarkdriveatk\n|turn|9\n|\n|t:|1701094795\n|move|p1a: Conkeldurr|Facade|p2a: Iron Hands\n|-damage|p2a: Iron Hands|0 fnt\n|faint|p2a: Iron Hands\n|-end|p2a: Iron Hands|Quark Drive|[silent]\n|\n|-damage|p1a: Conkeldurr|82\/100 brn|[from] brn\n|-end|p1a: Conkeldurr|move: Taunt\n|upkeep\n|\n|t:|1701094801\n|switch|p2a: Ursaluna|Ursaluna, M|100\/100\n|-damage|p2a: Ursaluna|88\/100|[from] Spikes\n|turn|10\n|\n|t:|1701094809\n|move|p1a: Conkeldurr|Drain Punch|p2a: Ursaluna\n|-supereffective|p2a: Ursaluna\n|-damage|p2a: Ursaluna|0 fnt\n|-heal|p1a: Conkeldurr|100\/100 brn|[from] drain|[of] p2a: Ursaluna\n|faint|p2a: Ursaluna\n|\n|-damage|p1a: Conkeldurr|94\/100 brn|[from] brn\n|upkeep\n|\n|t:|1701094813\n|switch|p2a: Slowking|Slowking-Galar, F|100\/100\n|turn|11\n|\n|t:|1701094819\n|move|p1a: Conkeldurr|Facade|p2a: Slowking\n|-damage|p2a: Slowking|0 fnt\n|faint|p2a: Slowking\n|\n|-damage|p1a: Conkeldurr|88\/100 brn|[from] brn\n|upkeep\n|\n|t:|1701094821\n|switch|p2a: Volcanion|Volcanion|69\/100\n|turn|12\n|\n|t:|1701094825\n|move|p1a: Conkeldurr|Facade|p2a: Volcanion\n|-damage|p2a: Volcanion|0 fnt\n|faint|p2a: Volcanion\n|\n|win|Slo Overdose\n|raw|Slo Overdose's rating: 1429 &rarr; <strong>1455<\/strong><br \/>(+26 for winning)\n|raw|MrDrProfTest's rating: 1542 &rarr; <strong>1516<\/strong><br \/>(-26 for losing)\n","uploadtime":1701094829,"views":14,"p1id":"slooverdose","p2id":"mrdrproftest","formatid":"gen9ou","rating":1455,"private":0,"password":""}