{"id":"gen9ou-1989896973","p1":"EllieTheAlt","p2":"mala\u2606huju","format":"[Gen 9] OU","log":"|j|\u2606EllieTheAlt\n|j|\u2606mala\u2606huju\n|t:|1699904821\n|gametype|singles\n|player|p1|EllieTheAlt|leaf-masters|1649\n|player|p2|mala\u2606huju|steven|1619\n|teamsize|p1|6\n|teamsize|p2|6\n|gen|9\n|tier|[Gen 9] OU\n|rated|\n|rule|Sleep Clause Mod: Limit one foe put to sleep\n|rule|Species Clause: Limit one of each Pok\u00e9mon\n|rule|OHKO Clause: OHKO moves are banned\n|rule|Evasion Items Clause: Evasion items are banned\n|rule|Evasion Moves Clause: Evasion moves are banned\n|rule|Endless Battle Clause: Forcing endless battles is banned\n|rule|HP Percentage Mod: HP is shown in percentages\n|clearpoke\n|poke|p1|Great Tusk|\n|poke|p1|Rillaboom, M|\n|poke|p1|Alomomola, M|\n|poke|p1|Moltres|\n|poke|p1|Heatran, M|\n|poke|p1|Kingambit, M|\n|poke|p2|Ceruledge, M|\n|poke|p2|Kingambit, M|\n|poke|p2|Great Tusk|\n|poke|p2|Rillaboom, F|\n|poke|p2|Slowking-Galar, M|\n|poke|p2|Garganacl, M|\n|teampreview\n|\n|t:|1699904837\n|start\n|switch|p1a: Alomomola|Alomomola, M|100\/100\n|switch|p2a: Garganacl|Garganacl, M|100\/100\n|turn|1\n|c|\u2606mala\u2606huju|hf\n|inactive|Battle timer is ON: inactive players will automatically lose when time's up. (requested by mala\u2606huju)\n|c|\u2606EllieTheAlt|gl hf\n|\n|t:|1699904846\n|move|p1a: Alomomola|Scald|p2a: Garganacl\n|-supereffective|p2a: Garganacl\n|-damage|p2a: Garganacl|83\/100\n|move|p2a: Garganacl|Stealth Rock|p1a: Alomomola\n|-sidestart|p1: EllieTheAlt|move: Stealth Rock\n|\n|-heal|p2a: Garganacl|89\/100|[from] item: Leftovers\n|upkeep\n|turn|2\n|\n|t:|1699904855\n|move|p1a: Alomomola|Flip Turn|p2a: Garganacl\n|-supereffective|p2a: Garganacl\n|-damage|p2a: Garganacl|66\/100\n|\n|t:|1699904859\n|switch|p1a: Rillaboom|Rillaboom, M|100\/100|[from] Flip Turn\n|-damage|p1a: Rillaboom|88\/100|[from] Stealth Rock\n|-fieldstart|move: Grassy Terrain|[from] ability: Grassy Surge|[of] p1a: Rillaboom\n|move|p2a: Garganacl|Salt Cure|p1a: Rillaboom\n|-damage|p1a: Rillaboom|76\/100\n|-start|p1a: Rillaboom|Salt Cure\n|\n|-heal|p1a: Rillaboom|82\/100|[from] Grassy Terrain\n|-heal|p1a: Rillaboom|88\/100|[from] item: Leftovers\n|-heal|p2a: Garganacl|72\/100|[from] Grassy Terrain\n|-heal|p2a: Garganacl|78\/100|[from] item: Leftovers\n|-damage|p1a: Rillaboom|76\/100|[from] Salt Cure\n|upkeep\n|turn|3\n|j| FiniWinny\n|inactive|mala\u2606huju has 120 seconds left.\n|\n|t:|1699904898\n|switch|p2a: Rillaboom|Rillaboom, F|100\/100\n|move|p1a: Rillaboom|Knock Off|p2a: Rillaboom\n|-damage|p2a: Rillaboom|70\/100\n|-enditem|p2a: Rillaboom|Terrain Extender|[from] move: Knock Off|[of] p1a: Rillaboom\n|\n|-heal|p2a: Rillaboom|76\/100|[from] Grassy Terrain\n|-heal|p1a: Rillaboom|82\/100|[from] Grassy Terrain\n|-heal|p1a: Rillaboom|88\/100|[from] item: Leftovers\n|-damage|p1a: Rillaboom|76\/100|[from] Salt Cure\n|upkeep\n|turn|4\n|inactive|mala\u2606huju has 120 seconds left.\n|\n|t:|1699904909\n|move|p2a: Rillaboom|Leech Seed|p1a: Rillaboom\n|-immune|p1a: Rillaboom\n|move|p1a: Rillaboom|U-turn|p2a: Rillaboom\n|-supereffective|p2a: Rillaboom\n|-damage|p2a: Rillaboom|31\/100\n|c|\u2606EllieTheAlt|uh?\n|inactive|EllieTheAlt has 120 seconds left.\n|\n|t:|1699904948\n|switch|p1a: Moltres|Moltres|100\/100|[from] U-turn\n|\n|-heal|p2a: Rillaboom|37\/100|[from] Grassy Terrain\n|upkeep\n|turn|5\n|c|\u2606mala\u2606huju|i thought you'd go moltres\n|inactive|EllieTheAlt has 120 seconds left.\n|\n|t:|1699904960\n|switch|p2a: Garganacl|Garganacl, M|78\/100\n|move|p1a: Moltres|Flamethrower|p2a: Garganacl\n|-resisted|p2a: Garganacl\n|-damage|p2a: Garganacl|66\/100\n|\n|-heal|p2a: Garganacl|72\/100|[from] Grassy Terrain\n|-heal|p2a: Garganacl|78\/100|[from] item: Leftovers\n|upkeep\n|turn|6\n|c|\u2606mala\u2606huju|didn't wanna u turn in case it burned\n|l| FiniWinny\n|inactive|mala\u2606huju has 120 seconds left.\n|\n|t:|1699904978\n|move|p1a: Moltres|U-turn|p2a: Garganacl\n|-damage|p2a: Garganacl|69\/100\n|\n|t:|1699904984\n|switch|p1a: Alomomola|Alomomola, M|100\/100|[from] U-turn\n|move|p2a: Garganacl|Salt Cure|p1a: Alomomola\n|-damage|p1a: Alomomola|93\/100\n|-start|p1a: Alomomola|Salt Cure\n|\n|-heal|p1a: Alomomola|99\/100|[from] Grassy Terrain\n|-heal|p2a: Garganacl|75\/100|[from] Grassy Terrain\n|-heal|p2a: Garganacl|81\/100|[from] item: Leftovers\n|-damage|p1a: Alomomola|74\/100|[from] Salt Cure\n|-fieldend|move: Grassy Terrain\n|upkeep\n|turn|7\n|inactive|mala\u2606huju has 120 seconds left.\n|c|\u2606EllieTheAlt|fair\n|\n|t:|1699905004\n|move|p1a: Alomomola|Wish|p1a: Alomomola\n|move|p2a: Garganacl|Curse|p2a: Garganacl\n|-unboost|p2a: Garganacl|spe|1\n|-boost|p2a: Garganacl|atk|1\n|-boost|p2a: Garganacl|def|1\n|\n|-heal|p2a: Garganacl|87\/100|[from] item: Leftovers\n|-damage|p1a: Alomomola|50\/100|[from] Salt Cure\n|upkeep\n|turn|8\n|inactive|mala\u2606huju has 120 seconds left.\n|\n|t:|1699905010\n|move|p1a: Alomomola|Flip Turn|p2a: Garganacl\n|-supereffective|p2a: Garganacl\n|-damage|p2a: Garganacl|72\/100\n|\n|t:|1699905027\n|switch|p1a: Rillaboom|Rillaboom, M|76\/100|[from] Flip Turn\n|-damage|p1a: Rillaboom|63\/100|[from] Stealth Rock\n|-fieldstart|move: Grassy Terrain|[from] ability: Grassy Surge|[of] p1a: Rillaboom\n|move|p2a: Garganacl|Curse|p2a: Garganacl\n|-unboost|p2a: Garganacl|spe|1\n|-boost|p2a: Garganacl|atk|1\n|-boost|p2a: Garganacl|def|1\n|\n|-heal|p1a: Rillaboom|100\/100|[from] move: Wish|[wisher] Alomomola\n|-heal|p2a: Garganacl|78\/100|[from] Grassy Terrain\n|-heal|p2a: Garganacl|85\/100|[from] item: Leftovers\n|upkeep\n|turn|9\n|j|+Toxtricity-Amped\n|\n|t:|1699905041\n|move|p1a: Rillaboom|Wood Hammer|p2a: Garganacl\n|-supereffective|p2a: Garganacl\n|-damage|p2a: Garganacl|37\/100\n|-damage|p1a: Rillaboom|84\/100|[from] Recoil\n|move|p2a: Garganacl|Salt Cure|p1a: Rillaboom\n|-damage|p1a: Rillaboom|57\/100\n|-start|p1a: Rillaboom|Salt Cure\n|\n|-heal|p1a: Rillaboom|64\/100|[from] Grassy Terrain\n|-heal|p1a: Rillaboom|70\/100|[from] item: Leftovers\n|-heal|p2a: Garganacl|43\/100|[from] Grassy Terrain\n|-heal|p2a: Garganacl|49\/100|[from] item: Leftovers\n|-damage|p1a: Rillaboom|57\/100|[from] Salt Cure\n|upkeep\n|turn|10\n|inactive|mala\u2606huju has 120 seconds left.\n|\n|t:|1699905076\n|switch|p2a: Rillaboom|Rillaboom, F|37\/100\n|move|p1a: Rillaboom|Wood Hammer|p2a: Rillaboom\n|-resisted|p2a: Rillaboom\n|-damage|p2a: Rillaboom|0 fnt\n|faint|p2a: Rillaboom\n|-damage|p1a: Rillaboom|46\/100|[from] Recoil\n|\n|-heal|p1a: Rillaboom|52\/100|[from] Grassy Terrain\n|-heal|p1a: Rillaboom|58\/100|[from] item: Leftovers\n|-damage|p1a: Rillaboom|46\/100|[from] Salt Cure\n|upkeep\n|inactive|mala\u2606huju has 90 seconds left.\n|\n|t:|1699905119\n|switch|p2a: Great Tusk|Great Tusk|100\/100\n|turn|11\n|\n|t:|1699905130\n|switch|p1a: Moltres|Moltres|100\/100\n|move|p2a: Great Tusk|Rapid Spin|p1a: Moltres\n|-damage|p1a: Moltres|91\/100\n|-boost|p2a: Great Tusk|spe|1\n|\n|upkeep\n|turn|12\n|\n|t:|1699905137\n|-end|p2a: Great Tusk|Protosynthesis|[silent]\n|switch|p2a: Ceruledge|Ceruledge, M|100\/100\n|move|p1a: Moltres|U-turn|p2a: Ceruledge\n|-resisted|p2a: Ceruledge\n|-damage|p2a: Ceruledge|96\/100\n|\n|t:|1699905146\n|switch|p1a: Great Tusk|Great Tusk|100\/100|[from] U-turn\n|-damage|p1a: Great Tusk|98\/100|[from] Stealth Rock\n|\n|-heal|p1a: Great Tusk|100\/100|[from] Grassy Terrain\n|-heal|p2a: Ceruledge|100\/100|[from] Grassy Terrain\n|-fieldend|move: Grassy Terrain\n|upkeep\n|turn|13\n|\n|t:|1699905154\n|switch|p2a: Great Tusk|Great Tusk|100\/100\n|move|p1a: Great Tusk|Headlong Rush|p2a: Great Tusk\n|-damage|p2a: Great Tusk|73\/100\n|-unboost|p1a: Great Tusk|def|1\n|-unboost|p1a: Great Tusk|spd|1\n|\n|-heal|p2a: Great Tusk|80\/100|[from] item: Leftovers\n|upkeep\n|turn|14\n|\n|t:|1699905160\n|-end|p1a: Great Tusk|Protosynthesis|[silent]\n|switch|p1a: Rillaboom|Rillaboom, M|46\/100\n|-damage|p1a: Rillaboom|33\/100|[from] Stealth Rock\n|-fieldstart|move: Grassy Terrain|[from] ability: Grassy Surge|[of] p1a: Rillaboom\n|move|p2a: Great Tusk|Knock Off|p1a: Rillaboom\n|-damage|p1a: Rillaboom|8\/100\n|-enditem|p1a: Rillaboom|Leftovers|[from] move: Knock Off|[of] p2a: Great Tusk\n|\n|-heal|p2a: Great Tusk|86\/100|[from] Grassy Terrain\n|-heal|p2a: Great Tusk|92\/100|[from] item: Leftovers\n|-heal|p1a: Rillaboom|14\/100|[from] Grassy Terrain\n|upkeep\n|turn|15\n|j|+its zxc\u266a\n|\n|t:|1699905174\n|move|p2a: Great Tusk|Rapid Spin|p1a: Rillaboom\n|-damage|p1a: Rillaboom|1\/100\n|-boost|p2a: Great Tusk|spe|1\n|move|p1a: Rillaboom|Knock Off|p2a: Great Tusk\n|-resisted|p2a: Great Tusk\n|-damage|p2a: Great Tusk|84\/100\n|-enditem|p2a: Great Tusk|Leftovers|[from] move: Knock Off|[of] p1a: Rillaboom\n|\n|-heal|p2a: Great Tusk|91\/100|[from] Grassy Terrain\n|-heal|p1a: Rillaboom|8\/100|[from] Grassy Terrain\n|upkeep\n|turn|16\n|\n|t:|1699905183\n|move|p1a: Rillaboom|Grassy Glide|p2a: Great Tusk\n|-supereffective|p2a: Great Tusk\n|-damage|p2a: Great Tusk|53\/100\n|move|p2a: Great Tusk|Knock Off|p1a: Rillaboom\n|-damage|p1a: Rillaboom|0 fnt\n|faint|p1a: Rillaboom\n|\n|-heal|p2a: Great Tusk|59\/100|[from] Grassy Terrain\n|upkeep\n|\n|t:|1699905208\n|switch|p1a: Great Tusk|Great Tusk|100\/100\n|-damage|p1a: Great Tusk|98\/100|[from] Stealth Rock\n|turn|17\n|\n|t:|1699905214\n|move|p2a: Great Tusk|Bulk Up|p2a: Great Tusk\n|-boost|p2a: Great Tusk|atk|1\n|-boost|p2a: Great Tusk|def|1\n|move|p1a: Great Tusk|Rapid Spin|p2a: Great Tusk\n|-damage|p2a: Great Tusk|54\/100\n|-boost|p1a: Great Tusk|spe|1\n|-sideend|p1: EllieTheAlt|Stealth Rock|[from] move: Rapid Spin|[of] p1a: Great Tusk\n|\n|-heal|p1a: Great Tusk|100\/100|[from] Grassy Terrain\n|-heal|p2a: Great Tusk|61\/100|[from] Grassy Terrain\n|upkeep\n|turn|18\n|\n|t:|1699905224\n|-end|p1a: Great Tusk|Protosynthesis|[silent]\n|switch|p1a: Alomomola|Alomomola, M|83\/100\n|move|p2a: Great Tusk|High Horsepower|p1a: Alomomola\n|-damage|p1a: Alomomola|47\/100\n|\n|-heal|p2a: Great Tusk|67\/100|[from] Grassy Terrain\n|-heal|p1a: Alomomola|53\/100|[from] Grassy Terrain\n|-fieldend|move: Grassy Terrain\n|upkeep\n|turn|19\n|inactive|mala\u2606huju has 120 seconds left.\n|\n|t:|1699905234\n|move|p2a: Great Tusk|Knock Off|p1a: Alomomola\n|-damage|p1a: Alomomola|31\/100\n|-enditem|p1a: Alomomola|Heavy-Duty Boots|[from] move: Knock Off|[of] p2a: Great Tusk\n|move|p1a: Alomomola|Wish|p1a: Alomomola\n|\n|upkeep\n|turn|20\n|\n|t:|1699905242\n|move|p1a: Alomomola|Protect|p1a: Alomomola\n|-singleturn|p1a: Alomomola|Protect\n|move|p2a: Great Tusk|Knock Off|p1a: Alomomola\n|-activate|p1a: Alomomola|move: Protect\n|\n|-heal|p1a: Alomomola|81\/100|[from] move: Wish|[wisher] Alomomola\n|upkeep\n|turn|21\n|\n|t:|1699905248\n|move|p2a: Great Tusk|Bulk Up|p2a: Great Tusk\n|-boost|p2a: Great Tusk|atk|1\n|-boost|p2a: Great Tusk|def|1\n|move|p1a: Alomomola|Wish|p1a: Alomomola\n|\n|upkeep\n|turn|22\n|\n|t:|1699905253\n|move|p2a: Great Tusk|High Horsepower|p1a: Alomomola\n|-damage|p1a: Alomomola|35\/100\n|move|p1a: Alomomola|Scald|p2a: Great Tusk\n|-supereffective|p2a: Great Tusk\n|-damage|p2a: Great Tusk|30\/100\n|\n|-heal|p1a: Alomomola|85\/100|[from] move: Wish|[wisher] Alomomola\n|upkeep\n|turn|23\n|\n|t:|1699905259\n|move|p2a: Great Tusk|High Horsepower|p1a: Alomomola\n|-damage|p1a: Alomomola|41\/100\n|move|p1a: Alomomola|Scald|p2a: Great Tusk\n|-supereffective|p2a: Great Tusk\n|-damage|p2a: Great Tusk|0 fnt\n|faint|p2a: Great Tusk\n|-end|p2a: Great Tusk|Protosynthesis|[silent]\n|\n|upkeep\n|\n|t:|1699905264\n|switch|p2a: Garganacl|Garganacl, M|49\/100\n|turn|24\n|inactive|EllieTheAlt has 120 seconds left.\n|\n|t:|1699905305\n|-terastallize|p2a: Garganacl|Water\n|move|p1a: Alomomola|Flip Turn|p2a: Garganacl\n|-resisted|p2a: Garganacl\n|-damage|p2a: Garganacl|43\/100\n|inactive|EllieTheAlt has 90 seconds left.\n|\n|t:|1699905333\n|switch|p1a: Kingambit|Kingambit, M|100\/100|[from] Flip Turn\n|-activate|p1a: Kingambit|ability: Supreme Overlord\n|-start|p1a: Kingambit|fallen1|[silent]\n|move|p2a: Garganacl|Curse|p2a: Garganacl\n|-unboost|p2a: Garganacl|spe|1\n|-boost|p2a: Garganacl|atk|1\n|-boost|p2a: Garganacl|def|1\n|\n|-heal|p2a: Garganacl|49\/100|[from] item: Leftovers\n|upkeep\n|turn|25\n|\n|t:|1699905339\n|move|p1a: Kingambit|Swords Dance|p1a: Kingambit\n|-boost|p1a: Kingambit|atk|2\n|move|p2a: Garganacl|Recover|p2a: Garganacl\n|-heal|p2a: Garganacl|99\/100\n|\n|-heal|p2a: Garganacl|100\/100|[from] item: Leftovers\n|upkeep\n|turn|26\n|\n|t:|1699905346\n|move|p1a: Kingambit|Swords Dance|p1a: Kingambit\n|-boost|p1a: Kingambit|atk|2\n|move|p2a: Garganacl|Salt Cure|p1a: Kingambit\n|-resisted|p1a: Kingambit\n|-damage|p1a: Kingambit|93\/100\n|-start|p1a: Kingambit|Salt Cure\n|\n|-heal|p1a: Kingambit|99\/100|[from] item: Leftovers\n|-damage|p1a: Kingambit|74\/100|[from] Salt Cure\n|upkeep\n|turn|27\n|\n|t:|1699905353\n|switch|p2a: Ceruledge|Ceruledge, M|100\/100\n|move|p1a: Kingambit|Kowtow Cleave|p2a: Ceruledge\n|-supereffective|p2a: Ceruledge\n|-damage|p2a: Ceruledge|0 fnt\n|faint|p2a: Ceruledge\n|\n|-heal|p1a: Kingambit|80\/100|[from] item: Leftovers\n|-damage|p1a: Kingambit|56\/100|[from] Salt Cure\n|upkeep\n|\n|t:|1699905362\n|switch|p2a: Kingambit|Kingambit, M|100\/100\n|-activate|p2a: Kingambit|ability: Supreme Overlord\n|-start|p2a: Kingambit|fallen3|[silent]\n|turn|28\n|\n|t:|1699905369\n|move|p2a: Kingambit|Kowtow Cleave|p1a: Kingambit\n|-resisted|p1a: Kingambit\n|-damage|p1a: Kingambit|32\/100\n|move|p1a: Kingambit|Iron Head|p2a: Kingambit\n|-resisted|p2a: Kingambit\n|-damage|p2a: Kingambit|41\/100\n|\n|-heal|p2a: Kingambit|47\/100|[from] item: Leftovers\n|-heal|p1a: Kingambit|38\/100|[from] item: Leftovers\n|-damage|p1a: Kingambit|13\/100|[from] Salt Cure\n|upkeep\n|turn|29\n|\n|t:|1699905379\n|move|p1a: Kingambit|Sucker Punch|p2a: Kingambit\n|-resisted|p2a: Kingambit\n|-damage|p2a: Kingambit|0 fnt\n|faint|p2a: Kingambit\n|-end|p2a: Kingambit|fallen3|[silent]\n|\n|-heal|p1a: Kingambit|19\/100|[from] item: Leftovers\n|-damage|p1a: Kingambit|0 fnt|[from] Salt Cure\n|faint|p1a: Kingambit\n|-end|p1a: Kingambit|fallen1|[silent]\n|upkeep\n|c|\u2606EllieTheAlt|uh oh\n|j| darmanin-zen\n|\n|t:|1699905397\n|switch|p1a: Great Tusk|Great Tusk|100\/100\n|switch|p2a: Garganacl|Garganacl, M, tera:Water|100\/100\n|turn|30\n|l|+its zxc\u266a\n|\n|t:|1699905416\n|move|p1a: Great Tusk|Knock Off|p2a: Garganacl\n|-damage|p2a: Garganacl|82\/100\n|-enditem|p2a: Garganacl|Leftovers|[from] move: Knock Off|[of] p1a: Great Tusk\n|move|p2a: Garganacl|Curse|p2a: Garganacl\n|-unboost|p2a: Garganacl|spe|1\n|-boost|p2a: Garganacl|atk|1\n|-boost|p2a: Garganacl|def|1\n|\n|upkeep\n|turn|31\n|\n|t:|1699905438\n|-end|p1a: Great Tusk|Protosynthesis|[silent]\n|switch|p1a: Heatran|Heatran, M|100\/100\n|move|p2a: Garganacl|Salt Cure|p1a: Heatran\n|-damage|p1a: Heatran|83\/100\n|-start|p1a: Heatran|Salt Cure\n|\n|-heal|p1a: Heatran|90\/100|[from] item: Leftovers\n|-damage|p1a: Heatran|65\/100|[from] Salt Cure\n|upkeep\n|turn|32\n|\n|t:|1699905444\n|-terastallize|p1a: Heatran|Grass\n|move|p1a: Heatran|Taunt|p2a: Garganacl\n|-start|p2a: Garganacl|move: Taunt\n|cant|p2a: Garganacl|move: Taunt|Curse\n|\n|-heal|p1a: Heatran|71\/100|[from] item: Leftovers\n|-damage|p1a: Heatran|59\/100|[from] Salt Cure\n|upkeep\n|turn|33\n|\n|t:|1699905447\n|move|p1a: Heatran|Magma Storm|p2a: Garganacl|[miss]\n|-miss|p1a: Heatran|p2a: Garganacl\n|move|p2a: Garganacl|Salt Cure|p1a: Heatran\n|-crit|p1a: Heatran\n|-damage|p1a: Heatran|32\/100\n|\n|-heal|p1a: Heatran|38\/100|[from] item: Leftovers\n|-damage|p1a: Heatran|26\/100|[from] Salt Cure\n|upkeep\n|turn|34\n|c|\u2606EllieTheAlt|i forgot i had this ill be real\n|\n|t:|1699905455\n|move|p1a: Heatran|Magma Storm|p2a: Garganacl\n|-resisted|p2a: Garganacl\n|-damage|p2a: Garganacl|69\/100\n|-activate|p2a: Garganacl|move: Magma Storm|[of] p1a: Heatran\n|move|p2a: Garganacl|Salt Cure|p1a: Heatran\n|-damage|p1a: Heatran|9\/100\n|\n|-heal|p1a: Heatran|15\/100|[from] item: Leftovers\n|-damage|p1a: Heatran|3\/100|[from] Salt Cure\n|-damage|p2a: Garganacl|57\/100|[from] move: Magma Storm|[partiallytrapped]\n|-end|p2a: Garganacl|move: Taunt\n|upkeep\n|turn|35\n|\n|t:|1699905474\n|move|p1a: Heatran|Taunt|p2a: Garganacl\n|-start|p2a: Garganacl|move: Taunt\n|cant|p2a: Garganacl|move: Taunt|Recover\n|\n|-heal|p1a: Heatran|9\/100|[from] item: Leftovers\n|-damage|p1a: Heatran|0 fnt|[from] Salt Cure\n|faint|p1a: Heatran\n|-end|p2a: Garganacl|Magma Storm|[partiallytrapped]|[silent]\n|upkeep\n|inactive|EllieTheAlt has 120 seconds left.\n|\n|t:|1699905505\n|switch|p1a: Great Tusk|Great Tusk|100\/100\n|turn|36\n|\n|t:|1699905527\n|move|p1a: Great Tusk|Headlong Rush|p2a: Garganacl\n|-damage|p2a: Garganacl|33\/100\n|-unboost|p1a: Great Tusk|def|1\n|-unboost|p1a: Great Tusk|spd|1\n|move|p2a: Garganacl|Salt Cure|p1a: Great Tusk\n|-resisted|p1a: Great Tusk\n|-damage|p1a: Great Tusk|95\/100\n|-start|p1a: Great Tusk|Salt Cure\n|\n|-heal|p1a: Great Tusk|100\/100|[from] item: Leftovers\n|-damage|p1a: Great Tusk|88\/100|[from] Salt Cure\n|upkeep\n|turn|37\n|inactive|EllieTheAlt has 120 seconds left.\n|inactive|mala\u2606huju has 120 seconds left.\n|\n|t:|1699905564\n|move|p1a: Great Tusk|Headlong Rush|p2a: Garganacl\n|-damage|p2a: Garganacl|11\/100\n|-unboost|p1a: Great Tusk|def|1\n|-unboost|p1a: Great Tusk|spd|1\n|move|p2a: Garganacl|Salt Cure|p1a: Great Tusk\n|-resisted|p1a: Great Tusk\n|-damage|p1a: Great Tusk|81\/100\n|\n|-heal|p1a: Great Tusk|87\/100|[from] item: Leftovers\n|-damage|p1a: Great Tusk|74\/100|[from] Salt Cure\n|-end|p2a: Garganacl|move: Taunt\n|upkeep\n|turn|38\n|c|\u2606mala\u2606huju|gg\n|c|\u2606mala\u2606huju|wp\n|\n|t:|1699905574\n|move|p1a: Great Tusk|Headlong Rush|p2a: Garganacl\n|-damage|p2a: Garganacl|0 fnt\n|-unboost|p1a: Great Tusk|def|1\n|-unboost|p1a: Great Tusk|spd|1\n|faint|p2a: Garganacl\n|\n|-heal|p1a: Great Tusk|80\/100|[from] item: Leftovers\n|-damage|p1a: Great Tusk|68\/100|[from] Salt Cure\n|upkeep\n|c|\u2606EllieTheAlt|gg\n|c|\u2606EllieTheAlt|u 2\n|\n|t:|1699905582\n|switch|p2a: Slowking|Slowking-Galar, M|100\/100\n|turn|39\n|\n|t:|1699905586\n|-end|p1a: Great Tusk|Protosynthesis|[silent]\n|switch|p1a: Alomomola|Alomomola, M|74\/100\n|move|p2a: Slowking|Ice Beam|p1a: Alomomola\n|-resisted|p1a: Alomomola\n|-crit|p1a: Alomomola\n|-damage|p1a: Alomomola|50\/100\n|\n|upkeep\n|turn|40\n|\n|t:|1699905590\n|move|p1a: Alomomola|Wish|p1a: Alomomola\n|move|p2a: Slowking|Future Sight|p1a: Alomomola\n|-start|p2a: Slowking|move: Future Sight\n|\n|upkeep\n|turn|41\n|\n|t:|1699905593\n|move|p1a: Alomomola|Scald|p2a: Slowking\n|-damage|p2a: Slowking|94\/100\n|-status|p2a: Slowking|brn\n|move|p2a: Slowking|Sludge Bomb|p1a: Alomomola\n|-damage|p1a: Alomomola|5\/100\n|\n|-heal|p1a: Alomomola|55\/100|[from] move: Wish|[wisher] Alomomola\n|-damage|p2a: Slowking|88\/100 brn|[from] brn\n|upkeep\n|turn|42\n|\n|t:|1699905598\n|move|p1a: Alomomola|Wish|p1a: Alomomola\n|move|p2a: Slowking|Sludge Bomb|p1a: Alomomola\n|-damage|p1a: Alomomola|7\/100\n|\n|-end|p1a: Alomomola|move: Future Sight\n|-damage|p1a: Alomomola|0 fnt\n|faint|p1a: Alomomola\n|-damage|p2a: Slowking|82\/100 brn|[from] brn\n|upkeep\n|\n|t:|1699905603\n|switch|p1a: Great Tusk|Great Tusk|68\/100\n|turn|43\n|j| SPEBSQSA\n|\n|t:|1699905607\n|move|p1a: Great Tusk|Headlong Rush|p2a: Slowking\n|-supereffective|p2a: Slowking\n|-damage|p2a: Slowking|0 fnt\n|-unboost|p1a: Great Tusk|def|1\n|-unboost|p1a: Great Tusk|spd|1\n|faint|p2a: Slowking\n|\n|win|EllieTheAlt\n|raw|EllieTheAlt's rating: 1649 &rarr; <strong>1667<\/strong><br \/>(+18 for winning)\n|raw|mala\u2606huju's rating: 1619 &rarr; <strong>1601<\/strong><br \/>(-18 for losing)\n|l|\u2606mala\u2606huju\n|l|+Toxtricity-Amped\n","uploadtime":1699905653,"views":16,"p1id":"elliethealt","p2id":"malahuju","formatid":"gen9ou","rating":1601,"private":0,"password":""}