{"id":"gen9ou-1989231412","p1":"AMT StallMaster","p2":"f*ckPSOE129","format":"[Gen 9] OU","log":"|j|\u2606AMT StallMaster\n|j|\u2606f*ckPSOE129\n|t:|1699825993\n|gametype|singles\n|player|p1|AMT StallMaster|n-masters|1174\n|player|p2|f*ckPSOE129|2|1070\n|teamsize|p1|6\n|teamsize|p2|6\n|gen|9\n|tier|[Gen 9] OU\n|rated|\n|rule|Sleep Clause Mod: Limit one foe put to sleep\n|rule|Species Clause: Limit one of each Pok\u00e9mon\n|rule|OHKO Clause: OHKO moves are banned\n|rule|Evasion Items Clause: Evasion items are banned\n|rule|Evasion Moves Clause: Evasion moves are banned\n|rule|Endless Battle Clause: Forcing endless battles is banned\n|rule|HP Percentage Mod: HP is shown in percentages\n|clearpoke\n|poke|p1|Sneasler, F|\n|poke|p1|Iron Hands|\n|poke|p1|Great Tusk|\n|poke|p1|Iron Valiant|\n|poke|p1|Breloom, M|\n|poke|p1|Zamazenta-*|\n|poke|p2|Clefable, M|\n|poke|p2|Dondozo, F|\n|poke|p2|Tornadus-Therian, M|\n|poke|p2|Toxapex, F|\n|poke|p2|Blissey, F|\n|poke|p2|Gastrodon, F|\n|teampreview\n|inactive|Battle timer is ON: inactive players will automatically lose when time's up. (requested by AMT StallMaster)\n|\n|t:|1699826000\n|start\n|switch|p1a: Sneasler|Sneasler, F, shiny|100\/100\n|switch|p2a: Flying Dutchman|Tornadus-Therian, M|100\/100\n|turn|1\n|\n|t:|1699826009\n|move|p1a: Sneasler|Switcheroo|p2a: Flying Dutchman\n|-activate|p1a: Sneasler|move: Trick|[of] p2a: Flying Dutchman\n|-item|p2a: Flying Dutchman|Choice Scarf|[from] move: Switcheroo\n|-item|p1a: Sneasler|Heavy-Duty Boots|[from] move: Switcheroo\n|move|p2a: Flying Dutchman|Bleakwind Storm|p1a: Sneasler\n|-supereffective|p1a: Sneasler\n|-damage|p1a: Sneasler|0 fnt\n|faint|p1a: Sneasler\n|\n|upkeep\n|\n|t:|1699826019\n|switch|p1a: Iron Hands|Iron Hands, shiny|100\/100\n|turn|2\n|\n|t:|1699826028\n|switch|p2a: Pink Blob Jr.|Clefable, M|100\/100\n|move|p1a: Iron Hands|Drain Punch|p2a: Pink Blob Jr.\n|-resisted|p2a: Pink Blob Jr.\n|-damage|p2a: Pink Blob Jr.|88\/100\n|\n|-heal|p2a: Pink Blob Jr.|94\/100|[from] item: Leftovers\n|upkeep\n|turn|3\n|\n|t:|1699826033\n|move|p2a: Pink Blob Jr.|Stealth Rock|p1a: Iron Hands\n|-sidestart|p1: AMT StallMaster|move: Stealth Rock\n|move|p1a: Iron Hands|Heavy Slam|p2a: Pink Blob Jr.\n|-supereffective|p2a: Pink Blob Jr.\n|-damage|p2a: Pink Blob Jr.|34\/100\n|\n|-heal|p2a: Pink Blob Jr.|40\/100|[from] item: Leftovers\n|upkeep\n|turn|4\n|\n|t:|1699826041\n|move|p2a: Pink Blob Jr.|Protect|p2a: Pink Blob Jr.\n|-singleturn|p2a: Pink Blob Jr.|Protect\n|move|p1a: Iron Hands|Heavy Slam|p2a: Pink Blob Jr.\n|-activate|p2a: Pink Blob Jr.|move: Protect\n|\n|-heal|p2a: Pink Blob Jr.|46\/100|[from] item: Leftovers\n|upkeep\n|turn|5\n|\n|t:|1699826046\n|switch|p2a: Gastrodon|Gastrodon, F|100\/100\n|move|p1a: Iron Hands|Heavy Slam|p2a: Gastrodon\n|-resisted|p2a: Gastrodon\n|-damage|p2a: Gastrodon|88\/100\n|\n|upkeep\n|turn|6\n|\n|t:|1699826051\n|-end|p1a: Iron Hands|Quark Drive|[silent]\n|switch|p1a: Great Tusk|Great Tusk|100\/100\n|move|p2a: Gastrodon|Chilling Water|p1a: Great Tusk\n|-supereffective|p1a: Great Tusk\n|-damage|p1a: Great Tusk|56\/100\n|-unboost|p1a: Great Tusk|atk|1\n|\n|upkeep\n|turn|7\n|\n|t:|1699826056\n|move|p1a: Great Tusk|Rapid Spin|p2a: Gastrodon\n|-damage|p2a: Gastrodon|81\/100\n|-boost|p1a: Great Tusk|spe|1\n|-sideend|p1: AMT StallMaster|Stealth Rock|[from] move: Rapid Spin|[of] p1a: Great Tusk\n|move|p2a: Gastrodon|Chilling Water|p1a: Great Tusk\n|-supereffective|p1a: Great Tusk\n|-damage|p1a: Great Tusk|14\/100\n|-unboost|p1a: Great Tusk|atk|1\n|\n|upkeep\n|turn|8\n|\n|t:|1699826063\n|move|p1a: Great Tusk|Stealth Rock|p2a: Gastrodon\n|-sidestart|p2: f*ckPSOE129|move: Stealth Rock\n|move|p2a: Gastrodon|Chilling Water|p1a: Great Tusk\n|-supereffective|p1a: Great Tusk\n|-damage|p1a: Great Tusk|0 fnt\n|faint|p1a: Great Tusk\n|-end|p1a: Great Tusk|Protosynthesis|[silent]\n|\n|upkeep\n|\n|t:|1699826067\n|switch|p1a: Breloom|Breloom, M|100\/100\n|turn|9\n|\n|t:|1699826072\n|switch|p2a: Flying Dutchman|Tornadus-Therian, M|100\/100\n|-damage|p2a: Flying Dutchman|76\/100|[from] Stealth Rock\n|move|p1a: Breloom|Spore|p2a: Flying Dutchman\n|-status|p2a: Flying Dutchman|slp|[from] move: Spore\n|\n|upkeep\n|turn|10\n|\n|t:|1699826082\n|switch|p2a: Apex Predator|Toxapex, F|100\/100\n|move|p1a: Breloom|Swords Dance|p1a: Breloom\n|-boost|p1a: Breloom|atk|2\n|\n|upkeep\n|turn|11\n|\n|t:|1699826088\n|-terastallize|p1a: Breloom|Grass\n|move|p1a: Breloom|Bullet Seed|p2a: Apex Predator\n|-damage|p2a: Apex Predator|52\/100\n|-damage|p2a: Apex Predator|10\/100\n|-damage|p2a: Apex Predator|0 fnt\n|faint|p2a: Apex Predator\n|-hitcount|p2: Apex Predator|3\n|\n|upkeep\n|\n|t:|1699826095\n|switch|p2a: Matchup Fish|Dondozo, F|100\/100\n|turn|12\n|\n|t:|1699826098\n|-terastallize|p2a: Matchup Fish|Dragon\n|move|p1a: Breloom|Bullet Seed|p2a: Matchup Fish\n|-resisted|p2a: Matchup Fish\n|-damage|p2a: Matchup Fish|95\/100\n|-resisted|p2a: Matchup Fish\n|-damage|p2a: Matchup Fish|89\/100\n|-resisted|p2a: Matchup Fish\n|-damage|p2a: Matchup Fish|82\/100\n|-resisted|p2a: Matchup Fish\n|-damage|p2a: Matchup Fish|75\/100\n|-hitcount|p2a: Matchup Fish|4\n|move|p2a: Matchup Fish|Body Press|p1a: Breloom\n|-damage|p1a: Breloom|56\/100\n|\n|upkeep\n|turn|13\n|\n|t:|1699826108\n|switch|p1a: Zamazenta|Zamazenta, shiny|100\/100\n|-ability|p1a: Zamazenta|Dauntless Shield|boost\n|-boost|p1a: Zamazenta|def|1\n|move|p2a: Matchup Fish|Body Press|p1a: Zamazenta\n|-damage|p1a: Zamazenta|80\/100\n|\n|-heal|p1a: Zamazenta|86\/100|[from] item: Leftovers\n|upkeep\n|turn|14\n|\n|t:|1699826118\n|switch|p2a: Pink Blob Jr.|Clefable, M|46\/100\n|move|p1a: Zamazenta|Iron Defense|p1a: Zamazenta\n|-boost|p1a: Zamazenta|def|2\n|\n|-heal|p1a: Zamazenta|92\/100|[from] item: Leftovers\n|-heal|p2a: Pink Blob Jr.|53\/100|[from] item: Leftovers\n|upkeep\n|turn|15\n|\n|t:|1699826123\n|switch|p1a: Iron Hands|Iron Hands, shiny|100\/100\n|move|p2a: Pink Blob Jr.|Protect||[still]\n|-fail|p2a: Pink Blob Jr.\n|\n|-heal|p2a: Pink Blob Jr.|59\/100|[from] item: Leftovers\n|upkeep\n|turn|16\n|\n|t:|1699826137\n|move|p2a: Pink Blob Jr.|Protect|p2a: Pink Blob Jr.\n|-singleturn|p2a: Pink Blob Jr.|Protect\n|move|p1a: Iron Hands|Heavy Slam|p2a: Pink Blob Jr.\n|-activate|p2a: Pink Blob Jr.|move: Protect\n|\n|-heal|p2a: Pink Blob Jr.|65\/100|[from] item: Leftovers\n|upkeep\n|turn|17\n|\n|t:|1699826145\n|switch|p2a: Gastrodon|Gastrodon, F|81\/100\n|move|p1a: Iron Hands|Heavy Slam|p2a: Gastrodon\n|-resisted|p2a: Gastrodon\n|-damage|p2a: Gastrodon|68\/100\n|\n|upkeep\n|turn|18\n|\n|t:|1699826151\n|-end|p1a: Iron Hands|Quark Drive|[silent]\n|switch|p1a: Zamazenta|Zamazenta, shiny|92\/100\n|move|p2a: Gastrodon|Spikes|p1a: Zamazenta\n|-sidestart|p1: AMT StallMaster|Spikes\n|\n|-heal|p1a: Zamazenta|98\/100|[from] item: Leftovers\n|upkeep\n|turn|19\n|\n|t:|1699826156\n|switch|p1a: Breloom|Breloom, M, tera:Grass|56\/100\n|-damage|p1a: Breloom|44\/100|[from] Spikes\n|move|p2a: Gastrodon|Recover|p2a: Gastrodon\n|-heal|p2a: Gastrodon|100\/100\n|\n|upkeep\n|turn|20\n|\n|t:|1699826162\n|switch|p2a: Matchup Fish|Dondozo, F, tera:Dragon|75\/100\n|move|p1a: Breloom|Bullet Seed|p2a: Matchup Fish\n|-resisted|p2a: Matchup Fish\n|-damage|p2a: Matchup Fish|70\/100\n|-resisted|p2a: Matchup Fish\n|-damage|p2a: Matchup Fish|63\/100\n|-resisted|p2a: Matchup Fish\n|-damage|p2a: Matchup Fish|57\/100\n|-resisted|p2a: Matchup Fish\n|-damage|p2a: Matchup Fish|50\/100\n|-hitcount|p2a: Matchup Fish|4\n|\n|upkeep\n|turn|21\n|\n|t:|1699826177\n|switch|p1a: Iron Valiant|Iron Valiant|100\/100\n|-damage|p1a: Iron Valiant|88\/100|[from] Spikes\n|move|p2a: Matchup Fish|Rest|p2a: Matchup Fish\n|-status|p2a: Matchup Fish|slp|[from] move: Rest\n|-heal|p2a: Matchup Fish|100\/100 slp|[silent]\n|\n|upkeep\n|turn|22\n|\n|t:|1699826185\n|switch|p2a: Flying Dutchman|Tornadus-Therian, M|100\/100 slp\n|-damage|p2a: Flying Dutchman|76\/100 slp|[from] Stealth Rock\n|move|p1a: Iron Valiant|Moonblast|p2a: Flying Dutchman\n|-damage|p2a: Flying Dutchman|0 fnt\n|faint|p2a: Flying Dutchman\n|\n|upkeep\n|\n|t:|1699826194\n|switch|p2a: Gastrodon|Gastrodon, F|100\/100\n|turn|23\n|\n|t:|1699826199\n|-end|p1a: Iron Valiant|Quark Drive|[silent]\n|switch|p1a: Breloom|Breloom, M, tera:Grass|44\/100\n|-damage|p1a: Breloom|32\/100|[from] Spikes\n|move|p2a: Gastrodon|Earth Power|p1a: Breloom\n|-resisted|p1a: Breloom\n|-crit|p1a: Breloom\n|-damage|p1a: Breloom|0 fnt\n|faint|p1a: Breloom\n|\n|upkeep\n|\n|t:|1699826204\n|switch|p1a: Iron Valiant|Iron Valiant|88\/100\n|-damage|p1a: Iron Valiant|76\/100|[from] Spikes\n|turn|24\n|\n|t:|1699826209\n|move|p1a: Iron Valiant|Moonblast|p2a: Gastrodon\n|-damage|p2a: Gastrodon|36\/100\n|move|p2a: Gastrodon|Earth Power|p1a: Iron Valiant\n|-damage|p1a: Iron Valiant|26\/100\n|\n|upkeep\n|turn|25\n|\n|t:|1699826213\n|switch|p2a: G\u00f6tterd\u00e4mmerung|Blissey, F|100\/100\n|move|p1a: Iron Valiant|Moonblast|p2a: G\u00f6tterd\u00e4mmerung\n|-damage|p2a: G\u00f6tterd\u00e4mmerung|82\/100\n|\n|upkeep\n|turn|26\n|\n|t:|1699826224\n|-end|p1a: Iron Valiant|Quark Drive|[silent]\n|switch|p1a: Iron Hands|Iron Hands, shiny|100\/100\n|-damage|p1a: Iron Hands|88\/100|[from] Spikes\n|move|p2a: G\u00f6tterd\u00e4mmerung|Seismic Toss|p1a: Iron Hands\n|-damage|p1a: Iron Hands|68\/100\n|\n|upkeep\n|turn|27\n|\n|t:|1699826238\n|switch|p2a: Pink Blob Jr.|Clefable, M|65\/100\n|move|p1a: Iron Hands|Drain Punch|p2a: Pink Blob Jr.\n|-resisted|p2a: Pink Blob Jr.\n|-damage|p2a: Pink Blob Jr.|52\/100\n|-heal|p1a: Iron Hands|73\/100|[from] drain|[of] p2a: Pink Blob Jr.\n|\n|-heal|p2a: Pink Blob Jr.|58\/100|[from] item: Leftovers\n|upkeep\n|turn|28\n|\n|t:|1699826248\n|move|p2a: Pink Blob Jr.|Moonblast|p1a: Iron Hands\n|-supereffective|p1a: Iron Hands\n|-damage|p1a: Iron Hands|47\/100\n|move|p1a: Iron Hands|Heavy Slam|p2a: Pink Blob Jr.\n|-supereffective|p2a: Pink Blob Jr.\n|-damage|p2a: Pink Blob Jr.|2\/100\n|\n|-heal|p2a: Pink Blob Jr.|8\/100|[from] item: Leftovers\n|upkeep\n|turn|29\n|\n|t:|1699826257\n|move|p2a: Pink Blob Jr.|Stealth Rock|p1a: Iron Hands\n|-sidestart|p1: AMT StallMaster|move: Stealth Rock\n|move|p1a: Iron Hands|Heavy Slam|p2a: Pink Blob Jr.\n|-supereffective|p2a: Pink Blob Jr.\n|-damage|p2a: Pink Blob Jr.|0 fnt\n|faint|p2a: Pink Blob Jr.\n|\n|upkeep\n|\n|t:|1699826263\n|switch|p2a: Gastrodon|Gastrodon, F|36\/100\n|turn|30\n|\n|t:|1699826267\n|move|p1a: Iron Hands|Drain Punch|p2a: Gastrodon\n|-damage|p2a: Gastrodon|8\/100\n|-heal|p1a: Iron Hands|59\/100|[from] drain|[of] p2a: Gastrodon\n|move|p2a: Gastrodon|Recover|p2a: Gastrodon\n|-heal|p2a: Gastrodon|58\/100\n|\n|upkeep\n|turn|31\n|\n|t:|1699826272\n|move|p1a: Iron Hands|Drain Punch|p2a: Gastrodon\n|-damage|p2a: Gastrodon|32\/100\n|-heal|p1a: Iron Hands|70\/100|[from] drain|[of] p2a: Gastrodon\n|move|p2a: Gastrodon|Recover|p2a: Gastrodon\n|-heal|p2a: Gastrodon|82\/100\n|\n|upkeep\n|turn|32\n|\n|t:|1699826277\n|move|p1a: Iron Hands|Drain Punch|p2a: Gastrodon\n|-damage|p2a: Gastrodon|58\/100\n|-heal|p1a: Iron Hands|80\/100|[from] drain|[of] p2a: Gastrodon\n|move|p2a: Gastrodon|Chilling Water|p1a: Iron Hands\n|-damage|p1a: Iron Hands|73\/100\n|-unboost|p1a: Iron Hands|atk|1\n|\n|upkeep\n|turn|33\n|\n|t:|1699826283\n|move|p1a: Iron Hands|Drain Punch|p2a: Gastrodon\n|-damage|p2a: Gastrodon|42\/100\n|-heal|p1a: Iron Hands|79\/100|[from] drain|[of] p2a: Gastrodon\n|move|p2a: Gastrodon|Earth Power|p1a: Iron Hands\n|-supereffective|p1a: Iron Hands\n|-crit|p1a: Iron Hands\n|-damage|p1a: Iron Hands|43\/100\n|\n|upkeep\n|turn|34\n|\n|t:|1699826287\n|-end|p1a: Iron Hands|Quark Drive|[silent]\n|switch|p1a: Iron Valiant|Iron Valiant|26\/100\n|-damage|p1a: Iron Valiant|14\/100|[from] Spikes\n|-damage|p1a: Iron Valiant|8\/100|[from] Stealth Rock\n|move|p2a: Gastrodon|Recover|p2a: Gastrodon\n|-heal|p2a: Gastrodon|92\/100\n|\n|upkeep\n|turn|35\n|\n|t:|1699826293\n|switch|p2a: G\u00f6tterd\u00e4mmerung|Blissey, F|82\/100\n|move|p1a: Iron Valiant|Psyshock|p2a: G\u00f6tterd\u00e4mmerung\n|-damage|p2a: G\u00f6tterd\u00e4mmerung|6\/100\n|\n|upkeep\n|turn|36\n|\n|t:|1699826303\n|move|p1a: Iron Valiant|Psyshock|p2a: G\u00f6tterd\u00e4mmerung\n|-damage|p2a: G\u00f6tterd\u00e4mmerung|0 fnt\n|faint|p2a: G\u00f6tterd\u00e4mmerung\n|\n|upkeep\n|\n|t:|1699826307\n|switch|p2a: Gastrodon|Gastrodon, F|92\/100\n|turn|37\n|\n|t:|1699826312\n|-end|p1a: Iron Valiant|Quark Drive|[silent]\n|switch|p1a: Iron Hands|Iron Hands, shiny|43\/100\n|-damage|p1a: Iron Hands|30\/100|[from] Spikes\n|-damage|p1a: Iron Hands|24\/100|[from] Stealth Rock\n|move|p2a: Gastrodon|Earth Power|p1a: Iron Hands\n|-supereffective|p1a: Iron Hands\n|-damage|p1a: Iron Hands|0 fnt\n|faint|p1a: Iron Hands\n|-end|p1a: Iron Hands|Quark Drive|[silent]\n|\n|upkeep\n|\n|t:|1699826315\n|switch|p1a: Iron Valiant|Iron Valiant|8\/100\n|-damage|p1a: Iron Valiant|0 fnt|[from] Spikes\n|faint|p1a: Iron Valiant\n|-end|p1a: Iron Valiant|Quark Drive|[silent]\n|\n|t:|1699826317\n|switch|p1a: Zamazenta|Zamazenta, shiny|98\/100\n|-damage|p1a: Zamazenta|86\/100|[from] Spikes\n|-damage|p1a: Zamazenta|80\/100|[from] Stealth Rock\n|turn|38\n|\n|t:|1699826324\n|move|p1a: Zamazenta|Iron Defense|p1a: Zamazenta\n|-boost|p1a: Zamazenta|def|2\n|move|p2a: Gastrodon|Chilling Water|p1a: Zamazenta\n|-damage|p1a: Zamazenta|67\/100\n|-unboost|p1a: Zamazenta|atk|1\n|\n|-heal|p1a: Zamazenta|73\/100|[from] item: Leftovers\n|upkeep\n|turn|39\n|\n|t:|1699826329\n|switch|p2a: Matchup Fish|Dondozo, F, tera:Dragon|100\/100 slp\n|move|p1a: Zamazenta|Iron Defense|p1a: Zamazenta\n|-boost|p1a: Zamazenta|def|2\n|\n|-heal|p1a: Zamazenta|79\/100|[from] item: Leftovers\n|upkeep\n|turn|40\n|\n|t:|1699826344\n|move|p1a: Zamazenta|Substitute|p1a: Zamazenta\n|-start|p1a: Zamazenta|Substitute\n|-damage|p1a: Zamazenta|55\/100\n|cant|p2a: Matchup Fish|slp\n|move|p2a: Matchup Fish|Sleep Talk|p2a: Matchup Fish\n|move|p2a: Matchup Fish|Rest||[from]move: Sleep Talk|[still]\n|-fail|p2a: Matchup Fish\n|\n|-heal|p1a: Zamazenta|61\/100|[from] item: Leftovers\n|upkeep\n|turn|41\n|\n|t:|1699826354\n|move|p1a: Zamazenta|Iron Defense|p1a: Zamazenta\n|-boost|p1a: Zamazenta|def|2\n|cant|p2a: Matchup Fish|slp\n|\n|-heal|p1a: Zamazenta|67\/100|[from] item: Leftovers\n|upkeep\n|turn|42\n|\n|t:|1699826359\n|move|p1a: Zamazenta|Body Press|p2a: Matchup Fish\n|-damage|p2a: Matchup Fish|85\/100 slp\n|-curestatus|p2a: Matchup Fish|slp|[msg]\n|move|p2a: Matchup Fish|Liquidation|p1a: Zamazenta\n|-activate|p1a: Zamazenta|move: Substitute|[damage]\n|\n|-heal|p1a: Zamazenta|73\/100|[from] item: Leftovers\n|upkeep\n|turn|43\n|\n|t:|1699826365\n|move|p1a: Zamazenta|Crunch|p2a: Matchup Fish\n|-damage|p2a: Matchup Fish|76\/100\n|move|p2a: Matchup Fish|Liquidation|p1a: Zamazenta\n|-end|p1a: Zamazenta|Substitute\n|\n|-heal|p1a: Zamazenta|79\/100|[from] item: Leftovers\n|upkeep\n|turn|44\n|\n|t:|1699826372\n|move|p1a: Zamazenta|Substitute|p1a: Zamazenta\n|-start|p1a: Zamazenta|Substitute\n|-damage|p1a: Zamazenta|54\/100\n|move|p2a: Matchup Fish|Liquidation|p1a: Zamazenta\n|-activate|p1a: Zamazenta|move: Substitute|[damage]\n|\n|-heal|p1a: Zamazenta|60\/100|[from] item: Leftovers\n|upkeep\n|turn|45\n|\n|t:|1699826374\n|move|p1a: Zamazenta|Crunch|p2a: Matchup Fish\n|-damage|p2a: Matchup Fish|66\/100\n|move|p2a: Matchup Fish|Liquidation|p1a: Zamazenta\n|-end|p1a: Zamazenta|Substitute\n|\n|-heal|p1a: Zamazenta|67\/100|[from] item: Leftovers\n|upkeep\n|turn|46\n|\n|t:|1699826378\n|move|p1a: Zamazenta|Substitute|p1a: Zamazenta\n|-start|p1a: Zamazenta|Substitute\n|-damage|p1a: Zamazenta|42\/100\n|move|p2a: Matchup Fish|Liquidation|p1a: Zamazenta\n|-activate|p1a: Zamazenta|move: Substitute|[damage]\n|\n|-heal|p1a: Zamazenta|48\/100|[from] item: Leftovers\n|upkeep\n|turn|47\n|\n|t:|1699826381\n|move|p1a: Zamazenta|Crunch|p2a: Matchup Fish\n|-damage|p2a: Matchup Fish|57\/100\n|-unboost|p2a: Matchup Fish|def|1\n|move|p2a: Matchup Fish|Liquidation|p1a: Zamazenta\n|-end|p1a: Zamazenta|Substitute\n|\n|-heal|p1a: Zamazenta|54\/100|[from] item: Leftovers\n|upkeep\n|turn|48\n|\n|t:|1699826389\n|move|p1a: Zamazenta|Crunch|p2a: Matchup Fish\n|-damage|p2a: Matchup Fish|42\/100\n|move|p2a: Matchup Fish|Rest|p2a: Matchup Fish\n|-status|p2a: Matchup Fish|slp|[from] move: Rest\n|-heal|p2a: Matchup Fish|100\/100 slp|[silent]\n|\n|-heal|p1a: Zamazenta|60\/100|[from] item: Leftovers\n|upkeep\n|turn|49\n|\n|t:|1699826393\n|switch|p2a: Gastrodon|Gastrodon, F|92\/100\n|move|p1a: Zamazenta|Substitute|p1a: Zamazenta\n|-start|p1a: Zamazenta|Substitute\n|-damage|p1a: Zamazenta|35\/100\n|\n|-heal|p1a: Zamazenta|41\/100|[from] item: Leftovers\n|upkeep\n|turn|50\n|\n|t:|1699826405\n|switch|p2a: Matchup Fish|Dondozo, F, tera:Dragon|100\/100 slp\n|move|p1a: Zamazenta|Body Press|p2a: Matchup Fish\n|-damage|p2a: Matchup Fish|86\/100 slp\n|\n|-heal|p1a: Zamazenta|48\/100|[from] item: Leftovers\n|upkeep\n|turn|51\n|\n|t:|1699826411\n|move|p1a: Zamazenta|Crunch|p2a: Matchup Fish\n|-damage|p2a: Matchup Fish|76\/100 slp\n|cant|p2a: Matchup Fish|slp\n|move|p2a: Matchup Fish|Sleep Talk|p2a: Matchup Fish\n|move|p2a: Matchup Fish|Body Press|p1a: Zamazenta|[from]move: Sleep Talk\n|-activate|p1a: Zamazenta|move: Substitute|[damage]\n|\n|-heal|p1a: Zamazenta|54\/100|[from] item: Leftovers\n|upkeep\n|turn|52\n|\n|t:|1699826418\n|move|p1a: Zamazenta|Crunch|p2a: Matchup Fish\n|-damage|p2a: Matchup Fish|66\/100 slp\n|-unboost|p2a: Matchup Fish|def|1\n|cant|p2a: Matchup Fish|slp\n|move|p2a: Matchup Fish|Sleep Talk|p2a: Matchup Fish\n|move|p2a: Matchup Fish|Body Press|p1a: Zamazenta|[from]move: Sleep Talk\n|-end|p1a: Zamazenta|Substitute\n|\n|-heal|p1a: Zamazenta|60\/100|[from] item: Leftovers\n|upkeep\n|turn|53\n|\n|t:|1699826435\n|move|p1a: Zamazenta|Crunch|p2a: Matchup Fish\n|-damage|p2a: Matchup Fish|52\/100 slp\n|-curestatus|p2a: Matchup Fish|slp|[msg]\n|move|p2a: Matchup Fish|Liquidation|p1a: Zamazenta\n|-damage|p1a: Zamazenta|37\/100\n|\n|-heal|p1a: Zamazenta|43\/100|[from] item: Leftovers\n|upkeep\n|turn|54\n|\n|t:|1699826445\n|move|p1a: Zamazenta|Crunch|p2a: Matchup Fish\n|-damage|p2a: Matchup Fish|39\/100\n|move|p2a: Matchup Fish|Liquidation|p1a: Zamazenta\n|-damage|p1a: Zamazenta|20\/100\n|\n|-heal|p1a: Zamazenta|26\/100|[from] item: Leftovers\n|upkeep\n|turn|55\n|\n|t:|1699826453\n|move|p1a: Zamazenta|Body Press|p2a: Matchup Fish\n|-damage|p2a: Matchup Fish|17\/100\n|move|p2a: Matchup Fish|Rest|p2a: Matchup Fish\n|-status|p2a: Matchup Fish|slp|[from] move: Rest\n|-heal|p2a: Matchup Fish|100\/100 slp|[silent]\n|\n|-heal|p1a: Zamazenta|32\/100|[from] item: Leftovers\n|upkeep\n|turn|56\n|\n|t:|1699826458\n|move|p1a: Zamazenta|Substitute|p1a: Zamazenta\n|-start|p1a: Zamazenta|Substitute\n|-damage|p1a: Zamazenta|7\/100\n|cant|p2a: Matchup Fish|slp\n|move|p2a: Matchup Fish|Sleep Talk|p2a: Matchup Fish\n|move|p2a: Matchup Fish|Liquidation|p1a: Zamazenta|[from]move: Sleep Talk\n|-activate|p1a: Zamazenta|move: Substitute|[damage]\n|\n|-heal|p1a: Zamazenta|14\/100|[from] item: Leftovers\n|upkeep\n|turn|57\n|\n|t:|1699826466\n|move|p1a: Zamazenta|Crunch|p2a: Matchup Fish\n|-damage|p2a: Matchup Fish|86\/100 slp\n|cant|p2a: Matchup Fish|slp\n|move|p2a: Matchup Fish|Sleep Talk|p2a: Matchup Fish\n|move|p2a: Matchup Fish|Liquidation|p1a: Zamazenta|[from]move: Sleep Talk\n|-end|p1a: Zamazenta|Substitute\n|\n|-heal|p1a: Zamazenta|20\/100|[from] item: Leftovers\n|upkeep\n|turn|58\n|\n|t:|1699826478\n|move|p1a: Zamazenta|Crunch|p2a: Matchup Fish\n|-damage|p2a: Matchup Fish|73\/100 slp\n|-curestatus|p2a: Matchup Fish|slp|[msg]\n|move|p2a: Matchup Fish|Liquidation|p1a: Zamazenta\n|-damage|p1a: Zamazenta|0 fnt\n|faint|p1a: Zamazenta\n|\n|win|f*ckPSOE129\n|raw|AMT StallMaster's rating: 1174 &rarr; <strong>1142<\/strong><br \/>(-32 for losing)\n|raw|f*ckPSOE129's rating: 1070 &rarr; <strong>1108<\/strong><br \/>(+38 for winning)\n|c|\u2606f*ckPSOE129|gg\n|l|\u2606AMT StallMaster\n","uploadtime":1699826489,"views":10,"p1id":"amtstallmaster","p2id":"fckpsoe129","formatid":"gen9ou","rating":1108,"private":0,"password":""}