{"id":"gen9ou-1993011220","p1":"Poison Ivy Thorns","p2":"FrogFella76","format":"[Gen 9] OU","log":"|j|\u2606Poison Ivy Thorns\n|j|\u2606FrogFella76\n|t:|1700255284\n|gametype|singles\n|player|p1|Poison Ivy Thorns|rei|1320\n|player|p2|FrogFella76|ingo|1303\n|teamsize|p1|6\n|teamsize|p2|6\n|gen|9\n|tier|[Gen 9] OU\n|rated|\n|rule|Sleep Clause Mod: Limit one foe put to sleep\n|rule|Species Clause: Limit one of each Pok\u00e9mon\n|rule|OHKO Clause: OHKO moves are banned\n|rule|Evasion Items Clause: Evasion items are banned\n|rule|Evasion Moves Clause: Evasion moves are banned\n|rule|Endless Battle Clause: Forcing endless battles is banned\n|rule|HP Percentage Mod: HP is shown in percentages\n|clearpoke\n|poke|p1|Great Tusk|\n|poke|p1|Walking Wake|\n|poke|p1|Torkoal, F|\n|poke|p1|Gholdengo|\n|poke|p1|Hatterene, F|\n|poke|p1|Shiftry, F|\n|poke|p2|Garganacl, F|\n|poke|p2|Ceruledge, F|\n|poke|p2|Kingambit, M|\n|poke|p2|Enamorus, F|\n|poke|p2|Great Tusk|\n|poke|p2|Ogerpon-Wellspring, F|\n|teampreview\n|inactive|Battle timer is ON: inactive players will automatically lose when time's up. (requested by FrogFella76)\n|\n|t:|1700255302\n|start\n|switch|p1a: Hatterene|Hatterene, F|100\/100\n|switch|p2a: Garganacl|Garganacl, F|100\/100\n|turn|1\n|\n|t:|1700255317\n|move|p2a: Garganacl|Salt Cure|p1a: Hatterene\n|-damage|p1a: Hatterene|89\/100\n|-start|p1a: Hatterene|Salt Cure\n|-enditem|p1a: Hatterene|Eject Button\n|\n|t:|1700255325\n|switch|p1a: Great Tusk|Great Tusk|100\/100\n|\n|upkeep\n|turn|2\n|\n|t:|1700255350\n|switch|p2a: Enamorus|Enamorus, F|100\/100\n|move|p1a: Great Tusk|Close Combat|p2a: Enamorus\n|-resisted|p2a: Enamorus\n|-damage|p2a: Enamorus|62\/100\n|-unboost|p1a: Great Tusk|def|1\n|-unboost|p1a: Great Tusk|spd|1\n|\n|upkeep\n|turn|3\n|\n|t:|1700255357\n|-end|p1a: Great Tusk|Protosynthesis|[silent]\n|switch|p1a: Gholdengo|Gholdengo|100\/100\n|-item|p1a: Gholdengo|Air Balloon\n|move|p2a: Enamorus|Moonblast|p1a: Gholdengo\n|-resisted|p1a: Gholdengo\n|-damage|p1a: Gholdengo|62\/100\n|-enditem|p1a: Gholdengo|Air Balloon\n|\n|upkeep\n|turn|4\n|\n|t:|1700255373\n|switch|p2a: Great Tusk|Great Tusk|100\/100\n|move|p1a: Gholdengo|Make It Rain|p2a: Great Tusk\n|-damage|p2a: Great Tusk|14\/100\n|-unboost|p1a: Gholdengo|spa|1\n|\n|upkeep\n|turn|5\n|\n|t:|1700255384\n|move|p2a: Great Tusk|Knock Off|p1a: Gholdengo\n|-supereffective|p1a: Gholdengo\n|-damage|p1a: Gholdengo|29\/100\n|move|p1a: Gholdengo|Shadow Ball|p2a: Great Tusk\n|-damage|p2a: Great Tusk|0 fnt\n|faint|p2a: Great Tusk\n|-end|p2a: Great Tusk|Protosynthesis|[silent]\n|\n|upkeep\n|\n|t:|1700255391\n|switch|p2a: Ceruledge|Ceruledge, F|100\/100\n|turn|6\n|\n|t:|1700255395\n|move|p2a: Ceruledge|Shadow Sneak|p1a: Gholdengo\n|-supereffective|p1a: Gholdengo\n|-damage|p1a: Gholdengo|1\/100\n|move|p1a: Gholdengo|Shadow Ball|p2a: Ceruledge\n|-supereffective|p2a: Ceruledge\n|-damage|p2a: Ceruledge|47\/100\n|\n|upkeep\n|turn|7\n|\n|t:|1700255402\n|move|p2a: Ceruledge|Shadow Sneak|p1a: Gholdengo\n|-supereffective|p1a: Gholdengo\n|-damage|p1a: Gholdengo|0 fnt\n|faint|p1a: Gholdengo\n|\n|upkeep\n|\n|t:|1700255406\n|switch|p1a: Walking Wake|Walking Wake|100\/100\n|turn|8\n|\n|t:|1700255411\n|move|p1a: Walking Wake|Dragon Pulse|p2a: Ceruledge\n|-damage|p2a: Ceruledge|0 fnt\n|faint|p2a: Ceruledge\n|\n|upkeep\n|\n|t:|1700255415\n|switch|p2a: Enamorus|Enamorus, F|62\/100\n|turn|9\n|\n|t:|1700255422\n|-end|p1a: Walking Wake|Protosynthesis|[silent]\n|switch|p1a: Torkoal|Torkoal, F|100\/100\n|-weather|SunnyDay|[from] ability: Drought|[of] p1a: Torkoal\n|move|p2a: Enamorus|Moonblast|p1a: Torkoal\n|-resisted|p1a: Torkoal\n|-damage|p1a: Torkoal|67\/100\n|\n|-weather|SunnyDay|[upkeep]\n|upkeep\n|turn|10\n|\n|t:|1700255429\n|switch|p2a: Garganacl|Garganacl, F|100\/100\n|move|p1a: Torkoal|Stealth Rock|p2a: Garganacl\n|-sidestart|p2: FrogFella76|move: Stealth Rock\n|\n|-weather|SunnyDay|[upkeep]\n|upkeep\n|turn|11\n|\n|t:|1700255434\n|switch|p1a: Hatterene|Hatterene, F|89\/100\n|move|p2a: Garganacl|Stealth Rock|p1a: Hatterene\n|move|p1a: Hatterene|Stealth Rock||[from]ability: Magic Bounce|[still]\n|-fail|p1a: Hatterene\n|\n|-weather|SunnyDay|[upkeep]\n|upkeep\n|turn|12\n|\n|t:|1700255438\n|move|p2a: Garganacl|Salt Cure|p1a: Hatterene\n|-damage|p1a: Hatterene|77\/100\n|-start|p1a: Hatterene|Salt Cure\n|move|p1a: Hatterene|Psychic|p2a: Garganacl\n|-damage|p2a: Garganacl|63\/100\n|\n|-weather|SunnyDay|[upkeep]\n|-heal|p2a: Garganacl|70\/100|[from] item: Leftovers\n|-damage|p1a: Hatterene|65\/100|[from] Salt Cure\n|upkeep\n|turn|13\n|-message|FrogFella76 forfeited.\n|\n|win|Poison Ivy Thorns\n|raw|Poison Ivy Thorns's rating: 1320 &rarr; <strong>1339<\/strong><br \/>(+19 for winning)\n|raw|FrogFella76's rating: 1303 &rarr; <strong>1284<\/strong><br \/>(-19 for losing)\n|l|\u2606FrogFella76\n","uploadtime":1700255451,"views":10,"p1id":"poisonivythorns","p2id":"frogfella76","formatid":"gen9ou","rating":1284,"private":0,"password":""}