{"id":"gen9ou-1996211532","p1":"JoeBidenXIsrael","p2":"Hydreisenberg","format":"[Gen 9] OU","log":"|j|\u2606JoeBidenXIsrael\n|j|\u2606Hydreisenberg\n|t:|1700659679\n|gametype|singles\n|player|p1|JoeBidenXIsrael|petrel|1194\n|player|p2|Hydreisenberg|brycenman|1236\n|teamsize|p1|6\n|teamsize|p2|6\n|gen|9\n|tier|[Gen 9] OU\n|rated|\n|rule|Sleep Clause Mod: Limit one foe put to sleep\n|rule|Species Clause: Limit one of each Pok\u00e9mon\n|rule|OHKO Clause: OHKO moves are banned\n|rule|Evasion Items Clause: Evasion items are banned\n|rule|Evasion Moves Clause: Evasion moves are banned\n|rule|Endless Battle Clause: Forcing endless battles is banned\n|rule|HP Percentage Mod: HP is shown in percentages\n|clearpoke\n|poke|p1|Iron Valiant|\n|poke|p1|Skeledirge, M|\n|poke|p1|Zapdos|\n|poke|p1|Clefable, F|\n|poke|p1|Clodsire, F|\n|poke|p1|Weavile, F|\n|poke|p2|Kommo-o, M|\n|poke|p2|Great Tusk|\n|poke|p2|Kingambit, M|\n|poke|p2|Iron Moth|\n|poke|p2|Hatterene, F|\n|poke|p2|Ninetales-Alola, F|\n|teampreview\n|inactive|Battle timer is ON: inactive players will automatically lose when time's up. (requested by JoeBidenXIsrael)\n|inactive|Hydreisenberg also wants the timer to be on.\n|inactive|Hydreisenberg has 120 seconds left.\n|\n|t:|1700659718\n|start\n|switch|p1a: Weavile|Weavile, F|100\/100\n|switch|p2a: Gatekeep|Ninetales-Alola, F|100\/100\n|-ability|p1a: Weavile|Pressure\n|-weather|Snow|[from] ability: Snow Warning|[of] p2a: Gatekeep\n|turn|1\n|\n|t:|1700659728\n|move|p1a: Weavile|Knock Off|p2a: Gatekeep\n|-resisted|p2a: Gatekeep\n|-damage|p2a: Gatekeep|75\/100\n|-enditem|p2a: Gatekeep|Light Clay|[from] move: Knock Off|[of] p1a: Weavile\n|move|p2a: Gatekeep|Aurora Veil|p2a: Gatekeep\n|-sidestart|p2: Hydreisenberg|move: Aurora Veil\n|\n|-weather|Snow|[upkeep]\n|upkeep\n|turn|2\n|\n|t:|1700659746\n|switch|p1a: Clodsire|Clodsire, F|100\/100\n|switch|p2a: Clubber Lang|Great Tusk|100\/100\n|\n|-weather|Snow|[upkeep]\n|upkeep\n|turn|3\n|\n|t:|1700659756\n|switch|p1a: Zapdos|Zapdos|100\/100\n|move|p2a: Clubber Lang|Stealth Rock|p1a: Zapdos\n|-sidestart|p1: JoeBidenXIsrael|move: Stealth Rock\n|\n|-weather|Snow|[upkeep]\n|upkeep\n|turn|4\n|\n|t:|1700659764\n|move|p1a: Zapdos|Hurricane|p2a: Clubber Lang\n|-supereffective|p2a: Clubber Lang\n|-damage|p2a: Clubber Lang|20\/100\n|move|p2a: Clubber Lang|Ice Spinner|p1a: Zapdos\n|-supereffective|p1a: Zapdos\n|-damage|p1a: Zapdos|36\/100\n|-status|p2a: Clubber Lang|par|[from] ability: Static|[of] p1a: Zapdos\n|\n|-weather|Snow|[upkeep]\n|upkeep\n|turn|5\n|\n|t:|1700659774\n|move|p1a: Zapdos|Roost|p1a: Zapdos\n|-heal|p1a: Zapdos|86\/100\n|-singleturn|p1a: Zapdos|move: Roost\n|move|p2a: Clubber Lang|Ice Spinner|p1a: Zapdos\n|-damage|p1a: Zapdos|50\/100\n|\n|-weather|none\n|-sideend|p2: Hydreisenberg|move: Aurora Veil\n|upkeep\n|turn|6\n|\n|t:|1700659783\n|-end|p2a: Clubber Lang|Protosynthesis|[silent]\n|switch|p2a: Gatekeep|Ninetales-Alola, F|75\/100\n|-weather|Snow|[from] ability: Snow Warning|[of] p2a: Gatekeep\n|move|p1a: Zapdos|Roost|p1a: Zapdos\n|-heal|p1a: Zapdos|99\/100\n|-singleturn|p1a: Zapdos|move: Roost\n|\n|-weather|Snow|[upkeep]\n|upkeep\n|turn|7\n|\n|t:|1700659794\n|move|p2a: Gatekeep|Aurora Veil|p2a: Gatekeep\n|-sidestart|p2: Hydreisenberg|move: Aurora Veil\n|move|p1a: Zapdos|Thunderbolt|p2a: Gatekeep\n|-damage|p2a: Gatekeep|46\/100\n|\n|-weather|Snow|[upkeep]\n|upkeep\n|turn|8\n|\n|t:|1700659815\n|switch|p1a: Weavile|Weavile, F|100\/100\n|-ability|p1a: Weavile|Pressure\n|move|p2a: Gatekeep|Freeze-Dry|p1a: Weavile\n|-resisted|p1a: Weavile\n|-damage|p1a: Weavile|81\/100\n|\n|-weather|Snow|[upkeep]\n|upkeep\n|turn|9\n|\n|t:|1700659825\n|move|p1a: Weavile|Knock Off|p2a: Gatekeep\n|-resisted|p2a: Gatekeep\n|-damage|p2a: Gatekeep|38\/100\n|move|p2a: Gatekeep|Moonblast|p1a: Weavile\n|-supereffective|p1a: Weavile\n|-damage|p1a: Weavile|0 fnt\n|faint|p1a: Weavile\n|\n|-weather|Snow|[upkeep]\n|upkeep\n|\n|t:|1700659831\n|switch|p1a: Clodsire|Clodsire, F|100\/100\n|turn|10\n|\n|t:|1700659847\n|move|p2a: Gatekeep|Freeze-Dry|p1a: Clodsire\n|-supereffective|p1a: Clodsire\n|-damage|p1a: Clodsire|69\/100\n|move|p1a: Clodsire|Stealth Rock|p2a: Gatekeep\n|-sidestart|p2: Hydreisenberg|move: Stealth Rock\n|\n|-weather|none\n|upkeep\n|turn|11\n|\n|t:|1700659855\n|switch|p2a: Clubber Lang|Great Tusk|20\/100 par\n|move|p1a: Clodsire|Toxic Spikes|p2a: Clubber Lang\n|-sidestart|p2: Hydreisenberg|move: Toxic Spikes\n|\n|-sideend|p2: Hydreisenberg|move: Aurora Veil\n|upkeep\n|turn|12\n|\n|t:|1700659866\n|switch|p1a: Iron Valiant|Iron Valiant|100\/100\n|move|p2a: Clubber Lang|Rapid Spin|p1a: Iron Valiant\n|-damage|p1a: Iron Valiant|77\/100\n|-boost|p2a: Clubber Lang|spe|1\n|-sideend|p2: Hydreisenberg|Toxic Spikes|[from] move: Rapid Spin|[of] p2a: Clubber Lang\n|-sideend|p2: Hydreisenberg|Stealth Rock|[from] move: Rapid Spin|[of] p2a: Clubber Lang\n|\n|upkeep\n|turn|13\n|c|\u2606JoeBidenXIsrael|gg\n|\n|t:|1700659893\n|move|p1a: Iron Valiant|Moonblast|p2a: Clubber Lang\n|-supereffective|p2a: Clubber Lang\n|-crit|p2a: Clubber Lang\n|-damage|p2a: Clubber Lang|0 fnt\n|faint|p2a: Clubber Lang\n|-end|p2a: Clubber Lang|Protosynthesis|[silent]\n|\n|upkeep\n|inactive|Hydreisenberg has 120 seconds left.\n|\n|t:|1700659915\n|switch|p2a: Girlboss|Hatterene, F|100\/100\n|turn|14\n|\n|t:|1700659919\n|-end|p1a: Iron Valiant|Quark Drive|[silent]\n|switch|p1a: Clefable|Clefable, F|100\/100\n|move|p2a: Girlboss|Calm Mind|p2a: Girlboss\n|-boost|p2a: Girlboss|spa|1\n|-boost|p2a: Girlboss|spd|1\n|\n|upkeep\n|turn|15\n|\n|t:|1700659927\n|move|p1a: Clefable|Knock Off|p2a: Girlboss\n|-damage|p2a: Girlboss|89\/100\n|-enditem|p2a: Girlboss|Leftovers|[from] move: Knock Off|[of] p1a: Clefable\n|move|p2a: Girlboss|Calm Mind|p2a: Girlboss\n|-boost|p2a: Girlboss|spa|1\n|-boost|p2a: Girlboss|spd|1\n|\n|upkeep\n|turn|16\n|\n|t:|1700659935\n|move|p1a: Clefable|Moonblast|p2a: Girlboss\n|-damage|p2a: Girlboss|54\/100\n|move|p2a: Girlboss|Agility|p2a: Girlboss\n|-boost|p2a: Girlboss|spe|2\n|\n|upkeep\n|turn|17\n|\n|t:|1700659943\n|move|p2a: Girlboss|Calm Mind|p2a: Girlboss\n|-boost|p2a: Girlboss|spa|1\n|-boost|p2a: Girlboss|spd|1\n|move|p1a: Clefable|Moonblast|p2a: Girlboss\n|-damage|p2a: Girlboss|21\/100\n|-unboost|p2a: Girlboss|spa|1\n|\n|upkeep\n|turn|18\n|\n|t:|1700659956\n|move|p2a: Girlboss|Stored Power|p1a: Clefable\n|-damage|p1a: Clefable|40\/100\n|move|p1a: Clefable|Moonblast|p2a: Girlboss\n|-damage|p2a: Girlboss|0 fnt\n|faint|p2a: Girlboss\n|\n|upkeep\n|inactive|Hydreisenberg has 120 seconds left.\n|\n|t:|1700659982\n|switch|p2a: Gaslight|Iron Moth|100\/100\n|-enditem|p2a: Gaslight|Booster Energy\n|-activate|p2a: Gaslight|ability: Quark Drive|[fromitem]\n|-start|p2a: Gaslight|quarkdrivespe\n|turn|19\n|inactive|Hydreisenberg has 120 seconds left.\n|\n|t:|1700659997\n|switch|p1a: Zapdos|Zapdos|99\/100\n|move|p2a: Gaslight|Fiery Dance|p1a: Zapdos\n|-damage|p1a: Zapdos|54\/100\n|-boost|p2a: Gaslight|spa|1\n|\n|upkeep\n|turn|20\n|inactive|Hydreisenberg has 120 seconds left.\n|\n|t:|1700660009\n|move|p2a: Gaslight|Fiery Dance|p1a: Zapdos\n|-damage|p1a: Zapdos|0 fnt\n|-boost|p2a: Gaslight|spa|1\n|faint|p1a: Zapdos\n|\n|upkeep\n|\n|t:|1700660011\n|switch|p1a: Clodsire|Clodsire, F|69\/100\n|turn|21\n|\n|t:|1700660020\n|-terastallize|p2a: Gaslight|Water\n|move|p2a: Gaslight|Tera Blast|p1a: Clodsire|[anim] Tera Blast Water\n|-supereffective|p1a: Clodsire\n|-damage|p1a: Clodsire|25\/100\n|move|p1a: Clodsire|Recover|p1a: Clodsire\n|-heal|p1a: Clodsire|75\/100\n|\n|upkeep\n|turn|22\n|\n|t:|1700660029\n|move|p2a: Gaslight|Tera Blast|p1a: Clodsire|[anim] Tera Blast Water\n|-supereffective|p1a: Clodsire\n|-damage|p1a: Clodsire|29\/100\n|move|p1a: Clodsire|Recover|p1a: Clodsire\n|-heal|p1a: Clodsire|79\/100\n|\n|upkeep\n|turn|23\n|\n|t:|1700660043\n|-terastallize|p1a: Clodsire|Poison\n|move|p2a: Gaslight|Tera Blast|p1a: Clodsire|[anim] Tera Blast Water\n|-damage|p1a: Clodsire|58\/100\n|move|p1a: Clodsire|Toxic Spikes|p2a: Gaslight\n|-sidestart|p2: Hydreisenberg|move: Toxic Spikes\n|\n|upkeep\n|turn|24\n|\n|t:|1700660055\n|move|p2a: Gaslight|Fiery Dance|p1a: Clodsire\n|-damage|p1a: Clodsire|34\/100\n|move|p1a: Clodsire|Recover|p1a: Clodsire\n|-heal|p1a: Clodsire|84\/100\n|\n|upkeep\n|turn|25\n|\n|t:|1700660061\n|move|p2a: Gaslight|Fiery Dance|p1a: Clodsire\n|-crit|p1a: Clodsire\n|-damage|p1a: Clodsire|51\/100\n|-boost|p2a: Gaslight|spa|1\n|move|p1a: Clodsire|Stealth Rock|p2a: Gaslight\n|-sidestart|p2: Hydreisenberg|move: Stealth Rock\n|\n|upkeep\n|turn|26\n|\n|t:|1700660072\n|move|p2a: Gaslight|Fiery Dance|p1a: Clodsire\n|-damage|p1a: Clodsire|28\/100\n|-boost|p2a: Gaslight|spa|1\n|move|p1a: Clodsire|Recover|p1a: Clodsire\n|-heal|p1a: Clodsire|79\/100\n|\n|upkeep\n|turn|27\n|\n|t:|1700660083\n|move|p2a: Gaslight|Tera Blast|p1a: Clodsire|[anim] Tera Blast Water\n|-damage|p1a: Clodsire|56\/100\n|move|p1a: Clodsire|Recover|p1a: Clodsire\n|-heal|p1a: Clodsire|100\/100\n|\n|upkeep\n|turn|28\n|\n|t:|1700660089\n|move|p2a: Gaslight|Tera Blast|p1a: Clodsire|[anim] Tera Blast Water\n|-damage|p1a: Clodsire|78\/100\n|move|p1a: Clodsire|Earthquake|p2a: Gaslight\n|-damage|p2a: Gaslight|58\/100\n|\n|upkeep\n|turn|29\n|\n|t:|1700660097\n|move|p2a: Gaslight|Energy Ball|p1a: Clodsire\n|-resisted|p1a: Clodsire\n|-damage|p1a: Clodsire|70\/100\n|move|p1a: Clodsire|Recover|p1a: Clodsire\n|-heal|p1a: Clodsire|100\/100\n|\n|upkeep\n|turn|30\n|\n|t:|1700660106\n|move|p2a: Gaslight|Fiery Dance|p1a: Clodsire\n|-damage|p1a: Clodsire|78\/100\n|-boost|p2a: Gaslight|spa|1\n|move|p1a: Clodsire|Earthquake|p2a: Gaslight\n|-damage|p2a: Gaslight|17\/100\n|\n|upkeep\n|turn|31\n|\n|t:|1700660114\n|move|p2a: Gaslight|Fiery Dance|p1a: Clodsire\n|-damage|p1a: Clodsire|54\/100\n|move|p1a: Clodsire|Toxic Spikes|p2a: Gaslight\n|-sidestart|p2: Hydreisenberg|move: Toxic Spikes\n|\n|upkeep\n|turn|32\n|\n|t:|1700660126\n|-end|p2a: Gaslight|Quark Drive|[silent]\n|switch|p2a: Gatekeep|Ninetales-Alola, F|38\/100\n|-status|p2a: Gatekeep|tox\n|-damage|p2a: Gatekeep|13\/100 tox|[from] Stealth Rock\n|-weather|Snow|[from] ability: Snow Warning|[of] p2a: Gatekeep\n|move|p1a: Clodsire|Recover|p1a: Clodsire\n|-heal|p1a: Clodsire|100\/100\n|\n|-weather|Snow|[upkeep]\n|-damage|p2a: Gatekeep|7\/100 tox|[from] psn\n|upkeep\n|turn|33\n|\n|t:|1700660138\n|move|p2a: Gatekeep|Aurora Veil|p2a: Gatekeep\n|-sidestart|p2: Hydreisenberg|move: Aurora Veil\n|move|p1a: Clodsire|Earthquake|p2a: Gatekeep\n|-damage|p2a: Gatekeep|0 fnt\n|faint|p2a: Gatekeep\n|\n|-weather|Snow|[upkeep]\n|upkeep\n|\n|t:|1700660157\n|switch|p2a: King Crimson|Kingambit, M|100\/100\n|-damage|p2a: King Crimson|94\/100|[from] Stealth Rock\n|-activate|p2a: King Crimson|ability: Supreme Overlord\n|-start|p2a: King Crimson|fallen3|[silent]\n|turn|34\n|\n|t:|1700660174\n|move|p2a: King Crimson|Kowtow Cleave|p1a: Clodsire\n|-damage|p1a: Clodsire|26\/100\n|move|p1a: Clodsire|Earthquake|p2a: King Crimson\n|-supereffective|p2a: King Crimson\n|-damage|p2a: King Crimson|75\/100\n|\n|-weather|Snow|[upkeep]\n|-heal|p2a: King Crimson|81\/100|[from] item: Leftovers\n|upkeep\n|turn|35\n|\n|t:|1700660184\n|move|p2a: King Crimson|Swords Dance|p2a: King Crimson\n|-boost|p2a: King Crimson|atk|2\n|move|p1a: Clodsire|Earthquake|p2a: King Crimson\n|-supereffective|p2a: King Crimson\n|-damage|p2a: King Crimson|63\/100\n|\n|-weather|Snow|[upkeep]\n|-heal|p2a: King Crimson|69\/100|[from] item: Leftovers\n|upkeep\n|turn|36\n|\n|t:|1700660193\n|move|p2a: King Crimson|Kowtow Cleave|p1a: Clodsire\n|-damage|p1a: Clodsire|0 fnt\n|faint|p1a: Clodsire\n|\n|-weather|none\n|-heal|p2a: King Crimson|75\/100|[from] item: Leftovers\n|upkeep\n|\n|t:|1700660195\n|switch|p1a: Skeledirge|Skeledirge, M|100\/100\n|turn|37\n|\n|t:|1700660204\n|move|p1a: Skeledirge|Will-O-Wisp|p2a: King Crimson\n|-status|p2a: King Crimson|brn\n|move|p2a: King Crimson|Kowtow Cleave|p1a: Skeledirge\n|-supereffective|p1a: Skeledirge\n|-damage|p1a: Skeledirge|64\/100\n|\n|-heal|p2a: King Crimson|81\/100 brn|[from] item: Leftovers\n|-damage|p2a: King Crimson|75\/100 brn|[from] brn\n|-sideend|p2: Hydreisenberg|move: Aurora Veil\n|upkeep\n|turn|38\n|\n|t:|1700660221\n|move|p1a: Skeledirge|Slack Off|p1a: Skeledirge\n|-heal|p1a: Skeledirge|100\/100\n|move|p2a: King Crimson|Kowtow Cleave|p1a: Skeledirge\n|-supereffective|p1a: Skeledirge\n|-damage|p1a: Skeledirge|64\/100\n|\n|-heal|p2a: King Crimson|81\/100 brn|[from] item: Leftovers\n|-damage|p2a: King Crimson|75\/100 brn|[from] brn\n|upkeep\n|turn|39\n|\n|t:|1700660231\n|-end|p2a: King Crimson|fallen3|[silent]\n|switch|p2a: Gaslight|Iron Moth, tera:Water|17\/100\n|-status|p2a: Gaslight|tox\n|-damage|p2a: Gaslight|5\/100 tox|[from] Stealth Rock\n|move|p1a: Skeledirge|Torch Song|p2a: Gaslight\n|-resisted|p2a: Gaslight\n|-damage|p2a: Gaslight|0 fnt\n|-boost|p1a: Skeledirge|spa|1\n|faint|p2a: Gaslight\n|-end|p2a: Gaslight|Quark Drive|[silent]\n|\n|upkeep\n|\n|t:|1700660245\n|switch|p2a: Flashbang Addict|Kommo-o, M|100\/100\n|-status|p2a: Flashbang Addict|tox\n|-damage|p2a: Flashbang Addict|94\/100 tox|[from] Stealth Rock\n|turn|40\n|\n|t:|1700660258\n|move|p2a: Flashbang Addict|Clanging Scales|p1a: Skeledirge\n|-damage|p1a: Skeledirge|18\/100\n|-unboost|p2a: Flashbang Addict|def|1\n|-enditem|p2a: Flashbang Addict|Throat Spray\n|-boost|p2a: Flashbang Addict|spa|1|[from] item: Throat Spray\n|move|p1a: Skeledirge|Slack Off|p1a: Skeledirge\n|-heal|p1a: Skeledirge|68\/100\n|\n|-damage|p2a: Flashbang Addict|88\/100 tox|[from] psn\n|upkeep\n|turn|41\n|\n|t:|1700660269\n|move|p2a: Flashbang Addict|Clanging Scales|p1a: Skeledirge\n|-damage|p1a: Skeledirge|15\/100\n|-unboost|p2a: Flashbang Addict|def|1\n|move|p1a: Skeledirge|Slack Off|p1a: Skeledirge\n|-heal|p1a: Skeledirge|65\/100\n|\n|-damage|p2a: Flashbang Addict|76\/100 tox|[from] psn\n|upkeep\n|turn|42\n|\n|t:|1700660284\n|switch|p1a: Clefable|Clefable, F|40\/100\n|move|p2a: Flashbang Addict|Clanging Scales|p1a: Clefable\n|-immune|p1a: Clefable\n|\n|-damage|p2a: Flashbang Addict|57\/100 tox|[from] psn\n|upkeep\n|turn|43\n|\n|t:|1700660292\n|move|p2a: Flashbang Addict|Boomburst|p1a: Clefable\n|-damage|p1a: Clefable|1\/100\n|move|p1a: Clefable|Moonlight|p1a: Clefable\n|-heal|p1a: Clefable|51\/100\n|\n|-damage|p2a: Flashbang Addict|32\/100 tox|[from] psn\n|upkeep\n|turn|44\n|\n|t:|1700660301\n|move|p2a: Flashbang Addict|Clanging Scales|p1a: Clefable\n|-immune|p1a: Clefable\n|move|p1a: Clefable|Moonlight|p1a: Clefable\n|-heal|p1a: Clefable|100\/100\n|\n|-damage|p2a: Flashbang Addict|2\/100 tox|[from] psn\n|upkeep\n|turn|45\n|\n|t:|1700660311\n|move|p2a: Flashbang Addict|Clanging Scales|p1a: Clefable\n|-immune|p1a: Clefable\n|move|p1a: Clefable|Moonlight|p1a: Clefable\n|-fail|p1a: Clefable|heal\n|\n|-damage|p2a: Flashbang Addict|0 fnt|[from] psn\n|faint|p2a: Flashbang Addict\n|upkeep\n|c|\u2606Hydreisenberg|Most morally sound stall user\n|\n|t:|1700660324\n|switch|p2a: King Crimson|Kingambit, M|75\/100 brn\n|-damage|p2a: King Crimson|69\/100 brn|[from] Stealth Rock\n|-activate|p2a: King Crimson|ability: Supreme Overlord\n|-start|p2a: King Crimson|fallen5|[silent]\n|turn|46\n|\n|t:|1700660336\n|move|p1a: Clefable|Knock Off|p2a: King Crimson\n|-resisted|p2a: King Crimson\n|-damage|p2a: King Crimson|64\/100 brn\n|-enditem|p2a: King Crimson|Leftovers|[from] move: Knock Off|[of] p1a: Clefable\n|move|p2a: King Crimson|Kowtow Cleave|p1a: Clefable\n|-resisted|p1a: Clefable\n|-damage|p1a: Clefable|86\/100\n|\n|-damage|p2a: King Crimson|58\/100 brn|[from] brn\n|upkeep\n|turn|47\n|c|\u2606JoeBidenXIsrael|gg\n|\n|t:|1700660347\n|move|p1a: Clefable|Moonblast|p2a: King Crimson\n|-damage|p2a: King Crimson|24\/100 brn\n|move|p2a: King Crimson|Low Kick|p1a: Clefable\n|-resisted|p1a: Clefable\n|-damage|p1a: Clefable|80\/100\n|\n|-damage|p2a: King Crimson|18\/100 brn|[from] brn\n|upkeep\n|turn|48\n|\n|t:|1700660356\n|move|p1a: Clefable|Moonblast|p2a: King Crimson\n|-damage|p2a: King Crimson|0 fnt\n|faint|p2a: King Crimson\n|-end|p2a: King Crimson|fallen5|[silent]\n|\n|win|JoeBidenXIsrael\n|raw|JoeBidenXIsrael's rating: 1194 &rarr; <strong>1222<\/strong><br \/>(+28 for winning)\n|raw|Hydreisenberg's rating: 1236 &rarr; <strong>1208<\/strong><br \/>(-28 for losing)\n|l|\u2606JoeBidenXIsrael\n|l|\u2606Hydreisenberg\n|j|\u2606JoeBidenXIsrael\n|player|p1|JoeBidenXIsrael|petrel\n","uploadtime":1700660374,"views":2,"p1id":"joebidenxisrael","p2id":"hydreisenberg","formatid":"gen9ou","rating":1208,"private":0,"password":""}