{"id":"gen9ou-1997204882","p1":"slugdragon","p2":"VikontAlu","format":"[Gen 9] OU","log":"|j|\u2606slugdragon\n|j|\u2606VikontAlu\n|t:|1700775344\n|gametype|singles\n|player|p1|slugdragon|schoolkid-gen8|1228\n|player|p2|VikontAlu|170|1144\n|teamsize|p1|6\n|teamsize|p2|6\n|gen|9\n|tier|[Gen 9] OU\n|rated|\n|rule|Sleep Clause Mod: Limit one foe put to sleep\n|rule|Species Clause: Limit one of each Pok\u00e9mon\n|rule|OHKO Clause: OHKO moves are banned\n|rule|Evasion Items Clause: Evasion items are banned\n|rule|Evasion Moves Clause: Evasion moves are banned\n|rule|Endless Battle Clause: Forcing endless battles is banned\n|rule|HP Percentage Mod: HP is shown in percentages\n|clearpoke\n|poke|p1|Zamazenta-*|\n|poke|p1|Goodra-Hisui, F|\n|poke|p1|Dondozo, F|\n|poke|p1|Slowking-Galar, M|\n|poke|p1|Rillaboom, F|\n|poke|p1|Ninetales-Alola, F|\n|poke|p2|Garganacl, F|\n|poke|p2|Great Tusk|\n|poke|p2|Gholdengo|\n|poke|p2|Iron Valiant|\n|poke|p2|Dragonite, M|\n|poke|p2|Zapdos|\n|teampreview\n|inactive|Battle timer is ON: inactive players will automatically lose when time's up. (requested by VikontAlu)\n|\n|t:|1700775397\n|start\n|switch|p1a: Goodra|Goodra-Hisui, F|100\/100\n|switch|p2a: HE IS HIM|Garganacl, F|100\/100\n|turn|1\n|\n|t:|1700775406\n|-terastallize|p2a: HE IS HIM|Water\n|move|p1a: Goodra|Flash Cannon|p2a: HE IS HIM\n|-resisted|p2a: HE IS HIM\n|-damage|p2a: HE IS HIM|83\/100\n|move|p2a: HE IS HIM|Salt Cure|p1a: Goodra\n|-resisted|p1a: Goodra\n|-damage|p1a: Goodra|94\/100\n|-start|p1a: Goodra|Salt Cure\n|\n|-heal|p2a: HE IS HIM|89\/100|[from] item: Leftovers\n|-damage|p1a: Goodra|69\/100|[from] Salt Cure\n|upkeep\n|turn|2\n|\n|t:|1700775416\n|switch|p1a: Rillaboom|Rillaboom, F|100\/100\n|-fieldstart|move: Grassy Terrain|[from] ability: Grassy Surge|[of] p1a: Rillaboom\n|move|p2a: HE IS HIM|Curse|p2a: HE IS HIM\n|-unboost|p2a: HE IS HIM|spe|1\n|-boost|p2a: HE IS HIM|atk|1\n|-boost|p2a: HE IS HIM|def|1\n|\n|-heal|p2a: HE IS HIM|95\/100|[from] Grassy Terrain\n|-heal|p2a: HE IS HIM|100\/100|[from] item: Leftovers\n|upkeep\n|turn|3\n|\n|t:|1700775423\n|switch|p2a: Dragonite|Dragonite, M|100\/100\n|move|p1a: Rillaboom|Wood Hammer|p2a: Dragonite\n|-resisted|p2a: Dragonite\n|-damage|p2a: Dragonite|82\/100\n|-damage|p1a: Rillaboom|95\/100|[from] Recoil\n|\n|-heal|p1a: Rillaboom|100\/100|[from] Grassy Terrain\n|upkeep\n|turn|4\n|c|\u2606VikontAlu|Ice beam\n|\n|t:|1700775441\n|switch|p1a: Zamazenta|Zamazenta|100\/100\n|-ability|p1a: Zamazenta|Dauntless Shield|boost\n|-boost|p1a: Zamazenta|def|1\n|move|p2a: Dragonite|Dragon Dance|p2a: Dragonite\n|-boost|p2a: Dragonite|atk|1\n|-boost|p2a: Dragonite|spe|1\n|\n|upkeep\n|turn|5\n|c|\u2606VikontAlu|\u0130s coming\n|inactive|VikontAlu has 120 seconds left.\n|\n|t:|1700775475\n|switch|p2a: Great Tusk|Great Tusk|100\/100\n|move|p1a: Zamazenta|Ice Fang|p2a: Great Tusk\n|-supereffective|p2a: Great Tusk\n|-damage|p2a: Great Tusk|53\/100\n|\n|-heal|p2a: Great Tusk|59\/100|[from] Grassy Terrain\n|upkeep\n|turn|6\n|inactive|VikontAlu has 120 seconds left.\n|\n|t:|1700775487\n|move|p1a: Zamazenta|Ice Fang|p2a: Great Tusk\n|-supereffective|p2a: Great Tusk\n|-damage|p2a: Great Tusk|14\/100\n|move|p2a: Great Tusk|Knock Off|p1a: Zamazenta\n|-resisted|p1a: Zamazenta\n|-damage|p1a: Zamazenta|89\/100\n|-enditem|p1a: Zamazenta|Choice Band|[from] move: Knock Off|[of] p2a: Great Tusk\n|\n|-heal|p1a: Zamazenta|95\/100|[from] Grassy Terrain\n|-heal|p2a: Great Tusk|20\/100|[from] Grassy Terrain\n|-fieldend|move: Grassy Terrain\n|upkeep\n|turn|7\n|inactive|VikontAlu has 120 seconds left.\n|\n|t:|1700775504\n|move|p1a: Zamazenta|Ice Fang|p2a: Great Tusk|[miss]\n|-miss|p1a: Zamazenta|p2a: Great Tusk\n|move|p2a: Great Tusk|Knock Off|p1a: Zamazenta\n|-resisted|p1a: Zamazenta\n|-damage|p1a: Zamazenta|88\/100\n|\n|upkeep\n|turn|8\n|inactive|VikontAlu has 120 seconds left.\n|c|\u2606VikontAlu|I am fucking stupid\n|c|\u2606VikontAlu|Why i use knock of again :D\n|\n|t:|1700775521\n|move|p1a: Zamazenta|Ice Fang|p2a: Great Tusk\n|-supereffective|p2a: Great Tusk\n|-damage|p2a: Great Tusk|0 fnt\n|faint|p2a: Great Tusk\n|-end|p2a: Great Tusk|Protosynthesis|[silent]\n|\n|upkeep\n|\n|t:|1700775530\n|switch|p2a: Iron Valiant|Iron Valiant|100\/100\n|turn|9\n|c|\u2606VikontAlu|Get ready boi\n|c|\u2606VikontAlu|One tap all your pokemon watch this\n|inactive|slugdragon has 120 seconds left.\n|\n|t:|1700775563\n|switch|p1a: Slowking|Slowking-Galar, M|100\/100\n|move|p2a: Iron Valiant|Moonblast|p1a: Slowking\n|-resisted|p1a: Slowking\n|-damage|p1a: Slowking|88\/100\n|\n|upkeep\n|turn|10\n|inactive|VikontAlu has 120 seconds left.\n|inactive|slugdragon has 120 seconds left.\n|\n|t:|1700775580\n|-end|p2a: Iron Valiant|Quark Drive|[silent]\n|switch|p2a: HE IS HIM|Garganacl, F, tera:Water|100\/100\n|move|p1a: Slowking|Sludge Bomb|p2a: HE IS HIM\n|-damage|p2a: HE IS HIM|74\/100\n|\n|-heal|p2a: HE IS HIM|80\/100|[from] item: Leftovers\n|upkeep\n|turn|11\n|inactive|slugdragon has 120 seconds left.\n|\n|t:|1700775587\n|move|p2a: HE IS HIM|Salt Cure|p1a: Slowking\n|-damage|p1a: Slowking|72\/100\n|-start|p1a: Slowking|Salt Cure\n|move|p1a: Slowking|Chilly Reception|p1a: Slowking\n|-weather|Snow\n|inactive|slugdragon has 120 seconds left.\n|c|\u2606VikontAlu|Oh your gonna switch nine tails right\n|\n|t:|1700775615\n|switch|p1a: Ninetales|Ninetales-Alola, F|100\/100|[from] Chilly Reception\n|\n|-weather|Snow|[upkeep]\n|-heal|p2a: HE IS HIM|86\/100|[from] item: Leftovers\n|upkeep\n|turn|12\n|inactive|VikontAlu has 120 seconds left.\n|\n|t:|1700775630\n|move|p1a: Ninetales|Moonblast|p2a: HE IS HIM\n|-damage|p2a: HE IS HIM|55\/100\n|move|p2a: HE IS HIM|Salt Cure|p1a: Ninetales\n|-supereffective|p1a: Ninetales\n|-damage|p1a: Ninetales|69\/100\n|-start|p1a: Ninetales|Salt Cure\n|\n|-weather|Snow|[upkeep]\n|-heal|p2a: HE IS HIM|62\/100|[from] item: Leftovers\n|-damage|p1a: Ninetales|57\/100|[from] Salt Cure\n|upkeep\n|turn|13\n|inactive|VikontAlu has 120 seconds left.\n|\n|t:|1700775640\n|move|p1a: Ninetales|Moonblast|p2a: HE IS HIM\n|-damage|p2a: HE IS HIM|32\/100\n|move|p2a: HE IS HIM|Recover|p2a: HE IS HIM\n|-heal|p2a: HE IS HIM|82\/100\n|\n|-weather|Snow|[upkeep]\n|-heal|p2a: HE IS HIM|88\/100|[from] item: Leftovers\n|-damage|p1a: Ninetales|45\/100|[from] Salt Cure\n|upkeep\n|turn|14\n|c|\u2606VikontAlu|Oh no\n|c|\u2606VikontAlu|What can i do\n|inactive|VikontAlu has 120 seconds left.\n|\n|t:|1700775653\n|move|p1a: Ninetales|Aurora Veil|p1a: Ninetales\n|-sidestart|p1: slugdragon|move: Aurora Veil\n|move|p2a: HE IS HIM|Salt Cure|p1a: Ninetales\n|-supereffective|p1a: Ninetales\n|-damage|p1a: Ninetales|30\/100\n|\n|-weather|Snow|[upkeep]\n|-heal|p2a: HE IS HIM|94\/100|[from] item: Leftovers\n|-damage|p1a: Ninetales|18\/100|[from] Salt Cure\n|upkeep\n|turn|15\n|\n|t:|1700775662\n|move|p1a: Ninetales|Moonblast|p2a: HE IS HIM\n|-damage|p2a: HE IS HIM|65\/100\n|move|p2a: HE IS HIM|Curse|p2a: HE IS HIM\n|-unboost|p2a: HE IS HIM|spe|1\n|-boost|p2a: HE IS HIM|atk|1\n|-boost|p2a: HE IS HIM|def|1\n|\n|-weather|none\n|-heal|p2a: HE IS HIM|71\/100|[from] item: Leftovers\n|-damage|p1a: Ninetales|6\/100|[from] Salt Cure\n|upkeep\n|turn|16\n|\n|t:|1700775672\n|move|p1a: Ninetales|Moonblast|p2a: HE IS HIM\n|-damage|p2a: HE IS HIM|43\/100\n|move|p2a: HE IS HIM|Recover|p2a: HE IS HIM\n|-heal|p2a: HE IS HIM|93\/100\n|\n|-heal|p2a: HE IS HIM|99\/100|[from] item: Leftovers\n|-damage|p1a: Ninetales|0 fnt|[from] Salt Cure\n|faint|p1a: Ninetales\n|upkeep\n|\n|t:|1700775679\n|switch|p1a: Goodra|Goodra-Hisui, F|69\/100\n|turn|17\n|c|\u2606VikontAlu|Why you dont switch rillaboom bro\n|c|\u2606VikontAlu|Are you brain dead ?\n|\n|t:|1700775691\n|move|p1a: Goodra|Draco Meteor|p2a: HE IS HIM|[miss]\n|-miss|p1a: Goodra|p2a: HE IS HIM\n|move|p2a: HE IS HIM|Salt Cure|p1a: Goodra\n|-resisted|p1a: Goodra\n|-damage|p1a: Goodra|64\/100\n|-start|p1a: Goodra|Salt Cure\n|\n|-heal|p2a: HE IS HIM|100\/100|[from] item: Leftovers\n|-damage|p1a: Goodra|39\/100|[from] Salt Cure\n|upkeep\n|turn|18\n|\n|t:|1700775701\n|move|p1a: Goodra|Draco Meteor|p2a: HE IS HIM\n|-damage|p2a: HE IS HIM|41\/100\n|-unboost|p1a: Goodra|spa|2\n|move|p2a: HE IS HIM|Earthquake|p1a: Goodra\n|-supereffective|p1a: Goodra\n|-damage|p1a: Goodra|4\/100\n|\n|-heal|p2a: HE IS HIM|47\/100|[from] item: Leftovers\n|-damage|p1a: Goodra|0 fnt|[from] Salt Cure\n|faint|p1a: Goodra\n|upkeep\n|c|\u2606VikontAlu|Go chose rillabom pls\n|\n|t:|1700775724\n|switch|p1a: Rillaboom|Rillaboom, F|100\/100\n|-fieldstart|move: Grassy Terrain|[from] ability: Grassy Surge|[of] p1a: Rillaboom\n|turn|19\n|c|\u2606VikontAlu|Yes think now what can i do\n|\n|t:|1700775739\n|switch|p2a: Dragonite|Dragonite, M|82\/100\n|move|p1a: Rillaboom|Knock Off|p2a: Dragonite\n|-damage|p2a: Dragonite|28\/100\n|-enditem|p2a: Dragonite|Heavy-Duty Boots|[from] move: Knock Off|[of] p1a: Rillaboom\n|\n|upkeep\n|turn|20\n|c|\u2606VikontAlu|Yeah man play like this\n|\n|t:|1700775754\n|move|p2a: Dragonite|Extreme Speed|p1a: Rillaboom\n|-damage|p1a: Rillaboom|85\/100\n|move|p1a: Rillaboom|Knock Off|p2a: Dragonite\n|-damage|p2a: Dragonite|0 fnt\n|faint|p2a: Dragonite\n|\n|-heal|p1a: Rillaboom|91\/100|[from] Grassy Terrain\n|upkeep\n|\n|t:|1700775773\n|switch|p2a: Zapppiii!!|Zapdos|100\/100\n|turn|21\n|c|\u2606slugdragon|are you...\n|c|\u2606slugdragon|okay?\n|c|\u2606VikontAlu|Yeah\n|c|\u2606VikontAlu|Am boutta lose this\n|\n|t:|1700775799\n|switch|p1a: Slowking|Slowking-Galar, M|100\/100\n|move|p2a: Zapppiii!!|Heat Wave|p1a: Slowking\n|-damage|p1a: Slowking|92\/100\n|\n|-heal|p1a: Slowking|98\/100|[from] Grassy Terrain\n|-sideend|p1: slugdragon|move: Aurora Veil\n|upkeep\n|turn|22\n|\n|t:|1700775815\n|switch|p2a: GOLDENGO|Gholdengo|100\/100\n|-item|p2a: GOLDENGO|Air Balloon\n|move|p1a: Slowking|Future Sight|p2a: GOLDENGO\n|-start|p1a: Slowking|move: Future Sight\n|\n|-heal|p1a: Slowking|100\/100|[from] Grassy Terrain\n|upkeep\n|turn|23\n|c|\u2606slugdragon|Okay so shut the fuck up\n|c|\u2606slugdragon|and don't call me braindead\n|inactive|slugdragon has 120 seconds left.\n|\n|t:|1700775837\n|move|p2a: GOLDENGO|Nasty Plot|p2a: GOLDENGO\n|-boost|p2a: GOLDENGO|spa|2\n|move|p1a: Slowking|Chilly Reception|p1a: Slowking\n|-weather|Snow\n|inactive|slugdragon has 120 seconds left.\n|\n|t:|1700775846\n|switch|p1a: Dondozo|Dondozo, F|100\/100|[from] Chilly Reception\n|\n|-weather|Snow|[upkeep]\n|-fieldend|move: Grassy Terrain\n|upkeep\n|turn|24\n|\n|t:|1700775862\n|move|p2a: GOLDENGO|Shadow Ball|p1a: Dondozo\n|-damage|p1a: Dondozo|69\/100\n|move|p1a: Dondozo|Liquidation|p2a: GOLDENGO\n|-damage|p2a: GOLDENGO|81\/100\n|-unboost|p2a: GOLDENGO|def|1\n|-enditem|p2a: GOLDENGO|Air Balloon\n|\n|-weather|Snow|[upkeep]\n|-end|p2a: GOLDENGO|move: Future Sight\n|-resisted|p2a: GOLDENGO\n|-damage|p2a: GOLDENGO|58\/100\n|-heal|p1a: Dondozo|75\/100|[from] item: Leftovers\n|upkeep\n|turn|25\n|\n|t:|1700775879\n|switch|p2a: Zapppiii!!|Zapdos|100\/100\n|move|p1a: Dondozo|Liquidation|p2a: Zapppiii!!\n|-damage|p2a: Zapppiii!!|72\/100\n|\n|-weather|Snow|[upkeep]\n|-heal|p1a: Dondozo|82\/100|[from] item: Leftovers\n|upkeep\n|turn|26\n|\n|t:|1700775894\n|switch|p2a: HE IS HIM|Garganacl, F, tera:Water|47\/100\n|switch|p1a: Slowking|Slowking-Galar, M|100\/100\n|\n|-weather|Snow|[upkeep]\n|-heal|p2a: HE IS HIM|53\/100|[from] item: Leftovers\n|upkeep\n|turn|27\n|\n|t:|1700775901\n|move|p2a: HE IS HIM|Salt Cure|p1a: Slowking\n|-damage|p1a: Slowking|85\/100\n|-start|p1a: Slowking|Salt Cure\n|move|p1a: Slowking|Future Sight|p2a: HE IS HIM\n|-start|p1a: Slowking|move: Future Sight\n|\n|-weather|none\n|-heal|p2a: HE IS HIM|60\/100|[from] item: Leftovers\n|-damage|p1a: Slowking|73\/100|[from] Salt Cure\n|upkeep\n|turn|28\n|\n|t:|1700775909\n|move|p2a: HE IS HIM|Recover|p2a: HE IS HIM\n|-heal|p2a: HE IS HIM|100\/100\n|move|p1a: Slowking|Sludge Bomb|p2a: HE IS HIM\n|-damage|p2a: HE IS HIM|71\/100\n|\n|-heal|p2a: HE IS HIM|77\/100|[from] item: Leftovers\n|-damage|p1a: Slowking|60\/100|[from] Salt Cure\n|upkeep\n|turn|29\n|\n|t:|1700775920\n|move|p2a: HE IS HIM|Recover|p2a: HE IS HIM\n|-heal|p2a: HE IS HIM|100\/100\n|move|p1a: Slowking|Sludge Bomb|p2a: HE IS HIM\n|-damage|p2a: HE IS HIM|74\/100\n|\n|-end|p2a: HE IS HIM|move: Future Sight\n|-damage|p2a: HE IS HIM|39\/100\n|-heal|p2a: HE IS HIM|45\/100|[from] item: Leftovers\n|-damage|p1a: Slowking|48\/100|[from] Salt Cure\n|upkeep\n|turn|30\n|\n|t:|1700775931\n|switch|p1a: Rillaboom|Rillaboom, F|91\/100\n|-fieldstart|move: Grassy Terrain|[from] ability: Grassy Surge|[of] p1a: Rillaboom\n|move|p2a: HE IS HIM|Recover|p2a: HE IS HIM\n|-heal|p2a: HE IS HIM|95\/100\n|\n|-heal|p1a: Rillaboom|97\/100|[from] Grassy Terrain\n|-heal|p2a: HE IS HIM|100\/100|[from] Grassy Terrain\n|upkeep\n|turn|31\n|inactive|VikontAlu has 120 seconds left.\n|inactive|slugdragon has 120 seconds left.\n|\n|t:|1700775978\n|switch|p2a: Iron Valiant|Iron Valiant|100\/100\n|move|p1a: Rillaboom|Wood Hammer|p2a: Iron Valiant\n|-damage|p2a: Iron Valiant|0 fnt\n|faint|p2a: Iron Valiant\n|-end|p2a: Iron Valiant|Quark Drive|[silent]\n|-damage|p1a: Rillaboom|69\/100|[from] Recoil\n|\n|-heal|p1a: Rillaboom|76\/100|[from] Grassy Terrain\n|upkeep\n|c|\u2606slugdragon|He is NOT him\n|c|\u2606VikontAlu|Ow shit\n|c|\u2606VikontAlu|\u0130 am boutta lose\n|inactive|VikontAlu has 90 seconds left.\n|\n|t:|1700776012\n|switch|p2a: Zapppiii!!|Zapdos|72\/100\n|turn|32\n|inactive|VikontAlu has 90 seconds left.\n|\n|t:|1700776023\n|switch|p1a: Slowking|Slowking-Galar, M|81\/100\n|move|p2a: Zapppiii!!|Heat Wave|p1a: Slowking\n|-damage|p1a: Slowking|66\/100\n|\n|-heal|p1a: Slowking|73\/100|[from] Grassy Terrain\n|upkeep\n|turn|33\n|inactive|slugdragon has 120 seconds left.\n|c|\u2606VikontAlu|Are you boutta win ?\n|c|\u2606VikontAlu|Just play man\n|inactive|slugdragon has 90 seconds left.\n|\n|t:|1700776059\n|switch|p2a: HE IS HIM|Garganacl, F, tera:Water|100\/100\n|move|p1a: Slowking|Future Sight|p2a: HE IS HIM\n|-start|p1a: Slowking|move: Future Sight\n|\n|-heal|p1a: Slowking|79\/100|[from] Grassy Terrain\n|upkeep\n|turn|34\n|c|\u2606VikontAlu|What you thinking for\n|\n|t:|1700776065\n|move|p2a: HE IS HIM|Salt Cure|p1a: Slowking\n|-damage|p1a: Slowking|65\/100\n|-start|p1a: Slowking|Salt Cure\n|move|p1a: Slowking|Sludge Bomb|p2a: HE IS HIM\n|-crit|p2a: HE IS HIM\n|-damage|p2a: HE IS HIM|58\/100\n|\n|-heal|p2a: HE IS HIM|64\/100|[from] Grassy Terrain\n|-heal|p2a: HE IS HIM|71\/100|[from] item: Leftovers\n|-heal|p1a: Slowking|72\/100|[from] Grassy Terrain\n|-damage|p1a: Slowking|59\/100|[from] Salt Cure\n|-fieldend|move: Grassy Terrain\n|upkeep\n|turn|35\n|\n|t:|1700776077\n|move|p2a: HE IS HIM|Recover|p2a: HE IS HIM\n|-heal|p2a: HE IS HIM|100\/100\n|move|p1a: Slowking|Chilly Reception|p1a: Slowking\n|-weather|Snow\n|\n|t:|1700776093\n|switch|p1a: Rillaboom|Rillaboom, F|76\/100|[from] Chilly Reception\n|-fieldstart|move: Grassy Terrain|[from] ability: Grassy Surge|[of] p1a: Rillaboom\n|\n|-weather|Snow|[upkeep]\n|-end|p2a: HE IS HIM|move: Future Sight\n|-damage|p2a: HE IS HIM|66\/100\n|-heal|p1a: Rillaboom|82\/100|[from] Grassy Terrain\n|-heal|p2a: HE IS HIM|72\/100|[from] Grassy Terrain\n|-heal|p2a: HE IS HIM|78\/100|[from] item: Leftovers\n|upkeep\n|turn|36\n|c|\u2606VikontAlu|Dont think mouch brother\n|\n|t:|1700776108\n|-terastallize|p1a: Rillaboom|Grass\n|move|p1a: Rillaboom|Wood Hammer|p2a: HE IS HIM\n|-supereffective|p2a: HE IS HIM\n|-damage|p2a: HE IS HIM|0 fnt\n|faint|p2a: HE IS HIM\n|-damage|p1a: Rillaboom|51\/100|[from] Recoil\n|\n|-weather|Snow|[upkeep]\n|-heal|p1a: Rillaboom|57\/100|[from] Grassy Terrain\n|upkeep\n|\n|t:|1700776118\n|switch|p2a: Zapppiii!!|Zapdos|72\/100\n|turn|37\n|c|\u2606VikontAlu|Rillabom hard ct to me gg\n|c|\u2606slugdragon|ego squashed\n|\n|t:|1700776140\n|switch|p1a: Slowking|Slowking-Galar, M|92\/100\n|move|p2a: Zapppiii!!|Heat Wave|p1a: Slowking\n|-damage|p1a: Slowking|76\/100\n|\n|-weather|Snow|[upkeep]\n|-heal|p1a: Slowking|82\/100|[from] Grassy Terrain\n|upkeep\n|turn|38\n|c|\u2606VikontAlu|Lol\n|\n|t:|1700776150\n|move|p2a: Zapppiii!!|Discharge|p1a: Slowking\n|-damage|p1a: Slowking|62\/100\n|move|p1a: Slowking|Future Sight|p2a: Zapppiii!!\n|-start|p1a: Slowking|move: Future Sight\n|\n|-weather|Snow|[upkeep]\n|-heal|p1a: Slowking|68\/100|[from] Grassy Terrain\n|upkeep\n|turn|39\n|\n|t:|1700776157\n|move|p2a: Zapppiii!!|Discharge|p1a: Slowking\n|-damage|p1a: Slowking|50\/100\n|move|p1a: Slowking|Sludge Bomb|p2a: Zapppiii!!\n|-damage|p2a: Zapppiii!!|51\/100\n|\n|-weather|none\n|-heal|p1a: Slowking|56\/100|[from] Grassy Terrain\n|-fieldend|move: Grassy Terrain\n|upkeep\n|turn|40\n|-message|VikontAlu forfeited.\n|\n|win|slugdragon\n|raw|slugdragon's rating: 1228 &rarr; <strong>1247<\/strong><br \/>(+19 for winning)\n|raw|VikontAlu's rating: 1144 &rarr; <strong>1125<\/strong><br \/>(-19 for losing)\n|l|\u2606VikontAlu\n","uploadtime":1700775819,"views":4,"p1id":"slugdragon","p2id":"vikontalu","formatid":"gen9ou","rating":1125,"private":0,"password":""}