{"id":"gen9ou-1989094116","p1":"smallsoup","p2":"Vixen 4 Life","format":"[Gen 9] OU","log":"|j|\u2606smallsoup\n|j|\u2606Vixen 4 Life\n|t:|1699811495\n|gametype|singles\n|player|p1|smallsoup|policeman-gen4|1311\n|player|p2|Vixen 4 Life|penny|1286\n|teamsize|p1|6\n|teamsize|p2|6\n|gen|9\n|tier|[Gen 9] OU\n|rated|\n|rule|Sleep Clause Mod: Limit one foe put to sleep\n|rule|Species Clause: Limit one of each Pok\u00e9mon\n|rule|OHKO Clause: OHKO moves are banned\n|rule|Evasion Items Clause: Evasion items are banned\n|rule|Evasion Moves Clause: Evasion moves are banned\n|rule|Endless Battle Clause: Forcing endless battles is banned\n|rule|HP Percentage Mod: HP is shown in percentages\n|clearpoke\n|poke|p1|Mamoswine, M|\n|poke|p1|Dragapult, F|\n|poke|p1|Hoopa-Unbound|\n|poke|p1|Greninja-*, M|\n|poke|p1|Sneasler, M|\n|poke|p1|Corviknight, F|\n|poke|p2|Arbok, M|\n|poke|p2|Vikavolt, M|\n|poke|p2|Dusknoir, M|\n|poke|p2|Eelektross, M|\n|poke|p2|Tatsugiri-Droopy, M|\n|poke|p2|Krookodile, F|\n|teampreview\n|c|\u2606Vixen 4 Life|This should be fun\n|\n|t:|1699811509\n|start\n|switch|p1a: Sneasler|Sneasler, M|100\/100\n|switch|p2a: Vikavolt|Vikavolt, M|100\/100\n|turn|1\n|\n|t:|1699811518\n|move|p1a: Sneasler|Switcheroo|p2a: Vikavolt\n|-activate|p1a: Sneasler|move: Trick|[of] p2a: Vikavolt\n|-item|p2a: Vikavolt|Choice Scarf|[from] move: Switcheroo\n|-item|p1a: Sneasler|Heavy-Duty Boots|[from] move: Switcheroo\n|move|p2a: Vikavolt|Volt Switch|p1a: Sneasler\n|-damage|p1a: Sneasler|38\/100\n|\n|t:|1699811527\n|switch|p2a: Krookodile|Krookodile, F|100\/100|[from] Volt Switch\n|-ability|p2a: Krookodile|Intimidate|boost\n|-unboost|p1a: Sneasler|atk|1\n|\n|upkeep\n|turn|2\n|\n|t:|1699811530\n|move|p1a: Sneasler|Close Combat|p2a: Krookodile\n|-supereffective|p2a: Krookodile\n|-damage|p2a: Krookodile|32\/100\n|-unboost|p1a: Sneasler|def|1\n|-unboost|p1a: Sneasler|spd|1\n|-damage|p1a: Sneasler|21\/100|[from] item: Rocky Helmet|[of] p2a: Krookodile\n|move|p2a: Krookodile|Stealth Rock|p1a: Sneasler\n|-sidestart|p1: smallsoup|move: Stealth Rock\n|\n|upkeep\n|turn|3\n|\n|t:|1699811541\n|switch|p2a: Dusknoir|Dusknoir, M|100\/100\n|-item|p1a: Sneasler|Heavy-Duty Boots|[from] ability: Frisk|[of] p2a: Dusknoir|[identify]\n|move|p1a: Sneasler|U-turn|p2a: Dusknoir\n|-resisted|p2a: Dusknoir\n|-damage|p2a: Dusknoir|93\/100\n|-status|p2a: Dusknoir|psn|[from] ability: Poison Touch|[of] p1a: Sneasler\n|\n|t:|1699811546\n|switch|p1a: Got hands?|Hoopa-Unbound|100\/100|[from] U-turn\n|-damage|p1a: Got hands?|88\/100|[from] Stealth Rock\n|\n|-damage|p2a: Dusknoir|81\/100 psn|[from] psn\n|upkeep\n|turn|4\n|\n|t:|1699811550\n|switch|p2a: Krookodile|Krookodile, F|32\/100\n|-ability|p2a: Krookodile|Intimidate|boost\n|-unboost|p1a: Got hands?|atk|1\n|move|p1a: Got hands?|Knock Off|p2a: Krookodile\n|-resisted|p2a: Krookodile\n|-damage|p2a: Krookodile|15\/100\n|-damage|p1a: Got hands?|72\/100|[from] item: Rocky Helmet|[of] p2a: Krookodile\n|-enditem|p2a: Krookodile|Rocky Helmet|[from] move: Knock Off|[of] p1a: Got hands?\n|\n|upkeep\n|turn|5\n|\n|t:|1699811560\n|switch|p1a: Corviknight|Corviknight, F, shiny|100\/100\n|-damage|p1a: Corviknight|88\/100|[from] Stealth Rock\n|-ability|p1a: Corviknight|Pressure\n|move|p2a: Krookodile|Earthquake|p1a: Corviknight\n|-immune|p1a: Corviknight\n|\n|-heal|p1a: Corviknight|94\/100|[from] item: Leftovers\n|upkeep\n|turn|6\n|\n|t:|1699811564\n|move|p2a: Krookodile|Stealth Rock||[still]\n|-fail|p2a: Krookodile\n|move|p1a: Corviknight|Defog|p2a: Krookodile\n|-unboost|p2a: Krookodile|evasion|1\n|-sideend|p1: smallsoup|Stealth Rock|[from] move: Defog|[of] p1a: Corviknight\n|\n|-heal|p1a: Corviknight|99\/100|[from] item: Leftovers\n|upkeep\n|turn|7\n|\n|t:|1699811566\n|move|p2a: Krookodile|Stealth Rock|p1a: Corviknight\n|-sidestart|p1: smallsoup|move: Stealth Rock\n|move|p1a: Corviknight|U-turn|p2a: Krookodile\n|-supereffective|p2a: Krookodile\n|-damage|p2a: Krookodile|0 fnt\n|faint|p2a: Krookodile\n|\n|t:|1699811573\n|switch|p1a: Mamoswine|Mamoswine, M|100\/100|[from] U-turn\n|-damage|p1a: Mamoswine|88\/100|[from] Stealth Rock\n|\n|upkeep\n|\n|t:|1699811579\n|switch|p2a: Vikavolt|Vikavolt, M|100\/100\n|turn|8\n|\n|t:|1699811585\n|move|p1a: Mamoswine|Icicle Crash|p2a: Vikavolt|[miss]\n|-miss|p1a: Mamoswine|p2a: Vikavolt\n|move|p2a: Vikavolt|Energy Ball|p1a: Mamoswine\n|-supereffective|p1a: Mamoswine\n|-damage|p1a: Mamoswine|12\/100\n|\n|upkeep\n|turn|9\n|\n|t:|1699811591\n|move|p1a: Mamoswine|Icicle Crash|p2a: Vikavolt\n|-damage|p2a: Vikavolt|57\/100\n|cant|p2a: Vikavolt|flinch\n|\n|upkeep\n|turn|10\n|\n|t:|1699811594\n|move|p1a: Mamoswine|Icicle Crash|p2a: Vikavolt\n|-damage|p2a: Vikavolt|8\/100\n|move|p2a: Vikavolt|Energy Ball|p1a: Mamoswine\n|-supereffective|p1a: Mamoswine\n|-crit|p1a: Mamoswine\n|-damage|p1a: Mamoswine|0 fnt\n|faint|p1a: Mamoswine\n|\n|upkeep\n|\n|t:|1699811601\n|switch|p1a: Greninja|Greninja, M|100\/100\n|-damage|p1a: Greninja|88\/100|[from] Stealth Rock\n|turn|11\n|\n|t:|1699811603\n|switch|p2a: Eelektross|Eelektross, M|100\/100\n|move|p1a: Greninja|Dark Pulse|p2a: Eelektross\n|-damage|p2a: Eelektross|72\/100\n|-damage|p1a: Greninja|78\/100|[from] item: Life Orb\n|\n|upkeep\n|turn|12\n|\n|t:|1699811615\n|switch|p1a: Sneasler|Sneasler, M|21\/100\n|move|p2a: Eelektross|Giga Drain|p1a: Sneasler\n|-resisted|p1a: Sneasler\n|-damage|p1a: Sneasler|8\/100\n|-heal|p2a: Eelektross|78\/100|[from] drain|[of] p1a: Sneasler\n|\n|upkeep\n|turn|13\n|\n|t:|1699811618\n|switch|p2a: Vikavolt|Vikavolt, M|8\/100\n|move|p1a: Sneasler|Dire Claw|p2a: Vikavolt\n|-damage|p2a: Vikavolt|0 fnt\n|faint|p2a: Vikavolt\n|\n|upkeep\n|\n|t:|1699811624\n|switch|p2a: Dusknoir|Dusknoir, M|81\/100 psn\n|-item|p1a: Sneasler|Heavy-Duty Boots|[from] ability: Frisk|[of] p2a: Dusknoir|[identify]\n|turn|14\n|\n|t:|1699811634\n|move|p1a: Sneasler|Dire Claw|p2a: Dusknoir\n|-resisted|p2a: Dusknoir\n|-damage|p2a: Dusknoir|63\/100 psn\n|move|p2a: Dusknoir|Ice Beam|p1a: Sneasler\n|-damage|p1a: Sneasler|0 fnt\n|faint|p1a: Sneasler\n|\n|-damage|p2a: Dusknoir|50\/100 psn|[from] psn\n|upkeep\n|\n|t:|1699811641\n|switch|p1a: Dragapult|Dragapult, F|100\/100\n|-damage|p1a: Dragapult|88\/100|[from] Stealth Rock\n|turn|15\n|\n|t:|1699811659\n|move|p1a: Dragapult|Shadow Ball|p2a: Dusknoir\n|-supereffective|p2a: Dusknoir\n|-damage|p2a: Dusknoir|0 fnt\n|faint|p2a: Dusknoir\n|\n|upkeep\n|\n|t:|1699811663\n|switch|p2a: Eelektross|Eelektross, M|78\/100\n|turn|16\n|\n|t:|1699811668\n|move|p1a: Dragapult|Shadow Ball|p2a: Eelektross\n|-damage|p2a: Eelektross|46\/100\n|move|p2a: Eelektross|Knock Off|p1a: Dragapult\n|-supereffective|p1a: Dragapult\n|-damage|p1a: Dragapult|25\/100\n|-enditem|p1a: Dragapult|Choice Specs|[from] move: Knock Off|[of] p2a: Eelektross\n|\n|upkeep\n|turn|17\n|inactive|Battle timer is ON: inactive players will automatically lose when time's up. (requested by smallsoup)\n|l|\u2606smallsoup\n|inactive|smallsoup disconnected and has a minute to reconnect!\n|player|p1|\n|\n|t:|1699811702\n|move|p1a: Dragapult|Draco Meteor|p2a: Eelektross\n|-damage|p2a: Eelektross|14\/100\n|-unboost|p1a: Dragapult|spa|2\n|move|p2a: Eelektross|Volt Switch|p1a: Dragapult\n|-resisted|p1a: Dragapult\n|-damage|p1a: Dragapult|6\/100\n|j|\u2606smallsoup\n|inactive|smallsoup reconnected.\n|player|p1|smallsoup|policeman-gen4\n|\n|t:|1699811707\n|switch|p2a: Arbok|Arbok, M, shiny|100\/100|[from] Volt Switch\n|-ability|p2a: Arbok|Intimidate|boost\n|-unboost|p1a: Dragapult|atk|1\n|\n|upkeep\n|turn|18\n|\n|t:|1699811713\n|move|p1a: Dragapult|Draco Meteor|p2a: Arbok\n|-damage|p2a: Arbok|53\/100\n|-unboost|p1a: Dragapult|spa|2\n|move|p2a: Arbok|Coil|p2a: Arbok\n|-boost|p2a: Arbok|atk|1\n|-boost|p2a: Arbok|def|1\n|-boost|p2a: Arbok|accuracy|1\n|\n|upkeep\n|turn|19\n|\n|t:|1699811717\n|move|p1a: Dragapult|U-turn|p2a: Arbok\n|-resisted|p2a: Arbok\n|-damage|p2a: Arbok|46\/100\n|\n|t:|1699811719\n|switch|p1a: Corviknight|Corviknight, F, shiny|99\/100|[from] U-turn\n|-damage|p1a: Corviknight|88\/100|[from] Stealth Rock\n|-ability|p1a: Corviknight|Pressure\n|move|p2a: Arbok|Scale Shot|p1a: Corviknight\n|-resisted|p1a: Corviknight\n|-damage|p1a: Corviknight|85\/100\n|-resisted|p1a: Corviknight\n|-damage|p1a: Corviknight|81\/100\n|-resisted|p1a: Corviknight\n|-damage|p1a: Corviknight|78\/100\n|-resisted|p1a: Corviknight\n|-damage|p1a: Corviknight|75\/100\n|-hitcount|p1a: Corviknight|4\n|-unboost|p2a: Arbok|def|1\n|-boost|p2a: Arbok|spe|1\n|\n|-heal|p1a: Corviknight|81\/100|[from] item: Leftovers\n|upkeep\n|turn|20\n|\n|t:|1699811747\n|move|p2a: Arbok|Coil|p2a: Arbok\n|-boost|p2a: Arbok|atk|1\n|-boost|p2a: Arbok|def|1\n|-boost|p2a: Arbok|accuracy|1\n|move|p1a: Corviknight|Brave Bird|p2a: Arbok\n|-damage|p2a: Arbok|6\/100\n|-damage|p1a: Corviknight|73\/100|[from] Recoil\n|\n|-heal|p1a: Corviknight|79\/100|[from] item: Leftovers\n|upkeep\n|turn|21\n|\n|t:|1699811753\n|move|p2a: Arbok|Scale Shot|p1a: Corviknight\n|-resisted|p1a: Corviknight\n|-damage|p1a: Corviknight|74\/100\n|-resisted|p1a: Corviknight\n|-damage|p1a: Corviknight|70\/100\n|-resisted|p1a: Corviknight\n|-damage|p1a: Corviknight|66\/100\n|-resisted|p1a: Corviknight\n|-damage|p1a: Corviknight|62\/100\n|-resisted|p1a: Corviknight\n|-damage|p1a: Corviknight|58\/100\n|-hitcount|p1a: Corviknight|5\n|-unboost|p2a: Arbok|def|1\n|-boost|p2a: Arbok|spe|1\n|move|p1a: Corviknight|Brave Bird|p2a: Arbok\n|-damage|p2a: Arbok|0 fnt\n|faint|p2a: Arbok\n|-damage|p1a: Corviknight|57\/100|[from] Recoil\n|\n|-heal|p1a: Corviknight|63\/100|[from] item: Leftovers\n|upkeep\n|\n|t:|1699811766\n|switch|p2a: Tatsugiri|Tatsugiri-Droopy, M|100\/100\n|turn|22\n|\n|t:|1699811771\n|switch|p1a: Dragapult|Dragapult, F|6\/100\n|-damage|p1a: Dragapult|0 fnt|[from] Stealth Rock\n|faint|p1a: Dragapult\n|move|p2a: Tatsugiri|Surf|p1: Dragapult|[notarget]\n|-fail|p2a: Tatsugiri\n|\n|upkeep\n|\n|t:|1699811774\n|switch|p1a: Got hands?|Hoopa-Unbound|72\/100\n|-damage|p1a: Got hands?|59\/100|[from] Stealth Rock\n|turn|23\n|\n|t:|1699811778\n|switch|p2a: Eelektross|Eelektross, M|14\/100\n|move|p1a: Got hands?|Drain Punch|p2a: Eelektross\n|-damage|p2a: Eelektross|0 fnt\n|-heal|p1a: Got hands?|66\/100|[from] drain|[of] p2a: Eelektross\n|faint|p2a: Eelektross\n|\n|upkeep\n|\n|t:|1699811785\n|switch|p2a: Tatsugiri|Tatsugiri-Droopy, M|100\/100\n|turn|24\n|\n|t:|1699811792\n|move|p1a: Got hands?|Knock Off|p2a: Tatsugiri\n|-damage|p2a: Tatsugiri|30\/100\n|-enditem|p2a: Tatsugiri|White Herb|[from] move: Knock Off|[of] p1a: Got hands?\n|move|p2a: Tatsugiri|Rapid Spin|p1a: Got hands?\n|-crit|p1a: Got hands?\n|-damage|p1a: Got hands?|53\/100\n|-boost|p2a: Tatsugiri|spe|1\n|\n|upkeep\n|turn|25\n|\n|t:|1699811799\n|move|p2a: Tatsugiri|Draco Meteor|p1a: Got hands?|[miss]\n|-miss|p2a: Tatsugiri|p1a: Got hands?\n|move|p1a: Got hands?|Drain Punch|p2a: Tatsugiri\n|-damage|p2a: Tatsugiri|0 fnt\n|-heal|p1a: Got hands?|67\/100|[from] drain|[of] p2a: Tatsugiri\n|faint|p2a: Tatsugiri\n|\n|win|smallsoup\n|raw|smallsoup's rating: 1311 &rarr; <strong>1330<\/strong><br \/>(+19 for winning)\n|raw|Vixen 4 Life's rating: 1286 &rarr; <strong>1263<\/strong><br \/>(-23 for losing)\n","uploadtime":1699811803,"views":9,"p1id":"smallsoup","p2id":"vixen4life","formatid":"gen9ou","rating":1263,"private":0,"password":""}