{"id":"gen9ou-1989094029","p1":"Giga\u32dbChandelure-\u2602","p2":"Kindyy","format":"[Gen 9] OU","log":"|j|\u2606Giga\u32dbChandelure-\u2602\n|j|\u2606Kindyy\n|t:|1699811487\n|gametype|singles\n|player|p1|Giga\u32dbChandelure-\u2602|skytrainer|\n|player|p2|Kindyy|lillie-masters|\n|teamsize|p1|6\n|teamsize|p2|6\n|gen|9\n|tier|[Gen 9] OU\n|rated|Tournament battle\n|rule|Sleep Clause Mod: Limit one foe put to sleep\n|rule|Species Clause: Limit one of each Pok\u00e9mon\n|rule|OHKO Clause: OHKO moves are banned\n|rule|Evasion Items Clause: Evasion items are banned\n|rule|Evasion Moves Clause: Evasion moves are banned\n|rule|Endless Battle Clause: Forcing endless battles is banned\n|rule|HP Percentage Mod: HP is shown in percentages\n|clearpoke\n|poke|p1|Blissey, F|\n|poke|p1|Ditto|\n|poke|p1|Dondozo, F|\n|poke|p1|Toxapex, M|\n|poke|p1|Alomomola, F|\n|poke|p1|Ting-Lu|\n|poke|p2|Enamorus, F|\n|poke|p2|Kingambit, M|\n|poke|p2|Ribombee, F|\n|poke|p2|Ogerpon-Wellspring, F|\n|poke|p2|Gholdengo|\n|poke|p2|Great Tusk|\n|teampreview\n|c|\u2606Kindyy|Serieux ?\n|c|\u2606Kindyy|C'est pas ban ici \u00e7a ?\n|j| Mindnight\n|c|\u2606Giga\u32dbChandelure-\u2602|Salut ! bonne chance & bon match !\n|c|\u2606Kindyy|Bon bah gl er surtout hf mdrr\n|c|\u2606Giga\u32dbChandelure-\u2602|gliscor ?\n|c|\u2606Giga\u32dbChandelure-\u2602|si\n|c| Mindnight|Je face le gagnant\n|c|\u2606Kindyy|Je parlais de stall\n|j|^JojoOui\n|j| Frankl1faitseslace\n|c| Mindnight|Si \u00e7a me sort stall je p\u00e8te un c\u00e2ble ok\n|c|\u2606Kindyy|Sur la salty c'est ban en tournoi\n|c|\u2606Giga\u32dbChandelure-\u2602|\u00e7a peut \u00eatre limit\u00e9 en roomtour normal si \u00e7a fait perdre du temps \u00e0 tout le mondde\n|c|\u2606Giga\u32dbChandelure-\u2602|mais en event tous les moyens sont bons\n|c|^JojoOui|giga tu l'as refait...\n|c| Frankl1faitseslace|bahaha oh le boss\n|\n|t:|1699811574\n|start\n|switch|p1a: THATS NO MOON\u274c\ud83c\udf15\u26a0\ufe0f|Alomomola, F|100\/100\n|switch|p2a: Ribombee|Ribombee, F|100\/100\n|turn|1\n|c|^JojoOui|il a joue stall contre moi et il continue ses plans...\n|\n|t:|1699811585\n|switch|p1a: Blood...lust...\ud83e\ude78|Blissey, F|100\/100\n|move|p2a: Ribombee|Stun Spore|p1a: Blood...lust...\ud83e\ude78\n|-status|p1a: Blood...lust...\ud83e\ude78|par\n|\n|upkeep\n|turn|2\n|c|\u2606Giga\u32dbChandelure-\u2602|h\u00e9h\u00e9\n|\n|t:|1699811595\n|move|p2a: Ribombee|Sticky Web|p1a: Blood...lust...\ud83e\ude78\n|-sidestart|p1: Giga\u32dbChandelure-\u2602|move: Sticky Web\n|move|p1a: Blood...lust...\ud83e\ude78|Stealth Rock|p2a: Ribombee\n|-sidestart|p2: Kindyy|move: Stealth Rock\n|\n|upkeep\n|turn|3\n|c|^JojoOui|Kindyy defonce le\n|c|^JojoOui|la team est faite pour\n|c|\u2606Kindyy|Je sais je suis en 4-1 vs stall avec ta team mdrr\n|c|^JojoOui|mdr c'est fait expres\n|c|^JojoOui|je l'ai build dans ce sens\n|\n|t:|1699811649\n|switch|p2a: Gholdengo|Gholdengo|100\/100\n|-damage|p2a: Gholdengo|94\/100|[from] Stealth Rock\n|-item|p2a: Gholdengo|Air Balloon\n|move|p1a: Blood...lust...\ud83e\ude78|Seismic Toss|p2a: Gholdengo\n|-immune|p2a: Gholdengo\n|\n|upkeep\n|turn|4\n|\n|t:|1699811666\n|-curestatus|p1a: Blood...lust...\ud83e\ude78|par|[from] ability: Natural Cure\n|switch|p1a: Antetetokounpo\ud83d\uddff|Ting-Lu|100\/100\n|-ability|p1a: Antetetokounpo\ud83d\uddff|Vessel of Ruin\n|move|p2a: Gholdengo|Nasty Plot|p2a: Gholdengo\n|-boost|p2a: Gholdengo|spa|2\n|\n|upkeep\n|turn|5\n|\n|t:|1699811686\n|switch|p1a: BOGO-INDIAN FISH\ud83e\udd2e|Dondozo, F|100\/100\n|move|p2a: Gholdengo|Focus Blast|p1a: BOGO-INDIAN FISH\ud83e\udd2e|[miss]\n|-miss|p2a: Gholdengo|p1a: BOGO-INDIAN FISH\ud83e\udd2e\n|\n|upkeep\n|turn|6\n|c|^JojoOui|paf\n|j|#Dragonillis\n|\n|t:|1699811704\n|switch|p1a: Blood...lust...\ud83e\ude78|Blissey, F|100\/100\n|move|p2a: Gholdengo|Shadow Ball|p1a: Blood...lust...\ud83e\ude78\n|-immune|p1a: Blood...lust...\ud83e\ude78\n|\n|upkeep\n|turn|7\n|c|\u2606Giga\u32dbChandelure-\u2602|poulpe\n|\n|t:|1699811713\n|move|p2a: Gholdengo|Focus Blast|p1a: Blood...lust...\ud83e\ude78\n|-supereffective|p1a: Blood...lust...\ud83e\ude78\n|-damage|p1a: Blood...lust...\ud83e\ude78|44\/100\n|move|p1a: Blood...lust...\ud83e\ude78|Calm Mind|p1a: Blood...lust...\ud83e\ude78\n|-boost|p1a: Blood...lust...\ud83e\ude78|spa|1\n|-boost|p1a: Blood...lust...\ud83e\ude78|spd|1\n|\n|upkeep\n|turn|8\n|\n|t:|1699811744\n|move|p2a: Gholdengo|Nasty Plot|p2a: Gholdengo\n|-boost|p2a: Gholdengo|spa|2\n|move|p1a: Blood...lust...\ud83e\ude78|Soft-Boiled|p1a: Blood...lust...\ud83e\ude78\n|-heal|p1a: Blood...lust...\ud83e\ude78|94\/100\n|\n|upkeep\n|turn|9\n|\n|t:|1699811751\n|move|p2a: Gholdengo|Focus Blast|p1a: Blood...lust...\ud83e\ude78\n|-supereffective|p1a: Blood...lust...\ud83e\ude78\n|-crit|p1a: Blood...lust...\ud83e\ude78\n|-damage|p1a: Blood...lust...\ud83e\ude78|0 fnt\n|faint|p1a: Blood...lust...\ud83e\ude78\n|\n|upkeep\n|\n|t:|1699811756\n|switch|p1a: LIL HOMIE\ud83d\udde3\ufe0f|Ditto|100\/100\n|-transform|p1a: LIL HOMIE\ud83d\udde3\ufe0f|p2a: Gholdengo|[from] ability: Imposter\n|-item|p1a: LIL HOMIE\ud83d\udde3\ufe0f|Air Balloon\n|turn|10\n|c|\u2606Kindyy|Oups\n|\n|t:|1699811779\n|switch|p2a: Ribombee|Ribombee, F|100\/100\n|-damage|p2a: Ribombee|76\/100|[from] Stealth Rock\n|-terastallize|p1a: LIL HOMIE\ud83d\udde3\ufe0f|Normal\n|move|p1a: LIL HOMIE\ud83d\udde3\ufe0f|Shadow Ball|p2a: Ribombee\n|-damage|p2a: Ribombee|0 fnt\n|faint|p2a: Ribombee\n|\n|upkeep\n|\n|t:|1699811791\n|switch|p2a: Kingambit|Kingambit, M|100\/100\n|-damage|p2a: Kingambit|94\/100|[from] Stealth Rock\n|-activate|p2a: Kingambit|ability: Supreme Overlord\n|-start|p2a: Kingambit|fallen1|[silent]\n|turn|11\n|j| CaroOui\n|l| CaroOui\n|\n|t:|1699811848\n|move|p1a: LIL HOMIE\ud83d\udde3\ufe0f|Focus Blast|p2a: Kingambit|[miss]\n|-miss|p1a: LIL HOMIE\ud83d\udde3\ufe0f|p2a: Kingambit\n|move|p2a: Kingambit|Kowtow Cleave|p1a: LIL HOMIE\ud83d\udde3\ufe0f\n|-damage|p1a: LIL HOMIE\ud83d\udde3\ufe0f|38\/100\n|-enditem|p1a: LIL HOMIE\ud83d\udde3\ufe0f|Air Balloon\n|\n|-heal|p2a: Kingambit|100\/100|[from] item: Leftovers\n|upkeep\n|turn|12\n|\n|t:|1699811857\n|move|p2a: Kingambit|Sucker Punch||[still]\n|-fail|p2a: Kingambit\n|move|p1a: LIL HOMIE\ud83d\udde3\ufe0f|Nasty Plot|p1a: LIL HOMIE\ud83d\udde3\ufe0f\n|-boost|p1a: LIL HOMIE\ud83d\udde3\ufe0f|spa|2\n|\n|upkeep\n|turn|13\n|\n|t:|1699811861\n|move|p2a: Kingambit|Sucker Punch|p1a: LIL HOMIE\ud83d\udde3\ufe0f\n|-damage|p1a: LIL HOMIE\ud83d\udde3\ufe0f|0 fnt\n|faint|p1a: LIL HOMIE\ud83d\udde3\ufe0f\n|\n|upkeep\n|c|\u2606Giga\u32dbChandelure-\u2602|pfff\n|\n|t:|1699811868\n|switch|p1a: BOGO-INDIAN FISH\ud83e\udd2e|Dondozo, F|100\/100\n|turn|14\n|c|\u2606Kindyy|Sorry\n|\n|t:|1699811875\n|-end|p2a: Kingambit|fallen1|[silent]\n|switch|p2a: Gholdengo|Gholdengo|94\/100\n|-damage|p2a: Gholdengo|88\/100|[from] Stealth Rock\n|-item|p2a: Gholdengo|Air Balloon\n|move|p1a: BOGO-INDIAN FISH\ud83e\udd2e|Body Press|p2a: Gholdengo\n|-immune|p2a: Gholdengo\n|\n|upkeep\n|turn|15\n|\n|t:|1699811883\n|move|p2a: Gholdengo|Shadow Ball|p1a: BOGO-INDIAN FISH\ud83e\udd2e\n|-damage|p1a: BOGO-INDIAN FISH\ud83e\udd2e|63\/100\n|move|p1a: BOGO-INDIAN FISH\ud83e\udd2e|Avalanche|p2a: Gholdengo\n|-resisted|p2a: Gholdengo\n|-damage|p2a: Gholdengo|73\/100\n|-enditem|p2a: Gholdengo|Air Balloon\n|\n|upkeep\n|turn|16\n|\n|t:|1699811891\n|switch|p1a: Antetetokounpo\ud83d\uddff|Ting-Lu|100\/100\n|-ability|p1a: Antetetokounpo\ud83d\uddff|Vessel of Ruin\n|move|p2a: Gholdengo|Shadow Ball|p1a: Antetetokounpo\ud83d\uddff\n|-resisted|p1a: Antetetokounpo\ud83d\uddff\n|-damage|p1a: Antetetokounpo\ud83d\uddff|91\/100\n|\n|upkeep\n|turn|17\n|\n|t:|1699811910\n|switch|p2a: Ogerpon|Ogerpon-Wellspring, F|100\/100\n|-damage|p2a: Ogerpon|88\/100|[from] Stealth Rock\n|move|p1a: Antetetokounpo\ud83d\uddff|Spikes|p2a: Ogerpon\n|-sidestart|p2: Kindyy|Spikes\n|\n|upkeep\n|turn|18\n|l| Mindnight\n|j| Mindnight\n|\n|t:|1699811954\n|switch|p1a: Saki Fuwa \u2744\ufe0f\ud83c\udf38|Toxapex, M|100\/100\n|move|p2a: Ogerpon|Encore||[still]\n|-fail|p2a: Ogerpon\n|\n|upkeep\n|turn|19\n|\n|t:|1699811962\n|switch|p2a: Gholdengo|Gholdengo|73\/100\n|-damage|p2a: Gholdengo|67\/100|[from] Stealth Rock\n|-damage|p2a: Gholdengo|54\/100|[from] Spikes\n|move|p1a: Saki Fuwa \u2744\ufe0f\ud83c\udf38|Toxic Spikes|p2a: Gholdengo\n|-sidestart|p2: Kindyy|move: Toxic Spikes\n|\n|upkeep\n|turn|20\n|\n|t:|1699811970\n|move|p2a: Gholdengo|Nasty Plot|p2a: Gholdengo\n|-boost|p2a: Gholdengo|spa|2\n|move|p1a: Saki Fuwa \u2744\ufe0f\ud83c\udf38|Haze|p1a: Saki Fuwa \u2744\ufe0f\ud83c\udf38\n|-clearallboost\n|\n|upkeep\n|turn|21\n|\n|t:|1699811976\n|move|p2a: Gholdengo|Nasty Plot|p2a: Gholdengo\n|-boost|p2a: Gholdengo|spa|2\n|move|p1a: Saki Fuwa \u2744\ufe0f\ud83c\udf38|Toxic Spikes|p2a: Gholdengo\n|-sidestart|p2: Kindyy|move: Toxic Spikes\n|\n|upkeep\n|turn|22\n|\n|t:|1699811984\n|move|p2a: Gholdengo|Shadow Ball|p1a: Saki Fuwa \u2744\ufe0f\ud83c\udf38\n|-damage|p1a: Saki Fuwa \u2744\ufe0f\ud83c\udf38|28\/100\n|move|p1a: Saki Fuwa \u2744\ufe0f\ud83c\udf38|Haze|p1a: Saki Fuwa \u2744\ufe0f\ud83c\udf38\n|-clearallboost\n|\n|upkeep\n|turn|23\n|\n|t:|1699811991\n|switch|p1a: Antetetokounpo\ud83d\uddff|Ting-Lu|91\/100\n|-ability|p1a: Antetetokounpo\ud83d\uddff|Vessel of Ruin\n|move|p2a: Gholdengo|Focus Blast|p1a: Antetetokounpo\ud83d\uddff|[miss]\n|-miss|p2a: Gholdengo|p1a: Antetetokounpo\ud83d\uddff\n|\n|upkeep\n|turn|24\n|j| CaroOui\n|\n|t:|1699812014\n|move|p2a: Gholdengo|Nasty Plot|p2a: Gholdengo\n|-boost|p2a: Gholdengo|spa|2\n|move|p1a: Antetetokounpo\ud83d\uddff|Earthquake|p2a: Gholdengo\n|-supereffective|p2a: Gholdengo\n|-damage|p2a: Gholdengo|0 fnt\n|faint|p2a: Gholdengo\n|\n|upkeep\n|l| CaroOui\n|\n|t:|1699812020\n|switch|p2a: Enamorus|Enamorus, F|100\/100\n|-damage|p2a: Enamorus|76\/100|[from] Stealth Rock\n|turn|25\n|\n|t:|1699812028\n|switch|p1a: Saki Fuwa \u2744\ufe0f\ud83c\udf38|Toxapex, M|61\/100\n|move|p2a: Enamorus|Superpower|p1a: Saki Fuwa \u2744\ufe0f\ud83c\udf38\n|-resisted|p1a: Saki Fuwa \u2744\ufe0f\ud83c\udf38\n|-damage|p1a: Saki Fuwa \u2744\ufe0f\ud83c\udf38|53\/100\n|-boost|p2a: Enamorus|atk|1\n|-boost|p2a: Enamorus|def|1\n|\n|-heal|p2a: Enamorus|82\/100|[from] item: Leftovers\n|upkeep\n|turn|26\n|\n|t:|1699812035\n|switch|p1a: BOGO-INDIAN FISH\ud83e\udd2e|Dondozo, F|63\/100\n|move|p2a: Enamorus|Substitute|p2a: Enamorus\n|-start|p2a: Enamorus|Substitute\n|-damage|p2a: Enamorus|57\/100\n|\n|-heal|p2a: Enamorus|63\/100|[from] item: Leftovers\n|upkeep\n|turn|27\n|\n|t:|1699812041\n|move|p2a: Enamorus|Moonblast|p1a: BOGO-INDIAN FISH\ud83e\udd2e\n|-damage|p1a: BOGO-INDIAN FISH\ud83e\udd2e|13\/100\n|-unboost|p1a: BOGO-INDIAN FISH\ud83e\udd2e|spa|1\n|move|p1a: BOGO-INDIAN FISH\ud83e\udd2e|Avalanche|p2a: Enamorus\n|-supereffective|p2a: Enamorus\n|-end|p2a: Enamorus|Substitute\n|\n|-heal|p2a: Enamorus|69\/100|[from] item: Leftovers\n|upkeep\n|turn|28\n|\n|t:|1699812049\n|move|p2a: Enamorus|Moonblast|p1a: BOGO-INDIAN FISH\ud83e\udd2e\n|-damage|p1a: BOGO-INDIAN FISH\ud83e\udd2e|0 fnt\n|faint|p1a: BOGO-INDIAN FISH\ud83e\udd2e\n|\n|-heal|p2a: Enamorus|76\/100|[from] item: Leftovers\n|upkeep\n|j| nazekalli\n|\n|t:|1699812066\n|switch|p1a: THATS NO MOON\u274c\ud83c\udf15\u26a0\ufe0f|Alomomola, F|100\/100\n|turn|29\n|\n|t:|1699812071\n|move|p2a: Enamorus|Substitute|p2a: Enamorus\n|-start|p2a: Enamorus|Substitute\n|-damage|p2a: Enamorus|51\/100\n|move|p1a: THATS NO MOON\u274c\ud83c\udf15\u26a0\ufe0f|Chilling Water|p2a: Enamorus\n|-activate|p2a: Enamorus|move: Substitute|[damage]\n|\n|-heal|p2a: Enamorus|57\/100|[from] item: Leftovers\n|upkeep\n|turn|30\n|\n|t:|1699812077\n|move|p2a: Enamorus|Moonblast|p1a: THATS NO MOON\u274c\ud83c\udf15\u26a0\ufe0f\n|-damage|p1a: THATS NO MOON\u274c\ud83c\udf15\u26a0\ufe0f|36\/100\n|move|p1a: THATS NO MOON\u274c\ud83c\udf15\u26a0\ufe0f|Chilling Water|p2a: Enamorus\n|-end|p2a: Enamorus|Substitute\n|\n|-heal|p2a: Enamorus|63\/100|[from] item: Leftovers\n|upkeep\n|turn|31\n|c|^JojoOui|VOILAA kindyy\n|\n|t:|1699812084\n|switch|p1a: Saki Fuwa \u2744\ufe0f\ud83c\udf38|Toxapex, M|86\/100\n|move|p2a: Enamorus|Moonblast|p1a: Saki Fuwa \u2744\ufe0f\ud83c\udf38\n|-resisted|p1a: Saki Fuwa \u2744\ufe0f\ud83c\udf38\n|-damage|p1a: Saki Fuwa \u2744\ufe0f\ud83c\udf38|66\/100\n|\n|-heal|p2a: Enamorus|69\/100|[from] item: Leftovers\n|upkeep\n|turn|32\n|c|^JojoOui|g lose mais c pg\n|j| tf\n|\n|t:|1699812097\n|move|p2a: Enamorus|Substitute|p2a: Enamorus\n|-start|p2a: Enamorus|Substitute\n|-damage|p2a: Enamorus|44\/100\n|move|p1a: Saki Fuwa \u2744\ufe0f\ud83c\udf38|Toxic||[still]\n|-fail|p1a: Saki Fuwa \u2744\ufe0f\ud83c\udf38\n|\n|-heal|p2a: Enamorus|51\/100|[from] item: Leftovers\n|upkeep\n|turn|33\n|c|\u2606Kindyy|Ah rip\n|j|+Zoyotte\n|\n|t:|1699812102\n|move|p2a: Enamorus|Earth Power|p1a: Saki Fuwa \u2744\ufe0f\ud83c\udf38\n|-supereffective|p1a: Saki Fuwa \u2744\ufe0f\ud83c\udf38\n|-damage|p1a: Saki Fuwa \u2744\ufe0f\ud83c\udf38|10\/100\n|move|p1a: Saki Fuwa \u2744\ufe0f\ud83c\udf38|Haze|p1a: Saki Fuwa \u2744\ufe0f\ud83c\udf38\n|-clearallboost\n|\n|-heal|p2a: Enamorus|57\/100|[from] item: Leftovers\n|upkeep\n|turn|34\n|\n|t:|1699812109\n|switch|p1a: Antetetokounpo\ud83d\uddff|Ting-Lu|91\/100\n|-ability|p1a: Antetetokounpo\ud83d\uddff|Vessel of Ruin\n|move|p2a: Enamorus|Moonblast|p1a: Antetetokounpo\ud83d\uddff\n|-supereffective|p1a: Antetetokounpo\ud83d\uddff\n|-damage|p1a: Antetetokounpo\ud83d\uddff|48\/100\n|\n|-heal|p2a: Enamorus|63\/100|[from] item: Leftovers\n|upkeep\n|turn|35\n|\n|t:|1699812117\n|switch|p1a: Saki Fuwa \u2744\ufe0f\ud83c\udf38|Toxapex, M|44\/100\n|move|p2a: Enamorus|Superpower|p1a: Saki Fuwa \u2744\ufe0f\ud83c\udf38\n|-resisted|p1a: Saki Fuwa \u2744\ufe0f\ud83c\udf38\n|-damage|p1a: Saki Fuwa \u2744\ufe0f\ud83c\udf38|34\/100\n|-boost|p2a: Enamorus|atk|1\n|-boost|p2a: Enamorus|def|1\n|\n|-heal|p2a: Enamorus|69\/100|[from] item: Leftovers\n|upkeep\n|turn|36\n|\n|t:|1699812123\n|move|p2a: Enamorus|Earth Power|p1a: Saki Fuwa \u2744\ufe0f\ud83c\udf38\n|-supereffective|p1a: Saki Fuwa \u2744\ufe0f\ud83c\udf38\n|-damage|p1a: Saki Fuwa \u2744\ufe0f\ud83c\udf38|0 fnt\n|faint|p1a: Saki Fuwa \u2744\ufe0f\ud83c\udf38\n|\n|-heal|p2a: Enamorus|76\/100|[from] item: Leftovers\n|upkeep\n|-message|Giga\u32dbChandelure-\u2602 forfeited.\n|\n|win|Kindyy\n|n|\u2606Giga\u32dbChandelure-\u2602|gigachandelure\n|n|\u2606Kindyy|kindyy\n|n| JojoOui|jojooui\n|n| Frankl1faitseslace|frankl1faitseslace\n|n|+Dragonillis|dragonillis\n|n| Mindnight|mindnight\n|n| nazekalli|nazekalli\n|n| tf|tf\n|n| Zoyotte|zoyotte\n|l|\u2606Giga\u32dbChandelure-\u2602\n|c|\u2606Kindyy|Gg\n|l| Mindnight\n","uploadtime":1699812143,"views":13,"p1id":"gigachandelure","p2id":"kindyy","formatid":"gen9ou","rating":0,"private":0,"password":""}