{"id":"gen9ou-1988599114","p1":"Pokemon Bradford","p2":"kcook555","format":"[Gen 9] OU","log":"|j|\u2606Pokemon Bradford\n|j|\u2606kcook555\n|t:|1699740441\n|gametype|singles\n|player|p1|Pokemon Bradford|richboy-gen6xy|\n|player|p2|kcook555|bruno|\n|teamsize|p1|6\n|teamsize|p2|6\n|gen|9\n|tier|[Gen 9] OU\n|rule|Sleep Clause Mod: Limit one foe put to sleep\n|rule|Species Clause: Limit one of each Pok\u00e9mon\n|rule|OHKO Clause: OHKO moves are banned\n|rule|Evasion Items Clause: Evasion items are banned\n|rule|Evasion Moves Clause: Evasion moves are banned\n|rule|Endless Battle Clause: Forcing endless battles is banned\n|rule|HP Percentage Mod: HP is shown in percentages\n|clearpoke\n|poke|p1|Gholdengo|\n|poke|p1|Dragapult, F|\n|poke|p1|Gliscor, F|\n|poke|p1|Great Tusk|\n|poke|p1|Kingambit, F|\n|poke|p1|Ogerpon-Wellspring, F|\n|poke|p2|Glimmora, F|\n|poke|p2|Gholdengo|\n|poke|p2|Dragonite, M|\n|poke|p2|Slowking-Galar, F|\n|poke|p2|Kingambit, F|\n|poke|p2|Grimmsnarl, M|\n|teampreview\n|inactive|Battle timer is ON: inactive players will automatically lose when time's up. (requested by Pokemon Bradford)\n|inactiveoff|Battle timer is now OFF.\n|\n|t:|1699740454\n|start\n|switch|p1a: Land Before Time|Great Tusk|100\/100\n|switch|p2a: Fleshlight|Glimmora, F, shiny|100\/100\n|turn|1\n|\n|t:|1699740502\n|switch|p2a: Grimmsnarl|Grimmsnarl, M, shiny|100\/100\n|-terastallize|p1a: Land Before Time|Steel\n|move|p1a: Land Before Time|Rapid Spin|p2a: Grimmsnarl\n|-damage|p2a: Grimmsnarl|81\/100\n|-boost|p1a: Land Before Time|spe|1\n|\n|upkeep\n|turn|2\n|\n|t:|1699740514\n|move|p2a: Grimmsnarl|Reflect|p2a: Grimmsnarl\n|-sidestart|p2: kcook555|Reflect\n|move|p1a: Land Before Time|Bulk Up|p1a: Land Before Time\n|-boost|p1a: Land Before Time|atk|1\n|-boost|p1a: Land Before Time|def|1\n|\n|upkeep\n|turn|3\n|\n|t:|1699740521\n|move|p2a: Grimmsnarl|Parting Shot|p1a: Land Before Time\n|-unboost|p1a: Land Before Time|atk|1\n|-unboost|p1a: Land Before Time|spa|1\n|\n|t:|1699740535\n|switch|p2a: Dragonite|Dragonite, M, shiny|100\/100|[from] Parting Shot\n|move|p1a: Land Before Time|Bulk Up|p1a: Land Before Time\n|-boost|p1a: Land Before Time|atk|1\n|-boost|p1a: Land Before Time|def|1\n|\n|upkeep\n|turn|4\n|\n|t:|1699740547\n|move|p1a: Land Before Time|Ice Spinner|p2a: Dragonite\n|-supereffective|p2a: Dragonite\n|-damage|p2a: Dragonite|63\/100\n|move|p2a: Dragonite|Dragon Dance|p2a: Dragonite\n|-boost|p2a: Dragonite|atk|1\n|-boost|p2a: Dragonite|spe|1\n|\n|upkeep\n|turn|5\n|\n|t:|1699740578\n|switch|p2a: Slowking|Slowking-Galar, F, shiny|100\/100\n|move|p1a: Land Before Time|Ice Spinner|p2a: Slowking\n|-crit|p2a: Slowking\n|-damage|p2a: Slowking|48\/100\n|\n|upkeep\n|turn|6\n|\n|t:|1699740589\n|move|p1a: Land Before Time|Earthquake|p2a: Slowking\n|-supereffective|p2a: Slowking\n|-damage|p2a: Slowking|0 fnt\n|faint|p2a: Slowking\n|\n|upkeep\n|\n|t:|1699740604\n|switch|p2a: Fleshlight|Glimmora, F, shiny|100\/100\n|turn|7\n|\n|t:|1699740618\n|-terastallize|p2a: Fleshlight|Ghost\n|move|p1a: Land Before Time|Rapid Spin|p2a: Fleshlight\n|-immune|p2a: Fleshlight\n|move|p2a: Fleshlight|Earth Power|p1a: Land Before Time\n|-supereffective|p1a: Land Before Time\n|-damage|p1a: Land Before Time|15\/100\n|\n|-heal|p1a: Land Before Time|21\/100|[from] item: Leftovers\n|upkeep\n|turn|8\n|\n|t:|1699740637\n|-end|p1a: Land Before Time|Protosynthesis|[silent]\n|switch|p1a: Little Mermaid|Gliscor, F|100\/100\n|move|p2a: Fleshlight|Stealth Rock|p1a: Little Mermaid\n|-sidestart|p1: Pokemon Bradford|move: Stealth Rock\n|\n|-status|p1a: Little Mermaid|tox|[from] item: Toxic Orb\n|upkeep\n|turn|9\n|\n|t:|1699740645\n|move|p2a: Fleshlight|Energy Ball|p1a: Little Mermaid\n|-damage|p1a: Little Mermaid|74\/100 tox\n|-unboost|p1a: Little Mermaid|spd|1\n|move|p1a: Little Mermaid|Toxic|p2a: Fleshlight\n|-status|p2a: Fleshlight|tox\n|\n|-damage|p2a: Fleshlight|94\/100 tox|[from] psn\n|-heal|p1a: Little Mermaid|87\/100 tox|[from] ability: Poison Heal\n|-sideend|p2: kcook555|Reflect\n|upkeep\n|turn|10\n|\n|t:|1699740657\n|move|p2a: Fleshlight|Energy Ball|p1a: Little Mermaid\n|-damage|p1a: Little Mermaid|45\/100 tox\n|move|p1a: Little Mermaid|Stealth Rock|p2a: Fleshlight\n|-sidestart|p2: kcook555|move: Stealth Rock\n|\n|-damage|p2a: Fleshlight|82\/100 tox|[from] psn\n|-heal|p1a: Little Mermaid|57\/100 tox|[from] ability: Poison Heal\n|upkeep\n|turn|11\n|\n|t:|1699740667\n|move|p1a: Little Mermaid|Protect|p1a: Little Mermaid\n|-singleturn|p1a: Little Mermaid|Protect\n|move|p2a: Fleshlight|Energy Ball|p1a: Little Mermaid\n|-activate|p1a: Little Mermaid|move: Protect\n|\n|-damage|p2a: Fleshlight|63\/100 tox|[from] psn\n|-heal|p1a: Little Mermaid|70\/100 tox|[from] ability: Poison Heal\n|upkeep\n|turn|12\n|\n|t:|1699740683\n|switch|p2a: Gholdengo|Gholdengo, shiny|100\/100\n|-damage|p2a: Gholdengo|94\/100|[from] Stealth Rock\n|switch|p1a: Dragon Ball Z|Dragapult, F|100\/100\n|-damage|p1a: Dragon Ball Z|88\/100|[from] Stealth Rock\n|\n|-heal|p1a: Dragon Ball Z|94\/100|[from] item: Leftovers\n|upkeep\n|turn|13\n|\n|t:|1699740714\n|move|p1a: Dragon Ball Z|Substitute|p1a: Dragon Ball Z\n|-start|p1a: Dragon Ball Z|Substitute\n|-damage|p1a: Dragon Ball Z|69\/100\n|move|p2a: Gholdengo|Shadow Ball|p1a: Dragon Ball Z\n|-supereffective|p1a: Dragon Ball Z\n|-end|p1a: Dragon Ball Z|Substitute\n|\n|-heal|p1a: Dragon Ball Z|75\/100|[from] item: Leftovers\n|upkeep\n|turn|14\n|\n|t:|1699740724\n|switch|p1a: Ronin Warriors|Kingambit, F|100\/100\n|-damage|p1a: Ronin Warriors|94\/100|[from] Stealth Rock\n|move|p2a: Gholdengo|Shadow Ball|p1a: Ronin Warriors\n|-resisted|p1a: Ronin Warriors\n|-damage|p1a: Ronin Warriors|71\/100\n|\n|upkeep\n|turn|15\n|\n|t:|1699740768\n|switch|p2a: Fleshlight|Glimmora, F, shiny, tera:Ghost|63\/100 tox\n|-damage|p2a: Fleshlight|51\/100 tox|[from] Stealth Rock\n|move|p1a: Ronin Warriors|Kowtow Cleave|p2a: Fleshlight\n|-supereffective|p2a: Fleshlight\n|-damage|p2a: Fleshlight|0 fnt\n|-activate|p2a: Fleshlight|ability: Toxic Debris\n|-sidestart|p1: Pokemon Bradford|move: Toxic Spikes\n|faint|p2a: Fleshlight\n|\n|upkeep\n|\n|t:|1699740782\n|switch|p2a: Kingambit|Kingambit, F, shiny|100\/100\n|-damage|p2a: Kingambit|94\/100|[from] Stealth Rock\n|-activate|p2a: Kingambit|ability: Supreme Overlord\n|-start|p2a: Kingambit|fallen2|[silent]\n|turn|16\n|\n|t:|1699740790\n|-end|p1a: Ronin Warriors|fallenundefined|[silent]\n|switch|p1a: Little Mermaid|Gliscor, F|70\/100 tox\n|-damage|p1a: Little Mermaid|57\/100 tox|[from] Stealth Rock\n|move|p2a: Kingambit|Low Kick|p1a: Little Mermaid\n|-resisted|p1a: Little Mermaid\n|-damage|p1a: Little Mermaid|46\/100 tox\n|\n|-heal|p1a: Little Mermaid|58\/100 tox|[from] ability: Poison Heal\n|upkeep\n|turn|17\n|\n|t:|1699740801\n|move|p1a: Little Mermaid|Earthquake|p2a: Kingambit\n|-supereffective|p2a: Kingambit\n|-damage|p2a: Kingambit|48\/100\n|move|p2a: Kingambit|Kowtow Cleave|p1a: Little Mermaid\n|-damage|p1a: Little Mermaid|0 fnt\n|faint|p1a: Little Mermaid\n|\n|upkeep\n|\n|t:|1699740821\n|switch|p1a: Blue Period|Ogerpon-Wellspring, F|100\/100\n|-damage|p1a: Blue Period|88\/100|[from] Stealth Rock\n|-status|p1a: Blue Period|psn\n|turn|18\n|\n|t:|1699740830\n|move|p1a: Blue Period|Ivy Cudgel|p2a: Kingambit\n|-damage|p2a: Kingambit|8\/100\n|move|p2a: Kingambit|Kowtow Cleave|p1a: Blue Period\n|-damage|p1a: Blue Period|0 fnt\n|faint|p1a: Blue Period\n|\n|upkeep\n|\n|t:|1699740848\n|switch|p1a: Ronin Warriors|Kingambit, F|71\/100\n|-damage|p1a: Ronin Warriors|65\/100|[from] Stealth Rock\n|-activate|p1a: Ronin Warriors|ability: Supreme Overlord\n|-start|p1a: Ronin Warriors|fallen2|[silent]\n|turn|19\n|\n|t:|1699740875\n|move|p1a: Ronin Warriors|Sucker Punch|p2a: Kingambit\n|-resisted|p2a: Kingambit\n|-damage|p2a: Kingambit|0 fnt\n|faint|p2a: Kingambit\n|-end|p2a: Kingambit|fallen2|[silent]\n|\n|upkeep\n|\n|t:|1699740908\n|switch|p2a: Dragonite|Dragonite, M, shiny|63\/100\n|turn|20\n|\n|t:|1699740916\n|move|p2a: Dragonite|Earthquake|p1a: Ronin Warriors\n|-supereffective|p1a: Ronin Warriors\n|-damage|p1a: Ronin Warriors|10\/100\n|move|p1a: Ronin Warriors|Kowtow Cleave|p2a: Dragonite\n|-damage|p2a: Dragonite|0 fnt\n|faint|p2a: Dragonite\n|\n|upkeep\n|\n|t:|1699740922\n|switch|p2a: Gholdengo|Gholdengo, shiny|94\/100\n|-damage|p2a: Gholdengo|88\/100|[from] Stealth Rock\n|turn|21\n|\n|t:|1699740929\n|move|p1a: Ronin Warriors|Sucker Punch||[still]\n|-fail|p1a: Ronin Warriors\n|move|p2a: Gholdengo|Recover|p2a: Gholdengo\n|-heal|p2a: Gholdengo|100\/100\n|\n|upkeep\n|turn|22\n|\n|t:|1699740938\n|move|p1a: Ronin Warriors|Sucker Punch|p2a: Gholdengo\n|-supereffective|p2a: Gholdengo\n|-damage|p2a: Gholdengo|0 fnt\n|faint|p2a: Gholdengo\n|\n|upkeep\n|\n|t:|1699740942\n|switch|p2a: Grimmsnarl|Grimmsnarl, M, shiny|81\/100\n|-damage|p2a: Grimmsnarl|69\/100|[from] Stealth Rock\n|turn|23\n|\n|t:|1699740950\n|move|p2a: Grimmsnarl|Taunt|p1a: Ronin Warriors\n|-hint|Since gen 7, Dark is immune to Prankster moves.\n|-immune|p1a: Ronin Warriors\n|move|p1a: Ronin Warriors|Iron Head|p2a: Grimmsnarl\n|-supereffective|p2a: Grimmsnarl\n|-damage|p2a: Grimmsnarl|0 fnt\n|faint|p2a: Grimmsnarl\n|\n|win|Pokemon Bradford\n|c|\u2606kcook555|GG\n|c|\u2606Pokemon Bradford|gg\n","uploadtime":1699740964,"views":29,"p1id":"pokemonbradford","p2id":"kcook555","formatid":"gen9ou","rating":0,"private":0,"password":""}