{"id":"gen9ou-1988745908","p1":"ValeryRivOwO","p2":"pochaccokun","format":"[Gen 9] OU","log":"|j|\u2606ValeryRivOwO\n|j|\u2606pochaccokun\n|t:|1699757806\n|gametype|singles\n|player|p1|ValeryRivOwO|dawn-gen4pt|1000\n|player|p2|pochaccokun|caitlin|1000\n|teamsize|p1|6\n|teamsize|p2|6\n|gen|9\n|tier|[Gen 9] OU\n|rated|\n|rule|Sleep Clause Mod: Limit one foe put to sleep\n|rule|Species Clause: Limit one of each Pok\u00e9mon\n|rule|OHKO Clause: OHKO moves are banned\n|rule|Evasion Items Clause: Evasion items are banned\n|rule|Evasion Moves Clause: Evasion moves are banned\n|rule|Endless Battle Clause: Forcing endless battles is banned\n|rule|HP Percentage Mod: HP is shown in percentages\n|clearpoke\n|poke|p1|Empoleon, M|\n|poke|p1|Gliscor, M|\n|poke|p1|Toedscruel, M|\n|poke|p1|Haxorus, M|\n|poke|p1|Iron Valiant|\n|poke|p1|Ceruledge, F|\n|poke|p2|Ribombee, F|\n|poke|p2|Gliscor, M|\n|poke|p2|Gholdengo|\n|poke|p2|Garganacl, F|\n|poke|p2|Weavile, F|\n|poke|p2|Kingambit, M|\n|teampreview\n|inactive|Battle timer is ON: inactive players will automatically lose when time's up. (requested by ValeryRivOwO)\n|\n|t:|1699757820\n|start\n|switch|p1a: Ceruledge|Ceruledge, F|100\/100\n|switch|p2a: Ribombee|Ribombee, F, shiny|100\/100\n|turn|1\n|\n|t:|1699757836\n|move|p2a: Ribombee|Sticky Web|p1a: Ceruledge\n|-sidestart|p1: ValeryRivOwO|move: Sticky Web\n|move|p1a: Ceruledge|Swords Dance|p1a: Ceruledge\n|-boost|p1a: Ceruledge|atk|2\n|\n|upkeep\n|turn|2\n|\n|t:|1699757858\n|move|p2a: Ribombee|Psychic|p1a: Ceruledge\n|-damage|p1a: Ceruledge|70\/100\n|move|p1a: Ceruledge|Bitter Blade|p2a: Ribombee\n|-supereffective|p2a: Ribombee\n|-damage|p2a: Ribombee|0 fnt\n|-heal|p1a: Ceruledge|100\/100|[from] drain|[of] p2a: Ribombee\n|faint|p2a: Ribombee\n|\n|upkeep\n|inactive|pochaccokun has 120 seconds left.\n|\n|t:|1699757883\n|switch|p2a: Gliscor|Gliscor, M|100\/100\n|turn|3\n|\n|t:|1699757898\n|-terastallize|p1a: Ceruledge|Bug\n|move|p1a: Ceruledge|Poltergeist|p2a: Gliscor\n|-activate|p2a: Gliscor|move: Poltergeist|Toxic Orb\n|-damage|p2a: Gliscor|22\/100\n|move|p2a: Gliscor|Earthquake|p1a: Ceruledge\n|-resisted|p1a: Ceruledge\n|-damage|p1a: Ceruledge|79\/100\n|-ability|p1a: Ceruledge|Weak Armor|boost\n|-unboost|p1a: Ceruledge|def|1\n|-boost|p1a: Ceruledge|spe|2\n|\n|-status|p2a: Gliscor|tox|[from] item: Toxic Orb\n|upkeep\n|turn|4\n|\n|t:|1699757915\n|move|p2a: Gliscor|Protect|p2a: Gliscor\n|-singleturn|p2a: Gliscor|Protect\n|move|p1a: Ceruledge|Bitter Blade|p2a: Gliscor\n|-activate|p2a: Gliscor|move: Protect\n|\n|-heal|p2a: Gliscor|35\/100 tox|[from] ability: Poison Heal\n|upkeep\n|turn|5\n|\n|t:|1699757925\n|switch|p2a: Garganacl|Garganacl, F|100\/100\n|move|p1a: Ceruledge|Poltergeist|p2a: Garganacl\n|-activate|p2a: Garganacl|move: Poltergeist|Leftovers\n|-damage|p2a: Garganacl|64\/100\n|\n|-heal|p2a: Garganacl|70\/100|[from] item: Leftovers\n|upkeep\n|turn|6\n|\n|t:|1699757940\n|move|p1a: Ceruledge|Poltergeist|p2a: Garganacl\n|-activate|p2a: Garganacl|move: Poltergeist|Leftovers\n|-damage|p2a: Garganacl|38\/100\n|move|p2a: Garganacl|Salt Cure|p1a: Ceruledge\n|-supereffective|p1a: Ceruledge\n|-crit|p1a: Ceruledge\n|-damage|p1a: Ceruledge|0 fnt\n|faint|p1a: Ceruledge\n|\n|-heal|p2a: Garganacl|44\/100|[from] item: Leftovers\n|upkeep\n|\n|t:|1699757948\n|switch|p1a: Toedscruel|Toedscruel, M|100\/100\n|-activate|p1a: Toedscruel|move: Sticky Web\n|-unboost|p1a: Toedscruel|spe|1\n|turn|7\n|\n|t:|1699757958\n|switch|p2a: Gliscor|Gliscor, M|35\/100 tox\n|move|p1a: Toedscruel|Rapid Spin|p2a: Gliscor\n|-damage|p2a: Gliscor|29\/100 tox\n|-boost|p1a: Toedscruel|spe|1\n|-sideend|p1: ValeryRivOwO|Sticky Web|[from] move: Rapid Spin|[of] p1a: Toedscruel\n|\n|-heal|p2a: Gliscor|42\/100 tox|[from] ability: Poison Heal\n|upkeep\n|turn|8\n|\n|t:|1699757971\n|move|p1a: Toedscruel|Earth Power|p2a: Gliscor\n|-immune|p2a: Gliscor\n|move|p2a: Gliscor|Toxic|p1a: Toedscruel\n|-status|p1a: Toedscruel|tox\n|\n|-damage|p1a: Toedscruel|94\/100 tox|[from] psn\n|-heal|p2a: Gliscor|54\/100 tox|[from] ability: Poison Heal\n|upkeep\n|turn|9\n|\n|t:|1699757978\n|switch|p1a: Gliscor|Gliscor, M|100\/100\n|move|p2a: Gliscor|Spikes|p1a: Gliscor\n|-sidestart|p1: ValeryRivOwO|Spikes\n|\n|-heal|p2a: Gliscor|67\/100 tox|[from] ability: Poison Heal\n|-status|p1a: Gliscor|tox|[from] item: Toxic Orb\n|upkeep\n|turn|10\n|\n|t:|1699757992\n|switch|p1a: Empoleon|Empoleon, M|100\/100\n|-damage|p1a: Empoleon|88\/100|[from] Spikes\n|switch|p2a: Papaya|Weavile, F, shiny|100\/100\n|-ability|p2a: Papaya|Pressure\n|\n|upkeep\n|turn|11\n|\n|t:|1699758003\n|switch|p2a: Gholdengo|Gholdengo|100\/100\n|move|p1a: Empoleon|Flash Cannon|p2a: Gholdengo\n|-resisted|p2a: Gholdengo\n|-damage|p2a: Gholdengo|79\/100\n|\n|upkeep\n|turn|12\n|\n|t:|1699758019\n|switch|p1a: Toedscruel|Toedscruel, M|94\/100 tox\n|-damage|p1a: Toedscruel|82\/100 tox|[from] Spikes\n|move|p2a: Gholdengo|Nasty Plot|p2a: Gholdengo\n|-boost|p2a: Gholdengo|spa|2\n|\n|-heal|p1a: Toedscruel|88\/100 tox|[from] item: Leftovers\n|-damage|p1a: Toedscruel|82\/100 tox|[from] psn\n|upkeep\n|turn|13\n|\n|t:|1699758033\n|switch|p2a: Gliscor|Gliscor, M|67\/100 tox\n|move|p1a: Toedscruel|Earth Power|p2a: Gliscor\n|-immune|p2a: Gliscor\n|\n|-heal|p1a: Toedscruel|88\/100 tox|[from] item: Leftovers\n|-damage|p1a: Toedscruel|76\/100 tox|[from] psn\n|-heal|p2a: Gliscor|79\/100 tox|[from] ability: Poison Heal\n|upkeep\n|turn|14\n|\n|t:|1699758043\n|move|p1a: Toedscruel|Rapid Spin|p2a: Gliscor\n|-damage|p2a: Gliscor|74\/100 tox\n|-boost|p1a: Toedscruel|spe|1\n|-sideend|p1: ValeryRivOwO|Spikes|[from] move: Rapid Spin|[of] p1a: Toedscruel\n|move|p2a: Gliscor|Spikes|p1a: Toedscruel\n|-sidestart|p1: ValeryRivOwO|Spikes\n|\n|-heal|p1a: Toedscruel|82\/100 tox|[from] item: Leftovers\n|-damage|p1a: Toedscruel|63\/100 tox|[from] psn\n|-heal|p2a: Gliscor|87\/100 tox|[from] ability: Poison Heal\n|upkeep\n|turn|15\n|\n|t:|1699758049\n|switch|p1a: Empoleon|Empoleon, M|88\/100\n|-damage|p1a: Empoleon|76\/100|[from] Spikes\n|move|p2a: Gliscor|Earthquake|p1a: Empoleon\n|-supereffective|p1a: Empoleon\n|-damage|p1a: Empoleon|0 fnt\n|faint|p1a: Empoleon\n|\n|-heal|p2a: Gliscor|99\/100 tox|[from] ability: Poison Heal\n|upkeep\n|-message|ValeryRivOwO forfeited.\n|\n|win|pochaccokun\n|raw|ValeryRivOwO's rating: 1000 &rarr; <strong>1000<\/strong><br \/>(+0 for losing)\n|raw|pochaccokun's rating: 1000 &rarr; <strong>1040<\/strong><br \/>(+40 for winning)\n|l|\u2606ValeryRivOwO\n|l|\u2606pochaccokun\n|j|\u2606pochaccokun\n|player|p2|pochaccokun|caitlin\n","uploadtime":1699758063,"views":24,"p1id":"valeryrivowo","p2id":"pochaccokun","formatid":"gen9ou","rating":1000,"private":0,"password":""}