{"id":"gen9ou-1988951761","p1":"MrMLnG","p2":"pidqf","format":"[Gen 9] OU","log":"|j|\u2606MrMLnG\n|j|\u2606pidqf\n|t:|1699793509\n|gametype|singles\n|player|p1|MrMLnG|cynthia|1146\n|player|p2|pidqf|265|1153\n|teamsize|p1|6\n|teamsize|p2|6\n|gen|9\n|tier|[Gen 9] OU\n|rated|\n|rule|Sleep Clause Mod: Limit one foe put to sleep\n|rule|Species Clause: Limit one of each Pok\u00e9mon\n|rule|OHKO Clause: OHKO moves are banned\n|rule|Evasion Items Clause: Evasion items are banned\n|rule|Evasion Moves Clause: Evasion moves are banned\n|rule|Endless Battle Clause: Forcing endless battles is banned\n|rule|HP Percentage Mod: HP is shown in percentages\n|clearpoke\n|poke|p1|Sneasler, F|\n|poke|p1|Rillaboom, M|\n|poke|p1|Greninja-*, M|\n|poke|p1|Landorus-Therian, M|\n|poke|p1|Gholdengo|\n|poke|p1|Dragapult, F|\n|poke|p2|Ribombee, F|\n|poke|p2|Gholdengo|\n|poke|p2|Great Tusk|\n|poke|p2|Manaphy|\n|poke|p2|Iron Moth|\n|poke|p2|Dragonite, F|\n|teampreview\n|\n|t:|1699793524\n|start\n|switch|p1a: Gholdengo|Gholdengo|100\/100\n|switch|p2a: Arachn\u00e9e|Ribombee, F|100\/100\n|turn|1\n|\n|t:|1699793550\n|switch|p2a: Ficello|Gholdengo|100\/100\n|-item|p2a: Ficello|Air Balloon\n|move|p1a: Gholdengo|Nasty Plot|p1a: Gholdengo\n|-boost|p1a: Gholdengo|spa|2\n|\n|upkeep\n|turn|2\n|\n|t:|1699793561\n|move|p2a: Ficello|Shadow Ball|p1a: Gholdengo\n|-supereffective|p1a: Gholdengo\n|-damage|p1a: Gholdengo|3\/100\n|move|p1a: Gholdengo|Shadow Ball|p2a: Ficello\n|-supereffective|p2a: Ficello\n|-damage|p2a: Ficello|0 fnt\n|-enditem|p2a: Ficello|Air Balloon\n|faint|p2a: Ficello\n|\n|upkeep\n|\n|t:|1699793575\n|switch|p2a: Ganesh|Great Tusk|100\/100\n|turn|3\n|\n|t:|1699793583\n|move|p2a: Ganesh|Knock Off|p1a: Gholdengo\n|-supereffective|p1a: Gholdengo\n|-damage|p1a: Gholdengo|0 fnt\n|-enditem|p1a: Gholdengo|Covert Cloak|[from] move: Knock Off|[of] p2a: Ganesh\n|faint|p1a: Gholdengo\n|\n|upkeep\n|\n|t:|1699793590\n|switch|p1a: Greninja|Greninja, M|100\/100\n|turn|4\n|\n|t:|1699793601\n|-end|p2a: Ganesh|Protosynthesis|[silent]\n|switch|p2a: 2Strong4You|Manaphy|100\/100\n|move|p1a: Greninja|Surf|p2a: 2Strong4You\n|-resisted|p2a: 2Strong4You\n|-damage|p2a: 2Strong4You|77\/100\n|-damage|p1a: Greninja|91\/100|[from] item: Life Orb\n|\n|-heal|p2a: 2Strong4You|83\/100|[from] item: Leftovers\n|upkeep\n|turn|5\n|\n|t:|1699793612\n|switch|p1a: Rillaboom|Rillaboom, M|100\/100\n|-fieldstart|move: Grassy Terrain|[from] ability: Grassy Surge|[of] p1a: Rillaboom\n|move|p2a: 2Strong4You|Take Heart|p2a: 2Strong4You\n|-boost|p2a: 2Strong4You|spa|1\n|-boost|p2a: 2Strong4You|spd|1\n|\n|-heal|p2a: 2Strong4You|90\/100|[from] Grassy Terrain\n|-heal|p2a: 2Strong4You|96\/100|[from] item: Leftovers\n|upkeep\n|turn|6\n|\n|t:|1699793633\n|-terastallize|p2a: 2Strong4You|Poison\n|move|p1a: Rillaboom|Grassy Glide|p2a: 2Strong4You\n|-resisted|p2a: 2Strong4You\n|-crit|p2a: 2Strong4You\n|-damage|p2a: 2Strong4You|67\/100\n|move|p2a: 2Strong4You|Acid Armor|p2a: 2Strong4You\n|-boost|p2a: 2Strong4You|def|2\n|\n|-heal|p2a: 2Strong4You|73\/100|[from] Grassy Terrain\n|-heal|p2a: 2Strong4You|79\/100|[from] item: Leftovers\n|upkeep\n|turn|7\n|\n|t:|1699793653\n|switch|p1a: Landorus|Landorus-Therian, M|100\/100\n|-ability|p1a: Landorus|Intimidate|boost\n|-unboost|p2a: 2Strong4You|atk|1\n|move|p2a: 2Strong4You|Acid Armor|p2a: 2Strong4You\n|-boost|p2a: 2Strong4You|def|2\n|\n|-heal|p2a: 2Strong4You|85\/100|[from] Grassy Terrain\n|-heal|p2a: 2Strong4You|92\/100|[from] item: Leftovers\n|upkeep\n|turn|8\n|\n|t:|1699793676\n|move|p2a: 2Strong4You|Scald|p1a: Landorus\n|-supereffective|p1a: Landorus\n|-damage|p1a: Landorus|17\/100\n|-status|p1a: Landorus|brn\n|move|p1a: Landorus|Stealth Rock|p2a: 2Strong4You\n|-sidestart|p2: pidqf|move: Stealth Rock\n|\n|-heal|p2a: 2Strong4You|98\/100|[from] Grassy Terrain\n|-heal|p2a: 2Strong4You|100\/100|[from] item: Leftovers\n|-damage|p1a: Landorus|11\/100 brn|[from] brn\n|upkeep\n|turn|9\n|\n|t:|1699793687\n|move|p2a: 2Strong4You|Scald|p1a: Landorus\n|-supereffective|p1a: Landorus\n|-damage|p1a: Landorus|0 fnt\n|faint|p1a: Landorus\n|\n|-fieldend|move: Grassy Terrain\n|upkeep\n|\n|t:|1699793699\n|switch|p1a: Dragapult|Dragapult, F|100\/100\n|turn|10\n|\n|t:|1699793704\n|move|p1a: Dragapult|Shadow Ball|p2a: 2Strong4You\n|-damage|p2a: 2Strong4You|71\/100\n|move|p2a: 2Strong4You|Stored Power|p1a: Dragapult\n|-damage|p1a: Dragapult|32\/100\n|\n|-heal|p2a: 2Strong4You|77\/100|[from] item: Leftovers\n|upkeep\n|turn|11\n|\n|t:|1699793712\n|move|p1a: Dragapult|Shadow Ball|p2a: 2Strong4You\n|-damage|p2a: 2Strong4You|47\/100\n|move|p2a: 2Strong4You|Take Heart|p2a: 2Strong4You\n|-boost|p2a: 2Strong4You|spa|1\n|-boost|p2a: 2Strong4You|spd|1\n|\n|-heal|p2a: 2Strong4You|53\/100|[from] item: Leftovers\n|upkeep\n|turn|12\n|\n|t:|1699793720\n|move|p1a: Dragapult|Shadow Ball|p2a: 2Strong4You\n|-damage|p2a: 2Strong4You|31\/100\n|move|p2a: 2Strong4You|Stored Power|p1a: Dragapult\n|-damage|p1a: Dragapult|0 fnt\n|faint|p1a: Dragapult\n|\n|-heal|p2a: 2Strong4You|37\/100|[from] item: Leftovers\n|upkeep\n|\n|t:|1699793735\n|switch|p1a: Rillaboom|Rillaboom, M|100\/100\n|-fieldstart|move: Grassy Terrain|[from] ability: Grassy Surge|[of] p1a: Rillaboom\n|turn|13\n|\n|t:|1699793743\n|move|p2a: 2Strong4You|Stored Power|p1a: Rillaboom\n|-damage|p1a: Rillaboom|5\/100\n|move|p1a: Rillaboom|Knock Off|p2a: 2Strong4You\n|-damage|p2a: 2Strong4You|24\/100\n|-enditem|p2a: 2Strong4You|Leftovers|[from] move: Knock Off|[of] p1a: Rillaboom\n|\n|-heal|p2a: 2Strong4You|30\/100|[from] Grassy Terrain\n|-heal|p1a: Rillaboom|11\/100|[from] Grassy Terrain\n|upkeep\n|turn|14\n|\n|t:|1699793752\n|move|p2a: 2Strong4You|Scald|p1a: Rillaboom\n|-resisted|p1a: Rillaboom\n|-damage|p1a: Rillaboom|0 fnt\n|faint|p1a: Rillaboom\n|\n|-heal|p2a: 2Strong4You|36\/100|[from] Grassy Terrain\n|upkeep\n|\n|t:|1699793760\n|switch|p1a: Greninja|Greninja, M|91\/100\n|turn|15\n|\n|t:|1699793775\n|move|p1a: Greninja|Surf|p2a: 2Strong4You\n|-damage|p2a: 2Strong4You|15\/100\n|-damage|p1a: Greninja|81\/100|[from] item: Life Orb\n|move|p2a: 2Strong4You|Scald|p1a: Greninja\n|-resisted|p1a: Greninja\n|-damage|p1a: Greninja|38\/100\n|\n|-heal|p1a: Greninja|44\/100|[from] Grassy Terrain\n|-heal|p2a: 2Strong4You|21\/100|[from] Grassy Terrain\n|upkeep\n|turn|16\n|\n|t:|1699793803\n|move|p1a: Greninja|Surf|p2a: 2Strong4You\n|-damage|p2a: 2Strong4You|1\/100\n|-damage|p1a: Greninja|34\/100|[from] item: Life Orb\n|move|p2a: 2Strong4You|Scald|p1a: Greninja\n|-resisted|p1a: Greninja\n|-damage|p1a: Greninja|0 fnt\n|faint|p1a: Greninja\n|\n|-heal|p2a: 2Strong4You|7\/100|[from] Grassy Terrain\n|upkeep\n|\n|t:|1699793813\n|switch|p1a: Sneasler|Sneasler, F|100\/100\n|-enditem|p1a: Sneasler|Grassy Seed\n|-boost|p1a: Sneasler|def|1|[from] item: Grassy Seed\n|turn|17\n|\n|t:|1699793821\n|move|p1a: Sneasler|Acrobatics|p2a: 2Strong4You\n|-damage|p2a: 2Strong4You|0 fnt\n|faint|p2a: 2Strong4You\n|\n|-fieldend|move: Grassy Terrain\n|upkeep\n|\n|t:|1699793829\n|switch|p2a: Ganesh|Great Tusk|100\/100\n|turn|18\n|\n|t:|1699793836\n|-terastallize|p1a: Sneasler|Flying\n|move|p1a: Sneasler|Swords Dance|p1a: Sneasler\n|-boost|p1a: Sneasler|atk|2\n|move|p2a: Ganesh|Headlong Rush|p1a: Sneasler\n|-immune|p1a: Sneasler\n|\n|upkeep\n|turn|19\n|\n|t:|1699793847\n|move|p1a: Sneasler|Swords Dance|p1a: Sneasler\n|-boost|p1a: Sneasler|atk|2\n|move|p2a: Ganesh|Knock Off|p1a: Sneasler\n|-damage|p1a: Sneasler|80\/100\n|\n|upkeep\n|turn|20\n|\n|t:|1699793854\n|move|p1a: Sneasler|Swords Dance|p1a: Sneasler\n|-boost|p1a: Sneasler|atk|2\n|move|p2a: Ganesh|Close Combat|p1a: Sneasler\n|-resisted|p1a: Sneasler\n|-damage|p1a: Sneasler|52\/100\n|-unboost|p2a: Ganesh|def|1\n|-unboost|p2a: Ganesh|spd|1\n|\n|upkeep\n|turn|21\n|\n|t:|1699793862\n|move|p1a: Sneasler|Acrobatics|p2a: Ganesh\n|-supereffective|p2a: Ganesh\n|-damage|p2a: Ganesh|0 fnt\n|faint|p2a: Ganesh\n|-end|p2a: Ganesh|Protosynthesis|[silent]\n|\n|upkeep\n|\n|t:|1699793867\n|switch|p2a: FlyingPlush|Dragonite, F|100\/100\n|turn|22\n|\n|t:|1699793872\n|move|p2a: FlyingPlush|Extreme Speed|p1a: Sneasler\n|-damage|p1a: Sneasler|24\/100\n|move|p1a: Sneasler|Acrobatics|p2a: FlyingPlush\n|-damage|p2a: FlyingPlush|0 fnt\n|faint|p2a: FlyingPlush\n|\n|upkeep\n|\n|t:|1699793879\n|switch|p2a: Fear Me|Iron Moth|100\/100\n|-damage|p2a: Fear Me|76\/100|[from] Stealth Rock\n|-enditem|p2a: Fear Me|Booster Energy\n|-activate|p2a: Fear Me|ability: Quark Drive|[fromitem]\n|-start|p2a: Fear Me|quarkdrivespa\n|turn|23\n|-message|pidqf forfeited.\n|\n|win|MrMLnG\n|raw|MrMLnG's rating: 1146 &rarr; <strong>1172<\/strong><br \/>(+26 for winning)\n|raw|pidqf's rating: 1153 &rarr; <strong>1127<\/strong><br \/>(-26 for losing)\n|l|\u2606pidqf\n","uploadtime":1699793892,"views":23,"p1id":"mrmlng","p2id":"pidqf","formatid":"gen9ou","rating":1127,"private":0,"password":""}