{"id":"gen9ou-1996578889","p1":"clodgod6","p2":"twelveouttatwelve","format":"[Gen 9] OU","log":"|j|\u2606clodgod6\n|j|\u2606twelveouttatwelve\n|t:|1700696507\n|gametype|singles\n|player|p1|clodgod6|wally|1623\n|player|p2|twelveouttatwelve|102|1661\n|teamsize|p1|6\n|teamsize|p2|6\n|gen|9\n|tier|[Gen 9] OU\n|rated|\n|rule|Sleep Clause Mod: Limit one foe put to sleep\n|rule|Species Clause: Limit one of each Pok\u00e9mon\n|rule|OHKO Clause: OHKO moves are banned\n|rule|Evasion Items Clause: Evasion items are banned\n|rule|Evasion Moves Clause: Evasion moves are banned\n|rule|Endless Battle Clause: Forcing endless battles is banned\n|rule|HP Percentage Mod: HP is shown in percentages\n|clearpoke\n|poke|p1|Ogerpon-Wellspring, F|\n|poke|p1|Kingambit, M|\n|poke|p1|Gholdengo|\n|poke|p1|Glimmora, F|\n|poke|p1|Dragonite, M|\n|poke|p1|Iron Moth|\n|poke|p2|Dragonite, M|\n|poke|p2|Landorus-Therian, M|\n|poke|p2|Garchomp, F|\n|poke|p2|Thundurus-Therian, M|\n|poke|p2|Manaphy|\n|poke|p2|Tinkaton, F|\n|teampreview\n|\n|t:|1700696511\n|start\n|switch|p1a: Glimmora|Glimmora, F|100\/100\n|switch|p2a: Garchomp|Garchomp, F|100\/100\n|turn|1\n|\n|t:|1700696515\n|move|p2a: Garchomp|Earthquake|p1a: Glimmora\n|-supereffective|p1a: Glimmora\n|-enditem|p1a: Glimmora|Focus Sash\n|-damage|p1a: Glimmora|1\/100\n|-activate|p1a: Glimmora|ability: Toxic Debris\n|-sidestart|p2: twelveouttatwelve|move: Toxic Spikes\n|-damage|p2a: Garchomp|91\/100|[from] item: Life Orb\n|move|p1a: Glimmora|Stealth Rock|p2a: Garchomp\n|-sidestart|p2: twelveouttatwelve|move: Stealth Rock\n|\n|upkeep\n|turn|2\n|\n|t:|1700696524\n|move|p2a: Garchomp|Earthquake|p1a: Glimmora\n|-supereffective|p1a: Glimmora\n|-damage|p1a: Glimmora|0 fnt\n|-activate|p1a: Glimmora|ability: Toxic Debris\n|-sidestart|p2: twelveouttatwelve|move: Toxic Spikes\n|faint|p1a: Glimmora\n|-damage|p2a: Garchomp|81\/100|[from] item: Life Orb\n|\n|upkeep\n|\n|t:|1700696543\n|switch|p1a: Ogerpon|Ogerpon-Wellspring, F|100\/100\n|turn|3\n|\n|t:|1700696550\n|move|p1a: Ogerpon|Power Whip|p2a: Garchomp\n|-damage|p2a: Garchomp|4\/100\n|-damage|p1a: Ogerpon|88\/100|[from] ability: Rough Skin|[of] p2a: Garchomp\n|move|p2a: Garchomp|Draco Meteor|p1a: Ogerpon\n|-damage|p1a: Ogerpon|19\/100\n|-unboost|p2a: Garchomp|spa|2\n|-damage|p2a: Garchomp|0 fnt|[from] item: Life Orb\n|faint|p2a: Garchomp\n|\n|upkeep\n|\n|t:|1700696558\n|switch|p2a: Landorus|Landorus-Therian, M|100\/100\n|-damage|p2a: Landorus|88\/100|[from] Stealth Rock\n|-ability|p2a: Landorus|Intimidate|boost\n|-unboost|p1a: Ogerpon|atk|1\n|turn|4\n|\n|t:|1700696562\n|switch|p1a: Gholdengo|Gholdengo|100\/100\n|move|p2a: Landorus|U-turn|p1a: Gholdengo\n|-resisted|p1a: Gholdengo\n|-damage|p1a: Gholdengo|93\/100\n|\n|t:|1700696572\n|switch|p2a: Tinkaton|Tinkaton, F|100\/100|[from] U-turn\n|-damage|p2a: Tinkaton|94\/100|[from] Stealth Rock\n|-ability|p2a: Tinkaton|Mold Breaker\n|-item|p2a: Tinkaton|Air Balloon\n|\n|upkeep\n|turn|5\n|\n|t:|1700696589\n|move|p2a: Tinkaton|Stealth Rock|p1a: Gholdengo\n|-sidestart|p1: clodgod6|move: Stealth Rock\n|move|p1a: Gholdengo|Make It Rain|p2a: Tinkaton\n|-crit|p2a: Tinkaton\n|-damage|p2a: Tinkaton|0 fnt\n|-unboost|p1a: Gholdengo|spa|1\n|-enditem|p2a: Tinkaton|Air Balloon\n|faint|p2a: Tinkaton\n|\n|upkeep\n|\n|t:|1700696598\n|switch|p2a: Manaphy|Manaphy|100\/100\n|-status|p2a: Manaphy|tox\n|-damage|p2a: Manaphy|88\/100 tox|[from] Stealth Rock\n|turn|6\n|\n|t:|1700696613\n|switch|p1a: Kingambit|Kingambit, M|100\/100\n|-damage|p1a: Kingambit|94\/100|[from] Stealth Rock\n|-activate|p1a: Kingambit|ability: Supreme Overlord\n|-start|p1a: Kingambit|fallen1|[silent]\n|-item|p1a: Kingambit|Air Balloon\n|move|p2a: Manaphy|Take Heart|p2a: Manaphy\n|-boost|p2a: Manaphy|spa|1\n|-boost|p2a: Manaphy|spd|1\n|-curestatus|p2a: Manaphy|tox|[msg]\n|\n|-heal|p2a: Manaphy|94\/100|[from] item: Leftovers\n|upkeep\n|turn|7\n|\n|t:|1700696619\n|move|p2a: Manaphy|Acid Armor|p2a: Manaphy\n|-boost|p2a: Manaphy|def|2\n|move|p1a: Kingambit|Swords Dance|p1a: Kingambit\n|-boost|p1a: Kingambit|atk|2\n|\n|-heal|p2a: Manaphy|100\/100|[from] item: Leftovers\n|upkeep\n|turn|8\n|\n|t:|1700696627\n|move|p2a: Manaphy|Acid Armor|p2a: Manaphy\n|-boost|p2a: Manaphy|def|2\n|move|p1a: Kingambit|Swords Dance|p1a: Kingambit\n|-boost|p1a: Kingambit|atk|2\n|\n|upkeep\n|turn|9\n|\n|t:|1700696630\n|move|p2a: Manaphy|Scald|p1a: Kingambit\n|-damage|p1a: Kingambit|45\/100\n|-status|p1a: Kingambit|brn\n|-enditem|p1a: Kingambit|Air Balloon\n|move|p1a: Kingambit|Swords Dance|p1a: Kingambit\n|-boost|p1a: Kingambit|atk|2\n|\n|-damage|p1a: Kingambit|39\/100 brn|[from] brn\n|upkeep\n|turn|10\n|\n|t:|1700696634\n|move|p1a: Kingambit|Sucker Punch||[still]\n|-fail|p1a: Kingambit\n|move|p2a: Manaphy|Acid Armor|p2a: Manaphy\n|-boost|p2a: Manaphy|def|2\n|\n|-damage|p1a: Kingambit|33\/100 brn|[from] brn\n|upkeep\n|turn|11\n|\n|t:|1700696636\n|move|p1a: Kingambit|Sucker Punch||[still]\n|-fail|p1a: Kingambit\n|move|p2a: Manaphy|Take Heart|p2a: Manaphy\n|-boost|p2a: Manaphy|spa|1\n|-boost|p2a: Manaphy|spd|1\n|\n|-damage|p1a: Kingambit|27\/100 brn|[from] brn\n|upkeep\n|turn|12\n|\n|t:|1700696639\n|move|p2a: Manaphy|Take Heart|p2a: Manaphy\n|-boost|p2a: Manaphy|spa|1\n|-boost|p2a: Manaphy|spd|1\n|move|p1a: Kingambit|Kowtow Cleave|p2a: Manaphy\n|-damage|p2a: Manaphy|83\/100\n|\n|-heal|p2a: Manaphy|89\/100|[from] item: Leftovers\n|-damage|p1a: Kingambit|20\/100 brn|[from] brn\n|upkeep\n|turn|13\n|\n|t:|1700696641\n|move|p1a: Kingambit|Sucker Punch|p2a: Manaphy\n|-damage|p2a: Manaphy|74\/100\n|move|p2a: Manaphy|Scald|p1a: Kingambit\n|-damage|p1a: Kingambit|0 fnt\n|faint|p1a: Kingambit\n|-end|p1a: Kingambit|fallen1|[silent]\n|\n|-heal|p2a: Manaphy|80\/100|[from] item: Leftovers\n|upkeep\n|\n|t:|1700696646\n|switch|p1a: Ogerpon|Ogerpon-Wellspring, F|19\/100\n|-damage|p1a: Ogerpon|7\/100|[from] Stealth Rock\n|turn|14\n|\n|t:|1700696648\n|move|p1a: Ogerpon|Power Whip|p2a: Manaphy\n|-supereffective|p2a: Manaphy\n|-damage|p2a: Manaphy|55\/100\n|move|p2a: Manaphy|Stored Power|p1a: Ogerpon\n|-damage|p1a: Ogerpon|0 fnt\n|faint|p1a: Ogerpon\n|\n|-heal|p2a: Manaphy|61\/100|[from] item: Leftovers\n|upkeep\n|-message|clodgod6 forfeited.\n|\n|win|twelveouttatwelve\n|raw|clodgod6's rating: 1623 &rarr; <strong>1605<\/strong><br \/>(-18 for losing)\n|raw|twelveouttatwelve's rating: 1661 &rarr; <strong>1679<\/strong><br \/>(+18 for winning)\n|l|\u2606clodgod6\n","uploadtime":1700696660,"views":2,"p1id":"clodgod6","p2id":"twelveouttatwelve","formatid":"gen9ou","rating":1605,"private":0,"password":""}