{"id":"gen9ou-1996586702","p1":"Cyny","p2":"knexhawk2","format":"[Gen 9] OU","log":"|j|\u2606Cyny\n|j|\u2606knexhawk2\n|t:|1700697430\n|gametype|singles\n|player|p1|Cyny|n-masters|1673\n|player|p2|knexhawk2|red-masters|1788\n|teamsize|p1|6\n|teamsize|p2|6\n|gen|9\n|tier|[Gen 9] OU\n|rated|\n|rule|Sleep Clause Mod: Limit one foe put to sleep\n|rule|Species Clause: Limit one of each Pok\u00e9mon\n|rule|OHKO Clause: OHKO moves are banned\n|rule|Evasion Items Clause: Evasion items are banned\n|rule|Evasion Moves Clause: Evasion moves are banned\n|rule|Endless Battle Clause: Forcing endless battles is banned\n|rule|HP Percentage Mod: HP is shown in percentages\n|clearpoke\n|poke|p1|Ogerpon-Wellspring, F|\n|poke|p1|Kingambit, F|\n|poke|p1|Glimmora, F|\n|poke|p1|Iron Valiant|\n|poke|p1|Iron Moth|\n|poke|p1|Zapdos|\n|poke|p2|Wo-Chien|\n|poke|p2|Talonflame, F|\n|poke|p2|Alomomola, M|\n|poke|p2|Blissey, F|\n|poke|p2|Cyclizar, M|\n|poke|p2|Clodsire, F|\n|teampreview\n|\n|t:|1700697507\n|start\n|switch|p1a: Glimmora|Glimmora, F|100\/100\n|switch|p2a: I'm your mom.|Blissey, F|100\/100\n|turn|1\n|\n|t:|1700697533\n|move|p1a: Glimmora|Mortal Spin|p2a: I'm your mom.\n|-damage|p2a: I'm your mom.|94\/100\n|-status|p2a: I'm your mom.|psn\n|move|p2a: I'm your mom.|Seismic Toss|p1a: Glimmora\n|-damage|p1a: Glimmora|73\/100\n|\n|-damage|p2a: I'm your mom.|81\/100 psn|[from] psn\n|upkeep\n|turn|2\n|\n|t:|1700697539\n|move|p1a: Glimmora|Stealth Rock|p2a: I'm your mom.\n|-sidestart|p2: knexhawk2|move: Stealth Rock\n|move|p2a: I'm your mom.|Seismic Toss|p1a: Glimmora\n|-damage|p1a: Glimmora|46\/100\n|\n|-damage|p2a: I'm your mom.|69\/100 psn|[from] psn\n|upkeep\n|turn|3\n|\n|t:|1700697545\n|switch|p1a: Kingambit|Kingambit, F|100\/100\n|move|p2a: I'm your mom.|Soft-Boiled|p2a: I'm your mom.\n|-heal|p2a: I'm your mom.|100\/100 psn\n|\n|-damage|p2a: I'm your mom.|88\/100 psn|[from] psn\n|upkeep\n|turn|4\n|\n|t:|1700697549\n|-curestatus|p2a: I'm your mom.|psn|[from] ability: Natural Cure\n|switch|p2a: Your father.|Talonflame, F|100\/100\n|move|p1a: Kingambit|Iron Head|p2a: Your father.\n|-resisted|p2a: Your father.\n|-damage|p2a: Your father.|79\/100\n|\n|upkeep\n|turn|5\n|\n|t:|1700697565\n|-end|p1a: Kingambit|fallenundefined|[silent]\n|switch|p1a: Iron Moth|Iron Moth|100\/100\n|-enditem|p1a: Iron Moth|Booster Energy\n|-activate|p1a: Iron Moth|ability: Quark Drive|[fromitem]\n|-start|p1a: Iron Moth|quarkdrivespe\n|move|p2a: Your father.|Defog|p1a: Iron Moth\n|-unboost|p1a: Iron Moth|evasion|1\n|-sideend|p2: knexhawk2|Stealth Rock|[from] move: Defog|[of] p2a: Your father.\n|\n|upkeep\n|turn|6\n|\n|t:|1700697580\n|switch|p2a: I'm your mom.|Blissey, F|88\/100\n|-terastallize|p1a: Iron Moth|Ground\n|move|p1a: Iron Moth|Tera Blast|p2a: I'm your mom.|[anim] Tera Blast Ground\n|-damage|p2a: I'm your mom.|76\/100\n|\n|upkeep\n|turn|7\n|\n|t:|1700697586\n|-end|p1a: Iron Moth|Quark Drive|[silent]\n|switch|p1a: Kingambit|Kingambit, F|100\/100\n|move|p2a: I'm your mom.|Stealth Rock|p1a: Kingambit\n|-sidestart|p1: Cyny|move: Stealth Rock\n|\n|upkeep\n|turn|8\n|j| dfghhhg\n|\n|t:|1700697621\n|switch|p2a: Your father.|Talonflame, F|79\/100\n|-end|p1a: Kingambit|fallenundefined|[silent]\n|switch|p1a: Ogerpon|Ogerpon-Wellspring, F|100\/100\n|-damage|p1a: Ogerpon|88\/100|[from] Stealth Rock\n|\n|upkeep\n|turn|9\n|\n|t:|1700697626\n|switch|p2a: I own you.|Wo-Chien|100\/100\n|-ability|p2a: I own you.|Tablets of Ruin\n|move|p1a: Ogerpon|Swords Dance|p1a: Ogerpon\n|-boost|p1a: Ogerpon|atk|2\n|\n|upkeep\n|turn|10\n|\n|t:|1700697629\n|move|p1a: Ogerpon|Low Kick|p2a: I own you.\n|-supereffective|p2a: I own you.\n|-damage|p2a: I own you.|35\/100\n|move|p2a: I own you.|Pollen Puff|p1a: Ogerpon\n|-supereffective|p1a: Ogerpon\n|-damage|p1a: Ogerpon|44\/100\n|\n|-heal|p2a: I own you.|41\/100|[from] item: Leftovers\n|upkeep\n|turn|11\n|\n|t:|1700697632\n|switch|p2a: Your father.|Talonflame, F|79\/100\n|move|p1a: Ogerpon|Ivy Cudgel|p2a: Your father.|[anim] Ivy Cudgel Water\n|-supereffective|p2a: Your father.\n|-crit|p2a: Your father.\n|-damage|p2a: Your father.|0 fnt\n|faint|p2a: Your father.\n|\n|upkeep\n|\n|t:|1700697638\n|switch|p2a: you are my pet|Clodsire, F|100\/100\n|turn|12\n|\n|t:|1700697645\n|switch|p1a: Kingambit|Kingambit, F|100\/100\n|-damage|p1a: Kingambit|94\/100|[from] Stealth Rock\n|-terastallize|p2a: you are my pet|Fairy\n|move|p2a: you are my pet|Counter||[still]\n|-fail|p2a: you are my pet\n|\n|-heal|p1a: Kingambit|100\/100|[from] item: Leftovers\n|upkeep\n|turn|13\n|\n|t:|1700697648\n|-end|p1a: Kingambit|fallenundefined|[silent]\n|switch|p1a: Ogerpon|Ogerpon-Wellspring, F|44\/100\n|-damage|p1a: Ogerpon|31\/100|[from] Stealth Rock\n|move|p2a: you are my pet|Counter||[still]\n|-fail|p2a: you are my pet\n|\n|upkeep\n|turn|14\n|\n|t:|1700697652\n|switch|p1a: Kingambit|Kingambit, F|100\/100\n|-damage|p1a: Kingambit|94\/100|[from] Stealth Rock\n|move|p2a: you are my pet|Poison Jab|p1a: Kingambit\n|-immune|p1a: Kingambit\n|\n|-heal|p1a: Kingambit|100\/100|[from] item: Leftovers\n|upkeep\n|turn|15\n|\n|t:|1700697655\n|switch|p2a: You are my son|Alomomola, M|100\/100\n|move|p1a: Kingambit|Iron Head|p2a: You are my son\n|-resisted|p2a: You are my son\n|-damage|p2a: You are my son|88\/100\n|-damage|p1a: Kingambit|84\/100|[from] item: Rocky Helmet|[of] p2a: You are my son\n|\n|-heal|p1a: Kingambit|90\/100|[from] item: Leftovers\n|upkeep\n|turn|16\n|\n|t:|1700697659\n|-end|p1a: Kingambit|fallenundefined|[silent]\n|switch|p1a: Ogerpon|Ogerpon-Wellspring, F|31\/100\n|-damage|p1a: Ogerpon|19\/100|[from] Stealth Rock\n|move|p2a: You are my son|Wish|p2a: You are my son\n|\n|upkeep\n|turn|17\n|\n|t:|1700697665\n|switch|p2a: I own you.|Wo-Chien|41\/100\n|-ability|p2a: I own you.|Tablets of Ruin\n|move|p1a: Ogerpon|Swords Dance|p1a: Ogerpon\n|-boost|p1a: Ogerpon|atk|2\n|\n|-heal|p2a: I own you.|100\/100|[from] move: Wish|[wisher] You are my son\n|upkeep\n|turn|18\n|\n|t:|1700697674\n|move|p1a: Ogerpon|Low Kick|p2a: I own you.\n|-supereffective|p2a: I own you.\n|-damage|p2a: I own you.|40\/100\n|move|p2a: I own you.|Giga Drain|p1a: Ogerpon\n|-damage|p1a: Ogerpon|0 fnt\n|-heal|p2a: I own you.|48\/100|[from] drain|[of] p1a: Ogerpon\n|faint|p1a: Ogerpon\n|\n|-heal|p2a: I own you.|54\/100|[from] item: Leftovers\n|upkeep\n|\n|t:|1700697683\n|switch|p1a: Iron Valiant|Iron Valiant|100\/100\n|-damage|p1a: Iron Valiant|94\/100|[from] Stealth Rock\n|turn|19\n|\n|t:|1700697690\n|switch|p2a: I'm your mom.|Blissey, F|76\/100\n|move|p1a: Iron Valiant|Moonblast|p2a: I'm your mom.\n|-damage|p2a: I'm your mom.|54\/100\n|\n|upkeep\n|turn|20\n|\n|t:|1700697693\n|-end|p1a: Iron Valiant|Quark Drive|[silent]\n|switch|p1a: Glimmora|Glimmora, F|46\/100\n|-damage|p1a: Glimmora|34\/100|[from] Stealth Rock\n|move|p2a: I'm your mom.|Soft-Boiled|p2a: I'm your mom.\n|-heal|p2a: I'm your mom.|100\/100\n|\n|upkeep\n|turn|21\n|\n|t:|1700697698\n|move|p1a: Glimmora|Mortal Spin|p2a: I'm your mom.\n|-damage|p2a: I'm your mom.|93\/100\n|-status|p2a: I'm your mom.|psn\n|-sideend|p1: Cyny|Stealth Rock|[from] move: Mortal Spin|[of] p1a: Glimmora\n|move|p2a: I'm your mom.|Seismic Toss|p1a: Glimmora\n|-damage|p1a: Glimmora|7\/100\n|\n|-damage|p2a: I'm your mom.|81\/100 psn|[from] psn\n|upkeep\n|turn|22\n|\n|t:|1700697703\n|switch|p1a: Kingambit|Kingambit, F|90\/100\n|-activate|p1a: Kingambit|ability: Supreme Overlord\n|-start|p1a: Kingambit|fallen1|[silent]\n|move|p2a: I'm your mom.|Seismic Toss|p1a: Kingambit\n|-damage|p1a: Kingambit|65\/100\n|\n|-heal|p1a: Kingambit|72\/100|[from] item: Leftovers\n|-damage|p2a: I'm your mom.|68\/100 psn|[from] psn\n|upkeep\n|turn|23\n|\n|t:|1700697705\n|-curestatus|p2a: I'm your mom.|psn|[from] ability: Natural Cure\n|switch|p2a: You are my son|Alomomola, M|100\/100\n|-end|p1a: Kingambit|fallen1|[silent]\n|switch|p1a: Iron Valiant|Iron Valiant|94\/100\n|\n|upkeep\n|turn|24\n|\n|t:|1700697711\n|move|p2a: You are my son|Protect|p2a: You are my son\n|-singleturn|p2a: You are my son|Protect\n|move|p1a: Iron Valiant|Trick|p2a: You are my son\n|-activate|p2a: You are my son|move: Protect\n|\n|upkeep\n|turn|25\n|\n|t:|1700697717\n|-end|p1a: Iron Valiant|Quark Drive|[silent]\n|switch|p1a: Iron Moth|Iron Moth, tera:Ground|100\/100\n|move|p2a: You are my son|Scald|p1a: Iron Moth\n|-supereffective|p1a: Iron Moth\n|-damage|p1a: Iron Moth|73\/100\n|\n|upkeep\n|turn|26\n|\n|t:|1700697725\n|move|p2a: You are my son|Protect|p2a: You are my son\n|-singleturn|p2a: You are my son|Protect\n|move|p1a: Iron Moth|Fiery Dance|p2a: You are my son\n|-activate|p2a: You are my son|move: Protect\n|\n|upkeep\n|turn|27\n|\n|t:|1700697738\n|switch|p2a: I'm your mom.|Blissey, F|68\/100\n|move|p1a: Iron Moth|Fiery Dance|p2a: I'm your mom.\n|-damage|p2a: I'm your mom.|55\/100\n|-boost|p1a: Iron Moth|spa|1\n|\n|upkeep\n|turn|28\n|\n|t:|1700697741\n|move|p1a: Iron Moth|Fiery Dance|p2a: I'm your mom.\n|-damage|p2a: I'm your mom.|37\/100\n|move|p2a: I'm your mom.|Soft-Boiled|p2a: I'm your mom.\n|-heal|p2a: I'm your mom.|87\/100\n|\n|upkeep\n|turn|29\n|\n|t:|1700697744\n|move|p1a: Iron Moth|Fiery Dance|p2a: I'm your mom.\n|-damage|p2a: I'm your mom.|68\/100\n|-boost|p1a: Iron Moth|spa|1\n|move|p2a: I'm your mom.|Calm Mind|p2a: I'm your mom.\n|-boost|p2a: I'm your mom.|spa|1\n|-boost|p2a: I'm your mom.|spd|1\n|\n|upkeep\n|turn|30\n|\n|t:|1700697749\n|-end|p1a: Iron Moth|Quark Drive|[silent]\n|switch|p1a: Kingambit|Kingambit, F|72\/100\n|-activate|p1a: Kingambit|ability: Supreme Overlord\n|-start|p1a: Kingambit|fallen1|[silent]\n|move|p2a: I'm your mom.|Stealth Rock|p1a: Kingambit\n|-sidestart|p1: Cyny|move: Stealth Rock\n|\n|-heal|p1a: Kingambit|78\/100|[from] item: Leftovers\n|upkeep\n|turn|31\n|\n|t:|1700697751\n|switch|p2a: You are my son|Alomomola, M|100\/100\n|move|p1a: Kingambit|Swords Dance|p1a: Kingambit\n|-boost|p1a: Kingambit|atk|2\n|\n|-heal|p1a: Kingambit|84\/100|[from] item: Leftovers\n|upkeep\n|turn|32\n|\n|t:|1700697754\n|move|p1a: Kingambit|Swords Dance|p1a: Kingambit\n|-boost|p1a: Kingambit|atk|2\n|move|p2a: You are my son|Wish|p2a: You are my son\n|\n|-heal|p1a: Kingambit|90\/100|[from] item: Leftovers\n|upkeep\n|turn|33\n|\n|t:|1700697756\n|switch|p2a: you are my pet|Clodsire, F, tera:Fairy|100\/100\n|move|p1a: Kingambit|Swords Dance|p1a: Kingambit\n|-boost|p1a: Kingambit|atk|2\n|\n|-heal|p1a: Kingambit|96\/100|[from] item: Leftovers\n|upkeep\n|turn|34\n|\n|t:|1700697758\n|move|p1a: Kingambit|Iron Head|p2a: you are my pet\n|-supereffective|p2a: you are my pet\n|-damage|p2a: you are my pet|24\/100\n|move|p2a: you are my pet|Counter|p1a: Kingambit\n|-damage|p1a: Kingambit|0 fnt\n|faint|p1a: Kingambit\n|-end|p1a: Kingambit|fallen1|[silent]\n|\n|-heal|p2a: you are my pet|30\/100|[from] item: Leftovers\n|upkeep\n|\n|t:|1700697763\n|switch|p1a: Iron Valiant|Iron Valiant|94\/100\n|-damage|p1a: Iron Valiant|88\/100|[from] Stealth Rock\n|turn|35\n|\n|t:|1700697771\n|move|p1a: Iron Valiant|Moonblast|p2a: you are my pet\n|-damage|p2a: you are my pet|0 fnt\n|faint|p2a: you are my pet\n|\n|upkeep\n|\n|t:|1700697773\n|switch|p2a: I'm your mom.|Blissey, F|68\/100\n|turn|36\n|\n|t:|1700697784\n|-end|p1a: Iron Valiant|Quark Drive|[silent]\n|switch|p1a: Glimmora|Glimmora, F|7\/100\n|-damage|p1a: Glimmora|0 fnt|[from] Stealth Rock\n|faint|p1a: Glimmora\n|move|p2a: I'm your mom.|Soft-Boiled|p2a: I'm your mom.\n|-heal|p2a: I'm your mom.|100\/100\n|\n|upkeep\n|\n|t:|1700697787\n|switch|p1a: Iron Valiant|Iron Valiant|88\/100\n|-damage|p1a: Iron Valiant|82\/100|[from] Stealth Rock\n|turn|37\n|\n|t:|1700697797\n|move|p1a: Iron Valiant|Psyshock|p2a: I'm your mom.\n|-damage|p2a: I'm your mom.|57\/100\n|move|p2a: I'm your mom.|Seismic Toss|p1a: Iron Valiant\n|-damage|p1a: Iron Valiant|47\/100\n|\n|upkeep\n|turn|38\n|\n|t:|1700697801\n|-end|p1a: Iron Valiant|Quark Drive|[silent]\n|switch|p1a: Iron Moth|Iron Moth, tera:Ground|73\/100\n|-damage|p1a: Iron Moth|67\/100|[from] Stealth Rock\n|switch|p2a: You are my son|Alomomola, M|100\/100\n|\n|upkeep\n|turn|39\n|\n|t:|1700697803\n|move|p1a: Iron Moth|Sludge Wave|p2a: You are my son\n|-damage|p2a: You are my son|44\/100\n|-status|p2a: You are my son|psn\n|move|p2a: You are my son|Wish|p2a: You are my son\n|\n|-damage|p2a: You are my son|32\/100 psn|[from] psn\n|upkeep\n|turn|40\n|\n|t:|1700697808\n|-end|p1a: Iron Moth|Quark Drive|[silent]\n|switch|p1a: Iron Valiant|Iron Valiant|47\/100\n|-damage|p1a: Iron Valiant|41\/100|[from] Stealth Rock\n|switch|p2a: I'm your mom.|Blissey, F|57\/100\n|\n|-heal|p2a: I'm your mom.|98\/100|[from] move: Wish|[wisher] You are my son\n|upkeep\n|turn|41\n|\n|t:|1700697827\n|move|p1a: Iron Valiant|Trick|p2a: I'm your mom.\n|-activate|p1a: Iron Valiant|move: Trick|[of] p2a: I'm your mom.\n|-item|p2a: I'm your mom.|Choice Specs|[from] move: Trick\n|-item|p1a: Iron Valiant|Heavy-Duty Boots|[from] move: Trick\n|move|p2a: I'm your mom.|Seismic Toss|p1a: Iron Valiant\n|-damage|p1a: Iron Valiant|6\/100\n|\n|upkeep\n|turn|42\n|\n|t:|1700697832\n|move|p1a: Iron Valiant|Psyshock|p2a: I'm your mom.\n|-damage|p2a: I'm your mom.|71\/100\n|move|p2a: I'm your mom.|Seismic Toss|p1a: Iron Valiant\n|-damage|p1a: Iron Valiant|0 fnt\n|faint|p1a: Iron Valiant\n|-end|p1a: Iron Valiant|Quark Drive|[silent]\n|\n|upkeep\n|\n|t:|1700697834\n|switch|p1a: Zapdos|Zapdos|100\/100\n|turn|43\n|\n|t:|1700697839\n|switch|p2a: ur my lizard|Cyclizar, M|100\/100\n|move|p1a: Zapdos|Discharge|p2a: ur my lizard\n|-resisted|p2a: ur my lizard\n|-damage|p2a: ur my lizard|84\/100\n|\n|upkeep\n|turn|44\n|\n|t:|1700697842\n|move|p2a: ur my lizard|Knock Off|p1a: Zapdos\n|-damage|p1a: Zapdos|82\/100\n|-status|p2a: ur my lizard|par|[from] ability: Static|[of] p1a: Zapdos\n|-enditem|p1a: Zapdos|Heavy-Duty Boots|[from] move: Knock Off|[of] p2a: ur my lizard\n|move|p1a: Zapdos|Hurricane|p2a: ur my lizard\n|-crit|p2a: ur my lizard\n|-damage|p2a: ur my lizard|13\/100 par\n|\n|upkeep\n|turn|45\n|\n|t:|1700697845\n|switch|p2a: I own you.|Wo-Chien|54\/100\n|-ability|p2a: I own you.|Tablets of Ruin\n|move|p1a: Zapdos|Discharge|p2a: I own you.\n|-resisted|p2a: I own you.\n|-damage|p2a: I own you.|43\/100\n|-status|p2a: I own you.|par\n|\n|-heal|p2a: I own you.|49\/100 par|[from] item: Leftovers\n|upkeep\n|turn|46\n|\n|t:|1700697850\n|move|p1a: Zapdos|Hurricane|p2a: I own you.\n|-supereffective|p2a: I own you.\n|-damage|p2a: I own you.|0 fnt\n|faint|p2a: I own you.\n|\n|upkeep\n|\n|t:|1700697860\n|switch|p2a: I'm your mom.|Blissey, F|71\/100\n|turn|47\n|\n|t:|1700697863\n|move|p1a: Zapdos|Discharge|p2a: I'm your mom.\n|-damage|p2a: I'm your mom.|60\/100\n|-status|p2a: I'm your mom.|par\n|move|p2a: I'm your mom.|Seismic Toss|p1a: Zapdos\n|-damage|p1a: Zapdos|56\/100\n|\n|upkeep\n|turn|48\n|\n|t:|1700697865\n|-curestatus|p2a: I'm your mom.|par|[from] ability: Natural Cure\n|switch|p2a: ur my lizard|Cyclizar, M|46\/100 par\n|move|p1a: Zapdos|Hurricane|p2a: ur my lizard\n|-damage|p2a: ur my lizard|0 fnt\n|faint|p2a: ur my lizard\n|\n|upkeep\n|\n|t:|1700697867\n|switch|p2a: I'm your mom.|Blissey, F|60\/100\n|turn|49\n|\n|t:|1700697869\n|move|p1a: Zapdos|Roost|p1a: Zapdos\n|-heal|p1a: Zapdos|100\/100\n|-singleturn|p1a: Zapdos|move: Roost\n|move|p2a: I'm your mom.|Seismic Toss|p1a: Zapdos\n|-damage|p1a: Zapdos|74\/100\n|-status|p2a: I'm your mom.|par|[from] ability: Static|[of] p1a: Zapdos\n|\n|upkeep\n|turn|50\n|\n|t:|1700697871\n|move|p1a: Zapdos|Hurricane|p2a: I'm your mom.\n|-damage|p2a: I'm your mom.|47\/100 par\n|move|p2a: I'm your mom.|Seismic Toss|p1a: Zapdos\n|-damage|p1a: Zapdos|48\/100\n|\n|upkeep\n|turn|51\n|\n|t:|1700697875\n|move|p1a: Zapdos|Hurricane|p2a: I'm your mom.\n|-damage|p2a: I'm your mom.|33\/100 par\n|move|p2a: I'm your mom.|Seismic Toss|p1a: Zapdos\n|-damage|p1a: Zapdos|22\/100\n|\n|upkeep\n|turn|52\n|\n|t:|1700697879\n|-curestatus|p2a: I'm your mom.|par|[from] ability: Natural Cure\n|switch|p2a: You are my son|Alomomola, M|65\/100 psn\n|move|p1a: Zapdos|Roost|p1a: Zapdos\n|-heal|p1a: Zapdos|72\/100\n|-singleturn|p1a: Zapdos|move: Roost\n|\n|-damage|p2a: You are my son|53\/100 psn|[from] psn\n|upkeep\n|turn|53\n|\n|t:|1700697881\n|switch|p2a: I'm your mom.|Blissey, F|33\/100\n|move|p1a: Zapdos|Discharge|p2a: I'm your mom.\n|-damage|p2a: I'm your mom.|24\/100\n|\n|upkeep\n|turn|54\n|\n|t:|1700697884\n|move|p1a: Zapdos|Discharge|p2a: I'm your mom.\n|-damage|p2a: I'm your mom.|13\/100\n|move|p2a: I'm your mom.|Soft-Boiled|p2a: I'm your mom.\n|-heal|p2a: I'm your mom.|63\/100\n|\n|upkeep\n|turn|55\n|\n|t:|1700697888\n|move|p1a: Zapdos|Discharge|p2a: I'm your mom.\n|-damage|p2a: I'm your mom.|54\/100\n|move|p2a: I'm your mom.|Soft-Boiled|p2a: I'm your mom.\n|-heal|p2a: I'm your mom.|100\/100\n|\n|upkeep\n|turn|56\n|\n|t:|1700697891\n|switch|p2a: You are my son|Alomomola, M|86\/100 psn\n|move|p1a: Zapdos|Discharge|p2a: You are my son\n|-supereffective|p2a: You are my son\n|-crit|p2a: You are my son\n|-damage|p2a: You are my son|0 fnt\n|faint|p2a: You are my son\n|\n|upkeep\n|\n|t:|1700697893\n|switch|p2a: I'm your mom.|Blissey, F|100\/100\n|turn|57\n|\n|t:|1700697895\n|move|p1a: Zapdos|Discharge|p2a: I'm your mom.\n|-damage|p2a: I'm your mom.|90\/100\n|move|p2a: I'm your mom.|Seismic Toss|p1a: Zapdos\n|-damage|p1a: Zapdos|46\/100\n|-status|p2a: I'm your mom.|par|[from] ability: Static|[of] p1a: Zapdos\n|\n|upkeep\n|turn|58\n|\n|t:|1700697899\n|move|p1a: Zapdos|Roost|p1a: Zapdos\n|-heal|p1a: Zapdos|96\/100\n|-singleturn|p1a: Zapdos|move: Roost\n|move|p2a: I'm your mom.|Seismic Toss|p1a: Zapdos\n|-damage|p1a: Zapdos|70\/100\n|\n|upkeep\n|turn|59\n|\n|t:|1700697901\n|move|p1a: Zapdos|Hurricane|p2a: I'm your mom.\n|-damage|p2a: I'm your mom.|75\/100 par\n|move|p2a: I'm your mom.|Seismic Toss|p1a: Zapdos\n|-damage|p1a: Zapdos|44\/100\n|\n|upkeep\n|turn|60\n|c|\u2606knexhawk2|yeah i threw idk why i didnt just sack\n|\n|t:|1700697907\n|move|p1a: Zapdos|Hurricane|p2a: I'm your mom.\n|-damage|p2a: I'm your mom.|60\/100 par\n|move|p2a: I'm your mom.|Seismic Toss|p1a: Zapdos\n|-damage|p1a: Zapdos|18\/100\n|\n|upkeep\n|turn|61\n|-message|knexhawk2 forfeited.\n|\n|win|Cyny\n|raw|Cyny's rating: 1673 &rarr; <strong>1699<\/strong><br \/>(+26 for winning)\n|raw|knexhawk2's rating: 1788 &rarr; <strong>1762<\/strong><br \/>(-26 for losing)\n|l|\u2606knexhawk2\n|c|\u2606Cyny|it happens\n","uploadtime":1700697919,"views":3,"p1id":"cyny","p2id":"knexhawk2","formatid":"gen9ou","rating":1699,"private":0,"password":""}