{"id":"gen9ou-1994326318","p1":"PLLV51 Corrosive","p2":"IdrisKinryu","format":"[Gen 9] OU","log":"|j|\u2606PLLV51 Corrosive\n|j|\u2606IdrisKinryu\n|t:|1700431391\n|gametype|singles\n|player|p1|PLLV51 Corrosive|drayden|1402\n|player|p2|IdrisKinryu|n-masters|1308\n|teamsize|p1|6\n|teamsize|p2|6\n|gen|9\n|tier|[Gen 9] OU\n|rated|\n|rule|Sleep Clause Mod: Limit one foe put to sleep\n|rule|Species Clause: Limit one of each Pok\u00e9mon\n|rule|OHKO Clause: OHKO moves are banned\n|rule|Evasion Items Clause: Evasion items are banned\n|rule|Evasion Moves Clause: Evasion moves are banned\n|rule|Endless Battle Clause: Forcing endless battles is banned\n|rule|HP Percentage Mod: HP is shown in percentages\n|clearpoke\n|poke|p1|Glimmora, F|\n|poke|p1|Gholdengo|\n|poke|p1|Ogerpon-Wellspring, F|\n|poke|p1|Kingambit, M|\n|poke|p1|Iron Moth|\n|poke|p1|Enamorus, F|\n|poke|p2|Walking Wake|\n|poke|p2|Dragapult, M|\n|poke|p2|Dragonite, M|\n|poke|p2|Hydreigon, F|\n|poke|p2|Goodra-Hisui, F|\n|poke|p2|Cyclizar, F|\n|teampreview\n|\n|t:|1700431427\n|start\n|switch|p1a: Glimmora|Glimmora, F|100\/100\n|switch|p2a: Charles|Hydreigon, F|100\/100\n|turn|1\n|\n|t:|1700431440\n|move|p2a: Charles|Earth Power|p1a: Glimmora\n|-supereffective|p1a: Glimmora\n|-enditem|p1a: Glimmora|Focus Sash\n|-damage|p1a: Glimmora|1\/100\n|move|p1a: Glimmora|Stealth Rock|p2a: Charles\n|-sidestart|p2: IdrisKinryu|move: Stealth Rock\n|\n|upkeep\n|turn|2\n|\n|t:|1700431457\n|move|p2a: Charles|Earth Power|p1a: Glimmora\n|-supereffective|p1a: Glimmora\n|-damage|p1a: Glimmora|0 fnt\n|faint|p1a: Glimmora\n|\n|upkeep\n|\n|t:|1700431461\n|switch|p1a: Enamorus|Enamorus, F|100\/100\n|turn|3\n|\n|t:|1700431481\n|switch|p2a: Rivalz|Cyclizar, F|100\/100\n|-terastallize|p1a: Enamorus|Fairy\n|move|p1a: Enamorus|Healing Wish|p1a: Enamorus\n|faint|p1a: Enamorus\n|\n|upkeep\n|\n|t:|1700431492\n|switch|p1a: Ogerpon|Ogerpon-Wellspring, F|100\/100\n|turn|4\n|\n|t:|1700431512\n|move|p2a: Rivalz|Rapid Spin|p1a: Ogerpon\n|-damage|p1a: Ogerpon|74\/100\n|-boost|p2a: Rivalz|spe|1\n|-sideend|p2: IdrisKinryu|Stealth Rock|[from] move: Rapid Spin|[of] p2a: Rivalz\n|move|p1a: Ogerpon|Swords Dance|p1a: Ogerpon\n|-boost|p1a: Ogerpon|atk|2\n|\n|upkeep\n|turn|5\n|\n|t:|1700431521\n|move|p2a: Rivalz|Knock Off|p1a: Ogerpon\n|-crit|p1a: Ogerpon\n|-damage|p1a: Ogerpon|34\/100\n|move|p1a: Ogerpon|Power Whip|p2a: Rivalz|[miss]\n|-miss|p1a: Ogerpon|p2a: Rivalz\n|\n|upkeep\n|turn|6\n|\n|t:|1700431532\n|move|p1a: Ogerpon|Ivy Cudgel|p2a: Rivalz|[anim] Ivy Cudgel Water\n|-resisted|p2a: Rivalz\n|-damage|p2a: Rivalz|0 fnt\n|faint|p2a: Rivalz\n|\n|upkeep\n|\n|t:|1700431538\n|switch|p2a: Rolo|Dragapult, M|100\/100\n|turn|7\n|\n|t:|1700431543\n|switch|p1a: Kingambit|Kingambit, M|100\/100\n|-activate|p1a: Kingambit|ability: Supreme Overlord\n|-start|p1a: Kingambit|fallen2|[silent]\n|move|p2a: Rolo|Thunderbolt|p1a: Kingambit\n|-crit|p1a: Kingambit\n|-damage|p1a: Kingambit|36\/100\n|\n|upkeep\n|turn|8\n|\n|t:|1700431551\n|move|p1a: Kingambit|Sucker Punch|p2a: Rolo\n|-supereffective|p2a: Rolo\n|-damage|p2a: Rolo|0 fnt\n|faint|p2a: Rolo\n|\n|upkeep\n|\n|t:|1700431562\n|switch|p2a: Suzaku|Dragonite, M|100\/100\n|turn|9\n|\n|t:|1700431568\n|-end|p1a: Kingambit|fallen2|[silent]\n|switch|p1a: Gholdengo|Gholdengo|100\/100\n|-item|p1a: Gholdengo|Air Balloon\n|move|p2a: Suzaku|Earthquake|p1a: Gholdengo\n|-immune|p1a: Gholdengo\n|\n|upkeep\n|turn|10\n|\n|t:|1700431577\n|switch|p2a: Shirley|Goodra-Hisui, F|100\/100\n|move|p1a: Gholdengo|Make It Rain|p2a: Shirley\n|-resisted|p2a: Shirley\n|-damage|p2a: Shirley|81\/100\n|-unboost|p1a: Gholdengo|spa|1\n|\n|-heal|p2a: Shirley|87\/100|[from] item: Leftovers\n|upkeep\n|turn|11\n|\n|t:|1700431588\n|move|p1a: Gholdengo|Nasty Plot|p1a: Gholdengo\n|-boost|p1a: Gholdengo|spa|2\n|move|p2a: Shirley|Dragon Pulse|p1a: Gholdengo\n|-resisted|p1a: Gholdengo\n|-damage|p1a: Gholdengo|74\/100\n|-enditem|p1a: Gholdengo|Air Balloon\n|\n|-heal|p2a: Shirley|93\/100|[from] item: Leftovers\n|upkeep\n|turn|12\n|\n|t:|1700431629\n|switch|p2a: Charles|Hydreigon, F|100\/100\n|move|p1a: Gholdengo|Shadow Ball|p2a: Charles\n|-resisted|p2a: Charles\n|-damage|p2a: Charles|65\/100\n|\n|-heal|p2a: Charles|71\/100|[from] item: Leftovers\n|upkeep\n|turn|13\n|\n|t:|1700431641\n|move|p2a: Charles|Dark Pulse|p1a: Gholdengo\n|-supereffective|p1a: Gholdengo\n|-damage|p1a: Gholdengo|0 fnt\n|faint|p1a: Gholdengo\n|\n|-heal|p2a: Charles|77\/100|[from] item: Leftovers\n|upkeep\n|\n|t:|1700431647\n|switch|p1a: Iron Moth|Iron Moth|100\/100\n|-enditem|p1a: Iron Moth|Booster Energy\n|-activate|p1a: Iron Moth|ability: Quark Drive|[fromitem]\n|-start|p1a: Iron Moth|quarkdrivespe\n|turn|14\n|\n|t:|1700431654\n|move|p1a: Iron Moth|Fiery Dance|p2a: Charles\n|-resisted|p2a: Charles\n|-damage|p2a: Charles|52\/100\n|-boost|p1a: Iron Moth|spa|1\n|move|p2a: Charles|Earth Power|p1a: Iron Moth\n|-supereffective|p1a: Iron Moth\n|-damage|p1a: Iron Moth|0 fnt\n|faint|p1a: Iron Moth\n|-end|p1a: Iron Moth|Quark Drive|[silent]\n|\n|-heal|p2a: Charles|58\/100|[from] item: Leftovers\n|upkeep\n|\n|t:|1700431660\n|switch|p1a: Kingambit|Kingambit, M|36\/100\n|-heal|p1a: Kingambit|100\/100|[from] move: Healing Wish\n|-activate|p1a: Kingambit|ability: Supreme Overlord\n|-start|p1a: Kingambit|fallen4|[silent]\n|turn|15\n|\n|t:|1700431678\n|-end|p1a: Kingambit|fallen4|[silent]\n|switch|p1a: Ogerpon|Ogerpon-Wellspring, F|34\/100\n|move|p2a: Charles|Earth Power|p1a: Ogerpon\n|-resisted|p1a: Ogerpon\n|-damage|p1a: Ogerpon|17\/100\n|\n|-heal|p2a: Charles|65\/100|[from] item: Leftovers\n|upkeep\n|turn|16\n|\n|t:|1700431687\n|move|p1a: Ogerpon|Ivy Cudgel|p2a: Charles|[anim] Ivy Cudgel Water\n|-resisted|p2a: Charles\n|-crit|p2a: Charles\n|-damage|p2a: Charles|15\/100\n|move|p2a: Charles|Dragon Pulse|p1a: Ogerpon\n|-damage|p1a: Ogerpon|0 fnt\n|faint|p1a: Ogerpon\n|\n|-heal|p2a: Charles|21\/100|[from] item: Leftovers\n|upkeep\n|\n|t:|1700431689\n|switch|p1a: Kingambit|Kingambit, M|100\/100\n|-activate|p1a: Kingambit|ability: Supreme Overlord\n|-start|p1a: Kingambit|fallen5|[silent]\n|turn|17\n|\n|t:|1700431703\n|move|p2a: Charles|Earth Power|p1a: Kingambit\n|-supereffective|p1a: Kingambit\n|-damage|p1a: Kingambit|34\/100\n|move|p1a: Kingambit|Swords Dance|p1a: Kingambit\n|-boost|p1a: Kingambit|atk|2\n|\n|-heal|p2a: Charles|27\/100|[from] item: Leftovers\n|upkeep\n|turn|18\n|\n|t:|1700431715\n|move|p1a: Kingambit|Sucker Punch|p2a: Charles\n|-resisted|p2a: Charles\n|-damage|p2a: Charles|0 fnt\n|faint|p2a: Charles\n|\n|upkeep\n|\n|t:|1700431720\n|switch|p2a: Lelouch|Walking Wake|100\/100\n|-enditem|p2a: Lelouch|Booster Energy\n|-activate|p2a: Lelouch|ability: Protosynthesis|[fromitem]\n|-start|p2a: Lelouch|protosynthesisspa\n|turn|19\n|\n|t:|1700431726\n|move|p1a: Kingambit|Sucker Punch|p2a: Lelouch\n|-damage|p2a: Lelouch|0 fnt\n|faint|p2a: Lelouch\n|-end|p2a: Lelouch|Protosynthesis|[silent]\n|\n|upkeep\n|\n|t:|1700431733\n|switch|p2a: Suzaku|Dragonite, M|100\/100\n|turn|20\n|\n|t:|1700431741\n|move|p1a: Kingambit|Sucker Punch|p2a: Suzaku\n|-damage|p2a: Suzaku|22\/100\n|move|p2a: Suzaku|Earthquake|p1a: Kingambit\n|-supereffective|p1a: Kingambit\n|-damage|p1a: Kingambit|0 fnt\n|faint|p1a: Kingambit\n|-end|p1a: Kingambit|fallen5|[silent]\n|\n|win|IdrisKinryu\n|raw|PLLV51 Corrosive's rating: 1402 &rarr; <strong>1377<\/strong><br \/>(-25 for losing)\n|raw|IdrisKinryu's rating: 1308 &rarr; <strong>1333<\/strong><br \/>(+25 for winning)\n|l|\u2606IdrisKinryu\n","uploadtime":1700431757,"views":24,"p1id":"pllv51corrosive","p2id":"idriskinryu","formatid":"gen9ou","rating":1333,"private":0,"password":""}