{"id":"gen9ou-1995104825","p1":"julianmanier","p2":"Outdated AHH Team","format":"[Gen 9] OU","log":"|j|\u2606julianmanier\n|j|\u2606Outdated AHH Team\n|t:|1700523065\n|gametype|singles\n|player|p1|julianmanier|101|1499\n|player|p2|Outdated AHH Team|bruno-gen2|1601\n|teamsize|p1|6\n|teamsize|p2|6\n|gen|9\n|tier|[Gen 9] OU\n|rated|\n|rule|Sleep Clause Mod: Limit one foe put to sleep\n|rule|Species Clause: Limit one of each Pok\u00e9mon\n|rule|OHKO Clause: OHKO moves are banned\n|rule|Evasion Items Clause: Evasion items are banned\n|rule|Evasion Moves Clause: Evasion moves are banned\n|rule|Endless Battle Clause: Forcing endless battles is banned\n|rule|HP Percentage Mod: HP is shown in percentages\n|clearpoke\n|poke|p1|Dragonite, M|\n|poke|p1|Great Tusk|\n|poke|p1|Slowking-Galar, F|\n|poke|p1|Ribombee, F|\n|poke|p1|Kingambit, F|\n|poke|p1|Walking Wake|\n|poke|p2|Sinistcha-Masterpiece|\n|poke|p2|Rillaboom, M|\n|poke|p2|Tyranitar, M|\n|poke|p2|Heatran, F|\n|poke|p2|Iron Valiant|\n|poke|p2|Kommo-o, F|\n|teampreview\n|inactive|Battle timer is ON: inactive players will automatically lose when time's up. (requested by Outdated AHH Team)\n|\n|t:|1700523072\n|start\n|switch|p1a: Ribombee|Ribombee, F|100\/100\n|switch|p2a: Godzilla \ud83d\udc32|Tyranitar, M|100\/100\n|-weather|Sandstorm|[from] ability: Sand Stream|[of] p2a: Godzilla \ud83d\udc32\n|turn|1\n|\n|t:|1700523079\n|move|p1a: Ribombee|Sticky Web|p2a: Godzilla \ud83d\udc32\n|-sidestart|p2: Outdated AHH Team|move: Sticky Web\n|move|p2a: Godzilla \ud83d\udc32|Rock Blast|p1a: Ribombee\n|-supereffective|p1a: Ribombee\n|-damage|p1a: Ribombee|56\/100\n|-supereffective|p1a: Ribombee\n|-damage|p1a: Ribombee|12\/100\n|-supereffective|p1a: Ribombee\n|-damage|p1a: Ribombee|0 fnt\n|faint|p1a: Ribombee\n|-hitcount|p1: Ribombee|3\n|\n|-weather|Sandstorm|[upkeep]\n|upkeep\n|\n|t:|1700523086\n|switch|p1a: Walking Wake|Walking Wake|100\/100\n|-enditem|p1a: Walking Wake|Booster Energy\n|-activate|p1a: Walking Wake|ability: Protosynthesis|[fromitem]\n|-start|p1a: Walking Wake|protosynthesisspa\n|turn|2\n|\n|t:|1700523100\n|move|p1a: Walking Wake|Hydro Steam|p2a: Godzilla \ud83d\udc32\n|-supereffective|p2a: Godzilla \ud83d\udc32\n|-damage|p2a: Godzilla \ud83d\udc32|51\/100\n|move|p2a: Godzilla \ud83d\udc32|Knock Off|p1a: Walking Wake\n|-damage|p1a: Walking Wake|68\/100\n|\n|-weather|Sandstorm|[upkeep]\n|-damage|p1a: Walking Wake|62\/100|[from] Sandstorm\n|upkeep\n|turn|3\n|\n|t:|1700523120\n|move|p1a: Walking Wake|Hydro Steam|p2a: Godzilla \ud83d\udc32\n|-supereffective|p2a: Godzilla \ud83d\udc32\n|-damage|p2a: Godzilla \ud83d\udc32|5\/100\n|move|p2a: Godzilla \ud83d\udc32|Rock Blast|p1a: Walking Wake\n|-damage|p1a: Walking Wake|48\/100\n|-damage|p1a: Walking Wake|37\/100\n|-hitcount|p1a: Walking Wake|2\n|\n|-weather|Sandstorm|[upkeep]\n|-damage|p1a: Walking Wake|31\/100|[from] Sandstorm\n|upkeep\n|turn|4\n|\n|t:|1700523131\n|move|p1a: Walking Wake|Flamethrower|p2a: Godzilla \ud83d\udc32\n|-resisted|p2a: Godzilla \ud83d\udc32\n|-damage|p2a: Godzilla \ud83d\udc32|0 fnt\n|faint|p2a: Godzilla \ud83d\udc32\n|\n|-weather|Sandstorm|[upkeep]\n|-damage|p1a: Walking Wake|24\/100|[from] Sandstorm\n|upkeep\n|\n|t:|1700523134\n|switch|p2a: Kong \ud83e\udd8d\ud83e\udd41|Rillaboom, M|100\/100\n|-activate|p2a: Kong \ud83e\udd8d\ud83e\udd41|move: Sticky Web\n|-unboost|p2a: Kong \ud83e\udd8d\ud83e\udd41|spe|1\n|-fieldstart|move: Grassy Terrain|[from] ability: Grassy Surge|[of] p2a: Kong \ud83e\udd8d\ud83e\udd41\n|turn|5\n|\n|t:|1700523141\n|-end|p1a: Walking Wake|Protosynthesis|[silent]\n|switch|p1a: Slowking|Slowking-Galar, F|100\/100\n|-item|p1a: Slowking|Air Balloon\n|move|p2a: Kong \ud83e\udd8d\ud83e\udd41|Grassy Glide|p1a: Slowking\n|-resisted|p1a: Slowking\n|-damage|p1a: Slowking|71\/100\n|-enditem|p1a: Slowking|Air Balloon\n|\n|-weather|none\n|-heal|p1a: Slowking|77\/100|[from] Grassy Terrain\n|upkeep\n|turn|6\n|\n|t:|1700523157\n|switch|p2a: Jogo \ud83c\udf0b|Heatran, F|100\/100\n|-activate|p2a: Jogo \ud83c\udf0b|move: Sticky Web\n|-unboost|p2a: Jogo \ud83c\udf0b|spe|1\n|move|p1a: Slowking|Chilly Reception|p1a: Slowking\n|-weather|Snow\n|\n|t:|1700523162\n|switch|p1a: Walking Wake|Walking Wake|24\/100|[from] Chilly Reception\n|\n|-weather|Snow|[upkeep]\n|-heal|p1a: Walking Wake|31\/100|[from] Grassy Terrain\n|upkeep\n|turn|7\n|\n|t:|1700523172\n|switch|p2a: Kong \ud83e\udd8d\ud83e\udd41|Rillaboom, M|100\/100\n|-activate|p2a: Kong \ud83e\udd8d\ud83e\udd41|move: Sticky Web\n|-unboost|p2a: Kong \ud83e\udd8d\ud83e\udd41|spe|1\n|move|p1a: Walking Wake|Draco Meteor|p2a: Kong \ud83e\udd8d\ud83e\udd41\n|-damage|p2a: Kong \ud83e\udd8d\ud83e\udd41|0 fnt\n|-unboost|p1a: Walking Wake|spa|2\n|faint|p2a: Kong \ud83e\udd8d\ud83e\udd41\n|\n|-weather|Snow|[upkeep]\n|-heal|p1a: Walking Wake|37\/100|[from] Grassy Terrain\n|upkeep\n|\n|t:|1700523178\n|switch|p2a: Grunbeld \ud83c\udf00|Kommo-o, F|100\/100\n|-activate|p2a: Grunbeld \ud83c\udf00|move: Sticky Web\n|-unboost|p2a: Grunbeld \ud83c\udf00|spe|1\n|turn|8\n|\n|t:|1700523193\n|-end|p1a: Walking Wake|Protosynthesis|[silent]\n|switch|p1a: Great Tusk|Great Tusk|100\/100\n|-terastallize|p2a: Grunbeld \ud83c\udf00|Fire\n|move|p2a: Grunbeld \ud83c\udf00|Clangorous Soul|p2a: Grunbeld \ud83c\udf00\n|-boost|p2a: Grunbeld \ud83c\udf00|atk|1\n|-boost|p2a: Grunbeld \ud83c\udf00|def|1\n|-boost|p2a: Grunbeld \ud83c\udf00|spa|1\n|-boost|p2a: Grunbeld \ud83c\udf00|spd|1\n|-boost|p2a: Grunbeld \ud83c\udf00|spe|1\n|-damage|p2a: Grunbeld \ud83c\udf00|68\/100\n|\n|-weather|Snow|[upkeep]\n|-heal|p2a: Grunbeld \ud83c\udf00|74\/100|[from] Grassy Terrain\n|-heal|p2a: Grunbeld \ud83c\udf00|80\/100|[from] item: Leftovers\n|upkeep\n|turn|9\n|\n|t:|1700523207\n|move|p2a: Grunbeld \ud83c\udf00|Clangorous Soul|p2a: Grunbeld \ud83c\udf00\n|-boost|p2a: Grunbeld \ud83c\udf00|atk|1\n|-boost|p2a: Grunbeld \ud83c\udf00|def|1\n|-boost|p2a: Grunbeld \ud83c\udf00|spa|1\n|-boost|p2a: Grunbeld \ud83c\udf00|spd|1\n|-boost|p2a: Grunbeld \ud83c\udf00|spe|1\n|-damage|p2a: Grunbeld \ud83c\udf00|47\/100\n|move|p1a: Great Tusk|Bulk Up|p1a: Great Tusk\n|-boost|p1a: Great Tusk|atk|1\n|-boost|p1a: Great Tusk|def|1\n|\n|-weather|Snow|[upkeep]\n|-heal|p2a: Grunbeld \ud83c\udf00|53\/100|[from] Grassy Terrain\n|-heal|p2a: Grunbeld \ud83c\udf00|59\/100|[from] item: Leftovers\n|-fieldend|move: Grassy Terrain\n|upkeep\n|turn|10\n|\n|t:|1700523216\n|move|p2a: Grunbeld \ud83c\udf00|Clanging Scales|p1a: Great Tusk\n|-damage|p1a: Great Tusk|0 fnt\n|faint|p1a: Great Tusk\n|-end|p1a: Great Tusk|Protosynthesis|[silent]\n|-unboost|p2a: Grunbeld \ud83c\udf00|def|1\n|\n|-weather|none\n|-heal|p2a: Grunbeld \ud83c\udf00|65\/100|[from] item: Leftovers\n|upkeep\n|\n|t:|1700523230\n|switch|p1a: Walking Wake|Walking Wake|37\/100\n|turn|11\n|\n|t:|1700523238\n|-terastallize|p1a: Walking Wake|Fairy\n|move|p2a: Grunbeld \ud83c\udf00|Drain Punch|p1a: Walking Wake\n|-resisted|p1a: Walking Wake\n|-damage|p1a: Walking Wake|4\/100\n|-heal|p2a: Grunbeld \ud83c\udf00|84\/100|[from] drain|[of] p1a: Walking Wake\n|move|p1a: Walking Wake|Hydro Steam|p2a: Grunbeld \ud83c\udf00\n|-supereffective|p2a: Grunbeld \ud83c\udf00\n|-damage|p2a: Grunbeld \ud83c\udf00|32\/100\n|\n|-heal|p2a: Grunbeld \ud83c\udf00|38\/100|[from] item: Leftovers\n|upkeep\n|turn|12\n|\n|t:|1700523248\n|move|p2a: Grunbeld \ud83c\udf00|Drain Punch|p1a: Walking Wake\n|-resisted|p1a: Walking Wake\n|-damage|p1a: Walking Wake|0 fnt\n|-heal|p2a: Grunbeld \ud83c\udf00|41\/100|[from] drain|[of] p1a: Walking Wake\n|faint|p1a: Walking Wake\n|-end|p1a: Walking Wake|Protosynthesis|[silent]\n|\n|-heal|p2a: Grunbeld \ud83c\udf00|47\/100|[from] item: Leftovers\n|upkeep\n|\n|t:|1700523252\n|switch|p1a: Dragonite|Dragonite, M|100\/100\n|turn|13\n|\n|t:|1700523263\n|move|p2a: Grunbeld \ud83c\udf00|Clanging Scales|p1a: Dragonite\n|-supereffective|p1a: Dragonite\n|-damage|p1a: Dragonite|0 fnt\n|faint|p1a: Dragonite\n|-unboost|p2a: Grunbeld \ud83c\udf00|def|1\n|\n|-heal|p2a: Grunbeld \ud83c\udf00|53\/100|[from] item: Leftovers\n|upkeep\n|\n|t:|1700523269\n|switch|p1a: Kingambit|Kingambit, F|100\/100\n|-activate|p1a: Kingambit|ability: Supreme Overlord\n|-start|p1a: Kingambit|fallen4|[silent]\n|turn|14\n|\n|t:|1700523277\n|move|p1a: Kingambit|Sucker Punch|p2a: Grunbeld \ud83c\udf00\n|-damage|p2a: Grunbeld \ud83c\udf00|0 fnt\n|faint|p2a: Grunbeld \ud83c\udf00\n|\n|upkeep\n|\n|t:|1700523288\n|switch|p2a: Jogo \ud83c\udf0b|Heatran, F|100\/100\n|-activate|p2a: Jogo \ud83c\udf0b|move: Sticky Web\n|-unboost|p2a: Jogo \ud83c\udf0b|spe|1\n|turn|15\n|\n|t:|1700523297\n|move|p2a: Jogo \ud83c\udf0b|Magma Storm|p1a: Kingambit\n|-supereffective|p1a: Kingambit\n|-damage|p1a: Kingambit|0 fnt\n|faint|p1a: Kingambit\n|-end|p1a: Kingambit|fallen4|[silent]\n|\n|upkeep\n|-message|julianmanier forfeited.\n|\n|win|Outdated AHH Team\n|raw|julianmanier's rating: 1499 &rarr; <strong>1485<\/strong><br \/>(-14 for losing)\n|raw|Outdated AHH Team's rating: 1601 &rarr; <strong>1615<\/strong><br \/>(+14 for winning)\n|l|\u2606julianmanier\n","uploadtime":1700523307,"views":5,"p1id":"julianmanier","p2id":"outdatedahhteam","formatid":"gen9ou","rating":1485,"private":0,"password":""}