{"id":"gen9ou-1995366599","p1":"FortunesCrimson","p2":"Skaraptor2.1","format":"[Gen 9] OU","log":"|j|\u2606FortunesCrimson\n|j|\u2606Skaraptor2.1\n|t:|1700560722\n|gametype|singles\n|player|p1|FortunesCrimson|wallace|1143\n|player|p2|Skaraptor2.1|bodybuilderf-gen9|1239\n|teamsize|p1|6\n|teamsize|p2|6\n|gen|9\n|tier|[Gen 9] OU\n|rated|\n|rule|Sleep Clause Mod: Limit one foe put to sleep\n|rule|Species Clause: Limit one of each Pok\u00e9mon\n|rule|OHKO Clause: OHKO moves are banned\n|rule|Evasion Items Clause: Evasion items are banned\n|rule|Evasion Moves Clause: Evasion moves are banned\n|rule|Endless Battle Clause: Forcing endless battles is banned\n|rule|HP Percentage Mod: HP is shown in percentages\n|clearpoke\n|poke|p1|Arcanine-Hisui, M|\n|poke|p1|Zamazenta-*|\n|poke|p1|Ninetales, M|\n|poke|p1|Lilligant-Hisui, F|\n|poke|p1|Dragapult, M|\n|poke|p1|Toxapex, M|\n|poke|p2|Ribombee, M|\n|poke|p2|Ogerpon-Wellspring, F|\n|poke|p2|Great Tusk|\n|poke|p2|Zamazenta-*|\n|poke|p2|Iron Valiant|\n|poke|p2|Kingambit, F|\n|teampreview\n|inactive|Battle timer is ON: inactive players will automatically lose when time's up. (requested by Skaraptor2.1)\n|inactive|FortunesCrimson also wants the timer to be on.\n|\n|t:|1700560732\n|start\n|switch|p1a: Ninetales|Ninetales, M, shiny|100\/100\n|switch|p2a: Twink|Ribombee, M|100\/100\n|-weather|SunnyDay|[from] ability: Drought|[of] p1a: Ninetales\n|turn|1\n|\n|t:|1700560746\n|move|p2a: Twink|Sticky Web|p1a: Ninetales\n|-sidestart|p1: FortunesCrimson|move: Sticky Web\n|move|p1a: Ninetales|Fire Blast|p2a: Twink\n|-supereffective|p2a: Twink\n|-enditem|p2a: Twink|Focus Sash\n|-damage|p2a: Twink|1\/100\n|\n|-weather|SunnyDay|[upkeep]\n|upkeep\n|turn|2\n|\n|t:|1700560760\n|move|p2a: Twink|Stun Spore|p1a: Ninetales|[miss]\n|-miss|p2a: Twink|p1a: Ninetales\n|move|p1a: Ninetales|Fire Blast|p2a: Twink\n|-supereffective|p2a: Twink\n|-damage|p2a: Twink|0 fnt\n|faint|p2a: Twink\n|\n|-weather|SunnyDay|[upkeep]\n|upkeep\n|\n|t:|1700560768\n|switch|p2a: Transfem|Ogerpon-Wellspring, F|100\/100\n|turn|3\n|\n|t:|1700560778\n|move|p2a: Transfem|Knock Off|p1a: Ninetales\n|-damage|p1a: Ninetales|44\/100\n|-enditem|p1a: Ninetales|Heat Rock|[from] move: Knock Off|[of] p2a: Transfem\n|move|p1a: Ninetales|Memento|p2a: Transfem\n|-unboost|p2a: Transfem|atk|2\n|-unboost|p2a: Transfem|spa|2\n|faint|p1a: Ninetales\n|\n|-weather|SunnyDay|[upkeep]\n|upkeep\n|\n|t:|1700560788\n|switch|p1a: Lilligant|Lilligant-Hisui, F, shiny|100\/100\n|-activate|p1a: Lilligant|move: Sticky Web\n|-unboost|p1a: Lilligant|spe|1\n|turn|4\n|\n|t:|1700560792\n|move|p1a: Lilligant|Victory Dance|p1a: Lilligant\n|-boost|p1a: Lilligant|atk|1\n|-boost|p1a: Lilligant|def|1\n|-boost|p1a: Lilligant|spe|1\n|move|p2a: Transfem|Knock Off|p1a: Lilligant\n|-resisted|p1a: Lilligant\n|-damage|p1a: Lilligant|91\/100\n|-enditem|p1a: Lilligant|Leftovers|[from] move: Knock Off|[of] p2a: Transfem\n|\n|-weather|SunnyDay|[upkeep]\n|upkeep\n|turn|5\n|\n|t:|1700560796\n|switch|p2a: Bigender|Iron Valiant|100\/100\n|-enditem|p2a: Bigender|Booster Energy\n|-activate|p2a: Bigender|ability: Quark Drive|[fromitem]\n|-start|p2a: Bigender|quarkdrivespe\n|move|p1a: Lilligant|Solar Blade||[still]\n|-prepare|p1a: Lilligant|Solar Blade\n|-anim|p1a: Lilligant|Solar Blade|p2a: Bigender\n|-damage|p2a: Bigender|0 fnt\n|faint|p2a: Bigender\n|-end|p2a: Bigender|Quark Drive|[silent]\n|\n|-weather|SunnyDay|[upkeep]\n|upkeep\n|\n|t:|1700560800\n|switch|p2a: Defender of Trans|Zamazenta, shiny|100\/100\n|-ability|p2a: Defender of Trans|Dauntless Shield|boost\n|-boost|p2a: Defender of Trans|def|1\n|turn|6\n|\n|t:|1700560806\n|-terastallize|p2a: Defender of Trans|Fire\n|move|p1a: Lilligant|Solar Blade||[still]\n|-prepare|p1a: Lilligant|Solar Blade\n|-anim|p1a: Lilligant|Solar Blade|p2a: Defender of Trans\n|-resisted|p2a: Defender of Trans\n|-damage|p2a: Defender of Trans|81\/100\n|move|p2a: Defender of Trans|Iron Defense|p2a: Defender of Trans\n|-boost|p2a: Defender of Trans|def|2\n|\n|-weather|SunnyDay|[upkeep]\n|-heal|p2a: Defender of Trans|87\/100|[from] item: Leftovers\n|upkeep\n|turn|7\n|\n|t:|1700560812\n|move|p1a: Lilligant|Close Combat|p2a: Defender of Trans\n|-damage|p2a: Defender of Trans|66\/100\n|-unboost|p1a: Lilligant|def|1\n|-unboost|p1a: Lilligant|spd|1\n|move|p2a: Defender of Trans|Iron Defense|p2a: Defender of Trans\n|-boost|p2a: Defender of Trans|def|2\n|\n|-weather|SunnyDay|[upkeep]\n|-heal|p2a: Defender of Trans|72\/100|[from] item: Leftovers\n|upkeep\n|turn|8\n|\n|t:|1700560815\n|switch|p1a: Toxapex|Toxapex, M, shiny|100\/100\n|-activate|p1a: Toxapex|move: Sticky Web\n|-unboost|p1a: Toxapex|spe|1\n|move|p2a: Defender of Trans|Body Press|p1a: Toxapex\n|-resisted|p1a: Toxapex\n|-damage|p1a: Toxapex|52\/100\n|\n|-weather|none\n|-heal|p2a: Defender of Trans|78\/100|[from] item: Leftovers\n|upkeep\n|turn|9\n|\n|t:|1700560822\n|switch|p2a: Transfem|Ogerpon-Wellspring, F|100\/100\n|move|p1a: Toxapex|Surf|p2a: Transfem\n|-immune|p2a: Transfem|[from] ability: Water Absorb\n|\n|upkeep\n|turn|10\n|\n|t:|1700560826\n|move|p2a: Transfem|Knock Off|p1a: Toxapex\n|-damage|p1a: Toxapex|23\/100\n|-enditem|p1a: Toxapex|Assault Vest|[from] move: Knock Off|[of] p2a: Transfem\n|move|p1a: Toxapex|Infestation|p2a: Transfem\n|-supereffective|p2a: Transfem\n|-damage|p2a: Transfem|89\/100\n|-activate|p2a: Transfem|move: Infestation|[of] p1a: Toxapex\n|\n|-damage|p2a: Transfem|77\/100|[from] move: Infestation|[partiallytrapped]\n|upkeep\n|turn|11\n|\n|t:|1700560832\n|move|p2a: Transfem|Horn Leech|p1a: Toxapex\n|-damage|p1a: Toxapex|0 fnt\n|-heal|p2a: Transfem|88\/100|[from] drain|[of] p1a: Toxapex\n|faint|p1a: Toxapex\n|\n|-end|p2a: Transfem|Infestation|[partiallytrapped]|[silent]\n|upkeep\n|\n|t:|1700560838\n|switch|p1a: Zamazenta|Zamazenta, shiny|100\/100\n|-activate|p1a: Zamazenta|move: Sticky Web\n|-unboost|p1a: Zamazenta|spe|1\n|-ability|p1a: Zamazenta|Dauntless Shield|boost\n|-boost|p1a: Zamazenta|def|1\n|turn|12\n|\n|t:|1700560842\n|move|p2a: Transfem|Ivy Cudgel|p1a: Zamazenta|[anim] Ivy Cudgel Water\n|-crit|p1a: Zamazenta\n|-damage|p1a: Zamazenta|27\/100\n|move|p1a: Zamazenta|Iron Defense|p1a: Zamazenta\n|-boost|p1a: Zamazenta|def|2\n|\n|-heal|p1a: Zamazenta|33\/100|[from] item: Leftovers\n|upkeep\n|turn|13\n|\n|t:|1700560846\n|move|p2a: Transfem|Ivy Cudgel|p1a: Zamazenta|[anim] Ivy Cudgel Water\n|-damage|p1a: Zamazenta|15\/100\n|move|p1a: Zamazenta|Body Press|p2a: Transfem\n|-damage|p2a: Transfem|0 fnt\n|faint|p2a: Transfem\n|\n|-heal|p1a: Zamazenta|21\/100|[from] item: Leftovers\n|upkeep\n|\n|t:|1700560850\n|switch|p2a: Defender of Trans|Zamazenta, shiny, tera:Fire|78\/100\n|turn|14\n|\n|t:|1700560853\n|move|p2a: Defender of Trans|Iron Defense|p2a: Defender of Trans\n|-boost|p2a: Defender of Trans|def|2\n|move|p1a: Zamazenta|Body Press|p2a: Defender of Trans\n|-damage|p2a: Defender of Trans|54\/100\n|\n|-heal|p2a: Defender of Trans|60\/100|[from] item: Leftovers\n|-heal|p1a: Zamazenta|27\/100|[from] item: Leftovers\n|upkeep\n|turn|15\n|-message|FortunesCrimson forfeited.\n|\n|win|Skaraptor2.1\n|raw|FortunesCrimson's rating: 1143 &rarr; <strong>1125<\/strong><br \/>(-18 for losing)\n|raw|Skaraptor2.1's rating: 1239 &rarr; <strong>1257<\/strong><br \/>(+18 for winning)\n|l|\u2606FortunesCrimson\n","uploadtime":1700560862,"views":1,"p1id":"fortunescrimson","p2id":"skaraptor21","formatid":"gen9ou","rating":1125,"private":0,"password":""}