{"id":"gen9ou-1988547885","p1":"OkJuice100","p2":"Joshisama","format":"[Gen 9] OU","log":"|j|\u2606OkJuice100\n|j|\u2606Joshisama\n|t:|1699734780\n|gametype|singles\n|player|p1|OkJuice100|266|1282\n|player|p2|Joshisama|clerk|1160\n|teamsize|p1|6\n|teamsize|p2|6\n|gen|9\n|tier|[Gen 9] OU\n|rated|\n|rule|Sleep Clause Mod: Limit one foe put to sleep\n|rule|Species Clause: Limit one of each Pok\u00e9mon\n|rule|OHKO Clause: OHKO moves are banned\n|rule|Evasion Items Clause: Evasion items are banned\n|rule|Evasion Moves Clause: Evasion moves are banned\n|rule|Endless Battle Clause: Forcing endless battles is banned\n|rule|HP Percentage Mod: HP is shown in percentages\n|clearpoke\n|poke|p1|Cinderace, F|\n|poke|p1|Greninja-*, F|\n|poke|p1|Slowking-Galar, M|\n|poke|p1|Pelipper, M|\n|poke|p1|Barraskewda, F|\n|poke|p1|Rillaboom, M|\n|poke|p2|Slowking-Galar, M|\n|poke|p2|Meowscarada, F|\n|poke|p2|Typhlosion-Hisui, M|\n|poke|p2|Zapdos|\n|poke|p2|Iron Valiant|\n|poke|p2|Scizor, M|\n|teampreview\n|inactive|Battle timer is ON: inactive players will automatically lose when time's up. (requested by Joshisama)\n|\n|t:|1699734793\n|start\n|switch|p1a: Pelipper|Pelipper, M|100\/100\n|switch|p2a: Zapdos|Zapdos|100\/100\n|-weather|RainDance|[from] ability: Drizzle|[of] p1a: Pelipper\n|turn|1\n|\n|t:|1699734797\n|switch|p1a: Slowking|Slowking-Galar, M|100\/100\n|move|p2a: Zapdos|Volt Switch|p1a: Slowking\n|-damage|p1a: Slowking|78\/100\n|\n|t:|1699734814\n|switch|p2a: Meowscarada|Meowscarada, F|100\/100|[from] Volt Switch\n|\n|-weather|RainDance|[upkeep]\n|upkeep\n|turn|2\n|\n|t:|1699734837\n|switch|p1a: Rillaboom|Rillaboom, M|100\/100\n|-fieldstart|move: Grassy Terrain|[from] ability: Grassy Surge|[of] p1a: Rillaboom\n|move|p2a: Meowscarada|Knock Off|p1a: Rillaboom\n|-start|p2a: Meowscarada|typechange|Dark|[from] ability: Protean\n|-damage|p1a: Rillaboom|52\/100\n|-enditem|p1a: Rillaboom|Leftovers|[from] move: Knock Off|[of] p2a: Meowscarada\n|\n|-weather|RainDance|[upkeep]\n|-heal|p1a: Rillaboom|58\/100|[from] Grassy Terrain\n|upkeep\n|turn|3\n|\n|t:|1699734865\n|switch|p2a: Scizor|Scizor, M|100\/100\n|move|p1a: Rillaboom|Protect||[still]\n|-fail|p1a: Rillaboom\n|\n|-weather|RainDance|[upkeep]\n|-heal|p1a: Rillaboom|64\/100|[from] Grassy Terrain\n|upkeep\n|turn|4\n|\n|t:|1699734872\n|move|p1a: Rillaboom|Protect|p1a: Rillaboom\n|-singleturn|p1a: Rillaboom|Protect\n|move|p2a: Scizor|U-turn|p1a: Rillaboom\n|-activate|p1a: Rillaboom|move: Protect\n|\n|-weather|RainDance|[upkeep]\n|-heal|p1a: Rillaboom|70\/100|[from] Grassy Terrain\n|upkeep\n|turn|5\n|\n|t:|1699734879\n|switch|p1a: Cinderace|Cinderace, F|100\/100\n|move|p2a: Scizor|U-turn|p1a: Cinderace\n|-resisted|p1a: Cinderace\n|-damage|p1a: Cinderace|67\/100\n|inactive|Joshisama has 120 seconds left.\n|inactive|Joshisama has 90 seconds left.\n|\n|t:|1699734930\n|switch|p2a: Zapdos|Zapdos|100\/100|[from] U-turn\n|\n|-weather|RainDance|[upkeep]\n|-heal|p1a: Cinderace|73\/100|[from] Grassy Terrain\n|upkeep\n|turn|6\n|\n|t:|1699734939\n|move|p1a: Cinderace|Weather Ball|p2a: Zapdos\n|-start|p1a: Cinderace|typechange|Water|[from] ability: Libero\n|-damage|p2a: Zapdos|23\/100\n|move|p2a: Zapdos|Thunder Wave|p1a: Cinderace\n|-status|p1a: Cinderace|par\n|\n|-weather|RainDance|[upkeep]\n|-heal|p2a: Zapdos|29\/100|[from] item: Leftovers\n|-heal|p1a: Cinderace|79\/100 par|[from] Grassy Terrain\n|-fieldend|move: Grassy Terrain\n|upkeep\n|turn|7\n|\n|t:|1699734950\n|switch|p1a: Slowking|Slowking-Galar, M|100\/100\n|move|p2a: Zapdos|Volt Switch|p1a: Slowking\n|-damage|p1a: Slowking|81\/100\n|\n|t:|1699734959\n|switch|p2a: Meowscarada|Meowscarada, F|100\/100|[from] Volt Switch\n|\n|-weather|RainDance|[upkeep]\n|upkeep\n|turn|8\n|\n|t:|1699734965\n|switch|p1a: Rillaboom|Rillaboom, M|70\/100\n|-fieldstart|move: Grassy Terrain|[from] ability: Grassy Surge|[of] p1a: Rillaboom\n|move|p2a: Meowscarada|Knock Off|p1a: Rillaboom\n|-start|p2a: Meowscarada|typechange|Dark|[from] ability: Protean\n|-damage|p1a: Rillaboom|32\/100\n|\n|-weather|none\n|-heal|p1a: Rillaboom|38\/100|[from] Grassy Terrain\n|upkeep\n|turn|9\n|\n|t:|1699734976\n|switch|p2a: Scizor|Scizor, M|100\/100\n|move|p1a: Rillaboom|Drain Punch|p2a: Scizor\n|-damage|p2a: Scizor|77\/100\n|-heal|p1a: Rillaboom|49\/100|[from] drain|[of] p2a: Scizor\n|\n|-heal|p1a: Rillaboom|55\/100|[from] Grassy Terrain\n|-heal|p2a: Scizor|83\/100|[from] Grassy Terrain\n|upkeep\n|turn|10\n|inactive|Joshisama has 120 seconds left.\n|\n|t:|1699734981\n|move|p1a: Rillaboom|Protect|p1a: Rillaboom\n|-singleturn|p1a: Rillaboom|Protect\n|move|p2a: Scizor|U-turn|p1a: Rillaboom\n|-activate|p1a: Rillaboom|move: Protect\n|\n|-heal|p1a: Rillaboom|61\/100|[from] Grassy Terrain\n|-heal|p2a: Scizor|89\/100|[from] Grassy Terrain\n|upkeep\n|turn|11\n|\n|t:|1699734986\n|switch|p1a: Cinderace|Cinderace, F|79\/100 par\n|move|p2a: Scizor|U-turn|p1a: Cinderace\n|-resisted|p1a: Cinderace\n|-damage|p1a: Cinderace|47\/100 par\n|inactive|Joshisama has 120 seconds left.\n|\n|t:|1699735002\n|switch|p2a: Meowscarada|Meowscarada, F|100\/100|[from] U-turn\n|\n|-heal|p1a: Cinderace|52\/100 par|[from] Grassy Terrain\n|upkeep\n|turn|12\n|\n|t:|1699735005\n|move|p2a: Meowscarada|Knock Off|p1a: Cinderace\n|-start|p2a: Meowscarada|typechange|Dark|[from] ability: Protean\n|-damage|p1a: Cinderace|0 fnt\n|-enditem|p1a: Cinderace|Choice Specs|[from] move: Knock Off|[of] p2a: Meowscarada\n|faint|p1a: Cinderace\n|\n|-fieldend|move: Grassy Terrain\n|upkeep\n|\n|t:|1699735011\n|switch|p1a: Rillaboom|Rillaboom, M|61\/100\n|-fieldstart|move: Grassy Terrain|[from] ability: Grassy Surge|[of] p1a: Rillaboom\n|turn|13\n|\n|t:|1699735016\n|switch|p2a: Scizor|Scizor, M|89\/100\n|move|p1a: Rillaboom|Drain Punch|p2a: Scizor\n|-damage|p2a: Scizor|64\/100\n|-heal|p1a: Rillaboom|72\/100|[from] drain|[of] p2a: Scizor\n|\n|-heal|p1a: Rillaboom|78\/100|[from] Grassy Terrain\n|-heal|p2a: Scizor|70\/100|[from] Grassy Terrain\n|upkeep\n|turn|14\n|\n|t:|1699735025\n|move|p1a: Rillaboom|Protect|p1a: Rillaboom\n|-singleturn|p1a: Rillaboom|Protect\n|move|p2a: Scizor|U-turn|p1a: Rillaboom\n|-activate|p1a: Rillaboom|move: Protect\n|\n|-heal|p1a: Rillaboom|84\/100|[from] Grassy Terrain\n|-heal|p2a: Scizor|76\/100|[from] Grassy Terrain\n|upkeep\n|turn|15\n|\n|t:|1699735031\n|switch|p1a: Pelipper|Pelipper, M|100\/100\n|-weather|RainDance|[from] ability: Drizzle|[of] p1a: Pelipper\n|move|p2a: Scizor|U-turn|p1a: Pelipper\n|-resisted|p1a: Pelipper\n|-damage|p1a: Pelipper|84\/100\n|\n|t:|1699735035\n|switch|p2a: Zapdos|Zapdos|29\/100|[from] U-turn\n|\n|-weather|RainDance|[upkeep]\n|-heal|p2a: Zapdos|35\/100|[from] item: Leftovers\n|upkeep\n|turn|16\n|\n|t:|1699735046\n|switch|p1a: Slowking|Slowking-Galar, M|100\/100\n|move|p2a: Zapdos|Thunder Wave|p1a: Slowking\n|-status|p1a: Slowking|par\n|\n|-weather|RainDance|[upkeep]\n|-heal|p2a: Zapdos|42\/100|[from] item: Leftovers\n|upkeep\n|turn|17\n|\n|t:|1699735052\n|move|p2a: Zapdos|Volt Switch|p1a: Slowking\n|-damage|p1a: Slowking|79\/100 par\n|\n|t:|1699735056\n|switch|p2a: Meowscarada|Meowscarada, F|100\/100|[from] Volt Switch\n|move|p1a: Slowking|Focus Blast|p2a: Meowscarada|[miss]\n|-miss|p1a: Slowking|p2a: Meowscarada\n|\n|-weather|RainDance|[upkeep]\n|-heal|p1a: Slowking|85\/100 par|[from] Grassy Terrain\n|-fieldend|move: Grassy Terrain\n|upkeep\n|turn|18\n|\n|t:|1699735062\n|switch|p1a: Rillaboom|Rillaboom, M|84\/100\n|-fieldstart|move: Grassy Terrain|[from] ability: Grassy Surge|[of] p1a: Rillaboom\n|move|p2a: Meowscarada|U-turn|p1a: Rillaboom\n|-start|p2a: Meowscarada|typechange|Bug|[from] ability: Protean\n|-supereffective|p1a: Rillaboom\n|-damage|p1a: Rillaboom|5\/100\n|\n|t:|1699735066\n|switch|p2a: Zapdos|Zapdos|42\/100|[from] U-turn\n|\n|-weather|RainDance|[upkeep]\n|-heal|p2a: Zapdos|48\/100|[from] item: Leftovers\n|-heal|p1a: Rillaboom|11\/100|[from] Grassy Terrain\n|upkeep\n|turn|19\n|\n|t:|1699735075\n|move|p1a: Rillaboom|Protect|p1a: Rillaboom\n|-singleturn|p1a: Rillaboom|Protect\n|move|p2a: Zapdos|Volt Switch|p1a: Rillaboom\n|-activate|p1a: Rillaboom|move: Protect\n|\n|-weather|RainDance|[upkeep]\n|-heal|p2a: Zapdos|54\/100|[from] item: Leftovers\n|-heal|p1a: Rillaboom|17\/100|[from] Grassy Terrain\n|upkeep\n|turn|20\n|\n|t:|1699735079\n|switch|p1a: Slowking|Slowking-Galar, M|100\/100 par\n|move|p2a: Zapdos|Volt Switch|p1a: Slowking\n|-damage|p1a: Slowking|79\/100 par\n|\n|t:|1699735084\n|switch|p2a: Meowscarada|Meowscarada, F|100\/100|[from] Volt Switch\n|\n|-weather|RainDance|[upkeep]\n|-heal|p1a: Slowking|85\/100 par|[from] Grassy Terrain\n|upkeep\n|turn|21\n|\n|t:|1699735090\n|-terastallize|p1a: Slowking|Dark\n|move|p2a: Meowscarada|Knock Off|p1a: Slowking\n|-start|p2a: Meowscarada|typechange|Dark|[from] ability: Protean\n|-resisted|p1a: Slowking\n|-damage|p1a: Slowking|47\/100 par\n|-enditem|p1a: Slowking|Assault Vest|[from] move: Knock Off|[of] p2a: Meowscarada\n|cant|p1a: Slowking|par\n|\n|-weather|RainDance|[upkeep]\n|-heal|p1a: Slowking|53\/100 par|[from] Grassy Terrain\n|upkeep\n|turn|22\n|\n|t:|1699735106\n|switch|p2a: Scizor|Scizor, M|76\/100\n|cant|p1a: Slowking|par\n|\n|-weather|none\n|-heal|p2a: Scizor|82\/100|[from] Grassy Terrain\n|-heal|p1a: Slowking|59\/100 par|[from] Grassy Terrain\n|-fieldend|move: Grassy Terrain\n|upkeep\n|turn|23\n|\n|t:|1699735113\n|switch|p1a: Pelipper|Pelipper, M|84\/100\n|-weather|RainDance|[from] ability: Drizzle|[of] p1a: Pelipper\n|move|p2a: Scizor|U-turn|p1a: Pelipper\n|-resisted|p1a: Pelipper\n|-damage|p1a: Pelipper|67\/100\n|\n|t:|1699735120\n|switch|p2a: Zapdos|Zapdos|54\/100|[from] U-turn\n|\n|-weather|RainDance|[upkeep]\n|-heal|p2a: Zapdos|60\/100|[from] item: Leftovers\n|upkeep\n|turn|24\n|\n|t:|1699735137\n|switch|p1a: Rillaboom|Rillaboom, M|17\/100\n|-fieldstart|move: Grassy Terrain|[from] ability: Grassy Surge|[of] p1a: Rillaboom\n|move|p2a: Zapdos|Volt Switch|p1a: Rillaboom\n|-resisted|p1a: Rillaboom\n|-damage|p1a: Rillaboom|0 fnt\n|faint|p1a: Rillaboom\n|inactive|Joshisama has 120 seconds left.\n|inactive|Joshisama has 90 seconds left.\n|inactive|Joshisama has 60 seconds left.\n|inactive|Joshisama has 30 seconds left.\n|\n|t:|1699735249\n|switch|p2a: Meowscarada|Meowscarada, F|100\/100|[from] Volt Switch\n|\n|-weather|RainDance|[upkeep]\n|upkeep\n|\n|t:|1699735255\n|switch|p1a: Greninja|Greninja, F|100\/100\n|turn|25\n|\n|t:|1699735261\n|move|p1a: Greninja|Ice Beam|p2a: Meowscarada\n|-start|p1a: Greninja|typechange|Ice|[from] ability: Protean\n|-supereffective|p2a: Meowscarada\n|-damage|p2a: Meowscarada|0 fnt\n|faint|p2a: Meowscarada\n|\n|-weather|RainDance|[upkeep]\n|upkeep\n|inactive|Joshisama has 30 seconds left.\n|inactive|Joshisama has 20 seconds left.\n|inactive|Joshisama has 15 seconds left.\n|inactive|Joshisama has 10 seconds left.\n|\n|t:|1699735300\n|switch|p2a: Typhlosion|Typhlosion-Hisui, M|100\/100\n|turn|26\n|inactive|Joshisama has 20 seconds left this turn.\n|inactive|Joshisama has 15 seconds left.\n|\n|t:|1699735305\n|switch|p1a: Slowking|Slowking-Galar, M, tera:Dark|93\/100 par\n|move|p2a: Typhlosion|Fire Blast|p1a: Slowking\n|-damage|p1a: Slowking|73\/100 par\n|\n|-weather|RainDance|[upkeep]\n|-heal|p1a: Slowking|79\/100 par|[from] Grassy Terrain\n|upkeep\n|turn|27\n|inactive|Joshisama has 25 seconds left this turn.\n|inactive|Joshisama has 20 seconds left.\n|inactive|Joshisama has 15 seconds left.\n|\n|t:|1699735317\n|switch|p2a: Scizor|Scizor, M|82\/100\n|move|p1a: Slowking|Focus Blast|p2a: Scizor\n|-damage|p2a: Scizor|31\/100\n|\n|-weather|RainDance|[upkeep]\n|-heal|p2a: Scizor|37\/100|[from] Grassy Terrain\n|-heal|p1a: Slowking|86\/100 par|[from] Grassy Terrain\n|upkeep\n|turn|28\n|inactive|Joshisama has 25 seconds left this turn.\n|\n|t:|1699735324\n|move|p2a: Scizor|U-turn|p1a: Slowking\n|-supereffective|p1a: Slowking\n|-damage|p1a: Slowking|0 fnt\n|faint|p1a: Slowking\n|inactive|Joshisama has 30 seconds left this turn.\n|inactive|Joshisama has 20 seconds left.\n|\n|t:|1699735336\n|switch|p2a: Slowking|Slowking-Galar, M|100\/100|[from] U-turn\n|\n|-weather|RainDance|[upkeep]\n|-fieldend|move: Grassy Terrain\n|upkeep\n|inactive|Joshisama has 25 seconds left this turn.\n|\n|t:|1699735339\n|switch|p1a: Barraskewda|Barraskewda, F|100\/100\n|turn|29\n|inactive|Joshisama has 30 seconds left.\n|\n|t:|1699735349\n|move|p1a: Barraskewda|Flip Turn|p2a: Slowking\n|-damage|p2a: Slowking|21\/100\n|\n|t:|1699735354\n|switch|p1a: Greninja|Greninja, F|100\/100|[from] Flip Turn\n|move|p2a: Slowking|Sludge Bomb|p1a: Greninja\n|-damage|p1a: Greninja|30\/100\n|-status|p1a: Greninja|psn\n|\n|-weather|RainDance|[upkeep]\n|-heal|p2a: Slowking|28\/100|[from] item: Black Sludge\n|-damage|p1a: Greninja|17\/100 psn|[from] psn\n|upkeep\n|turn|30\n|\n|t:|1699735361\n|move|p1a: Greninja|Surf|p2a: Slowking\n|-start|p1a: Greninja|typechange|Water|[from] ability: Protean\n|-damage|p2a: Slowking|0 fnt\n|faint|p2a: Slowking\n|\n|-weather|none\n|-damage|p1a: Greninja|5\/100 psn|[from] psn\n|upkeep\n|inactive|Joshisama has 30 seconds left.\n|inactive|Joshisama has 20 seconds left.\n|\n|t:|1699735389\n|switch|p2a: Iron Valiant|Iron Valiant|100\/100\n|-enditem|p2a: Iron Valiant|Booster Energy\n|-activate|p2a: Iron Valiant|ability: Quark Drive|[fromitem]\n|-start|p2a: Iron Valiant|quarkdrivespe\n|turn|31\n|inactive|Joshisama has 30 seconds left this turn.\n|\n|t:|1699735396\n|move|p1a: Greninja|Surf|p2a: Iron Valiant\n|-damage|p2a: Iron Valiant|31\/100\n|move|p2a: Iron Valiant|Spirit Break|p1a: Greninja\n|-damage|p1a: Greninja|0 fnt\n|faint|p1a: Greninja\n|\n|upkeep\n|inactive|Joshisama has 30 seconds left this turn.\n|\n|t:|1699735399\n|switch|p1a: Pelipper|Pelipper, M|67\/100\n|-weather|RainDance|[from] ability: Drizzle|[of] p1a: Pelipper\n|turn|32\n|\n|t:|1699735408\n|move|p2a: Iron Valiant|Spirit Break|p1a: Pelipper\n|-damage|p1a: Pelipper|34\/100\n|-unboost|p1a: Pelipper|spa|1\n|move|p1a: Pelipper|U-turn|p2a: Iron Valiant\n|-resisted|p2a: Iron Valiant\n|-damage|p2a: Iron Valiant|28\/100\n|\n|t:|1699735411\n|switch|p1a: Barraskewda|Barraskewda, F|100\/100|[from] U-turn\n|\n|-weather|RainDance|[upkeep]\n|upkeep\n|turn|33\n|\n|t:|1699735416\n|move|p1a: Barraskewda|Liquidation|p2a: Iron Valiant\n|-damage|p2a: Iron Valiant|0 fnt\n|faint|p2a: Iron Valiant\n|-end|p2a: Iron Valiant|Quark Drive|[silent]\n|\n|-weather|RainDance|[upkeep]\n|upkeep\n|\n|t:|1699735422\n|switch|p2a: Zapdos|Zapdos|60\/100\n|turn|34\n|\n|t:|1699735429\n|move|p1a: Barraskewda|Liquidation|p2a: Zapdos\n|-damage|p2a: Zapdos|0 fnt\n|faint|p2a: Zapdos\n|\n|-weather|RainDance|[upkeep]\n|upkeep\n|\n|t:|1699735434\n|switch|p2a: Typhlosion|Typhlosion-Hisui, M|100\/100\n|turn|35\n|\n|t:|1699735442\n|move|p1a: Barraskewda|Liquidation|p2a: Typhlosion\n|-supereffective|p2a: Typhlosion\n|-enditem|p2a: Typhlosion|Focus Sash\n|-damage|p2a: Typhlosion|1\/100\n|move|p2a: Typhlosion|Will-O-Wisp|p1a: Barraskewda\n|-status|p1a: Barraskewda|brn\n|\n|-weather|RainDance|[upkeep]\n|-damage|p1a: Barraskewda|94\/100 brn|[from] brn\n|upkeep\n|turn|36\n|\n|t:|1699735447\n|move|p1a: Barraskewda|Liquidation|p2a: Typhlosion\n|-supereffective|p2a: Typhlosion\n|-damage|p2a: Typhlosion|0 fnt\n|faint|p2a: Typhlosion\n|\n|-weather|RainDance|[upkeep]\n|-damage|p1a: Barraskewda|88\/100 brn|[from] brn\n|upkeep\n|\n|t:|1699735449\n|switch|p2a: Scizor|Scizor, M|37\/100\n|turn|37\n|\n|t:|1699735455\n|-terastallize|p2a: Scizor|Flying\n|move|p1a: Barraskewda|Liquidation|p2a: Scizor\n|-damage|p2a: Scizor|0 fnt\n|faint|p2a: Scizor\n|\n|win|OkJuice100\n|raw|OkJuice100's rating: 1282 &rarr; <strong>1299<\/strong><br \/>(+17 for winning)\n|raw|Joshisama's rating: 1160 &rarr; <strong>1143<\/strong><br \/>(-17 for losing)\n|c|\u2606OkJuice100|gg\n|l|\u2606Joshisama\n","uploadtime":1699735463,"views":46,"p1id":"okjuice100","p2id":"joshisama","formatid":"gen9ou","rating":1143,"private":0,"password":""}