{"id":"gen9ou-1989355557","p1":"new to ou49","p2":"GigglestheGengar","format":"[Gen 9] OU","log":"|j|\u2606new to ou49\n|j|\u2606GigglestheGengar\n|t:|1699840056\n|gametype|singles\n|player|p1|new to ou49|170|1326\n|player|p2|GigglestheGengar|eusine|1246\n|teamsize|p1|6\n|teamsize|p2|6\n|gen|9\n|tier|[Gen 9] OU\n|rated|\n|rule|Sleep Clause Mod: Limit one foe put to sleep\n|rule|Species Clause: Limit one of each Pok\u00e9mon\n|rule|OHKO Clause: OHKO moves are banned\n|rule|Evasion Items Clause: Evasion items are banned\n|rule|Evasion Moves Clause: Evasion moves are banned\n|rule|Endless Battle Clause: Forcing endless battles is banned\n|rule|HP Percentage Mod: HP is shown in percentages\n|clearpoke\n|poke|p1|Iron Valiant|\n|poke|p1|Heatran, M|\n|poke|p1|Rillaboom, F|\n|poke|p1|Ribombee, F|\n|poke|p1|Gholdengo|\n|poke|p1|Great Tusk|\n|poke|p2|Rillaboom, F|\n|poke|p2|Garganacl, F|\n|poke|p2|Great Tusk|\n|poke|p2|Heatran, F|\n|poke|p2|Zapdos|\n|poke|p2|Walking Wake|\n|teampreview\n|inactive|Battle timer is ON: inactive players will automatically lose when time's up. (requested by new to ou49)\n|\n|t:|1699840082\n|start\n|switch|p1a: UUBL|Heatran, M|100\/100\n|switch|p2a: Carpet Burn|Heatran, F|100\/100\n|-item|p1a: UUBL|Air Balloon\n|turn|1\n|\n|t:|1699840094\n|switch|p2a: Pony Boy|Walking Wake|100\/100\n|move|p1a: UUBL|Earth Power|p2a: Pony Boy\n|-damage|p2a: Pony Boy|60\/100\n|\n|upkeep\n|turn|2\n|\n|t:|1699840113\n|switch|p1a: Dishonesty|Rillaboom, F, shiny|100\/100\n|-fieldstart|move: Grassy Terrain|[from] ability: Grassy Surge|[of] p1a: Dishonesty\n|move|p2a: Pony Boy|Flip Turn|p1a: Dishonesty\n|-resisted|p1a: Dishonesty\n|-damage|p1a: Dishonesty|93\/100\n|\n|t:|1699840129\n|-end|p2a: Pony Boy|Protosynthesis|[silent]\n|switch|p2a: Carpet Burn|Heatran, F|100\/100|[from] Flip Turn\n|\n|-heal|p1a: Dishonesty|99\/100|[from] Grassy Terrain\n|upkeep\n|turn|3\n|\n|t:|1699840136\n|move|p1a: Dishonesty|U-turn|p2a: Carpet Burn\n|-resisted|p2a: Carpet Burn\n|-damage|p2a: Carpet Burn|93\/100\n|\n|t:|1699840138\n|switch|p1a: UUBL|Heatran, M|100\/100|[from] U-turn\n|-item|p1a: UUBL|Air Balloon\n|move|p2a: Carpet Burn|Magma Storm|p1a: UUBL\n|-start|p1a: UUBL|ability: Flash Fire\n|\n|-heal|p2a: Carpet Burn|99\/100|[from] Grassy Terrain\n|-heal|p2a: Carpet Burn|100\/100|[from] item: Leftovers\n|upkeep\n|turn|4\n|\n|t:|1699840158\n|switch|p2a: Deal wit It|Zapdos|100\/100\n|move|p1a: UUBL|Stealth Rock|p2a: Deal wit It\n|-sidestart|p2: GigglestheGengar|move: Stealth Rock\n|\n|upkeep\n|turn|5\n|\n|t:|1699840164\n|-end|p1a: UUBL|ability: Flash Fire|[silent]\n|switch|p1a: Cheese String|Gholdengo|100\/100\n|move|p2a: Deal wit It|Volt Switch|p1a: Cheese String\n|-damage|p1a: Cheese String|69\/100\n|\n|t:|1699840183\n|switch|p2a: Carpet Burn|Heatran, F|100\/100|[from] Volt Switch\n|-damage|p2a: Carpet Burn|88\/100|[from] Stealth Rock\n|\n|-heal|p1a: Cheese String|75\/100|[from] Grassy Terrain\n|-heal|p2a: Carpet Burn|94\/100|[from] Grassy Terrain\n|-heal|p2a: Carpet Burn|100\/100|[from] item: Leftovers\n|upkeep\n|turn|6\n|\n|t:|1699840191\n|switch|p1a: UUBL|Heatran, M|100\/100\n|-item|p1a: UUBL|Air Balloon\n|move|p2a: Carpet Burn|Stealth Rock|p1a: UUBL\n|-sidestart|p1: new to ou49|move: Stealth Rock\n|\n|-fieldend|move: Grassy Terrain\n|upkeep\n|turn|7\n|\n|t:|1699840199\n|switch|p2a: Pony Boy|Walking Wake|60\/100\n|move|p1a: UUBL|Magma Storm|p2a: Pony Boy\n|-resisted|p2a: Pony Boy\n|-damage|p2a: Pony Boy|45\/100\n|-activate|p2a: Pony Boy|move: Magma Storm|[of] p1a: UUBL\n|\n|-damage|p2a: Pony Boy|33\/100|[from] move: Magma Storm|[partiallytrapped]\n|upkeep\n|turn|8\n|\n|t:|1699840215\n|switch|p1a: Dishonesty|Rillaboom, F, shiny|99\/100\n|-damage|p1a: Dishonesty|86\/100|[from] Stealth Rock\n|-fieldstart|move: Grassy Terrain|[from] ability: Grassy Surge|[of] p1a: Dishonesty\n|move|p2a: Pony Boy|Scald|p1a: Dishonesty\n|-resisted|p1a: Dishonesty\n|-damage|p1a: Dishonesty|62\/100\n|\n|-heal|p2a: Pony Boy|39\/100|[from] Grassy Terrain\n|-heal|p1a: Dishonesty|68\/100|[from] Grassy Terrain\n|-end|p2a: Pony Boy|Magma Storm|[partiallytrapped]|[silent]\n|upkeep\n|turn|9\n|\n|t:|1699840237\n|-end|p2a: Pony Boy|Protosynthesis|[silent]\n|switch|p2a: Baby Sitter|Rillaboom, F, shiny|100\/100\n|-damage|p2a: Baby Sitter|88\/100|[from] Stealth Rock\n|move|p1a: Dishonesty|U-turn|p2a: Baby Sitter\n|-supereffective|p2a: Baby Sitter\n|-damage|p2a: Baby Sitter|7\/100\n|\n|t:|1699840242\n|switch|p1a: Tuskuthy|Great Tusk, shiny|100\/100|[from] U-turn\n|\n|-heal|p2a: Baby Sitter|13\/100|[from] Grassy Terrain\n|upkeep\n|turn|10\n|\n|t:|1699840250\n|move|p2a: Baby Sitter|Grassy Glide|p1a: Tuskuthy\n|-supereffective|p1a: Tuskuthy\n|-damage|p1a: Tuskuthy|30\/100\n|move|p1a: Tuskuthy|Rapid Spin|p2a: Baby Sitter\n|-damage|p2a: Baby Sitter|0 fnt\n|-boost|p1a: Tuskuthy|spe|1\n|-sideend|p1: new to ou49|Stealth Rock|[from] move: Rapid Spin|[of] p1a: Tuskuthy\n|faint|p2a: Baby Sitter\n|\n|-heal|p1a: Tuskuthy|36\/100|[from] Grassy Terrain\n|upkeep\n|inactive|GigglestheGengar has 120 seconds left.\n|inactive|GigglestheGengar has 90 seconds left.\n|\n|t:|1699840330\n|switch|p2a: Pony Boy|Walking Wake|39\/100\n|turn|11\n|\n|t:|1699840344\n|-end|p1a: Tuskuthy|Protosynthesis|[silent]\n|switch|p1a: Dishonesty|Rillaboom, F, shiny|68\/100\n|move|p2a: Pony Boy|Scald|p1a: Dishonesty\n|-resisted|p1a: Dishonesty\n|-damage|p1a: Dishonesty|44\/100\n|\n|-heal|p2a: Pony Boy|45\/100|[from] Grassy Terrain\n|-heal|p1a: Dishonesty|50\/100|[from] Grassy Terrain\n|upkeep\n|turn|12\n|inactive|GigglestheGengar has 60 seconds left.\n|\n|t:|1699840389\n|move|p2a: Pony Boy|Draco Meteor|p1a: Dishonesty\n|-damage|p1a: Dishonesty|0 fnt\n|-unboost|p2a: Pony Boy|spa|2\n|faint|p1a: Dishonesty\n|\n|-heal|p2a: Pony Boy|51\/100|[from] Grassy Terrain\n|-fieldend|move: Grassy Terrain\n|upkeep\n|\n|t:|1699840394\n|switch|p1a: they\/them|Iron Valiant, shiny|100\/100\n|-enditem|p1a: they\/them|Booster Energy\n|-activate|p1a: they\/them|ability: Quark Drive|[fromitem]\n|-start|p1a: they\/them|quarkdrivespe\n|turn|13\n|inactive|GigglestheGengar has 30 seconds left.\n|\n|t:|1699840420\n|-end|p2a: Pony Boy|Protosynthesis|[silent]\n|switch|p2a: Deal wit It|Zapdos|100\/100\n|move|p1a: they\/them|Calm Mind|p1a: they\/them\n|-boost|p1a: they\/them|spa|1\n|-boost|p1a: they\/them|spd|1\n|\n|upkeep\n|turn|14\n|\n|t:|1699840434\n|-terastallize|p1a: they\/them|Poison\n|move|p1a: they\/them|Calm Mind|p1a: they\/them\n|-boost|p1a: they\/them|spa|1\n|-boost|p1a: they\/them|spd|1\n|move|p2a: Deal wit It|Thunder Wave|p1a: they\/them|[miss]\n|-miss|p2a: Deal wit It|p1a: they\/them\n|\n|upkeep\n|turn|15\n|\n|t:|1699840442\n|move|p1a: they\/them|Moonblast|p2a: Deal wit It\n|-damage|p2a: Deal wit It|4\/100\n|-unboost|p2a: Deal wit It|spa|1\n|move|p2a: Deal wit It|Thunder Wave|p1a: they\/them\n|-status|p1a: they\/them|par\n|\n|upkeep\n|turn|16\n|\n|t:|1699840451\n|move|p2a: Deal wit It|Volt Switch|p1a: they\/them\n|-damage|p1a: they\/them|84\/100 par\n|\n|t:|1699840459\n|switch|p2a: Carpet Burn|Heatran, F|100\/100|[from] Volt Switch\n|-damage|p2a: Carpet Burn|88\/100|[from] Stealth Rock\n|move|p1a: they\/them|Moonblast|p2a: Carpet Burn\n|-resisted|p2a: Carpet Burn\n|-crit|p2a: Carpet Burn\n|-damage|p2a: Carpet Burn|67\/100\n|\n|-heal|p2a: Carpet Burn|73\/100|[from] item: Leftovers\n|upkeep\n|turn|17\n|\n|t:|1699840484\n|switch|p2a: Pony Boy|Walking Wake|51\/100\n|move|p1a: they\/them|Aura Sphere|p2a: Pony Boy\n|-damage|p2a: Pony Boy|0 fnt\n|faint|p2a: Pony Boy\n|-end|p2a: Pony Boy|Protosynthesis|[silent]\n|\n|upkeep\n|\n|t:|1699840493\n|switch|p2a: Carpet Burn|Heatran, F|73\/100\n|-damage|p2a: Carpet Burn|61\/100|[from] Stealth Rock\n|turn|18\n|\n|t:|1699840498\n|cant|p1a: they\/them|par\n|move|p2a: Carpet Burn|Earth Power|p1a: they\/them\n|-supereffective|p1a: they\/them\n|-damage|p1a: they\/them|38\/100 par\n|\n|-heal|p2a: Carpet Burn|67\/100|[from] item: Leftovers\n|upkeep\n|turn|19\n|\n|t:|1699840514\n|switch|p2a: Deal wit It|Zapdos|4\/100\n|move|p1a: they\/them|Aura Sphere|p2a: Deal wit It\n|-resisted|p2a: Deal wit It\n|-damage|p2a: Deal wit It|0 fnt\n|faint|p2a: Deal wit It\n|\n|upkeep\n|\n|t:|1699840522\n|switch|p2a: Goin Baby|Garganacl, F|100\/100\n|-damage|p2a: Goin Baby|88\/100|[from] Stealth Rock\n|turn|20\n|\n|t:|1699840532\n|-terastallize|p2a: Goin Baby|Fairy\n|move|p1a: they\/them|Moonblast|p2a: Goin Baby\n|-damage|p2a: Goin Baby|31\/100\n|move|p2a: Goin Baby|Iron Defense|p2a: Goin Baby\n|-boost|p2a: Goin Baby|def|2\n|\n|-heal|p2a: Goin Baby|38\/100|[from] item: Leftovers\n|upkeep\n|turn|21\n|\n|t:|1699840541\n|move|p1a: they\/them|Moonblast|p2a: Goin Baby\n|-damage|p2a: Goin Baby|0 fnt\n|faint|p2a: Goin Baby\n|\n|upkeep\n|-message|GigglestheGengar forfeited.\n|\n|win|new to ou49\n|raw|new to ou49's rating: 1326 &rarr; <strong>1341<\/strong><br \/>(+15 for winning)\n|raw|GigglestheGengar's rating: 1246 &rarr; <strong>1227<\/strong><br \/>(-19 for losing)\n|l|\u2606GigglestheGengar\n","uploadtime":1699840643,"views":6,"p1id":"newtoou49","p2id":"gigglesthegengar","formatid":"gen9ou","rating":1227,"private":0,"password":""}