{"id":"gen9ou-1994587597","p1":"pastagirl","p2":"khote","format":"[Gen 9] OU","log":"|j|\u2606pastagirl\n|j|\u2606khote\n|t:|1700464904\n|gametype|singles\n|player|p1|pastagirl|elesa|1581\n|player|p2|khote|burglar|1575\n|teamsize|p1|6\n|teamsize|p2|6\n|gen|9\n|tier|[Gen 9] OU\n|rated|\n|rule|Sleep Clause Mod: Limit one foe put to sleep\n|rule|Species Clause: Limit one of each Pok\u00e9mon\n|rule|OHKO Clause: OHKO moves are banned\n|rule|Evasion Items Clause: Evasion items are banned\n|rule|Evasion Moves Clause: Evasion moves are banned\n|rule|Endless Battle Clause: Forcing endless battles is banned\n|rule|HP Percentage Mod: HP is shown in percentages\n|clearpoke\n|poke|p1|Pelipper, F|\n|poke|p1|Barraskewda, F|\n|poke|p1|Quaquaval, M|\n|poke|p1|Manaphy|\n|poke|p1|Sandy Shocks|\n|poke|p1|Kingambit, F|\n|poke|p2|Great Tusk|\n|poke|p2|Ogerpon-Wellspring, F|\n|poke|p2|Iron Moth|\n|poke|p2|Dragonite, F|\n|poke|p2|Slowking-Galar, F|\n|poke|p2|Zamazenta-*|\n|teampreview\n|inactive|Battle timer is ON: inactive players will automatically lose when time's up. (requested by pastagirl)\n|\n|t:|1700464945\n|start\n|switch|p1a: EL PELIGRO|Pelipper, F, shiny|100\/100\n|switch|p2a: Slowking|Slowking-Galar, F|100\/100\n|-weather|RainDance|[from] ability: Drizzle|[of] p1a: EL PELIGRO\n|turn|1\n|\n|t:|1700464955\n|switch|p1a: Sandy Shocks|Sandy Shocks|100\/100\n|-enditem|p1a: Sandy Shocks|Booster Energy\n|-activate|p1a: Sandy Shocks|ability: Protosynthesis|[fromitem]\n|-start|p1a: Sandy Shocks|protosynthesisspe\n|move|p2a: Slowking|Chilly Reception|p2a: Slowking\n|-weather|Snow\n|\n|t:|1700464964\n|switch|p2a: Great Tusk|Great Tusk|100\/100|[from] Chilly Reception\n|\n|-weather|Snow|[upkeep]\n|upkeep\n|turn|2\n|\n|t:|1700464968\n|-end|p1a: Sandy Shocks|Protosynthesis|[silent]\n|switch|p1a: EL PELIGRO|Pelipper, F, shiny|100\/100\n|-weather|RainDance|[from] ability: Drizzle|[of] p1a: EL PELIGRO\n|move|p2a: Great Tusk|Headlong Rush|p1a: EL PELIGRO\n|-immune|p1a: EL PELIGRO\n|\n|-weather|RainDance|[upkeep]\n|upkeep\n|turn|3\n|\n|t:|1700464974\n|move|p2a: Great Tusk|Stealth Rock|p1a: EL PELIGRO\n|-sidestart|p1: pastagirl|move: Stealth Rock\n|move|p1a: EL PELIGRO|U-turn|p2a: Great Tusk\n|-resisted|p2a: Great Tusk\n|-damage|p2a: Great Tusk|97\/100\n|\n|t:|1700464990\n|switch|p1a: quacker oats|Quaquaval, M|100\/100|[from] U-turn\n|\n|-weather|RainDance|[upkeep]\n|upkeep\n|turn|4\n|\n|t:|1700464997\n|-end|p2a: Great Tusk|Protosynthesis|[silent]\n|switch|p2a: Ogerpon|Ogerpon-Wellspring, F|100\/100\n|move|p1a: quacker oats|Rapid Spin|p2a: Ogerpon\n|-damage|p2a: Ogerpon|78\/100\n|-boost|p1a: quacker oats|spe|1\n|-sideend|p1: pastagirl|Stealth Rock|[from] move: Rapid Spin|[of] p1a: quacker oats\n|\n|-weather|RainDance|[upkeep]\n|upkeep\n|turn|5\n|\n|t:|1700465001\n|move|p1a: quacker oats|Close Combat|p2a: Ogerpon\n|-damage|p2a: Ogerpon|0 fnt\n|-unboost|p1a: quacker oats|def|1\n|-unboost|p1a: quacker oats|spd|1\n|faint|p2a: Ogerpon\n|-ability|p1a: quacker oats|Moxie|boost\n|-boost|p1a: quacker oats|atk|1\n|\n|-weather|RainDance|[upkeep]\n|upkeep\n|\n|t:|1700465007\n|switch|p2a: Zamazenta|Zamazenta|100\/100\n|-ability|p2a: Zamazenta|Dauntless Shield|boost\n|-boost|p2a: Zamazenta|def|1\n|turn|6\n|\n|t:|1700465019\n|switch|p1a: Sandy Shocks|Sandy Shocks|100\/100\n|move|p2a: Zamazenta|Body Press|p1a: Sandy Shocks\n|-damage|p1a: Sandy Shocks|36\/100\n|\n|-weather|RainDance|[upkeep]\n|upkeep\n|turn|7\n|\n|t:|1700465024\n|move|p2a: Zamazenta|Body Press|p1a: Sandy Shocks\n|-damage|p1a: Sandy Shocks|0 fnt\n|faint|p1a: Sandy Shocks\n|-end|p1a: Sandy Shocks|Protosynthesis|[silent]\n|\n|-weather|RainDance|[upkeep]\n|upkeep\n|\n|t:|1700465027\n|switch|p1a: Manaphy|Manaphy|100\/100\n|turn|8\n|\n|t:|1700465036\n|switch|p2a: Great Tusk|Great Tusk|97\/100\n|-terastallize|p1a: Manaphy|Fairy\n|move|p1a: Manaphy|Tail Glow|p1a: Manaphy\n|-boost|p1a: Manaphy|spa|3\n|\n|-weather|RainDance|[upkeep]\n|upkeep\n|turn|9\n|\n|t:|1700465042\n|move|p2a: Great Tusk|Headlong Rush|p1a: Manaphy\n|-damage|p1a: Manaphy|43\/100\n|-unboost|p2a: Great Tusk|def|1\n|-unboost|p2a: Great Tusk|spd|1\n|move|p1a: Manaphy|Surf|p2a: Great Tusk\n|-supereffective|p2a: Great Tusk\n|-damage|p2a: Great Tusk|0 fnt\n|faint|p2a: Great Tusk\n|-end|p2a: Great Tusk|Protosynthesis|[silent]\n|\n|-weather|none\n|-heal|p1a: Manaphy|49\/100|[from] item: Leftovers\n|upkeep\n|\n|t:|1700465050\n|switch|p2a: Iron Moth|Iron Moth|100\/100\n|-enditem|p2a: Iron Moth|Booster Energy\n|-activate|p2a: Iron Moth|ability: Quark Drive|[fromitem]\n|-start|p2a: Iron Moth|quarkdrivespe\n|turn|10\n|\n|t:|1700465056\n|switch|p1a: Kingambit|Kingambit, F|100\/100\n|-activate|p1a: Kingambit|ability: Supreme Overlord\n|-start|p1a: Kingambit|fallen1|[silent]\n|move|p2a: Iron Moth|Sludge Wave|p1a: Kingambit\n|-immune|p1a: Kingambit\n|\n|upkeep\n|turn|11\n|\n|t:|1700465061\n|-end|p1a: Kingambit|fallen1|[silent]\n|switch|p1a: EL PELIGRO|Pelipper, F, shiny|100\/100\n|-weather|RainDance|[from] ability: Drizzle|[of] p1a: EL PELIGRO\n|move|p2a: Iron Moth|Fiery Dance|p1a: EL PELIGRO\n|-resisted|p1a: EL PELIGRO\n|-damage|p1a: EL PELIGRO|86\/100\n|\n|-weather|RainDance|[upkeep]\n|upkeep\n|turn|12\n|\n|t:|1700465067\n|-end|p2a: Iron Moth|Quark Drive|[silent]\n|switch|p2a: Slowking|Slowking-Galar, F|100\/100\n|move|p1a: EL PELIGRO|U-turn|p2a: Slowking\n|-damage|p2a: Slowking|91\/100\n|\n|t:|1700465070\n|switch|p1a: Barraskewda|Barraskewda, F|100\/100|[from] U-turn\n|\n|-weather|RainDance|[upkeep]\n|upkeep\n|turn|13\n|j| ttyyuui55erreqq122\n|\n|t:|1700465077\n|switch|p2a: Iron Moth|Iron Moth|100\/100\n|move|p1a: Barraskewda|Liquidation|p2a: Iron Moth\n|-supereffective|p2a: Iron Moth\n|-damage|p2a: Iron Moth|0 fnt\n|faint|p2a: Iron Moth\n|-end|p2a: Iron Moth|Quark Drive|[silent]\n|\n|-weather|RainDance|[upkeep]\n|upkeep\n|\n|t:|1700465087\n|switch|p2a: Dragonite|Dragonite, F|100\/100\n|turn|14\n|\n|t:|1700465093\n|move|p2a: Dragonite|Extreme Speed|p1a: Barraskewda\n|-damage|p1a: Barraskewda|39\/100\n|move|p1a: Barraskewda|Liquidation|p2a: Dragonite\n|-resisted|p2a: Dragonite\n|-damage|p2a: Dragonite|74\/100\n|\n|-weather|RainDance|[upkeep]\n|upkeep\n|turn|15\n|\n|t:|1700465099\n|switch|p1a: Kingambit|Kingambit, F|100\/100\n|-activate|p1a: Kingambit|ability: Supreme Overlord\n|-start|p1a: Kingambit|fallen1|[silent]\n|move|p2a: Dragonite|Extreme Speed|p1a: Kingambit\n|-resisted|p1a: Kingambit\n|-damage|p1a: Kingambit|87\/100\n|\n|-weather|RainDance|[upkeep]\n|-heal|p1a: Kingambit|94\/100|[from] item: Leftovers\n|upkeep\n|turn|16\n|\n|t:|1700465110\n|switch|p2a: Zamazenta|Zamazenta|100\/100\n|-end|p1a: Kingambit|fallen1|[silent]\n|switch|p1a: EL PELIGRO|Pelipper, F, shiny|86\/100\n|\n|-weather|RainDance|[upkeep]\n|upkeep\n|turn|17\n|\n|t:|1700465115\n|switch|p2a: Slowking|Slowking-Galar, F|100\/100\n|move|p1a: EL PELIGRO|Hurricane|p2a: Slowking\n|-damage|p2a: Slowking|78\/100\n|\n|-weather|RainDance|[upkeep]\n|upkeep\n|turn|18\n|\n|t:|1700465124\n|move|p1a: EL PELIGRO|U-turn|p2a: Slowking\n|-crit|p2a: Slowking\n|-damage|p2a: Slowking|63\/100\n|\n|t:|1700465131\n|switch|p1a: Manaphy|Manaphy, tera:Fairy|49\/100|[from] U-turn\n|move|p2a: Slowking|Chilly Reception|p2a: Slowking\n|-weather|Snow\n|\n|t:|1700465147\n|switch|p2a: Zamazenta|Zamazenta|100\/100|[from] Chilly Reception\n|\n|-weather|Snow|[upkeep]\n|-heal|p1a: Manaphy|56\/100|[from] item: Leftovers\n|upkeep\n|turn|19\n|\n|t:|1700465150\n|switch|p2a: Slowking|Slowking-Galar, F|96\/100\n|switch|p1a: EL PELIGRO|Pelipper, F, shiny|86\/100\n|-weather|RainDance|[from] ability: Drizzle|[of] p1a: EL PELIGRO\n|\n|-weather|RainDance|[upkeep]\n|upkeep\n|turn|20\n|\n|t:|1700465153\n|move|p1a: EL PELIGRO|U-turn|p2a: Slowking\n|-damage|p2a: Slowking|87\/100\n|\n|t:|1700465156\n|switch|p1a: Kingambit|Kingambit, F|94\/100|[from] U-turn\n|-activate|p1a: Kingambit|ability: Supreme Overlord\n|-start|p1a: Kingambit|fallen1|[silent]\n|move|p2a: Slowking|Chilly Reception|p2a: Slowking\n|-weather|Snow\n|\n|t:|1700465159\n|switch|p2a: Zamazenta|Zamazenta|100\/100|[from] Chilly Reception\n|\n|-weather|Snow|[upkeep]\n|-heal|p1a: Kingambit|99\/100|[from] item: Leftovers\n|upkeep\n|turn|21\n|\n|t:|1700465162\n|-end|p1a: Kingambit|fallen1|[silent]\n|switch|p1a: EL PELIGRO|Pelipper, F, shiny|86\/100\n|-weather|RainDance|[from] ability: Drizzle|[of] p1a: EL PELIGRO\n|move|p2a: Zamazenta|Body Press|p1a: EL PELIGRO\n|-resisted|p1a: EL PELIGRO\n|-damage|p1a: EL PELIGRO|70\/100\n|\n|-weather|RainDance|[upkeep]\n|upkeep\n|turn|22\n|\n|t:|1700465166\n|switch|p2a: Slowking|Slowking-Galar, F|100\/100\n|move|p1a: EL PELIGRO|U-turn|p2a: Slowking\n|-damage|p2a: Slowking|90\/100\n|\n|t:|1700465173\n|switch|p1a: Barraskewda|Barraskewda, F|39\/100|[from] U-turn\n|\n|-weather|RainDance|[upkeep]\n|upkeep\n|turn|23\n|\n|t:|1700465177\n|move|p1a: Barraskewda|Liquidation|p2a: Slowking\n|-damage|p2a: Slowking|0 fnt\n|faint|p2a: Slowking\n|\n|-weather|RainDance|[upkeep]\n|upkeep\n|\n|t:|1700465180\n|switch|p2a: Dragonite|Dragonite, F|74\/100\n|turn|24\n|\n|t:|1700465183\n|switch|p1a: Kingambit|Kingambit, F|99\/100\n|-activate|p1a: Kingambit|ability: Supreme Overlord\n|-start|p1a: Kingambit|fallen1|[silent]\n|move|p2a: Dragonite|Extreme Speed|p1a: Kingambit\n|-resisted|p1a: Kingambit\n|-damage|p1a: Kingambit|89\/100\n|\n|-weather|RainDance|[upkeep]\n|-heal|p1a: Kingambit|95\/100|[from] item: Leftovers\n|upkeep\n|turn|25\n|\n|t:|1700465188\n|move|p2a: Dragonite|Earthquake|p1a: Kingambit\n|-supereffective|p1a: Kingambit\n|-damage|p1a: Kingambit|35\/100\n|move|p1a: Kingambit|Iron Head|p2a: Dragonite\n|-damage|p2a: Dragonite|24\/100\n|\n|-weather|RainDance|[upkeep]\n|-heal|p1a: Kingambit|41\/100|[from] item: Leftovers\n|upkeep\n|turn|26\n|\n|t:|1700465197\n|move|p2a: Dragonite|Extreme Speed|p1a: Kingambit\n|-resisted|p1a: Kingambit\n|-damage|p1a: Kingambit|29\/100\n|move|p1a: Kingambit|Sucker Punch||[still]\n|-fail|p1a: Kingambit\n|\n|-weather|RainDance|[upkeep]\n|-heal|p1a: Kingambit|35\/100|[from] item: Leftovers\n|upkeep\n|turn|27\n|j| flamewing_phoenix\n|j| ucica\n|\n|t:|1700465207\n|move|p1a: Kingambit|Sucker Punch|p2a: Dragonite\n|-damage|p2a: Dragonite|0 fnt\n|faint|p2a: Dragonite\n|\n|-weather|RainDance|[upkeep]\n|-heal|p1a: Kingambit|42\/100|[from] item: Leftovers\n|upkeep\n|\n|t:|1700465209\n|switch|p2a: Zamazenta|Zamazenta|100\/100\n|turn|28\n|l| ucica\n|\n|t:|1700465216\n|move|p2a: Zamazenta|Iron Defense|p2a: Zamazenta\n|-boost|p2a: Zamazenta|def|2\n|move|p1a: Kingambit|Iron Head|p2a: Zamazenta\n|-damage|p2a: Zamazenta|82\/100\n|\n|-weather|none\n|-heal|p2a: Zamazenta|89\/100|[from] item: Leftovers\n|-heal|p1a: Kingambit|48\/100|[from] item: Leftovers\n|upkeep\n|turn|29\n|\n|t:|1700465221\n|-end|p1a: Kingambit|fallen1|[silent]\n|switch|p1a: EL PELIGRO|Pelipper, F, shiny|70\/100\n|-weather|RainDance|[from] ability: Drizzle|[of] p1a: EL PELIGRO\n|move|p2a: Zamazenta|Iron Defense|p2a: Zamazenta\n|-boost|p2a: Zamazenta|def|2\n|\n|-weather|RainDance|[upkeep]\n|-heal|p2a: Zamazenta|95\/100|[from] item: Leftovers\n|upkeep\n|turn|30\n|\n|t:|1700465229\n|-terastallize|p2a: Zamazenta|Steel\n|move|p2a: Zamazenta|Body Press|p1a: EL PELIGRO\n|-resisted|p1a: EL PELIGRO\n|-damage|p1a: EL PELIGRO|28\/100\n|move|p1a: EL PELIGRO|Hurricane|p2a: Zamazenta\n|-resisted|p2a: Zamazenta\n|-damage|p2a: Zamazenta|78\/100\n|\n|-weather|RainDance|[upkeep]\n|-heal|p2a: Zamazenta|84\/100|[from] item: Leftovers\n|upkeep\n|turn|31\n|\n|t:|1700465235\n|move|p2a: Zamazenta|Body Press|p1a: EL PELIGRO\n|-resisted|p1a: EL PELIGRO\n|-damage|p1a: EL PELIGRO|0 fnt\n|faint|p1a: EL PELIGRO\n|\n|-weather|RainDance|[upkeep]\n|-heal|p2a: Zamazenta|90\/100|[from] item: Leftovers\n|upkeep\n|\n|t:|1700465239\n|switch|p1a: Manaphy|Manaphy, tera:Fairy|56\/100\n|turn|32\n|\n|t:|1700465243\n|move|p2a: Zamazenta|Body Press|p1a: Manaphy\n|-resisted|p1a: Manaphy\n|-damage|p1a: Manaphy|3\/100\n|move|p1a: Manaphy|Rest|p1a: Manaphy\n|-status|p1a: Manaphy|slp|[from] move: Rest\n|-heal|p1a: Manaphy|100\/100 slp|[silent]\n|\n|-weather|RainDance|[upkeep]\n|-heal|p2a: Zamazenta|97\/100|[from] item: Leftovers\n|-activate|p1a: Manaphy|ability: Hydration\n|-curestatus|p1a: Manaphy|slp|[msg]\n|upkeep\n|turn|33\n|\n|t:|1700465251\n|move|p2a: Zamazenta|Iron Defense|p2a: Zamazenta\n|-boost|p2a: Zamazenta|def|2\n|move|p1a: Manaphy|Surf|p2a: Zamazenta\n|-damage|p2a: Zamazenta|40\/100\n|\n|-weather|RainDance|[upkeep]\n|-heal|p2a: Zamazenta|47\/100|[from] item: Leftovers\n|upkeep\n|turn|34\n|\n|t:|1700465255\n|move|p2a: Zamazenta|Body Press|p1a: Manaphy\n|-resisted|p1a: Manaphy\n|-damage|p1a: Manaphy|31\/100\n|move|p1a: Manaphy|Surf|p2a: Zamazenta\n|-damage|p2a: Zamazenta|0 fnt\n|faint|p2a: Zamazenta\n|\n|win|pastagirl\n|raw|pastagirl's rating: 1581 &rarr; <strong>1601<\/strong><br \/>(+20 for winning)\n|raw|khote's rating: 1575 &rarr; <strong>1555<\/strong><br \/>(-20 for losing)\n|l|\u2606khote\n|c|\u2606pastagirl|gg\n","uploadtime":1700465286,"views":10,"p1id":"pastagirl","p2id":"khote","formatid":"gen9ou","rating":1555,"private":0,"password":""}