{"id":"gen9ou-1996756849","p1":"x18186107691","p2":"Hongbong","format":"[Gen 9] OU","log":"|j|\u2606x18186107691\n|j|\u2606Hongbong\n|t:|1700719994\n|gametype|singles\n|player|p1|x18186107691|265|1267\n|player|p2|Hongbong|n|1259\n|teamsize|p1|6\n|teamsize|p2|6\n|gen|9\n|tier|[Gen 9] OU\n|rated|\n|rule|Sleep Clause Mod: Limit one foe put to sleep\n|rule|Species Clause: Limit one of each Pok\u00e9mon\n|rule|OHKO Clause: OHKO moves are banned\n|rule|Evasion Items Clause: Evasion items are banned\n|rule|Evasion Moves Clause: Evasion moves are banned\n|rule|Endless Battle Clause: Forcing endless battles is banned\n|rule|HP Percentage Mod: HP is shown in percentages\n|clearpoke\n|poke|p1|Torkoal, M|\n|poke|p1|Walking Wake|\n|poke|p1|Great Tusk|\n|poke|p1|Ninetales, F|\n|poke|p1|Ceruledge, M|\n|poke|p1|Iron Moth|\n|poke|p2|Armarouge, M|\n|poke|p2|Electrode-Hisui|\n|poke|p2|Weezing-Galar, F|\n|poke|p2|Iron Jugulis|\n|poke|p2|Bisharp, M|\n|poke|p2|Azumarill, M|\n|teampreview\n|\n|t:|1700720000\n|start\n|switch|p1a: Torkoal|Torkoal, M|100\/100\n|switch|p2a: Electrode|Electrode-Hisui|100\/100\n|-weather|SunnyDay|[from] ability: Drought|[of] p1a: Torkoal\n|turn|1\n|\n|t:|1700720009\n|move|p2a: Electrode|Volt Switch|p1a: Torkoal\n|-damage|p1a: Torkoal|66\/100\n|\n|t:|1700720016\n|switch|p2a: Weezing|Weezing-Galar, F|100\/100|[from] Volt Switch\n|-ability|p2a: Weezing|Neutralizing Gas\n|move|p1a: Torkoal|Stealth Rock|p2a: Weezing\n|-sidestart|p2: Hongbong|move: Stealth Rock\n|\n|-weather|SunnyDay|[upkeep]\n|upkeep\n|turn|2\n|\n|t:|1700720024\n|move|p2a: Weezing|Sludge Bomb|p1a: Torkoal\n|-damage|p1a: Torkoal|33\/100\n|move|p1a: Torkoal|Lava Plume|p2a: Weezing\n|-crit|p2a: Weezing\n|-damage|p2a: Weezing|35\/100\n|\n|-weather|SunnyDay|[upkeep]\n|upkeep\n|turn|3\n|\n|t:|1700720027\n|move|p2a: Weezing|Sludge Bomb|p1a: Torkoal\n|-damage|p1a: Torkoal|0 fnt\n|faint|p1a: Torkoal\n|\n|-weather|SunnyDay|[upkeep]\n|upkeep\n|\n|t:|1700720035\n|switch|p1a: Great Tusk|Great Tusk|100\/100\n|-activate|p1a: Great Tusk|ability: Protosynthesis\n|-start|p1a: Great Tusk|protosynthesisatk\n|turn|4\n|\n|t:|1700720043\n|move|p1a: Great Tusk|Rapid Spin|p2a: Weezing\n|-damage|p2a: Weezing|10\/100\n|-boost|p1a: Great Tusk|spe|1\n|-damage|p1a: Great Tusk|84\/100|[from] item: Rocky Helmet|[of] p2a: Weezing\n|-damage|p1a: Great Tusk|74\/100|[from] item: Life Orb\n|move|p2a: Weezing|Will-O-Wisp|p1a: Great Tusk|[miss]\n|-miss|p2a: Weezing|p1a: Great Tusk\n|\n|-weather|SunnyDay|[upkeep]\n|upkeep\n|turn|5\n|\n|t:|1700720047\n|move|p1a: Great Tusk|Rapid Spin|p2a: Weezing\n|-damage|p2a: Weezing|0 fnt\n|-boost|p1a: Great Tusk|spe|1\n|-damage|p1a: Great Tusk|57\/100|[from] item: Rocky Helmet|[of] p2a: Weezing\n|faint|p2a: Weezing\n|-end|p2a: Weezing|ability: Neutralizing Gas\n|-damage|p1a: Great Tusk|47\/100|[from] item: Life Orb\n|\n|-weather|SunnyDay|[upkeep]\n|upkeep\n|inactive|Battle timer is ON: inactive players will automatically lose when time's up. (requested by Hongbong)\n|\n|t:|1700720058\n|switch|p2a: Azumarill|Azumarill, M|100\/100\n|-damage|p2a: Azumarill|88\/100|[from] Stealth Rock\n|turn|6\n|\n|t:|1700720065\n|move|p1a: Great Tusk|Headlong Rush|p2a: Azumarill\n|-damage|p2a: Azumarill|0 fnt\n|-unboost|p1a: Great Tusk|def|1\n|-unboost|p1a: Great Tusk|spd|1\n|faint|p2a: Azumarill\n|-damage|p1a: Great Tusk|37\/100|[from] item: Life Orb\n|\n|-weather|SunnyDay|[upkeep]\n|upkeep\n|\n|t:|1700720069\n|switch|p2a: Bisharp|Bisharp, M|100\/100\n|-damage|p2a: Bisharp|95\/100|[from] Stealth Rock\n|turn|7\n|\n|t:|1700720074\n|move|p2a: Bisharp|Sucker Punch|p1a: Great Tusk\n|-resisted|p1a: Great Tusk\n|-damage|p1a: Great Tusk|18\/100\n|move|p1a: Great Tusk|Close Combat|p2a: Bisharp\n|-supereffective|p2a: Bisharp\n|-damage|p2a: Bisharp|0 fnt\n|-unboost|p1a: Great Tusk|def|1\n|-unboost|p1a: Great Tusk|spd|1\n|faint|p2a: Bisharp\n|-damage|p1a: Great Tusk|8\/100|[from] item: Life Orb\n|\n|-weather|SunnyDay|[upkeep]\n|upkeep\n|\n|t:|1700720088\n|switch|p2a: Armarouge|Armarouge, M|100\/100\n|-damage|p2a: Armarouge|76\/100|[from] Stealth Rock\n|turn|8\n|\n|t:|1700720093\n|-terastallize|p2a: Armarouge|Grass\n|move|p1a: Great Tusk|Headlong Rush|p2a: Armarouge\n|-resisted|p2a: Armarouge\n|-damage|p2a: Armarouge|16\/100\n|-unboost|p1a: Great Tusk|def|1\n|-unboost|p1a: Great Tusk|spd|1\n|-ability|p2a: Armarouge|Weak Armor|boost\n|-unboost|p2a: Armarouge|def|1\n|-boost|p2a: Armarouge|spe|2\n|-damage|p1a: Great Tusk|0 fnt|[from] item: Life Orb\n|faint|p1a: Great Tusk\n|-end|p1a: Great Tusk|Protosynthesis|[silent]\n|move|p2a: Armarouge|Psychic Terrain|p2a: Armarouge\n|-fieldstart|move: Psychic Terrain\n|\n|-weather|none\n|upkeep\n|\n|t:|1700720104\n|switch|p1a: Ninetales|Ninetales, F|100\/100\n|-weather|SunnyDay|[from] ability: Drought|[of] p1a: Ninetales\n|turn|9\n|\n|t:|1700720109\n|move|p2a: Armarouge|Expanding Force|p1a: Ninetales\n|-damage|p1a: Ninetales|34\/100\n|-damage|p2a: Armarouge|6\/100|[from] item: Life Orb\n|move|p1a: Ninetales|Hypnosis|p2a: Armarouge\n|-status|p2a: Armarouge|slp|[from] move: Hypnosis\n|\n|-weather|SunnyDay|[upkeep]\n|upkeep\n|turn|10\n|\n|t:|1700720123\n|switch|p1a: Ceruledge|Ceruledge, M|100\/100\n|cant|p2a: Armarouge|slp\n|\n|-weather|SunnyDay|[upkeep]\n|upkeep\n|turn|11\n|\n|t:|1700720126\n|cant|p2a: Armarouge|slp\n|move|p1a: Ceruledge|Swords Dance|p1a: Ceruledge\n|-boost|p1a: Ceruledge|atk|2\n|\n|-weather|SunnyDay|[upkeep]\n|upkeep\n|turn|12\n|\n|t:|1700720131\n|move|p1a: Ceruledge|Shadow Sneak|p2a: Armarouge\n|-activate|p2a: Armarouge|move: Psychic Terrain\n|cant|p2a: Armarouge|slp\n|\n|-weather|SunnyDay|[upkeep]\n|-fieldend|move: Psychic Terrain\n|upkeep\n|turn|13\n|\n|t:|1700720139\n|move|p1a: Ceruledge|Shadow Sneak|p2a: Armarouge\n|-damage|p2a: Armarouge|0 fnt\n|faint|p2a: Armarouge\n|\n|-weather|SunnyDay|[upkeep]\n|upkeep\n|\n|t:|1700720145\n|switch|p2a: Iron Jugulis|Iron Jugulis|100\/100\n|-damage|p2a: Iron Jugulis|76\/100|[from] Stealth Rock\n|-enditem|p2a: Iron Jugulis|Booster Energy\n|-activate|p2a: Iron Jugulis|ability: Quark Drive|[fromitem]\n|-start|p2a: Iron Jugulis|quarkdrivespe\n|turn|14\n|\n|t:|1700720148\n|move|p2a: Iron Jugulis|Dark Pulse|p1a: Ceruledge\n|-supereffective|p1a: Ceruledge\n|-enditem|p1a: Ceruledge|Focus Sash\n|-damage|p1a: Ceruledge|1\/100\n|cant|p1a: Ceruledge|flinch\n|\n|-weather|SunnyDay|[upkeep]\n|upkeep\n|turn|15\n|\n|t:|1700720156\n|move|p1a: Ceruledge|Shadow Sneak|p2a: Iron Jugulis\n|-resisted|p2a: Iron Jugulis\n|-damage|p2a: Iron Jugulis|50\/100\n|move|p2a: Iron Jugulis|Dark Pulse|p1a: Ceruledge\n|-supereffective|p1a: Ceruledge\n|-damage|p1a: Ceruledge|0 fnt\n|faint|p1a: Ceruledge\n|\n|-weather|SunnyDay|[upkeep]\n|upkeep\n|\n|t:|1700720158\n|switch|p1a: Iron Moth|Iron Moth|100\/100\n|-enditem|p1a: Iron Moth|Booster Energy\n|-activate|p1a: Iron Moth|ability: Quark Drive|[fromitem]\n|-start|p1a: Iron Moth|quarkdrivespe\n|turn|16\n|\n|t:|1700720161\n|-terastallize|p1a: Iron Moth|Fire\n|move|p1a: Iron Moth|Fiery Dance|p2a: Iron Jugulis\n|-damage|p2a: Iron Jugulis|0 fnt\n|faint|p2a: Iron Jugulis\n|-end|p2a: Iron Jugulis|Quark Drive|[silent]\n|\n|-weather|none\n|upkeep\n|\n|t:|1700720162\n|switch|p2a: Electrode|Electrode-Hisui|100\/100\n|turn|17\n|\n|t:|1700720165\n|move|p1a: Iron Moth|Fiery Dance|p2a: Electrode\n|-supereffective|p2a: Electrode\n|-damage|p2a: Electrode|0 fnt\n|-boost|p1a: Iron Moth|spa|1\n|faint|p2a: Electrode\n|\n|win|x18186107691\n|raw|x18186107691's rating: 1267 &rarr; <strong>1291<\/strong><br \/>(+24 for winning)\n|raw|Hongbong's rating: 1259 &rarr; <strong>1235<\/strong><br \/>(-24 for losing)\n|l|\u2606Hongbong\n","uploadtime":1700720173,"views":2,"p1id":"x18186107691","p2id":"hongbong","formatid":"gen9ou","rating":1235,"private":0,"password":""}