{"id":"gen9ou-1989451559","p1":"Onte bad","p2":"Dreballin3x","format":"[Gen 9] OU","log":"|j|\u2606Onte bad\n|j|\u2606Dreballin3x\n|t:|1699852503\n|gametype|singles\n|player|p1|Onte bad|2|1118\n|player|p2|Dreballin3x|marshal|1155\n|teamsize|p1|6\n|teamsize|p2|6\n|gen|9\n|tier|[Gen 9] OU\n|rated|\n|rule|Sleep Clause Mod: Limit one foe put to sleep\n|rule|Species Clause: Limit one of each Pok\u00e9mon\n|rule|OHKO Clause: OHKO moves are banned\n|rule|Evasion Items Clause: Evasion items are banned\n|rule|Evasion Moves Clause: Evasion moves are banned\n|rule|Endless Battle Clause: Forcing endless battles is banned\n|rule|HP Percentage Mod: HP is shown in percentages\n|clearpoke\n|poke|p1|Gholdengo|\n|poke|p1|Glimmora, M|\n|poke|p1|Ribombee, F|\n|poke|p1|Cinderace, F|\n|poke|p1|Dragonite, F|\n|poke|p1|Thundurus-Therian, M|\n|poke|p2|Great Tusk|\n|poke|p2|Magnezone|\n|poke|p2|Dusknoir, M|\n|poke|p2|Iron Valiant|\n|poke|p2|Dragonite, F|\n|poke|p2|Cinderace, F|\n|teampreview\n|\n|t:|1699852511\n|start\n|switch|p1a: Thundurus|Thundurus-Therian, M|100\/100\n|switch|p2a: Roll of Thunder|Great Tusk|100\/100\n|turn|1\n|\n|t:|1699852517\n|-terastallize|p2a: Roll of Thunder|Steel\n|move|p1a: Thundurus|Grass Knot|p2a: Roll of Thunder\n|-resisted|p2a: Roll of Thunder\n|-damage|p2a: Roll of Thunder|65\/100\n|move|p2a: Roll of Thunder|Head Smash|p1a: Thundurus\n|-supereffective|p1a: Thundurus\n|-damage|p1a: Thundurus|0 fnt\n|faint|p1a: Thundurus\n|-damage|p2a: Roll of Thunder|24\/100|[from] Recoil\n|\n|upkeep\n|\n|t:|1699852525\n|switch|p1a: Cinderace|Cinderace, F|100\/100\n|turn|2\n|\n|t:|1699852529\n|-end|p2a: Roll of Thunder|Protosynthesis|[silent]\n|switch|p2a: Brrrrrrrr|Dusknoir, M, shiny|100\/100\n|-ability|p2a: Brrrrrrrr|Pressure\n|move|p1a: Cinderace|Pyro Ball|p2a: Brrrrrrrr|[miss]\n|-miss|p1a: Cinderace|p2a: Brrrrrrrr\n|\n|upkeep\n|turn|3\n|\n|t:|1699852536\n|move|p1a: Cinderace|U-turn|p2a: Brrrrrrrr\n|-start|p1a: Cinderace|typechange|Bug|[from] ability: Libero\n|-resisted|p2a: Brrrrrrrr\n|-damage|p2a: Brrrrrrrr|86\/100\n|\n|t:|1699852540\n|switch|p1a: Ribombee|Ribombee, F|100\/100|[from] U-turn\n|move|p2a: Brrrrrrrr|Skill Swap|p1a: Ribombee\n|-activate|p2a: Brrrrrrrr|move: Skill Swap|Honey Gather|Pressure|[of] p1a: Ribombee\n|-ability|p1a: Ribombee|Pressure\n|\n|upkeep\n|turn|4\n|\n|t:|1699852548\n|move|p1a: Ribombee|Sticky Web|p2a: Brrrrrrrr\n|-sidestart|p2: Dreballin3x|move: Sticky Web\n|move|p2a: Brrrrrrrr|Ice Punch|p1a: Ribombee\n|-damage|p1a: Ribombee|61\/100\n|\n|upkeep\n|turn|5\n|\n|t:|1699852553\n|move|p1a: Ribombee|Moonblast|p2a: Brrrrrrrr\n|-damage|p2a: Brrrrrrrr|51\/100\n|move|p2a: Brrrrrrrr|Ice Beam|p1a: Ribombee\n|-damage|p1a: Ribombee|12\/100\n|-status|p1a: Ribombee|frz\n|\n|upkeep\n|turn|6\n|\n|t:|1699852562\n|switch|p1a: Glimmora|Glimmora, M|100\/100\n|move|p2a: Brrrrrrrr|Ice Punch|p1a: Glimmora\n|-damage|p1a: Glimmora|79\/100\n|-activate|p1a: Glimmora|ability: Toxic Debris\n|-sidestart|p2: Dreballin3x|move: Toxic Spikes\n|\n|upkeep\n|turn|7\n|\n|t:|1699852568\n|move|p1a: Glimmora|Stealth Rock|p2a: Brrrrrrrr\n|-sidestart|p2: Dreballin3x|move: Stealth Rock\n|move|p2a: Brrrrrrrr|Skill Swap|p1a: Glimmora\n|-activate|p2a: Brrrrrrrr|move: Skill Swap|Toxic Debris|Honey Gather|[of] p1a: Glimmora\n|\n|upkeep\n|turn|8\n|\n|t:|1699852578\n|move|p1a: Glimmora|Spikes|p2a: Brrrrrrrr\n|-sidestart|p2: Dreballin3x|Spikes\n|move|p2a: Brrrrrrrr|Ice Beam|p1a: Glimmora\n|-damage|p1a: Glimmora|47\/100\n|\n|upkeep\n|turn|9\n|\n|t:|1699852585\n|move|p1a: Glimmora|Spikes|p2a: Brrrrrrrr\n|-sidestart|p2: Dreballin3x|Spikes\n|move|p2a: Brrrrrrrr|Ice Beam|p1a: Glimmora\n|-damage|p1a: Glimmora|18\/100\n|\n|upkeep\n|turn|10\n|\n|t:|1699852589\n|switch|p1a: Ribombee|Ribombee, F|12\/100 frz\n|move|p2a: Brrrrrrrr|Ice Beam|p1a: Ribombee\n|-damage|p1a: Ribombee|0 fnt\n|faint|p1a: Ribombee\n|\n|upkeep\n|\n|t:|1699852594\n|switch|p1a: Gholdengo|Gholdengo|100\/100\n|turn|11\n|\n|t:|1699852597\n|move|p1a: Gholdengo|Shadow Ball|p2a: Brrrrrrrr\n|-supereffective|p2a: Brrrrrrrr\n|-damage|p2a: Brrrrrrrr|0 fnt\n|faint|p2a: Brrrrrrrr\n|\n|upkeep\n|\n|t:|1699852610\n|switch|p2a: Kickstarter|Cinderace, F|100\/100\n|-activate|p2a: Kickstarter|move: Sticky Web\n|-unboost|p2a: Kickstarter|spe|1\n|-status|p2a: Kickstarter|psn\n|-damage|p2a: Kickstarter|76\/100 psn|[from] Stealth Rock\n|-damage|p2a: Kickstarter|59\/100 psn|[from] Spikes\n|turn|12\n|\n|t:|1699852619\n|move|p2a: Kickstarter|Giga Impact|p1a: Gholdengo\n|-start|p2a: Kickstarter|typechange|Normal|[from] ability: Libero\n|-immune|p1a: Gholdengo\n|move|p1a: Gholdengo|Shadow Ball|p2a: Kickstarter\n|-immune|p2a: Kickstarter\n|\n|-damage|p2a: Kickstarter|47\/100 psn|[from] psn\n|upkeep\n|turn|13\n|\n|t:|1699852626\n|switch|p1a: Glimmora|Glimmora, M|18\/100\n|move|p2a: Kickstarter|Pyro Ball|p1a: Glimmora\n|-resisted|p1a: Glimmora\n|-damage|p1a: Glimmora|0 fnt\n|-activate|p1a: Glimmora|ability: Toxic Debris\n|-sidestart|p2: Dreballin3x|move: Toxic Spikes\n|faint|p1a: Glimmora\n|\n|-damage|p2a: Kickstarter|34\/100 psn|[from] psn\n|upkeep\n|\n|t:|1699852634\n|switch|p1a: Dragonite|Dragonite, F|100\/100\n|turn|14\n|\n|t:|1699852639\n|move|p1a: Dragonite|Extreme Speed|p2a: Kickstarter\n|-damage|p2a: Kickstarter|0 fnt\n|faint|p2a: Kickstarter\n|\n|upkeep\n|\n|t:|1699852651\n|switch|p2a: Bait and Switch|Magnezone|100\/100\n|-damage|p2a: Bait and Switch|94\/100|[from] Stealth Rock\n|-item|p2a: Bait and Switch|Air Balloon\n|turn|15\n|\n|t:|1699852661\n|switch|p1a: Gholdengo|Gholdengo|100\/100\n|move|p2a: Bait and Switch|Volt Switch|p1a: Gholdengo\n|-damage|p1a: Gholdengo|65\/100\n|\n|t:|1699852676\n|switch|p2a: DracoIsUnbreakable|Dragonite, F|100\/100|[from] Volt Switch\n|-damage|p2a: DracoIsUnbreakable|76\/100|[from] Stealth Rock\n|\n|-heal|p2a: DracoIsUnbreakable|82\/100|[from] item: Leftovers\n|-heal|p1a: Gholdengo|71\/100|[from] item: Leftovers\n|upkeep\n|turn|16\n|\n|t:|1699852681\n|move|p2a: DracoIsUnbreakable|Earthquake|p1a: Gholdengo\n|-supereffective|p1a: Gholdengo\n|-damage|p1a: Gholdengo|2\/100\n|move|p1a: Gholdengo|Make It Rain|p2a: DracoIsUnbreakable\n|-damage|p2a: DracoIsUnbreakable|29\/100\n|-unboost|p1a: Gholdengo|spa|1\n|\n|-heal|p2a: DracoIsUnbreakable|35\/100|[from] item: Leftovers\n|-heal|p1a: Gholdengo|8\/100|[from] item: Leftovers\n|upkeep\n|turn|17\n|\n|t:|1699852690\n|switch|p1a: Dragonite|Dragonite, F|100\/100\n|move|p2a: DracoIsUnbreakable|Dragon Dance|p2a: DracoIsUnbreakable\n|-boost|p2a: DracoIsUnbreakable|atk|1\n|-boost|p2a: DracoIsUnbreakable|spe|1\n|\n|-heal|p2a: DracoIsUnbreakable|41\/100|[from] item: Leftovers\n|upkeep\n|turn|18\n|\n|t:|1699852699\n|-terastallize|p1a: Dragonite|Normal\n|move|p2a: DracoIsUnbreakable|Extreme Speed|p1a: Dragonite\n|-crit|p1a: Dragonite\n|-damage|p1a: Dragonite|65\/100\n|move|p1a: Dragonite|Extreme Speed|p2a: DracoIsUnbreakable\n|-damage|p2a: DracoIsUnbreakable|0 fnt\n|faint|p2a: DracoIsUnbreakable\n|\n|upkeep\n|\n|t:|1699852710\n|switch|p2a: Revengeance|Iron Valiant|100\/100\n|-activate|p2a: Revengeance|move: Sticky Web\n|-unboost|p2a: Revengeance|spe|1\n|-status|p2a: Revengeance|tox\n|-damage|p2a: Revengeance|94\/100 tox|[from] Stealth Rock\n|-damage|p2a: Revengeance|78\/100 tox|[from] Spikes\n|-enditem|p2a: Revengeance|Booster Energy\n|-activate|p2a: Revengeance|ability: Quark Drive|[fromitem]\n|-start|p2a: Revengeance|quarkdrivespa\n|turn|19\n|\n|t:|1699852721\n|move|p1a: Dragonite|Roost|p1a: Dragonite\n|-heal|p1a: Dragonite|100\/100\n|move|p2a: Revengeance|Aura Sphere|p1a: Dragonite\n|-supereffective|p1a: Dragonite\n|-damage|p1a: Dragonite|43\/100\n|\n|-damage|p2a: Revengeance|71\/100 tox|[from] psn\n|upkeep\n|turn|20\n|\n|t:|1699852727\n|move|p1a: Dragonite|Extreme Speed|p2a: Revengeance\n|-damage|p2a: Revengeance|15\/100 tox\n|move|p2a: Revengeance|Shadow Ball|p1a: Dragonite\n|-immune|p1a: Dragonite\n|\n|-damage|p2a: Revengeance|3\/100 tox|[from] psn\n|upkeep\n|turn|21\n|c|\u2606Onte bad|heh?\n|\n|t:|1699852738\n|move|p1a: Dragonite|Extreme Speed|p2a: Revengeance\n|-damage|p2a: Revengeance|0 fnt\n|faint|p2a: Revengeance\n|-end|p2a: Revengeance|Quark Drive|[silent]\n|\n|upkeep\n|\n|t:|1699852741\n|switch|p2a: Bait and Switch|Magnezone|94\/100\n|-damage|p2a: Bait and Switch|88\/100|[from] Stealth Rock\n|-item|p2a: Bait and Switch|Air Balloon\n|turn|22\n|\n|t:|1699852743\n|move|p1a: Dragonite|Roost|p1a: Dragonite\n|-heal|p1a: Dragonite|93\/100\n|move|p2a: Bait and Switch|Body Press|p1a: Dragonite\n|-supereffective|p1a: Dragonite\n|-damage|p1a: Dragonite|28\/100\n|\n|upkeep\n|turn|23\n|\n|t:|1699852755\n|switch|p1a: Gholdengo|Gholdengo|8\/100\n|move|p2a: Bait and Switch|Volt Switch|p1a: Gholdengo\n|-damage|p1a: Gholdengo|0 fnt\n|faint|p1a: Gholdengo\n|\n|t:|1699852757\n|switch|p2a: Roll of Thunder|Great Tusk, tera:Steel|24\/100|[from] Volt Switch\n|-activate|p2a: Roll of Thunder|move: Sticky Web\n|-unboost|p2a: Roll of Thunder|spe|1\n|-damage|p2a: Roll of Thunder|18\/100|[from] Stealth Rock\n|-damage|p2a: Roll of Thunder|2\/100|[from] Spikes\n|\n|upkeep\n|\n|t:|1699852760\n|switch|p1a: Cinderace|Cinderace, F|100\/100\n|turn|24\n|\n|t:|1699852766\n|move|p1a: Cinderace|U-turn|p2a: Roll of Thunder\n|-start|p1a: Cinderace|typechange|Bug|[from] ability: Libero\n|-resisted|p2a: Roll of Thunder\n|-damage|p2a: Roll of Thunder|0 fnt\n|faint|p2a: Roll of Thunder\n|-end|p2a: Roll of Thunder|Protosynthesis|[silent]\n|\n|t:|1699852767\n|switch|p1a: Dragonite|Dragonite, F, tera:Normal|28\/100|[from] U-turn\n|\n|upkeep\n|\n|t:|1699852769\n|switch|p2a: Bait and Switch|Magnezone|88\/100\n|-damage|p2a: Bait and Switch|82\/100|[from] Stealth Rock\n|-item|p2a: Bait and Switch|Air Balloon\n|turn|25\n|\n|t:|1699852779\n|move|p1a: Dragonite|Extreme Speed|p2a: Bait and Switch\n|-resisted|p2a: Bait and Switch\n|-damage|p2a: Bait and Switch|60\/100\n|-enditem|p2a: Bait and Switch|Air Balloon\n|move|p2a: Bait and Switch|Body Press|p1a: Dragonite\n|-supereffective|p1a: Dragonite\n|-damage|p1a: Dragonite|0 fnt\n|faint|p1a: Dragonite\n|\n|upkeep\n|\n|t:|1699852780\n|switch|p1a: Cinderace|Cinderace, F|100\/100\n|turn|26\n|\n|t:|1699852786\n|move|p1a: Cinderace|Pyro Ball|p2a: Bait and Switch|[miss]\n|-miss|p1a: Cinderace|p2a: Bait and Switch\n|move|p2a: Bait and Switch|Volt Switch|p1a: Cinderace\n|-damage|p1a: Cinderace|24\/100\n|\n|upkeep\n|turn|27\n|\n|t:|1699852789\n|move|p1a: Cinderace|Pyro Ball|p2a: Bait and Switch\n|-supereffective|p2a: Bait and Switch\n|-damage|p2a: Bait and Switch|0 fnt\n|faint|p2a: Bait and Switch\n|\n|win|Onte bad\n|raw|Onte bad's rating: 1118 &rarr; <strong>1146<\/strong><br \/>(+28 for winning)\n|raw|Dreballin3x's rating: 1155 &rarr; <strong>1127<\/strong><br \/>(-28 for losing)\n|c|\u2606Onte bad|ggs\n|c|\u2606Dreballin3x|Gg\n","uploadtime":1699852797,"views":8,"p1id":"ontebad","p2id":"dreballin3x","formatid":"gen9ou","rating":1127,"private":0,"password":""}