{"id":"gen9ou-1990411739","p1":"bhfzx","p2":"its dad","format":"[Gen 9] OU","log":"|j|\u2606bhfzx\n|j|\u2606its dad\n|t:|1699968270\n|gametype|singles\n|player|p1|bhfzx|102|1218\n|player|p2|its dad|266|1180\n|teamsize|p1|6\n|teamsize|p2|6\n|gen|9\n|tier|[Gen 9] OU\n|rated|\n|rule|Sleep Clause Mod: Limit one foe put to sleep\n|rule|Species Clause: Limit one of each Pok\u00e9mon\n|rule|OHKO Clause: OHKO moves are banned\n|rule|Evasion Items Clause: Evasion items are banned\n|rule|Evasion Moves Clause: Evasion moves are banned\n|rule|Endless Battle Clause: Forcing endless battles is banned\n|rule|HP Percentage Mod: HP is shown in percentages\n|clearpoke\n|poke|p1|Talonflame, M|\n|poke|p1|Heatran, M|\n|poke|p1|Iron Valiant|\n|poke|p1|Meowscarada, F|\n|poke|p1|Azumarill, M|\n|poke|p1|Sneasler, M|\n|poke|p2|Greninja-*, F|\n|poke|p2|Cinderace, M|\n|poke|p2|Meowscarada, M|\n|poke|p2|Wo-Chien|\n|poke|p2|Zapdos-Galar|\n|poke|p2|Sandy Shocks|\n|teampreview\n|inactive|Battle timer is ON: inactive players will automatically lose when time's up. (requested by its dad)\n|\n|t:|1699968279\n|start\n|switch|p1a: Talonflame|Talonflame, M|100\/100\n|switch|p2a: Sandy Shocks|Sandy Shocks|100\/100\n|-enditem|p2a: Sandy Shocks|Booster Energy\n|-activate|p2a: Sandy Shocks|ability: Protosynthesis|[fromitem]\n|-start|p2a: Sandy Shocks|protosynthesisspe\n|turn|1\n|\n|t:|1699968289\n|move|p2a: Sandy Shocks|Thunderbolt|p1a: Talonflame\n|-supereffective|p1a: Talonflame\n|-damage|p1a: Talonflame|0 fnt\n|faint|p1a: Talonflame\n|\n|upkeep\n|\n|t:|1699968303\n|switch|p1a: Azumarill|Azumarill, M|100\/100\n|turn|2\n|\n|t:|1699968312\n|-end|p2a: Sandy Shocks|Protosynthesis|[silent]\n|switch|p2a: Wo-Chien|Wo-Chien|100\/100\n|-ability|p2a: Wo-Chien|Tablets of Ruin\n|move|p1a: Azumarill|Aqua Jet|p2a: Wo-Chien\n|-resisted|p2a: Wo-Chien\n|-damage|p2a: Wo-Chien|92\/100\n|-damage|p1a: Azumarill|91\/100|[from] item: Life Orb\n|\n|-heal|p2a: Wo-Chien|99\/100|[from] item: Leftovers\n|upkeep\n|turn|3\n|\n|t:|1699968328\n|move|p1a: Azumarill|Play Rough|p2a: Wo-Chien\n|-supereffective|p2a: Wo-Chien\n|-damage|p2a: Wo-Chien|26\/100\n|-damage|p1a: Azumarill|81\/100|[from] item: Life Orb\n|move|p2a: Wo-Chien|Stun Spore|p1a: Azumarill|[miss]\n|-miss|p2a: Wo-Chien|p1a: Azumarill\n|\n|-heal|p2a: Wo-Chien|32\/100|[from] item: Leftovers\n|upkeep\n|turn|4\n|\n|t:|1699968340\n|switch|p2a: Cinderace|Cinderace, M|100\/100\n|move|p1a: Azumarill|Ice Spinner|p2a: Cinderace\n|-resisted|p2a: Cinderace\n|-damage|p2a: Cinderace|73\/100\n|-damage|p1a: Azumarill|71\/100|[from] item: Life Orb\n|\n|upkeep\n|turn|5\n|\n|t:|1699968348\n|switch|p2a: Meowscarada|Meowscarada, M|100\/100\n|move|p1a: Azumarill|Aqua Jet|p2a: Meowscarada\n|-resisted|p2a: Meowscarada\n|-damage|p2a: Meowscarada|77\/100\n|-damage|p1a: Azumarill|61\/100|[from] item: Life Orb\n|\n|upkeep\n|turn|6\n|\n|t:|1699968362\n|move|p2a: Meowscarada|Flower Trick|p1a: Azumarill\n|-start|p2a: Meowscarada|typechange|Grass|[from] ability: Protean\n|-supereffective|p1a: Azumarill\n|-crit|p1a: Azumarill\n|-damage|p1a: Azumarill|0 fnt\n|faint|p1a: Azumarill\n|-damage|p2a: Meowscarada|68\/100|[from] item: Life Orb\n|\n|upkeep\n|inactive|bhfzx has 120 seconds left.\n|\n|t:|1699968407\n|switch|p1a: Meowscarada|Meowscarada, F|100\/100\n|turn|7\n|\n|t:|1699968414\n|move|p1a: Meowscarada|Knock Off|p2a: Meowscarada\n|-start|p1a: Meowscarada|typechange|Dark|[from] ability: Protean\n|-damage|p2a: Meowscarada|0 fnt\n|-enditem|p2a: Meowscarada|Life Orb|[from] move: Knock Off|[of] p1a: Meowscarada\n|faint|p2a: Meowscarada\n|-damage|p1a: Meowscarada|91\/100|[from] item: Life Orb\n|\n|upkeep\n|\n|t:|1699968421\n|switch|p2a: Zapdos|Zapdos-Galar|100\/100\n|turn|8\n|inactive|bhfzx has 120 seconds left.\n|\n|t:|1699968427\n|move|p1a: Meowscarada|Play Rough|p2a: Zapdos\n|-supereffective|p2a: Zapdos\n|-damage|p2a: Zapdos|20\/100\n|-damage|p1a: Meowscarada|81\/100|[from] item: Life Orb\n|move|p2a: Zapdos|Brave Bird|p1a: Meowscarada\n|-damage|p1a: Meowscarada|0 fnt\n|faint|p1a: Meowscarada\n|-damage|p2a: Zapdos|0 fnt|[from] Recoil\n|faint|p2a: Zapdos\n|\n|upkeep\n|inactive|bhfzx has 120 seconds left.\n|\n|t:|1699968445\n|switch|p1a: Sneasler|Sneasler, M|100\/100\n|switch|p2a: Sandy Shocks|Sandy Shocks|100\/100\n|-ability|p1a: Sneasler|Pressure\n|turn|9\n|inactive|bhfzx has 120 seconds left.\n|\n|t:|1699968463\n|move|p1a: Sneasler|U-turn|p2a: Sandy Shocks\n|-damage|p2a: Sandy Shocks|66\/100\n|-damage|p1a: Sneasler|91\/100|[from] item: Life Orb\n|\n|t:|1699968467\n|switch|p1a: Iron Valiant|Iron Valiant|100\/100|[from] U-turn\n|move|p2a: Sandy Shocks|Earth Power|p1a: Iron Valiant\n|-damage|p1a: Iron Valiant|19\/100\n|\n|upkeep\n|turn|10\n|inactive|bhfzx has 120 seconds left.\n|\n|t:|1699968479\n|-end|p2a: Sandy Shocks|Protosynthesis|[silent]\n|switch|p2a: Wo-Chien|Wo-Chien|32\/100\n|-ability|p2a: Wo-Chien|Tablets of Ruin\n|move|p1a: Iron Valiant|Close Combat|p2a: Wo-Chien\n|-supereffective|p2a: Wo-Chien\n|-damage|p2a: Wo-Chien|0 fnt\n|-unboost|p1a: Iron Valiant|def|1\n|-unboost|p1a: Iron Valiant|spd|1\n|faint|p2a: Wo-Chien\n|-damage|p1a: Iron Valiant|9\/100|[from] item: Life Orb\n|\n|upkeep\n|\n|t:|1699968489\n|switch|p2a: Greninja|Greninja, F|100\/100\n|turn|11\n|inactive|bhfzx has 120 seconds left.\n|\n|t:|1699968509\n|move|p2a: Greninja|Water Shuriken|p1a: Iron Valiant\n|-start|p2a: Greninja|typechange|Water|[from] ability: Protean\n|-damage|p1a: Iron Valiant|0 fnt\n|faint|p1a: Iron Valiant\n|-end|p1a: Iron Valiant|Quark Drive|[silent]\n|-hitcount|p1: Iron Valiant|1\n|-damage|p2a: Greninja|91\/100|[from] item: Life Orb\n|\n|upkeep\n|\n|t:|1699968526\n|switch|p1a: Sneasler|Sneasler, M|91\/100\n|-ability|p1a: Sneasler|Pressure\n|turn|12\n|\n|t:|1699968532\n|move|p2a: Greninja|Surf|p1a: Sneasler\n|-damage|p1a: Sneasler|15\/100\n|-damage|p2a: Greninja|81\/100|[from] item: Life Orb\n|move|p1a: Sneasler|Dire Claw|p2a: Greninja\n|-damage|p2a: Greninja|0 fnt\n|faint|p2a: Greninja\n|-damage|p1a: Sneasler|5\/100|[from] item: Life Orb\n|\n|upkeep\n|\n|t:|1699968539\n|switch|p2a: Cinderace|Cinderace, M|73\/100\n|turn|13\n|inactive|bhfzx has 120 seconds left.\n|\n|t:|1699968548\n|move|p1a: Sneasler|Dire Claw|p2a: Cinderace\n|-damage|p2a: Cinderace|0 fnt\n|faint|p2a: Cinderace\n|-damage|p1a: Sneasler|0 fnt|[from] item: Life Orb\n|faint|p1a: Sneasler\n|\n|upkeep\n|\n|t:|1699968556\n|switch|p1a: Heatran|Heatran, M|100\/100\n|switch|p2a: Sandy Shocks|Sandy Shocks|66\/100\n|turn|14\n|inactive|bhfzx has 120 seconds left.\n|\n|t:|1699968575\n|-terastallize|p2a: Sandy Shocks|Ice\n|-terastallize|p1a: Heatran|Grass\n|move|p2a: Sandy Shocks|Tera Blast|p1a: Heatran|[anim] Tera Blast Ice\n|-supereffective|p1a: Heatran\n|-damage|p1a: Heatran|22\/100\n|move|p1a: Heatran|Tera Blast|p2a: Sandy Shocks|[anim] Tera Blast Grass\n|-damage|p2a: Sandy Shocks|14\/100\n|\n|-heal|p1a: Heatran|29\/100|[from] item: Leftovers\n|upkeep\n|turn|15\n|inactive|bhfzx has 120 seconds left.\n|\n|t:|1699968588\n|move|p2a: Sandy Shocks|Tera Blast|p1a: Heatran|[anim] Tera Blast Ice\n|-supereffective|p1a: Heatran\n|-damage|p1a: Heatran|0 fnt\n|faint|p1a: Heatran\n|\n|win|its dad\n|raw|bhfzx's rating: 1218 &rarr; <strong>1190<\/strong><br \/>(-28 for losing)\n|raw|its dad's rating: 1180 &rarr; <strong>1208<\/strong><br \/>(+28 for winning)\n|c|\u2606its dad|gg\n","uploadtime":1699968607,"views":4,"p1id":"bhfzx","p2id":"itsdad","formatid":"gen9ou","rating":1190,"private":0,"password":""}