{"id":"gen9ou-1991279616","p1":"SylverOmega","p2":"nis298","format":"[Gen 9] OU","log":"|j|\u2606SylverOmega\n|j|\u2606nis298\n|t:|1700063823\n|gametype|singles\n|player|p1|SylverOmega|palmer|1479\n|player|p2|nis298|scientistf|1400\n|teamsize|p1|6\n|teamsize|p2|6\n|gen|9\n|tier|[Gen 9] OU\n|rated|\n|rule|Sleep Clause Mod: Limit one foe put to sleep\n|rule|Species Clause: Limit one of each Pok\u00e9mon\n|rule|OHKO Clause: OHKO moves are banned\n|rule|Evasion Items Clause: Evasion items are banned\n|rule|Evasion Moves Clause: Evasion moves are banned\n|rule|Endless Battle Clause: Forcing endless battles is banned\n|rule|HP Percentage Mod: HP is shown in percentages\n|clearpoke\n|poke|p1|Ribombee, F|\n|poke|p1|Enamorus, F|\n|poke|p1|Kingambit, F|\n|poke|p1|Great Tusk|\n|poke|p1|Ogerpon-Wellspring, F|\n|poke|p1|Ceruledge, M|\n|poke|p2|Zapdos|\n|poke|p2|Great Tusk|\n|poke|p2|Ogerpon-Wellspring, F|\n|poke|p2|Kingambit, M|\n|poke|p2|Heatran, F|\n|poke|p2|Rillaboom, F|\n|teampreview\n|inactive|Battle timer is ON: inactive players will automatically lose when time's up. (requested by nis298)\n|inactive|SylverOmega also wants the timer to be on.\n|c|\u2606SylverOmega|Hf\n|\n|t:|1700063847\n|start\n|switch|p1a: Enamorus|Enamorus, F|100\/100\n|switch|p2a: Zapdos|Zapdos|100\/100\n|turn|1\n|\n|t:|1700063855\n|move|p1a: Enamorus|Moonblast|p2a: Zapdos\n|-damage|p2a: Zapdos|20\/100\n|move|p2a: Zapdos|U-turn|p1a: Enamorus\n|-resisted|p1a: Enamorus\n|-damage|p1a: Enamorus|96\/100\n|\n|t:|1700063864\n|switch|p2a: Kingambit|Kingambit, M|100\/100|[from] U-turn\n|\n|upkeep\n|turn|2\n|\n|t:|1700063875\n|switch|p1a: Ogerpon|Ogerpon-Wellspring, F|100\/100\n|move|p2a: Kingambit|Kowtow Cleave|p1a: Ogerpon\n|-damage|p1a: Ogerpon|35\/100\n|\n|upkeep\n|turn|3\n|\n|t:|1700063883\n|move|p2a: Kingambit|Sucker Punch||[still]\n|-fail|p2a: Kingambit\n|move|p1a: Ogerpon|Swords Dance|p1a: Ogerpon\n|-boost|p1a: Ogerpon|atk|2\n|\n|upkeep\n|turn|4\n|\n|t:|1700063889\n|-end|p2a: Kingambit|fallenundefined|[silent]\n|switch|p2a: Zapdos|Zapdos|20\/100\n|move|p1a: Ogerpon|Ivy Cudgel|p2a: Zapdos|[anim] Ivy Cudgel Water\n|-crit|p2a: Zapdos\n|-damage|p2a: Zapdos|0 fnt\n|faint|p2a: Zapdos\n|\n|upkeep\n|\n|t:|1700063893\n|switch|p2a: Rillaboom|Rillaboom, F|100\/100\n|-fieldstart|move: Grassy Terrain|[from] ability: Grassy Surge|[of] p2a: Rillaboom\n|turn|5\n|\n|t:|1700063906\n|switch|p1a: Kingambit|Kingambit, F|100\/100\n|move|p2a: Rillaboom|Grassy Glide|p1a: Kingambit\n|-resisted|p1a: Kingambit\n|-damage|p1a: Kingambit|78\/100\n|\n|-heal|p1a: Kingambit|84\/100|[from] Grassy Terrain\n|-heal|p1a: Kingambit|91\/100|[from] item: Leftovers\n|upkeep\n|turn|6\n|\n|t:|1700063918\n|switch|p2a: Heatran|Heatran, F|100\/100\n|move|p1a: Kingambit|Swords Dance|p1a: Kingambit\n|-boost|p1a: Kingambit|atk|2\n|\n|-heal|p1a: Kingambit|97\/100|[from] Grassy Terrain\n|-heal|p1a: Kingambit|100\/100|[from] item: Leftovers\n|upkeep\n|turn|7\n|\n|t:|1700063927\n|-end|p1a: Kingambit|fallenundefined|[silent]\n|switch|p1a: Ceruledge|Ceruledge, M|100\/100\n|move|p2a: Heatran|Magma Storm|p1a: Ceruledge\n|-start|p1a: Ceruledge|ability: Flash Fire\n|\n|upkeep\n|turn|8\n|\n|t:|1700063938\n|switch|p2a: Great Tusk|Great Tusk|100\/100\n|move|p1a: Ceruledge|Poltergeist|p2a: Great Tusk\n|-activate|p2a: Great Tusk|move: Poltergeist|Leftovers\n|-damage|p2a: Great Tusk|69\/100\n|\n|-heal|p2a: Great Tusk|75\/100|[from] Grassy Terrain\n|-heal|p2a: Great Tusk|82\/100|[from] item: Leftovers\n|upkeep\n|turn|9\n|\n|t:|1700063949\n|-end|p1a: Ceruledge|ability: Flash Fire|[silent]\n|switch|p1a: Enamorus|Enamorus, F|96\/100\n|move|p2a: Great Tusk|Stealth Rock|p1a: Enamorus\n|-sidestart|p1: SylverOmega|move: Stealth Rock\n|\n|-heal|p2a: Great Tusk|88\/100|[from] Grassy Terrain\n|-heal|p2a: Great Tusk|94\/100|[from] item: Leftovers\n|-fieldend|move: Grassy Terrain\n|upkeep\n|turn|10\n|\n|t:|1700063958\n|-end|p2a: Great Tusk|Protosynthesis|[silent]\n|switch|p2a: Ogerpon|Ogerpon-Wellspring, F|100\/100\n|move|p1a: Enamorus|Earth Power|p2a: Ogerpon\n|-resisted|p2a: Ogerpon\n|-damage|p2a: Ogerpon|73\/100\n|\n|upkeep\n|turn|11\n|\n|t:|1700063967\n|switch|p1a: Ogerpon|Ogerpon-Wellspring, F|35\/100\n|-damage|p1a: Ogerpon|22\/100|[from] Stealth Rock\n|move|p2a: Ogerpon|Power Whip|p1a: Ogerpon\n|-damage|p1a: Ogerpon|0 fnt\n|faint|p1a: Ogerpon\n|\n|upkeep\n|\n|t:|1700063982\n|switch|p1a: Kingambit|Kingambit, F|100\/100\n|-damage|p1a: Kingambit|94\/100|[from] Stealth Rock\n|-activate|p1a: Kingambit|ability: Supreme Overlord\n|-start|p1a: Kingambit|fallen1|[silent]\n|turn|12\n|\n|t:|1700063989\n|move|p2a: Ogerpon|Ivy Cudgel|p1a: Kingambit|[anim] Ivy Cudgel Water\n|-damage|p1a: Kingambit|46\/100\n|move|p1a: Kingambit|Kowtow Cleave|p2a: Ogerpon\n|-damage|p2a: Ogerpon|0 fnt\n|faint|p2a: Ogerpon\n|\n|-heal|p1a: Kingambit|52\/100|[from] item: Leftovers\n|upkeep\n|\n|t:|1700063995\n|switch|p2a: Heatran|Heatran, F|100\/100\n|turn|13\n|\n|t:|1700064002\n|-end|p1a: Kingambit|fallen1|[silent]\n|switch|p1a: Great Tusk|Great Tusk|100\/100\n|-damage|p1a: Great Tusk|98\/100|[from] Stealth Rock\n|-enditem|p1a: Great Tusk|Booster Energy\n|-activate|p1a: Great Tusk|ability: Protosynthesis|[fromitem]\n|-start|p1a: Great Tusk|protosynthesisspe\n|switch|p2a: Rillaboom|Rillaboom, F|100\/100\n|-fieldstart|move: Grassy Terrain|[from] ability: Grassy Surge|[of] p2a: Rillaboom\n|\n|-heal|p1a: Great Tusk|100\/100|[from] Grassy Terrain\n|upkeep\n|turn|14\n|\n|t:|1700064023\n|-terastallize|p1a: Great Tusk|Poison\n|move|p1a: Great Tusk|Bulk Up|p1a: Great Tusk\n|-boost|p1a: Great Tusk|atk|1\n|-boost|p1a: Great Tusk|def|1\n|move|p2a: Rillaboom|Wood Hammer|p1a: Great Tusk\n|-resisted|p1a: Great Tusk\n|-damage|p1a: Great Tusk|74\/100\n|-damage|p2a: Rillaboom|89\/100|[from] Recoil\n|\n|-heal|p1a: Great Tusk|80\/100|[from] Grassy Terrain\n|-heal|p2a: Rillaboom|96\/100|[from] Grassy Terrain\n|upkeep\n|turn|15\n|\n|t:|1700064037\n|switch|p2a: Heatran|Heatran, F|100\/100\n|move|p1a: Great Tusk|Bulk Up|p1a: Great Tusk\n|-boost|p1a: Great Tusk|atk|1\n|-boost|p1a: Great Tusk|def|1\n|\n|-heal|p1a: Great Tusk|86\/100|[from] Grassy Terrain\n|upkeep\n|turn|16\n|\n|t:|1700064049\n|-terastallize|p2a: Heatran|Grass\n|move|p1a: Great Tusk|Ice Spinner|p2a: Heatran\n|-supereffective|p2a: Heatran\n|-damage|p2a: Heatran|22\/100\n|-fieldend|move: Grassy Terrain\n|move|p2a: Heatran|Will-O-Wisp|p1a: Great Tusk\n|-status|p1a: Great Tusk|brn\n|\n|-heal|p2a: Heatran|28\/100|[from] item: Leftovers\n|-damage|p1a: Great Tusk|80\/100 brn|[from] brn\n|upkeep\n|turn|17\n|\n|t:|1700064063\n|switch|p2a: Great Tusk|Great Tusk|94\/100\n|move|p1a: Great Tusk|Close Combat|p2a: Great Tusk\n|-damage|p2a: Great Tusk|66\/100\n|-unboost|p1a: Great Tusk|def|1\n|-unboost|p1a: Great Tusk|spd|1\n|\n|-heal|p2a: Great Tusk|72\/100|[from] item: Leftovers\n|-damage|p1a: Great Tusk|74\/100 brn|[from] brn\n|upkeep\n|turn|18\n|\n|t:|1700064075\n|move|p1a: Great Tusk|Ice Spinner|p2a: Great Tusk\n|-supereffective|p2a: Great Tusk\n|-damage|p2a: Great Tusk|48\/100\n|move|p2a: Great Tusk|Close Combat|p1a: Great Tusk\n|-resisted|p1a: Great Tusk\n|-damage|p1a: Great Tusk|64\/100 brn\n|-unboost|p2a: Great Tusk|def|1\n|-unboost|p2a: Great Tusk|spd|1\n|\n|-heal|p2a: Great Tusk|54\/100|[from] item: Leftovers\n|-damage|p1a: Great Tusk|57\/100 brn|[from] brn\n|upkeep\n|turn|19\n|\n|t:|1700064087\n|-end|p2a: Great Tusk|Protosynthesis|[silent]\n|switch|p2a: Kingambit|Kingambit, M|100\/100\n|-activate|p2a: Kingambit|ability: Supreme Overlord\n|-start|p2a: Kingambit|fallen2|[silent]\n|move|p1a: Great Tusk|Bulk Up|p1a: Great Tusk\n|-boost|p1a: Great Tusk|atk|1\n|-boost|p1a: Great Tusk|def|1\n|\n|-damage|p1a: Great Tusk|51\/100 brn|[from] brn\n|upkeep\n|turn|20\n|\n|t:|1700064100\n|-end|p2a: Kingambit|fallen2|[silent]\n|switch|p2a: Heatran|Heatran, F, tera:Grass|28\/100\n|move|p1a: Great Tusk|Close Combat|p2a: Heatran\n|-damage|p2a: Heatran|0 fnt\n|-unboost|p1a: Great Tusk|def|1\n|-unboost|p1a: Great Tusk|spd|1\n|faint|p2a: Heatran\n|\n|-damage|p1a: Great Tusk|45\/100 brn|[from] brn\n|upkeep\n|\n|t:|1700064109\n|switch|p2a: Rillaboom|Rillaboom, F|96\/100\n|-fieldstart|move: Grassy Terrain|[from] ability: Grassy Surge|[of] p2a: Rillaboom\n|turn|21\n|\n|t:|1700064114\n|move|p1a: Great Tusk|Ice Spinner|p2a: Rillaboom\n|-supereffective|p2a: Rillaboom\n|-damage|p2a: Rillaboom|34\/100\n|-fieldend|move: Grassy Terrain\n|move|p2a: Rillaboom|Wood Hammer|p1a: Great Tusk\n|-resisted|p1a: Great Tusk\n|-damage|p1a: Great Tusk|26\/100 brn\n|-damage|p2a: Rillaboom|26\/100|[from] Recoil\n|\n|-damage|p1a: Great Tusk|20\/100 brn|[from] brn\n|upkeep\n|turn|22\n|\n|t:|1700064126\n|move|p1a: Great Tusk|Close Combat|p2a: Rillaboom\n|-damage|p2a: Rillaboom|0 fnt\n|-unboost|p1a: Great Tusk|def|1\n|-unboost|p1a: Great Tusk|spd|1\n|faint|p2a: Rillaboom\n|\n|-damage|p1a: Great Tusk|14\/100 brn|[from] brn\n|upkeep\n|\n|t:|1700064128\n|switch|p2a: Kingambit|Kingambit, M|100\/100\n|-activate|p2a: Kingambit|ability: Supreme Overlord\n|-start|p2a: Kingambit|fallen4|[silent]\n|turn|23\n|\n|t:|1700064139\n|move|p2a: Kingambit|Sucker Punch||[still]\n|-fail|p2a: Kingambit\n|move|p1a: Great Tusk|Bulk Up|p1a: Great Tusk\n|-boost|p1a: Great Tusk|atk|1\n|-boost|p1a: Great Tusk|def|1\n|\n|-damage|p1a: Great Tusk|8\/100 brn|[from] brn\n|upkeep\n|turn|24\n|\n|t:|1700064148\n|move|p2a: Kingambit|Sucker Punch|p1a: Great Tusk\n|-crit|p1a: Great Tusk\n|-damage|p1a: Great Tusk|0 fnt\n|faint|p1a: Great Tusk\n|-end|p1a: Great Tusk|Protosynthesis|[silent]\n|\n|upkeep\n|\n|t:|1700064155\n|switch|p1a: Ribombee|Ribombee, F|100\/100\n|-damage|p1a: Ribombee|76\/100|[from] Stealth Rock\n|turn|25\n|\n|t:|1700064161\n|move|p1a: Ribombee|Stun Spore|p2a: Kingambit\n|-status|p2a: Kingambit|par\n|cant|p2a: Kingambit|par\n|\n|upkeep\n|turn|26\n|\n|t:|1700064172\n|switch|p1a: Ceruledge|Ceruledge, M|100\/100\n|-damage|p1a: Ceruledge|76\/100|[from] Stealth Rock\n|move|p2a: Kingambit|Kowtow Cleave|p1a: Ceruledge\n|-supereffective|p1a: Ceruledge\n|-damage|p1a: Ceruledge|0 fnt\n|faint|p1a: Ceruledge\n|\n|upkeep\n|\n|t:|1700064183\n|switch|p1a: Enamorus|Enamorus, F|96\/100\n|-damage|p1a: Enamorus|71\/100|[from] Stealth Rock\n|turn|27\n|\n|t:|1700064188\n|-end|p2a: Kingambit|fallen4|[silent]\n|switch|p2a: Great Tusk|Great Tusk|54\/100\n|move|p1a: Enamorus|Earth Power|p2a: Great Tusk\n|-damage|p2a: Great Tusk|0 fnt\n|faint|p2a: Great Tusk\n|-end|p2a: Great Tusk|Protosynthesis|[silent]\n|\n|upkeep\n|\n|t:|1700064192\n|switch|p2a: Kingambit|Kingambit, M|100\/100 par\n|-activate|p2a: Kingambit|ability: Supreme Overlord\n|-start|p2a: Kingambit|fallen5|[silent]\n|turn|28\n|\n|t:|1700064199\n|move|p2a: Kingambit|Sucker Punch|p1a: Enamorus\n|-resisted|p1a: Enamorus\n|-damage|p1a: Enamorus|25\/100\n|move|p1a: Enamorus|Earth Power|p2a: Kingambit\n|-supereffective|p2a: Kingambit\n|-damage|p2a: Kingambit|3\/100 par\n|\n|-heal|p2a: Kingambit|9\/100 par|[from] item: Leftovers\n|upkeep\n|turn|29\n|\n|t:|1700064209\n|move|p2a: Kingambit|Sucker Punch|p1a: Enamorus\n|-resisted|p1a: Enamorus\n|-damage|p1a: Enamorus|0 fnt\n|faint|p1a: Enamorus\n|\n|-heal|p2a: Kingambit|15\/100 par|[from] item: Leftovers\n|upkeep\n|\n|t:|1700064216\n|switch|p1a: Kingambit|Kingambit, F|52\/100\n|-damage|p1a: Kingambit|46\/100|[from] Stealth Rock\n|-activate|p1a: Kingambit|ability: Supreme Overlord\n|-start|p1a: Kingambit|fallen4|[silent]\n|turn|30\n|\n|t:|1700064226\n|move|p1a: Kingambit|Sucker Punch|p2a: Kingambit\n|-resisted|p2a: Kingambit\n|-damage|p2a: Kingambit|0 fnt\n|faint|p2a: Kingambit\n|-end|p2a: Kingambit|fallen5|[silent]\n|\n|win|SylverOmega\n|raw|SylverOmega's rating: 1479 &rarr; <strong>1495<\/strong><br \/>(+16 for winning)\n|raw|nis298's rating: 1400 &rarr; <strong>1384<\/strong><br \/>(-16 for losing)\n|l|\u2606nis298\n","uploadtime":1700064247,"views":10,"p1id":"sylveromega","p2id":"nis298","formatid":"gen9ou","rating":1384,"private":0,"password":""}