{"id":"gen9ou-1988657844","p1":"Pressxrn","p2":"A KlNG\u2655","format":"[Gen 9] OU","log":"|j|\u2606Pressxrn\n|j|\u2606A KlNG\u2655\n|t:|1699747122\n|gametype|singles\n|player|p1|Pressxrn|beauty-gen5bw2|1348\n|player|p2|A KlNG\u2655|rocketexecutive-gen2|1314\n|teamsize|p1|6\n|teamsize|p2|6\n|gen|9\n|tier|[Gen 9] OU\n|rated|\n|rule|Sleep Clause Mod: Limit one foe put to sleep\n|rule|Species Clause: Limit one of each Pok\u00e9mon\n|rule|OHKO Clause: OHKO moves are banned\n|rule|Evasion Items Clause: Evasion items are banned\n|rule|Evasion Moves Clause: Evasion moves are banned\n|rule|Endless Battle Clause: Forcing endless battles is banned\n|rule|HP Percentage Mod: HP is shown in percentages\n|clearpoke\n|poke|p1|Samurott-Hisui, F|\n|poke|p1|Ceruledge, F|\n|poke|p1|Thundurus-Therian, M|\n|poke|p1|Amoonguss, M|\n|poke|p1|Great Tusk|\n|poke|p1|Gholdengo|\n|poke|p2|Greninja-*, M|\n|poke|p2|Dragonite, F|\n|poke|p2|Hoopa-Unbound|\n|poke|p2|Manaphy|\n|poke|p2|Electrode-Hisui|\n|poke|p2|Ninetales-Alola, F|\n|teampreview\n|inactive|Battle timer is ON: inactive players will automatically lose when time's up. (requested by Pressxrn)\n|\n|t:|1699747141\n|start\n|switch|p1a: Kuzko|Gholdengo, shiny|100\/100\n|switch|p2a: Electrode|Electrode-Hisui|100\/100\n|turn|1\n|\n|t:|1699747158\n|move|p2a: Electrode|Discharge|p1a: Kuzko\n|-damage|p1a: Kuzko|72\/100\n|move|p1a: Kuzko|Shadow Ball|p2a: Electrode\n|-damage|p2a: Electrode|42\/100\n|\n|-heal|p1a: Kuzko|78\/100|[from] item: Leftovers\n|upkeep\n|turn|2\n|\n|t:|1699747166\n|move|p2a: Electrode|Discharge|p1a: Kuzko\n|-damage|p1a: Kuzko|49\/100\n|-status|p1a: Kuzko|par\n|cant|p1a: Kuzko|par\n|\n|-heal|p1a: Kuzko|55\/100 par|[from] item: Leftovers\n|upkeep\n|turn|3\n|inactive|A KlNG\u2655 has 120 seconds left.\n|inactive|A KlNG\u2655 has 90 seconds left.\n|\n|t:|1699747232\n|move|p2a: Electrode|Discharge|p1a: Kuzko\n|-damage|p1a: Kuzko|27\/100 par\n|move|p1a: Kuzko|Recover|p1a: Kuzko\n|-heal|p1a: Kuzko|77\/100 par\n|\n|-heal|p1a: Kuzko|84\/100 par|[from] item: Leftovers\n|upkeep\n|turn|4\n|inactive|A KlNG\u2655 has 90 seconds left.\n|\n|t:|1699747243\n|move|p2a: Electrode|Chloroblast|p1a: Kuzko\n|-resisted|p1a: Kuzko\n|-damage|p1a: Kuzko|54\/100 par\n|-damage|p2a: Electrode|0 fnt|[from] Recoil\n|faint|p2a: Electrode\n|move|p1a: Kuzko|Shadow Ball|p2: Electrode|[notarget]\n|-fail|p1a: Kuzko\n|\n|-heal|p1a: Kuzko|60\/100 par|[from] item: Leftovers\n|upkeep\n|\n|t:|1699747246\n|switch|p2a: Manaphy|Manaphy|100\/100\n|turn|5\n|\n|t:|1699747258\n|switch|p1a: Amanita Phalloides|Amoonguss, M, shiny|100\/100\n|move|p2a: Manaphy|Take Heart|p2a: Manaphy\n|-boost|p2a: Manaphy|spa|1\n|-boost|p2a: Manaphy|spd|1\n|\n|upkeep\n|turn|6\n|\n|t:|1699747266\n|move|p2a: Manaphy|Stored Power|p1a: Amanita Phalloides\n|-supereffective|p1a: Amanita Phalloides\n|-damage|p1a: Amanita Phalloides|61\/100\n|-enditem|p1a: Amanita Phalloides|Red Card|[of] p2a: Manaphy\n|drag|p2a: Ninetales|Ninetales-Alola, F|100\/100\n|-weather|Snow|[from] ability: Snow Warning|[of] p2a: Ninetales\n|move|p1a: Amanita Phalloides|Spore|p2a: Ninetales\n|-status|p2a: Ninetales|slp|[from] move: Spore\n|\n|-weather|Snow|[upkeep]\n|upkeep\n|turn|7\n|\n|t:|1699747283\n|switch|p1a: Kuzko|Gholdengo, shiny|60\/100 par\n|cant|p2a: Ninetales|slp\n|\n|-weather|Snow|[upkeep]\n|-heal|p1a: Kuzko|66\/100 par|[from] item: Leftovers\n|upkeep\n|turn|8\n|\n|t:|1699747303\n|cant|p2a: Ninetales|slp\n|move|p1a: Kuzko|Make It Rain|p2a: Ninetales\n|-supereffective|p2a: Ninetales\n|-damage|p2a: Ninetales|0 fnt\n|-unboost|p1a: Kuzko|spa|1\n|faint|p2a: Ninetales\n|\n|-weather|Snow|[upkeep]\n|-heal|p1a: Kuzko|72\/100 par|[from] item: Leftovers\n|upkeep\n|\n|t:|1699747307\n|switch|p2a: Greninja|Greninja, M|100\/100\n|turn|9\n|\n|t:|1699747315\n|switch|p1a: Sekiro|Samurott-Hisui, F, shiny|100\/100\n|move|p2a: Greninja|Dark Pulse|p1a: Sekiro\n|-resisted|p1a: Sekiro\n|-damage|p1a: Sekiro|76\/100\n|\n|-weather|Snow|[upkeep]\n|upkeep\n|turn|10\n|\n|t:|1699747322\n|-terastallize|p2a: Greninja|Poison\n|move|p1a: Sekiro|Ceaseless Edge|p2a: Greninja\n|-damage|p2a: Greninja|26\/100\n|-sidestart|p2: A KlNG\u2655|Spikes\n|move|p2a: Greninja|Low Kick|p1a: Sekiro\n|-supereffective|p1a: Sekiro\n|-damage|p1a: Sekiro|34\/100\n|\n|-weather|none\n|upkeep\n|turn|11\n|-message|A KlNG\u2655 forfeited.\n|\n|win|Pressxrn\n|raw|Pressxrn's rating: 1348 &rarr; <strong>1366<\/strong><br \/>(+18 for winning)\n|raw|A KlNG\u2655's rating: 1314 &rarr; <strong>1296<\/strong><br \/>(-18 for losing)\n|l|\u2606A KlNG\u2655\n","uploadtime":1699747481,"views":10,"p1id":"pressxrn","p2id":"aklng","formatid":"gen9ou","rating":1296,"private":0,"password":""}