{"id":"gen9ou-1991941794","p1":"Zovafire","p2":"Demotixnn","format":"[Gen 9] OU","log":"|j|\u2606Zovafire\n|j|\u2606Demotixnn\n|t:|1700140796\n|gametype|singles\n|player|p1|Zovafire|roxie|1462\n|player|p2|Demotixnn|clair|1372\n|teamsize|p1|6\n|teamsize|p2|6\n|gen|9\n|tier|[Gen 9] OU\n|rated|\n|rule|Sleep Clause Mod: Limit one foe put to sleep\n|rule|Species Clause: Limit one of each Pok\u00e9mon\n|rule|OHKO Clause: OHKO moves are banned\n|rule|Evasion Items Clause: Evasion items are banned\n|rule|Evasion Moves Clause: Evasion moves are banned\n|rule|Endless Battle Clause: Forcing endless battles is banned\n|rule|HP Percentage Mod: HP is shown in percentages\n|clearpoke\n|poke|p1|Great Tusk|\n|poke|p1|Ogerpon-Wellspring, F|\n|poke|p1|Hatterene, F|\n|poke|p1|Kingambit, M|\n|poke|p1|Meowscarada, F|\n|poke|p1|Ninetales-Alola, F|\n|poke|p2|Dragapult, M|\n|poke|p2|Greninja-*, M|\n|poke|p2|Iron Valiant|\n|poke|p2|Zapdos|\n|poke|p2|Kingambit, M|\n|poke|p2|Landorus-Therian, M|\n|teampreview\n|inactive|Battle timer is ON: inactive players will automatically lose when time's up. (requested by Zovafire)\n|\n|t:|1700140799\n|start\n|switch|p1a: Shiver Tails|Ninetales-Alola, F|100\/100\n|switch|p2a: Greninja|Greninja, M|100\/100\n|-weather|Snow|[from] ability: Snow Warning|[of] p1a: Shiver Tails\n|turn|1\n|\n|t:|1700140804\n|move|p2a: Greninja|Toxic Spikes|p1a: Shiver Tails\n|-sidestart|p1: Zovafire|move: Toxic Spikes\n|move|p1a: Shiver Tails|Moonblast|p2a: Greninja\n|-supereffective|p2a: Greninja\n|-damage|p2a: Greninja|12\/100\n|-unboost|p2a: Greninja|spa|1\n|\n|-weather|Snow|[upkeep]\n|upkeep\n|turn|2\n|\n|t:|1700140809\n|move|p2a: Greninja|Spikes|p1a: Shiver Tails\n|-sidestart|p1: Zovafire|Spikes\n|move|p1a: Shiver Tails|Aurora Veil|p1a: Shiver Tails\n|-sidestart|p1: Zovafire|move: Aurora Veil\n|\n|-weather|Snow|[upkeep]\n|upkeep\n|turn|3\n|\n|t:|1700140819\n|switch|p2a: Landorus|Landorus-Therian, M|100\/100\n|-ability|p2a: Landorus|Intimidate|boost\n|-unboost|p1a: Shiver Tails|atk|1\n|switch|p1a: Fungal Witch|Hatterene, F|100\/100\n|-status|p1a: Fungal Witch|psn\n|-damage|p1a: Fungal Witch|88\/100 psn|[from] Spikes\n|\n|-weather|Snow|[upkeep]\n|-heal|p1a: Fungal Witch|94\/100 psn|[from] item: Leftovers\n|-damage|p1a: Fungal Witch|82\/100 psn|[from] psn\n|upkeep\n|turn|4\n|\n|t:|1700140827\n|move|p2a: Landorus|Earthquake|p1a: Fungal Witch\n|-damage|p1a: Fungal Witch|59\/100 psn\n|move|p1a: Fungal Witch|Calm Mind|p1a: Fungal Witch\n|-boost|p1a: Fungal Witch|spa|1\n|-boost|p1a: Fungal Witch|spd|1\n|\n|-weather|Snow|[upkeep]\n|-heal|p1a: Fungal Witch|65\/100 psn|[from] item: Leftovers\n|-damage|p1a: Fungal Witch|52\/100 psn|[from] psn\n|upkeep\n|turn|5\n|\n|t:|1700140831\n|move|p2a: Landorus|Earthquake|p1a: Fungal Witch\n|-damage|p1a: Fungal Witch|28\/100 psn\n|move|p1a: Fungal Witch|Calm Mind|p1a: Fungal Witch\n|-boost|p1a: Fungal Witch|spa|1\n|-boost|p1a: Fungal Witch|spd|1\n|\n|-weather|none\n|-heal|p1a: Fungal Witch|34\/100 psn|[from] item: Leftovers\n|-damage|p1a: Fungal Witch|21\/100 psn|[from] psn\n|upkeep\n|turn|6\n|\n|t:|1700140840\n|move|p2a: Landorus|Earthquake|p1a: Fungal Witch\n|-damage|p1a: Fungal Witch|0 fnt\n|faint|p1a: Fungal Witch\n|\n|upkeep\n|\n|t:|1700140843\n|switch|p1a: Shiver Tails|Ninetales-Alola, F|100\/100\n|-status|p1a: Shiver Tails|psn\n|-damage|p1a: Shiver Tails|88\/100 psn|[from] Spikes\n|-weather|Snow|[from] ability: Snow Warning|[of] p1a: Shiver Tails\n|turn|7\n|\n|t:|1700140870\n|switch|p2a: Greninja|Greninja, M|12\/100\n|move|p1a: Shiver Tails|Freeze-Dry|p2a: Greninja\n|-supereffective|p2a: Greninja\n|-damage|p2a: Greninja|0 fnt\n|faint|p2a: Greninja\n|\n|-weather|Snow|[upkeep]\n|-damage|p1a: Shiver Tails|76\/100 psn|[from] psn\n|upkeep\n|inactive|Demotixnn has 120 seconds left.\n|\n|t:|1700140888\n|switch|p2a: Kingambit|Kingambit, M|100\/100\n|-activate|p2a: Kingambit|ability: Supreme Overlord\n|-start|p2a: Kingambit|fallen1|[silent]\n|turn|8\n|inactive|Demotixnn has 120 seconds left.\n|\n|t:|1700140896\n|switch|p1a: Great Tusk|Great Tusk|100\/100\n|-status|p1a: Great Tusk|psn\n|-damage|p1a: Great Tusk|88\/100 psn|[from] Spikes\n|-enditem|p1a: Great Tusk|Booster Energy\n|-activate|p1a: Great Tusk|ability: Protosynthesis|[fromitem]\n|-start|p1a: Great Tusk|protosynthesisspe\n|move|p2a: Kingambit|Iron Head|p1a: Great Tusk\n|-damage|p1a: Great Tusk|72\/100 psn\n|\n|-weather|Snow|[upkeep]\n|-damage|p1a: Great Tusk|59\/100 psn|[from] psn\n|upkeep\n|turn|9\n|\n|t:|1700140900\n|-end|p2a: Kingambit|fallen1|[silent]\n|switch|p2a: Landorus|Landorus-Therian, M|100\/100\n|-ability|p2a: Landorus|Intimidate|boost\n|-unboost|p1a: Great Tusk|atk|1\n|move|p1a: Great Tusk|Bulk Up|p1a: Great Tusk\n|-boost|p1a: Great Tusk|atk|1\n|-boost|p1a: Great Tusk|def|1\n|\n|-weather|Snow|[upkeep]\n|-damage|p1a: Great Tusk|47\/100 psn|[from] psn\n|-sideend|p1: Zovafire|move: Aurora Veil\n|upkeep\n|turn|10\n|\n|t:|1700140908\n|move|p2a: Landorus|Earthquake|p1a: Great Tusk\n|-damage|p1a: Great Tusk|24\/100 psn\n|move|p1a: Great Tusk|Ice Spinner|p2a: Landorus\n|-supereffective|p2a: Landorus\n|-damage|p2a: Landorus|0 fnt\n|faint|p2a: Landorus\n|\n|-weather|Snow|[upkeep]\n|-damage|p1a: Great Tusk|11\/100 psn|[from] psn\n|upkeep\n|\n|t:|1700140925\n|switch|p2a: Iron Valiant|Iron Valiant|100\/100\n|-enditem|p2a: Iron Valiant|Booster Energy\n|-activate|p2a: Iron Valiant|ability: Quark Drive|[fromitem]\n|-start|p2a: Iron Valiant|quarkdrivespe\n|turn|11\n|\n|t:|1700140930\n|move|p2a: Iron Valiant|Moonblast|p1a: Great Tusk\n|-supereffective|p1a: Great Tusk\n|-crit|p1a: Great Tusk\n|-damage|p1a: Great Tusk|0 fnt\n|faint|p1a: Great Tusk\n|-end|p1a: Great Tusk|Protosynthesis|[silent]\n|\n|-weather|none\n|upkeep\n|\n|t:|1700140932\n|switch|p1a: Purring Mask|Meowscarada, F, shiny|100\/100\n|-status|p1a: Purring Mask|psn\n|-damage|p1a: Purring Mask|88\/100 psn|[from] Spikes\n|turn|12\n|\n|t:|1700140936\n|move|p1a: Purring Mask|Play Rough|p2a: Iron Valiant\n|-start|p1a: Purring Mask|typechange|Fairy|[from] ability: Protean\n|-supereffective|p2a: Iron Valiant\n|-damage|p2a: Iron Valiant|0 fnt\n|faint|p2a: Iron Valiant\n|-end|p2a: Iron Valiant|Quark Drive|[silent]\n|\n|-damage|p1a: Purring Mask|76\/100 psn|[from] psn\n|upkeep\n|\n|t:|1700140946\n|switch|p2a: Kingambit|Kingambit, M|100\/100\n|-activate|p2a: Kingambit|ability: Supreme Overlord\n|-start|p2a: Kingambit|fallen3|[silent]\n|turn|13\n|\n|t:|1700140948\n|switch|p1a: Shiver Tails|Ninetales-Alola, F|76\/100 psn\n|-damage|p1a: Shiver Tails|64\/100 psn|[from] Spikes\n|-weather|Snow|[from] ability: Snow Warning|[of] p1a: Shiver Tails\n|move|p2a: Kingambit|Swords Dance|p2a: Kingambit\n|-boost|p2a: Kingambit|atk|2\n|\n|-weather|Snow|[upkeep]\n|-damage|p1a: Shiver Tails|51\/100 psn|[from] psn\n|upkeep\n|turn|14\n|\n|t:|1700140951\n|move|p1a: Shiver Tails|Encore|p2a: Kingambit\n|-start|p2a: Kingambit|Encore\n|-enditem|p2a: Kingambit|Mental Herb\n|-end|p2a: Kingambit|Encore\n|move|p2a: Kingambit|Iron Head|p1a: Shiver Tails\n|-supereffective|p1a: Shiver Tails\n|-damage|p1a: Shiver Tails|0 fnt\n|faint|p1a: Shiver Tails\n|\n|-weather|Snow|[upkeep]\n|upkeep\n|\n|t:|1700140955\n|switch|p1a: Purring Mask|Meowscarada, F, shiny|76\/100 psn\n|-damage|p1a: Purring Mask|64\/100 psn|[from] Spikes\n|turn|15\n|\n|t:|1700140961\n|move|p2a: Kingambit|Sucker Punch|p1a: Purring Mask\n|-resisted|p1a: Purring Mask\n|-damage|p1a: Purring Mask|0 fnt\n|faint|p1a: Purring Mask\n|\n|-weather|Snow|[upkeep]\n|upkeep\n|\n|t:|1700140964\n|switch|p1a: Iron Overlord|Kingambit, M|100\/100\n|-damage|p1a: Iron Overlord|88\/100|[from] Spikes\n|-activate|p1a: Iron Overlord|ability: Supreme Overlord\n|-start|p1a: Iron Overlord|fallen4|[silent]\n|turn|16\n|\n|t:|1700140968\n|move|p1a: Iron Overlord|Brick Break|p2a: Kingambit\n|-supereffective|p2a: Kingambit\n|-damage|p2a: Kingambit|0 fnt\n|faint|p2a: Kingambit\n|-end|p2a: Kingambit|fallen3|[silent]\n|\n|-weather|Snow|[upkeep]\n|-heal|p1a: Iron Overlord|94\/100|[from] item: Leftovers\n|upkeep\n|\n|t:|1700140972\n|switch|p2a: Dragapult|Dragapult, M|100\/100\n|turn|17\n|\n|t:|1700140976\n|-terastallize|p2a: Dragapult|Fire\n|move|p2a: Dragapult|Tera Blast|p1a: Iron Overlord|[anim] Tera Blast Fire\n|-supereffective|p1a: Iron Overlord\n|-damage|p1a: Iron Overlord|24\/100\n|move|p1a: Iron Overlord|Swords Dance|p1a: Iron Overlord\n|-boost|p1a: Iron Overlord|atk|2\n|\n|-weather|none\n|-heal|p1a: Iron Overlord|30\/100|[from] item: Leftovers\n|upkeep\n|turn|18\n|\n|t:|1700140985\n|move|p1a: Iron Overlord|Sucker Punch|p2a: Dragapult\n|-enditem|p2a: Dragapult|Focus Sash\n|-damage|p2a: Dragapult|1\/100\n|move|p2a: Dragapult|Tera Blast|p1a: Iron Overlord|[anim] Tera Blast Fire\n|-supereffective|p1a: Iron Overlord\n|-damage|p1a: Iron Overlord|0 fnt\n|faint|p1a: Iron Overlord\n|-end|p1a: Iron Overlord|fallen4|[silent]\n|\n|upkeep\n|\n|t:|1700140989\n|switch|p1a: Wellspring Cudgel|Ogerpon-Wellspring, F|100\/100\n|-status|p1a: Wellspring Cudgel|psn\n|-damage|p1a: Wellspring Cudgel|88\/100 psn|[from] Spikes\n|turn|19\n|\n|t:|1700141012\n|-terastallize|p1a: Wellspring Cudgel|Water\n|detailschange|p1a: Wellspring Cudgel|Ogerpon-Wellspring-Tera, F, tera:Water\n|-ability|p1a: Wellspring Cudgel|Embody Aspect (Wellspring)|boost\n|-boost|p1a: Wellspring Cudgel|spd|1\n|move|p2a: Dragapult|Dragon Darts|p1a: Wellspring Cudgel\n|-damage|p1a: Wellspring Cudgel|50\/100 psn\n|-anim|p2a: Dragapult|Dragon Darts|p1a: Wellspring Cudgel\n|-damage|p1a: Wellspring Cudgel|13\/100 psn\n|move|p1a: Wellspring Cudgel|Ivy Cudgel|p2a: Dragapult|[anim] Ivy Cudgel Water\n|-supereffective|p2a: Dragapult\n|-damage|p2a: Dragapult|0 fnt\n|faint|p2a: Dragapult\n|\n|-damage|p1a: Wellspring Cudgel|1\/100 psn|[from] psn\n|upkeep\n|\n|t:|1700141021\n|switch|p2a: Zapdos|Zapdos|100\/100\n|-ability|p2a: Zapdos|Pressure\n|turn|20\n|\n|t:|1700141024\n|move|p1a: Wellspring Cudgel|Ivy Cudgel|p2a: Zapdos|[anim] Ivy Cudgel Water\n|-damage|p2a: Zapdos|30\/100\n|move|p2a: Zapdos|Discharge|p1a: Wellspring Cudgel\n|-supereffective|p1a: Wellspring Cudgel\n|-damage|p1a: Wellspring Cudgel|0 fnt\n|faint|p1a: Wellspring Cudgel\n|\n|win|Demotixnn\n|raw|Zovafire's rating: 1462 &rarr; <strong>1437<\/strong><br \/>(-25 for losing)\n|raw|Demotixnn's rating: 1372 &rarr; <strong>1397<\/strong><br \/>(+25 for winning)\n|l|\u2606Demotixnn\n","uploadtime":1700141034,"views":13,"p1id":"zovafire","p2id":"demotixnn","formatid":"gen9ou","rating":1397,"private":0,"password":""}