{"id":"gen9ou-1989140921","p1":"Pokeman208115","p2":"Sleo2123","format":"[Gen 9] OU","log":"|j|\u2606Pokeman208115\n|j|\u2606Sleo2123\n|t:|1699816597\n|gametype|singles\n|player|p1|Pokeman208115|red|1338\n|player|p2|Sleo2123|169|1315\n|teamsize|p1|6\n|teamsize|p2|6\n|gen|9\n|tier|[Gen 9] OU\n|rated|\n|rule|Sleep Clause Mod: Limit one foe put to sleep\n|rule|Species Clause: Limit one of each Pok\u00e9mon\n|rule|OHKO Clause: OHKO moves are banned\n|rule|Evasion Items Clause: Evasion items are banned\n|rule|Evasion Moves Clause: Evasion moves are banned\n|rule|Endless Battle Clause: Forcing endless battles is banned\n|rule|HP Percentage Mod: HP is shown in percentages\n|clearpoke\n|poke|p1|Ribombee, M|\n|poke|p1|Gholdengo|\n|poke|p1|Great Tusk|\n|poke|p1|Arcanine-Hisui, M|\n|poke|p1|Sandaconda, F|\n|poke|p1|Goodra-Hisui, F|\n|poke|p2|Rillaboom, M|\n|poke|p2|Ceruledge, M|\n|poke|p2|Iron Moth|\n|poke|p2|Sneasler, F|\n|poke|p2|Heatran, M|\n|poke|p2|Magnezone|\n|teampreview\n|inactive|Battle timer is ON: inactive players will automatically lose when time's up. (requested by Sleo2123)\n|\n|t:|1699816616\n|start\n|switch|p1a: Ribombee|Ribombee, M|100\/100\n|switch|p2a: Ceruledge|Ceruledge, M, shiny|100\/100\n|turn|1\n|\n|t:|1699816620\n|move|p1a: Ribombee|Stun Spore|p2a: Ceruledge\n|-status|p2a: Ceruledge|par\n|move|p2a: Ceruledge|Swords Dance|p2a: Ceruledge\n|-boost|p2a: Ceruledge|atk|2\n|\n|upkeep\n|turn|2\n|\n|t:|1699816623\n|move|p2a: Ceruledge|Shadow Sneak|p1a: Ribombee\n|-damage|p1a: Ribombee|18\/100\n|move|p1a: Ribombee|Sticky Web|p2a: Ceruledge\n|-sidestart|p2: Sleo2123|move: Sticky Web\n|\n|upkeep\n|turn|3\n|\n|t:|1699816626\n|move|p2a: Ceruledge|Shadow Sneak|p1a: Ribombee\n|-damage|p1a: Ribombee|0 fnt\n|faint|p1a: Ribombee\n|\n|upkeep\n|\n|t:|1699816628\n|switch|p1a: Sandaconda|Sandaconda, F|100\/100\n|turn|4\n|\n|t:|1699816634\n|move|p1a: Sandaconda|Coil|p1a: Sandaconda\n|-boost|p1a: Sandaconda|atk|1\n|-boost|p1a: Sandaconda|def|1\n|-boost|p1a: Sandaconda|accuracy|1\n|move|p2a: Ceruledge|Swords Dance|p2a: Ceruledge\n|-boost|p2a: Ceruledge|atk|2\n|\n|upkeep\n|turn|5\n|\n|t:|1699816639\n|move|p1a: Sandaconda|Coil|p1a: Sandaconda\n|-boost|p1a: Sandaconda|atk|1\n|-boost|p1a: Sandaconda|def|1\n|-boost|p1a: Sandaconda|accuracy|1\n|move|p2a: Ceruledge|Poltergeist|p1a: Sandaconda\n|-activate|p1a: Sandaconda|move: Poltergeist|Loaded Dice\n|-damage|p1a: Sandaconda|24\/100\n|\n|upkeep\n|turn|6\n|\n|t:|1699816648\n|-terastallize|p1a: Sandaconda|Dragon\n|move|p1a: Sandaconda|Scale Shot|p2a: Ceruledge\n|-damage|p2a: Ceruledge|63\/100 par\n|-ability|p2a: Ceruledge|Weak Armor|boost\n|-unboost|p2a: Ceruledge|def|1\n|-boost|p2a: Ceruledge|spe|2\n|-damage|p2a: Ceruledge|8\/100 par\n|-ability|p2a: Ceruledge|Weak Armor|boost\n|-unboost|p2a: Ceruledge|def|1\n|-boost|p2a: Ceruledge|spe|2\n|-damage|p2a: Ceruledge|0 fnt\n|faint|p2a: Ceruledge\n|-hitcount|p2: Ceruledge|3\n|-unboost|p1a: Sandaconda|def|1\n|-boost|p1a: Sandaconda|spe|1\n|\n|upkeep\n|\n|t:|1699816662\n|switch|p2a: Rillaboom|Rillaboom, M, shiny|100\/100\n|-activate|p2a: Rillaboom|move: Sticky Web\n|-unboost|p2a: Rillaboom|spe|1\n|-fieldstart|move: Grassy Terrain|[from] ability: Grassy Surge|[of] p2a: Rillaboom\n|turn|7\n|\n|t:|1699816664\n|-terastallize|p2a: Rillaboom|Grass\n|move|p2a: Rillaboom|Grassy Glide|p1a: Sandaconda\n|-resisted|p1a: Sandaconda\n|-damage|p1a: Sandaconda|2\/100\n|-damage|p2a: Rillaboom|91\/100|[from] item: Life Orb\n|move|p1a: Sandaconda|Scale Shot|p2a: Rillaboom\n|-damage|p2a: Rillaboom|64\/100\n|-damage|p2a: Rillaboom|39\/100\n|-damage|p2a: Rillaboom|13\/100\n|-damage|p2a: Rillaboom|0 fnt\n|faint|p2a: Rillaboom\n|-hitcount|p2: Rillaboom|4\n|-unboost|p1a: Sandaconda|def|1\n|-boost|p1a: Sandaconda|spe|1\n|\n|-heal|p1a: Sandaconda|8\/100|[from] Grassy Terrain\n|upkeep\n|\n|t:|1699816676\n|switch|p2a: Sneasler|Sneasler, F|100\/100\n|-activate|p2a: Sneasler|move: Sticky Web\n|-unboost|p2a: Sneasler|spe|1\n|-enditem|p2a: Sneasler|Grassy Seed\n|-boost|p2a: Sneasler|def|1|[from] item: Grassy Seed\n|turn|8\n|\n|t:|1699816682\n|move|p1a: Sandaconda|Scale Shot|p2a: Sneasler\n|-damage|p2a: Sneasler|74\/100\n|-damage|p2a: Sneasler|50\/100\n|-damage|p2a: Sneasler|25\/100\n|-damage|p2a: Sneasler|0 fnt\n|faint|p2a: Sneasler\n|-hitcount|p2: Sneasler|4\n|-unboost|p1a: Sandaconda|def|1\n|-boost|p1a: Sandaconda|spe|1\n|\n|-heal|p1a: Sandaconda|14\/100|[from] Grassy Terrain\n|upkeep\n|-message|Sleo2123 forfeited.\n|\n|win|Pokeman208115\n|raw|Pokeman208115's rating: 1338 &rarr; <strong>1357<\/strong><br \/>(+19 for winning)\n|raw|Sleo2123's rating: 1315 &rarr; <strong>1296<\/strong><br \/>(-19 for losing)\n|l|\u2606Sleo2123\n|c|\u2606Pokeman208115|Gg\n","uploadtime":1699816705,"views":13,"p1id":"pokeman208115","p2id":"sleo2123","formatid":"gen9ou","rating":1296,"private":0,"password":""}