{"id":"gen9ou-2000112482","p1":"Ronzi0","p2":"bruhmemoej","format":"[Gen 9] OU","log":"|j|\u2606Ronzi0\n|j|\u2606bruhmemoej\n|t:|1701157066\n|gametype|singles\n|player|p1|Ronzi0|blue|1501\n|player|p2|bruhmemoej|clair|1522\n|teamsize|p1|6\n|teamsize|p2|6\n|gen|9\n|tier|[Gen 9] OU\n|rated|\n|rule|Sleep Clause Mod: Limit one foe put to sleep\n|rule|Species Clause: Limit one of each Pok\u00e9mon\n|rule|OHKO Clause: OHKO moves are banned\n|rule|Evasion Items Clause: Evasion items are banned\n|rule|Evasion Moves Clause: Evasion moves are banned\n|rule|Endless Battle Clause: Forcing endless battles is banned\n|rule|HP Percentage Mod: HP is shown in percentages\n|clearpoke\n|poke|p1|Arcanine-Hisui, M|\n|poke|p1|Greninja-*, M|\n|poke|p1|Corviknight, M|\n|poke|p1|Iron Hands|\n|poke|p1|Slowking-Galar, M|\n|poke|p1|Landorus-Therian, M|\n|poke|p2|Alomomola, F|\n|poke|p2|Slowking-Galar, F|\n|poke|p2|Kingambit, F|\n|poke|p2|Great Tusk|\n|poke|p2|Cinderace, F|\n|poke|p2|Thundurus-Therian, M|\n|teampreview\n|\n|t:|1701157092\n|start\n|switch|p1a: Iron Hands|Iron Hands|100\/100\n|switch|p2a: Alomomola|Alomomola, F|100\/100\n|turn|1\n|inactive|Battle timer is ON: inactive players will automatically lose when time's up. (requested by Ronzi0)\n|\n|t:|1701157098\n|switch|p2a: Great Tusk|Great Tusk|100\/100\n|move|p1a: Iron Hands|Fake Out|p2a: Great Tusk\n|-damage|p2a: Great Tusk|89\/100\n|-damage|p1a: Iron Hands|84\/100|[from] item: Rocky Helmet|[of] p2a: Great Tusk\n|\n|upkeep\n|turn|2\n|\n|t:|1701157109\n|-end|p1a: Iron Hands|Quark Drive|[silent]\n|switch|p1a: Landorus|Landorus-Therian, M|100\/100\n|-ability|p1a: Landorus|Intimidate|boost\n|-unboost|p2a: Great Tusk|atk|1\n|move|p2a: Great Tusk|Stealth Rock|p1a: Landorus\n|-sidestart|p1: Ronzi0|move: Stealth Rock\n|\n|upkeep\n|turn|3\n|\n|t:|1701157117\n|-end|p2a: Great Tusk|Protosynthesis|[silent]\n|switch|p2a: Alomomola|Alomomola, F|100\/100\n|move|p1a: Landorus|Stealth Rock|p2a: Alomomola\n|-sidestart|p2: bruhmemoej|move: Stealth Rock\n|\n|upkeep\n|turn|4\n|\n|t:|1701157133\n|switch|p1a: Corviknight|Corviknight, M|100\/100\n|-damage|p1a: Corviknight|88\/100|[from] Stealth Rock\n|-ability|p1a: Corviknight|Pressure\n|move|p2a: Alomomola|Flip Turn|p1a: Corviknight\n|-damage|p1a: Corviknight|79\/100\n|-damage|p2a: Alomomola|84\/100|[from] item: Rocky Helmet|[of] p1a: Corviknight\n|\n|t:|1701157141\n|switch|p2a: Great Tusk|Great Tusk|89\/100|[from] Flip Turn\n|-damage|p2a: Great Tusk|86\/100|[from] Stealth Rock\n|\n|upkeep\n|turn|5\n|\n|t:|1701157150\n|move|p2a: Great Tusk|Rapid Spin|p1a: Corviknight\n|-resisted|p1a: Corviknight\n|-damage|p1a: Corviknight|74\/100\n|-boost|p2a: Great Tusk|spe|1\n|-damage|p2a: Great Tusk|70\/100|[from] item: Rocky Helmet|[of] p1a: Corviknight\n|-sideend|p2: bruhmemoej|Stealth Rock|[from] move: Rapid Spin|[of] p2a: Great Tusk\n|move|p1a: Corviknight|Defog|p2a: Great Tusk\n|-unboost|p2a: Great Tusk|evasion|1\n|-sideend|p1: Ronzi0|Stealth Rock|[from] move: Defog|[of] p1a: Corviknight\n|\n|upkeep\n|turn|6\n|\n|t:|1701157163\n|move|p2a: Great Tusk|Stealth Rock|p1a: Corviknight\n|-sidestart|p1: Ronzi0|move: Stealth Rock\n|move|p1a: Corviknight|Body Press|p2a: Great Tusk\n|-damage|p2a: Great Tusk|51\/100\n|-damage|p1a: Corviknight|57\/100|[from] item: Rocky Helmet|[of] p2a: Great Tusk\n|\n|upkeep\n|turn|7\n|\n|t:|1701157168\n|-end|p2a: Great Tusk|Protosynthesis|[silent]\n|switch|p2a: Thundurus|Thundurus-Therian, M|100\/100\n|move|p1a: Corviknight|Defog|p2a: Thundurus\n|-unboost|p2a: Thundurus|evasion|1\n|-sideend|p1: Ronzi0|Stealth Rock|[from] move: Defog|[of] p1a: Corviknight\n|\n|upkeep\n|turn|8\n|\n|t:|1701157175\n|switch|p1a: Landorus|Landorus-Therian, M|100\/100\n|-ability|p1a: Landorus|Intimidate|boost\n|-unboost|p2a: Thundurus|atk|1\n|-terastallize|p2a: Thundurus|Flying\n|move|p2a: Thundurus|Tera Blast|p1a: Landorus|[anim] Tera Blast Flying\n|-damage|p1a: Landorus|0 fnt\n|faint|p1a: Landorus\n|\n|upkeep\n|\n|t:|1701157186\n|switch|p1a: Greninja|Greninja, M|100\/100\n|turn|9\n|\n|t:|1701157194\n|switch|p2a: Slowking|Slowking-Galar, F|100\/100\n|move|p1a: Greninja|Hydro Pump|p2a: Slowking\n|-damage|p2a: Slowking|56\/100\n|\n|upkeep\n|turn|10\n|\n|t:|1701157204\n|switch|p1a: Corviknight|Corviknight, M|57\/100\n|-ability|p1a: Corviknight|Pressure\n|switch|p2a: Alomomola|Alomomola, F|100\/100\n|\n|upkeep\n|turn|11\n|\n|t:|1701157210\n|switch|p2a: Thundurus|Thundurus-Therian, M, tera:Flying|100\/100\n|move|p1a: Corviknight|Roost|p1a: Corviknight\n|-heal|p1a: Corviknight|100\/100\n|-singleturn|p1a: Corviknight|move: Roost\n|\n|upkeep\n|turn|12\n|\n|t:|1701157219\n|switch|p1a: Slowking|Slowking-Galar, M|100\/100\n|move|p2a: Thundurus|Volt Switch|p1a: Slowking\n|-damage|p1a: Slowking|66\/100\n|\n|t:|1701157222\n|switch|p2a: Great Tusk|Great Tusk|51\/100|[from] Volt Switch\n|\n|upkeep\n|turn|13\n|\n|t:|1701157228\n|switch|p1a: Corviknight|Corviknight, M|100\/100\n|-ability|p1a: Corviknight|Pressure\n|move|p2a: Great Tusk|Stealth Rock|p1a: Corviknight\n|-sidestart|p1: Ronzi0|move: Stealth Rock\n|\n|upkeep\n|turn|14\n|\n|t:|1701157233\n|-end|p2a: Great Tusk|Protosynthesis|[silent]\n|switch|p2a: Thundurus|Thundurus-Therian, M, tera:Flying|100\/100\n|move|p1a: Corviknight|U-turn|p2a: Thundurus\n|-resisted|p2a: Thundurus\n|-damage|p2a: Thundurus|90\/100\n|\n|t:|1701157243\n|switch|p1a: Slowking|Slowking-Galar, M|99\/100|[from] U-turn\n|\n|upkeep\n|turn|15\n|\n|t:|1701157249\n|move|p2a: Thundurus|Knock Off|p1a: Slowking\n|-supereffective|p1a: Slowking\n|-damage|p1a: Slowking|53\/100\n|-enditem|p1a: Slowking|Heavy-Duty Boots|[from] move: Knock Off|[of] p2a: Thundurus\n|move|p1a: Slowking|Future Sight|p2a: Thundurus\n|-start|p1a: Slowking|move: Future Sight\n|\n|upkeep\n|turn|16\n|\n|t:|1701157257\n|switch|p2a: Kingambit|Kingambit, F|100\/100\n|move|p1a: Slowking|Chilly Reception|p1a: Slowking\n|-weather|Snow\n|\n|t:|1701157264\n|switch|p1a: Corviknight|Corviknight, M|100\/100|[from] Chilly Reception\n|-damage|p1a: Corviknight|88\/100|[from] Stealth Rock\n|-ability|p1a: Corviknight|Pressure\n|\n|-weather|Snow|[upkeep]\n|upkeep\n|turn|17\n|\n|t:|1701157272\n|-end|p2a: Kingambit|fallenundefined|[silent]\n|switch|p2a: Alomomola|Alomomola, F|100\/100\n|move|p1a: Corviknight|Defog|p2a: Alomomola\n|-unboost|p2a: Alomomola|evasion|1\n|-sideend|p1: Ronzi0|Stealth Rock|[from] move: Defog|[of] p1a: Corviknight\n|\n|-weather|Snow|[upkeep]\n|-end|p2a: Alomomola|move: Future Sight\n|-damage|p2a: Alomomola|58\/100\n|upkeep\n|turn|18\n|\n|t:|1701157280\n|move|p1a: Corviknight|U-turn|p2a: Alomomola\n|-damage|p2a: Alomomola|49\/100\n|-enditem|p2a: Alomomola|Red Card|[of] p1a: Corviknight\n|drag|p1a: Greninja|Greninja, M|100\/100\n|move|p2a: Alomomola|Flip Turn|p1a: Greninja\n|-resisted|p1a: Greninja\n|-damage|p1a: Greninja|86\/100\n|\n|t:|1701157288\n|switch|p2a: Slowking|Slowking-Galar, F|89\/100|[from] Flip Turn\n|\n|-weather|Snow|[upkeep]\n|upkeep\n|turn|19\n|\n|t:|1701157309\n|move|p1a: Greninja|Dark Pulse|p2a: Slowking\n|-supereffective|p2a: Slowking\n|-damage|p2a: Slowking|28\/100\n|move|p2a: Slowking|Chilly Reception|p2a: Slowking\n|\n|t:|1701157314\n|switch|p2a: Kingambit|Kingambit, F|100\/100|[from] Chilly Reception\n|\n|-weather|Snow|[upkeep]\n|upkeep\n|turn|20\n|\n|t:|1701157319\n|switch|p1a: Corviknight|Corviknight, M|88\/100\n|-ability|p1a: Corviknight|Pressure\n|-end|p2a: Kingambit|fallenundefined|[silent]\n|switch|p2a: Thundurus|Thundurus-Therian, M, tera:Flying|90\/100\n|\n|-weather|none\n|upkeep\n|turn|21\n|\n|t:|1701157332\n|-terastallize|p1a: Corviknight|Dragon\n|move|p2a: Thundurus|Tera Blast|p1a: Corviknight|[anim] Tera Blast Flying\n|-damage|p1a: Corviknight|3\/100\n|move|p1a: Corviknight|U-turn|p2a: Thundurus\n|-resisted|p2a: Thundurus\n|-damage|p2a: Thundurus|79\/100\n|\n|t:|1701157340\n|switch|p1a: Greninja|Greninja, M|86\/100|[from] U-turn\n|\n|upkeep\n|turn|22\n|\n|t:|1701157347\n|switch|p2a: Alomomola|Alomomola, F|82\/100\n|move|p1a: Greninja|Hydro Pump|p2a: Alomomola|[miss]\n|-miss|p1a: Greninja|p2a: Alomomola\n|\n|upkeep\n|turn|23\n|\n|t:|1701157354\n|switch|p1a: Slowking|Slowking-Galar, M|87\/100\n|move|p2a: Alomomola|Flip Turn|p1a: Slowking\n|-damage|p1a: Slowking|70\/100\n|\n|t:|1701157357\n|switch|p2a: Great Tusk|Great Tusk|51\/100|[from] Flip Turn\n|\n|upkeep\n|turn|24\n|\n|t:|1701157365\n|move|p2a: Great Tusk|Stealth Rock|p1a: Slowking\n|-sidestart|p1: Ronzi0|move: Stealth Rock\n|move|p1a: Slowking|Surf|p2a: Great Tusk\n|-supereffective|p2a: Great Tusk\n|-damage|p2a: Great Tusk|0 fnt\n|faint|p2a: Great Tusk\n|-end|p2a: Great Tusk|Protosynthesis|[silent]\n|\n|upkeep\n|\n|t:|1701157369\n|switch|p2a: Kingambit|Kingambit, F|100\/100\n|-activate|p2a: Kingambit|ability: Supreme Overlord\n|-start|p2a: Kingambit|fallen1|[silent]\n|turn|25\n|\n|t:|1701157374\n|-end|p2a: Kingambit|fallen1|[silent]\n|switch|p2a: Thundurus|Thundurus-Therian, M, tera:Flying|79\/100\n|move|p1a: Slowking|Chilly Reception|p1a: Slowking\n|-weather|Snow\n|\n|t:|1701157382\n|switch|p1a: Greninja|Greninja, M|86\/100|[from] Chilly Reception\n|-damage|p1a: Greninja|74\/100|[from] Stealth Rock\n|\n|-weather|Snow|[upkeep]\n|upkeep\n|turn|26\n|\n|t:|1701157391\n|switch|p2a: Alomomola|Alomomola, F|100\/100\n|move|p1a: Greninja|Dark Pulse|p2a: Alomomola\n|-damage|p2a: Alomomola|50\/100\n|\n|-weather|Snow|[upkeep]\n|upkeep\n|turn|27\n|\n|t:|1701157397\n|switch|p2a: Kingambit|Kingambit, F|100\/100\n|-activate|p2a: Kingambit|ability: Supreme Overlord\n|-start|p2a: Kingambit|fallen1|[silent]\n|move|p1a: Greninja|Dark Pulse|p2a: Kingambit\n|-resisted|p2a: Kingambit\n|-damage|p2a: Kingambit|77\/100\n|\n|-weather|Snow|[upkeep]\n|-heal|p2a: Kingambit|83\/100|[from] item: Leftovers\n|upkeep\n|turn|28\n|\n|t:|1701157408\n|switch|p1a: Corviknight|Corviknight, M, tera:Dragon|3\/100\n|-damage|p1a: Corviknight|0 fnt|[from] Stealth Rock\n|faint|p1a: Corviknight\n|move|p2a: Kingambit|Kowtow Cleave|p1: Corviknight|[notarget]\n|-fail|p2a: Kingambit\n|\n|-weather|Snow|[upkeep]\n|-heal|p2a: Kingambit|89\/100|[from] item: Leftovers\n|upkeep\n|\n|t:|1701157415\n|switch|p1a: Arcanine|Arcanine-Hisui, M|100\/100\n|-damage|p1a: Arcanine|76\/100|[from] Stealth Rock\n|turn|29\n|\n|t:|1701157440\n|-end|p2a: Kingambit|fallen1|[silent]\n|switch|p2a: Alomomola|Alomomola, F|83\/100\n|move|p1a: Arcanine|Head Smash|p2a: Alomomola\n|-damage|p2a: Alomomola|18\/100\n|\n|-weather|none\n|upkeep\n|turn|30\n|\n|t:|1701157447\n|switch|p2a: Kingambit|Kingambit, F|89\/100\n|-activate|p2a: Kingambit|ability: Supreme Overlord\n|-start|p2a: Kingambit|fallen1|[silent]\n|move|p1a: Arcanine|Head Smash|p2a: Kingambit\n|-resisted|p2a: Kingambit\n|-damage|p2a: Kingambit|49\/100\n|\n|-heal|p2a: Kingambit|55\/100|[from] item: Leftovers\n|upkeep\n|turn|31\n|\n|t:|1701157459\n|switch|p1a: Iron Hands|Iron Hands|84\/100\n|-damage|p1a: Iron Hands|78\/100|[from] Stealth Rock\n|move|p2a: Kingambit|Iron Head|p1a: Iron Hands\n|-resisted|p1a: Iron Hands\n|-damage|p1a: Iron Hands|59\/100\n|\n|-heal|p2a: Kingambit|61\/100|[from] item: Leftovers\n|upkeep\n|turn|32\n|\n|t:|1701157467\n|-end|p2a: Kingambit|fallen1|[silent]\n|switch|p2a: Thundurus|Thundurus-Therian, M, tera:Flying|79\/100\n|move|p1a: Iron Hands|Fake Out|p2a: Thundurus\n|-damage|p2a: Thundurus|53\/100\n|\n|upkeep\n|turn|33\n|\n|t:|1701157479\n|-end|p1a: Iron Hands|Quark Drive|[silent]\n|switch|p1a: Slowking|Slowking-Galar, M|100\/100\n|-damage|p1a: Slowking|88\/100|[from] Stealth Rock\n|move|p2a: Thundurus|Tera Blast|p1a: Slowking|[anim] Tera Blast Flying\n|-damage|p1a: Slowking|33\/100\n|\n|upkeep\n|turn|34\n|\n|t:|1701157493\n|switch|p1a: Arcanine|Arcanine-Hisui, M|76\/100\n|-damage|p1a: Arcanine|51\/100|[from] Stealth Rock\n|move|p2a: Thundurus|Tera Blast|p1a: Arcanine|[anim] Tera Blast Flying\n|-resisted|p1a: Arcanine\n|-crit|p1a: Arcanine\n|-damage|p1a: Arcanine|0 fnt\n|faint|p1a: Arcanine\n|\n|upkeep\n|\n|t:|1701157500\n|switch|p1a: Greninja|Greninja, M|74\/100\n|-damage|p1a: Greninja|62\/100|[from] Stealth Rock\n|turn|35\n|\n|t:|1701157507\n|switch|p2a: Kingambit|Kingambit, F|61\/100\n|-activate|p2a: Kingambit|ability: Supreme Overlord\n|-start|p2a: Kingambit|fallen1|[silent]\n|move|p1a: Greninja|Hydro Pump|p2a: Kingambit\n|-damage|p2a: Kingambit|0 fnt\n|faint|p2a: Kingambit\n|-end|p2a: Kingambit|fallen1|[silent]\n|-ability|p1a: Greninja|Battle Bond|boost\n|-boost|p1a: Greninja|atk|1\n|-boost|p1a: Greninja|spa|1\n|-boost|p1a: Greninja|spe|1\n|-activate|p1a: Greninja|ability: Battle Bond\n|\n|upkeep\n|\n|t:|1701157512\n|switch|p2a: Alomomola|Alomomola, F|51\/100\n|turn|36\n|\n|t:|1701157517\n|move|p1a: Greninja|Hydro Pump|p2a: Alomomola\n|-resisted|p2a: Alomomola\n|-crit|p2a: Alomomola\n|-damage|p2a: Alomomola|0 fnt\n|faint|p2a: Alomomola\n|\n|upkeep\n|\n|t:|1701157527\n|switch|p2a: Slowking|Slowking-Galar, F|61\/100\n|turn|37\n|\n|t:|1701157535\n|switch|p2a: Cinderace|Cinderace, F|100\/100\n|move|p1a: Greninja|Hydro Pump|p2a: Cinderace\n|-supereffective|p2a: Cinderace\n|-damage|p2a: Cinderace|0 fnt\n|faint|p2a: Cinderace\n|\n|upkeep\n|\n|t:|1701157538\n|switch|p2a: Slowking|Slowking-Galar, F|94\/100\n|turn|38\n|\n|t:|1701157541\n|move|p1a: Greninja|Hydro Pump|p2a: Slowking\n|-damage|p2a: Slowking|33\/100\n|move|p2a: Slowking|Sludge Bomb|p1a: Greninja\n|-damage|p1a: Greninja|7\/100\n|\n|upkeep\n|turn|39\n|\n|t:|1701157544\n|move|p1a: Greninja|Hydro Pump|p2a: Slowking\n|-damage|p2a: Slowking|0 fnt\n|faint|p2a: Slowking\n|\n|upkeep\n|\n|t:|1701157546\n|switch|p2a: Thundurus|Thundurus-Therian, M, tera:Flying|53\/100\n|turn|40\n|\n|t:|1701157550\n|move|p1a: Greninja|Hydro Pump|p2a: Thundurus|[miss]\n|-miss|p1a: Greninja|p2a: Thundurus\n|move|p2a: Thundurus|Tera Blast|p1a: Greninja|[anim] Tera Blast Flying\n|-damage|p1a: Greninja|0 fnt\n|faint|p1a: Greninja\n|\n|upkeep\n|\n|t:|1701157555\n|switch|p1a: Iron Hands|Iron Hands|59\/100\n|-damage|p1a: Iron Hands|53\/100|[from] Stealth Rock\n|turn|41\n|\n|t:|1701157558\n|move|p2a: Thundurus|Tera Blast|p1a: Iron Hands|[anim] Tera Blast Flying\n|-damage|p1a: Iron Hands|0 fnt\n|faint|p1a: Iron Hands\n|-end|p1a: Iron Hands|Quark Drive|[silent]\n|\n|upkeep\n|\n|t:|1701157561\n|switch|p1a: Slowking|Slowking-Galar, M|66\/100\n|-damage|p1a: Slowking|54\/100|[from] Stealth Rock\n|turn|42\n|\n|t:|1701157563\n|move|p2a: Thundurus|Tera Blast|p1a: Slowking|[anim] Tera Blast Flying\n|-damage|p1a: Slowking|4\/100\n|move|p1a: Slowking|Sludge Bomb|p2a: Thundurus\n|-damage|p2a: Thundurus|10\/100\n|\n|upkeep\n|turn|43\n|\n|t:|1701157569\n|move|p2a: Thundurus|Tera Blast|p1a: Slowking|[anim] Tera Blast Flying\n|-damage|p1a: Slowking|0 fnt\n|faint|p1a: Slowking\n|\n|win|bruhmemoej\n|raw|Ronzi0's rating: 1501 &rarr; <strong>1482<\/strong><br \/>(-19 for losing)\n|raw|bruhmemoej's rating: 1522 &rarr; <strong>1541<\/strong><br \/>(+19 for winning)\n|c|\u2606bruhmemoej|gg\n|c|\u2606Ronzi0|Nice rng\n|l|\u2606Ronzi0\n|c|\u2606bruhmemoej|7 hits\n|c|\u2606bruhmemoej|1 miss\n","uploadtime":1701157591,"views":12,"p1id":"ronzi0","p2id":"bruhmemoej","formatid":"gen9ou","rating":1482,"private":0,"password":""}