{"id":"gen9ou-1992338786","p1":"Ember to Flames","p2":"Vignette Tsukinose","format":"[Gen 9] OU","log":"|j|\u2606Ember to Flames\n|j|\u2606Vignette Tsukinose\n|t:|1700176276\n|gametype|singles\n|player|p1|Ember to Flames|cyrus-masters|1662\n|player|p2|Vignette Tsukinose|hilda-masters3|1566\n|teamsize|p1|6\n|teamsize|p2|6\n|gen|9\n|tier|[Gen 9] OU\n|rated|\n|rule|Sleep Clause Mod: Limit one foe put to sleep\n|rule|Species Clause: Limit one of each Pok\u00e9mon\n|rule|OHKO Clause: OHKO moves are banned\n|rule|Evasion Items Clause: Evasion items are banned\n|rule|Evasion Moves Clause: Evasion moves are banned\n|rule|Endless Battle Clause: Forcing endless battles is banned\n|rule|HP Percentage Mod: HP is shown in percentages\n|clearpoke\n|poke|p1|Landorus-Therian, M|\n|poke|p1|Ninetales-Alola, M|\n|poke|p1|Sandslash-Alola, M|\n|poke|p1|Enamorus, F|\n|poke|p1|Walking Wake|\n|poke|p1|Great Tusk|\n|poke|p2|Alomomola, F|\n|poke|p2|Slowking-Galar, F|\n|poke|p2|Kingambit, F|\n|poke|p2|Great Tusk|\n|poke|p2|Cinderace, F|\n|poke|p2|Thundurus-Therian, M|\n|teampreview\n|\n|t:|1700176293\n|start\n|switch|p1a: Walking Wake|Walking Wake|100\/100\n|switch|p2a: Cinderace|Cinderace, F|100\/100\n|turn|1\n|\n|t:|1700176302\n|switch|p2a: Slowking|Slowking-Galar, F|100\/100\n|move|p1a: Walking Wake|Draco Meteor|p2a: Slowking\n|-damage|p2a: Slowking|43\/100\n|-unboost|p1a: Walking Wake|spa|2\n|\n|upkeep\n|turn|2\n|\n|t:|1700176322\n|-end|p1a: Walking Wake|Protosynthesis|[silent]\n|switch|p1a: Landorus|Landorus-Therian, M|100\/100\n|-ability|p1a: Landorus|Intimidate|boost\n|-unboost|p2a: Slowking|atk|1\n|move|p2a: Slowking|Future Sight|p1a: Landorus\n|-start|p2a: Slowking|move: Future Sight\n|\n|upkeep\n|turn|3\n|\n|t:|1700176335\n|switch|p2a: Great Tusk|Great Tusk|100\/100\n|move|p1a: Landorus|Substitute|p1a: Landorus\n|-start|p1a: Landorus|Substitute\n|-damage|p1a: Landorus|76\/100\n|\n|-heal|p1a: Landorus|82\/100|[from] item: Leftovers\n|upkeep\n|turn|4\n|\n|t:|1700176342\n|move|p1a: Landorus|Sandsear Storm|p2a: Great Tusk\n|-damage|p2a: Great Tusk|33\/100\n|move|p2a: Great Tusk|Knock Off|p1a: Landorus\n|-end|p1a: Landorus|Substitute\n|\n|-end|p1a: Landorus|move: Future Sight\n|-damage|p1a: Landorus|24\/100\n|-heal|p1a: Landorus|31\/100|[from] item: Leftovers\n|upkeep\n|turn|5\n|\n|t:|1700176356\n|-end|p2a: Great Tusk|Protosynthesis|[silent]\n|switch|p2a: Alomomola|Alomomola, F|100\/100\n|move|p1a: Landorus|Sandsear Storm|p2a: Alomomola\n|-damage|p2a: Alomomola|60\/100\n|-enditem|p2a: Alomomola|Red Card|[of] p1a: Landorus\n|drag|p1a: Great Tusk|Great Tusk|100\/100\n|\n|upkeep\n|turn|6\n|\n|t:|1700176365\n|-end|p1a: Great Tusk|Protosynthesis|[silent]\n|switch|p1a: Walking Wake|Walking Wake|100\/100\n|move|p2a: Alomomola|Scald|p1a: Walking Wake\n|-resisted|p1a: Walking Wake\n|-damage|p1a: Walking Wake|96\/100\n|\n|upkeep\n|turn|7\n|\n|t:|1700176373\n|switch|p2a: Slowking|Slowking-Galar, F|77\/100\n|-terastallize|p1a: Walking Wake|Dragon\n|move|p1a: Walking Wake|Draco Meteor|p2a: Slowking\n|-damage|p2a: Slowking|1\/100\n|-unboost|p1a: Walking Wake|spa|2\n|\n|upkeep\n|turn|8\n|\n|t:|1700176377\n|switch|p2a: Alomomola|Alomomola, F|94\/100\n|move|p1a: Walking Wake|Draco Meteor|p2a: Alomomola\n|-damage|p2a: Alomomola|36\/100\n|-unboost|p1a: Walking Wake|spa|2\n|\n|upkeep\n|turn|9\n|\n|t:|1700176389\n|-end|p1a: Walking Wake|Protosynthesis|[silent]\n|switch|p1a: Ninetales|Ninetales-Alola, M|100\/100\n|-weather|Snow|[from] ability: Snow Warning|[of] p1a: Ninetales\n|switch|p2a: Slowking|Slowking-Galar, F|35\/100\n|\n|-weather|Snow|[upkeep]\n|upkeep\n|turn|10\n|\n|t:|1700176398\n|move|p1a: Ninetales|Hypnosis|p2a: Slowking\n|-status|p2a: Slowking|slp|[from] move: Hypnosis\n|cant|p2a: Slowking|slp\n|\n|-weather|Snow|[upkeep]\n|upkeep\n|turn|11\n|\n|t:|1700176403\n|switch|p2a: Cinderace|Cinderace, F|100\/100\n|move|p1a: Ninetales|Aurora Veil|p1a: Ninetales\n|-sidestart|p1: Ember to Flames|move: Aurora Veil\n|\n|-weather|Snow|[upkeep]\n|upkeep\n|turn|12\n|\n|t:|1700176408\n|move|p2a: Cinderace|Court Change|p2a: Cinderace\n|-start|p2a: Cinderace|typechange|Normal|[from] ability: Libero\n|-swapsideconditions\n|-activate|p2a: Cinderace|move: Court Change\n|move|p1a: Ninetales|Encore|p2a: Cinderace\n|-start|p2a: Cinderace|Encore\n|\n|-weather|Snow|[upkeep]\n|upkeep\n|turn|13\n|\n|t:|1700176417\n|switch|p2a: Alomomola|Alomomola, F|69\/100\n|move|p1a: Ninetales|Aurora Veil|p1a: Ninetales\n|-sidestart|p1: Ember to Flames|move: Aurora Veil\n|\n|-weather|Snow|[upkeep]\n|upkeep\n|turn|14\n|\n|t:|1700176426\n|switch|p2a: Kingambit|Kingambit, F|100\/100\n|move|p1a: Ninetales|Freeze-Dry|p2a: Kingambit\n|-resisted|p2a: Kingambit\n|-damage|p2a: Kingambit|96\/100\n|\n|-weather|Snow|[upkeep]\n|-heal|p2a: Kingambit|100\/100|[from] item: Leftovers\n|upkeep\n|turn|15\n|\n|t:|1700176436\n|switch|p1a: Great Tusk|Great Tusk|100\/100\n|move|p2a: Kingambit|Kowtow Cleave|p1a: Great Tusk\n|-resisted|p1a: Great Tusk\n|-damage|p1a: Great Tusk|94\/100\n|\n|-weather|Snow|[upkeep]\n|-heal|p1a: Great Tusk|99\/100|[from] item: Leftovers\n|-sideend|p2: Vignette Tsukinose|move: Aurora Veil\n|upkeep\n|turn|16\n|\n|t:|1700176443\n|-end|p1a: Great Tusk|Protosynthesis|[silent]\n|switch|p1a: Walking Wake|Walking Wake, tera:Dragon|96\/100\n|-end|p2a: Kingambit|fallenundefined|[silent]\n|switch|p2a: Alomomola|Alomomola, F|100\/100\n|\n|-weather|none\n|upkeep\n|turn|17\n|\n|t:|1700176452\n|move|p1a: Walking Wake|Draco Meteor|p2a: Alomomola\n|-damage|p2a: Alomomola|0 fnt\n|-unboost|p1a: Walking Wake|spa|2\n|faint|p2a: Alomomola\n|\n|-sideend|p1: Ember to Flames|move: Aurora Veil\n|upkeep\n|\n|t:|1700176462\n|switch|p2a: Kingambit|Kingambit, F|100\/100\n|-activate|p2a: Kingambit|ability: Supreme Overlord\n|-start|p2a: Kingambit|fallen1|[silent]\n|turn|18\n|\n|t:|1700176467\n|-end|p1a: Walking Wake|Protosynthesis|[silent]\n|switch|p1a: Great Tusk|Great Tusk|99\/100\n|move|p2a: Kingambit|Kowtow Cleave|p1a: Great Tusk\n|-resisted|p1a: Great Tusk\n|-damage|p1a: Great Tusk|87\/100\n|\n|-heal|p1a: Great Tusk|93\/100|[from] item: Leftovers\n|upkeep\n|turn|19\n|\n|t:|1700176472\n|-end|p2a: Kingambit|fallen1|[silent]\n|switch|p2a: Great Tusk|Great Tusk|33\/100\n|move|p1a: Great Tusk|Close Combat|p2a: Great Tusk\n|-damage|p2a: Great Tusk|0 fnt\n|-unboost|p1a: Great Tusk|def|1\n|-unboost|p1a: Great Tusk|spd|1\n|-damage|p1a: Great Tusk|76\/100|[from] item: Rocky Helmet|[of] p2a: Great Tusk\n|faint|p2a: Great Tusk\n|-end|p2a: Great Tusk|Protosynthesis|[silent]\n|\n|-heal|p1a: Great Tusk|82\/100|[from] item: Leftovers\n|upkeep\n|\n|t:|1700176477\n|switch|p2a: Thundurus|Thundurus-Therian, M|100\/100\n|turn|20\n|\n|t:|1700176481\n|-end|p1a: Great Tusk|Protosynthesis|[silent]\n|switch|p1a: Ninetales|Ninetales-Alola, M|100\/100\n|-weather|Snow|[from] ability: Snow Warning|[of] p1a: Ninetales\n|-terastallize|p2a: Thundurus|Flying\n|move|p2a: Thundurus|Tera Blast|p1a: Ninetales|[anim] Tera Blast Flying\n|-damage|p1a: Ninetales|18\/100\n|\n|-weather|Snow|[upkeep]\n|upkeep\n|turn|21\n|\n|t:|1700176507\n|switch|p1a: Landorus|Landorus-Therian, M|31\/100\n|-ability|p1a: Landorus|Intimidate|boost\n|-unboost|p2a: Thundurus|atk|1\n|switch|p2a: Cinderace|Cinderace, F|100\/100\n|\n|-weather|Snow|[upkeep]\n|-heal|p1a: Landorus|37\/100|[from] item: Leftovers\n|upkeep\n|turn|22\n|\n|t:|1700176516\n|switch|p1a: Great Tusk|Great Tusk|82\/100\n|move|p2a: Cinderace|Pyro Ball|p1a: Great Tusk\n|-damage|p1a: Great Tusk|53\/100\n|\n|-weather|Snow|[upkeep]\n|-heal|p1a: Great Tusk|59\/100|[from] item: Leftovers\n|upkeep\n|turn|23\n|\n|t:|1700176526\n|move|p2a: Cinderace|Will-O-Wisp|p1a: Great Tusk\n|-status|p1a: Great Tusk|brn\n|move|p1a: Great Tusk|Close Combat|p2a: Cinderace\n|-damage|p2a: Cinderace|64\/100\n|-unboost|p1a: Great Tusk|def|1\n|-unboost|p1a: Great Tusk|spd|1\n|\n|-weather|Snow|[upkeep]\n|-heal|p1a: Great Tusk|66\/100 brn|[from] item: Leftovers\n|-damage|p1a: Great Tusk|59\/100 brn|[from] brn\n|upkeep\n|turn|24\n|\n|t:|1700176533\n|-end|p1a: Great Tusk|Protosynthesis|[silent]\n|switch|p1a: Walking Wake|Walking Wake, tera:Dragon|96\/100\n|move|p2a: Cinderace|U-turn|p1a: Walking Wake\n|-start|p2a: Cinderace|typechange|Bug|[from] ability: Libero\n|-damage|p1a: Walking Wake|58\/100\n|\n|t:|1700176536\n|switch|p2a: Kingambit|Kingambit, F|100\/100|[from] U-turn\n|-activate|p2a: Kingambit|ability: Supreme Overlord\n|-start|p2a: Kingambit|fallen2|[silent]\n|\n|-weather|Snow|[upkeep]\n|upkeep\n|turn|25\n|\n|t:|1700176562\n|-end|p1a: Walking Wake|Protosynthesis|[silent]\n|switch|p1a: Great Tusk|Great Tusk|59\/100 brn\n|move|p2a: Kingambit|Iron Head|p1a: Great Tusk\n|-damage|p1a: Great Tusk|34\/100 brn\n|\n|-weather|Snow|[upkeep]\n|-heal|p1a: Great Tusk|40\/100 brn|[from] item: Leftovers\n|-damage|p1a: Great Tusk|34\/100 brn|[from] brn\n|upkeep\n|turn|26\n|\n|t:|1700176571\n|-end|p2a: Kingambit|fallen2|[silent]\n|switch|p2a: Thundurus|Thundurus-Therian, M, tera:Flying|100\/100\n|move|p1a: Great Tusk|Stealth Rock|p2a: Thundurus\n|-sidestart|p2: Vignette Tsukinose|move: Stealth Rock\n|\n|-weather|Snow|[upkeep]\n|-heal|p1a: Great Tusk|40\/100 brn|[from] item: Leftovers\n|-damage|p1a: Great Tusk|34\/100 brn|[from] brn\n|upkeep\n|turn|27\n|\n|t:|1700176580\n|-end|p1a: Great Tusk|Protosynthesis|[silent]\n|switch|p1a: Landorus|Landorus-Therian, M|37\/100\n|-ability|p1a: Landorus|Intimidate|boost\n|-unboost|p2a: Thundurus|atk|1\n|move|p2a: Thundurus|Tera Blast|p1a: Landorus|[anim] Tera Blast Flying\n|-damage|p1a: Landorus|0 fnt\n|faint|p1a: Landorus\n|\n|-weather|none\n|upkeep\n|\n|t:|1700176594\n|switch|p1a: Walking Wake|Walking Wake, tera:Dragon|58\/100\n|turn|28\n|\n|t:|1700176599\n|switch|p2a: Slowking|Slowking-Galar, F|68\/100 slp\n|move|p1a: Walking Wake|Draco Meteor|p2a: Slowking|[miss]\n|-miss|p1a: Walking Wake|p2a: Slowking\n|\n|upkeep\n|turn|29\n|\n|t:|1700176608\n|switch|p2a: Kingambit|Kingambit, F|100\/100\n|-damage|p2a: Kingambit|94\/100|[from] Stealth Rock\n|-activate|p2a: Kingambit|ability: Supreme Overlord\n|-start|p2a: Kingambit|fallen2|[silent]\n|move|p1a: Walking Wake|Draco Meteor|p2a: Kingambit\n|-resisted|p2a: Kingambit\n|-damage|p2a: Kingambit|32\/100\n|-unboost|p1a: Walking Wake|spa|2\n|\n|-heal|p2a: Kingambit|38\/100|[from] item: Leftovers\n|upkeep\n|turn|30\n|\n|t:|1700176621\n|-end|p1a: Walking Wake|Protosynthesis|[silent]\n|switch|p1a: Ninetales|Ninetales-Alola, M|18\/100\n|-weather|Snow|[from] ability: Snow Warning|[of] p1a: Ninetales\n|move|p2a: Kingambit|Sucker Punch||[still]\n|-fail|p2a: Kingambit\n|\n|-weather|Snow|[upkeep]\n|-heal|p2a: Kingambit|44\/100|[from] item: Leftovers\n|upkeep\n|turn|31\n|\n|t:|1700176634\n|switch|p1a: Walking Wake|Walking Wake, tera:Dragon|58\/100\n|-end|p2a: Kingambit|fallen2|[silent]\n|switch|p2a: Cinderace|Cinderace, F|64\/100\n|\n|-weather|Snow|[upkeep]\n|upkeep\n|turn|32\n|\n|t:|1700176642\n|move|p2a: Cinderace|U-turn|p1a: Walking Wake\n|-start|p2a: Cinderace|typechange|Bug|[from] ability: Libero\n|-damage|p1a: Walking Wake|21\/100\n|\n|t:|1700176646\n|switch|p2a: Slowking|Slowking-Galar, F|100\/100 slp|[from] U-turn\n|move|p1a: Walking Wake|Draco Meteor|p2a: Slowking\n|-damage|p2a: Slowking|19\/100 slp\n|-unboost|p1a: Walking Wake|spa|2\n|\n|-weather|Snow|[upkeep]\n|upkeep\n|turn|33\n|\n|t:|1700176654\n|move|p1a: Walking Wake|Draco Meteor|p2a: Slowking\n|-damage|p2a: Slowking|0 fnt\n|-unboost|p1a: Walking Wake|spa|2\n|faint|p2a: Slowking\n|\n|-weather|Snow|[upkeep]\n|upkeep\n|\n|t:|1700176665\n|switch|p2a: Cinderace|Cinderace, F|64\/100\n|turn|34\n|\n|t:|1700176671\n|-end|p1a: Walking Wake|Protosynthesis|[silent]\n|switch|p1a: Great Tusk|Great Tusk|34\/100 brn\n|move|p2a: Cinderace|Court Change|p2a: Cinderace\n|-start|p2a: Cinderace|typechange|Normal|[from] ability: Libero\n|-swapsideconditions\n|-activate|p2a: Cinderace|move: Court Change\n|\n|-weather|Snow|[upkeep]\n|-heal|p1a: Great Tusk|40\/100 brn|[from] item: Leftovers\n|-damage|p1a: Great Tusk|34\/100 brn|[from] brn\n|upkeep\n|turn|35\n|\n|t:|1700176677\n|move|p2a: Cinderace|Pyro Ball|p1a: Great Tusk\n|-damage|p1a: Great Tusk|15\/100 brn\n|move|p1a: Great Tusk|Rapid Spin|p2a: Cinderace\n|-damage|p2a: Cinderace|53\/100\n|-boost|p1a: Great Tusk|spe|1\n|-sideend|p1: Ember to Flames|Stealth Rock|[from] move: Rapid Spin|[of] p1a: Great Tusk\n|\n|-weather|Snow|[upkeep]\n|-heal|p1a: Great Tusk|21\/100 brn|[from] item: Leftovers\n|-damage|p1a: Great Tusk|15\/100 brn|[from] brn\n|upkeep\n|turn|36\n|\n|t:|1700176689\n|move|p2a: Cinderace|Court Change||[still]\n|-swapsideconditions\n|-fail|p2a: Cinderace\n|move|p1a: Great Tusk|Close Combat|p2a: Cinderace\n|-supereffective|p2a: Cinderace\n|-damage|p2a: Cinderace|0 fnt\n|-unboost|p1a: Great Tusk|def|1\n|-unboost|p1a: Great Tusk|spd|1\n|faint|p2a: Cinderace\n|\n|-weather|Snow|[upkeep]\n|-heal|p1a: Great Tusk|21\/100 brn|[from] item: Leftovers\n|-damage|p1a: Great Tusk|15\/100 brn|[from] brn\n|upkeep\n|\n|t:|1700176696\n|switch|p2a: Kingambit|Kingambit, F|44\/100\n|-activate|p2a: Kingambit|ability: Supreme Overlord\n|-start|p2a: Kingambit|fallen4|[silent]\n|turn|37\n|\n|t:|1700176710\n|-end|p2a: Kingambit|fallen4|[silent]\n|switch|p2a: Thundurus|Thundurus-Therian, M, tera:Flying|100\/100\n|move|p1a: Great Tusk|Close Combat|p2a: Thundurus\n|-resisted|p2a: Thundurus\n|-damage|p2a: Thundurus|80\/100\n|-unboost|p1a: Great Tusk|def|1\n|-unboost|p1a: Great Tusk|spd|1\n|\n|-weather|none\n|-heal|p1a: Great Tusk|21\/100 brn|[from] item: Leftovers\n|-damage|p1a: Great Tusk|15\/100 brn|[from] brn\n|upkeep\n|turn|38\n|\n|t:|1700176718\n|move|p1a: Great Tusk|Stealth Rock|p2a: Thundurus\n|-sidestart|p2: Vignette Tsukinose|move: Stealth Rock\n|move|p2a: Thundurus|Tera Blast|p1a: Great Tusk|[anim] Tera Blast Flying\n|-supereffective|p1a: Great Tusk\n|-damage|p1a: Great Tusk|0 fnt\n|faint|p1a: Great Tusk\n|-end|p1a: Great Tusk|Protosynthesis|[silent]\n|\n|upkeep\n|\n|t:|1700176737\n|switch|p1a: Ninetales|Ninetales-Alola, M|18\/100\n|-weather|Snow|[from] ability: Snow Warning|[of] p1a: Ninetales\n|turn|39\n|\n|t:|1700176750\n|move|p1a: Ninetales|Aurora Veil|p1a: Ninetales\n|-sidestart|p1: Ember to Flames|move: Aurora Veil\n|move|p2a: Thundurus|Tera Blast|p1a: Ninetales|[anim] Tera Blast Flying\n|-damage|p1a: Ninetales|0 fnt\n|faint|p1a: Ninetales\n|\n|-weather|Snow|[upkeep]\n|upkeep\n|\n|t:|1700176756\n|switch|p1a: Sandslash|Sandslash-Alola, M, shiny|100\/100\n|turn|40\n|\n|t:|1700176759\n|move|p1a: Sandslash|Ice Spinner|p2a: Thundurus\n|-supereffective|p2a: Thundurus\n|-damage|p2a: Thundurus|0 fnt\n|faint|p2a: Thundurus\n|-damage|p1a: Sandslash|91\/100|[from] item: Life Orb\n|\n|-weather|Snow|[upkeep]\n|upkeep\n|\n|t:|1700176764\n|switch|p2a: Kingambit|Kingambit, F|44\/100\n|-damage|p2a: Kingambit|38\/100|[from] Stealth Rock\n|-activate|p2a: Kingambit|ability: Supreme Overlord\n|-start|p2a: Kingambit|fallen5|[silent]\n|turn|41\n|\n|t:|1700176771\n|move|p2a: Kingambit|Sucker Punch|p1a: Sandslash\n|-damage|p1a: Sandslash|70\/100\n|move|p1a: Sandslash|Earthquake|p2a: Kingambit\n|-supereffective|p2a: Kingambit\n|-damage|p2a: Kingambit|0 fnt\n|faint|p2a: Kingambit\n|-end|p2a: Kingambit|fallen5|[silent]\n|-damage|p1a: Sandslash|60\/100|[from] item: Life Orb\n|\n|win|Ember to Flames\n|raw|Ember to Flames's rating: 1662 &rarr; <strong>1677<\/strong><br \/>(+15 for winning)\n|raw|Vignette Tsukinose's rating: 1566 &rarr; <strong>1551<\/strong><br \/>(-15 for losing)\n|l|\u2606Vignette Tsukinose\n","uploadtime":1700176783,"views":8,"p1id":"embertoflames","p2id":"vignettetsukinose","formatid":"gen9ou","rating":1551,"private":0,"password":""}