{"id":"gen9ou-1997753898","p1":"jamsfield","p2":"Melonscarada","format":"[Gen 9] OU","log":"|j|\u2606jamsfield\n|j|\u2606Melonscarada\n|t:|1700849072\n|gametype|singles\n|player|p1|jamsfield|169|\n|player|p2|Melonscarada|steven|\n|teamsize|p1|6\n|teamsize|p2|6\n|gen|9\n|tier|[Gen 9] OU\n|rule|Sleep Clause Mod: Limit one foe put to sleep\n|rule|Species Clause: Limit one of each Pok\u00e9mon\n|rule|OHKO Clause: OHKO moves are banned\n|rule|Evasion Items Clause: Evasion items are banned\n|rule|Evasion Moves Clause: Evasion moves are banned\n|rule|Endless Battle Clause: Forcing endless battles is banned\n|rule|HP Percentage Mod: HP is shown in percentages\n|clearpoke\n|poke|p1|Alomomola, F|\n|poke|p1|Orthworm, F|\n|poke|p1|Ting-Lu|\n|poke|p1|Quaquaval, M|\n|poke|p1|Chansey, F|\n|poke|p1|Walking Wake|\n|poke|p2|Dragonite, F|\n|poke|p2|Gengar, M|\n|poke|p2|Landorus-Therian, M|\n|poke|p2|Tauros-Paldea-Aqua, M|\n|poke|p2|Cryogonal|\n|poke|p2|Tinkaton, F|\n|teampreview\n|inactive|Battle timer is ON: inactive players will automatically lose when time's up. (requested by jamsfield)\n|inactiveoff|Battle timer is now OFF.\n|c|\u2606jamsfield|Happy Indigenous People's Friday\n|j| Crunning\n|c|\u2606jamsfield|\"Choose Lead\" smh pokemon showdown tryna poison kids minds out here\n|j| Jubstron\n|c|\u2606Melonscarada|got mil? campaign but for Lead\n|c|\u2606jamsfield|Pb & J but the Pb stands for lead\n|c|\u2606jamsfield|oh fuck I can't play this game\n|c|\u2606jamsfield|I'm on my laptop and it's not in night mode\n|j| mdufont\n|c| mdufont|hello\n|c|\u2606jamsfield|oky nvm we fixed it\n|c|\u2606jamsfield|alrighty I think I'm good if you are\n|c|\u2606Melonscarada|good!\n|c| mdufont|josh stays having the goofiest looking team\n|c|\u2606jamsfield|thank you for the kind words my beloved wife\n|\n|t:|1700849285\n|start\n|switch|p1a: Bendin Ingram|Orthworm, F|100\/100\n|switch|p2a: GodOfHammerz|Tinkaton, F|100\/100\n|-ability|p2a: GodOfHammerz|Mold Breaker\n|turn|1\n|c|\u2606Melonscarada|quaquaval dance makes it so much worse\n|l|\u2606Melonscarada\n|player|p2|\n|j|\u2606Melonscarada\n|player|p2|Melonscarada|steven\n|\n|t:|1700849336\n|move|p2a: GodOfHammerz|Stealth Rock|p1a: Bendin Ingram\n|-sidestart|p1: jamsfield|move: Stealth Rock\n|move|p1a: Bendin Ingram|Stealth Rock|p2a: GodOfHammerz\n|-sidestart|p2: Melonscarada|move: Stealth Rock\n|\n|upkeep\n|turn|2\n|c|\u2606Melonscarada|lol\n|c|\u2606jamsfield|you merely adopted the rocks\n|c|\u2606jamsfield|I was born in them\n|c|\u2606jamsfield|wormed in them\n|c| mdufont|wormed in them\n|\n|t:|1700849369\n|switch|p1a: 8-7 babyyy|Alomomola, F|100\/100\n|-damage|p1a: 8-7 babyyy|88\/100|[from] Stealth Rock\n|move|p2a: GodOfHammerz|Knock Off|p1a: 8-7 babyyy\n|-damage|p1a: 8-7 babyyy|75\/100\n|-damage|p2a: GodOfHammerz|84\/100|[from] item: Rocky Helmet|[of] p1a: 8-7 babyyy\n|-enditem|p1a: 8-7 babyyy|Rocky Helmet|[from] move: Knock Off|[of] p2a: GodOfHammerz\n|\n|-heal|p2a: GodOfHammerz|90\/100|[from] item: Leftovers\n|upkeep\n|turn|3\n|c|\u2606jamsfield|hey give that back\n|c| mdufont|girly pop v. girly pop\n|c| mdufont|it's like the mean girls reboot\n|j| Boobydaboobster\n|\n|t:|1700849444\n|switch|p2a: IceIceBaby|Cryogonal|100\/100\n|-damage|p2a: IceIceBaby|75\/100|[from] Stealth Rock\n|move|p1a: 8-7 babyyy|Whirlpool|p2a: IceIceBaby\n|-damage|p2a: IceIceBaby|71\/100\n|-activate|p2a: IceIceBaby|move: Whirlpool|[of] p1a: 8-7 babyyy\n|\n|-heal|p2a: IceIceBaby|77\/100|[from] item: Leftovers\n|-damage|p2a: IceIceBaby|65\/100|[from] move: Whirlpool|[partiallytrapped]\n|upkeep\n|turn|4\n|c| mdufont|god of hammerz, more like c*nty renee rapp\n|\n|t:|1700849468\n|-terastallize|p2a: IceIceBaby|Water\n|move|p1a: 8-7 babyyy|Protect|p1a: 8-7 babyyy\n|-singleturn|p1a: 8-7 babyyy|Protect\n|move|p2a: IceIceBaby|Freeze-Dry|p1a: 8-7 babyyy\n|-activate|p1a: 8-7 babyyy|move: Protect\n|\n|-heal|p2a: IceIceBaby|71\/100|[from] item: Leftovers\n|-damage|p2a: IceIceBaby|58\/100|[from] move: Whirlpool|[partiallytrapped]\n|upkeep\n|turn|5\n|c|\u2606jamsfield|ben's is absolutely the mean girl and mine is absolutely the girl who got bullied so hard she became a horse girl\n|c|\u2606jamsfield|*fish girl\n|\n|t:|1700849491\n|switch|p1a: Bendin Ingram|Orthworm, F|100\/100\n|-damage|p1a: Bendin Ingram|94\/100|[from] Stealth Rock\n|move|p2a: IceIceBaby|Recover|p2a: IceIceBaby\n|-heal|p2a: IceIceBaby|100\/100\n|\n|-heal|p1a: Bendin Ingram|100\/100|[from] item: Leftovers\n|-end|p2a: IceIceBaby|Whirlpool|[partiallytrapped]|[silent]\n|upkeep\n|turn|6\n|\n|t:|1700849570\n|switch|p2a: Ole|Tauros-Paldea-Aqua, M|100\/100\n|-damage|p2a: Ole|94\/100|[from] Stealth Rock\n|-ability|p2a: Ole|Intimidate|boost\n|-unboost|p1a: Bendin Ingram|atk|1\n|move|p1a: Bendin Ingram|Body Press|p2a: Ole\n|-damage|p2a: Ole|67\/100\n|\n|upkeep\n|turn|7\n|\n|t:|1700849593\n|switch|p1a: 8-7 babyyy|Alomomola, F|100\/100\n|-damage|p1a: 8-7 babyyy|88\/100|[from] Stealth Rock\n|move|p2a: Ole|Close Combat|p1a: 8-7 babyyy\n|-damage|p1a: 8-7 babyyy|44\/100\n|-unboost|p2a: Ole|def|1\n|-unboost|p2a: Ole|spd|1\n|\n|upkeep\n|turn|8\n|\n|t:|1700849623\n|switch|p2a: IceIceBaby|Cryogonal, tera:Water|100\/100\n|-damage|p2a: IceIceBaby|88\/100|[from] Stealth Rock\n|move|p1a: 8-7 babyyy|Protect||[still]\n|-fail|p1a: 8-7 babyyy\n|\n|-heal|p2a: IceIceBaby|94\/100|[from] item: Leftovers\n|upkeep\n|turn|9\n|\n|t:|1700849635\n|switch|p1a: Bendin Ingram|Orthworm, F|100\/100\n|-damage|p1a: Bendin Ingram|94\/100|[from] Stealth Rock\n|move|p2a: IceIceBaby|Rapid Spin|p1a: Bendin Ingram\n|-resisted|p1a: Bendin Ingram\n|-damage|p1a: Bendin Ingram|92\/100\n|-boost|p2a: IceIceBaby|spe|1\n|-sideend|p2: Melonscarada|Stealth Rock|[from] move: Rapid Spin|[of] p2a: IceIceBaby\n|\n|-heal|p2a: IceIceBaby|99\/100|[from] item: Leftovers\n|-heal|p1a: Bendin Ingram|99\/100|[from] item: Leftovers\n|upkeep\n|turn|10\n|\n|t:|1700849665\n|switch|p2a: Ole|Tauros-Paldea-Aqua, M|67\/100\n|-ability|p2a: Ole|Intimidate|boost\n|-unboost|p1a: Bendin Ingram|atk|1\n|move|p1a: Bendin Ingram|Stealth Rock|p2a: Ole\n|-sidestart|p2: Melonscarada|move: Stealth Rock\n|\n|-heal|p1a: Bendin Ingram|100\/100|[from] item: Leftovers\n|upkeep\n|turn|11\n|\n|t:|1700849694\n|-terastallize|p1a: Bendin Ingram|Poison\n|move|p2a: Ole|Close Combat|p1a: Bendin Ingram\n|-resisted|p1a: Bendin Ingram\n|-damage|p1a: Bendin Ingram|80\/100\n|-unboost|p2a: Ole|def|1\n|-unboost|p2a: Ole|spd|1\n|move|p1a: Bendin Ingram|Iron Defense|p1a: Bendin Ingram\n|-boost|p1a: Bendin Ingram|def|2\n|\n|-heal|p1a: Bendin Ingram|86\/100|[from] item: Leftovers\n|upkeep\n|turn|12\n|j| MSandsV\n|c| mdufont|staring...\n|c|\u2606jamsfield|mind empty worm\n|\n|t:|1700849802\n|switch|p2a: GodOfHammerz|Tinkaton, F|90\/100\n|-damage|p2a: GodOfHammerz|84\/100|[from] Stealth Rock\n|-ability|p2a: GodOfHammerz|Mold Breaker\n|move|p1a: Bendin Ingram|Body Press|p2a: GodOfHammerz\n|-damage|p2a: GodOfHammerz|0 fnt\n|faint|p2a: GodOfHammerz\n|\n|-heal|p1a: Bendin Ingram|92\/100|[from] item: Leftovers\n|upkeep\n|c|\u2606jamsfield|not a bird in sight, just vibin\n|l| Boobydaboobster\n|\n|t:|1700849913\n|switch|p2a: SheGenOnMyGar|Gengar, M|100\/100\n|-damage|p2a: SheGenOnMyGar|88\/100|[from] Stealth Rock\n|turn|13\n|c| mdufont|i bet gengar eats worms like that guy from nightmare before christmas\n|j| Boobydaboobster\n|c|\u2606jamsfield|:(\n|\n|t:|1700849956\n|switch|p1a: Tyronn-Lue?|Ting-Lu|100\/100\n|-damage|p1a: Tyronn-Lue?|94\/100|[from] Stealth Rock\n|-ability|p1a: Tyronn-Lue?|Vessel of Ruin\n|move|p2a: SheGenOnMyGar|Sludge Bomb|p1a: Tyronn-Lue?\n|-resisted|p1a: Tyronn-Lue?\n|-damage|p1a: Tyronn-Lue?|86\/100\n|-status|p1a: Tyronn-Lue?|psn\n|\n|-damage|p1a: Tyronn-Lue?|73\/100 psn|[from] psn\n|upkeep\n|turn|14\n|c|\u2606jamsfield|aw heck\n|l| Boobydaboobster\n|j| Boobydaboobster\n|\n|t:|1700850004\n|switch|p2a: Lando Calarissian|Landorus-Therian, M|100\/100\n|-damage|p2a: Lando Calarissian|88\/100|[from] Stealth Rock\n|-ability|p2a: Lando Calarissian|Intimidate|boost\n|-unboost|p1a: Tyronn-Lue?|atk|1\n|move|p1a: Tyronn-Lue?|Throat Chop|p2a: Lando Calarissian\n|-damage|p2a: Lando Calarissian|54\/100\n|-start|p2a: Lando Calarissian|Throat Chop|[silent]\n|\n|-heal|p2a: Lando Calarissian|60\/100|[from] item: Leftovers\n|-damage|p1a: Tyronn-Lue?|61\/100 psn|[from] psn\n|upkeep\n|turn|15\n|\n|t:|1700850038\n|switch|p1a: Bendin Ingram|Orthworm, F, tera:Poison|92\/100\n|-damage|p1a: Bendin Ingram|80\/100|[from] Stealth Rock\n|move|p2a: Lando Calarissian|Earthquake|p1a: Bendin Ingram\n|-heal|p1a: Bendin Ingram|100\/100|[from] ability: Earth Eater|[of] p2a: Lando Calarissian\n|\n|-heal|p2a: Lando Calarissian|66\/100|[from] item: Leftovers\n|-end|p2a: Lando Calarissian|Throat Chop|[silent]\n|upkeep\n|turn|16\n|c|\u2606jamsfield|nom nom nom nom\n|l| Boobydaboobster\n|\n|t:|1700850146\n|switch|p2a: SheGenOnMyGar|Gengar, M|88\/100\n|-damage|p2a: SheGenOnMyGar|76\/100|[from] Stealth Rock\n|move|p1a: Bendin Ingram|Body Press|p2a: SheGenOnMyGar\n|-immune|p2a: SheGenOnMyGar\n|\n|upkeep\n|turn|17\n|j| Boobydaboobster\n|\n|t:|1700850191\n|switch|p1a: CJ McChansey|Chansey, F|100\/100\n|-damage|p1a: CJ McChansey|88\/100|[from] Stealth Rock\n|move|p2a: SheGenOnMyGar|Shadow Ball|p1a: CJ McChansey\n|-immune|p1a: CJ McChansey\n|\n|upkeep\n|turn|18\n|l| Boobydaboobster\n|\n|t:|1700850219\n|move|p2a: SheGenOnMyGar|Toxic Spikes|p1a: CJ McChansey\n|-sidestart|p1: jamsfield|move: Toxic Spikes\n|move|p1a: CJ McChansey|Heal Bell|p1a: CJ McChansey\n|-activate|p1a: CJ McChansey|move: Heal Bell\n|-curestatus|p1: Tyronn-Lue?|psn|[msg]\n|\n|upkeep\n|turn|19\n|\n|t:|1700850225\n|move|p2a: SheGenOnMyGar|Toxic Spikes|p1a: CJ McChansey\n|-sidestart|p1: jamsfield|move: Toxic Spikes\n|move|p1a: CJ McChansey|Thunder Wave|p2a: SheGenOnMyGar\n|-status|p2a: SheGenOnMyGar|par\n|\n|upkeep\n|turn|20\n|\n|t:|1700850234\n|move|p2a: SheGenOnMyGar|Knock Off|p1a: CJ McChansey\n|-damage|p1a: CJ McChansey|78\/100\n|-enditem|p1a: CJ McChansey|Eviolite|[from] move: Knock Off|[of] p2a: SheGenOnMyGar\n|move|p1a: CJ McChansey|Sunny Day|p1a: CJ McChansey\n|-weather|SunnyDay\n|\n|-weather|SunnyDay|[upkeep]\n|upkeep\n|turn|21\n|\n|t:|1700850254\n|switch|p1a: Walking Zion|Walking Wake|100\/100\n|-damage|p1a: Walking Zion|88\/100|[from] Stealth Rock\n|-status|p1a: Walking Zion|tox\n|-activate|p1a: Walking Zion|ability: Protosynthesis\n|-start|p1a: Walking Zion|protosynthesisspa\n|move|p2a: SheGenOnMyGar|Sludge Bomb|p1a: Walking Zion\n|-damage|p1a: Walking Zion|36\/100 tox\n|\n|-weather|SunnyDay|[upkeep]\n|-damage|p1a: Walking Zion|30\/100 tox|[from] psn\n|upkeep\n|turn|22\n|\n|t:|1700850286\n|move|p1a: Walking Zion|Hydro Steam|p2a: SheGenOnMyGar\n|-damage|p2a: SheGenOnMyGar|0 fnt\n|faint|p2a: SheGenOnMyGar\n|-damage|p1a: Walking Zion|20\/100 tox|[from] item: Life Orb\n|\n|-weather|SunnyDay|[upkeep]\n|-damage|p1a: Walking Zion|8\/100 tox|[from] psn\n|upkeep\n|\n|t:|1700850311\n|switch|p2a: Ole|Tauros-Paldea-Aqua, M|67\/100\n|-damage|p2a: Ole|61\/100|[from] Stealth Rock\n|-ability|p2a: Ole|Intimidate|boost\n|-unboost|p1a: Walking Zion|atk|1\n|turn|23\n|\n|t:|1700850319\n|move|p1a: Walking Zion|Dragon Pulse|p2a: Ole\n|-damage|p2a: Ole|0 fnt\n|faint|p2a: Ole\n|-damage|p1a: Walking Zion|0 fnt|[from] item: Life Orb\n|faint|p1a: Walking Zion\n|-end|p1a: Walking Zion|Protosynthesis|[silent]\n|\n|-weather|SunnyDay|[upkeep]\n|upkeep\n|\n|t:|1700850332\n|switch|p1a: Bendin Ingram|Orthworm, F, tera:Poison|100\/100\n|switch|p2a: IceIceBaby|Cryogonal, tera:Water|99\/100\n|-damage|p2a: IceIceBaby|88\/100|[from] Stealth Rock\n|-damage|p1a: Bendin Ingram|88\/100|[from] Stealth Rock\n|-sideend|p1: jamsfield|move: Toxic Spikes|[of] p1a: Bendin Ingram\n|turn|24\n|c| MSandsV|V confused by these last few turns lol\n|\n|t:|1700850368\n|move|p2a: IceIceBaby|Rapid Spin|p1a: Bendin Ingram\n|-damage|p1a: Bendin Ingram|84\/100\n|-boost|p2a: IceIceBaby|spe|1\n|-sideend|p2: Melonscarada|Stealth Rock|[from] move: Rapid Spin|[of] p2a: IceIceBaby\n|move|p1a: Bendin Ingram|Iron Defense|p1a: Bendin Ingram\n|-boost|p1a: Bendin Ingram|def|2\n|\n|-weather|none\n|-heal|p2a: IceIceBaby|94\/100|[from] item: Leftovers\n|-heal|p1a: Bendin Ingram|90\/100|[from] item: Leftovers\n|upkeep\n|turn|25\n|\n|t:|1700850378\n|move|p2a: IceIceBaby|Haze|p2a: IceIceBaby\n|-clearallboost\n|move|p1a: Bendin Ingram|Body Press|p2a: IceIceBaby\n|-damage|p2a: IceIceBaby|43\/100\n|\n|-heal|p2a: IceIceBaby|49\/100|[from] item: Leftovers\n|-heal|p1a: Bendin Ingram|96\/100|[from] item: Leftovers\n|upkeep\n|turn|26\n|c| mdufont|that snowflake is spinnin\n|\n|t:|1700850393\n|move|p2a: IceIceBaby|Freeze-Dry|p1a: Bendin Ingram\n|-damage|p1a: Bendin Ingram|62\/100\n|move|p1a: Bendin Ingram|Stealth Rock|p2a: IceIceBaby\n|-sidestart|p2: Melonscarada|move: Stealth Rock\n|\n|-heal|p2a: IceIceBaby|55\/100|[from] item: Leftovers\n|-heal|p1a: Bendin Ingram|68\/100|[from] item: Leftovers\n|upkeep\n|turn|27\n|c| mdufont|josh begs the question -- would you still fight him if he was a worm\n|\n|t:|1700850416\n|move|p2a: IceIceBaby|Rapid Spin|p1a: Bendin Ingram\n|-damage|p1a: Bendin Ingram|64\/100\n|-boost|p2a: IceIceBaby|spe|1\n|-sideend|p2: Melonscarada|Stealth Rock|[from] move: Rapid Spin|[of] p2a: IceIceBaby\n|move|p1a: Bendin Ingram|Body Press|p2a: IceIceBaby\n|-damage|p2a: IceIceBaby|3\/100\n|\n|-heal|p2a: IceIceBaby|9\/100|[from] item: Leftovers\n|-heal|p1a: Bendin Ingram|70\/100|[from] item: Leftovers\n|upkeep\n|turn|28\n|j| Boobydaboobster\n|c|\u2606jamsfield|they squirm me bc i'm wormy\n|\n|t:|1700850443\n|move|p2a: IceIceBaby|Recover|p2a: IceIceBaby\n|-heal|p2a: IceIceBaby|59\/100\n|move|p1a: Bendin Ingram|Body Press|p2a: IceIceBaby\n|-damage|p2a: IceIceBaby|2\/100\n|\n|-heal|p2a: IceIceBaby|8\/100|[from] item: Leftovers\n|-heal|p1a: Bendin Ingram|77\/100|[from] item: Leftovers\n|upkeep\n|turn|29\n|\n|t:|1700850452\n|move|p2a: IceIceBaby|Freeze-Dry|p1a: Bendin Ingram\n|-damage|p1a: Bendin Ingram|41\/100\n|move|p1a: Bendin Ingram|Body Press|p2a: IceIceBaby\n|-damage|p2a: IceIceBaby|0 fnt\n|faint|p2a: IceIceBaby\n|\n|-heal|p1a: Bendin Ingram|47\/100|[from] item: Leftovers\n|upkeep\n|\n|t:|1700850503\n|switch|p2a: Lance's Pal|Dragonite, F|100\/100\n|turn|30\n|c| mdufont|the humble worm against Lance's best... who will win\n|\n|t:|1700850541\n|switch|p1a: CJ McChansey|Chansey, F|78\/100\n|-damage|p1a: CJ McChansey|66\/100|[from] Stealth Rock\n|move|p2a: Lance's Pal|Outrage|p1a: CJ McChansey\n|-damage|p1a: CJ McChansey|1\/100\n|\n|upkeep\n|turn|31\n|c|\u2606jamsfield|this is actually lance's 2nd dragonite, not his 3rd one\n|\n|t:|1700850560\n|move|p2a: Lance's Pal|Outrage|p1a: CJ McChansey|[from]lockedmove\n|-damage|p1a: CJ McChansey|0 fnt\n|faint|p1a: CJ McChansey\n|\n|upkeep\n|\n|t:|1700850568\n|switch|p1a: 8-7 babyyy|Alomomola, F|77\/100\n|-damage|p1a: 8-7 babyyy|65\/100|[from] Stealth Rock\n|turn|32\n|\n|t:|1700850581\n|move|p2a: Lance's Pal|Outrage|p1a: 8-7 babyyy|[from]lockedmove\n|-damage|p1a: 8-7 babyyy|27\/100\n|-start|p2a: Lance's Pal|confusion|[fatigue]\n|move|p1a: 8-7 babyyy|Wish|p1a: 8-7 babyyy\n|\n|upkeep\n|turn|33\n|\n|t:|1700850623\n|move|p1a: 8-7 babyyy|Protect|p1a: 8-7 babyyy\n|-singleturn|p1a: 8-7 babyyy|Protect\n|-activate|p2a: Lance's Pal|confusion\n|move|p2a: Lance's Pal|Outrage|p1a: 8-7 babyyy\n|-activate|p1a: 8-7 babyyy|move: Protect\n|\n|-heal|p1a: 8-7 babyyy|77\/100|[from] move: Wish|[wisher] 8-7 babyyy\n|upkeep\n|turn|34\n|\n|t:|1700850657\n|-activate|p2a: Lance's Pal|confusion\n|move|p2a: Lance's Pal|Outrage|p1a: 8-7 babyyy\n|-damage|p1a: 8-7 babyyy|39\/100\n|move|p1a: 8-7 babyyy|Wish|p1a: 8-7 babyyy\n|\n|upkeep\n|turn|35\n|\n|t:|1700850669\n|move|p1a: 8-7 babyyy|Protect|p1a: 8-7 babyyy\n|-singleturn|p1a: 8-7 babyyy|Protect\n|-activate|p2a: Lance's Pal|confusion\n|-damage|p2a: Lance's Pal|86\/100|[from] confusion\n|\n|-heal|p1a: 8-7 babyyy|89\/100|[from] move: Wish|[wisher] 8-7 babyyy\n|upkeep\n|turn|36\n|\n|t:|1700850696\n|switch|p2a: Lando Calarissian|Landorus-Therian, M|66\/100\n|-ability|p2a: Lando Calarissian|Intimidate|boost\n|-unboost|p1a: 8-7 babyyy|atk|1\n|move|p1a: 8-7 babyyy|Whirlpool|p2a: Lando Calarissian\n|-supereffective|p2a: Lando Calarissian\n|-damage|p2a: Lando Calarissian|51\/100\n|-activate|p2a: Lando Calarissian|move: Whirlpool|[of] p1a: 8-7 babyyy\n|\n|-heal|p2a: Lando Calarissian|58\/100|[from] item: Leftovers\n|-damage|p2a: Lando Calarissian|45\/100|[from] move: Whirlpool|[partiallytrapped]\n|upkeep\n|turn|37\n|c| Boobydaboobster|Whirlpool! Whirlpool!\n|c| MSandsV|F\n|c|\u2606jamsfield|hot tub fish machine\n|\n|t:|1700850727\n|move|p2a: Lando Calarissian|Stone Edge|p1a: 8-7 babyyy\n|-crit|p1a: 8-7 babyyy\n|-damage|p1a: 8-7 babyyy|55\/100\n|move|p1a: 8-7 babyyy|Wish|p1a: 8-7 babyyy\n|\n|-heal|p2a: Lando Calarissian|51\/100|[from] item: Leftovers\n|-damage|p2a: Lando Calarissian|39\/100|[from] move: Whirlpool|[partiallytrapped]\n|upkeep\n|turn|38\n|\n|t:|1700850744\n|move|p2a: Lando Calarissian|Stone Edge|p1a: 8-7 babyyy\n|-damage|p1a: 8-7 babyyy|33\/100\n|move|p1a: 8-7 babyyy|Flip Turn|p2a: Lando Calarissian\n|-supereffective|p2a: Lando Calarissian\n|-damage|p2a: Lando Calarissian|13\/100\n|\n|t:|1700850749\n|switch|p1a: Bendin Ingram|Orthworm, F, tera:Poison|47\/100|[from] Flip Turn\n|-damage|p1a: Bendin Ingram|35\/100|[from] Stealth Rock\n|\n|-heal|p1a: Bendin Ingram|100\/100|[from] move: Wish|[wisher] 8-7 babyyy\n|-heal|p2a: Lando Calarissian|19\/100|[from] item: Leftovers\n|-end|p2a: Lando Calarissian|Whirlpool|[partiallytrapped]|[silent]\n|upkeep\n|turn|39\n|\n|t:|1700850770\n|move|p2a: Lando Calarissian|Stone Edge|p1a: Bendin Ingram\n|-damage|p1a: Bendin Ingram|79\/100\n|move|p1a: Bendin Ingram|Iron Defense|p1a: Bendin Ingram\n|-boost|p1a: Bendin Ingram|def|2\n|\n|-heal|p2a: Lando Calarissian|25\/100|[from] item: Leftovers\n|-heal|p1a: Bendin Ingram|85\/100|[from] item: Leftovers\n|upkeep\n|turn|40\n|c| mdufont|that's one caked up defensive worm\n|\n|t:|1700850817\n|switch|p2a: Lance's Pal|Dragonite, F|86\/100\n|move|p1a: Bendin Ingram|Body Press|p2a: Lance's Pal\n|-resisted|p2a: Lance's Pal\n|-damage|p2a: Lance's Pal|53\/100\n|\n|-heal|p1a: Bendin Ingram|92\/100|[from] item: Leftovers\n|upkeep\n|turn|41\n|\n|t:|1700850837\n|move|p2a: Lance's Pal|Outrage|p1a: Bendin Ingram\n|-damage|p1a: Bendin Ingram|75\/100\n|move|p1a: Bendin Ingram|Iron Defense|p1a: Bendin Ingram\n|-boost|p1a: Bendin Ingram|def|2\n|\n|-heal|p1a: Bendin Ingram|81\/100|[from] item: Leftovers\n|upkeep\n|turn|42\n|\n|t:|1700850850\n|move|p2a: Lance's Pal|Outrage|p1a: Bendin Ingram|[from]lockedmove\n|-damage|p1a: Bendin Ingram|70\/100\n|move|p1a: Bendin Ingram|Iron Defense|p1a: Bendin Ingram\n|-boost|p1a: Bendin Ingram|def|2\n|\n|-heal|p1a: Bendin Ingram|76\/100|[from] item: Leftovers\n|upkeep\n|turn|43\n|\n|t:|1700850858\n|move|p2a: Lance's Pal|Outrage|p1a: Bendin Ingram|[from]lockedmove\n|-damage|p1a: Bendin Ingram|66\/100\n|-start|p2a: Lance's Pal|confusion|[fatigue]\n|move|p1a: Bendin Ingram|Body Press|p2a: Lance's Pal\n|-resisted|p2a: Lance's Pal\n|-damage|p2a: Lance's Pal|0 fnt\n|faint|p2a: Lance's Pal\n|\n|-heal|p1a: Bendin Ingram|73\/100|[from] item: Leftovers\n|upkeep\n|\n|t:|1700850867\n|switch|p2a: Lando Calarissian|Landorus-Therian, M|25\/100\n|-ability|p2a: Lando Calarissian|Intimidate|boost\n|-unboost|p1a: Bendin Ingram|atk|1\n|turn|44\n|c|\u2606jamsfield|just like the pelicans, best defense in the league\n|\n|t:|1700850876\n|move|p2a: Lando Calarissian|Stone Edge|p1a: Bendin Ingram\n|-crit|p1a: Bendin Ingram\n|-damage|p1a: Bendin Ingram|42\/100\n|move|p1a: Bendin Ingram|Body Press|p2a: Lando Calarissian\n|-resisted|p2a: Lando Calarissian\n|-damage|p2a: Lando Calarissian|0 fnt\n|faint|p2a: Lando Calarissian\n|\n|win|jamsfield\n|c|\u2606jamsfield|gg\n|c| Jubstron|ggssss\n|c|\u2606Melonscarada|stupid worm\n|c| Crunning|gg!\n|c|\u2606Melonscarada|gg\n|c| Boobydaboobster|GG\n|c| MSandsV|Gg\n|c|\u2606jamsfield|poison worm said never again toxic spikes\n|c| mdufont|gg\n|l| mdufont\n|l| Crunning\n|c| Boobydaboobster|I pictured him doing the worm everytime he body pressed\n","uploadtime":1700850933,"views":2,"p1id":"jamsfield","p2id":"melonscarada","formatid":"gen9ou","rating":0,"private":0,"password":""}