{"id":"gen9ou-1997216985","p1":"Horrific17","p2":"Ruffbot","format":"[Gen 9] OU","log":"|j|\u2606Horrific17\n|j|\u2606Ruffbot\n|t:|1700776651\n|gametype|singles\n|player|p1|Horrific17|acetrainerf-gen4dp|\n|player|p2|Ruffbot|youngster-gen6xy|\n|teamsize|p1|6\n|teamsize|p2|6\n|gen|9\n|tier|[Gen 9] OU\n|rule|Sleep Clause Mod: Limit one foe put to sleep\n|rule|Species Clause: Limit one of each Pok\u00e9mon\n|rule|OHKO Clause: OHKO moves are banned\n|rule|Evasion Items Clause: Evasion items are banned\n|rule|Evasion Moves Clause: Evasion moves are banned\n|rule|Endless Battle Clause: Forcing endless battles is banned\n|rule|HP Percentage Mod: HP is shown in percentages\n|clearpoke\n|poke|p1|Samurott-Hisui, M|\n|poke|p1|Thundurus, M|\n|poke|p1|Iron Treads|\n|poke|p1|Hoopa-Unbound|\n|poke|p1|Vikavolt, F|\n|poke|p1|Qwilfish-Hisui, M|\n|poke|p2|Arboliva, F|\n|poke|p2|Tornadus-Therian, M|\n|poke|p2|Zoroark-Hisui, F|\n|poke|p2|Weavile, F|\n|poke|p2|Weezing-Galar, F|\n|poke|p2|Kingambit, M|\n|teampreview\n|c|\u2606Ruffbot|hf\n|inactive|Battle timer is ON: inactive players will automatically lose when time's up. (requested by Ruffbot)\n|j| Bot Coach\n|c|\u2606Horrific17|if he doesnt blow his load turn 1 i'm gonna\n|c|\u2606Horrific17|operate under the assumption he never will\n|\n|t:|1700776682\n|start\n|switch|p1a: MARAUDER|Vikavolt, F, shiny|100\/100\n|switch|p2a: tornadustherian|Tornadus-Therian, M|100\/100\n|turn|1\n|c| Bot Coach|idk\n|inactive|Horrific17 has 270 seconds left.\n|c| Bot Coach|we'll see\n|\n|t:|1700776718\n|move|p2a: tornadustherian|U-turn|p1a: MARAUDER\n|-damage|p1a: MARAUDER|86\/100\n|\n|t:|1700776723\n|switch|p2a: Kingambit|Kingambit, M|100\/100|[from] U-turn\n|move|p1a: MARAUDER|Thunderbolt|p2a: Kingambit\n|-damage|p2a: Kingambit|12\/100\n|\n|upkeep\n|turn|2\n|inactive|Horrific17 has 270 seconds left.\n|c|\u2606Horrific17|nice supreme overlord\n|\n|t:|1700776759\n|switch|p1a: The Sentinel|Iron Treads|100\/100\n|move|p2a: Kingambit|Kowtow Cleave|p1a: The Sentinel\n|-damage|p1a: The Sentinel|60\/100\n|\n|-heal|p1a: The Sentinel|66\/100|[from] item: Leftovers\n|upkeep\n|turn|3\n|\n|t:|1700776765\n|-end|p2a: Kingambit|fallenundefined|[silent]\n|switch|p2a: Arboliva|Arboliva, F|100\/100\n|move|p1a: The Sentinel|Stealth Rock|p2a: Arboliva\n|-sidestart|p2: Ruffbot|move: Stealth Rock\n|\n|-heal|p1a: The Sentinel|72\/100|[from] item: Leftovers\n|upkeep\n|turn|4\n|\n|t:|1700776771\n|move|p1a: The Sentinel|Knock Off|p2a: Arboliva\n|-damage|p2a: Arboliva|68\/100\n|-fieldstart|move: Grassy Terrain|[from] ability: Seed Sower|[of] p2a: Arboliva\n|-enditem|p2a: Arboliva|Leftovers|[from] move: Knock Off|[of] p1a: The Sentinel\n|move|p2a: Arboliva|Strength Sap|p1a: The Sentinel\n|-unboost|p1a: The Sentinel|atk|1\n|-heal|p2a: Arboliva|100\/100\n|\n|-heal|p1a: The Sentinel|78\/100|[from] Grassy Terrain\n|-heal|p1a: The Sentinel|84\/100|[from] item: Leftovers\n|upkeep\n|turn|5\n|\n|t:|1700776781\n|-end|p1a: The Sentinel|Quark Drive|[silent]\n|switch|p1a: MARAUDER|Vikavolt, F, shiny|86\/100\n|move|p2a: Arboliva|Dazzling Gleam|p1a: MARAUDER\n|-damage|p1a: MARAUDER|60\/100\n|\n|upkeep\n|turn|6\n|\n|t:|1700776786\n|switch|p2a: Kingambit|Kingambit, M|12\/100\n|-damage|p2a: Kingambit|6\/100|[from] Stealth Rock\n|move|p1a: MARAUDER|Sticky Web|p2a: Kingambit\n|-sidestart|p2: Ruffbot|move: Sticky Web\n|\n|-heal|p2a: Kingambit|12\/100|[from] Grassy Terrain\n|upkeep\n|turn|7\n|inactive|Horrific17 has 270 seconds left.\n|\n|t:|1700776792\n|switch|p1a: The Sentinel|Iron Treads|84\/100\n|move|p2a: Kingambit|Kowtow Cleave|p1a: The Sentinel\n|-damage|p1a: The Sentinel|40\/100\n|\n|-heal|p1a: The Sentinel|46\/100|[from] Grassy Terrain\n|-heal|p1a: The Sentinel|52\/100|[from] item: Leftovers\n|-heal|p2a: Kingambit|18\/100|[from] Grassy Terrain\n|upkeep\n|turn|8\n|\n|t:|1700776801\n|move|p2a: Kingambit|Sucker Punch|p1a: The Sentinel\n|-damage|p1a: The Sentinel|14\/100\n|move|p1a: The Sentinel|Iron Head|p2a: Kingambit\n|-resisted|p2a: Kingambit\n|-damage|p2a: Kingambit|4\/100\n|\n|-heal|p1a: The Sentinel|20\/100|[from] Grassy Terrain\n|-heal|p1a: The Sentinel|26\/100|[from] item: Leftovers\n|-heal|p2a: Kingambit|10\/100|[from] Grassy Terrain\n|-fieldend|move: Grassy Terrain\n|upkeep\n|turn|9\n|inactive|Horrific17 has 270 seconds left.\n|\n|t:|1700776822\n|-end|p1a: The Sentinel|Quark Drive|[silent]\n|switch|p1a: Otterheimer|Samurott-Hisui, M|100\/100\n|move|p2a: Kingambit|Sucker Punch||[still]\n|-fail|p2a: Kingambit\n|\n|upkeep\n|turn|10\n|\n|t:|1700776827\n|move|p2a: Kingambit|Sucker Punch|p1a: Otterheimer\n|-resisted|p1a: Otterheimer\n|-damage|p1a: Otterheimer|75\/100\n|move|p1a: Otterheimer|Ceaseless Edge|p2a: Kingambit\n|-resisted|p2a: Kingambit\n|-damage|p2a: Kingambit|0 fnt\n|-sidestart|p2: Ruffbot|Spikes\n|faint|p2a: Kingambit\n|-end|p2a: Kingambit|fallenundefined|[silent]\n|\n|upkeep\n|\n|t:|1700776828\n|switch|p2a: weezinggalar|Weezing-Galar, F|100\/100\n|-damage|p2a: weezinggalar|88\/100|[from] Stealth Rock\n|turn|11\n|\n|t:|1700776833\n|switch|p1a: \u0627\u0644\u0641 \u0644\u064a\u0644\u0629 \u0648 \u0644\u064a\u0644\u0629|Hoopa-Unbound|100\/100\n|move|p2a: weezinggalar|Strange Steam|p1a: \u0627\u0644\u0641 \u0644\u064a\u0644\u0629 \u0648 \u0644\u064a\u0644\u0629\n|-supereffective|p1a: \u0627\u0644\u0641 \u0644\u064a\u0644\u0629 \u0648 \u0644\u064a\u0644\u0629\n|-damage|p1a: \u0627\u0644\u0641 \u0644\u064a\u0644\u0629 \u0648 \u0644\u064a\u0644\u0629|68\/100\n|\n|-heal|p2a: weezinggalar|94\/100|[from] item: Black Sludge\n|upkeep\n|turn|12\n|\n|t:|1700776839\n|switch|p2a: tornadustherian|Tornadus-Therian, M|100\/100\n|move|p1a: \u0627\u0644\u0641 \u0644\u064a\u0644\u0629 \u0648 \u0644\u064a\u0644\u0629|Psychic|p2a: tornadustherian\n|-damage|p2a: tornadustherian|46\/100\n|\n|upkeep\n|turn|13\n|\n|t:|1700776848\n|switch|p2a: Arboliva|Arboliva, F|100\/100\n|-damage|p2a: Arboliva|88\/100|[from] Stealth Rock\n|-activate|p2a: Arboliva|move: Sticky Web\n|-unboost|p2a: Arboliva|spe|1\n|-damage|p2a: Arboliva|75\/100|[from] Spikes\n|switch|p1a: The Sentinel|Iron Treads|26\/100\n|\n|-heal|p1a: The Sentinel|32\/100|[from] item: Leftovers\n|upkeep\n|turn|14\n|\n|t:|1700776858\n|move|p1a: The Sentinel|Iron Head|p2a: Arboliva\n|-damage|p2a: Arboliva|39\/100\n|-fieldstart|move: Grassy Terrain|[from] ability: Seed Sower|[of] p2a: Arboliva\n|move|p2a: Arboliva|Giga Drain|p1a: The Sentinel\n|-damage|p1a: The Sentinel|0 fnt\n|-heal|p2a: Arboliva|53\/100|[from] drain|[of] p1a: The Sentinel\n|faint|p1a: The Sentinel\n|-end|p1a: The Sentinel|Quark Drive|[silent]\n|\n|-heal|p2a: Arboliva|59\/100|[from] Grassy Terrain\n|upkeep\n|\n|t:|1700776870\n|switch|p1a: \u0627\u0644\u0641 \u0644\u064a\u0644\u0629 \u0648 \u0644\u064a\u0644\u0629|Hoopa-Unbound|68\/100\n|turn|15\n|\n|t:|1700776873\n|move|p1a: \u0627\u0644\u0641 \u0644\u064a\u0644\u0629 \u0648 \u0644\u064a\u0644\u0629|Focus Blast|p2a: Arboliva|[miss]\n|-miss|p1a: \u0627\u0644\u0641 \u0644\u064a\u0644\u0629 \u0648 \u0644\u064a\u0644\u0629|p2a: Arboliva\n|move|p2a: Arboliva|Strength Sap|p1a: \u0627\u0644\u0641 \u0644\u064a\u0644\u0629 \u0648 \u0644\u064a\u0644\u0629\n|-unboost|p1a: \u0627\u0644\u0641 \u0644\u064a\u0644\u0629 \u0648 \u0644\u064a\u0644\u0629|atk|1\n|-heal|p2a: Arboliva|100\/100\n|\n|-heal|p1a: \u0627\u0644\u0641 \u0644\u064a\u0644\u0629 \u0648 \u0644\u064a\u0644\u0629|74\/100|[from] Grassy Terrain\n|upkeep\n|turn|16\n|\n|t:|1700776877\n|move|p1a: \u0627\u0644\u0641 \u0644\u064a\u0644\u0629 \u0648 \u0644\u064a\u0644\u0629|Psychic|p2a: Arboliva\n|-damage|p2a: Arboliva|65\/100\n|move|p2a: Arboliva|Dazzling Gleam|p1a: \u0627\u0644\u0641 \u0644\u064a\u0644\u0629 \u0648 \u0644\u064a\u0644\u0629\n|-supereffective|p1a: \u0627\u0644\u0641 \u0644\u064a\u0644\u0629 \u0648 \u0644\u064a\u0644\u0629\n|-damage|p1a: \u0627\u0644\u0641 \u0644\u064a\u0644\u0629 \u0648 \u0644\u064a\u0644\u0629|47\/100\n|\n|-heal|p1a: \u0627\u0644\u0641 \u0644\u064a\u0644\u0629 \u0648 \u0644\u064a\u0644\u0629|54\/100|[from] Grassy Terrain\n|-heal|p2a: Arboliva|71\/100|[from] Grassy Terrain\n|upkeep\n|turn|17\n|\n|t:|1700776882\n|move|p1a: \u0627\u0644\u0641 \u0644\u064a\u0644\u0629 \u0648 \u0644\u064a\u0644\u0629|Focus Blast|p2a: Arboliva\n|-supereffective|p2a: Arboliva\n|-damage|p2a: Arboliva|9\/100\n|move|p2a: Arboliva|Giga Drain|p1a: \u0627\u0644\u0641 \u0644\u064a\u0644\u0629 \u0648 \u0644\u064a\u0644\u0629\n|-damage|p1a: \u0627\u0644\u0641 \u0644\u064a\u0644\u0629 \u0648 \u0644\u064a\u0644\u0629|31\/100\n|-heal|p2a: Arboliva|18\/100|[from] drain|[of] p1a: \u0627\u0644\u0641 \u0644\u064a\u0644\u0629 \u0648 \u0644\u064a\u0644\u0629\n|\n|-heal|p1a: \u0627\u0644\u0641 \u0644\u064a\u0644\u0629 \u0648 \u0644\u064a\u0644\u0629|37\/100|[from] Grassy Terrain\n|-heal|p2a: Arboliva|24\/100|[from] Grassy Terrain\n|upkeep\n|turn|18\n|\n|t:|1700776887\n|move|p1a: \u0627\u0644\u0641 \u0644\u064a\u0644\u0629 \u0648 \u0644\u064a\u0644\u0629|Psychic|p2a: Arboliva\n|-damage|p2a: Arboliva|0 fnt\n|faint|p2a: Arboliva\n|\n|-heal|p1a: \u0627\u0644\u0641 \u0644\u064a\u0644\u0629 \u0648 \u0644\u064a\u0644\u0629|44\/100|[from] Grassy Terrain\n|-fieldend|move: Grassy Terrain\n|upkeep\n|\n|t:|1700776887\n|switch|p2a: tornadustherian|Tornadus-Therian, M|80\/100\n|turn|19\n|\n|t:|1700776895\n|switch|p1a: Tetrodotoxin|Qwilfish-Hisui, M|100\/100\n|-ability|p1a: Tetrodotoxin|Intimidate|boost\n|-unboost|p2a: tornadustherian|atk|1\n|move|p2a: tornadustherian|Bleakwind Storm|p1a: Tetrodotoxin\n|-damage|p1a: Tetrodotoxin|50\/100\n|-unboost|p1a: Tetrodotoxin|spe|1\n|\n|upkeep\n|turn|20\n|\n|t:|1700776906\n|switch|p1a: Storm Approaching|Thundurus, M|100\/100\n|move|p2a: tornadustherian|U-turn|p1a: Storm Approaching\n|-resisted|p1a: Storm Approaching\n|-damage|p1a: Storm Approaching|93\/100\n|\n|t:|1700776907\n|switch|p2a: weezinggalar|Weezing-Galar, F|94\/100|[from] U-turn\n|-damage|p2a: weezinggalar|82\/100|[from] Stealth Rock\n|\n|-heal|p2a: weezinggalar|88\/100|[from] item: Black Sludge\n|upkeep\n|turn|21\n|\n|t:|1700776916\n|move|p1a: Storm Approaching|Psychic|p2a: weezinggalar\n|-supereffective|p2a: weezinggalar\n|-damage|p2a: weezinggalar|9\/100\n|move|p2a: weezinggalar|Defog|p1a: Storm Approaching\n|-unboost|p1a: Storm Approaching|evasion|1\n|-sideend|p2: Ruffbot|Spikes|[from] move: Defog|[of] p2a: weezinggalar\n|-sideend|p2: Ruffbot|Stealth Rock|[from] move: Defog|[of] p2a: weezinggalar\n|-sideend|p2: Ruffbot|Sticky Web|[from] move: Defog|[of] p2a: weezinggalar\n|\n|-heal|p2a: weezinggalar|15\/100|[from] item: Black Sludge\n|upkeep\n|turn|22\n|\n|t:|1700776924\n|switch|p2a: Weavile|Weavile, F|100\/100\n|-ability|p2a: Weavile|Pressure\n|move|p1a: Storm Approaching|Thunderbolt|p2a: Weavile\n|-damage|p2a: Weavile|33\/100\n|\n|upkeep\n|turn|23\n|\n|t:|1700776928\n|move|p2a: Weavile|Knock Off|p1a: Storm Approaching\n|-damage|p1a: Storm Approaching|18\/100\n|-enditem|p1a: Storm Approaching|Yache Berry|[from] move: Knock Off|[of] p2a: Weavile\n|move|p1a: Storm Approaching|Thunderbolt|p2a: Weavile\n|-damage|p2a: Weavile|0 fnt\n|faint|p2a: Weavile\n|\n|upkeep\n|\n|t:|1700776928\n|switch|p2a: tornadustherian|Tornadus-Therian, M|100\/100\n|turn|24\n|\n|t:|1700776941\n|move|p2a: tornadustherian|Bleakwind Storm|p1a: Storm Approaching\n|-resisted|p1a: Storm Approaching\n|-damage|p1a: Storm Approaching|0 fnt\n|faint|p1a: Storm Approaching\n|\n|upkeep\n|\n|t:|1700776961\n|switch|p1a: MARAUDER|Vikavolt, F, shiny|60\/100\n|turn|25\n|\n|t:|1700776965\n|move|p2a: tornadustherian|U-turn|p1a: MARAUDER\n|-damage|p1a: MARAUDER|44\/100\n|\n|t:|1700776966\n|switch|p2a: weezinggalar|Weezing-Galar, F|15\/100|[from] U-turn\n|move|p1a: MARAUDER|Thunderbolt|p2a: weezinggalar\n|-damage|p2a: weezinggalar|0 fnt\n|faint|p2a: weezinggalar\n|\n|upkeep\n|\n|t:|1700776966\n|switch|p2a: tornadustherian|Tornadus-Therian, M|100\/100\n|turn|26\n|c| Bot Coach|so i think its a never\n|c|\u2606Horrific17|it would appear so\n|\n|t:|1700776987\n|move|p2a: tornadustherian|Hyper Voice|p1a: MARAUDER\n|-damage|p1a: MARAUDER|0 fnt\n|faint|p1a: MARAUDER\n|\n|upkeep\n|inactive|Horrific17 has 270 seconds left.\n|\n|t:|1700777003\n|switch|p1a: Otterheimer|Samurott-Hisui, M|75\/100\n|turn|27\n|\n|t:|1700777007\n|switch|p2a: tornadustherian|Tornadus-Therian, M|100\/100\n|move|p1a: Otterheimer|Razor Shell|p2a: tornadustherian\n|-damage|p2a: tornadustherian|40\/100\n|-unboost|p2a: tornadustherian|def|1\n|\n|upkeep\n|turn|28\n|j| flufi\n|\n|t:|1700777015\n|move|p1a: Otterheimer|Razor Shell|p2a: tornadustherian\n|-damage|p2a: tornadustherian|0 fnt\n|faint|p2a: tornadustherian\n|\n|upkeep\n|\n|t:|1700777015\n|switch|p2a: zoroarkhisui|Zoroark-Hisui, F|100\/100\n|turn|29\n|\n|t:|1700777025\n|switch|p1a: Tetrodotoxin|Qwilfish-Hisui, M|50\/100\n|-ability|p1a: Tetrodotoxin|Intimidate|boost\n|-unboost|p2a: zoroarkhisui|atk|1\n|-terastallize|p2a: zoroarkhisui|Normal\n|move|p2a: zoroarkhisui|Hyper Voice|p1a: Tetrodotoxin\n|-damage|p1a: Tetrodotoxin|0 fnt\n|faint|p1a: Tetrodotoxin\n|\n|upkeep\n|c| flufi|I take it the bot doesn't know how to tera\n|c| Bot Coach|LOL\n|c|\u2606Horrific17|oh\n|c| flufi|nevermind\n|\n|t:|1700777036\n|switch|p1a: \u0627\u0644\u0641 \u0644\u064a\u0644\u0629 \u0648 \u0644\u064a\u0644\u0629|Hoopa-Unbound|44\/100\n|turn|30\n|\n|t:|1700777039\n|move|p2a: zoroarkhisui|Hyper Voice|p1a: \u0627\u0644\u0641 \u0644\u064a\u0644\u0629 \u0648 \u0644\u064a\u0644\u0629\n|-damage|p1a: \u0627\u0644\u0641 \u0644\u064a\u0644\u0629 \u0648 \u0644\u064a\u0644\u0629|0 fnt\n|faint|p1a: \u0627\u0644\u0641 \u0644\u064a\u0644\u0629 \u0648 \u0644\u064a\u0644\u0629\n|\n|upkeep\n|c| Bot Coach|so its the last mon\n|c|\u2606Horrific17|jesus\n|c| Bot Coach|i see\n|\n|t:|1700777046\n|switch|p1a: Otterheimer|Samurott-Hisui, M|75\/100\n|turn|31\n|\n|t:|1700777048\n|move|p1a: Otterheimer|Sacred Sword|p2a: zoroarkhisui\n|-supereffective|p2a: zoroarkhisui\n|-damage|p2a: zoroarkhisui|0 fnt\n|faint|p2a: zoroarkhisui\n|\n|win|Horrific17\n|c|\u2606Ruffbot|gg\n|l|\u2606Ruffbot\n|l| flufi\n|l| Bot Coach\n","uploadtime":1700777067,"views":14,"p1id":"horrific17","p2id":"ruffbot","formatid":"gen9ou","rating":0,"private":0,"password":""}