{"id":"gen9ou-1994528926","p1":"Popolor2190","p2":"Yuiisacutie","format":"[Gen 9] OU","log":"|j|\u2606Popolor2190\n|j|\u2606Yuiisacutie\n|t:|1700455074\n|gametype|singles\n|player|p1|Popolor2190|kahili|1404\n|player|p2|Yuiisacutie|266|1328\n|teamsize|p1|6\n|teamsize|p2|6\n|gen|9\n|tier|[Gen 9] OU\n|rated|\n|rule|Sleep Clause Mod: Limit one foe put to sleep\n|rule|Species Clause: Limit one of each Pok\u00e9mon\n|rule|OHKO Clause: OHKO moves are banned\n|rule|Evasion Items Clause: Evasion items are banned\n|rule|Evasion Moves Clause: Evasion moves are banned\n|rule|Endless Battle Clause: Forcing endless battles is banned\n|rule|HP Percentage Mod: HP is shown in percentages\n|clearpoke\n|poke|p1|Glimmora, M|\n|poke|p1|Gholdengo|\n|poke|p1|Dragonite, M|\n|poke|p1|Iron Valiant|\n|poke|p1|Sneasler, F|\n|poke|p1|Great Tusk|\n|poke|p2|Ribombee, M|\n|poke|p2|Rillaboom, F|\n|poke|p2|Iron Valiant|\n|poke|p2|Weavile, M|\n|poke|p2|Iron Moth|\n|poke|p2|Walking Wake|\n|teampreview\n|\n|t:|1700455084\n|start\n|switch|p1a: Glimmora|Glimmora, M|100\/100\n|switch|p2a: Rillaboom|Rillaboom, F|100\/100\n|-fieldstart|move: Grassy Terrain|[from] ability: Grassy Surge|[of] p2a: Rillaboom\n|turn|1\n|inactive|Battle timer is ON: inactive players will automatically lose when time's up. (requested by Yuiisacutie)\n|\n|t:|1700455099\n|move|p2a: Rillaboom|Grassy Glide|p1a: Glimmora\n|-damage|p1a: Glimmora|30\/100\n|-activate|p1a: Glimmora|ability: Toxic Debris\n|-sidestart|p2: Yuiisacutie|move: Toxic Spikes\n|move|p1a: Glimmora|Stealth Rock|p2a: Rillaboom\n|-sidestart|p2: Yuiisacutie|move: Stealth Rock\n|\n|-heal|p1a: Glimmora|36\/100|[from] Grassy Terrain\n|upkeep\n|turn|2\n|\n|t:|1700455111\n|switch|p1a: Dragonite|Dragonite, M|100\/100\n|move|p2a: Rillaboom|Grassy Glide|p1a: Dragonite\n|-resisted|p1a: Dragonite\n|-damage|p1a: Dragonite|95\/100\n|\n|-heal|p1a: Dragonite|100\/100|[from] item: Leftovers\n|upkeep\n|turn|3\n|\n|t:|1700455116\n|switch|p2a: Iron Moth|Iron Moth|100\/100\n|-sideend|p2: Yuiisacutie|move: Toxic Spikes|[of] p2a: Iron Moth\n|move|p1a: Dragonite|Substitute|p1a: Dragonite\n|-start|p1a: Dragonite|Substitute\n|-damage|p1a: Dragonite|76\/100\n|\n|-heal|p1a: Dragonite|82\/100|[from] item: Leftovers\n|upkeep\n|turn|4\n|\n|t:|1700455120\n|move|p2a: Iron Moth|Sludge Wave|p1a: Dragonite\n|-end|p1a: Dragonite|Substitute\n|move|p1a: Dragonite|Dragon Dance|p1a: Dragonite\n|-boost|p1a: Dragonite|atk|1\n|-boost|p1a: Dragonite|spe|1\n|\n|-heal|p1a: Dragonite|88\/100|[from] item: Leftovers\n|upkeep\n|turn|5\n|\n|t:|1700455123\n|move|p1a: Dragonite|Substitute|p1a: Dragonite\n|-start|p1a: Dragonite|Substitute\n|-damage|p1a: Dragonite|63\/100\n|move|p2a: Iron Moth|Sludge Wave|p1a: Dragonite\n|-end|p1a: Dragonite|Substitute\n|\n|-heal|p1a: Dragonite|69\/100|[from] item: Leftovers\n|-fieldend|move: Grassy Terrain\n|upkeep\n|turn|6\n|\n|t:|1700455127\n|move|p1a: Dragonite|Fly||[still]\n|-prepare|p1a: Dragonite|Fly\n|move|p2a: Iron Moth|Sludge Wave|p1a: Dragonite|[miss]\n|-miss|p2a: Iron Moth|p1a: Dragonite\n|\n|-heal|p1a: Dragonite|76\/100|[from] item: Leftovers\n|upkeep\n|turn|7\n|\n|t:|1700455134\n|move|p1a: Dragonite|Fly|p2a: Iron Moth|[from]lockedmove\n|-damage|p2a: Iron Moth|0 fnt\n|faint|p2a: Iron Moth\n|-end|p2a: Iron Moth|Quark Drive|[silent]\n|\n|-heal|p1a: Dragonite|82\/100|[from] item: Leftovers\n|upkeep\n|\n|t:|1700455138\n|switch|p2a: Weavile|Weavile, M|100\/100\n|-damage|p2a: Weavile|76\/100|[from] Stealth Rock\n|-ability|p2a: Weavile|Pressure\n|turn|8\n|\n|t:|1700455144\n|switch|p1a: Glimmora|Glimmora, M|36\/100\n|move|p2a: Weavile|Ice Shard|p1a: Glimmora\n|-damage|p1a: Glimmora|11\/100\n|-activate|p1a: Glimmora|ability: Toxic Debris\n|-sidestart|p2: Yuiisacutie|move: Toxic Spikes\n|\n|upkeep\n|turn|9\n|\n|t:|1700455153\n|move|p2a: Weavile|Swords Dance|p2a: Weavile\n|-boost|p2a: Weavile|atk|2\n|move|p1a: Glimmora|Earth Power|p2a: Weavile\n|-damage|p2a: Weavile|30\/100\n|\n|upkeep\n|turn|10\n|\n|t:|1700455160\n|move|p2a: Weavile|Knock Off|p1a: Glimmora\n|-damage|p1a: Glimmora|0 fnt\n|-activate|p1a: Glimmora|ability: Toxic Debris\n|-sidestart|p2: Yuiisacutie|move: Toxic Spikes\n|-enditem|p1a: Glimmora|Focus Sash|[from] move: Knock Off|[of] p2a: Weavile\n|faint|p1a: Glimmora\n|\n|upkeep\n|\n|t:|1700455168\n|switch|p1a: Sneasler|Sneasler, F|100\/100\n|turn|11\n|\n|t:|1700455177\n|move|p1a: Sneasler|Fake Out|p2a: Weavile\n|-damage|p2a: Weavile|8\/100\n|cant|p2a: Weavile|flinch\n|\n|upkeep\n|turn|12\n|\n|t:|1700455184\n|move|p2a: Weavile|Ice Shard|p1a: Sneasler\n|-damage|p1a: Sneasler|30\/100\n|move|p1a: Sneasler|U-turn|p2a: Weavile\n|-supereffective|p2a: Weavile\n|-damage|p2a: Weavile|0 fnt\n|faint|p2a: Weavile\n|\n|t:|1700455196\n|switch|p1a: Iron Valiant|Iron Valiant|100\/100|[from] U-turn\n|-enditem|p1a: Iron Valiant|Booster Energy\n|-activate|p1a: Iron Valiant|ability: Quark Drive|[fromitem]\n|-start|p1a: Iron Valiant|quarkdrivespe\n|\n|upkeep\n|\n|t:|1700455205\n|switch|p2a: Rillaboom|Rillaboom, F|100\/100\n|-damage|p2a: Rillaboom|88\/100|[from] Stealth Rock\n|-status|p2a: Rillaboom|tox\n|-fieldstart|move: Grassy Terrain|[from] ability: Grassy Surge|[of] p2a: Rillaboom\n|turn|13\n|\n|t:|1700455215\n|-terastallize|p2a: Rillaboom|Grass\n|move|p2a: Rillaboom|Grassy Glide|p1a: Iron Valiant\n|-damage|p1a: Iron Valiant|0 fnt\n|faint|p1a: Iron Valiant\n|-end|p1a: Iron Valiant|Quark Drive|[silent]\n|\n|-heal|p2a: Rillaboom|94\/100 tox|[from] Grassy Terrain\n|-damage|p2a: Rillaboom|88\/100 tox|[from] psn\n|upkeep\n|\n|t:|1700455223\n|switch|p1a: Dragonite|Dragonite, M|82\/100\n|turn|14\n|\n|t:|1700455226\n|switch|p2a: Ribombee|Ribombee, M|100\/100\n|-damage|p2a: Ribombee|76\/100|[from] Stealth Rock\n|-status|p2a: Ribombee|tox\n|move|p1a: Dragonite|Substitute|p1a: Dragonite\n|-start|p1a: Dragonite|Substitute\n|-damage|p1a: Dragonite|57\/100\n|\n|-heal|p2a: Ribombee|82\/100 tox|[from] Grassy Terrain\n|-heal|p1a: Dragonite|63\/100|[from] item: Leftovers\n|-damage|p2a: Ribombee|76\/100 tox|[from] psn\n|upkeep\n|turn|15\n|\n|t:|1700455229\n|move|p2a: Ribombee|Moonblast|p1a: Dragonite\n|-supereffective|p1a: Dragonite\n|-end|p1a: Dragonite|Substitute\n|move|p1a: Dragonite|Fly||[still]\n|-prepare|p1a: Dragonite|Fly\n|\n|-heal|p2a: Ribombee|82\/100 tox|[from] Grassy Terrain\n|-heal|p1a: Dragonite|69\/100|[from] item: Leftovers\n|-damage|p2a: Ribombee|70\/100 tox|[from] psn\n|upkeep\n|turn|16\n|\n|t:|1700455244\n|move|p2a: Ribombee|Sticky Web|p1a: Dragonite\n|-sidestart|p1: Popolor2190|move: Sticky Web\n|move|p1a: Dragonite|Fly|p2a: Ribombee|[from]lockedmove\n|-supereffective|p2a: Ribombee\n|-damage|p2a: Ribombee|0 fnt\n|faint|p2a: Ribombee\n|\n|-heal|p1a: Dragonite|76\/100|[from] item: Leftovers\n|upkeep\n|\n|t:|1700455248\n|switch|p2a: Walking Wake|Walking Wake|100\/100\n|-damage|p2a: Walking Wake|88\/100|[from] Stealth Rock\n|-status|p2a: Walking Wake|tox\n|turn|17\n|\n|t:|1700455255\n|switch|p1a: Sneasler|Sneasler, F|30\/100\n|-activate|p1a: Sneasler|move: Sticky Web\n|-unboost|p1a: Sneasler|spe|1\n|move|p2a: Walking Wake|Dragon Pulse|p1a: Sneasler\n|-damage|p1a: Sneasler|0 fnt\n|faint|p1a: Sneasler\n|\n|-heal|p2a: Walking Wake|94\/100 tox|[from] Grassy Terrain\n|-damage|p2a: Walking Wake|88\/100 tox|[from] psn\n|-fieldend|move: Grassy Terrain\n|upkeep\n|\n|t:|1700455260\n|switch|p1a: Gholdengo|Gholdengo|100\/100\n|-activate|p1a: Gholdengo|move: Sticky Web\n|-unboost|p1a: Gholdengo|spe|1\n|turn|18\n|\n|t:|1700455267\n|-end|p2a: Walking Wake|Protosynthesis|[silent]\n|switch|p2a: Rillaboom|Rillaboom, F, tera:Grass|88\/100 tox\n|-damage|p2a: Rillaboom|76\/100 tox|[from] Stealth Rock\n|-fieldstart|move: Grassy Terrain|[from] ability: Grassy Surge|[of] p2a: Rillaboom\n|move|p1a: Gholdengo|Substitute|p1a: Gholdengo\n|-start|p1a: Gholdengo|Substitute\n|-damage|p1a: Gholdengo|76\/100\n|\n|-heal|p2a: Rillaboom|82\/100 tox|[from] Grassy Terrain\n|-heal|p1a: Gholdengo|82\/100|[from] Grassy Terrain\n|-heal|p1a: Gholdengo|88\/100|[from] item: Leftovers\n|-damage|p2a: Rillaboom|76\/100 tox|[from] psn\n|upkeep\n|turn|19\n|\n|t:|1700455270\n|move|p2a: Rillaboom|Knock Off|p1a: Gholdengo\n|-supereffective|p1a: Gholdengo\n|-end|p1a: Gholdengo|Substitute\n|move|p1a: Gholdengo|Make It Rain|p2a: Rillaboom\n|-damage|p2a: Rillaboom|0 fnt\n|-unboost|p1a: Gholdengo|spa|1\n|faint|p2a: Rillaboom\n|\n|-heal|p1a: Gholdengo|94\/100|[from] Grassy Terrain\n|-heal|p1a: Gholdengo|99\/100|[from] item: Leftovers\n|upkeep\n|\n|t:|1700455276\n|switch|p2a: Walking Wake|Walking Wake|88\/100 tox\n|-damage|p2a: Walking Wake|76\/100 tox|[from] Stealth Rock\n|turn|20\n|\n|t:|1700455284\n|switch|p1a: Great Tusk|Great Tusk|100\/100\n|move|p2a: Walking Wake|Flamethrower|p1a: Great Tusk\n|-damage|p1a: Great Tusk|27\/100\n|\n|-heal|p2a: Walking Wake|82\/100 tox|[from] Grassy Terrain\n|-heal|p1a: Great Tusk|34\/100|[from] Grassy Terrain\n|-damage|p2a: Walking Wake|76\/100 tox|[from] psn\n|upkeep\n|turn|21\n|\n|t:|1700455296\n|move|p2a: Walking Wake|Flamethrower|p1a: Great Tusk\n|-damage|p1a: Great Tusk|0 fnt\n|faint|p1a: Great Tusk\n|-end|p1a: Great Tusk|Protosynthesis|[silent]\n|\n|-heal|p2a: Walking Wake|82\/100 tox|[from] Grassy Terrain\n|-damage|p2a: Walking Wake|70\/100 tox|[from] psn\n|upkeep\n|\n|t:|1700455299\n|switch|p1a: Dragonite|Dragonite, M|76\/100\n|turn|22\n|\n|t:|1700455302\n|move|p2a: Walking Wake|Flamethrower|p1a: Dragonite\n|-resisted|p1a: Dragonite\n|-damage|p1a: Dragonite|56\/100\n|move|p1a: Dragonite|Substitute|p1a: Dragonite\n|-start|p1a: Dragonite|Substitute\n|-damage|p1a: Dragonite|31\/100\n|\n|-heal|p2a: Walking Wake|76\/100 tox|[from] Grassy Terrain\n|-heal|p1a: Dragonite|37\/100|[from] item: Leftovers\n|-damage|p2a: Walking Wake|57\/100 tox|[from] psn\n|-fieldend|move: Grassy Terrain\n|upkeep\n|turn|23\n|\n|t:|1700455308\n|move|p2a: Walking Wake|Flamethrower|p1a: Dragonite\n|-resisted|p1a: Dragonite\n|-activate|p1a: Dragonite|move: Substitute|[damage]\n|move|p1a: Dragonite|Dragon Dance|p1a: Dragonite\n|-boost|p1a: Dragonite|atk|1\n|-boost|p1a: Dragonite|spe|1\n|\n|-heal|p1a: Dragonite|43\/100|[from] item: Leftovers\n|-damage|p2a: Walking Wake|32\/100 tox|[from] psn\n|upkeep\n|turn|24\n|\n|t:|1700455312\n|move|p1a: Dragonite|Roost|p1a: Dragonite\n|-heal|p1a: Dragonite|93\/100\n|-singleturn|p1a: Dragonite|move: Roost\n|move|p2a: Walking Wake|Flamethrower|p1a: Dragonite\n|-resisted|p1a: Dragonite\n|-end|p1a: Dragonite|Substitute\n|\n|-heal|p1a: Dragonite|99\/100|[from] item: Leftovers\n|-damage|p2a: Walking Wake|1\/100 tox|[from] psn\n|upkeep\n|turn|25\n|\n|t:|1700455316\n|move|p1a: Dragonite|Substitute|p1a: Dragonite\n|-start|p1a: Dragonite|Substitute\n|-damage|p1a: Dragonite|75\/100\n|move|p2a: Walking Wake|Flamethrower|p1a: Dragonite\n|-resisted|p1a: Dragonite\n|-activate|p1a: Dragonite|move: Substitute|[damage]\n|\n|-heal|p1a: Dragonite|81\/100|[from] item: Leftovers\n|-damage|p2a: Walking Wake|0 fnt|[from] psn\n|faint|p2a: Walking Wake\n|-end|p2a: Walking Wake|Protosynthesis|[silent]\n|upkeep\n|\n|t:|1700455318\n|switch|p2a: Iron Valiant|Iron Valiant|100\/100\n|-damage|p2a: Iron Valiant|94\/100|[from] Stealth Rock\n|-status|p2a: Iron Valiant|tox\n|-enditem|p2a: Iron Valiant|Booster Energy\n|-activate|p2a: Iron Valiant|ability: Quark Drive|[fromitem]\n|-start|p2a: Iron Valiant|quarkdrivespe\n|turn|26\n|\n|t:|1700455322\n|move|p2a: Iron Valiant|Moonblast|p1a: Dragonite\n|-supereffective|p1a: Dragonite\n|-crit|p1a: Dragonite\n|-end|p1a: Dragonite|Substitute\n|move|p1a: Dragonite|Fly||[still]\n|-prepare|p1a: Dragonite|Fly\n|\n|-heal|p1a: Dragonite|87\/100|[from] item: Leftovers\n|-damage|p2a: Iron Valiant|88\/100 tox|[from] psn\n|upkeep\n|turn|27\n|\n|t:|1700455327\n|move|p2a: Iron Valiant|Moonblast|p1a: Dragonite|[miss]\n|-miss|p2a: Iron Valiant|p1a: Dragonite\n|move|p1a: Dragonite|Fly|p2a: Iron Valiant|[from]lockedmove\n|-supereffective|p2a: Iron Valiant\n|-damage|p2a: Iron Valiant|0 fnt\n|faint|p2a: Iron Valiant\n|-end|p2a: Iron Valiant|Quark Drive|[silent]\n|\n|win|Popolor2190\n|raw|Popolor2190's rating: 1404 &rarr; <strong>1420<\/strong><br \/>(+16 for winning)\n|raw|Yuiisacutie's rating: 1328 &rarr; <strong>1312<\/strong><br \/>(-16 for losing)\n|l|\u2606Yuiisacutie\n","uploadtime":1700455339,"views":11,"p1id":"popolor2190","p2id":"yuiisacutie","formatid":"gen9ou","rating":1312,"private":0,"password":""}