{"id":"gen9ou-1991423162","p1":"iloveyouhavefunplz","p2":"Hdjdkdkslslss","format":"[Gen 9] OU","log":"|j|\u2606iloveyouhavefunplz\n|j|\u2606Hdjdkdkslslss\n|t:|1700075863\n|gametype|singles\n|player|p1|iloveyouhavefunplz|265|1126\n|player|p2|Hdjdkdkslslss|169|1049\n|teamsize|p1|6\n|teamsize|p2|6\n|gen|9\n|tier|[Gen 9] OU\n|rated|\n|rule|Sleep Clause Mod: Limit one foe put to sleep\n|rule|Species Clause: Limit one of each Pok\u00e9mon\n|rule|OHKO Clause: OHKO moves are banned\n|rule|Evasion Items Clause: Evasion items are banned\n|rule|Evasion Moves Clause: Evasion moves are banned\n|rule|Endless Battle Clause: Forcing endless battles is banned\n|rule|HP Percentage Mod: HP is shown in percentages\n|clearpoke\n|poke|p1|Torkoal, F|\n|poke|p1|Walking Wake|\n|poke|p1|Ogerpon, F|\n|poke|p1|Skeledirge, M|\n|poke|p1|Cinderace, F|\n|poke|p1|Rillaboom, M|\n|poke|p2|Manaphy|\n|poke|p2|Kingambit, M|\n|poke|p2|Ribombee, M|\n|poke|p2|Gholdengo|\n|poke|p2|Iron Moth|\n|poke|p2|Ogerpon-Wellspring, F|\n|teampreview\n|inactive|Battle timer is ON: inactive players will automatically lose when time's up. (requested by Hdjdkdkslslss)\n|\n|t:|1700075870\n|start\n|switch|p1a: Torkoal|Torkoal, F|100\/100\n|switch|p2a: Ogerpon|Ogerpon-Wellspring, F|100\/100\n|-weather|SunnyDay|[from] ability: Drought|[of] p1a: Torkoal\n|turn|1\n|\n|t:|1700075875\n|switch|p1a: Rillaboom|Rillaboom, M|100\/100\n|-fieldstart|move: Grassy Terrain|[from] ability: Grassy Surge|[of] p1a: Rillaboom\n|move|p2a: Ogerpon|Swords Dance|p2a: Ogerpon\n|-boost|p2a: Ogerpon|atk|2\n|\n|-weather|SunnyDay|[upkeep]\n|upkeep\n|turn|2\n|\n|t:|1700075882\n|move|p1a: Rillaboom|Fake Out|p2a: Ogerpon\n|-damage|p2a: Ogerpon|80\/100\n|cant|p2a: Ogerpon|flinch\n|\n|-weather|SunnyDay|[upkeep]\n|-heal|p2a: Ogerpon|86\/100|[from] Grassy Terrain\n|upkeep\n|turn|3\n|\n|t:|1700075888\n|move|p2a: Ogerpon|Power Whip|p1a: Rillaboom\n|-resisted|p1a: Rillaboom\n|-damage|p1a: Rillaboom|9\/100\n|-enditem|p1a: Rillaboom|Eject Button\n|\n|t:|1700075909\n|switch|p1a: Walking Wake|Walking Wake|100\/100\n|-activate|p1a: Walking Wake|ability: Protosynthesis\n|-start|p1a: Walking Wake|protosynthesisspe\n|\n|-weather|SunnyDay|[upkeep]\n|-heal|p2a: Ogerpon|92\/100|[from] Grassy Terrain\n|upkeep\n|turn|4\n|\n|t:|1700075916\n|move|p1a: Walking Wake|Weather Ball|p2a: Ogerpon\n|-damage|p2a: Ogerpon|0 fnt\n|faint|p2a: Ogerpon\n|\n|-weather|SunnyDay|[upkeep]\n|upkeep\n|\n|t:|1700075923\n|switch|p2a: Ribombee|Ribombee, M, shiny|100\/100\n|turn|5\n|\n|t:|1700075926\n|move|p1a: Walking Wake|Weather Ball|p2a: Ribombee\n|-supereffective|p2a: Ribombee\n|-enditem|p2a: Ribombee|Focus Sash\n|-damage|p2a: Ribombee|1\/100\n|move|p2a: Ribombee|Moonblast|p1a: Walking Wake\n|-supereffective|p1a: Walking Wake\n|-damage|p1a: Walking Wake|5\/100\n|\n|-weather|SunnyDay|[upkeep]\n|-heal|p1a: Walking Wake|11\/100|[from] Grassy Terrain\n|-heal|p2a: Ribombee|7\/100|[from] Grassy Terrain\n|-fieldend|move: Grassy Terrain\n|upkeep\n|turn|6\n|\n|t:|1700075945\n|switch|p2a: Manaphy|Manaphy|100\/100\n|move|p1a: Walking Wake|Weather Ball|p2a: Manaphy\n|-resisted|p2a: Manaphy\n|-damage|p2a: Manaphy|64\/100\n|\n|-weather|SunnyDay|[upkeep]\n|-heal|p2a: Manaphy|70\/100|[from] item: Leftovers\n|upkeep\n|turn|7\n|\n|t:|1700075954\n|-end|p1a: Walking Wake|Protosynthesis|[silent]\n|switch|p1a: Ogerpon|Ogerpon, F|100\/100\n|move|p2a: Manaphy|Scald|p1a: Ogerpon\n|-resisted|p1a: Ogerpon\n|-damage|p1a: Ogerpon|89\/100\n|\n|-weather|SunnyDay|[upkeep]\n|-heal|p2a: Manaphy|76\/100|[from] item: Leftovers\n|upkeep\n|turn|8\n|\n|t:|1700075964\n|-terastallize|p2a: Manaphy|Poison\n|move|p1a: Ogerpon|Solar Blade||[still]\n|-prepare|p1a: Ogerpon|Solar Blade\n|-anim|p1a: Ogerpon|Solar Blade|p2a: Manaphy\n|-resisted|p2a: Manaphy\n|-crit|p2a: Manaphy\n|-damage|p2a: Manaphy|4\/100\n|move|p2a: Manaphy|Acid Armor|p2a: Manaphy\n|-boost|p2a: Manaphy|def|2\n|\n|-weather|none\n|-heal|p2a: Manaphy|10\/100|[from] item: Leftovers\n|upkeep\n|turn|9\n|\n|t:|1700075973\n|switch|p1a: Skeledirge|Skeledirge, M|100\/100\n|move|p2a: Manaphy|Stored Power|p1a: Skeledirge\n|-damage|p1a: Skeledirge|78\/100\n|\n|-heal|p2a: Manaphy|16\/100|[from] item: Leftovers\n|upkeep\n|turn|10\n|\n|t:|1700075981\n|move|p1a: Skeledirge|Torch Song|p2a: Manaphy\n|-damage|p2a: Manaphy|0 fnt\n|-boost|p1a: Skeledirge|spa|1\n|faint|p2a: Manaphy\n|\n|upkeep\n|\n|t:|1700075986\n|switch|p2a: Ribombee|Ribombee, M, shiny|7\/100\n|turn|11\n|\n|t:|1700075996\n|move|p2a: Ribombee|Sticky Web|p1a: Skeledirge\n|-sidestart|p1: iloveyouhavefunplz|move: Sticky Web\n|move|p1a: Skeledirge|Torch Song|p2a: Ribombee\n|-supereffective|p2a: Ribombee\n|-damage|p2a: Ribombee|0 fnt\n|-boost|p1a: Skeledirge|spa|1\n|faint|p2a: Ribombee\n|\n|upkeep\n|\n|t:|1700076002\n|switch|p2a: Gholdengo|Gholdengo|100\/100\n|-item|p2a: Gholdengo|Air Balloon\n|turn|12\n|\n|t:|1700076009\n|move|p1a: Skeledirge|Torch Song|p2a: Gholdengo\n|-supereffective|p2a: Gholdengo\n|-damage|p2a: Gholdengo|0 fnt\n|-boost|p1a: Skeledirge|spa|1\n|-enditem|p2a: Gholdengo|Air Balloon\n|faint|p2a: Gholdengo\n|\n|upkeep\n|\n|t:|1700076019\n|switch|p2a: Kingambit|Kingambit, M|100\/100\n|-activate|p2a: Kingambit|ability: Supreme Overlord\n|-start|p2a: Kingambit|fallen4|[silent]\n|turn|13\n|\n|t:|1700076024\n|-terastallize|p1a: Skeledirge|Dark\n|move|p2a: Kingambit|Sucker Punch|p1a: Skeledirge\n|-resisted|p1a: Skeledirge\n|-damage|p1a: Skeledirge|41\/100\n|move|p1a: Skeledirge|Torch Song|p2a: Kingambit\n|-supereffective|p2a: Kingambit\n|-damage|p2a: Kingambit|0 fnt\n|-boost|p1a: Skeledirge|spa|1\n|faint|p2a: Kingambit\n|-end|p2a: Kingambit|fallen4|[silent]\n|\n|upkeep\n|\n|t:|1700076028\n|switch|p2a: Iron Moth|Iron Moth|100\/100\n|-enditem|p2a: Iron Moth|Booster Energy\n|-activate|p2a: Iron Moth|ability: Quark Drive|[fromitem]\n|-start|p2a: Iron Moth|quarkdrivespe\n|turn|14\n|\n|t:|1700076037\n|move|p2a: Iron Moth|Dazzling Gleam|p1a: Skeledirge\n|-supereffective|p1a: Skeledirge\n|-damage|p1a: Skeledirge|0 fnt\n|faint|p1a: Skeledirge\n|\n|upkeep\n|\n|t:|1700076041\n|switch|p1a: Torkoal|Torkoal, F|100\/100\n|-activate|p1a: Torkoal|move: Sticky Web\n|-unboost|p1a: Torkoal|spe|1\n|-weather|SunnyDay|[from] ability: Drought|[of] p1a: Torkoal\n|turn|15\n|\n|t:|1700076048\n|move|p2a: Iron Moth|Psychic|p1a: Torkoal\n|-damage|p1a: Torkoal|75\/100\n|-unboost|p1a: Torkoal|spd|1\n|move|p1a: Torkoal|Rapid Spin|p2a: Iron Moth\n|-damage|p2a: Iron Moth|87\/100\n|-boost|p1a: Torkoal|spe|1\n|-sideend|p1: iloveyouhavefunplz|Sticky Web|[from] move: Rapid Spin|[of] p1a: Torkoal\n|\n|-weather|SunnyDay|[upkeep]\n|upkeep\n|turn|16\n|\n|t:|1700076063\n|switch|p1a: Rillaboom|Rillaboom, M|9\/100\n|-fieldstart|move: Grassy Terrain|[from] ability: Grassy Surge|[of] p1a: Rillaboom\n|move|p2a: Iron Moth|Psychic|p1a: Rillaboom\n|-damage|p1a: Rillaboom|0 fnt\n|faint|p1a: Rillaboom\n|\n|-weather|SunnyDay|[upkeep]\n|-heal|p2a: Iron Moth|93\/100|[from] Grassy Terrain\n|upkeep\n|\n|t:|1700076074\n|switch|p1a: Cinderace|Cinderace, F|100\/100\n|turn|17\n|\n|t:|1700076078\n|move|p2a: Iron Moth|Substitute|p2a: Iron Moth\n|-start|p2a: Iron Moth|Substitute\n|-damage|p2a: Iron Moth|68\/100\n|move|p1a: Cinderace|Pyro Ball|p2a: Iron Moth\n|-resisted|p2a: Iron Moth\n|-end|p2a: Iron Moth|Substitute\n|-damage|p1a: Cinderace|91\/100|[from] item: Life Orb\n|\n|-weather|SunnyDay|[upkeep]\n|-heal|p2a: Iron Moth|74\/100|[from] Grassy Terrain\n|-heal|p1a: Cinderace|97\/100|[from] Grassy Terrain\n|upkeep\n|turn|18\n|\n|t:|1700076084\n|move|p2a: Iron Moth|Psychic|p1a: Cinderace\n|-damage|p1a: Cinderace|53\/100\n|move|p1a: Cinderace|Pyro Ball|p2a: Iron Moth\n|-resisted|p2a: Iron Moth\n|-damage|p2a: Iron Moth|0 fnt\n|faint|p2a: Iron Moth\n|-end|p2a: Iron Moth|Quark Drive|[silent]\n|-damage|p1a: Cinderace|43\/100|[from] item: Life Orb\n|\n|win|iloveyouhavefunplz\n|raw|iloveyouhavefunplz's rating: 1126 &rarr; <strong>1146<\/strong><br \/>(+20 for winning)\n|raw|Hdjdkdkslslss's rating: 1049 &rarr; <strong>1035<\/strong><br \/>(-14 for losing)\n|l|\u2606Hdjdkdkslslss\n|player|p1|iloveyouhavefunplz|265\n","uploadtime":1700076108,"views":13,"p1id":"iloveyouhavefunplz","p2id":"hdjdkdkslslss","formatid":"gen9ou","rating":1035,"private":0,"password":""}