{"id":"gen9ou-1996789725","p1":"Pkm Trainer Yellow","p2":"tekken_is_life","format":"[Gen 9] OU","log":"|j|\u2606Pkm Trainer Yellow\n|j|\u203dtekken_is_life\n|t:|1700725667\n|gametype|singles\n|player|p1|Pkm Trainer Yellow|elesa|1795\n|player|p2|tekken_is_life|riley|1707\n|teamsize|p1|6\n|teamsize|p2|6\n|gen|9\n|tier|[Gen 9] OU\n|rated|\n|rule|Sleep Clause Mod: Limit one foe put to sleep\n|rule|Species Clause: Limit one of each Pok\u00e9mon\n|rule|OHKO Clause: OHKO moves are banned\n|rule|Evasion Items Clause: Evasion items are banned\n|rule|Evasion Moves Clause: Evasion moves are banned\n|rule|Endless Battle Clause: Forcing endless battles is banned\n|rule|HP Percentage Mod: HP is shown in percentages\n|clearpoke\n|poke|p1|Heatran, F|\n|poke|p1|Samurott-Hisui, M|\n|poke|p1|Gholdengo|\n|poke|p1|Great Tusk|\n|poke|p1|Thundurus-Therian, M|\n|poke|p1|Dragapult, M|\n|poke|p2|Dragonite, M|\n|poke|p2|Greninja-*, M|\n|poke|p2|Sandy Shocks|\n|poke|p2|Zamazenta-*|\n|poke|p2|Gholdengo|\n|poke|p2|Clefable, F|\n|teampreview\n|\n|t:|1700725684\n|start\n|switch|p1a: Samurott|Samurott-Hisui, M|100\/100\n|switch|p2a: Clefable|Clefable, F, shiny|100\/100\n|turn|1\n|\n|t:|1700725691\n|switch|p1a: Thundurus|Thundurus-Therian, M|100\/100\n|move|p2a: Clefable|Moonblast|p1a: Thundurus\n|-damage|p1a: Thundurus|60\/100\n|\n|upkeep\n|turn|2\n|\n|t:|1700725695\n|move|p1a: Thundurus|Grass Knot|p2a: Clefable\n|-damage|p2a: Clefable|78\/100\n|move|p2a: Clefable|Knock Off|p1a: Thundurus\n|-damage|p1a: Thundurus|35\/100\n|-enditem|p1a: Thundurus|Choice Specs|[from] move: Knock Off|[of] p2a: Clefable\n|\n|upkeep\n|turn|3\n|\n|t:|1700725701\n|move|p1a: Thundurus|Volt Switch|p2a: Clefable\n|-damage|p2a: Clefable|51\/100\n|j| dfghhhg\n|\n|t:|1700725706\n|switch|p1a: Heatran|Heatran, F|100\/100|[from] Volt Switch\n|move|p2a: Clefable|Moonblast|p1a: Heatran\n|-resisted|p1a: Heatran\n|-damage|p1a: Heatran|96\/100\n|\n|-heal|p1a: Heatran|100\/100|[from] item: Leftovers\n|upkeep\n|turn|4\n|\n|t:|1700725717\n|move|p1a: Heatran|Magma Storm|p2a: Clefable\n|-damage|p2a: Clefable|20\/100\n|-activate|p2a: Clefable|move: Magma Storm|[of] p1a: Heatran\n|move|p2a: Clefable|Knock Off|p1a: Heatran\n|-damage|p1a: Heatran|87\/100\n|-enditem|p1a: Heatran|Leftovers|[from] move: Knock Off|[of] p2a: Clefable\n|\n|upkeep\n|turn|5\n|\n|t:|1700725721\n|move|p1a: Heatran|Stealth Rock|p2a: Clefable\n|-sidestart|p2: tekken_is_life|move: Stealth Rock\n|move|p2a: Clefable|Encore|p1a: Heatran\n|-start|p1a: Heatran|Encore\n|\n|upkeep\n|turn|6\n|\n|t:|1700725726\n|switch|p1a: Thundurus|Thundurus-Therian, M|35\/100\n|move|p2a: Clefable|Moonlight|p2a: Clefable\n|-heal|p2a: Clefable|70\/100\n|\n|-end|p2a: Clefable|Magma Storm|[partiallytrapped]|[silent]\n|upkeep\n|turn|7\n|\n|t:|1700725730\n|move|p1a: Thundurus|Thunderbolt|p2a: Clefable\n|-damage|p2a: Clefable|33\/100\n|move|p2a: Clefable|Moonlight|p2a: Clefable\n|-heal|p2a: Clefable|83\/100\n|\n|upkeep\n|turn|8\n|\n|t:|1700725733\n|move|p1a: Thundurus|Thunderbolt|p2a: Clefable\n|-crit|p2a: Clefable\n|-damage|p2a: Clefable|31\/100\n|move|p2a: Clefable|Moonlight|p2a: Clefable\n|-heal|p2a: Clefable|81\/100\n|\n|upkeep\n|turn|9\n|\n|t:|1700725736\n|move|p1a: Thundurus|Thunderbolt|p2a: Clefable\n|-damage|p2a: Clefable|46\/100\n|move|p2a: Clefable|Moonblast|p1a: Thundurus\n|-damage|p1a: Thundurus|0 fnt\n|faint|p1a: Thundurus\n|\n|upkeep\n|\n|t:|1700725743\n|switch|p1a: Gholdengo|Gholdengo|100\/100\n|-item|p1a: Gholdengo|Air Balloon\n|turn|10\n|\n|t:|1700725759\n|switch|p2a: Sandy Shocks|Sandy Shocks|100\/100\n|-damage|p2a: Sandy Shocks|94\/100|[from] Stealth Rock\n|-enditem|p2a: Sandy Shocks|Booster Energy\n|-activate|p2a: Sandy Shocks|ability: Protosynthesis|[fromitem]\n|-start|p2a: Sandy Shocks|protosynthesisspe\n|move|p1a: Gholdengo|Make It Rain|p2a: Sandy Shocks\n|-resisted|p2a: Sandy Shocks\n|-damage|p2a: Sandy Shocks|61\/100\n|-unboost|p1a: Gholdengo|spa|1\n|\n|upkeep\n|turn|11\n|\n|t:|1700725783\n|switch|p1a: Heatran|Heatran, F|87\/100\n|move|p2a: Sandy Shocks|Thunderbolt|p1a: Heatran\n|-damage|p1a: Heatran|63\/100\n|\n|upkeep\n|turn|12\n|\n|t:|1700725788\n|switch|p1a: Samurott|Samurott-Hisui, M|100\/100\n|move|p2a: Sandy Shocks|Stealth Rock|p1a: Samurott\n|-sidestart|p1: Pkm Trainer Yellow|move: Stealth Rock\n|\n|upkeep\n|turn|13\n|\n|t:|1700725791\n|move|p2a: Sandy Shocks|Thunderbolt|p1a: Samurott\n|-supereffective|p1a: Samurott\n|-damage|p1a: Samurott|29\/100\n|move|p1a: Samurott|Ceaseless Edge|p2a: Sandy Shocks\n|-damage|p2a: Sandy Shocks|11\/100\n|-sidestart|p2: tekken_is_life|Spikes\n|\n|upkeep\n|turn|14\n|\n|t:|1700725798\n|move|p1a: Samurott|Sucker Punch|p2a: Sandy Shocks\n|-damage|p2a: Sandy Shocks|0 fnt\n|faint|p2a: Sandy Shocks\n|-end|p2a: Sandy Shocks|Protosynthesis|[silent]\n|\n|upkeep\n|\n|t:|1700725818\n|switch|p2a: Zamazenta|Zamazenta|100\/100\n|-damage|p2a: Zamazenta|94\/100|[from] Stealth Rock\n|-damage|p2a: Zamazenta|82\/100|[from] Spikes\n|-ability|p2a: Zamazenta|Dauntless Shield|boost\n|-boost|p2a: Zamazenta|def|1\n|turn|15\n|\n|t:|1700725829\n|move|p2a: Zamazenta|Substitute|p2a: Zamazenta\n|-start|p2a: Zamazenta|Substitute\n|-damage|p2a: Zamazenta|57\/100\n|move|p1a: Samurott|Sacred Sword|p2a: Zamazenta\n|-end|p2a: Zamazenta|Substitute\n|\n|-heal|p2a: Zamazenta|63\/100|[from] item: Leftovers\n|upkeep\n|turn|16\n|\n|t:|1700725835\n|move|p2a: Zamazenta|Body Press|p1a: Samurott\n|-supereffective|p1a: Samurott\n|-damage|p1a: Samurott|0 fnt\n|faint|p1a: Samurott\n|\n|-heal|p2a: Zamazenta|69\/100|[from] item: Leftovers\n|upkeep\n|\n|t:|1700725840\n|switch|p1a: Gholdengo|Gholdengo|100\/100\n|-damage|p1a: Gholdengo|94\/100|[from] Stealth Rock\n|-item|p1a: Gholdengo|Air Balloon\n|turn|17\n|\n|t:|1700725842\n|move|p2a: Zamazenta|Crunch|p1a: Gholdengo\n|-supereffective|p1a: Gholdengo\n|-damage|p1a: Gholdengo|66\/100\n|-unboost|p1a: Gholdengo|def|1\n|-enditem|p1a: Gholdengo|Air Balloon\n|move|p1a: Gholdengo|Shadow Ball|p2a: Zamazenta\n|-damage|p2a: Zamazenta|45\/100\n|\n|-heal|p2a: Zamazenta|51\/100|[from] item: Leftovers\n|upkeep\n|turn|18\n|\n|t:|1700725847\n|move|p2a: Zamazenta|Crunch|p1a: Gholdengo\n|-supereffective|p1a: Gholdengo\n|-damage|p1a: Gholdengo|19\/100\n|-unboost|p1a: Gholdengo|def|1\n|move|p1a: Gholdengo|Thunder Wave|p2a: Zamazenta\n|-status|p2a: Zamazenta|par\n|\n|-heal|p2a: Zamazenta|57\/100 par|[from] item: Leftovers\n|upkeep\n|turn|19\n|\n|t:|1700725852\n|move|p1a: Gholdengo|Make It Rain|p2a: Zamazenta\n|-damage|p2a: Zamazenta|17\/100 par\n|-unboost|p1a: Gholdengo|spa|1\n|move|p2a: Zamazenta|Crunch|p1a: Gholdengo\n|-supereffective|p1a: Gholdengo\n|-damage|p1a: Gholdengo|0 fnt\n|faint|p1a: Gholdengo\n|\n|-heal|p2a: Zamazenta|23\/100 par|[from] item: Leftovers\n|upkeep\n|j| ntgc336\n|\n|t:|1700725866\n|switch|p1a: Great Tusk|Great Tusk|100\/100\n|-damage|p1a: Great Tusk|98\/100|[from] Stealth Rock\n|turn|20\n|\n|t:|1700725871\n|move|p1a: Great Tusk|Rapid Spin|p2a: Zamazenta\n|-damage|p2a: Zamazenta|15\/100 par\n|-boost|p1a: Great Tusk|spe|1\n|-sideend|p1: Pkm Trainer Yellow|Stealth Rock|[from] move: Rapid Spin|[of] p1a: Great Tusk\n|move|p2a: Zamazenta|Iron Defense|p2a: Zamazenta\n|-boost|p2a: Zamazenta|def|2\n|\n|-heal|p1a: Great Tusk|100\/100|[from] item: Leftovers\n|-heal|p2a: Zamazenta|22\/100 par|[from] item: Leftovers\n|upkeep\n|turn|21\n|\n|t:|1700725878\n|move|p1a: Great Tusk|Earthquake|p2a: Zamazenta\n|-damage|p2a: Zamazenta|8\/100 par\n|move|p2a: Zamazenta|Body Press|p1a: Great Tusk\n|-damage|p1a: Great Tusk|56\/100\n|\n|-heal|p1a: Great Tusk|62\/100|[from] item: Leftovers\n|-heal|p2a: Zamazenta|14\/100 par|[from] item: Leftovers\n|upkeep\n|turn|22\n|\n|t:|1700725884\n|move|p1a: Great Tusk|Earthquake|p2a: Zamazenta\n|-damage|p2a: Zamazenta|1\/100 par\n|move|p2a: Zamazenta|Body Press|p1a: Great Tusk\n|-damage|p1a: Great Tusk|15\/100\n|\n|-heal|p1a: Great Tusk|21\/100|[from] item: Leftovers\n|-heal|p2a: Zamazenta|7\/100 par|[from] item: Leftovers\n|upkeep\n|turn|23\n|\n|t:|1700725889\n|move|p1a: Great Tusk|Earthquake|p2a: Zamazenta\n|-damage|p2a: Zamazenta|0 fnt\n|faint|p2a: Zamazenta\n|\n|-heal|p1a: Great Tusk|27\/100|[from] item: Leftovers\n|upkeep\n|\n|t:|1700725895\n|switch|p2a: Clefable|Clefable, F, shiny|46\/100\n|turn|24\n|\n|t:|1700725899\n|move|p1a: Great Tusk|Earthquake|p2a: Clefable\n|-damage|p2a: Clefable|0 fnt\n|faint|p2a: Clefable\n|\n|-heal|p1a: Great Tusk|33\/100|[from] item: Leftovers\n|upkeep\n|j| Box Scanner\n|\n|t:|1700725907\n|switch|p2a: Dragonite|Dragonite, M|100\/100\n|turn|25\n|\n|t:|1700725909\n|move|p1a: Great Tusk|Ice Spinner|p2a: Dragonite\n|-supereffective|p2a: Dragonite\n|-damage|p2a: Dragonite|49\/100\n|move|p2a: Dragonite|Dragon Dance|p2a: Dragonite\n|-boost|p2a: Dragonite|atk|1\n|-boost|p2a: Dragonite|spe|1\n|\n|-heal|p1a: Great Tusk|40\/100|[from] item: Leftovers\n|upkeep\n|turn|26\n|j| DarkNoms Official\n|\n|t:|1700725917\n|-terastallize|p2a: Dragonite|Normal\n|move|p1a: Great Tusk|Ice Spinner|p2a: Dragonite\n|-damage|p2a: Dragonite|24\/100\n|move|p2a: Dragonite|Dragon Dance|p2a: Dragonite\n|-boost|p2a: Dragonite|atk|1\n|-boost|p2a: Dragonite|spe|1\n|\n|-heal|p1a: Great Tusk|46\/100|[from] item: Leftovers\n|upkeep\n|turn|27\n|\n|t:|1700725924\n|move|p2a: Dragonite|Earthquake|p1a: Great Tusk\n|-damage|p1a: Great Tusk|0 fnt\n|faint|p1a: Great Tusk\n|-end|p1a: Great Tusk|Protosynthesis|[silent]\n|\n|upkeep\n|\n|t:|1700725930\n|switch|p1a: Dragapult|Dragapult, M|100\/100\n|turn|28\n|\n|t:|1700725932\n|move|p1a: Dragapult|Sucker Punch|p2a: Dragonite\n|-damage|p2a: Dragonite|0 fnt\n|faint|p2a: Dragonite\n|\n|upkeep\n|\n|t:|1700725936\n|switch|p2a: Greninja|Greninja, M|100\/100\n|-damage|p2a: Greninja|88\/100|[from] Stealth Rock\n|-damage|p2a: Greninja|76\/100|[from] Spikes\n|turn|29\n|\n|t:|1700725941\n|switch|p1a: Heatran|Heatran, F|63\/100\n|move|p2a: Greninja|Surf|p1a: Heatran\n|-supereffective|p1a: Heatran\n|-damage|p1a: Heatran|0 fnt\n|faint|p1a: Heatran\n|-ability|p2a: Greninja|Battle Bond|boost\n|-boost|p2a: Greninja|atk|1\n|-boost|p2a: Greninja|spa|1\n|-boost|p2a: Greninja|spe|1\n|-activate|p2a: Greninja|ability: Battle Bond\n|-damage|p2a: Greninja|66\/100|[from] item: Life Orb\n|\n|upkeep\n|\n|t:|1700725945\n|switch|p1a: Dragapult|Dragapult, M|100\/100\n|turn|30\n|j| Ctannn\n|\n|t:|1700725955\n|-terastallize|p1a: Dragapult|Dragon\n|move|p2a: Greninja|Dark Pulse|p1a: Dragapult\n|-damage|p1a: Dragapult|5\/100\n|-damage|p2a: Greninja|56\/100|[from] item: Life Orb\n|move|p1a: Dragapult|Phantom Force||[still]\n|-prepare|p1a: Dragapult|Phantom Force\n|\n|upkeep\n|turn|31\n|\n|t:|1700725965\n|move|p2a: Greninja|Dark Pulse|p1a: Dragapult|[miss]\n|-miss|p2a: Greninja|p1a: Dragapult\n|move|p1a: Dragapult|Phantom Force|p2a: Greninja|[from]lockedmove\n|-resisted|p2a: Greninja\n|-crit|p2a: Greninja\n|-damage|p2a: Greninja|0 fnt\n|faint|p2a: Greninja\n|\n|upkeep\n|\n|t:|1700725966\n|switch|p2a: Gholdengo|Gholdengo|100\/100\n|-damage|p2a: Gholdengo|94\/100|[from] Stealth Rock\n|-damage|p2a: Gholdengo|82\/100|[from] Spikes\n|turn|32\n|l| Box Scanner\n|\n|t:|1700725977\n|move|p1a: Dragapult|Phantom Force||[still]\n|-prepare|p1a: Dragapult|Phantom Force\n|move|p2a: Gholdengo|Recover|p2a: Gholdengo\n|-heal|p2a: Gholdengo|100\/100\n|\n|upkeep\n|turn|33\n|\n|t:|1700725981\n|move|p1a: Dragapult|Phantom Force|p2a: Gholdengo|[from]lockedmove\n|-supereffective|p2a: Gholdengo\n|-damage|p2a: Gholdengo|0 fnt\n|faint|p2a: Gholdengo\n|\n|win|Pkm Trainer Yellow\n|raw|Pkm Trainer Yellow's rating: 1795 &rarr; <strong>1810<\/strong><br \/>(+15 for winning)\n|raw|tekken_is_life's rating: 1707 &rarr; <strong>1692<\/strong><br \/>(-15 for losing)\n|l|\u2606Pkm Trainer Yellow\n|l|\u203dtekken_is_life\n|l| Ctannn\n|l| DarkNoms Official\n|j| DarkNoms Official\n","uploadtime":1700726370,"views":13,"p1id":"pkmtraineryellow","p2id":"tekkenislife","formatid":"gen9ou","rating":1692,"private":0,"password":""}