{"id":"gen9ou-2000401608","p1":"TheDaucta678","p2":"i like choc","format":"[Gen 9] OU","log":"|j|\u2606TheDaucta678\n|j|\u2606i like choc\n|t:|1701191750\n|gametype|singles\n|player|p1|TheDaucta678|brock|1142\n|player|p2|i like choc|green|1117\n|teamsize|p1|6\n|teamsize|p2|6\n|gen|9\n|tier|[Gen 9] OU\n|rated|\n|rule|Sleep Clause Mod: Limit one foe put to sleep\n|rule|Species Clause: Limit one of each Pok\u00e9mon\n|rule|OHKO Clause: OHKO moves are banned\n|rule|Evasion Items Clause: Evasion items are banned\n|rule|Evasion Moves Clause: Evasion moves are banned\n|rule|Endless Battle Clause: Forcing endless battles is banned\n|rule|HP Percentage Mod: HP is shown in percentages\n|clearpoke\n|poke|p1|Snorlax, M|\n|poke|p1|Chansey, F|\n|poke|p1|Tauros-Paldea-Blaze, M|\n|poke|p1|Zapdos|\n|poke|p1|Cloyster, F|\n|poke|p1|Slowbro, F|\n|poke|p2|Glaceon, F|\n|poke|p2|Landorus-Therian, M|\n|poke|p2|Cinderace, M|\n|poke|p2|Toxapex, M|\n|poke|p2|Dragapult, M|\n|poke|p2|Yanmega, M|\n|teampreview\n|inactive|Battle timer is ON: inactive players will automatically lose when time's up. (requested by i like choc)\n|\n|t:|1701191761\n|start\n|switch|p1a: Chansey|Chansey, F|100\/100\n|switch|p2a: Yanmega|Yanmega, M, shiny|100\/100\n|turn|1\n|\n|t:|1701191767\n|move|p2a: Yanmega|Swords Dance|p2a: Yanmega\n|-boost|p2a: Yanmega|atk|2\n|move|p1a: Chansey|Thunder Wave|p2a: Yanmega\n|-status|p2a: Yanmega|par\n|\n|-ability|p2a: Yanmega|Speed Boost|boost\n|-boost|p2a: Yanmega|spe|1\n|upkeep\n|turn|2\n|\n|t:|1701191774\n|move|p2a: Yanmega|Swords Dance|p2a: Yanmega\n|-boost|p2a: Yanmega|atk|2\n|move|p1a: Chansey|Stealth Rock|p2a: Yanmega\n|-sidestart|p2: i like choc|move: Stealth Rock\n|\n|-ability|p2a: Yanmega|Speed Boost|boost\n|-boost|p2a: Yanmega|spe|1\n|upkeep\n|turn|3\n|\n|t:|1701191781\n|cant|p2a: Yanmega|par\n|move|p1a: Chansey|Seismic Toss|p2a: Yanmega\n|-damage|p2a: Yanmega|69\/100 par\n|\n|-ability|p2a: Yanmega|Speed Boost|boost\n|-boost|p2a: Yanmega|spe|1\n|upkeep\n|turn|4\n|\n|t:|1701191787\n|cant|p2a: Yanmega|par\n|move|p1a: Chansey|Seismic Toss|p2a: Yanmega\n|-damage|p2a: Yanmega|37\/100 par\n|\n|-ability|p2a: Yanmega|Speed Boost|boost\n|-boost|p2a: Yanmega|spe|1\n|upkeep\n|turn|5\n|\n|t:|1701191793\n|cant|p2a: Yanmega|par\n|move|p1a: Chansey|Seismic Toss|p2a: Yanmega\n|-damage|p2a: Yanmega|5\/100 par\n|\n|-ability|p2a: Yanmega|Speed Boost|boost\n|-boost|p2a: Yanmega|spe|1\n|upkeep\n|turn|6\n|\n|t:|1701191799\n|cant|p2a: Yanmega|par\n|move|p1a: Chansey|Seismic Toss|p2a: Yanmega\n|-damage|p2a: Yanmega|0 fnt\n|faint|p2a: Yanmega\n|\n|upkeep\n|c|\u2606i like choc|yay\n|c|\u2606i like choc|ok\n|c|\u2606TheDaucta678|parahax going crazy\n|c|\u2606i like choc|average showdown luck\n|\n|t:|1701191828\n|switch|p2a: Landorus|Landorus-Therian, M, shiny|100\/100\n|-damage|p2a: Landorus|88\/100|[from] Stealth Rock\n|-ability|p2a: Landorus|Intimidate|boost\n|-unboost|p1a: Chansey|atk|1\n|turn|7\n|\n|t:|1701191844\n|switch|p1a: Slowbro|Slowbro, F|100\/100\n|move|p2a: Landorus|Earthquake|p1a: Slowbro\n|-damage|p1a: Slowbro|70\/100\n|\n|-heal|p2a: Landorus|94\/100|[from] item: Leftovers\n|-heal|p1a: Slowbro|76\/100|[from] item: Leftovers\n|upkeep\n|turn|8\n|\n|t:|1701191856\n|move|p2a: Landorus|U-turn|p1a: Slowbro\n|-supereffective|p1a: Slowbro\n|-damage|p1a: Slowbro|48\/100\n|\n|t:|1701191861\n|switch|p2a: Toxapex|Toxapex, M, shiny|100\/100|[from] U-turn\n|-damage|p2a: Toxapex|88\/100|[from] Stealth Rock\n|move|p1a: Slowbro|Slack Off|p1a: Slowbro\n|-heal|p1a: Slowbro|98\/100\n|\n|-heal|p2a: Toxapex|94\/100|[from] item: Black Sludge\n|-heal|p1a: Slowbro|100\/100|[from] item: Leftovers\n|upkeep\n|turn|9\n|\n|t:|1701191881\n|move|p2a: Toxapex|Toxic|p1a: Slowbro\n|-status|p1a: Slowbro|tox\n|move|p1a: Slowbro|Calm Mind|p1a: Slowbro\n|-boost|p1a: Slowbro|spa|1\n|-boost|p1a: Slowbro|spd|1\n|\n|-heal|p2a: Toxapex|100\/100|[from] item: Black Sludge\n|-damage|p1a: Slowbro|94\/100 tox|[from] psn\n|upkeep\n|turn|10\n|\n|t:|1701191888\n|move|p2a: Toxapex|Haze|p2a: Toxapex\n|-clearallboost\n|move|p1a: Slowbro|Calm Mind|p1a: Slowbro\n|-boost|p1a: Slowbro|spa|1\n|-boost|p1a: Slowbro|spd|1\n|\n|-heal|p1a: Slowbro|100\/100 tox|[from] item: Leftovers\n|-damage|p1a: Slowbro|88\/100 tox|[from] psn\n|upkeep\n|turn|11\n|\n|t:|1701191902\n|switch|p1a: Chansey|Chansey, F|100\/100\n|move|p2a: Toxapex|Haze|p2a: Toxapex\n|-clearallboost\n|\n|upkeep\n|turn|12\n|\n|t:|1701191918\n|switch|p2a: Cinderace|Cinderace, M|100\/100\n|move|p1a: Chansey|Thunder Wave|p2a: Cinderace\n|-status|p2a: Cinderace|par\n|\n|upkeep\n|turn|13\n|\n|t:|1701191941\n|switch|p1a: Zapdos|Zapdos|100\/100\n|move|p2a: Cinderace|Court Change|p2a: Cinderace\n|-start|p2a: Cinderace|typechange|Normal|[from] ability: Libero\n|-swapsideconditions\n|-activate|p2a: Cinderace|move: Court Change\n|\n|upkeep\n|turn|14\n|\n|t:|1701191956\n|move|p1a: Zapdos|Hurricane|p2a: Cinderace\n|-damage|p2a: Cinderace|20\/100 par\n|move|p2a: Cinderace|U-turn|p1a: Zapdos\n|-resisted|p1a: Zapdos\n|-damage|p1a: Zapdos|88\/100\n|\n|t:|1701191968\n|switch|p2a: Glaceon|Glaceon, F, shiny|100\/100|[from] U-turn\n|\n|upkeep\n|turn|15\n|\n|t:|1701191982\n|switch|p1a: Snorlax|Snorlax, M, shiny|100\/100\n|-damage|p1a: Snorlax|88\/100|[from] Stealth Rock\n|move|p2a: Glaceon|Ice Beam|p1a: Snorlax\n|-damage|p1a: Snorlax|78\/100\n|\n|upkeep\n|turn|16\n|\n|t:|1701191990\n|switch|p2a: Cinderace|Cinderace, M|20\/100 par\n|move|p1a: Snorlax|Heavy Slam|p2a: Cinderace\n|-resisted|p2a: Cinderace\n|-damage|p2a: Cinderace|0 fnt\n|faint|p2a: Cinderace\n|\n|upkeep\n|\n|t:|1701191996\n|switch|p2a: Dragapult|Dragapult, M, shiny|100\/100\n|turn|17\n|inactive|TheDaucta678 has 120 seconds left.\n|\n|t:|1701192028\n|move|p2a: Dragapult|Dragon Dance|p2a: Dragapult\n|-boost|p2a: Dragapult|atk|1\n|-boost|p2a: Dragapult|spe|1\n|move|p1a: Snorlax|Heavy Slam|p2a: Dragapult\n|-damage|p2a: Dragapult|62\/100\n|\n|upkeep\n|turn|18\n|inactive|i like choc has 120 seconds left.\n|inactive|TheDaucta678 has 120 seconds left.\n|\n|t:|1701192086\n|move|p2a: Dragapult|Dragon Darts|p1a: Snorlax\n|-damage|p1a: Snorlax|30\/100\n|-anim|p2a: Dragapult|Dragon Darts|p1a: Snorlax\n|-damage|p1a: Snorlax|0 fnt\n|faint|p1a: Snorlax\n|-damage|p2a: Dragapult|52\/100|[from] item: Life Orb\n|\n|upkeep\n|inactive|TheDaucta678 has 90 seconds left.\n|\n|t:|1701192110\n|switch|p1a: Cloyster|Cloyster, F, shiny|100\/100\n|-damage|p1a: Cloyster|76\/100|[from] Stealth Rock\n|turn|19\n|inactive|i like choc has 90 seconds left.\n|\n|t:|1701192153\n|-terastallize|p1a: Cloyster|Ice\n|move|p1a: Cloyster|Ice Shard|p2a: Dragapult\n|-supereffective|p2a: Dragapult\n|-damage|p2a: Dragapult|0 fnt\n|faint|p2a: Dragapult\n|\n|upkeep\n|\n|t:|1701192157\n|switch|p2a: Toxapex|Toxapex, M, shiny|100\/100\n|turn|20\n|\n|t:|1701192163\n|switch|p1a: Slowbro|Slowbro, F|88\/100 tox\n|-damage|p1a: Slowbro|76\/100 tox|[from] Stealth Rock\n|move|p2a: Toxapex|Toxic|p1a: Slowbro\n|-fail|p1a: Slowbro|tox\n|\n|-heal|p1a: Slowbro|82\/100 tox|[from] item: Leftovers\n|-damage|p1a: Slowbro|76\/100 tox|[from] psn\n|upkeep\n|turn|21\n|inactive|i like choc has 90 seconds left.\n|inactive|i like choc has 60 seconds left.\n|\n|t:|1701192206\n|move|p2a: Toxapex|Protect|p2a: Toxapex\n|-singleturn|p2a: Toxapex|Protect\n|move|p1a: Slowbro|Psyshock|p2a: Toxapex\n|-activate|p2a: Toxapex|move: Protect\n|\n|-heal|p1a: Slowbro|82\/100 tox|[from] item: Leftovers\n|-damage|p1a: Slowbro|70\/100 tox|[from] psn\n|upkeep\n|turn|22\n|\n|t:|1701192214\n|switch|p2a: Landorus|Landorus-Therian, M, shiny|94\/100\n|-ability|p2a: Landorus|Intimidate|boost\n|-fail|p1a: Slowbro|unboost|Attack|[from] ability: Oblivious|[of] p1a: Slowbro\n|move|p1a: Slowbro|Slack Off|p1a: Slowbro\n|-heal|p1a: Slowbro|100\/100 tox\n|\n|-heal|p2a: Landorus|99\/100|[from] item: Leftovers\n|-damage|p1a: Slowbro|82\/100 tox|[from] psn\n|upkeep\n|turn|23\n|inactive|TheDaucta678 has 120 seconds left.\n|\n|t:|1701192222\n|move|p2a: Landorus|U-turn|p1a: Slowbro\n|-supereffective|p1a: Slowbro\n|-damage|p1a: Slowbro|49\/100 tox\n|\n|t:|1701192225\n|switch|p2a: Toxapex|Toxapex, M, shiny|100\/100|[from] U-turn\n|move|p1a: Slowbro|Scald|p2a: Toxapex\n|-resisted|p2a: Toxapex\n|-damage|p2a: Toxapex|90\/100\n|\n|-heal|p2a: Toxapex|96\/100|[from] item: Black Sludge\n|-heal|p1a: Slowbro|55\/100 tox|[from] item: Leftovers\n|-damage|p1a: Slowbro|31\/100 tox|[from] psn\n|upkeep\n|turn|24\n|\n|t:|1701192236\n|switch|p2a: Landorus|Landorus-Therian, M, shiny|99\/100\n|-ability|p2a: Landorus|Intimidate|boost\n|-fail|p1a: Slowbro|unboost|Attack|[from] ability: Oblivious|[of] p1a: Slowbro\n|move|p1a: Slowbro|Psyshock|p2a: Landorus\n|-damage|p2a: Landorus|66\/100\n|\n|-heal|p2a: Landorus|72\/100|[from] item: Leftovers\n|-heal|p1a: Slowbro|37\/100 tox|[from] item: Leftovers\n|-damage|p1a: Slowbro|7\/100 tox|[from] psn\n|upkeep\n|turn|25\n|inactive|i like choc has 90 seconds left.\n|\n|t:|1701192248\n|move|p2a: Landorus|Rock Slide|p1a: Slowbro\n|-damage|p1a: Slowbro|0 fnt\n|faint|p1a: Slowbro\n|\n|-heal|p2a: Landorus|78\/100|[from] item: Leftovers\n|upkeep\n|\n|t:|1701192255\n|switch|p1a: Cloyster|Cloyster, F, shiny, tera:Ice|76\/100\n|-damage|p1a: Cloyster|51\/100|[from] Stealth Rock\n|turn|26\n|\n|t:|1701192259\n|switch|p2a: Toxapex|Toxapex, M, shiny|100\/100\n|move|p1a: Cloyster|Shell Smash|p1a: Cloyster\n|-unboost|p1a: Cloyster|def|1\n|-unboost|p1a: Cloyster|spd|1\n|-boost|p1a: Cloyster|atk|2\n|-boost|p1a: Cloyster|spa|2\n|-boost|p1a: Cloyster|spe|2\n|-enditem|p1a: Cloyster|White Herb\n|-clearnegativeboost|p1a: Cloyster|[silent]\n|\n|upkeep\n|turn|27\n|\n|t:|1701192282\n|move|p1a: Cloyster|Shell Smash|p1a: Cloyster\n|-unboost|p1a: Cloyster|def|1\n|-unboost|p1a: Cloyster|spd|1\n|-boost|p1a: Cloyster|atk|2\n|-boost|p1a: Cloyster|spa|2\n|-boost|p1a: Cloyster|spe|2\n|move|p2a: Toxapex|Haze|p2a: Toxapex\n|-clearallboost\n|\n|upkeep\n|turn|28\n|\n|t:|1701192290\n|move|p1a: Cloyster|Rock Blast|p2a: Toxapex\n|-damage|p2a: Toxapex|96\/100\n|-damage|p2a: Toxapex|90\/100\n|-damage|p2a: Toxapex|85\/100\n|-damage|p2a: Toxapex|80\/100\n|-damage|p2a: Toxapex|74\/100\n|-hitcount|p2a: Toxapex|5\n|move|p2a: Toxapex|Toxic|p1a: Cloyster\n|-status|p1a: Cloyster|tox\n|\n|-heal|p2a: Toxapex|80\/100|[from] item: Black Sludge\n|-damage|p1a: Cloyster|44\/100 tox|[from] psn\n|upkeep\n|turn|29\n|\n|t:|1701192308\n|switch|p1a: Chansey|Chansey, F|100\/100\n|-damage|p1a: Chansey|88\/100|[from] Stealth Rock\n|move|p2a: Toxapex|Haze|p2a: Toxapex\n|-clearallboost\n|\n|-heal|p2a: Toxapex|87\/100|[from] item: Black Sludge\n|upkeep\n|turn|30\n|\n|t:|1701192316\n|move|p1a: Chansey|Stealth Rock|p2a: Toxapex\n|-sidestart|p2: i like choc|move: Stealth Rock\n|move|p2a: Toxapex|Toxic|p1a: Chansey\n|-status|p1a: Chansey|tox\n|\n|-heal|p2a: Toxapex|93\/100|[from] item: Black Sludge\n|-damage|p1a: Chansey|82\/100 tox|[from] psn\n|upkeep\n|turn|31\n|\n|t:|1701192322\n|switch|p2a: Landorus|Landorus-Therian, M, shiny|78\/100\n|-damage|p2a: Landorus|66\/100|[from] Stealth Rock\n|-ability|p2a: Landorus|Intimidate|boost\n|-unboost|p1a: Chansey|atk|1\n|move|p1a: Chansey|Thunder Wave|p2a: Landorus\n|-immune|p2a: Landorus\n|\n|-heal|p2a: Landorus|72\/100|[from] item: Leftovers\n|-damage|p1a: Chansey|69\/100 tox|[from] psn\n|upkeep\n|turn|32\n|\n|t:|1701192332\n|move|p2a: Landorus|Earthquake|p1a: Chansey\n|-damage|p1a: Chansey|30\/100 tox\n|move|p1a: Chansey|Seismic Toss|p2a: Landorus\n|-damage|p2a: Landorus|41\/100\n|\n|-heal|p2a: Landorus|47\/100|[from] item: Leftovers\n|-damage|p1a: Chansey|12\/100 tox|[from] psn\n|upkeep\n|turn|33\n|\n|t:|1701192340\n|move|p2a: Landorus|U-turn|p1a: Chansey\n|-damage|p1a: Chansey|0 fnt\n|faint|p1a: Chansey\n|\n|t:|1701192343\n|switch|p2a: Glaceon|Glaceon, F, shiny|100\/100|[from] U-turn\n|-damage|p2a: Glaceon|76\/100|[from] Stealth Rock\n|\n|upkeep\n|\n|t:|1701192348\n|switch|p1a: Tauros|Tauros-Paldea-Blaze, M|100\/100\n|-damage|p1a: Tauros|88\/100|[from] Stealth Rock\n|-ability|p1a: Tauros|Intimidate|boost\n|-unboost|p2a: Glaceon|atk|1\n|turn|34\n|\n|t:|1701192355\n|-terastallize|p2a: Glaceon|Ground\n|move|p2a: Glaceon|Tera Blast|p1a: Tauros|[anim] Tera Blast Ground\n|-supereffective|p1a: Tauros\n|-crit|p1a: Tauros\n|-damage|p1a: Tauros|0 fnt\n|faint|p1a: Tauros\n|\n|upkeep\n|\n|t:|1701192366\n|switch|p1a: Cloyster|Cloyster, F, shiny, tera:Ice|44\/100 tox\n|-damage|p1a: Cloyster|20\/100 tox|[from] Stealth Rock\n|turn|35\n|\n|t:|1701192375\n|switch|p2a: Landorus|Landorus-Therian, M, shiny|47\/100\n|-damage|p2a: Landorus|34\/100|[from] Stealth Rock\n|-ability|p2a: Landorus|Intimidate|boost\n|-unboost|p1a: Cloyster|atk|1\n|move|p1a: Cloyster|Ice Shard|p2a: Landorus\n|-supereffective|p2a: Landorus\n|-damage|p2a: Landorus|0 fnt\n|faint|p2a: Landorus\n|\n|-damage|p1a: Cloyster|13\/100 tox|[from] psn\n|upkeep\n|\n|t:|1701192381\n|switch|p2a: Toxapex|Toxapex, M, shiny|100\/100\n|-damage|p2a: Toxapex|88\/100|[from] Stealth Rock\n|turn|36\n|\n|t:|1701192387\n|move|p2a: Toxapex|Protect|p2a: Toxapex\n|-singleturn|p2a: Toxapex|Protect\n|move|p1a: Cloyster|Icicle Spear|p2a: Toxapex\n|-activate|p2a: Toxapex|move: Protect\n|\n|-heal|p2a: Toxapex|94\/100|[from] item: Black Sludge\n|-damage|p1a: Cloyster|1\/100 tox|[from] psn\n|upkeep\n|turn|37\n|\n|t:|1701192394\n|move|p1a: Cloyster|Icicle Spear|p2a: Toxapex\n|-resisted|p2a: Toxapex\n|-damage|p2a: Toxapex|90\/100\n|-resisted|p2a: Toxapex\n|-damage|p2a: Toxapex|87\/100\n|-resisted|p2a: Toxapex\n|-damage|p2a: Toxapex|83\/100\n|-resisted|p2a: Toxapex\n|-damage|p2a: Toxapex|80\/100\n|-resisted|p2a: Toxapex\n|-damage|p2a: Toxapex|76\/100\n|-hitcount|p2a: Toxapex|5\n|move|p2a: Toxapex|Recover|p2a: Toxapex\n|-heal|p2a: Toxapex|100\/100\n|\n|-damage|p1a: Cloyster|0 fnt|[from] psn\n|faint|p1a: Cloyster\n|upkeep\n|\n|t:|1701192407\n|switch|p1a: Zapdos|Zapdos|88\/100\n|turn|38\n|\n|t:|1701192412\n|move|p1a: Zapdos|Hurricane|p2a: Toxapex\n|-damage|p2a: Toxapex|52\/100\n|-start|p2a: Toxapex|confusion\n|-activate|p2a: Toxapex|confusion\n|-damage|p2a: Toxapex|49\/100|[from] confusion\n|\n|-heal|p2a: Toxapex|55\/100|[from] item: Black Sludge\n|upkeep\n|turn|39\n|\n|t:|1701192419\n|-activate|p2a: Toxapex|confusion\n|-damage|p2a: Toxapex|53\/100|[from] confusion\n|move|p1a: Zapdos|Thunderbolt|p2a: Toxapex\n|-supereffective|p2a: Toxapex\n|-damage|p2a: Toxapex|0 fnt\n|faint|p2a: Toxapex\n|\n|upkeep\n|\n|t:|1701192421\n|switch|p2a: Glaceon|Glaceon, F, shiny, tera:Ground|76\/100\n|-damage|p2a: Glaceon|70\/100|[from] Stealth Rock\n|turn|40\n|\n|t:|1701192427\n|move|p2a: Glaceon|Ice Beam|p1a: Zapdos\n|-supereffective|p1a: Zapdos\n|-damage|p1a: Zapdos|0 fnt\n|faint|p1a: Zapdos\n|\n|win|i like choc\n|raw|TheDaucta678's rating: 1142 &rarr; <strong>1115<\/strong><br \/>(-27 for losing)\n|raw|i like choc's rating: 1117 &rarr; <strong>1144<\/strong><br \/>(+27 for winning)\n|l|\u2606TheDaucta678\n","uploadtime":1701192440,"views":7,"p1id":"thedaucta678","p2id":"ilikechoc","formatid":"gen9ou","rating":1115,"private":0,"password":""}