{"id":"gen9ou-1995555567","p1":"SnoozSeal","p2":"Juanp0093","format":"[Gen 9] OU","log":"|j|\u2606SnoozSeal\n|j|\u2606Juanp0093\n|t:|1700582509\n|gametype|singles\n|player|p1|SnoozSeal|larry|1398\n|player|p2|Juanp0093|blue|1415\n|teamsize|p1|6\n|teamsize|p2|6\n|gen|9\n|tier|[Gen 9] OU\n|rated|\n|rule|Sleep Clause Mod: Limit one foe put to sleep\n|rule|Species Clause: Limit one of each Pok\u00e9mon\n|rule|OHKO Clause: OHKO moves are banned\n|rule|Evasion Items Clause: Evasion items are banned\n|rule|Evasion Moves Clause: Evasion moves are banned\n|rule|Endless Battle Clause: Forcing endless battles is banned\n|rule|HP Percentage Mod: HP is shown in percentages\n|clearpoke\n|poke|p1|Ting-Lu|\n|poke|p1|Great Tusk|\n|poke|p1|Ribombee, F|\n|poke|p1|Gholdengo|\n|poke|p1|Dragapult, M|\n|poke|p1|Ceruledge, M|\n|poke|p2|Samurott-Hisui, F|\n|poke|p2|Ceruledge, F|\n|poke|p2|Thundurus-Therian, M|\n|poke|p2|Amoonguss, M|\n|poke|p2|Great Tusk|\n|poke|p2|Gholdengo|\n|teampreview\n|inactive|Battle timer is ON: inactive players will automatically lose when time's up. (requested by SnoozSeal)\n|\n|t:|1700582518\n|start\n|switch|p1a: what even is this|Ribombee, F|100\/100\n|switch|p2a: Samurott|Samurott-Hisui, F, shiny|100\/100\n|turn|1\n|\n|t:|1700582525\n|move|p2a: Samurott|Flip Turn|p1a: what even is this\n|-damage|p1a: what even is this|58\/100\n|\n|t:|1700582527\n|switch|p2a: Ceruledge|Ceruledge, F|100\/100|[from] Flip Turn\n|move|p1a: what even is this|Sticky Web|p2a: Ceruledge\n|-sidestart|p2: Juanp0093|move: Sticky Web\n|\n|upkeep\n|turn|2\n|\n|t:|1700582530\n|move|p1a: what even is this|Stun Spore|p2a: Ceruledge\n|-status|p2a: Ceruledge|par\n|move|p2a: Ceruledge|Bitter Blade|p1a: what even is this\n|-supereffective|p1a: what even is this\n|-damage|p1a: what even is this|0 fnt\n|faint|p1a: what even is this\n|\n|upkeep\n|\n|t:|1700582538\n|switch|p1a: return to ghoul|Ceruledge, M|100\/100\n|turn|3\n|\n|t:|1700582546\n|switch|p2a: Great Tusk|Great Tusk, shiny|100\/100\n|-activate|p2a: Great Tusk|move: Sticky Web\n|-unboost|p2a: Great Tusk|spe|1\n|move|p1a: return to ghoul|Swords Dance|p1a: return to ghoul\n|-boost|p1a: return to ghoul|atk|2\n|\n|upkeep\n|turn|4\n|\n|t:|1700582553\n|move|p1a: return to ghoul|Bitter Blade|p2a: Great Tusk\n|-damage|p2a: Great Tusk|57\/100\n|move|p2a: Great Tusk|Earthquake|p1a: return to ghoul\n|-supereffective|p1a: return to ghoul\n|-enditem|p1a: return to ghoul|Focus Sash\n|-damage|p1a: return to ghoul|1\/100\n|-ability|p1a: return to ghoul|Weak Armor|boost\n|-unboost|p1a: return to ghoul|def|1\n|-boost|p1a: return to ghoul|spe|2\n|\n|-heal|p2a: Great Tusk|63\/100|[from] item: Leftovers\n|upkeep\n|turn|5\n|\n|t:|1700582560\n|-terastallize|p1a: return to ghoul|Fire\n|move|p1a: return to ghoul|Bitter Blade|p2a: Great Tusk\n|-damage|p2a: Great Tusk|0 fnt\n|-heal|p1a: return to ghoul|47\/100|[from] drain|[of] p2a: Great Tusk\n|faint|p2a: Great Tusk\n|-end|p2a: Great Tusk|Protosynthesis|[silent]\n|\n|upkeep\n|\n|t:|1700582571\n|switch|p2a: Thundurus|Thundurus-Therian, M|100\/100\n|turn|6\n|\n|t:|1700582574\n|move|p1a: return to ghoul|Bitter Blade|p2a: Thundurus\n|-damage|p2a: Thundurus|0 fnt\n|-heal|p1a: return to ghoul|99\/100|[from] drain|[of] p2a: Thundurus\n|faint|p2a: Thundurus\n|\n|upkeep\n|-message|Juanp0093 forfeited.\n|\n|win|SnoozSeal\n|raw|SnoozSeal's rating: 1398 &rarr; <strong>1419<\/strong><br \/>(+21 for winning)\n|raw|Juanp0093's rating: 1415 &rarr; <strong>1394<\/strong><br \/>(-21 for losing)\n|l|\u2606Juanp0093\n","uploadtime":1700582590,"views":3,"p1id":"snoozseal","p2id":"juanp0093","formatid":"gen9ou","rating":1394,"private":0,"password":""}