{"id":"gen9ou-2000076216","p1":"Dtwizzle","p2":"Thyplayr63","format":"[Gen 9] OU","log":"|j|\u2606Dtwizzle\n|j|\u2606Thyplayr63\n|t:|1701150336\n|gametype|singles\n|player|p1|Dtwizzle|veteran|1132\n|player|p2|Thyplayr63|lusamine-nihilego|1256\n|teamsize|p1|6\n|teamsize|p2|6\n|gen|9\n|tier|[Gen 9] OU\n|rated|\n|rule|Sleep Clause Mod: Limit one foe put to sleep\n|rule|Species Clause: Limit one of each Pok\u00e9mon\n|rule|OHKO Clause: OHKO moves are banned\n|rule|Evasion Items Clause: Evasion items are banned\n|rule|Evasion Moves Clause: Evasion moves are banned\n|rule|Endless Battle Clause: Forcing endless battles is banned\n|rule|HP Percentage Mod: HP is shown in percentages\n|clearpoke\n|poke|p1|Glimmora, M|\n|poke|p1|Cinderace, F|\n|poke|p1|Grimmsnarl, M|\n|poke|p1|Zangoose, M|\n|poke|p1|Corviknight, M|\n|poke|p1|Slowking-Galar, F|\n|poke|p2|Tornadus-Therian, M|\n|poke|p2|Blissey, F|\n|poke|p2|Gholdengo|\n|poke|p2|Jirachi|\n|poke|p2|Volcanion|\n|poke|p2|Glimmora, F|\n|teampreview\n|inactive|Battle timer is ON: inactive players will automatically lose when time's up. (requested by Dtwizzle)\n|\n|t:|1701150368\n|start\n|switch|p1a: Glimmora|Glimmora, M|100\/100\n|switch|p2a: Glimmora|Glimmora, F|100\/100\n|turn|1\n|\n|t:|1701150378\n|move|p2a: Glimmora|Stealth Rock|p1a: Glimmora\n|-sidestart|p1: Dtwizzle|move: Stealth Rock\n|move|p1a: Glimmora|Earth Power|p2a: Glimmora\n|-supereffective|p2a: Glimmora\n|-enditem|p2a: Glimmora|Focus Sash\n|-damage|p2a: Glimmora|1\/100\n|\n|upkeep\n|turn|2\n|\n|t:|1701150396\n|move|p2a: Glimmora|Energy Ball|p1a: Glimmora\n|-damage|p1a: Glimmora|61\/100\n|move|p1a: Glimmora|Power Gem|p2a: Glimmora\n|-damage|p2a: Glimmora|0 fnt\n|faint|p2a: Glimmora\n|\n|upkeep\n|inactive|Thyplayr63 has 120 seconds left.\n|\n|t:|1701150424\n|switch|p2a: Jirachi|Jirachi|100\/100\n|turn|3\n|inactive|Thyplayr63 has 120 seconds left.\n|\n|t:|1701150431\n|move|p2a: Jirachi|Iron Head|p1a: Glimmora\n|-supereffective|p1a: Glimmora\n|-damage|p1a: Glimmora|0 fnt\n|-activate|p1a: Glimmora|ability: Toxic Debris\n|-sidestart|p2: Thyplayr63|move: Toxic Spikes\n|faint|p1a: Glimmora\n|\n|upkeep\n|\n|t:|1701150441\n|switch|p1a: Cinderace|Cinderace, F|100\/100\n|turn|4\n|inactive|Thyplayr63 has 120 seconds left.\n|\n|t:|1701150470\n|move|p2a: Jirachi|Iron Head|p1a: Cinderace\n|-resisted|p1a: Cinderace\n|-damage|p1a: Cinderace|80\/100\n|cant|p1a: Cinderace|flinch\n|\n|upkeep\n|turn|5\n|j| Lent Levi's\n|l| Lent Levi's\n|\n|t:|1701150485\n|move|p2a: Jirachi|Iron Head|p1a: Cinderace\n|-resisted|p1a: Cinderace\n|-damage|p1a: Cinderace|55\/100\n|move|p1a: Cinderace|Court Change|p1a: Cinderace\n|-start|p1a: Cinderace|typechange|Normal|[from] ability: Libero\n|-swapsideconditions\n|-activate|p1a: Cinderace|move: Court Change\n|\n|upkeep\n|turn|6\n|inactive|Thyplayr63 has 90 seconds left.\n|\n|t:|1701150519\n|switch|p2a: Volcanion|Volcanion|100\/100\n|move|p1a: Cinderace|U-turn|p2a: Volcanion\n|-resisted|p2a: Volcanion\n|-damage|p2a: Volcanion|92\/100\n|\n|t:|1701150525\n|switch|p1a: Zangoose|Zangoose, M|100\/100|[from] U-turn\n|-status|p1a: Zangoose|psn\n|\n|-damage|p1a: Zangoose|88\/100 psn|[from] psn\n|upkeep\n|turn|7\n|inactive|Thyplayr63 has 90 seconds left.\n|\n|t:|1701150541\n|move|p1a: Zangoose|Facade|p2a: Volcanion\n|-damage|p2a: Volcanion|0 fnt\n|faint|p2a: Volcanion\n|\n|-damage|p1a: Zangoose|76\/100 psn|[from] psn\n|upkeep\n|inactive|Thyplayr63 has 90 seconds left.\n|\n|t:|1701150555\n|switch|p2a: Jirachi|Jirachi|100\/100\n|-damage|p2a: Jirachi|94\/100|[from] Stealth Rock\n|turn|8\n|\n|t:|1701150560\n|switch|p1a: Corviknight|Corviknight, M|100\/100\n|-ability|p1a: Corviknight|Pressure\n|move|p2a: Jirachi|Iron Head|p1a: Corviknight\n|-resisted|p1a: Corviknight\n|-damage|p1a: Corviknight|89\/100\n|-damage|p2a: Jirachi|78\/100|[from] item: Rocky Helmet|[of] p1a: Corviknight\n|\n|upkeep\n|turn|9\n|\n|t:|1701150577\n|switch|p2a: Tornadus|Tornadus-Therian, M|100\/100\n|move|p1a: Corviknight|U-turn|p2a: Tornadus\n|-resisted|p2a: Tornadus\n|-damage|p2a: Tornadus|90\/100\n|\n|t:|1701150584\n|switch|p1a: Zangoose|Zangoose, M|76\/100 psn|[from] U-turn\n|\n|-damage|p1a: Zangoose|64\/100 psn|[from] psn\n|upkeep\n|turn|10\n|\n|t:|1701150598\n|move|p1a: Zangoose|Shadow Claw|p2a: Tornadus\n|-damage|p2a: Tornadus|37\/100\n|move|p2a: Tornadus|U-turn|p1a: Zangoose\n|-damage|p1a: Zangoose|39\/100 psn\n|inactive|Thyplayr63 has 90 seconds left.\n|\n|t:|1701150619\n|switch|p2a: Blissey|Blissey, F|100\/100|[from] U-turn\n|\n|-damage|p1a: Zangoose|27\/100 psn|[from] psn\n|upkeep\n|turn|11\n|inactive|Thyplayr63 has 90 seconds left.\n|\n|t:|1701150629\n|switch|p1a: Grimmsnarl|Grimmsnarl, M|100\/100\n|-status|p1a: Grimmsnarl|psn\n|-item|p2a: Blissey|Heavy-Duty Boots|[from] ability: Frisk|[of] p1a: Grimmsnarl|[identify]\n|move|p2a: Blissey|Seismic Toss|p1a: Grimmsnarl\n|-damage|p1a: Grimmsnarl|70\/100 psn\n|\n|-damage|p1a: Grimmsnarl|58\/100 psn|[from] psn\n|upkeep\n|turn|12\n|inactive|Thyplayr63 has 90 seconds left.\n|\n|t:|1701150649\n|switch|p2a: Gholdengo|Gholdengo|100\/100\n|-damage|p2a: Gholdengo|94\/100|[from] Stealth Rock\n|-item|p2a: Gholdengo|Air Balloon\n|move|p1a: Grimmsnarl|Low Kick|p2a: Gholdengo\n|-immune|p2a: Gholdengo\n|\n|-damage|p1a: Grimmsnarl|46\/100 psn|[from] psn\n|upkeep\n|turn|13\n|\n|t:|1701150667\n|switch|p1a: Slowking|Slowking-Galar, F|100\/100\n|-sideend|p1: Dtwizzle|move: Toxic Spikes|[of] p1a: Slowking\n|move|p2a: Gholdengo|Make It Rain|p1a: Slowking\n|-damage|p1a: Slowking|65\/100\n|-unboost|p2a: Gholdengo|spa|1\n|\n|-heal|p1a: Slowking|72\/100|[from] item: Leftovers\n|upkeep\n|turn|14\n|\n|t:|1701150681\n|switch|p2a: Blissey|Blissey, F|100\/100\n|move|p1a: Slowking|Slack Off|p1a: Slowking\n|-heal|p1a: Slowking|100\/100\n|\n|upkeep\n|turn|15\n|\n|t:|1701150689\n|move|p2a: Blissey|Seismic Toss|p1a: Slowking\n|-damage|p1a: Slowking|75\/100\n|move|p1a: Slowking|Toxic|p2a: Blissey\n|-status|p2a: Blissey|tox\n|\n|-heal|p1a: Slowking|81\/100|[from] item: Leftovers\n|-damage|p2a: Blissey|94\/100 tox|[from] psn\n|upkeep\n|turn|16\n|\n|t:|1701150705\n|move|p2a: Blissey|Stealth Rock|p1a: Slowking\n|-sidestart|p1: Dtwizzle|move: Stealth Rock\n|move|p1a: Slowking|Slack Off|p1a: Slowking\n|-heal|p1a: Slowking|100\/100\n|\n|-damage|p2a: Blissey|82\/100 tox|[from] psn\n|upkeep\n|turn|17\n|\n|t:|1701150714\n|-curestatus|p2a: Blissey|tox|[from] ability: Natural Cure\n|switch|p2a: Jirachi|Jirachi|78\/100\n|-damage|p2a: Jirachi|72\/100|[from] Stealth Rock\n|move|p1a: Slowking|Eerie Spell|p2a: Jirachi\n|-resisted|p2a: Jirachi\n|-damage|p2a: Jirachi|64\/100\n|\n|upkeep\n|turn|18\n|inactive|Thyplayr63 has 90 seconds left.\n|\n|t:|1701150725\n|switch|p1a: Corviknight|Corviknight, M|89\/100\n|-damage|p1a: Corviknight|77\/100|[from] Stealth Rock\n|-ability|p1a: Corviknight|Pressure\n|move|p2a: Jirachi|Iron Head|p1a: Corviknight\n|-resisted|p1a: Corviknight\n|-damage|p1a: Corviknight|66\/100\n|-damage|p2a: Jirachi|47\/100|[from] item: Rocky Helmet|[of] p1a: Corviknight\n|\n|upkeep\n|turn|19\n|inactive|Thyplayr63 has 90 seconds left.\n|\n|t:|1701150742\n|switch|p2a: Tornadus|Tornadus-Therian, M|70\/100\n|move|p1a: Corviknight|U-turn|p2a: Tornadus\n|-resisted|p2a: Tornadus\n|-damage|p2a: Tornadus|60\/100\n|\n|t:|1701150753\n|switch|p1a: Grimmsnarl|Grimmsnarl, M|46\/100 psn|[from] U-turn\n|-damage|p1a: Grimmsnarl|33\/100 psn|[from] Stealth Rock\n|-item|p2a: Tornadus|Heavy-Duty Boots|[from] ability: Frisk|[of] p1a: Grimmsnarl|[identify]\n|\n|-damage|p1a: Grimmsnarl|21\/100 psn|[from] psn\n|upkeep\n|turn|20\n|inactive|Thyplayr63 has 90 seconds left.\n|\n|t:|1701150775\n|move|p2a: Tornadus|U-turn|p1a: Grimmsnarl\n|-damage|p1a: Grimmsnarl|0 fnt\n|faint|p1a: Grimmsnarl\n|\n|t:|1701150804\n|switch|p2a: Gholdengo|Gholdengo|94\/100|[from] U-turn\n|-damage|p2a: Gholdengo|88\/100|[from] Stealth Rock\n|-item|p2a: Gholdengo|Air Balloon\n|\n|upkeep\n|\n|t:|1701150811\n|switch|p1a: Cinderace|Cinderace, F|55\/100\n|turn|21\n|\n|t:|1701150818\n|switch|p2a: Tornadus|Tornadus-Therian, M|93\/100\n|move|p1a: Cinderace|Pyro Ball|p2a: Tornadus|[miss]\n|-miss|p1a: Cinderace|p2a: Tornadus\n|\n|upkeep\n|turn|22\n|\n|t:|1701150828\n|move|p2a: Tornadus|Bleakwind Storm|p1a: Cinderace\n|-damage|p1a: Cinderace|0 fnt\n|faint|p1a: Cinderace\n|\n|upkeep\n|\n|t:|1701150836\n|switch|p1a: Zangoose|Zangoose, M|27\/100 psn\n|-damage|p1a: Zangoose|14\/100 psn|[from] Stealth Rock\n|turn|23\n|\n|t:|1701150855\n|switch|p2a: Gholdengo|Gholdengo|88\/100\n|-damage|p2a: Gholdengo|82\/100|[from] Stealth Rock\n|-item|p2a: Gholdengo|Air Balloon\n|move|p1a: Zangoose|Facade|p2a: Gholdengo\n|-immune|p2a: Gholdengo\n|\n|-damage|p1a: Zangoose|2\/100 psn|[from] psn\n|upkeep\n|turn|24\n|c|\u2606Dtwizzle|Gg\n|-message|Dtwizzle forfeited.\n|\n|win|Thyplayr63\n|raw|Dtwizzle's rating: 1132 &rarr; <strong>1116<\/strong><br \/>(-16 for losing)\n|raw|Thyplayr63's rating: 1256 &rarr; <strong>1272<\/strong><br \/>(+16 for winning)\n|l|\u2606Dtwizzle\n|c|\u2606Thyplayr63|Gg wp bud!\n","uploadtime":1701151101,"views":2,"p1id":"dtwizzle","p2id":"thyplayr63","formatid":"gen9ou","rating":1116,"private":0,"password":""}