{"id":"gen9ou-1988486116","p1":"ArchBaka","p2":"SianShouldShutUp","format":"[Gen 9] OU","log":"|j|\u2606ArchBaka\n|j|\u2606SianShouldShutUp\n|t:|1699728086\n|gametype|singles\n|player|p1|ArchBaka|misty|\n|player|p2|SianShouldShutUp|lady|\n|teamsize|p1|6\n|teamsize|p2|6\n|gen|9\n|tier|[Gen 9] OU\n|rule|Sleep Clause Mod: Limit one foe put to sleep\n|rule|Species Clause: Limit one of each Pok\u00e9mon\n|rule|OHKO Clause: OHKO moves are banned\n|rule|Evasion Items Clause: Evasion items are banned\n|rule|Evasion Moves Clause: Evasion moves are banned\n|rule|Endless Battle Clause: Forcing endless battles is banned\n|rule|HP Percentage Mod: HP is shown in percentages\n|clearpoke\n|poke|p1|Braviary-Hisui, M|\n|poke|p1|Zarude-Dada|\n|poke|p1|Blissey, F|\n|poke|p1|Greninja-*, M|\n|poke|p1|Gallade, M|\n|poke|p1|Cinderace, F|\n|poke|p2|Azumarill, M|\n|poke|p2|Scream Tail|\n|poke|p2|Typhlosion-Hisui, M|\n|poke|p2|Appletun, F|\n|poke|p2|Altaria, F|\n|poke|p2|Mismagius, F|\n|teampreview\n|j| Karpsy\n|j| Col Spiffington\n|\n|t:|1699728094\n|start\n|switch|p1a: Madoka|Blissey, F, shiny|100\/100\n|switch|p2a: Azumarill|Azumarill, M|100\/100\n|turn|1\n|j| noleee\n|j| kronk104\n|\n|t:|1699728109\n|move|p2a: Azumarill|Knock Off|p1a: Madoka\n|-damage|p1a: Madoka|57\/100\n|-enditem|p1a: Madoka|Heavy-Duty Boots|[from] move: Knock Off|[of] p2a: Azumarill\n|move|p1a: Madoka|Stealth Rock|p2a: Azumarill\n|-sidestart|p2: SianShouldShutUp|move: Stealth Rock\n|\n|upkeep\n|turn|2\n|l| noleee\n|j| thesunthesunthesun\n|\n|t:|1699728129\n|move|p2a: Azumarill|Aqua Jet|p1a: Madoka\n|-damage|p1a: Madoka|30\/100\n|move|p1a: Madoka|Light Screen|p1a: Madoka\n|-sidestart|p1: ArchBaka|move: Light Screen\n|\n|upkeep\n|turn|3\n|\n|t:|1699728154\n|move|p2a: Azumarill|Aqua Jet|p1a: Madoka\n|-damage|p1a: Madoka|4\/100\n|move|p1a: Madoka|Seismic Toss|p2a: Azumarill\n|-damage|p2a: Azumarill|71\/100\n|\n|upkeep\n|turn|4\n|\n|t:|1699728164\n|move|p2a: Azumarill|Aqua Jet|p1a: Madoka\n|-damage|p1a: Madoka|0 fnt\n|faint|p1a: Madoka\n|\n|upkeep\n|\n|t:|1699728213\n|switch|p1a: Mikasa Ackerman|Greninja, M|100\/100\n|turn|5\n|\n|t:|1699728226\n|move|p1a: Mikasa Ackerman|Grass Knot|p2a: Azumarill\n|-supereffective|p2a: Azumarill\n|-damage|p2a: Azumarill|31\/100\n|-enditem|p2a: Azumarill|Sitrus Berry|[eat]\n|-heal|p2a: Azumarill|56\/100|[from] item: Sitrus Berry\n|move|p2a: Azumarill|Play Rough|p1a: Mikasa Ackerman\n|-supereffective|p1a: Mikasa Ackerman\n|-damage|p1a: Mikasa Ackerman|0 fnt\n|faint|p1a: Mikasa Ackerman\n|\n|upkeep\n|\n|t:|1699728246\n|switch|p1a: Dadadadada|Zarude-Dada|100\/100\n|turn|6\n|\n|t:|1699728281\n|switch|p2a: Altaria|Altaria, F|100\/100\n|move|p1a: Dadadadada|Power Whip|p2a: Altaria\n|-resisted|p2a: Altaria\n|-damage|p2a: Altaria|84\/100\n|-damage|p1a: Dadadadada|91\/100|[from] item: Life Orb\n|\n|-sideend|p1: ArchBaka|move: Light Screen\n|upkeep\n|turn|7\n|\n|t:|1699728317\n|move|p1a: Dadadadada|Crunch|p2a: Altaria\n|-damage|p2a: Altaria|43\/100\n|-damage|p1a: Dadadadada|81\/100|[from] item: Life Orb\n|move|p2a: Altaria|Will-O-Wisp|p1a: Dadadadada\n|-status|p1a: Dadadadada|brn\n|\n|-damage|p1a: Dadadadada|75\/100 brn|[from] brn\n|upkeep\n|turn|8\n|\n|t:|1699728340\n|move|p1a: Dadadadada|Crunch|p2a: Altaria\n|-damage|p2a: Altaria|22\/100\n|-damage|p1a: Dadadadada|65\/100 brn|[from] item: Life Orb\n|move|p2a: Altaria|Roost|p2a: Altaria\n|-heal|p2a: Altaria|72\/100\n|-singleturn|p2a: Altaria|move: Roost\n|\n|-damage|p1a: Dadadadada|59\/100 brn|[from] brn\n|upkeep\n|turn|9\n|\n|t:|1699728364\n|move|p1a: Dadadadada|Crunch|p2a: Altaria\n|-damage|p2a: Altaria|50\/100\n|-damage|p1a: Dadadadada|49\/100 brn|[from] item: Life Orb\n|move|p2a: Altaria|Brave Bird|p1a: Dadadadada\n|-supereffective|p1a: Dadadadada\n|-damage|p1a: Dadadadada|0 fnt\n|faint|p1a: Dadadadada\n|-damage|p2a: Altaria|34\/100|[from] Recoil\n|\n|upkeep\n|\n|t:|1699728374\n|switch|p1a: Anime Protagonist|Gallade, M, shiny|100\/100\n|turn|10\n|\n|t:|1699728387\n|move|p1a: Anime Protagonist|Swords Dance|p1a: Anime Protagonist\n|-boost|p1a: Anime Protagonist|atk|2\n|move|p2a: Altaria|Roost|p2a: Altaria\n|-heal|p2a: Altaria|84\/100\n|-singleturn|p2a: Altaria|move: Roost\n|\n|upkeep\n|turn|11\n|\n|t:|1699728396\n|move|p1a: Anime Protagonist|Psycho Cut|p2a: Altaria\n|-damage|p2a: Altaria|0 fnt\n|faint|p2a: Altaria\n|-damage|p1a: Anime Protagonist|91\/100|[from] item: Life Orb\n|\n|upkeep\n|\n|t:|1699728407\n|switch|p2a: Scream Tail|Scream Tail|100\/100\n|-damage|p2a: Scream Tail|88\/100|[from] Stealth Rock\n|turn|12\n|\n|t:|1699728422\n|move|p2a: Scream Tail|Dazzling Gleam|p1a: Anime Protagonist\n|-supereffective|p1a: Anime Protagonist\n|-crit|p1a: Anime Protagonist\n|-damage|p1a: Anime Protagonist|24\/100\n|move|p1a: Anime Protagonist|Psycho Cut|p2a: Scream Tail\n|-resisted|p2a: Scream Tail\n|-damage|p2a: Scream Tail|31\/100\n|-damage|p1a: Anime Protagonist|14\/100|[from] item: Life Orb\n|\n|-heal|p2a: Scream Tail|37\/100|[from] item: Leftovers\n|upkeep\n|turn|13\n|\n|t:|1699728431\n|move|p2a: Scream Tail|Dazzling Gleam|p1a: Anime Protagonist\n|-supereffective|p1a: Anime Protagonist\n|-damage|p1a: Anime Protagonist|0 fnt\n|faint|p1a: Anime Protagonist\n|\n|-heal|p2a: Scream Tail|43\/100|[from] item: Leftovers\n|upkeep\n|\n|t:|1699728438\n|switch|p1a: Soccer Player|Cinderace, F, shiny|100\/100\n|turn|14\n|\n|t:|1699728479\n|move|p1a: Soccer Player|Gunk Shot|p2a: Scream Tail\n|-start|p1a: Soccer Player|typechange|Poison|[from] ability: Libero\n|-supereffective|p2a: Scream Tail\n|-damage|p2a: Scream Tail|0 fnt\n|faint|p2a: Scream Tail\n|-end|p2a: Scream Tail|Protosynthesis|[silent]\n|\n|upkeep\n|\n|t:|1699728493\n|switch|p2a: Typhlosion|Typhlosion-Hisui, M|100\/100\n|-item|p1a: Soccer Player|Heavy-Duty Boots|[from] ability: Frisk|[of] p2a: Typhlosion|[identify]\n|turn|15\n|\n|t:|1699728529\n|move|p1a: Soccer Player|Sucker Punch|p2a: Typhlosion\n|-supereffective|p2a: Typhlosion\n|-damage|p2a: Typhlosion|32\/100\n|move|p2a: Typhlosion|Shadow Ball|p1a: Soccer Player\n|-crit|p1a: Soccer Player\n|-damage|p1a: Soccer Player|10\/100\n|\n|upkeep\n|turn|16\n|\n|t:|1699728544\n|move|p1a: Soccer Player|Sucker Punch|p2a: Typhlosion\n|-supereffective|p2a: Typhlosion\n|-damage|p2a: Typhlosion|0 fnt\n|faint|p2a: Typhlosion\n|\n|upkeep\n|\n|t:|1699728552\n|switch|p2a: Mismagius|Mismagius, F|100\/100\n|-damage|p2a: Mismagius|88\/100|[from] Stealth Rock\n|turn|17\n|\n|t:|1699728562\n|move|p1a: Soccer Player|Sucker Punch|p2a: Mismagius\n|-supereffective|p2a: Mismagius\n|-damage|p2a: Mismagius|4\/100\n|move|p2a: Mismagius|Shadow Ball|p1a: Soccer Player\n|-damage|p1a: Soccer Player|0 fnt\n|faint|p1a: Soccer Player\n|\n|-heal|p2a: Mismagius|10\/100|[from] item: Leftovers\n|upkeep\n|\n|t:|1699728571\n|switch|p1a: Hawks|Braviary-Hisui, M|100\/100\n|turn|18\n|\n|t:|1699728582\n|move|p2a: Mismagius|Destiny Bond|p2a: Mismagius\n|-singlemove|p2a: Mismagius|Destiny Bond\n|move|p1a: Hawks|Esper Wing|p2a: Mismagius\n|-damage|p2a: Mismagius|0 fnt\n|-boost|p1a: Hawks|spe|1\n|faint|p2a: Mismagius\n|-activate|p2a: Mismagius|move: Destiny Bond\n|faint|p1a: Hawks\n|\n|win|SianShouldShutUp\n","uploadtime":1699728607,"views":26,"p1id":"archbaka","p2id":"sianshouldshutup","formatid":"gen9ou","rating":0,"private":0,"password":""}