{"id":"gen9ou-1989457143","p1":"Shedinjanigans","p2":"munchkinp","format":"[Gen 9] OU","log":"|j|\u2606Shedinjanigans\n|j|\u2606munchkinp\n|inactive|Battle timer is ON: inactive players will automatically lose when time's up.\n|t:|1699853408\n|gametype|singles\n|player|p1|Shedinjanigans|clown|\n|player|p2|munchkinp|oleana|\n|teamsize|p1|4\n|teamsize|p2|4\n|gen|9\n|tier|[Gen 9] OU\n|rated|Tournament battle\n|rule|Sleep Clause Mod: Limit one foe put to sleep\n|rule|Species Clause: Limit one of each Pok\u00e9mon\n|rule|OHKO Clause: OHKO moves are banned\n|rule|Evasion Items Clause: Evasion items are banned\n|rule|Evasion Moves Clause: Evasion moves are banned\n|rule|Endless Battle Clause: Forcing endless battles is banned\n|rule|HP Percentage Mod: HP is shown in percentages\n|rule|1 Ability Clause: Limit 1 of each ability\n|rule|Sleep Moves Clause: Sleep-inducing moves are banned\n|rule|Terastal Clause: You cannot Terastallize\n|clearpoke\n|poke|p1|Dusclops, F|\n|poke|p1|Snorlax, M|\n|poke|p1|Typhlosion, M|\n|poke|p1|Ninetales, F|\n|poke|p2|Turtwig, F|\n|poke|p2|Chansey, F|\n|poke|p2|Amoonguss, F|\n|poke|p2|Garganacl, M|\n|teampreview\n|j|*Lady Monita \u2746\n|j| Im dumb srly\n|\n|t:|1699853418\n|start\n|switch|p1a: Dusclops|Dusclops, F, shiny|100\/100\n|switch|p2a: Turtwig|Turtwig, F, shiny|100\/100\n|-ability|p1a: Dusclops|Pressure\n|turn|1\n|j| DreamyFleur\n|\n|t:|1699853426\n|move|p2a: Turtwig|Stealth Rock|p1a: Dusclops\n|-sidestart|p1: Shedinjanigans|move: Stealth Rock\n|move|p1a: Dusclops|Will-O-Wisp|p2a: Turtwig\n|-status|p2a: Turtwig|brn\n|\n|-damage|p2a: Turtwig|94\/100 brn|[from] brn\n|upkeep\n|turn|2\n|\n|t:|1699853443\n|switch|p2a: Garganacl|Garganacl, M|100\/100\n|move|p1a: Dusclops|Night Shade|p2a: Garganacl\n|-damage|p2a: Garganacl|76\/100\n|\n|-heal|p2a: Garganacl|82\/100|[from] item: Leftovers\n|upkeep\n|turn|3\n|\n|t:|1699853450\n|move|p2a: Garganacl|Salt Cure|p1a: Dusclops\n|-damage|p1a: Dusclops|91\/100\n|-start|p1a: Dusclops|Salt Cure\n|move|p1a: Dusclops|Night Shade|p2a: Garganacl\n|-damage|p2a: Garganacl|57\/100\n|\n|-heal|p2a: Garganacl|63\/100|[from] item: Leftovers\n|-damage|p1a: Dusclops|79\/100|[from] Salt Cure\n|upkeep\n|turn|4\n|\n|t:|1699853459\n|switch|p2a: Chansey|Chansey, F|100\/100\n|switch|p1a: Ninetales|Ninetales, F|100\/100\n|-damage|p1a: Ninetales|76\/100|[from] Stealth Rock\n|-weather|SunnyDay|[from] ability: Drought|[of] p1a: Ninetales\n|\n|-weather|SunnyDay|[upkeep]\n|upkeep\n|turn|5\n|\n|t:|1699853466\n|move|p1a: Ninetales|Nasty Plot|p1a: Ninetales\n|-boost|p1a: Ninetales|spa|2\n|move|p2a: Chansey|Thunder Wave|p1a: Ninetales\n|-status|p1a: Ninetales|par\n|\n|-weather|SunnyDay|[upkeep]\n|upkeep\n|turn|6\n|\n|t:|1699853471\n|cant|p1a: Ninetales|par\n|move|p2a: Chansey|Seismic Toss|p1a: Ninetales\n|-damage|p1a: Ninetales|41\/100 par\n|\n|-weather|SunnyDay|[upkeep]\n|upkeep\n|turn|7\n|\n|t:|1699853482\n|move|p1a: Ninetales|Healing Wish|p1a: Ninetales\n|faint|p1a: Ninetales\n|move|p2a: Chansey|Seismic Toss|p1: Ninetales|[notarget]\n|-fail|p2a: Chansey\n|\n|-weather|SunnyDay|[upkeep]\n|upkeep\n|\n|t:|1699853488\n|switch|p1a: Snorlax|Snorlax, M|100\/100\n|-damage|p1a: Snorlax|88\/100|[from] Stealth Rock\n|turn|8\n|\n|t:|1699853496\n|switch|p2a: Turtwig|Turtwig, F, shiny|94\/100 brn\n|move|p1a: Snorlax|Earthquake|p2a: Turtwig\n|-resisted|p2a: Turtwig\n|-damage|p2a: Turtwig|71\/100 brn\n|\n|-weather|none\n|-damage|p2a: Turtwig|65\/100 brn|[from] brn\n|upkeep\n|turn|9\n|\n|t:|1699853501\n|move|p2a: Turtwig|Leech Seed|p1a: Snorlax\n|-start|p1a: Snorlax|move: Leech Seed\n|move|p1a: Snorlax|Gunk Shot|p2a: Turtwig\n|-supereffective|p2a: Turtwig\n|-damage|p2a: Turtwig|0 fnt\n|faint|p2a: Turtwig\n|\n|upkeep\n|l| DreamyFleur\n|\n|t:|1699853507\n|switch|p2a: Amoonguss|Amoonguss, F|100\/100\n|turn|10\n|\n|t:|1699853510\n|move|p1a: Snorlax|Double-Edge|p2a: Amoonguss\n|-enditem|p1a: Snorlax|Normal Gem|[from] gem\n|-damage|p2a: Amoonguss|41\/100\n|-damage|p1a: Snorlax|71\/100|[from] item: Rocky Helmet|[of] p2a: Amoonguss\n|-damage|p1a: Snorlax|55\/100|[from] Recoil\n|move|p2a: Amoonguss|Toxic|p1a: Snorlax\n|-status|p1a: Snorlax|tox\n|\n|-damage|p1a: Snorlax|43\/100 tox|[from] Leech Seed|[of] p2a: Amoonguss\n|-heal|p2a: Amoonguss|56\/100|[silent]\n|-damage|p1a: Snorlax|37\/100 tox|[from] psn\n|upkeep\n|turn|11\n|\n|t:|1699853518\n|switch|p1a: Typhlosion|Typhlosion, M|100\/100\n|-damage|p1a: Typhlosion|76\/100|[from] Stealth Rock\n|switch|p2a: Garganacl|Garganacl, M|63\/100\n|\n|-heal|p2a: Garganacl|70\/100|[from] item: Leftovers\n|upkeep\n|turn|12\n|\n|t:|1699853522\n|switch|p2a: Chansey|Chansey, F|100\/100\n|move|p1a: Typhlosion|Focus Blast|p2a: Chansey|[miss]\n|-miss|p1a: Typhlosion|p2a: Chansey\n|\n|upkeep\n|turn|13\n|\n|t:|1699853529\n|switch|p1a: Snorlax|Snorlax, M|37\/100 tox\n|-heal|p1a: Snorlax|100\/100|[from] move: Healing Wish\n|-damage|p1a: Snorlax|88\/100|[from] Stealth Rock\n|move|p2a: Chansey|Seismic Toss|p1a: Snorlax\n|-damage|p1a: Snorlax|69\/100\n|\n|upkeep\n|turn|14\n|\n|t:|1699853543\n|switch|p2a: Garganacl|Garganacl, M|70\/100\n|move|p1a: Snorlax|Earthquake|p2a: Garganacl\n|-supereffective|p2a: Garganacl\n|-damage|p2a: Garganacl|30\/100\n|\n|-heal|p2a: Garganacl|37\/100|[from] item: Leftovers\n|upkeep\n|turn|15\n|\n|t:|1699853550\n|switch|p2a: Amoonguss|Amoonguss, F|90\/100\n|move|p1a: Snorlax|Earthquake|p2a: Amoonguss\n|-damage|p2a: Amoonguss|67\/100\n|\n|upkeep\n|turn|16\n|\n|t:|1699853558\n|switch|p1a: Dusclops|Dusclops, F, shiny|79\/100\n|-damage|p1a: Dusclops|66\/100|[from] Stealth Rock\n|-ability|p1a: Dusclops|Pressure\n|move|p2a: Amoonguss|Toxic|p1a: Dusclops\n|-status|p1a: Dusclops|tox\n|\n|-damage|p1a: Dusclops|60\/100 tox|[from] psn\n|upkeep\n|turn|17\n|\n|t:|1699853563\n|switch|p2a: Garganacl|Garganacl, M|37\/100\n|move|p1a: Dusclops|Will-O-Wisp|p2a: Garganacl\n|-immune|p2a: Garganacl|[from] ability: Purifying Salt\n|\n|-heal|p2a: Garganacl|43\/100|[from] item: Leftovers\n|-damage|p1a: Dusclops|48\/100 tox|[from] psn\n|upkeep\n|turn|18\n|\n|t:|1699853569\n|move|p2a: Garganacl|Recover|p2a: Garganacl\n|-heal|p2a: Garganacl|93\/100\n|move|p1a: Dusclops|Rest|p1a: Dusclops\n|-status|p1a: Dusclops|slp|[from] move: Rest\n|-heal|p1a: Dusclops|100\/100 slp|[silent]\n|\n|-heal|p2a: Garganacl|99\/100|[from] item: Leftovers\n|upkeep\n|turn|19\n|\n|t:|1699853578\n|switch|p1a: Typhlosion|Typhlosion, M|76\/100\n|-damage|p1a: Typhlosion|51\/100|[from] Stealth Rock\n|move|p2a: Garganacl|Salt Cure|p1a: Typhlosion\n|-supereffective|p1a: Typhlosion\n|-damage|p1a: Typhlosion|14\/100\n|-start|p1a: Typhlosion|Salt Cure\n|\n|-heal|p2a: Garganacl|100\/100|[from] item: Leftovers\n|-damage|p1a: Typhlosion|1\/100|[from] Salt Cure\n|upkeep\n|turn|20\n|j| Romsfun 2\n|\n|t:|1699853591\n|move|p1a: Typhlosion|Flamethrower|p2a: Garganacl\n|-resisted|p2a: Garganacl\n|-damage|p2a: Garganacl|74\/100\n|move|p2a: Garganacl|Salt Cure|p1a: Typhlosion\n|-supereffective|p1a: Typhlosion\n|-damage|p1a: Typhlosion|0 fnt\n|faint|p1a: Typhlosion\n|\n|-heal|p2a: Garganacl|80\/100|[from] item: Leftovers\n|upkeep\n|\n|t:|1699853604\n|switch|p1a: Snorlax|Snorlax, M|69\/100\n|-damage|p1a: Snorlax|57\/100|[from] Stealth Rock\n|turn|21\n|\n|t:|1699853612\n|switch|p2a: Amoonguss|Amoonguss, F|100\/100\n|move|p1a: Snorlax|Earthquake|p2a: Amoonguss\n|-damage|p2a: Amoonguss|75\/100\n|\n|upkeep\n|turn|22\n|\n|t:|1699853618\n|move|p2a: Amoonguss|Toxic|p1a: Snorlax\n|-status|p1a: Snorlax|tox\n|move|p1a: Snorlax|Earthquake|p2a: Amoonguss\n|-damage|p2a: Amoonguss|49\/100\n|\n|-damage|p1a: Snorlax|50\/100 tox|[from] psn\n|upkeep\n|turn|23\n|\n|t:|1699853623\n|switch|p2a: Chansey|Chansey, F|100\/100\n|move|p1a: Snorlax|Giga Impact|p2a: Chansey\n|-damage|p2a: Chansey|50\/100\n|-mustrecharge|p1a: Snorlax\n|\n|-damage|p1a: Snorlax|38\/100 tox|[from] psn\n|upkeep\n|turn|24\n|\n|t:|1699853632\n|move|p2a: Chansey|Seismic Toss|p1a: Snorlax\n|-damage|p1a: Snorlax|19\/100 tox\n|cant|p1a: Snorlax|recharge\n|\n|-damage|p1a: Snorlax|1\/100 tox|[from] psn\n|upkeep\n|turn|25\n|\n|t:|1699853639\n|move|p2a: Chansey|Protect|p2a: Chansey\n|-singleturn|p2a: Chansey|Protect\n|move|p1a: Snorlax|Earthquake|p2a: Chansey\n|-activate|p2a: Chansey|move: Protect\n|\n|-damage|p1a: Snorlax|0 fnt|[from] psn\n|faint|p1a: Snorlax\n|upkeep\n|\n|t:|1699853641\n|switch|p1a: Dusclops|Dusclops, F, shiny|100\/100 slp\n|-damage|p1a: Dusclops|88\/100 slp|[from] Stealth Rock\n|-ability|p1a: Dusclops|Pressure\n|turn|26\n|\n|t:|1699853648\n|switch|p2a: Garganacl|Garganacl, M|80\/100\n|cant|p1a: Dusclops|slp\n|\n|-heal|p2a: Garganacl|86\/100|[from] item: Leftovers\n|upkeep\n|turn|27\n|\n|t:|1699853652\n|move|p2a: Garganacl|Salt Cure|p1a: Dusclops\n|-damage|p1a: Dusclops|79\/100 slp\n|-start|p1a: Dusclops|Salt Cure\n|cant|p1a: Dusclops|slp\n|\n|-heal|p2a: Garganacl|92\/100|[from] item: Leftovers\n|-damage|p1a: Dusclops|66\/100 slp|[from] Salt Cure\n|upkeep\n|turn|28\n|\n|t:|1699853659\n|switch|p2a: Chansey|Chansey, F|50\/100\n|-curestatus|p1a: Dusclops|slp|[msg]\n|move|p1a: Dusclops|Curse|p2a: Chansey\n|-start|p2a: Chansey|Curse|[of] p1a: Dusclops\n|-damage|p1a: Dusclops|16\/100\n|\n|-damage|p2a: Chansey|25\/100|[from] Curse\n|-damage|p1a: Dusclops|4\/100|[from] Salt Cure\n|upkeep\n|turn|29\n|\n|t:|1699853666\n|move|p2a: Chansey|Soft-Boiled|p2a: Chansey\n|-heal|p2a: Chansey|75\/100\n|move|p1a: Dusclops|Rest|p1a: Dusclops\n|-status|p1a: Dusclops|slp|[from] move: Rest\n|-heal|p1a: Dusclops|100\/100 slp|[silent]\n|\n|-damage|p2a: Chansey|50\/100|[from] Curse\n|-damage|p1a: Dusclops|88\/100 slp|[from] Salt Cure\n|upkeep\n|turn|30\n|\n|t:|1699853672\n|switch|p2a: Amoonguss|Amoonguss, F|83\/100\n|cant|p1a: Dusclops|slp\n|\n|-damage|p1a: Dusclops|76\/100 slp|[from] Salt Cure\n|upkeep\n|turn|31\n|\n|t:|1699853679\n|move|p2a: Amoonguss|Foul Play|p1a: Dusclops\n|-supereffective|p1a: Dusclops\n|-damage|p1a: Dusclops|61\/100 slp\n|cant|p1a: Dusclops|slp\n|\n|-damage|p1a: Dusclops|49\/100 slp|[from] Salt Cure\n|upkeep\n|turn|32\n|\n|t:|1699853681\n|move|p2a: Amoonguss|Foul Play|p1a: Dusclops\n|-supereffective|p1a: Dusclops\n|-crit|p1a: Dusclops\n|-damage|p1a: Dusclops|24\/100 slp\n|-curestatus|p1a: Dusclops|slp|[msg]\n|move|p1a: Dusclops|Will-O-Wisp|p2a: Amoonguss\n|-status|p2a: Amoonguss|brn\n|\n|-damage|p2a: Amoonguss|76\/100 brn|[from] brn\n|-damage|p1a: Dusclops|12\/100|[from] Salt Cure\n|upkeep\n|turn|33\n|\n|t:|1699853693\n|move|p2a: Amoonguss|Foul Play|p1a: Dusclops\n|-supereffective|p1a: Dusclops\n|-damage|p1a: Dusclops|4\/100\n|move|p1a: Dusclops|Rest|p1a: Dusclops\n|-status|p1a: Dusclops|slp|[from] move: Rest\n|-heal|p1a: Dusclops|100\/100 slp|[silent]\n|\n|-damage|p2a: Amoonguss|70\/100 brn|[from] brn\n|-damage|p1a: Dusclops|88\/100 slp|[from] Salt Cure\n|upkeep\n|turn|34\n|j|+Atlas\n|\n|t:|1699853699\n|switch|p2a: Chansey|Chansey, F|50\/100\n|cant|p1a: Dusclops|slp\n|\n|-damage|p1a: Dusclops|76\/100 slp|[from] Salt Cure\n|upkeep\n|turn|35\n|\n|t:|1699853706\n|move|p2a: Chansey|Soft-Boiled|p2a: Chansey\n|-heal|p2a: Chansey|99\/100\n|cant|p1a: Dusclops|slp\n|\n|-damage|p1a: Dusclops|64\/100 slp|[from] Salt Cure\n|upkeep\n|turn|36\n|\n|t:|1699853713\n|switch|p2a: Garganacl|Garganacl, M|92\/100\n|-curestatus|p1a: Dusclops|slp|[msg]\n|move|p1a: Dusclops|Will-O-Wisp|p2a: Garganacl\n|-immune|p2a: Garganacl|[from] ability: Purifying Salt\n|\n|-heal|p2a: Garganacl|98\/100|[from] item: Leftovers\n|-damage|p1a: Dusclops|51\/100|[from] Salt Cure\n|upkeep\n|turn|37\n|-message|Shedinjanigans forfeited.\n|\n|win|munchkinp\n|n|\u2606Shedinjanigans|shedinjanigans\n|n|\u2606munchkinp|munchkinp\n|n|*Lady Monita \u2746|ladymonita\n|n| Im dumb srly|imdumbsrly\n|n| Romsfun 2|romsfun2\n|n|+Atlas|atlas\n","uploadtime":1699853716,"views":8,"p1id":"shedinjanigans","p2id":"munchkinp","formatid":"gen9ou","rating":0,"private":0,"password":""}