{"id":"gen9ou-1992521245","p1":"Charmalane","p2":"Meeses Gangeeses","format":"[Gen 9] OU","log":"|j|\u2606Charmalane\n|j|\u2606Meeses Gangeeses\n|t:|1700198864\n|gametype|singles\n|player|p1|Charmalane|brawly|1485\n|player|p2|Meeses Gangeeses|n|1522\n|teamsize|p1|6\n|teamsize|p2|6\n|gen|9\n|tier|[Gen 9] OU\n|rated|\n|rule|Sleep Clause Mod: Limit one foe put to sleep\n|rule|Species Clause: Limit one of each Pok\u00e9mon\n|rule|OHKO Clause: OHKO moves are banned\n|rule|Evasion Items Clause: Evasion items are banned\n|rule|Evasion Moves Clause: Evasion moves are banned\n|rule|Endless Battle Clause: Forcing endless battles is banned\n|rule|HP Percentage Mod: HP is shown in percentages\n|clearpoke\n|poke|p1|Dragapult, M|\n|poke|p1|Dragonite, M|\n|poke|p1|Ursaluna, M|\n|poke|p1|Alomomola, F|\n|poke|p1|Slowking-Galar, M|\n|poke|p1|Great Tusk|\n|poke|p2|Garchomp, M|\n|poke|p2|Great Tusk|\n|poke|p2|Hoopa-Unbound|\n|poke|p2|Amoonguss, M|\n|poke|p2|Sneasler, M|\n|poke|p2|Gholdengo|\n|teampreview\n|\n|t:|1700198883\n|start\n|switch|p1a: Diplo|Dragapult, M|100\/100\n|switch|p2a: Hoopa|Hoopa-Unbound|100\/100\n|turn|1\n|\n|t:|1700198891\n|switch|p2a: Garchomp|Garchomp, M|100\/100\n|move|p1a: Diplo|U-turn|p2a: Garchomp\n|-damage|p2a: Garchomp|87\/100\n|-damage|p1a: Diplo|88\/100|[from] ability: Rough Skin|[of] p2a: Garchomp\n|-damage|p1a: Diplo|72\/100|[from] item: Rocky Helmet|[of] p2a: Garchomp\n|\n|t:|1700198905\n|switch|p1a: Banjo|Ursaluna, M|100\/100|[from] U-turn\n|\n|-status|p1a: Banjo|brn|[from] item: Flame Orb\n|upkeep\n|turn|2\n|\n|t:|1700198921\n|move|p1a: Banjo|Facade|p2a: Garchomp\n|-damage|p2a: Garchomp|0 fnt\n|-damage|p1a: Banjo|88\/100 brn|[from] ability: Rough Skin|[of] p2a: Garchomp\n|-damage|p1a: Banjo|72\/100 brn|[from] item: Rocky Helmet|[of] p2a: Garchomp\n|faint|p2a: Garchomp\n|\n|-damage|p1a: Banjo|65\/100 brn|[from] brn\n|upkeep\n|\n|t:|1700198927\n|switch|p2a: Great Tusk|Great Tusk|100\/100\n|turn|3\n|\n|t:|1700198939\n|switch|p1a: Ponyo|Alomomola, F|100\/100\n|move|p2a: Great Tusk|Close Combat|p1a: Ponyo\n|-damage|p1a: Ponyo|66\/100\n|-unboost|p2a: Great Tusk|def|1\n|-unboost|p2a: Great Tusk|spd|1\n|-enditem|p2a: Great Tusk|Eject Pack\n|-damage|p2a: Great Tusk|84\/100|[from] item: Rocky Helmet|[of] p1a: Ponyo\n|\n|t:|1700198949\n|-end|p2a: Great Tusk|Protosynthesis|[silent]\n|switch|p2a: Hoopa|Hoopa-Unbound|100\/100\n|\n|upkeep\n|turn|4\n|\n|t:|1700198952\n|move|p1a: Ponyo|Protect|p1a: Ponyo\n|-singleturn|p1a: Ponyo|Protect\n|move|p2a: Hoopa|Substitute|p2a: Hoopa\n|-start|p2a: Hoopa|Substitute\n|-damage|p2a: Hoopa|76\/100\n|\n|upkeep\n|turn|5\n|\n|t:|1700198964\n|move|p2a: Hoopa|Psychic|p1a: Ponyo\n|-damage|p1a: Ponyo|9\/100\n|move|p1a: Ponyo|Flip Turn|p2a: Hoopa\n|-end|p2a: Hoopa|Substitute\n|\n|t:|1700198979\n|switch|p1a: Diplo|Dragapult, M|72\/100|[from] Flip Turn\n|\n|upkeep\n|turn|6\n|\n|t:|1700198990\n|switch|p2a: Amoonguss|Amoonguss, M|100\/100\n|move|p1a: Diplo|U-turn|p2a: Amoonguss\n|-damage|p2a: Amoonguss|86\/100\n|-enditem|p2a: Amoonguss|Red Card|[of] p1a: Diplo\n|drag|p1a: Banjo|Ursaluna, M|65\/100 brn\n|\n|-damage|p1a: Banjo|59\/100 brn|[from] brn\n|upkeep\n|turn|7\n|\n|t:|1700199006\n|move|p1a: Banjo|Facade|p2a: Amoonguss\n|-damage|p2a: Amoonguss|0 fnt\n|faint|p2a: Amoonguss\n|\n|-damage|p1a: Banjo|53\/100 brn|[from] brn\n|upkeep\n|\n|t:|1700199012\n|switch|p2a: Great Tusk|Great Tusk|84\/100\n|turn|8\n|\n|t:|1700199020\n|switch|p1a: Ponyo|Alomomola, F|42\/100\n|move|p2a: Great Tusk|Close Combat|p1a: Ponyo\n|-damage|p1a: Ponyo|10\/100\n|-unboost|p2a: Great Tusk|def|1\n|-unboost|p2a: Great Tusk|spd|1\n|-damage|p2a: Great Tusk|68\/100|[from] item: Rocky Helmet|[of] p1a: Ponyo\n|\n|upkeep\n|turn|9\n|\n|t:|1700199028\n|switch|p1a: Tembo|Great Tusk|100\/100\n|move|p2a: Great Tusk|Rapid Spin|p1a: Tembo\n|-damage|p1a: Tembo|92\/100\n|-boost|p2a: Great Tusk|spe|1\n|\n|upkeep\n|turn|10\n|\n|t:|1700199039\n|move|p2a: Great Tusk|Ice Spinner|p1a: Tembo\n|-supereffective|p1a: Tembo\n|-damage|p1a: Tembo|68\/100\n|move|p1a: Tembo|Earthquake|p2a: Great Tusk\n|-damage|p2a: Great Tusk|19\/100\n|\n|upkeep\n|turn|11\n|\n|t:|1700199047\n|-end|p2a: Great Tusk|Protosynthesis|[silent]\n|switch|p2a: Sneasler|Sneasler, M|100\/100\n|-item|p2a: Sneasler|Air Balloon\n|move|p1a: Tembo|Rapid Spin|p2a: Sneasler\n|-damage|p2a: Sneasler|78\/100\n|-boost|p1a: Tembo|spe|1\n|-enditem|p2a: Sneasler|Air Balloon\n|\n|upkeep\n|turn|12\n|\n|t:|1700199063\n|-terastallize|p2a: Sneasler|Ghost\n|move|p2a: Sneasler|Swords Dance|p2a: Sneasler\n|-boost|p2a: Sneasler|atk|2\n|move|p1a: Tembo|Earthquake|p2a: Sneasler\n|-damage|p2a: Sneasler|6\/100\n|\n|upkeep\n|turn|13\n|\n|t:|1700199076\n|move|p2a: Sneasler|Close Combat|p1a: Tembo\n|-damage|p1a: Tembo|0 fnt\n|-unboost|p2a: Sneasler|def|1\n|-unboost|p2a: Sneasler|spd|1\n|faint|p1a: Tembo\n|-end|p1a: Tembo|Protosynthesis|[silent]\n|\n|upkeep\n|\n|t:|1700199093\n|switch|p1a: Ponyo|Alomomola, F|44\/100\n|turn|14\n|\n|t:|1700199102\n|move|p2a: Sneasler|Dire Claw|p1a: Ponyo\n|-damage|p1a: Ponyo|0 fnt\n|-damage|p2a: Sneasler|0 fnt|[from] item: Rocky Helmet|[of] p1a: Ponyo\n|faint|p1a: Ponyo\n|faint|p2a: Sneasler\n|\n|upkeep\n|\n|t:|1700199112\n|switch|p2a: Gholdengo|Gholdengo|100\/100\n|switch|p1a: Diplo|Dragapult, M|72\/100\n|turn|15\n|\n|t:|1700199123\n|switch|p1a: Banjo|Ursaluna, M|53\/100 brn\n|move|p2a: Gholdengo|Shadow Ball|p1a: Banjo\n|-immune|p1a: Banjo\n|\n|-damage|p1a: Banjo|47\/100 brn|[from] brn\n|upkeep\n|turn|16\n|\n|t:|1700199129\n|switch|p2a: Great Tusk|Great Tusk|19\/100\n|move|p1a: Banjo|Headlong Rush|p2a: Great Tusk\n|-damage|p2a: Great Tusk|0 fnt\n|-unboost|p1a: Banjo|def|1\n|-unboost|p1a: Banjo|spd|1\n|faint|p2a: Great Tusk\n|-end|p2a: Great Tusk|Protosynthesis|[silent]\n|\n|-damage|p1a: Banjo|41\/100 brn|[from] brn\n|upkeep\n|\n|t:|1700199133\n|switch|p2a: Hoopa|Hoopa-Unbound|76\/100\n|turn|17\n|\n|t:|1700199150\n|switch|p1a: Nautilus|Slowking-Galar, M|100\/100\n|move|p2a: Hoopa|Hyperspace Fury|p1a: Nautilus\n|-supereffective|p1a: Nautilus\n|-damage|p1a: Nautilus|0 fnt\n|-unboost|p2a: Hoopa|def|1\n|-enditem|p2a: Hoopa|Eject Pack\n|faint|p1a: Nautilus\n|\n|t:|1700199155\n|switch|p2a: Gholdengo|Gholdengo|100\/100\n|\n|upkeep\n|\n|t:|1700199159\n|switch|p1a: Jade|Dragonite, M, shiny|100\/100\n|turn|18\n|\n|t:|1700199161\n|move|p2a: Gholdengo|Trick|p1a: Jade\n|-activate|p2a: Gholdengo|move: Trick|[of] p1a: Jade\n|-item|p1a: Jade|Choice Scarf|[from] move: Trick\n|-item|p2a: Gholdengo|Heavy-Duty Boots|[from] move: Trick\n|move|p1a: Jade|Earthquake|p2a: Gholdengo\n|-supereffective|p2a: Gholdengo\n|-damage|p2a: Gholdengo|11\/100\n|\n|upkeep\n|turn|19\n|\n|t:|1700199170\n|move|p1a: Jade|Earthquake|p2a: Gholdengo\n|-supereffective|p2a: Gholdengo\n|-damage|p2a: Gholdengo|0 fnt\n|faint|p2a: Gholdengo\n|\n|upkeep\n|\n|t:|1700199172\n|switch|p2a: Hoopa|Hoopa-Unbound|76\/100\n|turn|20\n|\n|t:|1700199175\n|move|p1a: Jade|Earthquake|p2a: Hoopa\n|-damage|p2a: Hoopa|5\/100\n|move|p2a: Hoopa|Psychic|p1a: Jade\n|-damage|p1a: Jade|76\/100\n|-item|p2a: Hoopa|Choice Scarf|[from] ability: Magician|[of] p1a: Jade\n|\n|upkeep\n|turn|21\n|-message|Meeses Gangeeses forfeited.\n|\n|win|Charmalane\n|raw|Charmalane's rating: 1485 &rarr; <strong>1507<\/strong><br \/>(+22 for winning)\n|raw|Meeses Gangeeses's rating: 1522 &rarr; <strong>1500<\/strong><br \/>(-22 for losing)\n|l|\u2606Meeses Gangeeses\n","uploadtime":1700199181,"views":8,"p1id":"charmalane","p2id":"meesesgangeeses","formatid":"gen9ou","rating":1500,"private":0,"password":""}