{"id":"gen9ou-1992506683","p1":"dolphin629","p2":"FlimFlamGlorious","format":"[Gen 9] OU","log":"|j|\u2606dolphin629\n|j|\u2606FlimFlamGlorious\n|inactive|Battle timer is ON: inactive players will automatically lose when time's up.\n|t:|1700196573\n|gametype|singles\n|player|p1|dolphin629|ballguy|\n|player|p2|FlimFlamGlorious|2|\n|teamsize|p1|3\n|teamsize|p2|3\n|gen|9\n|tier|[Gen 9] OU\n|rated|Tournament battle\n|rule|Sleep Clause Mod: Limit one foe put to sleep\n|rule|Species Clause: Limit one of each Pok\u00e9mon\n|rule|OHKO Clause: OHKO moves are banned\n|rule|Evasion Items Clause: Evasion items are banned\n|rule|Evasion Moves Clause: Evasion moves are banned\n|rule|Endless Battle Clause: Forcing endless battles is banned\n|rule|HP Percentage Mod: HP is shown in percentages\n|clearpoke\n|poke|p1|Camerupt, M|\n|poke|p1|Fomantis, F|\n|poke|p1|Pawniard, M|\n|poke|p2|Vulpix-Alola, M|\n|poke|p2|Phanpy, M|\n|poke|p2|Espeon, M|\n|teampreview\n|j|*Lady Monita \u2746\n|\n|t:|1700196591\n|start\n|switch|p1a: Fomantis|Fomantis, F|100\/100\n|switch|p2a: Vulpes|Vulpix-Alola, M, shiny|100\/100\n|-weather|Snow|[from] ability: Snow Warning|[of] p2a: Vulpes\n|turn|1\n|\n|t:|1700196603\n|-terastallize|p1a: Fomantis|Fire\n|move|p2a: Vulpes|Aurora Veil|p2a: Vulpes\n|-sidestart|p2: FlimFlamGlorious|move: Aurora Veil\n|move|p1a: Fomantis|Superpower|p2a: Vulpes\n|-supereffective|p2a: Vulpes\n|-damage|p2a: Vulpes|54\/100\n|-boost|p1a: Fomantis|atk|1\n|-boost|p1a: Fomantis|def|1\n|\n|-weather|Snow|[upkeep]\n|upkeep\n|turn|2\n|\n|t:|1700196613\n|switch|p2a: Hello Kitty|Espeon, M|100\/100\n|move|p1a: Fomantis|Superpower|p2a: Hello Kitty\n|-resisted|p2a: Hello Kitty\n|-damage|p2a: Hello Kitty|86\/100\n|-boost|p1a: Fomantis|atk|1\n|-boost|p1a: Fomantis|def|1\n|-enditem|p2a: Hello Kitty|Kee Berry|[eat]\n|-boost|p2a: Hello Kitty|def|1|[from] item: Kee Berry\n|\n|-weather|Snow|[upkeep]\n|upkeep\n|turn|3\n|\n|t:|1700196617\n|move|p2a: Hello Kitty|Calm Mind|p2a: Hello Kitty\n|-boost|p2a: Hello Kitty|spa|1\n|-boost|p2a: Hello Kitty|spd|1\n|move|p1a: Fomantis|X-Scissor|p2a: Hello Kitty\n|-supereffective|p2a: Hello Kitty\n|-damage|p2a: Hello Kitty|50\/100\n|\n|-weather|Snow|[upkeep]\n|upkeep\n|turn|4\n|\n|t:|1700196631\n|-terastallize|p2a: Hello Kitty|Fairy\n|move|p2a: Hello Kitty|Calm Mind|p2a: Hello Kitty\n|-boost|p2a: Hello Kitty|spa|1\n|-boost|p2a: Hello Kitty|spd|1\n|move|p1a: Fomantis|X-Scissor|p2a: Hello Kitty\n|-resisted|p2a: Hello Kitty\n|-damage|p2a: Hello Kitty|43\/100\n|\n|-weather|Snow|[upkeep]\n|upkeep\n|turn|5\n|\n|t:|1700196644\n|move|p2a: Hello Kitty|Stored Power|p1a: Fomantis\n|-damage|p1a: Fomantis|0 fnt\n|faint|p1a: Fomantis\n|\n|-weather|none\n|upkeep\n|\n|t:|1700196647\n|switch|p1a: Pawniard|Pawniard, M|100\/100\n|turn|6\n|\n|t:|1700196653\n|move|p2a: Hello Kitty|Draining Kiss|p1a: Pawniard\n|-damage|p1a: Pawniard|0 fnt\n|-heal|p2a: Hello Kitty|100\/100|[from] drain|[of] p1a: Pawniard\n|faint|p1a: Pawniard\n|\n|upkeep\n|\n|t:|1700196657\n|switch|p1a: Camerupt|Camerupt, M|100\/100\n|turn|7\n|\n|t:|1700196660\n|move|p2a: Hello Kitty|Stored Power|p1a: Camerupt\n|-damage|p1a: Camerupt|0 fnt\n|faint|p1a: Camerupt\n|\n|win|FlimFlamGlorious\n|n|\u2606dolphin629|dolphin629\n|n|\u2606FlimFlamGlorious|flimflamglorious\n|n|*Lady Monita \u2746|ladymonita\n|l|*Lady Monita \u2746\n|l|\u2606dolphin629\n|c|\u2606FlimFlamGlorious|gg\n","uploadtime":1700197379,"views":30,"p1id":"dolphin629","p2id":"flimflamglorious","formatid":"gen9ou","rating":0,"private":0,"password":""}