{"id":"gen9ou-1995261832","p1":"Ouvt frfr","p2":"mysterybullfrog","format":"[Gen 9] OU","log":"|j|\u2606Ouvt frfr\n|j|\u2606mysterybullfrog\n|t:|1700543023\n|gametype|singles\n|player|p1|Ouvt frfr|dawn|1570\n|player|p2|mysterybullfrog|cogita|1598\n|teamsize|p1|6\n|teamsize|p2|6\n|gen|9\n|tier|[Gen 9] OU\n|rated|\n|rule|Sleep Clause Mod: Limit one foe put to sleep\n|rule|Species Clause: Limit one of each Pok\u00e9mon\n|rule|OHKO Clause: OHKO moves are banned\n|rule|Evasion Items Clause: Evasion items are banned\n|rule|Evasion Moves Clause: Evasion moves are banned\n|rule|Endless Battle Clause: Forcing endless battles is banned\n|rule|HP Percentage Mod: HP is shown in percentages\n|clearpoke\n|poke|p1|Azumarill, F|\n|poke|p1|Revavroom, M|\n|poke|p1|Dragapult, F|\n|poke|p1|Moltres|\n|poke|p1|Great Tusk|\n|poke|p1|Meowscarada, M|\n|poke|p2|Clodsire, M|\n|poke|p2|Gholdengo|\n|poke|p2|Zapdos|\n|poke|p2|Dondozo, M|\n|poke|p2|Zamazenta-*|\n|poke|p2|Cinderace, F|\n|teampreview\n|inactive|Battle timer is ON: inactive players will automatically lose when time's up. (requested by Ouvt frfr)\n|\n|t:|1700543047\n|start\n|switch|p1a: Dragapult|Dragapult, F|100\/100\n|switch|p2a: Zapdos|Zapdos|100\/100\n|turn|1\n|\n|t:|1700543054\n|-terastallize|p1a: Dragapult|Ghost\n|move|p1a: Dragapult|Shadow Ball|p2a: Zapdos\n|-damage|p2a: Zapdos|35\/100\n|move|p2a: Zapdos|Thunder Wave|p1a: Dragapult\n|-status|p1a: Dragapult|par\n|\n|upkeep\n|turn|2\n|\n|t:|1700543063\n|move|p2a: Zapdos|Volt Switch|p1a: Dragapult\n|-damage|p1a: Dragapult|62\/100 par\n|\n|t:|1700543067\n|switch|p2a: Clodsire|Clodsire, M|100\/100|[from] Volt Switch\n|move|p1a: Dragapult|Shadow Ball|p2a: Clodsire\n|-damage|p2a: Clodsire|63\/100\n|\n|-heal|p2a: Clodsire|69\/100|[from] item: Leftovers\n|upkeep\n|turn|3\n|c|\u2606Ouvt frfr|Wow so much talent\n|\n|t:|1700543074\n|switch|p1a: Great Tusk|Great Tusk|100\/100\n|move|p2a: Clodsire|Stealth Rock|p1a: Great Tusk\n|-sidestart|p1: Ouvt frfr|move: Stealth Rock\n|\n|-heal|p2a: Clodsire|75\/100|[from] item: Leftovers\n|upkeep\n|turn|4\n|c|\u2606mysterybullfrog|fr\n|\n|t:|1700543082\n|move|p1a: Great Tusk|Earthquake|p2a: Clodsire\n|-supereffective|p2a: Clodsire\n|-damage|p2a: Clodsire|0 fnt\n|faint|p2a: Clodsire\n|\n|upkeep\n|\n|t:|1700543088\n|switch|p2a: Zapdos|Zapdos|35\/100\n|turn|5\n|\n|t:|1700543095\n|-end|p1a: Great Tusk|Protosynthesis|[silent]\n|switch|p1a: Revavroom|Revavroom, M|100\/100\n|-damage|p1a: Revavroom|94\/100|[from] Stealth Rock\n|move|p2a: Zapdos|Roost|p2a: Zapdos\n|-heal|p2a: Zapdos|85\/100\n|-singleturn|p2a: Zapdos|move: Roost\n|\n|-heal|p1a: Revavroom|100\/100|[from] item: Leftovers\n|upkeep\n|turn|6\n|\n|t:|1700543101\n|move|p2a: Zapdos|Thunder Wave|p1a: Revavroom\n|-status|p1a: Revavroom|par\n|cant|p1a: Revavroom|par\n|\n|upkeep\n|turn|7\n|\n|t:|1700543107\n|move|p2a: Zapdos|Volt Switch|p1a: Revavroom\n|-damage|p1a: Revavroom|65\/100 par\n|\n|t:|1700543113\n|switch|p2a: Cinderace|Cinderace, F|100\/100|[from] Volt Switch\n|move|p1a: Revavroom|Toxic|p2a: Cinderace\n|-status|p2a: Cinderace|tox\n|\n|-heal|p1a: Revavroom|71\/100 par|[from] item: Leftovers\n|-damage|p2a: Cinderace|95\/100 tox|[from] psn\n|upkeep\n|turn|8\n|\n|t:|1700543118\n|switch|p1a: Great Tusk|Great Tusk|100\/100\n|-damage|p1a: Great Tusk|97\/100|[from] Stealth Rock\n|move|p2a: Cinderace|U-turn|p1a: Great Tusk\n|-start|p2a: Cinderace|typechange|Bug|[from] ability: Libero\n|-resisted|p1a: Great Tusk\n|-crit|p1a: Great Tusk\n|-damage|p1a: Great Tusk|82\/100\n|\n|t:|1700543125\n|switch|p2a: Zapdos|Zapdos|85\/100|[from] U-turn\n|\n|-heal|p1a: Great Tusk|88\/100|[from] item: Leftovers\n|upkeep\n|turn|9\n|\n|t:|1700543132\n|-end|p1a: Great Tusk|Protosynthesis|[silent]\n|switch|p1a: Azumarill|Azumarill, F|100\/100\n|-damage|p1a: Azumarill|88\/100|[from] Stealth Rock\n|move|p2a: Zapdos|Hurricane|p1a: Azumarill\n|-damage|p1a: Azumarill|54\/100\n|\n|upkeep\n|turn|10\n|j| Z the S Tier\n|\n|t:|1700543138\n|move|p2a: Zapdos|Volt Switch|p1a: Azumarill\n|-supereffective|p1a: Azumarill\n|-damage|p1a: Azumarill|17\/100\n|\n|t:|1700543142\n|switch|p2a: Dondozo|Dondozo, M|100\/100|[from] Volt Switch\n|move|p1a: Azumarill|Ice Spinner|p2a: Dondozo\n|-resisted|p2a: Dondozo\n|-damage|p2a: Dondozo|93\/100\n|\n|upkeep\n|turn|11\n|\n|t:|1700543148\n|move|p1a: Azumarill|Play Rough|p2a: Dondozo\n|-damage|p2a: Dondozo|69\/100\n|move|p2a: Dondozo|Body Press|p1a: Azumarill\n|-resisted|p1a: Azumarill\n|-damage|p1a: Azumarill|1\/100\n|\n|upkeep\n|turn|12\n|\n|t:|1700543152\n|switch|p1a: Great Tusk|Great Tusk|88\/100\n|-damage|p1a: Great Tusk|85\/100|[from] Stealth Rock\n|move|p2a: Dondozo|Body Press|p1a: Great Tusk\n|-damage|p1a: Great Tusk|67\/100\n|\n|-heal|p1a: Great Tusk|73\/100|[from] item: Leftovers\n|upkeep\n|turn|13\n|\n|t:|1700543160\n|switch|p2a: Gholdengo|Gholdengo|100\/100\n|move|p1a: Great Tusk|Rapid Spin|p2a: Gholdengo\n|-immune|p2a: Gholdengo\n|\n|-heal|p1a: Great Tusk|79\/100|[from] item: Leftovers\n|upkeep\n|turn|14\n|\n|t:|1700543166\n|move|p2a: Gholdengo|Make It Rain|p1a: Great Tusk\n|-damage|p1a: Great Tusk|0 fnt\n|-unboost|p2a: Gholdengo|spa|1\n|faint|p1a: Great Tusk\n|-end|p1a: Great Tusk|Protosynthesis|[silent]\n|\n|upkeep\n|\n|t:|1700543170\n|switch|p1a: Moltres|Moltres|100\/100\n|turn|15\n|\n|t:|1700543174\n|switch|p2a: Cinderace|Cinderace, F|95\/100 tox\n|move|p1a: Moltres|Flamethrower|p2a: Cinderace\n|-resisted|p2a: Cinderace\n|-damage|p2a: Cinderace|66\/100 tox\n|\n|-damage|p2a: Cinderace|60\/100 tox|[from] psn\n|upkeep\n|turn|16\n|\n|t:|1700543179\n|move|p2a: Cinderace|U-turn|p1a: Moltres\n|-start|p2a: Cinderace|typechange|Bug|[from] ability: Libero\n|-resisted|p1a: Moltres\n|-damage|p1a: Moltres|93\/100\n|\n|t:|1700543184\n|switch|p2a: Dondozo|Dondozo, M|69\/100|[from] U-turn\n|move|p1a: Moltres|Flamethrower|p2a: Dondozo\n|-resisted|p2a: Dondozo\n|-damage|p2a: Dondozo|51\/100\n|-status|p2a: Dondozo|brn\n|\n|-damage|p2a: Dondozo|45\/100 brn|[from] brn\n|upkeep\n|turn|17\n|\n|t:|1700543188\n|move|p1a: Moltres|U-turn|p2a: Dondozo\n|-crit|p2a: Dondozo\n|-damage|p2a: Dondozo|36\/100 brn\n|\n|t:|1700543189\n|switch|p1a: Meowscarada|Meowscarada, M|100\/100|[from] U-turn\n|-damage|p1a: Meowscarada|88\/100|[from] Stealth Rock\n|move|p2a: Dondozo|Rest|p2a: Dondozo\n|-status|p2a: Dondozo|slp|[from] move: Rest\n|-heal|p2a: Dondozo|100\/100 slp|[silent]\n|\n|upkeep\n|turn|18\n|\n|t:|1700543197\n|switch|p2a: Zapdos|Zapdos|85\/100\n|move|p1a: Meowscarada|Knock Off|p2a: Zapdos\n|-start|p1a: Meowscarada|typechange|Dark|[from] ability: Protean\n|-damage|p2a: Zapdos|43\/100\n|-status|p1a: Meowscarada|par|[from] ability: Static|[of] p2a: Zapdos\n|-enditem|p2a: Zapdos|Heavy-Duty Boots|[from] move: Knock Off|[of] p1a: Meowscarada\n|\n|upkeep\n|turn|19\n|\n|t:|1700543201\n|switch|p1a: Azumarill|Azumarill, F|1\/100\n|-damage|p1a: Azumarill|0 fnt|[from] Stealth Rock\n|faint|p1a: Azumarill\n|move|p2a: Zapdos|Roost|p2a: Zapdos\n|-heal|p2a: Zapdos|93\/100\n|-singleturn|p2a: Zapdos|move: Roost\n|\n|upkeep\n|c|\u2606Ouvt frfr|Man this ladder full of very talented good player\n|c|\u2606Ouvt frfr|who know how to play\n|c|\u2606Ouvt frfr|just click twave\n|inactive|Ouvt frfr has 120 seconds left.\n|c|\u2606Ouvt frfr|finger cross pray for a win\n|c|\u2606mysterybullfrog|ik right making obvious play is crazy\n|c|\u2606mysterybullfrog|so much skill am I right\n|inactive|Ouvt frfr has 90 seconds left.\n|c|\u2606Ouvt frfr|I\u2019m talking about clicking twave\n|c|\u2606Ouvt frfr|spamming twave\n|c|\u2606mysterybullfrog|t wave free\n|c|\u2606Ouvt frfr|just like the brain dead player you are\n|c|\u2606mysterybullfrog|hey am I losing\n|inactive|Ouvt frfr has 60 seconds left.\n|c|\u2606Ouvt frfr|look at my team look at yours\n|c|\u2606Ouvt frfr|at least I don\u2019t use twave\n|c|\u2606Ouvt frfr|like brain dead moron\n|c|\u2606Ouvt frfr|good player wanna be\n|inactive|Ouvt frfr has 30 seconds left.\n|c|\u2606Ouvt frfr|you can\u2019t play this game\n|c|\u2606mysterybullfrog|omg you don't use status move oh no I'm scared\n|inactive|Ouvt frfr has 20 seconds left.\n|inactive|Ouvt frfr has 15 seconds left.\n|c|\u2606Ouvt frfr|go play another game is this your big brain play\n|inactive|Ouvt frfr has 10 seconds left.\n|-message|Ouvt frfr forfeited.\n|\n|win|mysterybullfrog\n|inactive|Ouvt frfr has 15 seconds left this turn.\n|raw|Ouvt frfr's rating: 1570 &rarr; <strong>1552<\/strong><br \/>(-18 for losing)\n|raw|mysterybullfrog's rating: 1598 &rarr; <strong>1616<\/strong><br \/>(+18 for winning)\n|c|\u2606Ouvt frfr|Trash\n|c|\u2606mysterybullfrog|nah\n|c|\u2606mysterybullfrog|who lost\n|l|\u2606mysterybullfrog\n|l|\u2606Ouvt frfr\n|l| Z the S Tier\n|j| Z the S Tier\n|j|\u2606mysterybullfrog\n|player|p2|mysterybullfrog|cogita\n","uploadtime":1700544025,"views":5,"p1id":"ouvtfrfr","p2id":"mysterybullfrog","formatid":"gen9ou","rating":1552,"private":0,"password":""}