{"id":"gen9ou-1991746503","p1":"Falcon420","p2":"Magnus69x","format":"[Gen 9] OU","log":"|j|\u2606Falcon420\n|j|\u2606Magnus69x\n|t:|1700110297\n|gametype|singles\n|player|p1|Falcon420|ghetsis|1107\n|player|p2|Magnus69x|red|1018\n|teamsize|p1|6\n|teamsize|p2|6\n|gen|9\n|tier|[Gen 9] OU\n|rated|\n|rule|Sleep Clause Mod: Limit one foe put to sleep\n|rule|Species Clause: Limit one of each Pok\u00e9mon\n|rule|OHKO Clause: OHKO moves are banned\n|rule|Evasion Items Clause: Evasion items are banned\n|rule|Evasion Moves Clause: Evasion moves are banned\n|rule|Endless Battle Clause: Forcing endless battles is banned\n|rule|HP Percentage Mod: HP is shown in percentages\n|clearpoke\n|poke|p1|Infernape, M|\n|poke|p1|Skeledirge, F|\n|poke|p1|Hydreigon, M|\n|poke|p1|Lokix, M|\n|poke|p1|Azelf|\n|poke|p1|Weezing-Galar, M|\n|poke|p2|Zapdos|\n|poke|p2|Great Tusk|\n|poke|p2|Greninja-*, M|\n|poke|p2|Gengar, M|\n|poke|p2|Dragonite, M|\n|poke|p2|Dragapult, F|\n|teampreview\n|inactive|Battle timer is ON: inactive players will automatically lose when time's up. (requested by Falcon420)\n|\n|t:|1700110315\n|start\n|switch|p1a: Lokix|Lokix, M|100\/100\n|switch|p2a: Cooldragon|Dragonite, M|100\/100\n|turn|1\n|\n|t:|1700110323\n|move|p1a: Lokix|U-turn|p2a: Cooldragon\n|-resisted|p2a: Cooldragon\n|-damage|p2a: Cooldragon|78\/100\n|-damage|p1a: Lokix|91\/100|[from] item: Life Orb\n|\n|t:|1700110327\n|switch|p1a: Weezing|Weezing-Galar, M|100\/100|[from] U-turn\n|-fieldstart|move: Misty Terrain|[from] ability: Misty Surge|[of] p1a: Weezing\n|move|p2a: Cooldragon|Dragon Dance|p2a: Cooldragon\n|-boost|p2a: Cooldragon|atk|1\n|-boost|p2a: Cooldragon|spe|1\n|\n|upkeep\n|turn|2\n|\n|t:|1700110338\n|move|p2a: Cooldragon|Earthquake|p1a: Weezing\n|-supereffective|p1a: Weezing\n|-damage|p1a: Weezing|0 fnt\n|faint|p1a: Weezing\n|\n|upkeep\n|\n|t:|1700110347\n|switch|p1a: Hydreigon|Hydreigon, M|100\/100\n|turn|3\n|\n|t:|1700110353\n|move|p2a: Cooldragon|Outrage|p1a: Hydreigon\n|-supereffective|p1a: Hydreigon\n|-damage|p1a: Hydreigon|0 fnt\n|faint|p1a: Hydreigon\n|\n|upkeep\n|\n|t:|1700110357\n|switch|p1a: Skeledirge|Skeledirge, F|100\/100\n|turn|4\n|\n|t:|1700110361\n|-terastallize|p1a: Skeledirge|Fairy\n|move|p2a: Cooldragon|Outrage|p1a: Skeledirge|[from]lockedmove\n|-immune|p1a: Skeledirge\n|move|p1a: Skeledirge|Yawn|p2a: Cooldragon\n|-start|p2a: Cooldragon|move: Yawn|[of] p1a: Skeledirge\n|\n|upkeep\n|turn|5\n|c|\u2606Magnus69x|Good Dragonite\n|c|\u2606Magnus69x|Please Died\n|\n|t:|1700110388\n|move|p2a: Cooldragon|Earthquake|p1a: Skeledirge\n|-damage|p1a: Skeledirge|74\/100\n|move|p1a: Skeledirge|Torch Song|p2a: Cooldragon\n|-resisted|p2a: Cooldragon\n|-damage|p2a: Cooldragon|62\/100\n|-boost|p1a: Skeledirge|spa|1\n|\n|-end|p2a: Cooldragon|move: Yawn|[silent]\n|-status|p2a: Cooldragon|slp\n|-fieldend|Misty Terrain\n|upkeep\n|turn|6\n|c|\u2606Falcon420|Good dragonite. Go sleep\n|\n|t:|1700110416\n|cant|p2a: Cooldragon|slp\n|move|p1a: Skeledirge|Torch Song|p2a: Cooldragon\n|-resisted|p2a: Cooldragon\n|-damage|p2a: Cooldragon|40\/100 slp\n|-boost|p1a: Skeledirge|spa|1\n|\n|upkeep\n|turn|7\n|\n|t:|1700110425\n|cant|p2a: Cooldragon|slp\n|move|p1a: Skeledirge|Slack Off|p1a: Skeledirge\n|-heal|p1a: Skeledirge|100\/100\n|\n|upkeep\n|turn|8\n|\n|t:|1700110431\n|cant|p2a: Cooldragon|slp\n|move|p1a: Skeledirge|Torch Song|p2a: Cooldragon\n|-resisted|p2a: Cooldragon\n|-damage|p2a: Cooldragon|11\/100 slp\n|-boost|p1a: Skeledirge|spa|1\n|\n|upkeep\n|turn|9\n|\n|t:|1700110439\n|-curestatus|p2a: Cooldragon|slp|[msg]\n|move|p2a: Cooldragon|Earthquake|p1a: Skeledirge\n|-damage|p1a: Skeledirge|76\/100\n|move|p1a: Skeledirge|Torch Song|p2a: Cooldragon\n|-resisted|p2a: Cooldragon\n|-damage|p2a: Cooldragon|0 fnt\n|-boost|p1a: Skeledirge|spa|1\n|faint|p2a: Cooldragon\n|\n|upkeep\n|\n|t:|1700110450\n|switch|p2a: Gengar|Gengar, M|100\/100\n|turn|10\n|c|\u2606Magnus69x|No\n|c|\u2606Falcon420|Yes lol\n|\n|t:|1700110467\n|move|p2a: Gengar|Destiny Bond|p2a: Gengar\n|-singlemove|p2a: Gengar|Destiny Bond\n|move|p1a: Skeledirge|Shadow Ball|p2a: Gengar\n|-supereffective|p2a: Gengar\n|-damage|p2a: Gengar|0 fnt\n|faint|p2a: Gengar\n|-activate|p2a: Gengar|move: Destiny Bond\n|faint|p1a: Skeledirge\n|\n|upkeep\n|\n|t:|1700110479\n|switch|p2a: Greninja|Greninja, M|100\/100\n|switch|p1a: Azelf|Azelf|100\/100\n|turn|11\n|\n|t:|1700110487\n|move|p2a: Greninja|Dark Pulse|p1a: Azelf\n|-supereffective|p1a: Azelf\n|-damage|p1a: Azelf|21\/100\n|move|p1a: Azelf|Thunderbolt|p2a: Greninja\n|-supereffective|p2a: Greninja\n|-damage|p2a: Greninja|27\/100\n|\n|upkeep\n|turn|12\n|\n|t:|1700110495\n|move|p2a: Greninja|Dark Pulse|p1a: Azelf\n|-supereffective|p1a: Azelf\n|-damage|p1a: Azelf|0 fnt\n|faint|p1a: Azelf\n|-ability|p2a: Greninja|Battle Bond|boost\n|-boost|p2a: Greninja|atk|1\n|-boost|p2a: Greninja|spa|1\n|-boost|p2a: Greninja|spe|1\n|-activate|p2a: Greninja|ability: Battle Bond\n|\n|upkeep\n|\n|t:|1700110502\n|switch|p1a: Infernape|Infernape, M|100\/100\n|turn|13\n|c|\u2606Falcon420|Hm\n|\n|t:|1700110510\n|-terastallize|p2a: Greninja|Water\n|move|p2a: Greninja|Water Shuriken|p1a: Infernape\n|-supereffective|p1a: Infernape\n|-damage|p1a: Infernape|57\/100\n|-supereffective|p1a: Infernape\n|-damage|p1a: Infernape|12\/100\n|-hitcount|p1a: Infernape|2\n|move|p1a: Infernape|Mach Punch|p2a: Greninja\n|-damage|p2a: Greninja|0 fnt\n|faint|p2a: Greninja\n|\n|upkeep\n|\n|t:|1700110523\n|switch|p2a: Zapdos|Zapdos|100\/100\n|turn|14\n|\n|t:|1700110528\n|move|p1a: Infernape|Mach Punch|p2a: Zapdos\n|-resisted|p2a: Zapdos\n|-damage|p2a: Zapdos|86\/100\n|-damage|p1a: Infernape|0 fnt|[from] item: Rocky Helmet|[of] p2a: Zapdos\n|faint|p1a: Infernape\n|move|p2a: Zapdos|Volt Switch|p1: Infernape|[notarget]\n|-fail|p2a: Zapdos\n|\n|upkeep\n|\n|t:|1700110531\n|switch|p1a: Lokix|Lokix, M|91\/100\n|turn|15\n|\n|t:|1700110539\n|move|p1a: Lokix|First Impression|p2a: Zapdos\n|-resisted|p2a: Zapdos\n|-damage|p2a: Zapdos|41\/100\n|-damage|p1a: Lokix|74\/100|[from] item: Rocky Helmet|[of] p2a: Zapdos\n|-damage|p1a: Lokix|64\/100|[from] item: Life Orb\n|move|p2a: Zapdos|Thunder Wave|p1a: Lokix\n|-status|p1a: Lokix|par\n|\n|upkeep\n|turn|16\n|\n|t:|1700110549\n|move|p2a: Zapdos|Roost|p2a: Zapdos\n|-heal|p2a: Zapdos|91\/100\n|-singleturn|p2a: Zapdos|move: Roost\n|move|p1a: Lokix|Leech Life|p2a: Zapdos\n|-damage|p2a: Zapdos|50\/100\n|-heal|p1a: Lokix|92\/100 par|[from] drain|[of] p2a: Zapdos\n|-damage|p1a: Lokix|75\/100 par|[from] item: Rocky Helmet|[of] p2a: Zapdos\n|-damage|p1a: Lokix|65\/100 par|[from] item: Life Orb\n|\n|upkeep\n|turn|17\n|\n|t:|1700110562\n|move|p2a: Zapdos|Roost|p2a: Zapdos\n|-heal|p2a: Zapdos|100\/100\n|-singleturn|p2a: Zapdos|move: Roost\n|move|p1a: Lokix|Leech Life|p2a: Zapdos\n|-damage|p2a: Zapdos|64\/100\n|-heal|p1a: Lokix|90\/100 par|[from] drain|[of] p2a: Zapdos\n|-damage|p1a: Lokix|74\/100 par|[from] item: Rocky Helmet|[of] p2a: Zapdos\n|-damage|p1a: Lokix|64\/100 par|[from] item: Life Orb\n|\n|upkeep\n|turn|18\n|\n|t:|1700110574\n|move|p2a: Zapdos|Volt Switch|p1a: Lokix\n|-damage|p1a: Lokix|5\/100 par\n|\n|t:|1700110577\n|switch|p2a: Great Tusk|Great Tusk|100\/100|[from] Volt Switch\n|move|p1a: Lokix|Leech Life|p2a: Great Tusk\n|-resisted|p2a: Great Tusk\n|-damage|p2a: Great Tusk|74\/100\n|-heal|p1a: Lokix|26\/100 par|[from] drain|[of] p2a: Great Tusk\n|-damage|p1a: Lokix|16\/100 par|[from] item: Life Orb\n|\n|-heal|p2a: Great Tusk|80\/100|[from] item: Leftovers\n|upkeep\n|turn|19\n|c|\u2606Falcon420|Gg\n|\n|t:|1700110591\n|move|p1a: Lokix|Sucker Punch|p2a: Great Tusk\n|-resisted|p2a: Great Tusk\n|-damage|p2a: Great Tusk|56\/100\n|-damage|p1a: Lokix|7\/100 par|[from] item: Life Orb\n|move|p2a: Great Tusk|Headlong Rush|p1a: Lokix\n|-resisted|p1a: Lokix\n|-damage|p1a: Lokix|0 fnt\n|-unboost|p2a: Great Tusk|def|1\n|-unboost|p2a: Great Tusk|spd|1\n|faint|p1a: Lokix\n|\n|win|Magnus69x\n|raw|Falcon420's rating: 1107 &rarr; <strong>1076<\/strong><br \/>(-31 for losing)\n|raw|Magnus69x's rating: 1018 &rarr; <strong>1065<\/strong><br \/>(+47 for winning)\n","uploadtime":1700110387,"views":7,"p1id":"falcon420","p2id":"magnus69x","formatid":"gen9ou","rating":1065,"private":0,"password":""}