{"id":"gen9ou-1993905395","p1":"ArbysDealer23","p2":"econ4game","format":"[Gen 9] OU","log":"|j|\u2606ArbysDealer23\n|j|\u2606econ4game\n|t:|1700373113\n|gametype|singles\n|player|p1|ArbysDealer23|swimmerf|1108\n|player|p2|econ4game|grimsley-gen7|1000\n|teamsize|p1|6\n|teamsize|p2|6\n|gen|9\n|tier|[Gen 9] OU\n|rated|\n|rule|Sleep Clause Mod: Limit one foe put to sleep\n|rule|Species Clause: Limit one of each Pok\u00e9mon\n|rule|OHKO Clause: OHKO moves are banned\n|rule|Evasion Items Clause: Evasion items are banned\n|rule|Evasion Moves Clause: Evasion moves are banned\n|rule|Endless Battle Clause: Forcing endless battles is banned\n|rule|HP Percentage Mod: HP is shown in percentages\n|clearpoke\n|poke|p1|Greninja-*, M|\n|poke|p1|Cresselia, F|\n|poke|p1|Sneasler, F|\n|poke|p1|Tsareena, F|\n|poke|p1|Tinkaton, F|\n|poke|p1|Umbreon, M|\n|poke|p2|Conkeldurr, M|\n|poke|p2|Tsareena, F|\n|poke|p2|Kingambit, F|\n|poke|p2|Chandelure, M|\n|poke|p2|Slowbro, F|\n|poke|p2|Fezandipiti, M|\n|teampreview\n|inactive|Battle timer is ON: inactive players will automatically lose when time's up. (requested by ArbysDealer23)\n|\n|t:|1700373126\n|start\n|switch|p1a: Jack Twinkaton|Tinkaton, F|100\/100\n|switch|p2a: Chandelure|Chandelure, M|100\/100\n|-ability|p1a: Jack Twinkaton|Mold Breaker\n|turn|1\n|\n|t:|1700373133\n|move|p2a: Chandelure|Fire Blast|p1a: Jack Twinkaton\n|-supereffective|p1a: Jack Twinkaton\n|-damage|p1a: Jack Twinkaton|0 fnt\n|faint|p1a: Jack Twinkaton\n|\n|upkeep\n|\n|t:|1700373138\n|switch|p1a: Nigerian Vaporeon|Umbreon, M|100\/100\n|turn|2\n|\n|t:|1700373142\n|switch|p2a: Conkeldurr|Conkeldurr, M|100\/100\n|move|p1a: Nigerian Vaporeon|Toxic|p2a: Conkeldurr\n|-status|p2a: Conkeldurr|tox\n|\n|-damage|p2a: Conkeldurr|94\/100 tox|[from] psn\n|upkeep\n|turn|3\n|\n|t:|1700373157\n|move|p1a: Nigerian Vaporeon|Protect|p1a: Nigerian Vaporeon\n|-singleturn|p1a: Nigerian Vaporeon|Protect\n|move|p2a: Conkeldurr|Drain Punch|p1a: Nigerian Vaporeon\n|-activate|p1a: Nigerian Vaporeon|move: Protect\n|\n|-damage|p2a: Conkeldurr|82\/100 tox|[from] psn\n|upkeep\n|turn|4\n|\n|t:|1700373167\n|switch|p1a: The Observatory|Cresselia, F|100\/100\n|move|p2a: Conkeldurr|Knock Off|p1a: The Observatory\n|-supereffective|p1a: The Observatory\n|-damage|p1a: The Observatory|42\/100\n|-enditem|p1a: The Observatory|Leftovers|[from] move: Knock Off|[of] p2a: Conkeldurr\n|\n|-damage|p2a: Conkeldurr|64\/100 tox|[from] psn\n|upkeep\n|turn|5\n|\n|t:|1700373177\n|switch|p2a: Chandelure|Chandelure, M|100\/100\n|-terastallize|p1a: The Observatory|Fairy\n|move|p1a: The Observatory|Moonlight|p1a: The Observatory\n|-heal|p1a: The Observatory|92\/100\n|\n|upkeep\n|turn|6\n|\n|t:|1700373189\n|switch|p1a: Ol' Blacky|Greninja, M, shiny|100\/100\n|move|p2a: Chandelure|Trick|p1a: Ol' Blacky\n|-activate|p2a: Chandelure|move: Trick|[of] p1a: Ol' Blacky\n|-item|p1a: Ol' Blacky|Choice Scarf|[from] move: Trick\n|-item|p2a: Chandelure|Life Orb|[from] move: Trick\n|\n|upkeep\n|turn|7\n|\n|t:|1700373198\n|switch|p2a: Fezandipiti|Fezandipiti, M|100\/100\n|move|p1a: Ol' Blacky|Hydro Pump|p2a: Fezandipiti\n|-damage|p2a: Fezandipiti|65\/100\n|\n|upkeep\n|turn|8\n|\n|t:|1700373205\n|move|p1a: Ol' Blacky|Hydro Pump|p2a: Fezandipiti\n|-damage|p2a: Fezandipiti|32\/100\n|move|p2a: Fezandipiti|Roost|p2a: Fezandipiti\n|-heal|p2a: Fezandipiti|82\/100\n|-singleturn|p2a: Fezandipiti|move: Roost\n|\n|upkeep\n|turn|9\n|\n|t:|1700373210\n|move|p1a: Ol' Blacky|Hydro Pump|p2a: Fezandipiti|[miss]\n|-miss|p1a: Ol' Blacky|p2a: Fezandipiti\n|move|p2a: Fezandipiti|U-turn|p1a: Ol' Blacky\n|-supereffective|p1a: Ol' Blacky\n|-damage|p1a: Ol' Blacky|49\/100\n|-status|p1a: Ol' Blacky|tox|[from] ability: Toxic Chain|[of] p2a: Fezandipiti\n|\n|t:|1700373219\n|switch|p2a: Conkeldurr|Conkeldurr, M|64\/100 tox|[from] U-turn\n|\n|-damage|p1a: Ol' Blacky|43\/100 tox|[from] psn\n|-damage|p2a: Conkeldurr|58\/100 tox|[from] psn\n|upkeep\n|turn|10\n|\n|t:|1700373231\n|switch|p2a: Fezandipiti|Fezandipiti, M|82\/100\n|move|p1a: Ol' Blacky|Hydro Pump|p2a: Fezandipiti\n|-damage|p2a: Fezandipiti|46\/100\n|\n|-damage|p1a: Ol' Blacky|31\/100 tox|[from] psn\n|upkeep\n|turn|11\n|\n|t:|1700373238\n|move|p1a: Ol' Blacky|Hydro Pump|p2a: Fezandipiti\n|-damage|p2a: Fezandipiti|0 fnt\n|faint|p2a: Fezandipiti\n|\n|-damage|p1a: Ol' Blacky|13\/100 tox|[from] psn\n|upkeep\n|\n|t:|1700373252\n|switch|p2a: Conkeldurr|Conkeldurr, M|58\/100 tox\n|turn|12\n|\n|t:|1700373258\n|switch|p1a: The Observatory|Cresselia, F, tera:Fairy|92\/100\n|move|p2a: Conkeldurr|Mach Punch|p1a: The Observatory\n|-resisted|p1a: The Observatory\n|-damage|p1a: The Observatory|81\/100\n|\n|-damage|p2a: Conkeldurr|52\/100 tox|[from] psn\n|upkeep\n|turn|13\n|\n|t:|1700373266\n|switch|p2a: Slowbro|Slowbro, F|100\/100\n|move|p1a: The Observatory|Calm Mind|p1a: The Observatory\n|-boost|p1a: The Observatory|spa|1\n|-boost|p1a: The Observatory|spd|1\n|\n|upkeep\n|turn|14\n|\n|t:|1700373272\n|move|p1a: The Observatory|Moonblast|p2a: Slowbro\n|-damage|p2a: Slowbro|43\/100\n|move|p2a: Slowbro|Psyshock|p1a: The Observatory\n|-damage|p1a: The Observatory|61\/100\n|\n|upkeep\n|turn|15\n|\n|t:|1700373277\n|switch|p2a: Chandelure|Chandelure, M|100\/100\n|move|p1a: The Observatory|Moonblast|p2a: Chandelure\n|-resisted|p2a: Chandelure\n|-damage|p2a: Chandelure|60\/100\n|\n|upkeep\n|turn|16\n|\n|t:|1700373285\n|move|p2a: Chandelure|Shadow Ball|p1a: The Observatory\n|-damage|p1a: The Observatory|35\/100\n|-unboost|p1a: The Observatory|spd|1\n|-damage|p2a: Chandelure|50\/100|[from] item: Life Orb\n|move|p1a: The Observatory|Calm Mind|p1a: The Observatory\n|-boost|p1a: The Observatory|spa|1\n|-boost|p1a: The Observatory|spd|1\n|\n|upkeep\n|turn|17\n|\n|t:|1700373294\n|move|p2a: Chandelure|Shadow Ball|p1a: The Observatory\n|-damage|p1a: The Observatory|7\/100\n|-damage|p2a: Chandelure|40\/100|[from] item: Life Orb\n|move|p1a: The Observatory|Moonblast|p2a: Chandelure\n|-resisted|p2a: Chandelure\n|-damage|p2a: Chandelure|0 fnt\n|faint|p2a: Chandelure\n|\n|upkeep\n|\n|t:|1700373301\n|switch|p2a: Tsareena|Tsareena, F|100\/100\n|turn|18\n|\n|t:|1700373310\n|move|p2a: Tsareena|Rapid Spin|p1a: The Observatory\n|-damage|p1a: The Observatory|0 fnt\n|-boost|p2a: Tsareena|spe|1\n|faint|p1a: The Observatory\n|\n|upkeep\n|\n|t:|1700373320\n|switch|p1a: GETONTOPOFMENOW|Sneasler, F|100\/100\n|-item|p1a: GETONTOPOFMENOW|Air Balloon\n|turn|19\n|\n|t:|1700373333\n|move|p2a: Tsareena|U-turn|p1a: GETONTOPOFMENOW\n|-resisted|p1a: GETONTOPOFMENOW\n|-damage|p1a: GETONTOPOFMENOW|92\/100\n|-enditem|p1a: GETONTOPOFMENOW|Air Balloon\n|\n|t:|1700373338\n|switch|p2a: Kingambit|Kingambit, F|100\/100|[from] U-turn\n|-activate|p2a: Kingambit|ability: Supreme Overlord\n|-start|p2a: Kingambit|fallen2|[silent]\n|-item|p2a: Kingambit|Air Balloon\n|move|p1a: GETONTOPOFMENOW|Swords Dance|p1a: GETONTOPOFMENOW\n|-boost|p1a: GETONTOPOFMENOW|atk|2\n|\n|upkeep\n|turn|20\n|\n|t:|1700373350\n|-end|p2a: Kingambit|fallen2|[silent]\n|switch|p2a: Slowbro|Slowbro, F|76\/100\n|move|p1a: GETONTOPOFMENOW|Close Combat|p2a: Slowbro\n|-resisted|p2a: Slowbro\n|-damage|p2a: Slowbro|36\/100\n|-unboost|p1a: GETONTOPOFMENOW|def|1\n|-unboost|p1a: GETONTOPOFMENOW|spd|1\n|-damage|p1a: GETONTOPOFMENOW|75\/100|[from] item: Rocky Helmet|[of] p2a: Slowbro\n|\n|upkeep\n|turn|21\n|\n|t:|1700373359\n|move|p1a: GETONTOPOFMENOW|Acrobatics|p2a: Slowbro\n|-damage|p2a: Slowbro|0 fnt\n|-damage|p1a: GETONTOPOFMENOW|59\/100|[from] item: Rocky Helmet|[of] p2a: Slowbro\n|faint|p2a: Slowbro\n|\n|upkeep\n|\n|t:|1700373362\n|switch|p2a: Kingambit|Kingambit, F|100\/100\n|-activate|p2a: Kingambit|ability: Supreme Overlord\n|-start|p2a: Kingambit|fallen3|[silent]\n|-item|p2a: Kingambit|Air Balloon\n|turn|22\n|\n|t:|1700373369\n|move|p2a: Kingambit|Sucker Punch|p1a: GETONTOPOFMENOW\n|-resisted|p1a: GETONTOPOFMENOW\n|-damage|p1a: GETONTOPOFMENOW|0 fnt\n|faint|p1a: GETONTOPOFMENOW\n|\n|upkeep\n|\n|t:|1700373376\n|switch|p1a: Nigerian Vaporeon|Umbreon, M|100\/100\n|turn|23\n|\n|t:|1700373384\n|move|p1a: Nigerian Vaporeon|Toxic|p2a: Kingambit\n|-immune|p2a: Kingambit\n|move|p2a: Kingambit|Swords Dance|p2a: Kingambit\n|-boost|p2a: Kingambit|atk|2\n|\n|upkeep\n|turn|24\n|\n|t:|1700373392\n|move|p1a: Nigerian Vaporeon|Wish|p1a: Nigerian Vaporeon\n|move|p2a: Kingambit|Kowtow Cleave|p1a: Nigerian Vaporeon\n|-resisted|p1a: Nigerian Vaporeon\n|-damage|p1a: Nigerian Vaporeon|53\/100\n|\n|-heal|p1a: Nigerian Vaporeon|59\/100|[from] item: Leftovers\n|upkeep\n|turn|25\n|\n|t:|1700373407\n|move|p1a: Nigerian Vaporeon|Protect|p1a: Nigerian Vaporeon\n|-singleturn|p1a: Nigerian Vaporeon|Protect\n|move|p2a: Kingambit|Kowtow Cleave|p1a: Nigerian Vaporeon\n|-activate|p1a: Nigerian Vaporeon|move: Protect\n|\n|-heal|p1a: Nigerian Vaporeon|100\/100|[from] move: Wish|[wisher] Nigerian Vaporeon\n|upkeep\n|turn|26\n|\n|t:|1700373416\n|move|p1a: Nigerian Vaporeon|Crunch|p2a: Kingambit\n|-resisted|p2a: Kingambit\n|-damage|p2a: Kingambit|93\/100\n|-enditem|p2a: Kingambit|Air Balloon\n|move|p2a: Kingambit|Kowtow Cleave|p1a: Nigerian Vaporeon\n|-resisted|p1a: Nigerian Vaporeon\n|-damage|p1a: Nigerian Vaporeon|53\/100\n|\n|-heal|p1a: Nigerian Vaporeon|59\/100|[from] item: Leftovers\n|upkeep\n|turn|27\n|\n|t:|1700373427\n|move|p1a: Nigerian Vaporeon|Crunch|p2a: Kingambit\n|-resisted|p2a: Kingambit\n|-damage|p2a: Kingambit|87\/100\n|move|p2a: Kingambit|Kowtow Cleave|p1a: Nigerian Vaporeon\n|-resisted|p1a: Nigerian Vaporeon\n|-damage|p1a: Nigerian Vaporeon|14\/100\n|\n|-heal|p1a: Nigerian Vaporeon|20\/100|[from] item: Leftovers\n|upkeep\n|turn|28\n|\n|t:|1700373436\n|move|p2a: Kingambit|Sucker Punch||[still]\n|-fail|p2a: Kingambit\n|move|p1a: Nigerian Vaporeon|Wish|p1a: Nigerian Vaporeon\n|\n|-heal|p1a: Nigerian Vaporeon|26\/100|[from] item: Leftovers\n|upkeep\n|turn|29\n|\n|t:|1700373441\n|move|p1a: Nigerian Vaporeon|Crunch|p2a: Kingambit\n|-resisted|p2a: Kingambit\n|-damage|p2a: Kingambit|79\/100\n|-unboost|p2a: Kingambit|def|1\n|move|p2a: Kingambit|Swords Dance|p2a: Kingambit\n|-boost|p2a: Kingambit|atk|2\n|\n|-heal|p1a: Nigerian Vaporeon|76\/100|[from] move: Wish|[wisher] Nigerian Vaporeon\n|-heal|p1a: Nigerian Vaporeon|82\/100|[from] item: Leftovers\n|upkeep\n|turn|30\n|\n|t:|1700373450\n|move|p1a: Nigerian Vaporeon|Wish|p1a: Nigerian Vaporeon\n|move|p2a: Kingambit|Kowtow Cleave|p1a: Nigerian Vaporeon\n|-resisted|p1a: Nigerian Vaporeon\n|-damage|p1a: Nigerian Vaporeon|13\/100\n|\n|-heal|p1a: Nigerian Vaporeon|19\/100|[from] item: Leftovers\n|upkeep\n|turn|31\n|\n|t:|1700373458\n|switch|p1a: Ol' Blacky|Greninja, M, shiny|13\/100 tox\n|move|p2a: Kingambit|Kowtow Cleave|p1a: Ol' Blacky\n|-resisted|p1a: Ol' Blacky\n|-damage|p1a: Ol' Blacky|0 fnt\n|faint|p1a: Ol' Blacky\n|\n|upkeep\n|\n|t:|1700373465\n|switch|p1a: GaGa OohLaLa|Tsareena, F|100\/100\n|turn|32\n|\n|t:|1700373471\n|move|p1a: GaGa OohLaLa|Power Whip|p2a: Kingambit\n|-resisted|p2a: Kingambit\n|-damage|p2a: Kingambit|44\/100\n|move|p2a: Kingambit|Kowtow Cleave|p1a: GaGa OohLaLa\n|-damage|p1a: GaGa OohLaLa|0 fnt\n|faint|p1a: GaGa OohLaLa\n|\n|upkeep\n|\n|t:|1700373478\n|switch|p1a: Nigerian Vaporeon|Umbreon, M|19\/100\n|turn|33\n|-message|ArbysDealer23 forfeited.\n|\n|win|econ4game\n|raw|ArbysDealer23's rating: 1108 &rarr; <strong>1075<\/strong><br \/>(-33 for losing)\n|raw|econ4game's rating: 1000 &rarr; <strong>1052<\/strong><br \/>(+52 for winning)\n|l|\u2606ArbysDealer23\n|l|\u2606econ4game\n|j|\u2606econ4game\n|player|p2|econ4game|grimsley-gen7\n","uploadtime":1700373509,"views":13,"p1id":"arbysdealer23","p2id":"econ4game","formatid":"gen9ou","rating":1052,"private":0,"password":""}