{"id":"gen9ou-1989957524","p1":"GeorgiaEternatuss","p2":"JesseJames44","format":"[Gen 9] OU","log":"|j|\u2606GeorgiaEternatuss\n|j|\u2606JesseJames44\n|t:|1699910117\n|gametype|singles\n|player|p1|GeorgiaEternatuss|steven|1296\n|player|p2|JesseJames44|colress|1230\n|teamsize|p1|6\n|teamsize|p2|6\n|gen|9\n|tier|[Gen 9] OU\n|rated|\n|rule|Sleep Clause Mod: Limit one foe put to sleep\n|rule|Species Clause: Limit one of each Pok\u00e9mon\n|rule|OHKO Clause: OHKO moves are banned\n|rule|Evasion Items Clause: Evasion items are banned\n|rule|Evasion Moves Clause: Evasion moves are banned\n|rule|Endless Battle Clause: Forcing endless battles is banned\n|rule|HP Percentage Mod: HP is shown in percentages\n|clearpoke\n|poke|p1|Rillaboom, M|\n|poke|p1|Armarouge, M|\n|poke|p1|Iron Treads|\n|poke|p1|Sneasler, F|\n|poke|p1|Iron Valiant|\n|poke|p1|Ditto|\n|poke|p2|Ditto|\n|poke|p2|Garganacl, F|\n|poke|p2|Glimmora, F|\n|poke|p2|Iron Moth|\n|poke|p2|Meowscarada, M|\n|poke|p2|Great Tusk|\n|teampreview\n|inactive|Battle timer is ON: inactive players will automatically lose when time's up. (requested by JesseJames44)\n|\n|t:|1699910147\n|start\n|switch|p1a: Iron Treads|Iron Treads|100\/100\n|switch|p2a: Iron Moth|Iron Moth|100\/100\n|-enditem|p2a: Iron Moth|Booster Energy\n|-activate|p2a: Iron Moth|ability: Quark Drive|[fromitem]\n|-start|p2a: Iron Moth|quarkdrivespa\n|-enditem|p1a: Iron Treads|Booster Energy\n|-activate|p1a: Iron Treads|ability: Quark Drive|[fromitem]\n|-start|p1a: Iron Treads|quarkdrivespe\n|turn|1\n|\n|t:|1699910163\n|move|p1a: Iron Treads|Earth Power|p2a: Iron Moth\n|-supereffective|p2a: Iron Moth\n|-damage|p2a: Iron Moth|0 fnt\n|faint|p2a: Iron Moth\n|-end|p2a: Iron Moth|Quark Drive|[silent]\n|\n|upkeep\n|\n|t:|1699910175\n|switch|p2a: Great Tusk|Great Tusk|100\/100\n|-enditem|p2a: Great Tusk|Booster Energy\n|-activate|p2a: Great Tusk|ability: Protosynthesis|[fromitem]\n|-start|p2a: Great Tusk|protosynthesisatk\n|turn|2\n|\n|t:|1699910182\n|move|p1a: Iron Treads|Steel Beam|p2a: Great Tusk\n|-damage|p2a: Great Tusk|32\/100\n|-damage|p1a: Iron Treads|50\/100|[from] steelbeam\n|move|p2a: Great Tusk|Headlong Rush|p1a: Iron Treads\n|-supereffective|p1a: Iron Treads\n|-damage|p1a: Iron Treads|0 fnt\n|-unboost|p2a: Great Tusk|def|1\n|-unboost|p2a: Great Tusk|spd|1\n|faint|p1a: Iron Treads\n|-end|p1a: Iron Treads|Quark Drive|[silent]\n|\n|upkeep\n|\n|t:|1699910200\n|switch|p1a: Iron Valiant|Iron Valiant|100\/100\n|-enditem|p1a: Iron Valiant|Booster Energy\n|-activate|p1a: Iron Valiant|ability: Quark Drive|[fromitem]\n|-start|p1a: Iron Valiant|quarkdrivespe\n|turn|3\n|\n|t:|1699910211\n|move|p1a: Iron Valiant|Spirit Break|p2a: Great Tusk\n|-supereffective|p2a: Great Tusk\n|-damage|p2a: Great Tusk|0 fnt\n|faint|p2a: Great Tusk\n|-end|p2a: Great Tusk|Protosynthesis|[silent]\n|\n|upkeep\n|\n|t:|1699910219\n|switch|p2a: Glimmora|Glimmora, F|100\/100\n|turn|4\n|\n|t:|1699910228\n|move|p1a: Iron Valiant|Knock Off|p2a: Glimmora\n|-damage|p2a: Glimmora|57\/100\n|-activate|p2a: Glimmora|ability: Toxic Debris\n|-sidestart|p1: GeorgiaEternatuss|move: Toxic Spikes\n|-enditem|p2a: Glimmora|Focus Sash|[from] move: Knock Off|[of] p1a: Iron Valiant\n|move|p2a: Glimmora|Sludge Wave|p1a: Iron Valiant\n|-supereffective|p1a: Iron Valiant\n|-damage|p1a: Iron Valiant|0 fnt\n|faint|p1a: Iron Valiant\n|-end|p1a: Iron Valiant|Quark Drive|[silent]\n|\n|upkeep\n|\n|t:|1699910240\n|switch|p1a: Sneasler|Sneasler, F|100\/100\n|-sideend|p1: GeorgiaEternatuss|move: Toxic Spikes|[of] p1a: Sneasler\n|turn|5\n|\n|t:|1699910251\n|switch|p1a: Ditto|Ditto|100\/100\n|-transform|p1a: Ditto|p2a: Glimmora|[from] ability: Imposter\n|move|p2a: Glimmora|Tera Blast|p1a: Ditto\n|-resisted|p1a: Ditto\n|-damage|p1a: Ditto|82\/100\n|\n|upkeep\n|turn|6\n|\n|t:|1699910263\n|move|p1a: Ditto|Power Gem|p2a: Glimmora\n|-damage|p2a: Glimmora|9\/100\n|move|p2a: Glimmora|Power Gem|p1a: Ditto\n|-damage|p1a: Ditto|32\/100\n|\n|upkeep\n|turn|7\n|\n|t:|1699910270\n|move|p1a: Ditto|Power Gem|p2a: Glimmora\n|-damage|p2a: Glimmora|0 fnt\n|faint|p2a: Glimmora\n|\n|upkeep\n|\n|t:|1699910275\n|switch|p2a: Ditto|Ditto|100\/100\n|turn|8\n|\n|t:|1699910282\n|move|p1a: Ditto|Power Gem|p2a: Ditto\n|-damage|p2a: Ditto|0 fnt\n|faint|p2a: Ditto\n|\n|upkeep\n|\n|t:|1699910301\n|switch|p2a: Garganacl|Garganacl, F|100\/100\n|turn|9\n|\n|t:|1699910307\n|switch|p1a: Rillaboom|Rillaboom, M|100\/100\n|-fieldstart|move: Grassy Terrain|[from] ability: Grassy Surge|[of] p1a: Rillaboom\n|move|p2a: Garganacl|Iron Defense|p2a: Garganacl\n|-boost|p2a: Garganacl|def|2\n|\n|upkeep\n|turn|10\n|\n|t:|1699910318\n|-terastallize|p2a: Garganacl|Grass\n|move|p1a: Rillaboom|Wood Hammer|p2a: Garganacl\n|-resisted|p2a: Garganacl\n|-damage|p2a: Garganacl|84\/100\n|-damage|p1a: Rillaboom|94\/100|[from] Recoil\n|move|p2a: Garganacl|Salt Cure|p1a: Rillaboom\n|-crit|p1a: Rillaboom\n|-damage|p1a: Rillaboom|71\/100\n|-start|p1a: Rillaboom|Salt Cure\n|\n|-heal|p1a: Rillaboom|77\/100|[from] Grassy Terrain\n|-heal|p2a: Garganacl|90\/100|[from] Grassy Terrain\n|-heal|p2a: Garganacl|96\/100|[from] item: Leftovers\n|-damage|p1a: Rillaboom|64\/100|[from] Salt Cure\n|upkeep\n|turn|11\n|\n|t:|1699910338\n|switch|p1a: Armarouge|Armarouge, M|100\/100\n|-enditem|p1a: Armarouge|Grassy Seed\n|-boost|p1a: Armarouge|def|1|[from] item: Grassy Seed\n|move|p2a: Garganacl|Iron Defense|p2a: Garganacl\n|-boost|p2a: Garganacl|def|2\n|\n|-heal|p2a: Garganacl|100\/100|[from] Grassy Terrain\n|upkeep\n|turn|12\n|\n|t:|1699910355\n|move|p1a: Armarouge|Iron Defense|p1a: Armarouge\n|-boost|p1a: Armarouge|def|2\n|move|p2a: Garganacl|Salt Cure|p1a: Armarouge\n|-supereffective|p1a: Armarouge\n|-damage|p1a: Armarouge|90\/100\n|-start|p1a: Armarouge|Salt Cure\n|\n|-heal|p1a: Armarouge|96\/100|[from] Grassy Terrain\n|-damage|p1a: Armarouge|84\/100|[from] Salt Cure\n|upkeep\n|turn|13\n|\n|t:|1699910366\n|move|p1a: Armarouge|Iron Defense|p1a: Armarouge\n|-boost|p1a: Armarouge|def|2\n|move|p2a: Garganacl|Body Press|p1a: Armarouge\n|-resisted|p1a: Armarouge\n|-damage|p1a: Armarouge|74\/100\n|\n|-heal|p1a: Armarouge|80\/100|[from] Grassy Terrain\n|-damage|p1a: Armarouge|68\/100|[from] Salt Cure\n|-fieldend|move: Grassy Terrain\n|upkeep\n|turn|14\n|inactive|GeorgiaEternatuss has 120 seconds left.\n|\n|t:|1699910389\n|switch|p2a: Meowscarada|Meowscarada, M|100\/100\n|move|p1a: Armarouge|Calm Mind|p1a: Armarouge\n|-boost|p1a: Armarouge|spa|1\n|-boost|p1a: Armarouge|spd|1\n|\n|-damage|p1a: Armarouge|55\/100|[from] Salt Cure\n|upkeep\n|turn|15\n|inactive|GeorgiaEternatuss has 120 seconds left.\n|\n|t:|1699910403\n|-terastallize|p1a: Armarouge|Poison\n|move|p2a: Meowscarada|Knock Off|p1a: Armarouge\n|-start|p2a: Meowscarada|typechange|Dark|[from] ability: Protean\n|-damage|p1a: Armarouge|47\/100\n|move|p1a: Armarouge|Aura Sphere|p2a: Meowscarada\n|-supereffective|p2a: Meowscarada\n|-damage|p2a: Meowscarada|17\/100\n|\n|-damage|p1a: Armarouge|35\/100|[from] Salt Cure\n|upkeep\n|turn|16\n|inactive|GeorgiaEternatuss has 120 seconds left.\n|\n|t:|1699910415\n|switch|p2a: Garganacl|Garganacl, F, tera:Grass|100\/100\n|move|p1a: Armarouge|Aura Sphere|p2a: Garganacl\n|-damage|p2a: Garganacl|72\/100\n|\n|-heal|p2a: Garganacl|78\/100|[from] item: Leftovers\n|-damage|p1a: Armarouge|23\/100|[from] Salt Cure\n|upkeep\n|turn|17\n|\n|t:|1699910430\n|move|p1a: Armarouge|Stored Power|p2a: Garganacl\n|-damage|p2a: Garganacl|0 fnt\n|faint|p2a: Garganacl\n|\n|-damage|p1a: Armarouge|10\/100|[from] Salt Cure\n|upkeep\n|\n|t:|1699910433\n|switch|p2a: Meowscarada|Meowscarada, M|17\/100\n|turn|18\n|\n|t:|1699910439\n|move|p2a: Meowscarada|Flower Trick|p1a: Armarouge\n|-start|p2a: Meowscarada|typechange|Grass|[from] ability: Protean\n|-resisted|p1a: Armarouge\n|-crit|p1a: Armarouge\n|-damage|p1a: Armarouge|0 fnt\n|faint|p1a: Armarouge\n|\n|upkeep\n|\n|t:|1699910448\n|switch|p1a: Rillaboom|Rillaboom, M|64\/100\n|-fieldstart|move: Grassy Terrain|[from] ability: Grassy Surge|[of] p1a: Rillaboom\n|turn|19\n|\n|t:|1699910452\n|move|p2a: Meowscarada|Flower Trick|p1a: Rillaboom\n|-resisted|p1a: Rillaboom\n|-crit|p1a: Rillaboom\n|-damage|p1a: Rillaboom|29\/100\n|move|p1a: Rillaboom|U-turn|p2a: Meowscarada\n|-supereffective|p2a: Meowscarada\n|-damage|p2a: Meowscarada|0 fnt\n|faint|p2a: Meowscarada\n|\n|win|GeorgiaEternatuss\n|raw|GeorgiaEternatuss's rating: 1296 &rarr; <strong>1316<\/strong><br \/>(+20 for winning)\n|raw|JesseJames44's rating: 1230 &rarr; <strong>1210<\/strong><br \/>(-20 for losing)\n|l|\u2606JesseJames44\n","uploadtime":1699910465,"views":28,"p1id":"georgiaeternatuss","p2id":"jessejames44","formatid":"gen9ou","rating":1210,"private":0,"password":""}