{"id":"gen9ou-2000318708","p1":"Treetoe","p2":"Themelmetalguy","format":"[Gen 9] OU","log":"|j|\u2606Treetoe\n|j|\u2606Themelmetalguy\n|t:|1701184525\n|gametype|singles\n|player|p1|Treetoe|265|1037\n|player|p2|Themelmetalguy|1|1025\n|teamsize|p1|6\n|teamsize|p2|6\n|gen|9\n|tier|[Gen 9] OU\n|rated|\n|rule|Sleep Clause Mod: Limit one foe put to sleep\n|rule|Species Clause: Limit one of each Pok\u00e9mon\n|rule|OHKO Clause: OHKO moves are banned\n|rule|Evasion Items Clause: Evasion items are banned\n|rule|Evasion Moves Clause: Evasion moves are banned\n|rule|Endless Battle Clause: Forcing endless battles is banned\n|rule|HP Percentage Mod: HP is shown in percentages\n|clearpoke\n|poke|p1|Grimmsnarl, M|\n|poke|p1|Maushold-Four|\n|poke|p1|Gholdengo|\n|poke|p1|Alomomola, M|\n|poke|p1|Landorus-Therian, M|\n|poke|p1|Kommo-o, M|\n|poke|p2|Pelipper, M|\n|poke|p2|Ogerpon-Wellspring, F|\n|poke|p2|Shiftry, M|\n|poke|p2|Overqwil, M|\n|poke|p2|Basculegion, M|\n|poke|p2|Walking Wake|\n|teampreview\n|\n|t:|1701184532\n|start\n|switch|p1a: Grimmsnarl|Grimmsnarl, M|100\/100\n|switch|p2a: Pelipper|Pelipper, M|100\/100\n|-weather|RainDance|[from] ability: Drizzle|[of] p2a: Pelipper\n|turn|1\n|inactive|Battle timer is ON: inactive players will automatically lose when time's up. (requested by Treetoe)\n|\n|t:|1701184538\n|move|p1a: Grimmsnarl|Light Screen|p1a: Grimmsnarl\n|-sidestart|p1: Treetoe|move: Light Screen\n|move|p2a: Pelipper|Hurricane|p1a: Grimmsnarl\n|-damage|p1a: Grimmsnarl|84\/100\n|\n|-weather|RainDance|[upkeep]\n|upkeep\n|turn|2\n|\n|t:|1701184542\n|move|p1a: Grimmsnarl|Reflect|p1a: Grimmsnarl\n|-sidestart|p1: Treetoe|Reflect\n|move|p2a: Pelipper|U-turn|p1a: Grimmsnarl\n|-crit|p1a: Grimmsnarl\n|-damage|p1a: Grimmsnarl|69\/100\n|\n|t:|1701184544\n|switch|p2a: Basculegion|Basculegion, M, shiny|100\/100|[from] U-turn\n|\n|-weather|RainDance|[upkeep]\n|upkeep\n|turn|3\n|\n|t:|1701184551\n|move|p2a: Basculegion|Flip Turn|p1a: Grimmsnarl\n|-damage|p1a: Grimmsnarl|37\/100\n|\n|t:|1701184556\n|switch|p2a: Shiftry|Shiftry, M|100\/100|[from] Flip Turn\n|move|p1a: Grimmsnarl|Play Rough|p2a: Shiftry\n|-supereffective|p2a: Shiftry\n|-enditem|p2a: Shiftry|Focus Sash\n|-damage|p2a: Shiftry|1\/100\n|\n|-weather|RainDance|[upkeep]\n|upkeep\n|turn|4\n|\n|t:|1701184569\n|switch|p1a: Alomomola|Alomomola, M|100\/100\n|move|p2a: Shiftry|Tailwind|p2a: Shiftry\n|-sidestart|p2: Themelmetalguy|move: Tailwind\n|-ability|p2a: Shiftry|Wind Rider|boost\n|-boost|p2a: Shiftry|atk|1\n|\n|-weather|RainDance|[upkeep]\n|upkeep\n|turn|5\n|\n|t:|1701184575\n|move|p2a: Shiftry|Leaf Blade|p1a: Alomomola\n|-supereffective|p1a: Alomomola\n|-damage|p1a: Alomomola|72\/100\n|move|p1a: Alomomola|Flip Turn|p2a: Shiftry\n|-resisted|p2a: Shiftry\n|-damage|p2a: Shiftry|0 fnt\n|faint|p2a: Shiftry\n|\n|t:|1701184589\n|switch|p1a: Kommo-o|Kommo-o, M|100\/100|[from] Flip Turn\n|\n|-weather|RainDance|[upkeep]\n|upkeep\n|\n|t:|1701184592\n|switch|p2a: Basculegion|Basculegion, M, shiny|100\/100\n|turn|6\n|\n|t:|1701184598\n|move|p2a: Basculegion|Psychic Fangs|p1a: Kommo-o\n|-sideend|p1: Treetoe|Reflect\n|-sideend|p1: Treetoe|move: Light Screen\n|-supereffective|p1a: Kommo-o\n|-damage|p1a: Kommo-o|46\/100\n|move|p1a: Kommo-o|Clangorous Soul|p1a: Kommo-o\n|-boost|p1a: Kommo-o|atk|1\n|-boost|p1a: Kommo-o|def|1\n|-boost|p1a: Kommo-o|spa|1\n|-boost|p1a: Kommo-o|spd|1\n|-boost|p1a: Kommo-o|spe|1\n|-damage|p1a: Kommo-o|13\/100\n|-enditem|p1a: Kommo-o|Throat Spray\n|-boost|p1a: Kommo-o|spa|1|[from] item: Throat Spray\n|\n|-weather|RainDance|[upkeep]\n|upkeep\n|turn|7\n|\n|t:|1701184625\n|switch|p1a: Grimmsnarl|Grimmsnarl, M|37\/100\n|move|p2a: Basculegion|Flip Turn|p1a: Grimmsnarl\n|-damage|p1a: Grimmsnarl|0 fnt\n|faint|p1a: Grimmsnarl\n|\n|t:|1701184635\n|switch|p2a: Ogerpon|Ogerpon-Wellspring, F|100\/100|[from] Flip Turn\n|\n|-weather|RainDance|[upkeep]\n|-sideend|p2: Themelmetalguy|move: Tailwind\n|upkeep\n|\n|t:|1701184643\n|switch|p1a: Kommo-o|Kommo-o, M|13\/100\n|turn|8\n|\n|t:|1701184651\n|move|p2a: Ogerpon|Ivy Cudgel|p1a: Kommo-o|[anim] Ivy Cudgel Water\n|-resisted|p1a: Kommo-o\n|-crit|p1a: Kommo-o\n|-damage|p1a: Kommo-o|0 fnt\n|faint|p1a: Kommo-o\n|\n|-weather|none\n|upkeep\n|\n|t:|1701184655\n|switch|p1a: Maushold|Maushold-Four|100\/100\n|turn|9\n|\n|t:|1701184659\n|move|p1a: Maushold|Tidy Up|p1a: Maushold\n|-boost|p1a: Maushold|atk|1\n|-boost|p1a: Maushold|spe|1\n|move|p2a: Ogerpon|U-turn|p1a: Maushold\n|-damage|p1a: Maushold|58\/100\n|\n|t:|1701184661\n|switch|p2a: Basculegion|Basculegion, M, shiny|100\/100|[from] U-turn\n|\n|upkeep\n|turn|10\n|\n|t:|1701184668\n|move|p1a: Maushold|Beat Up|p2a: Basculegion\n|-supereffective|p2a: Basculegion\n|-damage|p2a: Basculegion|84\/100\n|-supereffective|p2a: Basculegion\n|-damage|p2a: Basculegion|70\/100\n|-supereffective|p2a: Basculegion\n|-damage|p2a: Basculegion|45\/100\n|-supereffective|p2a: Basculegion\n|-damage|p2a: Basculegion|29\/100\n|-hitcount|p2a: Basculegion|4\n|move|p2a: Basculegion|Psychic Fangs|p1a: Maushold\n|-damage|p1a: Maushold|13\/100\n|\n|upkeep\n|turn|11\n|\n|t:|1701184677\n|move|p2a: Basculegion|Aqua Jet|p1a: Maushold\n|-damage|p1a: Maushold|0 fnt\n|faint|p1a: Maushold\n|\n|upkeep\n|\n|t:|1701184682\n|switch|p1a: Gholdengo|Gholdengo|100\/100\n|turn|12\n|\n|t:|1701184687\n|move|p1a: Gholdengo|Shadow Ball|p2a: Basculegion\n|-supereffective|p2a: Basculegion\n|-damage|p2a: Basculegion|0 fnt\n|faint|p2a: Basculegion\n|\n|upkeep\n|\n|t:|1701184692\n|switch|p2a: Pelipper|Pelipper, M|100\/100\n|-weather|RainDance|[from] ability: Drizzle|[of] p2a: Pelipper\n|turn|13\n|\n|t:|1701184700\n|switch|p1a: Alomomola|Alomomola, M|100\/100\n|move|p2a: Pelipper|Hurricane|p1a: Alomomola\n|-damage|p1a: Alomomola|49\/100\n|\n|-weather|RainDance|[upkeep]\n|-heal|p1a: Alomomola|55\/100|[from] item: Leftovers\n|upkeep\n|turn|14\n|\n|t:|1701184708\n|move|p2a: Pelipper|Hurricane|p1a: Alomomola\n|-damage|p1a: Alomomola|0 fnt\n|faint|p1a: Alomomola\n|\n|-weather|RainDance|[upkeep]\n|upkeep\n|\n|t:|1701184710\n|switch|p1a: Gholdengo|Gholdengo|100\/100\n|turn|15\n|\n|t:|1701184713\n|move|p1a: Gholdengo|Thunderbolt|p2a: Pelipper\n|-supereffective|p2a: Pelipper\n|-damage|p2a: Pelipper|0 fnt\n|faint|p2a: Pelipper\n|\n|-weather|RainDance|[upkeep]\n|upkeep\n|\n|t:|1701184718\n|switch|p2a: Overqwil|Overqwil, M|100\/100\n|turn|16\n|\n|t:|1701184726\n|switch|p1a: Landorus|Landorus-Therian, M|100\/100\n|-ability|p1a: Landorus|Intimidate|boost\n|-unboost|p2a: Overqwil|atk|1\n|move|p2a: Overqwil|Crunch|p1a: Landorus\n|-damage|p1a: Landorus|69\/100\n|\n|-weather|RainDance|[upkeep]\n|-heal|p1a: Landorus|74\/100|[from] item: Leftovers\n|upkeep\n|turn|17\n|\n|t:|1701184734\n|switch|p2a: Ogerpon|Ogerpon-Wellspring, F|100\/100\n|move|p1a: Landorus|Earthquake|p2a: Ogerpon\n|-resisted|p2a: Ogerpon\n|-damage|p2a: Ogerpon|67\/100\n|\n|-weather|RainDance|[upkeep]\n|-heal|p1a: Landorus|80\/100|[from] item: Leftovers\n|upkeep\n|turn|18\n|\n|t:|1701184739\n|move|p1a: Landorus|U-turn|p2a: Ogerpon\n|-supereffective|p2a: Ogerpon\n|-damage|p2a: Ogerpon|9\/100\n|\n|t:|1701184741\n|switch|p1a: Gholdengo|Gholdengo|100\/100|[from] U-turn\n|move|p2a: Ogerpon|Ivy Cudgel|p1a: Gholdengo|[anim] Ivy Cudgel Water\n|-damage|p1a: Gholdengo|0 fnt\n|faint|p1a: Gholdengo\n|\n|-weather|RainDance|[upkeep]\n|upkeep\n|\n|t:|1701184747\n|switch|p1a: Landorus|Landorus-Therian, M|80\/100\n|-ability|p1a: Landorus|Intimidate|boost\n|-unboost|p2a: Ogerpon|atk|1\n|turn|19\n|\n|t:|1701184751\n|move|p1a: Landorus|U-turn|p2a: Ogerpon\n|-supereffective|p2a: Ogerpon\n|-damage|p2a: Ogerpon|0 fnt\n|faint|p2a: Ogerpon\n|\n|-weather|RainDance|[upkeep]\n|-heal|p1a: Landorus|86\/100|[from] item: Leftovers\n|upkeep\n|\n|t:|1701184753\n|switch|p2a: Walking Wake|Walking Wake|100\/100\n|turn|20\n|\n|t:|1701184757\n|-terastallize|p2a: Walking Wake|Water\n|move|p2a: Walking Wake|Hydro Steam|p1a: Landorus\n|-supereffective|p1a: Landorus\n|-damage|p1a: Landorus|0 fnt\n|faint|p1a: Landorus\n|\n|win|Themelmetalguy\n|raw|Treetoe's rating: 1037 &rarr; <strong>1021<\/strong><br \/>(-16 for losing)\n|raw|Themelmetalguy's rating: 1025 &rarr; <strong>1063<\/strong><br \/>(+38 for winning)\n|l|\u2606Treetoe\n","uploadtime":1701184763,"views":2,"p1id":"treetoe","p2id":"themelmetalguy","formatid":"gen9ou","rating":1021,"private":0,"password":""}