{"id":"gen9ou-1996443528","p1":"PLAYB0I R0BBIE B","p2":"vontebmf1","format":"[Gen 9] OU","log":"|j|\u2606PLAYB0I R0BBIE B\n|j|\u2606vontebmf1\n|t:|1700682528\n|gametype|singles\n|player|p1|PLAYB0I R0BBIE B|eusine|1417\n|player|p2|vontebmf1|worker|1529\n|teamsize|p1|6\n|teamsize|p2|6\n|gen|9\n|tier|[Gen 9] OU\n|rated|\n|rule|Sleep Clause Mod: Limit one foe put to sleep\n|rule|Species Clause: Limit one of each Pok\u00e9mon\n|rule|OHKO Clause: OHKO moves are banned\n|rule|Evasion Items Clause: Evasion items are banned\n|rule|Evasion Moves Clause: Evasion moves are banned\n|rule|Endless Battle Clause: Forcing endless battles is banned\n|rule|HP Percentage Mod: HP is shown in percentages\n|clearpoke\n|poke|p1|Zapdos|\n|poke|p1|Volcanion|\n|poke|p1|Great Tusk|\n|poke|p1|Hoopa-Unbound|\n|poke|p1|Dragapult, F|\n|poke|p1|Garganacl, F|\n|poke|p2|Sinistcha-Masterpiece|\n|poke|p2|Cinderace, M|\n|poke|p2|Samurott-Hisui, M|\n|poke|p2|Scizor, M|\n|poke|p2|Zapdos|\n|poke|p2|Dragapult, M|\n|teampreview\n|\n|t:|1700682536\n|start\n|switch|p1a: Zapdos|Zapdos|100\/100\n|switch|p2a: Samurott|Samurott-Hisui, M|100\/100\n|turn|1\n|\n|t:|1700682540\n|move|p1a: Zapdos|Volt Switch|p2a: Samurott\n|-supereffective|p2a: Samurott\n|-damage|p2a: Samurott|63\/100\n|inactive|Battle timer is ON: inactive players will automatically lose when time's up. (requested by vontebmf1)\n|\n|t:|1700682553\n|switch|p1a: Volcanion|Volcanion|100\/100|[from] Volt Switch\n|move|p2a: Samurott|Ceaseless Edge|p1a: Volcanion\n|-damage|p1a: Volcanion|64\/100\n|-sidestart|p1: PLAYB0I R0BBIE B|Spikes\n|\n|upkeep\n|turn|2\n|\n|t:|1700682558\n|move|p1a: Volcanion|Steam Eruption|p2a: Samurott\n|-resisted|p2a: Samurott\n|-damage|p2a: Samurott|41\/100\n|move|p2a: Samurott|Ceaseless Edge|p1a: Volcanion|[miss]\n|-miss|p2a: Samurott|p1a: Volcanion\n|\n|upkeep\n|turn|3\n|\n|t:|1700682564\n|move|p1a: Volcanion|Earth Power|p2a: Samurott\n|-damage|p2a: Samurott|19\/100\n|move|p2a: Samurott|Ceaseless Edge|p1a: Volcanion\n|-damage|p1a: Volcanion|22\/100\n|-sidestart|p1: PLAYB0I R0BBIE B|Spikes\n|\n|upkeep\n|turn|4\n|\n|t:|1700682570\n|move|p2a: Samurott|Ceaseless Edge|p1a: Volcanion\n|-damage|p1a: Volcanion|0 fnt\n|-sidestart|p1: PLAYB0I R0BBIE B|Spikes\n|faint|p1a: Volcanion\n|\n|upkeep\n|\n|t:|1700682576\n|switch|p1a: Great Tusk|Great Tusk|100\/100\n|turn|5\n|\n|t:|1700682582\n|switch|p2a: Sinistcha|Sinistcha-Masterpiece|100\/100\n|move|p1a: Great Tusk|Ice Spinner|p2a: Sinistcha\n|-supereffective|p2a: Sinistcha\n|-damage|p2a: Sinistcha|59\/100\n|\n|upkeep\n|turn|6\n|\n|t:|1700682587\n|-end|p1a: Great Tusk|Protosynthesis|[silent]\n|switch|p1a: Zapdos|Zapdos|100\/100\n|move|p2a: Sinistcha|Strength Sap|p1a: Zapdos\n|-unboost|p1a: Zapdos|atk|1\n|-heal|p2a: Sinistcha|100\/100\n|\n|upkeep\n|turn|7\n|\n|t:|1700682603\n|move|p1a: Zapdos|Hurricane|p2a: Sinistcha\n|-supereffective|p2a: Sinistcha\n|-damage|p2a: Sinistcha|0 fnt\n|faint|p2a: Sinistcha\n|\n|upkeep\n|inactive|vontebmf1 has 120 seconds left.\n|\n|t:|1700682629\n|switch|p2a: Dragapult|Dragapult, M|100\/100\n|turn|8\n|\n|t:|1700682635\n|switch|p1a: Garganacl|Garganacl, F|100\/100\n|-damage|p1a: Garganacl|75\/100|[from] Spikes\n|-terastallize|p2a: Dragapult|Dragon\n|move|p2a: Dragapult|Draco Meteor|p1a: Garganacl\n|-damage|p1a: Garganacl|0 fnt\n|-unboost|p2a: Dragapult|spa|2\n|faint|p1a: Garganacl\n|\n|upkeep\n|\n|t:|1700682643\n|switch|p1a: Great Tusk|Great Tusk|100\/100\n|turn|9\n|\n|t:|1700682646\n|move|p2a: Dragapult|Draco Meteor|p1a: Great Tusk\n|-damage|p1a: Great Tusk|14\/100\n|-unboost|p2a: Dragapult|spa|2\n|move|p1a: Great Tusk|Rapid Spin|p2a: Dragapult\n|-damage|p2a: Dragapult|77\/100\n|-boost|p1a: Great Tusk|spe|1\n|-sideend|p1: PLAYB0I R0BBIE B|Spikes|[from] move: Rapid Spin|[of] p1a: Great Tusk\n|\n|upkeep\n|turn|10\n|\n|t:|1700682652\n|switch|p2a: Samurott|Samurott-Hisui, M|19\/100\n|move|p1a: Great Tusk|Close Combat|p2a: Samurott\n|-supereffective|p2a: Samurott\n|-damage|p2a: Samurott|0 fnt\n|-unboost|p1a: Great Tusk|def|1\n|-unboost|p1a: Great Tusk|spd|1\n|faint|p2a: Samurott\n|\n|upkeep\n|\n|t:|1700682656\n|switch|p2a: Scizor|Scizor, M|100\/100\n|turn|11\n|\n|t:|1700682660\n|-end|p1a: Great Tusk|Protosynthesis|[silent]\n|switch|p1a: Zapdos|Zapdos|100\/100\n|move|p2a: Scizor|Bullet Punch|p1a: Zapdos\n|-resisted|p1a: Zapdos\n|-damage|p1a: Zapdos|80\/100\n|-damage|p2a: Scizor|91\/100|[from] item: Life Orb\n|\n|upkeep\n|turn|12\n|\n|t:|1700682666\n|switch|p2a: Zapdos|Zapdos|100\/100\n|move|p1a: Zapdos|Thunder Wave|p2a: Zapdos\n|-immune|p2a: Zapdos\n|\n|upkeep\n|turn|13\n|\n|t:|1700682672\n|move|p1a: Zapdos|Volt Switch|p2a: Zapdos\n|-damage|p2a: Zapdos|73\/100\n|\n|t:|1700682676\n|switch|p1a: Dragapult|Dragapult, F|100\/100|[from] Volt Switch\n|move|p2a: Zapdos|U-turn|p1a: Dragapult\n|-resisted|p1a: Dragapult\n|-damage|p1a: Dragapult|92\/100\n|\n|t:|1700682686\n|switch|p2a: Cinderace|Cinderace, M|100\/100|[from] U-turn\n|\n|upkeep\n|turn|14\n|\n|t:|1700682693\n|move|p1a: Dragapult|Draco Meteor|p2a: Cinderace|[miss]\n|-miss|p1a: Dragapult|p2a: Cinderace\n|move|p2a: Cinderace|Pyro Ball|p1a: Dragapult\n|-resisted|p1a: Dragapult\n|-damage|p1a: Dragapult|53\/100\n|\n|upkeep\n|turn|15\n|\n|t:|1700682697\n|switch|p2a: Scizor|Scizor, M|91\/100\n|move|p1a: Dragapult|Draco Meteor|p2a: Scizor\n|-resisted|p2a: Scizor\n|-damage|p2a: Scizor|43\/100\n|-unboost|p1a: Dragapult|spa|2\n|\n|upkeep\n|turn|16\n|\n|t:|1700682701\n|switch|p1a: Zapdos|Zapdos|80\/100\n|move|p2a: Scizor|U-turn|p1a: Zapdos\n|-resisted|p1a: Zapdos\n|-damage|p1a: Zapdos|55\/100\n|-status|p2a: Scizor|par|[from] ability: Static|[of] p1a: Zapdos\n|-damage|p2a: Scizor|33\/100 par|[from] item: Life Orb\n|\n|t:|1700682704\n|switch|p2a: Dragapult|Dragapult, M, tera:Dragon|77\/100|[from] U-turn\n|\n|upkeep\n|turn|17\n|\n|t:|1700682715\n|-terastallize|p1a: Zapdos|Steel\n|move|p2a: Dragapult|Shadow Ball|p1a: Zapdos\n|-damage|p1a: Zapdos|2\/100\n|move|p1a: Zapdos|Thunder Wave|p2a: Dragapult\n|-status|p2a: Dragapult|par\n|\n|upkeep\n|turn|18\n|\n|t:|1700682732\n|switch|p1a: Great Tusk|Great Tusk|14\/100\n|move|p2a: Dragapult|Shadow Ball|p1a: Great Tusk\n|-damage|p1a: Great Tusk|0 fnt\n|faint|p1a: Great Tusk\n|-end|p1a: Great Tusk|Protosynthesis|[silent]\n|\n|upkeep\n|\n|t:|1700682734\n|switch|p1a: Hoopa|Hoopa-Unbound|100\/100\n|turn|19\n|\n|t:|1700682741\n|move|p1a: Hoopa|Hyperspace Fury|p2a: Dragapult\n|-damage|p2a: Dragapult|0 fnt\n|-unboost|p1a: Hoopa|def|1\n|faint|p2a: Dragapult\n|\n|upkeep\n|\n|t:|1700682747\n|switch|p2a: Cinderace|Cinderace, M|100\/100\n|turn|20\n|\n|t:|1700682750\n|switch|p1a: Zapdos|Zapdos, tera:Steel|2\/100\n|move|p2a: Cinderace|U-turn|p1a: Zapdos\n|-start|p2a: Cinderace|typechange|Bug|[from] ability: Libero\n|-resisted|p1a: Zapdos\n|-damage|p1a: Zapdos|0 fnt\n|faint|p1a: Zapdos\n|\n|t:|1700682757\n|switch|p2a: Zapdos|Zapdos|73\/100|[from] U-turn\n|\n|upkeep\n|\n|t:|1700682760\n|switch|p1a: Dragapult|Dragapult, F|53\/100\n|turn|21\n|\n|t:|1700682763\n|move|p1a: Dragapult|Shadow Ball|p2a: Zapdos\n|-damage|p2a: Zapdos|23\/100\n|move|p2a: Zapdos|Hurricane|p1a: Dragapult|[miss]\n|-miss|p2a: Zapdos|p1a: Dragapult\n|\n|upkeep\n|turn|22\n|\n|t:|1700682770\n|move|p1a: Dragapult|Shadow Ball|p2a: Zapdos\n|-damage|p2a: Zapdos|0 fnt\n|faint|p2a: Zapdos\n|\n|upkeep\n|\n|t:|1700682771\n|switch|p2a: Cinderace|Cinderace, M|100\/100\n|turn|23\n|\n|t:|1700682781\n|move|p1a: Dragapult|Shadow Ball|p2a: Cinderace\n|-damage|p2a: Cinderace|28\/100\n|move|p2a: Cinderace|Court Change||[still]\n|-start|p2a: Cinderace|typechange|Normal|[from] ability: Libero\n|-swapsideconditions\n|-fail|p2a: Cinderace\n|\n|upkeep\n|turn|24\n|\n|t:|1700682788\n|switch|p1a: Hoopa|Hoopa-Unbound|100\/100\n|move|p2a: Cinderace|Pyro Ball|p1a: Hoopa\n|-damage|p1a: Hoopa|33\/100\n|\n|upkeep\n|turn|25\n|\n|t:|1700682792\n|move|p2a: Cinderace|Pyro Ball|p1a: Hoopa|[miss]\n|-miss|p2a: Cinderace|p1a: Hoopa\n|move|p1a: Hoopa|Hyperspace Fury|p2a: Cinderace\n|-damage|p2a: Cinderace|0 fnt\n|-unboost|p1a: Hoopa|def|1\n|faint|p2a: Cinderace\n|\n|upkeep\n|\n|t:|1700682795\n|switch|p2a: Scizor|Scizor, M|33\/100 par\n|turn|26\n|\n|t:|1700682798\n|switch|p1a: Dragapult|Dragapult, F|53\/100\n|move|p2a: Scizor|Bullet Punch|p1a: Dragapult\n|-damage|p1a: Dragapult|0 fnt\n|faint|p1a: Dragapult\n|-damage|p2a: Scizor|23\/100 par|[from] item: Life Orb\n|\n|upkeep\n|\n|t:|1700682800\n|switch|p1a: Hoopa|Hoopa-Unbound|33\/100\n|turn|27\n|\n|t:|1700682801\n|move|p2a: Scizor|Bullet Punch|p1a: Hoopa\n|-damage|p1a: Hoopa|0 fnt\n|faint|p1a: Hoopa\n|-damage|p2a: Scizor|13\/100 par|[from] item: Life Orb\n|\n|win|vontebmf1\n|raw|PLAYB0I R0BBIE B's rating: 1417 &rarr; <strong>1403<\/strong><br \/>(-14 for losing)\n|raw|vontebmf1's rating: 1529 &rarr; <strong>1543<\/strong><br \/>(+14 for winning)\n|c|\u2606vontebmf1|gg\n|l|\u2606vontebmf1\n","uploadtime":1700682811,"views":0,"p1id":"playb0ir0bbieb","p2id":"vontebmf1","formatid":"gen9ou","rating":1403,"private":0,"password":""}