{"id":"gen9ou-2000027117","p1":"OUVT Zamorakism","p2":"ch1ck3n nu99ets","format":"[Gen 9] OU","log":"|j|\u2606OUVT Zamorakism\n|j|\u2606ch1ck3n nu99ets\n|t:|1701142942\n|gametype|singles\n|player|p1|OUVT Zamorakism|archer|1867\n|player|p2|ch1ck3n nu99ets|2|1892\n|teamsize|p1|6\n|teamsize|p2|6\n|gen|9\n|tier|[Gen 9] OU\n|rated|\n|rule|Sleep Clause Mod: Limit one foe put to sleep\n|rule|Species Clause: Limit one of each Pok\u00e9mon\n|rule|OHKO Clause: OHKO moves are banned\n|rule|Evasion Items Clause: Evasion items are banned\n|rule|Evasion Moves Clause: Evasion moves are banned\n|rule|Endless Battle Clause: Forcing endless battles is banned\n|rule|HP Percentage Mod: HP is shown in percentages\n|clearpoke\n|poke|p1|Amoonguss, F|\n|poke|p1|Alomomola, F|\n|poke|p1|Cinderace, M|\n|poke|p1|Ogerpon-Wellspring, F|\n|poke|p1|Dondozo, M|\n|poke|p1|Ting-Lu|\n|poke|p2|Clefable, M|\n|poke|p2|Gholdengo|\n|poke|p2|Clodsire, F|\n|poke|p2|Tornadus-Therian, M|\n|poke|p2|Dragonite, M|\n|poke|p2|Mandibuzz, F|\n|teampreview\n|inactive|Battle timer is ON: inactive players will automatically lose when time's up. (requested by ch1ck3n nu99ets)\n|c|\u2606OUVT Zamorakism|Again??\n|c|\u2606ch1ck3n nu99ets|not many 1800+ playing at this time\n|\n|t:|1701142974\n|start\n|switch|p1a: Amoonguss|Amoonguss, F|100\/100\n|switch|p2a: Mandibuzz|Mandibuzz, F|100\/100\n|turn|1\n|\n|t:|1701142981\n|switch|p2a: Gholdengo|Gholdengo|100\/100\n|switch|p1a: Alomomola|Alomomola, F|100\/100\n|\n|upkeep\n|turn|2\n|\n|t:|1701142988\n|switch|p2a: Tornadus|Tornadus-Therian, M|100\/100\n|switch|p1a: Ting-Lu|Ting-Lu|100\/100\n|-ability|p1a: Ting-Lu|Vessel of Ruin\n|\n|upkeep\n|turn|3\n|\n|t:|1701142995\n|move|p2a: Tornadus|Knock Off|p1a: Ting-Lu\n|-resisted|p1a: Ting-Lu\n|-damage|p1a: Ting-Lu|95\/100\n|-enditem|p1a: Ting-Lu|Leftovers|[from] move: Knock Off|[of] p2a: Tornadus\n|move|p1a: Ting-Lu|Stealth Rock|p2a: Tornadus\n|-sidestart|p2: ch1ck3n nu99ets|move: Stealth Rock\n|\n|upkeep\n|turn|4\n|\n|t:|1701143002\n|move|p2a: Tornadus|Bleakwind Storm|p1a: Ting-Lu|[miss]\n|-miss|p2a: Tornadus|p1a: Ting-Lu\n|move|p1a: Ting-Lu|Ruination|p2a: Tornadus|[miss]\n|-miss|p1a: Ting-Lu|p2a: Tornadus\n|\n|upkeep\n|turn|5\n|\n|t:|1701143005\n|move|p2a: Tornadus|Bleakwind Storm|p1a: Ting-Lu\n|-damage|p1a: Ting-Lu|74\/100\n|-unboost|p1a: Ting-Lu|spe|1\n|move|p1a: Ting-Lu|Ruination|p2a: Tornadus\n|-damage|p2a: Tornadus|51\/100\n|\n|upkeep\n|turn|6\n|j| xxCOALLAxx\n|\n|t:|1701143009\n|move|p2a: Tornadus|U-turn|p1a: Ting-Lu\n|-supereffective|p1a: Ting-Lu\n|-damage|p1a: Ting-Lu|60\/100\n|\n|t:|1701143011\n|switch|p2a: Clefable|Clefable, M|100\/100|[from] U-turn\n|move|p1a: Ting-Lu|Ruination|p2a: Clefable\n|-damage|p2a: Clefable|51\/100\n|\n|upkeep\n|turn|7\n|\n|t:|1701143023\n|switch|p1a: Amoonguss|Amoonguss, F|100\/100\n|move|p2a: Clefable|Moonlight|p2a: Clefable\n|-heal|p2a: Clefable|100\/100\n|\n|upkeep\n|turn|8\n|\n|t:|1701143028\n|switch|p2a: Gholdengo|Gholdengo|100\/100\n|move|p1a: Amoonguss|Spore|p2a: Gholdengo\n|-immune|p2a: Gholdengo|[from] ability: Good as Gold\n|\n|upkeep\n|turn|9\n|\n|t:|1701143032\n|switch|p1a: Ting-Lu|Ting-Lu|60\/100\n|-ability|p1a: Ting-Lu|Vessel of Ruin\n|move|p2a: Gholdengo|Make It Rain|p1a: Ting-Lu\n|-damage|p1a: Ting-Lu|35\/100\n|-unboost|p2a: Gholdengo|spa|1\n|\n|upkeep\n|turn|10\n|\n|t:|1701143038\n|switch|p2a: Tornadus|Tornadus-Therian, M|84\/100\n|move|p1a: Ting-Lu|Ruination|p2a: Tornadus\n|-damage|p2a: Tornadus|42\/100\n|\n|upkeep\n|turn|11\n|\n|t:|1701143043\n|move|p2a: Tornadus|U-turn|p1a: Ting-Lu\n|-supereffective|p1a: Ting-Lu\n|-damage|p1a: Ting-Lu|21\/100\n|\n|t:|1701143045\n|switch|p2a: Clefable|Clefable, M|100\/100|[from] U-turn\n|move|p1a: Ting-Lu|Ruination|p2a: Clefable\n|-damage|p2a: Clefable|51\/100\n|\n|upkeep\n|turn|12\n|\n|t:|1701143052\n|switch|p1a: Cinderace|Cinderace, M|100\/100\n|move|p2a: Clefable|Moonlight|p2a: Clefable\n|-heal|p2a: Clefable|100\/100\n|\n|upkeep\n|turn|13\n|\n|t:|1701143064\n|move|p1a: Cinderace|Pyro Ball|p2a: Clefable|[miss]\n|-miss|p1a: Cinderace|p2a: Clefable\n|move|p2a: Clefable|Thunder|p1a: Cinderace\n|-damage|p1a: Cinderace|33\/100\n|\n|upkeep\n|turn|14\n|j| VicBossMG\n|l| VicBossMG\n|inactive|OUVT Zamorakism has 120 seconds left.\n|\n|t:|1701143097\n|switch|p2a: Dragonite|Dragonite, M|100\/100\n|move|p1a: Cinderace|Pyro Ball|p2a: Dragonite\n|-resisted|p2a: Dragonite\n|-damage|p2a: Dragonite|81\/100\n|\n|upkeep\n|turn|15\n|j| VicBossMG\n|\n|t:|1701143109\n|switch|p1a: Alomomola|Alomomola, F|100\/100\n|move|p2a: Dragonite|Extreme Speed|p1a: Alomomola\n|-damage|p1a: Alomomola|80\/100\n|\n|-heal|p1a: Alomomola|86\/100|[from] item: Leftovers\n|upkeep\n|turn|16\n|\n|t:|1701143115\n|switch|p2a: Clefable|Clefable, M|100\/100\n|move|p1a: Alomomola|Wish|p1a: Alomomola\n|\n|-heal|p1a: Alomomola|92\/100|[from] item: Leftovers\n|upkeep\n|turn|17\n|\n|t:|1701143123\n|move|p2a: Clefable|Thunder|p1a: Alomomola|[miss]\n|-miss|p2a: Clefable|p1a: Alomomola\n|move|p1a: Alomomola|Flip Turn|p2a: Clefable\n|-damage|p2a: Clefable|81\/100\n|\n|t:|1701143128\n|switch|p1a: Ting-Lu|Ting-Lu|21\/100|[from] Flip Turn\n|-ability|p1a: Ting-Lu|Vessel of Ruin\n|\n|-heal|p1a: Ting-Lu|73\/100|[from] move: Wish|[wisher] Alomomola\n|upkeep\n|turn|18\n|\n|t:|1701143141\n|switch|p1a: Amoonguss|Amoonguss, F|100\/100\n|move|p2a: Clefable|Moonblast|p1a: Amoonguss\n|-resisted|p1a: Amoonguss\n|-damage|p1a: Amoonguss|77\/100\n|\n|-heal|p1a: Amoonguss|84\/100|[from] item: Leftovers\n|upkeep\n|turn|19\n|\n|t:|1701143148\n|switch|p2a: Gholdengo|Gholdengo|100\/100\n|move|p1a: Amoonguss|Spore|p2a: Gholdengo\n|-immune|p2a: Gholdengo|[from] ability: Good as Gold\n|\n|-heal|p1a: Amoonguss|90\/100|[from] item: Leftovers\n|upkeep\n|turn|20\n|\n|t:|1701143153\n|switch|p2a: Tornadus|Tornadus-Therian, M|75\/100\n|switch|p1a: Ting-Lu|Ting-Lu|73\/100\n|-ability|p1a: Ting-Lu|Vessel of Ruin\n|\n|upkeep\n|turn|21\n|\n|t:|1701143156\n|move|p2a: Tornadus|U-turn|p1a: Ting-Lu\n|-supereffective|p1a: Ting-Lu\n|-damage|p1a: Ting-Lu|56\/100\n|\n|t:|1701143159\n|switch|p2a: Mandibuzz|Mandibuzz, F|100\/100|[from] U-turn\n|move|p1a: Ting-Lu|Ruination|p2a: Mandibuzz\n|-damage|p2a: Mandibuzz|51\/100\n|\n|upkeep\n|turn|22\n|\n|t:|1701143168\n|switch|p1a: Amoonguss|Amoonguss, F|100\/100\n|move|p2a: Mandibuzz|Knock Off|p1a: Amoonguss\n|-damage|p1a: Amoonguss|82\/100\n|-enditem|p1a: Amoonguss|Leftovers|[from] move: Knock Off|[of] p2a: Mandibuzz\n|\n|upkeep\n|turn|23\n|\n|t:|1701143178\n|switch|p2a: Gholdengo|Gholdengo|100\/100\n|switch|p1a: Ogerpon|Ogerpon-Wellspring, F|100\/100\n|\n|upkeep\n|turn|24\n|\n|t:|1701143182\n|move|p1a: Ogerpon|Substitute|p1a: Ogerpon\n|-start|p1a: Ogerpon|Substitute\n|-damage|p1a: Ogerpon|76\/100\n|move|p2a: Gholdengo|Thunder Wave|p1a: Ogerpon|[miss]\n|-miss|p2a: Gholdengo|p1a: Ogerpon\n|\n|upkeep\n|turn|25\n|\n|t:|1701143187\n|-terastallize|p1a: Ogerpon|Water\n|detailschange|p1a: Ogerpon|Ogerpon-Wellspring-Tera, F, tera:Water\n|-ability|p1a: Ogerpon|Embody Aspect (Wellspring)|boost\n|-boost|p1a: Ogerpon|spd|1\n|move|p1a: Ogerpon|Swords Dance|p1a: Ogerpon\n|-boost|p1a: Ogerpon|atk|2\n|move|p2a: Gholdengo|Hex|p1a: Ogerpon\n|-activate|p1a: Ogerpon|move: Substitute|[damage]\n|\n|upkeep\n|turn|26\n|\n|t:|1701143196\n|move|p1a: Ogerpon|Ivy Cudgel|p2a: Gholdengo|[anim] Ivy Cudgel Water\n|-damage|p2a: Gholdengo|1\/100\n|move|p2a: Gholdengo|Hex|p1a: Ogerpon\n|-end|p1a: Ogerpon|Substitute\n|\n|upkeep\n|turn|27\n|\n|t:|1701143200\n|switch|p2a: Tornadus|Tornadus-Therian, M|100\/100\n|move|p1a: Ogerpon|Substitute|p1a: Ogerpon\n|-start|p1a: Ogerpon|Substitute\n|-damage|p1a: Ogerpon|51\/100\n|\n|upkeep\n|turn|28\n|\n|t:|1701143203\n|move|p2a: Tornadus|Bleakwind Storm|p1a: Ogerpon\n|-end|p1a: Ogerpon|Substitute\n|move|p1a: Ogerpon|Ivy Cudgel|p2a: Tornadus|[anim] Ivy Cudgel Water\n|-damage|p2a: Tornadus|0 fnt\n|faint|p2a: Tornadus\n|\n|upkeep\n|\n|t:|1701143207\n|switch|p2a: Dragonite|Dragonite, M|81\/100\n|turn|29\n|\n|t:|1701143212\n|switch|p1a: Alomomola|Alomomola, F|100\/100\n|move|p2a: Dragonite|Earthquake|p1a: Alomomola\n|-damage|p1a: Alomomola|74\/100\n|\n|-heal|p1a: Alomomola|80\/100|[from] item: Leftovers\n|upkeep\n|turn|30\n|\n|t:|1701143217\n|switch|p2a: Clodsire|Clodsire, F|100\/100\n|move|p1a: Alomomola|Wish|p1a: Alomomola\n|\n|-heal|p1a: Alomomola|86\/100|[from] item: Leftovers\n|upkeep\n|turn|31\n|\n|t:|1701143220\n|move|p1a: Alomomola|Flip Turn|p2a: Clodsire\n|-supereffective|p2a: Clodsire\n|-damage|p2a: Clodsire|67\/100\n|j| Plplk\n|\n|t:|1701143233\n|switch|p1a: Ting-Lu|Ting-Lu|56\/100|[from] Flip Turn\n|-ability|p1a: Ting-Lu|Vessel of Ruin\n|move|p2a: Clodsire|Stealth Rock|p1a: Ting-Lu\n|-sidestart|p1: OUVT Zamorakism|move: Stealth Rock\n|\n|-heal|p1a: Ting-Lu|100\/100|[from] move: Wish|[wisher] Alomomola\n|upkeep\n|turn|32\n|\n|t:|1701143239\n|switch|p2a: Mandibuzz|Mandibuzz, F|51\/100\n|move|p1a: Ting-Lu|Earthquake|p2a: Mandibuzz\n|-immune|p2a: Mandibuzz\n|\n|upkeep\n|turn|33\n|\n|t:|1701143242\n|switch|p1a: Amoonguss|Amoonguss, F|100\/100\n|-damage|p1a: Amoonguss|88\/100|[from] Stealth Rock\n|move|p2a: Mandibuzz|Roost|p2a: Mandibuzz\n|-heal|p2a: Mandibuzz|100\/100\n|-singleturn|p2a: Mandibuzz|move: Roost\n|\n|upkeep\n|turn|34\n|\n|t:|1701143249\n|switch|p2a: Clodsire|Clodsire, F|67\/100\n|move|p1a: Amoonguss|Giga Drain|p2a: Clodsire\n|-damage|p2a: Clodsire|56\/100\n|-heal|p1a: Amoonguss|94\/100|[from] drain|[of] p2a: Clodsire\n|\n|upkeep\n|turn|35\n|\n|t:|1701143252\n|switch|p2a: Gholdengo|Gholdengo|1\/100\n|move|p1a: Amoonguss|Spore|p2a: Gholdengo\n|-immune|p2a: Gholdengo|[from] ability: Good as Gold\n|\n|upkeep\n|turn|36\n|\n|t:|1701143267\n|move|p2a: Gholdengo|Recover|p2a: Gholdengo\n|-heal|p2a: Gholdengo|51\/100\n|move|p1a: Amoonguss|Giga Drain|p2a: Gholdengo\n|-resisted|p2a: Gholdengo\n|-damage|p2a: Gholdengo|40\/100\n|-heal|p1a: Amoonguss|99\/100|[from] drain|[of] p2a: Gholdengo\n|\n|upkeep\n|turn|37\n|\n|t:|1701143271\n|switch|p1a: Ting-Lu|Ting-Lu|100\/100\n|-damage|p1a: Ting-Lu|94\/100|[from] Stealth Rock\n|-ability|p1a: Ting-Lu|Vessel of Ruin\n|move|p2a: Gholdengo|Recover|p2a: Gholdengo\n|-heal|p2a: Gholdengo|90\/100\n|\n|upkeep\n|turn|38\n|\n|t:|1701143279\n|switch|p2a: Dragonite|Dragonite, M|81\/100\n|move|p1a: Ting-Lu|Ruination|p2a: Dragonite\n|-damage|p2a: Dragonite|41\/100\n|\n|upkeep\n|turn|39\n|\n|t:|1701143283\n|move|p2a: Dragonite|Roost|p2a: Dragonite\n|-heal|p2a: Dragonite|91\/100\n|-singleturn|p2a: Dragonite|move: Roost\n|move|p1a: Ting-Lu|Stone Edge|p2a: Dragonite\n|-damage|p2a: Dragonite|65\/100\n|\n|upkeep\n|turn|40\n|\n|t:|1701143290\n|switch|p2a: Mandibuzz|Mandibuzz, F|100\/100\n|move|p1a: Ting-Lu|Ruination|p2a: Mandibuzz\n|-damage|p2a: Mandibuzz|51\/100\n|\n|upkeep\n|turn|41\n|\n|t:|1701143293\n|switch|p1a: Amoonguss|Amoonguss, F|100\/100\n|-damage|p1a: Amoonguss|88\/100|[from] Stealth Rock\n|move|p2a: Mandibuzz|Roost|p2a: Mandibuzz\n|-heal|p2a: Mandibuzz|100\/100\n|-singleturn|p2a: Mandibuzz|move: Roost\n|\n|upkeep\n|turn|42\n|\n|t:|1701143297\n|switch|p2a: Gholdengo|Gholdengo|90\/100\n|switch|p1a: Alomomola|Alomomola, F|100\/100\n|-damage|p1a: Alomomola|88\/100|[from] Stealth Rock\n|\n|-heal|p1a: Alomomola|94\/100|[from] item: Leftovers\n|upkeep\n|turn|43\n|\n|t:|1701143308\n|switch|p2a: Mandibuzz|Mandibuzz, F|100\/100\n|move|p1a: Alomomola|Wish|p1a: Alomomola\n|\n|-heal|p1a: Alomomola|100\/100|[from] item: Leftovers\n|upkeep\n|turn|44\n|\n|t:|1701143335\n|switch|p1a: Amoonguss|Amoonguss, F|100\/100\n|-damage|p1a: Amoonguss|88\/100|[from] Stealth Rock\n|move|p2a: Mandibuzz|Toxic|p1a: Amoonguss\n|-immune|p1a: Amoonguss\n|\n|-heal|p1a: Amoonguss|100\/100|[from] move: Wish|[wisher] Alomomola\n|upkeep\n|turn|45\n|\n|t:|1701143345\n|switch|p2a: Gholdengo|Gholdengo|90\/100\n|switch|p1a: Alomomola|Alomomola, F|100\/100\n|-damage|p1a: Alomomola|88\/100|[from] Stealth Rock\n|\n|-heal|p1a: Alomomola|94\/100|[from] item: Leftovers\n|upkeep\n|turn|46\n|\n|t:|1701143348\n|switch|p2a: Mandibuzz|Mandibuzz, F|100\/100\n|move|p1a: Alomomola|Wish|p1a: Alomomola\n|\n|-heal|p1a: Alomomola|100\/100|[from] item: Leftovers\n|upkeep\n|turn|47\n|\n|t:|1701143361\n|switch|p1a: Amoonguss|Amoonguss, F|100\/100\n|-damage|p1a: Amoonguss|88\/100|[from] Stealth Rock\n|move|p2a: Mandibuzz|Foul Play|p1a: Amoonguss\n|-damage|p1a: Amoonguss|70\/100\n|\n|-heal|p1a: Amoonguss|100\/100|[from] move: Wish|[wisher] Alomomola\n|upkeep\n|turn|48\n|\n|t:|1701143364\n|switch|p2a: Gholdengo|Gholdengo|90\/100\n|move|p1a: Amoonguss|Toxic|p2a: Gholdengo\n|-immune|p2a: Gholdengo|[from] ability: Good as Gold\n|\n|upkeep\n|turn|49\n|\n|t:|1701143369\n|switch|p2a: Mandibuzz|Mandibuzz, F|100\/100\n|switch|p1a: Ting-Lu|Ting-Lu|94\/100\n|-damage|p1a: Ting-Lu|88\/100|[from] Stealth Rock\n|-ability|p1a: Ting-Lu|Vessel of Ruin\n|\n|upkeep\n|turn|50\n|\n|t:|1701143383\n|switch|p1a: Amoonguss|Amoonguss, F|100\/100\n|-damage|p1a: Amoonguss|88\/100|[from] Stealth Rock\n|move|p2a: Mandibuzz|Foul Play|p1a: Amoonguss\n|-damage|p1a: Amoonguss|70\/100\n|\n|upkeep\n|turn|51\n|\n|t:|1701143388\n|switch|p2a: Gholdengo|Gholdengo|90\/100\n|switch|p1a: Alomomola|Alomomola, F|100\/100\n|-damage|p1a: Alomomola|88\/100|[from] Stealth Rock\n|\n|-heal|p1a: Alomomola|94\/100|[from] item: Leftovers\n|upkeep\n|turn|52\n|\n|t:|1701143394\n|switch|p2a: Mandibuzz|Mandibuzz, F|100\/100\n|move|p1a: Alomomola|Wish|p1a: Alomomola\n|\n|-heal|p1a: Alomomola|100\/100|[from] item: Leftovers\n|upkeep\n|turn|53\n|\n|t:|1701143402\n|move|p2a: Mandibuzz|Toxic|p1a: Alomomola\n|-status|p1a: Alomomola|tox\n|move|p1a: Alomomola|Flip Turn|p2a: Mandibuzz\n|-damage|p2a: Mandibuzz|90\/100\n|\n|t:|1701143406\n|switch|p1a: Ogerpon|Ogerpon-Wellspring-Tera, F, tera:Water|51\/100|[from] Flip Turn\n|-damage|p1a: Ogerpon|39\/100|[from] Stealth Rock\n|-ability|p1a: Ogerpon|Embody Aspect (Wellspring)|boost\n|-boost|p1a: Ogerpon|spd|1\n|\n|-heal|p1a: Ogerpon|100\/100|[from] move: Wish|[wisher] Alomomola\n|upkeep\n|turn|54\n|\n|t:|1701143412\n|switch|p1a: Amoonguss|Amoonguss, F|100\/100\n|-damage|p1a: Amoonguss|88\/100|[from] Stealth Rock\n|move|p2a: Mandibuzz|Foul Play|p1a: Amoonguss\n|-damage|p1a: Amoonguss|71\/100\n|\n|upkeep\n|turn|55\n|\n|t:|1701143416\n|switch|p1a: Ogerpon|Ogerpon-Wellspring-Tera, F, tera:Water|100\/100\n|-damage|p1a: Ogerpon|88\/100|[from] Stealth Rock\n|-ability|p1a: Ogerpon|Embody Aspect (Wellspring)|boost\n|-boost|p1a: Ogerpon|spd|1\n|move|p2a: Mandibuzz|Toxic|p1a: Ogerpon\n|-status|p1a: Ogerpon|tox\n|\n|-damage|p1a: Ogerpon|82\/100 tox|[from] psn\n|upkeep\n|turn|56\n|c|\u2606OUVT Zamorakism|How?\n|c|\u2606ch1ck3n nu99ets|dunno we both been doubling a lot\n|inactive|OUVT Zamorakism has 120 seconds left.\n|j| Cra3k\n|\n|t:|1701143458\n|switch|p1a: Alomomola|Alomomola, F|100\/100 tox\n|-damage|p1a: Alomomola|88\/100 tox|[from] Stealth Rock\n|move|p2a: Mandibuzz|Foul Play|p1a: Alomomola\n|-damage|p1a: Alomomola|70\/100 tox\n|\n|-heal|p1a: Alomomola|76\/100 tox|[from] item: Leftovers\n|-damage|p1a: Alomomola|70\/100 tox|[from] psn\n|upkeep\n|turn|57\n|l| Cra3k\n|j| Cra3k\n|\n|t:|1701143463\n|move|p2a: Mandibuzz|Knock Off|p1a: Alomomola\n|-damage|p1a: Alomomola|55\/100 tox\n|-enditem|p1a: Alomomola|Leftovers|[from] move: Knock Off|[of] p2a: Mandibuzz\n|move|p1a: Alomomola|Flip Turn|p2a: Mandibuzz\n|-damage|p2a: Mandibuzz|80\/100\n|inactive|OUVT Zamorakism has 120 seconds left.\n|\n|t:|1701143468\n|switch|p1a: Amoonguss|Amoonguss, F|100\/100|[from] Flip Turn\n|-damage|p1a: Amoonguss|88\/100|[from] Stealth Rock\n|\n|upkeep\n|turn|58\n|\n|t:|1701143473\n|switch|p2a: Gholdengo|Gholdengo|90\/100\n|switch|p1a: Cinderace|Cinderace, M|33\/100\n|\n|upkeep\n|turn|59\n|\n|t:|1701143487\n|move|p1a: Cinderace|Pyro Ball|p2a: Gholdengo\n|-supereffective|p2a: Gholdengo\n|-damage|p2a: Gholdengo|0 fnt\n|faint|p2a: Gholdengo\n|\n|upkeep\n|\n|t:|1701143500\n|switch|p2a: Dragonite|Dragonite, M|65\/100\n|turn|60\n|\n|t:|1701143504\n|switch|p1a: Dondozo|Dondozo, M|100\/100\n|-damage|p1a: Dondozo|88\/100|[from] Stealth Rock\n|move|p2a: Dragonite|Roost|p2a: Dragonite\n|-heal|p2a: Dragonite|100\/100\n|-singleturn|p2a: Dragonite|move: Roost\n|\n|-heal|p1a: Dondozo|94\/100|[from] item: Leftovers\n|upkeep\n|turn|61\n|l| VicBossMG\n|\n|t:|1701143512\n|switch|p2a: Mandibuzz|Mandibuzz, F|80\/100\n|switch|p1a: Amoonguss|Amoonguss, F|100\/100\n|-damage|p1a: Amoonguss|88\/100|[from] Stealth Rock\n|\n|upkeep\n|turn|62\n|\n|t:|1701143520\n|switch|p2a: Clefable|Clefable, M|81\/100\n|move|p1a: Amoonguss|Spore|p2a: Clefable\n|-status|p2a: Clefable|slp|[from] move: Spore\n|\n|upkeep\n|turn|63\n|\n|t:|1701143531\n|switch|p2a: Clodsire|Clodsire, F|56\/100\n|switch|p1a: Ogerpon|Ogerpon-Wellspring-Tera, F, tera:Water|82\/100 tox\n|-damage|p1a: Ogerpon|70\/100 tox|[from] Stealth Rock\n|-ability|p1a: Ogerpon|Embody Aspect (Wellspring)|boost\n|-boost|p1a: Ogerpon|spd|1\n|\n|-damage|p1a: Ogerpon|64\/100 tox|[from] psn\n|upkeep\n|turn|64\n|\n|t:|1701143536\n|switch|p2a: Dragonite|Dragonite, M|100\/100\n|move|p1a: Ogerpon|Ivy Cudgel|p2a: Dragonite|[anim] Ivy Cudgel Water\n|-resisted|p2a: Dragonite\n|-damage|p2a: Dragonite|80\/100\n|\n|-damage|p1a: Ogerpon|52\/100 tox|[from] psn\n|upkeep\n|turn|65\n|\n|t:|1701143544\n|switch|p1a: Alomomola|Alomomola, F|88\/100 tox\n|-damage|p1a: Alomomola|75\/100 tox|[from] Stealth Rock\n|switch|p2a: Clefable|Clefable, M|81\/100 slp\n|\n|-damage|p1a: Alomomola|69\/100 tox|[from] psn\n|upkeep\n|turn|66\n|\n|t:|1701143548\n|cant|p2a: Clefable|slp\n|move|p1a: Alomomola|Flip Turn|p2a: Clefable\n|-damage|p2a: Clefable|58\/100 slp\n|\n|t:|1701143560\n|switch|p1a: Cinderace|Cinderace, M|33\/100|[from] Flip Turn\n|\n|upkeep\n|turn|67\n|\n|t:|1701143563\n|-terastallize|p2a: Clefable|Fire\n|move|p1a: Cinderace|Pyro Ball|p2a: Clefable\n|-resisted|p2a: Clefable\n|-damage|p2a: Clefable|4\/100 slp\n|cant|p2a: Clefable|slp\n|\n|upkeep\n|turn|68\n|\n|t:|1701143570\n|switch|p2a: Dragonite|Dragonite, M|80\/100\n|move|p1a: Cinderace|Pyro Ball|p2a: Dragonite\n|-resisted|p2a: Dragonite\n|-damage|p2a: Dragonite|40\/100\n|\n|upkeep\n|turn|69\n|\n|t:|1701143577\n|switch|p1a: Alomomola|Alomomola, F|100\/100 tox\n|-damage|p1a: Alomomola|88\/100 tox|[from] Stealth Rock\n|move|p2a: Dragonite|Extreme Speed|p1a: Alomomola\n|-damage|p1a: Alomomola|67\/100 tox\n|\n|-damage|p1a: Alomomola|61\/100 tox|[from] psn\n|upkeep\n|turn|70\n|j| VicBossMG\n|l| VicBossMG\n|\n|t:|1701143586\n|move|p2a: Dragonite|Roost|p2a: Dragonite\n|-heal|p2a: Dragonite|90\/100\n|-singleturn|p2a: Dragonite|move: Roost\n|move|p1a: Alomomola|Flip Turn|p2a: Dragonite\n|-resisted|p2a: Dragonite\n|-damage|p2a: Dragonite|82\/100\n|\n|t:|1701143589\n|switch|p1a: Amoonguss|Amoonguss, F|100\/100|[from] Flip Turn\n|-damage|p1a: Amoonguss|88\/100|[from] Stealth Rock\n|\n|upkeep\n|turn|71\n|\n|t:|1701143603\n|switch|p2a: Clodsire|Clodsire, F|56\/100\n|move|p1a: Amoonguss|Giga Drain|p2a: Clodsire\n|-damage|p2a: Clodsire|43\/100\n|-heal|p1a: Amoonguss|95\/100|[from] drain|[of] p2a: Clodsire\n|\n|upkeep\n|turn|72\n|\n|t:|1701143612\n|switch|p1a: Alomomola|Alomomola, F|94\/100 tox\n|-damage|p1a: Alomomola|81\/100 tox|[from] Stealth Rock\n|move|p2a: Clodsire|Recover|p2a: Clodsire\n|-heal|p2a: Clodsire|93\/100\n|\n|-damage|p1a: Alomomola|75\/100 tox|[from] psn\n|upkeep\n|turn|73\n|l| Cra3k\n|\n|t:|1701143624\n|switch|p2a: Mandibuzz|Mandibuzz, F|80\/100\n|move|p1a: Alomomola|Wish|p1a: Alomomola\n|\n|-damage|p1a: Alomomola|63\/100 tox|[from] psn\n|upkeep\n|turn|74\n|\n|t:|1701143631\n|move|p2a: Mandibuzz|Foul Play|p1a: Alomomola\n|-damage|p1a: Alomomola|45\/100 tox\n|move|p1a: Alomomola|Flip Turn|p2a: Mandibuzz\n|-damage|p2a: Mandibuzz|71\/100\n|\n|t:|1701143634\n|switch|p1a: Ogerpon|Ogerpon-Wellspring-Tera, F, tera:Water|52\/100 tox|[from] Flip Turn\n|-damage|p1a: Ogerpon|40\/100 tox|[from] Stealth Rock\n|-ability|p1a: Ogerpon|Embody Aspect (Wellspring)|boost\n|-boost|p1a: Ogerpon|spd|1\n|\n|-heal|p1a: Ogerpon|100\/100 tox|[from] move: Wish|[wisher] Alomomola\n|-damage|p1a: Ogerpon|95\/100 tox|[from] psn\n|upkeep\n|turn|75\n|\n|t:|1701143642\n|switch|p1a: Amoonguss|Amoonguss, F|100\/100\n|-damage|p1a: Amoonguss|88\/100|[from] Stealth Rock\n|switch|p2a: Clefable|Clefable, M, tera:Fire|4\/100 slp\n|\n|upkeep\n|turn|76\n|\n|t:|1701143649\n|-curestatus|p2a: Clefable|slp|[msg]\n|move|p2a: Clefable|Flamethrower|p1a: Amoonguss\n|-supereffective|p1a: Amoonguss\n|-damage|p1a: Amoonguss|3\/100\n|move|p1a: Amoonguss|Clear Smog|p2a: Clefable\n|-damage|p2a: Clefable|0 fnt\n|-clearboost|p2a: Clefable\n|faint|p2a: Clefable\n|\n|upkeep\n|c|\u2606ch1ck3n nu99ets|gg\n|-message|ch1ck3n nu99ets forfeited.\n|\n|win|OUVT Zamorakism\n|raw|OUVT Zamorakism's rating: 1867 &rarr; <strong>1888<\/strong><br \/>(+21 for winning)\n|raw|ch1ck3n nu99ets's rating: 1892 &rarr; <strong>1871<\/strong><br \/>(-21 for losing)\n|l|\u2606ch1ck3n nu99ets\n|l|ouvtzamorakism\n|l| Plplk\n|j| Zamorak Godsword\n|l| Zamorak Godsword\n","uploadtime":1701143862,"views":3,"p1id":"ouvtzamorakism","p2id":"ch1ck3nnu99ets","formatid":"gen9ou","rating":1871,"private":0,"password":""}