{"id":"gen9ou-1990933349","p1":"Drake115","p2":"aurorauraurora","format":"[Gen 9] OU","log":"|j|\u2606Drake115\n|j|\u2606aurorauraurora\n|t:|1700016740\n|gametype|singles\n|player|p1|Drake115|gambler|1409\n|player|p2|aurorauraurora|clair|1345\n|teamsize|p1|6\n|teamsize|p2|6\n|gen|9\n|tier|[Gen 9] OU\n|rated|\n|rule|Sleep Clause Mod: Limit one foe put to sleep\n|rule|Species Clause: Limit one of each Pok\u00e9mon\n|rule|OHKO Clause: OHKO moves are banned\n|rule|Evasion Items Clause: Evasion items are banned\n|rule|Evasion Moves Clause: Evasion moves are banned\n|rule|Endless Battle Clause: Forcing endless battles is banned\n|rule|HP Percentage Mod: HP is shown in percentages\n|clearpoke\n|poke|p1|Meowscarada, F|\n|poke|p1|Skeledirge, M|\n|poke|p1|Zamazenta-*|\n|poke|p1|Corviknight, M|\n|poke|p1|Walking Wake|\n|poke|p1|Glimmora, M|\n|poke|p2|Slowking-Galar, F|\n|poke|p2|Glastrier|\n|poke|p2|Corviknight, F|\n|poke|p2|Ting-Lu|\n|poke|p2|Ogerpon-Wellspring, F|\n|poke|p2|Iron Moth|\n|teampreview\n|inactive|Battle timer is ON: inactive players will automatically lose when time's up. (requested by aurorauraurora)\n|\n|t:|1700016749\n|start\n|switch|p1a: Meowscarada|Meowscarada, F, shiny|100\/100\n|switch|p2a: Ting-Lu|Ting-Lu|100\/100\n|-ability|p2a: Ting-Lu|Vessel of Ruin\n|turn|1\n|\n|t:|1700016754\n|switch|p2a: Corviknight|Corviknight, F|100\/100\n|-ability|p2a: Corviknight|Pressure\n|move|p1a: Meowscarada|Trick|p2a: Corviknight\n|-start|p1a: Meowscarada|typechange|Psychic|[from] ability: Protean\n|-activate|p1a: Meowscarada|move: Trick|[of] p2a: Corviknight\n|-item|p2a: Corviknight|Choice Scarf|[from] move: Trick\n|-item|p1a: Meowscarada|Rocky Helmet|[from] move: Trick\n|\n|upkeep\n|turn|2\n|\n|t:|1700016761\n|move|p1a: Meowscarada|U-turn|p2a: Corviknight\n|-resisted|p2a: Corviknight\n|-damage|p2a: Corviknight|97\/100\n|\n|t:|1700016775\n|switch|p1a: Corviknight|Corviknight, M, shiny|100\/100|[from] U-turn\n|-ability|p1a: Corviknight|Pressure\n|move|p2a: Corviknight|U-turn|p1a: Corviknight\n|-resisted|p1a: Corviknight\n|-damage|p1a: Corviknight|98\/100\n|-damage|p2a: Corviknight|81\/100|[from] item: Rocky Helmet|[of] p1a: Corviknight\n|\n|t:|1700016780\n|switch|p2a: Iron Moth|Iron Moth|100\/100|[from] U-turn\n|-enditem|p2a: Iron Moth|Booster Energy\n|-activate|p2a: Iron Moth|ability: Quark Drive|[fromitem]\n|-start|p2a: Iron Moth|quarkdrivespe\n|\n|upkeep\n|turn|3\n|\n|t:|1700016791\n|-end|p2a: Iron Moth|Quark Drive|[silent]\n|switch|p2a: Ogerpon|Ogerpon-Wellspring, F|100\/100\n|move|p1a: Corviknight|Brave Bird|p2a: Ogerpon\n|-supereffective|p2a: Ogerpon\n|-damage|p2a: Ogerpon|6\/100\n|-damage|p1a: Corviknight|74\/100|[from] Recoil\n|\n|upkeep\n|turn|4\n|\n|t:|1700016802\n|move|p2a: Ogerpon|Ivy Cudgel|p1a: Corviknight|[anim] Ivy Cudgel Water\n|-damage|p1a: Corviknight|22\/100\n|move|p1a: Corviknight|U-turn|p2a: Ogerpon\n|-supereffective|p2a: Ogerpon\n|-damage|p2a: Ogerpon|0 fnt\n|faint|p2a: Ogerpon\n|\n|t:|1700016820\n|switch|p1a: Glimmora|Glimmora, M|100\/100|[from] U-turn\n|\n|upkeep\n|\n|t:|1700016833\n|switch|p2a: Ting-Lu|Ting-Lu|100\/100\n|-ability|p2a: Ting-Lu|Vessel of Ruin\n|turn|5\n|\n|t:|1700016840\n|switch|p1a: Corviknight|Corviknight, M, shiny|22\/100\n|-ability|p1a: Corviknight|Pressure\n|move|p2a: Ting-Lu|Ruination|p1a: Corviknight\n|-damage|p1a: Corviknight|11\/100\n|\n|upkeep\n|turn|6\n|\n|t:|1700016846\n|move|p1a: Corviknight|Roost|p1a: Corviknight\n|-heal|p1a: Corviknight|61\/100\n|-singleturn|p1a: Corviknight|move: Roost\n|move|p2a: Ting-Lu|Spikes|p1a: Corviknight\n|-sidestart|p1: Drake115|Spikes\n|\n|upkeep\n|turn|7\n|\n|t:|1700016849\n|move|p1a: Corviknight|Roost|p1a: Corviknight\n|-heal|p1a: Corviknight|100\/100\n|-singleturn|p1a: Corviknight|move: Roost\n|move|p2a: Ting-Lu|Spikes|p1a: Corviknight\n|-sidestart|p1: Drake115|Spikes\n|\n|upkeep\n|turn|8\n|\n|t:|1700016854\n|move|p1a: Corviknight|Defog|p2a: Ting-Lu\n|-unboost|p2a: Ting-Lu|evasion|1\n|-sideend|p1: Drake115|Spikes|[from] move: Defog|[of] p1a: Corviknight\n|move|p2a: Ting-Lu|Ruination|p1a: Corviknight|[miss]\n|-miss|p2a: Ting-Lu|p1a: Corviknight\n|\n|upkeep\n|turn|9\n|\n|t:|1700016861\n|move|p1a: Corviknight|U-turn|p2a: Ting-Lu\n|-supereffective|p2a: Ting-Lu\n|-damage|p2a: Ting-Lu|85\/100\n|\n|t:|1700016869\n|switch|p1a: Glimmora|Glimmora, M|100\/100|[from] U-turn\n|move|p2a: Ting-Lu|Spikes|p1a: Glimmora\n|-sidestart|p1: Drake115|Spikes\n|\n|-heal|p2a: Ting-Lu|91\/100|[from] item: Leftovers\n|upkeep\n|turn|10\n|\n|t:|1700016874\n|switch|p1a: Zamazenta|Zamazenta|100\/100\n|-damage|p1a: Zamazenta|88\/100|[from] Spikes\n|-ability|p1a: Zamazenta|Dauntless Shield|boost\n|-boost|p1a: Zamazenta|def|1\n|move|p2a: Ting-Lu|Earthquake|p1a: Zamazenta\n|-damage|p1a: Zamazenta|70\/100\n|\n|-heal|p1a: Zamazenta|76\/100|[from] item: Leftovers\n|-heal|p2a: Ting-Lu|97\/100|[from] item: Leftovers\n|upkeep\n|turn|11\n|\n|t:|1700016879\n|move|p1a: Zamazenta|Substitute|p1a: Zamazenta\n|-start|p1a: Zamazenta|Substitute\n|-damage|p1a: Zamazenta|51\/100\n|move|p2a: Ting-Lu|Whirlwind|p1a: Zamazenta\n|drag|p1a: Corviknight|Corviknight, M, shiny|100\/100\n|-ability|p1a: Corviknight|Pressure\n|\n|-heal|p2a: Ting-Lu|100\/100|[from] item: Leftovers\n|upkeep\n|turn|12\n|\n|t:|1700016884\n|move|p1a: Corviknight|Defog|p2a: Ting-Lu\n|-unboost|p2a: Ting-Lu|evasion|1\n|-sideend|p1: Drake115|Spikes|[from] move: Defog|[of] p1a: Corviknight\n|move|p2a: Ting-Lu|Whirlwind|p1a: Corviknight\n|drag|p1a: Zamazenta|Zamazenta|51\/100\n|\n|-heal|p1a: Zamazenta|57\/100|[from] item: Leftovers\n|upkeep\n|turn|13\n|\n|t:|1700016893\n|move|p1a: Zamazenta|Body Press|p2a: Ting-Lu\n|-supereffective|p2a: Ting-Lu\n|-damage|p2a: Ting-Lu|60\/100\n|move|p2a: Ting-Lu|Earthquake|p1a: Zamazenta\n|-damage|p1a: Zamazenta|29\/100\n|\n|-heal|p1a: Zamazenta|35\/100|[from] item: Leftovers\n|-heal|p2a: Ting-Lu|67\/100|[from] item: Leftovers\n|upkeep\n|turn|14\n|\n|t:|1700016899\n|switch|p2a: Slowking|Slowking-Galar, F|100\/100\n|move|p1a: Zamazenta|Body Press|p2a: Slowking\n|-resisted|p2a: Slowking\n|-damage|p2a: Slowking|91\/100\n|\n|-heal|p1a: Zamazenta|42\/100|[from] item: Leftovers\n|upkeep\n|turn|15\n|\n|t:|1700016905\n|move|p1a: Zamazenta|Substitute|p1a: Zamazenta\n|-start|p1a: Zamazenta|Substitute\n|-damage|p1a: Zamazenta|17\/100\n|move|p2a: Slowking|Thunder Wave||[still]\n|-fail|p2a: Slowking\n|\n|-heal|p1a: Zamazenta|23\/100|[from] item: Leftovers\n|upkeep\n|turn|16\n|\n|t:|1700016914\n|move|p1a: Zamazenta|Iron Defense|p1a: Zamazenta\n|-boost|p1a: Zamazenta|def|2\n|move|p2a: Slowking|Future Sight|p1a: Zamazenta\n|-start|p2a: Slowking|move: Future Sight\n|\n|-heal|p1a: Zamazenta|29\/100|[from] item: Leftovers\n|upkeep\n|turn|17\n|\n|t:|1700016919\n|move|p1a: Zamazenta|Heavy Slam|p2a: Slowking\n|-damage|p2a: Slowking|75\/100\n|move|p2a: Slowking|Sludge Bomb|p1a: Zamazenta\n|-end|p1a: Zamazenta|Substitute\n|\n|-heal|p1a: Zamazenta|35\/100|[from] item: Leftovers\n|upkeep\n|turn|18\n|\n|t:|1700016927\n|switch|p1a: Corviknight|Corviknight, M, shiny|100\/100\n|-ability|p1a: Corviknight|Pressure\n|move|p2a: Slowking|Sludge Bomb|p1a: Corviknight\n|-immune|p1a: Corviknight\n|\n|-end|p1a: Corviknight|move: Future Sight\n|-resisted|p1a: Corviknight\n|-damage|p1a: Corviknight|86\/100\n|upkeep\n|turn|19\n|\n|t:|1700016932\n|move|p1a: Corviknight|Brave Bird|p2a: Slowking\n|-damage|p2a: Slowking|39\/100\n|-damage|p1a: Corviknight|74\/100|[from] Recoil\n|move|p2a: Slowking|Thunder Wave|p1a: Corviknight\n|-status|p1a: Corviknight|par\n|\n|upkeep\n|turn|20\n|\n|t:|1700016941\n|switch|p2a: Corviknight|Corviknight, F|81\/100\n|-ability|p2a: Corviknight|Pressure\n|cant|p1a: Corviknight|par\n|\n|upkeep\n|turn|21\n|\n|t:|1700016948\n|move|p2a: Corviknight|Body Press|p1a: Corviknight\n|-damage|p1a: Corviknight|52\/100 par\n|-damage|p2a: Corviknight|64\/100|[from] item: Rocky Helmet|[of] p1a: Corviknight\n|move|p1a: Corviknight|U-turn|p2a: Corviknight\n|-resisted|p2a: Corviknight\n|-damage|p2a: Corviknight|62\/100\n|\n|t:|1700016965\n|switch|p1a: Meowscarada|Meowscarada, F, shiny|100\/100|[from] U-turn\n|\n|upkeep\n|turn|22\n|\n|t:|1700016971\n|move|p1a: Meowscarada|U-turn|p2a: Corviknight\n|-start|p1a: Meowscarada|typechange|Bug|[from] ability: Protean\n|-resisted|p2a: Corviknight\n|-damage|p2a: Corviknight|58\/100\n|\n|t:|1700016973\n|switch|p1a: Skeledirge|Skeledirge, M|100\/100|[from] U-turn\n|move|p2a: Corviknight|Body Press|p1a: Skeledirge\n|-immune|p1a: Skeledirge\n|\n|upkeep\n|turn|23\n|\n|t:|1700016980\n|switch|p2a: Ting-Lu|Ting-Lu|67\/100\n|-ability|p2a: Ting-Lu|Vessel of Ruin\n|move|p1a: Skeledirge|Substitute|p1a: Skeledirge\n|-start|p1a: Skeledirge|Substitute\n|-damage|p1a: Skeledirge|75\/100\n|\n|-heal|p1a: Skeledirge|82\/100|[from] item: Leftovers\n|-heal|p2a: Ting-Lu|73\/100|[from] item: Leftovers\n|upkeep\n|turn|24\n|\n|t:|1700016988\n|move|p1a: Skeledirge|Will-O-Wisp|p2a: Ting-Lu\n|-status|p2a: Ting-Lu|brn\n|move|p2a: Ting-Lu|Whirlwind|p1a: Skeledirge\n|drag|p1a: Corviknight|Corviknight, M, shiny|52\/100 par\n|-ability|p1a: Corviknight|Pressure\n|\n|-heal|p2a: Ting-Lu|79\/100 brn|[from] item: Leftovers\n|-damage|p2a: Ting-Lu|73\/100 brn|[from] brn\n|upkeep\n|turn|25\n|\n|t:|1700016993\n|switch|p2a: Iron Moth|Iron Moth|100\/100\n|move|p1a: Corviknight|Roost|p1a: Corviknight\n|-heal|p1a: Corviknight|100\/100 par\n|-singleturn|p1a: Corviknight|move: Roost\n|\n|upkeep\n|turn|26\n|\n|t:|1700017004\n|move|p2a: Iron Moth|Fiery Dance|p1a: Corviknight\n|-supereffective|p1a: Corviknight\n|-damage|p1a: Corviknight|43\/100 par\n|move|p1a: Corviknight|U-turn|p2a: Iron Moth\n|-resisted|p2a: Iron Moth\n|-damage|p2a: Iron Moth|96\/100\n|\n|t:|1700017007\n|switch|p1a: Walking Wake|Walking Wake|100\/100|[from] U-turn\n|\n|upkeep\n|turn|27\n|\n|t:|1700017019\n|-terastallize|p2a: Iron Moth|Grass\n|move|p2a: Iron Moth|Energy Ball|p1a: Walking Wake\n|-damage|p1a: Walking Wake|45\/100\n|move|p1a: Walking Wake|Flip Turn|p2a: Iron Moth\n|-resisted|p2a: Iron Moth\n|-damage|p2a: Iron Moth|85\/100\n|\n|t:|1700017021\n|-end|p1a: Walking Wake|Protosynthesis|[silent]\n|switch|p1a: Meowscarada|Meowscarada, F, shiny|100\/100|[from] Flip Turn\n|\n|upkeep\n|turn|28\n|\n|t:|1700017027\n|-end|p2a: Iron Moth|Quark Drive|[silent]\n|switch|p2a: Slowking|Slowking-Galar, F|72\/100\n|move|p1a: Meowscarada|U-turn|p2a: Slowking\n|-start|p1a: Meowscarada|typechange|Bug|[from] ability: Protean\n|-damage|p2a: Slowking|39\/100\n|\n|t:|1700017040\n|switch|p1a: Glimmora|Glimmora, M|100\/100|[from] U-turn\n|\n|upkeep\n|turn|29\n|\n|t:|1700017046\n|move|p1a: Glimmora|Stealth Rock|p2a: Slowking\n|-sidestart|p2: aurorauraurora|move: Stealth Rock\n|move|p2a: Slowking|Thunder Wave|p1a: Glimmora|[miss]\n|-miss|p2a: Slowking|p1a: Glimmora\n|\n|upkeep\n|turn|30\n|\n|t:|1700017051\n|move|p1a: Glimmora|Earth Power|p2a: Slowking\n|-supereffective|p2a: Slowking\n|-damage|p2a: Slowking|5\/100\n|move|p2a: Slowking|Future Sight|p1a: Glimmora\n|-start|p2a: Slowking|move: Future Sight\n|\n|upkeep\n|turn|31\n|\n|t:|1700017056\n|switch|p2a: Corviknight|Corviknight, F|58\/100\n|-damage|p2a: Corviknight|45\/100|[from] Stealth Rock\n|-ability|p2a: Corviknight|Pressure\n|move|p1a: Glimmora|Power Gem|p2a: Corviknight\n|-damage|p2a: Corviknight|8\/100\n|\n|upkeep\n|turn|32\n|\n|t:|1700017061\n|move|p1a: Glimmora|Power Gem|p2a: Corviknight\n|-damage|p2a: Corviknight|0 fnt\n|faint|p2a: Corviknight\n|\n|-end|p1a: Glimmora|move: Future Sight\n|-supereffective|p1a: Glimmora\n|-enditem|p1a: Glimmora|Focus Sash\n|-damage|p1a: Glimmora|1\/100\n|upkeep\n|\n|t:|1700017067\n|switch|p2a: Iron Moth|Iron Moth, tera:Grass|85\/100\n|-damage|p2a: Iron Moth|73\/100|[from] Stealth Rock\n|turn|33\n|\n|t:|1700017070\n|move|p2a: Iron Moth|Fiery Dance|p1a: Glimmora\n|-resisted|p1a: Glimmora\n|-damage|p1a: Glimmora|0 fnt\n|faint|p1a: Glimmora\n|\n|upkeep\n|\n|t:|1700017072\n|switch|p1a: Meowscarada|Meowscarada, F, shiny|100\/100\n|turn|34\n|\n|t:|1700017081\n|-end|p2a: Iron Moth|Quark Drive|[silent]\n|switch|p2a: Ting-Lu|Ting-Lu|73\/100 brn\n|-damage|p2a: Ting-Lu|67\/100 brn|[from] Stealth Rock\n|-ability|p2a: Ting-Lu|Vessel of Ruin\n|move|p1a: Meowscarada|U-turn|p2a: Ting-Lu\n|-start|p1a: Meowscarada|typechange|Bug|[from] ability: Protean\n|-supereffective|p2a: Ting-Lu\n|-damage|p2a: Ting-Lu|30\/100 brn\n|\n|t:|1700017093\n|switch|p1a: Zamazenta|Zamazenta|35\/100|[from] U-turn\n|\n|-heal|p1a: Zamazenta|41\/100|[from] item: Leftovers\n|-heal|p2a: Ting-Lu|37\/100 brn|[from] item: Leftovers\n|-damage|p2a: Ting-Lu|30\/100 brn|[from] brn\n|upkeep\n|turn|35\n|\n|t:|1700017101\n|switch|p2a: Iron Moth|Iron Moth, tera:Grass|73\/100\n|-damage|p2a: Iron Moth|60\/100|[from] Stealth Rock\n|move|p1a: Zamazenta|Body Press|p2a: Iron Moth\n|-damage|p2a: Iron Moth|0 fnt\n|faint|p2a: Iron Moth\n|-end|p2a: Iron Moth|Quark Drive|[silent]\n|\n|-heal|p1a: Zamazenta|47\/100|[from] item: Leftovers\n|upkeep\n|\n|t:|1700017104\n|switch|p2a: Slowking|Slowking-Galar, F|38\/100\n|turn|36\n|\n|t:|1700017108\n|move|p1a: Zamazenta|Heavy Slam|p2a: Slowking\n|-damage|p2a: Slowking|22\/100\n|move|p2a: Slowking|Chilly Reception|p2a: Slowking\n|-weather|Snow\n|\n|t:|1700017110\n|switch|p2a: Glastrier|Glastrier|100\/100|[from] Chilly Reception\n|-damage|p2a: Glastrier|75\/100|[from] Stealth Rock\n|\n|-weather|Snow|[upkeep]\n|-heal|p1a: Zamazenta|54\/100|[from] item: Leftovers\n|upkeep\n|turn|37\n|\n|t:|1700017115\n|move|p1a: Zamazenta|Body Press|p2a: Glastrier\n|-supereffective|p2a: Glastrier\n|-damage|p2a: Glastrier|41\/100\n|move|p2a: Glastrier|Icicle Crash|p1a: Zamazenta\n|-damage|p1a: Zamazenta|0 fnt\n|faint|p1a: Zamazenta\n|-ability|p2a: Glastrier|Chilling Neigh|boost\n|-boost|p2a: Glastrier|atk|1\n|\n|-weather|Snow|[upkeep]\n|upkeep\n|\n|t:|1700017127\n|switch|p1a: Skeledirge|Skeledirge, M|82\/100\n|turn|38\n|\n|t:|1700017135\n|switch|p2a: Ting-Lu|Ting-Lu|30\/100 brn\n|-damage|p2a: Ting-Lu|24\/100 brn|[from] Stealth Rock\n|-ability|p2a: Ting-Lu|Vessel of Ruin\n|move|p1a: Skeledirge|Will-O-Wisp|p2a: Ting-Lu\n|-fail|p2a: Ting-Lu|brn\n|\n|-weather|Snow|[upkeep]\n|-heal|p1a: Skeledirge|88\/100|[from] item: Leftovers\n|-heal|p2a: Ting-Lu|30\/100 brn|[from] item: Leftovers\n|-damage|p2a: Ting-Lu|24\/100 brn|[from] brn\n|upkeep\n|turn|39\n|\n|t:|1700017142\n|switch|p1a: Corviknight|Corviknight, M, shiny|43\/100 par\n|-ability|p1a: Corviknight|Pressure\n|move|p2a: Ting-Lu|Ruination|p1a: Corviknight\n|-damage|p1a: Corviknight|22\/100 par\n|\n|-weather|Snow|[upkeep]\n|-heal|p2a: Ting-Lu|30\/100 brn|[from] item: Leftovers\n|-damage|p2a: Ting-Lu|24\/100 brn|[from] brn\n|upkeep\n|turn|40\n|\n|t:|1700017148\n|move|p2a: Ting-Lu|Spikes|p1a: Corviknight\n|-sidestart|p1: Drake115|Spikes\n|move|p1a: Corviknight|U-turn|p2a: Ting-Lu\n|-supereffective|p2a: Ting-Lu\n|-damage|p2a: Ting-Lu|8\/100 brn\n|\n|t:|1700017153\n|switch|p1a: Meowscarada|Meowscarada, F, shiny|100\/100|[from] U-turn\n|-damage|p1a: Meowscarada|88\/100|[from] Spikes\n|\n|-weather|none\n|-heal|p2a: Ting-Lu|14\/100 brn|[from] item: Leftovers\n|-damage|p2a: Ting-Lu|8\/100 brn|[from] brn\n|upkeep\n|turn|41\n|\n|t:|1700017159\n|move|p1a: Meowscarada|Knock Off|p2a: Ting-Lu\n|-start|p1a: Meowscarada|typechange|Dark|[from] ability: Protean\n|-resisted|p2a: Ting-Lu\n|-damage|p2a: Ting-Lu|0 fnt\n|-enditem|p2a: Ting-Lu|Leftovers|[from] move: Knock Off|[of] p1a: Meowscarada\n|faint|p2a: Ting-Lu\n|\n|upkeep\n|\n|t:|1700017163\n|switch|p2a: Glastrier|Glastrier|41\/100\n|-damage|p2a: Glastrier|16\/100|[from] Stealth Rock\n|turn|42\n|\n|t:|1700017166\n|move|p1a: Meowscarada|Knock Off|p2a: Glastrier\n|-damage|p2a: Glastrier|0 fnt\n|-enditem|p2a: Glastrier|Choice Band|[from] move: Knock Off|[of] p1a: Meowscarada\n|faint|p2a: Glastrier\n|\n|upkeep\n|-message|aurorauraurora forfeited.\n|\n|win|Drake115\n|raw|Drake115's rating: 1409 &rarr; <strong>1425<\/strong><br \/>(+16 for winning)\n|raw|aurorauraurora's rating: 1345 &rarr; <strong>1329<\/strong><br \/>(-16 for losing)\n|l|\u2606aurorauraurora\n|c|\u2606Drake115|gg\n","uploadtime":1700017182,"views":16,"p1id":"drake115","p2id":"aurorauraurora","formatid":"gen9ou","rating":1329,"private":0,"password":""}