{"id":"gen9ou-1991603197","p1":"Deez nuzt","p2":"alt no. 597","format":"[Gen 9] OU","log":"|j|\u2606Deez nuzt\n|j|\u2606alt no. 597\n|t:|1700093119\n|gametype|singles\n|player|p1|Deez nuzt|fantina|1693\n|player|p2|alt no. 597|acetrainersnowf|1702\n|teamsize|p1|6\n|teamsize|p2|6\n|gen|9\n|tier|[Gen 9] OU\n|rated|\n|rule|Sleep Clause Mod: Limit one foe put to sleep\n|rule|Species Clause: Limit one of each Pok\u00e9mon\n|rule|OHKO Clause: OHKO moves are banned\n|rule|Evasion Items Clause: Evasion items are banned\n|rule|Evasion Moves Clause: Evasion moves are banned\n|rule|Endless Battle Clause: Forcing endless battles is banned\n|rule|HP Percentage Mod: HP is shown in percentages\n|clearpoke\n|poke|p1|Ting-Lu|\n|poke|p1|Great Tusk|\n|poke|p1|Greninja-*, F|\n|poke|p1|Dragapult, F|\n|poke|p1|Heatran, F|\n|poke|p1|Zapdos|\n|poke|p2|Clefable, M|\n|poke|p2|Rillaboom, M|\n|poke|p2|Heatran, F|\n|poke|p2|Great Tusk|\n|poke|p2|Dragapult, M|\n|poke|p2|Zapdos|\n|teampreview\n|inactive|Battle timer is ON: inactive players will automatically lose when time's up. (requested by Deez nuzt)\n|\n|t:|1700093168\n|start\n|switch|p1a: Heatran|Heatran, F|100\/100\n|switch|p2a: Dragapult|Dragapult, M|100\/100\n|turn|1\n|\n|t:|1700093173\n|switch|p1a: Zapdos|Zapdos|100\/100\n|move|p2a: Dragapult|Shadow Ball|p1a: Zapdos\n|-damage|p1a: Zapdos|63\/100\n|\n|upkeep\n|turn|2\n|\n|t:|1700093180\n|switch|p2a: Zapdos|Zapdos|100\/100\n|move|p1a: Zapdos|Roost|p1a: Zapdos\n|-heal|p1a: Zapdos|100\/100\n|-singleturn|p1a: Zapdos|move: Roost\n|\n|upkeep\n|turn|3\n|\n|t:|1700093186\n|move|p2a: Zapdos|Volt Switch|p1a: Zapdos\n|-damage|p1a: Zapdos|81\/100\n|\n|t:|1700093189\n|switch|p2a: Clefable|Clefable, M|100\/100|[from] Volt Switch\n|move|p1a: Zapdos|Volt Switch|p2a: Clefable\n|-damage|p2a: Clefable|74\/100\n|\n|t:|1700093195\n|switch|p1a: Heatran|Heatran, F|100\/100|[from] Volt Switch\n|\n|-heal|p2a: Clefable|80\/100|[from] item: Leftovers\n|upkeep\n|turn|4\n|\n|t:|1700093200\n|switch|p2a: Dragapult|Dragapult, M|100\/100\n|move|p1a: Heatran|Taunt|p2a: Dragapult\n|-start|p2a: Dragapult|move: Taunt\n|\n|upkeep\n|turn|5\n|\n|t:|1700093207\n|switch|p1a: Ting-Lu|Ting-Lu|100\/100\n|-ability|p1a: Ting-Lu|Vessel of Ruin\n|move|p2a: Dragapult|Shadow Ball|p1a: Ting-Lu\n|-resisted|p1a: Ting-Lu\n|-damage|p1a: Ting-Lu|86\/100\n|\n|upkeep\n|turn|6\n|\n|t:|1700093217\n|switch|p2a: Clefable|Clefable, M|80\/100\n|move|p1a: Ting-Lu|Ruination|p2a: Clefable\n|-damage|p2a: Clefable|40\/100\n|\n|-heal|p2a: Clefable|46\/100|[from] item: Leftovers\n|upkeep\n|turn|7\n|\n|t:|1700093236\n|move|p2a: Clefable|Stealth Rock|p1a: Ting-Lu\n|-sidestart|p1: Deez nuzt|move: Stealth Rock\n|move|p1a: Ting-Lu|Spikes|p2a: Clefable\n|-sidestart|p2: alt no. 597|Spikes\n|\n|-heal|p2a: Clefable|52\/100|[from] item: Leftovers\n|upkeep\n|turn|8\n|\n|t:|1700093247\n|move|p2a: Clefable|Moonlight|p2a: Clefable\n|-heal|p2a: Clefable|100\/100\n|move|p1a: Ting-Lu|Spikes|p2a: Clefable\n|-sidestart|p2: alt no. 597|Spikes\n|\n|upkeep\n|turn|9\n|\n|t:|1700093251\n|move|p2a: Clefable|Moonblast|p1a: Ting-Lu\n|-supereffective|p1a: Ting-Lu\n|-damage|p1a: Ting-Lu|47\/100\n|move|p1a: Ting-Lu|Spikes|p2a: Clefable\n|-sidestart|p2: alt no. 597|Spikes\n|\n|upkeep\n|turn|10\n|\n|t:|1700093255\n|move|p2a: Clefable|Moonblast|p1a: Ting-Lu\n|-supereffective|p1a: Ting-Lu\n|-damage|p1a: Ting-Lu|7\/100\n|move|p1a: Ting-Lu|Ruination|p2a: Clefable\n|-damage|p2a: Clefable|50\/100\n|\n|-heal|p2a: Clefable|57\/100|[from] item: Leftovers\n|upkeep\n|turn|11\n|\n|t:|1700093263\n|switch|p1a: Heatran|Heatran, F|100\/100\n|-damage|p1a: Heatran|88\/100|[from] Stealth Rock\n|move|p2a: Clefable|Moonblast|p1a: Heatran\n|-resisted|p1a: Heatran\n|-damage|p1a: Heatran|83\/100\n|\n|-heal|p1a: Heatran|90\/100|[from] item: Leftovers\n|-heal|p2a: Clefable|63\/100|[from] item: Leftovers\n|upkeep\n|turn|12\n|\n|t:|1700093276\n|move|p1a: Heatran|Stealth Rock|p2a: Clefable\n|-sidestart|p2: alt no. 597|move: Stealth Rock\n|move|p2a: Clefable|Moonlight|p2a: Clefable\n|-heal|p2a: Clefable|100\/100\n|\n|-heal|p1a: Heatran|96\/100|[from] item: Leftovers\n|upkeep\n|turn|13\n|\n|t:|1700093282\n|switch|p2a: Great Tusk|Great Tusk|100\/100\n|-damage|p2a: Great Tusk|76\/100|[from] Spikes\n|-damage|p2a: Great Tusk|73\/100|[from] Stealth Rock\n|-enditem|p2a: Great Tusk|Booster Energy\n|-activate|p2a: Great Tusk|ability: Protosynthesis|[fromitem]\n|-start|p2a: Great Tusk|protosynthesisatk\n|move|p1a: Heatran|Magma Storm|p2a: Great Tusk|[miss]\n|-miss|p1a: Heatran|p2a: Great Tusk\n|\n|-heal|p1a: Heatran|100\/100|[from] item: Leftovers\n|upkeep\n|turn|14\n|\n|t:|1700093297\n|move|p2a: Great Tusk|Knock Off|p1a: Heatran\n|-damage|p1a: Heatran|64\/100\n|-enditem|p1a: Heatran|Leftovers|[from] move: Knock Off|[of] p2a: Great Tusk\n|move|p1a: Heatran|Magma Storm|p2a: Great Tusk\n|-damage|p2a: Great Tusk|6\/100\n|-activate|p2a: Great Tusk|move: Magma Storm|[of] p1a: Heatran\n|\n|-damage|p2a: Great Tusk|0 fnt|[from] move: Magma Storm|[partiallytrapped]\n|faint|p2a: Great Tusk\n|-end|p2a: Great Tusk|Protosynthesis|[silent]\n|upkeep\n|\n|t:|1700093305\n|switch|p2a: Dragapult|Dragapult, M|100\/100\n|-damage|p2a: Dragapult|76\/100|[from] Spikes\n|-damage|p2a: Dragapult|63\/100|[from] Stealth Rock\n|turn|15\n|\n|t:|1700093309\n|switch|p1a: Ting-Lu|Ting-Lu|7\/100\n|-damage|p1a: Ting-Lu|0 fnt|[from] Stealth Rock\n|faint|p1a: Ting-Lu\n|move|p2a: Dragapult|Shadow Ball|p1: Ting-Lu|[notarget]\n|-fail|p2a: Dragapult\n|\n|upkeep\n|\n|t:|1700093314\n|switch|p1a: Greninja|Greninja, F|100\/100\n|turn|16\n|\n|t:|1700093324\n|switch|p2a: Clefable|Clefable, M|100\/100\n|move|p1a: Greninja|Ice Beam|p2a: Clefable\n|-start|p1a: Greninja|typechange|Ice|[from] ability: Protean\n|-damage|p2a: Clefable|63\/100\n|\n|-heal|p2a: Clefable|69\/100|[from] item: Leftovers\n|upkeep\n|turn|17\n|\n|t:|1700093332\n|move|p1a: Greninja|U-turn|p2a: Clefable\n|-resisted|p2a: Clefable\n|-damage|p2a: Clefable|64\/100\n|\n|t:|1700093337\n|switch|p1a: Heatran|Heatran, F|64\/100|[from] U-turn\n|-damage|p1a: Heatran|52\/100|[from] Stealth Rock\n|move|p2a: Clefable|Calm Mind|p2a: Clefable\n|-boost|p2a: Clefable|spa|1\n|-boost|p2a: Clefable|spd|1\n|\n|-heal|p2a: Clefable|70\/100|[from] item: Leftovers\n|upkeep\n|turn|18\n|\n|t:|1700093345\n|move|p1a: Heatran|Magma Storm|p2a: Clefable\n|-damage|p2a: Clefable|43\/100\n|-activate|p2a: Clefable|move: Magma Storm|[of] p1a: Heatran\n|move|p2a: Clefable|Moonlight|p2a: Clefable\n|-heal|p2a: Clefable|93\/100\n|\n|-heal|p2a: Clefable|99\/100|[from] item: Leftovers\n|upkeep\n|turn|19\n|\n|t:|1700093353\n|move|p1a: Heatran|Earth Power|p2a: Clefable\n|-damage|p2a: Clefable|83\/100\n|move|p2a: Clefable|Moonblast|p1a: Heatran\n|-resisted|p1a: Heatran\n|-damage|p1a: Heatran|45\/100\n|-unboost|p1a: Heatran|spa|1\n|\n|-heal|p2a: Clefable|89\/100|[from] item: Leftovers\n|upkeep\n|turn|20\n|\n|t:|1700093357\n|move|p1a: Heatran|Taunt|p2a: Clefable\n|-start|p2a: Clefable|move: Taunt\n|move|p2a: Clefable|Moonblast|p1a: Heatran\n|-resisted|p1a: Heatran\n|-damage|p1a: Heatran|37\/100\n|\n|-heal|p2a: Clefable|95\/100|[from] item: Leftovers\n|upkeep\n|turn|21\n|\n|t:|1700093359\n|move|p1a: Heatran|Magma Storm|p2a: Clefable\n|-damage|p2a: Clefable|76\/100\n|move|p2a: Clefable|Moonblast|p1a: Heatran\n|-resisted|p1a: Heatran\n|-damage|p1a: Heatran|30\/100\n|-unboost|p1a: Heatran|spa|1\n|\n|-heal|p2a: Clefable|82\/100|[from] item: Leftovers\n|upkeep\n|turn|22\n|\n|t:|1700093373\n|move|p1a: Heatran|Earth Power|p2a: Clefable\n|-damage|p2a: Clefable|74\/100\n|move|p2a: Clefable|Moonblast|p1a: Heatran\n|-resisted|p1a: Heatran\n|-damage|p1a: Heatran|23\/100\n|\n|-heal|p2a: Clefable|80\/100|[from] item: Leftovers\n|-end|p2a: Clefable|move: Taunt\n|upkeep\n|turn|23\n|\n|t:|1700093378\n|move|p1a: Heatran|Taunt|p2a: Clefable\n|-start|p2a: Clefable|move: Taunt\n|cant|p2a: Clefable|move: Taunt|Calm Mind\n|\n|-heal|p2a: Clefable|86\/100|[from] item: Leftovers\n|-end|p2a: Clefable|Magma Storm|[partiallytrapped]\n|upkeep\n|turn|24\n|\n|t:|1700093380\n|move|p1a: Heatran|Magma Storm|p2a: Clefable\n|-damage|p2a: Clefable|72\/100\n|-activate|p2a: Clefable|move: Magma Storm|[of] p1a: Heatran\n|move|p2a: Clefable|Moonblast|p1a: Heatran\n|-resisted|p1a: Heatran\n|-damage|p1a: Heatran|15\/100\n|\n|-heal|p2a: Clefable|78\/100|[from] item: Leftovers\n|upkeep\n|turn|25\n|\n|t:|1700093384\n|move|p1a: Heatran|Earth Power|p2a: Clefable\n|-damage|p2a: Clefable|70\/100\n|-unboost|p2a: Clefable|spd|1\n|move|p2a: Clefable|Moonblast|p1a: Heatran\n|-resisted|p1a: Heatran\n|-damage|p1a: Heatran|7\/100\n|\n|-heal|p2a: Clefable|76\/100|[from] item: Leftovers\n|-end|p2a: Clefable|move: Taunt\n|upkeep\n|turn|26\n|\n|t:|1700093387\n|move|p1a: Heatran|Taunt|p2a: Clefable\n|-start|p2a: Clefable|move: Taunt\n|move|p2a: Clefable|Moonblast|p1a: Heatran\n|-resisted|p1a: Heatran\n|-damage|p1a: Heatran|0 fnt\n|faint|p1a: Heatran\n|\n|-heal|p2a: Clefable|82\/100|[from] item: Leftovers\n|-end|p2a: Clefable|Magma Storm|[partiallytrapped]|[silent]\n|upkeep\n|\n|t:|1700093412\n|switch|p1a: Great Tusk|Great Tusk|100\/100\n|-damage|p1a: Great Tusk|98\/100|[from] Stealth Rock\n|turn|27\n|\n|t:|1700093427\n|switch|p2a: Zapdos|Zapdos|100\/100\n|move|p1a: Great Tusk|Earthquake|p2a: Zapdos\n|-immune|p2a: Zapdos\n|\n|upkeep\n|turn|28\n|\n|t:|1700093435\n|-end|p1a: Great Tusk|Protosynthesis|[silent]\n|switch|p1a: Zapdos|Zapdos|81\/100\n|move|p2a: Zapdos|Hurricane|p1a: Zapdos\n|-resisted|p1a: Zapdos\n|-damage|p1a: Zapdos|65\/100\n|-start|p1a: Zapdos|confusion\n|\n|upkeep\n|turn|29\n|\n|t:|1700093444\n|move|p2a: Zapdos|Heat Wave|p1a: Zapdos|[miss]\n|-miss|p2a: Zapdos|p1a: Zapdos\n|-activate|p1a: Zapdos|confusion\n|-damage|p1a: Zapdos|58\/100|[from] confusion\n|\n|upkeep\n|turn|30\n|\n|t:|1700093450\n|move|p2a: Zapdos|Heat Wave|p1a: Zapdos\n|-damage|p1a: Zapdos|40\/100\n|-end|p1a: Zapdos|confusion\n|move|p1a: Zapdos|Roost|p1a: Zapdos\n|-heal|p1a: Zapdos|90\/100\n|-singleturn|p1a: Zapdos|move: Roost\n|\n|upkeep\n|turn|31\n|\n|t:|1700093457\n|move|p2a: Zapdos|Heat Wave|p1a: Zapdos\n|-damage|p1a: Zapdos|70\/100\n|move|p1a: Zapdos|Volt Switch|p2a: Zapdos\n|-damage|p2a: Zapdos|73\/100\n|\n|t:|1700093462\n|switch|p1a: Greninja|Greninja, F|100\/100|[from] Volt Switch\n|\n|upkeep\n|turn|32\n|\n|t:|1700093477\n|switch|p2a: Rillaboom|Rillaboom, M|100\/100\n|-fieldstart|move: Grassy Terrain|[from] ability: Grassy Surge|[of] p2a: Rillaboom\n|move|p1a: Greninja|Ice Beam|p2a: Rillaboom\n|-start|p1a: Greninja|typechange|Ice|[from] ability: Protean\n|-supereffective|p2a: Rillaboom\n|-damage|p2a: Rillaboom|5\/100\n|\n|-heal|p2a: Rillaboom|11\/100|[from] Grassy Terrain\n|upkeep\n|turn|33\n|\n|t:|1700093483\n|move|p1a: Greninja|Ice Beam|p2a: Rillaboom\n|-supereffective|p2a: Rillaboom\n|-damage|p2a: Rillaboom|0 fnt\n|faint|p2a: Rillaboom\n|\n|upkeep\n|\n|t:|1700093485\n|switch|p2a: Clefable|Clefable, M|82\/100\n|turn|34\n|j| isoptera\n|\n|t:|1700093491\n|move|p1a: Greninja|U-turn|p2a: Clefable\n|-resisted|p2a: Clefable\n|-damage|p2a: Clefable|77\/100\n|\n|t:|1700093493\n|switch|p1a: Great Tusk|Great Tusk|98\/100|[from] U-turn\n|-damage|p1a: Great Tusk|95\/100|[from] Stealth Rock\n|move|p2a: Clefable|Calm Mind|p2a: Clefable\n|-boost|p2a: Clefable|spa|1\n|-boost|p2a: Clefable|spd|1\n|\n|-heal|p1a: Great Tusk|100\/100|[from] Grassy Terrain\n|-heal|p2a: Clefable|83\/100|[from] Grassy Terrain\n|-heal|p2a: Clefable|89\/100|[from] item: Leftovers\n|upkeep\n|turn|35\n|\n|t:|1700093499\n|move|p2a: Clefable|Moonblast|p1a: Great Tusk\n|-supereffective|p1a: Great Tusk\n|-damage|p1a: Great Tusk|0 fnt\n|faint|p1a: Great Tusk\n|-end|p1a: Great Tusk|Protosynthesis|[silent]\n|\n|-heal|p2a: Clefable|95\/100|[from] Grassy Terrain\n|-heal|p2a: Clefable|100\/100|[from] item: Leftovers\n|upkeep\n|\n|t:|1700093508\n|switch|p1a: Zapdos|Zapdos|70\/100\n|turn|36\n|\n|t:|1700093512\n|move|p1a: Zapdos|Discharge|p2a: Clefable\n|-damage|p2a: Clefable|80\/100\n|move|p2a: Clefable|Calm Mind|p2a: Clefable\n|-boost|p2a: Clefable|spa|1\n|-boost|p2a: Clefable|spd|1\n|\n|-heal|p2a: Clefable|87\/100|[from] Grassy Terrain\n|-heal|p2a: Clefable|93\/100|[from] item: Leftovers\n|-fieldend|move: Grassy Terrain\n|upkeep\n|turn|37\n|j| OUVT spin da bloc\n|\n|t:|1700093517\n|move|p1a: Zapdos|Discharge|p2a: Clefable\n|-damage|p2a: Clefable|78\/100\n|-status|p2a: Clefable|par\n|cant|p2a: Clefable|par\n|\n|-heal|p2a: Clefable|84\/100 par|[from] item: Leftovers\n|upkeep\n|turn|38\n|\n|t:|1700093524\n|move|p1a: Zapdos|Roost|p1a: Zapdos\n|-heal|p1a: Zapdos|100\/100\n|-singleturn|p1a: Zapdos|move: Roost\n|cant|p2a: Clefable|par\n|\n|-heal|p2a: Clefable|90\/100 par|[from] item: Leftovers\n|upkeep\n|turn|39\n|l| OUVT spin da bloc\n|j| OUVT spin da bloc\n|l| OUVT spin da bloc\n|\n|t:|1700093529\n|move|p1a: Zapdos|Hurricane|p2a: Clefable\n|-damage|p2a: Clefable|69\/100 par\n|move|p2a: Clefable|Calm Mind|p2a: Clefable\n|-boost|p2a: Clefable|spa|1\n|-boost|p2a: Clefable|spd|1\n|\n|-heal|p2a: Clefable|75\/100 par|[from] item: Leftovers\n|upkeep\n|turn|40\n|\n|t:|1700093535\n|move|p1a: Zapdos|Hurricane|p2a: Clefable\n|-damage|p2a: Clefable|58\/100 par\n|-start|p2a: Clefable|confusion\n|-activate|p2a: Clefable|confusion\n|move|p2a: Clefable|Calm Mind|p2a: Clefable\n|-boost|p2a: Clefable|spa|1\n|-boost|p2a: Clefable|spd|1\n|\n|-heal|p2a: Clefable|64\/100 par|[from] item: Leftovers\n|upkeep\n|turn|41\n|\n|t:|1700093542\n|move|p1a: Zapdos|Volt Switch|p2a: Clefable\n|-damage|p2a: Clefable|54\/100 par\n|\n|t:|1700093544\n|switch|p1a: Dragapult|Dragapult, F|100\/100|[from] Volt Switch\n|-damage|p1a: Dragapult|88\/100|[from] Stealth Rock\n|-activate|p2a: Clefable|confusion\n|move|p2a: Clefable|Moonlight|p2a: Clefable\n|-heal|p2a: Clefable|100\/100 par\n|\n|upkeep\n|turn|42\n|\n|t:|1700093552\n|-terastallize|p1a: Dragapult|Ghost\n|move|p1a: Dragapult|Tera Blast|p2a: Clefable|[anim] Tera Blast Ghost\n|-damage|p2a: Clefable|39\/100 par\n|-activate|p2a: Clefable|confusion\n|move|p2a: Clefable|Moonblast|p1a: Dragapult\n|-damage|p1a: Dragapult|0 fnt\n|faint|p1a: Dragapult\n|\n|-heal|p2a: Clefable|45\/100 par|[from] item: Leftovers\n|upkeep\n|\n|t:|1700093565\n|switch|p1a: Greninja|Greninja, F|100\/100\n|turn|43\n|\n|t:|1700093575\n|move|p1a: Greninja|Ice Beam|p2a: Clefable\n|-start|p1a: Greninja|typechange|Ice|[from] ability: Protean\n|-damage|p2a: Clefable|32\/100 par\n|-end|p2a: Clefable|confusion\n|move|p2a: Clefable|Moonlight|p2a: Clefable\n|-heal|p2a: Clefable|82\/100 par\n|\n|-heal|p2a: Clefable|88\/100 par|[from] item: Leftovers\n|upkeep\n|turn|44\n|\n|t:|1700093582\n|move|p1a: Greninja|Ice Beam|p2a: Clefable\n|-damage|p2a: Clefable|75\/100 par\n|move|p2a: Clefable|Moonblast|p1a: Greninja\n|-damage|p1a: Greninja|0 fnt\n|faint|p1a: Greninja\n|\n|-heal|p2a: Clefable|81\/100 par|[from] item: Leftovers\n|upkeep\n|-message|Deez nuzt forfeited.\n|\n|win|alt no. 597\n|raw|Deez nuzt's rating: 1719 &rarr; <strong>1698<\/strong><br \/>(-21 for losing)\n|raw|alt no. 597's rating: 1702 &rarr; <strong>1723<\/strong><br \/>(+21 for winning)\n","uploadtime":1700093592,"views":10,"p1id":"deeznuzt","p2id":"altno597","formatid":"gen9ou","rating":1698,"private":0,"password":""}