{"id":"gen9ou-1992984279","p1":"Katsu6624","p2":"RoseWolf8","format":"[Gen 9] OU","log":"|j|\u2606Katsu6624\n|j|\u2606RoseWolf8\n|t:|1700252721\n|gametype|singles\n|player|p1|Katsu6624|cynthia-gen4|1064\n|player|p2|RoseWolf8|n|1112\n|teamsize|p1|6\n|teamsize|p2|6\n|gen|9\n|tier|[Gen 9] OU\n|rated|\n|rule|Sleep Clause Mod: Limit one foe put to sleep\n|rule|Species Clause: Limit one of each Pok\u00e9mon\n|rule|OHKO Clause: OHKO moves are banned\n|rule|Evasion Items Clause: Evasion items are banned\n|rule|Evasion Moves Clause: Evasion moves are banned\n|rule|Endless Battle Clause: Forcing endless battles is banned\n|rule|HP Percentage Mod: HP is shown in percentages\n|clearpoke\n|poke|p1|Garchomp, M|\n|poke|p1|Spiritomb, M|\n|poke|p1|Milotic, F|\n|poke|p1|Braviary-Hisui, M|\n|poke|p1|Lucario, M|\n|poke|p1|Glaceon, F|\n|poke|p2|Meowscarada, F|\n|poke|p2|Ceruledge, F|\n|poke|p2|Samurott-Hisui, M|\n|poke|p2|Lucario, F|\n|poke|p2|Lycanroc-Dusk, F|\n|poke|p2|Clodsire, F|\n|teampreview\n|inactive|Battle timer is ON: inactive players will automatically lose when time's up. (requested by Katsu6624)\n|\n|t:|1700252735\n|start\n|switch|p1a: Poubelle|Glaceon, F, shiny|100\/100\n|switch|p2a: Samurott|Samurott-Hisui, M|100\/100\n|turn|1\n|\n|t:|1700252744\n|move|p2a: Samurott|Sacred Sword|p1a: Poubelle\n|-supereffective|p1a: Poubelle\n|-damage|p1a: Poubelle|13\/100\n|move|p1a: Poubelle|Freeze-Dry|p2a: Samurott\n|-supereffective|p2a: Samurott\n|-enditem|p2a: Samurott|Focus Sash\n|-damage|p2a: Samurott|1\/100\n|\n|upkeep\n|turn|2\n|\n|t:|1700252756\n|switch|p1a: Bzuuougururu|Spiritomb, M, shiny|100\/100\n|-ability|p1a: Bzuuougururu|Pressure\n|move|p2a: Samurott|Sucker Punch||[still]\n|-fail|p2a: Samurott\n|\n|upkeep\n|turn|3\n|\n|t:|1700252767\n|move|p1a: Bzuuougururu|Shadow Sneak|p2a: Samurott\n|-resisted|p2a: Samurott\n|-damage|p2a: Samurott|0 fnt\n|faint|p2a: Samurott\n|\n|upkeep\n|\n|t:|1700252773\n|switch|p2a: Lycanroc|Lycanroc-Dusk, F|100\/100\n|turn|4\n|\n|t:|1700252777\n|move|p2a: Lycanroc|Play Rough|p1a: Bzuuougururu\n|-supereffective|p1a: Bzuuougururu\n|-damage|p1a: Bzuuougururu|16\/100\n|move|p1a: Bzuuougururu|Will-O-Wisp|p2a: Lycanroc\n|-status|p2a: Lycanroc|brn\n|\n|-heal|p1a: Bzuuougururu|22\/100|[from] item: Leftovers\n|-damage|p2a: Lycanroc|94\/100 brn|[from] brn\n|upkeep\n|turn|5\n|\n|t:|1700252790\n|switch|p1a: Je stall|Milotic, F|100\/100\n|move|p2a: Lycanroc|Play Rough|p1a: Je stall\n|-damage|p1a: Je stall|83\/100\n|\n|-damage|p2a: Lycanroc|88\/100 brn|[from] brn\n|upkeep\n|turn|6\n|\n|t:|1700252803\n|switch|p2a: Lucario|Lucario, F|100\/100\n|move|p1a: Je stall|Scald|p2a: Lucario\n|-damage|p2a: Lucario|52\/100\n|\n|upkeep\n|turn|7\n|inactive|Katsu6624 has 120 seconds left.\n|\n|t:|1700252833\n|move|p2a: Lucario|Thunder Punch|p1a: Je stall\n|-supereffective|p1a: Je stall\n|-damage|p1a: Je stall|35\/100\n|move|p1a: Je stall|Scald|p2a: Lucario\n|-damage|p2a: Lucario|9\/100\n|-status|p2a: Lucario|brn\n|\n|-damage|p2a: Lucario|3\/100 brn|[from] brn\n|upkeep\n|turn|8\n|\n|t:|1700252845\n|switch|p1a: ZEHAHAHAHAHAHA|Garchomp, M|100\/100\n|move|p2a: Lucario|Thunder Punch|p1a: ZEHAHAHAHAHAHA\n|-immune|p1a: ZEHAHAHAHAHAHA\n|\n|-damage|p2a: Lucario|0 fnt|[from] brn\n|faint|p2a: Lucario\n|upkeep\n|\n|t:|1700252858\n|switch|p2a: Lycanroc|Lycanroc-Dusk, F|88\/100 brn\n|turn|9\n|\n|t:|1700252869\n|move|p2a: Lycanroc|Play Rough|p1a: ZEHAHAHAHAHAHA\n|-supereffective|p1a: ZEHAHAHAHAHAHA\n|-damage|p1a: ZEHAHAHAHAHAHA|64\/100\n|-damage|p2a: Lycanroc|76\/100 brn|[from] ability: Rough Skin|[of] p1a: ZEHAHAHAHAHAHA\n|move|p1a: ZEHAHAHAHAHAHA|Earthquake|p2a: Lycanroc\n|-supereffective|p2a: Lycanroc\n|-damage|p2a: Lycanroc|0 fnt\n|faint|p2a: Lycanroc\n|-damage|p1a: ZEHAHAHAHAHAHA|54\/100|[from] item: Life Orb\n|\n|upkeep\n|\n|t:|1700252881\n|switch|p2a: Clodsire|Clodsire, F|100\/100\n|turn|10\n|\n|t:|1700252899\n|move|p1a: ZEHAHAHAHAHAHA|Earthquake|p2a: Clodsire\n|-supereffective|p2a: Clodsire\n|-damage|p2a: Clodsire|0 fnt\n|faint|p2a: Clodsire\n|-damage|p1a: ZEHAHAHAHAHAHA|44\/100|[from] item: Life Orb\n|\n|upkeep\n|-message|RoseWolf8 forfeited.\n|\n|win|Katsu6624\n|raw|Katsu6624's rating: 1064 &rarr; <strong>1099<\/strong><br \/>(+35 for winning)\n|raw|RoseWolf8's rating: 1112 &rarr; <strong>1084<\/strong><br \/>(-28 for losing)\n|l|\u2606RoseWolf8\n","uploadtime":1700252907,"views":15,"p1id":"katsu6624","p2id":"rosewolf8","formatid":"gen9ou","rating":1084,"private":0,"password":""}