{"id":"gen9ou-2000097542","p1":"FishOfTheSea","p2":"Mincera31","format":"[Gen 9] OU","log":"|j|\u2606FishOfTheSea\n|j|\u2606Mincera31\n|t:|1701154283\n|gametype|singles\n|player|p1|FishOfTheSea|unknown|1560\n|player|p2|Mincera31|266|1474\n|teamsize|p1|6\n|teamsize|p2|6\n|gen|9\n|tier|[Gen 9] OU\n|rated|\n|rule|Sleep Clause Mod: Limit one foe put to sleep\n|rule|Species Clause: Limit one of each Pok\u00e9mon\n|rule|OHKO Clause: OHKO moves are banned\n|rule|Evasion Items Clause: Evasion items are banned\n|rule|Evasion Moves Clause: Evasion moves are banned\n|rule|Endless Battle Clause: Forcing endless battles is banned\n|rule|HP Percentage Mod: HP is shown in percentages\n|clearpoke\n|poke|p1|Gholdengo|\n|poke|p1|Dondozo, M|\n|poke|p1|Slowking-Galar, F|\n|poke|p1|Ting-Lu|\n|poke|p1|Rillaboom, F|\n|poke|p1|Cinderace, M|\n|poke|p2|Ogerpon-Cornerstone, F|\n|poke|p2|Kingambit, M|\n|poke|p2|Samurott-Hisui, F|\n|poke|p2|Iron Valiant|\n|poke|p2|Dragonite, F|\n|poke|p2|Dragapult, F|\n|teampreview\n|inactive|Battle timer is ON: inactive players will automatically lose when time's up. (requested by FishOfTheSea)\n|\n|t:|1701154289\n|start\n|switch|p1a: Rillaboom|Rillaboom, F|100\/100\n|switch|p2a: Samurott|Samurott-Hisui, F|100\/100\n|-fieldstart|move: Grassy Terrain|[from] ability: Grassy Surge|[of] p1a: Rillaboom\n|turn|1\n|\n|t:|1701154292\n|move|p1a: Rillaboom|Grassy Glide|p2a: Samurott\n|-supereffective|p2a: Samurott\n|-enditem|p2a: Samurott|Focus Sash\n|-damage|p2a: Samurott|1\/100\n|move|p2a: Samurott|Ceaseless Edge|p1a: Rillaboom\n|-damage|p1a: Rillaboom|55\/100\n|-sidestart|p1: FishOfTheSea|Spikes\n|\n|-heal|p2a: Samurott|7\/100|[from] Grassy Terrain\n|-heal|p1a: Rillaboom|61\/100|[from] Grassy Terrain\n|upkeep\n|turn|2\n|\n|t:|1701154300\n|move|p2a: Samurott|Aqua Jet|p1a: Rillaboom\n|-resisted|p1a: Rillaboom\n|-crit|p1a: Rillaboom\n|-damage|p1a: Rillaboom|47\/100\n|move|p1a: Rillaboom|Grassy Glide|p2a: Samurott\n|-supereffective|p2a: Samurott\n|-damage|p2a: Samurott|0 fnt\n|faint|p2a: Samurott\n|\n|-heal|p1a: Rillaboom|53\/100|[from] Grassy Terrain\n|upkeep\n|\n|t:|1701154317\n|switch|p2a: Dragonite|Dragonite, F|100\/100\n|turn|3\n|\n|t:|1701154322\n|switch|p1a: Dondozo|Dondozo, M|100\/100\n|move|p2a: Dragonite|Dragon Dance|p2a: Dragonite\n|-boost|p2a: Dragonite|atk|1\n|-boost|p2a: Dragonite|spe|1\n|\n|upkeep\n|turn|4\n|\n|t:|1701154327\n|move|p2a: Dragonite|Earthquake|p1a: Dondozo\n|-damage|p1a: Dondozo|92\/100\n|move|p1a: Dondozo|Liquidation|p2a: Dragonite\n|-resisted|p2a: Dragonite\n|-damage|p2a: Dragonite|94\/100\n|-unboost|p2a: Dragonite|def|1\n|\n|-heal|p1a: Dondozo|98\/100|[from] Grassy Terrain\n|upkeep\n|turn|5\n|\n|t:|1701154331\n|switch|p2a: Ogerpon|Ogerpon-Cornerstone, F|100\/100\n|move|p1a: Dondozo|Body Press|p2a: Ogerpon\n|-supereffective|p2a: Ogerpon\n|-damage|p2a: Ogerpon|22\/100\n|\n|-heal|p2a: Ogerpon|28\/100|[from] Grassy Terrain\n|-heal|p1a: Dondozo|100\/100|[from] Grassy Terrain\n|-fieldend|move: Grassy Terrain\n|upkeep\n|turn|6\n|\n|t:|1701154343\n|switch|p1a: Gholdengo|Gholdengo|100\/100\n|-item|p1a: Gholdengo|Air Balloon\n|move|p2a: Ogerpon|Power Whip|p1a: Gholdengo\n|-resisted|p1a: Gholdengo\n|-damage|p1a: Gholdengo|60\/100\n|-enditem|p1a: Gholdengo|Air Balloon\n|\n|upkeep\n|turn|7\n|\n|t:|1701154349\n|move|p2a: Ogerpon|Power Whip|p1a: Gholdengo\n|-resisted|p1a: Gholdengo\n|-damage|p1a: Gholdengo|23\/100\n|move|p1a: Gholdengo|Recover|p1a: Gholdengo\n|-heal|p1a: Gholdengo|74\/100\n|\n|upkeep\n|turn|8\n|\n|t:|1701154354\n|move|p2a: Ogerpon|Power Whip|p1a: Gholdengo\n|-resisted|p1a: Gholdengo\n|-damage|p1a: Gholdengo|33\/100\n|move|p1a: Gholdengo|Shadow Ball|p2a: Ogerpon\n|-damage|p2a: Ogerpon|0 fnt\n|faint|p2a: Ogerpon\n|\n|upkeep\n|\n|t:|1701154360\n|switch|p2a: Dragapult|Dragapult, F|100\/100\n|turn|9\n|\n|t:|1701154365\n|switch|p1a: Ting-Lu|Ting-Lu|100\/100\n|-damage|p1a: Ting-Lu|88\/100|[from] Spikes\n|-ability|p1a: Ting-Lu|Vessel of Ruin\n|move|p2a: Dragapult|Hydro Pump|p1a: Ting-Lu\n|-supereffective|p1a: Ting-Lu\n|-damage|p1a: Ting-Lu|49\/100\n|\n|-heal|p1a: Ting-Lu|55\/100|[from] item: Leftovers\n|upkeep\n|turn|10\n|\n|t:|1701154374\n|switch|p1a: Slowking|Slowking-Galar, F|100\/100\n|move|p2a: Dragapult|Hydro Pump|p1a: Slowking\n|-damage|p1a: Slowking|69\/100\n|\n|upkeep\n|turn|11\n|\n|t:|1701154381\n|switch|p2a: Dragonite|Dragonite, F|94\/100\n|move|p1a: Slowking|Thunder Wave|p2a: Dragonite\n|-status|p2a: Dragonite|par\n|\n|upkeep\n|turn|12\n|\n|t:|1701154385\n|switch|p1a: Dondozo|Dondozo, M|100\/100\n|move|p2a: Dragonite|Earthquake|p1a: Dondozo\n|-damage|p1a: Dondozo|84\/100\n|\n|upkeep\n|turn|13\n|\n|t:|1701154390\n|switch|p2a: Dragapult|Dragapult, F|100\/100\n|move|p1a: Dondozo|Liquidation|p2a: Dragapult\n|-resisted|p2a: Dragapult\n|-damage|p2a: Dragapult|82\/100\n|\n|upkeep\n|turn|14\n|\n|t:|1701154395\n|switch|p1a: Slowking|Slowking-Galar, F|100\/100\n|move|p2a: Dragapult|U-turn|p1a: Slowking\n|-damage|p1a: Slowking|84\/100\n|\n|t:|1701154401\n|switch|p2a: Kingambit|Kingambit, M|100\/100|[from] U-turn\n|-activate|p2a: Kingambit|ability: Supreme Overlord\n|-start|p2a: Kingambit|fallen2|[silent]\n|\n|upkeep\n|turn|15\n|\n|t:|1701154405\n|switch|p1a: Dondozo|Dondozo, M|84\/100\n|move|p2a: Kingambit|Kowtow Cleave|p1a: Dondozo\n|-damage|p1a: Dondozo|58\/100\n|\n|upkeep\n|turn|16\n|\n|t:|1701154410\n|move|p2a: Kingambit|Kowtow Cleave|p1a: Dondozo\n|-damage|p1a: Dondozo|30\/100\n|move|p1a: Dondozo|Body Press|p2a: Kingambit\n|-supereffective|p2a: Kingambit\n|-damage|p2a: Kingambit|26\/100\n|\n|upkeep\n|turn|17\n|\n|t:|1701154415\n|-end|p2a: Kingambit|fallen2|[silent]\n|switch|p2a: Dragapult|Dragapult, F|82\/100\n|move|p1a: Dondozo|Rest|p1a: Dondozo\n|-status|p1a: Dondozo|slp|[from] move: Rest\n|-heal|p1a: Dondozo|100\/100 slp|[silent]\n|\n|upkeep\n|turn|18\n|\n|t:|1701154419\n|switch|p1a: Slowking|Slowking-Galar, F|100\/100\n|move|p2a: Dragapult|Shadow Ball|p1a: Slowking\n|-supereffective|p1a: Slowking\n|-damage|p1a: Slowking|43\/100\n|\n|upkeep\n|turn|19\n|\n|t:|1701154425\n|switch|p1a: Ting-Lu|Ting-Lu|55\/100\n|-damage|p1a: Ting-Lu|43\/100|[from] Spikes\n|-ability|p1a: Ting-Lu|Vessel of Ruin\n|move|p2a: Dragapult|Shadow Ball|p1a: Ting-Lu\n|-resisted|p1a: Ting-Lu\n|-damage|p1a: Ting-Lu|32\/100\n|\n|-heal|p1a: Ting-Lu|38\/100|[from] item: Leftovers\n|upkeep\n|turn|20\n|\n|t:|1701154428\n|switch|p2a: Dragonite|Dragonite, F|94\/100 par\n|move|p1a: Ting-Lu|Ruination|p2a: Dragonite\n|-damage|p2a: Dragonite|47\/100 par\n|\n|-heal|p1a: Ting-Lu|45\/100|[from] item: Leftovers\n|upkeep\n|turn|21\n|\n|t:|1701154434\n|switch|p1a: Dondozo|Dondozo, M|100\/100 slp\n|move|p2a: Dragonite|Ice Spinner|p1a: Dondozo\n|-resisted|p1a: Dondozo\n|-damage|p1a: Dondozo|94\/100 slp\n|\n|upkeep\n|turn|22\n|\n|t:|1701154446\n|switch|p1a: Slowking|Slowking-Galar, F|76\/100\n|switch|p2a: Dragapult|Dragapult, F|82\/100\n|\n|upkeep\n|turn|23\n|\n|t:|1701154449\n|switch|p1a: Ting-Lu|Ting-Lu|45\/100\n|-damage|p1a: Ting-Lu|32\/100|[from] Spikes\n|-ability|p1a: Ting-Lu|Vessel of Ruin\n|move|p2a: Dragapult|U-turn|p1a: Ting-Lu\n|-supereffective|p1a: Ting-Lu\n|-damage|p1a: Ting-Lu|15\/100\n|\n|t:|1701154457\n|switch|p2a: Iron Valiant|Iron Valiant|100\/100|[from] U-turn\n|-enditem|p2a: Iron Valiant|Booster Energy\n|-activate|p2a: Iron Valiant|ability: Quark Drive|[fromitem]\n|-start|p2a: Iron Valiant|quarkdrivespe\n|\n|-heal|p1a: Ting-Lu|21\/100|[from] item: Leftovers\n|upkeep\n|turn|24\n|\n|t:|1701154465\n|switch|p1a: Cinderace|Cinderace, M|100\/100\n|move|p2a: Iron Valiant|Calm Mind|p2a: Iron Valiant\n|-boost|p2a: Iron Valiant|spa|1\n|-boost|p2a: Iron Valiant|spd|1\n|\n|upkeep\n|turn|25\n|\n|t:|1701154470\n|move|p2a: Iron Valiant|Focus Blast|p1a: Cinderace\n|-damage|p1a: Cinderace|0 fnt\n|faint|p1a: Cinderace\n|\n|upkeep\n|\n|t:|1701154472\n|switch|p1a: Slowking|Slowking-Galar, F|100\/100\n|turn|26\n|\n|t:|1701154481\n|-end|p2a: Iron Valiant|Quark Drive|[silent]\n|switch|p2a: Dragonite|Dragonite, F|47\/100 par\n|move|p1a: Slowking|Thunder Wave|p2a: Dragonite\n|-fail|p2a: Dragonite|par\n|\n|upkeep\n|turn|27\n|\n|t:|1701154487\n|switch|p1a: Rillaboom|Rillaboom, F|53\/100\n|-damage|p1a: Rillaboom|40\/100|[from] Spikes\n|-fieldstart|move: Grassy Terrain|[from] ability: Grassy Surge|[of] p1a: Rillaboom\n|move|p2a: Dragonite|Earthquake|p1a: Rillaboom\n|-resisted|p1a: Rillaboom\n|-damage|p1a: Rillaboom|29\/100\n|\n|-heal|p1a: Rillaboom|35\/100|[from] Grassy Terrain\n|upkeep\n|turn|28\n|\n|t:|1701154491\n|move|p1a: Rillaboom|Knock Off|p2a: Dragonite\n|-damage|p2a: Dragonite|0 fnt\n|-enditem|p2a: Dragonite|Heavy-Duty Boots|[from] move: Knock Off|[of] p1a: Rillaboom\n|faint|p2a: Dragonite\n|\n|-heal|p1a: Rillaboom|41\/100|[from] Grassy Terrain\n|upkeep\n|\n|t:|1701154497\n|switch|p2a: Dragapult|Dragapult, F|82\/100\n|turn|29\n|\n|t:|1701154502\n|switch|p1a: Slowking|Slowking-Galar, F|100\/100\n|move|p2a: Dragapult|Shadow Ball|p1a: Slowking\n|-supereffective|p1a: Slowking\n|-damage|p1a: Slowking|40\/100\n|\n|-heal|p2a: Dragapult|88\/100|[from] Grassy Terrain\n|-heal|p1a: Slowking|46\/100|[from] Grassy Terrain\n|upkeep\n|turn|30\n|\n|t:|1701154508\n|-terastallize|p1a: Slowking|Grass\n|move|p2a: Dragapult|Shadow Ball|p1a: Slowking\n|-damage|p1a: Slowking|12\/100\n|move|p1a: Slowking|Thunder Wave|p2a: Dragapult\n|-status|p2a: Dragapult|par\n|\n|-heal|p2a: Dragapult|94\/100 par|[from] Grassy Terrain\n|-heal|p1a: Slowking|18\/100|[from] Grassy Terrain\n|upkeep\n|turn|31\n|\n|t:|1701154515\n|switch|p1a: Ting-Lu|Ting-Lu|21\/100\n|-damage|p1a: Ting-Lu|8\/100|[from] Spikes\n|-ability|p1a: Ting-Lu|Vessel of Ruin\n|move|p2a: Dragapult|Shadow Ball|p1a: Ting-Lu\n|-resisted|p1a: Ting-Lu\n|-damage|p1a: Ting-Lu|0 fnt\n|faint|p1a: Ting-Lu\n|\n|-heal|p2a: Dragapult|99\/100 par|[from] Grassy Terrain\n|-fieldend|move: Grassy Terrain\n|upkeep\n|\n|t:|1701154521\n|switch|p1a: Slowking|Slowking-Galar, F, tera:Grass|52\/100\n|turn|32\n|\n|t:|1701154526\n|move|p2a: Dragapult|Shadow Ball|p1a: Slowking\n|-damage|p1a: Slowking|22\/100\n|-unboost|p1a: Slowking|spd|1\n|move|p1a: Slowking|Sludge Bomb|p2a: Dragapult\n|-resisted|p2a: Dragapult\n|-damage|p2a: Dragapult|78\/100 par\n|\n|upkeep\n|turn|33\n|\n|t:|1701154531\n|switch|p1a: Gholdengo|Gholdengo|33\/100\n|-damage|p1a: Gholdengo|20\/100|[from] Spikes\n|move|p2a: Dragapult|Shadow Ball|p1a: Gholdengo\n|-supereffective|p1a: Gholdengo\n|-damage|p1a: Gholdengo|0 fnt\n|faint|p1a: Gholdengo\n|\n|upkeep\n|\n|t:|1701154532\n|switch|p1a: Slowking|Slowking-Galar, F, tera:Grass|55\/100\n|turn|34\n|\n|t:|1701154537\n|move|p2a: Dragapult|Shadow Ball|p1a: Slowking\n|-damage|p1a: Slowking|24\/100\n|move|p1a: Slowking|Sludge Bomb|p2a: Dragapult\n|-resisted|p2a: Dragapult\n|-damage|p2a: Dragapult|53\/100 par\n|\n|upkeep\n|turn|35\n|\n|t:|1701154543\n|cant|p2a: Dragapult|par\n|move|p1a: Slowking|Sludge Bomb|p2a: Dragapult\n|-resisted|p2a: Dragapult\n|-damage|p2a: Dragapult|32\/100 par\n|\n|upkeep\n|turn|36\n|\n|t:|1701154545\n|move|p2a: Dragapult|Shadow Ball|p1a: Slowking\n|-damage|p1a: Slowking|0 fnt\n|faint|p1a: Slowking\n|\n|upkeep\n|\n|t:|1701154547\n|switch|p1a: Rillaboom|Rillaboom, F|41\/100\n|-damage|p1a: Rillaboom|29\/100|[from] Spikes\n|-fieldstart|move: Grassy Terrain|[from] ability: Grassy Surge|[of] p1a: Rillaboom\n|turn|37\n|\n|t:|1701154549\n|move|p1a: Rillaboom|Grassy Glide|p2a: Dragapult\n|-resisted|p2a: Dragapult\n|-damage|p2a: Dragapult|0 fnt\n|faint|p2a: Dragapult\n|\n|-heal|p1a: Rillaboom|35\/100|[from] Grassy Terrain\n|upkeep\n|\n|t:|1701154555\n|switch|p2a: Iron Valiant|Iron Valiant|100\/100\n|turn|38\n|\n|t:|1701154561\n|-terastallize|p2a: Iron Valiant|Fairy\n|move|p1a: Rillaboom|Grassy Glide|p2a: Iron Valiant\n|-damage|p2a: Iron Valiant|23\/100\n|move|p2a: Iron Valiant|Moonblast|p1a: Rillaboom\n|-damage|p1a: Rillaboom|0 fnt\n|faint|p1a: Rillaboom\n|\n|-heal|p2a: Iron Valiant|29\/100|[from] Grassy Terrain\n|upkeep\n|\n|t:|1701154566\n|switch|p1a: Dondozo|Dondozo, M|94\/100 slp\n|turn|39\n|\n|t:|1701154569\n|move|p2a: Iron Valiant|Moonblast|p1a: Dondozo\n|-damage|p1a: Dondozo|31\/100 slp\n|-unboost|p1a: Dondozo|spa|1\n|cant|p1a: Dondozo|slp\n|move|p1a: Dondozo|Sleep Talk|p1a: Dondozo\n|move|p1a: Dondozo|Rest||[from]move: Sleep Talk|[still]\n|-fail|p1a: Dondozo\n|\n|-heal|p2a: Iron Valiant|35\/100|[from] Grassy Terrain\n|-heal|p1a: Dondozo|37\/100 slp|[from] Grassy Terrain\n|upkeep\n|turn|40\n|\n|t:|1701154575\n|move|p2a: Iron Valiant|Moonblast|p1a: Dondozo\n|-damage|p1a: Dondozo|0 fnt\n|faint|p1a: Dondozo\n|\n|win|Mincera31\n|raw|FishOfTheSea's rating: 1560 &rarr; <strong>1535<\/strong><br \/>(-25 for losing)\n|raw|Mincera31's rating: 1474 &rarr; <strong>1499<\/strong><br \/>(+25 for winning)\n|l|\u2606FishOfTheSea\n","uploadtime":1701154592,"views":4,"p1id":"fishofthesea","p2id":"mincera31","formatid":"gen9ou","rating":1499,"private":0,"password":""}