{"id":"gen9ou-1994495221","p1":"Lucvanbaaren","p2":"Jackdsaurus","format":"[Gen 9] OU","log":"|j|\u2606Lucvanbaaren\n|j|\u2606Jackdsaurus\n|t:|1700450626\n|gametype|singles\n|player|p1|Lucvanbaaren|1|1074\n|player|p2|Jackdsaurus|gladion|1149\n|teamsize|p1|6\n|teamsize|p2|6\n|gen|9\n|tier|[Gen 9] OU\n|rated|\n|rule|Sleep Clause Mod: Limit one foe put to sleep\n|rule|Species Clause: Limit one of each Pok\u00e9mon\n|rule|OHKO Clause: OHKO moves are banned\n|rule|Evasion Items Clause: Evasion items are banned\n|rule|Evasion Moves Clause: Evasion moves are banned\n|rule|Endless Battle Clause: Forcing endless battles is banned\n|rule|HP Percentage Mod: HP is shown in percentages\n|clearpoke\n|poke|p1|Espeon, F|\n|poke|p1|Sandy Shocks|\n|poke|p1|Quaquaval, F|\n|poke|p1|Tyranitar, M|\n|poke|p1|Scizor, M|\n|poke|p1|Gyarados, M|\n|poke|p2|Inteleon, F|\n|poke|p2|Brute Bonnet|\n|poke|p2|Heatran, M|\n|poke|p2|Garchomp, F|\n|poke|p2|Gengar, M|\n|poke|p2|Ribombee, F|\n|teampreview\n|\n|t:|1700450652\n|start\n|switch|p1a: Espeon|Espeon, F|100\/100\n|switch|p2a: Inteleon|Inteleon, F|100\/100\n|turn|1\n|\n|t:|1700450658\n|move|p2a: Inteleon|Snipe Shot|p1a: Espeon\n|-damage|p1a: Espeon|60\/100\n|move|p1a: Espeon|Light Screen|p1a: Espeon\n|-sidestart|p1: Lucvanbaaren|move: Light Screen\n|\n|upkeep\n|turn|2\n|\n|t:|1700450664\n|move|p2a: Inteleon|Snipe Shot|p1a: Espeon\n|-damage|p1a: Espeon|37\/100\n|move|p1a: Espeon|Yawn|p2a: Inteleon\n|-start|p2a: Inteleon|move: Yawn|[of] p1a: Espeon\n|\n|upkeep\n|turn|3\n|\n|t:|1700450671\n|switch|p1a: Gyarados|Gyarados, M|100\/100\n|move|p2a: Inteleon|Flip Turn|p1a: Gyarados\n|-resisted|p1a: Gyarados\n|-damage|p1a: Gyarados|91\/100\n|\n|t:|1700450684\n|switch|p2a: Garchomp|Garchomp, F|100\/100|[from] Flip Turn\n|\n|-heal|p1a: Gyarados|97\/100|[from] item: Leftovers\n|upkeep\n|turn|4\n|\n|t:|1700450689\n|move|p1a: Gyarados|Taunt|p2a: Garchomp\n|-start|p2a: Garchomp|move: Taunt\n|move|p2a: Garchomp|Dragon Claw|p1a: Gyarados\n|-damage|p1a: Gyarados|40\/100\n|\n|-heal|p1a: Gyarados|46\/100|[from] item: Leftovers\n|upkeep\n|turn|5\n|\n|t:|1700450698\n|switch|p1a: Quaquaval|Quaquaval, F|100\/100\n|move|p2a: Garchomp|Dragon Claw|p1a: Quaquaval\n|-damage|p1a: Quaquaval|51\/100\n|\n|-heal|p1a: Quaquaval|57\/100|[from] item: Leftovers\n|upkeep\n|turn|6\n|\n|t:|1700450705\n|move|p1a: Quaquaval|Ice Spinner|p2a: Garchomp\n|-supereffective|p2a: Garchomp\n|-damage|p2a: Garchomp|19\/100\n|-damage|p1a: Quaquaval|45\/100|[from] ability: Rough Skin|[of] p2a: Garchomp\n|move|p2a: Garchomp|Earthquake|p1a: Quaquaval\n|-damage|p1a: Quaquaval|0 fnt\n|faint|p1a: Quaquaval\n|\n|-heal|p2a: Garchomp|25\/100|[from] item: Leftovers\n|-end|p2a: Garchomp|move: Taunt\n|upkeep\n|\n|t:|1700450710\n|switch|p1a: Sandy Shocks|Sandy Shocks|100\/100\n|-enditem|p1a: Sandy Shocks|Booster Energy\n|-activate|p1a: Sandy Shocks|ability: Protosynthesis|[fromitem]\n|-start|p1a: Sandy Shocks|protosynthesisspe\n|turn|7\n|\n|t:|1700450715\n|move|p1a: Sandy Shocks|Earth Power|p2a: Garchomp\n|-damage|p2a: Garchomp|0 fnt\n|faint|p2a: Garchomp\n|\n|upkeep\n|\n|t:|1700450728\n|switch|p2a: Brute Bonnet|Brute Bonnet|100\/100\n|-enditem|p2a: Brute Bonnet|Booster Energy\n|-activate|p2a: Brute Bonnet|ability: Protosynthesis|[fromitem]\n|-start|p2a: Brute Bonnet|protosynthesisatk\n|turn|8\n|\n|t:|1700450734\n|move|p1a: Sandy Shocks|Stealth Rock|p2a: Brute Bonnet\n|-sidestart|p2: Jackdsaurus|move: Stealth Rock\n|move|p2a: Brute Bonnet|Seed Bomb|p1a: Sandy Shocks\n|-supereffective|p1a: Sandy Shocks\n|-damage|p1a: Sandy Shocks|0 fnt\n|faint|p1a: Sandy Shocks\n|-end|p1a: Sandy Shocks|Protosynthesis|[silent]\n|\n|-sideend|p1: Lucvanbaaren|move: Light Screen\n|upkeep\n|\n|t:|1700450742\n|switch|p1a: Scizor|Scizor, M|100\/100\n|turn|9\n|\n|t:|1700450745\n|-terastallize|p2a: Brute Bonnet|Fire\n|move|p1a: Scizor|U-turn|p2a: Brute Bonnet\n|-resisted|p2a: Brute Bonnet\n|-damage|p2a: Brute Bonnet|78\/100\n|-damage|p1a: Scizor|91\/100|[from] item: Life Orb\n|\n|t:|1700450750\n|switch|p1a: Gyarados|Gyarados, M|46\/100|[from] U-turn\n|move|p2a: Brute Bonnet|Tera Blast|p1a: Gyarados|[anim] Tera Blast Fire\n|-resisted|p1a: Gyarados\n|-crit|p1a: Gyarados\n|-damage|p1a: Gyarados|0 fnt\n|faint|p1a: Gyarados\n|\n|upkeep\n|\n|t:|1700450752\n|switch|p1a: Tyranitar|Tyranitar, M|100\/100\n|-weather|Sandstorm|[from] ability: Sand Stream|[of] p1a: Tyranitar\n|turn|10\n|\n|t:|1700450760\n|move|p1a: Tyranitar|Dragon Dance|p1a: Tyranitar\n|-boost|p1a: Tyranitar|atk|1\n|-boost|p1a: Tyranitar|spe|1\n|move|p2a: Brute Bonnet|Seed Bomb|p1a: Tyranitar\n|-supereffective|p1a: Tyranitar\n|-damage|p1a: Tyranitar|0 fnt\n|faint|p1a: Tyranitar\n|\n|-weather|Sandstorm|[upkeep]\n|-damage|p2a: Brute Bonnet|72\/100|[from] Sandstorm\n|upkeep\n|\n|t:|1700450763\n|switch|p1a: Scizor|Scizor, M|91\/100\n|turn|11\n|\n|t:|1700450770\n|-terastallize|p1a: Scizor|Fire\n|move|p1a: Scizor|Close Combat|p2a: Brute Bonnet\n|-damage|p2a: Brute Bonnet|22\/100\n|-unboost|p1a: Scizor|def|1\n|-unboost|p1a: Scizor|spd|1\n|-damage|p1a: Scizor|81\/100|[from] item: Life Orb\n|move|p2a: Brute Bonnet|Tera Blast|p1a: Scizor|[anim] Tera Blast Fire\n|-resisted|p1a: Scizor\n|-damage|p1a: Scizor|28\/100\n|\n|-weather|Sandstorm|[upkeep]\n|-damage|p1a: Scizor|22\/100|[from] Sandstorm\n|-damage|p2a: Brute Bonnet|16\/100|[from] Sandstorm\n|upkeep\n|turn|12\n|\n|t:|1700450779\n|move|p2a: Brute Bonnet|Sucker Punch|p1a: Scizor\n|-damage|p1a: Scizor|0 fnt\n|faint|p1a: Scizor\n|\n|-weather|Sandstorm|[upkeep]\n|-damage|p2a: Brute Bonnet|10\/100|[from] Sandstorm\n|upkeep\n|-message|Lucvanbaaren forfeited.\n|\n|win|Jackdsaurus\n|raw|Lucvanbaaren's rating: 1074 &rarr; <strong>1057<\/strong><br \/>(-17 for losing)\n|raw|Jackdsaurus's rating: 1149 &rarr; <strong>1169<\/strong><br \/>(+20 for winning)\n|l|\u2606Lucvanbaaren\n","uploadtime":1700450786,"views":10,"p1id":"lucvanbaaren","p2id":"jackdsaurus","formatid":"gen9ou","rating":1057,"private":0,"password":""}