{"id":"gen9ou-1992151246","p1":"senegal","p2":"jobey","format":"[Gen 9] OU","log":"|j|\u2606senegal\n|j|\u2606jobey\n|inactive|Battle timer is ON: inactive players will automatically lose when time's up.\n|t:|1700159271\n|gametype|singles\n|player|p1|senegal|102|\n|player|p2|jobey|169|\n|teamsize|p1|6\n|teamsize|p2|6\n|gen|9\n|tier|[Gen 9] OU\n|rated|Tournament battle\n|rule|Sleep Clause Mod: Limit one foe put to sleep\n|rule|OHKO Clause: OHKO moves are banned\n|rule|Evasion Items Clause: Evasion items are banned\n|rule|Evasion Moves Clause: Evasion moves are banned\n|rule|Endless Battle Clause: Forcing endless battles is banned\n|rule|HP Percentage Mod: HP is shown in percentages\n|clearpoke\n|poke|p1|Rotom-Heat|\n|poke|p1|Rotom|\n|poke|p1|Rotom|\n|poke|p1|Rotom-Heat|\n|poke|p1|Rotom-Heat|\n|poke|p1|Rotom-Heat|\n|poke|p2|Rotom-Frost|\n|poke|p2|Rotom-Heat|\n|poke|p2|Rotom-Mow|\n|poke|p2|Rotom-Fan|\n|poke|p2|Rotom-Wash|\n|poke|p2|Rotom|\n|teampreview\n|j|*Lady Monita \u2746\n|\n|t:|1700159280\n|start\n|switch|p1a: Rotom|Rotom-Heat|100\/100\n|switch|p2a: Rotom|Rotom-Fan|100\/100\n|turn|1\n|\n|t:|1700159299\n|move|p2a: Rotom|Volt Switch|p1a: Rotom\n|-resisted|p1a: Rotom\n|-damage|p1a: Rotom|84\/100\n|\n|t:|1700159312\n|switch|p2a: Rotom|Rotom-Heat|100\/100|[from] Volt Switch\n|move|p1a: Rotom|Light Screen|p1a: Rotom\n|-sidestart|p1: senegal|move: Light Screen\n|\n|upkeep\n|turn|2\n|\n|t:|1700159318\n|move|p1a: Rotom|Night Shade|p2a: Rotom\n|-damage|p2a: Rotom|67\/100\n|move|p2a: Rotom|Nasty Plot|p2a: Rotom\n|-boost|p2a: Rotom|spa|2\n|\n|upkeep\n|turn|3\n|\n|t:|1700159334\n|move|p1a: Rotom|Night Shade|p2a: Rotom\n|-damage|p2a: Rotom|34\/100\n|move|p2a: Rotom|Overheat|p1a: Rotom\n|-resisted|p1a: Rotom\n|-damage|p1a: Rotom|61\/100\n|-unboost|p2a: Rotom|spa|2\n|\n|upkeep\n|turn|4\n|\n|t:|1700159343\n|move|p2a: Rotom|Nasty Plot|p2a: Rotom\n|-boost|p2a: Rotom|spa|2\n|move|p1a: Rotom|Night Shade|p2a: Rotom\n|-damage|p2a: Rotom|1\/100\n|\n|upkeep\n|turn|5\n|\n|t:|1700159350\n|move|p2a: Rotom|Overheat|p1a: Rotom\n|-resisted|p1a: Rotom\n|-damage|p1a: Rotom|36\/100\n|-unboost|p2a: Rotom|spa|2\n|move|p1a: Rotom|Volt Switch|p2a: Rotom\n|-resisted|p2a: Rotom\n|-damage|p2a: Rotom|0 fnt\n|faint|p2a: Rotom\n|\n|t:|1700159353\n|switch|p1a: Rotom|Rotom|100\/100|[from] Volt Switch\n|\n|upkeep\n|\n|t:|1700159371\n|switch|p2a: Rotom|Rotom|100\/100\n|turn|6\n|\n|t:|1700159384\n|move|p2a: Rotom|Shadow Ball|p1a: Rotom\n|-supereffective|p1a: Rotom\n|-damage|p1a: Rotom|40\/100\n|move|p1a: Rotom|Shadow Ball|p2a: Rotom\n|-supereffective|p2a: Rotom\n|-damage|p2a: Rotom|0 fnt\n|faint|p2a: Rotom\n|\n|upkeep\n|j| gugubean111\n|\n|t:|1700159396\n|switch|p2a: Rotom|Rotom-Frost|100\/100\n|turn|7\n|\n|t:|1700159402\n|move|p1a: Rotom|Shadow Ball|p2a: Rotom\n|-damage|p2a: Rotom|35\/100\n|-unboost|p2a: Rotom|spd|1\n|move|p2a: Rotom|Blizzard|p1a: Rotom\n|-damage|p1a: Rotom|0 fnt\n|faint|p1a: Rotom\n|\n|upkeep\n|\n|t:|1700159418\n|switch|p1a: Rotom|Rotom-Heat|100\/100\n|turn|8\n|\n|t:|1700159423\n|move|p1a: Rotom|Overheat|p2a: Rotom\n|-supereffective|p2a: Rotom\n|-damage|p2a: Rotom|0 fnt\n|-unboost|p1a: Rotom|spa|2\n|faint|p2a: Rotom\n|\n|-sideend|p1: senegal|move: Light Screen\n|upkeep\n|\n|t:|1700159430\n|switch|p2a: Rotom|Rotom-Wash|100\/100\n|turn|9\n|\n|t:|1700159436\n|move|p1a: Rotom|Light Screen|p1a: Rotom\n|-sidestart|p1: senegal|move: Light Screen\n|move|p2a: Rotom|Hydro Pump|p1a: Rotom\n|-supereffective|p1a: Rotom\n|-damage|p1a: Rotom|56\/100\n|\n|-heal|p1a: Rotom|62\/100|[from] item: Leftovers\n|upkeep\n|turn|10\n|\n|t:|1700159449\n|move|p1a: Rotom|Night Shade|p2a: Rotom\n|-damage|p2a: Rotom|68\/100\n|move|p2a: Rotom|Hydro Pump|p1a: Rotom\n|-supereffective|p1a: Rotom\n|-damage|p1a: Rotom|18\/100\n|\n|-heal|p1a: Rotom|24\/100|[from] item: Leftovers\n|-heal|p2a: Rotom|74\/100|[from] item: Leftovers\n|upkeep\n|turn|11\n|\n|t:|1700159458\n|move|p2a: Rotom|Protect|p2a: Rotom\n|-singleturn|p2a: Rotom|Protect\n|move|p1a: Rotom|Night Shade|p2a: Rotom\n|-activate|p2a: Rotom|move: Protect\n|\n|-heal|p1a: Rotom|30\/100|[from] item: Leftovers\n|-heal|p2a: Rotom|80\/100|[from] item: Leftovers\n|upkeep\n|turn|12\n|\n|t:|1700159466\n|move|p1a: Rotom|Night Shade|p2a: Rotom\n|-damage|p2a: Rotom|47\/100\n|move|p2a: Rotom|Hydro Pump|p1a: Rotom\n|-supereffective|p1a: Rotom\n|-damage|p1a: Rotom|0 fnt\n|faint|p1a: Rotom\n|\n|-heal|p2a: Rotom|53\/100|[from] item: Leftovers\n|upkeep\n|\n|t:|1700159475\n|switch|p1a: Rotom|Rotom|100\/100\n|turn|13\n|\n|t:|1700159478\n|move|p2a: Rotom|Protect|p2a: Rotom\n|-singleturn|p2a: Rotom|Protect\n|move|p1a: Rotom|Shadow Ball|p2a: Rotom\n|-activate|p2a: Rotom|move: Protect\n|\n|-heal|p2a: Rotom|60\/100|[from] item: Leftovers\n|-sideend|p1: senegal|move: Light Screen\n|upkeep\n|turn|14\n|\n|t:|1700159494\n|switch|p2a: Rotom|Rotom-Mow|100\/100\n|move|p1a: Rotom|Shadow Ball|p2a: Rotom\n|-damage|p2a: Rotom|53\/100\n|\n|upkeep\n|turn|15\n|\n|t:|1700159509\n|switch|p1a: Rotom|Rotom-Heat|36\/100\n|move|p2a: Rotom|Leaf Storm|p1a: Rotom\n|-resisted|p1a: Rotom\n|-damage|p1a: Rotom|5\/100\n|-unboost|p2a: Rotom|spa|2\n|\n|upkeep\n|turn|16\n|\n|t:|1700159516\n|move|p2a: Rotom|Leaf Storm|p1a: Rotom|[miss]\n|-miss|p2a: Rotom|p1a: Rotom\n|move|p1a: Rotom|Light Screen|p1a: Rotom\n|-sidestart|p1: senegal|move: Light Screen\n|\n|upkeep\n|turn|17\n|\n|t:|1700159522\n|move|p2a: Rotom|Leaf Storm|p1a: Rotom\n|-resisted|p1a: Rotom\n|-damage|p1a: Rotom|0 fnt\n|-unboost|p2a: Rotom|spa|2\n|faint|p1a: Rotom\n|\n|upkeep\n|\n|t:|1700159533\n|switch|p1a: Rotom|Rotom-Heat|100\/100\n|turn|18\n|\n|t:|1700159541\n|move|p2a: Rotom|Leaf Storm|p1a: Rotom\n|-resisted|p1a: Rotom\n|-damage|p1a: Rotom|96\/100\n|-unboost|p2a: Rotom|spa|2\n|move|p1a: Rotom|Volt Switch|p2a: Rotom\n|-resisted|p2a: Rotom\n|-damage|p2a: Rotom|44\/100\n|\n|t:|1700159546\n|switch|p1a: Rotom|Rotom|100\/100|[from] Volt Switch\n|\n|upkeep\n|turn|19\n|\n|t:|1700159551\n|move|p1a: Rotom|Shadow Ball|p2a: Rotom\n|-damage|p2a: Rotom|0 fnt\n|faint|p2a: Rotom\n|\n|upkeep\n|\n|t:|1700159557\n|switch|p2a: Rotom|Rotom-Fan|100\/100\n|turn|20\n|\n|t:|1700159562\n|move|p1a: Rotom|Shadow Ball|p2a: Rotom\n|-damage|p2a: Rotom|57\/100\n|move|p2a: Rotom|Air Slash|p1a: Rotom\n|-resisted|p1a: Rotom\n|-damage|p1a: Rotom|85\/100\n|\n|upkeep\n|turn|21\n|\n|t:|1700159569\n|move|p1a: Rotom|Shadow Ball|p2a: Rotom\n|-damage|p2a: Rotom|13\/100\n|move|p2a: Rotom|Air Slash|p1a: Rotom\n|-resisted|p1a: Rotom\n|-damage|p1a: Rotom|70\/100\n|\n|upkeep\n|turn|22\n|\n|t:|1700159579\n|move|p1a: Rotom|Shadow Ball|p2a: Rotom\n|-damage|p2a: Rotom|0 fnt\n|faint|p2a: Rotom\n|\n|upkeep\n|\n|t:|1700159588\n|switch|p2a: Rotom|Rotom-Wash|60\/100\n|turn|23\n|\n|t:|1700159591\n|move|p2a: Rotom|Protect|p2a: Rotom\n|-singleturn|p2a: Rotom|Protect\n|move|p1a: Rotom|Shadow Ball|p2a: Rotom\n|-activate|p2a: Rotom|move: Protect\n|\n|-heal|p2a: Rotom|66\/100|[from] item: Leftovers\n|-sideend|p1: senegal|move: Light Screen\n|upkeep\n|turn|24\n|\n|t:|1700159600\n|move|p1a: Rotom|Shadow Ball|p2a: Rotom\n|-damage|p2a: Rotom|32\/100\n|move|p2a: Rotom|Hydro Pump|p1a: Rotom\n|-damage|p1a: Rotom|0 fnt\n|faint|p1a: Rotom\n|\n|-heal|p2a: Rotom|39\/100|[from] item: Leftovers\n|upkeep\n|\n|t:|1700159607\n|switch|p1a: Rotom|Rotom-Heat|100\/100\n|turn|25\n|\n|t:|1700159610\n|move|p1a: Rotom|Night Shade|p2a: Rotom\n|-damage|p2a: Rotom|6\/100\n|move|p2a: Rotom|Hydro Pump|p1a: Rotom\n|-supereffective|p1a: Rotom\n|-damage|p1a: Rotom|39\/100\n|\n|-heal|p2a: Rotom|12\/100|[from] item: Leftovers\n|upkeep\n|turn|26\n|\n|t:|1700159617\n|move|p2a: Rotom|Protect|p2a: Rotom\n|-singleturn|p2a: Rotom|Protect\n|move|p1a: Rotom|Night Shade|p2a: Rotom\n|-activate|p2a: Rotom|move: Protect\n|\n|-heal|p2a: Rotom|18\/100|[from] item: Leftovers\n|upkeep\n|turn|27\n|\n|t:|1700159624\n|move|p1a: Rotom|Night Shade|p2a: Rotom\n|-damage|p2a: Rotom|0 fnt\n|faint|p2a: Rotom\n|\n|win|senegal\n|n|\u2606senegal|senegal\n|n|\u2606jobey|jobey\n|n|*Lady Monita \u2746|ladymonita\n|n| gugubean111|gugubean111\n","uploadtime":1700159625,"views":7,"p1id":"senegal","p2id":"jobey","formatid":"gen9ou","rating":0,"private":0,"password":""}