{"id":"gen9ou-1991566047","p1":"Dingles Apetitosis","p2":"nooob ninja","format":"[Gen 9] OU","log":"|j|\u2606Dingles Apetitosis\n|j|\u2606nooob ninja\n|inactive|Battle timer is ON: inactive players will automatically lose when time's up.\n|t:|1700089024\n|gametype|singles\n|player|p1|Dingles Apetitosis|266|\n|player|p2|nooob ninja|hilbert|\n|teamsize|p1|6\n|teamsize|p2|6\n|gen|9\n|tier|[Gen 9] OU\n|rated|Tournament battle\n|rule|Sleep Clause Mod: Limit one foe put to sleep\n|rule|Species Clause: Limit one of each Pok\u00e9mon\n|rule|OHKO Clause: OHKO moves are banned\n|rule|Evasion Items Clause: Evasion items are banned\n|rule|Evasion Moves Clause: Evasion moves are banned\n|rule|Endless Battle Clause: Forcing endless battles is banned\n|rule|HP Percentage Mod: HP is shown in percentages\n|clearpoke\n|poke|p1|Enamorus, F|\n|poke|p1|Ting-Lu|\n|poke|p1|Corviknight, M|\n|poke|p1|Cinderace, F|\n|poke|p1|Ogerpon-Wellspring, F|\n|poke|p1|Dragapult, F|\n|poke|p2|Dragapult, F|\n|poke|p2|Hawlucha, F|\n|poke|p2|Sandy Shocks|\n|poke|p2|Iron Valiant|\n|poke|p2|Kingambit, F|\n|poke|p2|Rillaboom, M|\n|teampreview\n|j| moaisito\n|j| Bad Players\n|\n|t:|1700089037\n|start\n|switch|p1a: Ogerpon|Ogerpon-Wellspring, F|100\/100\n|switch|p2a: Sandy Shocks|Sandy Shocks|100\/100\n|-enditem|p2a: Sandy Shocks|Booster Energy\n|-activate|p2a: Sandy Shocks|ability: Protosynthesis|[fromitem]\n|-start|p2a: Sandy Shocks|protosynthesisspe\n|turn|1\n|c|\u2606Dingles Apetitosis|hf\n|\n|t:|1700089044\n|move|p2a: Sandy Shocks|Stealth Rock|p1a: Ogerpon\n|-sidestart|p1: Dingles Apetitosis|move: Stealth Rock\n|move|p1a: Ogerpon|Ivy Cudgel|p2a: Sandy Shocks|[anim] Ivy Cudgel Water\n|-supereffective|p2a: Sandy Shocks\n|-damage|p2a: Sandy Shocks|0 fnt\n|faint|p2a: Sandy Shocks\n|-end|p2a: Sandy Shocks|Protosynthesis|[silent]\n|\n|upkeep\n|c|\u2606nooob ninja|u2\n|\n|t:|1700089052\n|switch|p2a: Rillaboom|Rillaboom, M|100\/100\n|-fieldstart|move: Grassy Terrain|[from] ability: Grassy Surge|[of] p2a: Rillaboom\n|turn|2\n|j| Calydon\n|\n|t:|1700089056\n|switch|p1a: Corviknight|Corviknight, M|100\/100\n|-damage|p1a: Corviknight|88\/100|[from] Stealth Rock\n|-ability|p1a: Corviknight|Pressure\n|move|p2a: Rillaboom|U-turn|p1a: Corviknight\n|-resisted|p1a: Corviknight\n|-damage|p1a: Corviknight|83\/100\n|-damage|p2a: Rillaboom|84\/100|[from] item: Rocky Helmet|[of] p1a: Corviknight\n|l| Calydon\n|j| sandveil10\n|inactive|nooob ninja has 120 seconds left.\n|\n|t:|1700089096\n|switch|p2a: Dragapult|Dragapult, F|100\/100|[from] U-turn\n|\n|upkeep\n|turn|3\n|\n|t:|1700089101\n|move|p2a: Dragapult|Fire Blast|p1a: Corviknight\n|-supereffective|p1a: Corviknight\n|-damage|p1a: Corviknight|16\/100\n|-damage|p2a: Dragapult|91\/100|[from] item: Life Orb\n|move|p1a: Corviknight|Defog|p2a: Dragapult\n|-fail|p2a: Dragapult|unboost|[from] ability: Clear Body|[of] p2a: Dragapult\n|-sideend|p1: Dingles Apetitosis|Stealth Rock|[from] move: Defog|[of] p1a: Corviknight\n|-fieldend|move: Grassy Terrain\n|\n|upkeep\n|turn|4\n|\n|t:|1700089110\n|move|p2a: Dragapult|Dragon Darts|p1a: Corviknight\n|-resisted|p1a: Corviknight\n|-damage|p1a: Corviknight|6\/100\n|-anim|p2a: Dragapult|Dragon Darts|p1a: Corviknight\n|-resisted|p1a: Corviknight\n|-damage|p1a: Corviknight|0 fnt\n|faint|p1a: Corviknight\n|-damage|p2a: Dragapult|81\/100|[from] item: Life Orb\n|\n|upkeep\n|\n|t:|1700089112\n|switch|p1a: Enamorus|Enamorus, F|100\/100\n|turn|5\n|inactive|nooob ninja has 120 seconds left.\n|inactive|nooob ninja has 90 seconds left.\n|\n|t:|1700089190\n|move|p2a: Dragapult|Phantom Force||[still]\n|-prepare|p2a: Dragapult|Phantom Force\n|move|p1a: Enamorus|Moonblast|p2a: Dragapult|[miss]\n|-miss|p1a: Enamorus|p2a: Dragapult\n|\n|upkeep\n|turn|6\n|\n|t:|1700089217\n|switch|p1a: Ting-Lu|Ting-Lu|100\/100\n|-ability|p1a: Ting-Lu|Vessel of Ruin\n|move|p2a: Dragapult|Phantom Force|p1a: Ting-Lu|[from]lockedmove\n|-resisted|p1a: Ting-Lu\n|-damage|p1a: Ting-Lu|86\/100\n|-damage|p2a: Dragapult|71\/100|[from] item: Life Orb\n|\n|-heal|p1a: Ting-Lu|92\/100|[from] item: Leftovers\n|upkeep\n|turn|7\n|\n|t:|1700089230\n|switch|p2a: Rillaboom|Rillaboom, M|84\/100\n|-fieldstart|move: Grassy Terrain|[from] ability: Grassy Surge|[of] p2a: Rillaboom\n|move|p1a: Ting-Lu|Earthquake|p2a: Rillaboom\n|-resisted|p2a: Rillaboom\n|-damage|p2a: Rillaboom|74\/100\n|\n|-heal|p2a: Rillaboom|81\/100|[from] Grassy Terrain\n|-heal|p1a: Ting-Lu|98\/100|[from] Grassy Terrain\n|-heal|p1a: Ting-Lu|100\/100|[from] item: Leftovers\n|upkeep\n|turn|8\n|\n|t:|1700089236\n|move|p2a: Rillaboom|Wood Hammer|p1a: Ting-Lu\n|-supereffective|p1a: Ting-Lu\n|-crit|p1a: Ting-Lu\n|-damage|p1a: Ting-Lu|0 fnt\n|faint|p1a: Ting-Lu\n|-damage|p2a: Rillaboom|31\/100|[from] Recoil\n|\n|-heal|p2a: Rillaboom|37\/100|[from] Grassy Terrain\n|upkeep\n|\n|t:|1700089241\n|switch|p1a: Cinderace|Cinderace, F|100\/100\n|turn|9\n|inactive|nooob ninja has 90 seconds left.\n|inactive|nooob ninja has 60 seconds left.\n|\n|t:|1700089303\n|switch|p2a: Dragapult|Dragapult, F|71\/100\n|move|p1a: Cinderace|U-turn|p2a: Dragapult\n|-start|p1a: Cinderace|typechange|Bug|[from] ability: Libero\n|-resisted|p2a: Dragapult\n|-damage|p2a: Dragapult|48\/100\n|\n|t:|1700089315\n|switch|p1a: Dragapult|Dragapult, F|100\/100|[from] U-turn\n|\n|-heal|p2a: Dragapult|54\/100|[from] Grassy Terrain\n|upkeep\n|turn|10\n|inactive|nooob ninja has 60 seconds left.\n|\n|t:|1700089322\n|switch|p2a: Kingambit|Kingambit, F|100\/100\n|-activate|p2a: Kingambit|ability: Supreme Overlord\n|-start|p2a: Kingambit|fallen1|[silent]\n|-terastallize|p1a: Dragapult|Fairy\n|move|p1a: Dragapult|Draco Meteor|p2a: Kingambit\n|-resisted|p2a: Kingambit\n|-damage|p2a: Kingambit|67\/100\n|-unboost|p1a: Dragapult|spa|2\n|\n|-heal|p2a: Kingambit|73\/100|[from] Grassy Terrain\n|upkeep\n|turn|11\n|inactive|nooob ninja has 60 seconds left.\n|\n|t:|1700089336\n|move|p1a: Dragapult|Will-O-Wisp|p2a: Kingambit\n|-status|p2a: Kingambit|brn\n|-enditem|p2a: Kingambit|Lum Berry|[eat]\n|-curestatus|p2a: Kingambit|brn|[msg]\n|move|p2a: Kingambit|Kowtow Cleave|p1a: Dragapult\n|-resisted|p1a: Dragapult\n|-damage|p1a: Dragapult|64\/100\n|\n|-heal|p1a: Dragapult|70\/100|[from] Grassy Terrain\n|-heal|p2a: Kingambit|79\/100|[from] Grassy Terrain\n|-fieldend|move: Grassy Terrain\n|upkeep\n|turn|12\n|inactive|nooob ninja has 60 seconds left.\n|\n|t:|1700089366\n|-end|p2a: Kingambit|fallen1|[silent]\n|switch|p2a: Iron Valiant|Iron Valiant|100\/100\n|-enditem|p2a: Iron Valiant|Booster Energy\n|-activate|p2a: Iron Valiant|ability: Quark Drive|[fromitem]\n|-start|p2a: Iron Valiant|quarkdrivespe\n|move|p1a: Dragapult|Will-O-Wisp|p2a: Iron Valiant\n|-status|p2a: Iron Valiant|brn\n|\n|-damage|p2a: Iron Valiant|94\/100 brn|[from] brn\n|upkeep\n|turn|13\n|\n|t:|1700089372\n|switch|p1a: Cinderace|Cinderace, F|100\/100\n|move|p2a: Iron Valiant|Moonblast|p1a: Cinderace\n|-resisted|p1a: Cinderace\n|-damage|p1a: Cinderace|66\/100\n|\n|-damage|p2a: Iron Valiant|88\/100 brn|[from] brn\n|upkeep\n|turn|14\n|\n|t:|1700089378\n|move|p2a: Iron Valiant|Moonblast|p1a: Cinderace\n|-resisted|p1a: Cinderace\n|-damage|p1a: Cinderace|34\/100\n|-unboost|p1a: Cinderace|spa|1\n|move|p1a: Cinderace|Pyro Ball|p2a: Iron Valiant\n|-damage|p2a: Iron Valiant|17\/100 brn\n|\n|-damage|p2a: Iron Valiant|11\/100 brn|[from] brn\n|upkeep\n|turn|15\n|inactive|nooob ninja has 60 seconds left.\n|\n|t:|1700089389\n|move|p1a: Cinderace|Sucker Punch||[still]\n|-fail|p1a: Cinderace\n|move|p2a: Iron Valiant|Destiny Bond|p2a: Iron Valiant\n|-singlemove|p2a: Iron Valiant|Destiny Bond\n|\n|-damage|p2a: Iron Valiant|5\/100 brn|[from] brn\n|upkeep\n|turn|16\n|inactive|nooob ninja has 60 seconds left.\n|l|\u2606Dingles Apetitosis\n|inactive|Dingles Apetitosis disconnected and has a minute to reconnect!\n|player|p1|\n|\n|t:|1700089403\n|move|p1a: Cinderace|Sucker Punch|p2a: Iron Valiant\n|-start|p1a: Cinderace|typechange|Dark|[from] ability: Libero\n|-resisted|p2a: Iron Valiant\n|-damage|p2a: Iron Valiant|0 fnt\n|faint|p2a: Iron Valiant\n|-activate|p2a: Iron Valiant|move: Destiny Bond\n|-end|p2a: Iron Valiant|Quark Drive|[silent]\n|faint|p1a: Cinderace\n|\n|upkeep\n|inactive|nooob ninja has 60 seconds left.\n|inactive|Dingles Apetitosis has 30 seconds to reconnect!\n|j|+goldtodd1\n|inactive|Dingles Apetitosis has 20 seconds to reconnect!\n|inactive|Dingles Apetitosis has 15 seconds to reconnect!\n|inactive|Dingles Apetitosis has 10 seconds to reconnect!\n|inactive|Dingles Apetitosis has 5 seconds to reconnect!\n|-message|Dingles Apetitosis lost due to inactivity.\n|\n|win|nooob ninja\n|n|\u2606nooob ninja|nooobninja\n|n| moaisito|moaisito\n|n| Bad Players|badplayers\n|n| sandveil10|sandveil10\n|n|+goldtodd1|goldtodd1\n","uploadtime":1700089466,"views":57,"p1id":"dinglesapetitosis","p2id":"nooobninja","formatid":"gen9ou","rating":0,"private":0,"password":""}