{"id":"gen9ou-1995230548","p1":"ollierob1","p2":"tapu moxo","format":"[Gen 9] OU","log":"|j|\u2606ollierob1\n|j|\u2606tapu moxo\n|t:|1700537494\n|gametype|singles\n|player|p1|ollierob1|169|1397\n|player|p2|tapu moxo|yellow|1355\n|teamsize|p1|6\n|teamsize|p2|6\n|gen|9\n|tier|[Gen 9] OU\n|rated|\n|rule|Sleep Clause Mod: Limit one foe put to sleep\n|rule|Species Clause: Limit one of each Pok\u00e9mon\n|rule|OHKO Clause: OHKO moves are banned\n|rule|Evasion Items Clause: Evasion items are banned\n|rule|Evasion Moves Clause: Evasion moves are banned\n|rule|Endless Battle Clause: Forcing endless battles is banned\n|rule|HP Percentage Mod: HP is shown in percentages\n|clearpoke\n|poke|p1|Samurott-Hisui, M|\n|poke|p1|Gholdengo|\n|poke|p1|Kingambit, F|\n|poke|p1|Iron Valiant|\n|poke|p1|Rillaboom, F|\n|poke|p1|Great Tusk|\n|poke|p2|Ribombee, F|\n|poke|p2|Great Tusk|\n|poke|p2|Kingambit, M|\n|poke|p2|Ogerpon-Wellspring, F|\n|poke|p2|Gholdengo|\n|poke|p2|Kleavor, F|\n|teampreview\n|inactive|Battle timer is ON: inactive players will automatically lose when time's up. (requested by tapu moxo)\n|\n|t:|1700537508\n|start\n|switch|p1a: Great Tusk|Great Tusk|100\/100\n|switch|p2a: Ribombee|Ribombee, F|100\/100\n|-enditem|p1a: Great Tusk|Booster Energy\n|-activate|p1a: Great Tusk|ability: Protosynthesis|[fromitem]\n|-start|p1a: Great Tusk|protosynthesisspe\n|turn|1\n|\n|t:|1700537515\n|move|p1a: Great Tusk|Taunt|p2a: Ribombee\n|-start|p2a: Ribombee|move: Taunt\n|cant|p2a: Ribombee|move: Taunt|Sticky Web\n|\n|upkeep\n|turn|2\n|\n|t:|1700537524\n|switch|p2a: Gholdengo|Gholdengo|100\/100\n|-item|p2a: Gholdengo|Air Balloon\n|move|p1a: Great Tusk|Stealth Rock|p2a: Gholdengo\n|-sidestart|p2: tapu moxo|move: Stealth Rock\n|\n|upkeep\n|turn|3\n|\n|t:|1700537530\n|move|p1a: Great Tusk|Ice Spinner|p2a: Gholdengo\n|-resisted|p2a: Gholdengo\n|-damage|p2a: Gholdengo|86\/100\n|-enditem|p2a: Gholdengo|Air Balloon\n|move|p2a: Gholdengo|Make It Rain|p1a: Great Tusk\n|-damage|p1a: Great Tusk|23\/100\n|-unboost|p2a: Gholdengo|spa|1\n|\n|upkeep\n|turn|4\n|\n|t:|1700537541\n|-terastallize|p2a: Gholdengo|Fighting\n|move|p1a: Great Tusk|Headlong Rush|p2a: Gholdengo\n|-damage|p2a: Gholdengo|26\/100\n|-unboost|p1a: Great Tusk|def|1\n|-unboost|p1a: Great Tusk|spd|1\n|move|p2a: Gholdengo|Make It Rain|p1a: Great Tusk\n|-damage|p1a: Great Tusk|0 fnt\n|-unboost|p2a: Gholdengo|spa|1\n|faint|p1a: Great Tusk\n|-end|p1a: Great Tusk|Protosynthesis|[silent]\n|\n|upkeep\n|inactive|ollierob1 has 120 seconds left.\n|\n|t:|1700537583\n|switch|p1a: Iron Valiant|Iron Valiant|100\/100\n|-enditem|p1a: Iron Valiant|Booster Energy\n|-activate|p1a: Iron Valiant|ability: Quark Drive|[fromitem]\n|-start|p1a: Iron Valiant|quarkdrivespe\n|turn|5\n|\n|t:|1700537594\n|move|p1a: Iron Valiant|Moonblast|p2a: Gholdengo\n|-supereffective|p2a: Gholdengo\n|-damage|p2a: Gholdengo|0 fnt\n|faint|p2a: Gholdengo\n|\n|upkeep\n|\n|t:|1700537615\n|switch|p2a: Kingambit|Kingambit, M, shiny|100\/100\n|-damage|p2a: Kingambit|94\/100|[from] Stealth Rock\n|-activate|p2a: Kingambit|ability: Supreme Overlord\n|-start|p2a: Kingambit|fallen1|[silent]\n|turn|6\n|\n|t:|1700537624\n|move|p1a: Iron Valiant|Close Combat|p2a: Kingambit\n|-supereffective|p2a: Kingambit\n|-damage|p2a: Kingambit|0 fnt\n|-unboost|p1a: Iron Valiant|def|1\n|-unboost|p1a: Iron Valiant|spd|1\n|faint|p2a: Kingambit\n|-end|p2a: Kingambit|fallen1|[silent]\n|\n|upkeep\n|\n|t:|1700537627\n|switch|p2a: Ogerpon|Ogerpon-Wellspring, F|100\/100\n|-damage|p2a: Ogerpon|88\/100|[from] Stealth Rock\n|turn|7\n|\n|t:|1700537632\n|move|p1a: Iron Valiant|Destiny Bond|p1a: Iron Valiant\n|-singlemove|p1a: Iron Valiant|Destiny Bond\n|move|p2a: Ogerpon|Ivy Cudgel|p1a: Iron Valiant|[anim] Ivy Cudgel Water\n|-damage|p1a: Iron Valiant|0 fnt\n|faint|p1a: Iron Valiant\n|-activate|p1a: Iron Valiant|move: Destiny Bond\n|-end|p1a: Iron Valiant|Quark Drive|[silent]\n|faint|p2a: Ogerpon\n|\n|upkeep\n|\n|t:|1700537637\n|switch|p1a: Samurott|Samurott-Hisui, M|100\/100\n|switch|p2a: Ribombee|Ribombee, F|100\/100\n|-damage|p2a: Ribombee|76\/100|[from] Stealth Rock\n|turn|8\n|\n|t:|1700537640\n|move|p1a: Samurott|Razor Shell|p2a: Ribombee\n|-damage|p2a: Ribombee|0 fnt\n|faint|p2a: Ribombee\n|\n|upkeep\n|c|\u2606ollierob1|Gg\n|c|\u2606tapu moxo|wtf\n|c|\u2606ollierob1|Yeah you\u2019re bad\n|c|\u2606tapu moxo|all speed mons\n|c|\u2606tapu moxo|and u are 1400\n|c|\u2606tapu moxo|lmao\n|inactive|tapu moxo has 120 seconds left.\n|c|\u2606ollierob1|Thanks for the elo mate\n|c|\u2606ollierob1|maybe you\u2019ll win with webs at some point\n|c|\u2606tapu moxo|suck my c 0ck weirdo\n|inactiveoff|Battle timer is now OFF.\n|c|\u2606ollierob1|Damn\n|inactive|Battle timer is ON: inactive players will automatically lose when time's up. (requested by ollierob1)\n|inactive|tapu moxo has 90 seconds left.\n|inactive|tapu moxo has 60 seconds left.\n|\n|t:|1700537780\n|switch|p2a: Great Tusk|Great Tusk|100\/100\n|turn|9\n|inactive|tapu moxo has 30 seconds left.\n|inactive|tapu moxo has 20 seconds left.\n|inactive|tapu moxo has 15 seconds left.\n|inactive|tapu moxo has 10 seconds left.\n|\n|t:|1700537834\n|move|p1a: Samurott|Razor Shell|p2a: Great Tusk\n|-supereffective|p2a: Great Tusk\n|-damage|p2a: Great Tusk|32\/100\n|move|p2a: Great Tusk|Rapid Spin|p1a: Samurott\n|-damage|p1a: Samurott|77\/100\n|-boost|p2a: Great Tusk|spe|1\n|-sideend|p2: tapu moxo|Stealth Rock|[from] move: Rapid Spin|[of] p2a: Great Tusk\n|\n|upkeep\n|turn|10\n|inactive|tapu moxo has 20 seconds left this turn.\n|inactive|tapu moxo has 15 seconds left.\n|inactive|tapu moxo has 10 seconds left.\n|inactive|tapu moxo has 5 seconds left.\n|-message|tapu moxo lost due to inactivity.\n|\n|win|ollierob1\n|raw|ollierob1's rating: 1397 &rarr; <strong>1415<\/strong><br \/>(+18 for winning)\n|raw|tapu moxo's rating: 1355 &rarr; <strong>1337<\/strong><br \/>(-18 for losing)\n","uploadtime":1700537691,"views":16,"p1id":"ollierob1","p2id":"tapumoxo","formatid":"gen9ou","rating":1337,"private":0,"password":""}