{"id":"gen9ou-1989332167","p1":"sowalemonz","p2":"freyitf","format":"[Gen 9] OU","log":"|j|\u2606sowalemonz\n|j|\u2606freyitf\n|t:|1699837346\n|gametype|singles\n|player|p1|sowalemonz|battlegirl-gen4|1053\n|player|p2|freyitf|170|1050\n|teamsize|p1|6\n|teamsize|p2|6\n|gen|9\n|tier|[Gen 9] OU\n|rated|\n|rule|Sleep Clause Mod: Limit one foe put to sleep\n|rule|Species Clause: Limit one of each Pok\u00e9mon\n|rule|OHKO Clause: OHKO moves are banned\n|rule|Evasion Items Clause: Evasion items are banned\n|rule|Evasion Moves Clause: Evasion moves are banned\n|rule|Endless Battle Clause: Forcing endless battles is banned\n|rule|HP Percentage Mod: HP is shown in percentages\n|clearpoke\n|poke|p1|Blissey, F|\n|poke|p1|Toxapex, F|\n|poke|p1|Ribombee, M|\n|poke|p1|Grimmsnarl, M|\n|poke|p1|Avalugg, M|\n|poke|p1|Cinderace, F|\n|poke|p2|Meowscarada, F|\n|poke|p2|Azumarill, F|\n|poke|p2|Clodsire, M|\n|poke|p2|Talonflame, F|\n|poke|p2|Lycanroc-Dusk, M|\n|poke|p2|Bellibolt, M|\n|teampreview\n|inactive|Battle timer is ON: inactive players will automatically lose when time's up. (requested by sowalemonz)\n|\n|t:|1699837352\n|start\n|switch|p1a: Grimmsnarl|Grimmsnarl, M|100\/100\n|switch|p2a: Meowscarada|Meowscarada, F|100\/100\n|turn|1\n|\n|t:|1699837373\n|move|p1a: Grimmsnarl|Reflect|p1a: Grimmsnarl\n|-sidestart|p1: sowalemonz|Reflect\n|move|p2a: Meowscarada|Toxic Spikes|p1a: Grimmsnarl\n|-start|p2a: Meowscarada|typechange|Poison|[from] ability: Protean\n|-sidestart|p1: sowalemonz|move: Toxic Spikes\n|\n|upkeep\n|turn|2\n|\n|t:|1699837383\n|move|p1a: Grimmsnarl|Taunt|p2a: Meowscarada\n|-start|p2a: Meowscarada|move: Taunt\n|move|p2a: Meowscarada|Knock Off|p1a: Grimmsnarl\n|-resisted|p1a: Grimmsnarl\n|-damage|p1a: Grimmsnarl|95\/100\n|-enditem|p1a: Grimmsnarl|Light Clay|[from] move: Knock Off|[of] p2a: Meowscarada\n|\n|upkeep\n|turn|3\n|\n|t:|1699837406\n|move|p1a: Grimmsnarl|Parting Shot|p2a: Meowscarada\n|-unboost|p2a: Meowscarada|atk|1\n|-unboost|p2a: Meowscarada|spa|1\n|\n|t:|1699837410\n|switch|p1a: Toxapex|Toxapex, F|100\/100|[from] Parting Shot\n|-sideend|p1: sowalemonz|move: Toxic Spikes|[of] p1a: Toxapex\n|move|p2a: Meowscarada|Flower Trick|p1a: Toxapex\n|-crit|p1a: Toxapex\n|-damage|p1a: Toxapex|71\/100\n|\n|upkeep\n|turn|4\n|inactive|freyitf has 120 seconds left.\n|\n|t:|1699837440\n|move|p1a: Toxapex|Baneful Bunker|p1a: Toxapex\n|-singleturn|p1a: Toxapex|move: Protect\n|move|p2a: Meowscarada|Knock Off|p1a: Toxapex\n|-activate|p1a: Toxapex|move: Protect\n|\n|-end|p2a: Meowscarada|move: Taunt\n|upkeep\n|turn|5\n|\n|t:|1699837453\n|switch|p1a: Grimmsnarl|Grimmsnarl, M|95\/100\n|move|p2a: Meowscarada|Toxic Spikes|p1a: Grimmsnarl\n|-sidestart|p1: sowalemonz|move: Toxic Spikes\n|\n|upkeep\n|turn|6\n|\n|t:|1699837467\n|move|p1a: Grimmsnarl|Parting Shot|p2a: Meowscarada\n|-unboost|p2a: Meowscarada|atk|1\n|-unboost|p2a: Meowscarada|spa|1\n|\n|t:|1699837484\n|switch|p1a: Avalugg|Avalugg, M|100\/100|[from] Parting Shot\n|-status|p1a: Avalugg|psn\n|move|p2a: Meowscarada|U-turn|p1a: Avalugg\n|-damage|p1a: Avalugg|98\/100 psn\n|inactive|freyitf has 90 seconds left.\n|\n|t:|1699837523\n|switch|p2a: Talonflame|Talonflame, F|100\/100|[from] U-turn\n|\n|-heal|p1a: Avalugg|100\/100 psn|[from] item: Leftovers\n|-damage|p1a: Avalugg|88\/100 psn|[from] psn\n|upkeep\n|turn|7\n|inactive|freyitf has 90 seconds left.\n|\n|t:|1699837532\n|switch|p1a: Toxapex|Toxapex, F|100\/100\n|-sideend|p1: sowalemonz|move: Toxic Spikes|[of] p1a: Toxapex\n|move|p2a: Talonflame|Flamethrower|p1a: Toxapex\n|-resisted|p1a: Toxapex\n|-damage|p1a: Toxapex|91\/100\n|\n|upkeep\n|turn|8\n|inactive|freyitf has 90 seconds left.\n|\n|t:|1699837544\n|move|p2a: Talonflame|Will-O-Wisp|p1a: Toxapex\n|-status|p1a: Toxapex|brn\n|move|p1a: Toxapex|Liquidation|p2a: Talonflame\n|-supereffective|p2a: Talonflame\n|-damage|p2a: Talonflame|57\/100\n|-unboost|p2a: Talonflame|def|1\n|\n|-damage|p1a: Toxapex|84\/100 brn|[from] brn\n|-sideend|p1: sowalemonz|Reflect\n|upkeep\n|turn|9\n|inactive|freyitf has 90 seconds left.\n|\n|t:|1699837555\n|switch|p2a: Clodsire|Clodsire, M|100\/100\n|move|p1a: Toxapex|Liquidation|p2a: Clodsire\n|-immune|p2a: Clodsire|[from] ability: Water Absorb\n|\n|-damage|p1a: Toxapex|78\/100 brn|[from] brn\n|upkeep\n|turn|10\n|inactive|freyitf has 90 seconds left.\n|\n|t:|1699837569\n|switch|p1a: Grimmsnarl|Grimmsnarl, M|95\/100\n|move|p2a: Clodsire|Stealth Rock|p1a: Grimmsnarl\n|-sidestart|p1: sowalemonz|move: Stealth Rock\n|\n|upkeep\n|turn|11\n|\n|t:|1699837579\n|move|p1a: Grimmsnarl|Taunt|p2a: Clodsire\n|-start|p2a: Clodsire|move: Taunt\n|cant|p2a: Clodsire|move: Taunt|Toxic\n|\n|upkeep\n|turn|12\n|inactive|freyitf has 90 seconds left.\n|\n|t:|1699837605\n|switch|p1a: Blissey|Blissey, F|100\/100\n|-damage|p1a: Blissey|88\/100|[from] Stealth Rock\n|switch|p2a: Talonflame|Talonflame, F|57\/100\n|\n|upkeep\n|turn|13\n|\n|t:|1699837614\n|move|p2a: Talonflame|Will-O-Wisp|p1a: Blissey\n|-status|p1a: Blissey|brn\n|move|p1a: Blissey|Thunderbolt|p2a: Talonflame\n|-supereffective|p2a: Talonflame\n|-damage|p2a: Talonflame|0 fnt\n|faint|p2a: Talonflame\n|\n|-damage|p1a: Blissey|82\/100 brn|[from] brn\n|upkeep\n|\n|t:|1699837633\n|switch|p2a: Lycanroc|Lycanroc-Dusk, M|100\/100\n|turn|14\n|\n|t:|1699837656\n|switch|p1a: Grimmsnarl|Grimmsnarl, M|95\/100\n|-damage|p1a: Grimmsnarl|83\/100|[from] Stealth Rock\n|move|p2a: Lycanroc|Stone Edge|p1a: Grimmsnarl\n|-damage|p1a: Grimmsnarl|4\/100\n|-damage|p2a: Lycanroc|91\/100|[from] item: Life Orb\n|\n|upkeep\n|turn|15\n|\n|t:|1699837666\n|move|p2a: Lycanroc|Accelerock|p1a: Grimmsnarl\n|-damage|p1a: Grimmsnarl|0 fnt\n|faint|p1a: Grimmsnarl\n|-damage|p2a: Lycanroc|81\/100|[from] item: Life Orb\n|\n|upkeep\n|\n|t:|1699837671\n|switch|p1a: Avalugg|Avalugg, M|88\/100 psn\n|-damage|p1a: Avalugg|63\/100 psn|[from] Stealth Rock\n|turn|16\n|\n|t:|1699837689\n|move|p2a: Lycanroc|Accelerock|p1a: Avalugg\n|-supereffective|p1a: Avalugg\n|-damage|p1a: Avalugg|35\/100 psn\n|-damage|p2a: Lycanroc|71\/100|[from] item: Life Orb\n|move|p1a: Avalugg|Earthquake|p2a: Lycanroc\n|-supereffective|p2a: Lycanroc\n|-damage|p2a: Lycanroc|0 fnt\n|faint|p2a: Lycanroc\n|\n|-heal|p1a: Avalugg|41\/100 psn|[from] item: Leftovers\n|-damage|p1a: Avalugg|28\/100 psn|[from] psn\n|upkeep\n|inactive|freyitf has 60 seconds left.\n|\n|t:|1699837713\n|switch|p2a: Azumarill|Azumarill, F|100\/100\n|turn|17\n|inactive|freyitf has 60 seconds left.\n|\n|t:|1699837720\n|move|p2a: Azumarill|Belly Drum|p2a: Azumarill\n|-damage|p2a: Azumarill|50\/100\n|-setboost|p2a: Azumarill|atk|6|[from] move: Belly Drum\n|move|p1a: Avalugg|Rapid Spin|p2a: Azumarill\n|-damage|p2a: Azumarill|38\/100\n|-boost|p1a: Avalugg|spe|1\n|-sideend|p1: sowalemonz|Stealth Rock|[from] move: Rapid Spin|[of] p1a: Avalugg\n|\n|-heal|p1a: Avalugg|35\/100 psn|[from] item: Leftovers\n|-damage|p1a: Avalugg|22\/100 psn|[from] psn\n|upkeep\n|turn|18\n|inactive|freyitf has 60 seconds left.\n|\n|t:|1699837739\n|move|p2a: Azumarill|Play Rough|p1a: Avalugg\n|-damage|p1a: Avalugg|0 fnt\n|faint|p1a: Avalugg\n|-heal|p2a: Azumarill|40\/100|[from] item: Shell Bell|[of] p1: Avalugg\n|\n|upkeep\n|\n|t:|1699837753\n|switch|p1a: Toxapex|Toxapex, F|100\/100 brn\n|turn|19\n|inactive|freyitf has 60 seconds left.\n|\n|t:|1699837784\n|switch|p2a: Bellibolt|Bellibolt, M|100\/100\n|move|p1a: Toxapex|Poison Jab|p2a: Bellibolt\n|-damage|p2a: Bellibolt|83\/100\n|-status|p2a: Bellibolt|psn\n|-start|p2a: Bellibolt|Charge|Poison Jab|[from] ability: Electromorphosis\n|\n|-heal|p2a: Bellibolt|89\/100 psn|[from] item: Leftovers\n|-damage|p2a: Bellibolt|77\/100 psn|[from] psn\n|-damage|p1a: Toxapex|94\/100 brn|[from] brn\n|upkeep\n|turn|20\n|\n|t:|1699837803\n|switch|p1a: Blissey|Blissey, F|82\/100 brn\n|move|p2a: Bellibolt|Substitute|p2a: Bellibolt\n|-start|p2a: Bellibolt|Substitute\n|-damage|p2a: Bellibolt|52\/100 psn\n|\n|-heal|p2a: Bellibolt|58\/100 psn|[from] item: Leftovers\n|-damage|p2a: Bellibolt|45\/100 psn|[from] psn\n|-damage|p1a: Blissey|76\/100 brn|[from] brn\n|upkeep\n|turn|21\n|\n|t:|1699837818\n|move|p2a: Bellibolt|Parabolic Charge|p1a: Blissey\n|-damage|p1a: Blissey|57\/100 brn\n|-heal|p2a: Bellibolt|62\/100 psn|[from] drain|[of] p1a: Blissey\n|-end|p2a: Bellibolt|Charge|[silent]\n|move|p1a: Blissey|Hyper Voice|p2a: Bellibolt\n|-damage|p2a: Bellibolt|4\/100 psn\n|-start|p2a: Bellibolt|Charge|Hyper Voice|[from] ability: Electromorphosis\n|\n|-heal|p2a: Bellibolt|10\/100 psn|[from] item: Leftovers\n|-damage|p2a: Bellibolt|0 fnt|[from] psn\n|faint|p2a: Bellibolt\n|-damage|p1a: Blissey|51\/100 brn|[from] brn\n|upkeep\n|inactive|freyitf has 30 seconds left.\n|inactive|freyitf has 20 seconds left.\n|inactive|freyitf has 15 seconds left.\n|\n|t:|1699837845\n|switch|p2a: Azumarill|Azumarill, F|40\/100\n|turn|22\n|inactive|freyitf has 25 seconds left this turn.\n|inactive|freyitf has 20 seconds left.\n|\n|t:|1699837852\n|move|p1a: Blissey|Hyper Voice|p2a: Azumarill\n|-damage|p2a: Azumarill|0 fnt\n|faint|p2a: Azumarill\n|\n|-damage|p1a: Blissey|45\/100 brn|[from] brn\n|upkeep\n|inactive|freyitf has 25 seconds left this turn.\n|inactive|freyitf has 20 seconds left.\n|inactive|freyitf has 15 seconds left.\n|\n|t:|1699837866\n|switch|p2a: Meowscarada|Meowscarada, F|100\/100\n|turn|23\n|inactive|freyitf has 25 seconds left this turn.\n|inactive|freyitf has 20 seconds left.\n|\n|t:|1699837874\n|switch|p1a: Ribombee|Ribombee, M|100\/100\n|-terastallize|p2a: Meowscarada|Grass\n|move|p2a: Meowscarada|Flower Trick|p1a: Ribombee\n|-resisted|p1a: Ribombee\n|-crit|p1a: Ribombee\n|-damage|p1a: Ribombee|36\/100\n|\n|upkeep\n|turn|24\n|inactive|freyitf has 30 seconds left this turn.\n|inactive|freyitf has 20 seconds left.\n|inactive|freyitf has 15 seconds left.\n|inactive|freyitf has 10 seconds left.\n|\n|t:|1699837895\n|move|p1a: Ribombee|Bug Buzz|p2a: Meowscarada\n|-supereffective|p2a: Meowscarada\n|-enditem|p2a: Meowscarada|Focus Sash\n|-damage|p2a: Meowscarada|1\/100\n|-damage|p1a: Ribombee|26\/100|[from] item: Life Orb\n|move|p2a: Meowscarada|Flower Trick|p1a: Ribombee\n|-resisted|p1a: Ribombee\n|-crit|p1a: Ribombee\n|-damage|p1a: Ribombee|0 fnt\n|faint|p1a: Ribombee\n|\n|upkeep\n|inactive|freyitf has 15 seconds left this turn.\n|\n|t:|1699837908\n|switch|p1a: Toxapex|Toxapex, F|100\/100 brn\n|turn|25\n|inactive|freyitf has 25 seconds left this turn.\n|inactive|freyitf has 20 seconds left.\n|inactive|freyitf has 15 seconds left.\n|inactive|freyitf has 10 seconds left.\n|inactive|freyitf has 5 seconds left.\n|-message|freyitf lost due to inactivity.\n|\n|win|sowalemonz\n|raw|sowalemonz's rating: 1053 &rarr; <strong>1085<\/strong><br \/>(+32 for winning)\n|raw|freyitf's rating: 1050 &rarr; <strong>1033<\/strong><br \/>(-17 for losing)\n|l|\u2606freyitf\n","uploadtime":1699837939,"views":20,"p1id":"sowalemonz","p2id":"freyitf","formatid":"gen9ou","rating":1033,"private":0,"password":""}