{"id":"gen9ou-1995194352","p1":"poggerwog","p2":"horiaboria648","format":"[Gen 9] OU","log":"|j|\u2606poggerwog\n|j|\u2606horiaboria648\n|t:|1700533176\n|gametype|singles\n|player|p1|poggerwog|n-masters|\n|player|p2|horiaboria648|1|\n|teamsize|p1|6\n|teamsize|p2|6\n|gen|9\n|tier|[Gen 9] OU\n|rule|Sleep Clause Mod: Limit one foe put to sleep\n|rule|Species Clause: Limit one of each Pok\u00e9mon\n|rule|OHKO Clause: OHKO moves are banned\n|rule|Evasion Items Clause: Evasion items are banned\n|rule|Evasion Moves Clause: Evasion moves are banned\n|rule|Endless Battle Clause: Forcing endless battles is banned\n|rule|HP Percentage Mod: HP is shown in percentages\n|clearpoke\n|poke|p1|Scream Tail|\n|poke|p1|Hoopa-Unbound|\n|poke|p1|Scizor, F|\n|poke|p1|Gengar, M|\n|poke|p1|Eelektross, F|\n|poke|p1|Kommo-o, M|\n|poke|p2|Ditto|\n|poke|p2|Blissey, F|\n|poke|p2|Garchomp, F|\n|poke|p2|Weezing-Galar, M|\n|poke|p2|Breloom, M|\n|poke|p2|Gyarados, F|\n|teampreview\n|j| edicts\n|j| lieb330\n|j| Jambees\n|j| KINGTONY6\n|c|\u2606poggerwog|everyone in it?\n|c| lieb330|we're listening to 8bit thunderstruck\n|c| lieb330|yes\n|c|\u2606poggerwog|they are about to call me the 2019 patriots\n|c| edicts|GOOD TO GO\n|\n|t:|1700533252\n|start\n|switch|p1a: Monster|Gengar, M|100\/100\n|switch|p2a: Bitto|Blissey, F|100\/100\n|turn|1\n|\n|t:|1700533258\n|move|p1a: Monster|Taunt|p2a: Bitto\n|-start|p2a: Bitto|move: Taunt\n|cant|p2a: Bitto|move: Taunt|Thunder Wave\n|\n|upkeep\n|turn|2\n|\n|t:|1700533264\n|switch|p1a: Full Throttle|Eelektross, F|100\/100\n|move|p2a: Bitto|Psychic|p1a: Full Throttle\n|-damage|p1a: Full Throttle|83\/100\n|-unboost|p1a: Full Throttle|spd|1\n|-enditem|p1a: Full Throttle|Red Card|[of] p2a: Bitto\n|drag|p2a: Ditto|Ditto|100\/100\n|-transform|p2a: Ditto|p1a: Full Throttle|[from] ability: Imposter\n|\n|upkeep\n|turn|3\n|c| lieb330|you actually brought red card\n|c| lieb330|respect\n|\n|t:|1700533305\n|switch|p2a: Witto|Weezing-Galar, M, shiny|100\/100\n|-ability|p2a: Witto|Neutralizing Gas\n|-item|p2a: Witto|Air Balloon\n|move|p1a: Full Throttle|Dragon Tail|p2a: Witto\n|-immune|p2a: Witto\n|\n|upkeep\n|turn|4\n|\n|t:|1700533318\n|move|p2a: Witto|Psybeam|p1a: Full Throttle\n|-damage|p1a: Full Throttle|62\/100\n|-start|p1a: Full Throttle|confusion\n|-activate|p1a: Full Throttle|confusion\n|-damage|p1a: Full Throttle|47\/100|[from] confusion\n|\n|upkeep\n|turn|5\n|\n|t:|1700533329\n|move|p2a: Witto|Toxic|p1a: Full Throttle\n|-status|p1a: Full Throttle|tox\n|-activate|p1a: Full Throttle|confusion\n|-damage|p1a: Full Throttle|31\/100 tox|[from] confusion\n|\n|-damage|p1a: Full Throttle|25\/100 tox|[from] psn\n|upkeep\n|turn|6\n|\n|t:|1700533339\n|move|p2a: Witto|Psybeam|p1a: Full Throttle\n|-damage|p1a: Full Throttle|4\/100 tox\n|-activate|p1a: Full Throttle|confusion\n|-damage|p1a: Full Throttle|0 fnt|[from] confusion\n|faint|p1a: Full Throttle\n|\n|upkeep\n|c| lieb330|tom brady season 1\n|\n|t:|1700533358\n|switch|p1a: 5-hour|Scream Tail|100\/100\n|turn|7\n|c| KINGTONY6|it hit itself\n|c| KINGTONY6|3 times\n|c| KINGTONY6|what is this luck\n|\n|t:|1700533406\n|move|p1a: 5-hour|Wish|p1a: 5-hour\n|move|p2a: Witto|Toxic|p1a: 5-hour\n|-status|p1a: 5-hour|tox\n|\n|-damage|p1a: 5-hour|94\/100 tox|[from] psn\n|upkeep\n|turn|8\n|\n|t:|1700533421\n|-end|p2a: Witto|ability: Neutralizing Gas\n|switch|p2a: Bitto|Blissey, F|100\/100\n|move|p1a: 5-hour|Encore||[still]\n|-fail|p1a: 5-hour\n|\n|-heal|p1a: 5-hour|100\/100 tox|[from] move: Wish|[wisher] 5-hour\n|-damage|p1a: 5-hour|88\/100 tox|[from] psn\n|upkeep\n|turn|9\n|c| lieb330|colin\n|\n|t:|1700533432\n|move|p1a: 5-hour|Wish|p1a: 5-hour\n|move|p2a: Bitto|Psychic|p1a: 5-hour\n|-resisted|p1a: 5-hour\n|-damage|p1a: 5-hour|82\/100 tox\n|\n|-heal|p1a: 5-hour|88\/100 tox|[from] item: Leftovers\n|-damage|p1a: 5-hour|69\/100 tox|[from] psn\n|upkeep\n|turn|10\n|\n|t:|1700533446\n|move|p1a: 5-hour|Disable|p2a: Bitto\n|-start|p2a: Bitto|Disable|Psychic\n|move|p2a: Bitto|Thunder Wave||[still]\n|-fail|p2a: Bitto\n|\n|-heal|p1a: 5-hour|100\/100 tox|[from] move: Wish|[wisher] 5-hour\n|-damage|p1a: 5-hour|76\/100 tox|[from] psn\n|upkeep\n|turn|11\n|\n|t:|1700533456\n|move|p1a: 5-hour|Encore|p2a: Bitto\n|-start|p2a: Bitto|Encore\n|move|p2a: Bitto|Thunder Wave||[still]\n|-fail|p2a: Bitto\n|\n|-heal|p1a: 5-hour|82\/100 tox|[from] item: Leftovers\n|-damage|p1a: 5-hour|51\/100 tox|[from] psn\n|upkeep\n|turn|12\n|\n|t:|1700533472\n|move|p1a: 5-hour|Wish|p1a: 5-hour\n|move|p2a: Bitto|Thunder Wave|p1a: 5-hour|[miss]\n|-miss|p2a: Bitto|p1a: 5-hour\n|\n|-heal|p1a: 5-hour|57\/100 tox|[from] item: Leftovers\n|-damage|p1a: 5-hour|20\/100 tox|[from] psn\n|upkeep\n|turn|13\n|\n|t:|1700533486\n|move|p1a: 5-hour|Play Rough|p2a: Bitto\n|-damage|p2a: Bitto|81\/100\n|move|p2a: Bitto|Thunder Wave||[still]\n|-fail|p2a: Bitto\n|\n|-heal|p1a: 5-hour|70\/100 tox|[from] move: Wish|[wisher] 5-hour\n|-heal|p1a: 5-hour|76\/100 tox|[from] item: Leftovers\n|-damage|p1a: 5-hour|32\/100 tox|[from] psn\n|-end|p2a: Bitto|Encore\n|-end|p2a: Bitto|Disable\n|upkeep\n|turn|14\n|\n|t:|1700533505\n|-end|p1a: 5-hour|Protosynthesis|[silent]\n|switch|p1a: Kickstart|Scizor, F|100\/100\n|move|p2a: Bitto|Thunder Wave|p1a: Kickstart\n|-status|p1a: Kickstart|par\n|\n|upkeep\n|turn|15\n|c| lieb330|building a dynasty with this one\n|\n|t:|1700533543\n|switch|p2a: Britto|Breloom, M, shiny|100\/100\n|cant|p1a: Kickstart|par\n|\n|upkeep\n|turn|16\n|c| lieb330|colin never go to vegas\n|c| lieb330|EVER\n|\n|t:|1700533559\n|-terastallize|p1a: Kickstart|Fairy\n|move|p2a: Britto|Swords Dance|p2a: Britto\n|-boost|p2a: Britto|atk|2\n|move|p1a: Kickstart|Trailblaze|p2a: Britto\n|-resisted|p2a: Britto\n|-damage|p2a: Britto|73\/100\n|-boost|p1a: Kickstart|spe|1\n|-damage|p1a: Kickstart|91\/100 par|[from] item: Life Orb\n|\n|upkeep\n|turn|17\n|\n|t:|1700533571\n|move|p2a: Britto|Bullet Seed|p1a: Kickstart\n|-damage|p1a: Kickstart|52\/100 par\n|-damage|p1a: Kickstart|12\/100 par\n|-damage|p1a: Kickstart|0 fnt\n|faint|p1a: Kickstart\n|-hitcount|p1: Kickstart|3\n|\n|upkeep\n|\n|t:|1700533579\n|switch|p1a: Monster|Gengar, M|100\/100\n|turn|18\n|\n|t:|1700533584\n|switch|p2a: Bitto|Blissey, F|81\/100\n|move|p1a: Monster|Disable||[still]\n|-fail|p1a: Monster\n|\n|upkeep\n|turn|19\n|\n|t:|1700533591\n|move|p1a: Monster|Taunt|p2a: Bitto\n|-start|p2a: Bitto|move: Taunt\n|cant|p2a: Bitto|move: Taunt|Thunder Wave\n|\n|upkeep\n|turn|20\n|\n|t:|1700533595\n|switch|p1a: Rockstar|Kommo-o, M|100\/100\n|move|p2a: Bitto|Psychic|p1a: Rockstar\n|-supereffective|p1a: Rockstar\n|-damage|p1a: Rockstar|61\/100\n|\n|upkeep\n|turn|21\n|\n|t:|1700533602\n|switch|p2a: Gytto|Gyarados, F, shiny|100\/100\n|-ability|p2a: Gytto|Intimidate|boost\n|-unboost|p1a: Rockstar|atk|1\n|move|p1a: Rockstar|Close Combat|p2a: Gytto\n|-resisted|p2a: Gytto\n|-damage|p2a: Gytto|76\/100\n|-unboost|p1a: Rockstar|def|1\n|-unboost|p1a: Rockstar|spd|1\n|\n|upkeep\n|turn|22\n|\n|t:|1700533622\n|switch|p1a: 5-hour|Scream Tail|32\/100 tox\n|move|p2a: Gytto|Earthquake|p1a: 5-hour\n|-damage|p1a: 5-hour|5\/100 tox\n|\n|-heal|p1a: 5-hour|11\/100 tox|[from] item: Leftovers\n|-damage|p1a: 5-hour|5\/100 tox|[from] psn\n|upkeep\n|turn|23\n|c| KINGTONY6|Colin I'm putting you in bootcamp\n|\n|t:|1700533648\n|switch|p2a: Bitto|Blissey, F|81\/100\n|move|p1a: 5-hour|Play Rough|p2a: Bitto\n|-damage|p2a: Bitto|60\/100\n|\n|-heal|p1a: 5-hour|11\/100 tox|[from] item: Leftovers\n|-damage|p1a: 5-hour|0 fnt|[from] psn\n|faint|p1a: 5-hour\n|-end|p1a: 5-hour|Protosynthesis|[silent]\n|upkeep\n|\n|t:|1700533653\n|switch|p1a: Rockstar|Kommo-o, M|61\/100\n|turn|24\n|\n|t:|1700533659\n|switch|p2a: Gytto|Gyarados, F, shiny|76\/100\n|-ability|p2a: Gytto|Intimidate|boost\n|-unboost|p1a: Rockstar|atk|1\n|move|p1a: Rockstar|Outrage|p2a: Gytto\n|-damage|p2a: Gytto|32\/100\n|\n|upkeep\n|turn|25\n|\n|t:|1700533667\n|switch|p2a: Witto|Weezing-Galar, M, shiny|100\/100\n|-ability|p2a: Witto|Neutralizing Gas\n|-item|p2a: Witto|Air Balloon\n|move|p1a: Rockstar|Outrage|p2a: Witto|[from]lockedmove\n|-immune|p2a: Witto\n|\n|upkeep\n|turn|26\n|c| lieb330|hello darkness my old friend\n|\n|t:|1700533686\n|move|p1a: Rockstar|Facade|p2a: Witto\n|-damage|p2a: Witto|92\/100\n|-enditem|p2a: Witto|Air Balloon\n|move|p2a: Witto|Psybeam|p1a: Rockstar\n|-supereffective|p1a: Rockstar\n|-damage|p1a: Rockstar|31\/100\n|-start|p1a: Rockstar|confusion\n|\n|upkeep\n|turn|27\n|\n|t:|1700533715\n|switch|p1a: Bang|Hoopa-Unbound|100\/100\n|move|p2a: Witto|Psybeam|p1a: Bang\n|-immune|p1a: Bang\n|\n|upkeep\n|turn|28\n|\n|t:|1700533728\n|-end|p2a: Witto|ability: Neutralizing Gas\n|switch|p2a: Gytto|Gyarados, F, shiny|32\/100\n|-ability|p2a: Gytto|Intimidate|boost\n|-unboost|p1a: Bang|atk|1\n|move|p1a: Bang|Gunk Shot|p2a: Gytto\n|-damage|p2a: Gytto|0 fnt\n|faint|p2a: Gytto\n|\n|upkeep\n|\n|t:|1700533753\n|switch|p2a: Ditto|Ditto|100\/100\n|-transform|p2a: Ditto|p1a: Bang|[from] ability: Imposter\n|turn|29\n|\n|t:|1700533771\n|move|p2a: Ditto|Hyperspace Fury|p1a: Bang\n|-damage|p1a: Bang|32\/100\n|-unboost|p2a: Ditto|def|1\n|move|p1a: Bang|Phantom Force||[still]\n|-prepare|p1a: Bang|Phantom Force\n|\n|upkeep\n|turn|30\n|\n|t:|1700533781\n|switch|p2a: Bitto|Blissey, F|60\/100\n|move|p1a: Bang|Phantom Force|p2a: Bitto|[from]lockedmove\n|-immune|p2a: Bitto\n|\n|upkeep\n|turn|31\n|\n|t:|1700533801\n|switch|p2a: Witto|Weezing-Galar, M, shiny|92\/100\n|-ability|p2a: Witto|Neutralizing Gas\n|move|p1a: Bang|Gunk Shot|p2a: Witto\n|-damage|p2a: Witto|69\/100\n|\n|upkeep\n|turn|32\n|\n|t:|1700533840\n|move|p1a: Bang|Ice Punch|p2a: Witto\n|-damage|p2a: Witto|55\/100\n|move|p2a: Witto|Toxic|p1a: Bang\n|-status|p1a: Bang|tox\n|\n|-damage|p1a: Bang|26\/100 tox|[from] psn\n|upkeep\n|turn|33\n|\n|t:|1700533851\n|switch|p1a: Monster|Gengar, M|100\/100\n|move|p2a: Witto|Psybeam|p1a: Monster\n|-supereffective|p1a: Monster\n|-damage|p1a: Monster|63\/100\n|\n|upkeep\n|turn|34\n|\n|t:|1700533868\n|-end|p2a: Witto|ability: Neutralizing Gas\n|switch|p2a: Bitto|Blissey, F|60\/100\n|move|p1a: Monster|Will-O-Wisp|p2a: Bitto\n|-status|p2a: Bitto|brn\n|\n|-damage|p2a: Bitto|54\/100 brn|[from] brn\n|upkeep\n|turn|35\n|\n|t:|1700533902\n|switch|p1a: Rockstar|Kommo-o, M|31\/100\n|move|p2a: Bitto|Thunder Wave|p1a: Rockstar\n|-status|p1a: Rockstar|par\n|\n|-damage|p2a: Bitto|48\/100 brn|[from] brn\n|upkeep\n|turn|36\n|\n|t:|1700533917\n|-curestatus|p2a: Bitto|brn|[from] ability: Natural Cure\n|switch|p2a: Witto|Weezing-Galar, M, shiny|55\/100\n|-ability|p2a: Witto|Neutralizing Gas\n|cant|p1a: Rockstar|par\n|\n|upkeep\n|turn|37\n|\n|t:|1700533926\n|move|p2a: Witto|Psybeam|p1a: Rockstar\n|-supereffective|p1a: Rockstar\n|-damage|p1a: Rockstar|0 fnt\n|faint|p1a: Rockstar\n|\n|upkeep\n|\n|t:|1700533930\n|switch|p1a: Bang|Hoopa-Unbound|26\/100 tox\n|turn|38\n|\n|t:|1700533937\n|-end|p2a: Witto|ability: Neutralizing Gas\n|switch|p2a: Ditto|Ditto|100\/100\n|-transform|p2a: Ditto|p1a: Bang|[from] ability: Imposter\n|move|p1a: Bang|Hyperspace Fury|p2a: Ditto\n|-crit|p2a: Ditto\n|-damage|p2a: Ditto|0 fnt\n|-unboost|p1a: Bang|def|1\n|faint|p2a: Ditto\n|\n|-damage|p1a: Bang|20\/100 tox|[from] psn\n|upkeep\n|\n|t:|1700533961\n|switch|p2a: Gitto|Garchomp, F|100\/100\n|turn|39\n|\n|t:|1700533971\n|-terastallize|p2a: Gitto|Dark\n|move|p2a: Gitto|Earthquake|p1a: Bang\n|-damage|p1a: Bang|0 fnt\n|faint|p1a: Bang\n|\n|upkeep\n|\n|t:|1700533975\n|switch|p1a: Monster|Gengar, M|63\/100\n|turn|40\n|\n|t:|1700533978\n|move|p1a: Monster|Destiny Bond|p1a: Monster\n|-singlemove|p1a: Monster|Destiny Bond\n|move|p2a: Gitto|Tera Blast|p1a: Monster|[anim] Tera Blast Dark\n|-supereffective|p1a: Monster\n|-damage|p1a: Monster|0 fnt\n|faint|p1a: Monster\n|-activate|p1a: Monster|move: Destiny Bond\n|faint|p2a: Gitto\n|\n|win|horiaboria648\n|l| lieb330\n|l| KINGTONY6\n|l| Jambees\n|l|\u2606poggerwog\n|j|\u2606poggerwog\n|player|p1|poggerwog|n-masters\n","uploadtime":1700534375,"views":7,"p1id":"poggerwog","p2id":"horiaboria648","formatid":"gen9ou","rating":0,"private":0,"password":""}