{"id":"gen9ou-1993899319","p1":"TheAtomicBonk","p2":"oshihete","format":"[Gen 9] OU","log":"|j|\u2606TheAtomicBonk\n|j|\u2606oshihete\n|t:|1700372147\n|gametype|singles\n|player|p1|TheAtomicBonk|roxie|1187\n|player|p2|oshihete|2|1157\n|teamsize|p1|6\n|teamsize|p2|6\n|gen|9\n|tier|[Gen 9] OU\n|rated|\n|rule|Sleep Clause Mod: Limit one foe put to sleep\n|rule|Species Clause: Limit one of each Pok\u00e9mon\n|rule|OHKO Clause: OHKO moves are banned\n|rule|Evasion Items Clause: Evasion items are banned\n|rule|Evasion Moves Clause: Evasion moves are banned\n|rule|Endless Battle Clause: Forcing endless battles is banned\n|rule|HP Percentage Mod: HP is shown in percentages\n|clearpoke\n|poke|p1|Torkoal, F|\n|poke|p1|Walking Wake|\n|poke|p1|Great Tusk|\n|poke|p1|Sandy Shocks|\n|poke|p1|Ogerpon-Wellspring, F|\n|poke|p1|Gholdengo|\n|poke|p2|Rotom-Wash|\n|poke|p2|Iron Hands|\n|poke|p2|Ogerpon-Cornerstone, F|\n|poke|p2|Corviknight, M|\n|poke|p2|Charizard, M|\n|poke|p2|Garganacl, F|\n|teampreview\n|inactive|Battle timer is ON: inactive players will automatically lose when time's up. (requested by TheAtomicBonk)\n|\n|t:|1700372158\n|start\n|switch|p1a: Here comes the sun|Torkoal, F|100\/100\n|switch|p2a: Garganacl|Garganacl, F|100\/100\n|-item|p2a: Garganacl|Air Balloon\n|-weather|SunnyDay|[from] ability: Drought|[of] p1a: Here comes the sun\n|turn|1\n|\n|t:|1700372167\n|move|p2a: Garganacl|Salt Cure|p1a: Here comes the sun\n|-supereffective|p1a: Here comes the sun\n|-damage|p1a: Here comes the sun|78\/100\n|-start|p1a: Here comes the sun|Salt Cure\n|move|p1a: Here comes the sun|Stealth Rock|p2a: Garganacl\n|-sidestart|p2: oshihete|move: Stealth Rock\n|\n|-weather|SunnyDay|[upkeep]\n|-damage|p1a: Here comes the sun|66\/100|[from] Salt Cure\n|upkeep\n|turn|2\n|\n|t:|1700372178\n|switch|p1a: the wizard|Walking Wake|100\/100\n|-activate|p1a: the wizard|ability: Protosynthesis\n|-start|p1a: the wizard|protosynthesisspe\n|move|p2a: Garganacl|Iron Defense|p2a: Garganacl\n|-boost|p2a: Garganacl|def|2\n|\n|-weather|SunnyDay|[upkeep]\n|upkeep\n|turn|3\n|\n|t:|1700372188\n|-terastallize|p2a: Garganacl|Electric\n|move|p1a: the wizard|Hydro Steam|p2a: Garganacl\n|-damage|p2a: Garganacl|17\/100\n|-enditem|p2a: Garganacl|Air Balloon\n|move|p2a: Garganacl|Salt Cure|p1a: the wizard\n|-damage|p1a: the wizard|86\/100\n|-start|p1a: the wizard|Salt Cure\n|\n|-weather|SunnyDay|[upkeep]\n|-damage|p1a: the wizard|61\/100|[from] Salt Cure\n|upkeep\n|turn|4\n|\n|t:|1700372202\n|switch|p2a: Rotom|Rotom-Wash|100\/100\n|-damage|p2a: Rotom|88\/100|[from] Stealth Rock\n|move|p1a: the wizard|Hydro Steam|p2a: Rotom\n|-resisted|p2a: Rotom\n|-damage|p2a: Rotom|24\/100\n|\n|-weather|SunnyDay|[upkeep]\n|-damage|p1a: the wizard|36\/100|[from] Salt Cure\n|upkeep\n|turn|5\n|\n|t:|1700372211\n|move|p1a: the wizard|Hydro Steam|p2a: Rotom\n|-resisted|p2a: Rotom\n|-damage|p2a: Rotom|0 fnt\n|faint|p2a: Rotom\n|\n|-weather|SunnyDay|[upkeep]\n|-damage|p1a: the wizard|12\/100|[from] Salt Cure\n|upkeep\n|\n|t:|1700372215\n|switch|p2a: Garganacl|Garganacl, F, tera:Electric|17\/100\n|-damage|p2a: Garganacl|5\/100|[from] Stealth Rock\n|turn|6\n|\n|t:|1700372222\n|-end|p1a: the wizard|Protosynthesis|[silent]\n|switch|p1a: Swamp Monster|Ogerpon-Wellspring, F|100\/100\n|move|p2a: Garganacl|Recover|p2a: Garganacl\n|-heal|p2a: Garganacl|55\/100\n|\n|-weather|SunnyDay|[upkeep]\n|upkeep\n|turn|7\n|\n|t:|1700372230\n|move|p1a: Swamp Monster|Solar Blade||[still]\n|-prepare|p1a: Swamp Monster|Solar Blade\n|-anim|p1a: Swamp Monster|Solar Blade|p2a: Garganacl\n|-damage|p2a: Garganacl|8\/100\n|move|p2a: Garganacl|Salt Cure|p1a: Swamp Monster\n|-damage|p1a: Swamp Monster|83\/100\n|-start|p1a: Swamp Monster|Salt Cure\n|\n|-weather|SunnyDay|[upkeep]\n|-damage|p1a: Swamp Monster|58\/100|[from] Salt Cure\n|upkeep\n|turn|8\n|\n|t:|1700372239\n|move|p1a: Swamp Monster|Trailblaze|p2a: Garganacl\n|-damage|p2a: Garganacl|0 fnt\n|-boost|p1a: Swamp Monster|spe|1\n|faint|p2a: Garganacl\n|\n|-weather|none\n|-damage|p1a: Swamp Monster|33\/100|[from] Salt Cure\n|upkeep\n|\n|t:|1700372242\n|switch|p2a: Corviknight|Corviknight, M|100\/100\n|-ability|p2a: Corviknight|Pressure\n|turn|9\n|\n|t:|1700372258\n|switch|p1a: Here comes the sun|Torkoal, F|66\/100\n|-weather|SunnyDay|[from] ability: Drought|[of] p1a: Here comes the sun\n|move|p2a: Corviknight|Reflect|p2a: Corviknight\n|-sidestart|p2: oshihete|Reflect\n|\n|-weather|SunnyDay|[upkeep]\n|upkeep\n|turn|10\n|\n|t:|1700372268\n|move|p2a: Corviknight|Light Screen|p2a: Corviknight\n|-sidestart|p2: oshihete|move: Light Screen\n|move|p1a: Here comes the sun|Lava Plume|p2a: Corviknight\n|-supereffective|p2a: Corviknight\n|-damage|p2a: Corviknight|63\/100\n|-status|p2a: Corviknight|brn\n|\n|-weather|SunnyDay|[upkeep]\n|-damage|p2a: Corviknight|57\/100 brn|[from] brn\n|upkeep\n|turn|11\n|\n|t:|1700372275\n|move|p2a: Corviknight|Defog|p1a: Here comes the sun\n|-unboost|p1a: Here comes the sun|evasion|1\n|-sideend|p2: oshihete|Stealth Rock|[from] move: Defog|[of] p2a: Corviknight\n|move|p1a: Here comes the sun|Lava Plume|p2a: Corviknight\n|-supereffective|p2a: Corviknight\n|-damage|p2a: Corviknight|22\/100 brn\n|\n|-weather|SunnyDay|[upkeep]\n|-damage|p2a: Corviknight|16\/100 brn|[from] brn\n|upkeep\n|turn|12\n|\n|t:|1700372283\n|move|p2a: Corviknight|Defog|p1a: Here comes the sun\n|-unboost|p1a: Here comes the sun|evasion|1\n|move|p1a: Here comes the sun|Lava Plume|p2a: Corviknight\n|-supereffective|p2a: Corviknight\n|-damage|p2a: Corviknight|0 fnt\n|faint|p2a: Corviknight\n|\n|-weather|SunnyDay|[upkeep]\n|upkeep\n|\n|t:|1700372288\n|switch|p2a: Iron Hands|Iron Hands|100\/100\n|-enditem|p2a: Iron Hands|Booster Energy\n|-activate|p2a: Iron Hands|ability: Quark Drive|[fromitem]\n|-start|p2a: Iron Hands|quarkdriveatk\n|turn|13\n|\n|t:|1700372294\n|move|p2a: Iron Hands|Earthquake|p1a: Here comes the sun\n|-supereffective|p1a: Here comes the sun\n|-damage|p1a: Here comes the sun|0 fnt\n|faint|p1a: Here comes the sun\n|\n|-weather|SunnyDay|[upkeep]\n|-sideend|p2: oshihete|Reflect\n|upkeep\n|\n|t:|1700372314\n|switch|p1a: cheex|Sandy Shocks|100\/100\n|-activate|p1a: cheex|ability: Protosynthesis\n|-start|p1a: cheex|protosynthesisspa\n|turn|14\n|\n|t:|1700372321\n|move|p1a: cheex|Earth Power|p2a: Iron Hands\n|-supereffective|p2a: Iron Hands\n|-damage|p2a: Iron Hands|58\/100\n|move|p2a: Iron Hands|Earthquake|p1a: cheex\n|-supereffective|p1a: cheex\n|-damage|p1a: cheex|0 fnt\n|faint|p1a: cheex\n|-end|p1a: cheex|Protosynthesis|[silent]\n|\n|-weather|SunnyDay|[upkeep]\n|-sideend|p2: oshihete|move: Light Screen\n|upkeep\n|\n|t:|1700372329\n|switch|p1a: Deep Toot|Great Tusk|100\/100\n|-activate|p1a: Deep Toot|ability: Protosynthesis\n|-start|p1a: Deep Toot|protosynthesisatk\n|turn|15\n|\n|t:|1700372336\n|move|p1a: Deep Toot|Headlong Rush|p2a: Iron Hands\n|-supereffective|p2a: Iron Hands\n|-damage|p2a: Iron Hands|0 fnt\n|-unboost|p1a: Deep Toot|def|1\n|-unboost|p1a: Deep Toot|spd|1\n|faint|p2a: Iron Hands\n|-end|p2a: Iron Hands|Quark Drive|[silent]\n|\n|-weather|SunnyDay|[upkeep]\n|upkeep\n|\n|t:|1700372342\n|switch|p2a: Charizard|Charizard, M|100\/100\n|turn|16\n|\n|t:|1700372360\n|move|p2a: Charizard|Solar Beam||[still]\n|-prepare|p2a: Charizard|Solar Beam\n|-anim|p2a: Charizard|Solar Beam|p1a: Deep Toot\n|-supereffective|p1a: Deep Toot\n|-damage|p1a: Deep Toot|0 fnt\n|faint|p1a: Deep Toot\n|-end|p1a: Deep Toot|Protosynthesis|[silent]\n|-damage|p2a: Charizard|91\/100|[from] item: Life Orb\n|\n|-weather|none\n|upkeep\n|\n|t:|1700372371\n|switch|p1a: the wizard|Walking Wake|12\/100\n|turn|17\n|\n|t:|1700372378\n|move|p1a: the wizard|Hydro Steam|p2a: Charizard\n|-supereffective|p2a: Charizard\n|-damage|p2a: Charizard|0 fnt\n|faint|p2a: Charizard\n|\n|upkeep\n|\n|t:|1700372381\n|switch|p2a: Ogerpon|Ogerpon-Cornerstone, F|100\/100\n|turn|18\n|\n|t:|1700372402\n|-end|p1a: the wizard|Protosynthesis|[silent]\n|switch|p1a: Dime|Gholdengo|100\/100\n|move|p2a: Ogerpon|Trailblaze|p1a: Dime\n|-resisted|p1a: Dime\n|-damage|p1a: Dime|85\/100\n|-boost|p2a: Ogerpon|spe|1\n|\n|upkeep\n|turn|19\n|\n|t:|1700372412\n|move|p2a: Ogerpon|Spiky Shield|p2a: Ogerpon\n|-singleturn|p2a: Ogerpon|move: Protect\n|move|p1a: Dime|Make It Rain|p2a: Ogerpon\n|-activate|p2a: Ogerpon|move: Protect\n|\n|upkeep\n|turn|20\n|\n|t:|1700372422\n|move|p2a: Ogerpon|Horn Leech|p1a: Dime\n|-resisted|p1a: Dime\n|-damage|p1a: Dime|60\/100\n|move|p1a: Dime|Make It Rain|p2a: Ogerpon\n|-supereffective|p2a: Ogerpon\n|-ability|p2a: Ogerpon|Sturdy\n|-damage|p2a: Ogerpon|1\/100\n|-unboost|p1a: Dime|spa|1\n|\n|upkeep\n|turn|21\n|\n|t:|1700372434\n|move|p2a: Ogerpon|Ivy Cudgel|p1a: Dime|[anim] Ivy Cudgel Rock\n|-resisted|p1a: Dime\n|-damage|p1a: Dime|26\/100\n|move|p1a: Dime|Make It Rain|p2a: Ogerpon\n|-supereffective|p2a: Ogerpon\n|-damage|p2a: Ogerpon|0 fnt\n|-unboost|p1a: Dime|spa|1\n|faint|p2a: Ogerpon\n|\n|win|TheAtomicBonk\n|raw|TheAtomicBonk's rating: 1187 &rarr; <strong>1210<\/strong><br \/>(+23 for winning)\n|raw|oshihete's rating: 1157 &rarr; <strong>1134<\/strong><br \/>(-23 for losing)\n|c|\u2606oshihete|gg\n","uploadtime":1700372445,"views":13,"p1id":"theatomicbonk","p2id":"oshihete","formatid":"gen9ou","rating":1134,"private":0,"password":""}