{"id":"gen9ou-1992996408","p1":"This-Fcucking-Guy","p2":"qb69x","format":"[Gen 9] OU","log":"|j|\u2606This-Fcucking-Guy\n|j|\u2606qb69x\n|t:|1700253851\n|gametype|singles\n|player|p1|This-Fcucking-Guy|266|1062\n|player|p2|qb69x|swimmerf-gen4|1121\n|teamsize|p1|6\n|teamsize|p2|6\n|gen|9\n|tier|[Gen 9] OU\n|rated|\n|rule|Sleep Clause Mod: Limit one foe put to sleep\n|rule|Species Clause: Limit one of each Pok\u00e9mon\n|rule|OHKO Clause: OHKO moves are banned\n|rule|Evasion Items Clause: Evasion items are banned\n|rule|Evasion Moves Clause: Evasion moves are banned\n|rule|Endless Battle Clause: Forcing endless battles is banned\n|rule|HP Percentage Mod: HP is shown in percentages\n|clearpoke\n|poke|p1|Jirachi|\n|poke|p1|Shaymin|\n|poke|p1|Manaphy|\n|poke|p1|Uxie|\n|poke|p1|Azelf|\n|poke|p1|Mesprit|\n|poke|p2|Gholdengo|\n|poke|p2|Kingambit, M|\n|poke|p2|Glimmora, F|\n|poke|p2|Ribombee, F|\n|poke|p2|Landorus-Therian, M|\n|poke|p2|Zapdos|\n|teampreview\n|c|\u2606qb69x|dawg\n|c|\u2606qb69x|goated\n|\n|t:|1700253870\n|start\n|switch|p1a: Make A Wish|Jirachi, shiny|100\/100\n|switch|p2a: Ribombee|Ribombee, F, shiny|100\/100\n|turn|1\n|c|\u2606This-Fcucking-Guy|I like making unique and aesthetic teams\n|c|\u2606This-Fcucking-Guy|somewhat competitive\n|\n|t:|1700253895\n|move|p2a: Ribombee|Stun Spore|p1a: Make A Wish\n|-status|p1a: Make A Wish|par\n|move|p1a: Make A Wish|Cosmic Power|p1a: Make A Wish\n|-boost|p1a: Make A Wish|def|1\n|-boost|p1a: Make A Wish|spd|1\n|\n|upkeep\n|turn|2\n|c|\u2606qb69x|I support that\n|\n|t:|1700253902\n|move|p2a: Ribombee|Sticky Web|p1a: Make A Wish\n|-sidestart|p1: This-Fcucking-Guy|move: Sticky Web\n|move|p1a: Make A Wish|Cosmic Power|p1a: Make A Wish\n|-boost|p1a: Make A Wish|def|1\n|-boost|p1a: Make A Wish|spd|1\n|\n|upkeep\n|turn|3\n|\n|t:|1700253914\n|switch|p2a: Gholdengo|Gholdengo, shiny|100\/100\n|cant|p1a: Make A Wish|par\n|\n|upkeep\n|turn|4\n|\n|t:|1700253931\n|-terastallize|p1a: Make A Wish|Dark\n|move|p2a: Gholdengo|Nasty Plot|p2a: Gholdengo\n|-boost|p2a: Gholdengo|spa|2\n|move|p1a: Make A Wish|Cosmic Power|p1a: Make A Wish\n|-boost|p1a: Make A Wish|def|1\n|-boost|p1a: Make A Wish|spd|1\n|\n|upkeep\n|turn|5\n|\n|t:|1700253941\n|move|p2a: Gholdengo|Hex|p1a: Make A Wish\n|-resisted|p1a: Make A Wish\n|-damage|p1a: Make A Wish|84\/100 par\n|move|p1a: Make A Wish|Cosmic Power|p1a: Make A Wish\n|-boost|p1a: Make A Wish|def|1\n|-boost|p1a: Make A Wish|spd|1\n|\n|upkeep\n|turn|6\n|\n|t:|1700253953\n|switch|p2a: Landorus|Landorus-Therian, M|100\/100\n|-ability|p2a: Landorus|Intimidate|boost\n|-unboost|p1a: Make A Wish|atk|1\n|cant|p1a: Make A Wish|par\n|\n|upkeep\n|turn|7\n|c|\u2606qb69x|I didnt forsee this\n|\n|t:|1700253968\n|move|p2a: Landorus|Taunt|p1a: Make A Wish\n|-start|p1a: Make A Wish|move: Taunt\n|cant|p1a: Make A Wish|move: Taunt|Cosmic Power\n|\n|upkeep\n|turn|8\n|\n|t:|1700253978\n|move|p2a: Landorus|Earthquake|p1a: Make A Wish\n|-damage|p1a: Make A Wish|72\/100 par\n|move|p1a: Make A Wish|Stored Power|p2a: Landorus\n|-damage|p2a: Landorus|30\/100\n|\n|-heal|p2a: Landorus|37\/100|[from] item: Leftovers\n|upkeep\n|turn|9\n|\n|t:|1700253986\n|move|p2a: Landorus|U-turn|p1a: Make A Wish\n|-supereffective|p1a: Make A Wish\n|-crit|p1a: Make A Wish\n|-damage|p1a: Make A Wish|18\/100 par\n|-damage|p2a: Landorus|20\/100|[from] item: Rocky Helmet|[of] p1a: Make A Wish\n|\n|t:|1700253990\n|switch|p2a: Kingambit|Kingambit, M, shiny|100\/100|[from] U-turn\n|move|p1a: Make A Wish|Meteor Mash|p2a: Kingambit\n|-resisted|p2a: Kingambit\n|-damage|p2a: Kingambit|93\/100\n|-boost|p1a: Make A Wish|atk|1\n|\n|-heal|p2a: Kingambit|99\/100|[from] item: Leftovers\n|-end|p1a: Make A Wish|move: Taunt\n|upkeep\n|turn|10\n|\n|t:|1700254002\n|move|p2a: Kingambit|Low Kick|p1a: Make A Wish\n|-supereffective|p1a: Make A Wish\n|-damage|p1a: Make A Wish|14\/100 par\n|-damage|p2a: Kingambit|83\/100|[from] item: Rocky Helmet|[of] p1a: Make A Wish\n|move|p1a: Make A Wish|Wish|p1a: Make A Wish\n|\n|-heal|p2a: Kingambit|89\/100|[from] item: Leftovers\n|upkeep\n|turn|11\n|\n|t:|1700254026\n|-end|p2a: Kingambit|fallenundefined|[silent]\n|switch|p2a: Ribombee|Ribombee, F, shiny|100\/100\n|move|p1a: Make A Wish|Cosmic Power|p1a: Make A Wish\n|-boost|p1a: Make A Wish|def|1\n|-boost|p1a: Make A Wish|spd|1\n|\n|-heal|p1a: Make A Wish|64\/100 par|[from] move: Wish|[wisher] Make A Wish\n|upkeep\n|turn|12\n|\n|t:|1700254037\n|move|p2a: Ribombee|U-turn|p1a: Make A Wish\n|-supereffective|p1a: Make A Wish\n|-damage|p1a: Make A Wish|58\/100 par\n|-damage|p2a: Ribombee|84\/100|[from] item: Rocky Helmet|[of] p1a: Make A Wish\n|\n|t:|1700254043\n|switch|p2a: Landorus|Landorus-Therian, M|20\/100|[from] U-turn\n|-ability|p2a: Landorus|Intimidate|boost\n|-unboost|p1a: Make A Wish|atk|1\n|move|p1a: Make A Wish|Stored Power|p2a: Landorus\n|-damage|p2a: Landorus|0 fnt\n|faint|p2a: Landorus\n|\n|upkeep\n|c|\u2606qb69x|im done for\n|\n|t:|1700254059\n|switch|p2a: Ribombee|Ribombee, F, shiny|84\/100\n|turn|13\n|\n|t:|1700254066\n|-terastallize|p2a: Ribombee|Ground\n|move|p2a: Ribombee|Moonblast|p1a: Make A Wish\n|-supereffective|p1a: Make A Wish\n|-damage|p1a: Make A Wish|39\/100 par\n|move|p1a: Make A Wish|Wish|p1a: Make A Wish\n|\n|upkeep\n|turn|14\n|c|\u2606This-Fcucking-Guy|Never back down never what?\n|c|\u2606qb69x|never give up\n|\n|t:|1700254081\n|move|p2a: Ribombee|Moonblast|p1a: Make A Wish\n|-supereffective|p1a: Make A Wish\n|-damage|p1a: Make A Wish|19\/100 par\n|cant|p1a: Make A Wish|par\n|\n|-heal|p1a: Make A Wish|69\/100 par|[from] move: Wish|[wisher] Make A Wish\n|upkeep\n|turn|15\n|\n|t:|1700254089\n|move|p2a: Ribombee|Moonblast|p1a: Make A Wish\n|-supereffective|p1a: Make A Wish\n|-damage|p1a: Make A Wish|49\/100 par\n|-unboost|p1a: Make A Wish|spa|1\n|move|p1a: Make A Wish|Stored Power|p2a: Ribombee\n|-damage|p2a: Ribombee|2\/100\n|\n|upkeep\n|turn|16\n|\n|t:|1700254099\n|move|p2a: Ribombee|Moonblast|p1a: Make A Wish\n|-supereffective|p1a: Make A Wish\n|-damage|p1a: Make A Wish|31\/100 par\n|-unboost|p1a: Make A Wish|spa|1\n|move|p1a: Make A Wish|Meteor Mash|p2a: Ribombee\n|-damage|p2a: Ribombee|0 fnt\n|-boost|p1a: Make A Wish|atk|1\n|faint|p2a: Ribombee\n|\n|upkeep\n|\n|t:|1700254119\n|switch|p2a: Kingambit|Kingambit, M, shiny|89\/100\n|-activate|p2a: Kingambit|ability: Supreme Overlord\n|-start|p2a: Kingambit|fallen2|[silent]\n|turn|17\n|\n|t:|1700254124\n|move|p2a: Kingambit|Swords Dance|p2a: Kingambit\n|-boost|p2a: Kingambit|atk|2\n|move|p1a: Make A Wish|Wish|p1a: Make A Wish\n|\n|-heal|p2a: Kingambit|95\/100|[from] item: Leftovers\n|upkeep\n|turn|18\n|\n|t:|1700254131\n|move|p2a: Kingambit|Swords Dance|p2a: Kingambit\n|-boost|p2a: Kingambit|atk|2\n|move|p1a: Make A Wish|Cosmic Power|p1a: Make A Wish\n|-boost|p1a: Make A Wish|def|1\n|-boost|p1a: Make A Wish|spd|1\n|\n|-heal|p1a: Make A Wish|81\/100 par|[from] move: Wish|[wisher] Make A Wish\n|-heal|p2a: Kingambit|100\/100|[from] item: Leftovers\n|upkeep\n|turn|19\n|\n|t:|1700254142\n|move|p2a: Kingambit|Swords Dance|p2a: Kingambit\n|-boost|p2a: Kingambit|atk|2\n|move|p1a: Make A Wish|Meteor Mash|p2a: Kingambit\n|-resisted|p2a: Kingambit\n|-damage|p2a: Kingambit|89\/100\n|-boost|p1a: Make A Wish|atk|1\n|\n|-heal|p2a: Kingambit|95\/100|[from] item: Leftovers\n|upkeep\n|turn|20\n|\n|t:|1700254159\n|move|p2a: Kingambit|Kowtow Cleave|p1a: Make A Wish\n|-resisted|p1a: Make A Wish\n|-damage|p1a: Make A Wish|58\/100 par\n|-damage|p2a: Kingambit|79\/100|[from] item: Rocky Helmet|[of] p1a: Make A Wish\n|move|p1a: Make A Wish|Meteor Mash|p2a: Kingambit\n|-resisted|p2a: Kingambit\n|-damage|p2a: Kingambit|62\/100\n|-boost|p1a: Make A Wish|atk|1\n|\n|-heal|p2a: Kingambit|69\/100|[from] item: Leftovers\n|upkeep\n|turn|21\n|c|\u2606qb69x|dawg\n|\n|t:|1700254170\n|move|p2a: Kingambit|Low Kick|p1a: Make A Wish\n|-supereffective|p1a: Make A Wish\n|-crit|p1a: Make A Wish\n|-damage|p1a: Make A Wish|0 fnt\n|-damage|p2a: Kingambit|52\/100|[from] item: Rocky Helmet|[of] p1a: Make A Wish\n|faint|p1a: Make A Wish\n|\n|-heal|p2a: Kingambit|58\/100|[from] item: Leftovers\n|upkeep\n|c|\u2606qb69x|w\n|\n|t:|1700254188\n|switch|p1a: Elf|Azelf|100\/100\n|turn|22\n|\n|t:|1700254192\n|move|p1a: Elf|Drain Punch|p2a: Kingambit\n|-supereffective|p2a: Kingambit\n|-damage|p2a: Kingambit|0 fnt\n|faint|p2a: Kingambit\n|-end|p2a: Kingambit|fallen2|[silent]\n|\n|upkeep\n|\n|t:|1700254202\n|switch|p2a: Gholdengo|Gholdengo, shiny|100\/100\n|turn|23\n|\n|t:|1700254208\n|move|p1a: Elf|Knock Off|p2a: Gholdengo\n|-supereffective|p2a: Gholdengo\n|-damage|p2a: Gholdengo|54\/100\n|-enditem|p2a: Gholdengo|Heavy-Duty Boots|[from] move: Knock Off|[of] p1a: Elf\n|move|p2a: Gholdengo|Thunder Wave|p1a: Elf\n|-status|p1a: Elf|par\n|\n|upkeep\n|turn|24\n|\n|t:|1700254218\n|move|p2a: Gholdengo|Nasty Plot|p2a: Gholdengo\n|-boost|p2a: Gholdengo|spa|2\n|move|p1a: Elf|Knock Off|p2a: Gholdengo\n|-supereffective|p2a: Gholdengo\n|-damage|p2a: Gholdengo|24\/100\n|\n|upkeep\n|turn|25\n|\n|t:|1700254231\n|move|p2a: Gholdengo|Hex|p1a: Elf\n|-supereffective|p1a: Elf\n|-damage|p1a: Elf|0 fnt\n|faint|p1a: Elf\n|\n|upkeep\n|\n|t:|1700254245\n|switch|p1a: Shaman King|Shaymin, shiny|100\/100\n|turn|26\n|\n|t:|1700254254\n|move|p1a: Shaman King|Swords Dance|p1a: Shaman King\n|-boost|p1a: Shaman King|atk|2\n|move|p2a: Gholdengo|Thunder Wave|p1a: Shaman King\n|-status|p1a: Shaman King|par\n|\n|upkeep\n|turn|27\n|\n|t:|1700254266\n|move|p2a: Gholdengo|Hex|p1a: Shaman King\n|-damage|p1a: Shaman King|8\/100 par\n|cant|p1a: Shaman King|par\n|\n|upkeep\n|turn|28\n|\n|t:|1700254271\n|move|p2a: Gholdengo|Hex|p1a: Shaman King\n|-damage|p1a: Shaman King|0 fnt\n|faint|p1a: Shaman King\n|\n|upkeep\n|\n|t:|1700254276\n|switch|p1a: Sprite|Mesprit|100\/100\n|turn|29\n|\n|t:|1700254282\n|move|p2a: Gholdengo|Recover|p2a: Gholdengo\n|-heal|p2a: Gholdengo|74\/100\n|move|p1a: Sprite|Mystical Power|p2a: Gholdengo\n|-resisted|p2a: Gholdengo\n|-damage|p2a: Gholdengo|58\/100\n|-boost|p1a: Sprite|spa|1\n|\n|upkeep\n|turn|30\n|\n|t:|1700254292\n|move|p2a: Gholdengo|Thunder Wave|p1a: Sprite\n|-status|p1a: Sprite|par\n|cant|p1a: Sprite|par\n|\n|upkeep\n|turn|31\n|\n|t:|1700254298\n|move|p2a: Gholdengo|Hex|p1a: Sprite\n|-supereffective|p1a: Sprite\n|-crit|p1a: Sprite\n|-damage|p1a: Sprite|0 fnt\n|faint|p1a: Sprite\n|\n|upkeep\n|\n|t:|1700254305\n|switch|p1a: Blasphemy|Manaphy, shiny|100\/100\n|-activate|p1a: Blasphemy|move: Sticky Web\n|-unboost|p1a: Blasphemy|spe|1\n|turn|32\n|c|\u2606qb69x|this dude is cheesy af\n|\n|t:|1700254321\n|move|p1a: Blasphemy|Scald|p2a: Gholdengo\n|-damage|p2a: Gholdengo|26\/100\n|move|p2a: Gholdengo|Thunder Wave|p1a: Blasphemy\n|-status|p1a: Blasphemy|par\n|\n|upkeep\n|turn|33\n|\n|t:|1700254329\n|move|p2a: Gholdengo|Hex|p1a: Blasphemy\n|-crit|p1a: Blasphemy\n|-damage|p1a: Blasphemy|0 fnt\n|faint|p1a: Blasphemy\n|\n|upkeep\n|\n|t:|1700254334\n|switch|p1a: Pixie|Uxie|100\/100\n|turn|34\n|\n|t:|1700254347\n|move|p1a: Pixie|Calm Mind|p1a: Pixie\n|-boost|p1a: Pixie|spa|1\n|-boost|p1a: Pixie|spd|1\n|move|p2a: Gholdengo|Thunder Wave|p1a: Pixie\n|-status|p1a: Pixie|par\n|\n|upkeep\n|turn|35\n|\n|t:|1700254354\n|move|p2a: Gholdengo|Hex|p1a: Pixie\n|-supereffective|p1a: Pixie\n|-damage|p1a: Pixie|0 fnt\n|faint|p1a: Pixie\n|\n|win|qb69x\n|raw|This-Fcucking-Guy's rating: 1062 &rarr; <strong>1046<\/strong><br \/>(-16 for losing)\n|raw|qb69x's rating: 1121 &rarr; <strong>1142<\/strong><br \/>(+21 for winning)\n|c|\u2606qb69x|i dont believe it\n|c|\u2606qb69x|gg\n","uploadtime":1700254373,"views":16,"p1id":"thisfcuckingguy","p2id":"qb69x","formatid":"gen9ou","rating":1046,"private":0,"password":""}