{"id":"gen9ou-1996609700","p1":"del water gap","p2":"ookillemd-tan","format":"[Gen 9] OU","log":"|j|\u2606del water gap\n|j|\u2606ookillemd-tan\n|t:|1700700234\n|gametype|singles\n|player|p1|del water gap|acetrainersnowf|1651\n|player|p2|ookillemd-tan|2|1707\n|teamsize|p1|6\n|teamsize|p2|6\n|gen|9\n|tier|[Gen 9] OU\n|rated|\n|rule|Sleep Clause Mod: Limit one foe put to sleep\n|rule|Species Clause: Limit one of each Pok\u00e9mon\n|rule|OHKO Clause: OHKO moves are banned\n|rule|Evasion Items Clause: Evasion items are banned\n|rule|Evasion Moves Clause: Evasion moves are banned\n|rule|Endless Battle Clause: Forcing endless battles is banned\n|rule|HP Percentage Mod: HP is shown in percentages\n|clearpoke\n|poke|p1|Tinkaton, F|\n|poke|p1|Landorus-Therian, M|\n|poke|p1|Slowking-Galar, M|\n|poke|p1|Dragonite, M|\n|poke|p1|Dragapult, F|\n|poke|p1|Samurott-Hisui, F|\n|poke|p2|Iron Valiant|\n|poke|p2|Alomomola, M|\n|poke|p2|Slowking-Galar, F|\n|poke|p2|Rillaboom, F|\n|poke|p2|Cinderace, M|\n|poke|p2|Samurott-Hisui, M|\n|teampreview\n|\n|t:|1700700247\n|start\n|switch|p1a: Landorus|Landorus-Therian, M|100\/100\n|switch|p2a: Cinderace|Cinderace, M|100\/100\n|-ability|p1a: Landorus|Intimidate|boost\n|-unboost|p2a: Cinderace|atk|1\n|turn|1\n|\n|t:|1700700265\n|switch|p2a: Alomomola|Alomomola, M|100\/100\n|move|p1a: Landorus|Earthquake|p2a: Alomomola\n|-damage|p2a: Alomomola|71\/100\n|\n|upkeep\n|turn|2\n|\n|t:|1700700271\n|move|p1a: Landorus|Stealth Rock|p2a: Alomomola\n|-sidestart|p2: ookillemd-tan|move: Stealth Rock\n|move|p2a: Alomomola|Flip Turn|p1a: Landorus\n|-supereffective|p1a: Landorus\n|-damage|p1a: Landorus|72\/100\n|\n|t:|1700700299\n|switch|p2a: Rillaboom|Rillaboom, F|100\/100|[from] Flip Turn\n|-damage|p2a: Rillaboom|88\/100|[from] Stealth Rock\n|-fieldstart|move: Grassy Terrain|[from] ability: Grassy Surge|[of] p2a: Rillaboom\n|\n|-heal|p1a: Landorus|78\/100|[from] item: Leftovers\n|-heal|p2a: Rillaboom|94\/100|[from] Grassy Terrain\n|upkeep\n|turn|3\n|\n|t:|1700700313\n|switch|p1a: Dragonite|Dragonite, M|100\/100\n|move|p2a: Rillaboom|Wood Hammer|p1a: Dragonite\n|-resisted|p1a: Dragonite\n|-damage|p1a: Dragonite|83\/100\n|-damage|p2a: Rillaboom|89\/100|[from] Recoil\n|\n|-heal|p2a: Rillaboom|95\/100|[from] Grassy Terrain\n|upkeep\n|turn|4\n|\n|t:|1700700322\n|switch|p2a: Iron Valiant|Iron Valiant|100\/100\n|-damage|p2a: Iron Valiant|94\/100|[from] Stealth Rock\n|switch|p1a: Dragapult|Dragapult, F|100\/100\n|\n|-heal|p2a: Iron Valiant|100\/100|[from] Grassy Terrain\n|upkeep\n|turn|5\n|\n|t:|1700700334\n|switch|p1a: Slowking|Slowking-Galar, M|100\/100\n|-end|p2a: Iron Valiant|Quark Drive|[silent]\n|switch|p2a: Samurott|Samurott-Hisui, M|100\/100\n|-damage|p2a: Samurott|88\/100|[from] Stealth Rock\n|\n|-heal|p2a: Samurott|94\/100|[from] Grassy Terrain\n|upkeep\n|turn|6\n|\n|t:|1700700342\n|switch|p1a: Landorus|Landorus-Therian, M|78\/100\n|-ability|p1a: Landorus|Intimidate|boost\n|-unboost|p2a: Samurott|atk|1\n|move|p2a: Samurott|Ceaseless Edge|p1a: Landorus\n|-damage|p1a: Landorus|50\/100\n|-sidestart|p1: del water gap|Spikes\n|\n|-heal|p2a: Samurott|100\/100|[from] Grassy Terrain\n|-heal|p1a: Landorus|56\/100|[from] item: Leftovers\n|-fieldend|move: Grassy Terrain\n|upkeep\n|turn|7\n|\n|t:|1700700351\n|switch|p2a: Alomomola|Alomomola, M|100\/100\n|move|p1a: Landorus|Grass Knot|p2a: Alomomola\n|-supereffective|p2a: Alomomola\n|-damage|p2a: Alomomola|76\/100\n|\n|-heal|p1a: Landorus|62\/100|[from] item: Leftovers\n|upkeep\n|turn|8\n|\n|t:|1700700359\n|move|p1a: Landorus|U-turn|p2a: Alomomola\n|-damage|p2a: Alomomola|63\/100\n|\n|t:|1700700367\n|switch|p1a: Dragonite|Dragonite, M|83\/100|[from] U-turn\n|move|p2a: Alomomola|Flip Turn|p1a: Dragonite\n|-resisted|p1a: Dragonite\n|-damage|p1a: Dragonite|74\/100\n|\n|t:|1700700385\n|switch|p2a: Iron Valiant|Iron Valiant|100\/100|[from] Flip Turn\n|-damage|p2a: Iron Valiant|94\/100|[from] Stealth Rock\n|\n|upkeep\n|turn|9\n|\n|t:|1700700392\n|switch|p1a: Slowking|Slowking-Galar, M|100\/100\n|move|p2a: Iron Valiant|Moonblast|p1a: Slowking\n|-resisted|p1a: Slowking\n|-damage|p1a: Slowking|76\/100\n|-damage|p2a: Iron Valiant|85\/100|[from] item: Life Orb\n|\n|upkeep\n|turn|10\n|\n|t:|1700700403\n|-end|p2a: Iron Valiant|Quark Drive|[silent]\n|switch|p2a: Samurott|Samurott-Hisui, M|100\/100\n|-damage|p2a: Samurott|88\/100|[from] Stealth Rock\n|move|p1a: Slowking|Chilly Reception|p1a: Slowking\n|-weather|Snow\n|\n|t:|1700700410\n|switch|p1a: Landorus|Landorus-Therian, M|62\/100|[from] Chilly Reception\n|-ability|p1a: Landorus|Intimidate|boost\n|-unboost|p2a: Samurott|atk|1\n|\n|-weather|Snow|[upkeep]\n|-heal|p1a: Landorus|68\/100|[from] item: Leftovers\n|upkeep\n|turn|11\n|\n|t:|1700700441\n|switch|p2a: Alomomola|Alomomola, M|96\/100\n|move|p1a: Landorus|U-turn|p2a: Alomomola\n|-damage|p2a: Alomomola|84\/100\n|\n|t:|1700700455\n|switch|p1a: Dragapult|Dragapult, F|100\/100|[from] U-turn\n|\n|-weather|Snow|[upkeep]\n|upkeep\n|turn|12\n|\n|t:|1700700465\n|move|p1a: Dragapult|Will-O-Wisp|p2a: Alomomola\n|-status|p2a: Alomomola|brn\n|move|p2a: Alomomola|Flip Turn|p1a: Dragapult\n|-resisted|p1a: Dragapult\n|-damage|p1a: Dragapult|95\/100\n|\n|t:|1700700474\n|switch|p2a: Iron Valiant|Iron Valiant|85\/100|[from] Flip Turn\n|-damage|p2a: Iron Valiant|78\/100|[from] Stealth Rock\n|\n|-weather|Snow|[upkeep]\n|upkeep\n|turn|13\n|\n|t:|1700700478\n|switch|p1a: Slowking|Slowking-Galar, M|100\/100\n|move|p2a: Iron Valiant|Moonblast|p1a: Slowking\n|-resisted|p1a: Slowking\n|-damage|p1a: Slowking|76\/100\n|-unboost|p1a: Slowking|spa|1\n|-damage|p2a: Iron Valiant|69\/100|[from] item: Life Orb\n|\n|-weather|Snow|[upkeep]\n|upkeep\n|turn|14\n|\n|t:|1700700483\n|move|p2a: Iron Valiant|Psyshock|p1a: Slowking\n|-damage|p1a: Slowking|50\/100\n|-damage|p2a: Iron Valiant|59\/100|[from] item: Life Orb\n|move|p1a: Slowking|Chilly Reception|p1a: Slowking\n|\n|t:|1700700490\n|switch|p1a: Landorus|Landorus-Therian, M|68\/100|[from] Chilly Reception\n|-ability|p1a: Landorus|Intimidate|boost\n|-unboost|p2a: Iron Valiant|atk|1\n|\n|-weather|none\n|-heal|p1a: Landorus|74\/100|[from] item: Leftovers\n|upkeep\n|turn|15\n|\n|t:|1700700522\n|switch|p1a: Slowking|Slowking-Galar, M|83\/100\n|move|p2a: Iron Valiant|Moonblast|p1a: Slowking\n|-resisted|p1a: Slowking\n|-damage|p1a: Slowking|61\/100\n|-damage|p2a: Iron Valiant|49\/100|[from] item: Life Orb\n|\n|upkeep\n|turn|16\n|\n|t:|1700700534\n|-end|p2a: Iron Valiant|Quark Drive|[silent]\n|switch|p2a: Alomomola|Alomomola, M|100\/100 brn\n|move|p1a: Slowking|Chilly Reception|p1a: Slowking\n|-weather|Snow\n|\n|t:|1700700539\n|switch|p1a: Dragapult|Dragapult, F|95\/100|[from] Chilly Reception\n|\n|-weather|Snow|[upkeep]\n|-damage|p2a: Alomomola|94\/100 brn|[from] brn\n|upkeep\n|turn|17\n|\n|t:|1700700551\n|switch|p2a: Samurott|Samurott-Hisui, M|88\/100\n|-damage|p2a: Samurott|76\/100|[from] Stealth Rock\n|move|p1a: Dragapult|Hex|p2a: Samurott\n|-resisted|p2a: Samurott\n|-damage|p2a: Samurott|55\/100\n|\n|-weather|Snow|[upkeep]\n|upkeep\n|turn|18\n|\n|t:|1700700562\n|switch|p1a: Dragonite|Dragonite, M|74\/100\n|move|p2a: Samurott|Razor Shell|p1a: Dragonite\n|-resisted|p1a: Dragonite\n|-damage|p1a: Dragonite|45\/100\n|-unboost|p1a: Dragonite|def|1\n|\n|-weather|Snow|[upkeep]\n|upkeep\n|turn|19\n|\n|t:|1700700574\n|switch|p2a: Alomomola|Alomomola, M|100\/100 brn\n|switch|p1a: Samurott|Samurott-Hisui, F|100\/100\n|\n|-weather|Snow|[upkeep]\n|-damage|p2a: Alomomola|94\/100 brn|[from] brn\n|upkeep\n|turn|20\n|\n|t:|1700700617\n|move|p1a: Samurott|Ceaseless Edge|p2a: Alomomola\n|-damage|p2a: Alomomola|65\/100 brn\n|-sidestart|p2: ookillemd-tan|Spikes\n|move|p2a: Alomomola|Flip Turn|p1a: Samurott\n|-resisted|p1a: Samurott\n|-damage|p1a: Samurott|95\/100\n|\n|t:|1700700619\n|switch|p2a: Cinderace|Cinderace, M|100\/100|[from] Flip Turn\n|\n|-weather|none\n|upkeep\n|turn|21\n|\n|t:|1700700628\n|move|p2a: Cinderace|U-turn|p1a: Samurott\n|-start|p2a: Cinderace|typechange|Bug|[from] ability: Libero\n|-supereffective|p1a: Samurott\n|-damage|p1a: Samurott|9\/100\n|\n|t:|1700700637\n|switch|p2a: Alomomola|Alomomola, M|99\/100 brn|[from] U-turn\n|move|p1a: Samurott|Aqua Cutter|p2a: Alomomola\n|-resisted|p2a: Alomomola\n|-damage|p2a: Alomomola|84\/100 brn\n|\n|-damage|p2a: Alomomola|78\/100 brn|[from] brn\n|upkeep\n|turn|22\n|\n|t:|1700700644\n|move|p1a: Samurott|Ceaseless Edge|p2a: Alomomola|[miss]\n|-miss|p1a: Samurott|p2a: Alomomola\n|move|p2a: Alomomola|Flip Turn|p1a: Samurott\n|-resisted|p1a: Samurott\n|-damage|p1a: Samurott|4\/100\n|\n|t:|1700700649\n|switch|p2a: Cinderace|Cinderace, M|100\/100|[from] Flip Turn\n|\n|upkeep\n|turn|23\n|\n|t:|1700700655\n|switch|p1a: Landorus|Landorus-Therian, M|74\/100\n|-ability|p1a: Landorus|Intimidate|boost\n|-unboost|p2a: Cinderace|atk|1\n|move|p2a: Cinderace|U-turn|p1a: Landorus\n|-start|p2a: Cinderace|typechange|Bug|[from] ability: Libero\n|-resisted|p1a: Landorus\n|-damage|p1a: Landorus|63\/100\n|\n|t:|1700700666\n|switch|p2a: Rillaboom|Rillaboom, F|95\/100|[from] U-turn\n|-damage|p2a: Rillaboom|83\/100|[from] Stealth Rock\n|-damage|p2a: Rillaboom|70\/100|[from] Spikes\n|-fieldstart|move: Grassy Terrain|[from] ability: Grassy Surge|[of] p2a: Rillaboom\n|\n|-heal|p1a: Landorus|69\/100|[from] item: Leftovers\n|-heal|p2a: Rillaboom|76\/100|[from] Grassy Terrain\n|upkeep\n|turn|24\n|\n|t:|1700700677\n|-terastallize|p2a: Rillaboom|Grass\n|move|p1a: Landorus|U-turn|p2a: Rillaboom\n|-supereffective|p2a: Rillaboom\n|-damage|p2a: Rillaboom|29\/100\n|\n|t:|1700700681\n|switch|p1a: Samurott|Samurott-Hisui, F|4\/100|[from] U-turn\n|move|p2a: Rillaboom|Wood Hammer|p1a: Samurott\n|-supereffective|p1a: Samurott\n|-damage|p1a: Samurott|0 fnt\n|faint|p1a: Samurott\n|-damage|p2a: Rillaboom|28\/100|[from] Recoil\n|\n|-heal|p2a: Rillaboom|34\/100|[from] Grassy Terrain\n|upkeep\n|\n|t:|1700700695\n|switch|p1a: Landorus|Landorus-Therian, M|69\/100\n|-ability|p1a: Landorus|Intimidate|boost\n|-unboost|p2a: Rillaboom|atk|1\n|turn|25\n|\n|t:|1700700702\n|switch|p2a: Alomomola|Alomomola, M|100\/100 brn\n|move|p1a: Landorus|U-turn|p2a: Alomomola\n|-damage|p2a: Alomomola|87\/100 brn\n|\n|t:|1700700708\n|switch|p1a: Dragapult|Dragapult, F|95\/100|[from] U-turn\n|\n|-heal|p1a: Dragapult|100\/100|[from] Grassy Terrain\n|-heal|p2a: Alomomola|93\/100 brn|[from] Grassy Terrain\n|-damage|p2a: Alomomola|87\/100 brn|[from] brn\n|upkeep\n|turn|26\n|\n|t:|1700700735\n|move|p1a: Dragapult|Hex|p2a: Alomomola\n|-damage|p2a: Alomomola|32\/100 brn\n|move|p2a: Alomomola|Flip Turn|p1a: Dragapult\n|-resisted|p1a: Dragapult\n|-damage|p1a: Dragapult|95\/100\n|\n|t:|1700700753\n|switch|p2a: Samurott|Samurott-Hisui, M|55\/100|[from] Flip Turn\n|-damage|p2a: Samurott|43\/100|[from] Stealth Rock\n|-damage|p2a: Samurott|30\/100|[from] Spikes\n|\n|-heal|p2a: Samurott|36\/100|[from] Grassy Terrain\n|-heal|p1a: Dragapult|100\/100|[from] Grassy Terrain\n|upkeep\n|turn|27\n|\n|t:|1700700760\n|switch|p1a: Landorus|Landorus-Therian, M|69\/100\n|-ability|p1a: Landorus|Intimidate|boost\n|-unboost|p2a: Samurott|atk|1\n|move|p2a: Samurott|Avalanche|p1a: Landorus\n|-supereffective|p1a: Landorus\n|-damage|p1a: Landorus|20\/100\n|\n|-heal|p2a: Samurott|43\/100|[from] Grassy Terrain\n|-heal|p1a: Landorus|26\/100|[from] item: Leftovers\n|-fieldend|move: Grassy Terrain\n|upkeep\n|turn|28\n|\n|t:|1700700768\n|move|p1a: Landorus|U-turn|p2a: Samurott\n|-supereffective|p2a: Samurott\n|-damage|p2a: Samurott|0 fnt\n|faint|p2a: Samurott\n|\n|t:|1700700774\n|switch|p1a: Dragapult|Dragapult, F|100\/100|[from] U-turn\n|\n|upkeep\n|inactive|Battle timer is ON: inactive players will automatically lose when time's up. (requested by del water gap)\n|\n|t:|1700700840\n|switch|p2a: Cinderace|Cinderace, M|100\/100\n|turn|29\n|\n|t:|1700700855\n|switch|p1a: Slowking|Slowking-Galar, M|95\/100\n|move|p2a: Cinderace|Pyro Ball|p1a: Slowking\n|-damage|p1a: Slowking|48\/100\n|\n|upkeep\n|turn|30\n|\n|t:|1700700866\n|move|p2a: Cinderace|Pyro Ball|p1a: Slowking\n|-damage|p1a: Slowking|5\/100\n|move|p1a: Slowking|Chilly Reception|p1a: Slowking\n|-weather|Snow\n|\n|t:|1700700868\n|switch|p1a: Landorus|Landorus-Therian, M|26\/100|[from] Chilly Reception\n|-ability|p1a: Landorus|Intimidate|boost\n|-unboost|p2a: Cinderace|atk|1\n|\n|-weather|Snow|[upkeep]\n|-heal|p1a: Landorus|32\/100|[from] item: Leftovers\n|upkeep\n|turn|31\n|\n|t:|1700700877\n|move|p2a: Cinderace|Pyro Ball|p1a: Landorus\n|-damage|p1a: Landorus|0 fnt\n|faint|p1a: Landorus\n|\n|-weather|Snow|[upkeep]\n|upkeep\n|\n|t:|1700700885\n|switch|p1a: Dragonite|Dragonite, M|45\/100\n|turn|32\n|\n|t:|1700700891\n|move|p2a: Cinderace|U-turn|p1a: Dragonite\n|-start|p2a: Cinderace|typechange|Bug|[from] ability: Libero\n|-resisted|p1a: Dragonite\n|-damage|p1a: Dragonite|33\/100\n|\n|t:|1700700906\n|switch|p2a: Alomomola|Alomomola, M|65\/100 brn|[from] U-turn\n|move|p1a: Dragonite|Roost|p1a: Dragonite\n|-heal|p1a: Dragonite|83\/100\n|-singleturn|p1a: Dragonite|move: Roost\n|\n|-weather|Snow|[upkeep]\n|-damage|p2a: Alomomola|59\/100 brn|[from] brn\n|upkeep\n|turn|33\n|\n|t:|1700700914\n|switch|p1a: Dragapult|Dragapult, F|100\/100\n|move|p2a: Alomomola|Wish|p2a: Alomomola\n|\n|-weather|Snow|[upkeep]\n|-damage|p2a: Alomomola|53\/100 brn|[from] brn\n|upkeep\n|turn|34\n|inactive|ookillemd-tan has 120 seconds left.\n|\n|t:|1700700945\n|switch|p2a: Cinderace|Cinderace, M|100\/100\n|move|p1a: Dragapult|Hex|p2a: Cinderace\n|-damage|p2a: Cinderace|60\/100\n|\n|-weather|none\n|-heal|p2a: Cinderace|100\/100|[from] move: Wish|[wisher] Alomomola\n|upkeep\n|turn|35\n|inactive|ookillemd-tan has 120 seconds left.\n|\n|t:|1700700958\n|-terastallize|p1a: Dragapult|Dragon\n|move|p1a: Dragapult|Draco Meteor|p2a: Cinderace\n|-damage|p2a: Cinderace|0 fnt\n|-unboost|p1a: Dragapult|spa|2\n|faint|p2a: Cinderace\n|\n|upkeep\n|inactive|ookillemd-tan has 120 seconds left.\n|\n|t:|1700700968\n|switch|p2a: Alomomola|Alomomola, M|86\/100 brn\n|turn|36\n|\n|t:|1700700971\n|move|p1a: Dragapult|U-turn|p2a: Alomomola\n|-damage|p2a: Alomomola|75\/100 brn\n|\n|t:|1700700973\n|switch|p1a: Slowking|Slowking-Galar, M|38\/100|[from] U-turn\n|move|p2a: Alomomola|Wish|p2a: Alomomola\n|\n|-damage|p2a: Alomomola|69\/100 brn|[from] brn\n|upkeep\n|turn|37\n|\n|t:|1700700979\n|move|p2a: Alomomola|Flip Turn|p1a: Slowking\n|-damage|p1a: Slowking|32\/100\n|\n|t:|1700700982\n|switch|p2a: Iron Valiant|Iron Valiant|49\/100|[from] Flip Turn\n|-damage|p2a: Iron Valiant|43\/100|[from] Stealth Rock\n|-damage|p2a: Iron Valiant|31\/100|[from] Spikes\n|move|p1a: Slowking|Sludge Bomb|p2a: Iron Valiant\n|-supereffective|p2a: Iron Valiant\n|-damage|p2a: Iron Valiant|0 fnt\n|faint|p2a: Iron Valiant\n|-end|p2a: Iron Valiant|Quark Drive|[silent]\n|\n|upkeep\n|\n|t:|1700700995\n|switch|p2a: Slowking|Slowking-Galar, F|100\/100\n|turn|38\n|\n|t:|1700700998\n|move|p1a: Slowking|Chilly Reception|p1a: Slowking\n|-weather|Snow\n|\n|t:|1700701001\n|switch|p1a: Tinkaton|Tinkaton, F|100\/100|[from] Chilly Reception\n|-ability|p1a: Tinkaton|Mold Breaker\n|-item|p1a: Tinkaton|Air Balloon\n|move|p2a: Slowking|Future Sight|p1a: Tinkaton\n|-start|p2a: Slowking|move: Future Sight\n|\n|-weather|Snow|[upkeep]\n|upkeep\n|turn|39\n|\n|t:|1700701009\n|switch|p2a: Alomomola|Alomomola, M|100\/100 brn\n|move|p1a: Tinkaton|Swords Dance|p1a: Tinkaton\n|-boost|p1a: Tinkaton|atk|2\n|\n|-weather|Snow|[upkeep]\n|-damage|p2a: Alomomola|94\/100 brn|[from] brn\n|upkeep\n|turn|40\n|\n|t:|1700701015\n|move|p1a: Tinkaton|Knock Off|p2a: Alomomola\n|-damage|p2a: Alomomola|68\/100 brn\n|-enditem|p2a: Alomomola|Heavy-Duty Boots|[from] move: Knock Off|[of] p1a: Tinkaton\n|move|p2a: Alomomola|Tickle|p1a: Tinkaton\n|-unboost|p1a: Tinkaton|atk|1\n|-unboost|p1a: Tinkaton|def|1\n|\n|-weather|Snow|[upkeep]\n|-end|p1a: Tinkaton|move: Future Sight\n|-resisted|p1a: Tinkaton\n|-damage|p1a: Tinkaton|77\/100\n|-enditem|p1a: Tinkaton|Air Balloon\n|-damage|p2a: Alomomola|62\/100 brn|[from] brn\n|upkeep\n|turn|41\n|\n|t:|1700701029\n|move|p1a: Tinkaton|Gigaton Hammer|p2a: Alomomola\n|-resisted|p2a: Alomomola\n|-damage|p2a: Alomomola|37\/100 brn\n|move|p2a: Alomomola|Wish|p2a: Alomomola\n|\n|-weather|Snow|[upkeep]\n|-damage|p2a: Alomomola|31\/100 brn|[from] brn\n|upkeep\n|turn|42\n|\n|t:|1700701044\n|switch|p1a: Dragapult|Dragapult, F, tera:Dragon|100\/100\n|move|p2a: Alomomola|Flip Turn|p1a: Dragapult\n|-resisted|p1a: Dragapult\n|-damage|p1a: Dragapult|95\/100\n|\n|t:|1700701048\n|switch|p2a: Rillaboom|Rillaboom, F, tera:Grass|34\/100|[from] Flip Turn\n|-damage|p2a: Rillaboom|22\/100|[from] Stealth Rock\n|-damage|p2a: Rillaboom|10\/100|[from] Spikes\n|-fieldstart|move: Grassy Terrain|[from] ability: Grassy Surge|[of] p2a: Rillaboom\n|\n|-weather|none\n|-heal|p2a: Rillaboom|79\/100|[from] move: Wish|[wisher] Alomomola\n|-heal|p1a: Dragapult|100\/100|[from] Grassy Terrain\n|-heal|p2a: Rillaboom|85\/100|[from] Grassy Terrain\n|upkeep\n|turn|43\n|inactive|ookillemd-tan has 120 seconds left.\n|\n|t:|1700701090\n|switch|p2a: Slowking|Slowking-Galar, F|100\/100\n|move|p1a: Dragapult|Draco Meteor|p2a: Slowking\n|-damage|p2a: Slowking|59\/100\n|-unboost|p1a: Dragapult|spa|2\n|\n|-heal|p2a: Slowking|65\/100|[from] Grassy Terrain\n|upkeep\n|turn|44\n|\n|t:|1700701101\n|move|p1a: Dragapult|U-turn|p2a: Slowking\n|-damage|p2a: Slowking|47\/100\n|\n|t:|1700701105\n|switch|p1a: Tinkaton|Tinkaton, F|77\/100|[from] U-turn\n|-damage|p1a: Tinkaton|65\/100|[from] Spikes\n|-ability|p1a: Tinkaton|Mold Breaker\n|move|p2a: Slowking|Chilly Reception|p2a: Slowking\n|-weather|Snow\n|\n|t:|1700701109\n|switch|p2a: Rillaboom|Rillaboom, F, tera:Grass|85\/100|[from] Chilly Reception\n|-damage|p2a: Rillaboom|72\/100|[from] Stealth Rock\n|-damage|p2a: Rillaboom|60\/100|[from] Spikes\n|\n|-weather|Snow|[upkeep]\n|-heal|p1a: Tinkaton|71\/100|[from] Grassy Terrain\n|-heal|p2a: Rillaboom|66\/100|[from] Grassy Terrain\n|upkeep\n|turn|45\n|\n|t:|1700701112\n|move|p1a: Tinkaton|Ice Hammer|p2a: Rillaboom\n|-supereffective|p2a: Rillaboom\n|-damage|p2a: Rillaboom|16\/100\n|-unboost|p1a: Tinkaton|spe|1\n|move|p2a: Rillaboom|Wood Hammer|p1a: Tinkaton\n|-resisted|p1a: Tinkaton\n|-damage|p1a: Tinkaton|0 fnt\n|faint|p1a: Tinkaton\n|-damage|p2a: Rillaboom|0 fnt|[from] Recoil\n|faint|p2a: Rillaboom\n|\n|-weather|Snow|[upkeep]\n|upkeep\n|\n|t:|1700701126\n|switch|p1a: Dragonite|Dragonite, M|83\/100\n|switch|p2a: Slowking|Slowking-Galar, F|80\/100\n|turn|46\n|\n|t:|1700701130\n|switch|p2a: Alomomola|Alomomola, M|64\/100 brn\n|-damage|p2a: Alomomola|52\/100 brn|[from] Stealth Rock\n|-damage|p2a: Alomomola|40\/100 brn|[from] Spikes\n|move|p1a: Dragonite|Dragon Dance|p1a: Dragonite\n|-boost|p1a: Dragonite|atk|1\n|-boost|p1a: Dragonite|spe|1\n|\n|-weather|Snow|[upkeep]\n|-heal|p2a: Alomomola|46\/100 brn|[from] Grassy Terrain\n|-damage|p2a: Alomomola|40\/100 brn|[from] brn\n|-fieldend|move: Grassy Terrain\n|upkeep\n|turn|47\n|\n|t:|1700701134\n|move|p1a: Dragonite|Earthquake|p2a: Alomomola\n|-damage|p2a: Alomomola|3\/100 brn\n|move|p2a: Alomomola|Wish|p2a: Alomomola\n|\n|-weather|Snow|[upkeep]\n|-damage|p2a: Alomomola|0 fnt|[from] brn\n|faint|p2a: Alomomola\n|upkeep\n|\n|t:|1700701137\n|switch|p2a: Slowking|Slowking-Galar, F|100\/100\n|turn|48\n|\n|t:|1700701149\n|switch|p1a: Slowking|Slowking-Galar, M|65\/100\n|move|p2a: Slowking|Eerie Spell|p1a: Slowking\n|-damage|p1a: Slowking|44\/100\n|\n|-weather|none\n|upkeep\n|turn|49\n|\n|t:|1700701154\n|move|p1a: Slowking|Yawn|p2a: Slowking\n|-start|p2a: Slowking|move: Yawn|[of] p1a: Slowking\n|move|p2a: Slowking|Eerie Spell|p1a: Slowking\n|-damage|p1a: Slowking|22\/100\n|-activate|p1a: Slowking|move: Eerie Spell|Yawn|3\n|\n|upkeep\n|turn|50\n|\n|t:|1700701160\n|move|p2a: Slowking|Eerie Spell|p1a: Slowking\n|-damage|p1a: Slowking|0 fnt\n|faint|p1a: Slowking\n|\n|-end|p2a: Slowking|move: Yawn|[silent]\n|-status|p2a: Slowking|slp\n|upkeep\n|\n|t:|1700701162\n|switch|p1a: Dragapult|Dragapult, F, tera:Dragon|100\/100\n|turn|51\n|\n|t:|1700701166\n|move|p1a: Dragapult|Hex|p2a: Slowking\n|-supereffective|p2a: Slowking\n|-damage|p2a: Slowking|38\/100 slp\n|cant|p2a: Slowking|slp\n|\n|upkeep\n|turn|52\n|\n|t:|1700701169\n|move|p1a: Dragapult|Hex|p2a: Slowking\n|-supereffective|p2a: Slowking\n|-damage|p2a: Slowking|0 fnt\n|faint|p2a: Slowking\n|\n|win|del water gap\n|raw|del water gap's rating: 1651 &rarr; <strong>1674<\/strong><br \/>(+23 for winning)\n|raw|ookillemd-tan's rating: 1707 &rarr; <strong>1684<\/strong><br \/>(-23 for losing)\n|l|\u2606ookillemd-tan\n","uploadtime":1700701174,"views":17,"p1id":"delwatergap","p2id":"ookillemdtan","formatid":"gen9ou","rating":1674,"private":0,"password":""}