{"id":"gen9ou-1990396908","p1":"lohgfc","p2":"Garpinis","format":"[Gen 9] OU","log":"|j|\u2606lohgfc\n|j|\u2606Garpinis\n|t:|1699966629\n|gametype|singles\n|player|p1|lohgfc|266|1155\n|player|p2|Garpinis|sabrina|1118\n|teamsize|p1|6\n|teamsize|p2|6\n|gen|9\n|tier|[Gen 9] OU\n|rated|\n|rule|Sleep Clause Mod: Limit one foe put to sleep\n|rule|Species Clause: Limit one of each Pok\u00e9mon\n|rule|OHKO Clause: OHKO moves are banned\n|rule|Evasion Items Clause: Evasion items are banned\n|rule|Evasion Moves Clause: Evasion moves are banned\n|rule|Endless Battle Clause: Forcing endless battles is banned\n|rule|HP Percentage Mod: HP is shown in percentages\n|clearpoke\n|poke|p1|Pelipper, F|\n|poke|p1|Rillaboom, F|\n|poke|p1|Goodra, M|\n|poke|p1|Drednaw, F|\n|poke|p1|Zapdos|\n|poke|p1|Iron Treads|\n|poke|p2|Umbreon, F|\n|poke|p2|Sableye, F|\n|poke|p2|Jirachi|\n|poke|p2|Dragapult, M|\n|poke|p2|Dudunsparce-*, F|\n|poke|p2|Gengar, F|\n|teampreview\n|\n|t:|1699966637\n|start\n|switch|p1a: Pelipper|Pelipper, F|100\/100\n|switch|p2a: Sableye|Sableye, F|100\/100\n|-weather|RainDance|[from] ability: Drizzle|[of] p1a: Pelipper\n|turn|1\n|\n|t:|1699966657\n|switch|p2a: Dragapult|Dragapult, M|100\/100\n|move|p1a: Pelipper|Hurricane|p2a: Dragapult\n|-damage|p2a: Dragapult|54\/100\n|\n|-weather|RainDance|[upkeep]\n|upkeep\n|turn|2\n|\n|t:|1699966663\n|move|p2a: Dragapult|Light Screen|p2a: Dragapult\n|-sidestart|p2: Garpinis|move: Light Screen\n|move|p1a: Pelipper|U-turn|p2a: Dragapult\n|-resisted|p2a: Dragapult\n|-damage|p2a: Dragapult|50\/100\n|\n|t:|1699966668\n|switch|p1a: Drednaw|Drednaw, F|100\/100|[from] U-turn\n|\n|-weather|RainDance|[upkeep]\n|upkeep\n|turn|3\n|\n|t:|1699966678\n|move|p1a: Drednaw|Ice Spinner|p2a: Dragapult\n|-supereffective|p2a: Dragapult\n|-damage|p2a: Dragapult|0 fnt\n|faint|p2a: Dragapult\n|\n|-weather|RainDance|[upkeep]\n|upkeep\n|\n|t:|1699966691\n|switch|p2a: Umbreon|Umbreon, F|100\/100\n|turn|4\n|\n|t:|1699966697\n|switch|p1a: Goodra|Goodra, M|100\/100\n|move|p2a: Umbreon|Curse|p2a: Umbreon\n|-unboost|p2a: Umbreon|spe|1\n|-boost|p2a: Umbreon|atk|1\n|-boost|p2a: Umbreon|def|1\n|\n|-weather|RainDance|[upkeep]\n|upkeep\n|turn|5\n|\n|t:|1699966703\n|move|p2a: Umbreon|Toxic|p1a: Goodra\n|-status|p1a: Goodra|tox\n|move|p1a: Goodra|Dragon Tail|p2a: Umbreon\n|-damage|p2a: Umbreon|91\/100\n|drag|p2a: Dudunsparce|Dudunsparce-Three-Segment, F|100\/100\n|\n|-weather|RainDance|[upkeep]\n|-activate|p1a: Goodra|ability: Hydration\n|-curestatus|p1a: Goodra|tox|[msg]\n|upkeep\n|turn|6\n|\n|t:|1699966716\n|move|p1a: Goodra|Scald|p2a: Dudunsparce\n|-damage|p2a: Dudunsparce|85\/100\n|move|p2a: Dudunsparce|Amnesia|p2a: Dudunsparce\n|-boost|p2a: Dudunsparce|spd|2\n|\n|-weather|RainDance|[upkeep]\n|-heal|p2a: Dudunsparce|91\/100|[from] item: Leftovers\n|upkeep\n|turn|7\n|\n|t:|1699966727\n|move|p2a: Dudunsparce|Coil|p2a: Dudunsparce\n|-boost|p2a: Dudunsparce|atk|1\n|-boost|p2a: Dudunsparce|def|1\n|-boost|p2a: Dudunsparce|accuracy|1\n|move|p1a: Goodra|Dragon Tail|p2a: Dudunsparce\n|-damage|p2a: Dudunsparce|82\/100\n|drag|p2a: Gengar|Gengar, F|100\/100\n|\n|-weather|RainDance|[upkeep]\n|upkeep\n|turn|8\n|\n|t:|1699966739\n|move|p2a: Gengar|Nasty Plot|p2a: Gengar\n|-boost|p2a: Gengar|spa|2\n|move|p1a: Goodra|Dragon Tail|p2a: Gengar\n|-crit|p2a: Gengar\n|-damage|p2a: Gengar|46\/100\n|-start|p1a: Goodra|Disable|Dragon Tail|[from] ability: Cursed Body|[of] p2a: Gengar\n|drag|p2a: Sableye|Sableye, F|100\/100\n|\n|-weather|none\n|upkeep\n|turn|9\n|\n|t:|1699966750\n|switch|p1a: Iron Treads|Iron Treads|100\/100\n|-enditem|p1a: Iron Treads|Booster Energy\n|-activate|p1a: Iron Treads|ability: Quark Drive|[fromitem]\n|-start|p1a: Iron Treads|quarkdrivespe\n|move|p2a: Sableye|Encore||[still]\n|-fail|p2a: Sableye\n|\n|-sideend|p2: Garpinis|move: Light Screen\n|upkeep\n|turn|10\n|\n|t:|1699966757\n|move|p2a: Sableye|Mean Look|p1a: Iron Treads\n|-activate|p1a: Iron Treads|trapped\n|move|p1a: Iron Treads|Stealth Rock|p2a: Sableye\n|-sidestart|p2: Garpinis|move: Stealth Rock\n|\n|upkeep\n|turn|11\n|\n|t:|1699966763\n|move|p2a: Sableye|Encore|p1a: Iron Treads\n|-start|p1a: Iron Treads|Encore\n|move|p1a: Iron Treads|Stealth Rock||[still]\n|-fail|p1a: Iron Treads\n|\n|upkeep\n|turn|12\n|\n|t:|1699966768\n|move|p2a: Sableye|Calm Mind|p2a: Sableye\n|-boost|p2a: Sableye|spa|1\n|-boost|p2a: Sableye|spd|1\n|move|p1a: Iron Treads|Stealth Rock||[still]\n|-fail|p1a: Iron Treads\n|\n|upkeep\n|turn|13\n|\n|t:|1699966776\n|move|p2a: Sableye|Calm Mind|p2a: Sableye\n|-boost|p2a: Sableye|spa|1\n|-boost|p2a: Sableye|spd|1\n|move|p1a: Iron Treads|Stealth Rock||[still]\n|-fail|p1a: Iron Treads\n|\n|-end|p1a: Iron Treads|Encore\n|upkeep\n|turn|14\n|\n|t:|1699966783\n|move|p2a: Sableye|Encore|p1a: Iron Treads\n|-start|p1a: Iron Treads|Encore\n|move|p1a: Iron Treads|Stealth Rock||[still]\n|-fail|p1a: Iron Treads\n|\n|upkeep\n|turn|15\n|\n|t:|1699966796\n|move|p2a: Sableye|Calm Mind|p2a: Sableye\n|-boost|p2a: Sableye|spa|1\n|-boost|p2a: Sableye|spd|1\n|move|p1a: Iron Treads|Stealth Rock||[still]\n|-fail|p1a: Iron Treads\n|\n|upkeep\n|turn|16\n|\n|t:|1699966801\n|move|p2a: Sableye|Calm Mind|p2a: Sableye\n|-boost|p2a: Sableye|spa|1\n|-boost|p2a: Sableye|spd|1\n|move|p1a: Iron Treads|Stealth Rock||[still]\n|-fail|p1a: Iron Treads\n|\n|-end|p1a: Iron Treads|Encore\n|upkeep\n|turn|17\n|\n|t:|1699966811\n|move|p2a: Sableye|Encore|p1a: Iron Treads\n|-start|p1a: Iron Treads|Encore\n|move|p1a: Iron Treads|Stealth Rock||[still]\n|-fail|p1a: Iron Treads\n|\n|upkeep\n|turn|18\n|\n|t:|1699966816\n|move|p2a: Sableye|Calm Mind|p2a: Sableye\n|-boost|p2a: Sableye|spa|1\n|-boost|p2a: Sableye|spd|1\n|move|p1a: Iron Treads|Stealth Rock||[still]\n|-fail|p1a: Iron Treads\n|\n|upkeep\n|turn|19\n|\n|t:|1699966820\n|move|p2a: Sableye|Calm Mind|p2a: Sableye\n|-boost|p2a: Sableye|spa|1\n|-boost|p2a: Sableye|spd|1\n|move|p1a: Iron Treads|Stealth Rock||[still]\n|-fail|p1a: Iron Treads\n|\n|-end|p1a: Iron Treads|Encore\n|upkeep\n|turn|20\n|\n|t:|1699966830\n|move|p2a: Sableye|Encore|p1a: Iron Treads\n|-start|p1a: Iron Treads|Encore\n|move|p1a: Iron Treads|Stealth Rock||[still]\n|-fail|p1a: Iron Treads\n|\n|upkeep\n|turn|21\n|\n|t:|1699966835\n|move|p1a: Iron Treads|Stealth Rock||[still]\n|-fail|p1a: Iron Treads\n|move|p2a: Sableye|Dark Pulse|p1a: Iron Treads\n|-damage|p1a: Iron Treads|0 fnt\n|faint|p1a: Iron Treads\n|-end|p1a: Iron Treads|Quark Drive|[silent]\n|\n|upkeep\n|\n|t:|1699966842\n|switch|p1a: Pelipper|Pelipper, F|100\/100\n|-weather|RainDance|[from] ability: Drizzle|[of] p1a: Pelipper\n|turn|22\n|\n|t:|1699966849\n|move|p1a: Pelipper|U-turn|p2a: Sableye\n|-damage|p2a: Sableye|93\/100\n|\n|t:|1699966856\n|switch|p1a: Zapdos|Zapdos|100\/100|[from] U-turn\n|move|p2a: Sableye|Dark Pulse|p1a: Zapdos\n|-damage|p1a: Zapdos|14\/100\n|\n|-weather|RainDance|[upkeep]\n|upkeep\n|turn|23\n|\n|t:|1699966863\n|move|p1a: Zapdos|Thunder|p2a: Sableye\n|-damage|p2a: Sableye|72\/100\n|-status|p2a: Sableye|par\n|cant|p2a: Sableye|par\n|\n|-weather|RainDance|[upkeep]\n|upkeep\n|turn|24\n|\n|t:|1699966870\n|move|p1a: Zapdos|Thunder|p2a: Sableye\n|-damage|p2a: Sableye|48\/100 par\n|-enditem|p2a: Sableye|Sitrus Berry|[eat]\n|-heal|p2a: Sableye|73\/100 par|[from] item: Sitrus Berry\n|move|p2a: Sableye|Dark Pulse|p1a: Zapdos\n|-damage|p1a: Zapdos|0 fnt\n|faint|p1a: Zapdos\n|\n|-weather|RainDance|[upkeep]\n|upkeep\n|\n|t:|1699966880\n|switch|p1a: Drednaw|Drednaw, F|100\/100\n|turn|25\n|\n|t:|1699966884\n|move|p1a: Drednaw|Waterfall|p2a: Sableye\n|-damage|p2a: Sableye|15\/100 par\n|move|p2a: Sableye|Dark Pulse|p1a: Drednaw\n|-damage|p1a: Drednaw|0 fnt\n|faint|p1a: Drednaw\n|\n|-weather|RainDance|[upkeep]\n|upkeep\n|\n|t:|1699966892\n|switch|p1a: Rillaboom|Rillaboom, F|100\/100\n|-fieldstart|move: Grassy Terrain|[from] ability: Grassy Surge|[of] p1a: Rillaboom\n|turn|26\n|\n|t:|1699966902\n|move|p1a: Rillaboom|Grassy Glide|p2a: Sableye\n|-damage|p2a: Sableye|0 fnt\n|faint|p2a: Sableye\n|\n|-weather|RainDance|[upkeep]\n|upkeep\n|\n|t:|1699966917\n|switch|p2a: Jirachi|Jirachi|100\/100\n|-damage|p2a: Jirachi|94\/100|[from] Stealth Rock\n|turn|27\n|\n|t:|1699966926\n|switch|p1a: Goodra|Goodra, M|100\/100\n|move|p2a: Jirachi|Cosmic Power|p2a: Jirachi\n|-boost|p2a: Jirachi|def|1\n|-boost|p2a: Jirachi|spd|1\n|\n|-weather|RainDance|[upkeep]\n|-heal|p2a: Jirachi|100\/100|[from] Grassy Terrain\n|upkeep\n|turn|28\n|\n|t:|1699966934\n|move|p2a: Jirachi|Stored Power|p1a: Goodra\n|-damage|p1a: Goodra|92\/100\n|move|p1a: Goodra|Dragon Tail|p2a: Jirachi\n|-resisted|p2a: Jirachi\n|-damage|p2a: Jirachi|96\/100\n|drag|p2a: Dudunsparce|Dudunsparce-Three-Segment, F|82\/100\n|-damage|p2a: Dudunsparce|70\/100|[from] Stealth Rock\n|\n|-weather|RainDance|[upkeep]\n|-heal|p1a: Goodra|98\/100|[from] Grassy Terrain\n|-heal|p2a: Dudunsparce|76\/100|[from] Grassy Terrain\n|-heal|p2a: Dudunsparce|82\/100|[from] item: Leftovers\n|upkeep\n|turn|29\n|\n|t:|1699966945\n|move|p2a: Dudunsparce|Roost|p2a: Dudunsparce\n|-heal|p2a: Dudunsparce|100\/100\n|-singleturn|p2a: Dudunsparce|move: Roost\n|move|p1a: Goodra|Dragon Tail|p2a: Dudunsparce|[miss]\n|-miss|p1a: Goodra|p2a: Dudunsparce\n|\n|-weather|none\n|-heal|p1a: Goodra|100\/100|[from] Grassy Terrain\n|upkeep\n|turn|30\n|\n|t:|1699966951\n|move|p2a: Dudunsparce|Coil|p2a: Dudunsparce\n|-boost|p2a: Dudunsparce|atk|1\n|-boost|p2a: Dudunsparce|def|1\n|-boost|p2a: Dudunsparce|accuracy|1\n|move|p1a: Goodra|Dragon Tail|p2a: Dudunsparce\n|-damage|p2a: Dudunsparce|90\/100\n|drag|p2a: Jirachi|Jirachi|96\/100\n|-damage|p2a: Jirachi|90\/100|[from] Stealth Rock\n|\n|-heal|p2a: Jirachi|96\/100|[from] Grassy Terrain\n|-heal|p2a: Jirachi|100\/100|[from] item: Leftovers\n|-fieldend|move: Grassy Terrain\n|upkeep\n|turn|31\n|\n|t:|1699966963\n|move|p2a: Jirachi|Wish|p2a: Jirachi\n|move|p1a: Goodra|Dragon Tail|p2a: Jirachi\n|-resisted|p2a: Jirachi\n|-damage|p2a: Jirachi|94\/100\n|drag|p2a: Umbreon|Umbreon, F|91\/100\n|-damage|p2a: Umbreon|78\/100|[from] Stealth Rock\n|\n|upkeep\n|turn|32\n|\n|t:|1699966973\n|switch|p1a: Pelipper|Pelipper, F|100\/100\n|-weather|RainDance|[from] ability: Drizzle|[of] p1a: Pelipper\n|move|p2a: Umbreon|Toxic|p1a: Pelipper\n|-status|p1a: Pelipper|tox\n|\n|-weather|RainDance|[upkeep]\n|-heal|p2a: Umbreon|100\/100|[from] move: Wish|[wisher] Jirachi\n|-damage|p1a: Pelipper|94\/100 tox|[from] psn\n|upkeep\n|turn|33\n|\n|t:|1699966983\n|move|p2a: Umbreon|Moonlight|p2a: Umbreon\n|-fail|p2a: Umbreon|heal\n|move|p1a: Pelipper|Hurricane|p2a: Umbreon\n|-damage|p2a: Umbreon|81\/100\n|-enditem|p2a: Umbreon|Maranga Berry|[eat]\n|-boost|p2a: Umbreon|spd|1|[from] item: Maranga Berry\n|\n|-weather|RainDance|[upkeep]\n|-damage|p1a: Pelipper|82\/100 tox|[from] psn\n|upkeep\n|turn|34\n|-message|lohgfc forfeited.\n|\n|win|Garpinis\n|raw|lohgfc's rating: 1155 &rarr; <strong>1127<\/strong><br \/>(-28 for losing)\n|raw|Garpinis's rating: 1118 &rarr; <strong>1146<\/strong><br \/>(+28 for winning)\n|l|\u2606lohgfc\n","uploadtime":1699966997,"views":25,"p1id":"lohgfc","p2id":"garpinis","formatid":"gen9ou","rating":1127,"private":0,"password":""}