{"id":"gen9ou-1991328190","p1":"Judgieiscool","p2":"Firegamer112a","format":"[Gen 9] OU","log":"|j|\u203dJudgieiscool\n|j|\u2606Firegamer112a\n|t:|1700067978\n|gametype|singles\n|player|p1|Judgieiscool|volkner|1252\n|player|p2|Firegamer112a|grimsley|1291\n|teamsize|p1|6\n|teamsize|p2|6\n|gen|9\n|tier|[Gen 9] OU\n|rated|\n|rule|Sleep Clause Mod: Limit one foe put to sleep\n|rule|Species Clause: Limit one of each Pok\u00e9mon\n|rule|OHKO Clause: OHKO moves are banned\n|rule|Evasion Items Clause: Evasion items are banned\n|rule|Evasion Moves Clause: Evasion moves are banned\n|rule|Endless Battle Clause: Forcing endless battles is banned\n|rule|HP Percentage Mod: HP is shown in percentages\n|clearpoke\n|poke|p1|Toxapex, F|\n|poke|p1|Iron Valiant|\n|poke|p1|Zapdos|\n|poke|p1|Iron Moth|\n|poke|p1|Dragapult, F|\n|poke|p1|Glimmora, M|\n|poke|p2|Rillaboom, F|\n|poke|p2|Cinderace, M|\n|poke|p2|Ogerpon-Cornerstone, F|\n|poke|p2|Kingambit, M|\n|poke|p2|Great Tusk|\n|poke|p2|Iron Valiant|\n|teampreview\n|inactive|Battle timer is ON: inactive players will automatically lose when time's up. (requested by Judgieiscool)\n|\n|t:|1700067989\n|start\n|switch|p1a: Dragapult|Dragapult, F|100\/100\n|switch|p2a: Iron Valiant|Iron Valiant|100\/100\n|-enditem|p2a: Iron Valiant|Booster Energy\n|-activate|p2a: Iron Valiant|ability: Quark Drive|[fromitem]\n|-start|p2a: Iron Valiant|quarkdrivespe\n|turn|1\n|\n|t:|1700068002\n|switch|p1a: Toxapex|Toxapex, F|100\/100\n|move|p2a: Iron Valiant|Calm Mind|p2a: Iron Valiant\n|-boost|p2a: Iron Valiant|spa|1\n|-boost|p2a: Iron Valiant|spd|1\n|\n|upkeep\n|turn|2\n|\n|t:|1700068019\n|-terastallize|p2a: Iron Valiant|Electric\n|move|p2a: Iron Valiant|Thunderbolt|p1a: Toxapex\n|-supereffective|p1a: Toxapex\n|-damage|p1a: Toxapex|0 fnt\n|faint|p1a: Toxapex\n|\n|upkeep\n|\n|t:|1700068027\n|switch|p1a: Glimmora|Glimmora, M|100\/100\n|turn|3\n|\n|t:|1700068032\n|move|p2a: Iron Valiant|Thunderbolt|p1a: Glimmora\n|-damage|p1a: Glimmora|10\/100\n|move|p1a: Glimmora|Mortal Spin|p2a: Iron Valiant\n|-damage|p2a: Iron Valiant|89\/100\n|-status|p2a: Iron Valiant|psn\n|\n|-damage|p2a: Iron Valiant|77\/100 psn|[from] psn\n|upkeep\n|turn|4\n|\n|t:|1700068042\n|move|p2a: Iron Valiant|Moonblast|p1a: Glimmora\n|-resisted|p1a: Glimmora\n|-damage|p1a: Glimmora|0 fnt\n|faint|p1a: Glimmora\n|\n|-damage|p2a: Iron Valiant|64\/100 psn|[from] psn\n|upkeep\n|\n|t:|1700068054\n|switch|p1a: Iron Valiant|Iron Valiant|100\/100\n|-enditem|p1a: Iron Valiant|Booster Energy\n|-activate|p1a: Iron Valiant|ability: Quark Drive|[fromitem]\n|-start|p1a: Iron Valiant|quarkdrivespe\n|turn|5\n|\n|t:|1700068060\n|move|p2a: Iron Valiant|Thunderbolt|p1a: Iron Valiant\n|-damage|p1a: Iron Valiant|0 fnt\n|faint|p1a: Iron Valiant\n|-end|p1a: Iron Valiant|Quark Drive|[silent]\n|\n|-damage|p2a: Iron Valiant|52\/100 psn|[from] psn\n|upkeep\n|\n|t:|1700068070\n|switch|p1a: Iron Moth|Iron Moth|100\/100\n|-enditem|p1a: Iron Moth|Booster Energy\n|-activate|p1a: Iron Moth|ability: Quark Drive|[fromitem]\n|-start|p1a: Iron Moth|quarkdrivespa\n|turn|6\n|\n|t:|1700068075\n|move|p2a: Iron Valiant|Thunderbolt|p1a: Iron Moth\n|-damage|p1a: Iron Moth|32\/100\n|move|p1a: Iron Moth|Agility|p1a: Iron Moth\n|-boost|p1a: Iron Moth|spe|2\n|\n|-damage|p2a: Iron Valiant|39\/100 psn|[from] psn\n|upkeep\n|turn|7\n|\n|t:|1700068084\n|move|p1a: Iron Moth|Fiery Dance|p2a: Iron Valiant\n|-damage|p2a: Iron Valiant|0 fnt\n|faint|p2a: Iron Valiant\n|-end|p2a: Iron Valiant|Quark Drive|[silent]\n|\n|upkeep\n|\n|t:|1700068091\n|switch|p2a: Kingambit|Kingambit, M|100\/100\n|-activate|p2a: Kingambit|ability: Supreme Overlord\n|-start|p2a: Kingambit|fallen1|[silent]\n|-item|p2a: Kingambit|Air Balloon\n|turn|8\n|\n|t:|1700068099\n|move|p2a: Kingambit|Sucker Punch||[still]\n|-fail|p2a: Kingambit\n|move|p1a: Iron Moth|Agility|p1a: Iron Moth\n|-boost|p1a: Iron Moth|spe|2\n|\n|upkeep\n|turn|9\n|\n|t:|1700068105\n|move|p2a: Kingambit|Sucker Punch||[still]\n|-fail|p2a: Kingambit\n|move|p1a: Iron Moth|Agility|p1a: Iron Moth\n|-boost|p1a: Iron Moth|spe|2\n|\n|upkeep\n|turn|10\n|\n|t:|1700068112\n|move|p2a: Kingambit|Sucker Punch||[still]\n|-fail|p2a: Kingambit\n|move|p1a: Iron Moth|Agility|p1a: Iron Moth\n|-boost|p1a: Iron Moth|spe|0\n|\n|upkeep\n|turn|11\n|\n|t:|1700068118\n|move|p2a: Kingambit|Sucker Punch||[still]\n|-fail|p2a: Kingambit\n|move|p1a: Iron Moth|Agility|p1a: Iron Moth\n|-boost|p1a: Iron Moth|spe|0\n|\n|upkeep\n|turn|12\n|\n|t:|1700068125\n|move|p2a: Kingambit|Sucker Punch||[still]\n|-fail|p2a: Kingambit\n|move|p1a: Iron Moth|Agility|p1a: Iron Moth\n|-boost|p1a: Iron Moth|spe|0\n|\n|upkeep\n|turn|13\n|\n|t:|1700068135\n|move|p1a: Iron Moth|Fiery Dance|p2a: Kingambit\n|-supereffective|p2a: Kingambit\n|-damage|p2a: Kingambit|0 fnt\n|-enditem|p2a: Kingambit|Air Balloon\n|faint|p2a: Kingambit\n|-end|p2a: Kingambit|fallen1|[silent]\n|\n|upkeep\n|c|\u2606Firegamer112a|Sheesh\n|\n|t:|1700068146\n|switch|p2a: Ogerpon|Ogerpon-Cornerstone, F|100\/100\n|turn|14\n|\n|t:|1700068150\n|move|p1a: Iron Moth|Sludge Wave|p2a: Ogerpon\n|-damage|p2a: Ogerpon|22\/100\n|move|p2a: Ogerpon|Ivy Cudgel|p1a: Iron Moth|[anim] Ivy Cudgel Rock\n|-supereffective|p1a: Iron Moth\n|-crit|p1a: Iron Moth\n|-damage|p1a: Iron Moth|0 fnt\n|faint|p1a: Iron Moth\n|-end|p1a: Iron Moth|Quark Drive|[silent]\n|\n|upkeep\n|\n|t:|1700068158\n|switch|p1a: Dragapult|Dragapult, F|100\/100\n|turn|15\n|\n|t:|1700068162\n|move|p1a: Dragapult|U-turn|p2a: Ogerpon\n|-supereffective|p2a: Ogerpon\n|-damage|p2a: Ogerpon|0 fnt\n|faint|p2a: Ogerpon\n|-damage|p1a: Dragapult|91\/100|[from] item: Life Orb\n|\n|t:|1700068167\n|switch|p1a: Zapdos|Zapdos|100\/100|[from] U-turn\n|\n|upkeep\n|\n|t:|1700068176\n|switch|p2a: Great Tusk|Great Tusk|100\/100\n|turn|16\n|\n|t:|1700068180\n|move|p2a: Great Tusk|Rapid Spin|p1a: Zapdos\n|-damage|p1a: Zapdos|86\/100\n|-boost|p2a: Great Tusk|spe|1\n|move|p1a: Zapdos|Hurricane|p2a: Great Tusk\n|-supereffective|p2a: Great Tusk\n|-damage|p2a: Great Tusk|0 fnt\n|faint|p2a: Great Tusk\n|-end|p2a: Great Tusk|Protosynthesis|[silent]\n|\n|upkeep\n|\n|t:|1700068185\n|switch|p2a: Cinderace|Cinderace, M|100\/100\n|turn|17\n|\n|t:|1700068192\n|move|p2a: Cinderace|Pyro Ball|p1a: Zapdos\n|-damage|p1a: Zapdos|35\/100\n|move|p1a: Zapdos|Thunderbolt|p2a: Cinderace\n|-damage|p2a: Cinderace|36\/100\n|\n|upkeep\n|turn|18\n|\n|t:|1700068200\n|-terastallize|p1a: Zapdos|Water\n|move|p2a: Cinderace|Pyro Ball|p1a: Zapdos\n|-resisted|p1a: Zapdos\n|-damage|p1a: Zapdos|9\/100\n|move|p1a: Zapdos|Volt Switch|p2a: Cinderace\n|-damage|p2a: Cinderace|0 fnt\n|faint|p2a: Cinderace\n|\n|t:|1700068208\n|switch|p1a: Dragapult|Dragapult, F|91\/100|[from] Volt Switch\n|\n|upkeep\n|\n|t:|1700068211\n|switch|p2a: Rillaboom|Rillaboom, F|100\/100\n|-fieldstart|move: Grassy Terrain|[from] ability: Grassy Surge|[of] p2a: Rillaboom\n|turn|19\n|\n|t:|1700068222\n|move|p1a: Dragapult|U-turn|p2a: Rillaboom\n|-supereffective|p2a: Rillaboom\n|-damage|p2a: Rillaboom|40\/100\n|-damage|p1a: Dragapult|81\/100|[from] item: Life Orb\n|\n|t:|1700068225\n|switch|p1a: Zapdos|Zapdos, tera:Water|9\/100|[from] U-turn\n|move|p2a: Rillaboom|Knock Off|p1a: Zapdos\n|-damage|p1a: Zapdos|0 fnt\n|-enditem|p1a: Zapdos|Heavy-Duty Boots|[from] move: Knock Off|[of] p2a: Rillaboom\n|faint|p1a: Zapdos\n|\n|-heal|p2a: Rillaboom|47\/100|[from] Grassy Terrain\n|upkeep\n|-message|Firegamer112a forfeited.\n|\n|win|Judgieiscool\n|raw|Judgieiscool's rating: 1252 &rarr; <strong>1280<\/strong><br \/>(+28 for winning)\n|raw|Firegamer112a's rating: 1291 &rarr; <strong>1263<\/strong><br \/>(-28 for losing)\n|l|\u2606Firegamer112a\n|l|\u203dJudgieiscool\n|j|\u203dJudgieiscool\n|player|p1|Judgieiscool|volkner\n|n|\u203dJudgieiscool|judgieiscool\n","uploadtime":1700068243,"views":14,"p1id":"judgieiscool","p2id":"firegamer112a","formatid":"gen9ou","rating":1263,"private":0,"password":""}