{"id":"gen9ou-1993903018","p1":"robm77","p2":"Ruinous Tusk","format":"[Gen 9] OU","log":"|j|\u2606robm77\n|j|\u2606Ruinous Tusk\n|t:|1700372740\n|gametype|singles\n|player|p1|robm77|266|1376\n|player|p2|Ruinous Tusk|hilbert|1410\n|teamsize|p1|6\n|teamsize|p2|6\n|gen|9\n|tier|[Gen 9] OU\n|rated|\n|rule|Sleep Clause Mod: Limit one foe put to sleep\n|rule|Species Clause: Limit one of each Pok\u00e9mon\n|rule|OHKO Clause: OHKO moves are banned\n|rule|Evasion Items Clause: Evasion items are banned\n|rule|Evasion Moves Clause: Evasion moves are banned\n|rule|Endless Battle Clause: Forcing endless battles is banned\n|rule|HP Percentage Mod: HP is shown in percentages\n|clearpoke\n|poke|p1|Rillaboom, F|\n|poke|p1|Toxapex, F|\n|poke|p1|Kommo-o, M|\n|poke|p1|Ribombee, F|\n|poke|p1|Sandy Shocks|\n|poke|p1|Chandelure, F|\n|poke|p2|Pelipper, M|\n|poke|p2|Landorus-Therian, M|\n|poke|p2|Basculegion, M|\n|poke|p2|Samurott-Hisui, M|\n|poke|p2|Zapdos|\n|poke|p2|Kingambit, M|\n|teampreview\n|inactive|Battle timer is ON: inactive players will automatically lose when time's up. (requested by Ruinous Tusk)\n|\n|t:|1700372750\n|start\n|switch|p1a: Sandy Shocks|Sandy Shocks, shiny|100\/100\n|switch|p2a: Pelipper|Pelipper, M|100\/100\n|-weather|RainDance|[from] ability: Drizzle|[of] p2a: Pelipper\n|turn|1\n|\n|t:|1700372758\n|switch|p2a: Landorus|Landorus-Therian, M|100\/100\n|-ability|p2a: Landorus|Intimidate|boost\n|-unboost|p1a: Sandy Shocks|atk|1\n|move|p1a: Sandy Shocks|Volt Switch|p2a: Landorus\n|-immune|p2a: Landorus\n|\n|-weather|RainDance|[upkeep]\n|upkeep\n|turn|2\n|\n|t:|1700372778\n|-end|p1a: Sandy Shocks|Protosynthesis|[silent]\n|switch|p1a: Ribombee|Ribombee, F, shiny|100\/100\n|move|p2a: Landorus|U-turn|p1a: Ribombee\n|-resisted|p1a: Ribombee\n|-damage|p1a: Ribombee|81\/100\n|\n|t:|1700372783\n|switch|p2a: Basculegion|Basculegion, M|100\/100|[from] U-turn\n|\n|-weather|RainDance|[upkeep]\n|upkeep\n|turn|3\n|\n|t:|1700372801\n|switch|p1a: Toxapex|Toxapex, F, shiny|100\/100\n|move|p2a: Basculegion|Flip Turn|p1a: Toxapex\n|-resisted|p1a: Toxapex\n|-damage|p1a: Toxapex|74\/100\n|\n|t:|1700372816\n|switch|p2a: Landorus|Landorus-Therian, M|100\/100|[from] Flip Turn\n|-ability|p2a: Landorus|Intimidate|boost\n|-unboost|p1a: Toxapex|atk|1\n|\n|-weather|RainDance|[upkeep]\n|-heal|p1a: Toxapex|80\/100|[from] item: Leftovers\n|upkeep\n|turn|4\n|\n|t:|1700372827\n|move|p2a: Landorus|Sandsear Storm|p1a: Toxapex\n|-supereffective|p1a: Toxapex\n|-damage|p1a: Toxapex|0 fnt\n|faint|p1a: Toxapex\n|\n|-weather|RainDance|[upkeep]\n|upkeep\n|\n|t:|1700372846\n|switch|p1a: Sandy Shocks|Sandy Shocks, shiny|100\/100\n|turn|5\n|\n|t:|1700372858\n|switch|p2a: Kingambit|Kingambit, M|100\/100\n|-terastallize|p1a: Sandy Shocks|Ice\n|move|p1a: Sandy Shocks|Tera Blast|p2a: Kingambit|[anim] Tera Blast Ice\n|-resisted|p2a: Kingambit\n|-damage|p2a: Kingambit|79\/100\n|\n|-weather|RainDance|[upkeep]\n|upkeep\n|turn|6\n|\n|t:|1700372873\n|-end|p1a: Sandy Shocks|Protosynthesis|[silent]\n|switch|p1a: Kommo-o|Kommo-o, M, shiny|100\/100\n|move|p2a: Kingambit|Iron Head|p1a: Kommo-o\n|-damage|p1a: Kommo-o|55\/100\n|\n|-weather|RainDance|[upkeep]\n|upkeep\n|turn|7\n|\n|t:|1700372889\n|-end|p2a: Kingambit|fallenundefined|[silent]\n|switch|p2a: Basculegion|Basculegion, M|100\/100\n|move|p1a: Kommo-o|Clangorous Soul|p1a: Kommo-o\n|-boost|p1a: Kommo-o|atk|1\n|-boost|p1a: Kommo-o|def|1\n|-boost|p1a: Kommo-o|spa|1\n|-boost|p1a: Kommo-o|spd|1\n|-boost|p1a: Kommo-o|spe|1\n|-damage|p1a: Kommo-o|22\/100\n|-enditem|p1a: Kommo-o|Sitrus Berry|[eat]\n|-heal|p1a: Kommo-o|47\/100|[from] item: Sitrus Berry\n|\n|-weather|RainDance|[upkeep]\n|upkeep\n|turn|8\n|\n|t:|1700372903\n|-terastallize|p2a: Basculegion|Water\n|move|p2a: Basculegion|Wave Crash|p1a: Kommo-o\n|-resisted|p1a: Kommo-o\n|-damage|p1a: Kommo-o|0 fnt\n|faint|p1a: Kommo-o\n|-damage|p2a: Basculegion|89\/100|[from] Recoil\n|\n|-weather|none\n|upkeep\n|\n|t:|1700372921\n|switch|p1a: Sandy Shocks|Sandy Shocks, shiny, tera:Ice|100\/100\n|turn|9\n|\n|t:|1700372930\n|switch|p2a: Landorus|Landorus-Therian, M|100\/100\n|-ability|p2a: Landorus|Intimidate|boost\n|-unboost|p1a: Sandy Shocks|atk|1\n|move|p1a: Sandy Shocks|Tera Blast|p2a: Landorus|[anim] Tera Blast Ice\n|-supereffective|p2a: Landorus\n|-damage|p2a: Landorus|0 fnt\n|faint|p2a: Landorus\n|\n|upkeep\n|\n|t:|1700372933\n|switch|p2a: Pelipper|Pelipper, M|100\/100\n|-weather|RainDance|[from] ability: Drizzle|[of] p2a: Pelipper\n|turn|10\n|\n|t:|1700372959\n|-end|p1a: Sandy Shocks|Protosynthesis|[silent]\n|switch|p1a: Ribombee|Ribombee, F, shiny|81\/100\n|move|p2a: Pelipper|U-turn|p1a: Ribombee\n|-resisted|p1a: Ribombee\n|-damage|p1a: Ribombee|74\/100\n|\n|t:|1700372963\n|switch|p2a: Basculegion|Basculegion, M, tera:Water|89\/100|[from] U-turn\n|\n|-weather|RainDance|[upkeep]\n|upkeep\n|turn|11\n|\n|t:|1700372972\n|move|p2a: Basculegion|Flip Turn|p1a: Ribombee\n|-damage|p1a: Ribombee|0 fnt\n|faint|p1a: Ribombee\n|inactive|Ruinous Tusk has 120 seconds left.\n|l|\u2606Ruinous Tusk\n|inactive|Ruinous Tusk disconnected and has a minute to reconnect!\n|player|p2|\n|j|\u2606Ruinous Tusk\n|inactive|Ruinous Tusk reconnected and has 110 seconds left.\n|player|p2|Ruinous Tusk|hilbert\n|\n|t:|1700373024\n|switch|p2a: Kingambit|Kingambit, M|79\/100|[from] Flip Turn\n|-activate|p2a: Kingambit|ability: Supreme Overlord\n|-start|p2a: Kingambit|fallen1|[silent]\n|\n|-weather|RainDance|[upkeep]\n|upkeep\n|\n|t:|1700373045\n|switch|p1a: Rillaboom|Rillaboom, F, shiny|100\/100\n|-fieldstart|move: Grassy Terrain|[from] ability: Grassy Surge|[of] p1a: Rillaboom\n|turn|12\n|\n|t:|1700373059\n|-end|p2a: Kingambit|fallen1|[silent]\n|switch|p2a: Zapdos|Zapdos|100\/100\n|move|p1a: Rillaboom|Swords Dance|p1a: Rillaboom\n|-boost|p1a: Rillaboom|atk|2\n|\n|-weather|RainDance|[upkeep]\n|upkeep\n|turn|13\n|\n|t:|1700373070\n|move|p2a: Zapdos|Hurricane|p1a: Rillaboom\n|-supereffective|p1a: Rillaboom\n|-damage|p1a: Rillaboom|0 fnt\n|faint|p1a: Rillaboom\n|\n|-weather|RainDance|[upkeep]\n|upkeep\n|-message|robm77 forfeited.\n|\n|win|Ruinous Tusk\n|raw|robm77's rating: 1376 &rarr; <strong>1358<\/strong><br \/>(-18 for losing)\n|raw|Ruinous Tusk's rating: 1410 &rarr; <strong>1428<\/strong><br \/>(+18 for winning)\n|l|\u2606robm77\n","uploadtime":1700373076,"views":22,"p1id":"robm77","p2id":"ruinoustusk","formatid":"gen9ou","rating":1358,"private":0,"password":""}