{"id":"gen9ou-1994187077","p1":"Jony483","p2":"Myneko","format":"[Gen 9] OU","log":"|j|\u2606Jony483\n|j|\u2606Myneko\n|t:|1700416747\n|gametype|singles\n|player|p1|Jony483|170|1385\n|player|p2|Myneko|101|1326\n|teamsize|p1|6\n|teamsize|p2|6\n|gen|9\n|tier|[Gen 9] OU\n|rated|\n|rule|Sleep Clause Mod: Limit one foe put to sleep\n|rule|Species Clause: Limit one of each Pok\u00e9mon\n|rule|OHKO Clause: OHKO moves are banned\n|rule|Evasion Items Clause: Evasion items are banned\n|rule|Evasion Moves Clause: Evasion moves are banned\n|rule|Endless Battle Clause: Forcing endless battles is banned\n|rule|HP Percentage Mod: HP is shown in percentages\n|clearpoke\n|poke|p1|Sneasler, F|\n|poke|p1|Rillaboom, M|\n|poke|p1|Slowking-Galar, F|\n|poke|p1|Dragonite, M|\n|poke|p1|Cinderace, F|\n|poke|p1|Great Tusk|\n|poke|p2|Torkoal, F|\n|poke|p2|Walking Wake|\n|poke|p2|Lilligant, F|\n|poke|p2|Ceruledge, M|\n|poke|p2|Great Tusk|\n|poke|p2|Hatterene, F|\n|teampreview\n|j| lucario282\n|inactive|Battle timer is ON: inactive players will automatically lose when time's up. (requested by Myneko)\n|\n|t:|1700416767\n|start\n|switch|p1a: Great Tusk|Great Tusk|100\/100\n|switch|p2a: Walking Wake|Walking Wake|100\/100\n|turn|1\n|\n|t:|1700416776\n|-end|p1a: Great Tusk|Protosynthesis|[silent]\n|switch|p1a: Slowking|Slowking-Galar, F|100\/100\n|move|p2a: Walking Wake|Hydro Steam|p1a: Slowking\n|-damage|p1a: Slowking|74\/100\n|\n|upkeep\n|turn|2\n|\n|t:|1700416780\n|move|p2a: Walking Wake|Hydro Steam|p1a: Slowking\n|-crit|p1a: Slowking\n|-damage|p1a: Slowking|36\/100\n|move|p1a: Slowking|Future Sight|p2a: Walking Wake\n|-start|p1a: Slowking|move: Future Sight\n|\n|upkeep\n|turn|3\n|\n|t:|1700416790\n|move|p2a: Walking Wake|Hydro Steam|p1a: Slowking\n|-damage|p1a: Slowking|9\/100\n|move|p1a: Slowking|Sludge Bomb|p2a: Walking Wake\n|-damage|p2a: Walking Wake|57\/100\n|\n|upkeep\n|turn|4\n|\n|t:|1700416799\n|-end|p2a: Walking Wake|Protosynthesis|[silent]\n|switch|p2a: Hatterene|Hatterene, F|100\/100\n|switch|p1a: Rillaboom|Rillaboom, M|100\/100\n|-fieldstart|move: Grassy Terrain|[from] ability: Grassy Surge|[of] p1a: Rillaboom\n|\n|-end|p2a: Hatterene|move: Future Sight\n|-resisted|p2a: Hatterene\n|-damage|p2a: Hatterene|75\/100\n|-heal|p2a: Hatterene|81\/100|[from] Grassy Terrain\n|upkeep\n|turn|5\n|\n|t:|1700416809\n|move|p1a: Rillaboom|U-turn|p2a: Hatterene\n|-damage|p2a: Hatterene|59\/100\n|-enditem|p2a: Hatterene|Eject Button\n|\n|t:|1700416814\n|switch|p2a: Walking Wake|Walking Wake|57\/100\n|\n|-heal|p2a: Walking Wake|63\/100|[from] Grassy Terrain\n|upkeep\n|turn|6\n|\n|t:|1700416839\n|switch|p1a: Slowking|Slowking-Galar, F|42\/100\n|move|p2a: Walking Wake|Draco Meteor|p1a: Slowking\n|-damage|p1a: Slowking|0 fnt\n|-unboost|p2a: Walking Wake|spa|2\n|faint|p1a: Slowking\n|\n|-heal|p2a: Walking Wake|70\/100|[from] Grassy Terrain\n|upkeep\n|\n|t:|1700416852\n|switch|p1a: Sneasler|Sneasler, F|100\/100\n|-enditem|p1a: Sneasler|Grassy Seed\n|-boost|p1a: Sneasler|def|1|[from] item: Grassy Seed\n|turn|7\n|n| lucario282|lucario282\n|\n|t:|1700416862\n|-end|p2a: Walking Wake|Protosynthesis|[silent]\n|switch|p2a: Torkoal|Torkoal, F|100\/100\n|-weather|SunnyDay|[from] ability: Drought|[of] p2a: Torkoal\n|move|p1a: Sneasler|Swords Dance|p1a: Sneasler\n|-boost|p1a: Sneasler|atk|2\n|\n|-weather|SunnyDay|[upkeep]\n|upkeep\n|turn|8\n|\n|t:|1700416871\n|move|p1a: Sneasler|Acrobatics|p2a: Torkoal\n|-damage|p2a: Torkoal|52\/100\n|move|p2a: Torkoal|Lava Plume|p1a: Sneasler\n|-damage|p1a: Sneasler|52\/100\n|-status|p1a: Sneasler|brn\n|\n|-weather|SunnyDay|[upkeep]\n|-heal|p1a: Sneasler|58\/100 brn|[from] Grassy Terrain\n|-heal|p2a: Torkoal|58\/100|[from] Grassy Terrain\n|-damage|p1a: Sneasler|52\/100 brn|[from] brn\n|upkeep\n|turn|9\n|\n|t:|1700416879\n|move|p1a: Sneasler|Dire Claw|p2a: Torkoal\n|-damage|p2a: Torkoal|30\/100\n|-status|p2a: Torkoal|psn\n|move|p2a: Torkoal|Stealth Rock|p1a: Sneasler\n|-sidestart|p1: Jony483|move: Stealth Rock\n|\n|-weather|SunnyDay|[upkeep]\n|-heal|p1a: Sneasler|58\/100 brn|[from] Grassy Terrain\n|-heal|p2a: Torkoal|36\/100 psn|[from] Grassy Terrain\n|-damage|p2a: Torkoal|24\/100 psn|[from] psn\n|-damage|p1a: Sneasler|52\/100 brn|[from] brn\n|upkeep\n|turn|10\n|\n|t:|1700416888\n|switch|p2a: Ceruledge|Ceruledge, M|100\/100\n|move|p1a: Sneasler|Dire Claw|p2a: Ceruledge\n|-resisted|p2a: Ceruledge\n|-damage|p2a: Ceruledge|73\/100\n|-status|p2a: Ceruledge|slp\n|\n|-weather|SunnyDay|[upkeep]\n|-heal|p1a: Sneasler|58\/100 brn|[from] Grassy Terrain\n|-heal|p2a: Ceruledge|79\/100 slp|[from] Grassy Terrain\n|-damage|p1a: Sneasler|52\/100 brn|[from] brn\n|upkeep\n|turn|11\n|\n|t:|1700416896\n|-terastallize|p1a: Sneasler|Flying\n|move|p1a: Sneasler|Swords Dance|p1a: Sneasler\n|-boost|p1a: Sneasler|atk|2\n|cant|p2a: Ceruledge|slp\n|\n|-weather|SunnyDay|[upkeep]\n|-heal|p2a: Ceruledge|85\/100 slp|[from] Grassy Terrain\n|-damage|p1a: Sneasler|46\/100 brn|[from] brn\n|-fieldend|move: Grassy Terrain\n|upkeep\n|turn|12\n|\n|t:|1700416902\n|move|p1a: Sneasler|Acrobatics|p2a: Ceruledge\n|-damage|p2a: Ceruledge|0 fnt\n|faint|p2a: Ceruledge\n|\n|-weather|SunnyDay|[upkeep]\n|-damage|p1a: Sneasler|40\/100 brn|[from] brn\n|upkeep\n|\n|t:|1700416906\n|switch|p2a: Lilligant|Lilligant, F|100\/100\n|turn|13\n|\n|t:|1700416910\n|-terastallize|p2a: Lilligant|Rock\n|move|p1a: Sneasler|Dire Claw|p2a: Lilligant\n|-resisted|p2a: Lilligant\n|-damage|p2a: Lilligant|46\/100\n|-status|p2a: Lilligant|slp\n|cant|p2a: Lilligant|slp\n|\n|-weather|SunnyDay|[upkeep]\n|-damage|p1a: Sneasler|34\/100 brn|[from] brn\n|upkeep\n|turn|14\n|c| lucario282|i love cinderace\n|-message|Myneko forfeited.\n|\n|win|Jony483\n|raw|Jony483's rating: 1385 &rarr; <strong>1402<\/strong><br \/>(+17 for winning)\n|raw|Myneko's rating: 1326 &rarr; <strong>1309<\/strong><br \/>(-17 for losing)\n|l|\u2606Myneko\n","uploadtime":1700416939,"views":7,"p1id":"jony483","p2id":"myneko","formatid":"gen9ou","rating":1309,"private":0,"password":""}