{"id":"gen9ou-1999959367","p1":"lc stench","p2":"bluelight86","format":"[Gen 9] OU","log":"|j|\u2606lc stench\n|j|\u2606bluelight86\n|t:|1701134717\n|gametype|singles\n|player|p1|lc stench|170|1210\n|player|p2|bluelight86|lucas-gen4pt|1142\n|teamsize|p1|6\n|teamsize|p2|6\n|gen|9\n|tier|[Gen 9] OU\n|rated|\n|rule|Sleep Clause Mod: Limit one foe put to sleep\n|rule|Species Clause: Limit one of each Pok\u00e9mon\n|rule|OHKO Clause: OHKO moves are banned\n|rule|Evasion Items Clause: Evasion items are banned\n|rule|Evasion Moves Clause: Evasion moves are banned\n|rule|Endless Battle Clause: Forcing endless battles is banned\n|rule|HP Percentage Mod: HP is shown in percentages\n|clearpoke\n|poke|p1|Corviknight, F|\n|poke|p1|Clefable, M|\n|poke|p1|Zapdos|\n|poke|p1|Great Tusk|\n|poke|p1|Dondozo, F|\n|poke|p1|Greninja-*, M|\n|poke|p2|Glimmora, F|\n|poke|p2|Glaceon, F|\n|poke|p2|Clodsire, F|\n|poke|p2|Samurott-Hisui, F|\n|poke|p2|Ceruledge, M|\n|poke|p2|Dipplin, F|\n|teampreview\n|inactive|Battle timer is ON: inactive players will automatically lose when time's up. (requested by bluelight86)\n|\n|t:|1701134742\n|start\n|switch|p1a: deri-dir-die|Greninja, M|100\/100\n|switch|p2a: Clodsire|Clodsire, F|100\/100\n|turn|1\n|\n|t:|1701134762\n|switch|p1a: mandI|Dondozo, F|100\/100\n|move|p2a: Clodsire|Poison Jab|p1a: mandI\n|-damage|p1a: mandI|88\/100\n|\n|-heal|p1a: mandI|95\/100|[from] item: Leftovers\n|upkeep\n|turn|2\n|\n|t:|1701134772\n|move|p1a: mandI|Yawn|p2a: Clodsire\n|-start|p2a: Clodsire|move: Yawn|[of] p1a: mandI\n|move|p2a: Clodsire|Poison Jab|p1a: mandI\n|-damage|p1a: mandI|83\/100\n|\n|-heal|p1a: mandI|89\/100|[from] item: Leftovers\n|upkeep\n|turn|3\n|\n|t:|1701134788\n|switch|p1a: deri-dir-die|Greninja, M|100\/100\n|switch|p2a: Dipplin|Dipplin, F|100\/100\n|\n|upkeep\n|turn|4\n|\n|t:|1701134800\n|-terastallize|p2a: Dipplin|Fairy\n|move|p1a: deri-dir-die|Ice Beam|p2a: Dipplin\n|-start|p1a: deri-dir-die|typechange|Ice|[from] ability: Protean\n|-damage|p2a: Dipplin|66\/100\n|-damage|p1a: deri-dir-die|91\/100|[from] item: Life Orb\n|move|p2a: Dipplin|Tera Blast|p1a: deri-dir-die|[anim] Tera Blast Fairy\n|-damage|p1a: deri-dir-die|39\/100\n|\n|upkeep\n|turn|5\n|\n|t:|1701134814\n|switch|p1a: shonelccrd|Corviknight, F|100\/100\n|-ability|p1a: shonelccrd|Pressure\n|move|p2a: Dipplin|Recover|p2a: Dipplin\n|-heal|p2a: Dipplin|100\/100\n|\n|upkeep\n|turn|6\n|\n|t:|1701134826\n|switch|p2a: Ceruledge|Ceruledge, M|100\/100\n|move|p1a: shonelccrd|U-turn|p2a: Ceruledge\n|-resisted|p2a: Ceruledge\n|-damage|p2a: Ceruledge|96\/100\n|\n|t:|1701134833\n|switch|p1a: deri-dir-die|Greninja, M|39\/100|[from] U-turn\n|\n|upkeep\n|turn|7\n|\n|t:|1701134838\n|switch|p2a: Clodsire|Clodsire, F|100\/100\n|move|p1a: deri-dir-die|Hydro Pump|p2a: Clodsire\n|-start|p1a: deri-dir-die|typechange|Water|[from] ability: Protean\n|-immune|p2a: Clodsire|[from] ability: Water Absorb\n|\n|upkeep\n|turn|8\n|\n|t:|1701134851\n|switch|p1a: mandI|Dondozo, F|89\/100\n|move|p2a: Clodsire|Poison Jab|p1a: mandI\n|-damage|p1a: mandI|75\/100\n|\n|-heal|p1a: mandI|82\/100|[from] item: Leftovers\n|upkeep\n|turn|9\n|\n|t:|1701134859\n|move|p1a: mandI|Yawn|p2a: Clodsire\n|-start|p2a: Clodsire|move: Yawn|[of] p1a: mandI\n|move|p2a: Clodsire|Poison Jab|p1a: mandI\n|-damage|p1a: mandI|70\/100\n|\n|-heal|p1a: mandI|76\/100|[from] item: Leftovers\n|upkeep\n|turn|10\n|\n|t:|1701134872\n|switch|p1a: deri-dir-die|Greninja, M|39\/100\n|switch|p2a: Dipplin|Dipplin, F, tera:Fairy|100\/100\n|\n|upkeep\n|turn|11\n|\n|t:|1701134884\n|move|p1a: deri-dir-die|Gunk Shot|p2a: Dipplin\n|-start|p1a: deri-dir-die|typechange|Poison|[from] ability: Protean\n|-supereffective|p2a: Dipplin\n|-damage|p2a: Dipplin|46\/100\n|-status|p2a: Dipplin|psn\n|-damage|p1a: deri-dir-die|29\/100|[from] item: Life Orb\n|move|p2a: Dipplin|Energy Ball|p1a: deri-dir-die\n|-resisted|p1a: deri-dir-die\n|-damage|p1a: deri-dir-die|0 fnt\n|faint|p1a: deri-dir-die\n|\n|-damage|p2a: Dipplin|34\/100 psn|[from] psn\n|upkeep\n|\n|t:|1701134903\n|switch|p1a: baton imp|Zapdos|100\/100\n|turn|12\n|\n|t:|1701134907\n|move|p1a: baton imp|Volt Switch|p2a: Dipplin\n|-damage|p2a: Dipplin|15\/100 psn\n|\n|t:|1701134910\n|switch|p1a: shonelccrd|Corviknight, F|100\/100|[from] Volt Switch\n|-ability|p1a: shonelccrd|Pressure\n|move|p2a: Dipplin|Recover|p2a: Dipplin\n|-heal|p2a: Dipplin|65\/100 psn\n|\n|-damage|p2a: Dipplin|53\/100 psn|[from] psn\n|upkeep\n|turn|13\n|\n|t:|1701134919\n|switch|p2a: Ceruledge|Ceruledge, M|96\/100\n|move|p1a: shonelccrd|U-turn|p2a: Ceruledge\n|-resisted|p2a: Ceruledge\n|-damage|p2a: Ceruledge|93\/100\n|\n|t:|1701134924\n|switch|p1a: protodre-rabid|Great Tusk|100\/100|[from] U-turn\n|-enditem|p1a: protodre-rabid|Booster Energy\n|-activate|p1a: protodre-rabid|ability: Protosynthesis|[fromitem]\n|-start|p1a: protodre-rabid|protosynthesisatk\n|\n|upkeep\n|turn|14\n|\n|t:|1701134937\n|switch|p2a: Glaceon|Glaceon, F|100\/100\n|move|p1a: protodre-rabid|Headlong Rush|p2a: Glaceon\n|-crit|p2a: Glaceon\n|-damage|p2a: Glaceon|0 fnt\n|-unboost|p1a: protodre-rabid|def|1\n|-unboost|p1a: protodre-rabid|spd|1\n|faint|p2a: Glaceon\n|\n|upkeep\n|\n|t:|1701134943\n|switch|p2a: Dipplin|Dipplin, F, tera:Fairy|53\/100 psn\n|turn|15\n|\n|t:|1701134953\n|move|p1a: protodre-rabid|Headlong Rush|p2a: Dipplin\n|-damage|p2a: Dipplin|2\/100 psn\n|-unboost|p1a: protodre-rabid|def|1\n|-unboost|p1a: protodre-rabid|spd|1\n|move|p2a: Dipplin|Energy Ball|p1a: protodre-rabid\n|-supereffective|p1a: protodre-rabid\n|-damage|p1a: protodre-rabid|0 fnt\n|faint|p1a: protodre-rabid\n|-end|p1a: protodre-rabid|Protosynthesis|[silent]\n|\n|-damage|p2a: Dipplin|0 fnt|[from] psn\n|faint|p2a: Dipplin\n|upkeep\n|\n|t:|1701134972\n|switch|p1a: baton imp|Zapdos|100\/100\n|switch|p2a: Clodsire|Clodsire, F|100\/100\n|turn|16\n|\n|t:|1701134983\n|switch|p1a: shonelccrd|Corviknight, F|100\/100\n|-ability|p1a: shonelccrd|Pressure\n|move|p2a: Clodsire|Poison Jab|p1a: shonelccrd\n|-immune|p1a: shonelccrd\n|\n|upkeep\n|turn|17\n|\n|t:|1701134992\n|move|p1a: shonelccrd|U-turn|p2a: Clodsire\n|-resisted|p2a: Clodsire\n|-damage|p2a: Clodsire|94\/100\n|\n|t:|1701134995\n|switch|p1a: mandI|Dondozo, F|76\/100|[from] U-turn\n|move|p2a: Clodsire|Poison Jab|p1a: mandI\n|-damage|p1a: mandI|64\/100\n|\n|-heal|p1a: mandI|70\/100|[from] item: Leftovers\n|-heal|p2a: Clodsire|99\/100|[from] item: Black Sludge\n|upkeep\n|turn|18\n|\n|t:|1701135006\n|move|p1a: mandI|Curse|p1a: mandI\n|-unboost|p1a: mandI|spe|1\n|-boost|p1a: mandI|atk|1\n|-boost|p1a: mandI|def|1\n|move|p2a: Clodsire|Poison Jab|p1a: mandI\n|-damage|p1a: mandI|62\/100\n|-status|p1a: mandI|psn\n|\n|-heal|p2a: Clodsire|100\/100|[from] item: Black Sludge\n|-heal|p1a: mandI|68\/100 psn|[from] item: Leftovers\n|-damage|p1a: mandI|55\/100 psn|[from] psn\n|upkeep\n|turn|19\n|\n|t:|1701135018\n|move|p2a: Clodsire|Haze|p2a: Clodsire\n|-clearallboost\n|move|p1a: mandI|Curse|p1a: mandI\n|-unboost|p1a: mandI|spe|1\n|-boost|p1a: mandI|atk|1\n|-boost|p1a: mandI|def|1\n|\n|-heal|p1a: mandI|62\/100 psn|[from] item: Leftovers\n|-damage|p1a: mandI|49\/100 psn|[from] psn\n|upkeep\n|turn|20\n|\n|t:|1701135023\n|move|p2a: Clodsire|Haze|p2a: Clodsire\n|-clearallboost\n|move|p1a: mandI|Yawn|p2a: Clodsire\n|-start|p2a: Clodsire|move: Yawn|[of] p1a: mandI\n|\n|-heal|p1a: mandI|55\/100 psn|[from] item: Leftovers\n|-damage|p1a: mandI|43\/100 psn|[from] psn\n|upkeep\n|turn|21\n|\n|t:|1701135030\n|switch|p2a: Samurott|Samurott-Hisui, F, shiny|100\/100\n|move|p1a: mandI|Curse|p1a: mandI\n|-unboost|p1a: mandI|spe|1\n|-boost|p1a: mandI|atk|1\n|-boost|p1a: mandI|def|1\n|\n|-heal|p1a: mandI|49\/100 psn|[from] item: Leftovers\n|-damage|p1a: mandI|36\/100 psn|[from] psn\n|upkeep\n|turn|22\n|\n|t:|1701135034\n|move|p2a: Samurott|Flip Turn|p1a: mandI\n|-resisted|p1a: mandI\n|-damage|p1a: mandI|33\/100 psn\n|\n|t:|1701135038\n|switch|p2a: Clodsire|Clodsire, F|100\/100|[from] Flip Turn\n|move|p1a: mandI|Rest|p1a: mandI\n|-status|p1a: mandI|slp|[from] move: Rest\n|-heal|p1a: mandI|100\/100 slp|[silent]\n|\n|upkeep\n|turn|23\n|\n|t:|1701135047\n|move|p2a: Clodsire|Haze|p2a: Clodsire\n|-clearallboost\n|cant|p1a: mandI|slp\n|\n|upkeep\n|turn|24\n|\n|t:|1701135052\n|cant|p1a: mandI|slp\n|move|p2a: Clodsire|Poison Jab|p1a: mandI\n|-damage|p1a: mandI|89\/100 slp\n|\n|-heal|p1a: mandI|95\/100 slp|[from] item: Leftovers\n|upkeep\n|turn|25\n|\n|t:|1701135059\n|-curestatus|p1a: mandI|slp|[msg]\n|move|p1a: mandI|Yawn|p2a: Clodsire\n|-start|p2a: Clodsire|move: Yawn|[of] p1a: mandI\n|move|p2a: Clodsire|Poison Jab|p1a: mandI\n|-damage|p1a: mandI|81\/100\n|\n|-heal|p1a: mandI|88\/100|[from] item: Leftovers\n|upkeep\n|turn|26\n|\n|t:|1701135079\n|switch|p2a: Samurott|Samurott-Hisui, F, shiny|100\/100\n|move|p1a: mandI|Wave Crash|p2a: Samurott\n|-resisted|p2a: Samurott\n|-damage|p2a: Samurott|79\/100\n|-damage|p1a: mandI|83\/100|[from] Recoil\n|\n|-heal|p1a: mandI|89\/100|[from] item: Leftovers\n|upkeep\n|turn|27\n|\n|t:|1701135089\n|move|p2a: Samurott|Ceaseless Edge|p1a: mandI\n|-damage|p1a: mandI|70\/100\n|-sidestart|p1: lc stench|Spikes\n|move|p1a: mandI|Yawn|p2a: Samurott\n|-start|p2a: Samurott|move: Yawn|[of] p1a: mandI\n|\n|-heal|p1a: mandI|76\/100|[from] item: Leftovers\n|upkeep\n|turn|28\n|\n|t:|1701135096\n|switch|p2a: Clodsire|Clodsire, F|100\/100\n|move|p1a: mandI|Yawn|p2a: Clodsire\n|-start|p2a: Clodsire|move: Yawn|[of] p1a: mandI\n|\n|-heal|p1a: mandI|83\/100|[from] item: Leftovers\n|upkeep\n|turn|29\n|\n|t:|1701135104\n|switch|p2a: Samurott|Samurott-Hisui, F, shiny|79\/100\n|move|p1a: mandI|Wave Crash|p2a: Samurott\n|-resisted|p2a: Samurott\n|-damage|p2a: Samurott|58\/100\n|-damage|p1a: mandI|78\/100|[from] Recoil\n|\n|-heal|p1a: mandI|84\/100|[from] item: Leftovers\n|upkeep\n|turn|30\n|\n|t:|1701135116\n|move|p2a: Samurott|Ceaseless Edge|p1a: mandI|[miss]\n|-miss|p2a: Samurott|p1a: mandI\n|move|p1a: mandI|Curse|p1a: mandI\n|-unboost|p1a: mandI|spe|1\n|-boost|p1a: mandI|atk|1\n|-boost|p1a: mandI|def|1\n|\n|-heal|p1a: mandI|90\/100|[from] item: Leftovers\n|upkeep\n|turn|31\n|\n|t:|1701135120\n|move|p2a: Samurott|Ceaseless Edge|p1a: mandI\n|-damage|p1a: mandI|78\/100\n|-sidestart|p1: lc stench|Spikes\n|move|p1a: mandI|Yawn|p2a: Samurott\n|-start|p2a: Samurott|move: Yawn|[of] p1a: mandI\n|\n|-heal|p1a: mandI|84\/100|[from] item: Leftovers\n|upkeep\n|turn|32\n|\n|t:|1701135126\n|switch|p2a: Clodsire|Clodsire, F|100\/100\n|move|p1a: mandI|Yawn|p2a: Clodsire\n|-start|p2a: Clodsire|move: Yawn|[of] p1a: mandI\n|\n|-heal|p1a: mandI|91\/100|[from] item: Leftovers\n|upkeep\n|turn|33\n|\n|t:|1701135135\n|switch|p2a: Glimmora|Glimmora, F|100\/100\n|move|p1a: mandI|Curse|p1a: mandI\n|-unboost|p1a: mandI|spe|1\n|-boost|p1a: mandI|atk|1\n|-boost|p1a: mandI|def|1\n|\n|-heal|p1a: mandI|97\/100|[from] item: Leftovers\n|upkeep\n|turn|34\n|\n|t:|1701135144\n|switch|p2a: Clodsire|Clodsire, F|100\/100\n|move|p1a: mandI|Wave Crash|p2a: Clodsire\n|-immune|p2a: Clodsire|[from] ability: Water Absorb\n|\n|-heal|p1a: mandI|100\/100|[from] item: Leftovers\n|upkeep\n|turn|35\n|\n|t:|1701135158\n|switch|p1a: shonelccrd|Corviknight, F|100\/100\n|-ability|p1a: shonelccrd|Pressure\n|move|p2a: Clodsire|Haze|p2a: Clodsire\n|-clearallboost\n|\n|upkeep\n|turn|36\n|\n|t:|1701135170\n|move|p1a: shonelccrd|U-turn|p2a: Clodsire\n|-resisted|p2a: Clodsire\n|-damage|p2a: Clodsire|95\/100\n|\n|t:|1701135174\n|switch|p1a: hi-jump|Clefable, M|100\/100|[from] U-turn\n|move|p2a: Clodsire|Poison Jab|p1a: hi-jump\n|-supereffective|p1a: hi-jump\n|-damage|p1a: hi-jump|40\/100\n|\n|-heal|p1a: hi-jump|46\/100|[from] item: Leftovers\n|-heal|p2a: Clodsire|100\/100|[from] item: Black Sludge\n|upkeep\n|turn|37\n|\n|t:|1701135182\n|switch|p1a: shonelccrd|Corviknight, F|100\/100\n|-ability|p1a: shonelccrd|Pressure\n|move|p2a: Clodsire|Poison Jab|p1a: shonelccrd\n|-immune|p1a: shonelccrd\n|\n|upkeep\n|turn|38\n|\n|t:|1701135190\n|move|p1a: shonelccrd|U-turn|p2a: Clodsire\n|-resisted|p2a: Clodsire\n|-damage|p2a: Clodsire|94\/100\n|\n|t:|1701135193\n|switch|p1a: baton imp|Zapdos|100\/100|[from] U-turn\n|move|p2a: Clodsire|Poison Jab|p1a: baton imp\n|-damage|p1a: baton imp|81\/100\n|-status|p1a: baton imp|psn\n|\n|-heal|p1a: baton imp|87\/100 psn|[from] item: Leftovers\n|-heal|p2a: Clodsire|100\/100|[from] item: Black Sludge\n|-damage|p1a: baton imp|75\/100 psn|[from] psn\n|upkeep\n|turn|39\n|\n|t:|1701135203\n|move|p2a: Clodsire|Protect|p2a: Clodsire\n|-singleturn|p2a: Clodsire|Protect\n|move|p1a: baton imp|Roost|p1a: baton imp\n|-heal|p1a: baton imp|100\/100 psn\n|-singleturn|p1a: baton imp|move: Roost\n|\n|-damage|p1a: baton imp|88\/100 psn|[from] psn\n|upkeep\n|turn|40\n|\n|t:|1701135215\n|switch|p1a: shonelccrd|Corviknight, F|100\/100\n|-ability|p1a: shonelccrd|Pressure\n|move|p2a: Clodsire|Protect||[still]\n|-fail|p2a: Clodsire\n|\n|upkeep\n|turn|41\n|\n|t:|1701135224\n|move|p1a: shonelccrd|Defog|p2a: Clodsire\n|-unboost|p2a: Clodsire|evasion|1\n|-sideend|p1: lc stench|Spikes|[from] move: Defog|[of] p1a: shonelccrd\n|move|p2a: Clodsire|Poison Jab|p1a: shonelccrd\n|-immune|p1a: shonelccrd\n|\n|upkeep\n|turn|42\n|\n|t:|1701135229\n|move|p1a: shonelccrd|Iron Defense|p1a: shonelccrd\n|-boost|p1a: shonelccrd|def|2\n|move|p2a: Clodsire|Haze|p2a: Clodsire\n|-clearallboost\n|\n|upkeep\n|turn|43\n|\n|t:|1701135235\n|switch|p2a: Ceruledge|Ceruledge, M|93\/100\n|move|p1a: shonelccrd|Iron Defense|p1a: shonelccrd\n|-boost|p1a: shonelccrd|def|2\n|\n|upkeep\n|turn|44\n|\n|t:|1701135241\n|switch|p1a: mandI|Dondozo, F|100\/100\n|move|p2a: Ceruledge|Bitter Blade|p1a: mandI\n|-resisted|p1a: mandI\n|-damage|p1a: mandI|92\/100\n|-heal|p2a: Ceruledge|100\/100|[from] drain|[of] p1a: mandI\n|\n|-heal|p1a: mandI|98\/100|[from] item: Leftovers\n|upkeep\n|turn|45\n|\n|t:|1701135255\n|switch|p2a: Glimmora|Glimmora, F|100\/100\n|move|p1a: mandI|Yawn|p2a: Glimmora\n|-start|p2a: Glimmora|move: Yawn|[of] p1a: mandI\n|\n|-heal|p1a: mandI|100\/100|[from] item: Leftovers\n|upkeep\n|turn|46\n|\n|t:|1701135259\n|switch|p2a: Clodsire|Clodsire, F|100\/100\n|move|p1a: mandI|Yawn|p2a: Clodsire\n|-start|p2a: Clodsire|move: Yawn|[of] p1a: mandI\n|\n|upkeep\n|turn|47\n|\n|t:|1701135272\n|switch|p1a: hi-jump|Clefable, M|46\/100\n|switch|p2a: Samurott|Samurott-Hisui, F, shiny|58\/100\n|\n|-heal|p1a: hi-jump|52\/100|[from] item: Leftovers\n|upkeep\n|turn|48\n|\n|t:|1701135278\n|switch|p1a: mandI|Dondozo, F|100\/100\n|move|p2a: Samurott|Flip Turn|p1a: mandI\n|-resisted|p1a: mandI\n|-damage|p1a: mandI|95\/100\n|\n|t:|1701135284\n|switch|p2a: Clodsire|Clodsire, F|100\/100|[from] Flip Turn\n|\n|-heal|p1a: mandI|100\/100|[from] item: Leftovers\n|upkeep\n|turn|49\n|\n|t:|1701135293\n|switch|p1a: shonelccrd|Corviknight, F|100\/100\n|-ability|p1a: shonelccrd|Pressure\n|move|p2a: Clodsire|Protect||[still]\n|-fail|p2a: Clodsire\n|\n|upkeep\n|turn|50\n|\n|t:|1701135300\n|move|p1a: shonelccrd|U-turn|p2a: Clodsire\n|-resisted|p2a: Clodsire\n|-damage|p2a: Clodsire|94\/100\n|\n|t:|1701135302\n|switch|p1a: mandI|Dondozo, F|100\/100|[from] U-turn\n|move|p2a: Clodsire|Poison Jab|p1a: mandI\n|-crit|p1a: mandI\n|-damage|p1a: mandI|81\/100\n|-status|p1a: mandI|psn\n|\n|-heal|p1a: mandI|87\/100 psn|[from] item: Leftovers\n|-heal|p2a: Clodsire|99\/100|[from] item: Black Sludge\n|-damage|p1a: mandI|74\/100 psn|[from] psn\n|upkeep\n|turn|51\n|\n|t:|1701135319\n|move|p2a: Clodsire|Protect|p2a: Clodsire\n|-singleturn|p2a: Clodsire|Protect\n|move|p1a: mandI|Yawn|p2a: Clodsire\n|-activate|p2a: Clodsire|move: Protect\n|\n|-heal|p1a: mandI|80\/100 psn|[from] item: Leftovers\n|-heal|p2a: Clodsire|100\/100|[from] item: Black Sludge\n|-damage|p1a: mandI|68\/100 psn|[from] psn\n|upkeep\n|turn|52\n|\n|t:|1701135331\n|switch|p2a: Glimmora|Glimmora, F|100\/100\n|move|p1a: mandI|Rest|p1a: mandI\n|-status|p1a: mandI|slp|[from] move: Rest\n|-heal|p1a: mandI|100\/100 slp|[silent]\n|\n|upkeep\n|turn|53\n|\n|t:|1701135337\n|switch|p1a: shonelccrd|Corviknight, F|100\/100\n|-ability|p1a: shonelccrd|Pressure\n|move|p2a: Glimmora|Stealth Rock|p1a: shonelccrd\n|-sidestart|p1: lc stench|move: Stealth Rock\n|\n|upkeep\n|turn|54\n|\n|t:|1701135347\n|move|p2a: Glimmora|Power Gem|p1a: shonelccrd\n|-damage|p1a: shonelccrd|61\/100\n|move|p1a: shonelccrd|Body Press|p2a: Glimmora\n|-damage|p2a: Glimmora|74\/100\n|-activate|p2a: Glimmora|ability: Toxic Debris\n|-sidestart|p1: lc stench|move: Toxic Spikes\n|\n|-heal|p2a: Glimmora|80\/100|[from] item: Leftovers\n|-heal|p1a: shonelccrd|68\/100|[from] item: Leftovers\n|upkeep\n|turn|55\n|\n|t:|1701135365\n|move|p2a: Glimmora|Power Gem|p1a: shonelccrd\n|-damage|p1a: shonelccrd|32\/100\n|move|p1a: shonelccrd|Defog|p2a: Glimmora\n|-unboost|p2a: Glimmora|evasion|1\n|-sideend|p1: lc stench|Toxic Spikes|[from] move: Defog|[of] p1a: shonelccrd\n|-sideend|p1: lc stench|Stealth Rock|[from] move: Defog|[of] p1a: shonelccrd\n|\n|-heal|p2a: Glimmora|87\/100|[from] item: Leftovers\n|-heal|p1a: shonelccrd|39\/100|[from] item: Leftovers\n|upkeep\n|turn|56\n|\n|t:|1701135371\n|switch|p1a: baton imp|Zapdos|88\/100 psn\n|move|p2a: Glimmora|Power Gem|p1a: baton imp\n|-supereffective|p1a: baton imp\n|-damage|p1a: baton imp|10\/100 psn\n|\n|-heal|p1a: baton imp|16\/100 psn|[from] item: Leftovers\n|-heal|p2a: Glimmora|93\/100|[from] item: Leftovers\n|-damage|p1a: baton imp|4\/100 psn|[from] psn\n|upkeep\n|turn|57\n|\n|t:|1701135380\n|move|p1a: baton imp|Thunder Wave|p2a: Glimmora\n|-status|p2a: Glimmora|par\n|move|p2a: Glimmora|Stealth Rock|p1a: baton imp\n|-sidestart|p1: lc stench|move: Stealth Rock\n|\n|-heal|p1a: baton imp|10\/100 psn|[from] item: Leftovers\n|-heal|p2a: Glimmora|99\/100 par|[from] item: Leftovers\n|-damage|p1a: baton imp|0 fnt|[from] psn\n|faint|p1a: baton imp\n|upkeep\n|\n|t:|1701135393\n|switch|p1a: hi-jump|Clefable, M|52\/100\n|turn|58\n|\n|t:|1701135397\n|move|p1a: hi-jump|Moonlight|p1a: hi-jump\n|-heal|p1a: hi-jump|100\/100\n|cant|p2a: Glimmora|par\n|\n|-heal|p2a: Glimmora|100\/100 par|[from] item: Leftovers\n|upkeep\n|turn|59\n|\n|t:|1701135402\n|move|p1a: hi-jump|Calm Mind|p1a: hi-jump\n|-boost|p1a: hi-jump|spa|1\n|-boost|p1a: hi-jump|spd|1\n|move|p2a: Glimmora|Sludge Bomb|p1a: hi-jump\n|-supereffective|p1a: hi-jump\n|-damage|p1a: hi-jump|62\/100\n|\n|-heal|p1a: hi-jump|69\/100|[from] item: Leftovers\n|upkeep\n|turn|60\n|\n|t:|1701135412\n|move|p1a: hi-jump|Knock Off|p2a: Glimmora\n|-damage|p2a: Glimmora|85\/100 par\n|-activate|p2a: Glimmora|ability: Toxic Debris\n|-sidestart|p1: lc stench|move: Toxic Spikes\n|-enditem|p2a: Glimmora|Leftovers|[from] move: Knock Off|[of] p1a: hi-jump\n|move|p2a: Glimmora|Mortal Spin|p1a: hi-jump\n|-supereffective|p1a: hi-jump\n|-damage|p1a: hi-jump|55\/100\n|-status|p1a: hi-jump|psn\n|\n|-heal|p1a: hi-jump|61\/100 psn|[from] item: Leftovers\n|upkeep\n|turn|61\n|\n|t:|1701135426\n|move|p1a: hi-jump|Moonlight|p1a: hi-jump\n|-heal|p1a: hi-jump|100\/100 psn\n|move|p2a: Glimmora|Sludge Bomb|p1a: hi-jump\n|-supereffective|p1a: hi-jump\n|-damage|p1a: hi-jump|64\/100 psn\n|\n|-heal|p1a: hi-jump|70\/100 psn|[from] item: Leftovers\n|upkeep\n|turn|62\n|\n|t:|1701135438\n|move|p1a: hi-jump|Calm Mind|p1a: hi-jump\n|-boost|p1a: hi-jump|spa|1\n|-boost|p1a: hi-jump|spd|1\n|cant|p2a: Glimmora|par\n|\n|-heal|p1a: hi-jump|76\/100 psn|[from] item: Leftovers\n|upkeep\n|turn|63\n|\n|t:|1701135446\n|move|p1a: hi-jump|Moonblast|p2a: Glimmora\n|-resisted|p2a: Glimmora\n|-damage|p2a: Glimmora|53\/100 par\n|move|p2a: Glimmora|Sludge Bomb|p1a: hi-jump\n|-supereffective|p1a: hi-jump\n|-damage|p1a: hi-jump|46\/100 psn\n|\n|-heal|p1a: hi-jump|52\/100 psn|[from] item: Leftovers\n|upkeep\n|turn|64\n|\n|t:|1701135452\n|switch|p2a: Clodsire|Clodsire, F|100\/100\n|move|p1a: hi-jump|Moonlight|p1a: hi-jump\n|-heal|p1a: hi-jump|100\/100 psn\n|\n|upkeep\n|turn|65\n|\n|t:|1701135461\n|switch|p1a: mandI|Dondozo, F|100\/100 slp\n|-damage|p1a: mandI|88\/100 slp|[from] Stealth Rock\n|move|p2a: Clodsire|Haze|p2a: Clodsire\n|-clearallboost\n|\n|-heal|p1a: mandI|94\/100 slp|[from] item: Leftovers\n|upkeep\n|turn|66\n|\n|t:|1701135469\n|cant|p1a: mandI|slp\n|move|p2a: Clodsire|Earthquake|p1a: mandI\n|-crit|p1a: mandI\n|-damage|p1a: mandI|69\/100 slp\n|\n|-heal|p1a: mandI|75\/100 slp|[from] item: Leftovers\n|upkeep\n|turn|67\n|\n|t:|1701135475\n|cant|p1a: mandI|slp\n|move|p2a: Clodsire|Earthquake|p1a: mandI\n|-damage|p1a: mandI|58\/100 slp\n|\n|-heal|p1a: mandI|65\/100 slp|[from] item: Leftovers\n|upkeep\n|turn|68\n|\n|t:|1701135481\n|-curestatus|p1a: mandI|slp|[msg]\n|move|p1a: mandI|Yawn|p2a: Clodsire\n|-start|p2a: Clodsire|move: Yawn|[of] p1a: mandI\n|move|p2a: Clodsire|Earthquake|p1a: mandI\n|-damage|p1a: mandI|49\/100\n|\n|-heal|p1a: mandI|55\/100|[from] item: Leftovers\n|upkeep\n|turn|69\n|\n|t:|1701135492\n|switch|p2a: Glimmora|Glimmora, F|53\/100 par\n|move|p1a: mandI|Wave Crash|p2a: Glimmora\n|-supereffective|p2a: Glimmora\n|-damage|p2a: Glimmora|0 fnt\n|-activate|p2a: Glimmora|ability: Toxic Debris\n|-sidestart|p1: lc stench|move: Toxic Spikes\n|faint|p2a: Glimmora\n|-damage|p1a: mandI|43\/100|[from] Recoil\n|\n|-heal|p1a: mandI|50\/100|[from] item: Leftovers\n|upkeep\n|\n|t:|1701135499\n|switch|p2a: Clodsire|Clodsire, F|100\/100\n|turn|70\n|\n|t:|1701135507\n|move|p2a: Clodsire|Protect|p2a: Clodsire\n|-singleturn|p2a: Clodsire|Protect\n|move|p1a: mandI|Yawn|p2a: Clodsire\n|-activate|p2a: Clodsire|move: Protect\n|\n|-heal|p1a: mandI|56\/100|[from] item: Leftovers\n|upkeep\n|turn|71\n|\n|t:|1701135515\n|move|p1a: mandI|Curse|p1a: mandI\n|-unboost|p1a: mandI|spe|1\n|-boost|p1a: mandI|atk|1\n|-boost|p1a: mandI|def|1\n|move|p2a: Clodsire|Earthquake|p1a: mandI\n|-damage|p1a: mandI|44\/100\n|\n|-heal|p1a: mandI|50\/100|[from] item: Leftovers\n|upkeep\n|turn|72\n|\n|t:|1701135535\n|move|p2a: Clodsire|Haze|p2a: Clodsire\n|-clearallboost\n|move|p1a: mandI|Yawn|p2a: Clodsire\n|-start|p2a: Clodsire|move: Yawn|[of] p1a: mandI\n|\n|-heal|p1a: mandI|56\/100|[from] item: Leftovers\n|upkeep\n|turn|73\n|\n|t:|1701135542\n|switch|p2a: Samurott|Samurott-Hisui, F, shiny|58\/100\n|move|p1a: mandI|Wave Crash|p2a: Samurott\n|-resisted|p2a: Samurott\n|-damage|p2a: Samurott|36\/100\n|-damage|p1a: mandI|51\/100|[from] Recoil\n|\n|-heal|p1a: mandI|58\/100|[from] item: Leftovers\n|upkeep\n|turn|74\n|\n|t:|1701135551\n|move|p2a: Samurott|Flip Turn|p1a: mandI\n|-resisted|p1a: mandI\n|-damage|p1a: mandI|52\/100\n|\n|t:|1701135555\n|switch|p2a: Clodsire|Clodsire, F|100\/100|[from] Flip Turn\n|move|p1a: mandI|Curse|p1a: mandI\n|-unboost|p1a: mandI|spe|1\n|-boost|p1a: mandI|atk|1\n|-boost|p1a: mandI|def|1\n|\n|-heal|p1a: mandI|58\/100|[from] item: Leftovers\n|upkeep\n|turn|75\n|\n|t:|1701135564\n|move|p2a: Clodsire|Protect|p2a: Clodsire\n|-singleturn|p2a: Clodsire|Protect\n|move|p1a: mandI|Yawn|p2a: Clodsire\n|-activate|p2a: Clodsire|move: Protect\n|\n|-heal|p1a: mandI|64\/100|[from] item: Leftovers\n|upkeep\n|turn|76\n|\n|t:|1701135583\n|switch|p2a: Samurott|Samurott-Hisui, F, shiny|36\/100\n|move|p1a: mandI|Yawn|p2a: Samurott\n|-start|p2a: Samurott|move: Yawn|[of] p1a: mandI\n|\n|-heal|p1a: mandI|70\/100|[from] item: Leftovers\n|upkeep\n|turn|77\n|\n|t:|1701135592\n|switch|p2a: Clodsire|Clodsire, F|100\/100\n|switch|p1a: hi-jump|Clefable, M|100\/100 psn\n|\n|upkeep\n|turn|78\n|\n|t:|1701135601\n|switch|p1a: shonelccrd|Corviknight, F|39\/100\n|-damage|p1a: shonelccrd|26\/100|[from] Stealth Rock\n|-ability|p1a: shonelccrd|Pressure\n|move|p2a: Clodsire|Poison Jab|p1a: shonelccrd\n|-immune|p1a: shonelccrd\n|\n|-heal|p1a: shonelccrd|32\/100|[from] item: Leftovers\n|upkeep\n|turn|79\n|\n|t:|1701135622\n|switch|p2a: Samurott|Samurott-Hisui, F, shiny|36\/100\n|move|p1a: shonelccrd|Defog|p2a: Samurott\n|-unboost|p2a: Samurott|evasion|1\n|-sideend|p1: lc stench|Toxic Spikes|[from] move: Defog|[of] p1a: shonelccrd\n|-sideend|p1: lc stench|Stealth Rock|[from] move: Defog|[of] p1a: shonelccrd\n|\n|-heal|p1a: shonelccrd|39\/100|[from] item: Leftovers\n|upkeep\n|turn|80\n|\n|t:|1701135631\n|switch|p1a: mandI|Dondozo, F|70\/100\n|move|p2a: Samurott|Flip Turn|p1a: mandI\n|-resisted|p1a: mandI\n|-damage|p1a: mandI|65\/100\n|\n|t:|1701135635\n|switch|p2a: Clodsire|Clodsire, F|100\/100|[from] Flip Turn\n|\n|-heal|p1a: mandI|71\/100|[from] item: Leftovers\n|upkeep\n|turn|81\n|inactive|bluelight86 has 120 seconds left.\n|\n|t:|1701135693\n|switch|p1a: shonelccrd|Corviknight, F|39\/100\n|-ability|p1a: shonelccrd|Pressure\n|switch|p2a: Samurott|Samurott-Hisui, F, shiny|36\/100\n|\n|-heal|p1a: shonelccrd|45\/100|[from] item: Leftovers\n|upkeep\n|turn|82\n|inactive|bluelight86 has 90 seconds left.\n|\n|t:|1701135708\n|switch|p1a: mandI|Dondozo, F|71\/100\n|move|p2a: Samurott|Flip Turn|p1a: mandI\n|-resisted|p1a: mandI\n|-damage|p1a: mandI|66\/100\n|\n|t:|1701135713\n|switch|p2a: Clodsire|Clodsire, F|100\/100|[from] Flip Turn\n|\n|-heal|p1a: mandI|72\/100|[from] item: Leftovers\n|upkeep\n|turn|83\n|\n|t:|1701135721\n|switch|p2a: Samurott|Samurott-Hisui, F, shiny|36\/100\n|move|p1a: mandI|Wave Crash|p2a: Samurott\n|-resisted|p2a: Samurott\n|-damage|p2a: Samurott|14\/100\n|-damage|p1a: mandI|67\/100|[from] Recoil\n|\n|-heal|p1a: mandI|73\/100|[from] item: Leftovers\n|upkeep\n|turn|84\n|\n|t:|1701135730\n|move|p2a: Samurott|Flip Turn|p1a: mandI\n|-resisted|p1a: mandI\n|-damage|p1a: mandI|67\/100\n|\n|t:|1701135733\n|switch|p2a: Clodsire|Clodsire, F|100\/100|[from] Flip Turn\n|move|p1a: mandI|Curse|p1a: mandI\n|-unboost|p1a: mandI|spe|1\n|-boost|p1a: mandI|atk|1\n|-boost|p1a: mandI|def|1\n|\n|-heal|p1a: mandI|74\/100|[from] item: Leftovers\n|upkeep\n|turn|85\n|\n|t:|1701135740\n|switch|p1a: shonelccrd|Corviknight, F|45\/100\n|-ability|p1a: shonelccrd|Pressure\n|move|p2a: Clodsire|Haze|p2a: Clodsire\n|-clearallboost\n|\n|-heal|p1a: shonelccrd|51\/100|[from] item: Leftovers\n|upkeep\n|turn|86\n|\n|t:|1701135748\n|switch|p2a: Samurott|Samurott-Hisui, F, shiny|14\/100\n|move|p1a: shonelccrd|U-turn|p2a: Samurott\n|-supereffective|p2a: Samurott\n|-damage|p2a: Samurott|0 fnt\n|faint|p2a: Samurott\n|\n|t:|1701135755\n|switch|p1a: mandI|Dondozo, F|74\/100|[from] U-turn\n|\n|-heal|p1a: mandI|80\/100|[from] item: Leftovers\n|upkeep\n|\n|t:|1701135758\n|switch|p2a: Clodsire|Clodsire, F|100\/100\n|turn|87\n|\n|t:|1701135765\n|switch|p1a: shonelccrd|Corviknight, F|51\/100\n|-ability|p1a: shonelccrd|Pressure\n|move|p2a: Clodsire|Haze|p2a: Clodsire\n|-clearallboost\n|\n|-heal|p1a: shonelccrd|57\/100|[from] item: Leftovers\n|upkeep\n|turn|88\n|\n|t:|1701135774\n|switch|p2a: Ceruledge|Ceruledge, M|100\/100\n|move|p1a: shonelccrd|U-turn|p2a: Ceruledge\n|-resisted|p2a: Ceruledge\n|-damage|p2a: Ceruledge|96\/100\n|\n|t:|1701135779\n|switch|p1a: mandI|Dondozo, F|80\/100|[from] U-turn\n|\n|-heal|p1a: mandI|86\/100|[from] item: Leftovers\n|upkeep\n|turn|89\n|inactive|bluelight86 has 120 seconds left.\n|\n|t:|1701135785\n|switch|p2a: Clodsire|Clodsire, F|100\/100\n|move|p1a: mandI|Curse|p1a: mandI\n|-unboost|p1a: mandI|spe|1\n|-boost|p1a: mandI|atk|1\n|-boost|p1a: mandI|def|1\n|\n|-heal|p1a: mandI|92\/100|[from] item: Leftovers\n|upkeep\n|turn|90\n|inactive|bluelight86 has 120 seconds left.\n|\n|t:|1701135792\n|move|p2a: Clodsire|Haze|p2a: Clodsire\n|-clearallboost\n|move|p1a: mandI|Wave Crash|p2a: Clodsire\n|-immune|p2a: Clodsire|[from] ability: Water Absorb\n|\n|-heal|p1a: mandI|98\/100|[from] item: Leftovers\n|upkeep\n|turn|91\n|inactive|bluelight86 has 120 seconds left.\n|\n|t:|1701135801\n|move|p1a: mandI|Wave Crash|p2a: Clodsire\n|-immune|p2a: Clodsire|[from] ability: Water Absorb\n|move|p2a: Clodsire|Haze|p2a: Clodsire\n|-clearallboost\n|\n|-heal|p1a: mandI|100\/100|[from] item: Leftovers\n|upkeep\n|turn|92\n|inactive|bluelight86 has 120 seconds left.\n|\n|t:|1701135809\n|move|p1a: mandI|Wave Crash|p2a: Clodsire\n|-immune|p2a: Clodsire|[from] ability: Water Absorb\n|move|p2a: Clodsire|Haze|p2a: Clodsire\n|-clearallboost\n|\n|upkeep\n|turn|93\n|inactive|bluelight86 has 120 seconds left.\n|\n|t:|1701135824\n|switch|p1a: shonelccrd|Corviknight, F|57\/100\n|-ability|p1a: shonelccrd|Pressure\n|move|p2a: Clodsire|Poison Jab|p1a: shonelccrd\n|-immune|p1a: shonelccrd\n|\n|-heal|p1a: shonelccrd|64\/100|[from] item: Leftovers\n|upkeep\n|turn|94\n|\n|t:|1701135837\n|switch|p2a: Ceruledge|Ceruledge, M|96\/100\n|move|p1a: shonelccrd|U-turn|p2a: Ceruledge\n|-resisted|p2a: Ceruledge\n|-damage|p2a: Ceruledge|92\/100\n|\n|t:|1701135841\n|switch|p1a: mandI|Dondozo, F|100\/100|[from] U-turn\n|\n|upkeep\n|turn|95\n|\n|t:|1701135845\n|switch|p2a: Clodsire|Clodsire, F|100\/100\n|move|p1a: mandI|Curse|p1a: mandI\n|-unboost|p1a: mandI|spe|1\n|-boost|p1a: mandI|atk|1\n|-boost|p1a: mandI|def|1\n|\n|upkeep\n|turn|96\n|\n|t:|1701135853\n|switch|p1a: shonelccrd|Corviknight, F|64\/100\n|-ability|p1a: shonelccrd|Pressure\n|move|p2a: Clodsire|Haze|p2a: Clodsire\n|-clearallboost\n|\n|-heal|p1a: shonelccrd|70\/100|[from] item: Leftovers\n|upkeep\n|turn|97\n|\n|t:|1701135865\n|move|p1a: shonelccrd|U-turn|p2a: Clodsire\n|-resisted|p2a: Clodsire\n|-damage|p2a: Clodsire|94\/100\n|\n|t:|1701135867\n|switch|p1a: mandI|Dondozo, F|100\/100|[from] U-turn\n|move|p2a: Clodsire|Poison Jab|p1a: mandI\n|-damage|p1a: mandI|89\/100\n|\n|-heal|p1a: mandI|95\/100|[from] item: Leftovers\n|-heal|p2a: Clodsire|99\/100|[from] item: Black Sludge\n|upkeep\n|turn|98\n|\n|t:|1701135877\n|switch|p1a: shonelccrd|Corviknight, F|70\/100\n|-ability|p1a: shonelccrd|Pressure\n|move|p2a: Clodsire|Haze|p2a: Clodsire\n|-clearallboost\n|\n|-heal|p1a: shonelccrd|76\/100|[from] item: Leftovers\n|-heal|p2a: Clodsire|100\/100|[from] item: Black Sludge\n|upkeep\n|turn|99\n|\n|t:|1701135889\n|move|p2a: Clodsire|Protect|p2a: Clodsire\n|-singleturn|p2a: Clodsire|Protect\n|move|p1a: shonelccrd|Iron Defense|p1a: shonelccrd\n|-boost|p1a: shonelccrd|def|2\n|\n|-heal|p1a: shonelccrd|82\/100|[from] item: Leftovers\n|upkeep\n|turn|100\n|\n|t:|1701135896\n|move|p1a: shonelccrd|Body Press|p2a: Clodsire\n|-resisted|p2a: Clodsire\n|-damage|p2a: Clodsire|77\/100\n|move|p2a: Clodsire|Haze|p2a: Clodsire\n|-clearallboost\n|\n|-heal|p1a: shonelccrd|89\/100|[from] item: Leftovers\n|-heal|p2a: Clodsire|83\/100|[from] item: Black Sludge\n|upkeep\n|turn|101\n|\n|t:|1701135902\n|switch|p2a: Ceruledge|Ceruledge, M|92\/100\n|move|p1a: shonelccrd|U-turn|p2a: Ceruledge\n|-resisted|p2a: Ceruledge\n|-damage|p2a: Ceruledge|89\/100\n|\n|t:|1701135906\n|switch|p1a: mandI|Dondozo, F|95\/100|[from] U-turn\n|\n|-heal|p1a: mandI|100\/100|[from] item: Leftovers\n|upkeep\n|turn|102\n|\n|t:|1701135909\n|switch|p2a: Clodsire|Clodsire, F|83\/100\n|switch|p1a: hi-jump|Clefable, M|100\/100 psn\n|\n|-heal|p2a: Clodsire|89\/100|[from] item: Black Sludge\n|upkeep\n|turn|103\n|\n|t:|1701135918\n|move|p2a: Clodsire|Protect|p2a: Clodsire\n|-singleturn|p2a: Clodsire|Protect\n|move|p1a: hi-jump|Knock Off|p2a: Clodsire\n|-activate|p2a: Clodsire|move: Protect\n|\n|-heal|p2a: Clodsire|95\/100|[from] item: Black Sludge\n|upkeep\n|turn|104\n|\n|t:|1701135924\n|switch|p2a: Ceruledge|Ceruledge, M|89\/100\n|move|p1a: hi-jump|Knock Off|p2a: Ceruledge\n|-supereffective|p2a: Ceruledge\n|-damage|p2a: Ceruledge|55\/100\n|-enditem|p2a: Ceruledge|Heavy-Duty Boots|[from] move: Knock Off|[of] p1a: hi-jump\n|\n|upkeep\n|turn|105\n|\n|t:|1701135932\n|switch|p1a: shonelccrd|Corviknight, F|89\/100\n|-ability|p1a: shonelccrd|Pressure\n|move|p2a: Ceruledge|Iron Head|p1a: shonelccrd\n|-resisted|p1a: shonelccrd\n|-damage|p1a: shonelccrd|81\/100\n|\n|-heal|p1a: shonelccrd|87\/100|[from] item: Leftovers\n|upkeep\n|turn|106\n|\n|t:|1701135936\n|switch|p1a: mandI|Dondozo, F|100\/100\n|move|p2a: Ceruledge|Bitter Blade|p1a: mandI\n|-resisted|p1a: mandI\n|-damage|p1a: mandI|91\/100\n|-heal|p2a: Ceruledge|63\/100|[from] drain|[of] p1a: mandI\n|\n|-heal|p1a: mandI|97\/100|[from] item: Leftovers\n|upkeep\n|turn|107\n|\n|t:|1701135946\n|switch|p2a: Clodsire|Clodsire, F|95\/100\n|move|p1a: mandI|Wave Crash|p2a: Clodsire\n|-heal|p2a: Clodsire|100\/100|[from] ability: Water Absorb|[of] p1a: mandI\n|\n|-heal|p1a: mandI|100\/100|[from] item: Leftovers\n|upkeep\n|turn|108\n|\n|t:|1701135954\n|switch|p1a: shonelccrd|Corviknight, F|87\/100\n|-ability|p1a: shonelccrd|Pressure\n|move|p2a: Clodsire|Protect||[still]\n|-fail|p2a: Clodsire\n|\n|-heal|p1a: shonelccrd|93\/100|[from] item: Leftovers\n|upkeep\n|turn|109\n|\n|t:|1701135962\n|switch|p2a: Ceruledge|Ceruledge, M|63\/100\n|move|p1a: shonelccrd|U-turn|p2a: Ceruledge\n|-resisted|p2a: Ceruledge\n|-damage|p2a: Ceruledge|59\/100\n|\n|t:|1701135964\n|switch|p1a: mandI|Dondozo, F|100\/100|[from] U-turn\n|\n|upkeep\n|turn|110\n|\n|t:|1701135966\n|switch|p2a: Clodsire|Clodsire, F|100\/100\n|move|p1a: mandI|Wave Crash|p2a: Clodsire\n|-immune|p2a: Clodsire|[from] ability: Water Absorb\n|\n|upkeep\n|turn|111\n|\n|t:|1701135979\n|switch|p1a: shonelccrd|Corviknight, F|93\/100\n|-ability|p1a: shonelccrd|Pressure\n|move|p2a: Clodsire|Protect||[still]\n|-fail|p2a: Clodsire\n|\n|-heal|p1a: shonelccrd|99\/100|[from] item: Leftovers\n|upkeep\n|turn|112\n|\n|t:|1701135982\n|switch|p2a: Ceruledge|Ceruledge, M|59\/100\n|move|p1a: shonelccrd|U-turn|p2a: Ceruledge\n|-resisted|p2a: Ceruledge\n|-damage|p2a: Ceruledge|55\/100\n|\n|t:|1701135986\n|switch|p1a: mandI|Dondozo, F|100\/100|[from] U-turn\n|\n|upkeep\n|turn|113\n|\n|t:|1701135992\n|switch|p2a: Clodsire|Clodsire, F|100\/100\n|move|p1a: mandI|Curse|p1a: mandI\n|-unboost|p1a: mandI|spe|1\n|-boost|p1a: mandI|atk|1\n|-boost|p1a: mandI|def|1\n|\n|upkeep\n|turn|114\n|\n|t:|1701135998\n|switch|p1a: shonelccrd|Corviknight, F|99\/100\n|-ability|p1a: shonelccrd|Pressure\n|move|p2a: Clodsire|Haze|p2a: Clodsire\n|-clearallboost\n|\n|-heal|p1a: shonelccrd|100\/100|[from] item: Leftovers\n|upkeep\n|turn|115\n|\n|t:|1701136003\n|move|p1a: shonelccrd|U-turn|p2a: Clodsire\n|-resisted|p2a: Clodsire\n|-damage|p2a: Clodsire|95\/100\n|\n|t:|1701136005\n|switch|p1a: mandI|Dondozo, F|100\/100|[from] U-turn\n|move|p2a: Clodsire|Haze|p2a: Clodsire\n|-clearallboost\n|\n|-heal|p2a: Clodsire|100\/100|[from] item: Black Sludge\n|upkeep\n|turn|116\n|\n|t:|1701136010\n|switch|p1a: shonelccrd|Corviknight, F|100\/100\n|-ability|p1a: shonelccrd|Pressure\n|move|p2a: Clodsire|Haze|p2a: Clodsire\n|-clearallboost\n|\n|upkeep\n|turn|117\n|\n|t:|1701136013\n|move|p1a: shonelccrd|U-turn|p2a: Clodsire\n|-resisted|p2a: Clodsire\n|-damage|p2a: Clodsire|95\/100\n|\n|t:|1701136015\n|switch|p1a: mandI|Dondozo, F|100\/100|[from] U-turn\n|move|p2a: Clodsire|Poison Jab|p1a: mandI\n|-damage|p1a: mandI|87\/100\n|\n|-heal|p1a: mandI|93\/100|[from] item: Leftovers\n|-heal|p2a: Clodsire|100\/100|[from] item: Black Sludge\n|upkeep\n|turn|118\n|\n|t:|1701136030\n|switch|p1a: shonelccrd|Corviknight, F|100\/100\n|-ability|p1a: shonelccrd|Pressure\n|move|p2a: Clodsire|Protect||[still]\n|-fail|p2a: Clodsire\n|\n|upkeep\n|turn|119\n|\n|t:|1701136036\n|move|p2a: Clodsire|Protect|p2a: Clodsire\n|-singleturn|p2a: Clodsire|Protect\n|move|p1a: shonelccrd|U-turn|p2a: Clodsire\n|-activate|p2a: Clodsire|move: Protect\n|\n|upkeep\n|turn|120\n|\n|t:|1701136041\n|switch|p2a: Ceruledge|Ceruledge, M|55\/100\n|move|p1a: shonelccrd|U-turn|p2a: Ceruledge\n|-resisted|p2a: Ceruledge\n|-damage|p2a: Ceruledge|51\/100\n|\n|t:|1701136044\n|switch|p1a: mandI|Dondozo, F|93\/100|[from] U-turn\n|\n|-heal|p1a: mandI|99\/100|[from] item: Leftovers\n|upkeep\n|turn|121\n|\n|t:|1701136046\n|switch|p2a: Clodsire|Clodsire, F|100\/100\n|move|p1a: mandI|Curse|p1a: mandI\n|-unboost|p1a: mandI|spe|1\n|-boost|p1a: mandI|atk|1\n|-boost|p1a: mandI|def|1\n|\n|-heal|p1a: mandI|100\/100|[from] item: Leftovers\n|upkeep\n|turn|122\n|\n|t:|1701136052\n|switch|p1a: shonelccrd|Corviknight, F|100\/100\n|-ability|p1a: shonelccrd|Pressure\n|move|p2a: Clodsire|Haze|p2a: Clodsire\n|-clearallboost\n|\n|upkeep\n|turn|123\n|\n|t:|1701136064\n|move|p1a: shonelccrd|Iron Defense|p1a: shonelccrd\n|-boost|p1a: shonelccrd|def|2\n|move|p2a: Clodsire|Earthquake|p1a: shonelccrd\n|-immune|p1a: shonelccrd\n|\n|upkeep\n|turn|124\n|\n|t:|1701136069\n|move|p1a: shonelccrd|U-turn|p2a: Clodsire\n|-resisted|p2a: Clodsire\n|-damage|p2a: Clodsire|94\/100\n|\n|t:|1701136070\n|switch|p1a: mandI|Dondozo, F|100\/100|[from] U-turn\n|move|p2a: Clodsire|Haze|p2a: Clodsire\n|-clearallboost\n|\n|-heal|p2a: Clodsire|100\/100|[from] item: Black Sludge\n|upkeep\n|turn|125\n|\n|t:|1701136084\n|switch|p1a: shonelccrd|Corviknight, F|100\/100\n|-ability|p1a: shonelccrd|Pressure\n|move|p2a: Clodsire|Haze|p2a: Clodsire\n|-clearallboost\n|\n|upkeep\n|turn|126\n|\n|t:|1701136092\n|switch|p2a: Ceruledge|Ceruledge, M|51\/100\n|move|p1a: shonelccrd|U-turn|p2a: Ceruledge\n|-resisted|p2a: Ceruledge\n|-damage|p2a: Ceruledge|48\/100\n|\n|t:|1701136103\n|switch|p1a: mandI|Dondozo, F|100\/100|[from] U-turn\n|\n|upkeep\n|turn|127\n|inactive|bluelight86 has 120 seconds left.\n|c|\u2606bluelight86|I think we are stuck haha\n|\n|t:|1701136151\n|switch|p2a: Clodsire|Clodsire, F|100\/100\n|move|p1a: mandI|Wave Crash|p2a: Clodsire\n|-immune|p2a: Clodsire|[from] ability: Water Absorb\n|\n|upkeep\n|turn|128\n|c|\u2606lc stench|nawh only i am\n|inactive|bluelight86 has 90 seconds left.\n|c|\u2606bluelight86|I'm getting out of moves too\n|c|\u2606lc stench|dang sero\n|\n|t:|1701136201\n|switch|p1a: shonelccrd|Corviknight, F|100\/100\n|-ability|p1a: shonelccrd|Pressure\n|move|p2a: Clodsire|Haze|p2a: Clodsire\n|-clearallboost\n|\n|upkeep\n|turn|129\n|\n|t:|1701136208\n|switch|p2a: Ceruledge|Ceruledge, M|48\/100\n|move|p1a: shonelccrd|Iron Defense|p1a: shonelccrd\n|-boost|p1a: shonelccrd|def|2\n|\n|upkeep\n|turn|130\n|\n|t:|1701136221\n|move|p2a: Ceruledge|Bitter Blade|p1a: shonelccrd\n|-supereffective|p1a: shonelccrd\n|-damage|p1a: shonelccrd|76\/100\n|-heal|p2a: Ceruledge|64\/100|[from] drain|[of] p1a: shonelccrd\n|move|p1a: shonelccrd|U-turn|p2a: Ceruledge\n|-resisted|p2a: Ceruledge\n|-damage|p2a: Ceruledge|60\/100\n|\n|t:|1701136228\n|switch|p1a: mandI|Dondozo, F|100\/100|[from] U-turn\n|\n|upkeep\n|turn|131\n|\n|t:|1701136234\n|switch|p2a: Clodsire|Clodsire, F|100\/100\n|move|p1a: mandI|Wave Crash|p2a: Clodsire\n|-immune|p2a: Clodsire|[from] ability: Water Absorb\n|\n|upkeep\n|turn|132\n|\n|t:|1701136248\n|switch|p1a: shonelccrd|Corviknight, F|76\/100\n|-ability|p1a: shonelccrd|Pressure\n|move|p2a: Clodsire|Haze|p2a: Clodsire\n|-clearallboost\n|\n|-heal|p1a: shonelccrd|82\/100|[from] item: Leftovers\n|upkeep\n|turn|133\n|\n|t:|1701136254\n|switch|p2a: Ceruledge|Ceruledge, M|60\/100\n|move|p1a: shonelccrd|U-turn|p2a: Ceruledge\n|-resisted|p2a: Ceruledge\n|-damage|p2a: Ceruledge|57\/100\n|\n|t:|1701136256\n|switch|p1a: hi-jump|Clefable, M|100\/100 psn|[from] U-turn\n|\n|upkeep\n|turn|134\n|\n|t:|1701136267\n|switch|p1a: mandI|Dondozo, F|100\/100\n|move|p2a: Ceruledge|Iron Head|p1a: mandI\n|-resisted|p1a: mandI\n|-damage|p1a: mandI|95\/100\n|\n|-heal|p1a: mandI|100\/100|[from] item: Leftovers\n|upkeep\n|turn|135\n|\n|t:|1701136272\n|switch|p2a: Clodsire|Clodsire, F|100\/100\n|switch|p1a: shonelccrd|Corviknight, F|82\/100\n|-ability|p1a: shonelccrd|Pressure\n|\n|-heal|p1a: shonelccrd|88\/100|[from] item: Leftovers\n|upkeep\n|turn|136\n|\n|t:|1701136277\n|switch|p2a: Ceruledge|Ceruledge, M|57\/100\n|move|p1a: shonelccrd|U-turn|p2a: Ceruledge\n|-resisted|p2a: Ceruledge\n|-damage|p2a: Ceruledge|53\/100\n|\n|t:|1701136279\n|switch|p1a: mandI|Dondozo, F|100\/100|[from] U-turn\n|\n|upkeep\n|turn|137\n|\n|t:|1701136282\n|switch|p2a: Clodsire|Clodsire, F|100\/100\n|move|p1a: mandI|Wave Crash|p2a: Clodsire\n|-immune|p2a: Clodsire|[from] ability: Water Absorb\n|\n|upkeep\n|turn|138\n|inactive|bluelight86 has 90 seconds left.\n|\n|t:|1701136317\n|switch|p1a: shonelccrd|Corviknight, F|88\/100\n|-ability|p1a: shonelccrd|Pressure\n|move|p2a: Clodsire|Haze|p2a: Clodsire\n|-clearallboost\n|\n|-heal|p1a: shonelccrd|95\/100|[from] item: Leftovers\n|upkeep\n|turn|139\n|\n|t:|1701136334\n|switch|p2a: Ceruledge|Ceruledge, M|53\/100\n|move|p1a: shonelccrd|Iron Defense|p1a: shonelccrd\n|-boost|p1a: shonelccrd|def|2\n|\n|-heal|p1a: shonelccrd|100\/100|[from] item: Leftovers\n|upkeep\n|turn|140\n|\n|t:|1701136342\n|switch|p1a: mandI|Dondozo, F|100\/100\n|move|p2a: Ceruledge|Bitter Blade|p1a: mandI\n|-resisted|p1a: mandI\n|-crit|p1a: mandI\n|-damage|p1a: mandI|88\/100\n|-heal|p2a: Ceruledge|64\/100|[from] drain|[of] p1a: mandI\n|\n|-heal|p1a: mandI|94\/100|[from] item: Leftovers\n|upkeep\n|turn|141\n|\n|t:|1701136349\n|switch|p2a: Clodsire|Clodsire, F|100\/100\n|switch|p1a: shonelccrd|Corviknight, F|100\/100\n|-ability|p1a: shonelccrd|Pressure\n|\n|upkeep\n|turn|142\n|\n|t:|1701136356\n|switch|p2a: Ceruledge|Ceruledge, M|64\/100\n|move|p1a: shonelccrd|U-turn|p2a: Ceruledge\n|-resisted|p2a: Ceruledge\n|-damage|p2a: Ceruledge|60\/100\n|\n|t:|1701136360\n|switch|p1a: hi-jump|Clefable, M|100\/100 psn|[from] U-turn\n|\n|upkeep\n|turn|143\n|\n|t:|1701136381\n|switch|p1a: mandI|Dondozo, F|94\/100\n|move|p2a: Ceruledge|Bitter Blade|p1a: mandI\n|-resisted|p1a: mandI\n|-damage|p1a: mandI|85\/100\n|-heal|p2a: Ceruledge|68\/100|[from] drain|[of] p1a: mandI\n|\n|-heal|p1a: mandI|91\/100|[from] item: Leftovers\n|upkeep\n|turn|144\n|\n|t:|1701136388\n|switch|p2a: Clodsire|Clodsire, F|100\/100\n|switch|p1a: shonelccrd|Corviknight, F|100\/100\n|-ability|p1a: shonelccrd|Pressure\n|\n|upkeep\n|turn|145\n|\n|t:|1701136403\n|switch|p2a: Ceruledge|Ceruledge, M|68\/100\n|move|p1a: shonelccrd|U-turn|p2a: Ceruledge\n|-resisted|p2a: Ceruledge\n|-damage|p2a: Ceruledge|65\/100\n|\n|t:|1701136415\n|switch|p1a: hi-jump|Clefable, M|100\/100 psn|[from] U-turn\n|\n|upkeep\n|turn|146\n|\n|t:|1701136419\n|move|p2a: Ceruledge|Bitter Blade|p1a: hi-jump\n|-damage|p1a: hi-jump|53\/100 psn\n|-heal|p2a: Ceruledge|96\/100|[from] drain|[of] p1a: hi-jump\n|move|p1a: hi-jump|Knock Off|p2a: Ceruledge\n|-supereffective|p2a: Ceruledge\n|-damage|p2a: Ceruledge|76\/100\n|\n|-heal|p1a: hi-jump|59\/100 psn|[from] item: Leftovers\n|upkeep\n|turn|147\n|\n|t:|1701136431\n|switch|p1a: mandI|Dondozo, F|91\/100\n|move|p2a: Ceruledge|Bitter Blade|p1a: mandI\n|-resisted|p1a: mandI\n|-damage|p1a: mandI|83\/100\n|-heal|p2a: Ceruledge|83\/100|[from] drain|[of] p1a: mandI\n|\n|-heal|p1a: mandI|89\/100|[from] item: Leftovers\n|upkeep\n|turn|148\n|\n|t:|1701136438\n|switch|p2a: Clodsire|Clodsire, F|100\/100\n|move|p1a: mandI|Curse|p1a: mandI\n|-unboost|p1a: mandI|spe|1\n|-boost|p1a: mandI|atk|1\n|-boost|p1a: mandI|def|1\n|\n|-heal|p1a: mandI|95\/100|[from] item: Leftovers\n|upkeep\n|turn|149\n|\n|t:|1701136445\n|move|p2a: Clodsire|Haze|p2a: Clodsire\n|-clearallboost\n|move|p1a: mandI|Rest|p1a: mandI\n|-status|p1a: mandI|slp|[from] move: Rest\n|-heal|p1a: mandI|100\/100 slp|[silent]\n|\n|upkeep\n|turn|150\n|\n|t:|1701136452\n|cant|p1a: mandI|slp\n|move|p2a: Clodsire|Earthquake|p1a: mandI\n|-damage|p1a: mandI|86\/100 slp\n|\n|-heal|p1a: mandI|92\/100 slp|[from] item: Leftovers\n|upkeep\n|turn|151\n|\n|t:|1701136455\n|cant|p1a: mandI|slp\n|move|p2a: Clodsire|Poison Jab|p1a: mandI\n|-damage|p1a: mandI|78\/100 slp\n|\n|-heal|p1a: mandI|85\/100 slp|[from] item: Leftovers\n|upkeep\n|turn|152\n|\n|t:|1701136458\n|-curestatus|p1a: mandI|slp|[msg]\n|move|p1a: mandI|Rest|p1a: mandI\n|-status|p1a: mandI|slp|[from] move: Rest\n|-heal|p1a: mandI|100\/100 slp|[silent]\n|move|p2a: Clodsire|Earthquake|p1a: mandI\n|-damage|p1a: mandI|84\/100 slp\n|\n|-heal|p1a: mandI|90\/100 slp|[from] item: Leftovers\n|upkeep\n|turn|153\n|inactive|bluelight86 has 90 seconds left.\n|\n|t:|1701136470\n|switch|p1a: shonelccrd|Corviknight, F|100\/100\n|-ability|p1a: shonelccrd|Pressure\n|move|p2a: Clodsire|Earthquake|p1a: shonelccrd\n|-immune|p1a: shonelccrd\n|\n|upkeep\n|turn|154\n|c|\u2606lc stench|this isnt over\n|-message|lc stench forfeited.\n|\n|win|bluelight86\n|raw|lc stench's rating: 1210 &rarr; <strong>1180<\/strong><br \/>(-30 for losing)\n|raw|bluelight86's rating: 1142 &rarr; <strong>1172<\/strong><br \/>(+30 for winning)\n|l|\u2606lc stench\n","uploadtime":1701136510,"views":8,"p1id":"lcstench","p2id":"bluelight86","formatid":"gen9ou","rating":1172,"private":0,"password":""}