{"id":"gen9ou-1997871186","p1":"SCHIZODROOLER98","p2":"spicy piquant","format":"[Gen 9] OU","log":"|j|\u2606SCHIZODROOLER98\n|j|\u2606spicy piquant\n|t:|1700861982\n|gametype|singles\n|player|p1|SCHIZODROOLER98|medium|1581\n|player|p2|spicy piquant|170|1644\n|teamsize|p1|6\n|teamsize|p2|6\n|gen|9\n|tier|[Gen 9] OU\n|rated|\n|rule|Sleep Clause Mod: Limit one foe put to sleep\n|rule|Species Clause: Limit one of each Pok\u00e9mon\n|rule|OHKO Clause: OHKO moves are banned\n|rule|Evasion Items Clause: Evasion items are banned\n|rule|Evasion Moves Clause: Evasion moves are banned\n|rule|Endless Battle Clause: Forcing endless battles is banned\n|rule|HP Percentage Mod: HP is shown in percentages\n|clearpoke\n|poke|p1|Ninetales-Alola, F|\n|poke|p1|Slowbro-Galar, M|\n|poke|p1|Enamorus-Therian, F|\n|poke|p1|Iron Hands|\n|poke|p1|Kingambit, M|\n|poke|p1|Ceruledge, M|\n|poke|p2|Tinkaton, F|\n|poke|p2|Moltres|\n|poke|p2|Kingambit, F|\n|poke|p2|Dragapult, M|\n|poke|p2|Clodsire, F|\n|poke|p2|Great Tusk|\n|teampreview\n|inactive|Battle timer is ON: inactive players will automatically lose when time's up. (requested by SCHIZODROOLER98)\n|\n|t:|1700861998\n|start\n|switch|p1a: JOHN DARKSOULS|Ceruledge, M|100\/100\n|switch|p2a: Tinkaton|Tinkaton, F|100\/100\n|-ability|p2a: Tinkaton|Mold Breaker\n|turn|1\n|\n|t:|1700862010\n|switch|p1a: MIDWEST FURFEST|Ninetales-Alola, F, shiny|100\/100\n|-weather|Snow|[from] ability: Snow Warning|[of] p1a: MIDWEST FURFEST\n|move|p2a: Tinkaton|Stealth Rock|p1a: MIDWEST FURFEST\n|-sidestart|p1: SCHIZODROOLER98|move: Stealth Rock\n|\n|-weather|Snow|[upkeep]\n|upkeep\n|turn|2\n|\n|t:|1700862014\n|move|p1a: MIDWEST FURFEST|Encore|p2a: Tinkaton\n|-start|p2a: Tinkaton|Encore\n|move|p2a: Tinkaton|Stealth Rock||[still]\n|-fail|p2a: Tinkaton\n|\n|-weather|Snow|[upkeep]\n|upkeep\n|turn|3\n|\n|t:|1700862020\n|switch|p2a: Kingambit|Kingambit, F|100\/100\n|move|p1a: MIDWEST FURFEST|Aurora Veil|p1a: MIDWEST FURFEST\n|-sidestart|p1: SCHIZODROOLER98|move: Aurora Veil\n|\n|-weather|Snow|[upkeep]\n|upkeep\n|turn|4\n|\n|t:|1700862031\n|switch|p1a: DEEZ HANDS|Iron Hands|100\/100\n|-damage|p1a: DEEZ HANDS|94\/100|[from] Stealth Rock\n|move|p2a: Kingambit|Iron Head|p1a: DEEZ HANDS\n|-resisted|p1a: DEEZ HANDS\n|-damage|p1a: DEEZ HANDS|87\/100\n|\n|-weather|Snow|[upkeep]\n|upkeep\n|turn|5\n|\n|t:|1700862038\n|-end|p2a: Kingambit|fallenundefined|[silent]\n|switch|p2a: Great Tusk|Great Tusk|100\/100\n|move|p1a: DEEZ HANDS|Swords Dance|p1a: DEEZ HANDS\n|-boost|p1a: DEEZ HANDS|atk|2\n|\n|-weather|none\n|upkeep\n|turn|6\n|-activate|p1a: DEEZ HANDS|item: Quick Claw\n|\n|t:|1700862042\n|move|p1a: DEEZ HANDS|Ice Punch|p2a: Great Tusk\n|-supereffective|p2a: Great Tusk\n|-damage|p2a: Great Tusk|36\/100\n|move|p2a: Great Tusk|Bulk Up|p2a: Great Tusk\n|-boost|p2a: Great Tusk|atk|1\n|-boost|p2a: Great Tusk|def|1\n|\n|-heal|p2a: Great Tusk|42\/100|[from] item: Leftovers\n|upkeep\n|turn|7\n|\n|t:|1700862048\n|move|p2a: Great Tusk|Earthquake|p1a: DEEZ HANDS\n|-supereffective|p1a: DEEZ HANDS\n|-damage|p1a: DEEZ HANDS|44\/100\n|move|p1a: DEEZ HANDS|Ice Punch|p2a: Great Tusk\n|-supereffective|p2a: Great Tusk\n|-damage|p2a: Great Tusk|0 fnt\n|faint|p2a: Great Tusk\n|-end|p2a: Great Tusk|Protosynthesis|[silent]\n|\n|upkeep\n|\n|t:|1700862056\n|switch|p2a: Tinkaton|Tinkaton, F|100\/100\n|-ability|p2a: Tinkaton|Mold Breaker\n|turn|8\n|-activate|p1a: DEEZ HANDS|item: Quick Claw\n|\n|t:|1700862058\n|move|p1a: DEEZ HANDS|Drain Punch|p2a: Tinkaton\n|-damage|p2a: Tinkaton|0 fnt\n|-heal|p1a: DEEZ HANDS|83\/100|[from] drain|[of] p2a: Tinkaton\n|faint|p2a: Tinkaton\n|\n|upkeep\n|-message|spicy piquant forfeited.\n|\n|win|SCHIZODROOLER98\n|raw|SCHIZODROOLER98's rating: 1581 &rarr; <strong>1605<\/strong><br \/>(+24 for winning)\n|raw|spicy piquant's rating: 1644 &rarr; <strong>1620<\/strong><br \/>(-24 for losing)\n","uploadtime":1700862071,"views":1,"p1id":"schizodrooler98","p2id":"spicypiquant","formatid":"gen9ou","rating":1605,"private":0,"password":""}