{"id":"gen9ou-2000670120","p1":"Elmasiso","p2":"cutman 96","format":"[Gen 9] OU","log":"|j|\u2606Elmasiso\n|j|\u2606cutman 96\n|t:|1701216862\n|gametype|singles\n|player|p1|Elmasiso|101|1348\n|player|p2|cutman 96|lyra|1446\n|teamsize|p1|6\n|teamsize|p2|6\n|gen|9\n|tier|[Gen 9] OU\n|rated|\n|rule|Sleep Clause Mod: Limit one foe put to sleep\n|rule|Species Clause: Limit one of each Pok\u00e9mon\n|rule|OHKO Clause: OHKO moves are banned\n|rule|Evasion Items Clause: Evasion items are banned\n|rule|Evasion Moves Clause: Evasion moves are banned\n|rule|Endless Battle Clause: Forcing endless battles is banned\n|rule|HP Percentage Mod: HP is shown in percentages\n|clearpoke\n|poke|p1|Tyranitar, M|\n|poke|p1|Scizor, M|\n|poke|p1|Landorus-Therian, M|\n|poke|p1|Ogerpon-Wellspring, F|\n|poke|p1|Slowking-Galar, M|\n|poke|p1|Kingambit, F|\n|poke|p2|Samurott-Hisui, M|\n|poke|p2|Gholdengo|\n|poke|p2|Dragapult, M|\n|poke|p2|Rillaboom, M|\n|poke|p2|Hawlucha, M|\n|poke|p2|Dragonite, M|\n|teampreview\n|\n|t:|1701216892\n|start\n|switch|p1a: Ogerpon|Ogerpon-Wellspring, F|100\/100\n|switch|p2a: Gholdengo|Gholdengo|100\/100\n|turn|1\n|\n|t:|1701216900\n|move|p1a: Ogerpon|Ivy Cudgel|p2a: Gholdengo|[anim] Ivy Cudgel Water\n|-damage|p2a: Gholdengo|64\/100\n|move|p2a: Gholdengo|Thunder Wave|p1a: Ogerpon\n|-status|p1a: Ogerpon|par\n|\n|-heal|p2a: Gholdengo|70\/100|[from] item: Leftovers\n|upkeep\n|turn|2\n|inactive|Battle timer is ON: inactive players will automatically lose when time's up. (requested by Elmasiso)\n|\n|t:|1701216908\n|move|p2a: Gholdengo|Hex|p1a: Ogerpon\n|-damage|p1a: Ogerpon|28\/100 par\n|move|p1a: Ogerpon|Ivy Cudgel|p2a: Gholdengo|[anim] Ivy Cudgel Water\n|-damage|p2a: Gholdengo|30\/100\n|\n|-heal|p2a: Gholdengo|36\/100|[from] item: Leftovers\n|upkeep\n|turn|3\n|\n|t:|1701216913\n|switch|p1a: Landorus|Landorus-Therian, M|100\/100\n|-ability|p1a: Landorus|Intimidate|boost\n|-unboost|p2a: Gholdengo|atk|1\n|move|p2a: Gholdengo|Recover|p2a: Gholdengo\n|-heal|p2a: Gholdengo|86\/100\n|\n|-heal|p2a: Gholdengo|92\/100|[from] item: Leftovers\n|upkeep\n|turn|4\n|\n|t:|1701216930\n|switch|p2a: Hawlucha|Hawlucha, M|100\/100\n|move|p1a: Landorus|Stealth Rock|p2a: Hawlucha\n|-sidestart|p2: cutman 96|move: Stealth Rock\n|\n|upkeep\n|turn|5\n|\n|t:|1701216936\n|move|p2a: Hawlucha|Substitute|p2a: Hawlucha\n|-start|p2a: Hawlucha|Substitute\n|-damage|p2a: Hawlucha|76\/100\n|move|p1a: Landorus|U-turn|p2a: Hawlucha\n|-resisted|p2a: Hawlucha\n|-activate|p2a: Hawlucha|move: Substitute|[damage]\n|\n|t:|1701216954\n|switch|p1a: Slowking|Slowking-Galar, M|100\/100|[from] U-turn\n|\n|upkeep\n|turn|6\n|\n|t:|1701216962\n|move|p2a: Hawlucha|Swords Dance|p2a: Hawlucha\n|-boost|p2a: Hawlucha|atk|2\n|move|p1a: Slowking|Psyshock|p2a: Hawlucha\n|-supereffective|p2a: Hawlucha\n|-end|p2a: Hawlucha|Substitute\n|\n|upkeep\n|turn|7\n|\n|t:|1701216977\n|-terastallize|p2a: Hawlucha|Flying\n|move|p2a: Hawlucha|Acrobatics|p1a: Slowking\n|-damage|p1a: Slowking|31\/100\n|move|p1a: Slowking|Psyshock|p2a: Hawlucha\n|-damage|p2a: Hawlucha|14\/100\n|\n|upkeep\n|turn|8\n|\n|t:|1701216984\n|switch|p1a: Landorus|Landorus-Therian, M|100\/100\n|-ability|p1a: Landorus|Intimidate|boost\n|-unboost|p2a: Hawlucha|atk|1\n|move|p2a: Hawlucha|Acrobatics|p1a: Landorus\n|-damage|p1a: Landorus|63\/100\n|\n|-heal|p1a: Landorus|69\/100|[from] item: Leftovers\n|upkeep\n|turn|9\n|\n|t:|1701216990\n|move|p2a: Hawlucha|Acrobatics|p1a: Landorus\n|-damage|p1a: Landorus|31\/100\n|move|p1a: Landorus|Rock Tomb|p2a: Hawlucha\n|-supereffective|p2a: Hawlucha\n|-damage|p2a: Hawlucha|0 fnt\n|faint|p2a: Hawlucha\n|\n|-heal|p1a: Landorus|37\/100|[from] item: Leftovers\n|upkeep\n|\n|t:|1701216998\n|switch|p2a: Samurott|Samurott-Hisui, M|100\/100\n|-damage|p2a: Samurott|88\/100|[from] Stealth Rock\n|turn|10\n|inactive|Elmasiso has 120 seconds left.\n|\n|t:|1701217039\n|switch|p1a: Ogerpon|Ogerpon-Wellspring, F|28\/100 par\n|move|p2a: Samurott|Aqua Jet|p1a: Ogerpon\n|-heal|p1a: Ogerpon|53\/100 par|[from] ability: Water Absorb|[of] p2a: Samurott\n|\n|upkeep\n|turn|11\n|\n|t:|1701217050\n|move|p2a: Samurott|Ceaseless Edge|p1a: Ogerpon\n|-damage|p1a: Ogerpon|0 fnt\n|-sidestart|p1: Elmasiso|Spikes\n|faint|p1a: Ogerpon\n|\n|upkeep\n|\n|t:|1701217062\n|switch|p1a: Scizor|Scizor, M|100\/100\n|turn|12\n|inactive|Elmasiso has 90 seconds left.\n|\n|t:|1701217107\n|switch|p2a: Gholdengo|Gholdengo|92\/100\n|-damage|p2a: Gholdengo|86\/100|[from] Stealth Rock\n|move|p1a: Scizor|U-turn|p2a: Gholdengo\n|-resisted|p2a: Gholdengo\n|-damage|p2a: Gholdengo|80\/100\n|inactive|Elmasiso has 60 seconds left.\n|\n|t:|1701217133\n|switch|p1a: Landorus|Landorus-Therian, M|37\/100|[from] U-turn\n|-ability|p1a: Landorus|Intimidate|boost\n|-unboost|p2a: Gholdengo|atk|1\n|\n|-heal|p1a: Landorus|43\/100|[from] item: Leftovers\n|-heal|p2a: Gholdengo|86\/100|[from] item: Leftovers\n|upkeep\n|turn|13\n|\n|t:|1701217142\n|move|p1a: Landorus|Earthquake|p2a: Gholdengo\n|-supereffective|p2a: Gholdengo\n|-damage|p2a: Gholdengo|22\/100\n|move|p2a: Gholdengo|Hex|p1a: Landorus\n|-damage|p1a: Landorus|12\/100\n|\n|-heal|p1a: Landorus|18\/100|[from] item: Leftovers\n|-heal|p2a: Gholdengo|28\/100|[from] item: Leftovers\n|upkeep\n|turn|14\n|inactive|Elmasiso has 60 seconds left.\n|\n|t:|1701217159\n|switch|p2a: Rillaboom|Rillaboom, M|100\/100\n|-damage|p2a: Rillaboom|88\/100|[from] Stealth Rock\n|-fieldstart|move: Grassy Terrain|[from] ability: Grassy Surge|[of] p2a: Rillaboom\n|move|p1a: Landorus|Earthquake|p2a: Rillaboom\n|-resisted|p2a: Rillaboom\n|-damage|p2a: Rillaboom|77\/100\n|\n|-heal|p2a: Rillaboom|83\/100|[from] Grassy Terrain\n|-heal|p1a: Landorus|24\/100|[from] item: Leftovers\n|upkeep\n|turn|15\n|\n|t:|1701217170\n|switch|p1a: Scizor|Scizor, M|100\/100\n|move|p2a: Rillaboom|Grassy Glide|p1a: Scizor\n|-resisted|p1a: Scizor\n|-damage|p1a: Scizor|90\/100\n|\n|-heal|p2a: Rillaboom|89\/100|[from] Grassy Terrain\n|-heal|p1a: Scizor|96\/100|[from] Grassy Terrain\n|upkeep\n|turn|16\n|\n|t:|1701217177\n|move|p2a: Rillaboom|U-turn|p1a: Scizor\n|-resisted|p1a: Scizor\n|-damage|p1a: Scizor|84\/100\n|\n|t:|1701217183\n|switch|p2a: Dragapult|Dragapult, M|100\/100|[from] U-turn\n|-damage|p2a: Dragapult|88\/100|[from] Stealth Rock\n|move|p1a: Scizor|Swords Dance|p1a: Scizor\n|-boost|p1a: Scizor|atk|2\n|\n|-heal|p2a: Dragapult|94\/100|[from] Grassy Terrain\n|-heal|p1a: Scizor|90\/100|[from] Grassy Terrain\n|upkeep\n|turn|17\n|\n|t:|1701217195\n|move|p1a: Scizor|Bullet Punch|p2a: Dragapult\n|-damage|p2a: Dragapult|3\/100\n|move|p2a: Dragapult|Flamethrower|p1a: Scizor\n|-supereffective|p1a: Scizor\n|-damage|p1a: Scizor|0 fnt\n|faint|p1a: Scizor\n|\n|-heal|p2a: Dragapult|9\/100|[from] Grassy Terrain\n|upkeep\n|\n|t:|1701217202\n|switch|p1a: Tyranitar|Tyranitar, M|100\/100\n|-damage|p1a: Tyranitar|88\/100|[from] Spikes\n|-weather|Sandstorm|[from] ability: Sand Stream|[of] p1a: Tyranitar\n|turn|18\n|\n|t:|1701217211\n|move|p2a: Dragapult|Flamethrower|p1a: Tyranitar\n|-resisted|p1a: Tyranitar\n|-damage|p1a: Tyranitar|75\/100\n|-status|p1a: Tyranitar|brn\n|move|p1a: Tyranitar|Knock Off|p2a: Dragapult\n|-supereffective|p2a: Dragapult\n|-damage|p2a: Dragapult|0 fnt\n|-enditem|p2a: Dragapult|Choice Specs|[from] move: Knock Off|[of] p1a: Tyranitar\n|faint|p2a: Dragapult\n|\n|-weather|Sandstorm|[upkeep]\n|-heal|p1a: Tyranitar|81\/100 brn|[from] Grassy Terrain\n|-damage|p1a: Tyranitar|75\/100 brn|[from] brn\n|upkeep\n|\n|t:|1701217217\n|switch|p2a: Samurott|Samurott-Hisui, M|88\/100\n|-damage|p2a: Samurott|76\/100|[from] Stealth Rock\n|turn|19\n|\n|t:|1701217226\n|switch|p1a: Landorus|Landorus-Therian, M|24\/100\n|-ability|p1a: Landorus|Intimidate|boost\n|-unboost|p2a: Samurott|atk|1\n|move|p2a: Samurott|Razor Shell|p1a: Landorus\n|-supereffective|p1a: Landorus\n|-damage|p1a: Landorus|0 fnt\n|faint|p1a: Landorus\n|\n|-weather|Sandstorm|[upkeep]\n|-damage|p2a: Samurott|69\/100|[from] Sandstorm\n|-heal|p2a: Samurott|76\/100|[from] Grassy Terrain\n|upkeep\n|\n|t:|1701217229\n|switch|p1a: Kingambit|Kingambit, F|100\/100\n|-damage|p1a: Kingambit|88\/100|[from] Spikes\n|-activate|p1a: Kingambit|ability: Supreme Overlord\n|-start|p1a: Kingambit|fallen3|[silent]\n|turn|20\n|inactive|Elmasiso has 90 seconds left.\n|\n|t:|1701217251\n|-terastallize|p1a: Kingambit|Fairy\n|move|p2a: Samurott|Knock Off|p1a: Kingambit\n|-resisted|p1a: Kingambit\n|-damage|p1a: Kingambit|78\/100\n|-enditem|p1a: Kingambit|Black Glasses|[from] move: Knock Off|[of] p2a: Samurott\n|move|p1a: Kingambit|Tera Blast|p2a: Samurott|[anim] Tera Blast Fairy\n|-supereffective|p2a: Samurott\n|-damage|p2a: Samurott|0 fnt\n|faint|p2a: Samurott\n|\n|-weather|Sandstorm|[upkeep]\n|-damage|p1a: Kingambit|72\/100|[from] Sandstorm\n|-heal|p1a: Kingambit|78\/100|[from] Grassy Terrain\n|upkeep\n|\n|t:|1701217268\n|switch|p2a: Gholdengo|Gholdengo|28\/100\n|-damage|p2a: Gholdengo|22\/100|[from] Stealth Rock\n|turn|21\n|\n|t:|1701217282\n|move|p1a: Kingambit|Sucker Punch||[still]\n|-fail|p1a: Kingambit\n|move|p2a: Gholdengo|Thunder Wave|p1a: Kingambit\n|-status|p1a: Kingambit|par\n|\n|-weather|Sandstorm|[upkeep]\n|-damage|p1a: Kingambit|72\/100 par|[from] Sandstorm\n|-heal|p2a: Gholdengo|28\/100|[from] Grassy Terrain\n|-heal|p2a: Gholdengo|34\/100|[from] item: Leftovers\n|-heal|p1a: Kingambit|78\/100 par|[from] Grassy Terrain\n|-fieldend|move: Grassy Terrain\n|upkeep\n|turn|22\n|\n|t:|1701217288\n|move|p1a: Kingambit|Sucker Punch||[still]\n|-fail|p1a: Kingambit\n|move|p2a: Gholdengo|Recover|p2a: Gholdengo\n|-heal|p2a: Gholdengo|84\/100\n|\n|-weather|none\n|-heal|p2a: Gholdengo|90\/100|[from] item: Leftovers\n|upkeep\n|turn|23\n|\n|t:|1701217295\n|cant|p1a: Kingambit|par\n|move|p2a: Gholdengo|Hex|p1a: Kingambit\n|-damage|p1a: Kingambit|23\/100 par\n|\n|-heal|p2a: Gholdengo|96\/100|[from] item: Leftovers\n|upkeep\n|turn|24\n|\n|t:|1701217302\n|move|p1a: Kingambit|Sucker Punch|p2a: Gholdengo\n|-supereffective|p2a: Gholdengo\n|-damage|p2a: Gholdengo|28\/100\n|move|p2a: Gholdengo|Hex|p1a: Kingambit\n|-damage|p1a: Kingambit|0 fnt\n|faint|p1a: Kingambit\n|-end|p1a: Kingambit|fallen3|[silent]\n|\n|-heal|p2a: Gholdengo|34\/100|[from] item: Leftovers\n|upkeep\n|inactive|Elmasiso has 120 seconds left.\n|\n|t:|1701217311\n|switch|p1a: Slowking|Slowking-Galar, M|65\/100\n|-damage|p1a: Slowking|52\/100|[from] Spikes\n|turn|25\n|\n|t:|1701217316\n|move|p2a: Gholdengo|Recover|p2a: Gholdengo\n|-heal|p2a: Gholdengo|84\/100\n|move|p1a: Slowking|Flamethrower|p2a: Gholdengo\n|-supereffective|p2a: Gholdengo\n|-damage|p2a: Gholdengo|27\/100\n|\n|-heal|p2a: Gholdengo|34\/100|[from] item: Leftovers\n|upkeep\n|turn|26\n|\n|t:|1701217323\n|move|p2a: Gholdengo|Hex|p1a: Slowking\n|-supereffective|p1a: Slowking\n|-crit|p1a: Slowking\n|-damage|p1a: Slowking|8\/100\n|move|p1a: Slowking|Flamethrower|p2a: Gholdengo\n|-supereffective|p2a: Gholdengo\n|-damage|p2a: Gholdengo|0 fnt\n|faint|p2a: Gholdengo\n|\n|upkeep\n|\n|t:|1701217329\n|switch|p2a: Dragonite|Dragonite, M|100\/100\n|turn|27\n|\n|t:|1701217335\n|switch|p1a: Tyranitar|Tyranitar, M|75\/100 brn\n|-damage|p1a: Tyranitar|63\/100 brn|[from] Spikes\n|-weather|Sandstorm|[from] ability: Sand Stream|[of] p1a: Tyranitar\n|move|p2a: Dragonite|Earthquake|p1a: Tyranitar\n|-supereffective|p1a: Tyranitar\n|-damage|p1a: Tyranitar|0 fnt\n|faint|p1a: Tyranitar\n|\n|-weather|Sandstorm|[upkeep]\n|-damage|p2a: Dragonite|94\/100|[from] Sandstorm\n|upkeep\n|-message|Elmasiso forfeited.\n|\n|win|cutman 96\n|raw|Elmasiso's rating: 1348 &rarr; <strong>1333<\/strong><br \/>(-15 for losing)\n|raw|cutman 96's rating: 1446 &rarr; <strong>1461<\/strong><br \/>(+15 for winning)\n|l|\u2606Elmasiso\n","uploadtime":1701217372,"views":0,"p1id":"elmasiso","p2id":"cutman96","formatid":"gen9ou","rating":1333,"private":0,"password":""}