{"id":"gen9ou-1993680666","p1":"Blaxophone","p2":"Welcometoearth420","format":"[Gen 9] OU","log":"|j|\u2606Blaxophone\n|j|\u2606Welcometoearth420\n|t:|1700344878\n|gametype|singles\n|player|p1|Blaxophone|worker|1430\n|player|p2|Welcometoearth420|102|1378\n|teamsize|p1|6\n|teamsize|p2|6\n|gen|9\n|tier|[Gen 9] OU\n|rated|\n|rule|Sleep Clause Mod: Limit one foe put to sleep\n|rule|Species Clause: Limit one of each Pok\u00e9mon\n|rule|OHKO Clause: OHKO moves are banned\n|rule|Evasion Items Clause: Evasion items are banned\n|rule|Evasion Moves Clause: Evasion moves are banned\n|rule|Endless Battle Clause: Forcing endless battles is banned\n|rule|HP Percentage Mod: HP is shown in percentages\n|clearpoke\n|poke|p1|Dragapult, M|\n|poke|p1|Magnezone|\n|poke|p1|Hatterene, F|\n|poke|p1|Scizor, M|\n|poke|p1|Rotom-Wash|\n|poke|p1|Cinderace, M|\n|poke|p2|Toxapex, F|\n|poke|p2|Gholdengo|\n|poke|p2|Zamazenta-*|\n|poke|p2|Ting-Lu|\n|poke|p2|Zapdos|\n|poke|p2|Slowking-Galar, M|\n|teampreview\n|\n|t:|1700344896\n|start\n|switch|p1a: Magnezone|Magnezone|100\/100\n|switch|p2a: Ting-Lu|Ting-Lu|100\/100\n|-ability|p2a: Ting-Lu|Vessel of Ruin\n|turn|1\n|\n|t:|1700344906\n|switch|p1a: Rotom|Rotom-Wash|100\/100\n|move|p2a: Ting-Lu|Earthquake|p1a: Rotom\n|-immune|p1a: Rotom|[from] ability: Levitate\n|\n|upkeep\n|turn|2\n|inactive|Battle timer is ON: inactive players will automatically lose when time's up. (requested by Blaxophone)\n|\n|t:|1700344987\n|switch|p1a: Hatterene|Hatterene, F|100\/100\n|switch|p2a: Slowking|Slowking-Galar, M|100\/100\n|\n|upkeep\n|turn|3\n|\n|t:|1700344994\n|switch|p1a: Scizor|Scizor, M|100\/100\n|move|p2a: Slowking|Sludge Bomb|p1a: Scizor\n|-immune|p1a: Scizor\n|\n|upkeep\n|turn|4\n|\n|t:|1700345002\n|switch|p2a: Zapdos|Zapdos|100\/100\n|move|p1a: Scizor|Knock Off|p2a: Zapdos\n|-damage|p2a: Zapdos|72\/100\n|-enditem|p2a: Zapdos|Heavy-Duty Boots|[from] move: Knock Off|[of] p1a: Scizor\n|\n|upkeep\n|turn|5\n|\n|t:|1700345012\n|move|p2a: Zapdos|Hurricane|p1a: Scizor\n|-damage|p1a: Scizor|61\/100\n|move|p1a: Scizor|U-turn|p2a: Zapdos\n|-resisted|p2a: Zapdos\n|-damage|p2a: Zapdos|58\/100\n|\n|t:|1700345021\n|switch|p1a: Dragapult|Dragapult, M|100\/100|[from] U-turn\n|\n|upkeep\n|turn|6\n|\n|t:|1700345026\n|switch|p2a: Slowking|Slowking-Galar, M|100\/100\n|move|p1a: Dragapult|Dragon Darts|p2a: Slowking\n|-damage|p2a: Slowking|61\/100\n|-anim|p1a: Dragapult|Dragon Darts|p2a: Slowking\n|-damage|p2a: Slowking|25\/100\n|\n|upkeep\n|turn|7\n|\n|t:|1700345038\n|switch|p2a: Toxapex|Toxapex, F|100\/100\n|move|p1a: Dragapult|Dragon Darts|p2a: Toxapex\n|-damage|p2a: Toxapex|78\/100\n|-anim|p1a: Dragapult|Dragon Darts|p2a: Toxapex\n|-damage|p2a: Toxapex|56\/100\n|\n|upkeep\n|turn|8\n|\n|t:|1700345048\n|switch|p1a: Hatterene|Hatterene, F|100\/100\n|move|p2a: Toxapex|Chilling Water|p1a: Hatterene\n|-damage|p1a: Hatterene|89\/100\n|-unboost|p1a: Hatterene|atk|1\n|\n|-heal|p1a: Hatterene|95\/100|[from] item: Leftovers\n|upkeep\n|turn|9\n|\n|t:|1700345060\n|switch|p2a: Gholdengo|Gholdengo|100\/100\n|move|p1a: Hatterene|Trick Room|p1a: Hatterene\n|-fieldstart|move: Trick Room|[of] p1a: Hatterene\n|\n|-heal|p1a: Hatterene|100\/100|[from] item: Leftovers\n|upkeep\n|turn|10\n|\n|t:|1700345068\n|switch|p1a: Scizor|Scizor, M|61\/100\n|move|p2a: Gholdengo|Make It Rain|p1a: Scizor\n|-resisted|p1a: Scizor\n|-damage|p1a: Scizor|37\/100\n|-unboost|p2a: Gholdengo|spa|1\n|\n|upkeep\n|turn|11\n|\n|t:|1700345079\n|switch|p2a: Toxapex|Toxapex, F|90\/100\n|move|p1a: Scizor|U-turn|p2a: Toxapex\n|-resisted|p2a: Toxapex\n|-damage|p2a: Toxapex|78\/100\n|\n|t:|1700345089\n|switch|p1a: Magnezone|Magnezone|100\/100|[from] U-turn\n|\n|upkeep\n|turn|12\n|\n|t:|1700345098\n|switch|p2a: Ting-Lu|Ting-Lu|100\/100\n|-ability|p2a: Ting-Lu|Vessel of Ruin\n|move|p1a: Magnezone|Volt Switch|p2a: Ting-Lu\n|-immune|p2a: Ting-Lu\n|\n|upkeep\n|turn|13\n|\n|t:|1700345108\n|switch|p1a: Rotom|Rotom-Wash|100\/100\n|move|p2a: Ting-Lu|Ruination|p1a: Rotom|[miss]\n|-miss|p2a: Ting-Lu|p1a: Rotom\n|\n|-fieldend|move: Trick Room\n|upkeep\n|turn|14\n|\n|t:|1700345117\n|move|p1a: Rotom|Will-O-Wisp|p2a: Ting-Lu\n|-status|p2a: Ting-Lu|brn\n|move|p2a: Ting-Lu|Stealth Rock|p1a: Rotom\n|-sidestart|p1: Blaxophone|move: Stealth Rock\n|\n|-damage|p2a: Ting-Lu|94\/100 brn|[from] brn\n|upkeep\n|turn|15\n|\n|t:|1700345131\n|switch|p1a: Scizor|Scizor, M|37\/100\n|-damage|p1a: Scizor|25\/100|[from] Stealth Rock\n|move|p2a: Ting-Lu|Whirlwind|p1a: Scizor\n|drag|p1a: Hatterene|Hatterene, F|100\/100\n|-damage|p1a: Hatterene|88\/100|[from] Stealth Rock\n|\n|-heal|p2a: Ting-Lu|100\/100 brn|[from] item: Leftovers\n|-heal|p1a: Hatterene|94\/100|[from] item: Leftovers\n|-damage|p2a: Ting-Lu|94\/100 brn|[from] brn\n|upkeep\n|turn|16\n|\n|t:|1700345145\n|switch|p2a: Slowking|Slowking-Galar, M|25\/100\n|switch|p1a: Cinderace|Cinderace, M|100\/100\n|\n|upkeep\n|turn|17\n|\n|t:|1700345153\n|switch|p2a: Toxapex|Toxapex, F|100\/100\n|move|p1a: Cinderace|Court Change|p1a: Cinderace\n|-start|p1a: Cinderace|typechange|Normal|[from] ability: Libero\n|-swapsideconditions\n|-activate|p1a: Cinderace|move: Court Change\n|\n|upkeep\n|turn|18\n|\n|t:|1700345165\n|switch|p1a: Hatterene|Hatterene, F|94\/100\n|move|p2a: Toxapex|Infestation|p1a: Hatterene\n|-damage|p1a: Hatterene|91\/100\n|-activate|p1a: Hatterene|move: Infestation|[of] p2a: Toxapex\n|\n|-heal|p1a: Hatterene|97\/100|[from] item: Leftovers\n|-damage|p1a: Hatterene|84\/100|[from] move: Infestation|[partiallytrapped]\n|upkeep\n|turn|19\n|\n|t:|1700345175\n|switch|p2a: Gholdengo|Gholdengo|100\/100\n|-damage|p2a: Gholdengo|94\/100|[from] Stealth Rock\n|move|p1a: Hatterene|Trick Room|p1a: Hatterene\n|-fieldstart|move: Trick Room|[of] p1a: Hatterene\n|\n|-heal|p1a: Hatterene|90\/100|[from] item: Leftovers\n|-end|p1a: Hatterene|Infestation|[partiallytrapped]|[silent]\n|upkeep\n|turn|20\n|\n|t:|1700345185\n|switch|p1a: Magnezone|Magnezone|100\/100\n|move|p2a: Gholdengo|Shadow Ball|p1a: Magnezone\n|-damage|p1a: Magnezone|55\/100\n|\n|upkeep\n|turn|21\n|\n|t:|1700345196\n|switch|p2a: Ting-Lu|Ting-Lu|94\/100 brn\n|-damage|p2a: Ting-Lu|88\/100 brn|[from] Stealth Rock\n|-ability|p2a: Ting-Lu|Vessel of Ruin\n|move|p1a: Magnezone|Thunderbolt|p2a: Ting-Lu\n|-immune|p2a: Ting-Lu\n|\n|-heal|p2a: Ting-Lu|94\/100 brn|[from] item: Leftovers\n|-damage|p2a: Ting-Lu|88\/100 brn|[from] brn\n|upkeep\n|turn|22\n|-message|Blaxophone forfeited.\n|\n|win|Welcometoearth420\n|raw|Blaxophone's rating: 1430 &rarr; <strong>1407<\/strong><br \/>(-23 for losing)\n|raw|Welcometoearth420's rating: 1378 &rarr; <strong>1401<\/strong><br \/>(+23 for winning)\n|l|\u2606Blaxophone\n","uploadtime":1700345205,"views":8,"p1id":"blaxophone","p2id":"welcometoearth420","formatid":"gen9ou","rating":1401,"private":0,"password":""}