{"id":"gen9ou-1997172092","p1":"Pokemh","p2":"KURO_4_","format":"[Gen 9] OU","log":"|j|\u203dPokemh\n|j|\u2606KURO_4_\n|t:|1700771899\n|gametype|singles\n|player|p1|Pokemh|1|1628\n|player|p2|KURO_4_|170|1635\n|teamsize|p1|6\n|teamsize|p2|6\n|gen|9\n|tier|[Gen 9] OU\n|rated|\n|rule|Sleep Clause Mod: Limit one foe put to sleep\n|rule|Species Clause: Limit one of each Pok\u00e9mon\n|rule|OHKO Clause: OHKO moves are banned\n|rule|Evasion Items Clause: Evasion items are banned\n|rule|Evasion Moves Clause: Evasion moves are banned\n|rule|Endless Battle Clause: Forcing endless battles is banned\n|rule|HP Percentage Mod: HP is shown in percentages\n|clearpoke\n|poke|p1|Goodra-Hisui, F|\n|poke|p1|Blissey, F|\n|poke|p1|Dondozo, M|\n|poke|p1|Cyclizar, M|\n|poke|p1|Alomomola, F|\n|poke|p1|Clodsire, M|\n|poke|p2|Garganacl, M|\n|poke|p2|Clodsire, F|\n|poke|p2|Corviknight, F|\n|poke|p2|Samurott-Hisui, F|\n|poke|p2|Iron Valiant|\n|poke|p2|Thundurus-Therian, M|\n|teampreview\n|\n|t:|1700771906\n|start\n|switch|p1a: Blissey|Blissey, F|100\/100\n|switch|p2a: Garg Wade|Garganacl, M|100\/100\n|turn|1\n|inactive|Battle timer is ON: inactive players will automatically lose when time's up. (requested by KURO_4_)\n|\n|t:|1700771911\n|move|p1a: Blissey|Stealth Rock|p2a: Garg Wade\n|-sidestart|p2: KURO_4_|move: Stealth Rock\n|move|p2a: Garg Wade|Salt Cure|p1a: Blissey\n|-damage|p1a: Blissey|85\/100\n|-start|p1a: Blissey|Salt Cure\n|\n|-damage|p1a: Blissey|72\/100|[from] Salt Cure\n|upkeep\n|turn|2\n|\n|t:|1700771921\n|switch|p1a: Alomomola|Alomomola, F|100\/100\n|move|p2a: Garg Wade|Curse|p2a: Garg Wade\n|-unboost|p2a: Garg Wade|spe|1\n|-boost|p2a: Garg Wade|atk|1\n|-boost|p2a: Garg Wade|def|1\n|\n|upkeep\n|turn|3\n|\n|t:|1700771928\n|move|p1a: Alomomola|Wish|p1a: Alomomola\n|move|p2a: Garg Wade|Salt Cure|p1a: Alomomola\n|-crit|p1a: Alomomola\n|-damage|p1a: Alomomola|84\/100\n|-start|p1a: Alomomola|Salt Cure\n|\n|-damage|p1a: Alomomola|59\/100|[from] Salt Cure\n|upkeep\n|turn|4\n|\n|t:|1700771936\n|switch|p1a: Dondozo|Dondozo, M|100\/100\n|move|p2a: Garg Wade|Curse|p2a: Garg Wade\n|-unboost|p2a: Garg Wade|spe|1\n|-boost|p2a: Garg Wade|atk|1\n|-boost|p2a: Garg Wade|def|1\n|\n|upkeep\n|turn|5\n|\n|t:|1700771944\n|-terastallize|p1a: Dondozo|Fighting\n|move|p1a: Dondozo|Waterfall|p2a: Garg Wade\n|-supereffective|p2a: Garg Wade\n|-crit|p2a: Garg Wade\n|-damage|p2a: Garg Wade|54\/100\n|move|p2a: Garg Wade|Salt Cure|p1a: Dondozo\n|-resisted|p1a: Dondozo\n|-damage|p1a: Dondozo|97\/100\n|-start|p1a: Dondozo|Salt Cure\n|\n|-heal|p2a: Garg Wade|61\/100|[from] item: Leftovers\n|-damage|p1a: Dondozo|85\/100|[from] Salt Cure\n|upkeep\n|turn|6\n|\n|t:|1700771956\n|switch|p1a: Alomomola|Alomomola, F|93\/100\n|-terastallize|p2a: Garg Wade|Water\n|move|p2a: Garg Wade|Curse|p2a: Garg Wade\n|-unboost|p2a: Garg Wade|spe|1\n|-boost|p2a: Garg Wade|atk|1\n|-boost|p2a: Garg Wade|def|1\n|\n|-heal|p2a: Garg Wade|67\/100|[from] item: Leftovers\n|upkeep\n|turn|7\n|\n|t:|1700771965\n|move|p1a: Alomomola|Protect|p1a: Alomomola\n|-singleturn|p1a: Alomomola|Protect\n|move|p2a: Garg Wade|Salt Cure|p1a: Alomomola\n|-activate|p1a: Alomomola|move: Protect\n|\n|-heal|p2a: Garg Wade|73\/100|[from] item: Leftovers\n|upkeep\n|turn|8\n|\n|t:|1700771975\n|switch|p1a: Dondozo|Dondozo, M, tera:Fighting|85\/100\n|move|p2a: Garg Wade|Curse|p2a: Garg Wade\n|-unboost|p2a: Garg Wade|spe|1\n|-boost|p2a: Garg Wade|atk|1\n|-boost|p2a: Garg Wade|def|1\n|\n|-heal|p2a: Garg Wade|79\/100|[from] item: Leftovers\n|upkeep\n|turn|9\n|\n|t:|1700771982\n|move|p1a: Dondozo|Curse|p1a: Dondozo\n|-unboost|p1a: Dondozo|spe|1\n|-boost|p1a: Dondozo|atk|1\n|-boost|p1a: Dondozo|def|1\n|move|p2a: Garg Wade|Salt Cure|p1a: Dondozo\n|-resisted|p1a: Dondozo\n|-damage|p1a: Dondozo|83\/100\n|-start|p1a: Dondozo|Salt Cure\n|\n|-heal|p2a: Garg Wade|85\/100|[from] item: Leftovers\n|-damage|p1a: Dondozo|70\/100|[from] Salt Cure\n|upkeep\n|turn|10\n|\n|t:|1700771992\n|move|p1a: Dondozo|Waterfall|p2a: Garg Wade\n|-resisted|p2a: Garg Wade\n|-damage|p2a: Garg Wade|73\/100\n|move|p2a: Garg Wade|Curse|p2a: Garg Wade\n|-unboost|p2a: Garg Wade|spe|1\n|-boost|p2a: Garg Wade|atk|1\n|-boost|p2a: Garg Wade|def|1\n|\n|-heal|p2a: Garg Wade|79\/100|[from] item: Leftovers\n|-damage|p1a: Dondozo|58\/100|[from] Salt Cure\n|upkeep\n|turn|11\n|\n|t:|1700772001\n|move|p1a: Dondozo|Curse|p1a: Dondozo\n|-unboost|p1a: Dondozo|spe|1\n|-boost|p1a: Dondozo|atk|1\n|-boost|p1a: Dondozo|def|1\n|move|p2a: Garg Wade|Curse|p2a: Garg Wade\n|-unboost|p2a: Garg Wade|spe|1\n|-boost|p2a: Garg Wade|atk|1\n|-boost|p2a: Garg Wade|def|1\n|\n|-heal|p2a: Garg Wade|86\/100|[from] item: Leftovers\n|-damage|p1a: Dondozo|45\/100|[from] Salt Cure\n|upkeep\n|turn|12\n|\n|t:|1700772011\n|move|p1a: Dondozo|Rest|p1a: Dondozo\n|-status|p1a: Dondozo|slp|[from] move: Rest\n|-heal|p1a: Dondozo|100\/100 slp|[silent]\n|move|p2a: Garg Wade|Earthquake|p1a: Dondozo\n|-damage|p1a: Dondozo|95\/100 slp\n|\n|-heal|p2a: Garg Wade|92\/100|[from] item: Leftovers\n|-damage|p1a: Dondozo|83\/100 slp|[from] Salt Cure\n|upkeep\n|turn|13\n|\n|t:|1700772022\n|cant|p1a: Dondozo|slp\n|move|p1a: Dondozo|Sleep Talk|p1a: Dondozo\n|move|p1a: Dondozo|Waterfall|p2a: Garg Wade|[from]move: Sleep Talk\n|-resisted|p2a: Garg Wade\n|-damage|p2a: Garg Wade|77\/100\n|cant|p2a: Garg Wade|flinch\n|\n|-heal|p2a: Garg Wade|84\/100|[from] item: Leftovers\n|-damage|p1a: Dondozo|70\/100 slp|[from] Salt Cure\n|upkeep\n|turn|14\n|inactive|Pokemh has 120 seconds left.\n|\n|t:|1700772060\n|cant|p1a: Dondozo|slp\n|move|p1a: Dondozo|Sleep Talk|p1a: Dondozo\n|move|p1a: Dondozo|Rest||[from]move: Sleep Talk|[still]\n|-fail|p1a: Dondozo\n|move|p2a: Garg Wade|Earthquake|p1a: Dondozo\n|-damage|p1a: Dondozo|65\/100 slp\n|\n|-heal|p2a: Garg Wade|90\/100|[from] item: Leftovers\n|-damage|p1a: Dondozo|52\/100 slp|[from] Salt Cure\n|upkeep\n|turn|15\n|j| pernislongo\n|\n|t:|1700772071\n|-curestatus|p1a: Dondozo|slp|[msg]\n|move|p1a: Dondozo|Curse|p1a: Dondozo\n|-unboost|p1a: Dondozo|spe|1\n|-boost|p1a: Dondozo|atk|1\n|-boost|p1a: Dondozo|def|1\n|move|p2a: Garg Wade|Earthquake|p1a: Dondozo\n|-damage|p1a: Dondozo|48\/100\n|\n|-heal|p2a: Garg Wade|96\/100|[from] item: Leftovers\n|-damage|p1a: Dondozo|36\/100|[from] Salt Cure\n|upkeep\n|turn|16\n|inactive|Pokemh has 120 seconds left.\n|\n|t:|1700772103\n|move|p1a: Dondozo|Rest|p1a: Dondozo\n|-status|p1a: Dondozo|slp|[from] move: Rest\n|-heal|p1a: Dondozo|100\/100 slp|[silent]\n|move|p2a: Garg Wade|Earthquake|p1a: Dondozo\n|-damage|p1a: Dondozo|96\/100 slp\n|\n|-heal|p2a: Garg Wade|100\/100|[from] item: Leftovers\n|-damage|p1a: Dondozo|84\/100 slp|[from] Salt Cure\n|upkeep\n|turn|17\n|\n|t:|1700772116\n|cant|p1a: Dondozo|slp\n|move|p1a: Dondozo|Sleep Talk|p1a: Dondozo\n|move|p1a: Dondozo|Waterfall|p2a: Garg Wade|[from]move: Sleep Talk\n|-resisted|p2a: Garg Wade\n|-damage|p2a: Garg Wade|82\/100\n|move|p2a: Garg Wade|Salt Cure|p1a: Dondozo\n|-resisted|p1a: Dondozo\n|-damage|p1a: Dondozo|82\/100 slp\n|\n|-heal|p2a: Garg Wade|88\/100|[from] item: Leftovers\n|-damage|p1a: Dondozo|70\/100 slp|[from] Salt Cure\n|upkeep\n|turn|18\n|inactive|Pokemh has 120 seconds left.\n|\n|t:|1700772146\n|cant|p1a: Dondozo|slp\n|move|p2a: Garg Wade|Salt Cure|p1a: Dondozo\n|-resisted|p1a: Dondozo\n|-damage|p1a: Dondozo|69\/100 slp\n|\n|-heal|p2a: Garg Wade|94\/100|[from] item: Leftovers\n|-damage|p1a: Dondozo|56\/100 slp|[from] Salt Cure\n|upkeep\n|turn|19\n|\n|t:|1700772154\n|-curestatus|p1a: Dondozo|slp|[msg]\n|move|p1a: Dondozo|Waterfall|p2a: Garg Wade\n|-resisted|p2a: Garg Wade\n|-damage|p2a: Garg Wade|76\/100\n|move|p2a: Garg Wade|Salt Cure|p1a: Dondozo\n|-resisted|p1a: Dondozo\n|-damage|p1a: Dondozo|55\/100\n|\n|-heal|p2a: Garg Wade|83\/100|[from] item: Leftovers\n|-damage|p1a: Dondozo|43\/100|[from] Salt Cure\n|upkeep\n|turn|20\n|\n|t:|1700772164\n|move|p1a: Dondozo|Waterfall|p2a: Garg Wade\n|-resisted|p2a: Garg Wade\n|-damage|p2a: Garg Wade|64\/100\n|move|p2a: Garg Wade|Earthquake|p1a: Dondozo\n|-damage|p1a: Dondozo|38\/100\n|\n|-heal|p2a: Garg Wade|70\/100|[from] item: Leftovers\n|-damage|p1a: Dondozo|26\/100|[from] Salt Cure\n|upkeep\n|turn|21\n|\n|t:|1700772172\n|move|p1a: Dondozo|Rest|p1a: Dondozo\n|-status|p1a: Dondozo|slp|[from] move: Rest\n|-heal|p1a: Dondozo|100\/100 slp|[silent]\n|move|p2a: Garg Wade|Earthquake|p1a: Dondozo\n|-damage|p1a: Dondozo|96\/100 slp\n|\n|-heal|p2a: Garg Wade|76\/100|[from] item: Leftovers\n|-damage|p1a: Dondozo|84\/100 slp|[from] Salt Cure\n|upkeep\n|turn|22\n|\n|t:|1700772183\n|switch|p1a: Alomomola|Alomomola, F|100\/100\n|move|p2a: Garg Wade|Salt Cure|p1a: Alomomola\n|-damage|p1a: Alomomola|71\/100\n|-start|p1a: Alomomola|Salt Cure\n|\n|-heal|p2a: Garg Wade|82\/100|[from] item: Leftovers\n|-damage|p1a: Alomomola|46\/100|[from] Salt Cure\n|upkeep\n|turn|23\n|\n|t:|1700772190\n|switch|p1a: Dondozo|Dondozo, M, tera:Fighting|84\/100 slp\n|move|p2a: Garg Wade|Salt Cure|p1a: Dondozo\n|-resisted|p1a: Dondozo\n|-damage|p1a: Dondozo|81\/100 slp\n|-start|p1a: Dondozo|Salt Cure\n|\n|-heal|p2a: Garg Wade|89\/100|[from] item: Leftovers\n|-damage|p1a: Dondozo|68\/100 slp|[from] Salt Cure\n|upkeep\n|turn|24\n|\n|t:|1700772199\n|cant|p1a: Dondozo|slp\n|move|p1a: Dondozo|Sleep Talk|p1a: Dondozo\n|move|p1a: Dondozo|Curse|p1a: Dondozo|[from]move: Sleep Talk\n|-unboost|p1a: Dondozo|spe|1\n|-boost|p1a: Dondozo|atk|1\n|-boost|p1a: Dondozo|def|1\n|move|p2a: Garg Wade|Salt Cure|p1a: Dondozo\n|-resisted|p1a: Dondozo\n|-crit|p1a: Dondozo\n|-damage|p1a: Dondozo|63\/100 slp\n|\n|-heal|p2a: Garg Wade|95\/100|[from] item: Leftovers\n|-damage|p1a: Dondozo|51\/100 slp|[from] Salt Cure\n|upkeep\n|turn|25\n|\n|t:|1700772210\n|cant|p1a: Dondozo|slp\n|move|p2a: Garg Wade|Earthquake|p1a: Dondozo\n|-damage|p1a: Dondozo|45\/100 slp\n|\n|-heal|p2a: Garg Wade|100\/100|[from] item: Leftovers\n|-damage|p1a: Dondozo|32\/100 slp|[from] Salt Cure\n|upkeep\n|turn|26\n|\n|t:|1700772218\n|-curestatus|p1a: Dondozo|slp|[msg]\n|move|p1a: Dondozo|Rest|p1a: Dondozo\n|-status|p1a: Dondozo|slp|[from] move: Rest\n|-heal|p1a: Dondozo|100\/100 slp|[silent]\n|move|p2a: Garg Wade|Earthquake|p1a: Dondozo\n|-damage|p1a: Dondozo|94\/100 slp\n|\n|-damage|p1a: Dondozo|81\/100 slp|[from] Salt Cure\n|upkeep\n|turn|27\n|\n|t:|1700772230\n|switch|p1a: Alomomola|Alomomola, F|79\/100\n|move|p2a: Garg Wade|Salt Cure|p1a: Alomomola\n|-damage|p1a: Alomomola|51\/100\n|-start|p1a: Alomomola|Salt Cure\n|\n|-damage|p1a: Alomomola|26\/100|[from] Salt Cure\n|upkeep\n|turn|28\n|\n|t:|1700772237\n|switch|p1a: Dondozo|Dondozo, M, tera:Fighting|81\/100 slp\n|move|p2a: Garg Wade|Salt Cure|p1a: Dondozo\n|-resisted|p1a: Dondozo\n|-damage|p1a: Dondozo|78\/100 slp\n|-start|p1a: Dondozo|Salt Cure\n|\n|-damage|p1a: Dondozo|66\/100 slp|[from] Salt Cure\n|upkeep\n|turn|29\n|\n|t:|1700772244\n|cant|p1a: Dondozo|slp\n|move|p1a: Dondozo|Sleep Talk|p1a: Dondozo\n|move|p1a: Dondozo|Waterfall|p2a: Garg Wade|[from]move: Sleep Talk\n|-resisted|p2a: Garg Wade\n|-damage|p2a: Garg Wade|93\/100\n|move|p2a: Garg Wade|Curse|p2a: Garg Wade\n|\n|-heal|p2a: Garg Wade|99\/100|[from] item: Leftovers\n|-damage|p1a: Dondozo|53\/100 slp|[from] Salt Cure\n|upkeep\n|turn|30\n|\n|t:|1700772254\n|cant|p1a: Dondozo|slp\n|move|p2a: Garg Wade|Earthquake|p1a: Dondozo\n|-damage|p1a: Dondozo|44\/100 slp\n|\n|-heal|p2a: Garg Wade|100\/100|[from] item: Leftovers\n|-damage|p1a: Dondozo|31\/100 slp|[from] Salt Cure\n|upkeep\n|turn|31\n|\n|t:|1700772262\n|-curestatus|p1a: Dondozo|slp|[msg]\n|move|p1a: Dondozo|Rest|p1a: Dondozo\n|-status|p1a: Dondozo|slp|[from] move: Rest\n|-heal|p1a: Dondozo|100\/100 slp|[silent]\n|move|p2a: Garg Wade|Earthquake|p1a: Dondozo\n|-damage|p1a: Dondozo|90\/100 slp\n|\n|-damage|p1a: Dondozo|77\/100 slp|[from] Salt Cure\n|upkeep\n|turn|32\n|\n|t:|1700772271\n|cant|p1a: Dondozo|slp\n|move|p1a: Dondozo|Sleep Talk|p1a: Dondozo\n|move|p1a: Dondozo|Rest||[from]move: Sleep Talk|[still]\n|-fail|p1a: Dondozo\n|move|p2a: Garg Wade|Salt Cure|p1a: Dondozo\n|-resisted|p1a: Dondozo\n|-damage|p1a: Dondozo|74\/100 slp\n|\n|-damage|p1a: Dondozo|62\/100 slp|[from] Salt Cure\n|upkeep\n|turn|33\n|\n|t:|1700772281\n|cant|p1a: Dondozo|slp\n|move|p1a: Dondozo|Sleep Talk|p1a: Dondozo\n|move|p1a: Dondozo|Rest||[from]move: Sleep Talk|[still]\n|-fail|p1a: Dondozo\n|move|p2a: Garg Wade|Curse|p2a: Garg Wade\n|\n|-damage|p1a: Dondozo|49\/100 slp|[from] Salt Cure\n|upkeep\n|turn|34\n|\n|t:|1700772288\n|-curestatus|p1a: Dondozo|slp|[msg]\n|move|p1a: Dondozo|Curse|p1a: Dondozo\n|-unboost|p1a: Dondozo|spe|1\n|-boost|p1a: Dondozo|atk|1\n|-boost|p1a: Dondozo|def|1\n|move|p2a: Garg Wade|Curse|p2a: Garg Wade\n|\n|-damage|p1a: Dondozo|37\/100|[from] Salt Cure\n|upkeep\n|turn|35\n|\n|t:|1700772298\n|move|p1a: Dondozo|Curse|p1a: Dondozo\n|-unboost|p1a: Dondozo|spe|1\n|-boost|p1a: Dondozo|atk|1\n|-boost|p1a: Dondozo|def|1\n|move|p2a: Garg Wade|Curse|p2a: Garg Wade\n|\n|-damage|p1a: Dondozo|24\/100|[from] Salt Cure\n|upkeep\n|turn|36\n|inactive|Pokemh has 120 seconds left.\n|\n|t:|1700772330\n|move|p1a: Dondozo|Rest|p1a: Dondozo\n|-status|p1a: Dondozo|slp|[from] move: Rest\n|-heal|p1a: Dondozo|100\/100 slp|[silent]\n|move|p2a: Garg Wade|Salt Cure|p1a: Dondozo\n|-resisted|p1a: Dondozo\n|-damage|p1a: Dondozo|99\/100 slp\n|\n|-damage|p1a: Dondozo|86\/100 slp|[from] Salt Cure\n|upkeep\n|turn|37\n|\n|t:|1700772338\n|cant|p1a: Dondozo|slp\n|move|p2a: Garg Wade|Earthquake|p1a: Dondozo\n|-damage|p1a: Dondozo|81\/100 slp\n|\n|-damage|p1a: Dondozo|69\/100 slp|[from] Salt Cure\n|upkeep\n|turn|38\n|inactive|Pokemh has 120 seconds left.\n|\n|t:|1700772359\n|cant|p1a: Dondozo|slp\n|move|p1a: Dondozo|Sleep Talk|p1a: Dondozo\n|move|p1a: Dondozo|Waterfall|p2a: Garg Wade|[from]move: Sleep Talk\n|-resisted|p2a: Garg Wade\n|-damage|p2a: Garg Wade|87\/100\n|cant|p2a: Garg Wade|flinch\n|\n|-heal|p2a: Garg Wade|93\/100|[from] item: Leftovers\n|-damage|p1a: Dondozo|56\/100 slp|[from] Salt Cure\n|upkeep\n|turn|39\n|\n|t:|1700772369\n|-curestatus|p1a: Dondozo|slp|[msg]\n|move|p1a: Dondozo|Waterfall|p2a: Garg Wade\n|-resisted|p2a: Garg Wade\n|-damage|p2a: Garg Wade|78\/100\n|move|p2a: Garg Wade|Curse|p2a: Garg Wade\n|\n|-heal|p2a: Garg Wade|84\/100|[from] item: Leftovers\n|-damage|p1a: Dondozo|44\/100|[from] Salt Cure\n|upkeep\n|turn|40\n|\n|t:|1700772378\n|move|p1a: Dondozo|Waterfall|p2a: Garg Wade\n|-resisted|p2a: Garg Wade\n|-damage|p2a: Garg Wade|71\/100\n|move|p2a: Garg Wade|Curse|p2a: Garg Wade\n|\n|-heal|p2a: Garg Wade|77\/100|[from] item: Leftovers\n|-damage|p1a: Dondozo|31\/100|[from] Salt Cure\n|upkeep\n|turn|41\n|\n|t:|1700772384\n|move|p1a: Dondozo|Waterfall|p2a: Garg Wade\n|-resisted|p2a: Garg Wade\n|-damage|p2a: Garg Wade|61\/100\n|move|p2a: Garg Wade|Recover|p2a: Garg Wade\n|-heal|p2a: Garg Wade|100\/100\n|\n|-damage|p1a: Dondozo|19\/100|[from] Salt Cure\n|upkeep\n|turn|42\n|\n|t:|1700772392\n|move|p1a: Dondozo|Rest|p1a: Dondozo\n|-status|p1a: Dondozo|slp|[from] move: Rest\n|-heal|p1a: Dondozo|100\/100 slp|[silent]\n|move|p2a: Garg Wade|Earthquake|p1a: Dondozo\n|-damage|p1a: Dondozo|95\/100 slp\n|\n|-damage|p1a: Dondozo|83\/100 slp|[from] Salt Cure\n|upkeep\n|turn|43\n|\n|t:|1700772400\n|cant|p1a: Dondozo|slp\n|move|p1a: Dondozo|Sleep Talk|p1a: Dondozo\n|move|p1a: Dondozo|Waterfall|p2a: Garg Wade|[from]move: Sleep Talk\n|-resisted|p2a: Garg Wade\n|-damage|p2a: Garg Wade|85\/100\n|move|p2a: Garg Wade|Curse|p2a: Garg Wade\n|\n|-heal|p2a: Garg Wade|91\/100|[from] item: Leftovers\n|-damage|p1a: Dondozo|70\/100 slp|[from] Salt Cure\n|upkeep\n|turn|44\n|\n|t:|1700772409\n|switch|p1a: Alomomola|Alomomola, F|60\/100\n|move|p2a: Garg Wade|Curse|p2a: Garg Wade\n|\n|-heal|p2a: Garg Wade|97\/100|[from] item: Leftovers\n|upkeep\n|turn|45\n|\n|t:|1700772414\n|move|p1a: Alomomola|Protect|p1a: Alomomola\n|-singleturn|p1a: Alomomola|Protect\n|move|p2a: Garg Wade|Salt Cure|p1a: Alomomola\n|-activate|p1a: Alomomola|move: Protect\n|\n|-heal|p2a: Garg Wade|100\/100|[from] item: Leftovers\n|upkeep\n|turn|46\n|\n|t:|1700772422\n|switch|p1a: Clodsire|Clodsire, M|100\/100\n|move|p2a: Garg Wade|Earthquake|p1a: Clodsire\n|-supereffective|p1a: Clodsire\n|-damage|p1a: Clodsire|57\/100\n|\n|upkeep\n|turn|47\n|\n|t:|1700772429\n|move|p1a: Clodsire|Recover|p1a: Clodsire\n|-heal|p1a: Clodsire|100\/100\n|move|p2a: Garg Wade|Salt Cure|p1a: Clodsire\n|-resisted|p1a: Clodsire\n|-damage|p1a: Clodsire|93\/100\n|-start|p1a: Clodsire|Salt Cure\n|\n|-damage|p1a: Clodsire|81\/100|[from] Salt Cure\n|upkeep\n|turn|48\n|\n|t:|1700772436\n|switch|p1a: Alomomola|Alomomola, F|93\/100\n|move|p2a: Garg Wade|Earthquake|p1a: Alomomola\n|-damage|p1a: Alomomola|45\/100\n|\n|upkeep\n|turn|49\n|\n|t:|1700772441\n|move|p1a: Alomomola|Protect|p1a: Alomomola\n|-singleturn|p1a: Alomomola|Protect\n|move|p2a: Garg Wade|Curse|p2a: Garg Wade\n|\n|upkeep\n|turn|50\n|\n|t:|1700772471\n|switch|p1a: Clodsire|Clodsire, M|81\/100\n|move|p2a: Garg Wade|Salt Cure|p1a: Clodsire\n|-resisted|p1a: Clodsire\n|-damage|p1a: Clodsire|74\/100\n|-start|p1a: Clodsire|Salt Cure\n|\n|-damage|p1a: Clodsire|62\/100|[from] Salt Cure\n|upkeep\n|turn|51\n|\n|t:|1700772479\n|move|p1a: Clodsire|Recover|p1a: Clodsire\n|-heal|p1a: Clodsire|100\/100\n|move|p2a: Garg Wade|Earthquake|p1a: Clodsire\n|-supereffective|p1a: Clodsire\n|-damage|p1a: Clodsire|57\/100\n|\n|-damage|p1a: Clodsire|45\/100|[from] Salt Cure\n|upkeep\n|turn|52\n|\n|t:|1700772487\n|move|p1a: Clodsire|Recover|p1a: Clodsire\n|-heal|p1a: Clodsire|95\/100\n|move|p2a: Garg Wade|Curse|p2a: Garg Wade\n|\n|-damage|p1a: Clodsire|83\/100|[from] Salt Cure\n|upkeep\n|turn|53\n|inactive|Pokemh has 120 seconds left.\n|\n|t:|1700772519\n|move|p1a: Clodsire|Recover|p1a: Clodsire\n|-heal|p1a: Clodsire|100\/100\n|move|p2a: Garg Wade|Salt Cure|p1a: Clodsire\n|-resisted|p1a: Clodsire\n|-damage|p1a: Clodsire|93\/100\n|\n|-damage|p1a: Clodsire|81\/100|[from] Salt Cure\n|upkeep\n|turn|54\n|\n|t:|1700772532\n|switch|p1a: Dondozo|Dondozo, M, tera:Fighting|70\/100 slp\n|move|p2a: Garg Wade|Recover||[still]\n|-fail|p2a: Garg Wade|heal\n|\n|upkeep\n|turn|55\n|\n|t:|1700772537\n|switch|p1a: Clodsire|Clodsire, M|81\/100\n|move|p2a: Garg Wade|Salt Cure|p1a: Clodsire\n|-resisted|p1a: Clodsire\n|-damage|p1a: Clodsire|74\/100\n|-start|p1a: Clodsire|Salt Cure\n|\n|-damage|p1a: Clodsire|61\/100|[from] Salt Cure\n|upkeep\n|turn|56\n|\n|t:|1700772544\n|move|p1a: Clodsire|Recover|p1a: Clodsire\n|-heal|p1a: Clodsire|100\/100\n|move|p2a: Garg Wade|Recover||[still]\n|-fail|p2a: Garg Wade|heal\n|\n|-damage|p1a: Clodsire|88\/100|[from] Salt Cure\n|upkeep\n|turn|57\n|\n|t:|1700772551\n|switch|p1a: Dondozo|Dondozo, M, tera:Fighting|70\/100 slp\n|move|p2a: Garg Wade|Salt Cure|p1a: Dondozo\n|-resisted|p1a: Dondozo\n|-damage|p1a: Dondozo|67\/100 slp\n|-start|p1a: Dondozo|Salt Cure\n|\n|-damage|p1a: Dondozo|55\/100 slp|[from] Salt Cure\n|upkeep\n|turn|58\n|\n|t:|1700772559\n|switch|p1a: Clodsire|Clodsire, M|88\/100\n|move|p2a: Garg Wade|Recover||[still]\n|-fail|p2a: Garg Wade|heal\n|\n|upkeep\n|turn|59\n|\n|t:|1700772575\n|move|p1a: Clodsire|Spikes|p2a: Garg Wade\n|-sidestart|p2: KURO_4_|Spikes\n|move|p2a: Garg Wade|Salt Cure|p1a: Clodsire\n|-resisted|p1a: Clodsire\n|-damage|p1a: Clodsire|81\/100\n|-start|p1a: Clodsire|Salt Cure\n|\n|-damage|p1a: Clodsire|69\/100|[from] Salt Cure\n|upkeep\n|turn|60\n|\n|t:|1700772582\n|switch|p1a: Dondozo|Dondozo, M, tera:Fighting|55\/100 slp\n|move|p2a: Garg Wade|Recover||[still]\n|-fail|p2a: Garg Wade|heal\n|\n|upkeep\n|turn|61\n|\n|t:|1700772589\n|switch|p1a: Clodsire|Clodsire, M|69\/100\n|move|p2a: Garg Wade|Salt Cure|p1a: Clodsire\n|-resisted|p1a: Clodsire\n|-damage|p1a: Clodsire|61\/100\n|-start|p1a: Clodsire|Salt Cure\n|\n|-damage|p1a: Clodsire|49\/100|[from] Salt Cure\n|upkeep\n|turn|62\n|\n|t:|1700772596\n|move|p1a: Clodsire|Recover|p1a: Clodsire\n|-heal|p1a: Clodsire|99\/100\n|move|p2a: Garg Wade|Recover||[still]\n|-fail|p2a: Garg Wade|heal\n|\n|-damage|p1a: Clodsire|87\/100|[from] Salt Cure\n|upkeep\n|turn|63\n|\n|t:|1700772603\n|switch|p1a: Dondozo|Dondozo, M, tera:Fighting|55\/100 slp\n|move|p2a: Garg Wade|Recover||[still]\n|-fail|p2a: Garg Wade|heal\n|\n|upkeep\n|turn|64\n|\n|t:|1700772608\n|switch|p1a: Clodsire|Clodsire, M|87\/100\n|move|p2a: Garg Wade|Salt Cure|p1a: Clodsire\n|-resisted|p1a: Clodsire\n|-damage|p1a: Clodsire|80\/100\n|-start|p1a: Clodsire|Salt Cure\n|\n|-damage|p1a: Clodsire|68\/100|[from] Salt Cure\n|upkeep\n|turn|65\n|\n|t:|1700772617\n|switch|p1a: Dondozo|Dondozo, M, tera:Fighting|55\/100 slp\n|move|p2a: Garg Wade|Recover||[still]\n|-fail|p2a: Garg Wade|heal\n|\n|upkeep\n|turn|66\n|\n|t:|1700772623\n|cant|p1a: Dondozo|slp\n|move|p2a: Garg Wade|Earthquake|p1a: Dondozo\n|-damage|p1a: Dondozo|44\/100 slp\n|\n|upkeep\n|turn|67\n|\n|t:|1700772628\n|-curestatus|p1a: Dondozo|slp|[msg]\n|move|p1a: Dondozo|Curse|p1a: Dondozo\n|-unboost|p1a: Dondozo|spe|1\n|-boost|p1a: Dondozo|atk|1\n|-boost|p1a: Dondozo|def|1\n|-activate|p2a: Garg Wade|move: Struggle\n|move|p2a: Garg Wade|Struggle|p1a: Dondozo\n|-damage|p1a: Dondozo|40\/100\n|-damage|p2a: Garg Wade|75\/100|[from] recoil\n|\n|-heal|p2a: Garg Wade|82\/100|[from] item: Leftovers\n|upkeep\n|turn|68\n|\n|t:|1700772642\n|move|p1a: Dondozo|Rest|p1a: Dondozo\n|-status|p1a: Dondozo|slp|[from] move: Rest\n|-heal|p1a: Dondozo|100\/100 slp|[silent]\n|-activate|p2a: Garg Wade|move: Struggle\n|move|p2a: Garg Wade|Struggle|p1a: Dondozo\n|-damage|p1a: Dondozo|97\/100 slp\n|-damage|p2a: Garg Wade|57\/100|[from] recoil\n|\n|-heal|p2a: Garg Wade|63\/100|[from] item: Leftovers\n|upkeep\n|turn|69\n|\n|t:|1700772651\n|switch|p1a: Goodra|Goodra-Hisui, F|100\/100\n|switch|p2a: LeCorv James|Corviknight, F|100\/100\n|-damage|p2a: LeCorv James|88\/100|[from] Stealth Rock\n|-ability|p2a: LeCorv James|Pressure\n|\n|upkeep\n|turn|70\n|\n|t:|1700772659\n|move|p2a: LeCorv James|Defog|p1a: Goodra\n|-unboost|p1a: Goodra|evasion|1\n|-sideend|p2: KURO_4_|Spikes|[from] move: Defog|[of] p2a: LeCorv James\n|-sideend|p2: KURO_4_|Stealth Rock|[from] move: Defog|[of] p2a: LeCorv James\n|move|p1a: Goodra|Knock Off|p2a: LeCorv James\n|-damage|p2a: LeCorv James|76\/100\n|-damage|p1a: Goodra|84\/100|[from] item: Rocky Helmet|[of] p2a: LeCorv James\n|-enditem|p2a: LeCorv James|Rocky Helmet|[from] move: Knock Off|[of] p1a: Goodra\n|\n|upkeep\n|turn|71\n|\n|t:|1700772669\n|move|p2a: LeCorv James|U-turn|p1a: Goodra\n|-resisted|p1a: Goodra\n|-damage|p1a: Goodra|80\/100\n|\n|t:|1700772672\n|switch|p2a: Clodola Jokic|Clodsire, F|100\/100|[from] U-turn\n|move|p1a: Goodra|Acid Armor|p1a: Goodra\n|-boost|p1a: Goodra|def|2\n|\n|upkeep\n|turn|72\n|\n|t:|1700772688\n|move|p1a: Goodra|Knock Off|p2a: Clodola Jokic\n|-damage|p2a: Clodola Jokic|77\/100\n|-enditem|p2a: Clodola Jokic|Leftovers|[from] move: Knock Off|[of] p1a: Goodra\n|move|p2a: Clodola Jokic|Stealth Rock|p1a: Goodra\n|-sidestart|p1: Pokemh|move: Stealth Rock\n|\n|upkeep\n|turn|73\n|\n|t:|1700772698\n|move|p1a: Goodra|Acid Armor|p1a: Goodra\n|-boost|p1a: Goodra|def|2\n|move|p2a: Clodola Jokic|Earthquake|p1a: Goodra\n|-supereffective|p1a: Goodra\n|-damage|p1a: Goodra|68\/100\n|\n|upkeep\n|turn|74\n|\n|t:|1700772703\n|move|p1a: Goodra|Body Press|p2a: Clodola Jokic\n|-resisted|p2a: Clodola Jokic\n|-damage|p2a: Clodola Jokic|34\/100\n|move|p2a: Clodola Jokic|Earthquake|p1a: Goodra\n|-supereffective|p1a: Goodra\n|-damage|p1a: Goodra|54\/100\n|\n|upkeep\n|turn|75\n|\n|t:|1700772710\n|switch|p2a: Garg Wade|Garganacl, M, tera:Water|63\/100\n|move|p1a: Goodra|Body Press|p2a: Garg Wade\n|-damage|p2a: Garg Wade|21\/100\n|\n|-heal|p2a: Garg Wade|27\/100|[from] item: Leftovers\n|upkeep\n|turn|76\n|\n|t:|1700772717\n|move|p1a: Goodra|Body Press|p2a: Garg Wade\n|-damage|p2a: Garg Wade|0 fnt\n|faint|p2a: Garg Wade\n|\n|upkeep\n|\n|t:|1700772726\n|switch|p2a: Samthony Davis|Samurott-Hisui, F|100\/100\n|turn|77\n|\n|t:|1700772729\n|move|p2a: Samthony Davis|Knock Off|p1a: Goodra\n|-damage|p1a: Goodra|43\/100\n|-enditem|p1a: Goodra|Heavy-Duty Boots|[from] move: Knock Off|[of] p2a: Samthony Davis\n|move|p1a: Goodra|Body Press|p2a: Samthony Davis\n|-supereffective|p2a: Samthony Davis\n|-enditem|p2a: Samthony Davis|Focus Sash\n|-damage|p2a: Samthony Davis|1\/100\n|\n|upkeep\n|turn|78\n|\n|t:|1700772737\n|move|p2a: Samthony Davis|Sacred Sword|p1a: Goodra\n|-supereffective|p1a: Goodra\n|-damage|p1a: Goodra|0 fnt\n|faint|p1a: Goodra\n|\n|upkeep\n|\n|t:|1700772740\n|switch|p1a: Cyclizar|Cyclizar, M|100\/100\n|turn|79\n|\n|t:|1700772744\n|switch|p2a: LeCorv James|Corviknight, F|76\/100\n|-ability|p2a: LeCorv James|Pressure\n|move|p1a: Cyclizar|Rapid Spin|p2a: LeCorv James\n|-resisted|p2a: LeCorv James\n|-damage|p2a: LeCorv James|72\/100\n|-boost|p1a: Cyclizar|spe|1\n|-sideend|p1: Pokemh|Stealth Rock|[from] move: Rapid Spin|[of] p1a: Cyclizar\n|\n|upkeep\n|turn|80\n|\n|t:|1700772753\n|switch|p1a: Alomomola|Alomomola, F|78\/100\n|move|p2a: LeCorv James|U-turn|p1a: Alomomola\n|-damage|p1a: Alomomola|71\/100\n|\n|t:|1700772758\n|switch|p2a: Clodola Jokic|Clodsire, F|34\/100|[from] U-turn\n|\n|upkeep\n|turn|81\n|\n|t:|1700772770\n|switch|p1a: Cyclizar|Cyclizar, M|100\/100\n|move|p2a: Clodola Jokic|Recover|p2a: Clodola Jokic\n|-heal|p2a: Clodola Jokic|84\/100\n|\n|upkeep\n|turn|82\n|\n|t:|1700772777\n|move|p2a: Clodola Jokic|Toxic|p1a: Cyclizar\n|-status|p1a: Cyclizar|tox\n|move|p1a: Cyclizar|Dragon Tail|p2a: Clodola Jokic|[miss]\n|-miss|p1a: Cyclizar|p2a: Clodola Jokic\n|\n|-damage|p1a: Cyclizar|94\/100 tox|[from] psn\n|upkeep\n|turn|83\n|\n|t:|1700772784\n|move|p2a: Clodola Jokic|Stealth Rock|p1a: Cyclizar\n|-sidestart|p1: Pokemh|move: Stealth Rock\n|move|p1a: Cyclizar|Dragon Tail|p2a: Clodola Jokic\n|-damage|p2a: Clodola Jokic|62\/100\n|drag|p2a: Steph Culiant|Iron Valiant|100\/100\n|-enditem|p2a: Steph Culiant|Booster Energy\n|-activate|p2a: Steph Culiant|ability: Quark Drive|[fromitem]\n|-start|p2a: Steph Culiant|quarkdrivespe\n|\n|-damage|p1a: Cyclizar|82\/100 tox|[from] psn\n|upkeep\n|turn|84\n|\n|t:|1700772796\n|switch|p1a: Clodsire|Clodsire, M|68\/100\n|move|p2a: Steph Culiant|Close Combat|p1a: Clodsire\n|-resisted|p1a: Clodsire\n|-damage|p1a: Clodsire|37\/100\n|-unboost|p2a: Steph Culiant|def|1\n|-unboost|p2a: Steph Culiant|spd|1\n|\n|upkeep\n|turn|85\n|\n|t:|1700772803\n|move|p2a: Steph Culiant|Ice Punch|p1a: Clodsire\n|-supereffective|p1a: Clodsire\n|-damage|p1a: Clodsire|0 fnt\n|faint|p1a: Clodsire\n|\n|upkeep\n|\n|t:|1700772807\n|switch|p1a: Alomomola|Alomomola, F|100\/100\n|turn|86\n|\n|t:|1700772811\n|-end|p2a: Steph Culiant|Quark Drive|[silent]\n|switch|p2a: Clodola Jokic|Clodsire, F|62\/100\n|move|p1a: Alomomola|Whirlpool|p2a: Clodola Jokic\n|-heal|p2a: Clodola Jokic|87\/100|[from] ability: Water Absorb|[of] p1a: Alomomola\n|\n|upkeep\n|turn|87\n|\n|t:|1700772821\n|switch|p1a: Blissey|Blissey, F|72\/100\n|move|p2a: Clodola Jokic|Earthquake|p1a: Blissey\n|-damage|p1a: Blissey|45\/100\n|\n|upkeep\n|turn|88\n|\n|t:|1700772827\n|move|p1a: Blissey|Soft-Boiled|p1a: Blissey\n|-heal|p1a: Blissey|95\/100\n|move|p2a: Clodola Jokic|Toxic|p1a: Blissey\n|-status|p1a: Blissey|tox\n|\n|-damage|p1a: Blissey|89\/100 tox|[from] psn\n|upkeep\n|turn|89\n|\n|t:|1700772833\n|-curestatus|p1a: Blissey|tox|[from] ability: Natural Cure\n|switch|p1a: Alomomola|Alomomola, F|100\/100\n|move|p2a: Clodola Jokic|Earthquake|p1a: Alomomola\n|-damage|p1a: Alomomola|86\/100\n|\n|upkeep\n|turn|90\n|\n|t:|1700772839\n|move|p1a: Alomomola|Protect|p1a: Alomomola\n|-singleturn|p1a: Alomomola|Protect\n|move|p2a: Clodola Jokic|Toxic|p1a: Alomomola\n|-activate|p1a: Alomomola|move: Protect\n|\n|upkeep\n|turn|91\n|\n|t:|1700772844\n|switch|p1a: Cyclizar|Cyclizar, M|100\/100 tox\n|move|p2a: Clodola Jokic|Earthquake|p1a: Cyclizar\n|-damage|p1a: Cyclizar|65\/100 tox\n|\n|-damage|p1a: Cyclizar|59\/100 tox|[from] psn\n|upkeep\n|turn|92\n|\n|t:|1700772851\n|move|p1a: Cyclizar|U-turn|p2a: Clodola Jokic\n|-resisted|p2a: Clodola Jokic\n|-damage|p2a: Clodola Jokic|78\/100\n|\n|t:|1700772854\n|switch|p1a: Dondozo|Dondozo, M, tera:Fighting|97\/100 slp|[from] U-turn\n|move|p2a: Clodola Jokic|Earthquake|p1a: Dondozo\n|-damage|p1a: Dondozo|85\/100 slp\n|\n|upkeep\n|turn|93\n|\n|t:|1700772861\n|switch|p1a: Cyclizar|Cyclizar, M|92\/100 tox\n|switch|p2a: LeCorv James|Corviknight, F|72\/100\n|-ability|p2a: LeCorv James|Pressure\n|\n|-damage|p1a: Cyclizar|86\/100 tox|[from] psn\n|upkeep\n|turn|94\n|\n|t:|1700772868\n|switch|p1a: Alomomola|Alomomola, F|100\/100\n|move|p2a: LeCorv James|Roost|p2a: LeCorv James\n|-heal|p2a: LeCorv James|100\/100\n|-singleturn|p2a: LeCorv James|move: Roost\n|\n|upkeep\n|turn|95\n|\n|t:|1700772875\n|move|p2a: LeCorv James|U-turn|p1a: Alomomola\n|-damage|p1a: Alomomola|93\/100\n|\n|t:|1700772878\n|switch|p2a: Clodola Jokic|Clodsire, F|78\/100|[from] U-turn\n|move|p1a: Alomomola|Wish|p1a: Alomomola\n|\n|upkeep\n|turn|96\n|\n|t:|1700772887\n|switch|p1a: Dondozo|Dondozo, M, tera:Fighting|85\/100 slp\n|move|p2a: Clodola Jokic|Toxic||[still]\n|-fail|p2a: Clodola Jokic\n|\n|-heal|p1a: Dondozo|100\/100 slp|[from] move: Wish|[wisher] Alomomola\n|upkeep\n|turn|97\n|\n|t:|1700772895\n|switch|p1a: Cyclizar|Cyclizar, M|100\/100 tox\n|switch|p2a: Samthony Davis|Samurott-Hisui, F|1\/100\n|\n|-damage|p1a: Cyclizar|94\/100 tox|[from] psn\n|upkeep\n|turn|98\n|\n|t:|1700772901\n|switch|p2a: LeCorv James|Corviknight, F|100\/100\n|-ability|p2a: LeCorv James|Pressure\n|move|p1a: Cyclizar|U-turn|p2a: LeCorv James\n|-resisted|p2a: LeCorv James\n|-damage|p2a: LeCorv James|98\/100\n|\n|t:|1700772904\n|switch|p1a: Alomomola|Alomomola, F|100\/100|[from] U-turn\n|\n|upkeep\n|turn|99\n|\n|t:|1700772917\n|move|p2a: LeCorv James|U-turn|p1a: Alomomola\n|-damage|p1a: Alomomola|92\/100\n|\n|t:|1700772920\n|switch|p2a: Durian Thillard|Thundurus-Therian, M|100\/100|[from] U-turn\n|move|p1a: Alomomola|Whirlpool|p2a: Durian Thillard\n|-damage|p2a: Durian Thillard|91\/100\n|-activate|p2a: Durian Thillard|move: Whirlpool|[of] p1a: Alomomola\n|\n|-damage|p2a: Durian Thillard|79\/100|[from] move: Whirlpool|[partiallytrapped]\n|upkeep\n|turn|100\n|\n|t:|1700772928\n|move|p1a: Alomomola|Protect|p1a: Alomomola\n|-singleturn|p1a: Alomomola|Protect\n|move|p2a: Durian Thillard|Volt Switch|p1a: Alomomola\n|-activate|p1a: Alomomola|move: Protect\n|\n|-damage|p2a: Durian Thillard|67\/100|[from] move: Whirlpool|[partiallytrapped]\n|upkeep\n|turn|101\n|\n|t:|1700772935\n|switch|p1a: Cyclizar|Cyclizar, M|100\/100 tox\n|move|p2a: Durian Thillard|Volt Switch|p1a: Cyclizar\n|-resisted|p1a: Cyclizar\n|-damage|p1a: Cyclizar|71\/100 tox\n|\n|t:|1700772940\n|switch|p2a: Clodola Jokic|Clodsire, F|78\/100|[from] Volt Switch\n|\n|-damage|p1a: Cyclizar|64\/100 tox|[from] psn\n|upkeep\n|turn|102\n|\n|t:|1700772945\n|move|p1a: Cyclizar|U-turn|p2a: Clodola Jokic\n|-resisted|p2a: Clodola Jokic\n|-damage|p2a: Clodola Jokic|70\/100\n|\n|t:|1700772948\n|switch|p1a: Dondozo|Dondozo, M, tera:Fighting|100\/100 slp|[from] U-turn\n|move|p2a: Clodola Jokic|Toxic||[still]\n|-fail|p2a: Clodola Jokic\n|\n|upkeep\n|turn|103\n|\n|t:|1700772954\n|switch|p1a: Cyclizar|Cyclizar, M|98\/100 tox\n|switch|p2a: LeCorv James|Corviknight, F|98\/100\n|-ability|p2a: LeCorv James|Pressure\n|\n|-damage|p1a: Cyclizar|91\/100 tox|[from] psn\n|upkeep\n|turn|104\n|\n|t:|1700772962\n|move|p1a: Cyclizar|U-turn|p2a: LeCorv James\n|-resisted|p2a: LeCorv James\n|-damage|p2a: LeCorv James|96\/100\n|\n|t:|1700772965\n|switch|p1a: Alomomola|Alomomola, F|100\/100|[from] U-turn\n|move|p2a: LeCorv James|U-turn|p1a: Alomomola\n|-damage|p1a: Alomomola|93\/100\n|\n|t:|1700772970\n|switch|p2a: Durian Thillard|Thundurus-Therian, M|67\/100|[from] U-turn\n|\n|upkeep\n|turn|105\n|\n|t:|1700772975\n|move|p1a: Alomomola|Protect|p1a: Alomomola\n|-singleturn|p1a: Alomomola|Protect\n|move|p2a: Durian Thillard|Volt Switch|p1a: Alomomola\n|-activate|p1a: Alomomola|move: Protect\n|\n|upkeep\n|turn|106\n|\n|t:|1700772980\n|switch|p1a: Cyclizar|Cyclizar, M|100\/100 tox\n|move|p2a: Durian Thillard|Volt Switch|p1a: Cyclizar\n|-resisted|p1a: Cyclizar\n|-damage|p1a: Cyclizar|70\/100 tox\n|\n|t:|1700772986\n|switch|p2a: LeCorv James|Corviknight, F|96\/100|[from] Volt Switch\n|-ability|p2a: LeCorv James|Pressure\n|\n|-damage|p1a: Cyclizar|64\/100 tox|[from] psn\n|upkeep\n|turn|107\n|\n|t:|1700772992\n|switch|p1a: Alomomola|Alomomola, F|100\/100\n|move|p2a: LeCorv James|Brave Bird|p1a: Alomomola\n|-damage|p1a: Alomomola|82\/100\n|-damage|p2a: LeCorv James|88\/100|[from] Recoil\n|\n|upkeep\n|turn|108\n|\n|t:|1700773001\n|move|p2a: LeCorv James|U-turn|p1a: Alomomola\n|-damage|p1a: Alomomola|74\/100\n|\n|t:|1700773003\n|switch|p2a: Clodola Jokic|Clodsire, F|70\/100|[from] U-turn\n|move|p1a: Alomomola|Scald|p2a: Clodola Jokic\n|-heal|p2a: Clodola Jokic|95\/100|[from] ability: Water Absorb|[of] p1a: Alomomola\n|\n|upkeep\n|turn|109\n|\n|t:|1700773016\n|switch|p1a: Cyclizar|Cyclizar, M|97\/100 tox\n|move|p2a: Clodola Jokic|Stealth Rock||[still]\n|-fail|p2a: Clodola Jokic\n|\n|-damage|p1a: Cyclizar|91\/100 tox|[from] psn\n|upkeep\n|turn|110\n|\n|t:|1700773026\n|switch|p2a: LeCorv James|Corviknight, F|88\/100\n|-ability|p2a: LeCorv James|Pressure\n|move|p1a: Cyclizar|Rapid Spin|p2a: LeCorv James\n|-resisted|p2a: LeCorv James\n|-damage|p2a: LeCorv James|83\/100\n|-boost|p1a: Cyclizar|spe|1\n|-sideend|p1: Pokemh|Stealth Rock|[from] move: Rapid Spin|[of] p1a: Cyclizar\n|\n|-damage|p1a: Cyclizar|79\/100 tox|[from] psn\n|upkeep\n|turn|111\n|\n|t:|1700773036\n|switch|p1a: Alomomola|Alomomola, F|100\/100\n|move|p2a: LeCorv James|U-turn|p1a: Alomomola\n|-damage|p1a: Alomomola|93\/100\n|\n|t:|1700773040\n|switch|p2a: Clodola Jokic|Clodsire, F|95\/100|[from] U-turn\n|\n|upkeep\n|turn|112\n|\n|t:|1700773044\n|switch|p1a: Blissey|Blissey, F|89\/100\n|move|p2a: Clodola Jokic|Stealth Rock|p1a: Blissey\n|-sidestart|p1: Pokemh|move: Stealth Rock\n|\n|upkeep\n|turn|113\n|\n|t:|1700773049\n|move|p1a: Blissey|Stealth Rock|p2a: Clodola Jokic\n|-sidestart|p2: KURO_4_|move: Stealth Rock\n|move|p2a: Clodola Jokic|Toxic|p1a: Blissey\n|-status|p1a: Blissey|tox\n|\n|-damage|p1a: Blissey|83\/100 tox|[from] psn\n|upkeep\n|turn|114\n|\n|t:|1700773055\n|-curestatus|p1a: Blissey|tox|[from] ability: Natural Cure\n|switch|p1a: Dondozo|Dondozo, M, tera:Fighting|100\/100 slp\n|move|p2a: Clodola Jokic|Toxic||[still]\n|-fail|p2a: Clodola Jokic\n|\n|upkeep\n|turn|115\n|\n|t:|1700773062\n|switch|p1a: Cyclizar|Cyclizar, M|100\/100 tox\n|move|p2a: Clodola Jokic|Toxic|p1a: Cyclizar\n|-fail|p1a: Cyclizar|tox\n|\n|-damage|p1a: Cyclizar|94\/100 tox|[from] psn\n|upkeep\n|turn|116\n|\n|t:|1700773068\n|move|p2a: Clodola Jokic|Stealth Rock||[still]\n|-fail|p2a: Clodola Jokic\n|move|p1a: Cyclizar|Dragon Tail|p2a: Clodola Jokic\n|-damage|p2a: Clodola Jokic|72\/100\n|drag|p2a: Steph Culiant|Iron Valiant|100\/100\n|-damage|p2a: Steph Culiant|94\/100|[from] Stealth Rock\n|\n|-damage|p1a: Cyclizar|82\/100 tox|[from] psn\n|upkeep\n|turn|117\n|\n|t:|1700773083\n|switch|p1a: Alomomola|Alomomola, F|100\/100\n|move|p2a: Steph Culiant|Moonblast|p1a: Alomomola\n|-damage|p1a: Alomomola|62\/100\n|\n|upkeep\n|turn|118\n|\n|t:|1700773089\n|-end|p2a: Steph Culiant|Quark Drive|[silent]\n|switch|p2a: LeCorv James|Corviknight, F|83\/100\n|-damage|p2a: LeCorv James|71\/100|[from] Stealth Rock\n|-ability|p2a: LeCorv James|Pressure\n|move|p1a: Alomomola|Scald|p2a: LeCorv James\n|-damage|p2a: LeCorv James|58\/100\n|-status|p2a: LeCorv James|brn\n|\n|-damage|p2a: LeCorv James|52\/100 brn|[from] brn\n|upkeep\n|turn|119\n|\n|t:|1700773100\n|move|p1a: Alomomola|Protect|p1a: Alomomola\n|-singleturn|p1a: Alomomola|Protect\n|move|p2a: LeCorv James|Defog|p1a: Alomomola\n|-activate|p1a: Alomomola|move: Protect\n|\n|-damage|p2a: LeCorv James|46\/100 brn|[from] brn\n|upkeep\n|turn|120\n|\n|t:|1700773107\n|switch|p1a: Blissey|Blissey, F|83\/100\n|move|p2a: LeCorv James|Defog|p1a: Blissey\n|-unboost|p1a: Blissey|evasion|1\n|-sideend|p1: Pokemh|Stealth Rock|[from] move: Defog|[of] p2a: LeCorv James\n|-sideend|p2: KURO_4_|Stealth Rock|[from] move: Defog|[of] p2a: LeCorv James\n|\n|-damage|p2a: LeCorv James|40\/100 brn|[from] brn\n|upkeep\n|turn|121\n|\n|t:|1700773115\n|switch|p2a: Clodola Jokic|Clodsire, F|72\/100\n|move|p1a: Blissey|Stealth Rock|p2a: Clodola Jokic\n|-sidestart|p2: KURO_4_|move: Stealth Rock\n|\n|upkeep\n|turn|122\n|\n|t:|1700773120\n|switch|p1a: Cyclizar|Cyclizar, M|100\/100 tox\n|move|p2a: Clodola Jokic|Toxic|p1a: Cyclizar\n|-fail|p1a: Cyclizar|tox\n|\n|-damage|p1a: Cyclizar|94\/100 tox|[from] psn\n|upkeep\n|turn|123\n|\n|t:|1700773130\n|move|p2a: Clodola Jokic|Earthquake|p1a: Cyclizar\n|-damage|p1a: Cyclizar|53\/100 tox\n|move|p1a: Cyclizar|Dragon Tail|p2a: Clodola Jokic\n|-damage|p2a: Clodola Jokic|48\/100\n|drag|p2a: LeCorv James|Corviknight, F|40\/100 brn\n|-damage|p2a: LeCorv James|27\/100 brn|[from] Stealth Rock\n|-ability|p2a: LeCorv James|Pressure\n|\n|-damage|p1a: Cyclizar|41\/100 tox|[from] psn\n|-damage|p2a: LeCorv James|21\/100 brn|[from] brn\n|upkeep\n|turn|124\n|inactive|KURO_4_ has 120 seconds left.\n|\n|t:|1700773141\n|switch|p1a: Blissey|Blissey, F|83\/100\n|move|p2a: LeCorv James|Roost|p2a: LeCorv James\n|-heal|p2a: LeCorv James|71\/100 brn\n|-singleturn|p2a: LeCorv James|move: Roost\n|\n|-damage|p2a: LeCorv James|65\/100 brn|[from] brn\n|upkeep\n|turn|125\n|inactive|KURO_4_ has 120 seconds left.\n|\n|t:|1700773149\n|move|p2a: LeCorv James|U-turn|p1a: Blissey\n|-damage|p1a: Blissey|75\/100\n|inactive|KURO_4_ has 120 seconds left.\n|\n|t:|1700773160\n|switch|p2a: Samthony Davis|Samurott-Hisui, F|1\/100|[from] U-turn\n|-damage|p2a: Samthony Davis|0 fnt|[from] Stealth Rock\n|faint|p2a: Samthony Davis\n|move|p1a: Blissey|Stealth Rock||[still]\n|-fail|p1a: Blissey\n|\n|upkeep\n|\n|t:|1700773167\n|switch|p2a: Clodola Jokic|Clodsire, F|48\/100\n|-damage|p2a: Clodola Jokic|42\/100|[from] Stealth Rock\n|turn|126\n|\n|t:|1700773171\n|move|p1a: Blissey|Seismic Toss|p2a: Clodola Jokic\n|-damage|p2a: Clodola Jokic|20\/100\n|move|p2a: Clodola Jokic|Recover|p2a: Clodola Jokic\n|-heal|p2a: Clodola Jokic|70\/100\n|\n|upkeep\n|turn|127\n|inactive|KURO_4_ has 120 seconds left.\n|\n|t:|1700773178\n|switch|p1a: Cyclizar|Cyclizar, M|74\/100 tox\n|move|p2a: Clodola Jokic|Earthquake|p1a: Cyclizar\n|-damage|p1a: Cyclizar|33\/100 tox\n|\n|-damage|p1a: Cyclizar|27\/100 tox|[from] psn\n|upkeep\n|turn|128\n|inactive|KURO_4_ has 120 seconds left.\n|\n|t:|1700773185\n|switch|p1a: Dondozo|Dondozo, M, tera:Fighting|100\/100 slp\n|move|p2a: Clodola Jokic|Toxic||[still]\n|-fail|p2a: Clodola Jokic\n|\n|upkeep\n|turn|129\n|inactive|KURO_4_ has 120 seconds left.\n|\n|t:|1700773194\n|switch|p1a: Alomomola|Alomomola, F|96\/100\n|switch|p2a: LeCorv James|Corviknight, F|65\/100 brn\n|-damage|p2a: LeCorv James|53\/100 brn|[from] Stealth Rock\n|-ability|p2a: LeCorv James|Pressure\n|\n|-damage|p2a: LeCorv James|47\/100 brn|[from] brn\n|upkeep\n|turn|130\n|inactive|KURO_4_ has 120 seconds left.\n|\n|t:|1700773203\n|switch|p1a: Blissey|Blissey, F|75\/100\n|move|p2a: LeCorv James|Defog|p1a: Blissey\n|-unboost|p1a: Blissey|evasion|1\n|-sideend|p2: KURO_4_|Stealth Rock|[from] move: Defog|[of] p2a: LeCorv James\n|\n|-damage|p2a: LeCorv James|41\/100 brn|[from] brn\n|upkeep\n|turn|131\n|inactive|KURO_4_ has 120 seconds left.\n|\n|t:|1700773210\n|move|p2a: LeCorv James|Roost|p2a: LeCorv James\n|-heal|p2a: LeCorv James|91\/100 brn\n|-singleturn|p2a: LeCorv James|move: Roost\n|move|p1a: Blissey|Stealth Rock|p2a: LeCorv James\n|-sidestart|p2: KURO_4_|move: Stealth Rock\n|\n|-damage|p2a: LeCorv James|85\/100 brn|[from] brn\n|upkeep\n|turn|132\n|inactive|KURO_4_ has 120 seconds left.\n|\n|t:|1700773217\n|switch|p1a: Cyclizar|Cyclizar, M|60\/100 tox\n|move|p2a: LeCorv James|Defog|p1a: Cyclizar\n|-unboost|p1a: Cyclizar|evasion|1\n|-sideend|p2: KURO_4_|Stealth Rock|[from] move: Defog|[of] p2a: LeCorv James\n|\n|-damage|p1a: Cyclizar|54\/100 tox|[from] psn\n|-damage|p2a: LeCorv James|79\/100 brn|[from] brn\n|upkeep\n|turn|133\n|inactive|KURO_4_ has 120 seconds left.\n|\n|t:|1700773225\n|move|p1a: Cyclizar|U-turn|p2a: LeCorv James\n|-resisted|p2a: LeCorv James\n|-damage|p2a: LeCorv James|77\/100 brn\n|\n|t:|1700773227\n|switch|p1a: Blissey|Blissey, F|75\/100|[from] U-turn\n|move|p2a: LeCorv James|U-turn|p1a: Blissey\n|-damage|p1a: Blissey|68\/100\n|\n|t:|1700773232\n|switch|p2a: Steph Culiant|Iron Valiant|94\/100|[from] U-turn\n|\n|upkeep\n|turn|134\n|\n|t:|1700773238\n|switch|p1a: Alomomola|Alomomola, F|100\/100\n|move|p2a: Steph Culiant|Moonblast|p1a: Alomomola\n|-damage|p1a: Alomomola|59\/100\n|\n|upkeep\n|turn|135\n|\n|t:|1700773244\n|-end|p2a: Steph Culiant|Quark Drive|[silent]\n|switch|p2a: Clodola Jokic|Clodsire, F|70\/100\n|move|p1a: Alomomola|Scald|p2a: Clodola Jokic\n|-heal|p2a: Clodola Jokic|95\/100|[from] ability: Water Absorb|[of] p1a: Alomomola\n|\n|upkeep\n|turn|136\n|\n|t:|1700773254\n|switch|p1a: Cyclizar|Cyclizar, M|87\/100 tox\n|switch|p2a: LeCorv James|Corviknight, F|77\/100 brn\n|-ability|p2a: LeCorv James|Pressure\n|\n|-damage|p1a: Cyclizar|81\/100 tox|[from] psn\n|-damage|p2a: LeCorv James|71\/100 brn|[from] brn\n|upkeep\n|turn|137\n|\n|t:|1700773263\n|move|p1a: Cyclizar|U-turn|p2a: LeCorv James\n|-resisted|p2a: LeCorv James\n|-damage|p2a: LeCorv James|69\/100 brn\n|\n|t:|1700773266\n|switch|p1a: Alomomola|Alomomola, F|93\/100|[from] U-turn\n|move|p2a: LeCorv James|Brave Bird|p1a: Alomomola\n|-damage|p1a: Alomomola|83\/100\n|-damage|p2a: LeCorv James|64\/100 brn|[from] Recoil\n|\n|-damage|p2a: LeCorv James|58\/100 brn|[from] brn\n|upkeep\n|turn|138\n|\n|t:|1700773274\n|move|p2a: LeCorv James|Roost|p2a: LeCorv James\n|-heal|p2a: LeCorv James|100\/100 brn\n|-singleturn|p2a: LeCorv James|move: Roost\n|move|p1a: Alomomola|Wish|p1a: Alomomola\n|\n|-damage|p2a: LeCorv James|94\/100 brn|[from] brn\n|upkeep\n|turn|139\n|\n|t:|1700773284\n|switch|p1a: Blissey|Blissey, F|68\/100\n|move|p2a: LeCorv James|U-turn|p1a: Blissey\n|-damage|p1a: Blissey|62\/100\n|\n|t:|1700773289\n|switch|p2a: Steph Culiant|Iron Valiant|94\/100|[from] U-turn\n|\n|-heal|p1a: Blissey|100\/100|[from] move: Wish|[wisher] Alomomola\n|upkeep\n|turn|140\n|\n|t:|1700773294\n|switch|p1a: Alomomola|Alomomola, F|100\/100\n|move|p2a: Steph Culiant|Swords Dance|p2a: Steph Culiant\n|-boost|p2a: Steph Culiant|atk|2\n|\n|upkeep\n|turn|141\n|\n|t:|1700773299\n|move|p2a: Steph Culiant|Close Combat|p1a: Alomomola\n|-damage|p1a: Alomomola|37\/100\n|-unboost|p2a: Steph Culiant|def|1\n|-unboost|p2a: Steph Culiant|spd|1\n|move|p1a: Alomomola|Scald|p2a: Steph Culiant\n|-damage|p2a: Steph Culiant|58\/100\n|-status|p2a: Steph Culiant|brn\n|\n|-damage|p2a: Steph Culiant|52\/100 brn|[from] brn\n|upkeep\n|turn|142\n|inactive|KURO_4_ has 120 seconds left.\n|\n|t:|1700773309\n|move|p1a: Alomomola|Protect|p1a: Alomomola\n|-singleturn|p1a: Alomomola|Protect\n|move|p2a: Steph Culiant|Moonblast|p1a: Alomomola\n|-activate|p1a: Alomomola|move: Protect\n|\n|-damage|p2a: Steph Culiant|45\/100 brn|[from] brn\n|upkeep\n|turn|143\n|inactive|KURO_4_ has 120 seconds left.\n|\n|t:|1700773317\n|switch|p1a: Dondozo|Dondozo, M, tera:Fighting|100\/100 slp\n|move|p2a: Steph Culiant|Moonblast|p1a: Dondozo\n|-supereffective|p1a: Dondozo\n|-damage|p1a: Dondozo|40\/100 slp\n|\n|-damage|p2a: Steph Culiant|39\/100 brn|[from] brn\n|upkeep\n|turn|144\n|inactive|KURO_4_ has 120 seconds left.\n|\n|t:|1700773324\n|switch|p1a: Alomomola|Alomomola, F|70\/100\n|move|p2a: Steph Culiant|Moonblast|p1a: Alomomola\n|-damage|p1a: Alomomola|28\/100\n|\n|-damage|p2a: Steph Culiant|33\/100 brn|[from] brn\n|upkeep\n|turn|145\n|inactive|KURO_4_ has 120 seconds left.\n|\n|t:|1700773330\n|move|p1a: Alomomola|Protect|p1a: Alomomola\n|-singleturn|p1a: Alomomola|Protect\n|move|p2a: Steph Culiant|Moonblast|p1a: Alomomola\n|-activate|p1a: Alomomola|move: Protect\n|\n|-damage|p2a: Steph Culiant|27\/100 brn|[from] brn\n|upkeep\n|turn|146\n|inactive|KURO_4_ has 120 seconds left.\n|\n|t:|1700773337\n|switch|p1a: Blissey|Blissey, F|100\/100\n|move|p2a: Steph Culiant|Close Combat|p1a: Blissey\n|-supereffective|p1a: Blissey\n|-damage|p1a: Blissey|0 fnt\n|-unboost|p2a: Steph Culiant|def|1\n|-unboost|p2a: Steph Culiant|spd|1\n|faint|p1a: Blissey\n|\n|-damage|p2a: Steph Culiant|21\/100 brn|[from] brn\n|upkeep\n|\n|t:|1700773342\n|switch|p1a: Alomomola|Alomomola, F|62\/100\n|turn|147\n|\n|t:|1700773350\n|-end|p2a: Steph Culiant|Quark Drive|[silent]\n|switch|p2a: LeCorv James|Corviknight, F|94\/100 brn\n|-ability|p2a: LeCorv James|Pressure\n|move|p1a: Alomomola|Scald|p2a: LeCorv James\n|-damage|p2a: LeCorv James|81\/100 brn\n|\n|-damage|p2a: LeCorv James|75\/100 brn|[from] brn\n|upkeep\n|turn|148\n|\n|t:|1700773358\n|switch|p1a: Dondozo|Dondozo, M, tera:Fighting|40\/100 slp\n|move|p2a: LeCorv James|Roost|p2a: LeCorv James\n|-heal|p2a: LeCorv James|100\/100 brn\n|-singleturn|p2a: LeCorv James|move: Roost\n|\n|-damage|p2a: LeCorv James|94\/100 brn|[from] brn\n|upkeep\n|turn|149\n|\n|t:|1700773366\n|switch|p2a: Clodola Jokic|Clodsire, F|95\/100\n|switch|p1a: Alomomola|Alomomola, F|95\/100\n|\n|upkeep\n|turn|150\n|\n|t:|1700773375\n|move|p1a: Alomomola|Wish|p1a: Alomomola\n|move|p2a: Clodola Jokic|Stealth Rock|p1a: Alomomola\n|-sidestart|p1: Pokemh|move: Stealth Rock\n|\n|upkeep\n|turn|151\n|\n|t:|1700773379\n|switch|p1a: Dondozo|Dondozo, M, tera:Fighting|40\/100 slp\n|move|p2a: Clodola Jokic|Earthquake|p1a: Dondozo\n|-damage|p1a: Dondozo|28\/100 slp\n|\n|-heal|p1a: Dondozo|81\/100 slp|[from] move: Wish|[wisher] Alomomola\n|upkeep\n|turn|152\n|\n|t:|1700773386\n|switch|p1a: Cyclizar|Cyclizar, M|100\/100 tox\n|move|p2a: Clodola Jokic|Stealth Rock||[still]\n|-fail|p2a: Clodola Jokic\n|\n|-damage|p1a: Cyclizar|94\/100 tox|[from] psn\n|upkeep\n|turn|153\n|\n|t:|1700773393\n|switch|p2a: LeCorv James|Corviknight, F|94\/100 brn\n|-ability|p2a: LeCorv James|Pressure\n|move|p1a: Cyclizar|U-turn|p2a: LeCorv James\n|-resisted|p2a: LeCorv James\n|-damage|p2a: LeCorv James|92\/100 brn\n|\n|t:|1700773397\n|switch|p1a: Alomomola|Alomomola, F|100\/100|[from] U-turn\n|\n|-damage|p2a: LeCorv James|86\/100 brn|[from] brn\n|upkeep\n|turn|154\n|\n|t:|1700773403\n|move|p2a: LeCorv James|U-turn|p1a: Alomomola\n|-damage|p1a: Alomomola|97\/100\n|\n|t:|1700773405\n|switch|p2a: Clodola Jokic|Clodsire, F|95\/100|[from] U-turn\n|move|p1a: Alomomola|Wish|p1a: Alomomola\n|\n|upkeep\n|turn|155\n|\n|t:|1700773411\n|switch|p1a: Dondozo|Dondozo, M, tera:Fighting|81\/100 slp\n|move|p2a: Clodola Jokic|Stealth Rock||[still]\n|-fail|p2a: Clodola Jokic\n|\n|-heal|p1a: Dondozo|100\/100 slp|[from] move: Wish|[wisher] Alomomola\n|upkeep\n|turn|156\n|\n|t:|1700773419\n|switch|p1a: Cyclizar|Cyclizar, M|100\/100 tox\n|move|p2a: Clodola Jokic|Stealth Rock||[still]\n|-fail|p2a: Clodola Jokic\n|\n|-damage|p1a: Cyclizar|94\/100 tox|[from] psn\n|upkeep\n|turn|157\n|\n|t:|1700773425\n|switch|p2a: LeCorv James|Corviknight, F|86\/100 brn\n|-ability|p2a: LeCorv James|Pressure\n|move|p1a: Cyclizar|U-turn|p2a: LeCorv James\n|-resisted|p2a: LeCorv James\n|-damage|p2a: LeCorv James|84\/100 brn\n|\n|t:|1700773428\n|switch|p1a: Dondozo|Dondozo, M, tera:Fighting|100\/100 slp|[from] U-turn\n|\n|-damage|p2a: LeCorv James|78\/100 brn|[from] brn\n|upkeep\n|turn|158\n|\n|t:|1700773435\n|switch|p2a: Clodola Jokic|Clodsire, F|95\/100\n|cant|p1a: Dondozo|slp\n|move|p1a: Dondozo|Sleep Talk|p1a: Dondozo\n|move|p1a: Dondozo|Rest||[from]move: Sleep Talk|[still]\n|-fail|p1a: Dondozo\n|\n|upkeep\n|turn|159\n|\n|t:|1700773443\n|switch|p1a: Cyclizar|Cyclizar, M|100\/100 tox\n|move|p2a: Clodola Jokic|Toxic|p1a: Cyclizar\n|-fail|p1a: Cyclizar|tox\n|\n|-damage|p1a: Cyclizar|94\/100 tox|[from] psn\n|upkeep\n|turn|160\n|\n|t:|1700773449\n|switch|p2a: LeCorv James|Corviknight, F|78\/100 brn\n|-ability|p2a: LeCorv James|Pressure\n|move|p1a: Cyclizar|U-turn|p2a: LeCorv James\n|-resisted|p2a: LeCorv James\n|-damage|p2a: LeCorv James|76\/100 brn\n|\n|t:|1700773452\n|switch|p1a: Alomomola|Alomomola, F|100\/100|[from] U-turn\n|\n|-damage|p2a: LeCorv James|70\/100 brn|[from] brn\n|upkeep\n|turn|161\n|\n|t:|1700773462\n|move|p2a: LeCorv James|U-turn|p1a: Alomomola\n|-damage|p1a: Alomomola|97\/100\n|\n|t:|1700773464\n|switch|p2a: Clodola Jokic|Clodsire, F|95\/100|[from] U-turn\n|move|p1a: Alomomola|Whirlpool|p2a: Clodola Jokic\n|-heal|p2a: Clodola Jokic|100\/100|[from] ability: Water Absorb|[of] p1a: Alomomola\n|\n|upkeep\n|turn|162\n|\n|t:|1700773470\n|switch|p1a: Dondozo|Dondozo, M, tera:Fighting|100\/100 slp\n|move|p2a: Clodola Jokic|Stealth Rock||[still]\n|-fail|p2a: Clodola Jokic\n|\n|upkeep\n|turn|163\n|\n|t:|1700773475\n|switch|p1a: Cyclizar|Cyclizar, M|100\/100 tox\n|move|p2a: Clodola Jokic|Stealth Rock||[still]\n|-fail|p2a: Clodola Jokic\n|\n|-damage|p1a: Cyclizar|94\/100 tox|[from] psn\n|upkeep\n|turn|164\n|\n|t:|1700773481\n|switch|p2a: LeCorv James|Corviknight, F|70\/100 brn\n|-ability|p2a: LeCorv James|Pressure\n|move|p1a: Cyclizar|Rapid Spin|p2a: LeCorv James\n|-resisted|p2a: LeCorv James\n|-damage|p2a: LeCorv James|65\/100 brn\n|-boost|p1a: Cyclizar|spe|1\n|-sideend|p1: Pokemh|Stealth Rock|[from] move: Rapid Spin|[of] p1a: Cyclizar\n|\n|-damage|p1a: Cyclizar|82\/100 tox|[from] psn\n|-damage|p2a: LeCorv James|59\/100 brn|[from] brn\n|upkeep\n|turn|165\n|\n|t:|1700773492\n|move|p1a: Cyclizar|U-turn|p2a: LeCorv James\n|-resisted|p2a: LeCorv James\n|-damage|p2a: LeCorv James|57\/100 brn\n|\n|t:|1700773494\n|switch|p1a: Dondozo|Dondozo, M, tera:Fighting|100\/100 slp|[from] U-turn\n|move|p2a: LeCorv James|Roost|p2a: LeCorv James\n|-heal|p2a: LeCorv James|100\/100 brn\n|-singleturn|p2a: LeCorv James|move: Roost\n|\n|-damage|p2a: LeCorv James|94\/100 brn|[from] brn\n|upkeep\n|turn|166\n|j| Dave D Davidson\n|\n|t:|1700773502\n|switch|p2a: Clodola Jokic|Clodsire, F|100\/100\n|cant|p1a: Dondozo|slp\n|move|p1a: Dondozo|Sleep Talk|p1a: Dondozo\n|move|p1a: Dondozo|Waterfall|p2a: Clodola Jokic|[from]move: Sleep Talk\n|-immune|p2a: Clodola Jokic|[from] ability: Water Absorb\n|\n|upkeep\n|turn|167\n|\n|t:|1700773510\n|switch|p1a: Cyclizar|Cyclizar, M|100\/100 tox\n|move|p2a: Clodola Jokic|Stealth Rock|p1a: Cyclizar\n|-sidestart|p1: Pokemh|move: Stealth Rock\n|\n|-damage|p1a: Cyclizar|94\/100 tox|[from] psn\n|upkeep\n|turn|168\n|\n|t:|1700773518\n|switch|p2a: LeCorv James|Corviknight, F|94\/100 brn\n|-ability|p2a: LeCorv James|Pressure\n|move|p1a: Cyclizar|Knock Off|p2a: LeCorv James\n|-damage|p2a: LeCorv James|85\/100 brn\n|\n|-damage|p1a: Cyclizar|82\/100 tox|[from] psn\n|-damage|p2a: LeCorv James|79\/100 brn|[from] brn\n|upkeep\n|turn|169\n|\n|t:|1700773527\n|move|p1a: Cyclizar|U-turn|p2a: LeCorv James\n|-resisted|p2a: LeCorv James\n|-damage|p2a: LeCorv James|77\/100 brn\n|\n|t:|1700773530\n|switch|p1a: Alomomola|Alomomola, F|100\/100|[from] U-turn\n|move|p2a: LeCorv James|U-turn|p1a: Alomomola\n|-damage|p1a: Alomomola|97\/100\n|\n|t:|1700773537\n|switch|p2a: Durian Thillard|Thundurus-Therian, M|67\/100|[from] U-turn\n|\n|upkeep\n|turn|170\n|\n|t:|1700773541\n|switch|p1a: Cyclizar|Cyclizar, M|100\/100 tox\n|move|p2a: Durian Thillard|Thunderbolt|p1a: Cyclizar\n|-resisted|p1a: Cyclizar\n|-damage|p1a: Cyclizar|65\/100 tox\n|\n|-damage|p1a: Cyclizar|59\/100 tox|[from] psn\n|upkeep\n|turn|171\n|\n|t:|1700773548\n|switch|p2a: LeCorv James|Corviknight, F|77\/100 brn\n|-ability|p2a: LeCorv James|Pressure\n|move|p1a: Cyclizar|Rapid Spin|p2a: LeCorv James\n|-resisted|p2a: LeCorv James\n|-damage|p2a: LeCorv James|72\/100 brn\n|-boost|p1a: Cyclizar|spe|1\n|-sideend|p1: Pokemh|Stealth Rock|[from] move: Rapid Spin|[of] p1a: Cyclizar\n|\n|-damage|p1a: Cyclizar|46\/100 tox|[from] psn\n|-damage|p2a: LeCorv James|66\/100 brn|[from] brn\n|upkeep\n|turn|172\n|\n|t:|1700773559\n|switch|p1a: Alomomola|Alomomola, F|100\/100\n|move|p2a: LeCorv James|U-turn|p1a: Alomomola\n|-damage|p1a: Alomomola|97\/100\n|\n|t:|1700773564\n|switch|p2a: Durian Thillard|Thundurus-Therian, M|67\/100|[from] U-turn\n|\n|upkeep\n|turn|173\n|\n|t:|1700773568\n|move|p1a: Alomomola|Protect|p1a: Alomomola\n|-singleturn|p1a: Alomomola|Protect\n|move|p2a: Durian Thillard|Thunderbolt|p1a: Alomomola\n|-activate|p1a: Alomomola|move: Protect\n|\n|upkeep\n|turn|174\n|\n|t:|1700773574\n|switch|p1a: Cyclizar|Cyclizar, M|80\/100 tox\n|move|p2a: Durian Thillard|Thunderbolt|p1a: Cyclizar\n|-resisted|p1a: Cyclizar\n|-damage|p1a: Cyclizar|42\/100 tox\n|\n|-damage|p1a: Cyclizar|36\/100 tox|[from] psn\n|upkeep\n|turn|175\n|\n|t:|1700773581\n|switch|p2a: LeCorv James|Corviknight, F|66\/100 brn\n|-ability|p2a: LeCorv James|Pressure\n|move|p1a: Cyclizar|Dragon Tail|p2a: LeCorv James\n|-resisted|p2a: LeCorv James\n|-damage|p2a: LeCorv James|59\/100 brn\n|drag|p2a: Durian Thillard|Thundurus-Therian, M|67\/100\n|\n|-damage|p1a: Cyclizar|23\/100 tox|[from] psn\n|upkeep\n|turn|176\n|\n|t:|1700773590\n|switch|p2a: LeCorv James|Corviknight, F|59\/100 brn\n|-ability|p2a: LeCorv James|Pressure\n|move|p1a: Cyclizar|U-turn|p2a: LeCorv James\n|-resisted|p2a: LeCorv James\n|-damage|p2a: LeCorv James|57\/100 brn\n|\n|t:|1700773593\n|switch|p1a: Alomomola|Alomomola, F|100\/100|[from] U-turn\n|\n|-damage|p2a: LeCorv James|51\/100 brn|[from] brn\n|upkeep\n|turn|177\n|\n|t:|1700773605\n|move|p2a: LeCorv James|Roost|p2a: LeCorv James\n|-heal|p2a: LeCorv James|100\/100 brn\n|-singleturn|p2a: LeCorv James|move: Roost\n|move|p1a: Alomomola|Wish|p1a: Alomomola\n|\n|-damage|p2a: LeCorv James|94\/100 brn|[from] brn\n|upkeep\n|turn|178\n|\n|t:|1700773611\n|switch|p1a: Cyclizar|Cyclizar, M|57\/100 tox\n|move|p2a: LeCorv James|U-turn|p1a: Cyclizar\n|-damage|p1a: Cyclizar|46\/100 tox\n|inactive|KURO_4_ has 120 seconds left.\n|\n|t:|1700773631\n|switch|p2a: Clodola Jokic|Clodsire, F|100\/100|[from] U-turn\n|\n|-heal|p1a: Cyclizar|100\/100 tox|[from] move: Wish|[wisher] Alomomola\n|-damage|p1a: Cyclizar|94\/100 tox|[from] psn\n|upkeep\n|turn|179\n|\n|t:|1700773642\n|move|p1a: Cyclizar|Knock Off|p2a: Clodola Jokic\n|-damage|p2a: Clodola Jokic|85\/100\n|move|p2a: Clodola Jokic|Stealth Rock|p1a: Cyclizar\n|-sidestart|p1: Pokemh|move: Stealth Rock\n|\n|-damage|p1a: Cyclizar|82\/100 tox|[from] psn\n|upkeep\n|turn|180\n|\n|t:|1700773649\n|switch|p2a: LeCorv James|Corviknight, F|94\/100 brn\n|-ability|p2a: LeCorv James|Pressure\n|move|p1a: Cyclizar|U-turn|p2a: LeCorv James\n|-resisted|p2a: LeCorv James\n|-damage|p2a: LeCorv James|92\/100 brn\n|\n|t:|1700773652\n|switch|p1a: Alomomola|Alomomola, F|100\/100|[from] U-turn\n|\n|-damage|p2a: LeCorv James|86\/100 brn|[from] brn\n|upkeep\n|turn|181\n|\n|t:|1700773663\n|switch|p2a: Clodola Jokic|Clodsire, F|85\/100\n|switch|p1a: Dondozo|Dondozo, M, tera:Fighting|100\/100 slp\n|\n|upkeep\n|turn|182\n|\n|t:|1700773669\n|switch|p1a: Cyclizar|Cyclizar, M|100\/100 tox\n|move|p2a: Clodola Jokic|Toxic|p1a: Cyclizar\n|-fail|p1a: Cyclizar|tox\n|\n|-damage|p1a: Cyclizar|94\/100 tox|[from] psn\n|upkeep\n|turn|183\n|\n|t:|1700773676\n|switch|p2a: LeCorv James|Corviknight, F|86\/100 brn\n|-ability|p2a: LeCorv James|Pressure\n|move|p1a: Cyclizar|Rapid Spin|p2a: LeCorv James\n|-resisted|p2a: LeCorv James\n|-damage|p2a: LeCorv James|81\/100 brn\n|-boost|p1a: Cyclizar|spe|1\n|-sideend|p1: Pokemh|Stealth Rock|[from] move: Rapid Spin|[of] p1a: Cyclizar\n|\n|-damage|p1a: Cyclizar|82\/100 tox|[from] psn\n|-damage|p2a: LeCorv James|75\/100 brn|[from] brn\n|upkeep\n|turn|184\n|inactive|KURO_4_ has 90 seconds left.\n|\n|t:|1700773687\n|switch|p1a: Alomomola|Alomomola, F|100\/100\n|move|p2a: LeCorv James|U-turn|p1a: Alomomola\n|-damage|p1a: Alomomola|97\/100\n|\n|t:|1700773692\n|switch|p2a: Durian Thillard|Thundurus-Therian, M|67\/100|[from] U-turn\n|\n|upkeep\n|turn|185\n|\n|t:|1700773695\n|move|p1a: Alomomola|Protect|p1a: Alomomola\n|-singleturn|p1a: Alomomola|Protect\n|move|p2a: Durian Thillard|Tera Blast|p1a: Alomomola\n|-activate|p1a: Alomomola|move: Protect\n|\n|upkeep\n|turn|186\n|inactive|KURO_4_ has 90 seconds left.\n|\n|t:|1700773700\n|switch|p2a: Clodola Jokic|Clodsire, F|85\/100\n|move|p1a: Alomomola|Whirlpool|p2a: Clodola Jokic\n|-heal|p2a: Clodola Jokic|100\/100|[from] ability: Water Absorb|[of] p1a: Alomomola\n|\n|upkeep\n|turn|187\n|inactive|KURO_4_ has 90 seconds left.\n|\n|t:|1700773709\n|switch|p1a: Cyclizar|Cyclizar, M|100\/100 tox\n|move|p2a: Clodola Jokic|Earthquake|p1a: Cyclizar\n|-damage|p1a: Cyclizar|60\/100 tox\n|\n|-damage|p1a: Cyclizar|54\/100 tox|[from] psn\n|upkeep\n|turn|188\n|\n|t:|1700773715\n|switch|p1a: Dondozo|Dondozo, M, tera:Fighting|100\/100 slp\n|move|p2a: Clodola Jokic|Earthquake|p1a: Dondozo\n|-damage|p1a: Dondozo|89\/100 slp\n|\n|upkeep\n|turn|189\n|\n|t:|1700773720\n|switch|p1a: Cyclizar|Cyclizar, M|87\/100 tox\n|move|p2a: Clodola Jokic|Stealth Rock|p1a: Cyclizar\n|-sidestart|p1: Pokemh|move: Stealth Rock\n|\n|-damage|p1a: Cyclizar|81\/100 tox|[from] psn\n|upkeep\n|turn|190\n|\n|t:|1700773729\n|switch|p2a: Durian Thillard|Thundurus-Therian, M|67\/100\n|move|p1a: Cyclizar|U-turn|p2a: Durian Thillard\n|-resisted|p2a: Durian Thillard\n|-damage|p2a: Durian Thillard|55\/100\n|\n|t:|1700773732\n|switch|p1a: Alomomola|Alomomola, F|100\/100|[from] U-turn\n|\n|upkeep\n|turn|191\n|\n|t:|1700773736\n|move|p1a: Alomomola|Protect|p1a: Alomomola\n|-singleturn|p1a: Alomomola|Protect\n|move|p2a: Durian Thillard|Thunderbolt|p1a: Alomomola\n|-activate|p1a: Alomomola|move: Protect\n|\n|upkeep\n|turn|192\n|\n|t:|1700773742\n|switch|p1a: Cyclizar|Cyclizar, M|100\/100 tox\n|move|p2a: Durian Thillard|Thunderbolt|p1a: Cyclizar\n|-resisted|p1a: Cyclizar\n|-damage|p1a: Cyclizar|61\/100 tox\n|\n|-damage|p1a: Cyclizar|55\/100 tox|[from] psn\n|upkeep\n|turn|193\n|\n|t:|1700773749\n|switch|p2a: LeCorv James|Corviknight, F|75\/100 brn\n|-ability|p2a: LeCorv James|Pressure\n|move|p1a: Cyclizar|Rapid Spin|p2a: LeCorv James\n|-resisted|p2a: LeCorv James\n|-damage|p2a: LeCorv James|70\/100 brn\n|-boost|p1a: Cyclizar|spe|1\n|-sideend|p1: Pokemh|Stealth Rock|[from] move: Rapid Spin|[of] p1a: Cyclizar\n|\n|-damage|p1a: Cyclizar|43\/100 tox|[from] psn\n|-damage|p2a: LeCorv James|64\/100 brn|[from] brn\n|upkeep\n|turn|194\n|\n|t:|1700773759\n|switch|p1a: Alomomola|Alomomola, F|100\/100\n|move|p2a: LeCorv James|Brave Bird|p1a: Alomomola\n|-damage|p1a: Alomomola|91\/100\n|-damage|p2a: LeCorv James|59\/100 brn|[from] Recoil\n|\n|-damage|p2a: LeCorv James|53\/100 brn|[from] brn\n|upkeep\n|turn|195\n|\n|t:|1700773767\n|switch|p2a: Clodola Jokic|Clodsire, F|100\/100\n|switch|p1a: Cyclizar|Cyclizar, M|76\/100 tox\n|\n|-damage|p1a: Cyclizar|70\/100 tox|[from] psn\n|upkeep\n|turn|196\n|\n|t:|1700773774\n|move|p1a: Cyclizar|U-turn|p2a: Clodola Jokic\n|-resisted|p2a: Clodola Jokic\n|-damage|p2a: Clodola Jokic|92\/100\n|\n|t:|1700773776\n|switch|p1a: Dondozo|Dondozo, M, tera:Fighting|89\/100 slp|[from] U-turn\n|move|p2a: Clodola Jokic|Stealth Rock|p1a: Dondozo\n|-sidestart|p1: Pokemh|move: Stealth Rock\n|\n|upkeep\n|turn|197\n|\n|t:|1700773783\n|switch|p1a: Cyclizar|Cyclizar, M|100\/100 tox\n|move|p2a: Clodola Jokic|Earthquake|p1a: Cyclizar\n|-damage|p1a: Cyclizar|63\/100 tox\n|\n|-damage|p1a: Cyclizar|57\/100 tox|[from] psn\n|upkeep\n|turn|198\n|\n|t:|1700773790\n|switch|p1a: Dondozo|Dondozo, M, tera:Fighting|89\/100 slp\n|switch|p2a: LeCorv James|Corviknight, F|53\/100 brn\n|-ability|p2a: LeCorv James|Pressure\n|\n|-damage|p2a: LeCorv James|47\/100 brn|[from] brn\n|upkeep\n|turn|199\n|\n|t:|1700773798\n|switch|p1a: Alomomola|Alomomola, F|100\/100\n|move|p2a: LeCorv James|Roost|p2a: LeCorv James\n|-heal|p2a: LeCorv James|97\/100 brn\n|-singleturn|p2a: LeCorv James|move: Roost\n|\n|-damage|p2a: LeCorv James|91\/100 brn|[from] brn\n|upkeep\n|turn|200\n|inactive|KURO_4_ has 60 seconds left.\n|\n|t:|1700773807\n|switch|p2a: Clodola Jokic|Clodsire, F|92\/100\n|switch|p1a: Cyclizar|Cyclizar, M|90\/100 tox\n|\n|-damage|p1a: Cyclizar|84\/100 tox|[from] psn\n|upkeep\n|turn|201\n|inactive|KURO_4_ has 60 seconds left.\n|\n|t:|1700773815\n|move|p1a: Cyclizar|Rapid Spin|p2a: Clodola Jokic\n|-damage|p2a: Clodola Jokic|74\/100\n|-boost|p1a: Cyclizar|spe|1\n|-sideend|p1: Pokemh|Stealth Rock|[from] move: Rapid Spin|[of] p1a: Cyclizar\n|move|p2a: Clodola Jokic|Stealth Rock|p1a: Cyclizar\n|-sidestart|p1: Pokemh|move: Stealth Rock\n|\n|-damage|p1a: Cyclizar|72\/100 tox|[from] psn\n|upkeep\n|turn|202\n|\n|t:|1700773823\n|switch|p1a: Dondozo|Dondozo, M, tera:Fighting|89\/100 slp\n|switch|p2a: LeCorv James|Corviknight, F|91\/100 brn\n|-ability|p2a: LeCorv James|Pressure\n|\n|-damage|p2a: LeCorv James|85\/100 brn|[from] brn\n|upkeep\n|turn|203\n|\n|t:|1700773831\n|switch|p1a: Alomomola|Alomomola, F|100\/100\n|move|p2a: LeCorv James|U-turn|p1a: Alomomola\n|-damage|p1a: Alomomola|97\/100\n|\n|t:|1700773835\n|switch|p2a: Durian Thillard|Thundurus-Therian, M|55\/100|[from] U-turn\n|\n|upkeep\n|turn|204\n|\n|t:|1700773839\n|switch|p1a: Cyclizar|Cyclizar, M|100\/100 tox\n|move|p2a: Durian Thillard|Thunderbolt|p1a: Cyclizar\n|-resisted|p1a: Cyclizar\n|-damage|p1a: Cyclizar|62\/100 tox\n|\n|-damage|p1a: Cyclizar|56\/100 tox|[from] psn\n|upkeep\n|turn|205\n|\n|t:|1700773847\n|switch|p2a: LeCorv James|Corviknight, F|85\/100 brn\n|-ability|p2a: LeCorv James|Pressure\n|switch|p1a: Dondozo|Dondozo, M, tera:Fighting|89\/100 slp\n|\n|-damage|p2a: LeCorv James|79\/100 brn|[from] brn\n|upkeep\n|turn|206\n|\n|t:|1700773857\n|switch|p2a: Clodola Jokic|Clodsire, F|74\/100\n|switch|p1a: Alomomola|Alomomola, F|100\/100\n|\n|upkeep\n|turn|207\n|\n|t:|1700773862\n|switch|p1a: Dondozo|Dondozo, M, tera:Fighting|89\/100 slp\n|move|p2a: Clodola Jokic|Stealth Rock||[still]\n|-fail|p2a: Clodola Jokic\n|\n|upkeep\n|turn|208\n|\n|t:|1700773866\n|switch|p1a: Cyclizar|Cyclizar, M|89\/100 tox\n|move|p2a: Clodola Jokic|Stealth Rock||[still]\n|-fail|p2a: Clodola Jokic\n|\n|-damage|p1a: Cyclizar|83\/100 tox|[from] psn\n|upkeep\n|turn|209\n|\n|t:|1700773872\n|switch|p1a: Dondozo|Dondozo, M, tera:Fighting|89\/100 slp\n|switch|p2a: LeCorv James|Corviknight, F|79\/100 brn\n|-ability|p2a: LeCorv James|Pressure\n|\n|-damage|p2a: LeCorv James|73\/100 brn|[from] brn\n|upkeep\n|turn|210\n|\n|t:|1700773884\n|switch|p1a: Cyclizar|Cyclizar, M|100\/100 tox\n|move|p2a: LeCorv James|U-turn|p1a: Cyclizar\n|-damage|p1a: Cyclizar|90\/100 tox\n|\n|t:|1700773891\n|switch|p2a: Clodola Jokic|Clodsire, F|74\/100|[from] U-turn\n|\n|-damage|p1a: Cyclizar|84\/100 tox|[from] psn\n|upkeep\n|turn|211\n|\n|t:|1700773896\n|switch|p1a: Dondozo|Dondozo, M, tera:Fighting|89\/100 slp\n|switch|p2a: LeCorv James|Corviknight, F|73\/100 brn\n|-ability|p2a: LeCorv James|Pressure\n|\n|-damage|p2a: LeCorv James|67\/100 brn|[from] brn\n|upkeep\n|turn|212\n|\n|t:|1700773905\n|switch|p1a: Cyclizar|Cyclizar, M|100\/100 tox\n|move|p2a: LeCorv James|U-turn|p1a: Cyclizar\n|-damage|p1a: Cyclizar|90\/100 tox\n|\n|t:|1700773911\n|switch|p2a: Clodola Jokic|Clodsire, F|74\/100|[from] U-turn\n|\n|-damage|p1a: Cyclizar|84\/100 tox|[from] psn\n|upkeep\n|turn|213\n|\n|t:|1700773921\n|switch|p1a: Dondozo|Dondozo, M, tera:Fighting|89\/100 slp\n|move|p2a: Clodola Jokic|Stealth Rock||[still]\n|-fail|p2a: Clodola Jokic\n|\n|upkeep\n|turn|214\n|\n|t:|1700773926\n|switch|p1a: Cyclizar|Cyclizar, M|100\/100 tox\n|move|p2a: Clodola Jokic|Stealth Rock||[still]\n|-fail|p2a: Clodola Jokic\n|\n|-damage|p1a: Cyclizar|94\/100 tox|[from] psn\n|upkeep\n|turn|215\n|inactive|KURO_4_ has 30 seconds left.\n|\n|t:|1700773933\n|switch|p1a: Dondozo|Dondozo, M, tera:Fighting|89\/100 slp\n|switch|p2a: Durian Thillard|Thundurus-Therian, M|55\/100\n|\n|upkeep\n|turn|216\n|inactive|KURO_4_ has 30 seconds left.\n|\n|t:|1700773939\n|move|p2a: Durian Thillard|Thunderbolt|p1a: Dondozo\n|-damage|p1a: Dondozo|19\/100 slp\n|-curestatus|p1a: Dondozo|slp|[msg]\n|move|p1a: Dondozo|Waterfall|p2a: Durian Thillard\n|-damage|p2a: Durian Thillard|11\/100\n|\n|upkeep\n|turn|217\n|inactive|KURO_4_ has 30 seconds left this turn.\n|\n|t:|1700773946\n|switch|p1a: Cyclizar|Cyclizar, M|100\/100 tox\n|move|p2a: Durian Thillard|Thunderbolt|p1a: Cyclizar\n|-resisted|p1a: Cyclizar\n|-damage|p1a: Cyclizar|61\/100 tox\n|\n|-damage|p1a: Cyclizar|55\/100 tox|[from] psn\n|upkeep\n|turn|218\n|inactive|KURO_4_ has 30 seconds left this turn.\n|\n|t:|1700773954\n|switch|p2a: LeCorv James|Corviknight, F|67\/100 brn\n|-ability|p2a: LeCorv James|Pressure\n|move|p1a: Cyclizar|U-turn|p2a: LeCorv James\n|-resisted|p2a: LeCorv James\n|-crit|p2a: LeCorv James\n|-damage|p2a: LeCorv James|64\/100 brn\n|inactive|KURO_4_ has 25 seconds left this turn.\n|\n|t:|1700773959\n|switch|p1a: Alomomola|Alomomola, F|100\/100|[from] U-turn\n|\n|-damage|p2a: LeCorv James|58\/100 brn|[from] brn\n|upkeep\n|turn|219\n|inactive|KURO_4_ has 30 seconds left this turn.\n|\n|t:|1700773966\n|switch|p2a: Clodola Jokic|Clodsire, F|74\/100\n|move|p1a: Alomomola|Wish|p1a: Alomomola\n|\n|upkeep\n|turn|220\n|inactive|KURO_4_ has 25 seconds left this turn.\n|\n|t:|1700773980\n|switch|p1a: Dondozo|Dondozo, M, tera:Fighting|19\/100\n|move|p2a: Clodola Jokic|Toxic|p1a: Dondozo\n|-status|p1a: Dondozo|tox\n|\n|-heal|p1a: Dondozo|72\/100 tox|[from] move: Wish|[wisher] Alomomola\n|-damage|p1a: Dondozo|66\/100 tox|[from] psn\n|upkeep\n|turn|221\n|inactive|KURO_4_ has 30 seconds left this turn.\n|\n|t:|1700773988\n|switch|p1a: Cyclizar|Cyclizar, M|88\/100 tox\n|move|p2a: Clodola Jokic|Recover|p2a: Clodola Jokic\n|-heal|p2a: Clodola Jokic|100\/100\n|\n|-damage|p1a: Cyclizar|82\/100 tox|[from] psn\n|upkeep\n|turn|222\n|inactive|KURO_4_ has 25 seconds left this turn.\n|inactive|KURO_4_ has 20 seconds left.\n|inactive|KURO_4_ has 15 seconds left.\n|\n|t:|1700774002\n|switch|p2a: LeCorv James|Corviknight, F|58\/100 brn\n|-ability|p2a: LeCorv James|Pressure\n|move|p1a: Cyclizar|U-turn|p2a: LeCorv James\n|-resisted|p2a: LeCorv James\n|-damage|p2a: LeCorv James|56\/100 brn\n|inactive|KURO_4_ has 20 seconds left this turn.\n|\n|t:|1700774004\n|switch|p1a: Alomomola|Alomomola, F|100\/100|[from] U-turn\n|\n|-damage|p2a: LeCorv James|50\/100 brn|[from] brn\n|upkeep\n|turn|223\n|inactive|KURO_4_ has 20 seconds left this turn.\n|inactive|KURO_4_ has 15 seconds left.\n|\n|t:|1700774013\n|switch|p2a: Clodola Jokic|Clodsire, F|100\/100\n|move|p1a: Alomomola|Wish|p1a: Alomomola\n|\n|upkeep\n|turn|224\n|inactive|KURO_4_ has 20 seconds left this turn.\n|inactive|KURO_4_ has 15 seconds left.\n|\n|t:|1700774021\n|switch|p1a: Dondozo|Dondozo, M, tera:Fighting|66\/100 tox\n|switch|p2a: Durian Thillard|Thundurus-Therian, M|11\/100\n|\n|-heal|p1a: Dondozo|100\/100 tox|[from] move: Wish|[wisher] Alomomola\n|-damage|p1a: Dondozo|94\/100 tox|[from] psn\n|upkeep\n|turn|225\n|inactive|KURO_4_ has 15 seconds left this turn.\n|inactive|KURO_4_ has 10 seconds left.\n|\n|t:|1700774029\n|move|p2a: Durian Thillard|Volt Switch|p1a: Dondozo\n|-damage|p1a: Dondozo|33\/100 tox\n|inactive|KURO_4_ has 15 seconds left this turn.\n|\n|t:|1700774032\n|switch|p2a: Clodola Jokic|Clodsire, F|100\/100|[from] Volt Switch\n|move|p1a: Dondozo|Waterfall|p2a: Clodola Jokic\n|-immune|p2a: Clodola Jokic|[from] ability: Water Absorb\n|\n|-damage|p1a: Dondozo|21\/100 tox|[from] psn\n|upkeep\n|turn|226\n|inactive|KURO_4_ has 15 seconds left this turn.\n|inactive|KURO_4_ has 10 seconds left.\n|\n|t:|1700774040\n|switch|p1a: Cyclizar|Cyclizar, M|100\/100 tox\n|switch|p2a: Durian Thillard|Thundurus-Therian, M|11\/100\n|\n|-damage|p1a: Cyclizar|94\/100 tox|[from] psn\n|upkeep\n|turn|227\n|inactive|KURO_4_ has 15 seconds left this turn.\n|inactive|KURO_4_ has 10 seconds left.\n|\n|t:|1700774047\n|switch|p2a: Clodola Jokic|Clodsire, F|100\/100\n|move|p1a: Cyclizar|Rapid Spin|p2a: Clodola Jokic\n|-damage|p2a: Clodola Jokic|83\/100\n|-boost|p1a: Cyclizar|spe|1\n|-sideend|p1: Pokemh|Stealth Rock|[from] move: Rapid Spin|[of] p1a: Cyclizar\n|\n|-damage|p1a: Cyclizar|82\/100 tox|[from] psn\n|upkeep\n|turn|228\n|inactive|KURO_4_ has 10 seconds left this turn.\n|inactive|KURO_4_ has 5 seconds left.\n|\n|t:|1700774055\n|move|p1a: Cyclizar|U-turn|p2a: Clodola Jokic\n|-resisted|p2a: Clodola Jokic\n|-damage|p2a: Clodola Jokic|75\/100\n|inactive|KURO_4_ has 10 seconds left this turn.\n|\n|t:|1700774057\n|switch|p1a: Alomomola|Alomomola, F|100\/100|[from] U-turn\n|move|p2a: Clodola Jokic|Stealth Rock|p1a: Alomomola\n|-sidestart|p1: Pokemh|move: Stealth Rock\n|\n|upkeep\n|turn|229\n|inactive|KURO_4_ has 10 seconds left this turn.\n|inactive|KURO_4_ has 5 seconds left.\n|\n|t:|1700774064\n|move|p1a: Alomomola|Protect|p1a: Alomomola\n|-singleturn|p1a: Alomomola|Protect\n|move|p2a: Clodola Jokic|Recover|p2a: Clodola Jokic\n|-heal|p2a: Clodola Jokic|100\/100\n|\n|upkeep\n|turn|230\n|inactive|KURO_4_ has 10 seconds left this turn.\n|inactive|KURO_4_ has 5 seconds left.\n|\n|t:|1700774071\n|switch|p1a: Cyclizar|Cyclizar, M|100\/100 tox\n|switch|p2a: LeCorv James|Corviknight, F|50\/100 brn\n|-ability|p2a: LeCorv James|Pressure\n|\n|-damage|p1a: Cyclizar|94\/100 tox|[from] psn\n|-damage|p2a: LeCorv James|44\/100 brn|[from] brn\n|upkeep\n|turn|231\n|inactive|KURO_4_ has 5 seconds left this turn.\n|-message|KURO_4_ lost due to inactivity.\n|\n|win|Pokemh\n|raw|Pokemh's rating: 1628 &rarr; <strong>1648<\/strong><br \/>(+20 for winning)\n|raw|KURO_4_'s rating: 1635 &rarr; <strong>1615<\/strong><br \/>(-20 for losing)\n|c|\u2606KURO_4_|what\n|c|\u2606KURO_4_|my timer didnt give me enough time\n|c|\u2606KURO_4_|literally had the win too\n|c|\u2606KURO_4_|nothing more cringe than regen\n|c|\u2606KURO_4_|cuck\n|l|\u2606KURO_4_\n","uploadtime":1700774129,"views":4,"p1id":"pokemh","p2id":"kuro4","formatid":"gen9ou","rating":1615,"private":0,"password":""}