{"id":"gen9ou-1997159457","p1":"CJCOMIX","p2":"yung taco","format":"[Gen 9] OU","log":"|j|\u2606CJCOMIX\n|j|\u2606yung taco\n|t:|1700770561\n|gametype|singles\n|player|p1|CJCOMIX|ingo|1469\n|player|p2|yung taco|swimmerf|1389\n|teamsize|p1|6\n|teamsize|p2|6\n|gen|9\n|tier|[Gen 9] OU\n|rated|\n|rule|Sleep Clause Mod: Limit one foe put to sleep\n|rule|Species Clause: Limit one of each Pok\u00e9mon\n|rule|OHKO Clause: OHKO moves are banned\n|rule|Evasion Items Clause: Evasion items are banned\n|rule|Evasion Moves Clause: Evasion moves are banned\n|rule|Endless Battle Clause: Forcing endless battles is banned\n|rule|HP Percentage Mod: HP is shown in percentages\n|clearpoke\n|poke|p1|Greninja-*, M|\n|poke|p1|Thundurus-Therian, M|\n|poke|p1|Torkoal, M|\n|poke|p1|Great Tusk|\n|poke|p1|Breloom, M|\n|poke|p1|Ceruledge, F|\n|poke|p2|Heatran, F|\n|poke|p2|Tornadus-Therian, M|\n|poke|p2|Ogerpon-Cornerstone, F|\n|poke|p2|Great Tusk|\n|poke|p2|Hatterene, F|\n|poke|p2|Toxapex, F|\n|teampreview\n|inactive|Battle timer is ON: inactive players will automatically lose when time's up. (requested by yung taco)\n|inactive|CJCOMIX has 120 seconds left.\n|inactive|yung taco has 120 seconds left.\n|\n|t:|1700770615\n|start\n|switch|p1a: Convert 2 ISLAM|Great Tusk|100\/100\n|switch|p2a: Gold|Tornadus-Therian, M|100\/100\n|turn|1\n|\n|t:|1700770622\n|-end|p1a: Convert 2 ISLAM|Protosynthesis|[silent]\n|switch|p1a: Devious divinity|Thundurus-Therian, M|100\/100\n|move|p2a: Gold|Bleakwind Storm|p1a: Devious divinity\n|-resisted|p1a: Devious divinity\n|-damage|p1a: Devious divinity|74\/100\n|\n|-heal|p1a: Devious divinity|80\/100|[from] item: Leftovers\n|upkeep\n|turn|2\n|\n|t:|1700770628\n|move|p2a: Gold|U-turn|p1a: Devious divinity\n|-resisted|p1a: Devious divinity\n|-damage|p1a: Devious divinity|69\/100\n|\n|t:|1700770633\n|switch|p2a: Ben|Great Tusk, shiny|100\/100|[from] U-turn\n|move|p1a: Devious divinity|Substitute|p1a: Devious divinity\n|-start|p1a: Devious divinity|Substitute\n|-damage|p1a: Devious divinity|45\/100\n|\n|-heal|p1a: Devious divinity|51\/100|[from] item: Leftovers\n|upkeep\n|turn|3\n|\n|t:|1700770651\n|-end|p2a: Ben|Protosynthesis|[silent]\n|switch|p2a: He Ran|Heatran, F|100\/100\n|move|p1a: Devious divinity|Nasty Plot|p1a: Devious divinity\n|-boost|p1a: Devious divinity|spa|2\n|\n|-heal|p1a: Devious divinity|57\/100|[from] item: Leftovers\n|upkeep\n|turn|4\n|\n|t:|1700770658\n|move|p1a: Devious divinity|Thunderbolt|p2a: He Ran\n|-damage|p2a: He Ran|31\/100\n|move|p2a: He Ran|Magma Storm|p1a: Devious divinity\n|-end|p1a: Devious divinity|Substitute\n|\n|-heal|p1a: Devious divinity|63\/100|[from] item: Leftovers\n|-heal|p2a: He Ran|37\/100|[from] item: Leftovers\n|upkeep\n|turn|5\n|\n|t:|1700770677\n|move|p1a: Devious divinity|Substitute|p1a: Devious divinity\n|-start|p1a: Devious divinity|Substitute\n|-damage|p1a: Devious divinity|38\/100\n|move|p2a: He Ran|Magma Storm|p1a: Devious divinity\n|-end|p1a: Devious divinity|Substitute\n|\n|-heal|p1a: Devious divinity|44\/100|[from] item: Leftovers\n|-heal|p2a: He Ran|44\/100|[from] item: Leftovers\n|upkeep\n|turn|6\n|\n|t:|1700770683\n|move|p1a: Devious divinity|Thunderbolt|p2a: He Ran\n|-damage|p2a: He Ran|0 fnt\n|faint|p2a: He Ran\n|\n|-heal|p1a: Devious divinity|50\/100|[from] item: Leftovers\n|upkeep\n|\n|t:|1700770688\n|switch|p2a: Joeverpon|Ogerpon-Cornerstone, F|100\/100\n|turn|7\n|\n|t:|1700770695\n|switch|p1a: Convert 2 ISLAM|Great Tusk|100\/100\n|move|p2a: Joeverpon|Ivy Cudgel|p1a: Convert 2 ISLAM|[anim] Ivy Cudgel Rock\n|-resisted|p1a: Convert 2 ISLAM\n|-damage|p1a: Convert 2 ISLAM|89\/100\n|\n|upkeep\n|turn|8\n|\n|t:|1700770706\n|move|p1a: Convert 2 ISLAM|Close Combat|p2a: Joeverpon\n|-supereffective|p2a: Joeverpon\n|-ability|p2a: Joeverpon|Sturdy\n|-damage|p2a: Joeverpon|1\/100\n|-unboost|p1a: Convert 2 ISLAM|def|1\n|-unboost|p1a: Convert 2 ISLAM|spd|1\n|move|p2a: Joeverpon|Swords Dance|p2a: Joeverpon\n|-boost|p2a: Joeverpon|atk|2\n|\n|upkeep\n|turn|9\n|\n|t:|1700770719\n|switch|p2a: Trish|Hatterene, F|100\/100\n|move|p1a: Convert 2 ISLAM|Close Combat|p2a: Trish\n|-resisted|p2a: Trish\n|-damage|p2a: Trish|87\/100\n|-unboost|p1a: Convert 2 ISLAM|def|1\n|-unboost|p1a: Convert 2 ISLAM|spd|1\n|\n|-heal|p2a: Trish|93\/100|[from] item: Leftovers\n|upkeep\n|turn|10\n|\n|t:|1700770731\n|-end|p1a: Convert 2 ISLAM|Protosynthesis|[silent]\n|switch|p1a: black lives matter|Ceruledge, F|100\/100\n|move|p2a: Trish|Calm Mind|p2a: Trish\n|-boost|p2a: Trish|spa|1\n|-boost|p2a: Trish|spd|1\n|\n|-heal|p2a: Trish|99\/100|[from] item: Leftovers\n|upkeep\n|turn|11\n|\n|t:|1700770740\n|move|p1a: black lives matter|Bulk Up|p1a: black lives matter\n|-boost|p1a: black lives matter|atk|1\n|-boost|p1a: black lives matter|def|1\n|move|p2a: Trish|Nuzzle|p1a: black lives matter\n|-damage|p1a: black lives matter|97\/100\n|-status|p1a: black lives matter|par\n|\n|-heal|p1a: black lives matter|100\/100 par|[from] item: Leftovers\n|-heal|p2a: Trish|100\/100|[from] item: Leftovers\n|upkeep\n|turn|12\n|\n|t:|1700770755\n|switch|p2a: Ben|Great Tusk, shiny|100\/100\n|move|p1a: black lives matter|Bitter Blade|p2a: Ben\n|-damage|p2a: Ben|63\/100\n|\n|-heal|p2a: Ben|69\/100|[from] item: Leftovers\n|upkeep\n|turn|13\n|\n|t:|1700770761\n|-terastallize|p1a: black lives matter|Bug\n|move|p2a: Ben|Stealth Rock|p1a: black lives matter\n|-sidestart|p1: CJCOMIX|move: Stealth Rock\n|move|p1a: black lives matter|Bulk Up|p1a: black lives matter\n|-boost|p1a: black lives matter|atk|1\n|-boost|p1a: black lives matter|def|1\n|\n|-heal|p2a: Ben|75\/100|[from] item: Leftovers\n|upkeep\n|turn|14\n|\n|t:|1700770776\n|move|p2a: Ben|Ice Spinner|p1a: black lives matter\n|-damage|p1a: black lives matter|86\/100 par\n|cant|p1a: black lives matter|par\n|\n|-heal|p2a: Ben|82\/100|[from] item: Leftovers\n|-heal|p1a: black lives matter|92\/100 par|[from] item: Leftovers\n|upkeep\n|turn|15\n|\n|t:|1700770783\n|-end|p2a: Ben|Protosynthesis|[silent]\n|switch|p2a: Joeverpon|Ogerpon-Cornerstone, F|1\/100\n|cant|p1a: black lives matter|par\n|\n|-heal|p1a: black lives matter|98\/100 par|[from] item: Leftovers\n|upkeep\n|turn|16\n|\n|t:|1700770787\n|move|p1a: black lives matter|Shadow Sneak|p2a: Joeverpon\n|-damage|p2a: Joeverpon|0 fnt\n|faint|p2a: Joeverpon\n|\n|-heal|p1a: black lives matter|100\/100 par|[from] item: Leftovers\n|upkeep\n|\n|t:|1700770793\n|switch|p2a: Gold|Tornadus-Therian, M|100\/100\n|turn|17\n|\n|t:|1700770804\n|move|p1a: black lives matter|Shadow Sneak|p2a: Gold\n|-damage|p2a: Gold|51\/100\n|move|p2a: Gold|Bleakwind Storm|p1a: black lives matter\n|-supereffective|p1a: black lives matter\n|-damage|p1a: black lives matter|18\/100 par\n|\n|-heal|p1a: black lives matter|24\/100 par|[from] item: Leftovers\n|upkeep\n|turn|18\n|\n|t:|1700770815\n|move|p1a: black lives matter|Shadow Sneak|p2a: Gold\n|-damage|p2a: Gold|4\/100\n|move|p2a: Gold|Bleakwind Storm|p1a: black lives matter|[miss]\n|-miss|p2a: Gold|p1a: black lives matter\n|\n|-heal|p1a: black lives matter|30\/100 par|[from] item: Leftovers\n|upkeep\n|turn|19\n|\n|t:|1700770822\n|switch|p2a: Trisha|Toxapex, F|100\/100\n|move|p1a: black lives matter|Bitter Blade|p2a: Trisha\n|-resisted|p2a: Trisha\n|-damage|p2a: Trisha|66\/100\n|-heal|p1a: black lives matter|49\/100 par|[from] drain|[of] p2a: Trisha\n|\n|-heal|p1a: black lives matter|55\/100 par|[from] item: Leftovers\n|-heal|p2a: Trisha|72\/100|[from] item: Leftovers\n|upkeep\n|turn|20\n|\n|t:|1700770825\n|move|p1a: black lives matter|Bitter Blade|p2a: Trisha\n|-resisted|p2a: Trisha\n|-damage|p2a: Trisha|32\/100\n|-heal|p1a: black lives matter|75\/100 par|[from] drain|[of] p2a: Trisha\n|move|p2a: Trisha|Haze|p2a: Trisha\n|-clearallboost\n|\n|-heal|p1a: black lives matter|82\/100 par|[from] item: Leftovers\n|-heal|p2a: Trisha|38\/100|[from] item: Leftovers\n|upkeep\n|turn|21\n|\n|t:|1700770830\n|move|p1a: black lives matter|Bulk Up|p1a: black lives matter\n|-boost|p1a: black lives matter|atk|1\n|-boost|p1a: black lives matter|def|1\n|move|p2a: Trisha|Recover|p2a: Trisha\n|-heal|p2a: Trisha|88\/100\n|\n|-heal|p1a: black lives matter|88\/100 par|[from] item: Leftovers\n|-heal|p2a: Trisha|94\/100|[from] item: Leftovers\n|upkeep\n|turn|22\n|\n|t:|1700770834\n|move|p1a: black lives matter|Bitter Blade|p2a: Trisha\n|-resisted|p2a: Trisha\n|-crit|p2a: Trisha\n|-damage|p2a: Trisha|49\/100\n|-heal|p1a: black lives matter|100\/100 par|[from] drain|[of] p2a: Trisha\n|move|p2a: Trisha|Haze|p2a: Trisha\n|-clearallboost\n|\n|-heal|p2a: Trisha|55\/100|[from] item: Leftovers\n|upkeep\n|turn|23\n|\n|t:|1700770844\n|move|p1a: black lives matter|Bulk Up|p1a: black lives matter\n|-boost|p1a: black lives matter|atk|1\n|-boost|p1a: black lives matter|def|1\n|move|p2a: Trisha|Surf|p1a: black lives matter\n|-damage|p1a: black lives matter|77\/100 par\n|\n|-heal|p1a: black lives matter|83\/100 par|[from] item: Leftovers\n|-heal|p2a: Trisha|61\/100|[from] item: Leftovers\n|upkeep\n|turn|24\n|\n|t:|1700770848\n|move|p1a: black lives matter|Bitter Blade|p2a: Trisha\n|-resisted|p2a: Trisha\n|-damage|p2a: Trisha|34\/100\n|-heal|p1a: black lives matter|97\/100 par|[from] drain|[of] p2a: Trisha\n|move|p2a: Trisha|Haze|p2a: Trisha\n|-clearallboost\n|\n|-heal|p1a: black lives matter|100\/100 par|[from] item: Leftovers\n|-heal|p2a: Trisha|40\/100|[from] item: Leftovers\n|upkeep\n|turn|25\n|\n|t:|1700770852\n|switch|p2a: Gold|Tornadus-Therian, M|37\/100\n|move|p1a: black lives matter|Bulk Up|p1a: black lives matter\n|-boost|p1a: black lives matter|atk|1\n|-boost|p1a: black lives matter|def|1\n|\n|upkeep\n|turn|26\n|\n|t:|1700770862\n|switch|p2a: Trisha|Toxapex, F|73\/100\n|move|p1a: black lives matter|Shadow Sneak|p2a: Trisha\n|-damage|p2a: Trisha|48\/100\n|\n|-heal|p2a: Trisha|54\/100|[from] item: Leftovers\n|upkeep\n|turn|27\n|\n|t:|1700770870\n|move|p1a: black lives matter|Bitter Blade|p2a: Trisha\n|-resisted|p2a: Trisha\n|-damage|p2a: Trisha|25\/100\n|move|p2a: Trisha|Haze|p2a: Trisha\n|-clearallboost\n|\n|-heal|p2a: Trisha|31\/100|[from] item: Leftovers\n|upkeep\n|turn|28\n|\n|t:|1700770877\n|switch|p2a: Gold|Tornadus-Therian, M|70\/100\n|move|p1a: black lives matter|Bulk Up|p1a: black lives matter\n|-boost|p1a: black lives matter|atk|1\n|-boost|p1a: black lives matter|def|1\n|\n|upkeep\n|turn|29\n|\n|t:|1700770885\n|switch|p2a: Ben|Great Tusk, shiny|82\/100\n|move|p1a: black lives matter|Shadow Sneak|p2a: Ben\n|-damage|p2a: Ben|65\/100\n|\n|-heal|p2a: Ben|71\/100|[from] item: Leftovers\n|upkeep\n|turn|30\n|\n|t:|1700770897\n|move|p2a: Ben|Ice Spinner|p1a: black lives matter\n|-damage|p1a: black lives matter|84\/100 par\n|move|p1a: black lives matter|Bitter Blade|p2a: Ben\n|-crit|p2a: Ben\n|-damage|p2a: Ben|19\/100\n|-heal|p1a: black lives matter|100\/100 par|[from] drain|[of] p2a: Ben\n|\n|-heal|p2a: Ben|25\/100|[from] item: Leftovers\n|upkeep\n|turn|31\n|\n|t:|1700770904\n|-end|p2a: Ben|Protosynthesis|[silent]\n|switch|p2a: Trisha|Toxapex, F|64\/100\n|move|p1a: black lives matter|Bulk Up|p1a: black lives matter\n|-boost|p1a: black lives matter|atk|1\n|-boost|p1a: black lives matter|def|1\n|\n|-heal|p2a: Trisha|70\/100|[from] item: Leftovers\n|upkeep\n|turn|32\n|\n|t:|1700770909\n|move|p1a: black lives matter|Bitter Blade|p2a: Trisha\n|-resisted|p2a: Trisha\n|-damage|p2a: Trisha|35\/100\n|move|p2a: Trisha|Haze|p2a: Trisha\n|-clearallboost\n|\n|-heal|p2a: Trisha|41\/100|[from] item: Leftovers\n|upkeep\n|turn|33\n|\n|t:|1700770913\n|move|p1a: black lives matter|Bulk Up|p1a: black lives matter\n|-boost|p1a: black lives matter|atk|1\n|-boost|p1a: black lives matter|def|1\n|move|p2a: Trisha|Recover|p2a: Trisha\n|-heal|p2a: Trisha|91\/100\n|\n|-heal|p2a: Trisha|97\/100|[from] item: Leftovers\n|upkeep\n|turn|34\n|\n|t:|1700770918\n|move|p1a: black lives matter|Bulk Up|p1a: black lives matter\n|-boost|p1a: black lives matter|atk|1\n|-boost|p1a: black lives matter|def|1\n|move|p2a: Trisha|Haze|p2a: Trisha\n|-clearallboost\n|\n|-heal|p2a: Trisha|100\/100|[from] item: Leftovers\n|upkeep\n|turn|35\n|\n|t:|1700770923\n|move|p1a: black lives matter|Bulk Up|p1a: black lives matter\n|-boost|p1a: black lives matter|atk|1\n|-boost|p1a: black lives matter|def|1\n|move|p2a: Trisha|Toxic Spikes|p1a: black lives matter\n|-sidestart|p1: CJCOMIX|move: Toxic Spikes\n|\n|upkeep\n|turn|36\n|\n|t:|1700770927\n|move|p1a: black lives matter|Shadow Sneak|p2a: Trisha\n|-damage|p2a: Trisha|74\/100\n|move|p2a: Trisha|Haze|p2a: Trisha\n|-clearallboost\n|\n|-heal|p2a: Trisha|80\/100|[from] item: Leftovers\n|upkeep\n|turn|37\n|\n|t:|1700770931\n|move|p1a: black lives matter|Shadow Sneak|p2a: Trisha\n|-damage|p2a: Trisha|64\/100\n|move|p2a: Trisha|Toxic Spikes|p1a: black lives matter\n|-sidestart|p1: CJCOMIX|move: Toxic Spikes\n|\n|-heal|p2a: Trisha|70\/100|[from] item: Leftovers\n|upkeep\n|turn|38\n|\n|t:|1700770936\n|switch|p2a: Gold|Tornadus-Therian, M|100\/100\n|move|p1a: black lives matter|Bulk Up|p1a: black lives matter\n|-boost|p1a: black lives matter|atk|1\n|-boost|p1a: black lives matter|def|1\n|\n|upkeep\n|turn|39\n|\n|t:|1700770942\n|move|p2a: Gold|Bleakwind Storm|p1a: black lives matter\n|-supereffective|p1a: black lives matter\n|-damage|p1a: black lives matter|13\/100 par\n|cant|p1a: black lives matter|par\n|\n|-heal|p1a: black lives matter|19\/100 par|[from] item: Leftovers\n|upkeep\n|turn|40\n|\n|t:|1700770952\n|move|p2a: Gold|Knock Off|p1a: black lives matter\n|-damage|p1a: black lives matter|4\/100 par\n|-enditem|p1a: black lives matter|Leftovers|[from] move: Knock Off|[of] p2a: Gold\n|move|p1a: black lives matter|Bitter Blade|p2a: Gold\n|-damage|p2a: Gold|18\/100\n|-heal|p1a: black lives matter|55\/100 par|[from] drain|[of] p2a: Gold\n|\n|upkeep\n|turn|41\n|\n|t:|1700770963\n|move|p1a: black lives matter|Shadow Sneak|p2a: Gold\n|-damage|p2a: Gold|0 fnt\n|faint|p2a: Gold\n|\n|upkeep\n|\n|t:|1700770978\n|switch|p2a: Trisha|Toxapex, F|100\/100\n|turn|42\n|\n|t:|1700770983\n|cant|p1a: black lives matter|par\n|move|p2a: Trisha|Haze|p2a: Trisha\n|-clearallboost\n|\n|upkeep\n|turn|43\n|\n|t:|1700770993\n|move|p1a: black lives matter|Bulk Up|p1a: black lives matter\n|-boost|p1a: black lives matter|atk|1\n|-boost|p1a: black lives matter|def|1\n|move|p2a: Trisha|Surf|p1a: black lives matter\n|-damage|p1a: black lives matter|33\/100 par\n|\n|upkeep\n|turn|44\n|\n|t:|1700771000\n|cant|p1a: black lives matter|par\n|move|p2a: Trisha|Surf|p1a: black lives matter\n|-damage|p1a: black lives matter|12\/100 par\n|\n|upkeep\n|turn|45\n|\n|t:|1700771004\n|move|p1a: black lives matter|Bitter Blade|p2a: Trisha\n|-resisted|p2a: Trisha\n|-damage|p2a: Trisha|71\/100\n|-heal|p1a: black lives matter|27\/100 par|[from] drain|[of] p2a: Trisha\n|move|p2a: Trisha|Surf|p1a: black lives matter\n|-damage|p1a: black lives matter|3\/100 par\n|\n|-heal|p2a: Trisha|77\/100|[from] item: Leftovers\n|upkeep\n|turn|46\n|\n|t:|1700771006\n|move|p1a: black lives matter|Bitter Blade|p2a: Trisha\n|-resisted|p2a: Trisha\n|-damage|p2a: Trisha|49\/100\n|-heal|p1a: black lives matter|18\/100 par|[from] drain|[of] p2a: Trisha\n|move|p2a: Trisha|Surf|p1a: black lives matter\n|-damage|p1a: black lives matter|0 fnt\n|faint|p1a: black lives matter\n|\n|-heal|p2a: Trisha|55\/100|[from] item: Leftovers\n|upkeep\n|\n|t:|1700771009\n|switch|p1a: sweaty balls|Torkoal, M|100\/100\n|-damage|p1a: sweaty balls|76\/100|[from] Stealth Rock\n|-status|p1a: sweaty balls|tox\n|-weather|SunnyDay|[from] ability: Drought|[of] p1a: sweaty balls\n|turn|47\n|\n|t:|1700771019\n|move|p2a: Trisha|Surf|p1a: sweaty balls\n|-supereffective|p1a: sweaty balls\n|-damage|p1a: sweaty balls|50\/100 tox\n|move|p1a: sweaty balls|Will-O-Wisp|p2a: Trisha\n|-status|p2a: Trisha|brn\n|\n|-weather|SunnyDay|[upkeep]\n|-heal|p2a: Trisha|61\/100 brn|[from] item: Leftovers\n|-heal|p1a: sweaty balls|56\/100 tox|[from] item: Leftovers\n|-damage|p1a: sweaty balls|50\/100 tox|[from] psn\n|-damage|p2a: Trisha|55\/100 brn|[from] brn\n|upkeep\n|turn|48\n|\n|t:|1700771031\n|move|p2a: Trisha|Surf|p1a: sweaty balls\n|-supereffective|p1a: sweaty balls\n|-damage|p1a: sweaty balls|27\/100 tox\n|move|p1a: sweaty balls|Rapid Spin|p2a: Trisha\n|-damage|p2a: Trisha|49\/100 brn\n|-boost|p1a: sweaty balls|spe|1\n|-sideend|p1: CJCOMIX|Toxic Spikes|[from] move: Rapid Spin|[of] p1a: sweaty balls\n|-sideend|p1: CJCOMIX|Stealth Rock|[from] move: Rapid Spin|[of] p1a: sweaty balls\n|\n|-weather|SunnyDay|[upkeep]\n|-heal|p1a: sweaty balls|33\/100 tox|[from] item: Leftovers\n|-heal|p2a: Trisha|55\/100 brn|[from] item: Leftovers\n|-damage|p1a: sweaty balls|21\/100 tox|[from] psn\n|-damage|p2a: Trisha|49\/100 brn|[from] brn\n|upkeep\n|turn|49\n|\n|t:|1700771041\n|switch|p1a: Go to sleep bro|Breloom, M|100\/100\n|move|p2a: Trisha|Toxic Spikes|p1a: Go to sleep bro\n|-sidestart|p1: CJCOMIX|move: Toxic Spikes\n|\n|-weather|SunnyDay|[upkeep]\n|-heal|p2a: Trisha|55\/100 brn|[from] item: Leftovers\n|-damage|p2a: Trisha|49\/100 brn|[from] brn\n|-status|p1a: Go to sleep bro|tox|[from] item: Toxic Orb\n|upkeep\n|turn|50\n|\n|t:|1700771049\n|switch|p2a: Ben|Great Tusk, shiny|25\/100\n|-activate|p2a: Ben|ability: Protosynthesis\n|-start|p2a: Ben|protosynthesisdef\n|move|p1a: Go to sleep bro|Swords Dance|p1a: Go to sleep bro\n|-boost|p1a: Go to sleep bro|atk|2\n|\n|-weather|SunnyDay|[upkeep]\n|-heal|p2a: Ben|31\/100|[from] item: Leftovers\n|upkeep\n|turn|51\n|\n|t:|1700771056\n|switch|p1a: Ningen|Greninja, M|100\/100\n|-status|p1a: Ningen|psn\n|move|p2a: Ben|Stealth Rock|p1a: Ningen\n|-sidestart|p1: CJCOMIX|move: Stealth Rock\n|\n|-weather|none\n|-end|p2a: Ben|Protosynthesis\n|-heal|p2a: Ben|37\/100|[from] item: Leftovers\n|-damage|p1a: Ningen|88\/100 psn|[from] psn\n|upkeep\n|turn|52\n|\n|t:|1700771066\n|-end|p2a: Ben|Protosynthesis|[silent]\n|switch|p2a: Trisha|Toxapex, F|82\/100 brn\n|move|p1a: Ningen|Surf|p2a: Trisha\n|-resisted|p2a: Trisha\n|-damage|p2a: Trisha|69\/100 brn\n|\n|-heal|p2a: Trisha|75\/100 brn|[from] item: Leftovers\n|-damage|p1a: Ningen|76\/100 psn|[from] psn\n|-damage|p2a: Trisha|69\/100 brn|[from] brn\n|upkeep\n|turn|53\n|\n|t:|1700771080\n|move|p1a: Ningen|Dark Pulse|p2a: Trisha\n|-damage|p2a: Trisha|44\/100 brn\n|move|p2a: Trisha|Surf|p1a: Ningen\n|-resisted|p1a: Ningen\n|-damage|p1a: Ningen|66\/100 psn\n|\n|-heal|p2a: Trisha|50\/100 brn|[from] item: Leftovers\n|-damage|p1a: Ningen|54\/100 psn|[from] psn\n|-damage|p2a: Trisha|44\/100 brn|[from] brn\n|upkeep\n|turn|54\n|\n|t:|1700771086\n|move|p1a: Ningen|Dark Pulse|p2a: Trisha\n|-damage|p2a: Trisha|23\/100 brn\n|cant|p2a: Trisha|flinch\n|\n|-heal|p2a: Trisha|29\/100 brn|[from] item: Leftovers\n|-damage|p1a: Ningen|42\/100 psn|[from] psn\n|-damage|p2a: Trisha|23\/100 brn|[from] brn\n|upkeep\n|turn|55\n|\n|t:|1700771102\n|switch|p2a: Ben|Great Tusk, shiny|37\/100\n|move|p1a: Ningen|Ice Beam|p2a: Ben\n|-supereffective|p2a: Ben\n|-damage|p2a: Ben|0 fnt\n|faint|p2a: Ben\n|-end|p2a: Ben|Protosynthesis|[silent]\n|-ability|p1a: Ningen|Battle Bond|boost\n|-boost|p1a: Ningen|atk|1\n|-boost|p1a: Ningen|spa|1\n|-boost|p1a: Ningen|spe|1\n|-activate|p1a: Ningen|ability: Battle Bond\n|\n|-damage|p1a: Ningen|30\/100 psn|[from] psn\n|upkeep\n|\n|t:|1700771112\n|switch|p2a: Trisha|Toxapex, F|56\/100 brn\n|turn|56\n|\n|t:|1700771117\n|move|p1a: Ningen|Dark Pulse|p2a: Trisha\n|-damage|p2a: Trisha|21\/100 brn\n|move|p2a: Trisha|Surf|p1a: Ningen\n|-resisted|p1a: Ningen\n|-damage|p1a: Ningen|19\/100 psn\n|\n|-heal|p2a: Trisha|27\/100 brn|[from] item: Leftovers\n|-damage|p1a: Ningen|7\/100 psn|[from] psn\n|-damage|p2a: Trisha|21\/100 brn|[from] brn\n|upkeep\n|turn|57\n|\n|t:|1700771131\n|move|p1a: Ningen|Dark Pulse|p2a: Trisha\n|-damage|p2a: Trisha|0 fnt\n|faint|p2a: Trisha\n|\n|-damage|p1a: Ningen|0 fnt|[from] psn\n|faint|p1a: Ningen\n|upkeep\n|\n|t:|1700771143\n|switch|p1a: Go to sleep bro|Breloom, M|100\/100 tox\n|switch|p2a: Trish|Hatterene, F|100\/100\n|-damage|p1a: Go to sleep bro|94\/100 tox|[from] Stealth Rock\n|turn|58\n|\n|t:|1700771154\n|move|p1a: Go to sleep bro|Bullet Seed|p2a: Trish\n|-damage|p2a: Trish|88\/100\n|-damage|p2a: Trish|76\/100\n|-damage|p2a: Trish|63\/100\n|-hitcount|p2a: Trish|3\n|move|p2a: Trish|Calm Mind|p2a: Trish\n|-boost|p2a: Trish|spa|1\n|-boost|p2a: Trish|spd|1\n|\n|-heal|p2a: Trish|69\/100|[from] item: Leftovers\n|-heal|p1a: Go to sleep bro|100\/100 tox|[from] ability: Poison Heal\n|upkeep\n|turn|59\n|\n|t:|1700771160\n|move|p1a: Go to sleep bro|Bullet Seed|p2a: Trish\n|-damage|p2a: Trish|58\/100\n|-damage|p2a: Trish|46\/100\n|-damage|p2a: Trish|35\/100\n|-damage|p2a: Trish|22\/100\n|-hitcount|p2a: Trish|4\n|move|p2a: Trish|Psyshock|p1a: Go to sleep bro\n|-supereffective|p1a: Go to sleep bro\n|-damage|p1a: Go to sleep bro|0 fnt\n|faint|p1a: Go to sleep bro\n|\n|-heal|p2a: Trish|28\/100|[from] item: Leftovers\n|upkeep\n|\n|t:|1700771167\n|switch|p1a: Convert 2 ISLAM|Great Tusk|89\/100\n|-status|p1a: Convert 2 ISLAM|psn\n|-damage|p1a: Convert 2 ISLAM|86\/100 psn|[from] Stealth Rock\n|turn|60\n|\n|t:|1700771173\n|-terastallize|p2a: Trish|Flying\n|move|p1a: Convert 2 ISLAM|Headlong Rush|p2a: Trish\n|-immune|p2a: Trish\n|move|p2a: Trish|Draining Kiss|p1a: Convert 2 ISLAM\n|-supereffective|p1a: Convert 2 ISLAM\n|-damage|p1a: Convert 2 ISLAM|0 fnt\n|-heal|p2a: Trish|100\/100|[from] drain|[of] p1a: Convert 2 ISLAM\n|faint|p1a: Convert 2 ISLAM\n|-end|p1a: Convert 2 ISLAM|Protosynthesis|[silent]\n|\n|upkeep\n|c|\u2606CJCOMIX|:0\n|\n|t:|1700771179\n|switch|p1a: sweaty balls|Torkoal, M|21\/100 tox\n|-damage|p1a: sweaty balls|0 fnt|[from] Stealth Rock\n|faint|p1a: sweaty balls\n|\n|t:|1700771181\n|switch|p1a: Devious divinity|Thundurus-Therian, M|50\/100\n|-damage|p1a: Devious divinity|25\/100|[from] Stealth Rock\n|turn|61\n|\n|t:|1700771192\n|move|p1a: Devious divinity|Thunderbolt|p2a: Trish\n|-supereffective|p2a: Trish\n|-damage|p2a: Trish|29\/100\n|move|p2a: Trish|Psyshock|p1a: Devious divinity\n|-damage|p1a: Devious divinity|0 fnt\n|faint|p1a: Devious divinity\n|\n|win|yung taco\n|raw|CJCOMIX's rating: 1469 &rarr; <strong>1444<\/strong><br \/>(-25 for losing)\n|raw|yung taco's rating: 1389 &rarr; <strong>1414<\/strong><br \/>(+25 for winning)\n|l|\u2606CJCOMIX\n","uploadtime":1700771205,"views":8,"p1id":"cjcomix","p2id":"yungtaco","formatid":"gen9ou","rating":1414,"private":0,"password":""}