{"id":"gen9ou-1988508339","p1":"Silvershire","p2":"RealShylm","format":"[Gen 9] OU","log":"|j|\u2606Silvershire\n|j|\u2606RealShylm\n|t:|1699730445\n|gametype|singles\n|player|p1|Silvershire|dawn|\n|player|p2|RealShylm|juan|\n|teamsize|p1|6\n|teamsize|p2|6\n|gen|9\n|tier|[Gen 9] OU\n|rule|Sleep Clause Mod: Limit one foe put to sleep\n|rule|Species Clause: Limit one of each Pok\u00e9mon\n|rule|OHKO Clause: OHKO moves are banned\n|rule|Evasion Items Clause: Evasion items are banned\n|rule|Evasion Moves Clause: Evasion moves are banned\n|rule|Endless Battle Clause: Forcing endless battles is banned\n|rule|HP Percentage Mod: HP is shown in percentages\n|clearpoke\n|poke|p1|Dragapult, M|\n|poke|p1|Samurott-Hisui, M|\n|poke|p1|Greninja-*, F|\n|poke|p1|Dondozo, M|\n|poke|p1|Scizor, M|\n|poke|p1|Breloom, M|\n|poke|p2|Kingambit, M|\n|poke|p2|Walking Wake|\n|poke|p2|Torkoal, F|\n|poke|p2|Glimmora, M|\n|poke|p2|Clefable, M|\n|poke|p2|Articuno-Galar|\n|teampreview\n|\n|t:|1699730456\n|start\n|switch|p1a: Dragapult|Dragapult, M|100\/100\n|switch|p2a: 50 000 Gold Coins|Glimmora, M|100\/100\n|turn|1\n|\n|t:|1699730469\n|move|p1a: Dragapult|Shadow Ball|p2a: 50 000 Gold Coins\n|-damage|p2a: 50 000 Gold Coins|43\/100\n|-damage|p1a: Dragapult|91\/100|[from] item: Life Orb\n|move|p2a: 50 000 Gold Coins|Stealth Rock|p1a: Dragapult\n|-sidestart|p1: Silvershire|move: Stealth Rock\n|\n|upkeep\n|turn|2\n|\n|t:|1699730483\n|switch|p2a: BoltBeamEnthusiast|Clefable, M|100\/100\n|move|p1a: Dragapult|Shadow Ball|p2a: BoltBeamEnthusiast\n|-damage|p2a: BoltBeamEnthusiast|64\/100\n|-unboost|p2a: BoltBeamEnthusiast|spd|1\n|-damage|p1a: Dragapult|81\/100|[from] item: Life Orb\n|\n|-heal|p2a: BoltBeamEnthusiast|70\/100|[from] item: Leftovers\n|upkeep\n|turn|3\n|\n|t:|1699730495\n|switch|p1a: Dondozo|Dondozo, M|100\/100\n|-damage|p1a: Dondozo|88\/100|[from] Stealth Rock\n|move|p2a: BoltBeamEnthusiast|Moonblast|p1a: Dondozo\n|-damage|p1a: Dondozo|56\/100\n|\n|-heal|p2a: BoltBeamEnthusiast|77\/100|[from] item: Leftovers\n|-heal|p1a: Dondozo|62\/100|[from] item: Leftovers\n|upkeep\n|turn|4\n|\n|t:|1699730508\n|move|p1a: Dondozo|Protect|p1a: Dondozo\n|-singleturn|p1a: Dondozo|Protect\n|move|p2a: BoltBeamEnthusiast|Thunderbolt|p1a: Dondozo\n|-activate|p1a: Dondozo|move: Protect\n|\n|-heal|p2a: BoltBeamEnthusiast|83\/100|[from] item: Leftovers\n|-heal|p1a: Dondozo|68\/100|[from] item: Leftovers\n|upkeep\n|turn|5\n|\n|t:|1699730519\n|move|p2a: BoltBeamEnthusiast|Thunderbolt|p1a: Dondozo\n|-supereffective|p1a: Dondozo\n|-damage|p1a: Dondozo|33\/100\n|-status|p1a: Dondozo|par\n|move|p1a: Dondozo|Wave Crash|p2a: BoltBeamEnthusiast\n|-damage|p2a: BoltBeamEnthusiast|46\/100\n|-damage|p1a: Dondozo|23\/100 par|[from] Recoil\n|\n|-heal|p2a: BoltBeamEnthusiast|52\/100|[from] item: Leftovers\n|-heal|p1a: Dondozo|29\/100 par|[from] item: Leftovers\n|upkeep\n|turn|6\n|\n|t:|1699730531\n|switch|p2a: 50 000 Gold Coins|Glimmora, M|43\/100\n|move|p1a: Dondozo|Protect||[still]\n|-fail|p1a: Dondozo\n|\n|-heal|p1a: Dondozo|36\/100 par|[from] item: Leftovers\n|upkeep\n|turn|7\n|\n|t:|1699730541\n|move|p2a: 50 000 Gold Coins|Energy Ball|p1a: Dondozo\n|-supereffective|p1a: Dondozo\n|-damage|p1a: Dondozo|0 fnt\n|faint|p1a: Dondozo\n|\n|upkeep\n|\n|t:|1699730547\n|switch|p1a: Greninja|Greninja, F|100\/100\n|-damage|p1a: Greninja|88\/100|[from] Stealth Rock\n|turn|8\n|\n|t:|1699730564\n|move|p1a: Greninja|Hydro Pump|p2a: 50 000 Gold Coins\n|-start|p1a: Greninja|typechange|Water|[from] ability: Protean\n|-supereffective|p2a: 50 000 Gold Coins\n|-damage|p2a: 50 000 Gold Coins|0 fnt\n|faint|p2a: 50 000 Gold Coins\n|-damage|p1a: Greninja|78\/100|[from] item: Life Orb\n|\n|upkeep\n|\n|t:|1699730586\n|switch|p2a: Mr. Rock Festival|Torkoal, F|100\/100\n|-weather|SunnyDay|[from] ability: Drought|[of] p2a: Mr. Rock Festival\n|turn|9\n|\n|t:|1699730596\n|switch|p2a: 12 Eyes!Fun Times!|Walking Wake|100\/100\n|-activate|p2a: 12 Eyes!Fun Times!|ability: Protosynthesis\n|-start|p2a: 12 Eyes!Fun Times!|protosynthesisspe\n|move|p1a: Greninja|Hydro Pump|p2a: 12 Eyes!Fun Times!\n|-resisted|p2a: 12 Eyes!Fun Times!\n|-damage|p2a: 12 Eyes!Fun Times!|93\/100\n|-damage|p1a: Greninja|69\/100|[from] item: Life Orb\n|\n|-weather|SunnyDay|[upkeep]\n|upkeep\n|turn|10\n|\n|t:|1699730615\n|switch|p1a: Scizor|Scizor, M|100\/100\n|-damage|p1a: Scizor|88\/100|[from] Stealth Rock\n|move|p2a: 12 Eyes!Fun Times!|Hydro Steam|p1a: Scizor\n|-damage|p1a: Scizor|0 fnt\n|faint|p1a: Scizor\n|\n|-weather|SunnyDay|[upkeep]\n|upkeep\n|\n|t:|1699730624\n|switch|p1a: Samurott|Samurott-Hisui, M|100\/100\n|-damage|p1a: Samurott|88\/100|[from] Stealth Rock\n|turn|11\n|\n|t:|1699730635\n|-terastallize|p2a: 12 Eyes!Fun Times!|Water\n|-terastallize|p1a: Samurott|Fighting\n|move|p2a: 12 Eyes!Fun Times!|Hydro Steam|p1a: Samurott\n|-damage|p1a: Samurott|0 fnt\n|faint|p1a: Samurott\n|\n|-weather|SunnyDay|[upkeep]\n|upkeep\n|\n|t:|1699730646\n|switch|p1a: Dragapult|Dragapult, M|81\/100\n|-damage|p1a: Dragapult|69\/100|[from] Stealth Rock\n|turn|12\n|\n|t:|1699730656\n|move|p2a: 12 Eyes!Fun Times!|Hydro Steam|p1a: Dragapult\n|-resisted|p1a: Dragapult\n|-damage|p1a: Dragapult|0 fnt\n|faint|p1a: Dragapult\n|\n|-weather|SunnyDay|[upkeep]\n|upkeep\n|\n|t:|1699730663\n|switch|p1a: Breloom|Breloom, M|100\/100\n|-damage|p1a: Breloom|94\/100|[from] Stealth Rock\n|turn|13\n|\n|t:|1699730668\n|move|p1a: Breloom|Mach Punch|p2a: 12 Eyes!Fun Times!\n|-damage|p2a: 12 Eyes!Fun Times!|57\/100\n|move|p2a: 12 Eyes!Fun Times!|Hydro Steam|p1a: Breloom\n|-resisted|p1a: Breloom\n|-damage|p1a: Breloom|0 fnt\n|faint|p1a: Breloom\n|\n|-weather|SunnyDay|[upkeep]\n|upkeep\n|\n|t:|1699730677\n|switch|p1a: Greninja|Greninja, F|69\/100\n|-damage|p1a: Greninja|56\/100|[from] Stealth Rock\n|turn|14\n|\n|t:|1699730683\n|move|p2a: 12 Eyes!Fun Times!|Hydro Steam|p1a: Greninja\n|-resisted|p1a: Greninja\n|-damage|p1a: Greninja|0 fnt\n|faint|p1a: Greninja\n|\n|win|RealShylm\n|c|\u2606RealShylm|12 eyes.....\n|c|\u2606RealShylm|ggs\n","uploadtime":1699730690,"views":32,"p1id":"silvershire","p2id":"realshylm","formatid":"gen9ou","rating":0,"private":0,"password":""}