{"id":"gen9ou-1996731862","p1":"TickledYou","p2":"Papu321m","format":"[Gen 9] OU","log":"|j|\u2606TickledYou\n|j|\u2606Papu321m\n|t:|1700715963\n|gametype|singles\n|player|p1|TickledYou|265|1057\n|player|p2|Papu321m|swimmer-gen4dp|1000\n|teamsize|p1|6\n|teamsize|p2|6\n|gen|9\n|tier|[Gen 9] OU\n|rated|\n|rule|Sleep Clause Mod: Limit one foe put to sleep\n|rule|Species Clause: Limit one of each Pok\u00e9mon\n|rule|OHKO Clause: OHKO moves are banned\n|rule|Evasion Items Clause: Evasion items are banned\n|rule|Evasion Moves Clause: Evasion moves are banned\n|rule|Endless Battle Clause: Forcing endless battles is banned\n|rule|HP Percentage Mod: HP is shown in percentages\n|clearpoke\n|poke|p1|Ceruledge, F|\n|poke|p1|Samurott-Hisui, F|\n|poke|p1|Iron Moth|\n|poke|p1|Pincurchin, F|\n|poke|p1|Corviknight, F|\n|poke|p1|Slowking-Galar, M|\n|poke|p2|Dragonite, F|\n|poke|p2|Amoonguss, F|\n|poke|p2|Torkoal, F|\n|poke|p2|Typhlosion-Hisui, F|\n|poke|p2|Conkeldurr, F|\n|poke|p2|Jolteon, F|\n|teampreview\n|inactive|Battle timer is ON: inactive players will automatically lose when time's up. (requested by TickledYou)\n|\n|t:|1700715989\n|start\n|switch|p1a: Pincurchin|Pincurchin, F|100\/100\n|switch|p2a: Typhlosion|Typhlosion-Hisui, F|100\/100\n|-item|p1a: Pincurchin|Leftovers|[from] ability: Frisk|[of] p2a: Typhlosion|[identify]\n|-fieldstart|move: Electric Terrain|[from] ability: Electric Surge|[of] p1a: Pincurchin\n|turn|1\n|\n|t:|1700716000\n|move|p2a: Typhlosion|Eruption|p1a: Pincurchin\n|-crit|p1a: Pincurchin\n|-damage|p1a: Pincurchin|0 fnt\n|faint|p1a: Pincurchin\n|\n|upkeep\n|\n|t:|1700716007\n|switch|p1a: Samurott|Samurott-Hisui, F|100\/100\n|turn|2\n|\n|t:|1700716015\n|switch|p2a: Amoonguss|Amoonguss, F, shiny|100\/100\n|move|p1a: Samurott|Flip Turn|p2a: Amoonguss\n|-resisted|p2a: Amoonguss\n|-damage|p2a: Amoonguss|90\/100\n|\n|t:|1700716020\n|switch|p1a: Iron Moth|Iron Moth|100\/100|[from] Flip Turn\n|-activate|p1a: Iron Moth|ability: Quark Drive\n|-start|p1a: Iron Moth|quarkdrivespa\n|\n|upkeep\n|turn|3\n|inactive|Papu321m has 120 seconds left.\n|j| Lonsol\n|\n|t:|1700716063\n|switch|p2a: Conkeldurr|Conkeldurr, F|100\/100\n|move|p1a: Iron Moth|Air Slash|p2a: Conkeldurr\n|-supereffective|p2a: Conkeldurr\n|-damage|p2a: Conkeldurr|18\/100\n|\n|-status|p2a: Conkeldurr|brn|[from] item: Flame Orb\n|upkeep\n|turn|4\n|\n|t:|1700716078\n|move|p2a: Conkeldurr|Mach Punch|p1a: Iron Moth\n|-resisted|p1a: Iron Moth\n|-damage|p1a: Iron Moth|74\/100\n|move|p1a: Iron Moth|Fiery Dance|p2a: Conkeldurr\n|-damage|p2a: Conkeldurr|0 fnt\n|-boost|p1a: Iron Moth|spa|1\n|faint|p2a: Conkeldurr\n|\n|-heal|p1a: Iron Moth|80\/100|[from] item: Leftovers\n|upkeep\n|\n|t:|1700716091\n|switch|p2a: Dragonite|Dragonite, F, shiny|100\/100\n|turn|5\n|\n|t:|1700716105\n|move|p1a: Iron Moth|Discharge|p2a: Dragonite\n|-damage|p2a: Dragonite|65\/100\n|-status|p2a: Dragonite|par\n|move|p2a: Dragonite|Dragon Dance|p2a: Dragonite\n|-boost|p2a: Dragonite|atk|1\n|-boost|p2a: Dragonite|spe|1\n|\n|-heal|p1a: Iron Moth|86\/100|[from] item: Leftovers\n|-heal|p2a: Dragonite|72\/100 par|[from] item: Leftovers\n|-fieldend|move: Electric Terrain\n|-end|p1a: Iron Moth|Quark Drive\n|upkeep\n|turn|6\n|l| Lonsol\n|\n|t:|1700716118\n|move|p1a: Iron Moth|Air Slash|p2a: Dragonite\n|-damage|p2a: Dragonite|31\/100 par\n|cant|p2a: Dragonite|flinch\n|\n|-heal|p1a: Iron Moth|92\/100|[from] item: Leftovers\n|-heal|p2a: Dragonite|37\/100 par|[from] item: Leftovers\n|upkeep\n|turn|7\n|\n|t:|1700716127\n|move|p1a: Iron Moth|Air Slash|p2a: Dragonite\n|-damage|p2a: Dragonite|0 fnt\n|faint|p2a: Dragonite\n|\n|-heal|p1a: Iron Moth|98\/100|[from] item: Leftovers\n|upkeep\n|\n|t:|1700716148\n|switch|p2a: Typhlosion|Typhlosion-Hisui, F|100\/100\n|-item|p1a: Iron Moth|Leftovers|[from] ability: Frisk|[of] p2a: Typhlosion|[identify]\n|turn|8\n|inactive|Papu321m has 90 seconds left.\n|\n|t:|1700716165\n|move|p2a: Typhlosion|Shadow Ball|p1a: Iron Moth\n|-damage|p1a: Iron Moth|51\/100\n|move|p1a: Iron Moth|Air Slash|p2a: Typhlosion\n|-damage|p2a: Typhlosion|40\/100\n|\n|-heal|p1a: Iron Moth|57\/100|[from] item: Leftovers\n|upkeep\n|turn|9\n|-message|Papu321m forfeited.\n|\n|win|TickledYou\n|raw|TickledYou's rating: 1057 &rarr; <strong>1083<\/strong><br \/>(+26 for winning)\n|raw|Papu321m's rating: 1000 &rarr; <strong>1000<\/strong><br \/>(+0 for losing)\n|l|\u2606Papu321m\n","uploadtime":1700716183,"views":6,"p1id":"tickledyou","p2id":"papu321m","formatid":"gen9ou","rating":1000,"private":0,"password":""}