{"id":"gen9ou-1996468954","p1":"Sl808","p2":"Bamgan","format":"[Gen 9] OU","log":"|j|\u2606Sl808\n|j|\u2606Bamgan\n|t:|1700685003\n|gametype|singles\n|player|p1|Sl808|bodybuilder-gen9|1094\n|player|p2|Bamgan|giovanni|1131\n|teamsize|p1|6\n|teamsize|p2|6\n|gen|9\n|tier|[Gen 9] OU\n|rated|\n|rule|Sleep Clause Mod: Limit one foe put to sleep\n|rule|Species Clause: Limit one of each Pok\u00e9mon\n|rule|OHKO Clause: OHKO moves are banned\n|rule|Evasion Items Clause: Evasion items are banned\n|rule|Evasion Moves Clause: Evasion moves are banned\n|rule|Endless Battle Clause: Forcing endless battles is banned\n|rule|HP Percentage Mod: HP is shown in percentages\n|clearpoke\n|poke|p1|Cramorant, M|\n|poke|p1|Kommo-o, M|\n|poke|p1|Dragapult, F|\n|poke|p1|Torkoal, M|\n|poke|p1|Trevenant, F|\n|poke|p1|Pelipper, F|\n|poke|p2|Rillaboom, F|\n|poke|p2|Great Tusk|\n|poke|p2|Greninja-*, M|\n|poke|p2|Gholdengo|\n|poke|p2|Enamorus, F|\n|poke|p2|Cinderace, F|\n|teampreview\n|inactive|Battle timer is ON: inactive players will automatically lose when time's up. (requested by Bamgan)\n|\n|t:|1700685016\n|start\n|switch|p1a: Pelipper|Pelipper, F|100\/100\n|switch|p2a: Great Tusk|Great Tusk|100\/100\n|-weather|RainDance|[from] ability: Drizzle|[of] p1a: Pelipper\n|turn|1\n|inactive|Bamgan has 120 seconds left.\n|\n|t:|1700685046\n|-end|p2a: Great Tusk|Protosynthesis|[silent]\n|switch|p2a: Enamorus|Enamorus, F|100\/100\n|move|p1a: Pelipper|Surf|p2a: Enamorus\n|-damage|p2a: Enamorus|33\/100\n|\n|-weather|RainDance|[upkeep]\n|upkeep\n|turn|2\n|\n|t:|1700685057\n|move|p2a: Enamorus|Moonblast|p1a: Pelipper\n|-damage|p1a: Pelipper|33\/100\n|move|p1a: Pelipper|Surf|p2a: Enamorus\n|-damage|p2a: Enamorus|0 fnt\n|faint|p2a: Enamorus\n|\n|-weather|RainDance|[upkeep]\n|upkeep\n|inactive|Bamgan has 120 seconds left.\n|\n|t:|1700685073\n|switch|p2a: Greninja|Greninja, M|100\/100\n|turn|3\n|\n|t:|1700685084\n|switch|p1a: Cramorant|Cramorant, M|100\/100\n|move|p2a: Greninja|Surf|p1a: Cramorant\n|-resisted|p1a: Cramorant\n|-damage|p1a: Cramorant|57\/100\n|-damage|p2a: Greninja|91\/100|[from] item: Life Orb\n|\n|-weather|RainDance|[upkeep]\n|upkeep\n|turn|4\n|\n|t:|1700685096\n|move|p2a: Greninja|Dark Pulse|p1a: Cramorant\n|-damage|p1a: Cramorant|13\/100\n|-damage|p2a: Greninja|81\/100|[from] item: Life Orb\n|move|p1a: Cramorant|Surf|p2a: Greninja\n|-formechange|p1a: Cramorant|Cramorant-Gorging|\n|-resisted|p2a: Greninja\n|-damage|p2a: Greninja|30\/100\n|\n|-weather|RainDance|[upkeep]\n|upkeep\n|turn|5\n|\n|t:|1700685107\n|move|p2a: Greninja|Water Shuriken|p1a: Cramorant\n|-resisted|p1a: Cramorant\n|-damage|p1a: Cramorant|5\/100\n|-damage|p2a: Greninja|5\/100|[from] ability: Gulp Missile|[of] p1a: Cramorant\n|-status|p2a: Greninja|par\n|-formechange|p1a: Cramorant|Cramorant|\n|-resisted|p1a: Cramorant\n|-damage|p1a: Cramorant|0 fnt\n|faint|p1a: Cramorant\n|-ability|p2a: Greninja|Battle Bond|boost\n|-boost|p2a: Greninja|atk|1\n|-boost|p2a: Greninja|spa|1\n|-boost|p2a: Greninja|spe|1\n|-activate|p2a: Greninja|ability: Battle Bond\n|-hitcount|p1: Cramorant|2\n|-damage|p2a: Greninja|0 fnt|[from] item: Life Orb\n|faint|p2a: Greninja\n|\n|-weather|RainDance|[upkeep]\n|upkeep\n|\n|t:|1700685132\n|switch|p2a: Rillaboom|Rillaboom, F|100\/100\n|switch|p1a: Dragapult|Dragapult, F|100\/100\n|-fieldstart|move: Grassy Terrain|[from] ability: Grassy Surge|[of] p2a: Rillaboom\n|-enditem|p2a: Rillaboom|Grassy Seed\n|-boost|p2a: Rillaboom|def|1|[from] item: Grassy Seed\n|turn|6\n|\n|t:|1700685143\n|switch|p1a: Torkoal|Torkoal, M|100\/100\n|-weather|SunnyDay|[from] ability: Drought|[of] p1a: Torkoal\n|move|p2a: Rillaboom|Swords Dance|p2a: Rillaboom\n|-boost|p2a: Rillaboom|atk|2\n|\n|-weather|SunnyDay|[upkeep]\n|upkeep\n|turn|7\n|\n|t:|1700685156\n|move|p2a: Rillaboom|Acrobatics|p1a: Torkoal\n|-damage|p1a: Torkoal|59\/100\n|move|p1a: Torkoal|Lava Plume|p2a: Rillaboom\n|-supereffective|p2a: Rillaboom\n|-damage|p2a: Rillaboom|10\/100\n|\n|-weather|SunnyDay|[upkeep]\n|-heal|p2a: Rillaboom|16\/100|[from] Grassy Terrain\n|-heal|p1a: Torkoal|66\/100|[from] Grassy Terrain\n|upkeep\n|turn|8\n|\n|t:|1700685167\n|move|p2a: Rillaboom|Acrobatics|p1a: Torkoal\n|-damage|p1a: Torkoal|24\/100\n|move|p1a: Torkoal|Lava Plume|p2a: Rillaboom\n|-supereffective|p2a: Rillaboom\n|-damage|p2a: Rillaboom|0 fnt\n|faint|p2a: Rillaboom\n|\n|-weather|SunnyDay|[upkeep]\n|-heal|p1a: Torkoal|30\/100|[from] Grassy Terrain\n|upkeep\n|\n|t:|1700685176\n|switch|p2a: Great Tusk|Great Tusk|100\/100\n|-activate|p2a: Great Tusk|ability: Protosynthesis\n|-start|p2a: Great Tusk|protosynthesisspe\n|turn|9\n|\n|t:|1700685189\n|switch|p1a: Trevenant|Trevenant, F|100\/100\n|move|p2a: Great Tusk|Bulk Up|p2a: Great Tusk\n|-boost|p2a: Great Tusk|atk|1\n|-boost|p2a: Great Tusk|def|1\n|\n|-weather|SunnyDay|[upkeep]\n|upkeep\n|turn|10\n|\n|t:|1700685197\n|move|p2a: Great Tusk|Knock Off|p1a: Trevenant\n|-supereffective|p1a: Trevenant\n|-damage|p1a: Trevenant|11\/100\n|-enditem|p1a: Trevenant|Sitrus Berry|[from] move: Knock Off|[of] p2a: Great Tusk\n|move|p1a: Trevenant|Leech Seed|p2a: Great Tusk|[miss]\n|-miss|p1a: Trevenant|p2a: Great Tusk\n|\n|-weather|SunnyDay|[upkeep]\n|-heal|p1a: Trevenant|17\/100|[from] Grassy Terrain\n|-fieldend|move: Grassy Terrain\n|upkeep\n|turn|11\n|\n|t:|1700685207\n|move|p2a: Great Tusk|Knock Off|p1a: Trevenant\n|-supereffective|p1a: Trevenant\n|-damage|p1a: Trevenant|0 fnt\n|faint|p1a: Trevenant\n|\n|-weather|SunnyDay|[upkeep]\n|upkeep\n|\n|t:|1700685215\n|switch|p1a: Pelipper|Pelipper, F|33\/100\n|-weather|RainDance|[from] ability: Drizzle|[of] p1a: Pelipper\n|-end|p2a: Great Tusk|Protosynthesis\n|turn|12\n|\n|t:|1700685224\n|move|p2a: Great Tusk|Knock Off|p1a: Pelipper\n|-damage|p1a: Pelipper|2\/100\n|-enditem|p1a: Pelipper|Damp Rock|[from] move: Knock Off|[of] p2a: Great Tusk\n|move|p1a: Pelipper|Hurricane|p2a: Great Tusk\n|-supereffective|p2a: Great Tusk\n|-damage|p2a: Great Tusk|0 fnt\n|faint|p2a: Great Tusk\n|-end|p2a: Great Tusk|Protosynthesis|[silent]\n|\n|-weather|RainDance|[upkeep]\n|upkeep\n|\n|t:|1700685233\n|switch|p2a: Cinderace|Cinderace, F|100\/100\n|turn|13\n|\n|t:|1700685237\n|move|p2a: Cinderace|U-turn|p1a: Pelipper\n|-start|p2a: Cinderace|typechange|Bug|[from] ability: Libero\n|-resisted|p1a: Pelipper\n|-damage|p1a: Pelipper|0 fnt\n|faint|p1a: Pelipper\n|\n|t:|1700685243\n|switch|p2a: Gholdengo|Gholdengo|100\/100|[from] U-turn\n|-item|p2a: Gholdengo|Air Balloon\n|\n|-weather|RainDance|[upkeep]\n|upkeep\n|\n|t:|1700685249\n|switch|p1a: Kommo-o|Kommo-o, M|100\/100\n|turn|14\n|\n|t:|1700685258\n|switch|p1a: Torkoal|Torkoal, M|30\/100\n|-weather|SunnyDay|[from] ability: Drought|[of] p1a: Torkoal\n|move|p2a: Gholdengo|Nasty Plot|p2a: Gholdengo\n|-boost|p2a: Gholdengo|spa|2\n|\n|-weather|SunnyDay|[upkeep]\n|upkeep\n|turn|15\n|\n|t:|1700685267\n|move|p2a: Gholdengo|Shadow Ball|p1a: Torkoal\n|-damage|p1a: Torkoal|0 fnt\n|faint|p1a: Torkoal\n|\n|-weather|SunnyDay|[upkeep]\n|upkeep\n|\n|t:|1700685274\n|switch|p1a: Dragapult|Dragapult, F|100\/100\n|turn|16\n|\n|t:|1700685278\n|-terastallize|p2a: Gholdengo|Flying\n|move|p1a: Dragapult|Shadow Ball|p2a: Gholdengo\n|-damage|p2a: Gholdengo|50\/100\n|-enditem|p2a: Gholdengo|Air Balloon\n|move|p2a: Gholdengo|Shadow Ball|p1a: Dragapult\n|-supereffective|p1a: Dragapult\n|-damage|p1a: Dragapult|0 fnt\n|faint|p1a: Dragapult\n|\n|-weather|SunnyDay|[upkeep]\n|upkeep\n|\n|t:|1700685291\n|switch|p1a: Kommo-o|Kommo-o, M|100\/100\n|turn|17\n|\n|t:|1700685297\n|-terastallize|p1a: Kommo-o|Normal\n|move|p1a: Kommo-o|Boomburst|p2a: Gholdengo\n|-damage|p2a: Gholdengo|0 fnt\n|faint|p2a: Gholdengo\n|-enditem|p1a: Kommo-o|Throat Spray\n|-boost|p1a: Kommo-o|spa|1|[from] item: Throat Spray\n|\n|-weather|SunnyDay|[upkeep]\n|upkeep\n|\n|t:|1700685301\n|switch|p2a: Cinderace|Cinderace, F|100\/100\n|turn|18\n|\n|t:|1700685309\n|move|p2a: Cinderace|High Jump Kick|p1a: Kommo-o\n|-start|p2a: Cinderace|typechange|Fighting|[from] ability: Libero\n|-supereffective|p1a: Kommo-o\n|-damage|p1a: Kommo-o|0 fnt\n|faint|p1a: Kommo-o\n|\n|win|Bamgan\n|raw|Sl808's rating: 1094 &rarr; <strong>1072<\/strong><br \/>(-22 for losing)\n|raw|Bamgan's rating: 1131 &rarr; <strong>1153<\/strong><br \/>(+22 for winning)\n","uploadtime":1700685316,"views":0,"p1id":"sl808","p2id":"bamgan","formatid":"gen9ou","rating":1072,"private":0,"password":""}