{"id":"gen9ou-1998292228","p1":"morlyaur","p2":"digby.0","format":"[Gen 9] OU","log":"|j|\u2606morlyaur\n|j|\u2606digby.0\n|t:|1700925600\n|gametype|singles\n|player|p1|morlyaur|artist-gen4|1107\n|player|p2|digby.0|acetrainer-gen4dp|1105\n|teamsize|p1|6\n|teamsize|p2|6\n|gen|9\n|tier|[Gen 9] OU\n|rated|\n|rule|Sleep Clause Mod: Limit one foe put to sleep\n|rule|Species Clause: Limit one of each Pok\u00e9mon\n|rule|OHKO Clause: OHKO moves are banned\n|rule|Evasion Items Clause: Evasion items are banned\n|rule|Evasion Moves Clause: Evasion moves are banned\n|rule|Endless Battle Clause: Forcing endless battles is banned\n|rule|HP Percentage Mod: HP is shown in percentages\n|clearpoke\n|poke|p1|Cinderace, F|\n|poke|p1|Dragapult, M|\n|poke|p1|Iron Valiant|\n|poke|p1|Kingambit, M|\n|poke|p1|Ting-Lu|\n|poke|p1|Gholdengo|\n|poke|p2|Pelipper, M|\n|poke|p2|Corviknight, F|\n|poke|p2|Noivern, M|\n|poke|p2|Braviary-Hisui, M|\n|poke|p2|Dragonite, M|\n|poke|p2|Honchkrow, M|\n|teampreview\n|\n|t:|1700925610\n|start\n|switch|p1a: Cinderace|Cinderace, F|100\/100\n|switch|p2a: Pelipper|Pelipper, M|100\/100\n|-weather|RainDance|[from] ability: Drizzle|[of] p2a: Pelipper\n|turn|1\n|\n|t:|1700925616\n|move|p1a: Cinderace|U-turn|p2a: Pelipper\n|-resisted|p2a: Pelipper\n|-damage|p2a: Pelipper|88\/100\n|\n|t:|1700925619\n|switch|p1a: Dragapult|Dragapult, M|100\/100|[from] U-turn\n|move|p2a: Pelipper|Hurricane|p1a: Dragapult\n|-damage|p1a: Dragapult|0 fnt\n|faint|p1a: Dragapult\n|\n|-weather|RainDance|[upkeep]\n|upkeep\n|\n|t:|1700925629\n|switch|p1a: Gholdengo|Gholdengo|100\/100\n|-item|p1a: Gholdengo|Air Balloon\n|turn|2\n|\n|t:|1700925638\n|move|p1a: Gholdengo|Nasty Plot|p1a: Gholdengo\n|-boost|p1a: Gholdengo|spa|2\n|move|p2a: Pelipper|Hurricane|p1a: Gholdengo\n|-resisted|p1a: Gholdengo\n|-damage|p1a: Gholdengo|53\/100\n|-enditem|p1a: Gholdengo|Air Balloon\n|\n|-weather|RainDance|[upkeep]\n|upkeep\n|turn|3\n|\n|t:|1700925647\n|-terastallize|p2a: Pelipper|Ground\n|move|p1a: Gholdengo|Shadow Ball|p2a: Pelipper\n|-damage|p2a: Pelipper|0 fnt\n|faint|p2a: Pelipper\n|\n|-weather|RainDance|[upkeep]\n|upkeep\n|\n|t:|1700925654\n|switch|p2a: Noivern|Noivern, M|100\/100\n|turn|4\n|\n|t:|1700925665\n|move|p2a: Noivern|Shadow Ball|p1a: Gholdengo\n|-supereffective|p1a: Gholdengo\n|-damage|p1a: Gholdengo|0 fnt\n|faint|p1a: Gholdengo\n|-damage|p2a: Noivern|91\/100|[from] item: Life Orb\n|\n|-weather|RainDance|[upkeep]\n|upkeep\n|\n|t:|1700925670\n|switch|p1a: Ting-Lu|Ting-Lu|100\/100\n|-ability|p1a: Ting-Lu|Vessel of Ruin\n|turn|5\n|\n|t:|1700925676\n|move|p2a: Noivern|Boomburst|p1a: Ting-Lu\n|-damage|p1a: Ting-Lu|80\/100\n|-damage|p2a: Noivern|81\/100|[from] item: Life Orb\n|move|p1a: Ting-Lu|Spikes|p2a: Noivern\n|-sidestart|p2: digby.0|Spikes\n|\n|-weather|none\n|-heal|p1a: Ting-Lu|86\/100|[from] item: Leftovers\n|upkeep\n|turn|6\n|\n|t:|1700925687\n|move|p2a: Noivern|Draco Meteor|p1a: Ting-Lu\n|-damage|p1a: Ting-Lu|54\/100\n|-unboost|p2a: Noivern|spa|2\n|-damage|p2a: Noivern|71\/100|[from] item: Life Orb\n|move|p1a: Ting-Lu|Ruination|p2a: Noivern\n|-damage|p2a: Noivern|36\/100\n|\n|-heal|p1a: Ting-Lu|60\/100|[from] item: Leftovers\n|upkeep\n|turn|7\n|\n|t:|1700925701\n|switch|p2a: Corviknight|Corviknight, F|100\/100\n|move|p1a: Ting-Lu|Whirlwind|p2a: Corviknight\n|drag|p2a: Braviary|Braviary-Hisui, M|100\/100\n|\n|-heal|p1a: Ting-Lu|66\/100|[from] item: Leftovers\n|upkeep\n|turn|8\n|\n|t:|1700925709\n|move|p2a: Braviary|Dazzling Gleam|p1a: Ting-Lu\n|-supereffective|p1a: Ting-Lu\n|-damage|p1a: Ting-Lu|46\/100\n|move|p1a: Ting-Lu|Ruination|p2a: Braviary\n|-damage|p2a: Braviary|50\/100\n|\n|-heal|p1a: Ting-Lu|52\/100|[from] item: Leftovers\n|upkeep\n|turn|9\n|\n|t:|1700925718\n|move|p2a: Braviary|Dazzling Gleam|p1a: Ting-Lu\n|-supereffective|p1a: Ting-Lu\n|-damage|p1a: Ting-Lu|31\/100\n|move|p1a: Ting-Lu|Ruination|p2a: Braviary\n|-damage|p2a: Braviary|25\/100\n|\n|-heal|p1a: Ting-Lu|37\/100|[from] item: Leftovers\n|upkeep\n|turn|10\n|\n|t:|1700925726\n|switch|p1a: Cinderace|Cinderace, F|100\/100\n|move|p2a: Braviary|Dazzling Gleam|p1a: Cinderace\n|-resisted|p1a: Cinderace\n|-damage|p1a: Cinderace|71\/100\n|\n|upkeep\n|turn|11\n|\n|t:|1700925734\n|move|p1a: Cinderace|Pyro Ball|p2a: Braviary\n|-damage|p2a: Braviary|0 fnt\n|faint|p2a: Braviary\n|\n|upkeep\n|\n|t:|1700925741\n|switch|p2a: Dragonite|Dragonite, M|100\/100\n|turn|12\n|\n|t:|1700925746\n|move|p1a: Cinderace|Will-O-Wisp|p2a: Dragonite\n|-status|p2a: Dragonite|brn\n|move|p2a: Dragonite|Thunder Wave|p1a: Cinderace\n|-status|p1a: Cinderace|par\n|\n|-damage|p2a: Dragonite|94\/100 brn|[from] brn\n|upkeep\n|turn|13\n|\n|t:|1700925754\n|move|p2a: Dragonite|Dragon Dance|p2a: Dragonite\n|-boost|p2a: Dragonite|atk|1\n|-boost|p2a: Dragonite|spe|1\n|cant|p1a: Cinderace|par\n|\n|-heal|p2a: Dragonite|100\/100 brn|[from] item: Leftovers\n|-damage|p2a: Dragonite|94\/100 brn|[from] brn\n|upkeep\n|turn|14\n|\n|t:|1700925769\n|move|p2a: Dragonite|Dragon Dance|p2a: Dragonite\n|-boost|p2a: Dragonite|atk|1\n|-boost|p2a: Dragonite|spe|1\n|move|p1a: Cinderace|U-turn|p2a: Dragonite\n|-resisted|p2a: Dragonite\n|-damage|p2a: Dragonite|85\/100 brn\n|\n|t:|1700925775\n|switch|p1a: Iron Valiant|Iron Valiant|100\/100|[from] U-turn\n|-enditem|p1a: Iron Valiant|Booster Energy\n|-activate|p1a: Iron Valiant|ability: Quark Drive|[fromitem]\n|-start|p1a: Iron Valiant|quarkdrivespe\n|\n|-heal|p2a: Dragonite|91\/100 brn|[from] item: Leftovers\n|-damage|p2a: Dragonite|85\/100 brn|[from] brn\n|upkeep\n|turn|15\n|\n|t:|1700925784\n|move|p1a: Iron Valiant|Knock Off|p2a: Dragonite\n|-damage|p2a: Dragonite|53\/100 brn\n|-enditem|p2a: Dragonite|Leftovers|[from] move: Knock Off|[of] p1a: Iron Valiant\n|move|p2a: Dragonite|Thunder Wave|p1a: Iron Valiant\n|-status|p1a: Iron Valiant|par\n|\n|-damage|p2a: Dragonite|47\/100 brn|[from] brn\n|upkeep\n|turn|16\n|\n|t:|1700925793\n|move|p2a: Dragonite|Fire Punch|p1a: Iron Valiant\n|-damage|p1a: Iron Valiant|62\/100 par\n|move|p1a: Iron Valiant|Swords Dance|p1a: Iron Valiant\n|-boost|p1a: Iron Valiant|atk|2\n|\n|-damage|p2a: Dragonite|41\/100 brn|[from] brn\n|upkeep\n|turn|17\n|\n|t:|1700925800\n|move|p2a: Dragonite|Fire Punch|p1a: Iron Valiant\n|-damage|p1a: Iron Valiant|21\/100 par\n|move|p1a: Iron Valiant|Knock Off|p2a: Dragonite\n|-damage|p2a: Dragonite|1\/100 brn\n|\n|-damage|p2a: Dragonite|0 fnt|[from] brn\n|faint|p2a: Dragonite\n|upkeep\n|\n|t:|1700925813\n|switch|p2a: Corviknight|Corviknight, F|100\/100\n|turn|18\n|\n|t:|1700925816\n|move|p1a: Iron Valiant|Close Combat|p2a: Corviknight\n|-damage|p2a: Corviknight|11\/100\n|-unboost|p1a: Iron Valiant|def|1\n|-unboost|p1a: Iron Valiant|spd|1\n|move|p2a: Corviknight|Brave Bird|p1a: Iron Valiant\n|-supereffective|p1a: Iron Valiant\n|-crit|p1a: Iron Valiant\n|-damage|p1a: Iron Valiant|0 fnt\n|faint|p1a: Iron Valiant\n|-end|p1a: Iron Valiant|Quark Drive|[silent]\n|-damage|p2a: Corviknight|6\/100|[from] Recoil\n|\n|-heal|p2a: Corviknight|12\/100|[from] item: Leftovers\n|upkeep\n|\n|t:|1700925830\n|switch|p1a: Cinderace|Cinderace, F|71\/100 par\n|turn|19\n|\n|t:|1700925842\n|cant|p1a: Cinderace|par\n|move|p2a: Corviknight|Roost|p2a: Corviknight\n|-heal|p2a: Corviknight|62\/100\n|-singleturn|p2a: Corviknight|move: Roost\n|\n|-heal|p2a: Corviknight|69\/100|[from] item: Leftovers\n|upkeep\n|turn|20\n|\n|t:|1700925856\n|cant|p1a: Cinderace|par\n|move|p2a: Corviknight|Light Screen|p2a: Corviknight\n|-sidestart|p2: digby.0|move: Light Screen\n|\n|-heal|p2a: Corviknight|75\/100|[from] item: Leftovers\n|upkeep\n|turn|21\n|\n|t:|1700925863\n|cant|p1a: Cinderace|par\n|move|p2a: Corviknight|Roost|p2a: Corviknight\n|-heal|p2a: Corviknight|100\/100\n|-singleturn|p2a: Corviknight|move: Roost\n|\n|upkeep\n|turn|22\n|\n|t:|1700925870\n|move|p1a: Cinderace|Pyro Ball|p2a: Corviknight\n|-supereffective|p2a: Corviknight\n|-damage|p2a: Corviknight|29\/100\n|move|p2a: Corviknight|Brave Bird|p1a: Cinderace\n|-damage|p1a: Cinderace|29\/100 par\n|-damage|p2a: Corviknight|17\/100|[from] Recoil\n|\n|-heal|p2a: Corviknight|23\/100|[from] item: Leftovers\n|upkeep\n|turn|23\n|\n|t:|1700925878\n|move|p1a: Cinderace|Pyro Ball|p2a: Corviknight\n|-supereffective|p2a: Corviknight\n|-damage|p2a: Corviknight|0 fnt\n|faint|p2a: Corviknight\n|\n|upkeep\n|\n|t:|1700925883\n|switch|p2a: Noivern|Noivern, M|36\/100\n|turn|24\n|\n|t:|1700925888\n|move|p2a: Noivern|Boomburst|p1a: Cinderace\n|-damage|p1a: Cinderace|0 fnt\n|faint|p1a: Cinderace\n|-damage|p2a: Noivern|26\/100|[from] item: Life Orb\n|\n|-sideend|p2: digby.0|move: Light Screen\n|upkeep\n|\n|t:|1700925894\n|switch|p1a: Kingambit|Kingambit, M|100\/100\n|-activate|p1a: Kingambit|ability: Supreme Overlord\n|-start|p1a: Kingambit|fallen4|[silent]\n|turn|25\n|\n|t:|1700925901\n|move|p1a: Kingambit|Sucker Punch|p2a: Noivern\n|-damage|p2a: Noivern|0 fnt\n|faint|p2a: Noivern\n|\n|upkeep\n|\n|t:|1700925904\n|switch|p2a: Honchkrow|Honchkrow, M|100\/100\n|turn|26\n|\n|t:|1700925909\n|move|p2a: Honchkrow|Brave Bird|p1a: Kingambit\n|-resisted|p1a: Kingambit\n|-damage|p1a: Kingambit|71\/100\n|-damage|p2a: Honchkrow|89\/100|[from] Recoil\n|-damage|p2a: Honchkrow|79\/100|[from] item: Life Orb\n|move|p1a: Kingambit|Iron Head|p2a: Honchkrow\n|-damage|p2a: Honchkrow|0 fnt\n|faint|p2a: Honchkrow\n|\n|win|morlyaur\n|raw|morlyaur's rating: 1107 &rarr; <strong>1132<\/strong><br \/>(+25 for winning)\n|raw|digby.0's rating: 1105 &rarr; <strong>1080<\/strong><br \/>(-25 for losing)\n","uploadtime":1700925915,"views":2,"p1id":"morlyaur","p2id":"digby0","formatid":"gen9ou","rating":1080,"private":0,"password":""}