{"id":"gen9ou-1989962850","p1":"Scorpio_C","p2":"Slalalll","format":"[Gen 9] OU","log":"|j|\u2606Scorpio_C\n|j|\u2606Slalalll\n|t:|1699910594\n|gametype|singles\n|player|p1|Scorpio_C|benga|1108\n|player|p2|Slalalll|169|1000\n|teamsize|p1|6\n|teamsize|p2|6\n|gen|9\n|tier|[Gen 9] OU\n|rated|\n|rule|Sleep Clause Mod: Limit one foe put to sleep\n|rule|Species Clause: Limit one of each Pok\u00e9mon\n|rule|OHKO Clause: OHKO moves are banned\n|rule|Evasion Items Clause: Evasion items are banned\n|rule|Evasion Moves Clause: Evasion moves are banned\n|rule|Endless Battle Clause: Forcing endless battles is banned\n|rule|HP Percentage Mod: HP is shown in percentages\n|clearpoke\n|poke|p1|Iron Valiant|\n|poke|p1|Ogerpon-Wellspring, F|\n|poke|p1|Samurott-Hisui, M|\n|poke|p1|Great Tusk|\n|poke|p1|Gholdengo|\n|poke|p1|Slowking-Galar, M|\n|poke|p2|Walking Wake|\n|poke|p2|Maushold-Four|\n|poke|p2|Dragonite, F|\n|poke|p2|Weezing-Galar, F|\n|poke|p2|Great Tusk|\n|poke|p2|Muk-Alola, F|\n|teampreview\n|inactive|Battle timer is ON: inactive players will automatically lose when time's up. (requested by Scorpio_C)\n|inactive|Scorpio_C has 120 seconds left.\n|\n|t:|1699910633\n|start\n|switch|p1a: GG|Gholdengo|100\/100\n|switch|p2a: Maushold|Maushold-Four|100\/100\n|turn|1\n|\n|t:|1699910650\n|switch|p2a: Muk|Muk-Alola, F|100\/100\n|move|p1a: GG|Trick|p2a: Muk\n|-activate|p1a: GG|move: Trick|[of] p2a: Muk\n|-item|p2a: Muk|Choice Scarf|[from] move: Trick\n|-item|p1a: GG|Black Sludge|[from] move: Trick\n|\n|-damage|p1a: GG|88\/100|[from] item: Black Sludge\n|upkeep\n|turn|2\n|inactive|Scorpio_C has 120 seconds left.\n|\n|t:|1699910680\n|switch|p1a: Samurai Jack|Samurott-Hisui, M, shiny|100\/100\n|move|p2a: Muk|Poison Jab|p1a: Samurai Jack\n|-damage|p1a: Samurai Jack|61\/100\n|\n|upkeep\n|turn|3\n|inactive|Scorpio_C has 120 seconds left.\n|\n|t:|1699910701\n|switch|p2a: Walking Wake|Walking Wake|100\/100\n|move|p1a: Samurai Jack|Ceaseless Edge|p2a: Walking Wake\n|-damage|p2a: Walking Wake|54\/100\n|-sidestart|p2: Slalalll|Spikes\n|\n|upkeep\n|turn|4\n|\n|t:|1699910724\n|switch|p1a: Slow Kizzle|Slowking-Galar, M, shiny|100\/100\n|move|p2a: Walking Wake|Draco Meteor|p1a: Slow Kizzle\n|-damage|p1a: Slow Kizzle|64\/100\n|-unboost|p2a: Walking Wake|spa|2\n|\n|upkeep\n|turn|5\n|\n|t:|1699910746\n|-end|p2a: Walking Wake|Protosynthesis|[silent]\n|switch|p2a: Muk|Muk-Alola, F|100\/100\n|-damage|p2a: Muk|88\/100|[from] Spikes\n|move|p1a: Slow Kizzle|Future Sight|p2a: Muk\n|-start|p1a: Slow Kizzle|move: Future Sight\n|\n|upkeep\n|turn|6\n|\n|t:|1699910757\n|switch|p2a: Great Tusk|Great Tusk|100\/100\n|-damage|p2a: Great Tusk|88\/100|[from] Spikes\n|switch|p1a: Samurai Jack|Samurott-Hisui, M, shiny|61\/100\n|\n|upkeep\n|turn|7\n|\n|t:|1699910771\n|switch|p1a: Elon Tusk|Great Tusk|100\/100\n|move|p2a: Great Tusk|Earthquake|p1a: Elon Tusk\n|-damage|p1a: Elon Tusk|81\/100\n|\n|-end|p2a: Great Tusk|move: Future Sight\n|-supereffective|p2a: Great Tusk\n|-damage|p2a: Great Tusk|0 fnt\n|faint|p2a: Great Tusk\n|-end|p2a: Great Tusk|Protosynthesis|[silent]\n|-heal|p1a: Elon Tusk|87\/100|[from] item: Leftovers\n|upkeep\n|\n|t:|1699910777\n|switch|p2a: Weezing|Weezing-Galar, F|100\/100\n|turn|8\n|\n|t:|1699910785\n|-end|p1a: Elon Tusk|Protosynthesis|[silent]\n|switch|p1a: Slow Kizzle|Slowking-Galar, M, shiny|98\/100\n|move|p2a: Weezing|Strange Steam|p1a: Slow Kizzle\n|-resisted|p1a: Slow Kizzle\n|-damage|p1a: Slow Kizzle|80\/100\n|\n|upkeep\n|turn|9\n|\n|t:|1699910795\n|move|p2a: Weezing|Strange Steam|p1a: Slow Kizzle\n|-resisted|p1a: Slow Kizzle\n|-damage|p1a: Slow Kizzle|64\/100\n|move|p1a: Slow Kizzle|Future Sight|p2a: Weezing\n|-start|p1a: Slow Kizzle|move: Future Sight\n|\n|upkeep\n|turn|10\n|\n|t:|1699910801\n|move|p2a: Weezing|Strange Steam|p1a: Slow Kizzle\n|-resisted|p1a: Slow Kizzle\n|-damage|p1a: Slow Kizzle|47\/100\n|move|p1a: Slow Kizzle|Future Sight||[still]\n|-fail|p1a: Slow Kizzle\n|\n|upkeep\n|turn|11\n|\n|t:|1699910805\n|switch|p2a: Muk|Muk-Alola, F|88\/100\n|-damage|p2a: Muk|76\/100|[from] Spikes\n|move|p1a: Slow Kizzle|Chilly Reception|p1a: Slow Kizzle\n|-weather|Snow\n|\n|t:|1699910809\n|switch|p1a: Elon Tusk|Great Tusk|87\/100|[from] Chilly Reception\n|\n|-weather|Snow|[upkeep]\n|-end|p2a: Muk|move: Future Sight\n|-immune|p2a: Muk\n|-heal|p1a: Elon Tusk|93\/100|[from] item: Leftovers\n|upkeep\n|turn|12\n|\n|t:|1699910815\n|switch|p2a: Weezing|Weezing-Galar, F|100\/100\n|move|p1a: Elon Tusk|Earthquake|p2a: Weezing\n|-immune|p2a: Weezing|[from] ability: Levitate\n|\n|-weather|Snow|[upkeep]\n|-heal|p1a: Elon Tusk|99\/100|[from] item: Leftovers\n|upkeep\n|turn|13\n|\n|t:|1699910820\n|move|p2a: Weezing|Strange Steam|p1a: Elon Tusk\n|-supereffective|p1a: Elon Tusk\n|-damage|p1a: Elon Tusk|0 fnt\n|faint|p1a: Elon Tusk\n|-end|p1a: Elon Tusk|Protosynthesis|[silent]\n|\n|-weather|Snow|[upkeep]\n|upkeep\n|\n|t:|1699910833\n|switch|p1a: Slow Kizzle|Slowking-Galar, M, shiny|80\/100\n|turn|14\n|\n|t:|1699910853\n|switch|p2a: Muk|Muk-Alola, F|76\/100\n|-damage|p2a: Muk|63\/100|[from] Spikes\n|move|p1a: Slow Kizzle|Toxic Spikes|p2a: Muk\n|-sidestart|p2: Slalalll|move: Toxic Spikes\n|\n|-weather|Snow|[upkeep]\n|upkeep\n|turn|15\n|\n|t:|1699910863\n|switch|p1a: E-Boy|Iron Valiant|100\/100\n|-enditem|p1a: E-Boy|Booster Energy\n|-activate|p1a: E-Boy|ability: Quark Drive|[fromitem]\n|-start|p1a: E-Boy|quarkdrivespe\n|move|p2a: Muk|Poison Jab|p1a: E-Boy\n|-supereffective|p1a: E-Boy\n|-damage|p1a: E-Boy|31\/100\n|\n|-weather|none\n|upkeep\n|turn|16\n|\n|t:|1699910875\n|move|p1a: E-Boy|Close Combat|p2a: Muk\n|-damage|p2a: Muk|11\/100\n|-unboost|p1a: E-Boy|def|1\n|-unboost|p1a: E-Boy|spd|1\n|move|p2a: Muk|Poison Jab|p1a: E-Boy\n|-supereffective|p1a: E-Boy\n|-damage|p1a: E-Boy|0 fnt\n|faint|p1a: E-Boy\n|-end|p1a: E-Boy|Quark Drive|[silent]\n|\n|upkeep\n|\n|t:|1699910890\n|switch|p1a: Samurai Jack|Samurott-Hisui, M, shiny|61\/100\n|turn|17\n|\n|t:|1699910908\n|switch|p2a: Weezing|Weezing-Galar, F|100\/100\n|move|p1a: Samurai Jack|Ceaseless Edge|p2a: Weezing\n|-resisted|p2a: Weezing\n|-damage|p2a: Weezing|75\/100\n|-sidestart|p2: Slalalll|Spikes\n|\n|upkeep\n|turn|18\n|inactive|Scorpio_C has 120 seconds left.\n|\n|t:|1699910925\n|switch|p1a: Slow Kizzle|Slowking-Galar, M, shiny|100\/100\n|move|p2a: Weezing|Strange Steam|p1a: Slow Kizzle\n|-resisted|p1a: Slow Kizzle\n|-damage|p1a: Slow Kizzle|83\/100\n|\n|upkeep\n|turn|19\n|\n|t:|1699910933\n|switch|p2a: Muk|Muk-Alola, F|11\/100\n|-damage|p2a: Muk|0 fnt|[from] Spikes\n|-sideend|p2: Slalalll|move: Toxic Spikes|[of] p2a: Muk\n|faint|p2a: Muk\n|move|p1a: Slow Kizzle|Future Sight|p2: Muk\n|-start|p1a: Slow Kizzle|move: Future Sight\n|\n|upkeep\n|\n|t:|1699910951\n|switch|p2a: Maushold|Maushold-Four|100\/100\n|-damage|p2a: Maushold|84\/100|[from] Spikes\n|turn|20\n|inactive|Scorpio_C has 120 seconds left.\n|\n|t:|1699910971\n|switch|p1a: GG|Gholdengo|88\/100\n|-terastallize|p2a: Maushold|Steel\n|move|p2a: Maushold|Tidy Up|p2a: Maushold\n|-sideend|p2: Slalalll|Spikes\n|-activate|p2a: Maushold|move: Tidy Up\n|-boost|p2a: Maushold|atk|1\n|-boost|p2a: Maushold|spe|1\n|\n|-damage|p1a: GG|76\/100|[from] item: Black Sludge\n|upkeep\n|turn|21\n|\n|t:|1699910979\n|move|p2a: Maushold|Bite|p1a: GG\n|-supereffective|p1a: GG\n|-damage|p1a: GG|7\/100\n|move|p1a: GG|Trick|p2a: Maushold\n|-activate|p1a: GG|move: Trick|[of] p2a: Maushold\n|-item|p2a: Maushold|Black Sludge|[from] move: Trick\n|-item|p1a: GG|Wide Lens|[from] move: Trick\n|\n|-end|p2a: Maushold|move: Future Sight\n|-resisted|p2a: Maushold\n|-damage|p2a: Maushold|48\/100\n|-damage|p2a: Maushold|36\/100|[from] item: Black Sludge\n|upkeep\n|turn|22\n|\n|t:|1699910988\n|switch|p1a: Samurai Jack|Samurott-Hisui, M, shiny|61\/100\n|move|p2a: Maushold|Bite|p1a: Samurai Jack\n|-resisted|p1a: Samurai Jack\n|-damage|p1a: Samurai Jack|39\/100\n|\n|-damage|p2a: Maushold|23\/100|[from] item: Black Sludge\n|upkeep\n|turn|23\n|\n|t:|1699910994\n|move|p1a: Samurai Jack|Sucker Punch|p2a: Maushold\n|-damage|p2a: Maushold|0 fnt\n|faint|p2a: Maushold\n|\n|upkeep\n|\n|t:|1699910996\n|switch|p2a: Dragonite|Dragonite, F|100\/100\n|turn|24\n|\n|t:|1699911003\n|move|p1a: Samurai Jack|Ceaseless Edge|p2a: Dragonite|[miss]\n|-miss|p1a: Samurai Jack|p2a: Dragonite\n|move|p2a: Dragonite|Earthquake|p1a: Samurai Jack\n|-damage|p1a: Samurai Jack|0 fnt\n|faint|p1a: Samurai Jack\n|\n|upkeep\n|\n|t:|1699911013\n|switch|p1a: Dream|Ogerpon-Wellspring, F|100\/100\n|turn|25\n|\n|t:|1699911023\n|switch|p2a: Weezing|Weezing-Galar, F|75\/100\n|move|p1a: Dream|Knock Off|p2a: Weezing\n|-resisted|p2a: Weezing\n|-damage|p2a: Weezing|54\/100\n|-enditem|p2a: Weezing|Choice Specs|[from] move: Knock Off|[of] p1a: Dream\n|\n|upkeep\n|turn|26\n|\n|t:|1699911034\n|switch|p1a: Slow Kizzle|Slowking-Galar, M, shiny|100\/100\n|move|p2a: Weezing|Shadow Ball|p1a: Slow Kizzle\n|-supereffective|p1a: Slow Kizzle\n|-damage|p1a: Slow Kizzle|76\/100\n|\n|upkeep\n|turn|27\n|\n|t:|1699911061\n|switch|p2a: Dragonite|Dragonite, F|100\/100\n|move|p1a: Slow Kizzle|Sludge Bomb|p2a: Dragonite\n|-damage|p2a: Dragonite|82\/100\n|-status|p2a: Dragonite|psn\n|\n|-damage|p2a: Dragonite|70\/100 psn|[from] psn\n|upkeep\n|turn|28\n|\n|t:|1699911072\n|switch|p1a: Dream|Ogerpon-Wellspring, F|100\/100\n|move|p2a: Dragonite|Outrage|p1a: Dream\n|-damage|p1a: Dream|0 fnt\n|faint|p1a: Dream\n|\n|-damage|p2a: Dragonite|57\/100 psn|[from] psn\n|upkeep\n|\n|t:|1699911081\n|switch|p1a: GG|Gholdengo|7\/100\n|turn|29\n|\n|t:|1699911088\n|move|p1a: GG|Make It Rain|p2a: Dragonite\n|-damage|p2a: Dragonite|0 fnt\n|-unboost|p1a: GG|spa|1\n|faint|p2a: Dragonite\n|\n|upkeep\n|\n|t:|1699911090\n|switch|p2a: Walking Wake|Walking Wake|54\/100\n|turn|30\n|\n|t:|1699911094\n|switch|p1a: Slow Kizzle|Slowking-Galar, M, shiny|100\/100\n|move|p2a: Walking Wake|Flip Turn|p1a: Slow Kizzle\n|-damage|p1a: Slow Kizzle|85\/100\n|\n|t:|1699911096\n|-end|p2a: Walking Wake|Protosynthesis|[silent]\n|switch|p2a: Weezing|Weezing-Galar, F|54\/100|[from] Flip Turn\n|\n|upkeep\n|turn|31\n|\n|t:|1699911100\n|move|p2a: Weezing|Shadow Ball|p1a: Slow Kizzle\n|-supereffective|p1a: Slow Kizzle\n|-damage|p1a: Slow Kizzle|59\/100\n|move|p1a: Slow Kizzle|Future Sight|p2a: Weezing\n|-start|p1a: Slow Kizzle|move: Future Sight\n|\n|upkeep\n|turn|32\n|inactive|Scorpio_C has 120 seconds left.\n|\n|t:|1699911134\n|move|p2a: Weezing|Shadow Ball|p1a: Slow Kizzle\n|-supereffective|p1a: Slow Kizzle\n|-damage|p1a: Slow Kizzle|35\/100\n|move|p1a: Slow Kizzle|Chilly Reception|p1a: Slow Kizzle\n|-weather|Snow\n|\n|t:|1699911136\n|switch|p1a: GG|Gholdengo|7\/100|[from] Chilly Reception\n|\n|-weather|Snow|[upkeep]\n|upkeep\n|turn|33\n|\n|t:|1699911145\n|move|p1a: GG|Shadow Ball|p2a: Weezing\n|-damage|p2a: Weezing|0 fnt\n|faint|p2a: Weezing\n|\n|-weather|Snow|[upkeep]\n|-hint|Future Sight did not hit because the target is fainted.\n|upkeep\n|\n|t:|1699911146\n|switch|p2a: Walking Wake|Walking Wake|54\/100\n|turn|34\n|\n|t:|1699911159\n|move|p2a: Walking Wake|Draco Meteor|p1a: GG\n|-resisted|p1a: GG\n|-damage|p1a: GG|0 fnt\n|-unboost|p2a: Walking Wake|spa|2\n|faint|p1a: GG\n|\n|-weather|Snow|[upkeep]\n|upkeep\n|\n|t:|1699911162\n|switch|p1a: Slow Kizzle|Slowking-Galar, M, shiny|68\/100\n|turn|35\n|\n|t:|1699911166\n|move|p2a: Walking Wake|Draco Meteor|p1a: Slow Kizzle\n|-damage|p1a: Slow Kizzle|48\/100\n|-unboost|p2a: Walking Wake|spa|2\n|move|p1a: Slow Kizzle|Sludge Bomb|p2a: Walking Wake\n|-damage|p2a: Walking Wake|14\/100\n|\n|-weather|Snow|[upkeep]\n|upkeep\n|turn|36\n|\n|t:|1699911171\n|-terastallize|p1a: Slow Kizzle|Fairy\n|move|p2a: Walking Wake|Draco Meteor|p1a: Slow Kizzle\n|-immune|p1a: Slow Kizzle\n|move|p1a: Slow Kizzle|Toxic Spikes|p2a: Walking Wake\n|-sidestart|p2: Slalalll|move: Toxic Spikes\n|\n|-weather|none\n|upkeep\n|turn|37\n|-message|Slalalll forfeited.\n|\n|win|Scorpio_C\n|raw|Scorpio_C's rating: 1108 &rarr; <strong>1125<\/strong><br \/>(+17 for winning)\n|raw|Slalalll's rating: 1000 &rarr; <strong>1000<\/strong><br \/>(+0 for losing)\n|l|\u2606Slalalll\n","uploadtime":1699911187,"views":28,"p1id":"scorpioc","p2id":"slalalll","formatid":"gen9ou","rating":1000,"private":0,"password":""}