{"id":"gen9ou-1990926323","p1":"Lmaoface1","p2":"scalpel39","format":"[Gen 9] OU","log":"|j|\u2606Lmaoface1\n|j|\u2606scalpel39\n|t:|1700015946\n|gametype|singles\n|player|p1|Lmaoface1|hiker-gen4|1183\n|player|p2|scalpel39|caitlin|1120\n|teamsize|p1|6\n|teamsize|p2|6\n|gen|9\n|tier|[Gen 9] OU\n|rated|\n|rule|Sleep Clause Mod: Limit one foe put to sleep\n|rule|Species Clause: Limit one of each Pok\u00e9mon\n|rule|OHKO Clause: OHKO moves are banned\n|rule|Evasion Items Clause: Evasion items are banned\n|rule|Evasion Moves Clause: Evasion moves are banned\n|rule|Endless Battle Clause: Forcing endless battles is banned\n|rule|HP Percentage Mod: HP is shown in percentages\n|clearpoke\n|poke|p1|Ninetales-Alola, F|\n|poke|p1|Torterra, F|\n|poke|p1|Ogerpon-Wellspring, F|\n|poke|p1|Corviknight, M|\n|poke|p1|Samurott-Hisui, F|\n|poke|p1|Slowking-Galar, F|\n|poke|p2|Dragapult, F|\n|poke|p2|Sandy Shocks|\n|poke|p2|Hatterene, F|\n|poke|p2|Kingambit, M|\n|poke|p2|Enamorus, F|\n|poke|p2|Iron Valiant|\n|teampreview\n|inactive|Battle timer is ON: inactive players will automatically lose when time's up. (requested by Lmaoface1)\n|\n|t:|1700015961\n|start\n|switch|p1a: Slowking|Slowking-Galar, F|100\/100\n|switch|p2a: Sandy Shocks|Sandy Shocks|100\/100\n|-enditem|p2a: Sandy Shocks|Booster Energy\n|-activate|p2a: Sandy Shocks|ability: Protosynthesis|[fromitem]\n|-start|p2a: Sandy Shocks|protosynthesisspe\n|turn|1\n|\n|t:|1700015983\n|move|p2a: Sandy Shocks|Earth Power|p1a: Slowking\n|-supereffective|p1a: Slowking\n|-damage|p1a: Slowking|48\/100\n|move|p1a: Slowking|Toxic|p2a: Sandy Shocks\n|-status|p2a: Sandy Shocks|tox\n|\n|-damage|p2a: Sandy Shocks|94\/100 tox|[from] psn\n|upkeep\n|turn|2\n|\n|t:|1700015994\n|switch|p1a: Corviknight|Corviknight, M|100\/100\n|move|p2a: Sandy Shocks|Earth Power|p1a: Corviknight\n|-immune|p1a: Corviknight\n|\n|-damage|p2a: Sandy Shocks|82\/100 tox|[from] psn\n|upkeep\n|turn|3\n|\n|t:|1700016003\n|switch|p1a: Torterra|Torterra, F|100\/100\n|move|p2a: Sandy Shocks|Thunderbolt|p1a: Torterra\n|-immune|p1a: Torterra\n|\n|-damage|p2a: Sandy Shocks|63\/100 tox|[from] psn\n|upkeep\n|turn|4\n|\n|t:|1700016011\n|switch|p1a: Slowking|Slowking-Galar, F|81\/100\n|-terastallize|p2a: Sandy Shocks|Ice\n|move|p2a: Sandy Shocks|Tera Blast|p1a: Slowking|[anim] Tera Blast Ice\n|-damage|p1a: Slowking|58\/100\n|\n|-damage|p2a: Sandy Shocks|39\/100 tox|[from] psn\n|upkeep\n|turn|5\n|\n|t:|1700016022\n|move|p2a: Sandy Shocks|Thunderbolt|p1a: Slowking\n|-damage|p1a: Slowking|32\/100\n|move|p1a: Slowking|Chilly Reception|p1a: Slowking\n|-weather|Snow\n|\n|t:|1700016029\n|switch|p1a: Ninetales|Ninetales-Alola, F|100\/100|[from] Chilly Reception\n|\n|-weather|Snow|[upkeep]\n|-damage|p2a: Sandy Shocks|8\/100 tox|[from] psn\n|upkeep\n|turn|6\n|\n|t:|1700016041\n|move|p2a: Sandy Shocks|Earth Power|p1a: Ninetales\n|-damage|p1a: Ninetales|49\/100\n|move|p1a: Ninetales|Aurora Veil|p1a: Ninetales\n|-sidestart|p1: Lmaoface1|move: Aurora Veil\n|\n|-weather|Snow|[upkeep]\n|-damage|p2a: Sandy Shocks|0 fnt|[from] psn\n|faint|p2a: Sandy Shocks\n|-end|p2a: Sandy Shocks|Protosynthesis|[silent]\n|upkeep\n|inactive|scalpel39 has 120 seconds left.\n|\n|t:|1700016067\n|switch|p2a: Dragapult|Dragapult, F|100\/100\n|turn|7\n|\n|t:|1700016071\n|move|p2a: Dragapult|Reflect|p2a: Dragapult\n|-sidestart|p2: scalpel39|Reflect\n|move|p1a: Ninetales|Blizzard|p2a: Dragapult\n|-supereffective|p2a: Dragapult\n|-crit|p2a: Dragapult\n|-damage|p2a: Dragapult|0 fnt\n|faint|p2a: Dragapult\n|\n|-weather|Snow|[upkeep]\n|upkeep\n|\n|t:|1700016078\n|switch|p2a: Iron Valiant|Iron Valiant|100\/100\n|-enditem|p2a: Iron Valiant|Booster Energy\n|-activate|p2a: Iron Valiant|ability: Quark Drive|[fromitem]\n|-start|p2a: Iron Valiant|quarkdrivespe\n|turn|8\n|\n|t:|1700016102\n|move|p2a: Iron Valiant|Swords Dance|p2a: Iron Valiant\n|-boost|p2a: Iron Valiant|atk|2\n|move|p1a: Ninetales|Encore|p2a: Iron Valiant\n|-start|p2a: Iron Valiant|Encore\n|\n|-weather|Snow|[upkeep]\n|upkeep\n|turn|9\n|-message|scalpel39 forfeited.\n|\n|win|Lmaoface1\n|raw|Lmaoface1's rating: 1183 &rarr; <strong>1204<\/strong><br \/>(+21 for winning)\n|raw|scalpel39's rating: 1120 &rarr; <strong>1099<\/strong><br \/>(-21 for losing)\n|l|\u2606scalpel39\n","uploadtime":1700016151,"views":16,"p1id":"lmaoface1","p2id":"scalpel39","formatid":"gen9ou","rating":1099,"private":0,"password":""}