{"id":"gen9ou-1993984280","p1":"Chopsuey33","p2":"Swizzlle","format":"[Gen 9] OU","log":"|j|\u2606Chopsuey33\n|j|\u2606Swizzlle\n|t:|1700388156\n|gametype|singles\n|player|p1|Chopsuey33|marlon|1456\n|player|p2|Swizzlle|ingo|1351\n|teamsize|p1|6\n|teamsize|p2|6\n|gen|9\n|tier|[Gen 9] OU\n|rated|\n|rule|Sleep Clause Mod: Limit one foe put to sleep\n|rule|Species Clause: Limit one of each Pok\u00e9mon\n|rule|OHKO Clause: OHKO moves are banned\n|rule|Evasion Items Clause: Evasion items are banned\n|rule|Evasion Moves Clause: Evasion moves are banned\n|rule|Endless Battle Clause: Forcing endless battles is banned\n|rule|HP Percentage Mod: HP is shown in percentages\n|clearpoke\n|poke|p1|Maushold|\n|poke|p1|Samurott-Hisui, M|\n|poke|p1|Kingambit, F|\n|poke|p1|Garganacl, M|\n|poke|p1|Amoonguss, M|\n|poke|p1|Weavile, F|\n|poke|p2|Mudsdale, M|\n|poke|p2|Bellibolt, M|\n|poke|p2|Brambleghast, M|\n|poke|p2|Conkeldurr, M|\n|poke|p2|Umbreon, M|\n|poke|p2|Ursaring, F|\n|teampreview\n|\n|t:|1700388203\n|start\n|switch|p1a: Garganacl|Garganacl, M|100\/100\n|switch|p2a: Conkeldurr|Conkeldurr, M|100\/100\n|turn|1\n|\n|t:|1700388212\n|switch|p1a: Amoonguss|Amoonguss, M, shiny|100\/100\n|move|p2a: Conkeldurr|Close Combat|p1a: Amoonguss\n|-resisted|p1a: Amoonguss\n|-damage|p1a: Amoonguss|73\/100\n|-unboost|p2a: Conkeldurr|def|1\n|-unboost|p2a: Conkeldurr|spd|1\n|-enditem|p1a: Amoonguss|Red Card|[of] p2a: Conkeldurr\n|drag|p2a: Ursaring|Ursaring, F|100\/100\n|\n|upkeep\n|turn|2\n|\n|t:|1700388225\n|move|p2a: Ursaring|Earthquake|p1a: Amoonguss\n|-crit|p1a: Amoonguss\n|-damage|p1a: Amoonguss|41\/100\n|move|p1a: Amoonguss|Spore|p2a: Ursaring\n|-status|p2a: Ursaring|slp|[from] move: Spore\n|\n|upkeep\n|turn|3\n|\n|t:|1700388236\n|switch|p2a: Mudsdale|Mudsdale, M|100\/100\n|move|p1a: Amoonguss|Sludge Bomb|p2a: Mudsdale\n|-resisted|p2a: Mudsdale\n|-damage|p2a: Mudsdale|87\/100\n|-ability|p2a: Mudsdale|Stamina|boost\n|-boost|p2a: Mudsdale|def|1\n|\n|-heal|p2a: Mudsdale|93\/100|[from] item: Leftovers\n|upkeep\n|turn|4\n|\n|t:|1700388244\n|move|p2a: Mudsdale|Stealth Rock|p1a: Amoonguss\n|-sidestart|p1: Chopsuey33|move: Stealth Rock\n|move|p1a: Amoonguss|Grass Knot|p2a: Mudsdale\n|-supereffective|p2a: Mudsdale\n|-crit|p2a: Mudsdale\n|-damage|p2a: Mudsdale|0 fnt\n|faint|p2a: Mudsdale\n|\n|upkeep\n|\n|t:|1700388250\n|switch|p2a: Conkeldurr|Conkeldurr, M|100\/100\n|turn|5\n|\n|t:|1700388265\n|switch|p1a: Samurott|Samurott-Hisui, M, shiny|100\/100\n|-damage|p1a: Samurott|88\/100|[from] Stealth Rock\n|move|p2a: Conkeldurr|Facade|p1a: Samurott\n|-damage|p1a: Samurott|57\/100\n|\n|-status|p2a: Conkeldurr|brn|[from] item: Flame Orb\n|upkeep\n|turn|6\n|\n|t:|1700388272\n|move|p2a: Conkeldurr|Mach Punch|p1a: Samurott\n|-supereffective|p1a: Samurott\n|-damage|p1a: Samurott|0 fnt\n|faint|p1a: Samurott\n|\n|-damage|p2a: Conkeldurr|94\/100 brn|[from] brn\n|upkeep\n|\n|t:|1700388277\n|switch|p1a: Maushold|Maushold|100\/100\n|-damage|p1a: Maushold|88\/100|[from] Stealth Rock\n|turn|7\n|\n|t:|1700388281\n|-terastallize|p1a: Maushold|Ghost\n|move|p1a: Maushold|Tidy Up|p1a: Maushold\n|-sideend|p1: Chopsuey33|Stealth Rock\n|-activate|p1a: Maushold|move: Tidy Up\n|-boost|p1a: Maushold|atk|1\n|-boost|p1a: Maushold|spe|1\n|move|p2a: Conkeldurr|Knock Off|p1a: Maushold\n|-supereffective|p1a: Maushold\n|-damage|p1a: Maushold|0 fnt\n|-enditem|p1a: Maushold|Wide Lens|[from] move: Knock Off|[of] p2a: Conkeldurr\n|faint|p1a: Maushold\n|\n|-damage|p2a: Conkeldurr|88\/100 brn|[from] brn\n|upkeep\n|-message|Chopsuey33 forfeited.\n|\n|win|Swizzlle\n|raw|Chopsuey33's rating: 1456 &rarr; <strong>1430<\/strong><br \/>(-26 for losing)\n|raw|Swizzlle's rating: 1351 &rarr; <strong>1377<\/strong><br \/>(+26 for winning)\n|l|\u2606Chopsuey33\n","uploadtime":1700388297,"views":10,"p1id":"chopsuey33","p2id":"swizzlle","formatid":"gen9ou","rating":1377,"private":0,"password":""}