{"id":"gen9ou-1989693571","p1":"ILOVELANDORUSLFG","p2":"littensalt","format":"[Gen 9] OU","log":"|j|\u2606ILOVELANDORUSLFG\n|j|\u2606littensalt\n|t:|1699887492\n|gametype|singles\n|player|p1|ILOVELANDORUSLFG|benga|1282\n|player|p2|littensalt|calem|1370\n|teamsize|p1|6\n|teamsize|p2|6\n|gen|9\n|tier|[Gen 9] OU\n|rated|\n|rule|Sleep Clause Mod: Limit one foe put to sleep\n|rule|Species Clause: Limit one of each Pok\u00e9mon\n|rule|OHKO Clause: OHKO moves are banned\n|rule|Evasion Items Clause: Evasion items are banned\n|rule|Evasion Moves Clause: Evasion moves are banned\n|rule|Endless Battle Clause: Forcing endless battles is banned\n|rule|HP Percentage Mod: HP is shown in percentages\n|clearpoke\n|poke|p1|Landorus-Therian, M|\n|poke|p1|Greninja-*, M|\n|poke|p1|Ogerpon-Wellspring, F|\n|poke|p1|Great Tusk|\n|poke|p1|Gligar, M|\n|poke|p1|Iron Valiant|\n|poke|p2|Thundurus-Therian, M|\n|poke|p2|Weezing-Galar, M|\n|poke|p2|Cinderace, F|\n|poke|p2|Dragapult, F|\n|poke|p2|Greninja-*, M|\n|poke|p2|Zamazenta-*|\n|teampreview\n|\n|t:|1699887500\n|start\n|switch|p1a: Gligar|Gligar, M|100\/100\n|switch|p2a: KIDS SEE GHOST|Dragapult, F, shiny|100\/100\n|turn|1\n|\n|t:|1699887511\n|move|p2a: KIDS SEE GHOST|U-turn|p1a: Gligar\n|-resisted|p1a: Gligar\n|-damage|p1a: Gligar|96\/100\n|\n|t:|1699887513\n|switch|p2a: wheezy outta here|Weezing-Galar, M, shiny|100\/100|[from] U-turn\n|-ability|p2a: wheezy outta here|Neutralizing Gas\n|move|p1a: Gligar|Toxic|p2a: wheezy outta here\n|-immune|p2a: wheezy outta here\n|\n|upkeep\n|turn|2\n|\n|t:|1699887521\n|move|p1a: Gligar|Earthquake|p2a: wheezy outta here\n|-supereffective|p2a: wheezy outta here\n|-damage|p2a: wheezy outta here|64\/100\n|move|p2a: wheezy outta here|Will-O-Wisp|p1a: Gligar\n|-status|p1a: Gligar|brn\n|\n|-damage|p1a: Gligar|90\/100 brn|[from] brn\n|upkeep\n|turn|3\n|\n|t:|1699887527\n|move|p1a: Gligar|U-turn|p2a: wheezy outta here\n|-resisted|p2a: wheezy outta here\n|-damage|p2a: wheezy outta here|63\/100\n|-damage|p1a: Gligar|74\/100 brn|[from] item: Rocky Helmet|[of] p2a: wheezy outta here\n|\n|t:|1699887535\n|switch|p1a: Great Tusk|Great Tusk|100\/100|[from] U-turn\n|-enditem|p1a: Great Tusk|Booster Energy\n|-activate|p1a: Great Tusk|ability: Protosynthesis|[fromitem]\n|-start|p1a: Great Tusk|protosynthesisatk\n|move|p2a: wheezy outta here|Pain Split|p1a: Great Tusk\n|-sethp|p1a: Great Tusk|78\/100|[from] move: Pain Split|[silent]\n|-sethp|p2a: wheezy outta here|88\/100|[from] move: Pain Split\n|\n|upkeep\n|turn|4\n|\n|t:|1699887546\n|-end|p2a: wheezy outta here|ability: Neutralizing Gas\n|switch|p2a: 5g|Thundurus-Therian, M, shiny|100\/100\n|move|p1a: Great Tusk|Earthquake|p2a: 5g\n|-immune|p2a: 5g\n|\n|upkeep\n|turn|5\n|\n|t:|1699887558\n|move|p2a: 5g|Tera Blast|p1a: Great Tusk\n|-damage|p1a: Great Tusk|0 fnt\n|faint|p1a: Great Tusk\n|-end|p1a: Great Tusk|Protosynthesis|[silent]\n|\n|upkeep\n|\n|t:|1699887562\n|switch|p1a: Iron Valiant|Iron Valiant|100\/100\n|-enditem|p1a: Iron Valiant|Booster Energy\n|-activate|p1a: Iron Valiant|ability: Quark Drive|[fromitem]\n|-start|p1a: Iron Valiant|quarkdrivespe\n|turn|6\n|\n|t:|1699887566\n|switch|p2a: FRANCHISE|Cinderace, F|100\/100\n|move|p1a: Iron Valiant|Moonblast|p2a: FRANCHISE\n|-resisted|p2a: FRANCHISE\n|-damage|p2a: FRANCHISE|70\/100\n|\n|upkeep\n|turn|7\n|\n|t:|1699887573\n|move|p1a: Iron Valiant|Aura Sphere|p2a: FRANCHISE\n|-damage|p2a: FRANCHISE|13\/100\n|move|p2a: FRANCHISE|Pyro Ball|p1a: Iron Valiant\n|-crit|p1a: Iron Valiant\n|-damage|p1a: Iron Valiant|0 fnt\n|faint|p1a: Iron Valiant\n|-end|p1a: Iron Valiant|Quark Drive|[silent]\n|\n|upkeep\n|\n|t:|1699887577\n|switch|p1a: Greninja|Greninja, M|100\/100\n|turn|8\n|\n|t:|1699887592\n|switch|p2a: wheezy outta here|Weezing-Galar, M, shiny|88\/100\n|-ability|p2a: wheezy outta here|Neutralizing Gas\n|-terastallize|p1a: Greninja|Water\n|move|p1a: Greninja|Surf|p2a: wheezy outta here\n|-damage|p2a: wheezy outta here|19\/100\n|\n|upkeep\n|turn|9\n|\n|t:|1699887603\n|-end|p2a: wheezy outta here|ability: Neutralizing Gas\n|switch|p2a: KIDS SEE GHOST|Dragapult, F, shiny|100\/100\n|move|p1a: Greninja|Water Shuriken|p2a: KIDS SEE GHOST\n|-resisted|p2a: KIDS SEE GHOST\n|-damage|p2a: KIDS SEE GHOST|94\/100\n|-resisted|p2a: KIDS SEE GHOST\n|-damage|p2a: KIDS SEE GHOST|88\/100\n|-resisted|p2a: KIDS SEE GHOST\n|-damage|p2a: KIDS SEE GHOST|82\/100\n|-resisted|p2a: KIDS SEE GHOST\n|-damage|p2a: KIDS SEE GHOST|76\/100\n|-resisted|p2a: KIDS SEE GHOST\n|-crit|p2a: KIDS SEE GHOST\n|-damage|p2a: KIDS SEE GHOST|67\/100\n|-hitcount|p2a: KIDS SEE GHOST|5\n|\n|upkeep\n|turn|10\n|\n|t:|1699887617\n|switch|p1a: Gligar|Gligar, M|74\/100 brn\n|move|p2a: KIDS SEE GHOST|U-turn|p1a: Gligar\n|-resisted|p1a: Gligar\n|-damage|p1a: Gligar|70\/100 brn\n|\n|t:|1699887622\n|switch|p2a: wheezy outta here|Weezing-Galar, M, shiny|19\/100|[from] U-turn\n|-ability|p2a: wheezy outta here|Neutralizing Gas\n|\n|-damage|p1a: Gligar|64\/100 brn|[from] brn\n|upkeep\n|turn|11\n|\n|t:|1699887636\n|move|p1a: Gligar|Earthquake|p2a: wheezy outta here\n|-supereffective|p2a: wheezy outta here\n|-damage|p2a: wheezy outta here|0 fnt\n|faint|p2a: wheezy outta here\n|-end|p2a: wheezy outta here|ability: Neutralizing Gas\n|\n|-damage|p1a: Gligar|58\/100 brn|[from] brn\n|upkeep\n|\n|t:|1699887659\n|switch|p2a: november|Zamazenta|100\/100\n|-ability|p2a: november|Dauntless Shield|boost\n|-boost|p2a: november|def|1\n|turn|12\n|\n|t:|1699887664\n|move|p2a: november|Substitute|p2a: november\n|-start|p2a: november|Substitute\n|-damage|p2a: november|75\/100\n|move|p1a: Gligar|Toxic||[still]\n|-fail|p1a: Gligar\n|\n|-heal|p2a: november|82\/100|[from] item: Leftovers\n|-damage|p1a: Gligar|52\/100 brn|[from] brn\n|upkeep\n|turn|13\n|\n|t:|1699887670\n|move|p2a: november|Iron Defense|p2a: november\n|-boost|p2a: november|def|2\n|move|p1a: Gligar|U-turn|p2a: november\n|-resisted|p2a: november\n|-activate|p2a: november|move: Substitute|[damage]\n|\n|t:|1699887672\n|switch|p1a: Greninja|Greninja, M, tera:Water|100\/100|[from] U-turn\n|\n|-heal|p2a: november|88\/100|[from] item: Leftovers\n|upkeep\n|turn|14\n|\n|t:|1699887678\n|move|p1a: Greninja|Water Shuriken|p2a: november\n|-activate|p2a: november|move: Substitute|[damage]\n|-activate|p2a: november|move: Substitute|[damage]\n|-activate|p2a: november|move: Substitute|[damage]\n|-end|p2a: november|Substitute\n|-hitcount|p2a: november|4\n|move|p2a: november|Body Press|p1a: Greninja\n|-damage|p1a: Greninja|0 fnt\n|faint|p1a: Greninja\n|\n|-heal|p2a: november|94\/100|[from] item: Leftovers\n|upkeep\n|\n|t:|1699887688\n|switch|p1a: Ogerpon|Ogerpon-Wellspring, F|100\/100\n|turn|15\n|\n|t:|1699887693\n|move|p2a: november|Substitute|p2a: november\n|-start|p2a: november|Substitute\n|-damage|p2a: november|69\/100\n|move|p1a: Ogerpon|Ivy Cudgel|p2a: november\n|-crit|p2a: november\n|-end|p2a: november|Substitute\n|\n|-heal|p2a: november|75\/100|[from] item: Leftovers\n|upkeep\n|turn|16\n|\n|t:|1699887699\n|move|p2a: november|Body Press|p1a: Ogerpon\n|-damage|p1a: Ogerpon|0 fnt\n|faint|p1a: Ogerpon\n|\n|-heal|p2a: november|81\/100|[from] item: Leftovers\n|upkeep\n|\n|t:|1699887701\n|switch|p1a: Landorus|Landorus-Therian, M|100\/100\n|-ability|p1a: Landorus|Intimidate|boost\n|-unboost|p2a: november|atk|1\n|turn|17\n|\n|t:|1699887703\n|move|p1a: Landorus|Earthquake|p2a: november\n|-damage|p2a: november|65\/100\n|move|p2a: november|Iron Defense|p2a: november\n|-boost|p2a: november|def|2\n|\n|-heal|p2a: november|71\/100|[from] item: Leftovers\n|upkeep\n|turn|18\n|\n|t:|1699887706\n|move|p1a: Landorus|Earthquake|p2a: november\n|-damage|p2a: november|58\/100\n|move|p2a: november|Body Press|p1a: Landorus\n|-resisted|p1a: Landorus\n|-damage|p1a: Landorus|28\/100\n|\n|-heal|p2a: november|65\/100|[from] item: Leftovers\n|upkeep\n|turn|19\n|\n|t:|1699887708\n|move|p1a: Landorus|Earthquake|p2a: november\n|-damage|p2a: november|53\/100\n|move|p2a: november|Iron Defense|p2a: november\n|-boost|p2a: november|def|1\n|\n|-heal|p2a: november|59\/100|[from] item: Leftovers\n|upkeep\n|turn|20\n|-message|ILOVELANDORUSLFG forfeited.\n|\n|win|littensalt\n|raw|ILOVELANDORUSLFG's rating: 1282 &rarr; <strong>1263<\/strong><br \/>(-19 for losing)\n|raw|littensalt's rating: 1370 &rarr; <strong>1385<\/strong><br \/>(+15 for winning)\n|l|\u2606ILOVELANDORUSLFG\n","uploadtime":1699887716,"views":6,"p1id":"ilovelandoruslfg","p2id":"littensalt","formatid":"gen9ou","rating":1263,"private":0,"password":""}