{"id":"gen9ou-1993547953","p1":"Voltekker","p2":"lolwotda","format":"[Gen 9] OU","log":"|j|\u2606Voltekker\n|j|\u2606lolwotda\n|t:|1700330467\n|gametype|singles\n|player|p1|Voltekker|clair|1000\n|player|p2|lolwotda|colress|1009\n|teamsize|p1|6\n|teamsize|p2|6\n|gen|9\n|tier|[Gen 9] OU\n|rated|\n|rule|Sleep Clause Mod: Limit one foe put to sleep\n|rule|Species Clause: Limit one of each Pok\u00e9mon\n|rule|OHKO Clause: OHKO moves are banned\n|rule|Evasion Items Clause: Evasion items are banned\n|rule|Evasion Moves Clause: Evasion moves are banned\n|rule|Endless Battle Clause: Forcing endless battles is banned\n|rule|HP Percentage Mod: HP is shown in percentages\n|clearpoke\n|poke|p1|Lokix, F|\n|poke|p1|Ribombee, M|\n|poke|p1|Great Tusk|\n|poke|p1|Gholdengo|\n|poke|p1|Dragapult, F|\n|poke|p1|Ogerpon-Wellspring, F|\n|poke|p2|Dragonite, F|\n|poke|p2|Empoleon, F|\n|poke|p2|Cyclizar, M|\n|poke|p2|Skeledirge, F|\n|poke|p2|Sylveon, F|\n|poke|p2|Meowscarada, F|\n|teampreview\n|\n|t:|1700330490\n|start\n|switch|p1a: Mr Beest|Ribombee, M, shiny|100\/100\n|switch|p2a: Skeledirge|Skeledirge, F|100\/100\n|turn|1\n|\n|t:|1700330494\n|move|p1a: Mr Beest|Sticky Web|p2a: Skeledirge\n|-sidestart|p2: lolwotda|move: Sticky Web\n|move|p2a: Skeledirge|Torch Song|p1a: Mr Beest\n|-supereffective|p1a: Mr Beest\n|-damage|p1a: Mr Beest|2\/100\n|-boost|p2a: Skeledirge|spa|1\n|\n|upkeep\n|turn|2\n|\n|t:|1700330502\n|move|p1a: Mr Beest|Stun Spore|p2a: Skeledirge|[miss]\n|-miss|p1a: Mr Beest|p2a: Skeledirge\n|move|p2a: Skeledirge|Torch Song|p1a: Mr Beest\n|-supereffective|p1a: Mr Beest\n|-damage|p1a: Mr Beest|0 fnt\n|-boost|p2a: Skeledirge|spa|1\n|faint|p1a: Mr Beest\n|\n|upkeep\n|\n|t:|1700330516\n|switch|p1a: Tusk|Great Tusk|100\/100\n|turn|3\n|\n|t:|1700330529\n|-terastallize|p2a: Skeledirge|Fairy\n|move|p1a: Tusk|Headlong Rush|p2a: Skeledirge\n|-damage|p2a: Skeledirge|63\/100\n|-unboost|p1a: Tusk|def|1\n|-unboost|p1a: Tusk|spd|1\n|move|p2a: Skeledirge|Will-O-Wisp|p1a: Tusk\n|-status|p1a: Tusk|brn\n|\n|-heal|p2a: Skeledirge|69\/100|[from] item: Leftovers\n|-damage|p1a: Tusk|94\/100 brn|[from] brn\n|upkeep\n|turn|4\n|\n|t:|1700330549\n|-end|p1a: Tusk|Protosynthesis|[silent]\n|switch|p1a: Big Iron|Gholdengo|100\/100\n|-item|p1a: Big Iron|Air Balloon\n|move|p2a: Skeledirge|Torch Song|p1a: Big Iron\n|-supereffective|p1a: Big Iron\n|-damage|p1a: Big Iron|0 fnt\n|-boost|p2a: Skeledirge|spa|1\n|-enditem|p1a: Big Iron|Air Balloon\n|faint|p1a: Big Iron\n|\n|-heal|p2a: Skeledirge|75\/100|[from] item: Leftovers\n|upkeep\n|\n|t:|1700330581\n|switch|p1a: Dr kill|Ogerpon-Wellspring, F|100\/100\n|turn|5\n|\n|t:|1700330587\n|-terastallize|p1a: Dr kill|Water\n|detailschange|p1a: Dr kill|Ogerpon-Wellspring-Tera, F, tera:Water\n|-ability|p1a: Dr kill|Embody Aspect (Wellspring)|boost\n|-boost|p1a: Dr kill|spd|1\n|move|p1a: Dr kill|Ivy Cudgel|p2a: Skeledirge|[anim] Ivy Cudgel Water\n|-damage|p2a: Skeledirge|30\/100\n|move|p2a: Skeledirge|Will-O-Wisp|p1a: Dr kill\n|-status|p1a: Dr kill|brn\n|\n|-heal|p2a: Skeledirge|36\/100|[from] item: Leftovers\n|-damage|p1a: Dr kill|95\/100 brn|[from] brn\n|upkeep\n|turn|6\n|\n|t:|1700330600\n|move|p1a: Dr kill|Ivy Cudgel|p2a: Skeledirge|[anim] Ivy Cudgel Water\n|-damage|p2a: Skeledirge|13\/100\n|move|p2a: Skeledirge|Slack Off|p2a: Skeledirge\n|-heal|p2a: Skeledirge|63\/100\n|\n|-heal|p2a: Skeledirge|69\/100|[from] item: Leftovers\n|-damage|p1a: Dr kill|89\/100 brn|[from] brn\n|upkeep\n|turn|7\n|\n|t:|1700330608\n|move|p1a: Dr kill|Swords Dance|p1a: Dr kill\n|-boost|p1a: Dr kill|atk|2\n|move|p2a: Skeledirge|Slack Off|p2a: Skeledirge\n|-heal|p2a: Skeledirge|100\/100\n|\n|-damage|p1a: Dr kill|83\/100 brn|[from] brn\n|upkeep\n|turn|8\n|\n|t:|1700330618\n|move|p1a: Dr kill|Ivy Cudgel|p2a: Skeledirge|[anim] Ivy Cudgel Water\n|-damage|p2a: Skeledirge|76\/100\n|move|p2a: Skeledirge|Torch Song|p1a: Dr kill\n|-resisted|p1a: Dr kill\n|-damage|p1a: Dr kill|38\/100 brn\n|-boost|p2a: Skeledirge|spa|1\n|\n|-heal|p2a: Skeledirge|83\/100|[from] item: Leftovers\n|-damage|p1a: Dr kill|32\/100 brn|[from] brn\n|upkeep\n|turn|9\n|c|\u2606lolwotda|unaware is balanced\n|c|\u2606Voltekker|Yep\n|c|\u2606Voltekker|Ignores buffs, but not debuffs\n|c|\u2606Voltekker|Incredible\n|\n|t:|1700330669\n|switch|p1a: Drag-on Dragapult|Dragapult, F|100\/100\n|move|p2a: Skeledirge|Torch Song|p1a: Drag-on Dragapult\n|-resisted|p1a: Drag-on Dragapult\n|-damage|p1a: Drag-on Dragapult|42\/100\n|-boost|p2a: Skeledirge|spa|1\n|\n|-heal|p2a: Skeledirge|89\/100|[from] item: Leftovers\n|upkeep\n|turn|10\n|\n|t:|1700330683\n|move|p1a: Drag-on Dragapult|Shadow Ball|p2a: Skeledirge\n|-damage|p2a: Skeledirge|33\/100\n|move|p2a: Skeledirge|Torch Song|p1a: Drag-on Dragapult\n|-resisted|p1a: Drag-on Dragapult\n|-damage|p1a: Drag-on Dragapult|0 fnt\n|-boost|p2a: Skeledirge|spa|1\n|faint|p1a: Drag-on Dragapult\n|\n|-heal|p2a: Skeledirge|39\/100|[from] item: Leftovers\n|upkeep\n|\n|t:|1700330690\n|switch|p1a: A jump to the sky|Lokix, F, shiny|100\/100\n|turn|11\n|\n|t:|1700330700\n|move|p1a: A jump to the sky|Leech Life|p2a: Skeledirge\n|-resisted|p2a: Skeledirge\n|-damage|p2a: Skeledirge|7\/100\n|move|p2a: Skeledirge|Slack Off|p2a: Skeledirge\n|-heal|p2a: Skeledirge|57\/100\n|\n|-heal|p2a: Skeledirge|63\/100|[from] item: Leftovers\n|upkeep\n|turn|12\n|\n|t:|1700330713\n|move|p1a: A jump to the sky|Leech Life|p2a: Skeledirge\n|-resisted|p2a: Skeledirge\n|-damage|p2a: Skeledirge|31\/100\n|move|p2a: Skeledirge|Slack Off|p2a: Skeledirge\n|-heal|p2a: Skeledirge|81\/100\n|\n|-heal|p2a: Skeledirge|87\/100|[from] item: Leftovers\n|upkeep\n|turn|13\n|\n|t:|1700330723\n|move|p1a: A jump to the sky|Leech Life|p2a: Skeledirge\n|-resisted|p2a: Skeledirge\n|-damage|p2a: Skeledirge|52\/100\n|move|p2a: Skeledirge|Will-O-Wisp|p1a: A jump to the sky\n|-status|p1a: A jump to the sky|brn\n|\n|-heal|p2a: Skeledirge|58\/100|[from] item: Leftovers\n|-damage|p1a: A jump to the sky|94\/100 brn|[from] brn\n|upkeep\n|turn|14\n|\n|t:|1700330732\n|move|p1a: A jump to the sky|Leech Life|p2a: Skeledirge\n|-resisted|p2a: Skeledirge\n|-damage|p2a: Skeledirge|40\/100\n|-heal|p1a: A jump to the sky|100\/100 brn|[from] drain|[of] p2a: Skeledirge\n|move|p2a: Skeledirge|Slack Off|p2a: Skeledirge\n|-heal|p2a: Skeledirge|90\/100\n|\n|-heal|p2a: Skeledirge|96\/100|[from] item: Leftovers\n|-damage|p1a: A jump to the sky|94\/100 brn|[from] brn\n|upkeep\n|turn|15\n|\n|t:|1700330741\n|move|p1a: A jump to the sky|Leech Life|p2a: Skeledirge\n|-resisted|p2a: Skeledirge\n|-damage|p2a: Skeledirge|79\/100\n|-heal|p1a: A jump to the sky|100\/100 brn|[from] drain|[of] p2a: Skeledirge\n|move|p2a: Skeledirge|Torch Song|p1a: A jump to the sky\n|-supereffective|p1a: A jump to the sky\n|-crit|p1a: A jump to the sky\n|-damage|p1a: A jump to the sky|0 fnt\n|faint|p1a: A jump to the sky\n|\n|-heal|p2a: Skeledirge|85\/100|[from] item: Leftovers\n|upkeep\n|\n|t:|1700330749\n|switch|p1a: Tusk|Great Tusk|94\/100 brn\n|turn|16\n|\n|t:|1700330755\n|move|p1a: Tusk|Headlong Rush|p2a: Skeledirge\n|-damage|p2a: Skeledirge|65\/100\n|-unboost|p1a: Tusk|def|1\n|-unboost|p1a: Tusk|spd|1\n|move|p2a: Skeledirge|Torch Song|p1a: Tusk\n|-damage|p1a: Tusk|0 fnt\n|faint|p1a: Tusk\n|-end|p1a: Tusk|Protosynthesis|[silent]\n|\n|-heal|p2a: Skeledirge|71\/100|[from] item: Leftovers\n|upkeep\n|\n|t:|1700330759\n|switch|p1a: Dr kill|Ogerpon-Wellspring-Tera, F, tera:Water|32\/100 brn\n|-ability|p1a: Dr kill|Embody Aspect (Wellspring)|boost\n|-boost|p1a: Dr kill|spd|1\n|turn|17\n|\n|t:|1700330777\n|move|p1a: Dr kill|Knock Off|p2a: Skeledirge\n|-resisted|p2a: Skeledirge\n|-damage|p2a: Skeledirge|65\/100\n|-enditem|p2a: Skeledirge|Leftovers|[from] move: Knock Off|[of] p1a: Dr kill\n|move|p2a: Skeledirge|Torch Song|p1a: Dr kill\n|-resisted|p1a: Dr kill\n|-damage|p1a: Dr kill|0 fnt\n|faint|p1a: Dr kill\n|\n|win|lolwotda\n|raw|Voltekker's rating: 1000 &rarr; <strong>1000<\/strong><br \/>(+0 for losing)\n|raw|lolwotda's rating: 1009 &rarr; <strong>1047<\/strong><br \/>(+38 for winning)\n|l|\u2606Voltekker\n","uploadtime":1700330796,"views":9,"p1id":"voltekker","p2id":"lolwotda","formatid":"gen9ou","rating":1000,"private":0,"password":""}