{"id":"gen9ou-1999972596","p1":"yamiyami17","p2":"Burned_mirror","format":"[Gen 9] OU","log":"|j|\u2606yamiyami17\n|j|\u2606Burned_mirror\n|t:|1701136259\n|gametype|singles\n|player|p1|yamiyami17|102|1324\n|player|p2|Burned_mirror|169|1296\n|teamsize|p1|6\n|teamsize|p2|6\n|gen|9\n|tier|[Gen 9] OU\n|rated|\n|rule|Sleep Clause Mod: Limit one foe put to sleep\n|rule|Species Clause: Limit one of each Pok\u00e9mon\n|rule|OHKO Clause: OHKO moves are banned\n|rule|Evasion Items Clause: Evasion items are banned\n|rule|Evasion Moves Clause: Evasion moves are banned\n|rule|Endless Battle Clause: Forcing endless battles is banned\n|rule|HP Percentage Mod: HP is shown in percentages\n|clearpoke\n|poke|p1|Tyranitar, M|\n|poke|p1|Lycanroc, F|\n|poke|p1|Kleavor, M|\n|poke|p1|Rillaboom, F|\n|poke|p1|Greninja-*, M|\n|poke|p1|Zapdos|\n|poke|p2|Torkoal, M|\n|poke|p2|Walking Wake|\n|poke|p2|Hatterene, F|\n|poke|p2|Iron Moth|\n|poke|p2|Moltres|\n|poke|p2|Hawlucha, M|\n|teampreview\n|inactive|Battle timer is ON: inactive players will automatically lose when time's up. (requested by Burned_mirror)\n|\n|t:|1701136269\n|start\n|switch|p1a: Kleavor|Kleavor, M|100\/100\n|switch|p2a: Snoopdog|Torkoal, M|100\/100\n|-weather|SunnyDay|[from] ability: Drought|[of] p2a: Snoopdog\n|turn|1\n|\n|t:|1701136287\n|move|p1a: Kleavor|Swords Dance|p1a: Kleavor\n|-boost|p1a: Kleavor|atk|2\n|move|p2a: Snoopdog|Lava Plume|p1a: Kleavor\n|-damage|p1a: Kleavor|39\/100\n|\n|-weather|SunnyDay|[upkeep]\n|upkeep\n|turn|2\n|\n|t:|1701136300\n|switch|p2a: Hatterene|Hatterene, F|100\/100\n|move|p1a: Kleavor|Stone Axe|p2a: Hatterene\n|-damage|p2a: Hatterene|0 fnt\n|-sidestart|p2: Burned_mirror|move: Stealth Rock\n|faint|p2a: Hatterene\n|-damage|p1a: Kleavor|29\/100|[from] item: Life Orb\n|\n|-weather|SunnyDay|[upkeep]\n|upkeep\n|inactive|Burned_mirror has 120 seconds left.\n|\n|t:|1701136338\n|switch|p2a: Kitana|Walking Wake|100\/100\n|-damage|p2a: Kitana|88\/100|[from] Stealth Rock\n|-activate|p2a: Kitana|ability: Protosynthesis\n|-start|p2a: Kitana|protosynthesisspe\n|turn|3\n|\n|t:|1701136361\n|switch|p1a: Tyranitar|Tyranitar, M|100\/100\n|-weather|Sandstorm|[from] ability: Sand Stream|[of] p1a: Tyranitar\n|-end|p2a: Kitana|Protosynthesis\n|move|p2a: Kitana|Flamethrower|p1a: Tyranitar\n|-resisted|p1a: Tyranitar\n|-damage|p1a: Tyranitar|85\/100\n|\n|-weather|Sandstorm|[upkeep]\n|-damage|p2a: Kitana|82\/100|[from] Sandstorm\n|upkeep\n|turn|4\n|\n|t:|1701136370\n|-end|p2a: Kitana|Protosynthesis|[silent]\n|switch|p2a: Snoopdog|Torkoal, M|100\/100\n|-damage|p2a: Snoopdog|75\/100|[from] Stealth Rock\n|-weather|SunnyDay|[from] ability: Drought|[of] p2a: Snoopdog\n|move|p1a: Tyranitar|Dragon Dance|p1a: Tyranitar\n|-boost|p1a: Tyranitar|atk|1\n|-boost|p1a: Tyranitar|spe|1\n|\n|-weather|SunnyDay|[upkeep]\n|upkeep\n|turn|5\n|\n|t:|1701136378\n|move|p1a: Tyranitar|Rock Blast|p2a: Snoopdog\n|-supereffective|p2a: Snoopdog\n|-damage|p2a: Snoopdog|49\/100\n|-supereffective|p2a: Snoopdog\n|-damage|p2a: Snoopdog|24\/100\n|-supereffective|p2a: Snoopdog\n|-damage|p2a: Snoopdog|0 fnt\n|faint|p2a: Snoopdog\n|-hitcount|p2: Snoopdog|3\n|\n|-weather|SunnyDay|[upkeep]\n|upkeep\n|\n|t:|1701136384\n|switch|p2a: Kitana|Walking Wake|82\/100\n|-damage|p2a: Kitana|70\/100|[from] Stealth Rock\n|-activate|p2a: Kitana|ability: Protosynthesis\n|-start|p2a: Kitana|protosynthesisspe\n|turn|6\n|inactive|Burned_mirror has 120 seconds left.\n|\n|t:|1701136397\n|switch|p1a: Kleavor|Kleavor, M|29\/100\n|move|p2a: Kitana|Hydro Steam|p1a: Kleavor\n|-supereffective|p1a: Kleavor\n|-damage|p1a: Kleavor|0 fnt\n|faint|p1a: Kleavor\n|\n|-weather|SunnyDay|[upkeep]\n|upkeep\n|\n|t:|1701136399\n|switch|p1a: Tyranitar|Tyranitar, M|85\/100\n|-weather|Sandstorm|[from] ability: Sand Stream|[of] p1a: Tyranitar\n|-end|p2a: Kitana|Protosynthesis\n|turn|7\n|\n|t:|1701136412\n|-terastallize|p2a: Kitana|Water\n|move|p2a: Kitana|Hydro Steam|p1a: Tyranitar\n|-supereffective|p1a: Tyranitar\n|-damage|p1a: Tyranitar|0 fnt\n|faint|p1a: Tyranitar\n|\n|-weather|Sandstorm|[upkeep]\n|-damage|p2a: Kitana|63\/100|[from] Sandstorm\n|upkeep\n|\n|t:|1701136419\n|switch|p1a: Lycanroc|Lycanroc, F|100\/100\n|turn|8\n|\n|t:|1701136423\n|-end|p2a: Kitana|Protosynthesis|[silent]\n|switch|p2a: Moltres|Moltres|100\/100\n|move|p1a: Lycanroc|Stone Edge|p2a: Moltres\n|-supereffective|p2a: Moltres\n|-damage|p2a: Moltres|0 fnt\n|faint|p2a: Moltres\n|\n|-weather|Sandstorm|[upkeep]\n|upkeep\n|\n|t:|1701136429\n|switch|p2a: Iron Moth|Iron Moth|100\/100\n|-damage|p2a: Iron Moth|76\/100|[from] Stealth Rock\n|-enditem|p2a: Iron Moth|Booster Energy\n|-activate|p2a: Iron Moth|ability: Quark Drive|[fromitem]\n|-start|p2a: Iron Moth|quarkdrivespe\n|turn|9\n|\n|t:|1701136434\n|move|p1a: Lycanroc|Stone Edge|p2a: Iron Moth\n|-supereffective|p2a: Iron Moth\n|-damage|p2a: Iron Moth|0 fnt\n|faint|p2a: Iron Moth\n|-end|p2a: Iron Moth|Quark Drive|[silent]\n|\n|-weather|Sandstorm|[upkeep]\n|upkeep\n|\n|t:|1701136441\n|switch|p2a: Hawlucha|Hawlucha, M|100\/100\n|-damage|p2a: Hawlucha|88\/100|[from] Stealth Rock\n|turn|10\n|\n|t:|1701136446\n|-terastallize|p1a: Lycanroc|Rock\n|move|p1a: Lycanroc|Stone Edge|p2a: Hawlucha\n|-damage|p2a: Hawlucha|0 fnt\n|faint|p2a: Hawlucha\n|\n|-weather|Sandstorm|[upkeep]\n|upkeep\n|\n|t:|1701136451\n|switch|p2a: Kitana|Walking Wake, tera:Water|63\/100\n|-damage|p2a: Kitana|51\/100|[from] Stealth Rock\n|turn|11\n|\n|t:|1701136453\n|move|p1a: Lycanroc|Stone Edge|p2a: Kitana\n|-damage|p2a: Kitana|0 fnt\n|faint|p2a: Kitana\n|-end|p2a: Kitana|Protosynthesis|[silent]\n|\n|win|yamiyami17\n|raw|yamiyami17's rating: 1324 &rarr; <strong>1342<\/strong><br \/>(+18 for winning)\n|raw|Burned_mirror's rating: 1296 &rarr; <strong>1273<\/strong><br \/>(-23 for losing)\n|l|\u2606Burned_mirror\n","uploadtime":1701136485,"views":13,"p1id":"yamiyami17","p2id":"burnedmirror","formatid":"gen9ou","rating":1273,"private":0,"password":""}