{"id":"gen9ou-1988679076","p1":"eeferrrerere","p2":"mcp3","format":"[Gen 9] OU","log":"|j|\u2606eeferrrerere\n|j|\u2606mcp3\n|t:|1699749673\n|gametype|singles\n|player|p1|eeferrrerere|265|1809\n|player|p2|mcp3|sage|1819\n|teamsize|p1|6\n|teamsize|p2|6\n|gen|9\n|tier|[Gen 9] OU\n|rated|\n|rule|Sleep Clause Mod: Limit one foe put to sleep\n|rule|Species Clause: Limit one of each Pok\u00e9mon\n|rule|OHKO Clause: OHKO moves are banned\n|rule|Evasion Items Clause: Evasion items are banned\n|rule|Evasion Moves Clause: Evasion moves are banned\n|rule|Endless Battle Clause: Forcing endless battles is banned\n|rule|HP Percentage Mod: HP is shown in percentages\n|clearpoke\n|poke|p1|Shaymin|\n|poke|p1|Zapdos|\n|poke|p1|Heatran, M|\n|poke|p1|Great Tusk|\n|poke|p1|Dragapult, F|\n|poke|p1|Samurott-Hisui, F|\n|poke|p2|Manaphy|\n|poke|p2|Mandibuzz, F|\n|poke|p2|Gliscor, M|\n|poke|p2|Rillaboom, M|\n|poke|p2|Kingambit, M|\n|poke|p2|Heatran, M|\n|teampreview\n|j| Love Is Cruel\n|\n|t:|1699749709\n|start\n|switch|p1a: Shaymin|Shaymin|100\/100\n|switch|p2a: Rillaboom|Rillaboom, M|100\/100\n|-fieldstart|move: Grassy Terrain|[from] ability: Grassy Surge|[of] p2a: Rillaboom\n|turn|1\n|j| cyttorax\n|\n|t:|1699749720\n|move|p2a: Rillaboom|U-turn|p1a: Shaymin\n|-supereffective|p1a: Shaymin\n|-damage|p1a: Shaymin|74\/100\n|\n|t:|1699749722\n|switch|p2a: Heatran|Heatran, M|100\/100|[from] U-turn\n|move|p1a: Shaymin|Leech Seed|p2a: Heatran\n|-start|p2a: Heatran|move: Leech Seed\n|\n|-heal|p1a: Shaymin|80\/100|[from] Grassy Terrain\n|-heal|p1a: Shaymin|86\/100|[from] item: Leftovers\n|-damage|p2a: Heatran|88\/100|[from] Leech Seed|[of] p1a: Shaymin\n|-heal|p1a: Shaymin|98\/100|[silent]\n|upkeep\n|turn|2\n|\n|t:|1699749743\n|move|p1a: Shaymin|Earth Power|p2a: Heatran\n|-supereffective|p2a: Heatran\n|-damage|p2a: Heatran|31\/100\n|move|p2a: Heatran|Stealth Rock|p1a: Shaymin\n|-sidestart|p1: eeferrrerere|move: Stealth Rock\n|\n|-heal|p1a: Shaymin|100\/100|[from] Grassy Terrain\n|-heal|p2a: Heatran|37\/100|[from] Grassy Terrain\n|-damage|p2a: Heatran|25\/100|[from] Leech Seed|[of] p1a: Shaymin\n|upkeep\n|turn|3\n|j| j0ast\n|j|+Shellnuts\n|\n|t:|1699749755\n|switch|p2a: Rillaboom|Rillaboom, M|100\/100\n|move|p1a: Shaymin|Earth Power|p2a: Rillaboom\n|-resisted|p2a: Rillaboom\n|-damage|p2a: Rillaboom|87\/100\n|-unboost|p2a: Rillaboom|spd|1\n|\n|-heal|p2a: Rillaboom|93\/100|[from] Grassy Terrain\n|upkeep\n|turn|4\n|\n|t:|1699749773\n|move|p2a: Rillaboom|U-turn|p1a: Shaymin\n|-supereffective|p1a: Shaymin\n|-damage|p1a: Shaymin|69\/100\n|\n|t:|1699749775\n|switch|p2a: Heatran|Heatran, M|25\/100|[from] U-turn\n|move|p1a: Shaymin|Seed Flare|p2a: Heatran\n|-resisted|p2a: Heatran\n|-damage|p2a: Heatran|17\/100\n|\n|-heal|p1a: Shaymin|75\/100|[from] Grassy Terrain\n|-heal|p1a: Shaymin|81\/100|[from] item: Leftovers\n|-heal|p2a: Heatran|23\/100|[from] Grassy Terrain\n|upkeep\n|turn|5\n|\n|t:|1699749792\n|switch|p1a: Heatran|Heatran, M|100\/100\n|-damage|p1a: Heatran|88\/100|[from] Stealth Rock\n|-terastallize|p2a: Heatran|Bug\n|move|p2a: Heatran|Magma Storm|p1a: Heatran\n|-start|p1a: Heatran|ability: Flash Fire\n|\n|-heal|p2a: Heatran|29\/100|[from] Grassy Terrain\n|-heal|p1a: Heatran|94\/100|[from] Grassy Terrain\n|-heal|p1a: Heatran|100\/100|[from] item: Leftovers\n|-fieldend|move: Grassy Terrain\n|upkeep\n|turn|6\n|\n|t:|1699749811\n|-end|p1a: Heatran|ability: Flash Fire|[silent]\n|switch|p1a: Zapdos|Zapdos|100\/100\n|-ability|p1a: Zapdos|Pressure\n|move|p2a: Heatran|Earth Power|p1a: Zapdos\n|-immune|p1a: Zapdos\n|\n|upkeep\n|turn|7\n|j| FavMon=Garchomp\n|\n|t:|1699749823\n|switch|p2a: Gliscor|Gliscor, M|100\/100\n|move|p1a: Zapdos|Hurricane|p2a: Gliscor\n|-damage|p2a: Gliscor|57\/100\n|\n|-status|p2a: Gliscor|tox|[from] item: Toxic Orb\n|upkeep\n|turn|8\n|\n|t:|1699749838\n|switch|p1a: Shaymin|Shaymin|81\/100\n|-damage|p1a: Shaymin|69\/100|[from] Stealth Rock\n|move|p2a: Gliscor|Protect||[still]\n|-fail|p2a: Gliscor\n|\n|-heal|p1a: Shaymin|75\/100|[from] item: Leftovers\n|-heal|p2a: Gliscor|70\/100 tox|[from] ability: Poison Heal\n|upkeep\n|turn|9\n|\n|t:|1699749845\n|move|p1a: Shaymin|Leech Seed|p2a: Gliscor\n|-start|p2a: Gliscor|move: Leech Seed\n|move|p2a: Gliscor|Knock Off|p1a: Shaymin\n|-damage|p1a: Shaymin|63\/100\n|-enditem|p1a: Shaymin|Leftovers|[from] move: Knock Off|[of] p2a: Gliscor\n|\n|-damage|p2a: Gliscor|57\/100 tox|[from] Leech Seed|[of] p1a: Shaymin\n|-heal|p1a: Shaymin|74\/100|[silent]\n|-heal|p2a: Gliscor|70\/100 tox|[from] ability: Poison Heal\n|upkeep\n|turn|10\n|\n|t:|1699749860\n|switch|p2a: Rillaboom|Rillaboom, M|93\/100\n|-fieldstart|move: Grassy Terrain|[from] ability: Grassy Surge|[of] p2a: Rillaboom\n|move|p1a: Shaymin|Leech Seed|p2a: Rillaboom\n|-immune|p2a: Rillaboom\n|\n|-heal|p2a: Rillaboom|99\/100|[from] Grassy Terrain\n|-heal|p1a: Shaymin|80\/100|[from] Grassy Terrain\n|upkeep\n|turn|11\n|\n|t:|1699749869\n|move|p2a: Rillaboom|Wood Hammer|p1a: Shaymin\n|-resisted|p1a: Shaymin\n|-damage|p1a: Shaymin|56\/100\n|-damage|p2a: Rillaboom|90\/100|[from] Recoil\n|move|p1a: Shaymin|Seed Flare|p2a: Rillaboom|[miss]\n|-miss|p1a: Shaymin|p2a: Rillaboom\n|\n|-heal|p2a: Rillaboom|96\/100|[from] Grassy Terrain\n|-heal|p1a: Shaymin|62\/100|[from] Grassy Terrain\n|upkeep\n|turn|12\n|c| FavMon=Garchomp|mcp3.  I have a pm waiting for you when you're done with this match.\n|\n|t:|1699749887\n|move|p2a: Rillaboom|Knock Off|p1a: Shaymin\n|-damage|p1a: Shaymin|49\/100\n|move|p1a: Shaymin|Leech Seed|p2a: Rillaboom\n|-immune|p2a: Rillaboom\n|\n|-heal|p2a: Rillaboom|100\/100|[from] Grassy Terrain\n|-heal|p1a: Shaymin|55\/100|[from] Grassy Terrain\n|upkeep\n|turn|13\n|\n|t:|1699749898\n|move|p2a: Rillaboom|Wood Hammer|p1a: Shaymin\n|-resisted|p1a: Shaymin\n|-damage|p1a: Shaymin|31\/100\n|-damage|p2a: Rillaboom|91\/100|[from] Recoil\n|move|p1a: Shaymin|Leech Seed|p2a: Rillaboom\n|-immune|p2a: Rillaboom\n|\n|-heal|p2a: Rillaboom|97\/100|[from] Grassy Terrain\n|-heal|p1a: Shaymin|38\/100|[from] Grassy Terrain\n|upkeep\n|turn|14\n|\n|t:|1699749907\n|move|p2a: Rillaboom|Wood Hammer|p1a: Shaymin\n|-resisted|p1a: Shaymin\n|-damage|p1a: Shaymin|12\/100\n|-damage|p2a: Rillaboom|87\/100|[from] Recoil\n|move|p1a: Shaymin|Synthesis|p1a: Shaymin\n|-heal|p1a: Shaymin|62\/100\n|\n|-heal|p2a: Rillaboom|93\/100|[from] Grassy Terrain\n|-heal|p1a: Shaymin|68\/100|[from] Grassy Terrain\n|-fieldend|move: Grassy Terrain\n|upkeep\n|turn|15\n|\n|t:|1699749924\n|move|p2a: Rillaboom|Knock Off|p1a: Shaymin\n|-damage|p1a: Shaymin|55\/100\n|move|p1a: Shaymin|Seed Flare|p2a: Rillaboom\n|-resisted|p2a: Rillaboom\n|-damage|p2a: Rillaboom|65\/100\n|-unboost|p2a: Rillaboom|spd|2\n|\n|upkeep\n|turn|16\n|\n|t:|1699749938\n|move|p2a: Rillaboom|U-turn|p1a: Shaymin\n|-supereffective|p1a: Shaymin\n|-damage|p1a: Shaymin|24\/100\n|\n|t:|1699749941\n|switch|p2a: Heatran|Heatran, M, tera:Bug|29\/100|[from] U-turn\n|move|p1a: Shaymin|Leech Seed|p2a: Heatran|[miss]\n|-miss|p1a: Shaymin|p2a: Heatran\n|\n|upkeep\n|turn|17\n|\n|t:|1699749960\n|switch|p1a: Samurott|Samurott-Hisui, F|100\/100\n|-damage|p1a: Samurott|88\/100|[from] Stealth Rock\n|move|p2a: Heatran|Magma Storm|p1a: Samurott\n|-resisted|p1a: Samurott\n|-damage|p1a: Samurott|54\/100\n|-activate|p1a: Samurott|move: Magma Storm|[of] p2a: Heatran\n|\n|-damage|p1a: Samurott|41\/100|[from] move: Magma Storm|[partiallytrapped]\n|upkeep\n|turn|18\n|l|+Shellnuts\n|\n|t:|1699749976\n|switch|p2a: Mandibuzz|Mandibuzz, F|100\/100\n|move|p1a: Samurott|Ceaseless Edge|p2a: Mandibuzz\n|-resisted|p2a: Mandibuzz\n|-damage|p2a: Mandibuzz|79\/100\n|-sidestart|p2: mcp3|Spikes\n|\n|-end|p1a: Samurott|Magma Storm|[partiallytrapped]|[silent]\n|upkeep\n|turn|19\n|\n|t:|1699750013\n|switch|p1a: Shaymin|Shaymin|24\/100\n|-damage|p1a: Shaymin|12\/100|[from] Stealth Rock\n|switch|p2a: Gliscor|Gliscor, M|70\/100 tox\n|\n|-heal|p2a: Gliscor|82\/100 tox|[from] ability: Poison Heal\n|upkeep\n|turn|20\n|\n|t:|1699750022\n|move|p1a: Shaymin|Synthesis|p1a: Shaymin\n|-heal|p1a: Shaymin|62\/100\n|move|p2a: Gliscor|Spikes|p1a: Shaymin\n|-sidestart|p1: eeferrrerere|Spikes\n|\n|-heal|p2a: Gliscor|95\/100 tox|[from] ability: Poison Heal\n|upkeep\n|turn|21\n|j| CutePokesOnly\n|\n|t:|1699750028\n|switch|p2a: Rillaboom|Rillaboom, M|65\/100\n|-fieldstart|move: Grassy Terrain|[from] ability: Grassy Surge|[of] p2a: Rillaboom\n|move|p1a: Shaymin|Synthesis|p1a: Shaymin\n|-heal|p1a: Shaymin|100\/100\n|\n|-heal|p2a: Rillaboom|71\/100|[from] Grassy Terrain\n|upkeep\n|turn|22\n|\n|t:|1699750045\n|move|p2a: Rillaboom|U-turn|p1a: Shaymin\n|-supereffective|p1a: Shaymin\n|-damage|p1a: Shaymin|71\/100\n|\n|t:|1699750047\n|switch|p2a: Kingambit|Kingambit, M|100\/100|[from] U-turn\n|move|p1a: Shaymin|Seed Flare|p2a: Kingambit\n|-resisted|p2a: Kingambit\n|-damage|p2a: Kingambit|75\/100\n|\n|-heal|p1a: Shaymin|77\/100|[from] Grassy Terrain\n|-heal|p2a: Kingambit|81\/100|[from] Grassy Terrain\n|upkeep\n|turn|23\n|\n|t:|1699750051\n|move|p1a: Shaymin|Earth Power|p2a: Kingambit\n|-supereffective|p2a: Kingambit\n|-damage|p2a: Kingambit|40\/100\n|move|p2a: Kingambit|Kowtow Cleave|p1a: Shaymin\n|-damage|p1a: Shaymin|47\/100\n|\n|-heal|p1a: Shaymin|53\/100|[from] Grassy Terrain\n|-heal|p2a: Kingambit|46\/100|[from] Grassy Terrain\n|upkeep\n|turn|24\n|\n|t:|1699750065\n|-end|p2a: Kingambit|fallenundefined|[silent]\n|switch|p2a: Rillaboom|Rillaboom, M|71\/100\n|move|p1a: Shaymin|Leech Seed|p2a: Rillaboom\n|-immune|p2a: Rillaboom\n|\n|-heal|p2a: Rillaboom|77\/100|[from] Grassy Terrain\n|-heal|p1a: Shaymin|59\/100|[from] Grassy Terrain\n|upkeep\n|turn|25\n|c| Love Is Cruel|Shaymin so thick\n|\n|t:|1699750076\n|move|p2a: Rillaboom|U-turn|p1a: Shaymin\n|-supereffective|p1a: Shaymin\n|-damage|p1a: Shaymin|28\/100\n|\n|t:|1699750077\n|switch|p2a: Heatran|Heatran, M, tera:Bug|29\/100|[from] U-turn\n|move|p1a: Shaymin|Synthesis|p1a: Shaymin\n|-heal|p1a: Shaymin|78\/100\n|\n|-heal|p1a: Shaymin|84\/100|[from] Grassy Terrain\n|-heal|p2a: Heatran|35\/100|[from] Grassy Terrain\n|-fieldend|move: Grassy Terrain\n|upkeep\n|turn|26\n|c| Love Is Cruel|It should be on the viability rankings\n|\n|t:|1699750088\n|switch|p1a: Zapdos|Zapdos|100\/100\n|-ability|p1a: Zapdos|Pressure\n|move|p2a: Heatran|Earth Power|p1a: Zapdos\n|-immune|p1a: Zapdos\n|\n|upkeep\n|turn|27\n|j| Llqht\n|\n|t:|1699750114\n|switch|p1a: Great Tusk|Great Tusk|100\/100\n|-damage|p1a: Great Tusk|98\/100|[from] Stealth Rock\n|-damage|p1a: Great Tusk|85\/100|[from] Spikes\n|switch|p2a: Gliscor|Gliscor, M|95\/100 tox\n|\n|-heal|p1a: Great Tusk|91\/100|[from] item: Leftovers\n|-heal|p2a: Gliscor|100\/100 tox|[from] ability: Poison Heal\n|upkeep\n|turn|28\n|inactive|Battle timer is ON: inactive players will automatically lose when time's up. (requested by mcp3)\n|\n|t:|1699750138\n|-terastallize|p1a: Great Tusk|Poison\n|move|p1a: Great Tusk|Bulk Up|p1a: Great Tusk\n|-boost|p1a: Great Tusk|atk|1\n|-boost|p1a: Great Tusk|def|1\n|move|p2a: Gliscor|Knock Off|p1a: Great Tusk\n|-crit|p1a: Great Tusk\n|-damage|p1a: Great Tusk|69\/100\n|-enditem|p1a: Great Tusk|Leftovers|[from] move: Knock Off|[of] p2a: Gliscor\n|\n|upkeep\n|turn|29\n|\n|t:|1699750151\n|move|p1a: Great Tusk|Rapid Spin|p2a: Gliscor\n|-damage|p2a: Gliscor|82\/100 tox\n|-boost|p1a: Great Tusk|spe|1\n|-sideend|p1: eeferrrerere|Spikes|[from] move: Rapid Spin|[of] p1a: Great Tusk\n|-sideend|p1: eeferrrerere|Stealth Rock|[from] move: Rapid Spin|[of] p1a: Great Tusk\n|move|p2a: Gliscor|Earthquake|p1a: Great Tusk\n|-supereffective|p1a: Great Tusk\n|-damage|p1a: Great Tusk|39\/100\n|\n|-heal|p2a: Gliscor|95\/100 tox|[from] ability: Poison Heal\n|upkeep\n|turn|30\n|j| ThatJebshuckle\n|\n|t:|1699750160\n|move|p1a: Great Tusk|Ice Spinner|p2a: Gliscor\n|-supereffective|p2a: Gliscor\n|-damage|p2a: Gliscor|0 fnt\n|faint|p2a: Gliscor\n|\n|upkeep\n|\n|t:|1699750166\n|switch|p2a: Mandibuzz|Mandibuzz, F|79\/100\n|turn|31\n|\n|t:|1699750176\n|move|p1a: Great Tusk|Ice Spinner|p2a: Mandibuzz\n|-supereffective|p2a: Mandibuzz\n|-damage|p2a: Mandibuzz|34\/100\n|move|p2a: Mandibuzz|Roost|p2a: Mandibuzz\n|-heal|p2a: Mandibuzz|84\/100\n|-singleturn|p2a: Mandibuzz|move: Roost\n|\n|upkeep\n|turn|32\n|\n|t:|1699750194\n|-end|p1a: Great Tusk|Protosynthesis|[silent]\n|switch|p1a: Zapdos|Zapdos|100\/100\n|-ability|p1a: Zapdos|Pressure\n|move|p2a: Mandibuzz|Iron Defense|p2a: Mandibuzz\n|-boost|p2a: Mandibuzz|def|2\n|\n|upkeep\n|turn|33\n|\n|t:|1699750199\n|switch|p2a: Rillaboom|Rillaboom, M|77\/100\n|-fieldstart|move: Grassy Terrain|[from] ability: Grassy Surge|[of] p2a: Rillaboom\n|move|p1a: Zapdos|Volt Switch|p2a: Rillaboom\n|-resisted|p2a: Rillaboom\n|-damage|p2a: Rillaboom|59\/100\n|\n|t:|1699750206\n|switch|p1a: Great Tusk|Great Tusk, tera:Poison|39\/100|[from] Volt Switch\n|\n|-heal|p2a: Rillaboom|65\/100|[from] Grassy Terrain\n|-heal|p1a: Great Tusk|45\/100|[from] Grassy Terrain\n|upkeep\n|turn|34\n|\n|t:|1699750217\n|move|p2a: Rillaboom|U-turn|p1a: Great Tusk\n|-resisted|p1a: Great Tusk\n|-damage|p1a: Great Tusk|37\/100\n|\n|t:|1699750219\n|switch|p2a: Manaphy|Manaphy|100\/100|[from] U-turn\n|move|p1a: Great Tusk|Ice Spinner|p2a: Manaphy\n|-resisted|p2a: Manaphy\n|-damage|p2a: Manaphy|91\/100\n|-fieldend|move: Grassy Terrain\n|\n|upkeep\n|turn|35\n|inactive|eeferrrerere has 120 seconds left.\n|j| Van Pyro\n|\n|t:|1699750257\n|move|p1a: Great Tusk|Rapid Spin|p2a: Manaphy\n|-damage|p2a: Manaphy|78\/100\n|-boost|p1a: Great Tusk|spe|1\n|move|p2a: Manaphy|Scald|p1a: Great Tusk\n|-damage|p1a: Great Tusk|0 fnt\n|faint|p1a: Great Tusk\n|-end|p1a: Great Tusk|Protosynthesis|[silent]\n|\n|upkeep\n|\n|t:|1699750264\n|switch|p1a: Dragapult|Dragapult, F|100\/100\n|turn|36\n|\n|t:|1699750274\n|switch|p2a: Mandibuzz|Mandibuzz, F|84\/100\n|move|p1a: Dragapult|Draco Meteor|p2a: Mandibuzz|[miss]\n|-miss|p1a: Dragapult|p2a: Mandibuzz\n|\n|upkeep\n|turn|37\n|inactive|eeferrrerere has 120 seconds left.\n|\n|t:|1699750294\n|switch|p1a: Zapdos|Zapdos|100\/100\n|-ability|p1a: Zapdos|Pressure\n|move|p2a: Mandibuzz|Foul Play|p1a: Zapdos\n|-damage|p1a: Zapdos|81\/100\n|\n|upkeep\n|turn|38\n|\n|t:|1699750300\n|move|p1a: Zapdos|Volt Switch|p2a: Mandibuzz\n|-supereffective|p2a: Mandibuzz\n|-damage|p2a: Mandibuzz|40\/100\n|\n|t:|1699750302\n|switch|p1a: Heatran|Heatran, M|100\/100|[from] Volt Switch\n|move|p2a: Mandibuzz|Roost|p2a: Mandibuzz\n|-heal|p2a: Mandibuzz|91\/100\n|-singleturn|p2a: Mandibuzz|move: Roost\n|\n|upkeep\n|turn|39\n|j| lewdlychee\n|\n|t:|1699750310\n|switch|p2a: Heatran|Heatran, M, tera:Bug|35\/100\n|move|p1a: Heatran|Magma Storm|p2a: Heatran\n|-start|p2a: Heatran|ability: Flash Fire\n|\n|upkeep\n|turn|40\n|inactive|eeferrrerere has 120 seconds left.\n|\n|t:|1699750349\n|switch|p1a: Dragapult|Dragapult, F|100\/100\n|move|p2a: Heatran|Stealth Rock|p1a: Dragapult\n|-sidestart|p1: eeferrrerere|move: Stealth Rock\n|\n|upkeep\n|turn|41\n|\n|t:|1699750357\n|-end|p2a: Heatran|ability: Flash Fire|[silent]\n|switch|p2a: Mandibuzz|Mandibuzz, F|91\/100\n|move|p1a: Dragapult|Draco Meteor|p2a: Mandibuzz\n|-crit|p2a: Mandibuzz\n|-damage|p2a: Mandibuzz|0 fnt\n|-unboost|p1a: Dragapult|spa|2\n|faint|p2a: Mandibuzz\n|\n|upkeep\n|inactive|mcp3 has 120 seconds left.\n|\n|t:|1699750376\n|switch|p2a: Rillaboom|Rillaboom, M|65\/100\n|-fieldstart|move: Grassy Terrain|[from] ability: Grassy Surge|[of] p2a: Rillaboom\n|turn|42\n|\n|t:|1699750390\n|switch|p1a: Zapdos|Zapdos|81\/100\n|-ability|p1a: Zapdos|Pressure\n|move|p2a: Rillaboom|U-turn|p1a: Zapdos\n|-resisted|p1a: Zapdos\n|-damage|p1a: Zapdos|70\/100\n|j| HotheadIsTheGoat\n|inactive|mcp3 has 120 seconds left.\n|\n|t:|1699750410\n|switch|p2a: Kingambit|Kingambit, M|46\/100|[from] U-turn\n|-activate|p2a: Kingambit|ability: Supreme Overlord\n|-start|p2a: Kingambit|fallen2|[silent]\n|\n|-heal|p2a: Kingambit|52\/100|[from] Grassy Terrain\n|upkeep\n|turn|43\n|l| HotheadIsTheGoat\n|inactive|mcp3 has 120 seconds left.\n|\n|t:|1699750424\n|move|p2a: Kingambit|Sucker Punch|p1a: Zapdos\n|-damage|p1a: Zapdos|28\/100\n|move|p1a: Zapdos|Volt Switch|p2a: Kingambit\n|-damage|p2a: Kingambit|22\/100\n|l| lewdlychee\n|inactive|eeferrrerere has 120 seconds left.\n|\n|t:|1699750446\n|switch|p1a: Heatran|Heatran, M|100\/100|[from] Volt Switch\n|-damage|p1a: Heatran|88\/100|[from] Stealth Rock\n|\n|-heal|p1a: Heatran|94\/100|[from] Grassy Terrain\n|-heal|p1a: Heatran|100\/100|[from] item: Leftovers\n|-heal|p2a: Kingambit|28\/100|[from] Grassy Terrain\n|upkeep\n|turn|44\n|j| 12gguwin21\n|\n|t:|1699750449\n|-end|p2a: Kingambit|fallen2|[silent]\n|switch|p2a: Heatran|Heatran, M, tera:Bug|35\/100\n|move|p1a: Heatran|Earth Power|p2a: Heatran\n|-resisted|p2a: Heatran\n|-damage|p2a: Heatran|27\/100\n|\n|-heal|p2a: Heatran|33\/100|[from] Grassy Terrain\n|upkeep\n|turn|45\n|\n|t:|1699750468\n|switch|p2a: Kingambit|Kingambit, M|28\/100\n|-activate|p2a: Kingambit|ability: Supreme Overlord\n|-start|p2a: Kingambit|fallen2|[silent]\n|switch|p1a: Zapdos|Zapdos|28\/100\n|-ability|p1a: Zapdos|Pressure\n|\n|-heal|p2a: Kingambit|34\/100|[from] Grassy Terrain\n|upkeep\n|turn|46\n|inactive|eeferrrerere has 120 seconds left.\n|\n|t:|1699750487\n|move|p1a: Zapdos|Volt Switch|p2a: Kingambit\n|-damage|p2a: Kingambit|4\/100\n|\n|t:|1699750492\n|switch|p1a: Samurott|Samurott-Hisui, F|41\/100|[from] Volt Switch\n|-damage|p1a: Samurott|29\/100|[from] Stealth Rock\n|move|p2a: Kingambit|Kowtow Cleave|p1a: Samurott\n|-resisted|p1a: Samurott\n|-damage|p1a: Samurott|0 fnt\n|faint|p1a: Samurott\n|\n|-heal|p2a: Kingambit|10\/100|[from] Grassy Terrain\n|-fieldend|move: Grassy Terrain\n|upkeep\n|inactive|eeferrrerere has 120 seconds left.\n|\n|t:|1699750518\n|switch|p1a: Shaymin|Shaymin|84\/100\n|-damage|p1a: Shaymin|72\/100|[from] Stealth Rock\n|turn|47\n|\n|t:|1699750533\n|-end|p2a: Kingambit|fallen2|[silent]\n|switch|p2a: Rillaboom|Rillaboom, M|65\/100\n|-fieldstart|move: Grassy Terrain|[from] ability: Grassy Surge|[of] p2a: Rillaboom\n|move|p1a: Shaymin|Seed Flare|p2a: Rillaboom\n|-resisted|p2a: Rillaboom\n|-damage|p2a: Rillaboom|29\/100\n|\n|-heal|p2a: Rillaboom|35\/100|[from] Grassy Terrain\n|-heal|p1a: Shaymin|78\/100|[from] Grassy Terrain\n|upkeep\n|turn|48\n|\n|t:|1699750546\n|move|p2a: Rillaboom|U-turn|p1a: Shaymin\n|-supereffective|p1a: Shaymin\n|-damage|p1a: Shaymin|47\/100\n|\n|t:|1699750547\n|switch|p2a: Heatran|Heatran, M, tera:Bug|33\/100|[from] U-turn\n|move|p1a: Shaymin|Leech Seed|p2a: Heatran\n|-start|p2a: Heatran|move: Leech Seed\n|\n|-heal|p1a: Shaymin|53\/100|[from] Grassy Terrain\n|-heal|p2a: Heatran|39\/100|[from] Grassy Terrain\n|-damage|p2a: Heatran|27\/100|[from] Leech Seed|[of] p1a: Shaymin\n|-heal|p1a: Shaymin|65\/100|[silent]\n|upkeep\n|turn|49\n|\n|t:|1699750562\n|switch|p1a: Dragapult|Dragapult, F|100\/100\n|-damage|p1a: Dragapult|88\/100|[from] Stealth Rock\n|switch|p2a: Kingambit|Kingambit, M|10\/100\n|-activate|p2a: Kingambit|ability: Supreme Overlord\n|-start|p2a: Kingambit|fallen2|[silent]\n|\n|-heal|p1a: Dragapult|94\/100|[from] Grassy Terrain\n|-heal|p2a: Kingambit|16\/100|[from] Grassy Terrain\n|upkeep\n|turn|50\n|\n|t:|1699750572\n|switch|p1a: Heatran|Heatran, M|100\/100\n|-damage|p1a: Heatran|88\/100|[from] Stealth Rock\n|move|p2a: Kingambit|Low Kick|p1a: Heatran\n|-supereffective|p1a: Heatran\n|-damage|p1a: Heatran|0 fnt\n|faint|p1a: Heatran\n|\n|-heal|p2a: Kingambit|22\/100|[from] Grassy Terrain\n|upkeep\n|\n|t:|1699750578\n|switch|p1a: Shaymin|Shaymin|65\/100\n|-damage|p1a: Shaymin|53\/100|[from] Stealth Rock\n|turn|51\n|inactive|eeferrrerere has 90 seconds left.\n|\n|t:|1699750609\n|-end|p2a: Kingambit|fallen2|[silent]\n|switch|p2a: Rillaboom|Rillaboom, M|35\/100\n|move|p1a: Shaymin|Leech Seed|p2a: Rillaboom\n|-immune|p2a: Rillaboom\n|\n|-heal|p2a: Rillaboom|41\/100|[from] Grassy Terrain\n|-heal|p1a: Shaymin|59\/100|[from] Grassy Terrain\n|-fieldend|move: Grassy Terrain\n|upkeep\n|turn|52\n|inactive|eeferrrerere has 90 seconds left.\n|\n|t:|1699750623\n|move|p2a: Rillaboom|Knock Off|p1a: Shaymin\n|-damage|p1a: Shaymin|46\/100\n|move|p1a: Shaymin|Seed Flare|p2a: Rillaboom|[miss]\n|-miss|p1a: Shaymin|p2a: Rillaboom\n|\n|upkeep\n|turn|53\n|inactive|eeferrrerere has 90 seconds left.\n|\n|t:|1699750633\n|move|p2a: Rillaboom|U-turn|p1a: Shaymin\n|-supereffective|p1a: Shaymin\n|-damage|p1a: Shaymin|19\/100\n|\n|t:|1699750637\n|switch|p2a: Heatran|Heatran, M, tera:Bug|27\/100|[from] U-turn\n|move|p1a: Shaymin|Leech Seed|p2a: Heatran\n|-start|p2a: Heatran|move: Leech Seed\n|\n|-damage|p2a: Heatran|14\/100|[from] Leech Seed|[of] p1a: Shaymin\n|-heal|p1a: Shaymin|31\/100|[silent]\n|upkeep\n|turn|54\n|inactive|eeferrrerere has 90 seconds left.\n|j| Tabata Tandemaus\n|\n|t:|1699750660\n|switch|p1a: Dragapult|Dragapult, F|94\/100\n|-damage|p1a: Dragapult|82\/100|[from] Stealth Rock\n|switch|p2a: Rillaboom|Rillaboom, M|41\/100\n|-fieldstart|move: Grassy Terrain|[from] ability: Grassy Surge|[of] p2a: Rillaboom\n|\n|-heal|p1a: Dragapult|88\/100|[from] Grassy Terrain\n|-heal|p2a: Rillaboom|47\/100|[from] Grassy Terrain\n|upkeep\n|turn|55\n|inactive|eeferrrerere has 90 seconds left.\n|\n|t:|1699750673\n|switch|p2a: Heatran|Heatran, M, tera:Bug|14\/100\n|move|p1a: Dragapult|Shadow Ball|p2a: Heatran\n|-damage|p2a: Heatran|0 fnt\n|faint|p2a: Heatran\n|\n|-heal|p1a: Dragapult|94\/100|[from] Grassy Terrain\n|upkeep\n|\n|t:|1699750677\n|switch|p2a: Kingambit|Kingambit, M|22\/100\n|-activate|p2a: Kingambit|ability: Supreme Overlord\n|-start|p2a: Kingambit|fallen3|[silent]\n|turn|56\n|inactive|eeferrrerere has 90 seconds left.\n|inactive|mcp3 has 120 seconds left.\n|inactive|eeferrrerere has 60 seconds left.\n|j|+Shellnuts\n|inactive|mcp3 has 90 seconds left.\n|l|+Shellnuts\n|inactive|mcp3 has 60 seconds left.\n|inactive|eeferrrerere has 30 seconds left.\n|\n|t:|1699750801\n|switch|p1a: Zapdos|Zapdos|28\/100\n|-ability|p1a: Zapdos|Pressure\n|move|p2a: Kingambit|Sucker Punch||[still]\n|-fail|p2a: Kingambit\n|\n|-heal|p2a: Kingambit|28\/100|[from] Grassy Terrain\n|upkeep\n|turn|57\n|j| Amamoto Rui\n|n| Amamoto Rui|amamotorui\n|inactive|eeferrrerere has 30 seconds left.\n|inactive|mcp3 has 30 seconds left.\n|inactive|eeferrrerere has 20 seconds left.\n|inactive|mcp3 has 20 seconds left.\n|inactive|mcp3 has 15 seconds left.\n|\n|t:|1699750833\n|move|p1a: Zapdos|Roost|p1a: Zapdos\n|-heal|p1a: Zapdos|78\/100\n|-singleturn|p1a: Zapdos|move: Roost\n|move|p2a: Kingambit|Kowtow Cleave|p1a: Zapdos\n|-damage|p1a: Zapdos|22\/100\n|\n|-heal|p1a: Zapdos|28\/100|[from] Grassy Terrain\n|-heal|p2a: Kingambit|34\/100|[from] Grassy Terrain\n|upkeep\n|turn|58\n|inactive|eeferrrerere has 30 seconds left this turn.\n|inactive|mcp3 has 25 seconds left this turn.\n|inactive|mcp3 has 20 seconds left.\n|inactive|eeferrrerere has 20 seconds left.\n|\n|t:|1699750847\n|move|p2a: Kingambit|Sucker Punch|p1a: Zapdos\n|-damage|p1a: Zapdos|0 fnt\n|faint|p1a: Zapdos\n|\n|-heal|p2a: Kingambit|40\/100|[from] Grassy Terrain\n|-fieldend|move: Grassy Terrain\n|upkeep\n|inactive|eeferrrerere has 25 seconds left this turn.\n|inactive|mcp3 has 25 seconds left this turn.\n|\n|t:|1699750850\n|switch|p1a: Shaymin|Shaymin|31\/100\n|-damage|p1a: Shaymin|19\/100|[from] Stealth Rock\n|turn|59\n|inactive|mcp3 has 30 seconds left.\n|inactive|eeferrrerere has 30 seconds left.\n|inactive|mcp3 has 20 seconds left.\n|inactive|eeferrrerere has 20 seconds left.\n|inactive|mcp3 has 15 seconds left.\n|inactive|eeferrrerere has 15 seconds left.\n|inactive|mcp3 has 10 seconds left.\n|inactive|eeferrrerere has 10 seconds left.\n|inactive|mcp3 has 5 seconds left.\n|\n|t:|1699750882\n|move|p1a: Shaymin|Earth Power|p2a: Kingambit\n|-supereffective|p2a: Kingambit\n|-damage|p2a: Kingambit|0 fnt\n|faint|p2a: Kingambit\n|-end|p2a: Kingambit|fallen3|[silent]\n|\n|upkeep\n|inactive|eeferrrerere has 15 seconds left this turn.\n|inactive|mcp3 has 10 seconds left this turn.\n|\n|t:|1699750886\n|switch|p2a: Rillaboom|Rillaboom, M|47\/100\n|-fieldstart|move: Grassy Terrain|[from] ability: Grassy Surge|[of] p2a: Rillaboom\n|turn|60\n|inactive|eeferrrerere has 25 seconds left this turn.\n|inactive|mcp3 has 20 seconds left this turn.\n|inactive|eeferrrerere has 20 seconds left.\n|inactive|mcp3 has 15 seconds left.\n|inactive|mcp3 has 10 seconds left.\n|\n|t:|1699750900\n|move|p2a: Rillaboom|Grassy Glide|p1a: Shaymin\n|-resisted|p1a: Shaymin\n|-damage|p1a: Shaymin|8\/100\n|move|p1a: Shaymin|Synthesis|p1a: Shaymin\n|-heal|p1a: Shaymin|58\/100\n|\n|-heal|p2a: Rillaboom|54\/100|[from] Grassy Terrain\n|-heal|p1a: Shaymin|64\/100|[from] Grassy Terrain\n|upkeep\n|turn|61\n|inactive|eeferrrerere has 30 seconds left this turn.\n|inactive|mcp3 has 20 seconds left this turn.\n|inactive|mcp3 has 15 seconds left.\n|inactive|eeferrrerere has 20 seconds left.\n|inactive|mcp3 has 10 seconds left.\n|\n|t:|1699750911\n|move|p2a: Rillaboom|Wood Hammer|p1a: Shaymin\n|-resisted|p1a: Shaymin\n|-damage|p1a: Shaymin|38\/100\n|-damage|p2a: Rillaboom|43\/100|[from] Recoil\n|move|p1a: Shaymin|Seed Flare|p2a: Rillaboom\n|-resisted|p2a: Rillaboom\n|-damage|p2a: Rillaboom|5\/100\n|\n|-heal|p2a: Rillaboom|12\/100|[from] Grassy Terrain\n|-heal|p1a: Shaymin|45\/100|[from] Grassy Terrain\n|upkeep\n|turn|62\n|inactive|eeferrrerere has 30 seconds left this turn.\n|inactive|mcp3 has 20 seconds left this turn.\n|inactive|mcp3 has 15 seconds left.\n|\n|t:|1699750918\n|move|p2a: Rillaboom|Knock Off|p1a: Shaymin\n|-damage|p1a: Shaymin|30\/100\n|move|p1a: Shaymin|Synthesis|p1a: Shaymin\n|-heal|p1a: Shaymin|80\/100\n|\n|-heal|p2a: Rillaboom|18\/100|[from] Grassy Terrain\n|-heal|p1a: Shaymin|86\/100|[from] Grassy Terrain\n|upkeep\n|turn|63\n|inactive|mcp3 has 25 seconds left this turn.\n|\n|t:|1699750922\n|move|p2a: Rillaboom|Knock Off|p1a: Shaymin\n|-damage|p1a: Shaymin|72\/100\n|move|p1a: Shaymin|Earth Power|p2a: Rillaboom\n|-resisted|p2a: Rillaboom\n|-damage|p2a: Rillaboom|5\/100\n|\n|-heal|p2a: Rillaboom|11\/100|[from] Grassy Terrain\n|-heal|p1a: Shaymin|78\/100|[from] Grassy Terrain\n|upkeep\n|turn|64\n|\n|t:|1699750928\n|move|p2a: Rillaboom|U-turn|p1a: Shaymin\n|-supereffective|p1a: Shaymin\n|-damage|p1a: Shaymin|51\/100\n|\n|t:|1699750930\n|switch|p2a: Manaphy|Manaphy|78\/100|[from] U-turn\n|move|p1a: Shaymin|Earth Power|p2a: Manaphy\n|-damage|p2a: Manaphy|61\/100\n|\n|-heal|p2a: Manaphy|67\/100|[from] Grassy Terrain\n|-heal|p1a: Shaymin|57\/100|[from] Grassy Terrain\n|-fieldend|move: Grassy Terrain\n|upkeep\n|turn|65\n|\n|t:|1699750937\n|switch|p2a: Rillaboom|Rillaboom, M|11\/100\n|-fieldstart|move: Grassy Terrain|[from] ability: Grassy Surge|[of] p2a: Rillaboom\n|move|p1a: Shaymin|Leech Seed|p2a: Rillaboom\n|-immune|p2a: Rillaboom\n|\n|-heal|p2a: Rillaboom|17\/100|[from] Grassy Terrain\n|-heal|p1a: Shaymin|63\/100|[from] Grassy Terrain\n|upkeep\n|turn|66\n|\n|t:|1699750949\n|move|p2a: Rillaboom|Knock Off|p1a: Shaymin\n|-damage|p1a: Shaymin|50\/100\n|move|p1a: Shaymin|Synthesis|p1a: Shaymin\n|-heal|p1a: Shaymin|100\/100\n|\n|-heal|p2a: Rillaboom|23\/100|[from] Grassy Terrain\n|upkeep\n|turn|67\n|inactive|mcp3 has 60 seconds left.\n|\n|t:|1699750958\n|move|p2a: Rillaboom|Knock Off|p1a: Shaymin\n|-damage|p1a: Shaymin|87\/100\n|move|p1a: Shaymin|Leech Seed|p2a: Rillaboom\n|-immune|p2a: Rillaboom\n|\n|-heal|p2a: Rillaboom|30\/100|[from] Grassy Terrain\n|-heal|p1a: Shaymin|93\/100|[from] Grassy Terrain\n|upkeep\n|turn|68\n|\n|t:|1699750961\n|move|p2a: Rillaboom|Knock Off|p1a: Shaymin\n|-damage|p1a: Shaymin|79\/100\n|move|p1a: Shaymin|Leech Seed|p2a: Rillaboom\n|-immune|p2a: Rillaboom\n|\n|-heal|p2a: Rillaboom|36\/100|[from] Grassy Terrain\n|-heal|p1a: Shaymin|85\/100|[from] Grassy Terrain\n|upkeep\n|turn|69\n|\n|t:|1699750966\n|move|p2a: Rillaboom|U-turn|p1a: Shaymin\n|-supereffective|p1a: Shaymin\n|-damage|p1a: Shaymin|58\/100\n|\n|t:|1699750967\n|switch|p2a: Manaphy|Manaphy|67\/100|[from] U-turn\n|move|p1a: Shaymin|Seed Flare|p2a: Manaphy\n|-supereffective|p2a: Manaphy\n|-damage|p2a: Manaphy|0 fnt\n|faint|p2a: Manaphy\n|\n|-heal|p1a: Shaymin|64\/100|[from] Grassy Terrain\n|-fieldend|move: Grassy Terrain\n|upkeep\n|c|\u2606mcp3|gg\n|c|\u2606eeferrrerere|gg\n|\n|t:|1699750978\n|switch|p2a: Rillaboom|Rillaboom, M|36\/100\n|-fieldstart|move: Grassy Terrain|[from] ability: Grassy Surge|[of] p2a: Rillaboom\n|turn|70\n|\n|t:|1699750982\n|move|p2a: Rillaboom|U-turn|p1a: Shaymin\n|-supereffective|p1a: Shaymin\n|-damage|p1a: Shaymin|35\/100\n|move|p1a: Shaymin|Earth Power|p2a: Rillaboom\n|-resisted|p2a: Rillaboom\n|-damage|p2a: Rillaboom|21\/100\n|\n|-heal|p2a: Rillaboom|27\/100|[from] Grassy Terrain\n|-heal|p1a: Shaymin|41\/100|[from] Grassy Terrain\n|upkeep\n|turn|71\n|\n|t:|1699750986\n|move|p2a: Rillaboom|Knock Off|p1a: Shaymin\n|-damage|p1a: Shaymin|28\/100\n|move|p1a: Shaymin|Synthesis|p1a: Shaymin\n|-heal|p1a: Shaymin|78\/100\n|\n|-heal|p2a: Rillaboom|34\/100|[from] Grassy Terrain\n|-heal|p1a: Shaymin|84\/100|[from] Grassy Terrain\n|upkeep\n|turn|72\n|j| Criticos\n|\n|t:|1699750990\n|move|p2a: Rillaboom|U-turn|p1a: Shaymin\n|-supereffective|p1a: Shaymin\n|-damage|p1a: Shaymin|55\/100\n|move|p1a: Shaymin|Earth Power|p2a: Rillaboom\n|-resisted|p2a: Rillaboom\n|-damage|p2a: Rillaboom|20\/100\n|-unboost|p2a: Rillaboom|spd|1\n|\n|-heal|p2a: Rillaboom|26\/100|[from] Grassy Terrain\n|-heal|p1a: Shaymin|61\/100|[from] Grassy Terrain\n|upkeep\n|turn|73\n|\n|t:|1699750992\n|move|p2a: Rillaboom|U-turn|p1a: Shaymin\n|-supereffective|p1a: Shaymin\n|-damage|p1a: Shaymin|32\/100\n|move|p1a: Shaymin|Earth Power|p2a: Rillaboom\n|-resisted|p2a: Rillaboom\n|-damage|p2a: Rillaboom|4\/100\n|-unboost|p2a: Rillaboom|spd|1\n|\n|-heal|p2a: Rillaboom|10\/100|[from] Grassy Terrain\n|-heal|p1a: Shaymin|38\/100|[from] Grassy Terrain\n|upkeep\n|turn|74\n|\n|t:|1699750994\n|move|p2a: Rillaboom|U-turn|p1a: Shaymin\n|-supereffective|p1a: Shaymin\n|-damage|p1a: Shaymin|7\/100\n|move|p1a: Shaymin|Earth Power|p2a: Rillaboom\n|-resisted|p2a: Rillaboom\n|-damage|p2a: Rillaboom|0 fnt\n|faint|p2a: Rillaboom\n|\n|win|eeferrrerere\n|raw|eeferrrerere's rating: 1809 &rarr; <strong>1830<\/strong><br \/>(+21 for winning)\n|raw|mcp3's rating: 1819 &rarr; <strong>1798<\/strong><br \/>(-21 for losing)\n","uploadtime":1699750997,"views":63,"p1id":"eeferrrerere","p2id":"mcp3","formatid":"gen9ou","rating":1798,"private":0,"password":""}