{"id":"gen9ou-1998157192","p1":"Hiddenside","p2":"Chabbott918","format":"[Gen 9] OU","log":"|j|\u2606Hiddenside\n|j|\u2606Chabbott918\n|t:|1700902622\n|gametype|singles\n|player|p1|Hiddenside|1|1338\n|player|p2|Chabbott918|raifort|1404\n|teamsize|p1|6\n|teamsize|p2|6\n|gen|9\n|tier|[Gen 9] OU\n|rated|\n|rule|Sleep Clause Mod: Limit one foe put to sleep\n|rule|Species Clause: Limit one of each Pok\u00e9mon\n|rule|OHKO Clause: OHKO moves are banned\n|rule|Evasion Items Clause: Evasion items are banned\n|rule|Evasion Moves Clause: Evasion moves are banned\n|rule|Endless Battle Clause: Forcing endless battles is banned\n|rule|HP Percentage Mod: HP is shown in percentages\n|clearpoke\n|poke|p1|Pelipper, F|\n|poke|p1|Basculegion, M|\n|poke|p1|Ludicolo, F|\n|poke|p1|Amoonguss, M|\n|poke|p1|Zapdos|\n|poke|p1|Grafaiai, M|\n|poke|p2|Haxorus, M|\n|poke|p2|Ninetales-Alola, M|\n|poke|p2|Rillaboom, F|\n|poke|p2|Cresselia, F|\n|poke|p2|Empoleon, M|\n|poke|p2|Iron Moth|\n|teampreview\n|inactive|Battle timer is ON: inactive players will automatically lose when time's up. (requested by Hiddenside)\n|\n|t:|1700902645\n|start\n|switch|p1a: Grafaiai|Grafaiai, M|100\/100\n|switch|p2a: Rillaboom|Rillaboom, F|100\/100\n|-fieldstart|move: Grassy Terrain|[from] ability: Grassy Surge|[of] p2a: Rillaboom\n|turn|1\n|\n|t:|1700902659\n|switch|p2a: Haxorus|Haxorus, M, shiny|100\/100\n|-ability|p2a: Haxorus|Mold Breaker\n|move|p1a: Grafaiai|Parting Shot|p2a: Haxorus\n|-unboost|p2a: Haxorus|atk|1\n|-unboost|p2a: Haxorus|spa|1\n|\n|t:|1700902667\n|switch|p1a: Pelipper|Pelipper, F|100\/100|[from] Parting Shot\n|-weather|RainDance|[from] ability: Drizzle|[of] p1a: Pelipper\n|\n|-weather|RainDance|[upkeep]\n|upkeep\n|turn|2\n|\n|t:|1700902675\n|switch|p2a: Ninetales|Ninetales-Alola, M|100\/100\n|-weather|Snow|[from] ability: Snow Warning|[of] p2a: Ninetales\n|move|p1a: Pelipper|Ice Beam|p2a: Ninetales\n|-resisted|p2a: Ninetales\n|-damage|p2a: Ninetales|84\/100\n|\n|-weather|Snow|[upkeep]\n|-heal|p2a: Ninetales|90\/100|[from] Grassy Terrain\n|upkeep\n|turn|3\n|\n|t:|1700902686\n|switch|p1a: Grafaiai|Grafaiai, M|100\/100\n|move|p2a: Ninetales|Aurora Veil|p2a: Ninetales\n|-sidestart|p2: Chabbott918|move: Aurora Veil\n|\n|-weather|Snow|[upkeep]\n|-heal|p2a: Ninetales|97\/100|[from] Grassy Terrain\n|upkeep\n|turn|4\n|\n|t:|1700902692\n|move|p1a: Grafaiai|Parting Shot|p2a: Ninetales\n|-unboost|p2a: Ninetales|atk|1\n|-unboost|p2a: Ninetales|spa|1\n|\n|t:|1700902696\n|switch|p1a: Pelipper|Pelipper, F|100\/100|[from] Parting Shot\n|-weather|RainDance|[from] ability: Drizzle|[of] p1a: Pelipper\n|move|p2a: Ninetales|Encore||[still]\n|-fail|p2a: Ninetales\n|\n|-weather|RainDance|[upkeep]\n|-heal|p2a: Ninetales|100\/100|[from] Grassy Terrain\n|upkeep\n|turn|5\n|\n|t:|1700902709\n|move|p2a: Ninetales|Freeze-Dry|p1a: Pelipper\n|-supereffective|p1a: Pelipper\n|-damage|p1a: Pelipper|0 fnt\n|faint|p1a: Pelipper\n|\n|-weather|RainDance|[upkeep]\n|-fieldend|move: Grassy Terrain\n|upkeep\n|\n|t:|1700902721\n|switch|p1a: Basculegion|Basculegion, M, shiny|100\/100\n|turn|6\n|\n|t:|1700902724\n|switch|p2a: Rillaboom|Rillaboom, F|100\/100\n|-fieldstart|move: Grassy Terrain|[from] ability: Grassy Surge|[of] p2a: Rillaboom\n|move|p1a: Basculegion|Wave Crash|p2a: Rillaboom\n|-resisted|p2a: Rillaboom\n|-damage|p2a: Rillaboom|65\/100\n|-damage|p1a: Basculegion|91\/100|[from] Recoil\n|\n|-weather|RainDance|[upkeep]\n|-heal|p1a: Basculegion|98\/100|[from] Grassy Terrain\n|-heal|p2a: Rillaboom|71\/100|[from] Grassy Terrain\n|upkeep\n|turn|7\n|\n|t:|1700902733\n|switch|p1a: Grafaiai|Grafaiai, M|100\/100\n|move|p2a: Rillaboom|Knock Off|p1a: Grafaiai\n|-damage|p1a: Grafaiai|24\/100\n|-enditem|p1a: Grafaiai|Leftovers|[from] move: Knock Off|[of] p2a: Rillaboom\n|\n|-weather|RainDance|[upkeep]\n|-heal|p2a: Rillaboom|77\/100|[from] Grassy Terrain\n|-heal|p1a: Grafaiai|30\/100|[from] Grassy Terrain\n|upkeep\n|turn|8\n|\n|t:|1700902739\n|move|p1a: Grafaiai|Parting Shot|p2a: Rillaboom\n|-unboost|p2a: Rillaboom|atk|1\n|-unboost|p2a: Rillaboom|spa|1\n|\n|t:|1700902745\n|switch|p1a: Zapdos|Zapdos, shiny|100\/100|[from] Parting Shot\n|move|p2a: Rillaboom|Knock Off|p1a: Zapdos\n|-damage|p1a: Zapdos|63\/100\n|-enditem|p1a: Zapdos|Aguav Berry|[from] move: Knock Off|[of] p2a: Rillaboom\n|\n|-weather|RainDance|[upkeep]\n|-heal|p2a: Rillaboom|84\/100|[from] Grassy Terrain\n|upkeep\n|turn|9\n|\n|t:|1700902753\n|switch|p2a: Ninetales|Ninetales-Alola, M|100\/100\n|-weather|Snow|[from] ability: Snow Warning|[of] p2a: Ninetales\n|move|p1a: Zapdos|Hurricane|p2a: Ninetales\n|-crit|p2a: Ninetales\n|-damage|p2a: Ninetales|8\/100\n|\n|-weather|Snow|[upkeep]\n|-heal|p2a: Ninetales|14\/100|[from] Grassy Terrain\n|upkeep\n|turn|10\n|\n|t:|1700902764\n|-terastallize|p1a: Zapdos|Electric\n|move|p2a: Ninetales|Freeze-Dry|p1a: Zapdos\n|-damage|p1a: Zapdos|38\/100\n|-status|p1a: Zapdos|frz\n|cant|p1a: Zapdos|frz\n|\n|-weather|Snow|[upkeep]\n|-heal|p2a: Ninetales|20\/100|[from] Grassy Terrain\n|-heal|p1a: Zapdos|44\/100 frz|[from] Grassy Terrain\n|-sideend|p2: Chabbott918|move: Aurora Veil\n|-fieldend|move: Grassy Terrain\n|upkeep\n|turn|11\n|-message|Hiddenside forfeited.\n|\n|win|Chabbott918\n|raw|Hiddenside's rating: 1338 &rarr; <strong>1322<\/strong><br \/>(-16 for losing)\n|raw|Chabbott918's rating: 1404 &rarr; <strong>1420<\/strong><br \/>(+16 for winning)\n|l|\u2606Hiddenside\n","uploadtime":1700902777,"views":14,"p1id":"hiddenside","p2id":"chabbott918","formatid":"gen9ou","rating":1322,"private":0,"password":""}