{"id":"gen9ou-1997342904","p1":"Zachanas","p2":"mikhail95","format":"[Gen 9] OU","log":"|j|\u2606Zachanas\n|j|\u2606mikhail95\n|t:|1700791847\n|gametype|singles\n|player|p1|Zachanas|dawn|1561\n|player|p2|mikhail95|102|1506\n|teamsize|p1|6\n|teamsize|p2|6\n|gen|9\n|tier|[Gen 9] OU\n|rated|\n|rule|Sleep Clause Mod: Limit one foe put to sleep\n|rule|Species Clause: Limit one of each Pok\u00e9mon\n|rule|OHKO Clause: OHKO moves are banned\n|rule|Evasion Items Clause: Evasion items are banned\n|rule|Evasion Moves Clause: Evasion moves are banned\n|rule|Endless Battle Clause: Forcing endless battles is banned\n|rule|HP Percentage Mod: HP is shown in percentages\n|clearpoke\n|poke|p1|Glimmora, F|\n|poke|p1|Ogerpon-Wellspring, F|\n|poke|p1|Iron Valiant|\n|poke|p1|Kingambit, M|\n|poke|p1|Iron Moth|\n|poke|p1|Zamazenta-*|\n|poke|p2|Landorus-Therian, M|\n|poke|p2|Iron Valiant|\n|poke|p2|Dragonite, M|\n|poke|p2|Dragapult, F|\n|poke|p2|Kingambit, M|\n|poke|p2|Walking Wake|\n|teampreview\n|j| TheGreatestBot\n|\n|t:|1700791857\n|start\n|switch|p1a: Glimmora|Glimmora, F|100\/100\n|switch|p2a: Dragapult|Dragapult, F|100\/100\n|turn|1\n|inactive|Battle timer is ON: inactive players will automatically lose when time's up. (requested by Zachanas)\n|\n|t:|1700791861\n|move|p2a: Dragapult|Will-O-Wisp|p1a: Glimmora\n|-status|p1a: Glimmora|brn\n|move|p1a: Glimmora|Stealth Rock|p2a: Dragapult\n|-sidestart|p2: mikhail95|move: Stealth Rock\n|\n|-damage|p1a: Glimmora|94\/100 brn|[from] brn\n|upkeep\n|turn|2\n|\n|t:|1700791868\n|move|p2a: Dragapult|Hex|p1a: Glimmora\n|-damage|p1a: Glimmora|23\/100 brn\n|move|p1a: Glimmora|Mortal Spin|p2a: Dragapult\n|-resisted|p2a: Dragapult\n|-damage|p2a: Dragapult|99\/100\n|-status|p2a: Dragapult|psn\n|\n|-heal|p2a: Dragapult|100\/100 psn|[from] item: Leftovers\n|-damage|p2a: Dragapult|88\/100 psn|[from] psn\n|-damage|p1a: Glimmora|17\/100 brn|[from] brn\n|upkeep\n|turn|3\n|\n|t:|1700791878\n|move|p2a: Dragapult|Hex|p1a: Glimmora\n|-damage|p1a: Glimmora|0 fnt\n|faint|p1a: Glimmora\n|\n|-heal|p2a: Dragapult|94\/100 psn|[from] item: Leftovers\n|-damage|p2a: Dragapult|82\/100 psn|[from] psn\n|upkeep\n|\n|t:|1700791884\n|switch|p1a: Iron Moth|Iron Moth|100\/100\n|-enditem|p1a: Iron Moth|Booster Energy\n|-activate|p1a: Iron Moth|ability: Quark Drive|[fromitem]\n|-start|p1a: Iron Moth|quarkdrivespe\n|turn|4\n|\n|t:|1700791888\n|move|p1a: Iron Moth|Dazzling Gleam|p2a: Dragapult\n|-supereffective|p2a: Dragapult\n|-crit|p2a: Dragapult\n|-damage|p2a: Dragapult|0 fnt\n|faint|p2a: Dragapult\n|\n|upkeep\n|\n|t:|1700791898\n|switch|p2a: Landorus|Landorus-Therian, M|100\/100\n|-damage|p2a: Landorus|88\/100|[from] Stealth Rock\n|-ability|p2a: Landorus|Intimidate|boost\n|-unboost|p1a: Iron Moth|atk|1\n|turn|5\n|\n|t:|1700791903\n|move|p1a: Iron Moth|Fiery Dance|p2a: Landorus\n|-damage|p2a: Landorus|39\/100\n|move|p2a: Landorus|Earthquake|p1a: Iron Moth\n|-supereffective|p1a: Iron Moth\n|-damage|p1a: Iron Moth|0 fnt\n|faint|p1a: Iron Moth\n|-end|p1a: Iron Moth|Quark Drive|[silent]\n|\n|upkeep\n|inactive|Zachanas has 120 seconds left.\n|\n|t:|1700791934\n|switch|p1a: Ogerpon|Ogerpon-Wellspring, F|100\/100\n|turn|6\n|\n|t:|1700791939\n|switch|p2a: Dragonite|Dragonite, M|100\/100\n|move|p1a: Ogerpon|Ivy Cudgel|p2a: Dragonite|[anim] Ivy Cudgel Water\n|-resisted|p2a: Dragonite\n|-damage|p2a: Dragonite|86\/100\n|\n|upkeep\n|turn|7\n|\n|t:|1700791948\n|switch|p1a: Iron Valiant|Iron Valiant|100\/100\n|-enditem|p1a: Iron Valiant|Booster Energy\n|-activate|p1a: Iron Valiant|ability: Quark Drive|[fromitem]\n|-start|p1a: Iron Valiant|quarkdrivespe\n|move|p2a: Dragonite|Dragon Dance|p2a: Dragonite\n|-boost|p2a: Dragonite|atk|1\n|-boost|p2a: Dragonite|spe|1\n|\n|upkeep\n|turn|8\n|\n|t:|1700791955\n|move|p2a: Dragonite|Extreme Speed|p1a: Iron Valiant\n|-damage|p1a: Iron Valiant|39\/100\n|move|p1a: Iron Valiant|Encore|p2a: Dragonite\n|-start|p2a: Dragonite|Encore\n|\n|upkeep\n|turn|9\n|\n|t:|1700791960\n|-end|p1a: Iron Valiant|Quark Drive|[silent]\n|switch|p1a: Zamazenta|Zamazenta|100\/100\n|-ability|p1a: Zamazenta|Dauntless Shield|boost\n|-boost|p1a: Zamazenta|def|1\n|move|p2a: Dragonite|Extreme Speed|p1a: Zamazenta\n|-damage|p1a: Zamazenta|71\/100\n|\n|upkeep\n|turn|10\n|\n|t:|1700791970\n|switch|p2a: Walking Wake|Walking Wake|100\/100\n|-damage|p2a: Walking Wake|88\/100|[from] Stealth Rock\n|-enditem|p2a: Walking Wake|Booster Energy\n|-activate|p2a: Walking Wake|ability: Protosynthesis|[fromitem]\n|-start|p2a: Walking Wake|protosynthesisspa\n|move|p1a: Zamazenta|Stone Edge|p2a: Walking Wake\n|-damage|p2a: Walking Wake|53\/100\n|\n|upkeep\n|turn|11\n|\n|t:|1700791981\n|move|p1a: Zamazenta|Close Combat|p2a: Walking Wake\n|-damage|p2a: Walking Wake|0 fnt\n|-unboost|p1a: Zamazenta|def|1\n|-unboost|p1a: Zamazenta|spd|1\n|faint|p2a: Walking Wake\n|-end|p2a: Walking Wake|Protosynthesis|[silent]\n|\n|upkeep\n|\n|t:|1700791987\n|switch|p2a: Landorus|Landorus-Therian, M|39\/100\n|-damage|p2a: Landorus|26\/100|[from] Stealth Rock\n|-ability|p2a: Landorus|Intimidate|boost\n|-unboost|p1a: Zamazenta|atk|1\n|turn|12\n|\n|t:|1700791992\n|switch|p1a: Iron Valiant|Iron Valiant|39\/100\n|move|p2a: Landorus|Stealth Rock|p1a: Iron Valiant\n|-sidestart|p1: Zachanas|move: Stealth Rock\n|\n|upkeep\n|turn|13\n|\n|t:|1700792000\n|move|p1a: Iron Valiant|Knock Off|p2a: Landorus\n|-damage|p2a: Landorus|0 fnt\n|-damage|p1a: Iron Valiant|22\/100|[from] item: Rocky Helmet|[of] p2a: Landorus\n|-enditem|p2a: Landorus|Rocky Helmet|[from] move: Knock Off|[of] p1a: Iron Valiant\n|faint|p2a: Landorus\n|\n|upkeep\n|\n|t:|1700792005\n|switch|p2a: Dragonite|Dragonite, M|86\/100\n|turn|14\n|\n|t:|1700792011\n|move|p2a: Dragonite|Extreme Speed|p1a: Iron Valiant\n|-damage|p1a: Iron Valiant|0 fnt\n|faint|p1a: Iron Valiant\n|-end|p1a: Iron Valiant|Quark Drive|[silent]\n|\n|upkeep\n|\n|t:|1700792017\n|switch|p1a: Zamazenta|Zamazenta|71\/100\n|turn|15\n|\n|t:|1700792024\n|move|p1a: Zamazenta|Stone Edge|p2a: Dragonite|[miss]\n|-miss|p1a: Zamazenta|p2a: Dragonite\n|move|p2a: Dragonite|Dragon Dance|p2a: Dragonite\n|-boost|p2a: Dragonite|atk|1\n|-boost|p2a: Dragonite|spe|1\n|\n|upkeep\n|turn|16\n|\n|t:|1700792033\n|move|p1a: Zamazenta|Stone Edge|p2a: Dragonite\n|-supereffective|p2a: Dragonite\n|-damage|p2a: Dragonite|15\/100\n|move|p2a: Dragonite|Dragon Dance|p2a: Dragonite\n|-boost|p2a: Dragonite|atk|1\n|-boost|p2a: Dragonite|spe|1\n|\n|upkeep\n|turn|17\n|\n|t:|1700792044\n|-terastallize|p1a: Zamazenta|Steel\n|move|p2a: Dragonite|Earthquake|p1a: Zamazenta\n|-supereffective|p1a: Zamazenta\n|-damage|p1a: Zamazenta|0 fnt\n|faint|p1a: Zamazenta\n|\n|upkeep\n|\n|t:|1700792052\n|switch|p1a: Kingambit|Kingambit, M|100\/100\n|-damage|p1a: Kingambit|94\/100|[from] Stealth Rock\n|-activate|p1a: Kingambit|ability: Supreme Overlord\n|-start|p1a: Kingambit|fallen4|[silent]\n|turn|18\n|\n|t:|1700792057\n|move|p2a: Dragonite|Extreme Speed|p1a: Kingambit\n|-resisted|p1a: Kingambit\n|-damage|p1a: Kingambit|72\/100\n|move|p1a: Kingambit|Iron Head|p2a: Dragonite\n|-damage|p2a: Dragonite|0 fnt\n|faint|p2a: Dragonite\n|\n|-heal|p1a: Kingambit|78\/100|[from] item: Leftovers\n|upkeep\n|\n|t:|1700792065\n|switch|p2a: Iron Valiant|Iron Valiant|100\/100\n|-damage|p2a: Iron Valiant|94\/100|[from] Stealth Rock\n|-enditem|p2a: Iron Valiant|Booster Energy\n|-activate|p2a: Iron Valiant|ability: Quark Drive|[fromitem]\n|-start|p2a: Iron Valiant|quarkdrivespe\n|turn|19\n|\n|t:|1700792071\n|-end|p1a: Kingambit|fallen4|[silent]\n|switch|p1a: Ogerpon|Ogerpon-Wellspring, F|100\/100\n|-damage|p1a: Ogerpon|88\/100|[from] Stealth Rock\n|move|p2a: Iron Valiant|Close Combat|p1a: Ogerpon\n|-damage|p1a: Ogerpon|3\/100\n|-unboost|p2a: Iron Valiant|def|1\n|-unboost|p2a: Iron Valiant|spd|1\n|\n|upkeep\n|turn|20\n|\n|t:|1700792078\n|move|p2a: Iron Valiant|Knock Off|p1a: Ogerpon\n|-damage|p1a: Ogerpon|0 fnt\n|faint|p1a: Ogerpon\n|\n|upkeep\n|\n|t:|1700792082\n|switch|p1a: Kingambit|Kingambit, M|78\/100\n|-damage|p1a: Kingambit|72\/100|[from] Stealth Rock\n|-activate|p1a: Kingambit|ability: Supreme Overlord\n|-start|p1a: Kingambit|fallen5|[silent]\n|turn|21\n|\n|t:|1700792087\n|move|p2a: Iron Valiant|Close Combat|p1a: Kingambit\n|-supereffective|p1a: Kingambit\n|-damage|p1a: Kingambit|0 fnt\n|-unboost|p2a: Iron Valiant|def|1\n|-unboost|p2a: Iron Valiant|spd|1\n|faint|p1a: Kingambit\n|-end|p1a: Kingambit|fallen5|[silent]\n|\n|win|mikhail95\n|raw|Zachanas's rating: 1561 &rarr; <strong>1538<\/strong><br \/>(-23 for losing)\n|raw|mikhail95's rating: 1506 &rarr; <strong>1529<\/strong><br \/>(+23 for winning)\n|c|\u2606mikhail95|gg\n|l|\u2606Zachanas\n|l| TheGreatestBot\n","uploadtime":1700792094,"views":5,"p1id":"zachanas","p2id":"mikhail95","formatid":"gen9ou","rating":1529,"private":0,"password":""}