{"id":"gen9ou-1989199760","p1":"Carbolo","p2":"SimpleLoser","format":"[Gen 9] OU","log":"|j|\u2606Carbolo\n|j|\u2606SimpleLoser\n|t:|1699822662\n|gametype|singles\n|player|p1|Carbolo|tate|1192\n|player|p2|SimpleLoser|elesa|1135\n|teamsize|p1|6\n|teamsize|p2|6\n|gen|9\n|tier|[Gen 9] OU\n|rated|\n|rule|Sleep Clause Mod: Limit one foe put to sleep\n|rule|Species Clause: Limit one of each Pok\u00e9mon\n|rule|OHKO Clause: OHKO moves are banned\n|rule|Evasion Items Clause: Evasion items are banned\n|rule|Evasion Moves Clause: Evasion moves are banned\n|rule|Endless Battle Clause: Forcing endless battles is banned\n|rule|HP Percentage Mod: HP is shown in percentages\n|clearpoke\n|poke|p1|Dragapult, M|\n|poke|p1|Gholdengo|\n|poke|p1|Sneasler, F|\n|poke|p1|Great Tusk|\n|poke|p1|Iron Moth|\n|poke|p1|Iron Valiant|\n|poke|p2|Glimmora, F|\n|poke|p2|Iron Moth|\n|poke|p2|Azumarill, F|\n|poke|p2|Garchomp, M|\n|poke|p2|Great Tusk|\n|poke|p2|Empoleon, M|\n|teampreview\n|\n|t:|1699822667\n|start\n|switch|p1a: Dragapult|Dragapult, M|100\/100\n|switch|p2a: Glimmora|Glimmora, F|100\/100\n|turn|1\n|inactive|Battle timer is ON: inactive players will automatically lose when time's up. (requested by Carbolo)\n|\n|t:|1699822678\n|move|p1a: Dragapult|Substitute|p1a: Dragapult\n|-start|p1a: Dragapult|Substitute\n|-damage|p1a: Dragapult|76\/100\n|move|p2a: Glimmora|Spikes|p1a: Dragapult\n|-sidestart|p1: Carbolo|Spikes\n|\n|-heal|p1a: Dragapult|82\/100|[from] item: Leftovers\n|upkeep\n|turn|2\n|\n|t:|1699822687\n|move|p1a: Dragapult|Dragon Dance|p1a: Dragapult\n|-boost|p1a: Dragapult|atk|1\n|-boost|p1a: Dragapult|spe|1\n|move|p2a: Glimmora|Spikes|p1a: Dragapult\n|-sidestart|p1: Carbolo|Spikes\n|\n|-heal|p1a: Dragapult|88\/100|[from] item: Leftovers\n|upkeep\n|turn|3\n|\n|t:|1699822697\n|switch|p2a: Iron Moth|Iron Moth|100\/100\n|-enditem|p2a: Iron Moth|Booster Energy\n|-activate|p2a: Iron Moth|ability: Quark Drive|[fromitem]\n|-start|p2a: Iron Moth|quarkdrivespe\n|move|p1a: Dragapult|Dragon Dance|p1a: Dragapult\n|-boost|p1a: Dragapult|atk|1\n|-boost|p1a: Dragapult|spe|1\n|\n|-heal|p1a: Dragapult|94\/100|[from] item: Leftovers\n|upkeep\n|turn|4\n|\n|t:|1699822709\n|move|p1a: Dragapult|Dragon Dance|p1a: Dragapult\n|-boost|p1a: Dragapult|atk|1\n|-boost|p1a: Dragapult|spe|1\n|move|p2a: Iron Moth|Sludge Wave|p1a: Dragapult\n|-resisted|p1a: Dragapult\n|-end|p1a: Dragapult|Substitute\n|\n|-heal|p1a: Dragapult|99\/100|[from] item: Leftovers\n|upkeep\n|turn|5\n|\n|t:|1699822720\n|move|p1a: Dragapult|Dragon Darts|p2a: Iron Moth\n|-damage|p2a: Iron Moth|10\/100\n|-anim|p1a: Dragapult|Dragon Darts|p2a: Iron Moth\n|-damage|p2a: Iron Moth|0 fnt\n|faint|p2a: Iron Moth\n|-end|p2a: Iron Moth|Quark Drive|[silent]\n|\n|-heal|p1a: Dragapult|100\/100|[from] item: Leftovers\n|upkeep\n|\n|t:|1699822731\n|switch|p2a: Great Tusk|Great Tusk|100\/100\n|turn|6\n|\n|t:|1699822740\n|-terastallize|p1a: Dragapult|Steel\n|move|p1a: Dragapult|Dragon Dance|p1a: Dragapult\n|-boost|p1a: Dragapult|atk|1\n|-boost|p1a: Dragapult|spe|1\n|move|p2a: Great Tusk|Knock Off|p1a: Dragapult\n|-damage|p1a: Dragapult|62\/100\n|-enditem|p1a: Dragapult|Leftovers|[from] move: Knock Off|[of] p2a: Great Tusk\n|\n|upkeep\n|turn|7\n|\n|t:|1699822752\n|move|p1a: Dragapult|Dragon Darts|p2a: Great Tusk\n|-damage|p2a: Great Tusk|68\/100\n|-anim|p1a: Dragapult|Dragon Darts|p2a: Great Tusk\n|-damage|p2a: Great Tusk|33\/100\n|move|p2a: Great Tusk|Earthquake|p1a: Dragapult\n|-supereffective|p1a: Dragapult\n|-damage|p1a: Dragapult|0 fnt\n|faint|p1a: Dragapult\n|\n|upkeep\n|\n|t:|1699822762\n|switch|p1a: Sneasler|Sneasler, F|100\/100\n|-item|p1a: Sneasler|Air Balloon\n|turn|8\n|\n|t:|1699822771\n|move|p1a: Sneasler|Swords Dance|p1a: Sneasler\n|-boost|p1a: Sneasler|atk|2\n|move|p2a: Great Tusk|Knock Off|p1a: Sneasler\n|-resisted|p1a: Sneasler\n|-damage|p1a: Sneasler|79\/100\n|-enditem|p1a: Sneasler|Air Balloon\n|\n|upkeep\n|turn|9\n|\n|t:|1699822779\n|move|p1a: Sneasler|Acrobatics|p2a: Great Tusk\n|-supereffective|p2a: Great Tusk\n|-damage|p2a: Great Tusk|0 fnt\n|faint|p2a: Great Tusk\n|-end|p2a: Great Tusk|Protosynthesis|[silent]\n|\n|upkeep\n|\n|t:|1699822796\n|switch|p2a: Garchomp|Garchomp, M|100\/100\n|turn|10\n|\n|t:|1699822806\n|move|p1a: Sneasler|Close Combat|p2a: Garchomp\n|-damage|p2a: Garchomp|0 fnt\n|-unboost|p1a: Sneasler|def|1\n|-unboost|p1a: Sneasler|spd|1\n|-damage|p1a: Sneasler|66\/100|[from] ability: Rough Skin|[of] p2a: Garchomp\n|faint|p2a: Garchomp\n|\n|upkeep\n|\n|t:|1699822814\n|switch|p2a: Empoleon|Empoleon, M|100\/100\n|turn|11\n|\n|t:|1699822819\n|move|p1a: Sneasler|Close Combat|p2a: Empoleon\n|-supereffective|p2a: Empoleon\n|-damage|p2a: Empoleon|0 fnt\n|-unboost|p1a: Sneasler|def|1\n|-unboost|p1a: Sneasler|spd|1\n|faint|p2a: Empoleon\n|\n|upkeep\n|\n|t:|1699822830\n|switch|p2a: Azumarill|Azumarill, F, shiny|100\/100\n|turn|12\n|\n|t:|1699822842\n|switch|p1a: Gholdengo|Gholdengo|100\/100\n|-damage|p1a: Gholdengo|84\/100|[from] Spikes\n|move|p2a: Azumarill|Liquidation|p1a: Gholdengo\n|-damage|p1a: Gholdengo|23\/100\n|\n|upkeep\n|turn|13\n|\n|t:|1699822852\n|move|p1a: Gholdengo|Shadow Ball|p2a: Azumarill\n|-damage|p2a: Azumarill|71\/100\n|move|p2a: Azumarill|Knock Off|p1a: Gholdengo\n|-supereffective|p1a: Gholdengo\n|-damage|p1a: Gholdengo|0 fnt\n|-enditem|p1a: Gholdengo|Choice Scarf|[from] move: Knock Off|[of] p2a: Azumarill\n|faint|p1a: Gholdengo\n|\n|upkeep\n|\n|t:|1699822863\n|switch|p1a: Sneasler|Sneasler, F|66\/100\n|-damage|p1a: Sneasler|50\/100|[from] Spikes\n|turn|14\n|\n|t:|1699822868\n|move|p1a: Sneasler|Dire Claw|p2a: Azumarill\n|-supereffective|p2a: Azumarill\n|-damage|p2a: Azumarill|0 fnt\n|faint|p2a: Azumarill\n|\n|upkeep\n|\n|t:|1699822874\n|switch|p2a: Glimmora|Glimmora, F|100\/100\n|turn|15\n|\n|t:|1699822878\n|move|p2a: Glimmora|Spiky Shield|p2a: Glimmora\n|-singleturn|p2a: Glimmora|move: Protect\n|move|p1a: Sneasler|Close Combat|p2a: Glimmora\n|-activate|p2a: Glimmora|move: Protect\n|-damage|p1a: Sneasler|37\/100|[from] Spiky Shield|[of] p2a: Glimmora\n|\n|upkeep\n|turn|16\n|\n|t:|1699822895\n|-terastallize|p2a: Glimmora|Bug\n|move|p1a: Sneasler|Close Combat|p2a: Glimmora\n|-resisted|p2a: Glimmora\n|-damage|p2a: Glimmora|78\/100\n|-unboost|p1a: Sneasler|def|1\n|-unboost|p1a: Sneasler|spd|1\n|-activate|p2a: Glimmora|ability: Toxic Debris\n|-sidestart|p1: Carbolo|move: Toxic Spikes\n|move|p2a: Glimmora|Earth Power|p1a: Sneasler\n|-supereffective|p1a: Sneasler\n|-damage|p1a: Sneasler|0 fnt\n|faint|p1a: Sneasler\n|\n|-heal|p2a: Glimmora|84\/100|[from] item: Leftovers\n|upkeep\n|\n|t:|1699822910\n|switch|p1a: Iron Moth|Iron Moth|100\/100\n|-damage|p1a: Iron Moth|84\/100|[from] Spikes\n|-sideend|p1: Carbolo|move: Toxic Spikes|[of] p1a: Iron Moth\n|turn|17\n|\n|t:|1699822919\n|move|p2a: Glimmora|Spiky Shield|p2a: Glimmora\n|-singleturn|p2a: Glimmora|move: Protect\n|move|p1a: Iron Moth|Sludge Wave|p2a: Glimmora\n|-activate|p2a: Glimmora|move: Protect\n|\n|-heal|p2a: Glimmora|90\/100|[from] item: Leftovers\n|upkeep\n|turn|18\n|\n|t:|1699822929\n|move|p1a: Iron Moth|Sludge Wave|p2a: Glimmora\n|-damage|p2a: Glimmora|5\/100\n|move|p2a: Glimmora|Earth Power|p1a: Iron Moth\n|-supereffective|p1a: Iron Moth\n|-damage|p1a: Iron Moth|0 fnt\n|faint|p1a: Iron Moth\n|-end|p1a: Iron Moth|Quark Drive|[silent]\n|\n|-heal|p2a: Glimmora|11\/100|[from] item: Leftovers\n|upkeep\n|\n|t:|1699822939\n|switch|p1a: Iron Valiant|Iron Valiant|100\/100\n|-damage|p1a: Iron Valiant|84\/100|[from] Spikes\n|-enditem|p1a: Iron Valiant|Booster Energy\n|-activate|p1a: Iron Valiant|ability: Quark Drive|[fromitem]\n|-start|p1a: Iron Valiant|quarkdrivespe\n|turn|19\n|\n|t:|1699822946\n|move|p2a: Glimmora|Spiky Shield|p2a: Glimmora\n|-singleturn|p2a: Glimmora|move: Protect\n|move|p1a: Iron Valiant|Moonblast|p2a: Glimmora\n|-activate|p2a: Glimmora|move: Protect\n|\n|-heal|p2a: Glimmora|17\/100|[from] item: Leftovers\n|upkeep\n|turn|20\n|\n|t:|1699822954\n|move|p2a: Glimmora|Spiky Shield|p2a: Glimmora\n|-singleturn|p2a: Glimmora|move: Protect\n|move|p1a: Iron Valiant|Moonblast|p2a: Glimmora\n|-activate|p2a: Glimmora|move: Protect\n|\n|-heal|p2a: Glimmora|23\/100|[from] item: Leftovers\n|upkeep\n|turn|21\n|c|\u2606Carbolo|So funnt\n|c|\u2606Carbolo|it\u2019s useless\n|\n|t:|1699822968\n|move|p2a: Glimmora|Spiky Shield||[still]\n|-fail|p2a: Glimmora\n|move|p1a: Iron Valiant|Moonblast|p2a: Glimmora\n|-damage|p2a: Glimmora|0 fnt\n|faint|p2a: Glimmora\n|\n|win|Carbolo\n|raw|Carbolo's rating: 1192 &rarr; <strong>1213<\/strong><br \/>(+21 for winning)\n|raw|SimpleLoser's rating: 1135 &rarr; <strong>1114<\/strong><br \/>(-21 for losing)\n|c|\u2606Carbolo|Noob\n","uploadtime":1699822981,"views":31,"p1id":"carbolo","p2id":"simpleloser","formatid":"gen9ou","rating":1114,"private":0,"password":""}