{"id":"gen9ou-1993505725","p1":"Xyaer","p2":"Vale_Arlert_24","format":"[Gen 9] OU","log":"|j|\u2606Xyaer\n|j|\u2606Vale_Arlert_24\n|t:|1700325860\n|gametype|singles\n|player|p1|Xyaer|dancer|1044\n|player|p2|Vale_Arlert_24|emmet|1000\n|teamsize|p1|6\n|teamsize|p2|6\n|gen|9\n|tier|[Gen 9] OU\n|rated|\n|rule|Sleep Clause Mod: Limit one foe put to sleep\n|rule|Species Clause: Limit one of each Pok\u00e9mon\n|rule|OHKO Clause: OHKO moves are banned\n|rule|Evasion Items Clause: Evasion items are banned\n|rule|Evasion Moves Clause: Evasion moves are banned\n|rule|Endless Battle Clause: Forcing endless battles is banned\n|rule|HP Percentage Mod: HP is shown in percentages\n|clearpoke\n|poke|p1|Breloom, M|\n|poke|p1|Noctowl, F|\n|poke|p1|Tinkaton, F|\n|poke|p1|Clawitzer, M|\n|poke|p1|Lokix, M|\n|poke|p1|Typhlosion, F|\n|poke|p2|Cinderace, M|\n|poke|p2|Talonflame, M|\n|poke|p2|Garchomp, M|\n|poke|p2|Lucario, F|\n|poke|p2|Inteleon, M|\n|poke|p2|Decidueye, M|\n|teampreview\n|inactive|Battle timer is ON: inactive players will automatically lose when time's up. (requested by Xyaer)\n|\n|t:|1700325865\n|start\n|switch|p1a: Tinkaton|Tinkaton, F|100\/100\n|switch|p2a: Lucario|Lucario, F|100\/100\n|turn|1\n|\n|t:|1700325873\n|move|p1a: Tinkaton|Stealth Rock|p2a: Lucario\n|-sidestart|p2: Vale_Arlert_24|move: Stealth Rock\n|move|p2a: Lucario|Dragon Pulse|p1a: Tinkaton\n|-immune|p1a: Tinkaton\n|\n|upkeep\n|turn|2\n|\n|t:|1700325890\n|move|p1a: Tinkaton|Encore|p2a: Lucario\n|-start|p2a: Lucario|Encore\n|move|p2a: Lucario|Dragon Pulse|p1a: Tinkaton\n|-immune|p1a: Tinkaton\n|\n|upkeep\n|turn|3\n|inactive|Xyaer has 120 seconds left.\n|\n|t:|1700325921\n|switch|p2a: Talonflame|Talonflame, M|100\/100\n|-damage|p2a: Talonflame|51\/100|[from] Stealth Rock\n|move|p1a: Tinkaton|Knock Off|p2a: Talonflame\n|-damage|p2a: Talonflame|14\/100\n|-enditem|p2a: Talonflame|Life Orb|[from] move: Knock Off|[of] p1a: Tinkaton\n|\n|upkeep\n|turn|4\n|inactive|Xyaer has 120 seconds left.\n|\n|t:|1700325941\n|switch|p1a: Typhlosion|Typhlosion, F|100\/100\n|move|p2a: Talonflame|Flame Charge|p1a: Typhlosion\n|-resisted|p1a: Typhlosion\n|-damage|p1a: Typhlosion|86\/100\n|-boost|p2a: Talonflame|spe|1\n|\n|upkeep\n|turn|5\n|\n|t:|1700325951\n|move|p2a: Talonflame|Dual Wingbeat|p1a: Typhlosion\n|-damage|p1a: Typhlosion|65\/100\n|-damage|p1a: Typhlosion|42\/100\n|-hitcount|p1a: Typhlosion|2\n|move|p1a: Typhlosion|Eruption|p2a: Talonflame\n|-resisted|p2a: Talonflame\n|-damage|p2a: Talonflame|0 fnt\n|faint|p2a: Talonflame\n|-damage|p1a: Typhlosion|32\/100|[from] item: Life Orb\n|\n|upkeep\n|\n|t:|1700325962\n|switch|p2a: Garchomp|Garchomp, M|100\/100\n|-damage|p2a: Garchomp|94\/100|[from] Stealth Rock\n|turn|6\n|\n|t:|1700325967\n|-terastallize|p1a: Typhlosion|Grass\n|move|p2a: Garchomp|Earthquake|p1a: Typhlosion\n|-resisted|p1a: Typhlosion\n|-damage|p1a: Typhlosion|0 fnt\n|faint|p1a: Typhlosion\n|-damage|p2a: Garchomp|85\/100|[from] item: Life Orb\n|\n|upkeep\n|\n|t:|1700325978\n|switch|p1a: Clawitzer|Clawitzer, M|100\/100\n|turn|7\n|\n|t:|1700325985\n|move|p2a: Garchomp|Draco Meteor|p1a: Clawitzer\n|-damage|p1a: Clawitzer|33\/100\n|-unboost|p2a: Garchomp|spa|2\n|-damage|p2a: Garchomp|75\/100|[from] item: Life Orb\n|move|p1a: Clawitzer|Ice Beam|p2a: Garchomp\n|-supereffective|p2a: Garchomp\n|-damage|p2a: Garchomp|0 fnt\n|faint|p2a: Garchomp\n|\n|upkeep\n|\n|t:|1700325996\n|switch|p2a: Decidueye|Decidueye, M|100\/100\n|-damage|p2a: Decidueye|88\/100|[from] Stealth Rock\n|turn|8\n|\n|t:|1700326000\n|move|p1a: Clawitzer|Ice Beam|p2a: Decidueye\n|-supereffective|p2a: Decidueye\n|-damage|p2a: Decidueye|0 fnt\n|faint|p2a: Decidueye\n|\n|upkeep\n|\n|t:|1700326007\n|switch|p2a: Inteleon|Inteleon, M|100\/100\n|-damage|p2a: Inteleon|88\/100|[from] Stealth Rock\n|turn|9\n|\n|t:|1700326012\n|switch|p1a: Breloom|Breloom, M|100\/100\n|move|p2a: Inteleon|Acrobatics|p1a: Breloom\n|-supereffective|p1a: Breloom\n|-damage|p1a: Breloom|27\/100\n|-damage|p2a: Inteleon|78\/100|[from] item: Life Orb\n|\n|-status|p1a: Breloom|tox|[from] item: Toxic Orb\n|upkeep\n|turn|10\n|\n|t:|1700326026\n|move|p1a: Breloom|Protect|p1a: Breloom\n|-singleturn|p1a: Breloom|Protect\n|move|p2a: Inteleon|Acrobatics|p1a: Breloom\n|-activate|p1a: Breloom|move: Protect\n|\n|-heal|p1a: Breloom|39\/100 tox|[from] ability: Poison Heal\n|upkeep\n|turn|11\n|\n|t:|1700326036\n|switch|p1a: Clawitzer|Clawitzer, M|33\/100\n|move|p2a: Inteleon|Acrobatics|p1a: Clawitzer\n|-damage|p1a: Clawitzer|14\/100\n|-damage|p2a: Inteleon|68\/100|[from] item: Life Orb\n|\n|upkeep\n|turn|12\n|\n|t:|1700326045\n|move|p2a: Inteleon|Blizzard|p1a: Clawitzer\n|-resisted|p1a: Clawitzer\n|-damage|p1a: Clawitzer|0 fnt\n|faint|p1a: Clawitzer\n|-damage|p2a: Inteleon|58\/100|[from] item: Life Orb\n|\n|upkeep\n|\n|t:|1700326053\n|switch|p1a: Lokix|Lokix, M|100\/100\n|turn|13\n|\n|t:|1700326061\n|move|p1a: Lokix|First Impression|p2a: Inteleon\n|-damage|p2a: Inteleon|0 fnt\n|faint|p2a: Inteleon\n|\n|upkeep\n|\n|t:|1700326068\n|switch|p2a: Cinderace|Cinderace, M|100\/100\n|-damage|p2a: Cinderace|76\/100|[from] Stealth Rock\n|turn|14\n|\n|t:|1700326074\n|move|p1a: Lokix|Endure|p1a: Lokix\n|-singleturn|p1a: Lokix|move: Endure\n|move|p2a: Cinderace|Pyro Ball|p1a: Lokix|[miss]\n|-miss|p2a: Cinderace|p1a: Lokix\n|\n|upkeep\n|turn|15\n|\n|t:|1700326080\n|move|p1a: Lokix|Endure|p1a: Lokix\n|-singleturn|p1a: Lokix|move: Endure\n|move|p2a: Cinderace|Pyro Ball|p1a: Lokix\n|-supereffective|p1a: Lokix\n|-activate|p1a: Lokix|move: Endure\n|-damage|p1a: Lokix|1\/100\n|-enditem|p1a: Lokix|Weakness Policy\n|-boost|p1a: Lokix|atk|2|[from] item: Weakness Policy\n|-boost|p1a: Lokix|spa|2|[from] item: Weakness Policy\n|\n|upkeep\n|turn|16\n|\n|t:|1700326094\n|move|p1a: Lokix|Sucker Punch|p2a: Cinderace\n|-damage|p2a: Cinderace|0 fnt\n|faint|p2a: Cinderace\n|\n|upkeep\n|\n|t:|1700326099\n|switch|p2a: Lucario|Lucario, F|100\/100\n|-damage|p2a: Lucario|98\/100|[from] Stealth Rock\n|turn|17\n|\n|t:|1700326104\n|move|p2a: Lucario|Bullet Punch|p1a: Lokix\n|-damage|p1a: Lokix|0 fnt\n|faint|p1a: Lokix\n|\n|upkeep\n|\n|t:|1700326109\n|switch|p1a: Breloom|Breloom, M|39\/100 tox\n|turn|18\n|\n|t:|1700326114\n|move|p1a: Breloom|Protect|p1a: Breloom\n|-singleturn|p1a: Breloom|Protect\n|move|p2a: Lucario|Dragon Pulse|p1a: Breloom\n|-activate|p1a: Breloom|move: Protect\n|\n|-heal|p1a: Breloom|51\/100 tox|[from] ability: Poison Heal\n|upkeep\n|turn|19\n|\n|t:|1700326123\n|move|p2a: Lucario|Dragon Pulse|p1a: Breloom\n|-damage|p1a: Breloom|6\/100 tox\n|move|p1a: Breloom|Substitute|p1a: Breloom\n|-fail|p1a: Breloom|move: Substitute|[weak]\n|\n|-heal|p1a: Breloom|18\/100 tox|[from] ability: Poison Heal\n|upkeep\n|turn|20\n|\n|t:|1700326132\n|move|p2a: Lucario|Bullet Punch|p1a: Breloom\n|-damage|p1a: Breloom|0 fnt\n|faint|p1a: Breloom\n|\n|upkeep\n|\n|t:|1700326135\n|switch|p1a: Noctowl|Noctowl, F|100\/100\n|turn|21\n|\n|t:|1700326141\n|move|p2a: Lucario|Thunder Punch|p1a: Noctowl\n|-supereffective|p1a: Noctowl\n|-damage|p1a: Noctowl|35\/100\n|move|p1a: Noctowl|Hypnosis|p2a: Lucario|[miss]\n|-miss|p1a: Noctowl|p2a: Lucario\n|-enditem|p1a: Noctowl|Blunder Policy\n|-boost|p1a: Noctowl|spe|2\n|\n|upkeep\n|turn|22\n|\n|t:|1700326149\n|move|p1a: Noctowl|Hypnosis|p2a: Lucario|[miss]\n|-miss|p1a: Noctowl|p2a: Lucario\n|move|p2a: Lucario|Thunder Punch|p1a: Noctowl\n|-supereffective|p1a: Noctowl\n|-damage|p1a: Noctowl|0 fnt\n|faint|p1a: Noctowl\n|\n|upkeep\n|\n|t:|1700326156\n|switch|p1a: Tinkaton|Tinkaton, F|100\/100\n|turn|23\n|\n|t:|1700326161\n|move|p1a: Tinkaton|Knock Off|p2a: Lucario\n|-resisted|p2a: Lucario\n|-damage|p2a: Lucario|78\/100\n|-enditem|p2a: Lucario|Focus Sash|[from] move: Knock Off|[of] p1a: Tinkaton\n|move|p2a: Lucario|Aura Sphere|p1a: Tinkaton\n|-damage|p1a: Tinkaton|61\/100\n|\n|-heal|p1a: Tinkaton|67\/100|[from] item: Leftovers\n|upkeep\n|turn|24\n|\n|t:|1700326171\n|move|p1a: Tinkaton|Gigaton Hammer|p2a: Lucario\n|-resisted|p2a: Lucario\n|-damage|p2a: Lucario|25\/100\n|move|p2a: Lucario|Aura Sphere|p1a: Tinkaton\n|-damage|p1a: Tinkaton|27\/100\n|\n|-heal|p1a: Tinkaton|33\/100|[from] item: Leftovers\n|upkeep\n|turn|25\n|\n|t:|1700326180\n|move|p1a: Tinkaton|Knock Off|p2a: Lucario\n|-resisted|p2a: Lucario\n|-damage|p2a: Lucario|11\/100\n|move|p2a: Lucario|Aura Sphere|p1a: Tinkaton\n|-damage|p1a: Tinkaton|0 fnt\n|faint|p1a: Tinkaton\n|\n|win|Vale_Arlert_24\n|raw|Xyaer's rating: 1044 &rarr; <strong>1025<\/strong><br \/>(-19 for losing)\n|raw|Vale_Arlert_24's rating: 1000 &rarr; <strong>1045<\/strong><br \/>(+45 for winning)\n|l|\u2606Xyaer\n","uploadtime":1700326195,"views":13,"p1id":"xyaer","p2id":"valearlert24","formatid":"gen9ou","rating":1025,"private":0,"password":""}