{"id":"gen9ou-1989974118","p1":"jessies boyfriend","p2":"vanzman74","format":"[Gen 9] OU","log":"|j|\u2606jessies boyfriend\n|j|\u2606vanzman74\n|t:|1699911615\n|gametype|singles\n|player|p1|jessies boyfriend|170|1374\n|player|p2|vanzman74|170|1300\n|teamsize|p1|6\n|teamsize|p2|6\n|gen|9\n|tier|[Gen 9] OU\n|rated|\n|rule|Sleep Clause Mod: Limit one foe put to sleep\n|rule|Species Clause: Limit one of each Pok\u00e9mon\n|rule|OHKO Clause: OHKO moves are banned\n|rule|Evasion Items Clause: Evasion items are banned\n|rule|Evasion Moves Clause: Evasion moves are banned\n|rule|Endless Battle Clause: Forcing endless battles is banned\n|rule|HP Percentage Mod: HP is shown in percentages\n|clearpoke\n|poke|p1|Alomomola, M|\n|poke|p1|Lokix, M|\n|poke|p1|Glimmora, F|\n|poke|p1|Gholdengo|\n|poke|p1|Clefable, F|\n|poke|p1|Iron Moth|\n|poke|p2|Scizor, M|\n|poke|p2|Great Tusk|\n|poke|p2|Dragapult, M|\n|poke|p2|Toxapex, M|\n|poke|p2|Ogerpon, F|\n|poke|p2|Iron Valiant|\n|teampreview\n|inactive|Battle timer is ON: inactive players will automatically lose when time's up. (requested by vanzman74)\n|\n|t:|1699911626\n|start\n|switch|p1a: Glimmora|Glimmora, F|100\/100\n|switch|p2a: Dragapult|Dragapult, M, shiny|100\/100\n|turn|1\n|\n|t:|1699911631\n|switch|p1a: Clefable|Clefable, F, shiny|100\/100\n|move|p2a: Dragapult|Shadow Ball|p1a: Clefable\n|-damage|p1a: Clefable|65\/100\n|-unboost|p1a: Clefable|spd|1\n|\n|-heal|p1a: Clefable|71\/100|[from] item: Leftovers\n|upkeep\n|turn|2\n|\n|t:|1699911640\n|switch|p2a: Toxapex|Toxapex, M|100\/100\n|move|p1a: Clefable|Protect||[still]\n|-fail|p1a: Clefable\n|\n|-heal|p1a: Clefable|78\/100|[from] item: Leftovers\n|upkeep\n|turn|3\n|inactive|jessies boyfriend has 120 seconds left.\n|inactive|jessies boyfriend has 90 seconds left.\n|l|\u2606jessies boyfriend\n|inactive|jessies boyfriend disconnected and has a minute to reconnect!\n|player|p1|\n|inactive|jessies boyfriend has 30 seconds to reconnect!\n|inactive|jessies boyfriend has 20 seconds to reconnect!\n|j|\u2606jessies boyfriend\n|inactive|jessies boyfriend reconnected and has 45 seconds left.\n|player|p1|jessies boyfriend|170\n|\n|t:|1699911753\n|switch|p1a: Glimmora|Glimmora, F|100\/100\n|move|p2a: Toxapex|Toxic|p1a: Glimmora\n|-immune|p1a: Glimmora\n|\n|upkeep\n|turn|4\n|\n|t:|1699911762\n|move|p1a: Glimmora|Earth Power|p2a: Toxapex\n|-supereffective|p2a: Toxapex\n|-damage|p2a: Toxapex|51\/100\n|move|p2a: Toxapex|Surf|p1a: Glimmora\n|-supereffective|p1a: Glimmora\n|-damage|p1a: Glimmora|50\/100\n|\n|-heal|p2a: Toxapex|57\/100|[from] item: Leftovers\n|upkeep\n|turn|5\n|\n|t:|1699911768\n|move|p1a: Glimmora|Stealth Rock|p2a: Toxapex\n|-sidestart|p2: vanzman74|move: Stealth Rock\n|move|p2a: Toxapex|Surf|p1a: Glimmora\n|-supereffective|p1a: Glimmora\n|-damage|p1a: Glimmora|1\/100\n|\n|-heal|p2a: Toxapex|64\/100|[from] item: Leftovers\n|upkeep\n|turn|6\n|\n|t:|1699911774\n|move|p1a: Glimmora|Earth Power|p2a: Toxapex\n|-supereffective|p2a: Toxapex\n|-crit|p2a: Toxapex\n|-damage|p2a: Toxapex|0 fnt\n|faint|p2a: Toxapex\n|\n|upkeep\n|\n|t:|1699911778\n|switch|p2a: Great Tusk|Great Tusk|100\/100\n|-damage|p2a: Great Tusk|98\/100|[from] Stealth Rock\n|turn|7\n|\n|t:|1699911786\n|switch|p1a: Gholdengo|Gholdengo|100\/100\n|-item|p1a: Gholdengo|Air Balloon\n|move|p2a: Great Tusk|Knock Off|p1a: Gholdengo\n|-supereffective|p1a: Gholdengo\n|-damage|p1a: Gholdengo|39\/100\n|-enditem|p1a: Gholdengo|Air Balloon\n|\n|-heal|p2a: Great Tusk|100\/100|[from] item: Leftovers\n|upkeep\n|turn|8\n|\n|t:|1699911806\n|switch|p1a: Glimmora|Glimmora, F|1\/100\n|move|p2a: Great Tusk|Earthquake|p1a: Glimmora\n|-supereffective|p1a: Glimmora\n|-damage|p1a: Glimmora|0 fnt\n|-activate|p1a: Glimmora|ability: Toxic Debris\n|-sidestart|p2: vanzman74|move: Toxic Spikes\n|faint|p1a: Glimmora\n|\n|upkeep\n|\n|t:|1699911810\n|switch|p1a: Iron Moth|Iron Moth|100\/100\n|turn|9\n|\n|t:|1699911827\n|-terastallize|p2a: Great Tusk|Steel\n|move|p1a: Iron Moth|Air Slash|p2a: Great Tusk\n|-resisted|p2a: Great Tusk\n|-damage|p2a: Great Tusk|77\/100\n|move|p2a: Great Tusk|Rapid Spin|p1a: Iron Moth\n|-damage|p1a: Iron Moth|74\/100\n|-boost|p2a: Great Tusk|spe|1\n|-sideend|p2: vanzman74|Toxic Spikes|[from] move: Rapid Spin|[of] p2a: Great Tusk\n|-sideend|p2: vanzman74|Stealth Rock|[from] move: Rapid Spin|[of] p2a: Great Tusk\n|\n|-heal|p2a: Great Tusk|84\/100|[from] item: Leftovers\n|upkeep\n|turn|10\n|l|\u2606jessies boyfriend\n|inactive|jessies boyfriend disconnected and has a minute to reconnect!\n|player|p1|\n|j|\u2606jessies boyfriend\n|inactive|jessies boyfriend reconnected and has 75 seconds left.\n|player|p1|jessies boyfriend|170\n|\n|t:|1699911852\n|-end|p1a: Iron Moth|Quark Drive|[silent]\n|switch|p1a: Alomomola|Alomomola, M, shiny|100\/100\n|move|p2a: Great Tusk|Earthquake|p1a: Alomomola\n|-damage|p1a: Alomomola|66\/100\n|\n|-heal|p2a: Great Tusk|90\/100|[from] item: Leftovers\n|upkeep\n|turn|11\n|\n|t:|1699911858\n|-end|p2a: Great Tusk|Protosynthesis|[silent]\n|switch|p2a: Ogerpon|Ogerpon, F|100\/100\n|move|p1a: Alomomola|Wish|p1a: Alomomola\n|\n|upkeep\n|turn|12\n|inactive|jessies boyfriend has 90 seconds left.\n|\n|t:|1699911866\n|switch|p1a: Iron Moth|Iron Moth|74\/100\n|move|p2a: Ogerpon|Swords Dance|p2a: Ogerpon\n|-boost|p2a: Ogerpon|atk|2\n|\n|-heal|p1a: Iron Moth|100\/100|[from] move: Wish|[wisher] Alomomola\n|upkeep\n|turn|13\n|\n|t:|1699911876\n|move|p1a: Iron Moth|Fiery Dance|p2a: Ogerpon\n|-supereffective|p2a: Ogerpon\n|-damage|p2a: Ogerpon|0 fnt\n|-boost|p1a: Iron Moth|spa|1\n|faint|p2a: Ogerpon\n|\n|upkeep\n|\n|t:|1699911882\n|switch|p2a: Iron Valiant|Iron Valiant|100\/100\n|-enditem|p2a: Iron Valiant|Booster Energy\n|-activate|p2a: Iron Valiant|ability: Quark Drive|[fromitem]\n|-start|p2a: Iron Valiant|quarkdrivespe\n|turn|14\n|\n|t:|1699911884\n|move|p2a: Iron Valiant|Calm Mind|p2a: Iron Valiant\n|-boost|p2a: Iron Valiant|spa|1\n|-boost|p2a: Iron Valiant|spd|1\n|move|p1a: Iron Moth|Fiery Dance|p2a: Iron Valiant\n|-damage|p2a: Iron Valiant|21\/100\n|\n|upkeep\n|turn|15\n|\n|t:|1699911888\n|-terastallize|p1a: Iron Moth|Fire\n|move|p2a: Iron Valiant|Psyshock|p1a: Iron Moth\n|-damage|p1a: Iron Moth|40\/100\n|move|p1a: Iron Moth|Fiery Dance|p2a: Iron Valiant\n|-damage|p2a: Iron Valiant|0 fnt\n|-boost|p1a: Iron Moth|spa|1\n|faint|p2a: Iron Valiant\n|-end|p2a: Iron Valiant|Quark Drive|[silent]\n|\n|upkeep\n|\n|t:|1699911893\n|switch|p2a: Dragapult|Dragapult, M, shiny|100\/100\n|turn|16\n|\n|t:|1699911895\n|move|p1a: Iron Moth|Fiery Dance|p2a: Dragapult\n|-resisted|p2a: Dragapult\n|-damage|p2a: Dragapult|10\/100\n|-boost|p1a: Iron Moth|spa|1\n|move|p2a: Dragapult|Shadow Ball|p1a: Iron Moth\n|-damage|p1a: Iron Moth|0 fnt\n|faint|p1a: Iron Moth\n|-end|p1a: Iron Moth|Quark Drive|[silent]\n|\n|upkeep\n|\n|t:|1699911905\n|switch|p1a: Clefable|Clefable, F, shiny|78\/100\n|turn|17\n|c|\u2606vanzman74|how did iron moth outspeed\n|c|\u2606jessies boyfriend|he\u2019s fast\n|inactive|vanzman74 has 120 seconds left.\n|c|\u2606vanzman74|not faster than dragapul\n|inactive|vanzman74 has 90 seconds left.\n|c|\u2606vanzman74|and you didnt have a speed boost\n|\n|t:|1699911976\n|switch|p2a: Scizor|Scizor, M|100\/100\n|move|p1a: Clefable|Wish|p1a: Clefable\n|\n|-heal|p1a: Clefable|84\/100|[from] item: Leftovers\n|upkeep\n|turn|18\n|\n|t:|1699911988\n|switch|p1a: Alomomola|Alomomola, M, shiny|99\/100\n|move|p2a: Scizor|Swords Dance|p2a: Scizor\n|-boost|p2a: Scizor|atk|2\n|\n|-heal|p1a: Alomomola|100\/100|[from] move: Wish|[wisher] Clefable\n|upkeep\n|turn|19\n|\n|t:|1699911994\n|move|p2a: Scizor|Swords Dance|p2a: Scizor\n|-boost|p2a: Scizor|atk|2\n|move|p1a: Alomomola|Scald|p2a: Scizor\n|-damage|p2a: Scizor|85\/100\n|\n|upkeep\n|turn|20\n|\n|t:|1699911998\n|move|p2a: Scizor|Close Combat|p1a: Alomomola\n|-damage|p1a: Alomomola|13\/100\n|-unboost|p2a: Scizor|def|1\n|-unboost|p2a: Scizor|spd|1\n|-damage|p2a: Scizor|68\/100|[from] item: Rocky Helmet|[of] p1a: Alomomola\n|move|p1a: Alomomola|Scald|p2a: Scizor\n|-damage|p2a: Scizor|42\/100\n|\n|upkeep\n|turn|21\n|\n|t:|1699912004\n|switch|p1a: Gholdengo|Gholdengo|39\/100\n|move|p2a: Scizor|Bullet Punch|p1a: Gholdengo\n|-resisted|p1a: Gholdengo\n|-damage|p1a: Gholdengo|0 fnt\n|faint|p1a: Gholdengo\n|\n|upkeep\n|\n|t:|1699912008\n|switch|p1a: Lokix|Lokix, M|100\/100\n|turn|22\n|inactive|vanzman74 has 120 seconds left.\n|c|\u2606jessies boyfriend|he was trying extra hard\n|inactive|vanzman74 has 90 seconds left.\n|\n|t:|1699912054\n|move|p1a: Lokix|First Impression|p2a: Scizor\n|-resisted|p2a: Scizor\n|-damage|p2a: Scizor|0 fnt\n|faint|p2a: Scizor\n|-damage|p1a: Lokix|91\/100|[from] item: Life Orb\n|\n|upkeep\n|\n|t:|1699912068\n|switch|p2a: Great Tusk|Great Tusk, tera:Steel|90\/100\n|turn|23\n|\n|t:|1699912074\n|move|p2a: Great Tusk|Stealth Rock|p1a: Lokix\n|-sidestart|p1: jessies boyfriend|move: Stealth Rock\n|move|p1a: Lokix|U-turn|p2a: Great Tusk\n|-resisted|p2a: Great Tusk\n|-damage|p2a: Great Tusk|58\/100\n|-damage|p1a: Lokix|81\/100|[from] item: Life Orb\n|\n|t:|1699912079\n|switch|p1a: Clefable|Clefable, F, shiny|84\/100|[from] U-turn\n|\n|-heal|p2a: Great Tusk|64\/100|[from] item: Leftovers\n|-heal|p1a: Clefable|90\/100|[from] item: Leftovers\n|upkeep\n|turn|24\n|inactive|vanzman74 has 90 seconds left.\n|\n|t:|1699912112\n|move|p2a: Great Tusk|Earthquake|p1a: Clefable\n|-damage|p1a: Clefable|31\/100\n|move|p1a: Clefable|Chilling Water|p2a: Great Tusk\n|-damage|p2a: Great Tusk|48\/100\n|-unboost|p2a: Great Tusk|atk|1\n|\n|-heal|p2a: Great Tusk|54\/100|[from] item: Leftovers\n|-heal|p1a: Clefable|37\/100|[from] item: Leftovers\n|upkeep\n|turn|25\n|\n|t:|1699912115\n|move|p1a: Clefable|Protect|p1a: Clefable\n|-singleturn|p1a: Clefable|Protect\n|move|p2a: Great Tusk|Earthquake|p1a: Clefable\n|-activate|p1a: Clefable|move: Protect\n|\n|-heal|p2a: Great Tusk|60\/100|[from] item: Leftovers\n|-heal|p1a: Clefable|43\/100|[from] item: Leftovers\n|upkeep\n|turn|26\n|\n|t:|1699912118\n|move|p2a: Great Tusk|Earthquake|p1a: Clefable\n|-damage|p1a: Clefable|2\/100\n|move|p1a: Clefable|Chilling Water|p2a: Great Tusk\n|-damage|p2a: Great Tusk|44\/100\n|-unboost|p2a: Great Tusk|atk|1\n|\n|-heal|p2a: Great Tusk|50\/100|[from] item: Leftovers\n|-heal|p1a: Clefable|8\/100|[from] item: Leftovers\n|upkeep\n|turn|27\n|\n|t:|1699912122\n|move|p1a: Clefable|Protect|p1a: Clefable\n|-singleturn|p1a: Clefable|Protect\n|move|p2a: Great Tusk|Earthquake|p1a: Clefable\n|-activate|p1a: Clefable|move: Protect\n|\n|-heal|p2a: Great Tusk|56\/100|[from] item: Leftovers\n|-heal|p1a: Clefable|14\/100|[from] item: Leftovers\n|upkeep\n|turn|28\n|\n|t:|1699912130\n|move|p2a: Great Tusk|Earthquake|p1a: Clefable\n|-damage|p1a: Clefable|0 fnt\n|faint|p1a: Clefable\n|\n|-heal|p2a: Great Tusk|62\/100|[from] item: Leftovers\n|upkeep\n|\n|t:|1699912132\n|switch|p1a: Alomomola|Alomomola, M, shiny|46\/100\n|-damage|p1a: Alomomola|34\/100|[from] Stealth Rock\n|turn|29\n|inactive|vanzman74 has 120 seconds left.\n|\n|t:|1699912141\n|move|p2a: Great Tusk|Earthquake|p1a: Alomomola\n|-damage|p1a: Alomomola|18\/100\n|move|p1a: Alomomola|Flip Turn|p2a: Great Tusk\n|-damage|p2a: Great Tusk|47\/100\n|\n|t:|1699912144\n|switch|p1a: Lokix|Lokix, M|81\/100|[from] Flip Turn\n|-damage|p1a: Lokix|56\/100|[from] Stealth Rock\n|\n|-heal|p2a: Great Tusk|53\/100|[from] item: Leftovers\n|upkeep\n|turn|30\n|\n|t:|1699912150\n|move|p1a: Lokix|First Impression|p2a: Great Tusk\n|-resisted|p2a: Great Tusk\n|-damage|p2a: Great Tusk|13\/100\n|-damage|p1a: Lokix|46\/100|[from] item: Life Orb\n|move|p2a: Great Tusk|Knock Off|p1a: Lokix\n|-resisted|p1a: Lokix\n|-damage|p1a: Lokix|34\/100\n|-enditem|p1a: Lokix|Life Orb|[from] move: Knock Off|[of] p2a: Great Tusk\n|\n|-heal|p2a: Great Tusk|20\/100|[from] item: Leftovers\n|upkeep\n|turn|31\n|\n|t:|1699912162\n|-end|p2a: Great Tusk|Protosynthesis|[silent]\n|switch|p2a: Dragapult|Dragapult, M, shiny|10\/100\n|move|p1a: Lokix|Knock Off|p2a: Dragapult\n|-supereffective|p2a: Dragapult\n|-damage|p2a: Dragapult|0 fnt\n|-enditem|p2a: Dragapult|Choice Specs|[from] move: Knock Off|[of] p1a: Lokix\n|faint|p2a: Dragapult\n|\n|upkeep\n|\n|t:|1699912170\n|switch|p2a: Great Tusk|Great Tusk, tera:Steel|20\/100\n|turn|32\n|\n|t:|1699912172\n|move|p1a: Lokix|Sucker Punch|p2a: Great Tusk\n|-crit|p2a: Great Tusk\n|-damage|p2a: Great Tusk|0 fnt\n|faint|p2a: Great Tusk\n|-end|p2a: Great Tusk|Protosynthesis|[silent]\n|\n|win|jessies boyfriend\n|raw|jessies boyfriend's rating: 1374 &rarr; <strong>1388<\/strong><br \/>(+14 for winning)\n|raw|vanzman74's rating: 1272 &rarr; <strong>1254<\/strong><br \/>(-18 for losing)\n|c|\u2606jessies boyfriend|gg\n|l|\u2606jessies boyfriend\n","uploadtime":1699912179,"views":22,"p1id":"jessiesboyfriend","p2id":"vanzman74","formatid":"gen9ou","rating":1254,"private":0,"password":""}