{"id":"gen9ou-1990990214","p1":"Acroporuh","p2":"Ineednewtestacc","format":"[Gen 9] OU","log":"|j|\u2606Acroporuh\n|j|\u2606Ineednewtestacc\n|t:|1700024222\n|gametype|singles\n|player|p1|Acroporuh|pokemonbreeder|1307\n|player|p2|Ineednewtestacc|cynthia|1313\n|teamsize|p1|6\n|teamsize|p2|6\n|gen|9\n|tier|[Gen 9] OU\n|rated|\n|rule|Sleep Clause Mod: Limit one foe put to sleep\n|rule|Species Clause: Limit one of each Pok\u00e9mon\n|rule|OHKO Clause: OHKO moves are banned\n|rule|Evasion Items Clause: Evasion items are banned\n|rule|Evasion Moves Clause: Evasion moves are banned\n|rule|Endless Battle Clause: Forcing endless battles is banned\n|rule|HP Percentage Mod: HP is shown in percentages\n|clearpoke\n|poke|p1|Kingambit, F|\n|poke|p1|Enamorus, F|\n|poke|p1|Zapdos|\n|poke|p1|Ninetales-Alola, M|\n|poke|p1|Great Tusk|\n|poke|p1|Heatran, F|\n|poke|p2|Torkoal, F|\n|poke|p2|Walking Wake|\n|poke|p2|Iron Moth|\n|poke|p2|Ceruledge, M|\n|poke|p2|Great Tusk|\n|poke|p2|Meowscarada, M|\n|teampreview\n|\n|t:|1700024233\n|start\n|switch|p1a: Heatran|Heatran, F|100\/100\n|switch|p2a: Meowscarada|Meowscarada, M|100\/100\n|turn|1\n|inactive|Battle timer is ON: inactive players will automatically lose when time's up. (requested by Acroporuh)\n|\n|t:|1700024246\n|move|p2a: Meowscarada|U-turn|p1a: Heatran\n|-start|p2a: Meowscarada|typechange|Bug|[from] ability: Protean\n|-resisted|p1a: Heatran\n|-crit|p1a: Heatran\n|-damage|p1a: Heatran|91\/100\n|\n|t:|1700024251\n|switch|p2a: Walking Wake|Walking Wake|100\/100|[from] U-turn\n|move|p1a: Heatran|Overheat|p2a: Walking Wake\n|-resisted|p2a: Walking Wake\n|-crit|p2a: Walking Wake\n|-damage|p2a: Walking Wake|57\/100\n|-unboost|p1a: Heatran|spa|2\n|\n|upkeep\n|turn|2\n|\n|t:|1700024268\n|switch|p1a: Zapdos|Zapdos|100\/100\n|move|p2a: Walking Wake|Flip Turn|p1a: Zapdos\n|-damage|p1a: Zapdos|83\/100\n|-status|p2a: Walking Wake|par|[from] ability: Static|[of] p1a: Zapdos\n|\n|t:|1700024277\n|-end|p2a: Walking Wake|Protosynthesis|[silent]\n|switch|p2a: Torkoal|Torkoal, F|100\/100|[from] Flip Turn\n|-weather|SunnyDay|[from] ability: Drought|[of] p2a: Torkoal\n|\n|-weather|SunnyDay|[upkeep]\n|upkeep\n|turn|3\n|\n|t:|1700024287\n|move|p1a: Zapdos|Volt Switch|p2a: Torkoal\n|-damage|p2a: Torkoal|52\/100\n|\n|t:|1700024289\n|switch|p1a: Heatran|Heatran, F|91\/100|[from] Volt Switch\n|move|p2a: Torkoal|Yawn|p1a: Heatran\n|-start|p1a: Heatran|move: Yawn|[of] p2a: Torkoal\n|\n|-weather|SunnyDay|[upkeep]\n|upkeep\n|turn|4\n|\n|t:|1700024297\n|switch|p1a: Zapdos|Zapdos|83\/100\n|switch|p2a: Walking Wake|Walking Wake|57\/100 par\n|-activate|p2a: Walking Wake|ability: Protosynthesis\n|-start|p2a: Walking Wake|protosynthesisspe\n|\n|-weather|SunnyDay|[upkeep]\n|upkeep\n|turn|5\n|\n|t:|1700024318\n|move|p2a: Walking Wake|Draco Meteor|p1a: Zapdos|[miss]\n|-miss|p2a: Walking Wake|p1a: Zapdos\n|move|p1a: Zapdos|Hurricane|p2a: Walking Wake\n|-damage|p2a: Walking Wake|0 fnt\n|faint|p2a: Walking Wake\n|-end|p2a: Walking Wake|Protosynthesis|[silent]\n|\n|-weather|SunnyDay|[upkeep]\n|upkeep\n|c|\u2606Acroporuh|I\u2019d be mad\n|c|\u2606Ineednewtestacc|dw\n|c|\u2606Ineednewtestacc|I am lol\n|inactive|Ineednewtestacc has 120 seconds left.\n|c|\u2606Acroporuh|lmaoooo\n|\n|t:|1700024341\n|switch|p2a: Iron Moth|Iron Moth|100\/100\n|-enditem|p2a: Iron Moth|Booster Energy\n|-activate|p2a: Iron Moth|ability: Quark Drive|[fromitem]\n|-start|p2a: Iron Moth|quarkdrivespe\n|turn|6\n|inactive|Ineednewtestacc has 120 seconds left.\n|\n|t:|1700024349\n|-end|p2a: Iron Moth|Quark Drive|[silent]\n|switch|p2a: Great Tusk|Great Tusk|100\/100\n|-activate|p2a: Great Tusk|ability: Protosynthesis\n|-start|p2a: Great Tusk|protosynthesisatk\n|switch|p1a: Heatran|Heatran, F|91\/100\n|\n|-weather|SunnyDay|[upkeep]\n|upkeep\n|turn|7\n|\n|t:|1700024357\n|-terastallize|p1a: Heatran|Grass\n|move|p2a: Great Tusk|Knock Off|p1a: Heatran\n|-damage|p1a: Heatran|56\/100\n|-enditem|p1a: Heatran|Choice Specs|[from] move: Knock Off|[of] p2a: Great Tusk\n|move|p1a: Heatran|Overheat|p2a: Great Tusk\n|-damage|p2a: Great Tusk|0 fnt\n|-unboost|p1a: Heatran|spa|2\n|faint|p2a: Great Tusk\n|-end|p2a: Great Tusk|Protosynthesis|[silent]\n|\n|-weather|SunnyDay|[upkeep]\n|upkeep\n|inactive|Ineednewtestacc has 120 seconds left.\n|\n|t:|1700024376\n|switch|p2a: Iron Moth|Iron Moth|100\/100\n|turn|8\n|inactive|Ineednewtestacc has 120 seconds left.\n|\n|t:|1700024383\n|switch|p1a: Kingambit|Kingambit, F|100\/100\n|move|p2a: Iron Moth|Dazzling Gleam|p1a: Kingambit\n|-damage|p1a: Kingambit|70\/100\n|\n|-weather|SunnyDay|[upkeep]\n|upkeep\n|turn|9\n|\n|t:|1700024389\n|-end|p1a: Kingambit|fallenundefined|[silent]\n|switch|p1a: Heatran|Heatran, F, tera:Grass|56\/100\n|move|p2a: Iron Moth|Fiery Dance|p1a: Heatran\n|-start|p1a: Heatran|ability: Flash Fire\n|\n|-weather|none\n|upkeep\n|turn|10\n|inactive|Ineednewtestacc has 120 seconds left.\n|\n|t:|1700024419\n|-end|p2a: Iron Moth|Quark Drive|[silent]\n|switch|p2a: Torkoal|Torkoal, F|52\/100\n|-weather|SunnyDay|[from] ability: Drought|[of] p2a: Torkoal\n|move|p1a: Heatran|Earth Power|p2a: Torkoal\n|-supereffective|p2a: Torkoal\n|-damage|p2a: Torkoal|0 fnt\n|faint|p2a: Torkoal\n|\n|-weather|SunnyDay|[upkeep]\n|upkeep\n|\n|t:|1700024427\n|switch|p2a: Meowscarada|Meowscarada, M|100\/100\n|turn|11\n|\n|t:|1700024433\n|-end|p1a: Heatran|ability: Flash Fire|[silent]\n|switch|p1a: Zapdos|Zapdos|83\/100\n|move|p2a: Meowscarada|Knock Off|p1a: Zapdos\n|-start|p2a: Meowscarada|typechange|Dark|[from] ability: Protean\n|-damage|p1a: Zapdos|37\/100\n|-enditem|p1a: Zapdos|Heavy-Duty Boots|[from] move: Knock Off|[of] p2a: Meowscarada\n|\n|-weather|SunnyDay|[upkeep]\n|upkeep\n|turn|12\n|inactive|Ineednewtestacc has 120 seconds left.\n|\n|t:|1700024450\n|move|p2a: Meowscarada|U-turn|p1a: Zapdos\n|-resisted|p1a: Zapdos\n|-damage|p1a: Zapdos|25\/100\n|\n|t:|1700024457\n|switch|p2a: Ceruledge|Ceruledge, M|100\/100|[from] U-turn\n|move|p1a: Zapdos|Roost|p1a: Zapdos\n|-heal|p1a: Zapdos|75\/100\n|-singleturn|p1a: Zapdos|move: Roost\n|\n|-weather|SunnyDay|[upkeep]\n|upkeep\n|turn|13\n|inactive|Ineednewtestacc has 120 seconds left.\n|\n|t:|1700024472\n|move|p2a: Ceruledge|Bitter Blade|p1a: Zapdos\n|-crit|p1a: Zapdos\n|-damage|p1a: Zapdos|0 fnt\n|faint|p1a: Zapdos\n|-damage|p2a: Ceruledge|91\/100|[from] item: Life Orb\n|\n|-weather|SunnyDay|[upkeep]\n|upkeep\n|\n|t:|1700024487\n|switch|p1a: Kingambit|Kingambit, F|70\/100\n|-activate|p1a: Kingambit|ability: Supreme Overlord\n|-start|p1a: Kingambit|fallen1|[silent]\n|turn|14\n|inactive|Ineednewtestacc has 120 seconds left.\n|\n|t:|1700024512\n|-end|p1a: Kingambit|fallen1|[silent]\n|switch|p1a: Heatran|Heatran, F, tera:Grass|56\/100\n|-terastallize|p2a: Ceruledge|Fighting\n|move|p2a: Ceruledge|Close Combat|p1a: Heatran\n|-damage|p1a: Heatran|0 fnt\n|-unboost|p2a: Ceruledge|def|1\n|-unboost|p2a: Ceruledge|spd|1\n|faint|p1a: Heatran\n|-damage|p2a: Ceruledge|81\/100|[from] item: Life Orb\n|\n|-weather|SunnyDay|[upkeep]\n|upkeep\n|\n|t:|1700024516\n|switch|p1a: Enamorus|Enamorus, F, shiny|100\/100\n|turn|15\n|inactive|Ineednewtestacc has 120 seconds left.\n|\n|t:|1700024526\n|switch|p2a: Iron Moth|Iron Moth|100\/100\n|move|p1a: Enamorus|Play Rough|p2a: Iron Moth\n|-resisted|p2a: Iron Moth\n|-damage|p2a: Iron Moth|84\/100\n|-unboost|p2a: Iron Moth|atk|1\n|\n|-weather|SunnyDay|[upkeep]\n|upkeep\n|turn|16\n|inactive|Ineednewtestacc has 120 seconds left.\n|\n|t:|1700024546\n|move|p2a: Iron Moth|Fiery Dance|p1a: Enamorus\n|-damage|p1a: Enamorus|13\/100\n|-boost|p2a: Iron Moth|spa|1\n|move|p1a: Enamorus|Superpower|p2a: Iron Moth\n|-resisted|p2a: Iron Moth\n|-damage|p2a: Iron Moth|55\/100\n|-boost|p1a: Enamorus|atk|1\n|-boost|p1a: Enamorus|def|1\n|\n|-weather|SunnyDay|[upkeep]\n|upkeep\n|turn|17\n|inactive|Ineednewtestacc has 120 seconds left.\n|\n|t:|1700024558\n|move|p2a: Iron Moth|Fiery Dance|p1a: Enamorus\n|-damage|p1a: Enamorus|0 fnt\n|faint|p1a: Enamorus\n|\n|-weather|none\n|upkeep\n|\n|t:|1700024560\n|switch|p1a: Kingambit|Kingambit, F|70\/100\n|-activate|p1a: Kingambit|ability: Supreme Overlord\n|-start|p1a: Kingambit|fallen3|[silent]\n|turn|18\n|\n|t:|1700024574\n|-end|p2a: Iron Moth|Quark Drive|[silent]\n|switch|p2a: Ceruledge|Ceruledge, M, tera:Fighting|81\/100\n|move|p1a: Kingambit|Sucker Punch||[still]\n|-fail|p1a: Kingambit\n|\n|upkeep\n|turn|19\n|\n|t:|1700024585\n|-end|p1a: Kingambit|fallen3|[silent]\n|switch|p1a: Great Tusk|Great Tusk|100\/100\n|move|p2a: Ceruledge|Bitter Blade|p1a: Great Tusk\n|-damage|p1a: Great Tusk|64\/100\n|-heal|p2a: Ceruledge|100\/100|[from] drain|[of] p1a: Great Tusk\n|-damage|p2a: Ceruledge|84\/100|[from] item: Rocky Helmet|[of] p1a: Great Tusk\n|-damage|p2a: Ceruledge|74\/100|[from] item: Life Orb\n|\n|upkeep\n|turn|20\n|\n|t:|1700024594\n|switch|p2a: Meowscarada|Meowscarada, M|100\/100\n|move|p1a: Great Tusk|Rapid Spin|p2a: Meowscarada\n|-damage|p2a: Meowscarada|77\/100\n|-boost|p1a: Great Tusk|spe|1\n|\n|upkeep\n|turn|21\n|\n|t:|1700024603\n|move|p2a: Meowscarada|Flower Trick|p1a: Great Tusk\n|-start|p2a: Meowscarada|typechange|Grass|[from] ability: Protean\n|-supereffective|p1a: Great Tusk\n|-crit|p1a: Great Tusk\n|-damage|p1a: Great Tusk|0 fnt\n|faint|p1a: Great Tusk\n|-end|p1a: Great Tusk|Protosynthesis|[silent]\n|\n|upkeep\n|\n|t:|1700024608\n|switch|p1a: Ninetales|Ninetales-Alola, M|100\/100\n|-weather|Snow|[from] ability: Snow Warning|[of] p1a: Ninetales\n|turn|22\n|\n|t:|1700024616\n|move|p1a: Ninetales|Ice Beam|p2a: Meowscarada\n|-supereffective|p2a: Meowscarada\n|-damage|p2a: Meowscarada|0 fnt\n|faint|p2a: Meowscarada\n|\n|-weather|Snow|[upkeep]\n|upkeep\n|\n|t:|1700024621\n|switch|p2a: Iron Moth|Iron Moth|55\/100\n|turn|23\n|\n|t:|1700024625\n|move|p1a: Ninetales|Ice Beam|p2a: Iron Moth\n|-resisted|p2a: Iron Moth\n|-damage|p2a: Iron Moth|36\/100\n|move|p2a: Iron Moth|Fiery Dance|p1a: Ninetales\n|-supereffective|p1a: Ninetales\n|-damage|p1a: Ninetales|8\/100\n|-boost|p2a: Iron Moth|spa|1\n|\n|-weather|Snow|[upkeep]\n|upkeep\n|turn|24\n|\n|t:|1700024633\n|move|p1a: Ninetales|Ice Beam|p2a: Iron Moth\n|-resisted|p2a: Iron Moth\n|-damage|p2a: Iron Moth|19\/100\n|move|p2a: Iron Moth|Fiery Dance|p1a: Ninetales\n|-supereffective|p1a: Ninetales\n|-damage|p1a: Ninetales|0 fnt\n|faint|p1a: Ninetales\n|\n|-weather|Snow|[upkeep]\n|upkeep\n|\n|t:|1700024635\n|switch|p1a: Kingambit|Kingambit, F|70\/100\n|-activate|p1a: Kingambit|ability: Supreme Overlord\n|-start|p1a: Kingambit|fallen5|[silent]\n|turn|25\n|\n|t:|1700024644\n|move|p1a: Kingambit|Sucker Punch|p2a: Iron Moth\n|-damage|p2a: Iron Moth|0 fnt\n|faint|p2a: Iron Moth\n|-end|p2a: Iron Moth|Quark Drive|[silent]\n|\n|-weather|Snow|[upkeep]\n|upkeep\n|\n|t:|1700024648\n|switch|p2a: Ceruledge|Ceruledge, M, tera:Fighting|74\/100\n|turn|26\n|c|\u2606Acroporuh|Gg\n|\n|t:|1700024655\n|move|p2a: Ceruledge|Close Combat|p1a: Kingambit\n|-supereffective|p1a: Kingambit\n|-damage|p1a: Kingambit|0 fnt\n|-unboost|p2a: Ceruledge|def|1\n|-unboost|p2a: Ceruledge|spd|1\n|faint|p1a: Kingambit\n|-end|p1a: Kingambit|fallen5|[silent]\n|-damage|p2a: Ceruledge|64\/100|[from] item: Life Orb\n|\n|win|Ineednewtestacc\n|raw|Acroporuh's rating: 1307 &rarr; <strong>1287<\/strong><br \/>(-20 for losing)\n|raw|Ineednewtestacc's rating: 1313 &rarr; <strong>1333<\/strong><br \/>(+20 for winning)\n|c|\u2606Ineednewtestacc|gg\n|l|\u2606Acroporuh\n","uploadtime":1700024722,"views":20,"p1id":"acroporuh","p2id":"ineednewtestacc","formatid":"gen9ou","rating":1287,"private":0,"password":""}