{"id":"gen9ou-1996368963","p1":"Steez Ibanez","p2":"PLLV51 Foufakirby","format":"[Gen 9] OU","log":"|j|\u2606Steez Ibanez\n|j|\u2606PLLV51 Foufakirby\n|t:|1700675441\n|gametype|singles\n|player|p1|Steez Ibanez|lance-gen2|1700\n|player|p2|PLLV51 Foufakirby|heroine2-conquest|1856\n|teamsize|p1|6\n|teamsize|p2|6\n|gen|9\n|tier|[Gen 9] OU\n|rated|\n|rule|Sleep Clause Mod: Limit one foe put to sleep\n|rule|Species Clause: Limit one of each Pok\u00e9mon\n|rule|OHKO Clause: OHKO moves are banned\n|rule|Evasion Items Clause: Evasion items are banned\n|rule|Evasion Moves Clause: Evasion moves are banned\n|rule|Endless Battle Clause: Forcing endless battles is banned\n|rule|HP Percentage Mod: HP is shown in percentages\n|clearpoke\n|poke|p1|Dragapult, M|\n|poke|p1|Zapdos|\n|poke|p1|Samurott-Hisui, M|\n|poke|p1|Weezing-Galar, M|\n|poke|p1|Corviknight, M|\n|poke|p1|Ting-Lu|\n|poke|p2|Cinderace, M|\n|poke|p2|Zapdos|\n|poke|p2|Ogerpon-Wellspring, F|\n|poke|p2|Slowking-Galar, M|\n|poke|p2|Ting-Lu|\n|poke|p2|Dondozo, M|\n|teampreview\n|inactive|Battle timer is ON: inactive players will automatically lose when time's up. (requested by PLLV51 Foufakirby)\n|inactive|PLLV51 Foufakirby has 120 seconds left.\n|\n|t:|1700675474\n|start\n|switch|p1a: Toothless|Dragapult, M|100\/100\n|switch|p2a: Zapdos|Zapdos|100\/100\n|turn|1\n|j| PLLV51 JESUS PRIME\n|c|\u2606PLLV51 Foufakirby|Hf\n|\n|t:|1700675482\n|switch|p1a: Clicker|Ting-Lu|100\/100\n|-ability|p1a: Clicker|Vessel of Ruin\n|move|p2a: Zapdos|Thunder Wave|p1a: Clicker\n|-immune|p1a: Clicker\n|\n|upkeep\n|turn|2\n|inactive|PLLV51 Foufakirby has 120 seconds left.\n|\n|t:|1700675516\n|switch|p2a: Ogerpon|Ogerpon-Wellspring, F|100\/100\n|move|p1a: Clicker|Ruination|p2a: Ogerpon\n|-damage|p2a: Ogerpon|51\/100\n|\n|upkeep\n|turn|3\n|\n|t:|1700675523\n|switch|p1a: Dick Grayson|Corviknight, M|100\/100\n|-ability|p1a: Dick Grayson|Pressure\n|move|p2a: Ogerpon|Knock Off|p1a: Dick Grayson\n|-crit|p1a: Dick Grayson\n|-damage|p1a: Dick Grayson|64\/100\n|-enditem|p1a: Dick Grayson|Leftovers|[from] move: Knock Off|[of] p2a: Ogerpon\n|\n|upkeep\n|turn|4\n|\n|t:|1700675528\n|move|p2a: Ogerpon|Ivy Cudgel|p1a: Dick Grayson|[anim] Ivy Cudgel Water\n|-damage|p1a: Dick Grayson|29\/100\n|move|p1a: Dick Grayson|Roost|p1a: Dick Grayson\n|-heal|p1a: Dick Grayson|79\/100\n|-singleturn|p1a: Dick Grayson|move: Roost\n|\n|upkeep\n|turn|5\n|\n|t:|1700675539\n|move|p2a: Ogerpon|Encore|p1a: Dick Grayson\n|-start|p1a: Dick Grayson|Encore\n|move|p1a: Dick Grayson|Roost|p1a: Dick Grayson\n|-heal|p1a: Dick Grayson|100\/100\n|-singleturn|p1a: Dick Grayson|move: Roost\n|\n|upkeep\n|turn|6\n|\n|t:|1700675543\n|switch|p1a: Darth Tyranus|Samurott-Hisui, M|100\/100\n|move|p2a: Ogerpon|Ivy Cudgel|p1a: Darth Tyranus|[anim] Ivy Cudgel Water\n|-resisted|p1a: Darth Tyranus\n|-damage|p1a: Darth Tyranus|61\/100\n|\n|upkeep\n|turn|7\n|l| PLLV51 JESUS PRIME\n|\n|t:|1700675550\n|switch|p2a: Ting-Lu|Ting-Lu|100\/100\n|-ability|p2a: Ting-Lu|Vessel of Ruin\n|move|p1a: Darth Tyranus|Sucker Punch||[still]\n|-fail|p1a: Darth Tyranus\n|\n|upkeep\n|turn|8\n|\n|t:|1700675562\n|switch|p2a: Zapdos|Zapdos|100\/100\n|move|p1a: Darth Tyranus|Swords Dance|p1a: Darth Tyranus\n|-boost|p1a: Darth Tyranus|atk|2\n|\n|upkeep\n|turn|9\n|j| PLLV51 AxCypher\n|j| Ecrazatator\n|\n|t:|1700675569\n|-terastallize|p1a: Darth Tyranus|Ghost\n|move|p2a: Zapdos|Volt Switch|p1a: Darth Tyranus\n|-damage|p1a: Darth Tyranus|18\/100\n|\n|t:|1700675577\n|switch|p2a: Dondozo|Dondozo, M|100\/100|[from] Volt Switch\n|move|p1a: Darth Tyranus|Ceaseless Edge|p2a: Dondozo\n|-damage|p2a: Dondozo|81\/100\n|-sidestart|p2: PLLV51 Foufakirby|Spikes\n|\n|upkeep\n|turn|10\n|c| Ecrazatator|rename your dondozon show404\n|j| pllv51SHOW404\n|\n|t:|1700675594\n|switch|p1a: Speedwagon|Weezing-Galar, M|100\/100\n|-ability|p1a: Speedwagon|Neutralizing Gas\n|move|p2a: Dondozo|Avalanche|p1a: Speedwagon\n|-damage|p1a: Speedwagon|90\/100\n|\n|upkeep\n|turn|11\n|c|\u2606PLLV51 Foufakirby|Je suis fr\n|\n|t:|1700675617\n|-end|p1a: Speedwagon|ability: Neutralizing Gas\n|switch|p1a: Toothless|Dragapult, M|100\/100\n|switch|p2a: Slowking|Slowking-Galar, M|100\/100\n|\n|upkeep\n|turn|12\n|c| Ecrazatator|je sais\n|\n|t:|1700675622\n|move|p1a: Toothless|Thunder Wave|p2a: Slowking\n|-status|p2a: Slowking|par\n|move|p2a: Slowking|Ice Beam|p1a: Toothless\n|-supereffective|p1a: Toothless\n|-damage|p1a: Toothless|39\/100\n|\n|upkeep\n|turn|13\n|c| Ecrazatator|c'est pour le style\n|\n|t:|1700675627\n|move|p1a: Toothless|U-turn|p2a: Slowking\n|-damage|p2a: Slowking|85\/100 par\n|\n|t:|1700675630\n|switch|p1a: Darth Tyranus|Samurott-Hisui, M, tera:Ghost|18\/100|[from] U-turn\n|cant|p2a: Slowking|par\n|\n|upkeep\n|turn|14\n|\n|t:|1700675636\n|switch|p2a: Zapdos|Zapdos|100\/100\n|move|p1a: Darth Tyranus|Ceaseless Edge|p2a: Zapdos\n|-damage|p2a: Zapdos|60\/100\n|-status|p1a: Darth Tyranus|par|[from] ability: Static|[of] p2a: Zapdos\n|-sidestart|p2: PLLV51 Foufakirby|Spikes\n|\n|upkeep\n|turn|15\n|\n|t:|1700675642\n|switch|p1a: Clicker|Ting-Lu|100\/100\n|-ability|p1a: Clicker|Vessel of Ruin\n|move|p2a: Zapdos|Roost|p2a: Zapdos\n|-heal|p2a: Zapdos|100\/100\n|-singleturn|p2a: Zapdos|move: Roost\n|\n|upkeep\n|turn|16\n|\n|t:|1700675655\n|switch|p2a: Cinderace|Cinderace, M|100\/100\n|move|p1a: Clicker|Earthquake|p2a: Cinderace\n|-supereffective|p2a: Cinderace\n|-damage|p2a: Cinderace|11\/100\n|\n|upkeep\n|turn|17\n|j| ScrubMan686\n|\n|t:|1700675663\n|move|p2a: Cinderace|Court Change|p2a: Cinderace\n|-swapsideconditions\n|-activate|p2a: Cinderace|move: Court Change\n|move|p1a: Clicker|Earthquake|p2a: Cinderace\n|-supereffective|p2a: Cinderace\n|-damage|p2a: Cinderace|0 fnt\n|faint|p2a: Cinderace\n|\n|upkeep\n|\n|t:|1700675667\n|switch|p2a: Ogerpon|Ogerpon-Wellspring, F|51\/100\n|turn|18\n|\n|t:|1700675671\n|switch|p1a: Dick Grayson|Corviknight, M|100\/100\n|-ability|p1a: Dick Grayson|Pressure\n|move|p2a: Ogerpon|Ivy Cudgel|p1a: Dick Grayson|[anim] Ivy Cudgel Water\n|-damage|p1a: Dick Grayson|66\/100\n|\n|upkeep\n|turn|19\n|j| 5dr55cr\n|\n|t:|1700675675\n|switch|p2a: Zapdos|Zapdos|100\/100\n|move|p1a: Dick Grayson|U-turn|p2a: Zapdos\n|-resisted|p2a: Zapdos\n|-damage|p2a: Zapdos|94\/100\n|\n|t:|1700675679\n|switch|p1a: Clicker|Ting-Lu|100\/100|[from] U-turn\n|-damage|p1a: Clicker|84\/100|[from] Spikes\n|-ability|p1a: Clicker|Vessel of Ruin\n|\n|-heal|p1a: Clicker|90\/100|[from] item: Leftovers\n|upkeep\n|turn|20\n|l| ScrubMan686\n|\n|t:|1700675702\n|switch|p2a: Ogerpon|Ogerpon-Wellspring, F|51\/100\n|move|p1a: Clicker|Stealth Rock|p2a: Ogerpon\n|-sidestart|p2: PLLV51 Foufakirby|move: Stealth Rock\n|\n|-heal|p1a: Clicker|96\/100|[from] item: Leftovers\n|upkeep\n|turn|21\n|l|5dr55cr\n|\n|t:|1700675714\n|switch|p1a: Dick Grayson|Corviknight, M|66\/100\n|-ability|p1a: Dick Grayson|Pressure\n|move|p2a: Ogerpon|Ivy Cudgel|p1a: Dick Grayson|[anim] Ivy Cudgel Water\n|-crit|p1a: Dick Grayson\n|-damage|p1a: Dick Grayson|15\/100\n|\n|upkeep\n|turn|22\n|\n|t:|1700675717\n|move|p2a: Ogerpon|Ivy Cudgel|p1a: Dick Grayson|[anim] Ivy Cudgel Water\n|-damage|p1a: Dick Grayson|0 fnt\n|faint|p1a: Dick Grayson\n|\n|upkeep\n|\n|t:|1700675720\n|switch|p1a: Toothless|Dragapult, M|39\/100\n|turn|23\n|\n|t:|1700675725\n|switch|p2a: Ting-Lu|Ting-Lu|100\/100\n|-damage|p2a: Ting-Lu|94\/100|[from] Stealth Rock\n|-ability|p2a: Ting-Lu|Vessel of Ruin\n|move|p1a: Toothless|Dragon Darts|p2a: Ting-Lu\n|-damage|p2a: Ting-Lu|83\/100\n|-anim|p1a: Toothless|Dragon Darts|p2a: Ting-Lu\n|-damage|p2a: Ting-Lu|70\/100\n|\n|-heal|p2a: Ting-Lu|76\/100|[from] item: Leftovers\n|upkeep\n|turn|24\n|\n|t:|1700675747\n|move|p1a: Toothless|U-turn|p2a: Ting-Lu\n|-supereffective|p2a: Ting-Lu\n|-damage|p2a: Ting-Lu|54\/100\n|\n|t:|1700675750\n|switch|p1a: Darth Tyranus|Samurott-Hisui, M, tera:Ghost|18\/100 par|[from] U-turn\n|move|p2a: Ting-Lu|Stealth Rock|p1a: Darth Tyranus\n|-sidestart|p1: Steez Ibanez|move: Stealth Rock\n|\n|-heal|p2a: Ting-Lu|60\/100|[from] item: Leftovers\n|upkeep\n|turn|25\n|\n|t:|1700675754\n|switch|p2a: Zapdos|Zapdos|94\/100\n|move|p1a: Darth Tyranus|Aqua Cutter|p2a: Zapdos\n|-damage|p2a: Zapdos|47\/100\n|\n|upkeep\n|turn|26\n|\n|t:|1700675760\n|move|p2a: Zapdos|Roost|p2a: Zapdos\n|-heal|p2a: Zapdos|97\/100\n|-singleturn|p2a: Zapdos|move: Roost\n|move|p1a: Darth Tyranus|Ceaseless Edge|p2a: Zapdos|[miss]\n|-miss|p1a: Darth Tyranus|p2a: Zapdos\n|\n|upkeep\n|turn|27\n|j| Bnak2\n|\n|t:|1700675765\n|switch|p1a: Clicker|Ting-Lu|96\/100\n|-damage|p1a: Clicker|80\/100|[from] Spikes\n|-damage|p1a: Clicker|74\/100|[from] Stealth Rock\n|-ability|p1a: Clicker|Vessel of Ruin\n|move|p2a: Zapdos|Hurricane|p1a: Clicker|[miss]\n|-miss|p2a: Zapdos|p1a: Clicker\n|\n|-heal|p1a: Clicker|80\/100|[from] item: Leftovers\n|upkeep\n|turn|28\n|\n|t:|1700675773\n|move|p2a: Zapdos|Hurricane|p1a: Clicker|[miss]\n|-miss|p2a: Zapdos|p1a: Clicker\n|move|p1a: Clicker|Ruination|p2a: Zapdos\n|-damage|p2a: Zapdos|49\/100\n|\n|-heal|p1a: Clicker|86\/100|[from] item: Leftovers\n|upkeep\n|turn|29\n|\n|t:|1700675778\n|move|p2a: Zapdos|Hurricane|p1a: Clicker\n|-damage|p1a: Clicker|68\/100\n|-start|p1a: Clicker|confusion\n|-activate|p1a: Clicker|confusion\n|-damage|p1a: Clicker|62\/100|[from] confusion\n|\n|-heal|p1a: Clicker|68\/100|[from] item: Leftovers\n|upkeep\n|turn|30\n|\n|t:|1700675783\n|move|p2a: Zapdos|Roost|p2a: Zapdos\n|-heal|p2a: Zapdos|99\/100\n|-singleturn|p2a: Zapdos|move: Roost\n|-activate|p1a: Clicker|confusion\n|-damage|p1a: Clicker|63\/100|[from] confusion\n|\n|-heal|p1a: Clicker|70\/100|[from] item: Leftovers\n|upkeep\n|turn|31\n|\n|t:|1700675791\n|move|p2a: Zapdos|Hurricane|p1a: Clicker|[miss]\n|-miss|p2a: Zapdos|p1a: Clicker\n|-activate|p1a: Clicker|confusion\n|-damage|p1a: Clicker|64\/100|[from] confusion\n|\n|-heal|p1a: Clicker|70\/100|[from] item: Leftovers\n|upkeep\n|turn|32\n|\n|t:|1700675793\n|move|p2a: Zapdos|Hurricane|p1a: Clicker|[miss]\n|-miss|p2a: Zapdos|p1a: Clicker\n|-activate|p1a: Clicker|confusion\n|-damage|p1a: Clicker|65\/100|[from] confusion\n|\n|-heal|p1a: Clicker|71\/100|[from] item: Leftovers\n|upkeep\n|turn|33\n|c|\u2606PLLV51 Foufakirby|Lmao\n|\n|t:|1700675802\n|move|p2a: Zapdos|Hurricane|p1a: Clicker\n|-damage|p1a: Clicker|51\/100\n|-end|p1a: Clicker|confusion\n|move|p1a: Clicker|Ruination|p2a: Zapdos\n|-damage|p2a: Zapdos|50\/100\n|\n|-heal|p1a: Clicker|57\/100|[from] item: Leftovers\n|upkeep\n|turn|34\n|\n|t:|1700675807\n|move|p2a: Zapdos|Hurricane|p1a: Clicker\n|-damage|p1a: Clicker|39\/100\n|move|p1a: Clicker|Ruination|p2a: Zapdos\n|-damage|p2a: Zapdos|25\/100\n|\n|-heal|p1a: Clicker|45\/100|[from] item: Leftovers\n|upkeep\n|turn|35\n|\n|t:|1700675811\n|move|p2a: Zapdos|Hurricane|p1a: Clicker\n|-damage|p1a: Clicker|25\/100\n|move|p1a: Clicker|Earthquake|p2a: Zapdos\n|-immune|p2a: Zapdos\n|\n|-heal|p1a: Clicker|31\/100|[from] item: Leftovers\n|upkeep\n|turn|36\n|\n|t:|1700675815\n|move|p2a: Zapdos|Hurricane|p1a: Clicker\n|-damage|p1a: Clicker|11\/100\n|-start|p1a: Clicker|confusion\n|-activate|p1a: Clicker|confusion\n|move|p1a: Clicker|Earthquake|p2a: Zapdos\n|-immune|p2a: Zapdos\n|\n|-heal|p1a: Clicker|17\/100|[from] item: Leftovers\n|upkeep\n|turn|37\n|\n|t:|1700675823\n|move|p2a: Zapdos|Roost|p2a: Zapdos\n|-heal|p2a: Zapdos|75\/100\n|-singleturn|p2a: Zapdos|move: Roost\n|-end|p1a: Clicker|confusion\n|move|p1a: Clicker|Earthquake|p2a: Zapdos\n|-supereffective|p2a: Zapdos\n|-damage|p2a: Zapdos|12\/100\n|\n|-heal|p1a: Clicker|23\/100|[from] item: Leftovers\n|upkeep\n|turn|38\n|\n|t:|1700675831\n|move|p2a: Zapdos|Hurricane|p1a: Clicker\n|-damage|p1a: Clicker|4\/100\n|-start|p1a: Clicker|confusion\n|-activate|p1a: Clicker|confusion\n|move|p1a: Clicker|Earthquake|p2a: Zapdos\n|-immune|p2a: Zapdos\n|\n|-heal|p1a: Clicker|11\/100|[from] item: Leftovers\n|upkeep\n|turn|39\n|c|\u2606Steez Ibanez|Lol\n|\n|t:|1700675835\n|move|p2a: Zapdos|Roost|p2a: Zapdos\n|-heal|p2a: Zapdos|62\/100\n|-singleturn|p2a: Zapdos|move: Roost\n|-activate|p1a: Clicker|confusion\n|move|p1a: Clicker|Earthquake|p2a: Zapdos\n|-supereffective|p2a: Zapdos\n|-damage|p2a: Zapdos|0 fnt\n|faint|p2a: Zapdos\n|\n|-heal|p1a: Clicker|17\/100|[from] item: Leftovers\n|upkeep\n|c|\u2606Steez Ibanez|what a game\n|\n|t:|1700675839\n|switch|p2a: Ogerpon|Ogerpon-Wellspring, F|51\/100\n|-damage|p2a: Ogerpon|38\/100|[from] Stealth Rock\n|turn|40\n|\n|t:|1700675843\n|move|p2a: Ogerpon|Ivy Cudgel|p1a: Clicker|[anim] Ivy Cudgel Water\n|-supereffective|p1a: Clicker\n|-damage|p1a: Clicker|0 fnt\n|faint|p1a: Clicker\n|\n|upkeep\n|\n|t:|1700675845\n|switch|p1a: Toothless|Dragapult, M|39\/100\n|turn|41\n|\n|t:|1700675854\n|switch|p2a: Dondozo|Dondozo, M|81\/100\n|move|p1a: Toothless|U-turn|p2a: Dondozo\n|-damage|p2a: Dondozo|72\/100\n|\n|t:|1700675873\n|switch|p1a: Darth Tyranus|Samurott-Hisui, M, tera:Ghost|18\/100 par|[from] U-turn\n|\n|upkeep\n|turn|42\n|\n|t:|1700675880\n|move|p1a: Darth Tyranus|Ceaseless Edge|p2a: Dondozo\n|-damage|p2a: Dondozo|51\/100\n|-sidestart|p2: PLLV51 Foufakirby|Spikes\n|move|p2a: Dondozo|Avalanche|p1a: Darth Tyranus\n|-damage|p1a: Darth Tyranus|0 fnt\n|faint|p1a: Darth Tyranus\n|\n|upkeep\n|inactive|Steez Ibanez has 120 seconds left.\n|l| Bnak2\n|\n|t:|1700675927\n|switch|p1a: Zeus|Zapdos|100\/100\n|turn|43\n|j| Bnak2\n|\n|t:|1700675936\n|switch|p2a: Slowking|Slowking-Galar, M|100\/100 par\n|move|p1a: Zeus|Hurricane|p2a: Slowking\n|-damage|p2a: Slowking|65\/100 par\n|\n|upkeep\n|turn|44\n|l| Bnak2\n|inactive|PLLV51 Foufakirby has 120 seconds left.\n|\n|t:|1700675983\n|move|p1a: Zeus|Volt Switch|p2a: Slowking\n|-damage|p2a: Slowking|43\/100 par\n|\n|t:|1700675986\n|switch|p1a: Speedwagon|Weezing-Galar, M|90\/100|[from] Volt Switch\n|-ability|p1a: Speedwagon|Neutralizing Gas\n|cant|p2a: Slowking|par\n|\n|upkeep\n|turn|45\n|j| higgsfuckingboson\n|\n|t:|1700675990\n|switch|p2a: Ting-Lu|Ting-Lu|60\/100\n|-damage|p2a: Ting-Lu|54\/100|[from] Stealth Rock\n|-damage|p2a: Ting-Lu|42\/100|[from] Spikes\n|move|p1a: Speedwagon|Toxic Spikes|p2a: Ting-Lu\n|-sidestart|p2: PLLV51 Foufakirby|move: Toxic Spikes\n|\n|-heal|p2a: Ting-Lu|48\/100|[from] item: Leftovers\n|upkeep\n|turn|46\n|\n|t:|1700675997\n|move|p1a: Speedwagon|Will-O-Wisp|p2a: Ting-Lu|[miss]\n|-miss|p1a: Speedwagon|p2a: Ting-Lu\n|move|p2a: Ting-Lu|Earthquake|p1a: Speedwagon\n|-supereffective|p1a: Speedwagon\n|-crit|p1a: Speedwagon\n|-damage|p1a: Speedwagon|0 fnt\n|faint|p1a: Speedwagon\n|-end|p1a: Speedwagon|ability: Neutralizing Gas\n|-ability|p2a: Ting-Lu|Vessel of Ruin\n|\n|-heal|p2a: Ting-Lu|54\/100|[from] item: Leftovers\n|upkeep\n|c|\u2606PLLV51 Foufakirby|:\/\n|c|\u2606Steez Ibanez|What a game\n|c|\u2606PLLV51 Foufakirby|doesn\u2019t matter\n|\n|t:|1700676006\n|switch|p1a: Toothless|Dragapult, M|39\/100\n|turn|47\n|c|\u2606PLLV51 Foufakirby|I have smh againt\n|\n|t:|1700676013\n|move|p1a: Toothless|U-turn|p2a: Ting-Lu\n|-supereffective|p2a: Ting-Lu\n|-damage|p2a: Ting-Lu|33\/100\n|\n|t:|1700676015\n|switch|p1a: Zeus|Zapdos|100\/100|[from] U-turn\n|move|p2a: Ting-Lu|Earthquake|p1a: Zeus\n|-immune|p1a: Zeus\n|\n|-heal|p2a: Ting-Lu|39\/100|[from] item: Leftovers\n|upkeep\n|turn|48\n|inactive|PLLV51 Foufakirby has 120 seconds left.\n|\n|t:|1700676050\n|move|p1a: Zeus|Hurricane|p2a: Ting-Lu\n|-damage|p2a: Ting-Lu|21\/100\n|-start|p2a: Ting-Lu|confusion\n|-activate|p2a: Ting-Lu|confusion\n|move|p2a: Ting-Lu|Rest|p2a: Ting-Lu\n|-status|p2a: Ting-Lu|slp|[from] move: Rest\n|-heal|p2a: Ting-Lu|100\/100 slp|[silent]\n|\n|upkeep\n|turn|49\n|\n|t:|1700676058\n|switch|p1a: Toothless|Dragapult, M|39\/100\n|cant|p2a: Ting-Lu|slp\n|\n|upkeep\n|turn|50\n|\n|t:|1700676068\n|switch|p2a: Slowking|Slowking-Galar, M|43\/100 par\n|-sideend|p2: PLLV51 Foufakirby|move: Toxic Spikes|[of] p2a: Slowking\n|move|p1a: Toothless|Dragon Darts|p2a: Slowking\n|-damage|p2a: Slowking|26\/100 par\n|-anim|p1a: Toothless|Dragon Darts|p2a: Slowking\n|-damage|p2a: Slowking|11\/100 par\n|\n|upkeep\n|turn|51\n|j| spin da bloc\n|\n|t:|1700676076\n|move|p1a: Toothless|Dragon Darts|p2a: Slowking\n|-damage|p2a: Slowking|0 fnt\n|faint|p2a: Slowking\n|\n|upkeep\n|\n|t:|1700676080\n|switch|p2a: Dondozo|Dondozo, M|51\/100\n|turn|52\n|\n|t:|1700676083\n|move|p1a: Toothless|U-turn|p2a: Dondozo\n|-damage|p2a: Dondozo|42\/100\n|\n|t:|1700676085\n|switch|p1a: Zeus|Zapdos|100\/100|[from] U-turn\n|move|p2a: Dondozo|Avalanche|p1a: Zeus\n|-supereffective|p1a: Zeus\n|-damage|p1a: Zeus|76\/100\n|\n|upkeep\n|turn|53\n|\n|t:|1700676090\n|move|p1a: Zeus|Hurricane|p2a: Dondozo\n|-damage|p2a: Dondozo|1\/100\n|move|p2a: Dondozo|Avalanche|p1a: Zeus\n|-supereffective|p1a: Zeus\n|-damage|p1a: Zeus|23\/100\n|\n|upkeep\n|turn|54\n|j| DukeStarr\n|\n|t:|1700676094\n|move|p1a: Zeus|Roost|p1a: Zeus\n|-heal|p1a: Zeus|73\/100\n|-singleturn|p1a: Zeus|move: Roost\n|move|p2a: Dondozo|Avalanche|p1a: Zeus\n|-damage|p1a: Zeus|61\/100\n|\n|upkeep\n|turn|55\n|\n|t:|1700676098\n|move|p1a: Zeus|Roost|p1a: Zeus\n|-heal|p1a: Zeus|100\/100\n|-singleturn|p1a: Zeus|move: Roost\n|move|p2a: Dondozo|Avalanche|p1a: Zeus\n|-damage|p1a: Zeus|87\/100\n|\n|upkeep\n|turn|56\n|\n|t:|1700676103\n|move|p1a: Zeus|Volt Switch|p2a: Dondozo\n|-supereffective|p2a: Dondozo\n|-damage|p2a: Dondozo|0 fnt\n|faint|p2a: Dondozo\n|\n|t:|1700676104\n|switch|p1a: Toothless|Dragapult, M|39\/100|[from] Volt Switch\n|\n|upkeep\n|c|\u2606PLLV51 Foufakirby|Ok I choked\n|c|\u2606PLLV51 Foufakirby|lmao\n|\n|t:|1700676117\n|switch|p2a: Ting-Lu|Ting-Lu|100\/100 slp\n|-damage|p2a: Ting-Lu|94\/100 slp|[from] Stealth Rock\n|-damage|p2a: Ting-Lu|82\/100 slp|[from] Spikes\n|-ability|p2a: Ting-Lu|Vessel of Ruin\n|turn|57\n|\n|t:|1700676123\n|move|p1a: Toothless|Dragon Darts|p2a: Ting-Lu\n|-damage|p2a: Ting-Lu|69\/100 slp\n|-anim|p1a: Toothless|Dragon Darts|p2a: Ting-Lu\n|-damage|p2a: Ting-Lu|56\/100 slp\n|cant|p2a: Ting-Lu|slp\n|\n|-heal|p2a: Ting-Lu|62\/100 slp|[from] item: Leftovers\n|upkeep\n|turn|58\n|\n|t:|1700676128\n|move|p1a: Toothless|U-turn|p2a: Ting-Lu\n|-supereffective|p2a: Ting-Lu\n|-damage|p2a: Ting-Lu|39\/100 slp\n|\n|t:|1700676132\n|switch|p1a: Zeus|Zapdos|87\/100|[from] U-turn\n|-curestatus|p2a: Ting-Lu|slp|[msg]\n|move|p2a: Ting-Lu|Earthquake|p1a: Zeus\n|-immune|p1a: Zeus\n|\n|-heal|p2a: Ting-Lu|45\/100|[from] item: Leftovers\n|upkeep\n|turn|59\n|\n|t:|1700676137\n|move|p1a: Zeus|Hurricane|p2a: Ting-Lu\n|-damage|p2a: Ting-Lu|26\/100\n|move|p2a: Ting-Lu|Earthquake|p1a: Zeus\n|-immune|p1a: Zeus\n|\n|-heal|p2a: Ting-Lu|33\/100|[from] item: Leftovers\n|upkeep\n|turn|60\n|\n|t:|1700676141\n|move|p1a: Zeus|Hurricane|p2a: Ting-Lu\n|-damage|p2a: Ting-Lu|13\/100\n|-start|p2a: Ting-Lu|confusion\n|-activate|p2a: Ting-Lu|confusion\n|move|p2a: Ting-Lu|Rest|p2a: Ting-Lu\n|-status|p2a: Ting-Lu|slp|[from] move: Rest\n|-heal|p2a: Ting-Lu|100\/100 slp|[silent]\n|\n|upkeep\n|turn|61\n|\n|t:|1700676145\n|switch|p1a: Toothless|Dragapult, M|39\/100\n|cant|p2a: Ting-Lu|slp\n|\n|upkeep\n|turn|62\n|\n|t:|1700676153\n|move|p1a: Toothless|Dragon Darts|p2a: Ting-Lu\n|-damage|p2a: Ting-Lu|89\/100 slp\n|-anim|p1a: Toothless|Dragon Darts|p2a: Ting-Lu\n|-damage|p2a: Ting-Lu|77\/100 slp\n|cant|p2a: Ting-Lu|slp\n|\n|-heal|p2a: Ting-Lu|83\/100 slp|[from] item: Leftovers\n|upkeep\n|turn|63\n|\n|t:|1700676156\n|move|p1a: Toothless|U-turn|p2a: Ting-Lu\n|-supereffective|p2a: Ting-Lu\n|-damage|p2a: Ting-Lu|60\/100 slp\n|\n|t:|1700676159\n|switch|p1a: Zeus|Zapdos|87\/100|[from] U-turn\n|-curestatus|p2a: Ting-Lu|slp|[msg]\n|-end|p2a: Ting-Lu|confusion\n|move|p2a: Ting-Lu|Stealth Rock||[still]\n|-fail|p2a: Ting-Lu\n|\n|-heal|p2a: Ting-Lu|66\/100|[from] item: Leftovers\n|upkeep\n|turn|64\n|\n|t:|1700676168\n|move|p1a: Zeus|Heat Wave|p2a: Ting-Lu\n|-damage|p2a: Ting-Lu|55\/100\n|-status|p2a: Ting-Lu|brn\n|move|p2a: Ting-Lu|Stealth Rock||[still]\n|-fail|p2a: Ting-Lu\n|\n|-heal|p2a: Ting-Lu|61\/100 brn|[from] item: Leftovers\n|-damage|p2a: Ting-Lu|55\/100 brn|[from] brn\n|upkeep\n|turn|65\n|c|\u2606PLLV51 Foufakirby|Gg\n|\n|t:|1700676182\n|move|p1a: Zeus|Hurricane|p2a: Ting-Lu|[miss]\n|-miss|p1a: Zeus|p2a: Ting-Lu\n|move|p2a: Ting-Lu|Earthquake|p1a: Zeus\n|-immune|p1a: Zeus\n|\n|-heal|p2a: Ting-Lu|61\/100 brn|[from] item: Leftovers\n|-damage|p2a: Ting-Lu|55\/100 brn|[from] brn\n|upkeep\n|turn|66\n|j| FULKU\n|c|\u2606PLLV51 Foufakirby|Even if Idk who will win\n|\n|t:|1700676200\n|move|p1a: Zeus|Hurricane|p2a: Ting-Lu\n|-damage|p2a: Ting-Lu|35\/100 brn\n|move|p2a: Ting-Lu|Stealth Rock||[still]\n|-fail|p2a: Ting-Lu\n|\n|-heal|p2a: Ting-Lu|42\/100 brn|[from] item: Leftovers\n|-damage|p2a: Ting-Lu|35\/100 brn|[from] brn\n|upkeep\n|turn|67\n|\n|t:|1700676204\n|move|p1a: Zeus|Hurricane|p2a: Ting-Lu|[miss]\n|-miss|p1a: Zeus|p2a: Ting-Lu\n|move|p2a: Ting-Lu|Rest|p2a: Ting-Lu\n|-status|p2a: Ting-Lu|slp|[from] move: Rest\n|-heal|p2a: Ting-Lu|100\/100 slp|[silent]\n|\n|upkeep\n|turn|68\n|\n|t:|1700676210\n|switch|p1a: Toothless|Dragapult, M|39\/100\n|cant|p2a: Ting-Lu|slp\n|\n|upkeep\n|turn|69\n|j| dfghhhg\n|\n|t:|1700676213\n|move|p1a: Toothless|Dragon Darts|p2a: Ting-Lu\n|-damage|p2a: Ting-Lu|89\/100 slp\n|-anim|p1a: Toothless|Dragon Darts|p2a: Ting-Lu\n|-damage|p2a: Ting-Lu|76\/100 slp\n|cant|p2a: Ting-Lu|slp\n|\n|-heal|p2a: Ting-Lu|83\/100 slp|[from] item: Leftovers\n|upkeep\n|turn|70\n|\n|t:|1700676218\n|move|p1a: Toothless|U-turn|p2a: Ting-Lu\n|-supereffective|p2a: Ting-Lu\n|-damage|p2a: Ting-Lu|60\/100 slp\n|\n|t:|1700676220\n|switch|p1a: Zeus|Zapdos|87\/100|[from] U-turn\n|-curestatus|p2a: Ting-Lu|slp|[msg]\n|move|p2a: Ting-Lu|Stealth Rock||[still]\n|-fail|p2a: Ting-Lu\n|\n|-heal|p2a: Ting-Lu|66\/100|[from] item: Leftovers\n|upkeep\n|turn|71\n|\n|t:|1700676229\n|move|p1a: Zeus|Heat Wave|p2a: Ting-Lu\n|-damage|p2a: Ting-Lu|54\/100\n|-status|p2a: Ting-Lu|brn\n|move|p2a: Ting-Lu|Stealth Rock||[still]\n|-fail|p2a: Ting-Lu\n|\n|-heal|p2a: Ting-Lu|60\/100 brn|[from] item: Leftovers\n|-damage|p2a: Ting-Lu|54\/100 brn|[from] brn\n|upkeep\n|turn|72\n|\n|t:|1700676239\n|switch|p1a: Toothless|Dragapult, M|39\/100\n|move|p2a: Ting-Lu|Earthquake|p1a: Toothless\n|-damage|p1a: Toothless|11\/100\n|\n|-heal|p2a: Ting-Lu|60\/100 brn|[from] item: Leftovers\n|-damage|p2a: Ting-Lu|54\/100 brn|[from] brn\n|upkeep\n|turn|73\n|\n|t:|1700676244\n|move|p1a: Toothless|Dragon Darts|p2a: Ting-Lu\n|-damage|p2a: Ting-Lu|43\/100 brn\n|-anim|p1a: Toothless|Dragon Darts|p2a: Ting-Lu\n|-damage|p2a: Ting-Lu|30\/100 brn\n|move|p2a: Ting-Lu|Rest|p2a: Ting-Lu\n|-status|p2a: Ting-Lu|slp|[from] move: Rest\n|-heal|p2a: Ting-Lu|100\/100 slp|[silent]\n|\n|upkeep\n|turn|74\n|c|\u2606PLLV51 Foufakirby|Oh\n|c|\u2606PLLV51 Foufakirby|biggest throw I\u2019ve ever seen lol\n|\n|t:|1700676265\n|move|p1a: Toothless|Dragon Darts|p2a: Ting-Lu\n|-damage|p2a: Ting-Lu|89\/100 slp\n|-anim|p1a: Toothless|Dragon Darts|p2a: Ting-Lu\n|-damage|p2a: Ting-Lu|78\/100 slp\n|cant|p2a: Ting-Lu|slp\n|\n|-heal|p2a: Ting-Lu|84\/100 slp|[from] item: Leftovers\n|upkeep\n|turn|75\n|\n|t:|1700676274\n|move|p1a: Toothless|Hex|p2a: Ting-Lu\n|-resisted|p2a: Ting-Lu\n|-damage|p2a: Ting-Lu|72\/100 slp\n|cant|p2a: Ting-Lu|slp\n|\n|-heal|p2a: Ting-Lu|79\/100 slp|[from] item: Leftovers\n|upkeep\n|turn|76\n|\n|t:|1700676278\n|move|p1a: Toothless|U-turn|p2a: Ting-Lu\n|-supereffective|p2a: Ting-Lu\n|-damage|p2a: Ting-Lu|55\/100 slp\n|\n|t:|1700676281\n|switch|p1a: Zeus|Zapdos|87\/100|[from] U-turn\n|-curestatus|p2a: Ting-Lu|slp|[msg]\n|move|p2a: Ting-Lu|Earthquake|p1a: Zeus\n|-immune|p1a: Zeus\n|\n|-heal|p2a: Ting-Lu|61\/100|[from] item: Leftovers\n|upkeep\n|turn|77\n|\n|t:|1700676283\n|move|p1a: Zeus|Volt Switch|p2a: Ting-Lu\n|-immune|p2a: Ting-Lu\n|move|p2a: Ting-Lu|Stealth Rock||[still]\n|-fail|p2a: Ting-Lu\n|\n|-heal|p2a: Ting-Lu|67\/100|[from] item: Leftovers\n|upkeep\n|turn|78\n|\n|t:|1700676286\n|move|p1a: Zeus|Volt Switch|p2a: Ting-Lu\n|-immune|p2a: Ting-Lu\n|move|p2a: Ting-Lu|Stealth Rock||[still]\n|-fail|p2a: Ting-Lu\n|\n|-heal|p2a: Ting-Lu|73\/100|[from] item: Leftovers\n|upkeep\n|turn|79\n|\n|t:|1700676297\n|move|p1a: Zeus|Volt Switch|p2a: Ting-Lu\n|-immune|p2a: Ting-Lu\n|move|p2a: Ting-Lu|Stealth Rock||[still]\n|-fail|p2a: Ting-Lu\n|\n|-heal|p2a: Ting-Lu|80\/100|[from] item: Leftovers\n|upkeep\n|turn|80\n|\n|t:|1700676307\n|move|p1a: Zeus|Volt Switch|p2a: Ting-Lu\n|-immune|p2a: Ting-Lu\n|move|p2a: Ting-Lu|Stealth Rock||[still]\n|-fail|p2a: Ting-Lu\n|\n|-heal|p2a: Ting-Lu|86\/100|[from] item: Leftovers\n|upkeep\n|turn|81\n|\n|t:|1700676312\n|move|p1a: Zeus|Volt Switch|p2a: Ting-Lu\n|-immune|p2a: Ting-Lu\n|move|p2a: Ting-Lu|Stealth Rock||[still]\n|-fail|p2a: Ting-Lu\n|\n|-heal|p2a: Ting-Lu|92\/100|[from] item: Leftovers\n|upkeep\n|turn|82\n|\n|t:|1700676316\n|move|p1a: Zeus|Volt Switch|p2a: Ting-Lu\n|-immune|p2a: Ting-Lu\n|move|p2a: Ting-Lu|Stealth Rock||[still]\n|-fail|p2a: Ting-Lu\n|\n|-heal|p2a: Ting-Lu|98\/100|[from] item: Leftovers\n|upkeep\n|turn|83\n|\n|t:|1700676320\n|move|p1a: Zeus|Heat Wave|p2a: Ting-Lu\n|-damage|p2a: Ting-Lu|88\/100\n|move|p2a: Ting-Lu|Stealth Rock||[still]\n|-fail|p2a: Ting-Lu\n|\n|-heal|p2a: Ting-Lu|94\/100|[from] item: Leftovers\n|upkeep\n|turn|84\n|c| spin da bloc|this is\n|\n|t:|1700676324\n|move|p1a: Zeus|Heat Wave|p2a: Ting-Lu\n|-damage|p2a: Ting-Lu|84\/100\n|move|p2a: Ting-Lu|Stealth Rock||[still]\n|-fail|p2a: Ting-Lu\n|\n|-heal|p2a: Ting-Lu|90\/100|[from] item: Leftovers\n|upkeep\n|turn|85\n|c| spin da bloc|interesting\n|\n|t:|1700676332\n|move|p1a: Zeus|Volt Switch|p2a: Ting-Lu\n|-immune|p2a: Ting-Lu\n|move|p2a: Ting-Lu|Whirlwind|p1a: Zeus\n|drag|p1a: Toothless|Dragapult, M|11\/100\n|\n|-heal|p2a: Ting-Lu|96\/100|[from] item: Leftovers\n|upkeep\n|turn|86\n|\n|t:|1700676339\n|move|p1a: Toothless|U-turn|p2a: Ting-Lu\n|-supereffective|p2a: Ting-Lu\n|-damage|p2a: Ting-Lu|74\/100\n|j| qiuw\n|\n|t:|1700676344\n|switch|p1a: Zeus|Zapdos|87\/100|[from] U-turn\n|move|p2a: Ting-Lu|Whirlwind|p1a: Zeus\n|drag|p1a: Toothless|Dragapult, M|11\/100\n|\n|-heal|p2a: Ting-Lu|80\/100|[from] item: Leftovers\n|upkeep\n|turn|87\n|\n|t:|1700676355\n|move|p1a: Toothless|U-turn|p2a: Ting-Lu\n|-supereffective|p2a: Ting-Lu\n|-damage|p2a: Ting-Lu|57\/100\n|\n|t:|1700676362\n|switch|p1a: Zeus|Zapdos|87\/100|[from] U-turn\n|move|p2a: Ting-Lu|Stealth Rock||[still]\n|-fail|p2a: Ting-Lu\n|\n|-heal|p2a: Ting-Lu|63\/100|[from] item: Leftovers\n|upkeep\n|turn|88\n|\n|t:|1700676365\n|move|p1a: Zeus|Hurricane|p2a: Ting-Lu|[miss]\n|-miss|p1a: Zeus|p2a: Ting-Lu\n|move|p2a: Ting-Lu|Earthquake|p1a: Zeus\n|-immune|p1a: Zeus\n|\n|-heal|p2a: Ting-Lu|70\/100|[from] item: Leftovers\n|upkeep\n|turn|89\n|\n|t:|1700676372\n|move|p1a: Zeus|Volt Switch|p2a: Ting-Lu\n|-immune|p2a: Ting-Lu\n|move|p2a: Ting-Lu|Stealth Rock||[still]\n|-fail|p2a: Ting-Lu\n|\n|-heal|p2a: Ting-Lu|76\/100|[from] item: Leftovers\n|upkeep\n|turn|90\n|\n|t:|1700676375\n|move|p1a: Zeus|Volt Switch|p2a: Ting-Lu\n|-immune|p2a: Ting-Lu\n|move|p2a: Ting-Lu|Stealth Rock||[still]\n|-fail|p2a: Ting-Lu\n|\n|-heal|p2a: Ting-Lu|82\/100|[from] item: Leftovers\n|upkeep\n|turn|91\n|\n|t:|1700676377\n|move|p1a: Zeus|Volt Switch|p2a: Ting-Lu\n|-immune|p2a: Ting-Lu\n|move|p2a: Ting-Lu|Stealth Rock||[still]\n|-fail|p2a: Ting-Lu\n|\n|-heal|p2a: Ting-Lu|88\/100|[from] item: Leftovers\n|upkeep\n|turn|92\n|c| DukeStarr|peak showdown content\n|\n|t:|1700676388\n|move|p1a: Zeus|Volt Switch|p2a: Ting-Lu\n|-immune|p2a: Ting-Lu\n|move|p2a: Ting-Lu|Earthquake|p1a: Zeus\n|-immune|p1a: Zeus\n|\n|-heal|p2a: Ting-Lu|94\/100|[from] item: Leftovers\n|upkeep\n|turn|93\n|j| Sagiae999\n|\n|t:|1700676392\n|switch|p1a: Toothless|Dragapult, M|11\/100\n|move|p2a: Ting-Lu|Stealth Rock||[still]\n|-fail|p2a: Ting-Lu\n|\n|-heal|p2a: Ting-Lu|100\/100|[from] item: Leftovers\n|upkeep\n|turn|94\n|\n|t:|1700676397\n|move|p1a: Toothless|U-turn|p2a: Ting-Lu\n|-supereffective|p2a: Ting-Lu\n|-damage|p2a: Ting-Lu|77\/100\n|\n|t:|1700676404\n|switch|p1a: Zeus|Zapdos|87\/100|[from] U-turn\n|move|p2a: Ting-Lu|Whirlwind|p1a: Zeus\n|drag|p1a: Toothless|Dragapult, M|11\/100\n|\n|-heal|p2a: Ting-Lu|83\/100|[from] item: Leftovers\n|upkeep\n|turn|95\n|\n|t:|1700676414\n|move|p1a: Toothless|U-turn|p2a: Ting-Lu\n|-supereffective|p2a: Ting-Lu\n|-damage|p2a: Ting-Lu|60\/100\n|j| Ruinous Tusk\n|\n|t:|1700676416\n|switch|p1a: Zeus|Zapdos|87\/100|[from] U-turn\n|move|p2a: Ting-Lu|Stealth Rock||[still]\n|-fail|p2a: Ting-Lu\n|\n|-heal|p2a: Ting-Lu|66\/100|[from] item: Leftovers\n|upkeep\n|turn|96\n|\n|t:|1700676422\n|switch|p1a: Toothless|Dragapult, M|11\/100\n|move|p2a: Ting-Lu|Stealth Rock||[still]\n|-fail|p2a: Ting-Lu\n|\n|-heal|p2a: Ting-Lu|72\/100|[from] item: Leftovers\n|upkeep\n|turn|97\n|\n|t:|1700676425\n|move|p1a: Toothless|U-turn|p2a: Ting-Lu\n|-supereffective|p2a: Ting-Lu\n|-damage|p2a: Ting-Lu|51\/100\n|\n|t:|1700676429\n|switch|p1a: Zeus|Zapdos|87\/100|[from] U-turn\n|move|p2a: Ting-Lu|Stealth Rock||[still]\n|-fail|p2a: Ting-Lu\n|\n|-heal|p2a: Ting-Lu|57\/100|[from] item: Leftovers\n|upkeep\n|turn|98\n|\n|t:|1700676434\n|move|p1a: Zeus|Volt Switch|p2a: Ting-Lu\n|-immune|p2a: Ting-Lu\n|move|p2a: Ting-Lu|Stealth Rock||[still]\n|-fail|p2a: Ting-Lu\n|\n|-heal|p2a: Ting-Lu|63\/100|[from] item: Leftovers\n|upkeep\n|turn|99\n|\n|t:|1700676444\n|move|p1a: Zeus|Volt Switch|p2a: Ting-Lu\n|-immune|p2a: Ting-Lu\n|move|p2a: Ting-Lu|Whirlwind|p1a: Zeus\n|drag|p1a: Toothless|Dragapult, M|11\/100\n|\n|-heal|p2a: Ting-Lu|69\/100|[from] item: Leftovers\n|upkeep\n|turn|100\n|\n|t:|1700676447\n|move|p1a: Toothless|U-turn|p2a: Ting-Lu\n|-supereffective|p2a: Ting-Lu\n|-damage|p2a: Ting-Lu|48\/100\n|\n|t:|1700676450\n|switch|p1a: Zeus|Zapdos|87\/100|[from] U-turn\n|move|p2a: Ting-Lu|Whirlwind|p1a: Zeus\n|drag|p1a: Toothless|Dragapult, M|11\/100\n|\n|-heal|p2a: Ting-Lu|54\/100|[from] item: Leftovers\n|upkeep\n|turn|101\n|\n|t:|1700676466\n|move|p1a: Toothless|U-turn|p2a: Ting-Lu\n|-supereffective|p2a: Ting-Lu\n|-damage|p2a: Ting-Lu|29\/100\n|\n|t:|1700676483\n|switch|p1a: Zeus|Zapdos|87\/100|[from] U-turn\n|move|p2a: Ting-Lu|Stealth Rock||[still]\n|-fail|p2a: Ting-Lu\n|\n|-heal|p2a: Ting-Lu|36\/100|[from] item: Leftovers\n|upkeep\n|turn|102\n|\n|t:|1700676485\n|move|p1a: Zeus|Hurricane|p2a: Ting-Lu|[miss]\n|-miss|p1a: Zeus|p2a: Ting-Lu\n|move|p2a: Ting-Lu|Rest|p2a: Ting-Lu\n|-status|p2a: Ting-Lu|slp|[from] move: Rest\n|-heal|p2a: Ting-Lu|100\/100 slp|[silent]\n|\n|upkeep\n|turn|103\n|j| cal\n|\n|t:|1700676488\n|switch|p1a: Toothless|Dragapult, M|11\/100\n|cant|p2a: Ting-Lu|slp\n|\n|upkeep\n|turn|104\n|\n|t:|1700676490\n|switch|p1a: Zeus|Zapdos|87\/100\n|cant|p2a: Ting-Lu|slp\n|\n|upkeep\n|turn|105\n|\n|t:|1700676495\n|move|p1a: Zeus|Volt Switch|p2a: Ting-Lu\n|-immune|p2a: Ting-Lu\n|-curestatus|p2a: Ting-Lu|slp|[msg]\n|move|p2a: Ting-Lu|Stealth Rock||[still]\n|-fail|p2a: Ting-Lu\n|\n|upkeep\n|turn|106\n|\n|t:|1700676501\n|-terastallize|p2a: Ting-Lu|Ghost\n|move|p1a: Zeus|Volt Switch|p2a: Ting-Lu\n|-damage|p2a: Ting-Lu|89\/100\n|\n|t:|1700676503\n|switch|p1a: Toothless|Dragapult, M|11\/100|[from] Volt Switch\n|move|p2a: Ting-Lu|Earthquake|p1a: Toothless\n|-damage|p1a: Toothless|0 fnt\n|faint|p1a: Toothless\n|\n|-heal|p2a: Ting-Lu|95\/100|[from] item: Leftovers\n|upkeep\n|c|\u2606PLLV51 Foufakirby|Gg\n|\n|t:|1700676506\n|switch|p1a: Zeus|Zapdos|87\/100\n|turn|107\n|c|\u2606PLLV51 Foufakirby|Or not\n|j| Kingston9629\n|c|\u2606PLLV51 Foufakirby|idk\n|c|\u2606PLLV51 Foufakirby|Should have do this way before\n|\n|t:|1700676530\n|move|p1a: Zeus|Heat Wave|p2a: Ting-Lu\n|-damage|p2a: Ting-Lu|85\/100\n|move|p2a: Ting-Lu|Whirlwind||[still]\n|-fail|p2a: Ting-Lu\n|\n|-heal|p2a: Ting-Lu|91\/100|[from] item: Leftovers\n|upkeep\n|turn|108\n|\n|t:|1700676542\n|move|p1a: Zeus|Roost|p1a: Zeus\n|-heal|p1a: Zeus|100\/100\n|-singleturn|p1a: Zeus|move: Roost\n|move|p2a: Ting-Lu|Whirlwind||[still]\n|-fail|p2a: Ting-Lu\n|\n|-heal|p2a: Ting-Lu|97\/100|[from] item: Leftovers\n|upkeep\n|turn|109\n|l| Kingston9629\n|inactive|PLLV51 Foufakirby has 120 seconds left.\n|\n|t:|1700676564\n|move|p1a: Zeus|Roost||[still]\n|-fail|p1a: Zeus|heal\n|move|p2a: Ting-Lu|Whirlwind||[still]\n|-fail|p2a: Ting-Lu\n|\n|-heal|p2a: Ting-Lu|100\/100|[from] item: Leftovers\n|upkeep\n|turn|110\n|l| DukeStarr\n|\n|t:|1700676577\n|move|p1a: Zeus|Roost||[still]\n|-fail|p1a: Zeus|heal\n|move|p2a: Ting-Lu|Whirlwind||[still]\n|-fail|p2a: Ting-Lu\n|\n|upkeep\n|turn|111\n|l| cal\n|j| DukeStarr\n|\n|t:|1700676581\n|move|p1a: Zeus|Roost||[still]\n|-fail|p1a: Zeus|heal\n|move|p2a: Ting-Lu|Stealth Rock||[still]\n|-fail|p2a: Ting-Lu\n|\n|upkeep\n|turn|112\n|c| spin da bloc|no idea what zapdos is going for here roosting\n|inactive|PLLV51 Foufakirby has 120 seconds left.\n|l| PLLV51 AxCypher\n|c|\u2606Steez Ibanez|Trying to save pp\n|c|\u2606PLLV51 Foufakirby|Pp stalling\n|j| PLLV51 Jojo\n|\n|t:|1700676609\n|move|p1a: Zeus|Heat Wave|p2a: Ting-Lu\n|-damage|p2a: Ting-Lu|90\/100\n|move|p2a: Ting-Lu|Stealth Rock||[still]\n|-fail|p2a: Ting-Lu\n|\n|-heal|p2a: Ting-Lu|96\/100|[from] item: Leftovers\n|upkeep\n|turn|113\n|c| spin da bloc|isnt only thing to do force tinglu to use all rests?\n|c|\u2606PLLV51 Foufakirby|Idts\n|inactive|Steez Ibanez has 120 seconds left.\n|c|\u2606PLLV51 Foufakirby|maybe burn with heat wave\n|\n|t:|1700676646\n|move|p1a: Zeus|Volt Switch|p2a: Ting-Lu\n|-damage|p2a: Ting-Lu|85\/100\n|move|p2a: Ting-Lu|Stealth Rock||[still]\n|-fail|p2a: Ting-Lu\n|\n|-heal|p2a: Ting-Lu|91\/100|[from] item: Leftovers\n|upkeep\n|turn|114\n|c| spin da bloc|burn with heat wave into whittle down with attacks into force rest, do that three times\n|c|\u2606PLLV51 Foufakirby|But that was a good game anyway, no matter who wins\n|\n|t:|1700676662\n|move|p1a: Zeus|Volt Switch|p2a: Ting-Lu\n|-damage|p2a: Ting-Lu|77\/100\n|move|p2a: Ting-Lu|Stealth Rock||[still]\n|-fail|p2a: Ting-Lu\n|\n|-heal|p2a: Ting-Lu|84\/100|[from] item: Leftovers\n|upkeep\n|turn|115\n|c| spin da bloc|but i dont think theres enough pp for that anyways\n|inactive|Steez Ibanez has 120 seconds left.\n|\n|t:|1700676677\n|move|p1a: Zeus|Volt Switch|p2a: Ting-Lu\n|-crit|p2a: Ting-Lu\n|-damage|p2a: Ting-Lu|65\/100\n|move|p2a: Ting-Lu|Stealth Rock||[still]\n|-fail|p2a: Ting-Lu\n|\n|-heal|p2a: Ting-Lu|72\/100|[from] item: Leftovers\n|upkeep\n|turn|116\n|l| higgsfuckingboson\n|-message|Steez Ibanez forfeited.\n|\n|win|PLLV51 Foufakirby\n|raw|Steez Ibanez's rating: 1701 &rarr; <strong>1689<\/strong><br \/>(-12 for losing)\n|raw|PLLV51 Foufakirby's rating: 1856 &rarr; <strong>1868<\/strong><br \/>(+12 for winning)\n|l|\u2606Steez Ibanez\n|c|\u2606PLLV51 Foufakirby|Gg\n|l| spin da bloc\n|c|\u2606PLLV51 Foufakirby|That game was crazy\n","uploadtime":1700676754,"views":8,"p1id":"steezibanez","p2id":"pllv51foufakirby","formatid":"gen9ou","rating":1689,"private":0,"password":""}