{"id":"gen9ou-1992501053","p1":"ehcne","p2":"djkslaf","format":"[Gen 9] OU","log":"|j|\u2606ehcne\n|j|\u2606djkslaf\n|t:|1700195727\n|gametype|singles\n|player|p1|ehcne|102|1068\n|player|p2|djkslaf|lyra|1103\n|teamsize|p1|6\n|teamsize|p2|6\n|gen|9\n|tier|[Gen 9] OU\n|rated|\n|rule|Sleep Clause Mod: Limit one foe put to sleep\n|rule|Species Clause: Limit one of each Pok\u00e9mon\n|rule|OHKO Clause: OHKO moves are banned\n|rule|Evasion Items Clause: Evasion items are banned\n|rule|Evasion Moves Clause: Evasion moves are banned\n|rule|Endless Battle Clause: Forcing endless battles is banned\n|rule|HP Percentage Mod: HP is shown in percentages\n|clearpoke\n|poke|p1|Clefable, M|\n|poke|p1|Glimmora, F|\n|poke|p1|Dragapult, F|\n|poke|p1|Ribombee, M|\n|poke|p1|Shiftry, F|\n|poke|p1|Maushold|\n|poke|p2|Ditto|\n|poke|p2|Grimmsnarl, M|\n|poke|p2|Dragapult, F|\n|poke|p2|Corviknight, F|\n|poke|p2|Ting-Lu|\n|poke|p2|Mimikyu, F|\n|teampreview\n|\n|t:|1700195752\n|start\n|switch|p1a: Ribombee|Ribombee, M, shiny|100\/100\n|switch|p2a: Grimmsnarl|Grimmsnarl, M|100\/100\n|turn|1\n|\n|t:|1700195763\n|move|p2a: Grimmsnarl|Taunt|p1a: Ribombee\n|-start|p1a: Ribombee|move: Taunt\n|cant|p1a: Ribombee|move: Taunt|Switcheroo\n|\n|upkeep\n|turn|2\n|\n|t:|1700195771\n|move|p2a: Grimmsnarl|Light Screen|p2a: Grimmsnarl\n|-sidestart|p2: djkslaf|move: Light Screen\n|move|p1a: Ribombee|Moonblast|p2a: Grimmsnarl\n|-supereffective|p2a: Grimmsnarl\n|-damage|p2a: Grimmsnarl|40\/100\n|-unboost|p2a: Grimmsnarl|spa|1\n|\n|upkeep\n|turn|3\n|\n|t:|1700195786\n|switch|p1a: Clefable|Clefable, M|100\/100\n|move|p2a: Grimmsnarl|Parting Shot|p1a: Clefable\n|-unboost|p1a: Clefable|atk|1\n|-unboost|p1a: Clefable|spa|1\n|\n|t:|1700195795\n|switch|p2a: Corviknight|Corviknight, F|100\/100|[from] Parting Shot\n|-ability|p2a: Corviknight|Pressure\n|\n|upkeep\n|turn|4\n|\n|t:|1700195801\n|-terastallize|p1a: Clefable|Fire\n|move|p2a: Corviknight|Iron Defense|p2a: Corviknight\n|-boost|p2a: Corviknight|def|2\n|move|p1a: Clefable|Flamethrower|p2a: Corviknight\n|-supereffective|p2a: Corviknight\n|-damage|p2a: Corviknight|76\/100\n|\n|upkeep\n|turn|5\n|\n|t:|1700195813\n|move|p2a: Corviknight|Iron Defense|p2a: Corviknight\n|-boost|p2a: Corviknight|def|2\n|move|p1a: Clefable|Thunderbolt|p2a: Corviknight\n|-supereffective|p2a: Corviknight\n|-damage|p2a: Corviknight|60\/100\n|\n|upkeep\n|turn|6\n|\n|t:|1700195824\n|move|p2a: Corviknight|Iron Defense|p2a: Corviknight\n|-boost|p2a: Corviknight|def|2\n|move|p1a: Clefable|Flamethrower|p2a: Corviknight\n|-supereffective|p2a: Corviknight\n|-damage|p2a: Corviknight|34\/100\n|\n|upkeep\n|turn|7\n|\n|t:|1700195831\n|move|p2a: Corviknight|Roost|p2a: Corviknight\n|-heal|p2a: Corviknight|84\/100\n|-singleturn|p2a: Corviknight|move: Roost\n|move|p1a: Clefable|Flamethrower|p2a: Corviknight\n|-supereffective|p2a: Corviknight\n|-damage|p2a: Corviknight|62\/100\n|\n|upkeep\n|turn|8\n|\n|t:|1700195840\n|move|p2a: Corviknight|Roost|p2a: Corviknight\n|-heal|p2a: Corviknight|100\/100\n|-singleturn|p2a: Corviknight|move: Roost\n|move|p1a: Clefable|Flamethrower|p2a: Corviknight\n|-supereffective|p2a: Corviknight\n|-damage|p2a: Corviknight|79\/100\n|\n|upkeep\n|turn|9\n|\n|t:|1700195848\n|move|p2a: Corviknight|Body Press|p1a: Clefable\n|-damage|p1a: Clefable|73\/100\n|move|p1a: Clefable|Flamethrower|p2a: Corviknight\n|-supereffective|p2a: Corviknight\n|-damage|p2a: Corviknight|57\/100\n|\n|-sideend|p2: djkslaf|move: Light Screen\n|upkeep\n|turn|10\n|\n|t:|1700195857\n|move|p2a: Corviknight|Body Press|p1a: Clefable\n|-damage|p1a: Clefable|46\/100\n|move|p1a: Clefable|Flamethrower|p2a: Corviknight\n|-supereffective|p2a: Corviknight\n|-damage|p2a: Corviknight|5\/100\n|-status|p2a: Corviknight|brn\n|\n|-damage|p2a: Corviknight|0 fnt|[from] brn\n|faint|p2a: Corviknight\n|upkeep\n|\n|t:|1700195887\n|switch|p2a: Ting-Lu|Ting-Lu|100\/100\n|-ability|p2a: Ting-Lu|Vessel of Ruin\n|turn|11\n|\n|t:|1700195904\n|move|p1a: Clefable|Moonblast|p2a: Ting-Lu\n|-supereffective|p2a: Ting-Lu\n|-damage|p2a: Ting-Lu|79\/100\n|-unboost|p2a: Ting-Lu|spa|1\n|move|p2a: Ting-Lu|Earthquake|p1a: Clefable\n|-supereffective|p1a: Clefable\n|-damage|p1a: Clefable|0 fnt\n|faint|p1a: Clefable\n|\n|-heal|p2a: Ting-Lu|86\/100|[from] item: Leftovers\n|upkeep\n|\n|t:|1700195932\n|switch|p1a: Shiftry|Shiftry, F|100\/100\n|turn|12\n|inactive|Battle timer is ON: inactive players will automatically lose when time's up. (requested by djkslaf)\n|\n|t:|1700195952\n|switch|p2a: Ditto|Ditto|100\/100\n|-transform|p2a: Ditto|p1a: Shiftry|[from] ability: Imposter\n|move|p1a: Shiftry|Tailwind|p1a: Shiftry\n|-sidestart|p1: ehcne|move: Tailwind\n|-ability|p1a: Shiftry|Wind Rider|boost\n|-boost|p1a: Shiftry|atk|1\n|\n|upkeep\n|turn|13\n|\n|t:|1700195964\n|move|p2a: Ditto|Sucker Punch||[still]\n|-fail|p2a: Ditto\n|move|p1a: Shiftry|Taunt|p2a: Ditto\n|-start|p2a: Ditto|move: Taunt\n|\n|upkeep\n|turn|14\n|\n|t:|1700195986\n|switch|p1a: Dragapult|Dragapult, F|100\/100\n|switch|p2a: Ting-Lu|Ting-Lu|86\/100\n|-ability|p2a: Ting-Lu|Vessel of Ruin\n|\n|-heal|p2a: Ting-Lu|92\/100|[from] item: Leftovers\n|upkeep\n|turn|15\n|\n|t:|1700195999\n|move|p1a: Dragapult|Dragon Dance|p1a: Dragapult\n|-boost|p1a: Dragapult|atk|1\n|-boost|p1a: Dragapult|spe|1\n|move|p2a: Ting-Lu|Stealth Rock|p1a: Dragapult\n|-sidestart|p1: ehcne|move: Stealth Rock\n|\n|-heal|p2a: Ting-Lu|98\/100|[from] item: Leftovers\n|-sideend|p1: ehcne|move: Tailwind\n|upkeep\n|turn|16\n|\n|t:|1700196014\n|move|p1a: Dragapult|Dragon Darts|p2a: Ting-Lu\n|-damage|p2a: Ting-Lu|77\/100\n|-anim|p1a: Dragapult|Dragon Darts|p2a: Ting-Lu\n|-damage|p2a: Ting-Lu|55\/100\n|move|p2a: Ting-Lu|Throat Chop|p1a: Dragapult\n|-supereffective|p1a: Dragapult\n|-damage|p1a: Dragapult|12\/100\n|-start|p1a: Dragapult|Throat Chop|[silent]\n|\n|-heal|p2a: Ting-Lu|61\/100|[from] item: Leftovers\n|upkeep\n|turn|17\n|\n|t:|1700196032\n|switch|p1a: Glimmora|Glimmora, F, shiny|100\/100\n|-damage|p1a: Glimmora|88\/100|[from] Stealth Rock\n|move|p2a: Ting-Lu|Whirlwind|p1a: Glimmora\n|drag|p1a: Shiftry|Shiftry, F|100\/100\n|-damage|p1a: Shiftry|88\/100|[from] Stealth Rock\n|\n|-heal|p2a: Ting-Lu|67\/100|[from] item: Leftovers\n|upkeep\n|turn|18\n|\n|t:|1700196048\n|move|p1a: Shiftry|Tailwind|p1a: Shiftry\n|-sidestart|p1: ehcne|move: Tailwind\n|-ability|p1a: Shiftry|Wind Rider|boost\n|-boost|p1a: Shiftry|atk|1\n|move|p2a: Ting-Lu|Whirlwind|p1a: Shiftry\n|-ability|p1a: Shiftry|Wind Rider|boost\n|-boost|p1a: Shiftry|atk|1\n|\n|-heal|p2a: Ting-Lu|74\/100|[from] item: Leftovers\n|upkeep\n|turn|19\n|\n|t:|1700196063\n|switch|p2a: Ditto|Ditto|100\/100\n|-transform|p2a: Ditto|p1a: Shiftry|[from] ability: Imposter\n|move|p1a: Shiftry|Explosion|p2a: Ditto\n|-damage|p2a: Ditto|0 fnt\n|faint|p1a: Shiftry\n|faint|p2a: Ditto\n|\n|upkeep\n|\n|t:|1700196076\n|switch|p1a: Maushold|Maushold, shiny|100\/100\n|switch|p2a: Grimmsnarl|Grimmsnarl, M|40\/100\n|-damage|p1a: Maushold|88\/100|[from] Stealth Rock\n|turn|20\n|\n|t:|1700196085\n|move|p2a: Grimmsnarl|Reflect|p2a: Grimmsnarl\n|-sidestart|p2: djkslaf|Reflect\n|move|p1a: Maushold|Tidy Up|p1a: Maushold\n|-sideend|p1: ehcne|Stealth Rock\n|-activate|p1a: Maushold|move: Tidy Up\n|-boost|p1a: Maushold|atk|1\n|-boost|p1a: Maushold|spe|1\n|\n|upkeep\n|turn|21\n|\n|t:|1700196093\n|move|p2a: Grimmsnarl|Parting Shot|p1a: Maushold\n|-unboost|p1a: Maushold|atk|1\n|-unboost|p1a: Maushold|spa|1\n|\n|t:|1700196099\n|switch|p2a: Dragapult|Dragapult, F|100\/100|[from] Parting Shot\n|move|p1a: Maushold|Encore||[still]\n|-fail|p1a: Maushold\n|\n|-sideend|p1: ehcne|move: Tailwind\n|upkeep\n|turn|22\n|\n|t:|1700196115\n|move|p1a: Maushold|Shadow Claw|p2a: Dragapult\n|-supereffective|p2a: Dragapult\n|-damage|p2a: Dragapult|79\/100\n|move|p2a: Dragapult|Dragon Darts|p1a: Maushold\n|-damage|p1a: Maushold|35\/100\n|-anim|p2a: Dragapult|Dragon Darts|p1a: Maushold\n|-damage|p1a: Maushold|0 fnt\n|faint|p1a: Maushold\n|-damage|p2a: Dragapult|69\/100|[from] item: Life Orb\n|\n|upkeep\n|\n|t:|1700196135\n|switch|p1a: Ribombee|Ribombee, M, shiny|100\/100\n|turn|23\n|\n|t:|1700196146\n|move|p2a: Dragapult|Phantom Force||[still]\n|-prepare|p2a: Dragapult|Phantom Force\n|move|p1a: Ribombee|Moonblast|p2a: Dragapult|[miss]\n|-miss|p1a: Ribombee|p2a: Dragapult\n|\n|upkeep\n|turn|24\n|\n|t:|1700196158\n|switch|p1a: Glimmora|Glimmora, F, shiny|88\/100\n|move|p2a: Dragapult|Phantom Force|p1a: Glimmora|[from]lockedmove\n|-damage|p1a: Glimmora|32\/100\n|-activate|p1a: Glimmora|ability: Toxic Debris\n|-sidestart|p2: djkslaf|move: Toxic Spikes\n|-damage|p2a: Dragapult|59\/100|[from] item: Life Orb\n|\n|upkeep\n|turn|25\n|\n|t:|1700196170\n|move|p1a: Glimmora|Spiky Shield|p1a: Glimmora\n|-singleturn|p1a: Glimmora|move: Protect\n|move|p2a: Dragapult|Dragon Darts|p1a: Glimmora\n|-activate|p1a: Glimmora|move: Protect\n|\n|upkeep\n|turn|26\n|\n|t:|1700196181\n|move|p2a: Dragapult|Dragon Darts|p1a: Glimmora\n|-damage|p1a: Glimmora|1\/100\n|-activate|p1a: Glimmora|ability: Toxic Debris\n|-sidestart|p2: djkslaf|move: Toxic Spikes\n|-anim|p2a: Dragapult|Dragon Darts|p1a: Glimmora\n|-damage|p1a: Glimmora|0 fnt\n|faint|p1a: Glimmora\n|-damage|p2a: Dragapult|50\/100|[from] item: Life Orb\n|\n|upkeep\n|\n|t:|1700196185\n|switch|p1a: Dragapult|Dragapult, F|12\/100\n|turn|27\n|\n|t:|1700196192\n|move|p1a: Dragapult|Sucker Punch|p2a: Dragapult\n|-supereffective|p2a: Dragapult\n|-damage|p2a: Dragapult|20\/100\n|move|p2a: Dragapult|Sucker Punch||[still]\n|-fail|p2a: Dragapult\n|\n|-sideend|p2: djkslaf|Reflect\n|upkeep\n|turn|28\n|\n|t:|1700196206\n|move|p2a: Dragapult|Sucker Punch|p1a: Dragapult\n|-supereffective|p1a: Dragapult\n|-damage|p1a: Dragapult|0 fnt\n|faint|p1a: Dragapult\n|-damage|p2a: Dragapult|10\/100|[from] item: Life Orb\n|\n|upkeep\n|\n|t:|1700196212\n|switch|p1a: Ribombee|Ribombee, M, shiny|100\/100\n|turn|29\n|\n|t:|1700196219\n|move|p2a: Dragapult|Phantom Force||[still]\n|-prepare|p2a: Dragapult|Phantom Force\n|move|p1a: Ribombee|Switcheroo|p2a: Dragapult|[miss]\n|-miss|p1a: Ribombee|p2a: Dragapult\n|\n|upkeep\n|turn|30\n|-message|ehcne forfeited.\n|\n|win|djkslaf\n|raw|ehcne's rating: 1068 &rarr; <strong>1050<\/strong><br \/>(-18 for losing)\n|raw|djkslaf's rating: 1103 &rarr; <strong>1125<\/strong><br \/>(+22 for winning)\n|l|\u2606ehcne\n","uploadtime":1700196233,"views":7,"p1id":"ehcne","p2id":"djkslaf","formatid":"gen9ou","rating":1050,"private":0,"password":""}