{"id":"gen9ou-1990356006","p1":"jeanjeromele5","p2":"Vir_Vel","format":"[Gen 9] OU","log":"|j|\u2606jeanjeromele5\n|j|\u2606Vir_Vel\n|t:|1699961439\n|gametype|singles\n|player|p1|jeanjeromele5|2|1124\n|player|p2|Vir_Vel|steven|1024\n|teamsize|p1|6\n|teamsize|p2|6\n|gen|9\n|tier|[Gen 9] OU\n|rated|\n|rule|Sleep Clause Mod: Limit one foe put to sleep\n|rule|Species Clause: Limit one of each Pok\u00e9mon\n|rule|OHKO Clause: OHKO moves are banned\n|rule|Evasion Items Clause: Evasion items are banned\n|rule|Evasion Moves Clause: Evasion moves are banned\n|rule|Endless Battle Clause: Forcing endless battles is banned\n|rule|HP Percentage Mod: HP is shown in percentages\n|clearpoke\n|poke|p1|Chandelure, M|\n|poke|p1|Ambipom, M|\n|poke|p1|Mandibuzz, F|\n|poke|p1|Munkidori, M|\n|poke|p1|Torterra, F|\n|poke|p1|Snorlax, F|\n|poke|p2|Cresselia, F|\n|poke|p2|Corviknight, F|\n|poke|p2|Skeledirge, M|\n|poke|p2|Enamorus, F|\n|poke|p2|Great Tusk|\n|poke|p2|Gholdengo|\n|teampreview\n|\n|t:|1699961448\n|start\n|switch|p1a: Munkidori|Munkidori, M|100\/100\n|switch|p2a: Silly goose|Cresselia, F|100\/100\n|turn|1\n|inactive|Battle timer is ON: inactive players will automatically lose when time's up. (requested by jeanjeromele5)\n|\n|t:|1699961481\n|move|p1a: Munkidori|U-turn|p2a: Silly goose\n|-supereffective|p2a: Silly goose\n|-damage|p2a: Silly goose|88\/100\n|\n|t:|1699961487\n|switch|p1a: Mandibuzz|Mandibuzz, F|100\/100|[from] U-turn\n|move|p2a: Silly goose|Substitute|p2a: Silly goose\n|-start|p2a: Silly goose|Substitute\n|-damage|p2a: Silly goose|63\/100\n|\n|-heal|p2a: Silly goose|69\/100|[from] item: Leftovers\n|upkeep\n|turn|2\n|\n|t:|1699961496\n|move|p2a: Silly goose|Moonblast|p1a: Mandibuzz\n|-supereffective|p1a: Mandibuzz\n|-damage|p1a: Mandibuzz|71\/100\n|-unboost|p1a: Mandibuzz|spa|1\n|move|p1a: Mandibuzz|Knock Off|p2a: Silly goose\n|-supereffective|p2a: Silly goose\n|-end|p2a: Silly goose|Substitute\n|\n|-heal|p2a: Silly goose|75\/100|[from] item: Leftovers\n|upkeep\n|turn|3\n|\n|t:|1699961518\n|switch|p2a: Shining metal|Corviknight, F, shiny|100\/100\n|move|p1a: Mandibuzz|Knock Off|p2a: Shining metal\n|-crit|p2a: Shining metal\n|-damage|p2a: Shining metal|78\/100\n|-enditem|p2a: Shining metal|Leftovers|[from] move: Knock Off|[of] p1a: Mandibuzz\n|\n|upkeep\n|turn|4\n|\n|t:|1699961534\n|move|p1a: Mandibuzz|Roost|p1a: Mandibuzz\n|-heal|p1a: Mandibuzz|100\/100\n|-singleturn|p1a: Mandibuzz|move: Roost\n|move|p2a: Shining metal|Body Press|p1a: Mandibuzz\n|-supereffective|p1a: Mandibuzz\n|-damage|p1a: Mandibuzz|72\/100\n|\n|upkeep\n|turn|5\n|\n|t:|1699961550\n|move|p1a: Mandibuzz|U-turn|p2a: Shining metal\n|-resisted|p2a: Shining metal\n|-damage|p2a: Shining metal|77\/100\n|\n|t:|1699961553\n|switch|p1a: Chandelure|Chandelure, M|100\/100|[from] U-turn\n|move|p2a: Shining metal|U-turn|p1a: Chandelure\n|-resisted|p1a: Chandelure\n|-damage|p1a: Chandelure|96\/100\n|\n|t:|1699961568\n|switch|p2a: UGH|Enamorus, F|100\/100|[from] U-turn\n|\n|upkeep\n|turn|6\n|\n|t:|1699961581\n|move|p2a: UGH|Earth Power|p1a: Chandelure\n|-supereffective|p1a: Chandelure\n|-damage|p1a: Chandelure|0 fnt\n|faint|p1a: Chandelure\n|\n|upkeep\n|\n|t:|1699961584\n|switch|p1a: Torterra|Torterra, F|100\/100\n|turn|7\n|\n|t:|1699961597\n|switch|p2a: Rinoes|Great Tusk|100\/100\n|-enditem|p2a: Rinoes|Booster Energy\n|-activate|p2a: Rinoes|ability: Protosynthesis|[fromitem]\n|-start|p2a: Rinoes|protosynthesisatk\n|move|p1a: Torterra|Shell Smash|p1a: Torterra\n|-unboost|p1a: Torterra|def|1\n|-unboost|p1a: Torterra|spd|1\n|-boost|p1a: Torterra|atk|2\n|-boost|p1a: Torterra|spa|2\n|-boost|p1a: Torterra|spe|2\n|\n|upkeep\n|turn|8\n|\n|t:|1699961608\n|-terastallize|p2a: Rinoes|Fairy\n|move|p1a: Torterra|Bullet Seed|p2a: Rinoes\n|-damage|p2a: Rinoes|81\/100\n|-damage|p2a: Rinoes|63\/100\n|-damage|p2a: Rinoes|46\/100\n|-damage|p2a: Rinoes|28\/100\n|-hitcount|p2a: Rinoes|4\n|move|p2a: Rinoes|Ice Spinner|p1a: Torterra\n|-supereffective|p1a: Torterra\n|-damage|p1a: Torterra|0 fnt\n|faint|p1a: Torterra\n|\n|upkeep\n|-message|jeanjeromele5 forfeited.\n|\n|win|Vir_Vel\n|raw|jeanjeromele5's rating: 1124 &rarr; <strong>1092<\/strong><br \/>(-32 for losing)\n|raw|Vir_Vel's rating: 1024 &rarr; <strong>1071<\/strong><br \/>(+47 for winning)\n|l|\u2606jeanjeromele5\n","uploadtime":1699961631,"views":14,"p1id":"jeanjeromele5","p2id":"virvel","formatid":"gen9ou","rating":1071,"private":0,"password":""}