{"id":"gen9ou-1990022096","p1":"Terabugg","p2":"moolacat","format":"[Gen 9] OU","log":"|j|\u2606Terabugg\n|j|\u2606moolacat\n|t:|1699916260\n|gametype|singles\n|player|p1|Terabugg|170|1200\n|player|p2|moolacat|gardenia|1159\n|teamsize|p1|6\n|teamsize|p2|6\n|gen|9\n|tier|[Gen 9] OU\n|rated|\n|rule|Sleep Clause Mod: Limit one foe put to sleep\n|rule|Species Clause: Limit one of each Pok\u00e9mon\n|rule|OHKO Clause: OHKO moves are banned\n|rule|Evasion Items Clause: Evasion items are banned\n|rule|Evasion Moves Clause: Evasion moves are banned\n|rule|Endless Battle Clause: Forcing endless battles is banned\n|rule|HP Percentage Mod: HP is shown in percentages\n|clearpoke\n|poke|p1|Iron Valiant|\n|poke|p1|Great Tusk|\n|poke|p1|Gholdengo|\n|poke|p1|Kommo-o, F|\n|poke|p1|Landorus-Therian, M|\n|poke|p1|Grafaiai, M|\n|poke|p2|Milotic, M|\n|poke|p2|Kilowattrel, M|\n|poke|p2|Kingambit, M|\n|poke|p2|Cinderace, F|\n|poke|p2|Lokix, F|\n|poke|p2|Arboliva, F|\n|teampreview\n|inactive|Battle timer is ON: inactive players will automatically lose when time's up. (requested by Terabugg)\n|\n|t:|1699916270\n|start\n|switch|p1a: Grafaiai|Grafaiai, M, shiny|100\/100\n|switch|p2a: kill|Kilowattrel, M|100\/100\n|turn|1\n|\n|t:|1699916276\n|move|p2a: kill|Volt Switch|p1a: Grafaiai\n|-damage|p1a: Grafaiai|25\/100\n|c|\u2606moolacat|monkey?\n|\n|t:|1699916280\n|switch|p2a: final lorden|Kingambit, M|100\/100|[from] Volt Switch\n|move|p1a: Grafaiai|Swagger|p2a: final lorden|[miss]\n|-miss|p1a: Grafaiai|p2a: final lorden\n|\n|upkeep\n|turn|2\n|c|\u2606Terabugg|Yes\n|c|\u2606moolacat|ok\n|\n|t:|1699916309\n|-end|p2a: final lorden|fallenundefined|[silent]\n|switch|p2a: kill|Kilowattrel, M|100\/100\n|move|p1a: Grafaiai|Swagger|p2a: kill\n|-boost|p2a: kill|atk|2\n|-enditem|p1a: Grafaiai|Mirror Herb\n|-boost|p1a: Grafaiai|atk|2|[from] item: Mirror Herb\n|-start|p2a: kill|confusion\n|\n|upkeep\n|turn|3\n|c|\u2606moolacat|now\n|c|\u2606moolacat|I understand going for it once\n|c|\u2606moolacat|but why twice\n|inactive|moolacat has 120 seconds left.\n|c|\u2606moolacat|cause\n|c|\u2606Terabugg|He\u2019s useless at that hp\n|c|\u2606Terabugg|so why save him for layer\n|\n|t:|1699916353\n|switch|p2a: final lorden|Kingambit, M|100\/100\n|move|p1a: Grafaiai|Knock Off|p2a: final lorden\n|-resisted|p2a: final lorden\n|-damage|p2a: final lorden|79\/100\n|-enditem|p2a: final lorden|Assault Vest|[from] move: Knock Off|[of] p1a: Grafaiai\n|\n|upkeep\n|turn|4\n|c|\u2606moolacat|true\n|c|\u2606moolacat|ah\n|c|\u2606moolacat|you fool\\\n|\n|t:|1699916364\n|move|p2a: final lorden|Sucker Punch||[still]\n|-fail|p2a: final lorden\n|move|p1a: Grafaiai|Swagger|p2a: final lorden\n|-boost|p2a: final lorden|atk|2\n|-start|p2a: final lorden|confusion\n|\n|upkeep\n|turn|5\n|c|\u2606moolacat|now I can pick swords dance\n|inactive|moolacat has 120 seconds left.\n|\n|t:|1699916374\n|-activate|p2a: final lorden|confusion\n|move|p2a: final lorden|Sucker Punch|p1a: Grafaiai\n|-damage|p1a: Grafaiai|0 fnt\n|faint|p1a: Grafaiai\n|\n|upkeep\n|c|\u2606moolacat|*click\n|\n|t:|1699916382\n|switch|p1a: Kommo-o|Kommo-o, F, shiny|100\/100\n|turn|6\n|\n|t:|1699916384\n|move|p1a: Kommo-o|Clangorous Soul|p1a: Kommo-o\n|-boost|p1a: Kommo-o|atk|1\n|-boost|p1a: Kommo-o|def|1\n|-boost|p1a: Kommo-o|spa|1\n|-boost|p1a: Kommo-o|spd|1\n|-boost|p1a: Kommo-o|spe|1\n|-damage|p1a: Kommo-o|68\/100\n|-enditem|p1a: Kommo-o|Throat Spray\n|-boost|p1a: Kommo-o|spa|1|[from] item: Throat Spray\n|-activate|p2a: final lorden|confusion\n|-damage|p2a: final lorden|56\/100|[from] confusion\n|\n|upkeep\n|turn|7\n|c|\u2606moolacat|fk\n|c|\u2606moolacat|I was about zen headbutt\n|\n|t:|1699916404\n|move|p1a: Kommo-o|Vacuum Wave|p2a: final lorden\n|-supereffective|p2a: final lorden\n|-damage|p2a: final lorden|0 fnt\n|faint|p2a: final lorden\n|-end|p2a: final lorden|fallenundefined|[silent]\n|\n|upkeep\n|\n|t:|1699916411\n|switch|p2a: milo|Milotic, M, shiny|100\/100\n|turn|8\n|\n|t:|1699916422\n|move|p1a: Kommo-o|Boomburst|p2a: milo\n|-damage|p2a: milo|39\/100\n|move|p2a: milo|Draining Kiss|p1a: Kommo-o\n|-supereffective|p1a: Kommo-o\n|-damage|p1a: Kommo-o|15\/100\n|-heal|p2a: milo|74\/100|[from] drain|[of] p1a: Kommo-o\n|\n|-status|p2a: milo|brn|[from] item: Flame Orb\n|upkeep\n|turn|9\n|\n|t:|1699916431\n|-terastallize|p1a: Kommo-o|Normal\n|move|p1a: Kommo-o|Boomburst|p2a: milo\n|-damage|p2a: milo|0 fnt\n|faint|p2a: milo\n|\n|upkeep\n|\n|t:|1699916439\n|switch|p2a: kick back|Lokix, F|100\/100\n|turn|10\n|\n|t:|1699916448\n|switch|p1a: Great Tusk|Great Tusk, shiny|100\/100\n|move|p2a: kick back|First Impression|p1a: Great Tusk\n|-resisted|p1a: Great Tusk\n|-damage|p1a: Great Tusk|58\/100\n|-damage|p2a: kick back|91\/100|[from] item: Life Orb\n|\n|upkeep\n|turn|11\n|c|\u2606moolacat|I hate it when the\n|c|\u2606moolacat|dont you hate it when the\n|\n|t:|1699916456\n|switch|p2a: kill|Kilowattrel, M|100\/100\n|move|p1a: Great Tusk|Knock Off|p2a: kill\n|-damage|p2a: kill|1\/100\n|-enditem|p2a: kill|Choice Specs|[from] move: Knock Off|[of] p1a: Great Tusk\n|\n|upkeep\n|turn|12\n|\n|t:|1699916466\n|move|p2a: kill|Hurricane|p1a: Great Tusk\n|-supereffective|p1a: Great Tusk\n|-damage|p1a: Great Tusk|0 fnt\n|faint|p1a: Great Tusk\n|-end|p1a: Great Tusk|Protosynthesis|[silent]\n|\n|upkeep\n|\n|t:|1699916470\n|switch|p1a: Kommo-o|Kommo-o, F, shiny, tera:Normal|15\/100\n|turn|13\n|\n|t:|1699916475\n|switch|p2a: kick back|Lokix, F|91\/100\n|move|p1a: Kommo-o|Vacuum Wave|p2a: kick back\n|-damage|p2a: kick back|55\/100\n|\n|upkeep\n|turn|14\n|\n|t:|1699916480\n|move|p2a: kick back|First Impression|p1a: Kommo-o\n|-damage|p1a: Kommo-o|0 fnt\n|faint|p1a: Kommo-o\n|-damage|p2a: kick back|46\/100|[from] item: Life Orb\n|\n|upkeep\n|\n|t:|1699916483\n|switch|p1a: Iron Valiant|Iron Valiant, shiny|100\/100\n|-enditem|p1a: Iron Valiant|Booster Energy\n|-activate|p1a: Iron Valiant|ability: Quark Drive|[fromitem]\n|-start|p1a: Iron Valiant|quarkdrivespe\n|turn|15\n|\n|t:|1699916486\n|move|p1a: Iron Valiant|Calm Mind|p1a: Iron Valiant\n|-boost|p1a: Iron Valiant|spa|1\n|-boost|p1a: Iron Valiant|spd|1\n|move|p2a: kick back|Axe Kick|p1a: Iron Valiant\n|-resisted|p1a: Iron Valiant\n|-damage|p1a: Iron Valiant|41\/100\n|-start|p1a: Iron Valiant|confusion\n|-damage|p2a: kick back|36\/100|[from] item: Life Orb\n|\n|upkeep\n|turn|16\n|c|\u2606moolacat|4* resist\n|\n|t:|1699916496\n|move|p2a: kick back|Sucker Punch|p1a: Iron Valiant\n|-resisted|p1a: Iron Valiant\n|-damage|p1a: Iron Valiant|15\/100\n|-damage|p2a: kick back|26\/100|[from] item: Life Orb\n|-activate|p1a: Iron Valiant|confusion\n|move|p1a: Iron Valiant|Aura Sphere|p2a: kick back\n|-damage|p2a: kick back|0 fnt\n|faint|p2a: kick back\n|\n|upkeep\n|c|\u2606moolacat|what's that\n|\n|t:|1699916502\n|switch|p2a: ace|Cinderace, F|100\/100\n|turn|17\n|\n|t:|1699916505\n|-activate|p1a: Iron Valiant|confusion\n|move|p1a: Iron Valiant|Aura Sphere|p2a: ace\n|-damage|p2a: ace|20\/100\n|move|p2a: ace|Gunk Shot|p1a: Iron Valiant\n|-start|p2a: ace|typechange|Poison|[from] ability: Libero\n|-supereffective|p1a: Iron Valiant\n|-damage|p1a: Iron Valiant|0 fnt\n|faint|p1a: Iron Valiant\n|-end|p1a: Iron Valiant|Quark Drive|[silent]\n|\n|upkeep\n|\n|t:|1699916512\n|switch|p1a: Landorus|Landorus-Therian, M, shiny|100\/100\n|-ability|p1a: Landorus|Intimidate|boost\n|-unboost|p2a: ace|atk|1\n|turn|18\n|c|\u2606moolacat|sounds kinda cringe\n|\n|t:|1699916519\n|switch|p2a: kill|Kilowattrel, M|1\/100\n|move|p1a: Landorus|Stealth Rock|p2a: kill\n|-sidestart|p2: moolacat|move: Stealth Rock\n|\n|upkeep\n|turn|19\n|\n|t:|1699916527\n|-terastallize|p2a: kill|Ice\n|move|p2a: kill|Tera Blast|p1a: Landorus|[anim] Tera Blast Ice\n|-supereffective|p1a: Landorus\n|-damage|p1a: Landorus|0 fnt\n|faint|p1a: Landorus\n|\n|upkeep\n|\n|t:|1699916530\n|switch|p1a: Gholdengo|Gholdengo, shiny|100\/100\n|turn|20\n|\n|t:|1699916536\n|move|p1a: Gholdengo|Thunderbolt|p2a: kill\n|-heal|p2a: kill|26\/100|[from] ability: Volt Absorb|[of] p1a: Gholdengo\n|move|p2a: kill|Thunder|p1a: Gholdengo\n|-damage|p1a: Gholdengo|43\/100\n|\n|upkeep\n|turn|21\n|c|\u2606Terabugg|Gg\n|c|\u2606moolacat|gg\n|\n|t:|1699916549\n|move|p1a: Gholdengo|Thunderbolt|p2a: kill\n|-heal|p2a: kill|50\/100|[from] ability: Volt Absorb|[of] p1a: Gholdengo\n|move|p2a: kill|Thunder|p1a: Gholdengo\n|-damage|p1a: Gholdengo|0 fnt\n|faint|p1a: Gholdengo\n|\n|win|moolacat\n|raw|Terabugg's rating: 1200 &rarr; <strong>1172<\/strong><br \/>(-28 for losing)\n|raw|moolacat's rating: 1159 &rarr; <strong>1187<\/strong><br \/>(+28 for winning)\n|c|\u2606Terabugg|Forgot about absorb\n|l|\u2606Terabugg\n|c|\u2606moolacat|everyone does\n","uploadtime":1699916552,"views":9,"p1id":"terabugg","p2id":"moolacat","formatid":"gen9ou","rating":1172,"private":0,"password":""}