{"id":"gen9ou-1997336988","p1":"Nightngale","p2":"DrunkHaxorus","format":"[Gen 9] OU","log":"|j|\u2606Nightngale\n|j|\u2606DrunkHaxorus\n|t:|1700791101\n|gametype|singles\n|player|p1|Nightngale|169|1387\n|player|p2|DrunkHaxorus|unknown|1339\n|teamsize|p1|6\n|teamsize|p2|6\n|gen|9\n|tier|[Gen 9] OU\n|rated|\n|rule|Sleep Clause Mod: Limit one foe put to sleep\n|rule|Species Clause: Limit one of each Pok\u00e9mon\n|rule|OHKO Clause: OHKO moves are banned\n|rule|Evasion Items Clause: Evasion items are banned\n|rule|Evasion Moves Clause: Evasion moves are banned\n|rule|Endless Battle Clause: Forcing endless battles is banned\n|rule|HP Percentage Mod: HP is shown in percentages\n|clearpoke\n|poke|p1|Rillaboom, F|\n|poke|p1|Slowking-Galar, M|\n|poke|p1|Walking Wake|\n|poke|p1|Clodsire, F|\n|poke|p1|Ting-Lu|\n|poke|p1|Gholdengo|\n|poke|p2|Ninetales, M|\n|poke|p2|Lilligant-Hisui, F|\n|poke|p2|Sandy Shocks|\n|poke|p2|Charizard, M|\n|poke|p2|Great Tusk|\n|poke|p2|Dragonite, F|\n|teampreview\n|inactive|Battle timer is ON: inactive players will automatically lose when time's up. (requested by Nightngale)\n|inactive|DrunkHaxorus has 120 seconds left.\n|\n|t:|1700791131\n|start\n|switch|p1a: Walking Wake|Walking Wake|100\/100\n|switch|p2a: Great Tusk|Great Tusk|100\/100\n|turn|1\n|inactive|Nightngale has 120 seconds left.\n|inactive|DrunkHaxorus has 120 seconds left.\n|\n|t:|1700791183\n|-end|p2a: Great Tusk|Protosynthesis|[silent]\n|switch|p2a: Dragonite|Dragonite, F|100\/100\n|move|p1a: Walking Wake|Draco Meteor|p2a: Dragonite\n|-supereffective|p2a: Dragonite\n|-damage|p2a: Dragonite|0 fnt\n|-unboost|p1a: Walking Wake|spa|2\n|faint|p2a: Dragonite\n|\n|upkeep\n|inactive|DrunkHaxorus has 90 seconds left.\n|inactive|DrunkHaxorus has 60 seconds left.\n|\n|t:|1700791233\n|switch|p2a: Great Tusk|Great Tusk|100\/100\n|turn|2\n|inactive|DrunkHaxorus has 60 seconds left.\n|\n|t:|1700791248\n|-end|p1a: Walking Wake|Protosynthesis|[silent]\n|switch|p1a: Gholdengo|Gholdengo|100\/100\n|-item|p1a: Gholdengo|Air Balloon\n|move|p2a: Great Tusk|Close Combat|p1a: Gholdengo\n|-immune|p1a: Gholdengo\n|\n|upkeep\n|turn|3\n|\n|t:|1700791255\n|move|p2a: Great Tusk|Knock Off|p1a: Gholdengo\n|-supereffective|p1a: Gholdengo\n|-damage|p1a: Gholdengo|49\/100\n|-enditem|p1a: Gholdengo|Air Balloon\n|move|p1a: Gholdengo|Nasty Plot|p1a: Gholdengo\n|-boost|p1a: Gholdengo|spa|2\n|\n|upkeep\n|turn|4\n|\n|t:|1700791268\n|-end|p2a: Great Tusk|Protosynthesis|[silent]\n|switch|p2a: Ninetales|Ninetales, M|100\/100\n|-weather|SunnyDay|[from] ability: Drought|[of] p2a: Ninetales\n|-terastallize|p1a: Gholdengo|Flying\n|move|p1a: Gholdengo|Shadow Ball|p2a: Ninetales\n|-damage|p2a: Ninetales|31\/100\n|\n|-weather|SunnyDay|[upkeep]\n|upkeep\n|turn|5\n|\n|t:|1700791278\n|switch|p1a: Clodsire|Clodsire, F|100\/100\n|move|p2a: Ninetales|Overheat|p1a: Clodsire\n|-damage|p1a: Clodsire|56\/100\n|-unboost|p2a: Ninetales|spa|2\n|\n|-weather|SunnyDay|[upkeep]\n|upkeep\n|turn|6\n|inactive|Nightngale has 120 seconds left.\n|\n|t:|1700791288\n|switch|p2a: Charizard|Charizard, M|100\/100\n|move|p1a: Clodsire|Toxic|p2a: Charizard\n|-status|p2a: Charizard|tox\n|\n|-weather|SunnyDay|[upkeep]\n|-damage|p2a: Charizard|88\/100 tox|[from] ability: Solar Power|[of] p2a: Charizard\n|-damage|p2a: Charizard|82\/100 tox|[from] psn\n|upkeep\n|turn|7\n|inactive|Nightngale has 120 seconds left.\n|\n|t:|1700791300\n|switch|p1a: Walking Wake|Walking Wake|100\/100\n|-activate|p1a: Walking Wake|ability: Protosynthesis\n|-start|p1a: Walking Wake|protosynthesisspa\n|move|p2a: Charizard|Overheat|p1a: Walking Wake\n|-resisted|p1a: Walking Wake\n|-damage|p1a: Walking Wake|37\/100\n|-unboost|p2a: Charizard|spa|2\n|\n|-weather|SunnyDay|[upkeep]\n|-damage|p2a: Charizard|70\/100 tox|[from] ability: Solar Power|[of] p2a: Charizard\n|-damage|p2a: Charizard|57\/100 tox|[from] psn\n|upkeep\n|turn|8\n|\n|t:|1700791312\n|-terastallize|p2a: Charizard|Fire\n|move|p2a: Charizard|Overheat|p1a: Walking Wake\n|-resisted|p1a: Walking Wake\n|-damage|p1a: Walking Wake|0 fnt\n|-unboost|p2a: Charizard|spa|2\n|faint|p1a: Walking Wake\n|-end|p1a: Walking Wake|Protosynthesis|[silent]\n|\n|-weather|SunnyDay|[upkeep]\n|-damage|p2a: Charizard|45\/100 tox|[from] ability: Solar Power|[of] p2a: Charizard\n|-damage|p2a: Charizard|27\/100 tox|[from] psn\n|upkeep\n|\n|t:|1700791319\n|switch|p1a: Rillaboom|Rillaboom, F|100\/100\n|-fieldstart|move: Grassy Terrain|[from] ability: Grassy Surge|[of] p1a: Rillaboom\n|turn|9\n|\n|t:|1700791326\n|switch|p2a: Lilligant|Lilligant-Hisui, F|100\/100\n|move|p1a: Rillaboom|Grassy Glide|p2a: Lilligant\n|-resisted|p2a: Lilligant\n|-damage|p2a: Lilligant|50\/100\n|\n|-weather|SunnyDay|[upkeep]\n|-heal|p2a: Lilligant|56\/100|[from] Grassy Terrain\n|-heal|p2a: Lilligant|62\/100|[from] item: Leftovers\n|upkeep\n|turn|10\n|\n|t:|1700791336\n|switch|p1a: Slowking|Slowking-Galar, M|100\/100\n|move|p2a: Lilligant|Ice Spinner|p1a: Slowking\n|-damage|p1a: Slowking|77\/100\n|-fieldend|move: Grassy Terrain\n|\n|-weather|SunnyDay|[upkeep]\n|-heal|p2a: Lilligant|68\/100|[from] item: Leftovers\n|upkeep\n|turn|11\n|\n|t:|1700791350\n|switch|p2a: Sandy Shocks|Sandy Shocks|100\/100\n|-activate|p2a: Sandy Shocks|ability: Protosynthesis\n|-start|p2a: Sandy Shocks|protosynthesisspe\n|move|p1a: Slowking|Psychic|p2a: Sandy Shocks\n|-damage|p2a: Sandy Shocks|10\/100\n|\n|-weather|none\n|-end|p2a: Sandy Shocks|Protosynthesis\n|upkeep\n|turn|12\n|inactive|DrunkHaxorus has 60 seconds left.\n|\n|t:|1700791384\n|switch|p1a: Ting-Lu|Ting-Lu|100\/100\n|-ability|p1a: Ting-Lu|Vessel of Ruin\n|move|p2a: Sandy Shocks|Earth Power|p1a: Ting-Lu\n|-damage|p1a: Ting-Lu|79\/100\n|\n|upkeep\n|turn|13\n|inactive|DrunkHaxorus has 60 seconds left.\n|\n|t:|1700791399\n|-end|p2a: Sandy Shocks|Protosynthesis|[silent]\n|switch|p2a: Great Tusk|Great Tusk|100\/100\n|move|p1a: Ting-Lu|Earthquake|p2a: Great Tusk\n|-damage|p2a: Great Tusk|62\/100\n|\n|-heal|p2a: Great Tusk|69\/100|[from] item: Leftovers\n|upkeep\n|turn|14\n|\n|t:|1700791413\n|switch|p1a: Rillaboom|Rillaboom, F|100\/100\n|-fieldstart|move: Grassy Terrain|[from] ability: Grassy Surge|[of] p1a: Rillaboom\n|move|p2a: Great Tusk|Close Combat|p1a: Rillaboom\n|-damage|p1a: Rillaboom|42\/100\n|-unboost|p2a: Great Tusk|def|1\n|-unboost|p2a: Great Tusk|spd|1\n|\n|-heal|p2a: Great Tusk|75\/100|[from] Grassy Terrain\n|-heal|p2a: Great Tusk|81\/100|[from] item: Leftovers\n|-heal|p1a: Rillaboom|48\/100|[from] Grassy Terrain\n|upkeep\n|turn|15\n|\n|t:|1700791423\n|-end|p2a: Great Tusk|Protosynthesis|[silent]\n|switch|p2a: Ninetales|Ninetales, M|31\/100\n|-weather|SunnyDay|[from] ability: Drought|[of] p2a: Ninetales\n|move|p1a: Rillaboom|Grassy Glide|p2a: Ninetales\n|-resisted|p2a: Ninetales\n|-damage|p2a: Ninetales|0 fnt\n|faint|p2a: Ninetales\n|\n|-weather|SunnyDay|[upkeep]\n|-heal|p1a: Rillaboom|54\/100|[from] Grassy Terrain\n|upkeep\n|\n|t:|1700791434\n|switch|p2a: Lilligant|Lilligant-Hisui, F|68\/100\n|turn|16\n|\n|t:|1700791444\n|switch|p1a: Slowking|Slowking-Galar, M|100\/100\n|move|p2a: Lilligant|Ice Spinner|p1a: Slowking\n|-damage|p1a: Slowking|74\/100\n|-fieldend|move: Grassy Terrain\n|\n|-weather|SunnyDay|[upkeep]\n|-heal|p2a: Lilligant|75\/100|[from] item: Leftovers\n|upkeep\n|turn|17\n|inactive|DrunkHaxorus has 60 seconds left.\n|\n|t:|1700791463\n|move|p2a: Lilligant|Ice Spinner|p1a: Slowking\n|-crit|p1a: Slowking\n|-damage|p1a: Slowking|35\/100\n|move|p1a: Slowking|Psychic|p2a: Lilligant\n|-supereffective|p2a: Lilligant\n|-damage|p2a: Lilligant|0 fnt\n|faint|p2a: Lilligant\n|\n|-weather|SunnyDay|[upkeep]\n|upkeep\n|\n|t:|1700791471\n|switch|p2a: Sandy Shocks|Sandy Shocks|10\/100\n|-activate|p2a: Sandy Shocks|ability: Protosynthesis\n|-start|p2a: Sandy Shocks|protosynthesisspe\n|turn|18\n|\n|t:|1700791482\n|switch|p1a: Ting-Lu|Ting-Lu|79\/100\n|-ability|p1a: Ting-Lu|Vessel of Ruin\n|move|p2a: Sandy Shocks|Earth Power|p1a: Ting-Lu\n|-damage|p1a: Ting-Lu|60\/100\n|\n|-weather|SunnyDay|[upkeep]\n|upkeep\n|turn|19\n|\n|t:|1700791491\n|move|p2a: Sandy Shocks|Stealth Rock|p1a: Ting-Lu\n|-sidestart|p1: Nightngale|move: Stealth Rock\n|move|p1a: Ting-Lu|Earthquake|p2a: Sandy Shocks\n|-supereffective|p2a: Sandy Shocks\n|-damage|p2a: Sandy Shocks|0 fnt\n|faint|p2a: Sandy Shocks\n|-end|p2a: Sandy Shocks|Protosynthesis|[silent]\n|\n|-weather|SunnyDay|[upkeep]\n|upkeep\n|\n|t:|1700791496\n|switch|p2a: Great Tusk|Great Tusk|81\/100\n|-activate|p2a: Great Tusk|ability: Protosynthesis\n|-start|p2a: Great Tusk|protosynthesisatk\n|turn|20\n|inactive|DrunkHaxorus has 60 seconds left.\n|\n|t:|1700791504\n|switch|p1a: Clodsire|Clodsire, F|56\/100\n|-damage|p1a: Clodsire|50\/100|[from] Stealth Rock\n|move|p2a: Great Tusk|Rapid Spin|p1a: Clodsire\n|-damage|p1a: Clodsire|35\/100\n|-boost|p2a: Great Tusk|spe|1\n|-damage|p2a: Great Tusk|65\/100|[from] item: Rocky Helmet|[of] p1a: Clodsire\n|\n|-weather|SunnyDay|[upkeep]\n|-heal|p2a: Great Tusk|71\/100|[from] item: Leftovers\n|upkeep\n|turn|21\n|\n|t:|1700791514\n|switch|p1a: Rillaboom|Rillaboom, F|54\/100\n|-damage|p1a: Rillaboom|42\/100|[from] Stealth Rock\n|-fieldstart|move: Grassy Terrain|[from] ability: Grassy Surge|[of] p1a: Rillaboom\n|move|p2a: Great Tusk|Earthquake|p1a: Rillaboom\n|-resisted|p1a: Rillaboom\n|-damage|p1a: Rillaboom|23\/100\n|\n|-weather|SunnyDay|[upkeep]\n|-heal|p2a: Great Tusk|77\/100|[from] Grassy Terrain\n|-heal|p2a: Great Tusk|83\/100|[from] item: Leftovers\n|-heal|p1a: Rillaboom|29\/100|[from] Grassy Terrain\n|upkeep\n|turn|22\n|\n|t:|1700791523\n|move|p1a: Rillaboom|Grassy Glide|p2a: Great Tusk\n|-supereffective|p2a: Great Tusk\n|-damage|p2a: Great Tusk|0 fnt\n|faint|p2a: Great Tusk\n|-end|p2a: Great Tusk|Protosynthesis|[silent]\n|\n|-weather|none\n|-heal|p1a: Rillaboom|35\/100|[from] Grassy Terrain\n|upkeep\n|-message|DrunkHaxorus forfeited.\n|\n|win|Nightngale\n|raw|Nightngale's rating: 1387 &rarr; <strong>1404<\/strong><br \/>(+17 for winning)\n|raw|DrunkHaxorus's rating: 1339 &rarr; <strong>1322<\/strong><br \/>(-17 for losing)\n|l|\u2606DrunkHaxorus\n","uploadtime":1700791532,"views":4,"p1id":"nightngale","p2id":"drunkhaxorus","formatid":"gen9ou","rating":1322,"private":0,"password":""}