{"id":"gen9ou-2000443103","p1":"Friede275","p2":"AdrXYZZ","format":"[Gen 9] OU","log":"|j|\u2606Friede275\n|j|\u2606AdrXYZZ\n|t:|1701195236\n|gametype|singles\n|player|p1|Friede275|drayden|1078\n|player|p2|AdrXYZZ|169|1033\n|teamsize|p1|6\n|teamsize|p2|6\n|gen|9\n|tier|[Gen 9] OU\n|rated|\n|rule|Sleep Clause Mod: Limit one foe put to sleep\n|rule|Species Clause: Limit one of each Pok\u00e9mon\n|rule|OHKO Clause: OHKO moves are banned\n|rule|Evasion Items Clause: Evasion items are banned\n|rule|Evasion Moves Clause: Evasion moves are banned\n|rule|Endless Battle Clause: Forcing endless battles is banned\n|rule|HP Percentage Mod: HP is shown in percentages\n|clearpoke\n|poke|p1|Dipplin, F|\n|poke|p1|Heatran, M|\n|poke|p1|Dondozo, M|\n|poke|p1|Landorus-Therian, M|\n|poke|p1|Iron Valiant|\n|poke|p1|Corviknight, F|\n|poke|p2|Great Tusk|\n|poke|p2|Charizard, M|\n|poke|p2|Azumarill, M|\n|poke|p2|Iron Thorns|\n|poke|p2|Calyrex|\n|poke|p2|Varoom, F|\n|teampreview\n|\n|t:|1701195262\n|start\n|switch|p1a: Landorus|Landorus-Therian, M|100\/100\n|switch|p2a: Iron Thorns|Iron Thorns|100\/100\n|-ability|p1a: Landorus|Intimidate|boost\n|-unboost|p2a: Iron Thorns|atk|1\n|turn|1\n|\n|t:|1701195281\n|move|p1a: Landorus|Earthquake|p2a: Iron Thorns\n|-supereffective|p2a: Iron Thorns\n|-damage|p2a: Iron Thorns|0 fnt\n|faint|p2a: Iron Thorns\n|-end|p2a: Iron Thorns|Quark Drive|[silent]\n|\n|upkeep\n|\n|t:|1701195291\n|switch|p2a: Varoom|Varoom, F|100\/100\n|turn|2\n|\n|t:|1701195299\n|move|p1a: Landorus|Earthquake|p2a: Varoom\n|-supereffective|p2a: Varoom\n|-damage|p2a: Varoom|0 fnt\n|faint|p2a: Varoom\n|\n|upkeep\n|c|\u2606Friede275|Are you new in Pok\u00e9mon?\n|\n|t:|1701195322\n|switch|p2a: Calyrex|Calyrex|100\/100\n|-ability|p2a: Calyrex|Unnerve\n|turn|3\n|\n|t:|1701195330\n|move|p1a: Landorus|U-turn|p2a: Calyrex\n|-supereffective|p2a: Calyrex\n|-damage|p2a: Calyrex|0 fnt\n|faint|p2a: Calyrex\n|\n|t:|1701195338\n|switch|p1a: Heatran|Heatran, M|100\/100|[from] U-turn\n|\n|upkeep\n|\n|t:|1701195342\n|switch|p2a: Great Tusk|Great Tusk|100\/100\n|turn|4\n|\n|t:|1701195363\n|switch|p1a: Dondozo|Dondozo, M|100\/100\n|move|p2a: Great Tusk|Close Combat|p1a: Dondozo\n|-damage|p1a: Dondozo|74\/100\n|-unboost|p2a: Great Tusk|def|1\n|-unboost|p2a: Great Tusk|spd|1\n|\n|upkeep\n|turn|5\n|\n|t:|1701195376\n|move|p2a: Great Tusk|Close Combat|p1a: Dondozo\n|-damage|p1a: Dondozo|43\/100\n|-unboost|p2a: Great Tusk|def|1\n|-unboost|p2a: Great Tusk|spd|1\n|move|p1a: Dondozo|Liquidation|p2a: Great Tusk\n|-supereffective|p2a: Great Tusk\n|-damage|p2a: Great Tusk|60\/100\n|\n|upkeep\n|turn|6\n|\n|t:|1701195388\n|move|p2a: Great Tusk|Close Combat|p1a: Dondozo\n|-damage|p1a: Dondozo|15\/100\n|-unboost|p2a: Great Tusk|def|1\n|-unboost|p2a: Great Tusk|spd|1\n|move|p1a: Dondozo|Rest|p1a: Dondozo\n|-status|p1a: Dondozo|slp|[from] move: Rest\n|-heal|p1a: Dondozo|100\/100 slp|[silent]\n|\n|upkeep\n|turn|7\n|\n|t:|1701195399\n|move|p2a: Great Tusk|Close Combat|p1a: Dondozo\n|-damage|p1a: Dondozo|71\/100 slp\n|-unboost|p2a: Great Tusk|def|1\n|-unboost|p2a: Great Tusk|spd|1\n|cant|p1a: Dondozo|slp\n|move|p1a: Dondozo|Sleep Talk|p1a: Dondozo\n|move|p1a: Dondozo|Rest||[from]move: Sleep Talk|[still]\n|-fail|p1a: Dondozo\n|\n|upkeep\n|turn|8\n|\n|t:|1701195411\n|move|p2a: Great Tusk|Close Combat|p1a: Dondozo\n|-damage|p1a: Dondozo|46\/100 slp\n|-unboost|p2a: Great Tusk|def|1\n|-unboost|p2a: Great Tusk|spd|1\n|cant|p1a: Dondozo|slp\n|move|p1a: Dondozo|Sleep Talk|p1a: Dondozo\n|move|p1a: Dondozo|Rest||[from]move: Sleep Talk|[still]\n|-fail|p1a: Dondozo\n|\n|upkeep\n|turn|9\n|\n|t:|1701195425\n|switch|p1a: Landorus|Landorus-Therian, M|100\/100\n|-ability|p1a: Landorus|Intimidate|boost\n|-unboost|p2a: Great Tusk|atk|1\n|move|p2a: Great Tusk|Close Combat|p1a: Landorus\n|-resisted|p1a: Landorus\n|-damage|p1a: Landorus|78\/100\n|-unboost|p2a: Great Tusk|def|1\n|-unboost|p2a: Great Tusk|spd|1\n|\n|-heal|p1a: Landorus|84\/100|[from] item: Leftovers\n|upkeep\n|turn|10\n|\n|t:|1701195439\n|move|p1a: Landorus|Grass Knot|p2a: Great Tusk\n|-supereffective|p2a: Great Tusk\n|-damage|p2a: Great Tusk|0 fnt\n|faint|p2a: Great Tusk\n|-end|p2a: Great Tusk|Protosynthesis|[silent]\n|\n|-heal|p1a: Landorus|90\/100|[from] item: Leftovers\n|upkeep\n|\n|t:|1701195447\n|switch|p2a: Charizard|Charizard, M|100\/100\n|turn|11\n|\n|t:|1701195468\n|switch|p1a: Heatran|Heatran, M|100\/100\n|move|p2a: Charizard|Dragon Claw|p1a: Heatran\n|-resisted|p1a: Heatran\n|-damage|p1a: Heatran|94\/100\n|\n|-heal|p1a: Heatran|99\/100|[from] item: Leftovers\n|upkeep\n|turn|12\n|\n|t:|1701195486\n|-terastallize|p1a: Heatran|Grass\n|move|p2a: Charizard|Flamethrower|p1a: Heatran\n|-start|p1a: Heatran|ability: Flash Fire\n|move|p1a: Heatran|Magma Storm|p2a: Charizard|[miss]\n|-miss|p1a: Heatran|p2a: Charizard\n|\n|-heal|p1a: Heatran|100\/100|[from] item: Leftovers\n|upkeep\n|turn|13\n|\n|t:|1701195499\n|move|p2a: Charizard|Flamethrower|p1a: Heatran\n|-immune|p1a: Heatran|[from] ability: Flash Fire\n|move|p1a: Heatran|Magma Storm|p2a: Charizard\n|-resisted|p2a: Charizard\n|-damage|p2a: Charizard|42\/100\n|-activate|p2a: Charizard|move: Magma Storm|[of] p1a: Heatran\n|\n|-heal|p2a: Charizard|48\/100|[from] item: Leftovers\n|-damage|p2a: Charizard|35\/100|[from] move: Magma Storm|[partiallytrapped]\n|upkeep\n|turn|14\n|\n|t:|1701195511\n|move|p2a: Charizard|Outrage|p1a: Heatran\n|-damage|p1a: Heatran|79\/100\n|move|p1a: Heatran|Earth Power|p2a: Charizard\n|-immune|p2a: Charizard\n|\n|-heal|p2a: Charizard|41\/100|[from] item: Leftovers\n|-heal|p1a: Heatran|85\/100|[from] item: Leftovers\n|-damage|p2a: Charizard|29\/100|[from] move: Magma Storm|[partiallytrapped]\n|upkeep\n|turn|15\n|\n|t:|1701195524\n|move|p2a: Charizard|Outrage|p1a: Heatran|[from]lockedmove\n|-damage|p1a: Heatran|64\/100\n|move|p1a: Heatran|Stealth Rock|p2a: Charizard\n|-sidestart|p2: AdrXYZZ|move: Stealth Rock\n|\n|-heal|p2a: Charizard|35\/100|[from] item: Leftovers\n|-heal|p1a: Heatran|70\/100|[from] item: Leftovers\n|-damage|p2a: Charizard|22\/100|[from] move: Magma Storm|[partiallytrapped]\n|upkeep\n|turn|16\n|\n|t:|1701195536\n|move|p2a: Charizard|Outrage|p1a: Heatran|[from]lockedmove\n|-damage|p1a: Heatran|52\/100\n|-start|p2a: Charizard|confusion|[fatigue]\n|move|p1a: Heatran|Magma Storm|p2a: Charizard\n|-resisted|p2a: Charizard\n|-damage|p2a: Charizard|0 fnt\n|faint|p2a: Charizard\n|\n|-heal|p1a: Heatran|58\/100|[from] item: Leftovers\n|upkeep\n|\n|t:|1701195543\n|switch|p2a: Azumarill|Azumarill, M|100\/100\n|-damage|p2a: Azumarill|88\/100|[from] Stealth Rock\n|turn|17\n|\n|t:|1701195554\n|move|p1a: Heatran|Magma Storm|p2a: Azumarill\n|-resisted|p2a: Azumarill\n|-damage|p2a: Azumarill|66\/100\n|-activate|p2a: Azumarill|move: Magma Storm|[of] p1a: Heatran\n|move|p2a: Azumarill|Surf|p1a: Heatran\n|-resisted|p1a: Heatran\n|-damage|p1a: Heatran|44\/100\n|\n|-heal|p1a: Heatran|50\/100|[from] item: Leftovers\n|-damage|p2a: Azumarill|53\/100|[from] move: Magma Storm|[partiallytrapped]\n|upkeep\n|turn|18\n|\n|t:|1701195567\n|move|p1a: Heatran|Magma Storm|p2a: Azumarill\n|-resisted|p2a: Azumarill\n|-damage|p2a: Azumarill|32\/100\n|move|p2a: Azumarill|Liquidation|p1a: Heatran\n|-resisted|p1a: Heatran\n|-damage|p1a: Heatran|43\/100\n|\n|-heal|p1a: Heatran|49\/100|[from] item: Leftovers\n|-damage|p2a: Azumarill|20\/100|[from] move: Magma Storm|[partiallytrapped]\n|upkeep\n|turn|19\n|\n|t:|1701195590\n|move|p1a: Heatran|Magma Storm|p2a: Azumarill\n|-resisted|p2a: Azumarill\n|-damage|p2a: Azumarill|0 fnt\n|faint|p2a: Azumarill\n|\n|win|Friede275\n|raw|Friede275's rating: 1078 &rarr; <strong>1103<\/strong><br \/>(+25 for winning)\n|raw|AdrXYZZ's rating: 1033 &rarr; <strong>1020<\/strong><br \/>(-13 for losing)\n|l|\u2606AdrXYZZ\n","uploadtime":1701195601,"views":1,"p1id":"friede275","p2id":"adrxyzz","formatid":"gen9ou","rating":1020,"private":0,"password":""}