{"id":"gen9ou-1998242015","p1":"endersOverlord","p2":"ArchRaccoon32","format":"[Gen 9] OU","log":"|j|\u2606endersOverlord\n|j|\u2606ArchRaccoon32\n|t:|1700918577\n|gametype|singles\n|player|p1|endersOverlord|colress|\n|player|p2|ArchRaccoon32|102|\n|teamsize|p1|6\n|teamsize|p2|6\n|gen|9\n|tier|[Gen 9] OU\n|rule|Sleep Clause Mod: Limit one foe put to sleep\n|rule|Species Clause: Limit one of each Pok\u00e9mon\n|rule|OHKO Clause: OHKO moves are banned\n|rule|Evasion Items Clause: Evasion items are banned\n|rule|Evasion Moves Clause: Evasion moves are banned\n|rule|Endless Battle Clause: Forcing endless battles is banned\n|rule|HP Percentage Mod: HP is shown in percentages\n|clearpoke\n|poke|p1|Rotom-Wash|\n|poke|p1|Tinkaton, F|\n|poke|p1|Iron Hands|\n|poke|p1|Hydreigon, F|\n|poke|p1|Iron Moth|\n|poke|p1|Ogerpon, F|\n|poke|p2|Ninetales-Alola, F|\n|poke|p2|Abomasnow, F|\n|poke|p2|Mamoswine, M|\n|poke|p2|Frosmoth, M|\n|poke|p2|Sandslash-Alola, M|\n|poke|p2|Cloyster, F|\n|teampreview\n|\n|t:|1700918590\n|start\n|switch|p1a: Ogerpon|Ogerpon, F|100\/100\n|switch|p2a: Yuki|Ninetales-Alola, F|100\/100\n|-weather|Snow|[from] ability: Snow Warning|[of] p2a: Yuki\n|turn|1\n|\n|t:|1700918600\n|move|p1a: Ogerpon|U-turn|p2a: Yuki\n|-resisted|p2a: Yuki\n|-damage|p2a: Yuki|85\/100\n|\n|t:|1700918605\n|switch|p1a: Ra-Moon|Iron Moth, shiny|100\/100|[from] U-turn\n|move|p2a: Yuki|Aurora Veil|p2a: Yuki\n|-sidestart|p2: ArchRaccoon32|move: Aurora Veil\n|\n|-weather|Snow|[upkeep]\n|upkeep\n|turn|2\n|\n|t:|1700918635\n|switch|p2a: The Throngler|Mamoswine, M|100\/100\n|move|p1a: Ra-Moon|Fiery Dance|p2a: The Throngler\n|-supereffective|p2a: The Throngler\n|-damage|p2a: The Throngler|54\/100\n|-boost|p1a: Ra-Moon|spa|1\n|\n|-weather|Snow|[upkeep]\n|upkeep\n|turn|3\n|\n|t:|1700918646\n|-terastallize|p1a: Ra-Moon|Fire\n|move|p1a: Ra-Moon|Fiery Dance|p2a: The Throngler\n|-supereffective|p2a: The Throngler\n|-damage|p2a: The Throngler|0 fnt\n|-boost|p1a: Ra-Moon|spa|1\n|faint|p2a: The Throngler\n|\n|-weather|Snow|[upkeep]\n|upkeep\n|\n|t:|1700918658\n|switch|p2a: Sonic from Wish|Sandslash-Alola, M, shiny|100\/100\n|turn|4\n|\n|t:|1700918683\n|-end|p1a: Ra-Moon|Quark Drive|[silent]\n|switch|p1a: Harmonia|Hydreigon, F|100\/100\n|move|p2a: Sonic from Wish|Earthquake|p1a: Harmonia\n|-immune|p1a: Harmonia|[from] ability: Levitate\n|\n|-weather|Snow|[upkeep]\n|upkeep\n|turn|5\n|\n|t:|1700918705\n|switch|p1a: Doubletap|Tinkaton, F|100\/100\n|-ability|p1a: Doubletap|Mold Breaker\n|move|p2a: Sonic from Wish|Iron Head|p1a: Doubletap\n|-crit|p1a: Doubletap\n|-damage|p1a: Doubletap|32\/100\n|\n|-weather|none\n|-heal|p1a: Doubletap|38\/100|[from] item: Leftovers\n|upkeep\n|turn|6\n|\n|t:|1700918718\n|move|p2a: Sonic from Wish|Earthquake|p1a: Doubletap\n|-supereffective|p1a: Doubletap\n|-damage|p1a: Doubletap|0 fnt\n|faint|p1a: Doubletap\n|\n|upkeep\n|\n|t:|1700918724\n|switch|p1a: Ra-Moon|Iron Moth, shiny, tera:Fire|100\/100\n|turn|7\n|\n|t:|1700918731\n|move|p1a: Ra-Moon|Fiery Dance|p2a: Sonic from Wish\n|-supereffective|p2a: Sonic from Wish\n|-damage|p2a: Sonic from Wish|0 fnt\n|-boost|p1a: Ra-Moon|spa|1\n|faint|p2a: Sonic from Wish\n|\n|upkeep\n|\n|t:|1700918738\n|switch|p2a: Yuki|Ninetales-Alola, F|85\/100\n|-weather|Snow|[from] ability: Snow Warning|[of] p2a: Yuki\n|turn|8\n|\n|t:|1700918745\n|move|p1a: Ra-Moon|Fiery Dance|p2a: Yuki\n|-supereffective|p2a: Yuki\n|-damage|p2a: Yuki|0 fnt\n|faint|p2a: Yuki\n|\n|-weather|Snow|[upkeep]\n|-sideend|p2: ArchRaccoon32|move: Aurora Veil\n|upkeep\n|\n|t:|1700918762\n|switch|p2a: The Clussy|Cloyster, F, shiny|100\/100\n|turn|9\n|\n|t:|1700918769\n|move|p1a: Ra-Moon|Fiery Dance|p2a: The Clussy\n|-enditem|p2a: The Clussy|Focus Sash\n|-damage|p2a: The Clussy|1\/100\n|move|p2a: The Clussy|Shell Smash|p2a: The Clussy\n|-unboost|p2a: The Clussy|def|1\n|-unboost|p2a: The Clussy|spd|1\n|-boost|p2a: The Clussy|atk|2\n|-boost|p2a: The Clussy|spa|2\n|-boost|p2a: The Clussy|spe|2\n|\n|-weather|Snow|[upkeep]\n|upkeep\n|turn|10\n|\n|t:|1700918781\n|move|p2a: The Clussy|Rock Blast|p1a: Ra-Moon\n|-supereffective|p1a: Ra-Moon\n|-damage|p1a: Ra-Moon|44\/100\n|-supereffective|p1a: Ra-Moon\n|-damage|p1a: Ra-Moon|0 fnt\n|faint|p1a: Ra-Moon\n|-end|p1a: Ra-Moon|Quark Drive|[silent]\n|-hitcount|p1: Ra-Moon|2\n|\n|-weather|Snow|[upkeep]\n|upkeep\n|\n|t:|1700918802\n|switch|p1a: Cal-Gone|Rotom-Wash, shiny|100\/100\n|turn|11\n|\n|t:|1700918815\n|move|p2a: The Clussy|Rock Blast|p1a: Cal-Gone\n|-damage|p1a: Cal-Gone|89\/100\n|-damage|p1a: Cal-Gone|78\/100\n|-damage|p1a: Cal-Gone|65\/100\n|-crit|p1a: Cal-Gone\n|-damage|p1a: Cal-Gone|49\/100\n|-damage|p1a: Cal-Gone|36\/100\n|-hitcount|p1a: Cal-Gone|5\n|move|p1a: Cal-Gone|Discharge|p2a: The Clussy\n|-supereffective|p2a: The Clussy\n|-damage|p2a: The Clussy|0 fnt\n|faint|p2a: The Clussy\n|\n|-weather|Snow|[upkeep]\n|upkeep\n|\n|t:|1700918835\n|switch|p2a: Gojo|Frosmoth, M|100\/100\n|turn|12\n|\n|t:|1700918841\n|move|p2a: Gojo|Quiver Dance|p2a: Gojo\n|-boost|p2a: Gojo|spa|1\n|-boost|p2a: Gojo|spd|1\n|-boost|p2a: Gojo|spe|1\n|move|p1a: Cal-Gone|Electric Terrain|p1a: Cal-Gone\n|-fieldstart|move: Electric Terrain\n|\n|-weather|none\n|upkeep\n|turn|13\n|\n|t:|1700918852\n|move|p2a: Gojo|Ice Beam|p1a: Cal-Gone\n|-resisted|p1a: Cal-Gone\n|-damage|p1a: Cal-Gone|0 fnt\n|faint|p1a: Cal-Gone\n|\n|upkeep\n|\n|t:|1700918861\n|switch|p1a: Mr. Electric|Iron Hands, shiny|100\/100\n|-activate|p1a: Mr. Electric|ability: Quark Drive\n|-start|p1a: Mr. Electric|quarkdrivedef\n|turn|14\n|\n|t:|1700918873\n|move|p2a: Gojo|Ice Beam|p1a: Mr. Electric\n|-damage|p1a: Mr. Electric|42\/100\n|move|p1a: Mr. Electric|Wild Charge|p2a: Gojo\n|-damage|p2a: Gojo|8\/100\n|-damage|p1a: Mr. Electric|30\/100|[from] Recoil\n|\n|-heal|p1a: Mr. Electric|36\/100|[from] item: Leftovers\n|upkeep\n|turn|15\n|\n|t:|1700918896\n|move|p2a: Gojo|Ice Beam|p1a: Mr. Electric\n|-damage|p1a: Mr. Electric|0 fnt\n|faint|p1a: Mr. Electric\n|-end|p1a: Mr. Electric|Quark Drive|[silent]\n|\n|upkeep\n|\n|t:|1700918908\n|switch|p1a: Ogerpon|Ogerpon, F|100\/100\n|turn|16\n|\n|t:|1700918916\n|move|p2a: Gojo|Ice Beam|p1a: Ogerpon\n|-supereffective|p1a: Ogerpon\n|-damage|p1a: Ogerpon|0 fnt\n|faint|p1a: Ogerpon\n|\n|upkeep\n|\n|t:|1700918921\n|switch|p1a: Harmonia|Hydreigon, F|100\/100\n|turn|17\n|\n|t:|1700918928\n|move|p2a: Gojo|Ice Beam|p1a: Harmonia\n|-supereffective|p1a: Harmonia\n|-damage|p1a: Harmonia|0 fnt\n|faint|p1a: Harmonia\n|\n|win|ArchRaccoon32\n","uploadtime":1700918936,"views":7,"p1id":"endersoverlord","p2id":"archraccoon32","formatid":"gen9ou","rating":0,"private":0,"password":""}