{"id":"gen9ou-1988766824","p1":"Thefatguinea","p2":"yurihan","format":"[Gen 9] OU","log":"|j|\u203dThefatguinea\n|j|\u2606yurihan\n|t:|1699760444\n|gametype|singles\n|player|p1|Thefatguinea|linebacker|1208\n|player|p2|yurihan|will|1115\n|teamsize|p1|6\n|teamsize|p2|6\n|gen|9\n|tier|[Gen 9] OU\n|rated|\n|rule|Sleep Clause Mod: Limit one foe put to sleep\n|rule|Species Clause: Limit one of each Pok\u00e9mon\n|rule|OHKO Clause: OHKO moves are banned\n|rule|Evasion Items Clause: Evasion items are banned\n|rule|Evasion Moves Clause: Evasion moves are banned\n|rule|Endless Battle Clause: Forcing endless battles is banned\n|rule|HP Percentage Mod: HP is shown in percentages\n|clearpoke\n|poke|p1|Zapdos-Galar|\n|poke|p1|Ceruledge, M|\n|poke|p1|Manaphy|\n|poke|p1|Lokix, F|\n|poke|p1|Weezing-Galar, F|\n|poke|p1|Clodsire, M|\n|poke|p2|Ogerpon-Wellspring, F|\n|poke|p2|Infernape, M|\n|poke|p2|Ribombee, M|\n|poke|p2|Jirachi|\n|poke|p2|Landorus-Therian, M|\n|poke|p2|Dragapult, F|\n|teampreview\n|\n|t:|1699760457\n|start\n|switch|p1a: Manaphy|Manaphy|100\/100\n|switch|p2a: Landorus|Landorus-Therian, M|100\/100\n|-ability|p2a: Landorus|Intimidate|boost\n|-unboost|p1a: Manaphy|atk|1\n|turn|1\n|inactive|Battle timer is ON: inactive players will automatically lose when time's up. (requested by Thefatguinea)\n|\n|t:|1699760476\n|move|p2a: Landorus|Stealth Rock|p1a: Manaphy\n|-sidestart|p1: Thefatguinea|move: Stealth Rock\n|move|p1a: Manaphy|Tail Glow|p1a: Manaphy\n|-boost|p1a: Manaphy|spa|3\n|\n|upkeep\n|turn|2\n|\n|t:|1699760484\n|move|p2a: Landorus|U-turn|p1a: Manaphy\n|-damage|p1a: Manaphy|75\/100\n|\n|t:|1699760487\n|switch|p2a: Ogerpon|Ogerpon-Wellspring, F|100\/100|[from] U-turn\n|move|p1a: Manaphy|Tail Glow|p1a: Manaphy\n|-boost|p1a: Manaphy|spa|3\n|\n|-heal|p1a: Manaphy|81\/100|[from] item: Leftovers\n|upkeep\n|turn|3\n|\n|t:|1699760497\n|move|p2a: Ogerpon|Leech Seed|p1a: Manaphy\n|-start|p1a: Manaphy|move: Leech Seed\n|move|p1a: Manaphy|Stored Power|p2a: Ogerpon\n|-damage|p2a: Ogerpon|0 fnt\n|faint|p2a: Ogerpon\n|\n|-heal|p1a: Manaphy|87\/100|[from] item: Leftovers\n|upkeep\n|\n|t:|1699760508\n|switch|p2a: Dragapult|Dragapult, F|100\/100\n|turn|4\n|\n|t:|1699760511\n|move|p2a: Dragapult|Thunderbolt|p1a: Manaphy\n|-supereffective|p1a: Manaphy\n|-damage|p1a: Manaphy|10\/100\n|move|p1a: Manaphy|Stored Power|p2a: Dragapult\n|-damage|p2a: Dragapult|0 fnt\n|faint|p2a: Dragapult\n|\n|-heal|p1a: Manaphy|16\/100|[from] item: Leftovers\n|upkeep\n|\n|t:|1699760522\n|switch|p2a: Ribombee|Ribombee, M|100\/100\n|turn|5\n|\n|t:|1699760525\n|move|p2a: Ribombee|Moonblast|p1a: Manaphy\n|-damage|p1a: Manaphy|0 fnt\n|faint|p1a: Manaphy\n|\n|upkeep\n|\n|t:|1699760534\n|switch|p1a: Ceruledge|Ceruledge, M|100\/100\n|turn|6\n|\n|t:|1699760544\n|move|p2a: Ribombee|Stun Spore|p1a: Ceruledge\n|-status|p1a: Ceruledge|par\n|cant|p1a: Ceruledge|par\n|\n|upkeep\n|turn|7\n|\n|t:|1699760549\n|move|p2a: Ribombee|Sticky Web|p1a: Ceruledge\n|-sidestart|p1: Thefatguinea|move: Sticky Web\n|move|p1a: Ceruledge|Bitter Blade|p2a: Ribombee\n|-supereffective|p2a: Ribombee\n|-damage|p2a: Ribombee|0 fnt\n|faint|p2a: Ribombee\n|\n|upkeep\n|\n|t:|1699760565\n|switch|p2a: Landorus|Landorus-Therian, M|100\/100\n|-ability|p2a: Landorus|Intimidate|boost\n|-unboost|p1a: Ceruledge|atk|1\n|turn|8\n|\n|t:|1699760579\n|switch|p1a: Weezing|Weezing-Galar, F|100\/100\n|-damage|p1a: Weezing|88\/100|[from] Stealth Rock\n|move|p2a: Landorus|Stone Edge|p1a: Weezing\n|-damage|p1a: Weezing|59\/100\n|\n|upkeep\n|turn|9\n|\n|t:|1699760586\n|move|p2a: Landorus|U-turn|p1a: Weezing\n|-resisted|p1a: Weezing\n|-damage|p1a: Weezing|54\/100\n|-damage|p2a: Landorus|84\/100|[from] item: Rocky Helmet|[of] p1a: Weezing\n|\n|t:|1699760592\n|switch|p2a: Jirachi|Jirachi|100\/100|[from] U-turn\n|move|p1a: Weezing|Defog|p2a: Jirachi\n|-unboost|p2a: Jirachi|evasion|1\n|-sideend|p1: Thefatguinea|Stealth Rock|[from] move: Defog|[of] p1a: Weezing\n|-sideend|p1: Thefatguinea|Sticky Web|[from] move: Defog|[of] p1a: Weezing\n|\n|upkeep\n|turn|10\n|\n|t:|1699760604\n|switch|p1a: Clodsire|Clodsire, M|100\/100\n|move|p2a: Jirachi|Zen Headbutt|p1a: Clodsire\n|-supereffective|p1a: Clodsire\n|-damage|p1a: Clodsire|14\/100\n|\n|-heal|p1a: Clodsire|20\/100|[from] item: Leftovers\n|upkeep\n|turn|11\n|\n|t:|1699760611\n|move|p2a: Jirachi|Zen Headbutt|p1a: Clodsire\n|-supereffective|p1a: Clodsire\n|-damage|p1a: Clodsire|0 fnt\n|faint|p1a: Clodsire\n|\n|upkeep\n|\n|t:|1699760614\n|switch|p1a: Ceruledge|Ceruledge, M|100\/100 par\n|turn|12\n|\n|t:|1699760621\n|move|p2a: Jirachi|Iron Head|p1a: Ceruledge\n|-resisted|p1a: Ceruledge\n|-crit|p1a: Ceruledge\n|-damage|p1a: Ceruledge|69\/100 par\n|cant|p1a: Ceruledge|flinch\n|\n|upkeep\n|turn|13\n|\n|t:|1699760626\n|move|p2a: Jirachi|Iron Head|p1a: Ceruledge\n|-resisted|p1a: Ceruledge\n|-damage|p1a: Ceruledge|46\/100 par\n|cant|p1a: Ceruledge|par\n|\n|upkeep\n|turn|14\n|\n|t:|1699760631\n|move|p2a: Jirachi|Iron Head|p1a: Ceruledge\n|-resisted|p1a: Ceruledge\n|-damage|p1a: Ceruledge|23\/100 par\n|cant|p1a: Ceruledge|par\n|\n|upkeep\n|turn|15\n|\n|t:|1699760636\n|move|p2a: Jirachi|Iron Head|p1a: Ceruledge\n|-resisted|p1a: Ceruledge\n|-damage|p1a: Ceruledge|2\/100 par\n|cant|p1a: Ceruledge|flinch\n|\n|upkeep\n|turn|16\n|\n|t:|1699760641\n|move|p2a: Jirachi|Iron Head|p1a: Ceruledge\n|-resisted|p1a: Ceruledge\n|-damage|p1a: Ceruledge|0 fnt\n|faint|p1a: Ceruledge\n|\n|upkeep\n|\n|t:|1699760644\n|switch|p1a: Lokix|Lokix, F|100\/100\n|turn|17\n|\n|t:|1699760660\n|switch|p2a: Landorus|Landorus-Therian, M|84\/100\n|-ability|p2a: Landorus|Intimidate|boost\n|-unboost|p1a: Lokix|atk|1\n|move|p1a: Lokix|Swords Dance|p1a: Lokix\n|-boost|p1a: Lokix|atk|2\n|\n|upkeep\n|turn|18\n|\n|t:|1699760678\n|switch|p1a: Zapdos|Zapdos-Galar|100\/100\n|move|p2a: Landorus|Stone Edge|p1a: Zapdos\n|-crit|p1a: Zapdos\n|-damage|p1a: Zapdos|40\/100\n|\n|-heal|p1a: Zapdos|46\/100|[from] item: Leftovers\n|upkeep\n|turn|19\n|\n|t:|1699760690\n|move|p1a: Zapdos|Protect|p1a: Zapdos\n|-singleturn|p1a: Zapdos|Protect\n|move|p2a: Landorus|U-turn|p1a: Zapdos\n|-activate|p1a: Zapdos|move: Protect\n|\n|-heal|p1a: Zapdos|53\/100|[from] item: Leftovers\n|upkeep\n|turn|20\n|\n|t:|1699760699\n|move|p1a: Zapdos|Drill Peck|p2a: Landorus\n|-damage|p2a: Landorus|35\/100\n|-damage|p1a: Zapdos|36\/100|[from] item: Rocky Helmet|[of] p2a: Landorus\n|move|p2a: Landorus|U-turn|p1a: Zapdos\n|-resisted|p1a: Zapdos\n|-damage|p1a: Zapdos|28\/100\n|\n|t:|1699760707\n|switch|p2a: Infernape|Infernape, M, shiny|100\/100|[from] U-turn\n|\n|-heal|p1a: Zapdos|34\/100|[from] item: Leftovers\n|upkeep\n|turn|21\n|\n|t:|1699760718\n|move|p1a: Zapdos|Protect|p1a: Zapdos\n|-singleturn|p1a: Zapdos|Protect\n|move|p2a: Infernape|Fire Punch|p1a: Zapdos\n|-activate|p1a: Zapdos|move: Protect\n|\n|-heal|p1a: Zapdos|41\/100|[from] item: Leftovers\n|upkeep\n|turn|22\n|inactive|Thefatguinea has 120 seconds left.\n|inactive|Thefatguinea has 90 seconds left.\n|inactive|Thefatguinea has 60 seconds left.\n|\n|t:|1699760810\n|switch|p1a: Weezing|Weezing-Galar, F|54\/100\n|move|p2a: Infernape|Fire Punch|p1a: Weezing\n|-damage|p1a: Weezing|5\/100\n|-damage|p2a: Infernape|84\/100|[from] item: Rocky Helmet|[of] p1a: Weezing\n|\n|upkeep\n|turn|23\n|\n|t:|1699760817\n|move|p2a: Infernape|Fire Punch|p1a: Weezing\n|-damage|p1a: Weezing|0 fnt\n|-damage|p2a: Infernape|68\/100|[from] item: Rocky Helmet|[of] p1a: Weezing\n|faint|p1a: Weezing\n|\n|upkeep\n|\n|t:|1699760827\n|switch|p1a: Zapdos|Zapdos-Galar|41\/100\n|turn|24\n|\n|t:|1699760832\n|move|p1a: Zapdos|Protect|p1a: Zapdos\n|-singleturn|p1a: Zapdos|Protect\n|move|p2a: Infernape|Fire Punch|p1a: Zapdos\n|-activate|p1a: Zapdos|move: Protect\n|\n|-heal|p1a: Zapdos|47\/100|[from] item: Leftovers\n|upkeep\n|turn|25\n|\n|t:|1699760842\n|move|p1a: Zapdos|Protect|p1a: Zapdos\n|-singleturn|p1a: Zapdos|Protect\n|move|p2a: Infernape|Fire Punch|p1a: Zapdos\n|-activate|p1a: Zapdos|move: Protect\n|\n|-heal|p1a: Zapdos|53\/100|[from] item: Leftovers\n|upkeep\n|turn|26\n|\n|t:|1699760864\n|move|p2a: Infernape|Fire Punch|p1a: Zapdos\n|-damage|p1a: Zapdos|0 fnt\n|faint|p1a: Zapdos\n|\n|upkeep\n|\n|t:|1699760866\n|switch|p1a: Lokix|Lokix, F|100\/100\n|turn|27\n|\n|t:|1699760875\n|switch|p2a: Jirachi|Jirachi|100\/100\n|move|p1a: Lokix|Sucker Punch||[still]\n|-fail|p1a: Lokix\n|\n|upkeep\n|turn|28\n|\n|t:|1699760880\n|move|p1a: Lokix|Knock Off|p2a: Jirachi\n|-supereffective|p2a: Jirachi\n|-damage|p2a: Jirachi|28\/100\n|-enditem|p2a: Jirachi|Leftovers|[from] move: Knock Off|[of] p1a: Lokix\n|move|p2a: Jirachi|Thunder Wave|p1a: Lokix\n|-status|p1a: Lokix|par\n|\n|upkeep\n|turn|29\n|\n|t:|1699760888\n|move|p2a: Jirachi|Wish|p2a: Jirachi\n|move|p1a: Lokix|Swords Dance|p1a: Lokix\n|-boost|p1a: Lokix|atk|2\n|\n|upkeep\n|turn|30\n|\n|t:|1699760902\n|move|p1a: Lokix|Sucker Punch|p2a: Jirachi\n|-supereffective|p2a: Jirachi\n|-damage|p2a: Jirachi|0 fnt\n|faint|p2a: Jirachi\n|\n|upkeep\n|\n|t:|1699760907\n|switch|p2a: Landorus|Landorus-Therian, M|35\/100\n|-ability|p2a: Landorus|Intimidate|boost\n|-unboost|p1a: Lokix|atk|1\n|turn|31\n|\n|t:|1699760915\n|move|p1a: Lokix|Sucker Punch|p2a: Landorus\n|-damage|p2a: Landorus|0 fnt\n|-damage|p1a: Lokix|84\/100 par|[from] item: Rocky Helmet|[of] p2a: Landorus\n|faint|p2a: Landorus\n|\n|upkeep\n|\n|t:|1699760919\n|switch|p2a: Infernape|Infernape, M, shiny|68\/100\n|turn|32\n|inactive|Thefatguinea has 120 seconds left.\n|inactive|yurihan has 120 seconds left.\n|inactive|Thefatguinea has 90 seconds left.\n|\n|t:|1699760977\n|move|p1a: Lokix|Sucker Punch|p2a: Infernape\n|-resisted|p2a: Infernape\n|-crit|p2a: Infernape\n|-damage|p2a: Infernape|0 fnt\n|faint|p2a: Infernape\n|\n|win|Thefatguinea\n|raw|Thefatguinea's rating: 1208 &rarr; <strong>1226<\/strong><br \/>(+18 for winning)\n|raw|yurihan's rating: 1115 &rarr; <strong>1097<\/strong><br \/>(-18 for losing)\n|l|\u2606yurihan\n","uploadtime":1699760993,"views":8,"p1id":"thefatguinea","p2id":"yurihan","formatid":"gen9ou","rating":1097,"private":0,"password":""}