{"id":"gen9ou-1990221718","p1":"MonadoMaelstrom","p2":"axelitshere","format":"[Gen 9] OU","log":"|j|\u2606MonadoMaelstrom\n|j|\u2606axelitshere\n|t:|1699939631\n|gametype|singles\n|player|p1|MonadoMaelstrom|sonia-professor|1262\n|player|p2|axelitshere|red|1346\n|teamsize|p1|6\n|teamsize|p2|6\n|gen|9\n|tier|[Gen 9] OU\n|rated|\n|rule|Sleep Clause Mod: Limit one foe put to sleep\n|rule|Species Clause: Limit one of each Pok\u00e9mon\n|rule|OHKO Clause: OHKO moves are banned\n|rule|Evasion Items Clause: Evasion items are banned\n|rule|Evasion Moves Clause: Evasion moves are banned\n|rule|Endless Battle Clause: Forcing endless battles is banned\n|rule|HP Percentage Mod: HP is shown in percentages\n|clearpoke\n|poke|p1|Slowking-Galar, M|\n|poke|p1|Great Tusk|\n|poke|p1|Ogerpon-Wellspring, F|\n|poke|p1|Rillaboom, M|\n|poke|p1|Heatran, M|\n|poke|p1|Samurott-Hisui, M|\n|poke|p2|Ribombee, F|\n|poke|p2|Yanmega, F|\n|poke|p2|Ogerpon-Wellspring, F|\n|poke|p2|Kingambit, F|\n|poke|p2|Great Tusk|\n|poke|p2|Gholdengo|\n|teampreview\n|inactive|Battle timer is ON: inactive players will automatically lose when time's up. (requested by MonadoMaelstrom)\n|\n|t:|1699939645\n|start\n|switch|p1a: 15% Accurate|Heatran, M|100\/100\n|switch|p2a: Mr Bombastick|Ribombee, F|100\/100\n|turn|1\n|\n|t:|1699939649\n|move|p2a: Mr Bombastick|Sticky Web|p1a: 15% Accurate\n|-sidestart|p1: MonadoMaelstrom|move: Sticky Web\n|move|p1a: 15% Accurate|Magma Storm|p2a: Mr Bombastick|[miss]\n|-miss|p1a: 15% Accurate|p2a: Mr Bombastick\n|\n|upkeep\n|turn|2\n|\n|t:|1699939652\n|move|p2a: Mr Bombastick|Stun Spore|p1a: 15% Accurate\n|-status|p1a: 15% Accurate|par\n|move|p1a: 15% Accurate|Magma Storm|p2a: Mr Bombastick\n|-supereffective|p2a: Mr Bombastick\n|-enditem|p2a: Mr Bombastick|Focus Sash\n|-damage|p2a: Mr Bombastick|1\/100\n|-activate|p2a: Mr Bombastick|move: Magma Storm|[of] p1a: 15% Accurate\n|\n|-damage|p2a: Mr Bombastick|0 fnt|[from] move: Magma Storm|[partiallytrapped]\n|faint|p2a: Mr Bombastick\n|upkeep\n|\n|t:|1699939659\n|switch|p2a: Great Tusk|Great Tusk|100\/100\n|-enditem|p2a: Great Tusk|Booster Energy\n|-activate|p2a: Great Tusk|ability: Protosynthesis|[fromitem]\n|-start|p2a: Great Tusk|protosynthesisatk\n|turn|3\n|\n|t:|1699939667\n|switch|p1a: Manny|Great Tusk|100\/100\n|move|p2a: Great Tusk|Ice Spinner|p1a: Manny\n|-supereffective|p1a: Manny\n|-damage|p1a: Manny|51\/100\n|\n|upkeep\n|turn|4\n|\n|t:|1699939673\n|-end|p2a: Great Tusk|Protosynthesis|[silent]\n|switch|p2a: Gholdengo|Gholdengo|100\/100\n|-item|p2a: Gholdengo|Air Balloon\n|move|p1a: Manny|Rapid Spin|p2a: Gholdengo\n|-immune|p2a: Gholdengo\n|\n|upkeep\n|turn|5\n|\n|t:|1699939680\n|-end|p1a: Manny|Protosynthesis|[silent]\n|switch|p1a: 15% Accurate|Heatran, M|100\/100 par\n|-activate|p1a: 15% Accurate|move: Sticky Web\n|-unboost|p1a: 15% Accurate|spe|1\n|move|p2a: Gholdengo|Shadow Ball|p1a: 15% Accurate\n|-damage|p1a: 15% Accurate|71\/100 par\n|\n|-heal|p1a: 15% Accurate|77\/100 par|[from] item: Leftovers\n|upkeep\n|turn|6\n|\n|t:|1699939685\n|switch|p2a: Great Tusk|Great Tusk|100\/100\n|move|p1a: 15% Accurate|Magma Storm|p2a: Great Tusk\n|-crit|p2a: Great Tusk\n|-damage|p2a: Great Tusk|0 fnt\n|faint|p2a: Great Tusk\n|-end|p2a: Great Tusk|Protosynthesis|[silent]\n|\n|-heal|p1a: 15% Accurate|83\/100 par|[from] item: Leftovers\n|upkeep\n|\n|t:|1699939694\n|switch|p2a: Dragon-fly|Yanmega, F|100\/100\n|turn|7\n|\n|t:|1699939697\n|move|p2a: Dragon-fly|Bug Buzz|p1a: 15% Accurate\n|-resisted|p1a: 15% Accurate\n|-damage|p1a: 15% Accurate|58\/100 par\n|cant|p1a: 15% Accurate|par\n|\n|-heal|p1a: 15% Accurate|64\/100 par|[from] item: Leftovers\n|upkeep\n|turn|8\n|\n|t:|1699939702\n|move|p2a: Dragon-fly|Bug Buzz|p1a: 15% Accurate\n|-resisted|p1a: 15% Accurate\n|-damage|p1a: 15% Accurate|37\/100 par\n|move|p1a: 15% Accurate|Magma Storm|p2a: Dragon-fly\n|-supereffective|p2a: Dragon-fly\n|-damage|p2a: Dragon-fly|0 fnt\n|faint|p2a: Dragon-fly\n|\n|-heal|p1a: 15% Accurate|43\/100 par|[from] item: Leftovers\n|upkeep\n|\n|t:|1699939704\n|switch|p2a: Ogerpon|Ogerpon-Wellspring, F|100\/100\n|turn|9\n|\n|t:|1699939711\n|switch|p1a: Blueface Baby|Ogerpon-Wellspring, F|100\/100\n|-activate|p1a: Blueface Baby|move: Sticky Web\n|-unboost|p1a: Blueface Baby|spe|1\n|move|p2a: Ogerpon|Knock Off|p1a: Blueface Baby\n|-damage|p1a: Blueface Baby|69\/100\n|\n|upkeep\n|turn|10\n|\n|t:|1699939721\n|move|p2a: Ogerpon|Power Whip|p1a: Blueface Baby\n|-damage|p1a: Blueface Baby|0 fnt\n|faint|p1a: Blueface Baby\n|\n|upkeep\n|\n|t:|1699939731\n|switch|p1a: Harambe|Rillaboom, M|100\/100\n|-activate|p1a: Harambe|move: Sticky Web\n|-unboost|p1a: Harambe|spe|1\n|-fieldstart|move: Grassy Terrain|[from] ability: Grassy Surge|[of] p1a: Harambe\n|turn|11\n|\n|t:|1699939749\n|switch|p2a: Gholdengo|Gholdengo|100\/100\n|-item|p2a: Gholdengo|Air Balloon\n|move|p1a: Harambe|Grassy Glide|p2a: Gholdengo\n|-resisted|p2a: Gholdengo\n|-damage|p2a: Gholdengo|87\/100\n|-enditem|p2a: Gholdengo|Air Balloon\n|\n|-heal|p2a: Gholdengo|93\/100|[from] Grassy Terrain\n|upkeep\n|turn|12\n|\n|t:|1699939770\n|switch|p1a: Lobotomy|Slowking-Galar, M|100\/100\n|move|p2a: Gholdengo|Nasty Plot|p2a: Gholdengo\n|-boost|p2a: Gholdengo|spa|2\n|\n|-heal|p2a: Gholdengo|99\/100|[from] Grassy Terrain\n|upkeep\n|turn|13\n|\n|t:|1699939779\n|move|p2a: Gholdengo|Shadow Ball|p1a: Lobotomy\n|-supereffective|p1a: Lobotomy\n|-damage|p1a: Lobotomy|12\/100\n|move|p1a: Lobotomy|Flamethrower|p2a: Gholdengo\n|-supereffective|p2a: Gholdengo\n|-crit|p2a: Gholdengo\n|-damage|p2a: Gholdengo|22\/100\n|-status|p2a: Gholdengo|brn\n|\n|-heal|p2a: Gholdengo|28\/100 brn|[from] Grassy Terrain\n|-heal|p1a: Lobotomy|18\/100|[from] Grassy Terrain\n|-damage|p2a: Gholdengo|22\/100 brn|[from] brn\n|upkeep\n|turn|14\n|\n|t:|1699939782\n|move|p2a: Gholdengo|Shadow Ball|p1a: Lobotomy\n|-supereffective|p1a: Lobotomy\n|-damage|p1a: Lobotomy|0 fnt\n|faint|p1a: Lobotomy\n|\n|-heal|p2a: Gholdengo|28\/100 brn|[from] Grassy Terrain\n|-damage|p2a: Gholdengo|22\/100 brn|[from] brn\n|upkeep\n|\n|t:|1699939796\n|switch|p1a: Tetanus|Samurott-Hisui, M, shiny|100\/100\n|-activate|p1a: Tetanus|move: Sticky Web\n|-unboost|p1a: Tetanus|spe|1\n|turn|15\n|inactive|axelitshere has 120 seconds left.\n|\n|t:|1699939842\n|move|p1a: Tetanus|Sucker Punch|p2a: Gholdengo\n|-supereffective|p2a: Gholdengo\n|-damage|p2a: Gholdengo|0 fnt\n|faint|p2a: Gholdengo\n|\n|upkeep\n|\n|t:|1699939850\n|switch|p2a: Ogerpon|Ogerpon-Wellspring, F|100\/100\n|turn|16\n|\n|t:|1699939868\n|switch|p1a: Harambe|Rillaboom, M|100\/100\n|-activate|p1a: Harambe|move: Sticky Web\n|-unboost|p1a: Harambe|spe|1\n|move|p2a: Ogerpon|Power Whip|p1a: Harambe\n|-resisted|p1a: Harambe\n|-damage|p1a: Harambe|59\/100\n|\n|-heal|p1a: Harambe|65\/100|[from] Grassy Terrain\n|upkeep\n|turn|17\n|inactive|axelitshere has 90 seconds left.\n|\n|t:|1699939914\n|move|p1a: Harambe|Grassy Glide|p2a: Ogerpon\n|-damage|p2a: Ogerpon|52\/100\n|move|p2a: Ogerpon|Power Whip|p1a: Harambe\n|-resisted|p1a: Harambe\n|-damage|p1a: Harambe|27\/100\n|\n|-heal|p2a: Ogerpon|58\/100|[from] Grassy Terrain\n|-heal|p1a: Harambe|34\/100|[from] Grassy Terrain\n|upkeep\n|turn|18\n|\n|t:|1699939920\n|move|p1a: Harambe|Grassy Glide|p2a: Ogerpon\n|-damage|p2a: Ogerpon|2\/100\n|move|p2a: Ogerpon|Power Whip|p1a: Harambe|[miss]\n|-miss|p2a: Ogerpon|p1a: Harambe\n|\n|-heal|p2a: Ogerpon|8\/100|[from] Grassy Terrain\n|-heal|p1a: Harambe|40\/100|[from] Grassy Terrain\n|-fieldend|move: Grassy Terrain\n|upkeep\n|turn|19\n|\n|t:|1699939932\n|move|p2a: Ogerpon|Ivy Cudgel|p1a: Harambe\n|-resisted|p1a: Harambe\n|-damage|p1a: Harambe|12\/100\n|move|p1a: Harambe|U-turn|p2a: Ogerpon\n|-supereffective|p2a: Ogerpon\n|-damage|p2a: Ogerpon|0 fnt\n|faint|p2a: Ogerpon\n|\n|t:|1699939937\n|switch|p1a: Manny|Great Tusk|51\/100|[from] U-turn\n|\n|upkeep\n|inactive|axelitshere has 60 seconds left.\n|\n|t:|1699939970\n|switch|p2a: I'm Vengeance|Kingambit, F|100\/100\n|-activate|p2a: I'm Vengeance|ability: Supreme Overlord\n|-start|p2a: I'm Vengeance|fallen5|[silent]\n|turn|20\n|inactive|axelitshere has 60 seconds left.\n|\n|t:|1699939986\n|-terastallize|p2a: I'm Vengeance|Fire\n|move|p2a: I'm Vengeance|Sucker Punch|p1a: Manny\n|-resisted|p1a: Manny\n|-damage|p1a: Manny|27\/100\n|move|p1a: Manny|Rapid Spin|p2a: I'm Vengeance\n|-damage|p2a: I'm Vengeance|84\/100\n|-boost|p1a: Manny|spe|1\n|-sideend|p1: MonadoMaelstrom|Sticky Web|[from] move: Rapid Spin|[of] p1a: Manny\n|\n|-heal|p2a: I'm Vengeance|90\/100|[from] item: Leftovers\n|upkeep\n|turn|21\n|inactive|axelitshere has 60 seconds left.\n|c|\u2606MonadoMaelstrom|uh\n|c|\u2606MonadoMaelstrom|sure\n|c|\u2606MonadoMaelstrom|interesting tera type\n|\n|t:|1699940011\n|move|p1a: Manny|Earthquake|p2a: I'm Vengeance\n|-supereffective|p2a: I'm Vengeance\n|-damage|p2a: I'm Vengeance|0 fnt\n|faint|p2a: I'm Vengeance\n|-end|p2a: I'm Vengeance|fallen5|[silent]\n|\n|win|MonadoMaelstrom\n|raw|MonadoMaelstrom's rating: 1262 &rarr; <strong>1293<\/strong><br \/>(+31 for winning)\n|raw|axelitshere's rating: 1346 &rarr; <strong>1321<\/strong><br \/>(-25 for losing)\n|l|\u2606axelitshere\n","uploadtime":1699940018,"views":28,"p1id":"monadomaelstrom","p2id":"axelitshere","formatid":"gen9ou","rating":1293,"private":0,"password":""}