{"id":"gen9ou-1993712418","p1":"Trululu1403","p2":"IdkImjustvibing","format":"[Gen 9] OU","log":"|j|\u2606Trululu1403\n|j|\u2606IdkImjustvibing\n|t:|1700348405\n|gametype|singles\n|player|p1|Trululu1403|170|1000\n|player|p2|IdkImjustvibing|bellelba|1059\n|teamsize|p1|6\n|teamsize|p2|6\n|gen|9\n|tier|[Gen 9] OU\n|rated|\n|rule|Sleep Clause Mod: Limit one foe put to sleep\n|rule|Species Clause: Limit one of each Pok\u00e9mon\n|rule|OHKO Clause: OHKO moves are banned\n|rule|Evasion Items Clause: Evasion items are banned\n|rule|Evasion Moves Clause: Evasion moves are banned\n|rule|Endless Battle Clause: Forcing endless battles is banned\n|rule|HP Percentage Mod: HP is shown in percentages\n|clearpoke\n|poke|p1|Dondozo, M|\n|poke|p1|Clodsire, M|\n|poke|p1|Garganacl, M|\n|poke|p1|Hatterene, F|\n|poke|p1|Corviknight, F|\n|poke|p1|Ting-Lu|\n|poke|p2|Ribombee, F|\n|poke|p2|Dragapult, M|\n|poke|p2|Mienshao, M|\n|poke|p2|Meowscarada, M|\n|poke|p2|Cinderace, F|\n|poke|p2|Greninja-*, M|\n|teampreview\n|\n|t:|1700348414\n|start\n|switch|p1a: Garganacl|Garganacl, M|100\/100\n|switch|p2a: Dragapult|Dragapult, M|100\/100\n|turn|1\n|\n|t:|1700348428\n|move|p2a: Dragapult|U-turn|p1a: Garganacl\n|-damage|p1a: Garganacl|81\/100\n|\n|t:|1700348434\n|switch|p2a: Greninja|Greninja, M|100\/100|[from] U-turn\n|move|p1a: Garganacl|Stealth Rock|p2a: Greninja\n|-sidestart|p2: IdkImjustvibing|move: Stealth Rock\n|\n|-heal|p1a: Garganacl|87\/100|[from] item: Leftovers\n|upkeep\n|turn|2\n|\n|t:|1700348443\n|-terastallize|p1a: Garganacl|Fairy\n|move|p2a: Greninja|Grass Knot|p1a: Garganacl\n|-start|p2a: Greninja|typechange|Grass|[from] ability: Protean\n|-damage|p1a: Garganacl|22\/100\n|move|p1a: Garganacl|Salt Cure|p2a: Greninja\n|-damage|p2a: Greninja|79\/100\n|-start|p2a: Greninja|Salt Cure\n|\n|-heal|p1a: Garganacl|28\/100|[from] item: Leftovers\n|-damage|p2a: Greninja|67\/100|[from] Salt Cure\n|upkeep\n|turn|3\n|\n|t:|1700348458\n|move|p1a: Garganacl|Protect|p1a: Garganacl\n|-singleturn|p1a: Garganacl|Protect\n|move|p2a: Greninja|Grass Knot|p1a: Garganacl\n|-activate|p1a: Garganacl|move: Protect\n|\n|-heal|p1a: Garganacl|34\/100|[from] item: Leftovers\n|-damage|p2a: Greninja|55\/100|[from] Salt Cure\n|upkeep\n|turn|4\n|\n|t:|1700348471\n|switch|p1a: Corviknight|Corviknight, F|100\/100\n|-ability|p1a: Corviknight|Pressure\n|move|p2a: Greninja|Grass Knot|p1a: Corviknight\n|-resisted|p1a: Corviknight\n|-damage|p1a: Corviknight|88\/100\n|-damage|p2a: Greninja|38\/100|[from] item: Rocky Helmet|[of] p1a: Corviknight\n|\n|-damage|p2a: Greninja|26\/100|[from] Salt Cure\n|upkeep\n|turn|5\n|\n|t:|1700348481\n|switch|p2a: Cinderace|Cinderace, F|100\/100\n|move|p1a: Corviknight|U-turn|p2a: Cinderace\n|-resisted|p2a: Cinderace\n|-damage|p2a: Cinderace|91\/100\n|\n|t:|1700348490\n|switch|p1a: Dondozo|Dondozo, M|100\/100|[from] U-turn\n|\n|upkeep\n|turn|6\n|\n|t:|1700348495\n|move|p2a: Cinderace|Court Change|p2a: Cinderace\n|-start|p2a: Cinderace|typechange|Normal|[from] ability: Libero\n|-swapsideconditions\n|-activate|p2a: Cinderace|move: Court Change\n|move|p1a: Dondozo|Liquidation|p2a: Cinderace\n|-damage|p2a: Cinderace|49\/100\n|\n|upkeep\n|turn|7\n|\n|t:|1700348511\n|move|p2a: Cinderace|U-turn|p1a: Dondozo\n|-damage|p1a: Dondozo|89\/100\n|\n|t:|1700348514\n|switch|p2a: Ribombee|Ribombee, F|100\/100|[from] U-turn\n|move|p1a: Dondozo|Liquidation|p2a: Ribombee\n|-damage|p2a: Ribombee|38\/100\n|\n|upkeep\n|turn|8\n|\n|t:|1700348522\n|move|p2a: Ribombee|Moonblast|p1a: Dondozo\n|-damage|p1a: Dondozo|49\/100\n|-unboost|p1a: Dondozo|spa|1\n|move|p1a: Dondozo|Liquidation|p2a: Ribombee\n|-damage|p2a: Ribombee|0 fnt\n|faint|p2a: Ribombee\n|\n|upkeep\n|\n|t:|1700348532\n|switch|p2a: Dragapult|Dragapult, M|100\/100\n|turn|9\n|\n|t:|1700348536\n|move|p2a: Dragapult|Dragon Darts|p1a: Dondozo\n|-damage|p1a: Dondozo|33\/100\n|-anim|p2a: Dragapult|Dragon Darts|p1a: Dondozo\n|-damage|p1a: Dondozo|17\/100\n|move|p1a: Dondozo|Rest|p1a: Dondozo\n|-status|p1a: Dondozo|slp|[from] move: Rest\n|-heal|p1a: Dondozo|100\/100 slp|[silent]\n|\n|upkeep\n|turn|10\n|\n|t:|1700348547\n|switch|p2a: Greninja|Greninja, M|26\/100\n|cant|p1a: Dondozo|slp\n|move|p1a: Dondozo|Sleep Talk|p1a: Dondozo\n|move|p1a: Dondozo|Rest||[from]move: Sleep Talk|[still]\n|-fail|p1a: Dondozo\n|\n|upkeep\n|turn|11\n|\n|t:|1700348561\n|switch|p1a: Hatterene|Hatterene, F|100\/100\n|-damage|p1a: Hatterene|88\/100|[from] Stealth Rock\n|move|p2a: Greninja|Grass Knot|p1a: Hatterene\n|-start|p2a: Greninja|typechange|Grass|[from] ability: Protean\n|-damage|p1a: Hatterene|74\/100\n|\n|-heal|p1a: Hatterene|80\/100|[from] item: Leftovers\n|upkeep\n|turn|12\n|\n|t:|1700348578\n|switch|p2a: Cinderace|Cinderace, F|49\/100\n|move|p1a: Hatterene|Calm Mind|p1a: Hatterene\n|-boost|p1a: Hatterene|spa|1\n|-boost|p1a: Hatterene|spd|1\n|\n|-heal|p1a: Hatterene|86\/100|[from] item: Leftovers\n|upkeep\n|turn|13\n|\n|t:|1700348589\n|move|p2a: Cinderace|Pyro Ball|p1a: Hatterene\n|-damage|p1a: Hatterene|29\/100\n|move|p1a: Hatterene|Psyshock|p2a: Cinderace\n|-damage|p2a: Cinderace|0 fnt\n|faint|p2a: Cinderace\n|\n|-heal|p1a: Hatterene|35\/100|[from] item: Leftovers\n|upkeep\n|\n|t:|1700348600\n|switch|p2a: Meowscarada|Meowscarada, M|100\/100\n|turn|14\n|\n|t:|1700348612\n|switch|p1a: Corviknight|Corviknight, F|88\/100\n|-damage|p1a: Corviknight|76\/100|[from] Stealth Rock\n|-ability|p1a: Corviknight|Pressure\n|move|p2a: Meowscarada|Flower Trick|p1a: Corviknight\n|-start|p2a: Meowscarada|typechange|Grass|[from] ability: Protean\n|-resisted|p1a: Corviknight\n|-crit|p1a: Corviknight\n|-damage|p1a: Corviknight|68\/100\n|\n|upkeep\n|turn|15\n|\n|t:|1700348633\n|-terastallize|p2a: Meowscarada|Dark\n|move|p2a: Meowscarada|Knock Off|p1a: Corviknight\n|-damage|p1a: Corviknight|41\/100\n|-damage|p2a: Meowscarada|84\/100|[from] item: Rocky Helmet|[of] p1a: Corviknight\n|-enditem|p1a: Corviknight|Rocky Helmet|[from] move: Knock Off|[of] p2a: Meowscarada\n|move|p1a: Corviknight|Roost|p1a: Corviknight\n|-heal|p1a: Corviknight|91\/100\n|-singleturn|p1a: Corviknight|move: Roost\n|\n|upkeep\n|turn|16\n|\n|t:|1700348644\n|move|p2a: Meowscarada|U-turn|p1a: Corviknight\n|-resisted|p1a: Corviknight\n|-damage|p1a: Corviknight|88\/100\n|\n|t:|1700348651\n|switch|p2a: Dragapult|Dragapult, M|100\/100|[from] U-turn\n|move|p1a: Corviknight|U-turn|p2a: Dragapult\n|-resisted|p2a: Dragapult\n|-damage|p2a: Dragapult|90\/100\n|\n|t:|1700348657\n|switch|p1a: Clodsire|Clodsire, M|100\/100|[from] U-turn\n|-damage|p1a: Clodsire|94\/100|[from] Stealth Rock\n|\n|-heal|p1a: Clodsire|100\/100|[from] item: Leftovers\n|upkeep\n|turn|17\n|\n|t:|1700348671\n|move|p2a: Dragapult|U-turn|p1a: Clodsire\n|-resisted|p1a: Clodsire\n|-damage|p1a: Clodsire|81\/100\n|\n|t:|1700348680\n|switch|p2a: Greninja|Greninja, M|26\/100|[from] U-turn\n|move|p1a: Clodsire|Toxic|p2a: Greninja\n|-status|p2a: Greninja|tox\n|\n|-heal|p1a: Clodsire|87\/100|[from] item: Leftovers\n|-damage|p2a: Greninja|20\/100 tox|[from] psn\n|upkeep\n|turn|18\n|inactive|Battle timer is ON: inactive players will automatically lose when time's up. (requested by IdkImjustvibing)\n|\n|t:|1700348703\n|switch|p1a: Ting-Lu|Ting-Lu|100\/100\n|-damage|p1a: Ting-Lu|94\/100|[from] Stealth Rock\n|-ability|p1a: Ting-Lu|Vessel of Ruin\n|move|p2a: Greninja|Ice Beam|p1a: Ting-Lu\n|-start|p2a: Greninja|typechange|Ice|[from] ability: Protean\n|-supereffective|p1a: Ting-Lu\n|-damage|p1a: Ting-Lu|39\/100\n|\n|-heal|p1a: Ting-Lu|46\/100|[from] item: Leftovers\n|-damage|p2a: Greninja|8\/100 tox|[from] psn\n|upkeep\n|turn|19\n|-message|IdkImjustvibing forfeited.\n|\n|win|Trululu1403\n|raw|Trululu1403's rating: 1000 &rarr; <strong>1047<\/strong><br \/>(+47 for winning)\n|raw|IdkImjustvibing's rating: 1059 &rarr; <strong>1037<\/strong><br \/>(-22 for losing)\n|l|\u2606IdkImjustvibing\n","uploadtime":1700348718,"views":8,"p1id":"trululu1403","p2id":"idkimjustvibing","formatid":"gen9ou","rating":1037,"private":0,"password":""}