{"id":"gen9ou-1991749817","p1":"dap0698","p2":"Xeaa2136","format":"[Gen 9] OU","log":"|j|\u2606dap0698\n|j|\u2606Xeaa2136\n|t:|1700110799\n|gametype|singles\n|player|p1|dap0698|1|1086\n|player|p2|Xeaa2136|101|1034\n|teamsize|p1|6\n|teamsize|p2|6\n|gen|9\n|tier|[Gen 9] OU\n|rated|\n|rule|Sleep Clause Mod: Limit one foe put to sleep\n|rule|Species Clause: Limit one of each Pok\u00e9mon\n|rule|OHKO Clause: OHKO moves are banned\n|rule|Evasion Items Clause: Evasion items are banned\n|rule|Evasion Moves Clause: Evasion moves are banned\n|rule|Endless Battle Clause: Forcing endless battles is banned\n|rule|HP Percentage Mod: HP is shown in percentages\n|clearpoke\n|poke|p1|Slowking-Galar, F|\n|poke|p1|Torkoal, M|\n|poke|p1|Oricorio, F|\n|poke|p1|Lilligant-Hisui, F|\n|poke|p1|Great Tusk|\n|poke|p1|Grimmsnarl, M|\n|poke|p2|Glimmora, F|\n|poke|p2|Sneasler, M|\n|poke|p2|Corviknight, F|\n|poke|p2|Landorus-Therian, M|\n|poke|p2|Jirachi|\n|poke|p2|Volcanion|\n|teampreview\n|inactive|Battle timer is ON: inactive players will automatically lose when time's up. (requested by Xeaa2136)\n|\n|t:|1700110817\n|start\n|switch|p1a: Torkoal|Torkoal, M|100\/100\n|switch|p2a: Jirachi|Jirachi|100\/100\n|-item|p2a: Jirachi|Air Balloon\n|-weather|SunnyDay|[from] ability: Drought|[of] p1a: Torkoal\n|turn|1\n|\n|t:|1700110835\n|switch|p2a: Volcanion|Volcanion|100\/100\n|move|p1a: Torkoal|Stealth Rock|p2a: Volcanion\n|-sidestart|p2: Xeaa2136|move: Stealth Rock\n|\n|-weather|SunnyDay|[upkeep]\n|upkeep\n|turn|2\n|\n|t:|1700110848\n|switch|p1a: Lilligant|Lilligant-Hisui, F|100\/100\n|move|p2a: Volcanion|Will-O-Wisp|p1a: Lilligant\n|-status|p1a: Lilligant|brn\n|\n|-weather|SunnyDay|[upkeep]\n|-damage|p1a: Lilligant|94\/100 brn|[from] brn\n|upkeep\n|turn|3\n|\n|t:|1700110870\n|switch|p1a: Grimmsnarl|Grimmsnarl, M|100\/100\n|switch|p2a: Glimmora|Glimmora, F|100\/100\n|-damage|p2a: Glimmora|88\/100|[from] Stealth Rock\n|\n|-weather|SunnyDay|[upkeep]\n|upkeep\n|turn|4\n|\n|t:|1700110885\n|move|p1a: Grimmsnarl|Thunder Wave|p2a: Glimmora\n|-status|p2a: Glimmora|par\n|move|p2a: Glimmora|Mortal Spin|p1a: Grimmsnarl\n|-supereffective|p1a: Grimmsnarl\n|-damage|p1a: Grimmsnarl|83\/100\n|-status|p1a: Grimmsnarl|psn\n|-sideend|p2: Xeaa2136|Stealth Rock|[from] move: Mortal Spin|[of] p2a: Glimmora\n|\n|-weather|SunnyDay|[upkeep]\n|-damage|p1a: Grimmsnarl|71\/100 psn|[from] psn\n|upkeep\n|turn|5\n|\n|t:|1700110895\n|move|p1a: Grimmsnarl|Light Screen|p1a: Grimmsnarl\n|-sidestart|p1: dap0698|move: Light Screen\n|move|p2a: Glimmora|Dazzling Gleam|p1a: Grimmsnarl\n|-supereffective|p1a: Grimmsnarl\n|-damage|p1a: Grimmsnarl|54\/100 psn\n|\n|-weather|SunnyDay|[upkeep]\n|-damage|p1a: Grimmsnarl|42\/100 psn|[from] psn\n|upkeep\n|turn|6\n|\n|t:|1700110910\n|switch|p2a: Corviknight|Corviknight, F|100\/100\n|move|p1a: Grimmsnarl|Reflect|p1a: Grimmsnarl\n|-sidestart|p1: dap0698|Reflect\n|\n|-weather|SunnyDay|[upkeep]\n|-damage|p1a: Grimmsnarl|29\/100 psn|[from] psn\n|upkeep\n|turn|7\n|\n|t:|1700110919\n|move|p1a: Grimmsnarl|Thunder Wave|p2a: Corviknight\n|-status|p2a: Corviknight|par\n|cant|p2a: Corviknight|par\n|\n|-weather|SunnyDay|[upkeep]\n|-damage|p1a: Grimmsnarl|17\/100 psn|[from] psn\n|upkeep\n|turn|8\n|\n|t:|1700110926\n|move|p1a: Grimmsnarl|Parting Shot|p2a: Corviknight\n|-ability|p2a: Corviknight|Mirror Armor\n|-unboost|p1a: Grimmsnarl|atk|1\n|-ability|p2a: Corviknight|Mirror Armor\n|-unboost|p1a: Grimmsnarl|spa|1\n|\n|t:|1700110943\n|switch|p1a: Oricorio|Oricorio, F, shiny|100\/100|[from] Parting Shot\n|cant|p2a: Corviknight|par\n|\n|-weather|none\n|upkeep\n|turn|9\n|\n|t:|1700110953\n|switch|p2a: Landorus|Landorus-Therian, M|100\/100\n|-ability|p2a: Landorus|Intimidate|boost\n|-unboost|p1a: Oricorio|atk|1\n|move|p1a: Oricorio|Quiver Dance|p1a: Oricorio\n|-boost|p1a: Oricorio|spa|1\n|-boost|p1a: Oricorio|spd|1\n|-boost|p1a: Oricorio|spe|1\n|\n|upkeep\n|turn|10\n|\n|t:|1700110972\n|-terastallize|p1a: Oricorio|Fire\n|move|p2a: Landorus|Rock Slide|p1a: Oricorio|[miss]\n|-miss|p2a: Landorus|p1a: Oricorio\n|move|p1a: Oricorio|Revelation Dance|p2a: Landorus\n|-damage|p2a: Landorus|0 fnt\n|faint|p2a: Landorus\n|\n|upkeep\n|\n|t:|1700110981\n|switch|p2a: Volcanion|Volcanion|100\/100\n|turn|11\n|\n|t:|1700110993\n|move|p1a: Oricorio|Hurricane|p2a: Volcanion\n|-damage|p2a: Volcanion|42\/100\n|-start|p2a: Volcanion|confusion\n|-activate|p2a: Volcanion|confusion\n|move|p2a: Volcanion|Haze|p2a: Volcanion\n|-clearallboost\n|\n|upkeep\n|turn|12\n|\n|t:|1700111005\n|switch|p2a: Corviknight|Corviknight, F|100\/100 par\n|move|p1a: Oricorio|Quiver Dance|p1a: Oricorio\n|-boost|p1a: Oricorio|spa|1\n|-boost|p1a: Oricorio|spd|1\n|-boost|p1a: Oricorio|spe|1\n|\n|-sideend|p1: dap0698|move: Light Screen\n|upkeep\n|turn|13\n|\n|t:|1700111015\n|switch|p2a: Glimmora|Glimmora, F|88\/100 par\n|move|p1a: Oricorio|Revelation Dance|p2a: Glimmora\n|-resisted|p2a: Glimmora\n|-damage|p2a: Glimmora|38\/100 par\n|\n|-sideend|p1: dap0698|Reflect\n|upkeep\n|turn|14\n|\n|t:|1700111033\n|move|p2a: Glimmora|Spiky Shield|p2a: Glimmora\n|-singleturn|p2a: Glimmora|move: Protect\n|move|p1a: Oricorio|Revelation Dance|p2a: Glimmora\n|-activate|p2a: Glimmora|move: Protect\n|\n|upkeep\n|turn|15\n|\n|t:|1700111045\n|switch|p2a: Corviknight|Corviknight, F|100\/100 par\n|move|p1a: Oricorio|Revelation Dance|p2a: Corviknight\n|-supereffective|p2a: Corviknight\n|-damage|p2a: Corviknight|0 fnt\n|faint|p2a: Corviknight\n|\n|upkeep\n|\n|t:|1700111054\n|switch|p2a: Sneasler|Sneasler, M|100\/100\n|turn|16\n|\n|t:|1700111059\n|move|p1a: Oricorio|Hurricane|p2a: Sneasler\n|-supereffective|p2a: Sneasler\n|-damage|p2a: Sneasler|0 fnt\n|faint|p2a: Sneasler\n|\n|upkeep\n|\n|t:|1700111066\n|switch|p2a: Jirachi|Jirachi|100\/100\n|-item|p2a: Jirachi|Air Balloon\n|turn|17\n|\n|t:|1700111072\n|move|p1a: Oricorio|Revelation Dance|p2a: Jirachi\n|-supereffective|p2a: Jirachi\n|-damage|p2a: Jirachi|0 fnt\n|-enditem|p2a: Jirachi|Air Balloon\n|faint|p2a: Jirachi\n|\n|upkeep\n|\n|t:|1700111076\n|switch|p2a: Glimmora|Glimmora, F|38\/100 par\n|turn|18\n|\n|t:|1700111084\n|move|p1a: Oricorio|Revelation Dance|p2a: Glimmora\n|-resisted|p2a: Glimmora\n|-damage|p2a: Glimmora|0 fnt\n|faint|p2a: Glimmora\n|\n|upkeep\n|\n|t:|1700111086\n|switch|p2a: Volcanion|Volcanion|42\/100\n|turn|19\n|\n|t:|1700111093\n|move|p1a: Oricorio|Hurricane|p2a: Volcanion|[miss]\n|-miss|p1a: Oricorio|p2a: Volcanion\n|move|p2a: Volcanion|Steam Eruption|p1a: Oricorio|[miss]\n|-miss|p2a: Volcanion|p1a: Oricorio\n|\n|upkeep\n|turn|20\n|\n|t:|1700111102\n|move|p1a: Oricorio|Hurricane|p2a: Volcanion|[miss]\n|-miss|p1a: Oricorio|p2a: Volcanion\n|move|p2a: Volcanion|Steam Eruption|p1a: Oricorio\n|-supereffective|p1a: Oricorio\n|-damage|p1a: Oricorio|3\/100\n|\n|upkeep\n|turn|21\n|-message|Xeaa2136 forfeited.\n|\n|win|dap0698\n|raw|dap0698's rating: 1086 &rarr; <strong>1109<\/strong><br \/>(+23 for winning)\n|raw|Xeaa2136's rating: 1034 &rarr; <strong>1021<\/strong><br \/>(-13 for losing)\n|l|\u2606Xeaa2136\n","uploadtime":1700111122,"views":12,"p1id":"dap0698","p2id":"xeaa2136","formatid":"gen9ou","rating":1021,"private":0,"password":""}