{"id":"gen9ou-1996811019","p1":"Tiger373slow","p2":"Frkxex","format":"[Gen 9] OU","log":"|j|\u2606Tiger373slow\n|j|\u2606Frkxex\n|t:|1700729143\n|gametype|singles\n|player|p1|Tiger373slow|volkner|1069\n|player|p2|Frkxex|101|1000\n|teamsize|p1|6\n|teamsize|p2|6\n|gen|9\n|tier|[Gen 9] OU\n|rated|\n|rule|Sleep Clause Mod: Limit one foe put to sleep\n|rule|Species Clause: Limit one of each Pok\u00e9mon\n|rule|OHKO Clause: OHKO moves are banned\n|rule|Evasion Items Clause: Evasion items are banned\n|rule|Evasion Moves Clause: Evasion moves are banned\n|rule|Endless Battle Clause: Forcing endless battles is banned\n|rule|HP Percentage Mod: HP is shown in percentages\n|clearpoke\n|poke|p1|Scizor, M|\n|poke|p1|Dudunsparce-*, M|\n|poke|p1|Glimmora, M|\n|poke|p1|Iron Valiant|\n|poke|p1|Skeledirge, M|\n|poke|p1|Dipplin, M|\n|poke|p2|Cinderace, M|\n|poke|p2|Greninja-*, M|\n|poke|p2|Corviknight, F|\n|poke|p2|Chesnaught, F|\n|poke|p2|Garchomp, M|\n|poke|p2|Raichu, F|\n|teampreview\n|\n|t:|1700729155\n|start\n|switch|p1a: Glimmer like rocks|Glimmora, M, shiny|100\/100\n|switch|p2a: Greninja|Greninja, M|100\/100\n|turn|1\n|inactive|Battle timer is ON: inactive players will automatically lose when time's up. (requested by Tiger373slow)\n|\n|t:|1700729170\n|move|p2a: Greninja|Water Shuriken|p1a: Glimmer like rocks\n|-supereffective|p1a: Glimmer like rocks\n|-damage|p1a: Glimmer like rocks|85\/100\n|-supereffective|p1a: Glimmer like rocks\n|-damage|p1a: Glimmer like rocks|69\/100\n|-supereffective|p1a: Glimmer like rocks\n|-damage|p1a: Glimmer like rocks|54\/100\n|-supereffective|p1a: Glimmer like rocks\n|-damage|p1a: Glimmer like rocks|38\/100\n|-supereffective|p1a: Glimmer like rocks\n|-damage|p1a: Glimmer like rocks|24\/100\n|-hitcount|p1a: Glimmer like rocks|5\n|move|p1a: Glimmer like rocks|Stealth Rock|p2a: Greninja\n|-sidestart|p2: Frkxex|move: Stealth Rock\n|\n|upkeep\n|turn|2\n|\n|t:|1700729183\n|move|p1a: Glimmer like rocks|Spiky Shield|p1a: Glimmer like rocks\n|-singleturn|p1a: Glimmer like rocks|move: Protect\n|move|p2a: Greninja|Water Shuriken|p1a: Glimmer like rocks\n|-activate|p1a: Glimmer like rocks|move: Protect\n|\n|upkeep\n|turn|3\n|\n|t:|1700729189\n|move|p2a: Greninja|Water Shuriken|p1a: Glimmer like rocks\n|-supereffective|p1a: Glimmer like rocks\n|-damage|p1a: Glimmer like rocks|9\/100\n|-supereffective|p1a: Glimmer like rocks\n|-damage|p1a: Glimmer like rocks|0 fnt\n|faint|p1a: Glimmer like rocks\n|-ability|p2a: Greninja|Battle Bond|boost\n|-boost|p2a: Greninja|atk|1\n|-boost|p2a: Greninja|spa|1\n|-boost|p2a: Greninja|spe|1\n|-activate|p2a: Greninja|ability: Battle Bond\n|-hitcount|p1: Glimmer like rocks|2\n|\n|upkeep\n|\n|t:|1700729193\n|switch|p1a: Sir Driplin III|Dipplin, M, shiny|100\/100\n|turn|4\n|\n|t:|1700729205\n|move|p2a: Greninja|Water Shuriken|p1a: Sir Driplin III\n|-resisted|p1a: Sir Driplin III\n|-damage|p1a: Sir Driplin III|99\/100\n|-resisted|p1a: Sir Driplin III\n|-damage|p1a: Sir Driplin III|97\/100\n|-hitcount|p1a: Sir Driplin III|2\n|move|p1a: Sir Driplin III|Syrup Bomb|p2a: Greninja\n|-supereffective|p2a: Greninja\n|-damage|p2a: Greninja|22\/100\n|-start|p2a: Greninja|Syrup Bomb\n|\n|-unboost|p2a: Greninja|spe|1\n|upkeep\n|turn|5\n|\n|t:|1700729216\n|move|p2a: Greninja|Rock Slide|p1a: Sir Driplin III|[miss]\n|-miss|p2a: Greninja|p1a: Sir Driplin III\n|move|p1a: Sir Driplin III|Syrup Bomb|p2a: Greninja\n|-supereffective|p2a: Greninja\n|-damage|p2a: Greninja|0 fnt\n|faint|p2a: Greninja\n|\n|upkeep\n|\n|t:|1700729225\n|switch|p2a: Cinderace|Cinderace, M|100\/100\n|-damage|p2a: Cinderace|76\/100|[from] Stealth Rock\n|turn|6\n|\n|t:|1700729236\n|move|p2a: Cinderace|Acrobatics|p1a: Sir Driplin III\n|-start|p2a: Cinderace|typechange|Flying|[from] ability: Libero\n|-supereffective|p1a: Sir Driplin III\n|-damage|p1a: Sir Driplin III|72\/100\n|move|p1a: Sir Driplin III|Syrup Bomb|p2a: Cinderace|[miss]\n|-miss|p1a: Sir Driplin III|p2a: Cinderace\n|\n|upkeep\n|turn|7\n|\n|t:|1700729245\n|move|p2a: Cinderace|Fire Blast|p1a: Sir Driplin III\n|-damage|p1a: Sir Driplin III|59\/100\n|move|p1a: Sir Driplin III|Syrup Bomb|p2a: Cinderace\n|-resisted|p2a: Cinderace\n|-damage|p2a: Cinderace|57\/100\n|-start|p2a: Cinderace|Syrup Bomb\n|\n|-unboost|p2a: Cinderace|spe|1\n|upkeep\n|turn|8\n|\n|t:|1700729255\n|move|p2a: Cinderace|Acrobatics|p1a: Sir Driplin III\n|-supereffective|p1a: Sir Driplin III\n|-damage|p1a: Sir Driplin III|33\/100\n|move|p1a: Sir Driplin III|Dragon Pulse|p2a: Cinderace\n|-damage|p2a: Cinderace|4\/100\n|\n|-unboost|p2a: Cinderace|spe|1\n|upkeep\n|turn|9\n|\n|t:|1700729263\n|move|p2a: Cinderace|Acrobatics|p1a: Sir Driplin III\n|-supereffective|p1a: Sir Driplin III\n|-damage|p1a: Sir Driplin III|9\/100\n|move|p1a: Sir Driplin III|Recover|p1a: Sir Driplin III\n|-heal|p1a: Sir Driplin III|59\/100\n|\n|-unboost|p2a: Cinderace|spe|1\n|upkeep\n|turn|10\n|\n|t:|1700729272\n|move|p1a: Sir Driplin III|Recover|p1a: Sir Driplin III\n|-heal|p1a: Sir Driplin III|100\/100\n|move|p2a: Cinderace|Acrobatics|p1a: Sir Driplin III\n|-supereffective|p1a: Sir Driplin III\n|-damage|p1a: Sir Driplin III|77\/100\n|\n|-end|p2a: Cinderace|Syrup Bomb|[silent]\n|upkeep\n|turn|11\n|\n|t:|1700729279\n|move|p1a: Sir Driplin III|Dragon Pulse|p2a: Cinderace\n|-damage|p2a: Cinderace|0 fnt\n|faint|p2a: Cinderace\n|\n|upkeep\n|\n|t:|1700729284\n|switch|p2a: Corviknight|Corviknight, F|100\/100\n|-damage|p2a: Corviknight|88\/100|[from] Stealth Rock\n|-ability|p2a: Corviknight|Pressure\n|turn|12\n|\n|t:|1700729293\n|move|p2a: Corviknight|Brave Bird|p1a: Sir Driplin III\n|-supereffective|p1a: Sir Driplin III\n|-damage|p1a: Sir Driplin III|28\/100\n|-damage|p2a: Corviknight|72\/100|[from] Recoil\n|move|p1a: Sir Driplin III|Syrup Bomb|p2a: Corviknight\n|-resisted|p2a: Corviknight\n|-damage|p2a: Corviknight|65\/100\n|-start|p2a: Corviknight|Syrup Bomb\n|\n|-unboost|p2a: Corviknight|spe|1\n|upkeep\n|turn|13\n|\n|t:|1700729303\n|move|p2a: Corviknight|Brave Bird|p1a: Sir Driplin III\n|-supereffective|p1a: Sir Driplin III\n|-damage|p1a: Sir Driplin III|0 fnt\n|faint|p1a: Sir Driplin III\n|-damage|p2a: Corviknight|56\/100|[from] Recoil\n|\n|-unboost|p2a: Corviknight|spe|1\n|upkeep\n|\n|t:|1700729311\n|switch|p1a: Cocodrilo del Nilo|Skeledirge, M|100\/100\n|turn|14\n|\n|t:|1700729316\n|switch|p2a: Garchomp|Garchomp, M|100\/100\n|-damage|p2a: Garchomp|94\/100|[from] Stealth Rock\n|move|p1a: Cocodrilo del Nilo|Torch Song|p2a: Garchomp\n|-resisted|p2a: Garchomp\n|-damage|p2a: Garchomp|81\/100\n|-boost|p1a: Cocodrilo del Nilo|spa|1\n|\n|upkeep\n|turn|15\n|\n|t:|1700729329\n|-terastallize|p1a: Cocodrilo del Nilo|Fairy\n|move|p2a: Garchomp|Dragon Pulse|p1a: Cocodrilo del Nilo\n|-immune|p1a: Cocodrilo del Nilo\n|move|p1a: Cocodrilo del Nilo|Will-O-Wisp|p2a: Garchomp\n|-status|p2a: Garchomp|brn\n|\n|-damage|p2a: Garchomp|75\/100 brn|[from] brn\n|upkeep\n|turn|16\n|\n|t:|1700729342\n|switch|p2a: Raichu|Raichu, F|100\/100\n|-damage|p2a: Raichu|88\/100|[from] Stealth Rock\n|move|p1a: Cocodrilo del Nilo|Hex|p2a: Raichu\n|-damage|p2a: Raichu|41\/100\n|\n|upkeep\n|turn|17\n|\n|t:|1700729352\n|move|p2a: Raichu|Thunderbolt|p1a: Cocodrilo del Nilo\n|-damage|p1a: Cocodrilo del Nilo|77\/100\n|move|p1a: Cocodrilo del Nilo|Torch Song|p2a: Raichu\n|-damage|p2a: Raichu|0 fnt\n|-boost|p1a: Cocodrilo del Nilo|spa|1\n|faint|p2a: Raichu\n|\n|-heal|p1a: Cocodrilo del Nilo|83\/100|[from] item: Leftovers\n|upkeep\n|\n|t:|1700729364\n|switch|p2a: Chesnaught|Chesnaught, F|100\/100\n|turn|18\n|\n|t:|1700729370\n|move|p2a: Chesnaught|Earthquake|p1a: Cocodrilo del Nilo\n|-damage|p1a: Cocodrilo del Nilo|61\/100\n|move|p1a: Cocodrilo del Nilo|Torch Song|p2a: Chesnaught\n|-supereffective|p2a: Chesnaught\n|-damage|p2a: Chesnaught|0 fnt\n|-boost|p1a: Cocodrilo del Nilo|spa|1\n|faint|p2a: Chesnaught\n|\n|-heal|p1a: Cocodrilo del Nilo|67\/100|[from] item: Leftovers\n|upkeep\n|\n|t:|1700729386\n|switch|p2a: Garchomp|Garchomp, M|75\/100 brn\n|-damage|p2a: Garchomp|69\/100 brn|[from] Stealth Rock\n|turn|19\n|-activate|p2a: Garchomp|item: Quick Claw\n|\n|t:|1700729395\n|move|p2a: Garchomp|Flamethrower|p1a: Cocodrilo del Nilo\n|-damage|p1a: Cocodrilo del Nilo|52\/100\n|move|p1a: Cocodrilo del Nilo|Hex|p2a: Garchomp\n|-damage|p2a: Garchomp|0 fnt\n|faint|p2a: Garchomp\n|\n|-heal|p1a: Cocodrilo del Nilo|59\/100|[from] item: Leftovers\n|upkeep\n|\n|t:|1700729403\n|switch|p2a: Corviknight|Corviknight, F|56\/100\n|-damage|p2a: Corviknight|43\/100|[from] Stealth Rock\n|-ability|p2a: Corviknight|Pressure\n|turn|20\n|\n|t:|1700729412\n|move|p2a: Corviknight|Agility|p2a: Corviknight\n|-boost|p2a: Corviknight|spe|2\n|move|p1a: Cocodrilo del Nilo|Torch Song|p2a: Corviknight\n|-supereffective|p2a: Corviknight\n|-damage|p2a: Corviknight|0 fnt\n|-boost|p1a: Cocodrilo del Nilo|spa|1\n|faint|p2a: Corviknight\n|\n|win|Tiger373slow\n|raw|Tiger373slow's rating: 1069 &rarr; <strong>1093<\/strong><br \/>(+24 for winning)\n|raw|Frkxex's rating: 1000 &rarr; <strong>1000<\/strong><br \/>(+0 for losing)\n|l|\u2606Frkxex\n","uploadtime":1700729427,"views":3,"p1id":"tiger373slow","p2id":"frkxex","formatid":"gen9ou","rating":1000,"private":0,"password":""}