{"id":"gen9ou-1995034074","p1":"0Phux","p2":"triangledangle","format":"[Gen 9] OU","log":"|j|\u26060Phux\n|j|\u2606triangledangle\n|t:|1700515497\n|gametype|singles\n|player|p1|0Phux|zinnia|1449\n|player|p2|triangledangle|169|1451\n|teamsize|p1|6\n|teamsize|p2|6\n|gen|9\n|tier|[Gen 9] OU\n|rated|\n|rule|Sleep Clause Mod: Limit one foe put to sleep\n|rule|Species Clause: Limit one of each Pok\u00e9mon\n|rule|OHKO Clause: OHKO moves are banned\n|rule|Evasion Items Clause: Evasion items are banned\n|rule|Evasion Moves Clause: Evasion moves are banned\n|rule|Endless Battle Clause: Forcing endless battles is banned\n|rule|HP Percentage Mod: HP is shown in percentages\n|clearpoke\n|poke|p1|Greninja-*, M|\n|poke|p1|Ninetales-Alola, F|\n|poke|p1|Iron Valiant|\n|poke|p1|Garchomp, M|\n|poke|p1|Gholdengo|\n|poke|p1|Great Tusk|\n|poke|p2|Skeledirge, F|\n|poke|p2|Dragapult, F|\n|poke|p2|Ting-Lu|\n|poke|p2|Kingambit, M|\n|poke|p2|Corviknight, F|\n|poke|p2|Amoonguss, M|\n|teampreview\n|inactive|Battle timer is ON: inactive players will automatically lose when time's up. (requested by triangledangle)\n|c|\u2606triangledangle|glhf\n|c|\u26060Phux|hf\n|inactive|0Phux has 120 seconds left.\n|inactive|triangledangle has 120 seconds left.\n|\n|t:|1700515547\n|start\n|switch|p1a: Ninetales|Ninetales-Alola, F|100\/100\n|switch|p2a: the urge|Skeledirge, F|100\/100\n|-weather|Snow|[from] ability: Snow Warning|[of] p1a: Ninetales\n|turn|1\n|\n|t:|1700515554\n|move|p1a: Ninetales|Aurora Veil|p1a: Ninetales\n|-sidestart|p1: 0Phux|move: Aurora Veil\n|move|p2a: the urge|Torch Song|p1a: Ninetales\n|-supereffective|p1a: Ninetales\n|-damage|p1a: Ninetales|73\/100\n|-boost|p2a: the urge|spa|1\n|\n|-weather|Snow|[upkeep]\n|upkeep\n|turn|2\n|\n|t:|1700515563\n|switch|p1a: Garchomp|Garchomp, M|100\/100\n|move|p2a: the urge|Torch Song|p1a: Garchomp\n|-resisted|p1a: Garchomp\n|-damage|p1a: Garchomp|91\/100\n|-boost|p2a: the urge|spa|1\n|\n|-weather|Snow|[upkeep]\n|upkeep\n|turn|3\n|\n|t:|1700515570\n|switch|p2a: Corviknight|Corviknight, F|100\/100\n|-ability|p2a: Corviknight|Pressure\n|move|p1a: Garchomp|Stealth Rock|p2a: Corviknight\n|-sidestart|p2: triangledangle|move: Stealth Rock\n|\n|-weather|Snow|[upkeep]\n|upkeep\n|turn|4\n|\n|t:|1700515578\n|switch|p1a: Gholdengo|Gholdengo|100\/100\n|move|p2a: Corviknight|Defog|p1a: Gholdengo\n|-immune|p1a: Gholdengo|[from] ability: Good as Gold\n|\n|-weather|Snow|[upkeep]\n|upkeep\n|turn|5\n|\n|t:|1700515582\n|move|p1a: Gholdengo|Trick|p2a: Corviknight\n|-activate|p1a: Gholdengo|move: Trick|[of] p2a: Corviknight\n|-item|p2a: Corviknight|Choice Scarf|[from] move: Trick\n|-item|p1a: Gholdengo|Leftovers|[from] move: Trick\n|move|p2a: Corviknight|U-turn|p1a: Gholdengo\n|-resisted|p1a: Gholdengo\n|-damage|p1a: Gholdengo|99\/100\n|\n|t:|1700515591\n|switch|p2a: Ting-Lu|Ting-Lu|100\/100|[from] U-turn\n|-damage|p2a: Ting-Lu|94\/100|[from] Stealth Rock\n|-ability|p2a: Ting-Lu|Vessel of Ruin\n|\n|-weather|none\n|-heal|p1a: Gholdengo|100\/100|[from] item: Leftovers\n|-heal|p2a: Ting-Lu|100\/100|[from] item: Leftovers\n|upkeep\n|turn|6\n|\n|t:|1700515605\n|move|p1a: Gholdengo|Nasty Plot|p1a: Gholdengo\n|-boost|p1a: Gholdengo|spa|2\n|move|p2a: Ting-Lu|Spikes|p1a: Gholdengo\n|-sidestart|p1: 0Phux|Spikes\n|\n|upkeep\n|turn|7\n|\n|t:|1700515616\n|move|p1a: Gholdengo|Make It Rain|p2a: Ting-Lu\n|-damage|p2a: Ting-Lu|46\/100\n|-unboost|p1a: Gholdengo|spa|1\n|move|p2a: Ting-Lu|Earthquake|p1a: Gholdengo\n|-supereffective|p1a: Gholdengo\n|-damage|p1a: Gholdengo|60\/100\n|\n|-heal|p1a: Gholdengo|66\/100|[from] item: Leftovers\n|-heal|p2a: Ting-Lu|52\/100|[from] item: Leftovers\n|upkeep\n|turn|8\n|\n|t:|1700515627\n|move|p1a: Gholdengo|Nasty Plot|p1a: Gholdengo\n|-boost|p1a: Gholdengo|spa|2\n|move|p2a: Ting-Lu|Earthquake|p1a: Gholdengo\n|-supereffective|p1a: Gholdengo\n|-damage|p1a: Gholdengo|25\/100\n|\n|-heal|p1a: Gholdengo|31\/100|[from] item: Leftovers\n|-heal|p2a: Ting-Lu|58\/100|[from] item: Leftovers\n|-sideend|p1: 0Phux|move: Aurora Veil\n|upkeep\n|turn|9\n|\n|t:|1700515640\n|-terastallize|p2a: Ting-Lu|Steel\n|move|p1a: Gholdengo|Make It Rain|p2a: Ting-Lu\n|-resisted|p2a: Ting-Lu\n|-damage|p2a: Ting-Lu|24\/100\n|-unboost|p1a: Gholdengo|spa|1\n|move|p2a: Ting-Lu|Earthquake|p1a: Gholdengo\n|-supereffective|p1a: Gholdengo\n|-damage|p1a: Gholdengo|0 fnt\n|faint|p1a: Gholdengo\n|\n|-heal|p2a: Ting-Lu|30\/100|[from] item: Leftovers\n|upkeep\n|\n|t:|1700515652\n|switch|p1a: Ninetales|Ninetales-Alola, F|73\/100\n|-damage|p1a: Ninetales|60\/100|[from] Spikes\n|-weather|Snow|[from] ability: Snow Warning|[of] p1a: Ninetales\n|turn|10\n|\n|t:|1700515660\n|switch|p2a: Corviknight|Corviknight, F|100\/100\n|-damage|p2a: Corviknight|88\/100|[from] Stealth Rock\n|-ability|p2a: Corviknight|Pressure\n|move|p1a: Ninetales|Aurora Veil|p1a: Ninetales\n|-sidestart|p1: 0Phux|move: Aurora Veil\n|\n|-weather|Snow|[upkeep]\n|upkeep\n|turn|11\n|\n|t:|1700515683\n|move|p1a: Ninetales|Freeze-Dry|p2a: Corviknight\n|-damage|p2a: Corviknight|68\/100\n|move|p2a: Corviknight|Defog|p1a: Ninetales\n|-unboost|p1a: Ninetales|evasion|1\n|-sideend|p1: 0Phux|move: Aurora Veil\n|-sideend|p1: 0Phux|Spikes|[from] move: Defog|[of] p2a: Corviknight\n|-sideend|p2: triangledangle|Stealth Rock|[from] move: Defog|[of] p2a: Corviknight\n|\n|-weather|Snow|[upkeep]\n|upkeep\n|turn|12\n|\n|t:|1700515695\n|switch|p2a: the urge|Skeledirge, F|100\/100\n|move|p1a: Ninetales|Aurora Veil|p1a: Ninetales\n|-sidestart|p1: 0Phux|move: Aurora Veil\n|\n|-weather|Snow|[upkeep]\n|upkeep\n|turn|13\n|\n|t:|1700515705\n|switch|p1a: Greninja|Greninja, M|100\/100\n|switch|p2a: Corviknight|Corviknight, F|68\/100\n|-ability|p2a: Corviknight|Pressure\n|\n|-weather|Snow|[upkeep]\n|upkeep\n|turn|14\n|\n|t:|1700515716\n|move|p1a: Greninja|Blizzard|p2a: Corviknight\n|-damage|p2a: Corviknight|24\/100\n|-damage|p1a: Greninja|91\/100|[from] item: Life Orb\n|move|p2a: Corviknight|U-turn|p1a: Greninja\n|-supereffective|p1a: Greninja\n|-damage|p1a: Greninja|64\/100\n|\n|t:|1700515724\n|switch|p2a: Dragapult|Dragapult, F|100\/100|[from] U-turn\n|\n|-weather|none\n|upkeep\n|turn|15\n|inactive|0Phux has 120 seconds left.\n|\n|t:|1700515759\n|switch|p1a: Garchomp|Garchomp, M|91\/100\n|move|p2a: Dragapult|Thunderbolt|p1a: Garchomp\n|-immune|p1a: Garchomp\n|\n|upkeep\n|turn|16\n|inactive|0Phux has 120 seconds left.\n|\n|t:|1700515770\n|switch|p2a: Corviknight|Corviknight, F|24\/100\n|-ability|p2a: Corviknight|Pressure\n|move|p1a: Garchomp|Spikes|p2a: Corviknight\n|-sidestart|p2: triangledangle|Spikes\n|\n|upkeep\n|turn|17\n|inactive|0Phux has 120 seconds left.\n|\n|t:|1700515784\n|move|p2a: Corviknight|Defog|p1a: Garchomp\n|-unboost|p1a: Garchomp|evasion|1\n|-sideend|p1: 0Phux|move: Aurora Veil\n|-sideend|p2: triangledangle|Spikes|[from] move: Defog|[of] p2a: Corviknight\n|move|p1a: Garchomp|Dragon Tail|p2a: Corviknight\n|-resisted|p2a: Corviknight\n|-damage|p2a: Corviknight|16\/100\n|drag|p2a: Kingambit|Kingambit, M|100\/100\n|\n|upkeep\n|turn|18\n|\n|t:|1700515798\n|-end|p2a: Kingambit|fallenundefined|[silent]\n|switch|p2a: Corviknight|Corviknight, F|16\/100\n|-ability|p2a: Corviknight|Pressure\n|move|p1a: Garchomp|Earthquake|p2a: Corviknight\n|-immune|p2a: Corviknight\n|\n|upkeep\n|turn|19\n|\n|t:|1700515808\n|move|p1a: Garchomp|Spikes|p2a: Corviknight\n|-sidestart|p2: triangledangle|Spikes\n|move|p2a: Corviknight|Roost|p2a: Corviknight\n|-heal|p2a: Corviknight|66\/100\n|-singleturn|p2a: Corviknight|move: Roost\n|\n|upkeep\n|turn|20\n|\n|t:|1700515823\n|move|p2a: Corviknight|Roost|p2a: Corviknight\n|-heal|p2a: Corviknight|100\/100\n|-singleturn|p2a: Corviknight|move: Roost\n|move|p1a: Garchomp|Dragon Tail|p2a: Corviknight|[miss]\n|-miss|p1a: Garchomp|p2a: Corviknight\n|\n|upkeep\n|turn|21\n|\n|t:|1700515832\n|switch|p2a: Amoonguss|Amoonguss, M|100\/100\n|-damage|p2a: Amoonguss|88\/100|[from] Spikes\n|move|p1a: Garchomp|Spikes|p2a: Amoonguss\n|-sidestart|p2: triangledangle|Spikes\n|\n|upkeep\n|turn|22\n|\n|t:|1700515841\n|move|p1a: Garchomp|Stealth Rock|p2a: Amoonguss\n|-sidestart|p2: triangledangle|move: Stealth Rock\n|move|p2a: Amoonguss|Spore|p1a: Garchomp\n|-status|p1a: Garchomp|slp|[from] move: Spore\n|\n|upkeep\n|turn|23\n|\n|t:|1700515855\n|switch|p1a: Ninetales|Ninetales-Alola, F|60\/100\n|-weather|Snow|[from] ability: Snow Warning|[of] p1a: Ninetales\n|switch|p2a: Corviknight|Corviknight, F|100\/100\n|-damage|p2a: Corviknight|88\/100|[from] Stealth Rock\n|-ability|p2a: Corviknight|Pressure\n|\n|-weather|Snow|[upkeep]\n|upkeep\n|turn|24\n|\n|t:|1700515871\n|move|p1a: Ninetales|Freeze-Dry|p2a: Corviknight\n|-damage|p2a: Corviknight|69\/100\n|move|p2a: Corviknight|Defog|p1a: Ninetales\n|-unboost|p1a: Ninetales|evasion|1\n|-sideend|p2: triangledangle|Spikes|[from] move: Defog|[of] p2a: Corviknight\n|-sideend|p2: triangledangle|Stealth Rock|[from] move: Defog|[of] p2a: Corviknight\n|\n|-weather|Snow|[upkeep]\n|upkeep\n|turn|25\n|\n|t:|1700515881\n|switch|p2a: the urge|Skeledirge, F|100\/100\n|move|p1a: Ninetales|Encore||[still]\n|-fail|p1a: Ninetales\n|\n|-weather|Snow|[upkeep]\n|upkeep\n|turn|26\n|\n|t:|1700515894\n|switch|p2a: Corviknight|Corviknight, F|69\/100\n|-ability|p2a: Corviknight|Pressure\n|move|p1a: Ninetales|Aurora Veil|p1a: Ninetales\n|-sidestart|p1: 0Phux|move: Aurora Veil\n|\n|-weather|Snow|[upkeep]\n|upkeep\n|turn|27\n|\n|t:|1700515910\n|switch|p1a: Greninja|Greninja, M|64\/100\n|move|p2a: Corviknight|Iron Head|p1a: Greninja\n|-resisted|p1a: Greninja\n|-damage|p1a: Greninja|55\/100\n|\n|-weather|none\n|upkeep\n|turn|28\n|\n|t:|1700515935\n|switch|p2a: Ting-Lu|Ting-Lu, tera:Steel|30\/100\n|-ability|p2a: Ting-Lu|Vessel of Ruin\n|move|p1a: Greninja|Dark Pulse|p2a: Ting-Lu\n|-damage|p2a: Ting-Lu|13\/100\n|-damage|p1a: Greninja|45\/100|[from] item: Life Orb\n|\n|-heal|p2a: Ting-Lu|19\/100|[from] item: Leftovers\n|upkeep\n|turn|29\n|\n|t:|1700515945\n|move|p1a: Greninja|Surf|p2a: Ting-Lu\n|-damage|p2a: Ting-Lu|0 fnt\n|faint|p2a: Ting-Lu\n|-ability|p1a: Greninja|Battle Bond|boost\n|-boost|p1a: Greninja|atk|1\n|-boost|p1a: Greninja|spa|1\n|-boost|p1a: Greninja|spe|1\n|-activate|p1a: Greninja|ability: Battle Bond\n|-damage|p1a: Greninja|35\/100|[from] item: Life Orb\n|\n|upkeep\n|\n|t:|1700515958\n|switch|p2a: the urge|Skeledirge, F|100\/100\n|turn|30\n|\n|t:|1700515968\n|-terastallize|p1a: Greninja|Water\n|move|p1a: Greninja|Surf|p2a: the urge\n|-supereffective|p2a: the urge\n|-damage|p2a: the urge|0 fnt\n|faint|p2a: the urge\n|-damage|p1a: Greninja|25\/100|[from] item: Life Orb\n|\n|upkeep\n|\n|t:|1700515974\n|switch|p2a: Kingambit|Kingambit, M|100\/100\n|-activate|p2a: Kingambit|ability: Supreme Overlord\n|-start|p2a: Kingambit|fallen2|[silent]\n|turn|31\n|\n|t:|1700515981\n|move|p1a: Greninja|Water Shuriken|p2a: Kingambit\n|-damage|p2a: Kingambit|81\/100\n|-damage|p2a: Kingambit|61\/100\n|-crit|p2a: Kingambit\n|-damage|p2a: Kingambit|32\/100\n|-hitcount|p2a: Kingambit|3\n|-damage|p1a: Greninja|16\/100|[from] item: Life Orb\n|move|p2a: Kingambit|Sucker Punch||[still]\n|-fail|p2a: Kingambit\n|\n|upkeep\n|turn|32\n|\n|t:|1700515992\n|-end|p2a: Kingambit|fallen2|[silent]\n|switch|p2a: Amoonguss|Amoonguss, M|100\/100\n|move|p1a: Greninja|Water Shuriken|p2a: Amoonguss\n|-resisted|p2a: Amoonguss\n|-damage|p2a: Amoonguss|92\/100\n|-resisted|p2a: Amoonguss\n|-damage|p2a: Amoonguss|83\/100\n|-resisted|p2a: Amoonguss\n|-damage|p2a: Amoonguss|75\/100\n|-resisted|p2a: Amoonguss\n|-damage|p2a: Amoonguss|67\/100\n|-resisted|p2a: Amoonguss\n|-damage|p2a: Amoonguss|59\/100\n|-hitcount|p2a: Amoonguss|5\n|-damage|p1a: Greninja|6\/100|[from] item: Life Orb\n|\n|upkeep\n|turn|33\n|\n|t:|1700516004\n|switch|p2a: Corviknight|Corviknight, F|69\/100\n|-ability|p2a: Corviknight|Pressure\n|move|p1a: Greninja|Blizzard|p2a: Corviknight\n|-damage|p2a: Corviknight|10\/100\n|-status|p2a: Corviknight|frz\n|-damage|p1a: Greninja|0 fnt|[from] item: Life Orb\n|faint|p1a: Greninja\n|\n|-sideend|p1: 0Phux|move: Aurora Veil\n|upkeep\n|\n|t:|1700516033\n|switch|p1a: Ninetales|Ninetales-Alola, F|60\/100\n|-weather|Snow|[from] ability: Snow Warning|[of] p1a: Ninetales\n|turn|34\n|\n|t:|1700516039\n|switch|p2a: Kingambit|Kingambit, M|32\/100\n|-activate|p2a: Kingambit|ability: Supreme Overlord\n|-start|p2a: Kingambit|fallen2|[silent]\n|move|p1a: Ninetales|Aurora Veil|p1a: Ninetales\n|-sidestart|p1: 0Phux|move: Aurora Veil\n|\n|-weather|Snow|[upkeep]\n|upkeep\n|turn|35\n|\n|t:|1700516047\n|move|p1a: Ninetales|Moonblast|p2a: Kingambit\n|-damage|p2a: Kingambit|1\/100\n|move|p2a: Kingambit|Iron Head|p1a: Ninetales\n|-supereffective|p1a: Ninetales\n|-damage|p1a: Ninetales|0 fnt\n|faint|p1a: Ninetales\n|\n|-weather|Snow|[upkeep]\n|upkeep\n|\n|t:|1700516060\n|switch|p1a: Great Tusk|Great Tusk|100\/100\n|turn|36\n|\n|t:|1700516075\n|move|p1a: Great Tusk|Rapid Spin|p2a: Kingambit\n|-resisted|p2a: Kingambit\n|-damage|p2a: Kingambit|0 fnt\n|-boost|p1a: Great Tusk|spe|1\n|faint|p2a: Kingambit\n|-end|p2a: Kingambit|fallen2|[silent]\n|\n|-weather|Snow|[upkeep]\n|upkeep\n|\n|t:|1700516080\n|switch|p2a: Amoonguss|Amoonguss, M|92\/100\n|turn|37\n|\n|t:|1700516088\n|move|p1a: Great Tusk|Bulk Up|p1a: Great Tusk\n|-boost|p1a: Great Tusk|atk|1\n|-boost|p1a: Great Tusk|def|1\n|move|p2a: Amoonguss|Spore|p1a: Great Tusk\n|-message|Sleep Clause Mod activated.\n|-hint|Sleep Clause Mod prevents players from putting more than one of their opponent's Pok\u00e9mon to sleep at a time\n|\n|-weather|Snow|[upkeep]\n|upkeep\n|turn|38\n|\n|t:|1700516097\n|move|p1a: Great Tusk|Earthquake|p2a: Amoonguss\n|-damage|p2a: Amoonguss|48\/100\n|move|p2a: Amoonguss|Giga Drain|p1a: Great Tusk\n|-supereffective|p1a: Great Tusk\n|-damage|p1a: Great Tusk|73\/100\n|-heal|p2a: Amoonguss|62\/100|[from] drain|[of] p1a: Great Tusk\n|\n|-weather|none\n|-heal|p1a: Great Tusk|79\/100|[from] item: Leftovers\n|upkeep\n|turn|39\n|c|\u2606triangledangle|lmao i forgot\n|\n|t:|1700516108\n|switch|p2a: Corviknight|Corviknight, F|10\/100 frz\n|-ability|p2a: Corviknight|Pressure\n|move|p1a: Great Tusk|Bulk Up|p1a: Great Tusk\n|-boost|p1a: Great Tusk|atk|1\n|-boost|p1a: Great Tusk|def|1\n|\n|-heal|p1a: Great Tusk|85\/100|[from] item: Leftovers\n|upkeep\n|turn|40\n|\n|t:|1700516115\n|move|p1a: Great Tusk|Knock Off|p2a: Corviknight\n|-damage|p2a: Corviknight|0 fnt\n|-enditem|p2a: Corviknight|Choice Scarf|[from] move: Knock Off|[of] p1a: Great Tusk\n|faint|p2a: Corviknight\n|\n|-heal|p1a: Great Tusk|91\/100|[from] item: Leftovers\n|upkeep\n|\n|t:|1700516120\n|switch|p2a: Amoonguss|Amoonguss, M|96\/100\n|turn|41\n|\n|t:|1700516127\n|move|p1a: Great Tusk|Knock Off|p2a: Amoonguss\n|-damage|p2a: Amoonguss|54\/100\n|-damage|p1a: Great Tusk|75\/100|[from] item: Rocky Helmet|[of] p2a: Amoonguss\n|-enditem|p2a: Amoonguss|Rocky Helmet|[from] move: Knock Off|[of] p1a: Great Tusk\n|move|p2a: Amoonguss|Clear Smog|p1a: Great Tusk\n|-resisted|p1a: Great Tusk\n|-damage|p1a: Great Tusk|70\/100\n|-clearboost|p1a: Great Tusk\n|\n|-heal|p1a: Great Tusk|76\/100|[from] item: Leftovers\n|-sideend|p1: 0Phux|move: Aurora Veil\n|upkeep\n|turn|42\n|\n|t:|1700516149\n|-end|p1a: Great Tusk|Protosynthesis|[silent]\n|switch|p1a: Garchomp|Garchomp, M|91\/100 slp\n|move|p2a: Amoonguss|Giga Drain|p1a: Garchomp\n|-damage|p1a: Garchomp|71\/100 slp\n|-heal|p2a: Amoonguss|64\/100|[from] drain|[of] p1a: Garchomp\n|\n|upkeep\n|turn|43\n|\n|t:|1700516156\n|switch|p2a: Dragapult|Dragapult, F|100\/100\n|cant|p1a: Garchomp|slp\n|\n|upkeep\n|turn|44\n|\n|t:|1700516162\n|move|p2a: Dragapult|Shadow Ball|p1a: Garchomp\n|-damage|p1a: Garchomp|25\/100 slp\n|-curestatus|p1a: Garchomp|slp|[msg]\n|move|p1a: Garchomp|Spikes|p2a: Dragapult\n|-sidestart|p2: triangledangle|Spikes\n|\n|upkeep\n|turn|45\n|\n|t:|1700516170\n|move|p2a: Dragapult|Shadow Ball|p1a: Garchomp\n|-damage|p1a: Garchomp|0 fnt\n|faint|p1a: Garchomp\n|\n|upkeep\n|\n|t:|1700516177\n|switch|p1a: Iron Valiant|Iron Valiant|100\/100\n|-enditem|p1a: Iron Valiant|Booster Energy\n|-activate|p1a: Iron Valiant|ability: Quark Drive|[fromitem]\n|-start|p1a: Iron Valiant|quarkdrivespe\n|turn|46\n|\n|t:|1700516195\n|move|p1a: Iron Valiant|Spirit Break|p2a: Dragapult\n|-supereffective|p2a: Dragapult\n|-crit|p2a: Dragapult\n|-damage|p2a: Dragapult|0 fnt\n|faint|p2a: Dragapult\n|\n|upkeep\n|\n|t:|1700516199\n|switch|p2a: Amoonguss|Amoonguss, M|97\/100\n|-damage|p2a: Amoonguss|85\/100|[from] Spikes\n|turn|47\n|\n|t:|1700516211\n|-end|p1a: Iron Valiant|Quark Drive|[silent]\n|switch|p1a: Great Tusk|Great Tusk|76\/100\n|move|p2a: Amoonguss|Spore|p1a: Great Tusk\n|-status|p1a: Great Tusk|slp|[from] move: Spore\n|\n|-heal|p1a: Great Tusk|82\/100 slp|[from] item: Leftovers\n|upkeep\n|turn|48\n|\n|t:|1700516221\n|cant|p1a: Great Tusk|slp\n|move|p2a: Amoonguss|Giga Drain|p1a: Great Tusk\n|-supereffective|p1a: Great Tusk\n|-damage|p1a: Great Tusk|27\/100 slp\n|-heal|p2a: Amoonguss|100\/100|[from] drain|[of] p1a: Great Tusk\n|\n|-heal|p1a: Great Tusk|33\/100 slp|[from] item: Leftovers\n|upkeep\n|turn|49\n|\n|t:|1700516228\n|cant|p1a: Great Tusk|slp\n|move|p2a: Amoonguss|Giga Drain|p1a: Great Tusk\n|-supereffective|p1a: Great Tusk\n|-damage|p1a: Great Tusk|0 fnt\n|faint|p1a: Great Tusk\n|-end|p1a: Great Tusk|Protosynthesis|[silent]\n|\n|upkeep\n|\n|t:|1700516237\n|switch|p1a: Iron Valiant|Iron Valiant|100\/100\n|turn|50\n|\n|t:|1700516250\n|move|p1a: Iron Valiant|Destiny Bond|p1a: Iron Valiant\n|-singlemove|p1a: Iron Valiant|Destiny Bond\n|move|p2a: Amoonguss|Spore|p1a: Iron Valiant\n|-status|p1a: Iron Valiant|slp|[from] move: Spore\n|\n|upkeep\n|turn|51\n|\n|t:|1700516254\n|cant|p1a: Iron Valiant|slp\n|move|p2a: Amoonguss|Sludge Bomb|p1a: Iron Valiant\n|-supereffective|p1a: Iron Valiant\n|-damage|p1a: Iron Valiant|1\/100 slp\n|\n|upkeep\n|turn|52\n|\n|t:|1700516264\n|cant|p1a: Iron Valiant|slp\n|move|p2a: Amoonguss|Spore|p1a: Iron Valiant\n|-fail|p1a: Iron Valiant|slp\n|\n|upkeep\n|turn|53\n|\n|t:|1700516269\n|cant|p1a: Iron Valiant|slp\n|move|p2a: Amoonguss|Spore|p1a: Iron Valiant\n|-fail|p1a: Iron Valiant|slp\n|\n|upkeep\n|turn|54\n|\n|t:|1700516275\n|-curestatus|p1a: Iron Valiant|slp|[msg]\n|move|p1a: Iron Valiant|Destiny Bond|p1a: Iron Valiant\n|-singlemove|p1a: Iron Valiant|Destiny Bond\n|move|p2a: Amoonguss|Spore|p1a: Iron Valiant\n|-status|p1a: Iron Valiant|slp|[from] move: Spore\n|\n|upkeep\n|turn|55\n|\n|t:|1700516279\n|cant|p1a: Iron Valiant|slp\n|move|p2a: Amoonguss|Sludge Bomb|p1a: Iron Valiant\n|-supereffective|p1a: Iron Valiant\n|-damage|p1a: Iron Valiant|0 fnt\n|faint|p1a: Iron Valiant\n|-end|p1a: Iron Valiant|Quark Drive|[silent]\n|\n|win|triangledangle\n|raw|0Phux's rating: 1449 &rarr; <strong>1429<\/strong><br \/>(-20 for losing)\n|raw|triangledangle's rating: 1451 &rarr; <strong>1471<\/strong><br \/>(+20 for winning)\n|c|\u2606triangledangle|ggwp\n|c|\u26060Phux|gg\n|l|\u26060Phux\n","uploadtime":1700516297,"views":5,"p1id":"0phux","p2id":"triangledangle","formatid":"gen9ou","rating":1429,"private":0,"password":""}