{"id":"gen9ou-1992361053","p1":"Infernagatr","p2":"jeffthebum","format":"[Gen 9] OU","log":"|j|\u2606Infernagatr\n|j|\u2606jeffthebum\n|t:|1700178709\n|gametype|singles\n|player|p1|Infernagatr|volkner|1103\n|player|p2|jeffthebum|emmet|1115\n|teamsize|p1|6\n|teamsize|p2|6\n|gen|9\n|tier|[Gen 9] OU\n|rated|\n|rule|Sleep Clause Mod: Limit one foe put to sleep\n|rule|Species Clause: Limit one of each Pok\u00e9mon\n|rule|OHKO Clause: OHKO moves are banned\n|rule|Evasion Items Clause: Evasion items are banned\n|rule|Evasion Moves Clause: Evasion moves are banned\n|rule|Endless Battle Clause: Forcing endless battles is banned\n|rule|HP Percentage Mod: HP is shown in percentages\n|clearpoke\n|poke|p1|Spidops, F|\n|poke|p1|Samurott-Hisui, M|\n|poke|p1|Iron Moth|\n|poke|p1|Great Tusk|\n|poke|p1|Electrode-Hisui|\n|poke|p1|Enamorus-Therian, F|\n|poke|p2|Klawf, M|\n|poke|p2|Milotic, M|\n|poke|p2|Decidueye-Hisui, F|\n|poke|p2|Ariados, M|\n|poke|p2|Magcargo, M|\n|poke|p2|Furret, F|\n|teampreview\n|\n|t:|1700178722\n|start\n|switch|p1a: Electrode|Electrode-Hisui|100\/100\n|switch|p2a: Magcargo|Magcargo, M|100\/100\n|turn|1\n|\n|t:|1700178728\n|move|p1a: Electrode|Taunt|p2a: Magcargo\n|-start|p2a: Magcargo|move: Taunt\n|cant|p2a: Magcargo|move: Taunt|Shell Smash\n|\n|upkeep\n|turn|2\n|\n|t:|1700178733\n|move|p1a: Electrode|Volt Switch|p2a: Magcargo\n|-damage|p2a: Magcargo|68\/100\n|\n|t:|1700178739\n|switch|p1a: Samurott|Samurott-Hisui, M|100\/100|[from] Volt Switch\n|move|p2a: Magcargo|Flamethrower|p1a: Samurott\n|-resisted|p1a: Samurott\n|-damage|p1a: Samurott|73\/100\n|\n|upkeep\n|turn|3\n|\n|t:|1700178746\n|switch|p2a: Decidueye|Decidueye-Hisui, F|100\/100\n|move|p1a: Samurott|Aqua Cutter|p2a: Decidueye\n|-resisted|p2a: Decidueye\n|-crit|p2a: Decidueye\n|-damage|p2a: Decidueye|56\/100\n|\n|upkeep\n|turn|4\n|\n|t:|1700178756\n|switch|p1a: Electrode|Electrode-Hisui|100\/100\n|move|p2a: Decidueye|Triple Arrows|p1a: Electrode\n|-damage|p1a: Electrode|26\/100\n|-unboost|p1a: Electrode|def|1\n|\n|upkeep\n|turn|5\n|\n|t:|1700178765\n|move|p1a: Electrode|Volt Switch|p2a: Decidueye\n|-resisted|p2a: Decidueye\n|-damage|p2a: Decidueye|44\/100\n|\n|t:|1700178769\n|switch|p1a: Enamorus|Enamorus-Therian, F|100\/100|[from] Volt Switch\n|move|p2a: Decidueye|Triple Arrows|p1a: Enamorus\n|-resisted|p1a: Enamorus\n|-damage|p1a: Enamorus|91\/100\n|-unboost|p1a: Enamorus|def|1\n|\n|-heal|p1a: Enamorus|97\/100|[from] item: Leftovers\n|upkeep\n|turn|6\n|\n|t:|1700178784\n|switch|p2a: Milotic|Milotic, M|100\/100\n|move|p1a: Enamorus|Mystical Fire|p2a: Milotic\n|-resisted|p2a: Milotic\n|-damage|p2a: Milotic|94\/100\n|-unboost|p2a: Milotic|spa|1\n|\n|-heal|p2a: Milotic|99\/100|[from] item: Leftovers\n|-heal|p1a: Enamorus|100\/100|[from] item: Leftovers\n|upkeep\n|turn|7\n|\n|t:|1700178795\n|move|p1a: Enamorus|Calm Mind|p1a: Enamorus\n|-boost|p1a: Enamorus|spa|1\n|-boost|p1a: Enamorus|spd|1\n|move|p2a: Milotic|Mirror Coat||[still]\n|-fail|p2a: Milotic\n|\n|-heal|p2a: Milotic|100\/100|[from] item: Leftovers\n|upkeep\n|turn|8\n|\n|t:|1700178812\n|move|p2a: Milotic|Haze|p2a: Milotic\n|-clearallboost\n|move|p1a: Enamorus|Substitute|p1a: Enamorus\n|-start|p1a: Enamorus|Substitute\n|-damage|p1a: Enamorus|76\/100\n|\n|-heal|p1a: Enamorus|82\/100|[from] item: Leftovers\n|upkeep\n|turn|9\n|\n|t:|1700178819\n|move|p2a: Milotic|Scald|p1a: Enamorus\n|-activate|p1a: Enamorus|move: Substitute|[damage]\n|move|p1a: Enamorus|Draining Kiss|p2a: Milotic\n|-damage|p2a: Milotic|86\/100\n|-heal|p1a: Enamorus|94\/100|[from] drain|[of] p2a: Milotic\n|\n|-heal|p2a: Milotic|92\/100|[from] item: Leftovers\n|-heal|p1a: Enamorus|99\/100|[from] item: Leftovers\n|upkeep\n|turn|10\n|\n|t:|1700178833\n|move|p2a: Milotic|Scald|p1a: Enamorus\n|-end|p1a: Enamorus|Substitute\n|move|p1a: Enamorus|Draining Kiss|p2a: Milotic\n|-crit|p2a: Milotic\n|-damage|p2a: Milotic|73\/100\n|-heal|p1a: Enamorus|100\/100|[from] drain|[of] p2a: Milotic\n|\n|-heal|p2a: Milotic|79\/100|[from] item: Leftovers\n|upkeep\n|turn|11\n|\n|t:|1700178848\n|move|p2a: Milotic|Scald|p1a: Enamorus\n|-damage|p1a: Enamorus|77\/100\n|move|p1a: Enamorus|Substitute|p1a: Enamorus\n|-start|p1a: Enamorus|Substitute\n|-damage|p1a: Enamorus|52\/100\n|\n|-heal|p2a: Milotic|85\/100|[from] item: Leftovers\n|-heal|p1a: Enamorus|58\/100|[from] item: Leftovers\n|upkeep\n|turn|12\n|\n|t:|1700178863\n|move|p2a: Milotic|Scald|p1a: Enamorus\n|-activate|p1a: Enamorus|move: Substitute|[damage]\n|move|p1a: Enamorus|Calm Mind|p1a: Enamorus\n|-boost|p1a: Enamorus|spa|1\n|-boost|p1a: Enamorus|spd|1\n|\n|-heal|p2a: Milotic|91\/100|[from] item: Leftovers\n|-heal|p1a: Enamorus|64\/100|[from] item: Leftovers\n|upkeep\n|turn|13\n|\n|t:|1700178872\n|move|p2a: Milotic|Haze|p2a: Milotic\n|-clearallboost\n|move|p1a: Enamorus|Draining Kiss|p2a: Milotic\n|-damage|p2a: Milotic|79\/100\n|-heal|p1a: Enamorus|75\/100|[from] drain|[of] p2a: Milotic\n|\n|-heal|p2a: Milotic|85\/100|[from] item: Leftovers\n|-heal|p1a: Enamorus|81\/100|[from] item: Leftovers\n|upkeep\n|turn|14\n|\n|t:|1700178885\n|move|p2a: Milotic|Scald|p1a: Enamorus\n|-end|p1a: Enamorus|Substitute\n|move|p1a: Enamorus|Draining Kiss|p2a: Milotic\n|-damage|p2a: Milotic|71\/100\n|-heal|p1a: Enamorus|93\/100|[from] drain|[of] p2a: Milotic\n|\n|-heal|p2a: Milotic|77\/100|[from] item: Leftovers\n|-heal|p1a: Enamorus|99\/100|[from] item: Leftovers\n|upkeep\n|turn|15\n|\n|t:|1700178912\n|switch|p2a: Ariados|Ariados, M|100\/100\n|switch|p1a: Spidops|Spidops, F|100\/100\n|\n|upkeep\n|turn|16\n|\n|t:|1700178938\n|move|p2a: Ariados|Swords Dance|p2a: Ariados\n|-boost|p2a: Ariados|atk|2\n|move|p1a: Spidops|Toxic Spikes|p2a: Ariados\n|-sidestart|p2: jeffthebum|move: Toxic Spikes\n|\n|upkeep\n|turn|17\n|\n|t:|1700178944\n|move|p2a: Ariados|Cross Poison|p1a: Spidops\n|-damage|p1a: Spidops|49\/100\n|move|p1a: Spidops|Sticky Web|p2a: Ariados\n|-sidestart|p2: jeffthebum|move: Sticky Web\n|\n|upkeep\n|turn|18\n|\n|t:|1700178949\n|move|p2a: Ariados|Cross Poison|p1a: Spidops\n|-damage|p1a: Spidops|0 fnt\n|faint|p1a: Spidops\n|\n|upkeep\n|\n|t:|1700178966\n|switch|p1a: Electrode|Electrode-Hisui|26\/100\n|turn|19\n|\n|t:|1700178979\n|move|p2a: Ariados|Sucker Punch|p1a: Electrode\n|-damage|p1a: Electrode|0 fnt\n|faint|p1a: Electrode\n|\n|upkeep\n|\n|t:|1700178984\n|switch|p1a: Samurott|Samurott-Hisui, M|73\/100\n|turn|20\n|\n|t:|1700179003\n|move|p1a: Samurott|Aqua Cutter|p2a: Ariados\n|-crit|p2a: Ariados\n|-damage|p2a: Ariados|0 fnt\n|faint|p2a: Ariados\n|\n|upkeep\n|\n|t:|1700179016\n|switch|p2a: Furret|Furret, F|100\/100\n|-status|p2a: Furret|psn\n|-activate|p2a: Furret|move: Sticky Web\n|-unboost|p2a: Furret|spe|1\n|-item|p1a: Samurott|Choice Scarf|[from] ability: Frisk|[of] p2a: Furret|[identify]\n|turn|21\n|\n|t:|1700179023\n|move|p1a: Samurott|Aqua Cutter|p2a: Furret\n|-damage|p2a: Furret|30\/100 psn\n|move|p2a: Furret|Tidy Up|p2a: Furret\n|-sideend|p2: jeffthebum|Toxic Spikes\n|-sideend|p2: jeffthebum|Sticky Web\n|-activate|p2a: Furret|move: Tidy Up\n|-boost|p2a: Furret|atk|1\n|-boost|p2a: Furret|spe|1\n|\n|-damage|p2a: Furret|18\/100 psn|[from] psn\n|upkeep\n|turn|22\n|\n|t:|1700179033\n|switch|p2a: Milotic|Milotic, M|77\/100\n|move|p1a: Samurott|Aqua Cutter|p2a: Milotic\n|-resisted|p2a: Milotic\n|-damage|p2a: Milotic|51\/100\n|\n|-heal|p2a: Milotic|57\/100|[from] item: Leftovers\n|upkeep\n|turn|23\n|\n|t:|1700179042\n|switch|p1a: Enamorus|Enamorus-Therian, F|99\/100\n|move|p2a: Milotic|Recover|p2a: Milotic\n|-heal|p2a: Milotic|100\/100\n|\n|-heal|p1a: Enamorus|100\/100|[from] item: Leftovers\n|upkeep\n|turn|24\n|\n|t:|1700179070\n|switch|p2a: Klawf|Klawf, M|100\/100\n|move|p1a: Enamorus|Mystical Fire|p2a: Klawf\n|-resisted|p2a: Klawf\n|-crit|p2a: Klawf\n|-damage|p2a: Klawf|71\/100\n|-unboost|p2a: Klawf|spa|1\n|\n|upkeep\n|turn|25\n|\n|t:|1700179087\n|move|p2a: Klawf|Rock Slide|p1a: Enamorus\n|-supereffective|p1a: Enamorus\n|-damage|p1a: Enamorus|51\/100\n|move|p1a: Enamorus|Draining Kiss|p2a: Klawf\n|-damage|p2a: Klawf|32\/100\n|-heal|p1a: Enamorus|79\/100|[from] drain|[of] p2a: Klawf\n|-damage|p1a: Enamorus|63\/100|[from] item: Rocky Helmet|[of] p2a: Klawf\n|\n|-heal|p1a: Enamorus|69\/100|[from] item: Leftovers\n|upkeep\n|turn|26\n|\n|t:|1700179106\n|switch|p2a: Milotic|Milotic, M|100\/100\n|move|p1a: Enamorus|Draining Kiss|p2a: Milotic\n|-damage|p2a: Milotic|88\/100\n|-heal|p1a: Enamorus|79\/100|[from] drain|[of] p2a: Milotic\n|\n|-heal|p2a: Milotic|94\/100|[from] item: Leftovers\n|-heal|p1a: Enamorus|85\/100|[from] item: Leftovers\n|upkeep\n|turn|27\n|\n|t:|1700179118\n|move|p2a: Milotic|Scald|p1a: Enamorus\n|-damage|p1a: Enamorus|63\/100\n|move|p1a: Enamorus|Mystical Fire|p2a: Milotic\n|-resisted|p2a: Milotic\n|-damage|p2a: Milotic|88\/100\n|-unboost|p2a: Milotic|spa|1\n|\n|-heal|p2a: Milotic|94\/100|[from] item: Leftovers\n|-heal|p1a: Enamorus|69\/100|[from] item: Leftovers\n|upkeep\n|turn|28\n|\n|t:|1700179132\n|switch|p1a: Samurott|Samurott-Hisui, M|73\/100\n|move|p2a: Milotic|Scald|p1a: Samurott\n|-resisted|p1a: Samurott\n|-damage|p1a: Samurott|58\/100\n|\n|-heal|p2a: Milotic|99\/100|[from] item: Leftovers\n|upkeep\n|turn|29\n|\n|t:|1700179154\n|switch|p2a: Klawf|Klawf, M|66\/100\n|move|p1a: Samurott|Ceaseless Edge|p2a: Klawf\n|-damage|p2a: Klawf|38\/100\n|-damage|p1a: Samurott|42\/100|[from] item: Rocky Helmet|[of] p2a: Klawf\n|-sidestart|p2: jeffthebum|Spikes\n|\n|upkeep\n|turn|30\n|\n|t:|1700179166\n|switch|p1a: Great Tusk|Great Tusk|100\/100\n|move|p2a: Klawf|Stealth Rock|p1a: Great Tusk\n|-sidestart|p1: Infernagatr|move: Stealth Rock\n|\n|upkeep\n|turn|31\n|\n|t:|1700179185\n|switch|p2a: Furret|Furret, F|18\/100 psn\n|-damage|p2a: Furret|5\/100 psn|[from] Spikes\n|-item|p1a: Great Tusk|Salac Berry|[from] ability: Frisk|[of] p2a: Furret|[identify]\n|move|p1a: Great Tusk|Bulk Up|p1a: Great Tusk\n|-boost|p1a: Great Tusk|atk|1\n|-boost|p1a: Great Tusk|def|1\n|\n|-damage|p2a: Furret|0 fnt|[from] psn\n|faint|p2a: Furret\n|upkeep\n|\n|t:|1700179195\n|switch|p2a: Decidueye|Decidueye-Hisui, F|44\/100\n|-damage|p2a: Decidueye|31\/100|[from] Spikes\n|turn|32\n|\n|t:|1700179209\n|move|p2a: Decidueye|Leaf Blade|p1a: Great Tusk\n|-supereffective|p1a: Great Tusk\n|-damage|p1a: Great Tusk|58\/100\n|move|p1a: Great Tusk|Iron Head|p2a: Decidueye\n|-damage|p2a: Decidueye|0 fnt\n|faint|p2a: Decidueye\n|\n|upkeep\n|\n|t:|1700179227\n|switch|p2a: Klawf|Klawf, M|71\/100\n|-damage|p2a: Klawf|59\/100|[from] Spikes\n|turn|33\n|\n|t:|1700179234\n|-terastallize|p2a: Klawf|Water\n|move|p1a: Great Tusk|Iron Head|p2a: Klawf\n|-resisted|p2a: Klawf\n|-damage|p2a: Klawf|45\/100\n|-damage|p1a: Great Tusk|41\/100|[from] item: Rocky Helmet|[of] p2a: Klawf\n|move|p2a: Klawf|Crabhammer|p1a: Great Tusk\n|-supereffective|p1a: Great Tusk\n|-damage|p1a: Great Tusk|9\/100\n|-enditem|p1a: Great Tusk|Salac Berry|[eat]\n|-boost|p1a: Great Tusk|spe|1|[from] item: Salac Berry\n|\n|upkeep\n|turn|34\n|\n|t:|1700179250\n|move|p1a: Great Tusk|Reversal|p2a: Klawf\n|-damage|p2a: Klawf|0 fnt\n|-damage|p1a: Great Tusk|0 fnt|[from] item: Rocky Helmet|[of] p2a: Klawf\n|faint|p2a: Klawf\n|faint|p1a: Great Tusk\n|-end|p1a: Great Tusk|Protosynthesis|[silent]\n|\n|upkeep\n|\n|t:|1700179273\n|switch|p1a: Samurott|Samurott-Hisui, M|42\/100\n|switch|p2a: Magcargo|Magcargo, M|68\/100\n|-damage|p1a: Samurott|30\/100|[from] Stealth Rock\n|-damage|p2a: Magcargo|56\/100|[from] Spikes\n|turn|35\n|\n|t:|1700179284\n|move|p1a: Samurott|Aqua Cutter|p2a: Magcargo\n|-supereffective|p2a: Magcargo\n|-damage|p2a: Magcargo|0 fnt\n|faint|p2a: Magcargo\n|\n|upkeep\n|\n|t:|1700179286\n|switch|p2a: Milotic|Milotic, M|99\/100\n|-damage|p2a: Milotic|87\/100|[from] Spikes\n|turn|36\n|\n|t:|1700179295\n|switch|p1a: Enamorus|Enamorus-Therian, F|69\/100\n|-damage|p1a: Enamorus|44\/100|[from] Stealth Rock\n|move|p2a: Milotic|Scald|p1a: Enamorus\n|-damage|p1a: Enamorus|23\/100\n|\n|-heal|p2a: Milotic|93\/100|[from] item: Leftovers\n|-heal|p1a: Enamorus|29\/100|[from] item: Leftovers\n|upkeep\n|turn|37\n|\n|t:|1700179317\n|-terastallize|p1a: Enamorus|Fairy\n|move|p2a: Milotic|Scald|p1a: Enamorus\n|-damage|p1a: Enamorus|8\/100\n|move|p1a: Enamorus|Draining Kiss|p2a: Milotic\n|-damage|p2a: Milotic|73\/100\n|-heal|p1a: Enamorus|25\/100|[from] drain|[of] p2a: Milotic\n|\n|-heal|p2a: Milotic|79\/100|[from] item: Leftovers\n|-heal|p1a: Enamorus|31\/100|[from] item: Leftovers\n|upkeep\n|turn|38\n|\n|t:|1700179327\n|move|p1a: Enamorus|Draining Kiss|p2a: Milotic\n|-damage|p2a: Milotic|57\/100\n|-heal|p1a: Enamorus|50\/100|[from] drain|[of] p2a: Milotic\n|move|p2a: Milotic|Mirror Coat|p1a: Enamorus\n|-damage|p1a: Enamorus|0 fnt\n|faint|p1a: Enamorus\n|\n|-heal|p2a: Milotic|63\/100|[from] item: Leftovers\n|upkeep\n|\n|t:|1700179338\n|switch|p1a: Samurott|Samurott-Hisui, M|30\/100\n|-damage|p1a: Samurott|17\/100|[from] Stealth Rock\n|turn|39\n|\n|t:|1700179342\n|move|p1a: Samurott|Taunt|p2a: Milotic\n|-start|p2a: Milotic|move: Taunt\n|cant|p2a: Milotic|move: Taunt|Recover\n|\n|-heal|p2a: Milotic|69\/100|[from] item: Leftovers\n|upkeep\n|turn|40\n|\n|t:|1700179353\n|switch|p1a: Iron Moth|Iron Moth|100\/100\n|-damage|p1a: Iron Moth|76\/100|[from] Stealth Rock\n|move|p2a: Milotic|Scald|p1a: Iron Moth\n|-supereffective|p1a: Iron Moth\n|-damage|p1a: Iron Moth|19\/100\n|\n|-heal|p2a: Milotic|75\/100|[from] item: Leftovers\n|upkeep\n|turn|41\n|\n|t:|1700179362\n|move|p1a: Iron Moth|Sludge Wave|p2a: Milotic\n|-damage|p2a: Milotic|39\/100\n|-damage|p1a: Iron Moth|9\/100|[from] item: Life Orb\n|move|p2a: Milotic|Scald|p1a: Iron Moth\n|-supereffective|p1a: Iron Moth\n|-damage|p1a: Iron Moth|0 fnt\n|faint|p1a: Iron Moth\n|-end|p1a: Iron Moth|Quark Drive|[silent]\n|\n|-heal|p2a: Milotic|45\/100|[from] item: Leftovers\n|-end|p2a: Milotic|move: Taunt\n|upkeep\n|\n|t:|1700179372\n|switch|p1a: Samurott|Samurott-Hisui, M|17\/100\n|-damage|p1a: Samurott|5\/100|[from] Stealth Rock\n|turn|42\n|\n|t:|1700179393\n|move|p1a: Samurott|Ceaseless Edge|p2a: Milotic\n|-damage|p2a: Milotic|0 fnt\n|-sidestart|p2: jeffthebum|Spikes\n|faint|p2a: Milotic\n|\n|win|Infernagatr\n|raw|Infernagatr's rating: 1103 &rarr; <strong>1129<\/strong><br \/>(+26 for winning)\n|raw|jeffthebum's rating: 1115 &rarr; <strong>1089<\/strong><br \/>(-26 for losing)\n|c|\u2606Infernagatr|gg\n|c|\u2606jeffthebum|gg\n","uploadtime":1700179409,"views":8,"p1id":"infernagatr","p2id":"jeffthebum","formatid":"gen9ou","rating":1089,"private":0,"password":""}