{"id":"gen9ou-1988923611","p1":"Commander2022","p2":"Pikesito","format":"[Gen 9] OU","log":"|j|\u2606Commander2022\n|j|\u2606Pikesito\n|inactive|Battle timer is ON: inactive players will automatically lose when time's up.\n|t:|1699788597\n|gametype|singles\n|player|p1|Commander2022|buck|\n|player|p2|Pikesito|penny|\n|teamsize|p1|3\n|teamsize|p2|3\n|gen|9\n|tier|[Gen 9] OU\n|rated|Tournament battle\n|rule|Sleep Clause Mod: Limit one foe put to sleep\n|rule|Species Clause: Limit one of each Pok\u00e9mon\n|rule|OHKO Clause: OHKO moves are banned\n|rule|Evasion Items Clause: Evasion items are banned\n|rule|Evasion Moves Clause: Evasion moves are banned\n|rule|Endless Battle Clause: Forcing endless battles is banned\n|rule|HP Percentage Mod: HP is shown in percentages\n|clearpoke\n|poke|p1|Deino, M|\n|poke|p1|Drednaw, M|\n|poke|p1|Sinistcha|\n|poke|p2|Mudsdale, M|\n|poke|p2|Stantler, F|\n|poke|p2|Cloyster, M|\n|teampreview\n|j|*Lady Monita \u2746\n|inactive|Pikesito also wants the timer to be on.\n|\n|t:|1699788612\n|start\n|switch|p1a: Drednaw|Drednaw, M, shiny|100\/100\n|switch|p2a: Stantler|Stantler, F|100\/100\n|turn|1\n|\n|t:|1699788616\n|-terastallize|p1a: Drednaw|Dark\n|move|p2a: Stantler|Thunder Wave|p1a: Drednaw\n|-status|p1a: Drednaw|par\n|cant|p1a: Drednaw|par\n|\n|upkeep\n|turn|2\n|\n|t:|1699788621\n|move|p2a: Stantler|Megahorn|p1a: Drednaw|[miss]\n|-miss|p2a: Stantler|p1a: Drednaw\n|move|p1a: Drednaw|Shell Smash|p1a: Drednaw\n|-unboost|p1a: Drednaw|def|1\n|-unboost|p1a: Drednaw|spd|1\n|-boost|p1a: Drednaw|atk|2\n|-boost|p1a: Drednaw|spa|2\n|-boost|p1a: Drednaw|spe|2\n|-enditem|p1a: Drednaw|White Herb\n|-clearnegativeboost|p1a: Drednaw|[silent]\n|\n|upkeep\n|turn|3\n|\n|t:|1699788625\n|move|p2a: Stantler|Megahorn|p1a: Drednaw|[miss]\n|-miss|p2a: Stantler|p1a: Drednaw\n|cant|p1a: Drednaw|par\n|\n|upkeep\n|turn|4\n|\n|t:|1699788629\n|move|p2a: Stantler|Megahorn|p1a: Drednaw\n|-supereffective|p1a: Drednaw\n|-damage|p1a: Drednaw|27\/100 par\n|move|p1a: Drednaw|Crunch|p2a: Stantler\n|-damage|p2a: Stantler|0 fnt\n|faint|p2a: Stantler\n|\n|upkeep\n|c|\u2606Commander2022|ur lucky my speed is down\n|c|\u2606Commander2022|u might actually win\n|c|\u2606Pikesito|Ur lucky i missed twice\n|c|\u2606Commander2022|yh\n|inactive|Pikesito has 120 seconds left.\n|c|\u2606Commander2022|but during those 2 turns\n|c|\u2606Commander2022|i couldnt attack\n|\n|t:|1699788686\n|switch|p2a: Mudsdale|Mudsdale, M|100\/100\n|turn|5\n|\n|t:|1699788691\n|move|p1a: Drednaw|Ice Fang|p2a: Mudsdale\n|-supereffective|p2a: Mudsdale\n|-damage|p2a: Mudsdale|25\/100\n|-ability|p2a: Mudsdale|Stamina|boost\n|-boost|p2a: Mudsdale|def|1\n|move|p2a: Mudsdale|Earthquake|p1a: Drednaw\n|-damage|p1a: Drednaw|0 fnt\n|faint|p1a: Drednaw\n|\n|-heal|p2a: Mudsdale|31\/100|[from] item: Leftovers\n|upkeep\n|\n|t:|1699788698\n|switch|p1a: Sinistcha|Sinistcha, shiny|100\/100\n|turn|6\n|c|\u2606Commander2022|u win\n|c|\u2606Commander2022|gg\n|\n|t:|1699788708\n|move|p1a: Sinistcha|Matcha Gotcha|p2a: Mudsdale\n|-supereffective|p2a: Mudsdale\n|-damage|p2a: Mudsdale|0 fnt\n|faint|p2a: Mudsdale\n|\n|upkeep\n|\n|t:|1699788711\n|switch|p2a: Cloyster|Cloyster, M, shiny|100\/100\n|turn|7\n|\n|t:|1699788716\n|-terastallize|p2a: Cloyster|Ice\n|move|p2a: Cloyster|Shell Smash|p2a: Cloyster\n|-unboost|p2a: Cloyster|def|1\n|-unboost|p2a: Cloyster|spd|1\n|-boost|p2a: Cloyster|atk|2\n|-boost|p2a: Cloyster|spa|2\n|-boost|p2a: Cloyster|spe|2\n|-enditem|p2a: Cloyster|White Herb\n|-clearnegativeboost|p2a: Cloyster|[silent]\n|move|p1a: Sinistcha|Shadow Ball|p2a: Cloyster\n|-damage|p2a: Cloyster|0 fnt\n|faint|p2a: Cloyster\n|\n|win|Commander2022\n|n|\u2606Commander2022|commander2022\n|n|\u2606Pikesito|pikesito\n|n|*Lady Monita \u2746|ladymonita\n","uploadtime":1699788717,"views":9,"p1id":"commander2022","p2id":"pikesito","formatid":"gen9ou","rating":0,"private":0,"password":""}