{"id":"gen9ou-1991609131","p1":"agaymerfry","p2":"bigstrahfye","format":"[Gen 9] OU","log":"|j|\u2606agaymerfry\n|j|\u2606bigstrahfye\n|t:|1700093802\n|gametype|singles\n|player|p1|agaymerfry|hilbert-wonderlauncher|1071\n|player|p2|bigstrahfye|102|1000\n|teamsize|p1|6\n|teamsize|p2|6\n|gen|9\n|tier|[Gen 9] OU\n|rated|\n|rule|Sleep Clause Mod: Limit one foe put to sleep\n|rule|Species Clause: Limit one of each Pok\u00e9mon\n|rule|OHKO Clause: OHKO moves are banned\n|rule|Evasion Items Clause: Evasion items are banned\n|rule|Evasion Moves Clause: Evasion moves are banned\n|rule|Endless Battle Clause: Forcing endless battles is banned\n|rule|HP Percentage Mod: HP is shown in percentages\n|clearpoke\n|poke|p1|Gastrodon-East, M|\n|poke|p1|Clodsire, M|\n|poke|p1|Ursaluna, M|\n|poke|p1|Torterra, M|\n|poke|p1|Sandy Shocks|\n|poke|p1|Iron Treads|\n|poke|p2|Dragapult, F|\n|poke|p2|Amoonguss, M|\n|poke|p2|Iron Moth|\n|poke|p2|Azumarill, M|\n|poke|p2|Landorus-Therian, M|\n|poke|p2|Zapdos|\n|teampreview\n|inactive|Battle timer is ON: inactive players will automatically lose when time's up. (requested by agaymerfry)\n|c|\u2606agaymerfry|hello??\n|\n|t:|1700093861\n|start\n|switch|p1a: Sandy Shocks|Sandy Shocks|100\/100\n|switch|p2a: Amoonguss|Amoonguss, M, shiny|100\/100\n|-enditem|p1a: Sandy Shocks|Booster Energy\n|-activate|p1a: Sandy Shocks|ability: Protosynthesis|[fromitem]\n|-start|p1a: Sandy Shocks|protosynthesisspe\n|turn|1\n|\n|t:|1700093880\n|move|p1a: Sandy Shocks|Stealth Rock|p2a: Amoonguss\n|-sidestart|p2: bigstrahfye|move: Stealth Rock\n|move|p2a: Amoonguss|Spore|p1a: Sandy Shocks\n|-status|p1a: Sandy Shocks|slp|[from] move: Spore\n|\n|upkeep\n|turn|2\n|\n|t:|1700093892\n|-end|p1a: Sandy Shocks|Protosynthesis|[silent]\n|switch|p1a: Torterra|Torterra, M|100\/100\n|move|p2a: Amoonguss|Stomping Tantrum|p1a: Torterra\n|-resisted|p1a: Torterra\n|-damage|p1a: Torterra|95\/100\n|\n|upkeep\n|turn|3\n|\n|t:|1700093898\n|move|p1a: Torterra|Shell Smash|p1a: Torterra\n|-unboost|p1a: Torterra|def|1\n|-unboost|p1a: Torterra|spd|1\n|-boost|p1a: Torterra|atk|2\n|-boost|p1a: Torterra|spa|2\n|-boost|p1a: Torterra|spe|2\n|-enditem|p1a: Torterra|White Herb\n|-clearnegativeboost|p1a: Torterra|[silent]\n|move|p2a: Amoonguss|Toxic|p1a: Torterra\n|-status|p1a: Torterra|tox\n|\n|-damage|p1a: Torterra|89\/100 tox|[from] psn\n|upkeep\n|turn|4\n|\n|t:|1700093914\n|switch|p2a: Iron Moth|Iron Moth|100\/100\n|-damage|p2a: Iron Moth|76\/100|[from] Stealth Rock\n|move|p1a: Torterra|Smack Down|p2a: Iron Moth\n|-supereffective|p2a: Iron Moth\n|-damage|p2a: Iron Moth|0 fnt\n|faint|p2a: Iron Moth\n|-end|p2a: Iron Moth|Quark Drive|[silent]\n|\n|-damage|p1a: Torterra|77\/100 tox|[from] psn\n|upkeep\n|\n|t:|1700093927\n|switch|p2a: Landorus|Landorus-Therian, M|100\/100\n|-damage|p2a: Landorus|88\/100|[from] Stealth Rock\n|-ability|p2a: Landorus|Intimidate|boost\n|-unboost|p1a: Torterra|atk|1\n|turn|5\n|\n|t:|1700093940\n|move|p2a: Landorus|Earthquake|p1a: Torterra\n|-resisted|p1a: Torterra\n|-damage|p1a: Torterra|54\/100 tox\n|move|p1a: Torterra|Wood Hammer|p2a: Landorus\n|-damage|p2a: Landorus|0 fnt\n|faint|p2a: Landorus\n|-damage|p1a: Torterra|29\/100 tox|[from] Recoil\n|\n|-damage|p1a: Torterra|10\/100 tox|[from] psn\n|upkeep\n|\n|t:|1700093952\n|switch|p2a: Amoonguss|Amoonguss, M, shiny|100\/100\n|-damage|p2a: Amoonguss|88\/100|[from] Stealth Rock\n|turn|6\n|\n|t:|1700093962\n|move|p1a: Torterra|Giga Drain|p2a: Amoonguss\n|-resisted|p2a: Amoonguss\n|-damage|p2a: Amoonguss|81\/100\n|-heal|p1a: Torterra|15\/100 tox|[from] drain|[of] p2a: Amoonguss\n|move|p2a: Amoonguss|Substitute|p2a: Amoonguss\n|-start|p2a: Amoonguss|Substitute\n|-damage|p2a: Amoonguss|56\/100\n|\n|-damage|p1a: Torterra|0 fnt|[from] psn\n|faint|p1a: Torterra\n|upkeep\n|\n|t:|1700093978\n|switch|p1a: Clodsire|Clodsire, M|100\/100\n|turn|7\n|\n|t:|1700093988\n|move|p2a: Amoonguss|Spore|p1a: Clodsire\n|-message|Sleep Clause Mod activated.\n|-hint|Sleep Clause Mod prevents players from putting more than one of their opponent's Pok\u00e9mon to sleep at a time\n|move|p1a: Clodsire|Earthquake|p2a: Amoonguss\n|-activate|p2a: Amoonguss|move: Substitute|[damage]\n|\n|upkeep\n|turn|8\n|\n|t:|1700094001\n|switch|p2a: Dragapult|Dragapult, F|100\/100\n|-damage|p2a: Dragapult|88\/100|[from] Stealth Rock\n|move|p1a: Clodsire|Earthquake|p2a: Dragapult\n|-damage|p2a: Dragapult|49\/100\n|\n|-heal|p2a: Dragapult|55\/100|[from] item: Leftovers\n|upkeep\n|turn|9\n|\n|t:|1700094014\n|move|p2a: Dragapult|Flamethrower|p1a: Clodsire\n|-damage|p1a: Clodsire|86\/100\n|move|p1a: Clodsire|Toxic|p2a: Dragapult\n|-status|p2a: Dragapult|tox\n|\n|-heal|p2a: Dragapult|61\/100 tox|[from] item: Leftovers\n|-heal|p1a: Clodsire|93\/100|[from] item: Leftovers\n|-damage|p2a: Dragapult|55\/100 tox|[from] psn\n|upkeep\n|turn|10\n|\n|t:|1700094024\n|move|p1a: Clodsire|Protect|p1a: Clodsire\n|-singleturn|p1a: Clodsire|Protect\n|move|p2a: Dragapult|Draco Meteor|p1a: Clodsire\n|-activate|p1a: Clodsire|move: Protect\n|\n|-heal|p2a: Dragapult|61\/100 tox|[from] item: Leftovers\n|-heal|p1a: Clodsire|99\/100|[from] item: Leftovers\n|-damage|p2a: Dragapult|49\/100 tox|[from] psn\n|upkeep\n|turn|11\n|\n|t:|1700094036\n|move|p1a: Clodsire|Protect|p1a: Clodsire\n|-singleturn|p1a: Clodsire|Protect\n|move|p2a: Dragapult|Dragon Pulse|p1a: Clodsire\n|-activate|p1a: Clodsire|move: Protect\n|\n|-heal|p2a: Dragapult|55\/100 tox|[from] item: Leftovers\n|-heal|p1a: Clodsire|100\/100|[from] item: Leftovers\n|-damage|p2a: Dragapult|37\/100 tox|[from] psn\n|upkeep\n|turn|12\n|\n|t:|1700094047\n|switch|p2a: Zapdos|Zapdos|100\/100\n|-damage|p2a: Zapdos|76\/100|[from] Stealth Rock\n|move|p1a: Clodsire|Earthquake|p2a: Zapdos\n|-immune|p2a: Zapdos\n|\n|upkeep\n|turn|13\n|\n|t:|1700094057\n|move|p2a: Zapdos|Light Screen|p2a: Zapdos\n|-sidestart|p2: bigstrahfye|move: Light Screen\n|move|p1a: Clodsire|Toxic|p2a: Zapdos\n|-status|p2a: Zapdos|tox\n|\n|-damage|p2a: Zapdos|69\/100 tox|[from] psn\n|upkeep\n|turn|14\n|\n|t:|1700094068\n|switch|p2a: Azumarill|Azumarill, M, shiny|100\/100\n|-damage|p2a: Azumarill|88\/100|[from] Stealth Rock\n|move|p1a: Clodsire|Sludge Bomb|p2a: Azumarill\n|-supereffective|p2a: Azumarill\n|-damage|p2a: Azumarill|72\/100\n|\n|upkeep\n|turn|15\n|\n|t:|1700094080\n|move|p2a: Azumarill|Ice Spinner|p1a: Clodsire\n|-supereffective|p1a: Clodsire\n|-damage|p1a: Clodsire|23\/100\n|-damage|p2a: Azumarill|62\/100|[from] item: Life Orb\n|move|p1a: Clodsire|Toxic|p2a: Azumarill\n|-status|p2a: Azumarill|tox\n|\n|-heal|p1a: Clodsire|29\/100|[from] item: Leftovers\n|-damage|p2a: Azumarill|55\/100 tox|[from] psn\n|upkeep\n|turn|16\n|\n|t:|1700094089\n|move|p1a: Clodsire|Protect|p1a: Clodsire\n|-singleturn|p1a: Clodsire|Protect\n|move|p2a: Azumarill|Ice Spinner|p1a: Clodsire\n|-activate|p1a: Clodsire|move: Protect\n|\n|-heal|p1a: Clodsire|35\/100|[from] item: Leftovers\n|-damage|p2a: Azumarill|43\/100 tox|[from] psn\n|upkeep\n|turn|17\n|\n|t:|1700094107\n|switch|p2a: Amoonguss|Amoonguss, M, shiny|56\/100\n|-damage|p2a: Amoonguss|44\/100|[from] Stealth Rock\n|switch|p1a: Gastrodon|Gastrodon-East, M, shiny|100\/100\n|\n|-sideend|p2: bigstrahfye|move: Light Screen\n|upkeep\n|turn|18\n|\n|t:|1700094125\n|switch|p1a: Clodsire|Clodsire, M|35\/100\n|move|p2a: Amoonguss|Stomping Tantrum|p1a: Clodsire\n|-supereffective|p1a: Clodsire\n|-damage|p1a: Clodsire|4\/100\n|\n|-heal|p1a: Clodsire|10\/100|[from] item: Leftovers\n|upkeep\n|turn|19\n|\n|t:|1700094135\n|move|p1a: Clodsire|Protect|p1a: Clodsire\n|-singleturn|p1a: Clodsire|Protect\n|move|p2a: Amoonguss|Stomping Tantrum|p1a: Clodsire\n|-activate|p1a: Clodsire|move: Protect\n|\n|-heal|p1a: Clodsire|17\/100|[from] item: Leftovers\n|upkeep\n|turn|20\n|\n|t:|1700094155\n|switch|p1a: Iron Treads|Iron Treads|100\/100\n|move|p2a: Amoonguss|Spore|p1a: Iron Treads\n|-message|Sleep Clause Mod activated.\n|-hint|Sleep Clause Mod prevents players from putting more than one of their opponent's Pok\u00e9mon to sleep at a time\n|\n|upkeep\n|turn|21\n|\n|t:|1700094168\n|move|p1a: Iron Treads|Knock Off|p2a: Amoonguss\n|-damage|p2a: Amoonguss|18\/100\n|-enditem|p2a: Amoonguss|Aguav Berry|[from] move: Knock Off|[of] p1a: Iron Treads\n|move|p2a: Amoonguss|Stomping Tantrum|p1a: Iron Treads\n|-supereffective|p1a: Iron Treads\n|-damage|p1a: Iron Treads|48\/100\n|\n|upkeep\n|turn|22\n|inactive|agaymerfry has 120 seconds left.\n|\n|t:|1700094185\n|move|p1a: Iron Treads|Iron Head|p2a: Amoonguss\n|-damage|p2a: Amoonguss|0 fnt\n|faint|p2a: Amoonguss\n|\n|upkeep\n|\n|t:|1700094192\n|switch|p2a: Zapdos|Zapdos|69\/100 tox\n|-damage|p2a: Zapdos|45\/100 tox|[from] Stealth Rock\n|turn|23\n|inactive|agaymerfry has 120 seconds left.\n|\n|t:|1700094213\n|move|p1a: Iron Treads|Knock Off|p2a: Zapdos\n|-damage|p2a: Zapdos|13\/100 tox\n|-enditem|p2a: Zapdos|Choice Specs|[from] move: Knock Off|[of] p1a: Iron Treads\n|move|p2a: Zapdos|Roost|p2a: Zapdos\n|-heal|p2a: Zapdos|63\/100 tox\n|-singleturn|p2a: Zapdos|move: Roost\n|\n|-damage|p2a: Zapdos|56\/100 tox|[from] psn\n|upkeep\n|turn|24\n|inactive|agaymerfry has 120 seconds left.\n|\n|t:|1700094224\n|move|p1a: Iron Treads|Iron Head|p2a: Zapdos\n|-resisted|p2a: Zapdos\n|-damage|p2a: Zapdos|36\/100 tox\n|move|p2a: Zapdos|Ancient Power|p1a: Iron Treads\n|-resisted|p1a: Iron Treads\n|-damage|p1a: Iron Treads|43\/100\n|-boost|p2a: Zapdos|atk|1\n|-boost|p2a: Zapdos|def|1\n|-boost|p2a: Zapdos|spa|1\n|-boost|p2a: Zapdos|spd|1\n|-boost|p2a: Zapdos|spe|1\n|\n|-damage|p2a: Zapdos|23\/100 tox|[from] psn\n|upkeep\n|turn|25\n|inactive|agaymerfry has 120 seconds left.\n|\n|t:|1700094243\n|move|p2a: Zapdos|Roost|p2a: Zapdos\n|-heal|p2a: Zapdos|73\/100 tox\n|-singleturn|p2a: Zapdos|move: Roost\n|move|p1a: Iron Treads|Rapid Spin|p2a: Zapdos\n|-damage|p2a: Zapdos|61\/100 tox\n|-boost|p1a: Iron Treads|spe|1\n|\n|-damage|p2a: Zapdos|43\/100 tox|[from] psn\n|upkeep\n|turn|26\n|\n|t:|1700094265\n|move|p1a: Iron Treads|Knock Off|p2a: Zapdos\n|-damage|p2a: Zapdos|27\/100 tox\n|move|p2a: Zapdos|Ancient Power|p1a: Iron Treads\n|-resisted|p1a: Iron Treads\n|-damage|p1a: Iron Treads|36\/100\n|-boost|p2a: Zapdos|atk|1\n|-boost|p2a: Zapdos|def|1\n|-boost|p2a: Zapdos|spa|1\n|-boost|p2a: Zapdos|spd|1\n|-boost|p2a: Zapdos|spe|1\n|\n|-damage|p2a: Zapdos|2\/100 tox|[from] psn\n|upkeep\n|turn|27\n|\n|t:|1700094281\n|move|p2a: Zapdos|Roost|p2a: Zapdos\n|-heal|p2a: Zapdos|52\/100 tox\n|-singleturn|p2a: Zapdos|move: Roost\n|move|p1a: Iron Treads|Iron Head|p2a: Zapdos\n|-resisted|p2a: Zapdos\n|-damage|p2a: Zapdos|42\/100 tox\n|\n|-damage|p2a: Zapdos|11\/100 tox|[from] psn\n|upkeep\n|turn|28\n|\n|t:|1700094290\n|move|p2a: Zapdos|Roost|p2a: Zapdos\n|-heal|p2a: Zapdos|61\/100 tox\n|-singleturn|p2a: Zapdos|move: Roost\n|move|p1a: Iron Treads|Earthquake|p2a: Zapdos\n|-supereffective|p2a: Zapdos\n|-damage|p2a: Zapdos|11\/100 tox\n|\n|-damage|p2a: Zapdos|0 fnt|[from] psn\n|faint|p2a: Zapdos\n|upkeep\n|\n|t:|1700094300\n|switch|p2a: Dragapult|Dragapult, F|37\/100 tox\n|-damage|p2a: Dragapult|25\/100 tox|[from] Stealth Rock\n|turn|29\n|\n|t:|1700094312\n|move|p1a: Iron Treads|Knock Off|p2a: Dragapult\n|-supereffective|p2a: Dragapult\n|-damage|p2a: Dragapult|0 fnt\n|-enditem|p2a: Dragapult|Leftovers|[from] move: Knock Off|[of] p1a: Iron Treads\n|faint|p2a: Dragapult\n|\n|upkeep\n|\n|t:|1700094317\n|switch|p2a: Azumarill|Azumarill, M, shiny|43\/100 tox\n|-damage|p2a: Azumarill|30\/100 tox|[from] Stealth Rock\n|turn|30\n|\n|t:|1700094330\n|move|p2a: Azumarill|Aqua Jet|p1a: Iron Treads\n|-supereffective|p1a: Iron Treads\n|-damage|p1a: Iron Treads|0 fnt\n|faint|p1a: Iron Treads\n|-end|p1a: Iron Treads|Quark Drive|[silent]\n|-damage|p2a: Azumarill|21\/100 tox|[from] item: Life Orb\n|\n|-damage|p2a: Azumarill|14\/100 tox|[from] psn\n|upkeep\n|\n|t:|1700094338\n|switch|p1a: Gastrodon|Gastrodon-East, M, shiny|100\/100\n|turn|31\n|\n|t:|1700094351\n|move|p2a: Azumarill|Ice Spinner|p1a: Gastrodon\n|-damage|p1a: Gastrodon|58\/100\n|-damage|p2a: Azumarill|4\/100 tox|[from] item: Life Orb\n|move|p1a: Gastrodon|Ice Beam|p2a: Azumarill\n|-resisted|p2a: Azumarill\n|-damage|p2a: Azumarill|0 fnt\n|faint|p2a: Azumarill\n|\n|win|agaymerfry\n|raw|agaymerfry's rating: 1071 &rarr; <strong>1094<\/strong><br \/>(+23 for winning)\n|raw|bigstrahfye's rating: 1000 &rarr; <strong>1000<\/strong><br \/>(+0 for losing)\n|l|\u2606bigstrahfye\n|c|\u2606agaymerfry|gg\n","uploadtime":1700094364,"views":8,"p1id":"agaymerfry","p2id":"bigstrahfye","formatid":"gen9ou","rating":1000,"private":0,"password":""}