{"id":"gen9ou-1997856303","p1":"Kanehusky13","p2":"Bi11 Russell","format":"[Gen 9] OU","log":"|j|\u2606Kanehusky13\n|j|\u203dBi11 Russell\n|t:|1700860274\n|gametype|singles\n|player|p1|Kanehusky13|101|1350\n|player|p2|Bi11 Russell|2|1294\n|teamsize|p1|6\n|teamsize|p2|6\n|gen|9\n|tier|[Gen 9] OU\n|rated|\n|rule|Sleep Clause Mod: Limit one foe put to sleep\n|rule|Species Clause: Limit one of each Pok\u00e9mon\n|rule|OHKO Clause: OHKO moves are banned\n|rule|Evasion Items Clause: Evasion items are banned\n|rule|Evasion Moves Clause: Evasion moves are banned\n|rule|Endless Battle Clause: Forcing endless battles is banned\n|rule|HP Percentage Mod: HP is shown in percentages\n|clearpoke\n|poke|p1|Ninetales, F|\n|poke|p1|Walking Wake|\n|poke|p1|Dragapult, F|\n|poke|p1|Lilligant-Hisui, F|\n|poke|p1|Cinderace, M|\n|poke|p1|Hatterene, F|\n|poke|p2|Rillaboom, M|\n|poke|p2|Zapdos|\n|poke|p2|Walking Wake|\n|poke|p2|Pelipper, M|\n|poke|p2|Mew|\n|poke|p2|Heatran, F|\n|teampreview\n|\n|t:|1700860285\n|start\n|switch|p1a: Dragapult|Dragapult, F|100\/100\n|switch|p2a: Mew|Mew|100\/100\n|turn|1\n|\n|t:|1700860289\n|move|p1a: Dragapult|U-turn|p2a: Mew\n|-supereffective|p2a: Mew\n|-damage|p2a: Mew|70\/100\n|\n|t:|1700860291\n|switch|p1a: Hatterene|Hatterene, F|100\/100|[from] U-turn\n|move|p2a: Mew|Thunder Wave|p1a: Hatterene\n|move|p1a: Hatterene|Thunder Wave|p2a: Mew|[from]ability: Magic Bounce\n|-status|p2a: Mew|par\n|-activate|p2a: Mew|ability: Synchronize\n|-status|p1a: Hatterene|par\n|\n|-heal|p2a: Mew|76\/100 par|[from] item: Leftovers\n|upkeep\n|turn|2\n|\n|t:|1700860297\n|cant|p2a: Mew|par\n|cant|p1a: Hatterene|par\n|\n|-heal|p2a: Mew|82\/100 par|[from] item: Leftovers\n|upkeep\n|turn|3\n|\n|t:|1700860304\n|switch|p2a: Rillaboom|Rillaboom, M|100\/100\n|-fieldstart|move: Grassy Terrain|[from] ability: Grassy Surge|[of] p2a: Rillaboom\n|move|p1a: Hatterene|Dazzling Gleam|p2a: Rillaboom\n|-damage|p2a: Rillaboom|33\/100\n|\n|-heal|p2a: Rillaboom|39\/100|[from] Grassy Terrain\n|upkeep\n|turn|4\n|\n|t:|1700860308\n|switch|p1a: Ninetales|Ninetales, F|100\/100\n|-weather|SunnyDay|[from] ability: Drought|[of] p1a: Ninetales\n|move|p2a: Rillaboom|Knock Off|p1a: Ninetales\n|-damage|p1a: Ninetales|54\/100\n|-enditem|p1a: Ninetales|Heat Rock|[from] move: Knock Off|[of] p2a: Rillaboom\n|\n|-weather|SunnyDay|[upkeep]\n|-heal|p1a: Ninetales|60\/100|[from] Grassy Terrain\n|-heal|p2a: Rillaboom|45\/100|[from] Grassy Terrain\n|upkeep\n|turn|5\n|\n|t:|1700860315\n|move|p1a: Ninetales|Hypnosis|p2a: Rillaboom\n|-status|p2a: Rillaboom|slp|[from] move: Hypnosis\n|cant|p2a: Rillaboom|slp\n|\n|-weather|SunnyDay|[upkeep]\n|-heal|p1a: Ninetales|66\/100|[from] Grassy Terrain\n|-heal|p2a: Rillaboom|51\/100 slp|[from] Grassy Terrain\n|upkeep\n|turn|6\n|\n|t:|1700860319\n|switch|p1a: Lilligant|Lilligant-Hisui, F|100\/100\n|switch|p2a: Mew|Mew|82\/100 par\n|\n|-weather|SunnyDay|[upkeep]\n|-heal|p2a: Mew|88\/100 par|[from] Grassy Terrain\n|-heal|p2a: Mew|95\/100 par|[from] item: Leftovers\n|upkeep\n|turn|7\n|\n|t:|1700860327\n|switch|p2a: Pelipper|Pelipper, M|100\/100\n|-weather|RainDance|[from] ability: Drizzle|[of] p2a: Pelipper\n|move|p1a: Lilligant|Solar Blade||[still]\n|-prepare|p1a: Lilligant|Solar Blade\n|\n|-weather|RainDance|[upkeep]\n|upkeep\n|turn|8\n|\n|t:|1700860333\n|move|p1a: Lilligant|Solar Blade|p2a: Pelipper|[from]lockedmove\n|-damage|p2a: Pelipper|43\/100\n|-damage|p1a: Lilligant|91\/100|[from] item: Life Orb\n|move|p2a: Pelipper|Hurricane|p1a: Lilligant\n|-supereffective|p1a: Lilligant\n|-damage|p1a: Lilligant|0 fnt\n|faint|p1a: Lilligant\n|\n|-weather|RainDance|[upkeep]\n|upkeep\n|\n|t:|1700860338\n|switch|p1a: Ninetales|Ninetales, F|66\/100\n|-weather|SunnyDay|[from] ability: Drought|[of] p1a: Ninetales\n|turn|9\n|\n|t:|1700860344\n|switch|p1a: Walking Wake|Walking Wake|100\/100\n|-activate|p1a: Walking Wake|ability: Protosynthesis\n|-start|p1a: Walking Wake|protosynthesisspe\n|switch|p2a: Mew|Mew|95\/100 par\n|\n|-weather|SunnyDay|[upkeep]\n|-heal|p2a: Mew|100\/100 par|[from] Grassy Terrain\n|upkeep\n|turn|10\n|\n|t:|1700860347\n|move|p1a: Walking Wake|Hurricane|p2a: Mew\n|-damage|p2a: Mew|51\/100 par\n|move|p2a: Mew|Thunder Wave|p1a: Walking Wake\n|-status|p1a: Walking Wake|par\n|\n|-weather|SunnyDay|[upkeep]\n|-heal|p2a: Mew|57\/100 par|[from] Grassy Terrain\n|-heal|p2a: Mew|63\/100 par|[from] item: Leftovers\n|-fieldend|move: Grassy Terrain\n|upkeep\n|turn|11\n|\n|t:|1700860355\n|-end|p1a: Walking Wake|Protosynthesis|[silent]\n|switch|p1a: Hatterene|Hatterene, F|100\/100 par\n|move|p2a: Mew|Transform|p1a: Hatterene\n|-transform|p2a: Mew|p1a: Hatterene\n|\n|-weather|SunnyDay|[upkeep]\n|-heal|p2a: Mew|70\/100 par|[from] item: Leftovers\n|upkeep\n|turn|12\n|\n|t:|1700860364\n|cant|p1a: Hatterene|par\n|move|p2a: Mew|Healing Wish|p2a: Mew\n|faint|p2a: Mew\n|\n|-weather|SunnyDay|[upkeep]\n|upkeep\n|\n|t:|1700860368\n|switch|p2a: Rillaboom|Rillaboom, M|51\/100 slp\n|-heal|p2a: Rillaboom|100\/100|[from] move: Healing Wish\n|-fieldstart|move: Grassy Terrain|[from] ability: Grassy Surge|[of] p2a: Rillaboom\n|turn|13\n|-message|Kanehusky13 forfeited.\n|\n|win|Bi11 Russell\n|raw|Kanehusky13's rating: 1350 &rarr; <strong>1327<\/strong><br \/>(-23 for losing)\n|raw|Bi11 Russell's rating: 1294 &rarr; <strong>1323<\/strong><br \/>(+29 for winning)\n|c|\u2606Kanehusky13|gg\n|l|\u2606Kanehusky13\n","uploadtime":1700860381,"views":12,"p1id":"kanehusky13","p2id":"bi11russell","formatid":"gen9ou","rating":1323,"private":0,"password":""}