{"id":"gen9ou-1997625075","p1":"Soul Reaper 1406","p2":"guzmfran","format":"[Gen 9] OU","log":"|j|\u2606Soul Reaper 1406\n|j|\u2606guzmfran\n|t:|1700834520\n|gametype|singles\n|player|p1|Soul Reaper 1406|benga|\n|player|p2|guzmfran|ninjaboy|\n|teamsize|p1|6\n|teamsize|p2|6\n|gen|9\n|tier|[Gen 9] OU\n|rule|Sleep Clause Mod: Limit one foe put to sleep\n|rule|Species Clause: Limit one of each Pok\u00e9mon\n|rule|OHKO Clause: OHKO moves are banned\n|rule|Evasion Items Clause: Evasion items are banned\n|rule|Evasion Moves Clause: Evasion moves are banned\n|rule|Endless Battle Clause: Forcing endless battles is banned\n|rule|HP Percentage Mod: HP is shown in percentages\n|clearpoke\n|poke|p1|Lucario, F|\n|poke|p1|Bisharp, M|\n|poke|p1|Corviknight, F|\n|poke|p1|Heatran, F|\n|poke|p1|Gholdengo|\n|poke|p1|Kingambit, F|\n|poke|p2|Clawitzer, F|\n|poke|p2|Slowking, M|\n|poke|p2|Skeledirge, M|\n|poke|p2|Dragonite, F|\n|poke|p2|Basculegion-F, F|\n|poke|p2|Pelipper, F|\n|teampreview\n|c|\u2606Soul Reaper 1406|hello\n|\n|t:|1700834557\n|start\n|switch|p1a: Lucario|Lucario, F|100\/100\n|switch|p2a: Dragonite|Dragonite, F|100\/100\n|turn|1\n|\n|t:|1700834565\n|move|p1a: Lucario|Ice Punch|p2a: Dragonite\n|-supereffective|p2a: Dragonite\n|-damage|p2a: Dragonite|0 fnt\n|faint|p2a: Dragonite\n|\n|upkeep\n|\n|t:|1700834573\n|switch|p2a: Pelipper|Pelipper, F|100\/100\n|-weather|RainDance|[from] ability: Drizzle|[of] p2a: Pelipper\n|turn|2\n|\n|t:|1700834594\n|move|p1a: Lucario|Ice Punch|p2a: Pelipper\n|-damage|p2a: Pelipper|81\/100\n|move|p2a: Pelipper|U-turn|p1a: Lucario\n|-resisted|p1a: Lucario\n|-damage|p1a: Lucario|97\/100\n|\n|t:|1700834600\n|switch|p2a: Basculegion|Basculegion-F, F|100\/100|[from] U-turn\n|\n|-weather|RainDance|[upkeep]\n|upkeep\n|turn|3\n|\n|t:|1700834614\n|-terastallize|p2a: Basculegion|Water\n|move|p2a: Basculegion|Surf|p1a: Lucario\n|-damage|p1a: Lucario|0 fnt\n|faint|p1a: Lucario\n|\n|-weather|RainDance|[upkeep]\n|upkeep\n|\n|t:|1700834631\n|switch|p1a: Bisharp|Bisharp, M|100\/100\n|-ability|p1a: Bisharp|Pressure\n|turn|4\n|\n|t:|1700834643\n|move|p2a: Basculegion|Surf|p1a: Bisharp\n|-damage|p1a: Bisharp|26\/100\n|move|p1a: Bisharp|Iron Defense|p1a: Bisharp\n|-boost|p1a: Bisharp|def|2\n|\n|-weather|RainDance|[upkeep]\n|upkeep\n|turn|5\n|\n|t:|1700834650\n|move|p2a: Basculegion|Surf|p1a: Bisharp\n|-damage|p1a: Bisharp|0 fnt\n|faint|p1a: Bisharp\n|\n|-weather|RainDance|[upkeep]\n|upkeep\n|\n|t:|1700834654\n|switch|p1a: Corviknight|Corviknight, F|100\/100\n|turn|6\n|\n|t:|1700834683\n|move|p2a: Basculegion|Surf|p1a: Corviknight\n|-damage|p1a: Corviknight|0 fnt\n|faint|p1a: Corviknight\n|\n|-weather|RainDance|[upkeep]\n|upkeep\n|\n|t:|1700834690\n|switch|p1a: Gholdengo|Gholdengo|100\/100\n|turn|7\n|\n|t:|1700834703\n|move|p2a: Basculegion|Surf|p1a: Gholdengo\n|-damage|p1a: Gholdengo|0 fnt\n|faint|p1a: Gholdengo\n|\n|-weather|RainDance|[upkeep]\n|upkeep\n|\n|t:|1700834708\n|switch|p1a: Heatran|Heatran, F|100\/100\n|turn|8\n|\n|t:|1700834716\n|move|p2a: Basculegion|Surf|p1a: Heatran\n|-supereffective|p1a: Heatran\n|-damage|p1a: Heatran|0 fnt\n|faint|p1a: Heatran\n|\n|-weather|RainDance|[upkeep]\n|upkeep\n|\n|t:|1700834722\n|switch|p1a: Kingambit|Kingambit, F|100\/100\n|-activate|p1a: Kingambit|ability: Supreme Overlord\n|-start|p1a: Kingambit|fallen5|[silent]\n|turn|9\n|\n|t:|1700834727\n|move|p2a: Basculegion|Surf|p1a: Kingambit\n|-crit|p1a: Kingambit\n|-damage|p1a: Kingambit|0 fnt\n|faint|p1a: Kingambit\n|-end|p1a: Kingambit|fallen5|[silent]\n|\n|win|guzmfran\n","uploadtime":1700834734,"views":2,"p1id":"soulreaper1406","p2id":"guzmfran","formatid":"gen9ou","rating":0,"private":0,"password":""}