{"id":"gen9ou-1993328987","p1":"reisongoh","p2":"Andrews Finn3","format":"[Gen 9] OU","log":"|j|\u2606reisongoh\n|j|\u2606Andrews Finn3\n|t:|1700299444\n|gametype|singles\n|player|p1|reisongoh|102|1075\n|player|p2|Andrews Finn3|steven|1100\n|teamsize|p1|6\n|teamsize|p2|6\n|gen|9\n|tier|[Gen 9] OU\n|rated|\n|rule|Sleep Clause Mod: Limit one foe put to sleep\n|rule|Species Clause: Limit one of each Pok\u00e9mon\n|rule|OHKO Clause: OHKO moves are banned\n|rule|Evasion Items Clause: Evasion items are banned\n|rule|Evasion Moves Clause: Evasion moves are banned\n|rule|Endless Battle Clause: Forcing endless battles is banned\n|rule|HP Percentage Mod: HP is shown in percentages\n|clearpoke\n|poke|p1|Okidogi, M|\n|poke|p1|Landorus-Therian, M|\n|poke|p1|Greninja-*, M|\n|poke|p1|Heatran, F|\n|poke|p1|Kingambit, M|\n|poke|p1|Zapdos|\n|poke|p2|Alomomola, F|\n|poke|p2|Slowking-Galar, F|\n|poke|p2|Kingambit, F|\n|poke|p2|Great Tusk|\n|poke|p2|Cinderace, F|\n|poke|p2|Thundurus-Therian, M|\n|teampreview\n|\n|t:|1700299462\n|start\n|switch|p1a: Okidogi|Okidogi, M|100\/100\n|switch|p2a: Great Tusk|Great Tusk|100\/100\n|turn|1\n|\n|t:|1700299469\n|move|p2a: Great Tusk|Stealth Rock|p1a: Okidogi\n|-sidestart|p1: reisongoh|move: Stealth Rock\n|move|p1a: Okidogi|Bulk Up|p1a: Okidogi\n|-boost|p1a: Okidogi|atk|1\n|-boost|p1a: Okidogi|def|1\n|\n|upkeep\n|turn|2\n|\n|t:|1700299476\n|move|p2a: Great Tusk|Headlong Rush|p1a: Okidogi\n|-supereffective|p1a: Okidogi\n|-damage|p1a: Okidogi|32\/100\n|-unboost|p2a: Great Tusk|def|1\n|-unboost|p2a: Great Tusk|spd|1\n|move|p1a: Okidogi|Knock Off|p2a: Great Tusk\n|-resisted|p2a: Great Tusk\n|-damage|p2a: Great Tusk|72\/100\n|-damage|p1a: Okidogi|15\/100|[from] item: Rocky Helmet|[of] p2a: Great Tusk\n|-status|p2a: Great Tusk|tox|[from] ability: Toxic Chain|[of] p1a: Okidogi\n|-enditem|p2a: Great Tusk|Rocky Helmet|[from] move: Knock Off|[of] p1a: Okidogi\n|\n|-heal|p1a: Okidogi|22\/100|[from] item: Leftovers\n|-damage|p2a: Great Tusk|66\/100 tox|[from] psn\n|upkeep\n|turn|3\n|\n|t:|1700299486\n|switch|p1a: Landorus|Landorus-Therian, M|100\/100\n|-damage|p1a: Landorus|88\/100|[from] Stealth Rock\n|-ability|p1a: Landorus|Intimidate|boost\n|-unboost|p2a: Great Tusk|atk|1\n|move|p2a: Great Tusk|Headlong Rush|p1a: Landorus\n|-immune|p1a: Landorus\n|\n|-damage|p2a: Great Tusk|54\/100 tox|[from] psn\n|upkeep\n|turn|4\n|\n|t:|1700299490\n|move|p2a: Great Tusk|Ice Spinner|p1a: Landorus\n|-supereffective|p1a: Landorus\n|-damage|p1a: Landorus|34\/100\n|-damage|p2a: Great Tusk|37\/100 tox|[from] item: Rocky Helmet|[of] p1a: Landorus\n|move|p1a: Landorus|Stealth Rock|p2a: Great Tusk\n|-sidestart|p2: Andrews Finn3|move: Stealth Rock\n|\n|-damage|p2a: Great Tusk|19\/100 tox|[from] psn\n|upkeep\n|turn|5\n|\n|t:|1700299502\n|switch|p1a: Okidogi|Okidogi, M|22\/100\n|-damage|p1a: Okidogi|15\/100|[from] Stealth Rock\n|move|p2a: Great Tusk|Rapid Spin|p1a: Okidogi\n|-damage|p1a: Okidogi|5\/100\n|-boost|p2a: Great Tusk|spe|1\n|-sideend|p2: Andrews Finn3|Stealth Rock|[from] move: Rapid Spin|[of] p2a: Great Tusk\n|\n|-heal|p1a: Okidogi|12\/100|[from] item: Leftovers\n|-damage|p2a: Great Tusk|0 fnt|[from] psn\n|faint|p2a: Great Tusk\n|-end|p2a: Great Tusk|Protosynthesis|[silent]\n|upkeep\n|\n|t:|1700299519\n|switch|p2a: Cinderace|Cinderace, F|100\/100\n|turn|6\n|\n|t:|1700299523\n|move|p2a: Cinderace|Pyro Ball|p1a: Okidogi|[miss]\n|-miss|p2a: Cinderace|p1a: Okidogi\n|move|p1a: Okidogi|Drain Punch|p2a: Cinderace\n|-damage|p2a: Cinderace|44\/100\n|-heal|p1a: Okidogi|34\/100|[from] drain|[of] p2a: Cinderace\n|\n|-heal|p1a: Okidogi|40\/100|[from] item: Leftovers\n|upkeep\n|turn|7\n|\n|t:|1700299527\n|move|p2a: Cinderace|Pyro Ball|p1a: Okidogi\n|-crit|p1a: Okidogi\n|-damage|p1a: Okidogi|0 fnt\n|faint|p1a: Okidogi\n|\n|upkeep\n|\n|t:|1700299531\n|switch|p1a: Greninja|Greninja, M|100\/100\n|-damage|p1a: Greninja|88\/100|[from] Stealth Rock\n|turn|8\n|\n|t:|1700299537\n|switch|p2a: Slowking|Slowking-Galar, F|100\/100\n|move|p1a: Greninja|Dark Pulse|p2a: Slowking\n|-supereffective|p2a: Slowking\n|-damage|p2a: Slowking|42\/100\n|\n|upkeep\n|turn|9\n|\n|t:|1700299550\n|switch|p2a: Kingambit|Kingambit, F|100\/100\n|-activate|p2a: Kingambit|ability: Supreme Overlord\n|-start|p2a: Kingambit|fallen1|[silent]\n|move|p1a: Greninja|Dark Pulse|p2a: Kingambit\n|-resisted|p2a: Kingambit\n|-damage|p2a: Kingambit|73\/100\n|\n|-heal|p2a: Kingambit|79\/100|[from] item: Leftovers\n|upkeep\n|turn|10\n|\n|t:|1700299560\n|switch|p1a: Landorus|Landorus-Therian, M|34\/100\n|-damage|p1a: Landorus|21\/100|[from] Stealth Rock\n|-ability|p1a: Landorus|Intimidate|boost\n|-unboost|p2a: Kingambit|atk|1\n|move|p2a: Kingambit|Kowtow Cleave|p1a: Landorus\n|-damage|p1a: Landorus|0 fnt\n|-damage|p2a: Kingambit|63\/100|[from] item: Rocky Helmet|[of] p1a: Landorus\n|faint|p1a: Landorus\n|\n|-heal|p2a: Kingambit|69\/100|[from] item: Leftovers\n|upkeep\n|\n|t:|1700299568\n|switch|p1a: Heatran|Heatran, F|100\/100\n|-damage|p1a: Heatran|88\/100|[from] Stealth Rock\n|turn|11\n|\n|t:|1700299578\n|switch|p1a: Zapdos|Zapdos|100\/100\n|-end|p2a: Kingambit|fallen1|[silent]\n|switch|p2a: Alomomola|Alomomola, F|100\/100\n|\n|upkeep\n|turn|12\n|\n|t:|1700299586\n|switch|p1a: Kingambit|Kingambit, M|100\/100\n|-damage|p1a: Kingambit|94\/100|[from] Stealth Rock\n|-activate|p1a: Kingambit|ability: Supreme Overlord\n|-start|p1a: Kingambit|fallen2|[silent]\n|switch|p2a: Thundurus|Thundurus-Therian, M|100\/100\n|\n|upkeep\n|turn|13\n|\n|t:|1700299591\n|move|p2a: Thundurus|Volt Switch|p1a: Kingambit\n|-damage|p1a: Kingambit|27\/100\n|\n|t:|1700299599\n|switch|p2a: Alomomola|Alomomola, F|100\/100|[from] Volt Switch\n|move|p1a: Kingambit|Swords Dance|p1a: Kingambit\n|-boost|p1a: Kingambit|atk|2\n|\n|upkeep\n|turn|14\n|\n|t:|1700299610\n|move|p1a: Kingambit|Iron Head|p2a: Alomomola\n|-resisted|p2a: Alomomola\n|-damage|p2a: Alomomola|69\/100\n|-enditem|p2a: Alomomola|Red Card|[of] p1a: Kingambit\n|-end|p1a: Kingambit|fallen2|[silent]\n|drag|p1a: Heatran|Heatran, F|88\/100\n|-damage|p1a: Heatran|76\/100|[from] Stealth Rock\n|move|p2a: Alomomola|Scald|p1a: Heatran\n|-supereffective|p1a: Heatran\n|-damage|p1a: Heatran|47\/100\n|\n|-heal|p1a: Heatran|53\/100|[from] item: Leftovers\n|upkeep\n|turn|15\n|\n|t:|1700299622\n|switch|p1a: Zapdos|Zapdos|100\/100\n|move|p2a: Alomomola|Wish|p2a: Alomomola\n|\n|upkeep\n|turn|16\n|\n|t:|1700299628\n|switch|p2a: Thundurus|Thundurus-Therian, M|100\/100\n|move|p1a: Zapdos|Volt Switch|p2a: Thundurus\n|-immune|p2a: Thundurus|[from] ability: Volt Absorb\n|\n|upkeep\n|turn|17\n|\n|t:|1700299635\n|move|p2a: Thundurus|Volt Switch|p1a: Zapdos\n|-damage|p1a: Zapdos|41\/100\n|\n|t:|1700299640\n|switch|p2a: Slowking|Slowking-Galar, F|76\/100|[from] Volt Switch\n|move|p1a: Zapdos|Heat Wave|p2a: Slowking\n|-damage|p2a: Slowking|62\/100\n|\n|upkeep\n|turn|18\n|\n|t:|1700299651\n|move|p1a: Zapdos|Volt Switch|p2a: Slowking\n|-damage|p2a: Slowking|45\/100\n|\n|t:|1700299654\n|switch|p1a: Greninja|Greninja, M|88\/100|[from] Volt Switch\n|-damage|p1a: Greninja|76\/100|[from] Stealth Rock\n|move|p2a: Slowking|Chilly Reception|p2a: Slowking\n|-weather|Snow\n|\n|t:|1700299676\n|switch|p2a: Alomomola|Alomomola, F|100\/100|[from] Chilly Reception\n|\n|-weather|Snow|[upkeep]\n|upkeep\n|turn|19\n|\n|t:|1700299683\n|move|p1a: Greninja|Dark Pulse|p2a: Alomomola\n|-damage|p2a: Alomomola|53\/100\n|move|p2a: Alomomola|Flip Turn|p1a: Greninja\n|-resisted|p1a: Greninja\n|-damage|p1a: Greninja|62\/100\n|\n|t:|1700299702\n|switch|p2a: Kingambit|Kingambit, F|69\/100|[from] Flip Turn\n|-activate|p2a: Kingambit|ability: Supreme Overlord\n|-start|p2a: Kingambit|fallen1|[silent]\n|\n|-weather|Snow|[upkeep]\n|-heal|p2a: Kingambit|75\/100|[from] item: Leftovers\n|upkeep\n|turn|20\n|\n|t:|1700299710\n|switch|p1a: Zapdos|Zapdos|41\/100\n|move|p2a: Kingambit|Kowtow Cleave|p1a: Zapdos\n|-damage|p1a: Zapdos|0 fnt\n|-status|p2a: Kingambit|par|[from] ability: Static|[of] p1a: Zapdos\n|faint|p1a: Zapdos\n|\n|-weather|Snow|[upkeep]\n|-heal|p2a: Kingambit|81\/100 par|[from] item: Leftovers\n|upkeep\n|\n|t:|1700299713\n|switch|p1a: Greninja|Greninja, M|62\/100\n|-damage|p1a: Greninja|50\/100|[from] Stealth Rock\n|turn|21\n|\n|t:|1700299722\n|move|p2a: Kingambit|Sucker Punch|p1a: Greninja\n|-resisted|p1a: Greninja\n|-damage|p1a: Greninja|11\/100\n|move|p1a: Greninja|Hydro Pump|p2a: Kingambit\n|-damage|p2a: Kingambit|5\/100 par\n|\n|-weather|Snow|[upkeep]\n|-heal|p2a: Kingambit|12\/100 par|[from] item: Leftovers\n|upkeep\n|turn|22\n|\n|t:|1700299741\n|switch|p1a: Heatran|Heatran, F|53\/100\n|-damage|p1a: Heatran|41\/100|[from] Stealth Rock\n|-end|p2a: Kingambit|fallen1|[silent]\n|switch|p2a: Slowking|Slowking-Galar, F|79\/100\n|\n|-weather|none\n|-heal|p1a: Heatran|47\/100|[from] item: Leftovers\n|upkeep\n|turn|23\n|\n|t:|1700299747\n|move|p1a: Heatran|Magma Storm|p2a: Slowking|[miss]\n|-miss|p1a: Heatran|p2a: Slowking\n|move|p2a: Slowking|Chilly Reception|p2a: Slowking\n|-weather|Snow\n|\n|t:|1700299753\n|switch|p2a: Alomomola|Alomomola, F|86\/100|[from] Chilly Reception\n|\n|-weather|Snow|[upkeep]\n|-heal|p1a: Heatran|53\/100|[from] item: Leftovers\n|upkeep\n|turn|24\n|\n|t:|1700299760\n|move|p1a: Heatran|Flash Cannon|p2a: Alomomola\n|-resisted|p2a: Alomomola\n|-damage|p2a: Alomomola|66\/100\n|move|p2a: Alomomola|Wish|p2a: Alomomola\n|\n|-weather|Snow|[upkeep]\n|-heal|p1a: Heatran|60\/100|[from] item: Leftovers\n|upkeep\n|turn|25\n|-message|reisongoh forfeited.\n|\n|win|Andrews Finn3\n|raw|reisongoh's rating: 1075 &rarr; <strong>1055<\/strong><br \/>(-20 for losing)\n|raw|Andrews Finn3's rating: 1100 &rarr; <strong>1123<\/strong><br \/>(+23 for winning)\n|l|\u2606reisongoh\n|c|\u2606Andrews Finn3|gg\n","uploadtime":1700300196,"views":10,"p1id":"reisongoh","p2id":"andrewsfinn3","formatid":"gen9ou","rating":1055,"private":0,"password":""}