{"id":"gen9ou-1991202551","p1":"Mansonabuluting","p2":"Theonreekgreyjoy","format":"[Gen 9] OU","log":"|j|\u2606Mansonabuluting\n|j|\u2606Theonreekgreyjoy\n|t:|1700056676\n|gametype|singles\n|player|p1|Mansonabuluting|bellelba|1690\n|player|p2|Theonreekgreyjoy|266|1777\n|teamsize|p1|6\n|teamsize|p2|6\n|gen|9\n|tier|[Gen 9] OU\n|rated|\n|rule|Sleep Clause Mod: Limit one foe put to sleep\n|rule|Species Clause: Limit one of each Pok\u00e9mon\n|rule|OHKO Clause: OHKO moves are banned\n|rule|Evasion Items Clause: Evasion items are banned\n|rule|Evasion Moves Clause: Evasion moves are banned\n|rule|Endless Battle Clause: Forcing endless battles is banned\n|rule|HP Percentage Mod: HP is shown in percentages\n|clearpoke\n|poke|p1|Goodra-Hisui, F|\n|poke|p1|Rillaboom, F|\n|poke|p1|Hawlucha, M|\n|poke|p1|Thundurus-Therian, M|\n|poke|p1|Great Tusk|\n|poke|p1|Volcanion|\n|poke|p2|Hatterene, F|\n|poke|p2|Manaphy|\n|poke|p2|Heatran, M|\n|poke|p2|Zamazenta-*|\n|poke|p2|Sneasler, F|\n|poke|p2|Rillaboom, M|\n|teampreview\n|inactive|Battle timer is ON: inactive players will automatically lose when time's up. (requested by Mansonabuluting)\n|inactive|Theonreekgreyjoy has 120 seconds left.\n|inactive|Theonreekgreyjoy has 90 seconds left.\n|inactive|Theonreekgreyjoy has 60 seconds left.\n|\n|t:|1700056801\n|start\n|switch|p1a: Rillaboom|Rillaboom, F|100\/100\n|switch|p2a: Rillaboom|Rillaboom, M|100\/100\n|-fieldstart|move: Grassy Terrain|[from] ability: Grassy Surge|[of] p2a: Rillaboom\n|turn|1\n|\n|t:|1700056809\n|switch|p1a: Thundurus|Thundurus-Therian, M|100\/100\n|move|p2a: Rillaboom|U-turn|p1a: Thundurus\n|-resisted|p1a: Thundurus\n|-damage|p1a: Thundurus|73\/100\n|\n|t:|1700056829\n|switch|p2a: Sneasler|Sneasler, F|100\/100|[from] U-turn\n|-enditem|p2a: Sneasler|Grassy Seed\n|-boost|p2a: Sneasler|def|1|[from] item: Grassy Seed\n|\n|upkeep\n|turn|2\n|\n|t:|1700056842\n|move|p2a: Sneasler|Dire Claw|p1a: Thundurus\n|-damage|p1a: Thundurus|7\/100\n|move|p1a: Thundurus|Volt Switch|p2a: Sneasler\n|-damage|p2a: Sneasler|46\/100\n|\n|t:|1700056846\n|switch|p1a: Great Tusk|Great Tusk|100\/100|[from] Volt Switch\n|\n|-heal|p2a: Sneasler|52\/100|[from] Grassy Terrain\n|upkeep\n|turn|3\n|\n|t:|1700056852\n|move|p2a: Sneasler|Dire Claw|p1a: Great Tusk\n|-resisted|p1a: Great Tusk\n|-damage|p1a: Great Tusk|89\/100\n|-status|p1a: Great Tusk|par\n|-damage|p2a: Sneasler|35\/100|[from] item: Rocky Helmet|[of] p1a: Great Tusk\n|move|p1a: Great Tusk|Stealth Rock|p2a: Sneasler\n|-sidestart|p2: Theonreekgreyjoy|move: Stealth Rock\n|\n|-heal|p2a: Sneasler|42\/100|[from] Grassy Terrain\n|-heal|p1a: Great Tusk|96\/100 par|[from] Grassy Terrain\n|upkeep\n|turn|4\n|inactive|Theonreekgreyjoy has 120 seconds left.\n|inactive|Mansonabuluting has 120 seconds left.\n|\n|t:|1700056884\n|move|p2a: Sneasler|Swords Dance|p2a: Sneasler\n|-boost|p2a: Sneasler|atk|2\n|cant|p1a: Great Tusk|par\n|\n|-heal|p2a: Sneasler|48\/100|[from] Grassy Terrain\n|-heal|p1a: Great Tusk|100\/100 par|[from] Grassy Terrain\n|upkeep\n|turn|5\n|\n|t:|1700056887\n|move|p2a: Sneasler|Close Combat|p1a: Great Tusk\n|-damage|p1a: Great Tusk|29\/100 par\n|-unboost|p2a: Sneasler|def|1\n|-unboost|p2a: Sneasler|spd|1\n|-damage|p2a: Sneasler|31\/100|[from] item: Rocky Helmet|[of] p1a: Great Tusk\n|cant|p1a: Great Tusk|par\n|\n|-heal|p2a: Sneasler|37\/100|[from] Grassy Terrain\n|-heal|p1a: Great Tusk|35\/100 par|[from] Grassy Terrain\n|-fieldend|move: Grassy Terrain\n|upkeep\n|turn|6\n|\n|t:|1700056900\n|move|p2a: Sneasler|Close Combat|p1a: Great Tusk\n|-damage|p1a: Great Tusk|0 fnt\n|-unboost|p2a: Sneasler|def|1\n|-unboost|p2a: Sneasler|spd|1\n|-damage|p2a: Sneasler|21\/100|[from] item: Rocky Helmet|[of] p1a: Great Tusk\n|faint|p1a: Great Tusk\n|-end|p1a: Great Tusk|Protosynthesis|[silent]\n|\n|upkeep\n|\n|t:|1700056903\n|switch|p1a: Rillaboom|Rillaboom, F|100\/100\n|-fieldstart|move: Grassy Terrain|[from] ability: Grassy Surge|[of] p1a: Rillaboom\n|turn|7\n|\n|t:|1700056913\n|switch|p2a: Heatran|Heatran, M|100\/100\n|-damage|p2a: Heatran|88\/100|[from] Stealth Rock\n|-item|p2a: Heatran|Air Balloon\n|move|p1a: Rillaboom|Grassy Glide|p2a: Heatran\n|-resisted|p2a: Heatran\n|-crit|p2a: Heatran\n|-damage|p2a: Heatran|70\/100\n|-enditem|p2a: Heatran|Air Balloon\n|\n|-heal|p2a: Heatran|76\/100|[from] Grassy Terrain\n|upkeep\n|turn|8\n|j| bm4604\n|\n|t:|1700056935\n|switch|p1a: Volcanion|Volcanion|100\/100\n|switch|p2a: Sneasler|Sneasler, F|21\/100\n|-damage|p2a: Sneasler|15\/100|[from] Stealth Rock\n|\n|-heal|p2a: Sneasler|21\/100|[from] Grassy Terrain\n|upkeep\n|turn|9\n|\n|t:|1700056950\n|move|p2a: Sneasler|Dire Claw|p1a: Volcanion\n|-damage|p1a: Volcanion|63\/100\n|-status|p1a: Volcanion|psn\n|move|p1a: Volcanion|Steam Eruption|p2a: Sneasler\n|-damage|p2a: Sneasler|0 fnt\n|faint|p2a: Sneasler\n|\n|-heal|p1a: Volcanion|69\/100 psn|[from] Grassy Terrain\n|-damage|p1a: Volcanion|57\/100 psn|[from] psn\n|upkeep\n|\n|t:|1700056965\n|switch|p2a: Manaphy|Manaphy|100\/100\n|-damage|p2a: Manaphy|88\/100|[from] Stealth Rock\n|turn|10\n|\n|t:|1700056970\n|switch|p1a: Thundurus|Thundurus-Therian, M|7\/100\n|move|p2a: Manaphy|Take Heart|p2a: Manaphy\n|-boost|p2a: Manaphy|spa|1\n|-boost|p2a: Manaphy|spd|1\n|\n|-heal|p2a: Manaphy|94\/100|[from] Grassy Terrain\n|-heal|p2a: Manaphy|100\/100|[from] item: Leftovers\n|upkeep\n|turn|11\n|\n|t:|1700056980\n|move|p1a: Thundurus|Volt Switch|p2a: Manaphy\n|-supereffective|p2a: Manaphy\n|-damage|p2a: Manaphy|55\/100\n|\n|t:|1700056995\n|switch|p1a: Goodra|Goodra-Hisui, F|100\/100|[from] Volt Switch\n|move|p2a: Manaphy|Stored Power|p1a: Goodra\n|-resisted|p1a: Goodra\n|-damage|p1a: Goodra|96\/100\n|\n|-heal|p2a: Manaphy|61\/100|[from] Grassy Terrain\n|-heal|p2a: Manaphy|68\/100|[from] item: Leftovers\n|-heal|p1a: Goodra|100\/100|[from] Grassy Terrain\n|-fieldend|move: Grassy Terrain\n|upkeep\n|turn|12\n|\n|t:|1700057002\n|move|p2a: Manaphy|Take Heart|p2a: Manaphy\n|-boost|p2a: Manaphy|spa|1\n|-boost|p2a: Manaphy|spd|1\n|move|p1a: Goodra|Draco Meteor|p2a: Manaphy|[miss]\n|-miss|p1a: Goodra|p2a: Manaphy\n|\n|-heal|p2a: Manaphy|74\/100|[from] item: Leftovers\n|upkeep\n|turn|13\n|\n|t:|1700057008\n|switch|p1a: Rillaboom|Rillaboom, F|100\/100\n|-fieldstart|move: Grassy Terrain|[from] ability: Grassy Surge|[of] p1a: Rillaboom\n|move|p2a: Manaphy|Take Heart|p2a: Manaphy\n|-boost|p2a: Manaphy|spa|1\n|-boost|p2a: Manaphy|spd|1\n|\n|-heal|p2a: Manaphy|80\/100|[from] Grassy Terrain\n|-heal|p2a: Manaphy|86\/100|[from] item: Leftovers\n|upkeep\n|turn|14\n|\n|t:|1700057015\n|-terastallize|p2a: Manaphy|Poison\n|-terastallize|p1a: Rillaboom|Grass\n|move|p1a: Rillaboom|Grassy Glide|p2a: Manaphy\n|-resisted|p2a: Manaphy\n|-damage|p2a: Manaphy|57\/100\n|move|p2a: Manaphy|Acid Armor|p2a: Manaphy\n|-boost|p2a: Manaphy|def|2\n|\n|-heal|p2a: Manaphy|63\/100|[from] Grassy Terrain\n|-heal|p2a: Manaphy|69\/100|[from] item: Leftovers\n|upkeep\n|turn|15\n|\n|t:|1700057028\n|switch|p1a: Thundurus|Thundurus-Therian, M|7\/100\n|move|p2a: Manaphy|Stored Power|p1a: Thundurus\n|-damage|p1a: Thundurus|0 fnt\n|faint|p1a: Thundurus\n|\n|-heal|p2a: Manaphy|76\/100|[from] Grassy Terrain\n|-heal|p2a: Manaphy|82\/100|[from] item: Leftovers\n|upkeep\n|\n|t:|1700057035\n|switch|p1a: Volcanion|Volcanion|57\/100 psn\n|turn|16\n|j| No Nice Names Left\n|\n|t:|1700057038\n|move|p2a: Manaphy|Stored Power|p1a: Volcanion\n|-damage|p1a: Volcanion|0 fnt\n|faint|p1a: Volcanion\n|\n|-heal|p2a: Manaphy|88\/100|[from] Grassy Terrain\n|-heal|p2a: Manaphy|94\/100|[from] item: Leftovers\n|upkeep\n|inactive|Mansonabuluting has 120 seconds left.\n|inactive|Mansonabuluting has 90 seconds left.\n|l| bm4604\n|inactive|Mansonabuluting has 60 seconds left.\n|inactive|Mansonabuluting has 30 seconds left.\n|inactive|Mansonabuluting has 20 seconds left.\n|inactive|Mansonabuluting has 15 seconds left.\n|inactive|Mansonabuluting has 10 seconds left.\n|inactive|Mansonabuluting has 5 seconds left.\n|-message|Mansonabuluting lost due to inactivity.\n|\n|win|Theonreekgreyjoy\n|raw|Mansonabuluting's rating: 1690 &rarr; <strong>1675<\/strong><br \/>(-15 for losing)\n|raw|Theonreekgreyjoy's rating: 1777 &rarr; <strong>1792<\/strong><br \/>(+15 for winning)\n|l|\u2606Theonreekgreyjoy\n","uploadtime":1700057206,"views":7,"p1id":"mansonabuluting","p2id":"theonreekgreyjoy","formatid":"gen9ou","rating":1675,"private":0,"password":""}