{"id":"gen9ou-1991400831","p1":"darkwuz","p2":"RendingScizor","format":"[Gen 9] OU","log":"|j|\u2606darkwuz\n|j|\u2606RendingScizor\n|t:|1700073972\n|gametype|singles\n|player|p1|darkwuz|benga|1358\n|player|p2|RendingScizor|kieran-festival|1348\n|teamsize|p1|6\n|teamsize|p2|6\n|gen|9\n|tier|[Gen 9] OU\n|rated|\n|rule|Sleep Clause Mod: Limit one foe put to sleep\n|rule|Species Clause: Limit one of each Pok\u00e9mon\n|rule|OHKO Clause: OHKO moves are banned\n|rule|Evasion Items Clause: Evasion items are banned\n|rule|Evasion Moves Clause: Evasion moves are banned\n|rule|Endless Battle Clause: Forcing endless battles is banned\n|rule|HP Percentage Mod: HP is shown in percentages\n|clearpoke\n|poke|p1|Hydreigon, F|\n|poke|p1|Masquerain, M|\n|poke|p1|Greninja-*, M|\n|poke|p1|Great Tusk|\n|poke|p1|Corviknight, F|\n|poke|p1|Lurantis, M|\n|poke|p2|Ogerpon-Wellspring, F|\n|poke|p2|Kingambit, M|\n|poke|p2|Gholdengo|\n|poke|p2|Iron Moth|\n|poke|p2|Glimmora, F|\n|poke|p2|Samurott-Hisui, M|\n|teampreview\n|inactive|Battle timer is ON: inactive players will automatically lose when time's up. (requested by darkwuz)\n|\n|t:|1700073982\n|start\n|switch|p1a: Masquerain|Masquerain, M|100\/100\n|switch|p2a: CoryxKenshin|Samurott-Hisui, M|100\/100\n|-ability|p1a: Masquerain|Intimidate|boost\n|-unboost|p2a: CoryxKenshin|atk|1\n|turn|1\n|\n|t:|1700074007\n|move|p2a: CoryxKenshin|Aqua Cutter|p1a: Masquerain\n|-damage|p1a: Masquerain|45\/100\n|move|p1a: Masquerain|Sticky Web|p2a: CoryxKenshin\n|-sidestart|p2: RendingScizor|move: Sticky Web\n|\n|upkeep\n|turn|2\n|\n|t:|1700074024\n|move|p2a: CoryxKenshin|Ceaseless Edge|p1a: Masquerain\n|-damage|p1a: Masquerain|0 fnt\n|-sidestart|p1: darkwuz|Spikes\n|faint|p1a: Masquerain\n|\n|upkeep\n|\n|t:|1700074027\n|switch|p1a: Corviknight|Corviknight, F|100\/100\n|-ability|p1a: Corviknight|Pressure\n|turn|3\n|\n|t:|1700074043\n|move|p2a: CoryxKenshin|Ceaseless Edge|p1a: Corviknight|[miss]\n|-miss|p2a: CoryxKenshin|p1a: Corviknight\n|move|p1a: Corviknight|Iron Defense|p1a: Corviknight\n|-boost|p1a: Corviknight|def|2\n|\n|upkeep\n|turn|4\n|inactive|darkwuz has 120 seconds left.\n|\n|t:|1700074096\n|move|p2a: CoryxKenshin|Encore|p1a: Corviknight\n|-start|p1a: Corviknight|Encore\n|move|p1a: Corviknight|Iron Defense|p1a: Corviknight\n|-boost|p1a: Corviknight|def|2\n|\n|upkeep\n|turn|5\n|\n|t:|1700074119\n|switch|p2a: Goldilocx|Gholdengo|100\/100\n|-item|p2a: Goldilocx|Air Balloon\n|move|p1a: Corviknight|Iron Defense|p1a: Corviknight\n|-boost|p1a: Corviknight|def|2\n|\n|upkeep\n|turn|6\n|\n|t:|1700074129\n|switch|p1a: Great Tusk|Great Tusk|100\/100\n|-damage|p1a: Great Tusk|88\/100|[from] Spikes\n|move|p2a: Goldilocx|Nasty Plot|p2a: Goldilocx\n|-boost|p2a: Goldilocx|spa|2\n|\n|upkeep\n|turn|7\n|\n|t:|1700074138\n|move|p2a: Goldilocx|Dazzling Gleam|p1a: Great Tusk\n|-supereffective|p1a: Great Tusk\n|-damage|p1a: Great Tusk|0 fnt\n|faint|p1a: Great Tusk\n|-end|p1a: Great Tusk|Protosynthesis|[silent]\n|\n|upkeep\n|\n|t:|1700074143\n|switch|p1a: Greninja|Greninja, M|100\/100\n|-damage|p1a: Greninja|88\/100|[from] Spikes\n|turn|8\n|\n|t:|1700074155\n|-terastallize|p1a: Greninja|Poison\n|-terastallize|p2a: Goldilocx|Fairy\n|move|p1a: Greninja|Dark Pulse|p2a: Goldilocx\n|-resisted|p2a: Goldilocx\n|-damage|p2a: Goldilocx|82\/100\n|-enditem|p2a: Goldilocx|Air Balloon\n|move|p2a: Goldilocx|Dazzling Gleam|p1a: Greninja\n|-resisted|p1a: Greninja\n|-damage|p1a: Greninja|15\/100\n|\n|upkeep\n|turn|9\n|\n|t:|1700074169\n|move|p1a: Greninja|Dark Pulse|p2a: Goldilocx\n|-resisted|p2a: Goldilocx\n|-damage|p2a: Goldilocx|61\/100\n|move|p2a: Goldilocx|Shadow Ball|p1a: Greninja\n|-damage|p1a: Greninja|0 fnt\n|faint|p1a: Greninja\n|\n|upkeep\n|\n|t:|1700074174\n|switch|p1a: Hydreigon|Hydreigon, F|100\/100\n|turn|10\n|\n|t:|1700074179\n|move|p1a: Hydreigon|Flash Cannon|p2a: Goldilocx\n|-supereffective|p2a: Goldilocx\n|-damage|p2a: Goldilocx|1\/100\n|move|p2a: Goldilocx|Dazzling Gleam|p1a: Hydreigon\n|-supereffective|p1a: Hydreigon\n|-damage|p1a: Hydreigon|0 fnt\n|faint|p1a: Hydreigon\n|\n|upkeep\n|\n|t:|1700074182\n|switch|p1a: Lurantis|Lurantis, M|100\/100\n|-damage|p1a: Lurantis|88\/100|[from] Spikes\n|turn|11\n|\n|t:|1700074188\n|move|p2a: Goldilocx|Shadow Ball|p1a: Lurantis\n|-damage|p1a: Lurantis|0 fnt\n|faint|p1a: Lurantis\n|\n|upkeep\n|\n|t:|1700074190\n|switch|p1a: Corviknight|Corviknight, F|100\/100\n|-ability|p1a: Corviknight|Pressure\n|turn|12\n|\n|t:|1700074195\n|move|p2a: Goldilocx|Shadow Ball|p1a: Corviknight\n|-damage|p1a: Corviknight|18\/100\n|-unboost|p1a: Corviknight|spd|1\n|move|p1a: Corviknight|Body Press|p2a: Goldilocx\n|-resisted|p2a: Goldilocx\n|-damage|p2a: Goldilocx|0 fnt\n|faint|p2a: Goldilocx\n|\n|-heal|p1a: Corviknight|25\/100|[from] item: Leftovers\n|upkeep\n|\n|t:|1700074204\n|switch|p2a: Gr1mm|Glimmora, F|100\/100\n|-activate|p2a: Gr1mm|move: Sticky Web\n|-unboost|p2a: Gr1mm|spe|1\n|turn|13\n|\n|t:|1700074209\n|move|p2a: Gr1mm|Mortal Spin|p1a: Corviknight\n|-immune|p1a: Corviknight\n|move|p1a: Corviknight|Iron Defense|p1a: Corviknight\n|-boost|p1a: Corviknight|def|2\n|\n|-heal|p1a: Corviknight|31\/100|[from] item: Leftovers\n|upkeep\n|turn|14\n|\n|t:|1700074216\n|switch|p2a: Mothra|Iron Moth|100\/100\n|-activate|p2a: Mothra|move: Sticky Web\n|-unboost|p2a: Mothra|spe|1\n|-enditem|p2a: Mothra|Booster Energy\n|-activate|p2a: Mothra|ability: Quark Drive|[fromitem]\n|-start|p2a: Mothra|quarkdrivespa\n|move|p1a: Corviknight|Roost|p1a: Corviknight\n|-heal|p1a: Corviknight|81\/100\n|-singleturn|p1a: Corviknight|move: Roost\n|\n|-heal|p1a: Corviknight|87\/100|[from] item: Leftovers\n|upkeep\n|turn|15\n|\n|t:|1700074220\n|move|p2a: Mothra|Fiery Dance|p1a: Corviknight\n|-supereffective|p1a: Corviknight\n|-damage|p1a: Corviknight|0 fnt\n|-boost|p2a: Mothra|spa|1\n|faint|p1a: Corviknight\n|\n|win|RendingScizor\n|raw|darkwuz's rating: 1358 &rarr; <strong>1337<\/strong><br \/>(-21 for losing)\n|raw|RendingScizor's rating: 1348 &rarr; <strong>1369<\/strong><br \/>(+21 for winning)\n|l|\u2606darkwuz\n","uploadtime":1700074251,"views":7,"p1id":"darkwuz","p2id":"rendingscizor","formatid":"gen9ou","rating":1337,"private":0,"password":""}