{"id":"gen9ou-1988888063","p1":"Capragi9999","p2":"demonight94","format":"[Gen 9] OU","log":"|j|\u2606Capragi9999\n|j|\u2606demonight94\n|t:|1699781589\n|gametype|singles\n|player|p1|Capragi9999|iris-gen5bw2|1094\n|player|p2|demonight94|benga|1208\n|teamsize|p1|6\n|teamsize|p2|6\n|gen|9\n|tier|[Gen 9] OU\n|rated|\n|rule|Sleep Clause Mod: Limit one foe put to sleep\n|rule|Species Clause: Limit one of each Pok\u00e9mon\n|rule|OHKO Clause: OHKO moves are banned\n|rule|Evasion Items Clause: Evasion items are banned\n|rule|Evasion Moves Clause: Evasion moves are banned\n|rule|Endless Battle Clause: Forcing endless battles is banned\n|rule|HP Percentage Mod: HP is shown in percentages\n|clearpoke\n|poke|p1|Dragapult, F|\n|poke|p1|Great Tusk|\n|poke|p1|Iron Valiant|\n|poke|p1|Corviknight, F|\n|poke|p1|Clodsire, M|\n|poke|p1|Grimmsnarl, M|\n|poke|p2|Thundurus-Therian, M|\n|poke|p2|Dragonite, M|\n|poke|p2|Clodsire, F|\n|poke|p2|Zamazenta-*|\n|poke|p2|Maushold|\n|poke|p2|Mamoswine, F|\n|teampreview\n|inactive|Battle timer is ON: inactive players will automatically lose when time's up. (requested by demonight94)\n|\n|t:|1699781616\n|start\n|switch|p1a: Grimmsnarl|Grimmsnarl, M|100\/100\n|switch|p2a: Thundurus|Thundurus-Therian, M, shiny|100\/100\n|turn|1\n|\n|t:|1699781627\n|move|p1a: Grimmsnarl|Taunt|p2a: Thundurus\n|-start|p2a: Thundurus|move: Taunt\n|move|p2a: Thundurus|Sludge Bomb|p1a: Grimmsnarl\n|-supereffective|p1a: Grimmsnarl\n|-damage|p1a: Grimmsnarl|37\/100\n|-damage|p2a: Thundurus|90\/100|[from] item: Life Orb\n|\n|upkeep\n|turn|2\n|\n|t:|1699781635\n|move|p1a: Grimmsnarl|Parting Shot|p2a: Thundurus\n|-unboost|p2a: Thundurus|atk|1\n|-unboost|p2a: Thundurus|spa|1\n|\n|t:|1699781638\n|switch|p1a: Corviknight|Corviknight, F|100\/100|[from] Parting Shot\n|move|p2a: Thundurus|Sludge Bomb|p1a: Corviknight\n|-immune|p1a: Corviknight\n|\n|upkeep\n|turn|3\n|\n|t:|1699781647\n|move|p2a: Thundurus|Thunderbolt|p1a: Corviknight\n|-supereffective|p1a: Corviknight\n|-damage|p1a: Corviknight|7\/100\n|-damage|p2a: Thundurus|80\/100|[from] item: Life Orb\n|move|p1a: Corviknight|Iron Defense|p1a: Corviknight\n|-boost|p1a: Corviknight|def|2\n|\n|-end|p2a: Thundurus|move: Taunt\n|upkeep\n|turn|4\n|\n|t:|1699781657\n|switch|p1a: Clodsire|Clodsire, M, shiny|100\/100\n|move|p2a: Thundurus|Grass Knot|p1a: Clodsire\n|-damage|p1a: Clodsire|79\/100\n|-damage|p2a: Thundurus|70\/100|[from] item: Life Orb\n|\n|-heal|p1a: Clodsire|85\/100|[from] item: Leftovers\n|upkeep\n|turn|5\n|\n|t:|1699781665\n|-terastallize|p2a: Thundurus|Ice\n|move|p2a: Thundurus|Tera Blast|p1a: Clodsire|[anim] Tera Blast Ice\n|-supereffective|p1a: Clodsire\n|-damage|p1a: Clodsire|43\/100\n|-damage|p2a: Thundurus|60\/100|[from] item: Life Orb\n|move|p1a: Clodsire|Stealth Rock|p2a: Thundurus\n|-sidestart|p2: demonight94|move: Stealth Rock\n|\n|-heal|p1a: Clodsire|50\/100|[from] item: Leftovers\n|upkeep\n|turn|6\n|\n|t:|1699781684\n|switch|p1a: Corviknight|Corviknight, F|7\/100\n|move|p2a: Thundurus|Tera Blast|p1a: Corviknight|[anim] Tera Blast Ice\n|-damage|p1a: Corviknight|0 fnt\n|faint|p1a: Corviknight\n|-damage|p2a: Thundurus|50\/100|[from] item: Life Orb\n|\n|upkeep\n|inactive|Capragi9999 has 120 seconds left.\n|\n|t:|1699781710\n|switch|p1a: Grimmsnarl|Grimmsnarl, M|37\/100\n|turn|7\n|\n|t:|1699781724\n|move|p1a: Grimmsnarl|Parting Shot|p2a: Thundurus\n|-unboost|p2a: Thundurus|atk|1\n|-unboost|p2a: Thundurus|spa|1\n|\n|t:|1699781730\n|switch|p1a: Great Tusk|Great Tusk|100\/100|[from] Parting Shot\n|move|p2a: Thundurus|Sludge Bomb|p1a: Great Tusk\n|-resisted|p1a: Great Tusk\n|-damage|p1a: Great Tusk|84\/100\n|-damage|p2a: Thundurus|40\/100|[from] item: Life Orb\n|\n|upkeep\n|turn|8\n|inactive|Capragi9999 has 120 seconds left.\n|\n|t:|1699781749\n|switch|p2a: Zamazenta|Zamazenta|100\/100\n|-damage|p2a: Zamazenta|94\/100|[from] Stealth Rock\n|-ability|p2a: Zamazenta|Dauntless Shield|boost\n|-boost|p2a: Zamazenta|def|1\n|-end|p1a: Great Tusk|Protosynthesis|[silent]\n|switch|p1a: Dragapult|Dragapult, F|100\/100\n|\n|-heal|p2a: Zamazenta|100\/100|[from] item: Leftovers\n|upkeep\n|turn|9\n|inactive|Capragi9999 has 120 seconds left.\n|\n|t:|1699781764\n|move|p1a: Dragapult|Dragon Dance|p1a: Dragapult\n|-boost|p1a: Dragapult|atk|1\n|-boost|p1a: Dragapult|spe|1\n|move|p2a: Zamazenta|Light Screen|p2a: Zamazenta\n|-sidestart|p2: demonight94|move: Light Screen\n|\n|upkeep\n|turn|10\n|inactive|Capragi9999 has 120 seconds left.\n|\n|t:|1699781770\n|move|p1a: Dragapult|Substitute|p1a: Dragapult\n|-start|p1a: Dragapult|Substitute\n|-damage|p1a: Dragapult|76\/100\n|move|p2a: Zamazenta|Crunch|p1a: Dragapult\n|-supereffective|p1a: Dragapult\n|-end|p1a: Dragapult|Substitute\n|\n|-heal|p1a: Dragapult|82\/100|[from] item: Leftovers\n|upkeep\n|turn|11\n|\n|t:|1699781779\n|move|p1a: Dragapult|Phantom Force||[still]\n|-prepare|p1a: Dragapult|Phantom Force\n|move|p2a: Zamazenta|Crunch|p1a: Dragapult|[miss]\n|-miss|p2a: Zamazenta|p1a: Dragapult\n|\n|-heal|p1a: Dragapult|88\/100|[from] item: Leftovers\n|upkeep\n|turn|12\n|\n|t:|1699781785\n|switch|p2a: Maushold|Maushold|100\/100\n|-damage|p2a: Maushold|88\/100|[from] Stealth Rock\n|move|p1a: Dragapult|Phantom Force|p2a: Maushold|[from]lockedmove\n|-immune|p2a: Maushold\n|\n|-heal|p1a: Dragapult|94\/100|[from] item: Leftovers\n|upkeep\n|turn|13\n|\n|t:|1699781797\n|move|p1a: Dragapult|Dragon Darts|p2a: Maushold\n|-damage|p2a: Maushold|41\/100\n|-enditem|p2a: Maushold|Sitrus Berry|[eat]\n|-heal|p2a: Maushold|66\/100|[from] item: Sitrus Berry\n|-heal|p2a: Maushold|99\/100|[from] ability: Cheek Pouch\n|-anim|p1a: Dragapult|Dragon Darts|p2a: Maushold\n|-damage|p2a: Maushold|54\/100\n|move|p2a: Maushold|Thunder Wave|p1a: Dragapult\n|-status|p1a: Dragapult|par\n|\n|-heal|p1a: Dragapult|99\/100 par|[from] item: Leftovers\n|-sideend|p2: demonight94|move: Light Screen\n|upkeep\n|turn|14\n|\n|t:|1699781809\n|move|p2a: Maushold|Tidy Up|p2a: Maushold\n|-sideend|p2: demonight94|Stealth Rock\n|-activate|p2a: Maushold|move: Tidy Up\n|-boost|p2a: Maushold|atk|1\n|-boost|p2a: Maushold|spe|1\n|move|p1a: Dragapult|Dragon Darts|p2a: Maushold\n|-damage|p2a: Maushold|4\/100\n|-anim|p1a: Dragapult|Dragon Darts|p2a: Maushold\n|-damage|p2a: Maushold|0 fnt\n|faint|p2a: Maushold\n|\n|-heal|p1a: Dragapult|100\/100 par|[from] item: Leftovers\n|upkeep\n|\n|t:|1699781822\n|switch|p2a: Thundurus|Thundurus-Therian, M, shiny, tera:Ice|40\/100\n|turn|15\n|\n|t:|1699781830\n|move|p2a: Thundurus|Tera Blast|p1a: Dragapult|[anim] Tera Blast Ice\n|-supereffective|p1a: Dragapult\n|-damage|p1a: Dragapult|0 fnt\n|faint|p1a: Dragapult\n|-damage|p2a: Thundurus|30\/100|[from] item: Life Orb\n|\n|upkeep\n|\n|t:|1699781837\n|switch|p1a: Grimmsnarl|Grimmsnarl, M|37\/100\n|turn|16\n|\n|t:|1699781841\n|move|p1a: Grimmsnarl|Parting Shot|p2a: Thundurus\n|-unboost|p2a: Thundurus|atk|1\n|-unboost|p2a: Thundurus|spa|1\n|\n|t:|1699781844\n|switch|p1a: Clodsire|Clodsire, M, shiny|50\/100|[from] Parting Shot\n|move|p2a: Thundurus|Tera Blast|p1a: Clodsire|[anim] Tera Blast Ice\n|-supereffective|p1a: Clodsire\n|-damage|p1a: Clodsire|9\/100\n|-damage|p2a: Thundurus|20\/100|[from] item: Life Orb\n|\n|-heal|p1a: Clodsire|16\/100|[from] item: Leftovers\n|upkeep\n|turn|17\n|\n|t:|1699781856\n|move|p2a: Thundurus|Tera Blast|p1a: Clodsire|[anim] Tera Blast Ice\n|-supereffective|p1a: Clodsire\n|-crit|p1a: Clodsire\n|-damage|p1a: Clodsire|0 fnt\n|faint|p1a: Clodsire\n|-damage|p2a: Thundurus|10\/100|[from] item: Life Orb\n|\n|upkeep\n|\n|t:|1699781864\n|switch|p1a: Grimmsnarl|Grimmsnarl, M|37\/100\n|turn|18\n|\n|t:|1699781870\n|switch|p2a: Clodsire|Clodsire, F|100\/100\n|move|p1a: Grimmsnarl|Parting Shot|p2a: Clodsire\n|-unboost|p2a: Clodsire|atk|1\n|-unboost|p2a: Clodsire|spa|1\n|\n|t:|1699781887\n|switch|p1a: Great Tusk|Great Tusk|84\/100|[from] Parting Shot\n|\n|upkeep\n|turn|19\n|\n|t:|1699781900\n|move|p1a: Great Tusk|Ice Spinner|p2a: Clodsire\n|-supereffective|p2a: Clodsire\n|-damage|p2a: Clodsire|40\/100\n|move|p2a: Clodsire|Toxic|p1a: Great Tusk\n|-status|p1a: Great Tusk|tox\n|\n|-heal|p2a: Clodsire|46\/100|[from] item: Leftovers\n|-damage|p1a: Great Tusk|78\/100 tox|[from] psn\n|upkeep\n|turn|20\n|\n|t:|1699781908\n|switch|p2a: Dragonite|Dragonite, M, shiny|100\/100\n|move|p1a: Great Tusk|Knock Off|p2a: Dragonite\n|-damage|p2a: Dragonite|85\/100\n|-enditem|p2a: Dragonite|Weakness Policy|[from] move: Knock Off|[of] p1a: Great Tusk\n|\n|-damage|p1a: Great Tusk|65\/100 tox|[from] psn\n|upkeep\n|turn|21\n|\n|t:|1699781918\n|switch|p2a: Clodsire|Clodsire, F|46\/100\n|move|p1a: Great Tusk|Rapid Spin|p2a: Clodsire\n|-damage|p2a: Clodsire|26\/100\n|-boost|p1a: Great Tusk|spe|1\n|\n|-heal|p2a: Clodsire|32\/100|[from] item: Leftovers\n|-damage|p1a: Great Tusk|47\/100 tox|[from] psn\n|upkeep\n|turn|22\n|\n|t:|1699781928\n|move|p1a: Great Tusk|Ice Spinner|p2a: Clodsire\n|-supereffective|p2a: Clodsire\n|-damage|p2a: Clodsire|0 fnt\n|faint|p2a: Clodsire\n|\n|-damage|p1a: Great Tusk|22\/100 tox|[from] psn\n|upkeep\n|\n|t:|1699781935\n|switch|p2a: Mamoswine|Mamoswine, F|100\/100\n|turn|23\n|\n|t:|1699781944\n|move|p2a: Mamoswine|Ice Shard|p1a: Great Tusk\n|-supereffective|p1a: Great Tusk\n|-damage|p1a: Great Tusk|0 fnt\n|faint|p1a: Great Tusk\n|-end|p1a: Great Tusk|Protosynthesis|[silent]\n|\n|upkeep\n|\n|t:|1699781948\n|switch|p1a: Grimmsnarl|Grimmsnarl, M|37\/100\n|turn|24\n|\n|t:|1699781958\n|switch|p2a: Thundurus|Thundurus-Therian, M, shiny, tera:Ice|10\/100\n|move|p1a: Grimmsnarl|Parting Shot|p2a: Thundurus\n|-unboost|p2a: Thundurus|atk|1\n|-unboost|p2a: Thundurus|spa|1\n|\n|t:|1699781964\n|switch|p1a: Iron Valiant|Iron Valiant|100\/100|[from] Parting Shot\n|\n|upkeep\n|turn|25\n|\n|t:|1699781971\n|move|p1a: Iron Valiant|Psyshock|p2a: Thundurus\n|-damage|p2a: Thundurus|0 fnt\n|faint|p2a: Thundurus\n|\n|upkeep\n|\n|t:|1699781978\n|switch|p2a: Mamoswine|Mamoswine, F|100\/100\n|turn|26\n|\n|t:|1699781989\n|-end|p1a: Iron Valiant|Quark Drive|[silent]\n|switch|p1a: Grimmsnarl|Grimmsnarl, M|37\/100\n|move|p2a: Mamoswine|Iron Head|p1a: Grimmsnarl\n|-supereffective|p1a: Grimmsnarl\n|-damage|p1a: Grimmsnarl|0 fnt\n|faint|p1a: Grimmsnarl\n|\n|upkeep\n|\n|t:|1699781995\n|switch|p1a: Iron Valiant|Iron Valiant|100\/100\n|turn|27\n|\n|t:|1699782001\n|-terastallize|p1a: Iron Valiant|Fairy\n|move|p2a: Mamoswine|Ice Shard|p1a: Iron Valiant\n|-damage|p1a: Iron Valiant|77\/100\n|move|p1a: Iron Valiant|Moonblast|p2a: Mamoswine\n|-damage|p2a: Mamoswine|31\/100\n|-unboost|p2a: Mamoswine|spa|1\n|\n|upkeep\n|turn|28\n|\n|t:|1699782009\n|move|p2a: Mamoswine|Ice Shard|p1a: Iron Valiant\n|-damage|p1a: Iron Valiant|52\/100\n|move|p1a: Iron Valiant|Moonblast|p2a: Mamoswine\n|-damage|p2a: Mamoswine|0 fnt\n|faint|p2a: Mamoswine\n|\n|upkeep\n|\n|t:|1699782015\n|switch|p2a: Zamazenta|Zamazenta|100\/100\n|turn|29\n|\n|t:|1699782018\n|move|p1a: Iron Valiant|Moonblast|p2a: Zamazenta\n|-supereffective|p2a: Zamazenta\n|-damage|p2a: Zamazenta|0 fnt\n|faint|p2a: Zamazenta\n|\n|upkeep\n|\n|t:|1699782023\n|switch|p2a: Dragonite|Dragonite, M, shiny|85\/100\n|turn|30\n|\n|t:|1699782027\n|move|p2a: Dragonite|Extreme Speed|p1a: Iron Valiant\n|-damage|p1a: Iron Valiant|18\/100\n|move|p1a: Iron Valiant|Moonblast|p2a: Dragonite\n|-supereffective|p2a: Dragonite\n|-damage|p2a: Dragonite|0 fnt\n|faint|p2a: Dragonite\n|\n|win|Capragi9999\n|raw|Capragi9999's rating: 1094 &rarr; <strong>1128<\/strong><br \/>(+34 for winning)\n|raw|demonight94's rating: 1208 &rarr; <strong>1175<\/strong><br \/>(-33 for losing)\n|l|\u2606demonight94\n","uploadtime":1699782041,"views":18,"p1id":"capragi9999","p2id":"demonight94","formatid":"gen9ou","rating":1128,"private":0,"password":""}