{"id":"gen9ou-1995580253","p1":"PLAYB0I R0BBIE B","p2":"kaya_araujo","format":"[Gen 9] OU","log":"|j|\u2606PLAYB0I R0BBIE B\n|j|\u2606kaya_araujo\n|t:|1700584651\n|gametype|singles\n|player|p1|PLAYB0I R0BBIE B|eusine|1323\n|player|p2|kaya_araujo|266|1320\n|teamsize|p1|6\n|teamsize|p2|6\n|gen|9\n|tier|[Gen 9] OU\n|rated|\n|rule|Sleep Clause Mod: Limit one foe put to sleep\n|rule|Species Clause: Limit one of each Pok\u00e9mon\n|rule|OHKO Clause: OHKO moves are banned\n|rule|Evasion Items Clause: Evasion items are banned\n|rule|Evasion Moves Clause: Evasion moves are banned\n|rule|Endless Battle Clause: Forcing endless battles is banned\n|rule|HP Percentage Mod: HP is shown in percentages\n|clearpoke\n|poke|p1|Meowscarada, F|\n|poke|p1|Heatran, F|\n|poke|p1|Thundurus-Therian, M|\n|poke|p1|Dragapult, F|\n|poke|p1|Great Tusk|\n|poke|p1|Azumarill, F|\n|poke|p2|Dragonite, M|\n|poke|p2|Azelf|\n|poke|p2|Garchomp, F|\n|poke|p2|Vaporeon, M|\n|poke|p2|Scizor, M|\n|poke|p2|Donphan, F|\n|teampreview\n|\n|t:|1700584668\n|start\n|switch|p1a: SICKO MODE|Meowscarada, F|100\/100\n|switch|p2a: Garchomp|Garchomp, F|100\/100\n|turn|1\n|inactive|Battle timer is ON: inactive players will automatically lose when time's up. (requested by PLAYB0I R0BBIE B)\n|\n|t:|1700584675\n|switch|p1a: CAN'T SAY|Azumarill, F|100\/100\n|move|p2a: Garchomp|Swords Dance|p2a: Garchomp\n|-boost|p2a: Garchomp|atk|2\n|\n|upkeep\n|turn|2\n|\n|t:|1700584681\n|move|p2a: Garchomp|Poison Jab|p1a: CAN'T SAY\n|-supereffective|p1a: CAN'T SAY\n|-damage|p1a: CAN'T SAY|15\/100\n|move|p1a: CAN'T SAY|Ice Spinner|p2a: Garchomp\n|-supereffective|p2a: Garchomp\n|-damage|p2a: Garchomp|24\/100\n|-damage|p1a: CAN'T SAY|3\/100|[from] ability: Rough Skin|[of] p2a: Garchomp\n|-damage|p1a: CAN'T SAY|0 fnt|[from] item: Rocky Helmet|[of] p2a: Garchomp\n|faint|p1a: CAN'T SAY\n|\n|upkeep\n|\n|t:|1700584687\n|switch|p1a: NO BYSTANDERS|Dragapult, F|100\/100\n|turn|3\n|\n|t:|1700584693\n|-terastallize|p2a: Garchomp|Fairy\n|move|p1a: NO BYSTANDERS|Hex|p2a: Garchomp\n|-crit|p2a: Garchomp\n|-damage|p2a: Garchomp|0 fnt\n|faint|p2a: Garchomp\n|\n|upkeep\n|\n|t:|1700584700\n|switch|p2a: Vaporeon|Vaporeon, M|100\/100\n|turn|4\n|\n|t:|1700584704\n|move|p1a: NO BYSTANDERS|Thunder Wave|p2a: Vaporeon\n|-status|p2a: Vaporeon|par\n|cant|p2a: Vaporeon|par\n|\n|upkeep\n|turn|5\n|\n|t:|1700584710\n|move|p1a: NO BYSTANDERS|Hex|p2a: Vaporeon\n|-damage|p2a: Vaporeon|58\/100 par\n|move|p2a: Vaporeon|Calm Mind|p2a: Vaporeon\n|-boost|p2a: Vaporeon|spa|1\n|-boost|p2a: Vaporeon|spd|1\n|\n|-heal|p2a: Vaporeon|64\/100 par|[from] item: Leftovers\n|upkeep\n|turn|6\n|\n|t:|1700584718\n|move|p1a: NO BYSTANDERS|Hex|p2a: Vaporeon\n|-damage|p2a: Vaporeon|33\/100 par\n|move|p2a: Vaporeon|Ice Beam|p1a: NO BYSTANDERS\n|-supereffective|p1a: NO BYSTANDERS\n|-damage|p1a: NO BYSTANDERS|0 fnt\n|faint|p1a: NO BYSTANDERS\n|\n|-heal|p2a: Vaporeon|39\/100 par|[from] item: Leftovers\n|upkeep\n|\n|t:|1700584721\n|switch|p1a: SICKO MODE|Meowscarada, F|100\/100\n|turn|7\n|\n|t:|1700584727\n|switch|p2a: Scizor|Scizor, M|100\/100\n|move|p1a: SICKO MODE|Knock Off|p2a: Scizor\n|-start|p1a: SICKO MODE|typechange|Dark|[from] ability: Protean\n|-damage|p2a: Scizor|36\/100\n|-enditem|p2a: Scizor|Choice Band|[from] move: Knock Off|[of] p1a: SICKO MODE\n|\n|upkeep\n|turn|8\n|\n|t:|1700584737\n|switch|p1a: YOSEMITE|Great Tusk|100\/100\n|move|p2a: Scizor|Close Combat|p1a: YOSEMITE\n|-damage|p1a: YOSEMITE|65\/100\n|-unboost|p2a: Scizor|def|1\n|-unboost|p2a: Scizor|spd|1\n|\n|upkeep\n|turn|9\n|\n|t:|1700584745\n|switch|p2a: Vaporeon|Vaporeon, M|39\/100 par\n|move|p1a: YOSEMITE|Close Combat|p2a: Vaporeon\n|-damage|p2a: Vaporeon|0 fnt\n|-unboost|p1a: YOSEMITE|def|1\n|-unboost|p1a: YOSEMITE|spd|1\n|faint|p2a: Vaporeon\n|\n|upkeep\n|\n|t:|1700584751\n|switch|p2a: Azelf|Azelf|100\/100\n|turn|10\n|\n|t:|1700584756\n|-end|p1a: YOSEMITE|Protosynthesis|[silent]\n|switch|p1a: 5% TINT|Heatran, F|100\/100\n|-item|p1a: 5% TINT|Air Balloon\n|move|p2a: Azelf|Flamethrower|p1a: 5% TINT\n|-start|p1a: 5% TINT|ability: Flash Fire\n|\n|upkeep\n|turn|11\n|\n|t:|1700584762\n|switch|p2a: Scizor|Scizor, M|36\/100\n|move|p1a: 5% TINT|Magma Storm|p2a: Scizor\n|-supereffective|p2a: Scizor\n|-crit|p2a: Scizor\n|-damage|p2a: Scizor|0 fnt\n|faint|p2a: Scizor\n|\n|upkeep\n|\n|t:|1700584770\n|switch|p2a: Dragonite|Dragonite, M|100\/100\n|turn|12\n|\n|t:|1700584773\n|move|p2a: Dragonite|Extreme Speed|p1a: 5% TINT\n|-resisted|p1a: 5% TINT\n|-damage|p1a: 5% TINT|89\/100\n|-enditem|p1a: 5% TINT|Air Balloon\n|move|p1a: 5% TINT|Taunt|p2a: Dragonite\n|-start|p2a: Dragonite|move: Taunt\n|\n|upkeep\n|turn|13\n|\n|t:|1700584781\n|switch|p2a: Azelf|Azelf|100\/100\n|move|p1a: 5% TINT|Magma Storm|p2a: Azelf|[miss]\n|-miss|p1a: 5% TINT|p2a: Azelf\n|\n|upkeep\n|turn|14\n|\n|t:|1700584788\n|move|p2a: Azelf|Mystical Power|p1a: 5% TINT\n|-resisted|p1a: 5% TINT\n|-damage|p1a: 5% TINT|73\/100\n|-boost|p2a: Azelf|spa|1\n|move|p1a: 5% TINT|Magma Storm|p2a: Azelf\n|-enditem|p2a: Azelf|Focus Sash\n|-damage|p2a: Azelf|1\/100\n|-activate|p2a: Azelf|move: Magma Storm|[of] p1a: 5% TINT\n|\n|-damage|p2a: Azelf|0 fnt|[from] move: Magma Storm|[partiallytrapped]\n|faint|p2a: Azelf\n|upkeep\n|\n|t:|1700584795\n|switch|p2a: Donphan|Donphan, F|100\/100\n|turn|15\n|\n|t:|1700584802\n|move|p1a: 5% TINT|Magma Storm|p2a: Donphan\n|-ability|p2a: Donphan|Sturdy\n|-damage|p2a: Donphan|1\/100\n|-activate|p2a: Donphan|move: Magma Storm|[of] p1a: 5% TINT\n|move|p2a: Donphan|Earthquake|p1a: 5% TINT\n|-supereffective|p1a: 5% TINT\n|-damage|p1a: 5% TINT|0 fnt\n|faint|p1a: 5% TINT\n|\n|-end|p2a: Donphan|Magma Storm|[partiallytrapped]|[silent]\n|upkeep\n|\n|t:|1700584811\n|switch|p1a: YOSEMITE|Great Tusk|65\/100\n|turn|16\n|\n|t:|1700584814\n|move|p2a: Donphan|Ice Shard|p1a: YOSEMITE\n|-supereffective|p1a: YOSEMITE\n|-damage|p1a: YOSEMITE|44\/100\n|move|p1a: YOSEMITE|Rapid Spin|p2a: Donphan\n|-damage|p2a: Donphan|0 fnt\n|-boost|p1a: YOSEMITE|spe|1\n|faint|p2a: Donphan\n|\n|upkeep\n|\n|t:|1700584819\n|switch|p2a: Dragonite|Dragonite, M|100\/100\n|turn|17\n|\n|t:|1700584823\n|move|p1a: YOSEMITE|Ice Spinner|p2a: Dragonite\n|-supereffective|p2a: Dragonite\n|-damage|p2a: Dragonite|45\/100\n|move|p2a: Dragonite|Flamethrower|p1a: YOSEMITE\n|-damage|p1a: YOSEMITE|0 fnt\n|faint|p1a: YOSEMITE\n|-end|p1a: YOSEMITE|Protosynthesis|[silent]\n|\n|-heal|p2a: Dragonite|51\/100|[from] item: Leftovers\n|upkeep\n|\n|t:|1700584828\n|switch|p1a: ASTROTHUNDER|Thundurus-Therian, M|100\/100\n|turn|18\n|\n|t:|1700584836\n|move|p1a: ASTROTHUNDER|Volt Switch|p2a: Dragonite\n|-damage|p2a: Dragonite|0 fnt\n|faint|p2a: Dragonite\n|\n|win|PLAYB0I R0BBIE B\n|raw|PLAYB0I R0BBIE B's rating: 1323 &rarr; <strong>1343<\/strong><br \/>(+20 for winning)\n|raw|kaya_araujo's rating: 1320 &rarr; <strong>1300<\/strong><br \/>(-20 for losing)\n","uploadtime":1700584841,"views":4,"p1id":"playb0ir0bbieb","p2id":"kayaaraujo","formatid":"gen9ou","rating":1300,"private":0,"password":""}