{"id":"gen9ou-1995212020","p1":"Caffeine_badger","p2":"enrage warrior hs","format":"[Gen 9] OU","log":"|j|\u2606Caffeine_badger\n|j|\u2606enrage warrior hs\n|t:|1700535202\n|gametype|singles\n|player|p1|Caffeine_badger|richboy-gen4|1392\n|player|p2|enrage warrior hs|unknown|1471\n|teamsize|p1|6\n|teamsize|p2|6\n|gen|9\n|tier|[Gen 9] OU\n|rated|\n|rule|Sleep Clause Mod: Limit one foe put to sleep\n|rule|Species Clause: Limit one of each Pok\u00e9mon\n|rule|OHKO Clause: OHKO moves are banned\n|rule|Evasion Items Clause: Evasion items are banned\n|rule|Evasion Moves Clause: Evasion moves are banned\n|rule|Endless Battle Clause: Forcing endless battles is banned\n|rule|HP Percentage Mod: HP is shown in percentages\n|clearpoke\n|poke|p1|Gyarados, F|\n|poke|p1|Iron Valiant|\n|poke|p1|Torkoal, M|\n|poke|p1|Grimmsnarl, M|\n|poke|p1|Breloom, M|\n|poke|p1|Greninja-*, M|\n|poke|p2|Thundurus-Therian, M|\n|poke|p2|Slowking-Galar, F|\n|poke|p2|Great Tusk|\n|poke|p2|Ogerpon-Wellspring, F|\n|poke|p2|Kingambit, F|\n|poke|p2|Skeledirge, F|\n|teampreview\n|l|\u2606Caffeine_badger\n|player|p1|\n|\n|t:|1700535209\n|start\n|switch|p1a: Grimmsnarl|Grimmsnarl, M, shiny|100\/100\n|switch|p2a: Thundurus|Thundurus-Therian, M|100\/100\n|turn|1\n|inactive|Battle timer is ON: inactive players will automatically lose when time's up. (requested by enrage warrior hs)\n|j|\u2606Caffeine_badger\n|inactive|Caffeine_badger reconnected and has 135 seconds left.\n|player|p1|Caffeine_badger|richboy-gen4\n|\n|t:|1700535235\n|move|p1a: Grimmsnarl|Trick|p2a: Thundurus\n|-activate|p1a: Grimmsnarl|move: Trick|[of] p2a: Thundurus\n|-item|p2a: Thundurus|Choice Scarf|[from] move: Trick\n|-item|p1a: Grimmsnarl|Choice Specs|[from] move: Trick\n|move|p2a: Thundurus|Knock Off|p1a: Grimmsnarl\n|-resisted|p1a: Grimmsnarl\n|-damage|p1a: Grimmsnarl|93\/100\n|-enditem|p1a: Grimmsnarl|Choice Specs|[from] move: Knock Off|[of] p2a: Thundurus\n|\n|upkeep\n|turn|2\n|\n|t:|1700535249\n|switch|p2a: Slowking|Slowking-Galar, F|100\/100\n|move|p1a: Grimmsnarl|Spirit Break|p2a: Slowking\n|-resisted|p2a: Slowking\n|-damage|p2a: Slowking|82\/100\n|-unboost|p2a: Slowking|spa|1\n|\n|upkeep\n|turn|3\n|\n|t:|1700535260\n|move|p1a: Grimmsnarl|Thunder Wave|p2a: Slowking\n|-status|p2a: Slowking|par\n|move|p2a: Slowking|Chilly Reception|p2a: Slowking\n|-weather|Snow\n|\n|t:|1700535273\n|switch|p2a: Thundurus|Thundurus-Therian, M|100\/100|[from] Chilly Reception\n|\n|-weather|Snow|[upkeep]\n|upkeep\n|turn|4\n|\n|t:|1700535276\n|move|p2a: Thundurus|Volt Switch|p1a: Grimmsnarl\n|-damage|p1a: Grimmsnarl|42\/100\n|\n|t:|1700535278\n|switch|p2a: Slowking|Slowking-Galar, F|100\/100 par|[from] Volt Switch\n|move|p1a: Grimmsnarl|Spirit Break|p2a: Slowking\n|-resisted|p2a: Slowking\n|-damage|p2a: Slowking|81\/100 par\n|-unboost|p2a: Slowking|spa|1\n|\n|-weather|Snow|[upkeep]\n|upkeep\n|turn|5\n|\n|t:|1700535284\n|move|p1a: Grimmsnarl|Parting Shot|p2a: Slowking\n|-unboost|p2a: Slowking|atk|1\n|-unboost|p2a: Slowking|spa|1\n|\n|t:|1700535286\n|switch|p1a: Torkoal|Torkoal, M|100\/100|[from] Parting Shot\n|-weather|SunnyDay|[from] ability: Drought|[of] p1a: Torkoal\n|move|p2a: Slowking|Chilly Reception|p2a: Slowking\n|-weather|Snow\n|\n|t:|1700535302\n|switch|p2a: Great Tusk|Great Tusk|100\/100|[from] Chilly Reception\n|\n|-weather|Snow|[upkeep]\n|upkeep\n|turn|6\n|\n|t:|1700535321\n|move|p2a: Great Tusk|Knock Off|p1a: Torkoal\n|-damage|p1a: Torkoal|81\/100\n|-enditem|p1a: Torkoal|Heat Rock|[from] move: Knock Off|[of] p2a: Great Tusk\n|move|p1a: Torkoal|Stealth Rock|p2a: Great Tusk\n|-sidestart|p2: enrage warrior hs|move: Stealth Rock\n|\n|-weather|Snow|[upkeep]\n|upkeep\n|turn|7\n|\n|t:|1700535327\n|move|p2a: Great Tusk|Rapid Spin|p1a: Torkoal\n|-damage|p1a: Torkoal|70\/100\n|-boost|p2a: Great Tusk|spe|1\n|-sideend|p2: enrage warrior hs|Stealth Rock|[from] move: Rapid Spin|[of] p2a: Great Tusk\n|move|p1a: Torkoal|Yawn|p2a: Great Tusk\n|-start|p2a: Great Tusk|move: Yawn|[of] p1a: Torkoal\n|\n|-weather|Snow|[upkeep]\n|upkeep\n|turn|8\n|\n|t:|1700535338\n|-end|p2a: Great Tusk|Protosynthesis|[silent]\n|switch|p2a: Thundurus|Thundurus-Therian, M|100\/100\n|move|p1a: Torkoal|Stealth Rock|p2a: Thundurus\n|-sidestart|p2: enrage warrior hs|move: Stealth Rock\n|\n|-weather|Snow|[upkeep]\n|upkeep\n|turn|9\n|\n|t:|1700535343\n|move|p2a: Thundurus|Volt Switch|p1a: Torkoal\n|-damage|p1a: Torkoal|22\/100\n|\n|t:|1700535350\n|switch|p2a: Great Tusk|Great Tusk|100\/100|[from] Volt Switch\n|-damage|p2a: Great Tusk|98\/100|[from] Stealth Rock\n|move|p1a: Torkoal|Yawn|p2a: Great Tusk\n|-start|p2a: Great Tusk|move: Yawn|[of] p1a: Torkoal\n|\n|-weather|none\n|-heal|p2a: Great Tusk|100\/100|[from] item: Leftovers\n|upkeep\n|turn|10\n|\n|t:|1700535359\n|-end|p2a: Great Tusk|Protosynthesis|[silent]\n|switch|p2a: Slowking|Slowking-Galar, F|100\/100 par\n|move|p1a: Torkoal|Lava Plume|p2a: Slowking\n|-damage|p2a: Slowking|85\/100 par\n|\n|upkeep\n|turn|11\n|\n|t:|1700535367\n|move|p1a: Torkoal|Lava Plume|p2a: Slowking\n|-damage|p2a: Slowking|70\/100 par\n|cant|p2a: Slowking|par\n|\n|upkeep\n|turn|12\n|\n|t:|1700535373\n|move|p1a: Torkoal|Lava Plume|p2a: Slowking\n|-damage|p2a: Slowking|56\/100 par\n|cant|p2a: Slowking|par\n|\n|upkeep\n|turn|13\n|\n|t:|1700535378\n|move|p1a: Torkoal|Lava Plume|p2a: Slowking\n|-damage|p2a: Slowking|43\/100 par\n|move|p2a: Slowking|Chilly Reception|p2a: Slowking\n|-weather|Snow\n|\n|t:|1700535380\n|switch|p2a: Great Tusk|Great Tusk|100\/100|[from] Chilly Reception\n|-damage|p2a: Great Tusk|98\/100|[from] Stealth Rock\n|\n|-weather|Snow|[upkeep]\n|-heal|p2a: Great Tusk|100\/100|[from] item: Leftovers\n|upkeep\n|turn|14\n|\n|t:|1700535386\n|move|p2a: Great Tusk|Headlong Rush|p1a: Torkoal\n|-supereffective|p1a: Torkoal\n|-damage|p1a: Torkoal|0 fnt\n|-unboost|p2a: Great Tusk|def|1\n|-unboost|p2a: Great Tusk|spd|1\n|faint|p1a: Torkoal\n|\n|-weather|Snow|[upkeep]\n|upkeep\n|\n|t:|1700535392\n|switch|p1a: Greninja|Greninja, M|100\/100\n|turn|15\n|inactive|enrage warrior hs has 120 seconds left.\n|\n|t:|1700535423\n|-end|p2a: Great Tusk|Protosynthesis|[silent]\n|switch|p2a: Ogerpon|Ogerpon-Wellspring, F|100\/100\n|-damage|p2a: Ogerpon|88\/100|[from] Stealth Rock\n|move|p1a: Greninja|Ice Beam|p2a: Ogerpon\n|-damage|p2a: Ogerpon|58\/100\n|\n|-weather|Snow|[upkeep]\n|upkeep\n|turn|16\n|\n|t:|1700535431\n|move|p1a: Greninja|Grass Knot|p2a: Ogerpon\n|-damage|p2a: Ogerpon|38\/100\n|move|p2a: Ogerpon|Horn Leech|p1a: Greninja\n|-supereffective|p1a: Greninja\n|-damage|p1a: Greninja|0 fnt\n|-heal|p2a: Ogerpon|86\/100|[from] drain|[of] p1a: Greninja\n|faint|p1a: Greninja\n|\n|-weather|Snow|[upkeep]\n|upkeep\n|\n|t:|1700535438\n|switch|p1a: Grimmsnarl|Grimmsnarl, M, shiny|42\/100\n|turn|17\n|\n|t:|1700535446\n|switch|p2a: Thundurus|Thundurus-Therian, M|100\/100\n|-damage|p2a: Thundurus|76\/100|[from] Stealth Rock\n|move|p1a: Grimmsnarl|Spirit Break|p2a: Thundurus\n|-damage|p2a: Thundurus|20\/100\n|-unboost|p2a: Thundurus|spa|1\n|\n|-weather|none\n|upkeep\n|turn|18\n|\n|t:|1700535453\n|move|p2a: Thundurus|Volt Switch|p1a: Grimmsnarl\n|-crit|p1a: Grimmsnarl\n|-damage|p1a: Grimmsnarl|0 fnt\n|faint|p1a: Grimmsnarl\n|\n|t:|1700535459\n|switch|p2a: Great Tusk|Great Tusk|100\/100|[from] Volt Switch\n|-damage|p2a: Great Tusk|98\/100|[from] Stealth Rock\n|\n|-heal|p2a: Great Tusk|100\/100|[from] item: Leftovers\n|upkeep\n|\n|t:|1700535463\n|switch|p1a: Iron Valiant|Iron Valiant|100\/100\n|-enditem|p1a: Iron Valiant|Booster Energy\n|-activate|p1a: Iron Valiant|ability: Quark Drive|[fromitem]\n|-start|p1a: Iron Valiant|quarkdrivespe\n|turn|19\n|inactive|enrage warrior hs has 120 seconds left.\n|\n|t:|1700535507\n|-end|p2a: Great Tusk|Protosynthesis|[silent]\n|switch|p2a: Slowking|Slowking-Galar, F|76\/100 par\n|move|p1a: Iron Valiant|Moonblast|p2a: Slowking\n|-resisted|p2a: Slowking\n|-damage|p2a: Slowking|62\/100 par\n|\n|upkeep\n|turn|20\n|\n|t:|1700535515\n|move|p1a: Iron Valiant|Moonblast|p2a: Slowking\n|-resisted|p2a: Slowking\n|-crit|p2a: Slowking\n|-damage|p2a: Slowking|41\/100 par\n|move|p2a: Slowking|Future Sight|p1a: Iron Valiant\n|-start|p2a: Slowking|move: Future Sight\n|\n|upkeep\n|turn|21\n|\n|t:|1700535520\n|move|p1a: Iron Valiant|Moonblast|p2a: Slowking\n|-resisted|p2a: Slowking\n|-damage|p2a: Slowking|27\/100 par\n|cant|p2a: Slowking|par\n|\n|upkeep\n|turn|22\n|\n|t:|1700535523\n|switch|p2a: Skeledirge|Skeledirge, F|100\/100\n|move|p1a: Iron Valiant|Moonblast|p2a: Skeledirge\n|-resisted|p2a: Skeledirge\n|-damage|p2a: Skeledirge|83\/100\n|\n|-end|p1a: Iron Valiant|move: Future Sight\n|-supereffective|p1a: Iron Valiant\n|-damage|p1a: Iron Valiant|0 fnt\n|faint|p1a: Iron Valiant\n|-end|p1a: Iron Valiant|Quark Drive|[silent]\n|upkeep\n|\n|t:|1700535528\n|switch|p1a: Gyarados|Gyarados, F, shiny|100\/100\n|turn|23\n|\n|t:|1700535533\n|-terastallize|p2a: Skeledirge|Water\n|move|p1a: Gyarados|Taunt|p2a: Skeledirge\n|-start|p2a: Skeledirge|move: Taunt\n|cant|p2a: Skeledirge|move: Taunt|Will-O-Wisp\n|\n|upkeep\n|turn|24\n|\n|t:|1700535552\n|switch|p2a: Great Tusk|Great Tusk|100\/100\n|-damage|p2a: Great Tusk|98\/100|[from] Stealth Rock\n|move|p1a: Gyarados|Earthquake|p2a: Great Tusk\n|-damage|p2a: Great Tusk|72\/100\n|\n|-heal|p2a: Great Tusk|79\/100|[from] item: Leftovers\n|upkeep\n|turn|25\n|\n|t:|1700535557\n|move|p2a: Great Tusk|Rapid Spin|p1a: Gyarados\n|-damage|p1a: Gyarados|78\/100\n|-boost|p2a: Great Tusk|spe|1\n|-sideend|p2: enrage warrior hs|Stealth Rock|[from] move: Rapid Spin|[of] p2a: Great Tusk\n|move|p1a: Gyarados|Dragon Dance|p1a: Gyarados\n|-boost|p1a: Gyarados|atk|1\n|-boost|p1a: Gyarados|spe|1\n|\n|-heal|p2a: Great Tusk|85\/100|[from] item: Leftovers\n|-heal|p1a: Gyarados|84\/100|[from] item: Leftovers\n|upkeep\n|turn|26\n|\n|t:|1700535565\n|move|p2a: Great Tusk|Knock Off|p1a: Gyarados\n|-damage|p1a: Gyarados|43\/100\n|-enditem|p1a: Gyarados|Leftovers|[from] move: Knock Off|[of] p2a: Great Tusk\n|move|p1a: Gyarados|Waterfall|p2a: Great Tusk\n|-supereffective|p2a: Great Tusk\n|-damage|p2a: Great Tusk|0 fnt\n|faint|p2a: Great Tusk\n|-end|p2a: Great Tusk|Protosynthesis|[silent]\n|-ability|p1a: Gyarados|Moxie|boost\n|-boost|p1a: Gyarados|atk|1\n|\n|upkeep\n|\n|t:|1700535569\n|switch|p2a: Thundurus|Thundurus-Therian, M|20\/100\n|turn|27\n|\n|t:|1700535574\n|-terastallize|p1a: Gyarados|Ground\n|move|p2a: Thundurus|Volt Switch|p1a: Gyarados\n|-immune|p1a: Gyarados\n|move|p1a: Gyarados|Dragon Dance|p1a: Gyarados\n|-boost|p1a: Gyarados|atk|1\n|-boost|p1a: Gyarados|spe|1\n|\n|upkeep\n|turn|28\n|\n|t:|1700535583\n|switch|p2a: Ogerpon|Ogerpon-Wellspring, F|86\/100\n|move|p1a: Gyarados|Waterfall|p2a: Ogerpon\n|-heal|p2a: Ogerpon|100\/100|[from] ability: Water Absorb|[of] p1a: Gyarados\n|\n|upkeep\n|turn|29\n|\n|t:|1700535587\n|move|p1a: Gyarados|Earthquake|p2a: Ogerpon\n|-resisted|p2a: Ogerpon\n|-damage|p2a: Ogerpon|14\/100\n|move|p2a: Ogerpon|Ivy Cudgel|p1a: Gyarados|[anim] Ivy Cudgel Water\n|-supereffective|p1a: Gyarados\n|-damage|p1a: Gyarados|0 fnt\n|faint|p1a: Gyarados\n|\n|upkeep\n|l|\u2606Caffeine_badger\n|inactive|Caffeine_badger disconnected and has a minute to reconnect!\n|player|p1|\n|inactive|Caffeine_badger has 30 seconds to reconnect!\n|inactive|Caffeine_badger has 20 seconds to reconnect!\n|inactive|Caffeine_badger has 15 seconds to reconnect!\n|inactive|Caffeine_badger has 10 seconds to reconnect!\n|inactive|Caffeine_badger has 5 seconds to reconnect!\n|-message|Caffeine_badger lost due to inactivity.\n|\n|win|enrage warrior hs\n|raw|Caffeine_badger's rating: 1392 &rarr; <strong>1376<\/strong><br \/>(-16 for losing)\n|raw|enrage warrior hs's rating: 1471 &rarr; <strong>1487<\/strong><br \/>(+16 for winning)\n","uploadtime":1700535653,"views":13,"p1id":"caffeinebadger","p2id":"enragewarriorhs","formatid":"gen9ou","rating":1376,"private":0,"password":""}