{"id":"gen9ou-1997065774","p1":"Zixerneas","p2":"mikejohns","format":"[Gen 9] OU","log":"|j|\u2606Zixerneas\n|j|\u2606mikejohns\n|t:|1700761042\n|gametype|singles\n|player|p1|Zixerneas|az|1633\n|player|p2|mikejohns|volkner|1622\n|teamsize|p1|6\n|teamsize|p2|6\n|gen|9\n|tier|[Gen 9] OU\n|rated|\n|rule|Sleep Clause Mod: Limit one foe put to sleep\n|rule|Species Clause: Limit one of each Pok\u00e9mon\n|rule|OHKO Clause: OHKO moves are banned\n|rule|Evasion Items Clause: Evasion items are banned\n|rule|Evasion Moves Clause: Evasion moves are banned\n|rule|Endless Battle Clause: Forcing endless battles is banned\n|rule|HP Percentage Mod: HP is shown in percentages\n|clearpoke\n|poke|p1|Zamazenta-*|\n|poke|p1|Rillaboom, F|\n|poke|p1|Great Tusk|\n|poke|p1|Kingambit, M|\n|poke|p1|Dragapult, F|\n|poke|p1|Samurott-Hisui, F|\n|poke|p2|Amoonguss, F|\n|poke|p2|Ting-Lu|\n|poke|p2|Great Tusk|\n|poke|p2|Gholdengo|\n|poke|p2|Moltres|\n|poke|p2|Iron Valiant|\n|teampreview\n|inactive|Battle timer is ON: inactive players will automatically lose when time's up. (requested by mikejohns)\n|\n|t:|1700761055\n|start\n|switch|p1a: Samurott|Samurott-Hisui, F|100\/100\n|switch|p2a: Amoonguss|Amoonguss, F|100\/100\n|turn|1\n|\n|t:|1700761067\n|move|p1a: Samurott|Knock Off|p2a: Amoonguss\n|-damage|p2a: Amoonguss|70\/100\n|-damage|p1a: Samurott|84\/100|[from] item: Rocky Helmet|[of] p2a: Amoonguss\n|-enditem|p2a: Amoonguss|Rocky Helmet|[from] move: Knock Off|[of] p1a: Samurott\n|move|p2a: Amoonguss|Giga Drain|p1a: Samurott\n|-supereffective|p1a: Samurott\n|-damage|p1a: Samurott|20\/100\n|-heal|p2a: Amoonguss|94\/100|[from] drain|[of] p1a: Samurott\n|\n|upkeep\n|turn|2\n|\n|t:|1700761088\n|switch|p1a: Kingambit|Kingambit, M|100\/100\n|move|p2a: Amoonguss|Giga Drain|p1a: Kingambit\n|-resisted|p1a: Kingambit\n|-damage|p1a: Kingambit|89\/100\n|-heal|p2a: Amoonguss|99\/100|[from] drain|[of] p1a: Kingambit\n|\n|-heal|p1a: Kingambit|95\/100|[from] item: Leftovers\n|upkeep\n|turn|3\n|\n|t:|1700761094\n|move|p1a: Kingambit|Swords Dance|p1a: Kingambit\n|-boost|p1a: Kingambit|atk|2\n|move|p2a: Amoonguss|Spore|p1a: Kingambit\n|-status|p1a: Kingambit|slp|[from] move: Spore\n|\n|-heal|p1a: Kingambit|100\/100 slp|[from] item: Leftovers\n|upkeep\n|turn|4\n|\n|t:|1700761097\n|switch|p2a: Moltres|Moltres|100\/100\n|cant|p1a: Kingambit|slp\n|\n|upkeep\n|turn|5\n|\n|t:|1700761109\n|-end|p1a: Kingambit|fallenundefined|[silent]\n|switch|p1a: Dragapult|Dragapult, F|100\/100\n|move|p2a: Moltres|Flamethrower|p1a: Dragapult\n|-resisted|p1a: Dragapult\n|-damage|p1a: Dragapult|74\/100\n|\n|upkeep\n|turn|6\n|\n|t:|1700761121\n|move|p1a: Dragapult|Draco Meteor|p2a: Moltres|[miss]\n|-miss|p1a: Dragapult|p2a: Moltres\n|move|p2a: Moltres|Roost||[still]\n|-fail|p2a: Moltres|heal\n|\n|upkeep\n|turn|7\n|\n|t:|1700761127\n|switch|p2a: Ting-Lu|Ting-Lu|100\/100\n|-ability|p2a: Ting-Lu|Vessel of Ruin\n|move|p1a: Dragapult|Draco Meteor|p2a: Ting-Lu\n|-damage|p2a: Ting-Lu|68\/100\n|-unboost|p1a: Dragapult|spa|2\n|\n|-heal|p2a: Ting-Lu|74\/100|[from] item: Leftovers\n|upkeep\n|turn|8\n|\n|t:|1700761131\n|switch|p1a: Samurott|Samurott-Hisui, F|20\/100\n|move|p2a: Ting-Lu|Spikes|p1a: Samurott\n|-sidestart|p1: Zixerneas|Spikes\n|\n|-heal|p2a: Ting-Lu|80\/100|[from] item: Leftovers\n|upkeep\n|turn|9\n|\n|t:|1700761136\n|switch|p2a: Amoonguss|Amoonguss, F|100\/100\n|move|p1a: Samurott|Ceaseless Edge|p2a: Amoonguss\n|-damage|p2a: Amoonguss|68\/100\n|-sidestart|p2: mikejohns|Spikes\n|\n|upkeep\n|turn|10\n|inactive|Zixerneas has 120 seconds left.\n|\n|t:|1700761169\n|switch|p1a: Kingambit|Kingambit, M|100\/100 slp\n|-damage|p1a: Kingambit|88\/100 slp|[from] Spikes\n|move|p2a: Amoonguss|Giga Drain|p1a: Kingambit\n|-resisted|p1a: Kingambit\n|-crit|p1a: Kingambit\n|-damage|p1a: Kingambit|73\/100 slp\n|-heal|p2a: Amoonguss|75\/100|[from] drain|[of] p1a: Kingambit\n|\n|-heal|p1a: Kingambit|79\/100 slp|[from] item: Leftovers\n|upkeep\n|turn|11\n|\n|t:|1700761177\n|switch|p2a: Moltres|Moltres|100\/100\n|cant|p1a: Kingambit|slp\n|\n|-heal|p1a: Kingambit|85\/100 slp|[from] item: Leftovers\n|upkeep\n|turn|12\n|\n|t:|1700761184\n|-end|p1a: Kingambit|fallenundefined|[silent]\n|switch|p1a: Dragapult|Dragapult, F|74\/100\n|-damage|p1a: Dragapult|61\/100|[from] Spikes\n|move|p2a: Moltres|Flamethrower|p1a: Dragapult\n|-resisted|p1a: Dragapult\n|-damage|p1a: Dragapult|37\/100\n|\n|upkeep\n|turn|13\n|\n|t:|1700761189\n|move|p1a: Dragapult|Draco Meteor|p2a: Moltres\n|-damage|p2a: Moltres|28\/100\n|-unboost|p1a: Dragapult|spa|2\n|move|p2a: Moltres|Roost|p2a: Moltres\n|-heal|p2a: Moltres|79\/100\n|-singleturn|p2a: Moltres|move: Roost\n|\n|upkeep\n|turn|14\n|\n|t:|1700761200\n|switch|p1a: Samurott|Samurott-Hisui, F|20\/100\n|-damage|p1a: Samurott|8\/100|[from] Spikes\n|move|p2a: Moltres|U-turn|p1a: Samurott\n|-supereffective|p1a: Samurott\n|-damage|p1a: Samurott|0 fnt\n|faint|p1a: Samurott\n|\n|t:|1700761214\n|switch|p2a: Ting-Lu|Ting-Lu|80\/100|[from] U-turn\n|-damage|p2a: Ting-Lu|68\/100|[from] Spikes\n|-ability|p2a: Ting-Lu|Vessel of Ruin\n|\n|-heal|p2a: Ting-Lu|74\/100|[from] item: Leftovers\n|upkeep\n|\n|t:|1700761219\n|switch|p1a: Great Tusk|Great Tusk|100\/100\n|turn|15\n|\n|t:|1700761224\n|switch|p2a: Moltres|Moltres|79\/100\n|move|p1a: Great Tusk|Knock Off|p2a: Moltres\n|-damage|p2a: Moltres|48\/100\n|-status|p1a: Great Tusk|brn|[from] ability: Flame Body|[of] p2a: Moltres\n|-enditem|p2a: Moltres|Heavy-Duty Boots|[from] move: Knock Off|[of] p1a: Great Tusk\n|\n|-damage|p1a: Great Tusk|94\/100 brn|[from] brn\n|upkeep\n|turn|16\n|\n|t:|1700761229\n|move|p1a: Great Tusk|Rapid Spin|p2a: Moltres\n|-damage|p2a: Moltres|40\/100\n|-boost|p1a: Great Tusk|spe|1\n|-sideend|p1: Zixerneas|Spikes|[from] move: Rapid Spin|[of] p1a: Great Tusk\n|move|p2a: Moltres|Roost|p2a: Moltres\n|-heal|p2a: Moltres|91\/100\n|-singleturn|p2a: Moltres|move: Roost\n|\n|-damage|p1a: Great Tusk|88\/100 brn|[from] brn\n|upkeep\n|turn|17\n|\n|t:|1700761241\n|move|p1a: Great Tusk|Knock Off|p2a: Moltres\n|-damage|p2a: Moltres|80\/100\n|move|p2a: Moltres|U-turn|p1a: Great Tusk\n|-resisted|p1a: Great Tusk\n|-damage|p1a: Great Tusk|84\/100 brn\n|\n|t:|1700761266\n|switch|p2a: Great Tusk|Great Tusk|100\/100|[from] U-turn\n|\n|-damage|p1a: Great Tusk|78\/100 brn|[from] brn\n|upkeep\n|turn|18\n|\n|t:|1700761277\n|-end|p1a: Great Tusk|Protosynthesis|[silent]\n|switch|p1a: Rillaboom|Rillaboom, F|100\/100\n|-fieldstart|move: Grassy Terrain|[from] ability: Grassy Surge|[of] p1a: Rillaboom\n|-end|p2a: Great Tusk|Protosynthesis|[silent]\n|switch|p2a: Moltres|Moltres|80\/100\n|\n|upkeep\n|turn|19\n|\n|t:|1700761293\n|switch|p1a: Dragapult|Dragapult, F|37\/100\n|move|p2a: Moltres|Will-O-Wisp|p1a: Dragapult\n|-status|p1a: Dragapult|brn\n|\n|-heal|p1a: Dragapult|43\/100 brn|[from] Grassy Terrain\n|-damage|p1a: Dragapult|37\/100 brn|[from] brn\n|upkeep\n|turn|20\n|\n|t:|1700761299\n|move|p1a: Dragapult|Draco Meteor|p2a: Moltres\n|-damage|p2a: Moltres|19\/100\n|-unboost|p1a: Dragapult|spa|2\n|move|p2a: Moltres|Roost|p2a: Moltres\n|-heal|p2a: Moltres|69\/100\n|-singleturn|p2a: Moltres|move: Roost\n|\n|-heal|p1a: Dragapult|43\/100 brn|[from] Grassy Terrain\n|-heal|p2a: Moltres|75\/100|[from] Grassy Terrain\n|-damage|p1a: Dragapult|37\/100 brn|[from] brn\n|upkeep\n|turn|21\n|\n|t:|1700761308\n|switch|p1a: Kingambit|Kingambit, M|85\/100 slp\n|-activate|p1a: Kingambit|ability: Supreme Overlord\n|-start|p1a: Kingambit|fallen1|[silent]\n|move|p2a: Moltres|U-turn|p1a: Kingambit\n|-damage|p1a: Kingambit|74\/100 slp\n|\n|t:|1700761312\n|switch|p2a: Great Tusk|Great Tusk|100\/100|[from] U-turn\n|\n|-heal|p1a: Kingambit|80\/100 slp|[from] Grassy Terrain\n|-heal|p1a: Kingambit|86\/100 slp|[from] item: Leftovers\n|upkeep\n|turn|22\n|\n|t:|1700761321\n|-end|p1a: Kingambit|fallen1|[silent]\n|switch|p1a: Rillaboom|Rillaboom, F|100\/100\n|move|p2a: Great Tusk|Headlong Rush|p1a: Rillaboom\n|-resisted|p1a: Rillaboom\n|-damage|p1a: Rillaboom|69\/100\n|-unboost|p2a: Great Tusk|def|1\n|-unboost|p2a: Great Tusk|spd|1\n|\n|-heal|p1a: Rillaboom|75\/100|[from] Grassy Terrain\n|-fieldend|move: Grassy Terrain\n|upkeep\n|turn|23\n|\n|t:|1700761334\n|-end|p2a: Great Tusk|Protosynthesis|[silent]\n|switch|p2a: Amoonguss|Amoonguss, F|100\/100\n|-damage|p2a: Amoonguss|88\/100|[from] Spikes\n|switch|p1a: Kingambit|Kingambit, M|86\/100 slp\n|-activate|p1a: Kingambit|ability: Supreme Overlord\n|-start|p1a: Kingambit|fallen1|[silent]\n|\n|-heal|p1a: Kingambit|93\/100 slp|[from] item: Leftovers\n|upkeep\n|turn|24\n|\n|t:|1700761344\n|switch|p2a: Moltres|Moltres|75\/100\n|-curestatus|p1a: Kingambit|slp|[msg]\n|move|p1a: Kingambit|Swords Dance|p1a: Kingambit\n|-boost|p1a: Kingambit|atk|2\n|\n|-heal|p1a: Kingambit|99\/100|[from] item: Leftovers\n|upkeep\n|turn|25\n|\n|t:|1700761350\n|move|p2a: Moltres|Will-O-Wisp|p1a: Kingambit\n|-status|p1a: Kingambit|brn\n|move|p1a: Kingambit|Stone Edge|p2a: Moltres\n|-supereffective|p2a: Moltres\n|-damage|p2a: Moltres|0 fnt\n|faint|p2a: Moltres\n|\n|-heal|p1a: Kingambit|100\/100 brn|[from] item: Leftovers\n|-damage|p1a: Kingambit|94\/100 brn|[from] brn\n|upkeep\n|\n|t:|1700761370\n|switch|p2a: Great Tusk|Great Tusk|100\/100\n|turn|26\n|\n|t:|1700761377\n|-end|p1a: Kingambit|fallen1|[silent]\n|switch|p1a: Rillaboom|Rillaboom, F|75\/100\n|-fieldstart|move: Grassy Terrain|[from] ability: Grassy Surge|[of] p1a: Rillaboom\n|move|p2a: Great Tusk|Ice Spinner|p1a: Rillaboom\n|-supereffective|p1a: Rillaboom\n|-crit|p1a: Rillaboom\n|-damage|p1a: Rillaboom|0 fnt\n|-fieldend|move: Grassy Terrain\n|faint|p1a: Rillaboom\n|\n|upkeep\n|\n|t:|1700761382\n|switch|p1a: Zamazenta|Zamazenta|100\/100\n|-ability|p1a: Zamazenta|Dauntless Shield|boost\n|-boost|p1a: Zamazenta|def|1\n|turn|27\n|\n|t:|1700761395\n|-end|p2a: Great Tusk|Protosynthesis|[silent]\n|switch|p2a: Ting-Lu|Ting-Lu|74\/100\n|-damage|p2a: Ting-Lu|61\/100|[from] Spikes\n|-ability|p2a: Ting-Lu|Vessel of Ruin\n|move|p1a: Zamazenta|Substitute|p1a: Zamazenta\n|-start|p1a: Zamazenta|Substitute\n|-damage|p1a: Zamazenta|75\/100\n|\n|-heal|p1a: Zamazenta|82\/100|[from] item: Leftovers\n|-heal|p2a: Ting-Lu|68\/100|[from] item: Leftovers\n|upkeep\n|turn|28\n|\n|t:|1700761400\n|-terastallize|p2a: Ting-Lu|Poison\n|move|p1a: Zamazenta|Body Press|p2a: Ting-Lu\n|-resisted|p2a: Ting-Lu\n|-damage|p2a: Ting-Lu|54\/100\n|move|p2a: Ting-Lu|Whirlwind|p1a: Zamazenta\n|drag|p1a: Dragapult|Dragapult, F|37\/100 brn\n|\n|-heal|p2a: Ting-Lu|60\/100|[from] item: Leftovers\n|-damage|p1a: Dragapult|31\/100 brn|[from] brn\n|upkeep\n|turn|29\n|\n|t:|1700761412\n|move|p1a: Dragapult|U-turn|p2a: Ting-Lu\n|-resisted|p2a: Ting-Lu\n|-damage|p2a: Ting-Lu|58\/100\n|\n|t:|1700761414\n|switch|p1a: Kingambit|Kingambit, M|94\/100 brn|[from] U-turn\n|-activate|p1a: Kingambit|ability: Supreme Overlord\n|-start|p1a: Kingambit|fallen2|[silent]\n|move|p2a: Ting-Lu|Spikes|p1a: Kingambit\n|-sidestart|p1: Zixerneas|Spikes\n|\n|-heal|p1a: Kingambit|100\/100 brn|[from] item: Leftovers\n|-heal|p2a: Ting-Lu|64\/100|[from] item: Leftovers\n|-damage|p1a: Kingambit|94\/100 brn|[from] brn\n|upkeep\n|turn|30\n|\n|t:|1700761420\n|move|p1a: Kingambit|Swords Dance|p1a: Kingambit\n|-boost|p1a: Kingambit|atk|2\n|move|p2a: Ting-Lu|Whirlwind|p1a: Kingambit\n|-end|p1a: Kingambit|fallen2|[silent]\n|drag|p1a: Zamazenta|Zamazenta|82\/100\n|-damage|p1a: Zamazenta|69\/100|[from] Spikes\n|\n|-heal|p1a: Zamazenta|75\/100|[from] item: Leftovers\n|-heal|p2a: Ting-Lu|70\/100|[from] item: Leftovers\n|upkeep\n|turn|31\n|\n|t:|1700761426\n|move|p1a: Zamazenta|Crunch|p2a: Ting-Lu\n|-damage|p2a: Ting-Lu|58\/100\n|-unboost|p2a: Ting-Lu|def|1\n|move|p2a: Ting-Lu|Whirlwind|p1a: Zamazenta\n|drag|p1a: Dragapult|Dragapult, F|31\/100 brn\n|-damage|p1a: Dragapult|18\/100 brn|[from] Spikes\n|\n|-heal|p2a: Ting-Lu|64\/100|[from] item: Leftovers\n|-damage|p1a: Dragapult|12\/100 brn|[from] brn\n|upkeep\n|turn|32\n|\n|t:|1700761433\n|move|p1a: Dragapult|Draco Meteor|p2a: Ting-Lu\n|-damage|p2a: Ting-Lu|31\/100\n|-unboost|p1a: Dragapult|spa|2\n|move|p2a: Ting-Lu|Spikes|p1a: Dragapult\n|-sidestart|p1: Zixerneas|Spikes\n|\n|-heal|p2a: Ting-Lu|37\/100|[from] item: Leftovers\n|-damage|p1a: Dragapult|6\/100 brn|[from] brn\n|upkeep\n|turn|33\n|\n|t:|1700761439\n|move|p1a: Dragapult|Draco Meteor|p2a: Ting-Lu\n|-damage|p2a: Ting-Lu|20\/100\n|-unboost|p1a: Dragapult|spa|2\n|move|p2a: Ting-Lu|Spikes|p1a: Dragapult\n|-sidestart|p1: Zixerneas|Spikes\n|\n|-heal|p2a: Ting-Lu|27\/100|[from] item: Leftovers\n|-damage|p1a: Dragapult|0 fnt|[from] brn\n|faint|p1a: Dragapult\n|upkeep\n|\n|t:|1700761468\n|switch|p1a: Great Tusk|Great Tusk|78\/100 brn\n|turn|34\n|\n|t:|1700761474\n|switch|p2a: Gholdengo|Gholdengo|100\/100\n|-item|p2a: Gholdengo|Air Balloon\n|move|p1a: Great Tusk|Rapid Spin|p2a: Gholdengo\n|-immune|p2a: Gholdengo\n|\n|-damage|p1a: Great Tusk|71\/100 brn|[from] brn\n|upkeep\n|turn|35\n|\n|t:|1700761485\n|move|p2a: Gholdengo|Make It Rain|p1a: Great Tusk\n|-damage|p1a: Great Tusk|0 fnt\n|-unboost|p2a: Gholdengo|spa|1\n|faint|p1a: Great Tusk\n|-end|p1a: Great Tusk|Protosynthesis|[silent]\n|\n|upkeep\n|\n|t:|1700761488\n|switch|p1a: Kingambit|Kingambit, M|94\/100 brn\n|-damage|p1a: Kingambit|69\/100 brn|[from] Spikes\n|-activate|p1a: Kingambit|ability: Supreme Overlord\n|-start|p1a: Kingambit|fallen4|[silent]\n|turn|36\n|\n|t:|1700761494\n|switch|p2a: Great Tusk|Great Tusk|100\/100\n|move|p1a: Kingambit|Swords Dance|p1a: Kingambit\n|-boost|p1a: Kingambit|atk|2\n|\n|-heal|p1a: Kingambit|75\/100 brn|[from] item: Leftovers\n|-damage|p1a: Kingambit|69\/100 brn|[from] brn\n|upkeep\n|turn|37\n|\n|t:|1700761505\n|-end|p1a: Kingambit|fallen4|[silent]\n|switch|p1a: Zamazenta|Zamazenta|75\/100\n|-damage|p1a: Zamazenta|50\/100|[from] Spikes\n|move|p2a: Great Tusk|Headlong Rush|p1a: Zamazenta\n|-damage|p1a: Zamazenta|2\/100\n|-unboost|p2a: Great Tusk|def|1\n|-unboost|p2a: Great Tusk|spd|1\n|\n|-heal|p1a: Zamazenta|8\/100|[from] item: Leftovers\n|upkeep\n|turn|38\n|\n|t:|1700761515\n|-end|p2a: Great Tusk|Protosynthesis|[silent]\n|switch|p2a: Ting-Lu|Ting-Lu, tera:Poison|27\/100\n|-damage|p2a: Ting-Lu|14\/100|[from] Spikes\n|-ability|p2a: Ting-Lu|Vessel of Ruin\n|move|p1a: Zamazenta|Body Press|p2a: Ting-Lu\n|-resisted|p2a: Ting-Lu\n|-crit|p2a: Ting-Lu\n|-damage|p2a: Ting-Lu|1\/100\n|\n|-heal|p1a: Zamazenta|15\/100|[from] item: Leftovers\n|-heal|p2a: Ting-Lu|7\/100|[from] item: Leftovers\n|upkeep\n|turn|39\n|\n|t:|1700761518\n|move|p1a: Zamazenta|Body Press|p2a: Ting-Lu\n|-resisted|p2a: Ting-Lu\n|-damage|p2a: Ting-Lu|0 fnt\n|faint|p2a: Ting-Lu\n|\n|-heal|p1a: Zamazenta|21\/100|[from] item: Leftovers\n|upkeep\n|\n|t:|1700761521\n|switch|p2a: Iron Valiant|Iron Valiant|100\/100\n|-damage|p2a: Iron Valiant|88\/100|[from] Spikes\n|-enditem|p2a: Iron Valiant|Booster Energy\n|-activate|p2a: Iron Valiant|ability: Quark Drive|[fromitem]\n|-start|p2a: Iron Valiant|quarkdrivespe\n|turn|40\n|\n|t:|1700761528\n|move|p2a: Iron Valiant|Moonblast|p1a: Zamazenta\n|-supereffective|p1a: Zamazenta\n|-damage|p1a: Zamazenta|0 fnt\n|faint|p1a: Zamazenta\n|\n|upkeep\n|\n|t:|1700761530\n|switch|p1a: Kingambit|Kingambit, M|69\/100 brn\n|-damage|p1a: Kingambit|44\/100 brn|[from] Spikes\n|-activate|p1a: Kingambit|ability: Supreme Overlord\n|-start|p1a: Kingambit|fallen5|[silent]\n|turn|41\n|\n|t:|1700761539\n|-terastallize|p1a: Kingambit|Fairy\n|move|p2a: Iron Valiant|Moonblast|p1a: Kingambit\n|-damage|p1a: Kingambit|0 fnt\n|faint|p1a: Kingambit\n|-end|p1a: Kingambit|fallen5|[silent]\n|\n|win|mikejohns\n|raw|Zixerneas's rating: 1633 &rarr; <strong>1612<\/strong><br \/>(-21 for losing)\n|raw|mikejohns's rating: 1622 &rarr; <strong>1643<\/strong><br \/>(+21 for winning)\n|c|\u2606mikejohns|gg\n|l|\u2606Zixerneas\n","uploadtime":1700761549,"views":6,"p1id":"zixerneas","p2id":"mikejohns","formatid":"gen9ou","rating":1612,"private":0,"password":""}