{"id":"gen9ou-1996764388","p1":"spicy piquant","p2":"me and the rza","format":"[Gen 9] OU","log":"|j|\u2606spicy piquant\n|j|\u2606me and the rza\n|t:|1700721315\n|gametype|singles\n|player|p1|spicy piquant|170|1696\n|player|p2|me and the rza|102|1927\n|teamsize|p1|6\n|teamsize|p2|6\n|gen|9\n|tier|[Gen 9] OU\n|rated|\n|rule|Sleep Clause Mod: Limit one foe put to sleep\n|rule|Species Clause: Limit one of each Pok\u00e9mon\n|rule|OHKO Clause: OHKO moves are banned\n|rule|Evasion Items Clause: Evasion items are banned\n|rule|Evasion Moves Clause: Evasion moves are banned\n|rule|Endless Battle Clause: Forcing endless battles is banned\n|rule|HP Percentage Mod: HP is shown in percentages\n|clearpoke\n|poke|p1|Iron Valiant|\n|poke|p1|Gholdengo|\n|poke|p1|Cinderace, M|\n|poke|p1|Toxapex, F|\n|poke|p1|Corviknight, F|\n|poke|p1|Ursaluna, F|\n|poke|p2|Dragonite, M|\n|poke|p2|Glimmora, F|\n|poke|p2|Kingambit, M|\n|poke|p2|Ogerpon-Wellspring, F|\n|poke|p2|Iron Valiant|\n|poke|p2|Gholdengo|\n|teampreview\n|inactive|Battle timer is ON: inactive players will automatically lose when time's up. (requested by spicy piquant)\n|\n|t:|1700721330\n|start\n|switch|p1a: Toxapex|Toxapex, F|100\/100\n|switch|p2a: Gholdengo|Gholdengo|100\/100\n|turn|1\n|\n|t:|1700721338\n|switch|p1a: Ursaluna|Ursaluna, F|100\/100\n|move|p2a: Gholdengo|Trick|p1a: Ursaluna\n|-activate|p2a: Gholdengo|move: Trick|[of] p1a: Ursaluna\n|-item|p1a: Ursaluna|Choice Scarf|[from] move: Trick\n|-item|p2a: Gholdengo|Flame Orb|[from] move: Trick\n|\n|-status|p2a: Gholdengo|brn|[from] item: Flame Orb\n|upkeep\n|turn|2\n|\n|t:|1700721350\n|switch|p2a: Dragonite|Dragonite, M|100\/100\n|move|p1a: Ursaluna|Earthquake|p2a: Dragonite\n|-immune|p2a: Dragonite\n|\n|upkeep\n|turn|3\n|\n|t:|1700721353\n|switch|p1a: Corviknight|Corviknight, F|100\/100\n|-ability|p1a: Corviknight|Pressure\n|switch|p2a: Gholdengo|Gholdengo|100\/100 brn\n|\n|-damage|p2a: Gholdengo|94\/100 brn|[from] brn\n|upkeep\n|turn|4\n|\n|t:|1700721357\n|switch|p1a: Ursaluna|Ursaluna, F|100\/100\n|move|p2a: Gholdengo|Trick|p1a: Ursaluna\n|-activate|p2a: Gholdengo|move: Trick|[of] p1a: Ursaluna\n|-item|p1a: Ursaluna|Flame Orb|[from] move: Trick\n|-item|p2a: Gholdengo|Choice Scarf|[from] move: Trick\n|\n|-damage|p2a: Gholdengo|88\/100 brn|[from] brn\n|-status|p1a: Ursaluna|brn|[from] item: Flame Orb\n|upkeep\n|turn|5\n|\n|t:|1700721364\n|move|p2a: Gholdengo|Focus Blast|p1a: Ursaluna\n|-supereffective|p1a: Ursaluna\n|-damage|p1a: Ursaluna|18\/100 brn\n|move|p1a: Ursaluna|Facade|p2a: Gholdengo\n|-immune|p2a: Gholdengo\n|\n|-damage|p2a: Gholdengo|82\/100 brn|[from] brn\n|-damage|p1a: Ursaluna|12\/100 brn|[from] brn\n|upkeep\n|turn|6\n|\n|t:|1700721371\n|switch|p2a: Dragonite|Dragonite, M|100\/100\n|switch|p1a: Gholdengo|Gholdengo|100\/100\n|\n|upkeep\n|turn|7\n|\n|t:|1700721377\n|switch|p1a: Corviknight|Corviknight, F|100\/100\n|-ability|p1a: Corviknight|Pressure\n|switch|p2a: Gholdengo|Gholdengo|82\/100 brn\n|\n|-damage|p2a: Gholdengo|76\/100 brn|[from] brn\n|upkeep\n|turn|8\n|\n|t:|1700721384\n|switch|p1a: Ursaluna|Ursaluna, F|12\/100 brn\n|move|p2a: Gholdengo|Shadow Ball|p1a: Ursaluna\n|-immune|p1a: Ursaluna\n|\n|-damage|p2a: Gholdengo|70\/100 brn|[from] brn\n|-damage|p1a: Ursaluna|6\/100 brn|[from] brn\n|upkeep\n|turn|9\n|\n|t:|1700721389\n|switch|p2a: Glimmora|Glimmora, F|100\/100\n|move|p1a: Ursaluna|Facade|p2a: Glimmora\n|-resisted|p2a: Glimmora\n|-damage|p2a: Glimmora|19\/100\n|-activate|p2a: Glimmora|ability: Toxic Debris\n|-sidestart|p1: spicy piquant|move: Toxic Spikes\n|\n|-damage|p1a: Ursaluna|0 fnt|[from] brn\n|faint|p1a: Ursaluna\n|upkeep\n|\n|t:|1700721394\n|switch|p1a: Toxapex|Toxapex, F|100\/100\n|-sideend|p1: spicy piquant|move: Toxic Spikes|[of] p1a: Toxapex\n|turn|10\n|\n|t:|1700721399\n|move|p2a: Glimmora|Earth Power|p1a: Toxapex\n|-supereffective|p1a: Toxapex\n|-damage|p1a: Toxapex|66\/100\n|move|p1a: Toxapex|Surf|p2a: Glimmora\n|-supereffective|p2a: Glimmora\n|-damage|p2a: Glimmora|0 fnt\n|faint|p2a: Glimmora\n|\n|upkeep\n|\n|t:|1700721402\n|switch|p2a: Gholdengo|Gholdengo|70\/100 brn\n|turn|11\n|\n|t:|1700721405\n|switch|p1a: Gholdengo|Gholdengo|100\/100\n|move|p2a: Gholdengo|Trick|p1a: Gholdengo\n|-immune|p1a: Gholdengo|[from] ability: Good as Gold\n|\n|-damage|p2a: Gholdengo|64\/100 brn|[from] brn\n|upkeep\n|turn|12\n|\n|t:|1700721410\n|move|p2a: Gholdengo|Trick|p1a: Gholdengo\n|-immune|p1a: Gholdengo|[from] ability: Good as Gold\n|move|p1a: Gholdengo|Focus Blast|p2a: Gholdengo\n|-immune|p2a: Gholdengo\n|\n|-damage|p2a: Gholdengo|58\/100 brn|[from] brn\n|upkeep\n|turn|13\n|\n|t:|1700721424\n|switch|p2a: Iron Valiant|Iron Valiant|100\/100\n|-enditem|p2a: Iron Valiant|Booster Energy\n|-activate|p2a: Iron Valiant|ability: Quark Drive|[fromitem]\n|-start|p2a: Iron Valiant|quarkdrivespe\n|move|p1a: Gholdengo|Focus Blast|p2a: Iron Valiant|[miss]\n|-miss|p1a: Gholdengo|p2a: Iron Valiant\n|\n|upkeep\n|turn|14\n|\n|t:|1700721432\n|switch|p1a: Toxapex|Toxapex, F|99\/100\n|move|p2a: Iron Valiant|Knock Off|p1a: Toxapex\n|-damage|p1a: Toxapex|71\/100\n|-enditem|p1a: Toxapex|Assault Vest|[from] move: Knock Off|[of] p2a: Iron Valiant\n|\n|upkeep\n|turn|15\n|\n|t:|1700721442\n|-end|p2a: Iron Valiant|Quark Drive|[silent]\n|switch|p2a: Gholdengo|Gholdengo|58\/100 brn\n|move|p1a: Toxapex|Sludge Bomb|p2a: Gholdengo\n|-immune|p2a: Gholdengo\n|\n|-damage|p2a: Gholdengo|52\/100 brn|[from] brn\n|upkeep\n|turn|16\n|\n|t:|1700721455\n|move|p2a: Gholdengo|Shadow Ball|p1a: Toxapex\n|-damage|p1a: Toxapex|35\/100\n|-unboost|p1a: Toxapex|spd|1\n|move|p1a: Toxapex|Surf|p2a: Gholdengo\n|-damage|p2a: Gholdengo|16\/100 brn\n|\n|-damage|p2a: Gholdengo|10\/100 brn|[from] brn\n|upkeep\n|turn|17\n|\n|t:|1700721468\n|switch|p1a: Cinderace|Cinderace, M|100\/100\n|move|p2a: Gholdengo|Shadow Ball|p1a: Cinderace\n|-damage|p1a: Cinderace|35\/100\n|\n|-damage|p2a: Gholdengo|4\/100 brn|[from] brn\n|upkeep\n|turn|18\n|\n|t:|1700721473\n|move|p1a: Cinderace|Sucker Punch|p2a: Gholdengo\n|-start|p1a: Cinderace|typechange|Dark|[from] ability: Libero\n|-supereffective|p2a: Gholdengo\n|-damage|p2a: Gholdengo|0 fnt\n|faint|p2a: Gholdengo\n|\n|upkeep\n|inactive|me and the rza has 120 seconds left.\n|j| fmn027\n|inactive|me and the rza has 90 seconds left.\n|\n|t:|1700721534\n|switch|p2a: Ogerpon|Ogerpon-Wellspring, F|100\/100\n|turn|19\n|\n|t:|1700721538\n|-terastallize|p2a: Ogerpon|Water\n|detailschange|p2a: Ogerpon|Ogerpon-Wellspring-Tera, F, tera:Water\n|-ability|p2a: Ogerpon|Embody Aspect (Wellspring)|boost\n|-boost|p2a: Ogerpon|spd|1\n|move|p1a: Cinderace|U-turn|p2a: Ogerpon\n|-damage|p2a: Ogerpon|72\/100\n|\n|t:|1700721549\n|switch|p1a: Gholdengo|Gholdengo|100\/100|[from] U-turn\n|move|p2a: Ogerpon|Swords Dance|p2a: Ogerpon\n|-boost|p2a: Ogerpon|atk|2\n|\n|upkeep\n|turn|20\n|\n|t:|1700721556\n|move|p1a: Gholdengo|Shadow Ball|p2a: Ogerpon\n|-damage|p2a: Ogerpon|37\/100\n|move|p2a: Ogerpon|Trailblaze|p1a: Gholdengo\n|-resisted|p1a: Gholdengo\n|-damage|p1a: Gholdengo|70\/100\n|-boost|p2a: Ogerpon|spe|1\n|\n|upkeep\n|turn|21\n|\n|t:|1700721567\n|move|p2a: Ogerpon|Ivy Cudgel|p1a: Gholdengo|[anim] Ivy Cudgel Water\n|-damage|p1a: Gholdengo|0 fnt\n|faint|p1a: Gholdengo\n|\n|upkeep\n|\n|t:|1700721570\n|switch|p1a: Cinderace|Cinderace, M|35\/100\n|turn|22\n|\n|t:|1700721572\n|switch|p2a: Iron Valiant|Iron Valiant|100\/100\n|move|p1a: Cinderace|U-turn|p2a: Iron Valiant\n|-start|p1a: Cinderace|typechange|Bug|[from] ability: Libero\n|-resisted|p2a: Iron Valiant\n|-damage|p2a: Iron Valiant|90\/100\n|\n|t:|1700721581\n|switch|p1a: Iron Valiant|Iron Valiant|100\/100|[from] U-turn\n|-enditem|p1a: Iron Valiant|Booster Energy\n|-activate|p1a: Iron Valiant|ability: Quark Drive|[fromitem]\n|-start|p1a: Iron Valiant|quarkdrivespe\n|\n|upkeep\n|turn|23\n|\n|t:|1700721586\n|move|p1a: Iron Valiant|Moonblast|p2a: Iron Valiant\n|-supereffective|p2a: Iron Valiant\n|-crit|p2a: Iron Valiant\n|-damage|p2a: Iron Valiant|0 fnt\n|faint|p2a: Iron Valiant\n|-end|p2a: Iron Valiant|Quark Drive|[silent]\n|\n|upkeep\n|\n|t:|1700721590\n|switch|p2a: Dragonite|Dragonite, M|100\/100\n|turn|24\n|\n|t:|1700721595\n|-end|p1a: Iron Valiant|Quark Drive|[silent]\n|switch|p1a: Corviknight|Corviknight, F|100\/100\n|-ability|p1a: Corviknight|Pressure\n|move|p2a: Dragonite|Hurricane|p1a: Corviknight|[miss]\n|-miss|p2a: Dragonite|p1a: Corviknight\n|\n|upkeep\n|turn|25\n|\n|t:|1700721600\n|move|p2a: Dragonite|Dragon Dance|p2a: Dragonite\n|-boost|p2a: Dragonite|atk|1\n|-boost|p2a: Dragonite|spe|1\n|move|p1a: Corviknight|U-turn|p2a: Dragonite\n|-resisted|p2a: Dragonite\n|-damage|p2a: Dragonite|96\/100\n|\n|t:|1700721605\n|switch|p1a: Iron Valiant|Iron Valiant|100\/100|[from] U-turn\n|\n|upkeep\n|turn|26\n|\n|t:|1700721607\n|-end|p1a: Iron Valiant|Quark Drive|[silent]\n|switch|p1a: Corviknight|Corviknight, F|100\/100\n|-ability|p1a: Corviknight|Pressure\n|move|p2a: Dragonite|Hurricane|p1a: Corviknight\n|-resisted|p1a: Corviknight\n|-damage|p1a: Corviknight|79\/100\n|\n|upkeep\n|turn|27\n|\n|t:|1700721610\n|move|p2a: Dragonite|Dragon Dance|p2a: Dragonite\n|-boost|p2a: Dragonite|atk|1\n|-boost|p2a: Dragonite|spe|1\n|move|p1a: Corviknight|Iron Defense|p1a: Corviknight\n|-boost|p1a: Corviknight|def|2\n|\n|upkeep\n|turn|28\n|\n|t:|1700721616\n|move|p2a: Dragonite|Hurricane|p1a: Corviknight\n|-resisted|p1a: Corviknight\n|-damage|p1a: Corviknight|60\/100\n|move|p1a: Corviknight|Iron Defense|p1a: Corviknight\n|-boost|p1a: Corviknight|def|2\n|\n|upkeep\n|turn|29\n|\n|t:|1700721619\n|switch|p2a: Ogerpon|Ogerpon-Wellspring-Tera, F, tera:Water|37\/100\n|-ability|p2a: Ogerpon|Embody Aspect (Wellspring)|boost\n|-boost|p2a: Ogerpon|spd|1\n|move|p1a: Corviknight|Roost|p1a: Corviknight\n|-heal|p1a: Corviknight|100\/100\n|-singleturn|p1a: Corviknight|move: Roost\n|\n|upkeep\n|turn|30\n|\n|t:|1700721622\n|move|p2a: Ogerpon|Ivy Cudgel|p1a: Corviknight|[anim] Ivy Cudgel Water\n|-damage|p1a: Corviknight|85\/100\n|move|p1a: Corviknight|Body Press|p2a: Ogerpon\n|-damage|p2a: Ogerpon|0 fnt\n|faint|p2a: Ogerpon\n|\n|upkeep\n|\n|t:|1700721628\n|switch|p2a: Dragonite|Dragonite, M|96\/100\n|turn|31\n|\n|t:|1700721631\n|move|p2a: Dragonite|Hurricane|p1a: Corviknight\n|-resisted|p1a: Corviknight\n|-damage|p1a: Corviknight|64\/100\n|-start|p1a: Corviknight|confusion\n|-activate|p1a: Corviknight|confusion\n|move|p1a: Corviknight|Body Press|p2a: Dragonite\n|-resisted|p2a: Dragonite\n|-damage|p2a: Dragonite|52\/100\n|\n|upkeep\n|turn|32\n|\n|t:|1700721639\n|move|p2a: Dragonite|Hurricane|p1a: Corviknight\n|-resisted|p1a: Corviknight\n|-damage|p1a: Corviknight|42\/100\n|-activate|p1a: Corviknight|confusion\n|move|p1a: Corviknight|Roost|p1a: Corviknight\n|-heal|p1a: Corviknight|92\/100\n|-singleturn|p1a: Corviknight|move: Roost\n|\n|upkeep\n|turn|33\n|\n|t:|1700721642\n|move|p2a: Dragonite|Hurricane|p1a: Corviknight|[miss]\n|-miss|p2a: Dragonite|p1a: Corviknight\n|-activate|p1a: Corviknight|confusion\n|move|p1a: Corviknight|Body Press|p2a: Dragonite\n|-resisted|p2a: Dragonite\n|-damage|p2a: Dragonite|10\/100\n|\n|upkeep\n|turn|34\n|\n|t:|1700721645\n|move|p2a: Dragonite|Hurricane|p1a: Corviknight\n|-resisted|p1a: Corviknight\n|-damage|p1a: Corviknight|71\/100\n|-activate|p1a: Corviknight|confusion\n|-damage|p1a: Corviknight|70\/100|[from] confusion\n|\n|upkeep\n|turn|35\n|\n|t:|1700721648\n|move|p2a: Dragonite|Hurricane|p1a: Corviknight|[miss]\n|-miss|p2a: Dragonite|p1a: Corviknight\n|-end|p1a: Corviknight|confusion\n|move|p1a: Corviknight|Body Press|p2a: Dragonite\n|-resisted|p2a: Dragonite\n|-crit|p2a: Dragonite\n|-damage|p2a: Dragonite|0 fnt\n|faint|p2a: Dragonite\n|\n|upkeep\n|\n|t:|1700721650\n|switch|p2a: Kingambit|Kingambit, M|100\/100\n|-activate|p2a: Kingambit|ability: Supreme Overlord\n|-start|p2a: Kingambit|fallen5|[silent]\n|turn|36\n|\n|t:|1700721652\n|move|p1a: Corviknight|Body Press|p2a: Kingambit\n|-supereffective|p2a: Kingambit\n|-damage|p2a: Kingambit|0 fnt\n|faint|p2a: Kingambit\n|-end|p2a: Kingambit|fallen5|[silent]\n|\n|win|spicy piquant\n|raw|spicy piquant's rating: 1696 &rarr; <strong>1728<\/strong><br \/>(+32 for winning)\n|raw|me and the rza's rating: 1927 &rarr; <strong>1895<\/strong><br \/>(-32 for losing)\n|c|\u2606spicy piquant|gg\n|c|\u2606me and the rza|gg\n","uploadtime":1700721658,"views":9,"p1id":"spicypiquant","p2id":"meandtherza","formatid":"gen9ou","rating":1728,"private":0,"password":""}