{"id":"gen9ou-1997153043","p1":"Magenta Maylene","p2":"ad4k","format":"[Gen 9] OU","log":"|j|\u2606Magenta Maylene\n|j|\u2606ad4k\n|t:|1700769892\n|gametype|singles\n|player|p1|Magenta Maylene|maylene|1616\n|player|p2|ad4k|265|1678\n|teamsize|p1|6\n|teamsize|p2|6\n|gen|9\n|tier|[Gen 9] OU\n|rated|\n|rule|Sleep Clause Mod: Limit one foe put to sleep\n|rule|Species Clause: Limit one of each Pok\u00e9mon\n|rule|OHKO Clause: OHKO moves are banned\n|rule|Evasion Items Clause: Evasion items are banned\n|rule|Evasion Moves Clause: Evasion moves are banned\n|rule|Endless Battle Clause: Forcing endless battles is banned\n|rule|HP Percentage Mod: HP is shown in percentages\n|clearpoke\n|poke|p1|Maushold|\n|poke|p1|Abomasnow, M|\n|poke|p1|Glimmora, F|\n|poke|p1|Gholdengo|\n|poke|p1|Moltres|\n|poke|p1|Scizor, F|\n|poke|p2|Samurott-Hisui, F|\n|poke|p2|Dragapult, F|\n|poke|p2|Iron Valiant|\n|poke|p2|Enamorus-Therian, F|\n|poke|p2|Kingambit, F|\n|poke|p2|Thundurus-Therian, M|\n|teampreview\n|\n|t:|1700769907\n|start\n|switch|p1a: Scizor|Scizor, F|100\/100\n|switch|p2a: PK Thunder|Thundurus-Therian, M|100\/100\n|turn|1\n|inactive|Battle timer is ON: inactive players will automatically lose when time's up. (requested by ad4k)\n|\n|t:|1700769914\n|move|p2a: PK Thunder|Thunderbolt|p1a: Scizor\n|-damage|p1a: Scizor|40\/100\n|move|p1a: Scizor|U-turn|p2a: PK Thunder\n|-resisted|p2a: PK Thunder\n|-damage|p2a: PK Thunder|51\/100\n|\n|t:|1700769920\n|switch|p1a: Gholdengo|Gholdengo|100\/100|[from] U-turn\n|\n|upkeep\n|turn|2\n|\n|t:|1700769923\n|move|p1a: Gholdengo|Shadow Ball|p2a: PK Thunder\n|-damage|p2a: PK Thunder|0 fnt\n|faint|p2a: PK Thunder\n|\n|upkeep\n|\n|t:|1700769926\n|switch|p2a: PK Fire|Samurott-Hisui, F|100\/100\n|turn|3\n|\n|t:|1700769932\n|switch|p1a: Abomasnow|Abomasnow, M|100\/100\n|-weather|Snow|[from] ability: Snow Warning|[of] p1a: Abomasnow\n|move|p2a: PK Fire|Razor Shell|p1a: Abomasnow\n|-resisted|p1a: Abomasnow\n|-damage|p1a: Abomasnow|80\/100\n|\n|-weather|Snow|[upkeep]\n|upkeep\n|turn|4\n|\n|t:|1700769941\n|switch|p2a: nyooooooommm|Dragapult, F, shiny|100\/100\n|move|p1a: Abomasnow|Aurora Veil|p1a: Abomasnow\n|-sidestart|p1: Magenta Maylene|move: Aurora Veil\n|\n|-weather|Snow|[upkeep]\n|upkeep\n|turn|5\n|\n|t:|1700769952\n|-terastallize|p1a: Abomasnow|Water\n|move|p2a: nyooooooommm|Light Screen|p2a: nyooooooommm\n|-sidestart|p2: ad4k|move: Light Screen\n|move|p1a: Abomasnow|Blizzard|p2a: nyooooooommm\n|-supereffective|p2a: nyooooooommm\n|-damage|p2a: nyooooooommm|48\/100\n|\n|-weather|Snow|[upkeep]\n|upkeep\n|turn|6\n|\n|t:|1700769972\n|move|p2a: nyooooooommm|Reflect|p2a: nyooooooommm\n|-sidestart|p2: ad4k|Reflect\n|move|p1a: Abomasnow|Blizzard|p2a: nyooooooommm\n|-supereffective|p2a: nyooooooommm\n|-damage|p2a: nyooooooommm|0 fnt\n|faint|p2a: nyooooooommm\n|\n|-weather|Snow|[upkeep]\n|upkeep\n|\n|t:|1700769981\n|switch|p2a: PK Fire|Samurott-Hisui, F|100\/100\n|turn|7\n|\n|t:|1700769993\n|move|p2a: PK Fire|Ceaseless Edge|p1a: Abomasnow\n|-damage|p1a: Abomasnow|54\/100\n|-sidestart|p1: Magenta Maylene|Spikes\n|move|p1a: Abomasnow|Leaf Storm|p2a: PK Fire\n|-supereffective|p2a: PK Fire\n|-damage|p2a: PK Fire|17\/100\n|-unboost|p1a: Abomasnow|spa|2\n|\n|-weather|none\n|upkeep\n|turn|8\n|\n|t:|1700769999\n|move|p2a: PK Fire|Ceaseless Edge|p1a: Abomasnow\n|-damage|p1a: Abomasnow|25\/100\n|-sidestart|p1: Magenta Maylene|Spikes\n|move|p1a: Abomasnow|Leaf Storm|p2a: PK Fire\n|-supereffective|p2a: PK Fire\n|-damage|p2a: PK Fire|0 fnt\n|-unboost|p1a: Abomasnow|spa|2\n|faint|p2a: PK Fire\n|\n|-sideend|p1: Magenta Maylene|move: Aurora Veil\n|upkeep\n|\n|t:|1700770001\n|switch|p2a: i like turtles|Enamorus-Therian, F, shiny|100\/100\n|turn|9\n|\n|t:|1700770006\n|move|p1a: Abomasnow|Blizzard|p2a: i like turtles\n|-supereffective|p2a: i like turtles\n|-damage|p2a: i like turtles|86\/100\n|move|p2a: i like turtles|Calm Mind|p2a: i like turtles\n|-boost|p2a: i like turtles|spa|1\n|-boost|p2a: i like turtles|spd|1\n|\n|-heal|p2a: i like turtles|92\/100|[from] item: Leftovers\n|upkeep\n|turn|10\n|\n|t:|1700770017\n|switch|p1a: Gholdengo|Gholdengo|100\/100\n|-damage|p1a: Gholdengo|84\/100|[from] Spikes\n|move|p2a: i like turtles|Iron Defense|p2a: i like turtles\n|-boost|p2a: i like turtles|def|2\n|\n|-heal|p2a: i like turtles|98\/100|[from] item: Leftovers\n|upkeep\n|turn|11\n|\n|t:|1700770021\n|move|p1a: Gholdengo|Trick|p2a: i like turtles\n|-activate|p1a: Gholdengo|move: Trick|[of] p2a: i like turtles\n|-item|p2a: i like turtles|Choice Scarf|[from] move: Trick\n|-item|p1a: Gholdengo|Leftovers|[from] move: Trick\n|move|p2a: i like turtles|Earth Power|p1a: Gholdengo\n|-supereffective|p1a: Gholdengo\n|-damage|p1a: Gholdengo|0 fnt\n|faint|p1a: Gholdengo\n|\n|upkeep\n|\n|t:|1700770028\n|switch|p1a: Moltres|Moltres|100\/100\n|turn|12\n|\n|t:|1700770033\n|switch|p2a: Iron Valiant|Iron Valiant|100\/100\n|-enditem|p2a: Iron Valiant|Booster Energy\n|-activate|p2a: Iron Valiant|ability: Quark Drive|[fromitem]\n|-start|p2a: Iron Valiant|quarkdrivespe\n|move|p1a: Moltres|Will-O-Wisp|p2a: Iron Valiant\n|-status|p2a: Iron Valiant|brn\n|\n|-damage|p2a: Iron Valiant|94\/100 brn|[from] brn\n|-sideend|p2: ad4k|move: Light Screen\n|upkeep\n|turn|13\n|\n|t:|1700770046\n|switch|p1a: Abomasnow|Abomasnow, M, tera:Water|25\/100\n|-weather|Snow|[from] ability: Snow Warning|[of] p1a: Abomasnow\n|move|p2a: Iron Valiant|Thunderbolt|p1a: Abomasnow\n|-supereffective|p1a: Abomasnow\n|-damage|p1a: Abomasnow|0 fnt\n|faint|p1a: Abomasnow\n|\n|-weather|Snow|[upkeep]\n|-damage|p2a: Iron Valiant|88\/100 brn|[from] brn\n|-sideend|p2: ad4k|Reflect\n|upkeep\n|\n|t:|1700770052\n|switch|p1a: Scizor|Scizor, F|40\/100\n|-damage|p1a: Scizor|23\/100|[from] Spikes\n|turn|14\n|\n|t:|1700770057\n|move|p1a: Scizor|Bullet Punch|p2a: Iron Valiant\n|-supereffective|p2a: Iron Valiant\n|-damage|p2a: Iron Valiant|0 fnt\n|faint|p2a: Iron Valiant\n|-end|p2a: Iron Valiant|Quark Drive|[silent]\n|\n|-weather|Snow|[upkeep]\n|upkeep\n|\n|t:|1700770060\n|switch|p2a: Kingambro|Kingambit, F, shiny|100\/100\n|-activate|p2a: Kingambro|ability: Supreme Overlord\n|-start|p2a: Kingambro|fallen4|[silent]\n|turn|15\n|\n|t:|1700770075\n|switch|p1a: Moltres|Moltres|100\/100\n|move|p2a: Kingambro|Kowtow Cleave|p1a: Moltres\n|-damage|p1a: Moltres|51\/100\n|\n|-weather|Snow|[upkeep]\n|upkeep\n|turn|16\n|\n|t:|1700770082\n|move|p1a: Moltres|Will-O-Wisp|p2a: Kingambro|[miss]\n|-miss|p1a: Moltres|p2a: Kingambro\n|move|p2a: Kingambro|Kowtow Cleave|p1a: Moltres\n|-damage|p1a: Moltres|1\/100\n|\n|-weather|Snow|[upkeep]\n|upkeep\n|turn|17\n|\n|t:|1700770099\n|move|p1a: Moltres|Will-O-Wisp|p2a: Kingambro\n|-status|p2a: Kingambro|brn\n|-enditem|p2a: Kingambro|Lum Berry|[eat]\n|-curestatus|p2a: Kingambro|brn|[msg]\n|move|p2a: Kingambro|Kowtow Cleave|p1a: Moltres\n|-damage|p1a: Moltres|0 fnt\n|faint|p1a: Moltres\n|\n|-weather|none\n|upkeep\n|inactive|Magenta Maylene has 120 seconds left.\n|\n|t:|1700770120\n|switch|p1a: Maushold|Maushold|100\/100\n|-damage|p1a: Maushold|84\/100|[from] Spikes\n|turn|18\n|\n|t:|1700770133\n|-terastallize|p2a: Kingambro|Flying\n|move|p1a: Maushold|Population Bomb|p2a: Kingambro\n|-damage|p2a: Kingambro|92\/100\n|-damage|p2a: Kingambro|83\/100\n|-damage|p2a: Kingambro|74\/100\n|-damage|p2a: Kingambro|65\/100\n|-damage|p2a: Kingambro|55\/100\n|-damage|p2a: Kingambro|47\/100\n|-damage|p2a: Kingambro|37\/100\n|-damage|p2a: Kingambro|29\/100\n|-damage|p2a: Kingambro|19\/100\n|-damage|p2a: Kingambro|10\/100\n|-hitcount|p2a: Kingambro|10\n|move|p2a: Kingambro|Kowtow Cleave|p1a: Maushold\n|-damage|p1a: Maushold|0 fnt\n|faint|p1a: Maushold\n|\n|upkeep\n|inactive|Magenta Maylene has 120 seconds left.\n|\n|t:|1700770152\n|switch|p1a: Scizor|Scizor, F|23\/100\n|-damage|p1a: Scizor|7\/100|[from] Spikes\n|turn|19\n|\n|t:|1700770155\n|move|p2a: Kingambro|Sucker Punch|p1a: Scizor\n|-crit|p1a: Scizor\n|-damage|p1a: Scizor|0 fnt\n|faint|p1a: Scizor\n|\n|upkeep\n|\n|t:|1700770157\n|switch|p1a: Glimmora|Glimmora, F|100\/100\n|-damage|p1a: Glimmora|84\/100|[from] Spikes\n|turn|20\n|\n|t:|1700770160\n|move|p2a: Kingambro|Sucker Punch|p1a: Glimmora\n|-damage|p1a: Glimmora|10\/100\n|-activate|p1a: Glimmora|ability: Toxic Debris\n|-sidestart|p2: ad4k|move: Toxic Spikes\n|move|p1a: Glimmora|Power Gem|p2a: Kingambro\n|-supereffective|p2a: Kingambro\n|-damage|p2a: Kingambro|0 fnt\n|faint|p2a: Kingambro\n|-end|p2a: Kingambro|fallen4|[silent]\n|\n|upkeep\n|\n|t:|1700770163\n|switch|p2a: i like turtles|Enamorus-Therian, F, shiny|98\/100\n|turn|21\n|\n|t:|1700770168\n|move|p1a: Glimmora|Power Gem|p2a: i like turtles\n|-supereffective|p2a: i like turtles\n|-damage|p2a: i like turtles|14\/100\n|move|p2a: i like turtles|Draining Kiss|p1a: Glimmora\n|-resisted|p1a: Glimmora\n|-damage|p1a: Glimmora|0 fnt\n|-heal|p2a: i like turtles|21\/100|[from] drain|[of] p1a: Glimmora\n|faint|p1a: Glimmora\n|\n|win|ad4k\n|raw|Magenta Maylene's rating: 1616 &rarr; <strong>1600<\/strong><br \/>(-16 for losing)\n|raw|ad4k's rating: 1678 &rarr; <strong>1694<\/strong><br \/>(+16 for winning)\n|l|\u2606Magenta Maylene\n","uploadtime":1700770178,"views":5,"p1id":"magentamaylene","p2id":"ad4k","formatid":"gen9ou","rating":1600,"private":0,"password":""}