{"id":"gen9ou-1997656245","p1":"ouvt botolwotol","p2":"amoazer","format":"[Gen 9] OU","log":"|j|\u2606ouvt botolwotol\n|j|\u2606amoazer\n|t:|1700838279\n|gametype|singles\n|player|p1|ouvt botolwotol|pokemonrangerf-gen4|1455\n|player|p2|amoazer|hooligans|1566\n|teamsize|p1|6\n|teamsize|p2|6\n|gen|9\n|tier|[Gen 9] OU\n|rated|\n|rule|Sleep Clause Mod: Limit one foe put to sleep\n|rule|Species Clause: Limit one of each Pok\u00e9mon\n|rule|OHKO Clause: OHKO moves are banned\n|rule|Evasion Items Clause: Evasion items are banned\n|rule|Evasion Moves Clause: Evasion moves are banned\n|rule|Endless Battle Clause: Forcing endless battles is banned\n|rule|HP Percentage Mod: HP is shown in percentages\n|clearpoke\n|poke|p1|Kingambit, M|\n|poke|p1|Iron Valiant|\n|poke|p1|Glimmora, M|\n|poke|p1|Dragonite, M|\n|poke|p1|Gholdengo|\n|poke|p1|Tornadus-Therian, M|\n|poke|p2|Ceruledge, F|\n|poke|p2|Walking Wake|\n|poke|p2|Hatterene, F|\n|poke|p2|Kingambit, M|\n|poke|p2|Ogerpon-Cornerstone, F|\n|poke|p2|Enamorus, F|\n|teampreview\n|inactive|Battle timer is ON: inactive players will automatically lose when time's up. (requested by ouvt botolwotol)\n|\n|t:|1700838293\n|start\n|switch|p1a: Gholdengo|Gholdengo|100\/100\n|switch|p2a: Enamorus|Enamorus, F|100\/100\n|turn|1\n|\n|t:|1700838309\n|switch|p2a: Walking Wake|Walking Wake|100\/100\n|-enditem|p2a: Walking Wake|Booster Energy\n|-activate|p2a: Walking Wake|ability: Protosynthesis|[fromitem]\n|-start|p2a: Walking Wake|protosynthesisspa\n|move|p1a: Gholdengo|Focus Blast|p2a: Walking Wake\n|-damage|p2a: Walking Wake|53\/100\n|\n|upkeep\n|turn|2\n|\n|t:|1700838324\n|switch|p1a: Dragonite|Dragonite, M|100\/100\n|move|p2a: Walking Wake|Substitute|p2a: Walking Wake\n|-start|p2a: Walking Wake|Substitute\n|-damage|p2a: Walking Wake|28\/100\n|\n|upkeep\n|turn|3\n|\n|t:|1700838327\n|move|p2a: Walking Wake|Dragon Pulse|p1a: Dragonite\n|-supereffective|p1a: Dragonite\n|-damage|p1a: Dragonite|33\/100\n|move|p1a: Dragonite|Earthquake|p2a: Walking Wake\n|-end|p2a: Walking Wake|Substitute\n|\n|upkeep\n|turn|4\n|\n|t:|1700838344\n|-end|p2a: Walking Wake|Protosynthesis|[silent]\n|switch|p2a: Ceruledge|Ceruledge, F|100\/100\n|move|p1a: Dragonite|Extreme Speed|p2a: Ceruledge\n|-immune|p2a: Ceruledge\n|\n|upkeep\n|turn|5\n|\n|t:|1700838352\n|switch|p1a: Glimmora|Glimmora, M|100\/100\n|move|p2a: Ceruledge|Poltergeist|p1a: Glimmora|[miss]\n|-miss|p2a: Ceruledge|p1a: Glimmora\n|\n|upkeep\n|turn|6\n|\n|t:|1700838357\n|switch|p2a: Hatterene|Hatterene, F|100\/100\n|move|p1a: Glimmora|Mortal Spin|p2a: Hatterene\n|-supereffective|p2a: Hatterene\n|-damage|p2a: Hatterene|91\/100\n|-status|p2a: Hatterene|psn\n|\n|-heal|p2a: Hatterene|97\/100 psn|[from] item: Leftovers\n|-damage|p2a: Hatterene|85\/100 psn|[from] psn\n|upkeep\n|turn|7\n|\n|t:|1700838365\n|switch|p1a: Gholdengo|Gholdengo|100\/100\n|move|p2a: Hatterene|Mystical Fire|p1a: Gholdengo\n|-supereffective|p1a: Gholdengo\n|-damage|p1a: Gholdengo|45\/100\n|-unboost|p1a: Gholdengo|spa|1\n|\n|-heal|p2a: Hatterene|91\/100 psn|[from] item: Leftovers\n|-damage|p2a: Hatterene|78\/100 psn|[from] psn\n|upkeep\n|turn|8\n|\n|t:|1700838368\n|move|p1a: Gholdengo|Make It Rain|p2a: Hatterene\n|-supereffective|p2a: Hatterene\n|-damage|p2a: Hatterene|0 fnt\n|-unboost|p1a: Gholdengo|spa|1\n|faint|p2a: Hatterene\n|\n|upkeep\n|\n|t:|1700838385\n|switch|p2a: Ceruledge|Ceruledge, F|100\/100\n|turn|9\n|\n|t:|1700838393\n|switch|p1a: Glimmora|Glimmora, M|100\/100\n|move|p2a: Ceruledge|Swords Dance|p2a: Ceruledge\n|-boost|p2a: Ceruledge|atk|2\n|\n|upkeep\n|turn|10\n|\n|t:|1700838400\n|move|p1a: Glimmora|Earth Power|p2a: Ceruledge\n|-supereffective|p2a: Ceruledge\n|-damage|p2a: Ceruledge|24\/100\n|move|p2a: Ceruledge|Poltergeist|p1a: Glimmora\n|-activate|p1a: Glimmora|move: Poltergeist|Focus Sash\n|-enditem|p1a: Glimmora|Focus Sash\n|-damage|p1a: Glimmora|1\/100\n|-activate|p1a: Glimmora|ability: Toxic Debris\n|-sidestart|p2: amoazer|move: Toxic Spikes\n|\n|upkeep\n|turn|11\n|\n|t:|1700838403\n|move|p2a: Ceruledge|Shadow Sneak|p1a: Glimmora\n|-damage|p1a: Glimmora|0 fnt\n|-activate|p1a: Glimmora|ability: Toxic Debris\n|-sidestart|p2: amoazer|move: Toxic Spikes\n|faint|p1a: Glimmora\n|\n|upkeep\n|\n|t:|1700838408\n|switch|p1a: Tornadus|Tornadus-Therian, M|100\/100\n|turn|12\n|\n|t:|1700838412\n|move|p2a: Ceruledge|Shadow Sneak|p1a: Tornadus\n|-damage|p1a: Tornadus|41\/100\n|move|p1a: Tornadus|Bleakwind Storm|p2a: Ceruledge\n|-damage|p2a: Ceruledge|0 fnt\n|faint|p2a: Ceruledge\n|\n|upkeep\n|\n|t:|1700838425\n|switch|p2a: Enamorus|Enamorus, F|100\/100\n|turn|13\n|\n|t:|1700838446\n|switch|p1a: Dragonite|Dragonite, M|33\/100\n|move|p2a: Enamorus|Moonblast|p1a: Dragonite\n|-supereffective|p1a: Dragonite\n|-damage|p1a: Dragonite|0 fnt\n|faint|p1a: Dragonite\n|\n|upkeep\n|\n|t:|1700838448\n|switch|p1a: Gholdengo|Gholdengo|45\/100\n|turn|14\n|\n|t:|1700838451\n|switch|p2a: Walking Wake|Walking Wake|28\/100\n|-status|p2a: Walking Wake|tox\n|move|p1a: Gholdengo|Make It Rain|p2a: Walking Wake\n|-resisted|p2a: Walking Wake\n|-damage|p2a: Walking Wake|0 fnt\n|-unboost|p1a: Gholdengo|spa|1\n|faint|p2a: Walking Wake\n|-end|p2a: Walking Wake|Protosynthesis|[silent]\n|\n|upkeep\n|\n|t:|1700838459\n|switch|p2a: Kingambit|Kingambit, M|100\/100\n|-activate|p2a: Kingambit|ability: Supreme Overlord\n|-start|p2a: Kingambit|fallen3|[silent]\n|turn|15\n|\n|t:|1700838466\n|switch|p1a: Tornadus|Tornadus-Therian, M|74\/100\n|-end|p2a: Kingambit|fallen3|[silent]\n|switch|p2a: Enamorus|Enamorus, F|100\/100\n|\n|upkeep\n|turn|16\n|\n|t:|1700838471\n|move|p2a: Enamorus|Moonblast|p1a: Tornadus\n|-damage|p1a: Tornadus|15\/100\n|move|p1a: Tornadus|Bleakwind Storm|p2a: Enamorus\n|-damage|p2a: Enamorus|38\/100\n|\n|upkeep\n|turn|17\n|\n|t:|1700838480\n|move|p2a: Enamorus|Moonblast|p1a: Tornadus\n|-damage|p1a: Tornadus|0 fnt\n|faint|p1a: Tornadus\n|\n|upkeep\n|\n|t:|1700838486\n|switch|p1a: Iron Valiant|Iron Valiant|100\/100\n|-enditem|p1a: Iron Valiant|Booster Energy\n|-activate|p1a: Iron Valiant|ability: Quark Drive|[fromitem]\n|-start|p1a: Iron Valiant|quarkdrivespe\n|turn|18\n|\n|t:|1700838496\n|move|p1a: Iron Valiant|Moonblast|p2a: Enamorus\n|-damage|p2a: Enamorus|0 fnt\n|faint|p2a: Enamorus\n|\n|upkeep\n|\n|t:|1700838503\n|switch|p2a: Ogerpon|Ogerpon-Cornerstone, F|100\/100\n|-status|p2a: Ogerpon|tox\n|turn|19\n|\n|t:|1700838509\n|-end|p1a: Iron Valiant|Quark Drive|[silent]\n|switch|p1a: Gholdengo|Gholdengo|45\/100\n|move|p2a: Ogerpon|Power Whip|p1a: Gholdengo\n|-resisted|p1a: Gholdengo\n|-crit|p1a: Gholdengo\n|-damage|p1a: Gholdengo|0 fnt\n|faint|p1a: Gholdengo\n|\n|-damage|p2a: Ogerpon|95\/100 tox|[from] psn\n|upkeep\n|\n|t:|1700838513\n|switch|p1a: Iron Valiant|Iron Valiant|100\/100\n|turn|20\n|\n|t:|1700838524\n|-end|p1a: Iron Valiant|Quark Drive|[silent]\n|switch|p1a: Kingambit|Kingambit, M|100\/100\n|-activate|p1a: Kingambit|ability: Supreme Overlord\n|-start|p1a: Kingambit|fallen4|[silent]\n|move|p2a: Ogerpon|Power Whip|p1a: Kingambit\n|-resisted|p1a: Kingambit\n|-damage|p1a: Kingambit|75\/100\n|\n|-damage|p2a: Ogerpon|83\/100 tox|[from] psn\n|upkeep\n|turn|21\n|\n|t:|1700838531\n|move|p2a: Ogerpon|Low Kick|p1a: Kingambit\n|-supereffective|p1a: Kingambit\n|-damage|p1a: Kingambit|0 fnt\n|faint|p1a: Kingambit\n|-end|p1a: Kingambit|fallen4|[silent]\n|\n|-damage|p2a: Ogerpon|65\/100 tox|[from] psn\n|upkeep\n|\n|t:|1700838532\n|switch|p1a: Iron Valiant|Iron Valiant|100\/100\n|turn|22\n|\n|t:|1700838535\n|-terastallize|p1a: Iron Valiant|Fairy\n|move|p1a: Iron Valiant|Moonblast|p2a: Ogerpon\n|-damage|p2a: Ogerpon|0 fnt\n|faint|p2a: Ogerpon\n|\n|upkeep\n|\n|t:|1700838539\n|switch|p2a: Kingambit|Kingambit, M|100\/100\n|-activate|p2a: Kingambit|ability: Supreme Overlord\n|-start|p2a: Kingambit|fallen5|[silent]\n|turn|23\n|\n|t:|1700838546\n|move|p1a: Iron Valiant|Moonblast|p2a: Kingambit\n|-damage|p2a: Kingambit|28\/100\n|-unboost|p2a: Kingambit|spa|1\n|move|p2a: Kingambit|Kowtow Cleave|p1a: Iron Valiant\n|-resisted|p1a: Iron Valiant\n|-damage|p1a: Iron Valiant|52\/100\n|\n|upkeep\n|turn|24\n|\n|t:|1700838551\n|-terastallize|p2a: Kingambit|Dark\n|move|p2a: Kingambit|Sucker Punch|p1a: Iron Valiant\n|-resisted|p1a: Iron Valiant\n|-damage|p1a: Iron Valiant|0 fnt\n|faint|p1a: Iron Valiant\n|-end|p1a: Iron Valiant|Quark Drive|[silent]\n|\n|win|amoazer\n|raw|ouvt botolwotol's rating: 1473 &rarr; <strong>1458<\/strong><br \/>(-15 for losing)\n|raw|amoazer's rating: 1566 &rarr; <strong>1581<\/strong><br \/>(+15 for winning)\n|l|\u2606ouvt botolwotol\n|j|\u2606ouvt botolwotol\n|player|p1|ouvt botolwotol|pokemonrangerf-gen4\n","uploadtime":1700838575,"views":2,"p1id":"ouvtbotolwotol","p2id":"amoazer","formatid":"gen9ou","rating":1458,"private":0,"password":""}