{"id":"gen9ou-1990582080","p1":"billgatesismydad","p2":"Cinny69","format":"[Gen 9] OU","log":"|j|\u2606billgatesismydad\n|j|\u2606Cinny69\n|t:|1699983246\n|gametype|singles\n|player|p1|billgatesismydad|nate|1402\n|player|p2|Cinny69|rika|1441\n|teamsize|p1|6\n|teamsize|p2|6\n|gen|9\n|tier|[Gen 9] OU\n|rated|\n|rule|Sleep Clause Mod: Limit one foe put to sleep\n|rule|Species Clause: Limit one of each Pok\u00e9mon\n|rule|OHKO Clause: OHKO moves are banned\n|rule|Evasion Items Clause: Evasion items are banned\n|rule|Evasion Moves Clause: Evasion moves are banned\n|rule|Endless Battle Clause: Forcing endless battles is banned\n|rule|HP Percentage Mod: HP is shown in percentages\n|clearpoke\n|poke|p1|Zoroark-Hisui, M|\n|poke|p1|Gholdengo|\n|poke|p1|Samurott-Hisui, M|\n|poke|p1|Garganacl, F|\n|poke|p1|Mandibuzz, F|\n|poke|p1|Dragapult, M|\n|poke|p2|Revavroom, F|\n|poke|p2|Iron Valiant|\n|poke|p2|Rotom-Wash|\n|poke|p2|Hydreigon, F|\n|poke|p2|Skeledirge, M|\n|poke|p2|Mandibuzz, F|\n|teampreview\n|inactive|Battle timer is ON: inactive players will automatically lose when time's up. (requested by Cinny69)\n|\n|t:|1699983272\n|start\n|switch|p1a: Samurott|Samurott-Hisui, M|100\/100\n|switch|p2a: Rotom|Rotom-Wash|100\/100\n|turn|1\n|c|\u2606billgatesismydad|gl hf\n|c|\u2606Cinny69|U2\n|\n|t:|1699983294\n|move|p1a: Samurott|Ceaseless Edge|p2a: Rotom\n|-damage|p2a: Rotom|65\/100\n|-sidestart|p2: Cinny69|Spikes\n|move|p2a: Rotom|Thunder Wave|p1a: Samurott\n|-status|p1a: Samurott|par\n|\n|-heal|p2a: Rotom|71\/100|[from] item: Leftovers\n|upkeep\n|turn|2\n|inactive|Cinny69 has 120 seconds left.\n|c|\u2606Cinny69|Garganacl usage rising as soon as I bring out skeledirge,  I might have to hit the lab again  Lmfaooo\n|\n|t:|1699983332\n|switch|p1a: Garganacl|Garganacl, F|100\/100\n|move|p2a: Rotom|Volt Switch|p1a: Garganacl\n|-damage|p1a: Garganacl|79\/100\n|\n|t:|1699983338\n|switch|p2a: Hydreigon|Hydreigon, F, shiny|100\/100|[from] Volt Switch\n|\n|-heal|p1a: Garganacl|86\/100|[from] item: Leftovers\n|upkeep\n|turn|3\n|c|\u2606billgatesismydad|dude fr i thought when i was making this i was clever using the rock lmao\n|inactive|billgatesismydad has 120 seconds left.\n|c|\u2606billgatesismydad|hes been on like half the teams\n|\n|t:|1699983380\n|move|p1a: Garganacl|Protect|p1a: Garganacl\n|-singleturn|p1a: Garganacl|Protect\n|move|p2a: Hydreigon|Draco Meteor|p1a: Garganacl\n|-activate|p1a: Garganacl|move: Protect\n|\n|-heal|p1a: Garganacl|92\/100|[from] item: Leftovers\n|upkeep\n|turn|4\n|\n|t:|1699983388\n|switch|p1a: Gholdengo|Gholdengo|100\/100\n|move|p2a: Hydreigon|Nasty Plot|p2a: Hydreigon\n|-boost|p2a: Hydreigon|spa|2\n|\n|upkeep\n|turn|5\n|inactive|billgatesismydad has 120 seconds left.\n|inactive|Cinny69 has 120 seconds left.\n|\n|t:|1699983399\n|-terastallize|p2a: Hydreigon|Poison\n|move|p2a: Hydreigon|Dark Pulse|p1a: Gholdengo\n|-supereffective|p1a: Gholdengo\n|-damage|p1a: Gholdengo|0 fnt\n|faint|p1a: Gholdengo\n|\n|upkeep\n|\n|t:|1699983412\n|switch|p1a: Garganacl|Garganacl, F|92\/100\n|turn|6\n|\n|t:|1699983421\n|move|p2a: Hydreigon|Nasty Plot|p2a: Hydreigon\n|-boost|p2a: Hydreigon|spa|2\n|move|p1a: Garganacl|Salt Cure|p2a: Hydreigon\n|-damage|p2a: Hydreigon|86\/100\n|-start|p2a: Hydreigon|Salt Cure\n|\n|-heal|p2a: Hydreigon|92\/100|[from] item: Leftovers\n|-heal|p1a: Garganacl|98\/100|[from] item: Leftovers\n|-damage|p2a: Hydreigon|80\/100|[from] Salt Cure\n|upkeep\n|turn|7\n|\n|t:|1699983433\n|move|p1a: Garganacl|Protect|p1a: Garganacl\n|-singleturn|p1a: Garganacl|Protect\n|move|p2a: Hydreigon|Dark Pulse|p1a: Garganacl\n|-activate|p1a: Garganacl|move: Protect\n|\n|-heal|p2a: Hydreigon|86\/100|[from] item: Leftovers\n|-heal|p1a: Garganacl|100\/100|[from] item: Leftovers\n|-damage|p2a: Hydreigon|73\/100|[from] Salt Cure\n|upkeep\n|turn|8\n|\n|t:|1699983443\n|switch|p1a: Mandibuzz|Mandibuzz, F|100\/100\n|move|p2a: Hydreigon|Draco Meteor|p1a: Mandibuzz\n|-damage|p1a: Mandibuzz|0 fnt\n|-unboost|p2a: Hydreigon|spa|2\n|faint|p1a: Mandibuzz\n|\n|-heal|p2a: Hydreigon|80\/100|[from] item: Leftovers\n|-damage|p2a: Hydreigon|67\/100|[from] Salt Cure\n|upkeep\n|inactive|billgatesismydad has 120 seconds left.\n|\n|t:|1699983460\n|switch|p1a: Dragapult|Dragapult, M|100\/100\n|turn|9\n|inactive|billgatesismydad has 120 seconds left.\n|\n|t:|1699983468\n|move|p1a: Dragapult|Tera Blast|p2a: Hydreigon\n|-damage|p2a: Hydreigon|20\/100\n|move|p2a: Hydreigon|Dark Pulse|p1a: Dragapult\n|-supereffective|p1a: Dragapult\n|-damage|p1a: Dragapult|0 fnt\n|replace|p1a: Zoroark|Zoroark-Hisui, M\n|-end|p1a: Zoroark|Illusion\n|faint|p1a: Zoroark\n|\n|-heal|p2a: Hydreigon|26\/100|[from] item: Leftovers\n|-damage|p2a: Hydreigon|14\/100|[from] Salt Cure\n|upkeep\n|\n|t:|1699983472\n|switch|p1a: Dragapult|Dragapult, M|100\/100\n|turn|10\n|\n|t:|1699983482\n|move|p1a: Dragapult|Hex|p2a: Hydreigon\n|-damage|p2a: Hydreigon|0 fnt\n|faint|p2a: Hydreigon\n|\n|upkeep\n|\n|t:|1699983488\n|switch|p2a: Iron Valiant|Iron Valiant, shiny|100\/100\n|-damage|p2a: Iron Valiant|88\/100|[from] Spikes\n|-enditem|p2a: Iron Valiant|Booster Energy\n|-activate|p2a: Iron Valiant|ability: Quark Drive|[fromitem]\n|-start|p2a: Iron Valiant|quarkdrivespe\n|turn|11\n|\n|t:|1699983495\n|-terastallize|p1a: Dragapult|Fairy\n|move|p2a: Iron Valiant|Swords Dance|p2a: Iron Valiant\n|-boost|p2a: Iron Valiant|atk|2\n|move|p1a: Dragapult|Will-O-Wisp|p2a: Iron Valiant\n|-status|p2a: Iron Valiant|brn\n|\n|-damage|p2a: Iron Valiant|82\/100 brn|[from] brn\n|upkeep\n|turn|12\n|\n|t:|1699983506\n|move|p2a: Iron Valiant|Moonblast|p1a: Dragapult\n|-damage|p1a: Dragapult|48\/100\n|-unboost|p1a: Dragapult|spa|1\n|move|p1a: Dragapult|Hex|p2a: Iron Valiant\n|-damage|p2a: Iron Valiant|9\/100 brn\n|\n|-heal|p1a: Dragapult|53\/100|[from] item: Leftovers\n|-damage|p2a: Iron Valiant|3\/100 brn|[from] brn\n|upkeep\n|turn|13\n|\n|t:|1699983517\n|switch|p1a: Garganacl|Garganacl, F|100\/100\n|move|p2a: Iron Valiant|Moonblast|p1a: Garganacl\n|-damage|p1a: Garganacl|69\/100\n|-unboost|p1a: Garganacl|spa|1\n|\n|-heal|p1a: Garganacl|75\/100|[from] item: Leftovers\n|-damage|p2a: Iron Valiant|0 fnt|[from] brn\n|faint|p2a: Iron Valiant\n|-end|p2a: Iron Valiant|Quark Drive|[silent]\n|upkeep\n|\n|t:|1699983529\n|switch|p2a: Rotom|Rotom-Wash|71\/100\n|turn|14\n|\n|t:|1699983534\n|switch|p1a: Samurott|Samurott-Hisui, M|100\/100 par\n|move|p2a: Rotom|Hydro Pump|p1a: Samurott\n|-resisted|p1a: Samurott\n|-damage|p1a: Samurott|81\/100 par\n|\n|-heal|p2a: Rotom|77\/100|[from] item: Leftovers\n|upkeep\n|turn|15\n|\n|t:|1699983542\n|move|p2a: Rotom|Volt Switch|p1a: Samurott\n|-supereffective|p1a: Samurott\n|-damage|p1a: Samurott|33\/100 par\n|\n|t:|1699983547\n|switch|p2a: Revavroom|Revavroom, F|100\/100|[from] Volt Switch\n|-item|p2a: Revavroom|Air Balloon\n|cant|p1a: Samurott|par\n|\n|upkeep\n|turn|16\n|\n|t:|1699983554\n|move|p2a: Revavroom|Shift Gear|p2a: Revavroom\n|-boost|p2a: Revavroom|spe|2\n|-boost|p2a: Revavroom|atk|1\n|move|p1a: Samurott|Razor Shell|p2a: Revavroom\n|-damage|p2a: Revavroom|40\/100\n|-enditem|p2a: Revavroom|Air Balloon\n|\n|upkeep\n|turn|17\n|c|\u2606billgatesismydad|gg\n|\n|t:|1699983563\n|move|p2a: Revavroom|Iron Head|p1a: Samurott\n|-resisted|p1a: Samurott\n|-damage|p1a: Samurott|0 fnt\n|faint|p1a: Samurott\n|\n|upkeep\n|\n|t:|1699983566\n|switch|p1a: Dragapult|Dragapult, M, tera:Fairy|53\/100\n|turn|18\n|\n|t:|1699983571\n|move|p2a: Revavroom|Iron Head|p1a: Dragapult\n|-supereffective|p1a: Dragapult\n|-damage|p1a: Dragapult|0 fnt\n|faint|p1a: Dragapult\n|\n|upkeep\n|\n|t:|1699983572\n|switch|p1a: Garganacl|Garganacl, F|75\/100\n|turn|19\n|\n|t:|1699983579\n|move|p2a: Revavroom|Iron Head|p1a: Garganacl\n|-supereffective|p1a: Garganacl\n|-damage|p1a: Garganacl|9\/100\n|cant|p1a: Garganacl|flinch\n|\n|-heal|p1a: Garganacl|15\/100|[from] item: Leftovers\n|upkeep\n|turn|20\n|\n|t:|1699983586\n|move|p2a: Revavroom|Iron Head|p1a: Garganacl\n|-supereffective|p1a: Garganacl\n|-damage|p1a: Garganacl|0 fnt\n|faint|p1a: Garganacl\n|\n|win|Cinny69\n|raw|billgatesismydad's rating: 1402 &rarr; <strong>1384<\/strong><br \/>(-18 for losing)\n|raw|Cinny69's rating: 1441 &rarr; <strong>1459<\/strong><br \/>(+18 for winning)\n|c|\u2606Cinny69|Gg\n|l|\u2606billgatesismydad\n","uploadtime":1699983599,"views":5,"p1id":"billgatesismydad","p2id":"cinny69","formatid":"gen9ou","rating":1384,"private":0,"password":""}