{"id":"gen9ou-1990924140","p1":"JaimeLX","p2":"mai0","format":"[Gen 9] OU","log":"|j|\u2606JaimeLX\n|j|\u2606mai0\n|t:|1700015692\n|gametype|singles\n|player|p1|JaimeLX|cynthia|\n|player|p2|mai0|lady|\n|teamsize|p1|6\n|teamsize|p2|6\n|gen|9\n|tier|[Gen 9] OU\n|rule|Sleep Clause Mod: Limit one foe put to sleep\n|rule|Species Clause: Limit one of each Pok\u00e9mon\n|rule|OHKO Clause: OHKO moves are banned\n|rule|Evasion Items Clause: Evasion items are banned\n|rule|Evasion Moves Clause: Evasion moves are banned\n|rule|Endless Battle Clause: Forcing endless battles is banned\n|rule|HP Percentage Mod: HP is shown in percentages\n|clearpoke\n|poke|p1|Pelipper, F|\n|poke|p1|Ludicolo, F|\n|poke|p1|Barraskewda, M|\n|poke|p1|Crawdaunt, M|\n|poke|p1|Empoleon, F|\n|poke|p1|Milotic, F|\n|poke|p2|Infernape, F|\n|poke|p2|Ninetales-Alola, F|\n|poke|p2|Salamence, F|\n|poke|p2|Magnezone|\n|poke|p2|Slowking, F|\n|poke|p2|Sylveon, M|\n|teampreview\n|\n|t:|1700015697\n|start\n|switch|p1a: Pelipper|Pelipper, F|100\/100\n|switch|p2a: Magnezone|Magnezone, shiny|100\/100\n|-weather|RainDance|[from] ability: Drizzle|[of] p1a: Pelipper\n|turn|1\n|\n|t:|1700015708\n|switch|p1a: Ludicolo|Ludicolo, F|100\/100\n|move|p2a: Magnezone|Volt Switch|p1a: Ludicolo\n|-damage|p1a: Ludicolo|72\/100\n|\n|t:|1700015721\n|switch|p2a: Sylveon|Sylveon, M|100\/100|[from] Volt Switch\n|\n|-weather|RainDance|[upkeep]\n|upkeep\n|turn|2\n|\n|t:|1700015729\n|move|p1a: Ludicolo|Leech Seed|p2a: Sylveon\n|-start|p2a: Sylveon|move: Leech Seed\n|move|p2a: Sylveon|Hyper Voice|p1a: Ludicolo\n|-damage|p1a: Ludicolo|57\/100\n|\n|-weather|RainDance|[upkeep]\n|-damage|p2a: Sylveon|88\/100|[from] Leech Seed|[of] p1a: Ludicolo\n|-heal|p1a: Ludicolo|74\/100|[silent]\n|upkeep\n|turn|3\n|\n|t:|1700015736\n|move|p1a: Ludicolo|Giga Drain|p2a: Sylveon\n|-damage|p2a: Sylveon|71\/100\n|-heal|p1a: Ludicolo|86\/100|[from] drain|[of] p2a: Sylveon\n|move|p2a: Sylveon|Wish|p2a: Sylveon\n|\n|-weather|RainDance|[upkeep]\n|-heal|p2a: Sylveon|77\/100|[from] item: Leftovers\n|-damage|p2a: Sylveon|65\/100|[from] Leech Seed|[of] p1a: Ludicolo\n|-heal|p1a: Ludicolo|100\/100|[silent]\n|upkeep\n|turn|4\n|\n|t:|1700015747\n|switch|p2a: Salamence|Salamence, F|100\/100\n|-ability|p2a: Salamence|Intimidate|boost\n|-unboost|p1a: Ludicolo|atk|1\n|move|p1a: Ludicolo|Protect||[still]\n|-fail|p1a: Ludicolo\n|\n|-weather|RainDance|[upkeep]\n|upkeep\n|turn|5\n|\n|t:|1700015758\n|move|p1a: Ludicolo|Ice Beam|p2a: Salamence\n|-supereffective|p2a: Salamence\n|-damage|p2a: Salamence|5\/100\n|-status|p2a: Salamence|frz\n|cant|p2a: Salamence|frz\n|\n|-weather|RainDance|[upkeep]\n|upkeep\n|turn|6\n|\n|t:|1700015768\n|switch|p2a: Sylveon|Sylveon, M|65\/100\n|move|p1a: Ludicolo|Ice Beam|p2a: Sylveon\n|-crit|p2a: Sylveon\n|-damage|p2a: Sylveon|46\/100\n|\n|-weather|RainDance|[upkeep]\n|-heal|p2a: Sylveon|52\/100|[from] item: Leftovers\n|upkeep\n|turn|7\n|\n|t:|1700015780\n|move|p1a: Ludicolo|Leech Seed|p2a: Sylveon\n|-start|p2a: Sylveon|move: Leech Seed\n|move|p2a: Sylveon|Wish|p2a: Sylveon\n|\n|-weather|RainDance|[upkeep]\n|-heal|p2a: Sylveon|58\/100|[from] item: Leftovers\n|-damage|p2a: Sylveon|45\/100|[from] Leech Seed|[of] p1a: Ludicolo\n|upkeep\n|turn|8\n|\n|t:|1700015790\n|move|p1a: Ludicolo|Giga Drain|p2a: Sylveon\n|-damage|p2a: Sylveon|28\/100\n|move|p2a: Sylveon|Yawn|p1a: Ludicolo\n|-start|p1a: Ludicolo|move: Yawn|[of] p2a: Sylveon\n|\n|-weather|none\n|-heal|p2a: Sylveon|78\/100|[from] move: Wish|[wisher] Sylveon\n|-heal|p2a: Sylveon|84\/100|[from] item: Leftovers\n|-damage|p2a: Sylveon|71\/100|[from] Leech Seed|[of] p1a: Ludicolo\n|upkeep\n|turn|9\n|\n|t:|1700015820\n|switch|p1a: Pelipper|Pelipper, F|100\/100\n|-weather|RainDance|[from] ability: Drizzle|[of] p1a: Pelipper\n|move|p2a: Sylveon|Wish|p2a: Sylveon\n|\n|-weather|RainDance|[upkeep]\n|-heal|p2a: Sylveon|77\/100|[from] item: Leftovers\n|-damage|p2a: Sylveon|65\/100|[from] Leech Seed|[of] p1a: Pelipper\n|upkeep\n|turn|10\n|\n|t:|1700015829\n|switch|p2a: Salamence|Salamence, F|5\/100 frz\n|-ability|p2a: Salamence|Intimidate|boost\n|-unboost|p1a: Pelipper|atk|1\n|move|p1a: Pelipper|Hurricane|p2a: Salamence\n|-damage|p2a: Salamence|0 fnt\n|faint|p2a: Salamence\n|\n|-weather|RainDance|[upkeep]\n|upkeep\n|\n|t:|1700015840\n|switch|p2a: Magnezone|Magnezone, shiny|100\/100\n|turn|11\n|\n|t:|1700015854\n|switch|p1a: Ludicolo|Ludicolo, F|100\/100\n|move|p2a: Magnezone|Body Press|p1a: Ludicolo\n|-damage|p1a: Ludicolo|74\/100\n|\n|-weather|RainDance|[upkeep]\n|upkeep\n|turn|12\n|\n|t:|1700015873\n|move|p1a: Ludicolo|Leech Seed|p2a: Magnezone\n|-start|p2a: Magnezone|move: Leech Seed\n|move|p2a: Magnezone|Volt Switch|p1a: Ludicolo\n|-damage|p1a: Ludicolo|46\/100\n|\n|t:|1700015881\n|switch|p2a: Slowking|Slowking, F, shiny|100\/100|[from] Volt Switch\n|\n|-weather|RainDance|[upkeep]\n|upkeep\n|turn|13\n|\n|t:|1700015891\n|move|p1a: Ludicolo|Leech Seed|p2a: Slowking\n|-start|p2a: Slowking|move: Leech Seed\n|move|p2a: Slowking|Psyshock|p1a: Ludicolo\n|-damage|p1a: Ludicolo|10\/100\n|\n|-weather|RainDance|[upkeep]\n|-damage|p2a: Slowking|88\/100|[from] Leech Seed|[of] p1a: Ludicolo\n|-heal|p1a: Ludicolo|28\/100|[silent]\n|upkeep\n|turn|14\n|\n|t:|1700015900\n|move|p1a: Ludicolo|Giga Drain|p2a: Slowking\n|-supereffective|p2a: Slowking\n|-damage|p2a: Slowking|50\/100\n|-heal|p1a: Ludicolo|54\/100|[from] drain|[of] p2a: Slowking\n|move|p2a: Slowking|Psyshock|p1a: Ludicolo\n|-damage|p1a: Ludicolo|16\/100\n|\n|-weather|RainDance|[upkeep]\n|-damage|p2a: Slowking|38\/100|[from] Leech Seed|[of] p1a: Ludicolo\n|-heal|p1a: Ludicolo|34\/100|[silent]\n|upkeep\n|turn|15\n|\n|t:|1700015909\n|move|p1a: Ludicolo|Giga Drain|p2a: Slowking\n|-supereffective|p2a: Slowking\n|-damage|p2a: Slowking|0 fnt\n|-heal|p1a: Ludicolo|60\/100|[from] drain|[of] p2a: Slowking\n|faint|p2a: Slowking\n|\n|-weather|RainDance|[upkeep]\n|upkeep\n|\n|t:|1700015916\n|switch|p2a: Infernape|Infernape, F|100\/100\n|turn|16\n|\n|t:|1700015924\n|move|p2a: Infernape|Drain Punch|p1a: Ludicolo\n|-damage|p1a: Ludicolo|7\/100\n|move|p1a: Ludicolo|Leech Seed|p2a: Infernape\n|-start|p2a: Infernape|move: Leech Seed\n|\n|-weather|none\n|-damage|p2a: Infernape|88\/100|[from] Leech Seed|[of] p1a: Ludicolo\n|-heal|p1a: Ludicolo|20\/100|[silent]\n|upkeep\n|turn|17\n|\n|t:|1700015933\n|switch|p1a: Pelipper|Pelipper, F|100\/100\n|-weather|RainDance|[from] ability: Drizzle|[of] p1a: Pelipper\n|move|p2a: Infernape|Drain Punch|p1a: Pelipper\n|-resisted|p1a: Pelipper\n|-damage|p1a: Pelipper|85\/100\n|-heal|p2a: Infernape|97\/100|[from] drain|[of] p1a: Pelipper\n|\n|-weather|RainDance|[upkeep]\n|-damage|p2a: Infernape|84\/100|[from] Leech Seed|[of] p1a: Pelipper\n|-heal|p1a: Pelipper|96\/100|[silent]\n|upkeep\n|turn|18\n|\n|t:|1700015950\n|switch|p2a: Magnezone|Magnezone, shiny|100\/100\n|move|p1a: Pelipper|Hurricane|p2a: Magnezone\n|-resisted|p2a: Magnezone\n|-damage|p2a: Magnezone|94\/100\n|\n|-weather|RainDance|[upkeep]\n|upkeep\n|turn|19\n|\n|t:|1700015962\n|switch|p1a: Ludicolo|Ludicolo, F|20\/100\n|move|p2a: Magnezone|Thunderbolt|p1a: Ludicolo\n|-damage|p1a: Ludicolo|0 fnt\n|faint|p1a: Ludicolo\n|\n|-weather|RainDance|[upkeep]\n|upkeep\n|\n|t:|1700015969\n|switch|p1a: Crawdaunt|Crawdaunt, M|100\/100\n|turn|20\n|\n|t:|1700015986\n|move|p1a: Crawdaunt|Close Combat|p2a: Magnezone\n|-supereffective|p2a: Magnezone\n|-damage|p2a: Magnezone|15\/100\n|-unboost|p1a: Crawdaunt|def|1\n|-unboost|p1a: Crawdaunt|spd|1\n|move|p2a: Magnezone|Body Press|p1a: Crawdaunt\n|-supereffective|p1a: Crawdaunt\n|-damage|p1a: Crawdaunt|4\/100\n|\n|-weather|RainDance|[upkeep]\n|upkeep\n|turn|21\n|\n|t:|1700015996\n|move|p1a: Crawdaunt|Close Combat|p2a: Magnezone\n|-supereffective|p2a: Magnezone\n|-damage|p2a: Magnezone|0 fnt\n|-unboost|p1a: Crawdaunt|def|1\n|-unboost|p1a: Crawdaunt|spd|1\n|faint|p2a: Magnezone\n|\n|-weather|RainDance|[upkeep]\n|upkeep\n|\n|t:|1700016004\n|switch|p2a: Infernape|Infernape, F|84\/100\n|turn|22\n|\n|t:|1700016007\n|move|p1a: Crawdaunt|Aqua Jet|p2a: Infernape\n|-supereffective|p2a: Infernape\n|-damage|p2a: Infernape|0 fnt\n|faint|p2a: Infernape\n|\n|-weather|RainDance|[upkeep]\n|upkeep\n|\n|t:|1700016013\n|switch|p2a: Ninetales|Ninetales-Alola, F, shiny|100\/100\n|-weather|Snow|[from] ability: Snow Warning|[of] p2a: Ninetales\n|turn|23\n|\n|t:|1700016020\n|move|p1a: Crawdaunt|Aqua Jet|p2a: Ninetales\n|-damage|p2a: Ninetales|78\/100\n|move|p2a: Ninetales|Freeze-Dry|p1a: Crawdaunt\n|-supereffective|p1a: Crawdaunt\n|-damage|p1a: Crawdaunt|0 fnt\n|faint|p1a: Crawdaunt\n|\n|-weather|Snow|[upkeep]\n|upkeep\n|\n|t:|1700016028\n|switch|p1a: Pelipper|Pelipper, F|96\/100\n|-weather|RainDance|[from] ability: Drizzle|[of] p1a: Pelipper\n|turn|24\n|\n|t:|1700016033\n|switch|p1a: Empoleon|Empoleon, F|100\/100\n|move|p2a: Ninetales|Hypnosis|p1a: Empoleon\n|-status|p1a: Empoleon|slp|[from] move: Hypnosis\n|\n|-weather|RainDance|[upkeep]\n|upkeep\n|turn|25\n|\n|t:|1700016039\n|move|p2a: Ninetales|Freeze-Dry|p1a: Empoleon\n|-damage|p1a: Empoleon|88\/100 slp\n|cant|p1a: Empoleon|slp\n|\n|-weather|RainDance|[upkeep]\n|upkeep\n|turn|26\n|\n|t:|1700016045\n|switch|p2a: Sylveon|Sylveon, M|65\/100\n|cant|p1a: Empoleon|slp\n|\n|-weather|RainDance|[upkeep]\n|-heal|p2a: Sylveon|71\/100|[from] item: Leftovers\n|upkeep\n|turn|27\n|\n|t:|1700016052\n|move|p2a: Sylveon|Hyper Voice|p1a: Empoleon\n|-resisted|p1a: Empoleon\n|-damage|p1a: Empoleon|81\/100 slp\n|-curestatus|p1a: Empoleon|slp|[msg]\n|move|p1a: Empoleon|Flash Cannon|p2a: Sylveon\n|-supereffective|p2a: Sylveon\n|-damage|p2a: Sylveon|32\/100\n|\n|-weather|RainDance|[upkeep]\n|-heal|p2a: Sylveon|39\/100|[from] item: Leftovers\n|upkeep\n|turn|28\n|\n|t:|1700016064\n|move|p2a: Sylveon|Yawn|p1a: Empoleon\n|-start|p1a: Empoleon|move: Yawn|[of] p2a: Sylveon\n|move|p1a: Empoleon|Flash Cannon|p2a: Sylveon\n|-supereffective|p2a: Sylveon\n|-damage|p2a: Sylveon|0 fnt\n|faint|p2a: Sylveon\n|\n|-weather|RainDance|[upkeep]\n|upkeep\n|\n|t:|1700016071\n|switch|p2a: Ninetales|Ninetales-Alola, F, shiny|78\/100\n|-weather|Snow|[from] ability: Snow Warning|[of] p2a: Ninetales\n|turn|29\n|\n|t:|1700016075\n|switch|p1a: Pelipper|Pelipper, F|96\/100\n|-weather|RainDance|[from] ability: Drizzle|[of] p1a: Pelipper\n|move|p2a: Ninetales|Freeze-Dry|p1a: Pelipper\n|-supereffective|p1a: Pelipper\n|-damage|p1a: Pelipper|0 fnt\n|faint|p1a: Pelipper\n|\n|-weather|RainDance|[upkeep]\n|upkeep\n|\n|t:|1700016084\n|switch|p1a: Barraskewda|Barraskewda, M|100\/100\n|turn|30\n|\n|t:|1700016087\n|move|p1a: Barraskewda|Poison Jab|p2a: Ninetales\n|-supereffective|p2a: Ninetales\n|-damage|p2a: Ninetales|0 fnt\n|faint|p2a: Ninetales\n|\n|win|JaimeLX\n|l|\u2606mai0\n","uploadtime":1700016093,"views":7,"p1id":"jaimelx","p2id":"mai0","formatid":"gen9ou","rating":0,"private":0,"password":""}