{"id":"gen9ou-1995908580","p1":"mau0032","p2":"ochuruls","format":"[Gen 9] OU","log":"|j|\u2606mau0032\n|j|\u2606ochuruls\n|t:|1700616197\n|gametype|singles\n|player|p1|mau0032|red|\n|player|p2|ochuruls|n|\n|teamsize|p1|6\n|teamsize|p2|6\n|gen|9\n|tier|[Gen 9] OU\n|rule|Sleep Clause Mod: Limit one foe put to sleep\n|rule|Species Clause: Limit one of each Pok\u00e9mon\n|rule|OHKO Clause: OHKO moves are banned\n|rule|Evasion Items Clause: Evasion items are banned\n|rule|Evasion Moves Clause: Evasion moves are banned\n|rule|Endless Battle Clause: Forcing endless battles is banned\n|rule|HP Percentage Mod: HP is shown in percentages\n|clearpoke\n|poke|p1|Samurott-Hisui, F|\n|poke|p1|Corviknight, F|\n|poke|p1|Toedscruel, F|\n|poke|p1|Ditto|\n|poke|p1|Dudunsparce-*, F|\n|poke|p1|Slowking-Galar, F|\n|poke|p2|Corviknight, F|\n|poke|p2|Kingambit, M|\n|poke|p2|Diancie|\n|poke|p2|Gengar, M|\n|poke|p2|Rotom-Wash|\n|poke|p2|Heracross, M|\n|teampreview\n|\n|t:|1700616204\n|start\n|switch|p1a: Toedscruel|Toedscruel, F|100\/100\n|switch|p2a: Diancie|Diancie|100\/100\n|turn|1\n|\n|t:|1700616210\n|move|p2a: Diancie|Stealth Rock|p1a: Toedscruel\n|-sidestart|p1: mau0032|move: Stealth Rock\n|move|p1a: Toedscruel|Spore|p2a: Diancie\n|-status|p2a: Diancie|slp|[from] move: Spore\n|\n|upkeep\n|turn|2\n|\n|t:|1700616245\n|switch|p2a: Heracross|Heracross, M|100\/100\n|move|p1a: Toedscruel|Leech Seed|p2a: Heracross|[miss]\n|-miss|p1a: Toedscruel|p2a: Heracross\n|\n|-status|p2a: Heracross|brn|[from] item: Flame Orb\n|upkeep\n|turn|3\n|\n|t:|1700616259\n|move|p2a: Heracross|Trailblaze|p1a: Toedscruel\n|-damage|p1a: Toedscruel|62\/100\n|-boost|p2a: Heracross|spe|1\n|move|p1a: Toedscruel|Leech Seed|p2a: Heracross\n|-start|p2a: Heracross|move: Leech Seed\n|\n|-damage|p2a: Heracross|88\/100 brn|[from] Leech Seed|[of] p1a: Toedscruel\n|-heal|p1a: Toedscruel|74\/100|[silent]\n|-damage|p2a: Heracross|82\/100 brn|[from] brn\n|upkeep\n|turn|4\n|j| Black sheeps\n|\n|t:|1700616280\n|move|p2a: Heracross|Facade|p1a: Toedscruel\n|-damage|p1a: Toedscruel|0 fnt\n|faint|p1a: Toedscruel\n|\n|-damage|p2a: Heracross|76\/100 brn|[from] brn\n|upkeep\n|\n|t:|1700616338\n|switch|p1a: Ditto|Ditto|100\/100\n|-damage|p1a: Ditto|88\/100|[from] Stealth Rock\n|-transform|p1a: Ditto|p2a: Heracross|[from] ability: Imposter\n|turn|5\n|\n|t:|1700616359\n|switch|p1a: Corviknight|Corviknight, F|100\/100\n|-damage|p1a: Corviknight|88\/100|[from] Stealth Rock\n|-ability|p1a: Corviknight|Pressure\n|move|p2a: Heracross|Facade|p1a: Corviknight\n|-resisted|p1a: Corviknight\n|-crit|p1a: Corviknight\n|-damage|p1a: Corviknight|54\/100\n|\n|-heal|p1a: Corviknight|60\/100|[from] item: Leftovers\n|-damage|p2a: Heracross|64\/100 brn|[from] Leech Seed|[of] p1a: Corviknight\n|-heal|p1a: Corviknight|70\/100|[silent]\n|-damage|p2a: Heracross|58\/100 brn|[from] brn\n|upkeep\n|turn|6\n|\n|t:|1700616372\n|move|p2a: Heracross|Close Combat|p1a: Corviknight\n|-crit|p1a: Corviknight\n|-damage|p1a: Corviknight|0 fnt\n|-unboost|p2a: Heracross|def|1\n|-unboost|p2a: Heracross|spd|1\n|faint|p1a: Corviknight\n|\n|-damage|p2a: Heracross|52\/100 brn|[from] brn\n|upkeep\n|\n|t:|1700616384\n|switch|p1a: Ditto|Ditto|88\/100\n|-damage|p1a: Ditto|76\/100|[from] Stealth Rock\n|-transform|p1a: Ditto|p2a: Heracross|[from] ability: Imposter\n|turn|7\n|\n|t:|1700616390\n|move|p1a: Ditto|Close Combat|p2a: Heracross\n|-resisted|p2a: Heracross\n|-crit|p2a: Heracross\n|-damage|p2a: Heracross|0 fnt\n|-unboost|p1a: Ditto|def|1\n|-unboost|p1a: Ditto|spd|1\n|faint|p2a: Heracross\n|\n|upkeep\n|\n|t:|1700616401\n|switch|p2a: Diancie|Diancie|100\/100 slp\n|turn|8\n|\n|t:|1700616404\n|switch|p1a: Samurott|Samurott-Hisui, F|100\/100\n|-damage|p1a: Samurott|88\/100|[from] Stealth Rock\n|cant|p2a: Diancie|slp\n|\n|upkeep\n|turn|9\n|\n|t:|1700616408\n|-terastallize|p1a: Samurott|Water\n|move|p1a: Samurott|Swords Dance|p1a: Samurott\n|-boost|p1a: Samurott|atk|2\n|cant|p2a: Diancie|slp\n|\n|upkeep\n|turn|10\n|\n|t:|1700616435\n|move|p1a: Samurott|Aqua Cutter|p2a: Diancie\n|-supereffective|p2a: Diancie\n|-damage|p2a: Diancie|0 fnt\n|faint|p2a: Diancie\n|\n|upkeep\n|\n|t:|1700616439\n|switch|p2a: Gengar|Gengar, M|100\/100\n|turn|11\n|\n|t:|1700616465\n|switch|p2a: Corviknight|Corviknight, F|100\/100\n|-ability|p2a: Corviknight|Pressure\n|move|p1a: Samurott|Aqua Jet|p2a: Corviknight\n|-damage|p2a: Corviknight|67\/100\n|\n|upkeep\n|turn|12\n|\n|t:|1700616484\n|move|p1a: Samurott|Aqua Cutter|p2a: Corviknight\n|-damage|p2a: Corviknight|0 fnt\n|faint|p2a: Corviknight\n|\n|upkeep\n|\n|t:|1700616492\n|switch|p2a: Gengar|Gengar, M|100\/100\n|turn|13\n|\n|t:|1700616495\n|move|p1a: Samurott|Aqua Jet|p2a: Gengar\n|-damage|p2a: Gengar|0 fnt\n|faint|p2a: Gengar\n|\n|upkeep\n|\n|t:|1700616501\n|switch|p2a: Rotom|Rotom-Wash|100\/100\n|turn|14\n|\n|t:|1700616520\n|move|p1a: Samurott|Ceaseless Edge|p2a: Rotom\n|-damage|p2a: Rotom|25\/100\n|-sidestart|p2: ochuruls|Spikes\n|move|p2a: Rotom|Thunderbolt|p1a: Samurott\n|-supereffective|p1a: Samurott\n|-damage|p1a: Samurott|0 fnt\n|faint|p1a: Samurott\n|\n|-heal|p2a: Rotom|32\/100|[from] item: Leftovers\n|upkeep\n|\n|t:|1700616527\n|switch|p1a: Slowking|Slowking-Galar, F|100\/100\n|-damage|p1a: Slowking|88\/100|[from] Stealth Rock\n|turn|15\n|\n|t:|1700616535\n|move|p2a: Rotom|Will-O-Wisp|p1a: Slowking|[miss]\n|-miss|p2a: Rotom|p1a: Slowking\n|move|p1a: Slowking|Surf|p2a: Rotom\n|-resisted|p2a: Rotom\n|-damage|p2a: Rotom|15\/100\n|\n|-heal|p2a: Rotom|21\/100|[from] item: Leftovers\n|upkeep\n|turn|16\n|\n|t:|1700616541\n|move|p2a: Rotom|Will-O-Wisp|p1a: Slowking\n|-status|p1a: Slowking|brn\n|move|p1a: Slowking|Flamethrower|p2a: Rotom\n|-resisted|p2a: Rotom\n|-damage|p2a: Rotom|5\/100\n|\n|-heal|p2a: Rotom|11\/100|[from] item: Leftovers\n|-damage|p1a: Slowking|82\/100 brn|[from] brn\n|upkeep\n|turn|17\n|\n|t:|1700616545\n|move|p2a: Rotom|Thunderbolt|p1a: Slowking\n|-damage|p1a: Slowking|66\/100 brn\n|move|p1a: Slowking|Sludge Bomb|p2a: Rotom\n|-damage|p2a: Rotom|0 fnt\n|faint|p2a: Rotom\n|\n|-damage|p1a: Slowking|60\/100 brn|[from] brn\n|upkeep\n|\n|t:|1700616548\n|switch|p2a: Kingambit|Kingambit, M|100\/100\n|-damage|p2a: Kingambit|88\/100|[from] Spikes\n|-activate|p2a: Kingambit|ability: Supreme Overlord\n|-start|p2a: Kingambit|fallen5|[silent]\n|turn|18\n|\n|t:|1700616558\n|-terastallize|p2a: Kingambit|Dark\n|move|p2a: Kingambit|Sucker Punch|p1a: Slowking\n|-supereffective|p1a: Slowking\n|-damage|p1a: Slowking|0 fnt\n|faint|p1a: Slowking\n|\n|upkeep\n|\n|t:|1700616565\n|switch|p1a: Dudunsparce|Dudunsparce, F|100\/100\n|-damage|p1a: Dudunsparce|88\/100|[from] Stealth Rock\n|turn|19\n|\n|t:|1700616571\n|move|p2a: Kingambit|Sucker Punch||[still]\n|-fail|p2a: Kingambit\n|move|p1a: Dudunsparce|Glare|p2a: Kingambit\n|-status|p2a: Kingambit|par\n|\n|-heal|p1a: Dudunsparce|94\/100|[from] item: Leftovers\n|upkeep\n|turn|20\n|\n|t:|1700616582\n|move|p1a: Dudunsparce|Lunge|p2a: Kingambit\n|-supereffective|p2a: Kingambit\n|-damage|p2a: Kingambit|57\/100 par\n|-unboost|p2a: Kingambit|atk|1\n|move|p2a: Kingambit|Iron Head|p1a: Dudunsparce\n|-damage|p1a: Dudunsparce|57\/100\n|\n|-heal|p1a: Dudunsparce|63\/100|[from] item: Leftovers\n|upkeep\n|turn|21\n|\n|t:|1700616591\n|cant|p2a: Kingambit|par\n|move|p1a: Dudunsparce|Roost|p1a: Dudunsparce\n|-heal|p1a: Dudunsparce|100\/100\n|-singleturn|p1a: Dudunsparce|move: Roost\n|\n|upkeep\n|turn|22\n|\n|t:|1700616593\n|move|p2a: Kingambit|Sucker Punch|p1a: Dudunsparce\n|-damage|p1a: Dudunsparce|50\/100\n|move|p1a: Dudunsparce|Lunge|p2a: Kingambit\n|-supereffective|p2a: Kingambit\n|-damage|p2a: Kingambit|23\/100 par\n|-unboost|p2a: Kingambit|atk|1\n|\n|-heal|p1a: Dudunsparce|56\/100|[from] item: Leftovers\n|upkeep\n|turn|23\n|\n|t:|1700616599\n|cant|p2a: Kingambit|par\n|move|p1a: Dudunsparce|Roost|p1a: Dudunsparce\n|-heal|p1a: Dudunsparce|100\/100\n|-singleturn|p1a: Dudunsparce|move: Roost\n|\n|upkeep\n|turn|24\n|\n|t:|1700616602\n|move|p1a: Dudunsparce|Lunge|p2a: Kingambit\n|-supereffective|p2a: Kingambit\n|-damage|p2a: Kingambit|0 fnt\n|faint|p2a: Kingambit\n|-end|p2a: Kingambit|fallen5|[silent]\n|\n|win|mau0032\n|c|\u2606ochuruls|Gg bro\n","uploadtime":1700616609,"views":11,"p1id":"mau0032","p2id":"ochuruls","formatid":"gen9ou","rating":0,"private":0,"password":""}