{"id":"gen9ou-1997730382","p1":"kingfor188","p2":"RakzoTR","format":"[Gen 9] OU","log":"|j|\u2606kingfor188\n|j|\u2606RakzoTR\n|t:|1700846569\n|gametype|singles\n|player|p1|kingfor188|101|1254\n|player|p2|RakzoTR|gambler|1168\n|teamsize|p1|6\n|teamsize|p2|6\n|gen|9\n|tier|[Gen 9] OU\n|rated|\n|rule|Sleep Clause Mod: Limit one foe put to sleep\n|rule|Species Clause: Limit one of each Pok\u00e9mon\n|rule|OHKO Clause: OHKO moves are banned\n|rule|Evasion Items Clause: Evasion items are banned\n|rule|Evasion Moves Clause: Evasion moves are banned\n|rule|Endless Battle Clause: Forcing endless battles is banned\n|rule|HP Percentage Mod: HP is shown in percentages\n|clearpoke\n|poke|p1|Pelipper, M|\n|poke|p1|Manaphy|\n|poke|p1|Zapdos|\n|poke|p1|Talonflame, M|\n|poke|p1|Ting-Lu|\n|poke|p1|Drednaw, F|\n|poke|p2|Goodra-Hisui, F|\n|poke|p2|Ogerpon-Wellspring, F|\n|poke|p2|Donphan, M|\n|poke|p2|Zamazenta-*|\n|poke|p2|Cinderace, M|\n|poke|p2|Zapdos|\n|teampreview\n|inactive|Battle timer is ON: inactive players will automatically lose when time's up. (requested by kingfor188)\n|\n|t:|1700846574\n|start\n|switch|p1a: Pelipper|Pelipper, M|100\/100\n|switch|p2a: Zip-Zap-Dos|Zapdos|100\/100\n|-weather|RainDance|[from] ability: Drizzle|[of] p1a: Pelipper\n|turn|1\n|\n|t:|1700846582\n|switch|p1a: Zapdos|Zapdos|100\/100\n|move|p2a: Zip-Zap-Dos|Hurricane|p1a: Zapdos\n|-resisted|p1a: Zapdos\n|-crit|p1a: Zapdos\n|-damage|p1a: Zapdos|49\/100\n|\n|-weather|RainDance|[upkeep]\n|upkeep\n|turn|2\n|\n|t:|1700846603\n|move|p1a: Zapdos|Thunder|p2a: Zip-Zap-Dos\n|-damage|p2a: Zip-Zap-Dos|46\/100\n|move|p2a: Zip-Zap-Dos|Volt Switch|p1a: Zapdos\n|-damage|p1a: Zapdos|0 fnt\n|faint|p1a: Zapdos\n|\n|t:|1700846614\n|switch|p2a: Kandula|Donphan, M|100\/100|[from] Volt Switch\n|\n|-weather|RainDance|[upkeep]\n|upkeep\n|\n|t:|1700846618\n|switch|p1a: Manaphy|Manaphy|100\/100\n|turn|3\n|\n|t:|1700846626\n|move|p1a: Manaphy|Surf|p2a: Kandula\n|-supereffective|p2a: Kandula\n|-ability|p2a: Kandula|Sturdy\n|-damage|p2a: Kandula|1\/100\n|move|p2a: Kandula|Endeavor|p1a: Manaphy\n|-damage|p1a: Manaphy|1\/100\n|\n|-weather|RainDance|[upkeep]\n|-heal|p1a: Manaphy|7\/100|[from] item: Leftovers\n|upkeep\n|turn|4\n|\n|t:|1700846630\n|move|p2a: Kandula|Ice Shard|p1a: Manaphy\n|-resisted|p1a: Manaphy\n|-damage|p1a: Manaphy|1\/100\n|move|p1a: Manaphy|Rest|p1a: Manaphy\n|-status|p1a: Manaphy|slp|[from] move: Rest\n|-heal|p1a: Manaphy|100\/100 slp|[silent]\n|\n|-weather|RainDance|[upkeep]\n|-activate|p1a: Manaphy|ability: Hydration\n|-curestatus|p1a: Manaphy|slp|[msg]\n|upkeep\n|turn|5\n|\n|t:|1700846635\n|move|p1a: Manaphy|Surf|p2a: Kandula\n|-supereffective|p2a: Kandula\n|-damage|p2a: Kandula|0 fnt\n|faint|p2a: Kandula\n|\n|-weather|RainDance|[upkeep]\n|upkeep\n|\n|t:|1700846638\n|switch|p2a: Rhaenyra|Goodra-Hisui, F|100\/100\n|turn|6\n|\n|t:|1700846643\n|switch|p1a: Talonflame|Talonflame, M|100\/100\n|move|p2a: Rhaenyra|Draco Meteor|p1a: Talonflame\n|-damage|p1a: Talonflame|12\/100\n|-unboost|p2a: Rhaenyra|spa|2\n|\n|-weather|RainDance|[upkeep]\n|upkeep\n|turn|7\n|\n|t:|1700846658\n|switch|p1a: Drednaw|Drednaw, F|100\/100\n|switch|p2a: Rammot|Cinderace, M|100\/100\n|\n|-weather|RainDance|[upkeep]\n|upkeep\n|turn|8\n|\n|t:|1700846664\n|switch|p2a: Ogo|Ogerpon-Wellspring, F|100\/100\n|move|p1a: Drednaw|Liquidation|p2a: Ogo\n|-immune|p2a: Ogo|[from] ability: Water Absorb\n|\n|-weather|none\n|upkeep\n|turn|9\n|\n|t:|1700846673\n|switch|p1a: Pelipper|Pelipper, M|100\/100\n|-weather|RainDance|[from] ability: Drizzle|[of] p1a: Pelipper\n|move|p2a: Ogo|Ivy Cudgel|p1a: Pelipper|[anim] Ivy Cudgel Water\n|-resisted|p1a: Pelipper\n|-damage|p1a: Pelipper|62\/100\n|\n|-weather|RainDance|[upkeep]\n|upkeep\n|turn|10\n|\n|t:|1700846683\n|-terastallize|p1a: Pelipper|Grass\n|move|p2a: Ogo|Substitute|p2a: Ogo\n|-start|p2a: Ogo|Substitute\n|-damage|p2a: Ogo|76\/100\n|move|p1a: Pelipper|Hurricane|p2a: Ogo\n|-supereffective|p2a: Ogo\n|-end|p2a: Ogo|Substitute\n|\n|-weather|RainDance|[upkeep]\n|upkeep\n|turn|11\n|\n|t:|1700846687\n|switch|p2a: Rhaenyra|Goodra-Hisui, F|100\/100\n|move|p1a: Pelipper|Hurricane|p2a: Rhaenyra\n|-resisted|p2a: Rhaenyra\n|-damage|p2a: Rhaenyra|91\/100\n|\n|-weather|RainDance|[upkeep]\n|upkeep\n|turn|12\n|\n|t:|1700846699\n|switch|p1a: Talonflame|Talonflame, M|12\/100\n|move|p2a: Rhaenyra|Draco Meteor|p1a: Talonflame\n|-damage|p1a: Talonflame|0 fnt\n|-unboost|p2a: Rhaenyra|spa|2\n|faint|p1a: Talonflame\n|\n|-weather|RainDance|[upkeep]\n|upkeep\n|\n|t:|1700846701\n|switch|p1a: Drednaw|Drednaw, F|100\/100\n|turn|13\n|\n|t:|1700846715\n|switch|p2a: WhatTheDogDoing?|Zamazenta|100\/100\n|-ability|p2a: WhatTheDogDoing?|Dauntless Shield|boost\n|-boost|p2a: WhatTheDogDoing?|def|1\n|move|p1a: Drednaw|Shell Smash|p1a: Drednaw\n|-unboost|p1a: Drednaw|def|1\n|-unboost|p1a: Drednaw|spd|1\n|-boost|p1a: Drednaw|atk|2\n|-boost|p1a: Drednaw|spa|2\n|-boost|p1a: Drednaw|spe|2\n|-enditem|p1a: Drednaw|White Herb\n|-clearnegativeboost|p1a: Drednaw|[silent]\n|\n|-weather|RainDance|[upkeep]\n|upkeep\n|turn|14\n|\n|t:|1700846728\n|move|p1a: Drednaw|Liquidation|p2a: WhatTheDogDoing?\n|-damage|p2a: WhatTheDogDoing?|11\/100\n|move|p2a: WhatTheDogDoing?|Close Combat|p1a: Drednaw\n|-supereffective|p1a: Drednaw\n|-damage|p1a: Drednaw|0 fnt\n|-unboost|p2a: WhatTheDogDoing?|def|1\n|-unboost|p2a: WhatTheDogDoing?|spd|1\n|faint|p1a: Drednaw\n|\n|-weather|RainDance|[upkeep]\n|upkeep\n|\n|t:|1700846742\n|switch|p1a: Pelipper|Pelipper, M, tera:Grass|62\/100\n|turn|15\n|\n|t:|1700846754\n|switch|p2a: Rhaenyra|Goodra-Hisui, F|91\/100\n|move|p1a: Pelipper|Hurricane|p2a: Rhaenyra\n|-resisted|p2a: Rhaenyra\n|-damage|p2a: Rhaenyra|83\/100\n|\n|-weather|RainDance|[upkeep]\n|upkeep\n|turn|16\n|\n|t:|1700846781\n|move|p1a: Pelipper|U-turn|p2a: Rhaenyra\n|-resisted|p2a: Rhaenyra\n|-damage|p2a: Rhaenyra|79\/100\n|\n|t:|1700846784\n|switch|p1a: Ting-Lu|Ting-Lu|100\/100|[from] U-turn\n|-ability|p1a: Ting-Lu|Vessel of Ruin\n|move|p2a: Rhaenyra|Draco Meteor|p1a: Ting-Lu\n|-damage|p1a: Ting-Lu|71\/100\n|-unboost|p2a: Rhaenyra|spa|2\n|-enditem|p1a: Ting-Lu|Red Card|[of] p2a: Rhaenyra\n|drag|p2a: Zip-Zap-Dos|Zapdos|46\/100\n|\n|-weather|none\n|upkeep\n|turn|17\n|\n|t:|1700846802\n|move|p2a: Zip-Zap-Dos|Roost|p2a: Zip-Zap-Dos\n|-heal|p2a: Zip-Zap-Dos|96\/100\n|-singleturn|p2a: Zip-Zap-Dos|move: Roost\n|move|p1a: Ting-Lu|Stealth Rock|p2a: Zip-Zap-Dos\n|-sidestart|p2: RakzoTR|move: Stealth Rock\n|\n|upkeep\n|turn|18\n|inactive|kingfor188 has 120 seconds left.\n|inactive|kingfor188 has 90 seconds left.\n|\n|t:|1700846865\n|move|p2a: Zip-Zap-Dos|Hurricane|p1a: Ting-Lu\n|-damage|p1a: Ting-Lu|48\/100\n|move|p1a: Ting-Lu|Ruination|p2a: Zip-Zap-Dos\n|-damage|p2a: Zip-Zap-Dos|48\/100\n|\n|upkeep\n|turn|19\n|inactive|RakzoTR has 120 seconds left.\n|\n|t:|1700846902\n|move|p2a: Zip-Zap-Dos|Hurricane|p1a: Ting-Lu\n|-damage|p1a: Ting-Lu|22\/100\n|-start|p1a: Ting-Lu|confusion\n|-activate|p1a: Ting-Lu|confusion\n|-damage|p1a: Ting-Lu|16\/100|[from] confusion\n|\n|upkeep\n|turn|20\n|inactive|kingfor188 has 90 seconds left.\n|\n|t:|1700846929\n|move|p2a: Zip-Zap-Dos|Substitute|p2a: Zip-Zap-Dos\n|-start|p2a: Zip-Zap-Dos|Substitute\n|-damage|p2a: Zip-Zap-Dos|23\/100\n|-activate|p1a: Ting-Lu|confusion\n|move|p1a: Ting-Lu|Earthquake|p2a: Zip-Zap-Dos\n|-immune|p2a: Zip-Zap-Dos\n|\n|upkeep\n|turn|21\n|\n|t:|1700846935\n|move|p2a: Zip-Zap-Dos|Hurricane|p1a: Ting-Lu\n|-damage|p1a: Ting-Lu|0 fnt\n|faint|p1a: Ting-Lu\n|\n|upkeep\n|\n|t:|1700846937\n|switch|p1a: Pelipper|Pelipper, M, tera:Grass|62\/100\n|-weather|RainDance|[from] ability: Drizzle|[of] p1a: Pelipper\n|turn|22\n|\n|t:|1700846942\n|move|p2a: Zip-Zap-Dos|Hurricane|p1a: Pelipper\n|-supereffective|p1a: Pelipper\n|-damage|p1a: Pelipper|0 fnt\n|faint|p1a: Pelipper\n|\n|-weather|RainDance|[upkeep]\n|upkeep\n|\n|t:|1700846945\n|switch|p1a: Manaphy|Manaphy|100\/100\n|turn|23\n|\n|t:|1700846953\n|move|p2a: Zip-Zap-Dos|Volt Switch|p1a: Manaphy\n|-supereffective|p1a: Manaphy\n|-damage|p1a: Manaphy|31\/100\n|\n|t:|1700846960\n|switch|p2a: Rammot|Cinderace, M|100\/100|[from] Volt Switch\n|move|p1a: Manaphy|Rest|p1a: Manaphy\n|-status|p1a: Manaphy|slp|[from] move: Rest\n|-heal|p1a: Manaphy|100\/100 slp|[silent]\n|\n|-weather|RainDance|[upkeep]\n|-activate|p1a: Manaphy|ability: Hydration\n|-curestatus|p1a: Manaphy|slp|[msg]\n|upkeep\n|turn|24\n|\n|t:|1700846964\n|move|p2a: Rammot|Court Change|p2a: Rammot\n|-swapsideconditions\n|-activate|p2a: Rammot|move: Court Change\n|move|p1a: Manaphy|Tail Glow|p1a: Manaphy\n|-boost|p1a: Manaphy|spa|3\n|\n|-weather|RainDance|[upkeep]\n|upkeep\n|turn|25\n|\n|t:|1700846969\n|move|p2a: Rammot|Pyro Ball|p1a: Manaphy|[miss]\n|-miss|p2a: Rammot|p1a: Manaphy\n|move|p1a: Manaphy|Tail Glow|p1a: Manaphy\n|-boost|p1a: Manaphy|spa|3\n|\n|-weather|RainDance|[upkeep]\n|upkeep\n|turn|26\n|\n|t:|1700846973\n|move|p2a: Rammot|Pyro Ball|p1a: Manaphy\n|-resisted|p1a: Manaphy\n|-damage|p1a: Manaphy|90\/100\n|move|p1a: Manaphy|Surf|p2a: Rammot\n|-supereffective|p2a: Rammot\n|-damage|p2a: Rammot|0 fnt\n|faint|p2a: Rammot\n|\n|-weather|RainDance|[upkeep]\n|-heal|p1a: Manaphy|97\/100|[from] item: Leftovers\n|upkeep\n|\n|t:|1700846977\n|switch|p2a: Zip-Zap-Dos|Zapdos|23\/100\n|turn|27\n|\n|t:|1700846985\n|move|p2a: Zip-Zap-Dos|Hurricane|p1a: Manaphy\n|-damage|p1a: Manaphy|48\/100\n|move|p1a: Manaphy|Rest|p1a: Manaphy\n|-status|p1a: Manaphy|slp|[from] move: Rest\n|-heal|p1a: Manaphy|100\/100 slp|[silent]\n|\n|-weather|RainDance|[upkeep]\n|-activate|p1a: Manaphy|ability: Hydration\n|-curestatus|p1a: Manaphy|slp|[msg]\n|upkeep\n|turn|28\n|\n|t:|1700846990\n|move|p2a: Zip-Zap-Dos|Volt Switch|p1a: Manaphy\n|-supereffective|p1a: Manaphy\n|-damage|p1a: Manaphy|39\/100\n|\n|t:|1700846993\n|switch|p2a: WhatTheDogDoing?|Zamazenta|11\/100|[from] Volt Switch\n|move|p1a: Manaphy|Surf|p2a: WhatTheDogDoing?\n|-damage|p2a: WhatTheDogDoing?|0 fnt\n|faint|p2a: WhatTheDogDoing?\n|\n|-weather|RainDance|[upkeep]\n|-heal|p1a: Manaphy|45\/100|[from] item: Leftovers\n|upkeep\n|\n|t:|1700846995\n|switch|p2a: Ogo|Ogerpon-Wellspring, F|76\/100\n|turn|29\n|\n|t:|1700847002\n|move|p2a: Ogo|Horn Leech|p1a: Manaphy\n|-supereffective|p1a: Manaphy\n|-damage|p1a: Manaphy|0 fnt\n|-heal|p2a: Ogo|100\/100|[from] drain|[of] p1a: Manaphy\n|faint|p1a: Manaphy\n|\n|win|RakzoTR\n|raw|kingfor188's rating: 1254 &rarr; <strong>1227<\/strong><br \/>(-27 for losing)\n|raw|RakzoTR's rating: 1221 &rarr; <strong>1248<\/strong><br \/>(+27 for winning)\n","uploadtime":1700847016,"views":1,"p1id":"kingfor188","p2id":"rakzotr","formatid":"gen9ou","rating":1227,"private":0,"password":""}