{"id":"gen9ou-1993942898","p1":"did it done","p2":"Fumimico","format":"[Gen 9] OU","log":"|j|\u2606did it done\n|j|\u2606Fumimico\n|t:|1700379799\n|gametype|singles\n|player|p1|did it done|will-gen2|1427\n|player|p2|Fumimico|backersf|1486\n|teamsize|p1|6\n|teamsize|p2|6\n|gen|9\n|tier|[Gen 9] OU\n|rated|\n|rule|Sleep Clause Mod: Limit one foe put to sleep\n|rule|Species Clause: Limit one of each Pok\u00e9mon\n|rule|OHKO Clause: OHKO moves are banned\n|rule|Evasion Items Clause: Evasion items are banned\n|rule|Evasion Moves Clause: Evasion moves are banned\n|rule|Endless Battle Clause: Forcing endless battles is banned\n|rule|HP Percentage Mod: HP is shown in percentages\n|clearpoke\n|poke|p1|Garchomp, M|\n|poke|p1|Corviknight, M|\n|poke|p1|Ninetales-Alola, F|\n|poke|p1|Tyranitar, M|\n|poke|p1|Ceruledge, M|\n|poke|p1|Iron Valiant|\n|poke|p2|Sylveon, F|\n|poke|p2|Corviknight, F|\n|poke|p2|Slowking-Galar, F|\n|poke|p2|Alomomola, F|\n|poke|p2|Meowscarada, M|\n|poke|p2|Great Tusk|\n|teampreview\n|inactive|Battle timer is ON: inactive players will automatically lose when time's up. (requested by Fumimico)\n|\n|t:|1700379820\n|start\n|switch|p1a: Ninetales|Ninetales-Alola, F, shiny|100\/100\n|switch|p2a: Meowscarada|Meowscarada, M|100\/100\n|-weather|Snow|[from] ability: Snow Warning|[of] p1a: Ninetales\n|turn|1\n|\n|t:|1700379832\n|move|p2a: Meowscarada|U-turn|p1a: Ninetales\n|-start|p2a: Meowscarada|typechange|Bug|[from] ability: Protean\n|-resisted|p1a: Ninetales\n|-damage|p1a: Ninetales|78\/100\n|\n|t:|1700379843\n|switch|p2a: Slowking|Slowking-Galar, F|100\/100|[from] U-turn\n|move|p1a: Ninetales|Aurora Veil|p1a: Ninetales\n|-sidestart|p1: did it done|move: Aurora Veil\n|\n|-weather|Snow|[upkeep]\n|upkeep\n|turn|2\n|\n|t:|1700379850\n|move|p1a: Ninetales|Freeze-Dry|p2a: Slowking\n|-damage|p2a: Slowking|85\/100\n|move|p2a: Slowking|Thunder Wave|p1a: Ninetales\n|-status|p1a: Ninetales|par\n|\n|-weather|Snow|[upkeep]\n|upkeep\n|turn|3\n|\n|t:|1700379860\n|cant|p1a: Ninetales|par\n|move|p2a: Slowking|Future Sight|p1a: Ninetales\n|-start|p2a: Slowking|move: Future Sight\n|\n|-weather|Snow|[upkeep]\n|upkeep\n|turn|4\n|\n|t:|1700379866\n|move|p1a: Ninetales|Encore|p2a: Slowking\n|-start|p2a: Slowking|Encore\n|move|p2a: Slowking|Future Sight||[still]\n|-fail|p2a: Slowking\n|\n|-weather|Snow|[upkeep]\n|upkeep\n|turn|5\n|\n|t:|1700379872\n|switch|p1a: Tyranitar|Tyranitar, M, shiny|100\/100\n|-weather|Sandstorm|[from] ability: Sand Stream|[of] p1a: Tyranitar\n|switch|p2a: Corviknight|Corviknight, F|100\/100\n|-ability|p2a: Corviknight|Pressure\n|\n|-weather|Sandstorm|[upkeep]\n|-end|p1a: Tyranitar|move: Future Sight\n|-immune|p1a: Tyranitar\n|upkeep\n|turn|6\n|\n|t:|1700379878\n|move|p2a: Corviknight|U-turn|p1a: Tyranitar\n|-supereffective|p1a: Tyranitar\n|-damage|p1a: Tyranitar|87\/100\n|\n|t:|1700379882\n|switch|p2a: Great Tusk|Great Tusk|100\/100|[from] U-turn\n|move|p1a: Tyranitar|Knock Off|p2a: Great Tusk\n|-resisted|p2a: Great Tusk\n|-crit|p2a: Great Tusk\n|-damage|p2a: Great Tusk|75\/100\n|-enditem|p2a: Great Tusk|Heavy-Duty Boots|[from] move: Knock Off|[of] p1a: Tyranitar\n|\n|-weather|Sandstorm|[upkeep]\n|-heal|p1a: Tyranitar|94\/100|[from] item: Leftovers\n|upkeep\n|turn|7\n|\n|t:|1700379892\n|switch|p1a: Corviknight|Corviknight, M, shiny|100\/100\n|-ability|p1a: Corviknight|Pressure\n|move|p2a: Great Tusk|Stealth Rock|p1a: Corviknight\n|-sidestart|p1: did it done|move: Stealth Rock\n|\n|-weather|Sandstorm|[upkeep]\n|upkeep\n|turn|8\n|\n|t:|1700379898\n|-end|p2a: Great Tusk|Protosynthesis|[silent]\n|switch|p2a: Corviknight|Corviknight, F|100\/100\n|-ability|p2a: Corviknight|Pressure\n|move|p1a: Corviknight|Defog|p2a: Corviknight\n|-unboost|p2a: Corviknight|evasion|1\n|-sideend|p1: did it done|Stealth Rock|[from] move: Defog|[of] p1a: Corviknight\n|\n|-weather|Sandstorm|[upkeep]\n|-sideend|p1: did it done|move: Aurora Veil\n|upkeep\n|turn|9\n|inactive|did it done has 120 seconds left.\n|\n|t:|1700379941\n|switch|p1a: Garchomp|Garchomp, M, shiny|100\/100\n|move|p2a: Corviknight|U-turn|p1a: Garchomp\n|-damage|p1a: Garchomp|86\/100\n|-damage|p2a: Corviknight|88\/100|[from] ability: Rough Skin|[of] p1a: Garchomp\n|\n|t:|1700379963\n|switch|p2a: Sylveon|Sylveon, F|100\/100|[from] U-turn\n|\n|-weather|none\n|upkeep\n|turn|10\n|inactive|did it done has 120 seconds left.\n|\n|t:|1700379978\n|switch|p1a: Tyranitar|Tyranitar, M, shiny|94\/100\n|-weather|Sandstorm|[from] ability: Sand Stream|[of] p1a: Tyranitar\n|move|p2a: Sylveon|Hyper Voice|p1a: Tyranitar\n|-supereffective|p1a: Tyranitar\n|-damage|p1a: Tyranitar|4\/100\n|\n|-weather|Sandstorm|[upkeep]\n|-damage|p2a: Sylveon|95\/100|[from] Sandstorm\n|-heal|p1a: Tyranitar|10\/100|[from] item: Leftovers\n|upkeep\n|turn|11\n|\n|t:|1700379988\n|move|p2a: Sylveon|Hyper Voice|p1a: Tyranitar\n|-supereffective|p1a: Tyranitar\n|-damage|p1a: Tyranitar|0 fnt\n|faint|p1a: Tyranitar\n|\n|-weather|Sandstorm|[upkeep]\n|-damage|p2a: Sylveon|89\/100|[from] Sandstorm\n|upkeep\n|\n|t:|1700379993\n|switch|p1a: Ceruledge|Ceruledge, M, shiny|100\/100\n|turn|12\n|\n|t:|1700380000\n|switch|p2a: Great Tusk|Great Tusk|75\/100\n|move|p1a: Ceruledge|Bulk Up|p1a: Ceruledge\n|-boost|p1a: Ceruledge|atk|1\n|-boost|p1a: Ceruledge|def|1\n|\n|-weather|Sandstorm|[upkeep]\n|-damage|p1a: Ceruledge|94\/100|[from] Sandstorm\n|-heal|p1a: Ceruledge|100\/100|[from] item: Leftovers\n|upkeep\n|turn|13\n|\n|t:|1700380010\n|-terastallize|p1a: Ceruledge|Grass\n|move|p2a: Great Tusk|Headlong Rush|p1a: Ceruledge\n|-resisted|p1a: Ceruledge\n|-damage|p1a: Ceruledge|78\/100\n|-unboost|p2a: Great Tusk|def|1\n|-unboost|p2a: Great Tusk|spd|1\n|move|p1a: Ceruledge|Bulk Up|p1a: Ceruledge\n|-boost|p1a: Ceruledge|atk|1\n|-boost|p1a: Ceruledge|def|1\n|\n|-weather|Sandstorm|[upkeep]\n|-damage|p1a: Ceruledge|72\/100|[from] Sandstorm\n|-heal|p1a: Ceruledge|78\/100|[from] item: Leftovers\n|upkeep\n|turn|14\n|\n|t:|1700380022\n|-end|p2a: Great Tusk|Protosynthesis|[silent]\n|switch|p2a: Corviknight|Corviknight, F|88\/100\n|-ability|p2a: Corviknight|Pressure\n|move|p1a: Ceruledge|Bulk Up|p1a: Ceruledge\n|-boost|p1a: Ceruledge|atk|1\n|-boost|p1a: Ceruledge|def|1\n|\n|-weather|none\n|-heal|p1a: Ceruledge|85\/100|[from] item: Leftovers\n|upkeep\n|turn|15\n|\n|t:|1700380029\n|-terastallize|p2a: Corviknight|Water\n|move|p1a: Ceruledge|Bitter Blade|p2a: Corviknight\n|-resisted|p2a: Corviknight\n|-damage|p2a: Corviknight|60\/100\n|-heal|p1a: Ceruledge|100\/100|[from] drain|[of] p2a: Corviknight\n|-damage|p1a: Ceruledge|84\/100|[from] item: Rocky Helmet|[of] p2a: Corviknight\n|move|p2a: Corviknight|Brave Bird|p1a: Ceruledge\n|-supereffective|p1a: Ceruledge\n|-damage|p1a: Ceruledge|48\/100\n|-damage|p2a: Corviknight|50\/100|[from] Recoil\n|\n|-heal|p1a: Ceruledge|54\/100|[from] item: Leftovers\n|upkeep\n|turn|16\n|\n|t:|1700380037\n|move|p1a: Ceruledge|Tera Blast|p2a: Corviknight|[anim] Tera Blast Grass\n|-supereffective|p2a: Corviknight\n|-damage|p2a: Corviknight|0 fnt\n|faint|p2a: Corviknight\n|\n|-heal|p1a: Ceruledge|60\/100|[from] item: Leftovers\n|upkeep\n|\n|t:|1700380045\n|switch|p2a: Meowscarada|Meowscarada, M|100\/100\n|turn|17\n|\n|t:|1700380050\n|move|p2a: Meowscarada|U-turn|p1a: Ceruledge\n|-start|p2a: Meowscarada|typechange|Bug|[from] ability: Protean\n|-supereffective|p1a: Ceruledge\n|-damage|p1a: Ceruledge|13\/100\n|\n|t:|1700380055\n|switch|p2a: Alomomola|Alomomola, F|100\/100|[from] U-turn\n|move|p1a: Ceruledge|Bitter Blade|p2a: Alomomola\n|-resisted|p2a: Alomomola\n|-damage|p2a: Alomomola|74\/100\n|-heal|p1a: Ceruledge|33\/100|[from] drain|[of] p2a: Alomomola\n|\n|-heal|p1a: Ceruledge|39\/100|[from] item: Leftovers\n|upkeep\n|turn|18\n|\n|t:|1700380082\n|move|p1a: Ceruledge|Bitter Blade|p2a: Alomomola\n|-resisted|p2a: Alomomola\n|-damage|p2a: Alomomola|43\/100\n|-heal|p1a: Ceruledge|62\/100|[from] drain|[of] p2a: Alomomola\n|move|p2a: Alomomola|Flip Turn|p1a: Ceruledge\n|-resisted|p1a: Ceruledge\n|-damage|p1a: Ceruledge|58\/100\n|\n|t:|1700380091\n|switch|p2a: Meowscarada|Meowscarada, M|100\/100|[from] Flip Turn\n|\n|-heal|p1a: Ceruledge|65\/100|[from] item: Leftovers\n|upkeep\n|turn|19\n|inactive|did it done has 120 seconds left.\n|\n|t:|1700380112\n|move|p2a: Meowscarada|U-turn|p1a: Ceruledge\n|-start|p2a: Meowscarada|typechange|Bug|[from] ability: Protean\n|-supereffective|p1a: Ceruledge\n|-damage|p1a: Ceruledge|22\/100\n|\n|t:|1700380117\n|switch|p2a: Alomomola|Alomomola, F|76\/100|[from] U-turn\n|move|p1a: Ceruledge|Bitter Blade|p2a: Alomomola\n|-resisted|p2a: Alomomola\n|-damage|p2a: Alomomola|48\/100\n|-heal|p1a: Ceruledge|43\/100|[from] drain|[of] p2a: Alomomola\n|\n|-heal|p1a: Ceruledge|50\/100|[from] item: Leftovers\n|upkeep\n|turn|20\n|inactive|did it done has 120 seconds left.\n|\n|t:|1700380133\n|move|p1a: Ceruledge|Tera Blast|p2a: Alomomola|[anim] Tera Blast Grass\n|-supereffective|p2a: Alomomola\n|-damage|p2a: Alomomola|0 fnt\n|faint|p2a: Alomomola\n|\n|-heal|p1a: Ceruledge|56\/100|[from] item: Leftovers\n|upkeep\n|-message|Fumimico forfeited.\n|\n|win|did it done\n|raw|did it done's rating: 1427 &rarr; <strong>1450<\/strong><br \/>(+23 for winning)\n|raw|Fumimico's rating: 1486 &rarr; <strong>1463<\/strong><br \/>(-23 for losing)\n|l|\u2606Fumimico\n|l|\u2606did it done\n|j|\u2606did it done\n|player|p1|did it done|will-gen2\n","uploadtime":1700380170,"views":9,"p1id":"diditdone","p2id":"fumimico","formatid":"gen9ou","rating":1450,"private":0,"password":""}