{"id":"gen9ou-1991713324","p1":"NewbyScooby","p2":"K4R105","format":"[Gen 9] OU","log":"|j|\u2606NewbyScooby\n|j|\u2606K4R105\n|t:|1700105855\n|gametype|singles\n|player|p1|NewbyScooby|benga|1153\n|player|p2|K4R105|youngster|1125\n|teamsize|p1|6\n|teamsize|p2|6\n|gen|9\n|tier|[Gen 9] OU\n|rated|\n|rule|Sleep Clause Mod: Limit one foe put to sleep\n|rule|Species Clause: Limit one of each Pok\u00e9mon\n|rule|OHKO Clause: OHKO moves are banned\n|rule|Evasion Items Clause: Evasion items are banned\n|rule|Evasion Moves Clause: Evasion moves are banned\n|rule|Endless Battle Clause: Forcing endless battles is banned\n|rule|HP Percentage Mod: HP is shown in percentages\n|clearpoke\n|poke|p1|Alomomola, F|\n|poke|p1|Slowking-Galar, F|\n|poke|p1|Kingambit, F|\n|poke|p1|Great Tusk|\n|poke|p1|Cinderace, F|\n|poke|p1|Thundurus-Therian, M|\n|poke|p2|Rillaboom, F|\n|poke|p2|Brambleghast, M|\n|poke|p2|Clodsire, F|\n|poke|p2|Barraskewda, M|\n|poke|p2|Iron Hands|\n|poke|p2|Enamorus-Therian, F|\n|teampreview\n|\n|t:|1700105866\n|start\n|switch|p1a: Great Tusk|Great Tusk|100\/100\n|switch|p2a: Rillaboom|Rillaboom, F, shiny|100\/100\n|-fieldstart|move: Grassy Terrain|[from] ability: Grassy Surge|[of] p2a: Rillaboom\n|turn|1\n|\n|t:|1700105879\n|-end|p1a: Great Tusk|Protosynthesis|[silent]\n|switch|p1a: Thundurus|Thundurus-Therian, M|100\/100\n|move|p2a: Rillaboom|Knock Off|p1a: Thundurus\n|-damage|p1a: Thundurus|59\/100\n|-enditem|p1a: Thundurus|Choice Specs|[from] move: Knock Off|[of] p2a: Rillaboom\n|\n|upkeep\n|turn|2\n|\n|t:|1700105910\n|move|p1a: Thundurus|Knock Off|p2a: Rillaboom\n|-damage|p2a: Rillaboom|86\/100\n|-enditem|p2a: Rillaboom|Terrain Extender|[from] move: Knock Off|[of] p1a: Thundurus\n|move|p2a: Rillaboom|Leech Seed|p1a: Thundurus\n|-start|p1a: Thundurus|move: Leech Seed\n|\n|-heal|p2a: Rillaboom|92\/100|[from] Grassy Terrain\n|-damage|p1a: Thundurus|47\/100|[from] Leech Seed|[of] p2a: Rillaboom\n|-heal|p2a: Rillaboom|100\/100|[silent]\n|upkeep\n|turn|3\n|\n|t:|1700105920\n|switch|p1a: Slowking|Slowking-Galar, F|100\/100\n|move|p2a: Rillaboom|U-turn|p1a: Slowking\n|-damage|p1a: Slowking|80\/100\n|\n|t:|1700105928\n|switch|p2a: Brambleghast|Brambleghast, M, shiny|100\/100|[from] U-turn\n|\n|-heal|p1a: Slowking|86\/100|[from] Grassy Terrain\n|upkeep\n|turn|4\n|\n|t:|1700105942\n|move|p2a: Brambleghast|Poltergeist|p1a: Slowking\n|-activate|p1a: Slowking|move: Poltergeist|Heavy-Duty Boots\n|-supereffective|p1a: Slowking\n|-damage|p1a: Slowking|0 fnt\n|faint|p1a: Slowking\n|-damage|p2a: Brambleghast|91\/100|[from] item: Life Orb\n|\n|-heal|p2a: Brambleghast|97\/100|[from] Grassy Terrain\n|upkeep\n|\n|t:|1700105952\n|switch|p1a: Kingambit|Kingambit, F|100\/100\n|-activate|p1a: Kingambit|ability: Supreme Overlord\n|-start|p1a: Kingambit|fallen1|[silent]\n|turn|5\n|\n|t:|1700105958\n|switch|p2a: Enamorus|Enamorus-Therian, F|100\/100\n|move|p1a: Kingambit|Swords Dance|p1a: Kingambit\n|-boost|p1a: Kingambit|atk|2\n|\n|upkeep\n|turn|6\n|\n|t:|1700105967\n|-terastallize|p1a: Kingambit|Flying\n|move|p1a: Kingambit|Iron Head|p2a: Enamorus\n|-supereffective|p2a: Enamorus\n|-damage|p2a: Enamorus|0 fnt\n|faint|p2a: Enamorus\n|\n|upkeep\n|\n|t:|1700105971\n|switch|p2a: Iron Hands|Iron Hands|100\/100\n|turn|7\n|\n|t:|1700105989\n|-end|p1a: Kingambit|fallen1|[silent]\n|switch|p1a: Great Tusk|Great Tusk|100\/100\n|move|p2a: Iron Hands|Thunder Punch|p1a: Great Tusk\n|-immune|p1a: Great Tusk\n|\n|upkeep\n|turn|8\n|\n|t:|1700106001\n|move|p1a: Great Tusk|Stealth Rock|p2a: Iron Hands\n|-sidestart|p2: K4R105|move: Stealth Rock\n|move|p2a: Iron Hands|Ice Punch|p1a: Great Tusk\n|-supereffective|p1a: Great Tusk\n|-damage|p1a: Great Tusk|49\/100\n|\n|-heal|p1a: Great Tusk|55\/100|[from] Grassy Terrain\n|-fieldend|move: Grassy Terrain\n|upkeep\n|turn|9\n|\n|t:|1700106012\n|-end|p2a: Iron Hands|Quark Drive|[silent]\n|switch|p2a: Rillaboom|Rillaboom, F, shiny|100\/100\n|-damage|p2a: Rillaboom|88\/100|[from] Stealth Rock\n|-fieldstart|move: Grassy Terrain|[from] ability: Grassy Surge|[of] p2a: Rillaboom\n|move|p1a: Great Tusk|Headlong Rush|p2a: Rillaboom\n|-resisted|p2a: Rillaboom\n|-damage|p2a: Rillaboom|69\/100\n|-unboost|p1a: Great Tusk|def|1\n|-unboost|p1a: Great Tusk|spd|1\n|\n|-heal|p1a: Great Tusk|62\/100|[from] Grassy Terrain\n|-heal|p2a: Rillaboom|75\/100|[from] Grassy Terrain\n|upkeep\n|turn|10\n|\n|t:|1700106027\n|-end|p1a: Great Tusk|Protosynthesis|[silent]\n|switch|p1a: Kingambit|Kingambit, F, tera:Flying|100\/100\n|-activate|p1a: Kingambit|ability: Supreme Overlord\n|-start|p1a: Kingambit|fallen1|[silent]\n|move|p2a: Rillaboom|Knock Off|p1a: Kingambit\n|-damage|p1a: Kingambit|81\/100\n|-enditem|p1a: Kingambit|Leftovers|[from] move: Knock Off|[of] p2a: Rillaboom\n|\n|-heal|p2a: Rillaboom|81\/100|[from] Grassy Terrain\n|upkeep\n|turn|11\n|\n|t:|1700106041\n|move|p2a: Rillaboom|Taunt|p1a: Kingambit\n|-start|p1a: Kingambit|move: Taunt\n|cant|p1a: Kingambit|move: Taunt|Swords Dance\n|\n|-heal|p2a: Rillaboom|87\/100|[from] Grassy Terrain\n|upkeep\n|turn|12\n|\n|t:|1700106054\n|-end|p1a: Kingambit|fallen1|[silent]\n|switch|p1a: Cinderace|Cinderace, F|100\/100\n|move|p2a: Rillaboom|Leech Seed|p1a: Cinderace\n|-start|p1a: Cinderace|move: Leech Seed\n|\n|-heal|p2a: Rillaboom|94\/100|[from] Grassy Terrain\n|-damage|p1a: Cinderace|88\/100|[from] Leech Seed|[of] p2a: Rillaboom\n|-heal|p2a: Rillaboom|100\/100|[silent]\n|upkeep\n|turn|13\n|\n|t:|1700106068\n|move|p1a: Cinderace|Pyro Ball|p2a: Rillaboom\n|-supereffective|p2a: Rillaboom\n|-damage|p2a: Rillaboom|23\/100\n|move|p2a: Rillaboom|Knock Off|p1a: Cinderace\n|-damage|p1a: Cinderace|47\/100\n|-enditem|p1a: Cinderace|Heavy-Duty Boots|[from] move: Knock Off|[of] p2a: Rillaboom\n|\n|-heal|p1a: Cinderace|53\/100|[from] Grassy Terrain\n|-heal|p2a: Rillaboom|29\/100|[from] Grassy Terrain\n|-damage|p1a: Cinderace|41\/100|[from] Leech Seed|[of] p2a: Rillaboom\n|-heal|p2a: Rillaboom|38\/100|[silent]\n|-fieldend|move: Grassy Terrain\n|upkeep\n|turn|14\n|\n|t:|1700106078\n|switch|p2a: Barraskewda|Barraskewda, M|100\/100\n|-damage|p2a: Barraskewda|88\/100|[from] Stealth Rock\n|move|p1a: Cinderace|Pyro Ball|p2a: Barraskewda\n|-resisted|p2a: Barraskewda\n|-damage|p2a: Barraskewda|34\/100\n|\n|-damage|p1a: Cinderace|29\/100|[from] Leech Seed|[of] p2a: Barraskewda\n|-heal|p2a: Barraskewda|48\/100|[silent]\n|upkeep\n|turn|15\n|\n|t:|1700106097\n|switch|p1a: Kingambit|Kingambit, F, tera:Flying|81\/100\n|-activate|p1a: Kingambit|ability: Supreme Overlord\n|-start|p1a: Kingambit|fallen1|[silent]\n|move|p2a: Barraskewda|Flip Turn|p1a: Kingambit\n|-damage|p1a: Kingambit|53\/100\n|-damage|p2a: Barraskewda|38\/100|[from] item: Life Orb\n|\n|t:|1700106109\n|switch|p2a: Iron Hands|Iron Hands|100\/100|[from] Flip Turn\n|-damage|p2a: Iron Hands|94\/100|[from] Stealth Rock\n|\n|upkeep\n|turn|16\n|\n|t:|1700106119\n|-end|p1a: Kingambit|fallen1|[silent]\n|switch|p1a: Great Tusk|Great Tusk|62\/100\n|move|p2a: Iron Hands|Ice Punch|p1a: Great Tusk\n|-supereffective|p1a: Great Tusk\n|-damage|p1a: Great Tusk|13\/100\n|\n|upkeep\n|turn|17\n|\n|t:|1700106168\n|-terastallize|p2a: Iron Hands|Fighting\n|move|p1a: Great Tusk|Headlong Rush|p2a: Iron Hands\n|-damage|p2a: Iron Hands|54\/100\n|-unboost|p1a: Great Tusk|def|1\n|-unboost|p1a: Great Tusk|spd|1\n|move|p2a: Iron Hands|Ice Punch|p1a: Great Tusk\n|-supereffective|p1a: Great Tusk\n|-damage|p1a: Great Tusk|0 fnt\n|faint|p1a: Great Tusk\n|-end|p1a: Great Tusk|Protosynthesis|[silent]\n|\n|upkeep\n|inactive|Battle timer is ON: inactive players will automatically lose when time's up. (requested by K4R105)\n|\n|t:|1700106191\n|switch|p1a: Thundurus|Thundurus-Therian, M|47\/100\n|turn|18\n|inactive|NewbyScooby has 120 seconds left.\n|\n|t:|1700106229\n|-end|p2a: Iron Hands|Quark Drive|[silent]\n|switch|p2a: Clodsire|Clodsire, F, shiny|100\/100\n|-damage|p2a: Clodsire|94\/100|[from] Stealth Rock\n|move|p1a: Thundurus|Knock Off|p2a: Clodsire\n|-damage|p2a: Clodsire|70\/100\n|-enditem|p2a: Clodsire|Black Sludge|[from] move: Knock Off|[of] p1a: Thundurus\n|\n|upkeep\n|turn|19\n|inactive|NewbyScooby has 120 seconds left.\n|inactive|NewbyScooby has 90 seconds left.\n|\n|t:|1700106270\n|switch|p1a: Alomomola|Alomomola, F|100\/100\n|move|p2a: Clodsire|Yawn|p1a: Alomomola\n|-start|p1a: Alomomola|move: Yawn|[of] p2a: Clodsire\n|\n|upkeep\n|turn|20\n|\n|t:|1700106276\n|move|p1a: Alomomola|Flip Turn|p2a: Clodsire\n|-heal|p2a: Clodsire|95\/100|[from] ability: Water Absorb|[of] p1a: Alomomola\n|move|p2a: Clodsire|Spikes|p1a: Alomomola\n|-sidestart|p1: NewbyScooby|Spikes\n|\n|-end|p1a: Alomomola|move: Yawn|[silent]\n|-status|p1a: Alomomola|slp\n|upkeep\n|turn|21\n|\n|t:|1700106290\n|cant|p1a: Alomomola|slp\n|move|p2a: Clodsire|Spikes|p1a: Alomomola\n|-sidestart|p1: NewbyScooby|Spikes\n|\n|upkeep\n|turn|22\n|\n|t:|1700106294\n|cant|p1a: Alomomola|slp\n|move|p2a: Clodsire|Spikes|p1a: Alomomola\n|-sidestart|p1: NewbyScooby|Spikes\n|\n|upkeep\n|turn|23\n|\n|t:|1700106301\n|switch|p2a: Rillaboom|Rillaboom, F, shiny|38\/100\n|-damage|p2a: Rillaboom|26\/100|[from] Stealth Rock\n|-fieldstart|move: Grassy Terrain|[from] ability: Grassy Surge|[of] p2a: Rillaboom\n|-curestatus|p1a: Alomomola|slp|[msg]\n|move|p1a: Alomomola|Wish|p1a: Alomomola\n|\n|-heal|p2a: Rillaboom|32\/100|[from] Grassy Terrain\n|upkeep\n|turn|24\n|inactive|NewbyScooby has 120 seconds left.\n|\n|t:|1700106319\n|move|p2a: Rillaboom|Leech Seed|p1a: Alomomola\n|-start|p1a: Alomomola|move: Leech Seed\n|move|p1a: Alomomola|Acrobatics|p2a: Rillaboom\n|-supereffective|p2a: Rillaboom\n|-damage|p2a: Rillaboom|20\/100\n|\n|-heal|p2a: Rillaboom|26\/100|[from] Grassy Terrain\n|-damage|p1a: Alomomola|88\/100|[from] Leech Seed|[of] p2a: Rillaboom\n|-heal|p2a: Rillaboom|40\/100|[silent]\n|upkeep\n|turn|25\n|inactive|NewbyScooby has 120 seconds left.\n|\n|t:|1700106327\n|move|p2a: Rillaboom|Taunt|p1a: Alomomola\n|-start|p1a: Alomomola|move: Taunt\n|move|p1a: Alomomola|Acrobatics|p2a: Rillaboom\n|-supereffective|p2a: Rillaboom\n|-damage|p2a: Rillaboom|27\/100\n|\n|-heal|p2a: Rillaboom|33\/100|[from] Grassy Terrain\n|-heal|p1a: Alomomola|94\/100|[from] Grassy Terrain\n|-damage|p1a: Alomomola|82\/100|[from] Leech Seed|[of] p2a: Rillaboom\n|-heal|p2a: Rillaboom|47\/100|[silent]\n|upkeep\n|turn|26\n|\n|t:|1700106342\n|move|p2a: Rillaboom|U-turn|p1a: Alomomola\n|-damage|p1a: Alomomola|70\/100\n|-enditem|p1a: Alomomola|Red Card|[of] p2a: Rillaboom\n|drag|p2a: Brambleghast|Brambleghast, M, shiny|97\/100\n|-damage|p2a: Brambleghast|84\/100|[from] Stealth Rock\n|move|p1a: Alomomola|Acrobatics|p2a: Brambleghast\n|-supereffective|p2a: Brambleghast\n|-damage|p2a: Brambleghast|16\/100\n|\n|-heal|p2a: Brambleghast|22\/100|[from] Grassy Terrain\n|-heal|p1a: Alomomola|76\/100|[from] Grassy Terrain\n|-damage|p1a: Alomomola|64\/100|[from] Leech Seed|[of] p2a: Brambleghast\n|-heal|p2a: Brambleghast|46\/100|[silent]\n|upkeep\n|turn|27\n|inactive|NewbyScooby has 120 seconds left.\n|\n|t:|1700106361\n|move|p2a: Brambleghast|Power Whip|p1a: Alomomola\n|-supereffective|p1a: Alomomola\n|-damage|p1a: Alomomola|0 fnt\n|faint|p1a: Alomomola\n|-damage|p2a: Brambleghast|36\/100|[from] item: Life Orb\n|\n|-heal|p2a: Brambleghast|42\/100|[from] Grassy Terrain\n|-fieldend|move: Grassy Terrain\n|upkeep\n|inactive|NewbyScooby has 120 seconds left.\n|\n|t:|1700106387\n|switch|p1a: Thundurus|Thundurus-Therian, M|47\/100\n|turn|28\n|\n|t:|1700106402\n|move|p2a: Brambleghast|Shadow Sneak|p1a: Thundurus\n|-damage|p1a: Thundurus|11\/100\n|-damage|p2a: Brambleghast|32\/100|[from] item: Life Orb\n|move|p1a: Thundurus|Grass Knot|p2a: Brambleghast\n|-resisted|p2a: Brambleghast\n|-damage|p2a: Brambleghast|24\/100\n|\n|upkeep\n|turn|29\n|\n|t:|1700106413\n|move|p2a: Brambleghast|Shadow Sneak|p1a: Thundurus\n|-damage|p1a: Thundurus|0 fnt\n|faint|p1a: Thundurus\n|-damage|p2a: Brambleghast|14\/100|[from] item: Life Orb\n|\n|upkeep\n|\n|t:|1700106423\n|switch|p1a: Cinderace|Cinderace, F|29\/100\n|-damage|p1a: Cinderace|4\/100|[from] Spikes\n|turn|30\n|\n|t:|1700106440\n|switch|p2a: Clodsire|Clodsire, F, shiny|95\/100\n|-damage|p2a: Clodsire|89\/100|[from] Stealth Rock\n|move|p1a: Cinderace|Court Change|p1a: Cinderace\n|-start|p1a: Cinderace|typechange|Normal|[from] ability: Libero\n|-swapsideconditions\n|-activate|p1a: Cinderace|move: Court Change\n|\n|upkeep\n|turn|31\n|\n|t:|1700106453\n|move|p1a: Cinderace|Pyro Ball|p2a: Clodsire\n|-damage|p2a: Clodsire|47\/100\n|move|p2a: Clodsire|High Horsepower|p1a: Cinderace\n|-damage|p1a: Cinderace|0 fnt\n|faint|p1a: Cinderace\n|\n|upkeep\n|\n|t:|1700106459\n|switch|p1a: Kingambit|Kingambit, F, tera:Flying|53\/100\n|-damage|p1a: Kingambit|28\/100|[from] Stealth Rock\n|-activate|p1a: Kingambit|ability: Supreme Overlord\n|-start|p1a: Kingambit|fallen5|[silent]\n|turn|32\n|\n|t:|1700106469\n|move|p1a: Kingambit|Kowtow Cleave|p2a: Clodsire\n|-damage|p2a: Clodsire|0 fnt\n|faint|p2a: Clodsire\n|\n|upkeep\n|\n|t:|1700106480\n|switch|p2a: Barraskewda|Barraskewda, M|38\/100\n|-damage|p2a: Barraskewda|13\/100|[from] Spikes\n|turn|33\n|\n|t:|1700106484\n|move|p1a: Kingambit|Sucker Punch|p2a: Barraskewda\n|-damage|p2a: Barraskewda|0 fnt\n|faint|p2a: Barraskewda\n|\n|upkeep\n|\n|t:|1700106491\n|switch|p2a: Rillaboom|Rillaboom, F, shiny|47\/100\n|-damage|p2a: Rillaboom|22\/100|[from] Spikes\n|-fieldstart|move: Grassy Terrain|[from] ability: Grassy Surge|[of] p2a: Rillaboom\n|turn|34\n|\n|t:|1700106501\n|move|p1a: Kingambit|Sucker Punch||[still]\n|-fail|p1a: Kingambit\n|move|p2a: Rillaboom|Taunt|p1a: Kingambit\n|-start|p1a: Kingambit|move: Taunt\n|\n|-heal|p2a: Rillaboom|28\/100|[from] Grassy Terrain\n|upkeep\n|turn|35\n|\n|t:|1700106513\n|move|p1a: Kingambit|Sucker Punch||[still]\n|-fail|p1a: Kingambit\n|move|p2a: Rillaboom|Leech Seed|p1a: Kingambit\n|-start|p1a: Kingambit|move: Leech Seed\n|\n|-heal|p2a: Rillaboom|35\/100|[from] Grassy Terrain\n|-damage|p1a: Kingambit|15\/100|[from] Leech Seed|[of] p2a: Rillaboom\n|-heal|p2a: Rillaboom|47\/100|[silent]\n|upkeep\n|turn|36\n|\n|t:|1700106520\n|move|p2a: Rillaboom|U-turn|p1a: Kingambit\n|-resisted|p1a: Kingambit\n|-damage|p1a: Kingambit|8\/100\n|\n|t:|1700106523\n|switch|p2a: Iron Hands|Iron Hands, tera:Fighting|54\/100|[from] U-turn\n|-damage|p2a: Iron Hands|29\/100|[from] Spikes\n|move|p1a: Kingambit|Kowtow Cleave|p2a: Iron Hands\n|-resisted|p2a: Iron Hands\n|-damage|p2a: Iron Hands|6\/100\n|\n|-heal|p2a: Iron Hands|12\/100|[from] Grassy Terrain\n|-damage|p1a: Kingambit|0 fnt|[from] Leech Seed|[of] p2a: Iron Hands\n|-heal|p2a: Iron Hands|18\/100|[silent]\n|faint|p1a: Kingambit\n|-end|p1a: Kingambit|fallen5|[silent]\n|\n|win|K4R105\n|upkeep\n|raw|NewbyScooby's rating: 1153 &rarr; <strong>1126<\/strong><br \/>(-27 for losing)\n|raw|K4R105's rating: 1125 &rarr; <strong>1152<\/strong><br \/>(+27 for winning)\n|c|\u2606NewbyScooby|gg\n|l|\u2606NewbyScooby\n|c|\u2606K4R105|gg\n","uploadtime":1700106550,"views":7,"p1id":"newbyscooby","p2id":"k4r105","formatid":"gen9ou","rating":1126,"private":0,"password":""}