{"id":"gen9ou-1989773158","p1":"FreshPrinceOfTimbs","p2":"thedebatablereaper","format":"[Gen 9] OU","log":"|j|\u2606FreshPrinceOfTimbs\n|j|\u2606thedebatablereaper\n|t:|1699894503\n|gametype|singles\n|player|p1|FreshPrinceOfTimbs|sabrina|1587\n|player|p2|thedebatablereaper|1|1805\n|teamsize|p1|6\n|teamsize|p2|6\n|gen|9\n|tier|[Gen 9] OU\n|rated|\n|rule|Sleep Clause Mod: Limit one foe put to sleep\n|rule|Species Clause: Limit one of each Pok\u00e9mon\n|rule|OHKO Clause: OHKO moves are banned\n|rule|Evasion Items Clause: Evasion items are banned\n|rule|Evasion Moves Clause: Evasion moves are banned\n|rule|Endless Battle Clause: Forcing endless battles is banned\n|rule|HP Percentage Mod: HP is shown in percentages\n|clearpoke\n|poke|p1|Salamence, M|\n|poke|p1|Ogerpon-Cornerstone, F|\n|poke|p1|Thundurus-Therian, M|\n|poke|p1|Gardevoir, F|\n|poke|p1|Scizor, M|\n|poke|p1|Arcanine, M|\n|poke|p2|Gholdengo|\n|poke|p2|Ting-Lu|\n|poke|p2|Ogerpon-Wellspring, F|\n|poke|p2|Kingambit, F|\n|poke|p2|Heatran, F|\n|poke|p2|Iron Valiant|\n|teampreview\n|\n|t:|1699894515\n|start\n|switch|p1a: Ogerpon|Ogerpon-Cornerstone, F|100\/100\n|switch|p2a: Heatran|Heatran, F|100\/100\n|turn|1\n|\n|t:|1699894521\n|move|p1a: Ogerpon|Swords Dance|p1a: Ogerpon\n|-boost|p1a: Ogerpon|atk|2\n|move|p2a: Heatran|Stealth Rock|p1a: Ogerpon\n|-sidestart|p1: FreshPrinceOfTimbs|move: Stealth Rock\n|\n|upkeep\n|turn|2\n|j| ccrespo85\n|\n|t:|1699894529\n|switch|p2a: Gholdengo|Gholdengo|100\/100\n|move|p1a: Ogerpon|Ivy Cudgel|p2a: Gholdengo\n|-resisted|p2a: Gholdengo\n|-damage|p2a: Gholdengo|60\/100\n|\n|-heal|p2a: Gholdengo|66\/100|[from] item: Leftovers\n|upkeep\n|turn|3\n|l| ccrespo85\n|\n|t:|1699894538\n|move|p1a: Ogerpon|Ivy Cudgel|p2a: Gholdengo\n|-resisted|p2a: Gholdengo\n|-damage|p2a: Gholdengo|26\/100\n|move|p2a: Gholdengo|Shadow Ball|p1a: Ogerpon\n|-damage|p1a: Ogerpon|56\/100\n|\n|-heal|p2a: Gholdengo|32\/100|[from] item: Leftovers\n|upkeep\n|turn|4\n|\n|t:|1699894545\n|switch|p2a: Iron Valiant|Iron Valiant|100\/100\n|-enditem|p2a: Iron Valiant|Booster Energy\n|-activate|p2a: Iron Valiant|ability: Quark Drive|[fromitem]\n|-start|p2a: Iron Valiant|quarkdrivespa\n|move|p1a: Ogerpon|Ivy Cudgel|p2a: Iron Valiant\n|-resisted|p2a: Iron Valiant\n|-damage|p2a: Iron Valiant|22\/100\n|\n|upkeep\n|turn|5\n|\n|t:|1699894554\n|switch|p1a: Scizor|Scizor, M|100\/100\n|-damage|p1a: Scizor|88\/100|[from] Stealth Rock\n|move|p2a: Iron Valiant|Vacuum Wave|p1a: Scizor\n|-damage|p1a: Scizor|52\/100\n|\n|upkeep\n|turn|6\n|\n|t:|1699894560\n|-end|p2a: Iron Valiant|Quark Drive|[silent]\n|switch|p2a: Gholdengo|Gholdengo|32\/100\n|move|p1a: Scizor|U-turn|p2a: Gholdengo\n|-resisted|p2a: Gholdengo\n|-damage|p2a: Gholdengo|21\/100\n|\n|t:|1699894585\n|switch|p1a: Arcanine|Arcanine, M|100\/100|[from] U-turn\n|-ability|p1a: Arcanine|Intimidate|boost\n|-unboost|p2a: Gholdengo|atk|1\n|\n|-heal|p2a: Gholdengo|27\/100|[from] item: Leftovers\n|upkeep\n|turn|7\n|\n|t:|1699894597\n|switch|p2a: Ting-Lu|Ting-Lu|100\/100\n|-ability|p2a: Ting-Lu|Vessel of Ruin\n|move|p1a: Arcanine|Bulldoze|p2a: Ting-Lu\n|-damage|p2a: Ting-Lu|92\/100\n|-unboost|p2a: Ting-Lu|spe|1\n|\n|-heal|p2a: Ting-Lu|99\/100|[from] item: Leftovers\n|upkeep\n|turn|8\n|\n|t:|1699894606\n|move|p1a: Arcanine|Will-O-Wisp|p2a: Ting-Lu\n|-status|p2a: Ting-Lu|brn\n|move|p2a: Ting-Lu|Spikes|p1a: Arcanine\n|-sidestart|p1: FreshPrinceOfTimbs|Spikes\n|\n|-heal|p2a: Ting-Lu|100\/100 brn|[from] item: Leftovers\n|-damage|p2a: Ting-Lu|94\/100 brn|[from] brn\n|upkeep\n|turn|9\n|\n|t:|1699894613\n|switch|p1a: Scizor|Scizor, M|52\/100\n|-damage|p1a: Scizor|40\/100|[from] Stealth Rock\n|-damage|p1a: Scizor|28\/100|[from] Spikes\n|move|p2a: Ting-Lu|Spikes|p1a: Scizor\n|-sidestart|p1: FreshPrinceOfTimbs|Spikes\n|\n|-heal|p2a: Ting-Lu|100\/100 brn|[from] item: Leftovers\n|-damage|p2a: Ting-Lu|94\/100 brn|[from] brn\n|upkeep\n|turn|10\n|\n|t:|1699894623\n|switch|p2a: Gholdengo|Gholdengo|27\/100\n|move|p1a: Scizor|Defog|p2a: Gholdengo\n|-immune|p2a: Gholdengo|[from] ability: Good as Gold\n|\n|-heal|p2a: Gholdengo|34\/100|[from] item: Leftovers\n|upkeep\n|turn|11\n|\n|t:|1699894640\n|switch|p1a: Arcanine|Arcanine, M|100\/100\n|-ability|p1a: Arcanine|Intimidate|boost\n|-unboost|p2a: Gholdengo|atk|1\n|move|p2a: Gholdengo|Recover|p2a: Gholdengo\n|-heal|p2a: Gholdengo|84\/100\n|\n|-heal|p2a: Gholdengo|90\/100|[from] item: Leftovers\n|upkeep\n|turn|12\n|\n|t:|1699894649\n|switch|p2a: Ting-Lu|Ting-Lu|94\/100 brn\n|-ability|p2a: Ting-Lu|Vessel of Ruin\n|move|p1a: Arcanine|Flamethrower|p2a: Ting-Lu\n|-damage|p2a: Ting-Lu|82\/100 brn\n|\n|-heal|p2a: Ting-Lu|88\/100 brn|[from] item: Leftovers\n|-damage|p2a: Ting-Lu|82\/100 brn|[from] brn\n|upkeep\n|turn|13\n|\n|t:|1699894658\n|switch|p1a: Gardevoir|Gardevoir, F|100\/100\n|-damage|p1a: Gardevoir|88\/100|[from] Stealth Rock\n|-damage|p1a: Gardevoir|72\/100|[from] Spikes\n|-ability|p1a: Gardevoir|Vessel of Ruin\n|-ability|p1a: Gardevoir|Vessel of Ruin|[from] ability: Trace|[of] p2a: Ting-Lu\n|move|p2a: Ting-Lu|Spikes|p1a: Gardevoir\n|-sidestart|p1: FreshPrinceOfTimbs|Spikes\n|\n|-heal|p2a: Ting-Lu|88\/100 brn|[from] item: Leftovers\n|-damage|p2a: Ting-Lu|82\/100 brn|[from] brn\n|upkeep\n|turn|14\n|\n|t:|1699894670\n|move|p1a: Gardevoir|Moonblast|p2a: Ting-Lu\n|-supereffective|p2a: Ting-Lu\n|-damage|p2a: Ting-Lu|37\/100 brn\n|-unboost|p2a: Ting-Lu|spa|1\n|move|p2a: Ting-Lu|Whirlwind|p1a: Gardevoir\n|drag|p1a: Thundurus|Thundurus-Therian, M|100\/100\n|-damage|p1a: Thundurus|76\/100|[from] Stealth Rock\n|\n|-heal|p2a: Ting-Lu|43\/100 brn|[from] item: Leftovers\n|-damage|p2a: Ting-Lu|37\/100 brn|[from] brn\n|upkeep\n|turn|15\n|\n|t:|1699894680\n|move|p1a: Thundurus|Grass Knot|p2a: Ting-Lu\n|-supereffective|p2a: Ting-Lu\n|-damage|p2a: Ting-Lu|0 fnt\n|faint|p2a: Ting-Lu\n|\n|upkeep\n|\n|t:|1699894692\n|switch|p2a: Heatran|Heatran, F|100\/100\n|turn|16\n|\n|t:|1699894698\n|switch|p1a: Arcanine|Arcanine, M|100\/100\n|-ability|p1a: Arcanine|Intimidate|boost\n|-unboost|p2a: Heatran|atk|1\n|move|p2a: Heatran|Magma Storm|p1a: Arcanine\n|-resisted|p1a: Arcanine\n|-damage|p1a: Arcanine|79\/100\n|-activate|p1a: Arcanine|move: Magma Storm|[of] p2a: Heatran\n|\n|-damage|p1a: Arcanine|67\/100|[from] move: Magma Storm|[partiallytrapped]\n|upkeep\n|turn|17\n|\n|t:|1699894709\n|switch|p2a: Ogerpon|Ogerpon-Wellspring, F|100\/100\n|move|p1a: Arcanine|Bulldoze|p2a: Ogerpon\n|-resisted|p2a: Ogerpon\n|-damage|p2a: Ogerpon|92\/100\n|-unboost|p2a: Ogerpon|spe|1\n|\n|-end|p1a: Arcanine|Magma Storm|[partiallytrapped]|[silent]\n|upkeep\n|turn|18\n|\n|t:|1699894717\n|switch|p2a: Iron Valiant|Iron Valiant|22\/100\n|move|p1a: Arcanine|Will-O-Wisp|p2a: Iron Valiant\n|-status|p2a: Iron Valiant|brn\n|\n|-damage|p2a: Iron Valiant|16\/100 brn|[from] brn\n|upkeep\n|turn|19\n|\n|t:|1699894726\n|switch|p1a: Gardevoir|Gardevoir, F|72\/100\n|-damage|p1a: Gardevoir|59\/100|[from] Stealth Rock\n|-damage|p1a: Gardevoir|34\/100|[from] Spikes\n|move|p2a: Iron Valiant|Psyshock|p1a: Gardevoir\n|-resisted|p1a: Gardevoir\n|-crit|p1a: Gardevoir\n|-damage|p1a: Gardevoir|4\/100\n|\n|-damage|p2a: Iron Valiant|9\/100 brn|[from] brn\n|upkeep\n|turn|20\n|\n|t:|1699894735\n|move|p2a: Iron Valiant|Vacuum Wave|p1a: Gardevoir\n|-resisted|p1a: Gardevoir\n|-damage|p1a: Gardevoir|2\/100\n|move|p1a: Gardevoir|Psyshock|p2a: Iron Valiant\n|-supereffective|p2a: Iron Valiant\n|-damage|p2a: Iron Valiant|0 fnt\n|faint|p2a: Iron Valiant\n|-end|p2a: Iron Valiant|Quark Drive|[silent]\n|\n|upkeep\n|\n|t:|1699894742\n|switch|p2a: Kingambit|Kingambit, F|100\/100\n|-ability|p1a: Gardevoir|Supreme Overlord|[from] ability: Trace|[of] p2a: Kingambit\n|-activate|p2a: Kingambit|ability: Supreme Overlord\n|-start|p2a: Kingambit|fallen2|[silent]\n|turn|21\n|\n|t:|1699894749\n|move|p1a: Gardevoir|Focus Blast|p2a: Kingambit\n|-supereffective|p2a: Kingambit\n|-damage|p2a: Kingambit|0 fnt\n|faint|p2a: Kingambit\n|-end|p2a: Kingambit|fallen2|[silent]\n|\n|upkeep\n|\n|t:|1699894754\n|switch|p2a: Ogerpon|Ogerpon-Wellspring, F|92\/100\n|turn|22\n|\n|t:|1699894758\n|move|p2a: Ogerpon|Swords Dance|p2a: Ogerpon\n|-boost|p2a: Ogerpon|atk|2\n|move|p1a: Gardevoir|Moonblast|p2a: Ogerpon\n|-damage|p2a: Ogerpon|41\/100\n|\n|upkeep\n|turn|23\n|\n|t:|1699894763\n|move|p2a: Ogerpon|Horn Leech|p1a: Gardevoir\n|-damage|p1a: Gardevoir|0 fnt\n|-heal|p2a: Ogerpon|42\/100|[from] drain|[of] p1a: Gardevoir\n|faint|p1a: Gardevoir\n|-end|p1a: Gardevoir|fallenundefined|[silent]\n|\n|upkeep\n|\n|t:|1699894767\n|switch|p1a: Arcanine|Arcanine, M|67\/100\n|-ability|p1a: Arcanine|Intimidate|boost\n|-unboost|p2a: Ogerpon|atk|1\n|turn|24\n|\n|t:|1699894772\n|-terastallize|p1a: Arcanine|Dragon\n|move|p2a: Ogerpon|Ivy Cudgel|p1a: Arcanine\n|-resisted|p1a: Arcanine\n|-damage|p1a: Arcanine|33\/100\n|move|p1a: Arcanine|Will-O-Wisp|p2a: Ogerpon\n|-status|p2a: Ogerpon|brn\n|\n|-damage|p2a: Ogerpon|36\/100 brn|[from] brn\n|upkeep\n|turn|25\n|\n|t:|1699894781\n|move|p2a: Ogerpon|Knock Off|p1a: Arcanine\n|-damage|p1a: Arcanine|11\/100\n|-enditem|p1a: Arcanine|Heavy-Duty Boots|[from] move: Knock Off|[of] p2a: Ogerpon\n|move|p1a: Arcanine|Morning Sun|p1a: Arcanine\n|-heal|p1a: Arcanine|61\/100\n|\n|-damage|p2a: Ogerpon|30\/100 brn|[from] brn\n|upkeep\n|turn|26\n|\n|t:|1699894799\n|switch|p2a: Gholdengo|Gholdengo|90\/100\n|move|p1a: Arcanine|Morning Sun|p1a: Arcanine\n|-heal|p1a: Arcanine|100\/100\n|\n|-heal|p2a: Gholdengo|96\/100|[from] item: Leftovers\n|upkeep\n|turn|27\n|\n|t:|1699894806\n|move|p1a: Arcanine|Flamethrower|p2a: Gholdengo\n|-supereffective|p2a: Gholdengo\n|-damage|p2a: Gholdengo|40\/100\n|move|p2a: Gholdengo|Thunder Wave|p1a: Arcanine\n|-status|p1a: Arcanine|par\n|\n|-heal|p2a: Gholdengo|46\/100|[from] item: Leftovers\n|upkeep\n|turn|28\n|\n|t:|1699894813\n|move|p2a: Gholdengo|Recover|p2a: Gholdengo\n|-heal|p2a: Gholdengo|96\/100\n|move|p1a: Arcanine|Flamethrower|p2a: Gholdengo\n|-supereffective|p2a: Gholdengo\n|-crit|p2a: Gholdengo\n|-damage|p2a: Gholdengo|0 fnt\n|faint|p2a: Gholdengo\n|\n|upkeep\n|\n|t:|1699894820\n|switch|p2a: Heatran|Heatran, F|100\/100\n|turn|29\n|\n|t:|1699894825\n|move|p2a: Heatran|Magma Storm|p1a: Arcanine\n|-resisted|p1a: Arcanine\n|-damage|p1a: Arcanine|79\/100 par\n|-activate|p1a: Arcanine|move: Magma Storm|[of] p2a: Heatran\n|move|p1a: Arcanine|Bulldoze|p2a: Heatran\n|-supereffective|p2a: Heatran\n|-damage|p2a: Heatran|56\/100\n|-unboost|p2a: Heatran|spe|1\n|\n|-heal|p2a: Heatran|62\/100|[from] item: Leftovers\n|-damage|p1a: Arcanine|67\/100 par|[from] move: Magma Storm|[partiallytrapped]\n|upkeep\n|turn|30\n|\n|t:|1699894834\n|move|p2a: Heatran|Earth Power|p1a: Arcanine\n|-damage|p1a: Arcanine|42\/100 par\n|move|p1a: Arcanine|Bulldoze|p2a: Heatran\n|-supereffective|p2a: Heatran\n|-damage|p2a: Heatran|19\/100\n|-unboost|p2a: Heatran|spe|1\n|\n|-heal|p2a: Heatran|25\/100|[from] item: Leftovers\n|-damage|p1a: Arcanine|30\/100 par|[from] move: Magma Storm|[partiallytrapped]\n|upkeep\n|turn|31\n|\n|t:|1699894843\n|move|p1a: Arcanine|Bulldoze|p2a: Heatran\n|-supereffective|p2a: Heatran\n|-damage|p2a: Heatran|0 fnt\n|faint|p2a: Heatran\n|\n|-end|p1a: Arcanine|Magma Storm|[partiallytrapped]|[silent]\n|upkeep\n|-message|thedebatablereaper forfeited.\n|\n|win|FreshPrinceOfTimbs\n|raw|FreshPrinceOfTimbs's rating: 1587 &rarr; <strong>1618<\/strong><br \/>(+31 for winning)\n|raw|thedebatablereaper's rating: 1805 &rarr; <strong>1774<\/strong><br \/>(-31 for losing)\n|l|\u2606thedebatablereaper\n|l|\u2606FreshPrinceOfTimbs\n|j|\u2606FreshPrinceOfTimbs\n|player|p1|FreshPrinceOfTimbs|sabrina\n","uploadtime":1699894936,"views":10,"p1id":"freshprinceoftimbs","p2id":"thedebatablereaper","formatid":"gen9ou","rating":1618,"private":0,"password":""}