{"id":"gen9ou-1994849378","p1":"alejandrx","p2":"LittleRek2","format":"[Gen 9] OU","log":"|j|\u2606alejandrx\n|j|\u2606LittleRek2\n|t:|1700498426\n|gametype|singles\n|player|p1|alejandrx|102|1204\n|player|p2|LittleRek2|cynthia|1288\n|teamsize|p1|6\n|teamsize|p2|6\n|gen|9\n|tier|[Gen 9] OU\n|rated|\n|rule|Sleep Clause Mod: Limit one foe put to sleep\n|rule|Species Clause: Limit one of each Pok\u00e9mon\n|rule|OHKO Clause: OHKO moves are banned\n|rule|Evasion Items Clause: Evasion items are banned\n|rule|Evasion Moves Clause: Evasion moves are banned\n|rule|Endless Battle Clause: Forcing endless battles is banned\n|rule|HP Percentage Mod: HP is shown in percentages\n|clearpoke\n|poke|p1|Great Tusk|\n|poke|p1|Umbreon, F|\n|poke|p1|Scizor, M|\n|poke|p1|Slowbro, F|\n|poke|p1|Heatran, F|\n|poke|p1|Manaphy|\n|poke|p2|Dragonite, F|\n|poke|p2|Manaphy|\n|poke|p2|Cinderace, F|\n|poke|p2|Gengar, M|\n|poke|p2|Hoopa-Unbound|\n|poke|p2|Hatterene, F|\n|teampreview\n|inactive|Battle timer is ON: inactive players will automatically lose when time's up. (requested by LittleRek2)\n|\n|t:|1700498443\n|start\n|switch|p1a: Umbreon|Umbreon, F|100\/100\n|switch|p2a: Dragonite|Dragonite, F|100\/100\n|turn|1\n|\n|t:|1700498465\n|switch|p1a: Great Tusk|Great Tusk|100\/100\n|-enditem|p1a: Great Tusk|Booster Energy\n|-activate|p1a: Great Tusk|ability: Protosynthesis|[fromitem]\n|-start|p1a: Great Tusk|protosynthesisspe\n|move|p2a: Dragonite|Dragon Dance|p2a: Dragonite\n|-boost|p2a: Dragonite|atk|1\n|-boost|p2a: Dragonite|spe|1\n|\n|upkeep\n|turn|2\n|\n|t:|1700498476\n|-terastallize|p2a: Dragonite|Normal\n|move|p2a: Dragonite|Extreme Speed|p1a: Great Tusk\n|-damage|p1a: Great Tusk|63\/100\n|move|p1a: Great Tusk|Ice Spinner|p2a: Dragonite\n|-damage|p2a: Dragonite|87\/100\n|\n|upkeep\n|turn|3\n|\n|t:|1700498491\n|move|p2a: Dragonite|Extreme Speed|p1a: Great Tusk\n|-damage|p1a: Great Tusk|24\/100\n|move|p1a: Great Tusk|Close Combat|p2a: Dragonite\n|-supereffective|p2a: Dragonite\n|-damage|p2a: Dragonite|0 fnt\n|-unboost|p1a: Great Tusk|def|1\n|-unboost|p1a: Great Tusk|spd|1\n|faint|p2a: Dragonite\n|\n|upkeep\n|\n|t:|1700498513\n|switch|p2a: Cinderace|Cinderace, F|100\/100\n|turn|4\n|\n|t:|1700498530\n|-end|p1a: Great Tusk|Protosynthesis|[silent]\n|switch|p1a: Slowbro|Slowbro, F|100\/100\n|move|p2a: Cinderace|Sucker Punch||[still]\n|-fail|p2a: Cinderace\n|\n|upkeep\n|turn|5\n|\n|t:|1700498541\n|move|p2a: Cinderace|U-turn|p1a: Slowbro\n|-start|p2a: Cinderace|typechange|Bug|[from] ability: Libero\n|-supereffective|p1a: Slowbro\n|-damage|p1a: Slowbro|50\/100\n|-damage|p2a: Cinderace|91\/100|[from] item: Life Orb\n|\n|t:|1700498548\n|switch|p2a: Manaphy|Manaphy|100\/100|[from] U-turn\n|move|p1a: Slowbro|Scald|p2a: Manaphy\n|-resisted|p2a: Manaphy\n|-damage|p2a: Manaphy|86\/100\n|\n|-heal|p1a: Slowbro|56\/100|[from] item: Leftovers\n|upkeep\n|turn|6\n|\n|t:|1700498563\n|switch|p1a: Umbreon|Umbreon, F|100\/100\n|move|p2a: Manaphy|Tail Glow|p2a: Manaphy\n|-boost|p2a: Manaphy|spa|3\n|\n|upkeep\n|turn|7\n|\n|t:|1700498569\n|move|p2a: Manaphy|Surf|p1a: Umbreon\n|-damage|p1a: Umbreon|46\/100\n|move|p1a: Umbreon|Toxic|p2a: Manaphy\n|-status|p2a: Manaphy|tox\n|\n|-heal|p1a: Umbreon|52\/100|[from] item: Leftovers\n|-damage|p2a: Manaphy|80\/100 tox|[from] psn\n|upkeep\n|turn|8\n|\n|t:|1700498578\n|move|p1a: Umbreon|Protect|p1a: Umbreon\n|-singleturn|p1a: Umbreon|Protect\n|move|p2a: Manaphy|Surf|p1a: Umbreon\n|-activate|p1a: Umbreon|move: Protect\n|\n|-heal|p1a: Umbreon|58\/100|[from] item: Leftovers\n|-damage|p2a: Manaphy|68\/100 tox|[from] psn\n|upkeep\n|turn|9\n|\n|t:|1700498597\n|move|p2a: Manaphy|Tail Glow|p2a: Manaphy\n|-boost|p2a: Manaphy|spa|3\n|move|p1a: Umbreon|Foul Play|p2a: Manaphy\n|-damage|p2a: Manaphy|41\/100 tox\n|\n|-heal|p1a: Umbreon|64\/100|[from] item: Leftovers\n|-damage|p2a: Manaphy|22\/100 tox|[from] psn\n|upkeep\n|-enditem|p2a: Manaphy|Salac Berry|[eat]\n|-boost|p2a: Manaphy|spe|1|[from] item: Salac Berry\n|turn|10\n|\n|t:|1700498613\n|move|p1a: Umbreon|Protect|p1a: Umbreon\n|-singleturn|p1a: Umbreon|Protect\n|move|p2a: Manaphy|Surf|p1a: Umbreon\n|-activate|p1a: Umbreon|move: Protect\n|\n|-heal|p1a: Umbreon|71\/100|[from] item: Leftovers\n|-damage|p2a: Manaphy|0 fnt|[from] psn\n|faint|p2a: Manaphy\n|upkeep\n|\n|t:|1700498624\n|switch|p2a: Cinderace|Cinderace, F|91\/100\n|turn|11\n|\n|t:|1700498633\n|switch|p1a: Slowbro|Slowbro, F|90\/100\n|move|p2a: Cinderace|High Jump Kick|p1a: Slowbro\n|-start|p2a: Cinderace|typechange|Fighting|[from] ability: Libero\n|-resisted|p1a: Slowbro\n|-damage|p1a: Slowbro|67\/100\n|-damage|p2a: Cinderace|81\/100|[from] item: Life Orb\n|\n|-heal|p1a: Slowbro|73\/100|[from] item: Leftovers\n|upkeep\n|turn|12\n|\n|t:|1700498652\n|move|p2a: Cinderace|U-turn|p1a: Slowbro\n|-supereffective|p1a: Slowbro\n|-damage|p1a: Slowbro|39\/100\n|-damage|p2a: Cinderace|71\/100|[from] item: Life Orb\n|\n|t:|1700498656\n|switch|p2a: Hatterene|Hatterene, F|100\/100|[from] U-turn\n|move|p1a: Slowbro|Scald|p2a: Hatterene\n|-damage|p2a: Hatterene|72\/100\n|\n|-heal|p1a: Slowbro|45\/100|[from] item: Leftovers\n|-heal|p2a: Hatterene|78\/100|[from] item: Leftovers\n|upkeep\n|turn|13\n|\n|t:|1700498668\n|switch|p1a: Umbreon|Umbreon, F|71\/100\n|move|p2a: Hatterene|Trick Room|p2a: Hatterene\n|-fieldstart|move: Trick Room|[of] p2a: Hatterene\n|\n|-heal|p2a: Hatterene|84\/100|[from] item: Leftovers\n|-heal|p1a: Umbreon|77\/100|[from] item: Leftovers\n|upkeep\n|turn|14\n|\n|t:|1700498685\n|move|p2a: Hatterene|Misty Explosion|p1a: Umbreon\n|-supereffective|p1a: Umbreon\n|-damage|p1a: Umbreon|18\/100\n|faint|p2a: Hatterene\n|move|p1a: Umbreon|Toxic|p2: Hatterene|[notarget]\n|-fail|p1a: Umbreon\n|\n|-heal|p1a: Umbreon|24\/100|[from] item: Leftovers\n|upkeep\n|\n|t:|1700498693\n|switch|p2a: Hoopa|Hoopa-Unbound|100\/100\n|turn|15\n|\n|t:|1700498700\n|move|p1a: Umbreon|Toxic|p2a: Hoopa\n|-status|p2a: Hoopa|tox\n|move|p2a: Hoopa|Hyperspace Fury|p1a: Umbreon\n|-resisted|p1a: Umbreon\n|-damage|p1a: Umbreon|1\/100\n|-unboost|p2a: Hoopa|def|1\n|-item|p2a: Hoopa|Leftovers|[from] ability: Magician|[of] p1a: Umbreon\n|\n|-damage|p2a: Hoopa|94\/100 tox|[from] psn\n|upkeep\n|turn|16\n|\n|t:|1700498711\n|move|p1a: Umbreon|Protect|p1a: Umbreon\n|-singleturn|p1a: Umbreon|Protect\n|move|p2a: Hoopa|Hyperspace Fury|p1a: Umbreon\n|-activate|p1a: Umbreon|move: Hyperspace Fury|[broken]\n|-resisted|p1a: Umbreon\n|-crit|p1a: Umbreon\n|-damage|p1a: Umbreon|0 fnt\n|-unboost|p2a: Hoopa|def|1\n|faint|p1a: Umbreon\n|\n|-heal|p2a: Hoopa|100\/100 tox|[from] item: Leftovers\n|-damage|p2a: Hoopa|88\/100 tox|[from] psn\n|upkeep\n|\n|t:|1700498723\n|switch|p1a: Scizor|Scizor, M|100\/100\n|turn|17\n|\n|t:|1700498729\n|move|p1a: Scizor|U-turn|p2a: Hoopa\n|-supereffective|p2a: Hoopa\n|-damage|p2a: Hoopa|0 fnt\n|faint|p2a: Hoopa\n|-message|LittleRek2 forfeited.\n|\n|win|alejandrx\n|raw|alejandrx's rating: 1204 &rarr; <strong>1235<\/strong><br \/>(+31 for winning)\n|raw|LittleRek2's rating: 1288 &rarr; <strong>1257<\/strong><br \/>(-31 for losing)\n|l|\u2606LittleRek2\n","uploadtime":1700498743,"views":5,"p1id":"alejandrx","p2id":"littlerek2","formatid":"gen9ou","rating":1235,"private":0,"password":""}