{"id":"gen9ou-1992839951","p1":"CrusaderOfCalamity","p2":"volcaronaisboss","format":"[Gen 9] OU","log":"|j|\u2606CrusaderOfCalamity\n|j|\u2606volcaronaisboss\n|inactive|Battle timer is ON: inactive players will automatically lose when time's up.\n|t:|1700239946\n|gametype|singles\n|player|p1|CrusaderOfCalamity|emmet|\n|player|p2|volcaronaisboss|alder|\n|teamsize|p1|3\n|teamsize|p2|3\n|gen|9\n|tier|[Gen 9] OU\n|rated|Tournament battle\n|rule|Sleep Clause Mod: Limit one foe put to sleep\n|rule|Species Clause: Limit one of each Pok\u00e9mon\n|rule|OHKO Clause: OHKO moves are banned\n|rule|Evasion Items Clause: Evasion items are banned\n|rule|Evasion Moves Clause: Evasion moves are banned\n|rule|Endless Battle Clause: Forcing endless battles is banned\n|rule|HP Percentage Mod: HP is shown in percentages\n|clearpoke\n|poke|p1|Conkeldurr, F|\n|poke|p1|Hippowdon, F|\n|poke|p1|Bisharp, M|\n|poke|p2|Haxorus, M|\n|poke|p2|Amoonguss, M|\n|poke|p2|Duskull, F|\n|teampreview\n|inactive|volcaronaisboss also wants the timer to be on.\n|j|*Lady Monita \u2746\n|inactive|CrusaderOfCalamity also wants the timer to be on.\n|j| TJ799\n|\n|t:|1700239967\n|start\n|switch|p1a: Bisharp|Bisharp, M|100\/100\n|switch|p2a: Amoonguss|Amoonguss, M|100\/100\n|turn|1\n|l| TJ799\n|\n|t:|1700239987\n|switch|p2a: Duskull|Duskull, F|100\/100\n|move|p1a: Bisharp|Night Slash|p2a: Duskull\n|-supereffective|p2a: Duskull\n|-damage|p2a: Duskull|11\/100\n|-damage|p1a: Bisharp|91\/100|[from] item: Life Orb\n|\n|upkeep\n|turn|2\n|\n|t:|1700239995\n|move|p1a: Bisharp|Night Slash|p2a: Duskull\n|-supereffective|p2a: Duskull\n|-damage|p2a: Duskull|0 fnt\n|faint|p2a: Duskull\n|-damage|p1a: Bisharp|81\/100|[from] item: Life Orb\n|\n|upkeep\n|\n|t:|1700240001\n|switch|p2a: Haxorus|Haxorus, M|100\/100\n|-ability|p2a: Haxorus|Mold Breaker\n|turn|3\n|\n|t:|1700240008\n|switch|p1a: Hippowdon|Hippowdon, F|100\/100\n|-weather|Sandstorm|[from] ability: Sand Stream|[of] p1a: Hippowdon\n|move|p2a: Haxorus|Close Combat|p1a: Hippowdon\n|-damage|p1a: Hippowdon|65\/100\n|-unboost|p2a: Haxorus|def|1\n|-unboost|p2a: Haxorus|spd|1\n|\n|-weather|Sandstorm|[upkeep]\n|-damage|p2a: Haxorus|94\/100|[from] Sandstorm\n|-heal|p1a: Hippowdon|71\/100|[from] item: Leftovers\n|upkeep\n|turn|4\n|j| Zwellish\n|c|\u2606volcaronaisboss|gg\n|\n|t:|1700240021\n|switch|p2a: Amoonguss|Amoonguss, M|100\/100\n|move|p1a: Hippowdon|Stealth Rock|p2a: Amoonguss\n|-sidestart|p2: volcaronaisboss|move: Stealth Rock\n|\n|-weather|Sandstorm|[upkeep]\n|-damage|p2a: Amoonguss|94\/100|[from] Sandstorm\n|-heal|p1a: Hippowdon|77\/100|[from] item: Leftovers\n|upkeep\n|turn|5\n|\n|t:|1700240027\n|switch|p1a: Bisharp|Bisharp, M|81\/100\n|switch|p2a: Haxorus|Haxorus, M|94\/100\n|-damage|p2a: Haxorus|82\/100|[from] Stealth Rock\n|-ability|p2a: Haxorus|Mold Breaker\n|\n|-weather|Sandstorm|[upkeep]\n|-damage|p2a: Haxorus|76\/100|[from] Sandstorm\n|upkeep\n|turn|6\n|j| Carolina6969\n|j| Mk120\n|\n|t:|1700240038\n|move|p1a: Bisharp|Sucker Punch|p2a: Haxorus\n|-damage|p2a: Haxorus|16\/100\n|-damage|p1a: Bisharp|71\/100|[from] item: Life Orb\n|move|p2a: Haxorus|Close Combat|p1a: Bisharp\n|-supereffective|p1a: Bisharp\n|-damage|p1a: Bisharp|0 fnt\n|-unboost|p2a: Haxorus|def|1\n|-unboost|p2a: Haxorus|spd|1\n|faint|p1a: Bisharp\n|\n|-weather|Sandstorm|[upkeep]\n|-damage|p2a: Haxorus|10\/100|[from] Sandstorm\n|upkeep\n|\n|t:|1700240051\n|switch|p1a: Conkeldurr|Conkeldurr, F|100\/100\n|turn|7\n|\n|t:|1700240056\n|move|p1a: Conkeldurr|Mach Punch|p2a: Haxorus\n|-damage|p2a: Haxorus|0 fnt\n|faint|p2a: Haxorus\n|\n|-weather|none\n|-status|p1a: Conkeldurr|brn|[from] item: Flame Orb\n|upkeep\n|\n|t:|1700240059\n|switch|p2a: Amoonguss|Amoonguss, M|100\/100\n|-damage|p2a: Amoonguss|88\/100|[from] Stealth Rock\n|turn|8\n|\n|t:|1700240070\n|move|p1a: Conkeldurr|Knock Off|p2a: Amoonguss\n|-damage|p2a: Amoonguss|22\/100\n|-damage|p1a: Conkeldurr|84\/100 brn|[from] item: Rocky Helmet|[of] p2a: Amoonguss\n|-enditem|p2a: Amoonguss|Rocky Helmet|[from] move: Knock Off|[of] p1a: Conkeldurr\n|move|p2a: Amoonguss|Sludge Bomb|p1a: Conkeldurr\n|-damage|p1a: Conkeldurr|50\/100 brn\n|\n|-damage|p1a: Conkeldurr|44\/100 brn|[from] brn\n|upkeep\n|turn|9\n|\n|t:|1700240078\n|move|p1a: Conkeldurr|Facade|p2a: Amoonguss\n|-damage|p2a: Amoonguss|0 fnt\n|faint|p2a: Amoonguss\n|\n|win|CrusaderOfCalamity\n|n|\u2606CrusaderOfCalamity|crusaderofcalamity\n|n|\u2606volcaronaisboss|volcaronaisboss\n|n|*Lady Monita \u2746|ladymonita\n|n| Zwellish|zwellish\n|n| Carolina6969|carolina6969\n|n| Mk120|mk120\n","uploadtime":1700240079,"views":9,"p1id":"crusaderofcalamity","p2id":"volcaronaisboss","formatid":"gen9ou","rating":0,"private":0,"password":""}