{"id":"gen9ou-1996451573","p1":"TuPrimaLaCalv4","p2":"PLAYB0I R0BBIE B","format":"[Gen 9] OU","log":"|j|\u2606TuPrimaLaCalv4\n|j|\u2606PLAYB0I R0BBIE B\n|t:|1700683305\n|gametype|singles\n|player|p1|TuPrimaLaCalv4|pokemaniac|1508\n|player|p2|PLAYB0I R0BBIE B|eusine|1424\n|teamsize|p1|6\n|teamsize|p2|6\n|gen|9\n|tier|[Gen 9] OU\n|rated|\n|rule|Sleep Clause Mod: Limit one foe put to sleep\n|rule|Species Clause: Limit one of each Pok\u00e9mon\n|rule|OHKO Clause: OHKO moves are banned\n|rule|Evasion Items Clause: Evasion items are banned\n|rule|Evasion Moves Clause: Evasion moves are banned\n|rule|Endless Battle Clause: Forcing endless battles is banned\n|rule|HP Percentage Mod: HP is shown in percentages\n|clearpoke\n|poke|p1|Kingambit, M|\n|poke|p1|Meowscarada, M|\n|poke|p1|Dragapult, F|\n|poke|p1|Corviknight, M|\n|poke|p1|Garchomp, F|\n|poke|p1|Sinistcha|\n|poke|p2|Zapdos|\n|poke|p2|Azumarill, F|\n|poke|p2|Hoopa-Unbound|\n|poke|p2|Dragapult, F|\n|poke|p2|Garganacl, F|\n|poke|p2|Great Tusk|\n|teampreview\n|inactive|Battle timer is ON: inactive players will automatically lose when time's up. (requested by TuPrimaLaCalv4)\n|\n|t:|1700683313\n|start\n|switch|p1a: Meowscarada|Meowscarada, M|100\/100\n|switch|p2a: Dragapult|Dragapult, F|100\/100\n|turn|1\n|\n|t:|1700683319\n|move|p1a: Meowscarada|Knock Off|p2a: Dragapult\n|-start|p1a: Meowscarada|typechange|Dark|[from] ability: Protean\n|-supereffective|p2a: Dragapult\n|-damage|p2a: Dragapult|0 fnt\n|-enditem|p2a: Dragapult|Choice Specs|[from] move: Knock Off|[of] p1a: Meowscarada\n|faint|p2a: Dragapult\n|\n|upkeep\n|\n|t:|1700683322\n|switch|p2a: Azumarill|Azumarill, F|100\/100\n|turn|2\n|\n|t:|1700683329\n|switch|p1a: Garchomp|Garchomp, F|100\/100\n|switch|p2a: Zapdos|Zapdos|100\/100\n|\n|upkeep\n|turn|3\n|\n|t:|1700683337\n|switch|p2a: Azumarill|Azumarill, F|100\/100\n|move|p1a: Garchomp|Stealth Rock|p2a: Azumarill\n|-sidestart|p2: PLAYB0I R0BBIE B|move: Stealth Rock\n|\n|upkeep\n|turn|4\n|\n|t:|1700683341\n|switch|p1a: Corviknight|Corviknight, M|100\/100\n|move|p2a: Azumarill|Play Rough|p1a: Corviknight\n|-resisted|p1a: Corviknight\n|-damage|p1a: Corviknight|82\/100\n|-damage|p2a: Azumarill|84\/100|[from] item: Rocky Helmet|[of] p1a: Corviknight\n|\n|upkeep\n|turn|5\n|\n|t:|1700683347\n|switch|p1a: Garchomp|Garchomp, F|100\/100\n|switch|p2a: Zapdos|Zapdos|100\/100\n|\n|upkeep\n|turn|6\n|\n|t:|1700683352\n|switch|p2a: Great Tusk|Great Tusk|100\/100\n|move|p1a: Garchomp|Spikes|p2a: Great Tusk\n|-sidestart|p2: PLAYB0I R0BBIE B|Spikes\n|\n|upkeep\n|turn|7\n|\n|t:|1700683355\n|switch|p1a: Dragapult|Dragapult, F|100\/100\n|move|p2a: Great Tusk|Ice Spinner|p1a: Dragapult\n|-supereffective|p1a: Dragapult\n|-damage|p1a: Dragapult|22\/100\n|\n|upkeep\n|turn|8\n|\n|t:|1700683362\n|-end|p2a: Great Tusk|Protosynthesis|[silent]\n|switch|p2a: Azumarill|Azumarill, F|84\/100\n|-damage|p2a: Azumarill|72\/100|[from] Stealth Rock\n|-damage|p2a: Azumarill|59\/100|[from] Spikes\n|move|p1a: Dragapult|Draco Meteor|p2a: Azumarill\n|-immune|p2a: Azumarill\n|\n|upkeep\n|turn|9\n|\n|t:|1700683367\n|switch|p1a: Corviknight|Corviknight, M|82\/100\n|move|p2a: Azumarill|Ice Spinner|p1a: Corviknight\n|-damage|p1a: Corviknight|64\/100\n|-damage|p2a: Azumarill|43\/100|[from] item: Rocky Helmet|[of] p1a: Corviknight\n|\n|upkeep\n|turn|10\n|\n|t:|1700683374\n|move|p1a: Corviknight|Brave Bird|p2a: Azumarill\n|-damage|p2a: Azumarill|6\/100\n|-damage|p1a: Corviknight|51\/100|[from] Recoil\n|move|p2a: Azumarill|Ice Spinner|p1a: Corviknight\n|-damage|p1a: Corviknight|30\/100\n|-damage|p2a: Azumarill|0 fnt|[from] item: Rocky Helmet|[of] p1a: Corviknight\n|faint|p2a: Azumarill\n|\n|upkeep\n|\n|t:|1700683379\n|switch|p2a: Hoopa|Hoopa-Unbound|100\/100\n|-damage|p2a: Hoopa|88\/100|[from] Stealth Rock\n|-damage|p2a: Hoopa|76\/100|[from] Spikes\n|turn|11\n|\n|t:|1700683384\n|switch|p1a: Garchomp|Garchomp, F|100\/100\n|move|p2a: Hoopa|Hyperspace Fury|p1a: Garchomp\n|-damage|p1a: Garchomp|47\/100\n|-unboost|p2a: Hoopa|def|1\n|\n|upkeep\n|turn|12\n|\n|t:|1700683398\n|move|p2a: Hoopa|Hyperspace Fury|p1a: Garchomp\n|-damage|p1a: Garchomp|0 fnt\n|-unboost|p2a: Hoopa|def|1\n|faint|p1a: Garchomp\n|\n|upkeep\n|\n|t:|1700683402\n|switch|p1a: Meowscarada|Meowscarada, M|100\/100\n|turn|13\n|\n|t:|1700683408\n|switch|p2a: Zapdos|Zapdos|100\/100\n|move|p1a: Meowscarada|Flower Trick|p2a: Zapdos\n|-start|p1a: Meowscarada|typechange|Grass|[from] ability: Protean\n|-resisted|p2a: Zapdos\n|-crit|p2a: Zapdos\n|-damage|p2a: Zapdos|78\/100\n|\n|upkeep\n|turn|14\n|\n|t:|1700683421\n|switch|p1a: Corviknight|Corviknight, M|30\/100\n|move|p2a: Zapdos|Thunder Wave|p1a: Corviknight\n|-status|p1a: Corviknight|par\n|\n|upkeep\n|turn|15\n|\n|t:|1700683426\n|move|p2a: Zapdos|Volt Switch|p1a: Corviknight\n|-supereffective|p1a: Corviknight\n|-damage|p1a: Corviknight|0 fnt\n|faint|p1a: Corviknight\n|\n|t:|1700683431\n|switch|p2a: Garganacl|Garganacl, F|100\/100|[from] Volt Switch\n|-damage|p2a: Garganacl|88\/100|[from] Stealth Rock\n|-damage|p2a: Garganacl|76\/100|[from] Spikes\n|\n|-heal|p2a: Garganacl|82\/100|[from] item: Leftovers\n|upkeep\n|\n|t:|1700683439\n|switch|p1a: Meowscarada|Meowscarada, M|100\/100\n|turn|16\n|\n|t:|1700683442\n|move|p2a: Garganacl|Protect|p2a: Garganacl\n|-singleturn|p2a: Garganacl|Protect\n|move|p1a: Meowscarada|Flower Trick|p2a: Garganacl\n|-start|p1a: Meowscarada|typechange|Grass|[from] ability: Protean\n|-activate|p2a: Garganacl|move: Protect\n|\n|-heal|p2a: Garganacl|88\/100|[from] item: Leftovers\n|upkeep\n|turn|17\n|\n|t:|1700683445\n|switch|p2a: Zapdos|Zapdos|78\/100\n|move|p1a: Meowscarada|Flower Trick|p2a: Zapdos\n|-resisted|p2a: Zapdos\n|-crit|p2a: Zapdos\n|-damage|p2a: Zapdos|58\/100\n|\n|upkeep\n|turn|18\n|\n|t:|1700683451\n|switch|p1a: Sinistcha|Sinistcha|100\/100\n|move|p2a: Zapdos|Roost|p2a: Zapdos\n|-heal|p2a: Zapdos|100\/100\n|-singleturn|p2a: Zapdos|move: Roost\n|\n|upkeep\n|turn|19\n|\n|t:|1700683456\n|move|p2a: Zapdos|Hurricane|p1a: Sinistcha\n|-supereffective|p1a: Sinistcha\n|-damage|p1a: Sinistcha|24\/100\n|-start|p1a: Sinistcha|confusion\n|-activate|p1a: Sinistcha|confusion\n|move|p1a: Sinistcha|Calm Mind|p1a: Sinistcha\n|-boost|p1a: Sinistcha|spa|1\n|-boost|p1a: Sinistcha|spd|1\n|\n|-heal|p1a: Sinistcha|30\/100|[from] item: Leftovers\n|upkeep\n|turn|20\n|\n|t:|1700683461\n|move|p2a: Zapdos|Hurricane|p1a: Sinistcha\n|-supereffective|p1a: Sinistcha\n|-damage|p1a: Sinistcha|0 fnt\n|faint|p1a: Sinistcha\n|\n|upkeep\n|\n|t:|1700683468\n|switch|p1a: Meowscarada|Meowscarada, M|100\/100\n|turn|21\n|\n|t:|1700683483\n|move|p1a: Meowscarada|Knock Off|p2a: Zapdos\n|-start|p1a: Meowscarada|typechange|Dark|[from] ability: Protean\n|-crit|p2a: Zapdos\n|-damage|p2a: Zapdos|41\/100\n|-status|p1a: Meowscarada|par|[from] ability: Static|[of] p2a: Zapdos\n|-enditem|p2a: Zapdos|Heavy-Duty Boots|[from] move: Knock Off|[of] p1a: Meowscarada\n|move|p2a: Zapdos|Roost|p2a: Zapdos\n|-heal|p2a: Zapdos|91\/100\n|-singleturn|p2a: Zapdos|move: Roost\n|\n|upkeep\n|turn|22\n|\n|t:|1700683496\n|switch|p2a: Great Tusk|Great Tusk|100\/100\n|move|p1a: Meowscarada|Knock Off|p2a: Great Tusk\n|-resisted|p2a: Great Tusk\n|-damage|p2a: Great Tusk|85\/100\n|-enditem|p2a: Great Tusk|Heavy-Duty Boots|[from] move: Knock Off|[of] p1a: Meowscarada\n|\n|upkeep\n|turn|23\n|\n|t:|1700683506\n|switch|p1a: Dragapult|Dragapult, F|22\/100\n|move|p2a: Great Tusk|Ice Spinner|p1a: Dragapult\n|-supereffective|p1a: Dragapult\n|-crit|p1a: Dragapult\n|-damage|p1a: Dragapult|0 fnt\n|faint|p1a: Dragapult\n|\n|upkeep\n|\n|t:|1700683519\n|switch|p1a: Meowscarada|Meowscarada, M|100\/100 par\n|turn|24\n|\n|t:|1700683524\n|-terastallize|p2a: Great Tusk|Poison\n|move|p2a: Great Tusk|Rapid Spin|p1a: Meowscarada\n|-damage|p1a: Meowscarada|71\/100 par\n|-boost|p2a: Great Tusk|spe|1\n|-sideend|p2: PLAYB0I R0BBIE B|Spikes|[from] move: Rapid Spin|[of] p2a: Great Tusk\n|-sideend|p2: PLAYB0I R0BBIE B|Stealth Rock|[from] move: Rapid Spin|[of] p2a: Great Tusk\n|move|p1a: Meowscarada|Flower Trick|p2a: Great Tusk\n|-start|p1a: Meowscarada|typechange|Grass|[from] ability: Protean\n|-resisted|p2a: Great Tusk\n|-crit|p2a: Great Tusk\n|-damage|p2a: Great Tusk|68\/100\n|\n|upkeep\n|turn|25\n|\n|t:|1700683530\n|move|p2a: Great Tusk|Ice Spinner|p1a: Meowscarada\n|-supereffective|p1a: Meowscarada\n|-damage|p1a: Meowscarada|0 fnt\n|faint|p1a: Meowscarada\n|\n|upkeep\n|\n|t:|1700683532\n|switch|p1a: Kingambit|Kingambit, M|100\/100\n|-activate|p1a: Kingambit|ability: Supreme Overlord\n|-start|p1a: Kingambit|fallen5|[silent]\n|turn|26\n|\n|t:|1700683537\n|-terastallize|p1a: Kingambit|Flying\n|move|p2a: Great Tusk|Close Combat|p1a: Kingambit\n|-resisted|p1a: Kingambit\n|-damage|p1a: Kingambit|77\/100\n|-unboost|p2a: Great Tusk|def|1\n|-unboost|p2a: Great Tusk|spd|1\n|move|p1a: Kingambit|Iron Head|p2a: Great Tusk\n|-damage|p2a: Great Tusk|0 fnt\n|faint|p2a: Great Tusk\n|-end|p2a: Great Tusk|Protosynthesis|[silent]\n|\n|-heal|p1a: Kingambit|84\/100|[from] item: Leftovers\n|upkeep\n|\n|t:|1700683540\n|switch|p2a: Zapdos|Zapdos|91\/100\n|turn|27\n|\n|t:|1700683546\n|move|p1a: Kingambit|Sucker Punch||[still]\n|-fail|p1a: Kingambit\n|move|p2a: Zapdos|Thunder Wave|p1a: Kingambit\n|-status|p1a: Kingambit|par\n|\n|-heal|p1a: Kingambit|90\/100 par|[from] item: Leftovers\n|upkeep\n|turn|28\n|\n|t:|1700683552\n|cant|p1a: Kingambit|par\n|move|p2a: Zapdos|Volt Switch|p1a: Kingambit\n|-supereffective|p1a: Kingambit\n|-damage|p1a: Kingambit|29\/100 par\n|\n|t:|1700683560\n|switch|p2a: Hoopa|Hoopa-Unbound|76\/100|[from] Volt Switch\n|\n|-heal|p1a: Kingambit|35\/100 par|[from] item: Leftovers\n|upkeep\n|turn|29\n|\n|t:|1700683562\n|move|p1a: Kingambit|Sucker Punch|p2a: Hoopa\n|-damage|p2a: Hoopa|0 fnt\n|faint|p2a: Hoopa\n|\n|-heal|p1a: Kingambit|41\/100 par|[from] item: Leftovers\n|upkeep\n|\n|t:|1700683565\n|switch|p2a: Garganacl|Garganacl, F|88\/100\n|turn|30\n|\n|t:|1700683573\n|move|p2a: Garganacl|Salt Cure|p1a: Kingambit\n|-supereffective|p1a: Kingambit\n|-damage|p1a: Kingambit|21\/100 par\n|-start|p1a: Kingambit|Salt Cure\n|move|p1a: Kingambit|Low Kick|p2a: Garganacl\n|-supereffective|p2a: Garganacl\n|-damage|p2a: Garganacl|17\/100\n|\n|-heal|p2a: Garganacl|23\/100|[from] item: Leftovers\n|-heal|p1a: Kingambit|27\/100 par|[from] item: Leftovers\n|-damage|p1a: Kingambit|14\/100 par|[from] Salt Cure\n|upkeep\n|turn|31\n|\n|t:|1700683578\n|move|p2a: Garganacl|Protect|p2a: Garganacl\n|-singleturn|p2a: Garganacl|Protect\n|move|p1a: Kingambit|Swords Dance|p1a: Kingambit\n|-boost|p1a: Kingambit|atk|2\n|\n|-heal|p2a: Garganacl|29\/100|[from] item: Leftovers\n|-heal|p1a: Kingambit|21\/100 par|[from] item: Leftovers\n|-damage|p1a: Kingambit|8\/100 par|[from] Salt Cure\n|upkeep\n|turn|32\n|\n|t:|1700683589\n|switch|p2a: Zapdos|Zapdos|91\/100\n|move|p1a: Kingambit|Iron Head|p2a: Zapdos\n|-resisted|p2a: Zapdos\n|-damage|p2a: Zapdos|31\/100\n|\n|-heal|p1a: Kingambit|14\/100 par|[from] item: Leftovers\n|-damage|p1a: Kingambit|2\/100 par|[from] Salt Cure\n|upkeep\n|turn|33\n|\n|t:|1700683599\n|move|p2a: Zapdos|Volt Switch|p1a: Kingambit\n|-supereffective|p1a: Kingambit\n|-damage|p1a: Kingambit|0 fnt\n|faint|p1a: Kingambit\n|-end|p1a: Kingambit|fallen5|[silent]\n|\n|win|PLAYB0I R0BBIE B\n|raw|TuPrimaLaCalv4's rating: 1508 &rarr; <strong>1483<\/strong><br \/>(-25 for losing)\n|raw|PLAYB0I R0BBIE B's rating: 1424 &rarr; <strong>1449<\/strong><br \/>(+25 for winning)\n|c|\u2606PLAYB0I R0BBIE B|gg\n","uploadtime":1700683605,"views":0,"p1id":"tuprimalacalv4","p2id":"playb0ir0bbieb","formatid":"gen9ou","rating":1449,"private":0,"password":""}