{"id":"gen9ou-1994188855","p1":"Ombix","p2":"Andrews Finn2","format":"[Gen 9] OU","log":"|j|\u2606Ombix\n|j|\u2606Andrews Finn2\n|t:|1700416941\n|gametype|singles\n|player|p1|Ombix|alder|1179\n|player|p2|Andrews Finn2|steven|1199\n|teamsize|p1|6\n|teamsize|p2|6\n|gen|9\n|tier|[Gen 9] OU\n|rated|\n|rule|Sleep Clause Mod: Limit one foe put to sleep\n|rule|Species Clause: Limit one of each Pok\u00e9mon\n|rule|OHKO Clause: OHKO moves are banned\n|rule|Evasion Items Clause: Evasion items are banned\n|rule|Evasion Moves Clause: Evasion moves are banned\n|rule|Endless Battle Clause: Forcing endless battles is banned\n|rule|HP Percentage Mod: HP is shown in percentages\n|clearpoke\n|poke|p1|Garchomp, F|\n|poke|p1|Sneasler, M|\n|poke|p1|Breloom, M|\n|poke|p1|Polteageist-Antique|\n|poke|p1|Zapdos|\n|poke|p1|Salamence, F|\n|poke|p2|Alomomola, F|\n|poke|p2|Slowking-Galar, F|\n|poke|p2|Kingambit, F|\n|poke|p2|Great Tusk|\n|poke|p2|Cinderace, F|\n|poke|p2|Thundurus-Therian, M|\n|teampreview\n|\n|t:|1700416964\n|start\n|switch|p1a: Breloom|Breloom, M|100\/100\n|switch|p2a: Great Tusk|Great Tusk|100\/100\n|turn|1\n|\n|t:|1700416976\n|-end|p2a: Great Tusk|Protosynthesis|[silent]\n|switch|p2a: Thundurus|Thundurus-Therian, M|100\/100\n|move|p1a: Breloom|Swords Dance|p1a: Breloom\n|-boost|p1a: Breloom|atk|2\n|\n|-status|p1a: Breloom|tox|[from] item: Toxic Orb\n|upkeep\n|turn|2\n|\n|t:|1700416996\n|switch|p1a: Garchomp|Garchomp, F|100\/100\n|move|p2a: Thundurus|Volt Switch|p1a: Garchomp\n|-immune|p1a: Garchomp\n|\n|upkeep\n|turn|3\n|\n|t:|1700417039\n|switch|p2a: Great Tusk|Great Tusk|100\/100\n|move|p1a: Garchomp|Stone Edge|p2a: Great Tusk|[miss]\n|-miss|p1a: Garchomp|p2a: Great Tusk\n|\n|upkeep\n|turn|4\n|\n|t:|1700417080\n|switch|p1a: Polteageist|Polteageist-Antique|100\/100\n|move|p2a: Great Tusk|Stealth Rock|p1a: Polteageist\n|-sidestart|p1: Ombix|move: Stealth Rock\n|\n|upkeep\n|turn|5\n|\n|t:|1700417086\n|-end|p2a: Great Tusk|Protosynthesis|[silent]\n|switch|p2a: Kingambit|Kingambit, F|100\/100\n|move|p1a: Polteageist|Trick|p2a: Kingambit\n|-activate|p1a: Polteageist|move: Trick|[of] p2a: Kingambit\n|-item|p2a: Kingambit|Choice Scarf|[from] move: Trick\n|-item|p1a: Polteageist|Leftovers|[from] move: Trick\n|\n|upkeep\n|turn|6\n|\n|t:|1700417095\n|move|p1a: Polteageist|Shell Smash|p1a: Polteageist\n|-unboost|p1a: Polteageist|def|1\n|-unboost|p1a: Polteageist|spd|1\n|-boost|p1a: Polteageist|atk|2\n|-boost|p1a: Polteageist|spa|2\n|-boost|p1a: Polteageist|spe|2\n|move|p2a: Kingambit|Kowtow Cleave|p1a: Polteageist\n|-supereffective|p1a: Polteageist\n|-damage|p1a: Polteageist|0 fnt\n|faint|p1a: Polteageist\n|\n|upkeep\n|l|\u2606Ombix\n|player|p1|\n|j|\u2606Ombix\n|player|p1|Ombix|alder\n|\n|t:|1700417124\n|switch|p1a: Sneasler|Sneasler, M|100\/100\n|-damage|p1a: Sneasler|95\/100|[from] Stealth Rock\n|turn|7\n|\n|t:|1700417130\n|-end|p2a: Kingambit|fallenundefined|[silent]\n|switch|p2a: Great Tusk|Great Tusk|100\/100\n|move|p1a: Sneasler|Swords Dance|p1a: Sneasler\n|-boost|p1a: Sneasler|atk|2\n|\n|upkeep\n|turn|8\n|\n|t:|1700417138\n|-terastallize|p1a: Sneasler|Ghost\n|move|p1a: Sneasler|Close Combat|p2a: Great Tusk\n|-damage|p2a: Great Tusk|3\/100\n|-unboost|p1a: Sneasler|def|1\n|-unboost|p1a: Sneasler|spd|1\n|-damage|p1a: Sneasler|78\/100|[from] item: Rocky Helmet|[of] p2a: Great Tusk\n|-enditem|p1a: Sneasler|White Herb\n|-clearnegativeboost|p1a: Sneasler|[silent]\n|move|p2a: Great Tusk|Headlong Rush|p1a: Sneasler\n|-damage|p1a: Sneasler|0 fnt\n|-unboost|p2a: Great Tusk|def|1\n|-unboost|p2a: Great Tusk|spd|1\n|faint|p1a: Sneasler\n|\n|upkeep\n|\n|t:|1700417152\n|switch|p1a: Breloom|Breloom, M|100\/100 tox\n|-damage|p1a: Breloom|94\/100 tox|[from] Stealth Rock\n|turn|9\n|\n|t:|1700417156\n|move|p1a: Breloom|Mach Punch|p2a: Great Tusk\n|-damage|p2a: Great Tusk|0 fnt\n|-damage|p1a: Breloom|78\/100 tox|[from] item: Rocky Helmet|[of] p2a: Great Tusk\n|faint|p2a: Great Tusk\n|-end|p2a: Great Tusk|Protosynthesis|[silent]\n|\n|-heal|p1a: Breloom|90\/100 tox|[from] ability: Poison Heal\n|upkeep\n|\n|t:|1700417162\n|switch|p2a: Slowking|Slowking-Galar, F|100\/100\n|turn|10\n|\n|t:|1700417166\n|move|p1a: Breloom|Protect|p1a: Breloom\n|-singleturn|p1a: Breloom|Protect\n|move|p2a: Slowking|Future Sight|p1a: Breloom\n|-start|p2a: Slowking|move: Future Sight\n|\n|-heal|p1a: Breloom|100\/100 tox|[from] ability: Poison Heal\n|upkeep\n|turn|11\n|\n|t:|1700417179\n|switch|p1a: Garchomp|Garchomp, F|100\/100\n|-damage|p1a: Garchomp|94\/100|[from] Stealth Rock\n|move|p2a: Slowking|Sludge Bomb|p1a: Garchomp\n|-resisted|p1a: Garchomp\n|-damage|p1a: Garchomp|75\/100\n|\n|upkeep\n|turn|12\n|\n|t:|1700417186\n|switch|p2a: Alomomola|Alomomola, F|100\/100\n|move|p1a: Garchomp|Stone Edge|p2a: Alomomola\n|-damage|p2a: Alomomola|77\/100\n|-enditem|p2a: Alomomola|Red Card|[of] p1a: Garchomp\n|drag|p1a: Zapdos|Zapdos|100\/100\n|-damage|p1a: Zapdos|76\/100|[from] Stealth Rock\n|\n|-end|p1a: Zapdos|move: Future Sight\n|-damage|p1a: Zapdos|20\/100\n|upkeep\n|turn|13\n|\n|t:|1700417196\n|switch|p2a: Thundurus|Thundurus-Therian, M|100\/100\n|move|p1a: Zapdos|Volt Switch|p2a: Thundurus\n|-immune|p2a: Thundurus|[from] ability: Volt Absorb\n|\n|upkeep\n|turn|14\n|\n|t:|1700417207\n|move|p2a: Thundurus|Volt Switch|p1a: Zapdos\n|-damage|p1a: Zapdos|0 fnt\n|faint|p1a: Zapdos\n|\n|t:|1700417210\n|switch|p2a: Alomomola|Alomomola, F|100\/100|[from] Volt Switch\n|\n|upkeep\n|\n|t:|1700417216\n|switch|p1a: Salamence|Salamence, F|100\/100\n|-damage|p1a: Salamence|76\/100|[from] Stealth Rock\n|turn|15\n|inactive|Battle timer is ON: inactive players will automatically lose when time's up. (requested by Ombix)\n|\n|t:|1700417220\n|move|p1a: Salamence|Dragon Dance|p1a: Salamence\n|-boost|p1a: Salamence|atk|1\n|-boost|p1a: Salamence|spe|1\n|move|p2a: Alomomola|Wish|p2a: Alomomola\n|\n|-heal|p1a: Salamence|82\/100|[from] item: Leftovers\n|upkeep\n|turn|16\n|\n|t:|1700417227\n|move|p1a: Salamence|Dragon Dance|p1a: Salamence\n|-boost|p1a: Salamence|atk|1\n|-boost|p1a: Salamence|spe|1\n|move|p2a: Alomomola|Scald|p1a: Salamence\n|-resisted|p1a: Salamence\n|-damage|p1a: Salamence|73\/100\n|\n|-heal|p1a: Salamence|79\/100|[from] item: Leftovers\n|upkeep\n|turn|17\n|\n|t:|1700417239\n|move|p1a: Salamence|Dragon Dance|p1a: Salamence\n|-boost|p1a: Salamence|atk|1\n|-boost|p1a: Salamence|spe|1\n|move|p2a: Alomomola|Scald|p1a: Salamence\n|-resisted|p1a: Salamence\n|-damage|p1a: Salamence|70\/100\n|-status|p1a: Salamence|brn\n|\n|-heal|p1a: Salamence|76\/100 brn|[from] item: Leftovers\n|-damage|p1a: Salamence|70\/100 brn|[from] brn\n|upkeep\n|turn|18\n|\n|t:|1700417249\n|move|p1a: Salamence|Dragon Dance|p1a: Salamence\n|-boost|p1a: Salamence|atk|1\n|-boost|p1a: Salamence|spe|1\n|move|p2a: Alomomola|Flip Turn|p1a: Salamence\n|-resisted|p1a: Salamence\n|-damage|p1a: Salamence|59\/100 brn\n|\n|t:|1700417257\n|switch|p2a: Slowking|Slowking-Galar, F|100\/100|[from] Flip Turn\n|\n|-heal|p1a: Salamence|65\/100 brn|[from] item: Leftovers\n|-damage|p1a: Salamence|59\/100 brn|[from] brn\n|upkeep\n|turn|19\n|\n|t:|1700417275\n|-terastallize|p2a: Slowking|Water\n|move|p1a: Salamence|Outrage|p2a: Slowking\n|-damage|p2a: Slowking|9\/100\n|move|p2a: Slowking|Ice Beam|p1a: Salamence\n|-supereffective|p1a: Salamence\n|-damage|p1a: Salamence|0 fnt\n|faint|p1a: Salamence\n|\n|upkeep\n|\n|t:|1700417281\n|switch|p1a: Breloom|Breloom, M|100\/100 tox\n|-damage|p1a: Breloom|94\/100 tox|[from] Stealth Rock\n|turn|20\n|\n|t:|1700417296\n|switch|p2a: Thundurus|Thundurus-Therian, M|100\/100\n|move|p1a: Breloom|Swords Dance|p1a: Breloom\n|-boost|p1a: Breloom|atk|2\n|\n|-heal|p1a: Breloom|100\/100 tox|[from] ability: Poison Heal\n|upkeep\n|turn|21\n|\n|t:|1700417310\n|move|p2a: Thundurus|Volt Switch|p1a: Breloom\n|-resisted|p1a: Breloom\n|-damage|p1a: Breloom|66\/100 tox\n|\n|t:|1700417324\n|switch|p2a: Kingambit|Kingambit, F|100\/100|[from] Volt Switch\n|-activate|p2a: Kingambit|ability: Supreme Overlord\n|-start|p2a: Kingambit|fallen1|[silent]\n|move|p1a: Breloom|Bullet Seed|p2a: Kingambit\n|-resisted|p2a: Kingambit\n|-damage|p2a: Kingambit|92\/100\n|-resisted|p2a: Kingambit\n|-damage|p2a: Kingambit|83\/100\n|-resisted|p2a: Kingambit\n|-damage|p2a: Kingambit|75\/100\n|-resisted|p2a: Kingambit\n|-damage|p2a: Kingambit|65\/100\n|-hitcount|p2a: Kingambit|4\n|\n|-heal|p1a: Breloom|78\/100 tox|[from] ability: Poison Heal\n|upkeep\n|turn|22\n|\n|t:|1700417339\n|move|p1a: Breloom|Mach Punch|p2a: Kingambit\n|-supereffective|p2a: Kingambit\n|-damage|p2a: Kingambit|0 fnt\n|faint|p2a: Kingambit\n|-end|p2a: Kingambit|fallen1|[silent]\n|\n|-heal|p1a: Breloom|90\/100 tox|[from] ability: Poison Heal\n|upkeep\n|\n|t:|1700417342\n|switch|p2a: Cinderace|Cinderace, F|100\/100\n|turn|23\n|\n|t:|1700417348\n|move|p2a: Cinderace|Pyro Ball|p1a: Breloom\n|-supereffective|p1a: Breloom\n|-damage|p1a: Breloom|0 fnt\n|faint|p1a: Breloom\n|\n|upkeep\n|\n|t:|1700417351\n|switch|p1a: Garchomp|Garchomp, F|75\/100\n|-damage|p1a: Garchomp|69\/100|[from] Stealth Rock\n|turn|24\n|\n|t:|1700417361\n|move|p1a: Garchomp|Outrage|p2a: Cinderace\n|-damage|p2a: Cinderace|4\/100\n|move|p2a: Cinderace|Will-O-Wisp|p1a: Garchomp\n|-status|p1a: Garchomp|brn\n|\n|-damage|p1a: Garchomp|63\/100 brn|[from] brn\n|upkeep\n|turn|25\n|-message|Ombix forfeited.\n|\n|win|Andrews Finn2\n|raw|Ombix's rating: 1179 &rarr; <strong>1155<\/strong><br \/>(-24 for losing)\n|raw|Andrews Finn2's rating: 1199 &rarr; <strong>1223<\/strong><br \/>(+24 for winning)\n|l|\u2606Ombix\n","uploadtime":1700417375,"views":8,"p1id":"ombix","p2id":"andrewsfinn2","formatid":"gen9ou","rating":1155,"private":0,"password":""}