{"id":"gen9ou-1999835090","p1":"TY SM MY GUY","p2":"Gabriel RDD","format":"[Gen 9] OU","log":"|j|\u2606TY SM MY GUY\n|j|\u2606Gabriel RDD\n|t:|1701121164\n|gametype|singles\n|player|p1|TY SM MY GUY|hoopster|1238\n|player|p2|Gabriel RDD|169|1331\n|teamsize|p1|6\n|teamsize|p2|6\n|gen|9\n|tier|[Gen 9] OU\n|rated|\n|rule|Sleep Clause Mod: Limit one foe put to sleep\n|rule|Species Clause: Limit one of each Pok\u00e9mon\n|rule|OHKO Clause: OHKO moves are banned\n|rule|Evasion Items Clause: Evasion items are banned\n|rule|Evasion Moves Clause: Evasion moves are banned\n|rule|Endless Battle Clause: Forcing endless battles is banned\n|rule|HP Percentage Mod: HP is shown in percentages\n|clearpoke\n|poke|p1|Glimmora, F|\n|poke|p1|Great Tusk|\n|poke|p1|Hatterene, F|\n|poke|p1|Greninja-*, M|\n|poke|p1|Brambleghast, M|\n|poke|p1|Zoroark-Hisui, M|\n|poke|p2|Cinderace, M|\n|poke|p2|Ogerpon-Wellspring, F|\n|poke|p2|Mew|\n|poke|p2|Dragonite, M|\n|poke|p2|Zamazenta-*|\n|poke|p2|Iron Valiant|\n|teampreview\n|\n|t:|1701121181\n|start\n|switch|p1a: Glimmora|Glimmora, F, shiny|100\/100\n|switch|p2a: Cinderace|Cinderace, M|100\/100\n|turn|1\n|\n|t:|1701121189\n|switch|p1a: Glimmora|Glimmora, F, shiny|100\/100\n|-item|p1a: Glimmora|Air Balloon\n|move|p2a: Cinderace|Zen Headbutt|p1a: Glimmora\n|-start|p2a: Cinderace|typechange|Psychic|[from] ability: Libero\n|-supereffective|p1a: Glimmora\n|-damage|p1a: Glimmora|29\/100\n|-activate|p1a: Glimmora|ability: Toxic Debris\n|-sidestart|p2: Gabriel RDD|move: Toxic Spikes\n|-enditem|p1a: Glimmora|Air Balloon\n|\n|upkeep\n|turn|2\n|\n|t:|1701121213\n|move|p2a: Cinderace|High Jump Kick|p1a: Glimmora\n|-damage|p1a: Glimmora|0 fnt\n|-activate|p1a: Glimmora|ability: Toxic Debris\n|-sidestart|p2: Gabriel RDD|move: Toxic Spikes\n|faint|p1a: Glimmora\n|\n|upkeep\n|\n|t:|1701121217\n|switch|p1a: Brambleghast|Brambleghast, M, shiny|100\/100\n|turn|3\n|\n|t:|1701121222\n|move|p2a: Cinderace|Pyro Ball|p1a: Brambleghast\n|-supereffective|p1a: Brambleghast\n|-enditem|p1a: Brambleghast|Focus Sash\n|-damage|p1a: Brambleghast|1\/100\n|move|p1a: Brambleghast|Rapid Spin|p2a: Cinderace\n|-crit|p2a: Cinderace\n|-damage|p2a: Cinderace|64\/100\n|-boost|p1a: Brambleghast|spe|1\n|\n|upkeep\n|turn|4\n|\n|t:|1701121235\n|move|p1a: Brambleghast|Shadow Sneak|p2a: Cinderace\n|-supereffective|p2a: Cinderace\n|-damage|p2a: Cinderace|6\/100\n|move|p2a: Cinderace|Pyro Ball|p1a: Brambleghast\n|-supereffective|p1a: Brambleghast\n|-damage|p1a: Brambleghast|0 fnt\n|faint|p1a: Brambleghast\n|\n|upkeep\n|\n|t:|1701121243\n|switch|p1a: Greninja|Greninja, M|100\/100\n|turn|5\n|\n|t:|1701121266\n|switch|p2a: Ogerpon|Ogerpon-Wellspring, F|100\/100\n|-status|p2a: Ogerpon|tox\n|move|p1a: Greninja|Dark Pulse|p2a: Ogerpon\n|-damage|p2a: Ogerpon|49\/100 tox\n|-damage|p1a: Greninja|91\/100|[from] item: Life Orb\n|\n|-damage|p2a: Ogerpon|43\/100 tox|[from] psn\n|upkeep\n|turn|6\n|\n|t:|1701121281\n|move|p2a: Ogerpon|Quick Attack|p1a: Greninja\n|-damage|p1a: Greninja|63\/100\n|move|p1a: Greninja|Dark Pulse|p2a: Ogerpon\n|-damage|p2a: Ogerpon|0 fnt\n|faint|p2a: Ogerpon\n|-ability|p1a: Greninja|Battle Bond|boost\n|-boost|p1a: Greninja|atk|1\n|-boost|p1a: Greninja|spa|1\n|-boost|p1a: Greninja|spe|1\n|-activate|p1a: Greninja|ability: Battle Bond\n|-damage|p1a: Greninja|53\/100|[from] item: Life Orb\n|\n|upkeep\n|\n|t:|1701121293\n|switch|p2a: Dragonite|Dragonite, M|100\/100\n|turn|7\n|\n|t:|1701121298\n|move|p1a: Greninja|Ice Beam|p2a: Dragonite\n|-supereffective|p2a: Dragonite\n|-damage|p2a: Dragonite|0 fnt\n|faint|p2a: Dragonite\n|-damage|p1a: Greninja|43\/100|[from] item: Life Orb\n|\n|upkeep\n|\n|t:|1701121313\n|switch|p2a: Mew|Mew|100\/100\n|-status|p2a: Mew|tox\n|turn|8\n|\n|t:|1701121317\n|-terastallize|p2a: Mew|Dark\n|move|p1a: Greninja|Dark Pulse|p2a: Mew\n|-resisted|p2a: Mew\n|-damage|p2a: Mew|66\/100 tox\n|-damage|p1a: Greninja|33\/100|[from] item: Life Orb\n|move|p2a: Mew|Close Combat|p1a: Greninja\n|-supereffective|p1a: Greninja\n|-crit|p1a: Greninja\n|-damage|p1a: Greninja|0 fnt\n|-unboost|p2a: Mew|def|1\n|-unboost|p2a: Mew|spd|1\n|faint|p1a: Greninja\n|\n|-heal|p2a: Mew|72\/100 tox|[from] item: Leftovers\n|-damage|p2a: Mew|66\/100 tox|[from] psn\n|upkeep\n|\n|t:|1701121322\n|switch|p1a: Hatterene|Hatterene, F, shiny|100\/100\n|turn|9\n|\n|t:|1701121337\n|move|p1a: Hatterene|Hyper Voice|p2a: Mew\n|-damage|p2a: Mew|0 fnt\n|faint|p2a: Mew\n|\n|upkeep\n|inactive|Battle timer is ON: inactive players will automatically lose when time's up. (requested by TY SM MY GUY)\n|\n|t:|1701121400\n|switch|p2a: Zamazenta|Zamazenta|100\/100\n|-status|p2a: Zamazenta|tox\n|-ability|p2a: Zamazenta|Dauntless Shield|boost\n|-boost|p2a: Zamazenta|def|1\n|turn|10\n|\n|t:|1701121409\n|move|p1a: Hatterene|Hyper Voice|p2a: Zamazenta\n|-damage|p2a: Zamazenta|54\/100 tox\n|move|p2a: Zamazenta|Crunch|p1a: Hatterene\n|-supereffective|p1a: Hatterene\n|-damage|p1a: Hatterene|14\/100\n|replace|p1a: Zoroark|Zoroark-Hisui, M, shiny\n|-end|p1a: Zoroark|Illusion\n|\n|-heal|p2a: Zamazenta|60\/100 tox|[from] item: Leftovers\n|-damage|p2a: Zamazenta|54\/100 tox|[from] psn\n|upkeep\n|turn|11\n|\n|t:|1701121425\n|switch|p1a: Hatterene|Hatterene, F, shiny|100\/100\n|move|p2a: Zamazenta|Crunch|p1a: Hatterene\n|-damage|p1a: Hatterene|78\/100\n|-unboost|p1a: Hatterene|def|1\n|-enditem|p1a: Hatterene|Eject Button\n|\n|t:|1701121433\n|switch|p1a: Hatterene|Hatterene, F, shiny|14\/100\n|\n|-heal|p2a: Zamazenta|60\/100 tox|[from] item: Leftovers\n|-damage|p2a: Zamazenta|47\/100 tox|[from] psn\n|upkeep\n|turn|12\n|\n|t:|1701121441\n|move|p1a: Hatterene|Hyper Voice|p2a: Zamazenta\n|-crit|p2a: Zamazenta\n|-damage|p2a: Zamazenta|0 fnt\n|faint|p2a: Zamazenta\n|\n|upkeep\n|\n|t:|1701121450\n|switch|p2a: Iron Valiant|Iron Valiant|100\/100\n|-status|p2a: Iron Valiant|tox\n|-enditem|p2a: Iron Valiant|Booster Energy\n|-activate|p2a: Iron Valiant|ability: Quark Drive|[fromitem]\n|-start|p2a: Iron Valiant|quarkdrivespe\n|turn|13\n|\n|t:|1701121457\n|move|p2a: Iron Valiant|Moonblast|p1a: Hatterene\n|-damage|p1a: Hatterene|0 fnt\n|replace|p1a: Zoroark|Zoroark-Hisui, M, shiny\n|-end|p1a: Zoroark|Illusion\n|faint|p1a: Zoroark\n|\n|-damage|p2a: Iron Valiant|94\/100 tox|[from] psn\n|upkeep\n|\n|t:|1701121459\n|switch|p1a: Hatterene|Hatterene, F, shiny|78\/100\n|turn|14\n|\n|t:|1701121483\n|move|p2a: Iron Valiant|Thunderbolt|p1a: Hatterene\n|-damage|p1a: Hatterene|54\/100\n|move|p1a: Hatterene|Draining Kiss|p2a: Iron Valiant\n|-supereffective|p2a: Iron Valiant\n|-crit|p2a: Iron Valiant\n|-damage|p2a: Iron Valiant|0 fnt\n|-heal|p1a: Hatterene|100\/100|[from] drain|[of] p2a: Iron Valiant\n|faint|p2a: Iron Valiant\n|-end|p2a: Iron Valiant|Quark Drive|[silent]\n|\n|upkeep\n|c|\u2606TY SM MY GUY|Gg\n|\n|t:|1701121488\n|switch|p2a: Cinderace|Cinderace, M|6\/100\n|-status|p2a: Cinderace|tox\n|turn|15\n|\n|t:|1701121493\n|move|p2a: Cinderace|Gunk Shot|p1a: Hatterene\n|-start|p2a: Cinderace|typechange|Poison|[from] ability: Libero\n|-supereffective|p1a: Hatterene\n|-crit|p1a: Hatterene\n|-damage|p1a: Hatterene|0 fnt\n|faint|p1a: Hatterene\n|\n|-damage|p2a: Cinderace|0 fnt|[from] psn\n|faint|p2a: Cinderace\n|\n|win|TY SM MY GUY\n|upkeep\n|raw|TY SM MY GUY's rating: 1238 &rarr; <strong>1270<\/strong><br \/>(+32 for winning)\n|raw|Gabriel RDD's rating: 1331 &rarr; <strong>1306<\/strong><br \/>(-25 for losing)\n","uploadtime":1701121500,"views":3,"p1id":"tysmmyguy","p2id":"gabrielrdd","formatid":"gen9ou","rating":1270,"private":0,"password":""}