{"id":"gen9ou-1993067469","p1":"luchito420","p2":"Sindicate VI","format":"[Gen 9] OU","log":"|j|\u2606luchito420\n|j|\u2606Sindicate VI\n|t:|1700261071\n|gametype|singles\n|player|p1|luchito420|unknown|1417\n|player|p2|Sindicate VI|1|1499\n|teamsize|p1|6\n|teamsize|p2|6\n|gen|9\n|tier|[Gen 9] OU\n|rated|\n|rule|Sleep Clause Mod: Limit one foe put to sleep\n|rule|Species Clause: Limit one of each Pok\u00e9mon\n|rule|OHKO Clause: OHKO moves are banned\n|rule|Evasion Items Clause: Evasion items are banned\n|rule|Evasion Moves Clause: Evasion moves are banned\n|rule|Endless Battle Clause: Forcing endless battles is banned\n|rule|HP Percentage Mod: HP is shown in percentages\n|clearpoke\n|poke|p1|Ninetales-Alola, F|\n|poke|p1|Heatran, F|\n|poke|p1|Toxapex, F|\n|poke|p1|Corviknight, M|\n|poke|p1|Hatterene, F|\n|poke|p1|Kingambit, M|\n|poke|p2|Ting-Lu|\n|poke|p2|Dondozo, M|\n|poke|p2|Rillaboom, M|\n|poke|p2|Gholdengo|\n|poke|p2|Corviknight, F|\n|poke|p2|Slowking-Galar, F|\n|teampreview\n|inactive|Battle timer is ON: inactive players will automatically lose when time's up. (requested by Sindicate VI)\n|inactive|luchito420 has 120 seconds left.\n|\n|t:|1700261119\n|start\n|switch|p1a: Toxapex|Toxapex, F|100\/100\n|switch|p2a: Gholdengo|Gholdengo|100\/100\n|turn|1\n|\n|t:|1700261128\n|move|p2a: Gholdengo|Shadow Ball|p1a: Toxapex\n|-damage|p1a: Toxapex|62\/100\n|move|p1a: Toxapex|Infestation|p2a: Gholdengo\n|-resisted|p2a: Gholdengo\n|-damage|p2a: Gholdengo|99\/100\n|-activate|p2a: Gholdengo|move: Infestation|[of] p1a: Toxapex\n|\n|-heal|p1a: Toxapex|68\/100|[from] item: Black Sludge\n|-damage|p2a: Gholdengo|87\/100|[from] move: Infestation|[partiallytrapped]\n|upkeep\n|turn|2\n|\n|t:|1700261136\n|move|p1a: Toxapex|Baneful Bunker|p1a: Toxapex\n|-singleturn|p1a: Toxapex|move: Protect\n|move|p2a: Gholdengo|Shadow Ball|p1a: Toxapex\n|-activate|p1a: Toxapex|move: Protect\n|\n|-heal|p1a: Toxapex|75\/100|[from] item: Black Sludge\n|-damage|p2a: Gholdengo|75\/100|[from] move: Infestation|[partiallytrapped]\n|upkeep\n|turn|3\n|\n|t:|1700261140\n|move|p2a: Gholdengo|Shadow Ball|p1a: Toxapex\n|-damage|p1a: Toxapex|38\/100\n|move|p1a: Toxapex|Haze|p1a: Toxapex\n|-clearallboost\n|\n|-heal|p1a: Toxapex|44\/100|[from] item: Black Sludge\n|-damage|p2a: Gholdengo|63\/100|[from] move: Infestation|[partiallytrapped]\n|upkeep\n|turn|4\n|\n|t:|1700261143\n|move|p1a: Toxapex|Baneful Bunker|p1a: Toxapex\n|-singleturn|p1a: Toxapex|move: Protect\n|move|p2a: Gholdengo|Shadow Ball|p1a: Toxapex\n|-activate|p1a: Toxapex|move: Protect\n|\n|-heal|p1a: Toxapex|50\/100|[from] item: Black Sludge\n|-damage|p2a: Gholdengo|50\/100|[from] move: Infestation|[partiallytrapped]\n|upkeep\n|turn|5\n|\n|t:|1700261154\n|move|p1a: Toxapex|Baneful Bunker||[still]\n|-fail|p1a: Toxapex\n|move|p2a: Gholdengo|Shadow Ball|p1a: Toxapex\n|-damage|p1a: Toxapex|7\/100\n|\n|-heal|p1a: Toxapex|13\/100|[from] item: Black Sludge\n|-damage|p2a: Gholdengo|38\/100|[from] move: Infestation|[partiallytrapped]\n|upkeep\n|turn|6\n|\n|t:|1700261157\n|switch|p1a: Kingambit|Kingambit, M|100\/100\n|move|p2a: Gholdengo|Shadow Ball|p1a: Kingambit\n|-resisted|p1a: Kingambit\n|-damage|p1a: Kingambit|70\/100\n|\n|-heal|p1a: Kingambit|76\/100|[from] item: Leftovers\n|-end|p2a: Gholdengo|Infestation|[partiallytrapped]\n|upkeep\n|turn|7\n|\n|t:|1700261165\n|switch|p2a: Ting-Lu|Ting-Lu|100\/100\n|-ability|p2a: Ting-Lu|Vessel of Ruin\n|move|p1a: Kingambit|Substitute|p1a: Kingambit\n|-start|p1a: Kingambit|Substitute\n|-damage|p1a: Kingambit|51\/100\n|\n|-heal|p1a: Kingambit|57\/100|[from] item: Leftovers\n|upkeep\n|turn|8\n|\n|t:|1700261171\n|move|p1a: Kingambit|Iron Head|p2a: Ting-Lu\n|-damage|p2a: Ting-Lu|76\/100\n|move|p2a: Ting-Lu|Ruination|p1a: Kingambit\n|-end|p1a: Kingambit|Substitute\n|\n|-heal|p1a: Kingambit|64\/100|[from] item: Leftovers\n|-heal|p2a: Ting-Lu|82\/100|[from] item: Leftovers\n|upkeep\n|turn|9\n|\n|t:|1700261185\n|-end|p1a: Kingambit|fallenundefined|[silent]\n|switch|p1a: Corviknight|Corviknight, M, shiny|100\/100\n|-ability|p1a: Corviknight|Pressure\n|move|p2a: Ting-Lu|Ruination|p1a: Corviknight\n|-damage|p1a: Corviknight|50\/100\n|\n|-heal|p2a: Ting-Lu|88\/100|[from] item: Leftovers\n|upkeep\n|turn|10\n|\n|t:|1700261192\n|move|p1a: Corviknight|Roost|p1a: Corviknight\n|-heal|p1a: Corviknight|100\/100\n|-singleturn|p1a: Corviknight|move: Roost\n|move|p2a: Ting-Lu|Spikes|p1a: Corviknight\n|-sidestart|p1: luchito420|Spikes\n|\n|-heal|p2a: Ting-Lu|95\/100|[from] item: Leftovers\n|upkeep\n|turn|11\n|\n|t:|1700261196\n|move|p1a: Corviknight|Body Press|p2a: Ting-Lu\n|-supereffective|p2a: Ting-Lu\n|-damage|p2a: Ting-Lu|65\/100\n|move|p2a: Ting-Lu|Ruination|p1a: Corviknight\n|-damage|p1a: Corviknight|50\/100\n|\n|-heal|p2a: Ting-Lu|72\/100|[from] item: Leftovers\n|upkeep\n|turn|12\n|\n|t:|1700261202\n|switch|p2a: Gholdengo|Gholdengo|38\/100\n|move|p1a: Corviknight|Iron Defense|p1a: Corviknight\n|-boost|p1a: Corviknight|def|2\n|\n|upkeep\n|turn|13\n|\n|t:|1700261224\n|move|p2a: Gholdengo|Shadow Ball|p1a: Corviknight\n|-damage|p1a: Corviknight|0 fnt\n|faint|p1a: Corviknight\n|\n|upkeep\n|inactive|luchito420 has 120 seconds left.\n|\n|t:|1700261245\n|switch|p1a: Heatran|Heatran, F|100\/100\n|-damage|p1a: Heatran|88\/100|[from] Spikes\n|turn|14\n|inactive|luchito420 has 120 seconds left.\n|\n|t:|1700261259\n|switch|p2a: Ting-Lu|Ting-Lu|72\/100\n|-ability|p2a: Ting-Lu|Vessel of Ruin\n|move|p1a: Heatran|Stealth Rock|p2a: Ting-Lu\n|-sidestart|p2: Sindicate VI|move: Stealth Rock\n|\n|-heal|p1a: Heatran|94\/100|[from] item: Leftovers\n|-heal|p2a: Ting-Lu|78\/100|[from] item: Leftovers\n|upkeep\n|turn|15\n|inactive|luchito420 has 120 seconds left.\n|\n|t:|1700261269\n|-terastallize|p1a: Heatran|Grass\n|move|p1a: Heatran|Taunt|p2a: Ting-Lu\n|-start|p2a: Ting-Lu|move: Taunt\n|move|p2a: Ting-Lu|Ruination|p1a: Heatran\n|-damage|p1a: Heatran|47\/100\n|\n|-heal|p1a: Heatran|54\/100|[from] item: Leftovers\n|-heal|p2a: Ting-Lu|84\/100|[from] item: Leftovers\n|upkeep\n|turn|16\n|inactive|luchito420 has 120 seconds left.\n|inactive|Sindicate VI has 120 seconds left.\n|\n|t:|1700261301\n|move|p1a: Heatran|Lava Plume|p2a: Ting-Lu\n|-damage|p2a: Ting-Lu|65\/100\n|-status|p2a: Ting-Lu|brn\n|move|p2a: Ting-Lu|Ruination|p1a: Heatran\n|-damage|p1a: Heatran|27\/100\n|\n|-heal|p1a: Heatran|33\/100|[from] item: Leftovers\n|-heal|p2a: Ting-Lu|72\/100 brn|[from] item: Leftovers\n|-damage|p2a: Ting-Lu|65\/100 brn|[from] brn\n|upkeep\n|turn|17\n|\n|t:|1700261313\n|switch|p1a: Hatterene|Hatterene, F|100\/100\n|-damage|p1a: Hatterene|88\/100|[from] Spikes\n|switch|p2a: Slowking|Slowking-Galar, F|100\/100\n|-damage|p2a: Slowking|88\/100|[from] Stealth Rock\n|\n|upkeep\n|turn|18\n|inactive|luchito420 has 120 seconds left.\n|\n|t:|1700261323\n|move|p2a: Slowking|Future Sight|p1a: Hatterene\n|-start|p2a: Slowking|move: Future Sight\n|move|p1a: Hatterene|Psyshock|p2a: Slowking\n|-damage|p2a: Slowking|51\/100\n|\n|upkeep\n|turn|19\n|\n|t:|1700261332\n|switch|p2a: Rillaboom|Rillaboom, M|100\/100\n|-damage|p2a: Rillaboom|88\/100|[from] Stealth Rock\n|-fieldstart|move: Grassy Terrain|[from] ability: Grassy Surge|[of] p2a: Rillaboom\n|move|p1a: Hatterene|Psyshock|p2a: Rillaboom\n|-damage|p2a: Rillaboom|39\/100\n|\n|-heal|p2a: Rillaboom|45\/100|[from] Grassy Terrain\n|-heal|p1a: Hatterene|94\/100|[from] Grassy Terrain\n|upkeep\n|turn|20\n|\n|t:|1700261339\n|move|p2a: Rillaboom|Wood Hammer|p1a: Hatterene\n|-crit|p1a: Hatterene\n|-damage|p1a: Hatterene|0 fnt\n|faint|p1a: Hatterene\n|-damage|p2a: Rillaboom|22\/100|[from] Recoil\n|\n|-hint|Future Sight did not hit because the target is fainted.\n|-heal|p2a: Rillaboom|28\/100|[from] Grassy Terrain\n|upkeep\n|\n|t:|1700261347\n|switch|p1a: Kingambit|Kingambit, M|64\/100\n|-damage|p1a: Kingambit|51\/100|[from] Spikes\n|-activate|p1a: Kingambit|ability: Supreme Overlord\n|-start|p1a: Kingambit|fallen2|[silent]\n|turn|21\n|\n|t:|1700261358\n|move|p2a: Rillaboom|Wood Hammer|p1a: Kingambit\n|-resisted|p1a: Kingambit\n|-damage|p1a: Kingambit|8\/100\n|-damage|p2a: Rillaboom|11\/100|[from] Recoil\n|move|p1a: Kingambit|Substitute|p1a: Kingambit\n|-fail|p1a: Kingambit|move: Substitute|[weak]\n|\n|-heal|p2a: Rillaboom|18\/100|[from] Grassy Terrain\n|-heal|p1a: Kingambit|14\/100|[from] Grassy Terrain\n|-heal|p1a: Kingambit|21\/100|[from] item: Leftovers\n|upkeep\n|turn|22\n|\n|t:|1700261364\n|switch|p2a: Dondozo|Dondozo, M|100\/100\n|-damage|p2a: Dondozo|88\/100|[from] Stealth Rock\n|move|p1a: Kingambit|Sucker Punch||[still]\n|-fail|p1a: Kingambit\n|\n|-heal|p1a: Kingambit|27\/100|[from] Grassy Terrain\n|-heal|p1a: Kingambit|33\/100|[from] item: Leftovers\n|-heal|p2a: Dondozo|94\/100|[from] Grassy Terrain\n|upkeep\n|turn|23\n|\n|t:|1700261372\n|-end|p1a: Kingambit|fallen2|[silent]\n|switch|p1a: Toxapex|Toxapex, F|46\/100\n|-damage|p1a: Toxapex|34\/100|[from] Spikes\n|move|p2a: Dondozo|Curse|p2a: Dondozo\n|-unboost|p2a: Dondozo|spe|1\n|-boost|p2a: Dondozo|atk|1\n|-boost|p2a: Dondozo|def|1\n|\n|-heal|p1a: Toxapex|40\/100|[from] Grassy Terrain\n|-heal|p1a: Toxapex|46\/100|[from] item: Black Sludge\n|-heal|p2a: Dondozo|99\/100|[from] Grassy Terrain\n|-fieldend|move: Grassy Terrain\n|upkeep\n|turn|24\n|\n|t:|1700261376\n|move|p1a: Toxapex|Infestation|p2a: Dondozo\n|-damage|p2a: Dondozo|99\/100\n|-activate|p2a: Dondozo|move: Infestation|[of] p1a: Toxapex\n|move|p2a: Dondozo|Curse|p2a: Dondozo\n|-unboost|p2a: Dondozo|spe|1\n|-boost|p2a: Dondozo|atk|1\n|-boost|p2a: Dondozo|def|1\n|\n|-heal|p1a: Toxapex|52\/100|[from] item: Black Sludge\n|-damage|p2a: Dondozo|86\/100|[from] move: Infestation|[partiallytrapped]\n|upkeep\n|turn|25\n|\n|t:|1700261380\n|move|p1a: Toxapex|Toxic|p2a: Dondozo\n|-status|p2a: Dondozo|tox\n|move|p2a: Dondozo|Curse|p2a: Dondozo\n|-unboost|p2a: Dondozo|spe|1\n|-boost|p2a: Dondozo|atk|1\n|-boost|p2a: Dondozo|def|1\n|\n|-heal|p1a: Toxapex|59\/100|[from] item: Black Sludge\n|-damage|p2a: Dondozo|80\/100 tox|[from] psn\n|-damage|p2a: Dondozo|67\/100 tox|[from] move: Infestation|[partiallytrapped]\n|upkeep\n|turn|26\n|\n|t:|1700261383\n|move|p1a: Toxapex|Haze|p1a: Toxapex\n|-clearallboost\n|move|p2a: Dondozo|Curse|p2a: Dondozo\n|-unboost|p2a: Dondozo|spe|1\n|-boost|p2a: Dondozo|atk|1\n|-boost|p2a: Dondozo|def|1\n|\n|-heal|p1a: Toxapex|65\/100|[from] item: Black Sludge\n|-damage|p2a: Dondozo|55\/100 tox|[from] psn\n|-damage|p2a: Dondozo|43\/100 tox|[from] move: Infestation|[partiallytrapped]\n|upkeep\n|turn|27\n|\n|t:|1700261393\n|move|p1a: Toxapex|Haze|p1a: Toxapex\n|-clearallboost\n|move|p2a: Dondozo|Rest|p2a: Dondozo\n|-status|p2a: Dondozo|slp|[from] move: Rest\n|-heal|p2a: Dondozo|100\/100 slp|[silent]\n|\n|-heal|p1a: Toxapex|71\/100|[from] item: Black Sludge\n|-damage|p2a: Dondozo|88\/100 slp|[from] move: Infestation|[partiallytrapped]\n|upkeep\n|turn|28\n|\n|t:|1700261398\n|switch|p1a: Ninetales|Ninetales-Alola, F|100\/100\n|-damage|p1a: Ninetales|88\/100|[from] Spikes\n|-weather|Snow|[from] ability: Snow Warning|[of] p1a: Ninetales\n|cant|p2a: Dondozo|slp\n|\n|-weather|Snow|[upkeep]\n|-end|p2a: Dondozo|Infestation|[partiallytrapped]|[silent]\n|upkeep\n|turn|29\n|\n|t:|1700261404\n|switch|p2a: Slowking|Slowking-Galar, F|84\/100\n|-damage|p2a: Slowking|72\/100|[from] Stealth Rock\n|move|p1a: Ninetales|Aurora Veil|p1a: Ninetales\n|-sidestart|p1: luchito420|move: Aurora Veil\n|\n|-weather|Snow|[upkeep]\n|upkeep\n|turn|30\n|\n|t:|1700261411\n|switch|p1a: Kingambit|Kingambit, M|33\/100\n|-damage|p1a: Kingambit|21\/100|[from] Spikes\n|-activate|p1a: Kingambit|ability: Supreme Overlord\n|-start|p1a: Kingambit|fallen2|[silent]\n|move|p2a: Slowking|Flamethrower|p1a: Kingambit\n|-supereffective|p1a: Kingambit\n|-damage|p1a: Kingambit|0 fnt\n|faint|p1a: Kingambit\n|-end|p1a: Kingambit|fallen2|[silent]\n|\n|-weather|Snow|[upkeep]\n|upkeep\n|-message|luchito420 forfeited.\n|\n|win|Sindicate VI\n|raw|luchito420's rating: 1417 &rarr; <strong>1402<\/strong><br \/>(-15 for losing)\n|raw|Sindicate VI's rating: 1499 &rarr; <strong>1514<\/strong><br \/>(+15 for winning)\n|l|\u2606luchito420\n","uploadtime":1700261419,"views":12,"p1id":"luchito420","p2id":"sindicatevi","formatid":"gen9ou","rating":1402,"private":0,"password":""}