{"id":"gen9ou-1992535594","p1":"Lord yottachad","p2":"aggggggggggg","format":"[Gen 9] OU","log":"|j|\u2606Lord yottachad\n|j|\u2606aggggggggggg\n|t:|1700201353\n|gametype|singles\n|player|p1|Lord yottachad|hiker-gen4|1158\n|player|p2|aggggggggggg|101|1180\n|teamsize|p1|6\n|teamsize|p2|6\n|gen|9\n|tier|[Gen 9] OU\n|rated|\n|rule|Sleep Clause Mod: Limit one foe put to sleep\n|rule|Species Clause: Limit one of each Pok\u00e9mon\n|rule|OHKO Clause: OHKO moves are banned\n|rule|Evasion Items Clause: Evasion items are banned\n|rule|Evasion Moves Clause: Evasion moves are banned\n|rule|Endless Battle Clause: Forcing endless battles is banned\n|rule|HP Percentage Mod: HP is shown in percentages\n|clearpoke\n|poke|p1|Garganacl, F|\n|poke|p1|Corviknight, M|\n|poke|p1|Hippowdon, F|\n|poke|p1|Electrode-Hisui|\n|poke|p1|Dragapult, F|\n|poke|p1|Toxicroak, M|\n|poke|p2|Alomomola, F|\n|poke|p2|Ogerpon-Cornerstone, F|\n|poke|p2|Kingambit, M|\n|poke|p2|Great Tusk|\n|poke|p2|Gholdengo|\n|poke|p2|Dondozo, M|\n|teampreview\n|\n|t:|1700201372\n|start\n|switch|p1a: Electrode|Electrode-Hisui|100\/100\n|switch|p2a: Dondozo|Dondozo, M|100\/100\n|turn|1\n|inactive|Battle timer is ON: inactive players will automatically lose when time's up. (requested by aggggggggggg)\n|\n|t:|1700201394\n|-terastallize|p2a: Dondozo|Dragon\n|move|p1a: Electrode|Thunderbolt|p2a: Dondozo\n|-resisted|p2a: Dondozo\n|-damage|p2a: Dondozo|86\/100\n|move|p2a: Dondozo|Curse|p2a: Dondozo\n|-unboost|p2a: Dondozo|spe|1\n|-boost|p2a: Dondozo|atk|1\n|-boost|p2a: Dondozo|def|1\n|\n|-heal|p2a: Dondozo|92\/100|[from] item: Leftovers\n|upkeep\n|turn|2\n|\n|t:|1700201402\n|move|p1a: Electrode|Volt Switch|p2a: Dondozo\n|-resisted|p2a: Dondozo\n|-damage|p2a: Dondozo|79\/100\n|\n|t:|1700201413\n|switch|p1a: Garganacl|Garganacl, F|100\/100|[from] Volt Switch\n|move|p2a: Dondozo|Curse|p2a: Dondozo\n|-unboost|p2a: Dondozo|spe|1\n|-boost|p2a: Dondozo|atk|1\n|-boost|p2a: Dondozo|def|1\n|\n|-heal|p2a: Dondozo|85\/100|[from] item: Leftovers\n|upkeep\n|turn|3\n|\n|t:|1700201424\n|move|p1a: Garganacl|Salt Cure|p2a: Dondozo\n|-damage|p2a: Dondozo|82\/100\n|-start|p2a: Dondozo|Salt Cure\n|move|p2a: Dondozo|Wave Crash|p1a: Garganacl\n|-supereffective|p1a: Garganacl\n|-damage|p1a: Garganacl|0 fnt\n|faint|p1a: Garganacl\n|-damage|p2a: Dondozo|56\/100|[from] Recoil\n|\n|-heal|p2a: Dondozo|62\/100|[from] item: Leftovers\n|-damage|p2a: Dondozo|49\/100|[from] Salt Cure\n|upkeep\n|\n|t:|1700201442\n|switch|p1a: Dragapult|Dragapult, F|100\/100\n|turn|4\n|\n|t:|1700201447\n|switch|p2a: Kingambit|Kingambit, M|100\/100\n|move|p1a: Dragapult|Draco Meteor|p2a: Kingambit\n|-resisted|p2a: Kingambit\n|-damage|p2a: Kingambit|59\/100\n|-unboost|p1a: Dragapult|spa|2\n|\n|upkeep\n|turn|5\n|\n|t:|1700201455\n|switch|p1a: Toxicroak|Toxicroak, M|100\/100\n|move|p2a: Kingambit|Iron Head|p1a: Toxicroak\n|-damage|p1a: Toxicroak|0 fnt\n|faint|p1a: Toxicroak\n|-damage|p2a: Kingambit|49\/100|[from] item: Life Orb\n|\n|upkeep\n|\n|t:|1700201469\n|switch|p1a: Electrode|Electrode-Hisui|100\/100\n|turn|6\n|\n|t:|1700201474\n|-end|p2a: Kingambit|fallenundefined|[silent]\n|switch|p2a: Ogerpon|Ogerpon-Cornerstone, F|100\/100\n|move|p1a: Electrode|Thunderbolt|p2a: Ogerpon\n|-resisted|p2a: Ogerpon\n|-damage|p2a: Ogerpon|82\/100\n|\n|upkeep\n|turn|7\n|\n|t:|1700201482\n|move|p1a: Electrode|Leaf Storm|p2a: Ogerpon\n|-damage|p2a: Ogerpon|27\/100\n|-unboost|p1a: Electrode|spa|2\n|move|p2a: Ogerpon|Focus Energy|p2a: Ogerpon\n|-start|p2a: Ogerpon|move: Focus Energy\n|\n|upkeep\n|turn|8\n|\n|t:|1700201488\n|switch|p2a: Gholdengo|Gholdengo|100\/100\n|move|p1a: Electrode|Leaf Storm|p2a: Gholdengo\n|-resisted|p2a: Gholdengo\n|-damage|p2a: Gholdengo|87\/100\n|-unboost|p1a: Electrode|spa|2\n|\n|upkeep\n|turn|9\n|\n|t:|1700201499\n|move|p1a: Electrode|Volt Switch|p2a: Gholdengo\n|-damage|p2a: Gholdengo|76\/100\n|\n|t:|1700201512\n|switch|p1a: Hippowdon|Hippowdon, F|100\/100|[from] Volt Switch\n|-weather|Sandstorm|[from] ability: Sand Stream|[of] p1a: Hippowdon\n|move|p2a: Gholdengo|Shadow Ball|p1a: Hippowdon\n|-damage|p1a: Hippowdon|70\/100\n|\n|-weather|Sandstorm|[upkeep]\n|-heal|p1a: Hippowdon|76\/100|[from] item: Leftovers\n|upkeep\n|turn|10\n|\n|t:|1700201528\n|switch|p2a: Alomomola|Alomomola, F|100\/100\n|move|p1a: Hippowdon|Stealth Rock|p2a: Alomomola\n|-sidestart|p2: aggggggggggg|move: Stealth Rock\n|\n|-weather|Sandstorm|[upkeep]\n|-damage|p2a: Alomomola|94\/100|[from] Sandstorm\n|-heal|p2a: Alomomola|100\/100|[from] item: Leftovers\n|-heal|p1a: Hippowdon|82\/100|[from] item: Leftovers\n|upkeep\n|turn|11\n|\n|t:|1700201538\n|switch|p1a: Dragapult|Dragapult, F|100\/100\n|move|p2a: Alomomola|Wish|p2a: Alomomola\n|\n|-weather|Sandstorm|[upkeep]\n|-damage|p1a: Dragapult|95\/100|[from] Sandstorm\n|-damage|p2a: Alomomola|94\/100|[from] Sandstorm\n|-heal|p2a: Alomomola|100\/100|[from] item: Leftovers\n|upkeep\n|turn|12\n|\n|t:|1700201543\n|move|p1a: Dragapult|Draco Meteor|p2a: Alomomola\n|-damage|p2a: Alomomola|6\/100\n|-unboost|p1a: Dragapult|spa|2\n|move|p2a: Alomomola|Flip Turn|p1a: Dragapult\n|-resisted|p1a: Dragapult\n|-damage|p1a: Dragapult|85\/100\n|\n|t:|1700201551\n|switch|p2a: Kingambit|Kingambit, M|49\/100|[from] Flip Turn\n|-damage|p2a: Kingambit|43\/100|[from] Stealth Rock\n|\n|-weather|Sandstorm|[upkeep]\n|-damage|p1a: Dragapult|79\/100|[from] Sandstorm\n|-heal|p2a: Kingambit|100\/100|[from] move: Wish|[wisher] Alomomola\n|upkeep\n|turn|13\n|\n|t:|1700201558\n|switch|p1a: Hippowdon|Hippowdon, F|82\/100\n|move|p2a: Kingambit|Swords Dance|p2a: Kingambit\n|-boost|p2a: Kingambit|atk|2\n|\n|-weather|none\n|-heal|p1a: Hippowdon|88\/100|[from] item: Leftovers\n|upkeep\n|turn|14\n|\n|t:|1700201572\n|move|p2a: Kingambit|Sucker Punch||[still]\n|-fail|p2a: Kingambit\n|move|p1a: Hippowdon|Whirlwind|p2a: Kingambit\n|-end|p2a: Kingambit|fallenundefined|[silent]\n|drag|p2a: Ogerpon|Ogerpon-Cornerstone, F|27\/100\n|-damage|p2a: Ogerpon|15\/100|[from] Stealth Rock\n|\n|-heal|p1a: Hippowdon|95\/100|[from] item: Leftovers\n|upkeep\n|turn|15\n|\n|t:|1700201578\n|switch|p2a: Great Tusk|Great Tusk|100\/100\n|-damage|p2a: Great Tusk|98\/100|[from] Stealth Rock\n|switch|p1a: Corviknight|Corviknight, M|100\/100\n|-ability|p1a: Corviknight|Pressure\n|\n|upkeep\n|turn|16\n|\n|t:|1700201586\n|switch|p1a: Dragapult|Dragapult, F|79\/100\n|move|p2a: Great Tusk|Rapid Spin|p1a: Dragapult\n|-immune|p1a: Dragapult\n|\n|upkeep\n|turn|17\n|\n|t:|1700201591\n|move|p1a: Dragapult|Draco Meteor|p2a: Great Tusk\n|-damage|p2a: Great Tusk|0 fnt\n|-unboost|p1a: Dragapult|spa|2\n|faint|p2a: Great Tusk\n|-end|p2a: Great Tusk|Protosynthesis|[silent]\n|\n|upkeep\n|\n|t:|1700201597\n|switch|p2a: Kingambit|Kingambit, M|100\/100\n|-damage|p2a: Kingambit|94\/100|[from] Stealth Rock\n|-activate|p2a: Kingambit|ability: Supreme Overlord\n|-start|p2a: Kingambit|fallen1|[silent]\n|turn|18\n|\n|t:|1700201609\n|switch|p1a: Hippowdon|Hippowdon, F|95\/100\n|-weather|Sandstorm|[from] ability: Sand Stream|[of] p1a: Hippowdon\n|move|p2a: Kingambit|Swords Dance|p2a: Kingambit\n|-boost|p2a: Kingambit|atk|2\n|\n|-weather|Sandstorm|[upkeep]\n|-heal|p1a: Hippowdon|100\/100|[from] item: Leftovers\n|upkeep\n|turn|19\n|\n|t:|1700201614\n|move|p2a: Kingambit|Iron Head|p1a: Hippowdon\n|-damage|p1a: Hippowdon|5\/100\n|-damage|p2a: Kingambit|84\/100|[from] item: Life Orb\n|move|p1a: Hippowdon|Earthquake|p2a: Kingambit\n|-supereffective|p2a: Kingambit\n|-damage|p2a: Kingambit|29\/100\n|\n|-weather|Sandstorm|[upkeep]\n|-heal|p1a: Hippowdon|12\/100|[from] item: Leftovers\n|upkeep\n|turn|20\n|\n|t:|1700201623\n|move|p2a: Kingambit|Iron Head|p1a: Hippowdon\n|-damage|p1a: Hippowdon|0 fnt\n|faint|p1a: Hippowdon\n|-damage|p2a: Kingambit|19\/100|[from] item: Life Orb\n|\n|-weather|Sandstorm|[upkeep]\n|upkeep\n|\n|t:|1700201625\n|switch|p1a: Corviknight|Corviknight, M|100\/100\n|-ability|p1a: Corviknight|Pressure\n|turn|21\n|\n|t:|1700201631\n|move|p2a: Kingambit|Sucker Punch|p1a: Corviknight\n|-damage|p1a: Corviknight|28\/100\n|-damage|p2a: Kingambit|2\/100|[from] item: Rocky Helmet|[of] p1a: Corviknight\n|-damage|p2a: Kingambit|0 fnt|[from] item: Life Orb\n|faint|p2a: Kingambit\n|-end|p2a: Kingambit|fallen1|[silent]\n|move|p1a: Corviknight|Brave Bird|p2: Kingambit|[notarget]\n|-fail|p1a: Corviknight\n|\n|-weather|Sandstorm|[upkeep]\n|upkeep\n|\n|t:|1700201643\n|switch|p2a: Gholdengo|Gholdengo|76\/100\n|-damage|p2a: Gholdengo|70\/100|[from] Stealth Rock\n|turn|22\n|\n|t:|1700201658\n|move|p2a: Gholdengo|Shadow Ball|p1a: Corviknight\n|-damage|p1a: Corviknight|0 fnt\n|faint|p1a: Corviknight\n|\n|-weather|none\n|upkeep\n|\n|t:|1700201663\n|switch|p1a: Dragapult|Dragapult, F|79\/100\n|turn|23\n|\n|t:|1700201686\n|-terastallize|p1a: Dragapult|Ghost\n|move|p1a: Dragapult|Shadow Ball|p2a: Gholdengo\n|-supereffective|p2a: Gholdengo\n|-damage|p2a: Gholdengo|0 fnt\n|faint|p2a: Gholdengo\n|\n|upkeep\n|\n|t:|1700201694\n|switch|p2a: Alomomola|Alomomola, F|40\/100\n|-damage|p2a: Alomomola|27\/100|[from] Stealth Rock\n|turn|24\n|\n|t:|1700201698\n|move|p1a: Dragapult|Shadow Ball|p2a: Alomomola\n|-damage|p2a: Alomomola|0 fnt\n|faint|p2a: Alomomola\n|\n|upkeep\n|\n|t:|1700201700\n|switch|p2a: Dondozo|Dondozo, M, tera:Dragon|49\/100\n|-damage|p2a: Dondozo|37\/100|[from] Stealth Rock\n|turn|25\n|\n|t:|1700201705\n|move|p1a: Dragapult|Shadow Ball|p2a: Dondozo\n|-damage|p2a: Dondozo|0 fnt\n|faint|p2a: Dondozo\n|\n|upkeep\n|\n|t:|1700201708\n|switch|p2a: Ogerpon|Ogerpon-Cornerstone, F|15\/100\n|-damage|p2a: Ogerpon|2\/100|[from] Stealth Rock\n|turn|26\n|\n|t:|1700201710\n|move|p1a: Dragapult|Shadow Ball|p2a: Ogerpon\n|-damage|p2a: Ogerpon|0 fnt\n|faint|p2a: Ogerpon\n|\n|win|Lord yottachad\n|raw|Lord yottachad's rating: 1158 &rarr; <strong>1185<\/strong><br \/>(+27 for winning)\n|raw|aggggggggggg's rating: 1180 &rarr; <strong>1153<\/strong><br \/>(-27 for losing)\n|c|\u2606Lord yottachad|Gg\n|l|\u2606aggggggggggg\n|l|\u2606Lord yottachad\n|j|\u2606Lord yottachad\n|player|p1|Lord yottachad|hiker-gen4\n","uploadtime":1700201735,"views":7,"p1id":"lordyottachad","p2id":"aggggggggggg","formatid":"gen9ou","rating":1153,"private":0,"password":""}