{"id":"gen9ou-1988504371","p1":"ArtillarySquid","p2":"punkmag","format":"[Gen 9] OU","log":"|j|\u2606ArtillarySquid\n|j|\u2606punkmag\n|t:|1699730027\n|gametype|singles\n|player|p1|ArtillarySquid|lucas-gen4pt|1271\n|player|p2|punkmag|waitress-gen4|1180\n|teamsize|p1|6\n|teamsize|p2|6\n|gen|9\n|tier|[Gen 9] OU\n|rated|\n|rule|Sleep Clause Mod: Limit one foe put to sleep\n|rule|Species Clause: Limit one of each Pok\u00e9mon\n|rule|OHKO Clause: OHKO moves are banned\n|rule|Evasion Items Clause: Evasion items are banned\n|rule|Evasion Moves Clause: Evasion moves are banned\n|rule|Endless Battle Clause: Forcing endless battles is banned\n|rule|HP Percentage Mod: HP is shown in percentages\n|clearpoke\n|poke|p1|Alomomola, M|\n|poke|p1|Blissey, F|\n|poke|p1|Great Tusk|\n|poke|p1|Dragapult, M|\n|poke|p1|Heatran, F|\n|poke|p1|Glimmora, M|\n|poke|p2|Hoopa-Unbound|\n|poke|p2|Dragapult, F|\n|poke|p2|Maushold|\n|poke|p2|Gliscor, M|\n|poke|p2|Fezandipiti, M|\n|poke|p2|Grafaiai, F|\n|teampreview\n|inactive|Battle timer is ON: inactive players will automatically lose when time's up. (requested by punkmag)\n|inactive|ArtillarySquid also wants the timer to be on.\n|\n|t:|1699730042\n|start\n|switch|p1a: Heatran|Heatran, F|100\/100\n|switch|p2a: Gliscor|Gliscor, M|100\/100\n|turn|1\n|\n|t:|1699730054\n|switch|p1a: Alomomola|Alomomola, M|100\/100\n|move|p2a: Gliscor|Earthquake|p1a: Alomomola\n|-damage|p1a: Alomomola|81\/100\n|\n|-status|p2a: Gliscor|tox|[from] item: Toxic Orb\n|upkeep\n|turn|2\n|\n|t:|1699730066\n|switch|p2a: Grafaiai|Grafaiai, F|100\/100\n|move|p1a: Alomomola|Whirlpool|p2a: Grafaiai\n|-damage|p2a: Grafaiai|93\/100\n|-activate|p2a: Grafaiai|move: Whirlpool|[of] p1a: Alomomola\n|\n|-heal|p2a: Grafaiai|99\/100|[from] item: Leftovers\n|-damage|p2a: Grafaiai|87\/100|[from] move: Whirlpool|[partiallytrapped]\n|upkeep\n|turn|3\n|\n|t:|1699730083\n|move|p2a: Grafaiai|Knock Off|p1a: Alomomola\n|-damage|p1a: Alomomola|70\/100\n|-enditem|p1a: Alomomola|Heavy-Duty Boots|[from] move: Knock Off|[of] p2a: Grafaiai\n|move|p1a: Alomomola|Wish|p1a: Alomomola\n|\n|-heal|p2a: Grafaiai|93\/100|[from] item: Leftovers\n|-damage|p2a: Grafaiai|81\/100|[from] move: Whirlpool|[partiallytrapped]\n|upkeep\n|turn|4\n|\n|t:|1699730095\n|move|p2a: Grafaiai|Parting Shot|p1a: Alomomola\n|-unboost|p1a: Alomomola|atk|1\n|-unboost|p1a: Alomomola|spa|1\n|\n|t:|1699730109\n|switch|p2a: Fezandipiti|Fezandipiti, M|100\/100|[from] Parting Shot\n|-item|p2a: Fezandipiti|Air Balloon\n|move|p1a: Alomomola|Chilling Water|p2a: Fezandipiti\n|-damage|p2a: Fezandipiti|96\/100\n|-unboost|p2a: Fezandipiti|atk|1\n|-enditem|p2a: Fezandipiti|Air Balloon\n|\n|-heal|p1a: Alomomola|100\/100|[from] move: Wish|[wisher] Alomomola\n|upkeep\n|turn|5\n|\n|t:|1699730122\n|switch|p1a: Glimmora|Glimmora, M|100\/100\n|move|p2a: Fezandipiti|U-turn|p1a: Glimmora\n|-resisted|p1a: Glimmora\n|-damage|p1a: Glimmora|95\/100\n|-activate|p1a: Glimmora|ability: Toxic Debris\n|-sidestart|p2: punkmag|move: Toxic Spikes\n|\n|t:|1699730130\n|switch|p2a: Gliscor|Gliscor, M|100\/100 tox|[from] U-turn\n|\n|upkeep\n|turn|6\n|\n|t:|1699730140\n|switch|p1a: Alomomola|Alomomola, M|100\/100\n|move|p2a: Gliscor|Earthquake|p1a: Alomomola\n|-damage|p1a: Alomomola|81\/100\n|\n|upkeep\n|turn|7\n|\n|t:|1699730152\n|switch|p2a: Fezandipiti|Fezandipiti, M|96\/100\n|-sideend|p2: punkmag|move: Toxic Spikes|[of] p2a: Fezandipiti\n|move|p1a: Alomomola|Whirlpool|p2a: Fezandipiti\n|-damage|p2a: Fezandipiti|91\/100\n|-activate|p2a: Fezandipiti|move: Whirlpool|[of] p1a: Alomomola\n|\n|-damage|p2a: Fezandipiti|79\/100|[from] move: Whirlpool|[partiallytrapped]\n|upkeep\n|turn|8\n|\n|t:|1699730162\n|move|p1a: Alomomola|Protect|p1a: Alomomola\n|-singleturn|p1a: Alomomola|Protect\n|move|p2a: Fezandipiti|Taunt|p1a: Alomomola\n|-activate|p1a: Alomomola|move: Protect\n|\n|-damage|p2a: Fezandipiti|67\/100|[from] move: Whirlpool|[partiallytrapped]\n|upkeep\n|turn|9\n|\n|t:|1699730174\n|switch|p1a: Glimmora|Glimmora, M|95\/100\n|move|p2a: Fezandipiti|U-turn|p1a: Glimmora\n|-resisted|p1a: Glimmora\n|-damage|p1a: Glimmora|86\/100\n|-activate|p1a: Glimmora|ability: Toxic Debris\n|-sidestart|p2: punkmag|move: Toxic Spikes\n|\n|t:|1699730184\n|switch|p2a: Gliscor|Gliscor, M|100\/100 tox|[from] U-turn\n|\n|upkeep\n|turn|10\n|\n|t:|1699730194\n|move|p2a: Gliscor|Toxic|p1a: Glimmora\n|-immune|p1a: Glimmora\n|move|p1a: Glimmora|Stealth Rock|p2a: Gliscor\n|-sidestart|p2: punkmag|move: Stealth Rock\n|\n|upkeep\n|turn|11\n|\n|t:|1699730206\n|switch|p1a: Alomomola|Alomomola, M|100\/100\n|move|p2a: Gliscor|Toxic|p1a: Alomomola\n|-status|p1a: Alomomola|tox\n|\n|-damage|p1a: Alomomola|94\/100 tox|[from] psn\n|upkeep\n|turn|12\n|\n|t:|1699730223\n|move|p2a: Gliscor|Facade|p1a: Alomomola\n|-damage|p1a: Alomomola|77\/100 tox\n|move|p1a: Alomomola|Whirlpool|p2a: Gliscor\n|-supereffective|p2a: Gliscor\n|-damage|p2a: Gliscor|84\/100 tox\n|-activate|p2a: Gliscor|move: Whirlpool|[of] p1a: Alomomola\n|\n|-heal|p2a: Gliscor|97\/100 tox|[from] ability: Poison Heal\n|-damage|p1a: Alomomola|64\/100 tox|[from] psn\n|-damage|p2a: Gliscor|84\/100 tox|[from] move: Whirlpool|[partiallytrapped]\n|upkeep\n|turn|13\n|\n|t:|1699730237\n|move|p2a: Gliscor|Earthquake|p1a: Alomomola\n|-damage|p1a: Alomomola|46\/100 tox\n|move|p1a: Alomomola|Wish|p1a: Alomomola\n|\n|-heal|p2a: Gliscor|97\/100 tox|[from] ability: Poison Heal\n|-damage|p1a: Alomomola|27\/100 tox|[from] psn\n|-damage|p2a: Gliscor|84\/100 tox|[from] move: Whirlpool|[partiallytrapped]\n|upkeep\n|turn|14\n|\n|t:|1699730255\n|switch|p1a: Dragapult|Dragapult, M|100\/100\n|move|p2a: Gliscor|Earthquake|p1a: Dragapult\n|-damage|p1a: Dragapult|44\/100\n|\n|-heal|p1a: Dragapult|100\/100|[from] move: Wish|[wisher] Alomomola\n|-heal|p2a: Gliscor|97\/100 tox|[from] ability: Poison Heal\n|-end|p2a: Gliscor|Whirlpool|[partiallytrapped]|[silent]\n|upkeep\n|turn|15\n|\n|t:|1699730264\n|switch|p2a: Fezandipiti|Fezandipiti, M|67\/100\n|-sideend|p2: punkmag|move: Toxic Spikes|[of] p2a: Fezandipiti\n|-damage|p2a: Fezandipiti|55\/100|[from] Stealth Rock\n|move|p1a: Dragapult|Substitute|p1a: Dragapult\n|-start|p1a: Dragapult|Substitute\n|-damage|p1a: Dragapult|76\/100\n|\n|-heal|p1a: Dragapult|82\/100|[from] item: Leftovers\n|upkeep\n|turn|16\n|\n|t:|1699730274\n|move|p1a: Dragapult|Will-O-Wisp|p2a: Fezandipiti\n|-status|p2a: Fezandipiti|brn\n|move|p2a: Fezandipiti|Tailwind|p2a: Fezandipiti\n|-sidestart|p2: punkmag|move: Tailwind\n|\n|-heal|p1a: Dragapult|88\/100|[from] item: Leftovers\n|-damage|p2a: Fezandipiti|48\/100 brn|[from] brn\n|upkeep\n|turn|17\n|\n|t:|1699730283\n|move|p2a: Fezandipiti|Taunt|p1a: Dragapult\n|-start|p1a: Dragapult|move: Taunt\n|move|p1a: Dragapult|Hex|p2a: Fezandipiti\n|-damage|p2a: Fezandipiti|11\/100 brn\n|\n|-heal|p1a: Dragapult|94\/100|[from] item: Leftovers\n|-damage|p2a: Fezandipiti|4\/100 brn|[from] brn\n|upkeep\n|turn|18\n|\n|t:|1699730294\n|move|p2a: Fezandipiti|U-turn|p1a: Dragapult\n|-resisted|p1a: Dragapult\n|-activate|p1a: Dragapult|move: Substitute|[damage]\n|\n|t:|1699730297\n|switch|p2a: Maushold|Maushold|100\/100|[from] U-turn\n|-damage|p2a: Maushold|88\/100|[from] Stealth Rock\n|move|p1a: Dragapult|Hex|p2a: Maushold\n|-immune|p2a: Maushold\n|\n|-heal|p1a: Dragapult|99\/100|[from] item: Leftovers\n|upkeep\n|turn|19\n|\n|t:|1699730305\n|move|p2a: Maushold|Tidy Up|p2a: Maushold\n|-end|p1a: Dragapult|Substitute\n|-sideend|p2: punkmag|Stealth Rock\n|-activate|p2a: Maushold|move: Tidy Up\n|-boost|p2a: Maushold|atk|1\n|-boost|p2a: Maushold|spe|1\n|move|p1a: Dragapult|Dragon Darts|p2a: Maushold\n|-damage|p2a: Maushold|54\/100\n|-anim|p1a: Dragapult|Dragon Darts|p2a: Maushold\n|-damage|p2a: Maushold|22\/100\n|\n|-heal|p1a: Dragapult|100\/100|[from] item: Leftovers\n|-end|p1a: Dragapult|move: Taunt\n|-sideend|p2: punkmag|move: Tailwind\n|upkeep\n|turn|20\n|\n|t:|1699730321\n|move|p2a: Maushold|Bite|p1a: Dragapult\n|-supereffective|p1a: Dragapult\n|-damage|p1a: Dragapult|2\/100\n|move|p1a: Dragapult|Will-O-Wisp|p2a: Maushold\n|-status|p2a: Maushold|brn\n|\n|-heal|p1a: Dragapult|8\/100|[from] item: Leftovers\n|-damage|p2a: Maushold|15\/100 brn|[from] brn\n|upkeep\n|turn|21\n|\n|t:|1699730334\n|switch|p1a: Alomomola|Alomomola, M|60\/100 tox\n|move|p2a: Maushold|Bite|p1a: Alomomola\n|-damage|p1a: Alomomola|52\/100 tox\n|\n|-damage|p1a: Alomomola|45\/100 tox|[from] psn\n|-damage|p2a: Maushold|9\/100 brn|[from] brn\n|upkeep\n|turn|22\n|\n|t:|1699730344\n|move|p2a: Maushold|Population Bomb|p1a: Alomomola\n|-damage|p1a: Alomomola|41\/100 tox\n|-damage|p1a: Alomomola|36\/100 tox\n|-damage|p1a: Alomomola|32\/100 tox\n|-damage|p1a: Alomomola|27\/100 tox\n|-damage|p1a: Alomomola|23\/100 tox\n|-damage|p1a: Alomomola|18\/100 tox\n|-damage|p1a: Alomomola|13\/100 tox\n|-damage|p1a: Alomomola|9\/100 tox\n|-damage|p1a: Alomomola|5\/100 tox\n|-damage|p1a: Alomomola|1\/100 tox\n|-hitcount|p1a: Alomomola|10\n|move|p1a: Alomomola|Wish|p1a: Alomomola\n|\n|-damage|p1a: Alomomola|0 fnt|[from] psn\n|faint|p1a: Alomomola\n|-damage|p2a: Maushold|3\/100 brn|[from] brn\n|upkeep\n|\n|t:|1699730367\n|switch|p1a: Great Tusk|Great Tusk|100\/100\n|-enditem|p1a: Great Tusk|Booster Energy\n|-activate|p1a: Great Tusk|ability: Protosynthesis|[fromitem]\n|-start|p1a: Great Tusk|protosynthesisspe\n|turn|23\n|\n|t:|1699730389\n|move|p2a: Maushold|Population Bomb|p1a: Great Tusk\n|-damage|p1a: Great Tusk|96\/100\n|-damage|p1a: Great Tusk|91\/100\n|-damage|p1a: Great Tusk|86\/100\n|-damage|p1a: Great Tusk|81\/100\n|-damage|p1a: Great Tusk|75\/100\n|-damage|p1a: Great Tusk|70\/100\n|-damage|p1a: Great Tusk|65\/100\n|-damage|p1a: Great Tusk|61\/100\n|-damage|p1a: Great Tusk|56\/100\n|-damage|p1a: Great Tusk|50\/100\n|-hitcount|p1a: Great Tusk|10\n|move|p1a: Great Tusk|Bulk Up|p1a: Great Tusk\n|-boost|p1a: Great Tusk|atk|1\n|-boost|p1a: Great Tusk|def|1\n|\n|-heal|p1a: Great Tusk|100\/100|[from] move: Wish|[wisher] Alomomola\n|-damage|p2a: Maushold|0 fnt|[from] brn\n|faint|p2a: Maushold\n|upkeep\n|inactive|punkmag has 120 seconds left.\n|\n|t:|1699730408\n|switch|p2a: Grafaiai|Grafaiai, F|81\/100\n|turn|24\n|\n|t:|1699730418\n|move|p2a: Grafaiai|Encore|p1a: Great Tusk\n|-start|p1a: Great Tusk|Encore\n|move|p1a: Great Tusk|Bulk Up|p1a: Great Tusk\n|-boost|p1a: Great Tusk|atk|1\n|-boost|p1a: Great Tusk|def|1\n|\n|-heal|p2a: Grafaiai|87\/100|[from] item: Leftovers\n|upkeep\n|turn|25\n|\n|t:|1699730429\n|switch|p2a: Gliscor|Gliscor, M|97\/100 tox\n|move|p1a: Great Tusk|Bulk Up|p1a: Great Tusk\n|-boost|p1a: Great Tusk|atk|1\n|-boost|p1a: Great Tusk|def|1\n|\n|-heal|p2a: Gliscor|100\/100 tox|[from] ability: Poison Heal\n|upkeep\n|turn|26\n|\n|t:|1699730438\n|move|p1a: Great Tusk|Bulk Up|p1a: Great Tusk\n|-boost|p1a: Great Tusk|atk|1\n|-boost|p1a: Great Tusk|def|1\n|move|p2a: Gliscor|Toxic|p1a: Great Tusk\n|-status|p1a: Great Tusk|tox\n|\n|-damage|p1a: Great Tusk|94\/100 tox|[from] psn\n|-end|p1a: Great Tusk|Encore\n|upkeep\n|turn|27\n|\n|t:|1699730447\n|switch|p2a: Fezandipiti|Fezandipiti, M|4\/100 brn\n|move|p1a: Great Tusk|Ice Spinner|p2a: Fezandipiti\n|-damage|p2a: Fezandipiti|0 fnt\n|faint|p2a: Fezandipiti\n|\n|-damage|p1a: Great Tusk|82\/100 tox|[from] psn\n|upkeep\n|inactive|punkmag has 120 seconds left.\n|\n|t:|1699730478\n|switch|p2a: Grafaiai|Grafaiai, F|87\/100\n|turn|28\n|inactive|punkmag has 120 seconds left.\n|\n|t:|1699730495\n|move|p2a: Grafaiai|Encore|p1a: Great Tusk\n|-start|p1a: Great Tusk|Encore\n|move|p1a: Great Tusk|Ice Spinner|p2a: Grafaiai\n|-damage|p2a: Grafaiai|0 fnt\n|faint|p2a: Grafaiai\n|\n|-damage|p1a: Great Tusk|63\/100 tox|[from] psn\n|upkeep\n|\n|t:|1699730506\n|switch|p2a: Gliscor|Gliscor, M|100\/100 tox\n|turn|29\n|\n|t:|1699730520\n|-terastallize|p2a: Gliscor|Water\n|move|p1a: Great Tusk|Ice Spinner|p2a: Gliscor\n|-resisted|p2a: Gliscor\n|-damage|p2a: Gliscor|74\/100 tox\n|move|p2a: Gliscor|Earthquake|p1a: Great Tusk\n|-damage|p1a: Great Tusk|55\/100 tox\n|\n|-damage|p1a: Great Tusk|30\/100 tox|[from] psn\n|-heal|p2a: Gliscor|86\/100 tox|[from] ability: Poison Heal\n|upkeep\n|turn|30\n|\n|t:|1699730538\n|move|p1a: Great Tusk|Ice Spinner|p2a: Gliscor\n|-resisted|p2a: Gliscor\n|-damage|p2a: Gliscor|57\/100 tox\n|move|p2a: Gliscor|Earthquake|p1a: Great Tusk\n|-damage|p1a: Great Tusk|23\/100 tox\n|\n|-damage|p1a: Great Tusk|0 fnt|[from] psn\n|faint|p1a: Great Tusk\n|-end|p1a: Great Tusk|Protosynthesis|[silent]\n|-heal|p2a: Gliscor|70\/100 tox|[from] ability: Poison Heal\n|upkeep\n|inactive|ArtillarySquid has 120 seconds left.\n|\n|t:|1699730571\n|switch|p1a: Dragapult|Dragapult, M|8\/100\n|turn|31\n|\n|t:|1699730578\n|move|p1a: Dragapult|Hex|p2a: Gliscor\n|-damage|p2a: Gliscor|1\/100 tox\n|move|p2a: Gliscor|Earthquake|p1a: Dragapult\n|-damage|p1a: Dragapult|0 fnt\n|faint|p1a: Dragapult\n|\n|-heal|p2a: Gliscor|14\/100 tox|[from] ability: Poison Heal\n|upkeep\n|inactive|ArtillarySquid has 120 seconds left.\n|c|\u2606ArtillarySquid|damn\n|\n|t:|1699730588\n|switch|p1a: Glimmora|Glimmora, M|86\/100\n|turn|32\n|\n|t:|1699730595\n|-terastallize|p1a: Glimmora|Grass\n|move|p2a: Gliscor|Earthquake|p1a: Glimmora\n|-resisted|p1a: Glimmora\n|-damage|p1a: Glimmora|63\/100\n|-activate|p1a: Glimmora|ability: Toxic Debris\n|-sidestart|p2: punkmag|move: Toxic Spikes\n|move|p1a: Glimmora|Energy Ball|p2a: Gliscor\n|-supereffective|p2a: Gliscor\n|-crit|p2a: Gliscor\n|-damage|p2a: Gliscor|0 fnt\n|faint|p2a: Gliscor\n|\n|upkeep\n|inactive|punkmag has 120 seconds left.\n|\n|t:|1699730620\n|switch|p2a: Dragapult|Dragapult, F|100\/100\n|-status|p2a: Dragapult|psn\n|turn|33\n|inactive|ArtillarySquid has 120 seconds left.\n|\n|t:|1699730641\n|switch|p1a: Heatran|Heatran, F|100\/100\n|move|p2a: Dragapult|Draco Meteor|p1a: Heatran\n|-resisted|p1a: Heatran\n|-damage|p1a: Heatran|60\/100\n|-unboost|p2a: Dragapult|spa|2\n|\n|-heal|p1a: Heatran|66\/100|[from] item: Leftovers\n|-damage|p2a: Dragapult|88\/100 psn|[from] psn\n|upkeep\n|turn|34\n|inactive|ArtillarySquid has 120 seconds left.\n|\n|t:|1699730654\n|switch|p2a: Hoopa|Hoopa-Unbound|100\/100\n|-status|p2a: Hoopa|psn\n|move|p1a: Heatran|Magma Storm|p2a: Hoopa\n|-damage|p2a: Hoopa|55\/100 psn\n|-activate|p2a: Hoopa|move: Magma Storm|[of] p1a: Heatran\n|\n|-heal|p1a: Heatran|72\/100|[from] item: Leftovers\n|-damage|p2a: Hoopa|43\/100 psn|[from] psn\n|-damage|p2a: Hoopa|31\/100 psn|[from] move: Magma Storm|[partiallytrapped]\n|upkeep\n|turn|35\n|inactive|punkmag has 120 seconds left.\n|inactive|ArtillarySquid has 120 seconds left.\n|\n|t:|1699730671\n|switch|p1a: Glimmora|Glimmora, M, tera:Grass|63\/100\n|move|p2a: Hoopa|Hyperspace Fury|p1a: Glimmora\n|-damage|p1a: Glimmora|0 fnt\n|-unboost|p2a: Hoopa|def|1\n|-activate|p1a: Glimmora|ability: Toxic Debris\n|-sidestart|p2: punkmag|move: Toxic Spikes\n|faint|p1a: Glimmora\n|\n|-damage|p2a: Hoopa|18\/100 psn|[from] psn\n|-end|p2a: Hoopa|Magma Storm|[partiallytrapped]|[silent]\n|upkeep\n|inactive|ArtillarySquid has 120 seconds left.\n|\n|t:|1699730683\n|switch|p1a: Heatran|Heatran, F|72\/100\n|turn|36\n|inactive|ArtillarySquid has 120 seconds left.\n|inactive|punkmag has 120 seconds left.\n|\n|t:|1699730692\n|switch|p2a: Dragapult|Dragapult, F|88\/100 psn\n|move|p1a: Heatran|Flash Cannon|p2a: Dragapult\n|-damage|p2a: Dragapult|30\/100 psn\n|\n|-heal|p1a: Heatran|78\/100|[from] item: Leftovers\n|-damage|p2a: Dragapult|17\/100 psn|[from] psn\n|upkeep\n|turn|37\n|inactive|ArtillarySquid has 120 seconds left.\n|\n|t:|1699730702\n|move|p2a: Dragapult|Draco Meteor|p1a: Heatran\n|-resisted|p1a: Heatran\n|-crit|p1a: Heatran\n|-damage|p1a: Heatran|15\/100\n|-unboost|p2a: Dragapult|spa|2\n|move|p1a: Heatran|Flash Cannon|p2a: Dragapult\n|-damage|p2a: Dragapult|0 fnt\n|faint|p2a: Dragapult\n|\n|-heal|p1a: Heatran|21\/100|[from] item: Leftovers\n|upkeep\n|\n|t:|1699730711\n|switch|p2a: Hoopa|Hoopa-Unbound|18\/100 psn\n|turn|38\n|\n|t:|1699730720\n|move|p2a: Hoopa|Hyperspace Fury|p1a: Heatran\n|-damage|p1a: Heatran|0 fnt\n|-unboost|p2a: Hoopa|def|1\n|faint|p1a: Heatran\n|\n|-damage|p2a: Hoopa|6\/100 psn|[from] psn\n|upkeep\n|\n|t:|1699730726\n|switch|p1a: Blissey|Blissey, F|100\/100\n|turn|39\n|\n|t:|1699730736\n|move|p2a: Hoopa|Hyperspace Fury|p1a: Blissey\n|-crit|p1a: Blissey\n|-damage|p1a: Blissey|36\/100\n|-unboost|p2a: Hoopa|def|1\n|move|p1a: Blissey|Shadow Ball|p2a: Hoopa\n|-damage|p2a: Hoopa|0 fnt\n|faint|p2a: Hoopa\n|\n|win|ArtillarySquid\n|raw|ArtillarySquid's rating: 1271 &rarr; <strong>1290<\/strong><br \/>(+19 for winning)\n|raw|punkmag's rating: 1180 &rarr; <strong>1161<\/strong><br \/>(-19 for losing)\n|c|\u2606ArtillarySquid|gg\n","uploadtime":1699730749,"views":12,"p1id":"artillarysquid","p2id":"punkmag","formatid":"gen9ou","rating":1161,"private":0,"password":""}