{"id":"gen9ou-1990842709","p1":"taised","p2":"SuperGamer39555","format":"[Gen 9] OU","log":"|j|\u2606taised\n|j|\u2606SuperGamer39555\n|t:|1700006594\n|gametype|singles\n|player|p1|taised|cyrus-masters|1177\n|player|p2|SuperGamer39555|102|1080\n|teamsize|p1|6\n|teamsize|p2|6\n|gen|9\n|tier|[Gen 9] OU\n|rated|\n|rule|Sleep Clause Mod: Limit one foe put to sleep\n|rule|Species Clause: Limit one of each Pok\u00e9mon\n|rule|OHKO Clause: OHKO moves are banned\n|rule|Evasion Items Clause: Evasion items are banned\n|rule|Evasion Moves Clause: Evasion moves are banned\n|rule|Endless Battle Clause: Forcing endless battles is banned\n|rule|HP Percentage Mod: HP is shown in percentages\n|clearpoke\n|poke|p1|Kingambit, F|\n|poke|p1|Landorus-Therian, M|\n|poke|p1|Bisharp, F|\n|poke|p1|Gholdengo|\n|poke|p1|Ceruledge, F|\n|poke|p1|Enamorus, F|\n|poke|p2|Cetitan, M|\n|poke|p2|Blissey, F|\n|poke|p2|Dondozo, F|\n|poke|p2|Glimmora, M|\n|poke|p2|Zoroark-Hisui, M|\n|poke|p2|Ogerpon-Cornerstone, F|\n|teampreview\n|inactive|Battle timer is ON: inactive players will automatically lose when time's up. (requested by taised)\n|\n|t:|1700006622\n|start\n|switch|p1a: Landorus|Landorus-Therian, M|100\/100\n|switch|p2a: Glimmora|Glimmora, M|100\/100\n|-ability|p1a: Landorus|Intimidate|boost\n|-unboost|p2a: Glimmora|atk|1\n|turn|1\n|\n|t:|1700006640\n|move|p1a: Landorus|Taunt|p2a: Glimmora\n|-start|p2a: Glimmora|move: Taunt\n|cant|p2a: Glimmora|move: Taunt|Stealth Rock\n|\n|upkeep\n|turn|2\n|\n|t:|1700006657\n|switch|p2a: Dondozo|Dondozo, F|100\/100\n|move|p1a: Landorus|Earthquake|p2a: Dondozo\n|-damage|p2a: Dondozo|80\/100\n|\n|-heal|p2a: Dondozo|86\/100|[from] item: Leftovers\n|upkeep\n|turn|3\n|\n|t:|1700006666\n|move|p1a: Landorus|Stealth Rock|p2a: Dondozo\n|-sidestart|p2: SuperGamer39555|move: Stealth Rock\n|move|p2a: Dondozo|Curse|p2a: Dondozo\n|-unboost|p2a: Dondozo|spe|1\n|-boost|p2a: Dondozo|atk|1\n|-boost|p2a: Dondozo|def|1\n|\n|-heal|p2a: Dondozo|92\/100|[from] item: Leftovers\n|upkeep\n|turn|4\n|\n|t:|1700006676\n|move|p1a: Landorus|Taunt|p2a: Dondozo\n|-start|p2a: Dondozo|move: Taunt\n|cant|p2a: Dondozo|move: Taunt|Curse\n|\n|-heal|p2a: Dondozo|98\/100|[from] item: Leftovers\n|upkeep\n|turn|5\n|inactive|taised has 120 seconds left.\n|\n|t:|1700006727\n|move|p1a: Landorus|U-turn|p2a: Dondozo\n|-damage|p2a: Dondozo|92\/100\n|\n|t:|1700006729\n|switch|p1a: Bisharp|Bisharp, F|100\/100|[from] U-turn\n|move|p2a: Dondozo|Body Press|p1a: Bisharp\n|-supereffective|p1a: Bisharp\n|-damage|p1a: Bisharp|0 fnt\n|faint|p1a: Bisharp\n|\n|-heal|p2a: Dondozo|98\/100|[from] item: Leftovers\n|upkeep\n|\n|t:|1700006743\n|switch|p1a: Gholdengo|Gholdengo|100\/100\n|turn|6\n|\n|t:|1700006758\n|switch|p2a: Blissey|Blissey, F|100\/100\n|-damage|p2a: Blissey|88\/100|[from] Stealth Rock\n|move|p1a: Gholdengo|Thunder Wave|p2a: Blissey\n|-status|p2a: Blissey|par\n|\n|-heal|p2a: Blissey|94\/100 par|[from] item: Leftovers\n|upkeep\n|turn|7\n|\n|t:|1700006768\n|switch|p1a: Ceruledge|Ceruledge, F|100\/100\n|move|p2a: Blissey|Thunder Wave|p1a: Ceruledge\n|-status|p1a: Ceruledge|par\n|\n|-heal|p2a: Blissey|99\/100 par|[from] item: Leftovers\n|upkeep\n|turn|8\n|inactive|taised has 120 seconds left.\n|\n|t:|1700006778\n|-curestatus|p2a: Blissey|par|[from] ability: Natural Cure\n|switch|p2a: Glimmora|Glimmora, M|100\/100\n|-damage|p2a: Glimmora|88\/100|[from] Stealth Rock\n|move|p1a: Ceruledge|Bitter Blade|p2a: Glimmora\n|-resisted|p2a: Glimmora\n|-damage|p2a: Glimmora|71\/100\n|-activate|p2a: Glimmora|ability: Toxic Debris\n|-sidestart|p1: taised|move: Toxic Spikes\n|\n|upkeep\n|turn|9\n|inactive|taised has 120 seconds left.\n|\n|t:|1700006809\n|move|p2a: Glimmora|Stealth Rock|p1a: Ceruledge\n|-sidestart|p1: taised|move: Stealth Rock\n|move|p1a: Ceruledge|Taunt|p2a: Glimmora\n|-start|p2a: Glimmora|move: Taunt\n|\n|upkeep\n|turn|10\n|\n|t:|1700006831\n|switch|p2a: Dondozo|Dondozo, F|98\/100\n|-damage|p2a: Dondozo|85\/100|[from] Stealth Rock\n|switch|p1a: Landorus|Landorus-Therian, M|100\/100\n|-damage|p1a: Landorus|88\/100|[from] Stealth Rock\n|-ability|p1a: Landorus|Intimidate|boost\n|-unboost|p2a: Dondozo|atk|1\n|\n|-heal|p2a: Dondozo|91\/100|[from] item: Leftovers\n|upkeep\n|turn|11\n|\n|t:|1700006845\n|switch|p2a: Ogerpon|Ogerpon-Cornerstone, F|100\/100\n|-damage|p2a: Ogerpon|88\/100|[from] Stealth Rock\n|move|p1a: Landorus|Taunt|p2a: Ogerpon\n|-start|p2a: Ogerpon|move: Taunt\n|\n|upkeep\n|turn|12\n|\n|t:|1700006855\n|move|p2a: Ogerpon|Bitter Malice|p1a: Landorus\n|-crit|p1a: Landorus\n|-damage|p1a: Landorus|29\/100\n|-unboost|p1a: Landorus|atk|1\n|move|p1a: Landorus|U-turn|p2a: Ogerpon\n|-resisted|p2a: Ogerpon\n|-damage|p2a: Ogerpon|72\/100\n|replace|p2a: Zoroark|Zoroark-Hisui, M\n|-end|p2a: Zoroark|Illusion\n|inactive|taised has 120 seconds left.\n|\n|t:|1700006871\n|switch|p1a: Gholdengo|Gholdengo|100\/100|[from] U-turn\n|-damage|p1a: Gholdengo|94\/100|[from] Stealth Rock\n|\n|-heal|p1a: Gholdengo|100\/100|[from] item: Leftovers\n|upkeep\n|turn|13\n|\n|t:|1700006879\n|-terastallize|p2a: Zoroark|Dark\n|move|p2a: Zoroark|Tera Blast|p1a: Gholdengo|[anim] Tera Blast Dark\n|-supereffective|p1a: Gholdengo\n|-damage|p1a: Gholdengo|23\/100\n|move|p1a: Gholdengo|Thunder Wave|p2a: Zoroark\n|-status|p2a: Zoroark|par\n|\n|-heal|p1a: Gholdengo|29\/100|[from] item: Leftovers\n|-end|p2a: Zoroark|move: Taunt\n|upkeep\n|turn|14\n|inactive|taised has 120 seconds left.\n|\n|t:|1700006902\n|move|p1a: Gholdengo|Recover|p1a: Gholdengo\n|-heal|p1a: Gholdengo|79\/100\n|cant|p2a: Zoroark|par\n|\n|-heal|p1a: Gholdengo|85\/100|[from] item: Leftovers\n|upkeep\n|turn|15\n|\n|t:|1700006909\n|move|p1a: Gholdengo|Hex|p2a: Zoroark\n|-resisted|p2a: Zoroark\n|-damage|p2a: Zoroark|17\/100 par\n|-enditem|p2a: Zoroark|Wiki Berry|[eat]\n|-heal|p2a: Zoroark|50\/100 par|[from] item: Wiki Berry\n|move|p2a: Zoroark|Nasty Plot|p2a: Zoroark\n|-boost|p2a: Zoroark|spa|2\n|\n|-heal|p1a: Gholdengo|91\/100|[from] item: Leftovers\n|upkeep\n|turn|16\n|inactive|taised has 120 seconds left.\n|\n|t:|1700006936\n|switch|p1a: Landorus|Landorus-Therian, M|29\/100\n|-damage|p1a: Landorus|16\/100|[from] Stealth Rock\n|-ability|p1a: Landorus|Intimidate|boost\n|-unboost|p2a: Zoroark|atk|1\n|cant|p2a: Zoroark|par\n|\n|upkeep\n|turn|17\n|\n|t:|1700006945\n|move|p1a: Landorus|U-turn|p2a: Zoroark\n|-supereffective|p2a: Zoroark\n|-damage|p2a: Zoroark|0 fnt\n|faint|p2a: Zoroark\n|\n|t:|1700006955\n|switch|p1a: Enamorus|Enamorus, F|100\/100|[from] U-turn\n|\n|upkeep\n|\n|t:|1700006963\n|switch|p2a: Ogerpon|Ogerpon-Cornerstone, F|100\/100\n|-damage|p2a: Ogerpon|88\/100|[from] Stealth Rock\n|turn|18\n|\n|t:|1700006975\n|move|p2a: Ogerpon|Ivy Cudgel|p1a: Enamorus|[anim] Ivy Cudgel Rock\n|-supereffective|p1a: Enamorus\n|-damage|p1a: Enamorus|0 fnt\n|faint|p1a: Enamorus\n|\n|upkeep\n|\n|t:|1700006984\n|switch|p1a: Landorus|Landorus-Therian, M|16\/100\n|-damage|p1a: Landorus|4\/100|[from] Stealth Rock\n|-ability|p1a: Landorus|Intimidate|boost\n|-unboost|p2a: Ogerpon|atk|1\n|turn|19\n|\n|t:|1700006992\n|switch|p2a: Glimmora|Glimmora, M|71\/100\n|-damage|p2a: Glimmora|59\/100|[from] Stealth Rock\n|move|p1a: Landorus|Earthquake|p2a: Glimmora\n|-supereffective|p2a: Glimmora\n|-damage|p2a: Glimmora|0 fnt\n|-activate|p2a: Glimmora|ability: Toxic Debris\n|-sidestart|p1: taised|move: Toxic Spikes\n|faint|p2a: Glimmora\n|\n|upkeep\n|\n|t:|1700007005\n|switch|p2a: Blissey|Blissey, F|99\/100\n|-damage|p2a: Blissey|88\/100|[from] Stealth Rock\n|turn|20\n|\n|t:|1700007019\n|move|p1a: Landorus|Earthquake|p2a: Blissey\n|-damage|p2a: Blissey|45\/100\n|move|p2a: Blissey|Seismic Toss|p1a: Landorus\n|-damage|p1a: Landorus|0 fnt\n|faint|p1a: Landorus\n|\n|-heal|p2a: Blissey|51\/100|[from] item: Leftovers\n|upkeep\n|inactive|taised has 120 seconds left.\n|\n|t:|1700007036\n|switch|p1a: Kingambit|Kingambit, F|100\/100\n|-damage|p1a: Kingambit|94\/100|[from] Stealth Rock\n|-activate|p1a: Kingambit|ability: Supreme Overlord\n|-start|p1a: Kingambit|fallen3|[silent]\n|turn|21\n|\n|t:|1700007041\n|move|p2a: Blissey|Seismic Toss|p1a: Kingambit\n|-damage|p1a: Kingambit|69\/100\n|move|p1a: Kingambit|Kowtow Cleave|p2a: Blissey\n|-damage|p2a: Blissey|0 fnt\n|faint|p2a: Blissey\n|\n|-heal|p1a: Kingambit|75\/100|[from] item: Leftovers\n|upkeep\n|\n|t:|1700007051\n|switch|p2a: Cetitan|Cetitan, M|100\/100\n|-damage|p2a: Cetitan|76\/100|[from] Stealth Rock\n|turn|22\n|\n|t:|1700007061\n|move|p2a: Cetitan|Belly Drum|p2a: Cetitan\n|-damage|p2a: Cetitan|26\/100\n|-setboost|p2a: Cetitan|atk|6|[from] move: Belly Drum\n|-enditem|p2a: Cetitan|Sitrus Berry|[eat]\n|-heal|p2a: Cetitan|50\/100|[from] item: Sitrus Berry\n|move|p1a: Kingambit|Iron Head|p2a: Cetitan\n|-supereffective|p2a: Cetitan\n|-damage|p2a: Cetitan|0 fnt\n|faint|p2a: Cetitan\n|\n|-heal|p1a: Kingambit|82\/100|[from] item: Leftovers\n|upkeep\n|\n|t:|1700007074\n|switch|p2a: Dondozo|Dondozo, F|91\/100\n|-damage|p2a: Dondozo|79\/100|[from] Stealth Rock\n|turn|23\n|\n|t:|1700007078\n|-end|p1a: Kingambit|fallen3|[silent]\n|switch|p1a: Gholdengo|Gholdengo|91\/100\n|-damage|p1a: Gholdengo|85\/100|[from] Stealth Rock\n|switch|p2a: Ogerpon|Ogerpon-Cornerstone, F|88\/100\n|-damage|p2a: Ogerpon|76\/100|[from] Stealth Rock\n|\n|-heal|p1a: Gholdengo|91\/100|[from] item: Leftovers\n|upkeep\n|turn|24\n|\n|t:|1700007094\n|switch|p1a: Ceruledge|Ceruledge, F|100\/100 par\n|move|p2a: Ogerpon|Horn Leech|p1a: Ceruledge\n|-resisted|p1a: Ceruledge\n|-damage|p1a: Ceruledge|73\/100 par\n|-heal|p2a: Ogerpon|92\/100|[from] drain|[of] p1a: Ceruledge\n|\n|upkeep\n|turn|25\n|inactive|taised has 120 seconds left.\n|\n|t:|1700007126\n|move|p2a: Ogerpon|Ivy Cudgel|p1a: Ceruledge|[anim] Ivy Cudgel Rock\n|-supereffective|p1a: Ceruledge\n|-damage|p1a: Ceruledge|0 fnt\n|faint|p1a: Ceruledge\n|\n|upkeep\n|inactive|taised has 120 seconds left.\n|\n|t:|1700007132\n|switch|p1a: Gholdengo|Gholdengo|91\/100\n|-damage|p1a: Gholdengo|85\/100|[from] Stealth Rock\n|turn|26\n|\n|t:|1700007143\n|move|p2a: Ogerpon|Ivy Cudgel|p1a: Gholdengo|[anim] Ivy Cudgel Rock\n|-resisted|p1a: Gholdengo\n|-damage|p1a: Gholdengo|64\/100\n|move|p1a: Gholdengo|Thunder Wave|p2a: Ogerpon\n|-status|p2a: Ogerpon|par\n|\n|-heal|p1a: Gholdengo|70\/100|[from] item: Leftovers\n|upkeep\n|turn|27\n|\n|t:|1700007158\n|move|p1a: Gholdengo|Hex|p2a: Ogerpon\n|-damage|p2a: Ogerpon|26\/100 par\n|move|p2a: Ogerpon|Ivy Cudgel|p1a: Gholdengo|[anim] Ivy Cudgel Rock\n|-resisted|p1a: Gholdengo\n|-damage|p1a: Gholdengo|52\/100\n|\n|-heal|p1a: Gholdengo|58\/100|[from] item: Leftovers\n|upkeep\n|turn|28\n|\n|t:|1700007167\n|move|p1a: Gholdengo|Hex|p2a: Ogerpon\n|-damage|p2a: Ogerpon|0 fnt\n|faint|p2a: Ogerpon\n|\n|-heal|p1a: Gholdengo|64\/100|[from] item: Leftovers\n|upkeep\n|\n|t:|1700007173\n|switch|p2a: Dondozo|Dondozo, F|79\/100\n|-damage|p2a: Dondozo|66\/100|[from] Stealth Rock\n|turn|29\n|\n|t:|1700007179\n|move|p1a: Gholdengo|Thunder Wave|p2a: Dondozo\n|-status|p2a: Dondozo|par\n|cant|p2a: Dondozo|par\n|\n|-heal|p1a: Gholdengo|70\/100|[from] item: Leftovers\n|-heal|p2a: Dondozo|73\/100 par|[from] item: Leftovers\n|upkeep\n|turn|30\n|\n|t:|1700007187\n|move|p1a: Gholdengo|Hex|p2a: Dondozo\n|-damage|p2a: Dondozo|19\/100 par\n|move|p2a: Dondozo|Body Press|p1a: Gholdengo\n|-immune|p1a: Gholdengo\n|\n|-heal|p1a: Gholdengo|76\/100|[from] item: Leftovers\n|-heal|p2a: Dondozo|25\/100 par|[from] item: Leftovers\n|upkeep\n|turn|31\n|c|\u2606SuperGamer39555|Gg\n|c|\u2606taised|gg\n|c|\u2606taised|wp\n|\n|t:|1700007206\n|move|p1a: Gholdengo|Hex|p2a: Dondozo\n|-damage|p2a: Dondozo|0 fnt\n|faint|p2a: Dondozo\n|\n|win|taised\n|raw|taised's rating: 1177 &rarr; <strong>1195<\/strong><br \/>(+18 for winning)\n|raw|SuperGamer39555's rating: 1080 &rarr; <strong>1064<\/strong><br \/>(-16 for losing)\n","uploadtime":1700007213,"views":13,"p1id":"taised","p2id":"supergamer39555","formatid":"gen9ou","rating":1064,"private":0,"password":""}