{"id":"gen9ou-1996669192","p1":"It's classified","p2":"djsxhnsksksjdjjdh","format":"[Gen 9] OU","log":"|j|\u2606It's classified\n|j|\u2606djsxhnsksksjdjjdh\n|t:|1700707491\n|gametype|singles\n|player|p1|It's classified|pokemonranger-gen4|1541\n|player|p2|djsxhnsksksjdjjdh|1|1716\n|teamsize|p1|6\n|teamsize|p2|6\n|gen|9\n|tier|[Gen 9] OU\n|rated|\n|rule|Sleep Clause Mod: Limit one foe put to sleep\n|rule|Species Clause: Limit one of each Pok\u00e9mon\n|rule|OHKO Clause: OHKO moves are banned\n|rule|Evasion Items Clause: Evasion items are banned\n|rule|Evasion Moves Clause: Evasion moves are banned\n|rule|Endless Battle Clause: Forcing endless battles is banned\n|rule|HP Percentage Mod: HP is shown in percentages\n|clearpoke\n|poke|p1|Ceruledge, F|\n|poke|p1|Ninetales-Alola, F|\n|poke|p1|Iron Valiant|\n|poke|p1|Great Tusk|\n|poke|p1|Manaphy|\n|poke|p1|Kingambit, M|\n|poke|p2|Dragapult, M|\n|poke|p2|Thundurus-Therian, M|\n|poke|p2|Ninetales-Alola, F|\n|poke|p2|Cinderace, M|\n|poke|p2|Landorus-Therian, M|\n|poke|p2|Great Tusk|\n|teampreview\n|inactive|Battle timer is ON: inactive players will automatically lose when time's up. (requested by It's classified)\n|\n|t:|1700707512\n|start\n|switch|p1a: Ninetales|Ninetales-Alola, F|100\/100\n|switch|p2a: Ninetales|Ninetales-Alola, F|100\/100\n|-weather|Snow|[from] ability: Snow Warning|[of] p1a: Ninetales\n|turn|1\n|\n|t:|1700707517\n|move|p1a: Ninetales|Hypnosis|p2a: Ninetales\n|-status|p2a: Ninetales|slp|[from] move: Hypnosis\n|cant|p2a: Ninetales|slp\n|\n|-weather|Snow|[upkeep]\n|upkeep\n|turn|2\n|\n|t:|1700707520\n|move|p1a: Ninetales|Aurora Veil|p1a: Ninetales\n|-sidestart|p1: It's classified|move: Aurora Veil\n|-curestatus|p2a: Ninetales|slp|[msg]\n|move|p2a: Ninetales|Moonblast|p1a: Ninetales\n|-damage|p1a: Ninetales|78\/100\n|-damage|p2a: Ninetales|91\/100|[from] item: Life Orb\n|\n|-weather|Snow|[upkeep]\n|upkeep\n|turn|3\n|\n|t:|1700707535\n|switch|p1a: Manaphy|Manaphy|100\/100\n|move|p2a: Ninetales|Aurora Veil|p2a: Ninetales\n|-sidestart|p2: djsxhnsksksjdjjdh|move: Aurora Veil\n|\n|-weather|Snow|[upkeep]\n|upkeep\n|turn|4\n|\n|t:|1700707540\n|switch|p2a: Thundurus|Thundurus-Therian, M|100\/100\n|move|p1a: Manaphy|Take Heart|p1a: Manaphy\n|-boost|p1a: Manaphy|spa|1\n|-boost|p1a: Manaphy|spd|1\n|\n|-weather|Snow|[upkeep]\n|upkeep\n|turn|5\n|\n|t:|1700707553\n|-terastallize|p1a: Manaphy|Poison\n|move|p1a: Manaphy|Take Heart|p1a: Manaphy\n|-boost|p1a: Manaphy|spa|1\n|-boost|p1a: Manaphy|spd|1\n|move|p2a: Thundurus|Volt Switch|p1a: Manaphy\n|-damage|p1a: Manaphy|94\/100\n|\n|t:|1700707561\n|switch|p2a: Cinderace|Cinderace, M|100\/100|[from] Volt Switch\n|\n|-weather|none\n|-heal|p1a: Manaphy|99\/100|[from] item: Leftovers\n|upkeep\n|turn|6\n|\n|t:|1700707564\n|move|p2a: Cinderace|Zen Headbutt|p1a: Manaphy\n|-start|p2a: Cinderace|typechange|Psychic|[from] ability: Libero\n|-supereffective|p1a: Manaphy\n|-damage|p1a: Manaphy|66\/100\n|-damage|p2a: Cinderace|91\/100|[from] item: Life Orb\n|move|p1a: Manaphy|Acid Armor|p1a: Manaphy\n|-boost|p1a: Manaphy|def|2\n|\n|-heal|p1a: Manaphy|72\/100|[from] item: Leftovers\n|upkeep\n|turn|7\n|\n|t:|1700707573\n|move|p2a: Cinderace|Zen Headbutt|p1a: Manaphy\n|-supereffective|p1a: Manaphy\n|-damage|p1a: Manaphy|54\/100\n|-damage|p2a: Cinderace|81\/100|[from] item: Life Orb\n|move|p1a: Manaphy|Acid Armor|p1a: Manaphy\n|-boost|p1a: Manaphy|def|2\n|\n|-heal|p1a: Manaphy|61\/100|[from] item: Leftovers\n|-sideend|p2: djsxhnsksksjdjjdh|move: Aurora Veil\n|upkeep\n|turn|8\n|\n|t:|1700707580\n|move|p2a: Cinderace|Zen Headbutt|p1a: Manaphy\n|-supereffective|p1a: Manaphy\n|-damage|p1a: Manaphy|49\/100\n|-damage|p2a: Cinderace|71\/100|[from] item: Life Orb\n|cant|p1a: Manaphy|flinch\n|\n|-heal|p1a: Manaphy|55\/100|[from] item: Leftovers\n|upkeep\n|turn|9\n|\n|t:|1700707586\n|move|p2a: Cinderace|Zen Headbutt|p1a: Manaphy\n|-supereffective|p1a: Manaphy\n|-damage|p1a: Manaphy|43\/100\n|-damage|p2a: Cinderace|61\/100|[from] item: Life Orb\n|move|p1a: Manaphy|Scald|p2a: Cinderace\n|-damage|p2a: Cinderace|0 fnt\n|faint|p2a: Cinderace\n|\n|-heal|p1a: Manaphy|50\/100|[from] item: Leftovers\n|-sideend|p1: It's classified|move: Aurora Veil\n|upkeep\n|inactive|djsxhnsksksjdjjdh has 120 seconds left.\n|\n|t:|1700707622\n|switch|p2a: Dragapult|Dragapult, M|100\/100\n|turn|10\n|inactive|djsxhnsksksjdjjdh has 120 seconds left.\n|\n|t:|1700707631\n|move|p2a: Dragapult|Psychic Fangs|p1a: Manaphy\n|-supereffective|p1a: Manaphy\n|-damage|p1a: Manaphy|28\/100\n|move|p1a: Manaphy|Stored Power|p2a: Dragapult\n|-damage|p2a: Dragapult|0 fnt\n|faint|p2a: Dragapult\n|\n|-heal|p1a: Manaphy|34\/100|[from] item: Leftovers\n|upkeep\n|inactive|djsxhnsksksjdjjdh has 120 seconds left.\n|\n|t:|1700707641\n|switch|p2a: Ninetales|Ninetales-Alola, F|91\/100\n|-weather|Snow|[from] ability: Snow Warning|[of] p2a: Ninetales\n|turn|11\n|\n|t:|1700707646\n|-terastallize|p2a: Ninetales|Ice\n|move|p2a: Ninetales|Blizzard|p1a: Manaphy\n|-damage|p1a: Manaphy|0 fnt\n|faint|p1a: Manaphy\n|-damage|p2a: Ninetales|81\/100|[from] item: Life Orb\n|\n|-weather|Snow|[upkeep]\n|upkeep\n|\n|t:|1700707658\n|switch|p1a: Ninetales|Ninetales-Alola, F|78\/100\n|turn|12\n|\n|t:|1700707671\n|move|p1a: Ninetales|Hypnosis|p2a: Ninetales\n|-status|p2a: Ninetales|slp|[from] move: Hypnosis\n|cant|p2a: Ninetales|slp\n|\n|-weather|Snow|[upkeep]\n|upkeep\n|turn|13\n|\n|t:|1700707674\n|move|p1a: Ninetales|Aurora Veil|p1a: Ninetales\n|-sidestart|p1: It's classified|move: Aurora Veil\n|cant|p2a: Ninetales|slp\n|\n|-weather|Snow|[upkeep]\n|upkeep\n|turn|14\n|\n|t:|1700707680\n|switch|p1a: Iron Valiant|Iron Valiant|100\/100\n|-enditem|p1a: Iron Valiant|Booster Energy\n|-activate|p1a: Iron Valiant|ability: Quark Drive|[fromitem]\n|-start|p1a: Iron Valiant|quarkdrivespe\n|-curestatus|p2a: Ninetales|slp|[msg]\n|move|p2a: Ninetales|Blizzard|p1a: Iron Valiant\n|-damage|p1a: Iron Valiant|36\/100\n|-damage|p2a: Ninetales|71\/100|[from] item: Life Orb\n|\n|-weather|Snow|[upkeep]\n|upkeep\n|turn|15\n|\n|t:|1700707687\n|switch|p2a: Thundurus|Thundurus-Therian, M|100\/100\n|move|p1a: Iron Valiant|Moonblast|p2a: Thundurus\n|-damage|p2a: Thundurus|78\/100\n|\n|-weather|none\n|upkeep\n|turn|16\n|\n|t:|1700707701\n|-end|p1a: Iron Valiant|Quark Drive|[silent]\n|switch|p1a: Great Tusk|Great Tusk|100\/100\n|-enditem|p1a: Great Tusk|Booster Energy\n|-activate|p1a: Great Tusk|ability: Protosynthesis|[fromitem]\n|-start|p1a: Great Tusk|protosynthesisspe\n|move|p2a: Thundurus|Psychic|p1a: Great Tusk\n|-supereffective|p1a: Great Tusk\n|-damage|p1a: Great Tusk|64\/100\n|\n|upkeep\n|turn|17\n|\n|t:|1700707717\n|switch|p2a: Landorus|Landorus-Therian, M|100\/100\n|-ability|p2a: Landorus|Intimidate|boost\n|-unboost|p1a: Great Tusk|atk|1\n|move|p1a: Great Tusk|Ice Spinner|p2a: Landorus\n|-supereffective|p2a: Landorus\n|-damage|p2a: Landorus|59\/100\n|-damage|p1a: Great Tusk|47\/100|[from] item: Rocky Helmet|[of] p2a: Landorus\n|\n|upkeep\n|turn|18\n|\n|t:|1700707725\n|switch|p2a: Ninetales|Ninetales-Alola, F, tera:Ice|71\/100\n|-weather|Snow|[from] ability: Snow Warning|[of] p2a: Ninetales\n|move|p1a: Great Tusk|Bulk Up|p1a: Great Tusk\n|-boost|p1a: Great Tusk|atk|1\n|-boost|p1a: Great Tusk|def|1\n|\n|-weather|Snow|[upkeep]\n|upkeep\n|turn|19\n|\n|t:|1700707737\n|switch|p2a: Landorus|Landorus-Therian, M|59\/100\n|-ability|p2a: Landorus|Intimidate|boost\n|-unboost|p1a: Great Tusk|atk|1\n|move|p1a: Great Tusk|Headlong Rush|p2a: Landorus\n|-immune|p2a: Landorus\n|\n|-weather|Snow|[upkeep]\n|upkeep\n|turn|20\n|\n|t:|1700707749\n|move|p1a: Great Tusk|Bulk Up|p1a: Great Tusk\n|-boost|p1a: Great Tusk|atk|1\n|-boost|p1a: Great Tusk|def|1\n|move|p2a: Landorus|U-turn|p1a: Great Tusk\n|-resisted|p1a: Great Tusk\n|-damage|p1a: Great Tusk|45\/100\n|\n|t:|1700707760\n|switch|p2a: Ninetales|Ninetales-Alola, F, tera:Ice|71\/100|[from] U-turn\n|\n|-weather|Snow|[upkeep]\n|-sideend|p1: It's classified|move: Aurora Veil\n|upkeep\n|turn|21\n|\n|t:|1700707766\n|move|p1a: Great Tusk|Rapid Spin|p2a: Ninetales\n|-damage|p2a: Ninetales|56\/100\n|-boost|p1a: Great Tusk|spe|1\n|move|p2a: Ninetales|Blizzard|p1a: Great Tusk\n|-supereffective|p1a: Great Tusk\n|-damage|p1a: Great Tusk|0 fnt\n|faint|p1a: Great Tusk\n|-end|p1a: Great Tusk|Protosynthesis|[silent]\n|-damage|p2a: Ninetales|47\/100|[from] item: Life Orb\n|\n|-weather|Snow|[upkeep]\n|upkeep\n|\n|t:|1700707772\n|switch|p1a: Ninetales|Ninetales-Alola, F|78\/100\n|turn|22\n|\n|t:|1700707778\n|move|p1a: Ninetales|Aurora Veil|p1a: Ninetales\n|-sidestart|p1: It's classified|move: Aurora Veil\n|move|p2a: Ninetales|Blizzard|p1a: Ninetales\n|-resisted|p1a: Ninetales\n|-damage|p1a: Ninetales|61\/100\n|-damage|p2a: Ninetales|37\/100|[from] item: Life Orb\n|\n|-weather|none\n|upkeep\n|turn|23\n|\n|t:|1700707794\n|switch|p1a: Iron Valiant|Iron Valiant|36\/100\n|move|p2a: Ninetales|Moonblast|p1a: Iron Valiant\n|-supereffective|p1a: Iron Valiant\n|-crit|p1a: Iron Valiant\n|-damage|p1a: Iron Valiant|0 fnt\n|faint|p1a: Iron Valiant\n|-end|p1a: Iron Valiant|Quark Drive|[silent]\n|-damage|p2a: Ninetales|27\/100|[from] item: Life Orb\n|\n|upkeep\n|\n|t:|1700707800\n|switch|p1a: Ceruledge|Ceruledge, F|100\/100\n|-item|p1a: Ceruledge|Air Balloon\n|turn|24\n|\n|t:|1700707810\n|switch|p2a: Great Tusk|Great Tusk|100\/100\n|move|p1a: Ceruledge|Swords Dance|p1a: Ceruledge\n|-boost|p1a: Ceruledge|atk|2\n|\n|upkeep\n|turn|25\n|\n|t:|1700707822\n|-end|p2a: Great Tusk|Protosynthesis|[silent]\n|switch|p2a: Thundurus|Thundurus-Therian, M|78\/100\n|move|p1a: Ceruledge|Poltergeist|p2a: Thundurus\n|-activate|p2a: Thundurus|move: Poltergeist|Assault Vest\n|-damage|p2a: Thundurus|0 fnt\n|faint|p2a: Thundurus\n|\n|upkeep\n|\n|t:|1700707834\n|switch|p2a: Landorus|Landorus-Therian, M|59\/100\n|-ability|p2a: Landorus|Intimidate|boost\n|-unboost|p1a: Ceruledge|atk|1\n|turn|26\n|\n|t:|1700707837\n|move|p1a: Ceruledge|Swords Dance|p1a: Ceruledge\n|-boost|p1a: Ceruledge|atk|2\n|move|p2a: Landorus|U-turn|p1a: Ceruledge\n|-resisted|p1a: Ceruledge\n|-damage|p1a: Ceruledge|97\/100\n|-ability|p1a: Ceruledge|Weak Armor|boost\n|-unboost|p1a: Ceruledge|def|1\n|-boost|p1a: Ceruledge|spe|2\n|-enditem|p1a: Ceruledge|Air Balloon\n|\n|t:|1700707841\n|switch|p2a: Great Tusk|Great Tusk|100\/100|[from] U-turn\n|\n|upkeep\n|turn|27\n|\n|t:|1700707852\n|-end|p2a: Great Tusk|Protosynthesis|[silent]\n|switch|p2a: Landorus|Landorus-Therian, M|59\/100\n|-ability|p2a: Landorus|Intimidate|boost\n|-unboost|p1a: Ceruledge|atk|1\n|move|p1a: Ceruledge|Poltergeist|p2a: Landorus\n|-activate|p2a: Landorus|move: Poltergeist|Rocky Helmet\n|-crit|p2a: Landorus\n|-damage|p2a: Landorus|0 fnt\n|faint|p2a: Landorus\n|\n|upkeep\n|\n|t:|1700707856\n|switch|p2a: Great Tusk|Great Tusk|100\/100\n|turn|28\n|\n|t:|1700707877\n|move|p1a: Ceruledge|Poltergeist|p2a: Great Tusk\n|-activate|p2a: Great Tusk|move: Poltergeist|Leftovers\n|-crit|p2a: Great Tusk\n|-damage|p2a: Great Tusk|13\/100\n|move|p2a: Great Tusk|Earthquake|p1a: Ceruledge\n|-supereffective|p1a: Ceruledge\n|-damage|p1a: Ceruledge|11\/100\n|-ability|p1a: Ceruledge|Weak Armor|boost\n|-unboost|p1a: Ceruledge|def|1\n|-boost|p1a: Ceruledge|spe|2\n|\n|-heal|p2a: Great Tusk|19\/100|[from] item: Leftovers\n|upkeep\n|turn|29\n|-message|djsxhnsksksjdjjdh forfeited.\n|\n|win|It's classified\n|raw|It&apos;s classified's rating: 1541 &rarr; <strong>1570<\/strong><br \/>(+29 for winning)\n|raw|djsxhnsksksjdjjdh's rating: 1716 &rarr; <strong>1687<\/strong><br \/>(-29 for losing)\n|l|\u2606djsxhnsksksjdjjdh\n","uploadtime":1700707934,"views":8,"p1id":"itsclassified","p2id":"djsxhnsksksjdjjdh","formatid":"gen9ou","rating":1570,"private":0,"password":""}