{"id":"gen9ou-1990811396","p1":"norwegianweasel","p2":"Cambrian James","format":"[Gen 9] OU","log":"|j|\u2606norwegianweasel\n|j|\u2606Cambrian James\n|t:|1700003256\n|gametype|singles\n|player|p1|norwegianweasel|266|1099\n|player|p2|Cambrian James|bugcatcher-gen4dp|1113\n|teamsize|p1|6\n|teamsize|p2|6\n|gen|9\n|tier|[Gen 9] OU\n|rated|\n|rule|Sleep Clause Mod: Limit one foe put to sleep\n|rule|Species Clause: Limit one of each Pok\u00e9mon\n|rule|OHKO Clause: OHKO moves are banned\n|rule|Evasion Items Clause: Evasion items are banned\n|rule|Evasion Moves Clause: Evasion moves are banned\n|rule|Endless Battle Clause: Forcing endless battles is banned\n|rule|HP Percentage Mod: HP is shown in percentages\n|clearpoke\n|poke|p1|Dragonite, M|\n|poke|p1|Toxapex, F|\n|poke|p1|Slowking, F|\n|poke|p1|Greninja-*, M|\n|poke|p1|Landorus-Therian, M|\n|poke|p1|Iron Moth|\n|poke|p2|Samurott-Hisui, F|\n|poke|p2|Gholdengo|\n|poke|p2|Great Tusk|\n|poke|p2|Manaphy|\n|poke|p2|Dragonite, M|\n|poke|p2|Kingambit, M|\n|teampreview\n|c|\u2606Cambrian James|glhf!\n|inactive|Battle timer is ON: inactive players will automatically lose when time's up. (requested by norwegianweasel)\n|c|\u2606norwegianweasel|u2\n|\n|t:|1700003285\n|start\n|switch|p1a: Dragonite|Dragonite, M|100\/100\n|switch|p2a: Samurott|Samurott-Hisui, F|100\/100\n|turn|1\n|\n|t:|1700003291\n|move|p2a: Samurott|Ceaseless Edge|p1a: Dragonite\n|-damage|p1a: Dragonite|78\/100\n|-sidestart|p1: norwegianweasel|Spikes\n|move|p1a: Dragonite|Thunder Punch|p2a: Samurott\n|-supereffective|p2a: Samurott\n|-damage|p2a: Samurott|23\/100\n|\n|upkeep\n|turn|2\n|\n|t:|1700003298\n|move|p1a: Dragonite|Extreme Speed|p2a: Samurott\n|-damage|p2a: Samurott|0 fnt\n|faint|p2a: Samurott\n|\n|upkeep\n|\n|t:|1700003313\n|switch|p2a: Manaphy|Manaphy|100\/100\n|turn|3\n|\n|t:|1700003318\n|-terastallize|p1a: Dragonite|Electric\n|move|p2a: Manaphy|Ice Beam|p1a: Dragonite\n|-damage|p1a: Dragonite|51\/100\n|move|p1a: Dragonite|Thunder Punch|p2a: Manaphy\n|-supereffective|p2a: Manaphy\n|-damage|p2a: Manaphy|20\/100\n|\n|-heal|p2a: Manaphy|26\/100|[from] item: Leftovers\n|upkeep\n|turn|4\n|\n|t:|1700003327\n|switch|p2a: Great Tusk|Great Tusk|100\/100\n|move|p1a: Dragonite|Extreme Speed|p2a: Great Tusk\n|-damage|p2a: Great Tusk|77\/100\n|\n|upkeep\n|turn|5\n|\n|t:|1700003333\n|move|p2a: Great Tusk|Headlong Rush|p1a: Dragonite\n|-supereffective|p1a: Dragonite\n|-damage|p1a: Dragonite|0 fnt\n|-unboost|p2a: Great Tusk|def|1\n|-unboost|p2a: Great Tusk|spd|1\n|faint|p1a: Dragonite\n|\n|upkeep\n|\n|t:|1700003340\n|switch|p1a: Greninja|Greninja, M|100\/100\n|-damage|p1a: Greninja|88\/100|[from] Spikes\n|turn|6\n|\n|t:|1700003346\n|-end|p2a: Great Tusk|Protosynthesis|[silent]\n|switch|p2a: Dragonite|Dragonite, M|100\/100\n|move|p1a: Greninja|Surf|p2a: Dragonite\n|-resisted|p2a: Dragonite\n|-damage|p2a: Dragonite|86\/100\n|-damage|p1a: Greninja|78\/100|[from] item: Life Orb\n|\n|upkeep\n|turn|7\n|\n|t:|1700003355\n|move|p1a: Greninja|Dark Pulse|p2a: Dragonite\n|-damage|p2a: Dragonite|34\/100\n|-damage|p1a: Greninja|69\/100|[from] item: Life Orb\n|move|p2a: Dragonite|Dragon Dance|p2a: Dragonite\n|-boost|p2a: Dragonite|atk|1\n|-boost|p2a: Dragonite|spe|1\n|\n|upkeep\n|turn|8\n|\n|t:|1700003363\n|-terastallize|p2a: Dragonite|Normal\n|move|p2a: Dragonite|Extreme Speed|p1a: Greninja\n|-damage|p1a: Greninja|0 fnt\n|faint|p1a: Greninja\n|\n|upkeep\n|\n|t:|1700003375\n|switch|p1a: Landorus|Landorus-Therian, M|100\/100\n|-ability|p1a: Landorus|Intimidate|boost\n|-unboost|p2a: Dragonite|atk|1\n|turn|9\n|\n|t:|1700003389\n|switch|p2a: Great Tusk|Great Tusk|77\/100\n|move|p1a: Landorus|Earthquake|p2a: Great Tusk\n|-damage|p2a: Great Tusk|36\/100\n|\n|upkeep\n|turn|10\n|\n|t:|1700003396\n|move|p1a: Landorus|Earthquake|p2a: Great Tusk\n|-crit|p2a: Great Tusk\n|-damage|p2a: Great Tusk|0 fnt\n|faint|p2a: Great Tusk\n|-end|p2a: Great Tusk|Protosynthesis|[silent]\n|\n|upkeep\n|\n|t:|1700003401\n|switch|p2a: Manaphy|Manaphy|26\/100\n|turn|11\n|\n|t:|1700003412\n|move|p2a: Manaphy|Scald|p1a: Landorus\n|-supereffective|p1a: Landorus\n|-damage|p1a: Landorus|16\/100\n|move|p1a: Landorus|Earthquake|p2a: Manaphy\n|-damage|p2a: Manaphy|0 fnt\n|faint|p2a: Manaphy\n|\n|-heal|p1a: Landorus|22\/100|[from] item: Leftovers\n|upkeep\n|\n|t:|1700003421\n|switch|p2a: Dragonite|Dragonite, M, tera:Normal|34\/100\n|turn|12\n|\n|t:|1700003424\n|move|p2a: Dragonite|Extreme Speed|p1a: Landorus\n|-damage|p1a: Landorus|0 fnt\n|faint|p1a: Landorus\n|\n|upkeep\n|\n|t:|1700003430\n|switch|p1a: Toxapex|Toxapex, F|100\/100\n|-damage|p1a: Toxapex|88\/100|[from] Spikes\n|turn|13\n|\n|t:|1700003434\n|move|p1a: Toxapex|Baneful Bunker|p1a: Toxapex\n|-singleturn|p1a: Toxapex|move: Protect\n|move|p2a: Dragonite|Dragon Dance|p2a: Dragonite\n|-boost|p2a: Dragonite|atk|1\n|-boost|p2a: Dragonite|spe|1\n|\n|upkeep\n|turn|14\n|\n|t:|1700003440\n|move|p2a: Dragonite|Dragon Dance|p2a: Dragonite\n|-boost|p2a: Dragonite|atk|1\n|-boost|p2a: Dragonite|spe|1\n|move|p1a: Toxapex|Poison Jab|p2a: Dragonite\n|-damage|p2a: Dragonite|13\/100\n|\n|upkeep\n|turn|15\n|\n|t:|1700003450\n|move|p2a: Dragonite|Extreme Speed|p1a: Toxapex\n|-damage|p1a: Toxapex|38\/100\n|-damage|p2a: Dragonite|0 fnt|[from] item: Rocky Helmet|[of] p1a: Toxapex\n|faint|p2a: Dragonite\n|move|p1a: Toxapex|Poison Jab|p2: Dragonite|[notarget]\n|-fail|p1a: Toxapex\n|\n|upkeep\n|\n|t:|1700003456\n|switch|p2a: Kingambit|Kingambit, M|100\/100\n|-activate|p2a: Kingambit|ability: Supreme Overlord\n|-start|p2a: Kingambit|fallen4|[silent]\n|turn|16\n|\n|t:|1700003461\n|move|p2a: Kingambit|Swords Dance|p2a: Kingambit\n|-boost|p2a: Kingambit|atk|2\n|move|p1a: Toxapex|Recover|p1a: Toxapex\n|-heal|p1a: Toxapex|88\/100\n|\n|upkeep\n|turn|17\n|\n|t:|1700003468\n|move|p2a: Kingambit|Swords Dance|p2a: Kingambit\n|-boost|p2a: Kingambit|atk|2\n|move|p1a: Toxapex|Liquidation|p2a: Kingambit\n|-damage|p2a: Kingambit|86\/100\n|\n|upkeep\n|turn|18\n|\n|t:|1700003475\n|switch|p1a: Iron Moth|Iron Moth|100\/100\n|-damage|p1a: Iron Moth|88\/100|[from] Spikes\n|-enditem|p1a: Iron Moth|Booster Energy\n|-activate|p1a: Iron Moth|ability: Quark Drive|[fromitem]\n|-start|p1a: Iron Moth|quarkdrivespa\n|move|p2a: Kingambit|Kowtow Cleave|p1a: Iron Moth\n|-damage|p1a: Iron Moth|0 fnt\n|faint|p1a: Iron Moth\n|-end|p1a: Iron Moth|Quark Drive|[silent]\n|\n|upkeep\n|\n|t:|1700003485\n|switch|p1a: Slowking|Slowking, F|100\/100\n|-damage|p1a: Slowking|88\/100|[from] Spikes\n|turn|19\n|\n|t:|1700003490\n|move|p2a: Kingambit|Iron Head|p1a: Slowking\n|-resisted|p1a: Slowking\n|-damage|p1a: Slowking|0 fnt\n|faint|p1a: Slowking\n|\n|upkeep\n|\n|t:|1700003494\n|switch|p1a: Toxapex|Toxapex, F|100\/100\n|-damage|p1a: Toxapex|88\/100|[from] Spikes\n|turn|20\n|\n|t:|1700003498\n|move|p1a: Toxapex|Baneful Bunker|p1a: Toxapex\n|-singleturn|p1a: Toxapex|move: Protect\n|move|p2a: Kingambit|Kowtow Cleave|p1a: Toxapex\n|-activate|p1a: Toxapex|move: Protect\n|\n|upkeep\n|turn|21\n|\n|t:|1700003504\n|move|p2a: Kingambit|Kowtow Cleave|p1a: Toxapex\n|-damage|p1a: Toxapex|0 fnt\n|-damage|p2a: Kingambit|70\/100|[from] item: Rocky Helmet|[of] p1a: Toxapex\n|faint|p1a: Toxapex\n|\n|win|Cambrian James\n|raw|norwegianweasel's rating: 1099 &rarr; <strong>1075<\/strong><br \/>(-24 for losing)\n|raw|Cambrian James's rating: 1113 &rarr; <strong>1137<\/strong><br \/>(+24 for winning)\n|l|\u2606norwegianweasel\n|c|\u2606Cambrian James|gg\n","uploadtime":1700003517,"views":13,"p1id":"norwegianweasel","p2id":"cambrianjames","formatid":"gen9ou","rating":1075,"private":0,"password":""}