{"id":"gen9ou-1990389622","p1":"Iron124","p2":"Dragonitefight","format":"[Gen 9] OU","log":"|j|\u2606Iron124\n|j|\u2606Dragonitefight\n|t:|1699965792\n|gametype|singles\n|player|p1|Iron124|101|1159\n|player|p2|Dragonitefight|169|1160\n|teamsize|p1|6\n|teamsize|p2|6\n|gen|9\n|tier|[Gen 9] OU\n|rated|\n|rule|Sleep Clause Mod: Limit one foe put to sleep\n|rule|Species Clause: Limit one of each Pok\u00e9mon\n|rule|OHKO Clause: OHKO moves are banned\n|rule|Evasion Items Clause: Evasion items are banned\n|rule|Evasion Moves Clause: Evasion moves are banned\n|rule|Endless Battle Clause: Forcing endless battles is banned\n|rule|HP Percentage Mod: HP is shown in percentages\n|clearpoke\n|poke|p1|Wigglytuff, F|\n|poke|p1|Ariados, M|\n|poke|p1|Clawitzer, F|\n|poke|p1|Weavile, F|\n|poke|p1|Salazzle, F|\n|poke|p1|Appletun, M|\n|poke|p2|Arcanine-Hisui, F|\n|poke|p2|Dragonite, M|\n|poke|p2|Zapdos|\n|poke|p2|Yanmega, F|\n|poke|p2|Gengar, M|\n|poke|p2|Toedscruel, F|\n|teampreview\n|\n|t:|1699965824\n|start\n|switch|p1a: Ariados|Ariados, M|100\/100\n|switch|p2a: Zapdos|Zapdos|100\/100\n|turn|1\n|inactive|Battle timer is ON: inactive players will automatically lose when time's up. (requested by Iron124)\n|\n|t:|1699965852\n|move|p2a: Zapdos|Hurricane|p1a: Ariados\n|-supereffective|p1a: Ariados\n|-enditem|p1a: Ariados|Focus Sash\n|-damage|p1a: Ariados|1\/100\n|-start|p1a: Ariados|confusion\n|-activate|p1a: Ariados|confusion\n|move|p1a: Ariados|Sticky Web|p2a: Zapdos\n|-sidestart|p2: Dragonitefight|move: Sticky Web\n|\n|upkeep\n|turn|2\n|\n|t:|1699965865\n|-end|p1a: Ariados|confusion\n|move|p1a: Ariados|Sucker Punch|p2a: Zapdos\n|-damage|p2a: Zapdos|84\/100\n|move|p2a: Zapdos|Volt Switch|p1a: Ariados\n|-damage|p1a: Ariados|0 fnt\n|faint|p1a: Ariados\n|\n|t:|1699965877\n|switch|p2a: Toedscruel|Toedscruel, F|100\/100|[from] Volt Switch\n|-activate|p2a: Toedscruel|move: Sticky Web\n|-unboost|p2a: Toedscruel|spe|1\n|\n|upkeep\n|\n|t:|1699965888\n|switch|p1a: Weavile|Weavile, F|100\/100\n|-ability|p1a: Weavile|Pressure\n|turn|3\n|\n|t:|1699965895\n|move|p1a: Weavile|Swords Dance|p1a: Weavile\n|-boost|p1a: Weavile|atk|2\n|move|p2a: Toedscruel|Rapid Spin|p1a: Weavile\n|-damage|p1a: Weavile|88\/100\n|-boost|p2a: Toedscruel|spe|1\n|-sideend|p2: Dragonitefight|Sticky Web|[from] move: Rapid Spin|[of] p2a: Toedscruel\n|\n|upkeep\n|turn|4\n|\n|t:|1699965909\n|move|p1a: Weavile|Icicle Crash|p2a: Toedscruel\n|-supereffective|p2a: Toedscruel\n|-damage|p2a: Toedscruel|0 fnt\n|faint|p2a: Toedscruel\n|\n|upkeep\n|\n|t:|1699965912\n|switch|p2a: Arcanine|Arcanine-Hisui, F|100\/100\n|turn|5\n|\n|t:|1699965922\n|-terastallize|p1a: Weavile|Ghost\n|-terastallize|p2a: Arcanine|Normal\n|move|p2a: Arcanine|Extreme Speed|p1a: Weavile\n|-immune|p1a: Weavile\n|move|p1a: Weavile|Knock Off|p2a: Arcanine\n|-damage|p2a: Arcanine|0 fnt\n|-enditem|p2a: Arcanine|Choice Band|[from] move: Knock Off|[of] p1a: Weavile\n|faint|p2a: Arcanine\n|\n|upkeep\n|\n|t:|1699965926\n|switch|p2a: Zapdos|Zapdos|84\/100\n|turn|6\n|\n|t:|1699965934\n|move|p1a: Weavile|Icicle Crash|p2a: Zapdos\n|-supereffective|p2a: Zapdos\n|-damage|p2a: Zapdos|0 fnt\n|faint|p2a: Zapdos\n|\n|upkeep\n|\n|t:|1699965942\n|switch|p2a: Dragonite|Dragonite, M|100\/100\n|turn|7\n|\n|t:|1699965945\n|move|p1a: Weavile|Icicle Crash|p2a: Dragonite\n|-supereffective|p2a: Dragonite\n|-crit|p2a: Dragonite\n|-damage|p2a: Dragonite|0 fnt\n|faint|p2a: Dragonite\n|\n|upkeep\n|-message|Dragonitefight forfeited.\n|\n|win|Iron124\n|raw|Iron124's rating: 1159 &rarr; <strong>1184<\/strong><br \/>(+25 for winning)\n|raw|Dragonitefight's rating: 1160 &rarr; <strong>1135<\/strong><br \/>(-25 for losing)\n|l|\u2606Dragonitefight\n","uploadtime":1699965955,"views":16,"p1id":"iron124","p2id":"dragonitefight","formatid":"gen9ou","rating":1135,"private":0,"password":""}