{"id":"gen9ou-1993247707","p1":"Professor Eriic","p2":"MorcythSagaAvidFan","format":"[Gen 9] OU","log":"|j|\u2606Professor Eriic\n|j|\u2606MorcythSagaAvidFan\n|t:|1700283838\n|gametype|singles\n|player|p1|Professor Eriic|colress|1179\n|player|p2|MorcythSagaAvidFan|2|1154\n|teamsize|p1|6\n|teamsize|p2|6\n|gen|9\n|tier|[Gen 9] OU\n|rated|\n|rule|Sleep Clause Mod: Limit one foe put to sleep\n|rule|Species Clause: Limit one of each Pok\u00e9mon\n|rule|OHKO Clause: OHKO moves are banned\n|rule|Evasion Items Clause: Evasion items are banned\n|rule|Evasion Moves Clause: Evasion moves are banned\n|rule|Endless Battle Clause: Forcing endless battles is banned\n|rule|HP Percentage Mod: HP is shown in percentages\n|clearpoke\n|poke|p1|Glaceon, M|\n|poke|p1|Slowking-Galar, F|\n|poke|p1|Great Tusk|\n|poke|p1|Kingambit, M|\n|poke|p1|Volcanion|\n|poke|p1|Enamorus, F|\n|poke|p2|Maushold|\n|poke|p2|Slowbro-Galar, F|\n|poke|p2|Haxorus, F|\n|poke|p2|Hatterene, F|\n|poke|p2|Blissey, F|\n|poke|p2|Clefable, M|\n|teampreview\n|\n|t:|1700283870\n|start\n|switch|p1a: Slowking|Slowking-Galar, F|100\/100\n|switch|p2a: Hatterene|Hatterene, F|100\/100\n|turn|1\n|\n|t:|1700283880\n|switch|p2a: Blissey|Blissey, F|100\/100\n|move|p1a: Slowking|Sludge Bomb|p2a: Blissey\n|-damage|p2a: Blissey|88\/100\n|\n|-heal|p2a: Blissey|94\/100|[from] item: Leftovers\n|upkeep\n|turn|2\n|\n|t:|1700283888\n|move|p2a: Blissey|Thunder|p1a: Slowking\n|-damage|p1a: Slowking|87\/100\n|move|p1a: Slowking|Chilly Reception|p1a: Slowking\n|-weather|Snow\n|\n|t:|1700283898\n|switch|p1a: Glaceon|Glaceon, M|100\/100|[from] Chilly Reception\n|\n|-weather|Snow|[upkeep]\n|-heal|p2a: Blissey|100\/100|[from] item: Leftovers\n|upkeep\n|turn|3\n|\n|t:|1700283914\n|switch|p2a: Hatterene|Hatterene, F|100\/100\n|move|p1a: Glaceon|Blizzard|p2a: Hatterene\n|-damage|p2a: Hatterene|20\/100\n|\n|-weather|Snow|[upkeep]\n|upkeep\n|turn|4\n|\n|t:|1700283924\n|switch|p2a: Blissey|Blissey, F|100\/100\n|move|p1a: Glaceon|Blizzard|p2a: Blissey\n|-damage|p2a: Blissey|68\/100\n|\n|-weather|Snow|[upkeep]\n|-heal|p2a: Blissey|74\/100|[from] item: Leftovers\n|upkeep\n|turn|5\n|\n|t:|1700283936\n|switch|p1a: Great Tusk|Great Tusk|100\/100\n|move|p2a: Blissey|Soft-Boiled|p2a: Blissey\n|-heal|p2a: Blissey|100\/100\n|\n|-weather|Snow|[upkeep]\n|upkeep\n|turn|6\n|\n|t:|1700283946\n|switch|p2a: Slowbro|Slowbro-Galar, F|100\/100\n|move|p1a: Great Tusk|Stealth Rock|p2a: Slowbro\n|-sidestart|p2: MorcythSagaAvidFan|move: Stealth Rock\n|\n|-weather|none\n|upkeep\n|turn|7\n|\n|t:|1700283956\n|move|p1a: Great Tusk|Earthquake|p2a: Slowbro\n|-supereffective|p2a: Slowbro\n|-damage|p2a: Slowbro|47\/100\n|move|p2a: Slowbro|Grass Knot|p1a: Great Tusk\n|-supereffective|p1a: Great Tusk\n|-damage|p1a: Great Tusk|25\/100\n|-damage|p2a: Slowbro|31\/100|[from] item: Rocky Helmet|[of] p1a: Great Tusk\n|\n|upkeep\n|turn|8\n|-activate|p2a: Slowbro|item: Quick Claw\n|\n|t:|1700283968\n|move|p2a: Slowbro|Psychic|p1a: Great Tusk\n|-supereffective|p1a: Great Tusk\n|-damage|p1a: Great Tusk|0 fnt\n|faint|p1a: Great Tusk\n|-end|p1a: Great Tusk|Protosynthesis|[silent]\n|\n|upkeep\n|\n|t:|1700283985\n|switch|p1a: Glaceon|Glaceon, M|100\/100\n|turn|9\n|\n|t:|1700283993\n|-terastallize|p2a: Slowbro|Poison\n|move|p1a: Glaceon|Copycat|p1a: Glaceon\n|move|p1a: Glaceon|Psychic|p2a: Slowbro|[from]move: Copycat\n|-supereffective|p2a: Slowbro\n|-damage|p2a: Slowbro|0 fnt\n|faint|p2a: Slowbro\n|\n|upkeep\n|\n|t:|1700284004\n|switch|p2a: Maushold|Maushold|100\/100\n|-damage|p2a: Maushold|88\/100|[from] Stealth Rock\n|turn|10\n|\n|t:|1700284013\n|switch|p1a: Enamorus|Enamorus, F|100\/100\n|move|p2a: Maushold|Tidy Up|p2a: Maushold\n|-sideend|p2: MorcythSagaAvidFan|Stealth Rock\n|-activate|p2a: Maushold|move: Tidy Up\n|-boost|p2a: Maushold|atk|1\n|-boost|p2a: Maushold|spe|1\n|\n|upkeep\n|turn|11\n|\n|t:|1700284023\n|move|p2a: Maushold|Population Bomb|p1a: Enamorus\n|-damage|p1a: Enamorus|76\/100\n|-damage|p1a: Enamorus|49\/100\n|-damage|p1a: Enamorus|23\/100\n|-damage|p1a: Enamorus|0 fnt\n|faint|p1a: Enamorus\n|-hitcount|p1: Enamorus|4\n|\n|upkeep\n|\n|t:|1700284033\n|switch|p1a: Kingambit|Kingambit, M|100\/100\n|-activate|p1a: Kingambit|ability: Supreme Overlord\n|-start|p1a: Kingambit|fallen2|[silent]\n|turn|12\n|\n|t:|1700284045\n|move|p2a: Maushold|Population Bomb|p1a: Kingambit\n|-resisted|p1a: Kingambit\n|-damage|p1a: Kingambit|94\/100\n|-resisted|p1a: Kingambit\n|-damage|p1a: Kingambit|88\/100\n|-resisted|p1a: Kingambit\n|-damage|p1a: Kingambit|82\/100\n|-resisted|p1a: Kingambit\n|-damage|p1a: Kingambit|76\/100\n|-resisted|p1a: Kingambit\n|-damage|p1a: Kingambit|70\/100\n|-resisted|p1a: Kingambit\n|-damage|p1a: Kingambit|64\/100\n|-resisted|p1a: Kingambit\n|-damage|p1a: Kingambit|58\/100\n|-resisted|p1a: Kingambit\n|-damage|p1a: Kingambit|52\/100\n|-resisted|p1a: Kingambit\n|-damage|p1a: Kingambit|45\/100\n|-resisted|p1a: Kingambit\n|-damage|p1a: Kingambit|39\/100\n|-hitcount|p1a: Kingambit|10\n|move|p1a: Kingambit|Iron Head|p2a: Maushold\n|-damage|p2a: Maushold|0 fnt\n|faint|p2a: Maushold\n|\n|upkeep\n|\n|t:|1700284069\n|switch|p2a: Haxorus|Haxorus, F|100\/100\n|-ability|p2a: Haxorus|Mold Breaker\n|turn|13\n|\n|t:|1700284085\n|-end|p1a: Kingambit|fallen2|[silent]\n|switch|p1a: Slowking|Slowking-Galar, F|100\/100\n|move|p2a: Haxorus|First Impression|p1a: Slowking\n|-damage|p1a: Slowking|70\/100\n|\n|upkeep\n|turn|14\n|\n|t:|1700284096\n|move|p2a: Haxorus|Scale Shot|p1a: Slowking\n|-damage|p1a: Slowking|57\/100\n|-damage|p1a: Slowking|43\/100\n|-damage|p1a: Slowking|31\/100\n|-damage|p1a: Slowking|18\/100\n|-damage|p1a: Slowking|6\/100\n|-hitcount|p1a: Slowking|5\n|-unboost|p2a: Haxorus|def|1\n|-boost|p2a: Haxorus|spe|1\n|move|p1a: Slowking|Thunder Wave|p2a: Haxorus\n|-status|p2a: Haxorus|par\n|\n|upkeep\n|turn|15\n|\n|t:|1700284111\n|move|p2a: Haxorus|Scale Shot|p1a: Slowking\n|-damage|p1a: Slowking|0 fnt\n|faint|p1a: Slowking\n|-hitcount|p1: Slowking|1\n|-unboost|p2a: Haxorus|def|1\n|-boost|p2a: Haxorus|spe|1\n|\n|upkeep\n|\n|t:|1700284120\n|switch|p1a: Kingambit|Kingambit, M|39\/100\n|-activate|p1a: Kingambit|ability: Supreme Overlord\n|-start|p1a: Kingambit|fallen3|[silent]\n|turn|16\n|\n|t:|1700284127\n|move|p1a: Kingambit|Sucker Punch|p2a: Haxorus\n|-damage|p2a: Haxorus|0 fnt\n|faint|p2a: Haxorus\n|\n|upkeep\n|\n|t:|1700284147\n|switch|p2a: Blissey|Blissey, F|100\/100\n|turn|17\n|\n|t:|1700284189\n|move|p2a: Blissey|Thunder|p1a: Kingambit\n|-damage|p1a: Kingambit|20\/100\n|-status|p1a: Kingambit|par\n|-enditem|p1a: Kingambit|Lum Berry|[eat]\n|-curestatus|p1a: Kingambit|par|[msg]\n|move|p1a: Kingambit|Swords Dance|p1a: Kingambit\n|-boost|p1a: Kingambit|atk|2\n|\n|upkeep\n|turn|18\n|\n|t:|1700284200\n|switch|p2a: Clefable|Clefable, M|100\/100\n|move|p1a: Kingambit|Sucker Punch||[still]\n|-fail|p1a: Kingambit\n|\n|upkeep\n|turn|19\n|\n|t:|1700284211\n|move|p2a: Clefable|Moonblast|p1a: Kingambit\n|-damage|p1a: Kingambit|0 fnt\n|faint|p1a: Kingambit\n|-end|p1a: Kingambit|fallen3|[silent]\n|\n|upkeep\n|\n|t:|1700284220\n|switch|p1a: Glaceon|Glaceon, M|100\/100\n|turn|20\n|\n|t:|1700284225\n|move|p1a: Glaceon|Freeze-Dry|p2a: Clefable\n|-damage|p2a: Clefable|48\/100\n|move|p2a: Clefable|Cosmic Power|p2a: Clefable\n|-boost|p2a: Clefable|def|1\n|-boost|p2a: Clefable|spd|1\n|\n|-heal|p2a: Clefable|54\/100|[from] item: Leftovers\n|upkeep\n|turn|21\n|\n|t:|1700284235\n|move|p1a: Glaceon|Freeze-Dry|p2a: Clefable\n|-damage|p2a: Clefable|15\/100\n|move|p2a: Clefable|Moonlight|p2a: Clefable\n|-heal|p2a: Clefable|65\/100\n|\n|-heal|p2a: Clefable|72\/100|[from] item: Leftovers\n|upkeep\n|turn|22\n|\n|t:|1700284244\n|move|p1a: Glaceon|Freeze-Dry|p2a: Clefable\n|-damage|p2a: Clefable|36\/100\n|move|p2a: Clefable|Moonlight|p2a: Clefable\n|-heal|p2a: Clefable|86\/100\n|\n|-heal|p2a: Clefable|92\/100|[from] item: Leftovers\n|upkeep\n|turn|23\n|\n|t:|1700284253\n|move|p1a: Glaceon|Freeze-Dry|p2a: Clefable\n|-damage|p2a: Clefable|52\/100\n|move|p2a: Clefable|Cosmic Power|p2a: Clefable\n|-boost|p2a: Clefable|def|1\n|-boost|p2a: Clefable|spd|1\n|\n|-heal|p2a: Clefable|58\/100|[from] item: Leftovers\n|upkeep\n|turn|24\n|\n|t:|1700284263\n|move|p1a: Glaceon|Freeze-Dry|p2a: Clefable\n|-damage|p2a: Clefable|31\/100\n|move|p2a: Clefable|Moonlight|p2a: Clefable\n|-heal|p2a: Clefable|81\/100\n|\n|-heal|p2a: Clefable|87\/100|[from] item: Leftovers\n|upkeep\n|turn|25\n|\n|t:|1700284273\n|move|p1a: Glaceon|Freeze-Dry|p2a: Clefable\n|-damage|p2a: Clefable|61\/100\n|move|p2a: Clefable|Cosmic Power|p2a: Clefable\n|-boost|p2a: Clefable|def|1\n|-boost|p2a: Clefable|spd|1\n|\n|-heal|p2a: Clefable|67\/100|[from] item: Leftovers\n|upkeep\n|turn|26\n|\n|t:|1700284282\n|move|p1a: Glaceon|Freeze-Dry|p2a: Clefable\n|-damage|p2a: Clefable|42\/100\n|move|p2a: Clefable|Cosmic Power|p2a: Clefable\n|-boost|p2a: Clefable|def|1\n|-boost|p2a: Clefable|spd|1\n|\n|-heal|p2a: Clefable|48\/100|[from] item: Leftovers\n|upkeep\n|turn|27\n|\n|t:|1700284291\n|move|p1a: Glaceon|Freeze-Dry|p2a: Clefable\n|-damage|p2a: Clefable|28\/100\n|move|p2a: Clefable|Moonlight|p2a: Clefable\n|-heal|p2a: Clefable|78\/100\n|\n|-heal|p2a: Clefable|84\/100|[from] item: Leftovers\n|upkeep\n|turn|28\n|\n|t:|1700284300\n|move|p1a: Glaceon|Freeze-Dry|p2a: Clefable\n|-damage|p2a: Clefable|65\/100\n|-status|p2a: Clefable|frz\n|cant|p2a: Clefable|frz\n|\n|-heal|p2a: Clefable|71\/100 frz|[from] item: Leftovers\n|upkeep\n|turn|29\n|\n|t:|1700284309\n|move|p1a: Glaceon|Freeze-Dry|p2a: Clefable\n|-crit|p2a: Clefable\n|-damage|p2a: Clefable|0 fnt\n|faint|p2a: Clefable\n|\n|upkeep\n|\n|t:|1700284316\n|switch|p2a: Blissey|Blissey, F|100\/100\n|turn|30\n|\n|t:|1700284322\n|move|p1a: Glaceon|Freeze-Dry|p2a: Blissey\n|-damage|p2a: Blissey|79\/100\n|-status|p2a: Blissey|frz\n|-curestatus|p2a: Blissey|frz|[msg]\n|move|p2a: Blissey|Thunder|p1a: Glaceon\n|-damage|p1a: Glaceon|72\/100\n|-status|p1a: Glaceon|par\n|\n|-heal|p2a: Blissey|85\/100|[from] item: Leftovers\n|upkeep\n|turn|31\n|\n|t:|1700284335\n|switch|p1a: Volcanion|Volcanion|100\/100\n|move|p2a: Blissey|Thunder|p1a: Volcanion\n|-supereffective|p1a: Volcanion\n|-damage|p1a: Volcanion|55\/100\n|-status|p1a: Volcanion|par\n|\n|-heal|p2a: Blissey|91\/100|[from] item: Leftovers\n|upkeep\n|turn|32\n|\n|t:|1700284349\n|move|p2a: Blissey|Thunder|p1a: Volcanion|[miss]\n|-miss|p2a: Blissey|p1a: Volcanion\n|move|p1a: Volcanion|Steam Eruption|p2a: Blissey\n|-damage|p2a: Blissey|68\/100\n|-status|p2a: Blissey|brn\n|\n|-heal|p2a: Blissey|74\/100 brn|[from] item: Leftovers\n|-damage|p2a: Blissey|68\/100 brn|[from] brn\n|upkeep\n|turn|33\n|\n|t:|1700284361\n|-terastallize|p1a: Volcanion|Ground\n|move|p2a: Blissey|Thunder|p1a: Volcanion\n|-immune|p1a: Volcanion\n|move|p1a: Volcanion|Earth Power|p2a: Blissey\n|-damage|p2a: Blissey|50\/100 brn\n|-unboost|p2a: Blissey|spd|1\n|\n|-heal|p2a: Blissey|57\/100 brn|[from] item: Leftovers\n|-damage|p2a: Blissey|50\/100 brn|[from] brn\n|upkeep\n|turn|34\n|\n|t:|1700284374\n|move|p2a: Blissey|Soft-Boiled|p2a: Blissey\n|-heal|p2a: Blissey|99\/100 brn\n|cant|p1a: Volcanion|par\n|\n|-heal|p2a: Blissey|100\/100 brn|[from] item: Leftovers\n|-damage|p2a: Blissey|94\/100 brn|[from] brn\n|upkeep\n|turn|35\n|\n|t:|1700284384\n|move|p2a: Blissey|Heal Bell|p2a: Blissey\n|-activate|p2a: Blissey|move: Heal Bell\n|-curestatus|p2a: Blissey|brn|[msg]\n|cant|p1a: Volcanion|par\n|\n|-heal|p2a: Blissey|100\/100|[from] item: Leftovers\n|upkeep\n|turn|36\n|\n|t:|1700284393\n|switch|p2a: Hatterene|Hatterene, F|20\/100\n|move|p1a: Volcanion|Steam Eruption|p2a: Hatterene\n|-damage|p2a: Hatterene|0 fnt\n|faint|p2a: Hatterene\n|\n|upkeep\n|\n|t:|1700284401\n|switch|p2a: Blissey|Blissey, F|100\/100\n|turn|37\n|\n|t:|1700284405\n|move|p2a: Blissey|Ice Beam|p1a: Volcanion\n|-supereffective|p1a: Volcanion\n|-damage|p1a: Volcanion|18\/100 par\n|move|p1a: Volcanion|Steam Eruption|p2a: Blissey\n|-damage|p2a: Blissey|77\/100\n|\n|-heal|p2a: Blissey|84\/100|[from] item: Leftovers\n|upkeep\n|turn|38\n|\n|t:|1700284414\n|move|p2a: Blissey|Ice Beam|p1a: Volcanion\n|-supereffective|p1a: Volcanion\n|-damage|p1a: Volcanion|0 fnt\n|faint|p1a: Volcanion\n|\n|-heal|p2a: Blissey|90\/100|[from] item: Leftovers\n|upkeep\n|\n|t:|1700284420\n|switch|p1a: Glaceon|Glaceon, M|72\/100 par\n|turn|39\n|\n|t:|1700284429\n|move|p2a: Blissey|Thunder|p1a: Glaceon\n|-damage|p1a: Glaceon|47\/100 par\n|move|p1a: Glaceon|Freeze-Dry|p2a: Blissey\n|-damage|p2a: Blissey|68\/100\n|-status|p2a: Blissey|frz\n|\n|-heal|p2a: Blissey|74\/100 frz|[from] item: Leftovers\n|upkeep\n|turn|40\n|inactive|Battle timer is ON: inactive players will automatically lose when time's up. (requested by MorcythSagaAvidFan)\n|\n|t:|1700284440\n|cant|p2a: Blissey|frz\n|move|p1a: Glaceon|Freeze-Dry|p2a: Blissey\n|-damage|p2a: Blissey|51\/100 frz\n|\n|-heal|p2a: Blissey|57\/100 frz|[from] item: Leftovers\n|upkeep\n|turn|41\n|\n|t:|1700284448\n|cant|p2a: Blissey|frz\n|move|p1a: Glaceon|Freeze-Dry|p2a: Blissey\n|-damage|p2a: Blissey|33\/100 frz\n|\n|-heal|p2a: Blissey|39\/100 frz|[from] item: Leftovers\n|upkeep\n|turn|42\n|\n|t:|1700284456\n|cant|p2a: Blissey|frz\n|move|p1a: Glaceon|Freeze-Dry|p2a: Blissey\n|-damage|p2a: Blissey|17\/100 frz\n|\n|-heal|p2a: Blissey|23\/100 frz|[from] item: Leftovers\n|upkeep\n|turn|43\n|\n|t:|1700284464\n|cant|p2a: Blissey|frz\n|cant|p1a: Glaceon|par\n|\n|-heal|p2a: Blissey|30\/100 frz|[from] item: Leftovers\n|upkeep\n|turn|44\n|\n|t:|1700284470\n|cant|p2a: Blissey|frz\n|move|p1a: Glaceon|Freeze-Dry|p2a: Blissey\n|-damage|p2a: Blissey|7\/100 frz\n|\n|-heal|p2a: Blissey|13\/100 frz|[from] item: Leftovers\n|upkeep\n|turn|45\n|\n|t:|1700284478\n|cant|p2a: Blissey|frz\n|move|p1a: Glaceon|Freeze-Dry|p2a: Blissey\n|-damage|p2a: Blissey|0 fnt\n|faint|p2a: Blissey\n|\n|win|Professor Eriic\n|raw|Professor Eriic's rating: 1179 &rarr; <strong>1202<\/strong><br \/>(+23 for winning)\n|raw|MorcythSagaAvidFan's rating: 1154 &rarr; <strong>1131<\/strong><br \/>(-23 for losing)\n|c|\u2606Professor Eriic|gg\n","uploadtime":1700284488,"views":46,"p1id":"professoreriic","p2id":"morcythsagaavidfan","formatid":"gen9ou","rating":1131,"private":0,"password":""}