{"id":"gen9ou-1988744063","p1":"Vapporeonn","p2":"grass knot zygarde","format":"[Gen 9] OU","log":"|j|\u2606Vapporeonn\n|j|\u2606grass knot zygarde\n|t:|1699757571\n|gametype|singles\n|player|p1|Vapporeonn|alec-anime|\n|player|p2|grass knot zygarde|dawn|\n|teamsize|p1|6\n|teamsize|p2|6\n|gen|9\n|tier|[Gen 9] OU\n|rule|Sleep Clause Mod: Limit one foe put to sleep\n|rule|Species Clause: Limit one of each Pok\u00e9mon\n|rule|OHKO Clause: OHKO moves are banned\n|rule|Evasion Items Clause: Evasion items are banned\n|rule|Evasion Moves Clause: Evasion moves are banned\n|rule|Endless Battle Clause: Forcing endless battles is banned\n|rule|HP Percentage Mod: HP is shown in percentages\n|clearpoke\n|poke|p1|Ribombee, F|\n|poke|p1|Kingambit, F|\n|poke|p1|Iron Moth|\n|poke|p1|Manaphy|\n|poke|p1|Great Tusk|\n|poke|p1|Gholdengo|\n|poke|p2|Slither Wing|\n|poke|p2|Ting-Lu|\n|poke|p2|Zapdos|\n|poke|p2|Dragapult, F|\n|poke|p2|Weezing-Galar, M|\n|poke|p2|Gholdengo|\n|teampreview\n|inactive|Battle timer is ON: inactive players will automatically lose when time's up. (requested by Vapporeonn)\n|inactive|grass knot zygarde also wants the timer to be on.\n|c|\u2606Vapporeonn|hes using not ou pokemon\n|c|\u2606Vapporeonn|ban him\n|inactive|Vapporeonn has 270 seconds left.\n|inactive|grass knot zygarde has 270 seconds left.\n|\n|t:|1699757621\n|start\n|switch|p1a: Manaphy|Manaphy|100\/100\n|switch|p2a: stupid bird|Zapdos, shiny|100\/100\n|turn|1\n|\n|t:|1699757628\n|switch|p1a: Great Tusk|Great Tusk|100\/100\n|move|p2a: stupid bird|Hurricane|p1a: Great Tusk\n|-supereffective|p1a: Great Tusk\n|-damage|p1a: Great Tusk|0 fnt\n|faint|p1a: Great Tusk\n|-end|p1a: Great Tusk|Protosynthesis|[silent]\n|\n|upkeep\n|c|\u2606Vapporeonn|erm\n|c|\u2606Vapporeonn|shudup\n|c|\u2606grass knot zygarde|all those are OU\n|c|\u2606grass knot zygarde|wdym\n|c|\u2606Vapporeonn|weezing galar is not ou\n|c|\u2606Vapporeonn|no way\n|inactive|Vapporeonn has 270 seconds left.\n|\n|t:|1699757662\n|switch|p1a: Iron Moth|Iron Moth|100\/100\n|-enditem|p1a: Iron Moth|Booster Energy\n|-activate|p1a: Iron Moth|ability: Quark Drive|[fromitem]\n|-start|p1a: Iron Moth|quarkdrivespe\n|turn|2\n|c|\u2606grass knot zygarde|(he is)\n|\n|t:|1699757669\n|switch|p2a: PUBLIC ENEMY|Ting-Lu|100\/100\n|-ability|p2a: PUBLIC ENEMY|Vessel of Ruin\n|move|p1a: Iron Moth|Fiery Dance|p2a: PUBLIC ENEMY\n|-damage|p2a: PUBLIC ENEMY|84\/100\n|\n|-heal|p2a: PUBLIC ENEMY|90\/100|[from] item: Leftovers\n|upkeep\n|turn|3\n|c|\u2606Vapporeonn|!dt weezing-galar\n|raw|<div class=\"message\"><ul class=\"utilichart\"><li class=\"result\"><span class=\"col numcol\">UU<\/span> <span class=\"col iconcol\"><psicon pokemon=\"weezinggalar\"\/><\/span> <span class=\"col pokemonnamecol\" style=\"white-space:nowrap\"><a href=\"https:\/\/dex.pokemonshowdown.com\/pokemon\/weezinggalar\" target=\"_blank\">Weezing-Galar<\/a><\/span> <span class=\"col typecol\"><img src=\"https:\/\/play.pokemonshowdown.com\/sprites\/types\/Poison.png\" alt=\"Poison\" height=\"14\" width=\"32\"><img src=\"https:\/\/play.pokemonshowdown.com\/sprites\/types\/Fairy.png\" alt=\"Fairy\" height=\"14\" width=\"32\"><\/span> <span style=\"float:left;min-height:26px\"><span class=\"col twoabilitycol\">Levitate<br \/>Neutralizing Gas<\/span><span class=\"col abilitycol\"><em>Misty Surge<\/em><\/span><\/span><span style=\"float:left;min-height:26px\"><span class=\"col statcol\"><em>HP<\/em><br \/>65<\/span> <span class=\"col statcol\"><em>Atk<\/em><br \/>90<\/span> <span class=\"col statcol\"><em>Def<\/em><br \/>120<\/span> <span class=\"col statcol\"><em>SpA<\/em><br \/>85<\/span> <span class=\"col statcol\"><em>SpD<\/em><br \/>70<\/span> <span class=\"col statcol\"><em>Spe<\/em><br \/>60<\/span> <span class=\"col bstcol\"><em>BST<br \/>490<\/em><\/span> <\/span><\/li><li style=\"clear:both\"><\/li><\/ul><\/div>\n|raw|<font size=\"1\"><font color=\"#686868\">Dex#:<\/font> 110&nbsp;|&ThickSpace;<font color=\"#686868\">Gen:<\/font> 8&nbsp;|&ThickSpace;<font color=\"#686868\">Height:<\/font> 3 m&nbsp;|&ThickSpace;<font color=\"#686868\">Weight:<\/font> 16 kg <em>(40 BP)<\/em>&nbsp;|&ThickSpace;<font color=\"#686868\">Dex Colour:<\/font> Gray&nbsp;|&ThickSpace;<font color=\"#686868\">Egg Group(s):<\/font> Amorphous&nbsp;|&ThickSpace;<font color=\"#686868\">Pre-Evolution:<\/font> Koffing&nbsp;|&ThickSpace;<font color=\"#686868\">Does Not Evolve<\/font><\/font>\n\n|c|\u2606Vapporeonn|br\n|c|\u2606Vapporeonn|UU\n|c|\u2606grass knot zygarde|nop\n|inactive|Vapporeonn has 270 seconds left.\n|\n|t:|1699757696\n|-end|p1a: Iron Moth|Quark Drive|[silent]\n|switch|p1a: Ribombee|Ribombee, F|100\/100\n|move|p2a: PUBLIC ENEMY|Spikes|p1a: Ribombee\n|-sidestart|p1: Vapporeonn|Spikes\n|\n|-heal|p2a: PUBLIC ENEMY|96\/100|[from] item: Leftovers\n|upkeep\n|turn|4\n|inactive|Vapporeonn has 270 seconds left.\n|\n|t:|1699757707\n|switch|p2a: stupid bird|Zapdos, shiny|100\/100\n|move|p1a: Ribombee|Stun Spore|p2a: stupid bird\n|-immune|p2a: stupid bird\n|\n|upkeep\n|turn|5\n|inactive|Vapporeonn has 270 seconds left.\n|\n|t:|1699757719\n|move|p1a: Ribombee|Sticky Web|p2a: stupid bird\n|-sidestart|p2: grass knot zygarde|move: Sticky Web\n|move|p2a: stupid bird|Thunderbolt|p1a: Ribombee\n|-damage|p1a: Ribombee|15\/100\n|\n|upkeep\n|turn|6\n|\n|t:|1699757727\n|move|p1a: Ribombee|Psychic|p2a: stupid bird\n|-damage|p2a: stupid bird|72\/100\n|move|p2a: stupid bird|Volt Switch|p1a: Ribombee\n|-damage|p1a: Ribombee|0 fnt\n|faint|p1a: Ribombee\n|c|\u2606Vapporeonn|bro this matchup\n|c|\u2606Vapporeonn|is so bad\n|\n|t:|1699757735\n|switch|p2a: guy|Weezing-Galar, M, shiny|100\/100|[from] Volt Switch\n|-ability|p2a: guy|Neutralizing Gas\n|-item|p2a: guy|Air Balloon\n|\n|upkeep\n|c|\u2606Vapporeonn|i blame on that\n|c|\u2606Vapporeonn|rematnc\n|\n|t:|1699757748\n|switch|p1a: Gholdengo|Gholdengo|100\/100\n|-item|p1a: Gholdengo|Air Balloon\n|turn|7\n|\n|t:|1699757757\n|-end|p2a: guy|ability: Neutralizing Gas\n|switch|p2a: PUBLIC ENEMY|Ting-Lu|96\/100\n|-activate|p2a: PUBLIC ENEMY|move: Sticky Web\n|-unboost|p2a: PUBLIC ENEMY|spe|1\n|-ability|p2a: PUBLIC ENEMY|Vessel of Ruin\n|move|p1a: Gholdengo|Shadow Ball|p2a: PUBLIC ENEMY\n|-resisted|p2a: PUBLIC ENEMY\n|-damage|p2a: PUBLIC ENEMY|86\/100\n|-unboost|p2a: PUBLIC ENEMY|spd|1\n|\n|-heal|p2a: PUBLIC ENEMY|92\/100|[from] item: Leftovers\n|upkeep\n|turn|8\n|c|\u2606grass knot zygarde|the match aint even over yet u already want a rematch\n|c|\u2606Vapporeonn|EXACTLYYY\n|inactive|Vapporeonn has 270 seconds left.\n|\n|t:|1699757777\n|move|p1a: Gholdengo|Focus Blast|p2a: PUBLIC ENEMY\n|-supereffective|p2a: PUBLIC ENEMY\n|-damage|p2a: PUBLIC ENEMY|36\/100\n|move|p2a: PUBLIC ENEMY|Earthquake|p1a: Gholdengo\n|-immune|p1a: Gholdengo\n|\n|-heal|p2a: PUBLIC ENEMY|42\/100|[from] item: Leftovers\n|upkeep\n|turn|9\n|c|\u2606grass knot zygarde|am i dumb\n|c|\u2606Vapporeonn|yea\n|inactive|Vapporeonn has 270 seconds left.\n|c|\u2606grass knot zygarde|what am i doing\n|c|\u2606grass knot zygarde|im not paying attention lol\n|inactive|grass knot zygarde has 270 seconds left.\n|c|\u2606Vapporeonn|this is how i win!\n|\n|t:|1699757824\n|-terastallize|p1a: Gholdengo|Dark\n|move|p1a: Gholdengo|Shadow Ball|p2a: PUBLIC ENEMY\n|-resisted|p2a: PUBLIC ENEMY\n|-damage|p2a: PUBLIC ENEMY|29\/100\n|move|p2a: PUBLIC ENEMY|Ruination|p1a: Gholdengo\n|-damage|p1a: Gholdengo|51\/100\n|-enditem|p1a: Gholdengo|Air Balloon\n|\n|-heal|p2a: PUBLIC ENEMY|35\/100|[from] item: Leftovers\n|upkeep\n|turn|10\n|inactive|grass knot zygarde has 240 seconds left.\n|\n|t:|1699757844\n|move|p1a: Gholdengo|Focus Blast|p2a: PUBLIC ENEMY\n|-supereffective|p2a: PUBLIC ENEMY\n|-damage|p2a: PUBLIC ENEMY|0 fnt\n|faint|p2a: PUBLIC ENEMY\n|\n|upkeep\n|inactive|grass knot zygarde has 240 seconds left.\n|c|\u2606Vapporeonn|focus blast\n|c|\u2606Vapporeonn|omg\n|\n|t:|1699757856\n|switch|p2a: stupid bird|Zapdos, shiny|72\/100\n|turn|11\n|\n|t:|1699757876\n|switch|p1a: Iron Moth|Iron Moth|100\/100\n|-damage|p1a: Iron Moth|88\/100|[from] Spikes\n|move|p2a: stupid bird|Thunderbolt|p1a: Iron Moth\n|-damage|p1a: Iron Moth|46\/100\n|\n|upkeep\n|turn|12\n|inactive|grass knot zygarde has 240 seconds left.\n|\n|t:|1699757898\n|-end|p1a: Iron Moth|Quark Drive|[silent]\n|switch|p1a: Kingambit|Kingambit, F|100\/100\n|-damage|p1a: Kingambit|88\/100|[from] Spikes\n|-activate|p1a: Kingambit|ability: Supreme Overlord\n|-start|p1a: Kingambit|fallen2|[silent]\n|switch|p2a: hunned racks|Gholdengo, shiny|100\/100\n|-activate|p2a: hunned racks|move: Sticky Web\n|-unboost|p2a: hunned racks|spe|1\n|\n|upkeep\n|turn|13\n|inactive|grass knot zygarde has 240 seconds left.\n|\n|t:|1699757911\n|move|p1a: Kingambit|Kowtow Cleave|p2a: hunned racks\n|-supereffective|p2a: hunned racks\n|-damage|p2a: hunned racks|0 fnt\n|faint|p2a: hunned racks\n|\n|upkeep\n|\n|t:|1699757916\n|switch|p2a: guy|Weezing-Galar, M, shiny|100\/100\n|-ability|p2a: guy|Neutralizing Gas\n|-item|p2a: guy|Air Balloon\n|turn|14\n|\n|t:|1699757928\n|-end|p1a: Kingambit|fallen2|[silent]\n|switch|p1a: Manaphy|Manaphy|100\/100\n|-damage|p1a: Manaphy|88\/100|[from] Spikes\n|move|p2a: guy|Defog|p1a: Manaphy\n|-unboost|p1a: Manaphy|evasion|1\n|-sideend|p1: Vapporeonn|Spikes|[from] move: Defog|[of] p2a: guy\n|-sideend|p2: grass knot zygarde|Sticky Web|[from] move: Defog|[of] p2a: guy\n|\n|-heal|p1a: Manaphy|94\/100|[from] item: Leftovers\n|upkeep\n|turn|15\n|\n|t:|1699757935\n|move|p1a: Manaphy|Take Heart|p1a: Manaphy\n|-boost|p1a: Manaphy|spa|1\n|-boost|p1a: Manaphy|spd|1\n|move|p2a: guy|Strange Steam|p1a: Manaphy\n|-damage|p1a: Manaphy|79\/100\n|-start|p1a: Manaphy|confusion\n|\n|-heal|p1a: Manaphy|85\/100|[from] item: Leftovers\n|upkeep\n|turn|16\n|\n|t:|1699757947\n|-end|p2a: guy|ability: Neutralizing Gas\n|switch|p2a: stupid bird|Zapdos, shiny|72\/100\n|-activate|p1a: Manaphy|confusion\n|move|p1a: Manaphy|Acid Armor|p1a: Manaphy\n|-boost|p1a: Manaphy|def|2\n|\n|-heal|p1a: Manaphy|91\/100|[from] item: Leftovers\n|upkeep\n|turn|17\n|\n|t:|1699757952\n|-terastallize|p2a: stupid bird|Electric\n|move|p2a: stupid bird|Thunderbolt|p1a: Manaphy\n|-supereffective|p1a: Manaphy\n|-damage|p1a: Manaphy|25\/100\n|-activate|p1a: Manaphy|confusion\n|-damage|p1a: Manaphy|21\/100|[from] confusion\n|\n|-heal|p1a: Manaphy|27\/100|[from] item: Leftovers\n|upkeep\n|turn|18\n|c|\u2606Vapporeonn|fire\n|\n|t:|1699757961\n|switch|p1a: Iron Moth|Iron Moth|46\/100\n|move|p2a: stupid bird|Thunderbolt|p1a: Iron Moth\n|-damage|p1a: Iron Moth|0 fnt\n|faint|p1a: Iron Moth\n|-end|p1a: Iron Moth|Quark Drive|[silent]\n|\n|upkeep\n|\n|t:|1699757972\n|switch|p1a: Gholdengo|Gholdengo, tera:Dark|51\/100\n|turn|19\n|\n|t:|1699757978\n|move|p2a: stupid bird|Thunderbolt|p1a: Gholdengo\n|-damage|p1a: Gholdengo|0 fnt\n|faint|p1a: Gholdengo\n|\n|upkeep\n|\n|t:|1699757980\n|switch|p1a: Manaphy|Manaphy|27\/100\n|turn|20\n|\n|t:|1699757986\n|move|p2a: stupid bird|Thunderbolt|p1a: Manaphy\n|-supereffective|p1a: Manaphy\n|-damage|p1a: Manaphy|0 fnt\n|faint|p1a: Manaphy\n|\n|upkeep\n|\n|t:|1699757988\n|switch|p1a: Kingambit|Kingambit, F|88\/100\n|-activate|p1a: Kingambit|ability: Supreme Overlord\n|-start|p1a: Kingambit|fallen5|[silent]\n|turn|21\n|\n|t:|1699757994\n|move|p1a: Kingambit|Sucker Punch|p2a: stupid bird\n|-damage|p2a: stupid bird|0 fnt\n|faint|p2a: stupid bird\n|\n|upkeep\n|\n|t:|1699757998\n|switch|p2a: cant win with sw|Slither Wing, shiny|100\/100\n|turn|22\n|c|\u2606grass knot zygarde|gg\n|\n|t:|1699758014\n|move|p1a: Kingambit|Sucker Punch|p2a: cant win with sw\n|-resisted|p2a: cant win with sw\n|-crit|p2a: cant win with sw\n|-damage|p2a: cant win with sw|52\/100\n|move|p2a: cant win with sw|Low Kick|p1a: Kingambit\n|-supereffective|p1a: Kingambit\n|-damage|p1a: Kingambit|0 fnt\n|faint|p1a: Kingambit\n|-end|p1a: Kingambit|fallen5|[silent]\n|\n|win|grass knot zygarde\n|c|\u2606Vapporeonn|CRIT\n|c|\u2606Vapporeonn|damn\n|c|\u2606Vapporeonn|gg\n|c|\u2606Vapporeonn|remathc\n|c|\u2606Vapporeonn|now\n|l|\u2606Vapporeonn\n|l|\u2606grass knot zygarde\n|j|\u2606grass knot zygarde\n|player|p2|grass knot zygarde|dawn\n","uploadtime":1699758025,"views":8,"p1id":"vapporeonn","p2id":"grassknotzygarde","formatid":"gen9ou","rating":0,"private":0,"password":""}