{"id":"gen9ou-1991625644","p1":"Noonoopanda","p2":"Jay-Arcade6","format":"[Gen 9] OU","log":"|j|\u2606Noonoopanda\n|j|\u2606Jay-Arcade6\n|t:|1700095654\n|gametype|singles\n|player|p1|Noonoopanda|101|1101\n|player|p2|Jay-Arcade6|volkner|1080\n|teamsize|p1|6\n|teamsize|p2|6\n|gen|9\n|tier|[Gen 9] OU\n|rated|\n|rule|Sleep Clause Mod: Limit one foe put to sleep\n|rule|Species Clause: Limit one of each Pok\u00e9mon\n|rule|OHKO Clause: OHKO moves are banned\n|rule|Evasion Items Clause: Evasion items are banned\n|rule|Evasion Moves Clause: Evasion moves are banned\n|rule|Endless Battle Clause: Forcing endless battles is banned\n|rule|HP Percentage Mod: HP is shown in percentages\n|clearpoke\n|poke|p1|Tropius, F|\n|poke|p1|Torkoal, F|\n|poke|p1|Slowking-Galar, M|\n|poke|p1|Zapdos|\n|poke|p1|Grimmsnarl, M|\n|poke|p1|Gastrodon, M|\n|poke|p2|Appletun, F|\n|poke|p2|Glimmora, F|\n|poke|p2|Vikavolt, M|\n|poke|p2|Torkoal, M|\n|poke|p2|Walking Wake|\n|poke|p2|Tinkaton, F|\n|teampreview\n|inactive|Battle timer is ON: inactive players will automatically lose when time's up. (requested by Jay-Arcade6)\n|\n|t:|1700095677\n|start\n|switch|p1a: Slowking|Slowking-Galar, M|100\/100\n|switch|p2a: Vikavolt|Vikavolt, M|100\/100\n|turn|1\n|\n|t:|1700095684\n|move|p2a: Vikavolt|Sticky Web|p1a: Slowking\n|-sidestart|p1: Noonoopanda|move: Sticky Web\n|move|p1a: Slowking|Snarl|p2a: Vikavolt\n|-damage|p2a: Vikavolt|76\/100\n|-unboost|p2a: Vikavolt|spa|1\n|\n|-heal|p2a: Vikavolt|82\/100|[from] item: Leftovers\n|upkeep\n|turn|2\n|\n|t:|1700095692\n|move|p2a: Vikavolt|Thunder Wave|p1a: Slowking\n|-status|p1a: Slowking|par\n|move|p1a: Slowking|Psychic|p2a: Vikavolt\n|-damage|p2a: Vikavolt|26\/100\n|\n|-heal|p2a: Vikavolt|32\/100|[from] item: Leftovers\n|upkeep\n|turn|3\n|\n|t:|1700095702\n|move|p2a: Vikavolt|Volt Switch|p1a: Slowking\n|-damage|p1a: Slowking|81\/100 par\n|\n|t:|1700095710\n|switch|p2a: Tinkaton|Tinkaton, F|100\/100|[from] Volt Switch\n|-item|p2a: Tinkaton|Air Balloon\n|move|p1a: Slowking|Psychic|p2a: Tinkaton\n|-resisted|p2a: Tinkaton\n|-damage|p2a: Tinkaton|81\/100\n|-enditem|p2a: Tinkaton|Air Balloon\n|\n|upkeep\n|turn|4\n|\n|t:|1700095725\n|switch|p1a: Torkoal|Torkoal, F|100\/100\n|-activate|p1a: Torkoal|move: Sticky Web\n|-unboost|p1a: Torkoal|spe|1\n|-weather|SunnyDay|[from] ability: Drought|[of] p1a: Torkoal\n|move|p2a: Tinkaton|Gigaton Hammer|p1a: Torkoal\n|-resisted|p1a: Torkoal\n|-damage|p1a: Torkoal|87\/100\n|\n|-weather|SunnyDay|[upkeep]\n|upkeep\n|turn|5\n|\n|t:|1700095739\n|switch|p2a: Walking Wake|Walking Wake|100\/100\n|-activate|p2a: Walking Wake|ability: Protosynthesis\n|-start|p2a: Walking Wake|protosynthesisspe\n|move|p1a: Torkoal|Rapid Spin|p2a: Walking Wake\n|-damage|p2a: Walking Wake|90\/100\n|-boost|p1a: Torkoal|spe|1\n|-sideend|p1: Noonoopanda|Sticky Web|[from] move: Rapid Spin|[of] p1a: Torkoal\n|\n|-weather|SunnyDay|[upkeep]\n|upkeep\n|turn|6\n|\n|t:|1700095755\n|switch|p1a: Tropius|Tropius, F|100\/100\n|move|p2a: Walking Wake|Hydro Steam|p1a: Tropius\n|-resisted|p1a: Tropius\n|-damage|p1a: Tropius|67\/100\n|\n|-weather|SunnyDay|[upkeep]\n|upkeep\n|turn|7\n|\n|t:|1700095765\n|move|p2a: Walking Wake|Flamethrower|p1a: Tropius\n|-supereffective|p1a: Tropius\n|-damage|p1a: Tropius|0 fnt\n|faint|p1a: Tropius\n|\n|-weather|SunnyDay|[upkeep]\n|upkeep\n|\n|t:|1700095780\n|switch|p1a: Zapdos|Zapdos, shiny|100\/100\n|-ability|p1a: Zapdos|Pressure\n|turn|8\n|\n|t:|1700095791\n|-end|p2a: Walking Wake|Protosynthesis|[silent]\n|switch|p2a: Vikavolt|Vikavolt, M|32\/100\n|move|p1a: Zapdos|Volt Switch|p2a: Vikavolt\n|-resisted|p2a: Vikavolt\n|-damage|p2a: Vikavolt|0 fnt\n|faint|p2a: Vikavolt\n|\n|t:|1700095798\n|switch|p1a: Grimmsnarl|Grimmsnarl, M|100\/100|[from] Volt Switch\n|\n|-weather|SunnyDay|[upkeep]\n|upkeep\n|\n|t:|1700095814\n|switch|p2a: Tinkaton|Tinkaton, F|81\/100\n|turn|9\n|\n|t:|1700095829\n|move|p1a: Grimmsnarl|Light Screen|p1a: Grimmsnarl\n|-sidestart|p1: Noonoopanda|move: Light Screen\n|move|p2a: Tinkaton|Thunder Wave|p1a: Grimmsnarl\n|-status|p1a: Grimmsnarl|par\n|\n|-weather|SunnyDay|[upkeep]\n|upkeep\n|turn|10\n|\n|t:|1700095836\n|move|p1a: Grimmsnarl|Reflect|p1a: Grimmsnarl\n|-sidestart|p1: Noonoopanda|Reflect\n|move|p2a: Tinkaton|Play Rough|p1a: Grimmsnarl\n|-supereffective|p1a: Grimmsnarl\n|-damage|p1a: Grimmsnarl|69\/100 par\n|\n|-weather|SunnyDay|[upkeep]\n|upkeep\n|turn|11\n|\n|t:|1700095844\n|switch|p1a: Zapdos|Zapdos, shiny|100\/100\n|-ability|p1a: Zapdos|Pressure\n|move|p2a: Tinkaton|Play Rough|p1a: Zapdos\n|-damage|p1a: Zapdos|86\/100\n|\n|-weather|none\n|upkeep\n|turn|12\n|\n|t:|1700095855\n|switch|p2a: Glimmora|Glimmora, F|100\/100\n|move|p1a: Zapdos|Volt Switch|p2a: Glimmora\n|-damage|p2a: Glimmora|43\/100\n|\n|t:|1700095864\n|switch|p1a: Gastrodon|Gastrodon, M|100\/100|[from] Volt Switch\n|\n|-heal|p2a: Glimmora|49\/100|[from] item: Leftovers\n|upkeep\n|turn|13\n|\n|t:|1700095871\n|move|p2a: Glimmora|Memento|p1a: Gastrodon\n|-unboost|p1a: Gastrodon|atk|2\n|-unboost|p1a: Gastrodon|spa|2\n|faint|p2a: Glimmora\n|move|p1a: Gastrodon|Surf|p2: Glimmora|[notarget]\n|-fail|p1a: Gastrodon\n|\n|-sideend|p1: Noonoopanda|move: Light Screen\n|upkeep\n|\n|t:|1700095880\n|switch|p2a: Appletun|Appletun, F|100\/100\n|turn|14\n|\n|t:|1700095884\n|move|p1a: Gastrodon|Yawn|p2a: Appletun\n|-start|p2a: Appletun|move: Yawn|[of] p1a: Gastrodon\n|move|p2a: Appletun|Leech Seed|p1a: Gastrodon\n|-start|p1a: Gastrodon|move: Leech Seed\n|\n|-damage|p1a: Gastrodon|88\/100|[from] Leech Seed|[of] p2a: Appletun\n|-sideend|p1: Noonoopanda|Reflect\n|upkeep\n|turn|15\n|\n|t:|1700095892\n|switch|p1a: Zapdos|Zapdos, shiny|86\/100\n|-ability|p1a: Zapdos|Pressure\n|move|p2a: Appletun|Substitute|p2a: Appletun\n|-start|p2a: Appletun|Substitute\n|-damage|p2a: Appletun|75\/100\n|\n|-heal|p2a: Appletun|82\/100|[from] item: Leftovers\n|-end|p2a: Appletun|move: Yawn|[silent]\n|-status|p2a: Appletun|slp\n|upkeep\n|turn|16\n|\n|t:|1700095904\n|move|p1a: Zapdos|Thunderbolt|p2a: Appletun\n|-resisted|p2a: Appletun\n|-activate|p2a: Appletun|move: Substitute|[damage]\n|cant|p2a: Appletun|slp\n|\n|-heal|p2a: Appletun|88\/100 slp|[from] item: Leftovers\n|upkeep\n|turn|17\n|\n|t:|1700095910\n|move|p1a: Zapdos|Thunderbolt|p2a: Appletun\n|-resisted|p2a: Appletun\n|-end|p2a: Appletun|Substitute\n|cant|p2a: Appletun|slp\n|\n|-heal|p2a: Appletun|94\/100 slp|[from] item: Leftovers\n|upkeep\n|turn|18\n|\n|t:|1700095917\n|switch|p1a: Torkoal|Torkoal, F|87\/100\n|-weather|SunnyDay|[from] ability: Drought|[of] p1a: Torkoal\n|cant|p2a: Appletun|slp\n|\n|-weather|SunnyDay|[upkeep]\n|-heal|p2a: Appletun|99\/100 slp|[from] item: Leftovers\n|upkeep\n|turn|19\n|\n|t:|1700095926\n|-curestatus|p2a: Appletun|slp|[msg]\n|move|p2a: Appletun|Leech Seed|p1a: Torkoal\n|-start|p1a: Torkoal|move: Leech Seed\n|move|p1a: Torkoal|Stealth Rock|p2a: Appletun\n|-sidestart|p2: Jay-Arcade6|move: Stealth Rock\n|\n|-weather|SunnyDay|[upkeep]\n|-heal|p2a: Appletun|100\/100|[from] item: Leftovers\n|-damage|p1a: Torkoal|75\/100|[from] Leech Seed|[of] p2a: Appletun\n|upkeep\n|turn|20\n|\n|t:|1700095936\n|move|p2a: Appletun|Substitute|p2a: Appletun\n|-start|p2a: Appletun|Substitute\n|-damage|p2a: Appletun|75\/100\n|move|p1a: Torkoal|Overheat|p2a: Appletun\n|-end|p2a: Appletun|Substitute\n|-unboost|p1a: Torkoal|spa|2\n|\n|-weather|SunnyDay|[upkeep]\n|-heal|p2a: Appletun|82\/100|[from] item: Leftovers\n|-damage|p1a: Torkoal|63\/100|[from] Leech Seed|[of] p2a: Appletun\n|-heal|p2a: Appletun|92\/100|[silent]\n|upkeep\n|turn|21\n|\n|t:|1700095947\n|switch|p1a: Gastrodon|Gastrodon, M|88\/100\n|move|p2a: Appletun|Iron Defense|p2a: Appletun\n|-boost|p2a: Appletun|def|2\n|\n|-weather|SunnyDay|[upkeep]\n|-heal|p1a: Gastrodon|94\/100|[from] item: Leftovers\n|-heal|p2a: Appletun|98\/100|[from] item: Leftovers\n|upkeep\n|turn|22\n|\n|t:|1700095955\n|move|p1a: Gastrodon|Yawn|p2a: Appletun\n|-start|p2a: Appletun|move: Yawn|[of] p1a: Gastrodon\n|move|p2a: Appletun|Leech Seed|p1a: Gastrodon\n|-start|p1a: Gastrodon|move: Leech Seed\n|\n|-weather|SunnyDay|[upkeep]\n|-heal|p1a: Gastrodon|99\/100|[from] item: Leftovers\n|-heal|p2a: Appletun|100\/100|[from] item: Leftovers\n|-damage|p1a: Gastrodon|88\/100|[from] Leech Seed|[of] p2a: Appletun\n|upkeep\n|turn|23\n|\n|t:|1700095970\n|switch|p2a: Tinkaton|Tinkaton, F|81\/100\n|-damage|p2a: Tinkaton|75\/100|[from] Stealth Rock\n|move|p1a: Gastrodon|Earth Power|p2a: Tinkaton\n|-supereffective|p2a: Tinkaton\n|-damage|p2a: Tinkaton|22\/100\n|\n|-weather|SunnyDay|[upkeep]\n|-heal|p1a: Gastrodon|94\/100|[from] item: Leftovers\n|-damage|p1a: Gastrodon|81\/100|[from] Leech Seed|[of] p2a: Tinkaton\n|-heal|p2a: Tinkaton|36\/100|[silent]\n|upkeep\n|turn|24\n|\n|t:|1700095983\n|move|p2a: Tinkaton|Gigaton Hammer|p1a: Gastrodon\n|-resisted|p1a: Gastrodon\n|-damage|p1a: Gastrodon|57\/100\n|move|p1a: Gastrodon|Earth Power|p2a: Tinkaton\n|-supereffective|p2a: Tinkaton\n|-damage|p2a: Tinkaton|0 fnt\n|faint|p2a: Tinkaton\n|\n|-weather|SunnyDay|[upkeep]\n|-heal|p1a: Gastrodon|63\/100|[from] item: Leftovers\n|upkeep\n|\n|t:|1700095998\n|switch|p2a: Appletun|Appletun, F|100\/100\n|-damage|p2a: Appletun|88\/100|[from] Stealth Rock\n|turn|25\n|\n|t:|1700096004\n|move|p1a: Gastrodon|Yawn|p2a: Appletun\n|-start|p2a: Appletun|move: Yawn|[of] p1a: Gastrodon\n|move|p2a: Appletun|Body Press|p1a: Gastrodon\n|-damage|p1a: Gastrodon|38\/100\n|\n|-weather|none\n|-heal|p1a: Gastrodon|44\/100|[from] item: Leftovers\n|-heal|p2a: Appletun|94\/100|[from] item: Leftovers\n|-damage|p1a: Gastrodon|31\/100|[from] Leech Seed|[of] p2a: Appletun\n|-heal|p2a: Appletun|100\/100|[silent]\n|upkeep\n|turn|26\n|\n|t:|1700096026\n|switch|p1a: Grimmsnarl|Grimmsnarl, M|69\/100 par\n|switch|p2a: Torkoal|Torkoal, M|100\/100\n|-damage|p2a: Torkoal|76\/100|[from] Stealth Rock\n|-weather|SunnyDay|[from] ability: Drought|[of] p2a: Torkoal\n|\n|-weather|SunnyDay|[upkeep]\n|-heal|p2a: Torkoal|82\/100|[from] item: Leftovers\n|upkeep\n|turn|27\n|\n|t:|1700096039\n|cant|p1a: Grimmsnarl|par\n|move|p2a: Torkoal|Stealth Rock|p1a: Grimmsnarl\n|-sidestart|p1: Noonoopanda|move: Stealth Rock\n|\n|-weather|SunnyDay|[upkeep]\n|-heal|p2a: Torkoal|88\/100|[from] item: Leftovers\n|upkeep\n|turn|28\n|\n|t:|1700096045\n|move|p1a: Grimmsnarl|Play Rough|p2a: Torkoal\n|-resisted|p2a: Torkoal\n|-crit|p2a: Torkoal\n|-damage|p2a: Torkoal|69\/100\n|move|p2a: Torkoal|Rapid Spin|p1a: Grimmsnarl\n|-damage|p1a: Grimmsnarl|58\/100 par\n|-boost|p2a: Torkoal|spe|1\n|-sideend|p2: Jay-Arcade6|Stealth Rock|[from] move: Rapid Spin|[of] p2a: Torkoal\n|\n|-weather|SunnyDay|[upkeep]\n|-heal|p2a: Torkoal|75\/100|[from] item: Leftovers\n|upkeep\n|turn|29\n|\n|t:|1700096056\n|switch|p1a: Gastrodon|Gastrodon, M|31\/100\n|-damage|p1a: Gastrodon|25\/100|[from] Stealth Rock\n|move|p2a: Torkoal|Yawn|p1a: Gastrodon\n|-start|p1a: Gastrodon|move: Yawn|[of] p2a: Torkoal\n|\n|-weather|SunnyDay|[upkeep]\n|-heal|p2a: Torkoal|81\/100|[from] item: Leftovers\n|-heal|p1a: Gastrodon|31\/100|[from] item: Leftovers\n|upkeep\n|turn|30\n|\n|t:|1700096066\n|switch|p2a: Walking Wake|Walking Wake|90\/100\n|-activate|p2a: Walking Wake|ability: Protosynthesis\n|-start|p2a: Walking Wake|protosynthesisspe\n|move|p1a: Gastrodon|Yawn|p2a: Walking Wake\n|-start|p2a: Walking Wake|move: Yawn|[of] p1a: Gastrodon\n|\n|-weather|none\n|-end|p2a: Walking Wake|Protosynthesis\n|-heal|p1a: Gastrodon|37\/100|[from] item: Leftovers\n|-end|p1a: Gastrodon|move: Yawn|[silent]\n|-status|p1a: Gastrodon|slp\n|upkeep\n|-enditem|p2a: Walking Wake|Booster Energy\n|-activate|p2a: Walking Wake|ability: Protosynthesis|[fromitem]\n|-start|p2a: Walking Wake|protosynthesisspe\n|turn|31\n|\n|t:|1700096082\n|-end|p2a: Walking Wake|Protosynthesis|[silent]\n|switch|p2a: Appletun|Appletun, F|100\/100\n|cant|p1a: Gastrodon|slp\n|\n|-heal|p1a: Gastrodon|43\/100 slp|[from] item: Leftovers\n|upkeep\n|turn|32\n|\n|t:|1700096090\n|-curestatus|p1a: Gastrodon|slp|[msg]\n|move|p1a: Gastrodon|Surf|p2a: Appletun\n|-resisted|p2a: Appletun\n|-damage|p2a: Appletun|93\/100\n|move|p2a: Appletun|Leech Seed|p1a: Gastrodon|[miss]\n|-miss|p2a: Appletun|p1a: Gastrodon\n|\n|-heal|p1a: Gastrodon|50\/100|[from] item: Leftovers\n|-heal|p2a: Appletun|99\/100|[from] item: Leftovers\n|upkeep\n|turn|33\n|\n|t:|1700096104\n|switch|p1a: Torkoal|Torkoal, F|63\/100\n|-damage|p1a: Torkoal|38\/100|[from] Stealth Rock\n|-weather|SunnyDay|[from] ability: Drought|[of] p1a: Torkoal\n|move|p2a: Appletun|Leech Seed|p1a: Torkoal|[miss]\n|-miss|p2a: Appletun|p1a: Torkoal\n|\n|-weather|SunnyDay|[upkeep]\n|-heal|p2a: Appletun|100\/100|[from] item: Leftovers\n|upkeep\n|turn|34\n|\n|t:|1700096114\n|switch|p2a: Walking Wake|Walking Wake|90\/100\n|-activate|p2a: Walking Wake|ability: Protosynthesis\n|-start|p2a: Walking Wake|protosynthesisspe\n|move|p1a: Torkoal|Overheat|p2a: Walking Wake|[miss]\n|-miss|p1a: Torkoal|p2a: Walking Wake\n|\n|-weather|SunnyDay|[upkeep]\n|upkeep\n|turn|35\n|\n|t:|1700096124\n|move|p2a: Walking Wake|Hydro Steam|p1a: Torkoal\n|-supereffective|p1a: Torkoal\n|-damage|p1a: Torkoal|0 fnt\n|faint|p1a: Torkoal\n|\n|-weather|SunnyDay|[upkeep]\n|upkeep\n|\n|t:|1700096132\n|switch|p1a: Slowking|Slowking-Galar, M|100\/100 par\n|turn|36\n|\n|t:|1700096136\n|move|p2a: Walking Wake|Hydro Steam|p1a: Slowking\n|-damage|p1a: Slowking|49\/100 par\n|move|p1a: Slowking|Snarl|p2a: Walking Wake\n|-damage|p2a: Walking Wake|68\/100\n|-unboost|p2a: Walking Wake|spa|1\n|\n|-weather|SunnyDay|[upkeep]\n|upkeep\n|turn|37\n|\n|t:|1700096144\n|switch|p1a: Gastrodon|Gastrodon, M|50\/100\n|-damage|p1a: Gastrodon|43\/100|[from] Stealth Rock\n|move|p2a: Walking Wake|Hydro Steam|p1a: Gastrodon\n|-ability|p1a: Gastrodon|Storm Drain|boost\n|-boost|p1a: Gastrodon|spa|1\n|\n|-weather|SunnyDay|[upkeep]\n|-heal|p1a: Gastrodon|50\/100|[from] item: Leftovers\n|upkeep\n|turn|38\n|\n|t:|1700096154\n|move|p2a: Walking Wake|Draco Meteor|p1a: Gastrodon\n|-damage|p1a: Gastrodon|24\/100\n|-unboost|p2a: Walking Wake|spa|2\n|move|p1a: Gastrodon|Surf|p2a: Walking Wake\n|-resisted|p2a: Walking Wake\n|-damage|p2a: Walking Wake|62\/100\n|\n|-weather|SunnyDay|[upkeep]\n|-heal|p1a: Gastrodon|30\/100|[from] item: Leftovers\n|upkeep\n|turn|39\n|\n|t:|1700096164\n|-end|p2a: Walking Wake|Protosynthesis|[silent]\n|switch|p2a: Appletun|Appletun, F|100\/100\n|move|p1a: Gastrodon|Recover|p1a: Gastrodon\n|-heal|p1a: Gastrodon|80\/100\n|\n|-weather|SunnyDay|[upkeep]\n|-heal|p1a: Gastrodon|86\/100|[from] item: Leftovers\n|upkeep\n|turn|40\n|\n|t:|1700096174\n|switch|p1a: Zapdos|Zapdos, shiny|86\/100\n|-damage|p1a: Zapdos|61\/100|[from] Stealth Rock\n|-ability|p1a: Zapdos|Pressure\n|move|p2a: Appletun|Leech Seed|p1a: Zapdos|[miss]\n|-miss|p2a: Appletun|p1a: Zapdos\n|\n|-weather|none\n|upkeep\n|turn|41\n|\n|t:|1700096183\n|move|p1a: Zapdos|Hurricane|p2a: Appletun\n|-supereffective|p2a: Appletun\n|-damage|p2a: Appletun|0 fnt\n|faint|p2a: Appletun\n|\n|upkeep\n|\n|t:|1700096188\n|switch|p2a: Torkoal|Torkoal, M|81\/100\n|-weather|SunnyDay|[from] ability: Drought|[of] p2a: Torkoal\n|turn|42\n|\n|t:|1700096195\n|move|p1a: Zapdos|Hurricane|p2a: Torkoal\n|-damage|p2a: Torkoal|0 fnt\n|faint|p2a: Torkoal\n|\n|-weather|SunnyDay|[upkeep]\n|upkeep\n|\n|t:|1700096200\n|switch|p2a: Walking Wake|Walking Wake|62\/100\n|-activate|p2a: Walking Wake|ability: Protosynthesis\n|-start|p2a: Walking Wake|protosynthesisspe\n|turn|43\n|\n|t:|1700096209\n|switch|p1a: Slowking|Slowking-Galar, M|82\/100 par\n|-terastallize|p2a: Walking Wake|Steel\n|move|p2a: Walking Wake|Tera Blast|p1a: Slowking|[anim] Tera Blast Steel\n|-damage|p1a: Slowking|50\/100 par\n|\n|-weather|SunnyDay|[upkeep]\n|upkeep\n|turn|44\n|\n|t:|1700096219\n|move|p2a: Walking Wake|Hydro Steam|p1a: Slowking\n|-damage|p1a: Slowking|4\/100 par\n|move|p1a: Slowking|Snarl|p2a: Walking Wake\n|-damage|p2a: Walking Wake|39\/100\n|-unboost|p2a: Walking Wake|spa|1\n|\n|-weather|SunnyDay|[upkeep]\n|upkeep\n|turn|45\n|\n|t:|1700096227\n|switch|p1a: Gastrodon|Gastrodon, M|86\/100\n|-damage|p1a: Gastrodon|80\/100|[from] Stealth Rock\n|move|p2a: Walking Wake|Hydro Steam|p1a: Gastrodon\n|-ability|p1a: Gastrodon|Storm Drain|boost\n|-boost|p1a: Gastrodon|spa|1\n|\n|-weather|SunnyDay|[upkeep]\n|-heal|p1a: Gastrodon|86\/100|[from] item: Leftovers\n|upkeep\n|turn|46\n|-message|Jay-Arcade6 forfeited.\n|\n|win|Noonoopanda\n|raw|Noonoopanda's rating: 1101 &rarr; <strong>1124<\/strong><br \/>(+23 for winning)\n|raw|Jay-Arcade6's rating: 1080 &rarr; <strong>1059<\/strong><br \/>(-21 for losing)\n|l|\u2606Jay-Arcade6\n","uploadtime":1700096271,"views":11,"p1id":"noonoopanda","p2id":"jayarcade6","formatid":"gen9ou","rating":1059,"private":0,"password":""}