{"id":"gen9ou-1994828378","p1":"drearios","p2":"BCDefault","format":"[Gen 9] OU","log":"|j|\u2606drearios\n|j|\u2606BCDefault\n|t:|1700496566\n|gametype|singles\n|player|p1|drearios|lady|1192\n|player|p2|BCDefault|worker|1268\n|teamsize|p1|6\n|teamsize|p2|6\n|gen|9\n|tier|[Gen 9] OU\n|rated|\n|rule|Sleep Clause Mod: Limit one foe put to sleep\n|rule|Species Clause: Limit one of each Pok\u00e9mon\n|rule|OHKO Clause: OHKO moves are banned\n|rule|Evasion Items Clause: Evasion items are banned\n|rule|Evasion Moves Clause: Evasion moves are banned\n|rule|Endless Battle Clause: Forcing endless battles is banned\n|rule|HP Percentage Mod: HP is shown in percentages\n|clearpoke\n|poke|p1|Cloyster, M|\n|poke|p1|Magnezone|\n|poke|p1|Weavile, F|\n|poke|p1|Kommo-o, F|\n|poke|p1|Garchomp, M|\n|poke|p1|Dragonite, F|\n|poke|p2|Lucario, F|\n|poke|p2|Gyarados, F|\n|poke|p2|Ninetales-Alola, F|\n|poke|p2|Garganacl, M|\n|poke|p2|Great Tusk|\n|poke|p2|Ceruledge, F|\n|teampreview\n|inactive|Battle timer is ON: inactive players will automatically lose when time's up. (requested by drearios)\n|\n|t:|1700496573\n|start\n|switch|p1a: Cloist|Cloyster, M|100\/100\n|switch|p2a: Garganacl|Garganacl, M|100\/100\n|turn|1\n|\n|t:|1700496581\n|move|p1a: Cloist|Shell Smash|p1a: Cloist\n|-unboost|p1a: Cloist|def|1\n|-unboost|p1a: Cloist|spd|1\n|-boost|p1a: Cloist|atk|2\n|-boost|p1a: Cloist|spa|2\n|-boost|p1a: Cloist|spe|2\n|move|p2a: Garganacl|Salt Cure|p1a: Cloist\n|-supereffective|p1a: Cloist\n|-damage|p1a: Cloist|62\/100\n|-start|p1a: Cloist|Salt Cure\n|\n|-damage|p1a: Cloist|37\/100|[from] Salt Cure\n|upkeep\n|turn|2\n|\n|t:|1700496598\n|move|p1a: Cloist|Icicle Spear|p2a: Garganacl\n|-damage|p2a: Garganacl|89\/100\n|-damage|p2a: Garganacl|78\/100\n|-damage|p2a: Garganacl|66\/100\n|-damage|p2a: Garganacl|54\/100\n|-damage|p2a: Garganacl|43\/100\n|-hitcount|p2a: Garganacl|5\n|move|p2a: Garganacl|Stealth Rock|p1a: Cloist\n|-sidestart|p1: drearios|move: Stealth Rock\n|\n|-heal|p2a: Garganacl|49\/100|[from] item: Leftovers\n|-damage|p1a: Cloist|13\/100|[from] Salt Cure\n|upkeep\n|turn|3\n|\n|t:|1700496619\n|switch|p2a: Gyarados|Gyarados, F|100\/100\n|-ability|p2a: Gyarados|Intimidate|boost\n|-unboost|p1a: Cloist|atk|1\n|move|p1a: Cloist|Spikes|p2a: Gyarados\n|-sidestart|p2: BCDefault|Spikes\n|\n|-damage|p1a: Cloist|0 fnt|[from] Salt Cure\n|faint|p1a: Cloist\n|upkeep\n|\n|t:|1700496623\n|switch|p1a: Magnezone|Magnezone|100\/100\n|-damage|p1a: Magnezone|94\/100|[from] Stealth Rock\n|turn|4\n|\n|t:|1700496630\n|-terastallize|p2a: Gyarados|Dragon\n|move|p2a: Gyarados|Dragon Dance|p2a: Gyarados\n|-boost|p2a: Gyarados|atk|1\n|-boost|p2a: Gyarados|spe|1\n|move|p1a: Magnezone|Volt Switch|p2a: Gyarados\n|-resisted|p2a: Gyarados\n|-damage|p2a: Gyarados|74\/100\n|\n|t:|1700496636\n|switch|p1a: Donnie Sharko|Garchomp, M|100\/100|[from] Volt Switch\n|-damage|p1a: Donnie Sharko|94\/100|[from] Stealth Rock\n|\n|upkeep\n|turn|5\n|\n|t:|1700496641\n|move|p2a: Gyarados|Waterfall|p1a: Donnie Sharko\n|-damage|p1a: Donnie Sharko|24\/100\n|-damage|p2a: Gyarados|62\/100|[from] ability: Rough Skin|[of] p1a: Donnie Sharko\n|move|p1a: Donnie Sharko|Scale Shot|p2a: Gyarados\n|-supereffective|p2a: Gyarados\n|-damage|p2a: Gyarados|29\/100\n|-supereffective|p2a: Gyarados\n|-damage|p2a: Gyarados|0 fnt\n|faint|p2a: Gyarados\n|-hitcount|p2: Gyarados|2\n|-unboost|p1a: Donnie Sharko|def|1\n|-boost|p1a: Donnie Sharko|spe|1\n|\n|upkeep\n|\n|t:|1700496650\n|switch|p2a: Great Tusk|Great Tusk|100\/100\n|-damage|p2a: Great Tusk|88\/100|[from] Spikes\n|-enditem|p2a: Great Tusk|Booster Energy\n|-activate|p2a: Great Tusk|ability: Protosynthesis|[fromitem]\n|-start|p2a: Great Tusk|protosynthesisatk\n|turn|6\n|\n|t:|1700496658\n|move|p1a: Donnie Sharko|Earthquake|p2a: Great Tusk\n|-damage|p2a: Great Tusk|47\/100\n|move|p2a: Great Tusk|Rapid Spin|p1a: Donnie Sharko\n|-damage|p1a: Donnie Sharko|0 fnt\n|-boost|p2a: Great Tusk|spe|1\n|-damage|p2a: Great Tusk|35\/100|[from] ability: Rough Skin|[of] p1a: Donnie Sharko\n|-sideend|p2: BCDefault|Spikes|[from] move: Rapid Spin|[of] p2a: Great Tusk\n|faint|p1a: Donnie Sharko\n|\n|upkeep\n|\n|t:|1700496665\n|switch|p1a: black vile|Weavile, F|100\/100\n|-damage|p1a: black vile|76\/100|[from] Stealth Rock\n|-ability|p1a: black vile|Pressure\n|turn|7\n|\n|t:|1700496673\n|move|p1a: black vile|Ice Shard|p2a: Great Tusk\n|-supereffective|p2a: Great Tusk\n|-damage|p2a: Great Tusk|0 fnt\n|faint|p2a: Great Tusk\n|-end|p2a: Great Tusk|Protosynthesis|[silent]\n|-damage|p1a: black vile|66\/100|[from] item: Life Orb\n|\n|upkeep\n|\n|t:|1700496681\n|switch|p2a: Garganacl|Garganacl, M|49\/100\n|turn|8\n|\n|t:|1700496684\n|move|p1a: black vile|Knock Off|p2a: Garganacl\n|-damage|p2a: Garganacl|19\/100\n|-enditem|p2a: Garganacl|Leftovers|[from] move: Knock Off|[of] p1a: black vile\n|-damage|p1a: black vile|56\/100|[from] item: Life Orb\n|move|p2a: Garganacl|Recover|p2a: Garganacl\n|-heal|p2a: Garganacl|69\/100\n|\n|upkeep\n|turn|9\n|\n|t:|1700496691\n|move|p1a: black vile|Icicle Crash|p2a: Garganacl\n|-damage|p2a: Garganacl|42\/100\n|-damage|p1a: black vile|46\/100|[from] item: Life Orb\n|move|p2a: Garganacl|Recover|p2a: Garganacl\n|-heal|p2a: Garganacl|92\/100\n|\n|upkeep\n|turn|10\n|\n|t:|1700496699\n|move|p1a: black vile|Swords Dance|p1a: black vile\n|-boost|p1a: black vile|atk|2\n|move|p2a: Garganacl|Salt Cure|p1a: black vile\n|-supereffective|p1a: black vile\n|-damage|p1a: black vile|0 fnt\n|faint|p1a: black vile\n|\n|upkeep\n|\n|t:|1700496702\n|switch|p1a: Magnezone|Magnezone|94\/100\n|-damage|p1a: Magnezone|88\/100|[from] Stealth Rock\n|turn|11\n|\n|t:|1700496712\n|move|p1a: Magnezone|Flash Cannon|p2a: Garganacl\n|-supereffective|p2a: Garganacl\n|-damage|p2a: Garganacl|0 fnt\n|faint|p2a: Garganacl\n|\n|upkeep\n|\n|t:|1700496718\n|switch|p2a: Lucario|Lucario, F|100\/100\n|turn|12\n|\n|t:|1700496722\n|move|p1a: Magnezone|Flash Cannon|p2a: Lucario\n|-resisted|p2a: Lucario\n|-damage|p2a: Lucario|57\/100\n|move|p2a: Lucario|Swords Dance|p2a: Lucario\n|-boost|p2a: Lucario|atk|2\n|\n|upkeep\n|turn|13\n|\n|t:|1700496725\n|move|p1a: Magnezone|Flash Cannon|p2a: Lucario\n|-resisted|p2a: Lucario\n|-damage|p2a: Lucario|14\/100\n|move|p2a: Lucario|Drain Punch|p1a: Magnezone\n|-supereffective|p1a: Magnezone\n|-damage|p1a: Magnezone|0 fnt\n|-heal|p2a: Lucario|50\/100|[from] drain|[of] p1a: Magnezone\n|faint|p1a: Magnezone\n|-damage|p2a: Lucario|40\/100|[from] item: Life Orb\n|\n|upkeep\n|\n|t:|1700496729\n|switch|p1a: big clang shot|Kommo-o, F|100\/100\n|-damage|p1a: big clang shot|94\/100|[from] Stealth Rock\n|turn|14\n|\n|t:|1700496736\n|move|p2a: Lucario|Extreme Speed|p1a: big clang shot\n|-damage|p1a: big clang shot|21\/100\n|-enditem|p1a: big clang shot|Salac Berry|[eat]\n|-boost|p1a: big clang shot|spe|1|[from] item: Salac Berry\n|-damage|p2a: Lucario|30\/100|[from] item: Life Orb\n|move|p1a: big clang shot|Drain Punch|p2a: Lucario\n|-supereffective|p2a: Lucario\n|-damage|p2a: Lucario|0 fnt\n|-heal|p1a: big clang shot|39\/100|[from] drain|[of] p2a: Lucario\n|faint|p2a: Lucario\n|\n|upkeep\n|\n|t:|1700496744\n|switch|p2a: Ceruledge|Ceruledge, F|100\/100\n|turn|15\n|\n|t:|1700496749\n|move|p1a: big clang shot|Thunder Punch|p2a: Ceruledge\n|-damage|p2a: Ceruledge|65\/100\n|move|p2a: Ceruledge|Swords Dance|p2a: Ceruledge\n|-boost|p2a: Ceruledge|atk|2\n|\n|upkeep\n|turn|16\n|\n|t:|1700496753\n|move|p2a: Ceruledge|Shadow Sneak|p1a: big clang shot\n|-damage|p1a: big clang shot|0 fnt\n|faint|p1a: big clang shot\n|\n|upkeep\n|\n|t:|1700496754\n|switch|p1a: life's a drag|Dragonite, F, shiny|100\/100\n|turn|17\n|\n|t:|1700496761\n|move|p2a: Ceruledge|Bitter Blade|p1a: life's a drag\n|-resisted|p1a: life's a drag\n|-damage|p1a: life's a drag|82\/100\n|-heal|p2a: Ceruledge|77\/100|[from] drain|[of] p1a: life's a drag\n|move|p1a: life's a drag|Earthquake|p2a: Ceruledge\n|-supereffective|p2a: Ceruledge\n|-damage|p2a: Ceruledge|0 fnt\n|faint|p2a: Ceruledge\n|\n|upkeep\n|\n|t:|1700496767\n|switch|p2a: Ninetales|Ninetales-Alola, F, shiny|100\/100\n|-weather|Snow|[from] ability: Snow Warning|[of] p2a: Ninetales\n|turn|18\n|\n|t:|1700496773\n|-terastallize|p1a: life's a drag|Flying\n|move|p2a: Ninetales|Aurora Veil|p2a: Ninetales\n|-sidestart|p2: BCDefault|move: Aurora Veil\n|move|p1a: life's a drag|Tera Blast|p2a: Ninetales|[anim] Tera Blast Flying\n|-damage|p2a: Ninetales|75\/100\n|\n|-weather|Snow|[upkeep]\n|upkeep\n|turn|19\n|\n|t:|1700496780\n|move|p2a: Ninetales|Freeze-Dry|p1a: life's a drag\n|-supereffective|p1a: life's a drag\n|-damage|p1a: life's a drag|35\/100\n|move|p1a: life's a drag|Roost|p1a: life's a drag\n|-heal|p1a: life's a drag|85\/100\n|-hint|If a Flying Terastallized Pokemon uses Roost, it remains Flying-type.\n|\n|-weather|Snow|[upkeep]\n|upkeep\n|turn|20\n|\n|t:|1700496786\n|move|p2a: Ninetales|Chilling Water|p1a: life's a drag\n|-damage|p1a: life's a drag|75\/100\n|-unboost|p1a: life's a drag|atk|1\n|move|p1a: life's a drag|Dragon Dance|p1a: life's a drag\n|-boost|p1a: life's a drag|atk|1\n|-boost|p1a: life's a drag|spe|1\n|\n|-weather|Snow|[upkeep]\n|upkeep\n|turn|21\n|\n|t:|1700496789\n|move|p1a: life's a drag|Dragon Dance|p1a: life's a drag\n|-boost|p1a: life's a drag|atk|1\n|-boost|p1a: life's a drag|spe|1\n|move|p2a: Ninetales|Freeze-Dry|p1a: life's a drag\n|-supereffective|p1a: life's a drag\n|-damage|p1a: life's a drag|29\/100\n|\n|-weather|Snow|[upkeep]\n|upkeep\n|turn|22\n|\n|t:|1700496796\n|move|p1a: life's a drag|Roost|p1a: life's a drag\n|-heal|p1a: life's a drag|79\/100\n|-hint|If a Flying Terastallized Pokemon uses Roost, it remains Flying-type.\n|move|p2a: Ninetales|Freeze-Dry|p1a: life's a drag\n|-supereffective|p1a: life's a drag\n|-crit|p1a: life's a drag\n|-damage|p1a: life's a drag|4\/100\n|\n|-weather|none\n|upkeep\n|turn|23\n|\n|t:|1700496800\n|move|p1a: life's a drag|Roost|p1a: life's a drag\n|-heal|p1a: life's a drag|54\/100\n|-hint|If a Flying Terastallized Pokemon uses Roost, it remains Flying-type.\n|move|p2a: Ninetales|Freeze-Dry|p1a: life's a drag\n|-supereffective|p1a: life's a drag\n|-damage|p1a: life's a drag|7\/100\n|\n|upkeep\n|turn|24\n|\n|t:|1700496803\n|move|p1a: life's a drag|Roost|p1a: life's a drag\n|-heal|p1a: life's a drag|57\/100\n|-hint|If a Flying Terastallized Pokemon uses Roost, it remains Flying-type.\n|move|p2a: Ninetales|Freeze-Dry|p1a: life's a drag\n|-supereffective|p1a: life's a drag\n|-damage|p1a: life's a drag|13\/100\n|-status|p1a: life's a drag|frz\n|\n|upkeep\n|turn|25\n|\n|t:|1700496806\n|cant|p1a: life's a drag|frz\n|move|p2a: Ninetales|Freeze-Dry|p1a: life's a drag\n|-supereffective|p1a: life's a drag\n|-damage|p1a: life's a drag|0 fnt\n|faint|p1a: life's a drag\n|\n|win|BCDefault\n|raw|drearios's rating: 1192 &rarr; <strong>1172<\/strong><br \/>(-20 for losing)\n|raw|BCDefault's rating: 1268 &rarr; <strong>1288<\/strong><br \/>(+20 for winning)\n|c|\u2606BCDefault|gg\n|c|\u2606drearios|ur joking\n|l|\u2606drearios\n|c|\u2606BCDefault|bound to happen\n","uploadtime":1700496817,"views":4,"p1id":"drearios","p2id":"bcdefault","formatid":"gen9ou","rating":1172,"private":0,"password":""}