{"id":"gen9ou-1999492276","p1":"martinusx7","p2":"Diatere","format":"[Gen 9] OU","log":"|j|\u2606martinusx7\n|j|\u2606Diatere\n|t:|1701088548\n|gametype|singles\n|player|p1|martinusx7|emmet|1316\n|player|p2|Diatere|mina|1409\n|teamsize|p1|6\n|teamsize|p2|6\n|gen|9\n|tier|[Gen 9] OU\n|rated|\n|rule|Sleep Clause Mod: Limit one foe put to sleep\n|rule|Species Clause: Limit one of each Pok\u00e9mon\n|rule|OHKO Clause: OHKO moves are banned\n|rule|Evasion Items Clause: Evasion items are banned\n|rule|Evasion Moves Clause: Evasion moves are banned\n|rule|Endless Battle Clause: Forcing endless battles is banned\n|rule|HP Percentage Mod: HP is shown in percentages\n|clearpoke\n|poke|p1|Maushold|\n|poke|p1|Weavile, M|\n|poke|p1|Garganacl, M|\n|poke|p1|Samurott-Hisui, F|\n|poke|p1|Amoonguss, M|\n|poke|p1|Kingambit, M|\n|poke|p2|Ninetales-Alola, M|\n|poke|p2|Hatterene, F|\n|poke|p2|Manaphy|\n|poke|p2|Ogerpon-Cornerstone, F|\n|poke|p2|Rillaboom, M|\n|poke|p2|Iron Valiant|\n|teampreview\n|\n|t:|1701088559\n|start\n|switch|p1a: Garganacl|Garganacl, M|100\/100\n|switch|p2a: Tavros|Ninetales-Alola, M|100\/100\n|-weather|Snow|[from] ability: Snow Warning|[of] p2a: Tavros\n|turn|1\n|c|\u2606Diatere|the maus\n|inactive|Battle timer is ON: inactive players will automatically lose when time's up. (requested by martinusx7)\n|\n|t:|1701088565\n|move|p2a: Tavros|Aurora Veil|p2a: Tavros\n|-sidestart|p2: Diatere|move: Aurora Veil\n|move|p1a: Garganacl|Salt Cure|p2a: Tavros\n|-supereffective|p2a: Tavros\n|-damage|p2a: Tavros|88\/100\n|-start|p2a: Tavros|Salt Cure\n|\n|-weather|Snow|[upkeep]\n|-damage|p2a: Tavros|76\/100|[from] Salt Cure\n|upkeep\n|turn|2\n|\n|t:|1701088573\n|switch|p2a: Gamzee|Rillaboom, M|100\/100\n|-fieldstart|move: Grassy Terrain|[from] ability: Grassy Surge|[of] p2a: Gamzee\n|move|p1a: Garganacl|Body Press|p2a: Gamzee\n|-damage|p2a: Gamzee|88\/100\n|\n|-weather|Snow|[upkeep]\n|-heal|p2a: Gamzee|94\/100|[from] Grassy Terrain\n|upkeep\n|turn|3\n|\n|t:|1701088582\n|-terastallize|p1a: Garganacl|Ghost\n|move|p2a: Gamzee|Wood Hammer|p1a: Garganacl\n|-damage|p1a: Garganacl|21\/100\n|-damage|p2a: Gamzee|63\/100|[from] Recoil\n|move|p1a: Garganacl|Iron Defense|p1a: Garganacl\n|-boost|p1a: Garganacl|def|2\n|\n|-weather|Snow|[upkeep]\n|-heal|p2a: Gamzee|69\/100|[from] Grassy Terrain\n|-heal|p1a: Garganacl|27\/100|[from] Grassy Terrain\n|-heal|p1a: Garganacl|33\/100|[from] item: Leftovers\n|upkeep\n|turn|4\n|\n|t:|1701088597\n|switch|p1a: Amoonguss|Amoonguss, M|100\/100\n|move|p2a: Gamzee|Wood Hammer|p1a: Amoonguss\n|-resisted|p1a: Amoonguss\n|-damage|p1a: Amoonguss|68\/100\n|-damage|p2a: Gamzee|55\/100|[from] Recoil\n|-enditem|p1a: Amoonguss|Red Card|[of] p2a: Gamzee\n|drag|p2a: Terezi|Ogerpon-Cornerstone, F|100\/100\n|\n|-weather|Snow|[upkeep]\n|-heal|p1a: Amoonguss|74\/100|[from] Grassy Terrain\n|upkeep\n|turn|5\n|\n|t:|1701088609\n|move|p2a: Terezi|Swords Dance|p2a: Terezi\n|-boost|p2a: Terezi|atk|2\n|move|p1a: Amoonguss|Sludge Bomb|p2a: Terezi\n|-damage|p2a: Terezi|80\/100\n|\n|-weather|none\n|-heal|p2a: Terezi|86\/100|[from] Grassy Terrain\n|-heal|p1a: Amoonguss|80\/100|[from] Grassy Terrain\n|upkeep\n|turn|6\n|\n|t:|1701088621\n|switch|p1a: Kingambit|Kingambit, M|100\/100\n|move|p2a: Terezi|Swords Dance|p2a: Terezi\n|-boost|p2a: Terezi|atk|2\n|\n|-heal|p2a: Terezi|92\/100|[from] Grassy Terrain\n|-fieldend|move: Grassy Terrain\n|upkeep\n|turn|7\n|\n|t:|1701088631\n|-terastallize|p2a: Terezi|Rock\n|detailschange|p2a: Terezi|Ogerpon-Cornerstone-Tera, F, tera:Rock\n|-ability|p2a: Terezi|Embody Aspect (Cornerstone)|boost\n|-boost|p2a: Terezi|def|1\n|move|p2a: Terezi|Low Kick|p1a: Kingambit\n|-supereffective|p1a: Kingambit\n|-damage|p1a: Kingambit|0 fnt\n|faint|p1a: Kingambit\n|-end|p1a: Kingambit|fallenundefined|[silent]\n|\n|upkeep\n|\n|t:|1701088640\n|switch|p1a: Amoonguss|Amoonguss, M|100\/100\n|turn|8\n|\n|t:|1701088645\n|move|p2a: Terezi|Ivy Cudgel|p1a: Amoonguss|[anim] Ivy Cudgel Rock\n|-damage|p1a: Amoonguss|0 fnt\n|faint|p1a: Amoonguss\n|\n|-sideend|p2: Diatere|move: Aurora Veil\n|upkeep\n|\n|t:|1701088654\n|switch|p1a: Samurott|Samurott-Hisui, F|100\/100\n|turn|9\n|\n|t:|1701088661\n|move|p1a: Samurott|Aqua Jet|p2a: Terezi\n|-supereffective|p2a: Terezi\n|-damage|p2a: Terezi|52\/100\n|move|p2a: Terezi|Low Kick|p1a: Samurott\n|-supereffective|p1a: Samurott\n|-damage|p1a: Samurott|0 fnt\n|faint|p1a: Samurott\n|\n|upkeep\n|-message|martinusx7 forfeited.\n|\n|win|Diatere\n|raw|martinusx7's rating: 1316 &rarr; <strong>1301<\/strong><br \/>(-15 for losing)\n|raw|Diatere's rating: 1409 &rarr; <strong>1424<\/strong><br \/>(+15 for winning)\n|l|\u2606martinusx7\n","uploadtime":1701088670,"views":2,"p1id":"martinusx7","p2id":"diatere","formatid":"gen9ou","rating":1301,"private":0,"password":""}