{"id":"gen9ou-1994538388","p1":"AzraellL","p2":"25diazmj3","format":"[Gen 9] OU","log":"|j|\u2606AzraellL\n|j|\u260625diazmj3\n|t:|1700456437\n|gametype|singles\n|player|p1|AzraellL|grimsley|1155\n|player|p2|25diazmj3|cynthia-gen4|1149\n|teamsize|p1|6\n|teamsize|p2|6\n|gen|9\n|tier|[Gen 9] OU\n|rated|\n|rule|Sleep Clause Mod: Limit one foe put to sleep\n|rule|Species Clause: Limit one of each Pok\u00e9mon\n|rule|OHKO Clause: OHKO moves are banned\n|rule|Evasion Items Clause: Evasion items are banned\n|rule|Evasion Moves Clause: Evasion moves are banned\n|rule|Endless Battle Clause: Forcing endless battles is banned\n|rule|HP Percentage Mod: HP is shown in percentages\n|clearpoke\n|poke|p1|Ceruledge, M|\n|poke|p1|Grimmsnarl, M|\n|poke|p1|Garganacl, F|\n|poke|p1|Torkoal, F|\n|poke|p1|Altaria, M|\n|poke|p1|Walking Wake|\n|poke|p2|Ditto|\n|poke|p2|Dugtrio-Alola, M|\n|poke|p2|Kingambit, M|\n|poke|p2|Sneasler, M|\n|poke|p2|Glimmora, M|\n|poke|p2|Gholdengo|\n|teampreview\n|inactive|Battle timer is ON: inactive players will automatically lose when time's up. (requested by 25diazmj3)\n|\n|t:|1700456447\n|start\n|switch|p1a: Grimmsnarl|Grimmsnarl, M|100\/100\n|switch|p2a: fak you POISON BLA|Glimmora, M, shiny|100\/100\n|turn|1\n|inactive|AzraellL has 120 seconds left.\n|\n|t:|1700456494\n|move|p1a: Grimmsnarl|Parting Shot|p2a: fak you POISON BLA\n|-unboost|p2a: fak you POISON BLA|atk|1\n|-unboost|p2a: fak you POISON BLA|spa|1\n|inactive|AzraellL has 90 seconds left.\n|\n|t:|1700456529\n|switch|p1a: Altaria|Altaria, M|100\/100|[from] Parting Shot\n|move|p2a: fak you POISON BLA|Sludge Wave|p1a: Altaria\n|-damage|p1a: Altaria|77\/100\n|\n|-heal|p1a: Altaria|83\/100|[from] item: Leftovers\n|upkeep\n|turn|2\n|\n|t:|1700456537\n|move|p2a: fak you POISON BLA|Stealth Rock|p1a: Altaria\n|-sidestart|p1: AzraellL|move: Stealth Rock\n|move|p1a: Altaria|Fire Spin|p2a: fak you POISON BLA\n|-resisted|p2a: fak you POISON BLA\n|-damage|p2a: fak you POISON BLA|96\/100\n|-activate|p2a: fak you POISON BLA|move: Fire Spin|[of] p1a: Altaria\n|\n|-heal|p1a: Altaria|89\/100|[from] item: Leftovers\n|-damage|p2a: fak you POISON BLA|83\/100|[from] move: Fire Spin|[partiallytrapped]\n|upkeep\n|turn|3\n|\n|t:|1700456547\n|move|p2a: fak you POISON BLA|Mortal Spin|p1a: Altaria\n|-damage|p1a: Altaria|84\/100\n|-status|p1a: Altaria|psn\n|-end|p2a: fak you POISON BLA|Fire Spin|[partiallytrapped]\n|move|p1a: Altaria|Perish Song|p1a: Altaria\n|-start|p1a: Altaria|perish3|[silent]\n|-start|p2a: fak you POISON BLA|perish3|[silent]\n|-fieldactivate|move: Perish Song\n|\n|-heal|p1a: Altaria|90\/100 psn|[from] item: Leftovers\n|-damage|p1a: Altaria|78\/100 psn|[from] psn\n|-start|p2a: fak you POISON BLA|perish3\n|-start|p1a: Altaria|perish3\n|upkeep\n|turn|4\n|\n|t:|1700456565\n|switch|p2a: Ditto|Ditto, shiny|100\/100\n|-transform|p2a: Ditto|p1a: Altaria|[from] ability: Imposter\n|move|p1a: Altaria|Protect||[still]\n|-fail|p1a: Altaria\n|\n|-heal|p1a: Altaria|84\/100 psn|[from] item: Leftovers\n|-damage|p1a: Altaria|72\/100 psn|[from] psn\n|-start|p1a: Altaria|perish2\n|upkeep\n|turn|5\n|inactive|AzraellL has 90 seconds left.\n|\n|t:|1700456585\n|-curestatus|p1a: Altaria|psn|[from] ability: Natural Cure\n|switch|p1a: Grimmsnarl|Grimmsnarl, M|100\/100\n|-damage|p1a: Grimmsnarl|88\/100|[from] Stealth Rock\n|move|p2a: Ditto|Fire Spin|p1a: Grimmsnarl\n|-damage|p1a: Grimmsnarl|81\/100\n|-activate|p1a: Grimmsnarl|move: Fire Spin|[of] p2a: Ditto\n|\n|-damage|p1a: Grimmsnarl|69\/100|[from] move: Fire Spin|[partiallytrapped]\n|upkeep\n|turn|6\n|inactive|AzraellL has 90 seconds left.\n|\n|t:|1700456605\n|switch|p2a: cheese noodles|Gholdengo|100\/100\n|move|p1a: Grimmsnarl|Parting Shot|p2a: cheese noodles\n|-immune|p2a: cheese noodles|[from] ability: Good as Gold\n|\n|-end|p1a: Grimmsnarl|Fire Spin|[partiallytrapped]|[silent]\n|upkeep\n|turn|7\n|\n|t:|1700456618\n|switch|p1a: Torkoal|Torkoal, F|100\/100\n|-damage|p1a: Torkoal|76\/100|[from] Stealth Rock\n|-weather|SunnyDay|[from] ability: Drought|[of] p1a: Torkoal\n|move|p2a: cheese noodles|Make It Rain|p1a: Torkoal\n|-resisted|p1a: Torkoal\n|-damage|p1a: Torkoal|45\/100\n|-unboost|p2a: cheese noodles|spa|1\n|\n|-weather|SunnyDay|[upkeep]\n|upkeep\n|turn|8\n|inactive|AzraellL has 90 seconds left.\n|\n|t:|1700456656\n|switch|p2a: Ditto|Ditto, shiny|100\/100\n|-transform|p2a: Ditto|p1a: Torkoal|[from] ability: Imposter\n|move|p1a: Torkoal|Lava Plume|p2a: Ditto\n|-resisted|p2a: Ditto\n|-damage|p2a: Ditto|80\/100\n|\n|-weather|SunnyDay|[upkeep]\n|upkeep\n|turn|9\n|\n|t:|1700456669\n|move|p2a: Ditto|Yawn|p1a: Torkoal\n|-start|p1a: Torkoal|move: Yawn|[of] p2a: Ditto\n|move|p1a: Torkoal|Rapid Spin|p2a: Ditto\n|-damage|p2a: Ditto|73\/100\n|-boost|p1a: Torkoal|spe|1\n|-sideend|p1: AzraellL|Stealth Rock|[from] move: Rapid Spin|[of] p1a: Torkoal\n|\n|-weather|SunnyDay|[upkeep]\n|upkeep\n|turn|10\n|\n|t:|1700456682\n|switch|p1a: Altaria|Altaria, M|72\/100\n|move|p2a: Ditto|Yawn|p1a: Altaria\n|-start|p1a: Altaria|move: Yawn|[of] p2a: Ditto\n|\n|-weather|SunnyDay|[upkeep]\n|-heal|p1a: Altaria|78\/100|[from] item: Leftovers\n|upkeep\n|turn|11\n|\n|t:|1700456692\n|move|p1a: Altaria|Fire Spin|p2a: Ditto\n|-resisted|p2a: Ditto\n|-damage|p2a: Ditto|68\/100\n|-activate|p2a: Ditto|move: Fire Spin|[of] p1a: Altaria\n|move|p2a: Ditto|Yawn||[still]\n|-fail|p2a: Ditto\n|\n|-weather|SunnyDay|[upkeep]\n|-heal|p1a: Altaria|84\/100|[from] item: Leftovers\n|-damage|p2a: Ditto|56\/100|[from] move: Fire Spin|[partiallytrapped]\n|-end|p1a: Altaria|move: Yawn|[silent]\n|-status|p1a: Altaria|slp\n|upkeep\n|turn|12\n|inactive|AzraellL has 90 seconds left.\n|\n|t:|1700456707\n|cant|p1a: Altaria|slp\n|move|p2a: Ditto|Yawn||[still]\n|-fail|p2a: Ditto\n|\n|-weather|SunnyDay|[upkeep]\n|-heal|p1a: Altaria|90\/100 slp|[from] item: Leftovers\n|-damage|p2a: Ditto|44\/100|[from] move: Fire Spin|[partiallytrapped]\n|upkeep\n|turn|13\n|\n|t:|1700456717\n|-curestatus|p1a: Altaria|slp|[msg]\n|move|p1a: Altaria|Fire Spin|p2a: Ditto\n|-resisted|p2a: Ditto\n|-damage|p2a: Ditto|39\/100\n|move|p2a: Ditto|Yawn|p1a: Altaria\n|-start|p1a: Altaria|move: Yawn|[of] p2a: Ditto\n|\n|-weather|SunnyDay|[upkeep]\n|-heal|p1a: Altaria|97\/100|[from] item: Leftovers\n|-damage|p2a: Ditto|27\/100|[from] move: Fire Spin|[partiallytrapped]\n|upkeep\n|turn|14\n|\n|t:|1700456729\n|move|p1a: Altaria|Protect|p1a: Altaria\n|-singleturn|p1a: Altaria|Protect\n|-activate|p2a: Ditto|move: Struggle\n|move|p2a: Ditto|Struggle|p1a: Altaria\n|-activate|p1a: Altaria|move: Protect\n|\n|-weather|none\n|-heal|p1a: Altaria|100\/100|[from] item: Leftovers\n|-damage|p2a: Ditto|15\/100|[from] move: Fire Spin|[partiallytrapped]\n|-end|p1a: Altaria|move: Yawn|[silent]\n|-status|p1a: Altaria|slp\n|upkeep\n|turn|15\n|\n|t:|1700456740\n|cant|p1a: Altaria|slp\n|-activate|p2a: Ditto|move: Struggle\n|move|p2a: Ditto|Struggle|p1a: Altaria\n|-damage|p1a: Altaria|91\/100 slp\n|-damage|p2a: Ditto|0 fnt|[from] recoil\n|faint|p2a: Ditto\n|\n|-heal|p1a: Altaria|97\/100 slp|[from] item: Leftovers\n|upkeep\n|\n|t:|1700456749\n|switch|p2a: \u22a3\ud835\ude79\ua58e\u21b8\u14b7\u30ea \u0296\u1511\ua58e\ua58e|Sneasler, M, shiny|100\/100\n|turn|16\n|inactive|AzraellL has 120 seconds left.\n|\n|t:|1700456762\n|-curestatus|p1a: Altaria|slp|[from] ability: Natural Cure\n|switch|p1a: Garganacl|Garganacl, F|100\/100\n|move|p2a: \u22a3\ud835\ude79\ua58e\u21b8\u14b7\u30ea \u0296\u1511\ua58e\ua58e|Swords Dance|p2a: \u22a3\ud835\ude79\ua58e\u21b8\u14b7\u30ea \u0296\u1511\ua58e\ua58e\n|-boost|p2a: \u22a3\ud835\ude79\ua58e\u21b8\u14b7\u30ea \u0296\u1511\ua58e\ua58e|atk|2\n|\n|upkeep\n|turn|17\n|\n|t:|1700456770\n|-terastallize|p1a: Garganacl|Ghost\n|move|p2a: \u22a3\ud835\ude79\ua58e\u21b8\u14b7\u30ea \u0296\u1511\ua58e\ua58e|Fling|p1a: Garganacl\n|-supereffective|p1a: Garganacl\n|-damage|p1a: Garganacl|8\/100\n|-enditem|p2a: \u22a3\ud835\ude79\ua58e\u21b8\u14b7\u30ea \u0296\u1511\ua58e\ua58e|Big Nugget|[from] move: Fling\n|move|p1a: Garganacl|Salt Cure|p2a: \u22a3\ud835\ude79\ua58e\u21b8\u14b7\u30ea \u0296\u1511\ua58e\ua58e\n|-resisted|p2a: \u22a3\ud835\ude79\ua58e\u21b8\u14b7\u30ea \u0296\u1511\ua58e\ua58e\n|-damage|p2a: \u22a3\ud835\ude79\ua58e\u21b8\u14b7\u30ea \u0296\u1511\ua58e\ua58e|89\/100\n|-start|p2a: \u22a3\ud835\ude79\ua58e\u21b8\u14b7\u30ea \u0296\u1511\ua58e\ua58e|Salt Cure\n|\n|-heal|p1a: Garganacl|14\/100|[from] item: Leftovers\n|-damage|p2a: \u22a3\ud835\ude79\ua58e\u21b8\u14b7\u30ea \u0296\u1511\ua58e\ua58e|77\/100|[from] Salt Cure\n|upkeep\n|turn|18\n|inactive|AzraellL has 120 seconds left.\n|\n|t:|1700456786\n|move|p1a: Garganacl|Protect|p1a: Garganacl\n|-singleturn|p1a: Garganacl|Protect\n|move|p2a: \u22a3\ud835\ude79\ua58e\u21b8\u14b7\u30ea \u0296\u1511\ua58e\ua58e|Acrobatics|p1a: Garganacl\n|-activate|p1a: Garganacl|move: Protect\n|\n|-heal|p1a: Garganacl|20\/100|[from] item: Leftovers\n|-damage|p2a: \u22a3\ud835\ude79\ua58e\u21b8\u14b7\u30ea \u0296\u1511\ua58e\ua58e|64\/100|[from] Salt Cure\n|upkeep\n|turn|19\n|inactive|AzraellL has 120 seconds left.\n|\n|t:|1700456799\n|move|p2a: \u22a3\ud835\ude79\ua58e\u21b8\u14b7\u30ea \u0296\u1511\ua58e\ua58e|Acrobatics|p1a: Garganacl\n|-damage|p1a: Garganacl|0 fnt\n|faint|p1a: Garganacl\n|\n|-damage|p2a: \u22a3\ud835\ude79\ua58e\u21b8\u14b7\u30ea \u0296\u1511\ua58e\ua58e|52\/100|[from] Salt Cure\n|upkeep\n|inactive|AzraellL has 120 seconds left.\n|\n|t:|1700456809\n|switch|p1a: Altaria|Altaria, M|97\/100\n|turn|20\n|inactive|25diazmj3 has 120 seconds left.\n|\n|t:|1700456860\n|move|p2a: \u22a3\ud835\ude79\ua58e\u21b8\u14b7\u30ea \u0296\u1511\ua58e\ua58e|Close Combat|p1a: Altaria\n|-resisted|p1a: Altaria\n|-damage|p1a: Altaria|30\/100\n|-unboost|p2a: \u22a3\ud835\ude79\ua58e\u21b8\u14b7\u30ea \u0296\u1511\ua58e\ua58e|def|1\n|-unboost|p2a: \u22a3\ud835\ude79\ua58e\u21b8\u14b7\u30ea \u0296\u1511\ua58e\ua58e|spd|1\n|move|p1a: Altaria|Fire Spin|p2a: \u22a3\ud835\ude79\ua58e\u21b8\u14b7\u30ea \u0296\u1511\ua58e\ua58e\n|-damage|p2a: \u22a3\ud835\ude79\ua58e\u21b8\u14b7\u30ea \u0296\u1511\ua58e\ua58e|39\/100\n|-activate|p2a: \u22a3\ud835\ude79\ua58e\u21b8\u14b7\u30ea \u0296\u1511\ua58e\ua58e|move: Fire Spin|[of] p1a: Altaria\n|\n|-heal|p1a: Altaria|36\/100|[from] item: Leftovers\n|-damage|p2a: \u22a3\ud835\ude79\ua58e\u21b8\u14b7\u30ea \u0296\u1511\ua58e\ua58e|27\/100|[from] Salt Cure\n|-damage|p2a: \u22a3\ud835\ude79\ua58e\u21b8\u14b7\u30ea \u0296\u1511\ua58e\ua58e|15\/100|[from] move: Fire Spin|[partiallytrapped]\n|upkeep\n|turn|21\n|\n|t:|1700456871\n|move|p1a: Altaria|Protect|p1a: Altaria\n|-singleturn|p1a: Altaria|Protect\n|move|p2a: \u22a3\ud835\ude79\ua58e\u21b8\u14b7\u30ea \u0296\u1511\ua58e\ua58e|Close Combat|p1a: Altaria\n|-activate|p1a: Altaria|move: Protect\n|\n|-heal|p1a: Altaria|43\/100|[from] item: Leftovers\n|-damage|p2a: \u22a3\ud835\ude79\ua58e\u21b8\u14b7\u30ea \u0296\u1511\ua58e\ua58e|2\/100|[from] Salt Cure\n|-damage|p2a: \u22a3\ud835\ude79\ua58e\u21b8\u14b7\u30ea \u0296\u1511\ua58e\ua58e|0 fnt|[from] move: Fire Spin|[partiallytrapped]\n|faint|p2a: \u22a3\ud835\ude79\ua58e\u21b8\u14b7\u30ea \u0296\u1511\ua58e\ua58e\n|upkeep\n|\n|t:|1700456886\n|switch|p2a: fak you POISON BLA|Glimmora, M, shiny|83\/100\n|turn|22\n|\n|t:|1700456893\n|move|p1a: Altaria|Protect||[still]\n|-fail|p1a: Altaria\n|move|p2a: fak you POISON BLA|Mortal Spin|p1a: Altaria\n|-damage|p1a: Altaria|36\/100\n|-status|p1a: Altaria|psn\n|\n|-heal|p1a: Altaria|42\/100 psn|[from] item: Leftovers\n|-damage|p1a: Altaria|29\/100 psn|[from] psn\n|upkeep\n|turn|23\n|\n|t:|1700456903\n|move|p2a: fak you POISON BLA|Stealth Rock|p1a: Altaria\n|-sidestart|p1: AzraellL|move: Stealth Rock\n|move|p1a: Altaria|Rest|p1a: Altaria\n|-status|p1a: Altaria|slp|[from] move: Rest\n|-heal|p1a: Altaria|100\/100 slp|[silent]\n|\n|upkeep\n|turn|24\n|\n|t:|1700456915\n|-curestatus|p1a: Altaria|slp|[from] ability: Natural Cure\n|switch|p1a: Torkoal|Torkoal, F|45\/100\n|-damage|p1a: Torkoal|20\/100|[from] Stealth Rock\n|-weather|SunnyDay|[from] ability: Drought|[of] p1a: Torkoal\n|move|p2a: fak you POISON BLA|Sludge Wave|p1a: Torkoal\n|-damage|p1a: Torkoal|0 fnt\n|faint|p1a: Torkoal\n|\n|-weather|SunnyDay|[upkeep]\n|upkeep\n|\n|t:|1700456918\n|switch|p1a: Walking Wake|Walking Wake|100\/100\n|-damage|p1a: Walking Wake|88\/100|[from] Stealth Rock\n|-activate|p1a: Walking Wake|ability: Protosynthesis\n|-start|p1a: Walking Wake|protosynthesisspe\n|turn|25\n|inactive|25diazmj3 has 90 seconds left.\n|\n|t:|1700456970\n|switch|p2a: this teams a mess|Dugtrio-Alola, M|100\/100\n|move|p1a: Walking Wake|Hydro Steam|p2a: this teams a mess\n|-supereffective|p2a: this teams a mess\n|-crit|p2a: this teams a mess\n|-damage|p2a: this teams a mess|0 fnt\n|faint|p2a: this teams a mess\n|\n|-weather|SunnyDay|[upkeep]\n|upkeep\n|inactive|25diazmj3 has 60 seconds left.\n|\n|t:|1700456986\n|switch|p2a: \u30d5\u30a9\u30fc\u30c8\u30ca\u30a4\u30c8\u306e\u7537|Kingambit, M, shiny|100\/100\n|-activate|p2a: \u30d5\u30a9\u30fc\u30c8\u30ca\u30a4\u30c8\u306e\u7537|ability: Supreme Overlord\n|-start|p2a: \u30d5\u30a9\u30fc\u30c8\u30ca\u30a4\u30c8\u306e\u7537|fallen3|[silent]\n|turn|26\n|inactive|25diazmj3 has 60 seconds left.\n|inactive|AzraellL has 120 seconds left.\n|inactive|AzraellL has 90 seconds left.\n|\n|t:|1700457062\n|-terastallize|p2a: \u30d5\u30a9\u30fc\u30c8\u30ca\u30a4\u30c8\u306e\u7537|Dark\n|move|p2a: \u30d5\u30a9\u30fc\u30c8\u30ca\u30a4\u30c8\u306e\u7537|Sucker Punch|p1a: Walking Wake\n|-damage|p1a: Walking Wake|0 fnt\n|faint|p1a: Walking Wake\n|-end|p1a: Walking Wake|Protosynthesis|[silent]\n|\n|-weather|SunnyDay|[upkeep]\n|upkeep\n|\n|t:|1700457071\n|switch|p1a: Ceruledge|Ceruledge, M|100\/100\n|-damage|p1a: Ceruledge|76\/100|[from] Stealth Rock\n|turn|27\n|inactive|25diazmj3 has 60 seconds left.\n|\n|t:|1700457082\n|-end|p2a: \u30d5\u30a9\u30fc\u30c8\u30ca\u30a4\u30c8\u306e\u7537|fallen3|[silent]\n|switch|p2a: fak you POISON BLA|Glimmora, M, shiny|83\/100\n|move|p1a: Ceruledge|Bitter Blade|p2a: fak you POISON BLA\n|-resisted|p2a: fak you POISON BLA\n|-damage|p2a: fak you POISON BLA|38\/100\n|-heal|p1a: Ceruledge|99\/100|[from] drain|[of] p2a: fak you POISON BLA\n|-activate|p2a: fak you POISON BLA|ability: Toxic Debris\n|-sidestart|p1: AzraellL|move: Toxic Spikes\n|\n|-weather|SunnyDay|[upkeep]\n|upkeep\n|turn|28\n|inactive|25diazmj3 has 60 seconds left.\n|\n|t:|1700457098\n|switch|p1a: Altaria|Altaria, M|100\/100\n|-damage|p1a: Altaria|76\/100|[from] Stealth Rock\n|move|p2a: fak you POISON BLA|Sludge Wave|p1a: Altaria\n|-damage|p1a: Altaria|44\/100\n|-status|p1a: Altaria|psn\n|\n|-weather|SunnyDay|[upkeep]\n|-heal|p1a: Altaria|50\/100 psn|[from] item: Leftovers\n|-damage|p1a: Altaria|38\/100 psn|[from] psn\n|upkeep\n|turn|29\n|inactive|25diazmj3 has 60 seconds left.\n|\n|t:|1700457111\n|move|p2a: fak you POISON BLA|Sludge Wave|p1a: Altaria\n|-damage|p1a: Altaria|1\/100 psn\n|move|p1a: Altaria|Fire Spin|p2a: fak you POISON BLA\n|-resisted|p2a: fak you POISON BLA\n|-damage|p2a: fak you POISON BLA|31\/100\n|-activate|p2a: fak you POISON BLA|move: Fire Spin|[of] p1a: Altaria\n|\n|-weather|SunnyDay|[upkeep]\n|-heal|p1a: Altaria|8\/100 psn|[from] item: Leftovers\n|-damage|p1a: Altaria|0 fnt|[from] psn\n|faint|p1a: Altaria\n|-end|p2a: fak you POISON BLA|Fire Spin|[partiallytrapped]|[silent]\n|upkeep\n|\n|t:|1700457116\n|switch|p1a: Ceruledge|Ceruledge, M|99\/100\n|-damage|p1a: Ceruledge|75\/100|[from] Stealth Rock\n|-status|p1a: Ceruledge|psn\n|turn|30\n|inactive|25diazmj3 has 60 seconds left.\n|\n|t:|1700457127\n|move|p2a: fak you POISON BLA|Earth Power|p1a: Ceruledge\n|-supereffective|p1a: Ceruledge\n|-damage|p1a: Ceruledge|0 fnt\n|faint|p1a: Ceruledge\n|\n|-weather|SunnyDay|[upkeep]\n|upkeep\n|-message|AzraellL forfeited.\n|\n|win|25diazmj3\n|raw|AzraellL's rating: 1155 &rarr; <strong>1130<\/strong><br \/>(-25 for losing)\n|raw|25diazmj3's rating: 1149 &rarr; <strong>1174<\/strong><br \/>(+25 for winning)\n|l|\u2606AzraellL\n","uploadtime":1700457296,"views":11,"p1id":"azraelll","p2id":"25diazmj3","formatid":"gen9ou","rating":1130,"private":0,"password":""}