{"id":"gen9ou-1991396828","p1":"maxmonke27","p2":"wdasvfbsdzfcxijoj","format":"[Gen 9] OU","log":"|j|\u2606maxmonke27\n|j|\u2606wdasvfbsdzfcxijoj\n|t:|1700073637\n|gametype|singles\n|player|p1|maxmonke27|biker-gen4|1090\n|player|p2|wdasvfbsdzfcxijoj|169|1000\n|teamsize|p1|6\n|teamsize|p2|6\n|gen|9\n|tier|[Gen 9] OU\n|rated|\n|rule|Sleep Clause Mod: Limit one foe put to sleep\n|rule|Species Clause: Limit one of each Pok\u00e9mon\n|rule|OHKO Clause: OHKO moves are banned\n|rule|Evasion Items Clause: Evasion items are banned\n|rule|Evasion Moves Clause: Evasion moves are banned\n|rule|Endless Battle Clause: Forcing endless battles is banned\n|rule|HP Percentage Mod: HP is shown in percentages\n|clearpoke\n|poke|p1|Dragapult, M|\n|poke|p1|Hoopa-Unbound|\n|poke|p1|Clefable, M|\n|poke|p1|Landorus-Therian, M|\n|poke|p1|Poliwrath, M|\n|poke|p1|Pelipper, M|\n|poke|p2|Kleavor, F|\n|poke|p2|Lokix, F|\n|poke|p2|Alomomola, F|\n|poke|p2|Breloom, M|\n|poke|p2|Zoroark-Hisui, F|\n|poke|p2|Great Tusk|\n|teampreview\n|\n|t:|1700073644\n|start\n|switch|p1a: Pelipper|Pelipper, M, shiny|100\/100\n|switch|p2a: Kleavor|Kleavor, F|100\/100\n|-weather|RainDance|[from] ability: Drizzle|[of] p1a: Pelipper\n|turn|1\n|c|\u2606maxmonke27|alolamola?\n|c|\u2606maxmonke27|wut\n|c|\u2606maxmonke27|im scared\n|inactive|Battle timer is ON: inactive players will automatically lose when time's up. (requested by maxmonke27)\n|\n|t:|1700073662\n|move|p2a: Kleavor|Stone Axe|p1a: Pelipper\n|-supereffective|p1a: Pelipper\n|-damage|p1a: Pelipper|0 fnt\n|-sidestart|p1: maxmonke27|move: Stealth Rock\n|faint|p1a: Pelipper\n|\n|-weather|RainDance|[upkeep]\n|upkeep\n|\n|t:|1700073668\n|switch|p1a: deth frog|Poliwrath, M, shiny|100\/100\n|turn|2\n|\n|t:|1700073678\n|-terastallize|p1a: deth frog|Electric\n|move|p1a: deth frog|Belly Drum|p1a: deth frog\n|-damage|p1a: deth frog|50\/100\n|-setboost|p1a: deth frog|atk|6|[from] move: Belly Drum\n|move|p2a: Kleavor|Close Combat|p1a: deth frog\n|-crit|p1a: deth frog\n|-damage|p1a: deth frog|0 fnt\n|-unboost|p2a: Kleavor|def|1\n|-unboost|p2a: Kleavor|spd|1\n|faint|p1a: deth frog\n|\n|-weather|RainDance|[upkeep]\n|upkeep\n|c|\u2606maxmonke27|cwap\n|\n|t:|1700073694\n|switch|p1a: Landorus|Landorus-Therian, M|100\/100\n|-damage|p1a: Landorus|88\/100|[from] Stealth Rock\n|-ability|p1a: Landorus|Intimidate|boost\n|-unboost|p2a: Kleavor|atk|1\n|turn|3\n|\n|t:|1700073702\n|move|p1a: Landorus|Earthquake|p2a: Kleavor\n|-enditem|p2a: Kleavor|Focus Sash\n|-damage|p2a: Kleavor|1\/100\n|move|p2a: Kleavor|U-turn|p1a: Landorus\n|-resisted|p1a: Landorus\n|-damage|p1a: Landorus|74\/100\n|\n|t:|1700073720\n|switch|p2a: Alomomola|Alomomola, F|100\/100|[from] U-turn\n|\n|-weather|RainDance|[upkeep]\n|upkeep\n|turn|4\n|\n|t:|1700073737\n|switch|p1a: Dragapult|Dragapult, M, shiny|100\/100\n|-damage|p1a: Dragapult|88\/100|[from] Stealth Rock\n|move|p2a: Alomomola|Flip Turn|p1a: Dragapult\n|-resisted|p1a: Dragapult\n|-damage|p1a: Dragapult|71\/100\n|\n|t:|1700073753\n|switch|p2a: Lokix|Lokix, F|100\/100|[from] Flip Turn\n|\n|-weather|RainDance|[upkeep]\n|upkeep\n|turn|5\n|\n|t:|1700073770\n|switch|p1a: Clefable|Clefable, M, shiny|100\/100\n|move|p2a: Lokix|First Impression|p1a: Clefable\n|-resisted|p1a: Clefable\n|-damage|p1a: Clefable|31\/100\n|\n|-weather|RainDance|[upkeep]\n|upkeep\n|turn|6\n|\n|t:|1700073781\n|switch|p2a: Alomomola|Alomomola, F|100\/100\n|move|p1a: Clefable|Moonblast|p2a: Alomomola\n|-damage|p2a: Alomomola|60\/100\n|-enditem|p2a: Alomomola|Red Card|[of] p1a: Clefable\n|drag|p1a: Dragapult|Dragapult, M, shiny|71\/100\n|-damage|p1a: Dragapult|59\/100|[from] Stealth Rock\n|\n|-weather|RainDance|[upkeep]\n|upkeep\n|turn|7\n|\n|t:|1700073790\n|switch|p2a: Kleavor|Kleavor, F|1\/100\n|move|p1a: Dragapult|Dragon Darts|p2a: Kleavor\n|-damage|p2a: Kleavor|0 fnt\n|faint|p2a: Kleavor\n|\n|-weather|RainDance|[upkeep]\n|upkeep\n|\n|t:|1700073798\n|switch|p2a: Lokix|Lokix, F|100\/100\n|turn|8\n|\n|t:|1700073814\n|move|p2a: Lokix|First Impression|p1a: Dragapult\n|-resisted|p1a: Dragapult\n|-damage|p1a: Dragapult|0 fnt\n|faint|p1a: Dragapult\n|\n|-weather|none\n|upkeep\n|\n|t:|1700073825\n|switch|p1a: Hoopa|Hoopa-Unbound|100\/100\n|-damage|p1a: Hoopa|88\/100|[from] Stealth Rock\n|turn|9\n|\n|t:|1700073833\n|switch|p2a: Great Tusk|Great Tusk|100\/100\n|move|p1a: Hoopa|Drain Punch|p2a: Great Tusk\n|-damage|p2a: Great Tusk|83\/100\n|-heal|p1a: Hoopa|100\/100|[from] drain|[of] p2a: Great Tusk\n|\n|upkeep\n|turn|10\n|\n|t:|1700073840\n|move|p1a: Hoopa|Psychic|p2a: Great Tusk\n|-supereffective|p2a: Great Tusk\n|-damage|p2a: Great Tusk|0 fnt\n|faint|p2a: Great Tusk\n|-end|p2a: Great Tusk|Protosynthesis|[silent]\n|\n|upkeep\n|inactive|wdasvfbsdzfcxijoj has 120 seconds left.\n|\n|t:|1700073871\n|switch|p2a: Breloom|Breloom, M|100\/100\n|turn|11\n|\n|t:|1700073887\n|-terastallize|p2a: Breloom|Fighting\n|move|p2a: Breloom|Mach Punch|p1a: Hoopa\n|-damage|p1a: Hoopa|0 fnt\n|faint|p1a: Hoopa\n|\n|upkeep\n|\n|t:|1700073898\n|switch|p1a: Clefable|Clefable, M, shiny|31\/100\n|turn|12\n|\n|t:|1700073910\n|switch|p2a: Alomomola|Alomomola, F|93\/100\n|move|p1a: Clefable|Moonblast|p2a: Alomomola\n|-damage|p2a: Alomomola|50\/100\n|\n|upkeep\n|turn|13\n|-activate|p1a: Clefable|item: Quick Claw\n|\n|t:|1700073928\n|move|p1a: Clefable|Moonblast|p2a: Alomomola\n|-damage|p2a: Alomomola|12\/100\n|move|p2a: Alomomola|Flip Turn|p1a: Clefable\n|-crit|p1a: Clefable\n|-damage|p1a: Clefable|1\/100\n|l|\u2606maxmonke27\n|inactive|maxmonke27 disconnected and has a minute to reconnect!\n|player|p1|\n|\n|t:|1700073936\n|switch|p2a: Alomomola|Alomomola, F|100\/100|[from] Flip Turn\n|\n|upkeep\n|turn|14\n|inactive|maxmonke27 has 30 seconds to reconnect!\n|inactive|maxmonke27 has 20 seconds to reconnect!\n|inactive|maxmonke27 has 15 seconds to reconnect!\n|inactive|maxmonke27 has 10 seconds to reconnect!\n|inactive|maxmonke27 has 5 seconds to reconnect!\n|-message|maxmonke27 lost due to inactivity.\n|\n|win|wdasvfbsdzfcxijoj\n|raw|maxmonke27's rating: 1090 &rarr; <strong>1061<\/strong><br \/>(-29 for losing)\n|raw|wdasvfbsdzfcxijoj's rating: 1000 &rarr; <strong>1050<\/strong><br \/>(+50 for winning)\n","uploadtime":1700074037,"views":8,"p1id":"maxmonke27","p2id":"wdasvfbsdzfcxijoj","formatid":"gen9ou","rating":1050,"private":0,"password":""}