{"id":"gen9ou-1994455915","p1":"Winterbub","p2":"Otaku_Kappa","format":"[Gen 9] OU","log":"|j|\u2606Winterbub\n|j|\u2606Otaku_Kappa\n|t:|1700445948\n|gametype|singles\n|player|p1|Winterbub|ballguy|1647\n|player|p2|Otaku_Kappa|169|1569\n|teamsize|p1|6\n|teamsize|p2|6\n|gen|9\n|tier|[Gen 9] OU\n|rated|\n|rule|Sleep Clause Mod: Limit one foe put to sleep\n|rule|Species Clause: Limit one of each Pok\u00e9mon\n|rule|OHKO Clause: OHKO moves are banned\n|rule|Evasion Items Clause: Evasion items are banned\n|rule|Evasion Moves Clause: Evasion moves are banned\n|rule|Endless Battle Clause: Forcing endless battles is banned\n|rule|HP Percentage Mod: HP is shown in percentages\n|clearpoke\n|poke|p1|Glimmora, F|\n|poke|p1|Greninja-*, M|\n|poke|p1|Iron Valiant|\n|poke|p1|Dragonite, F|\n|poke|p1|Kingambit, F|\n|poke|p1|Iron Moth|\n|poke|p2|Dragapult, M|\n|poke|p2|Zamazenta-*|\n|poke|p2|Kingambit, M|\n|poke|p2|Cinderace, F|\n|poke|p2|Clefable, F|\n|poke|p2|Ogerpon-Wellspring, F|\n|teampreview\n|\n|t:|1700445954\n|start\n|switch|p1a: Glimmora|Glimmora, F|100\/100\n|switch|p2a: Dragapult|Dragapult, M|100\/100\n|turn|1\n|\n|t:|1700445958\n|move|p2a: Dragapult|Shadow Ball|p1a: Glimmora\n|-damage|p1a: Glimmora|24\/100\n|move|p1a: Glimmora|Mortal Spin|p2a: Dragapult\n|-resisted|p2a: Dragapult\n|-damage|p2a: Dragapult|96\/100\n|-status|p2a: Dragapult|psn\n|\n|-damage|p2a: Dragapult|84\/100 psn|[from] psn\n|upkeep\n|turn|2\n|j| SandGetsEverywhere\n|l| SandGetsEverywhere\n|\n|t:|1700445989\n|switch|p1a: Kingambit|Kingambit, F|100\/100\n|-item|p1a: Kingambit|Air Balloon\n|move|p2a: Dragapult|Shadow Ball|p1a: Kingambit\n|-resisted|p1a: Kingambit\n|-damage|p1a: Kingambit|74\/100\n|-enditem|p1a: Kingambit|Air Balloon\n|\n|-damage|p2a: Dragapult|72\/100 psn|[from] psn\n|upkeep\n|turn|3\n|\n|t:|1700446003\n|switch|p2a: Zamazenta|Zamazenta|100\/100\n|-ability|p2a: Zamazenta|Dauntless Shield|boost\n|-boost|p2a: Zamazenta|def|1\n|move|p1a: Kingambit|Swords Dance|p1a: Kingambit\n|-boost|p1a: Kingambit|atk|2\n|\n|upkeep\n|turn|4\n|\n|t:|1700446013\n|-end|p1a: Kingambit|fallenundefined|[silent]\n|switch|p1a: Glimmora|Glimmora, F|24\/100\n|move|p2a: Zamazenta|Iron Defense|p2a: Zamazenta\n|-boost|p2a: Zamazenta|def|2\n|\n|upkeep\n|turn|5\n|\n|t:|1700446020\n|move|p2a: Zamazenta|Body Press|p1a: Glimmora\n|-damage|p1a: Glimmora|0 fnt\n|-activate|p1a: Glimmora|ability: Toxic Debris\n|-sidestart|p2: Otaku_Kappa|move: Toxic Spikes\n|faint|p1a: Glimmora\n|\n|upkeep\n|\n|t:|1700446024\n|switch|p1a: Iron Valiant|Iron Valiant|100\/100\n|-enditem|p1a: Iron Valiant|Booster Energy\n|-activate|p1a: Iron Valiant|ability: Quark Drive|[fromitem]\n|-start|p1a: Iron Valiant|quarkdrivespe\n|turn|6\n|\n|t:|1700446039\n|switch|p2a: Clefable|Clefable, F|100\/100\n|-status|p2a: Clefable|psn\n|move|p1a: Iron Valiant|Moonblast|p2a: Clefable\n|-damage|p2a: Clefable|63\/100 psn\n|\n|upkeep\n|turn|7\n|\n|t:|1700446049\n|move|p1a: Iron Valiant|Moonblast|p2a: Clefable\n|-damage|p2a: Clefable|24\/100 psn\n|move|p2a: Clefable|Moonblast|p1a: Iron Valiant\n|-supereffective|p1a: Iron Valiant\n|-damage|p1a: Iron Valiant|0 fnt\n|faint|p1a: Iron Valiant\n|-end|p1a: Iron Valiant|Quark Drive|[silent]\n|\n|upkeep\n|\n|t:|1700446054\n|switch|p1a: Greninja|Greninja, M|100\/100\n|turn|8\n|\n|t:|1700446066\n|move|p1a: Greninja|Ice Beam|p2a: Clefable\n|-damage|p2a: Clefable|0 fnt\n|faint|p2a: Clefable\n|-ability|p1a: Greninja|Battle Bond|boost\n|-boost|p1a: Greninja|atk|1\n|-boost|p1a: Greninja|spa|1\n|-boost|p1a: Greninja|spe|1\n|-activate|p1a: Greninja|ability: Battle Bond\n|-damage|p1a: Greninja|91\/100|[from] item: Life Orb\n|\n|upkeep\n|\n|t:|1700446073\n|switch|p2a: Ogerpon|Ogerpon-Wellspring, F|100\/100\n|-status|p2a: Ogerpon|psn\n|turn|9\n|\n|t:|1700446077\n|-terastallize|p2a: Ogerpon|Water\n|detailschange|p2a: Ogerpon|Ogerpon-Wellspring-Tera, F, tera:Water\n|-ability|p2a: Ogerpon|Embody Aspect (Wellspring)|boost\n|-boost|p2a: Ogerpon|spd|1\n|move|p1a: Greninja|Dark Pulse|p2a: Ogerpon\n|-damage|p2a: Ogerpon|42\/100 psn\n|-damage|p1a: Greninja|81\/100|[from] item: Life Orb\n|move|p2a: Ogerpon|Horn Leech|p1a: Greninja\n|-supereffective|p1a: Greninja\n|-damage|p1a: Greninja|0 fnt\n|-heal|p2a: Ogerpon|80\/100 psn|[from] drain|[of] p1a: Greninja\n|faint|p1a: Greninja\n|\n|-damage|p2a: Ogerpon|68\/100 psn|[from] psn\n|upkeep\n|\n|t:|1700446092\n|switch|p1a: Dragonite|Dragonite, F|100\/100\n|turn|10\n|\n|t:|1700446096\n|move|p2a: Ogerpon|Play Rough|p1a: Dragonite\n|-supereffective|p1a: Dragonite\n|-damage|p1a: Dragonite|62\/100\n|move|p1a: Dragonite|Dragon Dance|p1a: Dragonite\n|-boost|p1a: Dragonite|atk|1\n|-boost|p1a: Dragonite|spe|1\n|\n|-damage|p2a: Ogerpon|55\/100 psn|[from] psn\n|upkeep\n|turn|11\n|\n|t:|1700446108\n|move|p1a: Dragonite|Extreme Speed|p2a: Ogerpon\n|-damage|p2a: Ogerpon|0 fnt\n|faint|p2a: Ogerpon\n|\n|upkeep\n|\n|t:|1700446120\n|switch|p2a: Zamazenta|Zamazenta|100\/100\n|-status|p2a: Zamazenta|psn\n|turn|12\n|\n|t:|1700446130\n|move|p1a: Dragonite|Earthquake|p2a: Zamazenta\n|-damage|p2a: Zamazenta|62\/100 psn\n|move|p2a: Zamazenta|Iron Defense|p2a: Zamazenta\n|-boost|p2a: Zamazenta|def|2\n|\n|-heal|p2a: Zamazenta|69\/100 psn|[from] item: Leftovers\n|-damage|p2a: Zamazenta|56\/100 psn|[from] psn\n|upkeep\n|turn|13\n|\n|t:|1700446136\n|move|p1a: Dragonite|Earthquake|p2a: Zamazenta\n|-damage|p2a: Zamazenta|37\/100 psn\n|move|p2a: Zamazenta|Stone Edge|p1a: Dragonite|[miss]\n|-miss|p2a: Zamazenta|p1a: Dragonite\n|\n|-heal|p2a: Zamazenta|43\/100 psn|[from] item: Leftovers\n|-damage|p2a: Zamazenta|31\/100 psn|[from] psn\n|upkeep\n|turn|14\n|\n|t:|1700446142\n|move|p1a: Dragonite|Earthquake|p2a: Zamazenta\n|-damage|p2a: Zamazenta|11\/100 psn\n|move|p2a: Zamazenta|Stone Edge|p1a: Dragonite\n|-supereffective|p1a: Dragonite\n|-damage|p1a: Dragonite|0 fnt\n|faint|p1a: Dragonite\n|\n|-heal|p2a: Zamazenta|17\/100 psn|[from] item: Leftovers\n|-damage|p2a: Zamazenta|5\/100 psn|[from] psn\n|upkeep\n|\n|t:|1700446154\n|switch|p1a: Kingambit|Kingambit, F|74\/100\n|-activate|p1a: Kingambit|ability: Supreme Overlord\n|-start|p1a: Kingambit|fallen4|[silent]\n|turn|15\n|\n|t:|1700446160\n|move|p1a: Kingambit|Sucker Punch||[still]\n|-fail|p1a: Kingambit\n|move|p2a: Zamazenta|Iron Defense|p2a: Zamazenta\n|-boost|p2a: Zamazenta|def|2\n|\n|-heal|p2a: Zamazenta|11\/100 psn|[from] item: Leftovers\n|-damage|p2a: Zamazenta|0 fnt|[from] psn\n|faint|p2a: Zamazenta\n|upkeep\n|\n|t:|1700446163\n|switch|p2a: Kingambit|Kingambit, M|100\/100\n|-activate|p2a: Kingambit|ability: Supreme Overlord\n|-start|p2a: Kingambit|fallen3|[silent]\n|turn|16\n|\n|t:|1700446168\n|move|p1a: Kingambit|Low Kick|p2a: Kingambit\n|-supereffective|p2a: Kingambit\n|-damage|p2a: Kingambit|0 fnt\n|faint|p2a: Kingambit\n|-end|p2a: Kingambit|fallen3|[silent]\n|\n|upkeep\n|\n|t:|1700446170\n|switch|p2a: Cinderace|Cinderace, F|100\/100\n|turn|17\n|\n|t:|1700446173\n|-end|p1a: Kingambit|fallen4|[silent]\n|switch|p1a: Iron Moth|Iron Moth|100\/100\n|-enditem|p1a: Iron Moth|Booster Energy\n|-activate|p1a: Iron Moth|ability: Quark Drive|[fromitem]\n|-start|p1a: Iron Moth|quarkdrivespa\n|move|p2a: Cinderace|Pyro Ball|p1a: Iron Moth\n|-resisted|p1a: Iron Moth\n|-damage|p1a: Iron Moth|55\/100\n|\n|upkeep\n|turn|18\n|\n|t:|1700446183\n|move|p2a: Cinderace|Gunk Shot|p1a: Iron Moth\n|-start|p2a: Cinderace|typechange|Poison|[from] ability: Libero\n|-resisted|p1a: Iron Moth\n|-damage|p1a: Iron Moth|4\/100\n|move|p1a: Iron Moth|Sludge Wave|p2a: Cinderace\n|-resisted|p2a: Cinderace\n|-damage|p2a: Cinderace|54\/100\n|\n|upkeep\n|turn|19\n|\n|t:|1700446200\n|move|p2a: Cinderace|Pyro Ball|p1a: Iron Moth\n|-resisted|p1a: Iron Moth\n|-damage|p1a: Iron Moth|0 fnt\n|faint|p1a: Iron Moth\n|-end|p1a: Iron Moth|Quark Drive|[silent]\n|\n|upkeep\n|\n|t:|1700446204\n|switch|p1a: Kingambit|Kingambit, F|74\/100\n|-activate|p1a: Kingambit|ability: Supreme Overlord\n|-start|p1a: Kingambit|fallen5|[silent]\n|turn|20\n|\n|t:|1700446209\n|move|p1a: Kingambit|Sucker Punch||[still]\n|-fail|p1a: Kingambit\n|move|p2a: Cinderace|Court Change|p2a: Cinderace\n|-swapsideconditions\n|-activate|p2a: Cinderace|move: Court Change\n|\n|upkeep\n|turn|21\n|\n|t:|1700446219\n|switch|p2a: Dragapult|Dragapult, M|72\/100 psn\n|move|p1a: Kingambit|Sucker Punch||[still]\n|-fail|p1a: Kingambit\n|\n|-damage|p2a: Dragapult|59\/100 psn|[from] psn\n|upkeep\n|turn|22\n|\n|t:|1700446226\n|switch|p2a: Cinderace|Cinderace, F|54\/100\n|move|p1a: Kingambit|Sucker Punch||[still]\n|-fail|p1a: Kingambit\n|\n|upkeep\n|turn|23\n|\n|t:|1700446229\n|move|p1a: Kingambit|Sucker Punch|p2a: Cinderace\n|-crit|p2a: Cinderace\n|-damage|p2a: Cinderace|0 fnt\n|faint|p2a: Cinderace\n|\n|upkeep\n|-message|Otaku_Kappa forfeited.\n|\n|win|Winterbub\n|raw|Winterbub's rating: 1647 &rarr; <strong>1663<\/strong><br \/>(+16 for winning)\n|raw|Otaku_Kappa's rating: 1569 &rarr; <strong>1553<\/strong><br \/>(-16 for losing)\n|l|\u2606Otaku_Kappa\n|c|\u2606Winterbub|gg\n","uploadtime":1700446241,"views":26,"p1id":"winterbub","p2id":"otakukappa","formatid":"gen9ou","rating":1553,"private":0,"password":""}