{"id":"gen9ou-1994868611","p1":"Chaitanya15","p2":"BorbsJSKF","format":"[Gen 9] OU","log":"|j|\u2606Chaitanya15\n|j|\u2606BorbsJSKF\n|t:|1700500165\n|gametype|singles\n|player|p1|Chaitanya15|170|1189\n|player|p2|BorbsJSKF|cyclist|1202\n|teamsize|p1|6\n|teamsize|p2|6\n|gen|9\n|tier|[Gen 9] OU\n|rated|\n|rule|Sleep Clause Mod: Limit one foe put to sleep\n|rule|Species Clause: Limit one of each Pok\u00e9mon\n|rule|OHKO Clause: OHKO moves are banned\n|rule|Evasion Items Clause: Evasion items are banned\n|rule|Evasion Moves Clause: Evasion moves are banned\n|rule|Endless Battle Clause: Forcing endless battles is banned\n|rule|HP Percentage Mod: HP is shown in percentages\n|clearpoke\n|poke|p1|Dragonite, M|\n|poke|p1|Hatterene, F|\n|poke|p1|Greninja-*, M|\n|poke|p1|Rillaboom, F|\n|poke|p1|Iron Moth|\n|poke|p1|Iron Valiant|\n|poke|p2|Jirachi|\n|poke|p2|Dragonite, F|\n|poke|p2|Ursaluna, M|\n|poke|p2|Azumarill, F|\n|poke|p2|Maushold|\n|poke|p2|Breloom, M|\n|teampreview\n|inactive|Battle timer is ON: inactive players will automatically lose when time's up. (requested by BorbsJSKF)\n|\n|t:|1700500191\n|start\n|switch|p1a: Rillaboom|Rillaboom, F|100\/100\n|switch|p2a: Weather Girl|Jirachi|100\/100\n|-fieldstart|move: Grassy Terrain|[from] ability: Grassy Surge|[of] p1a: Rillaboom\n|-enditem|p1a: Rillaboom|Grassy Seed\n|-boost|p1a: Rillaboom|def|1|[from] item: Grassy Seed\n|turn|1\n|\n|t:|1700500199\n|move|p1a: Rillaboom|Fake Out|p2a: Weather Girl\n|-resisted|p2a: Weather Girl\n|-damage|p2a: Weather Girl|95\/100\n|cant|p2a: Weather Girl|flinch\n|\n|-heal|p2a: Weather Girl|100\/100|[from] Grassy Terrain\n|upkeep\n|turn|2\n|\n|t:|1700500205\n|move|p1a: Rillaboom|Knock Off|p2a: Weather Girl\n|-supereffective|p2a: Weather Girl\n|-damage|p2a: Weather Girl|45\/100\n|-enditem|p2a: Weather Girl|Life Orb|[from] move: Knock Off|[of] p1a: Rillaboom\n|move|p2a: Weather Girl|Doom Desire|p1a: Rillaboom\n|-start|p2a: Weather Girl|Doom Desire\n|\n|-heal|p2a: Weather Girl|51\/100|[from] Grassy Terrain\n|upkeep\n|turn|3\n|\n|t:|1700500222\n|switch|p2a: hi|Ursaluna, M|100\/100\n|move|p1a: Rillaboom|Knock Off|p2a: hi\n|-damage|p2a: hi|76\/100\n|-enditem|p2a: hi|Flame Orb|[from] move: Knock Off|[of] p1a: Rillaboom\n|\n|-heal|p2a: hi|82\/100|[from] Grassy Terrain\n|upkeep\n|turn|4\n|c|\u2606Chaitanya15|what was that?\n|c|\u2606Chaitanya15|doom desire?\n|\n|t:|1700500247\n|move|p1a: Rillaboom|Grassy Glide|p2a: hi\n|-supereffective|p2a: hi\n|-damage|p2a: hi|35\/100\n|move|p2a: hi|Close Combat|p1a: Rillaboom\n|-damage|p1a: Rillaboom|65\/100\n|-unboost|p2a: hi|def|1\n|-unboost|p2a: hi|spd|1\n|\n|-end|p1a: Rillaboom|move: Doom Desire\n|-damage|p1a: Rillaboom|0 fnt\n|faint|p1a: Rillaboom\n|-heal|p2a: hi|41\/100|[from] Grassy Terrain\n|upkeep\n|c|\u2606BorbsJSKF|yeah\n|inactive|Chaitanya15 has 120 seconds left.\n|\n|t:|1700500278\n|switch|p1a: Iron Valiant|Iron Valiant|100\/100\n|turn|5\n|\n|t:|1700500290\n|switch|p2a: Weather Girl|Jirachi|51\/100\n|move|p1a: Iron Valiant|Swords Dance|p1a: Iron Valiant\n|-boost|p1a: Iron Valiant|atk|2\n|\n|-heal|p2a: Weather Girl|57\/100|[from] Grassy Terrain\n|-fieldend|move: Grassy Terrain\n|upkeep\n|turn|6\n|inactive|Chaitanya15 has 120 seconds left.\n|\n|t:|1700500297\n|move|p1a: Iron Valiant|Close Combat|p2a: Weather Girl\n|-damage|p2a: Weather Girl|0 fnt\n|-unboost|p1a: Iron Valiant|def|1\n|-unboost|p1a: Iron Valiant|spd|1\n|faint|p2a: Weather Girl\n|-damage|p1a: Iron Valiant|91\/100|[from] item: Life Orb\n|\n|upkeep\n|\n|t:|1700500322\n|switch|p2a: Setty|Dragonite, F|100\/100\n|turn|7\n|\n|t:|1700500326\n|-terastallize|p2a: Setty|Normal\n|move|p2a: Setty|Extreme Speed|p1a: Iron Valiant\n|-damage|p1a: Iron Valiant|7\/100\n|move|p1a: Iron Valiant|Moonblast|p2a: Setty\n|-damage|p2a: Setty|80\/100\n|-unboost|p2a: Setty|spa|1\n|-damage|p1a: Iron Valiant|0 fnt|[from] item: Life Orb\n|faint|p1a: Iron Valiant\n|-end|p1a: Iron Valiant|Quark Drive|[silent]\n|\n|upkeep\n|\n|t:|1700500342\n|switch|p1a: Hatterene|Hatterene, F|100\/100\n|turn|8\n|\n|t:|1700500348\n|move|p2a: Setty|Dragon Dance|p2a: Setty\n|-boost|p2a: Setty|atk|1\n|-boost|p2a: Setty|spe|1\n|move|p1a: Hatterene|Draining Kiss|p2a: Setty\n|-damage|p2a: Setty|52\/100\n|\n|upkeep\n|turn|9\n|\n|t:|1700500361\n|move|p2a: Setty|Dragon Dance|p2a: Setty\n|-boost|p2a: Setty|atk|1\n|-boost|p2a: Setty|spe|1\n|move|p1a: Hatterene|Draining Kiss|p2a: Setty\n|-damage|p2a: Setty|26\/100\n|\n|upkeep\n|turn|10\n|\n|t:|1700500367\n|move|p2a: Setty|Extreme Speed|p1a: Hatterene\n|-damage|p1a: Hatterene|0 fnt\n|faint|p1a: Hatterene\n|\n|upkeep\n|\n|t:|1700500373\n|switch|p1a: Dragonite|Dragonite, M|100\/100\n|turn|11\n|\n|t:|1700500379\n|move|p2a: Setty|Extreme Speed|p1a: Dragonite\n|-damage|p1a: Dragonite|51\/100\n|move|p1a: Dragonite|Dragon Claw|p2a: Setty\n|-damage|p2a: Setty|0 fnt\n|faint|p2a: Setty\n|\n|upkeep\n|\n|t:|1700500391\n|switch|p2a: Pop|Maushold|100\/100\n|turn|12\n|\n|t:|1700500399\n|move|p2a: Pop|Tidy Up|p2a: Pop\n|-boost|p2a: Pop|atk|1\n|-boost|p2a: Pop|spe|1\n|move|p1a: Dragonite|Dragon Dance|p1a: Dragonite\n|-boost|p1a: Dragonite|atk|1\n|-boost|p1a: Dragonite|spe|1\n|\n|upkeep\n|turn|13\n|\n|t:|1700500406\n|-terastallize|p1a: Dragonite|Normal\n|move|p1a: Dragonite|Extreme Speed|p2a: Pop\n|-damage|p2a: Pop|0 fnt\n|faint|p2a: Pop\n|\n|upkeep\n|\n|t:|1700500424\n|switch|p2a: jet|Azumarill, F|100\/100\n|turn|14\n|\n|t:|1700500429\n|move|p1a: Dragonite|Extreme Speed|p2a: jet\n|-damage|p2a: jet|12\/100\n|-enditem|p2a: jet|Sitrus Berry|[eat]\n|-heal|p2a: jet|37\/100|[from] item: Sitrus Berry\n|move|p2a: jet|Brick Break|p1a: Dragonite\n|-supereffective|p1a: Dragonite\n|-damage|p1a: Dragonite|0 fnt\n|faint|p1a: Dragonite\n|\n|upkeep\n|\n|t:|1700500447\n|switch|p1a: Greninja|Greninja, M|100\/100\n|turn|15\n|\n|t:|1700500453\n|switch|p2a: hi|Ursaluna, M|41\/100\n|move|p1a: Greninja|Extrasensory|p2a: hi\n|-damage|p2a: hi|9\/100\n|\n|upkeep\n|turn|16\n|\n|t:|1700500459\n|move|p1a: Greninja|Extrasensory|p2a: hi\n|-damage|p2a: hi|0 fnt\n|faint|p2a: hi\n|-ability|p1a: Greninja|Battle Bond|boost\n|-boost|p1a: Greninja|atk|1\n|-boost|p1a: Greninja|spa|1\n|-boost|p1a: Greninja|spe|1\n|-activate|p1a: Greninja|ability: Battle Bond\n|\n|upkeep\n|\n|t:|1700500463\n|switch|p2a: Smelly|Breloom, M|100\/100\n|turn|17\n|\n|t:|1700500469\n|move|p1a: Greninja|Extrasensory|p2a: Smelly\n|-supereffective|p2a: Smelly\n|-damage|p2a: Smelly|0 fnt\n|faint|p2a: Smelly\n|\n|upkeep\n|\n|t:|1700500472\n|switch|p2a: jet|Azumarill, F|37\/100\n|turn|18\n|\n|t:|1700500475\n|move|p1a: Greninja|Extrasensory|p2a: jet\n|-damage|p2a: jet|0 fnt\n|faint|p2a: jet\n|\n|win|Chaitanya15\n|raw|Chaitanya15's rating: 1189 &rarr; <strong>1215<\/strong><br \/>(+26 for winning)\n|raw|BorbsJSKF's rating: 1202 &rarr; <strong>1176<\/strong><br \/>(-26 for losing)\n|l|\u2606BorbsJSKF\n|c|\u2606Chaitanya15|gg\n","uploadtime":1700500483,"views":10,"p1id":"chaitanya15","p2id":"borbsjskf","formatid":"gen9ou","rating":1176,"private":0,"password":""}