{"id":"gen9ou-1991210130","p1":"8spidersinurmouth","p2":"Zovafire","format":"[Gen 9] OU","log":"|j|\u26068spidersinurmouth\n|j|\u2606Zovafire\n|t:|1700057466\n|gametype|singles\n|player|p1|8spidersinurmouth|102|1353\n|player|p2|Zovafire|roxie|1444\n|teamsize|p1|6\n|teamsize|p2|6\n|gen|9\n|tier|[Gen 9] OU\n|rated|\n|rule|Sleep Clause Mod: Limit one foe put to sleep\n|rule|Species Clause: Limit one of each Pok\u00e9mon\n|rule|OHKO Clause: OHKO moves are banned\n|rule|Evasion Items Clause: Evasion items are banned\n|rule|Evasion Moves Clause: Evasion moves are banned\n|rule|Endless Battle Clause: Forcing endless battles is banned\n|rule|HP Percentage Mod: HP is shown in percentages\n|clearpoke\n|poke|p1|Hattrem, F|\n|poke|p1|Hatterene, F|\n|poke|p1|Torkoal, F|\n|poke|p1|Iron Hands|\n|poke|p1|Kingambit, M|\n|poke|p1|Klefki, M|\n|poke|p2|Great Tusk|\n|poke|p2|Ogerpon-Wellspring, F|\n|poke|p2|Hatterene, F|\n|poke|p2|Kingambit, M|\n|poke|p2|Meowscarada, F|\n|poke|p2|Ninetales-Alola, F|\n|teampreview\n|inactive|Battle timer is ON: inactive players will automatically lose when time's up. (requested by Zovafire)\n|\n|t:|1700057474\n|start\n|switch|p1a: Hattrem|Hattrem, F|100\/100\n|switch|p2a: Wellspring Cudgel|Ogerpon-Wellspring, F|100\/100\n|turn|1\n|\n|t:|1700057479\n|switch|p2a: Shiver Tails|Ninetales-Alola, F|100\/100\n|-weather|Snow|[from] ability: Snow Warning|[of] p2a: Shiver Tails\n|move|p1a: Hattrem|Trick Room|p1a: Hattrem\n|-fieldstart|move: Trick Room|[of] p1a: Hattrem\n|\n|-weather|Snow|[upkeep]\n|upkeep\n|turn|2\n|\n|t:|1700057487\n|switch|p1a: Torkoal|Torkoal, F|100\/100\n|-weather|SunnyDay|[from] ability: Drought|[of] p1a: Torkoal\n|move|p2a: Shiver Tails|Aurora Veil||[still]\n|-fail|p2a: Shiver Tails\n|\n|-weather|SunnyDay|[upkeep]\n|upkeep\n|turn|3\n|\n|t:|1700057494\n|-terastallize|p1a: Torkoal|Fire\n|move|p1a: Torkoal|Eruption|p2a: Shiver Tails\n|-supereffective|p2a: Shiver Tails\n|-damage|p2a: Shiver Tails|0 fnt\n|faint|p2a: Shiver Tails\n|\n|-weather|SunnyDay|[upkeep]\n|upkeep\n|\n|t:|1700057503\n|switch|p2a: Fungal Witch|Hatterene, F|100\/100\n|turn|4\n|\n|t:|1700057529\n|move|p1a: Torkoal|Eruption|p2a: Fungal Witch\n|-damage|p2a: Fungal Witch|0 fnt\n|faint|p2a: Fungal Witch\n|\n|-weather|SunnyDay|[upkeep]\n|upkeep\n|\n|t:|1700057539\n|switch|p2a: Wellspring Cudgel|Ogerpon-Wellspring, F|100\/100\n|turn|5\n|\n|t:|1700057558\n|switch|p2a: Great Tusk|Great Tusk|100\/100\n|-activate|p2a: Great Tusk|ability: Protosynthesis\n|-start|p2a: Great Tusk|protosynthesisspe\n|move|p1a: Torkoal|Eruption|p2a: Great Tusk\n|-damage|p2a: Great Tusk|0 fnt\n|faint|p2a: Great Tusk\n|-end|p2a: Great Tusk|Protosynthesis|[silent]\n|\n|-weather|SunnyDay|[upkeep]\n|-fieldend|move: Trick Room\n|upkeep\n|\n|t:|1700057561\n|switch|p2a: Wellspring Cudgel|Ogerpon-Wellspring, F|100\/100\n|turn|6\n|\n|t:|1700057567\n|switch|p1a: Klefki|Klefki, M|100\/100\n|move|p2a: Wellspring Cudgel|Swords Dance|p2a: Wellspring Cudgel\n|-boost|p2a: Wellspring Cudgel|atk|2\n|\n|-weather|none\n|upkeep\n|turn|7\n|\n|t:|1700057574\n|-terastallize|p2a: Wellspring Cudgel|Water\n|detailschange|p2a: Wellspring Cudgel|Ogerpon-Wellspring-Tera, F, tera:Water\n|-ability|p2a: Wellspring Cudgel|Embody Aspect (Wellspring)|boost\n|-boost|p2a: Wellspring Cudgel|spd|1\n|move|p2a: Wellspring Cudgel|Ivy Cudgel|p1a: Klefki|[anim] Ivy Cudgel Water\n|-enditem|p1a: Klefki|Focus Sash\n|-damage|p1a: Klefki|1\/100\n|move|p1a: Klefki|Trick Room|p1a: Klefki\n|-fieldstart|move: Trick Room|[of] p1a: Klefki\n|\n|upkeep\n|turn|8\n|\n|t:|1700057586\n|move|p1a: Klefki|Spikes|p2a: Wellspring Cudgel\n|-sidestart|p2: Zovafire|Spikes\n|move|p2a: Wellspring Cudgel|Ivy Cudgel|p1a: Klefki|[anim] Ivy Cudgel Water\n|-damage|p1a: Klefki|0 fnt\n|faint|p1a: Klefki\n|\n|upkeep\n|\n|t:|1700057588\n|switch|p1a: Iron Hands|Iron Hands|100\/100\n|-enditem|p1a: Iron Hands|Booster Energy\n|-activate|p1a: Iron Hands|ability: Quark Drive|[fromitem]\n|-start|p1a: Iron Hands|quarkdriveatk\n|turn|9\n|\n|t:|1700057593\n|move|p1a: Iron Hands|Wild Charge|p2a: Wellspring Cudgel\n|-supereffective|p2a: Wellspring Cudgel\n|-damage|p2a: Wellspring Cudgel|0 fnt\n|faint|p2a: Wellspring Cudgel\n|-damage|p1a: Iron Hands|86\/100|[from] Recoil\n|\n|upkeep\n|\n|t:|1700057596\n|switch|p2a: Iron Overlord|Kingambit, M|100\/100\n|-damage|p2a: Iron Overlord|88\/100|[from] Spikes\n|-activate|p2a: Iron Overlord|ability: Supreme Overlord\n|-start|p2a: Iron Overlord|fallen4|[silent]\n|turn|10\n|\n|t:|1700057601\n|move|p1a: Iron Hands|Close Combat|p2a: Iron Overlord\n|-supereffective|p2a: Iron Overlord\n|-damage|p2a: Iron Overlord|0 fnt\n|-unboost|p1a: Iron Hands|def|1\n|-unboost|p1a: Iron Hands|spd|1\n|faint|p2a: Iron Overlord\n|-end|p2a: Iron Overlord|fallen4|[silent]\n|\n|upkeep\n|\n|t:|1700057603\n|switch|p2a: Purring Mask|Meowscarada, F, shiny|100\/100\n|-damage|p2a: Purring Mask|88\/100|[from] Spikes\n|turn|11\n|\n|t:|1700057608\n|move|p1a: Iron Hands|Close Combat|p2a: Purring Mask\n|-supereffective|p2a: Purring Mask\n|-damage|p2a: Purring Mask|0 fnt\n|-unboost|p1a: Iron Hands|def|1\n|-unboost|p1a: Iron Hands|spd|1\n|faint|p2a: Purring Mask\n|\n|win|8spidersinurmouth\n|raw|8spidersinurmouth's rating: 1353 &rarr; <strong>1378<\/strong><br \/>(+25 for winning)\n|raw|Zovafire's rating: 1444 &rarr; <strong>1419<\/strong><br \/>(-25 for losing)\n|l|\u2606Zovafire\n","uploadtime":1700057616,"views":4,"p1id":"8spidersinurmouth","p2id":"zovafire","formatid":"gen9ou","rating":1378,"private":0,"password":""}