{"id":"gen9ou-1997806295","p1":"lostroncos","p2":"ch1ck3n nu99ets","format":"[Gen 9] OU","log":"|j|\u2606lostroncos\n|j|\u2606ch1ck3n nu99ets\n|t:|1700854707\n|gametype|singles\n|player|p1|lostroncos|266|1833\n|player|p2|ch1ck3n nu99ets|2|1924\n|teamsize|p1|6\n|teamsize|p2|6\n|gen|9\n|tier|[Gen 9] OU\n|rated|\n|rule|Sleep Clause Mod: Limit one foe put to sleep\n|rule|Species Clause: Limit one of each Pok\u00e9mon\n|rule|OHKO Clause: OHKO moves are banned\n|rule|Evasion Items Clause: Evasion items are banned\n|rule|Evasion Moves Clause: Evasion moves are banned\n|rule|Endless Battle Clause: Forcing endless battles is banned\n|rule|HP Percentage Mod: HP is shown in percentages\n|clearpoke\n|poke|p1|Torkoal, M|\n|poke|p1|Walking Wake|\n|poke|p1|Great Tusk|\n|poke|p1|Cinderace, F|\n|poke|p1|Charizard, M|\n|poke|p1|Brute Bonnet|\n|poke|p2|Clefable, M|\n|poke|p2|Gholdengo|\n|poke|p2|Clodsire, M|\n|poke|p2|Tornadus-Therian, M|\n|poke|p2|Dragonite, M|\n|poke|p2|Mandibuzz, F|\n|teampreview\n|inactive|Battle timer is ON: inactive players will automatically lose when time's up. (requested by ch1ck3n nu99ets)\n|\n|t:|1700854725\n|start\n|switch|p1a: Torkoal|Torkoal, M|100\/100\n|switch|p2a: Dragonite|Dragonite, M|100\/100\n|-weather|SunnyDay|[from] ability: Drought|[of] p1a: Torkoal\n|turn|1\n|\n|t:|1700854731\n|move|p2a: Dragonite|Earthquake|p1a: Torkoal\n|-supereffective|p1a: Torkoal\n|-damage|p1a: Torkoal|53\/100\n|move|p1a: Torkoal|Lava Plume|p2a: Dragonite\n|-resisted|p2a: Dragonite\n|-damage|p2a: Dragonite|92\/100\n|\n|-weather|SunnyDay|[upkeep]\n|upkeep\n|turn|2\n|\n|t:|1700854740\n|switch|p1a: Great Tusk|Great Tusk|100\/100\n|-activate|p1a: Great Tusk|ability: Protosynthesis\n|-start|p1a: Great Tusk|protosynthesisatk\n|move|p2a: Dragonite|Earthquake|p1a: Great Tusk\n|-damage|p1a: Great Tusk|71\/100\n|\n|-weather|SunnyDay|[upkeep]\n|-heal|p1a: Great Tusk|77\/100|[from] item: Leftovers\n|upkeep\n|turn|3\n|\n|t:|1700854749\n|switch|p2a: Mandibuzz|Mandibuzz, F|100\/100\n|move|p1a: Great Tusk|Bulk Up|p1a: Great Tusk\n|-boost|p1a: Great Tusk|atk|1\n|-boost|p1a: Great Tusk|def|1\n|\n|-weather|SunnyDay|[upkeep]\n|-heal|p1a: Great Tusk|84\/100|[from] item: Leftovers\n|upkeep\n|turn|4\n|\n|t:|1700854757\n|-terastallize|p1a: Great Tusk|Steel\n|move|p1a: Great Tusk|Rapid Spin|p2a: Mandibuzz\n|-damage|p2a: Mandibuzz|79\/100\n|-boost|p1a: Great Tusk|spe|1\n|move|p2a: Mandibuzz|Toxic|p1a: Great Tusk\n|-immune|p1a: Great Tusk\n|\n|-weather|SunnyDay|[upkeep]\n|-heal|p1a: Great Tusk|90\/100|[from] item: Leftovers\n|upkeep\n|turn|5\n|\n|t:|1700854766\n|move|p1a: Great Tusk|Bulk Up|p1a: Great Tusk\n|-boost|p1a: Great Tusk|atk|1\n|-boost|p1a: Great Tusk|def|1\n|move|p2a: Mandibuzz|Foul Play|p1a: Great Tusk\n|-damage|p1a: Great Tusk|51\/100\n|\n|-weather|SunnyDay|[upkeep]\n|-heal|p1a: Great Tusk|57\/100|[from] item: Leftovers\n|upkeep\n|turn|6\n|\n|t:|1700854774\n|move|p1a: Great Tusk|Ice Spinner|p2a: Mandibuzz\n|-supereffective|p2a: Mandibuzz\n|-damage|p2a: Mandibuzz|0 fnt\n|faint|p2a: Mandibuzz\n|\n|-weather|SunnyDay|[upkeep]\n|-heal|p1a: Great Tusk|63\/100|[from] item: Leftovers\n|upkeep\n|\n|t:|1700854787\n|switch|p2a: Gholdengo|Gholdengo|100\/100\n|turn|7\n|\n|t:|1700854793\n|-terastallize|p2a: Gholdengo|Fairy\n|move|p1a: Great Tusk|Earthquake|p2a: Gholdengo\n|-damage|p2a: Gholdengo|5\/100\n|move|p2a: Gholdengo|Thunder Wave|p1a: Great Tusk\n|-status|p1a: Great Tusk|par\n|\n|-weather|SunnyDay|[upkeep]\n|-heal|p1a: Great Tusk|69\/100 par|[from] item: Leftovers\n|-heal|p2a: Gholdengo|11\/100|[from] item: Leftovers\n|upkeep\n|turn|8\n|\n|t:|1700854802\n|switch|p2a: Tornadus|Tornadus-Therian, M|100\/100\n|move|p1a: Great Tusk|Rapid Spin|p2a: Tornadus\n|-damage|p2a: Tornadus|40\/100\n|-boost|p1a: Great Tusk|spe|1\n|\n|-weather|none\n|-end|p1a: Great Tusk|Protosynthesis\n|-heal|p1a: Great Tusk|75\/100 par|[from] item: Leftovers\n|upkeep\n|turn|9\n|\n|t:|1700854810\n|move|p2a: Tornadus|Heat Wave|p1a: Great Tusk\n|-supereffective|p1a: Great Tusk\n|-damage|p1a: Great Tusk|0 fnt\n|faint|p1a: Great Tusk\n|-end|p1a: Great Tusk|Protosynthesis|[silent]\n|\n|upkeep\n|\n|t:|1700854816\n|switch|p1a: Torkoal|Torkoal, M|53\/100\n|-weather|SunnyDay|[from] ability: Drought|[of] p1a: Torkoal\n|turn|10\n|\n|t:|1700854820\n|switch|p1a: Walking Wake|Walking Wake|100\/100\n|-activate|p1a: Walking Wake|ability: Protosynthesis\n|-start|p1a: Walking Wake|protosynthesisspe\n|move|p2a: Tornadus|Bleakwind Storm|p1a: Walking Wake\n|-damage|p1a: Walking Wake|47\/100\n|-unboost|p1a: Walking Wake|spe|1\n|\n|-weather|SunnyDay|[upkeep]\n|upkeep\n|turn|11\n|\n|t:|1700854830\n|-end|p1a: Walking Wake|Protosynthesis|[silent]\n|switch|p1a: Cinderace|Cinderace, F|100\/100\n|move|p2a: Tornadus|Bleakwind Storm|p1a: Cinderace|[miss]\n|-miss|p2a: Tornadus|p1a: Cinderace\n|\n|-weather|SunnyDay|[upkeep]\n|upkeep\n|turn|12\n|c|\u2606lostroncos|ofc\n|c|\u2606ch1ck3n nu99ets|its fair\n|c|\u2606lostroncos|why?\n|inactive|ch1ck3n nu99ets has 120 seconds left.\n|c|\u2606ch1ck3n nu99ets|did your mom drink when she was pregnant\n|\n|t:|1700854868\n|switch|p2a: Clefable|Clefable, M|100\/100\n|move|p1a: Cinderace|Pyro Ball|p2a: Clefable\n|-damage|p2a: Clefable|0 fnt\n|faint|p2a: Clefable\n|\n|-weather|SunnyDay|[upkeep]\n|upkeep\n|\n|t:|1700854876\n|switch|p2a: Dragonite|Dragonite, M|92\/100\n|turn|13\n|\n|t:|1700854881\n|move|p1a: Cinderace|U-turn|p2a: Dragonite\n|-start|p1a: Cinderace|typechange|Bug|[from] ability: Libero\n|-resisted|p2a: Dragonite\n|-damage|p2a: Dragonite|75\/100\n|\n|t:|1700854885\n|switch|p1a: Brute Bonnet|Brute Bonnet|100\/100|[from] U-turn\n|-activate|p1a: Brute Bonnet|ability: Protosynthesis\n|-start|p1a: Brute Bonnet|protosynthesisatk\n|move|p2a: Dragonite|Roost|p2a: Dragonite\n|-heal|p2a: Dragonite|100\/100\n|-singleturn|p2a: Dragonite|move: Roost\n|\n|-weather|SunnyDay|[upkeep]\n|upkeep\n|turn|14\n|\n|t:|1700854894\n|switch|p2a: Gholdengo|Gholdengo, tera:Fairy|11\/100\n|move|p1a: Brute Bonnet|Spore|p2a: Gholdengo\n|-immune|p2a: Gholdengo|[from] ability: Good as Gold\n|\n|-weather|SunnyDay|[upkeep]\n|-heal|p2a: Gholdengo|17\/100|[from] item: Leftovers\n|upkeep\n|turn|15\n|\n|t:|1700854901\n|move|p1a: Brute Bonnet|Seed Bomb|p2a: Gholdengo\n|-crit|p2a: Gholdengo\n|-damage|p2a: Gholdengo|0 fnt\n|faint|p2a: Gholdengo\n|-damage|p1a: Brute Bonnet|91\/100|[from] item: Life Orb\n|\n|-weather|SunnyDay|[upkeep]\n|upkeep\n|\n|t:|1700854906\n|switch|p2a: Tornadus|Tornadus-Therian, M|73\/100\n|turn|16\n|c|\u2606lostroncos|lol no relation\n|\n|t:|1700854910\n|move|p1a: Brute Bonnet|Sucker Punch|p2a: Tornadus\n|-damage|p2a: Tornadus|0 fnt\n|faint|p2a: Tornadus\n|-damage|p1a: Brute Bonnet|81\/100|[from] item: Life Orb\n|\n|-weather|SunnyDay|[upkeep]\n|upkeep\n|\n|t:|1700854915\n|switch|p2a: Dragonite|Dragonite, M|100\/100\n|turn|17\n|\n|t:|1700854919\n|move|p2a: Dragonite|Dragon Dance|p2a: Dragonite\n|-boost|p2a: Dragonite|atk|1\n|-boost|p2a: Dragonite|spe|1\n|move|p1a: Brute Bonnet|Spore|p2a: Dragonite\n|-status|p2a: Dragonite|slp|[from] move: Spore\n|\n|-weather|none\n|-end|p1a: Brute Bonnet|Protosynthesis\n|upkeep\n|turn|18\n|\n|t:|1700854930\n|-end|p1a: Brute Bonnet|Protosynthesis|[silent]\n|switch|p1a: Torkoal|Torkoal, M|53\/100\n|-weather|SunnyDay|[from] ability: Drought|[of] p1a: Torkoal\n|cant|p2a: Dragonite|slp\n|\n|-weather|SunnyDay|[upkeep]\n|upkeep\n|turn|19\n|\n|t:|1700854939\n|cant|p2a: Dragonite|slp\n|move|p1a: Torkoal|Yawn||[still]\n|-fail|p1a: Torkoal\n|\n|-weather|SunnyDay|[upkeep]\n|upkeep\n|turn|20\n|\n|t:|1700854946\n|cant|p2a: Dragonite|slp\n|move|p1a: Torkoal|Yawn||[still]\n|-fail|p1a: Torkoal\n|\n|-weather|SunnyDay|[upkeep]\n|upkeep\n|turn|21\n|\n|t:|1700854952\n|-curestatus|p2a: Dragonite|slp|[msg]\n|move|p2a: Dragonite|Earthquake|p1a: Torkoal\n|-supereffective|p1a: Torkoal\n|-damage|p1a: Torkoal|0 fnt\n|faint|p1a: Torkoal\n|\n|-weather|SunnyDay|[upkeep]\n|upkeep\n|\n|t:|1700854958\n|switch|p1a: Walking Wake|Walking Wake|47\/100\n|-activate|p1a: Walking Wake|ability: Protosynthesis\n|-start|p1a: Walking Wake|protosynthesisspe\n|turn|22\n|\n|t:|1700854963\n|move|p2a: Dragonite|Extreme Speed|p1a: Walking Wake\n|-damage|p1a: Walking Wake|0 fnt\n|faint|p1a: Walking Wake\n|-end|p1a: Walking Wake|Protosynthesis|[silent]\n|\n|-weather|SunnyDay|[upkeep]\n|upkeep\n|\n|t:|1700854968\n|switch|p1a: Brute Bonnet|Brute Bonnet|81\/100\n|-activate|p1a: Brute Bonnet|ability: Protosynthesis\n|-start|p1a: Brute Bonnet|protosynthesisatk\n|turn|23\n|\n|t:|1700854972\n|move|p2a: Dragonite|Dragon Dance|p2a: Dragonite\n|-boost|p2a: Dragonite|atk|1\n|-boost|p2a: Dragonite|spe|1\n|move|p1a: Brute Bonnet|Spore|p2a: Dragonite\n|-status|p2a: Dragonite|slp|[from] move: Spore\n|\n|-weather|SunnyDay|[upkeep]\n|upkeep\n|turn|24\n|\n|t:|1700854979\n|cant|p2a: Dragonite|slp\n|move|p1a: Brute Bonnet|Seed Bomb|p2a: Dragonite\n|-resisted|p2a: Dragonite\n|-damage|p2a: Dragonite|90\/100 slp\n|-damage|p1a: Brute Bonnet|71\/100|[from] item: Life Orb\n|\n|-weather|SunnyDay|[upkeep]\n|upkeep\n|turn|25\n|\n|t:|1700854985\n|move|p1a: Brute Bonnet|Sucker Punch||[still]\n|-fail|p1a: Brute Bonnet\n|cant|p2a: Dragonite|slp\n|\n|-weather|none\n|-end|p1a: Brute Bonnet|Protosynthesis\n|upkeep\n|turn|26\n|\n|t:|1700854992\n|-end|p1a: Brute Bonnet|Protosynthesis|[silent]\n|switch|p1a: Charizard|Charizard, M|100\/100\n|cant|p2a: Dragonite|slp\n|\n|upkeep\n|turn|27\n|\n|t:|1700854997\n|-curestatus|p2a: Dragonite|slp|[msg]\n|move|p2a: Dragonite|Roost|p2a: Dragonite\n|-heal|p2a: Dragonite|100\/100\n|-singleturn|p2a: Dragonite|move: Roost\n|move|p1a: Charizard|Air Slash|p2a: Dragonite\n|-damage|p2a: Dragonite|77\/100\n|\n|upkeep\n|turn|28\n|\n|t:|1700855005\n|move|p2a: Dragonite|Dragon Dance|p2a: Dragonite\n|-boost|p2a: Dragonite|atk|1\n|-boost|p2a: Dragonite|spe|1\n|move|p1a: Charizard|Air Slash|p2a: Dragonite\n|-damage|p2a: Dragonite|26\/100\n|\n|upkeep\n|turn|29\n|\n|t:|1700855010\n|move|p2a: Dragonite|Extreme Speed|p1a: Charizard\n|-damage|p1a: Charizard|0 fnt\n|faint|p1a: Charizard\n|\n|upkeep\n|c|\u2606lostroncos|nah amazing hax\n|c|\u2606lostroncos|LOL\n|c|\u2606ch1ck3n nu99ets|thx bro\n|c|\u2606ch1ck3n nu99ets|nice job throwing\n|l|\u2606lostroncos\n|inactive|lostroncos disconnected and has a minute to reconnect!\n|player|p1|\n|inactive|lostroncos has 30 seconds to reconnect!\n|inactive|lostroncos has 20 seconds to reconnect!\n|inactive|lostroncos has 15 seconds to reconnect!\n|inactive|lostroncos has 10 seconds to reconnect!\n|inactive|lostroncos has 5 seconds to reconnect!\n|-message|lostroncos lost due to inactivity.\n|\n|win|ch1ck3n nu99ets\n|raw|lostroncos's rating: 1833 &rarr; <strong>1818<\/strong><br \/>(-15 for losing)\n|raw|ch1ck3n nu99ets's rating: 1924 &rarr; <strong>1939<\/strong><br \/>(+15 for winning)\n|l|\u2606ch1ck3n nu99ets\n","uploadtime":1700855134,"views":7,"p1id":"lostroncos","p2id":"ch1ck3nnu99ets","formatid":"gen9ou","rating":1818,"private":0,"password":""}