{"id":"gen9ou-1988723800","p1":"Stinko Man","p2":"bruhgokusolo","format":"[Gen 9] OU","log":"|j|\u2606Stinko Man\n|j|\u2606bruhgokusolo\n|t:|1699755080\n|gametype|singles\n|player|p1|Stinko Man|nate|1242\n|player|p2|bruhgokusolo|170|1276\n|teamsize|p1|6\n|teamsize|p2|6\n|gen|9\n|tier|[Gen 9] OU\n|rated|\n|rule|Sleep Clause Mod: Limit one foe put to sleep\n|rule|Species Clause: Limit one of each Pok\u00e9mon\n|rule|OHKO Clause: OHKO moves are banned\n|rule|Evasion Items Clause: Evasion items are banned\n|rule|Evasion Moves Clause: Evasion moves are banned\n|rule|Endless Battle Clause: Forcing endless battles is banned\n|rule|HP Percentage Mod: HP is shown in percentages\n|clearpoke\n|poke|p1|Sinistcha-Masterpiece|\n|poke|p1|Heatran, M|\n|poke|p1|Gliscor, F|\n|poke|p1|Hatterene, F|\n|poke|p1|Kingambit, M|\n|poke|p1|Ogerpon-Wellspring, F|\n|poke|p2|Rillaboom, F|\n|poke|p2|Gliscor, F|\n|poke|p2|Ribombee, M|\n|poke|p2|Kingambit, M|\n|poke|p2|Great Tusk|\n|poke|p2|Zapdos|\n|teampreview\n|inactive|Battle timer is ON: inactive players will automatically lose when time's up. (requested by bruhgokusolo)\n|\n|t:|1699755091\n|start\n|switch|p1a: Volmpin|Ogerpon-Wellspring, F|100\/100\n|switch|p2a: Gliscor|Gliscor, F|100\/100\n|turn|1\n|\n|t:|1699755109\n|-terastallize|p2a: Gliscor|Normal\n|move|p1a: Volmpin|Ivy Cudgel|p2a: Gliscor\n|-damage|p2a: Gliscor|41\/100\n|move|p2a: Gliscor|Swords Dance|p2a: Gliscor\n|-boost|p2a: Gliscor|atk|2\n|\n|-status|p2a: Gliscor|tox|[from] item: Toxic Orb\n|upkeep\n|turn|2\n|\n|t:|1699755120\n|switch|p2a: Ribombee|Ribombee, M|100\/100\n|move|p1a: Volmpin|Ivy Cudgel|p2a: Ribombee\n|-enditem|p2a: Ribombee|Focus Sash\n|-damage|p2a: Ribombee|1\/100\n|\n|upkeep\n|turn|3\n|\n|t:|1699755129\n|switch|p1a: Hooleb|Hatterene, F|100\/100\n|move|p2a: Ribombee|Moonblast|p1a: Hooleb\n|-damage|p1a: Hooleb|53\/100\n|\n|-heal|p1a: Hooleb|59\/100|[from] item: Leftovers\n|upkeep\n|turn|4\n|\n|t:|1699755138\n|move|p2a: Ribombee|Moonblast|p1a: Hooleb\n|-damage|p1a: Hooleb|14\/100\n|move|p1a: Hooleb|Nuzzle|p2a: Ribombee\n|-damage|p2a: Ribombee|0 fnt\n|faint|p2a: Ribombee\n|\n|-heal|p1a: Hooleb|20\/100|[from] item: Leftovers\n|upkeep\n|\n|t:|1699755147\n|switch|p2a: Gliscor|Gliscor, F, tera:Normal|41\/100 tox\n|turn|5\n|\n|t:|1699755151\n|switch|p1a: Volmpin|Ogerpon-Wellspring, F|100\/100\n|move|p2a: Gliscor|Spikes|p1a: Volmpin\n|-sidestart|p1: Stinko Man|Spikes\n|\n|-heal|p2a: Gliscor|53\/100 tox|[from] ability: Poison Heal\n|upkeep\n|turn|6\n|\n|t:|1699755161\n|switch|p2a: Rillaboom|Rillaboom, F|100\/100\n|-fieldstart|move: Grassy Terrain|[from] ability: Grassy Surge|[of] p2a: Rillaboom\n|move|p1a: Volmpin|Ivy Cudgel|p2a: Rillaboom\n|-resisted|p2a: Rillaboom\n|-damage|p2a: Rillaboom|69\/100\n|\n|-heal|p2a: Rillaboom|76\/100|[from] Grassy Terrain\n|upkeep\n|turn|7\n|\n|t:|1699755172\n|switch|p1a: Giblin|Sinistcha-Masterpiece|100\/100\n|move|p2a: Rillaboom|Grassy Glide|p1a: Giblin\n|-resisted|p1a: Giblin\n|-damage|p1a: Giblin|82\/100\n|\n|-heal|p2a: Rillaboom|82\/100|[from] Grassy Terrain\n|-heal|p1a: Giblin|88\/100|[from] Grassy Terrain\n|upkeep\n|turn|8\n|\n|t:|1699755187\n|switch|p2a: Zapdos|Zapdos|100\/100\n|move|p1a: Giblin|Matcha Gotcha|p2a: Zapdos\n|-resisted|p2a: Zapdos\n|-damage|p2a: Zapdos|82\/100\n|-heal|p1a: Giblin|98\/100|[from] drain|[of] p2a: Zapdos\n|\n|-heal|p1a: Giblin|100\/100|[from] Grassy Terrain\n|upkeep\n|turn|9\n|\n|t:|1699755196\n|switch|p1a: Lobin|Gliscor, F|100\/100\n|move|p2a: Zapdos|Hurricane|p1a: Lobin|[miss]\n|-miss|p2a: Zapdos|p1a: Lobin\n|\n|-status|p1a: Lobin|tox|[from] item: Toxic Orb\n|upkeep\n|turn|10\n|\n|t:|1699755204\n|move|p2a: Zapdos|Hurricane|p1a: Lobin|[miss]\n|-miss|p2a: Zapdos|p1a: Lobin\n|move|p1a: Lobin|Toxic|p2a: Zapdos\n|-status|p2a: Zapdos|tox\n|\n|-damage|p2a: Zapdos|76\/100 tox|[from] psn\n|-fieldend|move: Grassy Terrain\n|upkeep\n|turn|11\n|\n|t:|1699755212\n|move|p2a: Zapdos|Hurricane|p1a: Lobin\n|-damage|p1a: Lobin|39\/100 tox\n|move|p1a: Lobin|Spikes|p2a: Zapdos\n|-sidestart|p2: bruhgokusolo|Spikes\n|\n|-damage|p2a: Zapdos|64\/100 tox|[from] psn\n|-heal|p1a: Lobin|52\/100 tox|[from] ability: Poison Heal\n|upkeep\n|turn|12\n|\n|t:|1699755220\n|move|p1a: Lobin|Protect|p1a: Lobin\n|-singleturn|p1a: Lobin|Protect\n|move|p2a: Zapdos|Hurricane|p1a: Lobin\n|-activate|p1a: Lobin|move: Protect\n|\n|-damage|p2a: Zapdos|46\/100 tox|[from] psn\n|-heal|p1a: Lobin|64\/100 tox|[from] ability: Poison Heal\n|upkeep\n|turn|13\n|\n|t:|1699755231\n|move|p2a: Zapdos|Hurricane|p1a: Lobin|[miss]\n|-miss|p2a: Zapdos|p1a: Lobin\n|move|p1a: Lobin|Spikes|p2a: Zapdos\n|-sidestart|p2: bruhgokusolo|Spikes\n|\n|-damage|p2a: Zapdos|22\/100 tox|[from] psn\n|-heal|p1a: Lobin|77\/100 tox|[from] ability: Poison Heal\n|upkeep\n|turn|14\n|\n|t:|1699755241\n|move|p2a: Zapdos|Hurricane|p1a: Lobin\n|-damage|p1a: Lobin|17\/100 tox\n|-start|p1a: Lobin|confusion\n|-activate|p1a: Lobin|confusion\n|move|p1a: Lobin|Spikes|p2a: Zapdos\n|-sidestart|p2: bruhgokusolo|Spikes\n|\n|-damage|p2a: Zapdos|0 fnt|[from] psn\n|faint|p2a: Zapdos\n|-heal|p1a: Lobin|30\/100 tox|[from] ability: Poison Heal\n|upkeep\n|\n|t:|1699755251\n|switch|p2a: Great Tusk|Great Tusk|100\/100\n|-damage|p2a: Great Tusk|76\/100|[from] Spikes\n|turn|15\n|\n|t:|1699755256\n|switch|p1a: Giblin|Sinistcha-Masterpiece|100\/100\n|move|p2a: Great Tusk|Rapid Spin|p1a: Giblin\n|-immune|p1a: Giblin\n|\n|-heal|p2a: Great Tusk|82\/100|[from] item: Leftovers\n|upkeep\n|turn|16\n|\n|t:|1699755263\n|move|p2a: Great Tusk|Ice Spinner|p1a: Giblin\n|-supereffective|p1a: Giblin\n|-damage|p1a: Giblin|67\/100\n|move|p1a: Giblin|Strength Sap|p2a: Great Tusk\n|-unboost|p2a: Great Tusk|atk|1\n|-heal|p1a: Giblin|100\/100\n|\n|-heal|p2a: Great Tusk|88\/100|[from] item: Leftovers\n|upkeep\n|turn|17\n|\n|t:|1699755274\n|-end|p2a: Great Tusk|Protosynthesis|[silent]\n|switch|p2a: Kingambit|Kingambit, M|100\/100\n|-damage|p2a: Kingambit|76\/100|[from] Spikes\n|-activate|p2a: Kingambit|ability: Supreme Overlord\n|-start|p2a: Kingambit|fallen2|[silent]\n|move|p1a: Giblin|Calm Mind|p1a: Giblin\n|-boost|p1a: Giblin|spa|1\n|-boost|p1a: Giblin|spd|1\n|\n|upkeep\n|turn|18\n|\n|t:|1699755283\n|switch|p1a: Kleg|Heatran, M|100\/100\n|-damage|p1a: Kleg|88\/100|[from] Spikes\n|move|p2a: Kingambit|Kowtow Cleave|p1a: Kleg\n|-damage|p1a: Kleg|24\/100\n|\n|-heal|p1a: Kleg|30\/100|[from] item: Leftovers\n|upkeep\n|turn|19\n|\n|t:|1699755293\n|move|p2a: Kingambit|Sucker Punch||[still]\n|-fail|p2a: Kingambit\n|move|p1a: Kleg|Stealth Rock|p2a: Kingambit\n|-sidestart|p2: bruhgokusolo|move: Stealth Rock\n|\n|-heal|p1a: Kleg|36\/100|[from] item: Leftovers\n|upkeep\n|turn|20\n|l|\u2606bruhgokusolo\n|inactive|bruhgokusolo disconnected and has a minute to reconnect!\n|player|p2|\n|inactive|bruhgokusolo has 30 seconds to reconnect!\n|inactive|bruhgokusolo has 20 seconds to reconnect!\n|inactive|bruhgokusolo has 15 seconds to reconnect!\n|inactive|bruhgokusolo has 10 seconds to reconnect!\n|inactive|bruhgokusolo has 5 seconds to reconnect!\n|-message|bruhgokusolo lost due to inactivity.\n|\n|win|Stinko Man\n|raw|Stinko Man's rating: 1242 &rarr; <strong>1269<\/strong><br \/>(+27 for winning)\n|raw|bruhgokusolo's rating: 1276 &rarr; <strong>1249<\/strong><br \/>(-27 for losing)\n","uploadtime":1699755356,"views":29,"p1id":"stinkoman","p2id":"bruhgokusolo","formatid":"gen9ou","rating":1249,"private":0,"password":""}