{"id":"gen9ou-1993157364","p1":"Poison Ivy Thorns","p2":"somsleep","format":"[Gen 9] OU","log":"|j|\u2606Poison Ivy Thorns\n|j|\u2606somsleep\n|t:|1700271721\n|gametype|singles\n|player|p1|Poison Ivy Thorns|will-gen2|1292\n|player|p2|somsleep|102|1368\n|teamsize|p1|6\n|teamsize|p2|6\n|gen|9\n|tier|[Gen 9] OU\n|rated|\n|rule|Sleep Clause Mod: Limit one foe put to sleep\n|rule|Species Clause: Limit one of each Pok\u00e9mon\n|rule|OHKO Clause: OHKO moves are banned\n|rule|Evasion Items Clause: Evasion items are banned\n|rule|Evasion Moves Clause: Evasion moves are banned\n|rule|Endless Battle Clause: Forcing endless battles is banned\n|rule|HP Percentage Mod: HP is shown in percentages\n|clearpoke\n|poke|p1|Okidogi, M|\n|poke|p1|Rotom-Wash|\n|poke|p1|Lokix, M|\n|poke|p1|Great Tusk|\n|poke|p1|Iron Moth|\n|poke|p1|Salamence, F|\n|poke|p2|Hippowdon, M|\n|poke|p2|Empoleon, M|\n|poke|p2|Ogerpon-Cornerstone, F|\n|poke|p2|Drifblim, M|\n|poke|p2|Lycanroc, M|\n|poke|p2|Muk, F|\n|teampreview\n|inactive|Battle timer is ON: inactive players will automatically lose when time's up. (requested by Poison Ivy Thorns)\n|inactive|Poison Ivy Thorns has 120 seconds left.\n|\n|t:|1700271753\n|start\n|switch|p1a: Lokix|Lokix, M|100\/100\n|switch|p2a: Hippowdon|Hippowdon, M|100\/100\n|-weather|Sandstorm|[from] ability: Sand Stream|[of] p2a: Hippowdon\n|turn|1\n|\n|t:|1700271761\n|move|p1a: Lokix|Knock Off|p2a: Hippowdon\n|-damage|p2a: Hippowdon|57\/100\n|-enditem|p2a: Hippowdon|Smooth Rock|[from] move: Knock Off|[of] p1a: Lokix\n|move|p2a: Hippowdon|Stealth Rock|p1a: Lokix\n|-sidestart|p1: Poison Ivy Thorns|move: Stealth Rock\n|\n|-weather|Sandstorm|[upkeep]\n|-damage|p1a: Lokix|94\/100|[from] Sandstorm\n|upkeep\n|turn|2\n|\n|t:|1700271767\n|switch|p1a: Great Tusk|Great Tusk|100\/100\n|-damage|p1a: Great Tusk|98\/100|[from] Stealth Rock\n|move|p2a: Hippowdon|Whirlwind|p1a: Great Tusk\n|-end|p1a: Great Tusk|Protosynthesis|[silent]\n|drag|p1a: Salamence|Salamence, F|100\/100\n|\n|-weather|Sandstorm|[upkeep]\n|-damage|p1a: Salamence|94\/100|[from] Sandstorm\n|upkeep\n|turn|3\n|\n|t:|1700271771\n|move|p1a: Salamence|Dual Wingbeat|p2a: Hippowdon|[miss]\n|-miss|p1a: Salamence|p2a: Hippowdon\n|move|p2a: Hippowdon|Whirlwind|p1a: Salamence\n|drag|p1a: Okidogi|Okidogi, M|100\/100\n|-damage|p1a: Okidogi|95\/100|[from] Stealth Rock\n|\n|-weather|Sandstorm|[upkeep]\n|-damage|p1a: Okidogi|89\/100|[from] Sandstorm\n|upkeep\n|turn|4\n|\n|t:|1700271781\n|switch|p1a: Rotom|Rotom-Wash|100\/100\n|-damage|p1a: Rotom|88\/100|[from] Stealth Rock\n|switch|p2a: Muk|Muk, F|100\/100\n|\n|-weather|Sandstorm|[upkeep]\n|-damage|p1a: Rotom|82\/100|[from] Sandstorm\n|-damage|p2a: Muk|94\/100|[from] Sandstorm\n|-heal|p2a: Muk|100\/100|[from] item: Leftovers\n|upkeep\n|turn|5\n|\n|t:|1700271785\n|move|p1a: Rotom|Will-O-Wisp|p2a: Muk|[miss]\n|-miss|p1a: Rotom|p2a: Muk\n|move|p2a: Muk|Knock Off|p1a: Rotom\n|-damage|p1a: Rotom|49\/100\n|-enditem|p1a: Rotom|Choice Scarf|[from] move: Knock Off|[of] p2a: Muk\n|\n|-weather|Sandstorm|[upkeep]\n|-damage|p1a: Rotom|43\/100|[from] Sandstorm\n|-damage|p2a: Muk|94\/100|[from] Sandstorm\n|-heal|p2a: Muk|100\/100|[from] item: Leftovers\n|upkeep\n|turn|6\n|c|\u2606Poison Ivy Thorns|I cant land a move with this rotom\n|\n|t:|1700271800\n|switch|p2a: Empoleon|Empoleon, M|100\/100\n|move|p1a: Rotom|Will-O-Wisp|p2a: Empoleon\n|-status|p2a: Empoleon|brn\n|\n|-weather|Sandstorm|[upkeep]\n|-damage|p1a: Rotom|37\/100|[from] Sandstorm\n|-damage|p2a: Empoleon|94\/100 brn|[from] brn\n|upkeep\n|turn|7\n|\n|t:|1700271804\n|move|p1a: Rotom|Volt Switch|p2a: Empoleon\n|-supereffective|p2a: Empoleon\n|-damage|p2a: Empoleon|39\/100 brn\n|\n|t:|1700271807\n|switch|p1a: Great Tusk|Great Tusk|98\/100|[from] Volt Switch\n|-damage|p1a: Great Tusk|95\/100|[from] Stealth Rock\n|move|p2a: Empoleon|Flip Turn|p1a: Great Tusk\n|-supereffective|p1a: Great Tusk\n|-damage|p1a: Great Tusk|81\/100\n|\n|t:|1700271811\n|switch|p2a: Drifblim|Drifblim, M, shiny|100\/100|[from] Flip Turn\n|\n|-weather|Sandstorm|[upkeep]\n|-damage|p2a: Drifblim|94\/100|[from] Sandstorm\n|-heal|p1a: Great Tusk|87\/100|[from] item: Leftovers\n|upkeep\n|turn|8\n|\n|t:|1700271820\n|-end|p1a: Great Tusk|Protosynthesis|[silent]\n|switch|p1a: Okidogi|Okidogi, M|89\/100\n|-damage|p1a: Okidogi|83\/100|[from] Stealth Rock\n|move|p2a: Drifblim|Will-O-Wisp|p1a: Okidogi\n|-status|p1a: Okidogi|brn\n|\n|-weather|none\n|-damage|p1a: Okidogi|77\/100 brn|[from] brn\n|upkeep\n|turn|9\n|\n|t:|1700271826\n|switch|p2a: Hippowdon|Hippowdon, M|57\/100\n|-weather|Sandstorm|[from] ability: Sand Stream|[of] p2a: Hippowdon\n|move|p1a: Okidogi|Knock Off|p2a: Hippowdon\n|-damage|p2a: Hippowdon|50\/100\n|-status|p2a: Hippowdon|tox|[from] ability: Toxic Chain|[of] p1a: Okidogi\n|\n|-weather|Sandstorm|[upkeep]\n|-damage|p1a: Okidogi|71\/100 brn|[from] Sandstorm\n|-damage|p2a: Hippowdon|44\/100 tox|[from] psn\n|-damage|p1a: Okidogi|65\/100 brn|[from] brn\n|upkeep\n|turn|10\n|\n|t:|1700271833\n|switch|p1a: Rotom|Rotom-Wash|37\/100\n|-damage|p1a: Rotom|25\/100|[from] Stealth Rock\n|move|p2a: Hippowdon|Whirlwind|p1a: Rotom\n|drag|p1a: Iron Moth|Iron Moth|100\/100\n|-damage|p1a: Iron Moth|76\/100|[from] Stealth Rock\n|-enditem|p1a: Iron Moth|Booster Energy\n|-activate|p1a: Iron Moth|ability: Quark Drive|[fromitem]\n|-start|p1a: Iron Moth|quarkdrivespe\n|\n|-weather|Sandstorm|[upkeep]\n|-damage|p1a: Iron Moth|70\/100|[from] Sandstorm\n|-damage|p2a: Hippowdon|32\/100 tox|[from] psn\n|upkeep\n|turn|11\n|\n|t:|1700271838\n|move|p1a: Iron Moth|Fiery Dance|p2a: Hippowdon\n|-damage|p2a: Hippowdon|0 fnt\n|faint|p2a: Hippowdon\n|\n|-weather|Sandstorm|[upkeep]\n|-damage|p1a: Iron Moth|64\/100|[from] Sandstorm\n|upkeep\n|\n|t:|1700271840\n|switch|p2a: Lycanroc|Lycanroc, M|100\/100\n|turn|12\n|\n|t:|1700271845\n|-end|p1a: Iron Moth|Quark Drive|[silent]\n|switch|p1a: Rotom|Rotom-Wash|25\/100\n|-damage|p1a: Rotom|12\/100|[from] Stealth Rock\n|move|p2a: Lycanroc|Rock Slide|p1a: Rotom\n|-damage|p1a: Rotom|0 fnt\n|faint|p1a: Rotom\n|-damage|p2a: Lycanroc|91\/100|[from] item: Life Orb\n|\n|-weather|Sandstorm|[upkeep]\n|upkeep\n|\n|t:|1700271850\n|switch|p1a: Great Tusk|Great Tusk|87\/100\n|-damage|p1a: Great Tusk|84\/100|[from] Stealth Rock\n|turn|13\n|\n|t:|1700271852\n|switch|p2a: Drifblim|Drifblim, M, shiny|94\/100\n|move|p1a: Great Tusk|Earthquake|p2a: Drifblim\n|-immune|p2a: Drifblim\n|\n|-weather|none\n|-heal|p1a: Great Tusk|90\/100|[from] item: Leftovers\n|upkeep\n|turn|14\n|\n|t:|1700271860\n|-end|p1a: Great Tusk|Protosynthesis|[silent]\n|switch|p1a: Okidogi|Okidogi, M|65\/100 brn\n|-damage|p1a: Okidogi|59\/100 brn|[from] Stealth Rock\n|move|p2a: Drifblim|Will-O-Wisp|p1a: Okidogi\n|-fail|p1a: Okidogi|brn\n|\n|-damage|p1a: Okidogi|53\/100 brn|[from] brn\n|upkeep\n|turn|15\n|\n|t:|1700271866\n|switch|p2a: Muk|Muk, F|100\/100\n|move|p1a: Okidogi|Knock Off|p2a: Muk\n|-damage|p2a: Muk|88\/100\n|-activate|p2a: Muk|ability: Sticky Hold\n|\n|-heal|p2a: Muk|94\/100|[from] item: Leftovers\n|-damage|p1a: Okidogi|47\/100 brn|[from] brn\n|upkeep\n|turn|16\n|\n|t:|1700271872\n|move|p1a: Okidogi|Knock Off|p2a: Muk\n|-damage|p2a: Muk|80\/100\n|-activate|p2a: Muk|ability: Sticky Hold\n|move|p2a: Muk|Knock Off|p1a: Okidogi\n|-resisted|p1a: Okidogi\n|-damage|p1a: Okidogi|34\/100 brn\n|-enditem|p1a: Okidogi|Assault Vest|[from] move: Knock Off|[of] p2a: Muk\n|\n|-heal|p2a: Muk|86\/100|[from] item: Leftovers\n|-damage|p1a: Okidogi|28\/100 brn|[from] brn\n|upkeep\n|turn|17\n|\n|t:|1700271876\n|move|p1a: Okidogi|Close Combat|p2a: Muk\n|-resisted|p2a: Muk\n|-damage|p2a: Muk|73\/100\n|-unboost|p1a: Okidogi|def|1\n|-unboost|p1a: Okidogi|spd|1\n|move|p2a: Muk|Knock Off|p1a: Okidogi\n|-resisted|p1a: Okidogi\n|-damage|p1a: Okidogi|16\/100 brn\n|\n|-heal|p2a: Muk|79\/100|[from] item: Leftovers\n|-damage|p1a: Okidogi|10\/100 brn|[from] brn\n|upkeep\n|turn|18\n|\n|t:|1700271878\n|move|p2a: Muk|Shadow Sneak|p1a: Okidogi\n|-damage|p1a: Okidogi|0 fnt\n|faint|p1a: Okidogi\n|\n|-heal|p2a: Muk|85\/100|[from] item: Leftovers\n|upkeep\n|\n|t:|1700271881\n|switch|p1a: Iron Moth|Iron Moth|64\/100\n|-damage|p1a: Iron Moth|39\/100|[from] Stealth Rock\n|turn|19\n|\n|t:|1700271885\n|move|p1a: Iron Moth|Psychic|p2a: Muk\n|-supereffective|p2a: Muk\n|-damage|p2a: Muk|32\/100\n|move|p2a: Muk|Knock Off|p1a: Iron Moth\n|-damage|p1a: Iron Moth|16\/100\n|\n|-heal|p2a: Muk|38\/100|[from] item: Leftovers\n|upkeep\n|turn|20\n|\n|t:|1700271889\n|move|p2a: Muk|Shadow Sneak|p1a: Iron Moth\n|-damage|p1a: Iron Moth|1\/100\n|move|p1a: Iron Moth|Psychic|p2a: Muk\n|-supereffective|p2a: Muk\n|-damage|p2a: Muk|0 fnt\n|faint|p2a: Muk\n|\n|upkeep\n|\n|t:|1700271901\n|switch|p2a: Lycanroc|Lycanroc, M|91\/100\n|turn|21\n|\n|t:|1700271909\n|-end|p1a: Iron Moth|Quark Drive|[silent]\n|switch|p1a: Great Tusk|Great Tusk|90\/100\n|-damage|p1a: Great Tusk|87\/100|[from] Stealth Rock\n|move|p2a: Lycanroc|Sandstorm|p2a: Lycanroc\n|-weather|Sandstorm\n|\n|-weather|Sandstorm|[upkeep]\n|-heal|p1a: Great Tusk|93\/100|[from] item: Leftovers\n|upkeep\n|turn|22\n|\n|t:|1700271914\n|switch|p2a: Drifblim|Drifblim, M, shiny|94\/100\n|move|p1a: Great Tusk|Knock Off|p2a: Drifblim\n|-supereffective|p2a: Drifblim\n|-damage|p2a: Drifblim|42\/100\n|-enditem|p2a: Drifblim|Red Card|[from] move: Knock Off|[of] p1a: Great Tusk\n|\n|-weather|Sandstorm|[upkeep]\n|-damage|p2a: Drifblim|35\/100|[from] Sandstorm\n|-heal|p1a: Great Tusk|99\/100|[from] item: Leftovers\n|upkeep\n|turn|23\n|\n|t:|1700271919\n|-end|p1a: Great Tusk|Protosynthesis|[silent]\n|switch|p1a: Iron Moth|Iron Moth|1\/100\n|-damage|p1a: Iron Moth|0 fnt|[from] Stealth Rock\n|faint|p1a: Iron Moth\n|-end|p1a: Iron Moth|Quark Drive|[silent]\n|move|p2a: Drifblim|Will-O-Wisp|p1: Iron Moth|[notarget]\n|-fail|p2a: Drifblim\n|\n|-weather|Sandstorm|[upkeep]\n|-damage|p2a: Drifblim|29\/100|[from] Sandstorm\n|upkeep\n|\n|t:|1700271923\n|switch|p1a: Lokix|Lokix, M|94\/100\n|-damage|p1a: Lokix|70\/100|[from] Stealth Rock\n|turn|24\n|\n|t:|1700271927\n|move|p2a: Drifblim|Strength Sap|p1a: Lokix\n|-unboost|p1a: Lokix|atk|1\n|-heal|p2a: Drifblim|92\/100\n|move|p1a: Lokix|Knock Off|p2a: Drifblim\n|-supereffective|p2a: Drifblim\n|-damage|p2a: Drifblim|45\/100\n|\n|-weather|Sandstorm|[upkeep]\n|-damage|p2a: Drifblim|38\/100|[from] Sandstorm\n|-damage|p1a: Lokix|64\/100|[from] Sandstorm\n|upkeep\n|turn|25\n|\n|t:|1700271933\n|move|p2a: Drifblim|Will-O-Wisp|p1a: Lokix|[miss]\n|-miss|p2a: Drifblim|p1a: Lokix\n|move|p1a: Lokix|Knock Off|p2a: Drifblim\n|-supereffective|p2a: Drifblim\n|-damage|p2a: Drifblim|0 fnt\n|faint|p2a: Drifblim\n|\n|-weather|none\n|upkeep\n|\n|t:|1700271941\n|switch|p2a: Empoleon|Empoleon, M|39\/100 brn\n|turn|26\n|\n|t:|1700271943\n|move|p1a: Lokix|Knock Off|p2a: Empoleon\n|-damage|p2a: Empoleon|5\/100 brn\n|-enditem|p2a: Empoleon|Leftovers|[from] move: Knock Off|[of] p1a: Lokix\n|move|p2a: Empoleon|Flip Turn|p1a: Lokix\n|-crit|p1a: Lokix\n|-damage|p1a: Lokix|45\/100\n|\n|t:|1700271949\n|switch|p2a: Ogerpon|Ogerpon-Cornerstone, F|100\/100|[from] Flip Turn\n|\n|upkeep\n|turn|27\n|\n|t:|1700271961\n|switch|p1a: Great Tusk|Great Tusk|99\/100\n|-damage|p1a: Great Tusk|97\/100|[from] Stealth Rock\n|move|p2a: Ogerpon|Ivy Cudgel|p1a: Great Tusk|[anim] Ivy Cudgel Rock\n|-resisted|p1a: Great Tusk\n|-damage|p1a: Great Tusk|86\/100\n|\n|-heal|p1a: Great Tusk|92\/100|[from] item: Leftovers\n|upkeep\n|turn|28\n|\n|t:|1700271968\n|-terastallize|p1a: Great Tusk|Steel\n|move|p2a: Ogerpon|Horn Leech|p1a: Great Tusk\n|-resisted|p1a: Great Tusk\n|-damage|p1a: Great Tusk|77\/100\n|move|p1a: Great Tusk|Rapid Spin|p2a: Ogerpon\n|-resisted|p2a: Ogerpon\n|-crit|p2a: Ogerpon\n|-damage|p2a: Ogerpon|84\/100\n|-boost|p1a: Great Tusk|spe|1\n|-sideend|p1: Poison Ivy Thorns|Stealth Rock|[from] move: Rapid Spin|[of] p1a: Great Tusk\n|\n|-heal|p1a: Great Tusk|84\/100|[from] item: Leftovers\n|upkeep\n|turn|29\n|\n|t:|1700271977\n|switch|p2a: Empoleon|Empoleon, M|5\/100 brn\n|move|p1a: Great Tusk|Earthquake|p2a: Empoleon\n|-supereffective|p2a: Empoleon\n|-damage|p2a: Empoleon|0 fnt\n|faint|p2a: Empoleon\n|\n|-heal|p1a: Great Tusk|90\/100|[from] item: Leftovers\n|upkeep\n|\n|t:|1700271988\n|switch|p2a: Ogerpon|Ogerpon-Cornerstone, F|84\/100\n|turn|30\n|\n|t:|1700271991\n|-terastallize|p2a: Ogerpon|Rock\n|detailschange|p2a: Ogerpon|Ogerpon-Cornerstone-Tera, F, tera:Rock\n|-ability|p2a: Ogerpon|Embody Aspect (Cornerstone)|boost\n|-boost|p2a: Ogerpon|def|1\n|move|p1a: Great Tusk|Earthquake|p2a: Ogerpon\n|-supereffective|p2a: Ogerpon\n|-damage|p2a: Ogerpon|0 fnt\n|faint|p2a: Ogerpon\n|\n|-heal|p1a: Great Tusk|96\/100|[from] item: Leftovers\n|upkeep\n|\n|t:|1700271992\n|switch|p2a: Lycanroc|Lycanroc, M|91\/100\n|turn|31\n|\n|t:|1700271994\n|move|p1a: Great Tusk|Earthquake|p2a: Lycanroc\n|-supereffective|p2a: Lycanroc\n|-damage|p2a: Lycanroc|0 fnt\n|faint|p2a: Lycanroc\n|\n|win|Poison Ivy Thorns\n|raw|Poison Ivy Thorns's rating: 1292 &rarr; <strong>1322<\/strong><br \/>(+30 for winning)\n|raw|somsleep's rating: 1368 &rarr; <strong>1344<\/strong><br \/>(-24 for losing)\n|l|\u2606somsleep\n","uploadtime":1700271997,"views":17,"p1id":"poisonivythorns","p2id":"somsleep","formatid":"gen9ou","rating":1322,"private":0,"password":""}