{"id":"gen9ou-1994191034","p1":"abrakalazam","p2":"mewssol","format":"[Gen 9] OU","log":"|j|\u2606abrakalazam\n|j|\u2606mewssol\n|t:|1700417181\n|gametype|singles\n|player|p1|abrakalazam|ninjaboy|\n|player|p2|mewssol|102|\n|teamsize|p1|6\n|teamsize|p2|6\n|gen|9\n|tier|[Gen 9] OU\n|rule|Sleep Clause Mod: Limit one foe put to sleep\n|rule|Species Clause: Limit one of each Pok\u00e9mon\n|rule|OHKO Clause: OHKO moves are banned\n|rule|Evasion Items Clause: Evasion items are banned\n|rule|Evasion Moves Clause: Evasion moves are banned\n|rule|Endless Battle Clause: Forcing endless battles is banned\n|rule|HP Percentage Mod: HP is shown in percentages\n|clearpoke\n|poke|p1|Dragapult, M|\n|poke|p1|Corviknight, M|\n|poke|p1|Zapdos|\n|poke|p1|Toxapex, F|\n|poke|p1|Grimmsnarl, M|\n|poke|p1|Rillaboom, M|\n|poke|p2|Great Tusk|\n|poke|p2|Slowking-Galar, M|\n|poke|p2|Ogerpon-Wellspring, F|\n|poke|p2|Gholdengo|\n|poke|p2|Ribombee, M|\n|poke|p2|Rotom-Wash|\n|teampreview\n|\n|t:|1700417191\n|start\n|switch|p1a: Timmy|Dragapult, M, shiny|100\/100\n|switch|p2a: Bichito|Ribombee, M|100\/100\n|turn|1\n|\n|t:|1700417216\n|move|p1a: Timmy|Dragon Dance|p1a: Timmy\n|-boost|p1a: Timmy|atk|1\n|-boost|p1a: Timmy|spe|1\n|move|p2a: Bichito|Sticky Web|p1a: Timmy\n|-sidestart|p1: abrakalazam|move: Sticky Web\n|\n|upkeep\n|turn|2\n|\n|t:|1700417223\n|switch|p2a: Mamut \ud83e\udda3|Great Tusk|100\/100\n|move|p1a: Timmy|Dragon Dance|p1a: Timmy\n|-boost|p1a: Timmy|atk|1\n|-boost|p1a: Timmy|spe|1\n|\n|upkeep\n|turn|3\n|\n|t:|1700417232\n|move|p1a: Timmy|Dragon Dance|p1a: Timmy\n|-boost|p1a: Timmy|atk|1\n|-boost|p1a: Timmy|spe|1\n|move|p2a: Mamut \ud83e\udda3|Stealth Rock|p1a: Timmy\n|-sidestart|p1: abrakalazam|move: Stealth Rock\n|\n|upkeep\n|turn|4\n|\n|t:|1700417242\n|move|p1a: Timmy|Acrobatics|p2a: Mamut \ud83e\udda3\n|-supereffective|p2a: Mamut \ud83e\udda3\n|-crit|p2a: Mamut \ud83e\udda3\n|-damage|p2a: Mamut \ud83e\udda3|26\/100\n|move|p2a: Mamut \ud83e\udda3|Ice Spinner|p1a: Timmy\n|-supereffective|p1a: Timmy\n|-damage|p1a: Timmy|30\/100\n|\n|-heal|p2a: Mamut \ud83e\udda3|33\/100|[from] item: Leftovers\n|upkeep\n|turn|5\n|\n|t:|1700417255\n|move|p1a: Timmy|Dragon Dance|p1a: Timmy\n|-boost|p1a: Timmy|atk|1\n|-boost|p1a: Timmy|spe|1\n|move|p2a: Mamut \ud83e\udda3|Rapid Spin|p1a: Timmy\n|-immune|p1a: Timmy\n|\n|-heal|p2a: Mamut \ud83e\udda3|39\/100|[from] item: Leftovers\n|upkeep\n|turn|6\n|\n|t:|1700417280\n|move|p1a: Timmy|Acrobatics|p2a: Mamut \ud83e\udda3\n|-supereffective|p2a: Mamut \ud83e\udda3\n|-damage|p2a: Mamut \ud83e\udda3|0 fnt\n|faint|p2a: Mamut \ud83e\udda3\n|-end|p2a: Mamut \ud83e\udda3|Protosynthesis|[silent]\n|\n|upkeep\n|\n|t:|1700417291\n|switch|p2a: Tristeza|Ogerpon-Wellspring, F|100\/100\n|turn|7\n|\n|t:|1700417295\n|move|p1a: Timmy|Acrobatics|p2a: Tristeza\n|-supereffective|p2a: Tristeza\n|-damage|p2a: Tristeza|0 fnt\n|faint|p2a: Tristeza\n|\n|upkeep\n|\n|t:|1700417305\n|switch|p2a: Chistes|Slowking-Galar, M|100\/100\n|turn|8\n|\n|t:|1700417309\n|move|p1a: Timmy|Acrobatics|p2a: Chistes\n|-damage|p2a: Chistes|43\/100\n|move|p2a: Chistes|Shadow Ball|p1a: Timmy\n|-supereffective|p1a: Timmy\n|-damage|p1a: Timmy|0 fnt\n|faint|p1a: Timmy\n|\n|-heal|p2a: Chistes|49\/100|[from] item: Black Sludge\n|upkeep\n|\n|t:|1700417320\n|switch|p1a: Meta caballero|Corviknight, M|100\/100\n|-damage|p1a: Meta caballero|88\/100|[from] Stealth Rock\n|turn|9\n|\n|t:|1700417332\n|move|p1a: Meta caballero|Rest|p1a: Meta caballero\n|-status|p1a: Meta caballero|slp|[from] move: Rest\n|-heal|p1a: Meta caballero|100\/100 slp|[silent]\n|move|p2a: Chistes|Chilly Reception|p2a: Chistes\n|-weather|Snow\n|\n|t:|1700417342\n|switch|p2a: Lavadero|Rotom-Wash|100\/100|[from] Chilly Reception\n|\n|-weather|Snow|[upkeep]\n|upkeep\n|turn|10\n|\n|t:|1700417355\n|move|p2a: Lavadero|Will-O-Wisp||[still]\n|-fail|p2a: Lavadero\n|cant|p1a: Meta caballero|slp\n|\n|-weather|Snow|[upkeep]\n|upkeep\n|turn|11\n|\n|t:|1700417369\n|move|p2a: Lavadero|Hydro Pump|p1a: Meta caballero\n|-damage|p1a: Meta caballero|60\/100 slp\n|cant|p1a: Meta caballero|slp\n|\n|-weather|Snow|[upkeep]\n|upkeep\n|turn|12\n|\n|t:|1700417377\n|move|p2a: Lavadero|Hydro Pump|p1a: Meta caballero\n|-damage|p1a: Meta caballero|20\/100 slp\n|-curestatus|p1a: Meta caballero|slp|[msg]\n|move|p1a: Meta caballero|Drill Peck|p2a: Lavadero\n|-resisted|p2a: Lavadero\n|-damage|p2a: Lavadero|90\/100\n|\n|-weather|Snow|[upkeep]\n|upkeep\n|turn|13\n|\n|t:|1700417391\n|switch|p2a: Metalero|Gholdengo|100\/100\n|move|p1a: Meta caballero|Rest|p1a: Meta caballero\n|-status|p1a: Meta caballero|slp|[from] move: Rest\n|-heal|p1a: Meta caballero|100\/100 slp|[silent]\n|\n|-weather|none\n|upkeep\n|turn|14\n|\n|t:|1700417402\n|-terastallize|p2a: Metalero|Ghost\n|move|p2a: Metalero|Shadow Ball|p1a: Meta caballero\n|-damage|p1a: Meta caballero|0 fnt\n|faint|p1a: Meta caballero\n|\n|upkeep\n|\n|t:|1700417424\n|switch|p1a: Duende|Grimmsnarl, M|100\/100\n|-activate|p1a: Duende|move: Sticky Web\n|-unboost|p1a: Duende|spe|1\n|-damage|p1a: Duende|88\/100|[from] Stealth Rock\n|turn|15\n|-message|mewssol forfeited.\n|\n|win|abrakalazam\n|l|\u2606mewssol\n","uploadtime":1700417444,"views":9,"p1id":"abrakalazam","p2id":"mewssol","formatid":"gen9ou","rating":0,"private":0,"password":""}