{"id":"gen9ou-1999581697","p1":"Argentavis_Gaming","p2":"Monkeking69","format":"[Gen 9] OU","log":"|j|\u2606Argentavis_Gaming\n|j|\u2606Monkeking69\n|t:|1701098293\n|gametype|singles\n|player|p1|Argentavis_Gaming|unknown|\n|player|p2|Monkeking69|raihan-masters|\n|teamsize|p1|6\n|teamsize|p2|6\n|gen|9\n|tier|[Gen 9] OU\n|rule|Sleep Clause Mod: Limit one foe put to sleep\n|rule|Species Clause: Limit one of each Pok\u00e9mon\n|rule|OHKO Clause: OHKO moves are banned\n|rule|Evasion Items Clause: Evasion items are banned\n|rule|Evasion Moves Clause: Evasion moves are banned\n|rule|Endless Battle Clause: Forcing endless battles is banned\n|rule|HP Percentage Mod: HP is shown in percentages\n|clearpoke\n|poke|p1|Okidogi, M|\n|poke|p1|Walking Wake|\n|poke|p1|Kingambit, M|\n|poke|p1|Heatran, M|\n|poke|p1|Rillaboom, F|\n|poke|p1|Iron Treads|\n|poke|p2|Ribombee, M|\n|poke|p2|Sandy Shocks|\n|poke|p2|Gholdengo|\n|poke|p2|Great Tusk|\n|poke|p2|Cinderace, M|\n|poke|p2|Garchomp, F|\n|teampreview\n|j| Tavvv\n|c| Tavvv|I\u2019ll link it\n|c|\u2606Monkeking69|ty\n|c|\u2606Argentavis_Gaming|He returns\n|l| Tavvv\n|\n|t:|1701098319\n|start\n|switch|p1a: Fruit Cobbler|Heatran, M, shiny|100\/100\n|switch|p2a: Ribombee|Ribombee, M|100\/100\n|-item|p1a: Fruit Cobbler|Air Balloon\n|turn|1\n|\n|t:|1701098325\n|move|p2a: Ribombee|Sticky Web|p1a: Fruit Cobbler\n|-sidestart|p1: Argentavis_Gaming|move: Sticky Web\n|move|p1a: Fruit Cobbler|Magma Storm|p2a: Ribombee\n|-supereffective|p2a: Ribombee\n|-enditem|p2a: Ribombee|Focus Sash\n|-damage|p2a: Ribombee|1\/100\n|-activate|p2a: Ribombee|move: Magma Storm|[of] p1a: Fruit Cobbler\n|\n|-damage|p2a: Ribombee|0 fnt|[from] move: Magma Storm|[partiallytrapped]\n|faint|p2a: Ribombee\n|upkeep\n|j| Tavvv\n|\n|t:|1701098339\n|switch|p2a: Sandy Shocks|Sandy Shocks|100\/100\n|-enditem|p2a: Sandy Shocks|Booster Energy\n|-activate|p2a: Sandy Shocks|ability: Protosynthesis|[fromitem]\n|-start|p2a: Sandy Shocks|protosynthesisspe\n|turn|2\n|\n|t:|1701098343\n|switch|p1a: Billaroom|Rillaboom, F|100\/100\n|-activate|p1a: Billaroom|move: Sticky Web\n|-unboost|p1a: Billaroom|spe|1\n|-fieldstart|move: Grassy Terrain|[from] ability: Grassy Surge|[of] p1a: Billaroom\n|move|p2a: Sandy Shocks|Thunderbolt|p1a: Billaroom\n|-resisted|p1a: Billaroom\n|-damage|p1a: Billaroom|72\/100\n|\n|-heal|p1a: Billaroom|78\/100|[from] Grassy Terrain\n|upkeep\n|turn|3\n|j| bicepmeat furret\n|\n|t:|1701098354\n|switch|p1a: Battle Beast|Walking Wake|100\/100\n|-activate|p1a: Battle Beast|move: Sticky Web\n|-unboost|p1a: Battle Beast|spe|1\n|-terastallize|p2a: Sandy Shocks|Ice\n|move|p2a: Sandy Shocks|Tera Blast|p1a: Battle Beast|[anim] Tera Blast Ice\n|-damage|p1a: Battle Beast|55\/100\n|\n|-heal|p1a: Battle Beast|61\/100|[from] Grassy Terrain\n|upkeep\n|turn|4\n|\n|t:|1701098360\n|move|p2a: Sandy Shocks|Thunderbolt|p1a: Battle Beast\n|-damage|p1a: Battle Beast|13\/100\n|move|p1a: Battle Beast|Flamethrower|p2a: Sandy Shocks\n|-supereffective|p2a: Sandy Shocks\n|-damage|p2a: Sandy Shocks|0 fnt\n|faint|p2a: Sandy Shocks\n|-end|p2a: Sandy Shocks|Protosynthesis|[silent]\n|\n|-heal|p1a: Battle Beast|19\/100|[from] Grassy Terrain\n|upkeep\n|c| bicepmeat furret|HAUHAHAHAHAHAHAHAHAHAHAHAHA\n|j| RealYellow\n|\n|t:|1701098382\n|switch|p2a: Garchomp|Garchomp, F|100\/100\n|turn|5\n|c| RealYellow|What's the score\n|c| Tavvv|1-0 monke\n|\n|t:|1701098391\n|-end|p1a: Battle Beast|Protosynthesis|[silent]\n|switch|p1a: Bi-Han|Okidogi, M|100\/100\n|-activate|p1a: Bi-Han|move: Sticky Web\n|-unboost|p1a: Bi-Han|spe|1\n|move|p2a: Garchomp|Earthquake|p1a: Bi-Han\n|-supereffective|p1a: Bi-Han\n|-damage|p1a: Bi-Han|60\/100\n|\n|-heal|p1a: Bi-Han|67\/100|[from] Grassy Terrain\n|-heal|p1a: Bi-Han|73\/100|[from] item: Leftovers\n|upkeep\n|turn|6\n|c| bicepmeat furret|why is running wake there\n|c| RealYellow|Monke won game 1?\n|\n|t:|1701098401\n|move|p2a: Garchomp|Swords Dance|p2a: Garchomp\n|-boost|p2a: Garchomp|atk|2\n|move|p1a: Bi-Han|Knock Off|p2a: Garchomp\n|-damage|p2a: Garchomp|71\/100\n|-damage|p1a: Bi-Han|60\/100|[from] ability: Rough Skin|[of] p2a: Garchomp\n|-enditem|p2a: Garchomp|Loaded Dice|[from] move: Knock Off|[of] p1a: Bi-Han\n|\n|-heal|p2a: Garchomp|77\/100|[from] Grassy Terrain\n|-heal|p1a: Bi-Han|66\/100|[from] Grassy Terrain\n|-heal|p1a: Bi-Han|72\/100|[from] item: Leftovers\n|-fieldend|move: Grassy Terrain\n|upkeep\n|turn|7\n|c| Tavvv|Ye\n|c| RealYellow|GO MONKE GO\n|\n|t:|1701098409\n|move|p2a: Garchomp|Scale Shot|p1a: Bi-Han\n|-damage|p1a: Bi-Han|51\/100\n|-damage|p1a: Bi-Han|29\/100\n|-hitcount|p1a: Bi-Han|2\n|-unboost|p2a: Garchomp|def|1\n|-boost|p2a: Garchomp|spe|1\n|move|p1a: Bi-Han|Drain Punch|p2a: Garchomp\n|-damage|p2a: Garchomp|25\/100\n|-heal|p1a: Bi-Han|54\/100|[from] drain|[of] p2a: Garchomp\n|-damage|p1a: Bi-Han|42\/100|[from] ability: Rough Skin|[of] p2a: Garchomp\n|\n|-heal|p1a: Bi-Han|48\/100|[from] item: Leftovers\n|upkeep\n|turn|8\n|c| RealYellow|YOU CAN DO IT\n|\n|t:|1701098415\n|move|p2a: Garchomp|Earthquake|p1a: Bi-Han\n|-supereffective|p1a: Bi-Han\n|-crit|p1a: Bi-Han\n|-damage|p1a: Bi-Han|0 fnt\n|faint|p1a: Bi-Han\n|\n|upkeep\n|\n|t:|1701098417\n|switch|p1a: Billaroom|Rillaboom, F|78\/100\n|-activate|p1a: Billaroom|move: Sticky Web\n|-unboost|p1a: Billaroom|spe|1\n|-fieldstart|move: Grassy Terrain|[from] ability: Grassy Surge|[of] p1a: Billaroom\n|turn|9\n|c| RealYellow|AVENGE THE BOYS\n|c|\u2606Argentavis_Gaming|evil monkey\n|\n|t:|1701098425\n|switch|p2a: Cinderace|Cinderace, M|100\/100\n|move|p1a: Billaroom|Grassy Glide|p2a: Cinderace\n|-resisted|p2a: Cinderace\n|-damage|p2a: Cinderace|56\/100\n|\n|-heal|p2a: Cinderace|62\/100|[from] Grassy Terrain\n|-heal|p1a: Billaroom|84\/100|[from] Grassy Terrain\n|upkeep\n|turn|10\n|\n|t:|1701098430\n|switch|p1a: Fruit Cobbler|Heatran, M, shiny|100\/100\n|-item|p1a: Fruit Cobbler|Air Balloon\n|move|p2a: Cinderace|Pyro Ball|p1a: Fruit Cobbler\n|-start|p1a: Fruit Cobbler|ability: Flash Fire\n|\n|-heal|p2a: Cinderace|68\/100|[from] Grassy Terrain\n|upkeep\n|turn|11\n|\n|t:|1701098437\n|-terastallize|p1a: Fruit Cobbler|Flying\n|move|p2a: Cinderace|High Jump Kick|p1a: Fruit Cobbler\n|-start|p2a: Cinderace|typechange|Fighting|[from] ability: Libero\n|-resisted|p1a: Fruit Cobbler\n|-damage|p1a: Fruit Cobbler|73\/100\n|-enditem|p1a: Fruit Cobbler|Air Balloon\n|move|p1a: Fruit Cobbler|Will-O-Wisp|p2a: Cinderace\n|-status|p2a: Cinderace|brn\n|\n|-heal|p2a: Cinderace|74\/100 brn|[from] Grassy Terrain\n|-damage|p2a: Cinderace|68\/100 brn|[from] brn\n|upkeep\n|turn|12\n|\n|t:|1701098448\n|-end|p1a: Fruit Cobbler|ability: Flash Fire|[silent]\n|switch|p1a: Amongla Swag|Iron Treads|100\/100\n|-activate|p1a: Amongla Swag|move: Sticky Web\n|-unboost|p1a: Amongla Swag|spe|1\n|move|p2a: Cinderace|Pyro Ball|p1a: Amongla Swag\n|-supereffective|p1a: Amongla Swag\n|-damage|p1a: Amongla Swag|63\/100\n|-status|p1a: Amongla Swag|brn\n|\n|-heal|p2a: Cinderace|74\/100 brn|[from] Grassy Terrain\n|-heal|p1a: Amongla Swag|69\/100 brn|[from] Grassy Terrain\n|-damage|p2a: Cinderace|68\/100 brn|[from] brn\n|-damage|p1a: Amongla Swag|63\/100 brn|[from] brn\n|upkeep\n|turn|13\n|\n|t:|1701098454\n|switch|p2a: Gholdengo|Gholdengo|100\/100\n|-item|p2a: Gholdengo|Air Balloon\n|move|p1a: Amongla Swag|Knock Off|p2a: Gholdengo\n|-supereffective|p2a: Gholdengo\n|-damage|p2a: Gholdengo|64\/100\n|-enditem|p2a: Gholdengo|Air Balloon\n|\n|-heal|p2a: Gholdengo|70\/100|[from] Grassy Terrain\n|-heal|p1a: Amongla Swag|69\/100 brn|[from] Grassy Terrain\n|-damage|p1a: Amongla Swag|63\/100 brn|[from] brn\n|-fieldend|move: Grassy Terrain\n|upkeep\n|turn|14\n|\n|t:|1701098464\n|move|p2a: Gholdengo|Shadow Ball|p1a: Amongla Swag\n|-damage|p1a: Amongla Swag|23\/100 brn\n|move|p1a: Amongla Swag|Earthquake|p2a: Gholdengo\n|-supereffective|p2a: Gholdengo\n|-damage|p2a: Gholdengo|16\/100\n|\n|-damage|p1a: Amongla Swag|16\/100 brn|[from] brn\n|upkeep\n|turn|15\n|\n|t:|1701098470\n|-end|p1a: Amongla Swag|Quark Drive|[silent]\n|switch|p1a: Battle Beast|Walking Wake|19\/100\n|-activate|p1a: Battle Beast|move: Sticky Web\n|-unboost|p1a: Battle Beast|spe|1\n|move|p2a: Gholdengo|Shadow Ball|p1a: Battle Beast\n|-crit|p1a: Battle Beast\n|-damage|p1a: Battle Beast|0 fnt\n|faint|p1a: Battle Beast\n|-end|p1a: Battle Beast|Protosynthesis|[silent]\n|\n|upkeep\n|\n|t:|1701098471\n|switch|p1a: Billaroom|Rillaboom, F|84\/100\n|-activate|p1a: Billaroom|move: Sticky Web\n|-unboost|p1a: Billaroom|spe|1\n|-fieldstart|move: Grassy Terrain|[from] ability: Grassy Surge|[of] p1a: Billaroom\n|turn|16\n|\n|t:|1701098474\n|move|p1a: Billaroom|Grassy Glide|p2a: Gholdengo\n|-resisted|p2a: Gholdengo\n|-damage|p2a: Gholdengo|0 fnt\n|faint|p2a: Gholdengo\n|\n|-heal|p1a: Billaroom|91\/100|[from] Grassy Terrain\n|upkeep\n|\n|t:|1701098476\n|switch|p2a: Cinderace|Cinderace, M|68\/100 brn\n|turn|17\n|\n|t:|1701098480\n|switch|p1a: Fruit Cobbler|Heatran, M, shiny, tera:Flying|73\/100\n|move|p2a: Cinderace|Pyro Ball|p1a: Fruit Cobbler\n|-start|p1a: Fruit Cobbler|ability: Flash Fire\n|\n|-heal|p2a: Cinderace|74\/100 brn|[from] Grassy Terrain\n|-damage|p2a: Cinderace|68\/100 brn|[from] brn\n|upkeep\n|turn|18\n|c| bicepmeat furret|that team looks so scary\n|\n|t:|1701098485\n|move|p2a: Cinderace|High Jump Kick|p1a: Fruit Cobbler\n|-start|p2a: Cinderace|typechange|Fighting|[from] ability: Libero\n|-resisted|p1a: Fruit Cobbler\n|-damage|p1a: Fruit Cobbler|59\/100\n|move|p1a: Fruit Cobbler|Magma Storm|p2a: Cinderace\n|-damage|p2a: Cinderace|0 fnt\n|faint|p2a: Cinderace\n|\n|upkeep\n|\n|t:|1701098490\n|switch|p2a: Garchomp|Garchomp, F|25\/100\n|turn|19\n|\n|t:|1701098495\n|move|p2a: Garchomp|Scale Shot|p1a: Fruit Cobbler\n|-damage|p1a: Fruit Cobbler|48\/100\n|-damage|p1a: Fruit Cobbler|37\/100\n|-damage|p1a: Fruit Cobbler|25\/100\n|-hitcount|p1a: Fruit Cobbler|3\n|-unboost|p2a: Garchomp|def|1\n|-boost|p2a: Garchomp|spe|1\n|move|p1a: Fruit Cobbler|Will-O-Wisp|p2a: Garchomp\n|-status|p2a: Garchomp|brn\n|\n|-heal|p2a: Garchomp|31\/100 brn|[from] Grassy Terrain\n|-damage|p2a: Garchomp|25\/100 brn|[from] brn\n|upkeep\n|turn|20\n|c| RealYellow|KICK HIS FACE IN MONKEEEEE\n|\n|t:|1701098503\n|move|p2a: Garchomp|Scale Shot|p1a: Fruit Cobbler\n|-damage|p1a: Fruit Cobbler|18\/100\n|-damage|p1a: Fruit Cobbler|13\/100\n|-hitcount|p1a: Fruit Cobbler|2\n|-unboost|p2a: Garchomp|def|1\n|-boost|p2a: Garchomp|spe|1\n|move|p1a: Fruit Cobbler|Earth Power|p2a: Garchomp\n|-damage|p2a: Garchomp|0 fnt\n|faint|p2a: Garchomp\n|\n|-fieldend|move: Grassy Terrain\n|upkeep\n|\n|t:|1701098506\n|switch|p2a: Great Tusk|Great Tusk|100\/100\n|-enditem|p2a: Great Tusk|Booster Energy\n|-activate|p2a: Great Tusk|ability: Protosynthesis|[fromitem]\n|-start|p2a: Great Tusk|protosynthesisspe\n|turn|21\n|\n|t:|1701098519\n|move|p2a: Great Tusk|Rapid Spin|p1a: Fruit Cobbler\n|-damage|p1a: Fruit Cobbler|0 fnt\n|-boost|p2a: Great Tusk|spe|1\n|faint|p1a: Fruit Cobbler\n|\n|upkeep\n|\n|t:|1701098521\n|switch|p1a: Billaroom|Rillaboom, F|91\/100\n|-activate|p1a: Billaroom|move: Sticky Web\n|-unboost|p1a: Billaroom|spe|1\n|-fieldstart|move: Grassy Terrain|[from] ability: Grassy Surge|[of] p1a: Billaroom\n|turn|22\n|\n|t:|1701098528\n|move|p2a: Great Tusk|Head Smash|p1a: Billaroom\n|-damage|p1a: Billaroom|41\/100\n|-damage|p2a: Great Tusk|81\/100|[from] Recoil\n|move|p1a: Billaroom|Wood Hammer|p2a: Great Tusk\n|-supereffective|p2a: Great Tusk\n|-damage|p2a: Great Tusk|0 fnt\n|faint|p2a: Great Tusk\n|-end|p2a: Great Tusk|Protosynthesis|[silent]\n|-damage|p1a: Billaroom|7\/100|[from] Recoil\n|\n|win|Argentavis_Gaming\n|c|\u2606Monkeking69|gg\n|l|\u2606Monkeking69\n|c|\u2606Argentavis_Gaming|ok this game really was the monkey's\n|c|\u2606Argentavis_Gaming|gg\n","uploadtime":1701098547,"views":27,"p1id":"argentavisgaming","p2id":"monkeking69","formatid":"gen9ou","rating":0,"private":0,"password":""}