{"id":"gen9ou-1993343495","p1":"P4cM4x","p2":"uu nu trainer","format":"[Gen 9] OU","log":"|j|\u2606P4cM4x\n|j|\u2606uu nu trainer\n|t:|1700302447\n|gametype|singles\n|player|p1|P4cM4x|chuck|1385\n|player|p2|uu nu trainer|265|1300\n|teamsize|p1|6\n|teamsize|p2|6\n|gen|9\n|tier|[Gen 9] OU\n|rated|\n|rule|Sleep Clause Mod: Limit one foe put to sleep\n|rule|Species Clause: Limit one of each Pok\u00e9mon\n|rule|OHKO Clause: OHKO moves are banned\n|rule|Evasion Items Clause: Evasion items are banned\n|rule|Evasion Moves Clause: Evasion moves are banned\n|rule|Endless Battle Clause: Forcing endless battles is banned\n|rule|HP Percentage Mod: HP is shown in percentages\n|clearpoke\n|poke|p1|Gallade, M|\n|poke|p1|Iron Hands|\n|poke|p1|Zamazenta-*|\n|poke|p1|Great Tusk|\n|poke|p1|Sneasler, F|\n|poke|p1|Iron Valiant|\n|poke|p2|Alomomola, M|\n|poke|p2|Cinderace, F|\n|poke|p2|Hatterene, F|\n|poke|p2|Blissey, F|\n|poke|p2|Weezing-Galar, M|\n|poke|p2|Landorus-Therian, M|\n|teampreview\n|inactive|Battle timer is ON: inactive players will automatically lose when time's up. (requested by P4cM4x)\n|\n|t:|1700302459\n|start\n|switch|p1a: Sneasler|Sneasler, F|100\/100\n|switch|p2a: Landorus|Landorus-Therian, M|100\/100\n|-ability|p2a: Landorus|Intimidate|boost\n|-unboost|p1a: Sneasler|atk|1\n|turn|1\n|\n|t:|1700302469\n|move|p1a: Sneasler|Fake Out|p2a: Landorus\n|-damage|p2a: Landorus|91\/100\n|cant|p2a: Landorus|flinch\n|\n|upkeep\n|turn|2\n|\n|t:|1700302479\n|move|p1a: Sneasler|U-turn|p2a: Landorus\n|-resisted|p2a: Landorus\n|-damage|p2a: Landorus|83\/100\n|\n|t:|1700302483\n|switch|p1a: Great Tusk|Great Tusk|100\/100|[from] U-turn\n|move|p2a: Landorus|Earthquake|p1a: Great Tusk\n|-damage|p1a: Great Tusk|66\/100\n|-damage|p2a: Landorus|73\/100|[from] item: Life Orb\n|\n|upkeep\n|turn|3\n|\n|t:|1700302489\n|switch|p2a: Alomomola|Alomomola, M|100\/100\n|move|p1a: Great Tusk|Ice Spinner|p2a: Alomomola\n|-resisted|p2a: Alomomola\n|-damage|p2a: Alomomola|94\/100\n|-damage|p1a: Great Tusk|50\/100|[from] item: Rocky Helmet|[of] p2a: Alomomola\n|\n|upkeep\n|turn|4\n|\n|t:|1700302499\n|-end|p1a: Great Tusk|Protosynthesis|[silent]\n|switch|p1a: Sneasler|Sneasler, F|100\/100\n|move|p2a: Alomomola|Scald|p1a: Sneasler\n|-damage|p1a: Sneasler|86\/100\n|\n|upkeep\n|turn|5\n|\n|t:|1700302503\n|move|p1a: Sneasler|Dire Claw|p2a: Alomomola\n|-damage|p2a: Alomomola|75\/100\n|-damage|p1a: Sneasler|69\/100|[from] item: Rocky Helmet|[of] p2a: Alomomola\n|-status|p2a: Alomomola|psn|[from] ability: Poison Touch|[of] p1a: Sneasler\n|move|p2a: Alomomola|Scald|p1a: Sneasler\n|-damage|p1a: Sneasler|54\/100\n|-status|p1a: Sneasler|brn\n|\n|-damage|p2a: Alomomola|63\/100 psn|[from] psn\n|-damage|p1a: Sneasler|48\/100 brn|[from] brn\n|upkeep\n|turn|6\n|\n|t:|1700302516\n|switch|p1a: Iron Valiant|Iron Valiant|100\/100\n|-enditem|p1a: Iron Valiant|Booster Energy\n|-activate|p1a: Iron Valiant|ability: Quark Drive|[fromitem]\n|-start|p1a: Iron Valiant|quarkdrivespe\n|move|p2a: Alomomola|Flip Turn|p1a: Iron Valiant\n|-damage|p1a: Iron Valiant|78\/100\n|\n|t:|1700302522\n|switch|p2a: Hatterene|Hatterene, F|100\/100|[from] Flip Turn\n|\n|upkeep\n|turn|7\n|\n|t:|1700302542\n|-end|p1a: Iron Valiant|Quark Drive|[silent]\n|switch|p1a: Iron Hands|Iron Hands|100\/100\n|move|p2a: Hatterene|Draining Kiss|p1a: Iron Hands\n|-supereffective|p1a: Iron Hands\n|-damage|p1a: Iron Hands|44\/100\n|\n|-heal|p1a: Iron Hands|50\/100|[from] item: Leftovers\n|upkeep\n|turn|8\n|\n|t:|1700302550\n|move|p1a: Iron Hands|Fake Out|p2a: Hatterene\n|-damage|p2a: Hatterene|83\/100\n|cant|p2a: Hatterene|flinch\n|\n|-heal|p1a: Iron Hands|57\/100|[from] item: Leftovers\n|upkeep\n|turn|9\n|\n|t:|1700302556\n|-end|p1a: Iron Hands|Quark Drive|[silent]\n|switch|p1a: Sneasler|Sneasler, F|48\/100 brn\n|move|p2a: Hatterene|Draining Kiss|p1a: Sneasler\n|-damage|p1a: Sneasler|18\/100 brn\n|-heal|p2a: Hatterene|100\/100|[from] drain|[of] p1a: Sneasler\n|\n|-damage|p1a: Sneasler|11\/100 brn|[from] brn\n|upkeep\n|turn|10\n|\n|t:|1700302561\n|switch|p2a: Alomomola|Alomomola, M|96\/100 psn\n|move|p1a: Sneasler|Dire Claw|p2a: Alomomola\n|-damage|p2a: Alomomola|87\/100 psn\n|-damage|p1a: Sneasler|0 fnt|[from] item: Rocky Helmet|[of] p2a: Alomomola\n|faint|p1a: Sneasler\n|\n|-damage|p2a: Alomomola|75\/100 psn|[from] psn\n|upkeep\n|\n|t:|1700302568\n|switch|p1a: Iron Valiant|Iron Valiant|78\/100\n|turn|11\n|\n|t:|1700302571\n|switch|p2a: Blissey|Blissey, F|100\/100\n|move|p1a: Iron Valiant|Shadow Ball|p2a: Blissey\n|-immune|p2a: Blissey\n|\n|upkeep\n|turn|12\n|\n|t:|1700302583\n|-end|p1a: Iron Valiant|Quark Drive|[silent]\n|switch|p1a: Iron Hands|Iron Hands|57\/100\n|move|p2a: Blissey|Heal Bell|p2a: Blissey\n|-activate|p2a: Blissey|move: Heal Bell\n|-curestatus|p2: Alomomola|psn|[msg]\n|\n|-heal|p1a: Iron Hands|63\/100|[from] item: Leftovers\n|upkeep\n|turn|13\n|\n|t:|1700302588\n|switch|p2a: Landorus|Landorus-Therian, M|73\/100\n|-ability|p2a: Landorus|Intimidate|boost\n|-unboost|p1a: Iron Hands|atk|1\n|move|p1a: Iron Hands|Thunder Punch|p2a: Landorus\n|-immune|p2a: Landorus\n|\n|-heal|p1a: Iron Hands|69\/100|[from] item: Leftovers\n|upkeep\n|turn|14\n|\n|t:|1700302598\n|-end|p1a: Iron Hands|Quark Drive|[silent]\n|switch|p1a: Great Tusk|Great Tusk|50\/100\n|move|p2a: Landorus|Stealth Rock|p1a: Great Tusk\n|-sidestart|p1: P4cM4x|move: Stealth Rock\n|\n|upkeep\n|turn|15\n|\n|t:|1700302605\n|switch|p2a: Alomomola|Alomomola, M|100\/100\n|move|p1a: Great Tusk|Stealth Rock|p2a: Alomomola\n|-sidestart|p2: uu nu trainer|move: Stealth Rock\n|\n|upkeep\n|turn|16\n|\n|t:|1700302618\n|-end|p1a: Great Tusk|Protosynthesis|[silent]\n|switch|p1a: Gallade|Gallade, M|100\/100\n|-damage|p1a: Gallade|94\/100|[from] Stealth Rock\n|move|p2a: Alomomola|Scald|p1a: Gallade\n|-damage|p1a: Gallade|88\/100\n|\n|upkeep\n|turn|17\n|\n|t:|1700302624\n|move|p1a: Gallade|Leaf Blade|p2a: Alomomola\n|-supereffective|p2a: Alomomola\n|-damage|p2a: Alomomola|58\/100\n|-damage|p1a: Gallade|72\/100|[from] item: Rocky Helmet|[of] p2a: Alomomola\n|move|p2a: Alomomola|Flip Turn|p1a: Gallade\n|-damage|p1a: Gallade|50\/100\n|\n|t:|1700302636\n|switch|p2a: Weezing|Weezing-Galar, M|100\/100|[from] Flip Turn\n|-damage|p2a: Weezing|88\/100|[from] Stealth Rock\n|\n|-heal|p2a: Weezing|94\/100|[from] item: Leftovers\n|upkeep\n|turn|18\n|\n|t:|1700302643\n|move|p1a: Gallade|Psycho Cut|p2a: Weezing\n|-supereffective|p2a: Weezing\n|-damage|p2a: Weezing|28\/100\n|move|p2a: Weezing|Defog|p1a: Gallade\n|-unboost|p1a: Gallade|evasion|1\n|-sideend|p1: P4cM4x|Stealth Rock|[from] move: Defog|[of] p2a: Weezing\n|-sideend|p2: uu nu trainer|Stealth Rock|[from] move: Defog|[of] p2a: Weezing\n|\n|-heal|p2a: Weezing|34\/100|[from] item: Leftovers\n|upkeep\n|turn|19\n|c|\u2606P4cM4x|It's so boring\n|\n|t:|1700302655\n|switch|p2a: Alomomola|Alomomola, M|91\/100\n|move|p1a: Gallade|Psycho Cut|p2a: Alomomola\n|-damage|p2a: Alomomola|67\/100\n|\n|upkeep\n|turn|20\n|\n|t:|1700302668\n|move|p1a: Gallade|Psycho Cut|p2a: Alomomola\n|-damage|p2a: Alomomola|43\/100\n|move|p2a: Alomomola|Flip Turn|p1a: Gallade\n|-damage|p1a: Gallade|28\/100\n|\n|t:|1700302676\n|switch|p2a: Cinderace|Cinderace, F|100\/100|[from] Flip Turn\n|\n|upkeep\n|turn|21\n|\n|t:|1700302680\n|switch|p1a: Great Tusk|Great Tusk|50\/100\n|move|p2a: Cinderace|Pyro Ball|p1a: Great Tusk\n|-damage|p1a: Great Tusk|24\/100\n|\n|upkeep\n|turn|22\n|\n|t:|1700302688\n|move|p2a: Cinderace|Pyro Ball|p1a: Great Tusk\n|-damage|p1a: Great Tusk|0 fnt\n|faint|p1a: Great Tusk\n|-end|p1a: Great Tusk|Protosynthesis|[silent]\n|\n|upkeep\n|\n|t:|1700302693\n|switch|p1a: Zamazenta|Zamazenta|100\/100\n|-ability|p1a: Zamazenta|Dauntless Shield|boost\n|-boost|p1a: Zamazenta|def|1\n|turn|23\n|\n|t:|1700302701\n|switch|p2a: Alomomola|Alomomola, M|76\/100\n|move|p1a: Zamazenta|Stone Edge|p2a: Alomomola|[miss]\n|-miss|p1a: Zamazenta|p2a: Alomomola\n|\n|upkeep\n|turn|24\n|\n|t:|1700302711\n|switch|p1a: Iron Valiant|Iron Valiant|78\/100\n|move|p2a: Alomomola|Scald|p1a: Iron Valiant\n|-damage|p1a: Iron Valiant|56\/100\n|-status|p1a: Iron Valiant|brn\n|\n|-damage|p1a: Iron Valiant|50\/100 brn|[from] brn\n|upkeep\n|turn|25\n|\n|t:|1700302717\n|switch|p2a: Blissey|Blissey, F|100\/100\n|move|p1a: Iron Valiant|Aura Sphere|p2a: Blissey\n|-supereffective|p2a: Blissey\n|-damage|p2a: Blissey|71\/100\n|\n|-damage|p1a: Iron Valiant|44\/100 brn|[from] brn\n|upkeep\n|turn|26\n|\n|t:|1700302726\n|move|p1a: Iron Valiant|Aura Sphere|p2a: Blissey\n|-supereffective|p2a: Blissey\n|-damage|p2a: Blissey|39\/100\n|move|p2a: Blissey|Seismic Toss|p1a: Iron Valiant\n|-damage|p1a: Iron Valiant|9\/100 brn\n|\n|-damage|p1a: Iron Valiant|3\/100 brn|[from] brn\n|upkeep\n|turn|27\n|\n|t:|1700302732\n|switch|p2a: Hatterene|Hatterene, F|100\/100\n|-terastallize|p1a: Iron Valiant|Fighting\n|move|p1a: Iron Valiant|Aura Sphere|p2a: Hatterene\n|-resisted|p2a: Hatterene\n|-damage|p2a: Hatterene|89\/100\n|\n|-damage|p1a: Iron Valiant|0 fnt|[from] brn\n|faint|p1a: Iron Valiant\n|-end|p1a: Iron Valiant|Quark Drive|[silent]\n|upkeep\n|\n|t:|1700302737\n|switch|p1a: Zamazenta|Zamazenta|100\/100\n|turn|28\n|c|\u2606uu nu trainer|whats boring\n|\n|t:|1700302753\n|move|p1a: Zamazenta|Stone Edge|p2a: Hatterene|[miss]\n|-miss|p1a: Zamazenta|p2a: Hatterene\n|move|p2a: Hatterene|Draining Kiss|p1a: Zamazenta\n|-supereffective|p1a: Zamazenta\n|-damage|p1a: Zamazenta|70\/100\n|-heal|p2a: Hatterene|100\/100|[from] drain|[of] p1a: Zamazenta\n|\n|upkeep\n|turn|29\n|c|\u2606P4cM4x|Your team\n|c|\u2606P4cM4x|Idiot\n|\n|t:|1700302770\n|switch|p1a: Gallade|Gallade, M|28\/100\n|move|p2a: Hatterene|Psychic|p1a: Gallade\n|-damage|p1a: Gallade|3\/100\n|\n|upkeep\n|turn|30\n|c|\u2606uu nu trainer|how does that make sense\n|\n|t:|1700302796\n|switch|p2a: Alomomola|Alomomola, M|100\/100\n|move|p1a: Gallade|Leaf Blade|p2a: Alomomola\n|-supereffective|p2a: Alomomola\n|-crit|p2a: Alomomola\n|-damage|p2a: Alomomola|43\/100\n|-damage|p1a: Gallade|0 fnt|[from] item: Rocky Helmet|[of] p2a: Alomomola\n|faint|p1a: Gallade\n|\n|upkeep\n|c|\u2606P4cM4x|You're just stupid\n|\n|t:|1700302807\n|switch|p1a: Iron Hands|Iron Hands|69\/100\n|turn|31\n|c|\u2606uu nu trainer|that\u2019s mean :(\n|\n|t:|1700302825\n|switch|p2a: Landorus|Landorus-Therian, M|73\/100\n|-ability|p2a: Landorus|Intimidate|boost\n|-unboost|p1a: Iron Hands|atk|1\n|move|p1a: Iron Hands|Ice Punch|p2a: Landorus\n|-supereffective|p2a: Landorus\n|-damage|p2a: Landorus|0 fnt\n|faint|p2a: Landorus\n|\n|-heal|p1a: Iron Hands|75\/100|[from] item: Leftovers\n|upkeep\n|\n|t:|1700302832\n|switch|p2a: Alomomola|Alomomola, M|76\/100\n|turn|32\n|c|\u2606P4cM4x|See the fun ?\n|c|\u2606P4cM4x|Well the opposite\n|\n|t:|1700302849\n|-end|p1a: Iron Hands|Quark Drive|[silent]\n|switch|p1a: Zamazenta|Zamazenta|70\/100\n|move|p2a: Alomomola|Scald|p1a: Zamazenta\n|-damage|p1a: Zamazenta|64\/100\n|\n|upkeep\n|turn|33\n|\n|t:|1700302857\n|move|p1a: Zamazenta|Wild Charge|p2a: Alomomola\n|-supereffective|p2a: Alomomola\n|-damage|p2a: Alomomola|52\/100\n|-damage|p1a: Zamazenta|47\/100|[from] item: Rocky Helmet|[of] p2a: Alomomola\n|-damage|p1a: Zamazenta|37\/100|[from] Recoil\n|move|p2a: Alomomola|Scald|p1a: Zamazenta\n|-damage|p1a: Zamazenta|31\/100\n|\n|upkeep\n|turn|34\n|c|\u2606uu nu trainer|why are you using mono fighting\n|inactive|uu nu trainer has 120 seconds left.\n|\n|t:|1700302889\n|switch|p1a: Iron Hands|Iron Hands|75\/100\n|move|p2a: Alomomola|Flip Turn|p1a: Iron Hands\n|-damage|p1a: Iron Hands|65\/100\n|\n|t:|1700302892\n|switch|p2a: Hatterene|Hatterene, F|100\/100|[from] Flip Turn\n|\n|-heal|p1a: Iron Hands|71\/100|[from] item: Leftovers\n|upkeep\n|turn|35\n|c|\u2606P4cM4x|You fail at English 101 AND Fun 101\n|c|\u2606P4cM4x|Dumbass\n|c|\u2606P4cM4x|I'm out\n|inactive|uu nu trainer has 120 seconds left.\n|c|\u2606P4cM4x|You ruin this game\n|c|\u2606P4cM4x|Literally\n|c|\u2606P4cM4x|Play alone bit h\n|-message|P4cM4x forfeited.\n|\n|win|uu nu trainer\n|raw|P4cM4x's rating: 1385 &rarr; <strong>1360<\/strong><br \/>(-25 for losing)\n|raw|uu nu trainer's rating: 1300 &rarr; <strong>1331<\/strong><br \/>(+31 for winning)\n|l|\u2606P4cM4x\n","uploadtime":1700303012,"views":13,"p1id":"p4cm4x","p2id":"uunutrainer","formatid":"gen9ou","rating":1331,"private":0,"password":""}