{"id":"gen9ou-1994751104","p1":"rocky012","p2":"Bogging","format":"[Gen 9] OU","log":"|j|\u2606rocky012\n|j|\u2606Bogging\n|t:|1700489055\n|gametype|singles\n|player|p1|rocky012|169|1650\n|player|p2|Bogging|bugcatcher-gen4dp|1627\n|teamsize|p1|6\n|teamsize|p2|6\n|gen|9\n|tier|[Gen 9] OU\n|rated|\n|rule|Sleep Clause Mod: Limit one foe put to sleep\n|rule|Species Clause: Limit one of each Pok\u00e9mon\n|rule|OHKO Clause: OHKO moves are banned\n|rule|Evasion Items Clause: Evasion items are banned\n|rule|Evasion Moves Clause: Evasion moves are banned\n|rule|Endless Battle Clause: Forcing endless battles is banned\n|rule|HP Percentage Mod: HP is shown in percentages\n|clearpoke\n|poke|p1|Kingambit, F|\n|poke|p1|Great Tusk|\n|poke|p1|Dragapult, M|\n|poke|p1|Ogerpon-Wellspring, F|\n|poke|p1|Blissey, F|\n|poke|p1|Zapdos|\n|poke|p2|Dragonite, M|\n|poke|p2|Klefki, F|\n|poke|p2|Rillaboom, M|\n|poke|p2|Gholdengo|\n|poke|p2|Iron Valiant|\n|poke|p2|Cinderace, F|\n|teampreview\n|\n|t:|1700489071\n|start\n|switch|p1a: Dragapult|Dragapult, M|100\/100\n|switch|p2a: Klefki|Klefki, F|100\/100\n|turn|1\n|j| Ginny man\n|j| judgementcore\n|inactive|Battle timer is ON: inactive players will automatically lose when time's up. (requested by rocky012)\n|\n|t:|1700489084\n|switch|p1a: Blissey|Blissey, F|100\/100\n|move|p2a: Klefki|Magic Room|p2a: Klefki\n|-fieldstart|move: Magic Room|[of] p2a: Klefki\n|\n|upkeep\n|turn|2\n|\n|t:|1700489093\n|move|p2a: Klefki|Spikes|p1a: Blissey\n|-sidestart|p1: rocky012|Spikes\n|move|p1a: Blissey|Stealth Rock|p2a: Klefki\n|-sidestart|p2: Bogging|move: Stealth Rock\n|\n|upkeep\n|turn|3\n|j| dfghhhg\n|\n|t:|1700489102\n|switch|p2a: Rillaboom|Rillaboom, M|100\/100\n|-damage|p2a: Rillaboom|88\/100|[from] Stealth Rock\n|-fieldstart|move: Grassy Terrain|[from] ability: Grassy Surge|[of] p2a: Rillaboom\n|move|p1a: Blissey|Seismic Toss|p2a: Rillaboom\n|-damage|p2a: Rillaboom|59\/100\n|\n|-heal|p2a: Rillaboom|65\/100|[from] Grassy Terrain\n|upkeep\n|turn|4\n|\n|t:|1700489106\n|switch|p1a: Zapdos|Zapdos|100\/100\n|move|p2a: Rillaboom|Swords Dance|p2a: Rillaboom\n|-boost|p2a: Rillaboom|atk|2\n|\n|-heal|p2a: Rillaboom|71\/100|[from] Grassy Terrain\n|upkeep\n|turn|5\n|\n|t:|1700489118\n|move|p2a: Rillaboom|Grassy Glide|p1a: Zapdos\n|-resisted|p1a: Zapdos\n|-damage|p1a: Zapdos|73\/100\n|-status|p2a: Rillaboom|par|[from] ability: Static|[of] p1a: Zapdos\n|move|p1a: Zapdos|Hurricane|p2a: Rillaboom\n|-supereffective|p2a: Rillaboom\n|-damage|p2a: Rillaboom|0 fnt\n|faint|p2a: Rillaboom\n|\n|-fieldend|move: Magic Room|[of] p2: Klefki\n|upkeep\n|\n|t:|1700489124\n|switch|p2a: Klefki|Klefki, F|100\/100\n|-damage|p2a: Klefki|95\/100|[from] Stealth Rock\n|turn|6\n|l| dfghhhg\n|l| judgementcore\n|\n|t:|1700489129\n|move|p2a: Klefki|Magic Room|p2a: Klefki\n|-fieldstart|move: Magic Room|[of] p2a: Klefki\n|move|p1a: Zapdos|Roost|p1a: Zapdos\n|-heal|p1a: Zapdos|100\/100\n|-singleturn|p1a: Zapdos|move: Roost\n|\n|-heal|p2a: Klefki|100\/100|[from] Grassy Terrain\n|upkeep\n|turn|7\n|\n|t:|1700489144\n|move|p2a: Klefki|Spikes|p1a: Zapdos\n|-sidestart|p1: rocky012|Spikes\n|move|p1a: Zapdos|Volt Switch|p2a: Klefki\n|-damage|p2a: Klefki|67\/100\n|\n|t:|1700489161\n|switch|p1a: Great Tusk|Great Tusk|100\/100|[from] Volt Switch\n|-damage|p1a: Great Tusk|84\/100|[from] Spikes\n|\n|-heal|p1a: Great Tusk|90\/100|[from] Grassy Terrain\n|-heal|p2a: Klefki|73\/100|[from] Grassy Terrain\n|-fieldend|move: Grassy Terrain\n|upkeep\n|turn|8\n|j| mew852\n|\n|t:|1700489188\n|switch|p2a: Iron Valiant|Iron Valiant|100\/100\n|-damage|p2a: Iron Valiant|94\/100|[from] Stealth Rock\n|move|p1a: Great Tusk|Rapid Spin|p2a: Iron Valiant\n|-damage|p2a: Iron Valiant|74\/100\n|-boost|p1a: Great Tusk|spe|1\n|-sideend|p1: rocky012|Spikes|[from] move: Rapid Spin|[of] p1a: Great Tusk\n|\n|upkeep\n|turn|9\n|j| Vincent RPPLF\n|\n|t:|1700489195\n|-end|p1a: Great Tusk|Protosynthesis|[silent]\n|switch|p1a: Blissey|Blissey, F|100\/100\n|move|p2a: Iron Valiant|Moonblast|p1a: Blissey\n|-damage|p1a: Blissey|82\/100\n|-unboost|p1a: Blissey|spa|1\n|\n|upkeep\n|turn|10\n|\n|t:|1700489201\n|-end|p2a: Iron Valiant|Quark Drive|[silent]\n|switch|p2a: Dragonite|Dragonite, M|100\/100\n|-damage|p2a: Dragonite|76\/100|[from] Stealth Rock\n|move|p1a: Blissey|Seismic Toss|p2a: Dragonite\n|-damage|p2a: Dragonite|45\/100\n|\n|-fieldend|move: Magic Room|[of] p2: Klefki\n|upkeep\n|turn|11\n|\n|t:|1700489208\n|switch|p1a: Zapdos|Zapdos|100\/100\n|move|p2a: Dragonite|Earthquake|p1a: Zapdos\n|-immune|p1a: Zapdos\n|\n|upkeep\n|turn|12\n|-message|Bogging forfeited.\n|\n|win|rocky012\n|raw|rocky012's rating: 1650 &rarr; <strong>1669<\/strong><br \/>(+19 for winning)\n|raw|Bogging's rating: 1627 &rarr; <strong>1608<\/strong><br \/>(-19 for losing)\n|l|\u2606Bogging\n|l|\u2606rocky012\n|l| Ginny man\n|l| Vincent RPPLF\n|j| Vincent RPPLF\n|l| Vincent RPPLF\n","uploadtime":1700490273,"views":4,"p1id":"rocky012","p2id":"bogging","formatid":"gen9ou","rating":1608,"private":0,"password":""}