{"id":"gen9ou-1995322500","p1":"ziyi1117","p2":"15Luap09","format":"[Gen 9] OU","log":"|j|\u2606ziyi1117\n|j|\u260615Luap09\n|t:|1700553510\n|gametype|singles\n|player|p1|ziyi1117|linebacker|1176\n|player|p2|15Luap09|170|1028\n|teamsize|p1|6\n|teamsize|p2|4\n|gen|9\n|tier|[Gen 9] OU\n|rated|\n|rule|Sleep Clause Mod: Limit one foe put to sleep\n|rule|Species Clause: Limit one of each Pok\u00e9mon\n|rule|OHKO Clause: OHKO moves are banned\n|rule|Evasion Items Clause: Evasion items are banned\n|rule|Evasion Moves Clause: Evasion moves are banned\n|rule|Endless Battle Clause: Forcing endless battles is banned\n|rule|HP Percentage Mod: HP is shown in percentages\n|clearpoke\n|poke|p1|Ninetales-Alola, M|\n|poke|p1|Cetitan, F|\n|poke|p1|Alomomola, M|\n|poke|p1|Clodsire, F|\n|poke|p1|Iron Valiant|\n|poke|p1|Great Tusk|\n|poke|p2|Lucario, F|\n|poke|p2|Snorlax, F|\n|poke|p2|Cramorant, M|\n|poke|p2|Torterra, F|\n|teampreview\n|\n|t:|1700553515\n|start\n|switch|p1a: Ninetales|Ninetales-Alola, M|100\/100\n|switch|p2a: Torterra|Torterra, F|100\/100\n|-weather|Snow|[from] ability: Snow Warning|[of] p1a: Ninetales\n|turn|1\n|\n|t:|1700553524\n|-terastallize|p2a: Torterra|Normal\n|move|p1a: Ninetales|Aurora Veil|p1a: Ninetales\n|-sidestart|p1: ziyi1117|move: Aurora Veil\n|move|p2a: Torterra|Shell Smash|p2a: Torterra\n|-unboost|p2a: Torterra|def|1\n|-unboost|p2a: Torterra|spd|1\n|-boost|p2a: Torterra|atk|2\n|-boost|p2a: Torterra|spa|2\n|-boost|p2a: Torterra|spe|2\n|\n|-weather|Snow|[upkeep]\n|upkeep\n|turn|2\n|\n|t:|1700553535\n|move|p2a: Torterra|Shell Smash|p2a: Torterra\n|-unboost|p2a: Torterra|def|1\n|-unboost|p2a: Torterra|spd|1\n|-boost|p2a: Torterra|atk|2\n|-boost|p2a: Torterra|spa|2\n|-boost|p2a: Torterra|spe|2\n|move|p1a: Ninetales|Encore|p2a: Torterra\n|-start|p2a: Torterra|Encore\n|\n|-weather|Snow|[upkeep]\n|upkeep\n|turn|3\n|\n|t:|1700553548\n|switch|p2a: Snorlax|Snorlax, F|100\/100\n|switch|p1a: Cetitan|Cetitan, F|100\/100\n|\n|-weather|Snow|[upkeep]\n|upkeep\n|turn|4\n|\n|t:|1700553556\n|-terastallize|p1a: Cetitan|Electric\n|move|p1a: Cetitan|Belly Drum|p1a: Cetitan\n|-damage|p1a: Cetitan|51\/100\n|-setboost|p1a: Cetitan|atk|6|[from] move: Belly Drum\n|move|p2a: Snorlax|Body Slam|p1a: Cetitan\n|-damage|p1a: Cetitan|34\/100\n|-enditem|p1a: Cetitan|Sitrus Berry|[eat]\n|-heal|p1a: Cetitan|59\/100|[from] item: Sitrus Berry\n|\n|-weather|Snow|[upkeep]\n|upkeep\n|turn|5\n|\n|t:|1700553571\n|move|p1a: Cetitan|Earthquake|p2a: Snorlax\n|-damage|p2a: Snorlax|0 fnt\n|faint|p2a: Snorlax\n|\n|-weather|Snow|[upkeep]\n|-sideend|p1: ziyi1117|move: Aurora Veil\n|upkeep\n|\n|t:|1700553578\n|switch|p2a: Cramorant|Cramorant, M|100\/100\n|turn|6\n|\n|t:|1700553584\n|move|p1a: Cetitan|Tera Blast|p2a: Cramorant|[anim] Tera Blast Electric\n|-supereffective|p2a: Cramorant\n|-enditem|p2a: Cramorant|Focus Sash\n|-damage|p2a: Cramorant|1\/100\n|move|p2a: Cramorant|Surf|p1a: Cetitan\n|-formechange|p2a: Cramorant|Cramorant-Gorging|\n|-damage|p1a: Cetitan|17\/100\n|\n|-weather|Snow|[upkeep]\n|upkeep\n|turn|7\n|\n|t:|1700553594\n|move|p2a: Cramorant|Endure|p2a: Cramorant\n|-singleturn|p2a: Cramorant|move: Endure\n|move|p1a: Cetitan|Tera Blast|p2a: Cramorant|[anim] Tera Blast Electric\n|-supereffective|p2a: Cramorant\n|-activate|p2a: Cramorant|move: Endure\n|-damage|p2a: Cramorant|1\/100\n|-damage|p1a: Cetitan|0 fnt|[from] ability: Gulp Missile|[of] p2a: Cramorant\n|-formechange|p2a: Cramorant|Cramorant|\n|faint|p1a: Cetitan\n|\n|-weather|Snow|[upkeep]\n|upkeep\n|\n|t:|1700553607\n|switch|p1a: Iron Valiant|Iron Valiant|100\/100\n|turn|8\n|\n|t:|1700553611\n|move|p1a: Iron Valiant|Knock Off|p2a: Cramorant\n|-crit|p2a: Cramorant\n|-damage|p2a: Cramorant|0 fnt\n|faint|p2a: Cramorant\n|\n|-weather|none\n|upkeep\n|\n|t:|1700553619\n|switch|p2a: Torterra|Torterra, F, tera:Normal|100\/100\n|turn|9\n|\n|t:|1700553628\n|move|p1a: Iron Valiant|Knock Off|p2a: Torterra\n|-damage|p2a: Torterra|72\/100\n|-enditem|p2a: Torterra|Loaded Dice|[from] move: Knock Off|[of] p1a: Iron Valiant\n|move|p2a: Torterra|Shell Smash|p2a: Torterra\n|-unboost|p2a: Torterra|def|1\n|-unboost|p2a: Torterra|spd|1\n|-boost|p2a: Torterra|atk|2\n|-boost|p2a: Torterra|spa|2\n|-boost|p2a: Torterra|spe|2\n|\n|upkeep\n|turn|10\n|\n|t:|1700553638\n|move|p2a: Torterra|Bullet Seed|p1a: Iron Valiant\n|-damage|p1a: Iron Valiant|66\/100\n|-damage|p1a: Iron Valiant|32\/100\n|-damage|p1a: Iron Valiant|0 fnt\n|faint|p1a: Iron Valiant\n|-end|p1a: Iron Valiant|Quark Drive|[silent]\n|-hitcount|p1: Iron Valiant|3\n|\n|upkeep\n|\n|t:|1700553649\n|switch|p1a: Clodsire|Clodsire, F|100\/100\n|turn|11\n|\n|t:|1700553656\n|move|p2a: Torterra|Bullet Seed|p1a: Clodsire\n|-damage|p1a: Clodsire|86\/100\n|-damage|p1a: Clodsire|72\/100\n|-hitcount|p1a: Clodsire|2\n|move|p1a: Clodsire|Poison Jab|p2a: Torterra\n|-damage|p2a: Torterra|51\/100\n|\n|-heal|p1a: Clodsire|78\/100|[from] item: Leftovers\n|upkeep\n|turn|12\n|\n|t:|1700553665\n|move|p2a: Torterra|Bullet Seed|p1a: Clodsire\n|-damage|p1a: Clodsire|64\/100\n|-damage|p1a: Clodsire|50\/100\n|-damage|p1a: Clodsire|37\/100\n|-damage|p1a: Clodsire|23\/100\n|-damage|p1a: Clodsire|9\/100\n|-hitcount|p1a: Clodsire|5\n|move|p1a: Clodsire|Poison Jab|p2a: Torterra\n|-damage|p2a: Torterra|30\/100\n|\n|-heal|p1a: Clodsire|15\/100|[from] item: Leftovers\n|upkeep\n|turn|13\n|\n|t:|1700553683\n|switch|p1a: Ninetales|Ninetales-Alola, M|100\/100\n|-weather|Snow|[from] ability: Snow Warning|[of] p1a: Ninetales\n|move|p2a: Torterra|Bullet Seed|p1a: Ninetales\n|-damage|p1a: Ninetales|74\/100\n|-damage|p1a: Ninetales|49\/100\n|-damage|p1a: Ninetales|24\/100\n|-damage|p1a: Ninetales|0 fnt\n|faint|p1a: Ninetales\n|-hitcount|p1: Ninetales|4\n|\n|-weather|Snow|[upkeep]\n|upkeep\n|\n|t:|1700553696\n|switch|p1a: Great Tusk|Great Tusk|100\/100\n|turn|14\n|\n|t:|1700553700\n|move|p2a: Torterra|Bullet Seed|p1a: Great Tusk\n|-supereffective|p1a: Great Tusk\n|-damage|p1a: Great Tusk|62\/100\n|-supereffective|p1a: Great Tusk\n|-damage|p1a: Great Tusk|26\/100\n|-hitcount|p1a: Great Tusk|2\n|move|p1a: Great Tusk|Ice Spinner|p2a: Torterra\n|-damage|p2a: Torterra|0 fnt\n|faint|p2a: Torterra\n|\n|-weather|Snow|[upkeep]\n|upkeep\n|\n|t:|1700553712\n|switch|p2a: Lucario|Lucario, F|100\/100\n|turn|15\n|\n|t:|1700553720\n|move|p2a: Lucario|Flash Cannon|p1a: Great Tusk\n|-damage|p1a: Great Tusk|0 fnt\n|faint|p1a: Great Tusk\n|-end|p1a: Great Tusk|Protosynthesis|[silent]\n|\n|-weather|Snow|[upkeep]\n|upkeep\n|\n|t:|1700553725\n|switch|p1a: Alomomola|Alomomola, M|100\/100\n|turn|16\n|\n|t:|1700553733\n|move|p2a: Lucario|Nasty Plot|p2a: Lucario\n|-boost|p2a: Lucario|spa|2\n|move|p1a: Alomomola|Scald|p2a: Lucario\n|-damage|p2a: Lucario|78\/100\n|\n|-weather|Snow|[upkeep]\n|upkeep\n|turn|17\n|\n|t:|1700553743\n|move|p2a: Lucario|Aura Sphere|p1a: Alomomola\n|-damage|p1a: Alomomola|8\/100\n|move|p1a: Alomomola|Scald|p2a: Lucario\n|-damage|p2a: Lucario|53\/100\n|\n|-weather|Snow|[upkeep]\n|-heal|p1a: Alomomola|15\/100|[from] item: Leftovers\n|upkeep\n|turn|18\n|\n|t:|1700553753\n|move|p1a: Alomomola|Protect|p1a: Alomomola\n|-singleturn|p1a: Alomomola|Protect\n|move|p2a: Lucario|Flash Cannon|p1a: Alomomola\n|-activate|p1a: Alomomola|move: Protect\n|\n|-weather|Snow|[upkeep]\n|-heal|p1a: Alomomola|21\/100|[from] item: Leftovers\n|upkeep\n|turn|19\n|\n|t:|1700553761\n|move|p2a: Lucario|Dark Pulse|p1a: Alomomola\n|-damage|p1a: Alomomola|0 fnt\n|faint|p1a: Alomomola\n|\n|-weather|Snow|[upkeep]\n|upkeep\n|\n|t:|1700553765\n|switch|p1a: Clodsire|Clodsire, F|15\/100\n|turn|20\n|\n|t:|1700553770\n|move|p2a: Lucario|Flash Cannon|p1a: Clodsire\n|-damage|p1a: Clodsire|0 fnt\n|faint|p1a: Clodsire\n|\n|win|15Luap09\n|raw|ziyi1117's rating: 1176 &rarr; <strong>1141<\/strong><br \/>(-35 for losing)\n|raw|15Luap09's rating: 1028 &rarr; <strong>1078<\/strong><br \/>(+50 for winning)\n","uploadtime":1700553776,"views":4,"p1id":"ziyi1117","p2id":"15luap09","formatid":"gen9ou","rating":1078,"private":0,"password":""}