{"id":"gen9ou-1997814078","p1":"jewking","p2":"fleshwalker","format":"[Gen 9] OU","log":"|j|\u2606jewking\n|j|\u2606fleshwalker\n|t:|1700855548\n|gametype|singles\n|player|p1|jewking|brock|1151\n|player|p2|fleshwalker|adaman|1066\n|teamsize|p1|6\n|teamsize|p2|6\n|gen|9\n|tier|[Gen 9] OU\n|rated|\n|rule|Sleep Clause Mod: Limit one foe put to sleep\n|rule|Species Clause: Limit one of each Pok\u00e9mon\n|rule|OHKO Clause: OHKO moves are banned\n|rule|Evasion Items Clause: Evasion items are banned\n|rule|Evasion Moves Clause: Evasion moves are banned\n|rule|Endless Battle Clause: Forcing endless battles is banned\n|rule|HP Percentage Mod: HP is shown in percentages\n|clearpoke\n|poke|p1|Glimmora, F|\n|poke|p1|Blissey, F|\n|poke|p1|Corviknight, F|\n|poke|p1|Gholdengo|\n|poke|p1|Dragapult, M|\n|poke|p1|Great Tusk|\n|poke|p2|Garchomp, M|\n|poke|p2|Grafaiai, M|\n|poke|p2|Toxtricity, M|\n|poke|p2|Scizor, F|\n|poke|p2|Dragapult, M|\n|poke|p2|Zoroark-Hisui, F|\n|teampreview\n|inactive|Battle timer is ON: inactive players will automatically lose when time's up. (requested by fleshwalker)\n|\n|t:|1700855560\n|start\n|switch|p1a: Glimmora|Glimmora, F|100\/100\n|switch|p2a: Dragapult|Dragapult, M, shiny|100\/100\n|turn|1\n|\n|t:|1700855566\n|move|p2a: Dragapult|Reflect|p2a: Dragapult\n|-sidestart|p2: fleshwalker|Reflect\n|move|p1a: Glimmora|Stealth Rock|p2a: Dragapult\n|-sidestart|p2: fleshwalker|move: Stealth Rock\n|\n|upkeep\n|turn|2\n|\n|t:|1700855571\n|move|p2a: Dragapult|Light Screen|p2a: Dragapult\n|-sidestart|p2: fleshwalker|move: Light Screen\n|move|p1a: Glimmora|Spikes|p2a: Dragapult\n|-sidestart|p2: fleshwalker|Spikes\n|\n|upkeep\n|turn|3\n|\n|t:|1700855576\n|move|p2a: Dragapult|Dragon Darts|p1a: Glimmora\n|-damage|p1a: Glimmora|79\/100\n|-activate|p1a: Glimmora|ability: Toxic Debris\n|-sidestart|p2: fleshwalker|move: Toxic Spikes\n|-anim|p2a: Dragapult|Dragon Darts|p1a: Glimmora\n|-damage|p1a: Glimmora|59\/100\n|-activate|p1a: Glimmora|ability: Toxic Debris\n|-sidestart|p2: fleshwalker|move: Toxic Spikes\n|move|p1a: Glimmora|Spikes|p2a: Dragapult\n|-sidestart|p2: fleshwalker|Spikes\n|\n|upkeep\n|turn|4\n|\n|t:|1700855588\n|move|p2a: Dragapult|Curse|p1a: Glimmora\n|-start|p1a: Glimmora|Curse|[of] p2a: Dragapult\n|-damage|p2a: Dragapult|50\/100\n|move|p1a: Glimmora|Mortal Spin|p2a: Dragapult\n|-resisted|p2a: Dragapult\n|-damage|p2a: Dragapult|49\/100\n|-status|p2a: Dragapult|psn\n|\n|-damage|p2a: Dragapult|36\/100 psn|[from] psn\n|-damage|p1a: Glimmora|34\/100|[from] Curse\n|upkeep\n|turn|5\n|\n|t:|1700855608\n|switch|p1a: Gholdengo|Gholdengo|100\/100\n|move|p2a: Dragapult|Dragon Darts|p1a: Gholdengo\n|-resisted|p1a: Gholdengo\n|-damage|p1a: Gholdengo|88\/100\n|-anim|p2a: Dragapult|Dragon Darts|p1a: Gholdengo\n|-resisted|p1a: Gholdengo\n|-damage|p1a: Gholdengo|76\/100\n|\n|-damage|p2a: Dragapult|24\/100 psn|[from] psn\n|upkeep\n|turn|6\n|\n|t:|1700855617\n|move|p2a: Dragapult|Curse|p1a: Gholdengo\n|-immune|p1a: Gholdengo|[from] ability: Good as Gold\n|move|p1a: Gholdengo|Shadow Ball|p2a: Dragapult\n|-supereffective|p2a: Dragapult\n|-damage|p2a: Dragapult|0 fnt\n|faint|p2a: Dragapult\n|\n|upkeep\n|\n|t:|1700855626\n|switch|p2a: Garchomp|Garchomp, M|100\/100\n|-damage|p2a: Garchomp|94\/100|[from] Stealth Rock\n|-damage|p2a: Garchomp|78\/100|[from] Spikes\n|-status|p2a: Garchomp|tox\n|turn|7\n|\n|t:|1700855635\n|switch|p1a: Corviknight|Corviknight, F|100\/100\n|move|p2a: Garchomp|Swords Dance|p2a: Garchomp\n|-boost|p2a: Garchomp|atk|2\n|\n|-damage|p2a: Garchomp|72\/100 tox|[from] psn\n|upkeep\n|turn|8\n|\n|t:|1700855642\n|move|p2a: Garchomp|Fire Fang|p1a: Corviknight\n|-supereffective|p1a: Corviknight\n|-damage|p1a: Corviknight|44\/100\n|cant|p1a: Corviknight|flinch\n|\n|-damage|p2a: Garchomp|59\/100 tox|[from] psn\n|-sideend|p2: fleshwalker|Reflect\n|upkeep\n|turn|9\n|\n|t:|1700855649\n|move|p2a: Garchomp|Fire Fang|p1a: Corviknight\n|-supereffective|p1a: Corviknight\n|-damage|p1a: Corviknight|0 fnt\n|faint|p1a: Corviknight\n|\n|-damage|p2a: Garchomp|41\/100 tox|[from] psn\n|-sideend|p2: fleshwalker|move: Light Screen\n|upkeep\n|\n|t:|1700855661\n|switch|p1a: Dragapult|Dragapult, M|100\/100\n|turn|10\n|\n|t:|1700855664\n|move|p1a: Dragapult|Dragon Darts|p2a: Garchomp\n|-supereffective|p2a: Garchomp\n|-damage|p2a: Garchomp|0 fnt\n|faint|p2a: Garchomp\n|\n|upkeep\n|\n|t:|1700855682\n|switch|p2a: Grafaiai|Grafaiai, M|100\/100\n|-sideend|p2: fleshwalker|move: Toxic Spikes|[of] p2a: Grafaiai\n|turn|11\n|\n|t:|1700855688\n|move|p1a: Dragapult|Dragon Darts|p2a: Grafaiai\n|-damage|p2a: Grafaiai|39\/100\n|-anim|p1a: Dragapult|Dragon Darts|p2a: Grafaiai\n|-damage|p2a: Grafaiai|0 fnt\n|faint|p2a: Grafaiai\n|\n|upkeep\n|\n|t:|1700855693\n|switch|p2a: Scizor|Scizor, F, shiny|100\/100\n|-damage|p2a: Scizor|88\/100|[from] Stealth Rock\n|-damage|p2a: Scizor|72\/100|[from] Spikes\n|turn|12\n|\n|t:|1700855703\n|switch|p1a: Gholdengo|Gholdengo|76\/100\n|move|p2a: Scizor|Bullet Punch|p1a: Gholdengo\n|-resisted|p1a: Gholdengo\n|-damage|p1a: Gholdengo|52\/100\n|-damage|p2a: Scizor|62\/100|[from] item: Life Orb\n|\n|upkeep\n|turn|13\n|\n|t:|1700855711\n|move|p1a: Gholdengo|Thunderbolt|p2a: Scizor\n|-damage|p2a: Scizor|0 fnt\n|faint|p2a: Scizor\n|\n|upkeep\n|\n|t:|1700855720\n|switch|p2a: Toxtricity|Toxtricity, M, shiny|100\/100\n|-damage|p2a: Toxtricity|88\/100|[from] Stealth Rock\n|-damage|p2a: Toxtricity|72\/100|[from] Spikes\n|turn|14\n|\n|t:|1700855726\n|switch|p1a: Blissey|Blissey, F|100\/100\n|move|p2a: Toxtricity|Nasty Plot|p2a: Toxtricity\n|-boost|p2a: Toxtricity|spa|2\n|\n|upkeep\n|turn|15\n|\n|t:|1700855737\n|move|p2a: Toxtricity|Focus Blast|p1a: Blissey\n|-supereffective|p1a: Blissey\n|-damage|p1a: Blissey|44\/100\n|move|p1a: Blissey|Calm Mind|p1a: Blissey\n|-boost|p1a: Blissey|spa|1\n|-boost|p1a: Blissey|spd|1\n|\n|-heal|p1a: Blissey|50\/100|[from] item: Leftovers\n|upkeep\n|turn|16\n|\n|t:|1700855745\n|move|p2a: Toxtricity|Focus Blast|p1a: Blissey\n|-supereffective|p1a: Blissey\n|-damage|p1a: Blissey|8\/100\n|move|p1a: Blissey|Soft-Boiled|p1a: Blissey\n|-heal|p1a: Blissey|58\/100\n|\n|-heal|p1a: Blissey|64\/100|[from] item: Leftovers\n|upkeep\n|turn|17\n|\n|t:|1700855754\n|move|p2a: Toxtricity|Nasty Plot|p2a: Toxtricity\n|-boost|p2a: Toxtricity|spa|2\n|move|p1a: Blissey|Thunderbolt|p2a: Toxtricity\n|-damage|p2a: Toxtricity|20\/100\n|replace|p2a: Zoroark|Zoroark-Hisui, F\n|-end|p2a: Zoroark|Illusion\n|\n|-heal|p1a: Blissey|70\/100|[from] item: Leftovers\n|upkeep\n|turn|18\n|\n|t:|1700855765\n|move|p2a: Zoroark|Focus Blast|p1a: Blissey\n|-supereffective|p1a: Blissey\n|-damage|p1a: Blissey|14\/100\n|move|p1a: Blissey|Thunderbolt|p2a: Zoroark\n|-damage|p2a: Zoroark|0 fnt\n|faint|p2a: Zoroark\n|\n|-heal|p1a: Blissey|20\/100|[from] item: Leftovers\n|upkeep\n|\n|t:|1700855777\n|switch|p2a: Toxtricity|Toxtricity, M, shiny|100\/100\n|-damage|p2a: Toxtricity|88\/100|[from] Stealth Rock\n|-damage|p2a: Toxtricity|72\/100|[from] Spikes\n|turn|19\n|\n|t:|1700855781\n|move|p2a: Toxtricity|Shift Gear|p2a: Toxtricity\n|-boost|p2a: Toxtricity|spe|2\n|-boost|p2a: Toxtricity|atk|1\n|move|p1a: Blissey|Ice Beam|p2a: Toxtricity\n|-damage|p2a: Toxtricity|34\/100\n|\n|-heal|p1a: Blissey|26\/100|[from] item: Leftovers\n|upkeep\n|turn|20\n|\n|t:|1700855788\n|switch|p1a: Glimmora|Glimmora, F|34\/100\n|-terastallize|p2a: Toxtricity|Normal\n|move|p2a: Toxtricity|Boomburst|p1a: Glimmora\n|-resisted|p1a: Glimmora\n|-damage|p1a: Glimmora|0 fnt\n|faint|p1a: Glimmora\n|-enditem|p2a: Toxtricity|Throat Spray\n|-boost|p2a: Toxtricity|spa|1|[from] item: Throat Spray\n|\n|upkeep\n|\n|t:|1700855797\n|switch|p1a: Gholdengo|Gholdengo|52\/100\n|turn|21\n|\n|t:|1700855801\n|move|p2a: Toxtricity|Overdrive|p1a: Gholdengo\n|-damage|p1a: Gholdengo|0 fnt\n|faint|p1a: Gholdengo\n|\n|upkeep\n|\n|t:|1700855805\n|switch|p1a: Dragapult|Dragapult, M|100\/100\n|turn|22\n|\n|t:|1700855812\n|-terastallize|p1a: Dragapult|Ghost\n|move|p2a: Toxtricity|Overdrive|p1a: Dragapult\n|-damage|p1a: Dragapult|0 fnt\n|faint|p1a: Dragapult\n|\n|upkeep\n|\n|t:|1700855817\n|switch|p1a: Great Tusk|Great Tusk|100\/100\n|turn|23\n|\n|t:|1700855824\n|move|p2a: Toxtricity|Boomburst|p1a: Great Tusk\n|-damage|p1a: Great Tusk|0 fnt\n|faint|p1a: Great Tusk\n|-end|p1a: Great Tusk|Protosynthesis|[silent]\n|\n|upkeep\n|\n|t:|1700855827\n|switch|p1a: Blissey|Blissey, F|26\/100\n|turn|24\n|\n|t:|1700855830\n|move|p2a: Toxtricity|Boomburst|p1a: Blissey\n|-damage|p1a: Blissey|0 fnt\n|faint|p1a: Blissey\n|\n|win|fleshwalker\n|raw|jewking's rating: 1151 &rarr; <strong>1120<\/strong><br \/>(-31 for losing)\n|raw|fleshwalker's rating: 1066 &rarr; <strong>1103<\/strong><br \/>(+37 for winning)\n|l|\u2606jewking\n|c|\u2606fleshwalker|w tox\n","uploadtime":1700855841,"views":3,"p1id":"jewking","p2id":"fleshwalker","formatid":"gen9ou","rating":1103,"private":0,"password":""}