{"id":"gen9ou-1995834668","p1":"Zeffiee","p2":"E110_Omega","format":"[Gen 9] OU","log":"|j|\u2606Zeffiee\n|j|\u2606E110_Omega\n|t:|1700607843\n|gametype|singles\n|player|p1|Zeffiee|102|1336\n|player|p2|E110_Omega|101|1372\n|teamsize|p1|6\n|teamsize|p2|6\n|gen|9\n|tier|[Gen 9] OU\n|rated|\n|rule|Sleep Clause Mod: Limit one foe put to sleep\n|rule|Species Clause: Limit one of each Pok\u00e9mon\n|rule|OHKO Clause: OHKO moves are banned\n|rule|Evasion Items Clause: Evasion items are banned\n|rule|Evasion Moves Clause: Evasion moves are banned\n|rule|Endless Battle Clause: Forcing endless battles is banned\n|rule|HP Percentage Mod: HP is shown in percentages\n|clearpoke\n|poke|p1|Conkeldurr, M|\n|poke|p1|Salamence, M|\n|poke|p1|Gyarados, M|\n|poke|p1|Snorlax, M|\n|poke|p1|Sinistcha|\n|poke|p1|Infernape, M|\n|poke|p2|Landorus-Therian, M|\n|poke|p2|Iron Valiant|\n|poke|p2|Samurott-Hisui, M|\n|poke|p2|Weezing-Galar, M|\n|poke|p2|Iron Moth|\n|poke|p2|Sinistcha-Masterpiece|\n|teampreview\n|inactive|Battle timer is ON: inactive players will automatically lose when time's up. (requested by E110_Omega)\n|inactive|Zeffiee has 120 seconds left.\n|\n|t:|1700607879\n|start\n|switch|p1a: Gyarados|Gyarados, M|100\/100\n|switch|p2a: Smoker|Weezing-Galar, M|100\/100\n|turn|1\n|j| SSJ_Rabite\n|\n|t:|1700607895\n|-terastallize|p2a: Smoker|Electric\n|move|p1a: Gyarados|Dragon Dance|p1a: Gyarados\n|-boost|p1a: Gyarados|atk|1\n|-boost|p1a: Gyarados|spe|1\n|move|p2a: Smoker|Thunderbolt|p1a: Gyarados\n|-supereffective|p1a: Gyarados\n|-damage|p1a: Gyarados|0 fnt\n|faint|p1a: Gyarados\n|\n|upkeep\n|\n|t:|1700607910\n|switch|p1a: Salamence|Salamence, M|100\/100\n|turn|2\n|\n|t:|1700607914\n|move|p1a: Salamence|Dragon Dance|p1a: Salamence\n|-boost|p1a: Salamence|atk|1\n|-boost|p1a: Salamence|spe|1\n|move|p2a: Smoker|Strange Steam|p1a: Salamence\n|-supereffective|p1a: Salamence\n|-damage|p1a: Salamence|0 fnt\n|faint|p1a: Salamence\n|\n|upkeep\n|inactive|Zeffiee has 120 seconds left.\n|\n|t:|1700607945\n|switch|p1a: Snorlax|Snorlax, M|100\/100\n|turn|3\n|\n|t:|1700607961\n|move|p2a: Smoker|Thunderbolt|p1a: Snorlax\n|-damage|p1a: Snorlax|83\/100\n|move|p1a: Snorlax|Curse|p1a: Snorlax\n|-unboost|p1a: Snorlax|spe|1\n|-boost|p1a: Snorlax|atk|1\n|-boost|p1a: Snorlax|def|1\n|\n|-heal|p1a: Snorlax|89\/100|[from] item: Leftovers\n|upkeep\n|turn|4\n|inactive|Zeffiee has 120 seconds left.\n|\n|t:|1700607971\n|move|p2a: Smoker|Strange Steam|p1a: Snorlax\n|-damage|p1a: Snorlax|70\/100\n|-start|p1a: Snorlax|confusion\n|-activate|p1a: Snorlax|confusion\n|-damage|p1a: Snorlax|62\/100|[from] confusion\n|\n|-heal|p1a: Snorlax|68\/100|[from] item: Leftovers\n|upkeep\n|turn|5\n|\n|t:|1700607980\n|move|p2a: Smoker|Strange Steam|p1a: Snorlax\n|-damage|p1a: Snorlax|50\/100\n|-activate|p1a: Snorlax|confusion\n|-damage|p1a: Snorlax|41\/100|[from] confusion\n|\n|-heal|p1a: Snorlax|47\/100|[from] item: Leftovers\n|upkeep\n|turn|6\n|\n|t:|1700607988\n|move|p2a: Smoker|Strange Steam|p1a: Snorlax\n|-damage|p1a: Snorlax|28\/100\n|-end|p1a: Snorlax|confusion\n|move|p1a: Snorlax|Curse|p1a: Snorlax\n|-unboost|p1a: Snorlax|spe|1\n|-boost|p1a: Snorlax|atk|1\n|-boost|p1a: Snorlax|def|1\n|\n|-heal|p1a: Snorlax|34\/100|[from] item: Leftovers\n|upkeep\n|turn|7\n|\n|t:|1700607999\n|move|p2a: Smoker|Strange Steam|p1a: Snorlax\n|-damage|p1a: Snorlax|15\/100\n|move|p1a: Snorlax|Rest|p1a: Snorlax\n|-status|p1a: Snorlax|slp|[from] move: Rest\n|-heal|p1a: Snorlax|100\/100 slp|[silent]\n|\n|upkeep\n|turn|8\n|\n|t:|1700608009\n|move|p2a: Smoker|Clear Smog|p1a: Snorlax\n|-damage|p1a: Snorlax|89\/100 slp\n|-clearboost|p1a: Snorlax\n|cant|p1a: Snorlax|slp\n|\n|-heal|p1a: Snorlax|96\/100 slp|[from] item: Leftovers\n|upkeep\n|turn|9\n|\n|t:|1700608018\n|switch|p2a: Rosey|Iron Valiant|100\/100\n|-enditem|p2a: Rosey|Booster Energy\n|-activate|p2a: Rosey|ability: Quark Drive|[fromitem]\n|-start|p2a: Rosey|quarkdrivespe\n|cant|p1a: Snorlax|slp\n|\n|-heal|p1a: Snorlax|100\/100 slp|[from] item: Leftovers\n|upkeep\n|turn|10\n|\n|t:|1700608028\n|switch|p1a: Sinistcha|Sinistcha|100\/100\n|move|p2a: Rosey|Knock Off|p1a: Sinistcha\n|-supereffective|p1a: Sinistcha\n|-damage|p1a: Sinistcha|39\/100\n|-enditem|p1a: Sinistcha|Life Orb|[from] move: Knock Off|[of] p2a: Rosey\n|\n|upkeep\n|turn|11\n|\n|t:|1700608041\n|move|p2a: Rosey|Ice Punch|p1a: Sinistcha\n|-supereffective|p1a: Sinistcha\n|-damage|p1a: Sinistcha|0 fnt\n|faint|p1a: Sinistcha\n|\n|upkeep\n|\n|t:|1700608048\n|switch|p1a: Conkeldurr|Conkeldurr, M|100\/100\n|turn|12\n|\n|t:|1700608055\n|move|p2a: Rosey|Moonblast|p1a: Conkeldurr\n|-supereffective|p1a: Conkeldurr\n|-damage|p1a: Conkeldurr|38\/100\n|move|p1a: Conkeldurr|Thunder Punch|p2a: Rosey\n|-damage|p2a: Rosey|61\/100\n|\n|upkeep\n|turn|13\n|\n|t:|1700608062\n|move|p1a: Conkeldurr|Mach Punch|p2a: Rosey\n|-resisted|p2a: Rosey\n|-damage|p2a: Rosey|44\/100\n|move|p2a: Rosey|Moonblast|p1a: Conkeldurr\n|-supereffective|p1a: Conkeldurr\n|-damage|p1a: Conkeldurr|0 fnt\n|faint|p1a: Conkeldurr\n|\n|upkeep\n|-message|Zeffiee forfeited.\n|\n|win|E110_Omega\n|raw|Zeffiee's rating: 1336 &rarr; <strong>1318<\/strong><br \/>(-18 for losing)\n|raw|E110_Omega's rating: 1372 &rarr; <strong>1390<\/strong><br \/>(+18 for winning)\n|l|\u2606Zeffiee\n","uploadtime":1700608078,"views":8,"p1id":"zeffiee","p2id":"e110omega","formatid":"gen9ou","rating":1318,"private":0,"password":""}