{"id":"gen9ou-1988560867","p1":"titivenus","p2":"darcytrixxx","format":"[Gen 9] OU","log":"|j|\u2606titivenus\n|j|\u2606darcytrixxx\n|t:|1699736237\n|gametype|singles\n|player|p1|titivenus|hilbert|1013\n|player|p2|darcytrixxx|fantina|1090\n|teamsize|p1|6\n|teamsize|p2|6\n|gen|9\n|tier|[Gen 9] OU\n|rated|\n|rule|Sleep Clause Mod: Limit one foe put to sleep\n|rule|Species Clause: Limit one of each Pok\u00e9mon\n|rule|OHKO Clause: OHKO moves are banned\n|rule|Evasion Items Clause: Evasion items are banned\n|rule|Evasion Moves Clause: Evasion moves are banned\n|rule|Endless Battle Clause: Forcing endless battles is banned\n|rule|HP Percentage Mod: HP is shown in percentages\n|clearpoke\n|poke|p1|Kingambit, F|\n|poke|p1|Great Tusk|\n|poke|p1|Amoonguss, M|\n|poke|p1|Dragapult, F|\n|poke|p1|Samurott-Hisui, M|\n|poke|p1|Enamorus, F|\n|poke|p2|Ninetales-Alola, M|\n|poke|p2|Ogerpon-Wellspring, F|\n|poke|p2|Corviknight, F|\n|poke|p2|Chandelure, M|\n|poke|p2|Clefable, F|\n|poke|p2|Gliscor, M|\n|teampreview\n|\n|t:|1699736253\n|start\n|switch|p1a: Jtm <3|Samurott-Hisui, M|100\/100\n|switch|p2a: Ninetales|Ninetales-Alola, M|100\/100\n|-weather|Snow|[from] ability: Snow Warning|[of] p2a: Ninetales\n|turn|1\n|\n|t:|1699736266\n|switch|p2a: Ogerpon|Ogerpon-Wellspring, F|100\/100\n|move|p1a: Jtm <3|Razor Shell|p2a: Ogerpon\n|-immune|p2a: Ogerpon|[from] ability: Water Absorb\n|\n|-weather|Snow|[upkeep]\n|upkeep\n|turn|2\n|\n|t:|1699736275\n|move|p2a: Ogerpon|Horn Leech|p1a: Jtm <3\n|-supereffective|p1a: Jtm <3\n|-damage|p1a: Jtm <3|0 fnt\n|faint|p1a: Jtm <3\n|\n|-weather|Snow|[upkeep]\n|upkeep\n|\n|t:|1699736284\n|switch|p1a: Br0k3n|Kingambit, F|100\/100\n|-activate|p1a: Br0k3n|ability: Supreme Overlord\n|-start|p1a: Br0k3n|fallen1|[silent]\n|turn|3\n|\n|t:|1699736292\n|move|p2a: Ogerpon|Swords Dance|p2a: Ogerpon\n|-boost|p2a: Ogerpon|atk|2\n|move|p1a: Br0k3n|Low Kick|p2a: Ogerpon\n|-damage|p2a: Ogerpon|71\/100\n|\n|-weather|Snow|[upkeep]\n|upkeep\n|turn|4\n|\n|t:|1699736303\n|move|p2a: Ogerpon|Ivy Cudgel|p1a: Br0k3n\n|-damage|p1a: Br0k3n|21\/100\n|move|p1a: Br0k3n|Kowtow Cleave|p2a: Ogerpon\n|-damage|p2a: Ogerpon|13\/100\n|\n|-weather|Snow|[upkeep]\n|upkeep\n|turn|5\n|\n|t:|1699736318\n|-end|p1a: Br0k3n|fallen1|[silent]\n|switch|p1a: ZehefMan|Dragapult, F|100\/100\n|move|p2a: Ogerpon|Horn Leech|p1a: ZehefMan\n|-resisted|p1a: ZehefMan\n|-damage|p1a: ZehefMan|48\/100\n|-heal|p2a: Ogerpon|35\/100|[from] drain|[of] p1a: ZehefMan\n|\n|-weather|none\n|upkeep\n|turn|6\n|\n|t:|1699736334\n|switch|p2a: Ninetales|Ninetales-Alola, M|100\/100\n|-weather|Snow|[from] ability: Snow Warning|[of] p2a: Ninetales\n|move|p1a: ZehefMan|U-turn|p2a: Ninetales\n|-resisted|p2a: Ninetales\n|-damage|p2a: Ninetales|93\/100\n|\n|t:|1699736348\n|switch|p1a: \u0d9e|Amoonguss, M|100\/100|[from] U-turn\n|\n|-weather|Snow|[upkeep]\n|-heal|p2a: Ninetales|99\/100|[from] item: Leftovers\n|upkeep\n|turn|7\n|\n|t:|1699736356\n|move|p2a: Ninetales|Aurora Veil|p2a: Ninetales\n|-sidestart|p2: darcytrixxx|move: Aurora Veil\n|move|p1a: \u0d9e|Spore|p2a: Ninetales\n|-status|p2a: Ninetales|slp|[from] move: Spore\n|\n|-weather|Snow|[upkeep]\n|-heal|p2a: Ninetales|100\/100 slp|[from] item: Leftovers\n|upkeep\n|turn|8\n|\n|t:|1699736367\n|switch|p2a: Gliscor|Gliscor, M|100\/100\n|move|p1a: \u0d9e|Foul Play|p2a: Gliscor\n|-damage|p2a: Gliscor|92\/100\n|\n|-weather|Snow|[upkeep]\n|-status|p2a: Gliscor|tox|[from] item: Toxic Orb\n|upkeep\n|turn|9\n|\n|t:|1699736379\n|move|p2a: Gliscor|Earthquake|p1a: \u0d9e\n|-damage|p1a: \u0d9e|65\/100\n|move|p1a: \u0d9e|Sludge Bomb|p2a: Gliscor\n|-resisted|p2a: Gliscor\n|-damage|p2a: Gliscor|85\/100 tox\n|\n|-weather|Snow|[upkeep]\n|-heal|p2a: Gliscor|97\/100 tox|[from] ability: Poison Heal\n|upkeep\n|turn|10\n|\n|t:|1699736391\n|move|p2a: Gliscor|Earthquake|p1a: \u0d9e\n|-damage|p1a: \u0d9e|30\/100\n|move|p1a: \u0d9e|Giga Drain|p2a: Gliscor\n|-damage|p2a: Gliscor|86\/100 tox\n|-heal|p1a: \u0d9e|35\/100|[from] drain|[of] p2a: Gliscor\n|\n|-weather|none\n|-heal|p2a: Gliscor|98\/100 tox|[from] ability: Poison Heal\n|upkeep\n|turn|11\n|\n|t:|1699736403\n|switch|p1a: Jtm|Enamorus, F|100\/100\n|move|p2a: Gliscor|Earthquake|p1a: Jtm\n|-immune|p1a: Jtm\n|\n|-heal|p2a: Gliscor|100\/100 tox|[from] ability: Poison Heal\n|-sideend|p2: darcytrixxx|move: Aurora Veil\n|upkeep\n|turn|12\n|\n|t:|1699736414\n|move|p1a: Jtm|Mystical Fire|p2a: Gliscor\n|-damage|p2a: Gliscor|73\/100 tox\n|-unboost|p2a: Gliscor|spa|1\n|move|p2a: Gliscor|Toxic|p1a: Jtm\n|-status|p1a: Jtm|tox\n|\n|-damage|p1a: Jtm|94\/100 tox|[from] psn\n|-heal|p2a: Gliscor|85\/100 tox|[from] ability: Poison Heal\n|upkeep\n|turn|13\n|\n|t:|1699736426\n|move|p1a: Jtm|Mystical Fire|p2a: Gliscor\n|-damage|p2a: Gliscor|58\/100 tox\n|-unboost|p2a: Gliscor|spa|1\n|move|p2a: Gliscor|Thunder Fang|p1a: Jtm\n|-supereffective|p1a: Jtm\n|-damage|p1a: Jtm|47\/100 tox\n|\n|-damage|p1a: Jtm|35\/100 tox|[from] psn\n|-heal|p2a: Gliscor|71\/100 tox|[from] ability: Poison Heal\n|upkeep\n|turn|14\n|\n|t:|1699736437\n|move|p2a: Gliscor|Protect|p2a: Gliscor\n|-singleturn|p2a: Gliscor|Protect\n|move|p1a: Jtm|Mystical Fire|p2a: Gliscor\n|-activate|p2a: Gliscor|move: Protect\n|\n|-damage|p1a: Jtm|16\/100 tox|[from] psn\n|-heal|p2a: Gliscor|83\/100 tox|[from] ability: Poison Heal\n|upkeep\n|turn|15\n|\n|t:|1699736456\n|move|p1a: Jtm|Mystical Fire|p2a: Gliscor\n|-damage|p2a: Gliscor|58\/100 tox\n|-unboost|p2a: Gliscor|spa|1\n|move|p2a: Gliscor|Thunder Fang|p1a: Jtm\n|-supereffective|p1a: Jtm\n|-damage|p1a: Jtm|0 fnt\n|faint|p1a: Jtm\n|\n|-heal|p2a: Gliscor|70\/100 tox|[from] ability: Poison Heal\n|upkeep\n|\n|t:|1699736471\n|switch|p1a: Grand Tuc|Great Tusk|100\/100\n|turn|16\n|\n|t:|1699736478\n|move|p2a: Gliscor|Protect|p2a: Gliscor\n|-singleturn|p2a: Gliscor|Protect\n|move|p1a: Grand Tuc|Knock Off|p2a: Gliscor\n|-activate|p2a: Gliscor|move: Protect\n|\n|-heal|p2a: Gliscor|83\/100 tox|[from] ability: Poison Heal\n|upkeep\n|turn|17\n|\n|t:|1699736488\n|switch|p2a: Ninetales|Ninetales-Alola, M|100\/100 slp\n|-weather|Snow|[from] ability: Snow Warning|[of] p2a: Ninetales\n|move|p1a: Grand Tuc|Knock Off|p2a: Ninetales\n|-resisted|p2a: Ninetales\n|-damage|p2a: Ninetales|88\/100 slp\n|-enditem|p2a: Ninetales|Leftovers|[from] move: Knock Off|[of] p1a: Grand Tuc\n|\n|-weather|Snow|[upkeep]\n|upkeep\n|turn|18\n|\n|t:|1699736501\n|cant|p2a: Ninetales|slp\n|move|p1a: Grand Tuc|Earthquake|p2a: Ninetales\n|-damage|p2a: Ninetales|51\/100 slp\n|\n|-weather|Snow|[upkeep]\n|upkeep\n|turn|19\n|\n|t:|1699736509\n|-curestatus|p2a: Ninetales|slp|[msg]\n|move|p2a: Ninetales|Ice Beam|p1a: Grand Tuc\n|-supereffective|p1a: Grand Tuc\n|-damage|p1a: Grand Tuc|16\/100\n|move|p1a: Grand Tuc|Earthquake|p2a: Ninetales\n|-damage|p2a: Ninetales|12\/100\n|\n|-weather|Snow|[upkeep]\n|upkeep\n|turn|20\n|\n|t:|1699736527\n|move|p2a: Ninetales|Draining Kiss|p1a: Grand Tuc\n|-supereffective|p1a: Grand Tuc\n|-damage|p1a: Grand Tuc|0 fnt\n|-heal|p2a: Ninetales|24\/100|[from] drain|[of] p1a: Grand Tuc\n|-damage|p2a: Ninetales|8\/100|[from] item: Rocky Helmet|[of] p1a: Grand Tuc\n|faint|p1a: Grand Tuc\n|-end|p1a: Grand Tuc|Protosynthesis|[silent]\n|\n|-weather|Snow|[upkeep]\n|upkeep\n|\n|t:|1699736544\n|switch|p1a: Br0k3n|Kingambit, F|21\/100\n|-activate|p1a: Br0k3n|ability: Supreme Overlord\n|-start|p1a: Br0k3n|fallen3|[silent]\n|turn|21\n|\n|t:|1699736552\n|move|p1a: Br0k3n|Sucker Punch||[still]\n|-fail|p1a: Br0k3n\n|move|p2a: Ninetales|Aurora Veil|p2a: Ninetales\n|-sidestart|p2: darcytrixxx|move: Aurora Veil\n|\n|-weather|none\n|upkeep\n|turn|22\n|\n|t:|1699736571\n|move|p1a: Br0k3n|Sucker Punch|p2a: Ninetales\n|-resisted|p2a: Ninetales\n|-damage|p2a: Ninetales|0 fnt\n|faint|p2a: Ninetales\n|\n|upkeep\n|\n|t:|1699736588\n|switch|p2a: Gliscor|Gliscor, M|83\/100 tox\n|turn|23\n|\n|t:|1699736597\n|move|p1a: Br0k3n|Sucker Punch|p2a: Gliscor\n|-damage|p2a: Gliscor|65\/100 tox\n|move|p2a: Gliscor|Earthquake|p1a: Br0k3n\n|-supereffective|p1a: Br0k3n\n|-damage|p1a: Br0k3n|0 fnt\n|faint|p1a: Br0k3n\n|-end|p1a: Br0k3n|fallen3|[silent]\n|\n|-heal|p2a: Gliscor|77\/100 tox|[from] ability: Poison Heal\n|upkeep\n|\n|t:|1699736611\n|switch|p1a: \u0d9e|Amoonguss, M|68\/100\n|turn|24\n|\n|t:|1699736618\n|move|p2a: Gliscor|Protect|p2a: Gliscor\n|-singleturn|p2a: Gliscor|Protect\n|move|p1a: \u0d9e|Spore|p2a: Gliscor\n|-activate|p2a: Gliscor|move: Protect\n|\n|-heal|p2a: Gliscor|89\/100 tox|[from] ability: Poison Heal\n|upkeep\n|turn|25\n|\n|t:|1699736647\n|switch|p2a: Ogerpon|Ogerpon-Wellspring, F|35\/100\n|move|p1a: \u0d9e|Spore|p2a: Ogerpon\n|-immune|p2a: Ogerpon\n|\n|-sideend|p2: darcytrixxx|move: Aurora Veil\n|upkeep\n|turn|26\n|\n|t:|1699736659\n|move|p2a: Ogerpon|Knock Off|p1a: \u0d9e\n|-damage|p1a: \u0d9e|33\/100\n|-enditem|p1a: \u0d9e|Heavy-Duty Boots|[from] move: Knock Off|[of] p2a: Ogerpon\n|move|p1a: \u0d9e|Giga Drain|p2a: Ogerpon\n|-damage|p2a: Ogerpon|15\/100\n|-heal|p1a: \u0d9e|42\/100|[from] drain|[of] p2a: Ogerpon\n|\n|upkeep\n|turn|27\n|\n|t:|1699736675\n|move|p2a: Ogerpon|Horn Leech|p1a: \u0d9e\n|-resisted|p1a: \u0d9e\n|-damage|p1a: \u0d9e|32\/100\n|-heal|p2a: Ogerpon|20\/100|[from] drain|[of] p1a: \u0d9e\n|move|p1a: \u0d9e|Foul Play|p2a: Ogerpon\n|-damage|p2a: Ogerpon|0 fnt\n|faint|p2a: Ogerpon\n|\n|upkeep\n|\n|t:|1699736687\n|switch|p2a: Chandelure|Chandelure, M|100\/100\n|turn|28\n|\n|t:|1699736706\n|move|p2a: Chandelure|Flamethrower|p1a: \u0d9e\n|-supereffective|p1a: \u0d9e\n|-damage|p1a: \u0d9e|0 fnt\n|faint|p1a: \u0d9e\n|\n|upkeep\n|inactive|Battle timer is ON: inactive players will automatically lose when time's up. (requested by darcytrixxx)\n|\n|t:|1699736739\n|switch|p1a: ZehefMan|Dragapult, F|48\/100\n|turn|29\n|\n|t:|1699736749\n|-terastallize|p2a: Chandelure|Normal\n|move|p1a: ZehefMan|Shadow Ball|p2a: Chandelure\n|-immune|p2a: Chandelure\n|move|p2a: Chandelure|Shadow Ball|p1a: ZehefMan\n|-supereffective|p1a: ZehefMan\n|-damage|p1a: ZehefMan|0 fnt\n|faint|p1a: ZehefMan\n|\n|win|darcytrixxx\n|raw|titivenus's rating: 1013 &rarr; <strong>1004<\/strong><br \/>(-9 for losing)\n|raw|darcytrixxx's rating: 1090 &rarr; <strong>1111<\/strong><br \/>(+21 for winning)\n","uploadtime":1699736775,"views":18,"p1id":"titivenus","p2id":"darcytrixxx","formatid":"gen9ou","rating":1004,"private":0,"password":""}