{"id":"gen9ou-1992518685","p1":"summit_lol","p2":"Graviton Forfeit","format":"[Gen 9] OU","log":"|j|\u2606summit_lol\n|j|\u2606Graviton Forfeit\n|t:|1700198451\n|gametype|singles\n|player|p1|summit_lol|palmer|1507\n|player|p2|Graviton Forfeit|n-masters3|1419\n|teamsize|p1|6\n|teamsize|p2|6\n|gen|9\n|tier|[Gen 9] OU\n|rated|\n|rule|Sleep Clause Mod: Limit one foe put to sleep\n|rule|Species Clause: Limit one of each Pok\u00e9mon\n|rule|OHKO Clause: OHKO moves are banned\n|rule|Evasion Items Clause: Evasion items are banned\n|rule|Evasion Moves Clause: Evasion moves are banned\n|rule|Endless Battle Clause: Forcing endless battles is banned\n|rule|HP Percentage Mod: HP is shown in percentages\n|clearpoke\n|poke|p1|Glimmora, M|\n|poke|p1|Iron Valiant|\n|poke|p1|Kingambit, M|\n|poke|p1|Zamazenta-*|\n|poke|p1|Ogerpon-Wellspring, F|\n|poke|p1|Iron Moth|\n|poke|p2|Sneasler, M|\n|poke|p2|Clodsire, M|\n|poke|p2|Polteageist|\n|poke|p2|Scyther, M|\n|poke|p2|Indeedee-F, F|\n|poke|p2|Mew|\n|teampreview\n|inactive|Battle timer is ON: inactive players will automatically lose when time's up. (requested by Graviton Forfeit)\n|\n|t:|1700198473\n|start\n|switch|p1a: Glimmora|Glimmora, M|100\/100\n|switch|p2a: Hacked|Mew, shiny|100\/100\n|turn|1\n|\n|t:|1700198492\n|move|p2a: Hacked|Psychic|p1a: Glimmora\n|-supereffective|p1a: Glimmora\n|-enditem|p1a: Glimmora|Focus Sash\n|-damage|p1a: Glimmora|1\/100\n|move|p1a: Glimmora|Stealth Rock|p2a: Hacked\n|-sidestart|p2: Graviton Forfeit|move: Stealth Rock\n|\n|upkeep\n|turn|2\n|\n|t:|1700198499\n|move|p2a: Hacked|Volt Switch|p1a: Glimmora\n|-damage|p1a: Glimmora|0 fnt\n|faint|p1a: Glimmora\n|\n|t:|1700198504\n|switch|p2a: Scyther|Scyther, M, shiny|100\/100|[from] Volt Switch\n|-damage|p2a: Scyther|50\/100|[from] Stealth Rock\n|\n|upkeep\n|\n|t:|1700198522\n|switch|p1a: Ogerpon|Ogerpon-Wellspring, F|100\/100\n|turn|3\n|\n|t:|1700198530\n|move|p1a: Ogerpon|Ivy Cudgel|p2a: Scyther|[anim] Ivy Cudgel Water\n|-damage|p2a: Scyther|0 fnt\n|faint|p2a: Scyther\n|\n|upkeep\n|\n|t:|1700198545\n|switch|p2a: Clodsire|Clodsire, M, shiny|100\/100\n|-damage|p2a: Clodsire|94\/100|[from] Stealth Rock\n|turn|4\n|\n|t:|1700198574\n|move|p1a: Ogerpon|Knock Off|p2a: Clodsire\n|-damage|p2a: Clodsire|49\/100\n|-enditem|p2a: Clodsire|Leftovers|[from] move: Knock Off|[of] p1a: Ogerpon\n|move|p2a: Clodsire|Stealth Rock|p1a: Ogerpon\n|-sidestart|p1: summit_lol|move: Stealth Rock\n|\n|upkeep\n|turn|5\n|\n|t:|1700198581\n|move|p1a: Ogerpon|Power Whip|p2a: Clodsire\n|-damage|p2a: Clodsire|0 fnt\n|faint|p2a: Clodsire\n|\n|upkeep\n|\n|t:|1700198585\n|switch|p2a: Indeedee|Indeedee-F, F|100\/100\n|-damage|p2a: Indeedee|88\/100|[from] Stealth Rock\n|-fieldstart|move: Psychic Terrain|[from] ability: Psychic Surge|[of] p2a: Indeedee\n|turn|6\n|\n|t:|1700198602\n|-terastallize|p1a: Ogerpon|Water\n|detailschange|p1a: Ogerpon|Ogerpon-Wellspring-Tera, F, tera:Water\n|-ability|p1a: Ogerpon|Embody Aspect (Wellspring)|boost\n|-boost|p1a: Ogerpon|spd|1\n|move|p1a: Ogerpon|Knock Off|p2a: Indeedee\n|-supereffective|p2a: Indeedee\n|-damage|p2a: Indeedee|0 fnt\n|-enditem|p2a: Indeedee|Terrain Extender|[from] move: Knock Off|[of] p1a: Ogerpon\n|faint|p2a: Indeedee\n|\n|upkeep\n|\n|t:|1700198616\n|switch|p2a: Polteageist|Polteageist|100\/100\n|-damage|p2a: Polteageist|88\/100|[from] Stealth Rock\n|turn|7\n|\n|t:|1700198625\n|-terastallize|p2a: Polteageist|Fighting\n|move|p1a: Ogerpon|Knock Off|p2a: Polteageist\n|-resisted|p2a: Polteageist\n|-damage|p2a: Polteageist|54\/100\n|-ability|p2a: Polteageist|Weak Armor|boost\n|-unboost|p2a: Polteageist|def|1\n|-boost|p2a: Polteageist|spe|2\n|-enditem|p2a: Polteageist|Focus Sash|[from] move: Knock Off|[of] p1a: Ogerpon\n|move|p2a: Polteageist|Shell Smash|p2a: Polteageist\n|-unboost|p2a: Polteageist|def|1\n|-unboost|p2a: Polteageist|spd|1\n|-boost|p2a: Polteageist|atk|2\n|-boost|p2a: Polteageist|spa|2\n|-boost|p2a: Polteageist|spe|2\n|\n|upkeep\n|turn|8\n|\n|t:|1700198638\n|move|p2a: Polteageist|Stored Power|p1a: Ogerpon\n|-damage|p1a: Ogerpon|0 fnt\n|faint|p1a: Ogerpon\n|\n|upkeep\n|\n|t:|1700198646\n|switch|p1a: Kingambit|Kingambit, M, shiny|100\/100\n|-damage|p1a: Kingambit|94\/100|[from] Stealth Rock\n|-activate|p1a: Kingambit|ability: Supreme Overlord\n|-start|p1a: Kingambit|fallen2|[silent]\n|turn|9\n|\n|t:|1700198657\n|move|p2a: Polteageist|Tera Blast|p1a: Kingambit|[anim] Tera Blast Fighting\n|-supereffective|p1a: Kingambit\n|-damage|p1a: Kingambit|0 fnt\n|faint|p1a: Kingambit\n|-end|p1a: Kingambit|fallen2|[silent]\n|\n|upkeep\n|-message|summit_lol forfeited.\n|\n|win|Graviton Forfeit\n|raw|summit_lol's rating: 1507 &rarr; <strong>1482<\/strong><br \/>(-25 for losing)\n|raw|Graviton Forfeit's rating: 1419 &rarr; <strong>1444<\/strong><br \/>(+25 for winning)\n|l|\u2606summit_lol\n","uploadtime":1700198678,"views":8,"p1id":"summitlol","p2id":"gravitonforfeit","formatid":"gen9ou","rating":1444,"private":0,"password":""}