{"id":"gen9ou-2000677176","p1":"SirBoogerBrain","p2":"Clair117","format":"[Gen 9] OU","log":"|j|\u2606SirBoogerBrain\n|j|\u2606Clair117\n|t:|1701217671\n|gametype|singles\n|player|p1|SirBoogerBrain|bellhop|1306\n|player|p2|Clair117|102|1356\n|teamsize|p1|6\n|teamsize|p2|6\n|gen|9\n|tier|[Gen 9] OU\n|rated|\n|rule|Sleep Clause Mod: Limit one foe put to sleep\n|rule|Species Clause: Limit one of each Pok\u00e9mon\n|rule|OHKO Clause: OHKO moves are banned\n|rule|Evasion Items Clause: Evasion items are banned\n|rule|Evasion Moves Clause: Evasion moves are banned\n|rule|Endless Battle Clause: Forcing endless battles is banned\n|rule|HP Percentage Mod: HP is shown in percentages\n|clearpoke\n|poke|p1|Iron Valiant|\n|poke|p1|Kingambit, M|\n|poke|p1|Great Tusk|\n|poke|p1|Garchomp, F|\n|poke|p1|Moltres|\n|poke|p1|Amoonguss, F|\n|poke|p2|Great Tusk|\n|poke|p2|Corviknight, F|\n|poke|p2|Indeedee, M|\n|poke|p2|Polteageist|\n|poke|p2|Garganacl, F|\n|poke|p2|Ogerpon-Wellspring, F|\n|teampreview\n|inactive|Battle timer is ON: inactive players will automatically lose when time's up. (requested by SirBoogerBrain)\n|inactive|SirBoogerBrain has 120 seconds left.\n|\n|t:|1701217704\n|start\n|switch|p1a: Abyssal Fin|Garchomp, F|100\/100\n|switch|p2a: Ogerpon|Ogerpon-Wellspring, F|100\/100\n|turn|1\n|\n|t:|1701217732\n|switch|p1a: Bloom Warden|Amoonguss, F|100\/100\n|move|p2a: Ogerpon|Swords Dance|p2a: Ogerpon\n|-boost|p2a: Ogerpon|atk|2\n|\n|upkeep\n|turn|2\n|\n|t:|1701217739\n|move|p2a: Ogerpon|Ivy Cudgel|p1a: Bloom Warden|[anim] Ivy Cudgel Water\n|-resisted|p1a: Bloom Warden\n|-damage|p1a: Bloom Warden|53\/100\n|move|p1a: Bloom Warden|Foul Play|p2a: Ogerpon\n|-damage|p2a: Ogerpon|17\/100\n|\n|upkeep\n|turn|3\n|\n|t:|1701217756\n|move|p2a: Ogerpon|U-turn|p1a: Bloom Warden\n|-damage|p1a: Bloom Warden|8\/100\n|-damage|p2a: Ogerpon|1\/100|[from] item: Rocky Helmet|[of] p1a: Bloom Warden\n|\n|t:|1701217763\n|switch|p2a: Corviknight|Corviknight, F|100\/100|[from] U-turn\n|-ability|p2a: Corviknight|Pressure\n|move|p1a: Bloom Warden|Foul Play|p2a: Corviknight\n|-damage|p2a: Corviknight|89\/100\n|\n|-heal|p2a: Corviknight|95\/100|[from] item: Leftovers\n|upkeep\n|turn|4\n|\n|t:|1701217776\n|switch|p1a: Pyre Raptor|Moltres|100\/100\n|move|p2a: Corviknight|U-turn|p1a: Pyre Raptor\n|-resisted|p1a: Pyre Raptor\n|-damage|p1a: Pyre Raptor|98\/100\n|\n|t:|1701217791\n|switch|p2a: Ogerpon|Ogerpon-Wellspring, F|1\/100|[from] U-turn\n|\n|upkeep\n|turn|5\n|\n|t:|1701217803\n|move|p2a: Ogerpon|Ivy Cudgel|p1a: Pyre Raptor|[anim] Ivy Cudgel Water\n|-supereffective|p1a: Pyre Raptor\n|-damage|p1a: Pyre Raptor|10\/100\n|move|p1a: Pyre Raptor|U-turn|p2a: Ogerpon\n|-supereffective|p2a: Ogerpon\n|-crit|p2a: Ogerpon\n|-damage|p2a: Ogerpon|0 fnt\n|faint|p2a: Ogerpon\n|\n|t:|1701217820\n|switch|p1a: Bloom Warden|Amoonguss, F|42\/100|[from] U-turn\n|\n|upkeep\n|\n|t:|1701217843\n|switch|p2a: Corviknight|Corviknight, F|95\/100\n|-ability|p2a: Corviknight|Pressure\n|turn|6\n|inactive|SirBoogerBrain has 120 seconds left.\n|\n|t:|1701217866\n|switch|p1a: Abyssal Fin|Garchomp, F|100\/100\n|move|p2a: Corviknight|Brave Bird|p1a: Abyssal Fin\n|-damage|p1a: Abyssal Fin|70\/100\n|-damage|p2a: Corviknight|82\/100|[from] ability: Rough Skin|[of] p1a: Abyssal Fin\n|-damage|p2a: Corviknight|72\/100|[from] Recoil\n|\n|-heal|p1a: Abyssal Fin|76\/100|[from] item: Leftovers\n|-heal|p2a: Corviknight|78\/100|[from] item: Leftovers\n|upkeep\n|turn|7\n|inactive|SirBoogerBrain has 120 seconds left.\n|\n|t:|1701217877\n|switch|p1a: Bloom Warden|Amoonguss, F|75\/100\n|move|p2a: Corviknight|U-turn|p1a: Bloom Warden\n|-damage|p1a: Bloom Warden|64\/100\n|-damage|p2a: Corviknight|61\/100|[from] item: Rocky Helmet|[of] p1a: Bloom Warden\n|\n|t:|1701217892\n|switch|p2a: Indeedee|Indeedee, M|100\/100|[from] U-turn\n|-fieldstart|move: Psychic Terrain|[from] ability: Psychic Surge|[of] p2a: Indeedee\n|\n|upkeep\n|turn|8\n|inactive|SirBoogerBrain has 120 seconds left.\n|\n|t:|1701217927\n|switch|p2a: Corviknight|Corviknight, F|61\/100\n|-ability|p2a: Corviknight|Pressure\n|-terastallize|p1a: Bloom Warden|Water\n|move|p1a: Bloom Warden|Spore|p2a: Corviknight\n|-status|p2a: Corviknight|slp|[from] move: Spore\n|\n|-heal|p2a: Corviknight|67\/100 slp|[from] item: Leftovers\n|upkeep\n|turn|9\n|\n|t:|1701217944\n|switch|p2a: Indeedee|Indeedee, M|100\/100\n|move|p1a: Bloom Warden|Foul Play|p2a: Indeedee\n|-supereffective|p2a: Indeedee\n|-damage|p2a: Indeedee|56\/100\n|\n|upkeep\n|turn|10\n|inactive|SirBoogerBrain has 90 seconds left.\n|\n|t:|1701217967\n|move|p2a: Indeedee|Psychic|p1a: Bloom Warden\n|-damage|p1a: Bloom Warden|18\/100\n|move|p1a: Bloom Warden|Giga Drain|p2a: Indeedee\n|-damage|p2a: Indeedee|26\/100\n|-heal|p1a: Bloom Warden|27\/100|[from] drain|[of] p2a: Indeedee\n|\n|upkeep\n|turn|11\n|\n|t:|1701217983\n|switch|p2a: Great Tusk|Great Tusk|100\/100\n|-enditem|p2a: Great Tusk|Booster Energy\n|-activate|p2a: Great Tusk|ability: Protosynthesis|[fromitem]\n|-start|p2a: Great Tusk|protosynthesisspe\n|switch|p1a: Onyx Razor|Kingambit, M|100\/100\n|\n|upkeep\n|turn|12\n|inactive|SirBoogerBrain has 90 seconds left.\n|\n|t:|1701218011\n|-end|p1a: Onyx Razor|fallenundefined|[silent]\n|switch|p1a: Stonebreaker|Great Tusk|100\/100\n|move|p2a: Great Tusk|Stealth Rock|p1a: Stonebreaker\n|-sidestart|p1: SirBoogerBrain|move: Stealth Rock\n|\n|upkeep\n|turn|13\n|inactive|SirBoogerBrain has 90 seconds left.\n|\n|t:|1701218018\n|move|p2a: Great Tusk|Ice Spinner|p1a: Stonebreaker\n|-supereffective|p1a: Stonebreaker\n|-damage|p1a: Stonebreaker|78\/100\n|-fieldend|move: Psychic Terrain\n|move|p1a: Stonebreaker|Rapid Spin|p2a: Great Tusk\n|-damage|p2a: Great Tusk|92\/100\n|-boost|p1a: Stonebreaker|spe|1\n|-sideend|p1: SirBoogerBrain|Stealth Rock|[from] move: Rapid Spin|[of] p1a: Stonebreaker\n|\n|-heal|p1a: Stonebreaker|84\/100|[from] item: Leftovers\n|upkeep\n|turn|14\n|\n|t:|1701218036\n|move|p2a: Great Tusk|Ice Spinner|p1a: Stonebreaker\n|-supereffective|p1a: Stonebreaker\n|-damage|p1a: Stonebreaker|62\/100\n|move|p1a: Stonebreaker|Body Press|p2a: Great Tusk\n|-damage|p2a: Great Tusk|64\/100\n|\n|-heal|p1a: Stonebreaker|69\/100|[from] item: Leftovers\n|upkeep\n|turn|15\n|\n|t:|1701218044\n|-end|p2a: Great Tusk|Protosynthesis|[silent]\n|switch|p2a: Indeedee|Indeedee, M|26\/100\n|-fieldstart|move: Psychic Terrain|[from] ability: Psychic Surge|[of] p2a: Indeedee\n|move|p1a: Stonebreaker|Body Press|p2a: Indeedee\n|-damage|p2a: Indeedee|0 fnt\n|faint|p2a: Indeedee\n|\n|-heal|p1a: Stonebreaker|75\/100|[from] item: Leftovers\n|upkeep\n|\n|t:|1701218046\n|switch|p2a: Polteageist|Polteageist|100\/100\n|turn|16\n|\n|t:|1701218054\n|move|p1a: Stonebreaker|Earthquake|p2a: Polteageist\n|-damage|p2a: Polteageist|19\/100\n|-ability|p2a: Polteageist|Weak Armor|boost\n|-unboost|p2a: Polteageist|def|1\n|-boost|p2a: Polteageist|spe|2\n|move|p2a: Polteageist|Shell Smash|p2a: Polteageist\n|-unboost|p2a: Polteageist|def|1\n|-unboost|p2a: Polteageist|spd|1\n|-boost|p2a: Polteageist|atk|2\n|-boost|p2a: Polteageist|spa|2\n|-boost|p2a: Polteageist|spe|2\n|\n|-heal|p1a: Stonebreaker|81\/100|[from] item: Leftovers\n|upkeep\n|turn|17\n|inactive|SirBoogerBrain has 120 seconds left.\n|inactive|SirBoogerBrain has 90 seconds left.\n|\n|t:|1701218105\n|-end|p1a: Stonebreaker|Protosynthesis|[silent]\n|switch|p1a: Pyre Raptor|Moltres|10\/100\n|move|p2a: Polteageist|Stored Power|p1a: Pyre Raptor\n|-damage|p1a: Pyre Raptor|0 fnt\n|faint|p1a: Pyre Raptor\n|\n|upkeep\n|inactive|SirBoogerBrain has 60 seconds left.\n|\n|t:|1701218127\n|switch|p1a: Onyx Razor|Kingambit, M|100\/100\n|-activate|p1a: Onyx Razor|ability: Supreme Overlord\n|-start|p1a: Onyx Razor|fallen1|[silent]\n|turn|18\n|inactive|SirBoogerBrain has 60 seconds left.\n|\n|t:|1701218137\n|-end|p1a: Onyx Razor|fallen1|[silent]\n|switch|p1a: Star Lance|Iron Valiant|100\/100\n|-terastallize|p2a: Polteageist|Fighting\n|move|p2a: Polteageist|Tera Blast|p1a: Star Lance|[anim] Tera Blast Fighting\n|-resisted|p1a: Star Lance\n|-damage|p1a: Star Lance|10\/100\n|\n|upkeep\n|turn|19\n|inactive|SirBoogerBrain has 60 seconds left.\n|\n|t:|1701218149\n|-end|p1a: Star Lance|Quark Drive|[silent]\n|switch|p1a: Abyssal Fin|Garchomp, F|76\/100\n|move|p2a: Polteageist|Shadow Ball|p1a: Abyssal Fin\n|-damage|p1a: Abyssal Fin|8\/100\n|\n|-heal|p1a: Abyssal Fin|15\/100|[from] item: Leftovers\n|upkeep\n|turn|20\n|\n|t:|1701218152\n|move|p2a: Polteageist|Shell Smash|p2a: Polteageist\n|-unboost|p2a: Polteageist|def|1\n|-unboost|p2a: Polteageist|spd|1\n|-boost|p2a: Polteageist|atk|2\n|-boost|p2a: Polteageist|spa|2\n|-boost|p2a: Polteageist|spe|2\n|move|p1a: Abyssal Fin|Earthquake|p2a: Polteageist\n|-damage|p2a: Polteageist|0 fnt\n|faint|p2a: Polteageist\n|\n|-heal|p1a: Abyssal Fin|21\/100|[from] item: Leftovers\n|upkeep\n|c|\u2606SirBoogerBrain|why?\n|c|\u2606Clair117|misclicked lmaooo\n|c|\u2606SirBoogerBrain|sry man that sucks\n|c|\u2606Clair117|I had to remake this set and the moves are in the wrong spot\n|\n|t:|1701218173\n|switch|p2a: Garganacl|Garganacl, F|100\/100\n|turn|21\n|\n|t:|1701218182\n|move|p1a: Abyssal Fin|Earthquake|p2a: Garganacl\n|-supereffective|p2a: Garganacl\n|-damage|p2a: Garganacl|51\/100\n|move|p2a: Garganacl|Curse|p2a: Garganacl\n|-unboost|p2a: Garganacl|spe|1\n|-boost|p2a: Garganacl|atk|1\n|-boost|p2a: Garganacl|def|1\n|\n|-heal|p1a: Abyssal Fin|27\/100|[from] item: Leftovers\n|-heal|p2a: Garganacl|57\/100|[from] item: Leftovers\n|upkeep\n|turn|22\n|\n|t:|1701218186\n|move|p1a: Abyssal Fin|Earthquake|p2a: Garganacl\n|-supereffective|p2a: Garganacl\n|-damage|p2a: Garganacl|24\/100\n|move|p2a: Garganacl|Recover|p2a: Garganacl\n|-heal|p2a: Garganacl|74\/100\n|\n|-heal|p1a: Abyssal Fin|33\/100|[from] item: Leftovers\n|-heal|p2a: Garganacl|80\/100|[from] item: Leftovers\n|-fieldend|move: Psychic Terrain\n|upkeep\n|turn|23\n|\n|t:|1701218188\n|move|p1a: Abyssal Fin|Earthquake|p2a: Garganacl\n|-supereffective|p2a: Garganacl\n|-damage|p2a: Garganacl|50\/100\n|move|p2a: Garganacl|Curse|p2a: Garganacl\n|-unboost|p2a: Garganacl|spe|1\n|-boost|p2a: Garganacl|atk|1\n|-boost|p2a: Garganacl|def|1\n|\n|-heal|p1a: Abyssal Fin|39\/100|[from] item: Leftovers\n|-heal|p2a: Garganacl|56\/100|[from] item: Leftovers\n|upkeep\n|turn|24\n|\n|t:|1701218190\n|move|p1a: Abyssal Fin|Earthquake|p2a: Garganacl\n|-supereffective|p2a: Garganacl\n|-damage|p2a: Garganacl|32\/100\n|move|p2a: Garganacl|Recover|p2a: Garganacl\n|-heal|p2a: Garganacl|82\/100\n|\n|-heal|p1a: Abyssal Fin|45\/100|[from] item: Leftovers\n|-heal|p2a: Garganacl|89\/100|[from] item: Leftovers\n|upkeep\n|turn|25\n|\n|t:|1701218192\n|move|p1a: Abyssal Fin|Earthquake|p2a: Garganacl\n|-supereffective|p2a: Garganacl\n|-damage|p2a: Garganacl|64\/100\n|move|p2a: Garganacl|Curse|p2a: Garganacl\n|-unboost|p2a: Garganacl|spe|1\n|-boost|p2a: Garganacl|atk|1\n|-boost|p2a: Garganacl|def|1\n|\n|-heal|p1a: Abyssal Fin|52\/100|[from] item: Leftovers\n|-heal|p2a: Garganacl|71\/100|[from] item: Leftovers\n|upkeep\n|turn|26\n|\n|t:|1701218193\n|move|p1a: Abyssal Fin|Earthquake|p2a: Garganacl\n|-supereffective|p2a: Garganacl\n|-damage|p2a: Garganacl|51\/100\n|move|p2a: Garganacl|Recover|p2a: Garganacl\n|-heal|p2a: Garganacl|100\/100\n|\n|-heal|p1a: Abyssal Fin|58\/100|[from] item: Leftovers\n|upkeep\n|turn|27\n|\n|t:|1701218194\n|move|p1a: Abyssal Fin|Earthquake|p2a: Garganacl\n|-supereffective|p2a: Garganacl\n|-damage|p2a: Garganacl|81\/100\n|move|p2a: Garganacl|Curse|p2a: Garganacl\n|-unboost|p2a: Garganacl|spe|1\n|-boost|p2a: Garganacl|atk|1\n|-boost|p2a: Garganacl|def|1\n|\n|-heal|p1a: Abyssal Fin|64\/100|[from] item: Leftovers\n|-heal|p2a: Garganacl|87\/100|[from] item: Leftovers\n|upkeep\n|turn|28\n|\n|t:|1701218196\n|move|p1a: Abyssal Fin|Earthquake|p2a: Garganacl\n|-supereffective|p2a: Garganacl\n|-damage|p2a: Garganacl|71\/100\n|move|p2a: Garganacl|Recover|p2a: Garganacl\n|-heal|p2a: Garganacl|100\/100\n|\n|-heal|p1a: Abyssal Fin|70\/100|[from] item: Leftovers\n|upkeep\n|turn|29\n|\n|t:|1701218197\n|move|p1a: Abyssal Fin|Earthquake|p2a: Garganacl\n|-supereffective|p2a: Garganacl\n|-damage|p2a: Garganacl|83\/100\n|move|p2a: Garganacl|Curse|p2a: Garganacl\n|-unboost|p2a: Garganacl|spe|1\n|-boost|p2a: Garganacl|atk|1\n|-boost|p2a: Garganacl|def|1\n|\n|-heal|p1a: Abyssal Fin|76\/100|[from] item: Leftovers\n|-heal|p2a: Garganacl|89\/100|[from] item: Leftovers\n|upkeep\n|turn|30\n|\n|t:|1701218200\n|move|p1a: Abyssal Fin|Earthquake|p2a: Garganacl\n|-supereffective|p2a: Garganacl\n|-damage|p2a: Garganacl|74\/100\n|move|p2a: Garganacl|Earthquake|p1a: Abyssal Fin\n|-damage|p1a: Abyssal Fin|15\/100\n|\n|-heal|p1a: Abyssal Fin|21\/100|[from] item: Leftovers\n|-heal|p2a: Garganacl|80\/100|[from] item: Leftovers\n|upkeep\n|turn|31\n|\n|t:|1701218202\n|move|p1a: Abyssal Fin|Earthquake|p2a: Garganacl\n|-supereffective|p2a: Garganacl\n|-damage|p2a: Garganacl|65\/100\n|move|p2a: Garganacl|Earthquake|p1a: Abyssal Fin\n|-damage|p1a: Abyssal Fin|0 fnt\n|faint|p1a: Abyssal Fin\n|\n|-heal|p2a: Garganacl|72\/100|[from] item: Leftovers\n|upkeep\n|inactive|SirBoogerBrain has 120 seconds left.\n|\n|t:|1701218242\n|switch|p1a: Stonebreaker|Great Tusk|81\/100\n|turn|32\n|\n|t:|1701218248\n|move|p1a: Stonebreaker|Knock Off|p2a: Garganacl\n|-damage|p2a: Garganacl|67\/100\n|-enditem|p2a: Garganacl|Leftovers|[from] move: Knock Off|[of] p1a: Stonebreaker\n|move|p2a: Garganacl|Recover|p2a: Garganacl\n|-heal|p2a: Garganacl|100\/100\n|\n|-heal|p1a: Stonebreaker|87\/100|[from] item: Leftovers\n|upkeep\n|turn|33\n|\n|t:|1701218251\n|move|p1a: Stonebreaker|Body Press|p2a: Garganacl\n|-supereffective|p2a: Garganacl\n|-damage|p2a: Garganacl|84\/100\n|move|p2a: Garganacl|Earthquake|p1a: Stonebreaker\n|-damage|p1a: Stonebreaker|49\/100\n|\n|-heal|p1a: Stonebreaker|55\/100|[from] item: Leftovers\n|upkeep\n|turn|34\n|\n|t:|1701218259\n|move|p1a: Stonebreaker|Body Press|p2a: Garganacl\n|-supereffective|p2a: Garganacl\n|-damage|p2a: Garganacl|69\/100\n|move|p2a: Garganacl|Earthquake|p1a: Stonebreaker\n|-damage|p1a: Stonebreaker|20\/100\n|\n|-heal|p1a: Stonebreaker|26\/100|[from] item: Leftovers\n|upkeep\n|turn|35\n|\n|t:|1701218262\n|move|p1a: Stonebreaker|Body Press|p2a: Garganacl\n|-supereffective|p2a: Garganacl\n|-damage|p2a: Garganacl|54\/100\n|move|p2a: Garganacl|Recover|p2a: Garganacl\n|-heal|p2a: Garganacl|100\/100\n|\n|-heal|p1a: Stonebreaker|32\/100|[from] item: Leftovers\n|upkeep\n|turn|36\n|\n|t:|1701218265\n|move|p1a: Stonebreaker|Body Press|p2a: Garganacl\n|-supereffective|p2a: Garganacl\n|-damage|p2a: Garganacl|84\/100\n|move|p2a: Garganacl|Earthquake|p1a: Stonebreaker\n|-damage|p1a: Stonebreaker|0 fnt\n|faint|p1a: Stonebreaker\n|-end|p1a: Stonebreaker|Protosynthesis|[silent]\n|\n|upkeep\n|\n|t:|1701218277\n|switch|p1a: Onyx Razor|Kingambit, M|100\/100\n|-activate|p1a: Onyx Razor|ability: Supreme Overlord\n|-start|p1a: Onyx Razor|fallen3|[silent]\n|turn|37\n|\n|t:|1701218281\n|move|p1a: Onyx Razor|Iron Head|p2a: Garganacl\n|-supereffective|p2a: Garganacl\n|-crit|p2a: Garganacl\n|-damage|p2a: Garganacl|0 fnt\n|faint|p2a: Garganacl\n|\n|upkeep\n|\n|t:|1701218285\n|switch|p2a: Great Tusk|Great Tusk|64\/100\n|turn|38\n|c|\u2606SirBoogerBrain|finally\n|c|\u2606Clair117|Lmaooo had it coming\n|\n|t:|1701218306\n|move|p2a: Great Tusk|Headlong Rush|p1a: Onyx Razor\n|-supereffective|p1a: Onyx Razor\n|-damage|p1a: Onyx Razor|17\/100\n|-unboost|p2a: Great Tusk|def|1\n|-unboost|p2a: Great Tusk|spd|1\n|move|p1a: Onyx Razor|Iron Head|p2a: Great Tusk\n|-damage|p2a: Great Tusk|14\/100\n|\n|upkeep\n|turn|39\n|\n|t:|1701218313\n|move|p2a: Great Tusk|Close Combat|p1a: Onyx Razor\n|-supereffective|p1a: Onyx Razor\n|-crit|p1a: Onyx Razor\n|-damage|p1a: Onyx Razor|0 fnt\n|-unboost|p2a: Great Tusk|def|1\n|-unboost|p2a: Great Tusk|spd|1\n|faint|p1a: Onyx Razor\n|-end|p1a: Onyx Razor|fallen3|[silent]\n|\n|upkeep\n|\n|t:|1701218317\n|switch|p1a: Star Lance|Iron Valiant|10\/100\n|turn|40\n|\n|t:|1701218333\n|move|p1a: Star Lance|Close Combat|p2a: Great Tusk\n|-damage|p2a: Great Tusk|0 fnt\n|-unboost|p1a: Star Lance|def|1\n|-unboost|p1a: Star Lance|spd|1\n|faint|p2a: Great Tusk\n|-end|p2a: Great Tusk|Protosynthesis|[silent]\n|\n|upkeep\n|\n|t:|1701218336\n|switch|p2a: Corviknight|Corviknight, F|67\/100 slp\n|-ability|p2a: Corviknight|Pressure\n|turn|41\n|\n|t:|1701218338\n|move|p1a: Star Lance|Close Combat|p2a: Corviknight\n|-damage|p2a: Corviknight|36\/100 slp\n|-unboost|p1a: Star Lance|def|1\n|-unboost|p1a: Star Lance|spd|1\n|cant|p2a: Corviknight|slp\n|\n|-heal|p2a: Corviknight|42\/100 slp|[from] item: Leftovers\n|upkeep\n|turn|42\n|\n|t:|1701218341\n|move|p1a: Star Lance|Close Combat|p2a: Corviknight\n|-damage|p2a: Corviknight|12\/100 slp\n|-unboost|p1a: Star Lance|def|1\n|-unboost|p1a: Star Lance|spd|1\n|cant|p2a: Corviknight|slp\n|\n|-heal|p2a: Corviknight|18\/100 slp|[from] item: Leftovers\n|upkeep\n|turn|43\n|\n|t:|1701218343\n|move|p1a: Star Lance|Close Combat|p2a: Corviknight\n|-damage|p2a: Corviknight|0 fnt\n|-unboost|p1a: Star Lance|def|1\n|-unboost|p1a: Star Lance|spd|1\n|faint|p2a: Corviknight\n|\n|win|SirBoogerBrain\n|raw|SirBoogerBrain's rating: 1306 &rarr; <strong>1329<\/strong><br \/>(+23 for winning)\n|raw|Clair117's rating: 1356 &rarr; <strong>1333<\/strong><br \/>(-23 for losing)\n|c|\u2606Clair117|gg\n|c|\u2606SirBoogerBrain|gg sry for misclick before\n|c|\u2606Clair117|lmaoo no worries\n","uploadtime":1701218357,"views":1,"p1id":"sirboogerbrain","p2id":"clair117","formatid":"gen9ou","rating":1329,"private":0,"password":""}