{"id":"gen9ou-1996197420","p1":"Ilyan95600","p2":"truudy","format":"[Gen 9] OU","log":"|j|\u2606Ilyan95600\n|j|\u2606truudy\n|t:|1700657986\n|gametype|singles\n|player|p1|Ilyan95600|102|1021\n|player|p2|truudy|265|1047\n|teamsize|p1|6\n|teamsize|p2|6\n|gen|9\n|tier|[Gen 9] OU\n|rated|\n|rule|Sleep Clause Mod: Limit one foe put to sleep\n|rule|Species Clause: Limit one of each Pok\u00e9mon\n|rule|OHKO Clause: OHKO moves are banned\n|rule|Evasion Items Clause: Evasion items are banned\n|rule|Evasion Moves Clause: Evasion moves are banned\n|rule|Endless Battle Clause: Forcing endless battles is banned\n|rule|HP Percentage Mod: HP is shown in percentages\n|clearpoke\n|poke|p1|Blissey, F|\n|poke|p1|Hoopa-Unbound|\n|poke|p1|Thundurus-Therian, M|\n|poke|p1|Florges, F|\n|poke|p1|Electrode-Hisui|\n|poke|p1|Avalugg-Hisui, F|\n|poke|p2|Skeledirge, M|\n|poke|p2|Zapdos-Galar|\n|poke|p2|Dusclops, F|\n|poke|p2|Alomomola, M|\n|poke|p2|Haunter, M|\n|poke|p2|Toedscruel, F|\n|teampreview\n|inactive|Battle timer is ON: inactive players will automatically lose when time's up. (requested by Ilyan95600)\n|\n|t:|1700657993\n|start\n|switch|p1a: Electrode|Electrode-Hisui|100\/100\n|switch|p2a: Dusclops|Dusclops, F|100\/100\n|-ability|p2a: Dusclops|Pressure\n|turn|1\n|\n|t:|1700657999\n|move|p1a: Electrode|Electro Ball|p2a: Dusclops\n|-crit|p2a: Dusclops\n|-damage|p2a: Dusclops|60\/100\n|move|p2a: Dusclops|Will-O-Wisp|p1a: Electrode\n|-status|p1a: Electrode|brn\n|\n|-damage|p1a: Electrode|94\/100 brn|[from] brn\n|upkeep\n|turn|2\n|\n|t:|1700658007\n|move|p1a: Electrode|Electro Ball|p2a: Dusclops\n|-damage|p2a: Dusclops|33\/100\n|move|p2a: Dusclops|Pain Split|p1a: Electrode\n|-sethp|p1a: Electrode|65\/100 brn|[from] move: Pain Split|[silent]\n|-sethp|p2a: Dusclops|60\/100|[from] move: Pain Split\n|\n|-damage|p1a: Electrode|59\/100 brn|[from] brn\n|upkeep\n|turn|3\n|\n|t:|1700658015\n|switch|p1a: Avalugg|Avalugg-Hisui, F|100\/100\n|move|p2a: Dusclops|Rest|p2a: Dusclops\n|-status|p2a: Dusclops|slp|[from] move: Rest\n|-heal|p2a: Dusclops|100\/100 slp|[silent]\n|\n|upkeep\n|turn|4\n|\n|t:|1700658023\n|move|p1a: Avalugg|Stealth Rock|p2a: Dusclops\n|-sidestart|p2: truudy|move: Stealth Rock\n|cant|p2a: Dusclops|slp\n|\n|upkeep\n|turn|5\n|\n|t:|1700658028\n|move|p1a: Avalugg|Ice Fang|p2a: Dusclops\n|-damage|p2a: Dusclops|72\/100 slp\n|cant|p2a: Dusclops|slp\n|\n|upkeep\n|turn|6\n|\n|t:|1700658050\n|switch|p1a: Hoopa|Hoopa-Unbound|100\/100\n|-curestatus|p2a: Dusclops|slp|[msg]\n|move|p2a: Dusclops|Will-O-Wisp|p1a: Hoopa\n|-status|p1a: Hoopa|brn\n|\n|-damage|p1a: Hoopa|95\/100 brn|[from] brn\n|upkeep\n|turn|7\n|\n|t:|1700658065\n|move|p1a: Hoopa|Lash Out|p2a: Dusclops\n|-supereffective|p2a: Dusclops\n|-damage|p2a: Dusclops|26\/100\n|move|p2a: Dusclops|Pain Split|p1a: Hoopa\n|-sethp|p1a: Hoopa|60\/100 brn|[from] move: Pain Split|[silent]\n|-sethp|p2a: Dusclops|63\/100|[from] move: Pain Split\n|\n|-damage|p1a: Hoopa|54\/100 brn|[from] brn\n|upkeep\n|turn|8\n|\n|t:|1700658074\n|move|p1a: Hoopa|Lash Out|p2a: Dusclops\n|-supereffective|p2a: Dusclops\n|-damage|p2a: Dusclops|18\/100\n|move|p2a: Dusclops|Rest|p2a: Dusclops\n|-status|p2a: Dusclops|slp|[from] move: Rest\n|-heal|p2a: Dusclops|100\/100 slp|[silent]\n|\n|-damage|p1a: Hoopa|48\/100 brn|[from] brn\n|upkeep\n|turn|9\n|c|\u2606Ilyan95600|fuvk you bitsh\n|inactive|Ilyan95600 has 120 seconds left.\n|-message|Ilyan95600 forfeited.\n|\n|win|truudy\n|raw|Ilyan95600's rating: 1021 &rarr; <strong>1009<\/strong><br \/>(-12 for losing)\n|raw|truudy's rating: 1047 &rarr; <strong>1077<\/strong><br \/>(+30 for winning)\n","uploadtime":1700658097,"views":1,"p1id":"ilyan95600","p2id":"truudy","formatid":"gen9ou","rating":1009,"private":0,"password":""}