{"id":"gen9ou-2000480701","p1":"not nao","p2":"Messi7555","format":"[Gen 9] OU","log":"|j|\u2606not nao\n|j|\u2606Messi7555\n|t:|1701198372\n|gametype|singles\n|player|p1|not nao|janitor|1139\n|player|p2|Messi7555|102|1161\n|teamsize|p1|6\n|teamsize|p2|6\n|gen|9\n|tier|[Gen 9] OU\n|rated|\n|rule|Sleep Clause Mod: Limit one foe put to sleep\n|rule|Species Clause: Limit one of each Pok\u00e9mon\n|rule|OHKO Clause: OHKO moves are banned\n|rule|Evasion Items Clause: Evasion items are banned\n|rule|Evasion Moves Clause: Evasion moves are banned\n|rule|Endless Battle Clause: Forcing endless battles is banned\n|rule|HP Percentage Mod: HP is shown in percentages\n|clearpoke\n|poke|p1|Kingambit, M|\n|poke|p1|Ninetales-Alola, M|\n|poke|p1|Slowking-Galar, M|\n|poke|p1|Polteageist-Antique|\n|poke|p1|Garchomp, M|\n|poke|p1|Great Tusk|\n|poke|p2|Flamigo, F|\n|poke|p2|Great Tusk|\n|poke|p2|Zapdos|\n|poke|p2|Ogerpon-Wellspring, F|\n|poke|p2|Cinderace, M|\n|poke|p2|Dragapult, M|\n|teampreview\n|inactive|Battle timer is ON: inactive players will automatically lose when time's up. (requested by Messi7555)\n|\n|t:|1701198384\n|start\n|switch|p1a: genitales|Ninetales-Alola, M, shiny|100\/100\n|switch|p2a: Cinderace|Cinderace, M|100\/100\n|-weather|Snow|[from] ability: Snow Warning|[of] p1a: genitales\n|turn|1\n|\n|t:|1701198405\n|move|p2a: Cinderace|U-turn|p1a: genitales\n|-start|p2a: Cinderace|typechange|Bug|[from] ability: Libero\n|-resisted|p1a: genitales\n|-damage|p1a: genitales|83\/100\n|\n|t:|1701198413\n|switch|p2a: Zapdos|Zapdos|100\/100|[from] U-turn\n|move|p1a: genitales|Encore||[still]\n|-fail|p1a: genitales\n|\n|-weather|Snow|[upkeep]\n|upkeep\n|turn|2\n|\n|t:|1701198427\n|move|p1a: genitales|Aurora Veil|p1a: genitales\n|-sidestart|p1: not nao|move: Aurora Veil\n|move|p2a: Zapdos|Hurricane|p1a: genitales\n|-damage|p1a: genitales|43\/100\n|\n|-weather|Snow|[upkeep]\n|upkeep\n|turn|3\n|\n|t:|1701198432\n|move|p1a: genitales|Blizzard|p2a: Zapdos\n|-supereffective|p2a: Zapdos\n|-crit|p2a: Zapdos\n|-damage|p2a: Zapdos|0 fnt\n|faint|p2a: Zapdos\n|\n|-weather|Snow|[upkeep]\n|upkeep\n|\n|t:|1701198440\n|switch|p2a: Cinderace|Cinderace, M|100\/100\n|turn|4\n|\n|t:|1701198444\n|move|p2a: Cinderace|Pyro Ball|p1a: genitales\n|-supereffective|p1a: genitales\n|-damage|p1a: genitales|0 fnt\n|faint|p1a: genitales\n|\n|-weather|Snow|[upkeep]\n|upkeep\n|\n|t:|1701198455\n|switch|p1a: tessirve?|Polteageist-Antique, shiny|100\/100\n|turn|5\n|\n|t:|1701198465\n|move|p2a: Cinderace|Court Change|p2a: Cinderace\n|-start|p2a: Cinderace|typechange|Normal|[from] ability: Libero\n|-swapsideconditions\n|-activate|p2a: Cinderace|move: Court Change\n|move|p1a: tessirve?|Shell Smash|p1a: tessirve?\n|-unboost|p1a: tessirve?|def|1\n|-unboost|p1a: tessirve?|spd|1\n|-boost|p1a: tessirve?|atk|2\n|-boost|p1a: tessirve?|spa|2\n|-boost|p1a: tessirve?|spe|2\n|\n|-weather|none\n|upkeep\n|turn|6\n|\n|t:|1701198477\n|move|p2a: Cinderace|Sucker Punch|p1a: tessirve?\n|-supereffective|p1a: tessirve?\n|-enditem|p1a: tessirve?|Focus Sash\n|-damage|p1a: tessirve?|1\/100\n|-ability|p1a: tessirve?|Weak Armor|boost\n|-unboost|p1a: tessirve?|def|1\n|-boost|p1a: tessirve?|spe|2\n|move|p1a: tessirve?|Stored Power|p2a: Cinderace\n|-damage|p2a: Cinderace|2\/100\n|\n|upkeep\n|turn|7\n|\n|t:|1701198489\n|move|p2a: Cinderace|Sucker Punch||[still]\n|-fail|p2a: Cinderace\n|move|p1a: tessirve?|Shell Smash|p1a: tessirve?\n|-unboost|p1a: tessirve?|def|1\n|-unboost|p1a: tessirve?|spd|1\n|-boost|p1a: tessirve?|atk|2\n|-boost|p1a: tessirve?|spa|2\n|-boost|p1a: tessirve?|spe|2\n|\n|upkeep\n|turn|8\n|\n|t:|1701198496\n|move|p2a: Cinderace|Sucker Punch||[still]\n|-fail|p2a: Cinderace\n|move|p1a: tessirve?|Shell Smash|p1a: tessirve?\n|-unboost|p1a: tessirve?|def|1\n|-unboost|p1a: tessirve?|spd|1\n|-boost|p1a: tessirve?|atk|2\n|-boost|p1a: tessirve?|spa|2\n|-boost|p1a: tessirve?|spe|0\n|\n|upkeep\n|turn|9\n|\n|t:|1701198503\n|move|p1a: tessirve?|Stored Power|p2a: Cinderace\n|-damage|p2a: Cinderace|0 fnt\n|faint|p2a: Cinderace\n|\n|-sideend|p2: Messi7555|move: Aurora Veil\n|upkeep\n|-message|Messi7555 forfeited.\n|\n|win|not nao\n|raw|not nao's rating: 1139 &rarr; <strong>1166<\/strong><br \/>(+27 for winning)\n|raw|Messi7555's rating: 1161 &rarr; <strong>1134<\/strong><br \/>(-27 for losing)\n|l|\u2606Messi7555\n","uploadtime":1701198530,"views":4,"p1id":"notnao","p2id":"messi7555","formatid":"gen9ou","rating":1134,"private":0,"password":""}