{"id":"gen9ou-1997211633","p1":"Caffeine_badger","p2":"Rwbyred","format":"[Gen 9] OU","log":"|j|\u2606Caffeine_badger\n|j|\u2606Rwbyred\n|t:|1700776071\n|gametype|singles\n|player|p1|Caffeine_badger|richboy-gen4|1351\n|player|p2|Rwbyred|marlon|1383\n|teamsize|p1|6\n|teamsize|p2|6\n|gen|9\n|tier|[Gen 9] OU\n|rated|\n|rule|Sleep Clause Mod: Limit one foe put to sleep\n|rule|Species Clause: Limit one of each Pok\u00e9mon\n|rule|OHKO Clause: OHKO moves are banned\n|rule|Evasion Items Clause: Evasion items are banned\n|rule|Evasion Moves Clause: Evasion moves are banned\n|rule|Endless Battle Clause: Forcing endless battles is banned\n|rule|HP Percentage Mod: HP is shown in percentages\n|clearpoke\n|poke|p1|Gyarados, F|\n|poke|p1|Iron Valiant|\n|poke|p1|Kingambit, M|\n|poke|p1|Grimmsnarl, M|\n|poke|p1|Breloom, M|\n|poke|p1|Great Tusk|\n|poke|p2|Clodsire, F|\n|poke|p2|Dragonite, F|\n|poke|p2|Hatterene, F|\n|poke|p2|Ogerpon-Wellspring, F|\n|poke|p2|Skeledirge, M|\n|poke|p2|Great Tusk|\n|teampreview\n|inactive|Battle timer is ON: inactive players will automatically lose when time's up. (requested by Rwbyred)\n|j| IKANTLOSE\n|\n|t:|1700776085\n|start\n|switch|p1a: Breloom|Breloom, M|100\/100\n|switch|p2a: Ogerpon|Ogerpon-Wellspring, F|100\/100\n|turn|1\n|\n|t:|1700776101\n|-terastallize|p1a: Breloom|Grass\n|move|p2a: Ogerpon|U-turn|p1a: Breloom\n|-supereffective|p1a: Breloom\n|-damage|p1a: Breloom|12\/100\n|\n|t:|1700776109\n|switch|p2a: Skeledirge|Skeledirge, M|100\/100|[from] U-turn\n|move|p1a: Breloom|Bullet Seed|p2a: Skeledirge\n|-resisted|p2a: Skeledirge\n|-damage|p2a: Skeledirge|90\/100\n|-resisted|p2a: Skeledirge\n|-damage|p2a: Skeledirge|78\/100\n|-resisted|p2a: Skeledirge\n|-damage|p2a: Skeledirge|67\/100\n|-resisted|p2a: Skeledirge\n|-damage|p2a: Skeledirge|56\/100\n|-resisted|p2a: Skeledirge\n|-damage|p2a: Skeledirge|46\/100\n|-hitcount|p2a: Skeledirge|5\n|\n|upkeep\n|turn|2\n|\n|t:|1700776122\n|move|p1a: Breloom|Spore|p2a: Skeledirge\n|-status|p2a: Skeledirge|slp|[from] move: Spore\n|cant|p2a: Skeledirge|slp\n|\n|upkeep\n|turn|3\n|\n|t:|1700776129\n|switch|p2a: Dragonite|Dragonite, F|100\/100\n|move|p1a: Breloom|Bulldoze|p2a: Dragonite\n|-immune|p2a: Dragonite\n|\n|upkeep\n|turn|4\n|\n|t:|1700776144\n|switch|p1a: Grimmsnarl|Grimmsnarl, M, shiny|100\/100\n|move|p2a: Dragonite|Dragon Dance|p2a: Dragonite\n|-boost|p2a: Dragonite|atk|1\n|-boost|p2a: Dragonite|spe|1\n|\n|upkeep\n|turn|5\n|\n|t:|1700776150\n|move|p2a: Dragonite|Extreme Speed|p1a: Grimmsnarl\n|-damage|p1a: Grimmsnarl|31\/100\n|move|p1a: Grimmsnarl|Trick|p2a: Dragonite\n|-activate|p1a: Grimmsnarl|move: Trick|[of] p2a: Dragonite\n|-item|p2a: Dragonite|Choice Scarf|[from] move: Trick\n|-item|p1a: Grimmsnarl|Leftovers|[from] move: Trick\n|\n|-heal|p1a: Grimmsnarl|37\/100|[from] item: Leftovers\n|upkeep\n|turn|6\n|\n|t:|1700776159\n|move|p2a: Dragonite|Extreme Speed|p1a: Grimmsnarl\n|-damage|p1a: Grimmsnarl|0 fnt\n|faint|p1a: Grimmsnarl\n|\n|upkeep\n|\n|t:|1700776163\n|switch|p1a: Great Tusk|Great Tusk|100\/100\n|turn|7\n|\n|t:|1700776169\n|switch|p2a: Hatterene|Hatterene, F|100\/100\n|move|p1a: Great Tusk|Rapid Spin|p2a: Hatterene\n|-damage|p2a: Hatterene|83\/100\n|-boost|p1a: Great Tusk|spe|1\n|\n|-heal|p2a: Hatterene|89\/100|[from] item: Leftovers\n|upkeep\n|turn|8\n|\n|t:|1700776175\n|move|p1a: Great Tusk|Headlong Rush|p2a: Hatterene\n|-damage|p2a: Hatterene|31\/100\n|-unboost|p1a: Great Tusk|def|1\n|-unboost|p1a: Great Tusk|spd|1\n|move|p2a: Hatterene|Draining Kiss|p1a: Great Tusk\n|-supereffective|p1a: Great Tusk\n|-damage|p1a: Great Tusk|33\/100\n|-heal|p2a: Hatterene|100\/100|[from] drain|[of] p1a: Great Tusk\n|\n|upkeep\n|turn|9\n|\n|t:|1700776184\n|move|p1a: Great Tusk|Headlong Rush|p2a: Hatterene\n|-damage|p2a: Hatterene|43\/100\n|-unboost|p1a: Great Tusk|def|1\n|-unboost|p1a: Great Tusk|spd|1\n|move|p2a: Hatterene|Draining Kiss|p1a: Great Tusk\n|-supereffective|p1a: Great Tusk\n|-damage|p1a: Great Tusk|0 fnt\n|-heal|p2a: Hatterene|77\/100|[from] drain|[of] p1a: Great Tusk\n|faint|p1a: Great Tusk\n|-end|p1a: Great Tusk|Protosynthesis|[silent]\n|\n|-heal|p2a: Hatterene|84\/100|[from] item: Leftovers\n|upkeep\n|\n|t:|1700776191\n|switch|p1a: Kingambit|Kingambit, M|100\/100\n|turn|10\n|\n|t:|1700776200\n|switch|p2a: Dragonite|Dragonite, F|100\/100\n|move|p1a: Kingambit|Swords Dance|p1a: Kingambit\n|-boost|p1a: Kingambit|atk|2\n|\n|upkeep\n|turn|11\n|\n|t:|1700776207\n|move|p2a: Dragonite|Earthquake|p1a: Kingambit\n|-supereffective|p1a: Kingambit\n|-damage|p1a: Kingambit|47\/100\n|move|p1a: Kingambit|Iron Head|p2a: Dragonite\n|-damage|p2a: Dragonite|49\/100\n|\n|upkeep\n|turn|12\n|\n|t:|1700776215\n|move|p1a: Kingambit|Sucker Punch|p2a: Dragonite\n|-damage|p2a: Dragonite|0 fnt\n|faint|p2a: Dragonite\n|\n|upkeep\n|\n|t:|1700776220\n|switch|p2a: Great Tusk|Great Tusk|100\/100\n|turn|13\n|\n|t:|1700776225\n|move|p2a: Great Tusk|Rapid Spin|p1a: Kingambit\n|-resisted|p1a: Kingambit\n|-damage|p1a: Kingambit|40\/100\n|-boost|p2a: Great Tusk|spe|1\n|move|p1a: Kingambit|Iron Head|p2a: Great Tusk\n|-damage|p2a: Great Tusk|36\/100\n|\n|-heal|p2a: Great Tusk|42\/100|[from] item: Leftovers\n|upkeep\n|turn|14\n|\n|t:|1700776239\n|move|p1a: Kingambit|Sucker Punch|p2a: Great Tusk\n|-resisted|p2a: Great Tusk\n|-damage|p2a: Great Tusk|13\/100\n|move|p2a: Great Tusk|Earthquake|p1a: Kingambit\n|-supereffective|p1a: Kingambit\n|-damage|p1a: Kingambit|0 fnt\n|faint|p1a: Kingambit\n|\n|-heal|p2a: Great Tusk|19\/100|[from] item: Leftovers\n|upkeep\n|\n|t:|1700776246\n|switch|p1a: Breloom|Breloom, M, tera:Grass|12\/100\n|turn|15\n|\n|t:|1700776254\n|move|p1a: Breloom|Mach Punch|p2a: Great Tusk\n|-damage|p2a: Great Tusk|0 fnt\n|faint|p2a: Great Tusk\n|-end|p2a: Great Tusk|Protosynthesis|[silent]\n|\n|upkeep\n|\n|t:|1700776260\n|switch|p2a: Ogerpon|Ogerpon-Wellspring, F|100\/100\n|turn|16\n|\n|t:|1700776263\n|move|p1a: Breloom|Mach Punch|p2a: Ogerpon\n|-damage|p2a: Ogerpon|57\/100\n|move|p2a: Ogerpon|Ivy Cudgel|p1a: Breloom|[anim] Ivy Cudgel Water\n|-resisted|p1a: Breloom\n|-damage|p1a: Breloom|0 fnt\n|faint|p1a: Breloom\n|\n|upkeep\n|\n|t:|1700776266\n|switch|p1a: Iron Valiant|Iron Valiant|100\/100\n|-enditem|p1a: Iron Valiant|Booster Energy\n|-activate|p1a: Iron Valiant|ability: Quark Drive|[fromitem]\n|-start|p1a: Iron Valiant|quarkdrivespe\n|turn|17\n|\n|t:|1700776274\n|switch|p2a: Clodsire|Clodsire, F|100\/100\n|move|p1a: Iron Valiant|Moonblast|p2a: Clodsire\n|-resisted|p2a: Clodsire\n|-damage|p2a: Clodsire|88\/100\n|-unboost|p2a: Clodsire|spa|1\n|\n|-heal|p2a: Clodsire|94\/100|[from] item: Leftovers\n|upkeep\n|turn|18\n|\n|t:|1700776279\n|move|p1a: Iron Valiant|Moonblast|p2a: Clodsire\n|-resisted|p2a: Clodsire\n|-damage|p2a: Clodsire|81\/100\n|move|p2a: Clodsire|Toxic|p1a: Iron Valiant\n|-status|p1a: Iron Valiant|tox\n|\n|-heal|p2a: Clodsire|87\/100|[from] item: Leftovers\n|-damage|p1a: Iron Valiant|94\/100 tox|[from] psn\n|upkeep\n|turn|19\n|\n|t:|1700776288\n|move|p1a: Iron Valiant|Calm Mind|p1a: Iron Valiant\n|-boost|p1a: Iron Valiant|spa|1\n|-boost|p1a: Iron Valiant|spd|1\n|move|p2a: Clodsire|Toxic|p1a: Iron Valiant\n|-fail|p1a: Iron Valiant|tox\n|\n|-heal|p2a: Clodsire|94\/100|[from] item: Leftovers\n|-damage|p1a: Iron Valiant|82\/100 tox|[from] psn\n|upkeep\n|turn|20\n|\n|t:|1700776293\n|move|p1a: Iron Valiant|Moonblast|p2a: Clodsire\n|-resisted|p2a: Clodsire\n|-damage|p2a: Clodsire|76\/100\n|move|p2a: Clodsire|Earthquake|p1a: Iron Valiant\n|-damage|p1a: Iron Valiant|45\/100 tox\n|\n|-heal|p2a: Clodsire|83\/100|[from] item: Leftovers\n|-damage|p1a: Iron Valiant|27\/100 tox|[from] psn\n|upkeep\n|turn|21\n|\n|t:|1700776297\n|move|p1a: Iron Valiant|Moonblast|p2a: Clodsire\n|-resisted|p2a: Clodsire\n|-damage|p2a: Clodsire|65\/100\n|move|p2a: Clodsire|Recover|p2a: Clodsire\n|-heal|p2a: Clodsire|100\/100\n|\n|-damage|p1a: Iron Valiant|2\/100 tox|[from] psn\n|upkeep\n|turn|22\n|\n|t:|1700776304\n|move|p2a: Clodsire|Protect|p2a: Clodsire\n|-singleturn|p2a: Clodsire|Protect\n|move|p1a: Iron Valiant|Moonblast|p2a: Clodsire\n|-activate|p2a: Clodsire|move: Protect\n|\n|-damage|p1a: Iron Valiant|0 fnt|[from] psn\n|faint|p1a: Iron Valiant\n|-end|p1a: Iron Valiant|Quark Drive|[silent]\n|upkeep\n|\n|t:|1700776305\n|switch|p1a: Gyarados|Gyarados, F, shiny|100\/100\n|turn|23\n|\n|t:|1700776308\n|move|p1a: Gyarados|Taunt|p2a: Clodsire\n|-start|p2a: Clodsire|move: Taunt\n|cant|p2a: Clodsire|move: Taunt|Toxic\n|\n|upkeep\n|turn|24\n|\n|t:|1700776311\n|switch|p2a: Ogerpon|Ogerpon-Wellspring, F|57\/100\n|move|p1a: Gyarados|Dragon Dance|p1a: Gyarados\n|-boost|p1a: Gyarados|atk|1\n|-boost|p1a: Gyarados|spe|1\n|\n|upkeep\n|turn|25\n|\n|t:|1700776337\n|-terastallize|p2a: Ogerpon|Water\n|detailschange|p2a: Ogerpon|Ogerpon-Wellspring-Tera, F, tera:Water\n|-ability|p2a: Ogerpon|Embody Aspect (Wellspring)|boost\n|-boost|p2a: Ogerpon|spd|1\n|move|p1a: Gyarados|Earthquake|p2a: Ogerpon\n|-damage|p2a: Ogerpon|0 fnt\n|faint|p2a: Ogerpon\n|-ability|p1a: Gyarados|Moxie|boost\n|-boost|p1a: Gyarados|atk|1\n|\n|upkeep\n|\n|t:|1700776345\n|switch|p2a: Clodsire|Clodsire, F|100\/100\n|turn|26\n|\n|t:|1700776350\n|move|p1a: Gyarados|Taunt|p2a: Clodsire\n|-start|p2a: Clodsire|move: Taunt\n|cant|p2a: Clodsire|move: Taunt|Toxic\n|\n|upkeep\n|turn|27\n|\n|t:|1700776354\n|switch|p2a: Skeledirge|Skeledirge, M|46\/100 slp\n|move|p1a: Gyarados|Dragon Dance|p1a: Gyarados\n|-boost|p1a: Gyarados|atk|1\n|-boost|p1a: Gyarados|spe|1\n|\n|upkeep\n|turn|28\n|\n|t:|1700776358\n|move|p1a: Gyarados|Earthquake|p2a: Skeledirge\n|-supereffective|p2a: Skeledirge\n|-damage|p2a: Skeledirge|0 fnt\n|faint|p2a: Skeledirge\n|-ability|p1a: Gyarados|Moxie|boost\n|-boost|p1a: Gyarados|atk|1\n|\n|upkeep\n|\n|t:|1700776360\n|switch|p2a: Hatterene|Hatterene, F|84\/100\n|turn|29\n|\n|t:|1700776368\n|move|p1a: Gyarados|Waterfall|p2a: Hatterene\n|-damage|p2a: Hatterene|0 fnt\n|faint|p2a: Hatterene\n|-ability|p1a: Gyarados|Moxie|boost\n|-boost|p1a: Gyarados|atk|1\n|\n|upkeep\n|\n|t:|1700776374\n|switch|p2a: Clodsire|Clodsire, F|100\/100\n|turn|30\n|\n|t:|1700776377\n|move|p2a: Clodsire|Protect|p2a: Clodsire\n|-singleturn|p2a: Clodsire|Protect\n|move|p1a: Gyarados|Earthquake|p2a: Clodsire\n|-activate|p2a: Clodsire|move: Protect\n|\n|upkeep\n|turn|31\n|\n|t:|1700776381\n|move|p1a: Gyarados|Taunt|p2a: Clodsire\n|-start|p2a: Clodsire|move: Taunt\n|cant|p2a: Clodsire|move: Taunt|Toxic\n|\n|upkeep\n|turn|32\n|\n|t:|1700776386\n|move|p1a: Gyarados|Dragon Dance|p1a: Gyarados\n|-boost|p1a: Gyarados|atk|1\n|-boost|p1a: Gyarados|spe|1\n|move|p2a: Clodsire|Earthquake|p1a: Gyarados\n|-immune|p1a: Gyarados\n|\n|upkeep\n|turn|33\n|\n|t:|1700776389\n|move|p1a: Gyarados|Dragon Dance|p1a: Gyarados\n|-boost|p1a: Gyarados|atk|0\n|-boost|p1a: Gyarados|spe|1\n|move|p2a: Clodsire|Earthquake|p1a: Gyarados\n|-immune|p1a: Gyarados\n|\n|-end|p2a: Clodsire|move: Taunt\n|upkeep\n|turn|34\n|\n|t:|1700776395\n|move|p2a: Clodsire|Protect|p2a: Clodsire\n|-singleturn|p2a: Clodsire|Protect\n|move|p1a: Gyarados|Taunt|p2a: Clodsire\n|-activate|p2a: Clodsire|move: Protect\n|\n|upkeep\n|turn|35\n|\n|t:|1700776398\n|move|p1a: Gyarados|Taunt|p2a: Clodsire\n|-start|p2a: Clodsire|move: Taunt\n|cant|p2a: Clodsire|move: Taunt|Toxic\n|\n|upkeep\n|turn|36\n|\n|t:|1700776401\n|move|p1a: Gyarados|Dragon Dance|p1a: Gyarados\n|-boost|p1a: Gyarados|atk|0\n|-boost|p1a: Gyarados|spe|1\n|move|p2a: Clodsire|Earthquake|p1a: Gyarados\n|-immune|p1a: Gyarados\n|\n|upkeep\n|turn|37\n|\n|t:|1700776406\n|move|p1a: Gyarados|Dragon Dance|p1a: Gyarados\n|-boost|p1a: Gyarados|atk|0\n|-boost|p1a: Gyarados|spe|1\n|move|p2a: Clodsire|Earthquake|p1a: Gyarados\n|-immune|p1a: Gyarados\n|\n|-end|p2a: Clodsire|move: Taunt\n|upkeep\n|turn|38\n|\n|t:|1700776414\n|move|p1a: Gyarados|Earthquake|p2a: Clodsire\n|-supereffective|p2a: Clodsire\n|-crit|p2a: Clodsire\n|-damage|p2a: Clodsire|0 fnt\n|faint|p2a: Clodsire\n|\n|win|Caffeine_badger\n|raw|Caffeine_badger's rating: 1351 &rarr; <strong>1373<\/strong><br \/>(+22 for winning)\n|raw|Rwbyred's rating: 1383 &rarr; <strong>1361<\/strong><br \/>(-22 for losing)\n|l|\u2606Rwbyred\n|l|\u2606Caffeine_badger\n|c| IKANTLOSE|ohhh\n","uploadtime":1700776864,"views":5,"p1id":"caffeinebadger","p2id":"rwbyred","formatid":"gen9ou","rating":1361,"private":0,"password":""}