{"id":"gen9ou-1990821795","p1":"Zovafire","p2":"Malv de Coolio","format":"[Gen 9] OU","log":"|j|\u2606Zovafire\n|j|\u2606Malv de Coolio\n|t:|1700004334\n|gametype|singles\n|player|p1|Zovafire|sightseerf|\n|player|p2|Malv de Coolio|waitress-gen4|\n|teamsize|p1|6\n|teamsize|p2|6\n|gen|9\n|tier|[Gen 9] OU\n|rule|Sleep Clause Mod: Limit one foe put to sleep\n|rule|Species Clause: Limit one of each Pok\u00e9mon\n|rule|OHKO Clause: OHKO moves are banned\n|rule|Evasion Items Clause: Evasion items are banned\n|rule|Evasion Moves Clause: Evasion moves are banned\n|rule|Endless Battle Clause: Forcing endless battles is banned\n|rule|HP Percentage Mod: HP is shown in percentages\n|clearpoke\n|poke|p1|Cinderace, F|\n|poke|p1|Meowscarada, F|\n|poke|p1|Greninja-*, M|\n|poke|p1|Iron Valiant|\n|poke|p1|Quaquaval, M|\n|poke|p1|Dragapult, F|\n|poke|p2|Hippowdon, F|\n|poke|p2|Quagsire, M|\n|poke|p2|Clodsire, F|\n|poke|p2|Enamorus, F|\n|poke|p2|Garchomp, F|\n|poke|p2|Heatran, F|\n|teampreview\n|inactive|Battle timer is ON: inactive players will automatically lose when time's up. (requested by Zovafire)\n|c|\u2606Malv de Coolio|can you tell this is a sand team yet\n|\n|t:|1700004351\n|start\n|switch|p1a: Croaking Darkness|Greninja, M, shiny|100\/100\n|switch|p2a: Baguette|Hippowdon, F|100\/100\n|-weather|Sandstorm|[from] ability: Sand Stream|[of] p2a: Baguette\n|turn|1\n|c|\u2606Zovafire|yeah\n|\n|t:|1700004362\n|-terastallize|p2a: Baguette|Grass\n|move|p1a: Croaking Darkness|Ice Beam|p2a: Baguette\n|-start|p1a: Croaking Darkness|typechange|Ice|[from] ability: Protean\n|-supereffective|p2a: Baguette\n|-damage|p2a: Baguette|0 fnt\n|faint|p2a: Baguette\n|\n|-weather|Sandstorm|[upkeep]\n|-damage|p1a: Croaking Darkness|95\/100|[from] Sandstorm\n|upkeep\n|c|\u2606Malv de Coolio|oh\n|c|\u2606Malv de Coolio|well\n|c|\u2606Malv de Coolio|that wasnt nice\n|\n|t:|1700004379\n|switch|p2a: Dough|Heatran, F|100\/100\n|turn|2\n|\n|t:|1700004383\n|switch|p1a: Feathered Fruity|Quaquaval, M|100\/100\n|move|p2a: Dough|Flamethrower|p1a: Feathered Fruity\n|-resisted|p1a: Feathered Fruity\n|-damage|p1a: Feathered Fruity|57\/100\n|-damage|p2a: Dough|91\/100|[from] item: Life Orb\n|\n|-weather|Sandstorm|[upkeep]\n|-damage|p1a: Feathered Fruity|51\/100|[from] Sandstorm\n|upkeep\n|turn|3\n|\n|t:|1700004395\n|move|p1a: Feathered Fruity|Ice Spinner|p2a: Dough\n|-resisted|p2a: Dough\n|-damage|p2a: Dough|86\/100\n|move|p2a: Dough|Flamethrower|p1a: Feathered Fruity\n|-resisted|p1a: Feathered Fruity\n|-damage|p1a: Feathered Fruity|5\/100\n|-status|p1a: Feathered Fruity|brn\n|-enditem|p1a: Feathered Fruity|Lum Berry|[eat]\n|-curestatus|p1a: Feathered Fruity|brn|[msg]\n|-damage|p2a: Dough|76\/100|[from] item: Life Orb\n|\n|-weather|Sandstorm|[upkeep]\n|-damage|p1a: Feathered Fruity|0 fnt|[from] Sandstorm\n|faint|p1a: Feathered Fruity\n|upkeep\n|\n|t:|1700004401\n|switch|p1a: Purring Mask|Meowscarada, F, shiny|100\/100\n|turn|4\n|\n|t:|1700004420\n|move|p1a: Purring Mask|Low Kick|p2a: Dough\n|-start|p1a: Purring Mask|typechange|Fighting|[from] ability: Protean\n|-supereffective|p2a: Dough\n|-damage|p2a: Dough|0 fnt\n|faint|p2a: Dough\n|\n|-weather|Sandstorm|[upkeep]\n|-damage|p1a: Purring Mask|94\/100|[from] Sandstorm\n|upkeep\n|\n|t:|1700004432\n|switch|p2a: Muffin|Garchomp, F|100\/100\n|turn|5\n|\n|t:|1700004446\n|switch|p1a: Kicking Blaze|Cinderace, F|100\/100\n|move|p2a: Muffin|Earthquake|p1a: Kicking Blaze\n|-supereffective|p1a: Kicking Blaze\n|-damage|p1a: Kicking Blaze|0 fnt\n|faint|p1a: Kicking Blaze\n|\n|-weather|Sandstorm|[upkeep]\n|upkeep\n|\n|t:|1700004464\n|switch|p1a: Ghaster Blaster|Dragapult, F, shiny|100\/100\n|turn|6\n|c|\u2606Malv de Coolio|those are awesome names btw\n|\n|t:|1700004469\n|move|p1a: Ghaster Blaster|Will-O-Wisp|p2a: Muffin\n|-status|p2a: Muffin|brn\n|move|p2a: Muffin|Earthquake|p1a: Ghaster Blaster\n|-damage|p1a: Ghaster Blaster|47\/100\n|\n|-weather|Sandstorm|[upkeep]\n|-damage|p1a: Ghaster Blaster|41\/100|[from] Sandstorm\n|-heal|p1a: Ghaster Blaster|47\/100|[from] item: Leftovers\n|-damage|p2a: Muffin|94\/100 brn|[from] brn\n|upkeep\n|turn|7\n|\n|t:|1700004476\n|move|p1a: Ghaster Blaster|Hex|p2a: Muffin\n|-damage|p2a: Muffin|31\/100 brn\n|move|p2a: Muffin|Earthquake|p1a: Ghaster Blaster\n|-damage|p1a: Ghaster Blaster|0 fnt\n|faint|p1a: Ghaster Blaster\n|\n|-weather|Sandstorm|[upkeep]\n|-damage|p2a: Muffin|25\/100 brn|[from] brn\n|upkeep\n|\n|t:|1700004480\n|switch|p1a: Zero Z|Iron Valiant|100\/100\n|-enditem|p1a: Zero Z|Booster Energy\n|-activate|p1a: Zero Z|ability: Quark Drive|[fromitem]\n|-start|p1a: Zero Z|quarkdrivespe\n|turn|8\n|c|\u2606Zovafire|lmao\n|inactive|Malv de Coolio has 270 seconds left.\n|\n|t:|1700004526\n|move|p1a: Zero Z|Moonblast|p2a: Muffin\n|-supereffective|p2a: Muffin\n|-damage|p2a: Muffin|0 fnt\n|faint|p2a: Muffin\n|\n|-weather|none\n|upkeep\n|\n|t:|1700004532\n|switch|p2a: Puff|Clodsire, F, shiny|100\/100\n|turn|9\n|\n|t:|1700004541\n|-end|p1a: Zero Z|Quark Drive|[silent]\n|switch|p1a: Croaking Darkness|Greninja, M, shiny|95\/100\n|move|p2a: Puff|Gunk Shot|p1a: Croaking Darkness\n|-damage|p1a: Croaking Darkness|24\/100\n|\n|upkeep\n|turn|10\n|\n|t:|1700004550\n|move|p1a: Croaking Darkness|Extrasensory|p2a: Puff\n|-start|p1a: Croaking Darkness|typechange|Psychic|[from] ability: Protean\n|-supereffective|p2a: Puff\n|-crit|p2a: Puff\n|-damage|p2a: Puff|0 fnt\n|faint|p2a: Puff\n|\n|upkeep\n|\n|t:|1700004559\n|switch|p2a: Cream|Enamorus, F|100\/100\n|turn|11\n|inactive|Malv de Coolio has 270 seconds left.\n|\n|t:|1700004567\n|move|p1a: Croaking Darkness|Extrasensory|p2a: Cream\n|-damage|p2a: Cream|30\/100\n|move|p2a: Cream|Mystical Fire|p1a: Croaking Darkness\n|-damage|p1a: Croaking Darkness|0 fnt\n|faint|p1a: Croaking Darkness\n|\n|upkeep\n|\n|t:|1700004570\n|switch|p1a: Zero Z|Iron Valiant|100\/100\n|turn|12\n|inactive|Malv de Coolio has 270 seconds left.\n|\n|t:|1700004588\n|move|p1a: Zero Z|Thunderbolt|p2a: Cream\n|-supereffective|p2a: Cream\n|-damage|p2a: Cream|0 fnt\n|faint|p2a: Cream\n|\n|upkeep\n|\n|t:|1700004591\n|switch|p2a: Churro|Quagsire, M|100\/100\n|turn|13\n|\n|t:|1700004599\n|move|p1a: Zero Z|Moonblast|p2a: Churro\n|-damage|p2a: Churro|55\/100\n|move|p2a: Churro|Chilling Water|p1a: Zero Z\n|-damage|p1a: Zero Z|76\/100\n|-unboost|p1a: Zero Z|atk|1\n|\n|-heal|p2a: Churro|61\/100|[from] item: Leftovers\n|upkeep\n|turn|14\n|\n|t:|1700004603\n|move|p1a: Zero Z|Drain Punch|p2a: Churro\n|-damage|p2a: Churro|42\/100\n|-heal|p1a: Zero Z|88\/100|[from] drain|[of] p2a: Churro\n|move|p2a: Churro|Recover|p2a: Churro\n|-heal|p2a: Churro|92\/100\n|\n|-heal|p2a: Churro|98\/100|[from] item: Leftovers\n|upkeep\n|turn|15\n|\n|t:|1700004606\n|move|p1a: Zero Z|Moonblast|p2a: Churro\n|-damage|p2a: Churro|51\/100\n|-unboost|p2a: Churro|spa|1\n|move|p2a: Churro|Chilling Water|p1a: Zero Z\n|-damage|p1a: Zero Z|72\/100\n|-unboost|p1a: Zero Z|atk|1\n|\n|-heal|p2a: Churro|57\/100|[from] item: Leftovers\n|upkeep\n|turn|16\n|\n|t:|1700004632\n|move|p1a: Zero Z|Shadow Ball|p2a: Churro\n|-damage|p2a: Churro|31\/100\n|move|p2a: Churro|Chilling Water|p1a: Zero Z\n|-damage|p1a: Zero Z|53\/100\n|-unboost|p1a: Zero Z|atk|1\n|\n|-heal|p2a: Churro|37\/100|[from] item: Leftovers\n|upkeep\n|turn|17\n|\n|t:|1700004636\n|move|p1a: Zero Z|Shadow Ball|p2a: Churro\n|-damage|p2a: Churro|9\/100\n|move|p2a: Churro|Recover|p2a: Churro\n|-heal|p2a: Churro|59\/100\n|\n|-heal|p2a: Churro|65\/100|[from] item: Leftovers\n|upkeep\n|turn|18\n|\n|t:|1700004639\n|move|p1a: Zero Z|Drain Punch|p2a: Churro\n|-damage|p2a: Churro|52\/100\n|-heal|p1a: Zero Z|62\/100|[from] drain|[of] p2a: Churro\n|move|p2a: Churro|Recover|p2a: Churro\n|-heal|p2a: Churro|100\/100\n|\n|upkeep\n|turn|19\n|\n|t:|1700004643\n|move|p1a: Zero Z|Shadow Ball|p2a: Churro\n|-damage|p2a: Churro|73\/100\n|move|p2a: Churro|Chilling Water|p1a: Zero Z\n|-damage|p1a: Zero Z|45\/100\n|-unboost|p1a: Zero Z|atk|1\n|\n|-heal|p2a: Churro|79\/100|[from] item: Leftovers\n|upkeep\n|turn|20\n|\n|t:|1700004654\n|move|p1a: Zero Z|Shadow Ball|p2a: Churro\n|-crit|p2a: Churro\n|-damage|p2a: Churro|42\/100\n|-unboost|p2a: Churro|spd|1\n|move|p2a: Churro|Chilling Water|p1a: Zero Z\n|-damage|p1a: Zero Z|28\/100\n|-unboost|p1a: Zero Z|atk|1\n|\n|-heal|p2a: Churro|48\/100|[from] item: Leftovers\n|upkeep\n|turn|21\n|\n|t:|1700004659\n|move|p1a: Zero Z|Moonblast|p2a: Churro\n|-damage|p2a: Churro|0 fnt\n|faint|p2a: Churro\n|\n|win|Zovafire\n|c|\u2606Malv de Coolio|gg\n|c|\u2606Zovafire|gg\n","uploadtime":1700004672,"views":12,"p1id":"zovafire","p2id":"malvdecoolio","formatid":"gen9ou","rating":0,"private":0,"password":""}