{"id":"gen9ou-1997032325","p1":"BugCatcherN8R1X","p2":"Dr.WellsSwag777","format":"[Gen 9] OU","log":"|j|\u2606BugCatcherN8R1X\n|j|\u2606Dr.WellsSwag777\n|t:|1700757656\n|gametype|singles\n|player|p1|BugCatcherN8R1X|bugcatcher-gen4dp|1255\n|player|p2|Dr.WellsSwag777|policeman-gen4|1218\n|teamsize|p1|6\n|teamsize|p2|6\n|gen|9\n|tier|[Gen 9] OU\n|rated|\n|rule|Sleep Clause Mod: Limit one foe put to sleep\n|rule|Species Clause: Limit one of each Pok\u00e9mon\n|rule|OHKO Clause: OHKO moves are banned\n|rule|Evasion Items Clause: Evasion items are banned\n|rule|Evasion Moves Clause: Evasion moves are banned\n|rule|Endless Battle Clause: Forcing endless battles is banned\n|rule|HP Percentage Mod: HP is shown in percentages\n|clearpoke\n|poke|p1|Kleavor, M|\n|poke|p1|Lokix, M|\n|poke|p1|Yanmega, M|\n|poke|p1|Slither Wing|\n|poke|p1|Scizor, M|\n|poke|p1|Frosmoth, M|\n|poke|p2|Ceruledge, M|\n|poke|p2|Manaphy|\n|poke|p2|Rillaboom, M|\n|poke|p2|Ribombee, M|\n|poke|p2|Toxapex, F|\n|poke|p2|Garchomp, M|\n|teampreview\n|inactive|Battle timer is ON: inactive players will automatically lose when time's up. (requested by BugCatcherN8R1X)\n|c|\u2606BugCatcherN8R1X|Bug Catcher Natrix wants to battle!\n|inactive|BugCatcherN8R1X has 120 seconds left.\n|\n|t:|1700757713\n|start\n|switch|p1a: Hachiman|Kleavor, M|100\/100\n|switch|p2a: Toxapex|Toxapex, F|100\/100\n|turn|1\n|\n|t:|1700757720\n|move|p1a: Hachiman|U-turn|p2a: Toxapex\n|-resisted|p2a: Toxapex\n|-damage|p2a: Toxapex|87\/100\n|\n|t:|1700757723\n|switch|p1a: Ares|Scizor, M|100\/100|[from] U-turn\n|move|p2a: Toxapex|Toxic|p1a: Ares\n|-immune|p1a: Ares\n|\n|-heal|p2a: Toxapex|94\/100|[from] item: Leftovers\n|upkeep\n|turn|2\n|\n|t:|1700757731\n|move|p1a: Ares|Swords Dance|p1a: Ares\n|-boost|p1a: Ares|atk|2\n|move|p2a: Toxapex|Surf|p1a: Ares\n|-damage|p1a: Ares|77\/100\n|\n|-heal|p2a: Toxapex|99\/100|[from] item: Leftovers\n|upkeep\n|turn|3\n|\n|t:|1700757741\n|move|p1a: Ares|Knock Off|p2a: Toxapex\n|-damage|p2a: Toxapex|51\/100\n|-enditem|p2a: Toxapex|Leftovers|[from] move: Knock Off|[of] p1a: Ares\n|-heal|p1a: Ares|82\/100|[from] item: Shell Bell|[of] p2a: Toxapex\n|move|p2a: Toxapex|Haze|p2a: Toxapex\n|-clearallboost\n|\n|upkeep\n|turn|4\n|\n|t:|1700757758\n|switch|p2a: Garchomp|Garchomp, M|100\/100\n|move|p1a: Ares|Swords Dance|p1a: Ares\n|-boost|p1a: Ares|atk|2\n|\n|upkeep\n|turn|5\n|\n|t:|1700757766\n|move|p2a: Garchomp|Stealth Rock|p1a: Ares\n|-sidestart|p1: BugCatcherN8R1X|move: Stealth Rock\n|move|p1a: Ares|Knock Off|p2a: Garchomp\n|-damage|p2a: Garchomp|31\/100\n|-damage|p1a: Ares|70\/100|[from] ability: Rough Skin|[of] p2a: Garchomp\n|-damage|p1a: Ares|53\/100|[from] item: Rocky Helmet|[of] p2a: Garchomp\n|-enditem|p2a: Garchomp|Rocky Helmet|[from] move: Knock Off|[of] p1a: Ares\n|-heal|p1a: Ares|62\/100|[from] item: Shell Bell|[of] p2a: Garchomp\n|\n|upkeep\n|turn|6\n|\n|t:|1700757777\n|move|p2a: Garchomp|Earthquake|p1a: Ares\n|-damage|p1a: Ares|11\/100\n|move|p1a: Ares|Knock Off|p2a: Garchomp\n|-damage|p2a: Garchomp|0 fnt\n|-damage|p1a: Ares|0 fnt|[from] ability: Rough Skin|[of] p2a: Garchomp\n|faint|p2a: Garchomp\n|faint|p1a: Ares\n|\n|upkeep\n|\n|t:|1700757789\n|switch|p2a: Ribombee|Ribombee, M|100\/100\n|switch|p1a: Nidhogg|Yanmega, M|100\/100\n|-damage|p1a: Nidhogg|51\/100|[from] Stealth Rock\n|turn|7\n|\n|t:|1700757795\n|move|p2a: Ribombee|Sticky Web|p1a: Nidhogg\n|-sidestart|p1: BugCatcherN8R1X|move: Sticky Web\n|move|p1a: Nidhogg|Bug Buzz|p2a: Ribombee\n|-resisted|p2a: Ribombee\n|-damage|p2a: Ribombee|62\/100\n|-enditem|p1a: Nidhogg|Throat Spray\n|-boost|p1a: Nidhogg|spa|1|[from] item: Throat Spray\n|\n|-ability|p1a: Nidhogg|Speed Boost|boost\n|-boost|p1a: Nidhogg|spe|1\n|upkeep\n|turn|8\n|\n|t:|1700757808\n|move|p1a: Nidhogg|Air Slash|p2a: Ribombee\n|-supereffective|p2a: Ribombee\n|-damage|p2a: Ribombee|0 fnt\n|faint|p2a: Ribombee\n|\n|-ability|p1a: Nidhogg|Speed Boost|boost\n|-boost|p1a: Nidhogg|spe|1\n|upkeep\n|\n|t:|1700757819\n|switch|p2a: Ceruledge|Ceruledge, M|100\/100\n|turn|9\n|\n|t:|1700757826\n|move|p1a: Nidhogg|Air Slash|p2a: Ceruledge\n|-damage|p2a: Ceruledge|61\/100\n|move|p2a: Ceruledge|Bulk Up|p2a: Ceruledge\n|-boost|p2a: Ceruledge|atk|1\n|-boost|p2a: Ceruledge|def|1\n|\n|-ability|p1a: Nidhogg|Speed Boost|boost\n|-boost|p1a: Nidhogg|spe|1\n|upkeep\n|turn|10\n|\n|t:|1700757834\n|move|p2a: Ceruledge|Shadow Sneak|p1a: Nidhogg\n|-damage|p1a: Nidhogg|22\/100\n|move|p1a: Nidhogg|Air Slash|p2a: Ceruledge\n|-damage|p2a: Ceruledge|17\/100\n|\n|-ability|p1a: Nidhogg|Speed Boost|boost\n|-boost|p1a: Nidhogg|spe|1\n|upkeep\n|turn|11\n|\n|t:|1700757846\n|move|p2a: Ceruledge|Shadow Sneak|p1a: Nidhogg\n|-damage|p1a: Nidhogg|0 fnt\n|faint|p1a: Nidhogg\n|\n|upkeep\n|\n|t:|1700757848\n|switch|p1a: Erebus|Lokix, M|100\/100\n|turn|12\n|\n|t:|1700757855\n|-terastallize|p2a: Ceruledge|Bug\n|move|p1a: Erebus|Sucker Punch|p2a: Ceruledge\n|-damage|p2a: Ceruledge|0 fnt\n|faint|p2a: Ceruledge\n|\n|upkeep\n|\n|t:|1700757860\n|switch|p2a: Manaphy|Manaphy|100\/100\n|turn|13\n|\n|t:|1700757864\n|move|p2a: Manaphy|Tail Glow|p2a: Manaphy\n|-boost|p2a: Manaphy|spa|3\n|move|p1a: Erebus|Taunt|p2a: Manaphy\n|-start|p2a: Manaphy|move: Taunt\n|\n|upkeep\n|turn|14\n|\n|t:|1700757869\n|move|p2a: Manaphy|Surf|p1a: Erebus\n|-damage|p1a: Erebus|0 fnt\n|faint|p1a: Erebus\n|\n|upkeep\n|\n|t:|1700757875\n|switch|p1a: Apollo|Slither Wing|100\/100\n|-damage|p1a: Apollo|88\/100|[from] Stealth Rock\n|-activate|p1a: Apollo|move: Sticky Web\n|-unboost|p1a: Apollo|spe|1\n|turn|15\n|\n|t:|1700757885\n|-terastallize|p1a: Apollo|Electric\n|move|p2a: Manaphy|Surf|p1a: Apollo\n|-damage|p1a: Apollo|37\/100\n|move|p1a: Apollo|Wild Charge|p2a: Manaphy\n|-supereffective|p2a: Manaphy\n|-damage|p2a: Manaphy|16\/100\n|-damage|p1a: Apollo|18\/100|[from] Recoil\n|\n|-heal|p2a: Manaphy|22\/100|[from] item: Leftovers\n|upkeep\n|turn|16\n|\n|t:|1700757898\n|move|p2a: Manaphy|Surf|p1a: Apollo\n|-damage|p1a: Apollo|0 fnt\n|faint|p1a: Apollo\n|-end|p1a: Apollo|Protosynthesis|[silent]\n|\n|-heal|p2a: Manaphy|28\/100|[from] item: Leftovers\n|-end|p2a: Manaphy|move: Taunt\n|upkeep\n|\n|t:|1700757905\n|switch|p1a: Hachiman|Kleavor, M|100\/100\n|-damage|p1a: Hachiman|76\/100|[from] Stealth Rock\n|-activate|p1a: Hachiman|move: Sticky Web\n|-unboost|p1a: Hachiman|spe|1\n|turn|17\n|\n|t:|1700757913\n|move|p2a: Manaphy|Surf|p1a: Hachiman\n|-supereffective|p1a: Hachiman\n|-damage|p1a: Hachiman|0 fnt\n|faint|p1a: Hachiman\n|\n|-heal|p2a: Manaphy|35\/100|[from] item: Leftovers\n|upkeep\n|\n|t:|1700757914\n|switch|p1a: Boreas|Frosmoth, M|100\/100\n|turn|18\n|\n|t:|1700757922\n|move|p2a: Manaphy|Surf|p1a: Boreas\n|-damage|p1a: Boreas|33\/100\n|move|p1a: Boreas|Giga Drain|p2a: Manaphy\n|-supereffective|p2a: Manaphy\n|-damage|p2a: Manaphy|0 fnt\n|-heal|p1a: Boreas|54\/100|[from] drain|[of] p2a: Manaphy\n|faint|p2a: Manaphy\n|\n|upkeep\n|\n|t:|1700757929\n|switch|p2a: Toxapex|Toxapex, F|84\/100\n|turn|19\n|\n|t:|1700757933\n|move|p1a: Boreas|Substitute|p1a: Boreas\n|-start|p1a: Boreas|Substitute\n|-damage|p1a: Boreas|29\/100\n|move|p2a: Toxapex|Toxic||[still]\n|-fail|p2a: Toxapex\n|\n|upkeep\n|turn|20\n|\n|t:|1700757939\n|move|p1a: Boreas|Quiver Dance|p1a: Boreas\n|-boost|p1a: Boreas|spa|1\n|-boost|p1a: Boreas|spd|1\n|-boost|p1a: Boreas|spe|1\n|move|p2a: Toxapex|Surf|p1a: Boreas\n|-activate|p1a: Boreas|move: Substitute|[damage]\n|\n|upkeep\n|turn|21\n|\n|t:|1700757948\n|move|p1a: Boreas|Giga Drain|p2a: Toxapex\n|-damage|p2a: Toxapex|53\/100\n|-heal|p1a: Boreas|46\/100|[from] drain|[of] p2a: Toxapex\n|move|p2a: Toxapex|Surf|p1a: Boreas\n|-activate|p1a: Boreas|move: Substitute|[damage]\n|\n|upkeep\n|turn|22\n|-message|Dr.WellsSwag777 forfeited.\n|\n|win|BugCatcherN8R1X\n|raw|BugCatcherN8R1X's rating: 1255 &rarr; <strong>1277<\/strong><br \/>(+22 for winning)\n|raw|Dr.WellsSwag777's rating: 1218 &rarr; <strong>1196<\/strong><br \/>(-22 for losing)\n|l|\u2606Dr.WellsSwag777\n","uploadtime":1700757967,"views":0,"p1id":"bugcatchern8r1x","p2id":"drwellsswag777","formatid":"gen9ou","rating":1196,"private":0,"password":""}