{"id":"gen9ou-1989082224","p1":"GeorgiaEternatuss","p2":"PixlGamer","format":"[Gen 9] OU","log":"|j|\u2606GeorgiaEternatuss\n|j|\u2606PixlGamer\n|t:|1699810222\n|gametype|singles\n|player|p1|GeorgiaEternatuss|steven|1291\n|player|p2|PixlGamer|bellelba|1244\n|teamsize|p1|6\n|teamsize|p2|6\n|gen|9\n|tier|[Gen 9] OU\n|rated|\n|rule|Sleep Clause Mod: Limit one foe put to sleep\n|rule|Species Clause: Limit one of each Pok\u00e9mon\n|rule|OHKO Clause: OHKO moves are banned\n|rule|Evasion Items Clause: Evasion items are banned\n|rule|Evasion Moves Clause: Evasion moves are banned\n|rule|Endless Battle Clause: Forcing endless battles is banned\n|rule|HP Percentage Mod: HP is shown in percentages\n|clearpoke\n|poke|p1|Cinderace, M|\n|poke|p1|Alomomola, F|\n|poke|p1|Slowking-Galar, M|\n|poke|p1|Thundurus-Therian, M|\n|poke|p1|Great Tusk|\n|poke|p1|Ditto|\n|poke|p2|Rillaboom, M|\n|poke|p2|Sneasler, F|\n|poke|p2|Ogerpon, F|\n|poke|p2|Garganacl, M|\n|poke|p2|Weavile, M|\n|poke|p2|Dragonite, F|\n|teampreview\n|\n|t:|1699810242\n|start\n|switch|p1a: Thundurus|Thundurus-Therian, M|100\/100\n|switch|p2a: Rillaboom|Rillaboom, M|100\/100\n|-fieldstart|move: Grassy Terrain|[from] ability: Grassy Surge|[of] p2a: Rillaboom\n|turn|1\n|\n|t:|1699810275\n|switch|p2a: Garganacl|Garganacl, M, shiny|100\/100\n|-enditem|p2a: Garganacl|Grassy Seed\n|-boost|p2a: Garganacl|def|1|[from] item: Grassy Seed\n|-terastallize|p1a: Thundurus|Flying\n|move|p1a: Thundurus|Tera Blast|p2a: Garganacl|[anim] Tera Blast Flying\n|-resisted|p2a: Garganacl\n|-damage|p2a: Garganacl|61\/100\n|\n|-heal|p2a: Garganacl|67\/100|[from] Grassy Terrain\n|upkeep\n|turn|2\n|\n|t:|1699810287\n|move|p1a: Thundurus|Tera Blast|p2a: Garganacl|[anim] Tera Blast Flying\n|-resisted|p2a: Garganacl\n|-damage|p2a: Garganacl|30\/100\n|move|p2a: Garganacl|Salt Cure|p1a: Thundurus\n|-supereffective|p1a: Thundurus\n|-damage|p1a: Thundurus|54\/100\n|-start|p1a: Thundurus|Salt Cure\n|\n|-heal|p2a: Garganacl|36\/100|[from] Grassy Terrain\n|-damage|p1a: Thundurus|42\/100|[from] Salt Cure\n|upkeep\n|turn|3\n|\n|t:|1699810301\n|switch|p1a: Alomomola|Alomomola, F|100\/100\n|move|p2a: Garganacl|Recover|p2a: Garganacl\n|-heal|p2a: Garganacl|86\/100\n|\n|-heal|p2a: Garganacl|92\/100|[from] Grassy Terrain\n|upkeep\n|turn|4\n|\n|t:|1699810310\n|move|p1a: Alomomola|Scald|p2a: Garganacl\n|-supereffective|p2a: Garganacl\n|-damage|p2a: Garganacl|68\/100\n|move|p2a: Garganacl|Salt Cure|p1a: Alomomola\n|-damage|p1a: Alomomola|93\/100\n|-start|p1a: Alomomola|Salt Cure\n|-enditem|p1a: Alomomola|Red Card|[of] p2a: Garganacl\n|drag|p2a: Dragonite|Dragonite, F|100\/100\n|\n|-heal|p1a: Alomomola|99\/100|[from] Grassy Terrain\n|-damage|p1a: Alomomola|74\/100|[from] Salt Cure\n|upkeep\n|turn|5\n|\n|t:|1699810323\n|switch|p2a: Garganacl|Garganacl, M, shiny|68\/100\n|move|p1a: Alomomola|Flip Turn|p2a: Garganacl\n|-supereffective|p2a: Garganacl\n|-damage|p2a: Garganacl|52\/100\n|\n|t:|1699810340\n|switch|p1a: Slowking|Slowking-Galar, M|100\/100|[from] Flip Turn\n|\n|-heal|p2a: Garganacl|58\/100|[from] Grassy Terrain\n|upkeep\n|turn|6\n|\n|t:|1699810348\n|move|p2a: Garganacl|Recover|p2a: Garganacl\n|-heal|p2a: Garganacl|100\/100\n|move|p1a: Slowking|Future Sight|p2a: Garganacl\n|-start|p1a: Slowking|move: Future Sight\n|\n|upkeep\n|turn|7\n|\n|t:|1699810355\n|move|p2a: Garganacl|Salt Cure|p1a: Slowking\n|-damage|p1a: Slowking|84\/100\n|-start|p1a: Slowking|Salt Cure\n|move|p1a: Slowking|Chilly Reception|p1a: Slowking\n|-weather|Snow\n|\n|t:|1699810362\n|switch|p1a: Great Tusk|Great Tusk|100\/100|[from] Chilly Reception\n|\n|-weather|Snow|[upkeep]\n|upkeep\n|turn|8\n|\n|t:|1699810371\n|move|p1a: Great Tusk|Stealth Rock|p2a: Garganacl\n|-sidestart|p2: PixlGamer|move: Stealth Rock\n|move|p2a: Garganacl|Salt Cure|p1a: Great Tusk\n|-resisted|p1a: Great Tusk\n|-damage|p1a: Great Tusk|98\/100\n|-start|p1a: Great Tusk|Salt Cure\n|\n|-weather|Snow|[upkeep]\n|-end|p2a: Garganacl|move: Future Sight\n|-damage|p2a: Garganacl|65\/100\n|-heal|p1a: Great Tusk|100\/100|[from] Grassy Terrain\n|-heal|p2a: Garganacl|71\/100|[from] Grassy Terrain\n|-damage|p1a: Great Tusk|88\/100|[from] Salt Cure\n|-fieldend|move: Grassy Terrain\n|upkeep\n|turn|9\n|\n|t:|1699810388\n|-end|p1a: Great Tusk|Protosynthesis|[silent]\n|switch|p1a: Alomomola|Alomomola, F|100\/100\n|move|p2a: Garganacl|Iron Defense|p2a: Garganacl\n|-boost|p2a: Garganacl|def|2\n|\n|-weather|Snow|[upkeep]\n|upkeep\n|turn|10\n|\n|t:|1699810397\n|move|p1a: Alomomola|Wish|p1a: Alomomola\n|move|p2a: Garganacl|Salt Cure|p1a: Alomomola\n|-damage|p1a: Alomomola|92\/100\n|-start|p1a: Alomomola|Salt Cure\n|\n|-weather|Snow|[upkeep]\n|-damage|p1a: Alomomola|67\/100|[from] Salt Cure\n|upkeep\n|turn|11\n|\n|t:|1699810405\n|move|p1a: Alomomola|Flip Turn|p2a: Garganacl\n|-supereffective|p2a: Garganacl\n|-damage|p2a: Garganacl|62\/100\n|\n|t:|1699810409\n|switch|p1a: Thundurus|Thundurus-Therian, M, tera:Flying|42\/100|[from] Flip Turn\n|move|p2a: Garganacl|Iron Defense|p2a: Garganacl\n|-boost|p2a: Garganacl|def|2\n|\n|-weather|none\n|-heal|p1a: Thundurus|100\/100|[from] move: Wish|[wisher] Alomomola\n|upkeep\n|turn|12\n|\n|t:|1699810420\n|move|p1a: Thundurus|Grass Knot|p2a: Garganacl\n|-supereffective|p2a: Garganacl\n|-damage|p2a: Garganacl|0 fnt\n|faint|p2a: Garganacl\n|\n|upkeep\n|\n|t:|1699810428\n|switch|p2a: Weavile|Weavile, M|100\/100\n|-ability|p2a: Weavile|Pressure\n|turn|13\n|\n|t:|1699810437\n|switch|p1a: Alomomola|Alomomola, F|99\/100\n|move|p2a: Weavile|Swords Dance|p2a: Weavile\n|-boost|p2a: Weavile|atk|2\n|\n|upkeep\n|turn|14\n|inactive|Battle timer is ON: inactive players will automatically lose when time's up. (requested by PixlGamer)\n|\n|t:|1699810466\n|move|p2a: Weavile|Knock Off|p1a: Alomomola\n|-damage|p1a: Alomomola|64\/100\n|move|p1a: Alomomola|Flip Turn|p2a: Weavile\n|-damage|p2a: Weavile|75\/100\n|\n|t:|1699810472\n|switch|p1a: Ditto|Ditto|100\/100|[from] Flip Turn\n|-transform|p1a: Ditto|p2a: Weavile|[from] ability: Imposter\n|-ability|p1a: Ditto|Pressure\n|\n|upkeep\n|turn|15\n|\n|t:|1699810481\n|move|p1a: Ditto|Knock Off|p2a: Weavile\n|-resisted|p2a: Weavile\n|-damage|p2a: Weavile|0 fnt\n|-enditem|p2a: Weavile|Heavy-Duty Boots|[from] move: Knock Off|[of] p1a: Ditto\n|faint|p2a: Weavile\n|\n|upkeep\n|\n|t:|1699810491\n|switch|p2a: Rillaboom|Rillaboom, M|100\/100\n|-damage|p2a: Rillaboom|88\/100|[from] Stealth Rock\n|-fieldstart|move: Grassy Terrain|[from] ability: Grassy Surge|[of] p2a: Rillaboom\n|turn|16\n|\n|t:|1699810504\n|switch|p1a: Thundurus|Thundurus-Therian, M, tera:Flying|100\/100\n|-terastallize|p2a: Rillaboom|Steel\n|move|p2a: Rillaboom|Grassy Glide|p1a: Thundurus\n|-resisted|p1a: Thundurus\n|-damage|p1a: Thundurus|69\/100\n|\n|-heal|p2a: Rillaboom|94\/100|[from] Grassy Terrain\n|upkeep\n|turn|17\n|\n|t:|1699810516\n|move|p1a: Thundurus|Volt Switch|p2a: Rillaboom\n|-damage|p2a: Rillaboom|24\/100\n|\n|t:|1699810529\n|switch|p1a: Great Tusk|Great Tusk|88\/100|[from] Volt Switch\n|move|p2a: Rillaboom|Knock Off|p1a: Great Tusk\n|-resisted|p1a: Great Tusk\n|-crit|p1a: Great Tusk\n|-damage|p1a: Great Tusk|69\/100\n|-damage|p2a: Rillaboom|8\/100|[from] item: Rocky Helmet|[of] p1a: Great Tusk\n|-enditem|p1a: Great Tusk|Rocky Helmet|[from] move: Knock Off|[of] p2a: Rillaboom\n|\n|-heal|p1a: Great Tusk|75\/100|[from] Grassy Terrain\n|-heal|p2a: Rillaboom|14\/100|[from] Grassy Terrain\n|upkeep\n|turn|18\n|\n|t:|1699810548\n|move|p2a: Rillaboom|Grassy Glide|p1a: Great Tusk\n|-supereffective|p1a: Great Tusk\n|-damage|p1a: Great Tusk|21\/100\n|move|p1a: Great Tusk|Headlong Rush|p2a: Rillaboom\n|-supereffective|p2a: Rillaboom\n|-damage|p2a: Rillaboom|0 fnt\n|-unboost|p1a: Great Tusk|def|1\n|-unboost|p1a: Great Tusk|spd|1\n|faint|p2a: Rillaboom\n|\n|-heal|p1a: Great Tusk|27\/100|[from] Grassy Terrain\n|upkeep\n|\n|t:|1699810561\n|switch|p2a: Ogerpon|Ogerpon, F|100\/100\n|-damage|p2a: Ogerpon|88\/100|[from] Stealth Rock\n|turn|19\n|\n|t:|1699810576\n|move|p2a: Ogerpon|Ivy Cudgel|p1a: Great Tusk\n|-supereffective|p1a: Great Tusk\n|-damage|p1a: Great Tusk|0 fnt\n|faint|p1a: Great Tusk\n|-end|p1a: Great Tusk|Protosynthesis|[silent]\n|-damage|p2a: Ogerpon|78\/100|[from] item: Life Orb\n|\n|-heal|p2a: Ogerpon|84\/100|[from] Grassy Terrain\n|upkeep\n|\n|t:|1699810588\n|switch|p1a: Cinderace|Cinderace, M|100\/100\n|turn|20\n|\n|t:|1699810597\n|switch|p2a: Dragonite|Dragonite, F|100\/100\n|move|p1a: Cinderace|Will-O-Wisp|p2a: Dragonite\n|-status|p2a: Dragonite|brn\n|\n|-damage|p2a: Dragonite|94\/100 brn|[from] brn\n|upkeep\n|turn|21\n|\n|t:|1699810606\n|move|p1a: Cinderace|U-turn|p2a: Dragonite\n|-start|p1a: Cinderace|typechange|Bug|[from] ability: Libero\n|-resisted|p2a: Dragonite\n|-damage|p2a: Dragonite|78\/100 brn\n|\n|t:|1699810612\n|switch|p1a: Alomomola|Alomomola, F|98\/100|[from] U-turn\n|move|p2a: Dragonite|Dragon Dance|p2a: Dragonite\n|-boost|p2a: Dragonite|atk|1\n|-boost|p2a: Dragonite|spe|1\n|\n|-heal|p1a: Alomomola|100\/100|[from] Grassy Terrain\n|-damage|p2a: Dragonite|71\/100 brn|[from] brn\n|upkeep\n|turn|22\n|\n|t:|1699810623\n|move|p2a: Dragonite|Dragon Dance|p2a: Dragonite\n|-boost|p2a: Dragonite|atk|1\n|-boost|p2a: Dragonite|spe|1\n|move|p1a: Alomomola|Wish|p1a: Alomomola\n|\n|-damage|p2a: Dragonite|65\/100 brn|[from] brn\n|upkeep\n|turn|23\n|\n|t:|1699810634\n|move|p2a: Dragonite|Ice Punch|p1a: Alomomola\n|-resisted|p1a: Alomomola\n|-damage|p1a: Alomomola|92\/100\n|move|p1a: Alomomola|Flip Turn|p2a: Dragonite\n|-resisted|p2a: Dragonite\n|-damage|p2a: Dragonite|56\/100 brn\n|\n|t:|1699810641\n|switch|p1a: Ditto|Ditto|100\/100|[from] Flip Turn\n|-transform|p1a: Ditto|p2a: Dragonite|[from] ability: Imposter\n|\n|-damage|p2a: Dragonite|50\/100 brn|[from] brn\n|-fieldend|move: Grassy Terrain\n|upkeep\n|turn|24\n|-message|PixlGamer forfeited.\n|\n|win|GeorgiaEternatuss\n|raw|GeorgiaEternatuss's rating: 1291 &rarr; <strong>1313<\/strong><br \/>(+22 for winning)\n|raw|PixlGamer's rating: 1244 &rarr; <strong>1222<\/strong><br \/>(-22 for losing)\n|l|\u2606PixlGamer\n","uploadtime":1699810658,"views":13,"p1id":"georgiaeternatuss","p2id":"pixlgamer","formatid":"gen9ou","rating":1222,"private":0,"password":""}