{"id":"gen9ou-1994184302","p1":"Poison Ivy Thorns","p2":"styleblender","format":"[Gen 9] OU","log":"|j|\u2606Poison Ivy Thorns\n|j|\u2606styleblender\n|t:|1700416447\n|gametype|singles\n|player|p1|Poison Ivy Thorns|mela|1326\n|player|p2|styleblender|2|1315\n|teamsize|p1|6\n|teamsize|p2|6\n|gen|9\n|tier|[Gen 9] OU\n|rated|\n|rule|Sleep Clause Mod: Limit one foe put to sleep\n|rule|Species Clause: Limit one of each Pok\u00e9mon\n|rule|OHKO Clause: OHKO moves are banned\n|rule|Evasion Items Clause: Evasion items are banned\n|rule|Evasion Moves Clause: Evasion moves are banned\n|rule|Endless Battle Clause: Forcing endless battles is banned\n|rule|HP Percentage Mod: HP is shown in percentages\n|clearpoke\n|poke|p1|Torkoal, M|\n|poke|p1|Hatterene, F|\n|poke|p1|Iron Hands|\n|poke|p1|Mimikyu, F|\n|poke|p1|Garganacl, F|\n|poke|p1|Kingambit, F|\n|poke|p2|Corviknight, M|\n|poke|p2|Ogerpon-Wellspring, F|\n|poke|p2|Kingambit, M|\n|poke|p2|Great Tusk|\n|poke|p2|Iron Valiant|\n|poke|p2|Ninetales-Alola, F|\n|teampreview\n|inactive|Battle timer is ON: inactive players will automatically lose when time's up. (requested by Poison Ivy Thorns)\n|inactive|styleblender has 120 seconds left.\n|\n|t:|1700416483\n|start\n|switch|p1a: Torkoal|Torkoal, M|100\/100\n|switch|p2a: Ogerpon|Ogerpon-Wellspring, F|100\/100\n|-weather|SunnyDay|[from] ability: Drought|[of] p1a: Torkoal\n|turn|1\n|inactive|Poison Ivy Thorns has 120 seconds left.\n|inactive|Poison Ivy Thorns has 90 seconds left.\n|\n|t:|1700416550\n|switch|p2a: Ninetales|Ninetales-Alola, F|100\/100\n|-weather|Snow|[from] ability: Snow Warning|[of] p2a: Ninetales\n|switch|p1a: Kingambit|Kingambit, F|100\/100\n|\n|-weather|Snow|[upkeep]\n|upkeep\n|turn|2\n|inactive|Poison Ivy Thorns has 90 seconds left.\n|\n|t:|1700416557\n|-end|p1a: Kingambit|fallenundefined|[silent]\n|switch|p1a: Torkoal|Torkoal, M|100\/100\n|-weather|SunnyDay|[from] ability: Drought|[of] p1a: Torkoal\n|move|p2a: Ninetales|Aurora Veil||[still]\n|-fail|p2a: Ninetales\n|\n|-weather|SunnyDay|[upkeep]\n|upkeep\n|turn|3\n|\n|t:|1700416564\n|switch|p2a: Great Tusk|Great Tusk|100\/100\n|-activate|p2a: Great Tusk|ability: Protosynthesis\n|-start|p2a: Great Tusk|protosynthesisatk\n|move|p1a: Torkoal|Eruption|p2a: Great Tusk\n|-damage|p2a: Great Tusk|0 fnt\n|faint|p2a: Great Tusk\n|-end|p2a: Great Tusk|Protosynthesis|[silent]\n|\n|-weather|SunnyDay|[upkeep]\n|upkeep\n|\n|t:|1700416569\n|switch|p2a: Ninetales|Ninetales-Alola, F|100\/100\n|-weather|Snow|[from] ability: Snow Warning|[of] p2a: Ninetales\n|turn|4\n|\n|t:|1700416572\n|move|p2a: Ninetales|Aurora Veil|p2a: Ninetales\n|-sidestart|p2: styleblender|move: Aurora Veil\n|move|p1a: Torkoal|Eruption|p2a: Ninetales\n|-supereffective|p2a: Ninetales\n|-damage|p2a: Ninetales|0 fnt\n|faint|p2a: Ninetales\n|\n|-weather|Snow|[upkeep]\n|upkeep\n|\n|t:|1700416579\n|switch|p2a: Ogerpon|Ogerpon-Wellspring, F|100\/100\n|turn|5\n|\n|t:|1700416587\n|switch|p1a: Kingambit|Kingambit, F|100\/100\n|move|p2a: Ogerpon|Ivy Cudgel|p1a: Kingambit|[anim] Ivy Cudgel Water\n|-damage|p1a: Kingambit|48\/100\n|\n|-weather|Snow|[upkeep]\n|upkeep\n|turn|6\n|\n|t:|1700416592\n|move|p1a: Kingambit|Sucker Punch|p2a: Ogerpon\n|-damage|p2a: Ogerpon|72\/100\n|move|p2a: Ogerpon|Ivy Cudgel|p1a: Kingambit|[anim] Ivy Cudgel Water\n|-damage|p1a: Kingambit|0 fnt\n|faint|p1a: Kingambit\n|-end|p1a: Kingambit|fallenundefined|[silent]\n|\n|-weather|Snow|[upkeep]\n|upkeep\n|\n|t:|1700416599\n|switch|p1a: Mimikyu|Mimikyu, F|100\/100\n|turn|7\n|\n|t:|1700416601\n|move|p2a: Ogerpon|Ivy Cudgel|p1a: Mimikyu|[anim] Ivy Cudgel Water\n|-activate|p1a: Mimikyu|ability: Disguise\n|-damage|p1a: Mimikyu|100\/100\n|detailschange|p1a: Mimikyu|Mimikyu-Busted, F\n|-damage|p1a: Mimikyu|88\/100|[from] pokemon: Mimikyu-Busted\n|-enditem|p1a: Mimikyu|Red Card|[of] p2a: Ogerpon\n|drag|p2a: Iron Valiant|Iron Valiant|100\/100\n|-enditem|p2a: Iron Valiant|Booster Energy\n|-activate|p2a: Iron Valiant|ability: Quark Drive|[fromitem]\n|-start|p2a: Iron Valiant|quarkdrivespe\n|move|p1a: Mimikyu|Trick Room|p1a: Mimikyu\n|-fieldstart|move: Trick Room|[of] p1a: Mimikyu\n|\n|-weather|Snow|[upkeep]\n|upkeep\n|turn|8\n|\n|t:|1700416613\n|move|p1a: Mimikyu|Play Rough|p2a: Iron Valiant|[miss]\n|-miss|p1a: Mimikyu|p2a: Iron Valiant\n|move|p2a: Iron Valiant|Knock Off|p1a: Mimikyu\n|-damage|p1a: Mimikyu|68\/100\n|\n|-weather|none\n|upkeep\n|turn|9\n|\n|t:|1700416619\n|-end|p2a: Iron Valiant|Quark Drive|[silent]\n|switch|p2a: Corviknight|Corviknight, M, shiny|100\/100\n|-ability|p2a: Corviknight|Pressure\n|move|p1a: Mimikyu|Play Rough|p2a: Corviknight\n|-resisted|p2a: Corviknight\n|-damage|p2a: Corviknight|93\/100\n|-unboost|p2a: Corviknight|atk|1\n|-damage|p1a: Mimikyu|51\/100|[from] item: Rocky Helmet|[of] p2a: Corviknight\n|\n|upkeep\n|turn|10\n|\n|t:|1700416631\n|switch|p1a: Torkoal|Torkoal, M|100\/100\n|-weather|SunnyDay|[from] ability: Drought|[of] p1a: Torkoal\n|move|p2a: Corviknight|U-turn|p1a: Torkoal\n|-resisted|p1a: Torkoal\n|-damage|p1a: Torkoal|97\/100\n|\n|t:|1700416634\n|switch|p2a: Ogerpon|Ogerpon-Wellspring, F|72\/100|[from] U-turn\n|\n|-weather|SunnyDay|[upkeep]\n|upkeep\n|turn|11\n|\n|t:|1700416638\n|-terastallize|p2a: Ogerpon|Water\n|detailschange|p2a: Ogerpon|Ogerpon-Wellspring-Tera, F, tera:Water\n|-ability|p2a: Ogerpon|Embody Aspect (Wellspring)|boost\n|-boost|p2a: Ogerpon|spd|1\n|move|p1a: Torkoal|Solar Beam||[still]\n|-prepare|p1a: Torkoal|Solar Beam\n|-anim|p1a: Torkoal|Solar Beam|p2a: Ogerpon\n|-supereffective|p2a: Ogerpon\n|-damage|p2a: Ogerpon|29\/100\n|move|p2a: Ogerpon|Ivy Cudgel|p1a: Torkoal|[anim] Ivy Cudgel Water\n|-supereffective|p1a: Torkoal\n|-damage|p1a: Torkoal|29\/100\n|\n|-weather|SunnyDay|[upkeep]\n|-sideend|p2: styleblender|move: Aurora Veil\n|-fieldend|move: Trick Room\n|upkeep\n|turn|12\n|\n|t:|1700416648\n|switch|p1a: Mimikyu|Mimikyu-Busted, F|51\/100\n|move|p2a: Ogerpon|Ivy Cudgel|p1a: Mimikyu|[anim] Ivy Cudgel Water\n|-damage|p1a: Mimikyu|0 fnt\n|faint|p1a: Mimikyu\n|\n|-weather|SunnyDay|[upkeep]\n|upkeep\n|\n|t:|1700416652\n|switch|p1a: Hatterene|Hatterene, F|100\/100\n|turn|13\n|\n|t:|1700416655\n|move|p2a: Ogerpon|Horn Leech|p1a: Hatterene\n|-damage|p1a: Hatterene|43\/100\n|-heal|p2a: Ogerpon|59\/100|[from] drain|[of] p1a: Hatterene\n|move|p1a: Hatterene|Trick Room|p1a: Hatterene\n|-fieldstart|move: Trick Room|[of] p1a: Hatterene\n|\n|-weather|SunnyDay|[upkeep]\n|upkeep\n|turn|14\n|\n|t:|1700416661\n|move|p1a: Hatterene|Psychic|p2a: Ogerpon\n|-damage|p2a: Ogerpon|16\/100\n|move|p2a: Ogerpon|Horn Leech|p1a: Hatterene\n|-damage|p1a: Hatterene|0 fnt\n|-heal|p2a: Ogerpon|39\/100|[from] drain|[of] p1a: Hatterene\n|faint|p1a: Hatterene\n|\n|-weather|none\n|upkeep\n|\n|t:|1700416667\n|switch|p1a: Iron Hands|Iron Hands|100\/100\n|-enditem|p1a: Iron Hands|Booster Energy\n|-activate|p1a: Iron Hands|ability: Quark Drive|[fromitem]\n|-start|p1a: Iron Hands|quarkdriveatk\n|turn|15\n|\n|t:|1700416673\n|switch|p2a: Corviknight|Corviknight, M, shiny|93\/100\n|-ability|p2a: Corviknight|Pressure\n|move|p1a: Iron Hands|Thunder Punch|p2a: Corviknight\n|-supereffective|p2a: Corviknight\n|-damage|p2a: Corviknight|0 fnt\n|-damage|p1a: Iron Hands|84\/100|[from] item: Rocky Helmet|[of] p2a: Corviknight\n|faint|p2a: Corviknight\n|\n|upkeep\n|inactive|styleblender has 120 seconds left.\n|\n|t:|1700416711\n|switch|p2a: Iron Valiant|Iron Valiant|100\/100\n|turn|16\n|\n|t:|1700416715\n|move|p1a: Iron Hands|Thunder Punch|p2a: Iron Valiant\n|-damage|p2a: Iron Valiant|19\/100\n|move|p2a: Iron Valiant|Close Combat|p1a: Iron Hands\n|-damage|p1a: Iron Hands|57\/100\n|-unboost|p2a: Iron Valiant|def|1\n|-unboost|p2a: Iron Valiant|spd|1\n|\n|upkeep\n|turn|17\n|\n|t:|1700416724\n|move|p1a: Iron Hands|Thunder Punch|p2a: Iron Valiant\n|-damage|p2a: Iron Valiant|0 fnt\n|faint|p2a: Iron Valiant\n|-end|p2a: Iron Valiant|Quark Drive|[silent]\n|\n|-fieldend|move: Trick Room\n|upkeep\n|\n|t:|1700416727\n|switch|p2a: Ogerpon|Ogerpon-Wellspring-Tera, F, tera:Water|39\/100\n|-ability|p2a: Ogerpon|Embody Aspect (Wellspring)|boost\n|-boost|p2a: Ogerpon|spd|1\n|turn|18\n|\n|t:|1700416755\n|move|p2a: Ogerpon|Play Rough|p1a: Iron Hands\n|-supereffective|p1a: Iron Hands\n|-damage|p1a: Iron Hands|11\/100\n|move|p1a: Iron Hands|Thunder Punch|p2a: Ogerpon\n|-supereffective|p2a: Ogerpon\n|-damage|p2a: Ogerpon|0 fnt\n|faint|p2a: Ogerpon\n|\n|upkeep\n|\n|t:|1700416760\n|switch|p2a: Kingambit|Kingambit, M|100\/100\n|-activate|p2a: Kingambit|ability: Supreme Overlord\n|-start|p2a: Kingambit|fallen5|[silent]\n|turn|19\n|\n|t:|1700416773\n|move|p2a: Kingambit|Low Kick|p1a: Iron Hands\n|-damage|p1a: Iron Hands|0 fnt\n|faint|p1a: Iron Hands\n|-end|p1a: Iron Hands|Quark Drive|[silent]\n|\n|upkeep\n|\n|t:|1700416777\n|switch|p1a: Garganacl|Garganacl, F|100\/100\n|turn|20\n|\n|t:|1700416786\n|-terastallize|p1a: Garganacl|Water\n|move|p2a: Kingambit|Low Kick|p1a: Garganacl\n|-damage|p1a: Garganacl|61\/100\n|move|p1a: Garganacl|Salt Cure|p2a: Kingambit\n|-resisted|p2a: Kingambit\n|-damage|p2a: Kingambit|96\/100\n|-start|p2a: Kingambit|Salt Cure\n|\n|-heal|p1a: Garganacl|67\/100|[from] item: Leftovers\n|-damage|p2a: Kingambit|71\/100|[from] Salt Cure\n|upkeep\n|turn|21\n|\n|t:|1700416793\n|move|p2a: Kingambit|Iron Head|p1a: Garganacl\n|-resisted|p1a: Garganacl\n|-damage|p1a: Garganacl|50\/100\n|move|p1a: Garganacl|Curse|p1a: Garganacl\n|-unboost|p1a: Garganacl|spe|1\n|-boost|p1a: Garganacl|atk|1\n|-boost|p1a: Garganacl|def|1\n|\n|-heal|p1a: Garganacl|56\/100|[from] item: Leftovers\n|-damage|p2a: Kingambit|46\/100|[from] Salt Cure\n|upkeep\n|turn|22\n|\n|t:|1700416797\n|move|p2a: Kingambit|Sucker Punch||[still]\n|-fail|p2a: Kingambit\n|move|p1a: Garganacl|Recover|p1a: Garganacl\n|-heal|p1a: Garganacl|100\/100\n|\n|-damage|p2a: Kingambit|21\/100|[from] Salt Cure\n|upkeep\n|turn|23\n|\n|t:|1700416799\n|move|p2a: Kingambit|Tera Blast|p1a: Garganacl\n|-damage|p1a: Garganacl|87\/100\n|move|p1a: Garganacl|Curse|p1a: Garganacl\n|-unboost|p1a: Garganacl|spe|1\n|-boost|p1a: Garganacl|atk|1\n|-boost|p1a: Garganacl|def|1\n|\n|-heal|p1a: Garganacl|93\/100|[from] item: Leftovers\n|-damage|p2a: Kingambit|0 fnt|[from] Salt Cure\n|faint|p2a: Kingambit\n|-end|p2a: Kingambit|fallen5|[silent]\n|\n|win|Poison Ivy Thorns\n|upkeep\n|raw|Poison Ivy Thorns's rating: 1326 &rarr; <strong>1345<\/strong><br \/>(+19 for winning)\n|raw|styleblender's rating: 1315 &rarr; <strong>1296<\/strong><br \/>(-19 for losing)\n|c|\u2606Poison Ivy Thorns|gg\n|l|\u2606styleblender\n","uploadtime":1700416810,"views":7,"p1id":"poisonivythorns","p2id":"styleblender","formatid":"gen9ou","rating":1296,"private":0,"password":""}