{"id":"gen9ou-1997929018","p1":"Poison Ivy Thorns","p2":"justLiam","format":"[Gen 9] OU","log":"|j|\u2606Poison Ivy Thorns\n|j|\u2606justLiam\n|t:|1700868601\n|gametype|singles\n|player|p1|Poison Ivy Thorns|magmagruntf|1527\n|player|p2|justLiam|102|1470\n|teamsize|p1|6\n|teamsize|p2|6\n|gen|9\n|tier|[Gen 9] OU\n|rated|\n|rule|Sleep Clause Mod: Limit one foe put to sleep\n|rule|Species Clause: Limit one of each Pok\u00e9mon\n|rule|OHKO Clause: OHKO moves are banned\n|rule|Evasion Items Clause: Evasion items are banned\n|rule|Evasion Moves Clause: Evasion moves are banned\n|rule|Endless Battle Clause: Forcing endless battles is banned\n|rule|HP Percentage Mod: HP is shown in percentages\n|clearpoke\n|poke|p1|Kingambit, M|\n|poke|p1|Ceruledge, F|\n|poke|p1|Conkeldurr, M|\n|poke|p1|Dragonite, M|\n|poke|p1|Cinderace, M|\n|poke|p1|Slowbro-Galar, M|\n|poke|p2|Rotom-Heat|\n|poke|p2|Great Tusk|\n|poke|p2|Clefable, M|\n|poke|p2|Ogerpon-Cornerstone, F|\n|poke|p2|Kingambit, F|\n|poke|p2|Dragapult, F|\n|teampreview\n|inactive|Battle timer is ON: inactive players will automatically lose when time's up. (requested by Poison Ivy Thorns)\n|\n|t:|1700868618\n|start\n|switch|p1a: Conkeldurr|Conkeldurr, M|100\/100\n|switch|p2a: Rotom|Rotom-Heat|100\/100\n|turn|1\n|\n|t:|1700868627\n|move|p2a: Rotom|Volt Switch|p1a: Conkeldurr\n|-damage|p1a: Conkeldurr|80\/100\n|\n|t:|1700868635\n|switch|p2a: Clefable|Clefable, M|100\/100|[from] Volt Switch\n|move|p1a: Conkeldurr|Drain Punch|p2a: Clefable\n|-resisted|p2a: Clefable\n|-damage|p2a: Clefable|79\/100\n|-heal|p1a: Conkeldurr|91\/100|[from] drain|[of] p2a: Clefable\n|\n|-heal|p2a: Clefable|85\/100|[from] item: Leftovers\n|upkeep\n|turn|2\n|\n|t:|1700868643\n|switch|p1a: Slowbro|Slowbro-Galar, M|100\/100\n|move|p2a: Clefable|Stealth Rock|p1a: Slowbro\n|-sidestart|p1: Poison Ivy Thorns|move: Stealth Rock\n|\n|-heal|p2a: Clefable|91\/100|[from] item: Leftovers\n|upkeep\n|turn|3\n|\n|t:|1700868650\n|switch|p2a: Kingambit|Kingambit, F|100\/100\n|move|p1a: Slowbro|Nasty Plot|p1a: Slowbro\n|-boost|p1a: Slowbro|spa|2\n|\n|upkeep\n|turn|4\n|\n|t:|1700868654\n|move|p2a: Kingambit|Kowtow Cleave|p1a: Slowbro\n|-supereffective|p1a: Slowbro\n|-damage|p1a: Slowbro|17\/100\n|move|p1a: Slowbro|Flamethrower|p2a: Kingambit\n|-supereffective|p2a: Kingambit\n|-damage|p2a: Kingambit|0 fnt\n|faint|p2a: Kingambit\n|-end|p2a: Kingambit|fallenundefined|[silent]\n|\n|upkeep\n|\n|t:|1700868660\n|switch|p2a: Dragapult|Dragapult, F|100\/100\n|turn|5\n|-activate|p1a: Slowbro|item: Quick Claw\n|\n|t:|1700868663\n|move|p1a: Slowbro|Sludge Bomb|p2a: Dragapult\n|-resisted|p2a: Dragapult\n|-damage|p2a: Dragapult|45\/100\n|move|p2a: Dragapult|Flamethrower|p1a: Slowbro\n|-crit|p1a: Slowbro\n|-damage|p1a: Slowbro|0 fnt\n|faint|p1a: Slowbro\n|\n|upkeep\n|\n|t:|1700868669\n|switch|p1a: Cinderace|Cinderace, M|100\/100\n|turn|6\n|\n|t:|1700868674\n|switch|p2a: Rotom|Rotom-Heat|100\/100\n|move|p1a: Cinderace|Court Change|p1a: Cinderace\n|-start|p1a: Cinderace|typechange|Normal|[from] ability: Libero\n|-swapsideconditions\n|-activate|p1a: Cinderace|move: Court Change\n|\n|upkeep\n|turn|7\n|\n|t:|1700868680\n|switch|p1a: Conkeldurr|Conkeldurr, M|91\/100\n|move|p2a: Rotom|Volt Switch|p1a: Conkeldurr\n|-damage|p1a: Conkeldurr|71\/100\n|\n|t:|1700868687\n|switch|p2a: Dragapult|Dragapult, F|45\/100|[from] Volt Switch\n|-damage|p2a: Dragapult|32\/100|[from] Stealth Rock\n|\n|upkeep\n|turn|8\n|\n|t:|1700868696\n|move|p2a: Dragapult|Draco Meteor|p1a: Conkeldurr|[miss]\n|-miss|p2a: Dragapult|p1a: Conkeldurr\n|move|p1a: Conkeldurr|Ice Punch|p2a: Dragapult\n|-supereffective|p2a: Dragapult\n|-damage|p2a: Dragapult|0 fnt\n|faint|p2a: Dragapult\n|\n|upkeep\n|\n|t:|1700868700\n|switch|p2a: Clefable|Clefable, M|91\/100\n|turn|9\n|\n|t:|1700868706\n|switch|p1a: Cinderace|Cinderace, M|100\/100\n|move|p2a: Clefable|Stealth Rock|p1a: Cinderace\n|-sidestart|p1: Poison Ivy Thorns|move: Stealth Rock\n|\n|-heal|p2a: Clefable|97\/100|[from] item: Leftovers\n|upkeep\n|turn|10\n|\n|t:|1700868711\n|switch|p2a: Rotom|Rotom-Heat|100\/100\n|move|p1a: Cinderace|Pyro Ball|p2a: Rotom\n|-resisted|p2a: Rotom\n|-damage|p2a: Rotom|70\/100\n|\n|upkeep\n|turn|11\n|\n|t:|1700868729\n|switch|p1a: Conkeldurr|Conkeldurr, M|71\/100\n|-damage|p1a: Conkeldurr|65\/100|[from] Stealth Rock\n|move|p2a: Rotom|Volt Switch|p1a: Conkeldurr\n|-damage|p1a: Conkeldurr|43\/100\n|\n|t:|1700868736\n|switch|p2a: Ogerpon|Ogerpon-Cornerstone, F|100\/100|[from] Volt Switch\n|-damage|p2a: Ogerpon|88\/100|[from] Stealth Rock\n|\n|upkeep\n|turn|12\n|\n|t:|1700868743\n|switch|p2a: Clefable|Clefable, M|97\/100\n|move|p1a: Conkeldurr|Drain Punch|p2a: Clefable\n|-resisted|p2a: Clefable\n|-crit|p2a: Clefable\n|-damage|p2a: Clefable|69\/100\n|-heal|p1a: Conkeldurr|57\/100|[from] drain|[of] p2a: Clefable\n|\n|-heal|p2a: Clefable|75\/100|[from] item: Leftovers\n|upkeep\n|turn|13\n|\n|t:|1700868749\n|switch|p1a: Cinderace|Cinderace, M|100\/100\n|move|p2a: Clefable|Moonblast|p1a: Cinderace\n|-resisted|p1a: Cinderace\n|-damage|p1a: Cinderace|77\/100\n|\n|-heal|p2a: Clefable|81\/100|[from] item: Leftovers\n|upkeep\n|turn|14\n|\n|t:|1700868755\n|move|p1a: Cinderace|Pyro Ball|p2a: Clefable\n|-damage|p2a: Clefable|41\/100\n|move|p2a: Clefable|Wish|p2a: Clefable\n|\n|-heal|p2a: Clefable|47\/100|[from] item: Leftovers\n|upkeep\n|turn|15\n|\n|t:|1700868760\n|move|p1a: Cinderace|High Jump Kick|p2a: Clefable\n|-start|p1a: Cinderace|typechange|Fighting|[from] ability: Libero\n|-resisted|p2a: Clefable\n|-damage|p2a: Clefable|22\/100\n|move|p2a: Clefable|Moonblast|p1a: Cinderace\n|-supereffective|p1a: Cinderace\n|-damage|p1a: Cinderace|0 fnt\n|faint|p1a: Cinderace\n|\n|-heal|p2a: Clefable|72\/100|[from] move: Wish|[wisher] Clefable\n|-heal|p2a: Clefable|78\/100|[from] item: Leftovers\n|upkeep\n|\n|t:|1700868762\n|switch|p1a: Ceruledge|Ceruledge, F|100\/100\n|-damage|p1a: Ceruledge|76\/100|[from] Stealth Rock\n|turn|16\n|\n|t:|1700868769\n|move|p1a: Ceruledge|Swords Dance|p1a: Ceruledge\n|-boost|p1a: Ceruledge|atk|2\n|move|p2a: Clefable|Wish|p2a: Clefable\n|\n|-heal|p2a: Clefable|84\/100|[from] item: Leftovers\n|upkeep\n|turn|17\n|\n|t:|1700868796\n|move|p1a: Ceruledge|Bitter Blade|p2a: Clefable\n|-damage|p2a: Clefable|18\/100\n|-heal|p1a: Ceruledge|100\/100|[from] drain|[of] p2a: Clefable\n|move|p2a: Clefable|Wish||[still]\n|-fail|p2a: Clefable\n|\n|-heal|p2a: Clefable|68\/100|[from] move: Wish|[wisher] Clefable\n|-heal|p2a: Clefable|74\/100|[from] item: Leftovers\n|upkeep\n|turn|18\n|inactive|justLiam has 120 seconds left.\n|inactive|justLiam has 90 seconds left.\n|\n|t:|1700868845\n|move|p1a: Ceruledge|Poltergeist|p2a: Clefable\n|-activate|p2a: Clefable|move: Poltergeist|Leftovers\n|-damage|p2a: Clefable|0 fnt\n|faint|p2a: Clefable\n|\n|upkeep\n|inactive|justLiam has 90 seconds left.\n|\n|t:|1700868858\n|switch|p2a: Ogerpon|Ogerpon-Cornerstone, F|88\/100\n|-damage|p2a: Ogerpon|76\/100|[from] Stealth Rock\n|turn|19\n|inactive|justLiam has 90 seconds left.\n|\n|t:|1700868867\n|move|p2a: Ogerpon|Ivy Cudgel|p1a: Ceruledge|[anim] Ivy Cudgel Rock\n|-supereffective|p1a: Ceruledge\n|-enditem|p1a: Ceruledge|Focus Sash\n|-damage|p1a: Ceruledge|1\/100\n|-ability|p1a: Ceruledge|Weak Armor|boost\n|-unboost|p1a: Ceruledge|def|1\n|-boost|p1a: Ceruledge|spe|2\n|move|p1a: Ceruledge|Bitter Blade|p2a: Ogerpon\n|-damage|p2a: Ogerpon|0 fnt\n|-heal|p1a: Ceruledge|40\/100|[from] drain|[of] p2a: Ogerpon\n|faint|p2a: Ogerpon\n|\n|upkeep\n|inactive|justLiam has 90 seconds left.\n|\n|t:|1700868876\n|switch|p2a: Great Tusk|Great Tusk|100\/100\n|turn|20\n|\n|t:|1700868880\n|move|p1a: Ceruledge|Destiny Bond|p1a: Ceruledge\n|-singlemove|p1a: Ceruledge|Destiny Bond\n|move|p2a: Great Tusk|Knock Off|p1a: Ceruledge\n|-supereffective|p1a: Ceruledge\n|-damage|p1a: Ceruledge|0 fnt\n|faint|p1a: Ceruledge\n|-activate|p1a: Ceruledge|move: Destiny Bond\n|faint|p2a: Great Tusk\n|-end|p2a: Great Tusk|Protosynthesis|[silent]\n|\n|upkeep\n|-message|justLiam forfeited.\n|\n|win|Poison Ivy Thorns\n|raw|Poison Ivy Thorns's rating: 1527 &rarr; <strong>1544<\/strong><br \/>(+17 for winning)\n|raw|justLiam's rating: 1470 &rarr; <strong>1453<\/strong><br \/>(-17 for losing)\n|l|\u2606justLiam\n","uploadtime":1700868895,"views":2,"p1id":"poisonivythorns","p2id":"justliam","formatid":"gen9ou","rating":1453,"private":0,"password":""}