{"id":"gen9ou-1997109868","p1":"sir galigus","p2":"Teaver the Beaver","format":"[Gen 9] OU","log":"|j|\u2606sir galigus\n|j|\u2606Teaver the Beaver\n|t:|1700765483\n|gametype|singles\n|player|p1|sir galigus|steven|1609\n|player|p2|Teaver the Beaver|akari|1644\n|teamsize|p1|6\n|teamsize|p2|6\n|gen|9\n|tier|[Gen 9] OU\n|rated|\n|rule|Sleep Clause Mod: Limit one foe put to sleep\n|rule|Species Clause: Limit one of each Pok\u00e9mon\n|rule|OHKO Clause: OHKO moves are banned\n|rule|Evasion Items Clause: Evasion items are banned\n|rule|Evasion Moves Clause: Evasion moves are banned\n|rule|Endless Battle Clause: Forcing endless battles is banned\n|rule|HP Percentage Mod: HP is shown in percentages\n|clearpoke\n|poke|p1|Meloetta|\n|poke|p1|Meowscarada, F|\n|poke|p1|Alomomola, F|\n|poke|p1|Muk-Alola, M|\n|poke|p1|Weezing-Galar, F|\n|poke|p1|Dragapult, F|\n|poke|p2|Zapdos|\n|poke|p2|Empoleon, F|\n|poke|p2|Great Tusk|\n|poke|p2|Walking Wake|\n|poke|p2|Heatran, M|\n|poke|p2|Dragonite, F|\n|teampreview\n|inactive|Battle timer is ON: inactive players will automatically lose when time's up. (requested by Teaver the Beaver)\n|inactive|sir galigus also wants the timer to be on.\n|inactive|sir galigus has 120 seconds left.\n|inactive|Teaver the Beaver has 120 seconds left.\n|j| Heihachi Mishima\n|\n|t:|1700765543\n|start\n|switch|p1a: Meowscarada|Meowscarada, F|100\/100\n|switch|p2a: Dragonite|Dragonite, F|100\/100\n|turn|1\n|\n|t:|1700765550\n|move|p1a: Meowscarada|U-turn|p2a: Dragonite\n|-start|p1a: Meowscarada|typechange|Bug|[from] ability: Protean\n|-resisted|p2a: Dragonite\n|-damage|p2a: Dragonite|88\/100\n|\n|t:|1700765555\n|switch|p1a: Alomomola|Alomomola, F|100\/100|[from] U-turn\n|move|p2a: Dragonite|Dragon Dance|p2a: Dragonite\n|-boost|p2a: Dragonite|atk|1\n|-boost|p2a: Dragonite|spe|1\n|\n|upkeep\n|turn|2\n|\n|t:|1700765558\n|move|p2a: Dragonite|Dragon Dance|p2a: Dragonite\n|-boost|p2a: Dragonite|atk|1\n|-boost|p2a: Dragonite|spe|1\n|move|p1a: Alomomola|Flip Turn|p2a: Dragonite\n|-resisted|p2a: Dragonite\n|-damage|p2a: Dragonite|80\/100\n|\n|t:|1700765561\n|switch|p1a: Dragapult|Dragapult, F|100\/100|[from] Flip Turn\n|\n|upkeep\n|turn|3\n|\n|t:|1700765568\n|move|p1a: Dragapult|Draco Meteor|p2a: Dragonite|[miss]\n|-miss|p1a: Dragapult|p2a: Dragonite\n|move|p2a: Dragonite|Roost|p2a: Dragonite\n|-heal|p2a: Dragonite|100\/100\n|-singleturn|p2a: Dragonite|move: Roost\n|\n|upkeep\n|turn|4\n|\n|t:|1700765579\n|switch|p1a: Alomomola|Alomomola, F|100\/100\n|move|p2a: Dragonite|Roost||[still]\n|-fail|p2a: Dragonite|heal\n|\n|upkeep\n|turn|5\n|\n|t:|1700765583\n|move|p2a: Dragonite|Dragon Dance|p2a: Dragonite\n|-boost|p2a: Dragonite|atk|1\n|-boost|p2a: Dragonite|spe|1\n|move|p1a: Alomomola|Flip Turn|p2a: Dragonite\n|-resisted|p2a: Dragonite\n|-damage|p2a: Dragonite|96\/100\n|\n|t:|1700765587\n|switch|p1a: Weezing|Weezing-Galar, F, shiny|100\/100|[from] Flip Turn\n|-ability|p1a: Weezing|Neutralizing Gas\n|\n|upkeep\n|turn|6\n|\n|t:|1700765593\n|-terastallize|p1a: Weezing|Grass\n|move|p2a: Dragonite|Earthquake|p1a: Weezing\n|-resisted|p1a: Weezing\n|-damage|p1a: Weezing|68\/100\n|move|p1a: Weezing|Will-O-Wisp|p2a: Dragonite\n|-status|p2a: Dragonite|brn\n|\n|-damage|p2a: Dragonite|90\/100 brn|[from] brn\n|upkeep\n|turn|7\n|\n|t:|1700765600\n|move|p2a: Dragonite|Dragon Dance|p2a: Dragonite\n|-boost|p2a: Dragonite|atk|1\n|-boost|p2a: Dragonite|spe|1\n|move|p1a: Weezing|Strange Steam|p2a: Dragonite\n|-supereffective|p2a: Dragonite\n|-crit|p2a: Dragonite\n|-damage|p2a: Dragonite|0 fnt\n|faint|p2a: Dragonite\n|\n|upkeep\n|\n|t:|1700765618\n|switch|p2a: Heatran|Heatran, M|100\/100\n|-item|p2a: Heatran|Air Balloon\n|turn|8\n|\n|t:|1700765624\n|-end|p1a: Weezing|ability: Neutralizing Gas\n|switch|p1a: Alomomola|Alomomola, F|100\/100\n|move|p2a: Heatran|Magma Storm|p1a: Alomomola|[miss]\n|-miss|p2a: Heatran|p1a: Alomomola\n|\n|upkeep\n|turn|9\n|\n|t:|1700765629\n|switch|p2a: Zapdos|Zapdos|100\/100\n|move|p1a: Alomomola|Flip Turn|p2a: Zapdos\n|-damage|p2a: Zapdos|87\/100\n|-status|p1a: Alomomola|par|[from] ability: Static|[of] p2a: Zapdos\n|\n|t:|1700765633\n|switch|p1a: Muk|Muk-Alola, M|100\/100|[from] Flip Turn\n|\n|upkeep\n|turn|10\n|\n|t:|1700765636\n|move|p2a: Zapdos|Volt Switch|p1a: Muk\n|-damage|p1a: Muk|86\/100\n|\n|t:|1700765641\n|switch|p2a: Great Tusk|Great Tusk|100\/100|[from] Volt Switch\n|move|p1a: Muk|Knock Off|p2a: Great Tusk\n|-resisted|p2a: Great Tusk\n|-damage|p2a: Great Tusk|88\/100\n|-enditem|p2a: Great Tusk|Choice Scarf|[from] move: Knock Off|[of] p1a: Muk\n|\n|upkeep\n|turn|11\n|\n|t:|1700765647\n|switch|p1a: Alomomola|Alomomola, F|100\/100 par\n|move|p2a: Great Tusk|Close Combat|p1a: Alomomola\n|-damage|p1a: Alomomola|66\/100 par\n|-unboost|p2a: Great Tusk|def|1\n|-unboost|p2a: Great Tusk|spd|1\n|-damage|p2a: Great Tusk|71\/100|[from] item: Rocky Helmet|[of] p1a: Alomomola\n|\n|upkeep\n|turn|12\n|\n|t:|1700765650\n|move|p2a: Great Tusk|Close Combat|p1a: Alomomola\n|-damage|p1a: Alomomola|34\/100 par\n|-unboost|p2a: Great Tusk|def|1\n|-unboost|p2a: Great Tusk|spd|1\n|-damage|p2a: Great Tusk|55\/100|[from] item: Rocky Helmet|[of] p1a: Alomomola\n|move|p1a: Alomomola|Flip Turn|p2a: Great Tusk\n|-supereffective|p2a: Great Tusk\n|-damage|p2a: Great Tusk|6\/100\n|\n|t:|1700765661\n|switch|p1a: Meloetta|Meloetta|100\/100|[from] Flip Turn\n|\n|upkeep\n|turn|13\n|\n|t:|1700765666\n|-end|p2a: Great Tusk|Protosynthesis|[silent]\n|switch|p2a: Empoleon|Empoleon, F|100\/100\n|move|p1a: Meloetta|Relic Song|p2a: Empoleon\n|-resisted|p2a: Empoleon\n|-damage|p2a: Empoleon|89\/100\n|-formechange|p1a: Meloetta|Meloetta-Pirouette|[msg]\n|\n|-heal|p2a: Empoleon|95\/100|[from] item: Leftovers\n|upkeep\n|turn|14\n|\n|t:|1700765675\n|switch|p2a: Zapdos|Zapdos|87\/100\n|move|p1a: Meloetta|Close Combat|p2a: Zapdos\n|-resisted|p2a: Zapdos\n|-damage|p2a: Zapdos|65\/100\n|-unboost|p1a: Meloetta|def|1\n|-unboost|p1a: Meloetta|spd|1\n|\n|upkeep\n|turn|15\n|\n|t:|1700765682\n|switch|p1a: Muk|Muk-Alola, M|86\/100\n|move|p2a: Zapdos|Volt Switch|p1a: Muk\n|-crit|p1a: Muk\n|-damage|p1a: Muk|66\/100\n|\n|t:|1700765686\n|switch|p2a: Great Tusk|Great Tusk|6\/100|[from] Volt Switch\n|\n|upkeep\n|turn|16\n|\n|t:|1700765691\n|-end|p2a: Great Tusk|Protosynthesis|[silent]\n|switch|p2a: Zapdos|Zapdos|65\/100\n|switch|p1a: Alomomola|Alomomola, F|67\/100 par\n|\n|upkeep\n|turn|17\n|\n|t:|1700765704\n|switch|p1a: Muk|Muk-Alola, M|66\/100\n|move|p2a: Zapdos|Volt Switch|p1a: Muk\n|-damage|p1a: Muk|52\/100\n|\n|t:|1700765709\n|switch|p2a: Great Tusk|Great Tusk|6\/100|[from] Volt Switch\n|\n|upkeep\n|turn|18\n|\n|t:|1700765714\n|-end|p2a: Great Tusk|Protosynthesis|[silent]\n|switch|p2a: Zapdos|Zapdos|65\/100\n|switch|p1a: Alomomola|Alomomola, F|99\/100 par\n|\n|upkeep\n|turn|19\n|\n|t:|1700765720\n|move|p2a: Zapdos|Discharge|p1a: Alomomola\n|-supereffective|p1a: Alomomola\n|-damage|p1a: Alomomola|19\/100 par\n|move|p1a: Alomomola|Flip Turn|p2a: Zapdos\n|-damage|p2a: Zapdos|52\/100\n|\n|t:|1700765725\n|switch|p1a: Muk|Muk-Alola, M|52\/100|[from] Flip Turn\n|\n|upkeep\n|turn|20\n|\n|t:|1700765729\n|move|p2a: Zapdos|Volt Switch|p1a: Muk\n|-damage|p1a: Muk|39\/100\n|\n|t:|1700765731\n|switch|p2a: Empoleon|Empoleon, F|95\/100|[from] Volt Switch\n|move|p1a: Muk|Knock Off|p2a: Empoleon\n|-crit|p2a: Empoleon\n|-damage|p2a: Empoleon|35\/100\n|-enditem|p2a: Empoleon|Leftovers|[from] move: Knock Off|[of] p1a: Muk\n|\n|upkeep\n|turn|21\n|\n|t:|1700765735\n|move|p1a: Muk|Drain Punch|p2a: Empoleon\n|-supereffective|p2a: Empoleon\n|-damage|p2a: Empoleon|0 fnt\n|-heal|p1a: Muk|54\/100|[from] drain|[of] p2a: Empoleon\n|faint|p2a: Empoleon\n|\n|upkeep\n|\n|t:|1700765741\n|switch|p2a: Great Tusk|Great Tusk|6\/100\n|turn|22\n|\n|t:|1700765746\n|switch|p1a: Weezing|Weezing-Galar, F, shiny, tera:Grass|68\/100\n|-ability|p1a: Weezing|Neutralizing Gas\n|-terastallize|p2a: Great Tusk|Ground\n|move|p2a: Great Tusk|Headlong Rush|p1a: Weezing\n|-resisted|p1a: Weezing\n|-damage|p1a: Weezing|37\/100\n|-unboost|p2a: Great Tusk|def|1\n|-unboost|p2a: Great Tusk|spd|1\n|\n|upkeep\n|turn|23\n|\n|t:|1700765753\n|move|p2a: Great Tusk|Headlong Rush|p1a: Weezing\n|-resisted|p1a: Weezing\n|-damage|p1a: Weezing|10\/100\n|-unboost|p2a: Great Tusk|def|1\n|-unboost|p2a: Great Tusk|spd|1\n|move|p1a: Weezing|Strange Steam|p2a: Great Tusk\n|-damage|p2a: Great Tusk|0 fnt\n|faint|p2a: Great Tusk\n|-end|p2a: Great Tusk|Protosynthesis|[silent]\n|\n|upkeep\n|-message|Teaver the Beaver forfeited.\n|\n|win|sir galigus\n|raw|sir galigus's rating: 1609 &rarr; <strong>1631<\/strong><br \/>(+22 for winning)\n|raw|Teaver the Beaver's rating: 1644 &rarr; <strong>1622<\/strong><br \/>(-22 for losing)\n|l|\u2606Teaver the Beaver\n|l|\u2606sir galigus\n","uploadtime":1700765769,"views":4,"p1id":"sirgaligus","p2id":"teaverthebeaver","formatid":"gen9ou","rating":1622,"private":0,"password":""}