{"id":"gen9ou-1989060568","p1":"Ms CheeseCake","p2":"nutzoo","format":"[Gen 9] OU","log":"|j|\u2606Ms CheeseCake\n|j|\u2606nutzoo\n|t:|1699807814\n|gametype|singles\n|player|p1|Ms CheeseCake|parasollady|1032\n|player|p2|nutzoo|102|1069\n|teamsize|p1|6\n|teamsize|p2|6\n|gen|9\n|tier|[Gen 9] OU\n|rated|\n|rule|Sleep Clause Mod: Limit one foe put to sleep\n|rule|Species Clause: Limit one of each Pok\u00e9mon\n|rule|OHKO Clause: OHKO moves are banned\n|rule|Evasion Items Clause: Evasion items are banned\n|rule|Evasion Moves Clause: Evasion moves are banned\n|rule|Endless Battle Clause: Forcing endless battles is banned\n|rule|HP Percentage Mod: HP is shown in percentages\n|clearpoke\n|poke|p1|Meloetta|\n|poke|p1|Hoopa-Unbound|\n|poke|p1|Chansey, F|\n|poke|p1|Toedscruel, M|\n|poke|p1|Yanmega, M|\n|poke|p1|Fezandipiti, M|\n|poke|p2|Ambipom, M|\n|poke|p2|Dragonite, F|\n|poke|p2|Cinderace, M|\n|poke|p2|Ninetales-Alola, M|\n|poke|p2|Torterra, F|\n|poke|p2|Rotom-Wash|\n|teampreview\n|\n|t:|1699807818\n|start\n|switch|p1a: Fezandipiti|Fezandipiti, M|100\/100\n|switch|p2a: Torterra|Torterra, F|100\/100\n|turn|1\n|inactive|Battle timer is ON: inactive players will automatically lose when time's up. (requested by nutzoo)\n|\n|t:|1699807831\n|move|p1a: Fezandipiti|Icy Wind|p2a: Torterra\n|-supereffective|p2a: Torterra\n|-damage|p2a: Torterra|62\/100\n|-unboost|p2a: Torterra|spe|1\n|-enditem|p2a: Torterra|White Herb\n|-clearnegativeboost|p2a: Torterra|[silent]\n|move|p2a: Torterra|Shell Smash|p2a: Torterra\n|-unboost|p2a: Torterra|def|1\n|-unboost|p2a: Torterra|spd|1\n|-boost|p2a: Torterra|atk|2\n|-boost|p2a: Torterra|spa|2\n|-boost|p2a: Torterra|spe|2\n|\n|upkeep\n|turn|2\n|\n|t:|1699807845\n|-terastallize|p1a: Fezandipiti|Flying\n|move|p2a: Torterra|Earthquake|p1a: Fezandipiti\n|-immune|p1a: Fezandipiti\n|move|p1a: Fezandipiti|Icy Wind|p2a: Torterra\n|-supereffective|p2a: Torterra\n|-damage|p2a: Torterra|5\/100\n|-unboost|p2a: Torterra|spe|1\n|\n|upkeep\n|turn|3\n|\n|t:|1699807856\n|move|p1a: Fezandipiti|Icy Wind|p2a: Torterra\n|-supereffective|p2a: Torterra\n|-damage|p2a: Torterra|0 fnt\n|faint|p2a: Torterra\n|\n|upkeep\n|\n|t:|1699807861\n|switch|p2a: Rotom|Rotom-Wash|100\/100\n|turn|4\n|\n|t:|1699807867\n|move|p1a: Fezandipiti|Beat Up|p2a: Rotom\n|-damage|p2a: Rotom|96\/100\n|-damage|p2a: Rotom|90\/100\n|-damage|p2a: Rotom|88\/100\n|-damage|p2a: Rotom|85\/100\n|-damage|p2a: Rotom|81\/100\n|-status|p2a: Rotom|tox|[from] ability: Toxic Chain|[of] p1a: Fezandipiti\n|-crit|p2a: Rotom\n|-damage|p2a: Rotom|76\/100 tox\n|-hitcount|p2a: Rotom|6\n|move|p2a: Rotom|Thunderbolt|p1a: Fezandipiti\n|-supereffective|p1a: Fezandipiti\n|-damage|p1a: Fezandipiti|24\/100\n|-damage|p2a: Rotom|66\/100 tox|[from] item: Life Orb\n|\n|-heal|p1a: Fezandipiti|30\/100|[from] item: Leftovers\n|-damage|p2a: Rotom|60\/100 tox|[from] psn\n|upkeep\n|turn|5\n|\n|t:|1699807889\n|move|p1a: Fezandipiti|Roost|p1a: Fezandipiti\n|-heal|p1a: Fezandipiti|80\/100\n|-hint|If a Flying Terastallized Pokemon uses Roost, it remains Flying-type.\n|move|p2a: Rotom|Thunderbolt|p1a: Fezandipiti\n|-supereffective|p1a: Fezandipiti\n|-damage|p1a: Fezandipiti|7\/100\n|-damage|p2a: Rotom|50\/100 tox|[from] item: Life Orb\n|\n|-heal|p1a: Fezandipiti|13\/100|[from] item: Leftovers\n|-damage|p2a: Rotom|37\/100 tox|[from] psn\n|upkeep\n|turn|6\n|\n|t:|1699807901\n|move|p1a: Fezandipiti|Roost|p1a: Fezandipiti\n|-heal|p1a: Fezandipiti|63\/100\n|-hint|If a Flying Terastallized Pokemon uses Roost, it remains Flying-type.\n|move|p2a: Rotom|Thunderbolt|p1a: Fezandipiti\n|-supereffective|p1a: Fezandipiti\n|-damage|p1a: Fezandipiti|0 fnt\n|faint|p1a: Fezandipiti\n|-damage|p2a: Rotom|27\/100 tox|[from] item: Life Orb\n|\n|-damage|p2a: Rotom|9\/100 tox|[from] psn\n|upkeep\n|\n|t:|1699807913\n|switch|p1a: Meloetta|Meloetta|100\/100\n|turn|7\n|\n|t:|1699807917\n|move|p1a: Meloetta|Relic Song|p2a: Rotom\n|-damage|p2a: Rotom|0 fnt\n|faint|p2a: Rotom\n|-formechange|p1a: Meloetta|Meloetta-Pirouette|[msg]\n|\n|upkeep\n|\n|t:|1699807932\n|switch|p2a: Ninetales|Ninetales-Alola, M|100\/100\n|-weather|Snow|[from] ability: Snow Warning|[of] p2a: Ninetales\n|turn|8\n|\n|t:|1699807937\n|move|p1a: Meloetta|Relic Song|p2a: Ninetales\n|-damage|p2a: Ninetales|78\/100\n|-formechange|p1a: Meloetta|Meloetta|[msg]\n|move|p2a: Ninetales|Aurora Veil|p2a: Ninetales\n|-sidestart|p2: nutzoo|move: Aurora Veil\n|\n|-weather|Snow|[upkeep]\n|upkeep\n|turn|9\n|\n|t:|1699807946\n|move|p2a: Ninetales|Dazzling Gleam|p1a: Meloetta\n|-damage|p1a: Meloetta|77\/100\n|move|p1a: Meloetta|Relic Song|p2a: Ninetales\n|-damage|p2a: Ninetales|62\/100\n|-formechange|p1a: Meloetta|Meloetta-Pirouette|[msg]\n|\n|-weather|Snow|[upkeep]\n|upkeep\n|turn|10\n|\n|t:|1699807954\n|move|p1a: Meloetta|Relic Song|p2a: Ninetales\n|-damage|p2a: Ninetales|51\/100\n|-formechange|p1a: Meloetta|Meloetta|[msg]\n|move|p2a: Ninetales|Dazzling Gleam|p1a: Meloetta\n|-damage|p1a: Meloetta|54\/100\n|\n|-weather|Snow|[upkeep]\n|upkeep\n|turn|11\n|\n|t:|1699807963\n|move|p2a: Ninetales|Dazzling Gleam|p1a: Meloetta\n|-damage|p1a: Meloetta|31\/100\n|-enditem|p1a: Meloetta|Sitrus Berry|[eat]\n|-heal|p1a: Meloetta|56\/100|[from] item: Sitrus Berry\n|move|p1a: Meloetta|Relic Song|p2a: Ninetales\n|-damage|p2a: Ninetales|34\/100\n|-formechange|p1a: Meloetta|Meloetta-Pirouette|[msg]\n|\n|-weather|Snow|[upkeep]\n|upkeep\n|turn|12\n|\n|t:|1699807973\n|move|p1a: Meloetta|Relic Song|p2a: Ninetales\n|-damage|p2a: Ninetales|23\/100\n|-formechange|p1a: Meloetta|Meloetta|[msg]\n|move|p2a: Ninetales|Dark Pulse|p1a: Meloetta\n|-supereffective|p1a: Meloetta\n|-damage|p1a: Meloetta|25\/100\n|\n|-weather|none\n|-sideend|p2: nutzoo|move: Aurora Veil\n|upkeep\n|turn|13\n|\n|t:|1699807982\n|move|p2a: Ninetales|Dark Pulse|p1a: Meloetta\n|-supereffective|p1a: Meloetta\n|-damage|p1a: Meloetta|0 fnt\n|faint|p1a: Meloetta\n|\n|upkeep\n|\n|t:|1699807990\n|switch|p1a: Chansey|Chansey, F, shiny|100\/100\n|turn|14\n|\n|t:|1699807998\n|move|p2a: Ninetales|Ice Beam|p1a: Chansey\n|-damage|p1a: Chansey|91\/100\n|move|p1a: Chansey|Stealth Rock|p2a: Ninetales\n|-sidestart|p2: nutzoo|move: Stealth Rock\n|\n|upkeep\n|turn|15\n|\n|t:|1699808009\n|switch|p2a: Cinderace|Cinderace, M, shiny|100\/100\n|move|p1a: Chansey|Seismic Toss|p2a: Cinderace\n|-damage|p2a: Cinderace|67\/100\n|\n|upkeep\n|turn|16\n|\n|t:|1699808017\n|move|p2a: Cinderace|High Jump Kick|p1a: Chansey|[miss]\n|-start|p2a: Cinderace|typechange|Fighting|[from] ability: Libero\n|-miss|p2a: Cinderace|p1a: Chansey\n|-damage|p2a: Cinderace|17\/100|[from] highjumpkick\n|move|p1a: Chansey|Stealth Rock||[still]\n|-fail|p1a: Chansey\n|\n|upkeep\n|turn|17\n|\n|t:|1699808027\n|move|p2a: Cinderace|High Jump Kick|p1a: Chansey\n|-supereffective|p1a: Chansey\n|-damage|p1a: Chansey|13\/100\n|move|p1a: Chansey|Seismic Toss|p2a: Cinderace\n|-damage|p2a: Cinderace|0 fnt\n|faint|p2a: Cinderace\n|\n|upkeep\n|\n|t:|1699808034\n|switch|p2a: Ambipom|Ambipom, M, shiny|100\/100\n|-damage|p2a: Ambipom|88\/100|[from] Stealth Rock\n|turn|18\n|\n|t:|1699808040\n|move|p2a: Ambipom|Fake Out|p1a: Chansey\n|-damage|p1a: Chansey|0 fnt\n|faint|p1a: Chansey\n|-damage|p2a: Ambipom|78\/100|[from] item: Life Orb\n|\n|upkeep\n|\n|t:|1699808049\n|switch|p1a: Yanmega|Yanmega, M, shiny|100\/100\n|turn|19\n|\n|t:|1699808055\n|move|p2a: Ambipom|Last Resort|p1a: Yanmega\n|-damage|p1a: Yanmega|0 fnt\n|faint|p1a: Yanmega\n|-damage|p2a: Ambipom|68\/100|[from] item: Life Orb\n|\n|upkeep\n|\n|t:|1699808061\n|switch|p1a: Hoopa|Hoopa-Unbound|100\/100\n|turn|20\n|\n|t:|1699808066\n|move|p2a: Ambipom|Last Resort|p1a: Hoopa\n|-damage|p1a: Hoopa|0 fnt\n|faint|p1a: Hoopa\n|-damage|p2a: Ambipom|58\/100|[from] item: Life Orb\n|\n|upkeep\n|\n|t:|1699808072\n|switch|p1a: Toedscruel|Toedscruel, M|100\/100\n|turn|21\n|-message|Ms CheeseCake forfeited.\n|\n|win|nutzoo\n|raw|Ms CheeseCake's rating: 1032 &rarr; <strong>1019<\/strong><br \/>(-13 for losing)\n|raw|nutzoo's rating: 1069 &rarr; <strong>1096<\/strong><br \/>(+27 for winning)\n|l|\u2606Ms CheeseCake\n","uploadtime":1699808086,"views":31,"p1id":"mscheesecake","p2id":"nutzoo","formatid":"gen9ou","rating":1019,"private":0,"password":""}