{"id":"gen9ou-1993792226","p1":"Leckasos","p2":"Bakeno731","format":"[Gen 9] OU","log":"|j|\u2606Leckasos\n|j|\u2606Bakeno731\n|t:|1700357821\n|gametype|singles\n|player|p1|Leckasos|swimmerf-gen4dp|1613\n|player|p2|Bakeno731|pokemonranger-gen4|1654\n|teamsize|p1|6\n|teamsize|p2|6\n|gen|9\n|tier|[Gen 9] OU\n|rated|\n|rule|Sleep Clause Mod: Limit one foe put to sleep\n|rule|Species Clause: Limit one of each Pok\u00e9mon\n|rule|OHKO Clause: OHKO moves are banned\n|rule|Evasion Items Clause: Evasion items are banned\n|rule|Evasion Moves Clause: Evasion moves are banned\n|rule|Endless Battle Clause: Forcing endless battles is banned\n|rule|HP Percentage Mod: HP is shown in percentages\n|clearpoke\n|poke|p1|Iron Treads|\n|poke|p1|Ceruledge, F|\n|poke|p1|Rillaboom, F|\n|poke|p1|Iron Valiant|\n|poke|p1|Iron Moth|\n|poke|p1|Kingambit, F|\n|poke|p2|Cinderace, M|\n|poke|p2|Zamazenta-*|\n|poke|p2|Gholdengo|\n|poke|p2|Walking Wake|\n|poke|p2|Iron Valiant|\n|poke|p2|Sableye, M|\n|teampreview\n|inactive|Battle timer is ON: inactive players will automatically lose when time's up. (requested by Leckasos)\n|j| HereForFrens\n|\n|t:|1700357828\n|start\n|switch|p1a: Iron Treads|Iron Treads|100\/100\n|switch|p2a: Walking Wake|Walking Wake|100\/100\n|-enditem|p1a: Iron Treads|Booster Energy\n|-activate|p1a: Iron Treads|ability: Quark Drive|[fromitem]\n|-start|p1a: Iron Treads|quarkdrivespe\n|turn|1\n|\n|t:|1700357831\n|move|p1a: Iron Treads|Stealth Rock|p2a: Walking Wake\n|-sidestart|p2: Bakeno731|move: Stealth Rock\n|move|p2a: Walking Wake|Hydro Steam|p1a: Iron Treads\n|-supereffective|p1a: Iron Treads\n|-damage|p1a: Iron Treads|0 fnt\n|faint|p1a: Iron Treads\n|-end|p1a: Iron Treads|Quark Drive|[silent]\n|\n|upkeep\n|\n|t:|1700357835\n|switch|p1a: Rillaboom|Rillaboom, F|100\/100\n|-fieldstart|move: Grassy Terrain|[from] ability: Grassy Surge|[of] p1a: Rillaboom\n|turn|2\n|\n|t:|1700357838\n|-end|p2a: Walking Wake|Protosynthesis|[silent]\n|switch|p2a: Cinderace|Cinderace, M|100\/100\n|move|p1a: Rillaboom|U-turn|p2a: Cinderace\n|-resisted|p2a: Cinderace\n|-damage|p2a: Cinderace|71\/100\n|\n|t:|1700357850\n|switch|p1a: Ceruledge|Ceruledge, F|100\/100|[from] U-turn\n|\n|-heal|p2a: Cinderace|77\/100|[from] Grassy Terrain\n|upkeep\n|turn|3\n|\n|t:|1700357857\n|switch|p2a: Walking Wake|Walking Wake|100\/100\n|-damage|p2a: Walking Wake|88\/100|[from] Stealth Rock\n|move|p1a: Ceruledge|Swords Dance|p1a: Ceruledge\n|-boost|p1a: Ceruledge|atk|2\n|\n|-heal|p2a: Walking Wake|94\/100|[from] Grassy Terrain\n|upkeep\n|turn|4\n|\n|t:|1700357862\n|move|p2a: Walking Wake|Draco Meteor|p1a: Ceruledge|[miss]\n|-miss|p2a: Walking Wake|p1a: Ceruledge\n|move|p1a: Ceruledge|Poltergeist|p2a: Walking Wake|[miss]\n|-miss|p1a: Ceruledge|p2a: Walking Wake\n|\n|-heal|p2a: Walking Wake|100\/100|[from] Grassy Terrain\n|upkeep\n|turn|5\n|\n|t:|1700357869\n|move|p2a: Walking Wake|Draco Meteor|p1a: Ceruledge\n|-enditem|p1a: Ceruledge|Focus Sash\n|-damage|p1a: Ceruledge|1\/100\n|-unboost|p2a: Walking Wake|spa|2\n|move|p1a: Ceruledge|Poltergeist|p2a: Walking Wake\n|-activate|p2a: Walking Wake|move: Poltergeist|Choice Specs\n|-damage|p2a: Walking Wake|0 fnt\n|faint|p2a: Walking Wake\n|-end|p2a: Walking Wake|Protosynthesis|[silent]\n|\n|-heal|p1a: Ceruledge|7\/100|[from] Grassy Terrain\n|upkeep\n|\n|t:|1700357875\n|switch|p2a: Cinderace|Cinderace, M|77\/100\n|turn|6\n|j| bearorsomething\n|\n|t:|1700357880\n|move|p2a: Cinderace|Sucker Punch|p1a: Ceruledge\n|-start|p2a: Cinderace|typechange|Dark|[from] ability: Libero\n|-supereffective|p1a: Ceruledge\n|-damage|p1a: Ceruledge|0 fnt\n|faint|p1a: Ceruledge\n|\n|-heal|p2a: Cinderace|83\/100|[from] Grassy Terrain\n|-fieldend|move: Grassy Terrain\n|upkeep\n|\n|t:|1700357893\n|switch|p1a: Iron Valiant|Iron Valiant|100\/100\n|-enditem|p1a: Iron Valiant|Booster Energy\n|-activate|p1a: Iron Valiant|ability: Quark Drive|[fromitem]\n|-start|p1a: Iron Valiant|quarkdrivespe\n|turn|7\n|\n|t:|1700357906\n|switch|p2a: Gholdengo|Gholdengo|100\/100\n|-damage|p2a: Gholdengo|94\/100|[from] Stealth Rock\n|-item|p2a: Gholdengo|Air Balloon\n|move|p1a: Iron Valiant|Moonblast|p2a: Gholdengo\n|-resisted|p2a: Gholdengo\n|-damage|p2a: Gholdengo|70\/100\n|-enditem|p2a: Gholdengo|Air Balloon\n|\n|upkeep\n|turn|8\n|\n|t:|1700357913\n|-end|p1a: Iron Valiant|Quark Drive|[silent]\n|switch|p1a: Kingambit|Kingambit, F|100\/100\n|-activate|p1a: Kingambit|ability: Supreme Overlord\n|-start|p1a: Kingambit|fallen2|[silent]\n|move|p2a: Gholdengo|Thunder Wave|p1a: Kingambit\n|-status|p1a: Kingambit|par\n|-enditem|p1a: Kingambit|Lum Berry|[eat]\n|-curestatus|p1a: Kingambit|par|[msg]\n|\n|upkeep\n|turn|9\n|\n|t:|1700357923\n|switch|p2a: Iron Valiant|Iron Valiant|100\/100\n|-damage|p2a: Iron Valiant|94\/100|[from] Stealth Rock\n|-enditem|p2a: Iron Valiant|Booster Energy\n|-activate|p2a: Iron Valiant|ability: Quark Drive|[fromitem]\n|-start|p2a: Iron Valiant|quarkdrivespe\n|-end|p1a: Kingambit|fallen2|[silent]\n|switch|p1a: Iron Valiant|Iron Valiant|100\/100\n|\n|upkeep\n|turn|10\n|\n|t:|1700357927\n|-end|p1a: Iron Valiant|Quark Drive|[silent]\n|switch|p1a: Rillaboom|Rillaboom, F|100\/100\n|-fieldstart|move: Grassy Terrain|[from] ability: Grassy Surge|[of] p1a: Rillaboom\n|move|p2a: Iron Valiant|Substitute|p2a: Iron Valiant\n|-start|p2a: Iron Valiant|Substitute\n|-damage|p2a: Iron Valiant|69\/100\n|\n|-heal|p2a: Iron Valiant|76\/100|[from] Grassy Terrain\n|upkeep\n|turn|11\n|\n|t:|1700357930\n|move|p1a: Rillaboom|Grassy Glide|p2a: Iron Valiant\n|-end|p2a: Iron Valiant|Substitute\n|move|p2a: Iron Valiant|Knock Off|p1a: Rillaboom\n|-damage|p1a: Rillaboom|66\/100\n|-enditem|p1a: Rillaboom|Choice Band|[from] move: Knock Off|[of] p2a: Iron Valiant\n|\n|-heal|p2a: Iron Valiant|82\/100|[from] Grassy Terrain\n|-heal|p1a: Rillaboom|72\/100|[from] Grassy Terrain\n|upkeep\n|turn|12\n|\n|t:|1700357934\n|move|p2a: Iron Valiant|Close Combat|p1a: Rillaboom\n|-damage|p1a: Rillaboom|2\/100\n|-unboost|p2a: Iron Valiant|def|1\n|-unboost|p2a: Iron Valiant|spd|1\n|move|p1a: Rillaboom|Wood Hammer|p2a: Iron Valiant\n|-damage|p2a: Iron Valiant|0 fnt\n|faint|p2a: Iron Valiant\n|-end|p2a: Iron Valiant|Quark Drive|[silent]\n|-damage|p1a: Rillaboom|0 fnt|[from] Recoil\n|faint|p1a: Rillaboom\n|\n|upkeep\n|c|\u2606Leckasos|Missclick\n|\n|t:|1700357949\n|switch|p2a: Cinderace|Cinderace, M|83\/100\n|switch|p1a: Iron Valiant|Iron Valiant|100\/100\n|turn|13\n|\n|t:|1700357953\n|move|p2a: Cinderace|Pyro Ball|p1a: Iron Valiant\n|-damage|p1a: Iron Valiant|22\/100\n|move|p1a: Iron Valiant|Encore|p2a: Cinderace\n|-start|p2a: Cinderace|Encore\n|\n|-heal|p2a: Cinderace|89\/100|[from] Grassy Terrain\n|-heal|p1a: Iron Valiant|28\/100|[from] Grassy Terrain\n|upkeep\n|turn|14\n|\n|t:|1700357957\n|move|p2a: Cinderace|Pyro Ball|p1a: Iron Valiant\n|-damage|p1a: Iron Valiant|0 fnt\n|faint|p1a: Iron Valiant\n|-end|p1a: Iron Valiant|Quark Drive|[silent]\n|\n|-heal|p2a: Cinderace|95\/100|[from] Grassy Terrain\n|-fieldend|move: Grassy Terrain\n|upkeep\n|\n|t:|1700357963\n|switch|p1a: Kingambit|Kingambit, F|100\/100\n|-activate|p1a: Kingambit|ability: Supreme Overlord\n|-start|p1a: Kingambit|fallen4|[silent]\n|turn|15\n|\n|t:|1700357966\n|move|p1a: Kingambit|Sucker Punch|p2a: Cinderace\n|-damage|p2a: Cinderace|6\/100\n|move|p2a: Cinderace|Pyro Ball|p1a: Kingambit\n|-supereffective|p1a: Kingambit\n|-damage|p1a: Kingambit|0 fnt\n|faint|p1a: Kingambit\n|-end|p1a: Kingambit|fallen4|[silent]\n|\n|upkeep\n|\n|t:|1700357968\n|switch|p1a: Iron Moth|Iron Moth|100\/100\n|-enditem|p1a: Iron Moth|Booster Energy\n|-activate|p1a: Iron Moth|ability: Quark Drive|[fromitem]\n|-start|p1a: Iron Moth|quarkdrivespe\n|turn|16\n|\n|t:|1700357997\n|switch|p2a: Sableye|Sableye, M|100\/100\n|-damage|p2a: Sableye|88\/100|[from] Stealth Rock\n|move|p1a: Iron Moth|Fiery Dance|p2a: Sableye\n|-damage|p2a: Sableye|43\/100\n|\n|-heal|p2a: Sableye|49\/100|[from] item: Leftovers\n|upkeep\n|turn|17\n|\n|t:|1700358010\n|move|p2a: Sableye|Recover|p2a: Sableye\n|-heal|p2a: Sableye|99\/100\n|move|p1a: Iron Moth|Dazzling Gleam|p2a: Sableye\n|-supereffective|p2a: Sableye\n|-damage|p2a: Sableye|42\/100\n|\n|-heal|p2a: Sableye|49\/100|[from] item: Leftovers\n|upkeep\n|turn|18\n|\n|t:|1700358016\n|move|p2a: Sableye|Encore|p1a: Iron Moth\n|-start|p1a: Iron Moth|Encore\n|move|p1a: Iron Moth|Dazzling Gleam|p2a: Sableye\n|-supereffective|p2a: Sableye\n|-damage|p2a: Sableye|0 fnt\n|faint|p2a: Sableye\n|\n|upkeep\n|j| SwabbyYabby\n|\n|t:|1700358019\n|switch|p2a: Gholdengo|Gholdengo|70\/100\n|-damage|p2a: Gholdengo|64\/100|[from] Stealth Rock\n|turn|19\n|\n|t:|1700358022\n|move|p1a: Iron Moth|Dazzling Gleam|p2a: Gholdengo\n|-resisted|p2a: Gholdengo\n|-damage|p2a: Gholdengo|51\/100\n|move|p2a: Gholdengo|Thunder Wave|p1a: Iron Moth|[miss]\n|-miss|p2a: Gholdengo|p1a: Iron Moth\n|\n|upkeep\n|turn|20\n|\n|t:|1700358027\n|move|p1a: Iron Moth|Dazzling Gleam|p2a: Gholdengo\n|-resisted|p2a: Gholdengo\n|-damage|p2a: Gholdengo|38\/100\n|move|p2a: Gholdengo|Thunder Wave|p1a: Iron Moth\n|-status|p1a: Iron Moth|par\n|\n|-end|p1a: Iron Moth|Encore\n|upkeep\n|turn|21\n|\n|t:|1700358033\n|move|p1a: Iron Moth|Fiery Dance|p2a: Gholdengo\n|-supereffective|p2a: Gholdengo\n|-damage|p2a: Gholdengo|0 fnt\n|faint|p2a: Gholdengo\n|\n|upkeep\n|\n|t:|1700358035\n|switch|p2a: Cinderace|Cinderace, M|6\/100\n|turn|22\n|j| Neutralist\n|\n|t:|1700358047\n|-terastallize|p1a: Iron Moth|Fairy\n|move|p2a: Cinderace|Sucker Punch|p1a: Iron Moth\n|-start|p2a: Cinderace|typechange|Dark|[from] ability: Libero\n|-resisted|p1a: Iron Moth\n|-damage|p1a: Iron Moth|78\/100 par\n|cant|p1a: Iron Moth|par\n|\n|upkeep\n|turn|23\n|\n|t:|1700358053\n|-terastallize|p2a: Cinderace|Fire\n|move|p2a: Cinderace|Pyro Ball|p1a: Iron Moth\n|-damage|p1a: Iron Moth|0 fnt\n|faint|p1a: Iron Moth\n|-end|p1a: Iron Moth|Quark Drive|[silent]\n|\n|win|Bakeno731\n|raw|Leckasos's rating: 1613 &rarr; <strong>1595<\/strong><br \/>(-18 for losing)\n|raw|Bakeno731's rating: 1654 &rarr; <strong>1672<\/strong><br \/>(+18 for winning)\n","uploadtime":1700358059,"views":14,"p1id":"leckasos","p2id":"bakeno731","formatid":"gen9ou","rating":1595,"private":0,"password":""}