{"id":"gen9ou-1994812988","p1":"JohnnyBoi42","p2":"Elitefourduke","format":"[Gen 9] OU","log":"|j|\u2606JohnnyBoi42\n|j|\u2606Elitefourduke\n|t:|1700495164\n|gametype|singles\n|player|p1|JohnnyBoi42|cynthia|1404\n|player|p2|Elitefourduke|169|1291\n|teamsize|p1|6\n|teamsize|p2|6\n|gen|9\n|tier|[Gen 9] OU\n|rated|\n|rule|Sleep Clause Mod: Limit one foe put to sleep\n|rule|Species Clause: Limit one of each Pok\u00e9mon\n|rule|OHKO Clause: OHKO moves are banned\n|rule|Evasion Items Clause: Evasion items are banned\n|rule|Evasion Moves Clause: Evasion moves are banned\n|rule|Endless Battle Clause: Forcing endless battles is banned\n|rule|HP Percentage Mod: HP is shown in percentages\n|clearpoke\n|poke|p1|Crawdaunt, F|\n|poke|p1|Dragapult, F|\n|poke|p1|Manaphy|\n|poke|p1|Great Tusk|\n|poke|p1|Landorus-Therian, M|\n|poke|p1|Dragonite, F|\n|poke|p2|Dragapult, M|\n|poke|p2|Kingambit, M|\n|poke|p2|Iron Moth|\n|poke|p2|Great Tusk|\n|poke|p2|Garganacl, F|\n|poke|p2|Ogerpon-Wellspring, F|\n|teampreview\n|inactive|Battle timer is ON: inactive players will automatically lose when time's up. (requested by JohnnyBoi42)\n|\n|t:|1700495170\n|start\n|switch|p1a: Landorus|Landorus-Therian, M|100\/100\n|switch|p2a: Dragapult|Dragapult, M|100\/100\n|-ability|p1a: Landorus|Intimidate|boost\n|-unboost|p2a: Dragapult|atk|1\n|turn|1\n|\n|t:|1700495184\n|move|p2a: Dragapult|Draco Meteor|p1a: Landorus\n|-damage|p1a: Landorus|41\/100\n|-unboost|p2a: Dragapult|spa|2\n|move|p1a: Landorus|Earthquake|p2a: Dragapult\n|-damage|p2a: Dragapult|12\/100\n|\n|-heal|p1a: Landorus|47\/100|[from] item: Leftovers\n|upkeep\n|turn|2\n|\n|t:|1700495197\n|switch|p2a: Ogerpon|Ogerpon-Wellspring, F|100\/100\n|move|p1a: Landorus|Stealth Rock|p2a: Ogerpon\n|-sidestart|p2: Elitefourduke|move: Stealth Rock\n|\n|-heal|p1a: Landorus|53\/100|[from] item: Leftovers\n|upkeep\n|turn|3\n|\n|t:|1700495206\n|move|p2a: Ogerpon|Horn Leech|p1a: Landorus\n|-damage|p1a: Landorus|8\/100\n|move|p1a: Landorus|U-turn|p2a: Ogerpon\n|-supereffective|p2a: Ogerpon\n|-damage|p2a: Ogerpon|30\/100\n|\n|t:|1700495214\n|switch|p1a: Dragonite|Dragonite, F|100\/100|[from] U-turn\n|\n|upkeep\n|turn|4\n|\n|t:|1700495221\n|move|p2a: Ogerpon|Knock Off|p1a: Dragonite\n|-damage|p1a: Dragonite|84\/100\n|-enditem|p1a: Dragonite|Heavy-Duty Boots|[from] move: Knock Off|[of] p2a: Ogerpon\n|move|p1a: Dragonite|Hurricane|p2a: Ogerpon\n|-supereffective|p2a: Ogerpon\n|-damage|p2a: Ogerpon|0 fnt\n|faint|p2a: Ogerpon\n|\n|upkeep\n|\n|t:|1700495230\n|switch|p2a: Garganacl|Garganacl, F|100\/100\n|-damage|p2a: Garganacl|88\/100|[from] Stealth Rock\n|turn|5\n|\n|t:|1700495240\n|switch|p1a: Manaphy|Manaphy|100\/100\n|move|p2a: Garganacl|Salt Cure|p1a: Manaphy\n|-damage|p1a: Manaphy|87\/100\n|-start|p1a: Manaphy|Salt Cure\n|\n|-heal|p2a: Garganacl|94\/100|[from] item: Leftovers\n|-damage|p1a: Manaphy|62\/100|[from] Salt Cure\n|upkeep\n|turn|6\n|\n|t:|1700495250\n|move|p1a: Manaphy|Surf|p2a: Garganacl\n|-supereffective|p2a: Garganacl\n|-damage|p2a: Garganacl|34\/100\n|-damage|p1a: Manaphy|52\/100|[from] item: Life Orb\n|move|p2a: Garganacl|Iron Defense|p2a: Garganacl\n|-boost|p2a: Garganacl|def|2\n|\n|-heal|p2a: Garganacl|40\/100|[from] item: Leftovers\n|-damage|p1a: Manaphy|27\/100|[from] Salt Cure\n|upkeep\n|turn|7\n|\n|t:|1700495267\n|switch|p1a: Dragapult|Dragapult, F|100\/100\n|-terastallize|p2a: Garganacl|Water\n|move|p2a: Garganacl|Recover|p2a: Garganacl\n|-heal|p2a: Garganacl|90\/100\n|\n|-heal|p2a: Garganacl|96\/100|[from] item: Leftovers\n|upkeep\n|turn|8\n|\n|t:|1700495279\n|-terastallize|p1a: Dragapult|Ghost\n|move|p1a: Dragapult|Shadow Ball|p2a: Garganacl\n|-damage|p2a: Garganacl|75\/100\n|move|p2a: Garganacl|Salt Cure|p1a: Dragapult\n|-damage|p1a: Dragapult|81\/100\n|-start|p1a: Dragapult|Salt Cure\n|\n|-heal|p2a: Garganacl|81\/100|[from] item: Leftovers\n|-damage|p1a: Dragapult|69\/100|[from] Salt Cure\n|upkeep\n|turn|9\n|\n|t:|1700495291\n|move|p1a: Dragapult|Shadow Ball|p2a: Garganacl\n|-damage|p2a: Garganacl|56\/100\n|move|p2a: Garganacl|Iron Defense|p2a: Garganacl\n|-boost|p2a: Garganacl|def|2\n|\n|-heal|p2a: Garganacl|62\/100|[from] item: Leftovers\n|-damage|p1a: Dragapult|57\/100|[from] Salt Cure\n|upkeep\n|turn|10\n|\n|t:|1700495301\n|switch|p1a: Manaphy|Manaphy|27\/100\n|move|p2a: Garganacl|Recover|p2a: Garganacl\n|-heal|p2a: Garganacl|100\/100\n|\n|upkeep\n|turn|11\n|\n|t:|1700495309\n|move|p1a: Manaphy|Tail Glow|p1a: Manaphy\n|-boost|p1a: Manaphy|spa|3\n|move|p2a: Garganacl|Salt Cure|p1a: Manaphy\n|-damage|p1a: Manaphy|14\/100\n|-start|p1a: Manaphy|Salt Cure\n|\n|-damage|p1a: Manaphy|0 fnt|[from] Salt Cure\n|faint|p1a: Manaphy\n|upkeep\n|\n|t:|1700495325\n|switch|p1a: Dragonite|Dragonite, F|84\/100\n|turn|12\n|\n|t:|1700495329\n|move|p1a: Dragonite|Hurricane|p2a: Garganacl\n|-damage|p2a: Garganacl|66\/100\n|-start|p2a: Garganacl|confusion\n|-activate|p2a: Garganacl|confusion\n|-damage|p2a: Garganacl|63\/100|[from] confusion\n|\n|-heal|p2a: Garganacl|70\/100|[from] item: Leftovers\n|upkeep\n|turn|13\n|\n|t:|1700495339\n|move|p1a: Dragonite|Hurricane|p2a: Garganacl\n|-damage|p2a: Garganacl|37\/100\n|-activate|p2a: Garganacl|confusion\n|move|p2a: Garganacl|Salt Cure|p1a: Dragonite\n|-supereffective|p1a: Dragonite\n|-damage|p1a: Dragonite|58\/100\n|-start|p1a: Dragonite|Salt Cure\n|\n|-heal|p2a: Garganacl|44\/100|[from] item: Leftovers\n|-damage|p1a: Dragonite|46\/100|[from] Salt Cure\n|upkeep\n|turn|14\n|\n|t:|1700495349\n|move|p1a: Dragonite|Roost|p1a: Dragonite\n|-heal|p1a: Dragonite|96\/100\n|-singleturn|p1a: Dragonite|move: Roost\n|-activate|p2a: Garganacl|confusion\n|-damage|p2a: Garganacl|42\/100|[from] confusion\n|\n|-heal|p2a: Garganacl|48\/100|[from] item: Leftovers\n|-damage|p1a: Dragonite|83\/100|[from] Salt Cure\n|upkeep\n|turn|15\n|\n|t:|1700495359\n|move|p1a: Dragonite|Hurricane|p2a: Garganacl\n|-damage|p2a: Garganacl|10\/100\n|-activate|p2a: Garganacl|confusion\n|move|p2a: Garganacl|Recover|p2a: Garganacl\n|-heal|p2a: Garganacl|60\/100\n|\n|-heal|p2a: Garganacl|67\/100|[from] item: Leftovers\n|-damage|p1a: Dragonite|71\/100|[from] Salt Cure\n|upkeep\n|turn|16\n|\n|t:|1700495372\n|move|p1a: Dragonite|Hurricane|p2a: Garganacl\n|-damage|p2a: Garganacl|33\/100\n|-end|p2a: Garganacl|confusion\n|move|p2a: Garganacl|Recover|p2a: Garganacl\n|-heal|p2a: Garganacl|83\/100\n|\n|-heal|p2a: Garganacl|89\/100|[from] item: Leftovers\n|-damage|p1a: Dragonite|59\/100|[from] Salt Cure\n|upkeep\n|turn|17\n|\n|t:|1700495389\n|move|p1a: Dragonite|Hurricane|p2a: Garganacl\n|-damage|p2a: Garganacl|55\/100\n|move|p2a: Garganacl|Body Press|p1a: Dragonite\n|-resisted|p1a: Dragonite\n|-damage|p1a: Dragonite|28\/100\n|\n|-heal|p2a: Garganacl|61\/100|[from] item: Leftovers\n|-damage|p1a: Dragonite|16\/100|[from] Salt Cure\n|upkeep\n|turn|18\n|\n|t:|1700495400\n|move|p1a: Dragonite|Roost|p1a: Dragonite\n|-heal|p1a: Dragonite|66\/100\n|-singleturn|p1a: Dragonite|move: Roost\n|move|p2a: Garganacl|Recover|p2a: Garganacl\n|-heal|p2a: Garganacl|100\/100\n|\n|-damage|p1a: Dragonite|53\/100|[from] Salt Cure\n|upkeep\n|turn|19\n|\n|t:|1700495409\n|move|p1a: Dragonite|Roost|p1a: Dragonite\n|-heal|p1a: Dragonite|100\/100\n|-singleturn|p1a: Dragonite|move: Roost\n|move|p2a: Garganacl|Body Press|p1a: Dragonite\n|-damage|p1a: Dragonite|71\/100\n|\n|-damage|p1a: Dragonite|59\/100|[from] Salt Cure\n|upkeep\n|turn|20\n|\n|t:|1700495418\n|move|p1a: Dragonite|Hurricane|p2a: Garganacl|[miss]\n|-miss|p1a: Dragonite|p2a: Garganacl\n|move|p2a: Garganacl|Body Press|p1a: Dragonite\n|-resisted|p1a: Dragonite\n|-damage|p1a: Dragonite|27\/100\n|\n|-damage|p1a: Dragonite|15\/100|[from] Salt Cure\n|upkeep\n|turn|21\n|\n|t:|1700495427\n|move|p1a: Dragonite|Roost|p1a: Dragonite\n|-heal|p1a: Dragonite|65\/100\n|-singleturn|p1a: Dragonite|move: Roost\n|move|p2a: Garganacl|Body Press|p1a: Dragonite\n|-damage|p1a: Dragonite|6\/100\n|\n|-damage|p1a: Dragonite|0 fnt|[from] Salt Cure\n|faint|p1a: Dragonite\n|upkeep\n|\n|t:|1700495444\n|switch|p1a: Dragapult|Dragapult, F, tera:Ghost|57\/100\n|turn|22\n|\n|t:|1700495449\n|move|p1a: Dragapult|Draco Meteor|p2a: Garganacl\n|-damage|p2a: Garganacl|48\/100\n|-unboost|p1a: Dragapult|spa|2\n|move|p2a: Garganacl|Salt Cure|p1a: Dragapult\n|-damage|p1a: Dragapult|37\/100\n|-start|p1a: Dragapult|Salt Cure\n|\n|-heal|p2a: Garganacl|54\/100|[from] item: Leftovers\n|-damage|p1a: Dragapult|24\/100|[from] Salt Cure\n|upkeep\n|turn|23\n|\n|t:|1700495468\n|switch|p1a: Crawdaunt|Crawdaunt, F|100\/100\n|move|p2a: Garganacl|Recover|p2a: Garganacl\n|-heal|p2a: Garganacl|100\/100\n|\n|upkeep\n|turn|24\n|\n|t:|1700495479\n|move|p1a: Crawdaunt|Close Combat|p2a: Garganacl\n|-damage|p2a: Garganacl|85\/100\n|-unboost|p1a: Crawdaunt|def|1\n|-unboost|p1a: Crawdaunt|spd|1\n|move|p2a: Garganacl|Salt Cure|p1a: Crawdaunt\n|-damage|p1a: Crawdaunt|75\/100\n|-start|p1a: Crawdaunt|Salt Cure\n|\n|-heal|p2a: Garganacl|91\/100|[from] item: Leftovers\n|-damage|p1a: Crawdaunt|50\/100|[from] Salt Cure\n|upkeep\n|turn|25\n|\n|t:|1700495491\n|move|p1a: Crawdaunt|Close Combat|p2a: Garganacl\n|-damage|p2a: Garganacl|76\/100\n|-unboost|p1a: Crawdaunt|def|1\n|-unboost|p1a: Crawdaunt|spd|1\n|move|p2a: Garganacl|Body Press|p1a: Crawdaunt\n|-supereffective|p1a: Crawdaunt\n|-crit|p1a: Crawdaunt\n|-damage|p1a: Crawdaunt|0 fnt\n|faint|p1a: Crawdaunt\n|\n|-heal|p2a: Garganacl|82\/100|[from] item: Leftovers\n|upkeep\n|\n|t:|1700495506\n|switch|p1a: Dragapult|Dragapult, F, tera:Ghost|24\/100\n|turn|26\n|\n|t:|1700495516\n|move|p1a: Dragapult|Draco Meteor|p2a: Garganacl\n|-damage|p2a: Garganacl|27\/100\n|-unboost|p1a: Dragapult|spa|2\n|move|p2a: Garganacl|Recover|p2a: Garganacl\n|-heal|p2a: Garganacl|77\/100\n|\n|-heal|p2a: Garganacl|83\/100|[from] item: Leftovers\n|upkeep\n|turn|27\n|\n|t:|1700495527\n|switch|p1a: Landorus|Landorus-Therian, M|8\/100\n|-ability|p1a: Landorus|Intimidate|boost\n|-unboost|p2a: Garganacl|atk|1\n|move|p2a: Garganacl|Salt Cure|p1a: Landorus\n|-damage|p1a: Landorus|0 fnt\n|faint|p1a: Landorus\n|\n|-heal|p2a: Garganacl|89\/100|[from] item: Leftovers\n|upkeep\n|\n|t:|1700495530\n|switch|p1a: Dragapult|Dragapult, F, tera:Ghost|24\/100\n|turn|28\n|\n|t:|1700495544\n|move|p1a: Dragapult|Draco Meteor|p2a: Garganacl\n|-damage|p2a: Garganacl|33\/100\n|-unboost|p1a: Dragapult|spa|2\n|move|p2a: Garganacl|Recover|p2a: Garganacl\n|-heal|p2a: Garganacl|83\/100\n|\n|-heal|p2a: Garganacl|89\/100|[from] item: Leftovers\n|upkeep\n|turn|29\n|\n|t:|1700495554\n|switch|p1a: Great Tusk|Great Tusk|100\/100\n|-enditem|p1a: Great Tusk|Booster Energy\n|-activate|p1a: Great Tusk|ability: Protosynthesis|[fromitem]\n|-start|p1a: Great Tusk|protosynthesisatk\n|move|p2a: Garganacl|Salt Cure|p1a: Great Tusk\n|-resisted|p1a: Great Tusk\n|-damage|p1a: Great Tusk|99\/100\n|-start|p1a: Great Tusk|Salt Cure\n|\n|-heal|p2a: Garganacl|95\/100|[from] item: Leftovers\n|-damage|p1a: Great Tusk|87\/100|[from] Salt Cure\n|upkeep\n|turn|30\n|\n|t:|1700495566\n|move|p1a: Great Tusk|Headlong Rush|p2a: Garganacl\n|-damage|p2a: Garganacl|75\/100\n|-unboost|p1a: Great Tusk|def|1\n|-unboost|p1a: Great Tusk|spd|1\n|move|p2a: Garganacl|Salt Cure|p1a: Great Tusk\n|-resisted|p1a: Great Tusk\n|-damage|p1a: Great Tusk|84\/100\n|\n|-heal|p2a: Garganacl|81\/100|[from] item: Leftovers\n|-damage|p1a: Great Tusk|72\/100|[from] Salt Cure\n|upkeep\n|turn|31\n|\n|t:|1700495578\n|move|p1a: Great Tusk|Headlong Rush|p2a: Garganacl\n|-damage|p2a: Garganacl|60\/100\n|-unboost|p1a: Great Tusk|def|1\n|-unboost|p1a: Great Tusk|spd|1\n|move|p2a: Garganacl|Salt Cure|p1a: Great Tusk\n|-resisted|p1a: Great Tusk\n|-damage|p1a: Great Tusk|69\/100\n|\n|-heal|p2a: Garganacl|67\/100|[from] item: Leftovers\n|-damage|p1a: Great Tusk|56\/100|[from] Salt Cure\n|upkeep\n|turn|32\n|\n|t:|1700495589\n|move|p1a: Great Tusk|Headlong Rush|p2a: Garganacl\n|-damage|p2a: Garganacl|47\/100\n|-unboost|p1a: Great Tusk|def|1\n|-unboost|p1a: Great Tusk|spd|1\n|move|p2a: Garganacl|Body Press|p1a: Great Tusk\n|-crit|p1a: Great Tusk\n|-damage|p1a: Great Tusk|0 fnt\n|faint|p1a: Great Tusk\n|-end|p1a: Great Tusk|Protosynthesis|[silent]\n|\n|-heal|p2a: Garganacl|53\/100|[from] item: Leftovers\n|upkeep\n|\n|t:|1700495596\n|switch|p1a: Dragapult|Dragapult, F, tera:Ghost|24\/100\n|turn|33\n|\n|t:|1700495603\n|move|p1a: Dragapult|Shadow Ball|p2a: Garganacl\n|-damage|p2a: Garganacl|30\/100\n|move|p2a: Garganacl|Salt Cure|p1a: Dragapult\n|-damage|p1a: Dragapult|12\/100\n|-start|p1a: Dragapult|Salt Cure\n|\n|-heal|p2a: Garganacl|37\/100|[from] item: Leftovers\n|-damage|p1a: Dragapult|0 fnt|[from] Salt Cure\n|faint|p1a: Dragapult\n|\n|win|Elitefourduke\n|upkeep\n|raw|JohnnyBoi42's rating: 1404 &rarr; <strong>1378<\/strong><br \/>(-26 for losing)\n|raw|Elitefourduke's rating: 1291 &rarr; <strong>1324<\/strong><br \/>(+33 for winning)\n|l|\u2606JohnnyBoi42\n","uploadtime":1700495634,"views":14,"p1id":"johnnyboi42","p2id":"elitefourduke","formatid":"gen9ou","rating":1324,"private":0,"password":""}