{"id":"gen9ou-1995482746","p1":"TALLER MAS","p2":"Jiarias","format":"[Gen 9] OU","log":"|j|\u2606TALLER MAS\n|j|\u2606Jiarias\n|t:|1700575727\n|gametype|singles\n|player|p1|TALLER MAS|170|1127\n|player|p2|Jiarias|acetrainer-gen4dp|1191\n|teamsize|p1|6\n|teamsize|p2|6\n|gen|9\n|tier|[Gen 9] OU\n|rated|\n|rule|Sleep Clause Mod: Limit one foe put to sleep\n|rule|Species Clause: Limit one of each Pok\u00e9mon\n|rule|OHKO Clause: OHKO moves are banned\n|rule|Evasion Items Clause: Evasion items are banned\n|rule|Evasion Moves Clause: Evasion moves are banned\n|rule|Endless Battle Clause: Forcing endless battles is banned\n|rule|HP Percentage Mod: HP is shown in percentages\n|clearpoke\n|poke|p1|Glastrier|\n|poke|p1|Hatterene, F|\n|poke|p1|Conkeldurr, F|\n|poke|p1|Enamorus-Therian, F|\n|poke|p1|Trevenant, M|\n|poke|p1|Vikavolt, F|\n|poke|p2|Raichu, F|\n|poke|p2|Charizard, M|\n|poke|p2|Passimian, M|\n|poke|p2|Chansey, F|\n|poke|p2|Weavile, F|\n|poke|p2|Luxray, M|\n|teampreview\n|inactive|Battle timer is ON: inactive players will automatically lose when time's up. (requested by Jiarias)\n|\n|t:|1700575740\n|start\n|switch|p1a: Hatterene|Hatterene, F|100\/100\n|switch|p2a: Weavile|Weavile, F|100\/100\n|turn|1\n|\n|t:|1700575746\n|move|p2a: Weavile|Icicle Crash|p1a: Hatterene\n|-damage|p1a: Hatterene|53\/100\n|move|p1a: Hatterene|Trick Room|p1a: Hatterene\n|-fieldstart|move: Trick Room|[of] p1a: Hatterene\n|\n|upkeep\n|turn|2\n|\n|t:|1700575751\n|move|p1a: Hatterene|Misty Explosion|p2a: Weavile\n|-supereffective|p2a: Weavile\n|-enditem|p2a: Weavile|Focus Sash\n|-damage|p2a: Weavile|1\/100\n|faint|p1a: Hatterene\n|move|p2a: Weavile|Night Slash|p1: Hatterene|[notarget]\n|-fail|p2a: Weavile\n|\n|upkeep\n|\n|t:|1700575763\n|switch|p1a: Enamorus|Enamorus-Therian, F|100\/100\n|turn|3\n|\n|t:|1700575769\n|move|p2a: Weavile|Ice Shard|p1a: Enamorus\n|-supereffective|p1a: Enamorus\n|-damage|p1a: Enamorus|66\/100\n|move|p1a: Enamorus|Moonblast|p2a: Weavile\n|-supereffective|p2a: Weavile\n|-damage|p2a: Weavile|0 fnt\n|faint|p2a: Weavile\n|\n|upkeep\n|\n|t:|1700575797\n|switch|p2a: Chansey|Chansey, F, shiny|100\/100\n|turn|4\n|\n|t:|1700575807\n|switch|p1a: Glastrier|Glastrier|100\/100\n|move|p2a: Chansey|Thunder Wave|p1a: Glastrier\n|-status|p1a: Glastrier|par\n|\n|upkeep\n|turn|5\n|\n|t:|1700575817\n|switch|p2a: Luxray|Luxray, M|100\/100\n|cant|p1a: Glastrier|par\n|\n|-fieldend|move: Trick Room\n|-status|p2a: Luxray|brn|[from] item: Flame Orb\n|upkeep\n|turn|6\n|\n|t:|1700575825\n|move|p2a: Luxray|Wild Charge|p1a: Glastrier\n|-damage|p1a: Glastrier|53\/100 par\n|-damage|p2a: Luxray|85\/100 brn|[from] Recoil\n|cant|p1a: Glastrier|par\n|\n|-damage|p2a: Luxray|79\/100 brn|[from] brn\n|upkeep\n|turn|7\n|\n|t:|1700575833\n|move|p2a: Luxray|Wild Charge|p1a: Glastrier\n|-damage|p1a: Glastrier|5\/100 par\n|-damage|p2a: Luxray|63\/100 brn|[from] Recoil\n|move|p1a: Glastrier|High Horsepower|p2a: Luxray\n|-supereffective|p2a: Luxray\n|-damage|p2a: Luxray|0 fnt\n|faint|p2a: Luxray\n|-ability|p1a: Glastrier|Chilling Neigh|boost\n|-boost|p1a: Glastrier|atk|1\n|\n|upkeep\n|\n|t:|1700575841\n|switch|p2a: Passimian|Passimian, M|100\/100\n|turn|8\n|\n|t:|1700575849\n|switch|p1a: Trevenant|Trevenant, M, shiny|100\/100\n|move|p2a: Passimian|U-turn|p1a: Trevenant\n|-damage|p1a: Trevenant|81\/100\n|\n|t:|1700575856\n|switch|p2a: Charizard|Charizard, M, shiny|100\/100|[from] U-turn\n|\n|upkeep\n|turn|9\n|\n|t:|1700575863\n|-terastallize|p1a: Trevenant|Ghost\n|move|p2a: Charizard|Fire Blast|p1a: Trevenant\n|-damage|p1a: Trevenant|23\/100\n|move|p1a: Trevenant|Trick Room|p1a: Trevenant\n|-fieldstart|move: Trick Room|[of] p1a: Trevenant\n|\n|upkeep\n|turn|10\n|-enditem|p1a: Trevenant|Custap Berry|[eat]\n|-activate|p1a: Trevenant|item: Custap Berry|[consumed]\n|\n|t:|1700575871\n|move|p1a: Trevenant|Destiny Bond|p1a: Trevenant\n|-singlemove|p1a: Trevenant|Destiny Bond\n|move|p2a: Charizard|Fire Blast|p1a: Trevenant\n|-damage|p1a: Trevenant|0 fnt\n|faint|p1a: Trevenant\n|-activate|p1a: Trevenant|move: Destiny Bond\n|faint|p2a: Charizard\n|\n|upkeep\n|\n|t:|1700575886\n|switch|p1a: Conkeldurr|Conkeldurr, F, shiny|100\/100\n|switch|p2a: Chansey|Chansey, F, shiny|100\/100\n|turn|11\n|\n|t:|1700575893\n|move|p1a: Conkeldurr|Drain Punch|p2a: Chansey\n|-supereffective|p2a: Chansey\n|-damage|p2a: Chansey|0 fnt\n|faint|p2a: Chansey\n|\n|-status|p1a: Conkeldurr|brn|[from] item: Flame Orb\n|upkeep\n|\n|t:|1700575897\n|switch|p2a: Raichu|Raichu, F|100\/100\n|turn|12\n|\n|t:|1700575906\n|move|p1a: Conkeldurr|Earthquake|p2a: Raichu\n|-supereffective|p2a: Raichu\n|-enditem|p2a: Raichu|Focus Sash\n|-damage|p2a: Raichu|1\/100\n|move|p2a: Raichu|Thunderbolt|p1a: Conkeldurr\n|-damage|p1a: Conkeldurr|61\/100 brn\n|\n|-damage|p1a: Conkeldurr|55\/100 brn|[from] brn\n|upkeep\n|turn|13\n|\n|t:|1700575915\n|move|p1a: Conkeldurr|Drain Punch|p2a: Raichu\n|-crit|p2a: Raichu\n|-damage|p2a: Raichu|0 fnt\n|-heal|p1a: Conkeldurr|56\/100 brn|[from] drain|[of] p2a: Raichu\n|faint|p2a: Raichu\n|\n|-damage|p1a: Conkeldurr|50\/100 brn|[from] brn\n|-fieldend|move: Trick Room\n|upkeep\n|\n|t:|1700575929\n|switch|p2a: Passimian|Passimian, M|100\/100\n|turn|14\n|\n|t:|1700575935\n|move|p2a: Passimian|Gunk Shot|p1a: Conkeldurr\n|-damage|p1a: Conkeldurr|17\/100 brn\n|move|p1a: Conkeldurr|Drain Punch|p2a: Passimian\n|-damage|p2a: Passimian|26\/100\n|-heal|p1a: Conkeldurr|48\/100 brn|[from] drain|[of] p2a: Passimian\n|\n|-damage|p1a: Conkeldurr|42\/100 brn|[from] brn\n|upkeep\n|turn|15\n|\n|t:|1700575944\n|move|p2a: Passimian|Gunk Shot|p1a: Conkeldurr\n|-damage|p1a: Conkeldurr|10\/100 brn\n|move|p1a: Conkeldurr|Drain Punch|p2a: Passimian\n|-damage|p2a: Passimian|0 fnt\n|-heal|p1a: Conkeldurr|21\/100 brn|[from] drain|[of] p2a: Passimian\n|faint|p2a: Passimian\n|\n|win|TALLER MAS\n|raw|TALLER MAS's rating: 1127 &rarr; <strong>1157<\/strong><br \/>(+30 for winning)\n|raw|Jiarias's rating: 1191 &rarr; <strong>1161<\/strong><br \/>(-30 for losing)\n|c|\u2606Jiarias|gg\n|l|\u2606Jiarias\n","uploadtime":1700575976,"views":8,"p1id":"tallermas","p2id":"jiarias","formatid":"gen9ou","rating":1157,"private":0,"password":""}