{"id":"gen9ou-1997816847","p1":"testing rt","p2":"yomaalt","format":"[Gen 9] OU","log":"|j|\u2606testing rt\n|j|\u2606yomaalt\n|inactive|Battle timer is ON: inactive players will automatically lose when time's up.\n|t:|1700855847\n|gametype|singles\n|player|p1|testing rt|caitlin|\n|player|p2|yomaalt|carmine|\n|teamsize|p1|6\n|teamsize|p2|6\n|gen|9\n|tier|[Gen 9] OU\n|rated|Tournament battle\n|rule|Sleep Clause Mod: Limit one foe put to sleep\n|rule|Species Clause: Limit one of each Pok\u00e9mon\n|rule|OHKO Clause: OHKO moves are banned\n|rule|Evasion Items Clause: Evasion items are banned\n|rule|Evasion Moves Clause: Evasion moves are banned\n|rule|Endless Battle Clause: Forcing endless battles is banned\n|rule|HP Percentage Mod: HP is shown in percentages\n|clearpoke\n|poke|p1|Dragapult, M|\n|poke|p1|Enamorus-Therian, F|\n|poke|p1|Great Tusk|\n|poke|p1|Amoonguss, M|\n|poke|p1|Heatran, M|\n|poke|p1|Clefable, M|\n|poke|p2|Glimmora, M|\n|poke|p2|Zamazenta-*|\n|poke|p2|Iron Valiant|\n|poke|p2|Gholdengo|\n|poke|p2|Ogerpon-Wellspring, F|\n|poke|p2|Kingambit, F|\n|teampreview\n|inactive|testing rt also wants the timer to be on.\n|j| Vlarcheops\n|l| Vlarcheops\n|j| StormJet1613\n|inactive|testing rt has 120 seconds left.\n|\n|t:|1700855900\n|start\n|switch|p1a: Graphic Void|Dragapult, M, shiny|100\/100\n|switch|p2a: Grass|Glimmora, M|100\/100\n|turn|1\n|\n|t:|1700855928\n|move|p1a: Graphic Void|Dragon Darts|p2a: Grass\n|-damage|p2a: Grass|54\/100\n|-activate|p2a: Grass|ability: Toxic Debris\n|-sidestart|p1: testing rt|move: Toxic Spikes\n|-anim|p1a: Graphic Void|Dragon Darts|p2a: Grass\n|-damage|p2a: Grass|12\/100\n|-activate|p2a: Grass|ability: Toxic Debris\n|-sidestart|p1: testing rt|move: Toxic Spikes\n|move|p2a: Grass|Stealth Rock|p1a: Graphic Void\n|-sidestart|p1: testing rt|move: Stealth Rock\n|\n|upkeep\n|turn|2\n|\n|t:|1700855938\n|switch|p2a: Flying|Kingambit, F|100\/100\n|move|p1a: Graphic Void|Dragon Darts|p2a: Flying\n|-resisted|p2a: Flying\n|-damage|p2a: Flying|88\/100\n|-anim|p1a: Graphic Void|Dragon Darts|p2a: Flying\n|-resisted|p2a: Flying\n|-damage|p2a: Flying|74\/100\n|\n|-heal|p2a: Flying|80\/100|[from] item: Leftovers\n|upkeep\n|turn|3\n|j|+cromagnet\n|c| StormJet1613|and he just set up\n|\n|t:|1700855946\n|switch|p1a: Againts The Time|Great Tusk|100\/100\n|move|p2a: Flying|Iron Head|p1a: Againts The Time\n|-damage|p1a: Againts The Time|73\/100\n|\n|-heal|p2a: Flying|87\/100|[from] item: Leftovers\n|upkeep\n|turn|4\n|\n|t:|1700855951\n|-end|p2a: Flying|fallenundefined|[silent]\n|switch|p2a: Dark|Gholdengo|100\/100\n|move|p1a: Againts The Time|Knock Off|p2a: Dark\n|-supereffective|p2a: Dark\n|-damage|p2a: Dark|59\/100\n|-enditem|p2a: Dark|Leftovers|[from] move: Knock Off|[of] p1a: Againts The Time\n|\n|upkeep\n|turn|5\n|\n|t:|1700855962\n|-end|p1a: Againts The Time|Protosynthesis|[silent]\n|switch|p1a: Burning Dawn|Heatran, M|100\/100\n|-damage|p1a: Burning Dawn|88\/100|[from] Stealth Rock\n|move|p2a: Dark|Make It Rain|p1a: Burning Dawn\n|-resisted|p1a: Burning Dawn\n|-damage|p1a: Burning Dawn|80\/100\n|-unboost|p2a: Dark|spa|1\n|\n|-heal|p1a: Burning Dawn|86\/100|[from] item: Leftovers\n|upkeep\n|turn|6\n|\n|t:|1700855968\n|switch|p2a: Grass|Glimmora, M|12\/100\n|move|p1a: Burning Dawn|Magma Storm|p2a: Grass\n|-resisted|p2a: Grass\n|-damage|p2a: Grass|0 fnt\n|faint|p2a: Grass\n|\n|-heal|p1a: Burning Dawn|92\/100|[from] item: Leftovers\n|upkeep\n|\n|t:|1700855970\n|switch|p2a: Water|Zamazenta|100\/100\n|-ability|p2a: Water|Dauntless Shield|boost\n|-boost|p2a: Water|def|1\n|turn|7\n|\n|t:|1700855974\n|switch|p1a: Toxic Kiss|Amoonguss, M, shiny|100\/100\n|-sideend|p1: testing rt|move: Toxic Spikes|[of] p1a: Toxic Kiss\n|-damage|p1a: Toxic Kiss|88\/100|[from] Stealth Rock\n|move|p2a: Water|Close Combat|p1a: Toxic Kiss\n|-resisted|p1a: Toxic Kiss\n|-damage|p1a: Toxic Kiss|67\/100\n|-unboost|p2a: Water|def|1\n|-unboost|p2a: Water|spd|1\n|-enditem|p1a: Toxic Kiss|Red Card|[of] p2a: Water\n|drag|p2a: Fairy|Ogerpon-Wellspring, F|100\/100\n|\n|upkeep\n|turn|8\n|c| StormJet1613|uh oh\n|\n|t:|1700855986\n|switch|p2a: Dark|Gholdengo|59\/100\n|move|p1a: Toxic Kiss|Clear Smog|p2a: Dark\n|-immune|p2a: Dark\n|\n|upkeep\n|turn|9\n|inactive|yomaalt has 120 seconds left.\n|inactive|yomaalt has 90 seconds left.\n|c|\u2606testing rt|test\n|\n|t:|1700856068\n|switch|p1a: Burning Dawn|Heatran, M|92\/100\n|-damage|p1a: Burning Dawn|80\/100|[from] Stealth Rock\n|move|p2a: Dark|Thunder Wave|p1a: Burning Dawn|[miss]\n|-miss|p2a: Dark|p1a: Burning Dawn\n|\n|-heal|p1a: Burning Dawn|86\/100|[from] item: Leftovers\n|upkeep\n|turn|10\n|c|\u2606yomaalt|fuck\n|\n|t:|1700856076\n|switch|p2a: Water|Zamazenta|100\/100\n|move|p1a: Burning Dawn|Magma Storm|p2a: Water\n|-damage|p2a: Water|60\/100\n|-activate|p2a: Water|move: Magma Storm|[of] p1a: Burning Dawn\n|\n|-heal|p1a: Burning Dawn|92\/100|[from] item: Leftovers\n|-damage|p2a: Water|48\/100|[from] move: Magma Storm|[partiallytrapped]\n|upkeep\n|turn|11\n|c| StormJet1613|uh oh\n|\n|t:|1700856081\n|switch|p1a: Inflamable|Clefable, M|100\/100\n|-damage|p1a: Inflamable|88\/100|[from] Stealth Rock\n|move|p2a: Water|Crunch|p1a: Inflamable\n|-resisted|p1a: Inflamable\n|-damage|p1a: Inflamable|77\/100\n|\n|-heal|p1a: Inflamable|83\/100|[from] item: Leftovers\n|-end|p2a: Water|Magma Storm|[partiallytrapped]|[silent]\n|upkeep\n|turn|12\n|\n|t:|1700856092\n|move|p2a: Water|Heavy Slam|p1a: Inflamable\n|-supereffective|p1a: Inflamable\n|-damage|p1a: Inflamable|22\/100\n|move|p1a: Inflamable|Moonblast|p2a: Water\n|-supereffective|p2a: Water\n|-damage|p2a: Water|0 fnt\n|faint|p2a: Water\n|\n|-heal|p1a: Inflamable|28\/100|[from] item: Leftovers\n|upkeep\n|inactive|yomaalt has 90 seconds left.\n|\n|t:|1700856102\n|switch|p2a: Fairy|Ogerpon-Wellspring, F|100\/100\n|turn|13\n|j| YoloYellowBird\n|\n|t:|1700856112\n|switch|p1a: Toxic Kiss|Amoonguss, M, shiny|99\/100\n|-damage|p1a: Toxic Kiss|88\/100|[from] Stealth Rock\n|move|p2a: Fairy|Ivy Cudgel|p1a: Toxic Kiss|[anim] Ivy Cudgel Water\n|-resisted|p1a: Toxic Kiss\n|-damage|p1a: Toxic Kiss|63\/100\n|\n|upkeep\n|turn|14\n|inactive|yomaalt has 90 seconds left.\n|\n|t:|1700856159\n|move|p2a: Fairy|Swords Dance|p2a: Fairy\n|-boost|p2a: Fairy|atk|2\n|move|p1a: Toxic Kiss|Sludge Bomb|p2a: Fairy\n|-supereffective|p2a: Fairy\n|-damage|p2a: Fairy|36\/100\n|\n|upkeep\n|turn|15\n|inactive|yomaalt has 60 seconds left.\n|\n|t:|1700856188\n|switch|p1a: Inflamable|Clefable, M|28\/100\n|-damage|p1a: Inflamable|15\/100|[from] Stealth Rock\n|move|p2a: Fairy|Ivy Cudgel|p1a: Inflamable|[anim] Ivy Cudgel Water\n|-damage|p1a: Inflamable|0 fnt\n|faint|p1a: Inflamable\n|\n|upkeep\n|\n|t:|1700856199\n|switch|p1a: Graphic Void|Dragapult, M, shiny|100\/100\n|-damage|p1a: Graphic Void|88\/100|[from] Stealth Rock\n|turn|16\n|inactive|yomaalt has 60 seconds left.\n|\n|t:|1700856213\n|switch|p2a: Steel|Iron Valiant|100\/100\n|-enditem|p2a: Steel|Booster Energy\n|-activate|p2a: Steel|ability: Quark Drive|[fromitem]\n|-start|p2a: Steel|quarkdrivespe\n|move|p1a: Graphic Void|U-turn|p2a: Steel\n|-resisted|p2a: Steel\n|-damage|p2a: Steel|90\/100\n|\n|t:|1700856226\n|switch|p1a: Toxic Kiss|Amoonguss, M, shiny|97\/100|[from] U-turn\n|-damage|p1a: Toxic Kiss|84\/100|[from] Stealth Rock\n|\n|upkeep\n|turn|17\n|\n|t:|1700856234\n|-terastallize|p2a: Steel|Steel\n|move|p2a: Steel|Moonblast|p1a: Toxic Kiss\n|-resisted|p1a: Toxic Kiss\n|-damage|p1a: Toxic Kiss|65\/100\n|-unboost|p1a: Toxic Kiss|spa|1\n|move|p1a: Toxic Kiss|Sludge Bomb|p2a: Steel\n|-immune|p2a: Steel\n|\n|upkeep\n|turn|18\n|\n|t:|1700856238\n|move|p2a: Steel|Encore|p1a: Toxic Kiss\n|-start|p1a: Toxic Kiss|Encore\n|move|p1a: Toxic Kiss|Sludge Bomb|p2a: Steel\n|-immune|p2a: Steel\n|\n|upkeep\n|turn|19\n|\n|t:|1700856245\n|switch|p1a: Burning Dawn|Heatran, M|92\/100\n|-damage|p1a: Burning Dawn|80\/100|[from] Stealth Rock\n|move|p2a: Steel|Moonblast|p1a: Burning Dawn\n|-resisted|p1a: Burning Dawn\n|-damage|p1a: Burning Dawn|72\/100\n|\n|-heal|p1a: Burning Dawn|78\/100|[from] item: Leftovers\n|upkeep\n|turn|20\n|c|\u2606yomaalt|ok someone has to switchin\n|\n|t:|1700856249\n|move|p2a: Steel|Thunderbolt|p1a: Burning Dawn\n|-damage|p1a: Burning Dawn|59\/100\n|move|p1a: Burning Dawn|Magma Storm|p2a: Steel\n|-supereffective|p2a: Steel\n|-damage|p2a: Steel|0 fnt\n|faint|p2a: Steel\n|-end|p2a: Steel|Quark Drive|[silent]\n|\n|-heal|p1a: Burning Dawn|65\/100|[from] item: Leftovers\n|upkeep\n|c|\u2606yomaalt|MISSCLIC\n|\n|t:|1700856254\n|switch|p2a: Fairy|Ogerpon-Wellspring, F|36\/100\n|turn|21\n|\n|t:|1700856258\n|switch|p2a: Dark|Gholdengo|59\/100\n|switch|p1a: Toxic Kiss|Amoonguss, M, shiny|99\/100\n|-damage|p1a: Toxic Kiss|86\/100|[from] Stealth Rock\n|\n|upkeep\n|turn|22\n|c| StormJet1613|oh fuck\n|\n|t:|1700856261\n|switch|p1a: Burning Dawn|Heatran, M|65\/100\n|-damage|p1a: Burning Dawn|52\/100|[from] Stealth Rock\n|move|p2a: Dark|Thunder Wave|p1a: Burning Dawn\n|-status|p1a: Burning Dawn|par\n|\n|-heal|p1a: Burning Dawn|59\/100 par|[from] item: Leftovers\n|upkeep\n|turn|23\n|inactive|yomaalt has 120 seconds left.\n|\n|t:|1700856268\n|move|p2a: Dark|Recover|p2a: Dark\n|-heal|p2a: Dark|100\/100\n|cant|p1a: Burning Dawn|par\n|\n|-heal|p1a: Burning Dawn|65\/100 par|[from] item: Leftovers\n|upkeep\n|turn|24\n|\n|t:|1700856271\n|move|p2a: Dark|Hex|p1a: Burning Dawn\n|-damage|p1a: Burning Dawn|27\/100 par\n|move|p1a: Burning Dawn|Magma Storm|p2a: Dark\n|-supereffective|p2a: Dark\n|-damage|p2a: Dark|11\/100\n|-activate|p2a: Dark|move: Magma Storm|[of] p1a: Burning Dawn\n|\n|-heal|p1a: Burning Dawn|33\/100 par|[from] item: Leftovers\n|-damage|p2a: Dark|0 fnt|[from] move: Magma Storm|[partiallytrapped]\n|faint|p2a: Dark\n|upkeep\n|\n|t:|1700856275\n|switch|p2a: Flying|Kingambit, F|87\/100\n|-activate|p2a: Flying|ability: Supreme Overlord\n|-start|p2a: Flying|fallen4|[silent]\n|turn|25\n|\n|t:|1700856280\n|move|p2a: Flying|Kowtow Cleave|p1a: Burning Dawn\n|-damage|p1a: Burning Dawn|0 fnt\n|faint|p1a: Burning Dawn\n|\n|-heal|p2a: Flying|93\/100|[from] item: Leftovers\n|upkeep\n|\n|t:|1700856282\n|switch|p1a: Againts The Time|Great Tusk|73\/100\n|turn|26\n|\n|t:|1700856284\n|move|p1a: Againts The Time|Close Combat|p2a: Flying\n|-supereffective|p2a: Flying\n|-damage|p2a: Flying|0 fnt\n|-unboost|p1a: Againts The Time|def|1\n|-unboost|p1a: Againts The Time|spd|1\n|faint|p2a: Flying\n|-end|p2a: Flying|fallen4|[silent]\n|\n|upkeep\n|\n|t:|1700856286\n|switch|p2a: Fairy|Ogerpon-Wellspring, F|36\/100\n|turn|27\n|\n|t:|1700856290\n|-end|p1a: Againts The Time|Protosynthesis|[silent]\n|switch|p1a: Toxic Kiss|Amoonguss, M, shiny|100\/100\n|-damage|p1a: Toxic Kiss|88\/100|[from] Stealth Rock\n|move|p2a: Fairy|Swords Dance|p2a: Fairy\n|-boost|p2a: Fairy|atk|2\n|\n|upkeep\n|turn|28\n|\n|t:|1700856293\n|move|p2a: Fairy|Horn Leech|p1a: Toxic Kiss\n|-resisted|p1a: Toxic Kiss\n|-damage|p1a: Toxic Kiss|70\/100\n|-heal|p2a: Fairy|49\/100|[from] drain|[of] p1a: Toxic Kiss\n|move|p1a: Toxic Kiss|Sludge Bomb|p2a: Fairy\n|-supereffective|p2a: Fairy\n|-damage|p2a: Fairy|0 fnt\n|faint|p2a: Fairy\n|\n|win|testing rt\n|n|\u2606testing rt|testingrt\n|n|\u2606yomaalt|yomaalt\n|n| StormJet1613|stormjet1613\n|n|+cromagnet|cromagnet\n|n| YoloYellowBird|yoloyellowbird\n","uploadtime":1700856293,"views":5,"p1id":"testingrt","p2id":"yomaalt","formatid":"gen9ou","rating":0,"private":0,"password":""}