{"id":"gen9ou-1999770811","p1":"Pitiani","p2":"RakzoTR","format":"[Gen 9] OU","log":"|j|\u2606Pitiani\n|j|\u2606RakzoTR\n|t:|1701115164\n|gametype|singles\n|player|p1|Pitiani|marlon|1430\n|player|p2|RakzoTR|gambler|1448\n|teamsize|p1|6\n|teamsize|p2|6\n|gen|9\n|tier|[Gen 9] OU\n|rated|\n|rule|Sleep Clause Mod: Limit one foe put to sleep\n|rule|Species Clause: Limit one of each Pok\u00e9mon\n|rule|OHKO Clause: OHKO moves are banned\n|rule|Evasion Items Clause: Evasion items are banned\n|rule|Evasion Moves Clause: Evasion moves are banned\n|rule|Endless Battle Clause: Forcing endless battles is banned\n|rule|HP Percentage Mod: HP is shown in percentages\n|clearpoke\n|poke|p1|Glimmora, F|\n|poke|p1|Gholdengo|\n|poke|p1|Ogerpon-Wellspring, F|\n|poke|p1|Kingambit, F|\n|poke|p1|Iron Moth|\n|poke|p1|Enamorus, F|\n|poke|p2|Goodra-Hisui, F|\n|poke|p2|Ogerpon-Wellspring, F|\n|poke|p2|Donphan, M|\n|poke|p2|Zamazenta-*|\n|poke|p2|Cinderace, M|\n|poke|p2|Zapdos|\n|teampreview\n|\n|t:|1701115175\n|start\n|switch|p1a: Glimmora|Glimmora, F|100\/100\n|switch|p2a: Rhaenyra|Goodra-Hisui, F|100\/100\n|turn|1\n|\n|t:|1701115183\n|move|p1a: Glimmora|Stealth Rock|p2a: Rhaenyra\n|-sidestart|p2: RakzoTR|move: Stealth Rock\n|move|p2a: Rhaenyra|Flash Cannon|p1a: Glimmora\n|-supereffective|p1a: Glimmora\n|-enditem|p1a: Glimmora|Focus Sash\n|-damage|p1a: Glimmora|1\/100\n|\n|upkeep\n|turn|2\n|\n|t:|1701115200\n|move|p1a: Glimmora|Earth Power|p2a: Rhaenyra\n|-supereffective|p2a: Rhaenyra\n|-damage|p2a: Rhaenyra|72\/100\n|move|p2a: Rhaenyra|Ice Beam|p1a: Glimmora\n|-damage|p1a: Glimmora|0 fnt\n|faint|p1a: Glimmora\n|\n|upkeep\n|c|\u2606Pitiani|nice to meet you again\n|\n|t:|1701115209\n|switch|p1a: Ogerpon|Ogerpon-Wellspring, F|100\/100\n|turn|3\n|\n|t:|1701115217\n|-terastallize|p1a: Ogerpon|Water\n|detailschange|p1a: Ogerpon|Ogerpon-Wellspring-Tera, F, tera:Water\n|-ability|p1a: Ogerpon|Embody Aspect (Wellspring)|boost\n|-boost|p1a: Ogerpon|spd|1\n|move|p1a: Ogerpon|Ivy Cudgel|p2a: Rhaenyra|[anim] Ivy Cudgel Water\n|-resisted|p2a: Rhaenyra\n|-damage|p2a: Rhaenyra|35\/100\n|move|p2a: Rhaenyra|Draco Meteor|p1a: Ogerpon\n|-damage|p1a: Ogerpon|46\/100\n|-unboost|p2a: Rhaenyra|spa|2\n|\n|upkeep\n|turn|4\n|c|\u2606RakzoTR|Oh\n|c|\u2606RakzoTR|The lucky\n|\n|t:|1701115229\n|switch|p2a: Ogo|Ogerpon-Wellspring, F|100\/100\n|-damage|p2a: Ogo|88\/100|[from] Stealth Rock\n|move|p1a: Ogerpon|Ivy Cudgel|p2a: Ogo|[anim] Ivy Cudgel Water\n|-heal|p2a: Ogo|100\/100|[from] ability: Water Absorb|[of] p1a: Ogerpon\n|\n|upkeep\n|turn|5\n|\n|t:|1701115235\n|switch|p1a: Enamorus|Enamorus, F|100\/100\n|move|p2a: Ogo|Knock Off|p1a: Enamorus\n|-resisted|p1a: Enamorus\n|-damage|p1a: Enamorus|69\/100\n|-enditem|p1a: Enamorus|Choice Scarf|[from] move: Knock Off|[of] p2a: Ogo\n|\n|upkeep\n|turn|6\n|\n|t:|1701115246\n|-terastallize|p2a: Ogo|Water\n|detailschange|p2a: Ogo|Ogerpon-Wellspring-Tera, F, tera:Water\n|-ability|p2a: Ogo|Embody Aspect (Wellspring)|boost\n|-boost|p2a: Ogo|spd|1\n|move|p2a: Ogo|Ivy Cudgel|p1a: Enamorus|[anim] Ivy Cudgel Water\n|-damage|p1a: Enamorus|0 fnt\n|faint|p1a: Enamorus\n|\n|upkeep\n|\n|t:|1701115267\n|switch|p1a: Gholdengo|Gholdengo|100\/100\n|-item|p1a: Gholdengo|Air Balloon\n|turn|7\n|\n|t:|1701115279\n|switch|p1a: Ogerpon|Ogerpon-Wellspring-Tera, F, tera:Water|46\/100\n|-ability|p1a: Ogerpon|Embody Aspect (Wellspring)|boost\n|-boost|p1a: Ogerpon|spd|1\n|move|p2a: Ogo|Ivy Cudgel|p1a: Ogerpon|[anim] Ivy Cudgel Water\n|-resisted|p1a: Ogerpon\n|-damage|p1a: Ogerpon|0 fnt\n|faint|p1a: Ogerpon\n|\n|upkeep\n|c|\u2606RakzoTR|Nice\n|-message|Pitiani forfeited.\n|\n|win|RakzoTR\n|raw|Pitiani's rating: 1430 &rarr; <strong>1411<\/strong><br \/>(-19 for losing)\n|raw|RakzoTR's rating: 1448 &rarr; <strong>1467<\/strong><br \/>(+19 for winning)\n|l|\u2606Pitiani\n","uploadtime":1701115754,"views":2,"p1id":"pitiani","p2id":"rakzotr","formatid":"gen9ou","rating":1411,"private":0,"password":""}