{"id":"gen9ou-1997537521","p1":"Blue8013","p2":"Pokemh","format":"[Gen 9] OU","log":"|j|\u2606Blue8013\n|j|\u203dPokemh\n|t:|1700822100\n|gametype|singles\n|player|p1|Blue8013|blue|1369\n|player|p2|Pokemh|waitress-gen4|1606\n|teamsize|p1|6\n|teamsize|p2|6\n|gen|9\n|tier|[Gen 9] OU\n|rated|\n|rule|Sleep Clause Mod: Limit one foe put to sleep\n|rule|Species Clause: Limit one of each Pok\u00e9mon\n|rule|OHKO Clause: OHKO moves are banned\n|rule|Evasion Items Clause: Evasion items are banned\n|rule|Evasion Moves Clause: Evasion moves are banned\n|rule|Endless Battle Clause: Forcing endless battles is banned\n|rule|HP Percentage Mod: HP is shown in percentages\n|clearpoke\n|poke|p1|Ribombee, F|\n|poke|p1|Glimmora, M|\n|poke|p1|Great Tusk|\n|poke|p1|Gholdengo|\n|poke|p1|Iron Valiant|\n|poke|p1|Kingambit, M|\n|poke|p2|Spidops, F|\n|poke|p2|Great Tusk|\n|poke|p2|Gholdengo|\n|poke|p2|Gyarados, M|\n|poke|p2|Dragonite, M|\n|poke|p2|Quaquaval, M|\n|teampreview\n|\n|t:|1700822106\n|start\n|switch|p1a: Ribombee|Ribombee, F, shiny|100\/100\n|switch|p2a: Spidops|Spidops, F|100\/100\n|turn|1\n|\n|t:|1700822111\n|move|p1a: Ribombee|Sticky Web|p2a: Spidops\n|-sidestart|p2: Pokemh|move: Sticky Web\n|move|p2a: Spidops|Sticky Web|p1a: Ribombee\n|-sidestart|p1: Blue8013|move: Sticky Web\n|\n|upkeep\n|turn|2\n|\n|t:|1700822118\n|move|p1a: Ribombee|Stun Spore|p2a: Spidops\n|-status|p2a: Spidops|par\n|cant|p2a: Spidops|par\n|\n|upkeep\n|turn|3\n|\n|t:|1700822126\n|move|p1a: Ribombee|Moonblast|p2a: Spidops\n|-damage|p2a: Spidops|46\/100 par\n|-unboost|p2a: Spidops|spa|1\n|cant|p2a: Spidops|par\n|\n|upkeep\n|turn|4\n|\n|t:|1700822132\n|move|p1a: Ribombee|Moonblast|p2a: Spidops\n|-damage|p2a: Spidops|0 fnt\n|faint|p2a: Spidops\n|\n|upkeep\n|\n|t:|1700822138\n|switch|p2a: Quaquaval|Quaquaval, M|100\/100\n|-activate|p2a: Quaquaval|move: Sticky Web\n|-unboost|p2a: Quaquaval|spe|1\n|turn|5\n|\n|t:|1700822146\n|move|p1a: Ribombee|Psychic|p2a: Quaquaval\n|-supereffective|p2a: Quaquaval\n|-damage|p2a: Quaquaval|39\/100\n|move|p2a: Quaquaval|Rapid Spin|p1a: Ribombee\n|-damage|p1a: Ribombee|61\/100\n|-boost|p2a: Quaquaval|spe|1\n|-sideend|p2: Pokemh|Sticky Web|[from] move: Rapid Spin|[of] p2a: Quaquaval\n|\n|upkeep\n|turn|6\n|\n|t:|1700822152\n|move|p1a: Ribombee|Sticky Web|p2a: Quaquaval\n|-sidestart|p2: Pokemh|move: Sticky Web\n|move|p2a: Quaquaval|Rapid Spin|p1a: Ribombee\n|-damage|p1a: Ribombee|28\/100\n|-boost|p2a: Quaquaval|spe|1\n|-sideend|p2: Pokemh|Sticky Web|[from] move: Rapid Spin|[of] p2a: Quaquaval\n|\n|upkeep\n|turn|7\n|\n|t:|1700822159\n|move|p1a: Ribombee|Psychic|p2a: Quaquaval\n|-supereffective|p2a: Quaquaval\n|-damage|p2a: Quaquaval|0 fnt\n|faint|p2a: Quaquaval\n|\n|upkeep\n|\n|t:|1700822165\n|switch|p2a: Dragonite|Dragonite, M|100\/100\n|turn|8\n|\n|t:|1700822172\n|switch|p1a: Glimmora|Glimmora, M, shiny|100\/100\n|-activate|p1a: Glimmora|move: Sticky Web\n|-unboost|p1a: Glimmora|spe|1\n|move|p2a: Dragonite|Extreme Speed|p1a: Glimmora\n|-resisted|p1a: Glimmora\n|-damage|p1a: Glimmora|82\/100\n|-activate|p1a: Glimmora|ability: Toxic Debris\n|-sidestart|p2: Pokemh|move: Toxic Spikes\n|\n|upkeep\n|turn|9\n|\n|t:|1700822183\n|move|p2a: Dragonite|Earthquake|p1a: Glimmora\n|-supereffective|p1a: Glimmora\n|-damage|p1a: Glimmora|0 fnt\n|-activate|p1a: Glimmora|ability: Toxic Debris\n|-sidestart|p2: Pokemh|move: Toxic Spikes\n|faint|p1a: Glimmora\n|\n|upkeep\n|\n|t:|1700822195\n|switch|p1a: Gholdengo|Gholdengo, shiny|100\/100\n|-activate|p1a: Gholdengo|move: Sticky Web\n|-unboost|p1a: Gholdengo|spe|1\n|turn|10\n|\n|t:|1700822201\n|-terastallize|p1a: Gholdengo|Flying\n|move|p2a: Dragonite|Dragon Dance|p2a: Dragonite\n|-boost|p2a: Dragonite|atk|1\n|-boost|p2a: Dragonite|spe|1\n|move|p1a: Gholdengo|Thunder Wave|p2a: Dragonite\n|-status|p2a: Dragonite|par\n|\n|upkeep\n|turn|11\n|\n|t:|1700822208\n|move|p2a: Dragonite|Extreme Speed|p1a: Gholdengo\n|-damage|p1a: Gholdengo|67\/100\n|move|p1a: Gholdengo|Hex|p2a: Dragonite\n|-damage|p2a: Dragonite|68\/100 par\n|\n|-heal|p1a: Gholdengo|73\/100|[from] item: Leftovers\n|upkeep\n|turn|12\n|\n|t:|1700822217\n|cant|p2a: Dragonite|par\n|move|p1a: Gholdengo|Nasty Plot|p1a: Gholdengo\n|-boost|p1a: Gholdengo|spa|2\n|\n|-heal|p1a: Gholdengo|79\/100|[from] item: Leftovers\n|upkeep\n|turn|13\n|\n|t:|1700822223\n|move|p2a: Dragonite|Extreme Speed|p1a: Gholdengo\n|-damage|p1a: Gholdengo|49\/100\n|move|p1a: Gholdengo|Recover|p1a: Gholdengo\n|-heal|p1a: Gholdengo|99\/100\n|\n|-heal|p1a: Gholdengo|100\/100|[from] item: Leftovers\n|upkeep\n|turn|14\n|\n|t:|1700822230\n|move|p2a: Dragonite|Dragon Dance|p2a: Dragonite\n|-boost|p2a: Dragonite|atk|1\n|-boost|p2a: Dragonite|spe|1\n|move|p1a: Gholdengo|Hex|p2a: Dragonite\n|-damage|p2a: Dragonite|0 fnt\n|faint|p2a: Dragonite\n|\n|upkeep\n|\n|t:|1700822240\n|switch|p2a: Gholdengo|Gholdengo|100\/100\n|turn|15\n|\n|t:|1700822244\n|move|p2a: Gholdengo|Power Gem|p1a: Gholdengo\n|-supereffective|p1a: Gholdengo\n|-damage|p1a: Gholdengo|2\/100\n|move|p1a: Gholdengo|Thunder Wave|p2a: Gholdengo\n|-immune|p2a: Gholdengo|[from] ability: Good as Gold\n|\n|-heal|p1a: Gholdengo|8\/100|[from] item: Leftovers\n|upkeep\n|turn|16\n|\n|t:|1700822257\n|switch|p1a: Ribombee|Ribombee, F, shiny|28\/100\n|-activate|p1a: Ribombee|move: Sticky Web\n|-unboost|p1a: Ribombee|spe|1\n|move|p2a: Gholdengo|Power Gem|p1a: Ribombee\n|-supereffective|p1a: Ribombee\n|-damage|p1a: Ribombee|0 fnt\n|faint|p1a: Ribombee\n|\n|upkeep\n|\n|t:|1700822265\n|switch|p1a: Great Tusk|Great Tusk, shiny|100\/100\n|-activate|p1a: Great Tusk|move: Sticky Web\n|-unboost|p1a: Great Tusk|spe|1\n|turn|17\n|\n|t:|1700822271\n|switch|p2a: Gyarados|Gyarados, M|100\/100\n|move|p1a: Great Tusk|Knock Off|p2a: Gyarados\n|-damage|p2a: Gyarados|68\/100\n|-enditem|p2a: Gyarados|Leftovers|[from] move: Knock Off|[of] p1a: Great Tusk\n|\n|upkeep\n|turn|18\n|\n|t:|1700822277\n|-end|p1a: Great Tusk|Protosynthesis|[silent]\n|switch|p1a: Gholdengo|Gholdengo, shiny, tera:Flying|8\/100\n|move|p2a: Gyarados|Dragon Dance|p2a: Gyarados\n|-boost|p2a: Gyarados|atk|1\n|-boost|p2a: Gyarados|spe|1\n|\n|-heal|p1a: Gholdengo|14\/100|[from] item: Leftovers\n|upkeep\n|turn|19\n|\n|t:|1700822284\n|move|p2a: Gyarados|Waterfall|p1a: Gholdengo\n|-damage|p1a: Gholdengo|0 fnt\n|faint|p1a: Gholdengo\n|-ability|p2a: Gyarados|Moxie|boost\n|-boost|p2a: Gyarados|atk|1\n|\n|upkeep\n|\n|t:|1700822289\n|switch|p1a: Iron Valiant|Iron Valiant, shiny|100\/100\n|-activate|p1a: Iron Valiant|move: Sticky Web\n|-unboost|p1a: Iron Valiant|spe|1\n|turn|20\n|\n|t:|1700822293\n|move|p2a: Gyarados|Waterfall|p1a: Iron Valiant\n|-damage|p1a: Iron Valiant|0 fnt\n|faint|p1a: Iron Valiant\n|-end|p1a: Iron Valiant|Quark Drive|[silent]\n|-ability|p2a: Gyarados|Moxie|boost\n|-boost|p2a: Gyarados|atk|1\n|\n|upkeep\n|\n|t:|1700822300\n|switch|p1a: Kingambit|Kingambit, M, shiny|100\/100\n|-activate|p1a: Kingambit|move: Sticky Web\n|-unboost|p1a: Kingambit|spe|1\n|-activate|p1a: Kingambit|ability: Supreme Overlord\n|-start|p1a: Kingambit|fallen4|[silent]\n|turn|21\n|\n|t:|1700822306\n|move|p1a: Kingambit|Sucker Punch|p2a: Gyarados\n|-damage|p2a: Gyarados|0 fnt\n|faint|p2a: Gyarados\n|\n|upkeep\n|\n|t:|1700822312\n|switch|p2a: Great Tusk|Great Tusk|100\/100\n|-status|p2a: Great Tusk|tox\n|turn|22\n|\n|t:|1700822320\n|-end|p1a: Kingambit|fallen4|[silent]\n|switch|p1a: Great Tusk|Great Tusk, shiny|100\/100\n|-activate|p1a: Great Tusk|move: Sticky Web\n|-unboost|p1a: Great Tusk|spe|1\n|-terastallize|p2a: Great Tusk|Ground\n|move|p2a: Great Tusk|Headlong Rush|p1a: Great Tusk\n|-damage|p1a: Great Tusk|39\/100\n|-unboost|p2a: Great Tusk|def|1\n|-unboost|p2a: Great Tusk|spd|1\n|\n|-heal|p1a: Great Tusk|45\/100|[from] item: Leftovers\n|-damage|p2a: Great Tusk|94\/100 tox|[from] psn\n|upkeep\n|turn|23\n|\n|t:|1700822333\n|move|p2a: Great Tusk|Headlong Rush|p1a: Great Tusk\n|-damage|p1a: Great Tusk|0 fnt\n|-unboost|p2a: Great Tusk|def|1\n|-unboost|p2a: Great Tusk|spd|1\n|faint|p1a: Great Tusk\n|-end|p1a: Great Tusk|Protosynthesis|[silent]\n|\n|-damage|p2a: Great Tusk|82\/100 tox|[from] psn\n|upkeep\n|\n|t:|1700822340\n|switch|p1a: Kingambit|Kingambit, M, shiny|100\/100\n|-activate|p1a: Kingambit|move: Sticky Web\n|-unboost|p1a: Kingambit|spe|1\n|-activate|p1a: Kingambit|ability: Supreme Overlord\n|-start|p1a: Kingambit|fallen5|[silent]\n|turn|24\n|\n|t:|1700822346\n|-end|p2a: Great Tusk|Protosynthesis|[silent]\n|switch|p2a: Gholdengo|Gholdengo|100\/100\n|move|p1a: Kingambit|Sucker Punch||[still]\n|-fail|p1a: Kingambit\n|\n|upkeep\n|turn|25\n|\n|t:|1700822351\n|move|p2a: Gholdengo|Focus Blast|p1a: Kingambit\n|-supereffective|p1a: Kingambit\n|-damage|p1a: Kingambit|0 fnt\n|faint|p1a: Kingambit\n|-end|p1a: Kingambit|fallen5|[silent]\n|\n|win|Pokemh\n|raw|Blue8013's rating: 1369 &rarr; <strong>1361<\/strong><br \/>(-8 for losing)\n|raw|Pokemh's rating: 1606 &rarr; <strong>1614<\/strong><br \/>(+8 for winning)\n|l|\u2606Blue8013\n","uploadtime":1700822366,"views":9,"p1id":"blue8013","p2id":"pokemh","formatid":"gen9ou","rating":1361,"private":0,"password":""}