{"id":"gen9ou-1996054101","p1":"mikejohns","p2":"Pr.Arima","format":"[Gen 9] OU","log":"|j|\u2606mikejohns\n|j|\u2606Pr.Arima\n|t:|1700636235\n|gametype|singles\n|player|p1|mikejohns|volkner|1518\n|player|p2|Pr.Arima|wattson|1602\n|teamsize|p1|6\n|teamsize|p2|6\n|gen|9\n|tier|[Gen 9] OU\n|rated|\n|rule|Sleep Clause Mod: Limit one foe put to sleep\n|rule|Species Clause: Limit one of each Pok\u00e9mon\n|rule|OHKO Clause: OHKO moves are banned\n|rule|Evasion Items Clause: Evasion items are banned\n|rule|Evasion Moves Clause: Evasion moves are banned\n|rule|Endless Battle Clause: Forcing endless battles is banned\n|rule|HP Percentage Mod: HP is shown in percentages\n|clearpoke\n|poke|p1|Alomomola, M|\n|poke|p1|Iron Moth|\n|poke|p1|Great Tusk|\n|poke|p1|Garganacl, F|\n|poke|p1|Kommo-o, F|\n|poke|p1|Kingambit, M|\n|poke|p2|Kingambit, F|\n|poke|p2|Great Tusk|\n|poke|p2|Dragapult, M|\n|poke|p2|Ogerpon-Wellspring, F|\n|poke|p2|Blissey, F|\n|poke|p2|Zapdos|\n|teampreview\n|inactive|Battle timer is ON: inactive players will automatically lose when time's up. (requested by mikejohns)\n|inactive|Pr.Arima also wants the timer to be on.\n|\n|t:|1700636254\n|start\n|switch|p1a: Kommo-o|Kommo-o, F|100\/100\n|switch|p2a: Dragapult|Dragapult, M|100\/100\n|turn|1\n|\n|t:|1700636260\n|move|p1a: Kommo-o|Protect|p1a: Kommo-o\n|-singleturn|p1a: Kommo-o|Protect\n|move|p2a: Dragapult|U-turn|p1a: Kommo-o\n|-activate|p1a: Kommo-o|move: Protect\n|\n|upkeep\n|turn|2\n|\n|t:|1700636273\n|move|p2a: Dragapult|U-turn|p1a: Kommo-o\n|-resisted|p1a: Kommo-o\n|-damage|p1a: Kommo-o|93\/100\n|\n|t:|1700636277\n|switch|p2a: Zapdos|Zapdos|100\/100|[from] U-turn\n|move|p1a: Kommo-o|Boomburst|p2a: Zapdos\n|-damage|p2a: Zapdos|55\/100\n|\n|-heal|p1a: Kommo-o|99\/100|[from] item: Leftovers\n|upkeep\n|turn|3\n|\n|t:|1700636285\n|switch|p1a: Garganacl|Garganacl, F|100\/100\n|move|p2a: Zapdos|Roost|p2a: Zapdos\n|-heal|p2a: Zapdos|100\/100\n|-singleturn|p2a: Zapdos|move: Roost\n|\n|upkeep\n|turn|4\n|\n|t:|1700636295\n|move|p2a: Zapdos|Volt Switch|p1a: Garganacl\n|-damage|p1a: Garganacl|77\/100\n|\n|t:|1700636299\n|switch|p2a: Great Tusk|Great Tusk|100\/100|[from] Volt Switch\n|move|p1a: Garganacl|Salt Cure|p2a: Great Tusk\n|-resisted|p2a: Great Tusk\n|-damage|p2a: Great Tusk|98\/100\n|-start|p2a: Great Tusk|Salt Cure\n|\n|-heal|p2a: Great Tusk|100\/100|[from] item: Leftovers\n|-heal|p1a: Garganacl|83\/100|[from] item: Leftovers\n|-damage|p2a: Great Tusk|88\/100|[from] Salt Cure\n|upkeep\n|turn|5\n|\n|t:|1700636309\n|switch|p1a: Alomomola|Alomomola, M|100\/100\n|move|p2a: Great Tusk|Knock Off|p1a: Alomomola\n|-damage|p1a: Alomomola|85\/100\n|-enditem|p1a: Alomomola|Heavy-Duty Boots|[from] move: Knock Off|[of] p2a: Great Tusk\n|\n|-heal|p2a: Great Tusk|94\/100|[from] item: Leftovers\n|-damage|p2a: Great Tusk|82\/100|[from] Salt Cure\n|upkeep\n|turn|6\n|\n|t:|1700636317\n|move|p2a: Great Tusk|Bulk Up|p2a: Great Tusk\n|-boost|p2a: Great Tusk|atk|1\n|-boost|p2a: Great Tusk|def|1\n|move|p1a: Alomomola|Scald|p2a: Great Tusk\n|-supereffective|p2a: Great Tusk\n|-damage|p2a: Great Tusk|49\/100\n|\n|-heal|p2a: Great Tusk|55\/100|[from] item: Leftovers\n|-damage|p2a: Great Tusk|42\/100|[from] Salt Cure\n|upkeep\n|turn|7\n|\n|t:|1700636323\n|-end|p2a: Great Tusk|Protosynthesis|[silent]\n|switch|p2a: Ogerpon|Ogerpon-Wellspring, F|100\/100\n|move|p1a: Alomomola|Scald|p2a: Ogerpon\n|-immune|p2a: Ogerpon|[from] ability: Water Absorb\n|\n|upkeep\n|turn|8\n|\n|t:|1700636332\n|switch|p1a: Kommo-o|Kommo-o, F|99\/100\n|move|p2a: Ogerpon|U-turn|p1a: Kommo-o\n|-resisted|p1a: Kommo-o\n|-damage|p1a: Kommo-o|89\/100\n|\n|t:|1700636342\n|switch|p2a: Zapdos|Zapdos|100\/100|[from] U-turn\n|\n|-heal|p1a: Kommo-o|95\/100|[from] item: Leftovers\n|upkeep\n|turn|9\n|\n|t:|1700636347\n|move|p1a: Kommo-o|Protect|p1a: Kommo-o\n|-singleturn|p1a: Kommo-o|Protect\n|move|p2a: Zapdos|Hurricane|p1a: Kommo-o\n|-activate|p1a: Kommo-o|move: Protect\n|\n|-heal|p1a: Kommo-o|100\/100|[from] item: Leftovers\n|upkeep\n|turn|10\n|\n|t:|1700636353\n|switch|p1a: Garganacl|Garganacl, F|83\/100\n|move|p2a: Zapdos|Volt Switch|p1a: Garganacl\n|-crit|p1a: Garganacl\n|-damage|p1a: Garganacl|45\/100\n|\n|t:|1700636356\n|switch|p2a: Ogerpon|Ogerpon-Wellspring, F|100\/100|[from] Volt Switch\n|\n|-heal|p1a: Garganacl|51\/100|[from] item: Leftovers\n|upkeep\n|turn|11\n|\n|t:|1700636362\n|switch|p1a: Kommo-o|Kommo-o, F|100\/100\n|move|p2a: Ogerpon|U-turn|p1a: Kommo-o\n|-resisted|p1a: Kommo-o\n|-damage|p1a: Kommo-o|89\/100\n|\n|t:|1700636365\n|switch|p2a: Zapdos|Zapdos|100\/100|[from] U-turn\n|\n|-heal|p1a: Kommo-o|96\/100|[from] item: Leftovers\n|upkeep\n|turn|12\n|\n|t:|1700636374\n|switch|p1a: Kingambit|Kingambit, M|100\/100\n|move|p2a: Zapdos|Hurricane|p1a: Kingambit|[miss]\n|-miss|p2a: Zapdos|p1a: Kingambit\n|\n|upkeep\n|turn|13\n|\n|t:|1700636386\n|move|p2a: Zapdos|Heat Wave|p1a: Kingambit\n|-supereffective|p1a: Kingambit\n|-damage|p1a: Kingambit|37\/100\n|move|p1a: Kingambit|Kowtow Cleave|p2a: Zapdos\n|-damage|p2a: Zapdos|59\/100\n|\n|upkeep\n|turn|14\n|\n|t:|1700636396\n|-end|p1a: Kingambit|fallenundefined|[silent]\n|switch|p1a: Garganacl|Garganacl, F|51\/100\n|move|p2a: Zapdos|Roost|p2a: Zapdos\n|-heal|p2a: Zapdos|100\/100\n|-singleturn|p2a: Zapdos|move: Roost\n|\n|-heal|p1a: Garganacl|57\/100|[from] item: Leftovers\n|upkeep\n|turn|15\n|\n|t:|1700636401\n|move|p2a: Zapdos|Volt Switch|p1a: Garganacl\n|-crit|p1a: Garganacl\n|-damage|p1a: Garganacl|21\/100\n|\n|t:|1700636404\n|switch|p2a: Ogerpon|Ogerpon-Wellspring, F|100\/100|[from] Volt Switch\n|move|p1a: Garganacl|Recover|p1a: Garganacl\n|-heal|p1a: Garganacl|71\/100\n|\n|-heal|p1a: Garganacl|77\/100|[from] item: Leftovers\n|upkeep\n|turn|16\n|\n|t:|1700636413\n|move|p2a: Ogerpon|Encore|p1a: Garganacl\n|-start|p1a: Garganacl|Encore\n|move|p1a: Garganacl|Recover|p1a: Garganacl\n|-heal|p1a: Garganacl|100\/100\n|\n|upkeep\n|turn|17\n|\n|t:|1700636425\n|switch|p1a: Kommo-o|Kommo-o, F|96\/100\n|move|p2a: Ogerpon|U-turn|p1a: Kommo-o\n|-resisted|p1a: Kommo-o\n|-damage|p1a: Kommo-o|84\/100\n|\n|t:|1700636429\n|switch|p2a: Zapdos|Zapdos|100\/100|[from] U-turn\n|\n|-heal|p1a: Kommo-o|91\/100|[from] item: Leftovers\n|upkeep\n|turn|18\n|\n|t:|1700636435\n|move|p1a: Kommo-o|Protect|p1a: Kommo-o\n|-singleturn|p1a: Kommo-o|Protect\n|move|p2a: Zapdos|Hurricane|p1a: Kommo-o\n|-activate|p1a: Kommo-o|move: Protect\n|\n|-heal|p1a: Kommo-o|97\/100|[from] item: Leftovers\n|upkeep\n|turn|19\n|\n|t:|1700636454\n|switch|p1a: Garganacl|Garganacl, F|100\/100\n|move|p2a: Zapdos|Hurricane|p1a: Garganacl\n|-resisted|p1a: Garganacl\n|-damage|p1a: Garganacl|81\/100\n|\n|-heal|p1a: Garganacl|87\/100|[from] item: Leftovers\n|upkeep\n|turn|20\n|\n|t:|1700636463\n|move|p2a: Zapdos|Volt Switch|p1a: Garganacl\n|-damage|p1a: Garganacl|62\/100\n|\n|t:|1700636466\n|switch|p2a: Dragapult|Dragapult, M|100\/100|[from] Volt Switch\n|move|p1a: Garganacl|Salt Cure|p2a: Dragapult\n|-damage|p2a: Dragapult|82\/100\n|-start|p2a: Dragapult|Salt Cure\n|\n|-heal|p1a: Garganacl|69\/100|[from] item: Leftovers\n|-damage|p2a: Dragapult|69\/100|[from] Salt Cure\n|upkeep\n|turn|21\n|inactive|mikejohns has 120 seconds left.\n|inactive|mikejohns has 90 seconds left.\n|\n|t:|1700636542\n|switch|p2a: Ogerpon|Ogerpon-Wellspring, F|100\/100\n|switch|p1a: Kingambit|Kingambit, M|37\/100\n|\n|upkeep\n|turn|22\n|\n|t:|1700636561\n|-end|p1a: Kingambit|fallenundefined|[silent]\n|switch|p1a: Kommo-o|Kommo-o, F|97\/100\n|move|p2a: Ogerpon|Ivy Cudgel|p1a: Kommo-o|[anim] Ivy Cudgel Water\n|-resisted|p1a: Kommo-o\n|-damage|p1a: Kommo-o|73\/100\n|\n|-heal|p1a: Kommo-o|79\/100|[from] item: Leftovers\n|upkeep\n|turn|23\n|\n|t:|1700636575\n|move|p2a: Ogerpon|Ivy Cudgel|p1a: Kommo-o|[anim] Ivy Cudgel Water\n|-resisted|p1a: Kommo-o\n|-damage|p1a: Kommo-o|57\/100\n|move|p1a: Kommo-o|Boomburst|p2a: Ogerpon\n|-damage|p2a: Ogerpon|48\/100\n|\n|-heal|p1a: Kommo-o|63\/100|[from] item: Leftovers\n|upkeep\n|turn|24\n|\n|t:|1700636585\n|switch|p2a: Blissey|Blissey, F|100\/100\n|move|p1a: Kommo-o|Boomburst|p2a: Blissey\n|-damage|p2a: Blissey|85\/100\n|\n|-heal|p1a: Kommo-o|69\/100|[from] item: Leftovers\n|upkeep\n|turn|25\n|inactive|mikejohns has 90 seconds left.\n|\n|t:|1700636610\n|switch|p1a: Garganacl|Garganacl, F|69\/100\n|move|p2a: Blissey|Seismic Toss|p1a: Garganacl\n|-damage|p1a: Garganacl|44\/100\n|\n|-heal|p1a: Garganacl|50\/100|[from] item: Leftovers\n|upkeep\n|turn|26\n|\n|t:|1700636635\n|switch|p2a: Zapdos|Zapdos|100\/100\n|move|p1a: Garganacl|Salt Cure|p2a: Zapdos\n|-supereffective|p2a: Zapdos\n|-damage|p2a: Zapdos|77\/100\n|-start|p2a: Zapdos|Salt Cure\n|\n|-heal|p1a: Garganacl|56\/100|[from] item: Leftovers\n|-damage|p2a: Zapdos|65\/100|[from] Salt Cure\n|upkeep\n|turn|27\n|\n|t:|1700636639\n|move|p2a: Zapdos|Volt Switch|p1a: Garganacl\n|-damage|p1a: Garganacl|31\/100\n|\n|t:|1700636644\n|switch|p2a: Dragapult|Dragapult, M|69\/100|[from] Volt Switch\n|move|p1a: Garganacl|Recover|p1a: Garganacl\n|-heal|p1a: Garganacl|81\/100\n|\n|-heal|p1a: Garganacl|88\/100|[from] item: Leftovers\n|upkeep\n|turn|28\n|\n|t:|1700636649\n|move|p2a: Dragapult|Draco Meteor|p1a: Garganacl\n|-damage|p1a: Garganacl|15\/100\n|-unboost|p2a: Dragapult|spa|2\n|move|p1a: Garganacl|Recover|p1a: Garganacl\n|-heal|p1a: Garganacl|65\/100\n|\n|-heal|p1a: Garganacl|72\/100|[from] item: Leftovers\n|upkeep\n|turn|29\n|inactive|Pr.Arima has 120 seconds left.\n|\n|t:|1700636684\n|switch|p2a: Zapdos|Zapdos|65\/100\n|move|p1a: Garganacl|Salt Cure|p2a: Zapdos\n|-supereffective|p2a: Zapdos\n|-damage|p2a: Zapdos|43\/100\n|-start|p2a: Zapdos|Salt Cure\n|\n|-heal|p1a: Garganacl|78\/100|[from] item: Leftovers\n|-damage|p2a: Zapdos|30\/100|[from] Salt Cure\n|upkeep\n|turn|30\n|inactive|mikejohns has 120 seconds left.\n|\n|t:|1700636698\n|move|p2a: Zapdos|Roost|p2a: Zapdos\n|-heal|p2a: Zapdos|80\/100\n|-singleturn|p2a: Zapdos|move: Roost\n|move|p1a: Garganacl|Salt Cure|p2a: Zapdos\n|-damage|p2a: Zapdos|68\/100\n|\n|-heal|p1a: Garganacl|84\/100|[from] item: Leftovers\n|-damage|p2a: Zapdos|55\/100|[from] Salt Cure\n|upkeep\n|turn|31\n|\n|t:|1700636705\n|move|p2a: Zapdos|Volt Switch|p1a: Garganacl\n|-damage|p1a: Garganacl|59\/100\n|\n|t:|1700636710\n|switch|p2a: Great Tusk|Great Tusk|42\/100|[from] Volt Switch\n|move|p1a: Garganacl|Salt Cure|p2a: Great Tusk\n|-resisted|p2a: Great Tusk\n|-damage|p2a: Great Tusk|40\/100\n|-start|p2a: Great Tusk|Salt Cure\n|\n|-heal|p2a: Great Tusk|47\/100|[from] item: Leftovers\n|-heal|p1a: Garganacl|65\/100|[from] item: Leftovers\n|-damage|p2a: Great Tusk|34\/100|[from] Salt Cure\n|upkeep\n|turn|32\n|\n|t:|1700636718\n|switch|p1a: Alomomola|Alomomola, M|100\/100\n|move|p2a: Great Tusk|Earthquake|p1a: Alomomola\n|-damage|p1a: Alomomola|77\/100\n|\n|-heal|p2a: Great Tusk|40\/100|[from] item: Leftovers\n|-damage|p2a: Great Tusk|28\/100|[from] Salt Cure\n|upkeep\n|turn|33\n|\n|t:|1700636722\n|-end|p2a: Great Tusk|Protosynthesis|[silent]\n|switch|p2a: Ogerpon|Ogerpon-Wellspring, F|48\/100\n|move|p1a: Alomomola|Wish|p1a: Alomomola\n|\n|upkeep\n|turn|34\n|\n|t:|1700636729\n|switch|p1a: Kommo-o|Kommo-o, F|69\/100\n|move|p2a: Ogerpon|Encore||[still]\n|-fail|p2a: Ogerpon\n|\n|-heal|p1a: Kommo-o|100\/100|[from] move: Wish|[wisher] Alomomola\n|upkeep\n|turn|35\n|\n|t:|1700636745\n|switch|p2a: Blissey|Blissey, F|85\/100\n|move|p1a: Kommo-o|Boomburst|p2a: Blissey\n|-damage|p2a: Blissey|70\/100\n|\n|upkeep\n|turn|36\n|\n|t:|1700636750\n|switch|p1a: Garganacl|Garganacl, F|65\/100\n|move|p2a: Blissey|Seismic Toss|p1a: Garganacl\n|-damage|p1a: Garganacl|40\/100\n|\n|-heal|p1a: Garganacl|46\/100|[from] item: Leftovers\n|upkeep\n|turn|37\n|\n|t:|1700636756\n|move|p2a: Blissey|Seismic Toss|p1a: Garganacl\n|-damage|p1a: Garganacl|22\/100\n|move|p1a: Garganacl|Recover|p1a: Garganacl\n|-heal|p1a: Garganacl|72\/100\n|\n|-heal|p1a: Garganacl|78\/100|[from] item: Leftovers\n|upkeep\n|turn|38\n|\n|t:|1700636768\n|switch|p2a: Great Tusk|Great Tusk|28\/100\n|move|p1a: Garganacl|Salt Cure|p2a: Great Tusk\n|-resisted|p2a: Great Tusk\n|-damage|p2a: Great Tusk|26\/100\n|-start|p2a: Great Tusk|Salt Cure\n|\n|-heal|p2a: Great Tusk|32\/100|[from] item: Leftovers\n|-heal|p1a: Garganacl|84\/100|[from] item: Leftovers\n|-damage|p2a: Great Tusk|19\/100|[from] Salt Cure\n|upkeep\n|turn|39\n|\n|t:|1700636777\n|switch|p1a: Alomomola|Alomomola, M|100\/100\n|move|p2a: Great Tusk|Bulk Up|p2a: Great Tusk\n|-boost|p2a: Great Tusk|atk|1\n|-boost|p2a: Great Tusk|def|1\n|\n|-heal|p2a: Great Tusk|26\/100|[from] item: Leftovers\n|-damage|p2a: Great Tusk|13\/100|[from] Salt Cure\n|upkeep\n|turn|40\n|\n|t:|1700636785\n|move|p2a: Great Tusk|Earthquake|p1a: Alomomola\n|-damage|p1a: Alomomola|69\/100\n|move|p1a: Alomomola|Flip Turn|p2a: Great Tusk\n|-supereffective|p2a: Great Tusk\n|-damage|p2a: Great Tusk|0 fnt\n|faint|p2a: Great Tusk\n|-end|p2a: Great Tusk|Protosynthesis|[silent]\n|\n|t:|1700636798\n|switch|p1a: Garganacl|Garganacl, F|84\/100|[from] Flip Turn\n|\n|-heal|p1a: Garganacl|90\/100|[from] item: Leftovers\n|upkeep\n|\n|t:|1700636805\n|switch|p2a: Ogerpon|Ogerpon-Wellspring, F|48\/100\n|turn|41\n|\n|t:|1700636810\n|switch|p1a: Kommo-o|Kommo-o, F|100\/100\n|move|p2a: Ogerpon|Ivy Cudgel|p1a: Kommo-o|[anim] Ivy Cudgel Water\n|-resisted|p1a: Kommo-o\n|-damage|p1a: Kommo-o|78\/100\n|\n|-heal|p1a: Kommo-o|85\/100|[from] item: Leftovers\n|upkeep\n|turn|42\n|\n|t:|1700636820\n|switch|p2a: Blissey|Blissey, F|70\/100\n|move|p1a: Kommo-o|Boomburst|p2a: Blissey\n|-damage|p2a: Blissey|55\/100\n|\n|-heal|p1a: Kommo-o|91\/100|[from] item: Leftovers\n|upkeep\n|turn|43\n|\n|t:|1700636831\n|switch|p1a: Garganacl|Garganacl, F|90\/100\n|move|p2a: Blissey|Soft-Boiled|p2a: Blissey\n|-heal|p2a: Blissey|100\/100\n|\n|-heal|p1a: Garganacl|96\/100|[from] item: Leftovers\n|upkeep\n|turn|44\n|inactive|Pr.Arima has 120 seconds left.\n|\n|t:|1700636880\n|move|p2a: Blissey|Seismic Toss|p1a: Garganacl\n|-damage|p1a: Garganacl|72\/100\n|move|p1a: Garganacl|Salt Cure|p2a: Blissey\n|-damage|p2a: Blissey|88\/100\n|-start|p2a: Blissey|Salt Cure\n|\n|-heal|p1a: Garganacl|78\/100|[from] item: Leftovers\n|-damage|p2a: Blissey|75\/100|[from] Salt Cure\n|upkeep\n|turn|45\n|\n|t:|1700636896\n|move|p2a: Blissey|Seismic Toss|p1a: Garganacl\n|-damage|p1a: Garganacl|53\/100\n|move|p1a: Garganacl|Body Press|p2a: Blissey\n|-supereffective|p2a: Blissey\n|-damage|p2a: Blissey|21\/100\n|\n|-heal|p1a: Garganacl|59\/100|[from] item: Leftovers\n|-damage|p2a: Blissey|8\/100|[from] Salt Cure\n|upkeep\n|turn|46\n|\n|t:|1700636911\n|switch|p1a: Alomomola|Alomomola, M|100\/100\n|move|p2a: Blissey|Soft-Boiled|p2a: Blissey\n|-heal|p2a: Blissey|58\/100\n|\n|-damage|p2a: Blissey|46\/100|[from] Salt Cure\n|upkeep\n|turn|47\n|inactive|Pr.Arima has 120 seconds left.\n|\n|t:|1700636918\n|move|p2a: Blissey|Seismic Toss|p1a: Alomomola\n|-damage|p1a: Alomomola|82\/100\n|move|p1a: Alomomola|Wish|p1a: Alomomola\n|\n|-damage|p2a: Blissey|33\/100|[from] Salt Cure\n|upkeep\n|turn|48\n|\n|t:|1700636925\n|move|p2a: Blissey|Soft-Boiled|p2a: Blissey\n|-heal|p2a: Blissey|83\/100\n|move|p1a: Alomomola|Flip Turn|p2a: Blissey\n|-damage|p2a: Blissey|69\/100\n|\n|t:|1700636928\n|switch|p1a: Kingambit|Kingambit, M|37\/100|[from] Flip Turn\n|\n|-heal|p1a: Kingambit|100\/100|[from] move: Wish|[wisher] Alomomola\n|-damage|p2a: Blissey|57\/100|[from] Salt Cure\n|upkeep\n|turn|49\n|\n|t:|1700636936\n|switch|p2a: Zapdos|Zapdos|55\/100\n|move|p1a: Kingambit|Kowtow Cleave|p2a: Zapdos\n|-damage|p2a: Zapdos|12\/100\n|\n|upkeep\n|turn|50\n|\n|t:|1700636951\n|-end|p1a: Kingambit|fallenundefined|[silent]\n|switch|p1a: Garganacl|Garganacl, F|59\/100\n|move|p2a: Zapdos|Roost|p2a: Zapdos\n|-heal|p2a: Zapdos|62\/100\n|-singleturn|p2a: Zapdos|move: Roost\n|\n|-heal|p1a: Garganacl|65\/100|[from] item: Leftovers\n|upkeep\n|turn|51\n|\n|t:|1700636959\n|move|p2a: Zapdos|Volt Switch|p1a: Garganacl\n|-damage|p1a: Garganacl|41\/100\n|\n|t:|1700636965\n|switch|p2a: Kingambit|Kingambit, F|100\/100|[from] Volt Switch\n|-activate|p2a: Kingambit|ability: Supreme Overlord\n|-start|p2a: Kingambit|fallen1|[silent]\n|move|p1a: Garganacl|Salt Cure|p2a: Kingambit\n|-resisted|p2a: Kingambit\n|-damage|p2a: Kingambit|95\/100\n|-start|p2a: Kingambit|Salt Cure\n|\n|-heal|p1a: Garganacl|48\/100|[from] item: Leftovers\n|-damage|p2a: Kingambit|70\/100|[from] Salt Cure\n|upkeep\n|turn|52\n|\n|t:|1700636973\n|switch|p1a: Alomomola|Alomomola, M|100\/100\n|-terastallize|p2a: Kingambit|Dark\n|move|p2a: Kingambit|Iron Head|p1a: Alomomola\n|-resisted|p1a: Alomomola\n|-damage|p1a: Alomomola|86\/100\n|\n|-damage|p2a: Kingambit|58\/100|[from] Salt Cure\n|upkeep\n|turn|53\n|\n|t:|1700636983\n|move|p2a: Kingambit|Swords Dance|p2a: Kingambit\n|-boost|p2a: Kingambit|atk|2\n|move|p1a: Alomomola|Wish|p1a: Alomomola\n|\n|-damage|p2a: Kingambit|45\/100|[from] Salt Cure\n|upkeep\n|turn|54\n|\n|t:|1700637003\n|switch|p1a: Kingambit|Kingambit, M|100\/100\n|move|p2a: Kingambit|Kowtow Cleave|p1a: Kingambit\n|-resisted|p1a: Kingambit\n|-damage|p1a: Kingambit|40\/100\n|\n|-heal|p1a: Kingambit|100\/100|[from] move: Wish|[wisher] Alomomola\n|-damage|p2a: Kingambit|33\/100|[from] Salt Cure\n|upkeep\n|turn|55\n|\n|t:|1700637014\n|move|p1a: Kingambit|Iron Head|p2a: Kingambit\n|-damage|p2a: Kingambit|0 fnt\n|faint|p2a: Kingambit\n|-end|p2a: Kingambit|fallen1|[silent]\n|\n|upkeep\n|\n|t:|1700637017\n|switch|p2a: Dragapult|Dragapult, M|69\/100\n|turn|56\n|c|\u2606Pr.Arima|Stallllllllllllll\n|-message|Pr.Arima forfeited.\n|\n|win|mikejohns\n|raw|mikejohns's rating: 1518 &rarr; <strong>1543<\/strong><br \/>(+25 for winning)\n|raw|Pr.Arima's rating: 1602 &rarr; <strong>1577<\/strong><br \/>(-25 for losing)\n|l|\u2606Pr.Arima\n","uploadtime":1700637072,"views":9,"p1id":"mikejohns","p2id":"prarima","formatid":"gen9ou","rating":1543,"private":0,"password":""}