{"id":"gen9ou-1996115422","p1":"poketough","p2":"zurichard27","format":"[Gen 9] OU","log":"|j|\u2606poketough\n|j|\u2606zurichard27\n|inactive|Battle timer is ON: inactive players will automatically lose when time's up.\n|t:|1700646468\n|gametype|singles\n|player|p1|poketough|emmet|\n|player|p2|zurichard27|grimsley-gen7|\n|teamsize|p1|5\n|teamsize|p2|5\n|gen|9\n|tier|[Gen 9] OU\n|rated|Tournament battle\n|rule|Sleep Clause Mod: Limit one foe put to sleep\n|rule|Species Clause: Limit one of each Pok\u00e9mon\n|rule|OHKO Clause: OHKO moves are banned\n|rule|Evasion Items Clause: Evasion items are banned\n|rule|Evasion Moves Clause: Evasion moves are banned\n|rule|Endless Battle Clause: Forcing endless battles is banned\n|rule|HP Percentage Mod: HP is shown in percentages\n|clearpoke\n|poke|p1|Salazzle, F|\n|poke|p1|Rillaboom, F|\n|poke|p1|Empoleon, M|\n|poke|p1|Sandslash, F|\n|poke|p1|Gengar, M|\n|poke|p2|Gholdengo|\n|poke|p2|Arcanine, F|\n|poke|p2|Pyroar, F|\n|poke|p2|Lycanroc-Dusk, F|\n|poke|p2|Cloyster, M|\n|teampreview\n|j|*Lady Monita \u2746\n|inactive|poketough also wants the timer to be on.\n|j| Blonking\n|\n|t:|1700646490\n|start\n|switch|p1a: Empoleon|Empoleon, M, shiny|100\/100\n|switch|p2a: Pyroar|Pyroar, F|100\/100\n|-ability|p2a: Pyroar|Unnerve\n|turn|1\n|\n|t:|1700646504\n|switch|p2a: Gholdengo|Gholdengo|100\/100\n|move|p1a: Empoleon|Surf|p2a: Gholdengo\n|-damage|p2a: Gholdengo|44\/100\n|\n|upkeep\n|turn|2\n|\n|t:|1700646520\n|move|p2a: Gholdengo|Thunderbolt|p1a: Empoleon\n|-supereffective|p1a: Empoleon\n|-damage|p1a: Empoleon|60\/100\n|move|p1a: Empoleon|Surf|p2a: Gholdengo\n|-damage|p2a: Gholdengo|0 fnt\n|faint|p2a: Gholdengo\n|\n|upkeep\n|\n|t:|1700646531\n|switch|p2a: Lycanroc|Lycanroc-Dusk, F, shiny|100\/100\n|turn|3\n|\n|t:|1700646541\n|switch|p1a: Sandslash|Sandslash, F|100\/100\n|move|p2a: Lycanroc|Close Combat|p1a: Sandslash\n|-damage|p1a: Sandslash|41\/100\n|-unboost|p2a: Lycanroc|def|1\n|-unboost|p2a: Lycanroc|spd|1\n|\n|upkeep\n|turn|4\n|j| FemboyShady\n|\n|t:|1700646557\n|switch|p1a: Gengar|Gengar, M|100\/100\n|move|p2a: Lycanroc|Close Combat|p1a: Gengar\n|-immune|p1a: Gengar\n|\n|upkeep\n|turn|5\n|j| dgzdr\n|\n|t:|1700646563\n|move|p1a: Gengar|Sludge Bomb|p2a: Lycanroc\n|-resisted|p2a: Lycanroc\n|-damage|p2a: Lycanroc|19\/100\n|-damage|p1a: Gengar|91\/100|[from] item: Life Orb\n|move|p2a: Lycanroc|Psychic Fangs|p1a: Gengar\n|-supereffective|p1a: Gengar\n|-damage|p1a: Gengar|0 fnt\n|-start|p2a: Lycanroc|Disable|Psychic Fangs|[from] ability: Cursed Body|[of] p1a: Gengar\n|faint|p1a: Gengar\n|\n|upkeep\n|\n|t:|1700646574\n|switch|p1a: Salazzle|Salazzle, F, shiny|100\/100\n|turn|6\n|\n|t:|1700646594\n|switch|p2a: Pyroar|Pyroar, F|100\/100\n|-ability|p2a: Pyroar|Unnerve\n|move|p1a: Salazzle|Sludge Bomb|p2a: Pyroar\n|-damage|p2a: Pyroar|32\/100\n|\n|upkeep\n|turn|7\n|\n|t:|1700646602\n|move|p1a: Salazzle|Sludge Bomb|p2a: Pyroar\n|-damage|p2a: Pyroar|0 fnt\n|faint|p2a: Pyroar\n|\n|upkeep\n|\n|t:|1700646611\n|switch|p2a: Cloyster|Cloyster, M, shiny|100\/100\n|turn|8\n|\n|t:|1700646616\n|move|p1a: Salazzle|Sludge Bomb|p2a: Cloyster\n|-damage|p2a: Cloyster|0 fnt\n|faint|p2a: Cloyster\n|\n|upkeep\n|\n|t:|1700646621\n|switch|p2a: Arcanine|Arcanine, F|100\/100\n|-ability|p2a: Arcanine|Intimidate|boost\n|-fail|p1a: Salazzle|unboost|Attack|[from] ability: Oblivious|[of] p1a: Salazzle\n|turn|9\n|\n|t:|1700646630\n|move|p2a: Arcanine|Extreme Speed|p1a: Salazzle\n|-damage|p1a: Salazzle|38\/100\n|-damage|p2a: Arcanine|91\/100|[from] item: Life Orb\n|move|p1a: Salazzle|Sludge Bomb|p2a: Arcanine\n|-damage|p2a: Arcanine|41\/100\n|\n|upkeep\n|turn|10\n|\n|t:|1700646650\n|move|p2a: Arcanine|Extreme Speed|p1a: Salazzle\n|-damage|p1a: Salazzle|0 fnt\n|faint|p1a: Salazzle\n|-damage|p2a: Arcanine|31\/100|[from] item: Life Orb\n|\n|upkeep\n|\n|t:|1700646655\n|switch|p1a: Empoleon|Empoleon, M, shiny|60\/100\n|turn|11\n|\n|t:|1700646661\n|move|p2a: Arcanine|Flare Blitz|p1a: Empoleon\n|-damage|p1a: Empoleon|0 fnt\n|faint|p1a: Empoleon\n|-damage|p2a: Arcanine|8\/100|[from] Recoil\n|-damage|p2a: Arcanine|0 fnt|[from] item: Life Orb\n|faint|p2a: Arcanine\n|\n|upkeep\n|\n|t:|1700646666\n|switch|p2a: Lycanroc|Lycanroc-Dusk, F, shiny|19\/100\n|switch|p1a: Rillaboom|Rillaboom, F, shiny|100\/100\n|-fieldstart|move: Grassy Terrain|[from] ability: Grassy Surge|[of] p1a: Rillaboom\n|turn|12\n|c| Blonking|gg\n|\n|t:|1700646674\n|-terastallize|p2a: Lycanroc|Fairy\n|move|p1a: Rillaboom|Grassy Glide|p2a: Lycanroc\n|-crit|p2a: Lycanroc\n|-damage|p2a: Lycanroc|0 fnt\n|faint|p2a: Lycanroc\n|-damage|p1a: Rillaboom|91\/100|[from] item: Life Orb\n|\n|win|poketough\n|n|\u2606poketough|poketough\n|n|\u2606zurichard27|zurichard27\n|n|*Lady Monita \u2746|ladymonita\n|n| Blonking|blonking\n|n| FemboyShady|femboyshady\n|n| dgzdr|dgzdr\n","uploadtime":1700646675,"views":4,"p1id":"poketough","p2id":"zurichard27","formatid":"gen9ou","rating":0,"private":0,"password":""}