{"id":"gen9ou-1997669283","p1":"Royaldk","p2":"VikontAlu","format":"[Gen 9] OU","log":"|j|\u2606Royaldk\n|j|\u2606VikontAlu\n|t:|1700839792\n|gametype|singles\n|player|p1|Royaldk|265|1307\n|player|p2|VikontAlu|2|1266\n|teamsize|p1|6\n|teamsize|p2|6\n|gen|9\n|tier|[Gen 9] OU\n|rated|\n|rule|Sleep Clause Mod: Limit one foe put to sleep\n|rule|Species Clause: Limit one of each Pok\u00e9mon\n|rule|OHKO Clause: OHKO moves are banned\n|rule|Evasion Items Clause: Evasion items are banned\n|rule|Evasion Moves Clause: Evasion moves are banned\n|rule|Endless Battle Clause: Forcing endless battles is banned\n|rule|HP Percentage Mod: HP is shown in percentages\n|clearpoke\n|poke|p1|Haxorus, F|\n|poke|p1|Ninetales-Alola, M|\n|poke|p1|Charizard, F|\n|poke|p1|Greninja-*, M|\n|poke|p1|Ceruledge, M|\n|poke|p1|Zamazenta-*|\n|poke|p2|Garganacl, F|\n|poke|p2|Great Tusk|\n|poke|p2|Gholdengo|\n|poke|p2|Iron Valiant|\n|poke|p2|Dragonite, M|\n|poke|p2|Zapdos|\n|teampreview\n|\n|t:|1700839798\n|start\n|switch|p1a: Ninetales|Ninetales-Alola, M|100\/100\n|switch|p2a: HE IS HIM|Garganacl, F|100\/100\n|-weather|Snow|[from] ability: Snow Warning|[of] p1a: Ninetales\n|turn|1\n|inactive|Battle timer is ON: inactive players will automatically lose when time's up. (requested by Royaldk)\n|\n|t:|1700839807\n|-terastallize|p2a: HE IS HIM|Water\n|move|p1a: Ninetales|Aurora Veil|p1a: Ninetales\n|-sidestart|p1: Royaldk|move: Aurora Veil\n|move|p2a: HE IS HIM|Salt Cure|p1a: Ninetales\n|-supereffective|p1a: Ninetales\n|-damage|p1a: Ninetales|85\/100\n|-start|p1a: Ninetales|Salt Cure\n|\n|-weather|Snow|[upkeep]\n|-damage|p1a: Ninetales|73\/100|[from] Salt Cure\n|upkeep\n|turn|2\n|\n|t:|1700839828\n|move|p1a: Ninetales|Freeze-Dry|p2a: HE IS HIM\n|-supereffective|p2a: HE IS HIM\n|-damage|p2a: HE IS HIM|54\/100\n|move|p2a: HE IS HIM|Salt Cure|p1a: Ninetales\n|-supereffective|p1a: Ninetales\n|-damage|p1a: Ninetales|58\/100\n|\n|-weather|Snow|[upkeep]\n|-heal|p2a: HE IS HIM|60\/100|[from] item: Leftovers\n|-damage|p1a: Ninetales|46\/100|[from] Salt Cure\n|upkeep\n|turn|3\n|\n|t:|1700839840\n|move|p1a: Ninetales|Freeze-Dry|p2a: HE IS HIM\n|-supereffective|p2a: HE IS HIM\n|-damage|p2a: HE IS HIM|16\/100\n|move|p2a: HE IS HIM|Recover|p2a: HE IS HIM\n|-heal|p2a: HE IS HIM|66\/100\n|\n|-weather|Snow|[upkeep]\n|-heal|p2a: HE IS HIM|72\/100|[from] item: Leftovers\n|-damage|p1a: Ninetales|34\/100|[from] Salt Cure\n|upkeep\n|turn|4\n|\n|t:|1700839854\n|move|p1a: Ninetales|Freeze-Dry|p2a: HE IS HIM\n|-supereffective|p2a: HE IS HIM\n|-damage|p2a: HE IS HIM|28\/100\n|move|p2a: HE IS HIM|Recover|p2a: HE IS HIM\n|-heal|p2a: HE IS HIM|78\/100\n|\n|-weather|Snow|[upkeep]\n|-heal|p2a: HE IS HIM|84\/100|[from] item: Leftovers\n|-damage|p1a: Ninetales|21\/100|[from] Salt Cure\n|upkeep\n|turn|5\n|\n|t:|1700839863\n|move|p1a: Ninetales|Freeze-Dry|p2a: HE IS HIM\n|-supereffective|p2a: HE IS HIM\n|-damage|p2a: HE IS HIM|44\/100\n|move|p2a: HE IS HIM|Recover|p2a: HE IS HIM\n|-heal|p2a: HE IS HIM|94\/100\n|\n|-weather|none\n|-heal|p2a: HE IS HIM|99\/100|[from] item: Leftovers\n|-damage|p1a: Ninetales|9\/100|[from] Salt Cure\n|upkeep\n|turn|6\n|\n|t:|1700839874\n|switch|p1a: Zamazenta|Zamazenta|100\/100\n|-ability|p1a: Zamazenta|Dauntless Shield|boost\n|-boost|p1a: Zamazenta|def|1\n|move|p2a: HE IS HIM|Salt Cure|p1a: Zamazenta\n|-resisted|p1a: Zamazenta\n|-damage|p1a: Zamazenta|99\/100\n|-start|p1a: Zamazenta|Salt Cure\n|\n|-heal|p1a: Zamazenta|100\/100|[from] item: Leftovers\n|-heal|p2a: HE IS HIM|100\/100|[from] item: Leftovers\n|-damage|p1a: Zamazenta|88\/100|[from] Salt Cure\n|upkeep\n|turn|7\n|\n|t:|1700839890\n|switch|p2a: Zapppiii!!|Zapdos|100\/100\n|move|p1a: Zamazenta|Iron Defense|p1a: Zamazenta\n|-boost|p1a: Zamazenta|def|2\n|\n|-heal|p1a: Zamazenta|94\/100|[from] item: Leftovers\n|-damage|p1a: Zamazenta|82\/100|[from] Salt Cure\n|upkeep\n|turn|8\n|\n|t:|1700839898\n|move|p1a: Zamazenta|Body Press|p2a: Zapppiii!!\n|-resisted|p2a: Zapppiii!!\n|-damage|p2a: Zapppiii!!|58\/100\n|move|p2a: Zapppiii!!|Hurricane|p1a: Zamazenta|[miss]\n|-miss|p2a: Zapppiii!!|p1a: Zamazenta\n|\n|-heal|p1a: Zamazenta|88\/100|[from] item: Leftovers\n|-damage|p1a: Zamazenta|76\/100|[from] Salt Cure\n|-sideend|p1: Royaldk|move: Aurora Veil\n|upkeep\n|turn|9\n|\n|t:|1700839907\n|move|p1a: Zamazenta|Iron Defense|p1a: Zamazenta\n|-boost|p1a: Zamazenta|def|2\n|move|p2a: Zapppiii!!|Roost|p2a: Zapppiii!!\n|-heal|p2a: Zapppiii!!|100\/100\n|-singleturn|p2a: Zapppiii!!|move: Roost\n|\n|-heal|p1a: Zamazenta|82\/100|[from] item: Leftovers\n|-damage|p1a: Zamazenta|70\/100|[from] Salt Cure\n|upkeep\n|turn|10\n|\n|t:|1700839916\n|move|p1a: Zamazenta|Body Press|p2a: Zapppiii!!\n|-resisted|p2a: Zapppiii!!\n|-damage|p2a: Zapppiii!!|40\/100\n|move|p2a: Zapppiii!!|Hurricane|p1a: Zamazenta\n|-supereffective|p1a: Zamazenta\n|-damage|p1a: Zamazenta|0 fnt\n|faint|p1a: Zamazenta\n|\n|upkeep\n|\n|t:|1700839919\n|switch|p1a: Ninetales|Ninetales-Alola, M|9\/100\n|-weather|Snow|[from] ability: Snow Warning|[of] p1a: Ninetales\n|turn|11\n|\n|t:|1700839929\n|switch|p2a: HE IS HIM|Garganacl, F, tera:Water|100\/100\n|move|p1a: Ninetales|Aurora Veil|p1a: Ninetales\n|-sidestart|p1: Royaldk|move: Aurora Veil\n|\n|-weather|Snow|[upkeep]\n|upkeep\n|turn|12\n|\n|t:|1700839937\n|move|p1a: Ninetales|Freeze-Dry|p2a: HE IS HIM\n|-supereffective|p2a: HE IS HIM\n|-damage|p2a: HE IS HIM|56\/100\n|move|p2a: HE IS HIM|Salt Cure|p1a: Ninetales\n|-supereffective|p1a: Ninetales\n|-damage|p1a: Ninetales|0 fnt\n|faint|p1a: Ninetales\n|\n|-weather|Snow|[upkeep]\n|-heal|p2a: HE IS HIM|62\/100|[from] item: Leftovers\n|upkeep\n|\n|t:|1700839943\n|switch|p1a: Charizard|Charizard, F|100\/100\n|turn|13\n|\n|t:|1700839950\n|move|p1a: Charizard|Hurricane|p2a: HE IS HIM\n|-damage|p2a: HE IS HIM|21\/100\n|move|p2a: HE IS HIM|Recover|p2a: HE IS HIM\n|-heal|p2a: HE IS HIM|71\/100\n|\n|-weather|Snow|[upkeep]\n|-heal|p2a: HE IS HIM|77\/100|[from] item: Leftovers\n|upkeep\n|turn|14\n|\n|t:|1700839962\n|move|p1a: Charizard|Hurricane|p2a: HE IS HIM|[miss]\n|-miss|p1a: Charizard|p2a: HE IS HIM\n|move|p2a: HE IS HIM|Recover|p2a: HE IS HIM\n|-heal|p2a: HE IS HIM|100\/100\n|\n|-weather|Snow|[upkeep]\n|upkeep\n|turn|15\n|\n|t:|1700839968\n|move|p1a: Charizard|Hurricane|p2a: HE IS HIM\n|-damage|p2a: HE IS HIM|62\/100\n|move|p2a: HE IS HIM|Salt Cure|p1a: Charizard\n|-supereffective|p1a: Charizard\n|-damage|p1a: Charizard|58\/100\n|-start|p1a: Charizard|Salt Cure\n|\n|-weather|none\n|-heal|p2a: HE IS HIM|68\/100|[from] item: Leftovers\n|-damage|p1a: Charizard|46\/100|[from] Salt Cure\n|upkeep\n|turn|16\n|\n|t:|1700839979\n|move|p1a: Charizard|Hurricane|p2a: HE IS HIM\n|-damage|p2a: HE IS HIM|23\/100\n|-start|p2a: HE IS HIM|confusion\n|-activate|p2a: HE IS HIM|confusion\n|move|p2a: HE IS HIM|Recover|p2a: HE IS HIM\n|-heal|p2a: HE IS HIM|73\/100\n|\n|-heal|p2a: HE IS HIM|79\/100|[from] item: Leftovers\n|-damage|p1a: Charizard|33\/100|[from] Salt Cure\n|upkeep\n|turn|17\n|\n|t:|1700839996\n|move|p1a: Charizard|Hurricane|p2a: HE IS HIM\n|-damage|p2a: HE IS HIM|34\/100\n|-activate|p2a: HE IS HIM|confusion\n|-damage|p2a: HE IS HIM|29\/100|[from] confusion\n|\n|-heal|p2a: HE IS HIM|35\/100|[from] item: Leftovers\n|-damage|p1a: Charizard|21\/100|[from] Salt Cure\n|upkeep\n|turn|18\n|inactive|Royaldk has 120 seconds left.\n|inactive|Royaldk has 90 seconds left.\n|\n|t:|1700840079\n|switch|p2a: Zapppiii!!|Zapdos|40\/100\n|move|p1a: Charizard|Hurricane|p2a: Zapppiii!!\n|-resisted|p2a: Zapppiii!!\n|-damage|p2a: Zapppiii!!|24\/100\n|\n|-damage|p1a: Charizard|8\/100|[from] Salt Cure\n|-sideend|p1: Royaldk|move: Aurora Veil\n|upkeep\n|turn|19\n|\n|t:|1700840087\n|move|p1a: Charizard|Overheat|p2a: Zapppiii!!\n|-damage|p2a: Zapppiii!!|0 fnt\n|-unboost|p1a: Charizard|spa|2\n|faint|p2a: Zapppiii!!\n|\n|-damage|p1a: Charizard|0 fnt|[from] Salt Cure\n|faint|p1a: Charizard\n|upkeep\n|\n|t:|1700840094\n|switch|p1a: Ceruledge|Ceruledge, M|100\/100\n|switch|p2a: HE IS HIM|Garganacl, F, tera:Water|35\/100\n|turn|20\n|\n|t:|1700840099\n|move|p1a: Ceruledge|Swords Dance|p1a: Ceruledge\n|-boost|p1a: Ceruledge|atk|2\n|move|p2a: HE IS HIM|Recover|p2a: HE IS HIM\n|-heal|p2a: HE IS HIM|85\/100\n|\n|-heal|p2a: HE IS HIM|91\/100|[from] item: Leftovers\n|upkeep\n|turn|21\n|\n|t:|1700840107\n|move|p1a: Ceruledge|Swords Dance|p1a: Ceruledge\n|-boost|p1a: Ceruledge|atk|2\n|move|p2a: HE IS HIM|Curse|p2a: HE IS HIM\n|-unboost|p2a: HE IS HIM|spe|1\n|-boost|p2a: HE IS HIM|atk|1\n|-boost|p2a: HE IS HIM|def|1\n|\n|-heal|p2a: HE IS HIM|98\/100|[from] item: Leftovers\n|upkeep\n|turn|22\n|\n|t:|1700840111\n|move|p1a: Ceruledge|Poltergeist|p2a: HE IS HIM\n|-activate|p2a: HE IS HIM|move: Poltergeist|Leftovers\n|-damage|p2a: HE IS HIM|68\/100\n|move|p2a: HE IS HIM|Curse|p2a: HE IS HIM\n|-unboost|p2a: HE IS HIM|spe|1\n|-boost|p2a: HE IS HIM|atk|1\n|-boost|p2a: HE IS HIM|def|1\n|\n|-heal|p2a: HE IS HIM|74\/100|[from] item: Leftovers\n|upkeep\n|turn|23\n|\n|t:|1700840120\n|switch|p1a: Greninja|Greninja, M|100\/100\n|move|p2a: HE IS HIM|Curse|p2a: HE IS HIM\n|-unboost|p2a: HE IS HIM|spe|1\n|-boost|p2a: HE IS HIM|atk|1\n|-boost|p2a: HE IS HIM|def|1\n|\n|-heal|p2a: HE IS HIM|80\/100|[from] item: Leftovers\n|upkeep\n|turn|24\n|inactive|Royaldk has 120 seconds left.\n|\n|t:|1700840133\n|switch|p2a: Iron Valiant|Iron Valiant|100\/100\n|move|p1a: Greninja|Dark Pulse|p2a: Iron Valiant\n|-resisted|p2a: Iron Valiant\n|-damage|p2a: Iron Valiant|84\/100\n|\n|upkeep\n|turn|25\n|l|\u2606Royaldk\n|inactive|Royaldk disconnected and has a minute to reconnect!\n|player|p1|\n|j|\u2606Royaldk\n|inactive|Royaldk reconnected and has 120 seconds left.\n|player|p1|Royaldk|265\n|\n|t:|1700840151\n|-terastallize|p1a: Greninja|Flying\n|move|p1a: Greninja|Surf|p2a: Iron Valiant\n|-damage|p2a: Iron Valiant|4\/100\n|move|p2a: Iron Valiant|Thunderbolt|p1a: Greninja\n|-supereffective|p1a: Greninja\n|-damage|p1a: Greninja|1\/100\n|\n|upkeep\n|turn|26\n|inactive|Royaldk has 120 seconds left.\n|\n|t:|1700840167\n|-end|p2a: Iron Valiant|Quark Drive|[silent]\n|switch|p2a: HE IS HIM|Garganacl, F, tera:Water|80\/100\n|move|p1a: Greninja|Dark Pulse|p2a: HE IS HIM\n|-damage|p2a: HE IS HIM|50\/100\n|\n|-heal|p2a: HE IS HIM|56\/100|[from] item: Leftovers\n|upkeep\n|turn|27\n|\n|t:|1700840175\n|move|p1a: Greninja|Dark Pulse|p2a: HE IS HIM\n|-crit|p2a: HE IS HIM\n|-damage|p2a: HE IS HIM|15\/100\n|move|p2a: HE IS HIM|Salt Cure|p1a: Greninja\n|-supereffective|p1a: Greninja\n|-damage|p1a: Greninja|0 fnt\n|faint|p1a: Greninja\n|\n|-heal|p2a: HE IS HIM|21\/100|[from] item: Leftovers\n|upkeep\n|\n|t:|1700840181\n|switch|p1a: Haxorus|Haxorus, F|100\/100\n|-ability|p1a: Haxorus|Mold Breaker\n|turn|28\n|\n|t:|1700840196\n|move|p1a: Haxorus|Dragon Dance|p1a: Haxorus\n|-boost|p1a: Haxorus|atk|1\n|-boost|p1a: Haxorus|spe|1\n|move|p2a: HE IS HIM|Recover|p2a: HE IS HIM\n|-heal|p2a: HE IS HIM|71\/100\n|\n|-heal|p2a: HE IS HIM|77\/100|[from] item: Leftovers\n|upkeep\n|turn|29\n|\n|t:|1700840203\n|move|p1a: Haxorus|Earthquake|p2a: HE IS HIM\n|-damage|p2a: HE IS HIM|42\/100\n|move|p2a: HE IS HIM|Salt Cure|p1a: Haxorus\n|-damage|p1a: Haxorus|83\/100\n|-start|p1a: Haxorus|Salt Cure\n|\n|-heal|p2a: HE IS HIM|48\/100|[from] item: Leftovers\n|-damage|p1a: Haxorus|71\/100|[from] Salt Cure\n|upkeep\n|turn|30\n|\n|t:|1700840216\n|move|p1a: Haxorus|Earthquake|p2a: HE IS HIM\n|-damage|p2a: HE IS HIM|14\/100\n|move|p2a: HE IS HIM|Earthquake|p1a: Haxorus\n|-damage|p1a: Haxorus|44\/100\n|\n|-heal|p2a: HE IS HIM|20\/100|[from] item: Leftovers\n|-damage|p1a: Haxorus|32\/100|[from] Salt Cure\n|upkeep\n|turn|31\n|\n|t:|1700840224\n|move|p1a: Haxorus|Earthquake|p2a: HE IS HIM\n|-damage|p2a: HE IS HIM|0 fnt\n|faint|p2a: HE IS HIM\n|\n|-damage|p1a: Haxorus|19\/100|[from] Salt Cure\n|upkeep\n|\n|t:|1700840234\n|switch|p2a: Dragonite|Dragonite, M|100\/100\n|turn|32\n|\n|t:|1700840248\n|move|p1a: Haxorus|Outrage|p2a: Dragonite\n|-supereffective|p2a: Dragonite\n|-damage|p2a: Dragonite|0 fnt\n|faint|p2a: Dragonite\n|\n|-damage|p1a: Haxorus|7\/100|[from] Salt Cure\n|upkeep\n|\n|t:|1700840258\n|switch|p2a: Great Tusk|Great Tusk|100\/100\n|turn|33\n|\n|t:|1700840276\n|move|p1a: Haxorus|Outrage|p2a: Great Tusk|[from]lockedmove\n|-damage|p2a: Great Tusk|15\/100\n|-start|p1a: Haxorus|confusion|[fatigue]\n|move|p2a: Great Tusk|Knock Off|p1a: Haxorus\n|-damage|p1a: Haxorus|0 fnt\n|-enditem|p1a: Haxorus|Heavy-Duty Boots|[from] move: Knock Off|[of] p2a: Great Tusk\n|faint|p1a: Haxorus\n|\n|upkeep\n|\n|t:|1700840280\n|switch|p1a: Ceruledge|Ceruledge, M|100\/100\n|turn|34\n|\n|t:|1700840294\n|move|p2a: Great Tusk|Headlong Rush|p1a: Ceruledge\n|-supereffective|p1a: Ceruledge\n|-enditem|p1a: Ceruledge|Focus Sash\n|-damage|p1a: Ceruledge|1\/100\n|-unboost|p2a: Great Tusk|def|1\n|-unboost|p2a: Great Tusk|spd|1\n|-ability|p1a: Ceruledge|Weak Armor|boost\n|-unboost|p1a: Ceruledge|def|1\n|-boost|p1a: Ceruledge|spe|2\n|move|p1a: Ceruledge|Bitter Blade|p2a: Great Tusk\n|-damage|p2a: Great Tusk|0 fnt\n|-heal|p1a: Ceruledge|10\/100|[from] drain|[of] p2a: Great Tusk\n|faint|p2a: Great Tusk\n|-end|p2a: Great Tusk|Protosynthesis|[silent]\n|\n|upkeep\n|\n|t:|1700840309\n|switch|p2a: Iron Valiant|Iron Valiant|4\/100\n|turn|35\n|\n|t:|1700840314\n|move|p1a: Ceruledge|Shadow Sneak|p2a: Iron Valiant\n|-damage|p2a: Iron Valiant|0 fnt\n|faint|p2a: Iron Valiant\n|-end|p2a: Iron Valiant|Quark Drive|[silent]\n|\n|upkeep\n|\n|t:|1700840317\n|switch|p2a: GOLDENGO|Gholdengo|100\/100\n|-item|p2a: GOLDENGO|Air Balloon\n|turn|36\n|\n|t:|1700840324\n|move|p1a: Ceruledge|Bitter Blade|p2a: GOLDENGO\n|-supereffective|p2a: GOLDENGO\n|-damage|p2a: GOLDENGO|42\/100\n|-heal|p1a: Ceruledge|47\/100|[from] drain|[of] p2a: GOLDENGO\n|-enditem|p2a: GOLDENGO|Air Balloon\n|move|p2a: GOLDENGO|Shadow Ball|p1a: Ceruledge\n|-supereffective|p1a: Ceruledge\n|-damage|p1a: Ceruledge|0 fnt\n|faint|p1a: Ceruledge\n|\n|win|VikontAlu\n|raw|Royaldk's rating: 1307 &rarr; <strong>1285<\/strong><br \/>(-22 for losing)\n|raw|VikontAlu's rating: 1266 &rarr; <strong>1294<\/strong><br \/>(+28 for winning)\n|l|\u2606Royaldk\n","uploadtime":1700840350,"views":2,"p1id":"royaldk","p2id":"vikontalu","formatid":"gen9ou","rating":1285,"private":0,"password":""}