{"id":"gen9ou-1996685709","p1":"Username momento","p2":"chatonbrutal","format":"[Gen 9] OU","log":"|j|\u2606Username momento\n|j|\u2606chatonbrutal\n|t:|1700709571\n|gametype|singles\n|player|p1|Username momento|ninjaboy|1484\n|player|p2|chatonbrutal|265|1460\n|teamsize|p1|6\n|teamsize|p2|6\n|gen|9\n|tier|[Gen 9] OU\n|rated|\n|rule|Sleep Clause Mod: Limit one foe put to sleep\n|rule|Species Clause: Limit one of each Pok\u00e9mon\n|rule|OHKO Clause: OHKO moves are banned\n|rule|Evasion Items Clause: Evasion items are banned\n|rule|Evasion Moves Clause: Evasion moves are banned\n|rule|Endless Battle Clause: Forcing endless battles is banned\n|rule|HP Percentage Mod: HP is shown in percentages\n|clearpoke\n|poke|p1|Slowking-Galar, M|\n|poke|p1|Kingambit, F|\n|poke|p1|Zapdos|\n|poke|p1|Zamazenta-*|\n|poke|p1|Great Tusk|\n|poke|p1|Iron Moth|\n|poke|p2|Kingambit, F|\n|poke|p2|Ribombee, F|\n|poke|p2|Gholdengo|\n|poke|p2|Enamorus, F|\n|poke|p2|Great Tusk|\n|poke|p2|Samurott-Hisui, M|\n|teampreview\n|j| pokemonisrigged725\n|\n|t:|1700709580\n|start\n|switch|p1a: Iron Moth|Iron Moth|100\/100\n|switch|p2a: Ribombee|Ribombee, F|100\/100\n|-enditem|p1a: Iron Moth|Booster Energy\n|-activate|p1a: Iron Moth|ability: Quark Drive|[fromitem]\n|-start|p1a: Iron Moth|quarkdrivespe\n|turn|1\n|inactive|Battle timer is ON: inactive players will automatically lose when time's up. (requested by Username momento)\n|\n|t:|1700709597\n|move|p1a: Iron Moth|Substitute|p1a: Iron Moth\n|-start|p1a: Iron Moth|Substitute\n|-damage|p1a: Iron Moth|76\/100\n|move|p2a: Ribombee|Sticky Web|p1a: Iron Moth\n|-sidestart|p1: Username momento|move: Sticky Web\n|\n|upkeep\n|turn|2\n|\n|t:|1700709602\n|move|p1a: Iron Moth|Fiery Dance|p2a: Ribombee\n|-supereffective|p2a: Ribombee\n|-enditem|p2a: Ribombee|Focus Sash\n|-damage|p2a: Ribombee|1\/100\n|move|p2a: Ribombee|Psychic|p1a: Iron Moth\n|-supereffective|p1a: Iron Moth\n|-end|p1a: Iron Moth|Substitute\n|\n|upkeep\n|turn|3\n|\n|t:|1700709616\n|move|p1a: Iron Moth|Fiery Dance|p2a: Ribombee\n|-supereffective|p2a: Ribombee\n|-damage|p2a: Ribombee|0 fnt\n|faint|p2a: Ribombee\n|\n|upkeep\n|\n|t:|1700709639\n|switch|p2a: Samurott|Samurott-Hisui, M|100\/100\n|turn|4\n|inactive|chatonbrutal has 120 seconds left.\n|\n|t:|1700709661\n|-terastallize|p1a: Iron Moth|Fairy\n|move|p1a: Iron Moth|Dazzling Gleam|p2a: Samurott\n|-supereffective|p2a: Samurott\n|-damage|p2a: Samurott|22\/100\n|move|p2a: Samurott|Ceaseless Edge|p1a: Iron Moth|[miss]\n|-miss|p2a: Samurott|p1a: Iron Moth\n|\n|upkeep\n|turn|5\n|inactive|chatonbrutal has 120 seconds left.\n|\n|t:|1700709673\n|move|p2a: Samurott|Aqua Jet|p1a: Iron Moth\n|-damage|p1a: Iron Moth|51\/100\n|move|p1a: Iron Moth|Fiery Dance|p2a: Samurott\n|-resisted|p2a: Samurott\n|-damage|p2a: Samurott|3\/100\n|-boost|p1a: Iron Moth|spa|1\n|\n|upkeep\n|turn|6\n|inactive|chatonbrutal has 120 seconds left.\n|\n|t:|1700709680\n|move|p2a: Samurott|Aqua Jet|p1a: Iron Moth\n|-damage|p1a: Iron Moth|27\/100\n|move|p1a: Iron Moth|Fiery Dance|p2a: Samurott\n|-resisted|p2a: Samurott\n|-damage|p2a: Samurott|0 fnt\n|-boost|p1a: Iron Moth|spa|1\n|faint|p2a: Samurott\n|\n|upkeep\n|inactive|chatonbrutal has 120 seconds left.\n|\n|t:|1700709694\n|switch|p2a: Kingambit|Kingambit, F|100\/100\n|-activate|p2a: Kingambit|ability: Supreme Overlord\n|-start|p2a: Kingambit|fallen2|[silent]\n|turn|7\n|inactive|chatonbrutal has 120 seconds left.\n|\n|t:|1700709701\n|move|p1a: Iron Moth|Fiery Dance|p2a: Kingambit\n|-supereffective|p2a: Kingambit\n|-damage|p2a: Kingambit|0 fnt\n|-boost|p1a: Iron Moth|spa|1\n|faint|p2a: Kingambit\n|-end|p2a: Kingambit|fallen2|[silent]\n|\n|upkeep\n|-message|chatonbrutal forfeited.\n|\n|win|Username momento\n|raw|Username momento's rating: 1484 &rarr; <strong>1503<\/strong><br \/>(+19 for winning)\n|raw|chatonbrutal's rating: 1460 &rarr; <strong>1441<\/strong><br \/>(-19 for losing)\n|l|\u2606chatonbrutal\n|j| puckemon\n","uploadtime":1700709715,"views":3,"p1id":"usernamemomento","p2id":"chatonbrutal","formatid":"gen9ou","rating":1441,"private":0,"password":""}