{"id":"gen9ou-2000579680","p1":"opgamer21","p2":"TomoTaco69","format":"[Gen 9] OU","log":"|j|\u2606opgamer21\n|j|\u2606TomoTaco69\n|t:|1701207205\n|gametype|singles\n|player|p1|opgamer21|265|1370\n|player|p2|TomoTaco69|bellelba|1444\n|teamsize|p1|6\n|teamsize|p2|6\n|gen|9\n|tier|[Gen 9] OU\n|rated|\n|rule|Sleep Clause Mod: Limit one foe put to sleep\n|rule|Species Clause: Limit one of each Pok\u00e9mon\n|rule|OHKO Clause: OHKO moves are banned\n|rule|Evasion Items Clause: Evasion items are banned\n|rule|Evasion Moves Clause: Evasion moves are banned\n|rule|Endless Battle Clause: Forcing endless battles is banned\n|rule|HP Percentage Mod: HP is shown in percentages\n|clearpoke\n|poke|p1|Indeedee, M|\n|poke|p1|Hatterene, F|\n|poke|p1|Armarouge, F|\n|poke|p1|Greninja-*, M|\n|poke|p1|Polteageist-Antique|\n|poke|p1|Gallade, M|\n|poke|p2|Great Tusk|\n|poke|p2|Kingambit, M|\n|poke|p2|Heatran, M|\n|poke|p2|Ceruledge, M|\n|poke|p2|Dragapult, M|\n|poke|p2|Samurott-Hisui, M|\n|teampreview\n|inactive|Battle timer is ON: inactive players will automatically lose when time's up. (requested by TomoTaco69)\n|\n|t:|1701207223\n|start\n|switch|p1a: Gallade|Gallade, M|100\/100\n|switch|p2a: Unlimited \u2694 Works|Samurott-Hisui, M|100\/100\n|turn|1\n|\n|t:|1701207231\n|switch|p2a: Unknown to Death|Ceruledge, M|100\/100\n|move|p1a: Gallade|Leaf Blade|p2a: Unknown to Death\n|-resisted|p2a: Unknown to Death\n|-damage|p2a: Unknown to Death|73\/100\n|\n|-heal|p2a: Unknown to Death|79\/100|[from] item: Leftovers\n|upkeep\n|turn|2\n|\n|t:|1701207240\n|switch|p1a: Indeedee|Indeedee, M|100\/100\n|-fieldstart|move: Psychic Terrain|[from] ability: Psychic Surge|[of] p1a: Indeedee\n|move|p2a: Unknown to Death|Poltergeist|p1a: Indeedee\n|-immune|p1a: Indeedee\n|\n|-heal|p2a: Unknown to Death|85\/100|[from] item: Leftovers\n|upkeep\n|turn|3\n|\n|t:|1701207259\n|switch|p1a: Hatterene|Hatterene, F|100\/100\n|switch|p2a: Fire is my Blood|Heatran, M|100\/100\n|\n|upkeep\n|turn|4\n|\n|t:|1701207263\n|move|p2a: Fire is my Blood|Magma Storm|p1a: Hatterene\n|-damage|p1a: Hatterene|58\/100\n|-activate|p1a: Hatterene|move: Magma Storm|[of] p2a: Fire is my Blood\n|-enditem|p1a: Hatterene|Eject Button\n|\n|t:|1701207266\n|switch|p1a: Greninja|Greninja, M|100\/100\n|\n|upkeep\n|turn|5\n|\n|t:|1701207270\n|-terastallize|p2a: Fire is my Blood|Grass\n|move|p1a: Greninja|Surf|p2a: Fire is my Blood\n|-resisted|p2a: Fire is my Blood\n|-damage|p2a: Fire is my Blood|83\/100\n|-damage|p1a: Greninja|91\/100|[from] item: Life Orb\n|move|p2a: Fire is my Blood|Magma Storm|p1a: Greninja|[miss]\n|-miss|p2a: Fire is my Blood|p1a: Greninja\n|\n|-heal|p2a: Fire is my Blood|90\/100|[from] item: Leftovers\n|upkeep\n|turn|6\n|\n|t:|1701207277\n|move|p1a: Greninja|Ice Beam|p2a: Fire is my Blood\n|-supereffective|p2a: Fire is my Blood\n|-damage|p2a: Fire is my Blood|45\/100\n|-damage|p1a: Greninja|81\/100|[from] item: Life Orb\n|move|p2a: Fire is my Blood|Magma Storm|p1a: Greninja\n|-resisted|p1a: Greninja\n|-damage|p1a: Greninja|45\/100\n|-activate|p1a: Greninja|move: Magma Storm|[of] p2a: Fire is my Blood\n|\n|-heal|p2a: Fire is my Blood|51\/100|[from] item: Leftovers\n|-damage|p1a: Greninja|33\/100|[from] move: Magma Storm|[partiallytrapped]\n|upkeep\n|turn|7\n|\n|t:|1701207283\n|move|p2a: Fire is my Blood|Protect|p2a: Fire is my Blood\n|-singleturn|p2a: Fire is my Blood|Protect\n|move|p1a: Greninja|Ice Beam|p2a: Fire is my Blood\n|-activate|p2a: Fire is my Blood|move: Protect\n|\n|-heal|p2a: Fire is my Blood|57\/100|[from] item: Leftovers\n|-damage|p1a: Greninja|20\/100|[from] move: Magma Storm|[partiallytrapped]\n|upkeep\n|turn|8\n|\n|t:|1701207286\n|move|p1a: Greninja|Ice Beam|p2a: Fire is my Blood\n|-supereffective|p2a: Fire is my Blood\n|-damage|p2a: Fire is my Blood|17\/100\n|-damage|p1a: Greninja|11\/100|[from] item: Life Orb\n|move|p2a: Fire is my Blood|Earth Power|p1a: Greninja\n|-crit|p1a: Greninja\n|-damage|p1a: Greninja|0 fnt\n|faint|p1a: Greninja\n|\n|-heal|p2a: Fire is my Blood|24\/100|[from] item: Leftovers\n|upkeep\n|\n|t:|1701207289\n|switch|p1a: Armarouge|Armarouge, F|100\/100\n|turn|9\n|\n|t:|1701207292\n|move|p2a: Fire is my Blood|Protect|p2a: Fire is my Blood\n|-singleturn|p2a: Fire is my Blood|Protect\n|move|p1a: Armarouge|Expanding Force|p2a: Fire is my Blood\n|-activate|p2a: Fire is my Blood|move: Protect\n|\n|-heal|p2a: Fire is my Blood|30\/100|[from] item: Leftovers\n|-fieldend|move: Psychic Terrain\n|upkeep\n|turn|10\n|\n|t:|1701207298\n|switch|p1a: Indeedee|Indeedee, M|100\/100\n|-fieldstart|move: Psychic Terrain|[from] ability: Psychic Surge|[of] p1a: Indeedee\n|switch|p2a: Unlimited \u2694 Works|Samurott-Hisui, M|100\/100\n|\n|upkeep\n|turn|11\n|\n|t:|1701207301\n|switch|p1a: Hatterene|Hatterene, F|58\/100\n|move|p2a: Unlimited \u2694 Works|Knock Off|p1a: Hatterene\n|-damage|p1a: Hatterene|17\/100\n|\n|upkeep\n|turn|12\n|\n|t:|1701207304\n|move|p2a: Unlimited \u2694 Works|Knock Off|p1a: Hatterene\n|-damage|p1a: Hatterene|0 fnt\n|faint|p1a: Hatterene\n|\n|upkeep\n|\n|t:|1701207306\n|switch|p1a: Armarouge|Armarouge, F|100\/100\n|turn|13\n|\n|t:|1701207314\n|switch|p2a: Unknown to Life|Dragapult, M|100\/100\n|move|p1a: Armarouge|Endure||[still]\n|-fail|p1a: Armarouge\n|\n|upkeep\n|turn|14\n|\n|t:|1701207319\n|move|p1a: Armarouge|Endure|p1a: Armarouge\n|-singleturn|p1a: Armarouge|move: Endure\n|move|p2a: Unknown to Life|Shadow Ball|p1a: Armarouge\n|-supereffective|p1a: Armarouge\n|-activate|p1a: Armarouge|move: Endure\n|-damage|p1a: Armarouge|1\/100\n|\n|upkeep\n|turn|15\n|\n|t:|1701207329\n|move|p2a: Unknown to Life|Shadow Ball|p1a: Armarouge\n|-supereffective|p1a: Armarouge\n|-damage|p1a: Armarouge|0 fnt\n|faint|p1a: Armarouge\n|\n|upkeep\n|\n|t:|1701207331\n|switch|p1a: Polteageist|Polteageist-Antique|100\/100\n|turn|16\n|\n|t:|1701207341\n|move|p2a: Unknown to Life|Shadow Ball|p1a: Polteageist\n|-supereffective|p1a: Polteageist\n|-enditem|p1a: Polteageist|Focus Sash\n|-damage|p1a: Polteageist|1\/100\n|move|p1a: Polteageist|Shell Smash|p1a: Polteageist\n|-unboost|p1a: Polteageist|def|1\n|-unboost|p1a: Polteageist|spd|1\n|-boost|p1a: Polteageist|atk|2\n|-boost|p1a: Polteageist|spa|2\n|-boost|p1a: Polteageist|spe|2\n|\n|upkeep\n|turn|17\n|\n|t:|1701207344\n|switch|p2a: Fire is my Blood|Heatran, M, tera:Grass|30\/100\n|move|p1a: Polteageist|Shadow Ball|p2a: Fire is my Blood\n|-damage|p2a: Fire is my Blood|0 fnt\n|faint|p2a: Fire is my Blood\n|\n|-fieldend|move: Psychic Terrain\n|upkeep\n|\n|t:|1701207347\n|switch|p2a: Steel is my Body|Kingambit, M|100\/100\n|-activate|p2a: Steel is my Body|ability: Supreme Overlord\n|-start|p2a: Steel is my Body|fallen1|[silent]\n|turn|18\n|\n|t:|1701207349\n|-terastallize|p1a: Polteageist|Fighting\n|move|p2a: Steel is my Body|Sucker Punch|p1a: Polteageist\n|-resisted|p1a: Polteageist\n|-damage|p1a: Polteageist|0 fnt\n|faint|p1a: Polteageist\n|\n|upkeep\n|\n|t:|1701207356\n|switch|p1a: Gallade|Gallade, M|100\/100\n|turn|19\n|-message|opgamer21 forfeited.\n|\n|win|TomoTaco69\n|raw|opgamer21's rating: 1370 &rarr; <strong>1354<\/strong><br \/>(-16 for losing)\n|raw|TomoTaco69's rating: 1444 &rarr; <strong>1460<\/strong><br \/>(+16 for winning)\n|l|\u2606opgamer21\n","uploadtime":1701207362,"views":0,"p1id":"opgamer21","p2id":"tomotaco69","formatid":"gen9ou","rating":1354,"private":0,"password":""}