{"id":"gen9ou-1989316672","p1":"OUVT TOSHI","p2":"Monerochan","format":"[Gen 9] OU","log":"|j|\u2606OUVT TOSHI\n|j|\u2606Monerochan\n|t:|1699835566\n|gametype|singles\n|player|p1|OUVT TOSHI|palmer|1705\n|player|p2|Monerochan|266|1866\n|teamsize|p1|6\n|teamsize|p2|6\n|gen|9\n|tier|[Gen 9] OU\n|rated|\n|rule|Sleep Clause Mod: Limit one foe put to sleep\n|rule|Species Clause: Limit one of each Pok\u00e9mon\n|rule|OHKO Clause: OHKO moves are banned\n|rule|Evasion Items Clause: Evasion items are banned\n|rule|Evasion Moves Clause: Evasion moves are banned\n|rule|Endless Battle Clause: Forcing endless battles is banned\n|rule|HP Percentage Mod: HP is shown in percentages\n|clearpoke\n|poke|p1|Ogerpon-Wellspring, F|\n|poke|p1|Zamazenta-*|\n|poke|p1|Ting-Lu|\n|poke|p1|Iron Moth|\n|poke|p1|Zapdos|\n|poke|p1|Ursaluna, F|\n|poke|p2|Ribombee, F|\n|poke|p2|Gholdengo|\n|poke|p2|Iron Valiant|\n|poke|p2|Cinderace, M|\n|poke|p2|Dragonite, F|\n|poke|p2|Ogerpon-Wellspring, F|\n|teampreview\n|j| FatherSuperior7\n|j| HotheadIsTheGoat\n|\n|t:|1699835574\n|start\n|switch|p1a: Iron Moth|Iron Moth|100\/100\n|switch|p2a: Fraiche Flutter|Ribombee, F, shiny|100\/100\n|-enditem|p1a: Iron Moth|Booster Energy\n|-activate|p1a: Iron Moth|ability: Quark Drive|[fromitem]\n|-start|p1a: Iron Moth|quarkdrivespe\n|turn|1\n|\n|t:|1699835589\n|move|p1a: Iron Moth|Fiery Dance|p2a: Fraiche Flutter\n|-supereffective|p2a: Fraiche Flutter\n|-enditem|p2a: Fraiche Flutter|Focus Sash\n|-damage|p2a: Fraiche Flutter|1\/100\n|-boost|p1a: Iron Moth|spa|1\n|move|p2a: Fraiche Flutter|Stun Spore|p1a: Iron Moth\n|-status|p1a: Iron Moth|par\n|\n|upkeep\n|turn|2\n|j| PEEPEEPOOPOO72\n|\n|t:|1699835596\n|move|p2a: Fraiche Flutter|Sticky Web|p1a: Iron Moth\n|-sidestart|p1: OUVT TOSHI|move: Sticky Web\n|cant|p1a: Iron Moth|par\n|\n|upkeep\n|turn|3\n|\n|t:|1699835600\n|move|p2a: Fraiche Flutter|Psychic|p1a: Iron Moth\n|-supereffective|p1a: Iron Moth\n|-damage|p1a: Iron Moth|47\/100 par\n|move|p1a: Iron Moth|Fiery Dance|p2a: Fraiche Flutter\n|-supereffective|p2a: Fraiche Flutter\n|-damage|p2a: Fraiche Flutter|0 fnt\n|-boost|p1a: Iron Moth|spa|1\n|faint|p2a: Fraiche Flutter\n|\n|upkeep\n|\n|t:|1699835607\n|switch|p2a: Detrimental Craze|Ogerpon-Wellspring, F|100\/100\n|turn|4\n|\n|t:|1699835613\n|move|p2a: Detrimental Craze|Ivy Cudgel|p1a: Iron Moth\n|-supereffective|p1a: Iron Moth\n|-crit|p1a: Iron Moth\n|-damage|p1a: Iron Moth|0 fnt\n|faint|p1a: Iron Moth\n|-end|p1a: Iron Moth|Quark Drive|[silent]\n|\n|upkeep\n|l| HotheadIsTheGoat\n|\n|t:|1699835619\n|switch|p1a: Zapdos|Zapdos|100\/100\n|turn|5\n|\n|t:|1699835644\n|switch|p2a: Maniacal Heist|Gholdengo|100\/100\n|-item|p2a: Maniacal Heist|Air Balloon\n|move|p1a: Zapdos|Hurricane|p2a: Maniacal Heist|[miss]\n|-miss|p1a: Zapdos|p2a: Maniacal Heist\n|\n|upkeep\n|turn|6\n|\n|t:|1699835651\n|move|p1a: Zapdos|Heat Wave|p2a: Maniacal Heist\n|-supereffective|p2a: Maniacal Heist\n|-damage|p2a: Maniacal Heist|41\/100\n|-enditem|p2a: Maniacal Heist|Air Balloon\n|move|p2a: Maniacal Heist|Nasty Plot|p2a: Maniacal Heist\n|-boost|p2a: Maniacal Heist|spa|2\n|\n|upkeep\n|turn|7\n|\n|t:|1699835659\n|move|p1a: Zapdos|Heat Wave|p2a: Maniacal Heist\n|-supereffective|p2a: Maniacal Heist\n|-damage|p2a: Maniacal Heist|0 fnt\n|faint|p2a: Maniacal Heist\n|\n|upkeep\n|\n|t:|1699835673\n|switch|p2a: Obstructive Love|Dragonite, F|100\/100\n|turn|8\n|\n|t:|1699835676\n|move|p1a: Zapdos|Discharge|p2a: Obstructive Love\n|-crit|p2a: Obstructive Love\n|-damage|p2a: Obstructive Love|75\/100\n|move|p2a: Obstructive Love|Dragon Dance|p2a: Obstructive Love\n|-boost|p2a: Obstructive Love|atk|1\n|-boost|p2a: Obstructive Love|spe|1\n|\n|upkeep\n|turn|9\n|\n|t:|1699835683\n|switch|p1a: Ting-Lu|Ting-Lu|100\/100\n|-activate|p1a: Ting-Lu|move: Sticky Web\n|-unboost|p1a: Ting-Lu|spe|1\n|-ability|p1a: Ting-Lu|Vessel of Ruin\n|move|p2a: Obstructive Love|Ice Spinner|p1a: Ting-Lu\n|-supereffective|p1a: Ting-Lu\n|-damage|p1a: Ting-Lu|47\/100\n|\n|-heal|p1a: Ting-Lu|53\/100|[from] item: Leftovers\n|upkeep\n|turn|10\n|\n|t:|1699835690\n|move|p2a: Obstructive Love|Ice Spinner|p1a: Ting-Lu\n|-supereffective|p1a: Ting-Lu\n|-damage|p1a: Ting-Lu|5\/100\n|move|p1a: Ting-Lu|Whirlwind|p2a: Obstructive Love\n|drag|p2a: Cross Breed|Iron Valiant|100\/100\n|-enditem|p2a: Cross Breed|Booster Energy\n|-activate|p2a: Cross Breed|ability: Quark Drive|[fromitem]\n|-start|p2a: Cross Breed|quarkdrivespe\n|\n|-heal|p1a: Ting-Lu|11\/100|[from] item: Leftovers\n|upkeep\n|turn|11\n|\n|t:|1699835699\n|move|p2a: Cross Breed|Moonblast|p1a: Ting-Lu\n|-supereffective|p1a: Ting-Lu\n|-damage|p1a: Ting-Lu|0 fnt\n|faint|p1a: Ting-Lu\n|\n|upkeep\n|\n|t:|1699835705\n|switch|p1a: Zapdos|Zapdos|100\/100\n|turn|12\n|\n|t:|1699835709\n|-terastallize|p2a: Cross Breed|Electric\n|move|p2a: Cross Breed|Thunderbolt|p1a: Zapdos\n|-damage|p1a: Zapdos|56\/100\n|move|p1a: Zapdos|Hurricane|p2a: Cross Breed\n|-resisted|p2a: Cross Breed\n|-damage|p2a: Cross Breed|58\/100\n|-start|p2a: Cross Breed|confusion\n|\n|upkeep\n|turn|13\n|\n|t:|1699835717\n|-activate|p2a: Cross Breed|confusion\n|-damage|p2a: Cross Breed|42\/100|[from] confusion\n|move|p1a: Zapdos|Heat Wave|p2a: Cross Breed\n|-crit|p2a: Cross Breed\n|-damage|p2a: Cross Breed|0 fnt\n|faint|p2a: Cross Breed\n|-end|p2a: Cross Breed|Quark Drive|[silent]\n|\n|upkeep\n|\n|t:|1699835721\n|switch|p2a: Detrimental Craze|Ogerpon-Wellspring, F|100\/100\n|turn|14\n|\n|t:|1699835725\n|move|p2a: Detrimental Craze|Ivy Cudgel|p1a: Zapdos\n|-damage|p1a: Zapdos|1\/100\n|move|p1a: Zapdos|Hurricane|p2a: Detrimental Craze\n|-supereffective|p2a: Detrimental Craze\n|-damage|p2a: Detrimental Craze|0 fnt\n|faint|p2a: Detrimental Craze\n|\n|upkeep\n|\n|t:|1699835731\n|switch|p2a: Obstructive Love|Dragonite, F|75\/100\n|turn|15\n|\n|t:|1699835734\n|move|p1a: Zapdos|Discharge|p2a: Obstructive Love\n|-damage|p2a: Obstructive Love|41\/100\n|move|p2a: Obstructive Love|Dragon Dance|p2a: Obstructive Love\n|-boost|p2a: Obstructive Love|atk|1\n|-boost|p2a: Obstructive Love|spe|1\n|\n|upkeep\n|turn|16\n|\n|t:|1699835742\n|move|p2a: Obstructive Love|Dragon Dance|p2a: Obstructive Love\n|-boost|p2a: Obstructive Love|atk|1\n|-boost|p2a: Obstructive Love|spe|1\n|move|p1a: Zapdos|Hurricane|p2a: Obstructive Love\n|-damage|p2a: Obstructive Love|0 fnt\n|faint|p2a: Obstructive Love\n|\n|upkeep\n|\n|t:|1699835747\n|switch|p2a: Blazing Passion|Cinderace, M|100\/100\n|turn|17\n|\n|t:|1699835752\n|move|p2a: Blazing Passion|Pyro Ball|p1a: Zapdos\n|-damage|p1a: Zapdos|0 fnt\n|faint|p1a: Zapdos\n|\n|upkeep\n|\n|t:|1699835756\n|switch|p1a: Ursaluna|Ursaluna, F|100\/100\n|-activate|p1a: Ursaluna|move: Sticky Web\n|-unboost|p1a: Ursaluna|spe|1\n|turn|18\n|\n|t:|1699835761\n|-terastallize|p1a: Ursaluna|Fairy\n|move|p2a: Blazing Passion|Pyro Ball|p1a: Ursaluna\n|-damage|p1a: Ursaluna|63\/100\n|move|p1a: Ursaluna|Headlong Rush|p2a: Blazing Passion\n|-supereffective|p2a: Blazing Passion\n|-damage|p2a: Blazing Passion|0 fnt\n|-unboost|p1a: Ursaluna|def|1\n|-unboost|p1a: Ursaluna|spd|1\n|faint|p2a: Blazing Passion\n|\n|win|OUVT TOSHI\n|raw|OUVT TOSHI's rating: 1705 &rarr; <strong>1734<\/strong><br \/>(+29 for winning)\n|raw|Monerochan's rating: 1866 &rarr; <strong>1837<\/strong><br \/>(-29 for losing)\n|l|\u2606Monerochan\n|c|\u2606OUVT TOSHI|gg\n|l| PEEPEEPOOPOO72\n","uploadtime":1699835774,"views":10,"p1id":"ouvttoshi","p2id":"monerochan","formatid":"gen9ou","rating":1734,"private":0,"password":""}