{"id":"gen9ou-1995267006","p1":"pessii","p2":"lord denominator","format":"[Gen 9] OU","log":"|j|\u2606pessii\n|j|\u203dlord denominator\n|t:|1700543860\n|gametype|singles\n|player|p1|pessii|preschooler|1623\n|player|p2|lord denominator|iris-gen5bw2|1660\n|teamsize|p1|6\n|teamsize|p2|6\n|gen|9\n|tier|[Gen 9] OU\n|rated|\n|rule|Sleep Clause Mod: Limit one foe put to sleep\n|rule|Species Clause: Limit one of each Pok\u00e9mon\n|rule|OHKO Clause: OHKO moves are banned\n|rule|Evasion Items Clause: Evasion items are banned\n|rule|Evasion Moves Clause: Evasion moves are banned\n|rule|Endless Battle Clause: Forcing endless battles is banned\n|rule|HP Percentage Mod: HP is shown in percentages\n|clearpoke\n|poke|p1|Manaphy|\n|poke|p1|Kingambit, F|\n|poke|p1|Ribombee, F|\n|poke|p1|Gholdengo|\n|poke|p1|Iron Moth|\n|poke|p1|Ogerpon-Wellspring, F|\n|poke|p2|Clefable, M|\n|poke|p2|Slowking-Galar, F|\n|poke|p2|Crawdaunt, F|\n|poke|p2|Dragapult, F|\n|poke|p2|Ting-Lu|\n|poke|p2|Zapdos|\n|teampreview\n|inactive|Battle timer is ON: inactive players will automatically lose when time's up. (requested by pessii)\n|inactive|lord denominator also wants the timer to be on.\n|\n|t:|1700543870\n|start\n|switch|p1a: wildfiree|Ribombee, F, shiny|100\/100\n|switch|p2a: Zapdos|Zapdos|100\/100\n|turn|1\n|inactive|pessii has 120 seconds left.\n|\n|t:|1700543904\n|move|p1a: wildfiree|Sticky Web|p2a: Zapdos\n|-sidestart|p2: lord denominator|move: Sticky Web\n|move|p2a: Zapdos|Hurricane|p1a: wildfiree\n|-supereffective|p1a: wildfiree\n|-enditem|p1a: wildfiree|Focus Sash\n|-damage|p1a: wildfiree|1\/100\n|\n|upkeep\n|turn|2\n|\n|t:|1700543909\n|move|p1a: wildfiree|Moonblast|p2a: Zapdos\n|-damage|p2a: Zapdos|62\/100\n|move|p2a: Zapdos|Volt Switch|p1a: wildfiree\n|-damage|p1a: wildfiree|0 fnt\n|faint|p1a: wildfiree\n|\n|t:|1700543918\n|switch|p2a: Slowking|Slowking-Galar, F|100\/100|[from] Volt Switch\n|\n|upkeep\n|\n|t:|1700543929\n|switch|p1a: wessin|Gholdengo|100\/100\n|-item|p1a: wessin|Air Balloon\n|turn|3\n|\n|t:|1700543932\n|move|p1a: wessin|Nasty Plot|p1a: wessin\n|-boost|p1a: wessin|spa|2\n|move|p2a: Slowking|Future Sight|p1a: wessin\n|-start|p2a: Slowking|move: Future Sight\n|\n|upkeep\n|turn|4\n|\n|t:|1700543939\n|switch|p2a: Ting-Lu|Ting-Lu|100\/100\n|-activate|p2a: Ting-Lu|move: Sticky Web\n|-unboost|p2a: Ting-Lu|spe|1\n|-ability|p2a: Ting-Lu|Vessel of Ruin\n|move|p1a: wessin|Shadow Ball|p2a: Ting-Lu\n|-resisted|p2a: Ting-Lu\n|-crit|p2a: Ting-Lu\n|-damage|p2a: Ting-Lu|72\/100\n|-unboost|p2a: Ting-Lu|spd|1\n|\n|-heal|p2a: Ting-Lu|78\/100|[from] item: Leftovers\n|upkeep\n|turn|5\n|inactive|lord denominator has 120 seconds left.\n|\n|t:|1700543970\n|switch|p2a: Crawdaunt|Crawdaunt, F|100\/100\n|-activate|p2a: Crawdaunt|move: Sticky Web\n|-unboost|p2a: Crawdaunt|spe|1\n|move|p1a: wessin|Make It Rain|p2a: Crawdaunt\n|-resisted|p2a: Crawdaunt\n|-damage|p2a: Crawdaunt|0 fnt\n|-unboost|p1a: wessin|spa|1\n|faint|p2a: Crawdaunt\n|\n|-end|p1a: wessin|move: Future Sight\n|-resisted|p1a: wessin\n|-damage|p1a: wessin|76\/100\n|-enditem|p1a: wessin|Air Balloon\n|upkeep\n|\n|t:|1700543973\n|switch|p2a: Ting-Lu|Ting-Lu|78\/100\n|-activate|p2a: Ting-Lu|move: Sticky Web\n|-unboost|p2a: Ting-Lu|spe|1\n|-ability|p2a: Ting-Lu|Vessel of Ruin\n|turn|6\n|j| eisenblatt\n|\n|t:|1700543997\n|switch|p1a: HPDARKEAGLE|Manaphy|100\/100\n|move|p2a: Ting-Lu|Earthquake|p1a: HPDARKEAGLE\n|-damage|p1a: HPDARKEAGLE|67\/100\n|\n|-heal|p1a: HPDARKEAGLE|73\/100|[from] item: Leftovers\n|-heal|p2a: Ting-Lu|84\/100|[from] item: Leftovers\n|upkeep\n|turn|7\n|\n|t:|1700544003\n|move|p1a: HPDARKEAGLE|Take Heart|p1a: HPDARKEAGLE\n|-boost|p1a: HPDARKEAGLE|spa|1\n|-boost|p1a: HPDARKEAGLE|spd|1\n|move|p2a: Ting-Lu|Spikes|p1a: HPDARKEAGLE\n|-sidestart|p1: pessii|Spikes\n|\n|-heal|p1a: HPDARKEAGLE|79\/100|[from] item: Leftovers\n|-heal|p2a: Ting-Lu|91\/100|[from] item: Leftovers\n|upkeep\n|turn|8\n|\n|t:|1700544009\n|move|p1a: HPDARKEAGLE|Take Heart|p1a: HPDARKEAGLE\n|-boost|p1a: HPDARKEAGLE|spa|1\n|-boost|p1a: HPDARKEAGLE|spd|1\n|move|p2a: Ting-Lu|Spikes|p1a: HPDARKEAGLE\n|-sidestart|p1: pessii|Spikes\n|\n|-heal|p1a: HPDARKEAGLE|85\/100|[from] item: Leftovers\n|-heal|p2a: Ting-Lu|97\/100|[from] item: Leftovers\n|upkeep\n|turn|9\n|\n|t:|1700544011\n|move|p1a: HPDARKEAGLE|Scald|p2a: Ting-Lu\n|-supereffective|p2a: Ting-Lu\n|-damage|p2a: Ting-Lu|37\/100\n|move|p2a: Ting-Lu|Whirlwind|p1a: HPDARKEAGLE\n|drag|p1a: scarlet|Iron Moth|100\/100\n|-damage|p1a: scarlet|84\/100|[from] Spikes\n|-enditem|p1a: scarlet|Booster Energy\n|-activate|p1a: scarlet|ability: Quark Drive|[fromitem]\n|-start|p1a: scarlet|quarkdrivespe\n|\n|-heal|p2a: Ting-Lu|43\/100|[from] item: Leftovers\n|upkeep\n|turn|10\n|\n|t:|1700544021\n|-terastallize|p1a: scarlet|Fairy\n|move|p1a: scarlet|Dazzling Gleam|p2a: Ting-Lu\n|-supereffective|p2a: Ting-Lu\n|-damage|p2a: Ting-Lu|12\/100\n|move|p2a: Ting-Lu|Earthquake|p1a: scarlet\n|-damage|p1a: scarlet|27\/100\n|\n|-heal|p2a: Ting-Lu|18\/100|[from] item: Leftovers\n|upkeep\n|turn|11\n|\n|t:|1700544029\n|move|p1a: scarlet|Dazzling Gleam|p2a: Ting-Lu\n|-supereffective|p2a: Ting-Lu\n|-damage|p2a: Ting-Lu|0 fnt\n|faint|p2a: Ting-Lu\n|\n|upkeep\n|\n|t:|1700544032\n|switch|p2a: Slowking|Slowking-Galar, F|100\/100\n|turn|12\n|\n|t:|1700544037\n|-end|p1a: scarlet|Quark Drive|[silent]\n|switch|p1a: wessin|Gholdengo|76\/100\n|-damage|p1a: wessin|60\/100|[from] Spikes\n|move|p2a: Slowking|Thunder Wave|p1a: wessin\n|-immune|p1a: wessin|[from] ability: Good as Gold\n|\n|upkeep\n|turn|13\n|j| Roshino\n|\n|t:|1700544042\n|move|p1a: wessin|Nasty Plot|p1a: wessin\n|-boost|p1a: wessin|spa|2\n|move|p2a: Slowking|Chilly Reception|p2a: Slowking\n|-weather|Snow\n|inactive|lord denominator has 120 seconds left.\n|\n|t:|1700544077\n|switch|p2a: Dragapult|Dragapult, F|100\/100|[from] Chilly Reception\n|\n|-weather|Snow|[upkeep]\n|upkeep\n|turn|14\n|\n|t:|1700544086\n|switch|p1a: awyp|Kingambit, F|100\/100\n|-damage|p1a: awyp|84\/100|[from] Spikes\n|-activate|p1a: awyp|ability: Supreme Overlord\n|-start|p1a: awyp|fallen1|[silent]\n|move|p2a: Dragapult|Hex|p1a: awyp\n|-resisted|p1a: awyp\n|-damage|p1a: awyp|68\/100\n|\n|-weather|Snow|[upkeep]\n|upkeep\n|turn|15\n|j| metaloid\n|\n|t:|1700544090\n|move|p2a: Dragapult|Will-O-Wisp|p1a: awyp\n|-status|p1a: awyp|brn\n|move|p1a: awyp|Kowtow Cleave|p2a: Dragapult\n|-supereffective|p2a: Dragapult\n|-damage|p2a: Dragapult|0 fnt\n|faint|p2a: Dragapult\n|\n|-weather|Snow|[upkeep]\n|-damage|p1a: awyp|61\/100 brn|[from] brn\n|upkeep\n|\n|t:|1700544097\n|switch|p2a: Zapdos|Zapdos|62\/100\n|turn|16\n|\n|t:|1700544100\n|move|p2a: Zapdos|Roost|p2a: Zapdos\n|-heal|p2a: Zapdos|100\/100\n|-singleturn|p2a: Zapdos|move: Roost\n|move|p1a: awyp|Kowtow Cleave|p2a: Zapdos\n|-damage|p2a: Zapdos|69\/100\n|\n|-weather|Snow|[upkeep]\n|-damage|p1a: awyp|55\/100 brn|[from] brn\n|upkeep\n|turn|17\n|\n|t:|1700544109\n|move|p2a: Zapdos|Volt Switch|p1a: awyp\n|-damage|p1a: awyp|21\/100 brn\n|\n|t:|1700544112\n|switch|p2a: Clefable|Clefable, M|100\/100|[from] Volt Switch\n|-activate|p2a: Clefable|move: Sticky Web\n|-unboost|p2a: Clefable|spe|1\n|move|p1a: awyp|Swords Dance|p1a: awyp\n|-boost|p1a: awyp|atk|2\n|\n|-weather|none\n|-damage|p1a: awyp|15\/100 brn|[from] brn\n|upkeep\n|turn|18\n|\n|t:|1700544142\n|move|p1a: awyp|Kowtow Cleave|p2a: Clefable\n|-resisted|p2a: Clefable\n|-damage|p2a: Clefable|77\/100\n|move|p2a: Clefable|Wish|p2a: Clefable\n|\n|-heal|p2a: Clefable|83\/100|[from] item: Leftovers\n|-damage|p1a: awyp|8\/100 brn|[from] brn\n|upkeep\n|turn|19\n|\n|t:|1700544154\n|move|p1a: awyp|Kowtow Cleave|p2a: Clefable\n|-resisted|p2a: Clefable\n|-damage|p2a: Clefable|59\/100\n|move|p2a: Clefable|Moonblast|p1a: awyp\n|-damage|p1a: awyp|0 fnt\n|faint|p1a: awyp\n|-end|p1a: awyp|fallen1|[silent]\n|\n|-heal|p2a: Clefable|100\/100|[from] move: Wish|[wisher] Clefable\n|upkeep\n|\n|t:|1700544173\n|switch|p1a: wessin|Gholdengo|60\/100\n|-damage|p1a: wessin|43\/100|[from] Spikes\n|turn|20\n|\n|t:|1700544179\n|move|p1a: wessin|Shadow Ball|p2a: Clefable\n|-damage|p2a: Clefable|56\/100\n|move|p2a: Clefable|Wish|p2a: Clefable\n|\n|-heal|p2a: Clefable|62\/100|[from] item: Leftovers\n|upkeep\n|turn|21\n|\n|t:|1700544184\n|switch|p2a: Zapdos|Zapdos|69\/100\n|move|p1a: wessin|Make It Rain|p2a: Zapdos\n|-resisted|p2a: Zapdos\n|-damage|p2a: Zapdos|36\/100\n|-unboost|p1a: wessin|spa|1\n|\n|-heal|p2a: Zapdos|88\/100|[from] move: Wish|[wisher] Clefable\n|upkeep\n|turn|22\n|\n|t:|1700544195\n|switch|p1a: scarlet|Iron Moth, tera:Fairy|27\/100\n|-damage|p1a: scarlet|10\/100|[from] Spikes\n|move|p2a: Zapdos|Hurricane|p1a: scarlet|[miss]\n|-miss|p2a: Zapdos|p1a: scarlet\n|\n|upkeep\n|turn|23\n|\n|t:|1700544200\n|move|p1a: scarlet|Dazzling Gleam|p2a: Zapdos\n|-damage|p2a: Zapdos|50\/100\n|move|p2a: Zapdos|Volt Switch|p1a: scarlet\n|-crit|p1a: scarlet\n|-damage|p1a: scarlet|0 fnt\n|faint|p1a: scarlet\n|-end|p1a: scarlet|Quark Drive|[silent]\n|\n|t:|1700544203\n|switch|p2a: Slowking|Slowking-Galar, F|100\/100|[from] Volt Switch\n|\n|upkeep\n|\n|t:|1700544207\n|switch|p1a: wessin|Gholdengo|43\/100\n|-damage|p1a: wessin|27\/100|[from] Spikes\n|turn|24\n|\n|t:|1700544213\n|move|p1a: wessin|Shadow Ball|p2a: Slowking\n|-supereffective|p2a: Slowking\n|-damage|p2a: Slowking|51\/100\n|-unboost|p2a: Slowking|spd|1\n|move|p2a: Slowking|Chilly Reception|p2a: Slowking\n|-weather|Snow\n|\n|t:|1700544217\n|switch|p2a: Zapdos|Zapdos|50\/100|[from] Chilly Reception\n|\n|-weather|Snow|[upkeep]\n|upkeep\n|turn|25\n|\n|t:|1700544222\n|switch|p1a: HPDARKEAGLE|Manaphy|85\/100\n|-damage|p1a: HPDARKEAGLE|69\/100|[from] Spikes\n|move|p2a: Zapdos|Volt Switch|p1a: HPDARKEAGLE\n|-supereffective|p1a: HPDARKEAGLE\n|-damage|p1a: HPDARKEAGLE|11\/100\n|\n|t:|1700544229\n|switch|p2a: Slowking|Slowking-Galar, F|85\/100|[from] Volt Switch\n|\n|-weather|Snow|[upkeep]\n|-heal|p1a: HPDARKEAGLE|17\/100|[from] item: Leftovers\n|upkeep\n|turn|26\n|\n|t:|1700544233\n|move|p1a: HPDARKEAGLE|Take Heart|p1a: HPDARKEAGLE\n|-boost|p1a: HPDARKEAGLE|spa|1\n|-boost|p1a: HPDARKEAGLE|spd|1\n|move|p2a: Slowking|Sludge Bomb|p1a: HPDARKEAGLE\n|-damage|p1a: HPDARKEAGLE|0 fnt\n|faint|p1a: HPDARKEAGLE\n|\n|-weather|Snow|[upkeep]\n|upkeep\n|\n|t:|1700544236\n|switch|p1a: faya|Ogerpon-Wellspring, F|100\/100\n|-damage|p1a: faya|84\/100|[from] Spikes\n|turn|27\n|\n|t:|1700544242\n|move|p1a: faya|Ivy Cudgel|p2a: Slowking|[anim] Ivy Cudgel Water\n|-damage|p2a: Slowking|24\/100\n|move|p2a: Slowking|Thunder Wave|p1a: faya\n|-status|p1a: faya|par\n|\n|-weather|Snow|[upkeep]\n|upkeep\n|turn|28\n|\n|t:|1700544248\n|switch|p2a: Clefable|Clefable, M|62\/100\n|-activate|p2a: Clefable|move: Sticky Web\n|-unboost|p2a: Clefable|spe|1\n|cant|p1a: faya|par\n|\n|-weather|none\n|-heal|p2a: Clefable|69\/100|[from] item: Leftovers\n|upkeep\n|turn|29\n|\n|t:|1700544254\n|move|p1a: faya|Ivy Cudgel|p2a: Clefable|[anim] Ivy Cudgel Water\n|-crit|p2a: Clefable\n|-damage|p2a: Clefable|0 fnt\n|faint|p2a: Clefable\n|\n|upkeep\n|\n|t:|1700544257\n|switch|p2a: Zapdos|Zapdos|50\/100\n|turn|30\n|\n|t:|1700544261\n|-terastallize|p2a: Zapdos|Dragon\n|move|p2a: Zapdos|Roost|p2a: Zapdos\n|-heal|p2a: Zapdos|99\/100\n|cant|p1a: faya|par\n|\n|upkeep\n|turn|31\n|\n|t:|1700544267\n|move|p2a: Zapdos|Hurricane|p1a: faya\n|-supereffective|p1a: faya\n|-damage|p1a: faya|0 fnt\n|faint|p1a: faya\n|\n|upkeep\n|\n|t:|1700544269\n|switch|p1a: wessin|Gholdengo|27\/100\n|-damage|p1a: wessin|10\/100|[from] Spikes\n|turn|32\n|\n|t:|1700544271\n|move|p2a: Zapdos|Volt Switch|p1a: wessin\n|-damage|p1a: wessin|0 fnt\n|faint|p1a: wessin\n|\n|win|lord denominator\n|raw|pessii's rating: 1623 &rarr; <strong>1605<\/strong><br \/>(-18 for losing)\n|raw|lord denominator's rating: 1660 &rarr; <strong>1678<\/strong><br \/>(+18 for winning)\n","uploadtime":1700544276,"views":8,"p1id":"pessii","p2id":"lorddenominator","formatid":"gen9ou","rating":1605,"private":0,"password":""}