{"id":"gen9ou-1989718054","p1":"minosprimeyaoi","p2":"gg40019","format":"[Gen 9] OU","log":"|j|\u2606minosprimeyaoi\n|j|\u2606gg40019\n|t:|1699889727\n|gametype|singles\n|player|p1|minosprimeyaoi|swimmerf-gen4|1064\n|player|p2|gg40019|blackbelt-gen4dp|1000\n|teamsize|p1|6\n|teamsize|p2|6\n|gen|9\n|tier|[Gen 9] OU\n|rated|\n|rule|Sleep Clause Mod: Limit one foe put to sleep\n|rule|Species Clause: Limit one of each Pok\u00e9mon\n|rule|OHKO Clause: OHKO moves are banned\n|rule|Evasion Items Clause: Evasion items are banned\n|rule|Evasion Moves Clause: Evasion moves are banned\n|rule|Endless Battle Clause: Forcing endless battles is banned\n|rule|HP Percentage Mod: HP is shown in percentages\n|clearpoke\n|poke|p1|Tyranitar, M|\n|poke|p1|Houndstone, F|\n|poke|p1|Sneasler, F|\n|poke|p1|Greninja-*, M|\n|poke|p1|Gholdengo|\n|poke|p1|Cinderace, M|\n|poke|p2|Scizor, M|\n|poke|p2|Magneton|\n|poke|p2|Dragapult, M|\n|poke|p2|Ceruledge, F|\n|poke|p2|Iron Valiant|\n|poke|p2|Garchomp, M|\n|teampreview\n|inactive|Battle timer is ON: inactive players will automatically lose when time's up. (requested by minosprimeyaoi)\n|\n|t:|1699889738\n|start\n|switch|p1a: Wear Protection!!|Sneasler, F|100\/100\n|switch|p2a: Garchomp|Garchomp, M|100\/100\n|turn|1\n|\n|t:|1699889753\n|move|p1a: Wear Protection!!|Fake Out|p2a: Garchomp\n|-damage|p2a: Garchomp|88\/100\n|-activate|p2a: Garchomp|ability: Rough Skin\n|-activate|p1a: Wear Protection!!|item: Protective Pads\n|cant|p2a: Garchomp|flinch\n|\n|upkeep\n|turn|2\n|\n|t:|1699889763\n|move|p1a: Wear Protection!!|Dire Claw|p2a: Garchomp\n|-resisted|p2a: Garchomp\n|-damage|p2a: Garchomp|68\/100\n|-activate|p2a: Garchomp|ability: Rough Skin\n|-activate|p1a: Wear Protection!!|item: Protective Pads\n|move|p2a: Garchomp|Earthquake|p1a: Wear Protection!!\n|-supereffective|p1a: Wear Protection!!\n|-damage|p1a: Wear Protection!!|0 fnt\n|faint|p1a: Wear Protection!!\n|-damage|p2a: Garchomp|58\/100|[from] item: Life Orb\n|\n|upkeep\n|\n|t:|1699889779\n|switch|p1a: Jimmy School|Gholdengo|100\/100\n|turn|3\n|\n|t:|1699889796\n|move|p1a: Jimmy School|Make It Rain|p2a: Garchomp\n|-damage|p2a: Garchomp|0 fnt\n|-unboost|p1a: Jimmy School|spa|1\n|faint|p2a: Garchomp\n|\n|upkeep\n|\n|t:|1699889812\n|switch|p2a: Dragapult|Dragapult, M|100\/100\n|turn|4\n|\n|t:|1699889823\n|switch|p1a: JeffEpstein|Tyranitar, M|100\/100\n|-weather|Sandstorm|[from] ability: Sand Stream|[of] p1a: JeffEpstein\n|move|p2a: Dragapult|Flamethrower|p1a: JeffEpstein\n|-resisted|p1a: JeffEpstein\n|-damage|p1a: JeffEpstein|96\/100\n|\n|-weather|Sandstorm|[upkeep]\n|-damage|p2a: Dragapult|95\/100|[from] Sandstorm\n|upkeep\n|turn|5\n|inactive|gg40019 has 120 seconds left.\n|\n|t:|1699889873\n|switch|p2a: Scizor|Scizor, M|100\/100\n|move|p1a: JeffEpstein|Fire Fang|p2a: Scizor\n|-supereffective|p2a: Scizor\n|-damage|p2a: Scizor|0 fnt\n|faint|p2a: Scizor\n|\n|-weather|Sandstorm|[upkeep]\n|upkeep\n|inactive|gg40019 has 90 seconds left.\n|\n|t:|1699889887\n|switch|p2a: Iron Valiant|Iron Valiant|100\/100\n|turn|6\n|\n|t:|1699889901\n|move|p2a: Iron Valiant|Leaf Blade|p1a: JeffEpstein\n|-supereffective|p1a: JeffEpstein\n|-damage|p1a: JeffEpstein|21\/100\n|-damage|p2a: Iron Valiant|91\/100|[from] item: Life Orb\n|move|p1a: JeffEpstein|Crunch|p2a: Iron Valiant\n|-resisted|p2a: Iron Valiant\n|-damage|p2a: Iron Valiant|77\/100\n|\n|-weather|Sandstorm|[upkeep]\n|-damage|p2a: Iron Valiant|71\/100|[from] Sandstorm\n|upkeep\n|turn|7\n|\n|t:|1699889915\n|move|p2a: Iron Valiant|Leaf Blade|p1a: JeffEpstein\n|-supereffective|p1a: JeffEpstein\n|-damage|p1a: JeffEpstein|0 fnt\n|faint|p1a: JeffEpstein\n|-damage|p2a: Iron Valiant|61\/100|[from] item: Life Orb\n|\n|-weather|Sandstorm|[upkeep]\n|-damage|p2a: Iron Valiant|55\/100|[from] Sandstorm\n|upkeep\n|\n|t:|1699889916\n|switch|p1a: Aigata Takashita|Houndstone, F|100\/100\n|turn|8\n|inactive|gg40019 has 90 seconds left.\n|\n|t:|1699889939\n|-end|p2a: Iron Valiant|Quark Drive|[silent]\n|switch|p2a: Ceruledge|Ceruledge, F|100\/100\n|move|p1a: Aigata Takashita|Poltergeist|p2a: Ceruledge\n|-activate|p2a: Ceruledge|move: Poltergeist|Life Orb\n|-supereffective|p2a: Ceruledge\n|-damage|p2a: Ceruledge|0 fnt\n|faint|p2a: Ceruledge\n|-damage|p1a: Aigata Takashita|91\/100|[from] item: Life Orb\n|\n|-weather|none\n|upkeep\n|inactive|gg40019 has 90 seconds left.\n|\n|t:|1699889950\n|switch|p2a: Dragapult|Dragapult, M|95\/100\n|turn|9\n|\n|t:|1699889955\n|-terastallize|p1a: Aigata Takashita|Normal\n|move|p2a: Dragapult|Shadow Ball|p1a: Aigata Takashita\n|-immune|p1a: Aigata Takashita\n|move|p1a: Aigata Takashita|Poltergeist|p2a: Dragapult\n|-activate|p2a: Dragapult|move: Poltergeist|Mental Herb\n|-supereffective|p2a: Dragapult\n|-damage|p2a: Dragapult|0 fnt\n|-start|p1a: Aigata Takashita|Disable|Poltergeist|[from] ability: Cursed Body|[of] p2a: Dragapult\n|faint|p2a: Dragapult\n|-damage|p1a: Aigata Takashita|81\/100|[from] item: Life Orb\n|\n|upkeep\n|inactive|gg40019 has 90 seconds left.\n|\n|t:|1699889971\n|switch|p2a: Magneton|Magneton|100\/100\n|turn|10\n|inactive|gg40019 has 90 seconds left.\n|\n|t:|1699889983\n|switch|p1a: Jimmy School|Gholdengo|100\/100\n|move|p2a: Magneton|Reflect|p2a: Magneton\n|-sidestart|p2: gg40019|Reflect\n|\n|upkeep\n|turn|11\n|\n|t:|1699889991\n|move|p1a: Jimmy School|Trick|p2a: Magneton\n|-activate|p1a: Jimmy School|move: Trick|[of] p2a: Magneton\n|-item|p2a: Magneton|Choice Scarf|[from] move: Trick\n|-item|p1a: Jimmy School|Eviolite|[from] move: Trick\n|move|p2a: Magneton|Light Screen|p2a: Magneton\n|-sidestart|p2: gg40019|move: Light Screen\n|\n|upkeep\n|turn|12\n|\n|t:|1699890005\n|switch|p2a: Iron Valiant|Iron Valiant|55\/100\n|move|p1a: Jimmy School|Shadow Ball|p2a: Iron Valiant\n|-damage|p2a: Iron Valiant|16\/100\n|-unboost|p2a: Iron Valiant|spd|1\n|\n|upkeep\n|turn|13\n|inactive|gg40019 has 90 seconds left.\n|\n|t:|1699890025\n|move|p2a: Iron Valiant|Spirit Break|p1a: Jimmy School\n|-resisted|p1a: Jimmy School\n|-damage|p1a: Jimmy School|71\/100\n|-unboost|p1a: Jimmy School|spa|1\n|-damage|p2a: Iron Valiant|7\/100|[from] item: Life Orb\n|move|p1a: Jimmy School|Shadow Ball|p2a: Iron Valiant\n|-damage|p2a: Iron Valiant|0 fnt\n|faint|p2a: Iron Valiant\n|-end|p2a: Iron Valiant|Quark Drive|[silent]\n|\n|upkeep\n|\n|t:|1699890040\n|switch|p2a: Magneton|Magneton|100\/100\n|turn|14\n|\n|t:|1699890056\n|move|p1a: Jimmy School|Make It Rain|p2a: Magneton\n|-resisted|p2a: Magneton\n|-damage|p2a: Magneton|94\/100\n|-unboost|p1a: Jimmy School|spa|1\n|move|p2a: Magneton|Discharge|p1a: Jimmy School\n|-damage|p1a: Jimmy School|25\/100\n|\n|-sideend|p2: gg40019|Reflect\n|upkeep\n|turn|15\n|inactive|gg40019 has 60 seconds left.\n|l|\u2606gg40019\n|inactive|gg40019 disconnected and has a minute to reconnect!\n|player|p2|\n|inactive|minosprimeyaoi has 120 seconds left.\n|inactive|minosprimeyaoi has 90 seconds left.\n|\n|t:|1699890136\n|move|p1a: Jimmy School|Make It Rain|p2a: Magneton\n|-resisted|p2a: Magneton\n|-damage|p2a: Magneton|88\/100\n|-unboost|p1a: Jimmy School|spa|1\n|move|p2a: Magneton|Discharge|p1a: Jimmy School\n|-damage|p1a: Jimmy School|0 fnt\n|faint|p1a: Jimmy School\n|\n|-sideend|p2: gg40019|move: Light Screen\n|upkeep\n|\n|t:|1699890142\n|switch|p1a: Melee Naruto|Greninja, M|100\/100\n|turn|16\n|inactive|gg40019 has 30 seconds to reconnect!\n|inactive|gg40019 has 20 seconds to reconnect!\n|inactive|gg40019 has 15 seconds to reconnect!\n|inactive|gg40019 has 10 seconds to reconnect!\n|inactive|gg40019 has 5 seconds to reconnect!\n|-message|gg40019 lost due to inactivity.\n|\n|win|minosprimeyaoi\n|inactive|gg40019 has 20 seconds left this turn.\n|raw|minosprimeyaoi's rating: 1064 &rarr; <strong>1089<\/strong><br \/>(+25 for winning)\n|raw|gg40019's rating: 1000 &rarr; <strong>1000<\/strong><br \/>(+0 for losing)\n","uploadtime":1699890228,"views":19,"p1id":"minosprimeyaoi","p2id":"gg40019","formatid":"gen9ou","rating":1000,"private":0,"password":""}