{"id":"gen9ou-1996537842","p1":"Meztere","p2":"click x senpai","format":"[Gen 9] OU","log":"|j|\u2606Meztere\n|j|\u2606click x senpai\n|t:|1700691911\n|gametype|singles\n|player|p1|Meztere|harlequin|1123\n|player|p2|click x senpai|volo|1170\n|teamsize|p1|6\n|teamsize|p2|6\n|gen|9\n|tier|[Gen 9] OU\n|rated|\n|rule|Sleep Clause Mod: Limit one foe put to sleep\n|rule|Species Clause: Limit one of each Pok\u00e9mon\n|rule|OHKO Clause: OHKO moves are banned\n|rule|Evasion Items Clause: Evasion items are banned\n|rule|Evasion Moves Clause: Evasion moves are banned\n|rule|Endless Battle Clause: Forcing endless battles is banned\n|rule|HP Percentage Mod: HP is shown in percentages\n|clearpoke\n|poke|p1|Pelipper, F|\n|poke|p1|Politoed, M|\n|poke|p1|Manaphy|\n|poke|p1|Zapdos|\n|poke|p1|Walking Wake|\n|poke|p1|Toxicroak, M|\n|poke|p2|Grimmsnarl, M|\n|poke|p2|Ursaluna, F|\n|poke|p2|Slowbro-Galar, M|\n|poke|p2|Iron Hands|\n|poke|p2|Kingambit, F|\n|poke|p2|Enamorus-Therian, F|\n|teampreview\n|inactive|Battle timer is ON: inactive players will automatically lose when time's up. (requested by Meztere)\n|\n|t:|1700691922\n|start\n|switch|p1a: Pelipper|Pelipper, F|100\/100\n|switch|p2a: Grimmsnarl|Grimmsnarl, M|100\/100\n|-weather|RainDance|[from] ability: Drizzle|[of] p1a: Pelipper\n|turn|1\n|\n|t:|1700691932\n|move|p2a: Grimmsnarl|Light Screen|p2a: Grimmsnarl\n|-sidestart|p2: click x senpai|move: Light Screen\n|move|p1a: Pelipper|Hurricane|p2a: Grimmsnarl\n|-damage|p2a: Grimmsnarl|81\/100\n|-start|p2a: Grimmsnarl|confusion\n|\n|-weather|RainDance|[upkeep]\n|upkeep\n|turn|2\n|\n|t:|1700691947\n|switch|p2a: Enamorus|Enamorus-Therian, F|100\/100\n|move|p1a: Pelipper|Tailwind|p1a: Pelipper\n|-sidestart|p1: Meztere|move: Tailwind\n|\n|-weather|RainDance|[upkeep]\n|upkeep\n|turn|3\n|\n|t:|1700691954\n|switch|p1a: Toxicroak|Toxicroak, M|100\/100\n|move|p2a: Enamorus|Calm Mind|p2a: Enamorus\n|-boost|p2a: Enamorus|spa|1\n|-boost|p2a: Enamorus|spd|1\n|\n|-weather|RainDance|[upkeep]\n|upkeep\n|turn|4\n|\n|t:|1700691963\n|move|p1a: Toxicroak|Poison Jab|p2a: Enamorus\n|-supereffective|p2a: Enamorus\n|-damage|p2a: Enamorus|27\/100\n|-status|p2a: Enamorus|psn\n|move|p2a: Enamorus|Earth Power|p1a: Toxicroak\n|-supereffective|p1a: Toxicroak\n|-damage|p1a: Toxicroak|0 fnt\n|faint|p1a: Toxicroak\n|\n|-weather|RainDance|[upkeep]\n|-damage|p2a: Enamorus|15\/100 psn|[from] psn\n|upkeep\n|\n|t:|1700691979\n|switch|p1a: Walking Wake|Walking Wake|100\/100\n|-enditem|p1a: Walking Wake|Booster Energy\n|-activate|p1a: Walking Wake|ability: Protosynthesis|[fromitem]\n|-start|p1a: Walking Wake|protosynthesisspa\n|turn|5\n|\n|t:|1700692009\n|-terastallize|p1a: Walking Wake|Water\n|move|p1a: Walking Wake|Agility|p1a: Walking Wake\n|-boost|p1a: Walking Wake|spe|2\n|move|p2a: Enamorus|Moonblast|p1a: Walking Wake\n|-damage|p1a: Walking Wake|15\/100\n|\n|-weather|RainDance|[upkeep]\n|-damage|p2a: Enamorus|2\/100 psn|[from] psn\n|-sideend|p1: Meztere|move: Tailwind\n|upkeep\n|turn|6\n|\n|t:|1700692026\n|move|p1a: Walking Wake|Hydro Steam|p2a: Enamorus\n|-damage|p2a: Enamorus|0 fnt\n|faint|p2a: Enamorus\n|\n|-weather|RainDance|[upkeep]\n|upkeep\n|\n|t:|1700692041\n|switch|p2a: Slowbro|Slowbro-Galar, M|100\/100\n|turn|7\n|\n|t:|1700692055\n|move|p1a: Walking Wake|Hydro Steam|p2a: Slowbro\n|-damage|p2a: Slowbro|34\/100\n|move|p2a: Slowbro|Sludge Bomb|p1a: Walking Wake\n|-damage|p1a: Walking Wake|0 fnt\n|faint|p1a: Walking Wake\n|-end|p1a: Walking Wake|Protosynthesis|[silent]\n|\n|-weather|RainDance|[upkeep]\n|upkeep\n|\n|t:|1700692065\n|switch|p1a: Manaphy|Manaphy|100\/100\n|turn|8\n|-activate|p2a: Slowbro|ability: Quick Draw\n|\n|t:|1700692073\n|move|p2a: Slowbro|Sludge Bomb|p1a: Manaphy\n|-damage|p1a: Manaphy|54\/100\n|move|p1a: Manaphy|Tail Glow|p1a: Manaphy\n|-boost|p1a: Manaphy|spa|3\n|\n|-weather|none\n|-heal|p1a: Manaphy|60\/100|[from] item: Leftovers\n|-sideend|p2: click x senpai|move: Light Screen\n|upkeep\n|turn|9\n|-activate|p2a: Slowbro|item: Quick Claw\n|\n|t:|1700692086\n|move|p2a: Slowbro|Sludge Bomb|p1a: Manaphy\n|-damage|p1a: Manaphy|16\/100\n|move|p1a: Manaphy|Surf|p2a: Slowbro\n|-damage|p2a: Slowbro|0 fnt\n|faint|p2a: Slowbro\n|\n|-heal|p1a: Manaphy|22\/100|[from] item: Leftovers\n|upkeep\n|\n|t:|1700692092\n|switch|p2a: Kingambit|Kingambit, F|100\/100\n|-activate|p2a: Kingambit|ability: Supreme Overlord\n|-start|p2a: Kingambit|fallen2|[silent]\n|turn|10\n|\n|t:|1700692101\n|switch|p1a: Pelipper|Pelipper, F|100\/100\n|-weather|RainDance|[from] ability: Drizzle|[of] p1a: Pelipper\n|move|p2a: Kingambit|Kowtow Cleave|p1a: Pelipper\n|-damage|p1a: Pelipper|55\/100\n|\n|-weather|RainDance|[upkeep]\n|upkeep\n|turn|11\n|\n|t:|1700692112\n|-end|p2a: Kingambit|fallen2|[silent]\n|switch|p2a: Grimmsnarl|Grimmsnarl, M|81\/100\n|move|p1a: Pelipper|Surf|p2a: Grimmsnarl\n|-damage|p2a: Grimmsnarl|34\/100\n|\n|-weather|RainDance|[upkeep]\n|upkeep\n|turn|12\n|\n|t:|1700692121\n|switch|p1a: Manaphy|Manaphy|22\/100\n|move|p2a: Grimmsnarl|Light Screen|p2a: Grimmsnarl\n|-sidestart|p2: click x senpai|move: Light Screen\n|\n|-weather|RainDance|[upkeep]\n|-heal|p1a: Manaphy|28\/100|[from] item: Leftovers\n|upkeep\n|turn|13\n|\n|t:|1700692128\n|move|p2a: Grimmsnarl|Taunt|p1a: Manaphy\n|-start|p1a: Manaphy|move: Taunt\n|cant|p1a: Manaphy|move: Taunt|Tail Glow\n|\n|-weather|RainDance|[upkeep]\n|-heal|p1a: Manaphy|35\/100|[from] item: Leftovers\n|upkeep\n|turn|14\n|\n|t:|1700692143\n|move|p1a: Manaphy|Dazzling Gleam|p2a: Grimmsnarl\n|-supereffective|p2a: Grimmsnarl\n|-damage|p2a: Grimmsnarl|10\/100\n|move|p2a: Grimmsnarl|Spirit Break|p1a: Manaphy\n|-damage|p1a: Manaphy|6\/100\n|-unboost|p1a: Manaphy|spa|1\n|\n|-weather|RainDance|[upkeep]\n|-heal|p1a: Manaphy|13\/100|[from] item: Leftovers\n|upkeep\n|turn|15\n|\n|t:|1700692154\n|move|p1a: Manaphy|Dazzling Gleam|p2a: Grimmsnarl\n|-supereffective|p2a: Grimmsnarl\n|-crit|p2a: Grimmsnarl\n|-damage|p2a: Grimmsnarl|0 fnt\n|faint|p2a: Grimmsnarl\n|\n|-weather|RainDance|[upkeep]\n|-heal|p1a: Manaphy|19\/100|[from] item: Leftovers\n|-end|p1a: Manaphy|move: Taunt\n|upkeep\n|\n|t:|1700692158\n|switch|p2a: Kingambit|Kingambit, F|100\/100\n|-activate|p2a: Kingambit|ability: Supreme Overlord\n|-start|p2a: Kingambit|fallen3|[silent]\n|turn|16\n|\n|t:|1700692167\n|switch|p1a: Pelipper|Pelipper, F|55\/100\n|move|p2a: Kingambit|Swords Dance|p2a: Kingambit\n|-boost|p2a: Kingambit|atk|2\n|\n|-weather|RainDance|[upkeep]\n|upkeep\n|turn|17\n|\n|t:|1700692176\n|move|p1a: Pelipper|Surf|p2a: Kingambit\n|-damage|p2a: Kingambit|79\/100\n|move|p2a: Kingambit|Kowtow Cleave|p1a: Pelipper\n|-damage|p1a: Pelipper|0 fnt\n|faint|p1a: Pelipper\n|\n|-weather|none\n|upkeep\n|\n|t:|1700692185\n|switch|p1a: Politoed|Politoed, M|100\/100\n|-weather|RainDance|[from] ability: Drizzle|[of] p1a: Politoed\n|turn|18\n|\n|t:|1700692207\n|move|p1a: Politoed|Haze|p1a: Politoed\n|-clearallboost\n|move|p2a: Kingambit|Kowtow Cleave|p1a: Politoed\n|-damage|p1a: Politoed|25\/100\n|\n|-weather|RainDance|[upkeep]\n|upkeep\n|turn|19\n|\n|t:|1700692223\n|move|p1a: Politoed|Perish Song|p1a: Politoed\n|-start|p1a: Politoed|perish3|[silent]\n|-start|p2a: Kingambit|perish3|[silent]\n|-fieldactivate|move: Perish Song\n|move|p2a: Kingambit|Kowtow Cleave|p1a: Politoed\n|-damage|p1a: Politoed|0 fnt\n|faint|p1a: Politoed\n|\n|-weather|RainDance|[upkeep]\n|-start|p2a: Kingambit|perish3\n|-sideend|p2: click x senpai|move: Light Screen\n|upkeep\n|\n|t:|1700692232\n|switch|p1a: Zapdos|Zapdos|100\/100\n|turn|20\n|inactive|click x senpai has 120 seconds left.\n|\n|t:|1700692262\n|move|p1a: Zapdos|Volt Switch|p2a: Kingambit\n|-damage|p2a: Kingambit|45\/100\n|\n|t:|1700692265\n|switch|p1a: Manaphy|Manaphy|19\/100|[from] Volt Switch\n|move|p2a: Kingambit|Kowtow Cleave|p1a: Manaphy\n|-damage|p1a: Manaphy|0 fnt\n|faint|p1a: Manaphy\n|\n|-weather|RainDance|[upkeep]\n|-start|p2a: Kingambit|perish2\n|upkeep\n|\n|t:|1700692275\n|switch|p1a: Zapdos|Zapdos|100\/100\n|turn|21\n|\n|t:|1700692283\n|move|p1a: Zapdos|Thunder|p2a: Kingambit\n|-damage|p2a: Kingambit|0 fnt\n|faint|p2a: Kingambit\n|-end|p2a: Kingambit|fallen3|[silent]\n|\n|-weather|RainDance|[upkeep]\n|upkeep\n|\n|t:|1700692288\n|switch|p2a: Ursaluna|Ursaluna, F|100\/100\n|turn|22\n|\n|t:|1700692296\n|move|p1a: Zapdos|Weather Ball|p2a: Ursaluna\n|-supereffective|p2a: Ursaluna\n|-damage|p2a: Ursaluna|15\/100\n|move|p2a: Ursaluna|Swords Dance|p2a: Ursaluna\n|-boost|p2a: Ursaluna|atk|2\n|\n|-weather|RainDance|[upkeep]\n|upkeep\n|turn|23\n|\n|t:|1700692304\n|move|p1a: Zapdos|Weather Ball|p2a: Ursaluna\n|-supereffective|p2a: Ursaluna\n|-damage|p2a: Ursaluna|0 fnt\n|faint|p2a: Ursaluna\n|\n|-weather|RainDance|[upkeep]\n|upkeep\n|\n|t:|1700692306\n|switch|p2a: Iron Hands|Iron Hands|100\/100\n|turn|24\n|\n|t:|1700692318\n|move|p1a: Zapdos|Hurricane|p2a: Iron Hands\n|-damage|p2a: Iron Hands|49\/100\n|move|p2a: Iron Hands|Ice Punch|p1a: Zapdos\n|-supereffective|p1a: Zapdos\n|-damage|p1a: Zapdos|31\/100\n|\n|-weather|RainDance|[upkeep]\n|upkeep\n|turn|25\n|\n|t:|1700692326\n|move|p1a: Zapdos|Hurricane|p2a: Iron Hands\n|-damage|p2a: Iron Hands|1\/100\n|move|p2a: Iron Hands|Ice Punch|p1a: Zapdos\n|-supereffective|p1a: Zapdos\n|-damage|p1a: Zapdos|0 fnt\n|faint|p1a: Zapdos\n|\n|win|click x senpai\n|raw|Meztere's rating: 1123 &rarr; <strong>1101<\/strong><br \/>(-22 for losing)\n|raw|click x senpai's rating: 1170 &rarr; <strong>1192<\/strong><br \/>(+22 for winning)\n","uploadtime":1700692334,"views":11,"p1id":"meztere","p2id":"clickxsenpai","formatid":"gen9ou","rating":1101,"private":0,"password":""}