{"id":"gen9ou-1997393373","p1":"DatKrazyBlamer","p2":"Upbeatostrich","format":"[Gen 9] OU","log":"|j|\u2606DatKrazyBlamer\n|j|\u2606Upbeatostrich\n|t:|1700798362\n|gametype|singles\n|player|p1|DatKrazyBlamer|pokemaniac|1276\n|player|p2|Upbeatostrich|clown|1167\n|teamsize|p1|6\n|teamsize|p2|6\n|gen|9\n|tier|[Gen 9] OU\n|rated|\n|rule|Sleep Clause Mod: Limit one foe put to sleep\n|rule|Species Clause: Limit one of each Pok\u00e9mon\n|rule|OHKO Clause: OHKO moves are banned\n|rule|Evasion Items Clause: Evasion items are banned\n|rule|Evasion Moves Clause: Evasion moves are banned\n|rule|Endless Battle Clause: Forcing endless battles is banned\n|rule|HP Percentage Mod: HP is shown in percentages\n|clearpoke\n|poke|p1|Pelipper, M|\n|poke|p1|Overqwil, F|\n|poke|p1|Basculegion, M|\n|poke|p1|Samurott-Hisui, F|\n|poke|p1|Thundurus-Therian, M|\n|poke|p1|Clodsire, M|\n|poke|p2|Salazzle, F|\n|poke|p2|Clodsire, M|\n|poke|p2|Grafaiai, M|\n|poke|p2|Alomomola, F|\n|poke|p2|Altaria, M|\n|poke|p2|Ting-Lu|\n|teampreview\n|inactive|Battle timer is ON: inactive players will automatically lose when time's up. (requested by Upbeatostrich)\n|\n|t:|1700798376\n|start\n|switch|p1a: Pelipper|Pelipper, M|100\/100\n|switch|p2a: Smack Ya|Salazzle, F, shiny|100\/100\n|-weather|RainDance|[from] ability: Drizzle|[of] p1a: Pelipper\n|turn|1\n|\n|t:|1700798384\n|move|p2a: Smack Ya|Toxic|p1a: Pelipper\n|-status|p1a: Pelipper|tox\n|move|p1a: Pelipper|Tailwind|p1a: Pelipper\n|-sidestart|p1: DatKrazyBlamer|move: Tailwind\n|\n|-weather|RainDance|[upkeep]\n|-damage|p1a: Pelipper|94\/100 tox|[from] psn\n|upkeep\n|turn|2\n|\n|t:|1700798392\n|switch|p2a: Big|Clodsire, M|100\/100\n|move|p1a: Pelipper|U-turn|p2a: Big\n|-resisted|p2a: Big\n|-damage|p2a: Big|96\/100\n|\n|t:|1700798402\n|switch|p1a: Samurott|Samurott-Hisui, F|100\/100|[from] U-turn\n|\n|-weather|RainDance|[upkeep]\n|upkeep\n|turn|3\n|\n|t:|1700798407\n|move|p1a: Samurott|Taunt|p2a: Big\n|-start|p2a: Big|move: Taunt\n|cant|p2a: Big|move: Taunt|Yawn\n|\n|-weather|RainDance|[upkeep]\n|upkeep\n|turn|4\n|\n|t:|1700798414\n|switch|p2a: Cupid|Alomomola, F, shiny|100\/100\n|move|p1a: Samurott|Ceaseless Edge|p2a: Cupid\n|-damage|p2a: Cupid|76\/100\n|-sidestart|p2: Upbeatostrich|Spikes\n|\n|-weather|RainDance|[upkeep]\n|-sideend|p1: DatKrazyBlamer|move: Tailwind\n|upkeep\n|turn|5\n|\n|t:|1700798423\n|move|p1a: Samurott|Taunt|p2a: Cupid\n|-start|p2a: Cupid|move: Taunt\n|move|p2a: Cupid|Chilling Water|p1a: Samurott\n|-resisted|p1a: Samurott\n|-damage|p1a: Samurott|91\/100\n|-unboost|p1a: Samurott|atk|1\n|\n|-weather|RainDance|[upkeep]\n|upkeep\n|turn|6\n|\n|t:|1700798432\n|move|p1a: Samurott|Ceaseless Edge|p2a: Cupid\n|-damage|p2a: Cupid|56\/100\n|-sidestart|p2: Upbeatostrich|Spikes\n|move|p2a: Cupid|Whirlpool|p1a: Samurott\n|-resisted|p1a: Samurott\n|-damage|p1a: Samurott|85\/100\n|-activate|p1a: Samurott|move: Whirlpool|[of] p2a: Cupid\n|\n|-weather|RainDance|[upkeep]\n|-damage|p1a: Samurott|72\/100|[from] move: Whirlpool|[partiallytrapped]\n|upkeep\n|turn|7\n|\n|t:|1700798441\n|move|p1a: Samurott|Ceaseless Edge|p2a: Cupid\n|-damage|p2a: Cupid|41\/100\n|-sidestart|p2: Upbeatostrich|Spikes\n|move|p2a: Cupid|Chilling Water|p1a: Samurott\n|-resisted|p1a: Samurott\n|-damage|p1a: Samurott|62\/100\n|-unboost|p1a: Samurott|atk|1\n|\n|-weather|RainDance|[upkeep]\n|-damage|p1a: Samurott|50\/100|[from] move: Whirlpool|[partiallytrapped]\n|-end|p2a: Cupid|move: Taunt\n|upkeep\n|turn|8\n|\n|t:|1700798453\n|move|p1a: Samurott|Taunt|p2a: Cupid\n|-start|p2a: Cupid|move: Taunt\n|move|p2a: Cupid|Chilling Water|p1a: Samurott\n|-resisted|p1a: Samurott\n|-damage|p1a: Samurott|39\/100\n|-unboost|p1a: Samurott|atk|1\n|\n|-weather|none\n|-damage|p1a: Samurott|27\/100|[from] move: Whirlpool|[partiallytrapped]\n|upkeep\n|turn|9\n|\n|t:|1700798463\n|move|p1a: Samurott|Ceaseless Edge|p2a: Cupid\n|-crit|p2a: Cupid\n|-damage|p2a: Cupid|2\/100\n|move|p2a: Cupid|Chilling Water|p1a: Samurott\n|-resisted|p1a: Samurott\n|-damage|p1a: Samurott|21\/100\n|-unboost|p1a: Samurott|atk|1\n|\n|-damage|p1a: Samurott|8\/100|[from] move: Whirlpool|[partiallytrapped]\n|upkeep\n|turn|10\n|\n|t:|1700798476\n|switch|p2a: Whistle|Ting-Lu|100\/100\n|-ability|p2a: Whistle|Vessel of Ruin\n|move|p1a: Samurott|Ceaseless Edge|p2a: Whistle\n|-resisted|p2a: Whistle\n|-damage|p2a: Whistle|97\/100\n|\n|-end|p1a: Samurott|Whirlpool|[partiallytrapped]|[silent]\n|upkeep\n|turn|11\n|\n|t:|1700798486\n|move|p1a: Samurott|Taunt|p2a: Whistle\n|-start|p2a: Whistle|move: Taunt\n|cant|p2a: Whistle|move: Taunt|Stealth Rock\n|\n|upkeep\n|turn|12\n|\n|t:|1700798493\n|switch|p2a: Cupid|Alomomola, F, shiny|35\/100\n|move|p1a: Samurott|Razor Shell|p2a: Cupid\n|-resisted|p2a: Cupid\n|-damage|p2a: Cupid|30\/100\n|-unboost|p2a: Cupid|def|1\n|\n|upkeep\n|turn|13\n|\n|t:|1700798501\n|move|p1a: Samurott|Taunt|p2a: Cupid\n|-start|p2a: Cupid|move: Taunt\n|move|p2a: Cupid|Whirlpool|p1a: Samurott|[miss]\n|-miss|p2a: Cupid|p1a: Samurott\n|\n|upkeep\n|turn|14\n|\n|t:|1700798508\n|move|p1a: Samurott|Ceaseless Edge|p2a: Cupid\n|-damage|p2a: Cupid|16\/100\n|move|p2a: Cupid|Whirlpool|p1a: Samurott|[miss]\n|-miss|p2a: Cupid|p1a: Samurott\n|\n|upkeep\n|turn|15\n|\n|t:|1700798515\n|move|p1a: Samurott|Ceaseless Edge|p2a: Cupid\n|-damage|p2a: Cupid|3\/100\n|move|p2a: Cupid|Whirlpool|p1a: Samurott\n|-resisted|p1a: Samurott\n|-damage|p1a: Samurott|4\/100\n|-activate|p1a: Samurott|move: Whirlpool|[of] p2a: Cupid\n|\n|-damage|p1a: Samurott|0 fnt|[from] move: Whirlpool|[partiallytrapped]\n|faint|p1a: Samurott\n|-end|p2a: Cupid|move: Taunt\n|upkeep\n|\n|t:|1700798535\n|switch|p1a: Basculegion|Basculegion, M|100\/100\n|turn|16\n|\n|t:|1700798542\n|switch|p2a: Big|Clodsire, M|96\/100\n|move|p1a: Basculegion|Flip Turn|p2a: Big\n|-heal|p2a: Big|100\/100|[from] ability: Water Absorb|[of] p1a: Basculegion\n|\n|upkeep\n|turn|17\n|\n|t:|1700798553\n|switch|p1a: Pelipper|Pelipper, M|94\/100 tox\n|-weather|RainDance|[from] ability: Drizzle|[of] p1a: Pelipper\n|move|p2a: Big|Yawn||[still]\n|-fail|p2a: Big\n|\n|-weather|RainDance|[upkeep]\n|-damage|p1a: Pelipper|88\/100 tox|[from] psn\n|upkeep\n|turn|18\n|\n|t:|1700798564\n|move|p1a: Pelipper|Tailwind|p1a: Pelipper\n|-sidestart|p1: DatKrazyBlamer|move: Tailwind\n|move|p2a: Big|Toxic Spikes|p1a: Pelipper\n|-sidestart|p1: DatKrazyBlamer|move: Toxic Spikes\n|\n|-weather|RainDance|[upkeep]\n|-damage|p1a: Pelipper|76\/100 tox|[from] psn\n|upkeep\n|turn|19\n|\n|t:|1700798571\n|switch|p2a: Whistle|Ting-Lu|97\/100\n|-ability|p2a: Whistle|Vessel of Ruin\n|move|p1a: Pelipper|U-turn|p2a: Whistle\n|-supereffective|p2a: Whistle\n|-damage|p2a: Whistle|91\/100\n|\n|t:|1700798587\n|switch|p1a: Overqwil|Overqwil, F|100\/100|[from] U-turn\n|-item|p1a: Overqwil|Air Balloon\n|\n|-weather|RainDance|[upkeep]\n|upkeep\n|turn|20\n|\n|t:|1700798594\n|move|p1a: Overqwil|Swords Dance|p1a: Overqwil\n|-boost|p1a: Overqwil|atk|2\n|move|p2a: Whistle|Stealth Rock|p1a: Overqwil\n|-sidestart|p1: DatKrazyBlamer|move: Stealth Rock\n|\n|-weather|RainDance|[upkeep]\n|upkeep\n|turn|21\n|\n|t:|1700798603\n|move|p1a: Overqwil|Crunch|p2a: Whistle\n|-resisted|p2a: Whistle\n|-damage|p2a: Whistle|75\/100\n|move|p2a: Whistle|Whirlwind|p1a: Overqwil\n|drag|p1a: Thundurus|Thundurus-Therian, M|100\/100\n|\n|-weather|RainDance|[upkeep]\n|-sideend|p1: DatKrazyBlamer|move: Tailwind\n|upkeep\n|turn|22\n|\n|t:|1700798611\n|move|p1a: Thundurus|Nasty Plot|p1a: Thundurus\n|-boost|p1a: Thundurus|spa|2\n|move|p2a: Whistle|Spikes|p1a: Thundurus\n|-sidestart|p1: DatKrazyBlamer|Spikes\n|\n|-weather|RainDance|[upkeep]\n|upkeep\n|turn|23\n|\n|t:|1700798618\n|-terastallize|p1a: Thundurus|Ice\n|-terastallize|p2a: Whistle|Ghost\n|move|p1a: Thundurus|Tera Blast|p2a: Whistle|[anim] Tera Blast Ice\n|-damage|p2a: Whistle|20\/100\n|move|p2a: Whistle|Whirlwind|p1a: Thundurus\n|drag|p1a: Pelipper|Pelipper, M|76\/100 tox\n|-damage|p1a: Pelipper|51\/100 tox|[from] Stealth Rock\n|\n|-weather|RainDance|[upkeep]\n|-damage|p1a: Pelipper|45\/100 tox|[from] psn\n|upkeep\n|turn|24\n|\n|t:|1700798632\n|switch|p2a: Cupid|Alomomola, F, shiny|37\/100\n|move|p1a: Pelipper|Roost|p1a: Pelipper\n|-heal|p1a: Pelipper|95\/100 tox\n|-singleturn|p1a: Pelipper|move: Roost\n|\n|-weather|none\n|-damage|p1a: Pelipper|83\/100 tox|[from] psn\n|upkeep\n|turn|25\n|\n|t:|1700798641\n|move|p1a: Pelipper|U-turn|p2a: Cupid\n|-damage|p2a: Cupid|32\/100\n|\n|t:|1700798647\n|switch|p1a: Overqwil|Overqwil, F|100\/100|[from] U-turn\n|-damage|p1a: Overqwil|88\/100|[from] Stealth Rock\n|-item|p1a: Overqwil|Air Balloon\n|move|p2a: Cupid|Wish|p2a: Cupid\n|\n|upkeep\n|turn|26\n|\n|t:|1700798656\n|move|p1a: Overqwil|Swords Dance|p1a: Overqwil\n|-boost|p1a: Overqwil|atk|2\n|move|p2a: Cupid|Chilling Water|p1a: Overqwil\n|-damage|p1a: Overqwil|76\/100\n|-unboost|p1a: Overqwil|atk|1\n|-enditem|p1a: Overqwil|Air Balloon\n|\n|-heal|p2a: Cupid|82\/100|[from] move: Wish|[wisher] Cupid\n|upkeep\n|turn|27\n|\n|t:|1700798666\n|move|p1a: Overqwil|Swords Dance|p1a: Overqwil\n|-boost|p1a: Overqwil|atk|2\n|move|p2a: Cupid|Whirlpool|p1a: Overqwil\n|-damage|p1a: Overqwil|65\/100\n|-activate|p1a: Overqwil|move: Whirlpool|[of] p2a: Cupid\n|\n|-damage|p1a: Overqwil|53\/100|[from] move: Whirlpool|[partiallytrapped]\n|upkeep\n|turn|28\n|\n|t:|1700798675\n|move|p1a: Overqwil|Gunk Shot|p2a: Cupid\n|-damage|p2a: Cupid|0 fnt\n|faint|p2a: Cupid\n|\n|-end|p1a: Overqwil|Whirlpool|[partiallytrapped]|[silent]\n|upkeep\n|\n|t:|1700798682\n|switch|p2a: Smack Ya|Salazzle, F, shiny|100\/100\n|turn|29\n|\n|t:|1700798687\n|switch|p1a: Pelipper|Pelipper, M|83\/100 tox\n|-damage|p1a: Pelipper|58\/100 tox|[from] Stealth Rock\n|-weather|RainDance|[from] ability: Drizzle|[of] p1a: Pelipper\n|move|p2a: Smack Ya|Overheat|p1a: Pelipper\n|-resisted|p1a: Pelipper\n|-damage|p1a: Pelipper|37\/100 tox\n|-unboost|p2a: Smack Ya|spa|2\n|\n|-weather|RainDance|[upkeep]\n|-damage|p1a: Pelipper|31\/100 tox|[from] psn\n|upkeep\n|turn|30\n|\n|t:|1700798700\n|move|p2a: Smack Ya|Taunt|p1a: Pelipper\n|-start|p1a: Pelipper|move: Taunt\n|cant|p1a: Pelipper|move: Taunt|Roost\n|\n|-weather|RainDance|[upkeep]\n|-damage|p1a: Pelipper|19\/100 tox|[from] psn\n|upkeep\n|turn|31\n|\n|t:|1700798709\n|move|p2a: Smack Ya|Overheat|p1a: Pelipper\n|-resisted|p1a: Pelipper\n|-crit|p1a: Pelipper\n|-damage|p1a: Pelipper|0 fnt\n|-unboost|p2a: Smack Ya|spa|2\n|faint|p1a: Pelipper\n|\n|-weather|RainDance|[upkeep]\n|upkeep\n|\n|t:|1700798735\n|switch|p1a: Thundurus|Thundurus-Therian, M, tera:Ice|100\/100\n|turn|32\n|\n|t:|1700798746\n|switch|p2a: Whistle|Ting-Lu, tera:Ghost|20\/100\n|-ability|p2a: Whistle|Vessel of Ruin\n|move|p1a: Thundurus|Nasty Plot|p1a: Thundurus\n|-boost|p1a: Thundurus|spa|2\n|\n|-weather|RainDance|[upkeep]\n|upkeep\n|turn|33\n|\n|t:|1700798755\n|move|p1a: Thundurus|Tera Blast|p2a: Whistle|[anim] Tera Blast Ice\n|-damage|p2a: Whistle|0 fnt\n|faint|p2a: Whistle\n|\n|-weather|RainDance|[upkeep]\n|upkeep\n|\n|t:|1700798762\n|switch|p2a: Smack Ya|Salazzle, F, shiny|100\/100\n|turn|34\n|\n|t:|1700798771\n|move|p2a: Smack Ya|Fake Out|p1a: Thundurus\n|-damage|p1a: Thundurus|90\/100\n|cant|p1a: Thundurus|flinch\n|\n|-weather|RainDance|[upkeep]\n|upkeep\n|turn|35\n|\n|t:|1700798778\n|move|p2a: Smack Ya|Overheat|p1a: Thundurus\n|-supereffective|p1a: Thundurus\n|-damage|p1a: Thundurus|22\/100\n|-unboost|p2a: Smack Ya|spa|2\n|move|p1a: Thundurus|Thunder|p2a: Smack Ya\n|-damage|p2a: Smack Ya|0 fnt\n|faint|p2a: Smack Ya\n|\n|-weather|RainDance|[upkeep]\n|upkeep\n|\n|t:|1700798788\n|switch|p2a: Mole|Grafaiai, M, shiny|100\/100\n|-damage|p2a: Mole|76\/100|[from] Spikes\n|turn|36\n|\n|t:|1700798793\n|move|p2a: Mole|Copycat|p2a: Mole\n|move|p2a: Mole|Thunder|p1a: Thundurus|[from]move: Copycat\n|-heal|p1a: Thundurus|46\/100|[from] ability: Volt Absorb|[of] p2a: Mole\n|move|p1a: Thundurus|Thunder|p2a: Mole\n|-damage|p2a: Mole|0 fnt\n|faint|p2a: Mole\n|\n|-weather|none\n|upkeep\n|\n|t:|1700798805\n|switch|p2a: Big|Clodsire, M|100\/100\n|turn|37\n|\n|t:|1700798808\n|move|p1a: Thundurus|Tera Blast|p2a: Big|[anim] Tera Blast Ice\n|-supereffective|p2a: Big\n|-damage|p2a: Big|0 fnt\n|faint|p2a: Big\n|\n|upkeep\n|-message|Upbeatostrich forfeited.\n|\n|win|DatKrazyBlamer\n|raw|DatKrazyBlamer's rating: 1276 &rarr; <strong>1293<\/strong><br \/>(+17 for winning)\n|raw|Upbeatostrich's rating: 1167 &rarr; <strong>1150<\/strong><br \/>(-17 for losing)\n|l|\u2606Upbeatostrich\n|l|\u2606DatKrazyBlamer\n|j|\u2606DatKrazyBlamer\n|player|p1|DatKrazyBlamer|pokemaniac\n","uploadtime":1700799117,"views":16,"p1id":"datkrazyblamer","p2id":"upbeatostrich","formatid":"gen9ou","rating":1150,"private":0,"password":""}