{"id":"gen9ou-1993376089","p1":"tuesparliasfr","p2":"Yinlang","format":"[Gen 9] OU","log":"|j|\u2606tuesparliasfr\n|j|\u2606Yinlang\n|t:|1700308591\n|gametype|singles\n|player|p1|tuesparliasfr|265|1243\n|player|p2|Yinlang|cynthia-gen4|1182\n|teamsize|p1|6\n|teamsize|p2|6\n|gen|9\n|tier|[Gen 9] OU\n|rated|\n|rule|Sleep Clause Mod: Limit one foe put to sleep\n|rule|Species Clause: Limit one of each Pok\u00e9mon\n|rule|OHKO Clause: OHKO moves are banned\n|rule|Evasion Items Clause: Evasion items are banned\n|rule|Evasion Moves Clause: Evasion moves are banned\n|rule|Endless Battle Clause: Forcing endless battles is banned\n|rule|HP Percentage Mod: HP is shown in percentages\n|clearpoke\n|poke|p1|Scizor, M|\n|poke|p1|Zapdos|\n|poke|p1|Samurott-Hisui, F|\n|poke|p1|Kommo-o, M|\n|poke|p1|Sneasler, F|\n|poke|p1|Fezandipiti, M|\n|poke|p2|Dondozo, M|\n|poke|p2|Hydreigon, F|\n|poke|p2|Gallade, M|\n|poke|p2|Gholdengo|\n|poke|p2|Kingambit, M|\n|poke|p2|Blissey, F|\n|teampreview\n|\n|t:|1700308612\n|start\n|switch|p1a: Fezandipiti|Fezandipiti, M|100\/100\n|switch|p2a: Gallade|Gallade, M, shiny|100\/100\n|turn|1\n|inactive|Battle timer is ON: inactive players will automatically lose when time's up. (requested by tuesparliasfr)\n|\n|t:|1700308646\n|-terastallize|p2a: Gallade|Psychic\n|move|p2a: Gallade|Psycho Cut|p1a: Fezandipiti\n|-supereffective|p1a: Fezandipiti\n|-damage|p1a: Fezandipiti|0 fnt\n|faint|p1a: Fezandipiti\n|\n|upkeep\n|\n|t:|1700308652\n|switch|p1a: Samurott|Samurott-Hisui, F|100\/100\n|turn|2\n|\n|t:|1700308664\n|switch|p2a: Hydreigon|Hydreigon, F|100\/100\n|move|p1a: Samurott|Ceaseless Edge|p2a: Hydreigon\n|-resisted|p2a: Hydreigon\n|-damage|p2a: Hydreigon|77\/100\n|-sidestart|p2: Yinlang|Spikes\n|\n|upkeep\n|turn|3\n|\n|t:|1700308669\n|move|p1a: Samurott|Ceaseless Edge|p2a: Hydreigon\n|-resisted|p2a: Hydreigon\n|-damage|p2a: Hydreigon|53\/100\n|-sidestart|p2: Yinlang|Spikes\n|move|p2a: Hydreigon|Draco Meteor|p1a: Samurott\n|-damage|p1a: Samurott|0 fnt\n|-unboost|p2a: Hydreigon|spa|2\n|faint|p1a: Samurott\n|\n|upkeep\n|\n|t:|1700308677\n|switch|p1a: Kommo-o|Kommo-o, M|100\/100\n|turn|4\n|\n|t:|1700308693\n|switch|p2a: Dondozo|Dondozo, M, shiny|100\/100\n|-damage|p2a: Dondozo|84\/100|[from] Spikes\n|-terastallize|p1a: Kommo-o|Steel\n|move|p1a: Kommo-o|Clangorous Soul|p1a: Kommo-o\n|-boost|p1a: Kommo-o|atk|1\n|-boost|p1a: Kommo-o|def|1\n|-boost|p1a: Kommo-o|spa|1\n|-boost|p1a: Kommo-o|spd|1\n|-boost|p1a: Kommo-o|spe|1\n|-damage|p1a: Kommo-o|68\/100\n|-enditem|p1a: Kommo-o|Throat Spray\n|-boost|p1a: Kommo-o|spa|1|[from] item: Throat Spray\n|\n|-heal|p2a: Dondozo|90\/100|[from] item: Leftovers\n|upkeep\n|turn|5\n|\n|t:|1700308707\n|move|p1a: Kommo-o|Clanging Scales|p2a: Dondozo\n|-damage|p2a: Dondozo|43\/100\n|-unboost|p1a: Kommo-o|def|1\n|move|p2a: Dondozo|Body Press|p1a: Kommo-o\n|-supereffective|p1a: Kommo-o\n|-damage|p1a: Kommo-o|12\/100\n|\n|-heal|p2a: Dondozo|50\/100|[from] item: Leftovers\n|upkeep\n|turn|6\n|\n|t:|1700308722\n|move|p1a: Kommo-o|Clanging Scales|p2a: Dondozo\n|-damage|p2a: Dondozo|7\/100\n|-unboost|p1a: Kommo-o|def|1\n|move|p2a: Dondozo|Body Press|p1a: Kommo-o\n|-supereffective|p1a: Kommo-o\n|-damage|p1a: Kommo-o|0 fnt\n|faint|p1a: Kommo-o\n|\n|-heal|p2a: Dondozo|13\/100|[from] item: Leftovers\n|upkeep\n|\n|t:|1700308725\n|switch|p1a: Zapdos|Zapdos|100\/100\n|turn|7\n|\n|t:|1700308734\n|switch|p2a: Blissey|Blissey, F|100\/100\n|-damage|p2a: Blissey|84\/100|[from] Spikes\n|move|p1a: Zapdos|Volt Switch|p2a: Blissey\n|-damage|p2a: Blissey|73\/100\n|\n|t:|1700308740\n|switch|p1a: Sneasler|Sneasler, F|100\/100|[from] Volt Switch\n|\n|-heal|p2a: Blissey|79\/100|[from] item: Leftovers\n|upkeep\n|turn|8\n|\n|t:|1700308745\n|switch|p2a: Dondozo|Dondozo, M, shiny|13\/100\n|-damage|p2a: Dondozo|0 fnt|[from] Spikes\n|faint|p2a: Dondozo\n|move|p1a: Sneasler|Fake Out|p2: Dondozo|[notarget]\n|-fail|p1a: Sneasler\n|\n|upkeep\n|\n|t:|1700308748\n|switch|p2a: Gallade|Gallade, M, shiny, tera:Psychic|100\/100\n|-damage|p2a: Gallade|84\/100|[from] Spikes\n|turn|9\n|\n|t:|1700308753\n|switch|p1a: Scizor|Scizor, M|100\/100\n|move|p2a: Gallade|Psycho Cut|p1a: Scizor\n|-resisted|p1a: Scizor\n|-damage|p1a: Scizor|65\/100\n|\n|upkeep\n|turn|10\n|\n|t:|1700308767\n|switch|p2a: Kingambit|Kingambit, M|100\/100\n|-damage|p2a: Kingambit|84\/100|[from] Spikes\n|-activate|p2a: Kingambit|ability: Supreme Overlord\n|-start|p2a: Kingambit|fallen1|[silent]\n|move|p1a: Scizor|U-turn|p2a: Kingambit\n|-damage|p2a: Kingambit|34\/100\n|-enditem|p2a: Kingambit|Sitrus Berry|[eat]\n|-heal|p2a: Kingambit|59\/100|[from] item: Sitrus Berry\n|\n|t:|1700308776\n|switch|p1a: Sneasler|Sneasler, F|100\/100|[from] U-turn\n|\n|upkeep\n|turn|11\n|inactive|Yinlang has 120 seconds left.\n|\n|t:|1700308820\n|-end|p2a: Kingambit|fallen1|[silent]\n|switch|p2a: Gholdengo|Gholdengo|100\/100\n|-damage|p2a: Gholdengo|84\/100|[from] Spikes\n|move|p1a: Sneasler|Fake Out|p2a: Gholdengo\n|-immune|p2a: Gholdengo\n|\n|upkeep\n|turn|12\n|\n|t:|1700308830\n|move|p1a: Sneasler|Night Slash|p2a: Gholdengo\n|-supereffective|p2a: Gholdengo\n|-crit|p2a: Gholdengo\n|-damage|p2a: Gholdengo|0 fnt\n|faint|p2a: Gholdengo\n|\n|upkeep\n|\n|t:|1700308837\n|switch|p2a: Gallade|Gallade, M, shiny, tera:Psychic|84\/100\n|-damage|p2a: Gallade|67\/100|[from] Spikes\n|turn|13\n|\n|t:|1700308847\n|switch|p1a: Zapdos|Zapdos|100\/100\n|move|p2a: Gallade|Sacred Sword|p1a: Zapdos\n|-resisted|p1a: Zapdos\n|-damage|p1a: Zapdos|59\/100\n|-damage|p2a: Gallade|51\/100|[from] item: Rocky Helmet|[of] p1a: Zapdos\n|-status|p2a: Gallade|par|[from] ability: Static|[of] p1a: Zapdos\n|\n|upkeep\n|turn|14\n|\n|t:|1700308857\n|switch|p2a: Blissey|Blissey, F|79\/100\n|-damage|p2a: Blissey|63\/100|[from] Spikes\n|move|p1a: Zapdos|Roost|p1a: Zapdos\n|-heal|p1a: Zapdos|100\/100\n|-singleturn|p1a: Zapdos|move: Roost\n|\n|-heal|p2a: Blissey|69\/100|[from] item: Leftovers\n|upkeep\n|turn|15\n|\n|t:|1700308868\n|move|p1a: Zapdos|Volt Switch|p2a: Blissey\n|-damage|p2a: Blissey|59\/100\n|\n|t:|1700308871\n|switch|p1a: Scizor|Scizor, M|65\/100|[from] Volt Switch\n|move|p2a: Blissey|Thunder Wave|p1a: Scizor\n|-status|p1a: Scizor|par\n|\n|-heal|p2a: Blissey|65\/100|[from] item: Leftovers\n|upkeep\n|turn|16\n|\n|t:|1700308891\n|switch|p2a: Kingambit|Kingambit, M|59\/100\n|-damage|p2a: Kingambit|42\/100|[from] Spikes\n|-activate|p2a: Kingambit|ability: Supreme Overlord\n|-start|p2a: Kingambit|fallen2|[silent]\n|move|p1a: Scizor|Knock Off|p2a: Kingambit\n|-resisted|p2a: Kingambit\n|-damage|p2a: Kingambit|28\/100\n|\n|upkeep\n|turn|17\n|\n|t:|1700308903\n|switch|p1a: Zapdos|Zapdos|100\/100\n|move|p2a: Kingambit|Sucker Punch||[still]\n|-fail|p2a: Kingambit\n|\n|upkeep\n|turn|18\n|\n|t:|1700308908\n|-end|p2a: Kingambit|fallen2|[silent]\n|switch|p2a: Blissey|Blissey, F|65\/100\n|-damage|p2a: Blissey|48\/100|[from] Spikes\n|move|p1a: Zapdos|Volt Switch|p2a: Blissey\n|-damage|p2a: Blissey|38\/100\n|\n|t:|1700308911\n|switch|p1a: Sneasler|Sneasler, F|100\/100|[from] Volt Switch\n|\n|-heal|p2a: Blissey|44\/100|[from] item: Leftovers\n|upkeep\n|turn|19\n|c|\u2606tuesparliasfr|gg\n|\n|t:|1700308922\n|switch|p2a: Gallade|Gallade, M, shiny, tera:Psychic|51\/100 par\n|-damage|p2a: Gallade|34\/100 par|[from] Spikes\n|move|p1a: Sneasler|Fake Out|p2a: Gallade\n|-enditem|p1a: Sneasler|Normal Gem|[from] gem\n|-damage|p2a: Gallade|1\/100 par\n|\n|upkeep\n|turn|20\n|\n|t:|1700308930\n|move|p1a: Sneasler|Acrobatics|p2a: Gallade\n|-damage|p2a: Gallade|0 fnt\n|faint|p2a: Gallade\n|\n|upkeep\n|\n|t:|1700308935\n|switch|p2a: Hydreigon|Hydreigon, F|53\/100\n|turn|21\n|\n|t:|1700308938\n|move|p1a: Sneasler|Close Combat|p2a: Hydreigon\n|-supereffective|p2a: Hydreigon\n|-damage|p2a: Hydreigon|0 fnt\n|-unboost|p1a: Sneasler|def|1\n|-unboost|p1a: Sneasler|spd|1\n|faint|p2a: Hydreigon\n|\n|upkeep\n|\n|t:|1700308941\n|switch|p2a: Kingambit|Kingambit, M|28\/100\n|-damage|p2a: Kingambit|11\/100|[from] Spikes\n|-activate|p2a: Kingambit|ability: Supreme Overlord\n|-start|p2a: Kingambit|fallen4|[silent]\n|turn|22\n|\n|t:|1700308945\n|switch|p1a: Scizor|Scizor, M|65\/100 par\n|move|p2a: Kingambit|Sucker Punch||[still]\n|-fail|p2a: Kingambit\n|\n|upkeep\n|turn|23\n|\n|t:|1700308948\n|move|p1a: Scizor|Bullet Punch|p2a: Kingambit\n|-resisted|p2a: Kingambit\n|-damage|p2a: Kingambit|0 fnt\n|faint|p2a: Kingambit\n|-end|p2a: Kingambit|fallen4|[silent]\n|\n|upkeep\n|\n|t:|1700308950\n|switch|p2a: Blissey|Blissey, F|44\/100\n|-damage|p2a: Blissey|28\/100|[from] Spikes\n|turn|24\n|-message|Yinlang forfeited.\n|\n|win|tuesparliasfr\n|raw|tuesparliasfr's rating: 1243 &rarr; <strong>1264<\/strong><br \/>(+21 for winning)\n|raw|Yinlang's rating: 1182 &rarr; <strong>1161<\/strong><br \/>(-21 for losing)\n|l|\u2606Yinlang\n|c|\u2606tuesparliasfr|gg\n","uploadtime":1700308958,"views":9,"p1id":"tuesparliasfr","p2id":"yinlang","formatid":"gen9ou","rating":1161,"private":0,"password":""}