{"id":"gen9ou-1992505807","p1":"liaoya","p2":"Dylan in the MA","format":"[Gen 9] OU","log":"|j|\u2606liaoya\n|j|\u2606Dylan in the MA\n|t:|1700196436\n|gametype|singles\n|player|p1|liaoya|petrel|1605\n|player|p2|Dylan in the MA|striker|1531\n|teamsize|p1|6\n|teamsize|p2|6\n|gen|9\n|tier|[Gen 9] OU\n|rated|\n|rule|Sleep Clause Mod: Limit one foe put to sleep\n|rule|Species Clause: Limit one of each Pok\u00e9mon\n|rule|OHKO Clause: OHKO moves are banned\n|rule|Evasion Items Clause: Evasion items are banned\n|rule|Evasion Moves Clause: Evasion moves are banned\n|rule|Endless Battle Clause: Forcing endless battles is banned\n|rule|HP Percentage Mod: HP is shown in percentages\n|clearpoke\n|poke|p1|Drifblim, M|\n|poke|p1|Garganacl, F|\n|poke|p1|Umbreon, M|\n|poke|p1|Rotom-Wash|\n|poke|p1|Glimmora, F|\n|poke|p1|Espeon, M|\n|poke|p2|Mandibuzz, F|\n|poke|p2|Dragapult, F|\n|poke|p2|Clefable, F|\n|poke|p2|Garganacl, F|\n|poke|p2|Dondozo, F|\n|poke|p2|Grimmsnarl, M|\n|teampreview\n|inactive|Battle timer is ON: inactive players will automatically lose when time's up. (requested by liaoya)\n|j| Norimvo\n|\n|t:|1700196452\n|start\n|switch|p1a: Rotom|Rotom-Wash|100\/100\n|switch|p2a: Ghost|Dragapult, F|100\/100\n|turn|1\n|\n|t:|1700196465\n|move|p2a: Ghost|Shadow Ball|p1a: Rotom\n|-crit|p1a: Rotom\n|-damage|p1a: Rotom|14\/100\n|move|p1a: Rotom|Volt Switch|p2a: Ghost\n|-resisted|p2a: Ghost\n|-damage|p2a: Ghost|78\/100\n|\n|t:|1700196474\n|switch|p1a: Umbreon|Umbreon, M, shiny|100\/100|[from] Volt Switch\n|\n|upkeep\n|turn|2\n|\n|t:|1700196481\n|switch|p2a: F\u00e9e|Garganacl, F|100\/100\n|move|p1a: Umbreon|Foul Play|p2a: F\u00e9e\n|-crit|p2a: F\u00e9e\n|-damage|p2a: F\u00e9e|66\/100\n|\n|-heal|p2a: F\u00e9e|72\/100|[from] item: Leftovers\n|upkeep\n|turn|3\n|\n|t:|1700196491\n|switch|p1a: Espeon|Espeon, M|100\/100\n|move|p2a: F\u00e9e|Salt Cure|p1a: Espeon\n|-damage|p1a: Espeon|86\/100\n|-start|p1a: Espeon|Salt Cure\n|\n|-heal|p2a: F\u00e9e|78\/100|[from] item: Leftovers\n|-damage|p1a: Espeon|74\/100|[from] Salt Cure\n|upkeep\n|turn|4\n|c| Norimvo|hey umbreon shiny is actually good\n|\n|t:|1700196502\n|switch|p2a: Poison|Mandibuzz, F|100\/100\n|move|p1a: Espeon|Trick|p2a: Poison\n|-activate|p1a: Espeon|move: Trick|[of] p2a: Poison\n|-item|p2a: Poison|Choice Scarf|[from] move: Trick\n|-item|p1a: Espeon|Heavy-Duty Boots|[from] move: Trick\n|\n|-damage|p1a: Espeon|62\/100|[from] Salt Cure\n|upkeep\n|turn|5\n|\n|t:|1700196511\n|switch|p1a: Glimmora|Glimmora, F|100\/100\n|move|p2a: Poison|Knock Off|p1a: Glimmora\n|-damage|p1a: Glimmora|81\/100\n|-activate|p1a: Glimmora|ability: Toxic Debris\n|-sidestart|p2: Dylan in the MA|move: Toxic Spikes\n|-enditem|p1a: Glimmora|Focus Sash|[from] move: Knock Off|[of] p2a: Poison\n|\n|upkeep\n|turn|6\n|c| Norimvo|oh shit mandibuzz is the defogger innit\n|c| Norimvo|that sucks\n|inactive|Dylan in the MA has 120 seconds left.\n|\n|t:|1700196542\n|switch|p2a: Ghost|Dragapult, F|78\/100\n|-status|p2a: Ghost|psn\n|move|p1a: Glimmora|Mortal Spin|p2a: Ghost\n|-resisted|p2a: Ghost\n|-damage|p2a: Ghost|74\/100 psn\n|\n|-damage|p2a: Ghost|62\/100 psn|[from] psn\n|upkeep\n|turn|7\n|inactive|Dylan in the MA has 120 seconds left.\n|\n|t:|1700196555\n|switch|p1a: Umbreon|Umbreon, M, shiny|100\/100\n|move|p2a: Ghost|Draco Meteor|p1a: Umbreon\n|-damage|p1a: Umbreon|43\/100\n|-unboost|p2a: Ghost|spa|2\n|\n|-heal|p1a: Umbreon|49\/100|[from] item: Leftovers\n|-damage|p2a: Ghost|50\/100 psn|[from] psn\n|upkeep\n|turn|8\n|inactive|Dylan in the MA has 120 seconds left.\n|\n|t:|1700196567\n|switch|p2a: Poison|Mandibuzz, F|100\/100\n|move|p1a: Umbreon|Wish|p1a: Umbreon\n|\n|-heal|p1a: Umbreon|55\/100|[from] item: Leftovers\n|upkeep\n|turn|9\n|\n|t:|1700196576\n|move|p2a: Poison|Defog|p1a: Umbreon\n|-unboost|p1a: Umbreon|evasion|1\n|-sideend|p2: Dylan in the MA|Toxic Spikes|[from] move: Defog|[of] p2a: Poison\n|move|p1a: Umbreon|Yawn|p2a: Poison\n|-start|p2a: Poison|move: Yawn|[of] p1a: Umbreon\n|\n|-heal|p1a: Umbreon|100\/100|[from] move: Wish|[wisher] Umbreon\n|upkeep\n|turn|10\n|\n|t:|1700196587\n|switch|p2a: F\u00e9e|Garganacl, F|78\/100\n|switch|p1a: Rotom|Rotom-Wash|14\/100\n|\n|-heal|p2a: F\u00e9e|84\/100|[from] item: Leftovers\n|upkeep\n|turn|11\n|\n|t:|1700196596\n|-terastallize|p2a: F\u00e9e|Fairy\n|move|p1a: Rotom|Trick|p2a: F\u00e9e\n|-activate|p1a: Rotom|move: Trick|[of] p2a: F\u00e9e\n|-item|p2a: F\u00e9e|Choice Scarf|[from] move: Trick\n|-item|p1a: Rotom|Leftovers|[from] move: Trick\n|move|p2a: F\u00e9e|Salt Cure|p1a: Rotom\n|-crit|p1a: Rotom\n|-damage|p1a: Rotom|0 fnt\n|faint|p1a: Rotom\n|\n|upkeep\n|c| Norimvo|oof\n|\n|t:|1700196612\n|switch|p1a: Glimmora|Glimmora, F|81\/100\n|turn|12\n|\n|t:|1700196618\n|move|p1a: Glimmora|Stealth Rock|p2a: F\u00e9e\n|-sidestart|p2: Dylan in the MA|move: Stealth Rock\n|move|p2a: F\u00e9e|Salt Cure|p1a: Glimmora\n|-damage|p1a: Glimmora|69\/100\n|-start|p1a: Glimmora|Salt Cure\n|-activate|p1a: Glimmora|ability: Toxic Debris\n|-sidestart|p2: Dylan in the MA|move: Toxic Spikes\n|\n|-damage|p1a: Glimmora|57\/100|[from] Salt Cure\n|upkeep\n|turn|13\n|\n|t:|1700196636\n|switch|p2a: Poison|Mandibuzz, F|100\/100\n|-damage|p2a: Poison|75\/100|[from] Stealth Rock\n|move|p1a: Glimmora|Mortal Spin|p2a: Poison\n|-damage|p2a: Poison|71\/100\n|-status|p2a: Poison|psn\n|\n|-damage|p2a: Poison|58\/100 psn|[from] psn\n|-damage|p1a: Glimmora|44\/100|[from] Salt Cure\n|upkeep\n|turn|14\n|\n|t:|1700196650\n|switch|p1a: Garganacl|Garganacl, F, shiny|100\/100\n|move|p2a: Poison|Defog|p1a: Garganacl\n|-unboost|p1a: Garganacl|evasion|1\n|-sideend|p2: Dylan in the MA|Toxic Spikes|[from] move: Defog|[of] p2a: Poison\n|-sideend|p2: Dylan in the MA|Stealth Rock|[from] move: Defog|[of] p2a: Poison\n|\n|-damage|p2a: Poison|46\/100 psn|[from] psn\n|upkeep\n|turn|15\n|c| Norimvo|status afflictions everywhere\n|\n|t:|1700196659\n|switch|p2a: Steel|Dondozo, F|100\/100\n|move|p1a: Garganacl|Salt Cure|p2a: Steel\n|-damage|p2a: Steel|91\/100\n|\n|upkeep\n|turn|16\n|\n|t:|1700196669\n|switch|p1a: Drifblim|Drifblim, M|100\/100\n|move|p2a: Steel|Curse|p2a: Steel\n|-unboost|p2a: Steel|spe|1\n|-boost|p2a: Steel|atk|1\n|-boost|p2a: Steel|def|1\n|\n|upkeep\n|turn|17\n|\n|t:|1700196678\n|switch|p2a: Poison|Mandibuzz, F|46\/100 psn\n|move|p1a: Drifblim|Trick|p2a: Poison\n|-activate|p1a: Drifblim|move: Trick|[of] p2a: Poison\n|-item|p2a: Poison|Choice Scarf|[from] move: Trick\n|-item|p1a: Drifblim|Choice Scarf|[from] move: Trick\n|\n|-damage|p2a: Poison|33\/100 psn|[from] psn\n|upkeep\n|turn|18\n|c| Norimvo|bro lives for the trick\n|\n|t:|1700196689\n|switch|p1a: Garganacl|Garganacl, F, shiny|100\/100\n|move|p2a: Poison|U-turn|p1a: Garganacl\n|-damage|p1a: Garganacl|93\/100\n|\n|t:|1700196695\n|switch|p2a: Steel|Dondozo, F|91\/100|[from] U-turn\n|\n|-heal|p1a: Garganacl|99\/100|[from] item: Leftovers\n|upkeep\n|turn|19\n|\n|t:|1700196714\n|switch|p1a: Drifblim|Drifblim, M|100\/100\n|move|p2a: Steel|Avalanche|p1a: Drifblim\n|-supereffective|p1a: Drifblim\n|-damage|p1a: Drifblim|58\/100\n|\n|upkeep\n|turn|20\n|\n|t:|1700196726\n|switch|p1a: Garganacl|Garganacl, F, shiny|99\/100\n|switch|p2a: Poison|Mandibuzz, F|33\/100 psn\n|\n|-heal|p1a: Garganacl|100\/100|[from] item: Leftovers\n|-damage|p2a: Poison|21\/100 psn|[from] psn\n|upkeep\n|turn|21\n|\n|t:|1700196738\n|move|p2a: Poison|Roost|p2a: Poison\n|-heal|p2a: Poison|71\/100 psn\n|-singleturn|p2a: Poison|move: Roost\n|move|p1a: Garganacl|Salt Cure|p2a: Poison\n|-damage|p2a: Poison|60\/100 psn\n|-start|p2a: Poison|Salt Cure\n|\n|-damage|p2a: Poison|48\/100 psn|[from] psn\n|-damage|p2a: Poison|35\/100 psn|[from] Salt Cure\n|upkeep\n|turn|22\n|\n|t:|1700196750\n|switch|p2a: Steel|Dondozo, F|91\/100\n|switch|p1a: Drifblim|Drifblim, M|58\/100\n|\n|upkeep\n|turn|23\n|\n|t:|1700196763\n|switch|p2a: Poison|Mandibuzz, F|35\/100 psn\n|move|p1a: Drifblim|Trick|p2a: Poison\n|-activate|p1a: Drifblim|move: Trick|[of] p2a: Poison\n|-item|p2a: Poison|Choice Scarf|[from] move: Trick\n|-item|p1a: Drifblim|Choice Scarf|[from] move: Trick\n|\n|-damage|p2a: Poison|23\/100 psn|[from] psn\n|upkeep\n|turn|24\n|c| Norimvo|seriously\n|c| Norimvo|why\n|\n|t:|1700196784\n|switch|p1a: Glimmora|Glimmora, F|44\/100\n|move|p2a: Poison|Knock Off|p1a: Glimmora\n|-damage|p1a: Glimmora|31\/100\n|-activate|p1a: Glimmora|ability: Toxic Debris\n|-sidestart|p2: Dylan in the MA|move: Toxic Spikes\n|\n|-damage|p2a: Poison|10\/100 psn|[from] psn\n|upkeep\n|turn|25\n|\n|t:|1700196800\n|switch|p2a: Ghost|Dragapult, F|50\/100 psn\n|switch|p1a: Umbreon|Umbreon, M, shiny|100\/100\n|\n|-damage|p2a: Ghost|37\/100 psn|[from] psn\n|upkeep\n|turn|26\n|\n|t:|1700196809\n|move|p2a: Ghost|U-turn|p1a: Umbreon\n|-supereffective|p1a: Umbreon\n|-damage|p1a: Umbreon|79\/100\n|inactive|Dylan in the MA has 120 seconds left.\n|c|\u2606liaoya|I am loyal to Yuri\n|inactive|Dylan in the MA has 90 seconds left.\n|c|\u2606liaoya|For Yuri's army\n|c|\u2606liaoya|There's only one true Yuri\n|c| Norimvo|more like\n|c| Norimvo|for infinite tricks\n|c|\u2606liaoya|My life for Yuri!\n|c|\u2606liaoya|Give me strength, Yuri!\n|inactive|Dylan in the MA has 60 seconds left.\n|c|\u2606liaoya|low power\n|c| Norimvo|why need strength when you got trick\n|c|\u2606liaoya|power subbotaged\n|c| Norimvo|amiright\n|c|\u2606liaoya|building\n|inactive|Dylan in the MA has 30 seconds left.\n|inactive|Dylan in the MA has 20 seconds left.\n|c|\u2606liaoya|Kirov reporting!\n|inactive|Dylan in the MA has 15 seconds left.\n|inactive|Dylan in the MA has 10 seconds left.\n|c|\u2606liaoya|For mother Russia!\n|inactive|Dylan in the MA has 5 seconds left.\n|-message|Dylan in the MA lost due to inactivity.\n|\n|win|liaoya\n|raw|liaoya's rating: 1605 &rarr; <strong>1621<\/strong><br \/>(+16 for winning)\n|raw|Dylan in the MA's rating: 1531 &rarr; <strong>1515<\/strong><br \/>(-16 for losing)\n","uploadtime":1700196948,"views":9,"p1id":"liaoya","p2id":"dylaninthema","formatid":"gen9ou","rating":1515,"private":0,"password":""}