{"id":"gen9ou-1994470760","p1":"AnonymousJon","p2":"OUFC Test1","format":"[Gen 9] OU","log":"|j|\u2606AnonymousJon\n|j|\u203dOUFC Test1\n|t:|1700447696\n|gametype|singles\n|player|p1|AnonymousJon|workerice|1753\n|player|p2|OUFC Test1|iono|1694\n|teamsize|p1|6\n|teamsize|p2|6\n|gen|9\n|tier|[Gen 9] OU\n|rated|\n|rule|Sleep Clause Mod: Limit one foe put to sleep\n|rule|Species Clause: Limit one of each Pok\u00e9mon\n|rule|OHKO Clause: OHKO moves are banned\n|rule|Evasion Items Clause: Evasion items are banned\n|rule|Evasion Moves Clause: Evasion moves are banned\n|rule|Endless Battle Clause: Forcing endless battles is banned\n|rule|HP Percentage Mod: HP is shown in percentages\n|clearpoke\n|poke|p1|Great Tusk|\n|poke|p1|Ogerpon-Cornerstone, F|\n|poke|p1|Rillaboom, M|\n|poke|p1|Tyranitar, F|\n|poke|p1|Corviknight, F|\n|poke|p1|Dragapult, F|\n|poke|p2|Meowscarada, F|\n|poke|p2|Ogerpon, F|\n|poke|p2|Moltres|\n|poke|p2|Garganacl, M|\n|poke|p2|Samurott-Hisui, F|\n|poke|p2|Gholdengo|\n|teampreview\n|inactive|Battle timer is ON: inactive players will automatically lose when time's up. (requested by AnonymousJon)\n|\n|t:|1700447709\n|start\n|switch|p1a: Corviknight|Corviknight, F|100\/100\n|switch|p2a: Meowscarada|Meowscarada, F|100\/100\n|-ability|p1a: Corviknight|Pressure\n|turn|1\n|\n|t:|1700447714\n|switch|p2a: Moltres|Moltres|100\/100\n|move|p1a: Corviknight|U-turn|p2a: Moltres\n|-resisted|p2a: Moltres\n|-damage|p2a: Moltres|98\/100\n|\n|t:|1700447716\n|switch|p1a: Ogerpon|Ogerpon-Cornerstone, F|100\/100|[from] U-turn\n|\n|upkeep\n|turn|2\n|\n|t:|1700447721\n|switch|p2a: Gholdengo|Gholdengo|100\/100\n|move|p1a: Ogerpon|Swords Dance|p1a: Ogerpon\n|-boost|p1a: Ogerpon|atk|2\n|\n|upkeep\n|turn|3\n|\n|t:|1700447724\n|move|p1a: Ogerpon|Ivy Cudgel|p2a: Gholdengo|[anim] Ivy Cudgel Rock\n|-resisted|p2a: Gholdengo\n|-damage|p2a: Gholdengo|61\/100\n|move|p2a: Gholdengo|Shadow Ball|p1a: Ogerpon\n|-damage|p1a: Ogerpon|58\/100\n|\n|upkeep\n|turn|4\n|\n|t:|1700447738\n|switch|p1a: Great Tusk|Great Tusk|100\/100\n|move|p2a: Gholdengo|Recover|p2a: Gholdengo\n|-heal|p2a: Gholdengo|100\/100\n|\n|upkeep\n|turn|5\n|\n|t:|1700447742\n|switch|p2a: Moltres|Moltres|98\/100\n|move|p1a: Great Tusk|Knock Off|p2a: Moltres\n|-damage|p2a: Moltres|74\/100\n|-enditem|p2a: Moltres|Heavy-Duty Boots|[from] move: Knock Off|[of] p1a: Great Tusk\n|\n|upkeep\n|turn|6\n|\n|t:|1700447746\n|-end|p1a: Great Tusk|Protosynthesis|[silent]\n|switch|p1a: Tyranitar|Tyranitar, F|100\/100\n|-weather|Sandstorm|[from] ability: Sand Stream|[of] p1a: Tyranitar\n|move|p2a: Moltres|Will-O-Wisp|p1a: Tyranitar\n|-status|p1a: Tyranitar|brn\n|\n|-weather|Sandstorm|[upkeep]\n|-damage|p2a: Moltres|68\/100|[from] Sandstorm\n|-damage|p1a: Tyranitar|94\/100 brn|[from] brn\n|upkeep\n|turn|7\n|\n|t:|1700447748\n|move|p2a: Moltres|U-turn|p1a: Tyranitar\n|-supereffective|p1a: Tyranitar\n|-damage|p1a: Tyranitar|71\/100 brn\n|\n|t:|1700447751\n|switch|p2a: Meowscarada|Meowscarada, F|100\/100|[from] U-turn\n|move|p1a: Tyranitar|Stealth Rock|p2a: Meowscarada\n|-sidestart|p2: OUFC Test1|move: Stealth Rock\n|\n|-weather|Sandstorm|[upkeep]\n|-damage|p2a: Meowscarada|94\/100|[from] Sandstorm\n|-damage|p1a: Tyranitar|65\/100 brn|[from] brn\n|upkeep\n|turn|8\n|\n|t:|1700447756\n|switch|p1a: Corviknight|Corviknight, F|100\/100\n|-ability|p1a: Corviknight|Pressure\n|move|p2a: Meowscarada|Knock Off|p1a: Corviknight\n|-damage|p1a: Corviknight|69\/100\n|-damage|p2a: Meowscarada|78\/100|[from] item: Rocky Helmet|[of] p1a: Corviknight\n|-enditem|p1a: Corviknight|Rocky Helmet|[from] move: Knock Off|[of] p2a: Meowscarada\n|\n|-weather|Sandstorm|[upkeep]\n|-damage|p2a: Meowscarada|72\/100|[from] Sandstorm\n|upkeep\n|turn|9\n|\n|t:|1700447760\n|move|p2a: Meowscarada|U-turn|p1a: Corviknight\n|-resisted|p1a: Corviknight\n|-damage|p1a: Corviknight|66\/100\n|\n|t:|1700447764\n|switch|p2a: Gholdengo|Gholdengo|100\/100|[from] U-turn\n|-damage|p2a: Gholdengo|94\/100|[from] Stealth Rock\n|move|p1a: Corviknight|U-turn|p2a: Gholdengo\n|-resisted|p2a: Gholdengo\n|-damage|p2a: Gholdengo|92\/100\n|\n|t:|1700447768\n|switch|p1a: Dragapult|Dragapult, F|100\/100|[from] U-turn\n|\n|-weather|Sandstorm|[upkeep]\n|-damage|p1a: Dragapult|94\/100|[from] Sandstorm\n|-heal|p1a: Dragapult|100\/100|[from] item: Leftovers\n|upkeep\n|turn|10\n|inactive|OUFC Test1 has 120 seconds left.\n|\n|t:|1700447802\n|move|p1a: Dragapult|Hex|p2a: Gholdengo\n|-supereffective|p2a: Gholdengo\n|-damage|p2a: Gholdengo|33\/100\n|move|p2a: Gholdengo|Shadow Ball|p1a: Dragapult\n|-supereffective|p1a: Dragapult\n|-damage|p1a: Dragapult|12\/100\n|\n|-weather|Sandstorm|[upkeep]\n|-damage|p1a: Dragapult|6\/100|[from] Sandstorm\n|-heal|p1a: Dragapult|12\/100|[from] item: Leftovers\n|upkeep\n|turn|11\n|inactive|OUFC Test1 has 120 seconds left.\n|\n|t:|1700447818\n|-terastallize|p2a: Gholdengo|Fairy\n|move|p1a: Dragapult|Hex|p2a: Gholdengo\n|-crit|p2a: Gholdengo\n|-damage|p2a: Gholdengo|0 fnt\n|faint|p2a: Gholdengo\n|\n|-weather|Sandstorm|[upkeep]\n|-damage|p1a: Dragapult|6\/100|[from] Sandstorm\n|-heal|p1a: Dragapult|12\/100|[from] item: Leftovers\n|upkeep\n|-message|OUFC Test1 forfeited.\n|\n|win|AnonymousJon\n|raw|AnonymousJon's rating: 1753 &rarr; <strong>1770<\/strong><br \/>(+17 for winning)\n|raw|OUFC Test1's rating: 1694 &rarr; <strong>1677<\/strong><br \/>(-17 for losing)\n|l|\u203dOUFC Test1\n|j|\u203dOUFC Test1\n|player|p2|OUFC Test1|iono\n|l|\u2606AnonymousJon\n","uploadtime":1700447830,"views":10,"p1id":"anonymousjon","p2id":"oufctest1","formatid":"gen9ou","rating":1677,"private":0,"password":""}