{"id":"gen9ou-1995692435","p1":"PokeLover N\"","p2":"biel0411","format":"[Gen 9] OU","log":"|j|\u2606PokeLover N\"\n|j|\u2606biel0411\n|t:|1700594436\n|gametype|singles\n|player|p1|PokeLover N\"|n|1005\n|player|p2|biel0411|101|1057\n|teamsize|p1|6\n|teamsize|p2|6\n|gen|9\n|tier|[Gen 9] OU\n|rated|\n|rule|Sleep Clause Mod: Limit one foe put to sleep\n|rule|Species Clause: Limit one of each Pok\u00e9mon\n|rule|OHKO Clause: OHKO moves are banned\n|rule|Evasion Items Clause: Evasion items are banned\n|rule|Evasion Moves Clause: Evasion moves are banned\n|rule|Endless Battle Clause: Forcing endless battles is banned\n|rule|HP Percentage Mod: HP is shown in percentages\n|clearpoke\n|poke|p1|Yanmega, M|\n|poke|p1|Forretress, F|\n|poke|p1|Scizor, M|\n|poke|p1|Volbeat, M|\n|poke|p1|Masquerain, M|\n|poke|p1|Heracross, F|\n|poke|p2|Gholdengo|\n|poke|p2|Garchomp, M|\n|poke|p2|Hoopa-Unbound|\n|poke|p2|Zapdos|\n|poke|p2|Toxapex, M|\n|poke|p2|Dragapult, M|\n|teampreview\n|inactive|Battle timer is ON: inactive players will automatically lose when time's up. (requested by PokeLover N\")\n|\n|t:|1700594459\n|start\n|switch|p1a: Masquerain|Masquerain, M|100\/100\n|switch|p2a: tutubar\u00e3o|Garchomp, M, shiny|100\/100\n|-ability|p1a: Masquerain|Intimidate|boost\n|-unboost|p2a: tutubar\u00e3o|atk|1\n|turn|1\n|\n|t:|1700594466\n|move|p2a: tutubar\u00e3o|Stealth Rock|p1a: Masquerain\n|-sidestart|p1: PokeLover N\"|move: Stealth Rock\n|move|p1a: Masquerain|Quiver Dance|p1a: Masquerain\n|-boost|p1a: Masquerain|spa|1\n|-boost|p1a: Masquerain|spd|1\n|-boost|p1a: Masquerain|spe|1\n|\n|upkeep\n|turn|2\n|\n|t:|1700594473\n|move|p1a: Masquerain|Ice Beam|p2a: tutubar\u00e3o\n|-supereffective|p2a: tutubar\u00e3o\n|-damage|p2a: tutubar\u00e3o|0 fnt\n|faint|p2a: tutubar\u00e3o\n|\n|upkeep\n|\n|t:|1700594477\n|switch|p2a: bix\u00e3o|Toxapex, M, shiny|100\/100\n|turn|3\n|\n|t:|1700594482\n|move|p1a: Masquerain|Hurricane|p2a: bix\u00e3o\n|-damage|p2a: bix\u00e3o|47\/100\n|move|p2a: bix\u00e3o|Haze|p2a: bix\u00e3o\n|-clearallboost\n|\n|upkeep\n|turn|4\n|\n|t:|1700594488\n|move|p1a: Masquerain|Hurricane|p2a: bix\u00e3o\n|-damage|p2a: bix\u00e3o|16\/100\n|move|p2a: bix\u00e3o|Recover|p2a: bix\u00e3o\n|-heal|p2a: bix\u00e3o|66\/100\n|\n|upkeep\n|turn|5\n|\n|t:|1700594497\n|switch|p1a: Forretress|Forretress, F|100\/100\n|-damage|p1a: Forretress|88\/100|[from] Stealth Rock\n|move|p2a: bix\u00e3o|Recover|p2a: bix\u00e3o\n|-heal|p2a: bix\u00e3o|100\/100\n|\n|upkeep\n|turn|6\n|\n|t:|1700594506\n|move|p2a: bix\u00e3o|Toxic Spikes|p1a: Forretress\n|-sidestart|p1: PokeLover N\"|move: Toxic Spikes\n|move|p1a: Forretress|Rapid Spin|p2a: bix\u00e3o\n|-damage|p2a: bix\u00e3o|90\/100\n|-boost|p1a: Forretress|spe|1\n|-damage|p1a: Forretress|72\/100|[from] item: Rocky Helmet|[of] p2a: bix\u00e3o\n|-sideend|p1: PokeLover N\"|Toxic Spikes|[from] move: Rapid Spin|[of] p1a: Forretress\n|-sideend|p1: PokeLover N\"|Stealth Rock|[from] move: Rapid Spin|[of] p1a: Forretress\n|\n|upkeep\n|turn|7\n|\n|t:|1700594514\n|move|p1a: Forretress|Earthquake|p2a: bix\u00e3o\n|-supereffective|p2a: bix\u00e3o\n|-damage|p2a: bix\u00e3o|43\/100\n|move|p2a: bix\u00e3o|Haze|p2a: bix\u00e3o\n|-clearallboost\n|\n|upkeep\n|turn|8\n|\n|t:|1700594520\n|move|p2a: bix\u00e3o|Recover|p2a: bix\u00e3o\n|-heal|p2a: bix\u00e3o|93\/100\n|move|p1a: Forretress|Earthquake|p2a: bix\u00e3o\n|-supereffective|p2a: bix\u00e3o\n|-damage|p2a: bix\u00e3o|42\/100\n|\n|upkeep\n|turn|9\n|\n|t:|1700594526\n|move|p2a: bix\u00e3o|Recover|p2a: bix\u00e3o\n|-heal|p2a: bix\u00e3o|92\/100\n|move|p1a: Forretress|Earthquake|p2a: bix\u00e3o\n|-supereffective|p2a: bix\u00e3o\n|-damage|p2a: bix\u00e3o|42\/100\n|\n|upkeep\n|turn|10\n|\n|t:|1700594531\n|move|p2a: bix\u00e3o|Recover|p2a: bix\u00e3o\n|-heal|p2a: bix\u00e3o|92\/100\n|move|p1a: Forretress|Earthquake|p2a: bix\u00e3o\n|-supereffective|p2a: bix\u00e3o\n|-damage|p2a: bix\u00e3o|44\/100\n|\n|upkeep\n|turn|11\n|\n|t:|1700594539\n|switch|p2a: Zapdos|Zapdos|100\/100\n|move|p1a: Forretress|Earthquake|p2a: Zapdos\n|-immune|p2a: Zapdos\n|\n|upkeep\n|turn|12\n|\n|t:|1700594559\n|-terastallize|p1a: Forretress|Electric\n|move|p2a: Zapdos|Protect|p2a: Zapdos\n|-singleturn|p2a: Zapdos|Protect\n|move|p1a: Forretress|Gyro Ball|p2a: Zapdos\n|-activate|p2a: Zapdos|move: Protect\n|\n|upkeep\n|turn|13\n|\n|t:|1700594576\n|move|p2a: Zapdos|Hurricane|p1a: Forretress\n|-resisted|p1a: Forretress\n|-damage|p1a: Forretress|43\/100\n|move|p1a: Forretress|Gyro Ball|p2a: Zapdos\n|-resisted|p2a: Zapdos\n|-damage|p2a: Zapdos|84\/100\n|\n|upkeep\n|turn|14\n|\n|t:|1700594583\n|move|p2a: Zapdos|Hurricane|p1a: Forretress|[miss]\n|-miss|p2a: Zapdos|p1a: Forretress\n|move|p1a: Forretress|Earthquake|p2a: Zapdos\n|-immune|p2a: Zapdos\n|\n|upkeep\n|turn|15\n|\n|t:|1700594590\n|move|p2a: Zapdos|Hurricane|p1a: Forretress|[miss]\n|-miss|p2a: Zapdos|p1a: Forretress\n|move|p1a: Forretress|Gyro Ball|p2a: Zapdos\n|-resisted|p2a: Zapdos\n|-damage|p2a: Zapdos|69\/100\n|\n|upkeep\n|turn|16\n|c|\u2606PokeLover N\"|:)\n|\n|t:|1700594597\n|move|p2a: Zapdos|Hurricane|p1a: Forretress\n|-resisted|p1a: Forretress\n|-damage|p1a: Forretress|15\/100\n|-start|p1a: Forretress|confusion\n|-activate|p1a: Forretress|confusion\n|move|p1a: Forretress|Gyro Ball|p2a: Zapdos\n|-resisted|p2a: Zapdos\n|-damage|p2a: Zapdos|53\/100\n|\n|upkeep\n|turn|17\n|\n|t:|1700594605\n|move|p2a: Zapdos|Roost|p2a: Zapdos\n|-heal|p2a: Zapdos|100\/100\n|-singleturn|p2a: Zapdos|move: Roost\n|-end|p1a: Forretress|confusion\n|move|p1a: Forretress|Earthquake|p2a: Zapdos\n|-supereffective|p2a: Zapdos\n|-damage|p2a: Zapdos|56\/100\n|\n|upkeep\n|turn|18\n|\n|t:|1700594615\n|move|p2a: Zapdos|Hurricane|p1a: Forretress|[miss]\n|-miss|p2a: Zapdos|p1a: Forretress\n|move|p1a: Forretress|Earthquake|p2a: Zapdos\n|-immune|p2a: Zapdos\n|\n|upkeep\n|turn|19\n|\n|t:|1700594621\n|move|p2a: Zapdos|Roost|p2a: Zapdos\n|-heal|p2a: Zapdos|100\/100\n|-singleturn|p2a: Zapdos|move: Roost\n|move|p1a: Forretress|Earthquake|p2a: Zapdos\n|-supereffective|p2a: Zapdos\n|-damage|p2a: Zapdos|50\/100\n|\n|upkeep\n|turn|20\n|\n|t:|1700594628\n|move|p2a: Zapdos|Hurricane|p1a: Forretress\n|-resisted|p1a: Forretress\n|-damage|p1a: Forretress|0 fnt\n|faint|p1a: Forretress\n|\n|upkeep\n|\n|t:|1700594646\n|switch|p1a: Masquerain|Masquerain, M|100\/100\n|-ability|p1a: Masquerain|Intimidate|boost\n|-unboost|p2a: Zapdos|atk|1\n|turn|21\n|\n|t:|1700594656\n|move|p2a: Zapdos|Protect|p2a: Zapdos\n|-singleturn|p2a: Zapdos|Protect\n|move|p1a: Masquerain|Quiver Dance|p1a: Masquerain\n|-boost|p1a: Masquerain|spa|1\n|-boost|p1a: Masquerain|spd|1\n|-boost|p1a: Masquerain|spe|1\n|\n|upkeep\n|turn|22\n|c|\u2606PokeLover N\"|:)\n|\n|t:|1700594664\n|switch|p2a: bix\u00e3o|Toxapex, M, shiny|77\/100\n|move|p1a: Masquerain|Hydro Pump|p2a: bix\u00e3o\n|-resisted|p2a: bix\u00e3o\n|-damage|p2a: bix\u00e3o|61\/100\n|\n|upkeep\n|turn|23\n|\n|t:|1700594671\n|move|p1a: Masquerain|Hurricane|p2a: bix\u00e3o|[miss]\n|-miss|p1a: Masquerain|p2a: bix\u00e3o\n|move|p2a: bix\u00e3o|Haze|p2a: bix\u00e3o\n|-clearallboost\n|\n|upkeep\n|turn|24\n|\n|t:|1700594688\n|switch|p1a: Heracross|Heracross, F|100\/100\n|move|p2a: bix\u00e3o|Toxic Spikes|p1a: Heracross\n|-sidestart|p1: PokeLover N\"|move: Toxic Spikes\n|\n|-status|p1a: Heracross|brn|[from] item: Flame Orb\n|upkeep\n|turn|25\n|\n|t:|1700594696\n|move|p1a: Heracross|Earthquake|p2a: bix\u00e3o\n|-supereffective|p2a: bix\u00e3o\n|-damage|p2a: bix\u00e3o|0 fnt\n|faint|p2a: bix\u00e3o\n|\n|-damage|p1a: Heracross|95\/100 brn|[from] brn\n|upkeep\n|\n|t:|1700594701\n|switch|p2a: Zapdos|Zapdos|50\/100\n|turn|26\n|\n|t:|1700594710\n|move|p1a: Heracross|Protect|p1a: Heracross\n|-singleturn|p1a: Heracross|Protect\n|move|p2a: Zapdos|Hurricane|p1a: Heracross\n|-activate|p1a: Heracross|move: Protect\n|\n|-damage|p1a: Heracross|89\/100 brn|[from] brn\n|upkeep\n|turn|27\n|\n|t:|1700594721\n|switch|p2a: dale-hupa-anel|Hoopa-Unbound|100\/100\n|move|p1a: Heracross|Facade|p2a: dale-hupa-anel\n|-damage|p2a: dale-hupa-anel|0 fnt\n|faint|p2a: dale-hupa-anel\n|\n|-damage|p1a: Heracross|83\/100 brn|[from] brn\n|upkeep\n|\n|t:|1700594727\n|switch|p2a: hitkill|Dragapult, M, shiny|100\/100\n|turn|28\n|\n|t:|1700594734\n|-terastallize|p2a: hitkill|Ghost\n|move|p2a: hitkill|Dragon Darts|p1a: Heracross\n|-damage|p1a: Heracross|43\/100 brn\n|-anim|p2a: hitkill|Dragon Darts|p1a: Heracross\n|-damage|p1a: Heracross|4\/100 brn\n|move|p1a: Heracross|Knock Off|p2a: hitkill\n|-supereffective|p2a: hitkill\n|-damage|p2a: hitkill|0 fnt\n|-enditem|p2a: hitkill|Choice Band|[from] move: Knock Off|[of] p1a: Heracross\n|faint|p2a: hitkill\n|\n|-damage|p1a: Heracross|0 fnt|[from] brn\n|faint|p1a: Heracross\n|upkeep\n|c|\u2606PokeLover N\"|bug type gym w\n|\n|t:|1700594755\n|switch|p2a: boneco de posto|Gholdengo, shiny|100\/100\n|switch|p1a: Scizor|Scizor, M|100\/100\n|turn|29\n|\n|t:|1700594762\n|move|p2a: boneco de posto|Nasty Plot|p2a: boneco de posto\n|-boost|p2a: boneco de posto|spa|2\n|move|p1a: Scizor|Knock Off|p2a: boneco de posto\n|-supereffective|p2a: boneco de posto\n|-damage|p2a: boneco de posto|0 fnt\n|-enditem|p2a: boneco de posto|Covert Cloak|[from] move: Knock Off|[of] p1a: Scizor\n|faint|p2a: boneco de posto\n|\n|upkeep\n|\n|t:|1700594768\n|switch|p2a: Zapdos|Zapdos|50\/100\n|turn|30\n|\n|t:|1700594774\n|move|p1a: Scizor|Bullet Punch|p2a: Zapdos\n|-resisted|p2a: Zapdos\n|-damage|p2a: Zapdos|37\/100\n|move|p2a: Zapdos|Discharge|p1a: Scizor\n|-damage|p1a: Scizor|54\/100\n|\n|upkeep\n|turn|31\n|\n|t:|1700594781\n|move|p2a: Zapdos|Roost|p2a: Zapdos\n|-heal|p2a: Zapdos|87\/100\n|-singleturn|p2a: Zapdos|move: Roost\n|move|p1a: Scizor|Knock Off|p2a: Zapdos\n|-damage|p2a: Zapdos|59\/100\n|-status|p1a: Scizor|par|[from] ability: Static|[of] p2a: Zapdos\n|-enditem|p2a: Zapdos|Heavy-Duty Boots|[from] move: Knock Off|[of] p1a: Scizor\n|\n|upkeep\n|turn|32\n|\n|t:|1700594791\n|move|p2a: Zapdos|Hurricane|p1a: Scizor\n|-damage|p1a: Scizor|0 fnt\n|faint|p1a: Scizor\n|\n|upkeep\n|\n|t:|1700594796\n|switch|p1a: Yanmega|Yanmega, M|100\/100\n|turn|33\n|\n|t:|1700594809\n|move|p1a: Yanmega|Psychic|p2a: Zapdos\n|-damage|p2a: Zapdos|19\/100\n|-damage|p1a: Yanmega|91\/100|[from] item: Life Orb\n|move|p2a: Zapdos|Roost|p2a: Zapdos\n|-heal|p2a: Zapdos|69\/100\n|-singleturn|p2a: Zapdos|move: Roost\n|\n|-ability|p1a: Yanmega|Speed Boost|boost\n|-boost|p1a: Yanmega|spe|1\n|upkeep\n|turn|34\n|\n|t:|1700594818\n|move|p1a: Yanmega|Psychic|p2a: Zapdos\n|-damage|p2a: Zapdos|32\/100\n|-damage|p1a: Yanmega|81\/100|[from] item: Life Orb\n|move|p2a: Zapdos|Roost|p2a: Zapdos\n|-heal|p2a: Zapdos|82\/100\n|-singleturn|p2a: Zapdos|move: Roost\n|\n|-ability|p1a: Yanmega|Speed Boost|boost\n|-boost|p1a: Yanmega|spe|1\n|upkeep\n|turn|35\n|\n|t:|1700594827\n|move|p2a: Zapdos|Protect|p2a: Zapdos\n|-singleturn|p2a: Zapdos|Protect\n|move|p1a: Yanmega|Psychic|p2a: Zapdos\n|-activate|p2a: Zapdos|move: Protect\n|\n|-ability|p1a: Yanmega|Speed Boost|boost\n|-boost|p1a: Yanmega|spe|1\n|upkeep\n|turn|36\n|\n|t:|1700594833\n|move|p1a: Yanmega|Psychic|p2a: Zapdos\n|-damage|p2a: Zapdos|40\/100\n|-damage|p1a: Yanmega|71\/100|[from] item: Life Orb\n|move|p2a: Zapdos|Discharge|p1a: Yanmega\n|-supereffective|p1a: Yanmega\n|-damage|p1a: Yanmega|0 fnt\n|faint|p1a: Yanmega\n|\n|upkeep\n|\n|t:|1700594841\n|switch|p1a: Volbeat|Volbeat, M|100\/100\n|-status|p1a: Volbeat|psn\n|turn|37\n|\n|t:|1700594845\n|move|p2a: Zapdos|Protect|p2a: Zapdos\n|-singleturn|p2a: Zapdos|Protect\n|move|p1a: Volbeat|Encore|p2a: Zapdos\n|-activate|p2a: Zapdos|move: Protect\n|\n|-damage|p1a: Volbeat|88\/100 psn|[from] psn\n|upkeep\n|turn|38\n|\n|t:|1700594851\n|move|p1a: Volbeat|Encore|p2a: Zapdos\n|-start|p2a: Zapdos|Encore\n|move|p2a: Zapdos|Protect||[still]\n|-fail|p2a: Zapdos\n|\n|-damage|p1a: Volbeat|76\/100 psn|[from] psn\n|upkeep\n|turn|39\n|\n|t:|1700594858\n|move|p2a: Zapdos|Protect|p2a: Zapdos\n|-singleturn|p2a: Zapdos|Protect\n|move|p1a: Volbeat|Infestation|p2a: Zapdos\n|-activate|p2a: Zapdos|move: Protect\n|\n|-damage|p1a: Volbeat|64\/100 psn|[from] psn\n|upkeep\n|turn|40\n|\n|t:|1700594866\n|move|p2a: Zapdos|Protect||[still]\n|-fail|p2a: Zapdos\n|move|p1a: Volbeat|Infestation|p2a: Zapdos\n|-resisted|p2a: Zapdos\n|-crit|p2a: Zapdos\n|-damage|p2a: Zapdos|37\/100\n|-activate|p2a: Zapdos|move: Infestation|[of] p1a: Volbeat\n|\n|-damage|p1a: Volbeat|52\/100 psn|[from] psn\n|-damage|p2a: Zapdos|24\/100|[from] move: Infestation|[partiallytrapped]\n|-end|p2a: Zapdos|Encore\n|upkeep\n|turn|41\n|\n|t:|1700594876\n|move|p1a: Volbeat|Encore|p2a: Zapdos\n|-start|p2a: Zapdos|Encore\n|move|p2a: Zapdos|Protect||[still]\n|-fail|p2a: Zapdos\n|\n|-damage|p1a: Volbeat|40\/100 psn|[from] psn\n|-damage|p2a: Zapdos|12\/100|[from] move: Infestation|[partiallytrapped]\n|upkeep\n|turn|42\n|\n|t:|1700594885\n|move|p2a: Zapdos|Protect|p2a: Zapdos\n|-singleturn|p2a: Zapdos|Protect\n|move|p1a: Volbeat|Roost|p1a: Volbeat\n|-heal|p1a: Volbeat|90\/100 psn\n|-singleturn|p1a: Volbeat|move: Roost\n|\n|-damage|p1a: Volbeat|78\/100 psn|[from] psn\n|-damage|p2a: Zapdos|0 fnt|[from] move: Infestation|[partiallytrapped]\n|faint|p2a: Zapdos\n|\n|win|PokeLover N\"\n|upkeep\n|raw|PokeLover N&quot;'s rating: 1005 &rarr; <strong>1050<\/strong><br \/>(+45 for winning)\n|raw|biel0411's rating: 1057 &rarr; <strong>1036<\/strong><br \/>(-21 for losing)\n|c|\u2606PokeLover N\"|GGS\n|l|\u2606biel0411\n","uploadtime":1700594898,"views":18,"p1id":"pokelovern","p2id":"biel0411","formatid":"gen9ou","rating":1036,"private":0,"password":""}