{"id":"gen9ou-1997944973","p1":"Grenchi","p2":"Greyuh","format":"[Gen 9] OU","log":"|j|\u2606Grenchi\n|j|\u2606Greyuh\n|t:|1700870521\n|gametype|singles\n|player|p1|Grenchi|170|\n|player|p2|Greyuh|102|\n|teamsize|p1|6\n|teamsize|p2|6\n|gen|9\n|tier|[Gen 9] OU\n|rule|Sleep Clause Mod: Limit one foe put to sleep\n|rule|Species Clause: Limit one of each Pok\u00e9mon\n|rule|OHKO Clause: OHKO moves are banned\n|rule|Evasion Items Clause: Evasion items are banned\n|rule|Evasion Moves Clause: Evasion moves are banned\n|rule|Endless Battle Clause: Forcing endless battles is banned\n|rule|HP Percentage Mod: HP is shown in percentages\n|clearpoke\n|poke|p1|Zoroark-Hisui, F|\n|poke|p1|Glimmora, M|\n|poke|p1|Swanna, M|\n|poke|p1|Great Tusk|\n|poke|p1|Iron Moth|\n|poke|p1|Ambipom, F|\n|poke|p2|Tinkaton, F|\n|poke|p2|Walking Wake|\n|poke|p2|Garganacl, F|\n|poke|p2|Scizor, M|\n|poke|p2|Ludicolo, F|\n|poke|p2|Moltres|\n|teampreview\n|\n|t:|1700870551\n|start\n|switch|p1a: Glimmora|Glimmora, M|100\/100\n|switch|p2a: Walking Wake|Walking Wake|100\/100\n|turn|1\n|\n|t:|1700870562\n|move|p2a: Walking Wake|Draco Meteor|p1a: Glimmora\n|-enditem|p1a: Glimmora|Focus Sash\n|-damage|p1a: Glimmora|1\/100\n|-unboost|p2a: Walking Wake|spa|2\n|move|p1a: Glimmora|Stealth Rock|p2a: Walking Wake\n|-sidestart|p2: Greyuh|move: Stealth Rock\n|\n|upkeep\n|turn|2\n|\n|t:|1700870593\n|move|p2a: Walking Wake|Draco Meteor|p1a: Glimmora\n|-damage|p1a: Glimmora|0 fnt\n|-unboost|p2a: Walking Wake|spa|2\n|faint|p1a: Glimmora\n|\n|upkeep\n|\n|t:|1700870620\n|switch|p1a: Mr. PomPom|Ambipom, F, shiny|100\/100\n|turn|3\n|\n|t:|1700870625\n|-end|p2a: Walking Wake|Protosynthesis|[silent]\n|switch|p2a: Scizor|Scizor, M|100\/100\n|move|p1a: Mr. PomPom|Nasty Plot|p1a: Mr. PomPom\n|-boost|p1a: Mr. PomPom|spa|2\n|\n|upkeep\n|turn|4\n|\n|t:|1700870634\n|move|p1a: Mr. PomPom|Flamethrower|p2a: Scizor\n|-supereffective|p2a: Scizor\n|-damage|p2a: Scizor|0 fnt\n|faint|p2a: Scizor\n|-damage|p1a: Mr. PomPom|91\/100|[from] item: Life Orb\n|\n|upkeep\n|\n|t:|1700870660\n|switch|p2a: Walking Wake|Walking Wake|100\/100\n|-damage|p2a: Walking Wake|88\/100|[from] Stealth Rock\n|turn|5\n|\n|t:|1700870670\n|move|p1a: Mr. PomPom|Hyper Voice|p2a: Walking Wake\n|-damage|p2a: Walking Wake|0 fnt\n|faint|p2a: Walking Wake\n|-end|p2a: Walking Wake|Protosynthesis|[silent]\n|-damage|p1a: Mr. PomPom|81\/100|[from] item: Life Orb\n|\n|upkeep\n|\n|t:|1700870680\n|switch|p2a: Ludicolo|Ludicolo, F|100\/100\n|-damage|p2a: Ludicolo|88\/100|[from] Stealth Rock\n|turn|6\n|\n|t:|1700870689\n|move|p1a: Mr. PomPom|Hyper Voice|p2a: Ludicolo\n|-damage|p2a: Ludicolo|0 fnt\n|faint|p2a: Ludicolo\n|-damage|p1a: Mr. PomPom|71\/100|[from] item: Life Orb\n|\n|upkeep\n|\n|t:|1700870694\n|switch|p2a: Garganacl|Garganacl, F|100\/100\n|-damage|p2a: Garganacl|88\/100|[from] Stealth Rock\n|turn|7\n|\n|t:|1700870699\n|move|p1a: Mr. PomPom|Grass Knot|p2a: Garganacl\n|-supereffective|p2a: Garganacl\n|-damage|p2a: Garganacl|0 fnt\n|faint|p2a: Garganacl\n|-damage|p1a: Mr. PomPom|61\/100|[from] item: Life Orb\n|\n|upkeep\n|\n|t:|1700870705\n|switch|p2a: Moltres|Moltres|100\/100\n|-ability|p2a: Moltres|Pressure\n|turn|8\n|\n|t:|1700870710\n|move|p1a: Mr. PomPom|Hyper Voice|p2a: Moltres\n|-damage|p2a: Moltres|0 fnt\n|faint|p2a: Moltres\n|-damage|p1a: Mr. PomPom|51\/100|[from] item: Life Orb\n|\n|upkeep\n|\n|t:|1700870715\n|switch|p2a: Tinkaton|Tinkaton, F|100\/100\n|-damage|p2a: Tinkaton|94\/100|[from] Stealth Rock\n|-ability|p2a: Tinkaton|Mold Breaker\n|-item|p2a: Tinkaton|Air Balloon\n|turn|9\n|\n|t:|1700870725\n|move|p1a: Mr. PomPom|Flamethrower|p2a: Tinkaton\n|-supereffective|p2a: Tinkaton\n|-damage|p2a: Tinkaton|0 fnt\n|-enditem|p2a: Tinkaton|Air Balloon\n|faint|p2a: Tinkaton\n|-damage|p1a: Mr. PomPom|41\/100|[from] item: Life Orb\n|\n|win|Grenchi\n|l|\u2606Greyuh\n","uploadtime":1700870736,"views":3,"p1id":"grenchi","p2id":"greyuh","formatid":"gen9ou","rating":0,"private":0,"password":""}