{"id":"gen9ou-1996846792","p1":"faubkfaubios","p2":"Noname4win","format":"[Gen 9] OU","log":"|j|\u2606faubkfaubios\n|j|\u2606Noname4win\n|t:|1700734720\n|gametype|singles\n|player|p1|faubkfaubios|266|1278\n|player|p2|Noname4win|2|1314\n|teamsize|p1|6\n|teamsize|p2|6\n|gen|9\n|tier|[Gen 9] OU\n|rated|\n|rule|Sleep Clause Mod: Limit one foe put to sleep\n|rule|Species Clause: Limit one of each Pok\u00e9mon\n|rule|OHKO Clause: OHKO moves are banned\n|rule|Evasion Items Clause: Evasion items are banned\n|rule|Evasion Moves Clause: Evasion moves are banned\n|rule|Endless Battle Clause: Forcing endless battles is banned\n|rule|HP Percentage Mod: HP is shown in percentages\n|clearpoke\n|poke|p1|Kommo-o, F|\n|poke|p1|Kingambit, M|\n|poke|p1|Cinderace, M|\n|poke|p1|Amoonguss, M|\n|poke|p1|Greninja-*, M|\n|poke|p1|Garganacl, M|\n|poke|p2|Slowking-Galar, M|\n|poke|p2|Great Tusk|\n|poke|p2|Rillaboom, F|\n|poke|p2|Kingambit, F|\n|poke|p2|Dragapult, F|\n|poke|p2|Moltres|\n|teampreview\n|inactive|Battle timer is ON: inactive players will automatically lose when time's up. (requested by faubkfaubios)\n|\n|t:|1700734737\n|start\n|switch|p1a: Garganacl|Garganacl, M|100\/100\n|switch|p2a: Great Tusk|Great Tusk|100\/100\n|turn|1\n|\n|t:|1700734753\n|-terastallize|p1a: Garganacl|Water\n|move|p2a: Great Tusk|Headlong Rush|p1a: Garganacl\n|-damage|p1a: Garganacl|68\/100\n|-unboost|p2a: Great Tusk|def|1\n|-unboost|p2a: Great Tusk|spd|1\n|move|p1a: Garganacl|Stealth Rock|p2a: Great Tusk\n|-sidestart|p2: Noname4win|move: Stealth Rock\n|\n|-heal|p1a: Garganacl|74\/100|[from] item: Leftovers\n|upkeep\n|turn|2\n|\n|t:|1700734774\n|move|p2a: Great Tusk|Rapid Spin|p1a: Garganacl\n|-damage|p1a: Garganacl|65\/100\n|-boost|p2a: Great Tusk|spe|1\n|-sideend|p2: Noname4win|Stealth Rock|[from] move: Rapid Spin|[of] p2a: Great Tusk\n|move|p1a: Garganacl|Salt Cure|p2a: Great Tusk\n|-resisted|p2a: Great Tusk\n|-damage|p2a: Great Tusk|97\/100\n|-start|p2a: Great Tusk|Salt Cure\n|\n|-heal|p2a: Great Tusk|100\/100|[from] item: Leftovers\n|-heal|p1a: Garganacl|72\/100|[from] item: Leftovers\n|-damage|p2a: Great Tusk|88\/100|[from] Salt Cure\n|upkeep\n|turn|3\n|\n|t:|1700734789\n|-end|p2a: Great Tusk|Protosynthesis|[silent]\n|switch|p2a: Rillaboom|Rillaboom, F|100\/100\n|-fieldstart|move: Grassy Terrain|[from] ability: Grassy Surge|[of] p2a: Rillaboom\n|move|p1a: Garganacl|Stealth Rock|p2a: Rillaboom\n|-sidestart|p2: Noname4win|move: Stealth Rock\n|\n|-heal|p1a: Garganacl|78\/100|[from] Grassy Terrain\n|-heal|p1a: Garganacl|84\/100|[from] item: Leftovers\n|upkeep\n|turn|4\n|inactive|Noname4win has 120 seconds left.\n|\n|t:|1700734811\n|switch|p1a: Amoonguss|Amoonguss, M, shiny|100\/100\n|move|p2a: Rillaboom|Knock Off|p1a: Amoonguss\n|-damage|p1a: Amoonguss|43\/100\n|-enditem|p1a: Amoonguss|Black Sludge|[from] move: Knock Off|[of] p2a: Rillaboom\n|\n|-heal|p1a: Amoonguss|50\/100|[from] Grassy Terrain\n|upkeep\n|turn|5\n|inactive|Noname4win has 120 seconds left.\n|\n|t:|1700734823\n|switch|p2a: Slowking|Slowking-Galar, M|100\/100\n|move|p1a: Amoonguss|Sludge Bomb|p2a: Slowking\n|-resisted|p2a: Slowking\n|-damage|p2a: Slowking|92\/100\n|\n|-heal|p1a: Amoonguss|56\/100|[from] Grassy Terrain\n|-heal|p2a: Slowking|98\/100|[from] Grassy Terrain\n|upkeep\n|turn|6\n|inactive|Noname4win has 120 seconds left.\n|\n|t:|1700734833\n|switch|p1a: Kingambit|Kingambit, M|100\/100\n|switch|p2a: Rillaboom|Rillaboom, F|100\/100\n|-damage|p2a: Rillaboom|88\/100|[from] Stealth Rock\n|\n|-heal|p2a: Rillaboom|94\/100|[from] Grassy Terrain\n|upkeep\n|turn|7\n|\n|t:|1700734851\n|-end|p1a: Kingambit|fallenundefined|[silent]\n|switch|p1a: Garganacl|Garganacl, M, tera:Water|84\/100\n|move|p2a: Rillaboom|U-turn|p1a: Garganacl\n|-damage|p1a: Garganacl|66\/100\n|inactive|Noname4win has 120 seconds left.\n|\n|t:|1700734873\n|switch|p2a: Slowking|Slowking-Galar, M|100\/100|[from] U-turn\n|\n|-heal|p1a: Garganacl|72\/100|[from] Grassy Terrain\n|-heal|p1a: Garganacl|78\/100|[from] item: Leftovers\n|-fieldend|move: Grassy Terrain\n|upkeep\n|turn|8\n|\n|t:|1700734882\n|move|p1a: Garganacl|Recover|p1a: Garganacl\n|-heal|p1a: Garganacl|100\/100\n|move|p2a: Slowking|Chilly Reception|p2a: Slowking\n|-weather|Snow\n|\n|t:|1700734887\n|switch|p2a: Rillaboom|Rillaboom, F|94\/100|[from] Chilly Reception\n|-damage|p2a: Rillaboom|82\/100|[from] Stealth Rock\n|-fieldstart|move: Grassy Terrain|[from] ability: Grassy Surge|[of] p2a: Rillaboom\n|\n|-weather|Snow|[upkeep]\n|-heal|p2a: Rillaboom|88\/100|[from] Grassy Terrain\n|upkeep\n|turn|9\n|inactive|Noname4win has 120 seconds left.\n|\n|t:|1700734903\n|switch|p1a: Amoonguss|Amoonguss, M, shiny|89\/100\n|move|p2a: Rillaboom|Wood Hammer|p1a: Amoonguss\n|-resisted|p1a: Amoonguss\n|-damage|p1a: Amoonguss|58\/100\n|-damage|p2a: Rillaboom|75\/100|[from] Recoil\n|\n|-weather|Snow|[upkeep]\n|-heal|p2a: Rillaboom|81\/100|[from] Grassy Terrain\n|-heal|p1a: Amoonguss|64\/100|[from] Grassy Terrain\n|upkeep\n|turn|10\n|inactive|Noname4win has 120 seconds left.\n|\n|t:|1700734916\n|switch|p2a: Slowking|Slowking-Galar, M|100\/100\n|move|p1a: Amoonguss|Spore|p2a: Slowking\n|-status|p2a: Slowking|slp|[from] move: Spore\n|\n|-weather|Snow|[upkeep]\n|-heal|p1a: Amoonguss|70\/100|[from] Grassy Terrain\n|upkeep\n|turn|11\n|inactive|Noname4win has 120 seconds left.\n|\n|t:|1700734929\n|switch|p1a: Kommo-o|Kommo-o, F|100\/100\n|switch|p2a: Moltres|Moltres|100\/100\n|\n|-weather|Snow|[upkeep]\n|upkeep\n|turn|12\n|inactive|faubkfaubios has 120 seconds left.\n|\n|t:|1700734955\n|switch|p1a: Garganacl|Garganacl, M, tera:Water|100\/100\n|move|p2a: Moltres|Will-O-Wisp|p1a: Garganacl\n|-immune|p1a: Garganacl|[from] ability: Purifying Salt\n|\n|-weather|none\n|-fieldend|move: Grassy Terrain\n|upkeep\n|turn|13\n|inactive|faubkfaubios has 120 seconds left.\n|\n|t:|1700734966\n|move|p2a: Moltres|U-turn|p1a: Garganacl\n|-damage|p1a: Garganacl|92\/100\n|inactive|Noname4win has 120 seconds left.\n|\n|t:|1700734995\n|switch|p2a: Rillaboom|Rillaboom, F|81\/100|[from] U-turn\n|-damage|p2a: Rillaboom|69\/100|[from] Stealth Rock\n|-fieldstart|move: Grassy Terrain|[from] ability: Grassy Surge|[of] p2a: Rillaboom\n|move|p1a: Garganacl|Salt Cure|p2a: Rillaboom\n|-damage|p2a: Rillaboom|54\/100\n|-start|p2a: Rillaboom|Salt Cure\n|\n|-heal|p2a: Rillaboom|60\/100|[from] Grassy Terrain\n|-heal|p1a: Garganacl|99\/100|[from] Grassy Terrain\n|-heal|p1a: Garganacl|100\/100|[from] item: Leftovers\n|-damage|p2a: Rillaboom|48\/100|[from] Salt Cure\n|upkeep\n|turn|14\n|inactive|faubkfaubios has 120 seconds left.\n|\n|t:|1700735010\n|switch|p1a: Amoonguss|Amoonguss, M, shiny|100\/100\n|move|p2a: Rillaboom|U-turn|p1a: Amoonguss\n|-damage|p1a: Amoonguss|60\/100\n|inactive|Noname4win has 90 seconds left.\n|\n|t:|1700735036\n|switch|p2a: Great Tusk|Great Tusk|88\/100|[from] U-turn\n|-damage|p2a: Great Tusk|85\/100|[from] Stealth Rock\n|\n|-heal|p2a: Great Tusk|91\/100|[from] Grassy Terrain\n|-heal|p2a: Great Tusk|98\/100|[from] item: Leftovers\n|-heal|p1a: Amoonguss|66\/100|[from] Grassy Terrain\n|upkeep\n|turn|15\n|inactive|Noname4win has 90 seconds left.\n|\n|t:|1700735049\n|move|p2a: Great Tusk|Stealth Rock|p1a: Amoonguss\n|-sidestart|p1: faubkfaubios|move: Stealth Rock\n|move|p1a: Amoonguss|Energy Ball|p2a: Great Tusk\n|-supereffective|p2a: Great Tusk\n|-damage|p2a: Great Tusk|0 fnt\n|faint|p2a: Great Tusk\n|-end|p2a: Great Tusk|Protosynthesis|[silent]\n|\n|-heal|p1a: Amoonguss|73\/100|[from] Grassy Terrain\n|upkeep\n|inactive|Noname4win has 90 seconds left.\n|\n|t:|1700735060\n|switch|p2a: Kingambit|Kingambit, F|100\/100\n|-damage|p2a: Kingambit|94\/100|[from] Stealth Rock\n|-activate|p2a: Kingambit|ability: Supreme Overlord\n|-start|p2a: Kingambit|fallen1|[silent]\n|turn|16\n|inactive|Noname4win has 90 seconds left.\n|\n|t:|1700735080\n|switch|p1a: Garganacl|Garganacl, M, tera:Water|100\/100\n|-damage|p1a: Garganacl|88\/100|[from] Stealth Rock\n|move|p2a: Kingambit|Swords Dance|p2a: Kingambit\n|-boost|p2a: Kingambit|atk|2\n|\n|-heal|p2a: Kingambit|100\/100|[from] Grassy Terrain\n|-heal|p1a: Garganacl|94\/100|[from] Grassy Terrain\n|-heal|p1a: Garganacl|100\/100|[from] item: Leftovers\n|upkeep\n|turn|17\n|inactive|Noname4win has 90 seconds left.\n|\n|t:|1700735091\n|move|p2a: Kingambit|Kowtow Cleave|p1a: Garganacl\n|-damage|p1a: Garganacl|46\/100\n|move|p1a: Garganacl|Body Press|p2a: Kingambit\n|-supereffective|p2a: Kingambit\n|-damage|p2a: Kingambit|0 fnt\n|faint|p2a: Kingambit\n|-end|p2a: Kingambit|fallen1|[silent]\n|\n|-heal|p1a: Garganacl|52\/100|[from] Grassy Terrain\n|-heal|p1a: Garganacl|58\/100|[from] item: Leftovers\n|-fieldend|move: Grassy Terrain\n|upkeep\n|inactive|Noname4win has 90 seconds left.\n|-message|Noname4win forfeited.\n|\n|win|faubkfaubios\n|raw|faubkfaubios's rating: 1278 &rarr; <strong>1306<\/strong><br \/>(+28 for winning)\n|raw|Noname4win's rating: 1314 &rarr; <strong>1292<\/strong><br \/>(-22 for losing)\n|l|\u2606Noname4win\n","uploadtime":1700735112,"views":10,"p1id":"faubkfaubios","p2id":"noname4win","formatid":"gen9ou","rating":1292,"private":0,"password":""}