{"id":"gen9ou-1992784578","p1":"Angel_Oceanpart","p2":"jcshokr","format":"[Gen 9] OU","log":"|j|\u2606Angel_Oceanpart\n|j|\u2606jcshokr\n|t:|1700235182\n|gametype|singles\n|player|p1|Angel_Oceanpart|preschoolerf|1363\n|player|p2|jcshokr|170|1383\n|teamsize|p1|6\n|teamsize|p2|6\n|gen|9\n|tier|[Gen 9] OU\n|rated|\n|rule|Sleep Clause Mod: Limit one foe put to sleep\n|rule|Species Clause: Limit one of each Pok\u00e9mon\n|rule|OHKO Clause: OHKO moves are banned\n|rule|Evasion Items Clause: Evasion items are banned\n|rule|Evasion Moves Clause: Evasion moves are banned\n|rule|Endless Battle Clause: Forcing endless battles is banned\n|rule|HP Percentage Mod: HP is shown in percentages\n|clearpoke\n|poke|p1|Ditto|\n|poke|p1|Alomomola, M|\n|poke|p1|Corviknight, F|\n|poke|p1|Heatran, F|\n|poke|p1|Pawmot, M|\n|poke|p1|Zoroark, M|\n|poke|p2|Rillaboom, F|\n|poke|p2|Gholdengo|\n|poke|p2|Crawdaunt, F|\n|poke|p2|Dragonite, F|\n|poke|p2|Ogerpon-Wellspring, F|\n|poke|p2|Moltres|\n|teampreview\n|inactive|Battle timer is ON: inactive players will automatically lose when time's up. (requested by jcshokr)\n|c|\u2606Angel_Oceanpart|glhf\n|\n|t:|1700235207\n|start\n|switch|p1a: Tora|Alomomola, M|100\/100\n|switch|p2a: Rillaboom|Rillaboom, F|100\/100\n|-fieldstart|move: Grassy Terrain|[from] ability: Grassy Surge|[of] p2a: Rillaboom\n|turn|1\n|\n|t:|1700235212\n|move|p1a: Tora|U-turn|p2a: Rillaboom\n|-supereffective|p2a: Rillaboom\n|-damage|p2a: Rillaboom|47\/100\n|\n|t:|1700235215\n|switch|p1a: Forgive|Corviknight, F|100\/100|[from] U-turn\n|-ability|p1a: Forgive|Pressure\n|move|p2a: Rillaboom|Knock Off|p1a: Forgive\n|-damage|p1a: Forgive|81\/100\n|-damage|p2a: Rillaboom|30\/100|[from] item: Rocky Helmet|[of] p1a: Forgive\n|-enditem|p1a: Forgive|Rocky Helmet|[from] move: Knock Off|[of] p2a: Rillaboom\n|\n|-heal|p2a: Rillaboom|36\/100|[from] Grassy Terrain\n|upkeep\n|turn|2\n|\n|t:|1700235230\n|move|p2a: Rillaboom|U-turn|p1a: Forgive\n|-resisted|p1a: Forgive\n|-damage|p1a: Forgive|77\/100\n|\n|t:|1700235233\n|switch|p2a: Moltres|Moltres|100\/100|[from] U-turn\n|move|p1a: Forgive|U-turn|p2a: Moltres\n|-resisted|p2a: Moltres\n|-damage|p2a: Moltres|97\/100\n|\n|t:|1700235241\n|switch|p1a: Betrayal|Heatran, F|100\/100|[from] U-turn\n|\n|upkeep\n|turn|3\n|\n|t:|1700235246\n|move|p2a: Moltres|U-turn|p1a: Betrayal\n|-resisted|p1a: Betrayal\n|-damage|p1a: Betrayal|97\/100\n|\n|t:|1700235251\n|switch|p2a: Crawdaunt|Crawdaunt, F|100\/100|[from] U-turn\n|move|p1a: Betrayal|Overheat|p2a: Crawdaunt|[miss]\n|-miss|p1a: Betrayal|p2a: Crawdaunt\n|\n|-heal|p1a: Betrayal|100\/100|[from] Grassy Terrain\n|upkeep\n|turn|4\n|\n|t:|1700235262\n|switch|p1a: Forgive|Corviknight, F|77\/100\n|-ability|p1a: Forgive|Pressure\n|move|p2a: Crawdaunt|Crabhammer|p1a: Forgive\n|-damage|p1a: Forgive|20\/100\n|-damage|p2a: Crawdaunt|91\/100|[from] item: Life Orb\n|\n|-heal|p2a: Crawdaunt|97\/100|[from] Grassy Terrain\n|upkeep\n|turn|5\n|\n|t:|1700235270\n|move|p2a: Crawdaunt|Aqua Jet|p1a: Forgive\n|-damage|p1a: Forgive|0 fnt\n|faint|p1a: Forgive\n|-damage|p2a: Crawdaunt|87\/100|[from] item: Life Orb\n|\n|-heal|p2a: Crawdaunt|93\/100|[from] Grassy Terrain\n|-fieldend|move: Grassy Terrain\n|upkeep\n|\n|t:|1700235276\n|switch|p1a: Tora|Alomomola, M|100\/100\n|turn|6\n|\n|t:|1700235282\n|switch|p2a: Moltres|Moltres|97\/100\n|move|p1a: Tora|U-turn|p2a: Moltres\n|-resisted|p2a: Moltres\n|-damage|p2a: Moltres|91\/100\n|\n|t:|1700235285\n|switch|p1a: Betrayal|Heatran, F|100\/100|[from] U-turn\n|\n|upkeep\n|turn|7\n|\n|t:|1700235291\n|move|p2a: Moltres|Hurricane|p1a: Betrayal\n|-resisted|p1a: Betrayal\n|-damage|p1a: Betrayal|75\/100\n|move|p1a: Betrayal|Overheat|p2a: Moltres\n|-resisted|p2a: Moltres\n|-damage|p2a: Moltres|34\/100\n|-unboost|p1a: Betrayal|spa|2\n|\n|upkeep\n|turn|8\n|\n|t:|1700235304\n|switch|p1a: Tora|Alomomola, M|100\/100\n|move|p2a: Moltres|Roost|p2a: Moltres\n|-heal|p2a: Moltres|84\/100\n|-singleturn|p2a: Moltres|move: Roost\n|\n|upkeep\n|turn|9\n|\n|t:|1700235310\n|move|p2a: Moltres|U-turn|p1a: Tora\n|-damage|p1a: Tora|89\/100\n|-enditem|p1a: Tora|Red Card|[of] p2a: Moltres\n|drag|p2a: Dragonite|Dragonite, F|100\/100\n|move|p1a: Tora|Mirror Coat||[still]\n|-fail|p1a: Tora\n|\n|upkeep\n|turn|10\n|\n|t:|1700235318\n|move|p2a: Dragonite|Dragon Dance|p2a: Dragonite\n|-boost|p2a: Dragonite|atk|1\n|-boost|p2a: Dragonite|spe|1\n|move|p1a: Tora|Scald|p2a: Dragonite\n|-resisted|p2a: Dragonite\n|-damage|p2a: Dragonite|97\/100\n|-status|p2a: Dragonite|brn\n|\n|-damage|p2a: Dragonite|91\/100 brn|[from] brn\n|upkeep\n|turn|11\n|\n|t:|1700235328\n|move|p2a: Dragonite|Dragon Dance|p2a: Dragonite\n|-boost|p2a: Dragonite|atk|1\n|-boost|p2a: Dragonite|spe|1\n|move|p1a: Tora|Flip Turn|p2a: Dragonite\n|-resisted|p2a: Dragonite\n|-damage|p2a: Dragonite|83\/100 brn\n|\n|t:|1700235331\n|switch|p1a: Tori|Ditto|100\/100|[from] Flip Turn\n|-transform|p1a: Tori|p2a: Dragonite|[from] ability: Imposter\n|\n|-damage|p2a: Dragonite|77\/100 brn|[from] brn\n|upkeep\n|turn|12\n|\n|t:|1700235346\n|move|p2a: Dragonite|Ice Spinner|p1a: Tori\n|-supereffective|p1a: Tori\n|-damage|p1a: Tori|25\/100\n|-enditem|p1a: Tori|Red Card|[of] p2a: Dragonite\n|drag|p2a: Rillaboom|Rillaboom, F|36\/100\n|-fieldstart|move: Grassy Terrain|[from] ability: Grassy Surge|[of] p2a: Rillaboom\n|move|p1a: Tori|Ice Spinner|p2a: Rillaboom\n|-supereffective|p2a: Rillaboom\n|-damage|p2a: Rillaboom|0 fnt\n|-fieldend|move: Grassy Terrain\n|faint|p2a: Rillaboom\n|\n|upkeep\n|\n|t:|1700235365\n|switch|p2a: Ogerpon|Ogerpon-Wellspring, F|100\/100\n|turn|13\n|\n|t:|1700235389\n|move|p1a: Tori|Extreme Speed|p2a: Ogerpon\n|-damage|p2a: Ogerpon|23\/100\n|move|p2a: Ogerpon|Swords Dance|p2a: Ogerpon\n|-boost|p2a: Ogerpon|atk|2\n|\n|upkeep\n|turn|14\n|\n|t:|1700235394\n|switch|p2a: Gholdengo|Gholdengo|100\/100\n|move|p1a: Tori|Extreme Speed|p2a: Gholdengo\n|-immune|p2a: Gholdengo\n|\n|upkeep\n|turn|15\n|\n|t:|1700235399\n|switch|p2a: Dragonite|Dragonite, F|77\/100 brn\n|move|p1a: Tori|Earthquake|p2a: Dragonite\n|-immune|p2a: Dragonite\n|\n|-damage|p2a: Dragonite|70\/100 brn|[from] brn\n|upkeep\n|turn|16\n|\n|t:|1700235408\n|move|p2a: Dragonite|Extreme Speed|p1a: Tori\n|-damage|p1a: Tori|8\/100\n|move|p1a: Tori|Ice Spinner|p2a: Dragonite\n|-supereffective|p2a: Dragonite\n|-damage|p2a: Dragonite|0 fnt\n|faint|p2a: Dragonite\n|\n|upkeep\n|\n|t:|1700235412\n|switch|p2a: Crawdaunt|Crawdaunt, F|93\/100\n|turn|17\n|\n|t:|1700235415\n|move|p1a: Tori|Extreme Speed|p2a: Crawdaunt\n|-damage|p2a: Crawdaunt|2\/100\n|move|p2a: Crawdaunt|Aqua Jet|p1a: Tori\n|-resisted|p1a: Tori\n|-crit|p1a: Tori\n|-damage|p1a: Tori|0 fnt\n|faint|p1a: Tori\n|-damage|p2a: Crawdaunt|0 fnt|[from] item: Life Orb\n|faint|p2a: Crawdaunt\n|\n|upkeep\n|\n|t:|1700235427\n|switch|p2a: Ogerpon|Ogerpon-Wellspring, F|23\/100\n|switch|p1a: Betrayal|Heatran, F|100\/100\n|turn|18\n|\n|t:|1700235440\n|move|p1a: Betrayal|U-turn|p2a: Ogerpon\n|-supereffective|p2a: Ogerpon\n|-damage|p2a: Ogerpon|0 fnt\n|faint|p2a: Ogerpon\n|\n|t:|1700235444\n|switch|p1a: Retry|Pawmot, M|100\/100|[from] U-turn\n|\n|upkeep\n|\n|t:|1700235451\n|switch|p2a: Gholdengo|Gholdengo|100\/100\n|turn|19\n|\n|t:|1700235457\n|-terastallize|p2a: Gholdengo|Fairy\n|move|p2a: Gholdengo|Tera Blast|p1a: Retry|[anim] Tera Blast Fairy\n|-supereffective|p1a: Retry\n|-damage|p1a: Retry|0 fnt\n|faint|p1a: Retry\n|\n|upkeep\n|\n|t:|1700235465\n|switch|p1a: Betrayal|Heatran, F|75\/100\n|turn|20\n|\n|t:|1700235481\n|move|p2a: Gholdengo|Tera Blast|p1a: Betrayal|[anim] Tera Blast Fairy\n|-resisted|p1a: Betrayal\n|-damage|p1a: Betrayal|67\/100\n|move|p1a: Betrayal|Flash Cannon|p2a: Gholdengo\n|-supereffective|p2a: Gholdengo\n|-damage|p2a: Gholdengo|0 fnt\n|faint|p2a: Gholdengo\n|\n|upkeep\n|\n|t:|1700235485\n|switch|p2a: Moltres|Moltres|84\/100\n|turn|21\n|\n|t:|1700235492\n|switch|p1a: Tora|Alomomola, M|100\/100\n|move|p2a: Moltres|Hurricane|p1a: Tora\n|-damage|p1a: Tora|53\/100\n|\n|upkeep\n|turn|22\n|\n|t:|1700235500\n|move|p2a: Moltres|Hurricane|p1a: Tora\n|-damage|p1a: Tora|6\/100\n|move|p1a: Tora|Mirror Coat|p2a: Moltres\n|-damage|p2a: Moltres|0 fnt\n|faint|p2a: Moltres\n|\n|win|Angel_Oceanpart\n|raw|Angel_Oceanpart's rating: 1363 &rarr; <strong>1384<\/strong><br \/>(+21 for winning)\n|raw|jcshokr's rating: 1383 &rarr; <strong>1362<\/strong><br \/>(-21 for losing)\n|l|\u2606jcshokr\n","uploadtime":1700235517,"views":12,"p1id":"angeloceanpart","p2id":"jcshokr","formatid":"gen9ou","rating":1362,"private":0,"password":""}