{"id":"gen9ou-1995684306","p1":"Knocking me down","p2":"Ban Stall Pokemon","format":"[Gen 9] OU","log":"|j|\u2606Knocking me down\n|j|\u2606Ban Stall Pokemon\n|t:|1700593730\n|gametype|singles\n|player|p1|Knocking me down|volo|1086\n|player|p2|Ban Stall Pokemon|benga|1053\n|teamsize|p1|6\n|teamsize|p2|6\n|gen|9\n|tier|[Gen 9] OU\n|rated|\n|rule|Sleep Clause Mod: Limit one foe put to sleep\n|rule|Species Clause: Limit one of each Pok\u00e9mon\n|rule|OHKO Clause: OHKO moves are banned\n|rule|Evasion Items Clause: Evasion items are banned\n|rule|Evasion Moves Clause: Evasion moves are banned\n|rule|Endless Battle Clause: Forcing endless battles is banned\n|rule|HP Percentage Mod: HP is shown in percentages\n|clearpoke\n|poke|p1|Manaphy|\n|poke|p1|Grimmsnarl, M|\n|poke|p1|Iron Moth|\n|poke|p1|Ceruledge, F|\n|poke|p1|Iron Valiant|\n|poke|p1|Ogerpon-Wellspring, F|\n|poke|p2|Chandelure, M|\n|poke|p2|Ceruledge, M|\n|poke|p2|Dragapult, F|\n|poke|p2|Greninja-*, M|\n|poke|p2|Talonflame, F|\n|poke|p2|Scizor, F|\n|teampreview\n|inactive|Battle timer is ON: inactive players will automatically lose when time's up. (requested by Knocking me down)\n|\n|t:|1700593741\n|start\n|switch|p1a: Annoying ass|Grimmsnarl, M|100\/100\n|switch|p2a: Nerfed bc too good|Chandelure, M|100\/100\n|turn|1\n|c|\u2606Knocking me down|So real\n|\n|t:|1700593751\n|move|p1a: Annoying ass|Light Screen|p1a: Annoying ass\n|-sidestart|p1: Knocking me down|move: Light Screen\n|move|p2a: Nerfed bc too good|Fire Blast|p1a: Annoying ass\n|-damage|p1a: Annoying ass|73\/100\n|-status|p1a: Annoying ass|brn\n|\n|-damage|p1a: Annoying ass|67\/100 brn|[from] brn\n|upkeep\n|turn|2\n|\n|t:|1700593765\n|move|p1a: Annoying ass|Parting Shot|p2a: Nerfed bc too good\n|-unboost|p2a: Nerfed bc too good|atk|1\n|-unboost|p2a: Nerfed bc too good|spa|1\n|\n|t:|1700593770\n|switch|p1a: Rain\u2019s best friend|Ogerpon-Wellspring, F|100\/100|[from] Parting Shot\n|move|p2a: Nerfed bc too good|Fire Blast|p1a: Rain\u2019s best friend\n|-damage|p1a: Rain\u2019s best friend|78\/100\n|\n|upkeep\n|turn|3\n|c|\u2606Knocking me down|W username btw\n|\n|t:|1700593778\n|move|p1a: Rain\u2019s best friend|Ivy Cudgel|p2a: Nerfed bc too good|[anim] Ivy Cudgel Water\n|-supereffective|p2a: Nerfed bc too good\n|-enditem|p2a: Nerfed bc too good|Focus Sash\n|-damage|p2a: Nerfed bc too good|1\/100\n|move|p2a: Nerfed bc too good|Shadow Ball|p1a: Rain\u2019s best friend\n|-damage|p1a: Rain\u2019s best friend|61\/100\n|\n|upkeep\n|turn|4\n|\n|t:|1700593788\n|move|p1a: Rain\u2019s best friend|Ivy Cudgel|p2a: Nerfed bc too good|[anim] Ivy Cudgel Water\n|-supereffective|p2a: Nerfed bc too good\n|-damage|p2a: Nerfed bc too good|0 fnt\n|faint|p2a: Nerfed bc too good\n|\n|upkeep\n|\n|t:|1700593794\n|switch|p2a: I needed a sixth|Scizor, F|100\/100\n|turn|5\n|\n|t:|1700593798\n|move|p1a: Rain\u2019s best friend|Swords Dance|p1a: Rain\u2019s best friend\n|-boost|p1a: Rain\u2019s best friend|atk|2\n|move|p2a: I needed a sixth|Dual Wingbeat|p1a: Rain\u2019s best friend|[miss]\n|-miss|p2a: I needed a sixth|p1a: Rain\u2019s best friend\n|\n|upkeep\n|turn|6\n|\n|t:|1700593805\n|move|p1a: Rain\u2019s best friend|Ivy Cudgel|p2a: I needed a sixth|[anim] Ivy Cudgel Water\n|-damage|p2a: I needed a sixth|0 fnt\n|faint|p2a: I needed a sixth\n|\n|upkeep\n|c|\u2606Ban Stall Pokemon|That miss is annoying\n|c|\u2606Knocking me down|Happens\n|\n|t:|1700593827\n|switch|p2a: Buffed|Ceruledge, M|100\/100\n|turn|7\n|c|\u2606Knocking me down|don\u2019t you have bug bite?\n|inactive|Ban Stall Pokemon has 120 seconds left.\n|c|\u2606Ban Stall Pokemon|No, I have u turn for bug stab\n|\n|t:|1700593850\n|move|p1a: Rain\u2019s best friend|Stomping Tantrum|p2a: Buffed\n|-supereffective|p2a: Buffed\n|-enditem|p2a: Buffed|Focus Sash\n|-damage|p2a: Buffed|1\/100\n|-ability|p2a: Buffed|Weak Armor|boost\n|-unboost|p2a: Buffed|def|1\n|-boost|p2a: Buffed|spe|2\n|move|p2a: Buffed|Poltergeist|p1a: Rain\u2019s best friend\n|-activate|p1a: Rain\u2019s best friend|move: Poltergeist|Wellspring Mask\n|-damage|p1a: Rain\u2019s best friend|0 fnt\n|faint|p1a: Rain\u2019s best friend\n|\n|upkeep\n|c|\u2606Knocking me down|Fair\n|c|\u2606Knocking me down|Bug bite is good for technician\n|c|\u2606Knocking me down|but pivots are good\n|\n|t:|1700593874\n|switch|p1a: No mercy|Manaphy|100\/100\n|turn|8\n|c|\u2606Ban Stall Pokemon|Bug stab is not that usefull\n|inactive|Ban Stall Pokemon has 120 seconds left.\n|c|\u2606Knocking me down|True\n|\n|t:|1700593890\n|move|p2a: Buffed|Poltergeist|p1a: No mercy\n|-activate|p1a: No mercy|move: Poltergeist|Leftovers\n|-damage|p1a: No mercy|43\/100\n|move|p1a: No mercy|Surf|p2a: Buffed\n|-supereffective|p2a: Buffed\n|-damage|p2a: Buffed|0 fnt\n|faint|p2a: Buffed\n|\n|-heal|p1a: No mercy|49\/100|[from] item: Leftovers\n|-sideend|p1: Knocking me down|move: Light Screen\n|upkeep\n|inactive|Ban Stall Pokemon has 120 seconds left.\n|c|\u2606Knocking me down|but since ogerpon is so common\n|\n|t:|1700593896\n|switch|p2a: Fast|Dragapult, F|100\/100\n|turn|9\n|inactive|Ban Stall Pokemon has 120 seconds left.\n|c|\u2606Ban Stall Pokemon|That is why I have dual wingbeat, it is double boosted\n|\n|t:|1700593928\n|move|p2a: Fast|Thunderbolt|p1a: No mercy\n|-supereffective|p1a: No mercy\n|-damage|p1a: No mercy|0 fnt\n|faint|p1a: No mercy\n|\n|upkeep\n|c|\u2606Knocking me down|Works\n|\n|t:|1700593933\n|switch|p1a: Jetstream Sam|Ceruledge, F|100\/100\n|turn|10\n|\n|t:|1700593947\n|switch|p2a: Reserve lead|Greninja, M|100\/100\n|move|p1a: Jetstream Sam|Endure||[still]\n|-fail|p1a: Jetstream Sam\n|\n|upkeep\n|turn|11\n|\n|t:|1700593955\n|switch|p1a: Annoying ass|Grimmsnarl, M|67\/100 brn\n|move|p2a: Reserve lead|Surf|p1a: Annoying ass\n|-damage|p1a: Annoying ass|8\/100 brn\n|\n|-damage|p1a: Annoying ass|2\/100 brn|[from] brn\n|upkeep\n|turn|12\n|\n|t:|1700593963\n|switch|p2a: Only good defoger|Talonflame, F|100\/100\n|move|p1a: Annoying ass|Light Screen|p1a: Annoying ass\n|-sidestart|p1: Knocking me down|move: Light Screen\n|\n|-damage|p1a: Annoying ass|0 fnt|[from] brn\n|faint|p1a: Annoying ass\n|upkeep\n|\n|t:|1700593973\n|switch|p1a: Can\u2019t quiver|Iron Moth|100\/100\n|-enditem|p1a: Can\u2019t quiver|Booster Energy\n|-activate|p1a: Can\u2019t quiver|ability: Quark Drive|[fromitem]\n|-start|p1a: Can\u2019t quiver|quarkdrivespa\n|turn|13\n|\n|t:|1700593978\n|move|p2a: Only good defoger|Defog|p1a: Can\u2019t quiver\n|-unboost|p1a: Can\u2019t quiver|evasion|1\n|-sideend|p1: Knocking me down|move: Light Screen\n|move|p1a: Can\u2019t quiver|Discharge|p2a: Only good defoger\n|-supereffective|p2a: Only good defoger\n|-damage|p2a: Only good defoger|0 fnt\n|faint|p2a: Only good defoger\n|\n|upkeep\n|\n|t:|1700593984\n|switch|p2a: Reserve lead|Greninja, M|100\/100\n|turn|14\n|\n|t:|1700593990\n|-terastallize|p1a: Can\u2019t quiver|Flying\n|move|p2a: Reserve lead|Surf|p1a: Can\u2019t quiver\n|-damage|p1a: Can\u2019t quiver|36\/100\n|move|p1a: Can\u2019t quiver|Discharge|p2a: Reserve lead\n|-supereffective|p2a: Reserve lead\n|-damage|p2a: Reserve lead|0 fnt\n|faint|p2a: Reserve lead\n|\n|upkeep\n|\n|t:|1700593996\n|switch|p2a: Fast|Dragapult, F|100\/100\n|turn|15\n|\n|t:|1700594002\n|move|p2a: Fast|Shadow Ball|p1a: Can\u2019t quiver\n|-crit|p1a: Can\u2019t quiver\n|-damage|p1a: Can\u2019t quiver|0 fnt\n|faint|p1a: Can\u2019t quiver\n|-end|p1a: Can\u2019t quiver|Quark Drive|[silent]\n|\n|upkeep\n|\n|t:|1700594006\n|switch|p1a: Jetstream Sam|Ceruledge, F|100\/100\n|turn|16\n|\n|t:|1700594010\n|-terastallize|p2a: Fast|Electric\n|move|p1a: Jetstream Sam|Endure|p1a: Jetstream Sam\n|-singleturn|p1a: Jetstream Sam|move: Endure\n|move|p2a: Fast|Shadow Ball|p1a: Jetstream Sam\n|-supereffective|p1a: Jetstream Sam\n|-damage|p1a: Jetstream Sam|14\/100\n|-enditem|p1a: Jetstream Sam|Weakness Policy\n|-boost|p1a: Jetstream Sam|atk|2|[from] item: Weakness Policy\n|-boost|p1a: Jetstream Sam|spa|2|[from] item: Weakness Policy\n|\n|upkeep\n|turn|17\n|\n|t:|1700594015\n|move|p1a: Jetstream Sam|Shadow Sneak|p2a: Fast\n|-damage|p2a: Fast|36\/100\n|move|p2a: Fast|Shadow Ball|p1a: Jetstream Sam\n|-supereffective|p1a: Jetstream Sam\n|-damage|p1a: Jetstream Sam|0 fnt\n|faint|p1a: Jetstream Sam\n|\n|upkeep\n|\n|t:|1700594021\n|switch|p1a: Kill\/them|Iron Valiant|100\/100\n|-enditem|p1a: Kill\/them|Booster Energy\n|-activate|p1a: Kill\/them|ability: Quark Drive|[fromitem]\n|-start|p1a: Kill\/them|quarkdrivespe\n|turn|18\n|\n|t:|1700594028\n|move|p2a: Fast|Shadow Ball|p1a: Kill\/them\n|-damage|p1a: Kill\/them|34\/100\n|-unboost|p1a: Kill\/them|spd|1\n|move|p1a: Kill\/them|Close Combat|p2a: Fast\n|-crit|p2a: Fast\n|-damage|p2a: Fast|0 fnt\n|-unboost|p1a: Kill\/them|def|1\n|-unboost|p1a: Kill\/them|spd|1\n|faint|p2a: Fast\n|\n|win|Knocking me down\n|raw|Knocking me down's rating: 1086 &rarr; <strong>1111<\/strong><br \/>(+25 for winning)\n|raw|Ban Stall Pokemon's rating: 1053 &rarr; <strong>1037<\/strong><br \/>(-16 for losing)\n|c|\u2606Ban Stall Pokemon|gg\n|c|\u2606Knocking me down|ggs\n|l|\u2606Ban Stall Pokemon\n|c|\u2606Knocking me down|Stay loyal to your username\n","uploadtime":1700594044,"views":2,"p1id":"knockingmedown","p2id":"banstallpokemon","formatid":"gen9ou","rating":1037,"private":0,"password":""}