{"id":"gen9ou-1991319566","p1":"ASNUFSANGU","p2":"RayParK_","format":"[Gen 9] OU","log":"|j|\u2606ASNUFSANGU\n|j|\u2606RayParK_\n|t:|1700067236\n|gametype|singles\n|player|p1|ASNUFSANGU|backpacker|1577\n|player|p2|RayParK_|169|1658\n|teamsize|p1|6\n|teamsize|p2|6\n|gen|9\n|tier|[Gen 9] OU\n|rated|\n|rule|Sleep Clause Mod: Limit one foe put to sleep\n|rule|Species Clause: Limit one of each Pok\u00e9mon\n|rule|OHKO Clause: OHKO moves are banned\n|rule|Evasion Items Clause: Evasion items are banned\n|rule|Evasion Moves Clause: Evasion moves are banned\n|rule|Endless Battle Clause: Forcing endless battles is banned\n|rule|HP Percentage Mod: HP is shown in percentages\n|clearpoke\n|poke|p1|Landorus-Therian, M|\n|poke|p1|Hoopa-Unbound|\n|poke|p1|Ambipom, F|\n|poke|p1|Kingambit, M|\n|poke|p1|Dragonite, F|\n|poke|p1|Iron Hands|\n|poke|p2|Great Tusk|\n|poke|p2|Slowking-Galar, M|\n|poke|p2|Kingambit, M|\n|poke|p2|Zamazenta-*|\n|poke|p2|Landorus-Therian, M|\n|poke|p2|Gholdengo|\n|teampreview\n|\n|t:|1700067244\n|start\n|switch|p1a: Discount Machamp|Ambipom, F|100\/100\n|switch|p2a: Slowking|Slowking-Galar, M|100\/100\n|turn|1\n|\n|t:|1700067254\n|switch|p2a: Landorus|Landorus-Therian, M, shiny|100\/100\n|-ability|p2a: Landorus|Intimidate|boost\n|-unboost|p1a: Discount Machamp|atk|1\n|move|p1a: Discount Machamp|Beat Up|p2a: Landorus\n|-damage|p2a: Landorus|96\/100\n|-damage|p2a: Landorus|89\/100\n|-damage|p2a: Landorus|83\/100\n|-damage|p2a: Landorus|78\/100\n|-damage|p2a: Landorus|72\/100\n|-damage|p2a: Landorus|67\/100\n|-hitcount|p2a: Landorus|6\n|\n|upkeep\n|turn|2\n|\n|t:|1700067268\n|switch|p1a: Lion King|Landorus-Therian, M|100\/100\n|-ability|p1a: Lion King|Intimidate|boost\n|-unboost|p2a: Landorus|atk|1\n|move|p2a: Landorus|Earthquake|p1a: Lion King\n|-immune|p1a: Lion King\n|\n|upkeep\n|turn|3\n|\n|t:|1700067276\n|move|p2a: Landorus|Stealth Rock|p1a: Lion King\n|-sidestart|p1: ASNUFSANGU|move: Stealth Rock\n|move|p1a: Lion King|U-turn|p2a: Landorus\n|-resisted|p2a: Landorus\n|-damage|p2a: Landorus|59\/100\n|\n|t:|1700067289\n|switch|p1a: Discount Machamp|Ambipom, F|100\/100|[from] U-turn\n|-damage|p1a: Discount Machamp|88\/100|[from] Stealth Rock\n|\n|upkeep\n|turn|4\n|\n|t:|1700067296\n|switch|p2a: Great Tusk|Great Tusk|100\/100\n|move|p1a: Discount Machamp|U-turn|p2a: Great Tusk\n|-resisted|p2a: Great Tusk\n|-damage|p2a: Great Tusk|93\/100\n|\n|t:|1700067305\n|switch|p1a: Lion King|Landorus-Therian, M|100\/100|[from] U-turn\n|-damage|p1a: Lion King|88\/100|[from] Stealth Rock\n|-ability|p1a: Lion King|Intimidate|boost\n|-unboost|p2a: Great Tusk|atk|1\n|\n|-heal|p1a: Lion King|94\/100|[from] item: Leftovers\n|upkeep\n|turn|5\n|\n|t:|1700067315\n|-end|p2a: Great Tusk|Protosynthesis|[silent]\n|switch|p2a: Zamazenta|Zamazenta|100\/100\n|-ability|p2a: Zamazenta|Dauntless Shield|boost\n|-boost|p2a: Zamazenta|def|1\n|move|p1a: Lion King|Earthquake|p2a: Zamazenta\n|-damage|p2a: Zamazenta|71\/100\n|\n|-heal|p1a: Lion King|99\/100|[from] item: Leftovers\n|upkeep\n|turn|6\n|\n|t:|1700067322\n|move|p2a: Zamazenta|Ice Fang|p1a: Lion King|[miss]\n|-miss|p2a: Zamazenta|p1a: Lion King\n|move|p1a: Lion King|U-turn|p2a: Zamazenta\n|-resisted|p2a: Zamazenta\n|-damage|p2a: Zamazenta|63\/100\n|\n|t:|1700067330\n|switch|p1a: Event Horizon|Hoopa-Unbound|100\/100|[from] U-turn\n|-damage|p1a: Event Horizon|88\/100|[from] Stealth Rock\n|\n|upkeep\n|turn|7\n|\n|t:|1700067339\n|switch|p2a: Kingambit|Kingambit, M|100\/100\n|move|p1a: Event Horizon|Psychic|p2a: Kingambit\n|-immune|p2a: Kingambit\n|\n|upkeep\n|turn|8\n|\n|t:|1700067349\n|move|p1a: Event Horizon|Drain Punch|p2a: Kingambit\n|-supereffective|p2a: Kingambit\n|-damage|p2a: Kingambit|15\/100\n|-heal|p1a: Event Horizon|100\/100|[from] drain|[of] p2a: Kingambit\n|move|p2a: Kingambit|Iron Head|p1a: Event Horizon\n|-damage|p1a: Event Horizon|29\/100\n|\n|upkeep\n|turn|9\n|\n|t:|1700067362\n|switch|p1a: Lion King|Landorus-Therian, M|99\/100\n|-damage|p1a: Lion King|88\/100|[from] Stealth Rock\n|-ability|p1a: Lion King|Intimidate|boost\n|-unboost|p2a: Kingambit|atk|1\n|move|p2a: Kingambit|Sucker Punch||[still]\n|-fail|p2a: Kingambit\n|\n|-heal|p1a: Lion King|94\/100|[from] item: Leftovers\n|upkeep\n|turn|10\n|\n|t:|1700067375\n|-end|p2a: Kingambit|fallenundefined|[silent]\n|switch|p2a: Landorus|Landorus-Therian, M, shiny|59\/100\n|-ability|p2a: Landorus|Intimidate|boost\n|-unboost|p1a: Lion King|atk|1\n|move|p1a: Lion King|Stealth Rock|p2a: Landorus\n|-sidestart|p2: RayParK_|move: Stealth Rock\n|\n|-heal|p1a: Lion King|99\/100|[from] item: Leftovers\n|upkeep\n|turn|11\n|\n|t:|1700067383\n|move|p2a: Landorus|Stone Edge|p1a: Lion King\n|-crit|p1a: Lion King\n|-damage|p1a: Lion King|69\/100\n|move|p1a: Lion King|U-turn|p2a: Landorus\n|-resisted|p2a: Landorus\n|-damage|p2a: Landorus|54\/100\n|\n|t:|1700067391\n|switch|p1a: Discount Machamp|Ambipom, F|88\/100|[from] U-turn\n|-damage|p1a: Discount Machamp|76\/100|[from] Stealth Rock\n|\n|upkeep\n|turn|12\n|\n|t:|1700067413\n|move|p1a: Discount Machamp|U-turn|p2a: Landorus\n|-resisted|p2a: Landorus\n|-damage|p2a: Landorus|44\/100\n|\n|t:|1700067419\n|switch|p1a: Lion King|Landorus-Therian, M|69\/100|[from] U-turn\n|-damage|p1a: Lion King|57\/100|[from] Stealth Rock\n|-ability|p1a: Lion King|Intimidate|boost\n|-unboost|p2a: Landorus|atk|1\n|move|p2a: Landorus|Earthquake|p1a: Lion King\n|-immune|p1a: Lion King\n|\n|-heal|p1a: Lion King|63\/100|[from] item: Leftovers\n|upkeep\n|turn|13\n|\n|t:|1700067431\n|switch|p2a: Zamazenta|Zamazenta|63\/100\n|-damage|p2a: Zamazenta|57\/100|[from] Stealth Rock\n|move|p1a: Lion King|U-turn|p2a: Zamazenta\n|-resisted|p2a: Zamazenta\n|-damage|p2a: Zamazenta|47\/100\n|\n|t:|1700067439\n|switch|p1a: Discount Machamp|Ambipom, F|76\/100|[from] U-turn\n|-damage|p1a: Discount Machamp|63\/100|[from] Stealth Rock\n|\n|upkeep\n|turn|14\n|\n|t:|1700067444\n|move|p1a: Discount Machamp|Fake Out|p2a: Zamazenta\n|-damage|p2a: Zamazenta|13\/100\n|cant|p2a: Zamazenta|flinch\n|\n|upkeep\n|turn|15\n|\n|t:|1700067458\n|switch|p1a: Lion King|Landorus-Therian, M|63\/100\n|-damage|p1a: Lion King|50\/100|[from] Stealth Rock\n|-ability|p1a: Lion King|Intimidate|boost\n|-unboost|p2a: Zamazenta|atk|1\n|move|p2a: Zamazenta|Ice Fang|p1a: Lion King\n|-supereffective|p1a: Lion King\n|-damage|p1a: Lion King|0 fnt\n|faint|p1a: Lion King\n|\n|upkeep\n|\n|t:|1700067462\n|switch|p1a: Discount Machamp|Ambipom, F|63\/100\n|-damage|p1a: Discount Machamp|51\/100|[from] Stealth Rock\n|turn|16\n|\n|t:|1700067474\n|switch|p2a: Great Tusk|Great Tusk|93\/100\n|-damage|p2a: Great Tusk|90\/100|[from] Stealth Rock\n|move|p1a: Discount Machamp|U-turn|p2a: Great Tusk\n|-resisted|p2a: Great Tusk\n|-damage|p2a: Great Tusk|83\/100\n|\n|t:|1700067504\n|switch|p1a: Puff|Dragonite, F|100\/100|[from] U-turn\n|\n|upkeep\n|turn|17\n|\n|t:|1700067513\n|move|p1a: Puff|Dragon Dance|p1a: Puff\n|-boost|p1a: Puff|atk|1\n|-boost|p1a: Puff|spe|1\n|move|p2a: Great Tusk|Rapid Spin|p1a: Puff\n|-damage|p1a: Puff|94\/100\n|-boost|p2a: Great Tusk|spe|1\n|-sideend|p2: RayParK_|Stealth Rock|[from] move: Rapid Spin|[of] p2a: Great Tusk\n|\n|upkeep\n|turn|18\n|\n|t:|1700067521\n|move|p1a: Puff|Roost|p1a: Puff\n|-heal|p1a: Puff|100\/100\n|-singleturn|p1a: Puff|move: Roost\n|move|p2a: Great Tusk|Head Smash|p1a: Puff\n|-damage|p1a: Puff|78\/100\n|-damage|p2a: Great Tusk|74\/100|[from] Recoil\n|\n|upkeep\n|turn|19\n|\n|t:|1700067534\n|move|p1a: Puff|Roost|p1a: Puff\n|-heal|p1a: Puff|100\/100\n|-singleturn|p1a: Puff|move: Roost\n|move|p2a: Great Tusk|Head Smash|p1a: Puff\n|-damage|p1a: Puff|79\/100\n|-damage|p2a: Great Tusk|65\/100|[from] Recoil\n|\n|upkeep\n|turn|20\n|\n|t:|1700067545\n|move|p1a: Puff|Roost|p1a: Puff\n|-heal|p1a: Puff|100\/100\n|-singleturn|p1a: Puff|move: Roost\n|move|p2a: Great Tusk|Rapid Spin|p1a: Puff\n|-crit|p1a: Puff\n|-damage|p1a: Puff|90\/100\n|-boost|p2a: Great Tusk|spe|1\n|\n|upkeep\n|turn|21\n|\n|t:|1700067560\n|-terastallize|p1a: Puff|Normal\n|move|p2a: Great Tusk|Head Smash|p1a: Puff\n|-damage|p1a: Puff|48\/100\n|-damage|p2a: Great Tusk|47\/100|[from] Recoil\n|move|p1a: Puff|Dragon Dance|p1a: Puff\n|-boost|p1a: Puff|atk|1\n|-boost|p1a: Puff|spe|1\n|\n|upkeep\n|turn|22\n|\n|t:|1700067569\n|move|p1a: Puff|Earthquake|p2a: Great Tusk\n|-damage|p2a: Great Tusk|11\/100\n|move|p2a: Great Tusk|Close Combat|p1a: Puff\n|-supereffective|p1a: Puff\n|-damage|p1a: Puff|0 fnt\n|-unboost|p2a: Great Tusk|def|1\n|-unboost|p2a: Great Tusk|spd|1\n|faint|p1a: Puff\n|\n|upkeep\n|\n|t:|1700067575\n|switch|p1a: Discount Machamp|Ambipom, F|51\/100\n|-damage|p1a: Discount Machamp|39\/100|[from] Stealth Rock\n|turn|23\n|inactive|Battle timer is ON: inactive players will automatically lose when time's up. (requested by ASNUFSANGU)\n|\n|t:|1700067647\n|move|p1a: Discount Machamp|Fake Out|p2a: Great Tusk\n|-damage|p2a: Great Tusk|0 fnt\n|faint|p2a: Great Tusk\n|-end|p2a: Great Tusk|Protosynthesis|[silent]\n|\n|upkeep\n|\n|t:|1700067653\n|switch|p2a: Landorus|Landorus-Therian, M, shiny|44\/100\n|-ability|p2a: Landorus|Intimidate|boost\n|-unboost|p1a: Discount Machamp|atk|1\n|turn|24\n|\n|t:|1700067659\n|switch|p1a: Event Horizon|Hoopa-Unbound|29\/100\n|-damage|p1a: Event Horizon|16\/100|[from] Stealth Rock\n|move|p2a: Landorus|Earthquake|p1a: Event Horizon\n|-damage|p1a: Event Horizon|0 fnt\n|faint|p1a: Event Horizon\n|\n|upkeep\n|inactive|ASNUFSANGU has 120 seconds left.\n|\n|t:|1700067690\n|switch|p1a: Discount Machamp|Ambipom, F|39\/100\n|-damage|p1a: Discount Machamp|26\/100|[from] Stealth Rock\n|turn|25\n|inactive|ASNUFSANGU has 120 seconds left.\n|\n|t:|1700067701\n|switch|p2a: Gholdengo|Gholdengo|100\/100\n|move|p1a: Discount Machamp|Double Hit|p2a: Gholdengo\n|-immune|p2a: Gholdengo\n|\n|upkeep\n|turn|26\n|\n|t:|1700067710\n|switch|p1a: Joy Buzzer|Iron Hands|100\/100\n|-damage|p1a: Joy Buzzer|94\/100|[from] Stealth Rock\n|move|p2a: Gholdengo|Make It Rain|p1a: Joy Buzzer\n|-resisted|p1a: Joy Buzzer\n|-damage|p1a: Joy Buzzer|75\/100\n|-unboost|p2a: Gholdengo|spa|1\n|\n|upkeep\n|turn|27\n|inactive|ASNUFSANGU has 120 seconds left.\n|\n|t:|1700067733\n|switch|p2a: Slowking|Slowking-Galar, M|100\/100\n|move|p1a: Joy Buzzer|Ice Punch|p2a: Slowking\n|-damage|p2a: Slowking|68\/100\n|-status|p2a: Slowking|frz\n|\n|upkeep\n|turn|28\n|inactive|ASNUFSANGU has 120 seconds left.\n|\n|t:|1700067746\n|-end|p1a: Joy Buzzer|Quark Drive|[silent]\n|switch|p1a: Discount Machamp|Ambipom, F|26\/100\n|-damage|p1a: Discount Machamp|14\/100|[from] Stealth Rock\n|cant|p2a: Slowking|frz\n|\n|upkeep\n|turn|29\n|\n|t:|1700067753\n|move|p1a: Discount Machamp|U-turn|p2a: Slowking\n|-damage|p2a: Slowking|38\/100 frz\n|\n|t:|1700067757\n|switch|p1a: Ulysess|Kingambit, M|100\/100|[from] U-turn\n|-damage|p1a: Ulysess|94\/100|[from] Stealth Rock\n|-activate|p1a: Ulysess|ability: Supreme Overlord\n|-start|p1a: Ulysess|fallen3|[silent]\n|cant|p2a: Slowking|frz\n|\n|-heal|p1a: Ulysess|100\/100|[from] item: Leftovers\n|upkeep\n|turn|30\n|\n|t:|1700067768\n|move|p1a: Ulysess|Swords Dance|p1a: Ulysess\n|-boost|p1a: Ulysess|atk|2\n|cant|p2a: Slowking|frz\n|\n|upkeep\n|turn|31\n|\n|t:|1700067778\n|move|p1a: Ulysess|Kowtow Cleave|p2a: Slowking\n|-supereffective|p2a: Slowking\n|-damage|p2a: Slowking|0 fnt\n|faint|p2a: Slowking\n|\n|upkeep\n|\n|t:|1700067785\n|switch|p2a: Landorus|Landorus-Therian, M, shiny|44\/100\n|-ability|p2a: Landorus|Intimidate|boost\n|-unboost|p1a: Ulysess|atk|1\n|turn|32\n|\n|t:|1700067795\n|switch|p2a: Gholdengo|Gholdengo|100\/100\n|move|p1a: Ulysess|Kowtow Cleave|p2a: Gholdengo\n|-supereffective|p2a: Gholdengo\n|-damage|p2a: Gholdengo|0 fnt\n|faint|p2a: Gholdengo\n|\n|upkeep\n|\n|t:|1700067805\n|switch|p2a: Zamazenta|Zamazenta|13\/100\n|turn|33\n|\n|t:|1700067814\n|switch|p2a: Landorus|Landorus-Therian, M, shiny|44\/100\n|-ability|p2a: Landorus|Intimidate|boost\n|-unboost|p1a: Ulysess|atk|1\n|move|p1a: Ulysess|Sucker Punch||[still]\n|-fail|p1a: Ulysess\n|\n|upkeep\n|turn|34\n|\n|t:|1700067822\n|move|p2a: Landorus|Earthquake|p1a: Ulysess\n|-supereffective|p1a: Ulysess\n|-damage|p1a: Ulysess|36\/100\n|move|p1a: Ulysess|Iron Head|p2a: Landorus\n|-damage|p2a: Landorus|5\/100\n|\n|-heal|p1a: Ulysess|42\/100|[from] item: Leftovers\n|upkeep\n|turn|35\n|\n|t:|1700067847\n|move|p1a: Ulysess|Sucker Punch|p2a: Landorus\n|-damage|p2a: Landorus|0 fnt\n|faint|p2a: Landorus\n|\n|-heal|p1a: Ulysess|48\/100|[from] item: Leftovers\n|upkeep\n|\n|t:|1700067855\n|switch|p2a: Kingambit|Kingambit, M|15\/100\n|-activate|p2a: Kingambit|ability: Supreme Overlord\n|-start|p2a: Kingambit|fallen4|[silent]\n|turn|36\n|\n|t:|1700067861\n|move|p2a: Kingambit|Sucker Punch|p1a: Ulysess\n|-resisted|p1a: Ulysess\n|-damage|p1a: Ulysess|23\/100\n|move|p1a: Ulysess|Iron Head|p2a: Kingambit\n|-resisted|p2a: Kingambit\n|-crit|p2a: Kingambit\n|-damage|p2a: Kingambit|0 fnt\n|faint|p2a: Kingambit\n|-end|p2a: Kingambit|fallen4|[silent]\n|\n|-heal|p1a: Ulysess|29\/100|[from] item: Leftovers\n|upkeep\n|c|\u2606ASNUFSANGU|gg\n|-message|RayParK_ forfeited.\n|\n|win|ASNUFSANGU\n|raw|ASNUFSANGU's rating: 1577 &rarr; <strong>1602<\/strong><br \/>(+25 for winning)\n|raw|RayParK_'s rating: 1658 &rarr; <strong>1633<\/strong><br \/>(-25 for losing)\n|l|\u2606RayParK_\n","uploadtime":1700067878,"views":6,"p1id":"asnufsangu","p2id":"raypark","formatid":"gen9ou","rating":1602,"private":0,"password":""}