{"id":"gen9ou-1990711347","p1":"vyuiowe","p2":"Cinny69","format":"[Gen 9] OU","log":"|j|\u2606vyuiowe\n|j|\u2606Cinny69\n|t:|1699993886\n|gametype|singles\n|player|p1|vyuiowe|pokemonranger-gen4|1571\n|player|p2|Cinny69|rika|1471\n|teamsize|p1|6\n|teamsize|p2|6\n|gen|9\n|tier|[Gen 9] OU\n|rated|\n|rule|Sleep Clause Mod: Limit one foe put to sleep\n|rule|Species Clause: Limit one of each Pok\u00e9mon\n|rule|OHKO Clause: OHKO moves are banned\n|rule|Evasion Items Clause: Evasion items are banned\n|rule|Evasion Moves Clause: Evasion moves are banned\n|rule|Endless Battle Clause: Forcing endless battles is banned\n|rule|HP Percentage Mod: HP is shown in percentages\n|clearpoke\n|poke|p1|Dondozo, F|\n|poke|p1|Clefable, F|\n|poke|p1|Dragapult, F|\n|poke|p1|Skeledirge, M|\n|poke|p1|Meowscarada, F|\n|poke|p1|Zapdos|\n|poke|p2|Revavroom, F|\n|poke|p2|Iron Valiant|\n|poke|p2|Rotom-Wash|\n|poke|p2|Hydreigon, M|\n|poke|p2|Mandibuzz, F|\n|poke|p2|Milotic, M|\n|teampreview\n|inactive|Battle timer is ON: inactive players will automatically lose when time's up. (requested by Cinny69)\n|\n|t:|1699993900\n|start\n|switch|p1a: Meowscarada|Meowscarada, F|100\/100\n|switch|p2a: Mandibuzz|Mandibuzz, F|100\/100\n|turn|1\n|\n|t:|1699993906\n|move|p1a: Meowscarada|U-turn|p2a: Mandibuzz\n|-damage|p2a: Mandibuzz|84\/100\n|\n|t:|1699993907\n|switch|p1a: Zapdos|Zapdos|100\/100|[from] U-turn\n|move|p2a: Mandibuzz|Toxic|p1a: Zapdos\n|-status|p1a: Zapdos|tox\n|\n|-damage|p1a: Zapdos|94\/100 tox|[from] psn\n|upkeep\n|turn|2\n|\n|t:|1699993917\n|switch|p2a: Rotom|Rotom-Wash|100\/100\n|move|p1a: Zapdos|Thunder Wave|p2a: Rotom\n|-immune|p2a: Rotom\n|\n|-damage|p1a: Zapdos|82\/100 tox|[from] psn\n|upkeep\n|turn|3\n|\n|t:|1699993925\n|move|p2a: Rotom|Protect|p2a: Rotom\n|-singleturn|p2a: Rotom|Protect\n|move|p1a: Zapdos|Volt Switch|p2a: Rotom\n|-activate|p2a: Rotom|move: Protect\n|\n|-damage|p1a: Zapdos|63\/100 tox|[from] psn\n|upkeep\n|turn|4\n|\n|t:|1699993935\n|move|p1a: Zapdos|Roost|p1a: Zapdos\n|-heal|p1a: Zapdos|100\/100 tox\n|-singleturn|p1a: Zapdos|move: Roost\n|move|p2a: Rotom|Thunder Wave||[still]\n|-fail|p2a: Rotom\n|\n|-damage|p1a: Zapdos|75\/100 tox|[from] psn\n|upkeep\n|turn|5\n|\n|t:|1699993944\n|switch|p1a: Clefable|Clefable, F|100\/100\n|move|p2a: Rotom|Hydro Pump|p1a: Clefable\n|-damage|p1a: Clefable|61\/100\n|\n|-heal|p1a: Clefable|68\/100|[from] item: Leftovers\n|upkeep\n|turn|6\n|\n|t:|1699993952\n|move|p2a: Rotom|Thunder Wave|p1a: Clefable\n|-status|p1a: Clefable|par\n|move|p1a: Clefable|Knock Off|p2a: Rotom\n|-crit|p2a: Rotom\n|-damage|p2a: Rotom|81\/100\n|-enditem|p2a: Rotom|Leftovers|[from] move: Knock Off|[of] p1a: Clefable\n|\n|-heal|p1a: Clefable|74\/100 par|[from] item: Leftovers\n|upkeep\n|turn|7\n|\n|t:|1699993961\n|move|p2a: Rotom|Volt Switch|p1a: Clefable\n|-damage|p1a: Clefable|51\/100 par\n|\n|t:|1699993969\n|switch|p2a: Revavroom|Revavroom, F|100\/100|[from] Volt Switch\n|-item|p2a: Revavroom|Air Balloon\n|move|p1a: Clefable|Stealth Rock|p2a: Revavroom\n|-sidestart|p2: Cinny69|move: Stealth Rock\n|\n|-heal|p1a: Clefable|57\/100 par|[from] item: Leftovers\n|upkeep\n|turn|8\n|\n|t:|1699993980\n|switch|p1a: Dragapult|Dragapult, F|100\/100\n|move|p2a: Revavroom|Gunk Shot|p1a: Dragapult\n|-resisted|p1a: Dragapult\n|-damage|p1a: Dragapult|49\/100\n|\n|upkeep\n|turn|9\n|\n|t:|1699993987\n|move|p1a: Dragapult|Will-O-Wisp|p2a: Revavroom\n|-status|p2a: Revavroom|brn\n|move|p2a: Revavroom|Gunk Shot|p1a: Dragapult\n|-resisted|p1a: Dragapult\n|-damage|p1a: Dragapult|23\/100\n|-status|p1a: Dragapult|psn\n|\n|-damage|p1a: Dragapult|11\/100 psn|[from] psn\n|-damage|p2a: Revavroom|95\/100 brn|[from] brn\n|upkeep\n|turn|10\n|\n|t:|1699993998\n|move|p1a: Dragapult|U-turn|p2a: Revavroom\n|-resisted|p2a: Revavroom\n|-damage|p2a: Revavroom|89\/100 brn\n|-enditem|p2a: Revavroom|Air Balloon\n|\n|t:|1699994002\n|switch|p1a: Dondozo|Dondozo, F|100\/100|[from] U-turn\n|move|p2a: Revavroom|Gunk Shot|p1a: Dondozo\n|-damage|p1a: Dondozo|81\/100\n|\n|-damage|p2a: Revavroom|83\/100 brn|[from] brn\n|upkeep\n|turn|11\n|\n|t:|1699994012\n|switch|p2a: Rotom|Rotom-Wash|81\/100\n|-damage|p2a: Rotom|69\/100|[from] Stealth Rock\n|move|p1a: Dondozo|Earthquake|p2a: Rotom\n|-immune|p2a: Rotom|[from] ability: Levitate\n|\n|upkeep\n|turn|12\n|\n|t:|1699994020\n|switch|p1a: Clefable|Clefable, F|57\/100 par\n|move|p2a: Rotom|Volt Switch|p1a: Clefable\n|-damage|p1a: Clefable|32\/100 par\n|\n|t:|1699994029\n|switch|p2a: Revavroom|Revavroom, F|83\/100 brn|[from] Volt Switch\n|-damage|p2a: Revavroom|77\/100 brn|[from] Stealth Rock\n|\n|-heal|p1a: Clefable|38\/100 par|[from] item: Leftovers\n|-damage|p2a: Revavroom|71\/100 brn|[from] brn\n|upkeep\n|turn|13\n|\n|t:|1699994037\n|switch|p1a: Dondozo|Dondozo, F|81\/100\n|move|p2a: Revavroom|Gunk Shot|p1a: Dondozo|[miss]\n|-miss|p2a: Revavroom|p1a: Dondozo\n|\n|-damage|p2a: Revavroom|65\/100 brn|[from] brn\n|upkeep\n|turn|14\n|\n|t:|1699994045\n|move|p2a: Revavroom|Gunk Shot|p1a: Dondozo\n|-damage|p1a: Dondozo|62\/100\n|-status|p1a: Dondozo|psn\n|move|p1a: Dondozo|Earthquake|p2a: Revavroom\n|-supereffective|p2a: Revavroom\n|-damage|p2a: Revavroom|0 fnt\n|faint|p2a: Revavroom\n|\n|-damage|p1a: Dondozo|50\/100 psn|[from] psn\n|upkeep\n|\n|t:|1699994056\n|switch|p2a: Hydreigon|Hydreigon, M, shiny|100\/100\n|-damage|p2a: Hydreigon|88\/100|[from] Stealth Rock\n|turn|15\n|\n|t:|1699994065\n|move|p2a: Hydreigon|Nasty Plot|p2a: Hydreigon\n|-boost|p2a: Hydreigon|spa|2\n|move|p1a: Dondozo|Avalanche|p2a: Hydreigon\n|-supereffective|p2a: Hydreigon\n|-damage|p2a: Hydreigon|54\/100\n|\n|-heal|p2a: Hydreigon|60\/100|[from] item: Leftovers\n|-damage|p1a: Dondozo|37\/100 psn|[from] psn\n|upkeep\n|turn|16\n|\n|t:|1699994075\n|move|p2a: Hydreigon|Dark Pulse|p1a: Dondozo\n|-damage|p1a: Dondozo|12\/100 psn\n|move|p1a: Dondozo|Rest|p1a: Dondozo\n|-status|p1a: Dondozo|slp|[from] move: Rest\n|-heal|p1a: Dondozo|100\/100 slp|[silent]\n|\n|-heal|p2a: Hydreigon|66\/100|[from] item: Leftovers\n|upkeep\n|turn|17\n|\n|t:|1699994102\n|switch|p1a: Clefable|Clefable, F|38\/100 par\n|move|p2a: Hydreigon|Draco Meteor|p1a: Clefable\n|-immune|p1a: Clefable\n|\n|-heal|p2a: Hydreigon|72\/100|[from] item: Leftovers\n|-heal|p1a: Clefable|44\/100 par|[from] item: Leftovers\n|upkeep\n|turn|18\n|\n|t:|1699994112\n|move|p2a: Hydreigon|Tera Blast|p1a: Clefable\n|-damage|p1a: Clefable|0 fnt\n|faint|p1a: Clefable\n|\n|-heal|p2a: Hydreigon|78\/100|[from] item: Leftovers\n|upkeep\n|\n|t:|1699994127\n|switch|p1a: Dragapult|Dragapult, F|11\/100 psn\n|turn|19\n|\n|t:|1699994131\n|switch|p2a: Mandibuzz|Mandibuzz, F|84\/100\n|move|p1a: Dragapult|Dragon Darts|p2a: Mandibuzz\n|-damage|p2a: Mandibuzz|70\/100\n|-anim|p1a: Dragapult|Dragon Darts|p2a: Mandibuzz\n|-crit|p2a: Mandibuzz\n|-damage|p2a: Mandibuzz|44\/100\n|\n|-damage|p1a: Dragapult|0 fnt|[from] psn\n|faint|p1a: Dragapult\n|upkeep\n|\n|t:|1699994145\n|switch|p1a: Zapdos|Zapdos|75\/100 tox\n|turn|20\n|\n|t:|1699994150\n|move|p1a: Zapdos|Volt Switch|p2a: Mandibuzz\n|-supereffective|p2a: Mandibuzz\n|-damage|p2a: Mandibuzz|9\/100\n|\n|t:|1699994158\n|switch|p1a: Dondozo|Dondozo, F|100\/100 slp|[from] Volt Switch\n|move|p2a: Mandibuzz|Foul Play|p1a: Dondozo\n|-damage|p1a: Dondozo|81\/100 slp\n|\n|upkeep\n|turn|21\n|\n|t:|1699994166\n|switch|p2a: Rotom|Rotom-Wash|69\/100\n|-damage|p2a: Rotom|56\/100|[from] Stealth Rock\n|cant|p1a: Dondozo|slp\n|\n|upkeep\n|turn|22\n|\n|t:|1699994175\n|switch|p1a: Zapdos|Zapdos|75\/100 tox\n|move|p2a: Rotom|Volt Switch|p1a: Zapdos\n|-damage|p1a: Zapdos|50\/100 tox\n|\n|t:|1699994188\n|switch|p2a: Mandibuzz|Mandibuzz, F|9\/100|[from] Volt Switch\n|\n|-damage|p1a: Zapdos|44\/100 tox|[from] psn\n|upkeep\n|turn|23\n|\n|t:|1699994195\n|move|p1a: Zapdos|Volt Switch|p2a: Mandibuzz\n|-supereffective|p2a: Mandibuzz\n|-damage|p2a: Mandibuzz|0 fnt\n|faint|p2a: Mandibuzz\n|\n|t:|1699994199\n|switch|p1a: Meowscarada|Meowscarada, F|100\/100|[from] Volt Switch\n|\n|upkeep\n|\n|t:|1699994213\n|switch|p2a: Milotic|Milotic, M|100\/100\n|-damage|p2a: Milotic|88\/100|[from] Stealth Rock\n|turn|24\n|\n|t:|1699994219\n|-terastallize|p2a: Milotic|Fairy\n|move|p1a: Meowscarada|U-turn|p2a: Milotic\n|-resisted|p2a: Milotic\n|-damage|p2a: Milotic|80\/100\n|\n|t:|1699994223\n|switch|p1a: Zapdos|Zapdos|44\/100 tox|[from] U-turn\n|move|p2a: Milotic|Scald|p1a: Zapdos\n|-damage|p1a: Zapdos|18\/100 tox\n|\n|-heal|p2a: Milotic|86\/100|[from] item: Leftovers\n|-damage|p1a: Zapdos|12\/100 tox|[from] psn\n|upkeep\n|turn|25\n|\n|t:|1699994234\n|move|p1a: Zapdos|Roost|p1a: Zapdos\n|-heal|p1a: Zapdos|62\/100 tox\n|-singleturn|p1a: Zapdos|move: Roost\n|move|p2a: Milotic|Scald|p1a: Zapdos\n|-damage|p1a: Zapdos|34\/100 tox\n|\n|-heal|p2a: Milotic|92\/100|[from] item: Leftovers\n|-damage|p1a: Zapdos|22\/100 tox|[from] psn\n|upkeep\n|turn|26\n|\n|t:|1699994245\n|move|p1a: Zapdos|Volt Switch|p2a: Milotic\n|-damage|p2a: Milotic|73\/100\n|\n|t:|1699994254\n|switch|p1a: Skeledirge|Skeledirge, M|100\/100|[from] Volt Switch\n|move|p2a: Milotic|Scald|p1a: Skeledirge\n|-supereffective|p1a: Skeledirge\n|-damage|p1a: Skeledirge|59\/100\n|\n|-heal|p2a: Milotic|79\/100|[from] item: Leftovers\n|upkeep\n|turn|27\n|\n|t:|1699994264\n|move|p1a: Skeledirge|Will-O-Wisp|p2a: Milotic\n|-status|p2a: Milotic|brn\n|move|p2a: Milotic|Scald|p1a: Skeledirge\n|-supereffective|p1a: Skeledirge\n|-damage|p1a: Skeledirge|16\/100\n|\n|-heal|p2a: Milotic|85\/100 brn|[from] item: Leftovers\n|-damage|p2a: Milotic|79\/100 brn|[from] brn\n|upkeep\n|turn|28\n|\n|t:|1699994274\n|move|p1a: Skeledirge|Slack Off|p1a: Skeledirge\n|-heal|p1a: Skeledirge|67\/100\n|move|p2a: Milotic|Scald|p1a: Skeledirge\n|-supereffective|p1a: Skeledirge\n|-crit|p1a: Skeledirge\n|-damage|p1a: Skeledirge|3\/100\n|\n|-heal|p2a: Milotic|85\/100 brn|[from] item: Leftovers\n|-damage|p2a: Milotic|79\/100 brn|[from] brn\n|upkeep\n|turn|29\n|\n|t:|1699994284\n|-terastallize|p1a: Skeledirge|Water\n|move|p1a: Skeledirge|Slack Off|p1a: Skeledirge\n|-heal|p1a: Skeledirge|54\/100\n|move|p2a: Milotic|Scald|p1a: Skeledirge\n|-resisted|p1a: Skeledirge\n|-damage|p1a: Skeledirge|42\/100\n|\n|-heal|p2a: Milotic|85\/100 brn|[from] item: Leftovers\n|-damage|p2a: Milotic|79\/100 brn|[from] brn\n|upkeep\n|turn|30\n|\n|t:|1699994296\n|move|p1a: Skeledirge|Slack Off|p1a: Skeledirge\n|-heal|p1a: Skeledirge|92\/100\n|move|p2a: Milotic|Mirror Coat||[still]\n|-fail|p2a: Milotic\n|\n|-heal|p2a: Milotic|85\/100 brn|[from] item: Leftovers\n|-damage|p2a: Milotic|79\/100 brn|[from] brn\n|upkeep\n|turn|31\n|\n|t:|1699994305\n|move|p1a: Skeledirge|Torch Song|p2a: Milotic\n|-damage|p2a: Milotic|58\/100 brn\n|-boost|p1a: Skeledirge|spa|1\n|move|p2a: Milotic|Scald|p1a: Skeledirge\n|-resisted|p1a: Skeledirge\n|-damage|p1a: Skeledirge|80\/100\n|\n|-heal|p2a: Milotic|64\/100 brn|[from] item: Leftovers\n|-damage|p2a: Milotic|58\/100 brn|[from] brn\n|upkeep\n|turn|32\n|inactive|vyuiowe has 120 seconds left.\n|\n|t:|1699994358\n|move|p1a: Skeledirge|Torch Song|p2a: Milotic\n|-damage|p2a: Milotic|24\/100 brn\n|-boost|p1a: Skeledirge|spa|1\n|move|p2a: Milotic|Recover|p2a: Milotic\n|-heal|p2a: Milotic|74\/100 brn\n|\n|-heal|p2a: Milotic|80\/100 brn|[from] item: Leftovers\n|-damage|p2a: Milotic|74\/100 brn|[from] brn\n|upkeep\n|turn|33\n|\n|t:|1699994370\n|move|p1a: Skeledirge|Hex|p2a: Milotic\n|-damage|p2a: Milotic|2\/100 brn\n|move|p2a: Milotic|Mirror Coat|p1a: Skeledirge\n|-damage|p1a: Skeledirge|0 fnt\n|faint|p1a: Skeledirge\n|\n|-heal|p2a: Milotic|8\/100 brn|[from] item: Leftovers\n|-damage|p2a: Milotic|2\/100 brn|[from] brn\n|upkeep\n|\n|t:|1699994378\n|switch|p1a: Meowscarada|Meowscarada, F|100\/100\n|turn|34\n|\n|t:|1699994383\n|move|p1a: Meowscarada|Knock Off|p2a: Milotic\n|-resisted|p2a: Milotic\n|-damage|p2a: Milotic|0 fnt\n|-enditem|p2a: Milotic|Leftovers|[from] move: Knock Off|[of] p1a: Meowscarada\n|faint|p2a: Milotic\n|\n|upkeep\n|\n|t:|1699994390\n|switch|p2a: Hydreigon|Hydreigon, M, shiny|78\/100\n|-damage|p2a: Hydreigon|66\/100|[from] Stealth Rock\n|turn|35\n|inactive|vyuiowe has 120 seconds left.\n|\n|t:|1699994406\n|move|p1a: Meowscarada|Knock Off|p2a: Hydreigon\n|-resisted|p2a: Hydreigon\n|-damage|p2a: Hydreigon|39\/100\n|-enditem|p2a: Hydreigon|Leftovers|[from] move: Knock Off|[of] p1a: Meowscarada\n|move|p2a: Hydreigon|Draco Meteor|p1a: Meowscarada|[miss]\n|-miss|p2a: Hydreigon|p1a: Meowscarada\n|\n|upkeep\n|turn|36\n|\n|t:|1699994414\n|move|p1a: Meowscarada|U-turn|p2a: Hydreigon\n|-supereffective|p2a: Hydreigon\n|-damage|p2a: Hydreigon|0 fnt\n|faint|p2a: Hydreigon\n|inactive|vyuiowe has 120 seconds left.\n|\n|t:|1699994426\n|switch|p1a: Zapdos|Zapdos|22\/100 tox|[from] U-turn\n|\n|-damage|p1a: Zapdos|16\/100 tox|[from] psn\n|upkeep\n|\n|t:|1699994432\n|switch|p2a: Iron Valiant|Iron Valiant, shiny|100\/100\n|-damage|p2a: Iron Valiant|94\/100|[from] Stealth Rock\n|-enditem|p2a: Iron Valiant|Booster Energy\n|-activate|p2a: Iron Valiant|ability: Quark Drive|[fromitem]\n|-start|p2a: Iron Valiant|quarkdrivespe\n|turn|37\n|\n|t:|1699994439\n|move|p2a: Iron Valiant|Moonblast|p1a: Zapdos\n|-damage|p1a: Zapdos|0 fnt\n|faint|p1a: Zapdos\n|\n|upkeep\n|\n|t:|1699994443\n|switch|p1a: Dondozo|Dondozo, F|81\/100 slp\n|turn|38\n|\n|t:|1699994447\n|move|p2a: Iron Valiant|Knock Off|p1a: Dondozo\n|-damage|p1a: Dondozo|60\/100 slp\n|-enditem|p1a: Dondozo|Heavy-Duty Boots|[from] move: Knock Off|[of] p2a: Iron Valiant\n|cant|p1a: Dondozo|slp\n|\n|upkeep\n|turn|39\n|inactive|vyuiowe has 120 seconds left.\n|inactive|vyuiowe has 90 seconds left.\n|\n|t:|1699994532\n|move|p2a: Iron Valiant|Close Combat|p1a: Dondozo\n|-damage|p1a: Dondozo|22\/100 slp\n|-unboost|p2a: Iron Valiant|def|1\n|-unboost|p2a: Iron Valiant|spd|1\n|-curestatus|p1a: Dondozo|slp|[msg]\n|move|p1a: Dondozo|Curse|p1a: Dondozo\n|-unboost|p1a: Dondozo|spe|1\n|-boost|p1a: Dondozo|atk|1\n|-boost|p1a: Dondozo|def|1\n|\n|upkeep\n|turn|40\n|\n|t:|1699994544\n|move|p2a: Iron Valiant|Close Combat|p1a: Dondozo\n|-damage|p1a: Dondozo|0 fnt\n|-unboost|p2a: Iron Valiant|def|1\n|-unboost|p2a: Iron Valiant|spd|1\n|faint|p1a: Dondozo\n|\n|upkeep\n|\n|t:|1699994549\n|switch|p1a: Meowscarada|Meowscarada, F|100\/100\n|turn|41\n|\n|t:|1699994552\n|move|p2a: Iron Valiant|Close Combat|p1a: Meowscarada\n|-supereffective|p1a: Meowscarada\n|-damage|p1a: Meowscarada|0 fnt\n|-unboost|p2a: Iron Valiant|def|1\n|-unboost|p2a: Iron Valiant|spd|1\n|faint|p1a: Meowscarada\n|\n|win|Cinny69\n|raw|vyuiowe's rating: 1571 &rarr; <strong>1545<\/strong><br \/>(-26 for losing)\n|raw|Cinny69's rating: 1471 &rarr; <strong>1497<\/strong><br \/>(+26 for winning)\n|l|\u2606vyuiowe\n","uploadtime":1699994563,"views":12,"p1id":"vyuiowe","p2id":"cinny69","formatid":"gen9ou","rating":1497,"private":0,"password":""}