{"id":"gen9ou-1999971680","p1":"HEAVY-DUTY B0OTY","p2":"Iggy57","format":"[Gen 9] OU","log":"|j|\u2606HEAVY-DUTY B0OTY\n|j|\u2606Iggy57\n|inactive|Battle timer is ON: inactive players will automatically lose when time's up.\n|t:|1701136150\n|gametype|singles\n|player|p1|HEAVY-DUTY B0OTY|swimmerf-gen6|\n|player|p2|Iggy57|pokemaniac|\n|teamsize|p1|6\n|teamsize|p2|6\n|gen|9\n|tier|[Gen 9] OU\n|rated|Tournament battle\n|rule|Sleep Clause Mod: Limit one foe put to sleep\n|rule|Species Clause: Limit one of each Pok\u00e9mon\n|rule|OHKO Clause: OHKO moves are banned\n|rule|Evasion Items Clause: Evasion items are banned\n|rule|Evasion Moves Clause: Evasion moves are banned\n|rule|Endless Battle Clause: Forcing endless battles is banned\n|rule|HP Percentage Mod: HP is shown in percentages\n|clearpoke\n|poke|p1|Ampharos, M|\n|poke|p1|Hypno, F|\n|poke|p1|Dusknoir, F|\n|poke|p1|Regidrago|\n|poke|p1|Volbeat, M|\n|poke|p1|Rotom-Frost|\n|poke|p2|Ampharos, F|\n|poke|p2|Hypno, M|\n|poke|p2|Dusknoir, F|\n|poke|p2|Regidrago|\n|poke|p2|Volbeat, M|\n|poke|p2|Rotom-Mow|\n|teampreview\n|j|*Lady Monita \u2746\n|j| Legobff\n|c| Legobff|gl\n|c|\u2606Iggy57|glhf\n|c|\u2606HEAVY-DUTY B0OTY|hf\n|\n|t:|1701136173\n|start\n|switch|p1a: Ampharos|Ampharos, M|100\/100\n|switch|p2a: Luke|Ampharos, F|100\/100\n|turn|1\n|\n|t:|1701136185\n|move|p2a: Luke|Thunderbolt|p1a: Ampharos\n|-resisted|p1a: Ampharos\n|-damage|p1a: Ampharos|82\/100\n|move|p1a: Ampharos|Light Screen|p1a: Ampharos\n|-sidestart|p1: HEAVY-DUTY B0OTY|move: Light Screen\n|\n|upkeep\n|turn|2\n|\n|t:|1701136190\n|move|p2a: Luke|Cotton Guard|p2a: Luke\n|-boost|p2a: Luke|def|3\n|move|p1a: Ampharos|Volt Switch|p2a: Luke\n|-resisted|p2a: Luke\n|-damage|p2a: Luke|86\/100\n|\n|t:|1701136195\n|switch|p1a: Hypno|Hypno, F|100\/100|[from] Volt Switch\n|-activate|p1a: Hypno|ability: Forewarn|Thunderbolt|[of] p2a: Luke\n|\n|upkeep\n|turn|3\n|\n|t:|1701136206\n|move|p1a: Hypno|Night Shade|p2a: Luke\n|-damage|p2a: Luke|60\/100\n|move|p2a: Luke|Thunderbolt|p1a: Hypno\n|-damage|p1a: Hypno|88\/100\n|\n|-heal|p1a: Hypno|94\/100|[from] item: Leftovers\n|upkeep\n|turn|4\n|\n|t:|1701136227\n|switch|p2a: why am i here|Volbeat, M|100\/100\n|move|p1a: Hypno|Night Shade|p2a: why am i here\n|-damage|p2a: why am i here|64\/100\n|\n|-heal|p1a: Hypno|99\/100|[from] item: Leftovers\n|upkeep\n|turn|5\n|\n|t:|1701136236\n|move|p2a: why am i here|Tail Glow|p2a: why am i here\n|-boost|p2a: why am i here|spa|3\n|move|p1a: Hypno|Thunder Wave|p2a: why am i here\n|-status|p2a: why am i here|par\n|\n|-heal|p1a: Hypno|100\/100|[from] item: Leftovers\n|upkeep\n|turn|6\n|\n|t:|1701136239\n|cant|p2a: why am i here|par\n|move|p1a: Hypno|Encore|p2a: why am i here\n|-start|p2a: why am i here|Encore\n|\n|upkeep\n|turn|7\n|c|\u2606HEAVY-DUTY B0OTY|I was running that too :D\n|\n|t:|1701136252\n|switch|p2a: Charles|Hypno, M|100\/100\n|move|p1a: Hypno|Night Shade|p2a: Charles\n|-damage|p2a: Charles|74\/100\n|\n|upkeep\n|turn|8\n|c| Legobff|not me\n|c|\u2606Iggy57|great minds think alike\n|\n|t:|1701136274\n|move|p1a: Hypno|Thunder Wave|p2a: Charles\n|-status|p2a: Charles|par\n|move|p2a: Charles|Light Screen|p2a: Charles\n|-sidestart|p2: Iggy57|move: Light Screen\n|\n|-sideend|p1: HEAVY-DUTY B0OTY|move: Light Screen\n|upkeep\n|turn|9\n|c| Legobff|sad that baton pass not allowed\n|c|\u2606HEAVY-DUTY B0OTY|But its sp atk is trash\n|c|\u2606HEAVY-DUTY B0OTY|!dt volveat\nNo Pok\u00e9mon, item, move, ability or nature named 'volveat' was found. Showing the data of 'Volbeat' instead.\n|raw|<div class=\"message\"><ul class=\"utilichart\"><li class=\"result\"><span class=\"col numcol\">PU<\/span> <span class=\"col iconcol\"><psicon pokemon=\"volbeat\"\/><\/span> <span class=\"col pokemonnamecol\" style=\"white-space:nowrap\"><a href=\"https:\/\/dex.pokemonshowdown.com\/pokemon\/volbeat\" target=\"_blank\">Volbeat<\/a><\/span> <span class=\"col typecol\"><img src=\"https:\/\/play.pokemonshowdown.com\/sprites\/types\/Bug.png\" alt=\"Bug\" height=\"14\" width=\"32\"><\/span> <span style=\"float:left;min-height:26px\"><span class=\"col twoabilitycol\">Illuminate<br \/>Swarm<\/span><span class=\"col abilitycol\"><em>Prankster<\/em><\/span><\/span><span style=\"float:left;min-height:26px\"><span class=\"col statcol\"><em>HP<\/em><br \/>65<\/span> <span class=\"col statcol\"><em>Atk<\/em><br \/>73<\/span> <span class=\"col statcol\"><em>Def<\/em><br \/>75<\/span> <span class=\"col statcol\"><em>SpA<\/em><br \/>47<\/span> <span class=\"col statcol\"><em>SpD<\/em><br \/>85<\/span> <span class=\"col statcol\"><em>Spe<\/em><br \/>85<\/span> <span class=\"col bstcol\"><em>BST<br \/>430<\/em><\/span> <\/span><\/li><li style=\"clear:both\"><\/li><\/ul><\/div>\n|raw|<font size=\"1\"><font color=\"#686868\">Dex#:<\/font> 313&nbsp;|&ThickSpace;<font color=\"#686868\">Gen:<\/font> 3&nbsp;|&ThickSpace;<font color=\"#686868\">Height:<\/font> 0.7 m&nbsp;|&ThickSpace;<font color=\"#686868\">Weight:<\/font> 17.7 kg <em>(40 BP)<\/em>&nbsp;|&ThickSpace;<font color=\"#686868\">Dex Colour:<\/font> Gray&nbsp;|&ThickSpace;<font color=\"#686868\">Egg Group(s):<\/font> Bug, Human-Like&nbsp;|&ThickSpace;<font color=\"#686868\">Does Not Evolve<\/font><\/font>\n\n|c|\u2606Iggy57|lol yeah\n|\n|t:|1701136292\n|move|p1a: Hypno|Knock Off|p2a: Charles\n|-supereffective|p2a: Charles\n|-damage|p2a: Charles|37\/100 par\n|-enditem|p2a: Charles|Light Clay|[from] move: Knock Off|[of] p1a: Hypno\n|move|p2a: Charles|Reflect|p2a: Charles\n|-sidestart|p2: Iggy57|Reflect\n|\n|upkeep\n|turn|10\n|\n|t:|1701136300\n|move|p1a: Hypno|Night Shade|p2a: Charles\n|-damage|p2a: Charles|11\/100 par\n|move|p2a: Charles|Psychic|p1a: Hypno\n|-resisted|p1a: Hypno\n|-damage|p1a: Hypno|94\/100\n|\n|-heal|p1a: Hypno|99\/100|[from] item: Leftovers\n|upkeep\n|turn|11\n|c| Legobff|I was trying to baton pass to my regidrago\n|\n|t:|1701136308\n|move|p1a: Hypno|Encore|p2a: Charles\n|-start|p2a: Charles|Encore\n|cant|p2a: Charles|par\n|\n|-heal|p1a: Hypno|100\/100|[from] item: Leftovers\n|upkeep\n|turn|12\n|\n|t:|1701136311\n|move|p1a: Hypno|Encore||[still]\n|-fail|p1a: Hypno\n|move|p2a: Charles|Psychic|p1a: Hypno\n|-resisted|p1a: Hypno\n|-damage|p1a: Hypno|93\/100\n|\n|-heal|p1a: Hypno|99\/100|[from] item: Leftovers\n|upkeep\n|turn|13\n|\n|t:|1701136315\n|move|p1a: Hypno|Encore||[still]\n|-fail|p1a: Hypno\n|cant|p2a: Charles|par\n|\n|-heal|p1a: Hypno|100\/100|[from] item: Leftovers\n|-end|p2a: Charles|Encore\n|-sideend|p2: Iggy57|Reflect\n|upkeep\n|turn|14\n|\n|t:|1701136320\n|move|p1a: Hypno|Encore|p2a: Charles\n|-start|p2a: Charles|Encore\n|move|p2a: Charles|Psychic|p1a: Hypno\n|-resisted|p1a: Hypno\n|-damage|p1a: Hypno|93\/100\n|\n|-heal|p1a: Hypno|99\/100|[from] item: Leftovers\n|upkeep\n|turn|15\n|c| Legobff|and dragon energy everything\n|\n|t:|1701136330\n|switch|p2a: Luke|Ampharos, F|60\/100\n|move|p1a: Hypno|Night Shade|p2a: Luke\n|-damage|p2a: Luke|34\/100\n|-enditem|p2a: Luke|Sitrus Berry|[eat]\n|-heal|p2a: Luke|59\/100|[from] item: Sitrus Berry\n|\n|-heal|p1a: Hypno|100\/100|[from] item: Leftovers\n|-sideend|p2: Iggy57|move: Light Screen\n|upkeep\n|turn|16\n|c|\u2606HEAVY-DUTY B0OTY|Isn't bpass illegal\n|c| Legobff|ya\n|\n|t:|1701136340\n|switch|p1a: Ampharos|Ampharos, M|82\/100\n|move|p2a: Luke|Thunderbolt|p1a: Ampharos\n|-resisted|p1a: Ampharos\n|-crit|p1a: Ampharos\n|-damage|p1a: Ampharos|56\/100\n|\n|upkeep\n|turn|17\n|\n|t:|1701136346\n|move|p2a: Luke|Dazzling Gleam|p1a: Ampharos\n|-damage|p1a: Ampharos|35\/100\n|move|p1a: Ampharos|Light Screen|p1a: Ampharos\n|-sidestart|p1: HEAVY-DUTY B0OTY|move: Light Screen\n|\n|upkeep\n|turn|18\n|\n|t:|1701136352\n|move|p2a: Luke|Dazzling Gleam|p1a: Ampharos\n|-damage|p1a: Ampharos|23\/100\n|move|p1a: Ampharos|Volt Switch|p2a: Luke\n|-resisted|p2a: Luke\n|-damage|p2a: Luke|46\/100\n|c| Legobff|so I didn't use that strat\n|\n|t:|1701136355\n|switch|p1a: Hypno|Hypno, F|100\/100|[from] Volt Switch\n|-activate|p1a: Hypno|ability: Forewarn|Thunderbolt|[of] p2a: Luke\n|\n|upkeep\n|turn|19\n|\n|t:|1701136365\n|switch|p2a: why am i here|Volbeat, M|64\/100 par\n|move|p1a: Hypno|Night Shade|p2a: why am i here\n|-damage|p2a: why am i here|27\/100 par\n|\n|upkeep\n|turn|20\n|\n|t:|1701136368\n|move|p1a: Hypno|Night Shade|p2a: why am i here\n|-damage|p2a: why am i here|0 fnt\n|faint|p2a: why am i here\n|\n|upkeep\n|\n|t:|1701136375\n|switch|p2a: Rotomas|Rotom-Mow|100\/100\n|turn|21\n|\n|t:|1701136385\n|move|p2a: Rotomas|Leaf Storm|p1a: Hypno\n|-damage|p1a: Hypno|73\/100\n|-unboost|p2a: Rotomas|spa|2\n|move|p1a: Hypno|Night Shade|p2a: Rotomas\n|-damage|p2a: Rotomas|59\/100\n|\n|-heal|p1a: Hypno|79\/100|[from] item: Leftovers\n|upkeep\n|turn|22\n|\n|t:|1701136389\n|switch|p2a: Luke|Ampharos, F|46\/100\n|move|p1a: Hypno|Night Shade|p2a: Luke\n|-damage|p2a: Luke|20\/100\n|\n|-heal|p1a: Hypno|85\/100|[from] item: Leftovers\n|upkeep\n|turn|23\n|c|\u2606HEAVY-DUTY B0OTY|bulky boi\n|\n|t:|1701136393\n|move|p1a: Hypno|Night Shade|p2a: Luke\n|-damage|p2a: Luke|0 fnt\n|faint|p2a: Luke\n|\n|-heal|p1a: Hypno|91\/100|[from] item: Leftovers\n|upkeep\n|c|\u2606Iggy57|jeez\n|c|\u2606HEAVY-DUTY B0OTY|she shady\n|c|\u2606Iggy57|im getting bodied by hypno\n|\n|t:|1701136411\n|switch|p2a: train whistle|Dusknoir, F|100\/100\n|-item|p1a: Hypno|Leftovers|[from] ability: Frisk|[of] p2a: train whistle|[identify]\n|turn|24\n|\n|t:|1701136422\n|-terastallize|p1a: Hypno|Dark\n|move|p1a: Hypno|Knock Off|p2a: train whistle\n|-supereffective|p2a: train whistle\n|-damage|p2a: train whistle|54\/100\n|-enditem|p2a: train whistle|Leftovers|[from] move: Knock Off|[of] p1a: Hypno\n|move|p2a: train whistle|Poltergeist|p1a: Hypno\n|-activate|p1a: Hypno|move: Poltergeist|Leftovers\n|-resisted|p1a: Hypno\n|-damage|p1a: Hypno|61\/100\n|\n|-heal|p1a: Hypno|67\/100|[from] item: Leftovers\n|-sideend|p1: HEAVY-DUTY B0OTY|move: Light Screen\n|upkeep\n|turn|25\n|\n|t:|1701136435\n|move|p1a: Hypno|Night Shade|p2a: train whistle\n|-damage|p2a: train whistle|20\/100\n|move|p2a: train whistle|Brick Break|p1a: Hypno\n|-supereffective|p1a: Hypno\n|-damage|p1a: Hypno|13\/100\n|\n|-heal|p1a: Hypno|19\/100|[from] item: Leftovers\n|upkeep\n|turn|26\n|\n|t:|1701136443\n|move|p1a: Hypno|Night Shade|p2a: train whistle\n|-damage|p2a: train whistle|0 fnt\n|faint|p2a: train whistle\n|\n|-heal|p1a: Hypno|25\/100|[from] item: Leftovers\n|upkeep\n|\n|t:|1701136446\n|switch|p2a: Rotomas|Rotom-Mow|59\/100\n|turn|27\n|\n|t:|1701136451\n|move|p2a: Rotomas|Volt Switch|p1a: Hypno\n|-damage|p1a: Hypno|0 fnt\n|faint|p1a: Hypno\n|\n|t:|1701136455\n|switch|p2a: Charles|Hypno, M|11\/100 par|[from] Volt Switch\n|\n|upkeep\n|c| Legobff|dead, oof\n|c|\u2606HEAVY-DUTY B0OTY|umm\n|\n|t:|1701136476\n|switch|p1a: Volbeat|Volbeat, M|100\/100\n|turn|28\n|\n|t:|1701136480\n|move|p1a: Volbeat|Seismic Toss|p2a: Charles\n|-damage|p2a: Charles|0 fnt\n|faint|p2a: Charles\n|\n|upkeep\n|c|\u2606HEAVY-DUTY B0OTY|i be tossin\n|\n|t:|1701136489\n|switch|p2a: Rotomas|Rotom-Mow|59\/100\n|turn|29\n|\n|t:|1701136497\n|move|p2a: Rotomas|Thunderbolt|p1a: Volbeat\n|-damage|p1a: Volbeat|51\/100\n|-status|p1a: Volbeat|par\n|cant|p1a: Volbeat|par\n|\n|-heal|p1a: Volbeat|57\/100 par|[from] item: Leftovers\n|upkeep\n|turn|30\n|c|\u2606HEAVY-DUTY B0OTY|oh no\n|\n|t:|1701136508\n|switch|p2a: chewin' a ball|Regidrago|100\/100\n|switch|p1a: Ampharos|Ampharos, M|23\/100\n|\n|upkeep\n|turn|31\n|\n|t:|1701136516\n|move|p2a: chewin' a ball|Earth Power|p1a: Ampharos\n|-supereffective|p1a: Ampharos\n|-damage|p1a: Ampharos|0 fnt\n|faint|p1a: Ampharos\n|\n|upkeep\n|\n|t:|1701136519\n|switch|p1a: Rotom|Rotom-Frost|100\/100\n|turn|32\n|\n|t:|1701136527\n|move|p1a: Rotom|Blizzard|p2a: chewin' a ball\n|-supereffective|p2a: chewin' a ball\n|-damage|p2a: chewin' a ball|0 fnt\n|faint|p2a: chewin' a ball\n|\n|upkeep\n|\n|t:|1701136530\n|switch|p2a: Rotomas|Rotom-Mow|59\/100\n|turn|33\n|c|\u2606HEAVY-DUTY B0OTY|oh\n|c|\u2606HEAVY-DUTY B0OTY|ill take that\n|c| Legobff|should be gg\n|c|\u2606Iggy57|ggs my dude\n|c|\u2606Iggy57|i forgot to give it tera\n|\n|t:|1701136551\n|-terastallize|p2a: Rotomas|Electric\n|move|p2a: Rotomas|Leaf Storm|p1a: Rotom\n|-enditem|p1a: Rotom|Focus Sash\n|-damage|p1a: Rotom|1\/100\n|-unboost|p2a: Rotomas|spa|2\n|move|p1a: Rotom|Blizzard|p2a: Rotomas\n|-damage|p2a: Rotomas|0 fnt\n|faint|p2a: Rotomas\n|\n|win|HEAVY-DUTY B0OTY\n|n|\u2606HEAVY-DUTY B0OTY|heavydutyb0oty\n|n|\u2606Iggy57|iggy57\n|n|*Lady Monita \u2746|ladymonita\n|n| Legobff|legobff\n","uploadtime":1701136551,"views":3,"p1id":"heavydutyb0oty","p2id":"iggy57","formatid":"gen9ou","rating":0,"private":0,"password":""}