{"id":"gen9ou-1988923235","p1":"grass knot zygarde","p2":"Xy1n","format":"[Gen 9] OU","log":"|j|\u2606grass knot zygarde\n|j|\u2606Xy1n\n|t:|1699788528\n|gametype|singles\n|player|p1|grass knot zygarde|dawn|\n|player|p2|Xy1n|marlon|\n|teamsize|p1|6\n|teamsize|p2|6\n|gen|9\n|tier|[Gen 9] OU\n|rule|Sleep Clause Mod: Limit one foe put to sleep\n|rule|Species Clause: Limit one of each Pok\u00e9mon\n|rule|OHKO Clause: OHKO moves are banned\n|rule|Evasion Items Clause: Evasion items are banned\n|rule|Evasion Moves Clause: Evasion moves are banned\n|rule|Endless Battle Clause: Forcing endless battles is banned\n|rule|HP Percentage Mod: HP is shown in percentages\n|clearpoke\n|poke|p1|Slither Wing|\n|poke|p1|Ting-Lu|\n|poke|p1|Zapdos|\n|poke|p1|Dragapult, F|\n|poke|p1|Weezing-Galar, F|\n|poke|p1|Gholdengo|\n|poke|p2|Inteleon, M|\n|poke|p2|Clefable, F|\n|poke|p2|Donphan, F|\n|poke|p2|Arcanine-Hisui, M|\n|poke|p2|Muk-Alola, F|\n|poke|p2|Kommo-o, M|\n|teampreview\n|inactive|Battle timer is ON: inactive players will automatically lose when time's up. (requested by grass knot zygarde)\n|c|\u2606Xy1n|this the only OU team i have besides the sand team\n|c|\u2606grass knot zygarde|I HATE MY ROTTEN SON\n|c|\u2606grass knot zygarde|we will play nat dex after this\n|c|\u2606Xy1n|alright\n|inactive|Xy1n has 270 seconds left.\n|\n|t:|1699788563\n|start\n|switch|p1a: AT.LONG.LAST.A$AP|Dragapult, F, shiny|100\/100\n|switch|p2a: Inteleon|Inteleon, M, shiny|100\/100\n|turn|1\n|c|\u2606grass knot zygarde|btw gliscor is banned\n|c|\u2606grass knot zygarde|i dont have to use weezing anymore\n|c|\u2606Xy1n|Oh damn\n|c|\u2606Xy1n|wtf\n|inactive|Xy1n has 270 seconds left.\n|\n|t:|1699788599\n|switch|p1a: hunned racks|Gholdengo, shiny|100\/100\n|move|p2a: Inteleon|Flip Turn|p1a: hunned racks\n|-damage|p1a: hunned racks|88\/100\n|inactive|Xy1n has 270 seconds left.\n|\n|t:|1699788606\n|switch|p2a: Arcanine|Arcanine-Hisui, M, shiny|100\/100|[from] Flip Turn\n|\n|upkeep\n|turn|2\n|inactive|Xy1n has 270 seconds left.\n|\n|t:|1699788618\n|switch|p1a: PUBLIC ENEMY|Ting-Lu|100\/100\n|-ability|p1a: PUBLIC ENEMY|Vessel of Ruin\n|move|p2a: Arcanine|Head Smash|p1a: PUBLIC ENEMY\n|-resisted|p1a: PUBLIC ENEMY\n|-damage|p1a: PUBLIC ENEMY|77\/100\n|-damage|p2a: Arcanine|91\/100|[from] item: Life Orb\n|\n|-heal|p1a: PUBLIC ENEMY|83\/100|[from] item: Leftovers\n|upkeep\n|turn|3\n|\n|t:|1699788625\n|switch|p2a: Inteleon|Inteleon, M, shiny|100\/100\n|move|p1a: PUBLIC ENEMY|Spikes|p2a: Inteleon\n|-sidestart|p2: Xy1n|Spikes\n|\n|-heal|p1a: PUBLIC ENEMY|89\/100|[from] item: Leftovers\n|upkeep\n|turn|4\n|\n|t:|1699788635\n|move|p2a: Inteleon|Ice Beam|p1a: PUBLIC ENEMY\n|-supereffective|p1a: PUBLIC ENEMY\n|-damage|p1a: PUBLIC ENEMY|53\/100\n|move|p1a: PUBLIC ENEMY|Spikes|p2a: Inteleon\n|-sidestart|p2: Xy1n|Spikes\n|\n|-heal|p1a: PUBLIC ENEMY|59\/100|[from] item: Leftovers\n|upkeep\n|turn|5\n|\n|t:|1699788656\n|switch|p2a: Clefable|Clefable, F, shiny|100\/100\n|switch|p1a: hunned racks|Gholdengo, shiny|88\/100\n|\n|upkeep\n|turn|6\n|\n|t:|1699788663\n|move|p1a: hunned racks|Make It Rain|p2a: Clefable\n|-supereffective|p2a: Clefable\n|-damage|p2a: Clefable|0 fnt\n|-unboost|p1a: hunned racks|spa|1\n|faint|p2a: Clefable\n|\n|upkeep\n|\n|t:|1699788677\n|switch|p2a: Inteleon|Inteleon, M, shiny|100\/100\n|-damage|p2a: Inteleon|84\/100|[from] Spikes\n|turn|7\n|c|\u2606grass knot zygarde|i pull out the mop and let it claim dat boy\n|\n|t:|1699788681\n|move|p2a: Inteleon|Dark Pulse|p1a: hunned racks\n|-supereffective|p1a: hunned racks\n|-damage|p1a: hunned racks|12\/100\n|move|p1a: hunned racks|Recover|p1a: hunned racks\n|-heal|p1a: hunned racks|62\/100\n|\n|upkeep\n|turn|8\n|\n|t:|1699788689\n|switch|p1a: cant win with sw|Slither Wing, shiny|100\/100\n|move|p2a: Inteleon|Dark Pulse|p1a: cant win with sw\n|-resisted|p1a: cant win with sw\n|-crit|p1a: cant win with sw\n|-damage|p1a: cant win with sw|63\/100\n|\n|upkeep\n|turn|9\n|\n|t:|1699788697\n|switch|p2a: Donphan|Donphan, F, shiny|100\/100\n|-damage|p2a: Donphan|84\/100|[from] Spikes\n|move|p1a: cant win with sw|U-turn|p2a: Donphan\n|-damage|p2a: Donphan|60\/100\n|\n|t:|1699788707\n|-end|p1a: cant win with sw|Protosynthesis|[silent]\n|switch|p1a: hunned racks|Gholdengo, shiny|62\/100|[from] U-turn\n|\n|upkeep\n|turn|10\n|\n|t:|1699788721\n|move|p1a: hunned racks|Make It Rain|p2a: Donphan\n|-damage|p2a: Donphan|3\/100\n|-unboost|p1a: hunned racks|spa|1\n|move|p2a: Donphan|Earthquake|p1a: hunned racks\n|-supereffective|p1a: hunned racks\n|-damage|p1a: hunned racks|0 fnt\n|faint|p1a: hunned racks\n|\n|upkeep\n|c|\u2606Xy1n|y aboi\n|c|\u2606grass knot zygarde|assault vest ok\n|\n|t:|1699788739\n|switch|p1a: AT.LONG.LAST.A$AP|Dragapult, F, shiny|100\/100\n|turn|11\n|\n|t:|1699788744\n|move|p1a: AT.LONG.LAST.A$AP|Dragon Darts|p2a: Donphan\n|-damage|p2a: Donphan|0 fnt\n|faint|p2a: Donphan\n|\n|upkeep\n|\n|t:|1699788765\n|switch|p2a: Kommo-o|Kommo-o, M, shiny|100\/100\n|-damage|p2a: Kommo-o|84\/100|[from] Spikes\n|turn|12\n|inactive|Xy1n has 270 seconds left.\n|\n|t:|1699788797\n|switch|p1a: guy|Weezing-Galar, F, shiny|100\/100\n|-ability|p1a: guy|Neutralizing Gas\n|-item|p1a: guy|Air Balloon\n|-terastallize|p2a: Kommo-o|Fighting\n|move|p2a: Kommo-o|Clangorous Soul|p2a: Kommo-o\n|-boost|p2a: Kommo-o|atk|1\n|-boost|p2a: Kommo-o|def|1\n|-boost|p2a: Kommo-o|spa|1\n|-boost|p2a: Kommo-o|spd|1\n|-boost|p2a: Kommo-o|spe|1\n|-damage|p2a: Kommo-o|51\/100\n|\n|upkeep\n|turn|13\n|\n|t:|1699788810\n|switch|p2a: Muk|Muk-Alola, F, shiny|100\/100\n|-damage|p2a: Muk|84\/100|[from] Spikes\n|move|p1a: guy|Strange Steam|p2a: Muk\n|-damage|p2a: Muk|60\/100\n|\n|-heal|p2a: Muk|66\/100|[from] item: Black Sludge\n|upkeep\n|turn|14\n|c|\u2606grass knot zygarde|what a reckless play\n|\n|t:|1699788820\n|move|p1a: guy|Toxic Spikes|p2a: Muk\n|-sidestart|p2: Xy1n|move: Toxic Spikes\n|move|p2a: Muk|Knock Off|p1a: guy\n|-resisted|p1a: guy\n|-damage|p1a: guy|84\/100\n|-enditem|p1a: guy|Air Balloon\n|\n|-heal|p2a: Muk|72\/100|[from] item: Black Sludge\n|upkeep\n|turn|15\n|inactive|Xy1n has 270 seconds left.\n|\n|t:|1699788836\n|move|p1a: guy|Toxic Spikes|p2a: Muk\n|-sidestart|p2: Xy1n|move: Toxic Spikes\n|move|p2a: Muk|Ice Punch|p1a: guy\n|-damage|p1a: guy|68\/100\n|\n|-heal|p2a: Muk|78\/100|[from] item: Black Sludge\n|upkeep\n|turn|16\n|inactive|Xy1n has 270 seconds left.\n|\n|t:|1699788850\n|-end|p1a: guy|ability: Neutralizing Gas\n|switch|p1a: cant win with sw|Slither Wing, shiny|63\/100\n|move|p2a: Muk|Knock Off|p1a: cant win with sw\n|-resisted|p1a: cant win with sw\n|-damage|p1a: cant win with sw|44\/100\n|-enditem|p1a: cant win with sw|Heavy-Duty Boots|[from] move: Knock Off|[of] p2a: Muk\n|\n|-heal|p2a: Muk|84\/100|[from] item: Black Sludge\n|upkeep\n|turn|17\n|inactive|Xy1n has 270 seconds left.\n|\n|t:|1699788859\n|switch|p2a: Kommo-o|Kommo-o, M, shiny, tera:Fighting|51\/100\n|-damage|p2a: Kommo-o|35\/100|[from] Spikes\n|-status|p2a: Kommo-o|tox\n|move|p1a: cant win with sw|Morning Sun|p1a: cant win with sw\n|-heal|p1a: cant win with sw|94\/100\n|\n|-damage|p2a: Kommo-o|28\/100 tox|[from] psn\n|upkeep\n|turn|18\n|\n|t:|1699788866\n|move|p2a: Kommo-o|Dragon Claw|p1a: cant win with sw\n|-damage|p1a: cant win with sw|65\/100\n|move|p1a: cant win with sw|U-turn|p2a: Kommo-o\n|-resisted|p2a: Kommo-o\n|-damage|p2a: Kommo-o|14\/100 tox\n|-damage|p1a: cant win with sw|48\/100|[from] item: Rocky Helmet|[of] p2a: Kommo-o\n|\n|t:|1699788873\n|-end|p1a: cant win with sw|Protosynthesis|[silent]\n|switch|p1a: stupid bird|Zapdos, shiny|100\/100|[from] U-turn\n|\n|-damage|p2a: Kommo-o|1\/100 tox|[from] psn\n|upkeep\n|turn|19\n|\n|t:|1699788881\n|move|p1a: stupid bird|Volt Switch|p2a: Kommo-o\n|-damage|p2a: Kommo-o|0 fnt\n|faint|p2a: Kommo-o\n|\n|t:|1699788887\n|switch|p1a: cant win with sw|Slither Wing, shiny|48\/100|[from] Volt Switch\n|\n|upkeep\n|\n|t:|1699788890\n|switch|p2a: Muk|Muk-Alola, F, shiny|84\/100\n|-damage|p2a: Muk|67\/100|[from] Spikes\n|-sideend|p2: Xy1n|move: Toxic Spikes|[of] p2a: Muk\n|turn|20\n|\n|t:|1699788896\n|move|p1a: cant win with sw|Morning Sun|p1a: cant win with sw\n|-heal|p1a: cant win with sw|98\/100\n|move|p2a: Muk|Ice Punch|p1a: cant win with sw\n|-damage|p1a: cant win with sw|80\/100\n|\n|-heal|p2a: Muk|73\/100|[from] item: Black Sludge\n|upkeep\n|turn|21\n|\n|t:|1699788905\n|move|p1a: cant win with sw|Will-O-Wisp|p2a: Muk\n|-status|p2a: Muk|brn\n|move|p2a: Muk|Knock Off|p1a: cant win with sw\n|-resisted|p1a: cant win with sw\n|-damage|p1a: cant win with sw|73\/100\n|\n|-heal|p2a: Muk|79\/100 brn|[from] item: Black Sludge\n|-damage|p2a: Muk|73\/100 brn|[from] brn\n|upkeep\n|turn|22\n|\n|t:|1699788913\n|move|p1a: cant win with sw|U-turn|p2a: Muk\n|-damage|p2a: Muk|40\/100 brn\n|\n|t:|1699788916\n|-end|p1a: cant win with sw|Protosynthesis|[silent]\n|switch|p1a: guy|Weezing-Galar, F, shiny|68\/100|[from] U-turn\n|-ability|p1a: guy|Neutralizing Gas\n|move|p2a: Muk|Poison Jab|p1a: guy\n|-damage|p1a: guy|55\/100\n|\n|-heal|p2a: Muk|46\/100 brn|[from] item: Black Sludge\n|-damage|p2a: Muk|40\/100 brn|[from] brn\n|upkeep\n|turn|23\n|\n|t:|1699788924\n|switch|p2a: Inteleon|Inteleon, M, shiny|84\/100\n|-damage|p2a: Inteleon|68\/100|[from] Spikes\n|move|p1a: guy|Strange Steam|p2a: Inteleon\n|-damage|p2a: Inteleon|18\/100\n|-start|p2a: Inteleon|confusion\n|\n|upkeep\n|turn|24\n|\n|t:|1699788933\n|-activate|p2a: Inteleon|confusion\n|move|p2a: Inteleon|Snipe Shot|p1a: guy\n|-damage|p1a: guy|0 fnt\n|faint|p1a: guy\n|-end|p1a: guy|ability: Neutralizing Gas\n|\n|upkeep\n|\n|t:|1699788937\n|switch|p1a: AT.LONG.LAST.A$AP|Dragapult, F, shiny|100\/100\n|turn|25\n|\n|t:|1699788942\n|switch|p2a: Muk|Muk-Alola, F, shiny|40\/100 brn\n|-damage|p2a: Muk|23\/100 brn|[from] Spikes\n|move|p1a: AT.LONG.LAST.A$AP|Substitute|p1a: AT.LONG.LAST.A$AP\n|-start|p1a: AT.LONG.LAST.A$AP|Substitute\n|-damage|p1a: AT.LONG.LAST.A$AP|76\/100\n|\n|-heal|p1a: AT.LONG.LAST.A$AP|82\/100|[from] item: Leftovers\n|-heal|p2a: Muk|29\/100 brn|[from] item: Black Sludge\n|-damage|p2a: Muk|23\/100 brn|[from] brn\n|upkeep\n|turn|26\n|\n|t:|1699788947\n|move|p2a: Muk|Shadow Sneak|p1a: AT.LONG.LAST.A$AP\n|-supereffective|p1a: AT.LONG.LAST.A$AP\n|-activate|p1a: AT.LONG.LAST.A$AP|move: Substitute|[damage]\n|move|p1a: AT.LONG.LAST.A$AP|Dragon Darts|p2a: Muk\n|-damage|p2a: Muk|2\/100 brn\n|-anim|p1a: AT.LONG.LAST.A$AP|Dragon Darts|p2a: Muk\n|-damage|p2a: Muk|0 fnt\n|faint|p2a: Muk\n|\n|-heal|p1a: AT.LONG.LAST.A$AP|88\/100|[from] item: Leftovers\n|upkeep\n|\n|t:|1699788950\n|switch|p2a: Inteleon|Inteleon, M, shiny|18\/100\n|-damage|p2a: Inteleon|1\/100|[from] Spikes\n|turn|27\n|c|\u2606Xy1n|set up\n|c|\u2606Xy1n|set up\n|c|\u2606Xy1n|please\n|c|\u2606Xy1n|set up\n|\n|t:|1699788960\n|move|p1a: AT.LONG.LAST.A$AP|Dragon Darts|p2a: Inteleon\n|-damage|p2a: Inteleon|0 fnt\n|faint|p2a: Inteleon\n|\n|-heal|p1a: AT.LONG.LAST.A$AP|94\/100|[from] item: Leftovers\n|upkeep\n|c|\u2606Xy1n|wow\n|c|\u2606grass knot zygarde|set up what\n|\n|t:|1699788966\n|switch|p2a: Arcanine|Arcanine-Hisui, M, shiny|91\/100\n|-damage|p2a: Arcanine|74\/100|[from] Spikes\n|turn|28\n|\n|t:|1699788971\n|move|p1a: AT.LONG.LAST.A$AP|Thunder Wave|p2a: Arcanine\n|-status|p2a: Arcanine|par\n|move|p2a: Arcanine|Wild Charge|p1a: AT.LONG.LAST.A$AP\n|-resisted|p1a: AT.LONG.LAST.A$AP\n|-end|p1a: AT.LONG.LAST.A$AP|Substitute\n|-damage|p2a: Arcanine|64\/100 par|[from] item: Life Orb\n|\n|-heal|p1a: AT.LONG.LAST.A$AP|99\/100|[from] item: Leftovers\n|upkeep\n|turn|29\n|c|\u2606Xy1n|gg\n|\n|t:|1699788979\n|move|p1a: AT.LONG.LAST.A$AP|Substitute|p1a: AT.LONG.LAST.A$AP\n|-start|p1a: AT.LONG.LAST.A$AP|Substitute\n|-damage|p1a: AT.LONG.LAST.A$AP|75\/100\n|cant|p2a: Arcanine|par\n|\n|-heal|p1a: AT.LONG.LAST.A$AP|81\/100|[from] item: Leftovers\n|upkeep\n|turn|30\n|\n|t:|1699788985\n|move|p1a: AT.LONG.LAST.A$AP|Hex|p2a: Arcanine\n|-damage|p2a: Arcanine|0 fnt\n|faint|p2a: Arcanine\n|\n|win|grass knot zygarde\n|c|\u2606grass knot zygarde|gg\n","uploadtime":1699788994,"views":10,"p1id":"grassknotzygarde","p2id":"xy1n","formatid":"gen9ou","rating":0,"private":0,"password":""}