{"id":"gen9ou-1993588758","p1":"MianyangJiejie","p2":"Steez Ibanez","format":"[Gen 9] OU","log":"|j|\u2606MianyangJiejie\n|j|\u2606Steez Ibanez\n|t:|1700334894\n|gametype|singles\n|player|p1|MianyangJiejie|irida|1658\n|player|p2|Steez Ibanez|lance-gen2|1769\n|teamsize|p1|6\n|teamsize|p2|6\n|gen|9\n|tier|[Gen 9] OU\n|rated|\n|rule|Sleep Clause Mod: Limit one foe put to sleep\n|rule|Species Clause: Limit one of each Pok\u00e9mon\n|rule|OHKO Clause: OHKO moves are banned\n|rule|Evasion Items Clause: Evasion items are banned\n|rule|Evasion Moves Clause: Evasion moves are banned\n|rule|Endless Battle Clause: Forcing endless battles is banned\n|rule|HP Percentage Mod: HP is shown in percentages\n|clearpoke\n|poke|p1|Ogerpon, F|\n|poke|p1|Ting-Lu|\n|poke|p1|Zapdos|\n|poke|p1|Alomomola, F|\n|poke|p1|Cinderace, M|\n|poke|p1|Iron Valiant|\n|poke|p2|Dragapult, M|\n|poke|p2|Zapdos|\n|poke|p2|Iron Moth|\n|poke|p2|Ting-Lu|\n|poke|p2|Corviknight, M|\n|poke|p2|Samurott-Hisui, M|\n|teampreview\n|inactive|Battle timer is ON: inactive players will automatically lose when time's up. (requested by MianyangJiejie)\n|j| this is gross\n|\n|t:|1700334924\n|start\n|switch|p1a: Zapdos|Zapdos|100\/100\n|switch|p2a: Toothless|Dragapult, M|100\/100\n|turn|1\n|\n|t:|1700334931\n|switch|p2a: Clicker|Ting-Lu|100\/100\n|-ability|p2a: Clicker|Vessel of Ruin\n|switch|p1a: Ting-Lu|Ting-Lu|100\/100\n|-ability|p1a: Ting-Lu|Vessel of Ruin\n|\n|upkeep\n|turn|2\n|\n|t:|1700334940\n|switch|p1a: Ogerpon|Ogerpon, F|100\/100\n|move|p2a: Clicker|Ruination|p1a: Ogerpon\n|-damage|p1a: Ogerpon|51\/100\n|\n|upkeep\n|turn|3\n|\n|t:|1700334946\n|switch|p2a: Zeus|Zapdos|100\/100\n|move|p1a: Ogerpon|U-turn|p2a: Zeus\n|-resisted|p2a: Zeus\n|-damage|p2a: Zeus|84\/100\n|\n|t:|1700334949\n|switch|p1a: Ting-Lu|Ting-Lu|100\/100|[from] U-turn\n|-ability|p1a: Ting-Lu|Vessel of Ruin\n|\n|upkeep\n|turn|4\n|\n|t:|1700334954\n|switch|p2a: Clicker|Ting-Lu|100\/100\n|-ability|p2a: Clicker|Vessel of Ruin\n|move|p1a: Ting-Lu|Stone Edge|p2a: Clicker\n|-resisted|p2a: Clicker\n|-damage|p2a: Clicker|91\/100\n|\n|-heal|p2a: Clicker|97\/100|[from] item: Leftovers\n|upkeep\n|turn|5\n|\n|t:|1700334970\n|switch|p1a: Alomomola|Alomomola, F|100\/100\n|move|p2a: Clicker|Ruination|p1a: Alomomola\n|-damage|p1a: Alomomola|51\/100\n|-enditem|p1a: Alomomola|Red Card|[of] p2a: Clicker\n|drag|p2a: Zeus|Zapdos|84\/100\n|\n|upkeep\n|turn|6\n|\n|t:|1700334983\n|switch|p2a: Clicker|Ting-Lu|97\/100\n|-ability|p2a: Clicker|Vessel of Ruin\n|move|p1a: Alomomola|Protect||[still]\n|-fail|p1a: Alomomola\n|\n|-heal|p2a: Clicker|100\/100|[from] item: Leftovers\n|upkeep\n|turn|7\n|\n|t:|1700334986\n|move|p2a: Clicker|Stealth Rock|p1a: Alomomola\n|-sidestart|p1: MianyangJiejie|move: Stealth Rock\n|move|p1a: Alomomola|Flip Turn|p2a: Clicker\n|-supereffective|p2a: Clicker\n|-damage|p2a: Clicker|81\/100\n|\n|t:|1700334991\n|switch|p1a: Cinderace|Cinderace, M|100\/100|[from] Flip Turn\n|\n|-heal|p2a: Clicker|88\/100|[from] item: Leftovers\n|upkeep\n|turn|8\n|\n|t:|1700334996\n|move|p1a: Cinderace|U-turn|p2a: Clicker\n|-start|p1a: Cinderace|typechange|Bug|[from] ability: Libero\n|-supereffective|p2a: Clicker\n|-damage|p2a: Clicker|48\/100\n|\n|t:|1700335002\n|switch|p1a: Alomomola|Alomomola, F|84\/100|[from] U-turn\n|-damage|p1a: Alomomola|72\/100|[from] Stealth Rock\n|move|p2a: Clicker|Earthquake|p1a: Alomomola\n|-damage|p1a: Alomomola|49\/100\n|\n|-heal|p2a: Clicker|54\/100|[from] item: Leftovers\n|upkeep\n|turn|9\n|\n|t:|1700335021\n|switch|p2a: Zeus|Zapdos|84\/100\n|move|p1a: Alomomola|Flip Turn|p2a: Zeus\n|-damage|p2a: Zeus|70\/100\n|-status|p1a: Alomomola|par|[from] ability: Static|[of] p2a: Zeus\n|\n|t:|1700335030\n|switch|p1a: Cinderace|Cinderace, M|100\/100|[from] Flip Turn\n|\n|upkeep\n|turn|10\n|\n|t:|1700335044\n|move|p1a: Cinderace|Pyro Ball|p2a: Zeus\n|-damage|p2a: Zeus|21\/100\n|-status|p2a: Zeus|brn\n|move|p2a: Zeus|Roost|p2a: Zeus\n|-heal|p2a: Zeus|71\/100 brn\n|-singleturn|p2a: Zeus|move: Roost\n|\n|-damage|p2a: Zeus|65\/100 brn|[from] brn\n|upkeep\n|turn|11\n|\n|t:|1700335054\n|move|p1a: Cinderace|Court Change|p1a: Cinderace\n|-start|p1a: Cinderace|typechange|Normal|[from] ability: Libero\n|-swapsideconditions\n|-activate|p1a: Cinderace|move: Court Change\n|move|p2a: Zeus|Volt Switch|p1a: Cinderace\n|-damage|p1a: Cinderace|57\/100\n|\n|t:|1700335058\n|switch|p2a: Clicker|Ting-Lu|54\/100|[from] Volt Switch\n|-damage|p2a: Clicker|48\/100|[from] Stealth Rock\n|-ability|p2a: Clicker|Vessel of Ruin\n|\n|-heal|p2a: Clicker|54\/100|[from] item: Leftovers\n|upkeep\n|turn|12\n|\n|t:|1700335061\n|move|p1a: Cinderace|High Jump Kick|p2a: Clicker\n|-supereffective|p2a: Clicker\n|-damage|p2a: Clicker|9\/100\n|move|p2a: Clicker|Stealth Rock|p1a: Cinderace\n|-sidestart|p1: MianyangJiejie|move: Stealth Rock\n|\n|-heal|p2a: Clicker|15\/100|[from] item: Leftovers\n|upkeep\n|turn|13\n|\n|t:|1700335067\n|switch|p2a: Zeus|Zapdos|65\/100 brn\n|move|p1a: Cinderace|U-turn|p2a: Zeus\n|-resisted|p2a: Zeus\n|-damage|p2a: Zeus|55\/100 brn\n|-status|p1a: Cinderace|par|[from] ability: Static|[of] p2a: Zeus\n|\n|t:|1700335094\n|switch|p1a: Ting-Lu|Ting-Lu|100\/100|[from] U-turn\n|-damage|p1a: Ting-Lu|94\/100|[from] Stealth Rock\n|-ability|p1a: Ting-Lu|Vessel of Ruin\n|\n|-damage|p2a: Zeus|49\/100 brn|[from] brn\n|upkeep\n|turn|14\n|\n|t:|1700335110\n|move|p2a: Zeus|Roost|p2a: Zeus\n|-heal|p2a: Zeus|99\/100 brn\n|-singleturn|p2a: Zeus|move: Roost\n|move|p1a: Ting-Lu|Earthquake|p2a: Zeus\n|-supereffective|p2a: Zeus\n|-damage|p2a: Zeus|8\/100 brn\n|\n|-damage|p2a: Zeus|2\/100 brn|[from] brn\n|upkeep\n|turn|15\n|\n|t:|1700335122\n|switch|p2a: Dick Grayson|Corviknight, M|100\/100\n|-damage|p2a: Dick Grayson|88\/100|[from] Stealth Rock\n|-ability|p2a: Dick Grayson|Pressure\n|move|p1a: Ting-Lu|Earthquake|p2a: Dick Grayson\n|-immune|p2a: Dick Grayson\n|\n|-heal|p2a: Dick Grayson|94\/100|[from] item: Leftovers\n|upkeep\n|turn|16\n|\n|t:|1700335125\n|move|p2a: Dick Grayson|U-turn|p1a: Ting-Lu\n|-supereffective|p1a: Ting-Lu\n|-damage|p1a: Ting-Lu|79\/100\n|\n|t:|1700335128\n|switch|p2a: Zeus|Zapdos|2\/100 brn|[from] U-turn\n|move|p1a: Ting-Lu|Ruination|p2a: Zeus\n|-damage|p2a: Zeus|1\/100 brn\n|\n|-damage|p2a: Zeus|0 fnt|[from] brn\n|faint|p2a: Zeus\n|upkeep\n|\n|t:|1700335132\n|switch|p2a: Darth Tyranus|Samurott-Hisui, M|100\/100\n|turn|17\n|\n|t:|1700335149\n|switch|p1a: Alomomola|Alomomola, F|83\/100 par\n|-damage|p1a: Alomomola|70\/100 par|[from] Stealth Rock\n|move|p2a: Darth Tyranus|Swords Dance|p2a: Darth Tyranus\n|-boost|p2a: Darth Tyranus|atk|2\n|\n|upkeep\n|turn|18\n|\n|t:|1700335161\n|move|p2a: Darth Tyranus|Ceaseless Edge|p1a: Alomomola\n|-damage|p1a: Alomomola|14\/100 par\n|-sidestart|p1: MianyangJiejie|Spikes\n|move|p1a: Alomomola|Flip Turn|p2a: Darth Tyranus\n|-resisted|p2a: Darth Tyranus\n|-damage|p2a: Darth Tyranus|90\/100\n|\n|t:|1700335177\n|switch|p1a: Zapdos|Zapdos|100\/100|[from] Flip Turn\n|\n|upkeep\n|turn|19\n|\n|t:|1700335189\n|-terastallize|p2a: Darth Tyranus|Ghost\n|move|p1a: Zapdos|Volt Switch|p2a: Darth Tyranus\n|-damage|p2a: Darth Tyranus|44\/100\n|\n|t:|1700335205\n|switch|p1a: Alomomola|Alomomola, F|47\/100 par|[from] Volt Switch\n|-damage|p1a: Alomomola|35\/100 par|[from] Stealth Rock\n|-damage|p1a: Alomomola|22\/100 par|[from] Spikes\n|move|p2a: Darth Tyranus|Aqua Cutter|p1a: Alomomola\n|-resisted|p1a: Alomomola\n|-crit|p1a: Alomomola\n|-damage|p1a: Alomomola|0 fnt\n|faint|p1a: Alomomola\n|\n|upkeep\n|\n|t:|1700335208\n|switch|p1a: Zapdos|Zapdos|100\/100\n|turn|20\n|\n|t:|1700335213\n|move|p2a: Darth Tyranus|Sucker Punch|p1a: Zapdos\n|-damage|p1a: Zapdos|31\/100\n|-status|p2a: Darth Tyranus|par|[from] ability: Static|[of] p1a: Zapdos\n|move|p1a: Zapdos|Volt Switch|p2a: Darth Tyranus\n|-damage|p2a: Darth Tyranus|0 fnt\n|faint|p2a: Darth Tyranus\n|\n|t:|1700335229\n|switch|p1a: Cinderace|Cinderace, M|57\/100 par|[from] Volt Switch\n|\n|upkeep\n|\n|t:|1700335232\n|switch|p2a: Toothless|Dragapult, M|100\/100\n|turn|21\n|\n|t:|1700335238\n|move|p2a: Toothless|Hex|p1a: Cinderace\n|-damage|p1a: Cinderace|0 fnt\n|faint|p1a: Cinderace\n|\n|upkeep\n|inactive|MianyangJiejie has 120 seconds left.\n|\n|t:|1700335269\n|switch|p1a: Ogerpon|Ogerpon, F|51\/100\n|-damage|p1a: Ogerpon|38\/100|[from] Stealth Rock\n|-damage|p1a: Ogerpon|26\/100|[from] Spikes\n|turn|22\n|\n|t:|1700335272\n|switch|p2a: Clicker|Ting-Lu|15\/100\n|-damage|p2a: Clicker|9\/100|[from] Stealth Rock\n|-ability|p2a: Clicker|Vessel of Ruin\n|-terastallize|p1a: Ogerpon|Grass\n|detailschange|p1a: Ogerpon|Ogerpon-Teal-Tera, F, tera:Grass\n|-ability|p1a: Ogerpon|Embody Aspect (Teal)|boost\n|-boost|p1a: Ogerpon|spe|1\n|move|p1a: Ogerpon|Knock Off|p2a: Clicker\n|-resisted|p2a: Clicker\n|-damage|p2a: Clicker|0 fnt\n|-enditem|p2a: Clicker|Leftovers|[from] move: Knock Off|[of] p1a: Ogerpon\n|faint|p2a: Clicker\n|\n|upkeep\n|\n|t:|1700335275\n|switch|p2a: Dick Grayson|Corviknight, M|94\/100\n|-damage|p2a: Dick Grayson|82\/100|[from] Stealth Rock\n|-ability|p2a: Dick Grayson|Pressure\n|turn|23\n|\n|t:|1700335278\n|move|p1a: Ogerpon|Knock Off|p2a: Dick Grayson\n|-damage|p2a: Dick Grayson|53\/100\n|-enditem|p2a: Dick Grayson|Leftovers|[from] move: Knock Off|[of] p1a: Ogerpon\n|move|p2a: Dick Grayson|U-turn|p1a: Ogerpon\n|-supereffective|p1a: Ogerpon\n|-damage|p1a: Ogerpon|0 fnt\n|faint|p1a: Ogerpon\n|\n|t:|1700335283\n|switch|p2a: Amaterasu|Iron Moth|100\/100|[from] U-turn\n|\n|upkeep\n|\n|t:|1700335287\n|switch|p1a: Ting-Lu|Ting-Lu|79\/100\n|-damage|p1a: Ting-Lu|73\/100|[from] Stealth Rock\n|-damage|p1a: Ting-Lu|61\/100|[from] Spikes\n|-ability|p1a: Ting-Lu|Vessel of Ruin\n|turn|24\n|\n|t:|1700335298\n|move|p2a: Amaterasu|Toxic Spikes|p1a: Ting-Lu\n|-sidestart|p1: MianyangJiejie|move: Toxic Spikes\n|move|p1a: Ting-Lu|Ruination|p2a: Amaterasu\n|-damage|p2a: Amaterasu|51\/100\n|\n|upkeep\n|turn|25\n|\n|t:|1700335306\n|-end|p2a: Amaterasu|Quark Drive|[silent]\n|switch|p2a: Dick Grayson|Corviknight, M|53\/100\n|-damage|p2a: Dick Grayson|41\/100|[from] Stealth Rock\n|-ability|p2a: Dick Grayson|Pressure\n|move|p1a: Ting-Lu|Ruination|p2a: Dick Grayson\n|-damage|p2a: Dick Grayson|21\/100\n|\n|upkeep\n|turn|26\n|\n|t:|1700335313\n|move|p2a: Dick Grayson|Iron Head|p1a: Ting-Lu\n|-damage|p1a: Ting-Lu|46\/100\n|cant|p1a: Ting-Lu|flinch\n|\n|upkeep\n|turn|27\n|\n|t:|1700335316\n|move|p2a: Dick Grayson|Iron Head|p1a: Ting-Lu\n|-damage|p1a: Ting-Lu|33\/100\n|move|p1a: Ting-Lu|Earthquake|p2a: Dick Grayson\n|-immune|p2a: Dick Grayson\n|\n|upkeep\n|turn|28\n|\n|t:|1700335319\n|move|p2a: Dick Grayson|Iron Head|p1a: Ting-Lu\n|-damage|p1a: Ting-Lu|20\/100\n|move|p1a: Ting-Lu|Earthquake|p2a: Dick Grayson\n|-immune|p2a: Dick Grayson\n|\n|upkeep\n|turn|29\n|\n|t:|1700335321\n|move|p2a: Dick Grayson|Roost|p2a: Dick Grayson\n|-heal|p2a: Dick Grayson|71\/100\n|-singleturn|p2a: Dick Grayson|move: Roost\n|move|p1a: Ting-Lu|Stone Edge|p2a: Dick Grayson\n|-resisted|p2a: Dick Grayson\n|-damage|p2a: Dick Grayson|60\/100\n|\n|upkeep\n|turn|30\n|\n|t:|1700335324\n|move|p2a: Dick Grayson|Iron Head|p1a: Ting-Lu\n|-damage|p1a: Ting-Lu|6\/100\n|move|p1a: Ting-Lu|Ruination|p2a: Dick Grayson\n|-damage|p2a: Dick Grayson|30\/100\n|\n|upkeep\n|turn|31\n|\n|t:|1700335331\n|move|p2a: Dick Grayson|Roost|p2a: Dick Grayson\n|-heal|p2a: Dick Grayson|80\/100\n|-singleturn|p2a: Dick Grayson|move: Roost\n|move|p1a: Ting-Lu|Earthquake|p2a: Dick Grayson\n|-supereffective|p2a: Dick Grayson\n|-damage|p2a: Dick Grayson|23\/100\n|\n|upkeep\n|turn|32\n|\n|t:|1700335333\n|move|p2a: Dick Grayson|Roost|p2a: Dick Grayson\n|-heal|p2a: Dick Grayson|73\/100\n|-singleturn|p2a: Dick Grayson|move: Roost\n|move|p1a: Ting-Lu|Earthquake|p2a: Dick Grayson\n|-supereffective|p2a: Dick Grayson\n|-damage|p2a: Dick Grayson|18\/100\n|\n|upkeep\n|turn|33\n|\n|t:|1700335337\n|move|p2a: Dick Grayson|U-turn|p1a: Ting-Lu\n|-supereffective|p1a: Ting-Lu\n|-damage|p1a: Ting-Lu|0 fnt\n|faint|p1a: Ting-Lu\n|\n|t:|1700335343\n|switch|p2a: Amaterasu|Iron Moth|51\/100|[from] U-turn\n|\n|upkeep\n|\n|t:|1700335348\n|switch|p1a: Iron Valiant|Iron Valiant|100\/100\n|-damage|p1a: Iron Valiant|94\/100|[from] Stealth Rock\n|-damage|p1a: Iron Valiant|82\/100|[from] Spikes\n|-status|p1a: Iron Valiant|psn\n|-enditem|p1a: Iron Valiant|Booster Energy\n|-activate|p1a: Iron Valiant|ability: Quark Drive|[fromitem]\n|-start|p1a: Iron Valiant|quarkdrivespe\n|turn|34\n|\n|t:|1700335352\n|-end|p2a: Amaterasu|Quark Drive|[silent]\n|switch|p2a: Dick Grayson|Corviknight, M|18\/100\n|-damage|p2a: Dick Grayson|5\/100|[from] Stealth Rock\n|-ability|p2a: Dick Grayson|Pressure\n|move|p1a: Iron Valiant|Psyshock|p2a: Dick Grayson\n|-resisted|p2a: Dick Grayson\n|-damage|p2a: Dick Grayson|0 fnt\n|faint|p2a: Dick Grayson\n|\n|-damage|p1a: Iron Valiant|69\/100 psn|[from] psn\n|upkeep\n|\n|t:|1700335367\n|switch|p2a: Amaterasu|Iron Moth|51\/100\n|turn|35\n|\n|t:|1700335369\n|-end|p2a: Amaterasu|Quark Drive|[silent]\n|switch|p2a: Toothless|Dragapult, M|100\/100\n|move|p1a: Iron Valiant|Psyshock|p2a: Toothless\n|-damage|p2a: Toothless|61\/100\n|\n|-damage|p1a: Iron Valiant|57\/100 psn|[from] psn\n|upkeep\n|turn|36\n|\n|t:|1700335373\n|switch|p2a: Amaterasu|Iron Moth|51\/100\n|move|p1a: Iron Valiant|Moonblast|p2a: Amaterasu\n|-resisted|p2a: Amaterasu\n|-damage|p2a: Amaterasu|39\/100\n|\n|-damage|p1a: Iron Valiant|44\/100 psn|[from] psn\n|upkeep\n|turn|37\n|\n|t:|1700335376\n|-end|p2a: Amaterasu|Quark Drive|[silent]\n|switch|p2a: Toothless|Dragapult, M|61\/100\n|move|p1a: Iron Valiant|Psyshock|p2a: Toothless\n|-damage|p2a: Toothless|20\/100\n|\n|-damage|p1a: Iron Valiant|32\/100 psn|[from] psn\n|upkeep\n|turn|38\n|\n|t:|1700335380\n|switch|p2a: Amaterasu|Iron Moth|39\/100\n|move|p1a: Iron Valiant|Psyshock|p2a: Amaterasu\n|-supereffective|p2a: Amaterasu\n|-damage|p2a: Amaterasu|0 fnt\n|faint|p2a: Amaterasu\n|-end|p2a: Amaterasu|Quark Drive|[silent]\n|\n|-damage|p1a: Iron Valiant|20\/100 psn|[from] psn\n|upkeep\n|\n|t:|1700335382\n|switch|p2a: Toothless|Dragapult, M|20\/100\n|turn|39\n|\n|t:|1700335383\n|move|p1a: Iron Valiant|Moonblast|p2a: Toothless\n|-supereffective|p2a: Toothless\n|-damage|p2a: Toothless|0 fnt\n|faint|p2a: Toothless\n|\n|win|MianyangJiejie\n|raw|MianyangJiejie's rating: 1658 &rarr; <strong>1684<\/strong><br \/>(+26 for winning)\n|raw|Steez Ibanez's rating: 1769 &rarr; <strong>1743<\/strong><br \/>(-26 for losing)\n|l|\u2606Steez Ibanez\n","uploadtime":1700335393,"views":9,"p1id":"mianyangjiejie","p2id":"steezibanez","formatid":"gen9ou","rating":1684,"private":0,"password":""}