{"id":"gen9ou-1988739391","p1":"TVenomoth","p2":"Zabbaman","format":"[Gen 9] OU","log":"|j|\u2606TVenomoth\n|j|\u2606Zabbaman\n|t:|1699756991\n|gametype|singles\n|player|p1|TVenomoth|2|1107\n|player|p2|Zabbaman|102|1203\n|teamsize|p1|6\n|teamsize|p2|6\n|gen|9\n|tier|[Gen 9] OU\n|rated|\n|rule|Sleep Clause Mod: Limit one foe put to sleep\n|rule|Species Clause: Limit one of each Pok\u00e9mon\n|rule|OHKO Clause: OHKO moves are banned\n|rule|Evasion Items Clause: Evasion items are banned\n|rule|Evasion Moves Clause: Evasion moves are banned\n|rule|Endless Battle Clause: Forcing endless battles is banned\n|rule|HP Percentage Mod: HP is shown in percentages\n|clearpoke\n|poke|p1|Zamazenta-*|\n|poke|p1|Zapdos|\n|poke|p1|Heatran, F|\n|poke|p1|Dragapult, M|\n|poke|p1|Gholdengo|\n|poke|p1|Enamorus, F|\n|poke|p2|Ribombee, M|\n|poke|p2|Yanmega, F|\n|poke|p2|Ogerpon-Wellspring, F|\n|poke|p2|Kingambit, M|\n|poke|p2|Great Tusk|\n|poke|p2|Gholdengo|\n|teampreview\n|inactive|Battle timer is ON: inactive players will automatically lose when time's up. (requested by TVenomoth)\n|\n|t:|1699757001\n|start\n|switch|p1a: Heatran|Heatran, F|100\/100\n|switch|p2a: Mr Bombastick|Ribombee, M|100\/100\n|turn|1\n|\n|t:|1699757014\n|move|p2a: Mr Bombastick|Stun Spore|p1a: Heatran\n|-status|p1a: Heatran|par\n|move|p1a: Heatran|Magma Storm|p2a: Mr Bombastick\n|-supereffective|p2a: Mr Bombastick\n|-enditem|p2a: Mr Bombastick|Focus Sash\n|-damage|p2a: Mr Bombastick|1\/100\n|-activate|p2a: Mr Bombastick|move: Magma Storm|[of] p1a: Heatran\n|\n|-damage|p2a: Mr Bombastick|0 fnt|[from] move: Magma Storm|[partiallytrapped]\n|faint|p2a: Mr Bombastick\n|upkeep\n|\n|t:|1699757030\n|switch|p2a: Ogerpon|Ogerpon-Wellspring, F|100\/100\n|turn|2\n|\n|t:|1699757037\n|-terastallize|p2a: Ogerpon|Water\n|detailschange|p2a: Ogerpon|Ogerpon-Wellspring-Tera, F, tera:Water\n|-ability|p2a: Ogerpon|Embody Aspect (Wellspring)|boost\n|-boost|p2a: Ogerpon|spd|1\n|move|p2a: Ogerpon|Ivy Cudgel|p1a: Heatran\n|-supereffective|p1a: Heatran\n|-damage|p1a: Heatran|0 fnt\n|faint|p1a: Heatran\n|\n|upkeep\n|\n|t:|1699757049\n|switch|p1a: Zapdos|Zapdos|100\/100\n|turn|3\n|\n|t:|1699757052\n|move|p2a: Ogerpon|Ivy Cudgel|p1a: Zapdos\n|-damage|p1a: Zapdos|10\/100\n|move|p1a: Zapdos|Thunderbolt|p2a: Ogerpon\n|-supereffective|p2a: Ogerpon\n|-damage|p2a: Ogerpon|31\/100\n|\n|upkeep\n|turn|4\n|\n|t:|1699757061\n|switch|p1a: Dragapult|Dragapult, M|100\/100\n|move|p2a: Ogerpon|Ivy Cudgel|p1a: Dragapult\n|-resisted|p1a: Dragapult\n|-damage|p1a: Dragapult|45\/100\n|\n|-heal|p1a: Dragapult|51\/100|[from] item: Leftovers\n|upkeep\n|turn|5\n|\n|t:|1699757084\n|switch|p2a: Kingambit|Kingambit, M|100\/100\n|-activate|p2a: Kingambit|ability: Supreme Overlord\n|-start|p2a: Kingambit|fallen1|[silent]\n|move|p1a: Dragapult|Dragon Darts|p2a: Kingambit\n|-resisted|p2a: Kingambit\n|-damage|p2a: Kingambit|92\/100\n|-anim|p1a: Dragapult|Dragon Darts|p2a: Kingambit\n|-resisted|p2a: Kingambit\n|-damage|p2a: Kingambit|83\/100\n|\n|-heal|p1a: Dragapult|57\/100|[from] item: Leftovers\n|-heal|p2a: Kingambit|89\/100|[from] item: Leftovers\n|upkeep\n|turn|6\n|\n|t:|1699757098\n|move|p1a: Dragapult|Will-O-Wisp|p2a: Kingambit\n|-status|p2a: Kingambit|brn\n|move|p2a: Kingambit|Swords Dance|p2a: Kingambit\n|-boost|p2a: Kingambit|atk|2\n|\n|-heal|p1a: Dragapult|63\/100|[from] item: Leftovers\n|-heal|p2a: Kingambit|95\/100 brn|[from] item: Leftovers\n|-damage|p2a: Kingambit|89\/100 brn|[from] brn\n|upkeep\n|turn|7\n|\n|t:|1699757115\n|switch|p1a: Enamorus|Enamorus, F|100\/100\n|move|p2a: Kingambit|Iron Head|p1a: Enamorus\n|-supereffective|p1a: Enamorus\n|-damage|p1a: Enamorus|0 fnt\n|-start|p2a: Kingambit|Attract|[from] ability: Cute Charm|[of] p1a: Enamorus\n|faint|p1a: Enamorus\n|-end|p2a: Kingambit|Attract|[silent]\n|\n|-heal|p2a: Kingambit|95\/100 brn|[from] item: Leftovers\n|-damage|p2a: Kingambit|89\/100 brn|[from] brn\n|upkeep\n|\n|t:|1699757128\n|switch|p1a: Zapdos|Zapdos|10\/100\n|turn|8\n|\n|t:|1699757134\n|move|p2a: Kingambit|Sucker Punch|p1a: Zapdos\n|-damage|p1a: Zapdos|0 fnt\n|faint|p1a: Zapdos\n|\n|-heal|p2a: Kingambit|95\/100 brn|[from] item: Leftovers\n|-damage|p2a: Kingambit|89\/100 brn|[from] brn\n|upkeep\n|\n|t:|1699757137\n|switch|p1a: Zamazenta|Zamazenta|100\/100\n|-ability|p1a: Zamazenta|Dauntless Shield|boost\n|-boost|p1a: Zamazenta|def|1\n|turn|9\n|\n|t:|1699757153\n|-end|p2a: Kingambit|fallen1|[silent]\n|switch|p2a: Ogerpon|Ogerpon-Wellspring-Tera, F, tera:Water|31\/100\n|-ability|p2a: Ogerpon|Embody Aspect (Wellspring)|boost\n|-boost|p2a: Ogerpon|spd|1\n|move|p1a: Zamazenta|Wild Charge|p2a: Ogerpon\n|-supereffective|p2a: Ogerpon\n|-damage|p2a: Ogerpon|0 fnt\n|faint|p2a: Ogerpon\n|-damage|p1a: Zamazenta|93\/100|[from] Recoil\n|\n|upkeep\n|\n|t:|1699757163\n|switch|p2a: Yanmega|Yanmega, F|100\/100\n|turn|10\n|\n|t:|1699757168\n|move|p1a: Zamazenta|Wild Charge|p2a: Yanmega\n|-supereffective|p2a: Yanmega\n|-damage|p2a: Yanmega|0 fnt\n|faint|p2a: Yanmega\n|-damage|p1a: Zamazenta|69\/100|[from] Recoil\n|\n|upkeep\n|\n|t:|1699757175\n|switch|p2a: Great Tusk|Great Tusk|100\/100\n|-enditem|p2a: Great Tusk|Booster Energy\n|-activate|p2a: Great Tusk|ability: Protosynthesis|[fromitem]\n|-start|p2a: Great Tusk|protosynthesisatk\n|turn|11\n|\n|t:|1699757185\n|switch|p1a: Gholdengo|Gholdengo|100\/100\n|move|p2a: Great Tusk|Stealth Rock|p1a: Gholdengo\n|-sidestart|p1: TVenomoth|move: Stealth Rock\n|\n|upkeep\n|turn|12\n|\n|t:|1699757207\n|move|p1a: Gholdengo|Make It Rain|p2a: Great Tusk\n|-damage|p2a: Great Tusk|0 fnt\n|-unboost|p1a: Gholdengo|spa|1\n|faint|p2a: Great Tusk\n|-end|p2a: Great Tusk|Protosynthesis|[silent]\n|\n|upkeep\n|\n|t:|1699757221\n|switch|p2a: Gholdengo|Gholdengo|100\/100\n|-item|p2a: Gholdengo|Air Balloon\n|turn|13\n|\n|t:|1699757226\n|switch|p1a: Dragapult|Dragapult, M|63\/100\n|-damage|p1a: Dragapult|50\/100|[from] Stealth Rock\n|move|p2a: Gholdengo|Shadow Ball|p1a: Dragapult\n|-supereffective|p1a: Dragapult\n|-damage|p1a: Dragapult|0 fnt\n|faint|p1a: Dragapult\n|\n|upkeep\n|\n|t:|1699757229\n|switch|p1a: Zamazenta|Zamazenta|69\/100\n|-damage|p1a: Zamazenta|63\/100|[from] Stealth Rock\n|turn|14\n|\n|t:|1699757241\n|move|p1a: Zamazenta|Crunch|p2a: Gholdengo\n|-supereffective|p2a: Gholdengo\n|-damage|p2a: Gholdengo|41\/100\n|-enditem|p2a: Gholdengo|Air Balloon\n|move|p2a: Gholdengo|Shadow Ball|p1a: Zamazenta\n|-damage|p1a: Zamazenta|32\/100\n|\n|upkeep\n|turn|15\n|\n|t:|1699757250\n|switch|p2a: Kingambit|Kingambit, M|89\/100 brn\n|-activate|p2a: Kingambit|ability: Supreme Overlord\n|-start|p2a: Kingambit|fallen4|[silent]\n|move|p1a: Zamazenta|Crunch|p2a: Kingambit\n|-resisted|p2a: Kingambit\n|-damage|p2a: Kingambit|73\/100 brn\n|\n|-heal|p2a: Kingambit|79\/100 brn|[from] item: Leftovers\n|-damage|p2a: Kingambit|73\/100 brn|[from] brn\n|upkeep\n|turn|16\n|\n|t:|1699757262\n|switch|p1a: Gholdengo|Gholdengo|100\/100\n|-damage|p1a: Gholdengo|94\/100|[from] Stealth Rock\n|move|p2a: Kingambit|Sucker Punch||[still]\n|-fail|p2a: Kingambit\n|\n|-heal|p2a: Kingambit|79\/100 brn|[from] item: Leftovers\n|-damage|p2a: Kingambit|73\/100 brn|[from] brn\n|upkeep\n|turn|17\n|\n|t:|1699757272\n|move|p1a: Gholdengo|Trick|p2a: Kingambit\n|-activate|p1a: Gholdengo|move: Trick|[of] p2a: Kingambit\n|-item|p2a: Kingambit|Choice Scarf|[from] move: Trick\n|-item|p1a: Gholdengo|Leftovers|[from] move: Trick\n|move|p2a: Kingambit|Swords Dance|p2a: Kingambit\n|-boost|p2a: Kingambit|atk|2\n|\n|-heal|p1a: Gholdengo|100\/100|[from] item: Leftovers\n|-damage|p2a: Kingambit|66\/100 brn|[from] brn\n|upkeep\n|turn|18\n|\n|t:|1699757283\n|-end|p2a: Kingambit|fallen4|[silent]\n|switch|p2a: Gholdengo|Gholdengo|41\/100\n|move|p1a: Gholdengo|Shadow Ball|p2a: Gholdengo\n|-supereffective|p2a: Gholdengo\n|-damage|p2a: Gholdengo|0 fnt\n|faint|p2a: Gholdengo\n|\n|upkeep\n|c|\u2606TVenomoth|gg\n|\n|t:|1699757291\n|switch|p2a: Kingambit|Kingambit, M|66\/100 brn\n|-activate|p2a: Kingambit|ability: Supreme Overlord\n|-start|p2a: Kingambit|fallen5|[silent]\n|turn|19\n|\n|t:|1699757297\n|move|p2a: Kingambit|Sucker Punch|p1a: Gholdengo\n|-supereffective|p1a: Gholdengo\n|-damage|p1a: Gholdengo|34\/100\n|move|p1a: Gholdengo|Focus Blast|p2a: Kingambit\n|-supereffective|p2a: Kingambit\n|-damage|p2a: Kingambit|0 fnt\n|faint|p2a: Kingambit\n|-end|p2a: Kingambit|fallen5|[silent]\n|\n|win|TVenomoth\n|raw|TVenomoth's rating: 1107 &rarr; <strong>1139<\/strong><br \/>(+32 for winning)\n|raw|Zabbaman's rating: 1203 &rarr; <strong>1171<\/strong><br \/>(-32 for losing)\n|l|\u2606Zabbaman\n","uploadtime":1699757310,"views":8,"p1id":"tvenomoth","p2id":"zabbaman","formatid":"gen9ou","rating":1139,"private":0,"password":""}