{"id":"gen9ou-1996455022","p1":"Username momento","p2":"WubbyBubbyJr","format":"[Gen 9] OU","log":"|j|\u2606Username momento\n|j|\u2606WubbyBubbyJr\n|t:|1700683639\n|gametype|singles\n|player|p1|Username momento|ninjaboy|1579\n|player|p2|WubbyBubbyJr|preschooler|1559\n|teamsize|p1|6\n|teamsize|p2|6\n|gen|9\n|tier|[Gen 9] OU\n|rated|\n|rule|Sleep Clause Mod: Limit one foe put to sleep\n|rule|Species Clause: Limit one of each Pok\u00e9mon\n|rule|OHKO Clause: OHKO moves are banned\n|rule|Evasion Items Clause: Evasion items are banned\n|rule|Evasion Moves Clause: Evasion moves are banned\n|rule|Endless Battle Clause: Forcing endless battles is banned\n|rule|HP Percentage Mod: HP is shown in percentages\n|clearpoke\n|poke|p1|Meowscarada, M|\n|poke|p1|Kingambit, M|\n|poke|p1|Zapdos|\n|poke|p1|Zamazenta-*|\n|poke|p1|Great Tusk|\n|poke|p1|Iron Moth|\n|poke|p2|Garganacl, F|\n|poke|p2|Dragapult, F|\n|poke|p2|Ceruledge, M|\n|poke|p2|Zapdos|\n|poke|p2|Kingambit, F|\n|poke|p2|Great Tusk|\n|teampreview\n|inactive|Battle timer is ON: inactive players will automatically lose when time's up. (requested by WubbyBubbyJr)\n|inactive|WubbyBubbyJr has 120 seconds left.\n|\n|t:|1700683691\n|start\n|switch|p1a: Meowscarada|Meowscarada, M|100\/100\n|switch|p2a: smaug|Dragapult, F|100\/100\n|turn|1\n|\n|t:|1700683695\n|switch|p1a: Zapdos|Zapdos|100\/100\n|move|p2a: smaug|U-turn|p1a: Zapdos\n|-resisted|p1a: Zapdos\n|-damage|p1a: Zapdos|95\/100\n|\n|t:|1700683704\n|switch|p2a: fatass|Garganacl, F|100\/100|[from] U-turn\n|\n|upkeep\n|turn|2\n|\n|t:|1700683708\n|move|p1a: Zapdos|Volt Switch|p2a: fatass\n|-damage|p2a: fatass|76\/100\n|\n|t:|1700683713\n|switch|p1a: Great Tusk|Great Tusk|100\/100|[from] Volt Switch\n|-enditem|p1a: Great Tusk|Booster Energy\n|-activate|p1a: Great Tusk|ability: Protosynthesis|[fromitem]\n|-start|p1a: Great Tusk|protosynthesisatk\n|move|p2a: fatass|Stealth Rock|p1a: Great Tusk\n|-sidestart|p1: Username momento|move: Stealth Rock\n|\n|-heal|p2a: fatass|82\/100|[from] item: Leftovers\n|upkeep\n|turn|3\n|\n|t:|1700683721\n|switch|p2a: bird jesus|Zapdos|100\/100\n|move|p1a: Great Tusk|Knock Off|p2a: bird jesus\n|-damage|p2a: bird jesus|58\/100\n|-status|p1a: Great Tusk|par|[from] ability: Static|[of] p2a: bird jesus\n|-enditem|p2a: bird jesus|Heavy-Duty Boots|[from] move: Knock Off|[of] p1a: Great Tusk\n|\n|upkeep\n|turn|4\n|\n|t:|1700683727\n|move|p2a: bird jesus|Roost|p2a: bird jesus\n|-heal|p2a: bird jesus|100\/100\n|-singleturn|p2a: bird jesus|move: Roost\n|cant|p1a: Great Tusk|par\n|\n|upkeep\n|turn|5\n|\n|t:|1700683732\n|move|p2a: bird jesus|Hurricane|p1a: Great Tusk|[miss]\n|-miss|p2a: bird jesus|p1a: Great Tusk\n|move|p1a: Great Tusk|Rapid Spin|p2a: bird jesus\n|-damage|p2a: bird jesus|79\/100\n|-boost|p1a: Great Tusk|spe|1\n|-sideend|p1: Username momento|Stealth Rock|[from] move: Rapid Spin|[of] p1a: Great Tusk\n|\n|upkeep\n|turn|6\n|\n|t:|1700683735\n|move|p2a: bird jesus|Hurricane|p1a: Great Tusk\n|-supereffective|p1a: Great Tusk\n|-damage|p1a: Great Tusk|0 fnt\n|faint|p1a: Great Tusk\n|-end|p1a: Great Tusk|Protosynthesis|[silent]\n|\n|upkeep\n|\n|t:|1700683741\n|switch|p1a: Iron Moth|Iron Moth|100\/100\n|-enditem|p1a: Iron Moth|Booster Energy\n|-activate|p1a: Iron Moth|ability: Quark Drive|[fromitem]\n|-start|p1a: Iron Moth|quarkdrivespe\n|turn|7\n|\n|t:|1700683767\n|move|p1a: Iron Moth|Fiery Dance|p2a: bird jesus\n|-damage|p2a: bird jesus|40\/100\n|move|p2a: bird jesus|Volt Switch|p1a: Iron Moth\n|-damage|p1a: Iron Moth|69\/100\n|inactive|WubbyBubbyJr has 120 seconds left.\n|\n|t:|1700683780\n|switch|p2a: king's swordsman|Ceruledge, M|100\/100|[from] Volt Switch\n|\n|upkeep\n|turn|8\n|inactive|WubbyBubbyJr has 120 seconds left.\n|\n|t:|1700683812\n|move|p1a: Iron Moth|Sludge Wave|p2a: king's swordsman\n|-resisted|p2a: king's swordsman\n|-damage|p2a: king's swordsman|80\/100\n|move|p2a: king's swordsman|Bulk Up|p2a: king's swordsman\n|-boost|p2a: king's swordsman|atk|1\n|-boost|p2a: king's swordsman|def|1\n|\n|-heal|p2a: king's swordsman|86\/100|[from] item: Leftovers\n|upkeep\n|turn|9\n|\n|t:|1700683825\n|-terastallize|p1a: Iron Moth|Ground\n|move|p1a: Iron Moth|Tera Blast|p2a: king's swordsman|[anim] Tera Blast Ground\n|-supereffective|p2a: king's swordsman\n|-damage|p2a: king's swordsman|10\/100\n|move|p2a: king's swordsman|Bulk Up|p2a: king's swordsman\n|-boost|p2a: king's swordsman|atk|1\n|-boost|p2a: king's swordsman|def|1\n|\n|-heal|p2a: king's swordsman|16\/100|[from] item: Leftovers\n|upkeep\n|turn|10\n|\n|t:|1700683837\n|move|p2a: king's swordsman|Shadow Sneak|p1a: Iron Moth\n|-crit|p1a: Iron Moth\n|-damage|p1a: Iron Moth|0 fnt\n|faint|p1a: Iron Moth\n|-end|p1a: Iron Moth|Quark Drive|[silent]\n|\n|-heal|p2a: king's swordsman|22\/100|[from] item: Leftovers\n|upkeep\n|\n|t:|1700683846\n|switch|p1a: Meowscarada|Meowscarada, M|100\/100\n|turn|11\n|\n|t:|1700683862\n|move|p1a: Meowscarada|Knock Off|p2a: king's swordsman\n|-start|p1a: Meowscarada|typechange|Dark|[from] ability: Protean\n|-supereffective|p2a: king's swordsman\n|-damage|p2a: king's swordsman|0 fnt\n|-enditem|p2a: king's swordsman|Leftovers|[from] move: Knock Off|[of] p1a: Meowscarada\n|faint|p2a: king's swordsman\n|\n|upkeep\n|\n|t:|1700683869\n|switch|p2a: smaug|Dragapult, F|100\/100\n|turn|12\n|\n|t:|1700683880\n|switch|p1a: Zapdos|Zapdos|95\/100\n|move|p2a: smaug|Draco Meteor|p1a: Zapdos|[miss]\n|-miss|p2a: smaug|p1a: Zapdos\n|\n|upkeep\n|turn|13\n|\n|t:|1700683885\n|move|p2a: smaug|Draco Meteor|p1a: Zapdos\n|-damage|p1a: Zapdos|11\/100\n|-unboost|p2a: smaug|spa|2\n|move|p1a: Zapdos|Hurricane|p2a: smaug\n|-damage|p2a: smaug|34\/100\n|-start|p2a: smaug|confusion\n|\n|upkeep\n|turn|14\n|\n|t:|1700683895\n|-activate|p2a: smaug|confusion\n|move|p2a: smaug|Draco Meteor|p1a: Zapdos\n|-damage|p1a: Zapdos|0 fnt\n|-unboost|p2a: smaug|spa|2\n|faint|p1a: Zapdos\n|\n|upkeep\n|\n|t:|1700683903\n|switch|p1a: Zamazenta|Zamazenta|100\/100\n|-ability|p1a: Zamazenta|Dauntless Shield|boost\n|-boost|p1a: Zamazenta|def|1\n|turn|15\n|\n|t:|1700683923\n|switch|p2a: bird jesus|Zapdos|40\/100\n|move|p1a: Zamazenta|Iron Defense|p1a: Zamazenta\n|-boost|p1a: Zamazenta|def|2\n|\n|upkeep\n|turn|16\n|inactive|WubbyBubbyJr has 120 seconds left.\n|\n|t:|1700683940\n|-terastallize|p2a: bird jesus|Flying\n|move|p1a: Zamazenta|Body Press|p2a: bird jesus\n|-resisted|p2a: bird jesus\n|-damage|p2a: bird jesus|0 fnt\n|faint|p2a: bird jesus\n|\n|upkeep\n|inactive|WubbyBubbyJr has 120 seconds left.\n|\n|t:|1700683947\n|switch|p2a: smaug|Dragapult, F|34\/100\n|turn|17\n|\n|t:|1700683949\n|move|p2a: smaug|Draco Meteor|p1a: Zamazenta\n|-damage|p1a: Zamazenta|17\/100\n|-unboost|p2a: smaug|spa|2\n|move|p1a: Zamazenta|Crunch|p2a: smaug\n|-supereffective|p2a: smaug\n|-damage|p2a: smaug|0 fnt\n|faint|p2a: smaug\n|\n|-heal|p1a: Zamazenta|24\/100|[from] item: Leftovers\n|upkeep\n|inactive|WubbyBubbyJr has 120 seconds left.\n|inactive|WubbyBubbyJr has 90 seconds left.\n|\n|t:|1700683999\n|switch|p2a: behemoth|Great Tusk|100\/100\n|turn|18\n|inactive|WubbyBubbyJr has 90 seconds left.\n|\n|t:|1700684026\n|move|p1a: Zamazenta|Body Press|p2a: behemoth\n|-damage|p2a: behemoth|25\/100\n|move|p2a: behemoth|Rapid Spin|p1a: Zamazenta\n|-damage|p1a: Zamazenta|18\/100\n|-boost|p2a: behemoth|spe|1\n|\n|-heal|p1a: Zamazenta|24\/100|[from] item: Leftovers\n|upkeep\n|turn|19\n|inactive|WubbyBubbyJr has 60 seconds left.\n|\n|t:|1700684046\n|move|p2a: behemoth|Headlong Rush|p1a: Zamazenta\n|-damage|p1a: Zamazenta|5\/100\n|-unboost|p2a: behemoth|def|1\n|-unboost|p2a: behemoth|spd|1\n|move|p1a: Zamazenta|Body Press|p2a: behemoth\n|-damage|p2a: behemoth|0 fnt\n|faint|p2a: behemoth\n|-end|p2a: behemoth|Protosynthesis|[silent]\n|\n|-heal|p1a: Zamazenta|12\/100|[from] item: Leftovers\n|upkeep\n|inactive|WubbyBubbyJr has 60 seconds left.\n|-message|WubbyBubbyJr forfeited.\n|\n|win|Username momento\n|raw|Username momento's rating: 1579 &rarr; <strong>1598<\/strong><br \/>(+19 for winning)\n|raw|WubbyBubbyJr's rating: 1559 &rarr; <strong>1540<\/strong><br \/>(-19 for losing)\n|l|\u2606WubbyBubbyJr\n|j| dfghhhg\n","uploadtime":1700684056,"views":0,"p1id":"usernamemomento","p2id":"wubbybubbyjr","formatid":"gen9ou","rating":1540,"private":0,"password":""}