{"id":"gen9ou-1994094363","p1":"Armawile","p2":"DivineGabriel","format":"[Gen 9] OU","log":"|j|\u2606Armawile\n|j|\u2606DivineGabriel\n|t:|1700406095\n|gametype|singles\n|player|p1|Armawile|266|1677\n|player|p2|DivineGabriel|rye|1700\n|teamsize|p1|6\n|teamsize|p2|6\n|gen|9\n|tier|[Gen 9] OU\n|rated|\n|rule|Sleep Clause Mod: Limit one foe put to sleep\n|rule|Species Clause: Limit one of each Pok\u00e9mon\n|rule|OHKO Clause: OHKO moves are banned\n|rule|Evasion Items Clause: Evasion items are banned\n|rule|Evasion Moves Clause: Evasion moves are banned\n|rule|Endless Battle Clause: Forcing endless battles is banned\n|rule|HP Percentage Mod: HP is shown in percentages\n|clearpoke\n|poke|p1|Milotic, F|\n|poke|p1|Kingambit, F|\n|poke|p1|Dragapult, F|\n|poke|p1|Iron Valiant|\n|poke|p1|Zapdos|\n|poke|p1|Ting-Lu|\n|poke|p2|Typhlosion-Hisui, M|\n|poke|p2|Great Tusk|\n|poke|p2|Torkoal, M|\n|poke|p2|Walking Wake|\n|poke|p2|Hatterene, F|\n|poke|p2|Meowscarada, F|\n|teampreview\n|j| ShedTailHater\n|\n|t:|1700406122\n|start\n|switch|p1a: Dragapult|Dragapult, F, shiny|100\/100\n|switch|p2a: Torkoal|Torkoal, M|100\/100\n|-weather|SunnyDay|[from] ability: Drought|[of] p2a: Torkoal\n|turn|1\n|j| oijiojoij\n|\n|t:|1700406130\n|switch|p2a: Hatterene|Hatterene, F|100\/100\n|move|p1a: Dragapult|Draco Meteor|p2a: Hatterene\n|-immune|p2a: Hatterene\n|\n|-weather|SunnyDay|[upkeep]\n|upkeep\n|turn|2\n|l| oijiojoij\n|\n|t:|1700406138\n|switch|p1a: Ting-Lu|Ting-Lu|100\/100\n|-ability|p1a: Ting-Lu|Vessel of Ruin\n|switch|p2a: Typhlosion|Typhlosion-Hisui, M|100\/100\n|\n|-weather|SunnyDay|[upkeep]\n|upkeep\n|turn|3\n|\n|t:|1700406144\n|move|p2a: Typhlosion|Eruption|p1a: Ting-Lu\n|-damage|p1a: Ting-Lu|0 fnt\n|faint|p1a: Ting-Lu\n|\n|-weather|SunnyDay|[upkeep]\n|upkeep\n|\n|t:|1700406152\n|switch|p1a: Dragapult|Dragapult, F, shiny|100\/100\n|turn|4\n|c|\u2606DivineGabriel|what is your tinglu\n|\n|t:|1700406160\n|switch|p2a: Meowscarada|Meowscarada, F|100\/100\n|move|p1a: Dragapult|Shadow Ball|p2a: Meowscarada\n|-resisted|p2a: Meowscarada\n|-damage|p2a: Meowscarada|56\/100\n|\n|-weather|SunnyDay|[upkeep]\n|upkeep\n|turn|5\n|c|\u2606Armawile|Suicide lead\n|c|\u2606Armawile|forgot to invest him\n|c|\u2606DivineGabriel|oh\n|inactive|Battle timer is ON: inactive players will automatically lose when time's up. (requested by DivineGabriel)\n|\n|t:|1700406192\n|switch|p2a: Typhlosion|Typhlosion-Hisui, M|100\/100\n|switch|p1a: Zapdos|Zapdos, shiny|100\/100\n|\n|-weather|SunnyDay|[upkeep]\n|upkeep\n|turn|6\n|\n|t:|1700406201\n|move|p1a: Zapdos|Volt Switch|p2a: Typhlosion\n|-damage|p2a: Typhlosion|55\/100\n|\n|t:|1700406204\n|switch|p1a: Milotic|Milotic, F, shiny|100\/100|[from] Volt Switch\n|move|p2a: Typhlosion|Eruption|p1a: Milotic\n|-resisted|p1a: Milotic\n|-damage|p1a: Milotic|78\/100\n|\n|-weather|SunnyDay|[upkeep]\n|upkeep\n|turn|7\n|\n|t:|1700406209\n|switch|p2a: Hatterene|Hatterene, F|100\/100\n|move|p1a: Milotic|Flip Turn|p2a: Hatterene\n|-damage|p2a: Hatterene|95\/100\n|-enditem|p2a: Hatterene|Eject Button\n|\n|t:|1700406215\n|switch|p2a: Great Tusk|Great Tusk|100\/100\n|-activate|p2a: Great Tusk|ability: Protosynthesis\n|-start|p2a: Great Tusk|protosynthesisatk\n|\n|-weather|SunnyDay|[upkeep]\n|upkeep\n|turn|8\n|\n|t:|1700406235\n|move|p2a: Great Tusk|Headlong Rush|p1a: Milotic\n|-crit|p1a: Milotic\n|-damage|p1a: Milotic|0 fnt\n|-unboost|p2a: Great Tusk|def|1\n|-unboost|p2a: Great Tusk|spd|1\n|faint|p1a: Milotic\n|\n|-weather|none\n|-end|p2a: Great Tusk|Protosynthesis\n|upkeep\n|\n|t:|1700406242\n|switch|p1a: Dragapult|Dragapult, F, shiny|100\/100\n|turn|9\n|\n|t:|1700406247\n|-end|p2a: Great Tusk|Protosynthesis|[silent]\n|switch|p2a: Hatterene|Hatterene, F|95\/100\n|move|p1a: Dragapult|Fire Blast|p2a: Hatterene\n|-damage|p2a: Hatterene|47\/100\n|\n|upkeep\n|turn|10\n|\n|t:|1700406253\n|switch|p2a: Typhlosion|Typhlosion-Hisui, M|55\/100\n|move|p1a: Dragapult|Fire Blast|p2a: Typhlosion\n|-resisted|p2a: Typhlosion\n|-damage|p2a: Typhlosion|22\/100\n|\n|upkeep\n|turn|11\n|\n|t:|1700406261\n|switch|p2a: Hatterene|Hatterene, F|47\/100\n|move|p1a: Dragapult|Fire Blast|p2a: Hatterene\n|-damage|p2a: Hatterene|5\/100\n|\n|upkeep\n|turn|12\n|\n|t:|1700406267\n|move|p1a: Dragapult|Fire Blast|p2a: Hatterene\n|-damage|p2a: Hatterene|0 fnt\n|faint|p2a: Hatterene\n|\n|upkeep\n|\n|t:|1700406269\n|switch|p2a: Walking Wake|Walking Wake|100\/100\n|turn|13\n|\n|t:|1700406273\n|switch|p1a: Zapdos|Zapdos, shiny|100\/100\n|-terastallize|p2a: Walking Wake|Water\n|move|p2a: Walking Wake|Hydro Steam|p1a: Zapdos\n|-damage|p1a: Zapdos|8\/100\n|\n|upkeep\n|turn|14\n|\n|t:|1700406279\n|move|p2a: Walking Wake|Hydro Steam|p1a: Zapdos\n|-damage|p1a: Zapdos|0 fnt\n|faint|p1a: Zapdos\n|\n|upkeep\n|\n|t:|1700406283\n|switch|p1a: Iron Valiant|Iron Valiant, shiny|100\/100\n|-enditem|p1a: Iron Valiant|Booster Energy\n|-activate|p1a: Iron Valiant|ability: Quark Drive|[fromitem]\n|-start|p1a: Iron Valiant|quarkdrivespe\n|turn|15\n|\n|t:|1700406286\n|-end|p2a: Walking Wake|Protosynthesis|[silent]\n|switch|p2a: Torkoal|Torkoal, M|100\/100\n|-weather|SunnyDay|[from] ability: Drought|[of] p2a: Torkoal\n|move|p1a: Iron Valiant|Destiny Bond|p1a: Iron Valiant\n|-singlemove|p1a: Iron Valiant|Destiny Bond\n|\n|-weather|SunnyDay|[upkeep]\n|upkeep\n|turn|16\n|\n|t:|1700406292\n|switch|p2a: Typhlosion|Typhlosion-Hisui, M|22\/100\n|move|p1a: Iron Valiant|Taunt|p2a: Typhlosion\n|-start|p2a: Typhlosion|move: Taunt\n|\n|-weather|SunnyDay|[upkeep]\n|upkeep\n|turn|17\n|\n|t:|1700406296\n|move|p1a: Iron Valiant|Moonblast|p2a: Typhlosion\n|-resisted|p2a: Typhlosion\n|-damage|p2a: Typhlosion|0 fnt\n|faint|p2a: Typhlosion\n|\n|-weather|SunnyDay|[upkeep]\n|upkeep\n|\n|t:|1700406298\n|switch|p2a: Walking Wake|Walking Wake, tera:Water|100\/100\n|-activate|p2a: Walking Wake|ability: Protosynthesis\n|-start|p2a: Walking Wake|protosynthesisspe\n|turn|18\n|\n|t:|1700406303\n|move|p1a: Iron Valiant|Destiny Bond|p1a: Iron Valiant\n|-singlemove|p1a: Iron Valiant|Destiny Bond\n|move|p2a: Walking Wake|Hydro Steam|p1a: Iron Valiant\n|-damage|p1a: Iron Valiant|0 fnt\n|faint|p1a: Iron Valiant\n|-activate|p1a: Iron Valiant|move: Destiny Bond\n|-end|p1a: Iron Valiant|Quark Drive|[silent]\n|faint|p2a: Walking Wake\n|-end|p2a: Walking Wake|Protosynthesis|[silent]\n|\n|-weather|SunnyDay|[upkeep]\n|upkeep\n|\n|t:|1700406312\n|switch|p1a: Dragapult|Dragapult, F, shiny|100\/100\n|switch|p2a: Meowscarada|Meowscarada, F|56\/100\n|turn|19\n|l| ShedTailHater\n|\n|t:|1700406324\n|move|p2a: Meowscarada|U-turn|p1a: Dragapult\n|-start|p2a: Meowscarada|typechange|Bug|[from] ability: Protean\n|-resisted|p1a: Dragapult\n|-damage|p1a: Dragapult|80\/100\n|\n|t:|1700406326\n|switch|p2a: Torkoal|Torkoal, M|100\/100|[from] U-turn\n|move|p1a: Dragapult|Fire Blast|p2a: Torkoal\n|-resisted|p2a: Torkoal\n|-damage|p2a: Torkoal|50\/100\n|\n|-weather|SunnyDay|[upkeep]\n|upkeep\n|turn|20\n|\n|t:|1700406342\n|move|p1a: Dragapult|Fire Blast|p2a: Torkoal\n|-resisted|p2a: Torkoal\n|-damage|p2a: Torkoal|7\/100\n|move|p2a: Torkoal|Stealth Rock|p1a: Dragapult\n|-sidestart|p1: Armawile|move: Stealth Rock\n|\n|-weather|SunnyDay|[upkeep]\n|upkeep\n|turn|21\n|\n|t:|1700406355\n|move|p1a: Dragapult|Fire Blast|p2a: Torkoal\n|-resisted|p2a: Torkoal\n|-damage|p2a: Torkoal|0 fnt\n|faint|p2a: Torkoal\n|\n|-weather|SunnyDay|[upkeep]\n|upkeep\n|\n|t:|1700406357\n|switch|p2a: Meowscarada|Meowscarada, F|56\/100\n|turn|22\n|l|\u2606Armawile\n|inactive|Armawile disconnected and has a minute to reconnect!\n|player|p1|\n|inactive|Armawile has 30 seconds to reconnect!\n|inactive|Armawile has 20 seconds to reconnect!\n|inactive|Armawile has 15 seconds to reconnect!\n|inactive|Armawile has 10 seconds to reconnect!\n|inactive|Armawile has 5 seconds to reconnect!\n|-message|Armawile lost due to inactivity.\n|\n|win|DivineGabriel\n|raw|Armawile's rating: 1677 &rarr; <strong>1658<\/strong><br \/>(-19 for losing)\n|raw|DivineGabriel's rating: 1700 &rarr; <strong>1719<\/strong><br \/>(+19 for winning)\n|j|\u2606Armawile\n|player|p1|Armawile|266\n|c|\u2606Armawile|Broo\n|c|\u2606Armawile|whats up with my co\n|c|\u2606Armawile|Gg anyways\n","uploadtime":1700406480,"views":11,"p1id":"armawile","p2id":"divinegabriel","formatid":"gen9ou","rating":1658,"private":0,"password":""}