{"id":"gen9ou-1997831589","p1":"Prav33n","p2":"mathismathin","format":"[Gen 9] OU","log":"|j|\u2606Prav33n\n|j|\u2606mathismathin\n|t:|1700857471\n|gametype|singles\n|player|p1|Prav33n|swimmer-gen4|1702\n|player|p2|mathismathin|nate|1694\n|teamsize|p1|6\n|teamsize|p2|6\n|gen|9\n|tier|[Gen 9] OU\n|rated|\n|rule|Sleep Clause Mod: Limit one foe put to sleep\n|rule|Species Clause: Limit one of each Pok\u00e9mon\n|rule|OHKO Clause: OHKO moves are banned\n|rule|Evasion Items Clause: Evasion items are banned\n|rule|Evasion Moves Clause: Evasion moves are banned\n|rule|Endless Battle Clause: Forcing endless battles is banned\n|rule|HP Percentage Mod: HP is shown in percentages\n|clearpoke\n|poke|p1|Cinderace, F|\n|poke|p1|Landorus-Therian, M|\n|poke|p1|Weavile, F|\n|poke|p1|Great Tusk|\n|poke|p1|Gholdengo|\n|poke|p1|Walking Wake|\n|poke|p2|Qwilfish-Hisui, F|\n|poke|p2|Landorus-Therian, M|\n|poke|p2|Great Tusk|\n|poke|p2|Goodra-Hisui, M|\n|poke|p2|Volcanion|\n|poke|p2|Breloom, M|\n|teampreview\n|j| SpiderKing3261\n|inactive|Battle timer is ON: inactive players will automatically lose when time's up. (requested by Prav33n)\n|\n|t:|1700857503\n|start\n|switch|p1a: Gholdengo|Gholdengo|100\/100\n|switch|p2a: Volcanion|Volcanion|100\/100\n|-item|p1a: Gholdengo|Air Balloon\n|turn|1\n|\n|t:|1700857513\n|switch|p1a: Walking Wake|Walking Wake|100\/100\n|-enditem|p1a: Walking Wake|Booster Energy\n|-activate|p1a: Walking Wake|ability: Protosynthesis|[fromitem]\n|-start|p1a: Walking Wake|protosynthesisspa\n|move|p2a: Volcanion|Flamethrower|p1a: Walking Wake\n|-resisted|p1a: Walking Wake\n|-damage|p1a: Walking Wake|77\/100\n|\n|upkeep\n|turn|2\n|\n|t:|1700857517\n|switch|p2a: Goodra|Goodra-Hisui, M|100\/100\n|move|p1a: Walking Wake|Dragon Pulse|p2a: Goodra\n|-damage|p2a: Goodra|73\/100\n|\n|upkeep\n|turn|3\n|\n|t:|1700857540\n|-terastallize|p1a: Walking Wake|Fairy\n|move|p1a: Walking Wake|Dragon Pulse|p2a: Goodra\n|-damage|p2a: Goodra|45\/100\n|move|p2a: Goodra|Draco Meteor|p1a: Walking Wake\n|-immune|p1a: Walking Wake\n|\n|upkeep\n|turn|4\n|\n|t:|1700857547\n|-end|p1a: Walking Wake|Protosynthesis|[silent]\n|switch|p1a: Great Tusk|Great Tusk|100\/100\n|move|p2a: Goodra|Ice Beam|p1a: Great Tusk\n|-supereffective|p1a: Great Tusk\n|-damage|p1a: Great Tusk|10\/100\n|\n|upkeep\n|turn|5\n|\n|t:|1700857552\n|switch|p2a: Great Tusk|Great Tusk|100\/100\n|move|p1a: Great Tusk|Close Combat|p2a: Great Tusk\n|-damage|p2a: Great Tusk|56\/100\n|-unboost|p1a: Great Tusk|def|1\n|-unboost|p1a: Great Tusk|spd|1\n|-enditem|p1a: Great Tusk|Eject Pack\n|\n|t:|1700857555\n|-end|p1a: Great Tusk|Protosynthesis|[silent]\n|switch|p1a: Walking Wake|Walking Wake, tera:Fairy|77\/100\n|\n|upkeep\n|turn|6\n|\n|t:|1700857576\n|-end|p2a: Great Tusk|Protosynthesis|[silent]\n|switch|p2a: Goodra|Goodra-Hisui, M|45\/100\n|move|p1a: Walking Wake|Dragon Pulse|p2a: Goodra\n|-damage|p2a: Goodra|25\/100\n|\n|upkeep\n|turn|7\n|\n|t:|1700857587\n|-end|p1a: Walking Wake|Protosynthesis|[silent]\n|switch|p1a: Great Tusk|Great Tusk|10\/100\n|move|p2a: Goodra|Ice Beam|p1a: Great Tusk\n|-supereffective|p1a: Great Tusk\n|-damage|p1a: Great Tusk|0 fnt\n|faint|p1a: Great Tusk\n|-end|p1a: Great Tusk|Protosynthesis|[silent]\n|\n|upkeep\n|j| ayayaphone\n|inactive|Prav33n has 120 seconds left.\n|\n|t:|1700857634\n|switch|p1a: Weavile|Weavile, F|100\/100\n|turn|8\n|\n|t:|1700857638\n|switch|p2a: Qwilfish|Qwilfish-Hisui, F|100\/100\n|-ability|p2a: Qwilfish|Intimidate|boost\n|-unboost|p1a: Weavile|atk|1\n|move|p1a: Weavile|Knock Off|p2a: Qwilfish\n|-resisted|p2a: Qwilfish\n|-damage|p2a: Qwilfish|86\/100\n|-enditem|p2a: Qwilfish|Eviolite|[from] move: Knock Off|[of] p1a: Weavile\n|\n|upkeep\n|turn|9\n|\n|t:|1700857641\n|switch|p1a: Landorus|Landorus-Therian, M|100\/100\n|-ability|p1a: Landorus|Intimidate|boost\n|-unboost|p2a: Qwilfish|atk|1\n|move|p2a: Qwilfish|Spikes|p1a: Landorus\n|-sidestart|p1: Prav33n|Spikes\n|\n|upkeep\n|turn|10\n|inactive|Prav33n has 120 seconds left.\n|\n|t:|1700857647\n|switch|p2a: Great Tusk|Great Tusk|56\/100\n|move|p1a: Landorus|U-turn|p2a: Great Tusk\n|-resisted|p2a: Great Tusk\n|-damage|p2a: Great Tusk|47\/100\n|inactive|Prav33n has 120 seconds left.\n|\n|t:|1700857662\n|switch|p1a: Walking Wake|Walking Wake, tera:Fairy|77\/100|[from] U-turn\n|-damage|p1a: Walking Wake|65\/100|[from] Spikes\n|\n|upkeep\n|turn|11\n|inactive|Prav33n has 120 seconds left.\n|\n|t:|1700857668\n|-end|p2a: Great Tusk|Protosynthesis|[silent]\n|switch|p2a: Goodra|Goodra-Hisui, M|25\/100\n|move|p1a: Walking Wake|Dragon Pulse|p2a: Goodra\n|-damage|p2a: Goodra|4\/100\n|\n|upkeep\n|turn|12\n|\n|t:|1700857675\n|move|p1a: Walking Wake|Dragon Pulse|p2a: Goodra\n|-damage|p2a: Goodra|0 fnt\n|faint|p2a: Goodra\n|\n|upkeep\n|\n|t:|1700857678\n|switch|p2a: Volcanion|Volcanion|100\/100\n|turn|13\n|\n|t:|1700857685\n|move|p1a: Walking Wake|Surf|p2a: Volcanion\n|-immune|p2a: Volcanion|[from] ability: Water Absorb\n|move|p2a: Volcanion|Steam Eruption|p1a: Walking Wake\n|-damage|p1a: Walking Wake|0 fnt\n|faint|p1a: Walking Wake\n|-end|p1a: Walking Wake|Protosynthesis|[silent]\n|\n|upkeep\n|inactive|Prav33n has 120 seconds left.\n|\n|t:|1700857711\n|switch|p1a: Cinderace|Cinderace, F|100\/100\n|turn|14\n|inactive|Prav33n has 120 seconds left.\n|\n|t:|1700857719\n|move|p1a: Cinderace|Sucker Punch|p2a: Volcanion\n|-start|p1a: Cinderace|typechange|Dark|[from] ability: Libero\n|-damage|p2a: Volcanion|72\/100\n|move|p2a: Volcanion|Steam Eruption|p1a: Cinderace\n|-damage|p1a: Cinderace|0 fnt\n|faint|p1a: Cinderace\n|\n|upkeep\n|inactive|Prav33n has 120 seconds left.\n|\n|t:|1700857748\n|switch|p1a: Weavile|Weavile, F|100\/100\n|-damage|p1a: Weavile|88\/100|[from] Spikes\n|turn|15\n|\n|t:|1700857752\n|switch|p2a: Qwilfish|Qwilfish-Hisui, F|86\/100\n|-ability|p2a: Qwilfish|Intimidate|boost\n|-unboost|p1a: Weavile|atk|1\n|move|p1a: Weavile|Knock Off|p2a: Qwilfish\n|-resisted|p2a: Qwilfish\n|-damage|p2a: Qwilfish|71\/100\n|\n|upkeep\n|turn|16\n|\n|t:|1700857762\n|switch|p1a: Landorus|Landorus-Therian, M|100\/100\n|-ability|p1a: Landorus|Intimidate|boost\n|-unboost|p2a: Qwilfish|atk|1\n|switch|p2a: Volcanion|Volcanion|72\/100\n|\n|upkeep\n|turn|17\n|\n|t:|1700857766\n|switch|p2a: Landorus|Landorus-Therian, M|100\/100\n|-ability|p2a: Landorus|Intimidate|boost\n|-unboost|p1a: Landorus|atk|1\n|move|p1a: Landorus|Earthquake|p2a: Landorus\n|-immune|p2a: Landorus\n|\n|upkeep\n|turn|18\n|\n|t:|1700857769\n|move|p2a: Landorus|Nasty Plot|p2a: Landorus\n|-boost|p2a: Landorus|spa|2\n|move|p1a: Landorus|U-turn|p2a: Landorus\n|-resisted|p2a: Landorus\n|-damage|p2a: Landorus|91\/100\n|\n|t:|1700857772\n|switch|p1a: Weavile|Weavile, F|88\/100|[from] U-turn\n|-damage|p1a: Weavile|76\/100|[from] Spikes\n|\n|-heal|p2a: Landorus|97\/100|[from] item: Leftovers\n|upkeep\n|turn|19\n|\n|t:|1700857776\n|switch|p2a: Qwilfish|Qwilfish-Hisui, F|71\/100\n|-ability|p2a: Qwilfish|Intimidate|boost\n|-unboost|p1a: Weavile|atk|1\n|move|p1a: Weavile|Knock Off|p2a: Qwilfish\n|-resisted|p2a: Qwilfish\n|-damage|p2a: Qwilfish|58\/100\n|\n|upkeep\n|turn|20\n|\n|t:|1700857783\n|switch|p1a: Landorus|Landorus-Therian, M|100\/100\n|-ability|p1a: Landorus|Intimidate|boost\n|-unboost|p2a: Qwilfish|atk|1\n|switch|p2a: Breloom|Breloom, M|100\/100\n|\n|upkeep\n|turn|21\n|\n|t:|1700857789\n|move|p2a: Breloom|Bullet Seed|p1a: Landorus\n|-damage|p1a: Landorus|87\/100\n|-damage|p1a: Landorus|74\/100\n|-hitcount|p1a: Landorus|2\n|move|p1a: Landorus|U-turn|p2a: Breloom\n|-damage|p2a: Breloom|64\/100\n|\n|t:|1700857793\n|switch|p1a: Gholdengo|Gholdengo|100\/100|[from] U-turn\n|-item|p1a: Gholdengo|Air Balloon\n|\n|upkeep\n|turn|22\n|\n|t:|1700857801\n|move|p2a: Breloom|Bullet Seed|p1a: Gholdengo\n|-resisted|p1a: Gholdengo\n|-damage|p1a: Gholdengo|89\/100\n|-enditem|p1a: Gholdengo|Air Balloon\n|-resisted|p1a: Gholdengo\n|-damage|p1a: Gholdengo|77\/100\n|-hitcount|p1a: Gholdengo|2\n|move|p1a: Gholdengo|Nasty Plot|p1a: Gholdengo\n|-boost|p1a: Gholdengo|spa|2\n|\n|upkeep\n|turn|23\n|\n|t:|1700857810\n|move|p2a: Breloom|Bullet Seed|p1a: Gholdengo\n|-resisted|p1a: Gholdengo\n|-damage|p1a: Gholdengo|67\/100\n|-resisted|p1a: Gholdengo\n|-crit|p1a: Gholdengo\n|-damage|p1a: Gholdengo|51\/100\n|-resisted|p1a: Gholdengo\n|-crit|p1a: Gholdengo\n|-damage|p1a: Gholdengo|34\/100\n|-hitcount|p1a: Gholdengo|3\n|move|p1a: Gholdengo|Recover|p1a: Gholdengo\n|-heal|p1a: Gholdengo|84\/100\n|\n|upkeep\n|turn|24\n|\n|t:|1700857816\n|move|p2a: Breloom|Bullet Seed|p1a: Gholdengo\n|-resisted|p1a: Gholdengo\n|-damage|p1a: Gholdengo|73\/100\n|-resisted|p1a: Gholdengo\n|-damage|p1a: Gholdengo|62\/100\n|-hitcount|p1a: Gholdengo|2\n|move|p1a: Gholdengo|Recover|p1a: Gholdengo\n|-heal|p1a: Gholdengo|100\/100\n|\n|upkeep\n|turn|25\n|\n|t:|1700857821\n|move|p2a: Breloom|Bullet Seed|p1a: Gholdengo\n|-resisted|p1a: Gholdengo\n|-damage|p1a: Gholdengo|90\/100\n|-resisted|p1a: Gholdengo\n|-damage|p1a: Gholdengo|80\/100\n|-resisted|p1a: Gholdengo\n|-damage|p1a: Gholdengo|69\/100\n|-resisted|p1a: Gholdengo\n|-damage|p1a: Gholdengo|58\/100\n|-resisted|p1a: Gholdengo\n|-damage|p1a: Gholdengo|47\/100\n|-hitcount|p1a: Gholdengo|5\n|move|p1a: Gholdengo|Shadow Ball|p2a: Breloom\n|-damage|p2a: Breloom|0 fnt\n|faint|p2a: Breloom\n|\n|upkeep\n|\n|t:|1700857830\n|switch|p2a: Great Tusk|Great Tusk|47\/100\n|turn|26\n|\n|t:|1700857836\n|switch|p1a: Landorus|Landorus-Therian, M|74\/100\n|-ability|p1a: Landorus|Intimidate|boost\n|-unboost|p2a: Great Tusk|atk|1\n|move|p2a: Great Tusk|Ice Spinner|p1a: Landorus\n|-supereffective|p1a: Landorus\n|-damage|p1a: Landorus|2\/100\n|-damage|p2a: Great Tusk|31\/100|[from] item: Rocky Helmet|[of] p1a: Landorus\n|\n|upkeep\n|turn|27\n|\n|t:|1700857839\n|move|p2a: Great Tusk|Ice Spinner|p1a: Landorus\n|-supereffective|p1a: Landorus\n|-damage|p1a: Landorus|0 fnt\n|-damage|p2a: Great Tusk|15\/100|[from] item: Rocky Helmet|[of] p1a: Landorus\n|faint|p1a: Landorus\n|\n|upkeep\n|\n|t:|1700857845\n|switch|p1a: Weavile|Weavile, F|76\/100\n|-damage|p1a: Weavile|63\/100|[from] Spikes\n|turn|28\n|\n|t:|1700857856\n|-end|p2a: Great Tusk|Protosynthesis|[silent]\n|switch|p2a: Qwilfish|Qwilfish-Hisui, F|58\/100\n|-ability|p2a: Qwilfish|Intimidate|boost\n|-unboost|p1a: Weavile|atk|1\n|move|p1a: Weavile|Icicle Crash|p2a: Qwilfish\n|-crit|p2a: Qwilfish\n|-damage|p2a: Qwilfish|0 fnt\n|faint|p2a: Qwilfish\n|\n|upkeep\n|\n|t:|1700857859\n|switch|p2a: Volcanion|Volcanion|72\/100\n|turn|29\n|\n|t:|1700857863\n|move|p1a: Weavile|Icicle Crash|p2a: Volcanion\n|-resisted|p2a: Volcanion\n|-damage|p2a: Volcanion|64\/100\n|cant|p2a: Volcanion|flinch\n|\n|upkeep\n|turn|30\n|\n|t:|1700857866\n|move|p1a: Weavile|Icicle Crash|p2a: Volcanion\n|-resisted|p2a: Volcanion\n|-damage|p2a: Volcanion|54\/100\n|move|p2a: Volcanion|Flamethrower|p1a: Weavile\n|-supereffective|p1a: Weavile\n|-damage|p1a: Weavile|0 fnt\n|faint|p1a: Weavile\n|\n|upkeep\n|\n|t:|1700857868\n|switch|p1a: Gholdengo|Gholdengo|47\/100\n|-damage|p1a: Gholdengo|34\/100|[from] Spikes\n|turn|31\n|\n|t:|1700857874\n|move|p1a: Gholdengo|Shadow Ball|p2a: Volcanion\n|-damage|p2a: Volcanion|11\/100\n|move|p2a: Volcanion|Flamethrower|p1a: Gholdengo\n|-supereffective|p1a: Gholdengo\n|-damage|p1a: Gholdengo|0 fnt\n|faint|p1a: Gholdengo\n|\n|win|mathismathin\n|raw|Prav33n's rating: 1702 &rarr; <strong>1682<\/strong><br \/>(-20 for losing)\n|raw|mathismathin's rating: 1694 &rarr; <strong>1714<\/strong><br \/>(+20 for winning)\n|l|\u2606Prav33n\n","uploadtime":1700857879,"views":4,"p1id":"prav33n","p2id":"mathismathin","formatid":"gen9ou","rating":1682,"private":0,"password":""}