{"id":"gen9ou-1992101847","p1":"itsmeblankknight","p2":"ooj2","format":"[Gen 9] OU","log":"|j|\u2606itsmeblankknight\n|j|\u2606ooj2\n|t:|1700155237\n|gametype|singles\n|player|p1|itsmeblankknight|1|1314\n|player|p2|ooj2|psychicf-gen4|1371\n|teamsize|p1|6\n|teamsize|p2|6\n|gen|9\n|tier|[Gen 9] OU\n|rated|\n|rule|Sleep Clause Mod: Limit one foe put to sleep\n|rule|Species Clause: Limit one of each Pok\u00e9mon\n|rule|OHKO Clause: OHKO moves are banned\n|rule|Evasion Items Clause: Evasion items are banned\n|rule|Evasion Moves Clause: Evasion moves are banned\n|rule|Endless Battle Clause: Forcing endless battles is banned\n|rule|HP Percentage Mod: HP is shown in percentages\n|clearpoke\n|poke|p1|Kingambit, M|\n|poke|p1|Ogerpon, F|\n|poke|p1|Greninja-*, M|\n|poke|p1|Dragapult, M|\n|poke|p1|Kommo-o, M|\n|poke|p1|Great Tusk|\n|poke|p2|Rillaboom, M|\n|poke|p2|Sneasler, F|\n|poke|p2|Manaphy|\n|poke|p2|Iron Valiant|\n|poke|p2|Cinderace, M|\n|poke|p2|Corviknight, F|\n|teampreview\n|inactive|Battle timer is ON: inactive players will automatically lose when time's up. (requested by itsmeblankknight)\n|inactive|itsmeblankknight has 120 seconds left.\n|\n|t:|1700155269\n|start\n|switch|p1a: Kommo-o|Kommo-o, M|100\/100\n|switch|p2a: Mr. Bombastic|Rillaboom, M|100\/100\n|-fieldstart|move: Grassy Terrain|[from] ability: Grassy Surge|[of] p2a: Mr. Bombastic\n|turn|1\n|\n|t:|1700155286\n|move|p2a: Mr. Bombastic|Wood Hammer|p1a: Kommo-o\n|-resisted|p1a: Kommo-o\n|-damage|p1a: Kommo-o|59\/100\n|-damage|p2a: Mr. Bombastic|89\/100|[from] Recoil\n|move|p1a: Kommo-o|Clangorous Soul|p1a: Kommo-o\n|-boost|p1a: Kommo-o|atk|1\n|-boost|p1a: Kommo-o|def|1\n|-boost|p1a: Kommo-o|spa|1\n|-boost|p1a: Kommo-o|spd|1\n|-boost|p1a: Kommo-o|spe|1\n|-damage|p1a: Kommo-o|26\/100\n|\n|-heal|p1a: Kommo-o|32\/100|[from] Grassy Terrain\n|-heal|p1a: Kommo-o|38\/100|[from] item: Leftovers\n|-heal|p2a: Mr. Bombastic|95\/100|[from] Grassy Terrain\n|upkeep\n|turn|2\n|\n|t:|1700155296\n|move|p1a: Kommo-o|Drain Punch|p2a: Mr. Bombastic\n|-damage|p2a: Mr. Bombastic|48\/100\n|-heal|p1a: Kommo-o|66\/100|[from] drain|[of] p2a: Mr. Bombastic\n|move|p2a: Mr. Bombastic|Wood Hammer|p1a: Kommo-o\n|-resisted|p1a: Kommo-o\n|-damage|p1a: Kommo-o|40\/100\n|-damage|p2a: Mr. Bombastic|41\/100|[from] Recoil\n|\n|-heal|p1a: Kommo-o|46\/100|[from] Grassy Terrain\n|-heal|p1a: Kommo-o|52\/100|[from] item: Leftovers\n|-heal|p2a: Mr. Bombastic|47\/100|[from] Grassy Terrain\n|upkeep\n|turn|3\n|\n|t:|1700155303\n|switch|p2a: Taxi Driver|Corviknight, F|100\/100\n|-ability|p2a: Taxi Driver|Pressure\n|move|p1a: Kommo-o|Drain Punch|p2a: Taxi Driver\n|-damage|p2a: Taxi Driver|71\/100\n|-heal|p1a: Kommo-o|72\/100|[from] drain|[of] p2a: Taxi Driver\n|-damage|p1a: Kommo-o|56\/100|[from] item: Rocky Helmet|[of] p2a: Taxi Driver\n|\n|-heal|p1a: Kommo-o|62\/100|[from] Grassy Terrain\n|-heal|p1a: Kommo-o|68\/100|[from] item: Leftovers\n|upkeep\n|turn|4\n|\n|t:|1700155314\n|-terastallize|p1a: Kommo-o|Normal\n|move|p1a: Kommo-o|Clangorous Soul|p1a: Kommo-o\n|-boost|p1a: Kommo-o|atk|1\n|-boost|p1a: Kommo-o|def|1\n|-boost|p1a: Kommo-o|spa|1\n|-boost|p1a: Kommo-o|spd|1\n|-boost|p1a: Kommo-o|spe|1\n|-damage|p1a: Kommo-o|35\/100\n|move|p2a: Taxi Driver|U-turn|p1a: Kommo-o\n|-damage|p1a: Kommo-o|28\/100\n|inactive|ooj2 has 120 seconds left.\n|\n|t:|1700155353\n|switch|p2a: Snoodler|Sneasler, F|100\/100|[from] U-turn\n|-enditem|p2a: Snoodler|Grassy Seed\n|-boost|p2a: Snoodler|def|1|[from] item: Grassy Seed\n|\n|-heal|p1a: Kommo-o|34\/100|[from] Grassy Terrain\n|-heal|p1a: Kommo-o|40\/100|[from] item: Leftovers\n|upkeep\n|turn|5\n|\n|t:|1700155356\n|move|p2a: Snoodler|Close Combat|p1a: Kommo-o\n|-supereffective|p1a: Kommo-o\n|-damage|p1a: Kommo-o|0 fnt\n|-unboost|p2a: Snoodler|def|1\n|-unboost|p2a: Snoodler|spd|1\n|faint|p1a: Kommo-o\n|\n|-fieldend|move: Grassy Terrain\n|upkeep\n|\n|t:|1700155361\n|switch|p1a: Dragapult|Dragapult, M|100\/100\n|turn|6\n|\n|t:|1700155373\n|move|p2a: Snoodler|Acrobatics|p1a: Dragapult\n|-damage|p1a: Dragapult|52\/100\n|move|p1a: Dragapult|Dragon Darts|p2a: Snoodler\n|-damage|p2a: Snoodler|60\/100\n|-anim|p1a: Dragapult|Dragon Darts|p2a: Snoodler\n|-damage|p2a: Snoodler|20\/100\n|\n|-heal|p1a: Dragapult|58\/100|[from] item: Leftovers\n|upkeep\n|turn|7\n|\n|t:|1700155378\n|move|p2a: Snoodler|Acrobatics|p1a: Dragapult\n|-damage|p1a: Dragapult|2\/100\n|move|p1a: Dragapult|Dragon Darts|p2a: Snoodler\n|-damage|p2a: Snoodler|0 fnt\n|faint|p2a: Snoodler\n|\n|-heal|p1a: Dragapult|8\/100|[from] item: Leftovers\n|upkeep\n|\n|t:|1700155391\n|switch|p2a: F\u00fcta Fighter|Iron Valiant|100\/100\n|-enditem|p2a: F\u00fcta Fighter|Booster Energy\n|-activate|p2a: F\u00fcta Fighter|ability: Quark Drive|[fromitem]\n|-start|p2a: F\u00fcta Fighter|quarkdrivespe\n|turn|8\n|\n|t:|1700155400\n|switch|p1a: Kingambit|Kingambit, M|100\/100\n|-activate|p1a: Kingambit|ability: Supreme Overlord\n|-start|p1a: Kingambit|fallen1|[silent]\n|move|p2a: F\u00fcta Fighter|Encore||[still]\n|-fail|p2a: F\u00fcta Fighter\n|\n|upkeep\n|turn|9\n|\n|t:|1700155407\n|move|p2a: F\u00fcta Fighter|Aura Sphere|p1a: Kingambit\n|-supereffective|p1a: Kingambit\n|-crit|p1a: Kingambit\n|-damage|p1a: Kingambit|0 fnt\n|faint|p1a: Kingambit\n|-end|p1a: Kingambit|fallen1|[silent]\n|\n|upkeep\n|\n|t:|1700155412\n|switch|p1a: Ogerpon|Ogerpon, F|100\/100\n|turn|10\n|\n|t:|1700155421\n|-end|p2a: F\u00fcta Fighter|Quark Drive|[silent]\n|switch|p2a: Taxi Driver|Corviknight, F|71\/100\n|-ability|p2a: Taxi Driver|Pressure\n|move|p1a: Ogerpon|Ivy Cudgel|p2a: Taxi Driver\n|-resisted|p2a: Taxi Driver\n|-damage|p2a: Taxi Driver|59\/100\n|\n|upkeep\n|turn|11\n|\n|t:|1700155429\n|switch|p1a: Greninja|Greninja, M|100\/100\n|move|p2a: Taxi Driver|Brave Bird|p1a: Greninja\n|-damage|p1a: Greninja|36\/100\n|-damage|p2a: Taxi Driver|44\/100|[from] Recoil\n|\n|upkeep\n|turn|12\n|\n|t:|1700155433\n|move|p1a: Greninja|Surf|p2a: Taxi Driver\n|-damage|p2a: Taxi Driver|0 fnt\n|faint|p2a: Taxi Driver\n|-ability|p1a: Greninja|Battle Bond|boost\n|-boost|p1a: Greninja|atk|1\n|-boost|p1a: Greninja|spa|1\n|-boost|p1a: Greninja|spe|1\n|-activate|p1a: Greninja|ability: Battle Bond\n|-damage|p1a: Greninja|26\/100|[from] item: Life Orb\n|\n|upkeep\n|\n|t:|1700155436\n|switch|p2a: Mr. Bombastic|Rillaboom, M|47\/100\n|-fieldstart|move: Grassy Terrain|[from] ability: Grassy Surge|[of] p2a: Mr. Bombastic\n|turn|13\n|\n|t:|1700155439\n|switch|p1a: Dragapult|Dragapult, M|8\/100\n|move|p2a: Mr. Bombastic|Grassy Glide|p1a: Dragapult\n|-resisted|p1a: Dragapult\n|-damage|p1a: Dragapult|0 fnt\n|faint|p1a: Dragapult\n|\n|-heal|p2a: Mr. Bombastic|53\/100|[from] Grassy Terrain\n|upkeep\n|\n|t:|1700155441\n|switch|p1a: Ogerpon|Ogerpon, F|100\/100\n|turn|14\n|\n|t:|1700155450\n|switch|p2a: Se\u00f1or Goalpost|Cinderace, M|100\/100\n|move|p1a: Ogerpon|U-turn|p2a: Se\u00f1or Goalpost\n|-resisted|p2a: Se\u00f1or Goalpost\n|-damage|p2a: Se\u00f1or Goalpost|75\/100\n|\n|t:|1700155453\n|switch|p1a: Greninja|Greninja, M|26\/100|[from] U-turn\n|\n|-heal|p1a: Greninja|32\/100|[from] Grassy Terrain\n|-heal|p2a: Se\u00f1or Goalpost|81\/100|[from] Grassy Terrain\n|upkeep\n|turn|15\n|\n|t:|1700155459\n|switch|p2a: Glup Shiddo|Manaphy|100\/100\n|move|p1a: Greninja|Ice Beam|p2a: Glup Shiddo\n|-resisted|p2a: Glup Shiddo\n|-damage|p2a: Glup Shiddo|87\/100\n|-damage|p1a: Greninja|22\/100|[from] item: Life Orb\n|\n|-heal|p1a: Greninja|28\/100|[from] Grassy Terrain\n|-heal|p2a: Glup Shiddo|93\/100|[from] Grassy Terrain\n|-heal|p2a: Glup Shiddo|99\/100|[from] item: Leftovers\n|upkeep\n|turn|16\n|\n|t:|1700155471\n|switch|p1a: Ogerpon|Ogerpon, F|100\/100\n|-terastallize|p2a: Glup Shiddo|Dragon\n|move|p2a: Glup Shiddo|Acid Armor|p2a: Glup Shiddo\n|-boost|p2a: Glup Shiddo|def|2\n|\n|-heal|p2a: Glup Shiddo|100\/100|[from] Grassy Terrain\n|upkeep\n|turn|17\n|\n|t:|1700155478\n|move|p1a: Ogerpon|Knock Off|p2a: Glup Shiddo\n|-damage|p2a: Glup Shiddo|85\/100\n|-enditem|p2a: Glup Shiddo|Leftovers|[from] move: Knock Off|[of] p1a: Ogerpon\n|move|p2a: Glup Shiddo|Take Heart|p2a: Glup Shiddo\n|-boost|p2a: Glup Shiddo|spa|1\n|-boost|p2a: Glup Shiddo|spd|1\n|\n|-heal|p2a: Glup Shiddo|91\/100|[from] Grassy Terrain\n|-fieldend|move: Grassy Terrain\n|upkeep\n|turn|18\n|\n|t:|1700155484\n|switch|p1a: Greninja|Greninja, M|28\/100\n|move|p2a: Glup Shiddo|Acid Armor|p2a: Glup Shiddo\n|-boost|p2a: Glup Shiddo|def|2\n|\n|upkeep\n|turn|19\n|\n|t:|1700155488\n|move|p1a: Greninja|Ice Beam|p2a: Glup Shiddo\n|-supereffective|p2a: Glup Shiddo\n|-damage|p2a: Glup Shiddo|53\/100\n|-damage|p1a: Greninja|18\/100|[from] item: Life Orb\n|move|p2a: Glup Shiddo|Scald|p1a: Greninja\n|-resisted|p1a: Greninja\n|-damage|p1a: Greninja|0 fnt\n|faint|p1a: Greninja\n|\n|upkeep\n|-message|itsmeblankknight forfeited.\n|\n|win|ooj2\n|raw|itsmeblankknight's rating: 1314 &rarr; <strong>1297<\/strong><br \/>(-17 for losing)\n|raw|ooj2's rating: 1371 &rarr; <strong>1388<\/strong><br \/>(+17 for winning)\n|l|\u2606itsmeblankknight\n","uploadtime":1700155514,"views":7,"p1id":"itsmeblankknight","p2id":"ooj2","formatid":"gen9ou","rating":1297,"private":0,"password":""}