{"id":"gen9ou-1991495790","p1":"BugCatcherN8R1X","p2":"alemr26","format":"[Gen 9] OU","log":"|j|\u2606BugCatcherN8R1X\n|j|\u2606alemr26\n|t:|1700082211\n|gametype|singles\n|player|p1|BugCatcherN8R1X|bugcatcher-gen4dp|1064\n|player|p2|alemr26|nate|1108\n|teamsize|p1|6\n|teamsize|p2|6\n|gen|9\n|tier|[Gen 9] OU\n|rated|\n|rule|Sleep Clause Mod: Limit one foe put to sleep\n|rule|Species Clause: Limit one of each Pok\u00e9mon\n|rule|OHKO Clause: OHKO moves are banned\n|rule|Evasion Items Clause: Evasion items are banned\n|rule|Evasion Moves Clause: Evasion moves are banned\n|rule|Endless Battle Clause: Forcing endless battles is banned\n|rule|HP Percentage Mod: HP is shown in percentages\n|clearpoke\n|poke|p1|Kleavor, M|\n|poke|p1|Lokix, M|\n|poke|p1|Vikavolt, F|\n|poke|p1|Slither Wing|\n|poke|p1|Scizor, M|\n|poke|p1|Ribombee, M|\n|poke|p2|Ceruledge, M|\n|poke|p2|Alomomola, M|\n|poke|p2|Ribombee, F|\n|poke|p2|Quaquaval, F|\n|poke|p2|Enamorus, F|\n|poke|p2|Kingambit, M|\n|teampreview\n|inactive|Battle timer is ON: inactive players will automatically lose when time's up. (requested by BugCatcherN8R1X)\n|inactive|alemr26 also wants the timer to be on.\n|c|\u2606alemr26|gl hf\n|\n|t:|1700082236\n|start\n|switch|p1a: Erebus|Lokix, M|100\/100\n|switch|p2a: Ribombee|Ribombee, F|100\/100\n|turn|1\n|\n|t:|1700082255\n|move|p2a: Ribombee|Sticky Web|p1a: Erebus\n|-sidestart|p1: BugCatcherN8R1X|move: Sticky Web\n|move|p1a: Erebus|U-turn|p2a: Ribombee\n|-resisted|p2a: Ribombee\n|-damage|p2a: Ribombee|20\/100\n|-damage|p1a: Erebus|91\/100|[from] item: Life Orb\n|\n|t:|1700082272\n|switch|p1a: Hachiman|Kleavor, M|100\/100|[from] U-turn\n|-activate|p1a: Hachiman|move: Sticky Web\n|-unboost|p1a: Hachiman|spe|1\n|\n|upkeep\n|turn|2\n|\n|t:|1700082280\n|move|p2a: Ribombee|Stun Spore|p1a: Hachiman|[miss]\n|-miss|p2a: Ribombee|p1a: Hachiman\n|move|p1a: Hachiman|Stone Axe|p2a: Ribombee\n|-supereffective|p2a: Ribombee\n|-damage|p2a: Ribombee|0 fnt\n|-sidestart|p2: alemr26|move: Stealth Rock\n|faint|p2a: Ribombee\n|\n|upkeep\n|\n|t:|1700082285\n|switch|p2a: Quaquaval|Quaquaval, F|100\/100\n|-damage|p2a: Quaquaval|94\/100|[from] Stealth Rock\n|turn|3\n|\n|t:|1700082298\n|switch|p1a: Hermes|Ribombee, M|100\/100\n|-activate|p1a: Hermes|move: Sticky Web\n|-unboost|p1a: Hermes|spe|1\n|move|p2a: Quaquaval|Bulk Up|p2a: Quaquaval\n|-boost|p2a: Quaquaval|atk|1\n|-boost|p2a: Quaquaval|def|1\n|\n|-heal|p2a: Quaquaval|100\/100|[from] item: Leftovers\n|upkeep\n|turn|4\n|\n|t:|1700082308\n|move|p2a: Quaquaval|Rapid Spin|p1a: Hermes\n|-damage|p1a: Hermes|73\/100\n|-boost|p2a: Quaquaval|spe|1\n|-sideend|p2: alemr26|Stealth Rock|[from] move: Rapid Spin|[of] p2a: Quaquaval\n|move|p1a: Hermes|Draining Kiss|p2a: Quaquaval\n|-supereffective|p2a: Quaquaval\n|-damage|p2a: Quaquaval|37\/100\n|-heal|p1a: Hermes|100\/100|[from] drain|[of] p2a: Quaquaval\n|-damage|p1a: Hermes|91\/100|[from] item: Life Orb\n|\n|-heal|p2a: Quaquaval|43\/100|[from] item: Leftovers\n|upkeep\n|turn|5\n|\n|t:|1700082316\n|move|p2a: Quaquaval|Aqua Step|p1a: Hermes\n|-damage|p1a: Hermes|24\/100\n|-boost|p2a: Quaquaval|spe|1\n|move|p1a: Hermes|Draining Kiss|p2a: Quaquaval\n|-supereffective|p2a: Quaquaval\n|-damage|p2a: Quaquaval|0 fnt\n|-heal|p1a: Hermes|56\/100|[from] drain|[of] p2a: Quaquaval\n|faint|p2a: Quaquaval\n|-damage|p1a: Hermes|46\/100|[from] item: Life Orb\n|\n|upkeep\n|\n|t:|1700082328\n|switch|p2a: Enamorus|Enamorus, F|100\/100\n|turn|6\n|\n|t:|1700082339\n|move|p2a: Enamorus|Mystical Fire|p1a: Hermes\n|-supereffective|p1a: Hermes\n|-damage|p1a: Hermes|0 fnt\n|faint|p1a: Hermes\n|\n|upkeep\n|\n|t:|1700082354\n|switch|p1a: Hachiman|Kleavor, M|100\/100\n|-activate|p1a: Hachiman|move: Sticky Web\n|-unboost|p1a: Hachiman|spe|1\n|turn|7\n|inactive|BugCatcherN8R1X has 120 seconds left.\n|\n|t:|1700082381\n|switch|p2a: Kingambit|Kingambit, M|100\/100\n|-activate|p2a: Kingambit|ability: Supreme Overlord\n|-start|p2a: Kingambit|fallen2|[silent]\n|move|p1a: Hachiman|Stone Axe|p2a: Kingambit\n|-resisted|p2a: Kingambit\n|-damage|p2a: Kingambit|78\/100\n|-sidestart|p2: alemr26|move: Stealth Rock\n|\n|-heal|p2a: Kingambit|84\/100|[from] item: Leftovers\n|upkeep\n|turn|8\n|inactive|BugCatcherN8R1X has 120 seconds left.\n|\n|t:|1700082404\n|switch|p1a: Apollo|Slither Wing|100\/100\n|-activate|p1a: Apollo|move: Sticky Web\n|-unboost|p1a: Apollo|spe|1\n|-enditem|p1a: Apollo|Booster Energy\n|-activate|p1a: Apollo|ability: Protosynthesis|[fromitem]\n|-start|p1a: Apollo|protosynthesisatk\n|move|p2a: Kingambit|Iron Head|p1a: Apollo\n|-damage|p1a: Apollo|20\/100\n|\n|-heal|p2a: Kingambit|91\/100|[from] item: Leftovers\n|upkeep\n|turn|9\n|inactive|BugCatcherN8R1X has 120 seconds left.\n|c|\u2606BugCatcherN8R1X|Oh, I didn\u2019t see you dropped a glhf in the chat, my bad. Same to you\n|\n|t:|1700082430\n|move|p2a: Kingambit|Sucker Punch|p1a: Apollo\n|-resisted|p1a: Apollo\n|-damage|p1a: Apollo|0 fnt\n|faint|p1a: Apollo\n|-end|p1a: Apollo|Protosynthesis|[silent]\n|\n|-heal|p2a: Kingambit|97\/100|[from] item: Leftovers\n|upkeep\n|c|\u2606alemr26|thx\n|\n|t:|1700082439\n|switch|p1a: Hachiman|Kleavor, M|100\/100\n|-activate|p1a: Hachiman|move: Sticky Web\n|-unboost|p1a: Hachiman|spe|1\n|turn|10\n|\n|t:|1700082449\n|move|p1a: Hachiman|Close Combat|p2a: Kingambit\n|-supereffective|p2a: Kingambit\n|-damage|p2a: Kingambit|0 fnt\n|-unboost|p1a: Hachiman|def|1\n|-unboost|p1a: Hachiman|spd|1\n|faint|p2a: Kingambit\n|-end|p2a: Kingambit|fallen2|[silent]\n|\n|upkeep\n|\n|t:|1700082462\n|switch|p2a: Enamorus|Enamorus, F|100\/100\n|-damage|p2a: Enamorus|76\/100|[from] Stealth Rock\n|turn|11\n|\n|t:|1700082471\n|switch|p1a: Thor|Vikavolt, F|100\/100\n|move|p2a: Enamorus|Mystical Fire|p1a: Thor\n|-supereffective|p1a: Thor\n|-damage|p1a: Thor|0 fnt\n|faint|p1a: Thor\n|\n|upkeep\n|\n|t:|1700082478\n|switch|p1a: Ares|Scizor, M|100\/100\n|-activate|p1a: Ares|move: Sticky Web\n|-unboost|p1a: Ares|spe|1\n|turn|12\n|inactive|BugCatcherN8R1X has 120 seconds left.\n|\n|t:|1700082491\n|move|p1a: Ares|Bullet Punch|p2a: Enamorus\n|-supereffective|p2a: Enamorus\n|-damage|p2a: Enamorus|0 fnt\n|faint|p2a: Enamorus\n|\n|upkeep\n|c|\u2606alemr26|like your monotype bug\n|\n|t:|1700082506\n|switch|p2a: Alomomola|Alomomola, M|100\/100\n|-damage|p2a: Alomomola|88\/100|[from] Stealth Rock\n|turn|13\n|inactive|BugCatcherN8R1X has 120 seconds left.\n|c|\u2606BugCatcherN8R1X|Thanks, bugs are my favorite! I am a bugchatcher, after all\n|\n|t:|1700082544\n|move|p2a: Alomomola|Wish|p2a: Alomomola\n|move|p1a: Ares|Swords Dance|p1a: Ares\n|-boost|p1a: Ares|atk|2\n|\n|-heal|p2a: Alomomola|94\/100|[from] item: Leftovers\n|upkeep\n|turn|14\n|\n|t:|1700082549\n|move|p2a: Alomomola|Chilling Water|p1a: Ares\n|-damage|p1a: Ares|91\/100\n|-unboost|p1a: Ares|atk|1\n|move|p1a: Ares|Swords Dance|p1a: Ares\n|-boost|p1a: Ares|atk|2\n|\n|-heal|p2a: Alomomola|100\/100|[from] move: Wish|[wisher] Alomomola\n|upkeep\n|turn|15\n|\n|t:|1700082556\n|move|p2a: Alomomola|Whirlpool|p1a: Ares\n|-damage|p1a: Ares|84\/100\n|-activate|p1a: Ares|move: Whirlpool|[of] p2a: Alomomola\n|move|p1a: Ares|Swords Dance|p1a: Ares\n|-boost|p1a: Ares|atk|2\n|\n|-damage|p1a: Ares|71\/100|[from] move: Whirlpool|[partiallytrapped]\n|upkeep\n|turn|16\n|inactive|BugCatcherN8R1X has 120 seconds left.\n|\n|t:|1700082566\n|move|p2a: Alomomola|Chilling Water|p1a: Ares\n|-damage|p1a: Ares|61\/100\n|-unboost|p1a: Ares|atk|1\n|move|p1a: Ares|Trailblaze|p2a: Alomomola\n|-supereffective|p2a: Alomomola\n|-damage|p2a: Alomomola|15\/100\n|-boost|p1a: Ares|spe|1\n|-heal|p1a: Ares|77\/100|[from] item: Shell Bell|[of] p2a: Alomomola\n|\n|-heal|p2a: Alomomola|21\/100|[from] item: Leftovers\n|-damage|p1a: Ares|65\/100|[from] move: Whirlpool|[partiallytrapped]\n|upkeep\n|turn|17\n|inactive|BugCatcherN8R1X has 120 seconds left.\n|\n|t:|1700082577\n|move|p2a: Alomomola|Protect|p2a: Alomomola\n|-singleturn|p2a: Alomomola|Protect\n|move|p1a: Ares|Trailblaze|p2a: Alomomola\n|-activate|p2a: Alomomola|move: Protect\n|\n|-heal|p2a: Alomomola|27\/100|[from] item: Leftovers\n|-damage|p1a: Ares|53\/100|[from] move: Whirlpool|[partiallytrapped]\n|upkeep\n|turn|18\n|\n|t:|1700082586\n|move|p1a: Ares|Trailblaze|p2a: Alomomola\n|-supereffective|p2a: Alomomola\n|-damage|p2a: Alomomola|0 fnt\n|-boost|p1a: Ares|spe|1\n|faint|p2a: Alomomola\n|-heal|p1a: Ares|58\/100|[from] item: Shell Bell|[of] p2: Alomomola\n|\n|-end|p1a: Ares|Whirlpool|[partiallytrapped]|[silent]\n|upkeep\n|\n|t:|1700082592\n|switch|p2a: Ceruledge|Ceruledge, M|100\/100\n|-damage|p2a: Ceruledge|76\/100|[from] Stealth Rock\n|turn|19\n|\n|t:|1700082597\n|move|p2a: Ceruledge|Bitter Blade|p1a: Ares\n|-supereffective|p1a: Ares\n|-damage|p1a: Ares|0 fnt\n|-heal|p2a: Ceruledge|100\/100|[from] drain|[of] p1a: Ares\n|faint|p1a: Ares\n|\n|upkeep\n|\n|t:|1700082608\n|switch|p1a: Hachiman|Kleavor, M|100\/100\n|-activate|p1a: Hachiman|move: Sticky Web\n|-unboost|p1a: Hachiman|spe|1\n|turn|20\n|\n|t:|1700082618\n|move|p2a: Ceruledge|Swords Dance|p2a: Ceruledge\n|-boost|p2a: Ceruledge|atk|2\n|move|p1a: Hachiman|Stone Axe|p2a: Ceruledge\n|-supereffective|p2a: Ceruledge\n|-enditem|p2a: Ceruledge|Focus Sash\n|-damage|p2a: Ceruledge|1\/100\n|-ability|p2a: Ceruledge|Weak Armor|boost\n|-unboost|p2a: Ceruledge|def|1\n|-boost|p2a: Ceruledge|spe|2\n|\n|upkeep\n|turn|21\n|\n|t:|1700082624\n|move|p2a: Ceruledge|Bitter Blade|p1a: Hachiman\n|-damage|p1a: Hachiman|0 fnt\n|-heal|p2a: Ceruledge|49\/100|[from] drain|[of] p1a: Hachiman\n|faint|p1a: Hachiman\n|\n|upkeep\n|\n|t:|1700082626\n|switch|p1a: Erebus|Lokix, M|91\/100\n|-activate|p1a: Erebus|move: Sticky Web\n|-unboost|p1a: Erebus|spe|1\n|turn|22\n|\n|t:|1700082634\n|move|p1a: Erebus|Sucker Punch|p2a: Ceruledge\n|-supereffective|p2a: Ceruledge\n|-damage|p2a: Ceruledge|0 fnt\n|faint|p2a: Ceruledge\n|-damage|p1a: Erebus|81\/100|[from] item: Life Orb\n|\n|win|BugCatcherN8R1X\n|raw|BugCatcherN8R1X's rating: 1064 &rarr; <strong>1098<\/strong><br \/>(+34 for winning)\n|raw|alemr26's rating: 1108 &rarr; <strong>1080<\/strong><br \/>(-28 for losing)\n|c|\u2606alemr26|gg\n|c|\u2606BugCatcherN8R1X|Gg\n|l|\u2606alemr26\n","uploadtime":1700082652,"views":7,"p1id":"bugcatchern8r1x","p2id":"alemr26","formatid":"gen9ou","rating":1080,"private":0,"password":""}