{"id":"gen9ou-1999431189","p1":"Guy Oh","p2":"shadhbazz","format":"[Gen 9] OU","log":"|j|\u203dGuy Oh\n|j|\u203dshadhbazz\n|t:|1701079354\n|gametype|singles\n|player|p1|Guy Oh|boarder|\n|player|p2|shadhbazz|102|\n|teamsize|p1|6\n|teamsize|p2|6\n|gen|9\n|tier|[Gen 9] OU\n|rule|Sleep Clause Mod: Limit one foe put to sleep\n|rule|Species Clause: Limit one of each Pok\u00e9mon\n|rule|OHKO Clause: OHKO moves are banned\n|rule|Evasion Items Clause: Evasion items are banned\n|rule|Evasion Moves Clause: Evasion moves are banned\n|rule|Endless Battle Clause: Forcing endless battles is banned\n|rule|HP Percentage Mod: HP is shown in percentages\n|clearpoke\n|poke|p1|Amoonguss, F|\n|poke|p1|Corviknight, M|\n|poke|p1|Azumarill, F|\n|poke|p1|Crabominable, F|\n|poke|p1|Tyranitar, M|\n|poke|p1|Garchomp, M|\n|poke|p2|Crawdaunt, M|\n|poke|p2|Cresselia, F|\n|poke|p2|Hatterene, F|\n|poke|p2|Ursaluna, M|\n|poke|p2|Skeledirge, M|\n|poke|p2|Slowbro-Galar, M|\n|teampreview\n|\n|t:|1701079366\n|start\n|switch|p1a: Tyranitar|Tyranitar, M|100\/100\n|switch|p2a: Cresselia|Cresselia, F, shiny|100\/100\n|-weather|Sandstorm|[from] ability: Sand Stream|[of] p1a: Tyranitar\n|turn|1\n|\n|t:|1701079383\n|move|p1a: Tyranitar|Crunch|p2a: Cresselia\n|-supereffective|p2a: Cresselia\n|-damage|p2a: Cresselia|38\/100\n|move|p2a: Cresselia|Moonblast|p1a: Tyranitar\n|-supereffective|p1a: Tyranitar\n|-damage|p1a: Tyranitar|76\/100\n|\n|-weather|Sandstorm|[upkeep]\n|-damage|p2a: Cresselia|32\/100|[from] Sandstorm\n|-heal|p2a: Cresselia|38\/100|[from] item: Leftovers\n|upkeep\n|turn|2\n|\n|t:|1701079392\n|move|p1a: Tyranitar|Crunch|p2a: Cresselia\n|-supereffective|p2a: Cresselia\n|-damage|p2a: Cresselia|0 fnt\n|faint|p2a: Cresselia\n|\n|-weather|Sandstorm|[upkeep]\n|upkeep\n|\n|t:|1701079399\n|switch|p2a: Hatterene|Hatterene, F, shiny|100\/100\n|turn|3\n|\n|t:|1701079418\n|switch|p1a: Corviknight|Corviknight, M|100\/100\n|move|p2a: Hatterene|Trick Room|p2a: Hatterene\n|-fieldstart|move: Trick Room|[of] p2a: Hatterene\n|\n|-weather|Sandstorm|[upkeep]\n|-damage|p2a: Hatterene|95\/100|[from] Sandstorm\n|upkeep\n|turn|4\n|\n|t:|1701079433\n|move|p2a: Hatterene|Mystical Fire|p1a: Corviknight\n|-supereffective|p1a: Corviknight\n|-damage|p1a: Corviknight|43\/100\n|-ability|p1a: Corviknight|Mirror Armor\n|-unboost|p2a: Hatterene|spa|1\n|move|p1a: Corviknight|Iron Head|p2a: Hatterene\n|-supereffective|p2a: Hatterene\n|-damage|p2a: Hatterene|41\/100\n|\n|-weather|Sandstorm|[upkeep]\n|-damage|p2a: Hatterene|35\/100|[from] Sandstorm\n|upkeep\n|turn|5\n|\n|t:|1701079453\n|move|p2a: Hatterene|Mystical Fire|p1a: Corviknight\n|-supereffective|p1a: Corviknight\n|-damage|p1a: Corviknight|3\/100\n|-ability|p1a: Corviknight|Mirror Armor\n|-unboost|p2a: Hatterene|spa|1\n|-enditem|p1a: Corviknight|Aguav Berry|[eat]\n|-heal|p1a: Corviknight|36\/100|[from] item: Aguav Berry\n|move|p1a: Corviknight|Iron Head|p2a: Hatterene\n|-supereffective|p2a: Hatterene\n|-damage|p2a: Hatterene|0 fnt\n|faint|p2a: Hatterene\n|\n|-weather|none\n|upkeep\n|\n|t:|1701079467\n|switch|p2a: Skeledirge|Skeledirge, M, shiny|100\/100\n|turn|6\n|\n|t:|1701079484\n|switch|p1a: Tyranitar|Tyranitar, M|76\/100\n|-weather|Sandstorm|[from] ability: Sand Stream|[of] p1a: Tyranitar\n|move|p2a: Skeledirge|Torch Song|p1a: Tyranitar\n|-resisted|p1a: Tyranitar\n|-damage|p1a: Tyranitar|63\/100\n|-boost|p2a: Skeledirge|spa|1\n|-enditem|p2a: Skeledirge|Throat Spray\n|-boost|p2a: Skeledirge|spa|1|[from] item: Throat Spray\n|\n|-weather|Sandstorm|[upkeep]\n|-damage|p2a: Skeledirge|94\/100|[from] Sandstorm\n|upkeep\n|turn|7\n|\n|t:|1701079498\n|move|p2a: Skeledirge|Earth Power|p1a: Tyranitar\n|-supereffective|p1a: Tyranitar\n|-damage|p1a: Tyranitar|0 fnt\n|faint|p1a: Tyranitar\n|\n|-weather|Sandstorm|[upkeep]\n|-damage|p2a: Skeledirge|88\/100|[from] Sandstorm\n|-fieldend|move: Trick Room\n|upkeep\n|\n|t:|1701079505\n|switch|p1a: Garchomp|Garchomp, M|100\/100\n|turn|8\n|\n|t:|1701079526\n|move|p1a: Garchomp|Earthquake|p2a: Skeledirge\n|-supereffective|p2a: Skeledirge\n|-damage|p2a: Skeledirge|7\/100\n|move|p2a: Skeledirge|Shadow Ball|p1a: Garchomp\n|-damage|p1a: Garchomp|14\/100\n|\n|-weather|Sandstorm|[upkeep]\n|-damage|p2a: Skeledirge|0 fnt|[from] Sandstorm\n|faint|p2a: Skeledirge\n|upkeep\n|\n|t:|1701079540\n|switch|p2a: Crawdaunt|Crawdaunt, M, shiny|100\/100\n|turn|9\n|\n|t:|1701079546\n|switch|p1a: Amoonguss|Amoonguss, F|100\/100\n|move|p2a: Crawdaunt|Aqua Jet|p1a: Amoonguss\n|-resisted|p1a: Amoonguss\n|-damage|p1a: Amoonguss|79\/100\n|-damage|p2a: Crawdaunt|90\/100|[from] item: Life Orb\n|\n|-weather|Sandstorm|[upkeep]\n|-damage|p2a: Crawdaunt|84\/100|[from] Sandstorm\n|-damage|p1a: Amoonguss|72\/100|[from] Sandstorm\n|-heal|p1a: Amoonguss|79\/100|[from] item: Leftovers\n|upkeep\n|turn|10\n|\n|t:|1701079559\n|move|p2a: Crawdaunt|Swords Dance|p2a: Crawdaunt\n|-boost|p2a: Crawdaunt|atk|2\n|move|p1a: Amoonguss|Spore|p2a: Crawdaunt\n|-status|p2a: Crawdaunt|slp|[from] move: Spore\n|\n|-weather|none\n|-heal|p1a: Amoonguss|85\/100|[from] item: Leftovers\n|upkeep\n|turn|11\n|\n|t:|1701079577\n|cant|p2a: Crawdaunt|slp\n|move|p1a: Amoonguss|Energy Ball|p2a: Crawdaunt\n|-supereffective|p2a: Crawdaunt\n|-damage|p2a: Crawdaunt|0 fnt\n|faint|p2a: Crawdaunt\n|\n|-heal|p1a: Amoonguss|91\/100|[from] item: Leftovers\n|upkeep\n|\n|t:|1701079597\n|switch|p2a: Slowbro|Slowbro-Galar, M, shiny|100\/100\n|turn|12\n|\n|t:|1701079617\n|move|p2a: Slowbro|Calm Mind|p2a: Slowbro\n|-boost|p2a: Slowbro|spa|1\n|-boost|p2a: Slowbro|spd|1\n|move|p1a: Amoonguss|Spore|p2a: Slowbro\n|-status|p2a: Slowbro|slp|[from] move: Spore\n|\n|-heal|p1a: Amoonguss|97\/100|[from] item: Leftovers\n|upkeep\n|turn|13\n|\n|t:|1701079630\n|switch|p1a: Garchomp|Garchomp, M|14\/100\n|cant|p2a: Slowbro|slp\n|\n|upkeep\n|turn|14\n|\n|t:|1701079639\n|move|p1a: Garchomp|Earthquake|p2a: Slowbro\n|-supereffective|p2a: Slowbro\n|-enditem|p2a: Slowbro|Shuca Berry|[eat]\n|-enditem|p2a: Slowbro|Shuca Berry|[weaken]\n|-damage|p2a: Slowbro|64\/100 slp\n|-curestatus|p2a: Slowbro|slp|[msg]\n|move|p2a: Slowbro|Sludge Bomb|p1a: Garchomp\n|-resisted|p1a: Garchomp\n|-damage|p1a: Garchomp|0 fnt\n|faint|p1a: Garchomp\n|\n|upkeep\n|\n|t:|1701079651\n|switch|p1a: Azumarill|Azumarill, F|100\/100\n|turn|15\n|\n|t:|1701079660\n|move|p1a: Azumarill|Belly Drum|p1a: Azumarill\n|-damage|p1a: Azumarill|50\/100\n|-setboost|p1a: Azumarill|atk|6|[from] move: Belly Drum\n|move|p2a: Slowbro|Sludge Bomb|p1a: Azumarill\n|-supereffective|p1a: Azumarill\n|-damage|p1a: Azumarill|0 fnt\n|faint|p1a: Azumarill\n|\n|upkeep\n|\n|t:|1701079676\n|switch|p1a: Crabominable|Crabominable, F|100\/100\n|turn|16\n|\n|t:|1701079698\n|-terastallize|p2a: Slowbro|Poison\n|move|p1a: Crabominable|Ice Punch|p2a: Slowbro\n|-damage|p2a: Slowbro|18\/100\n|-damage|p1a: Crabominable|91\/100|[from] item: Life Orb\n|move|p2a: Slowbro|Surf|p1a: Crabominable\n|-damage|p1a: Crabominable|51\/100\n|\n|upkeep\n|turn|17\n|\n|t:|1701079709\n|move|p1a: Crabominable|Ice Punch|p2a: Slowbro\n|-damage|p2a: Slowbro|0 fnt\n|faint|p2a: Slowbro\n|-damage|p1a: Crabominable|41\/100|[from] item: Life Orb\n|\n|upkeep\n|\n|t:|1701079714\n|switch|p2a: Ursaluna|Ursaluna, M, shiny|100\/100\n|turn|18\n|\n|t:|1701079729\n|-terastallize|p1a: Crabominable|Fighting\n|move|p2a: Ursaluna|Play Rough|p1a: Crabominable\n|-supereffective|p1a: Crabominable\n|-damage|p1a: Crabominable|0 fnt\n|faint|p1a: Crabominable\n|\n|-status|p2a: Ursaluna|brn|[from] item: Flame Orb\n|upkeep\n|\n|t:|1701079737\n|switch|p1a: Amoonguss|Amoonguss, F|100\/100\n|turn|19\n|\n|t:|1701079771\n|move|p2a: Ursaluna|Earthquake|p1a: Amoonguss\n|-crit|p1a: Amoonguss\n|-damage|p1a: Amoonguss|0 fnt\n|faint|p1a: Amoonguss\n|\n|-damage|p2a: Ursaluna|94\/100 brn|[from] brn\n|upkeep\n|\n|t:|1701079778\n|switch|p1a: Corviknight|Corviknight, M|36\/100\n|turn|20\n|\n|t:|1701079790\n|move|p1a: Corviknight|Roost|p1a: Corviknight\n|-heal|p1a: Corviknight|86\/100\n|-singleturn|p1a: Corviknight|move: Roost\n|move|p2a: Ursaluna|Facade|p1a: Corviknight\n|-resisted|p1a: Corviknight\n|-damage|p1a: Corviknight|48\/100\n|\n|-damage|p2a: Ursaluna|88\/100 brn|[from] brn\n|upkeep\n|turn|21\n|\n|t:|1701079819\n|move|p1a: Corviknight|Roost|p1a: Corviknight\n|-heal|p1a: Corviknight|98\/100\n|-singleturn|p1a: Corviknight|move: Roost\n|move|p2a: Ursaluna|Earthquake|p1a: Corviknight\n|-supereffective|p1a: Corviknight\n|-damage|p1a: Corviknight|0 fnt\n|faint|p1a: Corviknight\n|\n|win|shadhbazz\n","uploadtime":1701079828,"views":12,"p1id":"guyoh","p2id":"shadhbazz","formatid":"gen9ou","rating":0,"private":0,"password":""}