{"id":"gen9ou-1995794164","p1":"thetidleypeeps","p2":"Froslass_Trainer","format":"[Gen 9] OU","log":"|j|\u2606thetidleypeeps\n|j|\u2606Froslass_Trainer\n|t:|1700603796\n|gametype|singles\n|player|p1|thetidleypeeps|1|1416\n|player|p2|Froslass_Trainer|2|1325\n|teamsize|p1|6\n|teamsize|p2|6\n|gen|9\n|tier|[Gen 9] OU\n|rated|\n|rule|Sleep Clause Mod: Limit one foe put to sleep\n|rule|Species Clause: Limit one of each Pok\u00e9mon\n|rule|OHKO Clause: OHKO moves are banned\n|rule|Evasion Items Clause: Evasion items are banned\n|rule|Evasion Moves Clause: Evasion moves are banned\n|rule|Endless Battle Clause: Forcing endless battles is banned\n|rule|HP Percentage Mod: HP is shown in percentages\n|clearpoke\n|poke|p1|Kingambit, M|\n|poke|p1|Cresselia, F|\n|poke|p1|Dragapult, M|\n|poke|p1|Walking Wake|\n|poke|p1|Torkoal, F|\n|poke|p1|Iron Valiant|\n|poke|p2|Toxapex, F|\n|poke|p2|Goodra-Hisui, F|\n|poke|p2|Cinderace, F|\n|poke|p2|Sandy Shocks|\n|poke|p2|Ogerpon-Wellspring, F|\n|poke|p2|Chesnaught, M|\n|teampreview\n|\n|t:|1700603805\n|start\n|switch|p1a: Torkoal|Torkoal, F|100\/100\n|switch|p2a: Sandy Shocks|Sandy Shocks|100\/100\n|-weather|SunnyDay|[from] ability: Drought|[of] p1a: Torkoal\n|-activate|p2a: Sandy Shocks|ability: Protosynthesis\n|-start|p2a: Sandy Shocks|protosynthesisspa\n|turn|1\n|\n|t:|1700603816\n|move|p2a: Sandy Shocks|Earth Power|p1a: Torkoal\n|-supereffective|p1a: Torkoal\n|-damage|p1a: Torkoal|0 fnt\n|faint|p1a: Torkoal\n|\n|-weather|SunnyDay|[upkeep]\n|upkeep\n|\n|t:|1700603819\n|switch|p1a: Walking Wake|Walking Wake|100\/100\n|-activate|p1a: Walking Wake|ability: Protosynthesis\n|-start|p1a: Walking Wake|protosynthesisspa\n|turn|2\n|inactive|Battle timer is ON: inactive players will automatically lose when time's up. (requested by thetidleypeeps)\n|\n|t:|1700603834\n|-end|p2a: Sandy Shocks|Protosynthesis|[silent]\n|switch|p2a: Toxapex|Toxapex, F|100\/100\n|move|p1a: Walking Wake|Draco Meteor|p2a: Toxapex\n|-damage|p2a: Toxapex|0 fnt\n|-unboost|p1a: Walking Wake|spa|2\n|faint|p2a: Toxapex\n|\n|-weather|SunnyDay|[upkeep]\n|upkeep\n|\n|t:|1700603843\n|switch|p2a: Ogerpon|Ogerpon-Wellspring, F|100\/100\n|turn|3\n|\n|t:|1700603849\n|-end|p1a: Walking Wake|Protosynthesis|[silent]\n|switch|p1a: Iron Valiant|Iron Valiant|100\/100\n|-enditem|p1a: Iron Valiant|Booster Energy\n|-activate|p1a: Iron Valiant|ability: Quark Drive|[fromitem]\n|-start|p1a: Iron Valiant|quarkdrivespe\n|move|p2a: Ogerpon|Trailblaze|p1a: Iron Valiant\n|-damage|p1a: Iron Valiant|61\/100\n|-boost|p2a: Ogerpon|spe|1\n|\n|-weather|SunnyDay|[upkeep]\n|upkeep\n|turn|4\n|\n|t:|1700603862\n|move|p1a: Iron Valiant|Close Combat|p2a: Ogerpon\n|-damage|p2a: Ogerpon|15\/100\n|-unboost|p1a: Iron Valiant|def|1\n|-unboost|p1a: Iron Valiant|spd|1\n|move|p2a: Ogerpon|Horn Leech|p1a: Iron Valiant\n|-damage|p1a: Iron Valiant|0 fnt\n|-heal|p2a: Ogerpon|45\/100|[from] drain|[of] p1a: Iron Valiant\n|faint|p1a: Iron Valiant\n|-end|p1a: Iron Valiant|Quark Drive|[silent]\n|\n|-weather|SunnyDay|[upkeep]\n|upkeep\n|\n|t:|1700603873\n|switch|p1a: Dragapult|Dragapult, M|100\/100\n|turn|5\n|\n|t:|1700603898\n|move|p2a: Ogerpon|Ivy Cudgel|p1a: Dragapult|[anim] Ivy Cudgel Water\n|-resisted|p1a: Dragapult\n|-damage|p1a: Dragapult|79\/100\n|move|p1a: Dragapult|Shadow Ball|p2a: Ogerpon\n|-damage|p2a: Ogerpon|0 fnt\n|faint|p2a: Ogerpon\n|\n|-weather|SunnyDay|[upkeep]\n|upkeep\n|\n|t:|1700603906\n|switch|p2a: Cinderace|Cinderace, F|100\/100\n|turn|6\n|\n|t:|1700603909\n|move|p2a: Cinderace|Sucker Punch|p1a: Dragapult\n|-start|p2a: Cinderace|typechange|Dark|[from] ability: Libero\n|-supereffective|p1a: Dragapult\n|-damage|p1a: Dragapult|0 fnt\n|faint|p1a: Dragapult\n|\n|-weather|SunnyDay|[upkeep]\n|upkeep\n|\n|t:|1700603912\n|switch|p1a: Walking Wake|Walking Wake|100\/100\n|-activate|p1a: Walking Wake|ability: Protosynthesis\n|-start|p1a: Walking Wake|protosynthesisspa\n|turn|7\n|\n|t:|1700603923\n|move|p2a: Cinderace|Sucker Punch|p1a: Walking Wake\n|-crit|p1a: Walking Wake\n|-damage|p1a: Walking Wake|43\/100\n|move|p1a: Walking Wake|Hydro Steam|p2a: Cinderace\n|-crit|p2a: Cinderace\n|-damage|p2a: Cinderace|0 fnt\n|faint|p2a: Cinderace\n|\n|-weather|SunnyDay|[upkeep]\n|upkeep\n|\n|t:|1700603938\n|switch|p2a: Sandy Shocks|Sandy Shocks|100\/100\n|-activate|p2a: Sandy Shocks|ability: Protosynthesis\n|-start|p2a: Sandy Shocks|protosynthesisspa\n|turn|8\n|\n|t:|1700603945\n|move|p2a: Sandy Shocks|Volt Switch|p1a: Walking Wake\n|-damage|p1a: Walking Wake|0 fnt\n|faint|p1a: Walking Wake\n|-end|p1a: Walking Wake|Protosynthesis|[silent]\n|\n|t:|1700603950\n|-end|p2a: Sandy Shocks|Protosynthesis|[silent]\n|switch|p2a: Chesnaught|Chesnaught, M|100\/100|[from] Volt Switch\n|\n|-weather|none\n|upkeep\n|\n|t:|1700603954\n|switch|p1a: Cresselia|Cresselia, F|100\/100\n|turn|9\n|\n|t:|1700603958\n|move|p1a: Cresselia|Calm Mind|p1a: Cresselia\n|-boost|p1a: Cresselia|spa|1\n|-boost|p1a: Cresselia|spd|1\n|move|p2a: Chesnaught|Leech Seed|p1a: Cresselia\n|-start|p1a: Cresselia|move: Leech Seed\n|\n|-damage|p1a: Cresselia|88\/100|[from] Leech Seed|[of] p2a: Chesnaught\n|upkeep\n|turn|10\n|\n|t:|1700603964\n|move|p1a: Cresselia|Calm Mind|p1a: Cresselia\n|-boost|p1a: Cresselia|spa|1\n|-boost|p1a: Cresselia|spd|1\n|move|p2a: Chesnaught|Seed Bomb|p1a: Cresselia\n|-damage|p1a: Cresselia|64\/100\n|\n|-heal|p1a: Cresselia|70\/100|[from] item: Leftovers\n|-damage|p1a: Cresselia|57\/100|[from] Leech Seed|[of] p2a: Chesnaught\n|upkeep\n|turn|11\n|\n|t:|1700603970\n|move|p2a: Chesnaught|Spiky Shield|p2a: Chesnaught\n|-singleturn|p2a: Chesnaught|move: Protect\n|move|p1a: Cresselia|Stored Power|p2a: Chesnaught\n|-activate|p2a: Chesnaught|move: Protect\n|\n|-heal|p1a: Cresselia|63\/100|[from] item: Leftovers\n|-damage|p1a: Cresselia|51\/100|[from] Leech Seed|[of] p2a: Chesnaught\n|upkeep\n|turn|12\n|\n|t:|1700603975\n|switch|p2a: Goodra|Goodra-Hisui, F|100\/100\n|move|p1a: Cresselia|Stored Power|p2a: Goodra\n|-resisted|p2a: Goodra\n|-damage|p2a: Goodra|81\/100\n|\n|-heal|p1a: Cresselia|57\/100|[from] item: Leftovers\n|-heal|p2a: Goodra|87\/100|[from] item: Leftovers\n|-damage|p1a: Cresselia|45\/100|[from] Leech Seed|[of] p2a: Goodra\n|-heal|p2a: Goodra|100\/100|[silent]\n|upkeep\n|turn|13\n|\n|t:|1700603993\n|move|p1a: Cresselia|Moonlight|p1a: Cresselia\n|-heal|p1a: Cresselia|95\/100\n|move|p2a: Goodra|Draco Meteor|p1a: Cresselia\n|-damage|p1a: Cresselia|77\/100\n|-unboost|p2a: Goodra|spa|2\n|\n|-heal|p1a: Cresselia|83\/100|[from] item: Leftovers\n|-damage|p1a: Cresselia|71\/100|[from] Leech Seed|[of] p2a: Goodra\n|upkeep\n|turn|14\n|\n|t:|1700603999\n|switch|p2a: Sandy Shocks|Sandy Shocks|100\/100\n|move|p1a: Cresselia|Calm Mind|p1a: Cresselia\n|-boost|p1a: Cresselia|spa|1\n|-boost|p1a: Cresselia|spd|1\n|\n|-heal|p1a: Cresselia|77\/100|[from] item: Leftovers\n|-damage|p1a: Cresselia|64\/100|[from] Leech Seed|[of] p2a: Sandy Shocks\n|upkeep\n|turn|15\n|\n|t:|1700604005\n|move|p2a: Sandy Shocks|Volt Switch|p1a: Cresselia\n|-damage|p1a: Cresselia|56\/100\n|\n|t:|1700604008\n|-end|p2a: Sandy Shocks|Protosynthesis|[silent]\n|switch|p2a: Goodra|Goodra-Hisui, F|100\/100|[from] Volt Switch\n|move|p1a: Cresselia|Stored Power|p2a: Goodra\n|-resisted|p2a: Goodra\n|-damage|p2a: Goodra|68\/100\n|\n|-heal|p1a: Cresselia|62\/100|[from] item: Leftovers\n|-heal|p2a: Goodra|74\/100|[from] item: Leftovers\n|-damage|p1a: Cresselia|50\/100|[from] Leech Seed|[of] p2a: Goodra\n|-heal|p2a: Goodra|92\/100|[silent]\n|upkeep\n|turn|16\n|\n|t:|1700604016\n|move|p1a: Cresselia|Moonlight|p1a: Cresselia\n|-heal|p1a: Cresselia|99\/100\n|move|p2a: Goodra|Ice Beam|p1a: Cresselia\n|-damage|p1a: Cresselia|94\/100\n|\n|-heal|p1a: Cresselia|99\/100|[from] item: Leftovers\n|-heal|p2a: Goodra|98\/100|[from] item: Leftovers\n|-damage|p1a: Cresselia|88\/100|[from] Leech Seed|[of] p2a: Goodra\n|-heal|p2a: Goodra|100\/100|[silent]\n|upkeep\n|turn|17\n|\n|t:|1700604023\n|move|p1a: Cresselia|Calm Mind|p1a: Cresselia\n|-boost|p1a: Cresselia|spa|1\n|-boost|p1a: Cresselia|spd|1\n|move|p2a: Goodra|Ice Beam|p1a: Cresselia\n|-damage|p1a: Cresselia|82\/100\n|\n|-heal|p1a: Cresselia|88\/100|[from] item: Leftovers\n|-damage|p1a: Cresselia|76\/100|[from] Leech Seed|[of] p2a: Goodra\n|upkeep\n|turn|18\n|\n|t:|1700604031\n|move|p1a: Cresselia|Moonblast|p2a: Goodra\n|-damage|p2a: Goodra|65\/100\n|move|p2a: Goodra|Ice Beam|p1a: Cresselia\n|-damage|p1a: Cresselia|71\/100\n|\n|-heal|p1a: Cresselia|77\/100|[from] item: Leftovers\n|-heal|p2a: Goodra|71\/100|[from] item: Leftovers\n|-damage|p1a: Cresselia|65\/100|[from] Leech Seed|[of] p2a: Goodra\n|-heal|p2a: Goodra|89\/100|[silent]\n|upkeep\n|turn|19\n|\n|t:|1700604036\n|move|p1a: Cresselia|Calm Mind|p1a: Cresselia\n|-boost|p1a: Cresselia|spa|1\n|-boost|p1a: Cresselia|spd|1\n|move|p2a: Goodra|Ice Beam|p1a: Cresselia\n|-damage|p1a: Cresselia|60\/100\n|\n|-heal|p1a: Cresselia|66\/100|[from] item: Leftovers\n|-heal|p2a: Goodra|95\/100|[from] item: Leftovers\n|-damage|p1a: Cresselia|54\/100|[from] Leech Seed|[of] p2a: Goodra\n|-heal|p2a: Goodra|100\/100|[silent]\n|upkeep\n|turn|20\n|\n|t:|1700604040\n|move|p1a: Cresselia|Moonlight|p1a: Cresselia\n|-heal|p1a: Cresselia|100\/100\n|move|p2a: Goodra|Ice Beam|p1a: Cresselia\n|-damage|p1a: Cresselia|96\/100\n|\n|-heal|p1a: Cresselia|100\/100|[from] item: Leftovers\n|-damage|p1a: Cresselia|88\/100|[from] Leech Seed|[of] p2a: Goodra\n|upkeep\n|turn|21\n|\n|t:|1700604043\n|move|p1a: Cresselia|Calm Mind|p1a: Cresselia\n|-boost|p1a: Cresselia|spa|1\n|-boost|p1a: Cresselia|spd|1\n|move|p2a: Goodra|Ice Beam|p1a: Cresselia\n|-damage|p1a: Cresselia|84\/100\n|\n|-heal|p1a: Cresselia|90\/100|[from] item: Leftovers\n|-damage|p1a: Cresselia|77\/100|[from] Leech Seed|[of] p2a: Goodra\n|upkeep\n|turn|22\n|\n|t:|1700604047\n|move|p1a: Cresselia|Moonblast|p2a: Goodra\n|-damage|p2a: Goodra|52\/100\n|move|p2a: Goodra|Ice Beam|p1a: Cresselia\n|-damage|p1a: Cresselia|73\/100\n|-status|p1a: Cresselia|frz\n|\n|-heal|p1a: Cresselia|79\/100 frz|[from] item: Leftovers\n|-heal|p2a: Goodra|58\/100|[from] item: Leftovers\n|-damage|p1a: Cresselia|66\/100 frz|[from] Leech Seed|[of] p2a: Goodra\n|-heal|p2a: Goodra|76\/100|[silent]\n|upkeep\n|turn|23\n|\n|t:|1700604052\n|cant|p1a: Cresselia|frz\n|move|p2a: Goodra|Ice Beam|p1a: Cresselia\n|-damage|p1a: Cresselia|62\/100 frz\n|\n|-heal|p1a: Cresselia|68\/100 frz|[from] item: Leftovers\n|-heal|p2a: Goodra|82\/100|[from] item: Leftovers\n|-damage|p1a: Cresselia|56\/100 frz|[from] Leech Seed|[of] p2a: Goodra\n|-heal|p2a: Goodra|100\/100|[silent]\n|upkeep\n|turn|24\n|\n|t:|1700604055\n|cant|p1a: Cresselia|frz\n|move|p2a: Goodra|Ice Beam|p1a: Cresselia\n|-damage|p1a: Cresselia|52\/100 frz\n|\n|-heal|p1a: Cresselia|58\/100 frz|[from] item: Leftovers\n|-damage|p1a: Cresselia|46\/100 frz|[from] Leech Seed|[of] p2a: Goodra\n|upkeep\n|turn|25\n|\n|t:|1700604057\n|-curestatus|p1a: Cresselia|frz|[msg]\n|move|p1a: Cresselia|Moonlight|p1a: Cresselia\n|-heal|p1a: Cresselia|96\/100\n|move|p2a: Goodra|Ice Beam|p1a: Cresselia\n|-damage|p1a: Cresselia|91\/100\n|\n|-heal|p1a: Cresselia|98\/100|[from] item: Leftovers\n|-damage|p1a: Cresselia|85\/100|[from] Leech Seed|[of] p2a: Goodra\n|upkeep\n|turn|26\n|\n|t:|1700604062\n|move|p1a: Cresselia|Moonblast|p2a: Goodra\n|-damage|p2a: Goodra|53\/100\n|move|p2a: Goodra|Ice Beam|p1a: Cresselia\n|-damage|p1a: Cresselia|81\/100\n|\n|-heal|p1a: Cresselia|87\/100|[from] item: Leftovers\n|-heal|p2a: Goodra|59\/100|[from] item: Leftovers\n|-damage|p1a: Cresselia|75\/100|[from] Leech Seed|[of] p2a: Goodra\n|-heal|p2a: Goodra|77\/100|[silent]\n|upkeep\n|turn|27\n|\n|t:|1700604065\n|move|p1a: Cresselia|Moonblast|p2a: Goodra\n|-damage|p2a: Goodra|29\/100\n|move|p2a: Goodra|Ice Beam|p1a: Cresselia\n|-damage|p1a: Cresselia|71\/100\n|-status|p1a: Cresselia|frz\n|\n|-heal|p1a: Cresselia|77\/100 frz|[from] item: Leftovers\n|-heal|p2a: Goodra|35\/100|[from] item: Leftovers\n|-damage|p1a: Cresselia|64\/100 frz|[from] Leech Seed|[of] p2a: Goodra\n|-heal|p2a: Goodra|53\/100|[silent]\n|upkeep\n|turn|28\n|\n|t:|1700604069\n|switch|p2a: Chesnaught|Chesnaught, M|100\/100\n|cant|p1a: Cresselia|frz\n|\n|-heal|p1a: Cresselia|71\/100 frz|[from] item: Leftovers\n|-damage|p1a: Cresselia|58\/100 frz|[from] Leech Seed|[of] p2a: Chesnaught\n|upkeep\n|turn|29\n|\n|t:|1700604074\n|-curestatus|p1a: Cresselia|frz|[msg]\n|move|p1a: Cresselia|Moonlight|p1a: Cresselia\n|-heal|p1a: Cresselia|100\/100\n|move|p2a: Chesnaught|Seed Bomb|p1a: Cresselia\n|-damage|p1a: Cresselia|79\/100\n|\n|-heal|p1a: Cresselia|85\/100|[from] item: Leftovers\n|-damage|p1a: Cresselia|73\/100|[from] Leech Seed|[of] p2a: Chesnaught\n|upkeep\n|turn|30\n|\n|t:|1700604083\n|move|p2a: Chesnaught|Spiky Shield|p2a: Chesnaught\n|-singleturn|p2a: Chesnaught|move: Protect\n|move|p1a: Cresselia|Moonblast|p2a: Chesnaught\n|-activate|p2a: Chesnaught|move: Protect\n|\n|-heal|p1a: Cresselia|79\/100|[from] item: Leftovers\n|-damage|p1a: Cresselia|66\/100|[from] Leech Seed|[of] p2a: Chesnaught\n|upkeep\n|turn|31\n|\n|t:|1700604100\n|switch|p2a: Sandy Shocks|Sandy Shocks|100\/100\n|move|p1a: Cresselia|Moonblast|p2a: Sandy Shocks\n|-damage|p2a: Sandy Shocks|3\/100\n|-unboost|p2a: Sandy Shocks|spa|1\n|\n|-heal|p1a: Cresselia|72\/100|[from] item: Leftovers\n|-damage|p1a: Cresselia|60\/100|[from] Leech Seed|[of] p2a: Sandy Shocks\n|-heal|p2a: Sandy Shocks|21\/100|[silent]\n|upkeep\n|turn|32\n|\n|t:|1700604110\n|move|p2a: Sandy Shocks|Tera Blast|p1a: Cresselia\n|-damage|p1a: Cresselia|57\/100\n|move|p1a: Cresselia|Moonblast|p2a: Sandy Shocks\n|-damage|p2a: Sandy Shocks|0 fnt\n|faint|p2a: Sandy Shocks\n|-end|p2a: Sandy Shocks|Protosynthesis|[silent]\n|\n|-heal|p1a: Cresselia|63\/100|[from] item: Leftovers\n|upkeep\n|\n|t:|1700604122\n|switch|p2a: Goodra|Goodra-Hisui, F|53\/100\n|turn|33\n|\n|t:|1700604133\n|-terastallize|p2a: Goodra|Water\n|move|p1a: Cresselia|Moonblast|p2a: Goodra\n|-damage|p2a: Goodra|1\/100\n|-unboost|p2a: Goodra|spa|1\n|move|p2a: Goodra|Ice Beam|p1a: Cresselia\n|-damage|p1a: Cresselia|60\/100\n|\n|-heal|p1a: Cresselia|66\/100|[from] item: Leftovers\n|-heal|p2a: Goodra|7\/100|[from] item: Leftovers\n|-damage|p1a: Cresselia|54\/100|[from] Leech Seed|[of] p2a: Goodra\n|-heal|p2a: Goodra|25\/100|[silent]\n|upkeep\n|turn|34\n|\n|t:|1700604141\n|move|p1a: Cresselia|Moonblast|p2a: Goodra\n|-damage|p2a: Goodra|0 fnt\n|faint|p2a: Goodra\n|\n|-heal|p1a: Cresselia|60\/100|[from] item: Leftovers\n|upkeep\n|\n|t:|1700604143\n|switch|p2a: Chesnaught|Chesnaught, M|100\/100\n|turn|35\n|\n|t:|1700604149\n|move|p2a: Chesnaught|Spiky Shield|p2a: Chesnaught\n|-singleturn|p2a: Chesnaught|move: Protect\n|move|p1a: Cresselia|Moonlight|p1a: Cresselia\n|-heal|p1a: Cresselia|100\/100\n|\n|-damage|p1a: Cresselia|88\/100|[from] Leech Seed|[of] p2a: Chesnaught\n|upkeep\n|turn|36\n|\n|t:|1700604155\n|move|p1a: Cresselia|Stored Power|p2a: Chesnaught\n|-supereffective|p2a: Chesnaught\n|-damage|p2a: Chesnaught|0 fnt\n|faint|p2a: Chesnaught\n|\n|win|thetidleypeeps\n|raw|thetidleypeeps's rating: 1416 &rarr; <strong>1431<\/strong><br \/>(+15 for winning)\n|raw|Froslass_Trainer's rating: 1325 &rarr; <strong>1310<\/strong><br \/>(-15 for losing)\n|l|\u2606Froslass_Trainer\n","uploadtime":1700604168,"views":9,"p1id":"thetidleypeeps","p2id":"froslasstrainer","formatid":"gen9ou","rating":1310,"private":0,"password":""}