{"id":"gen9ou-1999994115","p1":"ultimatebeagle","p2":"MarioYlle","format":"[Gen 9] OU","log":"|j|\u2606ultimatebeagle\n|j|\u203dMarioYlle\n|t:|1701138836\n|gametype|singles\n|player|p1|ultimatebeagle|juliana-s|1106\n|player|p2|MarioYlle|169|1068\n|teamsize|p1|6\n|teamsize|p2|6\n|gen|9\n|tier|[Gen 9] OU\n|rated|\n|rule|Sleep Clause Mod: Limit one foe put to sleep\n|rule|Species Clause: Limit one of each Pok\u00e9mon\n|rule|OHKO Clause: OHKO moves are banned\n|rule|Evasion Items Clause: Evasion items are banned\n|rule|Evasion Moves Clause: Evasion moves are banned\n|rule|Endless Battle Clause: Forcing endless battles is banned\n|rule|HP Percentage Mod: HP is shown in percentages\n|clearpoke\n|poke|p1|Walking Wake|\n|poke|p1|Slither Wing|\n|poke|p1|Kingambit, M|\n|poke|p1|Hatterene, F|\n|poke|p1|Torkoal, M|\n|poke|p1|Brute Bonnet|\n|poke|p2|Cinderace, F|\n|poke|p2|Clefable, M|\n|poke|p2|Rillaboom, M|\n|poke|p2|Landorus-Therian, M|\n|poke|p2|Toxapex, M|\n|poke|p2|Greninja-*, M|\n|teampreview\n|\n|t:|1701138850\n|start\n|switch|p1a: Slither Wing|Slither Wing|100\/100\n|switch|p2a: Landorus|Landorus-Therian, M|100\/100\n|-ability|p2a: Landorus|Intimidate|boost\n|-unboost|p1a: Slither Wing|atk|1\n|turn|1\n|\n|t:|1701138873\n|-end|p1a: Slither Wing|Protosynthesis|[silent]\n|switch|p1a: Hatterene|Hatterene, F|100\/100\n|move|p2a: Landorus|Stealth Rock|p1a: Hatterene\n|move|p1a: Hatterene|Stealth Rock|p2a: Landorus|[from]ability: Magic Bounce\n|-sidestart|p2: MarioYlle|move: Stealth Rock\n|\n|upkeep\n|turn|2\n|\n|t:|1701138898\n|switch|p1a: Slither Wing|Slither Wing|100\/100\n|move|p2a: Landorus|U-turn|p1a: Slither Wing\n|-resisted|p1a: Slither Wing\n|-damage|p1a: Slither Wing|87\/100\n|\n|t:|1701138903\n|switch|p2a: Cinderace|Cinderace, F|100\/100|[from] U-turn\n|\n|upkeep\n|turn|3\n|\n|t:|1701138914\n|move|p1a: Slither Wing|Close Combat|p2a: Cinderace\n|-damage|p2a: Cinderace|7\/100\n|-unboost|p1a: Slither Wing|def|1\n|-unboost|p1a: Slither Wing|spd|1\n|move|p2a: Cinderace|Court Change|p2a: Cinderace\n|-start|p2a: Cinderace|typechange|Normal|[from] ability: Libero\n|-swapsideconditions\n|-activate|p2a: Cinderace|move: Court Change\n|\n|upkeep\n|turn|4\n|\n|t:|1701138942\n|switch|p2a: Clefable|Clefable, M|100\/100\n|move|p1a: Slither Wing|Close Combat|p2a: Clefable\n|-resisted|p2a: Clefable\n|-damage|p2a: Clefable|74\/100\n|-unboost|p1a: Slither Wing|def|1\n|-unboost|p1a: Slither Wing|spd|1\n|\n|-heal|p2a: Clefable|80\/100|[from] item: Leftovers\n|upkeep\n|turn|5\n|\n|t:|1701138969\n|-end|p1a: Slither Wing|Protosynthesis|[silent]\n|switch|p1a: Torkoal|Torkoal, M|100\/100\n|-damage|p1a: Torkoal|76\/100|[from] Stealth Rock\n|-weather|SunnyDay|[from] ability: Drought|[of] p1a: Torkoal\n|move|p2a: Clefable|Moonblast|p1a: Torkoal\n|-resisted|p1a: Torkoal\n|-damage|p1a: Torkoal|55\/100\n|-unboost|p1a: Torkoal|spa|1\n|\n|-weather|SunnyDay|[upkeep]\n|-heal|p2a: Clefable|86\/100|[from] item: Leftovers\n|upkeep\n|turn|6\n|\n|t:|1701138991\n|move|p2a: Clefable|Knock Off|p1a: Torkoal\n|-damage|p1a: Torkoal|45\/100\n|-enditem|p1a: Torkoal|Heat Rock|[from] move: Knock Off|[of] p2a: Clefable\n|move|p1a: Torkoal|Rapid Spin|p2a: Clefable\n|-damage|p2a: Clefable|79\/100\n|-boost|p1a: Torkoal|spe|1\n|-sideend|p1: ultimatebeagle|Stealth Rock|[from] move: Rapid Spin|[of] p1a: Torkoal\n|\n|-weather|SunnyDay|[upkeep]\n|-heal|p2a: Clefable|86\/100|[from] item: Leftovers\n|upkeep\n|turn|7\n|\n|t:|1701139009\n|move|p2a: Clefable|Moonblast|p1a: Torkoal\n|-resisted|p1a: Torkoal\n|-damage|p1a: Torkoal|24\/100\n|move|p1a: Torkoal|Yawn|p2a: Clefable\n|-start|p2a: Clefable|move: Yawn|[of] p1a: Torkoal\n|\n|-weather|SunnyDay|[upkeep]\n|-heal|p2a: Clefable|92\/100|[from] item: Leftovers\n|upkeep\n|turn|8\n|\n|t:|1701139030\n|switch|p2a: Toxapex|Toxapex, M|100\/100\n|switch|p1a: Kingambit|Kingambit, M|100\/100\n|\n|-weather|SunnyDay|[upkeep]\n|upkeep\n|turn|9\n|inactive|Battle timer is ON: inactive players will automatically lose when time's up. (requested by ultimatebeagle)\n|\n|t:|1701139060\n|-end|p1a: Kingambit|fallenundefined|[silent]\n|switch|p1a: Hatterene|Hatterene, F|100\/100\n|move|p2a: Toxapex|Haze|p2a: Toxapex\n|-clearallboost\n|\n|-weather|SunnyDay|[upkeep]\n|upkeep\n|turn|10\n|\n|t:|1701139084\n|switch|p2a: Clefable|Clefable, M|92\/100\n|move|p1a: Hatterene|Psychic|p2a: Clefable\n|-damage|p2a: Clefable|48\/100\n|\n|-weather|SunnyDay|[upkeep]\n|-heal|p2a: Clefable|54\/100|[from] item: Leftovers\n|upkeep\n|turn|11\n|\n|t:|1701139106\n|move|p2a: Clefable|Moonlight|p2a: Clefable\n|-heal|p2a: Clefable|100\/100\n|move|p1a: Hatterene|Draining Kiss|p2a: Clefable\n|-damage|p2a: Clefable|74\/100\n|\n|-weather|SunnyDay|[upkeep]\n|-heal|p2a: Clefable|80\/100|[from] item: Leftovers\n|upkeep\n|turn|12\n|\n|t:|1701139116\n|move|p2a: Clefable|Knock Off|p1a: Hatterene\n|-damage|p1a: Hatterene|87\/100\n|-enditem|p1a: Hatterene|Eject Button|[from] move: Knock Off|[of] p2a: Clefable\n|move|p1a: Hatterene|Psychic|p2a: Clefable\n|-damage|p2a: Clefable|36\/100\n|-unboost|p2a: Clefable|spd|1\n|\n|-weather|none\n|-heal|p2a: Clefable|42\/100|[from] item: Leftovers\n|upkeep\n|turn|13\n|inactive|MarioYlle has 120 seconds left.\n|\n|t:|1701139141\n|switch|p2a: Rillaboom|Rillaboom, M|100\/100\n|-fieldstart|move: Grassy Terrain|[from] ability: Grassy Surge|[of] p2a: Rillaboom\n|move|p1a: Hatterene|Draining Kiss|p2a: Rillaboom\n|-damage|p2a: Rillaboom|73\/100\n|-heal|p1a: Hatterene|100\/100|[from] drain|[of] p2a: Rillaboom\n|\n|-heal|p2a: Rillaboom|79\/100|[from] Grassy Terrain\n|upkeep\n|turn|14\n|inactive|MarioYlle has 120 seconds left.\n|\n|t:|1701139166\n|switch|p1a: Slither Wing|Slither Wing|87\/100\n|move|p2a: Rillaboom|U-turn|p1a: Slither Wing\n|-resisted|p1a: Slither Wing\n|-damage|p1a: Slither Wing|69\/100\n|\n|t:|1701139180\n|switch|p2a: Toxapex|Toxapex, M|100\/100|[from] U-turn\n|\n|-heal|p1a: Slither Wing|75\/100|[from] Grassy Terrain\n|upkeep\n|turn|15\n|\n|t:|1701139192\n|move|p1a: Slither Wing|U-turn|p2a: Toxapex\n|-resisted|p2a: Toxapex\n|-damage|p2a: Toxapex|87\/100\n|\n|t:|1701139200\n|-end|p1a: Slither Wing|Protosynthesis|[silent]\n|switch|p1a: Hatterene|Hatterene, F|100\/100|[from] U-turn\n|move|p2a: Toxapex|Surf|p1a: Hatterene\n|-damage|p1a: Hatterene|82\/100\n|\n|-heal|p1a: Hatterene|88\/100|[from] Grassy Terrain\n|-heal|p2a: Toxapex|93\/100|[from] Grassy Terrain\n|-heal|p2a: Toxapex|99\/100|[from] item: Leftovers\n|upkeep\n|turn|16\n|inactive|MarioYlle has 90 seconds left.\n|\n|t:|1701139228\n|switch|p2a: Landorus|Landorus-Therian, M|100\/100\n|-ability|p2a: Landorus|Intimidate|boost\n|-unboost|p1a: Hatterene|atk|1\n|move|p1a: Hatterene|Psychic|p2a: Landorus\n|-damage|p2a: Landorus|52\/100\n|\n|-heal|p1a: Hatterene|94\/100|[from] Grassy Terrain\n|upkeep\n|turn|17\n|inactive|MarioYlle has 90 seconds left.\n|\n|t:|1701139251\n|move|p2a: Landorus|U-turn|p1a: Hatterene\n|-damage|p1a: Hatterene|73\/100\n|\n|t:|1701139262\n|switch|p2a: Clefable|Clefable, M|42\/100|[from] U-turn\n|move|p1a: Hatterene|Draining Kiss|p2a: Clefable\n|-damage|p2a: Clefable|18\/100\n|-heal|p1a: Hatterene|95\/100|[from] drain|[of] p2a: Clefable\n|\n|-heal|p2a: Clefable|24\/100|[from] Grassy Terrain\n|-heal|p2a: Clefable|30\/100|[from] item: Leftovers\n|-heal|p1a: Hatterene|100\/100|[from] Grassy Terrain\n|upkeep\n|turn|18\n|\n|t:|1701139273\n|move|p2a: Clefable|Moonlight|p2a: Clefable\n|-heal|p2a: Clefable|80\/100\n|move|p1a: Hatterene|Psychic|p2a: Clefable\n|-damage|p2a: Clefable|36\/100\n|\n|-heal|p2a: Clefable|42\/100|[from] Grassy Terrain\n|-heal|p2a: Clefable|48\/100|[from] item: Leftovers\n|upkeep\n|turn|19\n|\n|t:|1701139282\n|move|p2a: Clefable|Moonlight|p2a: Clefable\n|-heal|p2a: Clefable|98\/100\n|move|p1a: Hatterene|Psychic|p2a: Clefable\n|-damage|p2a: Clefable|52\/100\n|\n|-heal|p2a: Clefable|58\/100|[from] Grassy Terrain\n|-heal|p2a: Clefable|64\/100|[from] item: Leftovers\n|upkeep\n|turn|20\n|\n|t:|1701139302\n|move|p2a: Clefable|Moonlight|p2a: Clefable\n|-heal|p2a: Clefable|100\/100\n|move|p1a: Hatterene|Draining Kiss|p2a: Clefable\n|-damage|p2a: Clefable|74\/100\n|\n|-heal|p2a: Clefable|80\/100|[from] Grassy Terrain\n|-heal|p2a: Clefable|87\/100|[from] item: Leftovers\n|-fieldend|move: Grassy Terrain\n|upkeep\n|turn|21\n|inactive|MarioYlle has 60 seconds left.\n|\n|t:|1701139343\n|switch|p2a: Landorus|Landorus-Therian, M|52\/100\n|-ability|p2a: Landorus|Intimidate|boost\n|-unboost|p1a: Hatterene|atk|1\n|move|p1a: Hatterene|Psychic|p2a: Landorus\n|-damage|p2a: Landorus|6\/100\n|\n|upkeep\n|turn|22\n|\n|t:|1701139357\n|move|p2a: Landorus|Earthquake|p1a: Hatterene\n|-damage|p1a: Hatterene|54\/100\n|move|p1a: Hatterene|Mystical Fire|p2a: Landorus\n|-damage|p2a: Landorus|0 fnt\n|faint|p2a: Landorus\n|\n|upkeep\n|inactive|MarioYlle has 30 seconds left.\n|\n|t:|1701139373\n|switch|p2a: Cinderace|Cinderace, F|7\/100\n|turn|23\n|inactive|MarioYlle has 30 seconds left.\n|\n|t:|1701139384\n|switch|p1a: Walking Wake|Walking Wake|100\/100\n|move|p2a: Cinderace|Pyro Ball|p1a: Walking Wake\n|-resisted|p1a: Walking Wake\n|-damage|p1a: Walking Wake|86\/100\n|-status|p1a: Walking Wake|brn\n|\n|-damage|p1a: Walking Wake|80\/100 brn|[from] brn\n|upkeep\n|turn|24\n|inactive|MarioYlle has 30 seconds left.\n|\n|t:|1701139400\n|move|p2a: Cinderace|U-turn|p1a: Walking Wake\n|-start|p2a: Cinderace|typechange|Bug|[from] ability: Libero\n|-damage|p1a: Walking Wake|44\/100 brn\n|inactive|MarioYlle has 30 seconds left this turn.\n|\n|t:|1701139406\n|switch|p2a: Toxapex|Toxapex, M|100\/100|[from] U-turn\n|move|p1a: Walking Wake|Hurricane|p2a: Toxapex\n|-damage|p2a: Toxapex|53\/100\n|\n|-heal|p2a: Toxapex|59\/100|[from] item: Leftovers\n|-damage|p1a: Walking Wake|37\/100 brn|[from] brn\n|upkeep\n|turn|25\n|inactive|MarioYlle has 30 seconds left.\n|\n|t:|1701139432\n|move|p1a: Walking Wake|Hurricane|p2a: Toxapex\n|-damage|p2a: Toxapex|17\/100\n|move|p2a: Toxapex|Recover|p2a: Toxapex\n|-heal|p2a: Toxapex|67\/100\n|\n|-heal|p2a: Toxapex|73\/100|[from] item: Leftovers\n|-damage|p1a: Walking Wake|31\/100 brn|[from] brn\n|upkeep\n|turn|26\n|\n|t:|1701139438\n|move|p1a: Walking Wake|Hurricane|p2a: Toxapex|[miss]\n|-miss|p1a: Walking Wake|p2a: Toxapex\n|move|p2a: Toxapex|Recover|p2a: Toxapex\n|-heal|p2a: Toxapex|100\/100\n|\n|-damage|p1a: Walking Wake|25\/100 brn|[from] brn\n|upkeep\n|turn|27\n|inactive|MarioYlle has 30 seconds left.\n|\n|t:|1701139464\n|-end|p1a: Walking Wake|Protosynthesis|[silent]\n|switch|p1a: Brute Bonnet|Brute Bonnet|100\/100\n|switch|p2a: Clefable|Clefable, M|87\/100\n|\n|-heal|p2a: Clefable|93\/100|[from] item: Leftovers\n|upkeep\n|turn|28\n|inactive|MarioYlle has 30 seconds left.\n|\n|t:|1701139476\n|move|p1a: Brute Bonnet|Bullet Seed|p2a: Clefable\n|-damage|p2a: Clefable|82\/100\n|-damage|p2a: Clefable|72\/100\n|-damage|p2a: Clefable|61\/100\n|-damage|p2a: Clefable|50\/100\n|-hitcount|p2a: Clefable|4\n|move|p2a: Clefable|Stealth Rock|p1a: Brute Bonnet\n|-sidestart|p1: ultimatebeagle|move: Stealth Rock\n|\n|-heal|p2a: Clefable|56\/100|[from] item: Leftovers\n|upkeep\n|turn|29\n|inactive|MarioYlle has 30 seconds left.\n|inactive|ultimatebeagle has 120 seconds left.\n|\n|t:|1701139496\n|move|p1a: Brute Bonnet|Bullet Seed|p2a: Clefable\n|-damage|p2a: Clefable|45\/100\n|-damage|p2a: Clefable|33\/100\n|-damage|p2a: Clefable|23\/100\n|-damage|p2a: Clefable|10\/100\n|-damage|p2a: Clefable|0 fnt\n|faint|p2a: Clefable\n|-hitcount|p2: Clefable|5\n|\n|upkeep\n|inactive|MarioYlle has 30 seconds left.\n|inactive|MarioYlle has 20 seconds left.\n|\n|t:|1701139514\n|switch|p2a: Cinderace|Cinderace, F|7\/100\n|turn|30\n|inactive|MarioYlle has 30 seconds left this turn.\n|\n|t:|1701139518\n|move|p1a: Brute Bonnet|Sucker Punch|p2a: Cinderace\n|-damage|p2a: Cinderace|0 fnt\n|faint|p2a: Cinderace\n|\n|upkeep\n|inactive|MarioYlle has 30 seconds left.\n|\n|t:|1701139530\n|switch|p2a: Rillaboom|Rillaboom, M|79\/100\n|-fieldstart|move: Grassy Terrain|[from] ability: Grassy Surge|[of] p2a: Rillaboom\n|turn|31\n|inactive|MarioYlle has 30 seconds left.\n|\n|t:|1701139540\n|-end|p1a: Brute Bonnet|Protosynthesis|[silent]\n|switch|p1a: Torkoal|Torkoal, M|24\/100\n|-damage|p1a: Torkoal|0 fnt|[from] Stealth Rock\n|faint|p1a: Torkoal\n|move|p2a: Rillaboom|Drain Punch|p1: Torkoal|[notarget]\n|-fail|p2a: Rillaboom\n|\n|-heal|p2a: Rillaboom|85\/100|[from] Grassy Terrain\n|upkeep\n|inactive|MarioYlle has 30 seconds left this turn.\n|\n|t:|1701139548\n|switch|p1a: Slither Wing|Slither Wing|75\/100\n|-damage|p1a: Slither Wing|63\/100|[from] Stealth Rock\n|turn|32\n|inactive|MarioYlle has 30 seconds left.\n|\n|t:|1701139558\n|switch|p2a: Toxapex|Toxapex, M|100\/100\n|move|p1a: Slither Wing|U-turn|p2a: Toxapex\n|-resisted|p2a: Toxapex\n|-damage|p2a: Toxapex|89\/100\n|\n|t:|1701139571\n|-end|p1a: Slither Wing|Protosynthesis|[silent]\n|switch|p1a: Hatterene|Hatterene, F|54\/100|[from] U-turn\n|-damage|p1a: Hatterene|42\/100|[from] Stealth Rock\n|\n|-heal|p1a: Hatterene|48\/100|[from] Grassy Terrain\n|-heal|p2a: Toxapex|95\/100|[from] Grassy Terrain\n|-heal|p2a: Toxapex|100\/100|[from] item: Leftovers\n|upkeep\n|turn|33\n|inactive|MarioYlle has 30 seconds left.\n|\n|t:|1701139587\n|switch|p2a: Greninja|Greninja, M|100\/100\n|move|p1a: Hatterene|Draining Kiss|p2a: Greninja\n|-supereffective|p2a: Greninja\n|-damage|p2a: Greninja|12\/100\n|-heal|p1a: Hatterene|100\/100|[from] drain|[of] p2a: Greninja\n|\n|-heal|p2a: Greninja|18\/100|[from] Grassy Terrain\n|upkeep\n|turn|34\n|inactive|MarioYlle has 30 seconds left.\n|c|\u2606ultimatebeagle|GG:)\n|\n|t:|1701139600\n|move|p2a: Greninja|Grass Knot|p1a: Hatterene\n|-damage|p1a: Hatterene|91\/100\n|-damage|p2a: Greninja|8\/100|[from] item: Life Orb\n|move|p1a: Hatterene|Draining Kiss|p2a: Greninja\n|-supereffective|p2a: Greninja\n|-damage|p2a: Greninja|0 fnt\n|-heal|p1a: Hatterene|96\/100|[from] drain|[of] p2a: Greninja\n|faint|p2a: Greninja\n|\n|-heal|p1a: Hatterene|100\/100|[from] Grassy Terrain\n|upkeep\n|inactive|MarioYlle has 30 seconds left.\n|\n|t:|1701139610\n|switch|p2a: Rillaboom|Rillaboom, M|85\/100\n|turn|35\n|\n|t:|1701139620\n|switch|p1a: Walking Wake|Walking Wake|25\/100 brn\n|-damage|p1a: Walking Wake|13\/100 brn|[from] Stealth Rock\n|move|p2a: Rillaboom|Drum Beating|p1a: Walking Wake\n|-damage|p1a: Walking Wake|0 fnt\n|faint|p1a: Walking Wake\n|-end|p1a: Walking Wake|Protosynthesis|[silent]\n|\n|-heal|p2a: Rillaboom|91\/100|[from] Grassy Terrain\n|upkeep\n|\n|t:|1701139623\n|switch|p1a: Slither Wing|Slither Wing|63\/100\n|-damage|p1a: Slither Wing|51\/100|[from] Stealth Rock\n|turn|36\n|\n|t:|1701139637\n|switch|p2a: Toxapex|Toxapex, M|100\/100\n|move|p1a: Slither Wing|U-turn|p2a: Toxapex\n|-resisted|p2a: Toxapex\n|-damage|p2a: Toxapex|88\/100\n|\n|t:|1701139639\n|-end|p1a: Slither Wing|Protosynthesis|[silent]\n|switch|p1a: Hatterene|Hatterene, F|100\/100|[from] U-turn\n|-damage|p1a: Hatterene|88\/100|[from] Stealth Rock\n|\n|-heal|p1a: Hatterene|94\/100|[from] Grassy Terrain\n|-heal|p2a: Toxapex|94\/100|[from] Grassy Terrain\n|-heal|p2a: Toxapex|99\/100|[from] item: Leftovers\n|upkeep\n|turn|37\n|\n|t:|1701139660\n|move|p1a: Hatterene|Psychic|p2a: Toxapex\n|-supereffective|p2a: Toxapex\n|-damage|p2a: Toxapex|28\/100\n|move|p2a: Toxapex|Surf|p1a: Hatterene\n|-damage|p1a: Hatterene|75\/100\n|\n|-heal|p1a: Hatterene|81\/100|[from] Grassy Terrain\n|-heal|p2a: Toxapex|35\/100|[from] Grassy Terrain\n|-heal|p2a: Toxapex|41\/100|[from] item: Leftovers\n|upkeep\n|turn|38\n|\n|t:|1701139666\n|move|p1a: Hatterene|Psychic|p2a: Toxapex\n|-supereffective|p2a: Toxapex\n|-crit|p2a: Toxapex\n|-damage|p2a: Toxapex|0 fnt\n|faint|p2a: Toxapex\n|\n|-heal|p1a: Hatterene|87\/100|[from] Grassy Terrain\n|-fieldend|move: Grassy Terrain\n|upkeep\n|\n|t:|1701139670\n|switch|p2a: Rillaboom|Rillaboom, M|91\/100\n|-fieldstart|move: Grassy Terrain|[from] ability: Grassy Surge|[of] p2a: Rillaboom\n|turn|39\n|\n|t:|1701139677\n|move|p2a: Rillaboom|Drum Beating|p1a: Hatterene\n|-damage|p1a: Hatterene|29\/100\n|-unboost|p1a: Hatterene|spe|1\n|move|p1a: Hatterene|Mystical Fire|p2a: Rillaboom\n|-supereffective|p2a: Rillaboom\n|-damage|p2a: Rillaboom|30\/100\n|-unboost|p2a: Rillaboom|spa|1\n|\n|-heal|p2a: Rillaboom|36\/100|[from] Grassy Terrain\n|-heal|p1a: Hatterene|35\/100|[from] Grassy Terrain\n|upkeep\n|turn|40\n|inactive|MarioYlle has 60 seconds left.\n|\n|t:|1701139687\n|move|p2a: Rillaboom|Drum Beating|p1a: Hatterene\n|-damage|p1a: Hatterene|0 fnt\n|faint|p1a: Hatterene\n|\n|-heal|p2a: Rillaboom|42\/100|[from] Grassy Terrain\n|upkeep\n|\n|t:|1701139689\n|switch|p1a: Slither Wing|Slither Wing|51\/100\n|-damage|p1a: Slither Wing|39\/100|[from] Stealth Rock\n|turn|41\n|inactive|MarioYlle has 60 seconds left.\n|\n|t:|1701139707\n|move|p1a: Slither Wing|First Impression|p2a: Rillaboom\n|-supereffective|p2a: Rillaboom\n|-damage|p2a: Rillaboom|0 fnt\n|faint|p2a: Rillaboom\n|\n|win|ultimatebeagle\n|raw|ultimatebeagle's rating: 1106 &rarr; <strong>1128<\/strong><br \/>(+22 for winning)\n|raw|MarioYlle's rating: 1068 &rarr; <strong>1050<\/strong><br \/>(-18 for losing)\n|c|\u2606ultimatebeagle|:)\n|l|\u203dMarioYlle\n","uploadtime":1701139723,"views":2,"p1id":"ultimatebeagle","p2id":"marioylle","formatid":"gen9ou","rating":1050,"private":0,"password":""}