{"id":"gen9ou-1991010986","p1":"Sh0lopE3","p2":"PokeFan1748","format":"[Gen 9] OU","log":"|j|\u2606Sh0lopE3\n|j|\u2606PokeFan1748\n|t:|1700027559\n|gametype|singles\n|player|p1|Sh0lopE3|aromalady|1396\n|player|p2|PokeFan1748|102|1388\n|teamsize|p1|6\n|teamsize|p2|6\n|gen|9\n|tier|[Gen 9] OU\n|rated|\n|rule|Sleep Clause Mod: Limit one foe put to sleep\n|rule|Species Clause: Limit one of each Pok\u00e9mon\n|rule|OHKO Clause: OHKO moves are banned\n|rule|Evasion Items Clause: Evasion items are banned\n|rule|Evasion Moves Clause: Evasion moves are banned\n|rule|Endless Battle Clause: Forcing endless battles is banned\n|rule|HP Percentage Mod: HP is shown in percentages\n|clearpoke\n|poke|p1|Landorus-Therian, M|\n|poke|p1|Iron Moth|\n|poke|p1|Slowking-Galar, M|\n|poke|p1|Ogerpon-Cornerstone, F|\n|poke|p1|Mandibuzz, F|\n|poke|p1|Gholdengo|\n|poke|p2|Alomomola, F|\n|poke|p2|Slowking-Galar, F|\n|poke|p2|Kingambit, F|\n|poke|p2|Great Tusk|\n|poke|p2|Cinderace, F|\n|poke|p2|Thundurus-Therian, M|\n|teampreview\n|\n|t:|1700027575\n|start\n|switch|p1a: NEVER LANDOVER|Landorus-Therian, M|100\/100\n|switch|p2a: Great Tusk|Great Tusk|100\/100\n|-ability|p1a: NEVER LANDOVER|Intimidate|boost\n|-unboost|p2a: Great Tusk|atk|1\n|turn|1\n|\n|t:|1700027604\n|-terastallize|p2a: Great Tusk|Dragon\n|move|p1a: NEVER LANDOVER|U-turn|p2a: Great Tusk\n|-damage|p2a: Great Tusk|81\/100\n|-damage|p1a: NEVER LANDOVER|84\/100|[from] item: Rocky Helmet|[of] p2a: Great Tusk\n|\n|t:|1700027618\n|switch|p1a: Mandibuzz|Mandibuzz, F|100\/100|[from] U-turn\n|move|p2a: Great Tusk|Ice Spinner|p1a: Mandibuzz\n|-supereffective|p1a: Mandibuzz\n|-damage|p1a: Mandibuzz|80\/100\n|\n|upkeep\n|turn|2\n|\n|t:|1700027636\n|-end|p2a: Great Tusk|Protosynthesis|[silent]\n|switch|p2a: Slowking|Slowking-Galar, F|100\/100\n|move|p1a: Mandibuzz|Toxic|p2a: Slowking\n|-immune|p2a: Slowking\n|\n|upkeep\n|turn|3\n|\n|t:|1700027644\n|switch|p1a: Gholdengo|Gholdengo|100\/100\n|move|p2a: Slowking|Future Sight|p1a: Gholdengo\n|-start|p2a: Slowking|move: Future Sight\n|\n|upkeep\n|turn|4\n|\n|t:|1700027650\n|move|p1a: Gholdengo|Thunder Wave|p2a: Slowking\n|-status|p2a: Slowking|par\n|move|p2a: Slowking|Chilly Reception|p2a: Slowking\n|-weather|Snow\n|\n|t:|1700027663\n|switch|p2a: Cinderace|Cinderace, F|100\/100|[from] Chilly Reception\n|\n|-weather|Snow|[upkeep]\n|upkeep\n|turn|5\n|\n|t:|1700027687\n|switch|p1a: Mandibuzz|Mandibuzz, F|80\/100\n|move|p2a: Cinderace|Pyro Ball|p1a: Mandibuzz\n|-damage|p1a: Mandibuzz|46\/100\n|\n|-weather|Snow|[upkeep]\n|-end|p1a: Mandibuzz|move: Future Sight\n|-immune|p1a: Mandibuzz\n|upkeep\n|turn|6\n|\n|t:|1700027701\n|move|p2a: Cinderace|U-turn|p1a: Mandibuzz\n|-start|p2a: Cinderace|typechange|Bug|[from] ability: Libero\n|-damage|p1a: Mandibuzz|26\/100\n|\n|t:|1700027713\n|switch|p2a: Thundurus|Thundurus-Therian, M|100\/100|[from] U-turn\n|move|p1a: Mandibuzz|Roost|p1a: Mandibuzz\n|-heal|p1a: Mandibuzz|76\/100\n|-singleturn|p1a: Mandibuzz|move: Roost\n|\n|-weather|Snow|[upkeep]\n|upkeep\n|turn|7\n|\n|t:|1700027732\n|switch|p1a: Ogerpon|Ogerpon-Cornerstone, F|100\/100\n|move|p2a: Thundurus|Volt Switch|p1a: Ogerpon\n|-resisted|p1a: Ogerpon\n|-damage|p1a: Ogerpon|67\/100\n|\n|t:|1700027745\n|switch|p2a: Great Tusk|Great Tusk, tera:Dragon|81\/100|[from] Volt Switch\n|\n|-weather|Snow|[upkeep]\n|upkeep\n|turn|8\n|\n|t:|1700027760\n|switch|p1a: Mandibuzz|Mandibuzz, F|76\/100\n|move|p2a: Great Tusk|Headlong Rush|p1a: Mandibuzz\n|-immune|p1a: Mandibuzz\n|\n|-weather|none\n|upkeep\n|turn|9\n|\n|t:|1700027771\n|move|p2a: Great Tusk|Stealth Rock|p1a: Mandibuzz\n|-sidestart|p1: Sh0lopE3|move: Stealth Rock\n|move|p1a: Mandibuzz|Foul Play|p2a: Great Tusk\n|-damage|p2a: Great Tusk|41\/100\n|-damage|p1a: Mandibuzz|60\/100|[from] item: Rocky Helmet|[of] p2a: Great Tusk\n|\n|upkeep\n|turn|10\n|\n|t:|1700027794\n|-end|p2a: Great Tusk|Protosynthesis|[silent]\n|switch|p2a: Kingambit|Kingambit, F|100\/100\n|move|p1a: Mandibuzz|Roost|p1a: Mandibuzz\n|-heal|p1a: Mandibuzz|100\/100\n|-singleturn|p1a: Mandibuzz|move: Roost\n|\n|upkeep\n|turn|11\n|\n|t:|1700027802\n|move|p1a: Mandibuzz|Defog|p2a: Kingambit\n|-unboost|p2a: Kingambit|evasion|1\n|-sideend|p1: Sh0lopE3|Stealth Rock|[from] move: Defog|[of] p1a: Mandibuzz\n|move|p2a: Kingambit|Swords Dance|p2a: Kingambit\n|-boost|p2a: Kingambit|atk|2\n|\n|upkeep\n|turn|12\n|\n|t:|1700027820\n|switch|p1a: Gholdengo|Gholdengo|100\/100\n|move|p2a: Kingambit|Iron Head|p1a: Gholdengo\n|-resisted|p1a: Gholdengo\n|-damage|p1a: Gholdengo|62\/100\n|\n|-heal|p1a: Gholdengo|68\/100|[from] item: Leftovers\n|upkeep\n|turn|13\n|\n|t:|1700027843\n|move|p1a: Gholdengo|Thunder Wave|p2a: Kingambit\n|-status|p2a: Kingambit|par\n|move|p2a: Kingambit|Kowtow Cleave|p1a: Gholdengo\n|-supereffective|p1a: Gholdengo\n|-damage|p1a: Gholdengo|0 fnt\n|faint|p1a: Gholdengo\n|\n|upkeep\n|\n|t:|1700027849\n|switch|p1a: Iron Moth|Iron Moth|100\/100\n|-enditem|p1a: Iron Moth|Booster Energy\n|-activate|p1a: Iron Moth|ability: Quark Drive|[fromitem]\n|-start|p1a: Iron Moth|quarkdrivespe\n|turn|14\n|\n|t:|1700027862\n|move|p1a: Iron Moth|Substitute|p1a: Iron Moth\n|-start|p1a: Iron Moth|Substitute\n|-damage|p1a: Iron Moth|76\/100\n|move|p2a: Kingambit|Kowtow Cleave|p1a: Iron Moth\n|-end|p1a: Iron Moth|Substitute\n|\n|upkeep\n|turn|15\n|\n|t:|1700027872\n|move|p1a: Iron Moth|Substitute|p1a: Iron Moth\n|-start|p1a: Iron Moth|Substitute\n|-damage|p1a: Iron Moth|51\/100\n|move|p2a: Kingambit|Kowtow Cleave|p1a: Iron Moth\n|-end|p1a: Iron Moth|Substitute\n|\n|upkeep\n|turn|16\n|\n|t:|1700027880\n|move|p1a: Iron Moth|Fiery Dance|p2a: Kingambit\n|-supereffective|p2a: Kingambit\n|-damage|p2a: Kingambit|22\/100 par\n|move|p2a: Kingambit|Kowtow Cleave|p1a: Iron Moth\n|-damage|p1a: Iron Moth|0 fnt\n|faint|p1a: Iron Moth\n|-end|p1a: Iron Moth|Quark Drive|[silent]\n|\n|-heal|p2a: Kingambit|28\/100 par|[from] item: Leftovers\n|upkeep\n|\n|t:|1700027889\n|switch|p1a: Mandibuzz|Mandibuzz, F|100\/100\n|turn|17\n|\n|t:|1700027930\n|-end|p2a: Kingambit|fallenundefined|[silent]\n|switch|p2a: Cinderace|Cinderace, F|100\/100\n|move|p1a: Mandibuzz|Foul Play|p2a: Cinderace\n|-damage|p2a: Cinderace|29\/100\n|\n|upkeep\n|turn|18\n|\n|t:|1700027938\n|move|p2a: Cinderace|U-turn|p1a: Mandibuzz\n|-start|p2a: Cinderace|typechange|Bug|[from] ability: Libero\n|-damage|p1a: Mandibuzz|79\/100\n|\n|t:|1700027948\n|switch|p2a: Slowking|Slowking-Galar, F|100\/100 par|[from] U-turn\n|move|p1a: Mandibuzz|Foul Play|p2a: Slowking\n|-supereffective|p2a: Slowking\n|-damage|p2a: Slowking|63\/100 par\n|\n|upkeep\n|turn|19\n|\n|t:|1700027962\n|switch|p1a: Slowking|Slowking-Galar, M|100\/100\n|move|p2a: Slowking|Ice Beam|p1a: Slowking\n|-damage|p1a: Slowking|88\/100\n|\n|upkeep\n|turn|20\n|\n|t:|1700027980\n|move|p1a: Slowking|Future Sight|p2a: Slowking\n|-start|p1a: Slowking|move: Future Sight\n|cant|p2a: Slowking|par\n|\n|upkeep\n|turn|21\n|\n|t:|1700027988\n|switch|p1a: Mandibuzz|Mandibuzz, F|79\/100\n|move|p2a: Slowking|Chilly Reception|p2a: Slowking\n|-weather|Snow\n|\n|t:|1700027995\n|switch|p2a: Kingambit|Kingambit, F|28\/100 par|[from] Chilly Reception\n|\n|-weather|Snow|[upkeep]\n|-heal|p2a: Kingambit|35\/100 par|[from] item: Leftovers\n|upkeep\n|turn|22\n|\n|t:|1700028002\n|move|p1a: Mandibuzz|Foul Play|p2a: Kingambit\n|-resisted|p2a: Kingambit\n|-damage|p2a: Kingambit|14\/100 par\n|move|p2a: Kingambit|Iron Head|p1a: Mandibuzz\n|-damage|p1a: Mandibuzz|48\/100\n|\n|-weather|Snow|[upkeep]\n|-end|p2a: Kingambit|move: Future Sight\n|-immune|p2a: Kingambit\n|-heal|p2a: Kingambit|20\/100 par|[from] item: Leftovers\n|upkeep\n|turn|23\n|\n|t:|1700028013\n|-end|p2a: Kingambit|fallenundefined|[silent]\n|switch|p2a: Slowking|Slowking-Galar, F|97\/100 par\n|move|p1a: Mandibuzz|Roost|p1a: Mandibuzz\n|-heal|p1a: Mandibuzz|98\/100\n|-singleturn|p1a: Mandibuzz|move: Roost\n|\n|-weather|Snow|[upkeep]\n|upkeep\n|turn|24\n|\n|t:|1700028021\n|switch|p1a: Slowking|Slowking-Galar, M|100\/100\n|move|p2a: Slowking|Chilly Reception|p2a: Slowking\n|\n|t:|1700028056\n|switch|p2a: Thundurus|Thundurus-Therian, M|100\/100|[from] Chilly Reception\n|\n|-weather|Snow|[upkeep]\n|upkeep\n|turn|25\n|\n|t:|1700028066\n|move|p2a: Thundurus|Knock Off|p1a: Slowking\n|-supereffective|p1a: Slowking\n|-damage|p1a: Slowking|53\/100\n|-enditem|p1a: Slowking|Heavy-Duty Boots|[from] move: Knock Off|[of] p2a: Thundurus\n|move|p1a: Slowking|Chilly Reception|p1a: Slowking\n|\n|t:|1700028075\n|switch|p1a: Ogerpon|Ogerpon-Cornerstone, F|67\/100|[from] Chilly Reception\n|\n|-weather|none\n|upkeep\n|turn|26\n|\n|t:|1700028098\n|switch|p2a: Alomomola|Alomomola, F|100\/100\n|move|p1a: Ogerpon|Trailblaze|p2a: Alomomola\n|-supereffective|p2a: Alomomola\n|-crit|p2a: Alomomola\n|-damage|p2a: Alomomola|44\/100\n|-boost|p1a: Ogerpon|spe|1\n|-enditem|p2a: Alomomola|Red Card|[of] p1a: Ogerpon\n|drag|p1a: Slowking|Slowking-Galar, M|87\/100\n|\n|upkeep\n|turn|27\n|\n|t:|1700028111\n|move|p2a: Alomomola|Wish|p2a: Alomomola\n|move|p1a: Slowking|Sludge Bomb|p2a: Alomomola\n|-damage|p2a: Alomomola|11\/100\n|\n|upkeep\n|turn|28\n|\n|t:|1700028118\n|move|p2a: Alomomola|Flip Turn|p1a: Slowking\n|-damage|p1a: Slowking|70\/100\n|\n|t:|1700028129\n|switch|p2a: Great Tusk|Great Tusk, tera:Dragon|41\/100|[from] Flip Turn\n|move|p1a: Slowking|Chilly Reception|p1a: Slowking\n|-weather|Snow\n|\n|t:|1700028133\n|switch|p1a: Mandibuzz|Mandibuzz, F|98\/100|[from] Chilly Reception\n|\n|-weather|Snow|[upkeep]\n|-heal|p2a: Great Tusk|100\/100|[from] move: Wish|[wisher] Alomomola\n|upkeep\n|turn|29\n|\n|t:|1700028143\n|move|p2a: Great Tusk|Stealth Rock|p1a: Mandibuzz\n|-sidestart|p1: Sh0lopE3|move: Stealth Rock\n|move|p1a: Mandibuzz|Toxic|p2a: Great Tusk\n|-status|p2a: Great Tusk|tox\n|\n|-weather|Snow|[upkeep]\n|-damage|p2a: Great Tusk|94\/100 tox|[from] psn\n|upkeep\n|turn|30\n|\n|t:|1700028157\n|move|p2a: Great Tusk|Ice Spinner|p1a: Mandibuzz\n|-supereffective|p1a: Mandibuzz\n|-damage|p1a: Mandibuzz|67\/100\n|move|p1a: Mandibuzz|Defog|p2a: Great Tusk\n|-unboost|p2a: Great Tusk|evasion|1\n|-sideend|p1: Sh0lopE3|Stealth Rock|[from] move: Defog|[of] p1a: Mandibuzz\n|\n|-weather|Snow|[upkeep]\n|-damage|p2a: Great Tusk|82\/100 tox|[from] psn\n|upkeep\n|turn|31\n|\n|t:|1700028166\n|move|p2a: Great Tusk|Stealth Rock|p1a: Mandibuzz\n|-sidestart|p1: Sh0lopE3|move: Stealth Rock\n|move|p1a: Mandibuzz|Roost|p1a: Mandibuzz\n|-heal|p1a: Mandibuzz|100\/100\n|-singleturn|p1a: Mandibuzz|move: Roost\n|\n|-weather|Snow|[upkeep]\n|-damage|p2a: Great Tusk|63\/100 tox|[from] psn\n|upkeep\n|turn|32\n|\n|t:|1700028173\n|-end|p2a: Great Tusk|Protosynthesis|[silent]\n|switch|p2a: Thundurus|Thundurus-Therian, M|100\/100\n|move|p1a: Mandibuzz|Defog|p2a: Thundurus\n|-unboost|p2a: Thundurus|evasion|1\n|-sideend|p1: Sh0lopE3|Stealth Rock|[from] move: Defog|[of] p1a: Mandibuzz\n|\n|-weather|none\n|upkeep\n|turn|33\n|\n|t:|1700028195\n|switch|p1a: Slowking|Slowking-Galar, M|100\/100\n|move|p2a: Thundurus|Volt Switch|p1a: Slowking\n|-damage|p1a: Slowking|63\/100\n|\n|t:|1700028210\n|switch|p2a: Cinderace|Cinderace, F|29\/100|[from] Volt Switch\n|\n|upkeep\n|turn|34\n|\n|t:|1700028218\n|move|p2a: Cinderace|Pyro Ball|p1a: Slowking\n|-damage|p1a: Slowking|6\/100\n|-status|p1a: Slowking|brn\n|move|p1a: Slowking|Chilly Reception|p1a: Slowking\n|-weather|Snow\n|\n|t:|1700028224\n|switch|p1a: NEVER LANDOVER|Landorus-Therian, M|84\/100|[from] Chilly Reception\n|-ability|p1a: NEVER LANDOVER|Intimidate|boost\n|-unboost|p2a: Cinderace|atk|1\n|\n|-weather|Snow|[upkeep]\n|upkeep\n|turn|35\n|\n|t:|1700028245\n|move|p1a: NEVER LANDOVER|Earthquake|p2a: Cinderace\n|-supereffective|p2a: Cinderace\n|-damage|p2a: Cinderace|0 fnt\n|faint|p2a: Cinderace\n|\n|-weather|Snow|[upkeep]\n|upkeep\n|\n|t:|1700028274\n|switch|p2a: Thundurus|Thundurus-Therian, M|100\/100\n|turn|36\n|\n|t:|1700028281\n|switch|p1a: Slowking|Slowking-Galar, M|39\/100 brn\n|move|p2a: Thundurus|Volt Switch|p1a: Slowking\n|-damage|p1a: Slowking|7\/100 brn\n|\n|t:|1700028290\n|switch|p2a: Alomomola|Alomomola, F|44\/100|[from] Volt Switch\n|\n|-weather|Snow|[upkeep]\n|-damage|p1a: Slowking|1\/100 brn|[from] brn\n|upkeep\n|turn|37\n|\n|t:|1700028307\n|switch|p1a: Ogerpon|Ogerpon-Cornerstone, F|67\/100\n|move|p2a: Alomomola|Wish|p2a: Alomomola\n|\n|-weather|Snow|[upkeep]\n|upkeep\n|turn|38\n|\n|t:|1700028336\n|switch|p2a: Great Tusk|Great Tusk, tera:Dragon|63\/100 tox\n|move|p1a: Ogerpon|Swords Dance|p1a: Ogerpon\n|-boost|p1a: Ogerpon|atk|2\n|\n|-weather|none\n|-heal|p2a: Great Tusk|100\/100 tox|[from] move: Wish|[wisher] Alomomola\n|-damage|p2a: Great Tusk|94\/100 tox|[from] psn\n|upkeep\n|turn|39\n|\n|t:|1700028348\n|-terastallize|p1a: Ogerpon|Rock\n|detailschange|p1a: Ogerpon|Ogerpon-Cornerstone-Tera, F, tera:Rock\n|-ability|p1a: Ogerpon|Embody Aspect (Cornerstone)|boost\n|-boost|p1a: Ogerpon|def|1\n|move|p1a: Ogerpon|Ivy Cudgel|p2a: Great Tusk|[anim] Ivy Cudgel Rock\n|-damage|p2a: Great Tusk|0 fnt\n|faint|p2a: Great Tusk\n|-end|p2a: Great Tusk|Protosynthesis|[silent]\n|\n|upkeep\n|\n|t:|1700028367\n|switch|p2a: Alomomola|Alomomola, F|78\/100\n|turn|40\n|\n|t:|1700028374\n|move|p1a: Ogerpon|Ivy Cudgel|p2a: Alomomola|[anim] Ivy Cudgel Rock\n|-damage|p2a: Alomomola|0 fnt\n|faint|p2a: Alomomola\n|\n|upkeep\n|\n|t:|1700028386\n|switch|p2a: Kingambit|Kingambit, F|20\/100 par\n|-activate|p2a: Kingambit|ability: Supreme Overlord\n|-start|p2a: Kingambit|fallen3|[silent]\n|turn|41\n|\n|t:|1700028391\n|move|p2a: Kingambit|Sucker Punch|p1a: Ogerpon\n|-damage|p1a: Ogerpon|17\/100\n|move|p1a: Ogerpon|Ivy Cudgel|p2a: Kingambit|[anim] Ivy Cudgel Rock\n|-resisted|p2a: Kingambit\n|-damage|p2a: Kingambit|0 fnt\n|faint|p2a: Kingambit\n|-end|p2a: Kingambit|fallen3|[silent]\n|\n|upkeep\n|c|\u2606Sh0lopE3|gg\n|\n|t:|1700028399\n|switch|p2a: Thundurus|Thundurus-Therian, M|100\/100\n|turn|42\n|\n|t:|1700028405\n|move|p1a: Ogerpon|Ivy Cudgel|p2a: Thundurus|[anim] Ivy Cudgel Rock\n|-supereffective|p2a: Thundurus\n|-damage|p2a: Thundurus|0 fnt\n|faint|p2a: Thundurus\n|\n|upkeep\n|-message|PokeFan1748 forfeited.\n|\n|win|Sh0lopE3\n|raw|Sh0lopE3's rating: 1396 &rarr; <strong>1416<\/strong><br \/>(+20 for winning)\n|raw|PokeFan1748's rating: 1388 &rarr; <strong>1368<\/strong><br \/>(-20 for losing)\n|l|\u2606PokeFan1748\n","uploadtime":1700028416,"views":6,"p1id":"sh0lope3","p2id":"pokefan1748","formatid":"gen9ou","rating":1368,"private":0,"password":""}