{"id":"gen9ou-1990622487","p1":"SickestPlaya","p2":"low ladder leg","format":"[Gen 9] OU","log":"|j|\u2606SickestPlaya\n|j|\u2606low ladder leg\n|t:|1699986496\n|gametype|singles\n|player|p1|SickestPlaya|benga|1528\n|player|p2|low ladder leg|ballguy|1524\n|teamsize|p1|6\n|teamsize|p2|6\n|gen|9\n|tier|[Gen 9] OU\n|rated|\n|rule|Sleep Clause Mod: Limit one foe put to sleep\n|rule|Species Clause: Limit one of each Pok\u00e9mon\n|rule|OHKO Clause: OHKO moves are banned\n|rule|Evasion Items Clause: Evasion items are banned\n|rule|Evasion Moves Clause: Evasion moves are banned\n|rule|Endless Battle Clause: Forcing endless battles is banned\n|rule|HP Percentage Mod: HP is shown in percentages\n|clearpoke\n|poke|p1|Ting-Lu|\n|poke|p1|Zapdos|\n|poke|p1|Great Tusk|\n|poke|p1|Iron Valiant|\n|poke|p1|Gholdengo|\n|poke|p1|Iron Moth|\n|poke|p2|Rillaboom, F|\n|poke|p2|Sneasler, M|\n|poke|p2|Heatran, F|\n|poke|p2|Hatterene, F|\n|poke|p2|Bellibolt, F|\n|poke|p2|Great Tusk|\n|teampreview\n|inactive|Battle timer is ON: inactive players will automatically lose when time's up. (requested by SickestPlaya)\n|c|\u2606SickestPlaya|BELLIBOLT?!\n|c|\u2606SickestPlaya|You're about to fry me I fear\n|inactive|SickestPlaya has 120 seconds left.\n|\n|t:|1699986547\n|start\n|switch|p1a: Zapdos|Zapdos|100\/100\n|switch|p2a: Bellibolt|Bellibolt, F|100\/100\n|turn|1\n|\n|t:|1699986556\n|switch|p1a: Ting-Lu|Ting-Lu|100\/100\n|-ability|p1a: Ting-Lu|Vessel of Ruin\n|move|p2a: Bellibolt|Toxic|p1a: Ting-Lu\n|-status|p1a: Ting-Lu|tox\n|\n|-damage|p1a: Ting-Lu|94\/100 tox|[from] psn\n|upkeep\n|turn|2\n|\n|t:|1699986566\n|switch|p2a: Rillaboom|Rillaboom, F|100\/100\n|-fieldstart|move: Grassy Terrain|[from] ability: Grassy Surge|[of] p2a: Rillaboom\n|move|p1a: Ting-Lu|Ruination|p2a: Rillaboom\n|-damage|p2a: Rillaboom|50\/100\n|\n|-heal|p2a: Rillaboom|57\/100|[from] Grassy Terrain\n|-heal|p1a: Ting-Lu|100\/100 tox|[from] Grassy Terrain\n|-damage|p1a: Ting-Lu|88\/100 tox|[from] psn\n|upkeep\n|turn|3\n|\n|t:|1699986572\n|move|p2a: Rillaboom|U-turn|p1a: Ting-Lu\n|-supereffective|p1a: Ting-Lu\n|-damage|p1a: Ting-Lu|48\/100 tox\n|-enditem|p1a: Ting-Lu|Red Card|[of] p2a: Rillaboom\n|drag|p2a: Bellibolt|Bellibolt, F|100\/100\n|move|p1a: Ting-Lu|Stealth Rock|p2a: Bellibolt\n|-sidestart|p2: low ladder leg|move: Stealth Rock\n|\n|-heal|p1a: Ting-Lu|54\/100 tox|[from] Grassy Terrain\n|-damage|p1a: Ting-Lu|35\/100 tox|[from] psn\n|upkeep\n|turn|4\n|inactive|low ladder leg has 120 seconds left.\n|\n|t:|1699986603\n|switch|p2a: Hatterene|Hatterene, F|100\/100\n|-damage|p2a: Hatterene|88\/100|[from] Stealth Rock\n|-enditem|p2a: Hatterene|Grassy Seed\n|-boost|p2a: Hatterene|def|1|[from] item: Grassy Seed\n|move|p1a: Ting-Lu|Ruination|p2a: Hatterene\n|-damage|p2a: Hatterene|45\/100\n|\n|-heal|p1a: Ting-Lu|42\/100 tox|[from] Grassy Terrain\n|-heal|p2a: Hatterene|50\/100|[from] Grassy Terrain\n|-damage|p1a: Ting-Lu|17\/100 tox|[from] psn\n|upkeep\n|turn|5\n|\n|t:|1699986611\n|move|p1a: Ting-Lu|Ruination|p2a: Hatterene\n|-damage|p2a: Hatterene|26\/100\n|move|p2a: Hatterene|Draining Kiss|p1a: Ting-Lu\n|-supereffective|p1a: Ting-Lu\n|-damage|p1a: Ting-Lu|0 fnt\n|-heal|p2a: Hatterene|45\/100|[from] drain|[of] p1a: Ting-Lu\n|faint|p1a: Ting-Lu\n|\n|-heal|p2a: Hatterene|51\/100|[from] Grassy Terrain\n|upkeep\n|inactive|SickestPlaya has 120 seconds left.\n|inactive|SickestPlaya has 90 seconds left.\n|inactive|SickestPlaya has 60 seconds left.\n|\n|t:|1699986702\n|switch|p1a: Gholdengo|Gholdengo|100\/100\n|turn|6\n|\n|t:|1699986709\n|switch|p2a: Heatran|Heatran, F|100\/100\n|-damage|p2a: Heatran|88\/100|[from] Stealth Rock\n|move|p1a: Gholdengo|Make It Rain|p2a: Heatran\n|-resisted|p2a: Heatran\n|-damage|p2a: Heatran|72\/100\n|-unboost|p1a: Gholdengo|spa|1\n|\n|-heal|p2a: Heatran|78\/100|[from] Grassy Terrain\n|-heal|p2a: Heatran|84\/100|[from] item: Leftovers\n|-fieldend|move: Grassy Terrain\n|upkeep\n|turn|7\n|\n|t:|1699986717\n|switch|p1a: Zapdos|Zapdos|100\/100\n|move|p2a: Heatran|Stealth Rock|p1a: Zapdos\n|-sidestart|p1: SickestPlaya|move: Stealth Rock\n|\n|-heal|p2a: Heatran|90\/100|[from] item: Leftovers\n|upkeep\n|turn|8\n|\n|t:|1699986721\n|switch|p2a: Bellibolt|Bellibolt, F|100\/100\n|-damage|p2a: Bellibolt|88\/100|[from] Stealth Rock\n|move|p1a: Zapdos|Discharge|p2a: Bellibolt\n|-resisted|p2a: Bellibolt\n|-damage|p2a: Bellibolt|70\/100\n|-start|p2a: Bellibolt|Charge|Discharge|[from] ability: Electromorphosis\n|\n|-heal|p2a: Bellibolt|76\/100|[from] item: Leftovers\n|upkeep\n|turn|9\n|inactive|SickestPlaya has 90 seconds left.\n|\n|t:|1699986753\n|move|p1a: Zapdos|Discharge|p2a: Bellibolt\n|-resisted|p2a: Bellibolt\n|-damage|p2a: Bellibolt|58\/100\n|-start|p2a: Bellibolt|Charge|Discharge|[from] ability: Electromorphosis\n|move|p2a: Bellibolt|Toxic|p1a: Zapdos\n|-status|p1a: Zapdos|tox\n|\n|-heal|p2a: Bellibolt|64\/100|[from] item: Leftovers\n|-damage|p1a: Zapdos|94\/100 tox|[from] psn\n|upkeep\n|turn|10\n|\n|t:|1699986760\n|move|p1a: Zapdos|Hurricane|p2a: Bellibolt|[miss]\n|-miss|p1a: Zapdos|p2a: Bellibolt\n|move|p2a: Bellibolt|Slack Off|p2a: Bellibolt\n|-heal|p2a: Bellibolt|100\/100\n|\n|-damage|p1a: Zapdos|82\/100 tox|[from] psn\n|upkeep\n|turn|11\n|\n|t:|1699986762\n|move|p1a: Zapdos|Hurricane|p2a: Bellibolt\n|-resisted|p2a: Bellibolt\n|-damage|p2a: Bellibolt|75\/100\n|-start|p2a: Bellibolt|Charge|Hurricane|[from] ability: Electromorphosis\n|move|p2a: Bellibolt|Muddy Water|p1a: Zapdos\n|-damage|p1a: Zapdos|58\/100 tox\n|\n|-heal|p2a: Bellibolt|81\/100|[from] item: Leftovers\n|-damage|p1a: Zapdos|39\/100 tox|[from] psn\n|upkeep\n|turn|12\n|\n|t:|1699986769\n|move|p1a: Zapdos|Roost|p1a: Zapdos\n|-heal|p1a: Zapdos|89\/100 tox\n|-singleturn|p1a: Zapdos|move: Roost\n|move|p2a: Bellibolt|Muddy Water|p1a: Zapdos\n|-damage|p1a: Zapdos|65\/100 tox\n|\n|-heal|p2a: Bellibolt|87\/100|[from] item: Leftovers\n|-damage|p1a: Zapdos|40\/100 tox|[from] psn\n|upkeep\n|turn|13\n|inactive|SickestPlaya has 90 seconds left.\n|\n|t:|1699986778\n|switch|p1a: Gholdengo|Gholdengo|100\/100\n|-damage|p1a: Gholdengo|94\/100|[from] Stealth Rock\n|move|p2a: Bellibolt|Parabolic Charge|p1a: Gholdengo\n|-damage|p1a: Gholdengo|40\/100\n|-heal|p2a: Bellibolt|100\/100|[from] drain|[of] p1a: Gholdengo\n|-end|p2a: Bellibolt|Charge|[silent]\n|\n|upkeep\n|turn|14\n|\n|t:|1699986785\n|switch|p2a: Heatran|Heatran, F|90\/100\n|-damage|p2a: Heatran|78\/100|[from] Stealth Rock\n|move|p1a: Gholdengo|Trick|p2a: Heatran\n|-activate|p1a: Gholdengo|move: Trick|[of] p2a: Heatran\n|-item|p2a: Heatran|Choice Specs|[from] move: Trick\n|-item|p1a: Gholdengo|Leftovers|[from] move: Trick\n|\n|-heal|p1a: Gholdengo|46\/100|[from] item: Leftovers\n|upkeep\n|turn|15\n|\n|t:|1699986791\n|switch|p1a: Zapdos|Zapdos|40\/100 tox\n|move|p2a: Heatran|Magma Storm|p1a: Zapdos\n|-damage|p1a: Zapdos|0 fnt\n|faint|p1a: Zapdos\n|\n|upkeep\n|\n|t:|1699986802\n|switch|p1a: Great Tusk|Great Tusk|100\/100\n|-damage|p1a: Great Tusk|97\/100|[from] Stealth Rock\n|-enditem|p1a: Great Tusk|Booster Energy\n|-activate|p1a: Great Tusk|ability: Protosynthesis|[fromitem]\n|-start|p1a: Great Tusk|protosynthesisspe\n|turn|16\n|\n|t:|1699986813\n|switch|p2a: Rillaboom|Rillaboom, F|57\/100\n|-damage|p2a: Rillaboom|44\/100|[from] Stealth Rock\n|-fieldstart|move: Grassy Terrain|[from] ability: Grassy Surge|[of] p2a: Rillaboom\n|move|p1a: Great Tusk|Earthquake|p2a: Rillaboom\n|-resisted|p2a: Rillaboom\n|-damage|p2a: Rillaboom|33\/100\n|\n|-heal|p1a: Great Tusk|100\/100|[from] Grassy Terrain\n|-heal|p2a: Rillaboom|39\/100|[from] Grassy Terrain\n|upkeep\n|turn|17\n|\n|t:|1699986818\n|-terastallize|p1a: Great Tusk|Poison\n|move|p2a: Rillaboom|Grassy Glide|p1a: Great Tusk\n|-resisted|p1a: Great Tusk\n|-damage|p1a: Great Tusk|83\/100\n|move|p1a: Great Tusk|Bulk Up|p1a: Great Tusk\n|-boost|p1a: Great Tusk|atk|1\n|-boost|p1a: Great Tusk|def|1\n|\n|-heal|p1a: Great Tusk|89\/100|[from] Grassy Terrain\n|-heal|p2a: Rillaboom|45\/100|[from] Grassy Terrain\n|upkeep\n|turn|18\n|\n|t:|1699986832\n|switch|p2a: Great Tusk|Great Tusk|100\/100\n|-damage|p2a: Great Tusk|98\/100|[from] Stealth Rock\n|-enditem|p2a: Great Tusk|Booster Energy\n|-activate|p2a: Great Tusk|ability: Protosynthesis|[fromitem]\n|-start|p2a: Great Tusk|protosynthesisspe\n|move|p1a: Great Tusk|Rapid Spin|p2a: Great Tusk\n|-damage|p2a: Great Tusk|83\/100\n|-boost|p1a: Great Tusk|spe|1\n|-sideend|p1: SickestPlaya|Stealth Rock|[from] move: Rapid Spin|[of] p1a: Great Tusk\n|\n|-heal|p1a: Great Tusk|96\/100|[from] Grassy Terrain\n|-heal|p2a: Great Tusk|90\/100|[from] Grassy Terrain\n|upkeep\n|turn|19\n|\n|t:|1699986837\n|move|p1a: Great Tusk|Bulk Up|p1a: Great Tusk\n|-boost|p1a: Great Tusk|atk|1\n|-boost|p1a: Great Tusk|def|1\n|move|p2a: Great Tusk|Bulk Up|p2a: Great Tusk\n|-boost|p2a: Great Tusk|atk|1\n|-boost|p2a: Great Tusk|def|1\n|\n|-heal|p1a: Great Tusk|100\/100|[from] Grassy Terrain\n|-heal|p2a: Great Tusk|96\/100|[from] Grassy Terrain\n|upkeep\n|turn|20\n|\n|t:|1699986842\n|move|p1a: Great Tusk|Bulk Up|p1a: Great Tusk\n|-boost|p1a: Great Tusk|atk|1\n|-boost|p1a: Great Tusk|def|1\n|move|p2a: Great Tusk|Bulk Up|p2a: Great Tusk\n|-boost|p2a: Great Tusk|atk|1\n|-boost|p2a: Great Tusk|def|1\n|\n|-heal|p2a: Great Tusk|100\/100|[from] Grassy Terrain\n|-fieldend|move: Grassy Terrain\n|upkeep\n|turn|21\n|\n|t:|1699986848\n|move|p1a: Great Tusk|Rapid Spin|p2a: Great Tusk\n|-damage|p2a: Great Tusk|90\/100\n|-boost|p1a: Great Tusk|spe|1\n|move|p2a: Great Tusk|Rapid Spin|p1a: Great Tusk\n|-damage|p1a: Great Tusk|93\/100\n|-boost|p2a: Great Tusk|spe|1\n|-sideend|p2: low ladder leg|Stealth Rock|[from] move: Rapid Spin|[of] p2a: Great Tusk\n|\n|upkeep\n|turn|22\n|inactive|SickestPlaya has 120 seconds left.\n|\n|t:|1699986870\n|move|p1a: Great Tusk|Bulk Up|p1a: Great Tusk\n|-boost|p1a: Great Tusk|atk|1\n|-boost|p1a: Great Tusk|def|1\n|move|p2a: Great Tusk|Bulk Up|p2a: Great Tusk\n|-boost|p2a: Great Tusk|atk|1\n|-boost|p2a: Great Tusk|def|1\n|\n|upkeep\n|turn|23\n|\n|t:|1699986879\n|move|p1a: Great Tusk|Ice Spinner|p2a: Great Tusk\n|-supereffective|p2a: Great Tusk\n|-damage|p2a: Great Tusk|55\/100\n|move|p2a: Great Tusk|Bulk Up|p2a: Great Tusk\n|-boost|p2a: Great Tusk|atk|1\n|-boost|p2a: Great Tusk|def|1\n|\n|upkeep\n|turn|24\n|inactive|low ladder leg has 120 seconds left.\n|\n|t:|1699986919\n|-terastallize|p2a: Great Tusk|Ice\n|move|p1a: Great Tusk|Ice Spinner|p2a: Great Tusk\n|-resisted|p2a: Great Tusk\n|-damage|p2a: Great Tusk|47\/100\n|move|p2a: Great Tusk|Headlong Rush|p1a: Great Tusk\n|-supereffective|p1a: Great Tusk\n|-crit|p1a: Great Tusk\n|-damage|p1a: Great Tusk|0 fnt\n|-unboost|p2a: Great Tusk|def|1\n|-unboost|p2a: Great Tusk|spd|1\n|faint|p1a: Great Tusk\n|-end|p1a: Great Tusk|Protosynthesis|[silent]\n|\n|upkeep\n|\n|t:|1699986926\n|switch|p1a: Iron Moth|Iron Moth|100\/100\n|-enditem|p1a: Iron Moth|Booster Energy\n|-activate|p1a: Iron Moth|ability: Quark Drive|[fromitem]\n|-start|p1a: Iron Moth|quarkdrivespe\n|turn|25\n|\n|t:|1699986931\n|move|p2a: Great Tusk|Headlong Rush|p1a: Iron Moth\n|-supereffective|p1a: Iron Moth\n|-damage|p1a: Iron Moth|0 fnt\n|-unboost|p2a: Great Tusk|def|1\n|-unboost|p2a: Great Tusk|spd|1\n|faint|p1a: Iron Moth\n|-end|p1a: Iron Moth|Quark Drive|[silent]\n|\n|upkeep\n|-message|SickestPlaya forfeited.\n|\n|win|low ladder leg\n|raw|SickestPlaya's rating: 1528 &rarr; <strong>1508<\/strong><br \/>(-20 for losing)\n|raw|low ladder leg's rating: 1524 &rarr; <strong>1544<\/strong><br \/>(+20 for winning)\n|l|\u2606SickestPlaya\n","uploadtime":1699986939,"views":12,"p1id":"sickestplaya","p2id":"lowladderleg","formatid":"gen9ou","rating":1508,"private":0,"password":""}