{"id":"gen9ou-1990244473","p1":"theelitefourlarry","p2":"Aggron","format":"[Gen 9] OU","log":"|j|\u2606theelitefourlarry\n|j|\u2606Aggron\n|t:|1699943532\n|gametype|singles\n|player|p1|theelitefourlarry|265|1576\n|player|p2|Aggron|pokefan-gen4|1773\n|teamsize|p1|6\n|teamsize|p2|6\n|gen|9\n|tier|[Gen 9] OU\n|rated|\n|rule|Sleep Clause Mod: Limit one foe put to sleep\n|rule|Species Clause: Limit one of each Pok\u00e9mon\n|rule|OHKO Clause: OHKO moves are banned\n|rule|Evasion Items Clause: Evasion items are banned\n|rule|Evasion Moves Clause: Evasion moves are banned\n|rule|Endless Battle Clause: Forcing endless battles is banned\n|rule|HP Percentage Mod: HP is shown in percentages\n|clearpoke\n|poke|p1|Rillaboom, F|\n|poke|p1|Garganacl, F|\n|poke|p1|Great Tusk|\n|poke|p1|Heatran, M|\n|poke|p1|Zapdos|\n|poke|p1|Walking Wake|\n|poke|p2|Sinistcha-Masterpiece|\n|poke|p2|Tyranitar, F|\n|poke|p2|Heatran, M|\n|poke|p2|Rillaboom, F|\n|poke|p2|Sneasler, F|\n|poke|p2|Samurott-Hisui, F|\n|teampreview\n|inactive|Battle timer is ON: inactive players will automatically lose when time's up. (requested by Aggron)\n|inactive|theelitefourlarry has 120 seconds left.\n|inactive|theelitefourlarry has 90 seconds left.\n|inactive|theelitefourlarry has 60 seconds left.\n|j| saba the goat\n|inactive|theelitefourlarry has 30 seconds left.\n|l| saba the goat\n|inactive|theelitefourlarry has 20 seconds left.\n|\n|t:|1699943663\n|start\n|switch|p1a: Baby Sitter|Rillaboom, F|100\/100\n|switch|p2a: Sneasler|Sneasler, F, shiny|100\/100\n|-fieldstart|move: Grassy Terrain|[from] ability: Grassy Surge|[of] p1a: Baby Sitter\n|turn|1\n|j| burgercute\n|j| Bad Dragoon\n|\n|t:|1699943672\n|switch|p1a: Deal wit It|Zapdos|100\/100\n|move|p2a: Sneasler|Dire Claw|p1a: Deal wit It\n|-damage|p1a: Deal wit It|62\/100\n|-status|p1a: Deal wit It|psn|[from] ability: Poison Touch|[of] p2a: Sneasler\n|\n|-damage|p1a: Deal wit It|49\/100 psn|[from] psn\n|upkeep\n|turn|2\n|\n|t:|1699943681\n|switch|p1a: Tupac|Great Tusk|100\/100\n|move|p2a: Sneasler|U-turn|p1a: Tupac\n|-resisted|p1a: Tupac\n|-damage|p1a: Tupac|93\/100\n|-status|p1a: Tupac|psn|[from] ability: Poison Touch|[of] p2a: Sneasler\n|\n|t:|1699943685\n|switch|p2a: Sinistcha|Sinistcha-Masterpiece|100\/100|[from] U-turn\n|\n|-heal|p1a: Tupac|99\/100 psn|[from] Grassy Terrain\n|-heal|p1a: Tupac|100\/100 psn|[from] item: Leftovers\n|-damage|p1a: Tupac|88\/100 psn|[from] psn\n|upkeep\n|turn|3\n|\n|t:|1699943690\n|-end|p1a: Tupac|Protosynthesis|[silent]\n|switch|p1a: Goin Baby|Garganacl, F|100\/100\n|move|p2a: Sinistcha|Matcha Gotcha|p1a: Goin Baby\n|-supereffective|p1a: Goin Baby\n|-damage|p1a: Goin Baby|43\/100\n|\n|-heal|p1a: Goin Baby|49\/100|[from] Grassy Terrain\n|-heal|p1a: Goin Baby|56\/100|[from] item: Leftovers\n|upkeep\n|turn|4\n|\n|t:|1699943701\n|switch|p1a: Carpet Burn|Heatran, M|100\/100\n|move|p2a: Sinistcha|Matcha Gotcha|p1a: Carpet Burn\n|-resisted|p1a: Carpet Burn\n|-damage|p1a: Carpet Burn|93\/100\n|\n|-heal|p1a: Carpet Burn|99\/100|[from] Grassy Terrain\n|-heal|p1a: Carpet Burn|100\/100|[from] item: Leftovers\n|upkeep\n|turn|5\n|\n|t:|1699943711\n|switch|p2a: Samurott|Samurott-Hisui, F|100\/100\n|move|p1a: Carpet Burn|Stealth Rock|p2a: Samurott\n|-sidestart|p2: Aggron|move: Stealth Rock\n|\n|-fieldend|move: Grassy Terrain\n|upkeep\n|turn|6\n|\n|t:|1699943714\n|switch|p1a: Baby Sitter|Rillaboom, F|100\/100\n|-fieldstart|move: Grassy Terrain|[from] ability: Grassy Surge|[of] p1a: Baby Sitter\n|move|p2a: Samurott|Ceaseless Edge|p1a: Baby Sitter\n|-damage|p1a: Baby Sitter|55\/100\n|-sidestart|p1: theelitefourlarry|Spikes\n|\n|-heal|p1a: Baby Sitter|62\/100|[from] Grassy Terrain\n|upkeep\n|turn|7\n|\n|t:|1699943727\n|switch|p2a: Heatran|Heatran, M|100\/100\n|-damage|p2a: Heatran|88\/100|[from] Stealth Rock\n|-item|p2a: Heatran|Air Balloon\n|move|p1a: Baby Sitter|U-turn|p2a: Heatran\n|-resisted|p2a: Heatran\n|-damage|p2a: Heatran|78\/100\n|-enditem|p2a: Heatran|Air Balloon\n|\n|t:|1699943732\n|switch|p1a: Pony|Walking Wake|100\/100|[from] U-turn\n|\n|-heal|p2a: Heatran|84\/100|[from] Grassy Terrain\n|upkeep\n|turn|8\n|\n|t:|1699943743\n|-terastallize|p2a: Heatran|Grass\n|move|p1a: Pony|Knock Off|p2a: Heatran\n|-damage|p2a: Heatran|73\/100\n|-status|p1a: Pony|brn|[from] ability: Flame Body|[of] p2a: Heatran\n|move|p2a: Heatran|Earth Power|p1a: Pony\n|-damage|p1a: Pony|64\/100 brn\n|\n|-heal|p1a: Pony|70\/100 brn|[from] Grassy Terrain\n|-heal|p2a: Heatran|79\/100|[from] Grassy Terrain\n|-damage|p1a: Pony|64\/100 brn|[from] brn\n|upkeep\n|turn|9\n|\n|t:|1699943755\n|switch|p2a: Tyranitar|Tyranitar, F, shiny|100\/100\n|-weather|Sandstorm|[from] ability: Sand Stream|[of] p2a: Tyranitar\n|move|p1a: Pony|Flip Turn|p2a: Tyranitar\n|-supereffective|p2a: Tyranitar\n|-damage|p2a: Tyranitar|87\/100\n|\n|t:|1699943761\n|-end|p1a: Pony|Protosynthesis|[silent]\n|switch|p1a: Baby Sitter|Rillaboom, F|62\/100|[from] Flip Turn\n|-damage|p1a: Baby Sitter|49\/100|[from] Spikes\n|\n|-weather|Sandstorm|[upkeep]\n|-damage|p1a: Baby Sitter|43\/100|[from] Sandstorm\n|-heal|p1a: Baby Sitter|49\/100|[from] Grassy Terrain\n|-heal|p2a: Tyranitar|93\/100|[from] Grassy Terrain\n|upkeep\n|turn|10\n|j| Mslaganjaestranja\n|\n|t:|1699943774\n|switch|p2a: Heatran|Heatran, M, tera:Grass|79\/100\n|-damage|p2a: Heatran|67\/100|[from] Stealth Rock\n|move|p1a: Baby Sitter|U-turn|p2a: Heatran\n|-supereffective|p2a: Heatran\n|-damage|p2a: Heatran|0 fnt\n|faint|p2a: Heatran\n|\n|t:|1699943780\n|switch|p1a: Deal wit It|Zapdos|49\/100 psn|[from] U-turn\n|\n|-weather|Sandstorm|[upkeep]\n|-damage|p1a: Deal wit It|43\/100 psn|[from] Sandstorm\n|-damage|p1a: Deal wit It|31\/100 psn|[from] psn\n|-fieldend|move: Grassy Terrain\n|upkeep\n|\n|t:|1699943788\n|switch|p2a: Sneasler|Sneasler, F, shiny|100\/100\n|-damage|p2a: Sneasler|95\/100|[from] Stealth Rock\n|turn|11\n|\n|t:|1699943792\n|switch|p1a: Tupac|Great Tusk|88\/100 psn\n|-damage|p1a: Tupac|75\/100 psn|[from] Spikes\n|move|p2a: Sneasler|Dire Claw|p1a: Tupac\n|-resisted|p1a: Tupac\n|-crit|p1a: Tupac\n|-damage|p1a: Tupac|57\/100 psn\n|\n|-weather|Sandstorm|[upkeep]\n|-damage|p2a: Sneasler|89\/100|[from] Sandstorm\n|-heal|p1a: Tupac|63\/100 psn|[from] item: Leftovers\n|-damage|p1a: Tupac|50\/100 psn|[from] psn\n|upkeep\n|turn|12\n|\n|t:|1699943800\n|move|p2a: Sneasler|U-turn|p1a: Tupac\n|-resisted|p1a: Tupac\n|-damage|p1a: Tupac|43\/100 psn\n|\n|t:|1699943801\n|switch|p2a: Sinistcha|Sinistcha-Masterpiece|100\/100|[from] U-turn\n|move|p1a: Tupac|Ice Spinner|p2a: Sinistcha\n|-supereffective|p2a: Sinistcha\n|-damage|p2a: Sinistcha|68\/100\n|\n|-weather|Sandstorm|[upkeep]\n|-damage|p2a: Sinistcha|61\/100|[from] Sandstorm\n|-heal|p1a: Tupac|49\/100 psn|[from] item: Leftovers\n|-damage|p1a: Tupac|37\/100 psn|[from] psn\n|upkeep\n|turn|13\n|\n|t:|1699943805\n|-end|p1a: Tupac|Protosynthesis|[silent]\n|switch|p1a: Carpet Burn|Heatran, M|100\/100\n|-damage|p1a: Carpet Burn|88\/100|[from] Spikes\n|move|p2a: Sinistcha|Strength Sap|p1a: Carpet Burn\n|-unboost|p1a: Carpet Burn|atk|1\n|-heal|p2a: Sinistcha|100\/100\n|\n|-weather|none\n|-heal|p1a: Carpet Burn|94\/100|[from] item: Leftovers\n|upkeep\n|turn|14\n|\n|t:|1699943813\n|switch|p2a: Samurott|Samurott-Hisui, F|100\/100\n|move|p1a: Carpet Burn|Magma Storm|p2a: Samurott\n|-resisted|p2a: Samurott\n|-damage|p2a: Samurott|70\/100\n|-activate|p2a: Samurott|move: Magma Storm|[of] p1a: Carpet Burn\n|\n|-heal|p1a: Carpet Burn|100\/100|[from] item: Leftovers\n|-damage|p2a: Samurott|57\/100|[from] move: Magma Storm|[partiallytrapped]\n|upkeep\n|turn|15\n|\n|t:|1699943820\n|move|p2a: Samurott|Ceaseless Edge|p1a: Carpet Burn\n|-damage|p1a: Carpet Burn|64\/100\n|-sidestart|p1: theelitefourlarry|Spikes\n|move|p1a: Carpet Burn|Earth Power|p2a: Samurott\n|-damage|p2a: Samurott|18\/100\n|\n|-heal|p1a: Carpet Burn|70\/100|[from] item: Leftovers\n|-damage|p2a: Samurott|6\/100|[from] move: Magma Storm|[partiallytrapped]\n|upkeep\n|turn|16\n|\n|t:|1699943828\n|switch|p1a: Tupac|Great Tusk|37\/100 psn\n|-damage|p1a: Tupac|20\/100 psn|[from] Spikes\n|move|p2a: Samurott|Razor Shell|p1a: Tupac\n|-supereffective|p1a: Tupac\n|-damage|p1a: Tupac|0 fnt\n|faint|p1a: Tupac\n|-end|p1a: Tupac|Protosynthesis|[silent]\n|\n|-end|p2a: Samurott|Magma Storm|[partiallytrapped]|[silent]\n|upkeep\n|\n|t:|1699943835\n|switch|p1a: Deal wit It|Zapdos|31\/100 psn\n|turn|17\n|\n|t:|1699943846\n|move|p2a: Samurott|Sucker Punch|p1a: Deal wit It\n|-damage|p1a: Deal wit It|0 fnt\n|faint|p1a: Deal wit It\n|\n|upkeep\n|\n|t:|1699943850\n|switch|p1a: Baby Sitter|Rillaboom, F|49\/100\n|-damage|p1a: Baby Sitter|33\/100|[from] Spikes\n|-fieldstart|move: Grassy Terrain|[from] ability: Grassy Surge|[of] p1a: Baby Sitter\n|turn|18\n|\n|t:|1699943856\n|move|p2a: Samurott|Sucker Punch|p1a: Baby Sitter\n|-damage|p1a: Baby Sitter|0 fnt\n|faint|p1a: Baby Sitter\n|\n|-heal|p2a: Samurott|12\/100|[from] Grassy Terrain\n|upkeep\n|\n|t:|1699943862\n|switch|p1a: Pony|Walking Wake|64\/100 brn\n|turn|19\n|\n|t:|1699943867\n|switch|p2a: Tyranitar|Tyranitar, F, shiny|93\/100\n|-weather|Sandstorm|[from] ability: Sand Stream|[of] p2a: Tyranitar\n|move|p1a: Pony|Scald|p2a: Tyranitar\n|-supereffective|p2a: Tyranitar\n|-damage|p2a: Tyranitar|53\/100\n|\n|-weather|Sandstorm|[upkeep]\n|-damage|p1a: Pony|58\/100 brn|[from] Sandstorm\n|-heal|p1a: Pony|64\/100 brn|[from] Grassy Terrain\n|-heal|p2a: Tyranitar|59\/100|[from] Grassy Terrain\n|-damage|p1a: Pony|58\/100 brn|[from] brn\n|upkeep\n|turn|20\n|\n|t:|1699943873\n|move|p1a: Pony|Flip Turn|p2a: Tyranitar\n|-supereffective|p2a: Tyranitar\n|-damage|p2a: Tyranitar|48\/100\n|\n|t:|1699943875\n|-end|p1a: Pony|Protosynthesis|[silent]\n|switch|p1a: Carpet Burn|Heatran, M|70\/100|[from] Flip Turn\n|-damage|p1a: Carpet Burn|53\/100|[from] Spikes\n|move|p2a: Tyranitar|Knock Off|p1a: Carpet Burn\n|-damage|p1a: Carpet Burn|9\/100\n|-enditem|p1a: Carpet Burn|Leftovers|[from] move: Knock Off|[of] p2a: Tyranitar\n|\n|-weather|Sandstorm|[upkeep]\n|-heal|p1a: Carpet Burn|15\/100|[from] Grassy Terrain\n|-heal|p2a: Tyranitar|54\/100|[from] Grassy Terrain\n|upkeep\n|turn|21\n|\n|t:|1699943890\n|move|p1a: Carpet Burn|Earth Power|p2a: Tyranitar\n|-supereffective|p2a: Tyranitar\n|-damage|p2a: Tyranitar|25\/100\n|move|p2a: Tyranitar|Knock Off|p1a: Carpet Burn\n|-damage|p1a: Carpet Burn|0 fnt\n|faint|p1a: Carpet Burn\n|\n|-weather|Sandstorm|[upkeep]\n|-heal|p2a: Tyranitar|32\/100|[from] Grassy Terrain\n|upkeep\n|\n|t:|1699943897\n|switch|p1a: Goin Baby|Garganacl, F|56\/100\n|-damage|p1a: Goin Baby|39\/100|[from] Spikes\n|turn|22\n|\n|t:|1699943901\n|-terastallize|p1a: Goin Baby|Fairy\n|move|p2a: Tyranitar|Knock Off|p1a: Goin Baby\n|-resisted|p1a: Goin Baby\n|-damage|p1a: Goin Baby|22\/100\n|-enditem|p1a: Goin Baby|Leftovers|[from] move: Knock Off|[of] p2a: Tyranitar\n|move|p1a: Goin Baby|Recover|p1a: Goin Baby\n|-heal|p1a: Goin Baby|72\/100\n|\n|-weather|Sandstorm|[upkeep]\n|-damage|p1a: Goin Baby|66\/100|[from] Sandstorm\n|-heal|p2a: Tyranitar|38\/100|[from] Grassy Terrain\n|-heal|p1a: Goin Baby|72\/100|[from] Grassy Terrain\n|-fieldend|move: Grassy Terrain\n|upkeep\n|turn|23\n|\n|t:|1699943913\n|switch|p2a: Samurott|Samurott-Hisui, F|12\/100\n|move|p1a: Goin Baby|Iron Defense|p1a: Goin Baby\n|-boost|p1a: Goin Baby|def|2\n|\n|-weather|none\n|upkeep\n|turn|24\n|\n|t:|1699943916\n|move|p2a: Samurott|Encore|p1a: Goin Baby\n|-start|p1a: Goin Baby|Encore\n|move|p1a: Goin Baby|Iron Defense|p1a: Goin Baby\n|-boost|p1a: Goin Baby|def|2\n|\n|upkeep\n|turn|25\n|\n|t:|1699943919\n|move|p2a: Samurott|Ceaseless Edge|p1a: Goin Baby\n|-resisted|p1a: Goin Baby\n|-damage|p1a: Goin Baby|68\/100\n|-sidestart|p1: theelitefourlarry|Spikes\n|move|p1a: Goin Baby|Iron Defense|p1a: Goin Baby\n|-boost|p1a: Goin Baby|def|2\n|\n|upkeep\n|turn|26\n|\n|t:|1699943923\n|move|p2a: Samurott|Razor Shell|p1a: Goin Baby\n|-damage|p1a: Goin Baby|60\/100\n|move|p1a: Goin Baby|Iron Defense|p1a: Goin Baby\n|-boost|p1a: Goin Baby|def|0\n|\n|-end|p1a: Goin Baby|Encore\n|upkeep\n|turn|27\n|\n|t:|1699943926\n|move|p2a: Samurott|Encore|p1a: Goin Baby\n|-start|p1a: Goin Baby|Encore\n|move|p1a: Goin Baby|Iron Defense|p1a: Goin Baby\n|-boost|p1a: Goin Baby|def|0\n|\n|upkeep\n|turn|28\n|\n|t:|1699943928\n|move|p2a: Samurott|Razor Shell|p1a: Goin Baby\n|-damage|p1a: Goin Baby|51\/100\n|-unboost|p1a: Goin Baby|def|1\n|move|p1a: Goin Baby|Iron Defense|p1a: Goin Baby\n|-boost|p1a: Goin Baby|def|1\n|\n|upkeep\n|turn|29\n|\n|t:|1699943931\n|move|p2a: Samurott|Razor Shell|p1a: Goin Baby\n|-damage|p1a: Goin Baby|42\/100\n|-unboost|p1a: Goin Baby|def|1\n|move|p1a: Goin Baby|Iron Defense|p1a: Goin Baby\n|-boost|p1a: Goin Baby|def|1\n|\n|-end|p1a: Goin Baby|Encore\n|upkeep\n|turn|30\n|\n|t:|1699943933\n|move|p2a: Samurott|Encore|p1a: Goin Baby\n|-start|p1a: Goin Baby|Encore\n|move|p1a: Goin Baby|Iron Defense|p1a: Goin Baby\n|-boost|p1a: Goin Baby|def|0\n|\n|upkeep\n|turn|31\n|\n|t:|1699943935\n|move|p2a: Samurott|Razor Shell|p1a: Goin Baby\n|-damage|p1a: Goin Baby|33\/100\n|-unboost|p1a: Goin Baby|def|1\n|move|p1a: Goin Baby|Iron Defense|p1a: Goin Baby\n|-boost|p1a: Goin Baby|def|1\n|\n|upkeep\n|turn|32\n|j| Z the S Tier\n|\n|t:|1699943938\n|move|p2a: Samurott|Razor Shell|p1a: Goin Baby\n|-damage|p1a: Goin Baby|23\/100\n|-unboost|p1a: Goin Baby|def|1\n|move|p1a: Goin Baby|Iron Defense|p1a: Goin Baby\n|-boost|p1a: Goin Baby|def|1\n|\n|-end|p1a: Goin Baby|Encore\n|upkeep\n|turn|33\n|\n|t:|1699943940\n|move|p2a: Samurott|Encore|p1a: Goin Baby\n|-start|p1a: Goin Baby|Encore\n|move|p1a: Goin Baby|Iron Defense|p1a: Goin Baby\n|-boost|p1a: Goin Baby|def|0\n|\n|upkeep\n|turn|34\n|\n|t:|1699943942\n|move|p2a: Samurott|Razor Shell|p1a: Goin Baby\n|-damage|p1a: Goin Baby|14\/100\n|-unboost|p1a: Goin Baby|def|1\n|move|p1a: Goin Baby|Iron Defense|p1a: Goin Baby\n|-boost|p1a: Goin Baby|def|1\n|\n|upkeep\n|turn|35\n|\n|t:|1699943944\n|move|p2a: Samurott|Razor Shell|p1a: Goin Baby\n|-damage|p1a: Goin Baby|6\/100\n|-unboost|p1a: Goin Baby|def|1\n|move|p1a: Goin Baby|Iron Defense|p1a: Goin Baby\n|-boost|p1a: Goin Baby|def|1\n|\n|-end|p1a: Goin Baby|Encore\n|upkeep\n|turn|36\n|\n|t:|1699943946\n|move|p2a: Samurott|Encore|p1a: Goin Baby\n|-start|p1a: Goin Baby|Encore\n|move|p1a: Goin Baby|Iron Defense|p1a: Goin Baby\n|-boost|p1a: Goin Baby|def|0\n|\n|upkeep\n|turn|37\n|\n|t:|1699943947\n|move|p2a: Samurott|Ceaseless Edge|p1a: Goin Baby|[miss]\n|-miss|p2a: Samurott|p1a: Goin Baby\n|move|p1a: Goin Baby|Iron Defense|p1a: Goin Baby\n|-boost|p1a: Goin Baby|def|0\n|\n|upkeep\n|turn|38\n|\n|t:|1699943949\n|move|p2a: Samurott|Ceaseless Edge|p1a: Goin Baby\n|-resisted|p1a: Goin Baby\n|-damage|p1a: Goin Baby|2\/100\n|move|p1a: Goin Baby|Iron Defense|p1a: Goin Baby\n|-boost|p1a: Goin Baby|def|0\n|\n|-end|p1a: Goin Baby|Encore\n|upkeep\n|turn|39\n|\n|t:|1699943952\n|move|p2a: Samurott|Encore|p1a: Goin Baby\n|-start|p1a: Goin Baby|Encore\n|move|p1a: Goin Baby|Iron Defense|p1a: Goin Baby\n|-boost|p1a: Goin Baby|def|0\n|\n|upkeep\n|turn|40\n|\n|t:|1699943954\n|move|p2a: Samurott|Ceaseless Edge|p1a: Goin Baby\n|-resisted|p1a: Goin Baby\n|-damage|p1a: Goin Baby|0 fnt\n|faint|p1a: Goin Baby\n|\n|upkeep\n|\n|t:|1699943955\n|switch|p1a: Pony|Walking Wake|58\/100 brn\n|turn|41\n|\n|t:|1699943958\n|move|p2a: Samurott|Sucker Punch|p1a: Pony\n|-damage|p1a: Pony|25\/100 brn\n|move|p1a: Pony|Scald|p2a: Samurott\n|-resisted|p2a: Samurott\n|-damage|p2a: Samurott|0 fnt\n|faint|p2a: Samurott\n|\n|-damage|p1a: Pony|19\/100 brn|[from] brn\n|upkeep\n|\n|t:|1699943960\n|switch|p2a: Rillaboom|Rillaboom, F, shiny|100\/100\n|-damage|p2a: Rillaboom|88\/100|[from] Stealth Rock\n|-fieldstart|move: Grassy Terrain|[from] ability: Grassy Surge|[of] p2a: Rillaboom\n|turn|42\n|\n|t:|1699943963\n|move|p2a: Rillaboom|Grassy Glide|p1a: Pony\n|-damage|p1a: Pony|0 fnt\n|faint|p1a: Pony\n|-end|p1a: Pony|Protosynthesis|[silent]\n|\n|win|Aggron\n|raw|theelitefourlarry's rating: 1576 &rarr; <strong>1566<\/strong><br \/>(-10 for losing)\n|raw|Aggron's rating: 1773 &rarr; <strong>1783<\/strong><br \/>(+10 for winning)\n|l|\u2606theelitefourlarry\n","uploadtime":1699943974,"views":22,"p1id":"theelitefourlarry","p2id":"aggron","formatid":"gen9ou","rating":1566,"private":0,"password":""}