{"id":"gen9ou-1991595531","p1":"meykii","p2":"GeorgiaEternatuss","format":"[Gen 9] OU","log":"|j|\u2606meykii\n|j|\u2606GeorgiaEternatuss\n|t:|1700092258\n|gametype|singles\n|player|p1|meykii|2|\n|player|p2|GeorgiaEternatuss|steven|\n|teamsize|p1|4\n|teamsize|p2|4\n|gen|9\n|tier|[Gen 9] OU\n|rule|Sleep Clause Mod: Limit one foe put to sleep\n|rule|Species Clause: Limit one of each Pok\u00e9mon\n|rule|OHKO Clause: OHKO moves are banned\n|rule|Evasion Items Clause: Evasion items are banned\n|rule|Evasion Moves Clause: Evasion moves are banned\n|rule|Endless Battle Clause: Forcing endless battles is banned\n|rule|HP Percentage Mod: HP is shown in percentages\n|clearpoke\n|poke|p1|Dragapult, F|\n|poke|p1|Clodsire, M|\n|poke|p1|Scizor, M|\n|poke|p1|Vivillon, F|\n|poke|p2|Iron Valiant|\n|poke|p2|Great Tusk|\n|poke|p2|Sneasler, M|\n|poke|p2|Skeledirge, M|\n|teampreview\n|c|\u2606meykii|soz for the scheduling oops\n|c|\u2606meykii|glhf go easy on me kay >.<\n|j| Tubaguia_Ofc\n|\n|t:|1700092338\n|start\n|switch|p1a: Vivillon|Vivillon, F|100\/100\n|switch|p2a: Sneasler|Sneasler, M|100\/100\n|turn|1\n|c|\u2606GeorgiaEternatuss|Lets go\n|\n|t:|1700092367\n|switch|p1a: Clodsire|Clodsire, M|100\/100\n|move|p2a: Sneasler|U-turn|p1a: Clodsire\n|-resisted|p1a: Clodsire\n|-damage|p1a: Clodsire|88\/100\n|\n|t:|1700092385\n|switch|p2a: Great Tusk|Great Tusk|100\/100|[from] U-turn\n|\n|-heal|p1a: Clodsire|95\/100|[from] item: Leftovers\n|upkeep\n|turn|2\n|j| Horse95\n|\n|t:|1700092431\n|-terastallize|p1a: Clodsire|Bug\n|move|p2a: Great Tusk|Stealth Rock|p1a: Clodsire\n|-sidestart|p1: meykii|move: Stealth Rock\n|move|p1a: Clodsire|Curse|p1a: Clodsire\n|-unboost|p1a: Clodsire|spe|1\n|-boost|p1a: Clodsire|atk|1\n|-boost|p1a: Clodsire|def|1\n|\n|-heal|p1a: Clodsire|100\/100|[from] item: Leftovers\n|upkeep\n|turn|3\n|\n|t:|1700092454\n|-end|p2a: Great Tusk|Protosynthesis|[silent]\n|switch|p2a: Skeledirge|Skeledirge, M|100\/100\n|move|p1a: Clodsire|Earthquake|p2a: Skeledirge\n|-supereffective|p2a: Skeledirge\n|-damage|p2a: Skeledirge|55\/100\n|\n|upkeep\n|turn|4\n|\n|t:|1700092483\n|move|p2a: Skeledirge|Will-O-Wisp|p1a: Clodsire\n|-status|p1a: Clodsire|brn\n|move|p1a: Clodsire|Earthquake|p2a: Skeledirge\n|-supereffective|p2a: Skeledirge\n|-damage|p2a: Skeledirge|30\/100\n|\n|-damage|p1a: Clodsire|94\/100 brn|[from] brn\n|upkeep\n|turn|5\n|\n|t:|1700092500\n|switch|p1a: Vivillon|Vivillon, F|100\/100\n|-damage|p1a: Vivillon|51\/100|[from] Stealth Rock\n|move|p2a: Skeledirge|Slack Off|p2a: Skeledirge\n|-heal|p2a: Skeledirge|81\/100\n|\n|upkeep\n|turn|6\n|\n|t:|1700092513\n|move|p1a: Vivillon|Sleep Powder|p2a: Skeledirge\n|-status|p2a: Skeledirge|slp|[from] move: Sleep Powder\n|cant|p2a: Skeledirge|slp\n|\n|upkeep\n|turn|7\n|\n|t:|1700092528\n|move|p1a: Vivillon|Hurricane|p2a: Skeledirge\n|-damage|p2a: Skeledirge|49\/100 slp\n|-curestatus|p2a: Skeledirge|slp|[msg]\n|move|p2a: Skeledirge|Slack Off|p2a: Skeledirge\n|-heal|p2a: Skeledirge|99\/100\n|\n|upkeep\n|turn|8\n|\n|t:|1700092539\n|move|p1a: Vivillon|Sleep Powder|p2a: Skeledirge\n|-status|p2a: Skeledirge|slp|[from] move: Sleep Powder\n|cant|p2a: Skeledirge|slp\n|\n|upkeep\n|turn|9\n|\n|t:|1700092549\n|switch|p1a: Dragapult|Dragapult, F|100\/100\n|-damage|p1a: Dragapult|88\/100|[from] Stealth Rock\n|cant|p2a: Skeledirge|slp\n|\n|-heal|p1a: Dragapult|94\/100|[from] item: Leftovers\n|upkeep\n|turn|10\n|\n|t:|1700092564\n|move|p1a: Dragapult|Substitute|p1a: Dragapult\n|-start|p1a: Dragapult|Substitute\n|-damage|p1a: Dragapult|69\/100\n|cant|p2a: Skeledirge|slp\n|\n|-heal|p1a: Dragapult|75\/100|[from] item: Leftovers\n|upkeep\n|turn|11\n|\n|t:|1700092573\n|move|p1a: Dragapult|Hex|p2a: Skeledirge\n|-supereffective|p2a: Skeledirge\n|-damage|p2a: Skeledirge|37\/100 slp\n|-curestatus|p2a: Skeledirge|slp|[msg]\n|move|p2a: Skeledirge|Hex|p1a: Dragapult\n|-supereffective|p1a: Dragapult\n|-end|p1a: Dragapult|Substitute\n|\n|-heal|p1a: Dragapult|82\/100|[from] item: Leftovers\n|upkeep\n|turn|12\n|\n|t:|1700092593\n|move|p1a: Dragapult|Disable|p2a: Skeledirge\n|-start|p2a: Skeledirge|Disable|Hex\n|cant|p2a: Skeledirge|Disable|Hex\n|\n|-heal|p1a: Dragapult|88\/100|[from] item: Leftovers\n|upkeep\n|turn|13\n|\n|t:|1700092603\n|move|p1a: Dragapult|Substitute|p1a: Dragapult\n|-start|p1a: Dragapult|Substitute\n|-damage|p1a: Dragapult|63\/100\n|move|p2a: Skeledirge|Torch Song|p1a: Dragapult\n|-resisted|p1a: Dragapult\n|-damage|p1a: Dragapult|45\/100\n|-boost|p2a: Skeledirge|spa|1\n|\n|-heal|p1a: Dragapult|51\/100|[from] item: Leftovers\n|upkeep\n|turn|14\n|\n|t:|1700092644\n|move|p1a: Dragapult|Thunder Wave|p2a: Skeledirge\n|-status|p2a: Skeledirge|par\n|cant|p2a: Skeledirge|par\n|\n|-heal|p1a: Dragapult|57\/100|[from] item: Leftovers\n|upkeep\n|turn|15\n|\n|t:|1700092653\n|move|p1a: Dragapult|Hex|p2a: Skeledirge\n|-supereffective|p2a: Skeledirge\n|-damage|p2a: Skeledirge|0 fnt\n|faint|p2a: Skeledirge\n|\n|-heal|p1a: Dragapult|63\/100|[from] item: Leftovers\n|upkeep\n|\n|t:|1700092671\n|switch|p2a: Great Tusk|Great Tusk|100\/100\n|turn|16\n|\n|t:|1700092679\n|move|p1a: Dragapult|Hex|p2a: Great Tusk\n|-crit|p2a: Great Tusk\n|-damage|p2a: Great Tusk|50\/100\n|move|p2a: Great Tusk|Ice Spinner|p1a: Dragapult\n|-supereffective|p1a: Dragapult\n|-end|p1a: Dragapult|Substitute\n|\n|-heal|p1a: Dragapult|69\/100|[from] item: Leftovers\n|upkeep\n|turn|17\n|\n|t:|1700092692\n|move|p1a: Dragapult|Substitute|p1a: Dragapult\n|-start|p1a: Dragapult|Substitute\n|-damage|p1a: Dragapult|44\/100\n|move|p2a: Great Tusk|Ice Spinner|p1a: Dragapult\n|-supereffective|p1a: Dragapult\n|-end|p1a: Dragapult|Substitute\n|\n|-heal|p1a: Dragapult|50\/100|[from] item: Leftovers\n|upkeep\n|turn|18\n|\n|t:|1700092701\n|move|p1a: Dragapult|Disable|p2a: Great Tusk\n|-start|p2a: Great Tusk|Disable|Ice Spinner\n|cant|p2a: Great Tusk|Disable|Ice Spinner\n|\n|-heal|p1a: Dragapult|56\/100|[from] item: Leftovers\n|upkeep\n|turn|19\n|\n|t:|1700092709\n|move|p1a: Dragapult|Substitute|p1a: Dragapult\n|-start|p1a: Dragapult|Substitute\n|-damage|p1a: Dragapult|32\/100\n|move|p2a: Great Tusk|Headlong Rush|p1a: Dragapult\n|-end|p1a: Dragapult|Substitute\n|-unboost|p2a: Great Tusk|def|1\n|-unboost|p2a: Great Tusk|spd|1\n|\n|-heal|p1a: Dragapult|38\/100|[from] item: Leftovers\n|upkeep\n|turn|20\n|\n|t:|1700092745\n|move|p1a: Dragapult|Hex|p2a: Great Tusk\n|-damage|p2a: Great Tusk|0 fnt\n|faint|p2a: Great Tusk\n|-end|p2a: Great Tusk|Protosynthesis|[silent]\n|\n|-heal|p1a: Dragapult|44\/100|[from] item: Leftovers\n|upkeep\n|\n|t:|1700092758\n|switch|p2a: Iron Valiant|Iron Valiant|100\/100\n|-enditem|p2a: Iron Valiant|Booster Energy\n|-activate|p2a: Iron Valiant|ability: Quark Drive|[fromitem]\n|-start|p2a: Iron Valiant|quarkdrivespe\n|turn|21\n|\n|t:|1700092830\n|switch|p1a: Scizor|Scizor, M|100\/100\n|-damage|p1a: Scizor|88\/100|[from] Stealth Rock\n|move|p2a: Iron Valiant|Spirit Break|p1a: Scizor\n|-resisted|p1a: Scizor\n|-damage|p1a: Scizor|70\/100\n|-unboost|p1a: Scizor|spa|1\n|\n|upkeep\n|turn|22\n|\n|t:|1700092862\n|-end|p2a: Iron Valiant|Quark Drive|[silent]\n|switch|p2a: Sneasler|Sneasler, M|100\/100\n|move|p1a: Scizor|Bullet Punch|p2a: Sneasler\n|-damage|p2a: Sneasler|16\/100\n|\n|upkeep\n|turn|23\n|\n|t:|1700092873\n|move|p1a: Scizor|Bullet Punch|p2a: Sneasler\n|-damage|p2a: Sneasler|0 fnt\n|faint|p2a: Sneasler\n|\n|upkeep\n|\n|t:|1700092882\n|switch|p2a: Iron Valiant|Iron Valiant|100\/100\n|turn|24\n|\n|t:|1700092906\n|move|p1a: Scizor|Bullet Punch|p2a: Iron Valiant\n|-supereffective|p2a: Iron Valiant\n|-damage|p2a: Iron Valiant|0 fnt\n|faint|p2a: Iron Valiant\n|-end|p2a: Iron Valiant|Quark Drive|[silent]\n|\n|win|meykii\n|l| Tubaguia_Ofc\n|l|\u2606GeorgiaEternatuss\n|c|\u2606meykii|super soz for the scheduling issues\n|l| Horse95\n|j| Horse95\n|l| Horse95\n|j| Horse95\n","uploadtime":1700092920,"views":76,"p1id":"meykii","p2id":"georgiaeternatuss","formatid":"gen9ou","rating":0,"private":0,"password":""}