{"id":"gen9ou-1990969281","p1":"mzznc","p2":"BrownZach","format":"[Gen 9] OU","log":"|j|\u2606mzznc\n|j|\u2606BrownZach\n|t:|1700021250\n|gametype|singles\n|player|p1|mzznc|266|1134\n|player|p2|BrownZach|veteran|1066\n|teamsize|p1|6\n|teamsize|p2|6\n|gen|9\n|tier|[Gen 9] OU\n|rated|\n|rule|Sleep Clause Mod: Limit one foe put to sleep\n|rule|Species Clause: Limit one of each Pok\u00e9mon\n|rule|OHKO Clause: OHKO moves are banned\n|rule|Evasion Items Clause: Evasion items are banned\n|rule|Evasion Moves Clause: Evasion moves are banned\n|rule|Endless Battle Clause: Forcing endless battles is banned\n|rule|HP Percentage Mod: HP is shown in percentages\n|clearpoke\n|poke|p1|Alomomola, F|\n|poke|p1|Gholdengo|\n|poke|p1|Dragonite, F|\n|poke|p1|Great Tusk|\n|poke|p1|Ogerpon-Cornerstone, F|\n|poke|p1|Heatran, F|\n|poke|p2|Typhlosion, M|\n|poke|p2|Ampharos, M|\n|poke|p2|Staraptor, M|\n|poke|p2|Umbreon, M|\n|poke|p2|Milotic, F|\n|poke|p2|Garchomp, M|\n|teampreview\n|\n|t:|1700021277\n|start\n|switch|p1a: Great Tusk|Great Tusk|100\/100\n|switch|p2a: Ampharos|Ampharos, M|100\/100\n|turn|1\n|\n|t:|1700021285\n|switch|p2a: Milotic|Milotic, F, shiny|100\/100\n|move|p1a: Great Tusk|Stealth Rock|p2a: Milotic\n|-sidestart|p2: BrownZach|move: Stealth Rock\n|\n|-status|p2a: Milotic|brn|[from] item: Flame Orb\n|upkeep\n|turn|2\n|\n|t:|1700021296\n|-end|p1a: Great Tusk|Protosynthesis|[silent]\n|switch|p1a: Alomomola|Alomomola, F|100\/100\n|move|p2a: Milotic|Scald|p1a: Alomomola\n|-resisted|p1a: Alomomola\n|-damage|p1a: Alomomola|90\/100\n|-status|p1a: Alomomola|brn\n|\n|-damage|p2a: Milotic|94\/100 brn|[from] brn\n|-damage|p1a: Alomomola|83\/100 brn|[from] brn\n|upkeep\n|turn|3\n|\n|t:|1700021310\n|move|p2a: Milotic|Scald|p1a: Alomomola\n|-resisted|p1a: Alomomola\n|-damage|p1a: Alomomola|73\/100 brn\n|move|p1a: Alomomola|Wish|p1a: Alomomola\n|\n|-damage|p2a: Milotic|88\/100 brn|[from] brn\n|-damage|p1a: Alomomola|67\/100 brn|[from] brn\n|upkeep\n|turn|4\n|\n|t:|1700021319\n|move|p2a: Milotic|Scald|p1a: Alomomola\n|-resisted|p1a: Alomomola\n|-damage|p1a: Alomomola|55\/100 brn\n|move|p1a: Alomomola|Flip Turn|p2a: Milotic\n|-resisted|p2a: Milotic\n|-damage|p2a: Milotic|86\/100 brn\n|\n|t:|1700021327\n|switch|p1a: Ogerpon|Ogerpon-Cornerstone, F|100\/100|[from] Flip Turn\n|\n|-damage|p2a: Milotic|80\/100 brn|[from] brn\n|upkeep\n|turn|5\n|\n|t:|1700021337\n|move|p1a: Ogerpon|Swords Dance|p1a: Ogerpon\n|-boost|p1a: Ogerpon|atk|2\n|move|p2a: Milotic|Scald|p1a: Ogerpon\n|-damage|p1a: Ogerpon|70\/100\n|\n|-damage|p2a: Milotic|74\/100 brn|[from] brn\n|upkeep\n|turn|6\n|\n|t:|1700021345\n|move|p1a: Ogerpon|Horn Leech|p2a: Milotic\n|-supereffective|p2a: Milotic\n|-damage|p2a: Milotic|0 fnt\n|-heal|p1a: Ogerpon|100\/100|[from] drain|[of] p2a: Milotic\n|faint|p2a: Milotic\n|\n|upkeep\n|\n|t:|1700021352\n|switch|p2a: Typhlosion|Typhlosion, M|100\/100\n|-damage|p2a: Typhlosion|76\/100|[from] Stealth Rock\n|turn|7\n|\n|t:|1700021363\n|-terastallize|p2a: Typhlosion|Fire\n|move|p2a: Typhlosion|Eruption|p1a: Ogerpon\n|-damage|p1a: Ogerpon|15\/100\n|move|p1a: Ogerpon|Ivy Cudgel|p2a: Typhlosion|[anim] Ivy Cudgel Rock\n|-supereffective|p2a: Typhlosion\n|-damage|p2a: Typhlosion|0 fnt\n|faint|p2a: Typhlosion\n|\n|upkeep\n|\n|t:|1700021371\n|switch|p2a: Garchomp|Garchomp, M|100\/100\n|-damage|p2a: Garchomp|94\/100|[from] Stealth Rock\n|turn|8\n|\n|t:|1700021378\n|move|p2a: Garchomp|Dragon Claw|p1a: Ogerpon\n|-damage|p1a: Ogerpon|0 fnt\n|faint|p1a: Ogerpon\n|\n|upkeep\n|\n|t:|1700021384\n|switch|p1a: Gholdengo|Gholdengo|100\/100\n|turn|9\n|\n|t:|1700021391\n|switch|p2a: Umbreon|Umbreon, M|100\/100\n|-damage|p2a: Umbreon|88\/100|[from] Stealth Rock\n|move|p1a: Gholdengo|Make It Rain|p2a: Umbreon\n|-damage|p2a: Umbreon|35\/100\n|-unboost|p1a: Gholdengo|spa|1\n|\n|-heal|p2a: Umbreon|41\/100|[from] item: Leftovers\n|upkeep\n|turn|10\n|\n|t:|1700021418\n|switch|p1a: Great Tusk|Great Tusk|100\/100\n|move|p2a: Umbreon|Protect||[still]\n|-fail|p2a: Umbreon\n|\n|-heal|p2a: Umbreon|47\/100|[from] item: Leftovers\n|upkeep\n|turn|11\n|\n|t:|1700021432\n|move|p1a: Great Tusk|Knock Off|p2a: Umbreon\n|-resisted|p2a: Umbreon\n|-damage|p2a: Umbreon|36\/100\n|-enditem|p2a: Umbreon|Leftovers|[from] move: Knock Off|[of] p1a: Great Tusk\n|move|p2a: Umbreon|Toxic|p1a: Great Tusk\n|-status|p1a: Great Tusk|tox\n|\n|-damage|p1a: Great Tusk|94\/100 tox|[from] psn\n|upkeep\n|turn|12\n|\n|t:|1700021443\n|move|p2a: Umbreon|Protect|p2a: Umbreon\n|-singleturn|p2a: Umbreon|Protect\n|move|p1a: Great Tusk|Body Press|p2a: Umbreon\n|-activate|p2a: Umbreon|move: Protect\n|\n|-heal|p1a: Great Tusk|100\/100 tox|[from] item: Leftovers\n|-damage|p1a: Great Tusk|88\/100 tox|[from] psn\n|upkeep\n|turn|13\n|\n|t:|1700021464\n|move|p1a: Great Tusk|Body Press|p2a: Umbreon\n|-supereffective|p2a: Umbreon\n|-damage|p2a: Umbreon|0 fnt\n|faint|p2a: Umbreon\n|\n|-heal|p1a: Great Tusk|94\/100 tox|[from] item: Leftovers\n|-damage|p1a: Great Tusk|76\/100 tox|[from] psn\n|upkeep\n|\n|t:|1700021471\n|switch|p2a: Staraptor|Staraptor, M|100\/100\n|-damage|p2a: Staraptor|76\/100|[from] Stealth Rock\n|turn|14\n|\n|t:|1700021477\n|-end|p1a: Great Tusk|Protosynthesis|[silent]\n|switch|p1a: Alomomola|Alomomola, F|88\/100 brn\n|move|p2a: Staraptor|Brave Bird|p1a: Alomomola\n|-damage|p1a: Alomomola|38\/100 brn\n|-damage|p2a: Staraptor|59\/100|[from] item: Rocky Helmet|[of] p1a: Alomomola\n|-damage|p2a: Staraptor|31\/100|[from] Recoil\n|\n|-damage|p1a: Alomomola|32\/100 brn|[from] brn\n|upkeep\n|turn|15\n|\n|t:|1700021493\n|switch|p1a: Dragonite|Dragonite, F|100\/100\n|move|p2a: Staraptor|Brave Bird|p1a: Dragonite\n|-damage|p1a: Dragonite|63\/100\n|-damage|p2a: Staraptor|18\/100|[from] Recoil\n|\n|upkeep\n|turn|16\n|\n|t:|1700021502\n|move|p1a: Dragonite|Extreme Speed|p2a: Staraptor\n|-damage|p2a: Staraptor|0 fnt\n|faint|p2a: Staraptor\n|\n|upkeep\n|\n|t:|1700021507\n|switch|p2a: Garchomp|Garchomp, M|94\/100\n|-damage|p2a: Garchomp|88\/100|[from] Stealth Rock\n|turn|17\n|\n|t:|1700021515\n|switch|p1a: Great Tusk|Great Tusk|76\/100 tox\n|move|p2a: Garchomp|Dragon Claw|p1a: Great Tusk\n|-damage|p1a: Great Tusk|55\/100 tox\n|\n|-heal|p1a: Great Tusk|62\/100 tox|[from] item: Leftovers\n|-damage|p1a: Great Tusk|55\/100 tox|[from] psn\n|upkeep\n|turn|18\n|-message|BrownZach forfeited.\n|\n|win|mzznc\n|raw|mzznc's rating: 1134 &rarr; <strong>1154<\/strong><br \/>(+20 for winning)\n|raw|BrownZach's rating: 1066 &rarr; <strong>1050<\/strong><br \/>(-16 for losing)\n|l|\u2606BrownZach\n","uploadtime":1700021537,"views":8,"p1id":"mzznc","p2id":"brownzach","formatid":"gen9ou","rating":1050,"private":0,"password":""}