{"id":"gen9ou-1990829120","p1":"Master of Ultramar","p2":"monkeyjawls","format":"[Gen 9] OU","log":"|j|\u2606Master of Ultramar\n|j|\u2606monkeyjawls\n|t:|1700005122\n|gametype|singles\n|player|p1|Master of Ultramar|swimmer-gen4dp|1110\n|player|p2|monkeyjawls|backersf|1000\n|teamsize|p1|6\n|teamsize|p2|6\n|gen|9\n|tier|[Gen 9] OU\n|rated|\n|rule|Sleep Clause Mod: Limit one foe put to sleep\n|rule|Species Clause: Limit one of each Pok\u00e9mon\n|rule|OHKO Clause: OHKO moves are banned\n|rule|Evasion Items Clause: Evasion items are banned\n|rule|Evasion Moves Clause: Evasion moves are banned\n|rule|Endless Battle Clause: Forcing endless battles is banned\n|rule|HP Percentage Mod: HP is shown in percentages\n|clearpoke\n|poke|p1|Iron Jugulis|\n|poke|p1|Ogerpon-Wellspring, F|\n|poke|p1|Tinkaton, F|\n|poke|p1|Iron Moth|\n|poke|p1|Great Tusk|\n|poke|p1|Dragapult, M|\n|poke|p2|Great Tusk|\n|poke|p2|Ribombee, M|\n|poke|p2|Iron Valiant|\n|poke|p2|Gholdengo|\n|poke|p2|Garchomp, F|\n|poke|p2|Sneasler, M|\n|teampreview\n|inactive|Battle timer is ON: inactive players will automatically lose when time's up. (requested by monkeyjawls)\n|\n|t:|1700005145\n|start\n|switch|p1a: Mortarion SLIME|Dragapult, M|100\/100\n|switch|p2a: Ribombee|Ribombee, M|100\/100\n|turn|1\n|\n|t:|1700005160\n|move|p1a: Mortarion SLIME|U-turn|p2a: Ribombee\n|-resisted|p2a: Ribombee\n|-damage|p2a: Ribombee|85\/100\n|\n|t:|1700005164\n|switch|p1a: Lorgar Skunkmade|Ogerpon-Wellspring, F|100\/100|[from] U-turn\n|move|p2a: Ribombee|Stun Spore|p1a: Lorgar Skunkmade\n|-immune|p1a: Lorgar Skunkmade\n|\n|upkeep\n|turn|2\n|\n|t:|1700005171\n|move|p2a: Ribombee|Sticky Web|p1a: Lorgar Skunkmade\n|-sidestart|p1: Master of Ultramar|move: Sticky Web\n|move|p1a: Lorgar Skunkmade|Spikes|p2a: Ribombee\n|-sidestart|p2: monkeyjawls|Spikes\n|\n|upkeep\n|turn|3\n|\n|t:|1700005181\n|switch|p2a: Gholdengo|Gholdengo|100\/100\n|-item|p2a: Gholdengo|Air Balloon\n|move|p1a: Lorgar Skunkmade|U-turn|p2a: Gholdengo\n|-resisted|p2a: Gholdengo\n|-damage|p2a: Gholdengo|95\/100\n|-enditem|p2a: Gholdengo|Air Balloon\n|\n|t:|1700005201\n|switch|p1a: Konrad Splooge|Iron Jugulis|100\/100|[from] U-turn\n|-enditem|p1a: Konrad Splooge|Booster Energy\n|-activate|p1a: Konrad Splooge|ability: Quark Drive|[fromitem]\n|-start|p1a: Konrad Splooge|quarkdrivespe\n|\n|upkeep\n|turn|4\n|\n|t:|1700005215\n|switch|p2a: Garchomp|Garchomp, F|100\/100\n|-damage|p2a: Garchomp|88\/100|[from] Spikes\n|move|p1a: Konrad Splooge|Earth Power|p2a: Garchomp\n|-damage|p2a: Garchomp|55\/100\n|\n|upkeep\n|turn|5\n|\n|t:|1700005226\n|move|p1a: Konrad Splooge|Hurricane|p2a: Garchomp\n|-damage|p2a: Garchomp|0 fnt\n|faint|p2a: Garchomp\n|\n|upkeep\n|\n|t:|1700005230\n|switch|p2a: Sneasler|Sneasler, M|100\/100\n|-damage|p2a: Sneasler|88\/100|[from] Spikes\n|turn|6\n|\n|t:|1700005237\n|move|p1a: Konrad Splooge|Earth Power|p2a: Sneasler\n|-supereffective|p2a: Sneasler\n|-damage|p2a: Sneasler|12\/100\n|move|p2a: Sneasler|Substitute|p2a: Sneasler\n|-fail|p2a: Sneasler|move: Substitute|[weak]\n|\n|-heal|p2a: Sneasler|18\/100|[from] item: Leftovers\n|upkeep\n|turn|7\n|-message|monkeyjawls forfeited.\n|\n|win|Master of Ultramar\n|raw|Master of Ultramar's rating: 1110 &rarr; <strong>1127<\/strong><br \/>(+17 for winning)\n|raw|monkeyjawls's rating: 1000 &rarr; <strong>1000<\/strong><br \/>(+0 for losing)\n|l|\u2606monkeyjawls\n","uploadtime":1700005246,"views":12,"p1id":"masterofultramar","p2id":"monkeyjawls","formatid":"gen9ou","rating":1000,"private":0,"password":""}