{"id":"gen9ou-1994812217","p1":"fireator","p2":"Home is wild","format":"[Gen 9] OU","log":"|j|\u2606fireator\n|j|\u2606Home is wild\n|t:|1700495095\n|gametype|singles\n|player|p1|fireator|gambler|1752\n|player|p2|Home is wild|170|1783\n|teamsize|p1|6\n|teamsize|p2|6\n|gen|9\n|tier|[Gen 9] OU\n|rated|\n|rule|Sleep Clause Mod: Limit one foe put to sleep\n|rule|Species Clause: Limit one of each Pok\u00e9mon\n|rule|OHKO Clause: OHKO moves are banned\n|rule|Evasion Items Clause: Evasion items are banned\n|rule|Evasion Moves Clause: Evasion moves are banned\n|rule|Endless Battle Clause: Forcing endless battles is banned\n|rule|HP Percentage Mod: HP is shown in percentages\n|clearpoke\n|poke|p1|Iron Valiant|\n|poke|p1|Walking Wake|\n|poke|p1|Hatterene, F|\n|poke|p1|Zamazenta-*|\n|poke|p1|Torkoal, F|\n|poke|p1|Garganacl, M|\n|poke|p2|Cinderace, M|\n|poke|p2|Muk-Alola, M|\n|poke|p2|Dondozo, M|\n|poke|p2|Landorus-Therian, M|\n|poke|p2|Zamazenta-*|\n|poke|p2|Clefable, F|\n|teampreview\n|\n|t:|1700495106\n|start\n|switch|p1a: Torkoal|Torkoal, F|100\/100\n|switch|p2a: Muk|Muk-Alola, M|100\/100\n|-weather|SunnyDay|[from] ability: Drought|[of] p1a: Torkoal\n|turn|1\n|\n|t:|1700495109\n|move|p2a: Muk|Knock Off|p1a: Torkoal\n|-damage|p1a: Torkoal|80\/100\n|-enditem|p1a: Torkoal|Heat Rock|[from] move: Knock Off|[of] p2a: Muk\n|move|p1a: Torkoal|Stealth Rock|p2a: Muk\n|-sidestart|p2: Home is wild|move: Stealth Rock\n|\n|-weather|SunnyDay|[upkeep]\n|upkeep\n|turn|2\n|\n|t:|1700495113\n|move|p2a: Muk|Taunt|p1a: Torkoal\n|-start|p1a: Torkoal|move: Taunt\n|cant|p1a: Torkoal|move: Taunt|Yawn\n|\n|-weather|SunnyDay|[upkeep]\n|upkeep\n|turn|3\n|\n|t:|1700495115\n|move|p2a: Muk|Poison Jab|p1a: Torkoal\n|-damage|p1a: Torkoal|64\/100\n|-status|p1a: Torkoal|psn|[from] ability: Poison Touch|[of] p2a: Muk\n|move|p1a: Torkoal|Lava Plume|p2a: Muk\n|-damage|p2a: Muk|79\/100\n|-status|p2a: Muk|brn\n|\n|-weather|SunnyDay|[upkeep]\n|-heal|p2a: Muk|86\/100 brn|[from] item: Leftovers\n|-damage|p1a: Torkoal|52\/100 psn|[from] psn\n|-damage|p2a: Muk|79\/100 brn|[from] brn\n|upkeep\n|turn|4\n|\n|t:|1700495121\n|switch|p1a: Walking Wake|Walking Wake|100\/100\n|-activate|p1a: Walking Wake|ability: Protosynthesis\n|-start|p1a: Walking Wake|protosynthesisspe\n|move|p2a: Muk|Poison Jab|p1a: Walking Wake\n|-damage|p1a: Walking Wake|84\/100\n|-status|p1a: Walking Wake|psn\n|\n|-weather|SunnyDay|[upkeep]\n|-heal|p2a: Muk|86\/100 brn|[from] item: Leftovers\n|-damage|p1a: Walking Wake|72\/100 psn|[from] psn\n|-damage|p2a: Muk|79\/100 brn|[from] brn\n|upkeep\n|turn|5\n|\n|t:|1700495128\n|-terastallize|p1a: Walking Wake|Water\n|move|p2a: Muk|Protect|p2a: Muk\n|-singleturn|p2a: Muk|Protect\n|move|p1a: Walking Wake|Hydro Steam|p2a: Muk\n|-activate|p2a: Muk|move: Protect\n|\n|-weather|SunnyDay|[upkeep]\n|-heal|p2a: Muk|86\/100 brn|[from] item: Leftovers\n|-damage|p1a: Walking Wake|59\/100 psn|[from] psn\n|-damage|p2a: Muk|79\/100 brn|[from] brn\n|upkeep\n|turn|6\n|j| mew852\n|j| CassBubble\n|j| all hips no lies\n|\n|t:|1700495141\n|move|p1a: Walking Wake|Hydro Steam|p2a: Muk\n|-damage|p2a: Muk|1\/100 brn\n|move|p2a: Muk|Knock Off|p1a: Walking Wake\n|-damage|p1a: Walking Wake|41\/100 psn\n|-enditem|p1a: Walking Wake|Choice Specs|[from] move: Knock Off|[of] p2a: Muk\n|\n|-weather|SunnyDay|[upkeep]\n|-heal|p2a: Muk|7\/100 brn|[from] item: Leftovers\n|-damage|p1a: Walking Wake|29\/100 psn|[from] psn\n|-damage|p2a: Muk|1\/100 brn|[from] brn\n|upkeep\n|turn|7\n|j| Zombini62\n|j| NDSNEZ Yisus\n|\n|t:|1700495148\n|-end|p1a: Walking Wake|Protosynthesis|[silent]\n|switch|p1a: Garganacl|Garganacl, M|100\/100\n|move|p2a: Muk|Protect||[still]\n|-fail|p2a: Muk\n|\n|-weather|SunnyDay|[upkeep]\n|-heal|p2a: Muk|7\/100 brn|[from] item: Leftovers\n|-damage|p2a: Muk|1\/100 brn|[from] brn\n|upkeep\n|turn|8\n|\n|t:|1700495151\n|move|p2a: Muk|Knock Off|p1a: Garganacl\n|-damage|p1a: Garganacl|90\/100\n|-enditem|p1a: Garganacl|Leftovers|[from] move: Knock Off|[of] p2a: Muk\n|move|p1a: Garganacl|Iron Defense|p1a: Garganacl\n|-boost|p1a: Garganacl|def|2\n|\n|-weather|none\n|-heal|p2a: Muk|7\/100 brn|[from] item: Leftovers\n|-damage|p2a: Muk|1\/100 brn|[from] brn\n|upkeep\n|turn|9\n|\n|t:|1700495160\n|switch|p2a: Clefable|Clefable, F|100\/100\n|move|p1a: Garganacl|Salt Cure|p2a: Clefable\n|-damage|p2a: Clefable|91\/100\n|-start|p2a: Clefable|Salt Cure\n|\n|upkeep\n|turn|10\n|\n|t:|1700495169\n|switch|p1a: Torkoal|Torkoal, F|52\/100 psn\n|-weather|SunnyDay|[from] ability: Drought|[of] p1a: Torkoal\n|move|p2a: Clefable|Wish|p2a: Clefable\n|\n|-weather|SunnyDay|[upkeep]\n|-damage|p1a: Torkoal|40\/100 psn|[from] psn\n|upkeep\n|turn|11\n|\n|t:|1700495172\n|move|p2a: Clefable|Moonblast|p1a: Torkoal\n|-resisted|p1a: Torkoal\n|-damage|p1a: Torkoal|18\/100 psn\n|move|p1a: Torkoal|Yawn|p2a: Clefable\n|-start|p2a: Clefable|move: Yawn|[of] p1a: Torkoal\n|\n|-weather|SunnyDay|[upkeep]\n|-heal|p2a: Clefable|100\/100|[from] move: Wish|[wisher] Clefable\n|-damage|p1a: Torkoal|6\/100 psn|[from] psn\n|upkeep\n|turn|12\n|\n|t:|1700495180\n|switch|p2a: Cinderace|Cinderace, M|100\/100\n|move|p1a: Torkoal|Lava Plume|p2a: Cinderace\n|-resisted|p2a: Cinderace\n|-crit|p2a: Cinderace\n|-damage|p2a: Cinderace|66\/100\n|\n|-weather|SunnyDay|[upkeep]\n|-damage|p1a: Torkoal|0 fnt|[from] psn\n|faint|p1a: Torkoal\n|upkeep\n|\n|t:|1700495184\n|switch|p1a: Walking Wake|Walking Wake, tera:Water|29\/100 psn\n|-activate|p1a: Walking Wake|ability: Protosynthesis\n|-start|p1a: Walking Wake|protosynthesisspe\n|turn|13\n|\n|t:|1700495186\n|switch|p2a: Muk|Muk-Alola, M|1\/100 brn\n|-damage|p2a: Muk|0 fnt|[from] Stealth Rock\n|faint|p2a: Muk\n|move|p1a: Walking Wake|Hydro Steam|p2: Muk|[notarget]\n|-fail|p1a: Walking Wake\n|\n|-weather|SunnyDay|[upkeep]\n|-damage|p1a: Walking Wake|16\/100 psn|[from] psn\n|upkeep\n|\n|t:|1700495188\n|switch|p2a: Clefable|Clefable, F|100\/100\n|turn|14\n|\n|t:|1700495190\n|move|p1a: Walking Wake|Hydro Steam|p2a: Clefable\n|-damage|p2a: Clefable|26\/100\n|move|p2a: Clefable|Wish|p2a: Clefable\n|\n|-weather|none\n|-end|p1a: Walking Wake|Protosynthesis\n|-damage|p1a: Walking Wake|4\/100 psn|[from] psn\n|upkeep\n|turn|15\n|\n|t:|1700495193\n|move|p2a: Clefable|Protect|p2a: Clefable\n|-singleturn|p2a: Clefable|Protect\n|move|p1a: Walking Wake|Hydro Steam|p2a: Clefable\n|-activate|p2a: Clefable|move: Protect\n|\n|-heal|p2a: Clefable|76\/100|[from] move: Wish|[wisher] Clefable\n|-damage|p1a: Walking Wake|0 fnt|[from] psn\n|faint|p1a: Walking Wake\n|-end|p1a: Walking Wake|Protosynthesis|[silent]\n|upkeep\n|inactive|Battle timer is ON: inactive players will automatically lose when time's up. (requested by Home is wild)\n|\n|t:|1700495199\n|switch|p1a: Hatterene|Hatterene, F|100\/100\n|turn|16\n|\n|t:|1700495202\n|move|p2a: Clefable|Wish|p2a: Clefable\n|move|p1a: Hatterene|Nuzzle|p2a: Clefable\n|-damage|p2a: Clefable|73\/100\n|-status|p2a: Clefable|par\n|\n|upkeep\n|turn|17\n|\n|t:|1700495204\n|switch|p2a: Cinderace|Cinderace, M|66\/100\n|move|p1a: Hatterene|Psyshock|p2a: Cinderace\n|-damage|p2a: Cinderace|11\/100\n|\n|-heal|p2a: Cinderace|66\/100|[from] move: Wish|[wisher] Clefable\n|upkeep\n|turn|18\n|\n|t:|1700495208\n|move|p2a: Cinderace|Court Change|p2a: Cinderace\n|-swapsideconditions\n|-activate|p2a: Cinderace|move: Court Change\n|move|p1a: Hatterene|Psyshock|p2a: Cinderace\n|-damage|p2a: Cinderace|9\/100\n|\n|upkeep\n|turn|19\n|\n|t:|1700495211\n|move|p2a: Cinderace|Pyro Ball|p1a: Hatterene\n|-damage|p1a: Hatterene|10\/100\n|move|p1a: Hatterene|Psyshock|p2a: Cinderace\n|-damage|p2a: Cinderace|0 fnt\n|faint|p2a: Cinderace\n|\n|upkeep\n|\n|t:|1700495214\n|switch|p2a: Landorus|Landorus-Therian, M|100\/100\n|-ability|p2a: Landorus|Intimidate|boost\n|-unboost|p1a: Hatterene|atk|1\n|turn|20\n|\n|t:|1700495217\n|move|p2a: Landorus|Earthquake|p1a: Hatterene\n|-damage|p1a: Hatterene|0 fnt\n|faint|p1a: Hatterene\n|\n|upkeep\n|\n|t:|1700495224\n|switch|p1a: Iron Valiant|Iron Valiant|100\/100\n|-damage|p1a: Iron Valiant|94\/100|[from] Stealth Rock\n|-enditem|p1a: Iron Valiant|Booster Energy\n|-activate|p1a: Iron Valiant|ability: Quark Drive|[fromitem]\n|-start|p1a: Iron Valiant|quarkdrivespe\n|turn|21\n|inactive|Home is wild has 120 seconds left.\n|\n|t:|1700495273\n|switch|p2a: Clefable|Clefable, F|73\/100 par\n|move|p1a: Iron Valiant|Knock Off|p2a: Clefable\n|-resisted|p2a: Clefable\n|-damage|p2a: Clefable|61\/100 par\n|\n|-damage|p1a: Iron Valiant|82\/100|[from] item: Sticky Barb\n|upkeep\n|turn|22\n|inactive|fireator has 120 seconds left.\n|j| isoptera\n|\n|t:|1700495304\n|move|p1a: Iron Valiant|Spirit Break|p2a: Clefable\n|-damage|p2a: Clefable|30\/100 par\n|-unboost|p2a: Clefable|spa|1\n|cant|p2a: Clefable|par\n|\n|-damage|p1a: Iron Valiant|69\/100|[from] item: Sticky Barb\n|upkeep\n|turn|23\n|inactive|Home is wild has 120 seconds left.\n|j| i h4t3 this game\n|inactive|fireator has 120 seconds left.\n|c|\u2606fireator|wait.. how did I get a sticky barb?\n|inactive|Home is wild has 90 seconds left.\n|c| CassBubble|contact with clef\n|c|\u2606Home is wild|^\n|\n|t:|1700495348\n|cant|p2a: Clefable|par\n|move|p1a: Iron Valiant|Spirit Break|p2a: Clefable\n|-damage|p2a: Clefable|0 fnt\n|faint|p2a: Clefable\n|\n|-damage|p1a: Iron Valiant|57\/100|[from] item: Sticky Barb\n|upkeep\n|\n|t:|1700495351\n|switch|p2a: Landorus|Landorus-Therian, M|100\/100\n|-ability|p2a: Landorus|Intimidate|boost\n|-unboost|p1a: Iron Valiant|atk|1\n|turn|24\n|inactive|fireator has 120 seconds left.\n|\n|t:|1700495357\n|move|p1a: Iron Valiant|Knock Off|p2a: Landorus\n|-damage|p2a: Landorus|84\/100\n|-damage|p1a: Iron Valiant|40\/100|[from] item: Rocky Helmet|[of] p2a: Landorus\n|-enditem|p2a: Landorus|Rocky Helmet|[from] move: Knock Off|[of] p1a: Iron Valiant\n|move|p2a: Landorus|Earthquake|p1a: Iron Valiant\n|-damage|p1a: Iron Valiant|0 fnt\n|faint|p1a: Iron Valiant\n|-end|p1a: Iron Valiant|Quark Drive|[silent]\n|\n|upkeep\n|inactive|fireator has 120 seconds left.\n|\n|t:|1700495367\n|switch|p1a: Zamazenta|Zamazenta|100\/100\n|-damage|p1a: Zamazenta|94\/100|[from] Stealth Rock\n|-ability|p1a: Zamazenta|Dauntless Shield|boost\n|-boost|p1a: Zamazenta|def|1\n|turn|25\n|\n|t:|1700495369\n|move|p1a: Zamazenta|Iron Defense|p1a: Zamazenta\n|-boost|p1a: Zamazenta|def|2\n|move|p2a: Landorus|U-turn|p1a: Zamazenta\n|-resisted|p1a: Zamazenta\n|-crit|p1a: Zamazenta\n|-damage|p1a: Zamazenta|83\/100\n|\n|t:|1700495371\n|switch|p2a: Dondozo|Dondozo, M|100\/100|[from] U-turn\n|\n|-heal|p1a: Zamazenta|89\/100|[from] item: Leftovers\n|upkeep\n|turn|26\n|\n|t:|1700495373\n|switch|p1a: Garganacl|Garganacl, M|90\/100\n|-damage|p1a: Garganacl|77\/100|[from] Stealth Rock\n|move|p2a: Dondozo|Curse|p2a: Dondozo\n|-unboost|p2a: Dondozo|spe|1\n|-boost|p2a: Dondozo|atk|1\n|-boost|p2a: Dondozo|def|1\n|\n|upkeep\n|turn|27\n|\n|t:|1700495377\n|move|p1a: Garganacl|Salt Cure|p2a: Dondozo\n|-damage|p2a: Dondozo|96\/100\n|-start|p2a: Dondozo|Salt Cure\n|move|p2a: Dondozo|Body Press|p1a: Garganacl\n|-supereffective|p1a: Garganacl\n|-damage|p1a: Garganacl|28\/100\n|\n|-heal|p2a: Dondozo|100\/100|[from] item: Leftovers\n|-damage|p2a: Dondozo|75\/100|[from] Salt Cure\n|upkeep\n|turn|28\n|\n|t:|1700495380\n|switch|p2a: Landorus|Landorus-Therian, M|84\/100\n|-ability|p2a: Landorus|Intimidate|boost\n|-unboost|p1a: Garganacl|atk|1\n|move|p1a: Garganacl|Recover|p1a: Garganacl\n|-heal|p1a: Garganacl|78\/100\n|\n|upkeep\n|turn|29\n|\n|t:|1700495386\n|switch|p1a: Zamazenta|Zamazenta|89\/100\n|-damage|p1a: Zamazenta|83\/100|[from] Stealth Rock\n|move|p2a: Landorus|Grass Knot|p1a: Zamazenta\n|-damage|p1a: Zamazenta|61\/100\n|\n|-heal|p1a: Zamazenta|67\/100|[from] item: Leftovers\n|upkeep\n|turn|30\n|\n|t:|1700495390\n|move|p1a: Zamazenta|Body Press|p2a: Landorus\n|-resisted|p2a: Landorus\n|-damage|p2a: Landorus|69\/100\n|move|p2a: Landorus|U-turn|p1a: Zamazenta\n|-resisted|p1a: Zamazenta\n|-damage|p1a: Zamazenta|60\/100\n|\n|t:|1700495392\n|switch|p2a: Dondozo|Dondozo, M|75\/100|[from] U-turn\n|\n|-heal|p1a: Zamazenta|66\/100|[from] item: Leftovers\n|-heal|p2a: Dondozo|82\/100|[from] item: Leftovers\n|upkeep\n|turn|31\n|\n|t:|1700495395\n|switch|p1a: Garganacl|Garganacl, M|78\/100\n|-damage|p1a: Garganacl|65\/100|[from] Stealth Rock\n|move|p2a: Dondozo|Body Press|p1a: Garganacl\n|-supereffective|p1a: Garganacl\n|-damage|p1a: Garganacl|30\/100\n|\n|-heal|p2a: Dondozo|88\/100|[from] item: Leftovers\n|upkeep\n|turn|32\n|\n|t:|1700495399\n|move|p1a: Garganacl|Recover|p1a: Garganacl\n|-heal|p1a: Garganacl|80\/100\n|move|p2a: Dondozo|Body Press|p1a: Garganacl\n|-supereffective|p1a: Garganacl\n|-damage|p1a: Garganacl|48\/100\n|\n|-heal|p2a: Dondozo|94\/100|[from] item: Leftovers\n|upkeep\n|turn|33\n|\n|t:|1700495403\n|move|p2a: Dondozo|Protect|p2a: Dondozo\n|-singleturn|p2a: Dondozo|Protect\n|move|p1a: Garganacl|Salt Cure|p2a: Dondozo\n|-activate|p2a: Dondozo|move: Protect\n|\n|-heal|p2a: Dondozo|99\/100|[from] item: Leftovers\n|upkeep\n|turn|34\n|\n|t:|1700495409\n|move|p1a: Garganacl|Salt Cure|p2a: Dondozo\n|-damage|p2a: Dondozo|94\/100\n|-start|p2a: Dondozo|Salt Cure\n|move|p2a: Dondozo|Body Press|p1a: Garganacl\n|-supereffective|p1a: Garganacl\n|-damage|p1a: Garganacl|15\/100\n|\n|-heal|p2a: Dondozo|99\/100|[from] item: Leftovers\n|-damage|p2a: Dondozo|75\/100|[from] Salt Cure\n|upkeep\n|turn|35\n|\n|t:|1700495412\n|switch|p2a: Landorus|Landorus-Therian, M|69\/100\n|-ability|p2a: Landorus|Intimidate|boost\n|-unboost|p1a: Garganacl|atk|1\n|move|p1a: Garganacl|Recover|p1a: Garganacl\n|-heal|p1a: Garganacl|65\/100\n|\n|upkeep\n|turn|36\n|\n|t:|1700495419\n|move|p2a: Landorus|Earthquake|p1a: Garganacl\n|-supereffective|p1a: Garganacl\n|-damage|p1a: Garganacl|2\/100\n|move|p1a: Garganacl|Iron Defense|p1a: Garganacl\n|-boost|p1a: Garganacl|def|2\n|\n|upkeep\n|turn|37\n|\n|t:|1700495422\n|move|p2a: Landorus|Grass Knot|p1a: Garganacl\n|-supereffective|p1a: Garganacl\n|-damage|p1a: Garganacl|0 fnt\n|faint|p1a: Garganacl\n|\n|upkeep\n|\n|t:|1700495425\n|switch|p1a: Zamazenta|Zamazenta|66\/100\n|-damage|p1a: Zamazenta|60\/100|[from] Stealth Rock\n|turn|38\n|l| all hips no lies\n|\n|t:|1700495428\n|move|p1a: Zamazenta|Iron Defense|p1a: Zamazenta\n|-boost|p1a: Zamazenta|def|2\n|move|p2a: Landorus|U-turn|p1a: Zamazenta\n|-resisted|p1a: Zamazenta\n|-crit|p1a: Zamazenta\n|-damage|p1a: Zamazenta|48\/100\n|j| all hips no lies\n|\n|t:|1700495429\n|switch|p2a: Dondozo|Dondozo, M|75\/100|[from] U-turn\n|\n|-heal|p1a: Zamazenta|54\/100|[from] item: Leftovers\n|-heal|p2a: Dondozo|81\/100|[from] item: Leftovers\n|upkeep\n|turn|39\n|\n|t:|1700495431\n|move|p1a: Zamazenta|Body Press|p2a: Dondozo\n|-damage|p2a: Dondozo|60\/100\n|move|p2a: Dondozo|Curse|p2a: Dondozo\n|-unboost|p2a: Dondozo|spe|1\n|-boost|p2a: Dondozo|atk|1\n|-boost|p2a: Dondozo|def|1\n|\n|-heal|p1a: Zamazenta|60\/100|[from] item: Leftovers\n|-heal|p2a: Dondozo|67\/100|[from] item: Leftovers\n|upkeep\n|turn|40\n|c|\u2606fireator|gg\n|c|\u2606Home is wild|gg\n|-message|fireator forfeited.\n|\n|win|Home is wild\n|raw|fireator's rating: 1752 &rarr; <strong>1734<\/strong><br \/>(-18 for losing)\n|raw|Home is wild's rating: 1783 &rarr; <strong>1801<\/strong><br \/>(+18 for winning)\n|l|\u2606fireator\n|l| i h4t3 this game\n","uploadtime":1700495448,"views":8,"p1id":"fireator","p2id":"homeiswild","formatid":"gen9ou","rating":1734,"private":0,"password":""}