{"id":"gen9ou-1996260486","p1":"Dickenz","p2":"Magenta Maylene","format":"[Gen 9] OU","log":"|j|\u2606Dickenz\n|j|\u2606Magenta Maylene\n|t:|1700665018\n|gametype|singles\n|player|p1|Dickenz|acetrainerf-gen4|1484\n|player|p2|Magenta Maylene|maylene|1570\n|teamsize|p1|6\n|teamsize|p2|6\n|gen|9\n|tier|[Gen 9] OU\n|rated|\n|rule|Sleep Clause Mod: Limit one foe put to sleep\n|rule|Species Clause: Limit one of each Pok\u00e9mon\n|rule|OHKO Clause: OHKO moves are banned\n|rule|Evasion Items Clause: Evasion items are banned\n|rule|Evasion Moves Clause: Evasion moves are banned\n|rule|Endless Battle Clause: Forcing endless battles is banned\n|rule|HP Percentage Mod: HP is shown in percentages\n|clearpoke\n|poke|p1|Kingambit, M|\n|poke|p1|Samurott-Hisui, M|\n|poke|p1|Clefable, F|\n|poke|p1|Great Tusk|\n|poke|p1|Slowking-Galar, F|\n|poke|p1|Zapdos-Galar|\n|poke|p2|Maushold|\n|poke|p2|Abomasnow, M|\n|poke|p2|Glimmora, F|\n|poke|p2|Gholdengo|\n|poke|p2|Moltres|\n|poke|p2|Scizor, F|\n|teampreview\n|inactive|Battle timer is ON: inactive players will automatically lose when time's up. (requested by Dickenz)\n|\n|t:|1700665024\n|start\n|switch|p1a: Samurott|Samurott-Hisui, M|100\/100\n|switch|p2a: Scizor|Scizor, F|100\/100\n|turn|1\n|\n|t:|1700665038\n|move|p1a: Samurott|Flip Turn|p2a: Scizor\n|-damage|p2a: Scizor|75\/100\n|\n|t:|1700665044\n|switch|p1a: Great Tusk|Great Tusk|100\/100|[from] Flip Turn\n|move|p2a: Scizor|U-turn|p1a: Great Tusk\n|-resisted|p1a: Great Tusk\n|-damage|p1a: Great Tusk|87\/100\n|\n|t:|1700665061\n|switch|p2a: Maushold|Maushold|100\/100|[from] U-turn\n|\n|-heal|p1a: Great Tusk|93\/100|[from] item: Leftovers\n|upkeep\n|turn|2\n|\n|t:|1700665070\n|move|p2a: Maushold|Population Bomb|p1a: Great Tusk\n|-damage|p1a: Great Tusk|88\/100\n|-damage|p1a: Great Tusk|83\/100\n|-damage|p1a: Great Tusk|77\/100\n|-damage|p1a: Great Tusk|72\/100\n|-damage|p1a: Great Tusk|67\/100\n|-damage|p1a: Great Tusk|62\/100\n|-damage|p1a: Great Tusk|57\/100\n|-damage|p1a: Great Tusk|52\/100\n|-damage|p1a: Great Tusk|47\/100\n|-damage|p1a: Great Tusk|42\/100\n|-hitcount|p1a: Great Tusk|10\n|move|p1a: Great Tusk|Knock Off|p2a: Maushold\n|-damage|p2a: Maushold|60\/100\n|-enditem|p2a: Maushold|Wide Lens|[from] move: Knock Off|[of] p1a: Great Tusk\n|\n|-heal|p1a: Great Tusk|48\/100|[from] item: Leftovers\n|upkeep\n|turn|3\n|\n|t:|1700665079\n|move|p2a: Maushold|Encore|p1a: Great Tusk\n|-start|p1a: Great Tusk|Encore\n|move|p1a: Great Tusk|Knock Off|p2a: Maushold\n|-damage|p2a: Maushold|32\/100\n|\n|-heal|p1a: Great Tusk|54\/100|[from] item: Leftovers\n|upkeep\n|turn|4\n|\n|t:|1700665095\n|move|p2a: Maushold|Population Bomb|p1a: Great Tusk\n|-damage|p1a: Great Tusk|49\/100\n|-damage|p1a: Great Tusk|44\/100\n|-damage|p1a: Great Tusk|39\/100\n|-damage|p1a: Great Tusk|33\/100\n|-damage|p1a: Great Tusk|28\/100\n|-damage|p1a: Great Tusk|23\/100\n|-damage|p1a: Great Tusk|17\/100\n|-damage|p1a: Great Tusk|12\/100\n|-damage|p1a: Great Tusk|7\/100\n|-damage|p1a: Great Tusk|2\/100\n|-hitcount|p1a: Great Tusk|10\n|move|p1a: Great Tusk|Knock Off|p2a: Maushold\n|-damage|p2a: Maushold|1\/100\n|\n|-heal|p1a: Great Tusk|9\/100|[from] item: Leftovers\n|upkeep\n|turn|5\n|\n|t:|1700665099\n|move|p2a: Maushold|Population Bomb|p1a: Great Tusk\n|-damage|p1a: Great Tusk|3\/100\n|-damage|p1a: Great Tusk|0 fnt\n|faint|p1a: Great Tusk\n|-end|p1a: Great Tusk|Protosynthesis|[silent]\n|-hitcount|p1: Great Tusk|2\n|\n|upkeep\n|\n|t:|1700665103\n|switch|p1a: Samurott|Samurott-Hisui, M|100\/100\n|turn|6\n|\n|t:|1700665108\n|move|p1a: Samurott|Flip Turn|p2a: Maushold\n|-damage|p2a: Maushold|0 fnt\n|faint|p2a: Maushold\n|\n|t:|1700665112\n|switch|p1a: Zapdos|Zapdos-Galar|100\/100|[from] Flip Turn\n|\n|upkeep\n|\n|t:|1700665121\n|switch|p2a: Moltres|Moltres|100\/100\n|turn|7\n|\n|t:|1700665137\n|switch|p1a: Slowking|Slowking-Galar, F|100\/100\n|move|p2a: Moltres|Will-O-Wisp|p1a: Slowking|[miss]\n|-miss|p2a: Moltres|p1a: Slowking\n|\n|upkeep\n|turn|8\n|\n|t:|1700665143\n|move|p2a: Moltres|U-turn|p1a: Slowking\n|-damage|p1a: Slowking|87\/100\n|\n|t:|1700665164\n|switch|p2a: Gholdengo|Gholdengo|100\/100|[from] U-turn\n|move|p1a: Slowking|Future Sight|p2a: Gholdengo\n|-start|p1a: Slowking|move: Future Sight\n|\n|upkeep\n|turn|9\n|\n|t:|1700665169\n|move|p2a: Gholdengo|Shadow Ball|p1a: Slowking\n|-supereffective|p1a: Slowking\n|-damage|p1a: Slowking|44\/100\n|move|p1a: Slowking|Flamethrower|p2a: Gholdengo\n|-supereffective|p2a: Gholdengo\n|-damage|p2a: Gholdengo|38\/100\n|\n|upkeep\n|turn|10\n|\n|t:|1700665178\n|switch|p1a: Samurott|Samurott-Hisui, M|100\/100\n|move|p2a: Gholdengo|Shadow Ball|p1a: Samurott\n|-resisted|p1a: Samurott\n|-damage|p1a: Samurott|63\/100\n|\n|-end|p2a: Gholdengo|move: Future Sight\n|-resisted|p2a: Gholdengo\n|-damage|p2a: Gholdengo|8\/100\n|upkeep\n|turn|11\n|\n|t:|1700665187\n|switch|p2a: Abomasnow|Abomasnow, M|100\/100\n|-weather|Snow|[from] ability: Snow Warning|[of] p2a: Abomasnow\n|move|p1a: Samurott|Ceaseless Edge|p2a: Abomasnow\n|-damage|p2a: Abomasnow|67\/100\n|-sidestart|p2: Magenta Maylene|Spikes\n|\n|-weather|Snow|[upkeep]\n|upkeep\n|turn|12\n|\n|t:|1700665194\n|move|p1a: Samurott|Ceaseless Edge|p2a: Abomasnow\n|-crit|p2a: Abomasnow\n|-damage|p2a: Abomasnow|21\/100\n|-sidestart|p2: Magenta Maylene|Spikes\n|move|p2a: Abomasnow|Aurora Veil|p2a: Abomasnow\n|-sidestart|p2: Magenta Maylene|move: Aurora Veil\n|\n|-weather|Snow|[upkeep]\n|upkeep\n|turn|13\n|\n|t:|1700665201\n|move|p1a: Samurott|Ceaseless Edge|p2a: Abomasnow\n|-damage|p2a: Abomasnow|4\/100\n|-sidestart|p2: Magenta Maylene|Spikes\n|move|p2a: Abomasnow|Leaf Storm|p1a: Samurott\n|-supereffective|p1a: Samurott\n|-damage|p1a: Samurott|0 fnt\n|-unboost|p2a: Abomasnow|spa|2\n|faint|p1a: Samurott\n|\n|-weather|Snow|[upkeep]\n|upkeep\n|\n|t:|1700665216\n|switch|p1a: Kingambit|Kingambit, M|100\/100\n|-activate|p1a: Kingambit|ability: Supreme Overlord\n|-start|p1a: Kingambit|fallen2|[silent]\n|turn|14\n|\n|t:|1700665228\n|switch|p2a: Moltres|Moltres|100\/100\n|move|p1a: Kingambit|Swords Dance|p1a: Kingambit\n|-boost|p1a: Kingambit|atk|2\n|\n|-weather|Snow|[upkeep]\n|upkeep\n|turn|15\n|\n|t:|1700665238\n|-terastallize|p1a: Kingambit|Dark\n|move|p2a: Moltres|Will-O-Wisp|p1a: Kingambit\n|-status|p1a: Kingambit|brn\n|-enditem|p1a: Kingambit|Lum Berry|[eat]\n|-curestatus|p1a: Kingambit|brn|[msg]\n|move|p1a: Kingambit|Kowtow Cleave|p2a: Moltres\n|-damage|p2a: Moltres|43\/100\n|-status|p1a: Kingambit|brn|[from] ability: Flame Body|[of] p2a: Moltres\n|\n|-weather|none\n|-damage|p1a: Kingambit|94\/100 brn|[from] brn\n|upkeep\n|turn|16\n|\n|t:|1700665251\n|move|p2a: Moltres|Roost|p2a: Moltres\n|-heal|p2a: Moltres|93\/100\n|-singleturn|p2a: Moltres|move: Roost\n|move|p1a: Kingambit|Swords Dance|p1a: Kingambit\n|-boost|p1a: Kingambit|atk|2\n|\n|-damage|p1a: Kingambit|88\/100 brn|[from] brn\n|-sideend|p2: Magenta Maylene|move: Aurora Veil\n|upkeep\n|turn|17\n|\n|t:|1700665254\n|move|p2a: Moltres|Flamethrower|p1a: Kingambit\n|-crit|p1a: Kingambit\n|-damage|p1a: Kingambit|38\/100 brn\n|move|p1a: Kingambit|Kowtow Cleave|p2a: Moltres\n|-damage|p2a: Moltres|11\/100\n|\n|-damage|p1a: Kingambit|32\/100 brn|[from] brn\n|upkeep\n|turn|18\n|\n|t:|1700665261\n|move|p2a: Moltres|Roost|p2a: Moltres\n|-heal|p2a: Moltres|61\/100\n|-singleturn|p2a: Moltres|move: Roost\n|move|p1a: Kingambit|Kowtow Cleave|p2a: Moltres\n|-damage|p2a: Moltres|0 fnt\n|faint|p2a: Moltres\n|\n|-damage|p1a: Kingambit|26\/100 brn|[from] brn\n|upkeep\n|\n|t:|1700665277\n|switch|p2a: Scizor|Scizor, F|75\/100\n|-damage|p2a: Scizor|50\/100|[from] Spikes\n|turn|19\n|\n|t:|1700665286\n|move|p1a: Kingambit|Sucker Punch||[still]\n|-fail|p1a: Kingambit\n|move|p2a: Scizor|Defog|p1a: Kingambit\n|-unboost|p1a: Kingambit|evasion|1\n|-sideend|p2: Magenta Maylene|Spikes|[from] move: Defog|[of] p2a: Scizor\n|\n|-damage|p1a: Kingambit|19\/100 brn|[from] brn\n|upkeep\n|turn|20\n|\n|t:|1700665295\n|switch|p2a: Abomasnow|Abomasnow, M|4\/100\n|-weather|Snow|[from] ability: Snow Warning|[of] p2a: Abomasnow\n|move|p1a: Kingambit|Kowtow Cleave|p2a: Abomasnow\n|-damage|p2a: Abomasnow|0 fnt\n|faint|p2a: Abomasnow\n|\n|-weather|Snow|[upkeep]\n|-damage|p1a: Kingambit|13\/100 brn|[from] brn\n|upkeep\n|\n|t:|1700665312\n|switch|p2a: Scizor|Scizor, F|50\/100\n|turn|21\n|\n|t:|1700665336\n|move|p2a: Scizor|Bullet Punch|p1a: Kingambit\n|-damage|p1a: Kingambit|0 fnt\n|faint|p1a: Kingambit\n|-end|p1a: Kingambit|fallen2|[silent]\n|\n|-weather|Snow|[upkeep]\n|upkeep\n|\n|t:|1700665342\n|switch|p1a: Zapdos|Zapdos-Galar|100\/100\n|turn|22\n|\n|t:|1700665361\n|move|p2a: Scizor|Bullet Punch|p1a: Zapdos\n|-damage|p1a: Zapdos|36\/100\n|move|p1a: Zapdos|Knock Off|p2a: Scizor\n|-damage|p2a: Scizor|4\/100\n|-enditem|p2a: Scizor|Choice Band|[from] move: Knock Off|[of] p1a: Zapdos\n|\n|-weather|Snow|[upkeep]\n|upkeep\n|turn|23\n|\n|t:|1700665372\n|-terastallize|p2a: Scizor|Steel\n|move|p2a: Scizor|Bullet Punch|p1a: Zapdos\n|-damage|p1a: Zapdos|0 fnt\n|faint|p1a: Zapdos\n|\n|-weather|Snow|[upkeep]\n|upkeep\n|\n|t:|1700665377\n|switch|p1a: Slowking|Slowking-Galar, F|77\/100\n|turn|24\n|\n|t:|1700665380\n|move|p2a: Scizor|U-turn|p1a: Slowking\n|-damage|p1a: Slowking|35\/100\n|\n|t:|1700665384\n|switch|p2a: Glimmora|Glimmora, F|100\/100|[from] U-turn\n|move|p1a: Slowking|Flamethrower|p2a: Glimmora\n|-resisted|p2a: Glimmora\n|-damage|p2a: Glimmora|86\/100\n|\n|-weather|none\n|upkeep\n|turn|25\n|\n|t:|1700665391\n|move|p2a: Glimmora|Earth Power|p1a: Slowking\n|-supereffective|p1a: Slowking\n|-damage|p1a: Slowking|6\/100\n|move|p1a: Slowking|Surf|p2a: Glimmora\n|-supereffective|p2a: Glimmora\n|-damage|p2a: Glimmora|16\/100\n|\n|upkeep\n|turn|26\n|\n|t:|1700665399\n|switch|p1a: Clefable|Clefable, F|100\/100\n|move|p2a: Glimmora|Earth Power|p1a: Clefable\n|-damage|p1a: Clefable|70\/100\n|\n|-heal|p1a: Clefable|76\/100|[from] item: Leftovers\n|upkeep\n|turn|27\n|\n|t:|1700665410\n|move|p2a: Glimmora|Stealth Rock|p1a: Clefable\n|-sidestart|p1: Dickenz|move: Stealth Rock\n|move|p1a: Clefable|Wish|p1a: Clefable\n|\n|-heal|p1a: Clefable|82\/100|[from] item: Leftovers\n|upkeep\n|turn|28\n|\n|t:|1700665415\n|move|p2a: Glimmora|Power Gem|p1a: Clefable\n|-damage|p1a: Clefable|44\/100\n|move|p1a: Clefable|Moonblast|p2a: Glimmora\n|-resisted|p2a: Glimmora\n|-damage|p2a: Glimmora|0 fnt\n|faint|p2a: Glimmora\n|\n|-heal|p1a: Clefable|94\/100|[from] move: Wish|[wisher] Clefable\n|-heal|p1a: Clefable|99\/100|[from] item: Leftovers\n|upkeep\n|\n|t:|1700665422\n|switch|p2a: Gholdengo|Gholdengo|8\/100\n|turn|29\n|\n|t:|1700665426\n|move|p2a: Gholdengo|Make It Rain|p1a: Clefable\n|-supereffective|p1a: Clefable\n|-damage|p1a: Clefable|0 fnt\n|-unboost|p2a: Gholdengo|spa|1\n|faint|p1a: Clefable\n|\n|upkeep\n|\n|t:|1700665429\n|switch|p1a: Slowking|Slowking-Galar, F|40\/100\n|-damage|p1a: Slowking|27\/100|[from] Stealth Rock\n|turn|30\n|\n|t:|1700665436\n|move|p2a: Gholdengo|Make It Rain|p1a: Slowking\n|-damage|p1a: Slowking|5\/100\n|-unboost|p2a: Gholdengo|spa|1\n|move|p1a: Slowking|Flamethrower|p2a: Gholdengo\n|-supereffective|p2a: Gholdengo\n|-damage|p2a: Gholdengo|0 fnt\n|faint|p2a: Gholdengo\n|\n|upkeep\n|\n|t:|1700665443\n|switch|p2a: Scizor|Scizor, F, tera:Steel|4\/100\n|turn|31\n|c|\u2606Magenta Maylene|gg\n|\n|t:|1700665454\n|move|p2a: Scizor|Bullet Punch|p1a: Slowking\n|-damage|p1a: Slowking|0 fnt\n|faint|p1a: Slowking\n|\n|win|Magenta Maylene\n|raw|Dickenz's rating: 1484 &rarr; <strong>1469<\/strong><br \/>(-15 for losing)\n|raw|Magenta Maylene's rating: 1570 &rarr; <strong>1585<\/strong><br \/>(+15 for winning)\n|l|\u2606Dickenz\n","uploadtime":1700665477,"views":7,"p1id":"dickenz","p2id":"magentamaylene","formatid":"gen9ou","rating":1469,"private":0,"password":""}