{"id":"gen9ou-1996357362","p1":"ajefne","p2":"WelpMan","format":"[Gen 9] OU","log":"|j|\u2606ajefne\n|j|\u2606WelpMan\n|t:|1700674344\n|gametype|singles\n|player|p1|ajefne|thorton|1335\n|player|p2|WelpMan|dancer|1323\n|teamsize|p1|6\n|teamsize|p2|6\n|gen|9\n|tier|[Gen 9] OU\n|rated|\n|rule|Sleep Clause Mod: Limit one foe put to sleep\n|rule|Species Clause: Limit one of each Pok\u00e9mon\n|rule|OHKO Clause: OHKO moves are banned\n|rule|Evasion Items Clause: Evasion items are banned\n|rule|Evasion Moves Clause: Evasion moves are banned\n|rule|Endless Battle Clause: Forcing endless battles is banned\n|rule|HP Percentage Mod: HP is shown in percentages\n|clearpoke\n|poke|p1|Dragapult, M|\n|poke|p1|Munkidori, M|\n|poke|p1|Great Tusk|\n|poke|p1|Gholdengo|\n|poke|p1|Samurott-Hisui, F|\n|poke|p1|Zapdos|\n|poke|p2|Dondozo, M|\n|poke|p2|Gholdengo|\n|poke|p2|Lokix, F|\n|poke|p2|Iron Moth|\n|poke|p2|Glimmora, M|\n|poke|p2|Dragapult, F|\n|teampreview\n|\n|t:|1700674361\n|start\n|switch|p1a: dushane|Munkidori, M|100\/100\n|switch|p2a: Lokix|Lokix, F|100\/100\n|turn|1\n|inactive|Battle timer is ON: inactive players will automatically lose when time's up. (requested by ajefne)\n|\n|t:|1700674389\n|switch|p1a: jamie|Great Tusk, shiny|100\/100\n|move|p2a: Lokix|Knock Off|p1a: jamie\n|-resisted|p1a: jamie\n|-damage|p1a: jamie|69\/100\n|-enditem|p1a: jamie|Leftovers|[from] move: Knock Off|[of] p2a: Lokix\n|-damage|p2a: Lokix|91\/100|[from] item: Life Orb\n|\n|upkeep\n|turn|2\n|\n|t:|1700674400\n|move|p2a: Lokix|U-turn|p1a: jamie\n|-resisted|p1a: jamie\n|-crit|p1a: jamie\n|-damage|p1a: jamie|34\/100\n|-damage|p2a: Lokix|81\/100|[from] item: Life Orb\n|\n|t:|1700674406\n|switch|p2a: Dondozo|Dondozo, M|100\/100|[from] U-turn\n|move|p1a: jamie|Stealth Rock|p2a: Dondozo\n|-sidestart|p2: WelpMan|move: Stealth Rock\n|\n|upkeep\n|turn|3\n|\n|t:|1700674415\n|-end|p1a: jamie|Protosynthesis|[silent]\n|switch|p1a: modie|Zapdos, shiny|100\/100\n|move|p2a: Dondozo|Liquidation|p1a: modie\n|-damage|p1a: modie|67\/100\n|\n|upkeep\n|turn|4\n|c|\u2606ajefne|u can keep using dozo, your father wont come back\n|\n|t:|1700674442\n|switch|p2a: Dragapult|Dragapult, F|100\/100\n|-damage|p2a: Dragapult|88\/100|[from] Stealth Rock\n|move|p1a: modie|Hurricane|p2a: Dragapult\n|-damage|p2a: Dragapult|16\/100\n|\n|-heal|p2a: Dragapult|22\/100|[from] item: Leftovers\n|upkeep\n|turn|5\n|inactive|ajefne has 120 seconds left.\n|\n|t:|1700674477\n|move|p2a: Dragapult|Dragon Darts|p1a: modie\n|-damage|p1a: modie|35\/100\n|-anim|p2a: Dragapult|Dragon Darts|p1a: modie\n|-damage|p1a: modie|0 fnt\n|faint|p1a: modie\n|\n|-heal|p2a: Dragapult|28\/100|[from] item: Leftovers\n|upkeep\n|inactive|ajefne has 120 seconds left.\n|\n|t:|1700674482\n|switch|p1a: dris|Samurott-Hisui, F, shiny|100\/100\n|turn|6\n|inactive|WelpMan has 120 seconds left.\n|c|\u2606WelpMan|Bro u name ur mons after top boy stfu\n|\n|t:|1700674523\n|switch|p2a: Lokix|Lokix, F|81\/100\n|-damage|p2a: Lokix|56\/100|[from] Stealth Rock\n|move|p1a: dris|Ceaseless Edge|p2a: Lokix\n|-resisted|p2a: Lokix\n|-damage|p2a: Lokix|27\/100\n|-sidestart|p2: WelpMan|Spikes\n|\n|upkeep\n|turn|7\n|c|\u2606ajefne|this is a smogon team u fat fck\n|c|\u2606ajefne|as i said, using dozo wont bring ur father back\n|inactive|WelpMan has 90 seconds left.\n|c|\u2606WelpMan|how does that correlate to my father?\n|\n|t:|1700674550\n|move|p2a: Lokix|First Impression|p1a: dris\n|-supereffective|p1a: dris\n|-damage|p1a: dris|0 fnt\n|faint|p1a: dris\n|-damage|p2a: Lokix|17\/100|[from] item: Life Orb\n|\n|upkeep\n|c|\u2606ajefne|dozo=no father figure\n|inactive|ajefne has 120 seconds left.\n|c|\u2606ajefne|thats just logic\n|\n|t:|1700674565\n|switch|p1a: jamie|Great Tusk, shiny|34\/100\n|turn|8\n|\n|t:|1700674578\n|move|p2a: Lokix|U-turn|p1a: jamie\n|-resisted|p1a: jamie\n|-damage|p1a: jamie|12\/100\n|-damage|p2a: Lokix|8\/100|[from] item: Life Orb\n|\n|t:|1700674582\n|switch|p2a: Dondozo|Dondozo, M|100\/100|[from] U-turn\n|-damage|p2a: Dondozo|88\/100|[from] Stealth Rock\n|-damage|p2a: Dondozo|75\/100|[from] Spikes\n|move|p1a: jamie|Ice Spinner|p2a: Dondozo\n|-resisted|p2a: Dondozo\n|-damage|p2a: Dondozo|69\/100\n|\n|-heal|p2a: Dondozo|75\/100|[from] item: Leftovers\n|upkeep\n|turn|9\n|\n|t:|1700674586\n|move|p1a: jamie|Earthquake|p2a: Dondozo\n|-crit|p2a: Dondozo\n|-damage|p2a: Dondozo|34\/100\n|move|p2a: Dondozo|Liquidation|p1a: jamie\n|-supereffective|p1a: jamie\n|-damage|p1a: jamie|0 fnt\n|faint|p1a: jamie\n|-end|p1a: jamie|Protosynthesis|[silent]\n|\n|-heal|p2a: Dondozo|41\/100|[from] item: Leftovers\n|upkeep\n|\n|t:|1700674594\n|switch|p1a: rafe|Dragapult, M, shiny|100\/100\n|turn|10\n|inactive|WelpMan has 120 seconds left.\n|\n|t:|1700674605\n|switch|p2a: Dragapult|Dragapult, F|28\/100\n|-damage|p2a: Dragapult|16\/100|[from] Stealth Rock\n|-damage|p2a: Dragapult|4\/100|[from] Spikes\n|move|p1a: rafe|Dragon Darts|p2a: Dragapult\n|-supereffective|p2a: Dragapult\n|-damage|p2a: Dragapult|0 fnt\n|faint|p2a: Dragapult\n|\n|upkeep\n|\n|t:|1700674608\n|switch|p2a: Glimmora|Glimmora, M|100\/100\n|-damage|p2a: Glimmora|88\/100|[from] Stealth Rock\n|-damage|p2a: Glimmora|76\/100|[from] Spikes\n|turn|11\n|\n|t:|1700674612\n|switch|p1a: sully|Gholdengo, shiny|100\/100\n|move|p2a: Glimmora|Mortal Spin|p1a: sully\n|-immune|p1a: sully\n|\n|upkeep\n|turn|12\n|\n|t:|1700674625\n|-terastallize|p2a: Glimmora|Ghost\n|move|p2a: Glimmora|Earth Power|p1a: sully\n|-supereffective|p1a: sully\n|-damage|p1a: sully|44\/100\n|move|p1a: sully|Shadow Ball|p2a: Glimmora\n|-supereffective|p2a: Glimmora\n|-damage|p2a: Glimmora|0 fnt\n|faint|p2a: Glimmora\n|\n|upkeep\n|\n|t:|1700674633\n|switch|p2a: Gholdengo|Gholdengo|100\/100\n|-damage|p2a: Gholdengo|94\/100|[from] Stealth Rock\n|-item|p2a: Gholdengo|Air Balloon\n|turn|13\n|\n|t:|1700674639\n|-terastallize|p1a: sully|Flying\n|move|p1a: sully|Recover|p1a: sully\n|-heal|p1a: sully|94\/100\n|move|p2a: Gholdengo|Shadow Ball|p1a: sully\n|-damage|p1a: sully|53\/100\n|\n|upkeep\n|turn|14\n|\n|t:|1700674645\n|move|p1a: sully|Shadow Ball|p2a: Gholdengo\n|-supereffective|p2a: Gholdengo\n|-damage|p2a: Gholdengo|15\/100\n|-enditem|p2a: Gholdengo|Air Balloon\n|move|p2a: Gholdengo|Nasty Plot|p2a: Gholdengo\n|-boost|p2a: Gholdengo|spa|2\n|\n|upkeep\n|turn|15\n|\n|t:|1700674652\n|move|p1a: sully|Shadow Ball|p2a: Gholdengo\n|-supereffective|p2a: Gholdengo\n|-damage|p2a: Gholdengo|0 fnt\n|faint|p2a: Gholdengo\n|\n|upkeep\n|\n|t:|1700674654\n|switch|p2a: Iron Moth|Iron Moth|100\/100\n|-damage|p2a: Iron Moth|76\/100|[from] Stealth Rock\n|-damage|p2a: Iron Moth|63\/100|[from] Spikes\n|-enditem|p2a: Iron Moth|Booster Energy\n|-activate|p2a: Iron Moth|ability: Quark Drive|[fromitem]\n|-start|p2a: Iron Moth|quarkdrivespe\n|turn|16\n|\n|t:|1700674667\n|move|p2a: Iron Moth|Fiery Dance|p1a: sully\n|-crit|p1a: sully\n|-damage|p1a: sully|0 fnt\n|faint|p1a: sully\n|\n|upkeep\n|\n|t:|1700674670\n|switch|p1a: rafe|Dragapult, M, shiny|100\/100\n|turn|17\n|\n|t:|1700674679\n|move|p2a: Iron Moth|Fiery Dance|p1a: rafe\n|-resisted|p1a: rafe\n|-damage|p1a: rafe|73\/100\n|-boost|p2a: Iron Moth|spa|1\n|move|p1a: rafe|Dragon Darts|p2a: Iron Moth\n|-damage|p2a: Iron Moth|1\/100\n|-anim|p1a: rafe|Dragon Darts|p2a: Iron Moth\n|-damage|p2a: Iron Moth|0 fnt\n|faint|p2a: Iron Moth\n|-end|p2a: Iron Moth|Quark Drive|[silent]\n|\n|upkeep\n|\n|t:|1700674682\n|switch|p2a: Lokix|Lokix, F|8\/100\n|-damage|p2a: Lokix|0 fnt|[from] Stealth Rock\n|faint|p2a: Lokix\n|\n|t:|1700674683\n|switch|p2a: Dondozo|Dondozo, M|41\/100\n|-damage|p2a: Dondozo|28\/100|[from] Stealth Rock\n|-damage|p2a: Dondozo|16\/100|[from] Spikes\n|turn|18\n|\n|t:|1700674686\n|move|p2a: Dondozo|Protect|p2a: Dondozo\n|-singleturn|p2a: Dondozo|Protect\n|move|p1a: rafe|Dragon Darts|p2a: Dondozo\n|-activate|p2a: Dondozo|move: Protect\n|\n|-heal|p2a: Dondozo|22\/100|[from] item: Leftovers\n|upkeep\n|turn|19\n|\n|t:|1700674690\n|move|p1a: rafe|Dragon Darts|p2a: Dondozo\n|-damage|p2a: Dondozo|0 fnt\n|faint|p2a: Dondozo\n|\n|win|ajefne\n|raw|ajefne's rating: 1335 &rarr; <strong>1354<\/strong><br \/>(+19 for winning)\n|raw|WelpMan's rating: 1323 &rarr; <strong>1304<\/strong><br \/>(-19 for losing)\n","uploadtime":1700674527,"views":3,"p1id":"ajefne","p2id":"welpman","formatid":"gen9ou","rating":1304,"private":0,"password":""}