{"id":"gen9ou-1990694832","p1":"get ewrecked","p2":"ghostgallade","format":"[Gen 9] OU","log":"|j|\u2606get ewrecked\n|j|\u2606ghostgallade\n|t:|1699992443\n|gametype|singles\n|player|p1|get ewrecked|101|1505\n|player|p2|ghostgallade|n|1451\n|teamsize|p1|6\n|teamsize|p2|6\n|gen|9\n|tier|[Gen 9] OU\n|rated|\n|rule|Sleep Clause Mod: Limit one foe put to sleep\n|rule|Species Clause: Limit one of each Pok\u00e9mon\n|rule|OHKO Clause: OHKO moves are banned\n|rule|Evasion Items Clause: Evasion items are banned\n|rule|Evasion Moves Clause: Evasion moves are banned\n|rule|Endless Battle Clause: Forcing endless battles is banned\n|rule|HP Percentage Mod: HP is shown in percentages\n|clearpoke\n|poke|p1|Slowking-Galar, F|\n|poke|p1|Cinderace, F|\n|poke|p1|Gholdengo|\n|poke|p1|Weezing-Galar, F|\n|poke|p1|Ogerpon-Wellspring, F|\n|poke|p1|Mandibuzz, F|\n|poke|p2|Maushold|\n|poke|p2|Rillaboom, F|\n|poke|p2|Great Tusk|\n|poke|p2|Heatran, M|\n|poke|p2|Enamorus, F|\n|poke|p2|Kingambit, F|\n|teampreview\n|inactive|Battle timer is ON: inactive players will automatically lose when time's up. (requested by get ewrecked)\n|\n|t:|1699992466\n|start\n|switch|p1a: Slowking|Slowking-Galar, F|100\/100\n|switch|p2a: Rillaboom|Rillaboom, F|100\/100\n|-fieldstart|move: Grassy Terrain|[from] ability: Grassy Surge|[of] p2a: Rillaboom\n|turn|1\n|\n|t:|1699992479\n|move|p2a: Rillaboom|Knock Off|p1a: Slowking\n|-supereffective|p1a: Slowking\n|-damage|p1a: Slowking|0 fnt\n|-enditem|p1a: Slowking|Black Sludge|[from] move: Knock Off|[of] p2a: Rillaboom\n|faint|p1a: Slowking\n|\n|upkeep\n|\n|t:|1699992482\n|switch|p1a: Weezing|Weezing-Galar, F, shiny|100\/100\n|-ability|p1a: Weezing|Neutralizing Gas\n|turn|2\n|\n|t:|1699992490\n|-end|p1a: Weezing|ability: Neutralizing Gas\n|switch|p1a: Ogerpon|Ogerpon-Wellspring, F|100\/100\n|move|p2a: Rillaboom|Knock Off|p1a: Ogerpon\n|-damage|p1a: Ogerpon|50\/100\n|\n|-heal|p1a: Ogerpon|56\/100|[from] Grassy Terrain\n|upkeep\n|turn|3\n|\n|t:|1699992507\n|move|p1a: Ogerpon|Swords Dance|p1a: Ogerpon\n|-boost|p1a: Ogerpon|atk|2\n|move|p2a: Rillaboom|Knock Off|p1a: Ogerpon\n|-damage|p1a: Ogerpon|5\/100\n|\n|-heal|p1a: Ogerpon|11\/100|[from] Grassy Terrain\n|upkeep\n|turn|4\n|\n|t:|1699992514\n|move|p1a: Ogerpon|U-turn|p2a: Rillaboom\n|-supereffective|p2a: Rillaboom\n|-damage|p2a: Rillaboom|0 fnt\n|faint|p2a: Rillaboom\n|\n|t:|1699992520\n|switch|p1a: Weezing|Weezing-Galar, F, shiny|100\/100|[from] U-turn\n|-ability|p1a: Weezing|Neutralizing Gas\n|\n|upkeep\n|\n|t:|1699992534\n|switch|p2a: Heatran|Heatran, M|100\/100\n|turn|5\n|\n|t:|1699992543\n|-end|p1a: Weezing|ability: Neutralizing Gas\n|switch|p1a: Cinderace|Cinderace, F|100\/100\n|move|p2a: Heatran|Magma Storm|p1a: Cinderace\n|-resisted|p1a: Cinderace\n|-damage|p1a: Cinderace|72\/100\n|-activate|p1a: Cinderace|move: Magma Storm|[of] p2a: Heatran\n|\n|-heal|p1a: Cinderace|78\/100|[from] Grassy Terrain\n|-damage|p1a: Cinderace|65\/100|[from] move: Magma Storm|[partiallytrapped]\n|-fieldend|move: Grassy Terrain\n|upkeep\n|turn|6\n|\n|t:|1699992557\n|-terastallize|p2a: Heatran|Grass\n|move|p1a: Cinderace|U-turn|p2a: Heatran\n|-supereffective|p2a: Heatran\n|-damage|p2a: Heatran|67\/100\n|\n|t:|1699992564\n|switch|p1a: Gholdengo|Gholdengo|100\/100|[from] U-turn\n|-item|p1a: Gholdengo|Air Balloon\n|move|p2a: Heatran|Stealth Rock|p1a: Gholdengo\n|-sidestart|p1: get ewrecked|move: Stealth Rock\n|\n|-heal|p2a: Heatran|73\/100|[from] item: Leftovers\n|upkeep\n|turn|7\n|\n|t:|1699992571\n|switch|p1a: Cinderace|Cinderace, F|65\/100\n|move|p2a: Heatran|Magma Storm|p1a: Cinderace\n|-resisted|p1a: Cinderace\n|-damage|p1a: Cinderace|38\/100\n|-activate|p1a: Cinderace|move: Magma Storm|[of] p2a: Heatran\n|\n|-heal|p2a: Heatran|79\/100|[from] item: Leftovers\n|-damage|p1a: Cinderace|25\/100|[from] move: Magma Storm|[partiallytrapped]\n|upkeep\n|turn|8\n|\n|t:|1699992584\n|move|p1a: Cinderace|Court Change|p1a: Cinderace\n|-swapsideconditions\n|-activate|p1a: Cinderace|move: Court Change\n|move|p2a: Heatran|Magma Storm|p1a: Cinderace|[miss]\n|-miss|p2a: Heatran|p1a: Cinderace\n|\n|-heal|p2a: Heatran|85\/100|[from] item: Leftovers\n|-damage|p1a: Cinderace|13\/100|[from] move: Magma Storm|[partiallytrapped]\n|upkeep\n|turn|9\n|\n|t:|1699992590\n|move|p1a: Cinderace|Taunt|p2a: Heatran\n|-start|p2a: Heatran|move: Taunt\n|move|p2a: Heatran|Magma Storm|p1a: Cinderace\n|-resisted|p1a: Cinderace\n|-damage|p1a: Cinderace|0 fnt\n|faint|p1a: Cinderace\n|\n|-heal|p2a: Heatran|92\/100|[from] item: Leftovers\n|upkeep\n|\n|t:|1699992602\n|switch|p1a: Weezing|Weezing-Galar, F, shiny|100\/100\n|-ability|p1a: Weezing|Neutralizing Gas\n|turn|10\n|\n|t:|1699992607\n|move|p2a: Heatran|Magma Storm|p1a: Weezing|[miss]\n|-miss|p2a: Heatran|p1a: Weezing\n|move|p1a: Weezing|Sludge Bomb|p2a: Heatran\n|-supereffective|p2a: Heatran\n|-damage|p2a: Heatran|55\/100\n|\n|-heal|p2a: Heatran|62\/100|[from] item: Leftovers\n|upkeep\n|turn|11\n|\n|t:|1699992610\n|move|p2a: Heatran|Magma Storm|p1a: Weezing|[miss]\n|-miss|p2a: Heatran|p1a: Weezing\n|move|p1a: Weezing|Sludge Bomb|p2a: Heatran\n|-supereffective|p2a: Heatran\n|-damage|p2a: Heatran|26\/100\n|\n|-heal|p2a: Heatran|32\/100|[from] item: Leftovers\n|-end|p2a: Heatran|move: Taunt\n|upkeep\n|turn|12\n|\n|t:|1699992616\n|move|p2a: Heatran|Stealth Rock|p1a: Weezing\n|-sidestart|p1: get ewrecked|move: Stealth Rock\n|move|p1a: Weezing|Sludge Bomb|p2a: Heatran\n|-supereffective|p2a: Heatran\n|-damage|p2a: Heatran|0 fnt\n|faint|p2a: Heatran\n|\n|upkeep\n|\n|t:|1699992629\n|switch|p2a: Great Tusk|Great Tusk|100\/100\n|-damage|p2a: Great Tusk|98\/100|[from] Stealth Rock\n|turn|13\n|\n|t:|1699992637\n|move|p2a: Great Tusk|Ice Spinner|p1a: Weezing\n|-damage|p1a: Weezing|84\/100\n|move|p1a: Weezing|Will-O-Wisp|p2a: Great Tusk|[miss]\n|-miss|p1a: Weezing|p2a: Great Tusk\n|\n|-heal|p2a: Great Tusk|100\/100|[from] item: Leftovers\n|-heal|p1a: Weezing|90\/100|[from] item: Leftovers\n|upkeep\n|turn|14\n|\n|t:|1699992641\n|move|p2a: Great Tusk|Headlong Rush|p1a: Weezing\n|-supereffective|p1a: Weezing\n|-damage|p1a: Weezing|18\/100\n|-unboost|p2a: Great Tusk|def|1\n|-unboost|p2a: Great Tusk|spd|1\n|move|p1a: Weezing|Will-O-Wisp|p2a: Great Tusk\n|-status|p2a: Great Tusk|brn\n|\n|-heal|p1a: Weezing|24\/100|[from] item: Leftovers\n|-damage|p2a: Great Tusk|94\/100 brn|[from] brn\n|upkeep\n|turn|15\n|\n|t:|1699992647\n|-terastallize|p1a: Weezing|Flying\n|move|p2a: Great Tusk|Rapid Spin|p1a: Weezing\n|-damage|p1a: Weezing|19\/100\n|-boost|p2a: Great Tusk|spe|1\n|-sideend|p2: ghostgallade|Stealth Rock|[from] move: Rapid Spin|[of] p2a: Great Tusk\n|move|p1a: Weezing|Pain Split|p2a: Great Tusk\n|-sethp|p2a: Great Tusk|55\/100 brn|[from] move: Pain Split|[silent]\n|-sethp|p1a: Weezing|71\/100|[from] move: Pain Split\n|\n|-heal|p2a: Great Tusk|61\/100 brn|[from] item: Leftovers\n|-heal|p1a: Weezing|77\/100|[from] item: Leftovers\n|-damage|p2a: Great Tusk|55\/100 brn|[from] brn\n|upkeep\n|turn|16\n|\n|t:|1699992654\n|move|p2a: Great Tusk|Ice Spinner|p1a: Weezing\n|-supereffective|p1a: Weezing\n|-damage|p1a: Weezing|62\/100\n|move|p1a: Weezing|Sludge Bomb|p2a: Great Tusk\n|-resisted|p2a: Great Tusk\n|-damage|p2a: Great Tusk|30\/100 brn\n|\n|-heal|p2a: Great Tusk|36\/100 brn|[from] item: Leftovers\n|-heal|p1a: Weezing|68\/100|[from] item: Leftovers\n|-damage|p2a: Great Tusk|30\/100 brn|[from] brn\n|upkeep\n|turn|17\n|\n|t:|1699992659\n|move|p2a: Great Tusk|Ice Spinner|p1a: Weezing\n|-supereffective|p1a: Weezing\n|-damage|p1a: Weezing|54\/100\n|move|p1a: Weezing|Sludge Bomb|p2a: Great Tusk\n|-resisted|p2a: Great Tusk\n|-damage|p2a: Great Tusk|4\/100 brn\n|\n|-heal|p2a: Great Tusk|10\/100 brn|[from] item: Leftovers\n|-heal|p1a: Weezing|60\/100|[from] item: Leftovers\n|-damage|p2a: Great Tusk|4\/100 brn|[from] brn\n|upkeep\n|turn|18\n|\n|t:|1699992665\n|move|p2a: Great Tusk|Ice Spinner|p1a: Weezing\n|-supereffective|p1a: Weezing\n|-damage|p1a: Weezing|44\/100\n|move|p1a: Weezing|Sludge Bomb|p2a: Great Tusk\n|-resisted|p2a: Great Tusk\n|-damage|p2a: Great Tusk|0 fnt\n|faint|p2a: Great Tusk\n|-end|p2a: Great Tusk|Protosynthesis|[silent]\n|\n|-heal|p1a: Weezing|50\/100|[from] item: Leftovers\n|upkeep\n|\n|t:|1699992678\n|switch|p2a: Maushold|Maushold|100\/100\n|turn|19\n|\n|t:|1699992694\n|move|p2a: Maushold|Tidy Up|p2a: Maushold\n|-sideend|p1: get ewrecked|Stealth Rock\n|-activate|p2a: Maushold|move: Tidy Up\n|-boost|p2a: Maushold|atk|1\n|-boost|p2a: Maushold|spe|1\n|move|p1a: Weezing|Will-O-Wisp|p2a: Maushold|[miss]\n|-miss|p1a: Weezing|p2a: Maushold\n|\n|-heal|p1a: Weezing|56\/100|[from] item: Leftovers\n|upkeep\n|turn|20\n|\n|t:|1699992702\n|-end|p1a: Weezing|ability: Neutralizing Gas\n|switch|p1a: Gholdengo|Gholdengo|100\/100\n|-item|p1a: Gholdengo|Air Balloon\n|move|p2a: Maushold|Population Bomb|p1a: Gholdengo\n|-immune|p1a: Gholdengo\n|\n|upkeep\n|turn|21\n|\n|t:|1699992707\n|move|p2a: Maushold|Bite|p1a: Gholdengo\n|-supereffective|p1a: Gholdengo\n|-damage|p1a: Gholdengo|50\/100\n|-enditem|p1a: Gholdengo|Air Balloon\n|move|p1a: Gholdengo|Make It Rain|p2a: Maushold\n|-damage|p2a: Maushold|19\/100\n|-unboost|p1a: Gholdengo|spa|1\n|\n|upkeep\n|turn|22\n|\n|t:|1699992730\n|switch|p1a: Mandibuzz|Mandibuzz, F, shiny|100\/100\n|move|p2a: Maushold|Bite|p1a: Mandibuzz\n|-resisted|p1a: Mandibuzz\n|-damage|p1a: Mandibuzz|91\/100\n|\n|upkeep\n|turn|23\n|\n|t:|1699992737\n|move|p2a: Maushold|Population Bomb|p1a: Mandibuzz\n|-damage|p1a: Mandibuzz|81\/100\n|-damage|p1a: Mandibuzz|72\/100\n|-damage|p1a: Mandibuzz|62\/100\n|-damage|p1a: Mandibuzz|52\/100\n|-damage|p1a: Mandibuzz|43\/100\n|-damage|p1a: Mandibuzz|34\/100\n|-damage|p1a: Mandibuzz|25\/100\n|-damage|p1a: Mandibuzz|15\/100\n|-damage|p1a: Mandibuzz|6\/100\n|-damage|p1a: Mandibuzz|0 fnt\n|faint|p1a: Mandibuzz\n|-hitcount|p1: Mandibuzz|10\n|\n|upkeep\n|-message|get ewrecked forfeited.\n|\n|win|ghostgallade\n|raw|get ewrecked's rating: 1481 &rarr; <strong>1459<\/strong><br \/>(-22 for losing)\n|raw|ghostgallade's rating: 1451 &rarr; <strong>1473<\/strong><br \/>(+22 for winning)\n|l|\u2606get ewrecked\n","uploadtime":1699992823,"views":25,"p1id":"getewrecked","p2id":"ghostgallade","formatid":"gen9ou","rating":1459,"private":0,"password":""}