{"id":"gen9ou-1995360943","p1":"ZachariasDiamond10","p2":"Tiger373slow","format":"[Gen 9] OU","log":"|j|\u2606ZachariasDiamond10\n|j|\u2606Tiger373slow\n|t:|1700559840\n|gametype|singles\n|player|p1|ZachariasDiamond10|palmer|1122\n|player|p2|Tiger373slow|volkner|1021\n|teamsize|p1|6\n|teamsize|p2|6\n|gen|9\n|tier|[Gen 9] OU\n|rated|\n|rule|Sleep Clause Mod: Limit one foe put to sleep\n|rule|Species Clause: Limit one of each Pok\u00e9mon\n|rule|OHKO Clause: OHKO moves are banned\n|rule|Evasion Items Clause: Evasion items are banned\n|rule|Evasion Moves Clause: Evasion moves are banned\n|rule|Endless Battle Clause: Forcing endless battles is banned\n|rule|HP Percentage Mod: HP is shown in percentages\n|clearpoke\n|poke|p1|Kommo-o, F|\n|poke|p1|Gholdengo|\n|poke|p1|Dondozo, M|\n|poke|p1|Ninetales-Alola, F|\n|poke|p1|Cinderace, F|\n|poke|p1|Iron Valiant|\n|poke|p2|Scizor, M|\n|poke|p2|Dudunsparce-*, M|\n|poke|p2|Glimmora, M|\n|poke|p2|Iron Valiant|\n|poke|p2|Skeledirge, F|\n|poke|p2|Dipplin, M|\n|teampreview\n|inactive|Battle timer is ON: inactive players will automatically lose when time's up. (requested by ZachariasDiamond10)\n|\n|t:|1700559851\n|start\n|switch|p1a: Gholdengo|Gholdengo, shiny|100\/100\n|switch|p2a: Glimmer like rocks|Glimmora, M, shiny|100\/100\n|turn|1\n|\n|t:|1700559855\n|move|p2a: Glimmer like rocks|Stealth Rock|p1a: Gholdengo\n|-sidestart|p1: ZachariasDiamond10|move: Stealth Rock\n|move|p1a: Gholdengo|Make It Rain|p2a: Glimmer like rocks\n|-supereffective|p2a: Glimmer like rocks\n|-enditem|p2a: Glimmer like rocks|Focus Sash\n|-damage|p2a: Glimmer like rocks|1\/100\n|-unboost|p1a: Gholdengo|spa|1\n|\n|upkeep\n|turn|2\n|\n|t:|1700559858\n|move|p2a: Glimmer like rocks|Spikes|p1a: Gholdengo\n|-sidestart|p1: ZachariasDiamond10|Spikes\n|move|p1a: Gholdengo|Shadow Ball|p2a: Glimmer like rocks\n|-damage|p2a: Glimmer like rocks|0 fnt\n|faint|p2a: Glimmer like rocks\n|\n|upkeep\n|\n|t:|1700559868\n|switch|p2a: Cocodrilo del Nilo|Skeledirge, F|100\/100\n|turn|3\n|\n|t:|1700559874\n|switch|p1a: Cinderace|Cinderace, F|100\/100\n|move|p2a: Cocodrilo del Nilo|Torch Song|p1a: Cinderace\n|-resisted|p1a: Cinderace\n|-damage|p1a: Cinderace|81\/100\n|-boost|p2a: Cocodrilo del Nilo|spa|1\n|\n|upkeep\n|turn|4\n|\n|t:|1700559881\n|move|p1a: Cinderace|Court Change|p1a: Cinderace\n|-start|p1a: Cinderace|typechange|Normal|[from] ability: Libero\n|-swapsideconditions\n|-activate|p1a: Cinderace|move: Court Change\n|move|p2a: Cocodrilo del Nilo|Hex|p1a: Cinderace\n|-immune|p1a: Cinderace\n|\n|upkeep\n|turn|5\n|\n|t:|1700559895\n|switch|p1a: Dondozo|Dondozo, M, shiny|100\/100\n|move|p2a: Cocodrilo del Nilo|Torch Song|p1a: Dondozo\n|-resisted|p1a: Dondozo\n|-damage|p1a: Dondozo|91\/100\n|-boost|p2a: Cocodrilo del Nilo|spa|1\n|\n|-heal|p1a: Dondozo|98\/100|[from] item: Leftovers\n|upkeep\n|turn|6\n|\n|t:|1700559900\n|-terastallize|p2a: Cocodrilo del Nilo|Fairy\n|move|p2a: Cocodrilo del Nilo|Will-O-Wisp|p1a: Dondozo\n|-status|p1a: Dondozo|brn\n|move|p1a: Dondozo|Curse|p1a: Dondozo\n|-unboost|p1a: Dondozo|spe|1\n|-boost|p1a: Dondozo|atk|1\n|-boost|p1a: Dondozo|def|1\n|\n|-heal|p1a: Dondozo|100\/100 brn|[from] item: Leftovers\n|-damage|p1a: Dondozo|94\/100 brn|[from] brn\n|upkeep\n|turn|7\n|\n|t:|1700559905\n|move|p2a: Cocodrilo del Nilo|Hex|p1a: Dondozo\n|-damage|p1a: Dondozo|61\/100 brn\n|move|p1a: Dondozo|Curse|p1a: Dondozo\n|-unboost|p1a: Dondozo|spe|1\n|-boost|p1a: Dondozo|atk|1\n|-boost|p1a: Dondozo|def|1\n|\n|-heal|p1a: Dondozo|68\/100 brn|[from] item: Leftovers\n|-damage|p1a: Dondozo|61\/100 brn|[from] brn\n|upkeep\n|turn|8\n|\n|t:|1700559912\n|move|p2a: Cocodrilo del Nilo|Hex|p1a: Dondozo\n|-damage|p1a: Dondozo|32\/100 brn\n|move|p1a: Dondozo|Rest|p1a: Dondozo\n|-status|p1a: Dondozo|slp|[from] move: Rest\n|-heal|p1a: Dondozo|100\/100 slp|[silent]\n|\n|upkeep\n|turn|9\n|\n|t:|1700559917\n|move|p2a: Cocodrilo del Nilo|Torch Song|p1a: Dondozo\n|-resisted|p1a: Dondozo\n|-damage|p1a: Dondozo|92\/100 slp\n|-boost|p2a: Cocodrilo del Nilo|spa|1\n|cant|p1a: Dondozo|slp\n|move|p1a: Dondozo|Sleep Talk|p1a: Dondozo\n|move|p1a: Dondozo|Wave Crash|p2a: Cocodrilo del Nilo|[from]move: Sleep Talk\n|-damage|p2a: Cocodrilo del Nilo|67\/100\n|-damage|p1a: Dondozo|83\/100 slp|[from] Recoil\n|\n|-heal|p2a: Cocodrilo del Nilo|73\/100|[from] item: Leftovers\n|-heal|p1a: Dondozo|89\/100 slp|[from] item: Leftovers\n|upkeep\n|turn|10\n|c|\u2606ZachariasDiamond10|Damn\n|c|\u2606ZachariasDiamond10|Two unaware bastards\n|inactive|ZachariasDiamond10 has 120 seconds left.\n|\n|t:|1700559950\n|move|p2a: Cocodrilo del Nilo|Hex|p1a: Dondozo\n|-damage|p1a: Dondozo|60\/100 slp\n|cant|p1a: Dondozo|slp\n|\n|-heal|p2a: Cocodrilo del Nilo|79\/100|[from] item: Leftovers\n|-heal|p1a: Dondozo|66\/100 slp|[from] item: Leftovers\n|upkeep\n|turn|11\n|\n|t:|1700559957\n|move|p2a: Cocodrilo del Nilo|Hex|p1a: Dondozo\n|-crit|p1a: Dondozo\n|-damage|p1a: Dondozo|18\/100 slp\n|-curestatus|p1a: Dondozo|slp|[msg]\n|move|p1a: Dondozo|Wave Crash|p2a: Cocodrilo del Nilo\n|-damage|p2a: Cocodrilo del Nilo|42\/100\n|-damage|p1a: Dondozo|8\/100|[from] Recoil\n|\n|-heal|p2a: Cocodrilo del Nilo|48\/100|[from] item: Leftovers\n|-heal|p1a: Dondozo|14\/100|[from] item: Leftovers\n|upkeep\n|turn|12\n|\n|t:|1700559966\n|switch|p1a: Gholdengo|Gholdengo, shiny|100\/100\n|move|p2a: Cocodrilo del Nilo|Hex|p1a: Gholdengo\n|-supereffective|p1a: Gholdengo\n|-damage|p1a: Gholdengo|0 fnt\n|faint|p1a: Gholdengo\n|\n|-heal|p2a: Cocodrilo del Nilo|54\/100|[from] item: Leftovers\n|upkeep\n|c|\u2606Tiger373slow|Who is the most unaware tho\n|-message|ZachariasDiamond10 forfeited.\n|\n|win|Tiger373slow\n|raw|ZachariasDiamond10's rating: 1122 &rarr; <strong>1090<\/strong><br \/>(-32 for losing)\n|raw|Tiger373slow's rating: 1021 &rarr; <strong>1068<\/strong><br \/>(+47 for winning)\n|l|\u2606ZachariasDiamond10\n","uploadtime":1700559984,"views":2,"p1id":"zachariasdiamond10","p2id":"tiger373slow","formatid":"gen9ou","rating":1068,"private":0,"password":""}