{"id":"gen9ou-1996568051","p1":"Kcaix03","p2":"SDK04","format":"[Gen 9] OU","log":"|j|\u2606Kcaix03\n|j|\u2606SDK04\n|inactive|Battle timer is ON: inactive players will automatically lose when time's up.\n|t:|1700695248\n|gametype|singles\n|player|p1|Kcaix03|iris-gen5bw2|\n|player|p2|SDK04|unknown|\n|teamsize|p1|6\n|teamsize|p2|6\n|gen|9\n|tier|[Gen 9] OU\n|rated|Tournament battle\n|rule|Sleep Clause Mod: Limit one foe put to sleep\n|rule|Species Clause: Limit one of each Pok\u00e9mon\n|rule|OHKO Clause: OHKO moves are banned\n|rule|Evasion Items Clause: Evasion items are banned\n|rule|Evasion Moves Clause: Evasion moves are banned\n|rule|Endless Battle Clause: Forcing endless battles is banned\n|rule|HP Percentage Mod: HP is shown in percentages\n|clearpoke\n|poke|p1|Dragapult, M|\n|poke|p1|Great Tusk|\n|poke|p1|Iron Moth|\n|poke|p1|Blissey, F|\n|poke|p1|Gholdengo|\n|poke|p1|Alomomola, F|\n|poke|p2|Ninetales-Alola, M|\n|poke|p2|Ogerpon-Wellspring, F|\n|poke|p2|Mew|\n|poke|p2|Kingambit, F|\n|poke|p2|Gholdengo|\n|poke|p2|Salamence, M|\n|teampreview\n|j| Bridgemaster58\n|\n|t:|1700695251\n|start\n|switch|p1a: Dragapult|Dragapult, M, shiny|100\/100\n|switch|p2a: cool window|Ninetales-Alola, M|100\/100\n|-weather|Snow|[from] ability: Snow Warning|[of] p2a: cool window\n|turn|1\n|j| StormJet1613\n|\n|t:|1700695259\n|switch|p1a: Blissey|Blissey, F|100\/100\n|move|p2a: cool window|Aurora Veil|p2a: cool window\n|-sidestart|p2: SDK04|move: Aurora Veil\n|\n|-weather|Snow|[upkeep]\n|upkeep\n|turn|2\n|\n|t:|1700695262\n|move|p2a: cool window|Freeze-Dry|p1a: Blissey\n|-damage|p1a: Blissey|94\/100\n|move|p1a: Blissey|Thunder Wave|p2a: cool window\n|-status|p2a: cool window|par\n|\n|-weather|Snow|[upkeep]\n|upkeep\n|turn|3\n|j| Slashed-Zero\n|\n|t:|1700695268\n|move|p2a: cool window|Encore|p1a: Blissey\n|-start|p1a: Blissey|Encore\n|move|p1a: Blissey|Thunder Wave|p2a: cool window\n|-fail|p2a: cool window|par\n|\n|-weather|Snow|[upkeep]\n|upkeep\n|turn|4\n|\n|t:|1700695274\n|switch|p2a: Cheese Demon|Mew|100\/100\n|switch|p1a: Iron Moth|Iron Moth|100\/100\n|\n|-weather|Snow|[upkeep]\n|upkeep\n|turn|5\n|j| SandVeil10\n|\n|t:|1700695280\n|-end|p1a: Iron Moth|Quark Drive|[silent]\n|switch|p1a: Great Tusk|Great Tusk|100\/100\n|move|p2a: Cheese Demon|Agility|p2a: Cheese Demon\n|-boost|p2a: Cheese Demon|spe|2\n|\n|-weather|none\n|upkeep\n|turn|6\n|\n|t:|1700695290\n|-end|p1a: Great Tusk|Protosynthesis|[silent]\n|switch|p1a: Blissey|Blissey, F|94\/100\n|-terastallize|p2a: Cheese Demon|Fairy\n|move|p2a: Cheese Demon|Calm Mind|p2a: Cheese Demon\n|-boost|p2a: Cheese Demon|spa|1\n|-boost|p2a: Cheese Demon|spd|1\n|\n|upkeep\n|turn|7\n|\n|t:|1700695296\n|move|p2a: Cheese Demon|Agility|p2a: Cheese Demon\n|-boost|p2a: Cheese Demon|spe|2\n|move|p1a: Blissey|Thunder Wave|p2a: Cheese Demon\n|-status|p2a: Cheese Demon|par\n|-activate|p2a: Cheese Demon|ability: Synchronize\n|-status|p1a: Blissey|par\n|\n|upkeep\n|turn|8\n|\n|t:|1700695301\n|cant|p2a: Cheese Demon|par\n|move|p1a: Blissey|Seismic Toss|p2a: Cheese Demon\n|-damage|p2a: Cheese Demon|71\/100 par\n|\n|-heal|p2a: Cheese Demon|77\/100 par|[from] item: Leftovers\n|-sideend|p2: SDK04|move: Aurora Veil\n|upkeep\n|turn|9\n|\n|t:|1700695307\n|move|p2a: Cheese Demon|Agility|p2a: Cheese Demon\n|-boost|p2a: Cheese Demon|spe|2\n|move|p1a: Blissey|Seismic Toss|p2a: Cheese Demon\n|-damage|p2a: Cheese Demon|48\/100 par\n|\n|-heal|p2a: Cheese Demon|54\/100 par|[from] item: Leftovers\n|upkeep\n|turn|10\n|\n|t:|1700695316\n|move|p2a: Cheese Demon|Calm Mind|p2a: Cheese Demon\n|-boost|p2a: Cheese Demon|spa|1\n|-boost|p2a: Cheese Demon|spd|1\n|move|p1a: Blissey|Seismic Toss|p2a: Cheese Demon\n|-damage|p2a: Cheese Demon|25\/100 par\n|\n|-heal|p2a: Cheese Demon|31\/100 par|[from] item: Leftovers\n|upkeep\n|turn|11\n|j| l9testtren\n|\n|t:|1700695320\n|move|p2a: Cheese Demon|Draining Kiss|p1a: Blissey\n|-damage|p1a: Blissey|77\/100 par\n|-heal|p2a: Cheese Demon|56\/100 par|[from] drain|[of] p1a: Blissey\n|cant|p1a: Blissey|par\n|\n|-heal|p2a: Cheese Demon|62\/100 par|[from] item: Leftovers\n|upkeep\n|turn|12\n|\n|t:|1700695323\n|cant|p2a: Cheese Demon|par\n|cant|p1a: Blissey|par\n|\n|-heal|p2a: Cheese Demon|69\/100 par|[from] item: Leftovers\n|upkeep\n|turn|13\n|\n|t:|1700695334\n|-curestatus|p1a: Blissey|par|[from] ability: Natural Cure\n|switch|p1a: Dragapult|Dragapult, M, shiny|100\/100\n|move|p2a: Cheese Demon|Calm Mind|p2a: Cheese Demon\n|-boost|p2a: Cheese Demon|spa|1\n|-boost|p2a: Cheese Demon|spd|1\n|\n|-heal|p2a: Cheese Demon|75\/100 par|[from] item: Leftovers\n|upkeep\n|turn|14\n|\n|t:|1700695339\n|move|p2a: Cheese Demon|Draining Kiss|p1a: Dragapult\n|-supereffective|p1a: Dragapult\n|-damage|p1a: Dragapult|0 fnt\n|-heal|p2a: Cheese Demon|100\/100 par|[from] drain|[of] p1a: Dragapult\n|faint|p1a: Dragapult\n|\n|upkeep\n|\n|t:|1700695343\n|switch|p1a: Alomomola|Alomomola, F|100\/100\n|turn|15\n|c|\u2606SDK04|gg\n|c|\u2606SDK04|wp\n|\n|t:|1700695352\n|move|p2a: Cheese Demon|Stored Power|p1a: Alomomola\n|-damage|p1a: Alomomola|0 fnt\n|faint|p1a: Alomomola\n|\n|upkeep\n|\n|t:|1700695356\n|switch|p1a: Blissey|Blissey, F|77\/100\n|turn|16\n|j| spicy piquant\n|c|\u2606SDK04|No Red Card for you\n|\n|t:|1700695361\n|move|p2a: Cheese Demon|Stored Power|p1a: Blissey\n|-damage|p1a: Blissey|0 fnt\n|faint|p1a: Blissey\n|\n|upkeep\n|l| spicy piquant\n|j| spicy piquant\n|\n|t:|1700695365\n|switch|p1a: Iron Moth|Iron Moth|100\/100\n|turn|17\n|l| spicy piquant\n|\n|t:|1700695376\n|-terastallize|p1a: Iron Moth|Grass\n|move|p2a: Cheese Demon|Stored Power|p1a: Iron Moth\n|-damage|p1a: Iron Moth|0 fnt\n|faint|p1a: Iron Moth\n|-end|p1a: Iron Moth|Quark Drive|[silent]\n|\n|upkeep\n|\n|t:|1700695380\n|switch|p1a: Gholdengo|Gholdengo, shiny|100\/100\n|turn|18\n|\n|t:|1700695383\n|move|p2a: Cheese Demon|Stored Power|p1a: Gholdengo\n|-resisted|p1a: Gholdengo\n|-damage|p1a: Gholdengo|0 fnt\n|faint|p1a: Gholdengo\n|\n|upkeep\n|\n|t:|1700695385\n|switch|p1a: Great Tusk|Great Tusk|100\/100\n|turn|19\n|c| StormJet1613|should've had a mon with clear smog\n|c|\u2606Kcaix03|dang i shouldn't have let that happen\n|\n|t:|1700695401\n|cant|p2a: Cheese Demon|par\n|move|p1a: Great Tusk|Ice Spinner|p2a: Cheese Demon\n|-damage|p2a: Cheese Demon|77\/100 par\n|\n|-heal|p2a: Cheese Demon|83\/100 par|[from] item: Leftovers\n|upkeep\n|turn|20\n|\n|t:|1700695406\n|cant|p2a: Cheese Demon|par\n|move|p1a: Great Tusk|Rapid Spin|p2a: Cheese Demon\n|-damage|p2a: Cheese Demon|67\/100 par\n|-boost|p1a: Great Tusk|spe|1\n|\n|-heal|p2a: Cheese Demon|74\/100 par|[from] item: Leftovers\n|upkeep\n|turn|21\n|\n|t:|1700695409\n|move|p2a: Cheese Demon|Draining Kiss|p1a: Great Tusk\n|-supereffective|p1a: Great Tusk\n|-damage|p1a: Great Tusk|0 fnt\n|-heal|p2a: Cheese Demon|100\/100 par|[from] drain|[of] p1a: Great Tusk\n|-damage|p2a: Cheese Demon|84\/100 par|[from] item: Rocky Helmet|[of] p1a: Great Tusk\n|faint|p1a: Great Tusk\n|-end|p1a: Great Tusk|Protosynthesis|[silent]\n|\n|win|SDK04\n|n|\u2606Kcaix03|kcaix03\n|n|\u2606SDK04|sdk04\n|n| Bridgemaster58|bridgemaster58\n|n| StormJet1613|stormjet1613\n|n| Slashed-Zero|slashedzero\n|n| SandVeil10|sandveil10\n|n| l9testtren|l9testtren\n|c| StormJet1613|ok\n","uploadtime":1700695413,"views":4,"p1id":"kcaix03","p2id":"sdk04","formatid":"gen9ou","rating":0,"private":0,"password":""}