{"id":"gen9ou-1994382117","p1":"iriongamer","p2":"qggagaaga","format":"[Gen 9] OU","log":"|j|\u2606iriongamer\n|j|\u2606qggagaaga\n|t:|1700437508\n|gametype|singles\n|player|p1|iriongamer|ninjaboy|\n|player|p2|qggagaaga|rocketgrunt|\n|teamsize|p1|6\n|teamsize|p2|6\n|gen|9\n|tier|[Gen 9] OU\n|rule|Sleep Clause Mod: Limit one foe put to sleep\n|rule|Species Clause: Limit one of each Pok\u00e9mon\n|rule|OHKO Clause: OHKO moves are banned\n|rule|Evasion Items Clause: Evasion items are banned\n|rule|Evasion Moves Clause: Evasion moves are banned\n|rule|Endless Battle Clause: Forcing endless battles is banned\n|rule|HP Percentage Mod: HP is shown in percentages\n|clearpoke\n|poke|p1|Carbink|\n|poke|p1|Shelgon, M|\n|poke|p1|Revavroom, F|\n|poke|p1|Hypno, M|\n|poke|p1|Electrode-Hisui|\n|poke|p1|Noctowl, F|\n|poke|p2|Dachsbun, F|\n|poke|p2|Revavroom, M|\n|poke|p2|Vespiquen, F|\n|poke|p2|Muk, M|\n|poke|p2|Electrode-Hisui|\n|poke|p2|Magcargo, F|\n|teampreview\n|\n|t:|1700437519\n|start\n|switch|p1a: Electrode|Electrode-Hisui|100\/100\n|switch|p2a: Electrode|Electrode-Hisui, shiny|100\/100\n|turn|1\n|\n|t:|1700437530\n|move|p1a: Electrode|Thunderbolt|p2a: Electrode\n|-resisted|p2a: Electrode\n|-damage|p2a: Electrode|89\/100\n|move|p2a: Electrode|Thunderbolt|p1a: Electrode\n|-resisted|p1a: Electrode\n|-damage|p1a: Electrode|87\/100\n|\n|upkeep\n|turn|2\n|\n|t:|1700437546\n|move|p1a: Electrode|Thunderbolt|p2a: Electrode\n|-resisted|p2a: Electrode\n|-damage|p2a: Electrode|75\/100\n|move|p2a: Electrode|Thunderbolt|p1a: Electrode\n|-resisted|p1a: Electrode\n|-damage|p1a: Electrode|73\/100\n|\n|upkeep\n|turn|3\n|\n|t:|1700437569\n|switch|p2a: Muk|Muk, M, shiny|100\/100\n|move|p1a: Electrode|Thunderbolt|p2a: Muk\n|-damage|p2a: Muk|77\/100\n|\n|-heal|p2a: Muk|83\/100|[from] item: Leftovers\n|upkeep\n|turn|4\n|\n|t:|1700437577\n|move|p1a: Electrode|Taunt|p2a: Muk\n|-start|p2a: Muk|move: Taunt\n|move|p2a: Muk|Drain Punch|p1a: Electrode\n|-damage|p1a: Electrode|40\/100\n|-heal|p2a: Muk|94\/100|[from] drain|[of] p1a: Electrode\n|\n|-heal|p2a: Muk|99\/100|[from] item: Leftovers\n|upkeep\n|turn|5\n|\n|t:|1700437587\n|move|p1a: Electrode|Volt Switch|p2a: Muk\n|-damage|p2a: Muk|82\/100\n|\n|t:|1700437595\n|switch|p1a: Hypno|Hypno, M, shiny|100\/100|[from] Volt Switch\n|move|p2a: Muk|Drain Punch|p1a: Hypno\n|-resisted|p1a: Hypno\n|-damage|p1a: Hypno|92\/100\n|-heal|p2a: Muk|86\/100|[from] drain|[of] p1a: Hypno\n|\n|-heal|p2a: Muk|92\/100|[from] item: Leftovers\n|upkeep\n|turn|6\n|\n|t:|1700437606\n|switch|p2a: Vespiquen|Vespiquen, F, shiny|100\/100\n|-ability|p2a: Vespiquen|Pressure\n|move|p1a: Hypno|Thunder Wave|p2a: Vespiquen\n|-status|p2a: Vespiquen|par\n|\n|upkeep\n|turn|7\n|\n|t:|1700437616\n|switch|p1a: Carbink|Carbink, shiny|100\/100\n|move|p2a: Vespiquen|Spikes|p1a: Carbink\n|-sidestart|p1: iriongamer|Spikes\n|\n|upkeep\n|turn|8\n|\n|t:|1700437625\n|move|p1a: Carbink|Iron Defense|p1a: Carbink\n|-boost|p1a: Carbink|def|2\n|move|p2a: Vespiquen|Toxic|p1a: Carbink\n|-status|p1a: Carbink|tox\n|\n|-damage|p1a: Carbink|94\/100 tox|[from] psn\n|upkeep\n|turn|9\n|\n|t:|1700437635\n|switch|p2a: Muk|Muk, M, shiny|92\/100\n|move|p1a: Carbink|Power Gem|p2a: Muk\n|-damage|p2a: Muk|82\/100\n|\n|-heal|p1a: Carbink|100\/100 tox|[from] item: Leftovers\n|-heal|p2a: Muk|88\/100|[from] item: Leftovers\n|-damage|p1a: Carbink|88\/100 tox|[from] psn\n|upkeep\n|turn|10\n|\n|t:|1700437646\n|move|p1a: Carbink|Body Press|p2a: Muk\n|-resisted|p2a: Muk\n|-damage|p2a: Muk|63\/100\n|move|p2a: Muk|Haze|p2a: Muk\n|-clearallboost\n|\n|-heal|p1a: Carbink|94\/100 tox|[from] item: Leftovers\n|-heal|p2a: Muk|69\/100|[from] item: Leftovers\n|-damage|p1a: Carbink|76\/100 tox|[from] psn\n|upkeep\n|turn|11\n|\n|t:|1700437665\n|switch|p2a: Vespiquen|Vespiquen, F, shiny|100\/100 par\n|-ability|p2a: Vespiquen|Pressure\n|move|p1a: Carbink|Stealth Rock|p2a: Vespiquen\n|-sidestart|p2: qggagaaga|move: Stealth Rock\n|\n|-heal|p1a: Carbink|82\/100 tox|[from] item: Leftovers\n|-damage|p1a: Carbink|58\/100 tox|[from] psn\n|upkeep\n|turn|12\n|\n|t:|1700437677\n|move|p1a: Carbink|Power Gem|p2a: Vespiquen\n|-supereffective|p2a: Vespiquen\n|-damage|p2a: Vespiquen|46\/100 par\n|-enditem|p2a: Vespiquen|Sitrus Berry|[eat]\n|-heal|p2a: Vespiquen|71\/100 par|[from] item: Sitrus Berry\n|move|p2a: Vespiquen|Spikes|p1a: Carbink\n|-sidestart|p1: iriongamer|Spikes\n|\n|-heal|p1a: Carbink|64\/100 tox|[from] item: Leftovers\n|-damage|p1a: Carbink|34\/100 tox|[from] psn\n|upkeep\n|turn|13\n|\n|t:|1700437688\n|switch|p2a: Revavroom|Revavroom, M, shiny|100\/100\n|-damage|p2a: Revavroom|95\/100|[from] Stealth Rock\n|move|p1a: Carbink|Power Gem|p2a: Revavroom\n|-resisted|p2a: Revavroom\n|-damage|p2a: Revavroom|82\/100\n|\n|-heal|p1a: Carbink|40\/100 tox|[from] item: Leftovers\n|-damage|p1a: Carbink|4\/100 tox|[from] psn\n|upkeep\n|turn|14\n|\n|t:|1700437700\n|move|p2a: Revavroom|Shift Gear|p2a: Revavroom\n|-boost|p2a: Revavroom|spe|2\n|-boost|p2a: Revavroom|atk|1\n|move|p1a: Carbink|Body Press|p2a: Revavroom\n|-damage|p2a: Revavroom|50\/100\n|\n|-heal|p1a: Carbink|10\/100 tox|[from] item: Leftovers\n|-damage|p1a: Carbink|0 fnt|[from] psn\n|faint|p1a: Carbink\n|upkeep\n|\n|t:|1700437714\n|switch|p1a: Revavroom|Revavroom, F|100\/100\n|-damage|p1a: Revavroom|84\/100|[from] Spikes\n|turn|15\n|\n|t:|1700437726\n|move|p2a: Revavroom|High Horsepower|p1a: Revavroom\n|-supereffective|p1a: Revavroom\n|-damage|p1a: Revavroom|0 fnt\n|faint|p1a: Revavroom\n|-damage|p2a: Revavroom|40\/100|[from] item: Life Orb\n|\n|upkeep\n|\n|t:|1700437731\n|switch|p1a: Noctowl|Noctowl, F|100\/100\n|turn|16\n|\n|t:|1700437737\n|move|p2a: Revavroom|Gunk Shot|p1a: Noctowl\n|-damage|p1a: Noctowl|0 fnt\n|faint|p1a: Noctowl\n|-damage|p2a: Revavroom|30\/100|[from] item: Life Orb\n|\n|upkeep\n|\n|t:|1700437741\n|switch|p1a: Shelgon|Shelgon, M|100\/100\n|-damage|p1a: Shelgon|84\/100|[from] Spikes\n|turn|17\n|\n|t:|1700437751\n|move|p2a: Revavroom|Gunk Shot|p1a: Shelgon\n|-damage|p1a: Shelgon|12\/100\n|-damage|p2a: Revavroom|20\/100|[from] item: Life Orb\n|move|p1a: Shelgon|Fire Fang|p2a: Revavroom\n|-supereffective|p2a: Revavroom\n|-damage|p2a: Revavroom|0 fnt\n|faint|p2a: Revavroom\n|\n|upkeep\n|\n|t:|1700437761\n|switch|p2a: Muk|Muk, M, shiny|69\/100\n|-damage|p2a: Muk|57\/100|[from] Stealth Rock\n|turn|18\n|\n|t:|1700437783\n|move|p2a: Muk|Toxic Spikes|p1a: Shelgon\n|-sidestart|p1: iriongamer|move: Toxic Spikes\n|move|p1a: Shelgon|Dragon Claw|p2a: Muk\n|-damage|p2a: Muk|33\/100\n|\n|-heal|p2a: Muk|39\/100|[from] item: Leftovers\n|upkeep\n|turn|19\n|\n|t:|1700437791\n|move|p1a: Shelgon|Dragon Claw|p2a: Muk\n|-damage|p2a: Muk|12\/100\n|move|p2a: Muk|Toxic Spikes|p1a: Shelgon\n|-sidestart|p1: iriongamer|move: Toxic Spikes\n|\n|-heal|p2a: Muk|18\/100|[from] item: Leftovers\n|upkeep\n|turn|20\n|\n|t:|1700437801\n|switch|p2a: Dachsbun|Dachsbun, F, shiny|100\/100\n|-damage|p2a: Dachsbun|88\/100|[from] Stealth Rock\n|move|p1a: Shelgon|Iron Head|p2a: Dachsbun\n|-supereffective|p2a: Dachsbun\n|-damage|p2a: Dachsbun|59\/100\n|-damage|p1a: Shelgon|0 fnt|[from] item: Rocky Helmet|[of] p2a: Dachsbun\n|faint|p1a: Shelgon\n|\n|upkeep\n|\n|t:|1700437813\n|switch|p1a: Electrode|Electrode-Hisui|40\/100\n|-damage|p1a: Electrode|24\/100|[from] Spikes\n|-status|p1a: Electrode|tox\n|turn|21\n|\n|t:|1700437832\n|-terastallize|p1a: Electrode|Electric\n|move|p2a: Dachsbun|Protect|p2a: Dachsbun\n|-singleturn|p2a: Dachsbun|Protect\n|move|p1a: Electrode|Thunderbolt|p2a: Dachsbun\n|-activate|p2a: Dachsbun|move: Protect\n|\n|-damage|p1a: Electrode|18\/100 tox|[from] psn\n|upkeep\n|turn|22\n|\n|t:|1700437843\n|-terastallize|p2a: Dachsbun|Steel\n|move|p1a: Electrode|Thunderbolt|p2a: Dachsbun\n|-damage|p2a: Dachsbun|6\/100\n|move|p2a: Dachsbun|Wish|p2a: Dachsbun\n|\n|-damage|p1a: Electrode|5\/100 tox|[from] psn\n|upkeep\n|turn|23\n|\n|t:|1700437854\n|move|p2a: Dachsbun|Protect|p2a: Dachsbun\n|-singleturn|p2a: Dachsbun|Protect\n|move|p1a: Electrode|Thunderbolt|p2a: Dachsbun\n|-activate|p2a: Dachsbun|move: Protect\n|\n|-heal|p2a: Dachsbun|56\/100|[from] move: Wish|[wisher] Dachsbun\n|-damage|p1a: Electrode|0 fnt|[from] psn\n|faint|p1a: Electrode\n|upkeep\n|\n|t:|1700437857\n|switch|p1a: Hypno|Hypno, M, shiny|92\/100\n|-damage|p1a: Hypno|76\/100|[from] Spikes\n|-status|p1a: Hypno|tox\n|turn|24\n|\n|t:|1700437870\n|move|p2a: Dachsbun|Wish|p2a: Dachsbun\n|move|p1a: Hypno|Thunder Wave|p2a: Dachsbun\n|-status|p2a: Dachsbun|par\n|\n|-damage|p1a: Hypno|69\/100 tox|[from] psn\n|upkeep\n|turn|25\n|\n|t:|1700437877\n|switch|p2a: Magcargo|Magcargo, F, shiny|100\/100\n|-damage|p2a: Magcargo|76\/100|[from] Stealth Rock\n|move|p1a: Hypno|Psychic|p2a: Magcargo\n|-damage|p2a: Magcargo|48\/100\n|\n|-heal|p2a: Magcargo|100\/100|[from] move: Wish|[wisher] Dachsbun\n|-damage|p1a: Hypno|57\/100 tox|[from] psn\n|upkeep\n|turn|26\n|\n|t:|1700437888\n|move|p1a: Hypno|Psychic|p2a: Magcargo\n|-damage|p2a: Magcargo|68\/100\n|move|p2a: Magcargo|Shell Smash|p2a: Magcargo\n|-unboost|p2a: Magcargo|def|1\n|-unboost|p2a: Magcargo|spd|1\n|-boost|p2a: Magcargo|atk|2\n|-boost|p2a: Magcargo|spa|2\n|-boost|p2a: Magcargo|spe|2\n|-enditem|p2a: Magcargo|White Herb\n|-clearnegativeboost|p2a: Magcargo|[silent]\n|\n|-damage|p1a: Hypno|39\/100 tox|[from] psn\n|upkeep\n|turn|27\n|\n|t:|1700437901\n|move|p2a: Magcargo|Flamethrower|p1a: Hypno\n|-damage|p1a: Hypno|0 fnt\n|faint|p1a: Hypno\n|\n|win|qggagaaga\n","uploadtime":1700437908,"views":24,"p1id":"iriongamer","p2id":"qggagaaga","formatid":"gen9ou","rating":0,"private":0,"password":""}