{"id":"gen9ou-1991201698","p1":"Blackninjamb","p2":"4redcscsaxsas","format":"[Gen 9] OU","log":"|j|\u2606Blackninjamb\n|j|\u26064redcscsaxsas\n|t:|1700056586\n|gametype|singles\n|player|p1|Blackninjamb|266|1189\n|player|p2|4redcscsaxsas|acetrainersnowf|1145\n|teamsize|p1|6\n|teamsize|p2|6\n|gen|9\n|tier|[Gen 9] OU\n|rated|\n|rule|Sleep Clause Mod: Limit one foe put to sleep\n|rule|Species Clause: Limit one of each Pok\u00e9mon\n|rule|OHKO Clause: OHKO moves are banned\n|rule|Evasion Items Clause: Evasion items are banned\n|rule|Evasion Moves Clause: Evasion moves are banned\n|rule|Endless Battle Clause: Forcing endless battles is banned\n|rule|HP Percentage Mod: HP is shown in percentages\n|clearpoke\n|poke|p1|Pelipper, M|\n|poke|p1|Overqwil, M|\n|poke|p1|Ting-Lu|\n|poke|p1|Vaporeon, M|\n|poke|p1|Rillaboom, F|\n|poke|p1|Thundurus-Therian, M|\n|poke|p2|Wo-Chien|\n|poke|p2|Dondozo, F|\n|poke|p2|Alomomola, F|\n|poke|p2|Blissey, F|\n|poke|p2|Corviknight, F|\n|poke|p2|Clodsire, M|\n|teampreview\n|inactive|Battle timer is ON: inactive players will automatically lose when time's up. (requested by Blackninjamb)\n|\n|t:|1700056601\n|start\n|switch|p1a: Pelipper|Pelipper, M|100\/100\n|switch|p2a: Alomomola|Alomomola, F|100\/100\n|-weather|RainDance|[from] ability: Drizzle|[of] p1a: Pelipper\n|turn|1\n|c|\u2606Blackninjamb|Ooo nice stall\n|\n|t:|1700056615\n|move|p1a: Pelipper|U-turn|p2a: Alomomola\n|-damage|p2a: Alomomola|96\/100\n|\n|t:|1700056617\n|switch|p1a: Thundurus|Thundurus-Therian, M|100\/100|[from] U-turn\n|move|p2a: Alomomola|Whirlpool|p1a: Thundurus\n|-damage|p1a: Thundurus|87\/100\n|-activate|p1a: Thundurus|move: Whirlpool|[of] p2a: Alomomola\n|\n|-weather|RainDance|[upkeep]\n|-damage|p1a: Thundurus|75\/100|[from] move: Whirlpool|[partiallytrapped]\n|upkeep\n|turn|2\n|\n|t:|1700056624\n|move|p2a: Alomomola|Protect|p2a: Alomomola\n|-singleturn|p2a: Alomomola|Protect\n|move|p1a: Thundurus|Weather Ball|p2a: Alomomola\n|-activate|p2a: Alomomola|move: Protect\n|\n|-weather|RainDance|[upkeep]\n|-damage|p1a: Thundurus|63\/100|[from] move: Whirlpool|[partiallytrapped]\n|upkeep\n|turn|3\n|\n|t:|1700056639\n|switch|p2a: Blissey|Blissey, F|100\/100\n|move|p1a: Thundurus|Thunder|p2a: Blissey\n|-damage|p2a: Blissey|80\/100\n|\n|-weather|RainDance|[upkeep]\n|-end|p1a: Thundurus|Whirlpool|[partiallytrapped]|[silent]\n|upkeep\n|turn|4\n|\n|t:|1700056644\n|switch|p1a: Vaporeon|Vaporeon, M|100\/100\n|move|p2a: Blissey|Stealth Rock|p1a: Vaporeon\n|-sidestart|p1: Blackninjamb|move: Stealth Rock\n|\n|-weather|RainDance|[upkeep]\n|upkeep\n|turn|5\n|\n|t:|1700056655\n|switch|p2a: Clodsire|Clodsire, M, shiny|100\/100\n|move|p1a: Vaporeon|Wish|p1a: Vaporeon\n|\n|-weather|RainDance|[upkeep]\n|upkeep\n|turn|6\n|\n|t:|1700056668\n|switch|p1a: Thundurus|Thundurus-Therian, M|63\/100\n|-terastallize|p2a: Clodsire|Steel\n|move|p2a: Clodsire|Toxic|p1a: Thundurus|[miss]\n|-miss|p2a: Clodsire|p1a: Thundurus\n|\n|-weather|RainDance|[upkeep]\n|-heal|p1a: Thundurus|100\/100|[from] move: Wish|[wisher] Vaporeon\n|upkeep\n|turn|7\n|\n|t:|1700056676\n|move|p1a: Thundurus|Focus Blast|p2a: Clodsire\n|-supereffective|p2a: Clodsire\n|-damage|p2a: Clodsire|54\/100\n|move|p2a: Clodsire|Toxic|p1a: Thundurus\n|-status|p1a: Thundurus|tox\n|\n|-weather|RainDance|[upkeep]\n|-damage|p1a: Thundurus|94\/100 tox|[from] psn\n|upkeep\n|turn|8\n|\n|t:|1700056686\n|switch|p1a: Ting-Lu|Ting-Lu|100\/100\n|-damage|p1a: Ting-Lu|94\/100|[from] Stealth Rock\n|-ability|p1a: Ting-Lu|Vessel of Ruin\n|move|p2a: Clodsire|Recover|p2a: Clodsire\n|-heal|p2a: Clodsire|100\/100\n|\n|-weather|none\n|-heal|p1a: Ting-Lu|100\/100|[from] item: Leftovers\n|upkeep\n|turn|9\n|\n|t:|1700056698\n|move|p1a: Ting-Lu|Stealth Rock|p2a: Clodsire\n|-sidestart|p2: 4redcscsaxsas|move: Stealth Rock\n|move|p2a: Clodsire|Toxic|p1a: Ting-Lu\n|-status|p1a: Ting-Lu|tox\n|\n|-damage|p1a: Ting-Lu|94\/100 tox|[from] psn\n|upkeep\n|turn|10\n|\n|t:|1700056702\n|move|p1a: Ting-Lu|Ruination|p2a: Clodsire\n|-damage|p2a: Clodsire|50\/100\n|move|p2a: Clodsire|Spikes|p1a: Ting-Lu\n|-sidestart|p1: Blackninjamb|Spikes\n|\n|-heal|p1a: Ting-Lu|100\/100 tox|[from] item: Leftovers\n|-damage|p1a: Ting-Lu|88\/100 tox|[from] psn\n|upkeep\n|turn|11\n|\n|t:|1700056708\n|move|p1a: Ting-Lu|Earthquake|p2a: Clodsire\n|-supereffective|p2a: Clodsire\n|-damage|p2a: Clodsire|0 fnt\n|faint|p2a: Clodsire\n|\n|-heal|p1a: Ting-Lu|94\/100 tox|[from] item: Leftovers\n|-damage|p1a: Ting-Lu|76\/100 tox|[from] psn\n|upkeep\n|\n|t:|1700056718\n|switch|p2a: Alomomola|Alomomola, F|100\/100\n|turn|12\n|\n|t:|1700056722\n|switch|p1a: Vaporeon|Vaporeon, M|100\/100\n|-damage|p1a: Vaporeon|88\/100|[from] Stealth Rock\n|-damage|p1a: Vaporeon|76\/100|[from] Spikes\n|move|p2a: Alomomola|Whirlpool|p1a: Vaporeon\n|-heal|p1a: Vaporeon|100\/100|[from] ability: Water Absorb|[of] p2a: Alomomola\n|\n|upkeep\n|turn|13\n|\n|t:|1700056732\n|switch|p2a: Wo-Chien|Wo-Chien|100\/100\n|-damage|p2a: Wo-Chien|88\/100|[from] Stealth Rock\n|-ability|p2a: Wo-Chien|Tablets of Ruin\n|move|p1a: Vaporeon|Rain Dance|p1a: Vaporeon\n|-weather|RainDance\n|\n|-weather|RainDance|[upkeep]\n|-heal|p2a: Wo-Chien|94\/100|[from] item: Leftovers\n|upkeep\n|turn|14\n|\n|t:|1700056745\n|switch|p1a: Thundurus|Thundurus-Therian, M|94\/100 tox\n|move|p2a: Wo-Chien|Leech Seed|p1a: Thundurus\n|-start|p1a: Thundurus|move: Leech Seed\n|\n|-weather|RainDance|[upkeep]\n|-heal|p2a: Wo-Chien|100\/100|[from] item: Leftovers\n|-damage|p1a: Thundurus|82\/100 tox|[from] Leech Seed|[of] p2a: Wo-Chien\n|-damage|p1a: Thundurus|76\/100 tox|[from] psn\n|upkeep\n|turn|15\n|\n|t:|1700056755\n|switch|p1a: Rillaboom|Rillaboom, F, shiny|100\/100\n|-damage|p1a: Rillaboom|88\/100|[from] Stealth Rock\n|-damage|p1a: Rillaboom|76\/100|[from] Spikes\n|-fieldstart|move: Grassy Terrain|[from] ability: Grassy Surge|[of] p1a: Rillaboom\n|switch|p2a: Blissey|Blissey, F|80\/100\n|\n|-weather|RainDance|[upkeep]\n|-heal|p1a: Rillaboom|82\/100|[from] Grassy Terrain\n|-heal|p2a: Blissey|86\/100|[from] Grassy Terrain\n|upkeep\n|turn|16\n|\n|t:|1700056761\n|switch|p2a: Corviknight|Corviknight, F|100\/100\n|-damage|p2a: Corviknight|88\/100|[from] Stealth Rock\n|-ability|p2a: Corviknight|Pressure\n|move|p1a: Rillaboom|Knock Off|p2a: Corviknight\n|-damage|p2a: Corviknight|59\/100\n|-damage|p1a: Rillaboom|65\/100|[from] item: Rocky Helmet|[of] p2a: Corviknight\n|-enditem|p2a: Corviknight|Rocky Helmet|[from] move: Knock Off|[of] p1a: Rillaboom\n|\n|-weather|RainDance|[upkeep]\n|-heal|p1a: Rillaboom|72\/100|[from] Grassy Terrain\n|upkeep\n|turn|17\n|\n|t:|1700056767\n|switch|p1a: Thundurus|Thundurus-Therian, M|76\/100 tox\n|move|p2a: Corviknight|Roost|p2a: Corviknight\n|-heal|p2a: Corviknight|100\/100\n|-singleturn|p2a: Corviknight|move: Roost\n|\n|-weather|RainDance|[upkeep]\n|-damage|p1a: Thundurus|70\/100 tox|[from] psn\n|upkeep\n|turn|18\n|\n|t:|1700056777\n|move|p1a: Thundurus|Thunder|p2a: Corviknight\n|-supereffective|p2a: Corviknight\n|-damage|p2a: Corviknight|0 fnt\n|faint|p2a: Corviknight\n|\n|-weather|RainDance|[upkeep]\n|-damage|p1a: Thundurus|58\/100 tox|[from] psn\n|upkeep\n|\n|t:|1700056782\n|switch|p2a: Wo-Chien|Wo-Chien|100\/100\n|-damage|p2a: Wo-Chien|88\/100|[from] Stealth Rock\n|-ability|p2a: Wo-Chien|Tablets of Ruin\n|turn|19\n|\n|t:|1700056788\n|-terastallize|p1a: Thundurus|Flying\n|move|p1a: Thundurus|Tera Blast|p2a: Wo-Chien|[anim] Tera Blast Flying\n|-supereffective|p2a: Wo-Chien\n|-damage|p2a: Wo-Chien|27\/100\n|move|p2a: Wo-Chien|Leech Seed|p1a: Thundurus\n|-start|p1a: Thundurus|move: Leech Seed\n|\n|-weather|RainDance|[upkeep]\n|-heal|p2a: Wo-Chien|33\/100|[from] Grassy Terrain\n|-heal|p2a: Wo-Chien|40\/100|[from] item: Leftovers\n|-damage|p1a: Thundurus|46\/100 tox|[from] Leech Seed|[of] p2a: Wo-Chien\n|-heal|p2a: Wo-Chien|49\/100|[silent]\n|-damage|p1a: Thundurus|28\/100 tox|[from] psn\n|-fieldend|move: Grassy Terrain\n|upkeep\n|turn|20\n|\n|t:|1700056798\n|switch|p1a: Vaporeon|Vaporeon, M|100\/100\n|-damage|p1a: Vaporeon|88\/100|[from] Stealth Rock\n|-damage|p1a: Vaporeon|76\/100|[from] Spikes\n|switch|p2a: Blissey|Blissey, F|86\/100\n|\n|-weather|none\n|upkeep\n|turn|21\n|\n|t:|1700056803\n|move|p1a: Vaporeon|Wish|p1a: Vaporeon\n|move|p2a: Blissey|Seismic Toss|p1a: Vaporeon\n|-damage|p1a: Vaporeon|54\/100\n|\n|upkeep\n|turn|22\n|\n|t:|1700056808\n|switch|p2a: Alomomola|Alomomola, F|100\/100\n|move|p1a: Vaporeon|Flip Turn|p2a: Alomomola\n|-resisted|p2a: Alomomola\n|-damage|p2a: Alomomola|97\/100\n|\n|t:|1700056811\n|switch|p1a: Thundurus|Thundurus-Therian, M, tera:Flying|28\/100 tox|[from] Flip Turn\n|\n|-heal|p1a: Thundurus|100\/100 tox|[from] move: Wish|[wisher] Vaporeon\n|-damage|p1a: Thundurus|94\/100 tox|[from] psn\n|upkeep\n|turn|23\n|\n|t:|1700056816\n|switch|p1a: Pelipper|Pelipper, M|100\/100\n|-damage|p1a: Pelipper|76\/100|[from] Stealth Rock\n|-weather|RainDance|[from] ability: Drizzle|[of] p1a: Pelipper\n|move|p2a: Alomomola|Whirlpool|p1a: Pelipper\n|-resisted|p1a: Pelipper\n|-damage|p1a: Pelipper|69\/100\n|-activate|p1a: Pelipper|move: Whirlpool|[of] p2a: Alomomola\n|\n|-weather|RainDance|[upkeep]\n|-damage|p1a: Pelipper|57\/100|[from] move: Whirlpool|[partiallytrapped]\n|upkeep\n|turn|24\n|\n|t:|1700056825\n|move|p1a: Pelipper|Roost|p1a: Pelipper\n|-heal|p1a: Pelipper|100\/100\n|-singleturn|p1a: Pelipper|move: Roost\n|move|p2a: Alomomola|Whirlpool|p1a: Pelipper\n|-resisted|p1a: Pelipper\n|-damage|p1a: Pelipper|94\/100\n|\n|-weather|RainDance|[upkeep]\n|-damage|p1a: Pelipper|82\/100|[from] move: Whirlpool|[partiallytrapped]\n|upkeep\n|turn|25\n|\n|t:|1700056833\n|move|p2a: Alomomola|Whirlpool|p1a: Pelipper\n|-resisted|p1a: Pelipper\n|-damage|p1a: Pelipper|75\/100\n|move|p1a: Pelipper|U-turn|p2a: Alomomola\n|-damage|p2a: Alomomola|92\/100\n|\n|t:|1700056839\n|switch|p1a: Thundurus|Thundurus-Therian, M, tera:Flying|94\/100 tox|[from] U-turn\n|\n|-weather|RainDance|[upkeep]\n|-damage|p1a: Thundurus|88\/100 tox|[from] psn\n|upkeep\n|turn|26\n|\n|t:|1700056844\n|move|p2a: Alomomola|Protect|p2a: Alomomola\n|-singleturn|p2a: Alomomola|Protect\n|move|p1a: Thundurus|Thunder|p2a: Alomomola\n|-activate|p2a: Alomomola|move: Protect\n|\n|-weather|RainDance|[upkeep]\n|-damage|p1a: Thundurus|76\/100 tox|[from] psn\n|upkeep\n|turn|27\n|\n|t:|1700056851\n|move|p1a: Thundurus|Thunder|p2a: Alomomola\n|-supereffective|p2a: Alomomola\n|-damage|p2a: Alomomola|0 fnt\n|faint|p2a: Alomomola\n|\n|-weather|RainDance|[upkeep]\n|-damage|p1a: Thundurus|58\/100 tox|[from] psn\n|upkeep\n|\n|t:|1700056854\n|switch|p2a: Blissey|Blissey, F|86\/100\n|turn|28\n|\n|t:|1700056859\n|switch|p1a: Ting-Lu|Ting-Lu|76\/100 tox\n|-damage|p1a: Ting-Lu|69\/100 tox|[from] Stealth Rock\n|-damage|p1a: Ting-Lu|57\/100 tox|[from] Spikes\n|-ability|p1a: Ting-Lu|Vessel of Ruin\n|move|p2a: Blissey|Seismic Toss|p1a: Ting-Lu\n|-damage|p1a: Ting-Lu|37\/100 tox\n|\n|-weather|RainDance|[upkeep]\n|-heal|p1a: Ting-Lu|44\/100 tox|[from] item: Leftovers\n|-damage|p1a: Ting-Lu|37\/100 tox|[from] psn\n|upkeep\n|turn|29\n|\n|t:|1700056870\n|switch|p2a: Wo-Chien|Wo-Chien|49\/100\n|-damage|p2a: Wo-Chien|37\/100|[from] Stealth Rock\n|-ability|p2a: Wo-Chien|Tablets of Ruin\n|move|p1a: Ting-Lu|Ruination|p2a: Wo-Chien\n|-damage|p2a: Wo-Chien|19\/100\n|\n|-weather|RainDance|[upkeep]\n|-heal|p2a: Wo-Chien|25\/100|[from] item: Leftovers\n|-heal|p1a: Ting-Lu|44\/100 tox|[from] item: Leftovers\n|-damage|p1a: Ting-Lu|31\/100 tox|[from] psn\n|upkeep\n|turn|30\n|\n|t:|1700056874\n|switch|p1a: Vaporeon|Vaporeon, M|54\/100\n|-damage|p1a: Vaporeon|42\/100|[from] Stealth Rock\n|-damage|p1a: Vaporeon|30\/100|[from] Spikes\n|move|p2a: Wo-Chien|Rest|p2a: Wo-Chien\n|-status|p2a: Wo-Chien|slp|[from] move: Rest\n|-heal|p2a: Wo-Chien|100\/100 slp|[silent]\n|\n|-weather|none\n|upkeep\n|turn|31\n|\n|t:|1700056877\n|cant|p2a: Wo-Chien|slp\n|move|p1a: Vaporeon|Wish|p1a: Vaporeon\n|\n|upkeep\n|turn|32\n|\n|t:|1700056884\n|cant|p2a: Wo-Chien|slp\n|move|p1a: Vaporeon|Rain Dance|p1a: Vaporeon\n|-weather|RainDance\n|\n|-weather|RainDance|[upkeep]\n|-heal|p1a: Vaporeon|80\/100|[from] move: Wish|[wisher] Vaporeon\n|upkeep\n|turn|33\n|\n|t:|1700056889\n|-curestatus|p2a: Wo-Chien|slp|[msg]\n|move|p2a: Wo-Chien|Leech Seed|p1a: Vaporeon\n|-start|p1a: Vaporeon|move: Leech Seed\n|move|p1a: Vaporeon|Wish|p1a: Vaporeon\n|\n|-weather|RainDance|[upkeep]\n|-damage|p1a: Vaporeon|67\/100|[from] Leech Seed|[of] p2a: Wo-Chien\n|upkeep\n|turn|34\n|\n|t:|1700056895\n|move|p2a: Wo-Chien|Knock Off|p1a: Vaporeon\n|-damage|p1a: Vaporeon|36\/100\n|-enditem|p1a: Vaporeon|Damp Rock|[from] move: Knock Off|[of] p2a: Wo-Chien\n|move|p1a: Vaporeon|Flip Turn|p2a: Wo-Chien\n|-resisted|p2a: Wo-Chien\n|-crit|p2a: Wo-Chien\n|-damage|p2a: Wo-Chien|90\/100\n|\n|t:|1700056898\n|switch|p1a: Ting-Lu|Ting-Lu|31\/100 tox|[from] Flip Turn\n|-damage|p1a: Ting-Lu|25\/100 tox|[from] Stealth Rock\n|-damage|p1a: Ting-Lu|13\/100 tox|[from] Spikes\n|-ability|p1a: Ting-Lu|Vessel of Ruin\n|\n|-weather|RainDance|[upkeep]\n|-heal|p1a: Ting-Lu|58\/100 tox|[from] move: Wish|[wisher] Vaporeon\n|-heal|p2a: Wo-Chien|96\/100|[from] item: Leftovers\n|-heal|p1a: Ting-Lu|64\/100 tox|[from] item: Leftovers\n|-damage|p1a: Ting-Lu|58\/100 tox|[from] psn\n|upkeep\n|turn|35\n|\n|t:|1700056906\n|switch|p1a: Rillaboom|Rillaboom, F, shiny|72\/100\n|-damage|p1a: Rillaboom|59\/100|[from] Stealth Rock\n|-damage|p1a: Rillaboom|47\/100|[from] Spikes\n|-fieldstart|move: Grassy Terrain|[from] ability: Grassy Surge|[of] p1a: Rillaboom\n|move|p2a: Wo-Chien|Giga Drain|p1a: Rillaboom\n|-resisted|p1a: Rillaboom\n|-damage|p1a: Rillaboom|24\/100\n|-heal|p2a: Wo-Chien|100\/100|[from] drain|[of] p1a: Rillaboom\n|\n|-weather|RainDance|[upkeep]\n|-heal|p1a: Rillaboom|31\/100|[from] Grassy Terrain\n|upkeep\n|turn|36\n|\n|t:|1700056913\n|move|p1a: Rillaboom|Drain Punch|p2a: Wo-Chien\n|-supereffective|p2a: Wo-Chien\n|-damage|p2a: Wo-Chien|44\/100\n|-heal|p1a: Rillaboom|62\/100|[from] drain|[of] p2a: Wo-Chien\n|move|p2a: Wo-Chien|Knock Off|p1a: Rillaboom\n|-damage|p1a: Rillaboom|41\/100\n|-enditem|p1a: Rillaboom|Choice Band|[from] move: Knock Off|[of] p2a: Wo-Chien\n|\n|-weather|RainDance|[upkeep]\n|-heal|p1a: Rillaboom|47\/100|[from] Grassy Terrain\n|-heal|p2a: Wo-Chien|50\/100|[from] Grassy Terrain\n|-heal|p2a: Wo-Chien|56\/100|[from] item: Leftovers\n|upkeep\n|turn|37\n|\n|t:|1700056925\n|move|p1a: Rillaboom|Knock Off|p2a: Wo-Chien\n|-resisted|p2a: Wo-Chien\n|-damage|p2a: Wo-Chien|45\/100\n|-enditem|p2a: Wo-Chien|Leftovers|[from] move: Knock Off|[of] p1a: Rillaboom\n|move|p2a: Wo-Chien|Rest|p2a: Wo-Chien\n|-status|p2a: Wo-Chien|slp|[from] move: Rest\n|-heal|p2a: Wo-Chien|100\/100 slp|[silent]\n|\n|-weather|RainDance|[upkeep]\n|-heal|p1a: Rillaboom|53\/100|[from] Grassy Terrain\n|upkeep\n|turn|38\n|\n|t:|1700056934\n|move|p1a: Rillaboom|Drain Punch|p2a: Wo-Chien\n|-supereffective|p2a: Wo-Chien\n|-damage|p2a: Wo-Chien|68\/100 slp\n|-heal|p1a: Rillaboom|71\/100|[from] drain|[of] p2a: Wo-Chien\n|cant|p2a: Wo-Chien|slp\n|\n|-weather|RainDance|[upkeep]\n|-heal|p1a: Rillaboom|77\/100|[from] Grassy Terrain\n|-heal|p2a: Wo-Chien|74\/100 slp|[from] Grassy Terrain\n|upkeep\n|turn|39\n|\n|t:|1700056941\n|move|p1a: Rillaboom|Drain Punch|p2a: Wo-Chien\n|-supereffective|p2a: Wo-Chien\n|-damage|p2a: Wo-Chien|42\/100 slp\n|-heal|p1a: Rillaboom|94\/100|[from] drain|[of] p2a: Wo-Chien\n|cant|p2a: Wo-Chien|slp\n|\n|-weather|none\n|-heal|p1a: Rillaboom|100\/100|[from] Grassy Terrain\n|-heal|p2a: Wo-Chien|48\/100 slp|[from] Grassy Terrain\n|-fieldend|move: Grassy Terrain\n|upkeep\n|turn|40\n|\n|t:|1700056947\n|move|p1a: Rillaboom|U-turn|p2a: Wo-Chien\n|-supereffective|p2a: Wo-Chien\n|-damage|p2a: Wo-Chien|0 fnt\n|faint|p2a: Wo-Chien\n|\n|t:|1700056952\n|switch|p1a: Pelipper|Pelipper, M|75\/100|[from] U-turn\n|-damage|p1a: Pelipper|50\/100|[from] Stealth Rock\n|-weather|RainDance|[from] ability: Drizzle|[of] p1a: Pelipper\n|\n|-weather|RainDance|[upkeep]\n|upkeep\n|\n|t:|1700056962\n|switch|p2a: Dondozo|Dondozo, F, shiny|100\/100\n|turn|41\n|\n|t:|1700056968\n|move|p1a: Pelipper|U-turn|p2a: Dondozo\n|-damage|p2a: Dondozo|97\/100\n|\n|t:|1700056971\n|switch|p1a: Vaporeon|Vaporeon, M|36\/100|[from] U-turn\n|-damage|p1a: Vaporeon|24\/100|[from] Stealth Rock\n|-damage|p1a: Vaporeon|12\/100|[from] Spikes\n|move|p2a: Dondozo|Waterfall|p1a: Vaporeon\n|-heal|p1a: Vaporeon|36\/100|[from] ability: Water Absorb|[of] p2a: Dondozo\n|\n|-weather|RainDance|[upkeep]\n|upkeep\n|turn|42\n|\n|t:|1700056978\n|move|p1a: Vaporeon|Wish|p1a: Vaporeon\n|move|p2a: Dondozo|Curse|p2a: Dondozo\n|-unboost|p2a: Dondozo|spe|1\n|-boost|p2a: Dondozo|atk|1\n|-boost|p2a: Dondozo|def|1\n|\n|-weather|RainDance|[upkeep]\n|upkeep\n|turn|43\n|\n|t:|1700056984\n|move|p1a: Vaporeon|Weather Ball|p2a: Dondozo\n|-resisted|p2a: Dondozo\n|-damage|p2a: Dondozo|72\/100\n|move|p2a: Dondozo|Waterfall|p1a: Vaporeon\n|-heal|p1a: Vaporeon|61\/100|[from] ability: Water Absorb|[of] p2a: Dondozo\n|\n|-weather|RainDance|[upkeep]\n|-heal|p1a: Vaporeon|100\/100|[from] move: Wish|[wisher] Vaporeon\n|upkeep\n|turn|44\n|\n|t:|1700056995\n|move|p1a: Vaporeon|Wish|p1a: Vaporeon\n|move|p2a: Dondozo|Curse|p2a: Dondozo\n|-unboost|p2a: Dondozo|spe|1\n|-boost|p2a: Dondozo|atk|1\n|-boost|p2a: Dondozo|def|1\n|\n|-weather|RainDance|[upkeep]\n|upkeep\n|turn|45\n|\n|t:|1700057003\n|move|p1a: Vaporeon|Flip Turn|p2a: Dondozo\n|-resisted|p2a: Dondozo\n|-damage|p2a: Dondozo|69\/100\n|\n|t:|1700057005\n|switch|p1a: Ting-Lu|Ting-Lu|58\/100 tox|[from] Flip Turn\n|-damage|p1a: Ting-Lu|51\/100 tox|[from] Stealth Rock\n|-damage|p1a: Ting-Lu|39\/100 tox|[from] Spikes\n|-ability|p1a: Ting-Lu|Vessel of Ruin\n|move|p2a: Dondozo|Curse|p2a: Dondozo\n|-unboost|p2a: Dondozo|spe|1\n|-boost|p2a: Dondozo|atk|1\n|-boost|p2a: Dondozo|def|1\n|\n|-weather|RainDance|[upkeep]\n|-heal|p1a: Ting-Lu|84\/100 tox|[from] move: Wish|[wisher] Vaporeon\n|-heal|p1a: Ting-Lu|90\/100 tox|[from] item: Leftovers\n|-damage|p1a: Ting-Lu|84\/100 tox|[from] psn\n|upkeep\n|turn|46\n|\n|t:|1700057009\n|move|p2a: Dondozo|Rest|p2a: Dondozo\n|-status|p2a: Dondozo|slp|[from] move: Rest\n|-heal|p2a: Dondozo|100\/100 slp|[silent]\n|move|p1a: Ting-Lu|Whirlwind|p2a: Dondozo\n|drag|p2a: Blissey|Blissey, F|86\/100\n|\n|-weather|RainDance|[upkeep]\n|-heal|p1a: Ting-Lu|90\/100 tox|[from] item: Leftovers\n|-damage|p1a: Ting-Lu|78\/100 tox|[from] psn\n|upkeep\n|turn|47\n|\n|t:|1700057018\n|switch|p2a: Dondozo|Dondozo, F, shiny|100\/100 slp\n|switch|p1a: Thundurus|Thundurus-Therian, M, tera:Flying|58\/100 tox\n|\n|-weather|none\n|-damage|p1a: Thundurus|52\/100 tox|[from] psn\n|upkeep\n|turn|48\n|\n|t:|1700057024\n|switch|p2a: Blissey|Blissey, F|86\/100\n|move|p1a: Thundurus|Thunder|p2a: Blissey\n|-damage|p2a: Blissey|67\/100\n|\n|-damage|p1a: Thundurus|40\/100 tox|[from] psn\n|upkeep\n|turn|49\n|\n|t:|1700057030\n|switch|p1a: Pelipper|Pelipper, M|50\/100\n|-damage|p1a: Pelipper|25\/100|[from] Stealth Rock\n|-weather|RainDance|[from] ability: Drizzle|[of] p1a: Pelipper\n|move|p2a: Blissey|Seismic Toss|p1a: Pelipper\n|-damage|p1a: Pelipper|0 fnt\n|faint|p1a: Pelipper\n|\n|-weather|RainDance|[upkeep]\n|upkeep\n|\n|t:|1700057035\n|switch|p1a: Overqwil|Overqwil, M, shiny|100\/100\n|-damage|p1a: Overqwil|88\/100|[from] Stealth Rock\n|-damage|p1a: Overqwil|76\/100|[from] Spikes\n|turn|50\n|\n|t:|1700057044\n|switch|p2a: Dondozo|Dondozo, F, shiny|100\/100 slp\n|move|p1a: Overqwil|Gunk Shot|p2a: Dondozo\n|-damage|p2a: Dondozo|67\/100 slp\n|-damage|p1a: Overqwil|66\/100|[from] item: Life Orb\n|\n|-weather|RainDance|[upkeep]\n|upkeep\n|turn|51\n|\n|t:|1700057048\n|move|p1a: Overqwil|Crunch|p2a: Dondozo\n|-damage|p2a: Dondozo|46\/100 slp\n|-damage|p1a: Overqwil|56\/100|[from] item: Life Orb\n|cant|p2a: Dondozo|slp\n|move|p2a: Dondozo|Sleep Talk|p2a: Dondozo\n|move|p2a: Dondozo|Rest||[from]move: Sleep Talk|[still]\n|-fail|p2a: Dondozo\n|\n|-weather|RainDance|[upkeep]\n|upkeep\n|turn|52\n|\n|t:|1700057051\n|move|p1a: Overqwil|Gunk Shot|p2a: Dondozo\n|-crit|p2a: Dondozo\n|-damage|p2a: Dondozo|0 fnt\n|faint|p2a: Dondozo\n|-damage|p1a: Overqwil|46\/100|[from] item: Life Orb\n|\n|-weather|RainDance|[upkeep]\n|upkeep\n|\n|t:|1700057054\n|switch|p2a: Blissey|Blissey, F|67\/100\n|turn|53\n|-message|4redcscsaxsas forfeited.\n|\n|win|Blackninjamb\n|raw|Blackninjamb's rating: 1189 &rarr; <strong>1211<\/strong><br \/>(+22 for winning)\n|raw|4redcscsaxsas's rating: 1145 &rarr; <strong>1123<\/strong><br \/>(-22 for losing)\n|l|\u26064redcscsaxsas\n|c|\u2606Blackninjamb|Easy 5-0 on shit stall player\n","uploadtime":1700057077,"views":5,"p1id":"blackninjamb","p2id":"4redcscsaxsas","formatid":"gen9ou","rating":1123,"private":0,"password":""}