{"id":"gen9ou-1996642933","p1":"LegendTomatoBird","p2":"Macattacka","format":"[Gen 9] OU","log":"|j|\u2606LegendTomatoBird\n|j|\u2606Macattacka\n|t:|1700704284\n|gametype|singles\n|player|p1|LegendTomatoBird|ballguy|1292\n|player|p2|Macattacka|giovanni|1273\n|teamsize|p1|6\n|teamsize|p2|6\n|gen|9\n|tier|[Gen 9] OU\n|rated|\n|rule|Sleep Clause Mod: Limit one foe put to sleep\n|rule|Species Clause: Limit one of each Pok\u00e9mon\n|rule|OHKO Clause: OHKO moves are banned\n|rule|Evasion Items Clause: Evasion items are banned\n|rule|Evasion Moves Clause: Evasion moves are banned\n|rule|Endless Battle Clause: Forcing endless battles is banned\n|rule|HP Percentage Mod: HP is shown in percentages\n|clearpoke\n|poke|p1|Garchomp, F|\n|poke|p1|Zapdos|\n|poke|p1|Gholdengo|\n|poke|p1|Samurott-Hisui, M|\n|poke|p1|Sinistcha|\n|poke|p1|Iron Treads|\n|poke|p2|Ceruledge, M|\n|poke|p2|Zapdos|\n|poke|p2|Weezing-Galar, M|\n|poke|p2|Garchomp, M|\n|poke|p2|Hatterene, F|\n|poke|p2|Toxapex, M|\n|teampreview\n|inactive|Battle timer is ON: inactive players will automatically lose when time's up. (requested by LegendTomatoBird)\n|\n|t:|1700704302\n|start\n|switch|p1a: Not Shiny|Garchomp, F, shiny|100\/100\n|switch|p2a: Garchomp|Garchomp, M|100\/100\n|turn|1\n|c|\u2606LegendTomatoBird|this is literally the spiderman pointing meme rn\n|c|\u2606Macattacka|at least your shiny\n|c|\u2606LegendTomatoBird|true lol\n|inactive|Macattacka has 120 seconds left.\n|n|!Macattacka|macattacka\n|c|\u2606LegendTomatoBird|this is so funny tho, we even both run zapdos\n|\n|t:|1700704346\n|move|p2a: Garchomp|Scale Shot|p1a: Not Shiny\n|-supereffective|p1a: Not Shiny\n|-damage|p1a: Not Shiny|72\/100\n|-supereffective|p1a: Not Shiny\n|-damage|p1a: Not Shiny|45\/100\n|-supereffective|p1a: Not Shiny\n|-damage|p1a: Not Shiny|19\/100\n|-supereffective|p1a: Not Shiny\n|-damage|p1a: Not Shiny|0 fnt\n|faint|p1a: Not Shiny\n|-hitcount|p1: Not Shiny|4\n|-unboost|p2a: Garchomp|def|1\n|-boost|p2a: Garchomp|spe|1\n|\n|upkeep\n|c|\u2606LegendTomatoBird|and now im screwed LOL\n|inactive|LegendTomatoBird has 120 seconds left.\n|\n|t:|1700704368\n|switch|p1a: Sinistcha|Sinistcha, shiny|100\/100\n|turn|2\n|inactive|Macattacka has 120 seconds left.\n|\n|t:|1700704374\n|move|p2a: Garchomp|Iron Head|p1a: Sinistcha\n|-damage|p1a: Sinistcha|77\/100\n|move|p1a: Sinistcha|Nasty Plot|p1a: Sinistcha\n|-boost|p1a: Sinistcha|spa|2\n|\n|-heal|p1a: Sinistcha|83\/100|[from] item: Leftovers\n|upkeep\n|turn|3\n|\n|t:|1700704381\n|move|p2a: Garchomp|Scale Shot|p1a: Sinistcha\n|-damage|p1a: Sinistcha|70\/100\n|-damage|p1a: Sinistcha|58\/100\n|-damage|p1a: Sinistcha|44\/100\n|-damage|p1a: Sinistcha|33\/100\n|-damage|p1a: Sinistcha|20\/100\n|-hitcount|p1a: Sinistcha|5\n|-unboost|p2a: Garchomp|def|1\n|-boost|p2a: Garchomp|spe|1\n|move|p1a: Sinistcha|Matcha Gotcha|p2a: Garchomp\n|-damage|p2a: Garchomp|25\/100\n|-heal|p1a: Sinistcha|68\/100|[from] drain|[of] p2a: Garchomp\n|\n|-heal|p1a: Sinistcha|74\/100|[from] item: Leftovers\n|upkeep\n|turn|4\n|c|\u2606LegendTomatoBird|i love everything about this\n|inactive|Macattacka has 120 seconds left.\n|\n|t:|1700704402\n|switch|p2a: Weezing|Weezing-Galar, M|100\/100\n|move|p1a: Sinistcha|Matcha Gotcha|p2a: Weezing\n|-resisted|p2a: Weezing\n|-damage|p2a: Weezing|70\/100\n|-heal|p1a: Sinistcha|92\/100|[from] drain|[of] p2a: Weezing\n|\n|-heal|p1a: Sinistcha|98\/100|[from] item: Leftovers\n|-heal|p2a: Weezing|76\/100|[from] item: Leftovers\n|upkeep\n|turn|5\n|inactive|Macattacka has 120 seconds left.\n|\n|t:|1700704414\n|move|p1a: Sinistcha|Shadow Ball|p2a: Weezing\n|-damage|p2a: Weezing|19\/100\n|move|p2a: Weezing|Sludge Bomb|p1a: Sinistcha\n|-damage|p1a: Sinistcha|69\/100\n|\n|-heal|p1a: Sinistcha|75\/100|[from] item: Leftovers\n|-heal|p2a: Weezing|25\/100|[from] item: Leftovers\n|upkeep\n|turn|6\n|inactive|Macattacka has 120 seconds left.\n|\n|t:|1700704429\n|move|p1a: Sinistcha|Shadow Ball|p2a: Weezing\n|-damage|p2a: Weezing|0 fnt\n|faint|p2a: Weezing\n|\n|-heal|p1a: Sinistcha|81\/100|[from] item: Leftovers\n|upkeep\n|\n|t:|1700704455\n|switch|p2a: Ceruledge|Ceruledge, M|100\/100\n|turn|7\n|\n|t:|1700704464\n|-terastallize|p2a: Ceruledge|Bug\n|-terastallize|p1a: Sinistcha|Water\n|move|p2a: Ceruledge|Bulk Up|p2a: Ceruledge\n|-boost|p2a: Ceruledge|atk|1\n|-boost|p2a: Ceruledge|def|1\n|move|p1a: Sinistcha|Scald|p2a: Ceruledge\n|-damage|p2a: Ceruledge|47\/100\n|\n|-heal|p1a: Sinistcha|87\/100|[from] item: Leftovers\n|upkeep\n|turn|8\n|\n|t:|1700704480\n|move|p2a: Ceruledge|Poltergeist|p1a: Sinistcha\n|-activate|p1a: Sinistcha|move: Poltergeist|Leftovers\n|-damage|p1a: Sinistcha|19\/100\n|move|p1a: Sinistcha|Scald|p2a: Ceruledge\n|-damage|p2a: Ceruledge|0 fnt\n|faint|p2a: Ceruledge\n|\n|-heal|p1a: Sinistcha|25\/100|[from] item: Leftovers\n|upkeep\n|inactive|Macattacka has 90 seconds left.\n|\n|t:|1700704491\n|switch|p2a: Garchomp|Garchomp, M|25\/100\n|turn|9\n|\n|t:|1700704499\n|move|p2a: Garchomp|Scale Shot|p1a: Sinistcha\n|-damage|p1a: Sinistcha|13\/100\n|-damage|p1a: Sinistcha|0 fnt\n|faint|p1a: Sinistcha\n|-hitcount|p1: Sinistcha|2\n|-unboost|p2a: Garchomp|def|1\n|-boost|p2a: Garchomp|spe|1\n|\n|upkeep\n|\n|t:|1700704507\n|switch|p1a: Samurott|Samurott-Hisui, M|100\/100\n|turn|10\n|\n|t:|1700704524\n|move|p1a: Samurott|Sucker Punch|p2a: Garchomp\n|-damage|p2a: Garchomp|0 fnt\n|-damage|p1a: Samurott|88\/100|[from] ability: Rough Skin|[of] p2a: Garchomp\n|faint|p2a: Garchomp\n|\n|-heal|p1a: Samurott|94\/100|[from] item: Leftovers\n|upkeep\n|\n|t:|1700704530\n|switch|p2a: Toxapex|Toxapex, M|100\/100\n|turn|11\n|\n|t:|1700704542\n|switch|p1a: Gholdengo|Gholdengo|100\/100\n|move|p2a: Toxapex|Toxic Spikes|p1a: Gholdengo\n|-sidestart|p1: LegendTomatoBird|move: Toxic Spikes\n|\n|upkeep\n|turn|12\n|\n|t:|1700704551\n|switch|p1a: Overpowered|Zapdos, shiny|100\/100\n|switch|p2a: Hatterene|Hatterene, F|100\/100\n|\n|upkeep\n|turn|13\n|\n|t:|1700704558\n|move|p1a: Overpowered|Thunderbolt|p2a: Hatterene\n|-damage|p2a: Hatterene|61\/100\n|move|p2a: Hatterene|Calm Mind|p2a: Hatterene\n|-boost|p2a: Hatterene|spa|1\n|-boost|p2a: Hatterene|spd|1\n|\n|-heal|p2a: Hatterene|67\/100|[from] item: Leftovers\n|upkeep\n|turn|14\n|inactive|LegendTomatoBird has 120 seconds left.\n|\n|t:|1700704597\n|switch|p1a: Gholdengo|Gholdengo|100\/100\n|move|p2a: Hatterene|Draining Kiss|p1a: Gholdengo\n|-resisted|p1a: Gholdengo\n|-damage|p1a: Gholdengo|80\/100\n|-heal|p2a: Hatterene|81\/100|[from] drain|[of] p1a: Gholdengo\n|\n|-heal|p1a: Gholdengo|87\/100|[from] item: Leftovers\n|-heal|p2a: Hatterene|87\/100|[from] item: Leftovers\n|upkeep\n|turn|15\n|inactive|LegendTomatoBird has 120 seconds left.\n|\n|t:|1700704608\n|move|p1a: Gholdengo|Nasty Plot|p1a: Gholdengo\n|-boost|p1a: Gholdengo|spa|2\n|move|p2a: Hatterene|Mystical Fire|p1a: Gholdengo\n|-supereffective|p1a: Gholdengo\n|-crit|p1a: Gholdengo\n|-damage|p1a: Gholdengo|0 fnt\n|faint|p1a: Gholdengo\n|\n|-heal|p2a: Hatterene|93\/100|[from] item: Leftovers\n|upkeep\n|inactive|LegendTomatoBird has 120 seconds left.\n|-message|LegendTomatoBird forfeited.\n|\n|win|Macattacka\n|raw|LegendTomatoBird's rating: 1292 &rarr; <strong>1266<\/strong><br \/>(-26 for losing)\n|raw|Macattacka's rating: 1273 &rarr; <strong>1299<\/strong><br \/>(+26 for winning)\n|l|\u2606LegendTomatoBird\n","uploadtime":1700704335,"views":2,"p1id":"legendtomatobird","p2id":"macattacka","formatid":"gen9ou","rating":1266,"private":0,"password":""}