{"id":"gen9ou-1989820568","p1":"Reffeik","p2":"Kirby pic a apple","format":"[Gen 9] OU","log":"|j|\u2606Reffeik\n|j|\u2606Kirby pic a apple\n|t:|1699898496\n|gametype|singles\n|player|p1|Reffeik|170|1349\n|player|p2|Kirby pic a apple|101|1450\n|teamsize|p1|6\n|teamsize|p2|6\n|gen|9\n|tier|[Gen 9] OU\n|rated|\n|rule|Sleep Clause Mod: Limit one foe put to sleep\n|rule|Species Clause: Limit one of each Pok\u00e9mon\n|rule|OHKO Clause: OHKO moves are banned\n|rule|Evasion Items Clause: Evasion items are banned\n|rule|Evasion Moves Clause: Evasion moves are banned\n|rule|Endless Battle Clause: Forcing endless battles is banned\n|rule|HP Percentage Mod: HP is shown in percentages\n|clearpoke\n|poke|p1|Ribombee, F|\n|poke|p1|Gholdengo|\n|poke|p1|Great Tusk|\n|poke|p1|Samurott-Hisui, F|\n|poke|p1|Iron Moth|\n|poke|p1|Sinistcha-Masterpiece|\n|poke|p2|Torkoal, M|\n|poke|p2|Lilligant, F|\n|poke|p2|Walking Wake|\n|poke|p2|Great Tusk|\n|poke|p2|Leavanny, M|\n|poke|p2|Kingambit, M|\n|teampreview\n|inactive|Battle timer is ON: inactive players will automatically lose when time's up. (requested by Reffeik)\n|\n|t:|1699898502\n|start\n|switch|p1a: Samurott|Samurott-Hisui, F, shiny|100\/100\n|switch|p2a: Torkoal|Torkoal, M|100\/100\n|-weather|SunnyDay|[from] ability: Drought|[of] p2a: Torkoal\n|turn|1\n|\n|t:|1699898510\n|move|p1a: Samurott|Flip Turn|p2a: Torkoal\n|-supereffective|p2a: Torkoal\n|-damage|p2a: Torkoal|68\/100\n|\n|t:|1699898518\n|switch|p1a: Iron Moth|Iron Moth, shiny|100\/100|[from] Flip Turn\n|-enditem|p1a: Iron Moth|Booster Energy\n|-activate|p1a: Iron Moth|ability: Quark Drive|[fromitem]\n|-start|p1a: Iron Moth|quarkdrivespa\n|move|p2a: Torkoal|Will-O-Wisp|p1a: Iron Moth\n|-immune|p1a: Iron Moth\n|\n|-weather|SunnyDay|[upkeep]\n|upkeep\n|turn|2\n|\n|t:|1699898530\n|switch|p2a: Leavanny|Leavanny, M|100\/100\n|move|p1a: Iron Moth|Sludge Wave|p2a: Leavanny\n|-supereffective|p2a: Leavanny\n|-enditem|p2a: Leavanny|Focus Sash\n|-damage|p2a: Leavanny|1\/100\n|\n|-weather|SunnyDay|[upkeep]\n|upkeep\n|turn|3\n|\n|t:|1699898539\n|move|p2a: Leavanny|Sticky Web|p1a: Iron Moth\n|-sidestart|p1: Reffeik|move: Sticky Web\n|move|p1a: Iron Moth|Fiery Dance|p2a: Leavanny\n|-supereffective|p2a: Leavanny\n|-damage|p2a: Leavanny|0 fnt\n|-boost|p1a: Iron Moth|spa|1\n|faint|p2a: Leavanny\n|\n|-weather|SunnyDay|[upkeep]\n|upkeep\n|\n|t:|1699898548\n|switch|p2a: Walking Wake|Walking Wake|100\/100\n|-activate|p2a: Walking Wake|ability: Protosynthesis\n|-start|p2a: Walking Wake|protosynthesisspe\n|turn|4\n|\n|t:|1699898563\n|-terastallize|p2a: Walking Wake|Steel\n|-terastallize|p1a: Iron Moth|Ground\n|move|p2a: Walking Wake|Hydro Steam|p1a: Iron Moth\n|-supereffective|p1a: Iron Moth\n|-damage|p1a: Iron Moth|2\/100\n|move|p1a: Iron Moth|Tera Blast|p2a: Walking Wake|[anim] Tera Blast Ground\n|-supereffective|p2a: Walking Wake\n|-damage|p2a: Walking Wake|0 fnt\n|faint|p2a: Walking Wake\n|-end|p2a: Walking Wake|Protosynthesis|[silent]\n|\n|-weather|SunnyDay|[upkeep]\n|upkeep\n|\n|t:|1699898576\n|switch|p2a: Lilligant|Lilligant, F|100\/100\n|turn|5\n|\n|t:|1699898580\n|move|p2a: Lilligant|Energy Ball|p1a: Iron Moth\n|-supereffective|p1a: Iron Moth\n|-damage|p1a: Iron Moth|0 fnt\n|faint|p1a: Iron Moth\n|-end|p1a: Iron Moth|Quark Drive|[silent]\n|-damage|p2a: Lilligant|91\/100|[from] item: Life Orb\n|\n|-weather|SunnyDay|[upkeep]\n|upkeep\n|\n|t:|1699898586\n|switch|p1a: Great Tusk|Great Tusk, shiny|100\/100\n|-activate|p1a: Great Tusk|move: Sticky Web\n|-unboost|p1a: Great Tusk|spe|1\n|-activate|p1a: Great Tusk|ability: Protosynthesis\n|-start|p1a: Great Tusk|protosynthesisatk\n|turn|6\n|\n|t:|1699898595\n|-end|p1a: Great Tusk|Protosynthesis|[silent]\n|switch|p1a: Sinistcha|Sinistcha-Masterpiece, shiny|100\/100\n|-activate|p1a: Sinistcha|move: Sticky Web\n|-unboost|p1a: Sinistcha|spe|1\n|move|p2a: Lilligant|Energy Ball|p1a: Sinistcha\n|-resisted|p1a: Sinistcha\n|-crit|p1a: Sinistcha\n|-damage|p1a: Sinistcha|48\/100\n|-damage|p2a: Lilligant|81\/100|[from] item: Life Orb\n|\n|-weather|SunnyDay|[upkeep]\n|-heal|p1a: Sinistcha|54\/100|[from] item: Leftovers\n|upkeep\n|turn|7\n|\n|t:|1699898606\n|move|p1a: Sinistcha|Protect|p1a: Sinistcha\n|-singleturn|p1a: Sinistcha|Protect\n|move|p2a: Lilligant|Weather Ball|p1a: Sinistcha\n|-activate|p1a: Sinistcha|move: Protect\n|\n|-weather|SunnyDay|[upkeep]\n|-heal|p1a: Sinistcha|60\/100|[from] item: Leftovers\n|upkeep\n|turn|8\n|\n|t:|1699898617\n|move|p2a: Lilligant|Weather Ball|p1a: Sinistcha\n|-supereffective|p1a: Sinistcha\n|-damage|p1a: Sinistcha|0 fnt\n|faint|p1a: Sinistcha\n|-damage|p2a: Lilligant|71\/100|[from] item: Life Orb\n|\n|-weather|none\n|upkeep\n|\n|t:|1699898622\n|switch|p1a: Gholdengo|Gholdengo|100\/100\n|-item|p1a: Gholdengo|Air Balloon\n|turn|9\n|\n|t:|1699898629\n|switch|p2a: Torkoal|Torkoal, M|68\/100\n|-weather|SunnyDay|[from] ability: Drought|[of] p2a: Torkoal\n|move|p1a: Gholdengo|Make It Rain|p2a: Torkoal\n|-resisted|p2a: Torkoal\n|-damage|p2a: Torkoal|36\/100\n|-unboost|p1a: Gholdengo|spa|1\n|\n|-weather|SunnyDay|[upkeep]\n|upkeep\n|turn|10\n|\n|t:|1699898640\n|move|p1a: Gholdengo|Shadow Ball|p2a: Torkoal\n|-damage|p2a: Torkoal|11\/100\n|-unboost|p2a: Torkoal|spd|1\n|move|p2a: Torkoal|Eruption|p1a: Gholdengo\n|-supereffective|p1a: Gholdengo\n|-damage|p1a: Gholdengo|86\/100\n|-enditem|p1a: Gholdengo|Air Balloon\n|\n|-weather|SunnyDay|[upkeep]\n|upkeep\n|turn|11\n|\n|t:|1699898651\n|move|p1a: Gholdengo|Dazzling Gleam|p2a: Torkoal\n|-resisted|p2a: Torkoal\n|-damage|p2a: Torkoal|0 fnt\n|faint|p2a: Torkoal\n|\n|-weather|SunnyDay|[upkeep]\n|upkeep\n|\n|t:|1699898657\n|switch|p2a: Lilligant|Lilligant, F|71\/100\n|turn|12\n|\n|t:|1699898660\n|switch|p1a: Ribombee|Ribombee, F, shiny|100\/100\n|-activate|p1a: Ribombee|move: Sticky Web\n|-unboost|p1a: Ribombee|spe|1\n|move|p2a: Lilligant|Weather Ball|p1a: Ribombee\n|-supereffective|p1a: Ribombee\n|-enditem|p1a: Ribombee|Focus Sash\n|-damage|p1a: Ribombee|1\/100\n|-damage|p2a: Lilligant|61\/100|[from] item: Life Orb\n|\n|-weather|SunnyDay|[upkeep]\n|upkeep\n|turn|13\n|\n|t:|1699898674\n|move|p2a: Lilligant|Tera Blast|p1a: Ribombee\n|-damage|p1a: Ribombee|0 fnt\n|faint|p1a: Ribombee\n|-damage|p2a: Lilligant|51\/100|[from] item: Life Orb\n|\n|-weather|SunnyDay|[upkeep]\n|upkeep\n|\n|t:|1699898679\n|switch|p1a: Gholdengo|Gholdengo|86\/100\n|-activate|p1a: Gholdengo|move: Sticky Web\n|-unboost|p1a: Gholdengo|spe|1\n|turn|14\n|\n|t:|1699898684\n|switch|p1a: Samurott|Samurott-Hisui, F, shiny|100\/100\n|-activate|p1a: Samurott|move: Sticky Web\n|-unboost|p1a: Samurott|spe|1\n|move|p2a: Lilligant|Weather Ball|p1a: Samurott\n|-resisted|p1a: Samurott\n|-damage|p1a: Samurott|55\/100\n|-damage|p2a: Lilligant|41\/100|[from] item: Life Orb\n|\n|-weather|SunnyDay|[upkeep]\n|upkeep\n|turn|15\n|\n|t:|1699898696\n|switch|p1a: Great Tusk|Great Tusk, shiny|100\/100\n|-activate|p1a: Great Tusk|move: Sticky Web\n|-unboost|p1a: Great Tusk|spe|1\n|-activate|p1a: Great Tusk|ability: Protosynthesis\n|-start|p1a: Great Tusk|protosynthesisatk\n|move|p2a: Lilligant|Energy Ball|p1a: Great Tusk\n|-supereffective|p1a: Great Tusk\n|-damage|p1a: Great Tusk|0 fnt\n|faint|p1a: Great Tusk\n|-end|p1a: Great Tusk|Protosynthesis|[silent]\n|-damage|p2a: Lilligant|31\/100|[from] item: Life Orb\n|\n|-weather|SunnyDay|[upkeep]\n|upkeep\n|\n|t:|1699898699\n|switch|p1a: Gholdengo|Gholdengo|86\/100\n|-activate|p1a: Gholdengo|move: Sticky Web\n|-unboost|p1a: Gholdengo|spe|1\n|turn|16\n|\n|t:|1699898712\n|move|p2a: Lilligant|Weather Ball|p1a: Gholdengo\n|-supereffective|p1a: Gholdengo\n|-damage|p1a: Gholdengo|0 fnt\n|faint|p1a: Gholdengo\n|-damage|p2a: Lilligant|21\/100|[from] item: Life Orb\n|\n|-weather|none\n|upkeep\n|\n|t:|1699898715\n|switch|p1a: Samurott|Samurott-Hisui, F, shiny|55\/100\n|-activate|p1a: Samurott|move: Sticky Web\n|-unboost|p1a: Samurott|spe|1\n|turn|17\n|-message|Reffeik forfeited.\n|\n|win|Kirby pic a apple\n|raw|Reffeik's rating: 1349 &rarr; <strong>1335<\/strong><br \/>(-14 for losing)\n|raw|Kirby pic a apple's rating: 1450 &rarr; <strong>1464<\/strong><br \/>(+14 for winning)\n|l|\u2606Reffeik\n","uploadtime":1699898729,"views":21,"p1id":"reffeik","p2id":"kirbypicaapple","formatid":"gen9ou","rating":1335,"private":0,"password":""}