{"id":"gen9ou-1999551921","p1":"Slo Overdose","p2":"VariannVN","format":"[Gen 9] OU","log":"|j|\u2606Slo Overdose\n|j|\u2606VariannVN\n|t:|1701095346\n|gametype|singles\n|player|p1|Slo Overdose|anabel|1430\n|player|p2|VariannVN|pokemonrangerf-gen4|1301\n|teamsize|p1|6\n|teamsize|p2|6\n|gen|9\n|tier|[Gen 9] OU\n|rated|\n|rule|Sleep Clause Mod: Limit one foe put to sleep\n|rule|Species Clause: Limit one of each Pok\u00e9mon\n|rule|OHKO Clause: OHKO moves are banned\n|rule|Evasion Items Clause: Evasion items are banned\n|rule|Evasion Moves Clause: Evasion moves are banned\n|rule|Endless Battle Clause: Forcing endless battles is banned\n|rule|HP Percentage Mod: HP is shown in percentages\n|clearpoke\n|poke|p1|Clefable, M|\n|poke|p1|Heatran, M|\n|poke|p1|Conkeldurr, F|\n|poke|p1|Azelf|\n|poke|p1|Rillaboom, M|\n|poke|p1|Dragapult, F|\n|poke|p2|Rillaboom, M|\n|poke|p2|Ogerpon-Cornerstone, F|\n|poke|p2|Glimmora, F|\n|poke|p2|Iron Valiant|\n|poke|p2|Dragapult, F|\n|poke|p2|Hawlucha, M|\n|teampreview\n|inactive|Battle timer is ON: inactive players will automatically lose when time's up. (requested by Slo Overdose)\n|\n|t:|1701095353\n|start\n|switch|p1a: Azelf|Azelf|100\/100\n|switch|p2a: Glimmora|Glimmora, F|100\/100\n|turn|1\n|\n|t:|1701095356\n|move|p1a: Azelf|Psychic|p2a: Glimmora\n|-supereffective|p2a: Glimmora\n|-enditem|p2a: Glimmora|Focus Sash\n|-damage|p2a: Glimmora|1\/100\n|move|p2a: Glimmora|Mortal Spin|p1a: Azelf\n|-damage|p1a: Azelf|91\/100\n|-status|p1a: Azelf|psn\n|\n|-damage|p1a: Azelf|79\/100 psn|[from] psn\n|upkeep\n|turn|2\n|\n|t:|1701095358\n|move|p1a: Azelf|Psychic|p2a: Glimmora\n|-supereffective|p2a: Glimmora\n|-damage|p2a: Glimmora|0 fnt\n|faint|p2a: Glimmora\n|\n|-damage|p1a: Azelf|66\/100 psn|[from] psn\n|upkeep\n|\n|t:|1701095361\n|switch|p2a: Rillaboom|Rillaboom, M|100\/100\n|-fieldstart|move: Grassy Terrain|[from] ability: Grassy Surge|[of] p2a: Rillaboom\n|turn|3\n|\n|t:|1701095366\n|switch|p1a: Rillaboom|Rillaboom, M|100\/100\n|move|p2a: Rillaboom|Grassy Glide|p1a: Rillaboom\n|-resisted|p1a: Rillaboom\n|-damage|p1a: Rillaboom|66\/100\n|\n|-heal|p1a: Rillaboom|72\/100|[from] Grassy Terrain\n|upkeep\n|turn|4\n|\n|t:|1701095368\n|switch|p2a: Hawlucha|Hawlucha, M|100\/100\n|-enditem|p2a: Hawlucha|Grassy Seed\n|-boost|p2a: Hawlucha|def|1|[from] item: Grassy Seed\n|move|p1a: Rillaboom|U-turn|p2a: Hawlucha\n|-resisted|p2a: Hawlucha\n|-damage|p2a: Hawlucha|92\/100\n|\n|t:|1701095392\n|switch|p1a: Dragapult|Dragapult, F|100\/100|[from] U-turn\n|\n|upkeep\n|turn|5\n|\n|t:|1701095399\n|move|p2a: Hawlucha|Swords Dance|p2a: Hawlucha\n|-boost|p2a: Hawlucha|atk|2\n|move|p1a: Dragapult|Draco Meteor|p2a: Hawlucha\n|-damage|p2a: Hawlucha|0 fnt\n|-unboost|p1a: Dragapult|spa|2\n|faint|p2a: Hawlucha\n|\n|upkeep\n|\n|t:|1701095404\n|switch|p2a: Iron Valiant|Iron Valiant|100\/100\n|-enditem|p2a: Iron Valiant|Booster Energy\n|-activate|p2a: Iron Valiant|ability: Quark Drive|[fromitem]\n|-start|p2a: Iron Valiant|quarkdrivespe\n|turn|6\n|\n|t:|1701095409\n|switch|p1a: Heatran|Heatran, M|100\/100\n|move|p2a: Iron Valiant|Moonblast|p1a: Heatran\n|-resisted|p1a: Heatran\n|-damage|p1a: Heatran|91\/100\n|\n|-heal|p1a: Heatran|97\/100|[from] Grassy Terrain\n|-heal|p1a: Heatran|100\/100|[from] item: Leftovers\n|upkeep\n|turn|7\n|\n|t:|1701095416\n|move|p2a: Iron Valiant|Destiny Bond|p2a: Iron Valiant\n|-singlemove|p2a: Iron Valiant|Destiny Bond\n|move|p1a: Heatran|Substitute|p1a: Heatran\n|-start|p1a: Heatran|Substitute\n|-damage|p1a: Heatran|76\/100\n|\n|-heal|p1a: Heatran|82\/100|[from] Grassy Terrain\n|-heal|p1a: Heatran|88\/100|[from] item: Leftovers\n|-fieldend|move: Grassy Terrain\n|upkeep\n|turn|8\n|\n|t:|1701095418\n|move|p2a: Iron Valiant|Close Combat|p1a: Heatran\n|-supereffective|p1a: Heatran\n|-end|p1a: Heatran|Substitute\n|-unboost|p2a: Iron Valiant|def|1\n|-unboost|p2a: Iron Valiant|spd|1\n|move|p1a: Heatran|Magma Storm|p2a: Iron Valiant\n|-damage|p2a: Iron Valiant|0 fnt\n|faint|p2a: Iron Valiant\n|-end|p2a: Iron Valiant|Quark Drive|[silent]\n|\n|-heal|p1a: Heatran|94\/100|[from] item: Leftovers\n|upkeep\n|-message|VariannVN forfeited.\n|\n|win|Slo Overdose\n|raw|Slo Overdose's rating: 1430 &rarr; <strong>1443<\/strong><br \/>(+13 for winning)\n|raw|VariannVN's rating: 1301 &rarr; <strong>1288<\/strong><br \/>(-13 for losing)\n|l|\u2606VariannVN\n","uploadtime":1701095425,"views":19,"p1id":"slooverdose","p2id":"variannvn","formatid":"gen9ou","rating":1288,"private":0,"password":""}