{"id":"gen9ou-1993327551","p1":"Bhaviswar 2","p2":"alexatorra15","format":"[Gen 9] OU","log":"|j|\u2606Bhaviswar 2\n|j|\u2606alexatorra15\n|inactive|Battle timer is ON: inactive players will automatically lose when time's up.\n|t:|1700299146\n|gametype|singles\n|player|p1|Bhaviswar 2|volkner|\n|player|p2|alexatorra15|hoopster|\n|teamsize|p1|3\n|teamsize|p2|3\n|gen|9\n|tier|[Gen 9] OU\n|rated|Tournament battle\n|rule|Sleep Clause Mod: Limit one foe put to sleep\n|rule|Species Clause: Limit one of each Pok\u00e9mon\n|rule|OHKO Clause: OHKO moves are banned\n|rule|Evasion Items Clause: Evasion items are banned\n|rule|Evasion Moves Clause: Evasion moves are banned\n|rule|Endless Battle Clause: Forcing endless battles is banned\n|rule|HP Percentage Mod: HP is shown in percentages\n|clearpoke\n|poke|p1|Crabrawler, M|\n|poke|p1|Ninetales, F|\n|poke|p1|Quagsire, M|\n|poke|p2|Dusclops, M|\n|poke|p2|Pawmot, F|\n|poke|p2|Vigoroth, F|\n|teampreview\n|j|*Lady Monita \u2746\n|inactive|alexatorra15 also wants the timer to be on.\n|\n|t:|1700299158\n|start\n|switch|p1a: Crabrawler|Crabrawler, M, shiny|100\/100\n|switch|p2a: Dusclops|Dusclops, M|100\/100\n|-ability|p2a: Dusclops|Pressure\n|turn|1\n|\n|t:|1700299176\n|switch|p1a: Ninetales|Ninetales, F, shiny|100\/100\n|move|p2a: Dusclops|Trick Room|p2a: Dusclops\n|-fieldstart|move: Trick Room|[of] p2a: Dusclops\n|\n|upkeep\n|turn|2\n|\n|t:|1700299184\n|move|p2a: Dusclops|Night Shade|p1a: Ninetales\n|-damage|p1a: Ninetales|66\/100\n|move|p1a: Ninetales|Dark Pulse|p2a: Dusclops\n|-supereffective|p2a: Dusclops\n|-damage|p2a: Dusclops|70\/100\n|\n|upkeep\n|turn|3\n|\n|t:|1700299190\n|move|p2a: Dusclops|Night Shade|p1a: Ninetales\n|-damage|p1a: Ninetales|31\/100\n|move|p1a: Ninetales|Dark Pulse|p2a: Dusclops\n|-supereffective|p2a: Dusclops\n|-damage|p2a: Dusclops|36\/100\n|\n|upkeep\n|turn|4\n|\n|t:|1700299201\n|move|p2a: Dusclops|Night Shade|p1a: Ninetales\n|-damage|p1a: Ninetales|0 fnt\n|faint|p1a: Ninetales\n|\n|upkeep\n|\n|t:|1700299204\n|switch|p1a: Crabrawler|Crabrawler, M, shiny|100\/100\n|turn|5\n|\n|t:|1700299212\n|move|p2a: Dusclops|Pain Split|p1a: Crabrawler\n|-sethp|p1a: Crabrawler|67\/100|[from] move: Pain Split|[silent]\n|-sethp|p2a: Dusclops|71\/100|[from] move: Pain Split\n|move|p1a: Crabrawler|Thunder Punch|p2a: Dusclops\n|-damage|p2a: Dusclops|55\/100\n|\n|-fieldend|move: Trick Room\n|upkeep\n|turn|6\n|\n|t:|1700299223\n|move|p1a: Crabrawler|Bulk Up|p1a: Crabrawler\n|-boost|p1a: Crabrawler|atk|1\n|-boost|p1a: Crabrawler|def|1\n|move|p2a: Dusclops|Will-O-Wisp|p1a: Crabrawler\n|-status|p1a: Crabrawler|brn\n|\n|-damage|p1a: Crabrawler|61\/100 brn|[from] brn\n|upkeep\n|turn|7\n|\n|t:|1700299230\n|switch|p2a: Pawmot|Pawmot, F|100\/100\n|move|p1a: Crabrawler|Thunder Punch|p2a: Pawmot\n|-resisted|p2a: Pawmot\n|-damage|p2a: Pawmot|84\/100\n|\n|-damage|p1a: Crabrawler|55\/100 brn|[from] brn\n|upkeep\n|turn|8\n|\n|t:|1700299237\n|move|p2a: Pawmot|Double Shock|p1a: Crabrawler\n|-damage|p1a: Crabrawler|0 fnt\n|-start|p2a: Pawmot|typechange|???\/Fighting|[from] move: Double Shock\n|faint|p1a: Crabrawler\n|-damage|p2a: Pawmot|74\/100|[from] item: Life Orb\n|\n|upkeep\n|\n|t:|1700299239\n|switch|p1a: Quagsire|Quagsire, M, shiny|100\/100\n|turn|9\n|\n|t:|1700299244\n|move|p2a: Pawmot|Knock Off|p1a: Quagsire\n|-damage|p1a: Quagsire|71\/100\n|-damage|p2a: Pawmot|58\/100|[from] item: Rocky Helmet|[of] p1a: Quagsire\n|-enditem|p1a: Quagsire|Rocky Helmet|[from] move: Knock Off|[of] p2a: Pawmot\n|-damage|p2a: Pawmot|48\/100|[from] item: Life Orb\n|move|p1a: Quagsire|Stockpile|p1a: Quagsire\n|-start|p1a: Quagsire|stockpile1\n|-boost|p1a: Quagsire|def|1\n|-boost|p1a: Quagsire|spd|1\n|\n|upkeep\n|turn|10\n|\n|t:|1700299267\n|switch|p2a: Dusclops|Dusclops, M|55\/100\n|-ability|p2a: Dusclops|Pressure\n|move|p1a: Quagsire|Stockpile|p1a: Quagsire\n|-start|p1a: Quagsire|stockpile2\n|-boost|p1a: Quagsire|def|1\n|-boost|p1a: Quagsire|spd|1\n|\n|upkeep\n|turn|11\n|\n|t:|1700299275\n|move|p1a: Quagsire|Toxic|p2a: Dusclops\n|-status|p2a: Dusclops|tox\n|move|p2a: Dusclops|Will-O-Wisp|p1a: Quagsire\n|-status|p1a: Quagsire|brn\n|\n|-damage|p2a: Dusclops|49\/100 tox|[from] psn\n|-damage|p1a: Quagsire|65\/100 brn|[from] brn\n|upkeep\n|turn|12\n|\n|t:|1700299284\n|move|p1a: Quagsire|Recover|p1a: Quagsire\n|-heal|p1a: Quagsire|100\/100 brn\n|move|p2a: Dusclops|Pain Split|p1a: Quagsire\n|-sethp|p1a: Quagsire|68\/100 brn|[from] move: Pain Split|[silent]\n|-sethp|p2a: Dusclops|94\/100 tox|[from] move: Pain Split\n|\n|-damage|p2a: Dusclops|82\/100 tox|[from] psn\n|-damage|p1a: Quagsire|62\/100 brn|[from] brn\n|upkeep\n|turn|13\n|\n|t:|1700299294\n|move|p1a: Quagsire|Stockpile|p1a: Quagsire\n|-start|p1a: Quagsire|stockpile3\n|-boost|p1a: Quagsire|def|1\n|-boost|p1a: Quagsire|spd|1\n|move|p2a: Dusclops|Trick Room|p2a: Dusclops\n|-fieldstart|move: Trick Room|[of] p2a: Dusclops\n|\n|-damage|p2a: Dusclops|64\/100 tox|[from] psn\n|-damage|p1a: Quagsire|56\/100 brn|[from] brn\n|upkeep\n|turn|14\n|\n|t:|1700299303\n|move|p2a: Dusclops|Night Shade|p1a: Quagsire\n|-damage|p1a: Quagsire|30\/100 brn\n|move|p1a: Quagsire|Recover|p1a: Quagsire\n|-heal|p1a: Quagsire|80\/100 brn\n|\n|-damage|p2a: Dusclops|40\/100 tox|[from] psn\n|-damage|p1a: Quagsire|74\/100 brn|[from] brn\n|upkeep\n|turn|15\n|\n|t:|1700299309\n|move|p2a: Dusclops|Pain Split|p1a: Quagsire\n|-sethp|p1a: Quagsire|52\/100 brn|[from] move: Pain Split|[silent]\n|-sethp|p2a: Dusclops|72\/100 tox|[from] move: Pain Split\n|move|p1a: Quagsire|Earthquake|p2a: Dusclops\n|-damage|p2a: Dusclops|63\/100 tox\n|\n|-damage|p2a: Dusclops|33\/100 tox|[from] psn\n|-damage|p1a: Quagsire|46\/100 brn|[from] brn\n|upkeep\n|turn|16\n|\n|t:|1700299326\n|switch|p2a: Vigoroth|Vigoroth, F|100\/100\n|move|p1a: Quagsire|Recover|p1a: Quagsire\n|-heal|p1a: Quagsire|96\/100 brn\n|\n|-damage|p1a: Quagsire|90\/100 brn|[from] brn\n|upkeep\n|turn|17\n|\n|t:|1700299337\n|move|p1a: Quagsire|Toxic|p2a: Vigoroth\n|-status|p2a: Vigoroth|tox\n|move|p2a: Vigoroth|Facade|p1a: Quagsire\n|-damage|p1a: Quagsire|79\/100 brn\n|\n|-damage|p2a: Vigoroth|94\/100 tox|[from] psn\n|-damage|p1a: Quagsire|73\/100 brn|[from] brn\n|-fieldend|move: Trick Room\n|upkeep\n|turn|18\n|\n|t:|1700299351\n|switch|p2a: Dusclops|Dusclops, M|33\/100 tox\n|-ability|p2a: Dusclops|Pressure\n|move|p1a: Quagsire|Earthquake|p2a: Dusclops\n|-damage|p2a: Dusclops|25\/100 tox\n|\n|-damage|p2a: Dusclops|19\/100 tox|[from] psn\n|-damage|p1a: Quagsire|67\/100 brn|[from] brn\n|upkeep\n|turn|19\n|\n|t:|1700299359\n|move|p1a: Quagsire|Earthquake|p2a: Dusclops\n|-damage|p2a: Dusclops|9\/100 tox\n|move|p2a: Dusclops|Pain Split|p1a: Quagsire\n|-sethp|p1a: Quagsire|37\/100 brn|[from] move: Pain Split|[silent]\n|-sethp|p2a: Dusclops|51\/100 tox|[from] move: Pain Split\n|\n|-damage|p2a: Dusclops|39\/100 tox|[from] psn\n|-damage|p1a: Quagsire|31\/100 brn|[from] brn\n|upkeep\n|turn|20\n|\n|t:|1700299373\n|move|p1a: Quagsire|Recover|p1a: Quagsire\n|-heal|p1a: Quagsire|81\/100 brn\n|move|p2a: Dusclops|Pain Split|p1a: Quagsire\n|-sethp|p1a: Quagsire|54\/100 brn|[from] move: Pain Split|[silent]\n|-sethp|p2a: Dusclops|75\/100 tox|[from] move: Pain Split\n|\n|-damage|p2a: Dusclops|57\/100 tox|[from] psn\n|-damage|p1a: Quagsire|48\/100 brn|[from] brn\n|upkeep\n|turn|21\n|\n|t:|1700299384\n|move|p1a: Quagsire|Earthquake|p2a: Dusclops\n|-damage|p2a: Dusclops|48\/100 tox\n|move|p2a: Dusclops|Night Shade|p1a: Quagsire\n|-damage|p1a: Quagsire|23\/100 brn\n|\n|-damage|p2a: Dusclops|24\/100 tox|[from] psn\n|-damage|p1a: Quagsire|17\/100 brn|[from] brn\n|upkeep\n|turn|22\n|\n|t:|1700299398\n|move|p1a: Quagsire|Recover|p1a: Quagsire\n|-heal|p1a: Quagsire|67\/100 brn\n|move|p2a: Dusclops|Trick Room|p2a: Dusclops\n|-fieldstart|move: Trick Room|[of] p2a: Dusclops\n|\n|-damage|p2a: Dusclops|0 fnt|[from] psn\n|faint|p2a: Dusclops\n|-damage|p1a: Quagsire|61\/100 brn|[from] brn\n|upkeep\n|\n|t:|1700299403\n|switch|p2a: Pawmot|Pawmot, F|48\/100\n|turn|23\n|\n|t:|1700299422\n|move|p1a: Quagsire|Earthquake|p2a: Pawmot\n|-supereffective|p2a: Pawmot\n|-damage|p2a: Pawmot|1\/100\n|move|p2a: Pawmot|Close Combat|p1a: Quagsire\n|-damage|p1a: Quagsire|39\/100 brn\n|-unboost|p2a: Pawmot|def|1\n|-unboost|p2a: Pawmot|spd|1\n|-damage|p2a: Pawmot|0 fnt|[from] item: Life Orb\n|faint|p2a: Pawmot\n|\n|-damage|p1a: Quagsire|32\/100 brn|[from] brn\n|upkeep\n|\n|t:|1700299434\n|switch|p2a: Vigoroth|Vigoroth, F|94\/100 tox\n|turn|24\n|\n|t:|1700299440\n|-terastallize|p2a: Vigoroth|Normal\n|move|p1a: Quagsire|Recover|p1a: Quagsire\n|-heal|p1a: Quagsire|82\/100 brn\n|move|p2a: Vigoroth|Facade|p1a: Quagsire\n|-damage|p1a: Quagsire|67\/100 brn\n|\n|-damage|p2a: Vigoroth|88\/100 tox|[from] psn\n|-damage|p1a: Quagsire|61\/100 brn|[from] brn\n|upkeep\n|turn|25\n|\n|t:|1700299450\n|move|p1a: Quagsire|Earthquake|p2a: Vigoroth\n|-damage|p2a: Vigoroth|78\/100 tox\n|move|p2a: Vigoroth|Fire Punch|p1a: Quagsire\n|-resisted|p1a: Quagsire\n|-damage|p1a: Quagsire|59\/100 brn\n|\n|-damage|p2a: Vigoroth|66\/100 tox|[from] psn\n|-damage|p1a: Quagsire|53\/100 brn|[from] brn\n|upkeep\n|turn|26\n|\n|t:|1700299455\n|move|p1a: Quagsire|Earthquake|p2a: Vigoroth\n|-damage|p2a: Vigoroth|55\/100 tox\n|move|p2a: Vigoroth|Facade|p1a: Quagsire\n|-damage|p1a: Quagsire|37\/100 brn\n|\n|-damage|p2a: Vigoroth|37\/100 tox|[from] psn\n|-damage|p1a: Quagsire|30\/100 brn|[from] brn\n|-fieldend|move: Trick Room\n|upkeep\n|turn|27\n|\n|t:|1700299461\n|move|p2a: Vigoroth|Facade|p1a: Quagsire\n|-damage|p1a: Quagsire|15\/100 brn\n|move|p1a: Quagsire|Recover|p1a: Quagsire\n|-heal|p1a: Quagsire|65\/100 brn\n|\n|-damage|p2a: Vigoroth|13\/100 tox|[from] psn\n|-damage|p1a: Quagsire|59\/100 brn|[from] brn\n|upkeep\n|turn|28\n|\n|t:|1700299466\n|move|p2a: Vigoroth|Facade|p1a: Quagsire\n|-damage|p1a: Quagsire|45\/100 brn\n|move|p1a: Quagsire|Recover|p1a: Quagsire\n|-heal|p1a: Quagsire|95\/100 brn\n|\n|-damage|p2a: Vigoroth|0 fnt|[from] psn\n|faint|p2a: Vigoroth\n|\n|win|Bhaviswar 2\n|upkeep\n|n|\u2606Bhaviswar 2|bhaviswar2\n|n|\u2606alexatorra15|alexatorra15\n|n|*Lady Monita \u2746|ladymonita\n","uploadtime":1700299467,"views":11,"p1id":"bhaviswar2","p2id":"alexatorra15","formatid":"gen9ou","rating":0,"private":0,"password":""}