{"id":"gen9ou-1991930875","p1":"Aztec Priest","p2":"Jupiterav","format":"[Gen 9] OU","log":"|j|\u2606Aztec Priest\n|j|\u2606Jupiterav\n|t:|1700139554\n|gametype|singles\n|player|p1|Aztec Priest|elesa-masters2|1453\n|player|p2|Jupiterav|iris-gen5bw2|1483\n|teamsize|p1|6\n|teamsize|p2|6\n|gen|9\n|tier|[Gen 9] OU\n|rated|\n|rule|Sleep Clause Mod: Limit one foe put to sleep\n|rule|Species Clause: Limit one of each Pok\u00e9mon\n|rule|OHKO Clause: OHKO moves are banned\n|rule|Evasion Items Clause: Evasion items are banned\n|rule|Evasion Moves Clause: Evasion moves are banned\n|rule|Endless Battle Clause: Forcing endless battles is banned\n|rule|HP Percentage Mod: HP is shown in percentages\n|clearpoke\n|poke|p1|Dragapult, F|\n|poke|p1|Toxapex, F|\n|poke|p1|Gholdengo|\n|poke|p1|Walking Wake|\n|poke|p1|Clodsire, F|\n|poke|p1|Corviknight, M|\n|poke|p2|Toedscruel, F|\n|poke|p2|Zapdos|\n|poke|p2|Slowking-Galar, F|\n|poke|p2|Gholdengo|\n|poke|p2|Ogerpon-Wellspring, F|\n|poke|p2|Haxorus, F|\n|teampreview\n|inactive|Battle timer is ON: inactive players will automatically lose when time's up. (requested by Jupiterav)\n|\n|t:|1700139574\n|start\n|switch|p1a: Dragapult|Dragapult, F|100\/100\n|switch|p2a: Toedscruel|Toedscruel, F|100\/100\n|turn|1\n|\n|t:|1700139579\n|move|p1a: Dragapult|Substitute|p1a: Dragapult\n|-start|p1a: Dragapult|Substitute\n|-damage|p1a: Dragapult|76\/100\n|move|p2a: Toedscruel|Spore||[still]\n|-fail|p2a: Toedscruel\n|\n|-heal|p1a: Dragapult|82\/100|[from] item: Leftovers\n|upkeep\n|turn|2\n|\n|t:|1700139585\n|switch|p2a: Slowking|Slowking-Galar, F|100\/100\n|move|p1a: Dragapult|Dragon Darts|p2a: Slowking\n|-damage|p2a: Slowking|84\/100\n|-anim|p1a: Dragapult|Dragon Darts|p2a: Slowking\n|-damage|p2a: Slowking|68\/100\n|\n|-heal|p1a: Dragapult|88\/100|[from] item: Leftovers\n|upkeep\n|turn|3\n|\n|t:|1700139591\n|move|p1a: Dragapult|Will-O-Wisp|p2a: Slowking\n|-status|p2a: Slowking|brn\n|move|p2a: Slowking|Future Sight|p1a: Dragapult\n|-start|p2a: Slowking|move: Future Sight\n|\n|-heal|p1a: Dragapult|94\/100|[from] item: Leftovers\n|-damage|p2a: Slowking|62\/100 brn|[from] brn\n|upkeep\n|turn|4\n|\n|t:|1700139602\n|move|p1a: Dragapult|Hex|p2a: Slowking\n|-supereffective|p2a: Slowking\n|-damage|p2a: Slowking|0 fnt\n|faint|p2a: Slowking\n|\n|-heal|p1a: Dragapult|99\/100|[from] item: Leftovers\n|upkeep\n|\n|t:|1700139616\n|switch|p2a: Haxorus|Haxorus, F|100\/100\n|-ability|p2a: Haxorus|Mold Breaker\n|turn|5\n|\n|t:|1700139644\n|switch|p1a: Corviknight|Corviknight, M|100\/100\n|-ability|p1a: Corviknight|Pressure\n|move|p2a: Haxorus|Earthquake|p1a: Corviknight\n|-immune|p1a: Corviknight\n|\n|-end|p1a: Corviknight|move: Future Sight\n|-resisted|p1a: Corviknight\n|-damage|p1a: Corviknight|78\/100\n|-heal|p1a: Corviknight|84\/100|[from] item: Leftovers\n|upkeep\n|turn|6\n|\n|t:|1700139663\n|switch|p1a: Gholdengo|Gholdengo|100\/100\n|move|p2a: Haxorus|Swords Dance|p2a: Haxorus\n|-boost|p2a: Haxorus|atk|2\n|\n|upkeep\n|turn|7\n|\n|t:|1700139676\n|switch|p1a: Corviknight|Corviknight, M|84\/100\n|-ability|p1a: Corviknight|Pressure\n|move|p2a: Haxorus|Earthquake|p1a: Corviknight\n|-immune|p1a: Corviknight\n|\n|-heal|p1a: Corviknight|90\/100|[from] item: Leftovers\n|upkeep\n|turn|8\n|\n|t:|1700139679\n|-terastallize|p2a: Haxorus|Electric\n|move|p2a: Haxorus|Tera Blast|p1a: Corviknight|[anim] Tera Blast Electric\n|-supereffective|p1a: Corviknight\n|-crit|p1a: Corviknight\n|-damage|p1a: Corviknight|0 fnt\n|faint|p1a: Corviknight\n|-damage|p2a: Haxorus|91\/100|[from] item: Life Orb\n|\n|upkeep\n|inactive|Aztec Priest has 120 seconds left.\n|inactive|Aztec Priest has 90 seconds left.\n|\n|t:|1700139757\n|switch|p1a: Dragapult|Dragapult, F|99\/100\n|turn|9\n|\n|t:|1700139761\n|-terastallize|p1a: Dragapult|Fairy\n|move|p1a: Dragapult|Substitute|p1a: Dragapult\n|-start|p1a: Dragapult|Substitute\n|-damage|p1a: Dragapult|75\/100\n|move|p2a: Haxorus|Earthquake|p1a: Dragapult\n|-end|p1a: Dragapult|Substitute\n|-damage|p2a: Haxorus|81\/100|[from] item: Life Orb\n|\n|-heal|p1a: Dragapult|81\/100|[from] item: Leftovers\n|upkeep\n|turn|10\n|\n|t:|1700139773\n|move|p1a: Dragapult|Substitute|p1a: Dragapult\n|-start|p1a: Dragapult|Substitute\n|-damage|p1a: Dragapult|56\/100\n|move|p2a: Haxorus|Tera Blast|p1a: Dragapult|[anim] Tera Blast Electric\n|-end|p1a: Dragapult|Substitute\n|-damage|p2a: Haxorus|71\/100|[from] item: Life Orb\n|\n|-heal|p1a: Dragapult|62\/100|[from] item: Leftovers\n|upkeep\n|turn|11\n|inactive|Aztec Priest has 60 seconds left.\n|\n|t:|1700139806\n|move|p1a: Dragapult|Will-O-Wisp|p2a: Haxorus\n|-status|p2a: Haxorus|brn\n|move|p2a: Haxorus|Tera Blast|p1a: Dragapult|[anim] Tera Blast Electric\n|-damage|p1a: Dragapult|0 fnt\n|faint|p1a: Dragapult\n|-damage|p2a: Haxorus|61\/100 brn|[from] item: Life Orb\n|\n|-damage|p2a: Haxorus|55\/100 brn|[from] brn\n|upkeep\n|inactive|Aztec Priest has 60 seconds left.\n|\n|t:|1700139815\n|switch|p1a: Walking Wake|Walking Wake|100\/100\n|turn|12\n|\n|t:|1700139819\n|move|p1a: Walking Wake|Protect|p1a: Walking Wake\n|-singleturn|p1a: Walking Wake|Protect\n|move|p2a: Haxorus|Tera Blast|p1a: Walking Wake|[anim] Tera Blast Electric\n|-activate|p1a: Walking Wake|move: Protect\n|\n|-damage|p2a: Haxorus|49\/100 brn|[from] brn\n|upkeep\n|turn|13\n|inactive|Aztec Priest has 60 seconds left.\n|\n|t:|1700139843\n|move|p1a: Walking Wake|Scald|p2a: Haxorus\n|-damage|p2a: Haxorus|0 fnt\n|faint|p2a: Haxorus\n|\n|upkeep\n|\n|t:|1700139852\n|switch|p2a: Toedscruel|Toedscruel, F|100\/100\n|turn|14\n|\n|t:|1700139856\n|move|p1a: Walking Wake|Substitute|p1a: Walking Wake\n|-start|p1a: Walking Wake|Substitute\n|-damage|p1a: Walking Wake|76\/100\n|move|p2a: Toedscruel|Spore||[still]\n|-fail|p2a: Toedscruel\n|\n|-heal|p1a: Walking Wake|82\/100|[from] item: Leftovers\n|upkeep\n|turn|15\n|\n|t:|1700139862\n|move|p1a: Walking Wake|Protect|p1a: Walking Wake\n|-singleturn|p1a: Walking Wake|Protect\n|move|p2a: Toedscruel|Leaf Storm|p1a: Walking Wake\n|-activate|p1a: Walking Wake|move: Protect\n|\n|-heal|p1a: Walking Wake|88\/100|[from] item: Leftovers\n|upkeep\n|turn|16\n|\n|t:|1700139865\n|move|p2a: Toedscruel|Leaf Storm|p1a: Walking Wake\n|-crit|p1a: Walking Wake\n|-end|p1a: Walking Wake|Substitute\n|-unboost|p2a: Toedscruel|spa|2\n|move|p1a: Walking Wake|Scald|p2a: Toedscruel\n|-damage|p2a: Toedscruel|66\/100\n|\n|-heal|p1a: Walking Wake|94\/100|[from] item: Leftovers\n|upkeep\n|turn|17\n|\n|t:|1700139869\n|switch|p2a: Ogerpon|Ogerpon-Wellspring, F|100\/100\n|move|p1a: Walking Wake|Substitute|p1a: Walking Wake\n|-start|p1a: Walking Wake|Substitute\n|-damage|p1a: Walking Wake|69\/100\n|\n|-heal|p1a: Walking Wake|76\/100|[from] item: Leftovers\n|upkeep\n|turn|18\n|\n|t:|1700139873\n|move|p2a: Ogerpon|Horn Leech|p1a: Walking Wake\n|-end|p1a: Walking Wake|Substitute\n|move|p1a: Walking Wake|Dragon Tail|p2a: Ogerpon\n|-damage|p2a: Ogerpon|78\/100\n|drag|p2a: Zapdos|Zapdos|100\/100\n|\n|-heal|p1a: Walking Wake|82\/100|[from] item: Leftovers\n|upkeep\n|turn|19\n|\n|t:|1700139880\n|move|p1a: Walking Wake|Protect|p1a: Walking Wake\n|-singleturn|p1a: Walking Wake|Protect\n|move|p2a: Zapdos|Volt Switch|p1a: Walking Wake\n|-activate|p1a: Walking Wake|move: Protect\n|\n|-heal|p1a: Walking Wake|88\/100|[from] item: Leftovers\n|upkeep\n|turn|20\n|\n|t:|1700139887\n|-end|p1a: Walking Wake|Protosynthesis|[silent]\n|switch|p1a: Clodsire|Clodsire, F|100\/100\n|move|p2a: Zapdos|Volt Switch|p1a: Clodsire\n|-immune|p1a: Clodsire\n|\n|upkeep\n|turn|21\n|inactive|Aztec Priest has 120 seconds left.\n|\n|t:|1700139929\n|switch|p2a: Gholdengo|Gholdengo|100\/100\n|-item|p2a: Gholdengo|Air Balloon\n|move|p1a: Clodsire|Toxic|p2a: Gholdengo\n|-immune|p2a: Gholdengo|[from] ability: Good as Gold\n|\n|upkeep\n|turn|22\n|c|\u2606Jupiterav|Running walking wake like normal suicune is wild\n|\n|t:|1700139939\n|switch|p1a: Toxapex|Toxapex, F|100\/100\n|move|p2a: Gholdengo|Nasty Plot|p2a: Gholdengo\n|-boost|p2a: Gholdengo|spa|2\n|\n|upkeep\n|turn|23\n|\n|t:|1700139944\n|move|p2a: Gholdengo|Psyshock|p1a: Toxapex\n|-supereffective|p1a: Toxapex\n|-damage|p1a: Toxapex|34\/100\n|move|p1a: Toxapex|Surf|p2a: Gholdengo\n|-damage|p2a: Gholdengo|79\/100\n|-enditem|p2a: Gholdengo|Air Balloon\n|\n|-heal|p1a: Toxapex|40\/100|[from] item: Leftovers\n|upkeep\n|turn|24\n|c|\u2606Aztec Priest|im the best there is no contest\n|inactive|Aztec Priest has 90 seconds left.\n|\n|t:|1700139983\n|move|p2a: Gholdengo|Psyshock|p1a: Toxapex\n|-supereffective|p1a: Toxapex\n|-damage|p1a: Toxapex|0 fnt\n|faint|p1a: Toxapex\n|\n|upkeep\n|\n|t:|1700139985\n|switch|p1a: Clodsire|Clodsire, F|100\/100\n|turn|25\n|\n|t:|1700139990\n|move|p2a: Gholdengo|Psyshock|p1a: Clodsire\n|-supereffective|p1a: Clodsire\n|-damage|p1a: Clodsire|42\/100\n|move|p1a: Clodsire|Earthquake|p2a: Gholdengo\n|-supereffective|p2a: Gholdengo\n|-damage|p2a: Gholdengo|21\/100\n|\n|-heal|p1a: Clodsire|48\/100|[from] item: Leftovers\n|upkeep\n|turn|26\n|\n|t:|1700139999\n|switch|p1a: Gholdengo|Gholdengo|100\/100\n|move|p2a: Gholdengo|Psyshock|p1a: Gholdengo\n|-resisted|p1a: Gholdengo\n|-damage|p1a: Gholdengo|80\/100\n|\n|-heal|p1a: Gholdengo|86\/100|[from] item: Leftovers\n|upkeep\n|turn|27\n|\n|t:|1700140005\n|move|p2a: Gholdengo|Shadow Ball|p1a: Gholdengo\n|-supereffective|p1a: Gholdengo\n|-damage|p1a: Gholdengo|0 fnt\n|faint|p1a: Gholdengo\n|\n|upkeep\n|\n|t:|1700140006\n|switch|p1a: Walking Wake|Walking Wake|88\/100\n|turn|28\n|inactive|Aztec Priest has 120 seconds left.\n|\n|t:|1700140027\n|move|p1a: Walking Wake|Substitute|p1a: Walking Wake\n|-start|p1a: Walking Wake|Substitute\n|-damage|p1a: Walking Wake|63\/100\n|move|p2a: Gholdengo|Dazzling Gleam|p1a: Walking Wake\n|-supereffective|p1a: Walking Wake\n|-end|p1a: Walking Wake|Substitute\n|\n|-heal|p1a: Walking Wake|69\/100|[from] item: Leftovers\n|upkeep\n|turn|29\n|\n|t:|1700140041\n|move|p1a: Walking Wake|Scald|p2a: Gholdengo\n|-damage|p2a: Gholdengo|0 fnt\n|faint|p2a: Gholdengo\n|\n|-heal|p1a: Walking Wake|76\/100|[from] item: Leftovers\n|upkeep\n|\n|t:|1700140048\n|switch|p2a: Ogerpon|Ogerpon-Wellspring, F|78\/100\n|turn|30\n|\n|t:|1700140052\n|move|p1a: Walking Wake|Protect|p1a: Walking Wake\n|-singleturn|p1a: Walking Wake|Protect\n|move|p2a: Ogerpon|Taunt|p1a: Walking Wake\n|-activate|p1a: Walking Wake|move: Protect\n|\n|-heal|p1a: Walking Wake|82\/100|[from] item: Leftovers\n|upkeep\n|turn|31\n|\n|t:|1700140059\n|move|p2a: Ogerpon|Horn Leech|p1a: Walking Wake\n|-damage|p1a: Walking Wake|39\/100\n|-heal|p2a: Ogerpon|100\/100|[from] drain|[of] p1a: Walking Wake\n|move|p1a: Walking Wake|Dragon Tail|p2a: Ogerpon\n|-damage|p2a: Ogerpon|81\/100\n|drag|p2a: Toedscruel|Toedscruel, F|66\/100\n|\n|-heal|p1a: Walking Wake|45\/100|[from] item: Leftovers\n|upkeep\n|turn|32\n|\n|t:|1700140065\n|move|p1a: Walking Wake|Protect|p1a: Walking Wake\n|-singleturn|p1a: Walking Wake|Protect\n|move|p2a: Toedscruel|Leaf Storm|p1a: Walking Wake\n|-activate|p1a: Walking Wake|move: Protect\n|\n|-heal|p1a: Walking Wake|51\/100|[from] item: Leftovers\n|upkeep\n|turn|33\n|\n|t:|1700140068\n|move|p2a: Toedscruel|Leaf Storm|p1a: Walking Wake\n|-damage|p1a: Walking Wake|4\/100\n|-unboost|p2a: Toedscruel|spa|2\n|move|p1a: Walking Wake|Substitute|p1a: Walking Wake\n|-fail|p1a: Walking Wake|move: Substitute|[weak]\n|\n|-heal|p1a: Walking Wake|11\/100|[from] item: Leftovers\n|upkeep\n|turn|34\n|\n|t:|1700140073\n|move|p1a: Walking Wake|Protect|p1a: Walking Wake\n|-singleturn|p1a: Walking Wake|Protect\n|move|p2a: Toedscruel|Leaf Storm|p1a: Walking Wake\n|-activate|p1a: Walking Wake|move: Protect\n|\n|-heal|p1a: Walking Wake|17\/100|[from] item: Leftovers\n|upkeep\n|turn|35\n|\n|t:|1700140080\n|-end|p1a: Walking Wake|Protosynthesis|[silent]\n|switch|p1a: Clodsire|Clodsire, F|48\/100\n|move|p2a: Toedscruel|Leaf Storm|p1a: Clodsire\n|-damage|p1a: Clodsire|23\/100\n|-unboost|p2a: Toedscruel|spa|2\n|\n|-heal|p1a: Clodsire|29\/100|[from] item: Leftovers\n|upkeep\n|turn|36\n|\n|t:|1700140086\n|move|p1a: Clodsire|Toxic|p2a: Toedscruel\n|-status|p2a: Toedscruel|tox\n|move|p2a: Toedscruel|Spore|p1a: Clodsire\n|-status|p1a: Clodsire|slp|[from] move: Spore\n|\n|-heal|p1a: Clodsire|35\/100 slp|[from] item: Leftovers\n|-damage|p2a: Toedscruel|60\/100 tox|[from] psn\n|upkeep\n|turn|37\n|\n|t:|1700140089\n|switch|p2a: Ogerpon|Ogerpon-Wellspring, F|81\/100\n|switch|p1a: Walking Wake|Walking Wake|17\/100\n|\n|-heal|p1a: Walking Wake|23\/100|[from] item: Leftovers\n|upkeep\n|turn|38\n|\n|t:|1700140092\n|move|p1a: Walking Wake|Protect|p1a: Walking Wake\n|-singleturn|p1a: Walking Wake|Protect\n|move|p2a: Ogerpon|Horn Leech|p1a: Walking Wake\n|-activate|p1a: Walking Wake|move: Protect\n|\n|-heal|p1a: Walking Wake|29\/100|[from] item: Leftovers\n|upkeep\n|turn|39\n|c|\u2606Aztec Priest|also ggs\n|\n|t:|1700140116\n|move|p2a: Ogerpon|Horn Leech|p1a: Walking Wake\n|-damage|p1a: Walking Wake|0 fnt\n|-heal|p2a: Ogerpon|99\/100|[from] drain|[of] p1a: Walking Wake\n|faint|p1a: Walking Wake\n|-end|p1a: Walking Wake|Protosynthesis|[silent]\n|\n|upkeep\n|\n|t:|1700140117\n|switch|p1a: Clodsire|Clodsire, F|35\/100 slp\n|turn|40\n|c|\u2606Jupiterav|Gg\n|\n|t:|1700140125\n|move|p2a: Ogerpon|Horn Leech|p1a: Clodsire\n|-damage|p1a: Clodsire|0 fnt\n|-heal|p2a: Ogerpon|100\/100|[from] drain|[of] p1a: Clodsire\n|faint|p1a: Clodsire\n|\n|win|Jupiterav\n|raw|Aztec Priest's rating: 1453 &rarr; <strong>1435<\/strong><br \/>(-18 for losing)\n|raw|Jupiterav's rating: 1483 &rarr; <strong>1501<\/strong><br \/>(+18 for winning)\n|l|\u2606Aztec Priest\n","uploadtime":1700140174,"views":20,"p1id":"aztecpriest","p2id":"jupiterav","formatid":"gen9ou","rating":1435,"private":0,"password":""}