{"id":"gen9ou-1999628614","p1":"Killertruco","p2":"Tenzas","format":"[Gen 9] OU","log":"|j|\u2606Killertruco\n|j|\u2606Tenzas\n|t:|1701102629\n|gametype|singles\n|player|p1|Killertruco|2|1085\n|player|p2|Tenzas|wallace|1113\n|teamsize|p1|6\n|teamsize|p2|6\n|gen|9\n|tier|[Gen 9] OU\n|rated|\n|rule|Sleep Clause Mod: Limit one foe put to sleep\n|rule|Species Clause: Limit one of each Pok\u00e9mon\n|rule|OHKO Clause: OHKO moves are banned\n|rule|Evasion Items Clause: Evasion items are banned\n|rule|Evasion Moves Clause: Evasion moves are banned\n|rule|Endless Battle Clause: Forcing endless battles is banned\n|rule|HP Percentage Mod: HP is shown in percentages\n|clearpoke\n|poke|p1|Gholdengo|\n|poke|p1|Corviknight, M|\n|poke|p1|Ogerpon-Wellspring, F|\n|poke|p1|Tornadus-Therian, M|\n|poke|p1|Garganacl, M|\n|poke|p1|Iron Valiant|\n|poke|p2|Dragapult, M|\n|poke|p2|Skeledirge, F|\n|poke|p2|Mandibuzz, F|\n|poke|p2|Weezing-Galar, F|\n|poke|p2|Milotic, M|\n|poke|p2|Landorus-Therian, M|\n|teampreview\n|inactive|Battle timer is ON: inactive players will automatically lose when time's up. (requested by Killertruco)\n|\n|t:|1701102652\n|start\n|switch|p1a: Tornadus|Tornadus-Therian, M|100\/100\n|switch|p2a: Landorus|Landorus-Therian, M|100\/100\n|-ability|p2a: Landorus|Intimidate|boost\n|-unboost|p1a: Tornadus|atk|1\n|turn|1\n|\n|t:|1701102671\n|move|p1a: Tornadus|U-turn|p2a: Landorus\n|-resisted|p2a: Landorus\n|-damage|p2a: Landorus|97\/100\n|\n|t:|1701102690\n|switch|p1a: Garganacl|Garganacl, M|100\/100|[from] U-turn\n|move|p2a: Landorus|Stealth Rock|p1a: Garganacl\n|-sidestart|p1: Killertruco|move: Stealth Rock\n|\n|-heal|p2a: Landorus|100\/100|[from] item: Leftovers\n|upkeep\n|turn|2\n|\n|t:|1701102699\n|move|p2a: Landorus|Earthquake|p1a: Garganacl\n|-supereffective|p1a: Garganacl\n|-damage|p1a: Garganacl|32\/100\n|move|p1a: Garganacl|Salt Cure|p2a: Landorus\n|-damage|p2a: Landorus|91\/100\n|-start|p2a: Landorus|Salt Cure\n|\n|-heal|p2a: Landorus|97\/100|[from] item: Leftovers\n|-heal|p1a: Garganacl|38\/100|[from] item: Leftovers\n|-damage|p2a: Landorus|85\/100|[from] Salt Cure\n|upkeep\n|turn|3\n|\n|t:|1701102710\n|switch|p1a: Corviknight|Corviknight, M|100\/100\n|-ability|p1a: Corviknight|Unnerve\n|-damage|p1a: Corviknight|88\/100|[from] Stealth Rock\n|move|p2a: Landorus|U-turn|p1a: Corviknight\n|-resisted|p1a: Corviknight\n|-damage|p1a: Corviknight|83\/100\n|\n|t:|1701102733\n|switch|p2a: Skeledirge|Skeledirge, F|100\/100|[from] U-turn\n|\n|-heal|p1a: Corviknight|90\/100|[from] item: Leftovers\n|upkeep\n|turn|4\n|\n|t:|1701102747\n|switch|p1a: Garganacl|Garganacl, M|38\/100\n|-damage|p1a: Garganacl|26\/100|[from] Stealth Rock\n|move|p2a: Skeledirge|Torch Song|p1a: Garganacl\n|-resisted|p1a: Garganacl\n|-damage|p1a: Garganacl|16\/100\n|-boost|p2a: Skeledirge|spa|1\n|\n|-heal|p1a: Garganacl|23\/100|[from] item: Leftovers\n|upkeep\n|turn|5\n|\n|t:|1701102761\n|move|p2a: Skeledirge|Torch Song|p1a: Garganacl\n|-resisted|p1a: Garganacl\n|-damage|p1a: Garganacl|8\/100\n|-boost|p2a: Skeledirge|spa|1\n|move|p1a: Garganacl|Recover|p1a: Garganacl\n|-heal|p1a: Garganacl|58\/100\n|\n|-heal|p1a: Garganacl|65\/100|[from] item: Leftovers\n|upkeep\n|turn|6\n|\n|t:|1701102773\n|switch|p2a: Landorus|Landorus-Therian, M|85\/100\n|-ability|p2a: Landorus|Intimidate|boost\n|-unboost|p1a: Garganacl|atk|1\n|move|p1a: Garganacl|Salt Cure|p2a: Landorus\n|-damage|p2a: Landorus|78\/100\n|-start|p2a: Landorus|Salt Cure\n|\n|-heal|p2a: Landorus|84\/100|[from] item: Leftovers\n|-heal|p1a: Garganacl|71\/100|[from] item: Leftovers\n|-damage|p2a: Landorus|71\/100|[from] Salt Cure\n|upkeep\n|turn|7\n|\n|t:|1701102785\n|switch|p1a: Corviknight|Corviknight, M|90\/100\n|-ability|p1a: Corviknight|Unnerve\n|-damage|p1a: Corviknight|77\/100|[from] Stealth Rock\n|move|p2a: Landorus|U-turn|p1a: Corviknight\n|-resisted|p1a: Corviknight\n|-damage|p1a: Corviknight|72\/100\n|\n|t:|1701102807\n|switch|p2a: Skeledirge|Skeledirge, F|100\/100|[from] U-turn\n|\n|-heal|p1a: Corviknight|79\/100|[from] item: Leftovers\n|upkeep\n|turn|8\n|\n|t:|1701102816\n|move|p2a: Skeledirge|Torch Song|p1a: Corviknight\n|-supereffective|p1a: Corviknight\n|-damage|p1a: Corviknight|40\/100\n|-boost|p2a: Skeledirge|spa|1\n|move|p1a: Corviknight|Defog|p2a: Skeledirge\n|-unboost|p2a: Skeledirge|evasion|1\n|-sideend|p1: Killertruco|Stealth Rock|[from] move: Defog|[of] p1a: Corviknight\n|\n|-heal|p1a: Corviknight|46\/100|[from] item: Leftovers\n|upkeep\n|turn|9\n|\n|t:|1701102826\n|switch|p2a: Landorus|Landorus-Therian, M|71\/100\n|-ability|p2a: Landorus|Intimidate|boost\n|-unboost|p1a: Corviknight|atk|1\n|switch|p1a: Garganacl|Garganacl, M|71\/100\n|\n|-heal|p2a: Landorus|77\/100|[from] item: Leftovers\n|-heal|p1a: Garganacl|77\/100|[from] item: Leftovers\n|upkeep\n|turn|10\n|\n|t:|1701102840\n|switch|p1a: Tornadus|Tornadus-Therian, M|100\/100\n|move|p2a: Landorus|Earthquake|p1a: Tornadus\n|-immune|p1a: Tornadus\n|\n|-heal|p2a: Landorus|83\/100|[from] item: Leftovers\n|upkeep\n|turn|11\n|\n|t:|1701102848\n|move|p1a: Tornadus|Knock Off|p2a: Landorus\n|-damage|p2a: Landorus|69\/100\n|-enditem|p2a: Landorus|Leftovers|[from] move: Knock Off|[of] p1a: Tornadus\n|move|p2a: Landorus|Stealth Rock|p1a: Tornadus\n|-sidestart|p1: Killertruco|move: Stealth Rock\n|\n|upkeep\n|turn|12\n|\n|t:|1701102860\n|move|p1a: Tornadus|U-turn|p2a: Landorus\n|-resisted|p2a: Landorus\n|-damage|p2a: Landorus|63\/100\n|\n|t:|1701102867\n|switch|p1a: Corviknight|Corviknight, M|46\/100|[from] U-turn\n|-ability|p1a: Corviknight|Unnerve\n|-damage|p1a: Corviknight|33\/100|[from] Stealth Rock\n|move|p2a: Landorus|U-turn|p1a: Corviknight\n|-resisted|p1a: Corviknight\n|-damage|p1a: Corviknight|29\/100\n|\n|t:|1701102883\n|switch|p2a: Dragapult|Dragapult, M|100\/100|[from] U-turn\n|\n|-heal|p1a: Corviknight|35\/100|[from] item: Leftovers\n|upkeep\n|turn|13\n|inactive|Killertruco has 120 seconds left.\n|\n|t:|1701102934\n|move|p2a: Dragapult|Shadow Ball|p1a: Corviknight\n|-damage|p1a: Corviknight|0 fnt\n|faint|p1a: Corviknight\n|\n|upkeep\n|\n|t:|1701102941\n|switch|p1a: Tornadus|Tornadus-Therian, M|100\/100\n|-damage|p1a: Tornadus|76\/100|[from] Stealth Rock\n|turn|14\n|\n|t:|1701102960\n|switch|p2a: Landorus|Landorus-Therian, M|63\/100\n|-ability|p2a: Landorus|Intimidate|boost\n|-unboost|p1a: Tornadus|atk|1\n|-terastallize|p1a: Tornadus|Poison\n|move|p1a: Tornadus|Knock Off|p2a: Landorus\n|-damage|p2a: Landorus|57\/100\n|\n|upkeep\n|turn|15\n|\n|t:|1701102970\n|move|p1a: Tornadus|U-turn|p2a: Landorus\n|-resisted|p2a: Landorus\n|-damage|p2a: Landorus|53\/100\n|inactive|Killertruco has 90 seconds left.\n|\n|t:|1701102987\n|switch|p1a: Ogerpon|Ogerpon-Wellspring, F|100\/100|[from] U-turn\n|-damage|p1a: Ogerpon|88\/100|[from] Stealth Rock\n|move|p2a: Landorus|Earthquake|p1a: Ogerpon\n|-resisted|p1a: Ogerpon\n|-damage|p1a: Ogerpon|58\/100\n|\n|upkeep\n|turn|16\n|inactive|Killertruco has 90 seconds left.\n|\n|t:|1701102999\n|switch|p2a: Mandibuzz|Mandibuzz, F|100\/100\n|move|p1a: Ogerpon|Ivy Cudgel|p2a: Mandibuzz|[anim] Ivy Cudgel Water\n|-damage|p2a: Mandibuzz|65\/100\n|\n|upkeep\n|turn|17\n|inactive|Killertruco has 90 seconds left.\n|\n|t:|1701103017\n|move|p1a: Ogerpon|Ivy Cudgel|p2a: Mandibuzz|[anim] Ivy Cudgel Water\n|-damage|p2a: Mandibuzz|32\/100\n|move|p2a: Mandibuzz|Iron Defense|p2a: Mandibuzz\n|-boost|p2a: Mandibuzz|def|2\n|\n|upkeep\n|turn|18\n|inactive|Killertruco has 90 seconds left.\n|\n|t:|1701103026\n|move|p1a: Ogerpon|Ivy Cudgel|p2a: Mandibuzz|[anim] Ivy Cudgel Water\n|-damage|p2a: Mandibuzz|14\/100\n|move|p2a: Mandibuzz|Roost|p2a: Mandibuzz\n|-heal|p2a: Mandibuzz|65\/100\n|-singleturn|p2a: Mandibuzz|move: Roost\n|\n|upkeep\n|turn|19\n|\n|t:|1701103032\n|move|p1a: Ogerpon|Ivy Cudgel|p2a: Mandibuzz|[anim] Ivy Cudgel Water\n|-damage|p2a: Mandibuzz|49\/100\n|move|p2a: Mandibuzz|Roost|p2a: Mandibuzz\n|-heal|p2a: Mandibuzz|99\/100\n|-singleturn|p2a: Mandibuzz|move: Roost\n|\n|upkeep\n|turn|20\n|\n|t:|1701103045\n|move|p1a: Ogerpon|Ivy Cudgel|p2a: Mandibuzz|[anim] Ivy Cudgel Water\n|-crit|p2a: Mandibuzz\n|-damage|p2a: Mandibuzz|46\/100\n|move|p2a: Mandibuzz|Foul Play|p1a: Ogerpon\n|-damage|p1a: Ogerpon|0 fnt\n|faint|p1a: Ogerpon\n|\n|upkeep\n|inactive|Killertruco has 90 seconds left.\n|\n|t:|1701103059\n|switch|p1a: Iron Valiant|Iron Valiant|100\/100\n|-damage|p1a: Iron Valiant|94\/100|[from] Stealth Rock\n|-enditem|p1a: Iron Valiant|Booster Energy\n|-activate|p1a: Iron Valiant|ability: Quark Drive|[fromitem]\n|-start|p1a: Iron Valiant|quarkdrivespe\n|turn|21\n|\n|t:|1701103067\n|switch|p2a: Skeledirge|Skeledirge, F|100\/100\n|move|p1a: Iron Valiant|Spirit Break|p2a: Skeledirge\n|-resisted|p2a: Skeledirge\n|-damage|p2a: Skeledirge|83\/100\n|-unboost|p2a: Skeledirge|spa|1\n|\n|upkeep\n|turn|22\n|\n|t:|1701103076\n|move|p1a: Iron Valiant|Knock Off|p2a: Skeledirge\n|-supereffective|p2a: Skeledirge\n|-damage|p2a: Skeledirge|25\/100\n|-enditem|p2a: Skeledirge|Heavy-Duty Boots|[from] move: Knock Off|[of] p1a: Iron Valiant\n|move|p2a: Skeledirge|Torch Song|p1a: Iron Valiant\n|-damage|p1a: Iron Valiant|59\/100\n|-boost|p2a: Skeledirge|spa|1\n|\n|upkeep\n|turn|23\n|\n|t:|1701103085\n|move|p1a: Iron Valiant|Knock Off|p2a: Skeledirge\n|-supereffective|p2a: Skeledirge\n|-damage|p2a: Skeledirge|0 fnt\n|faint|p2a: Skeledirge\n|\n|upkeep\n|\n|t:|1701103105\n|switch|p2a: Weezing|Weezing-Galar, F|100\/100\n|-ability|p2a: Weezing|Neutralizing Gas\n|turn|24\n|inactive|Killertruco has 120 seconds left.\n|\n|t:|1701103125\n|-end|p1a: Iron Valiant|Quark Drive|[silent]\n|switch|p1a: Gholdengo|Gholdengo|100\/100\n|-damage|p1a: Gholdengo|94\/100|[from] Stealth Rock\n|move|p2a: Weezing|Will-O-Wisp|p1a: Gholdengo\n|-status|p1a: Gholdengo|brn\n|\n|-heal|p1a: Gholdengo|100\/100 brn|[from] item: Leftovers\n|-damage|p1a: Gholdengo|94\/100 brn|[from] brn\n|upkeep\n|turn|25\n|inactive|Killertruco has 90 seconds left.\n|\n|t:|1701103155\n|-end|p2a: Weezing|ability: Neutralizing Gas\n|switch|p2a: Milotic|Milotic, M|100\/100\n|move|p1a: Gholdengo|Shadow Ball|p2a: Milotic\n|-damage|p2a: Milotic|73\/100\n|-unboost|p2a: Milotic|spd|1\n|\n|-heal|p1a: Gholdengo|100\/100 brn|[from] item: Leftovers\n|-damage|p1a: Gholdengo|94\/100 brn|[from] brn\n|upkeep\n|turn|26\n|inactive|Killertruco has 90 seconds left.\n|inactive|Tenzas has 120 seconds left.\n|c|\u2606Killertruco|mirror coat?\n|\n|t:|1701103191\n|move|p1a: Gholdengo|Shadow Ball|p2a: Milotic\n|-damage|p2a: Milotic|33\/100\n|move|p2a: Milotic|Mirror Coat|p1a: Gholdengo\n|-damage|p1a: Gholdengo|10\/100 brn\n|\n|-heal|p1a: Gholdengo|16\/100 brn|[from] item: Leftovers\n|-damage|p1a: Gholdengo|10\/100 brn|[from] brn\n|upkeep\n|turn|27\n|\n|t:|1701103210\n|move|p2a: Milotic|Recover|p2a: Milotic\n|-heal|p2a: Milotic|83\/100\n|move|p1a: Gholdengo|Recover|p1a: Gholdengo\n|-heal|p1a: Gholdengo|60\/100 brn\n|\n|-heal|p1a: Gholdengo|66\/100 brn|[from] item: Leftovers\n|-damage|p1a: Gholdengo|60\/100 brn|[from] brn\n|upkeep\n|turn|28\n|\n|t:|1701103218\n|move|p1a: Gholdengo|Recover|p1a: Gholdengo\n|-heal|p1a: Gholdengo|100\/100 brn\n|move|p2a: Milotic|Mirror Coat||[still]\n|-fail|p2a: Milotic\n|\n|-damage|p1a: Gholdengo|94\/100 brn|[from] brn\n|upkeep\n|turn|29\n|\n|t:|1701103221\n|move|p2a: Milotic|Recover|p2a: Milotic\n|-heal|p2a: Milotic|100\/100\n|move|p1a: Gholdengo|Nasty Plot|p1a: Gholdengo\n|-boost|p1a: Gholdengo|spa|2\n|\n|-heal|p1a: Gholdengo|100\/100 brn|[from] item: Leftovers\n|-damage|p1a: Gholdengo|94\/100 brn|[from] brn\n|upkeep\n|turn|30\n|\n|t:|1701103226\n|switch|p2a: Mandibuzz|Mandibuzz, F|46\/100\n|move|p1a: Gholdengo|Nasty Plot|p1a: Gholdengo\n|-boost|p1a: Gholdengo|spa|2\n|\n|-heal|p1a: Gholdengo|100\/100 brn|[from] item: Leftovers\n|-damage|p1a: Gholdengo|94\/100 brn|[from] brn\n|upkeep\n|turn|31\n|\n|t:|1701103231\n|move|p1a: Gholdengo|Shadow Ball|p2a: Mandibuzz\n|-resisted|p2a: Mandibuzz\n|-damage|p2a: Mandibuzz|0 fnt\n|faint|p2a: Mandibuzz\n|\n|-heal|p1a: Gholdengo|100\/100 brn|[from] item: Leftovers\n|-damage|p1a: Gholdengo|94\/100 brn|[from] brn\n|upkeep\n|\n|t:|1701103234\n|switch|p2a: Milotic|Milotic, M|100\/100\n|turn|32\n|inactive|Killertruco has 120 seconds left.\n|\n|t:|1701103242\n|move|p1a: Gholdengo|Nasty Plot|p1a: Gholdengo\n|-boost|p1a: Gholdengo|spa|2\n|move|p2a: Milotic|Mirror Coat||[still]\n|-fail|p2a: Milotic\n|\n|-heal|p1a: Gholdengo|100\/100 brn|[from] item: Leftovers\n|-damage|p1a: Gholdengo|94\/100 brn|[from] brn\n|upkeep\n|turn|33\n|\n|t:|1701103248\n|move|p1a: Gholdengo|Shadow Ball|p2a: Milotic\n|-damage|p2a: Milotic|0 fnt\n|faint|p2a: Milotic\n|\n|-heal|p1a: Gholdengo|100\/100 brn|[from] item: Leftovers\n|-damage|p1a: Gholdengo|94\/100 brn|[from] brn\n|upkeep\n|\n|t:|1701103257\n|switch|p2a: Dragapult|Dragapult, M|100\/100\n|turn|34\n|inactive|Killertruco has 120 seconds left.\n|\n|t:|1701103290\n|switch|p1a: Garganacl|Garganacl, M|77\/100\n|-damage|p1a: Garganacl|65\/100|[from] Stealth Rock\n|-terastallize|p2a: Dragapult|Ghost\n|move|p2a: Dragapult|Shadow Ball|p1a: Garganacl\n|-damage|p1a: Garganacl|41\/100\n|\n|-heal|p1a: Garganacl|48\/100|[from] item: Leftovers\n|upkeep\n|turn|35\n|\n|t:|1701103309\n|switch|p2a: Weezing|Weezing-Galar, F|100\/100\n|-ability|p2a: Weezing|Neutralizing Gas\n|move|p1a: Garganacl|Recover|p1a: Garganacl\n|-heal|p1a: Garganacl|98\/100\n|\n|-heal|p1a: Garganacl|100\/100|[from] item: Leftovers\n|upkeep\n|turn|36\n|\n|t:|1701103321\n|move|p2a: Weezing|Will-O-Wisp|p1a: Garganacl\n|-status|p1a: Garganacl|brn\n|move|p1a: Garganacl|Salt Cure|p2a: Weezing\n|-damage|p2a: Weezing|96\/100\n|-start|p2a: Weezing|Salt Cure\n|\n|-heal|p2a: Weezing|100\/100|[from] item: Leftovers\n|-damage|p1a: Garganacl|94\/100 brn|[from] brn\n|-damage|p2a: Weezing|88\/100|[from] Salt Cure\n|upkeep\n|turn|37\n|\n|t:|1701103333\n|-end|p2a: Weezing|ability: Neutralizing Gas\n|switch|p2a: Landorus|Landorus-Therian, M|53\/100\n|-ability|p2a: Landorus|Intimidate|boost\n|-unboost|p1a: Garganacl|atk|1\n|move|p1a: Garganacl|Earthquake|p2a: Landorus\n|-immune|p2a: Landorus\n|\n|-heal|p1a: Garganacl|100\/100 brn|[from] item: Leftovers\n|-damage|p1a: Garganacl|94\/100 brn|[from] brn\n|upkeep\n|turn|38\n|inactive|Killertruco has 120 seconds left.\n|\n|t:|1701103339\n|move|p2a: Landorus|Earthquake|p1a: Garganacl\n|-supereffective|p1a: Garganacl\n|-damage|p1a: Garganacl|33\/100 brn\n|move|p1a: Garganacl|Salt Cure|p2a: Landorus\n|-damage|p2a: Landorus|49\/100\n|-start|p2a: Landorus|Salt Cure\n|\n|-heal|p1a: Garganacl|39\/100 brn|[from] item: Leftovers\n|-damage|p1a: Garganacl|33\/100 brn|[from] brn\n|-damage|p2a: Landorus|37\/100|[from] Salt Cure\n|upkeep\n|turn|39\n|\n|t:|1701103347\n|switch|p2a: Weezing|Weezing-Galar, F|88\/100\n|-ability|p2a: Weezing|Neutralizing Gas\n|switch|p1a: Tornadus|Tornadus-Therian, M, tera:Poison|100\/100\n|-damage|p1a: Tornadus|88\/100|[from] Stealth Rock\n|\n|-heal|p2a: Weezing|94\/100|[from] item: Leftovers\n|upkeep\n|turn|40\n|\n|t:|1701103359\n|move|p1a: Tornadus|Air Slash|p2a: Weezing\n|-damage|p2a: Weezing|61\/100\n|move|p2a: Weezing|Will-O-Wisp|p1a: Tornadus\n|-status|p1a: Tornadus|brn\n|\n|-heal|p2a: Weezing|67\/100|[from] item: Leftovers\n|-damage|p1a: Tornadus|82\/100 brn|[from] brn\n|upkeep\n|turn|41\n|\n|t:|1701103367\n|move|p1a: Tornadus|Air Slash|p2a: Weezing\n|-damage|p2a: Weezing|30\/100\n|move|p2a: Weezing|Sludge Bomb|p1a: Tornadus\n|-resisted|p1a: Tornadus\n|-damage|p1a: Tornadus|73\/100 brn\n|\n|-heal|p2a: Weezing|36\/100|[from] item: Leftovers\n|-damage|p1a: Tornadus|67\/100 brn|[from] brn\n|upkeep\n|turn|42\n|\n|t:|1701103372\n|move|p1a: Tornadus|Air Slash|p2a: Weezing\n|-damage|p2a: Weezing|0 fnt\n|faint|p2a: Weezing\n|-end|p2a: Weezing|ability: Neutralizing Gas\n|\n|-damage|p1a: Tornadus|60\/100 brn|[from] brn\n|upkeep\n|\n|t:|1701103380\n|switch|p2a: Dragapult|Dragapult, M, tera:Ghost|100\/100\n|turn|43\n|\n|t:|1701103396\n|move|p2a: Dragapult|Shadow Ball|p1a: Tornadus\n|-damage|p1a: Tornadus|10\/100 brn\n|move|p1a: Tornadus|Air Slash|p2a: Dragapult\n|-damage|p2a: Dragapult|67\/100\n|\n|-damage|p1a: Tornadus|4\/100 brn|[from] brn\n|upkeep\n|turn|44\n|\n|t:|1701103404\n|move|p2a: Dragapult|Shadow Ball|p1a: Tornadus\n|-damage|p1a: Tornadus|0 fnt\n|faint|p1a: Tornadus\n|\n|upkeep\n|inactive|Killertruco has 120 seconds left.\n|\n|t:|1701103433\n|switch|p1a: Garganacl|Garganacl, M|33\/100 brn\n|-damage|p1a: Garganacl|21\/100 brn|[from] Stealth Rock\n|turn|45\n|c|\u2606Killertruco|gg\n|\n|t:|1701103445\n|move|p2a: Dragapult|Shadow Ball|p1a: Garganacl\n|-damage|p1a: Garganacl|0 fnt\n|faint|p1a: Garganacl\n|\n|upkeep\n|\n|t:|1701103449\n|switch|p1a: Iron Valiant|Iron Valiant|59\/100\n|-damage|p1a: Iron Valiant|53\/100|[from] Stealth Rock\n|turn|46\n|\n|t:|1701103469\n|move|p2a: Dragapult|Shadow Ball|p1a: Iron Valiant\n|-damage|p1a: Iron Valiant|0 fnt\n|faint|p1a: Iron Valiant\n|-end|p1a: Iron Valiant|Quark Drive|[silent]\n|\n|upkeep\n|inactive|Killertruco has 120 seconds left.\n|\n|t:|1701103490\n|switch|p1a: Gholdengo|Gholdengo|94\/100 brn\n|-damage|p1a: Gholdengo|88\/100 brn|[from] Stealth Rock\n|turn|47\n|inactive|Tenzas has 120 seconds left.\n|\n|t:|1701103517\n|move|p2a: Dragapult|Shadow Ball|p1a: Gholdengo\n|-supereffective|p1a: Gholdengo\n|-damage|p1a: Gholdengo|0 fnt\n|faint|p1a: Gholdengo\n|\n|win|Tenzas\n|raw|Killertruco's rating: 1085 &rarr; <strong>1064<\/strong><br \/>(-21 for losing)\n|raw|Tenzas's rating: 1113 &rarr; <strong>1136<\/strong><br \/>(+23 for winning)\n|l|\u2606Killertruco\n","uploadtime":1701103541,"views":2,"p1id":"killertruco","p2id":"tenzas","formatid":"gen9ou","rating":1064,"private":0,"password":""}