{"id":"gen9ou-1995965683","p1":"Froste17","p2":"Yankiken","format":"[Gen 9] OU","log":"|j|\u2606Froste17\n|j|\u2606Yankiken\n|t:|1700622960\n|gametype|singles\n|player|p1|Froste17|shadowtriad|1693\n|player|p2|Yankiken|lady-gen4|1742\n|teamsize|p1|6\n|teamsize|p2|6\n|gen|9\n|tier|[Gen 9] OU\n|rated|\n|rule|Sleep Clause Mod: Limit one foe put to sleep\n|rule|Species Clause: Limit one of each Pok\u00e9mon\n|rule|OHKO Clause: OHKO moves are banned\n|rule|Evasion Items Clause: Evasion items are banned\n|rule|Evasion Moves Clause: Evasion moves are banned\n|rule|Endless Battle Clause: Forcing endless battles is banned\n|rule|HP Percentage Mod: HP is shown in percentages\n|clearpoke\n|poke|p1|Rillaboom, M|\n|poke|p1|Dragapult, M|\n|poke|p1|Clefable, F|\n|poke|p1|Great Tusk|\n|poke|p1|Heatran, F|\n|poke|p1|Dondozo, M|\n|poke|p2|Samurott-Hisui, M|\n|poke|p2|Slowking-Galar, M|\n|poke|p2|Dragapult, F|\n|poke|p2|Great Tusk|\n|poke|p2|Zapdos|\n|poke|p2|Amoonguss, M|\n|teampreview\n|inactive|Battle timer is ON: inactive players will automatically lose when time's up. (requested by Froste17)\n|\n|t:|1700622978\n|start\n|switch|p1a: Clefable|Clefable, F|100\/100\n|switch|p2a: Dragapult|Dragapult, F|100\/100\n|turn|1\n|\n|t:|1700622986\n|move|p2a: Dragapult|U-turn|p1a: Clefable\n|-resisted|p1a: Clefable\n|-damage|p1a: Clefable|93\/100\n|-damage|p2a: Dragapult|84\/100|[from] item: Rocky Helmet|[of] p1a: Clefable\n|\n|t:|1700622990\n|switch|p2a: Slowking|Slowking-Galar, M|100\/100|[from] U-turn\n|move|p1a: Clefable|Knock Off|p2a: Slowking\n|-supereffective|p2a: Slowking\n|-damage|p2a: Slowking|77\/100\n|-enditem|p2a: Slowking|Heavy-Duty Boots|[from] move: Knock Off|[of] p1a: Clefable\n|\n|upkeep\n|turn|2\n|\n|t:|1700622995\n|switch|p1a: Heatran|Heatran, F|100\/100\n|move|p2a: Slowking|Future Sight|p1a: Heatran\n|-start|p2a: Slowking|move: Future Sight\n|\n|upkeep\n|turn|3\n|\n|t:|1700622998\n|move|p1a: Heatran|Magma Storm|p2a: Slowking|[miss]\n|-miss|p1a: Heatran|p2a: Slowking\n|move|p2a: Slowking|Chilly Reception|p2a: Slowking\n|-weather|Snow\n|\n|t:|1700623002\n|switch|p2a: Samurott|Samurott-Hisui, M|100\/100|[from] Chilly Reception\n|\n|-weather|Snow|[upkeep]\n|upkeep\n|turn|4\n|\n|t:|1700623006\n|switch|p1a: Clefable|Clefable, F|93\/100\n|move|p2a: Samurott|Aqua Cutter|p1a: Clefable\n|-damage|p1a: Clefable|55\/100\n|\n|-weather|Snow|[upkeep]\n|-end|p1a: Clefable|move: Future Sight\n|-damage|p1a: Clefable|11\/100\n|upkeep\n|turn|5\n|\n|t:|1700623011\n|move|p2a: Samurott|Ceaseless Edge|p1a: Clefable\n|-resisted|p1a: Clefable\n|-damage|p1a: Clefable|0 fnt\n|-damage|p2a: Samurott|84\/100|[from] item: Rocky Helmet|[of] p1a: Clefable\n|-sidestart|p1: Froste17|Spikes\n|faint|p1a: Clefable\n|\n|-weather|Snow|[upkeep]\n|upkeep\n|\n|t:|1700623014\n|switch|p1a: Rillaboom|Rillaboom, M|100\/100\n|-damage|p1a: Rillaboom|88\/100|[from] Spikes\n|-fieldstart|move: Grassy Terrain|[from] ability: Grassy Surge|[of] p1a: Rillaboom\n|turn|6\n|\n|t:|1700623019\n|switch|p2a: Amoonguss|Amoonguss, M|100\/100\n|move|p1a: Rillaboom|U-turn|p2a: Amoonguss\n|-damage|p2a: Amoonguss|66\/100\n|\n|t:|1700623024\n|switch|p1a: Heatran|Heatran, F|100\/100|[from] U-turn\n|-damage|p1a: Heatran|88\/100|[from] Spikes\n|\n|-weather|Snow|[upkeep]\n|-heal|p1a: Heatran|94\/100|[from] Grassy Terrain\n|-heal|p2a: Amoonguss|73\/100|[from] Grassy Terrain\n|upkeep\n|turn|7\n|\n|t:|1700623033\n|switch|p2a: Samurott|Samurott-Hisui, M|84\/100\n|move|p1a: Heatran|Magma Storm|p2a: Samurott\n|-resisted|p2a: Samurott\n|-damage|p2a: Samurott|39\/100\n|-activate|p2a: Samurott|move: Magma Storm|[of] p1a: Heatran\n|\n|-weather|none\n|-heal|p2a: Samurott|45\/100|[from] Grassy Terrain\n|-heal|p1a: Heatran|100\/100|[from] Grassy Terrain\n|-damage|p2a: Samurott|33\/100|[from] move: Magma Storm|[partiallytrapped]\n|upkeep\n|turn|8\n|\n|t:|1700623039\n|switch|p1a: Dondozo|Dondozo, M|100\/100\n|-damage|p1a: Dondozo|88\/100|[from] Spikes\n|move|p2a: Samurott|Swords Dance|p2a: Samurott\n|-boost|p2a: Samurott|atk|2\n|\n|-heal|p2a: Samurott|39\/100|[from] Grassy Terrain\n|-heal|p1a: Dondozo|94\/100|[from] Grassy Terrain\n|-heal|p1a: Dondozo|100\/100|[from] item: Leftovers\n|-end|p2a: Samurott|Magma Storm|[partiallytrapped]|[silent]\n|upkeep\n|turn|9\n|\n|t:|1700623049\n|switch|p2a: Slowking|Slowking-Galar, M|100\/100\n|move|p1a: Dondozo|Body Press|p2a: Slowking\n|-resisted|p2a: Slowking\n|-damage|p2a: Slowking|96\/100\n|\n|-heal|p2a: Slowking|100\/100|[from] Grassy Terrain\n|upkeep\n|turn|10\n|\n|t:|1700623054\n|move|p1a: Dondozo|Liquidation|p2a: Slowking\n|-damage|p2a: Slowking|74\/100\n|move|p2a: Slowking|Future Sight|p1a: Dondozo\n|-start|p2a: Slowking|move: Future Sight\n|\n|-heal|p2a: Slowking|80\/100|[from] Grassy Terrain\n|-fieldend|move: Grassy Terrain\n|upkeep\n|turn|11\n|\n|t:|1700623057\n|move|p1a: Dondozo|Liquidation|p2a: Slowking\n|-damage|p2a: Slowking|53\/100\n|move|p2a: Slowking|Chilly Reception|p2a: Slowking\n|-weather|Snow\n|\n|t:|1700623060\n|switch|p2a: Zapdos|Zapdos|100\/100|[from] Chilly Reception\n|\n|-weather|Snow|[upkeep]\n|upkeep\n|turn|12\n|\n|t:|1700623066\n|move|p2a: Zapdos|Volt Switch|p1a: Dondozo\n|-supereffective|p1a: Dondozo\n|-damage|p1a: Dondozo|28\/100\n|\n|t:|1700623069\n|switch|p2a: Great Tusk|Great Tusk|100\/100|[from] Volt Switch\n|move|p1a: Dondozo|Yawn|p2a: Great Tusk\n|-start|p2a: Great Tusk|move: Yawn|[of] p1a: Dondozo\n|\n|-weather|Snow|[upkeep]\n|-end|p1a: Dondozo|move: Future Sight\n|-damage|p1a: Dondozo|0 fnt\n|faint|p1a: Dondozo\n|upkeep\n|\n|t:|1700623076\n|switch|p1a: Dragapult|Dragapult, M|100\/100\n|-damage|p1a: Dragapult|88\/100|[from] Spikes\n|turn|13\n|\n|t:|1700623079\n|move|p1a: Dragapult|Shadow Ball|p2a: Great Tusk\n|-damage|p2a: Great Tusk|30\/100\n|-unboost|p2a: Great Tusk|spd|1\n|move|p2a: Great Tusk|Knock Off|p1a: Dragapult\n|-supereffective|p1a: Dragapult\n|-damage|p1a: Dragapult|14\/100\n|-enditem|p1a: Dragapult|Choice Specs|[from] move: Knock Off|[of] p2a: Great Tusk\n|\n|-weather|Snow|[upkeep]\n|-heal|p2a: Great Tusk|37\/100|[from] item: Leftovers\n|-end|p2a: Great Tusk|move: Yawn|[silent]\n|-status|p2a: Great Tusk|slp\n|upkeep\n|turn|14\n|\n|t:|1700623085\n|-end|p2a: Great Tusk|Protosynthesis|[silent]\n|switch|p2a: Amoonguss|Amoonguss, M|100\/100\n|move|p1a: Dragapult|Shadow Ball|p2a: Amoonguss\n|-damage|p2a: Amoonguss|73\/100\n|\n|-weather|Snow|[upkeep]\n|upkeep\n|turn|15\n|\n|t:|1700623089\n|move|p1a: Dragapult|Flamethrower|p2a: Amoonguss\n|-supereffective|p2a: Amoonguss\n|-damage|p2a: Amoonguss|36\/100\n|-status|p2a: Amoonguss|brn\n|move|p2a: Amoonguss|Spore|p1a: Dragapult\n|-status|p1a: Dragapult|slp|[from] move: Spore\n|\n|-weather|none\n|-damage|p2a: Amoonguss|30\/100 brn|[from] brn\n|upkeep\n|turn|16\n|\n|t:|1700623096\n|switch|p2a: Zapdos|Zapdos|100\/100\n|cant|p1a: Dragapult|slp\n|\n|upkeep\n|turn|17\n|\n|t:|1700623098\n|cant|p1a: Dragapult|slp\n|move|p2a: Zapdos|Volt Switch|p1a: Dragapult\n|-resisted|p1a: Dragapult\n|-damage|p1a: Dragapult|0 fnt\n|faint|p1a: Dragapult\n|\n|t:|1700623102\n|switch|p2a: Dragapult|Dragapult, F|84\/100|[from] Volt Switch\n|\n|upkeep\n|\n|t:|1700623105\n|switch|p1a: Heatran|Heatran, F|100\/100\n|-damage|p1a: Heatran|88\/100|[from] Spikes\n|turn|18\n|\n|t:|1700623107\n|move|p2a: Dragapult|U-turn|p1a: Heatran\n|-resisted|p1a: Heatran\n|-damage|p1a: Heatran|84\/100\n|\n|t:|1700623118\n|switch|p2a: Great Tusk|Great Tusk|37\/100 slp|[from] U-turn\n|move|p1a: Heatran|Magma Storm|p2a: Great Tusk|[miss]\n|-miss|p1a: Heatran|p2a: Great Tusk\n|\n|-heal|p2a: Great Tusk|43\/100 slp|[from] item: Leftovers\n|upkeep\n|turn|19\n|\n|t:|1700623122\n|cant|p2a: Great Tusk|slp\n|move|p1a: Heatran|Flash Cannon|p2a: Great Tusk\n|-damage|p2a: Great Tusk|0 fnt\n|faint|p2a: Great Tusk\n|-end|p2a: Great Tusk|Protosynthesis|[silent]\n|\n|upkeep\n|\n|t:|1700623124\n|switch|p2a: Samurott|Samurott-Hisui, M|39\/100\n|turn|20\n|\n|t:|1700623128\n|-terastallize|p1a: Heatran|Grass\n|move|p2a: Samurott|Aqua Cutter|p1a: Heatran\n|-resisted|p1a: Heatran\n|-crit|p1a: Heatran\n|-damage|p1a: Heatran|52\/100\n|move|p1a: Heatran|Tera Blast|p2a: Samurott|[anim] Tera Blast Grass\n|-supereffective|p2a: Samurott\n|-damage|p2a: Samurott|0 fnt\n|faint|p2a: Samurott\n|\n|upkeep\n|\n|t:|1700623133\n|switch|p2a: Slowking|Slowking-Galar, M|87\/100\n|turn|21\n|\n|t:|1700623136\n|move|p1a: Heatran|Magma Storm|p2a: Slowking|[miss]\n|-miss|p1a: Heatran|p2a: Slowking\n|move|p2a: Slowking|Sludge Bomb|p1a: Heatran\n|-supereffective|p1a: Heatran\n|-damage|p1a: Heatran|12\/100\n|\n|upkeep\n|turn|22\n|\n|t:|1700623139\n|move|p1a: Heatran|Earth Power|p2a: Slowking\n|-supereffective|p2a: Slowking\n|-crit|p2a: Slowking\n|-damage|p2a: Slowking|11\/100\n|move|p2a: Slowking|Chilly Reception|p2a: Slowking\n|-weather|Snow\n|\n|t:|1700623141\n|switch|p2a: Zapdos|Zapdos|100\/100|[from] Chilly Reception\n|\n|-weather|Snow|[upkeep]\n|upkeep\n|turn|23\n|\n|t:|1700623144\n|move|p2a: Zapdos|Weather Ball|p1a: Heatran\n|-supereffective|p1a: Heatran\n|-damage|p1a: Heatran|0 fnt\n|faint|p1a: Heatran\n|\n|-weather|Snow|[upkeep]\n|upkeep\n|\n|t:|1700623149\n|switch|p1a: Great Tusk|Great Tusk|100\/100\n|turn|24\n|\n|t:|1700623153\n|move|p2a: Zapdos|Weather Ball|p1a: Great Tusk\n|-supereffective|p1a: Great Tusk\n|-damage|p1a: Great Tusk|0 fnt\n|faint|p1a: Great Tusk\n|-end|p1a: Great Tusk|Protosynthesis|[silent]\n|\n|-weather|Snow|[upkeep]\n|upkeep\n|\n|t:|1700623155\n|switch|p1a: Rillaboom|Rillaboom, M|88\/100\n|-damage|p1a: Rillaboom|76\/100|[from] Spikes\n|-fieldstart|move: Grassy Terrain|[from] ability: Grassy Surge|[of] p1a: Rillaboom\n|turn|25\n|\n|t:|1700623157\n|move|p2a: Zapdos|Weather Ball|p1a: Rillaboom\n|-supereffective|p1a: Rillaboom\n|-damage|p1a: Rillaboom|0 fnt\n|faint|p1a: Rillaboom\n|\n|win|Yankiken\n|raw|Froste17's rating: 1693 &rarr; <strong>1676<\/strong><br \/>(-17 for losing)\n|raw|Yankiken's rating: 1742 &rarr; <strong>1759<\/strong><br \/>(+17 for winning)\n|l|\u2606Yankiken\n|l|\u2606Froste17\n|j|\u2606Yankiken\n|player|p2|Yankiken|lady-gen4\n","uploadtime":1700623164,"views":1,"p1id":"froste17","p2id":"yankiken","formatid":"gen9ou","rating":1676,"private":0,"password":""}