{"id":"gen9ou-1996218949","p1":"d18l","p2":"G.L.Borges","format":"[Gen 9] OU","log":"|j|\u2606d18l\n|j|\u2606G.L.Borges\n|t:|1700660551\n|gametype|singles\n|player|p1|d18l|backpacker|1721\n|player|p2|G.L.Borges|veteranf|1588\n|teamsize|p1|6\n|teamsize|p2|6\n|gen|9\n|tier|[Gen 9] OU\n|rated|\n|rule|Sleep Clause Mod: Limit one foe put to sleep\n|rule|Species Clause: Limit one of each Pok\u00e9mon\n|rule|OHKO Clause: OHKO moves are banned\n|rule|Evasion Items Clause: Evasion items are banned\n|rule|Evasion Moves Clause: Evasion moves are banned\n|rule|Endless Battle Clause: Forcing endless battles is banned\n|rule|HP Percentage Mod: HP is shown in percentages\n|clearpoke\n|poke|p1|Ribombee, F|\n|poke|p1|Gholdengo|\n|poke|p1|Great Tusk|\n|poke|p1|Kingambit, F|\n|poke|p1|Ogerpon-Wellspring, F|\n|poke|p1|Iron Moth|\n|poke|p2|Maushold|\n|poke|p2|Rillaboom, M|\n|poke|p2|Great Tusk|\n|poke|p2|Heatran, M|\n|poke|p2|Enamorus, F|\n|poke|p2|Kingambit, F|\n|teampreview\n|inactive|Battle timer is ON: inactive players will automatically lose when time's up. (requested by G.L.Borges)\n|c|\u2606d18l|d\n|c|\u2606d18l|mistype\n|c|\u2606d18l|hf\n|inactive|G.L.Borges has 120 seconds left.\n|\n|t:|1700660598\n|start\n|switch|p1a: Ribombee|Ribombee, F|100\/100\n|switch|p2a: Heatran|Heatran, M|100\/100\n|turn|1\n|\n|t:|1700660601\n|move|p1a: Ribombee|Stun Spore|p2a: Heatran|[miss]\n|-miss|p1a: Ribombee|p2a: Heatran\n|move|p2a: Heatran|Magma Storm|p1a: Ribombee\n|-supereffective|p1a: Ribombee\n|-enditem|p1a: Ribombee|Focus Sash\n|-damage|p1a: Ribombee|1\/100\n|-activate|p1a: Ribombee|move: Magma Storm|[of] p2a: Heatran\n|\n|-damage|p1a: Ribombee|0 fnt|[from] move: Magma Storm|[partiallytrapped]\n|faint|p1a: Ribombee\n|upkeep\n|\n|t:|1700660616\n|switch|p1a: Ogerpon|Ogerpon-Wellspring, F|100\/100\n|turn|2\n|\n|t:|1700660627\n|switch|p2a: Rillaboom|Rillaboom, M|100\/100\n|-fieldstart|move: Grassy Terrain|[from] ability: Grassy Surge|[of] p2a: Rillaboom\n|move|p1a: Ogerpon|Power Whip|p2a: Rillaboom|[miss]\n|-miss|p1a: Ogerpon|p2a: Rillaboom\n|\n|upkeep\n|turn|3\n|\n|t:|1700660634\n|switch|p1a: Iron Moth|Iron Moth|100\/100\n|-enditem|p1a: Iron Moth|Booster Energy\n|-activate|p1a: Iron Moth|ability: Quark Drive|[fromitem]\n|-start|p1a: Iron Moth|quarkdrivespe\n|move|p2a: Rillaboom|U-turn|p1a: Iron Moth\n|-resisted|p1a: Iron Moth\n|-damage|p1a: Iron Moth|88\/100\n|\n|t:|1700660639\n|switch|p2a: Heatran|Heatran, M|100\/100|[from] U-turn\n|\n|-heal|p1a: Iron Moth|94\/100|[from] Grassy Terrain\n|upkeep\n|turn|4\n|\n|t:|1700660659\n|switch|p2a: Rillaboom|Rillaboom, M|100\/100\n|move|p1a: Iron Moth|Substitute|p1a: Iron Moth\n|-start|p1a: Iron Moth|Substitute\n|-damage|p1a: Iron Moth|69\/100\n|\n|-heal|p1a: Iron Moth|75\/100|[from] Grassy Terrain\n|upkeep\n|turn|5\n|\n|t:|1700660667\n|switch|p2a: Heatran|Heatran, M|100\/100\n|move|p1a: Iron Moth|Sludge Wave|p2a: Heatran\n|-immune|p2a: Heatran\n|\n|-heal|p1a: Iron Moth|81\/100|[from] Grassy Terrain\n|upkeep\n|turn|6\n|\n|t:|1700660670\n|move|p1a: Iron Moth|Dazzling Gleam|p2a: Heatran\n|-resisted|p2a: Heatran\n|-damage|p2a: Heatran|96\/100\n|move|p2a: Heatran|Earth Power|p1a: Iron Moth\n|-supereffective|p1a: Iron Moth\n|-end|p1a: Iron Moth|Substitute\n|\n|-heal|p1a: Iron Moth|87\/100|[from] Grassy Terrain\n|-heal|p2a: Heatran|100\/100|[from] Grassy Terrain\n|-fieldend|move: Grassy Terrain\n|upkeep\n|turn|7\n|\n|t:|1700660674\n|-end|p1a: Iron Moth|Quark Drive|[silent]\n|switch|p1a: Ogerpon|Ogerpon-Wellspring, F|100\/100\n|move|p2a: Heatran|Stealth Rock|p1a: Ogerpon\n|-sidestart|p1: d18l|move: Stealth Rock\n|\n|upkeep\n|turn|8\n|\n|t:|1700660681\n|switch|p1a: Great Tusk|Great Tusk|100\/100\n|-damage|p1a: Great Tusk|97\/100|[from] Stealth Rock\n|-enditem|p1a: Great Tusk|Booster Energy\n|-activate|p1a: Great Tusk|ability: Protosynthesis|[fromitem]\n|-start|p1a: Great Tusk|protosynthesisspe\n|move|p2a: Heatran|Magma Storm|p1a: Great Tusk\n|-damage|p1a: Great Tusk|39\/100\n|-activate|p1a: Great Tusk|move: Magma Storm|[of] p2a: Heatran\n|\n|-damage|p1a: Great Tusk|27\/100|[from] move: Magma Storm|[partiallytrapped]\n|upkeep\n|turn|9\n|\n|t:|1700660686\n|switch|p2a: Enamorus|Enamorus, F|100\/100\n|move|p1a: Great Tusk|Knock Off|p2a: Enamorus\n|-resisted|p2a: Enamorus\n|-damage|p2a: Enamorus|78\/100\n|-enditem|p2a: Enamorus|Choice Scarf|[from] move: Knock Off|[of] p1a: Great Tusk\n|\n|-end|p1a: Great Tusk|Magma Storm|[partiallytrapped]|[silent]\n|upkeep\n|turn|10\n|\n|t:|1700660693\n|move|p1a: Great Tusk|Rapid Spin|p2a: Enamorus\n|-damage|p2a: Enamorus|54\/100\n|-boost|p1a: Great Tusk|spe|1\n|-sideend|p1: d18l|Stealth Rock|[from] move: Rapid Spin|[of] p1a: Great Tusk\n|move|p2a: Enamorus|Earth Power|p1a: Great Tusk\n|-damage|p1a: Great Tusk|0 fnt\n|faint|p1a: Great Tusk\n|-end|p1a: Great Tusk|Protosynthesis|[silent]\n|\n|upkeep\n|\n|t:|1700660713\n|switch|p1a: Ogerpon|Ogerpon-Wellspring, F|100\/100\n|turn|11\n|inactive|G.L.Borges has 120 seconds left.\n|inactive|G.L.Borges has 90 seconds left.\n|\n|t:|1700660783\n|switch|p2a: Rillaboom|Rillaboom, M|100\/100\n|-fieldstart|move: Grassy Terrain|[from] ability: Grassy Surge|[of] p2a: Rillaboom\n|move|p1a: Ogerpon|Ivy Cudgel|p2a: Rillaboom|[anim] Ivy Cudgel Water\n|-resisted|p2a: Rillaboom\n|-damage|p2a: Rillaboom|67\/100\n|\n|-heal|p2a: Rillaboom|73\/100|[from] Grassy Terrain\n|upkeep\n|turn|12\n|inactive|d18l has 120 seconds left.\n|\n|t:|1700660838\n|switch|p1a: Iron Moth|Iron Moth|87\/100\n|move|p2a: Rillaboom|Grassy Glide|p1a: Iron Moth\n|-resisted|p1a: Iron Moth\n|-damage|p1a: Iron Moth|67\/100\n|\n|-heal|p1a: Iron Moth|73\/100|[from] Grassy Terrain\n|-heal|p2a: Rillaboom|79\/100|[from] Grassy Terrain\n|upkeep\n|turn|13\n|\n|t:|1700660847\n|switch|p2a: Heatran|Heatran, M|100\/100\n|move|p1a: Iron Moth|Sludge Wave|p2a: Heatran\n|-immune|p2a: Heatran\n|\n|-heal|p1a: Iron Moth|79\/100|[from] Grassy Terrain\n|upkeep\n|turn|14\n|\n|t:|1700660852\n|move|p1a: Iron Moth|Dazzling Gleam|p2a: Heatran\n|-resisted|p2a: Heatran\n|-damage|p2a: Heatran|96\/100\n|move|p2a: Heatran|Stealth Rock|p1a: Iron Moth\n|-sidestart|p1: d18l|move: Stealth Rock\n|\n|-heal|p1a: Iron Moth|85\/100|[from] Grassy Terrain\n|-heal|p2a: Heatran|100\/100|[from] Grassy Terrain\n|upkeep\n|turn|15\n|inactive|d18l has 120 seconds left.\n|-message|d18l forfeited.\n|\n|win|G.L.Borges\n|raw|d18l's rating: 1721 &rarr; <strong>1694<\/strong><br \/>(-27 for losing)\n|raw|G.L.Borges's rating: 1588 &rarr; <strong>1615<\/strong><br \/>(+27 for winning)\n|l|\u2606G.L.Borges\n","uploadtime":1700660871,"views":14,"p1id":"d18l","p2id":"glborges","formatid":"gen9ou","rating":1615,"private":0,"password":""}