{"id":"gen9ou-1988428315","p1":"Phoenixlex","p2":"Spyropit","format":"[Gen 9] OU","log":"|j|\u2606Phoenixlex\n|j|\u2606Spyropit\n|t:|1699721896\n|gametype|singles\n|player|p1|Phoenixlex|blue|1360\n|player|p2|Spyropit|firebreather|1321\n|teamsize|p1|6\n|teamsize|p2|6\n|gen|9\n|tier|[Gen 9] OU\n|rated|\n|rule|Sleep Clause Mod: Limit one foe put to sleep\n|rule|Species Clause: Limit one of each Pok\u00e9mon\n|rule|OHKO Clause: OHKO moves are banned\n|rule|Evasion Items Clause: Evasion items are banned\n|rule|Evasion Moves Clause: Evasion moves are banned\n|rule|Endless Battle Clause: Forcing endless battles is banned\n|rule|HP Percentage Mod: HP is shown in percentages\n|clearpoke\n|poke|p1|Iron Moth|\n|poke|p1|Gholdengo|\n|poke|p1|Dondozo, M|\n|poke|p1|Samurott-Hisui, F|\n|poke|p1|Rillaboom, M|\n|poke|p1|Sandy Shocks|\n|poke|p2|Alomomola, M|\n|poke|p2|Slowking-Galar, F|\n|poke|p2|Kingambit, F|\n|poke|p2|Great Tusk|\n|poke|p2|Cinderace, F|\n|poke|p2|Thundurus-Therian, M|\n|teampreview\n|inactive|Battle timer is ON: inactive players will automatically lose when time's up. (requested by Phoenixlex)\n|inactive|Spyropit also wants the timer to be on.\n|\n|t:|1699721915\n|start\n|switch|p1a: OU ain't ready|Samurott-Hisui, F|100\/100\n|switch|p2a: Great Tusk|Great Tusk|100\/100\n|turn|1\n|\n|t:|1699721930\n|move|p1a: OU ain't ready|Air Slash|p2a: Great Tusk\n|-supereffective|p2a: Great Tusk\n|-damage|p2a: Great Tusk|0 fnt\n|faint|p2a: Great Tusk\n|-end|p2a: Great Tusk|Protosynthesis|[silent]\n|\n|upkeep\n|c|\u2606Spyropit|Holy shit\n|c|\u2606Spyropit|what\n|c|\u2606Spyropit|damn\n|c|\u2606Spyropit|ok\n|c|\u2606Phoenixlex|Got em\n|inactive|Spyropit has 120 seconds left.\n|\n|t:|1699721961\n|switch|p2a: Alomomola|Alomomola, M|100\/100\n|turn|2\n|inactive|Spyropit has 120 seconds left.\n|c|\u2606Spyropit|Got me real good\n|\n|t:|1699721979\n|switch|p1a: Ghoul|Gholdengo|100\/100\n|move|p2a: Alomomola|Scald|p1a: Ghoul\n|-damage|p1a: Ghoul|85\/100\n|\n|-heal|p1a: Ghoul|91\/100|[from] item: Leftovers\n|upkeep\n|turn|3\n|\n|t:|1699721995\n|switch|p2a: Thundurus|Thundurus-Therian, M|100\/100\n|move|p1a: Ghoul|Shadow Ball|p2a: Thundurus\n|-damage|p2a: Thundurus|44\/100\n|\n|-heal|p1a: Ghoul|97\/100|[from] item: Leftovers\n|upkeep\n|turn|4\n|\n|t:|1699722000\n|move|p2a: Thundurus|Knock Off|p1a: Ghoul\n|-supereffective|p1a: Ghoul\n|-damage|p1a: Ghoul|51\/100\n|-enditem|p1a: Ghoul|Leftovers|[from] move: Knock Off|[of] p2a: Thundurus\n|move|p1a: Ghoul|Shadow Ball|p2a: Thundurus\n|-damage|p2a: Thundurus|0 fnt\n|faint|p2a: Thundurus\n|\n|upkeep\n|\n|t:|1699722009\n|switch|p2a: Cinderace|Cinderace, F|100\/100\n|turn|5\n|\n|t:|1699722014\n|switch|p1a: Tank|Dondozo, M|100\/100\n|move|p2a: Cinderace|Pyro Ball|p1a: Tank\n|-resisted|p1a: Tank\n|-crit|p1a: Tank\n|-damage|p1a: Tank|81\/100\n|\n|upkeep\n|turn|6\n|\n|t:|1699722022\n|move|p2a: Cinderace|U-turn|p1a: Tank\n|-start|p2a: Cinderace|typechange|Bug|[from] ability: Libero\n|-damage|p1a: Tank|68\/100\n|\n|t:|1699722028\n|switch|p2a: Slowking|Slowking-Galar, F|100\/100|[from] U-turn\n|move|p1a: Tank|Curse|p1a: Tank\n|-unboost|p1a: Tank|spe|1\n|-boost|p1a: Tank|atk|1\n|-boost|p1a: Tank|def|1\n|\n|upkeep\n|turn|7\n|\n|t:|1699722033\n|move|p1a: Tank|Wave Crash|p2a: Slowking\n|-damage|p2a: Slowking|40\/100\n|-damage|p1a: Tank|52\/100|[from] Recoil\n|move|p2a: Slowking|Future Sight|p1a: Tank\n|-start|p2a: Slowking|move: Future Sight\n|\n|upkeep\n|turn|8\n|\n|t:|1699722050\n|-terastallize|p2a: Slowking|Water\n|move|p1a: Tank|Wave Crash|p2a: Slowking\n|-resisted|p2a: Slowking\n|-damage|p2a: Slowking|6\/100\n|-damage|p1a: Tank|43\/100|[from] Recoil\n|move|p2a: Slowking|Chilly Reception|p2a: Slowking\n|-weather|Snow\n|\n|t:|1699722064\n|switch|p2a: Cinderace|Cinderace, F|100\/100|[from] Chilly Reception\n|\n|-weather|Snow|[upkeep]\n|upkeep\n|turn|9\n|\n|t:|1699722074\n|move|p2a: Cinderace|U-turn|p1a: Tank\n|-start|p2a: Cinderace|typechange|Bug|[from] ability: Libero\n|-damage|p1a: Tank|33\/100\n|\n|t:|1699722077\n|switch|p2a: Slowking|Slowking-Galar, F, tera:Water|39\/100|[from] U-turn\n|move|p1a: Tank|Wave Crash|p2a: Slowking\n|-resisted|p2a: Slowking\n|-damage|p2a: Slowking|5\/100\n|-damage|p1a: Tank|24\/100|[from] Recoil\n|\n|-weather|Snow|[upkeep]\n|-end|p1a: Tank|move: Future Sight\n|-damage|p1a: Tank|0 fnt\n|faint|p1a: Tank\n|upkeep\n|\n|t:|1699722082\n|switch|p1a: Ferropolilla|Iron Moth|100\/100\n|-enditem|p1a: Ferropolilla|Booster Energy\n|-activate|p1a: Ferropolilla|ability: Quark Drive|[fromitem]\n|-start|p1a: Ferropolilla|quarkdrivespe\n|turn|10\n|\n|t:|1699722087\n|move|p1a: Ferropolilla|Fiery Dance|p2a: Slowking\n|-resisted|p2a: Slowking\n|-damage|p2a: Slowking|0 fnt\n|faint|p2a: Slowking\n|\n|-weather|Snow|[upkeep]\n|upkeep\n|\n|t:|1699722096\n|switch|p2a: Alomomola|Alomomola, M|100\/100\n|turn|11\n|\n|t:|1699722102\n|-terastallize|p1a: Ferropolilla|Grass\n|move|p1a: Ferropolilla|Substitute|p1a: Ferropolilla\n|-start|p1a: Ferropolilla|Substitute\n|-damage|p1a: Ferropolilla|76\/100\n|move|p2a: Alomomola|Scald|p1a: Ferropolilla\n|-resisted|p1a: Ferropolilla\n|-activate|p1a: Ferropolilla|move: Substitute|[damage]\n|\n|-weather|Snow|[upkeep]\n|upkeep\n|turn|12\n|\n|t:|1699722110\n|move|p1a: Ferropolilla|Energy Ball|p2a: Alomomola\n|-supereffective|p2a: Alomomola\n|-damage|p2a: Alomomola|21\/100\n|-enditem|p2a: Alomomola|Red Card|[of] p1a: Ferropolilla\n|-end|p1a: Ferropolilla|Quark Drive|[silent]\n|drag|p1a: Priority|Rillaboom, M|100\/100\n|-fieldstart|move: Grassy Terrain|[from] ability: Grassy Surge|[of] p1a: Priority\n|move|p2a: Alomomola|Acrobatics|p1a: Priority\n|-supereffective|p1a: Priority\n|-damage|p1a: Priority|53\/100\n|\n|-weather|none\n|-heal|p1a: Priority|59\/100|[from] Grassy Terrain\n|-heal|p2a: Alomomola|27\/100|[from] Grassy Terrain\n|upkeep\n|turn|13\n|\n|t:|1699722121\n|switch|p2a: Cinderace|Cinderace, F|100\/100\n|move|p1a: Priority|Wood Hammer|p2a: Cinderace\n|-resisted|p2a: Cinderace\n|-damage|p2a: Cinderace|19\/100\n|-damage|p1a: Priority|35\/100|[from] Recoil\n|\n|-heal|p2a: Cinderace|25\/100|[from] Grassy Terrain\n|-heal|p1a: Priority|42\/100|[from] Grassy Terrain\n|upkeep\n|turn|14\n|\n|t:|1699722131\n|switch|p1a: OU ain't ready|Samurott-Hisui, F|100\/100\n|move|p2a: Cinderace|U-turn|p1a: OU ain't ready\n|-start|p2a: Cinderace|typechange|Bug|[from] ability: Libero\n|-supereffective|p1a: OU ain't ready\n|-damage|p1a: OU ain't ready|6\/100\n|\n|t:|1699722144\n|switch|p2a: Kingambit|Kingambit, F|100\/100|[from] U-turn\n|-activate|p2a: Kingambit|ability: Supreme Overlord\n|-start|p2a: Kingambit|fallen3|[silent]\n|\n|-heal|p1a: OU ain't ready|13\/100|[from] Grassy Terrain\n|upkeep\n|turn|15\n|\n|t:|1699722158\n|move|p1a: OU ain't ready|Hydro Pump|p2a: Kingambit\n|-damage|p2a: Kingambit|57\/100\n|move|p2a: Kingambit|Swords Dance|p2a: Kingambit\n|-boost|p2a: Kingambit|atk|2\n|\n|-heal|p1a: OU ain't ready|19\/100|[from] Grassy Terrain\n|-heal|p2a: Kingambit|63\/100|[from] Grassy Terrain\n|-heal|p2a: Kingambit|70\/100|[from] item: Leftovers\n|upkeep\n|turn|16\n|\n|t:|1699722168\n|move|p2a: Kingambit|Sucker Punch|p1a: OU ain't ready\n|-resisted|p1a: OU ain't ready\n|-damage|p1a: OU ain't ready|0 fnt\n|faint|p1a: OU ain't ready\n|\n|-heal|p2a: Kingambit|76\/100|[from] Grassy Terrain\n|-heal|p2a: Kingambit|82\/100|[from] item: Leftovers\n|-fieldend|move: Grassy Terrain\n|upkeep\n|\n|t:|1699722176\n|switch|p1a: Ferropolilla|Iron Moth, tera:Grass|76\/100\n|turn|17\n|\n|t:|1699722180\n|move|p1a: Ferropolilla|Substitute|p1a: Ferropolilla\n|-start|p1a: Ferropolilla|Substitute\n|-damage|p1a: Ferropolilla|51\/100\n|move|p2a: Kingambit|Kowtow Cleave|p1a: Ferropolilla\n|-end|p1a: Ferropolilla|Substitute\n|\n|-heal|p2a: Kingambit|88\/100|[from] item: Leftovers\n|upkeep\n|turn|18\n|c|\u2606Spyropit|Here come the mind games\n|\n|t:|1699722198\n|move|p1a: Ferropolilla|Substitute|p1a: Ferropolilla\n|-start|p1a: Ferropolilla|Substitute\n|-damage|p1a: Ferropolilla|26\/100\n|move|p2a: Kingambit|Iron Head|p1a: Ferropolilla\n|-end|p1a: Ferropolilla|Substitute\n|\n|-heal|p2a: Kingambit|95\/100|[from] item: Leftovers\n|upkeep\n|turn|19\n|\n|t:|1699722203\n|move|p1a: Ferropolilla|Fiery Dance|p2a: Kingambit\n|-supereffective|p2a: Kingambit\n|-damage|p2a: Kingambit|10\/100\n|move|p2a: Kingambit|Iron Head|p1a: Ferropolilla\n|-damage|p1a: Ferropolilla|0 fnt\n|faint|p1a: Ferropolilla\n|-end|p1a: Ferropolilla|Quark Drive|[silent]\n|\n|-heal|p2a: Kingambit|16\/100|[from] item: Leftovers\n|upkeep\n|\n|t:|1699722207\n|switch|p1a: Priority|Rillaboom, M|42\/100\n|-fieldstart|move: Grassy Terrain|[from] ability: Grassy Surge|[of] p1a: Priority\n|turn|20\n|\n|t:|1699722217\n|-end|p2a: Kingambit|fallen3|[silent]\n|switch|p2a: Cinderace|Cinderace, F|25\/100\n|move|p1a: Priority|Grassy Glide|p2a: Cinderace\n|-resisted|p2a: Cinderace\n|-damage|p2a: Cinderace|0 fnt\n|faint|p2a: Cinderace\n|\n|-heal|p1a: Priority|48\/100|[from] Grassy Terrain\n|upkeep\n|\n|t:|1699722225\n|switch|p2a: Alomomola|Alomomola, M|61\/100\n|turn|21\n|\n|t:|1699722236\n|switch|p1a: Ghoul|Gholdengo|51\/100\n|move|p2a: Alomomola|Acrobatics|p1a: Ghoul\n|-resisted|p1a: Ghoul\n|-damage|p1a: Ghoul|40\/100\n|\n|-heal|p1a: Ghoul|47\/100|[from] Grassy Terrain\n|-heal|p2a: Alomomola|67\/100|[from] Grassy Terrain\n|upkeep\n|turn|22\n|\n|t:|1699722242\n|move|p1a: Ghoul|Substitute|p1a: Ghoul\n|-start|p1a: Ghoul|Substitute\n|-damage|p1a: Ghoul|22\/100\n|move|p2a: Alomomola|Wish|p2a: Alomomola\n|\n|-heal|p1a: Ghoul|28\/100|[from] Grassy Terrain\n|-heal|p2a: Alomomola|73\/100|[from] Grassy Terrain\n|upkeep\n|turn|23\n|\n|t:|1699722246\n|move|p1a: Ghoul|Nasty Plot|p1a: Ghoul\n|-boost|p1a: Ghoul|spa|2\n|move|p2a: Alomomola|Flip Turn|p1a: Ghoul\n|-crit|p1a: Ghoul\n|-end|p1a: Ghoul|Substitute\n|\n|t:|1699722249\n|switch|p2a: Kingambit|Kingambit, F|16\/100|[from] Flip Turn\n|-activate|p2a: Kingambit|ability: Supreme Overlord\n|-start|p2a: Kingambit|fallen4|[silent]\n|\n|-heal|p2a: Kingambit|75\/100|[from] move: Wish|[wisher] Alomomola\n|-heal|p1a: Ghoul|34\/100|[from] Grassy Terrain\n|-heal|p2a: Kingambit|82\/100|[from] Grassy Terrain\n|-heal|p2a: Kingambit|88\/100|[from] item: Leftovers\n|upkeep\n|turn|24\n|\n|t:|1699722259\n|move|p1a: Ghoul|Substitute|p1a: Ghoul\n|-start|p1a: Ghoul|Substitute\n|-damage|p1a: Ghoul|9\/100\n|move|p2a: Kingambit|Kowtow Cleave|p1a: Ghoul\n|-supereffective|p1a: Ghoul\n|-end|p1a: Ghoul|Substitute\n|\n|-heal|p1a: Ghoul|15\/100|[from] Grassy Terrain\n|-heal|p2a: Kingambit|94\/100|[from] Grassy Terrain\n|-heal|p2a: Kingambit|99\/100|[from] item: Leftovers\n|-fieldend|move: Grassy Terrain\n|upkeep\n|turn|25\n|\n|t:|1699722262\n|move|p1a: Ghoul|Make It Rain|p2a: Kingambit\n|-resisted|p2a: Kingambit\n|-damage|p2a: Kingambit|43\/100\n|-unboost|p1a: Ghoul|spa|1\n|move|p2a: Kingambit|Kowtow Cleave|p1a: Ghoul\n|-supereffective|p1a: Ghoul\n|-damage|p1a: Ghoul|0 fnt\n|faint|p1a: Ghoul\n|\n|-heal|p2a: Kingambit|49\/100|[from] item: Leftovers\n|upkeep\n|\n|t:|1699722273\n|switch|p1a: Sandy Shocks|Sandy Shocks|100\/100\n|-enditem|p1a: Sandy Shocks|Booster Energy\n|-activate|p1a: Sandy Shocks|ability: Protosynthesis|[fromitem]\n|-start|p1a: Sandy Shocks|protosynthesisspe\n|turn|26\n|\n|t:|1699722285\n|move|p2a: Kingambit|Sucker Punch|p1a: Sandy Shocks\n|-damage|p1a: Sandy Shocks|43\/100\n|move|p1a: Sandy Shocks|Earth Power|p2a: Kingambit\n|-supereffective|p2a: Kingambit\n|-damage|p2a: Kingambit|0 fnt\n|faint|p2a: Kingambit\n|-end|p2a: Kingambit|fallen4|[silent]\n|\n|upkeep\n|\n|t:|1699722290\n|switch|p2a: Alomomola|Alomomola, M|100\/100\n|turn|27\n|c|\u2606Spyropit|This is it\n|c|\u2606Spyropit|ggs\n|c|\u2606Spyropit|you\u2019re crazy for that Hamurott set\n|c|\u2606Spyropit|nice\n|inactive|Spyropit has 120 seconds left.\n|\n|t:|1699722323\n|move|p1a: Sandy Shocks|Thunderbolt|p2a: Alomomola\n|-supereffective|p2a: Alomomola\n|-damage|p2a: Alomomola|17\/100\n|move|p2a: Alomomola|Wish|p2a: Alomomola\n|\n|upkeep\n|turn|28\n|c|\u2606Phoenixlex|Thanks\n|c|\u2606Spyropit|Ggs\n|c|\u2606Phoenixlex|Is good for ogerpon\n|\n|t:|1699722341\n|move|p1a: Sandy Shocks|Thunderbolt|p2a: Alomomola\n|-supereffective|p2a: Alomomola\n|-damage|p2a: Alomomola|0 fnt\n|faint|p2a: Alomomola\n|\n|win|Phoenixlex\n|raw|Phoenixlex's rating: 1360 &rarr; <strong>1378<\/strong><br \/>(+18 for winning)\n|raw|Spyropit's rating: 1321 &rarr; <strong>1303<\/strong><br \/>(-18 for losing)\n|c|\u2606Spyropit|Idk but it sure is good against tusk\n|c|\u2606Spyropit|Was not expecting that\n|c|\u2606Phoenixlex|Yeah\n|c|\u2606Phoenixlex|Lol\n|c|\u2606Spyropit|Gg\n","uploadtime":1699722390,"views":27,"p1id":"phoenixlex","p2id":"spyropit","formatid":"gen9ou","rating":1303,"private":0,"password":""}