{"id":"gen9ou-1999837342","p1":"Hoelympics","p2":"Dragon is Uber","format":"[Gen 9] OU","log":"|j|\u2606Hoelympics\n|j|\u2606Dragon is Uber\n|t:|1701121382\n|gametype|singles\n|player|p1|Hoelympics|bellelba|1387\n|player|p2|Dragon is Uber|shadowtriad|1482\n|teamsize|p1|6\n|teamsize|p2|6\n|gen|9\n|tier|[Gen 9] OU\n|rated|\n|rule|Sleep Clause Mod: Limit one foe put to sleep\n|rule|Species Clause: Limit one of each Pok\u00e9mon\n|rule|OHKO Clause: OHKO moves are banned\n|rule|Evasion Items Clause: Evasion items are banned\n|rule|Evasion Moves Clause: Evasion moves are banned\n|rule|Endless Battle Clause: Forcing endless battles is banned\n|rule|HP Percentage Mod: HP is shown in percentages\n|clearpoke\n|poke|p1|Indeedee, M|\n|poke|p1|Medicham, F|\n|poke|p1|Espeon, F|\n|poke|p1|Hatterene, F|\n|poke|p1|Armarouge, M|\n|poke|p1|Gardevoir, F|\n|poke|p2|Amoonguss, M|\n|poke|p2|Garganacl, F|\n|poke|p2|Weavile, F|\n|poke|p2|Dragapult, F|\n|poke|p2|Corviknight, M|\n|poke|p2|Ting-Lu|\n|teampreview\n|inactive|Battle timer is ON: inactive players will automatically lose when time's up. (requested by Hoelympics)\n|\n|t:|1701121405\n|start\n|switch|p1a: Orihime|Hatterene, F|100\/100\n|switch|p2a: Griming Moon|Weavile, F|100\/100\n|-ability|p2a: Griming Moon|Pressure\n|turn|1\n|\n|t:|1701121413\n|switch|p2a: Armor Night|Corviknight, M, shiny|100\/100\n|move|p1a: Orihime|Draining Kiss|p2a: Armor Night\n|-resisted|p2a: Armor Night\n|-damage|p2a: Armor Night|89\/100\n|-damage|p1a: Orihime|84\/100|[from] item: Rocky Helmet|[of] p2a: Armor Night\n|\n|-heal|p1a: Orihime|90\/100|[from] item: Leftovers\n|upkeep\n|turn|2\n|\n|t:|1701121421\n|move|p2a: Armor Night|U-turn|p1a: Orihime\n|-damage|p1a: Orihime|78\/100\n|\n|t:|1701121425\n|switch|p2a: Ting-Loser|Ting-Lu|100\/100|[from] U-turn\n|-ability|p2a: Ting-Loser|Vessel of Ruin\n|move|p1a: Orihime|Calm Mind|p1a: Orihime\n|-boost|p1a: Orihime|spa|1\n|-boost|p1a: Orihime|spd|1\n|\n|-heal|p1a: Orihime|84\/100|[from] item: Leftovers\n|upkeep\n|turn|3\n|\n|t:|1701121435\n|-terastallize|p2a: Ting-Loser|Fairy\n|move|p2a: Ting-Loser|Ruination|p1a: Orihime\n|-damage|p1a: Orihime|42\/100\n|move|p1a: Orihime|Calm Mind|p1a: Orihime\n|-boost|p1a: Orihime|spa|1\n|-boost|p1a: Orihime|spd|1\n|\n|-heal|p1a: Orihime|48\/100|[from] item: Leftovers\n|upkeep\n|turn|4\n|\n|t:|1701121443\n|move|p2a: Ting-Loser|Earthquake|p1a: Orihime\n|-damage|p1a: Orihime|17\/100\n|move|p1a: Orihime|Calm Mind|p1a: Orihime\n|-boost|p1a: Orihime|spa|1\n|-boost|p1a: Orihime|spd|1\n|\n|-heal|p1a: Orihime|23\/100|[from] item: Leftovers\n|upkeep\n|turn|5\n|\n|t:|1701121453\n|move|p2a: Ting-Loser|Earthquake|p1a: Orihime\n|-damage|p1a: Orihime|0 fnt\n|faint|p1a: Orihime\n|\n|upkeep\n|\n|t:|1701121457\n|switch|p1a: Kisuke|Indeedee, M|100\/100\n|-fieldstart|move: Psychic Terrain|[from] ability: Psychic Surge|[of] p1a: Kisuke\n|turn|6\n|\n|t:|1701121468\n|move|p1a: Kisuke|Encore|p2a: Ting-Loser\n|-start|p2a: Ting-Loser|Encore\n|move|p2a: Ting-Loser|Earthquake|p1a: Kisuke\n|-damage|p1a: Kisuke|40\/100\n|\n|upkeep\n|turn|7\n|\n|t:|1701121485\n|switch|p1a: Unohana|Gardevoir, F, shiny|100\/100\n|-ability|p1a: Unohana|Vessel of Ruin\n|-ability|p1a: Unohana|Vessel of Ruin|[from] ability: Trace|[of] p2a: Ting-Loser\n|move|p2a: Ting-Loser|Earthquake|p1a: Unohana\n|-damage|p1a: Unohana|44\/100\n|\n|upkeep\n|turn|8\n|c|\u2606Dragon is Uber|You know it\u2019s not mono team\n|\n|t:|1701121493\n|move|p1a: Unohana|Future Sight|p2a: Ting-Loser\n|-start|p1a: Unohana|move: Future Sight\n|move|p2a: Ting-Loser|Earthquake|p1a: Unohana\n|-damage|p1a: Unohana|0 fnt\n|faint|p1a: Unohana\n|\n|-end|p2a: Ting-Loser|Encore\n|upkeep\n|c|\u2606Hoelympics|..yes\n|\n|t:|1701121503\n|switch|p1a: Ichigo|Armarouge, M|100\/100\n|turn|9\n|\n|t:|1701121509\n|move|p1a: Ichigo|Expanding Force|p2a: Ting-Loser\n|-damage|p2a: Ting-Loser|64\/100\n|move|p2a: Ting-Loser|Whirlwind|p1a: Ichigo\n|drag|p1a: Soi Fon|Medicham, F|100\/100\n|\n|-heal|p2a: Ting-Loser|70\/100|[from] item: Leftovers\n|upkeep\n|turn|10\n|\n|t:|1701121521\n|switch|p1a: Yoruichi|Espeon, F|100\/100\n|switch|p2a: Griming Moon|Weavile, F|100\/100\n|-ability|p2a: Griming Moon|Pressure\n|\n|-end|p2a: Griming Moon|move: Future Sight\n|-immune|p2a: Griming Moon\n|upkeep\n|turn|11\n|\n|t:|1701121528\n|move|p1a: Yoruichi|Dazzling Gleam|p2a: Griming Moon\n|-supereffective|p2a: Griming Moon\n|-damage|p2a: Griming Moon|19\/100\n|move|p2a: Griming Moon|Knock Off|p1a: Yoruichi\n|-supereffective|p1a: Yoruichi\n|-damage|p1a: Yoruichi|0 fnt\n|-enditem|p1a: Yoruichi|Choice Scarf|[from] move: Knock Off|[of] p2a: Griming Moon\n|faint|p1a: Yoruichi\n|\n|upkeep\n|\n|t:|1701121534\n|switch|p1a: Ichigo|Armarouge, M|100\/100\n|turn|12\n|\n|t:|1701121545\n|switch|p2a: Cure for all|Garganacl, F|100\/100\n|move|p1a: Ichigo|Armor Cannon|p2a: Cure for all\n|-resisted|p2a: Cure for all\n|-damage|p2a: Cure for all|75\/100\n|-unboost|p1a: Ichigo|def|1\n|-unboost|p1a: Ichigo|spd|1\n|\n|-heal|p2a: Cure for all|81\/100|[from] item: Leftovers\n|upkeep\n|turn|13\n|\n|t:|1701121561\n|-terastallize|p1a: Ichigo|Psychic\n|move|p2a: Cure for all|Protect|p2a: Cure for all\n|-singleturn|p2a: Cure for all|Protect\n|move|p1a: Ichigo|Expanding Force|p2a: Cure for all\n|-activate|p2a: Cure for all|move: Protect\n|\n|-heal|p2a: Cure for all|87\/100|[from] item: Leftovers\n|-fieldend|move: Psychic Terrain\n|upkeep\n|turn|14\n|\n|t:|1701121571\n|switch|p1a: Kisuke|Indeedee, M|40\/100\n|-fieldstart|move: Psychic Terrain|[from] ability: Psychic Surge|[of] p1a: Kisuke\n|move|p2a: Cure for all|Salt Cure|p1a: Kisuke\n|-damage|p1a: Kisuke|14\/100\n|-start|p1a: Kisuke|Salt Cure\n|\n|-heal|p2a: Cure for all|93\/100|[from] item: Leftovers\n|-damage|p1a: Kisuke|1\/100|[from] Salt Cure\n|upkeep\n|turn|15\n|\n|t:|1701121581\n|switch|p1a: Soi Fon|Medicham, F|100\/100\n|move|p2a: Cure for all|Salt Cure|p1a: Soi Fon\n|-resisted|p1a: Soi Fon\n|-damage|p1a: Soi Fon|89\/100\n|-start|p1a: Soi Fon|Salt Cure\n|\n|-heal|p2a: Cure for all|99\/100|[from] item: Leftovers\n|-damage|p1a: Soi Fon|77\/100|[from] Salt Cure\n|upkeep\n|turn|16\n|\n|t:|1701121588\n|move|p2a: Cure for all|Protect|p2a: Cure for all\n|-singleturn|p2a: Cure for all|Protect\n|move|p1a: Soi Fon|Psycho Cut|p2a: Cure for all\n|-activate|p2a: Cure for all|move: Protect\n|\n|-heal|p2a: Cure for all|100\/100|[from] item: Leftovers\n|-damage|p1a: Soi Fon|64\/100|[from] Salt Cure\n|upkeep\n|turn|17\n|\n|t:|1701121594\n|switch|p1a: Ichigo|Armarouge, M, tera:Psychic|100\/100\n|switch|p2a: Griming Moon|Weavile, F|19\/100\n|-ability|p2a: Griming Moon|Pressure\n|\n|upkeep\n|turn|18\n|\n|t:|1701121600\n|move|p2a: Griming Moon|Knock Off|p1a: Ichigo\n|-supereffective|p1a: Ichigo\n|-enditem|p1a: Ichigo|Focus Sash\n|-damage|p1a: Ichigo|1\/100\n|-ability|p1a: Ichigo|Weak Armor|boost\n|-unboost|p1a: Ichigo|def|1\n|-boost|p1a: Ichigo|spe|2\n|move|p1a: Ichigo|Armor Cannon|p2a: Griming Moon\n|-supereffective|p2a: Griming Moon\n|-damage|p2a: Griming Moon|0 fnt\n|-unboost|p1a: Ichigo|def|1\n|-unboost|p1a: Ichigo|spd|1\n|faint|p2a: Griming Moon\n|\n|upkeep\n|\n|t:|1701121606\n|switch|p2a: Ting-Loser|Ting-Lu, tera:Fairy|70\/100\n|-ability|p2a: Ting-Loser|Vessel of Ruin\n|turn|19\n|\n|t:|1701121614\n|move|p1a: Ichigo|Endure|p1a: Ichigo\n|-singleturn|p1a: Ichigo|move: Endure\n|move|p2a: Ting-Loser|Earthquake|p1a: Ichigo\n|-activate|p1a: Ichigo|move: Endure\n|-damage|p1a: Ichigo|1\/100\n|-ability|p1a: Ichigo|Weak Armor|boost\n|-unboost|p1a: Ichigo|def|1\n|-boost|p1a: Ichigo|spe|2\n|\n|-heal|p2a: Ting-Loser|76\/100|[from] item: Leftovers\n|upkeep\n|turn|20\n|\n|t:|1701121620\n|switch|p1a: Soi Fon|Medicham, F|64\/100\n|move|p2a: Ting-Loser|Earthquake|p1a: Soi Fon\n|-damage|p1a: Soi Fon|1\/100\n|\n|-heal|p2a: Ting-Loser|82\/100|[from] item: Leftovers\n|upkeep\n|turn|21\n|\n|t:|1701121625\n|move|p1a: Soi Fon|Psycho Cut|p2a: Ting-Loser\n|-damage|p2a: Ting-Loser|50\/100\n|move|p2a: Ting-Loser|Stealth Rock|p1a: Soi Fon\n|-sidestart|p1: Hoelympics|move: Stealth Rock\n|\n|-heal|p2a: Ting-Loser|57\/100|[from] item: Leftovers\n|-fieldend|move: Psychic Terrain\n|upkeep\n|turn|22\n|\n|t:|1701121629\n|switch|p2a: Armor Night|Corviknight, M, shiny|89\/100\n|move|p1a: Soi Fon|Psycho Cut|p2a: Armor Night\n|-resisted|p2a: Armor Night\n|-damage|p2a: Armor Night|75\/100\n|\n|upkeep\n|turn|23\n|\n|t:|1701121632\n|move|p1a: Soi Fon|Psycho Cut|p2a: Armor Night\n|-resisted|p2a: Armor Night\n|-damage|p2a: Armor Night|62\/100\n|move|p2a: Armor Night|U-turn|p1a: Soi Fon\n|-damage|p1a: Soi Fon|0 fnt\n|faint|p1a: Soi Fon\n|\n|t:|1701121636\n|switch|p2a: Cure for all|Garganacl, F|100\/100|[from] U-turn\n|\n|upkeep\n|\n|t:|1701121639\n|switch|p1a: Kisuke|Indeedee, M|1\/100\n|-damage|p1a: Kisuke|0 fnt|[from] Stealth Rock\n|faint|p1a: Kisuke\n|\n|t:|1701121640\n|switch|p1a: Ichigo|Armarouge, M, tera:Psychic|1\/100\n|-damage|p1a: Ichigo|0 fnt|[from] Stealth Rock\n|faint|p1a: Ichigo\n|\n|win|Dragon is Uber\n|raw|Hoelympics's rating: 1387 &rarr; <strong>1372<\/strong><br \/>(-15 for losing)\n|raw|Dragon is Uber's rating: 1482 &rarr; <strong>1497<\/strong><br \/>(+15 for winning)\n|l|\u2606Hoelympics\n|l|\u2606Dragon is Uber\n|j|\u2606Dragon is Uber\n|player|p2|Dragon is Uber|shadowtriad\n","uploadtime":1701121837,"views":5,"p1id":"hoelympics","p2id":"dragonisuber","formatid":"gen9ou","rating":1372,"private":0,"password":""}