{"id":"gen9ou-1991683712","p1":"har0tt","p2":"Joltinjoe18","format":"[Gen 9] OU","log":"|j|\u2606har0tt\n|j|\u2606Joltinjoe18\n|t:|1700102295\n|gametype|singles\n|player|p1|har0tt|ghetsis-gen5bw|1766\n|player|p2|Joltinjoe18|2|2007\n|teamsize|p1|6\n|teamsize|p2|6\n|gen|9\n|tier|[Gen 9] OU\n|rated|\n|rule|Sleep Clause Mod: Limit one foe put to sleep\n|rule|Species Clause: Limit one of each Pok\u00e9mon\n|rule|OHKO Clause: OHKO moves are banned\n|rule|Evasion Items Clause: Evasion items are banned\n|rule|Evasion Moves Clause: Evasion moves are banned\n|rule|Endless Battle Clause: Forcing endless battles is banned\n|rule|HP Percentage Mod: HP is shown in percentages\n|clearpoke\n|poke|p1|Pelipper, M|\n|poke|p1|Volcanion|\n|poke|p1|Barraskewda, M|\n|poke|p1|Zapdos|\n|poke|p1|Corviknight, F|\n|poke|p1|Tornadus-Therian, M|\n|poke|p2|Garganacl, M|\n|poke|p2|Great Tusk|\n|poke|p2|Gholdengo|\n|poke|p2|Iron Valiant|\n|poke|p2|Dragonite, M|\n|poke|p2|Zapdos|\n|teampreview\n|inactive|Battle timer is ON: inactive players will automatically lose when time's up. (requested by har0tt)\n|\n|t:|1700102322\n|start\n|switch|p1a: my besto friendo|Tornadus-Therian, M|100\/100\n|switch|p2a: Great Tusk|Great Tusk|100\/100\n|turn|1\n|\n|t:|1700102328\n|-end|p2a: Great Tusk|Protosynthesis|[silent]\n|switch|p2a: Zapdos|Zapdos|100\/100\n|move|p1a: my besto friendo|Hurricane|p2a: Zapdos\n|-resisted|p2a: Zapdos\n|-damage|p2a: Zapdos|87\/100\n|\n|upkeep\n|turn|2\n|\n|t:|1700102331\n|move|p1a: my besto friendo|Knock Off|p2a: Zapdos\n|-damage|p2a: Zapdos|66\/100\n|-enditem|p2a: Zapdos|Heavy-Duty Boots|[from] move: Knock Off|[of] p1a: my besto friendo\n|move|p2a: Zapdos|Discharge|p1a: my besto friendo\n|-supereffective|p1a: my besto friendo\n|-damage|p1a: my besto friendo|71\/100\n|-status|p1a: my besto friendo|par\n|\n|upkeep\n|turn|3\n|\n|t:|1700102340\n|switch|p2a: Great Tusk|Great Tusk|100\/100\n|cant|p1a: my besto friendo|par\n|\n|upkeep\n|turn|4\n|j| t-modesty\n|\n|t:|1700102345\n|switch|p1a: bi-curious|Pelipper, M, shiny|100\/100\n|-weather|RainDance|[from] ability: Drizzle|[of] p1a: bi-curious\n|move|p2a: Great Tusk|Stealth Rock|p1a: bi-curious\n|-sidestart|p1: har0tt|move: Stealth Rock\n|\n|-weather|RainDance|[upkeep]\n|upkeep\n|turn|5\n|\n|t:|1700102348\n|move|p2a: Great Tusk|Knock Off|p1a: bi-curious\n|-damage|p1a: bi-curious|67\/100\n|-enditem|p1a: bi-curious|Damp Rock|[from] move: Knock Off|[of] p2a: Great Tusk\n|move|p1a: bi-curious|Weather Ball|p2a: Great Tusk\n|-supereffective|p2a: Great Tusk\n|-damage|p2a: Great Tusk|0 fnt\n|faint|p2a: Great Tusk\n|-end|p2a: Great Tusk|Protosynthesis|[silent]\n|\n|-weather|RainDance|[upkeep]\n|upkeep\n|\n|t:|1700102351\n|switch|p2a: Zapdos|Zapdos|66\/100\n|turn|6\n|\n|t:|1700102367\n|-terastallize|p1a: bi-curious|Ground\n|move|p2a: Zapdos|Discharge|p1a: bi-curious\n|-immune|p1a: bi-curious\n|move|p1a: bi-curious|U-turn|p2a: Zapdos\n|-resisted|p2a: Zapdos\n|-damage|p2a: Zapdos|62\/100\n|-status|p1a: bi-curious|par|[from] ability: Static|[of] p2a: Zapdos\n|\n|t:|1700102371\n|switch|p1a: dont mute me mods|Barraskewda, M, shiny|100\/100|[from] U-turn\n|-damage|p1a: dont mute me mods|88\/100|[from] Stealth Rock\n|\n|-weather|RainDance|[upkeep]\n|upkeep\n|turn|7\n|\n|t:|1700102376\n|switch|p2a: Dragonite|Dragonite, M|100\/100\n|move|p1a: dont mute me mods|Flip Turn|p2a: Dragonite\n|-resisted|p2a: Dragonite\n|-damage|p2a: Dragonite|82\/100\n|\n|t:|1700102380\n|switch|p1a: rodrigo de paul|Corviknight, F|100\/100|[from] Flip Turn\n|-damage|p1a: rodrigo de paul|88\/100|[from] Stealth Rock\n|-ability|p1a: rodrigo de paul|Pressure\n|\n|-weather|RainDance|[upkeep]\n|upkeep\n|turn|8\n|\n|t:|1700102382\n|switch|p2a: Gholdengo|Gholdengo|100\/100\n|-item|p2a: Gholdengo|Air Balloon\n|move|p1a: rodrigo de paul|U-turn|p2a: Gholdengo\n|-resisted|p2a: Gholdengo\n|-damage|p2a: Gholdengo|98\/100\n|-enditem|p2a: Gholdengo|Air Balloon\n|\n|t:|1700102385\n|switch|p1a: dont mute me mods|Barraskewda, M, shiny|88\/100|[from] U-turn\n|-damage|p1a: dont mute me mods|75\/100|[from] Stealth Rock\n|\n|-weather|RainDance|[upkeep]\n|upkeep\n|turn|9\n|\n|t:|1700102401\n|move|p1a: dont mute me mods|Liquidation|p2a: Gholdengo\n|-damage|p2a: Gholdengo|24\/100\n|move|p2a: Gholdengo|Shadow Ball|p1a: dont mute me mods\n|-damage|p1a: dont mute me mods|0 fnt\n|faint|p1a: dont mute me mods\n|\n|-weather|RainDance|[upkeep]\n|upkeep\n|\n|t:|1700102410\n|switch|p1a: taser|Zapdos|100\/100\n|-damage|p1a: taser|76\/100|[from] Stealth Rock\n|turn|10\n|\n|t:|1700102413\n|move|p1a: taser|Volt Switch|p2a: Gholdengo\n|-damage|p2a: Gholdengo|0 fnt\n|faint|p2a: Gholdengo\n|j| Golem Rising\n|\n|t:|1700102423\n|switch|p1a: my besto friendo|Tornadus-Therian, M|100\/100 par|[from] Volt Switch\n|-damage|p1a: my besto friendo|76\/100 par|[from] Stealth Rock\n|\n|-weather|RainDance|[upkeep]\n|upkeep\n|\n|t:|1700102429\n|switch|p2a: Zapdos|Zapdos|62\/100\n|turn|11\n|\n|t:|1700102434\n|move|p2a: Zapdos|Roost|p2a: Zapdos\n|-heal|p2a: Zapdos|100\/100\n|-singleturn|p2a: Zapdos|move: Roost\n|cant|p1a: my besto friendo|par\n|\n|-weather|none\n|upkeep\n|turn|12\n|\n|t:|1700102437\n|move|p2a: Zapdos|Discharge|p1a: my besto friendo\n|-supereffective|p1a: my besto friendo\n|-damage|p1a: my besto friendo|46\/100 par\n|move|p1a: my besto friendo|U-turn|p2a: Zapdos\n|-resisted|p2a: Zapdos\n|-damage|p2a: Zapdos|92\/100\n|j| Bad Players\n|\n|t:|1700102455\n|switch|p1a: taser|Zapdos|76\/100|[from] U-turn\n|-damage|p1a: taser|51\/100|[from] Stealth Rock\n|\n|upkeep\n|turn|13\n|\n|t:|1700102458\n|move|p1a: taser|Thunder|p2a: Zapdos|[miss]\n|-miss|p1a: taser|p2a: Zapdos\n|move|p2a: Zapdos|Roost|p2a: Zapdos\n|-heal|p2a: Zapdos|100\/100\n|-singleturn|p2a: Zapdos|move: Roost\n|\n|upkeep\n|turn|14\n|\n|t:|1700102461\n|move|p1a: taser|Thunder|p2a: Zapdos\n|-damage|p2a: Zapdos|57\/100\n|move|p2a: Zapdos|Discharge|p1a: taser\n|-damage|p1a: taser|12\/100\n|\n|upkeep\n|turn|15\n|\n|t:|1700102466\n|move|p1a: taser|Thunder|p2a: Zapdos\n|-damage|p2a: Zapdos|16\/100\n|move|p2a: Zapdos|Discharge|p1a: taser\n|-damage|p1a: taser|0 fnt\n|faint|p1a: taser\n|\n|upkeep\n|\n|t:|1700102478\n|switch|p1a: bi-curious|Pelipper, M, shiny, tera:Ground|67\/100 par\n|-damage|p1a: bi-curious|61\/100 par|[from] Stealth Rock\n|-weather|RainDance|[from] ability: Drizzle|[of] p1a: bi-curious\n|turn|16\n|\n|t:|1700102481\n|move|p2a: Zapdos|Roost|p2a: Zapdos\n|-heal|p2a: Zapdos|66\/100\n|-singleturn|p2a: Zapdos|move: Roost\n|cant|p1a: bi-curious|par\n|\n|-weather|RainDance|[upkeep]\n|upkeep\n|turn|17\n|\n|t:|1700102489\n|move|p2a: Zapdos|Hurricane|p1a: bi-curious\n|-damage|p1a: bi-curious|0 fnt\n|faint|p1a: bi-curious\n|\n|-weather|RainDance|[upkeep]\n|upkeep\n|\n|t:|1700102492\n|switch|p1a: UBLAHAHGJAAH|Volcanion|100\/100\n|-damage|p1a: UBLAHAHGJAAH|76\/100|[from] Stealth Rock\n|turn|18\n|\n|t:|1700102494\n|move|p1a: UBLAHAHGJAAH|Steam Eruption|p2a: Zapdos\n|-damage|p2a: Zapdos|0 fnt\n|faint|p2a: Zapdos\n|\n|-weather|RainDance|[upkeep]\n|upkeep\n|\n|t:|1700102496\n|switch|p2a: Garganacl|Garganacl, M|100\/100\n|turn|19\n|\n|t:|1700102499\n|-terastallize|p2a: Garganacl|Water\n|move|p1a: UBLAHAHGJAAH|Steam Eruption|p2a: Garganacl\n|-resisted|p2a: Garganacl\n|-damage|p2a: Garganacl|40\/100\n|move|p2a: Garganacl|Curse|p2a: Garganacl\n|-unboost|p2a: Garganacl|spe|1\n|-boost|p2a: Garganacl|atk|1\n|-boost|p2a: Garganacl|def|1\n|\n|-weather|RainDance|[upkeep]\n|-heal|p2a: Garganacl|46\/100|[from] item: Leftovers\n|upkeep\n|turn|20\n|\n|t:|1700102505\n|switch|p2a: Dragonite|Dragonite, M|82\/100\n|move|p1a: UBLAHAHGJAAH|Steam Eruption|p2a: Dragonite\n|-resisted|p2a: Dragonite\n|-damage|p2a: Dragonite|1\/100\n|\n|-weather|none\n|upkeep\n|turn|21\n|\n|t:|1700102509\n|move|p2a: Dragonite|Extreme Speed|p1a: UBLAHAHGJAAH\n|-damage|p1a: UBLAHAHGJAAH|45\/100\n|move|p1a: UBLAHAHGJAAH|Steam Eruption|p2a: Dragonite\n|-resisted|p2a: Dragonite\n|-damage|p2a: Dragonite|0 fnt\n|faint|p2a: Dragonite\n|\n|upkeep\n|\n|t:|1700102512\n|switch|p2a: Garganacl|Garganacl, M, tera:Water|46\/100\n|turn|22\n|\n|t:|1700102515\n|move|p1a: UBLAHAHGJAAH|Steam Eruption|p2a: Garganacl\n|-resisted|p2a: Garganacl\n|-damage|p2a: Garganacl|7\/100\n|move|p2a: Garganacl|Recover|p2a: Garganacl\n|-heal|p2a: Garganacl|57\/100\n|\n|-heal|p2a: Garganacl|63\/100|[from] item: Leftovers\n|upkeep\n|turn|23\n|\n|t:|1700102518\n|move|p1a: UBLAHAHGJAAH|Steam Eruption|p2a: Garganacl\n|-resisted|p2a: Garganacl\n|-damage|p2a: Garganacl|25\/100\n|move|p2a: Garganacl|Recover|p2a: Garganacl\n|-heal|p2a: Garganacl|75\/100\n|\n|-heal|p2a: Garganacl|82\/100|[from] item: Leftovers\n|upkeep\n|turn|24\n|\n|t:|1700102522\n|move|p1a: UBLAHAHGJAAH|Steam Eruption|p2a: Garganacl\n|-resisted|p2a: Garganacl\n|-damage|p2a: Garganacl|41\/100\n|move|p2a: Garganacl|Recover|p2a: Garganacl\n|-heal|p2a: Garganacl|91\/100\n|\n|-heal|p2a: Garganacl|97\/100|[from] item: Leftovers\n|upkeep\n|turn|25\n|\n|t:|1700102527\n|move|p1a: UBLAHAHGJAAH|Steam Eruption|p2a: Garganacl\n|-resisted|p2a: Garganacl\n|-damage|p2a: Garganacl|60\/100\n|move|p2a: Garganacl|Curse|p2a: Garganacl\n|-unboost|p2a: Garganacl|spe|1\n|-boost|p2a: Garganacl|atk|1\n|-boost|p2a: Garganacl|def|1\n|\n|-heal|p2a: Garganacl|67\/100|[from] item: Leftovers\n|upkeep\n|turn|26\n|\n|t:|1700102532\n|switch|p1a: my besto friendo|Tornadus-Therian, M|79\/100 par\n|-damage|p1a: my besto friendo|54\/100 par|[from] Stealth Rock\n|move|p2a: Garganacl|Salt Cure|p1a: my besto friendo\n|-supereffective|p1a: my besto friendo\n|-damage|p1a: my besto friendo|9\/100 par\n|-start|p1a: my besto friendo|Salt Cure\n|\n|-heal|p2a: Garganacl|73\/100|[from] item: Leftovers\n|-damage|p1a: my besto friendo|0 fnt|[from] Salt Cure\n|faint|p1a: my besto friendo\n|upkeep\n|\n|t:|1700102534\n|switch|p1a: UBLAHAHGJAAH|Volcanion|45\/100\n|-damage|p1a: UBLAHAHGJAAH|20\/100|[from] Stealth Rock\n|turn|27\n|\n|t:|1700102536\n|move|p1a: UBLAHAHGJAAH|Sludge Bomb|p2a: Garganacl\n|-damage|p2a: Garganacl|30\/100\n|move|p2a: Garganacl|Salt Cure|p1a: UBLAHAHGJAAH\n|-supereffective|p1a: UBLAHAHGJAAH\n|-damage|p1a: UBLAHAHGJAAH|0 fnt\n|faint|p1a: UBLAHAHGJAAH\n|\n|-heal|p2a: Garganacl|36\/100|[from] item: Leftovers\n|upkeep\n|c| Golem Rising|DR OKTOGONOPUS BLAHAHGJAAH\n|\n|t:|1700102540\n|switch|p1a: rodrigo de paul|Corviknight, F|88\/100\n|-damage|p1a: rodrigo de paul|75\/100|[from] Stealth Rock\n|-ability|p1a: rodrigo de paul|Pressure\n|turn|28\n|\n|t:|1700102543\n|move|p1a: rodrigo de paul|Body Press|p2a: Garganacl\n|-damage|p2a: Garganacl|27\/100\n|move|p2a: Garganacl|Salt Cure|p1a: rodrigo de paul\n|-damage|p1a: rodrigo de paul|62\/100\n|-start|p1a: rodrigo de paul|Salt Cure\n|\n|-heal|p2a: Garganacl|33\/100|[from] item: Leftovers\n|-damage|p1a: rodrigo de paul|37\/100|[from] Salt Cure\n|upkeep\n|turn|29\n|-message|har0tt forfeited.\n|\n|win|Joltinjoe18\n|raw|har0tt's rating: 1766 &rarr; <strong>1758<\/strong><br \/>(-8 for losing)\n|raw|Joltinjoe18's rating: 2007 &rarr; <strong>2015<\/strong><br \/>(+8 for winning)\n|l|\u2606har0tt\n|c|\u2606Joltinjoe18|gg\n","uploadtime":1700102574,"views":109,"p1id":"har0tt","p2id":"joltinjoe18","formatid":"gen9ou","rating":1758,"private":0,"password":""}