{"id":"gen9ou-1992533603","p1":"CaterpieSenpai6","p2":"FittedCrib04","format":"[Gen 9] OU","log":"|j|\u2606CaterpieSenpai6\n|j|\u2606FittedCrib04\n|t:|1700200994\n|gametype|singles\n|player|p1|CaterpieSenpai6|cheryl|1104\n|player|p2|FittedCrib04|102|1210\n|teamsize|p1|6\n|teamsize|p2|6\n|gen|9\n|tier|[Gen 9] OU\n|rated|\n|rule|Sleep Clause Mod: Limit one foe put to sleep\n|rule|Species Clause: Limit one of each Pok\u00e9mon\n|rule|OHKO Clause: OHKO moves are banned\n|rule|Evasion Items Clause: Evasion items are banned\n|rule|Evasion Moves Clause: Evasion moves are banned\n|rule|Endless Battle Clause: Forcing endless battles is banned\n|rule|HP Percentage Mod: HP is shown in percentages\n|clearpoke\n|poke|p1|Samurott-Hisui, M|\n|poke|p1|Gholdengo|\n|poke|p1|Ceruledge, M|\n|poke|p1|Rillaboom, F|\n|poke|p1|Zamazenta-*|\n|poke|p1|Great Tusk|\n|poke|p2|Salazzle, F|\n|poke|p2|Gastrodon, F|\n|poke|p2|Chesnaught, F|\n|poke|p2|Mismagius, F|\n|poke|p2|Avalugg-Hisui, F|\n|poke|p2|Yanmega, F|\n|teampreview\n|\n|t:|1700201002\n|start\n|switch|p1a: Gholdengo|Gholdengo|100\/100\n|switch|p2a: Chesnaught|Chesnaught, F|100\/100\n|turn|1\n|\n|t:|1700201015\n|switch|p1a: Ceruledge|Ceruledge, M, shiny|100\/100\n|move|p2a: Chesnaught|Knock Off|p1a: Ceruledge\n|-supereffective|p1a: Ceruledge\n|-damage|p1a: Ceruledge|45\/100\n|-ability|p1a: Ceruledge|Weak Armor|boost\n|-unboost|p1a: Ceruledge|def|1\n|-boost|p1a: Ceruledge|spe|2\n|-enditem|p1a: Ceruledge|Focus Sash|[from] move: Knock Off|[of] p2a: Chesnaught\n|\n|upkeep\n|turn|2\n|\n|t:|1700201044\n|switch|p2a: Mismagius|Mismagius, F|100\/100\n|move|p1a: Ceruledge|Bitter Blade|p2a: Mismagius\n|-damage|p2a: Mismagius|2\/100\n|-heal|p1a: Ceruledge|89\/100|[from] drain|[of] p2a: Mismagius\n|\n|upkeep\n|turn|3\n|\n|t:|1700201052\n|move|p1a: Ceruledge|Shadow Sneak|p2a: Mismagius\n|-supereffective|p2a: Mismagius\n|-damage|p2a: Mismagius|0 fnt\n|faint|p2a: Mismagius\n|\n|upkeep\n|\n|t:|1700201055\n|switch|p2a: Avalugg|Avalugg-Hisui, F|100\/100\n|turn|4\n|\n|t:|1700201069\n|switch|p2a: Gastrodon|Gastrodon, F|100\/100\n|move|p1a: Ceruledge|Bitter Blade|p2a: Gastrodon\n|-resisted|p2a: Gastrodon\n|-damage|p2a: Gastrodon|73\/100\n|-heal|p1a: Ceruledge|100\/100|[from] drain|[of] p2a: Gastrodon\n|\n|-heal|p2a: Gastrodon|79\/100|[from] item: Leftovers\n|upkeep\n|turn|5\n|\n|t:|1700201079\n|-terastallize|p1a: Ceruledge|Fairy\n|move|p1a: Ceruledge|Swords Dance|p1a: Ceruledge\n|-boost|p1a: Ceruledge|atk|2\n|move|p2a: Gastrodon|Earth Power|p1a: Ceruledge\n|-damage|p1a: Ceruledge|68\/100\n|-unboost|p1a: Ceruledge|spd|1\n|\n|-heal|p2a: Gastrodon|85\/100|[from] item: Leftovers\n|upkeep\n|turn|6\n|\n|t:|1700201088\n|move|p1a: Ceruledge|Shadow Sneak|p2a: Gastrodon\n|-damage|p2a: Gastrodon|38\/100\n|move|p2a: Gastrodon|Ice Beam|p1a: Ceruledge\n|-damage|p1a: Ceruledge|36\/100\n|\n|-heal|p2a: Gastrodon|44\/100|[from] item: Leftovers\n|upkeep\n|turn|7\n|\n|t:|1700201096\n|move|p1a: Ceruledge|Shadow Sneak|p2a: Gastrodon\n|-damage|p2a: Gastrodon|0 fnt\n|faint|p2a: Gastrodon\n|\n|upkeep\n|\n|t:|1700201106\n|switch|p2a: Yanmega|Yanmega, F|100\/100\n|turn|8\n|\n|t:|1700201113\n|move|p2a: Yanmega|Protect|p2a: Yanmega\n|-singleturn|p2a: Yanmega|Protect\n|move|p1a: Ceruledge|Bitter Blade|p2a: Yanmega\n|-activate|p2a: Yanmega|move: Protect\n|\n|-ability|p2a: Yanmega|Speed Boost|boost\n|-boost|p2a: Yanmega|spe|1\n|upkeep\n|turn|9\n|\n|t:|1700201126\n|move|p1a: Ceruledge|Bitter Blade|p2a: Yanmega\n|-supereffective|p2a: Yanmega\n|-damage|p2a: Yanmega|0 fnt\n|-heal|p1a: Ceruledge|90\/100|[from] drain|[of] p2a: Yanmega\n|faint|p2a: Yanmega\n|\n|upkeep\n|-message|FittedCrib04 forfeited.\n|\n|win|CaterpieSenpai6\n|raw|CaterpieSenpai6's rating: 1104 &rarr; <strong>1136<\/strong><br \/>(+32 for winning)\n|raw|FittedCrib04's rating: 1210 &rarr; <strong>1178<\/strong><br \/>(-32 for losing)\n|l|\u2606FittedCrib04\n","uploadtime":1700201138,"views":6,"p1id":"caterpiesenpai6","p2id":"fittedcrib04","formatid":"gen9ou","rating":1136,"private":0,"password":""}