{"id":"gen9ou-1996700275","p1":"me and the rza","p2":"Saimasseuh v10","format":"[Gen 9] OU","log":"|j|\u2606me and the rza\n|j|\u2606Saimasseuh v10\n|t:|1700711465\n|gametype|singles\n|player|p1|me and the rza|102|1838\n|player|p2|Saimasseuh v10|101|1842\n|teamsize|p1|6\n|teamsize|p2|6\n|gen|9\n|tier|[Gen 9] OU\n|rated|\n|rule|Sleep Clause Mod: Limit one foe put to sleep\n|rule|Species Clause: Limit one of each Pok\u00e9mon\n|rule|OHKO Clause: OHKO moves are banned\n|rule|Evasion Items Clause: Evasion items are banned\n|rule|Evasion Moves Clause: Evasion moves are banned\n|rule|Endless Battle Clause: Forcing endless battles is banned\n|rule|HP Percentage Mod: HP is shown in percentages\n|clearpoke\n|poke|p1|Dragonite, F|\n|poke|p1|Glimmora, F|\n|poke|p1|Kingambit, F|\n|poke|p1|Ogerpon-Wellspring, F|\n|poke|p1|Iron Valiant|\n|poke|p1|Gholdengo|\n|poke|p2|Ting-Lu|\n|poke|p2|Iron Valiant|\n|poke|p2|Clodsire, F|\n|poke|p2|Dragonite, M|\n|poke|p2|Gholdengo|\n|poke|p2|Great Tusk|\n|teampreview\n|inactive|Battle timer is ON: inactive players will automatically lose when time's up. (requested by Saimasseuh v10)\n|j| Light Tbuild\n|\n|t:|1700711478\n|start\n|switch|p1a: Glimmora|Glimmora, F|100\/100\n|switch|p2a: Clodsire|Clodsire, F|100\/100\n|turn|1\n|\n|t:|1700711480\n|move|p1a: Glimmora|Earth Power|p2a: Clodsire\n|-supereffective|p2a: Clodsire\n|-damage|p2a: Clodsire|52\/100\n|move|p2a: Clodsire|Earthquake|p1a: Glimmora\n|-supereffective|p1a: Glimmora\n|-crit|p1a: Glimmora\n|-enditem|p1a: Glimmora|Focus Sash\n|-damage|p1a: Glimmora|1\/100\n|-activate|p1a: Glimmora|ability: Toxic Debris\n|-sidestart|p2: Saimasseuh v10|move: Toxic Spikes\n|\n|-heal|p2a: Clodsire|58\/100|[from] item: Black Sludge\n|upkeep\n|turn|2\n|j| dfghhhg\n|\n|t:|1700711488\n|move|p1a: Glimmora|Stealth Rock|p2a: Clodsire\n|-sidestart|p2: Saimasseuh v10|move: Stealth Rock\n|move|p2a: Clodsire|Toxic Spikes|p1a: Glimmora\n|-sidestart|p1: me and the rza|move: Toxic Spikes\n|\n|-heal|p2a: Clodsire|64\/100|[from] item: Black Sludge\n|upkeep\n|turn|3\n|\n|t:|1700711497\n|move|p1a: Glimmora|Earth Power|p2a: Clodsire\n|-supereffective|p2a: Clodsire\n|-damage|p2a: Clodsire|21\/100\n|-unboost|p2a: Clodsire|spd|1\n|move|p2a: Clodsire|Recover|p2a: Clodsire\n|-heal|p2a: Clodsire|71\/100\n|\n|-heal|p2a: Clodsire|77\/100|[from] item: Black Sludge\n|upkeep\n|turn|4\n|\n|t:|1700711503\n|switch|p2a: Dragonite|Dragonite, M|100\/100\n|move|p1a: Glimmora|Mortal Spin|p2a: Dragonite\n|-damage|p2a: Dragonite|97\/100\n|-status|p2a: Dragonite|psn\n|-sideend|p1: me and the rza|Toxic Spikes|[from] move: Mortal Spin|[of] p1a: Glimmora\n|\n|-damage|p2a: Dragonite|85\/100 psn|[from] psn\n|upkeep\n|turn|5\n|\n|t:|1700711510\n|switch|p1a: Gholdengo|Gholdengo|100\/100\n|move|p2a: Dragonite|Extreme Speed|p1a: Gholdengo\n|-immune|p1a: Gholdengo\n|\n|-damage|p2a: Dragonite|73\/100 psn|[from] psn\n|upkeep\n|turn|6\n|j| SwabbyYabby\n|j| Jontrendline\n|\n|t:|1700711525\n|move|p1a: Gholdengo|Make It Rain|p2a: Dragonite\n|-damage|p2a: Dragonite|0 fnt\n|-unboost|p1a: Gholdengo|spa|1\n|faint|p2a: Dragonite\n|\n|upkeep\n|\n|t:|1700711532\n|switch|p2a: Ting-Lu|Ting-Lu|100\/100\n|-status|p2a: Ting-Lu|psn\n|-damage|p2a: Ting-Lu|94\/100 psn|[from] Stealth Rock\n|-ability|p2a: Ting-Lu|Vessel of Ruin\n|turn|7\n|\n|t:|1700711536\n|switch|p1a: Glimmora|Glimmora, F|1\/100\n|move|p2a: Ting-Lu|Stealth Rock|p1a: Glimmora\n|-sidestart|p1: me and the rza|move: Stealth Rock\n|\n|-heal|p2a: Ting-Lu|100\/100 psn|[from] item: Leftovers\n|-damage|p2a: Ting-Lu|88\/100 psn|[from] psn\n|upkeep\n|turn|8\n|\n|t:|1700711538\n|move|p1a: Glimmora|Mortal Spin|p2a: Ting-Lu\n|-resisted|p2a: Ting-Lu\n|-damage|p2a: Ting-Lu|86\/100 psn\n|-sideend|p1: me and the rza|Stealth Rock|[from] move: Mortal Spin|[of] p1a: Glimmora\n|move|p2a: Ting-Lu|Spikes|p1a: Glimmora\n|-sidestart|p1: me and the rza|Spikes\n|\n|-heal|p2a: Ting-Lu|93\/100 psn|[from] item: Leftovers\n|-damage|p2a: Ting-Lu|80\/100 psn|[from] psn\n|upkeep\n|turn|9\n|\n|t:|1700711542\n|move|p1a: Glimmora|Mortal Spin|p2a: Ting-Lu\n|-resisted|p2a: Ting-Lu\n|-damage|p2a: Ting-Lu|79\/100 psn\n|-sideend|p1: me and the rza|Spikes|[from] move: Mortal Spin|[of] p1a: Glimmora\n|move|p2a: Ting-Lu|Stealth Rock|p1a: Glimmora\n|-sidestart|p1: me and the rza|move: Stealth Rock\n|\n|-heal|p2a: Ting-Lu|85\/100 psn|[from] item: Leftovers\n|-damage|p2a: Ting-Lu|72\/100 psn|[from] psn\n|upkeep\n|turn|10\n|\n|t:|1700711544\n|switch|p2a: Gholdengo|Gholdengo|100\/100\n|-damage|p2a: Gholdengo|94\/100|[from] Stealth Rock\n|move|p1a: Glimmora|Mortal Spin|p2a: Gholdengo\n|-immune|p2a: Gholdengo\n|\n|upkeep\n|turn|11\n|\n|t:|1700711545\n|move|p2a: Gholdengo|Shadow Ball|p1a: Glimmora\n|-damage|p1a: Glimmora|0 fnt\n|faint|p1a: Glimmora\n|\n|upkeep\n|\n|t:|1700711549\n|switch|p1a: Kingambit|Kingambit, F|100\/100\n|-damage|p1a: Kingambit|94\/100|[from] Stealth Rock\n|-activate|p1a: Kingambit|ability: Supreme Overlord\n|-start|p1a: Kingambit|fallen1|[silent]\n|turn|12\n|\n|t:|1700711560\n|switch|p2a: Clodsire|Clodsire, F|77\/100\n|-sideend|p2: Saimasseuh v10|move: Toxic Spikes|[of] p2a: Clodsire\n|-damage|p2a: Clodsire|71\/100|[from] Stealth Rock\n|move|p1a: Kingambit|Iron Head|p2a: Clodsire\n|-damage|p2a: Clodsire|36\/100\n|\n|-heal|p1a: Kingambit|100\/100|[from] item: Leftovers\n|-heal|p2a: Clodsire|42\/100|[from] item: Black Sludge\n|upkeep\n|turn|13\n|\n|t:|1700711567\n|switch|p2a: Great Tusk|Great Tusk|100\/100\n|-damage|p2a: Great Tusk|98\/100|[from] Stealth Rock\n|move|p1a: Kingambit|Kowtow Cleave|p2a: Great Tusk\n|-resisted|p2a: Great Tusk\n|-damage|p2a: Great Tusk|84\/100\n|\n|-heal|p2a: Great Tusk|91\/100|[from] item: Leftovers\n|upkeep\n|turn|14\n|\n|t:|1700711571\n|-end|p1a: Kingambit|fallen1|[silent]\n|switch|p1a: Iron Valiant|Iron Valiant|100\/100\n|-damage|p1a: Iron Valiant|94\/100|[from] Stealth Rock\n|-enditem|p1a: Iron Valiant|Booster Energy\n|-activate|p1a: Iron Valiant|ability: Quark Drive|[fromitem]\n|-start|p1a: Iron Valiant|quarkdrivespe\n|move|p2a: Great Tusk|Knock Off|p1a: Iron Valiant\n|-resisted|p1a: Iron Valiant\n|-damage|p1a: Iron Valiant|88\/100\n|\n|-heal|p2a: Great Tusk|97\/100|[from] item: Leftovers\n|upkeep\n|turn|15\n|j| Tlub\n|\n|t:|1700711583\n|-end|p2a: Great Tusk|Protosynthesis|[silent]\n|switch|p2a: Ting-Lu|Ting-Lu|72\/100 psn\n|-damage|p2a: Ting-Lu|66\/100 psn|[from] Stealth Rock\n|-ability|p2a: Ting-Lu|Vessel of Ruin\n|move|p1a: Iron Valiant|Knock Off|p2a: Ting-Lu\n|-resisted|p2a: Ting-Lu\n|-damage|p2a: Ting-Lu|57\/100 psn\n|-enditem|p2a: Ting-Lu|Leftovers|[from] move: Knock Off|[of] p1a: Iron Valiant\n|\n|-damage|p2a: Ting-Lu|45\/100 psn|[from] psn\n|upkeep\n|turn|16\n|\n|t:|1700711590\n|move|p1a: Iron Valiant|Close Combat|p2a: Ting-Lu\n|-supereffective|p2a: Ting-Lu\n|-damage|p2a: Ting-Lu|0 fnt\n|-unboost|p1a: Iron Valiant|def|1\n|-unboost|p1a: Iron Valiant|spd|1\n|faint|p2a: Ting-Lu\n|\n|upkeep\n|\n|t:|1700711592\n|switch|p2a: Clodsire|Clodsire, F|42\/100\n|-damage|p2a: Clodsire|36\/100|[from] Stealth Rock\n|turn|17\n|\n|t:|1700711605\n|move|p1a: Iron Valiant|Knock Off|p2a: Clodsire\n|-damage|p2a: Clodsire|11\/100\n|-enditem|p2a: Clodsire|Black Sludge|[from] move: Knock Off|[of] p1a: Iron Valiant\n|move|p2a: Clodsire|Poison Jab|p1a: Iron Valiant\n|-supereffective|p1a: Iron Valiant\n|-crit|p1a: Iron Valiant\n|-damage|p1a: Iron Valiant|0 fnt\n|faint|p1a: Iron Valiant\n|-end|p1a: Iron Valiant|Quark Drive|[silent]\n|\n|upkeep\n|\n|t:|1700711614\n|switch|p1a: Ogerpon|Ogerpon-Wellspring, F|100\/100\n|-damage|p1a: Ogerpon|88\/100|[from] Stealth Rock\n|turn|18\n|\n|t:|1700711622\n|switch|p2a: Gholdengo|Gholdengo|94\/100\n|-damage|p2a: Gholdengo|88\/100|[from] Stealth Rock\n|move|p1a: Ogerpon|Trailblaze|p2a: Gholdengo\n|-resisted|p2a: Gholdengo\n|-damage|p2a: Gholdengo|75\/100\n|-boost|p1a: Ogerpon|spe|1\n|\n|upkeep\n|turn|19\n|inactive|me and the rza has 120 seconds left.\n|\n|t:|1700711659\n|switch|p2a: Clodsire|Clodsire, F|11\/100\n|-damage|p2a: Clodsire|4\/100|[from] Stealth Rock\n|move|p1a: Ogerpon|Ivy Cudgel|p2a: Clodsire|[anim] Ivy Cudgel Water\n|-heal|p2a: Clodsire|29\/100|[from] ability: Water Absorb|[of] p1a: Ogerpon\n|\n|upkeep\n|turn|20\n|inactive|me and the rza has 120 seconds left.\n|\n|t:|1700711666\n|-terastallize|p2a: Clodsire|Poison\n|move|p1a: Ogerpon|Zen Headbutt|p2a: Clodsire\n|-supereffective|p2a: Clodsire\n|-damage|p2a: Clodsire|0 fnt\n|faint|p2a: Clodsire\n|\n|upkeep\n|j| Metaloid\n|\n|t:|1700711671\n|switch|p2a: Iron Valiant|Iron Valiant|100\/100\n|-damage|p2a: Iron Valiant|94\/100|[from] Stealth Rock\n|turn|21\n|\n|t:|1700711678\n|move|p1a: Ogerpon|Ivy Cudgel|p2a: Iron Valiant|[anim] Ivy Cudgel Water\n|-damage|p2a: Iron Valiant|18\/100\n|move|p2a: Iron Valiant|Moonblast|p1a: Ogerpon\n|-damage|p1a: Ogerpon|0 fnt\n|faint|p1a: Ogerpon\n|\n|upkeep\n|\n|t:|1700711684\n|switch|p1a: Gholdengo|Gholdengo|100\/100\n|-damage|p1a: Gholdengo|94\/100|[from] Stealth Rock\n|turn|22\n|\n|t:|1700711690\n|move|p1a: Gholdengo|Shadow Ball|p2a: Iron Valiant\n|-damage|p2a: Iron Valiant|0 fnt\n|faint|p2a: Iron Valiant\n|-end|p2a: Iron Valiant|Quark Drive|[silent]\n|\n|upkeep\n|\n|t:|1700711692\n|switch|p2a: Gholdengo|Gholdengo|75\/100\n|-damage|p2a: Gholdengo|68\/100|[from] Stealth Rock\n|turn|23\n|\n|t:|1700711702\n|switch|p1a: Kingambit|Kingambit, F|100\/100\n|-damage|p1a: Kingambit|94\/100|[from] Stealth Rock\n|-activate|p1a: Kingambit|ability: Supreme Overlord\n|-start|p1a: Kingambit|fallen3|[silent]\n|move|p2a: Gholdengo|Shadow Ball|p1a: Kingambit\n|-resisted|p1a: Kingambit\n|-damage|p1a: Kingambit|77\/100\n|\n|-heal|p1a: Kingambit|83\/100|[from] item: Leftovers\n|upkeep\n|turn|24\n|\n|t:|1700711708\n|move|p2a: Gholdengo|Shadow Ball|p1a: Kingambit\n|-resisted|p1a: Kingambit\n|-damage|p1a: Kingambit|66\/100\n|move|p1a: Kingambit|Iron Head|p2a: Gholdengo\n|-resisted|p2a: Gholdengo\n|-damage|p2a: Gholdengo|39\/100\n|\n|-heal|p1a: Kingambit|72\/100|[from] item: Leftovers\n|upkeep\n|turn|25\n|j| encostoo\n|\n|t:|1700711715\n|move|p2a: Gholdengo|Shadow Ball|p1a: Kingambit\n|-resisted|p1a: Kingambit\n|-damage|p1a: Kingambit|54\/100\n|move|p1a: Kingambit|Iron Head|p2a: Gholdengo\n|-resisted|p2a: Gholdengo\n|-damage|p2a: Gholdengo|11\/100\n|\n|-heal|p1a: Kingambit|60\/100|[from] item: Leftovers\n|upkeep\n|turn|26\n|\n|t:|1700711717\n|switch|p2a: Great Tusk|Great Tusk|97\/100\n|-damage|p2a: Great Tusk|94\/100|[from] Stealth Rock\n|move|p1a: Kingambit|Sucker Punch||[still]\n|-fail|p1a: Kingambit\n|\n|-heal|p2a: Great Tusk|99\/100|[from] item: Leftovers\n|-heal|p1a: Kingambit|66\/100|[from] item: Leftovers\n|upkeep\n|turn|27\n|\n|t:|1700711722\n|-end|p1a: Kingambit|fallen3|[silent]\n|switch|p1a: Gholdengo|Gholdengo|94\/100\n|-damage|p1a: Gholdengo|88\/100|[from] Stealth Rock\n|move|p2a: Great Tusk|Rapid Spin|p1a: Gholdengo\n|-immune|p1a: Gholdengo\n|\n|-heal|p2a: Great Tusk|100\/100|[from] item: Leftovers\n|upkeep\n|turn|28\n|\n|t:|1700711726\n|move|p1a: Gholdengo|Make It Rain|p2a: Great Tusk\n|-damage|p2a: Great Tusk|23\/100\n|-unboost|p1a: Gholdengo|spa|1\n|move|p2a: Great Tusk|Earthquake|p1a: Gholdengo\n|-supereffective|p1a: Gholdengo\n|-crit|p1a: Gholdengo\n|-damage|p1a: Gholdengo|0 fnt\n|faint|p1a: Gholdengo\n|\n|-heal|p2a: Great Tusk|29\/100|[from] item: Leftovers\n|upkeep\n|\n|t:|1700711744\n|switch|p1a: Kingambit|Kingambit, F|66\/100\n|-damage|p1a: Kingambit|60\/100|[from] Stealth Rock\n|-activate|p1a: Kingambit|ability: Supreme Overlord\n|-start|p1a: Kingambit|fallen4|[silent]\n|turn|29\n|\n|t:|1700711750\n|-terastallize|p1a: Kingambit|Flying\n|move|p2a: Great Tusk|Rapid Spin|p1a: Kingambit\n|-damage|p1a: Kingambit|49\/100\n|-boost|p2a: Great Tusk|spe|1\n|-sideend|p2: Saimasseuh v10|Stealth Rock|[from] move: Rapid Spin|[of] p2a: Great Tusk\n|move|p1a: Kingambit|Iron Head|p2a: Great Tusk\n|-crit|p2a: Great Tusk\n|-damage|p2a: Great Tusk|0 fnt\n|faint|p2a: Great Tusk\n|-end|p2a: Great Tusk|Protosynthesis|[silent]\n|\n|-heal|p1a: Kingambit|55\/100|[from] item: Leftovers\n|upkeep\n|\n|t:|1700711753\n|switch|p2a: Gholdengo|Gholdengo|11\/100\n|turn|30\n|\n|t:|1700711764\n|-end|p1a: Kingambit|fallen4|[silent]\n|switch|p1a: Dragonite|Dragonite, F|100\/100\n|-damage|p1a: Dragonite|76\/100|[from] Stealth Rock\n|move|p2a: Gholdengo|Trick|p1a: Dragonite\n|-activate|p2a: Gholdengo|move: Trick|[of] p1a: Dragonite\n|-item|p1a: Dragonite|Choice Scarf|[from] move: Trick\n|-item|p2a: Gholdengo|Lum Berry|[from] move: Trick\n|\n|upkeep\n|turn|31\n|\n|t:|1700711771\n|move|p1a: Dragonite|Earthquake|p2a: Gholdengo\n|-supereffective|p2a: Gholdengo\n|-damage|p2a: Gholdengo|0 fnt\n|faint|p2a: Gholdengo\n|\n|win|me and the rza\n|raw|me and the rza's rating: 1838 &rarr; <strong>1858<\/strong><br \/>(+20 for winning)\n|raw|Saimasseuh v10's rating: 1842 &rarr; <strong>1822<\/strong><br \/>(-20 for losing)\n|l|\u2606Saimasseuh v10\n|c|\u2606me and the rza|gg\n|l| Light Tbuild\n|l|\u2606me and the rza\n|l| Tlub\n|j|\u2606me and the rza\n|player|p1|me and the rza|102\n","uploadtime":1700711825,"views":17,"p1id":"meandtherza","p2id":"saimasseuhv10","formatid":"gen9ou","rating":1822,"private":0,"password":""}