{"id":"gen9ou-1996096812","p1":"saler87","p2":"ChillLanturnYT","format":"[Gen 9] OU","log":"|j|\u2606saler87\n|j|\u2606ChillLanturnYT\n|t:|1700643550\n|gametype|singles\n|player|p1|saler87|170|1218\n|player|p2|ChillLanturnYT|palmer|1256\n|teamsize|p1|6\n|teamsize|p2|6\n|gen|9\n|tier|[Gen 9] OU\n|rated|\n|rule|Sleep Clause Mod: Limit one foe put to sleep\n|rule|Species Clause: Limit one of each Pok\u00e9mon\n|rule|OHKO Clause: OHKO moves are banned\n|rule|Evasion Items Clause: Evasion items are banned\n|rule|Evasion Moves Clause: Evasion moves are banned\n|rule|Endless Battle Clause: Forcing endless battles is banned\n|rule|HP Percentage Mod: HP is shown in percentages\n|clearpoke\n|poke|p1|Grimmsnarl, M|\n|poke|p1|Scizor, F|\n|poke|p1|Ceruledge, F|\n|poke|p1|Glimmora, F|\n|poke|p1|Iron Valiant|\n|poke|p1|Hydreigon, M|\n|poke|p2|Empoleon, F|\n|poke|p2|Milotic, M|\n|poke|p2|Primeape, M|\n|poke|p2|Great Tusk|\n|poke|p2|Lurantis, F|\n|poke|p2|Goodra-Hisui, M|\n|teampreview\n|\n|t:|1700643560\n|start\n|switch|p1a: Scizor|Scizor, F|100\/100\n|switch|p2a: Lurantis|Lurantis, F|100\/100\n|turn|1\n|\n|t:|1700643567\n|move|p1a: Scizor|U-turn|p2a: Lurantis\n|-supereffective|p2a: Lurantis\n|-damage|p2a: Lurantis|16\/100\n|\n|t:|1700643571\n|switch|p1a: Grimmsnarl|Grimmsnarl, M|100\/100|[from] U-turn\n|move|p2a: Lurantis|Superpower|p1a: Grimmsnarl\n|-damage|p1a: Grimmsnarl|63\/100\n|-boost|p2a: Lurantis|atk|1\n|-boost|p2a: Lurantis|def|1\n|\n|upkeep\n|turn|2\n|\n|t:|1700643579\n|move|p1a: Grimmsnarl|Reflect|p1a: Grimmsnarl\n|-sidestart|p1: saler87|Reflect\n|move|p2a: Lurantis|Poison Jab|p1a: Grimmsnarl\n|-supereffective|p1a: Grimmsnarl\n|-damage|p1a: Grimmsnarl|28\/100\n|-status|p1a: Grimmsnarl|psn\n|\n|-damage|p1a: Grimmsnarl|15\/100 psn|[from] psn\n|upkeep\n|turn|3\n|\n|t:|1700643589\n|switch|p1a: Scizor|Scizor, F|100\/100\n|move|p2a: Lurantis|Leaf Storm|p1a: Scizor\n|-resisted|p1a: Scizor\n|-damage|p1a: Scizor|88\/100\n|-boost|p2a: Lurantis|spa|2\n|\n|upkeep\n|turn|4\n|\n|t:|1700643597\n|move|p1a: Scizor|U-turn|p2a: Lurantis\n|-supereffective|p2a: Lurantis\n|-damage|p2a: Lurantis|0 fnt\n|faint|p2a: Lurantis\n|\n|t:|1700643621\n|switch|p1a: Hydreigon|Hydreigon, M|100\/100|[from] U-turn\n|\n|upkeep\n|\n|t:|1700643628\n|switch|p2a: Empoleon|Empoleon, F|100\/100\n|turn|5\n|\n|t:|1700643633\n|move|p1a: Hydreigon|Earth Power|p2a: Empoleon\n|-supereffective|p2a: Empoleon\n|-damage|p2a: Empoleon|47\/100\n|move|p2a: Empoleon|Ice Beam|p1a: Hydreigon\n|-supereffective|p1a: Hydreigon\n|-damage|p1a: Hydreigon|35\/100\n|\n|-heal|p2a: Empoleon|53\/100|[from] item: Leftovers\n|upkeep\n|turn|6\n|\n|t:|1700643648\n|-terastallize|p2a: Empoleon|Water\n|move|p1a: Hydreigon|Earth Power|p2a: Empoleon\n|-damage|p2a: Empoleon|24\/100\n|move|p2a: Empoleon|Roost|p2a: Empoleon\n|-heal|p2a: Empoleon|74\/100\n|\n|-heal|p2a: Empoleon|81\/100|[from] item: Leftovers\n|upkeep\n|turn|7\n|\n|t:|1700643661\n|move|p1a: Hydreigon|Dark Pulse|p2a: Empoleon\n|-damage|p2a: Empoleon|46\/100\n|move|p2a: Empoleon|Surf|p1a: Hydreigon\n|-resisted|p1a: Hydreigon\n|-damage|p1a: Hydreigon|1\/100\n|\n|-heal|p2a: Empoleon|52\/100|[from] item: Leftovers\n|upkeep\n|turn|8\n|\n|t:|1700643670\n|move|p1a: Hydreigon|Draco Meteor|p2a: Empoleon\n|-damage|p2a: Empoleon|0 fnt\n|-unboost|p1a: Hydreigon|spa|2\n|faint|p2a: Empoleon\n|\n|upkeep\n|\n|t:|1700643675\n|switch|p2a: Milotic|Milotic, M|100\/100\n|turn|9\n|\n|t:|1700643682\n|move|p1a: Hydreigon|Draco Meteor|p2a: Milotic\n|-damage|p2a: Milotic|82\/100\n|-unboost|p1a: Hydreigon|spa|2\n|move|p2a: Milotic|Coil|p2a: Milotic\n|-boost|p2a: Milotic|atk|1\n|-boost|p2a: Milotic|def|1\n|-boost|p2a: Milotic|accuracy|1\n|\n|-heal|p2a: Milotic|88\/100|[from] item: Leftovers\n|-sideend|p1: saler87|Reflect\n|upkeep\n|turn|10\n|\n|t:|1700643694\n|move|p1a: Hydreigon|Dark Pulse|p2a: Milotic\n|-damage|p2a: Milotic|80\/100\n|move|p2a: Milotic|Coil|p2a: Milotic\n|-boost|p2a: Milotic|atk|1\n|-boost|p2a: Milotic|def|1\n|-boost|p2a: Milotic|accuracy|1\n|\n|-heal|p2a: Milotic|86\/100|[from] item: Leftovers\n|upkeep\n|turn|11\n|\n|t:|1700643703\n|move|p1a: Hydreigon|Nasty Plot|p1a: Hydreigon\n|-boost|p1a: Hydreigon|spa|2\n|move|p2a: Milotic|Coil|p2a: Milotic\n|-boost|p2a: Milotic|atk|1\n|-boost|p2a: Milotic|def|1\n|-boost|p2a: Milotic|accuracy|1\n|\n|-heal|p2a: Milotic|92\/100|[from] item: Leftovers\n|upkeep\n|turn|12\n|\n|t:|1700643712\n|move|p1a: Hydreigon|Nasty Plot|p1a: Hydreigon\n|-boost|p1a: Hydreigon|spa|2\n|move|p2a: Milotic|Blizzard|p1a: Hydreigon\n|-supereffective|p1a: Hydreigon\n|-damage|p1a: Hydreigon|0 fnt\n|faint|p1a: Hydreigon\n|\n|-heal|p2a: Milotic|98\/100|[from] item: Leftovers\n|upkeep\n|\n|t:|1700643723\n|switch|p1a: Grimmsnarl|Grimmsnarl, M|15\/100 psn\n|turn|13\n|\n|t:|1700643727\n|move|p1a: Grimmsnarl|Reflect|p1a: Grimmsnarl\n|-sidestart|p1: saler87|Reflect\n|move|p2a: Milotic|Blizzard|p1a: Grimmsnarl\n|-damage|p1a: Grimmsnarl|0 fnt\n|faint|p1a: Grimmsnarl\n|\n|-heal|p2a: Milotic|100\/100|[from] item: Leftovers\n|upkeep\n|\n|t:|1700643739\n|switch|p1a: Iron Valiant|Iron Valiant|100\/100\n|-enditem|p1a: Iron Valiant|Booster Energy\n|-activate|p1a: Iron Valiant|ability: Quark Drive|[fromitem]\n|-start|p1a: Iron Valiant|quarkdrivespe\n|turn|14\n|\n|t:|1700643744\n|move|p1a: Iron Valiant|Calm Mind|p1a: Iron Valiant\n|-boost|p1a: Iron Valiant|spa|1\n|-boost|p1a: Iron Valiant|spd|1\n|move|p2a: Milotic|Hydro Pump|p1a: Iron Valiant\n|-damage|p1a: Iron Valiant|59\/100\n|\n|upkeep\n|turn|15\n|\n|t:|1700643753\n|move|p1a: Iron Valiant|Calm Mind|p1a: Iron Valiant\n|-boost|p1a: Iron Valiant|spa|1\n|-boost|p1a: Iron Valiant|spd|1\n|move|p2a: Milotic|Hydro Pump|p1a: Iron Valiant\n|-damage|p1a: Iron Valiant|25\/100\n|\n|upkeep\n|turn|16\n|\n|t:|1700643761\n|-terastallize|p1a: Iron Valiant|Electric\n|move|p1a: Iron Valiant|Thunderbolt|p2a: Milotic\n|-supereffective|p2a: Milotic\n|-damage|p2a: Milotic|0 fnt\n|faint|p2a: Milotic\n|\n|upkeep\n|\n|t:|1700643779\n|switch|p2a: Primeape|Primeape, M|100\/100\n|turn|17\n|\n|t:|1700643783\n|move|p1a: Iron Valiant|Moonblast|p2a: Primeape\n|-supereffective|p2a: Primeape\n|-damage|p2a: Primeape|0 fnt\n|faint|p2a: Primeape\n|\n|upkeep\n|\n|t:|1700643785\n|switch|p2a: Goodra|Goodra-Hisui, M|100\/100\n|turn|18\n|\n|t:|1700643793\n|move|p1a: Iron Valiant|Thunderbolt|p2a: Goodra\n|-resisted|p2a: Goodra\n|-damage|p2a: Goodra|69\/100\n|move|p2a: Goodra|Heavy Slam|p1a: Iron Valiant\n|-resisted|p1a: Iron Valiant\n|-damage|p1a: Iron Valiant|7\/100\n|\n|-heal|p2a: Goodra|75\/100|[from] item: Leftovers\n|upkeep\n|turn|19\n|\n|t:|1700643802\n|move|p1a: Iron Valiant|Thunderbolt|p2a: Goodra\n|-resisted|p2a: Goodra\n|-damage|p2a: Goodra|44\/100\n|move|p2a: Goodra|Heavy Slam|p1a: Iron Valiant\n|-resisted|p1a: Iron Valiant\n|-damage|p1a: Iron Valiant|0 fnt\n|faint|p1a: Iron Valiant\n|-end|p1a: Iron Valiant|Quark Drive|[silent]\n|\n|-heal|p2a: Goodra|50\/100|[from] item: Leftovers\n|upkeep\n|\n|t:|1700643813\n|switch|p1a: Glimmora|Glimmora, F|100\/100\n|turn|20\n|\n|t:|1700643818\n|move|p1a: Glimmora|Earth Power|p2a: Goodra\n|-supereffective|p2a: Goodra\n|-crit|p2a: Goodra\n|-damage|p2a: Goodra|0 fnt\n|faint|p2a: Goodra\n|\n|-sideend|p1: saler87|Reflect\n|upkeep\n|\n|t:|1700643821\n|switch|p2a: Great Tusk|Great Tusk|100\/100\n|turn|21\n|\n|t:|1700643828\n|move|p2a: Great Tusk|Earthquake|p1a: Glimmora\n|-supereffective|p1a: Glimmora\n|-damage|p1a: Glimmora|0 fnt\n|-activate|p1a: Glimmora|ability: Toxic Debris\n|-sidestart|p2: ChillLanturnYT|move: Toxic Spikes\n|faint|p1a: Glimmora\n|\n|upkeep\n|\n|t:|1700643835\n|switch|p1a: Scizor|Scizor, F|88\/100\n|turn|22\n|\n|t:|1700643840\n|move|p2a: Great Tusk|Earthquake|p1a: Scizor\n|-damage|p1a: Scizor|34\/100\n|move|p1a: Scizor|Swords Dance|p1a: Scizor\n|-boost|p1a: Scizor|atk|2\n|\n|upkeep\n|turn|23\n|\n|t:|1700643847\n|move|p1a: Scizor|Bullet Punch|p2a: Great Tusk\n|-damage|p2a: Great Tusk|43\/100\n|move|p2a: Great Tusk|Earthquake|p1a: Scizor\n|-damage|p1a: Scizor|0 fnt\n|faint|p1a: Scizor\n|\n|upkeep\n|\n|t:|1700643855\n|switch|p1a: Ceruledge|Ceruledge, F|100\/100\n|turn|24\n|\n|t:|1700643862\n|move|p2a: Great Tusk|Earthquake|p1a: Ceruledge\n|-supereffective|p1a: Ceruledge\n|-damage|p1a: Ceruledge|0 fnt\n|faint|p1a: Ceruledge\n|\n|win|ChillLanturnYT\n|raw|saler87's rating: 1218 &rarr; <strong>1196<\/strong><br \/>(-22 for losing)\n|raw|ChillLanturnYT's rating: 1256 &rarr; <strong>1278<\/strong><br \/>(+22 for winning)\n|l|\u2606saler87\n","uploadtime":1700643869,"views":0,"p1id":"saler87","p2id":"chilllanturnyt","formatid":"gen9ou","rating":1196,"private":0,"password":""}