{"id":"gen9ou-1999411702","p1":"aviex","p2":"Joeventi","format":"[Gen 9] OU","log":"|j|\u2606aviex\n|j|\u2606Joeventi\n|t:|1701076078\n|gametype|singles\n|player|p1|aviex|dawn-gen4pt|1443\n|player|p2|Joeventi|1|1453\n|teamsize|p1|6\n|teamsize|p2|6\n|gen|9\n|tier|[Gen 9] OU\n|rated|\n|rule|Sleep Clause Mod: Limit one foe put to sleep\n|rule|Species Clause: Limit one of each Pok\u00e9mon\n|rule|OHKO Clause: OHKO moves are banned\n|rule|Evasion Items Clause: Evasion items are banned\n|rule|Evasion Moves Clause: Evasion moves are banned\n|rule|Endless Battle Clause: Forcing endless battles is banned\n|rule|HP Percentage Mod: HP is shown in percentages\n|clearpoke\n|poke|p1|Torkoal, M|\n|poke|p1|Hatterene, F|\n|poke|p1|Hoopa-Unbound|\n|poke|p1|Iron Hands|\n|poke|p1|Maushold-Four|\n|poke|p1|Mimikyu, M|\n|poke|p2|Vikavolt, M|\n|poke|p2|Enamorus, F|\n|poke|p2|Great Tusk|\n|poke|p2|Gholdengo|\n|poke|p2|Kommo-o, F|\n|poke|p2|Iron Moth|\n|teampreview\n|inactive|Battle timer is ON: inactive players will automatically lose when time's up. (requested by Joeventi)\n|\n|t:|1701076100\n|start\n|switch|p1a: Hoopa|Hoopa-Unbound|100\/100\n|switch|p2a: Pink Flyday|Enamorus, F, shiny|100\/100\n|turn|1\n|\n|t:|1701076106\n|move|p2a: Pink Flyday|Moonblast|p1a: Hoopa\n|-supereffective|p1a: Hoopa\n|-damage|p1a: Hoopa|10\/100\n|-unboost|p1a: Hoopa|spa|1\n|-damage|p2a: Pink Flyday|91\/100|[from] item: Life Orb\n|move|p1a: Hoopa|Trick Room|p1a: Hoopa\n|-fieldstart|move: Trick Room|[of] p1a: Hoopa\n|\n|upkeep\n|turn|2\n|\n|t:|1701076127\n|move|p1a: Hoopa|Psychic|p2a: Pink Flyday\n|-damage|p2a: Pink Flyday|47\/100\n|-boost|p2a: Pink Flyday|spd|1\n|move|p2a: Pink Flyday|Moonblast|p1a: Hoopa\n|-supereffective|p1a: Hoopa\n|-damage|p1a: Hoopa|0 fnt\n|faint|p1a: Hoopa\n|-damage|p2a: Pink Flyday|38\/100|[from] item: Life Orb\n|\n|upkeep\n|\n|t:|1701076134\n|switch|p1a: Iron Hands|Iron Hands|100\/100\n|-enditem|p1a: Iron Hands|Booster Energy\n|-activate|p1a: Iron Hands|ability: Quark Drive|[fromitem]\n|-start|p1a: Iron Hands|quarkdriveatk\n|turn|3\n|\n|t:|1701076145\n|switch|p2a: Vicodi\u00f1o|Vikavolt, M|100\/100\n|move|p1a: Iron Hands|Ice Punch|p2a: Vicodi\u00f1o\n|-damage|p2a: Vicodi\u00f1o|60\/100\n|\n|upkeep\n|turn|4\n|\n|t:|1701076159\n|move|p2a: Vicodi\u00f1o|Bug Buzz|p1a: Iron Hands\n|-resisted|p1a: Iron Hands\n|-damage|p1a: Iron Hands|74\/100\n|move|p1a: Iron Hands|Swords Dance|p1a: Iron Hands\n|-boost|p1a: Iron Hands|atk|2\n|\n|upkeep\n|turn|5\n|\n|t:|1701076167\n|move|p2a: Vicodi\u00f1o|Volt Switch|p1a: Iron Hands\n|-resisted|p1a: Iron Hands\n|-damage|p1a: Iron Hands|53\/100\n|\n|t:|1701076170\n|switch|p2a: Dentist G-Ram|Great Tusk|100\/100|[from] Volt Switch\n|-enditem|p2a: Dentist G-Ram|Booster Energy\n|-activate|p2a: Dentist G-Ram|ability: Protosynthesis|[fromitem]\n|-start|p2a: Dentist G-Ram|protosynthesisatk\n|move|p1a: Iron Hands|Ice Punch|p2a: Dentist G-Ram\n|-supereffective|p2a: Dentist G-Ram\n|-damage|p2a: Dentist G-Ram|0 fnt\n|faint|p2a: Dentist G-Ram\n|-end|p2a: Dentist G-Ram|Protosynthesis|[silent]\n|\n|-fieldend|move: Trick Room\n|upkeep\n|\n|t:|1701076184\n|switch|p2a: Both Baby|Iron Moth|100\/100\n|-enditem|p2a: Both Baby|Booster Energy\n|-activate|p2a: Both Baby|ability: Quark Drive|[fromitem]\n|-start|p2a: Both Baby|quarkdrivespe\n|turn|6\n|\n|t:|1701076196\n|-terastallize|p2a: Both Baby|Ground\n|move|p2a: Both Baby|Tera Blast|p1a: Iron Hands|[anim] Tera Blast Ground\n|-supereffective|p1a: Iron Hands\n|-damage|p1a: Iron Hands|0 fnt\n|faint|p1a: Iron Hands\n|-end|p1a: Iron Hands|Quark Drive|[silent]\n|\n|upkeep\n|\n|t:|1701076205\n|switch|p1a: Hatterene|Hatterene, F|100\/100\n|turn|7\n|\n|t:|1701076209\n|move|p2a: Both Baby|Sludge Wave|p1a: Hatterene\n|-supereffective|p1a: Hatterene\n|-crit|p1a: Hatterene\n|-enditem|p1a: Hatterene|Focus Sash\n|-damage|p1a: Hatterene|1\/100\n|move|p1a: Hatterene|Trick Room|p1a: Hatterene\n|-fieldstart|move: Trick Room|[of] p1a: Hatterene\n|\n|upkeep\n|turn|8\n|\n|t:|1701076217\n|move|p1a: Hatterene|Dazzling Gleam|p2a: Both Baby\n|-damage|p2a: Both Baby|50\/100\n|move|p2a: Both Baby|Fiery Dance|p1a: Hatterene\n|-damage|p1a: Hatterene|0 fnt\n|-boost|p2a: Both Baby|spa|1\n|faint|p1a: Hatterene\n|\n|upkeep\n|\n|t:|1701076226\n|switch|p1a: Torkoal|Torkoal, M|100\/100\n|-weather|SunnyDay|[from] ability: Drought|[of] p1a: Torkoal\n|turn|9\n|\n|t:|1701076231\n|move|p1a: Torkoal|Eruption|p2a: Both Baby\n|-damage|p2a: Both Baby|0 fnt\n|faint|p2a: Both Baby\n|-end|p2a: Both Baby|Quark Drive|[silent]\n|\n|-weather|SunnyDay|[upkeep]\n|upkeep\n|\n|t:|1701076245\n|switch|p2a: Tony Komo|Kommo-o, F|100\/100\n|turn|10\n|\n|t:|1701076248\n|-terastallize|p1a: Torkoal|Fire\n|move|p1a: Torkoal|Eruption|p2a: Tony Komo\n|-resisted|p2a: Tony Komo\n|-damage|p2a: Tony Komo|0 fnt\n|faint|p2a: Tony Komo\n|\n|-weather|SunnyDay|[upkeep]\n|upkeep\n|\n|t:|1701076265\n|switch|p2a: Pink Flyday|Enamorus, F, shiny|38\/100\n|turn|11\n|\n|t:|1701076268\n|move|p1a: Torkoal|Eruption|p2a: Pink Flyday\n|-damage|p2a: Pink Flyday|0 fnt\n|faint|p2a: Pink Flyday\n|\n|-weather|SunnyDay|[upkeep]\n|-fieldend|move: Trick Room\n|upkeep\n|\n|t:|1701076269\n|switch|p2a: Vicodi\u00f1o|Vikavolt, M|60\/100\n|turn|12\n|\n|t:|1701076271\n|move|p2a: Vicodi\u00f1o|Sticky Web|p1a: Torkoal\n|-sidestart|p1: aviex|move: Sticky Web\n|move|p1a: Torkoal|Eruption|p2a: Vicodi\u00f1o\n|-supereffective|p2a: Vicodi\u00f1o\n|-damage|p2a: Vicodi\u00f1o|0 fnt\n|faint|p2a: Vicodi\u00f1o\n|\n|-weather|SunnyDay|[upkeep]\n|upkeep\n|\n|t:|1701076274\n|switch|p2a: Djengo Unrained|Gholdengo|100\/100\n|-item|p2a: Djengo Unrained|Air Balloon\n|turn|13\n|\n|t:|1701076280\n|move|p2a: Djengo Unrained|Thunderbolt|p1a: Torkoal\n|-damage|p1a: Torkoal|61\/100\n|move|p1a: Torkoal|Eruption|p2a: Djengo Unrained\n|-supereffective|p2a: Djengo Unrained\n|-damage|p2a: Djengo Unrained|0 fnt\n|-enditem|p2a: Djengo Unrained|Air Balloon\n|faint|p2a: Djengo Unrained\n|\n|win|aviex\n|raw|aviex's rating: 1443 &rarr; <strong>1464<\/strong><br \/>(+21 for winning)\n|raw|Joeventi's rating: 1453 &rarr; <strong>1432<\/strong><br \/>(-21 for losing)\n|c|\u2606aviex|GG\n|c|\u2606Joeventi|Gg\n","uploadtime":1701076293,"views":4,"p1id":"aviex","p2id":"joeventi","formatid":"gen9ou","rating":1432,"private":0,"password":""}