{"id":"gen9ou-1996431277","p1":"Aza Poison","p2":"Kokosu_dark","format":"[Gen 9] OU","log":"|j|\u2606Aza Poison\n|j|\u2606Kokosu_dark\n|t:|1700681360\n|gametype|singles\n|player|p1|Aza Poison|266|1028\n|player|p2|Kokosu_dark|silver|1031\n|teamsize|p1|6\n|teamsize|p2|6\n|gen|9\n|tier|[Gen 9] OU\n|rated|\n|rule|Sleep Clause Mod: Limit one foe put to sleep\n|rule|Species Clause: Limit one of each Pok\u00e9mon\n|rule|OHKO Clause: OHKO moves are banned\n|rule|Evasion Items Clause: Evasion items are banned\n|rule|Evasion Moves Clause: Evasion moves are banned\n|rule|Endless Battle Clause: Forcing endless battles is banned\n|rule|HP Percentage Mod: HP is shown in percentages\n|clearpoke\n|poke|p1|Decidueye-Hisui, M|\n|poke|p1|Dragonite, M|\n|poke|p1|Arcanine, M|\n|poke|p1|Umbreon, M|\n|poke|p1|Zoroark-Hisui, M|\n|poke|p1|Hydreigon, M|\n|poke|p2|Clefable, M|\n|poke|p2|Ogerpon-Cornerstone, F|\n|poke|p2|Garganacl, M|\n|poke|p2|Ceruledge, M|\n|poke|p2|Kingambit, M|\n|poke|p2|Toxapex, F|\n|teampreview\n|\n|t:|1700681376\n|start\n|switch|p1a: Dragonite|Dragonite, M, shiny|100\/100\n|switch|p2a: Clefable|Clefable, M|100\/100\n|turn|1\n|\n|t:|1700681392\n|switch|p1a: Umbreon|Umbreon, M, shiny|100\/100\n|move|p2a: Clefable|Draining Kiss|p1a: Umbreon\n|-supereffective|p1a: Umbreon\n|-damage|p1a: Umbreon|75\/100\n|\n|-heal|p1a: Umbreon|81\/100|[from] item: Leftovers\n|upkeep\n|turn|2\n|\n|t:|1700681399\n|move|p1a: Umbreon|Toxic|p2a: Clefable\n|-status|p2a: Clefable|tox\n|move|p2a: Clefable|Cosmic Power|p2a: Clefable\n|-boost|p2a: Clefable|def|1\n|-boost|p2a: Clefable|spd|1\n|\n|-heal|p1a: Umbreon|87\/100|[from] item: Leftovers\n|upkeep\n|turn|3\n|\n|t:|1700681409\n|move|p1a: Umbreon|Wish|p1a: Umbreon\n|move|p2a: Clefable|Cosmic Power|p2a: Clefable\n|-boost|p2a: Clefable|def|1\n|-boost|p2a: Clefable|spd|1\n|\n|-heal|p1a: Umbreon|93\/100|[from] item: Leftovers\n|upkeep\n|turn|4\n|\n|t:|1700681424\n|switch|p1a: Decidueye|Decidueye-Hisui, M|100\/100\n|move|p2a: Clefable|Calm Mind|p2a: Clefable\n|-boost|p2a: Clefable|spa|1\n|-boost|p2a: Clefable|spd|1\n|\n|upkeep\n|turn|5\n|\n|t:|1700681440\n|move|p1a: Decidueye|Nasty Plot|p1a: Decidueye\n|-boost|p1a: Decidueye|spa|2\n|move|p2a: Clefable|Stored Power|p1a: Decidueye\n|-damage|p1a: Decidueye|0 fnt\n|replace|p1a: Zoroark|Zoroark-Hisui, M, shiny\n|-end|p1a: Zoroark|Illusion\n|faint|p1a: Zoroark\n|\n|upkeep\n|\n|t:|1700681457\n|switch|p1a: Hydreigon|Hydreigon, M, shiny|100\/100\n|turn|6\n|\n|t:|1700681464\n|-terastallize|p1a: Hydreigon|Fire\n|move|p1a: Hydreigon|Flash Cannon|p2a: Clefable\n|-supereffective|p2a: Clefable\n|-damage|p2a: Clefable|76\/100 tox\n|move|p2a: Clefable|Draining Kiss|p1a: Hydreigon\n|-resisted|p1a: Hydreigon\n|-damage|p1a: Hydreigon|82\/100\n|-heal|p2a: Clefable|87\/100 tox|[from] drain|[of] p1a: Hydreigon\n|\n|upkeep\n|turn|7\n|\n|t:|1700681472\n|move|p1a: Hydreigon|Flash Cannon|p2a: Clefable\n|-supereffective|p2a: Clefable\n|-damage|p2a: Clefable|62\/100 tox\n|move|p2a: Clefable|Stored Power|p1a: Hydreigon\n|-damage|p1a: Hydreigon|11\/100\n|\n|upkeep\n|turn|8\n|\n|t:|1700681484\n|move|p1a: Hydreigon|Flash Cannon|p2a: Clefable\n|-supereffective|p2a: Clefable\n|-damage|p2a: Clefable|41\/100 tox\n|move|p2a: Clefable|Draining Kiss|p1a: Hydreigon\n|-resisted|p1a: Hydreigon\n|-damage|p1a: Hydreigon|0 fnt\n|-heal|p2a: Clefable|47\/100 tox|[from] drain|[of] p1a: Hydreigon\n|faint|p1a: Hydreigon\n|\n|upkeep\n|\n|t:|1700681498\n|switch|p1a: Arcanine|Arcanine, M|100\/100\n|-ability|p1a: Arcanine|Intimidate|boost\n|-unboost|p2a: Clefable|atk|1\n|turn|9\n|\n|t:|1700681506\n|move|p1a: Arcanine|Flare Blitz|p2a: Clefable\n|-damage|p2a: Clefable|22\/100 tox\n|-damage|p1a: Arcanine|84\/100|[from] item: Rocky Helmet|[of] p2a: Clefable\n|-damage|p1a: Arcanine|75\/100|[from] Recoil\n|move|p2a: Clefable|Cosmic Power|p2a: Clefable\n|-boost|p2a: Clefable|def|1\n|-boost|p2a: Clefable|spd|1\n|\n|upkeep\n|turn|10\n|\n|t:|1700681514\n|move|p1a: Arcanine|Flare Blitz|p2a: Clefable\n|-damage|p2a: Clefable|0 fnt\n|-damage|p1a: Arcanine|59\/100|[from] item: Rocky Helmet|[of] p2a: Clefable\n|faint|p2a: Clefable\n|-damage|p1a: Arcanine|52\/100|[from] Recoil\n|\n|upkeep\n|\n|t:|1700681534\n|switch|p2a: Ogerpon|Ogerpon-Cornerstone, F|100\/100\n|turn|11\n|\n|t:|1700681541\n|move|p2a: Ogerpon|Swords Dance|p2a: Ogerpon\n|-boost|p2a: Ogerpon|atk|2\n|move|p1a: Arcanine|Will-O-Wisp|p2a: Ogerpon\n|-status|p2a: Ogerpon|brn\n|\n|-damage|p2a: Ogerpon|95\/100 brn|[from] brn\n|upkeep\n|turn|12\n|\n|t:|1700681548\n|move|p2a: Ogerpon|Ivy Cudgel|p1a: Arcanine|[anim] Ivy Cudgel Rock\n|-supereffective|p1a: Arcanine\n|-crit|p1a: Arcanine\n|-damage|p1a: Arcanine|0 fnt\n|faint|p1a: Arcanine\n|\n|-damage|p2a: Ogerpon|89\/100 brn|[from] brn\n|upkeep\n|\n|t:|1700681556\n|switch|p1a: Decidueye|Decidueye-Hisui, M|100\/100\n|turn|13\n|\n|t:|1700681565\n|move|p2a: Ogerpon|Horn Leech|p1a: Decidueye\n|-resisted|p1a: Decidueye\n|-damage|p1a: Decidueye|70\/100\n|-heal|p2a: Ogerpon|100\/100 brn|[from] drain|[of] p1a: Decidueye\n|move|p1a: Decidueye|Swords Dance|p1a: Decidueye\n|-boost|p1a: Decidueye|atk|2\n|\n|-damage|p2a: Ogerpon|95\/100 brn|[from] brn\n|upkeep\n|turn|14\n|\n|t:|1700681574\n|move|p2a: Ogerpon|Swords Dance|p2a: Ogerpon\n|-boost|p2a: Ogerpon|atk|2\n|move|p1a: Decidueye|Triple Arrows|p2a: Ogerpon\n|-supereffective|p2a: Ogerpon\n|-crit|p2a: Ogerpon\n|-damage|p2a: Ogerpon|0 fnt\n|faint|p2a: Ogerpon\n|\n|upkeep\n|\n|t:|1700681582\n|switch|p2a: Ceruledge|Ceruledge, M|100\/100\n|turn|15\n|\n|t:|1700681586\n|move|p2a: Ceruledge|Will-O-Wisp|p1a: Decidueye\n|-status|p1a: Decidueye|brn\n|move|p1a: Decidueye|Triple Arrows|p2a: Ceruledge\n|-crit|p2a: Ceruledge\n|-damage|p2a: Ceruledge|0 fnt\n|faint|p2a: Ceruledge\n|\n|-damage|p1a: Decidueye|64\/100 brn|[from] brn\n|upkeep\n|\n|t:|1700681593\n|switch|p2a: Toxapex|Toxapex, F|100\/100\n|turn|16\n|\n|t:|1700681600\n|move|p2a: Toxapex|Baneful Bunker|p2a: Toxapex\n|-singleturn|p2a: Toxapex|move: Protect\n|move|p1a: Decidueye|Swords Dance|p1a: Decidueye\n|-boost|p1a: Decidueye|atk|2\n|\n|-damage|p1a: Decidueye|58\/100 brn|[from] brn\n|upkeep\n|turn|17\n|\n|t:|1700681607\n|move|p1a: Decidueye|Leaf Blade|p2a: Toxapex\n|-crit|p2a: Toxapex\n|-damage|p2a: Toxapex|40\/100\n|move|p2a: Toxapex|Chilling Water|p1a: Decidueye\n|-resisted|p1a: Decidueye\n|-damage|p1a: Decidueye|52\/100 brn\n|-unboost|p1a: Decidueye|atk|1\n|\n|-heal|p2a: Toxapex|46\/100|[from] item: Leftovers\n|-damage|p1a: Decidueye|46\/100 brn|[from] brn\n|upkeep\n|turn|18\n|\n|t:|1700681617\n|move|p2a: Toxapex|Baneful Bunker|p2a: Toxapex\n|-singleturn|p2a: Toxapex|move: Protect\n|move|p1a: Decidueye|Swords Dance|p1a: Decidueye\n|-boost|p1a: Decidueye|atk|2\n|\n|-heal|p2a: Toxapex|52\/100|[from] item: Leftovers\n|-damage|p1a: Decidueye|40\/100 brn|[from] brn\n|upkeep\n|turn|19\n|\n|t:|1700681624\n|move|p1a: Decidueye|Leaf Blade|p2a: Toxapex\n|-crit|p2a: Toxapex\n|-damage|p2a: Toxapex|0 fnt\n|faint|p2a: Toxapex\n|\n|-damage|p1a: Decidueye|34\/100 brn|[from] brn\n|upkeep\n|\n|t:|1700681631\n|switch|p2a: Garganacl|Garganacl, M|100\/100\n|turn|20\n|\n|t:|1700681643\n|move|p1a: Decidueye|Triple Arrows|p2a: Garganacl\n|-supereffective|p2a: Garganacl\n|-damage|p2a: Garganacl|0 fnt\n|faint|p2a: Garganacl\n|\n|-damage|p1a: Decidueye|28\/100 brn|[from] brn\n|upkeep\n|\n|t:|1700681647\n|switch|p2a: Kingambit|Kingambit, M|100\/100\n|-activate|p2a: Kingambit|ability: Supreme Overlord\n|-start|p2a: Kingambit|fallen5|[silent]\n|turn|21\n|\n|t:|1700681657\n|-terastallize|p2a: Kingambit|Ghost\n|move|p1a: Decidueye|Triple Arrows|p2a: Kingambit\n|-damage|p2a: Kingambit|47\/100\n|-unboost|p2a: Kingambit|def|1\n|move|p2a: Kingambit|Kowtow Cleave|p1a: Decidueye\n|-resisted|p1a: Decidueye\n|-damage|p1a: Decidueye|0 fnt\n|faint|p1a: Decidueye\n|\n|-heal|p2a: Kingambit|53\/100|[from] item: Leftovers\n|upkeep\n|\n|t:|1700681669\n|switch|p1a: Umbreon|Umbreon, M, shiny|93\/100\n|turn|22\n|\n|t:|1700681675\n|move|p1a: Umbreon|Toxic|p2a: Kingambit\n|-status|p2a: Kingambit|tox\n|move|p2a: Kingambit|Swords Dance|p2a: Kingambit\n|-boost|p2a: Kingambit|atk|2\n|\n|-heal|p1a: Umbreon|99\/100|[from] item: Leftovers\n|-heal|p2a: Kingambit|59\/100 tox|[from] item: Leftovers\n|-damage|p2a: Kingambit|53\/100 tox|[from] psn\n|upkeep\n|turn|23\n|\n|t:|1700681684\n|move|p1a: Umbreon|Wish|p1a: Umbreon\n|move|p2a: Kingambit|Iron Head|p1a: Umbreon\n|-damage|p1a: Umbreon|0 fnt\n|faint|p1a: Umbreon\n|\n|-heal|p2a: Kingambit|59\/100 tox|[from] item: Leftovers\n|-damage|p2a: Kingambit|47\/100 tox|[from] psn\n|upkeep\n|\n|t:|1700681692\n|switch|p1a: Dragonite|Dragonite, M, shiny|100\/100\n|turn|24\n|\n|t:|1700681700\n|move|p2a: Kingambit|Sucker Punch|p1a: Dragonite\n|-damage|p1a: Dragonite|32\/100\n|move|p1a: Dragonite|Dragon Claw|p2a: Kingambit\n|-damage|p2a: Kingambit|0 fnt\n|faint|p2a: Kingambit\n|-end|p2a: Kingambit|fallen5|[silent]\n|\n|win|Aza Poison\n|raw|Aza Poison's rating: 1028 &rarr; <strong>1064<\/strong><br \/>(+36 for winning)\n|raw|Kokosu_dark's rating: 1031 &rarr; <strong>1016<\/strong><br \/>(-15 for losing)\n|l|\u2606Kokosu_dark\n","uploadtime":1700681711,"views":8,"p1id":"azapoison","p2id":"kokosudark","formatid":"gen9ou","rating":1016,"private":0,"password":""}