{"id":"gen9ou-1991576493","p1":"Cacahead","p2":"MythNick","format":"[Gen 9] OU","log":"|j|\u2606Cacahead\n|j|\u2606MythNick\n|t:|1700090158\n|gametype|singles\n|player|p1|Cacahead|265|1419\n|player|p2|MythNick|jasmine|1317\n|teamsize|p1|6\n|teamsize|p2|6\n|gen|9\n|tier|[Gen 9] OU\n|rated|\n|rule|Sleep Clause Mod: Limit one foe put to sleep\n|rule|Species Clause: Limit one of each Pok\u00e9mon\n|rule|OHKO Clause: OHKO moves are banned\n|rule|Evasion Items Clause: Evasion items are banned\n|rule|Evasion Moves Clause: Evasion moves are banned\n|rule|Endless Battle Clause: Forcing endless battles is banned\n|rule|HP Percentage Mod: HP is shown in percentages\n|clearpoke\n|poke|p1|Gholdengo|\n|poke|p1|Decidueye-Hisui, F|\n|poke|p1|Garchomp, M|\n|poke|p1|Heatran, F|\n|poke|p1|Samurott-Hisui, F|\n|poke|p1|Zapdos|\n|poke|p2|Zapdos|\n|poke|p2|Landorus-Therian, M|\n|poke|p2|Alomomola, F|\n|poke|p2|Clefable, F|\n|poke|p2|Kingambit, M|\n|poke|p2|Sneasler, M|\n|teampreview\n|inactive|Battle timer is ON: inactive players will automatically lose when time's up. (requested by MythNick)\n|\n|t:|1700090178\n|start\n|switch|p1a: Decidueye|Decidueye-Hisui, F|100\/100\n|switch|p2a: Zapdos|Zapdos|100\/100\n|turn|1\n|\n|t:|1700090188\n|switch|p1a: Garchomp|Garchomp, M|100\/100\n|move|p2a: Zapdos|Hurricane|p1a: Garchomp\n|-damage|p1a: Garchomp|49\/100\n|\n|upkeep\n|turn|2\n|\n|t:|1700090195\n|move|p1a: Garchomp|Scale Shot|p2a: Zapdos\n|-damage|p2a: Zapdos|89\/100\n|-damage|p2a: Zapdos|78\/100\n|-damage|p2a: Zapdos|65\/100\n|-damage|p2a: Zapdos|53\/100\n|-damage|p2a: Zapdos|42\/100\n|-hitcount|p2a: Zapdos|5\n|-unboost|p1a: Garchomp|def|1\n|-boost|p1a: Garchomp|spe|1\n|move|p2a: Zapdos|Hurricane|p1a: Garchomp\n|-crit|p1a: Garchomp\n|-damage|p1a: Garchomp|0 fnt\n|faint|p1a: Garchomp\n|\n|upkeep\n|\n|t:|1700090224\n|switch|p1a: Gholdengo|Gholdengo|100\/100\n|turn|3\n|\n|t:|1700090227\n|move|p2a: Zapdos|Volt Switch|p1a: Gholdengo\n|-damage|p1a: Gholdengo|72\/100\n|\n|t:|1700090230\n|switch|p2a: Sneasler|Sneasler, M|100\/100|[from] Volt Switch\n|move|p1a: Gholdengo|Hex|p2a: Sneasler\n|-damage|p2a: Sneasler|76\/100\n|\n|-heal|p1a: Gholdengo|79\/100|[from] item: Leftovers\n|upkeep\n|turn|4\n|\n|t:|1700090236\n|move|p2a: Sneasler|U-turn|p1a: Gholdengo\n|-resisted|p1a: Gholdengo\n|-damage|p1a: Gholdengo|74\/100\n|\n|t:|1700090240\n|switch|p2a: Kingambit|Kingambit, M|100\/100|[from] U-turn\n|move|p1a: Gholdengo|Thunder Wave|p2a: Kingambit\n|-status|p2a: Kingambit|par\n|-enditem|p2a: Kingambit|Lum Berry|[eat]\n|-curestatus|p2a: Kingambit|par|[msg]\n|\n|-heal|p1a: Gholdengo|80\/100|[from] item: Leftovers\n|upkeep\n|turn|5\n|\n|t:|1700090248\n|move|p1a: Gholdengo|Thunder Wave|p2a: Kingambit\n|-status|p2a: Kingambit|par\n|cant|p2a: Kingambit|par\n|\n|-heal|p1a: Gholdengo|86\/100|[from] item: Leftovers\n|upkeep\n|turn|6\n|\n|t:|1700090253\n|move|p1a: Gholdengo|Hex|p2a: Kingambit\n|-resisted|p2a: Kingambit\n|-damage|p2a: Kingambit|65\/100 par\n|move|p2a: Kingambit|Kowtow Cleave|p1a: Gholdengo\n|-supereffective|p1a: Gholdengo\n|-damage|p1a: Gholdengo|15\/100\n|\n|-heal|p1a: Gholdengo|21\/100|[from] item: Leftovers\n|upkeep\n|turn|7\n|inactive|Cacahead has 120 seconds left.\n|\n|t:|1700090300\n|switch|p1a: Decidueye|Decidueye-Hisui, F|100\/100\n|-end|p2a: Kingambit|fallenundefined|[silent]\n|switch|p2a: Sneasler|Sneasler, M|76\/100\n|\n|upkeep\n|turn|8\n|\n|t:|1700090304\n|move|p2a: Sneasler|Dire Claw|p1a: Decidueye\n|-supereffective|p1a: Decidueye\n|-damage|p1a: Decidueye|5\/100\n|move|p1a: Decidueye|Triple Arrows|p2a: Sneasler\n|-resisted|p2a: Sneasler\n|-crit|p2a: Sneasler\n|-damage|p2a: Sneasler|30\/100\n|\n|upkeep\n|turn|9\n|inactive|Cacahead has 120 seconds left.\n|\n|t:|1700090323\n|switch|p1a: Gholdengo|Gholdengo|21\/100\n|move|p2a: Sneasler|U-turn|p1a: Gholdengo\n|-resisted|p1a: Gholdengo\n|-damage|p1a: Gholdengo|16\/100\n|\n|t:|1700090326\n|switch|p2a: Zapdos|Zapdos|42\/100|[from] U-turn\n|\n|-heal|p1a: Gholdengo|22\/100|[from] item: Leftovers\n|upkeep\n|turn|10\n|inactive|Cacahead has 120 seconds left.\n|\n|t:|1700090333\n|move|p2a: Zapdos|Volt Switch|p1a: Gholdengo\n|-damage|p1a: Gholdengo|0 fnt\n|faint|p1a: Gholdengo\n|\n|t:|1700090337\n|switch|p2a: Alomomola|Alomomola, F|100\/100|[from] Volt Switch\n|\n|upkeep\n|\n|t:|1700090342\n|switch|p1a: Zapdos|Zapdos|100\/100\n|turn|11\n|\n|t:|1700090346\n|switch|p2a: Landorus|Landorus-Therian, M|100\/100\n|-ability|p2a: Landorus|Intimidate|boost\n|-unboost|p1a: Zapdos|atk|1\n|move|p1a: Zapdos|Discharge|p2a: Landorus\n|-immune|p2a: Landorus\n|\n|upkeep\n|turn|12\n|\n|t:|1700090356\n|switch|p2a: Clefable|Clefable, F|100\/100\n|move|p1a: Zapdos|Hurricane|p2a: Clefable\n|-damage|p2a: Clefable|50\/100\n|-start|p2a: Clefable|confusion\n|\n|upkeep\n|turn|13\n|\n|t:|1700090362\n|move|p1a: Zapdos|Discharge|p2a: Clefable\n|-crit|p2a: Clefable\n|-damage|p2a: Clefable|0 fnt\n|faint|p2a: Clefable\n|\n|upkeep\n|\n|t:|1700090365\n|switch|p2a: Sneasler|Sneasler, M|30\/100\n|turn|14\n|\n|t:|1700090368\n|switch|p1a: Decidueye|Decidueye-Hisui, F|5\/100\n|move|p2a: Sneasler|Dire Claw|p1a: Decidueye\n|-supereffective|p1a: Decidueye\n|-damage|p1a: Decidueye|0 fnt\n|faint|p1a: Decidueye\n|\n|upkeep\n|\n|t:|1700090372\n|switch|p1a: Samurott|Samurott-Hisui, F|100\/100\n|turn|15\n|\n|t:|1700090375\n|switch|p2a: Alomomola|Alomomola, F|100\/100\n|move|p1a: Samurott|Aqua Jet|p2a: Alomomola\n|-resisted|p2a: Alomomola\n|-damage|p2a: Alomomola|96\/100\n|\n|upkeep\n|turn|16\n|\n|t:|1700090379\n|move|p1a: Samurott|Ceaseless Edge|p2a: Alomomola\n|-damage|p2a: Alomomola|72\/100\n|-sidestart|p2: MythNick|Spikes\n|move|p2a: Alomomola|Wish|p2a: Alomomola\n|\n|upkeep\n|turn|17\n|\n|t:|1700090382\n|move|p1a: Samurott|Ceaseless Edge|p2a: Alomomola\n|-damage|p2a: Alomomola|48\/100\n|-sidestart|p2: MythNick|Spikes\n|move|p2a: Alomomola|Flip Turn|p1a: Samurott\n|-resisted|p1a: Samurott\n|-damage|p1a: Samurott|90\/100\n|\n|t:|1700090384\n|switch|p2a: Sneasler|Sneasler, M|30\/100|[from] Flip Turn\n|-damage|p2a: Sneasler|13\/100|[from] Spikes\n|\n|-heal|p2a: Sneasler|100\/100|[from] move: Wish|[wisher] Alomomola\n|upkeep\n|turn|18\n|\n|t:|1700090393\n|move|p2a: Sneasler|Close Combat|p1a: Samurott\n|-supereffective|p1a: Samurott\n|-damage|p1a: Samurott|0 fnt\n|-unboost|p2a: Sneasler|def|1\n|-unboost|p2a: Sneasler|spd|1\n|faint|p1a: Samurott\n|\n|upkeep\n|\n|t:|1700090396\n|switch|p1a: Zapdos|Zapdos|100\/100\n|turn|19\n|\n|t:|1700090401\n|switch|p2a: Zapdos|Zapdos|42\/100\n|move|p1a: Zapdos|Hurricane|p2a: Zapdos\n|-resisted|p2a: Zapdos\n|-crit|p2a: Zapdos\n|-damage|p2a: Zapdos|1\/100\n|\n|upkeep\n|turn|20\n|\n|t:|1700090410\n|move|p1a: Zapdos|Discharge|p2a: Zapdos\n|-damage|p2a: Zapdos|0 fnt\n|faint|p2a: Zapdos\n|\n|upkeep\n|\n|t:|1700090417\n|switch|p2a: Sneasler|Sneasler, M|100\/100\n|-damage|p2a: Sneasler|84\/100|[from] Spikes\n|turn|21\n|\n|t:|1700090421\n|move|p2a: Sneasler|Dire Claw|p1a: Zapdos\n|-damage|p1a: Zapdos|53\/100\n|move|p1a: Zapdos|Hurricane|p2a: Sneasler\n|-supereffective|p2a: Sneasler\n|-damage|p2a: Sneasler|0 fnt\n|faint|p2a: Sneasler\n|\n|upkeep\n|\n|t:|1700090427\n|switch|p2a: Kingambit|Kingambit, M|65\/100 par\n|-damage|p2a: Kingambit|49\/100 par|[from] Spikes\n|-activate|p2a: Kingambit|ability: Supreme Overlord\n|-start|p2a: Kingambit|fallen3|[silent]\n|turn|22\n|\n|t:|1700090433\n|cant|p2a: Kingambit|par\n|move|p1a: Zapdos|Discharge|p2a: Kingambit\n|-damage|p2a: Kingambit|4\/100 par\n|\n|upkeep\n|turn|23\n|\n|t:|1700090437\n|cant|p2a: Kingambit|par\n|move|p1a: Zapdos|Roost|p1a: Zapdos\n|-heal|p1a: Zapdos|100\/100\n|-singleturn|p1a: Zapdos|move: Roost\n|\n|upkeep\n|turn|24\n|\n|t:|1700090448\n|cant|p2a: Kingambit|par\n|move|p1a: Zapdos|Volt Switch|p2a: Kingambit\n|-damage|p2a: Kingambit|0 fnt\n|faint|p2a: Kingambit\n|-end|p2a: Kingambit|fallen3|[silent]\n|\n|t:|1700090450\n|switch|p1a: Heatran|Heatran, F|100\/100|[from] Volt Switch\n|-item|p1a: Heatran|Air Balloon\n|\n|upkeep\n|\n|t:|1700090454\n|switch|p2a: Alomomola|Alomomola, F|81\/100\n|turn|25\n|\n|t:|1700090461\n|switch|p1a: Zapdos|Zapdos|100\/100\n|move|p2a: Alomomola|Flip Turn|p1a: Zapdos\n|-damage|p1a: Zapdos|82\/100\n|\n|t:|1700090463\n|switch|p2a: Landorus|Landorus-Therian, M|100\/100|[from] Flip Turn\n|-ability|p2a: Landorus|Intimidate|boost\n|-unboost|p1a: Zapdos|atk|1\n|\n|upkeep\n|turn|26\n|\n|t:|1700090470\n|move|p1a: Zapdos|Hurricane|p2a: Landorus|[miss]\n|-miss|p1a: Zapdos|p2a: Landorus\n|move|p2a: Landorus|U-turn|p1a: Zapdos\n|-resisted|p1a: Zapdos\n|-damage|p1a: Zapdos|69\/100\n|\n|t:|1700090471\n|switch|p2a: Alomomola|Alomomola, F|100\/100|[from] U-turn\n|\n|upkeep\n|turn|27\n|\n|t:|1700090476\n|-terastallize|p2a: Alomomola|Poison\n|move|p1a: Zapdos|Roost|p1a: Zapdos\n|-heal|p1a: Zapdos|100\/100\n|-singleturn|p1a: Zapdos|move: Roost\n|move|p2a: Alomomola|Wish|p2a: Alomomola\n|\n|upkeep\n|turn|28\n|\n|t:|1700090479\n|move|p1a: Zapdos|Discharge|p2a: Alomomola\n|-damage|p2a: Alomomola|54\/100\n|move|p2a: Alomomola|Scald|p1a: Zapdos\n|-damage|p1a: Zapdos|85\/100\n|\n|-heal|p2a: Alomomola|100\/100|[from] move: Wish|[wisher] Alomomola\n|upkeep\n|turn|29\n|\n|t:|1700090492\n|move|p1a: Zapdos|Discharge|p2a: Alomomola\n|-crit|p2a: Alomomola\n|-damage|p2a: Alomomola|34\/100\n|move|p2a: Alomomola|Wish|p2a: Alomomola\n|\n|upkeep\n|turn|30\n|\n|t:|1700090495\n|switch|p2a: Landorus|Landorus-Therian, M|100\/100\n|-ability|p2a: Landorus|Intimidate|boost\n|-unboost|p1a: Zapdos|atk|1\n|move|p1a: Zapdos|Volt Switch|p2a: Landorus\n|-immune|p2a: Landorus\n|\n|upkeep\n|turn|31\n|-message|MythNick forfeited.\n|\n|win|Cacahead\n|raw|Cacahead's rating: 1419 &rarr; <strong>1433<\/strong><br \/>(+14 for winning)\n|raw|MythNick's rating: 1317 &rarr; <strong>1303<\/strong><br \/>(-14 for losing)\n|l|\u2606MythNick\n","uploadtime":1700090520,"views":16,"p1id":"cacahead","p2id":"mythnick","formatid":"gen9ou","rating":1303,"private":0,"password":""}