{"id":"gen9ou-1997508560","p1":"DHANVISH","p2":"dgzdr","format":"[Gen 9] OU","log":"|j|\u2606DHANVISH\n|j|\u2606dgzdr\n|inactive|Battle timer is ON: inactive players will automatically lose when time's up.\n|t:|1700817458\n|gametype|singles\n|player|p1|DHANVISH|lucas|\n|player|p2|dgzdr|169|\n|teamsize|p1|4\n|teamsize|p2|4\n|gen|9\n|tier|[Gen 9] OU\n|rated|Tournament battle\n|rule|Sleep Clause Mod: Limit one foe put to sleep\n|rule|Species Clause: Limit one of each Pok\u00e9mon\n|rule|OHKO Clause: OHKO moves are banned\n|rule|Evasion Items Clause: Evasion items are banned\n|rule|Evasion Moves Clause: Evasion moves are banned\n|rule|Endless Battle Clause: Forcing endless battles is banned\n|rule|HP Percentage Mod: HP is shown in percentages\n|clearpoke\n|poke|p1|Crawdaunt, F|\n|poke|p1|Slowbro-Galar, M|\n|poke|p1|Dudunsparce-*, M|\n|poke|p1|Typhlosion-Hisui, F|\n|poke|p2|Copperajah, M|\n|poke|p2|Skeledirge, F|\n|poke|p2|Golduck, M|\n|poke|p2|Charizard, M|\n|teampreview\n|j|*Lady Monita \u2746\n|c|\u2606dgzdr|glhf\n|j| bello figo burger\n|\n|t:|1700817486\n|start\n|switch|p1a: Slowbro|Slowbro-Galar, M|100\/100\n|switch|p2a: Oropato|Golduck, M|100\/100\n|turn|1\n|-activate|p1a: Slowbro|item: Quick Claw\n|\n|t:|1700817492\n|move|p1a: Slowbro|Shell Side Arm|p2a: Oropato|[anim] Shell Side Arm Special\n|-damage|p2a: Oropato|44\/100\n|-hint|Special Shell Side Arm\n|move|p2a: Oropato|Nasty Plot|p2a: Oropato\n|-boost|p2a: Oropato|spa|2\n|\n|upkeep\n|turn|2\n|\n|t:|1700817497\n|move|p2a: Oropato|Surf|p1a: Slowbro\n|-damage|p1a: Slowbro|0 fnt\n|faint|p1a: Slowbro\n|-damage|p2a: Oropato|34\/100|[from] item: Life Orb\n|\n|upkeep\n|\n|t:|1700817511\n|switch|p1a: Crawdaunt|Crawdaunt, F|100\/100\n|turn|3\n|l| bello figo burger\n|\n|t:|1700817518\n|move|p2a: Oropato|Grass Knot|p1a: Crawdaunt\n|-supereffective|p1a: Crawdaunt\n|-enditem|p1a: Crawdaunt|Focus Sash\n|-damage|p1a: Crawdaunt|1\/100\n|-damage|p2a: Oropato|24\/100|[from] item: Life Orb\n|move|p1a: Crawdaunt|Dragon Dance|p1a: Crawdaunt\n|-boost|p1a: Crawdaunt|atk|1\n|-boost|p1a: Crawdaunt|spe|1\n|\n|upkeep\n|turn|4\n|\n|t:|1700817533\n|move|p1a: Crawdaunt|Aqua Jet|p2a: Oropato\n|-resisted|p2a: Oropato\n|-damage|p2a: Oropato|0 fnt\n|faint|p2a: Oropato\n|\n|upkeep\n|\n|t:|1700817538\n|switch|p2a: Cobrelefante|Copperajah, M|100\/100\n|turn|5\n|\n|t:|1700817552\n|-terastallize|p1a: Crawdaunt|Fire\n|move|p1a: Crawdaunt|Tera Blast|p2a: Cobrelefante|[anim] Tera Blast Fire\n|-supereffective|p2a: Cobrelefante\n|-damage|p2a: Cobrelefante|0 fnt\n|faint|p2a: Cobrelefante\n|\n|upkeep\n|\n|t:|1700817561\n|switch|p2a: Esquelefunebre|Skeledirge, F|100\/100\n|turn|6\n|\n|t:|1700817569\n|-terastallize|p2a: Esquelefunebre|Fairy\n|move|p1a: Crawdaunt|Crabhammer|p2a: Esquelefunebre\n|-damage|p2a: Esquelefunebre|60\/100\n|-damage|p1a: Crawdaunt|0 fnt|[from] item: Rocky Helmet|[of] p2a: Esquelefunebre\n|faint|p1a: Crawdaunt\n|move|p2a: Esquelefunebre|Torch Song|p1: Crawdaunt|[notarget]\n|-fail|p2a: Esquelefunebre\n|\n|upkeep\n|\n|t:|1700817580\n|switch|p1a: Typhlosion|Typhlosion-Hisui, F|100\/100\n|turn|7\n|\n|t:|1700817585\n|move|p1a: Typhlosion|Eruption|p2a: Esquelefunebre\n|-damage|p2a: Esquelefunebre|6\/100\n|move|p2a: Esquelefunebre|Hex|p1a: Typhlosion\n|-supereffective|p1a: Typhlosion\n|-damage|p1a: Typhlosion|37\/100\n|\n|upkeep\n|turn|8\n|\n|t:|1700817590\n|move|p1a: Typhlosion|Eruption|p2a: Esquelefunebre\n|-damage|p2a: Esquelefunebre|0 fnt\n|faint|p2a: Esquelefunebre\n|\n|upkeep\n|\n|t:|1700817592\n|switch|p2a: Llamagarto|Charizard, M|100\/100\n|turn|9\n|\n|t:|1700817600\n|switch|p1a: Dudunsparce|Dudunsparce-Three-Segment, M|100\/100\n|move|p2a: Llamagarto|Hurricane|p1a: Dudunsparce|[miss]\n|-miss|p2a: Llamagarto|p1a: Dudunsparce\n|\n|upkeep\n|turn|10\n|\n|t:|1700817608\n|move|p2a: Llamagarto|Focus Blast|p1a: Dudunsparce\n|-supereffective|p1a: Dudunsparce\n|-damage|p1a: Dudunsparce|53\/100\n|move|p1a: Dudunsparce|Body Slam|p2a: Llamagarto\n|-damage|p2a: Llamagarto|56\/100\n|\n|-heal|p1a: Dudunsparce|59\/100|[from] item: Leftovers\n|upkeep\n|turn|11\n|\n|t:|1700817617\n|move|p2a: Llamagarto|Hurricane|p1a: Dudunsparce|[miss]\n|-miss|p2a: Llamagarto|p1a: Dudunsparce\n|move|p1a: Dudunsparce|Roost|p1a: Dudunsparce\n|-heal|p1a: Dudunsparce|100\/100\n|-singleturn|p1a: Dudunsparce|move: Roost\n|\n|upkeep\n|turn|12\n|\n|t:|1700817619\n|move|p2a: Llamagarto|Hurricane|p1a: Dudunsparce\n|-damage|p1a: Dudunsparce|67\/100\n|move|p1a: Dudunsparce|Body Slam|p2a: Llamagarto\n|-damage|p2a: Llamagarto|15\/100\n|\n|-heal|p1a: Dudunsparce|73\/100|[from] item: Leftovers\n|upkeep\n|turn|13\n|c|\u2606dgzdr|gg\n|\n|t:|1700817626\n|move|p2a: Llamagarto|Hurricane|p1a: Dudunsparce\n|-damage|p1a: Dudunsparce|43\/100\n|move|p1a: Dudunsparce|Body Slam|p2a: Llamagarto\n|-crit|p2a: Llamagarto\n|-damage|p2a: Llamagarto|0 fnt\n|faint|p2a: Llamagarto\n|\n|win|DHANVISH\n|n|\u2606DHANVISH|dhanvish\n|n|\u2606dgzdr|dgzdr\n|n|*Lady Monita \u2746|ladymonita\n","uploadtime":1700817627,"views":2,"p1id":"dhanvish","p2id":"dgzdr","formatid":"gen9ou","rating":0,"private":0,"password":""}