{"id":"gen9ou-1999948051","p1":"CejGen1","p2":"Lumaaa","format":"[Gen 9] OU","log":"|j|\u2606CejGen1\n|j|\u2606Lumaaa\n|t:|1701133392\n|gametype|singles\n|player|p1|CejGen1|emmet|1255\n|player|p2|Lumaaa|elesa|1182\n|teamsize|p1|6\n|teamsize|p2|6\n|gen|9\n|tier|[Gen 9] OU\n|rated|\n|rule|Sleep Clause Mod: Limit one foe put to sleep\n|rule|Species Clause: Limit one of each Pok\u00e9mon\n|rule|OHKO Clause: OHKO moves are banned\n|rule|Evasion Items Clause: Evasion items are banned\n|rule|Evasion Moves Clause: Evasion moves are banned\n|rule|Endless Battle Clause: Forcing endless battles is banned\n|rule|HP Percentage Mod: HP is shown in percentages\n|clearpoke\n|poke|p1|Dragonite, M|\n|poke|p1|Moltres|\n|poke|p1|Gengar, F|\n|poke|p1|Zapdos|\n|poke|p1|Cloyster, M|\n|poke|p1|Muk, M|\n|poke|p2|Pelipper, F|\n|poke|p2|Corviknight, F|\n|poke|p2|Zapdos|\n|poke|p2|Floatzel, M|\n|poke|p2|Basculegion, M|\n|poke|p2|Kingambit, F|\n|teampreview\n|inactive|Battle timer is ON: inactive players will automatically lose when time's up. (requested by Lumaaa)\n|\n|t:|1701133414\n|start\n|switch|p1a: Cloyster|Cloyster, M|100\/100\n|switch|p2a: Crying for Rain|Pelipper, F, shiny|100\/100\n|-weather|RainDance|[from] ability: Drizzle|[of] p2a: Crying for Rain\n|turn|1\n|inactive|Lumaaa has 120 seconds left.\n|\n|t:|1701133445\n|move|p1a: Cloyster|Rock Blast|p2a: Crying for Rain\n|-supereffective|p2a: Crying for Rain\n|-damage|p2a: Crying for Rain|88\/100\n|-supereffective|p2a: Crying for Rain\n|-damage|p2a: Crying for Rain|75\/100\n|-supereffective|p2a: Crying for Rain\n|-damage|p2a: Crying for Rain|63\/100\n|-supereffective|p2a: Crying for Rain\n|-damage|p2a: Crying for Rain|52\/100\n|-supereffective|p2a: Crying for Rain\n|-damage|p2a: Crying for Rain|39\/100\n|-hitcount|p2a: Crying for Rain|5\n|move|p2a: Crying for Rain|Hurricane|p1a: Cloyster\n|-damage|p1a: Cloyster|10\/100\n|-start|p1a: Cloyster|confusion\n|\n|-weather|RainDance|[upkeep]\n|upkeep\n|turn|2\n|inactive|Lumaaa has 120 seconds left.\n|\n|t:|1701133465\n|switch|p2a: Queen's Gambit|Kingambit, F|100\/100\n|-activate|p1a: Cloyster|confusion\n|move|p1a: Cloyster|Icicle Spear|p2a: Queen's Gambit\n|-resisted|p2a: Queen's Gambit\n|-damage|p2a: Queen's Gambit|95\/100\n|-resisted|p2a: Queen's Gambit\n|-damage|p2a: Queen's Gambit|90\/100\n|-resisted|p2a: Queen's Gambit\n|-damage|p2a: Queen's Gambit|85\/100\n|-resisted|p2a: Queen's Gambit\n|-damage|p2a: Queen's Gambit|80\/100\n|-resisted|p2a: Queen's Gambit\n|-damage|p2a: Queen's Gambit|75\/100\n|-hitcount|p2a: Queen's Gambit|5\n|\n|-weather|RainDance|[upkeep]\n|upkeep\n|turn|3\n|inactive|Lumaaa has 120 seconds left.\n|\n|t:|1701133474\n|move|p2a: Queen's Gambit|Sucker Punch|p1a: Cloyster\n|-damage|p1a: Cloyster|0 fnt\n|faint|p1a: Cloyster\n|\n|-weather|RainDance|[upkeep]\n|upkeep\n|\n|t:|1701133485\n|switch|p1a: Zapdos|Zapdos|100\/100\n|turn|4\n|inactive|Lumaaa has 120 seconds left.\n|\n|t:|1701133505\n|-end|p2a: Queen's Gambit|fallenundefined|[silent]\n|switch|p2a: Rin|Zapdos, shiny|100\/100\n|move|p1a: Zapdos|Thunderbolt|p2a: Rin\n|-damage|p2a: Rin|51\/100\n|\n|-weather|RainDance|[upkeep]\n|upkeep\n|turn|5\n|\n|t:|1701133509\n|move|p2a: Rin|Roost|p2a: Rin\n|-heal|p2a: Rin|100\/100\n|-singleturn|p2a: Rin|move: Roost\n|move|p1a: Zapdos|Thunderbolt|p2a: Rin\n|-resisted|p2a: Rin\n|-damage|p2a: Rin|75\/100\n|\n|-weather|RainDance|[upkeep]\n|upkeep\n|turn|6\n|\n|t:|1701133520\n|move|p1a: Zapdos|Thunderbolt|p2a: Rin\n|-damage|p2a: Rin|20\/100\n|move|p2a: Rin|Thunder|p1a: Zapdos\n|-damage|p1a: Zapdos|38\/100\n|\n|-weather|RainDance|[upkeep]\n|upkeep\n|turn|7\n|\n|t:|1701133524\n|move|p1a: Zapdos|Thunderbolt|p2a: Rin\n|-damage|p2a: Rin|0 fnt\n|faint|p2a: Rin\n|\n|-weather|RainDance|[upkeep]\n|upkeep\n|\n|t:|1701133532\n|switch|p2a: Queen's Gambit|Kingambit, F|75\/100\n|-activate|p2a: Queen's Gambit|ability: Supreme Overlord\n|-start|p2a: Queen's Gambit|fallen1|[silent]\n|turn|8\n|\n|t:|1701133537\n|move|p2a: Queen's Gambit|Sucker Punch||[still]\n|-fail|p2a: Queen's Gambit\n|move|p1a: Zapdos|Roost|p1a: Zapdos\n|-heal|p1a: Zapdos|88\/100\n|-singleturn|p1a: Zapdos|move: Roost\n|\n|-weather|none\n|upkeep\n|turn|9\n|\n|t:|1701133549\n|move|p1a: Zapdos|Thunderbolt|p2a: Queen's Gambit\n|-damage|p2a: Queen's Gambit|23\/100\n|move|p2a: Queen's Gambit|Swords Dance|p2a: Queen's Gambit\n|-boost|p2a: Queen's Gambit|atk|2\n|\n|upkeep\n|turn|10\n|\n|t:|1701133556\n|switch|p1a: Moltres|Moltres|100\/100\n|move|p2a: Queen's Gambit|Kowtow Cleave|p1a: Moltres\n|-damage|p1a: Moltres|0 fnt\n|faint|p1a: Moltres\n|\n|upkeep\n|\n|t:|1701133563\n|switch|p1a: Dragonite|Dragonite, M|100\/100\n|turn|11\n|\n|t:|1701133571\n|move|p2a: Queen's Gambit|Sucker Punch|p1a: Dragonite\n|-damage|p1a: Dragonite|53\/100\n|move|p1a: Dragonite|Earthquake|p2a: Queen's Gambit\n|-supereffective|p2a: Queen's Gambit\n|-damage|p2a: Queen's Gambit|0 fnt\n|faint|p2a: Queen's Gambit\n|-end|p2a: Queen's Gambit|fallen1|[silent]\n|\n|upkeep\n|\n|t:|1701133575\n|switch|p2a: Crying for Rain|Pelipper, F, shiny|39\/100\n|-weather|RainDance|[from] ability: Drizzle|[of] p2a: Crying for Rain\n|turn|12\n|\n|t:|1701133582\n|move|p1a: Dragonite|Ice Spinner|p2a: Crying for Rain\n|-damage|p2a: Crying for Rain|15\/100\n|move|p2a: Crying for Rain|Roost|p2a: Crying for Rain\n|-heal|p2a: Crying for Rain|65\/100\n|-singleturn|p2a: Crying for Rain|move: Roost\n|\n|-weather|RainDance|[upkeep]\n|upkeep\n|turn|13\n|\n|t:|1701133589\n|switch|p1a: Gengar|Gengar, F|100\/100\n|move|p2a: Crying for Rain|Roost|p2a: Crying for Rain\n|-heal|p2a: Crying for Rain|100\/100\n|-singleturn|p2a: Crying for Rain|move: Roost\n|\n|-weather|RainDance|[upkeep]\n|upkeep\n|turn|14\n|\n|t:|1701133602\n|move|p1a: Gengar|Thunderbolt|p2a: Crying for Rain\n|-supereffective|p2a: Crying for Rain\n|-damage|p2a: Crying for Rain|0 fnt\n|faint|p2a: Crying for Rain\n|\n|-weather|RainDance|[upkeep]\n|upkeep\n|\n|t:|1701133605\n|switch|p2a: Saber|Floatzel, M, shiny|100\/100\n|turn|15\n|\n|t:|1701133609\n|-terastallize|p2a: Saber|Water\n|move|p2a: Saber|Wave Crash|p1a: Gengar\n|-damage|p1a: Gengar|0 fnt\n|faint|p1a: Gengar\n|-damage|p2a: Saber|73\/100|[from] Recoil\n|\n|-weather|RainDance|[upkeep]\n|upkeep\n|\n|t:|1701133613\n|switch|p1a: Muk|Muk, M|100\/100\n|turn|16\n|\n|t:|1701133617\n|move|p1a: Muk|Shadow Sneak|p2a: Saber\n|-damage|p2a: Saber|48\/100\n|-status|p2a: Saber|psn|[from] ability: Poison Touch|[of] p1a: Muk\n|move|p2a: Saber|Wave Crash|p1a: Muk\n|-damage|p1a: Muk|0 fnt\n|faint|p1a: Muk\n|-damage|p2a: Saber|4\/100 psn|[from] Recoil\n|\n|-weather|RainDance|[upkeep]\n|-damage|p2a: Saber|0 fnt|[from] psn\n|faint|p2a: Saber\n|upkeep\n|\n|t:|1701133621\n|switch|p2a: Ilya|Basculegion, M|100\/100\n|switch|p1a: Zapdos|Zapdos|88\/100\n|turn|17\n|\n|t:|1701133627\n|-terastallize|p1a: Zapdos|Water\n|move|p2a: Ilya|Wave Crash|p1a: Zapdos\n|-resisted|p1a: Zapdos\n|-damage|p1a: Zapdos|5\/100\n|-status|p2a: Ilya|par|[from] ability: Static|[of] p1a: Zapdos\n|-damage|p2a: Ilya|77\/100 par|[from] Recoil\n|move|p1a: Zapdos|Thunderbolt|p2a: Ilya\n|-supereffective|p2a: Ilya\n|-crit|p2a: Ilya\n|-damage|p2a: Ilya|0 fnt\n|faint|p2a: Ilya\n|\n|-weather|RainDance|[upkeep]\n|upkeep\n|\n|t:|1701133633\n|switch|p2a: Sakura|Corviknight, F, shiny|100\/100\n|-ability|p2a: Sakura|Pressure\n|turn|18\n|\n|t:|1701133636\n|move|p1a: Zapdos|Thunderbolt|p2a: Sakura\n|-supereffective|p2a: Sakura\n|-damage|p2a: Sakura|34\/100\n|move|p2a: Sakura|Brave Bird|p1a: Zapdos\n|-damage|p1a: Zapdos|0 fnt\n|faint|p1a: Zapdos\n|-damage|p2a: Sakura|33\/100|[from] Recoil\n|\n|-weather|RainDance|[upkeep]\n|-heal|p2a: Sakura|39\/100|[from] item: Leftovers\n|upkeep\n|\n|t:|1701133638\n|switch|p1a: Dragonite|Dragonite, M|53\/100\n|turn|19\n|\n|t:|1701133644\n|move|p1a: Dragonite|Ice Spinner|p2a: Sakura\n|-damage|p2a: Sakura|14\/100\n|move|p2a: Sakura|Roost|p2a: Sakura\n|-heal|p2a: Sakura|64\/100\n|-singleturn|p2a: Sakura|move: Roost\n|\n|-weather|none\n|-heal|p2a: Sakura|70\/100|[from] item: Leftovers\n|upkeep\n|turn|20\n|\n|t:|1701133646\n|move|p1a: Dragonite|Dragon Dance|p1a: Dragonite\n|-boost|p1a: Dragonite|atk|1\n|-boost|p1a: Dragonite|spe|1\n|move|p2a: Sakura|Roost|p2a: Sakura\n|-heal|p2a: Sakura|100\/100\n|-singleturn|p2a: Sakura|move: Roost\n|\n|upkeep\n|turn|21\n|\n|t:|1701133650\n|move|p1a: Dragonite|Ice Spinner|p2a: Sakura\n|-damage|p2a: Sakura|64\/100\n|move|p2a: Sakura|Brave Bird|p1a: Dragonite\n|-damage|p1a: Dragonite|10\/100\n|-damage|p2a: Sakura|52\/100|[from] Recoil\n|\n|-heal|p2a: Sakura|59\/100|[from] item: Leftovers\n|upkeep\n|turn|22\n|\n|t:|1701133654\n|move|p1a: Dragonite|Ice Spinner|p2a: Sakura\n|-damage|p2a: Sakura|23\/100\n|move|p2a: Sakura|Roost|p2a: Sakura\n|-heal|p2a: Sakura|73\/100\n|-singleturn|p2a: Sakura|move: Roost\n|\n|-heal|p2a: Sakura|79\/100|[from] item: Leftovers\n|upkeep\n|turn|23\n|\n|t:|1701133657\n|move|p1a: Dragonite|Dragon Dance|p1a: Dragonite\n|-boost|p1a: Dragonite|atk|1\n|-boost|p1a: Dragonite|spe|1\n|move|p2a: Sakura|Brave Bird|p1a: Dragonite\n|-damage|p1a: Dragonite|0 fnt\n|faint|p1a: Dragonite\n|-damage|p2a: Sakura|76\/100|[from] Recoil\n|\n|win|Lumaaa\n|raw|CejGen1's rating: 1255 &rarr; <strong>1225<\/strong><br \/>(-30 for losing)\n|raw|Lumaaa's rating: 1182 &rarr; <strong>1212<\/strong><br \/>(+30 for winning)\n|l|\u2606CejGen1\n","uploadtime":1701133753,"views":3,"p1id":"cejgen1","p2id":"lumaaa","formatid":"gen9ou","rating":1212,"private":0,"password":""}