{"id":"gen9ou-1991783985","p1":"CRIPPYwitdaGRIPPY","p2":"S3PP1","format":"[Gen 9] OU","log":"|j|\u2606CRIPPYwitdaGRIPPY\n|j|\u2606S3PP1\n|t:|1700116645\n|gametype|singles\n|player|p1|CRIPPYwitdaGRIPPY|caitlin|\n|player|p2|S3PP1|biker-gen4|\n|teamsize|p1|6\n|teamsize|p2|6\n|gen|9\n|tier|[Gen 9] OU\n|rule|Sleep Clause Mod: Limit one foe put to sleep\n|rule|Species Clause: Limit one of each Pok\u00e9mon\n|rule|OHKO Clause: OHKO moves are banned\n|rule|Evasion Items Clause: Evasion items are banned\n|rule|Evasion Moves Clause: Evasion moves are banned\n|rule|Endless Battle Clause: Forcing endless battles is banned\n|rule|HP Percentage Mod: HP is shown in percentages\n|clearpoke\n|poke|p1|Blissey, F|\n|poke|p1|Manaphy|\n|poke|p1|Thundurus-Therian, M|\n|poke|p1|Scizor, M|\n|poke|p1|Typhlosion-Hisui, M|\n|poke|p1|Tinkaton, F|\n|poke|p2|Iron Valiant|\n|poke|p2|Kommo-o, M|\n|poke|p2|Lokix, M|\n|poke|p2|Mamoswine, F|\n|poke|p2|Shiftry, F|\n|poke|p2|Forretress, M|\n|teampreview\n|inactive|Battle timer is ON: inactive players will automatically lose when time's up. (requested by S3PP1)\n|\n|t:|1700116650\n|start\n|switch|p1a: buss3y|Blissey, F, shiny|100\/100\n|switch|p2a: Forretress|Forretress, M|100\/100\n|turn|1\n|\n|t:|1700116679\n|move|p1a: buss3y|Stealth Rock|p2a: Forretress\n|-sidestart|p2: S3PP1|move: Stealth Rock\n|move|p2a: Forretress|Stealth Rock|p1a: buss3y\n|-sidestart|p1: CRIPPYwitdaGRIPPY|move: Stealth Rock\n|\n|upkeep\n|turn|2\n|\n|t:|1700116688\n|move|p1a: buss3y|Stealth Rock||[still]\n|-fail|p1a: buss3y\n|move|p2a: Forretress|Body Press|p1a: buss3y\n|-supereffective|p1a: buss3y\n|-damage|p1a: buss3y|45\/100\n|\n|upkeep\n|turn|3\n|\n|t:|1700116703\n|move|p1a: buss3y|Seismic Toss|p2a: Forretress\n|-damage|p2a: Forretress|72\/100\n|move|p2a: Forretress|Body Press|p1a: buss3y\n|-supereffective|p1a: buss3y\n|-damage|p1a: buss3y|0 fnt\n|faint|p1a: buss3y\n|\n|upkeep\n|inactive|CRIPPYwitdaGRIPPY has 270 seconds left.\n|\n|t:|1700116714\n|switch|p1a: emo lizard|Typhlosion-Hisui, M|100\/100\n|-item|p2a: Forretress|Custap Berry|[from] ability: Frisk|[of] p1a: emo lizard|[identify]\n|turn|4\n|\n|t:|1700116723\n|move|p1a: emo lizard|Fire Blast|p2a: Forretress\n|-supereffective|p2a: Forretress\n|-damage|p2a: Forretress|0 fnt\n|faint|p2a: Forretress\n|\n|upkeep\n|\n|t:|1700116744\n|switch|p2a: Kommo-o|Kommo-o, M|100\/100\n|-damage|p2a: Kommo-o|94\/100|[from] Stealth Rock\n|turn|5\n|inactive|CRIPPYwitdaGRIPPY has 270 seconds left.\n|\n|t:|1700116768\n|move|p1a: emo lizard|Fire Blast|p2a: Kommo-o\n|-resisted|p2a: Kommo-o\n|-damage|p2a: Kommo-o|61\/100\n|move|p2a: Kommo-o|Clangorous Soul|p2a: Kommo-o\n|-boost|p2a: Kommo-o|atk|1\n|-boost|p2a: Kommo-o|def|1\n|-boost|p2a: Kommo-o|spa|1\n|-boost|p2a: Kommo-o|spd|1\n|-boost|p2a: Kommo-o|spe|1\n|-damage|p2a: Kommo-o|29\/100\n|-enditem|p2a: Kommo-o|Throat Spray\n|-boost|p2a: Kommo-o|spa|1|[from] item: Throat Spray\n|\n|upkeep\n|turn|6\n|inactive|CRIPPYwitdaGRIPPY has 270 seconds left.\n|\n|t:|1700116782\n|switch|p1a: lesbo action|Scizor, M, shiny|100\/100\n|-damage|p1a: lesbo action|88\/100|[from] Stealth Rock\n|move|p2a: Kommo-o|Clanging Scales|p1a: lesbo action\n|-resisted|p1a: lesbo action\n|-damage|p1a: lesbo action|27\/100\n|-unboost|p2a: Kommo-o|def|1\n|\n|upkeep\n|turn|7\n|\n|t:|1700116791\n|move|p2a: Kommo-o|Aura Sphere|p1a: lesbo action\n|-damage|p1a: lesbo action|0 fnt\n|faint|p1a: lesbo action\n|\n|upkeep\n|\n|t:|1700116797\n|switch|p1a: emo lizard|Typhlosion-Hisui, M|100\/100\n|turn|8\n|\n|t:|1700116803\n|switch|p1a: tinkaussy|Tinkaton, F|100\/100\n|-damage|p1a: tinkaussy|94\/100|[from] Stealth Rock\n|-ability|p1a: tinkaussy|Mold Breaker\n|move|p2a: Kommo-o|Clanging Scales|p1a: tinkaussy\n|-immune|p1a: tinkaussy\n|\n|-heal|p1a: tinkaussy|100\/100|[from] item: Leftovers\n|upkeep\n|turn|9\n|\n|t:|1700116820\n|move|p2a: Kommo-o|Aura Sphere|p1a: tinkaussy\n|-damage|p1a: tinkaussy|25\/100\n|move|p1a: tinkaussy|Gigaton Hammer|p2a: Kommo-o\n|-damage|p2a: Kommo-o|0 fnt\n|faint|p2a: Kommo-o\n|\n|-heal|p1a: tinkaussy|31\/100|[from] item: Leftovers\n|upkeep\n|\n|t:|1700116826\n|switch|p2a: Shiftry|Shiftry, F|100\/100\n|-damage|p2a: Shiftry|88\/100|[from] Stealth Rock\n|turn|10\n|\n|t:|1700116836\n|move|p1a: tinkaussy|Knock Off|p2a: Shiftry\n|-resisted|p2a: Shiftry\n|-damage|p2a: Shiftry|69\/100\n|-enditem|p2a: Shiftry|Focus Sash|[from] move: Knock Off|[of] p1a: tinkaussy\n|move|p2a: Shiftry|Tailwind|p2a: Shiftry\n|-sidestart|p2: S3PP1|move: Tailwind\n|-ability|p2a: Shiftry|Wind Rider|boost\n|-boost|p2a: Shiftry|atk|1\n|\n|-heal|p1a: tinkaussy|37\/100|[from] item: Leftovers\n|upkeep\n|turn|11\n|\n|t:|1700116847\n|move|p2a: Shiftry|Leaf Blade|p1a: tinkaussy\n|-resisted|p1a: tinkaussy\n|-damage|p1a: tinkaussy|0 fnt\n|faint|p1a: tinkaussy\n|\n|upkeep\n|\n|t:|1700116854\n|switch|p1a: emo lizard|Typhlosion-Hisui, M|100\/100\n|turn|12\n|\n|t:|1700116857\n|move|p2a: Shiftry|Knock Off|p1a: emo lizard\n|-supereffective|p1a: emo lizard\n|-crit|p1a: emo lizard\n|-damage|p1a: emo lizard|0 fnt\n|-enditem|p1a: emo lizard|Heavy-Duty Boots|[from] move: Knock Off|[of] p2a: Shiftry\n|faint|p1a: emo lizard\n|\n|upkeep\n|\n|t:|1700116864\n|switch|p1a: purple oldman|Thundurus-Therian, M, shiny|100\/100\n|turn|13\n|\n|t:|1700116868\n|move|p2a: Shiftry|Knock Off|p1a: purple oldman\n|-damage|p1a: purple oldman|0 fnt\n|-enditem|p1a: purple oldman|Heavy-Duty Boots|[from] move: Knock Off|[of] p2a: Shiftry\n|faint|p1a: purple oldman\n|\n|-sideend|p2: S3PP1|move: Tailwind\n|upkeep\n|\n|t:|1700116874\n|switch|p1a: fetus|Manaphy, shiny|100\/100\n|-damage|p1a: fetus|88\/100|[from] Stealth Rock\n|turn|14\n|\n|t:|1700116880\n|-terastallize|p2a: Shiftry|Grass\n|move|p1a: fetus|Surf|p2a: Shiftry\n|-resisted|p2a: Shiftry\n|-crit|p2a: Shiftry\n|-damage|p2a: Shiftry|22\/100\n|move|p2a: Shiftry|Leaf Blade|p1a: fetus\n|-supereffective|p1a: fetus\n|-damage|p1a: fetus|0 fnt\n|faint|p1a: fetus\n|\n|win|S3PP1\n|l|\u2606CRIPPYwitdaGRIPPY\n","uploadtime":1700116890,"views":8,"p1id":"crippywitdagrippy","p2id":"s3pp1","formatid":"gen9ou","rating":0,"private":0,"password":""}