{"id":"gen9ou-1993348221","p1":"The Other Zee","p2":"draco9746","format":"[Gen 9] OU","log":"|j|\u2606The Other Zee\n|j|\u2606draco9746\n|t:|1700303395\n|gametype|singles\n|player|p1|The Other Zee|morty|1324\n|player|p2|draco9746|cynthia|1278\n|teamsize|p1|6\n|teamsize|p2|6\n|gen|9\n|tier|[Gen 9] OU\n|rated|\n|rule|Sleep Clause Mod: Limit one foe put to sleep\n|rule|Species Clause: Limit one of each Pok\u00e9mon\n|rule|OHKO Clause: OHKO moves are banned\n|rule|Evasion Items Clause: Evasion items are banned\n|rule|Evasion Moves Clause: Evasion moves are banned\n|rule|Endless Battle Clause: Forcing endless battles is banned\n|rule|HP Percentage Mod: HP is shown in percentages\n|clearpoke\n|poke|p1|Glimmora, M|\n|poke|p1|Ogerpon-Wellspring, F|\n|poke|p1|Sneasler, F|\n|poke|p1|Iron Moth|\n|poke|p1|Rillaboom, M|\n|poke|p1|Kingambit, M|\n|poke|p2|Hatterene, F|\n|poke|p2|Kingambit, F|\n|poke|p2|Ogerpon-Wellspring, F|\n|poke|p2|Dragapult, M|\n|poke|p2|Sneasler, F|\n|poke|p2|Rotom-Wash|\n|teampreview\n|inactive|Battle timer is ON: inactive players will automatically lose when time's up. (requested by draco9746)\n|\n|t:|1700303410\n|start\n|switch|p1a: Nox\/1 B|Glimmora, M|100\/100\n|switch|p2a: Dragapult|Dragapult, M|100\/100\n|turn|1\n|\n|t:|1700303422\n|switch|p2a: Hatterene|Hatterene, F|100\/100\n|move|p1a: Nox\/1 B|Mortal Spin|p2a: Hatterene\n|-supereffective|p2a: Hatterene\n|-damage|p2a: Hatterene|91\/100\n|-status|p2a: Hatterene|psn\n|\n|-heal|p2a: Hatterene|97\/100 psn|[from] item: Leftovers\n|-damage|p2a: Hatterene|85\/100 psn|[from] psn\n|upkeep\n|turn|2\n|\n|t:|1700303431\n|move|p1a: Nox\/1 B|Power Gem|p2a: Hatterene\n|-damage|p2a: Hatterene|43\/100 psn\n|move|p2a: Hatterene|Psyshock|p1a: Nox\/1 B\n|-supereffective|p1a: Nox\/1 B\n|-damage|p1a: Nox\/1 B|15\/100\n|\n|-heal|p2a: Hatterene|49\/100 psn|[from] item: Leftovers\n|-damage|p2a: Hatterene|37\/100 psn|[from] psn\n|upkeep\n|turn|3\n|\n|t:|1700303445\n|switch|p2a: Rotom|Rotom-Wash|100\/100\n|move|p1a: Nox\/1 B|Power Gem|p2a: Rotom\n|-damage|p2a: Rotom|59\/100\n|\n|-heal|p2a: Rotom|65\/100|[from] item: Leftovers\n|upkeep\n|turn|4\n|\n|t:|1700303460\n|move|p1a: Nox\/1 B|Stealth Rock|p2a: Rotom\n|-sidestart|p2: draco9746|move: Stealth Rock\n|move|p2a: Rotom|Volt Switch|p1a: Nox\/1 B\n|-damage|p1a: Nox\/1 B|0 fnt\n|faint|p1a: Nox\/1 B\n|\n|t:|1700303469\n|switch|p2a: Dragapult|Dragapult, M|100\/100|[from] Volt Switch\n|-damage|p2a: Dragapult|88\/100|[from] Stealth Rock\n|\n|upkeep\n|\n|t:|1700303477\n|switch|p1a: Funky's Flights|Rillaboom, M|100\/100\n|-fieldstart|move: Grassy Terrain|[from] ability: Grassy Surge|[of] p1a: Funky's Flights\n|turn|5\n|\n|t:|1700303482\n|move|p2a: Dragapult|Flamethrower|p1a: Funky's Flights\n|-supereffective|p1a: Funky's Flights\n|-damage|p1a: Funky's Flights|0 fnt\n|faint|p1a: Funky's Flights\n|\n|-heal|p2a: Dragapult|94\/100|[from] Grassy Terrain\n|upkeep\n|\n|t:|1700303487\n|switch|p1a: \"Hank\"|Iron Moth|100\/100\n|-enditem|p1a: \"Hank\"|Booster Energy\n|-activate|p1a: \"Hank\"|ability: Quark Drive|[fromitem]\n|-start|p1a: \"Hank\"|quarkdrivespe\n|turn|6\n|\n|t:|1700303493\n|switch|p2a: Rotom|Rotom-Wash|65\/100\n|-damage|p2a: Rotom|53\/100|[from] Stealth Rock\n|move|p1a: \"Hank\"|Fiery Dance|p2a: Rotom\n|-resisted|p2a: Rotom\n|-damage|p2a: Rotom|32\/100\n|-boost|p1a: \"Hank\"|spa|1\n|\n|-heal|p2a: Rotom|38\/100|[from] item: Leftovers\n|upkeep\n|turn|7\n|\n|t:|1700303503\n|move|p1a: \"Hank\"|Sludge Wave|p2a: Rotom\n|-damage|p2a: Rotom|0 fnt\n|faint|p2a: Rotom\n|\n|upkeep\n|\n|t:|1700303518\n|switch|p2a: Sneasler|Sneasler, F|100\/100\n|-damage|p2a: Sneasler|95\/100|[from] Stealth Rock\n|turn|8\n|\n|t:|1700303522\n|move|p2a: Sneasler|Fake Out|p1a: \"Hank\"\n|-enditem|p2a: Sneasler|Normal Gem|[from] gem\n|-damage|p1a: \"Hank\"|74\/100\n|cant|p1a: \"Hank\"|flinch\n|\n|-heal|p2a: Sneasler|100\/100|[from] Grassy Terrain\n|-heal|p1a: \"Hank\"|80\/100|[from] Grassy Terrain\n|upkeep\n|turn|9\n|\n|t:|1700303530\n|-terastallize|p2a: Sneasler|Flying\n|move|p2a: Sneasler|Acrobatics|p1a: \"Hank\"\n|-damage|p1a: \"Hank\"|0 fnt\n|faint|p1a: \"Hank\"\n|-end|p1a: \"Hank\"|Quark Drive|[silent]\n|\n|-fieldend|move: Grassy Terrain\n|upkeep\n|-message|The Other Zee forfeited.\n|\n|win|draco9746\n|raw|The Other Zee's rating: 1324 &rarr; <strong>1301<\/strong><br \/>(-23 for losing)\n|raw|draco9746's rating: 1278 &rarr; <strong>1306<\/strong><br \/>(+28 for winning)\n|l|\u2606The Other Zee\n","uploadtime":1700303538,"views":14,"p1id":"theotherzee","p2id":"draco9746","formatid":"gen9ou","rating":1301,"private":0,"password":""}