{"id":"gen9ou-1989127146","p1":"Jektrooper","p2":"RodentCollector","format":"[Gen 9] OU","log":"|j|\u2606Jektrooper\n|j|\u2606RodentCollector\n|t:|1699815136\n|gametype|singles\n|player|p1|Jektrooper|pokemonbreederf|\n|player|p2|RodentCollector|lance-gen2|\n|teamsize|p1|6\n|teamsize|p2|6\n|gen|9\n|tier|[Gen 9] OU\n|rule|Sleep Clause Mod: Limit one foe put to sleep\n|rule|Species Clause: Limit one of each Pok\u00e9mon\n|rule|OHKO Clause: OHKO moves are banned\n|rule|Evasion Items Clause: Evasion items are banned\n|rule|Evasion Moves Clause: Evasion moves are banned\n|rule|Endless Battle Clause: Forcing endless battles is banned\n|rule|HP Percentage Mod: HP is shown in percentages\n|clearpoke\n|poke|p1|Toxapex, F|\n|poke|p1|Enamorus-Therian, F|\n|poke|p1|Dragapult, M|\n|poke|p1|Rillaboom, M|\n|poke|p1|Sneasler, F|\n|poke|p1|Toxtricity, M|\n|poke|p2|Slowking-Galar, F|\n|poke|p2|Jolteon, M|\n|poke|p2|Great Tusk|\n|poke|p2|Moltres|\n|poke|p2|Salamence, M|\n|poke|p2|Shiftry, F|\n|teampreview\n|c|\u2606Jektrooper|gl\n|j| ZeroORAS\n|j| KhaoticIntent\n|n| KhaoticIntent|khaoticintent\n|c|\u2606Jektrooper|I'm going to be real\n|c| KhaoticIntent|it me\n|c|\u2606Jektrooper|I completely forgot about every pokemon on this team besides one of them\n|c|\u2606Jektrooper|that's how dead I am right now\n|c|\u2606Jektrooper|lmaooooo\n|c| ZeroORAS|Jek be prepared challenge (impossible)\n|c|\u2606Jektrooper|don't worry because it's the right team kekw\n|c|\u2606RodentCollector|I'm having one of my moments where I have no idea how I want to lead\n|c| ZeroORAS|Mantis knowing what to lead with challenge (impossible)\n|c|\u2606Jektrooper|I will say I have 3 objectives in this draft and want to meant 2 of them:\n|c|\u2606Jektrooper|1) go positive in regular season\n|\n|t:|1699815268\n|start\n|switch|p1a: Charlez|Toxtricity, M|100\/100\n|switch|p2a: Shiftry|Shiftry, F|100\/100\n|-item|p1a: Charlez|Air Balloon\n|turn|1\n|c|\u2606Jektrooper|2) beat Ruffles again\n|c|\u2606Jektrooper|3) beat Mantis or Orion\n|c| KhaoticIntent|Does the first time really count tho\n|\n|t:|1699815297\n|move|p2a: Shiftry|Tailwind|p2a: Shiftry\n|-sidestart|p2: RodentCollector|move: Tailwind\n|-ability|p2a: Shiftry|Wind Rider|boost\n|-boost|p2a: Shiftry|atk|1\n|move|p1a: Charlez|Nuzzle|p2a: Shiftry\n|-resisted|p2a: Shiftry\n|-damage|p2a: Shiftry|96\/100\n|-status|p2a: Shiftry|par\n|\n|upkeep\n|turn|2\n|c| ZeroORAS|He says or there cause he knows he can only beat one or the other\n|\n|t:|1699815305\n|move|p2a: Shiftry|Explosion|p1a: Charlez\n|-damage|p1a: Charlez|0 fnt\n|-enditem|p1a: Charlez|Air Balloon\n|faint|p2a: Shiftry\n|faint|p1a: Charlez\n|\n|upkeep\n|c|\u2606Jektrooper|mf\n|c| KhaoticIntent|IT BLEW UP\n|c| ZeroORAS|ICONIC\n|\n|t:|1699815320\n|switch|p2a: Great Tusk|Great Tusk|100\/100\n|switch|p1a: Xander|Toxapex, F|100\/100\n|-enditem|p2a: Great Tusk|Booster Energy\n|-activate|p2a: Great Tusk|ability: Protosynthesis|[fromitem]\n|-start|p2a: Great Tusk|protosynthesisatk\n|turn|3\n|\n|t:|1699815330\n|move|p2a: Great Tusk|Stone Edge|p1a: Xander|[miss]\n|-miss|p2a: Great Tusk|p1a: Xander\n|move|p1a: Xander|Surf|p2a: Great Tusk\n|-supereffective|p2a: Great Tusk\n|-damage|p2a: Great Tusk|42\/100\n|\n|upkeep\n|turn|4\n|c|\u2606RodentCollector|I was trying to be fancy and it did NOT pay off\n|\n|t:|1699815351\n|switch|p1a: Ringo|Rillaboom, M|100\/100\n|-fieldstart|move: Grassy Terrain|[from] ability: Grassy Surge|[of] p1a: Ringo\n|move|p2a: Great Tusk|Headlong Rush|p1a: Ringo\n|-resisted|p1a: Ringo\n|-damage|p1a: Ringo|74\/100\n|-unboost|p2a: Great Tusk|def|1\n|-unboost|p2a: Great Tusk|spd|1\n|-enditem|p1a: Ringo|Eject Button\n|c|\u2606Jektrooper|bruh that TOxitricty was cooking I swear\n|\n|t:|1699815370\n|switch|p1a: Potter|Dragapult, M|100\/100\n|\n|-heal|p2a: Great Tusk|48\/100|[from] Grassy Terrain\n|-sideend|p2: RodentCollector|move: Tailwind\n|upkeep\n|turn|5\n|\n|t:|1699815388\n|move|p1a: Potter|Shadow Ball|p2a: Great Tusk\n|-damage|p2a: Great Tusk|0 fnt\n|faint|p2a: Great Tusk\n|-end|p2a: Great Tusk|Protosynthesis|[silent]\n|\n|upkeep\n|\n|t:|1699815392\n|switch|p2a: Salamence|Salamence, M|100\/100\n|turn|6\n|\n|t:|1699815397\n|move|p2a: Salamence|Dual Wingbeat|p1a: Potter\n|-damage|p1a: Potter|66\/100\n|-damage|p1a: Potter|36\/100\n|-hitcount|p1a: Potter|2\n|move|p1a: Potter|Shadow Ball|p2a: Salamence\n|-damage|p2a: Salamence|42\/100\n|\n|-heal|p1a: Potter|42\/100|[from] Grassy Terrain\n|upkeep\n|turn|7\n|c|\u2606Jektrooper|tf?\n|\n|t:|1699815406\n|switch|p1a: Xander|Toxapex, F|100\/100\n|move|p2a: Salamence|Dual Wingbeat|p1a: Xander\n|-damage|p1a: Xander|87\/100\n|-damage|p1a: Xander|72\/100\n|-hitcount|p1a: Xander|2\n|\n|-heal|p1a: Xander|78\/100|[from] Grassy Terrain\n|-heal|p1a: Xander|84\/100|[from] item: Black Sludge\n|upkeep\n|turn|8\n|\n|t:|1699815422\n|switch|p2a: Slowking|Slowking-Galar, F|100\/100\n|switch|p1a: Ringo|Rillaboom, M|74\/100\n|\n|-heal|p1a: Ringo|80\/100|[from] Grassy Terrain\n|-fieldend|move: Grassy Terrain\n|upkeep\n|turn|9\n|\n|t:|1699815430\n|move|p1a: Ringo|Knock Off|p2a: Slowking\n|-supereffective|p2a: Slowking\n|-damage|p2a: Slowking|63\/100\n|-enditem|p2a: Slowking|Covert Cloak|[from] move: Knock Off|[of] p1a: Ringo\n|move|p2a: Slowking|Thunder Wave|p1a: Ringo\n|-status|p1a: Ringo|par\n|\n|upkeep\n|turn|10\n|\n|t:|1699815441\n|switch|p1a: Xander|Toxapex, F|100\/100\n|move|p2a: Slowking|Fire Blast|p1a: Xander\n|-resisted|p1a: Xander\n|-damage|p1a: Xander|89\/100\n|\n|-heal|p1a: Xander|95\/100|[from] item: Black Sludge\n|upkeep\n|turn|11\n|\n|t:|1699815450\n|move|p1a: Xander|Surf|p2a: Slowking\n|-damage|p2a: Slowking|47\/100\n|move|p2a: Slowking|Psychic|p1a: Xander\n|-supereffective|p1a: Xander\n|-damage|p1a: Xander|39\/100\n|\n|-heal|p1a: Xander|45\/100|[from] item: Black Sludge\n|upkeep\n|turn|12\n|c| ZeroORAS|What is Mantis cooking\n|\n|t:|1699815461\n|switch|p1a: Ringo|Rillaboom, M|80\/100 par\n|-fieldstart|move: Grassy Terrain|[from] ability: Grassy Surge|[of] p1a: Ringo\n|move|p2a: Slowking|Thunder Wave|p1a: Ringo\n|-fail|p1a: Ringo|par\n|\n|-heal|p1a: Ringo|86\/100 par|[from] Grassy Terrain\n|-heal|p2a: Slowking|53\/100|[from] Grassy Terrain\n|upkeep\n|turn|13\n|\n|t:|1699815470\n|move|p1a: Ringo|Leech Seed|p2a: Slowking|[miss]\n|-miss|p1a: Ringo|p2a: Slowking\n|move|p2a: Slowking|Psychic|p1a: Ringo\n|-damage|p1a: Ringo|48\/100 par\n|\n|-heal|p1a: Ringo|54\/100 par|[from] Grassy Terrain\n|-heal|p2a: Slowking|59\/100|[from] Grassy Terrain\n|upkeep\n|turn|14\n|c|\u2606Jektrooper|sh!t\n|\n|t:|1699815481\n|move|p1a: Ringo|Leech Seed|p2a: Slowking\n|-start|p2a: Slowking|move: Leech Seed\n|move|p2a: Slowking|Fire Blast|p1a: Ringo|[miss]\n|-miss|p2a: Slowking|p1a: Ringo\n|\n|-heal|p1a: Ringo|60\/100 par|[from] Grassy Terrain\n|-heal|p2a: Slowking|65\/100|[from] Grassy Terrain\n|-damage|p2a: Slowking|53\/100|[from] Leech Seed|[of] p1a: Ringo\n|-heal|p1a: Ringo|72\/100 par|[silent]\n|upkeep\n|turn|15\n|c|\u2606RodentCollector|karma\n|c|\u2606Jektrooper|this got to be the second worse RNG game after Ruffles-Segoe\n|\n|t:|1699815499\n|switch|p2a: Moltres|Moltres|100\/100\n|move|p1a: Ringo|U-turn|p2a: Moltres\n|-resisted|p2a: Moltres\n|-damage|p2a: Moltres|97\/100\n|\n|t:|1699815505\n|switch|p1a: Enamorus|Enamorus-Therian, F|100\/100|[from] U-turn\n|\n|upkeep\n|turn|16\n|\n|t:|1699815516\n|switch|p2a: Slowking|Slowking-Galar, F|86\/100\n|move|p1a: Enamorus|Calm Mind|p1a: Enamorus\n|-boost|p1a: Enamorus|spa|1\n|-boost|p1a: Enamorus|spd|1\n|\n|-heal|p2a: Slowking|92\/100|[from] Grassy Terrain\n|-fieldend|move: Grassy Terrain\n|upkeep\n|turn|17\n|c|\u2606RodentCollector|uh oh\n|c| ZeroORAS|Enamorus sweep?\n|\n|t:|1699815540\n|move|p1a: Enamorus|Earth Power|p2a: Slowking\n|-supereffective|p2a: Slowking\n|-damage|p2a: Slowking|33\/100\n|move|p2a: Slowking|Thunder Wave|p1a: Enamorus\n|-status|p1a: Enamorus|par\n|\n|upkeep\n|turn|18\n|c| KhaoticIntent|Enamorus used calm mind\n|\n|t:|1699815552\n|switch|p2a: Moltres|Moltres|97\/100\n|cant|p1a: Enamorus|par\n|\n|upkeep\n|turn|19\n|c| KhaoticIntent|Enamorus special attacka nd special defense went up 1 stage\n|c|\u2606Jektrooper|just saying I totally clicked Calm Mind\n|\n|t:|1699815564\n|move|p2a: Moltres|Hurricane|p1a: Enamorus\n|-damage|p1a: Enamorus|68\/100 par\n|cant|p1a: Enamorus|par\n|\n|-heal|p1a: Enamorus|74\/100 par|[from] item: Leftovers\n|upkeep\n|turn|20\n|\n|t:|1699815569\n|move|p2a: Moltres|Hurricane|p1a: Enamorus\n|-damage|p1a: Enamorus|44\/100 par\n|move|p1a: Enamorus|Calm Mind|p1a: Enamorus\n|-boost|p1a: Enamorus|spa|1\n|-boost|p1a: Enamorus|spd|1\n|\n|-heal|p1a: Enamorus|50\/100 par|[from] item: Leftovers\n|upkeep\n|turn|21\n|\n|t:|1699815579\n|move|p2a: Moltres|Fire Blast|p1a: Enamorus\n|-damage|p1a: Enamorus|26\/100 par\n|cant|p1a: Enamorus|par\n|\n|-heal|p1a: Enamorus|32\/100 par|[from] item: Leftovers\n|upkeep\n|turn|22\n|c| ZeroORAS|Oh fuck he's really using\n|c| ZeroORAS|Nvm\n|\n|t:|1699815590\n|move|p2a: Moltres|Fire Blast|p1a: Enamorus\n|-damage|p1a: Enamorus|10\/100 par\n|move|p1a: Enamorus|Draining Kiss|p2a: Moltres\n|-resisted|p2a: Moltres\n|-damage|p2a: Moltres|75\/100\n|-heal|p1a: Enamorus|28\/100 par|[from] drain|[of] p2a: Moltres\n|\n|-heal|p1a: Enamorus|34\/100 par|[from] item: Leftovers\n|upkeep\n|turn|23\n|c| ZeroORAS|I thought he was goign for confuse para\n|\n|t:|1699815596\n|move|p2a: Moltres|Hurricane|p1a: Enamorus\n|-damage|p1a: Enamorus|11\/100 par\n|move|p1a: Enamorus|Draining Kiss|p2a: Moltres\n|-resisted|p2a: Moltres\n|-damage|p2a: Moltres|53\/100\n|-heal|p1a: Enamorus|29\/100 par|[from] drain|[of] p2a: Moltres\n|\n|-heal|p1a: Enamorus|35\/100 par|[from] item: Leftovers\n|upkeep\n|turn|24\n|\n|t:|1699815602\n|move|p2a: Moltres|Hurricane|p1a: Enamorus|[miss]\n|-miss|p2a: Moltres|p1a: Enamorus\n|move|p1a: Enamorus|Draining Kiss|p2a: Moltres\n|-resisted|p2a: Moltres\n|-damage|p2a: Moltres|29\/100\n|-heal|p1a: Enamorus|55\/100 par|[from] drain|[of] p2a: Moltres\n|\n|-heal|p1a: Enamorus|61\/100 par|[from] item: Leftovers\n|upkeep\n|turn|25\n|\n|t:|1699815610\n|move|p2a: Moltres|Roost|p2a: Moltres\n|-heal|p2a: Moltres|79\/100\n|-singleturn|p2a: Moltres|move: Roost\n|move|p1a: Enamorus|Calm Mind|p1a: Enamorus\n|-boost|p1a: Enamorus|spa|1\n|-boost|p1a: Enamorus|spd|1\n|\n|-heal|p1a: Enamorus|67\/100 par|[from] item: Leftovers\n|upkeep\n|turn|26\n|\n|t:|1699815615\n|move|p2a: Moltres|Hurricane|p1a: Enamorus\n|-damage|p1a: Enamorus|48\/100 par\n|-start|p1a: Enamorus|confusion\n|-activate|p1a: Enamorus|confusion\n|move|p1a: Enamorus|Calm Mind|p1a: Enamorus\n|-boost|p1a: Enamorus|spa|1\n|-boost|p1a: Enamorus|spd|1\n|\n|-heal|p1a: Enamorus|54\/100 par|[from] item: Leftovers\n|upkeep\n|turn|27\n|\n|t:|1699815621\n|switch|p2a: Salamence|Salamence, M|42\/100\n|-activate|p1a: Enamorus|confusion\n|move|p1a: Enamorus|Draining Kiss|p2a: Salamence\n|-supereffective|p2a: Salamence\n|-damage|p2a: Salamence|0 fnt\n|-heal|p1a: Enamorus|83\/100 par|[from] drain|[of] p2a: Salamence\n|faint|p2a: Salamence\n|\n|-heal|p1a: Enamorus|89\/100 par|[from] item: Leftovers\n|upkeep\n|c|\u2606RodentCollector|tragic\n|c|\u2606RodentCollector|I just lose here\n|\n|t:|1699815641\n|switch|p2a: Jolteon|Jolteon, M|100\/100\n|turn|28\n|\n|t:|1699815644\n|move|p2a: Jolteon|Calm Mind|p2a: Jolteon\n|-boost|p2a: Jolteon|spa|1\n|-boost|p2a: Jolteon|spd|1\n|-activate|p1a: Enamorus|confusion\n|-damage|p1a: Enamorus|84\/100 par|[from] confusion\n|\n|-heal|p1a: Enamorus|90\/100 par|[from] item: Leftovers\n|-status|p2a: Jolteon|brn|[from] item: Flame Orb\n|upkeep\n|turn|29\n|\n|t:|1699815649\n|move|p2a: Jolteon|Calm Mind|p2a: Jolteon\n|-boost|p2a: Jolteon|spa|1\n|-boost|p2a: Jolteon|spd|1\n|-activate|p1a: Enamorus|confusion\n|move|p1a: Enamorus|Draining Kiss|p2a: Jolteon\n|-damage|p2a: Jolteon|62\/100 brn\n|-heal|p1a: Enamorus|100\/100 par|[from] drain|[of] p2a: Jolteon\n|\n|-damage|p2a: Jolteon|56\/100 brn|[from] brn\n|upkeep\n|turn|30\n|\n|t:|1699815653\n|move|p2a: Jolteon|Thunderbolt|p1a: Enamorus\n|-supereffective|p1a: Enamorus\n|-crit|p1a: Enamorus\n|-damage|p1a: Enamorus|0 fnt\n|faint|p1a: Enamorus\n|\n|-damage|p2a: Jolteon|50\/100 brn|[from] brn\n|upkeep\n|c|\u2606RodentCollector|OR NOT\n|\n|t:|1699815662\n|switch|p1a: Ringo|Rillaboom, M|72\/100 par\n|-fieldstart|move: Grassy Terrain|[from] ability: Grassy Surge|[of] p1a: Ringo\n|turn|31\n|c| ZeroORAS|YOOOOOOO\n|c| ZeroORAS|WHAT THE FUCK\n|c|\u2606Jektrooper|nah\n|\n|t:|1699815669\n|-terastallize|p2a: Jolteon|Ice\n|move|p1a: Ringo|Grassy Glide|p2a: Jolteon\n|-damage|p2a: Jolteon|0 fnt\n|faint|p2a: Jolteon\n|\n|-heal|p1a: Ringo|78\/100 par|[from] Grassy Terrain\n|upkeep\n|c|\u2606RodentCollector|NOOOOOOOOOOOOOOOOOOOOOOO\n|\n|t:|1699815679\n|switch|p2a: Moltres|Moltres|79\/100\n|turn|32\n|\n|t:|1699815686\n|move|p2a: Moltres|Hurricane|p1a: Ringo\n|-supereffective|p1a: Ringo\n|-damage|p1a: Ringo|0 fnt\n|faint|p1a: Ringo\n|\n|upkeep\n|\n|t:|1699815689\n|switch|p1a: Sneads|Sneasler, F|100\/100\n|-enditem|p1a: Sneads|Grassy Seed\n|-boost|p1a: Sneads|def|1|[from] item: Grassy Seed\n|turn|33\n|\n|t:|1699815696\n|move|p1a: Sneads|Dire Claw|p2a: Moltres\n|-damage|p2a: Moltres|50\/100\n|move|p2a: Moltres|Hurricane|p1a: Sneads|[miss]\n|-miss|p2a: Moltres|p1a: Sneads\n|\n|upkeep\n|turn|34\n|\n|t:|1699815701\n|move|p1a: Sneads|Dire Claw|p2a: Moltres\n|-damage|p2a: Moltres|17\/100\n|move|p2a: Moltres|Roost|p2a: Moltres\n|-heal|p2a: Moltres|67\/100\n|-singleturn|p2a: Moltres|move: Roost\n|\n|-heal|p2a: Moltres|73\/100|[from] Grassy Terrain\n|upkeep\n|turn|35\n|\n|t:|1699815705\n|move|p1a: Sneads|Dire Claw|p2a: Moltres\n|-damage|p2a: Moltres|41\/100\n|move|p2a: Moltres|Hurricane|p1a: Sneads\n|-supereffective|p1a: Sneads\n|-damage|p1a: Sneads|0 fnt\n|faint|p1a: Sneads\n|\n|-fieldend|move: Grassy Terrain\n|upkeep\n|\n|t:|1699815710\n|switch|p1a: Potter|Dragapult, M|42\/100\n|turn|36\n|\n|t:|1699815714\n|move|p1a: Potter|Shadow Ball|p2a: Moltres\n|-damage|p2a: Moltres|0 fnt\n|faint|p2a: Moltres\n|\n|upkeep\n|\n|t:|1699815717\n|switch|p2a: Slowking|Slowking-Galar, F|66\/100\n|turn|37\n|\n|t:|1699815720\n|move|p1a: Potter|Shadow Ball|p2a: Slowking\n|-supereffective|p2a: Slowking\n|-damage|p2a: Slowking|0 fnt\n|faint|p2a: Slowking\n|\n|win|Jektrooper\n|c|\u2606Jektrooper|I feel like\n|c|\u2606RodentCollector|that was a rollercoaster\n|c| ZeroORAS|Damn\n|c|\u2606Jektrooper|every game I play\n|c|\u2606Jektrooper|is terrible\n|c|\u2606RodentCollector|gg\n|c|\u2606Jektrooper|ggs\n|c| KhaoticIntent|maybe\n|c| ZeroORAS|Its Enamorus I feel\n","uploadtime":1699815747,"views":25,"p1id":"jektrooper","p2id":"rodentcollector","formatid":"gen9ou","rating":0,"private":0,"password":""}