{"id":"gen9ou-1989322255","p1":"GUANGDONG TlGERS","p2":"mathismathin","format":"[Gen 9] OU","log":"|j|\u2606GUANGDONG TlGERS\n|j|\u2606mathismathin\n|t:|1699836218\n|gametype|singles\n|player|p1|GUANGDONG TlGERS|worker|1506\n|player|p2|mathismathin|nate|1730\n|teamsize|p1|6\n|teamsize|p2|6\n|gen|9\n|tier|[Gen 9] OU\n|rated|\n|rule|Sleep Clause Mod: Limit one foe put to sleep\n|rule|Species Clause: Limit one of each Pok\u00e9mon\n|rule|OHKO Clause: OHKO moves are banned\n|rule|Evasion Items Clause: Evasion items are banned\n|rule|Evasion Moves Clause: Evasion moves are banned\n|rule|Endless Battle Clause: Forcing endless battles is banned\n|rule|HP Percentage Mod: HP is shown in percentages\n|clearpoke\n|poke|p1|Torkoal, M|\n|poke|p1|Hatterene, F|\n|poke|p1|Walking Wake|\n|poke|p1|Slither Wing|\n|poke|p1|Ceruledge, M|\n|poke|p1|Heatran, F|\n|poke|p2|Clefable, F|\n|poke|p2|Alomomola, F|\n|poke|p2|Blissey, F|\n|poke|p2|Clodsire, F|\n|poke|p2|Dondozo, M|\n|poke|p2|Amoonguss, M|\n|teampreview\n|\n|t:|1699836268\n|start\n|switch|p1a: Torkoal|Torkoal, M|100\/100\n|switch|p2a: Clefable|Clefable, F|100\/100\n|-weather|SunnyDay|[from] ability: Drought|[of] p1a: Torkoal\n|turn|1\n|\n|t:|1699836275\n|switch|p1a: Hatterene|Hatterene, F|100\/100\n|move|p2a: Clefable|Knock Off|p1a: Hatterene\n|-damage|p1a: Hatterene|88\/100\n|-enditem|p1a: Hatterene|Eject Button|[from] move: Knock Off|[of] p2a: Clefable\n|\n|-weather|SunnyDay|[upkeep]\n|upkeep\n|turn|2\n|\n|t:|1699836285\n|move|p2a: Clefable|Moonblast|p1a: Hatterene\n|-damage|p1a: Hatterene|54\/100\n|move|p1a: Hatterene|Nuzzle|p2a: Clefable\n|-damage|p2a: Clefable|97\/100\n|-status|p2a: Clefable|par\n|\n|-weather|SunnyDay|[upkeep]\n|-heal|p2a: Clefable|100\/100 par|[from] item: Leftovers\n|upkeep\n|turn|3\n|\n|t:|1699836288\n|move|p1a: Hatterene|Psychic|p2a: Clefable\n|-damage|p2a: Clefable|60\/100 par\n|move|p2a: Clefable|Knock Off|p1a: Hatterene\n|-crit|p1a: Hatterene\n|-damage|p1a: Hatterene|41\/100\n|\n|-weather|SunnyDay|[upkeep]\n|-heal|p2a: Clefable|66\/100 par|[from] item: Leftovers\n|upkeep\n|turn|4\n|\n|t:|1699836297\n|switch|p2a: Blissey|Blissey, F|100\/100\n|move|p1a: Hatterene|Healing Wish|p1a: Hatterene\n|faint|p1a: Hatterene\n|\n|-weather|SunnyDay|[upkeep]\n|upkeep\n|\n|t:|1699836301\n|switch|p1a: Slither Wing|Slither Wing|100\/100\n|-activate|p1a: Slither Wing|ability: Protosynthesis\n|-start|p1a: Slither Wing|protosynthesisatk\n|turn|5\n|\n|t:|1699836304\n|switch|p2a: Alomomola|Alomomola, F|100\/100\n|move|p1a: Slither Wing|Close Combat|p2a: Alomomola\n|-damage|p2a: Alomomola|27\/100\n|-unboost|p1a: Slither Wing|def|1\n|-unboost|p1a: Slither Wing|spd|1\n|\n|-weather|SunnyDay|[upkeep]\n|upkeep\n|turn|6\n|\n|t:|1699836309\n|switch|p2a: Clefable|Clefable, F|66\/100 par\n|move|p1a: Slither Wing|Close Combat|p2a: Clefable\n|-resisted|p2a: Clefable\n|-damage|p2a: Clefable|13\/100 par\n|-unboost|p1a: Slither Wing|def|1\n|-unboost|p1a: Slither Wing|spd|1\n|\n|-weather|SunnyDay|[upkeep]\n|-heal|p2a: Clefable|19\/100 par|[from] item: Leftovers\n|upkeep\n|turn|7\n|\n|t:|1699836312\n|-terastallize|p2a: Clefable|Ghost\n|move|p1a: Slither Wing|Close Combat|p2a: Clefable\n|-immune|p2a: Clefable\n|cant|p2a: Clefable|par\n|\n|-weather|SunnyDay|[upkeep]\n|-heal|p2a: Clefable|25\/100 par|[from] item: Leftovers\n|upkeep\n|turn|8\n|\n|t:|1699836317\n|-end|p1a: Slither Wing|Protosynthesis|[silent]\n|switch|p1a: Ceruledge|Ceruledge, M|100\/100\n|move|p2a: Clefable|Wish|p2a: Clefable\n|\n|-weather|none\n|-heal|p2a: Clefable|31\/100 par|[from] item: Leftovers\n|upkeep\n|turn|9\n|\n|t:|1699836321\n|move|p2a: Clefable|Protect|p2a: Clefable\n|-singleturn|p2a: Clefable|Protect\n|move|p1a: Ceruledge|Bitter Blade|p2a: Clefable\n|-activate|p2a: Clefable|move: Protect\n|\n|-heal|p2a: Clefable|81\/100 par|[from] move: Wish|[wisher] Clefable\n|-heal|p2a: Clefable|87\/100 par|[from] item: Leftovers\n|upkeep\n|turn|10\n|\n|t:|1699836326\n|switch|p1a: Torkoal|Torkoal, M|100\/100\n|-weather|SunnyDay|[from] ability: Drought|[of] p1a: Torkoal\n|switch|p2a: Alomomola|Alomomola, F|60\/100\n|\n|-weather|SunnyDay|[upkeep]\n|upkeep\n|turn|11\n|\n|t:|1699836331\n|switch|p1a: Slither Wing|Slither Wing|100\/100\n|-activate|p1a: Slither Wing|ability: Protosynthesis\n|-start|p1a: Slither Wing|protosynthesisatk\n|move|p2a: Alomomola|Wish|p2a: Alomomola\n|\n|-weather|SunnyDay|[upkeep]\n|upkeep\n|turn|12\n|\n|t:|1699836337\n|move|p2a: Alomomola|Protect|p2a: Alomomola\n|-singleturn|p2a: Alomomola|Protect\n|move|p1a: Slither Wing|U-turn|p2a: Alomomola\n|-activate|p2a: Alomomola|move: Protect\n|\n|-weather|SunnyDay|[upkeep]\n|-heal|p2a: Alomomola|100\/100|[from] move: Wish|[wisher] Alomomola\n|upkeep\n|turn|13\n|\n|t:|1699836341\n|move|p1a: Slither Wing|U-turn|p2a: Alomomola\n|-damage|p2a: Alomomola|58\/100\n|\n|t:|1699836344\n|-end|p1a: Slither Wing|Protosynthesis|[silent]\n|switch|p1a: Walking Wake|Walking Wake|100\/100|[from] U-turn\n|-activate|p1a: Walking Wake|ability: Protosynthesis\n|-start|p1a: Walking Wake|protosynthesisspe\n|move|p2a: Alomomola|Flip Turn|p1a: Walking Wake\n|-resisted|p1a: Walking Wake\n|-damage|p1a: Walking Wake|98\/100\n|\n|t:|1699836349\n|switch|p2a: Blissey|Blissey, F|100\/100|[from] Flip Turn\n|\n|-weather|SunnyDay|[upkeep]\n|upkeep\n|turn|14\n|\n|t:|1699836351\n|move|p1a: Walking Wake|Flip Turn|p2a: Blissey\n|-damage|p2a: Blissey|85\/100\n|\n|t:|1699836355\n|-end|p1a: Walking Wake|Protosynthesis|[silent]\n|switch|p1a: Heatran|Heatran, F|100\/100|[from] Flip Turn\n|move|p2a: Blissey|Stealth Rock|p1a: Heatran\n|-sidestart|p1: GUANGDONG TlGERS|move: Stealth Rock\n|\n|-weather|SunnyDay|[upkeep]\n|upkeep\n|turn|15\n|\n|t:|1699836360\n|switch|p2a: Alomomola|Alomomola, F|91\/100\n|move|p1a: Heatran|Magma Storm|p2a: Alomomola\n|-resisted|p2a: Alomomola\n|-damage|p2a: Alomomola|55\/100\n|-activate|p2a: Alomomola|move: Magma Storm|[of] p1a: Heatran\n|\n|-weather|SunnyDay|[upkeep]\n|-damage|p2a: Alomomola|43\/100|[from] move: Magma Storm|[partiallytrapped]\n|upkeep\n|turn|16\n|\n|t:|1699836367\n|move|p1a: Heatran|Taunt|p2a: Alomomola\n|-start|p2a: Alomomola|move: Taunt\n|move|p2a: Alomomola|Flip Turn|p1a: Heatran\n|-supereffective|p1a: Heatran\n|-damage|p1a: Heatran|87\/100\n|\n|t:|1699836382\n|switch|p2a: Blissey|Blissey, F|85\/100|[from] Flip Turn\n|\n|-weather|SunnyDay|[upkeep]\n|-heal|p1a: Heatran|93\/100|[from] item: Leftovers\n|upkeep\n|turn|17\n|\n|t:|1699836386\n|move|p2a: Blissey|Protect|p2a: Blissey\n|-singleturn|p2a: Blissey|Protect\n|move|p1a: Heatran|Magma Storm|p2a: Blissey\n|-activate|p2a: Blissey|move: Protect\n|\n|-weather|none\n|-heal|p1a: Heatran|99\/100|[from] item: Leftovers\n|upkeep\n|turn|18\n|\n|t:|1699836388\n|switch|p2a: Alomomola|Alomomola, F|76\/100\n|move|p1a: Heatran|Magma Storm|p2a: Alomomola|[miss]\n|-miss|p1a: Heatran|p2a: Alomomola\n|\n|-heal|p1a: Heatran|100\/100|[from] item: Leftovers\n|upkeep\n|turn|19\n|\n|t:|1699836393\n|switch|p1a: Torkoal|Torkoal, M|100\/100\n|-damage|p1a: Torkoal|76\/100|[from] Stealth Rock\n|-weather|SunnyDay|[from] ability: Drought|[of] p1a: Torkoal\n|move|p2a: Alomomola|Flip Turn|p1a: Torkoal\n|-supereffective|p1a: Torkoal\n|-damage|p1a: Torkoal|66\/100\n|\n|t:|1699836398\n|switch|p2a: Clefable|Clefable, F, tera:Ghost|87\/100 par|[from] Flip Turn\n|\n|-weather|SunnyDay|[upkeep]\n|-heal|p2a: Clefable|93\/100 par|[from] item: Leftovers\n|upkeep\n|turn|20\n|\n|t:|1699836406\n|switch|p1a: Heatran|Heatran, F|100\/100\n|-damage|p1a: Heatran|88\/100|[from] Stealth Rock\n|move|p2a: Clefable|Knock Off|p1a: Heatran\n|-damage|p1a: Heatran|76\/100\n|-enditem|p1a: Heatran|Leftovers|[from] move: Knock Off|[of] p2a: Clefable\n|\n|-weather|SunnyDay|[upkeep]\n|-heal|p2a: Clefable|99\/100 par|[from] item: Leftovers\n|upkeep\n|turn|21\n|\n|t:|1699836412\n|switch|p2a: Alomomola|Alomomola, F|100\/100\n|move|p1a: Heatran|Magma Storm|p2a: Alomomola\n|-resisted|p2a: Alomomola\n|-damage|p2a: Alomomola|60\/100\n|-activate|p2a: Alomomola|move: Magma Storm|[of] p1a: Heatran\n|\n|-weather|SunnyDay|[upkeep]\n|-damage|p2a: Alomomola|48\/100|[from] move: Magma Storm|[partiallytrapped]\n|upkeep\n|turn|22\n|\n|t:|1699836418\n|move|p1a: Heatran|Magma Storm|p2a: Alomomola|[miss]\n|-miss|p1a: Heatran|p2a: Alomomola\n|move|p2a: Alomomola|Flip Turn|p1a: Heatran\n|-supereffective|p1a: Heatran\n|-damage|p1a: Heatran|61\/100\n|c|\u2606GUANGDONG TlGERS|arghh\n|\n|t:|1699836424\n|switch|p2a: Blissey|Blissey, F|85\/100|[from] Flip Turn\n|\n|-weather|SunnyDay|[upkeep]\n|upkeep\n|turn|23\n|\n|t:|1699836427\n|move|p2a: Blissey|Protect|p2a: Blissey\n|-singleturn|p2a: Blissey|Protect\n|move|p1a: Heatran|Stealth Rock|p2a: Blissey\n|-sidestart|p2: mathismathin|move: Stealth Rock\n|\n|-weather|SunnyDay|[upkeep]\n|upkeep\n|turn|24\n|\n|t:|1699836431\n|switch|p1a: Slither Wing|Slither Wing|100\/100\n|-damage|p1a: Slither Wing|88\/100|[from] Stealth Rock\n|-activate|p1a: Slither Wing|ability: Protosynthesis\n|-start|p1a: Slither Wing|protosynthesisatk\n|move|p2a: Blissey|Seismic Toss|p1a: Slither Wing\n|-damage|p1a: Slither Wing|56\/100\n|\n|-weather|SunnyDay|[upkeep]\n|upkeep\n|turn|25\n|\n|t:|1699836439\n|move|p2a: Blissey|Protect|p2a: Blissey\n|-singleturn|p2a: Blissey|Protect\n|move|p1a: Slither Wing|U-turn|p2a: Blissey\n|-activate|p2a: Blissey|move: Protect\n|\n|-weather|SunnyDay|[upkeep]\n|upkeep\n|turn|26\n|\n|t:|1699836446\n|switch|p2a: Alomomola|Alomomola, F|81\/100\n|move|p1a: Slither Wing|U-turn|p2a: Alomomola\n|-damage|p2a: Alomomola|38\/100\n|\n|t:|1699836453\n|-end|p1a: Slither Wing|Protosynthesis|[silent]\n|switch|p1a: Ceruledge|Ceruledge, M|100\/100|[from] U-turn\n|\n|-weather|none\n|upkeep\n|turn|27\n|\n|t:|1699836456\n|switch|p1a: Torkoal|Torkoal, M|66\/100\n|-heal|p1a: Torkoal|100\/100|[from] move: Healing Wish\n|-damage|p1a: Torkoal|76\/100|[from] Stealth Rock\n|-weather|SunnyDay|[from] ability: Drought|[of] p1a: Torkoal\n|switch|p2a: Dondozo|Dondozo, M|100\/100\n|\n|-weather|SunnyDay|[upkeep]\n|upkeep\n|turn|28\n|\n|t:|1699836461\n|switch|p2a: Clefable|Clefable, F, tera:Ghost|99\/100 par\n|move|p1a: Torkoal|Rapid Spin|p2a: Clefable\n|-immune|p2a: Clefable\n|\n|-weather|SunnyDay|[upkeep]\n|-heal|p2a: Clefable|100\/100 par|[from] item: Leftovers\n|upkeep\n|turn|29\n|\n|t:|1699836465\n|switch|p1a: Heatran|Heatran, F|61\/100\n|-damage|p1a: Heatran|49\/100|[from] Stealth Rock\n|cant|p2a: Clefable|par\n|\n|-weather|SunnyDay|[upkeep]\n|upkeep\n|turn|30\n|\n|t:|1699836477\n|move|p2a: Clefable|Protect|p2a: Clefable\n|-singleturn|p2a: Clefable|Protect\n|move|p1a: Heatran|Magma Storm|p2a: Clefable\n|-activate|p2a: Clefable|move: Protect\n|\n|-weather|SunnyDay|[upkeep]\n|upkeep\n|turn|31\n|\n|t:|1699836482\n|switch|p2a: Clodsire|Clodsire, F|100\/100\n|move|p1a: Heatran|Magma Storm|p2a: Clodsire\n|-damage|p2a: Clodsire|65\/100\n|-activate|p2a: Clodsire|move: Magma Storm|[of] p1a: Heatran\n|\n|-weather|SunnyDay|[upkeep]\n|-damage|p2a: Clodsire|53\/100|[from] move: Magma Storm|[partiallytrapped]\n|upkeep\n|turn|32\n|\n|t:|1699836489\n|move|p1a: Heatran|Earth Power|p2a: Clodsire\n|-supereffective|p2a: Clodsire\n|-damage|p2a: Clodsire|27\/100\n|move|p2a: Clodsire|Spikes|p1a: Heatran\n|-sidestart|p1: GUANGDONG TlGERS|Spikes\n|\n|-weather|SunnyDay|[upkeep]\n|-damage|p2a: Clodsire|14\/100|[from] move: Magma Storm|[partiallytrapped]\n|upkeep\n|turn|33\n|\n|t:|1699836492\n|move|p1a: Heatran|Earth Power|p2a: Clodsire\n|-supereffective|p2a: Clodsire\n|-damage|p2a: Clodsire|0 fnt\n|faint|p2a: Clodsire\n|\n|-weather|SunnyDay|[upkeep]\n|upkeep\n|\n|t:|1699836496\n|switch|p2a: Alomomola|Alomomola, F|71\/100\n|turn|34\n|\n|t:|1699836499\n|move|p1a: Heatran|Magma Storm|p2a: Alomomola\n|-resisted|p2a: Alomomola\n|-damage|p2a: Alomomola|32\/100\n|-activate|p2a: Alomomola|move: Magma Storm|[of] p1a: Heatran\n|move|p2a: Alomomola|Flip Turn|p1a: Heatran\n|-supereffective|p1a: Heatran\n|-damage|p1a: Heatran|37\/100\n|\n|t:|1699836503\n|switch|p2a: Dondozo|Dondozo, M|100\/100|[from] Flip Turn\n|\n|-weather|none\n|upkeep\n|turn|35\n|\n|t:|1699836509\n|move|p1a: Heatran|Taunt|p2a: Dondozo\n|-start|p2a: Dondozo|move: Taunt\n|move|p2a: Dondozo|Body Press|p1a: Heatran\n|-supereffective|p1a: Heatran\n|-damage|p1a: Heatran|0 fnt\n|faint|p1a: Heatran\n|\n|upkeep\n|\n|t:|1699836511\n|switch|p1a: Torkoal|Torkoal, M|76\/100\n|-damage|p1a: Torkoal|51\/100|[from] Stealth Rock\n|-damage|p1a: Torkoal|39\/100|[from] Spikes\n|-weather|SunnyDay|[from] ability: Drought|[of] p1a: Torkoal\n|turn|36\n|\n|t:|1699836515\n|switch|p2a: Clefable|Clefable, F, tera:Ghost|100\/100 par\n|switch|p1a: Walking Wake|Walking Wake|98\/100\n|-damage|p1a: Walking Wake|86\/100|[from] Stealth Rock\n|-damage|p1a: Walking Wake|74\/100|[from] Spikes\n|-activate|p1a: Walking Wake|ability: Protosynthesis\n|-start|p1a: Walking Wake|protosynthesisspe\n|\n|-weather|SunnyDay|[upkeep]\n|upkeep\n|turn|37\n|\n|t:|1699836521\n|switch|p2a: Amoonguss|Amoonguss, M|100\/100\n|-terastallize|p1a: Walking Wake|Water\n|move|p1a: Walking Wake|Hydro Steam|p2a: Amoonguss\n|-resisted|p2a: Amoonguss\n|-damage|p2a: Amoonguss|40\/100\n|\n|-weather|SunnyDay|[upkeep]\n|upkeep\n|turn|38\n|\n|t:|1699836530\n|move|p1a: Walking Wake|Hydro Steam|p2a: Amoonguss\n|-resisted|p2a: Amoonguss\n|-damage|p2a: Amoonguss|0 fnt\n|faint|p2a: Amoonguss\n|\n|-weather|SunnyDay|[upkeep]\n|upkeep\n|\n|t:|1699836533\n|switch|p2a: Blissey|Blissey, F|85\/100\n|turn|39\n|\n|t:|1699836538\n|-end|p1a: Walking Wake|Protosynthesis|[silent]\n|switch|p1a: Slither Wing|Slither Wing|56\/100\n|-damage|p1a: Slither Wing|44\/100|[from] Stealth Rock\n|-damage|p1a: Slither Wing|32\/100|[from] Spikes\n|-activate|p1a: Slither Wing|ability: Protosynthesis\n|-start|p1a: Slither Wing|protosynthesisatk\n|move|p2a: Blissey|Soft-Boiled|p2a: Blissey\n|-heal|p2a: Blissey|100\/100\n|\n|-weather|SunnyDay|[upkeep]\n|upkeep\n|turn|40\n|\n|t:|1699836542\n|move|p2a: Blissey|Protect|p2a: Blissey\n|-singleturn|p2a: Blissey|Protect\n|move|p1a: Slither Wing|U-turn|p2a: Blissey\n|-activate|p2a: Blissey|move: Protect\n|\n|-weather|SunnyDay|[upkeep]\n|upkeep\n|turn|41\n|\n|t:|1699836546\n|switch|p2a: Alomomola|Alomomola, F|65\/100\n|move|p1a: Slither Wing|U-turn|p2a: Alomomola\n|-damage|p2a: Alomomola|23\/100\n|\n|t:|1699836549\n|-end|p1a: Slither Wing|Protosynthesis|[silent]\n|switch|p1a: Walking Wake|Walking Wake, tera:Water|74\/100|[from] U-turn\n|-damage|p1a: Walking Wake|62\/100|[from] Stealth Rock\n|-damage|p1a: Walking Wake|49\/100|[from] Spikes\n|-activate|p1a: Walking Wake|ability: Protosynthesis\n|-start|p1a: Walking Wake|protosynthesisspe\n|\n|-weather|SunnyDay|[upkeep]\n|upkeep\n|turn|42\n|\n|t:|1699836551\n|move|p2a: Alomomola|Protect|p2a: Alomomola\n|-singleturn|p2a: Alomomola|Protect\n|move|p1a: Walking Wake|Hydro Steam|p2a: Alomomola\n|-activate|p2a: Alomomola|move: Protect\n|\n|-weather|SunnyDay|[upkeep]\n|upkeep\n|turn|43\n|\n|t:|1699836553\n|switch|p2a: Blissey|Blissey, F|100\/100\n|move|p1a: Walking Wake|Hydro Steam|p2a: Blissey\n|-crit|p2a: Blissey\n|-damage|p2a: Blissey|47\/100\n|\n|-weather|none\n|-end|p1a: Walking Wake|Protosynthesis\n|upkeep\n|turn|44\n|\n|t:|1699836558\n|-end|p1a: Walking Wake|Protosynthesis|[silent]\n|switch|p1a: Ceruledge|Ceruledge, M|100\/100\n|move|p2a: Blissey|Soft-Boiled|p2a: Blissey\n|-heal|p2a: Blissey|97\/100\n|\n|upkeep\n|turn|45\n|\n|t:|1699836568\n|switch|p1a: Torkoal|Torkoal, M|39\/100\n|-damage|p1a: Torkoal|14\/100|[from] Stealth Rock\n|-damage|p1a: Torkoal|2\/100|[from] Spikes\n|-weather|SunnyDay|[from] ability: Drought|[of] p1a: Torkoal\n|switch|p2a: Dondozo|Dondozo, M|100\/100\n|\n|-weather|SunnyDay|[upkeep]\n|upkeep\n|turn|46\n|\n|t:|1699836576\n|move|p2a: Dondozo|Body Press|p1a: Torkoal\n|-damage|p1a: Torkoal|0 fnt\n|faint|p1a: Torkoal\n|\n|-weather|SunnyDay|[upkeep]\n|upkeep\n|\n|t:|1699836582\n|switch|p1a: Slither Wing|Slither Wing|32\/100\n|-damage|p1a: Slither Wing|19\/100|[from] Stealth Rock\n|-damage|p1a: Slither Wing|7\/100|[from] Spikes\n|-activate|p1a: Slither Wing|ability: Protosynthesis\n|-start|p1a: Slither Wing|protosynthesisatk\n|turn|47\n|\n|t:|1699836587\n|switch|p2a: Clefable|Clefable, F, tera:Ghost|100\/100 par\n|move|p1a: Slither Wing|Close Combat|p2a: Clefable\n|-immune|p2a: Clefable\n|\n|-weather|SunnyDay|[upkeep]\n|upkeep\n|turn|48\n|\n|t:|1699836592\n|-end|p1a: Slither Wing|Protosynthesis|[silent]\n|switch|p1a: Ceruledge|Ceruledge, M|100\/100\n|move|p2a: Clefable|Knock Off|p1a: Ceruledge\n|-supereffective|p1a: Ceruledge\n|-damage|p1a: Ceruledge|67\/100\n|-enditem|p1a: Ceruledge|Heavy-Duty Boots|[from] move: Knock Off|[of] p2a: Clefable\n|\n|-weather|SunnyDay|[upkeep]\n|upkeep\n|turn|49\n|\n|t:|1699836598\n|switch|p1a: Walking Wake|Walking Wake, tera:Water|49\/100\n|-damage|p1a: Walking Wake|37\/100|[from] Stealth Rock\n|-damage|p1a: Walking Wake|25\/100|[from] Spikes\n|-activate|p1a: Walking Wake|ability: Protosynthesis\n|-start|p1a: Walking Wake|protosynthesisspe\n|switch|p2a: Dondozo|Dondozo, M|100\/100\n|\n|-weather|SunnyDay|[upkeep]\n|upkeep\n|turn|50\n|\n|t:|1699836606\n|switch|p2a: Alomomola|Alomomola, F|56\/100\n|move|p1a: Walking Wake|Draco Meteor|p2a: Alomomola\n|-damage|p2a: Alomomola|0 fnt\n|-unboost|p1a: Walking Wake|spa|2\n|faint|p2a: Alomomola\n|\n|-weather|SunnyDay|[upkeep]\n|upkeep\n|\n|t:|1699836609\n|switch|p2a: Blissey|Blissey, F|97\/100\n|turn|51\n|\n|t:|1699836612\n|-end|p1a: Walking Wake|Protosynthesis|[silent]\n|switch|p1a: Slither Wing|Slither Wing|7\/100\n|-damage|p1a: Slither Wing|0 fnt|[from] Stealth Rock\n|faint|p1a: Slither Wing\n|-end|p1a: Slither Wing|Protosynthesis|[silent]\n|move|p2a: Blissey|Seismic Toss|p1: Slither Wing|[notarget]\n|-fail|p2a: Blissey\n|\n|-weather|SunnyDay|[upkeep]\n|upkeep\n|\n|t:|1699836615\n|switch|p1a: Ceruledge|Ceruledge, M|67\/100\n|-damage|p1a: Ceruledge|42\/100|[from] Stealth Rock\n|-damage|p1a: Ceruledge|30\/100|[from] Spikes\n|turn|52\n|\n|t:|1699836617\n|switch|p2a: Dondozo|Dondozo, M|100\/100\n|move|p1a: Ceruledge|Bitter Blade|p2a: Dondozo\n|-resisted|p2a: Dondozo\n|-damage|p2a: Dondozo|89\/100\n|-heal|p1a: Ceruledge|38\/100|[from] drain|[of] p2a: Dondozo\n|\n|-weather|none\n|upkeep\n|turn|53\n|c|\u2606GUANGDONG TlGERS|gg\n|-message|GUANGDONG TlGERS forfeited.\n|\n|win|mathismathin\n|raw|GUANGDONG TlGERS's rating: 1506 &rarr; <strong>1497<\/strong><br \/>(-9 for losing)\n|raw|mathismathin's rating: 1730 &rarr; <strong>1739<\/strong><br \/>(+9 for winning)\n|l|\u2606GUANGDONG TlGERS\n|c|\u2606mathismathin|gg\n","uploadtime":1699836627,"views":11,"p1id":"guangdongtlgers","p2id":"mathismathin","formatid":"gen9ou","rating":1497,"private":0,"password":""}