{"id":"gen9ou-1993164300","p1":"wookiepizza","p2":"Omeezzy","format":"[Gen 9] OU","log":"|j|\u2606wookiepizza\n|j|\u2606Omeezzy\n|t:|1700272595\n|gametype|singles\n|player|p1|wookiepizza|2|1318\n|player|p2|Omeezzy|102|1338\n|teamsize|p1|6\n|teamsize|p2|6\n|gen|9\n|tier|[Gen 9] OU\n|rated|\n|rule|Sleep Clause Mod: Limit one foe put to sleep\n|rule|Species Clause: Limit one of each Pok\u00e9mon\n|rule|OHKO Clause: OHKO moves are banned\n|rule|Evasion Items Clause: Evasion items are banned\n|rule|Evasion Moves Clause: Evasion moves are banned\n|rule|Endless Battle Clause: Forcing endless battles is banned\n|rule|HP Percentage Mod: HP is shown in percentages\n|clearpoke\n|poke|p1|Walking Wake|\n|poke|p1|Great Tusk|\n|poke|p1|Gholdengo|\n|poke|p1|Torkoal, M|\n|poke|p1|Scream Tail|\n|poke|p1|Moltres|\n|poke|p2|Garchomp, M|\n|poke|p2|Enamorus, F|\n|poke|p2|Ogerpon-Wellspring, F|\n|poke|p2|Iron Moth|\n|poke|p2|Great Tusk|\n|poke|p2|Heatran, F|\n|teampreview\n|inactive|Battle timer is ON: inactive players will automatically lose when time's up. (requested by Omeezzy)\n|j| StatykBoy\n|\n|t:|1700272602\n|start\n|switch|p1a: Torkoal|Torkoal, M|100\/100\n|switch|p2a: Ogerpon|Ogerpon-Wellspring, F|100\/100\n|-weather|SunnyDay|[from] ability: Drought|[of] p1a: Torkoal\n|turn|1\n|\n|t:|1700272611\n|switch|p1a: Walking Wake|Walking Wake|100\/100\n|-activate|p1a: Walking Wake|ability: Protosynthesis\n|-start|p1a: Walking Wake|protosynthesisspe\n|-terastallize|p2a: Ogerpon|Water\n|detailschange|p2a: Ogerpon|Ogerpon-Wellspring-Tera, F, tera:Water\n|-ability|p2a: Ogerpon|Embody Aspect (Wellspring)|boost\n|-boost|p2a: Ogerpon|spd|1\n|move|p2a: Ogerpon|Ivy Cudgel|p1a: Walking Wake|[anim] Ivy Cudgel Water\n|-resisted|p1a: Walking Wake\n|-damage|p1a: Walking Wake|90\/100\n|\n|-weather|SunnyDay|[upkeep]\n|upkeep\n|turn|2\n|\n|t:|1700272629\n|move|p1a: Walking Wake|Draco Meteor|p2a: Ogerpon\n|-damage|p2a: Ogerpon|49\/100\n|-unboost|p1a: Walking Wake|spa|2\n|move|p2a: Ogerpon|Encore|p1a: Walking Wake\n|-start|p1a: Walking Wake|Encore\n|\n|-weather|SunnyDay|[upkeep]\n|upkeep\n|turn|3\n|\n|t:|1700272641\n|-end|p1a: Walking Wake|Protosynthesis|[silent]\n|switch|p1a: Scream Tail|Scream Tail|100\/100\n|-activate|p1a: Scream Tail|ability: Protosynthesis\n|-start|p1a: Scream Tail|protosynthesisspe\n|switch|p2a: Enamorus|Enamorus, F|100\/100\n|\n|-weather|SunnyDay|[upkeep]\n|upkeep\n|turn|4\n|\n|t:|1700272651\n|switch|p2a: Iron Moth|Iron Moth|100\/100\n|move|p1a: Scream Tail|Wish|p1a: Scream Tail\n|\n|-weather|SunnyDay|[upkeep]\n|upkeep\n|turn|5\n|\n|t:|1700272665\n|-end|p1a: Scream Tail|Protosynthesis|[silent]\n|switch|p1a: Moltres|Moltres|100\/100\n|move|p2a: Iron Moth|Sludge Wave|p1a: Moltres\n|-crit|p1a: Moltres\n|-damage|p1a: Moltres|0 fnt\n|faint|p1a: Moltres\n|\n|-weather|SunnyDay|[upkeep]\n|upkeep\n|\n|t:|1700272676\n|switch|p1a: Great Tusk|Great Tusk|100\/100\n|-activate|p1a: Great Tusk|ability: Protosynthesis\n|-start|p1a: Great Tusk|protosynthesisdef\n|turn|6\n|\n|t:|1700272681\n|-end|p2a: Iron Moth|Quark Drive|[silent]\n|switch|p2a: Ogerpon|Ogerpon-Wellspring-Tera, F, tera:Water|49\/100\n|-ability|p2a: Ogerpon|Embody Aspect (Wellspring)|boost\n|-boost|p2a: Ogerpon|spd|1\n|move|p1a: Great Tusk|Earthquake|p2a: Ogerpon\n|-damage|p2a: Ogerpon|0 fnt\n|faint|p2a: Ogerpon\n|\n|-weather|SunnyDay|[upkeep]\n|upkeep\n|\n|t:|1700272685\n|switch|p2a: Enamorus|Enamorus, F|100\/100\n|turn|7\n|\n|t:|1700272697\n|-end|p1a: Great Tusk|Protosynthesis|[silent]\n|switch|p1a: Gholdengo|Gholdengo|100\/100\n|move|p2a: Enamorus|Moonblast|p1a: Gholdengo\n|-resisted|p1a: Gholdengo\n|-damage|p1a: Gholdengo|73\/100\n|\n|-weather|SunnyDay|[upkeep]\n|upkeep\n|turn|8\n|\n|t:|1700272706\n|switch|p2a: Garchomp|Garchomp, M|100\/100\n|move|p1a: Gholdengo|Make It Rain|p2a: Garchomp\n|-damage|p2a: Garchomp|34\/100\n|-unboost|p1a: Gholdengo|spa|1\n|\n|-weather|none\n|upkeep\n|turn|9\n|\n|t:|1700272717\n|switch|p1a: Walking Wake|Walking Wake|90\/100\n|move|p2a: Garchomp|Earthquake|p1a: Walking Wake\n|-damage|p1a: Walking Wake|45\/100\n|\n|upkeep\n|turn|10\n|\n|t:|1700272724\n|move|p1a: Walking Wake|Draco Meteor|p2a: Garchomp\n|-supereffective|p2a: Garchomp\n|-damage|p2a: Garchomp|0 fnt\n|-unboost|p1a: Walking Wake|spa|2\n|faint|p2a: Garchomp\n|\n|upkeep\n|\n|t:|1700272728\n|switch|p2a: Enamorus|Enamorus, F|100\/100\n|turn|11\n|\n|t:|1700272732\n|-end|p1a: Walking Wake|Protosynthesis|[silent]\n|switch|p1a: Scream Tail|Scream Tail|100\/100\n|move|p2a: Enamorus|Earth Power|p1a: Scream Tail\n|-crit|p1a: Scream Tail\n|-damage|p1a: Scream Tail|63\/100\n|\n|upkeep\n|turn|12\n|\n|t:|1700272738\n|switch|p2a: Iron Moth|Iron Moth|100\/100\n|move|p1a: Scream Tail|Wish|p1a: Scream Tail\n|\n|upkeep\n|turn|13\n|\n|t:|1700272746\n|-end|p1a: Scream Tail|Protosynthesis|[silent]\n|switch|p1a: Walking Wake|Walking Wake|45\/100\n|move|p2a: Iron Moth|Overheat|p1a: Walking Wake\n|-resisted|p1a: Walking Wake\n|-damage|p1a: Walking Wake|16\/100\n|-unboost|p2a: Iron Moth|spa|2\n|\n|-heal|p1a: Walking Wake|80\/100|[from] move: Wish|[wisher] Scream Tail\n|upkeep\n|turn|14\n|\n|t:|1700272755\n|-end|p2a: Iron Moth|Quark Drive|[silent]\n|switch|p2a: Heatran|Heatran, F|100\/100\n|-end|p1a: Walking Wake|Protosynthesis|[silent]\n|switch|p1a: Torkoal|Torkoal, M|100\/100\n|-weather|SunnyDay|[from] ability: Drought|[of] p1a: Torkoal\n|\n|-weather|SunnyDay|[upkeep]\n|upkeep\n|turn|15\n|\n|t:|1700272762\n|move|p2a: Heatran|Stealth Rock|p1a: Torkoal\n|-sidestart|p1: wookiepizza|move: Stealth Rock\n|move|p1a: Torkoal|Earthquake|p2a: Heatran\n|-supereffective|p2a: Heatran\n|-damage|p2a: Heatran|44\/100\n|\n|-weather|SunnyDay|[upkeep]\n|-heal|p2a: Heatran|50\/100|[from] item: Leftovers\n|upkeep\n|turn|16\n|\n|t:|1700272772\n|move|p2a: Heatran|Earth Power|p1a: Torkoal\n|-supereffective|p1a: Torkoal\n|-damage|p1a: Torkoal|30\/100\n|move|p1a: Torkoal|Rapid Spin|p2a: Heatran\n|-resisted|p2a: Heatran\n|-damage|p2a: Heatran|46\/100\n|-boost|p1a: Torkoal|spe|1\n|-sideend|p1: wookiepizza|Stealth Rock|[from] move: Rapid Spin|[of] p1a: Torkoal\n|\n|-weather|SunnyDay|[upkeep]\n|-heal|p2a: Heatran|52\/100|[from] item: Leftovers\n|upkeep\n|turn|17\n|\n|t:|1700272785\n|move|p2a: Heatran|Earth Power|p1a: Torkoal\n|-supereffective|p1a: Torkoal\n|-damage|p1a: Torkoal|0 fnt\n|faint|p1a: Torkoal\n|\n|-weather|SunnyDay|[upkeep]\n|-heal|p2a: Heatran|58\/100|[from] item: Leftovers\n|upkeep\n|\n|t:|1700272792\n|switch|p1a: Great Tusk|Great Tusk|100\/100\n|-activate|p1a: Great Tusk|ability: Protosynthesis\n|-start|p1a: Great Tusk|protosynthesisdef\n|turn|18\n|\n|t:|1700272814\n|switch|p2a: Great Tusk|Great Tusk|100\/100\n|-activate|p2a: Great Tusk|ability: Protosynthesis\n|-start|p2a: Great Tusk|protosynthesisdef\n|move|p1a: Great Tusk|Ice Spinner|p2a: Great Tusk\n|-supereffective|p2a: Great Tusk\n|-damage|p2a: Great Tusk|79\/100\n|\n|-weather|SunnyDay|[upkeep]\n|-heal|p2a: Great Tusk|85\/100|[from] item: Leftovers\n|upkeep\n|turn|19\n|\n|t:|1700272826\n|-end|p1a: Great Tusk|Protosynthesis|[silent]\n|switch|p1a: Walking Wake|Walking Wake|80\/100\n|-activate|p1a: Walking Wake|ability: Protosynthesis\n|-start|p1a: Walking Wake|protosynthesisspe\n|move|p2a: Great Tusk|Bulk Up|p2a: Great Tusk\n|-boost|p2a: Great Tusk|atk|1\n|-boost|p2a: Great Tusk|def|1\n|\n|-weather|SunnyDay|[upkeep]\n|-heal|p2a: Great Tusk|91\/100|[from] item: Leftovers\n|upkeep\n|turn|20\n|\n|t:|1700272835\n|-end|p2a: Great Tusk|Protosynthesis|[silent]\n|switch|p2a: Enamorus|Enamorus, F|100\/100\n|move|p1a: Walking Wake|Hydro Steam|p2a: Enamorus\n|-damage|p2a: Enamorus|21\/100\n|\n|-weather|SunnyDay|[upkeep]\n|upkeep\n|turn|21\n|\n|t:|1700272842\n|move|p1a: Walking Wake|Hydro Steam|p2a: Enamorus\n|-damage|p2a: Enamorus|0 fnt\n|faint|p2a: Enamorus\n|\n|-weather|none\n|-end|p1a: Walking Wake|Protosynthesis\n|upkeep\n|\n|t:|1700272846\n|switch|p2a: Iron Moth|Iron Moth|100\/100\n|turn|22\n|\n|t:|1700272856\n|-end|p1a: Walking Wake|Protosynthesis|[silent]\n|switch|p1a: Scream Tail|Scream Tail|63\/100\n|move|p2a: Iron Moth|Energy Ball|p1a: Scream Tail\n|-damage|p1a: Scream Tail|26\/100\n|\n|upkeep\n|turn|23\n|\n|t:|1700272866\n|move|p1a: Scream Tail|Protect|p1a: Scream Tail\n|-singleturn|p1a: Scream Tail|Protect\n|move|p2a: Iron Moth|Energy Ball|p1a: Scream Tail\n|-activate|p1a: Scream Tail|move: Protect\n|\n|upkeep\n|turn|24\n|\n|t:|1700272873\n|move|p2a: Iron Moth|Energy Ball|p1a: Scream Tail\n|-damage|p1a: Scream Tail|0 fnt\n|faint|p1a: Scream Tail\n|-end|p1a: Scream Tail|Protosynthesis|[silent]\n|\n|upkeep\n|\n|t:|1700272882\n|switch|p1a: Walking Wake|Walking Wake|80\/100\n|turn|25\n|inactive|Omeezzy has 120 seconds left.\n|\n|t:|1700272932\n|-end|p2a: Iron Moth|Quark Drive|[silent]\n|switch|p2a: Great Tusk|Great Tusk|91\/100\n|move|p1a: Walking Wake|Hydro Steam|p2a: Great Tusk\n|-supereffective|p2a: Great Tusk\n|-damage|p2a: Great Tusk|0 fnt\n|faint|p2a: Great Tusk\n|-end|p2a: Great Tusk|Protosynthesis|[silent]\n|\n|upkeep\n|\n|t:|1700272936\n|switch|p2a: Iron Moth|Iron Moth|100\/100\n|turn|26\n|\n|t:|1700272944\n|-end|p1a: Walking Wake|Protosynthesis|[silent]\n|switch|p1a: Gholdengo|Gholdengo|73\/100\n|move|p2a: Iron Moth|Sludge Wave|p1a: Gholdengo\n|-immune|p1a: Gholdengo\n|\n|upkeep\n|turn|27\n|\n|t:|1700272952\n|switch|p1a: Great Tusk|Great Tusk|100\/100\n|-end|p2a: Iron Moth|Quark Drive|[silent]\n|switch|p2a: Heatran|Heatran, F|58\/100\n|\n|-heal|p2a: Heatran|64\/100|[from] item: Leftovers\n|upkeep\n|turn|28\n|\n|t:|1700272960\n|move|p1a: Great Tusk|Earthquake|p2a: Heatran\n|-supereffective|p2a: Heatran\n|-damage|p2a: Heatran|0 fnt\n|faint|p2a: Heatran\n|\n|upkeep\n|\n|t:|1700272965\n|switch|p2a: Iron Moth|Iron Moth|100\/100\n|turn|29\n|\n|t:|1700272968\n|move|p2a: Iron Moth|Overheat|p1a: Great Tusk\n|-damage|p1a: Great Tusk|0 fnt\n|-unboost|p2a: Iron Moth|spa|2\n|faint|p1a: Great Tusk\n|-end|p1a: Great Tusk|Protosynthesis|[silent]\n|\n|upkeep\n|\n|t:|1700272973\n|switch|p1a: Walking Wake|Walking Wake|80\/100\n|turn|30\n|\n|t:|1700272976\n|move|p2a: Iron Moth|Overheat|p1a: Walking Wake\n|-resisted|p1a: Walking Wake\n|-damage|p1a: Walking Wake|66\/100\n|-unboost|p2a: Iron Moth|spa|2\n|move|p1a: Walking Wake|Hydro Steam|p2a: Iron Moth\n|-supereffective|p2a: Iron Moth\n|-damage|p2a: Iron Moth|13\/100\n|\n|upkeep\n|turn|31\n|\n|t:|1700272985\n|-terastallize|p1a: Walking Wake|Water\n|move|p2a: Iron Moth|Overheat|p1a: Walking Wake\n|-resisted|p1a: Walking Wake\n|-damage|p1a: Walking Wake|46\/100\n|-unboost|p2a: Iron Moth|spa|2\n|move|p1a: Walking Wake|Hydro Steam|p2a: Iron Moth\n|-supereffective|p2a: Iron Moth\n|-damage|p2a: Iron Moth|0 fnt\n|faint|p2a: Iron Moth\n|-end|p2a: Iron Moth|Quark Drive|[silent]\n|\n|win|wookiepizza\n|raw|wookiepizza's rating: 1318 &rarr; <strong>1339<\/strong><br \/>(+21 for winning)\n|raw|Omeezzy's rating: 1338 &rarr; <strong>1317<\/strong><br \/>(-21 for losing)\n|l|\u2606Omeezzy\n|l| StatykBoy\n","uploadtime":1700273042,"views":16,"p1id":"wookiepizza","p2id":"omeezzy","formatid":"gen9ou","rating":1317,"private":0,"password":""}