{"id":"gen9ou-1997250703","p1":"Rvtrym Seaforge","p2":"Oshwottking","format":"[Gen 9] OU","log":"|j|\u2606Rvtrym Seaforge\n|j|\u2606Oshwottking\n|t:|1700780473\n|gametype|singles\n|player|p1|Rvtrym Seaforge|n|1288\n|player|p2|Oshwottking|silver|1260\n|teamsize|p1|6\n|teamsize|p2|6\n|gen|9\n|tier|[Gen 9] OU\n|rated|\n|rule|Sleep Clause Mod: Limit one foe put to sleep\n|rule|Species Clause: Limit one of each Pok\u00e9mon\n|rule|OHKO Clause: OHKO moves are banned\n|rule|Evasion Items Clause: Evasion items are banned\n|rule|Evasion Moves Clause: Evasion moves are banned\n|rule|Endless Battle Clause: Forcing endless battles is banned\n|rule|HP Percentage Mod: HP is shown in percentages\n|clearpoke\n|poke|p1|Salamence, M|\n|poke|p1|Milotic, F|\n|poke|p1|Gholdengo|\n|poke|p1|Ogerpon, F|\n|poke|p1|Kingambit, M|\n|poke|p1|Great Tusk|\n|poke|p2|Munkidori, M|\n|poke|p2|Garganacl, M|\n|poke|p2|Corviknight, M|\n|poke|p2|Samurott-Hisui, M|\n|poke|p2|Garchomp, F|\n|poke|p2|Cinderace, F|\n|teampreview\n|inactive|Battle timer is ON: inactive players will automatically lose when time's up. (requested by Oshwottking)\n|inactive|Rvtrym Seaforge also wants the timer to be on.\n|inactive|Oshwottking has 120 seconds left.\n|\n|t:|1700780517\n|start\n|switch|p1a: Ogerpon|Ogerpon, F|100\/100\n|switch|p2a: Samurott|Samurott-Hisui, M|100\/100\n|turn|1\n|\n|t:|1700780521\n|switch|p2a: Corviknight|Corviknight, M|100\/100\n|-ability|p2a: Corviknight|Pressure\n|move|p1a: Ogerpon|Ivy Cudgel|p2a: Corviknight\n|-resisted|p2a: Corviknight\n|-damage|p2a: Corviknight|92\/100\n|\n|upkeep\n|turn|2\n|\n|t:|1700780528\n|move|p1a: Ogerpon|Spikes|p2a: Corviknight\n|-sidestart|p2: Oshwottking|Spikes\n|move|p2a: Corviknight|U-turn|p1a: Ogerpon\n|-supereffective|p1a: Ogerpon\n|-damage|p1a: Ogerpon|61\/100\n|\n|t:|1700780540\n|switch|p2a: Cinderace|Cinderace, F|100\/100|[from] U-turn\n|\n|upkeep\n|turn|3\n|\n|t:|1700780548\n|switch|p1a: Great Tusk|Great Tusk|100\/100\n|move|p2a: Cinderace|U-turn|p1a: Great Tusk\n|-resisted|p1a: Great Tusk\n|-damage|p1a: Great Tusk|95\/100\n|\n|t:|1700780569\n|switch|p2a: Samurott|Samurott-Hisui, M|100\/100|[from] U-turn\n|-damage|p2a: Samurott|88\/100|[from] Spikes\n|\n|upkeep\n|turn|4\n|\n|t:|1700780573\n|move|p2a: Samurott|Razor Shell|p1a: Great Tusk\n|-supereffective|p1a: Great Tusk\n|-damage|p1a: Great Tusk|12\/100\n|move|p1a: Great Tusk|Rapid Spin|p2a: Samurott\n|-damage|p2a: Samurott|64\/100\n|-boost|p1a: Great Tusk|spe|1\n|\n|upkeep\n|turn|5\n|\n|t:|1700780580\n|switch|p2a: Corviknight|Corviknight, M|92\/100\n|-ability|p2a: Corviknight|Pressure\n|move|p1a: Great Tusk|Body Press|p2a: Corviknight\n|-damage|p2a: Corviknight|68\/100\n|-damage|p1a: Great Tusk|0 fnt|[from] item: Rocky Helmet|[of] p2a: Corviknight\n|faint|p1a: Great Tusk\n|-end|p1a: Great Tusk|Protosynthesis|[silent]\n|\n|upkeep\n|\n|t:|1700780584\n|switch|p1a: Gholdengo|Gholdengo|100\/100\n|turn|6\n|\n|t:|1700780588\n|move|p1a: Gholdengo|Thunder|p2a: Corviknight\n|-supereffective|p2a: Corviknight\n|-damage|p2a: Corviknight|0 fnt\n|faint|p2a: Corviknight\n|\n|upkeep\n|\n|t:|1700780592\n|switch|p2a: Garchomp|Garchomp, F|100\/100\n|-damage|p2a: Garchomp|88\/100|[from] Spikes\n|turn|7\n|\n|t:|1700780597\n|move|p2a: Garchomp|Scale Shot|p1a: Gholdengo\n|-resisted|p1a: Gholdengo\n|-damage|p1a: Gholdengo|93\/100\n|-resisted|p1a: Gholdengo\n|-damage|p1a: Gholdengo|86\/100\n|-resisted|p1a: Gholdengo\n|-damage|p1a: Gholdengo|78\/100\n|-resisted|p1a: Gholdengo\n|-damage|p1a: Gholdengo|70\/100\n|-hitcount|p1a: Gholdengo|4\n|-unboost|p2a: Garchomp|def|1\n|-boost|p2a: Garchomp|spe|1\n|move|p1a: Gholdengo|Dazzling Gleam|p2a: Garchomp\n|-supereffective|p2a: Garchomp\n|-damage|p2a: Garchomp|11\/100\n|\n|upkeep\n|turn|8\n|\n|t:|1700780600\n|switch|p1a: Salamence|Salamence, M|100\/100\n|-ability|p1a: Salamence|Intimidate|boost\n|-unboost|p2a: Garchomp|atk|1\n|move|p2a: Garchomp|Earthquake|p1a: Salamence\n|-immune|p1a: Salamence\n|\n|upkeep\n|turn|9\n|\n|t:|1700780616\n|switch|p1a: Kingambit|Kingambit, M|100\/100\n|-activate|p1a: Kingambit|ability: Supreme Overlord\n|-start|p1a: Kingambit|fallen1|[silent]\n|move|p2a: Garchomp|Scale Shot|p1a: Kingambit\n|-resisted|p1a: Kingambit\n|-damage|p1a: Kingambit|97\/100\n|-resisted|p1a: Kingambit\n|-damage|p1a: Kingambit|93\/100\n|-resisted|p1a: Kingambit\n|-damage|p1a: Kingambit|90\/100\n|-resisted|p1a: Kingambit\n|-damage|p1a: Kingambit|87\/100\n|-hitcount|p1a: Kingambit|4\n|-unboost|p2a: Garchomp|def|1\n|-boost|p2a: Garchomp|spe|1\n|\n|-heal|p1a: Kingambit|93\/100|[from] item: Leftovers\n|upkeep\n|turn|10\n|\n|t:|1700780622\n|switch|p2a: Cinderace|Cinderace, F|100\/100\n|move|p1a: Kingambit|Stealth Rock|p2a: Cinderace\n|-sidestart|p2: Oshwottking|move: Stealth Rock\n|\n|-heal|p1a: Kingambit|99\/100|[from] item: Leftovers\n|upkeep\n|turn|11\n|\n|t:|1700780628\n|move|p2a: Cinderace|Court Change|p2a: Cinderace\n|-swapsideconditions\n|-activate|p2a: Cinderace|move: Court Change\n|move|p1a: Kingambit|Stealth Rock|p2a: Cinderace\n|-sidestart|p2: Oshwottking|move: Stealth Rock\n|\n|-heal|p1a: Kingambit|100\/100|[from] item: Leftovers\n|upkeep\n|turn|12\n|\n|t:|1700780633\n|move|p1a: Kingambit|Sucker Punch|p2a: Cinderace\n|-damage|p2a: Cinderace|57\/100\n|move|p2a: Cinderace|Pyro Ball|p1a: Kingambit\n|-supereffective|p1a: Kingambit\n|-damage|p1a: Kingambit|26\/100\n|\n|-heal|p1a: Kingambit|32\/100|[from] item: Leftovers\n|upkeep\n|turn|13\n|\n|t:|1700780637\n|move|p2a: Cinderace|Pyro Ball|p1a: Kingambit\n|-supereffective|p1a: Kingambit\n|-damage|p1a: Kingambit|0 fnt\n|faint|p1a: Kingambit\n|-end|p1a: Kingambit|fallen1|[silent]\n|\n|upkeep\n|\n|t:|1700780641\n|switch|p1a: Salamence|Salamence, M|100\/100\n|-ability|p1a: Salamence|Intimidate|boost\n|-unboost|p2a: Cinderace|atk|1\n|turn|14\n|\n|t:|1700780644\n|move|p2a: Cinderace|Will-O-Wisp|p1a: Salamence\n|-status|p1a: Salamence|brn\n|move|p1a: Salamence|Hurricane|p2a: Cinderace\n|-damage|p2a: Cinderace|0 fnt\n|faint|p2a: Cinderace\n|\n|-damage|p1a: Salamence|94\/100 brn|[from] brn\n|upkeep\n|\n|t:|1700780652\n|switch|p2a: Garchomp|Garchomp, F|11\/100\n|-damage|p2a: Garchomp|5\/100|[from] Stealth Rock\n|turn|15\n|\n|t:|1700780658\n|switch|p1a: Ogerpon|Ogerpon, F|61\/100\n|-damage|p1a: Ogerpon|48\/100|[from] Spikes\n|-damage|p1a: Ogerpon|36\/100|[from] Stealth Rock\n|move|p2a: Garchomp|Scale Shot|p1a: Ogerpon\n|-damage|p1a: Ogerpon|20\/100\n|-damage|p1a: Ogerpon|2\/100\n|-damage|p1a: Ogerpon|0 fnt\n|faint|p1a: Ogerpon\n|-hitcount|p1: Ogerpon|3\n|-unboost|p2a: Garchomp|def|1\n|-boost|p2a: Garchomp|spe|1\n|\n|upkeep\n|-message|Rvtrym Seaforge forfeited.\n|\n|win|Oshwottking\n|raw|Rvtrym Seaforge's rating: 1288 &rarr; <strong>1261<\/strong><br \/>(-27 for losing)\n|raw|Oshwottking's rating: 1260 &rarr; <strong>1287<\/strong><br \/>(+27 for winning)\n|l|\u2606Rvtrym Seaforge\n","uploadtime":1700780665,"views":5,"p1id":"rvtrymseaforge","p2id":"oshwottking","formatid":"gen9ou","rating":1261,"private":0,"password":""}