{"id":"gen9ou-1993323828","p1":"Az2qez","p2":"BraveBuddy","format":"[Gen 9] OU","log":"|j|\u2606Az2qez\n|j|\u2606BraveBuddy\n|t:|1700298373\n|gametype|singles\n|player|p1|Az2qez|roughneck|1084\n|player|p2|BraveBuddy|waiter-gen4|1173\n|teamsize|p1|6\n|teamsize|p2|6\n|gen|9\n|tier|[Gen 9] OU\n|rated|\n|rule|Sleep Clause Mod: Limit one foe put to sleep\n|rule|Species Clause: Limit one of each Pok\u00e9mon\n|rule|OHKO Clause: OHKO moves are banned\n|rule|Evasion Items Clause: Evasion items are banned\n|rule|Evasion Moves Clause: Evasion moves are banned\n|rule|Endless Battle Clause: Forcing endless battles is banned\n|rule|HP Percentage Mod: HP is shown in percentages\n|clearpoke\n|poke|p1|Kingambit, F|\n|poke|p1|Great Tusk|\n|poke|p1|Dragapult, F|\n|poke|p1|Ogerpon-Wellspring, F|\n|poke|p1|Blissey, F|\n|poke|p1|Zapdos|\n|poke|p2|Great Tusk|\n|poke|p2|Corviknight, M|\n|poke|p2|Gholdengo|\n|poke|p2|Rillaboom, M|\n|poke|p2|Kingambit, M|\n|poke|p2|Ogerpon-Wellspring, F|\n|teampreview\n|inactive|Battle timer is ON: inactive players will automatically lose when time's up. (requested by Az2qez)\n|\n|t:|1700298401\n|start\n|switch|p1a: Great Tusk|Great Tusk|100\/100\n|switch|p2a: Monkey|Rillaboom, M, shiny|100\/100\n|-fieldstart|move: Grassy Terrain|[from] ability: Grassy Surge|[of] p2a: Monkey\n|turn|1\n|\n|t:|1700298413\n|-end|p1a: Great Tusk|Protosynthesis|[silent]\n|switch|p1a: Zapdos|Zapdos|100\/100\n|move|p2a: Monkey|Grassy Glide|p1a: Zapdos\n|-resisted|p1a: Zapdos\n|-damage|p1a: Zapdos|85\/100\n|\n|upkeep\n|turn|2\n|\n|t:|1700298423\n|move|p2a: Monkey|U-turn|p1a: Zapdos\n|-resisted|p1a: Zapdos\n|-damage|p1a: Zapdos|75\/100\n|-status|p2a: Monkey|par|[from] ability: Static|[of] p1a: Zapdos\n|\n|t:|1700298434\n|switch|p2a: ELEPHANT|Great Tusk, shiny|100\/100|[from] U-turn\n|move|p1a: Zapdos|Hurricane|p2a: ELEPHANT|[miss]\n|-miss|p1a: Zapdos|p2a: ELEPHANT\n|\n|upkeep\n|turn|3\n|\n|t:|1700298453\n|move|p1a: Zapdos|Hurricane|p2a: ELEPHANT|[miss]\n|-miss|p1a: Zapdos|p2a: ELEPHANT\n|move|p2a: ELEPHANT|Ice Spinner|p1a: Zapdos\n|-supereffective|p1a: Zapdos\n|-damage|p1a: Zapdos|28\/100\n|-fieldend|move: Grassy Terrain\n|\n|upkeep\n|turn|4\n|\n|t:|1700298463\n|move|p1a: Zapdos|Hurricane|p2a: ELEPHANT|[miss]\n|-miss|p1a: Zapdos|p2a: ELEPHANT\n|move|p2a: ELEPHANT|Ice Spinner|p1a: Zapdos\n|-supereffective|p1a: Zapdos\n|-damage|p1a: Zapdos|0 fnt\n|faint|p1a: Zapdos\n|\n|upkeep\n|c|\u2606BraveBuddy|lol\n|c|\u2606Az2qez|FUUUUUUUUUUUUUUU CK\n|\n|t:|1700298488\n|switch|p1a: Ogerpon|Ogerpon-Wellspring, F|100\/100\n|turn|5\n|\n|t:|1700298496\n|move|p1a: Ogerpon|Ivy Cudgel|p2a: ELEPHANT|[anim] Ivy Cudgel Water\n|-supereffective|p2a: ELEPHANT\n|-damage|p2a: ELEPHANT|30\/100\n|move|p2a: ELEPHANT|Earthquake|p1a: Ogerpon\n|-resisted|p1a: Ogerpon\n|-damage|p1a: Ogerpon|64\/100\n|\n|-heal|p2a: ELEPHANT|36\/100|[from] item: Leftovers\n|upkeep\n|turn|6\n|\n|t:|1700298504\n|move|p1a: Ogerpon|Ivy Cudgel|p2a: ELEPHANT|[anim] Ivy Cudgel Water\n|-supereffective|p2a: ELEPHANT\n|-damage|p2a: ELEPHANT|0 fnt\n|faint|p2a: ELEPHANT\n|-end|p2a: ELEPHANT|Protosynthesis|[silent]\n|\n|upkeep\n|\n|t:|1700298508\n|switch|p2a: Monkey|Rillaboom, M, shiny|100\/100 par\n|-fieldstart|move: Grassy Terrain|[from] ability: Grassy Surge|[of] p2a: Monkey\n|turn|7\n|\n|t:|1700298522\n|switch|p1a: Blissey|Blissey, F|100\/100\n|move|p2a: Monkey|Grassy Glide|p1a: Blissey\n|-damage|p1a: Blissey|67\/100\n|\n|-heal|p1a: Blissey|73\/100|[from] Grassy Terrain\n|upkeep\n|turn|8\n|\n|t:|1700298531\n|cant|p2a: Monkey|par\n|move|p1a: Blissey|Stealth Rock|p2a: Monkey\n|-sidestart|p2: BraveBuddy|move: Stealth Rock\n|\n|-heal|p1a: Blissey|79\/100|[from] Grassy Terrain\n|upkeep\n|turn|9\n|\n|t:|1700298538\n|move|p2a: Monkey|Drain Punch|p1a: Blissey\n|-supereffective|p1a: Blissey\n|-damage|p1a: Blissey|36\/100\n|move|p1a: Blissey|Seismic Toss|p2a: Monkey\n|-damage|p2a: Monkey|71\/100 par\n|\n|-heal|p2a: Monkey|77\/100 par|[from] Grassy Terrain\n|-heal|p2a: Monkey|83\/100 par|[from] item: Leftovers\n|-heal|p1a: Blissey|42\/100|[from] Grassy Terrain\n|upkeep\n|turn|10\n|\n|t:|1700298548\n|switch|p1a: Dragapult|Dragapult, F|100\/100\n|cant|p2a: Monkey|par\n|\n|-heal|p2a: Monkey|90\/100 par|[from] Grassy Terrain\n|-heal|p2a: Monkey|96\/100 par|[from] item: Leftovers\n|upkeep\n|turn|11\n|\n|t:|1700298564\n|move|p2a: Monkey|Protect|p2a: Monkey\n|-singleturn|p2a: Monkey|Protect\n|move|p1a: Dragapult|Shadow Ball|p2a: Monkey\n|-activate|p2a: Monkey|move: Protect\n|\n|-heal|p2a: Monkey|100\/100 par|[from] Grassy Terrain\n|-fieldend|move: Grassy Terrain\n|upkeep\n|turn|12\n|\n|t:|1700298572\n|switch|p2a: ShitGambit|Kingambit, M|100\/100\n|-damage|p2a: ShitGambit|94\/100|[from] Stealth Rock\n|-activate|p2a: ShitGambit|ability: Supreme Overlord\n|-start|p2a: ShitGambit|fallen1|[silent]\n|move|p1a: Dragapult|Shadow Ball|p2a: ShitGambit\n|-resisted|p2a: ShitGambit\n|-damage|p2a: ShitGambit|68\/100\n|\n|-heal|p2a: ShitGambit|75\/100|[from] item: Leftovers\n|upkeep\n|turn|13\n|\n|t:|1700298584\n|switch|p1a: Blissey|Blissey, F|42\/100\n|move|p2a: ShitGambit|Kowtow Cleave|p1a: Blissey\n|-damage|p1a: Blissey|0 fnt\n|faint|p1a: Blissey\n|\n|-heal|p2a: ShitGambit|81\/100|[from] item: Leftovers\n|upkeep\n|\n|t:|1700298592\n|switch|p1a: Great Tusk|Great Tusk|100\/100\n|turn|14\n|\n|t:|1700298600\n|-end|p2a: ShitGambit|fallen1|[silent]\n|switch|p2a: sILVERS|Corviknight, M, shiny|100\/100\n|-damage|p2a: sILVERS|88\/100|[from] Stealth Rock\n|move|p1a: Great Tusk|Earthquake|p2a: sILVERS\n|-immune|p2a: sILVERS\n|\n|-heal|p2a: sILVERS|94\/100|[from] item: Leftovers\n|upkeep\n|turn|15\n|\n|t:|1700298609\n|move|p1a: Great Tusk|Knock Off|p2a: sILVERS\n|-damage|p2a: sILVERS|79\/100\n|-enditem|p2a: sILVERS|Leftovers|[from] move: Knock Off|[of] p1a: Great Tusk\n|move|p2a: sILVERS|Defog|p1a: Great Tusk\n|-unboost|p1a: Great Tusk|evasion|1\n|-sideend|p2: BraveBuddy|Stealth Rock|[from] move: Defog|[of] p2a: sILVERS\n|\n|upkeep\n|turn|16\n|\n|t:|1700298619\n|-end|p1a: Great Tusk|Protosynthesis|[silent]\n|switch|p1a: Kingambit|Kingambit, F|100\/100\n|-activate|p1a: Kingambit|ability: Supreme Overlord\n|-start|p1a: Kingambit|fallen2|[silent]\n|move|p2a: sILVERS|Body Press|p1a: Kingambit\n|-supereffective|p1a: Kingambit\n|-damage|p1a: Kingambit|9\/100\n|\n|upkeep\n|turn|17\n|\n|t:|1700298630\n|-end|p1a: Kingambit|fallen2|[silent]\n|switch|p1a: Dragapult|Dragapult, F|100\/100\n|move|p2a: sILVERS|Body Press|p1a: Dragapult\n|-immune|p1a: Dragapult\n|\n|upkeep\n|turn|18\n|\n|t:|1700298639\n|move|p1a: Dragapult|Draco Meteor|p2a: sILVERS\n|-resisted|p2a: sILVERS\n|-damage|p2a: sILVERS|36\/100\n|-unboost|p1a: Dragapult|spa|2\n|move|p2a: sILVERS|U-turn|p1a: Dragapult\n|-resisted|p1a: Dragapult\n|-damage|p1a: Dragapult|91\/100\n|\n|t:|1700298644\n|switch|p2a: Golden Freddy|Gholdengo|100\/100|[from] U-turn\n|\n|upkeep\n|turn|19\n|\n|t:|1700298654\n|switch|p1a: Great Tusk|Great Tusk|100\/100\n|move|p2a: Golden Freddy|Make It Rain|p1a: Great Tusk\n|-damage|p1a: Great Tusk|11\/100\n|-unboost|p2a: Golden Freddy|spa|1\n|\n|-heal|p1a: Great Tusk|17\/100|[from] item: Leftovers\n|upkeep\n|turn|20\n|\n|t:|1700298673\n|move|p2a: Golden Freddy|Make It Rain|p1a: Great Tusk\n|-damage|p1a: Great Tusk|0 fnt\n|-unboost|p2a: Golden Freddy|spa|1\n|faint|p1a: Great Tusk\n|-end|p1a: Great Tusk|Protosynthesis|[silent]\n|\n|upkeep\n|\n|t:|1700298686\n|switch|p1a: Dragapult|Dragapult, F|91\/100\n|turn|21\n|\n|t:|1700298692\n|switch|p2a: ShitGambit|Kingambit, M|81\/100\n|-activate|p2a: ShitGambit|ability: Supreme Overlord\n|-start|p2a: ShitGambit|fallen1|[silent]\n|-terastallize|p1a: Dragapult|Ghost\n|move|p1a: Dragapult|Shadow Ball|p2a: ShitGambit\n|-resisted|p2a: ShitGambit\n|-damage|p2a: ShitGambit|44\/100\n|\n|-heal|p2a: ShitGambit|50\/100|[from] item: Leftovers\n|upkeep\n|turn|22\n|\n|t:|1700298703\n|switch|p1a: Ogerpon|Ogerpon-Wellspring, F|64\/100\n|move|p2a: ShitGambit|Kowtow Cleave|p1a: Ogerpon\n|-damage|p1a: Ogerpon|0 fnt\n|faint|p1a: Ogerpon\n|\n|-heal|p2a: ShitGambit|57\/100|[from] item: Leftovers\n|upkeep\n|-message|Az2qez forfeited.\n|\n|win|BraveBuddy\n|raw|Az2qez's rating: 1084 &rarr; <strong>1067<\/strong><br \/>(-17 for losing)\n|raw|BraveBuddy's rating: 1173 &rarr; <strong>1192<\/strong><br \/>(+19 for winning)\n|l|\u2606Az2qez\n","uploadtime":1700298486,"views":10,"p1id":"az2qez","p2id":"bravebuddy","formatid":"gen9ou","rating":1067,"private":0,"password":""}