{"id":"gen9ou-1996606476","p1":"hoons","p2":"roamflag","format":"[Gen 9] OU","log":"|j|\u2606hoons\n|j|\u2606roamflag\n|t:|1700699845\n|gametype|singles\n|player|p1|hoons|170|1687\n|player|p2|roamflag|hilda-wonderlauncher|1643\n|teamsize|p1|6\n|teamsize|p2|6\n|gen|9\n|tier|[Gen 9] OU\n|rated|\n|rule|Sleep Clause Mod: Limit one foe put to sleep\n|rule|Species Clause: Limit one of each Pok\u00e9mon\n|rule|OHKO Clause: OHKO moves are banned\n|rule|Evasion Items Clause: Evasion items are banned\n|rule|Evasion Moves Clause: Evasion moves are banned\n|rule|Endless Battle Clause: Forcing endless battles is banned\n|rule|HP Percentage Mod: HP is shown in percentages\n|clearpoke\n|poke|p1|Cinderace, F|\n|poke|p1|Rillaboom, F|\n|poke|p1|Kingambit, F|\n|poke|p1|Slowking-Galar, M|\n|poke|p1|Zamazenta-*|\n|poke|p1|Greninja-*, M|\n|poke|p2|Pelipper, F|\n|poke|p2|Greninja-*, M|\n|poke|p2|Basculegion, M|\n|poke|p2|Sandy Shocks|\n|poke|p2|Scizor, M|\n|poke|p2|Zapdos|\n|teampreview\n|inactive|Battle timer is ON: inactive players will automatically lose when time's up. (requested by roamflag)\n|\n|t:|1700699865\n|start\n|switch|p1a: Rillaboom|Rillaboom, F, shiny|100\/100\n|switch|p2a: \u730e\u6237\u5ea7|Sandy Shocks|100\/100\n|-fieldstart|move: Grassy Terrain|[from] ability: Grassy Surge|[of] p1a: Rillaboom\n|-enditem|p2a: \u730e\u6237\u5ea7|Booster Energy\n|-activate|p2a: \u730e\u6237\u5ea7|ability: Protosynthesis|[fromitem]\n|-start|p2a: \u730e\u6237\u5ea7|protosynthesisspe\n|turn|1\n|\n|t:|1700699869\n|-terastallize|p2a: \u730e\u6237\u5ea7|Ice\n|move|p2a: \u730e\u6237\u5ea7|Tera Blast|p1a: Rillaboom|[anim] Tera Blast Ice\n|-supereffective|p1a: Rillaboom\n|-crit|p1a: Rillaboom\n|-damage|p1a: Rillaboom|21\/100\n|move|p1a: Rillaboom|Wood Hammer|p2a: \u730e\u6237\u5ea7\n|-damage|p2a: \u730e\u6237\u5ea7|9\/100\n|-damage|p1a: Rillaboom|0 fnt|[from] Recoil\n|faint|p1a: Rillaboom\n|\n|-heal|p2a: \u730e\u6237\u5ea7|15\/100|[from] Grassy Terrain\n|upkeep\n|\n|t:|1700699886\n|switch|p1a: Greninja|Greninja, M|100\/100\n|turn|2\n|\n|t:|1700699896\n|-end|p2a: \u730e\u6237\u5ea7|Protosynthesis|[silent]\n|switch|p2a: \u66b4\u98ce|Zapdos|100\/100\n|-ability|p2a: \u66b4\u98ce|Pressure\n|move|p1a: Greninja|Water Shuriken|p2a: \u66b4\u98ce\n|-damage|p2a: \u66b4\u98ce|90\/100\n|-damage|p2a: \u66b4\u98ce|80\/100\n|-damage|p2a: \u66b4\u98ce|70\/100\n|-hitcount|p2a: \u66b4\u98ce|3\n|\n|upkeep\n|turn|3\n|\n|t:|1700699903\n|switch|p1a: Slowking|Slowking-Galar, M, shiny|100\/100\n|move|p2a: \u66b4\u98ce|Thunder|p1a: Slowking\n|-damage|p1a: Slowking|70\/100\n|-status|p1a: Slowking|par\n|\n|-heal|p1a: Slowking|76\/100 par|[from] Grassy Terrain\n|-heal|p1a: Slowking|82\/100 par|[from] item: Black Sludge\n|upkeep\n|turn|4\n|\n|t:|1700699915\n|move|p2a: \u66b4\u98ce|Roost|p2a: \u66b4\u98ce\n|-heal|p2a: \u66b4\u98ce|100\/100\n|-singleturn|p2a: \u66b4\u98ce|move: Roost\n|move|p1a: Slowking|Sludge Bomb|p2a: \u66b4\u98ce\n|-damage|p2a: \u66b4\u98ce|65\/100\n|\n|-heal|p2a: \u66b4\u98ce|71\/100|[from] Grassy Terrain\n|-heal|p1a: Slowking|88\/100 par|[from] Grassy Terrain\n|-heal|p1a: Slowking|94\/100 par|[from] item: Black Sludge\n|upkeep\n|turn|5\n|\n|t:|1700699924\n|switch|p2a: \u730e\u6237\u5ea7|Sandy Shocks, tera:Ice|15\/100\n|move|p1a: Slowking|Trick|p2a: \u730e\u6237\u5ea7\n|-activate|p1a: Slowking|move: Trick|[of] p2a: \u730e\u6237\u5ea7\n|-item|p2a: \u730e\u6237\u5ea7|Black Sludge|[from] move: Trick\n|-enditem|p1a: Slowking|Black Sludge|[silent]|[from] move: Trick\n|\n|-heal|p2a: \u730e\u6237\u5ea7|21\/100|[from] Grassy Terrain\n|-damage|p2a: \u730e\u6237\u5ea7|9\/100|[from] item: Black Sludge\n|-heal|p1a: Slowking|100\/100 par|[from] Grassy Terrain\n|-fieldend|move: Grassy Terrain\n|upkeep\n|turn|6\n|\n|t:|1700699932\n|move|p2a: \u730e\u6237\u5ea7|Stealth Rock|p1a: Slowking\n|-sidestart|p1: hoons|move: Stealth Rock\n|move|p1a: Slowking|Chilly Reception|p1a: Slowking\n|-weather|Snow\n|\n|t:|1700699936\n|switch|p1a: Cinderace|Cinderace, F|100\/100|[from] Chilly Reception\n|\n|-weather|Snow|[upkeep]\n|-damage|p2a: \u730e\u6237\u5ea7|0 fnt|[from] item: Black Sludge\n|faint|p2a: \u730e\u6237\u5ea7\n|-end|p2a: \u730e\u6237\u5ea7|Protosynthesis|[silent]\n|upkeep\n|\n|t:|1700699946\n|switch|p2a: \u51b7\u96e8|Greninja, M|100\/100\n|turn|7\n|\n|t:|1700699960\n|switch|p1a: Greninja|Greninja, M|100\/100\n|-damage|p1a: Greninja|88\/100|[from] Stealth Rock\n|move|p2a: \u51b7\u96e8|Surf|p1a: Greninja\n|-resisted|p1a: Greninja\n|-damage|p1a: Greninja|48\/100\n|\n|-weather|Snow|[upkeep]\n|upkeep\n|turn|8\n|\n|t:|1700699969\n|switch|p2a: \u7ba1\u98ce\u7434|Scizor, M|100\/100\n|move|p1a: Greninja|Surf|p2a: \u7ba1\u98ce\u7434\n|-damage|p2a: \u7ba1\u98ce\u7434|34\/100\n|\n|-weather|Snow|[upkeep]\n|upkeep\n|turn|9\n|\n|t:|1700699974\n|move|p2a: \u7ba1\u98ce\u7434|Bullet Punch|p1a: Greninja\n|-resisted|p1a: Greninja\n|-damage|p1a: Greninja|21\/100\n|move|p1a: Greninja|Surf|p2a: \u7ba1\u98ce\u7434\n|-damage|p2a: \u7ba1\u98ce\u7434|0 fnt\n|faint|p2a: \u7ba1\u98ce\u7434\n|-ability|p1a: Greninja|Battle Bond|boost\n|-boost|p1a: Greninja|atk|1\n|-boost|p1a: Greninja|spa|1\n|-boost|p1a: Greninja|spe|1\n|-activate|p1a: Greninja|ability: Battle Bond\n|\n|-weather|Snow|[upkeep]\n|upkeep\n|\n|t:|1700699985\n|switch|p2a: \u5251\u9c7c|Basculegion, M|100\/100\n|turn|10\n|\n|t:|1700699988\n|move|p2a: \u5251\u9c7c|Aqua Jet|p1a: Greninja\n|-resisted|p1a: Greninja\n|-damage|p1a: Greninja|0 fnt\n|faint|p1a: Greninja\n|\n|-weather|none\n|upkeep\n|\n|t:|1700699993\n|switch|p1a: Cinderace|Cinderace, F|100\/100\n|turn|11\n|\n|t:|1700699995\n|move|p2a: \u5251\u9c7c|Aqua Jet|p1a: Cinderace\n|-supereffective|p1a: Cinderace\n|-damage|p1a: Cinderace|36\/100\n|move|p1a: Cinderace|Court Change|p1a: Cinderace\n|-swapsideconditions\n|-activate|p1a: Cinderace|move: Court Change\n|\n|upkeep\n|turn|12\n|\n|t:|1700700000\n|switch|p1a: Zamazenta|Zamazenta|100\/100\n|-ability|p1a: Zamazenta|Dauntless Shield|boost\n|-boost|p1a: Zamazenta|def|1\n|move|p2a: \u5251\u9c7c|Aqua Jet|p1a: Zamazenta\n|-damage|p1a: Zamazenta|85\/100\n|\n|-heal|p1a: Zamazenta|91\/100|[from] item: Leftovers\n|upkeep\n|turn|13\n|\n|t:|1700700003\n|switch|p2a: \u66b4\u98ce|Zapdos|71\/100\n|-ability|p2a: \u66b4\u98ce|Pressure\n|move|p1a: Zamazenta|Iron Defense|p1a: Zamazenta\n|-boost|p1a: Zamazenta|def|2\n|\n|-heal|p1a: Zamazenta|97\/100|[from] item: Leftovers\n|upkeep\n|turn|14\n|inactive|hoons has 120 seconds left.\n|inactive|hoons has 90 seconds left.\n|inactive|hoons has 60 seconds left.\n|inactive|hoons has 30 seconds left.\n|inactive|hoons has 20 seconds left.\n|inactive|hoons has 15 seconds left.\n|inactive|hoons has 10 seconds left.\n|\n|t:|1700700148\n|move|p1a: Zamazenta|Substitute|p1a: Zamazenta\n|-start|p1a: Zamazenta|Substitute\n|-damage|p1a: Zamazenta|72\/100\n|move|p2a: \u66b4\u98ce|Thunder|p1a: Zamazenta\n|-end|p1a: Zamazenta|Substitute\n|\n|-heal|p1a: Zamazenta|78\/100|[from] item: Leftovers\n|upkeep\n|turn|15\n|inactive|hoons has 20 seconds left this turn.\n|\n|t:|1700700163\n|move|p1a: Zamazenta|Substitute|p1a: Zamazenta\n|-start|p1a: Zamazenta|Substitute\n|-damage|p1a: Zamazenta|54\/100\n|move|p2a: \u66b4\u98ce|Thunder|p1a: Zamazenta|[miss]\n|-miss|p2a: \u66b4\u98ce|p1a: Zamazenta\n|\n|-heal|p1a: Zamazenta|60\/100|[from] item: Leftovers\n|upkeep\n|turn|16\n|inactive|hoons has 30 seconds left this turn.\n|inactive|hoons has 20 seconds left.\n|inactive|hoons has 15 seconds left.\n|inactive|hoons has 10 seconds left.\n|\n|t:|1700700188\n|move|p1a: Zamazenta|Iron Defense|p1a: Zamazenta\n|-boost|p1a: Zamazenta|def|2\n|move|p2a: \u66b4\u98ce|Thunder|p1a: Zamazenta\n|-end|p1a: Zamazenta|Substitute\n|\n|-heal|p1a: Zamazenta|66\/100|[from] item: Leftovers\n|upkeep\n|turn|17\n|inactive|hoons has 20 seconds left this turn.\n|\n|t:|1700700201\n|move|p1a: Zamazenta|Body Press|p2a: \u66b4\u98ce\n|-resisted|p2a: \u66b4\u98ce\n|-damage|p2a: \u66b4\u98ce|19\/100\n|move|p2a: \u66b4\u98ce|Hurricane|p1a: Zamazenta|[miss]\n|-miss|p2a: \u66b4\u98ce|p1a: Zamazenta\n|\n|-heal|p1a: Zamazenta|72\/100|[from] item: Leftovers\n|upkeep\n|turn|18\n|inactive|hoons has 30 seconds left this turn.\n|inactive|hoons has 20 seconds left.\n|inactive|hoons has 15 seconds left.\n|\n|t:|1700700218\n|move|p1a: Zamazenta|Body Press|p2a: \u66b4\u98ce\n|-resisted|p2a: \u66b4\u98ce\n|-damage|p2a: \u66b4\u98ce|0 fnt\n|faint|p2a: \u66b4\u98ce\n|\n|-heal|p1a: Zamazenta|78\/100|[from] item: Leftovers\n|upkeep\n|inactive|hoons has 20 seconds left this turn.\n|\n|t:|1700700221\n|switch|p2a: \u5929\u9876|Pelipper, F|100\/100\n|-damage|p2a: \u5929\u9876|76\/100|[from] Stealth Rock\n|-weather|RainDance|[from] ability: Drizzle|[of] p2a: \u5929\u9876\n|turn|19\n|inactive|hoons has 30 seconds left this turn.\n|inactive|hoons has 20 seconds left.\n|inactive|hoons has 15 seconds left.\n|inactive|hoons has 10 seconds left.\n|\n|t:|1700700244\n|move|p1a: Zamazenta|Body Press|p2a: \u5929\u9876\n|-resisted|p2a: \u5929\u9876\n|-damage|p2a: \u5929\u9876|14\/100\n|move|p2a: \u5929\u9876|Hurricane|p1a: Zamazenta\n|-supereffective|p1a: Zamazenta\n|-damage|p1a: Zamazenta|0 fnt\n|faint|p1a: Zamazenta\n|\n|-weather|RainDance|[upkeep]\n|upkeep\n|inactive|hoons has 15 seconds left this turn.\n|inactive|hoons has 10 seconds left.\n|\n|t:|1700700251\n|switch|p1a: Cinderace|Cinderace, F|36\/100\n|turn|20\n|inactive|hoons has 20 seconds left this turn.\n|\n|t:|1700700255\n|move|p1a: Cinderace|Pyro Ball|p2a: \u5929\u9876\n|-resisted|p2a: \u5929\u9876\n|-damage|p2a: \u5929\u9876|1\/100\n|move|p2a: \u5929\u9876|Surf|p1a: Cinderace\n|-supereffective|p1a: Cinderace\n|-damage|p1a: Cinderace|0 fnt\n|faint|p1a: Cinderace\n|\n|-weather|RainDance|[upkeep]\n|upkeep\n|inactive|hoons has 25 seconds left this turn.\n|\n|t:|1700700258\n|switch|p1a: Kingambit|Kingambit, F|100\/100\n|-activate|p1a: Kingambit|ability: Supreme Overlord\n|-start|p1a: Kingambit|fallen4|[silent]\n|turn|21\n|inactive|hoons has 30 seconds left.\n|\n|t:|1700700263\n|-end|p1a: Kingambit|fallen4|[silent]\n|switch|p1a: Slowking|Slowking-Galar, M, shiny|100\/100 par\n|move|p2a: \u5929\u9876|Surf|p1a: Slowking\n|-damage|p1a: Slowking|56\/100 par\n|\n|-weather|RainDance|[upkeep]\n|upkeep\n|turn|22\n|\n|t:|1700700272\n|move|p2a: \u5929\u9876|Surf|p1a: Slowking\n|-crit|p1a: Slowking\n|-damage|p1a: Slowking|0 fnt\n|faint|p1a: Slowking\n|\n|-weather|RainDance|[upkeep]\n|upkeep\n|inactive|hoons has 30 seconds left.\n|inactive|hoons has 20 seconds left.\n|\n|t:|1700700298\n|switch|p1a: Kingambit|Kingambit, F|100\/100\n|-activate|p1a: Kingambit|ability: Supreme Overlord\n|-start|p1a: Kingambit|fallen5|[silent]\n|turn|23\n|inactive|hoons has 30 seconds left this turn.\n|inactive|hoons has 20 seconds left.\n|\n|t:|1700700309\n|move|p2a: \u5929\u9876|Surf|p1a: Kingambit\n|-damage|p1a: Kingambit|40\/100\n|move|p1a: Kingambit|Swords Dance|p1a: Kingambit\n|-boost|p1a: Kingambit|atk|2\n|\n|-weather|RainDance|[upkeep]\n|-heal|p1a: Kingambit|47\/100|[from] item: Leftovers\n|upkeep\n|turn|24\n|inactive|hoons has 30 seconds left this turn.\n|\n|t:|1700700313\n|move|p1a: Kingambit|Sucker Punch|p2a: \u5929\u9876\n|-damage|p2a: \u5929\u9876|0 fnt\n|faint|p2a: \u5929\u9876\n|\n|-weather|RainDance|[upkeep]\n|-heal|p1a: Kingambit|53\/100|[from] item: Leftovers\n|upkeep\n|\n|t:|1700700319\n|switch|p2a: \u51b7\u96e8|Greninja, M|100\/100\n|-damage|p2a: \u51b7\u96e8|88\/100|[from] Stealth Rock\n|turn|25\n|inactive|hoons has 30 seconds left.\n|c|\u2606hoons|my rilla shouldnt have died\n|inactive|hoons has 20 seconds left.\n|c|\u2606hoons|and that crit should have not landed\n|\n|t:|1700700345\n|move|p2a: \u51b7\u96e8|Water Shuriken|p1a: Kingambit\n|-damage|p1a: Kingambit|41\/100\n|-damage|p1a: Kingambit|29\/100\n|-damage|p1a: Kingambit|16\/100\n|-damage|p1a: Kingambit|4\/100\n|-hitcount|p1a: Kingambit|4\n|move|p1a: Kingambit|Sucker Punch||[still]\n|-fail|p1a: Kingambit\n|\n|-weather|RainDance|[upkeep]\n|-heal|p1a: Kingambit|11\/100|[from] item: Leftovers\n|upkeep\n|turn|26\n|inactive|hoons has 30 seconds left this turn.\n|-message|hoons forfeited.\n|\n|win|roamflag\n|raw|hoons's rating: 1687 &rarr; <strong>1664<\/strong><br \/>(-23 for losing)\n|raw|roamflag's rating: 1643 &rarr; <strong>1666<\/strong><br \/>(+23 for winning)\n|l|\u2606hoons\n","uploadtime":1700700388,"views":3,"p1id":"hoons","p2id":"roamflag","formatid":"gen9ou","rating":1664,"private":0,"password":""}