{"id":"gen9ou-1989457690","p1":"CaptHaydy","p2":"RexExnicios","format":"[Gen 9] OU","log":"|j|\u2606CaptHaydy\n|j|\u2606RexExnicios\n|t:|1699853492\n|gametype|singles\n|player|p1|CaptHaydy|265|1091\n|player|p2|RexExnicios|169|1084\n|teamsize|p1|6\n|teamsize|p2|6\n|gen|9\n|tier|[Gen 9] OU\n|rated|\n|rule|Sleep Clause Mod: Limit one foe put to sleep\n|rule|Species Clause: Limit one of each Pok\u00e9mon\n|rule|OHKO Clause: OHKO moves are banned\n|rule|Evasion Items Clause: Evasion items are banned\n|rule|Evasion Moves Clause: Evasion moves are banned\n|rule|Endless Battle Clause: Forcing endless battles is banned\n|rule|HP Percentage Mod: HP is shown in percentages\n|clearpoke\n|poke|p1|Heatran, F|\n|poke|p1|Landorus-Therian, M|\n|poke|p1|Dragonite, F|\n|poke|p1|Samurott-Hisui, F|\n|poke|p1|Glimmora, M|\n|poke|p1|Clefable, M|\n|poke|p2|Alomomola, M|\n|poke|p2|Landorus-Therian, M|\n|poke|p2|Ninetales-Alola, F|\n|poke|p2|Thundurus-Therian, M|\n|poke|p2|Ceruledge, M|\n|poke|p2|Great Tusk|\n|teampreview\n|\n|t:|1699853508\n|start\n|switch|p1a: Glimmora|Glimmora, M|100\/100\n|switch|p2a: Ninetales|Ninetales-Alola, F|100\/100\n|-weather|Snow|[from] ability: Snow Warning|[of] p2a: Ninetales\n|-item|p1a: Glimmora|Air Balloon\n|turn|1\n|\n|t:|1699853515\n|move|p2a: Ninetales|Aurora Veil|p2a: Ninetales\n|-sidestart|p2: RexExnicios|move: Aurora Veil\n|move|p1a: Glimmora|Stealth Rock|p2a: Ninetales\n|-sidestart|p2: RexExnicios|move: Stealth Rock\n|\n|-weather|Snow|[upkeep]\n|upkeep\n|turn|2\n|\n|t:|1699853525\n|move|p2a: Ninetales|Encore|p1a: Glimmora\n|-start|p1a: Glimmora|Encore\n|move|p1a: Glimmora|Stealth Rock||[still]\n|-fail|p1a: Glimmora\n|\n|-weather|Snow|[upkeep]\n|upkeep\n|turn|3\n|\n|t:|1699853535\n|switch|p2a: Ceruledge|Ceruledge, M|100\/100\n|-damage|p2a: Ceruledge|76\/100|[from] Stealth Rock\n|switch|p1a: Heatran|Heatran, F|100\/100\n|\n|-weather|Snow|[upkeep]\n|-heal|p2a: Ceruledge|82\/100|[from] item: Leftovers\n|upkeep\n|turn|4\n|\n|t:|1699853550\n|move|p2a: Ceruledge|Swords Dance|p2a: Ceruledge\n|-boost|p2a: Ceruledge|atk|2\n|move|p1a: Heatran|Earth Power|p2a: Ceruledge\n|-supereffective|p2a: Ceruledge\n|-damage|p2a: Ceruledge|49\/100\n|\n|-weather|Snow|[upkeep]\n|-heal|p2a: Ceruledge|56\/100|[from] item: Leftovers\n|upkeep\n|turn|5\n|\n|t:|1699853558\n|-terastallize|p2a: Ceruledge|Grass\n|move|p2a: Ceruledge|Poltergeist|p1a: Heatran\n|-activate|p1a: Heatran|move: Poltergeist|Heavy-Duty Boots\n|-damage|p1a: Heatran|13\/100\n|move|p1a: Heatran|Earth Power|p2a: Ceruledge\n|-resisted|p2a: Ceruledge\n|-damage|p2a: Ceruledge|48\/100\n|\n|-weather|none\n|-heal|p2a: Ceruledge|54\/100|[from] item: Leftovers\n|upkeep\n|turn|6\n|\n|t:|1699853569\n|move|p2a: Ceruledge|Shadow Sneak|p1a: Heatran\n|-damage|p1a: Heatran|0 fnt\n|faint|p1a: Heatran\n|\n|-heal|p2a: Ceruledge|60\/100|[from] item: Leftovers\n|upkeep\n|\n|t:|1699853574\n|switch|p1a: Samurott|Samurott-Hisui, F|100\/100\n|turn|7\n|\n|t:|1699853581\n|move|p1a: Samurott|Ceaseless Edge|p2a: Ceruledge\n|-damage|p2a: Ceruledge|42\/100\n|-sidestart|p2: RexExnicios|Spikes\n|move|p2a: Ceruledge|Bitter Blade|p1a: Samurott\n|-resisted|p1a: Samurott\n|-damage|p1a: Samurott|56\/100\n|-heal|p2a: Ceruledge|63\/100|[from] drain|[of] p1a: Samurott\n|\n|-heal|p2a: Ceruledge|69\/100|[from] item: Leftovers\n|upkeep\n|turn|8\n|\n|t:|1699853597\n|switch|p1a: Dragonite|Dragonite, F|100\/100\n|move|p2a: Ceruledge|Poltergeist|p1a: Dragonite\n|-activate|p1a: Dragonite|move: Poltergeist|Yache Berry\n|-damage|p1a: Dragonite|60\/100\n|\n|-heal|p2a: Ceruledge|75\/100|[from] item: Leftovers\n|-sideend|p2: RexExnicios|move: Aurora Veil\n|upkeep\n|turn|9\n|\n|t:|1699853618\n|-terastallize|p1a: Dragonite|Normal\n|move|p1a: Dragonite|Extreme Speed|p2a: Ceruledge\n|-damage|p2a: Ceruledge|39\/100\n|move|p2a: Ceruledge|Bitter Blade|p1a: Dragonite\n|-damage|p1a: Dragonite|0 fnt\n|-heal|p2a: Ceruledge|72\/100|[from] drain|[of] p1a: Dragonite\n|faint|p1a: Dragonite\n|\n|-heal|p2a: Ceruledge|78\/100|[from] item: Leftovers\n|upkeep\n|\n|t:|1699853630\n|switch|p1a: Glimmora|Glimmora, M|100\/100\n|-item|p1a: Glimmora|Air Balloon\n|turn|10\n|\n|t:|1699853637\n|move|p1a: Glimmora|Mortal Spin|p2a: Ceruledge\n|-supereffective|p2a: Ceruledge\n|-damage|p2a: Ceruledge|66\/100\n|-status|p2a: Ceruledge|psn\n|move|p2a: Ceruledge|Poltergeist|p1a: Glimmora|[miss]\n|-miss|p2a: Ceruledge|p1a: Glimmora\n|\n|-heal|p2a: Ceruledge|72\/100 psn|[from] item: Leftovers\n|-damage|p2a: Ceruledge|60\/100 psn|[from] psn\n|upkeep\n|turn|11\n|\n|t:|1699853651\n|move|p1a: Glimmora|Spikes|p2a: Ceruledge\n|-sidestart|p2: RexExnicios|Spikes\n|move|p2a: Ceruledge|Poltergeist|p1a: Glimmora\n|-activate|p1a: Glimmora|move: Poltergeist|Air Balloon\n|-damage|p1a: Glimmora|35\/100\n|-activate|p1a: Glimmora|ability: Toxic Debris\n|-sidestart|p2: RexExnicios|move: Toxic Spikes\n|-enditem|p1a: Glimmora|Air Balloon\n|\n|-heal|p2a: Ceruledge|66\/100 psn|[from] item: Leftovers\n|-damage|p2a: Ceruledge|53\/100 psn|[from] psn\n|upkeep\n|turn|12\n|\n|t:|1699853667\n|move|p1a: Glimmora|Spikes|p2a: Ceruledge\n|-sidestart|p2: RexExnicios|Spikes\n|move|p2a: Ceruledge|Bitter Blade|p1a: Glimmora\n|-resisted|p1a: Glimmora\n|-damage|p1a: Glimmora|10\/100\n|-heal|p2a: Ceruledge|67\/100 psn|[from] drain|[of] p1a: Glimmora\n|-activate|p1a: Glimmora|ability: Toxic Debris\n|-sidestart|p2: RexExnicios|move: Toxic Spikes\n|\n|-heal|p2a: Ceruledge|73\/100 psn|[from] item: Leftovers\n|-damage|p2a: Ceruledge|60\/100 psn|[from] psn\n|upkeep\n|turn|13\n|\n|t:|1699853678\n|move|p1a: Glimmora|Spiky Shield|p1a: Glimmora\n|-singleturn|p1a: Glimmora|move: Protect\n|move|p2a: Ceruledge|Shadow Sneak|p1a: Glimmora\n|-activate|p1a: Glimmora|move: Protect\n|-damage|p2a: Ceruledge|48\/100 psn|[from] Spiky Shield|[of] p1a: Glimmora\n|\n|-heal|p2a: Ceruledge|54\/100 psn|[from] item: Leftovers\n|-damage|p2a: Ceruledge|42\/100 psn|[from] psn\n|upkeep\n|turn|14\n|\n|t:|1699853686\n|move|p2a: Ceruledge|Shadow Sneak|p1a: Glimmora\n|-damage|p1a: Glimmora|0 fnt\n|faint|p1a: Glimmora\n|\n|-heal|p2a: Ceruledge|48\/100 psn|[from] item: Leftovers\n|-damage|p2a: Ceruledge|36\/100 psn|[from] psn\n|upkeep\n|\n|t:|1699853694\n|switch|p1a: Landorus|Landorus-Therian, M|100\/100\n|-ability|p1a: Landorus|Intimidate|boost\n|-unboost|p2a: Ceruledge|atk|1\n|turn|15\n|\n|t:|1699853700\n|move|p1a: Landorus|U-turn|p2a: Ceruledge\n|-supereffective|p2a: Ceruledge\n|-damage|p2a: Ceruledge|0 fnt\n|faint|p2a: Ceruledge\n|\n|t:|1699853705\n|switch|p1a: Samurott|Samurott-Hisui, F|56\/100|[from] U-turn\n|\n|upkeep\n|\n|t:|1699853711\n|switch|p2a: Great Tusk|Great Tusk|100\/100\n|-damage|p2a: Great Tusk|98\/100|[from] Stealth Rock\n|-damage|p2a: Great Tusk|73\/100|[from] Spikes\n|-status|p2a: Great Tusk|tox\n|turn|16\n|\n|t:|1699853718\n|move|p1a: Samurott|Aqua Cutter|p2a: Great Tusk\n|-supereffective|p2a: Great Tusk\n|-crit|p2a: Great Tusk\n|-damage|p2a: Great Tusk|0 fnt\n|faint|p2a: Great Tusk\n|-end|p2a: Great Tusk|Protosynthesis|[silent]\n|\n|upkeep\n|\n|t:|1699853740\n|switch|p2a: Landorus|Landorus-Therian, M|100\/100\n|-damage|p2a: Landorus|88\/100|[from] Stealth Rock\n|-ability|p2a: Landorus|Intimidate|boost\n|-unboost|p1a: Samurott|atk|1\n|turn|17\n|\n|t:|1699853745\n|move|p2a: Landorus|U-turn|p1a: Samurott\n|-supereffective|p1a: Samurott\n|-damage|p1a: Samurott|0 fnt\n|faint|p1a: Samurott\n|\n|t:|1699853753\n|switch|p2a: Ninetales|Ninetales-Alola, F|100\/100|[from] U-turn\n|-damage|p2a: Ninetales|76\/100|[from] Stealth Rock\n|-damage|p2a: Ninetales|51\/100|[from] Spikes\n|-status|p2a: Ninetales|tox\n|-weather|Snow|[from] ability: Snow Warning|[of] p2a: Ninetales\n|\n|-weather|Snow|[upkeep]\n|-damage|p2a: Ninetales|45\/100 tox|[from] psn\n|upkeep\n|\n|t:|1699853763\n|switch|p1a: Clefable|Clefable, M|100\/100\n|turn|18\n|\n|t:|1699853771\n|move|p2a: Ninetales|Aurora Veil|p2a: Ninetales\n|-sidestart|p2: RexExnicios|move: Aurora Veil\n|move|p1a: Clefable|Calm Mind|p1a: Clefable\n|-boost|p1a: Clefable|spa|1\n|-boost|p1a: Clefable|spd|1\n|\n|-weather|Snow|[upkeep]\n|-damage|p2a: Ninetales|33\/100 tox|[from] psn\n|upkeep\n|turn|19\n|\n|t:|1699853777\n|move|p2a: Ninetales|Encore|p1a: Clefable\n|-start|p1a: Clefable|Encore\n|move|p1a: Clefable|Calm Mind|p1a: Clefable\n|-boost|p1a: Clefable|spa|1\n|-boost|p1a: Clefable|spd|1\n|\n|-weather|Snow|[upkeep]\n|-damage|p2a: Ninetales|15\/100 tox|[from] psn\n|upkeep\n|turn|20\n|\n|t:|1699853785\n|move|p2a: Ninetales|Freeze-Dry|p1a: Clefable\n|-damage|p1a: Clefable|90\/100\n|move|p1a: Clefable|Calm Mind|p1a: Clefable\n|-boost|p1a: Clefable|spa|1\n|-boost|p1a: Clefable|spd|1\n|\n|-weather|Snow|[upkeep]\n|-damage|p2a: Ninetales|0 fnt|[from] psn\n|faint|p2a: Ninetales\n|upkeep\n|\n|t:|1699853796\n|switch|p2a: Landorus|Landorus-Therian, M|88\/100\n|-damage|p2a: Landorus|76\/100|[from] Stealth Rock\n|-ability|p2a: Landorus|Intimidate|boost\n|-unboost|p1a: Clefable|atk|1\n|turn|21\n|\n|t:|1699853802\n|move|p2a: Landorus|Earthquake|p1a: Clefable\n|-damage|p1a: Clefable|28\/100\n|move|p1a: Clefable|Calm Mind|p1a: Clefable\n|-boost|p1a: Clefable|spa|1\n|-boost|p1a: Clefable|spd|1\n|\n|-weather|none\n|-end|p1a: Clefable|Encore\n|upkeep\n|turn|22\n|\n|t:|1699853813\n|move|p2a: Landorus|Earthquake|p1a: Clefable\n|-damage|p1a: Clefable|0 fnt\n|faint|p1a: Clefable\n|\n|upkeep\n|\n|t:|1699853817\n|switch|p1a: Landorus|Landorus-Therian, M|100\/100\n|-ability|p1a: Landorus|Intimidate|boost\n|-unboost|p2a: Landorus|atk|1\n|turn|23\n|\n|t:|1699853822\n|switch|p2a: Alomomola|Alomomola, M|100\/100\n|-damage|p2a: Alomomola|88\/100|[from] Stealth Rock\n|-damage|p2a: Alomomola|63\/100|[from] Spikes\n|-status|p2a: Alomomola|tox\n|move|p1a: Landorus|Swords Dance|p1a: Landorus\n|-boost|p1a: Landorus|atk|2\n|\n|-heal|p2a: Alomomola|69\/100 tox|[from] item: Leftovers\n|-damage|p2a: Alomomola|63\/100 tox|[from] psn\n|upkeep\n|turn|24\n|\n|t:|1699853834\n|move|p1a: Landorus|Swords Dance|p1a: Landorus\n|-boost|p1a: Landorus|atk|2\n|move|p2a: Alomomola|Scald|p1a: Landorus\n|-supereffective|p1a: Landorus\n|-damage|p1a: Landorus|66\/100\n|\n|-heal|p2a: Alomomola|69\/100 tox|[from] item: Leftovers\n|-damage|p2a: Alomomola|57\/100 tox|[from] psn\n|upkeep\n|turn|25\n|\n|t:|1699853844\n|move|p1a: Landorus|Earthquake|p2a: Alomomola\n|-damage|p2a: Alomomola|11\/100 tox\n|move|p2a: Alomomola|Scald|p1a: Landorus\n|-supereffective|p1a: Landorus\n|-damage|p1a: Landorus|32\/100\n|\n|-heal|p2a: Alomomola|18\/100 tox|[from] item: Leftovers\n|-damage|p2a: Alomomola|0 fnt|[from] psn\n|faint|p2a: Alomomola\n|-sideend|p2: RexExnicios|move: Aurora Veil\n|upkeep\n|\n|t:|1699853852\n|switch|p2a: Thundurus|Thundurus-Therian, M|100\/100\n|-damage|p2a: Thundurus|76\/100|[from] Stealth Rock\n|turn|26\n|\n|t:|1699853856\n|move|p2a: Thundurus|Grass Knot|p1a: Landorus\n|-damage|p1a: Landorus|0 fnt\n|faint|p1a: Landorus\n|\n|win|RexExnicios\n|raw|CaptHaydy's rating: 1091 &rarr; <strong>1067<\/strong><br \/>(-24 for losing)\n|raw|RexExnicios's rating: 1084 &rarr; <strong>1112<\/strong><br \/>(+28 for winning)\n","uploadtime":1699853861,"views":24,"p1id":"capthaydy","p2id":"rexexnicios","formatid":"gen9ou","rating":1067,"private":0,"password":""}