{"id":"gen9ou-1995180904","p1":"pyrose44","p2":"PLAYB0I R0BBIE B","format":"[Gen 9] OU","log":"|j|\u2606pyrose44\n|j|\u2606PLAYB0I R0BBIE B\n|t:|1700531651\n|gametype|singles\n|player|p1|pyrose44|1|1195\n|player|p2|PLAYB0I R0BBIE B|eusine|1326\n|teamsize|p1|6\n|teamsize|p2|6\n|gen|9\n|tier|[Gen 9] OU\n|rated|\n|rule|Sleep Clause Mod: Limit one foe put to sleep\n|rule|Species Clause: Limit one of each Pok\u00e9mon\n|rule|OHKO Clause: OHKO moves are banned\n|rule|Evasion Items Clause: Evasion items are banned\n|rule|Evasion Moves Clause: Evasion moves are banned\n|rule|Endless Battle Clause: Forcing endless battles is banned\n|rule|HP Percentage Mod: HP is shown in percentages\n|clearpoke\n|poke|p1|Clefable, F|\n|poke|p1|Ogerpon-Wellspring, F|\n|poke|p1|Great Tusk|\n|poke|p1|Gholdengo|\n|poke|p1|Kingambit, M|\n|poke|p1|Zapdos|\n|poke|p2|Meowscarada, F|\n|poke|p2|Heatran, F|\n|poke|p2|Thundurus-Therian, M|\n|poke|p2|Dragapult, F|\n|poke|p2|Great Tusk|\n|poke|p2|Azumarill, F|\n|teampreview\n|\n|t:|1700531662\n|start\n|switch|p1a: Clefable|Clefable, F|100\/100\n|switch|p2a: 5% TINT|Heatran, F|100\/100\n|-item|p2a: 5% TINT|Air Balloon\n|turn|1\n|\n|t:|1700531685\n|move|p2a: 5% TINT|Magma Storm|p1a: Clefable\n|-damage|p1a: Clefable|47\/100\n|-activate|p1a: Clefable|move: Magma Storm|[of] p2a: 5% TINT\n|move|p1a: Clefable|Thunder Wave|p2a: 5% TINT\n|-status|p2a: 5% TINT|par\n|\n|-heal|p1a: Clefable|53\/100|[from] item: Leftovers\n|upkeep\n|turn|2\n|\n|t:|1700531694\n|move|p1a: Clefable|Stealth Rock|p2a: 5% TINT\n|-sidestart|p2: PLAYB0I R0BBIE B|move: Stealth Rock\n|cant|p2a: 5% TINT|par\n|\n|-heal|p1a: Clefable|59\/100|[from] item: Leftovers\n|upkeep\n|turn|3\n|\n|t:|1700531717\n|-terastallize|p1a: Clefable|Psychic\n|move|p1a: Clefable|Psychic|p2a: 5% TINT\n|-resisted|p2a: 5% TINT\n|-damage|p2a: 5% TINT|82\/100 par\n|-enditem|p2a: 5% TINT|Air Balloon\n|move|p2a: 5% TINT|Taunt|p1a: Clefable\n|-start|p1a: Clefable|move: Taunt\n|\n|-heal|p1a: Clefable|65\/100|[from] item: Leftovers\n|upkeep\n|turn|4\n|inactive|Battle timer is ON: inactive players will automatically lose when time's up. (requested by PLAYB0I R0BBIE B)\n|\n|t:|1700531726\n|move|p1a: Clefable|Psychic|p2a: 5% TINT\n|-resisted|p2a: 5% TINT\n|-crit|p2a: 5% TINT\n|-damage|p2a: 5% TINT|55\/100 par\n|move|p2a: 5% TINT|Magma Storm|p1a: Clefable|[miss]\n|-miss|p2a: 5% TINT|p1a: Clefable\n|\n|-heal|p1a: Clefable|71\/100|[from] item: Leftovers\n|upkeep\n|turn|5\n|\n|t:|1700531733\n|move|p1a: Clefable|Psychic|p2a: 5% TINT\n|-resisted|p2a: 5% TINT\n|-damage|p2a: 5% TINT|36\/100 par\n|move|p2a: 5% TINT|Magma Storm|p1a: Clefable\n|-damage|p1a: Clefable|23\/100\n|\n|-heal|p1a: Clefable|29\/100|[from] item: Leftovers\n|upkeep\n|turn|6\n|\n|t:|1700531740\n|move|p1a: Clefable|Psychic|p2a: 5% TINT\n|-resisted|p2a: 5% TINT\n|-damage|p2a: 5% TINT|19\/100 par\n|move|p2a: 5% TINT|Magma Storm|p1a: Clefable\n|-damage|p1a: Clefable|0 fnt\n|faint|p1a: Clefable\n|\n|upkeep\n|\n|t:|1700531749\n|switch|p1a: Zapdos|Zapdos|100\/100\n|turn|7\n|\n|t:|1700531757\n|move|p1a: Zapdos|Hurricane|p2a: 5% TINT\n|-resisted|p2a: 5% TINT\n|-damage|p2a: 5% TINT|0 fnt\n|faint|p2a: 5% TINT\n|\n|upkeep\n|\n|t:|1700531765\n|switch|p2a: NO BYSTANDERS|Dragapult, F|100\/100\n|turn|8\n|\n|t:|1700531770\n|move|p2a: NO BYSTANDERS|Draco Meteor|p1a: Zapdos\n|-damage|p1a: Zapdos|29\/100\n|-unboost|p2a: NO BYSTANDERS|spa|2\n|move|p1a: Zapdos|Volt Switch|p2a: NO BYSTANDERS\n|-resisted|p2a: NO BYSTANDERS\n|-damage|p2a: NO BYSTANDERS|77\/100\n|\n|t:|1700531782\n|switch|p1a: Gholdengo|Gholdengo|100\/100|[from] Volt Switch\n|\n|upkeep\n|turn|9\n|\n|t:|1700531787\n|move|p2a: NO BYSTANDERS|U-turn|p1a: Gholdengo\n|-resisted|p1a: Gholdengo\n|-damage|p1a: Gholdengo|96\/100\n|\n|t:|1700531788\n|switch|p2a: CAN'T SAY|Azumarill, F|100\/100|[from] U-turn\n|-damage|p2a: CAN'T SAY|88\/100|[from] Stealth Rock\n|move|p1a: Gholdengo|Shadow Ball|p2a: CAN'T SAY\n|-damage|p2a: CAN'T SAY|47\/100\n|\n|upkeep\n|turn|10\n|\n|t:|1700531798\n|move|p1a: Gholdengo|Shadow Ball|p2a: CAN'T SAY\n|-damage|p2a: CAN'T SAY|5\/100\n|move|p2a: CAN'T SAY|Ice Spinner|p1a: Gholdengo\n|-resisted|p1a: Gholdengo\n|-damage|p1a: Gholdengo|77\/100\n|\n|upkeep\n|turn|11\n|\n|t:|1700531804\n|move|p2a: CAN'T SAY|Aqua Jet|p1a: Gholdengo\n|-damage|p1a: Gholdengo|50\/100\n|move|p1a: Gholdengo|Shadow Ball|p2a: CAN'T SAY\n|-damage|p2a: CAN'T SAY|0 fnt\n|faint|p2a: CAN'T SAY\n|\n|upkeep\n|\n|t:|1700531807\n|switch|p2a: SICKO MODE|Meowscarada, F|100\/100\n|-damage|p2a: SICKO MODE|88\/100|[from] Stealth Rock\n|turn|12\n|\n|t:|1700531813\n|switch|p1a: Zapdos|Zapdos|29\/100\n|move|p2a: SICKO MODE|Knock Off|p1a: Zapdos\n|-start|p2a: SICKO MODE|typechange|Dark|[from] ability: Protean\n|-damage|p1a: Zapdos|0 fnt\n|-status|p2a: SICKO MODE|par|[from] ability: Static|[of] p1a: Zapdos\n|-enditem|p1a: Zapdos|Heavy-Duty Boots|[from] move: Knock Off|[of] p2a: SICKO MODE\n|faint|p1a: Zapdos\n|\n|upkeep\n|\n|t:|1700531827\n|switch|p1a: Great Tusk|Great Tusk, shiny|100\/100\n|turn|13\n|\n|t:|1700531831\n|switch|p2a: ASTROTHUNDER|Thundurus-Therian, M|100\/100\n|-damage|p2a: ASTROTHUNDER|75\/100|[from] Stealth Rock\n|move|p1a: Great Tusk|Close Combat|p2a: ASTROTHUNDER\n|-resisted|p2a: ASTROTHUNDER\n|-damage|p2a: ASTROTHUNDER|25\/100\n|-unboost|p1a: Great Tusk|def|1\n|-unboost|p1a: Great Tusk|spd|1\n|\n|upkeep\n|turn|14\n|\n|t:|1700531839\n|move|p2a: ASTROTHUNDER|Grass Knot|p1a: Great Tusk\n|-supereffective|p1a: Great Tusk\n|-damage|p1a: Great Tusk|0 fnt\n|faint|p1a: Great Tusk\n|-end|p1a: Great Tusk|Protosynthesis|[silent]\n|\n|upkeep\n|\n|t:|1700531847\n|switch|p1a: Ogerpon|Ogerpon-Wellspring, F|100\/100\n|turn|15\n|\n|t:|1700531855\n|move|p1a: Ogerpon|U-turn|p2a: ASTROTHUNDER\n|-resisted|p2a: ASTROTHUNDER\n|-damage|p2a: ASTROTHUNDER|3\/100\n|\n|t:|1700531859\n|switch|p1a: Gholdengo|Gholdengo|50\/100|[from] U-turn\n|move|p2a: ASTROTHUNDER|Grass Knot|p1a: Gholdengo\n|-resisted|p1a: Gholdengo\n|-damage|p1a: Gholdengo|31\/100\n|\n|upkeep\n|turn|16\n|\n|t:|1700531865\n|move|p2a: ASTROTHUNDER|Grass Knot|p1a: Gholdengo\n|-resisted|p1a: Gholdengo\n|-damage|p1a: Gholdengo|10\/100\n|move|p1a: Gholdengo|Shadow Ball|p2a: ASTROTHUNDER\n|-damage|p2a: ASTROTHUNDER|0 fnt\n|faint|p2a: ASTROTHUNDER\n|\n|upkeep\n|\n|t:|1700531870\n|switch|p2a: NO BYSTANDERS|Dragapult, F|77\/100\n|turn|17\n|\n|t:|1700531873\n|move|p2a: NO BYSTANDERS|Hex|p1a: Gholdengo\n|-supereffective|p1a: Gholdengo\n|-damage|p1a: Gholdengo|0 fnt\n|faint|p1a: Gholdengo\n|\n|upkeep\n|\n|t:|1700531884\n|switch|p1a: Kingambit|Kingambit, M|100\/100\n|-activate|p1a: Kingambit|ability: Supreme Overlord\n|-start|p1a: Kingambit|fallen4|[silent]\n|turn|18\n|\n|t:|1700531888\n|move|p2a: NO BYSTANDERS|Thunder Wave|p1a: Kingambit\n|-status|p1a: Kingambit|par\n|move|p1a: Kingambit|Kowtow Cleave|p2a: NO BYSTANDERS\n|-supereffective|p2a: NO BYSTANDERS\n|-damage|p2a: NO BYSTANDERS|0 fnt\n|faint|p2a: NO BYSTANDERS\n|\n|upkeep\n|\n|t:|1700531893\n|switch|p2a: YOSEMITE|Great Tusk|100\/100\n|turn|19\n|\n|t:|1700531897\n|cant|p1a: Kingambit|par\n|move|p2a: YOSEMITE|Rapid Spin|p1a: Kingambit\n|-resisted|p1a: Kingambit\n|-damage|p1a: Kingambit|94\/100 par\n|-boost|p2a: YOSEMITE|spe|1\n|-sideend|p2: PLAYB0I R0BBIE B|Stealth Rock|[from] move: Rapid Spin|[of] p2a: YOSEMITE\n|\n|-heal|p1a: Kingambit|100\/100 par|[from] item: Leftovers\n|upkeep\n|turn|20\n|\n|t:|1700531904\n|move|p1a: Kingambit|Sucker Punch|p2a: YOSEMITE\n|-resisted|p2a: YOSEMITE\n|-damage|p2a: YOSEMITE|78\/100\n|move|p2a: YOSEMITE|Close Combat|p1a: Kingambit\n|-supereffective|p1a: Kingambit\n|-damage|p1a: Kingambit|0 fnt\n|-unboost|p2a: YOSEMITE|def|1\n|-unboost|p2a: YOSEMITE|spd|1\n|faint|p1a: Kingambit\n|-end|p1a: Kingambit|fallen4|[silent]\n|\n|upkeep\n|\n|t:|1700531913\n|switch|p1a: Ogerpon|Ogerpon-Wellspring, F|100\/100\n|turn|21\n|\n|t:|1700531922\n|-terastallize|p2a: YOSEMITE|Dragon\n|move|p2a: YOSEMITE|Close Combat|p1a: Ogerpon\n|-damage|p1a: Ogerpon|11\/100\n|-unboost|p2a: YOSEMITE|def|1\n|-unboost|p2a: YOSEMITE|spd|1\n|move|p1a: Ogerpon|Horn Leech|p2a: YOSEMITE\n|-resisted|p2a: YOSEMITE\n|-damage|p2a: YOSEMITE|47\/100\n|-heal|p1a: Ogerpon|30\/100|[from] drain|[of] p2a: YOSEMITE\n|\n|upkeep\n|turn|22\n|\n|t:|1700531932\n|move|p2a: YOSEMITE|Close Combat|p1a: Ogerpon\n|-damage|p1a: Ogerpon|0 fnt\n|-unboost|p2a: YOSEMITE|def|1\n|-unboost|p2a: YOSEMITE|spd|1\n|faint|p1a: Ogerpon\n|\n|win|PLAYB0I R0BBIE B\n|raw|pyrose44's rating: 1195 &rarr; <strong>1179<\/strong><br \/>(-16 for losing)\n|raw|PLAYB0I R0BBIE B's rating: 1326 &rarr; <strong>1339<\/strong><br \/>(+13 for winning)\n|l|\u2606pyrose44\n","uploadtime":1700531940,"views":5,"p1id":"pyrose44","p2id":"playb0ir0bbieb","formatid":"gen9ou","rating":1179,"private":0,"password":""}