{"id":"gen9ou-1994391145","p1":"Mareoo","p2":"Drampa\u5927Raivoso","format":"[Gen 9] OU","log":"|j|\u2606Mareoo\n|j|\u2606Drampa\u5927Raivoso\n|inactive|Battle timer is ON: inactive players will automatically lose when time's up.\n|t:|1700438541\n|gametype|singles\n|player|p1|Mareoo|gambler|\n|player|p2|Drampa\u5927Raivoso|n-masters|\n|teamsize|p1|6\n|teamsize|p2|6\n|gen|9\n|tier|[Gen 9] OU\n|rated|Tournament battle\n|rule|Sleep Clause Mod: Limit one foe put to sleep\n|rule|Species Clause: Limit one of each Pok\u00e9mon\n|rule|OHKO Clause: OHKO moves are banned\n|rule|Evasion Items Clause: Evasion items are banned\n|rule|Evasion Moves Clause: Evasion moves are banned\n|rule|Endless Battle Clause: Forcing endless battles is banned\n|rule|HP Percentage Mod: HP is shown in percentages\n|clearpoke\n|poke|p1|Iron Jugulis|\n|poke|p1|Ogerpon-Wellspring, F|\n|poke|p1|Tinkaton, F|\n|poke|p1|Iron Moth|\n|poke|p1|Great Tusk|\n|poke|p1|Dragapult, F|\n|poke|p2|Kingambit, M|\n|poke|p2|Glimmora, F|\n|poke|p2|Zamazenta-*|\n|poke|p2|Iron Valiant|\n|poke|p2|Iron Moth|\n|poke|p2|Ogerpon-Wellspring, F|\n|teampreview\n|inactive|Drampa\u5927Raivoso also wants the timer to be on.\n|c|\u2606Drampa\u5927Raivoso|glhf\n|c|\u2606Mareoo|u2\n|c|\u2606Mareoo|- vertigo\n|inactive|Mareoo has 120 seconds left.\n|\n|t:|1700438571\n|start\n|switch|p1a: TWINKATON|Tinkaton, F|100\/100\n|switch|p2a: Maskara|Ogerpon-Wellspring, F|100\/100\n|-item|p1a: TWINKATON|Air Balloon\n|turn|1\n|\n|t:|1700438577\n|move|p2a: Maskara|U-turn|p1a: TWINKATON\n|-resisted|p1a: TWINKATON\n|-damage|p1a: TWINKATON|92\/100\n|-enditem|p1a: TWINKATON|Air Balloon\n|\n|t:|1700438579\n|switch|p2a: Fr\u00f4|Glimmora, F|100\/100|[from] U-turn\n|move|p1a: TWINKATON|Thunder Wave|p2a: Fr\u00f4\n|-status|p2a: Fr\u00f4|par\n|\n|upkeep\n|turn|2\n|\n|t:|1700438588\n|switch|p1a: Dragapult|Dragapult, F|100\/100\n|cant|p2a: Fr\u00f4|par\n|\n|upkeep\n|turn|3\n|\n|t:|1700438592\n|move|p1a: Dragapult|U-turn|p2a: Fr\u00f4\n|-resisted|p2a: Fr\u00f4\n|-damage|p2a: Fr\u00f4|90\/100 par\n|-activate|p2a: Fr\u00f4|ability: Toxic Debris\n|-sidestart|p1: Mareoo|move: Toxic Spikes\n|\n|t:|1700438603\n|switch|p1a: Iron Moth|Iron Moth|100\/100|[from] U-turn\n|-sideend|p1: Mareoo|move: Toxic Spikes|[of] p1a: Iron Moth\n|-enditem|p1a: Iron Moth|Booster Energy\n|-activate|p1a: Iron Moth|ability: Quark Drive|[fromitem]\n|-start|p1a: Iron Moth|quarkdrivespe\n|cant|p2a: Fr\u00f4|par\n|\n|upkeep\n|turn|4\n|c|\u2606Mareoo|que doido\n|c|\u2606Mareoo|aconteceu exatamente a msm coisa que agr\n|c|\u2606Mareoo|quando joguei o tour pela tarde\n|c|\u2606Mareoo|o opp levou 4 full para seguido\n|c|\u2606Drampa\u5927Raivoso|Passou a zika pra mim\n|c|\u2606Drampa\u5927Raivoso|safado\n|\n|t:|1700438631\n|move|p1a: Iron Moth|Fiery Dance|p2a: Fr\u00f4\n|-resisted|p2a: Fr\u00f4\n|-damage|p2a: Fr\u00f4|61\/100 par\n|-boost|p1a: Iron Moth|spa|1\n|move|p2a: Fr\u00f4|Power Gem|p1a: Iron Moth\n|-supereffective|p1a: Iron Moth\n|-damage|p1a: Iron Moth|14\/100\n|\n|upkeep\n|turn|5\n|c|\u2606Mareoo|ai \u00e9 com ele\n|\n|t:|1700438639\n|move|p1a: Iron Moth|Psychic|p2a: Fr\u00f4\n|-supereffective|p2a: Fr\u00f4\n|-damage|p2a: Fr\u00f4|0 fnt\n|faint|p2a: Fr\u00f4\n|\n|upkeep\n|\n|t:|1700438645\n|switch|p2a: Mothra 2099|Iron Moth|100\/100\n|-enditem|p2a: Mothra 2099|Booster Energy\n|-activate|p2a: Mothra 2099|ability: Quark Drive|[fromitem]\n|-start|p2a: Mothra 2099|quarkdrivespe\n|turn|6\n|c|\u2606Mareoo|speed tie\n|c|\u2606Mareoo|letsgoo\n|c|\u2606Mareoo|vamos ver\n|\n|t:|1700438658\n|move|p1a: Iron Moth|Psychic|p2a: Mothra 2099\n|-supereffective|p2a: Mothra 2099\n|-damage|p2a: Mothra 2099|1\/100\n|move|p2a: Mothra 2099|Fiery Dance|p1a: Iron Moth\n|-resisted|p1a: Iron Moth\n|-damage|p1a: Iron Moth|0 fnt\n|faint|p1a: Iron Moth\n|-end|p1a: Iron Moth|Quark Drive|[silent]\n|\n|upkeep\n|c|\u2606Mareoo|jamais perdi uma speed tie\n|inactive|Mareoo has 120 seconds left.\n|\n|t:|1700438684\n|switch|p1a: Great Tusk|Great Tusk|100\/100\n|-enditem|p1a: Great Tusk|Booster Energy\n|-activate|p1a: Great Tusk|ability: Protosynthesis|[fromitem]\n|-start|p1a: Great Tusk|protosynthesisspe\n|turn|7\n|inactive|Mareoo has 120 seconds left.\n|c|\u2606Drampa\u5927Raivoso|em 6 turnos eu j\u00e1 to salgado at\u00e9 os dentes\n|c|\u2606Drampa\u5927Raivoso|big domingo\n|\n|t:|1700438697\n|move|p2a: Mothra 2099|Dazzling Gleam|p1a: Great Tusk\n|-supereffective|p1a: Great Tusk\n|-damage|p1a: Great Tusk|36\/100\n|move|p1a: Great Tusk|Rapid Spin|p2a: Mothra 2099\n|-damage|p2a: Mothra 2099|0 fnt\n|-boost|p1a: Great Tusk|spe|1\n|faint|p2a: Mothra 2099\n|-end|p2a: Mothra 2099|Quark Drive|[silent]\n|\n|upkeep\n|c|\u2606Mareoo|nao se salgue\n|c|\u2606Mareoo|adocique sua vida\n|c|\u2606Mareoo|\u00e9 s\u00f3 um jogo de clicar botao\n|c|\u2606Mareoo|elite mentalidade\n|\n|t:|1700438712\n|switch|p2a: 2B|Iron Valiant|100\/100\n|-enditem|p2a: 2B|Booster Energy\n|-activate|p2a: 2B|ability: Quark Drive|[fromitem]\n|-start|p2a: 2B|quarkdrivespe\n|turn|8\n|c|\u2606Drampa\u5927Raivoso|baita conselho\n|c|\u2606Drampa\u5927Raivoso|obrigado\n|\n|t:|1700438734\n|move|p1a: Great Tusk|Headlong Rush|p2a: 2B\n|-damage|p2a: 2B|32\/100\n|-unboost|p1a: Great Tusk|def|1\n|-unboost|p1a: Great Tusk|spd|1\n|move|p2a: 2B|Moonblast|p1a: Great Tusk\n|-supereffective|p1a: Great Tusk\n|-damage|p1a: Great Tusk|0 fnt\n|faint|p1a: Great Tusk\n|-end|p1a: Great Tusk|Protosynthesis|[silent]\n|\n|upkeep\n|c|\u2606Mareoo|tmj\n|inactive|Mareoo has 120 seconds left.\n|\n|t:|1700438750\n|switch|p1a: TWINKATON|Tinkaton, F|92\/100\n|turn|9\n|inactive|Mareoo has 120 seconds left.\n|c|\u2606Mareoo|eu nao sei metade do que os bicho dessa gen fazem\n|c|\u2606Mareoo|e to ai\n|\n|t:|1700438761\n|move|p2a: 2B|Close Combat|p1a: TWINKATON\n|-damage|p1a: TWINKATON|42\/100\n|-unboost|p2a: 2B|def|1\n|-unboost|p2a: 2B|spd|1\n|move|p1a: TWINKATON|Play Rough|p2a: 2B\n|-supereffective|p2a: 2B\n|-damage|p2a: 2B|0 fnt\n|faint|p2a: 2B\n|-end|p2a: 2B|Quark Drive|[silent]\n|\n|upkeep\n|inactive|Drampa\u5927Raivoso has 120 seconds left.\n|c|\u2606Drampa\u5927Raivoso|eu te explico com as suas palavras\n|c|\u2606Drampa\u5927Raivoso|\"clicar bot\u00e3o\"\n|c|\u2606Mareoo|bom ponto\n|\n|t:|1700438814\n|switch|p2a: Maskara|Ogerpon-Wellspring, F|100\/100\n|turn|10\n|c|\u2606Mareoo|\u00e9 clicar bot\u00e3o, predicar, setupar e clicar super efetivo\n|c|\u2606Mareoo|assim que jogo\n|inactive|Mareoo has 120 seconds left.\n|\n|t:|1700438826\n|move|p2a: Maskara|Ivy Cudgel|p1a: TWINKATON|[anim] Ivy Cudgel Water\n|-crit|p1a: TWINKATON\n|-damage|p1a: TWINKATON|0 fnt\n|faint|p1a: TWINKATON\n|\n|upkeep\n|inactive|Mareoo has 120 seconds left.\n|\n|t:|1700438834\n|switch|p1a: Dragapult|Dragapult, F|100\/100\n|turn|11\n|c|\u2606Drampa\u5927Raivoso|E tem jeito melhor de jogar?\n|c|\u2606Mareoo|nao sei tem quem calcule\n|inactive|Mareoo has 120 seconds left.\n|\n|t:|1700438848\n|move|p1a: Dragapult|Shadow Ball|p2a: Maskara\n|-damage|p2a: Maskara|37\/100\n|move|p2a: Maskara|Knock Off|p1a: Dragapult\n|-supereffective|p1a: Dragapult\n|-damage|p1a: Dragapult|0 fnt\n|-enditem|p1a: Dragapult|Choice Specs|[from] move: Knock Off|[of] p2a: Maskara\n|faint|p1a: Dragapult\n|\n|upkeep\n|\n|t:|1700438852\n|switch|p1a: Ogerpon|Ogerpon-Wellspring, F|100\/100\n|turn|12\n|inactive|Drampa\u5927Raivoso has 120 seconds left.\n|c|\u2606Drampa\u5927Raivoso|S\u00f3 calculo em evento ou torneios mais hardcore\n|c|\u2606Drampa\u5927Raivoso|no casual \u00e9 clicara e torcer\n|c|\u2606Mareoo|eu deixo os calculos para os matem\u00e1tico\n|c|\u2606Mareoo|mas nao jogo esses tours a\u00ed ent\u00e3o justo\n|inactive|Drampa\u5927Raivoso has 90 seconds left.\n|c|\u2606Drampa\u5927Raivoso|Digo o mesmo\n|c|\u2606Drampa\u5927Raivoso|Outra speed tie\n|\n|t:|1700438907\n|move|p1a: Ogerpon|Ivy Cudgel|p2a: Maskara|[anim] Ivy Cudgel Water\n|-heal|p2a: Maskara|62\/100|[from] ability: Water Absorb|[of] p1a: Ogerpon\n|move|p2a: Maskara|Power Whip|p1a: Ogerpon\n|-damage|p1a: Ogerpon|10\/100\n|\n|upkeep\n|turn|13\n|inactive|Drampa\u5927Raivoso has 90 seconds left.\n|c|\u2606Mareoo|pera\n|c|\u2606Mareoo|a\n|c|\u2606Mareoo|ai \u00f3 eu realmente n manjo\n|c|\u2606Mareoo|nem sabia disso\n|c|\u2606Drampa\u5927Raivoso|Vc n\u00e3o mentiu quando disse que n\u00e3o sabia oque eles fazem\n|\n|t:|1700438938\n|move|p1a: Ogerpon|U-turn|p2a: Maskara\n|-supereffective|p2a: Maskara\n|-damage|p2a: Maskara|0 fnt\n|faint|p2a: Maskara\n|\n|t:|1700438943\n|switch|p1a: Iron Jugulis|Iron Jugulis|100\/100|[from] U-turn\n|-enditem|p1a: Iron Jugulis|Booster Energy\n|-activate|p1a: Iron Jugulis|ability: Quark Drive|[fromitem]\n|-start|p1a: Iron Jugulis|quarkdrivespe\n|\n|upkeep\n|c|\u2606Drampa\u5927Raivoso|E ainda ganhou a tie duas vezes\n|inactive|Drampa\u5927Raivoso has 60 seconds left.\n|c|\u2606Drampa\u5927Raivoso|Tie god\n|\n|t:|1700438968\n|switch|p2a: Kaiser|Zamazenta|100\/100\n|-ability|p2a: Kaiser|Dauntless Shield|boost\n|-boost|p2a: Kaiser|def|1\n|turn|14\n|c|\u2606Mareoo|\u00e9 sobre isso\n|\n|t:|1700438979\n|-terastallize|p2a: Kaiser|Fire\n|move|p1a: Iron Jugulis|Hurricane|p2a: Kaiser\n|-damage|p2a: Kaiser|46\/100\n|move|p2a: Kaiser|Stone Edge|p1a: Iron Jugulis\n|-supereffective|p1a: Iron Jugulis\n|-damage|p1a: Iron Jugulis|26\/100\n|\n|-heal|p2a: Kaiser|52\/100|[from] item: Leftovers\n|upkeep\n|turn|15\n|\n|t:|1700438992\n|move|p1a: Iron Jugulis|Earth Power|p2a: Kaiser\n|-supereffective|p2a: Kaiser\n|-crit|p2a: Kaiser\n|-damage|p2a: Kaiser|0 fnt\n|faint|p2a: Kaiser\n|\n|upkeep\n|\n|t:|1700438996\n|switch|p2a: Musashi|Kingambit, M|100\/100\n|-activate|p2a: Musashi|ability: Supreme Overlord\n|-start|p2a: Musashi|fallen5|[silent]\n|turn|16\n|\n|t:|1700439003\n|move|p2a: Musashi|Sucker Punch|p1a: Iron Jugulis\n|-resisted|p1a: Iron Jugulis\n|-damage|p1a: Iron Jugulis|0 fnt\n|faint|p1a: Iron Jugulis\n|-end|p1a: Iron Jugulis|Quark Drive|[silent]\n|\n|upkeep\n|\n|t:|1700439006\n|switch|p1a: Ogerpon|Ogerpon-Wellspring, F|10\/100\n|turn|17\n|c|\u2606Mareoo|gg\n|c|\u2606Drampa\u5927Raivoso|acho que gg\n|\n|t:|1700439013\n|-terastallize|p1a: Ogerpon|Water\n|detailschange|p1a: Ogerpon|Ogerpon-Wellspring-Tera, F, tera:Water\n|-ability|p1a: Ogerpon|Embody Aspect (Wellspring)|boost\n|-boost|p1a: Ogerpon|spd|1\n|move|p2a: Musashi|Sucker Punch||[still]\n|-fail|p2a: Musashi\n|move|p1a: Ogerpon|Spikes|p2a: Musashi\n|-sidestart|p2: Drampa\u5927Raivoso|Spikes\n|\n|upkeep\n|turn|18\n|\n|t:|1700439016\n|move|p2a: Musashi|Sucker Punch||[still]\n|-fail|p2a: Musashi\n|move|p1a: Ogerpon|Spikes|p2a: Musashi\n|-sidestart|p2: Drampa\u5927Raivoso|Spikes\n|\n|upkeep\n|turn|19\n|\n|t:|1700439018\n|move|p1a: Ogerpon|Ivy Cudgel|p2a: Musashi|[anim] Ivy Cudgel Water\n|-damage|p2a: Musashi|28\/100\n|move|p2a: Musashi|Kowtow Cleave|p1a: Ogerpon\n|-damage|p1a: Ogerpon|0 fnt\n|faint|p1a: Ogerpon\n|\n|win|Drampa\u5927Raivoso\n|n|\u2606Mareoo|mareoo\n|n|\u2606Drampa\u5927Raivoso|dramparaivoso\n","uploadtime":1700439021,"views":6,"p1id":"mareoo","p2id":"dramparaivoso","formatid":"gen9ou","rating":0,"private":0,"password":""}