{"id":"gen9ou-1988493011","p1":"kjkjht","p2":"Eaycee","format":"[Gen 9] OU","log":"|j|\u2606kjkjht\n|j|\u2606Eaycee\n|t:|1699728822\n|gametype|singles\n|player|p1|kjkjht|bellelba|1145\n|player|p2|Eaycee|2|1186\n|teamsize|p1|6\n|teamsize|p2|6\n|gen|9\n|tier|[Gen 9] OU\n|rated|\n|rule|Sleep Clause Mod: Limit one foe put to sleep\n|rule|Species Clause: Limit one of each Pok\u00e9mon\n|rule|OHKO Clause: OHKO moves are banned\n|rule|Evasion Items Clause: Evasion items are banned\n|rule|Evasion Moves Clause: Evasion moves are banned\n|rule|Endless Battle Clause: Forcing endless battles is banned\n|rule|HP Percentage Mod: HP is shown in percentages\n|clearpoke\n|poke|p1|Ninetales-Alola, M|\n|poke|p1|Gholdengo|\n|poke|p1|Maushold|\n|poke|p1|Ogerpon-Cornerstone, F|\n|poke|p1|Moltres-Galar|\n|poke|p1|Enamorus-Therian, F|\n|poke|p2|Skeledirge, F|\n|poke|p2|Great Tusk|\n|poke|p2|Garchomp, M|\n|poke|p2|Garganacl, F|\n|poke|p2|Dragapult, F|\n|poke|p2|Goodra-Hisui, M|\n|teampreview\n|inactive|Battle timer is ON: inactive players will automatically lose when time's up. (requested by kjkjht)\n|c|\u2606kjkjht|glhf\n|\n|t:|1699728834\n|start\n|switch|p1a: Ninetales|Ninetales-Alola, M|100\/100\n|switch|p2a: Garchomp|Garchomp, M|100\/100\n|-weather|Snow|[from] ability: Snow Warning|[of] p1a: Ninetales\n|turn|1\n|\n|t:|1699728840\n|move|p1a: Ninetales|Aurora Veil|p1a: Ninetales\n|-sidestart|p1: kjkjht|move: Aurora Veil\n|move|p2a: Garchomp|Swords Dance|p2a: Garchomp\n|-boost|p2a: Garchomp|atk|2\n|\n|-weather|Snow|[upkeep]\n|upkeep\n|turn|2\n|\n|t:|1699728849\n|move|p1a: Ninetales|Encore|p2a: Garchomp\n|-start|p2a: Garchomp|Encore\n|move|p2a: Garchomp|Swords Dance|p2a: Garchomp\n|-boost|p2a: Garchomp|atk|2\n|\n|-weather|Snow|[upkeep]\n|upkeep\n|turn|3\n|\n|t:|1699728867\n|switch|p2a: Goodra|Goodra-Hisui, M|100\/100\n|move|p1a: Ninetales|Blizzard|p2a: Goodra\n|-crit|p2a: Goodra\n|-damage|p2a: Goodra|74\/100\n|\n|-weather|Snow|[upkeep]\n|upkeep\n|turn|4\n|\n|t:|1699728880\n|switch|p1a: Moltres|Moltres-Galar|100\/100\n|move|p2a: Goodra|Flamethrower|p1a: Moltres\n|-damage|p1a: Moltres|87\/100\n|\n|-weather|Snow|[upkeep]\n|upkeep\n|turn|5\n|\n|t:|1699728891\n|switch|p2a: Garganacl|Garganacl, F|100\/100\n|move|p1a: Moltres|Agility|p1a: Moltres\n|-boost|p1a: Moltres|spe|2\n|\n|-weather|none\n|upkeep\n|turn|6\n|\n|t:|1699728902\n|move|p1a: Moltres|Fiery Wrath|p2a: Garganacl\n|-damage|p2a: Garganacl|64\/100\n|move|p2a: Garganacl|Iron Defense|p2a: Garganacl\n|-boost|p2a: Garganacl|def|2\n|\n|-heal|p2a: Garganacl|70\/100|[from] item: Leftovers\n|upkeep\n|turn|7\n|\n|t:|1699728906\n|move|p1a: Moltres|Nasty Plot|p1a: Moltres\n|-boost|p1a: Moltres|spa|2\n|move|p2a: Garganacl|Body Press|p1a: Moltres\n|-damage|p1a: Moltres|51\/100\n|\n|-heal|p2a: Garganacl|76\/100|[from] item: Leftovers\n|upkeep\n|turn|8\n|\n|t:|1699728914\n|move|p1a: Moltres|Fiery Wrath|p2a: Garganacl\n|-damage|p2a: Garganacl|0 fnt\n|faint|p2a: Garganacl\n|\n|-sideend|p1: kjkjht|move: Aurora Veil\n|upkeep\n|\n|t:|1699728919\n|switch|p2a: Goodra|Goodra-Hisui, M|74\/100\n|turn|9\n|\n|t:|1699728923\n|-terastallize|p1a: Moltres|Dark\n|move|p1a: Moltres|Fiery Wrath|p2a: Goodra\n|-damage|p2a: Goodra|26\/100\n|move|p2a: Goodra|Thunderbolt|p1a: Moltres\n|-damage|p1a: Moltres|27\/100\n|-ability|p1a: Moltres|Berserk|boost\n|-boost|p1a: Moltres|spa|1\n|\n|upkeep\n|turn|10\n|\n|t:|1699728944\n|move|p1a: Moltres|Fiery Wrath|p2a: Goodra\n|-damage|p2a: Goodra|0 fnt\n|faint|p2a: Goodra\n|\n|upkeep\n|\n|t:|1699728950\n|switch|p2a: Dragapult|Dragapult, F|100\/100\n|turn|11\n|\n|t:|1699728953\n|move|p2a: Dragapult|Sucker Punch|p1a: Moltres\n|-resisted|p1a: Moltres\n|-damage|p1a: Moltres|3\/100\n|move|p1a: Moltres|Fiery Wrath|p2a: Dragapult\n|-supereffective|p2a: Dragapult\n|-damage|p2a: Dragapult|0 fnt\n|faint|p2a: Dragapult\n|\n|upkeep\n|\n|t:|1699728965\n|switch|p2a: Great Tusk|Great Tusk|100\/100\n|turn|12\n|\n|t:|1699728969\n|move|p1a: Moltres|Air Slash|p2a: Great Tusk\n|-supereffective|p2a: Great Tusk\n|-damage|p2a: Great Tusk|0 fnt\n|faint|p2a: Great Tusk\n|-end|p2a: Great Tusk|Protosynthesis|[silent]\n|\n|upkeep\n|-message|Eaycee forfeited.\n|\n|win|kjkjht\n|raw|kjkjht's rating: 1145 &rarr; <strong>1173<\/strong><br \/>(+28 for winning)\n|raw|Eaycee's rating: 1186 &rarr; <strong>1158<\/strong><br \/>(-28 for losing)\n|l|\u2606Eaycee\n","uploadtime":1699728982,"views":13,"p1id":"kjkjht","p2id":"eaycee","formatid":"gen9ou","rating":1158,"private":0,"password":""}