{"id":"gen9ou-1997764647","p1":"stewartminion","p2":"hhet","format":"[Gen 9] OU","log":"|j|\u203dstewartminion\n|j|\u2606hhet\n|t:|1700850207\n|gametype|singles\n|player|p1|stewartminion|musician|1158\n|player|p2|hhet|cynthia-gen4|1127\n|teamsize|p1|6\n|teamsize|p2|6\n|gen|9\n|tier|[Gen 9] OU\n|rated|\n|rule|Sleep Clause Mod: Limit one foe put to sleep\n|rule|Species Clause: Limit one of each Pok\u00e9mon\n|rule|OHKO Clause: OHKO moves are banned\n|rule|Evasion Items Clause: Evasion items are banned\n|rule|Evasion Moves Clause: Evasion moves are banned\n|rule|Endless Battle Clause: Forcing endless battles is banned\n|rule|HP Percentage Mod: HP is shown in percentages\n|clearpoke\n|poke|p1|Breloom, M|\n|poke|p1|Dragonite, F|\n|poke|p1|Toxapex, M|\n|poke|p1|Kingambit, M|\n|poke|p1|Landorus-Therian, M|\n|poke|p1|Corviknight, M|\n|poke|p2|Gholdengo|\n|poke|p2|Ribombee, M|\n|poke|p2|Iron Valiant|\n|poke|p2|Kingambit, M|\n|poke|p2|Iron Moth|\n|poke|p2|Dragonite, F|\n|teampreview\n|inactive|Battle timer is ON: inactive players will automatically lose when time's up. (requested by hhet)\n|inactive|stewartminion has 120 seconds left.\n|\n|t:|1700850272\n|start\n|switch|p1a: Corviknight|Corviknight, M, shiny|100\/100\n|switch|p2a: Ribombee|Ribombee, M|100\/100\n|-ability|p1a: Corviknight|Pressure\n|turn|1\n|\n|t:|1700850283\n|move|p2a: Ribombee|Stun Spore|p1a: Corviknight|[miss]\n|-miss|p2a: Ribombee|p1a: Corviknight\n|move|p1a: Corviknight|Body Press|p2a: Ribombee\n|-resisted|p2a: Ribombee\n|-damage|p2a: Ribombee|89\/100\n|\n|upkeep\n|turn|2\n|\n|t:|1700850311\n|switch|p1a: Breloom|Breloom, M, shiny|100\/100\n|move|p2a: Ribombee|Sticky Web|p1a: Breloom\n|-sidestart|p1: stewartminion|move: Sticky Web\n|\n|upkeep\n|turn|3\n|\n|t:|1700850317\n|move|p2a: Ribombee|Moonblast|p1a: Breloom\n|-supereffective|p1a: Breloom\n|-damage|p1a: Breloom|0 fnt\n|faint|p1a: Breloom\n|\n|upkeep\n|\n|t:|1700850327\n|switch|p1a: Kingambit|Kingambit, M, shiny|100\/100\n|-activate|p1a: Kingambit|move: Sticky Web\n|-unboost|p1a: Kingambit|spe|1\n|-activate|p1a: Kingambit|ability: Supreme Overlord\n|-start|p1a: Kingambit|fallen1|[silent]\n|turn|4\n|\n|t:|1700850331\n|move|p2a: Ribombee|Stun Spore|p1a: Kingambit\n|-status|p1a: Kingambit|par\n|move|p1a: Kingambit|Metal Claw|p2a: Ribombee\n|-supereffective|p2a: Ribombee\n|-damage|p2a: Ribombee|0 fnt\n|faint|p2a: Ribombee\n|\n|upkeep\n|\n|t:|1700850345\n|switch|p2a: Iron Moth|Iron Moth|100\/100\n|-enditem|p2a: Iron Moth|Booster Energy\n|-activate|p2a: Iron Moth|ability: Quark Drive|[fromitem]\n|-start|p2a: Iron Moth|quarkdrivespe\n|turn|5\n|inactive|stewartminion has 120 seconds left.\n|\n|t:|1700850401\n|move|p1a: Kingambit|Sucker Punch|p2a: Iron Moth\n|-damage|p2a: Iron Moth|22\/100\n|move|p2a: Iron Moth|Fiery Dance|p1a: Kingambit\n|-supereffective|p1a: Kingambit\n|-damage|p1a: Kingambit|4\/100 par\n|-boost|p2a: Iron Moth|spa|1\n|\n|upkeep\n|turn|6\n|\n|t:|1700850408\n|move|p1a: Kingambit|Sucker Punch||[still]\n|-fail|p1a: Kingambit\n|move|p2a: Iron Moth|Substitute|p2a: Iron Moth\n|-fail|p2a: Iron Moth|move: Substitute|[weak]\n|\n|upkeep\n|turn|7\n|\n|t:|1700850413\n|-end|p2a: Iron Moth|Quark Drive|[silent]\n|switch|p2a: Iron Valiant|Iron Valiant|100\/100\n|-enditem|p2a: Iron Valiant|Booster Energy\n|-activate|p2a: Iron Valiant|ability: Quark Drive|[fromitem]\n|-start|p2a: Iron Valiant|quarkdrivespe\n|move|p1a: Kingambit|Metal Claw|p2a: Iron Valiant\n|-supereffective|p2a: Iron Valiant\n|-damage|p2a: Iron Valiant|14\/100\n|\n|upkeep\n|turn|8\n|\n|t:|1700850422\n|cant|p1a: Kingambit|par\n|move|p2a: Iron Valiant|Moonblast|p1a: Kingambit\n|-damage|p1a: Kingambit|0 fnt\n|faint|p1a: Kingambit\n|-end|p1a: Kingambit|fallen1|[silent]\n|\n|upkeep\n|\n|t:|1700850425\n|switch|p1a: Corviknight|Corviknight, M, shiny|100\/100\n|-ability|p1a: Corviknight|Pressure\n|turn|9\n|\n|t:|1700850438\n|-end|p2a: Iron Valiant|Quark Drive|[silent]\n|switch|p2a: Gholdengo|Gholdengo|100\/100\n|move|p1a: Corviknight|Defog|p2a: Gholdengo\n|-immune|p2a: Gholdengo|[from] ability: Good as Gold\n|\n|upkeep\n|turn|10\n|inactive|stewartminion has 120 seconds left.\n|\n|t:|1700850472\n|move|p2a: Gholdengo|Trick|p1a: Corviknight\n|-activate|p2a: Gholdengo|move: Trick|[of] p1a: Corviknight\n|-item|p1a: Corviknight|Choice Scarf|[from] move: Trick\n|-item|p2a: Gholdengo|Rocky Helmet|[from] move: Trick\n|move|p1a: Corviknight|U-turn|p2a: Gholdengo\n|-resisted|p2a: Gholdengo\n|-damage|p2a: Gholdengo|96\/100\n|-damage|p1a: Corviknight|84\/100|[from] item: Rocky Helmet|[of] p2a: Gholdengo\n|\n|t:|1700850483\n|switch|p1a: Landorus|Landorus-Therian, M, shiny|100\/100|[from] U-turn\n|-ability|p1a: Landorus|Intimidate|boost\n|-unboost|p2a: Gholdengo|atk|1\n|\n|upkeep\n|turn|11\n|inactive|hhet has 120 seconds left.\n|\n|t:|1700850516\n|switch|p2a: Dragonite|Dragonite, F|100\/100\n|move|p1a: Landorus|Earthquake|p2a: Dragonite\n|-immune|p2a: Dragonite\n|\n|upkeep\n|turn|12\n|inactive|stewartminion has 120 seconds left.\n|\n|t:|1700850522\n|move|p2a: Dragonite|Dragon Dance|p2a: Dragonite\n|-boost|p2a: Dragonite|atk|1\n|-boost|p2a: Dragonite|spe|1\n|move|p1a: Landorus|U-turn|p2a: Dragonite\n|-resisted|p2a: Dragonite\n|-damage|p2a: Dragonite|95\/100\n|\n|t:|1700850525\n|switch|p1a: Toxapex|Toxapex, M, shiny|100\/100|[from] U-turn\n|-activate|p1a: Toxapex|move: Sticky Web\n|-unboost|p1a: Toxapex|spe|1\n|\n|upkeep\n|turn|13\n|\n|t:|1700850530\n|move|p2a: Dragonite|Earthquake|p1a: Toxapex\n|-supereffective|p1a: Toxapex\n|-damage|p1a: Toxapex|31\/100\n|move|p1a: Toxapex|Haze|p1a: Toxapex\n|-clearallboost\n|\n|upkeep\n|turn|14\n|\n|t:|1700850536\n|move|p2a: Dragonite|Earthquake|p1a: Toxapex\n|-supereffective|p1a: Toxapex\n|-damage|p1a: Toxapex|0 fnt\n|faint|p1a: Toxapex\n|\n|upkeep\n|\n|t:|1700850539\n|switch|p1a: Dragonite|Dragonite, F, shiny|100\/100\n|turn|15\n|\n|t:|1700850556\n|-terastallize|p1a: Dragonite|Normal\n|move|p1a: Dragonite|Ice Spinner|p2a: Dragonite\n|-supereffective|p2a: Dragonite\n|-damage|p2a: Dragonite|0 fnt\n|faint|p2a: Dragonite\n|\n|upkeep\n|inactive|hhet has 120 seconds left.\n|\n|t:|1700850580\n|switch|p2a: Gholdengo|Gholdengo|96\/100\n|turn|16\n|\n|t:|1700850602\n|move|p2a: Gholdengo|Make It Rain|p1a: Dragonite\n|-damage|p1a: Dragonite|69\/100\n|-unboost|p2a: Gholdengo|spa|1\n|move|p1a: Dragonite|Earthquake|p2a: Gholdengo\n|-supereffective|p2a: Gholdengo\n|-damage|p2a: Gholdengo|20\/100\n|\n|upkeep\n|turn|17\n|\n|t:|1700850617\n|switch|p2a: Iron Moth|Iron Moth|22\/100\n|move|p1a: Dragonite|Dragon Dance|p1a: Dragonite\n|-boost|p1a: Dragonite|atk|1\n|-boost|p1a: Dragonite|spe|1\n|\n|upkeep\n|turn|18\n|inactive|hhet has 120 seconds left.\n|\n|t:|1700850633\n|move|p1a: Dragonite|Earthquake|p2a: Iron Moth\n|-supereffective|p2a: Iron Moth\n|-damage|p2a: Iron Moth|0 fnt\n|faint|p2a: Iron Moth\n|-end|p2a: Iron Moth|Quark Drive|[silent]\n|\n|upkeep\n|inactive|hhet has 120 seconds left.\n|\n|t:|1700850639\n|switch|p2a: Kingambit|Kingambit, M|100\/100\n|-activate|p2a: Kingambit|ability: Supreme Overlord\n|-start|p2a: Kingambit|fallen3|[silent]\n|turn|19\n|\n|t:|1700850646\n|-terastallize|p2a: Kingambit|Dark\n|move|p1a: Dragonite|Earthquake|p2a: Kingambit\n|-damage|p2a: Kingambit|54\/100\n|move|p2a: Kingambit|Kowtow Cleave|p1a: Dragonite\n|-damage|p1a: Dragonite|0 fnt\n|faint|p1a: Dragonite\n|\n|upkeep\n|\n|t:|1700850656\n|switch|p1a: Landorus|Landorus-Therian, M, shiny|100\/100\n|-ability|p1a: Landorus|Intimidate|boost\n|-unboost|p2a: Kingambit|atk|1\n|turn|20\n|inactive|hhet has 120 seconds left.\n|\n|t:|1700850690\n|-end|p2a: Kingambit|fallen3|[silent]\n|switch|p2a: Iron Valiant|Iron Valiant|14\/100\n|move|p1a: Landorus|U-turn|p2a: Iron Valiant\n|-resisted|p2a: Iron Valiant\n|-damage|p2a: Iron Valiant|6\/100\n|\n|t:|1700850701\n|switch|p1a: Corviknight|Corviknight, M, shiny|84\/100|[from] U-turn\n|-ability|p1a: Corviknight|Pressure\n|\n|upkeep\n|turn|21\n|inactive|hhet has 120 seconds left.\n|\n|t:|1700850707\n|move|p2a: Iron Valiant|Moonblast|p1a: Corviknight\n|-resisted|p1a: Corviknight\n|-damage|p1a: Corviknight|61\/100\n|move|p1a: Corviknight|U-turn|p2a: Iron Valiant\n|-resisted|p2a: Iron Valiant\n|-damage|p2a: Iron Valiant|2\/100\n|\n|t:|1700850709\n|switch|p1a: Landorus|Landorus-Therian, M, shiny|100\/100|[from] U-turn\n|-ability|p1a: Landorus|Intimidate|boost\n|-unboost|p2a: Iron Valiant|atk|1\n|\n|upkeep\n|turn|22\n|\n|t:|1700850714\n|switch|p1a: Corviknight|Corviknight, M, shiny|61\/100\n|-ability|p1a: Corviknight|Pressure\n|move|p2a: Iron Valiant|Moonblast|p1a: Corviknight\n|-resisted|p1a: Corviknight\n|-damage|p1a: Corviknight|38\/100\n|\n|upkeep\n|turn|23\n|\n|t:|1700850741\n|move|p2a: Iron Valiant|Moonblast|p1a: Corviknight\n|-resisted|p1a: Corviknight\n|-damage|p1a: Corviknight|15\/100\n|move|p1a: Corviknight|Roost|p1a: Corviknight\n|-heal|p1a: Corviknight|65\/100\n|-singleturn|p1a: Corviknight|move: Roost\n|\n|upkeep\n|turn|24\n|\n|t:|1700850747\n|move|p2a: Iron Valiant|Calm Mind|p2a: Iron Valiant\n|-boost|p2a: Iron Valiant|spa|1\n|-boost|p2a: Iron Valiant|spd|1\n|move|p1a: Corviknight|Roost|p1a: Corviknight\n|-heal|p1a: Corviknight|100\/100\n|-singleturn|p1a: Corviknight|move: Roost\n|\n|upkeep\n|turn|25\n|\n|t:|1700850751\n|switch|p1a: Landorus|Landorus-Therian, M, shiny|100\/100\n|-ability|p1a: Landorus|Intimidate|boost\n|-unboost|p2a: Iron Valiant|atk|1\n|move|p2a: Iron Valiant|Calm Mind|p2a: Iron Valiant\n|-boost|p2a: Iron Valiant|spa|1\n|-boost|p2a: Iron Valiant|spd|1\n|\n|upkeep\n|turn|26\n|\n|t:|1700850755\n|move|p2a: Iron Valiant|Moonblast|p1a: Landorus\n|-damage|p1a: Landorus|0 fnt\n|faint|p1a: Landorus\n|\n|upkeep\n|\n|t:|1700850757\n|switch|p1a: Corviknight|Corviknight, M, shiny|100\/100\n|-ability|p1a: Corviknight|Pressure\n|turn|27\n|\n|t:|1700850760\n|move|p2a: Iron Valiant|Moonblast|p1a: Corviknight\n|-resisted|p1a: Corviknight\n|-damage|p1a: Corviknight|54\/100\n|-unboost|p1a: Corviknight|spa|1\n|move|p1a: Corviknight|U-turn|p2a: Iron Valiant\n|-resisted|p2a: Iron Valiant\n|-damage|p2a: Iron Valiant|0 fnt\n|faint|p2a: Iron Valiant\n|-end|p2a: Iron Valiant|Quark Drive|[silent]\n|\n|upkeep\n|\n|t:|1700850766\n|switch|p2a: Gholdengo|Gholdengo|20\/100\n|turn|28\n|\n|t:|1700850768\n|move|p2a: Gholdengo|Recover|p2a: Gholdengo\n|-heal|p2a: Gholdengo|70\/100\n|move|p1a: Corviknight|U-turn|p2a: Gholdengo\n|-resisted|p2a: Gholdengo\n|-damage|p2a: Gholdengo|66\/100\n|-damage|p1a: Corviknight|38\/100|[from] item: Rocky Helmet|[of] p2a: Gholdengo\n|\n|upkeep\n|turn|29\n|\n|t:|1700850772\n|move|p2a: Gholdengo|Shadow Ball|p1a: Corviknight\n|-damage|p1a: Corviknight|0 fnt\n|faint|p1a: Corviknight\n|\n|win|hhet\n|raw|stewartminion's rating: 1158 &rarr; <strong>1131<\/strong><br \/>(-27 for losing)\n|raw|hhet's rating: 1127 &rarr; <strong>1154<\/strong><br \/>(+27 for winning)\n","uploadtime":1700850775,"views":1,"p1id":"stewartminion","p2id":"hhet","formatid":"gen9ou","rating":1131,"private":0,"password":""}