{"id":"gen9ou-1995183414","p1":"Winterbub","p2":"Daevank5","format":"[Gen 9] OU","log":"|j|\u2606Winterbub\n|j|\u2606Daevank5\n|t:|1700531930\n|gametype|singles\n|player|p1|Winterbub|ballguy|1654\n|player|p2|Daevank5|workerice|1919\n|teamsize|p1|6\n|teamsize|p2|6\n|gen|9\n|tier|[Gen 9] OU\n|rated|\n|rule|Sleep Clause Mod: Limit one foe put to sleep\n|rule|Species Clause: Limit one of each Pok\u00e9mon\n|rule|OHKO Clause: OHKO moves are banned\n|rule|Evasion Items Clause: Evasion items are banned\n|rule|Evasion Moves Clause: Evasion moves are banned\n|rule|Endless Battle Clause: Forcing endless battles is banned\n|rule|HP Percentage Mod: HP is shown in percentages\n|clearpoke\n|poke|p1|Glimmora, F|\n|poke|p1|Greninja-*, M|\n|poke|p1|Iron Valiant|\n|poke|p1|Dragonite, F|\n|poke|p1|Kingambit, F|\n|poke|p1|Iron Moth|\n|poke|p2|Tornadus-Therian, M|\n|poke|p2|Amoonguss, M|\n|poke|p2|Slowking, F|\n|poke|p2|Garchomp, M|\n|poke|p2|Gengar, M|\n|poke|p2|Kingambit, F|\n|teampreview\n|inactive|Battle timer is ON: inactive players will automatically lose when time's up. (requested by Daevank5)\n|\n|t:|1700531965\n|start\n|switch|p1a: Greninja|Greninja, M|100\/100\n|switch|p2a: Tornadus|Tornadus-Therian, M|100\/100\n|turn|1\n|\n|t:|1700531982\n|switch|p1a: Glimmora|Glimmora, F|100\/100\n|move|p2a: Tornadus|U-turn|p1a: Glimmora\n|-resisted|p1a: Glimmora\n|-damage|p1a: Glimmora|92\/100\n|-activate|p1a: Glimmora|ability: Toxic Debris\n|-sidestart|p2: Daevank5|move: Toxic Spikes\n|\n|t:|1700531990\n|switch|p2a: Garchomp|Garchomp, M|100\/100|[from] U-turn\n|\n|upkeep\n|turn|2\n|\n|t:|1700531996\n|move|p1a: Glimmora|Mortal Spin|p2a: Garchomp\n|-resisted|p2a: Garchomp\n|-damage|p2a: Garchomp|98\/100\n|-status|p2a: Garchomp|psn\n|-damage|p1a: Glimmora|80\/100|[from] ability: Rough Skin|[of] p2a: Garchomp\n|move|p2a: Garchomp|Earthquake|p1a: Glimmora\n|-supereffective|p1a: Glimmora\n|-damage|p1a: Glimmora|0 fnt\n|-activate|p1a: Glimmora|ability: Toxic Debris\n|-sidestart|p2: Daevank5|move: Toxic Spikes\n|faint|p1a: Glimmora\n|\n|-damage|p2a: Garchomp|86\/100 psn|[from] psn\n|upkeep\n|\n|t:|1700532018\n|switch|p1a: Greninja|Greninja, M|100\/100\n|turn|3\n|\n|t:|1700532031\n|move|p1a: Greninja|Dark Pulse|p2a: Garchomp\n|-damage|p2a: Garchomp|42\/100 psn\n|-damage|p1a: Greninja|91\/100|[from] item: Life Orb\n|cant|p2a: Garchomp|flinch\n|\n|-damage|p2a: Garchomp|30\/100 psn|[from] psn\n|upkeep\n|turn|4\n|\n|t:|1700532041\n|switch|p2a: Kingambit|Kingambit, F|100\/100\n|move|p1a: Greninja|Dark Pulse|p2a: Kingambit\n|-resisted|p2a: Kingambit\n|-damage|p2a: Kingambit|85\/100\n|-damage|p1a: Greninja|81\/100|[from] item: Life Orb\n|\n|upkeep\n|turn|5\n|j| Seleukos\n|\n|t:|1700532050\n|move|p1a: Greninja|Surf|p2a: Kingambit\n|-damage|p2a: Kingambit|51\/100\n|-damage|p1a: Greninja|71\/100|[from] item: Life Orb\n|move|p2a: Kingambit|Kowtow Cleave|p1a: Greninja\n|-resisted|p1a: Greninja\n|-damage|p1a: Greninja|39\/100\n|\n|upkeep\n|turn|6\n|inactive|Winterbub has 120 seconds left.\n|\n|t:|1700532091\n|move|p1a: Greninja|Water Shuriken|p2a: Kingambit\n|-damage|p2a: Kingambit|44\/100\n|-damage|p2a: Kingambit|38\/100\n|-damage|p2a: Kingambit|30\/100\n|-damage|p2a: Kingambit|24\/100\n|-hitcount|p2a: Kingambit|4\n|-damage|p1a: Greninja|29\/100|[from] item: Life Orb\n|move|p2a: Kingambit|Rest|p2a: Kingambit\n|-status|p2a: Kingambit|slp|[from] move: Rest\n|-heal|p2a: Kingambit|100\/100 slp|[silent]\n|\n|upkeep\n|turn|7\n|\n|t:|1700532107\n|switch|p1a: Iron Moth|Iron Moth|100\/100\n|-enditem|p1a: Iron Moth|Booster Energy\n|-activate|p1a: Iron Moth|ability: Quark Drive|[fromitem]\n|-start|p1a: Iron Moth|quarkdrivespa\n|cant|p2a: Kingambit|slp\n|move|p2a: Kingambit|Sleep Talk|p2a: Kingambit\n|move|p2a: Kingambit|Iron Head|p1a: Iron Moth|[from]move: Sleep Talk\n|-resisted|p1a: Iron Moth\n|-damage|p1a: Iron Moth|73\/100\n|\n|upkeep\n|turn|8\n|\n|t:|1700532114\n|-end|p2a: Kingambit|fallenundefined|[silent]\n|switch|p2a: Slowking|Slowking, F|100\/100\n|move|p1a: Iron Moth|Fiery Dance|p2a: Slowking\n|-resisted|p2a: Slowking\n|-damage|p2a: Slowking|83\/100\n|\n|upkeep\n|turn|9\n|inactive|Winterbub has 120 seconds left.\n|\n|t:|1700532122\n|switch|p2a: Tornadus|Tornadus-Therian, M|100\/100\n|move|p1a: Iron Moth|Energy Ball|p2a: Tornadus\n|-resisted|p2a: Tornadus\n|-damage|p2a: Tornadus|78\/100\n|\n|upkeep\n|turn|10\n|inactive|Daevank5 has 120 seconds left.\n|inactive|Daevank5 has 90 seconds left.\n|\n|t:|1700532207\n|move|p2a: Tornadus|Bleakwind Storm|p1a: Iron Moth\n|-damage|p1a: Iron Moth|34\/100\n|-unboost|p1a: Iron Moth|spe|1\n|move|p1a: Iron Moth|Sludge Wave|p2a: Tornadus\n|-damage|p2a: Tornadus|9\/100\n|\n|upkeep\n|turn|11\n|inactive|Winterbub has 120 seconds left.\n|\n|t:|1700532232\n|move|p2a: Tornadus|Bleakwind Storm|p1a: Iron Moth\n|-damage|p1a: Iron Moth|0 fnt\n|faint|p1a: Iron Moth\n|-end|p1a: Iron Moth|Quark Drive|[silent]\n|\n|upkeep\n|\n|t:|1700532235\n|switch|p1a: Greninja|Greninja, M|29\/100\n|turn|12\n|\n|t:|1700532257\n|switch|p2a: Amoonguss|Amoonguss, M|100\/100\n|-sideend|p2: Daevank5|move: Toxic Spikes|[of] p2a: Amoonguss\n|move|p1a: Greninja|Dark Pulse|p2a: Amoonguss\n|-damage|p2a: Amoonguss|58\/100\n|-damage|p1a: Greninja|19\/100|[from] item: Life Orb\n|\n|upkeep\n|turn|13\n|\n|t:|1700532263\n|switch|p2a: Kingambit|Kingambit, F|100\/100 slp\n|move|p1a: Greninja|Dark Pulse|p2a: Kingambit\n|-resisted|p2a: Kingambit\n|-damage|p2a: Kingambit|84\/100 slp\n|-damage|p1a: Greninja|10\/100|[from] item: Life Orb\n|\n|upkeep\n|turn|14\n|\n|t:|1700532265\n|move|p1a: Greninja|Surf|p2a: Kingambit\n|-damage|p2a: Kingambit|49\/100 slp\n|-damage|p1a: Greninja|0 fnt|[from] item: Life Orb\n|faint|p1a: Greninja\n|cant|p2a: Kingambit|slp\n|move|p2a: Kingambit|Sleep Talk|p2a: Kingambit\n|move|p2a: Kingambit|Kowtow Cleave|p1: Greninja|[from]move: Sleep Talk|[notarget]\n|-fail|p2a: Kingambit\n|\n|upkeep\n|\n|t:|1700532273\n|switch|p1a: Dragonite|Dragonite, F|100\/100\n|turn|15\n|\n|t:|1700532280\n|-end|p2a: Kingambit|fallenundefined|[silent]\n|switch|p2a: Gengar|Gengar, M|100\/100\n|move|p1a: Dragonite|Dragon Dance|p1a: Dragonite\n|-boost|p1a: Dragonite|atk|1\n|-boost|p1a: Dragonite|spe|1\n|\n|upkeep\n|turn|16\n|\n|t:|1700532286\n|move|p2a: Gengar|Encore|p1a: Dragonite\n|-start|p1a: Dragonite|Encore\n|move|p1a: Dragonite|Dragon Dance|p1a: Dragonite\n|-boost|p1a: Dragonite|atk|1\n|-boost|p1a: Dragonite|spe|1\n|\n|upkeep\n|turn|17\n|\n|t:|1700532295\n|switch|p2a: Tornadus|Tornadus-Therian, M|42\/100\n|move|p1a: Dragonite|Dragon Dance|p1a: Dragonite\n|-boost|p1a: Dragonite|atk|1\n|-boost|p1a: Dragonite|spe|1\n|\n|upkeep\n|turn|18\n|\n|t:|1700532303\n|move|p1a: Dragonite|Dragon Dance|p1a: Dragonite\n|-boost|p1a: Dragonite|atk|1\n|-boost|p1a: Dragonite|spe|1\n|move|p2a: Tornadus|U-turn|p1a: Dragonite\n|-resisted|p1a: Dragonite\n|-damage|p1a: Dragonite|96\/100\n|\n|t:|1700532305\n|switch|p2a: Amoonguss|Amoonguss, M|91\/100|[from] U-turn\n|\n|-end|p1a: Dragonite|Encore\n|upkeep\n|turn|19\n|\n|t:|1700532320\n|move|p1a: Dragonite|Earthquake|p2a: Amoonguss\n|-damage|p2a: Amoonguss|8\/100\n|move|p2a: Amoonguss|Spore|p1a: Dragonite\n|-status|p1a: Dragonite|slp|[from] move: Spore\n|\n|upkeep\n|turn|20\n|\n|t:|1700532324\n|cant|p1a: Dragonite|slp\n|move|p2a: Amoonguss|Clear Smog|p1a: Dragonite\n|-damage|p1a: Dragonite|81\/100 slp\n|-clearboost|p1a: Dragonite\n|\n|upkeep\n|turn|21\n|\n|t:|1700532327\n|switch|p2a: Tornadus|Tornadus-Therian, M|76\/100\n|cant|p1a: Dragonite|slp\n|\n|upkeep\n|turn|22\n|\n|t:|1700532331\n|move|p2a: Tornadus|Taunt|p1a: Dragonite\n|-start|p1a: Dragonite|move: Taunt\n|cant|p1a: Dragonite|slp\n|\n|upkeep\n|turn|23\n|\n|t:|1700532334\n|-curestatus|p1a: Dragonite|slp|[msg]\n|move|p1a: Dragonite|Extreme Speed|p2a: Tornadus\n|-damage|p2a: Tornadus|38\/100\n|move|p2a: Tornadus|U-turn|p1a: Dragonite\n|-resisted|p1a: Dragonite\n|-damage|p1a: Dragonite|73\/100\n|\n|t:|1700532341\n|switch|p2a: Amoonguss|Amoonguss, M|42\/100|[from] U-turn\n|\n|upkeep\n|turn|24\n|\n|t:|1700532344\n|move|p1a: Dragonite|Fire Punch|p2a: Amoonguss\n|-supereffective|p2a: Amoonguss\n|-damage|p2a: Amoonguss|0 fnt\n|faint|p2a: Amoonguss\n|\n|-end|p1a: Dragonite|move: Taunt\n|upkeep\n|\n|t:|1700532356\n|switch|p2a: Tornadus|Tornadus-Therian, M|71\/100\n|turn|25\n|\n|t:|1700532358\n|move|p2a: Tornadus|Bleakwind Storm|p1a: Dragonite\n|-damage|p1a: Dragonite|34\/100\n|-unboost|p1a: Dragonite|spe|1\n|move|p1a: Dragonite|Dragon Dance|p1a: Dragonite\n|-boost|p1a: Dragonite|atk|1\n|-boost|p1a: Dragonite|spe|1\n|\n|upkeep\n|turn|26\n|\n|t:|1700532366\n|-terastallize|p1a: Dragonite|Normal\n|move|p1a: Dragonite|Extreme Speed|p2a: Tornadus\n|-damage|p2a: Tornadus|0 fnt\n|faint|p2a: Tornadus\n|\n|upkeep\n|inactive|Daevank5 has 120 seconds left.\n|\n|t:|1700532400\n|switch|p2a: Gengar|Gengar, M|100\/100\n|turn|27\n|\n|t:|1700532404\n|switch|p1a: Kingambit|Kingambit, F|100\/100\n|-activate|p1a: Kingambit|ability: Supreme Overlord\n|-start|p1a: Kingambit|fallen3|[silent]\n|-item|p1a: Kingambit|Air Balloon\n|move|p2a: Gengar|Encore||[still]\n|-fail|p2a: Gengar\n|\n|upkeep\n|turn|28\n|\n|t:|1700532428\n|switch|p2a: Garchomp|Garchomp, M|30\/100 psn\n|move|p1a: Kingambit|Swords Dance|p1a: Kingambit\n|-boost|p1a: Kingambit|atk|2\n|\n|-damage|p2a: Garchomp|17\/100 psn|[from] psn\n|upkeep\n|turn|29\n|\n|t:|1700532436\n|move|p1a: Kingambit|Sucker Punch||[still]\n|-fail|p1a: Kingambit\n|move|p2a: Garchomp|Spikes|p1a: Kingambit\n|-sidestart|p1: Winterbub|Spikes\n|\n|-damage|p2a: Garchomp|5\/100 psn|[from] psn\n|upkeep\n|turn|30\n|\n|t:|1700532445\n|move|p1a: Kingambit|Sucker Punch|p2a: Garchomp\n|-damage|p2a: Garchomp|0 fnt\n|-damage|p1a: Kingambit|88\/100|[from] ability: Rough Skin|[of] p2a: Garchomp\n|faint|p2a: Garchomp\n|\n|upkeep\n|\n|t:|1700532446\n|switch|p2a: Gengar|Gengar, M|100\/100\n|turn|31\n|\n|t:|1700532450\n|move|p1a: Kingambit|Sucker Punch||[still]\n|-fail|p1a: Kingambit\n|move|p2a: Gengar|Encore|p1a: Kingambit\n|-start|p1a: Kingambit|Encore\n|\n|upkeep\n|turn|32\n|\n|t:|1700532456\n|switch|p2a: Slowking|Slowking, F|100\/100\n|-end|p1a: Kingambit|fallen3|[silent]\n|switch|p1a: Dragonite|Dragonite, F, tera:Normal|34\/100\n|\n|upkeep\n|turn|33\n|\n|t:|1700532462\n|move|p1a: Dragonite|Extreme Speed|p2a: Slowking\n|-damage|p2a: Slowking|55\/100\n|move|p2a: Slowking|Calm Mind|p2a: Slowking\n|-boost|p2a: Slowking|spa|1\n|-boost|p2a: Slowking|spd|1\n|\n|upkeep\n|turn|34\n|\n|t:|1700532467\n|move|p1a: Dragonite|Earthquake|p2a: Slowking\n|-damage|p2a: Slowking|15\/100\n|move|p2a: Slowking|Surf|p1a: Dragonite\n|-damage|p1a: Dragonite|0 fnt\n|faint|p1a: Dragonite\n|\n|upkeep\n|\n|t:|1700532475\n|switch|p1a: Iron Valiant|Iron Valiant|100\/100\n|-damage|p1a: Iron Valiant|88\/100|[from] Spikes\n|-enditem|p1a: Iron Valiant|Booster Energy\n|-activate|p1a: Iron Valiant|ability: Quark Drive|[fromitem]\n|-start|p1a: Iron Valiant|quarkdrivespe\n|turn|35\n|\n|t:|1700532479\n|switch|p2a: Kingambit|Kingambit, F|49\/100 slp\n|-activate|p2a: Kingambit|ability: Supreme Overlord\n|-start|p2a: Kingambit|fallen3|[silent]\n|move|p1a: Iron Valiant|Shadow Ball|p2a: Kingambit\n|-resisted|p2a: Kingambit\n|-damage|p2a: Kingambit|40\/100 slp\n|\n|upkeep\n|turn|36\n|\n|t:|1700532487\n|move|p1a: Iron Valiant|Close Combat|p2a: Kingambit\n|-supereffective|p2a: Kingambit\n|-damage|p2a: Kingambit|0 fnt\n|-unboost|p1a: Iron Valiant|def|1\n|-unboost|p1a: Iron Valiant|spd|1\n|faint|p2a: Kingambit\n|-end|p2a: Kingambit|fallen3|[silent]\n|\n|upkeep\n|\n|t:|1700532491\n|switch|p2a: Slowking|Slowking, F|48\/100\n|turn|37\n|\n|t:|1700532500\n|-terastallize|p2a: Slowking|Water\n|move|p1a: Iron Valiant|Shadow Ball|p2a: Slowking\n|-damage|p2a: Slowking|33\/100\n|move|p2a: Slowking|Slack Off|p2a: Slowking\n|-heal|p2a: Slowking|83\/100\n|\n|upkeep\n|turn|38\n|\n|t:|1700532511\n|move|p1a: Iron Valiant|Encore|p2a: Slowking\n|-start|p2a: Slowking|Encore\n|move|p2a: Slowking|Slack Off|p2a: Slowking\n|-heal|p2a: Slowking|100\/100\n|\n|upkeep\n|turn|39\n|\n|t:|1700532518\n|move|p1a: Iron Valiant|Shadow Ball|p2a: Slowking\n|-damage|p2a: Slowking|83\/100\n|move|p2a: Slowking|Slack Off|p2a: Slowking\n|-heal|p2a: Slowking|100\/100\n|\n|upkeep\n|turn|40\n|\n|t:|1700532523\n|move|p1a: Iron Valiant|Shadow Ball|p2a: Slowking\n|-damage|p2a: Slowking|86\/100\n|-unboost|p2a: Slowking|spd|1\n|move|p2a: Slowking|Slack Off|p2a: Slowking\n|-heal|p2a: Slowking|100\/100\n|\n|-end|p2a: Slowking|Encore\n|upkeep\n|turn|41\n|\n|t:|1700532526\n|move|p1a: Iron Valiant|Encore|p2a: Slowking\n|-start|p2a: Slowking|Encore\n|move|p2a: Slowking|Slack Off||[still]\n|-fail|p2a: Slowking|heal\n|\n|upkeep\n|turn|42\n|\n|t:|1700532529\n|move|p1a: Iron Valiant|Shadow Ball|p2a: Slowking\n|-damage|p2a: Slowking|78\/100\n|move|p2a: Slowking|Slack Off|p2a: Slowking\n|-heal|p2a: Slowking|100\/100\n|\n|upkeep\n|turn|43\n|\n|t:|1700532533\n|move|p1a: Iron Valiant|Shadow Ball|p2a: Slowking\n|-damage|p2a: Slowking|77\/100\n|-unboost|p2a: Slowking|spd|1\n|move|p2a: Slowking|Slack Off|p2a: Slowking\n|-heal|p2a: Slowking|100\/100\n|\n|-end|p2a: Slowking|Encore\n|upkeep\n|turn|44\n|\n|t:|1700532535\n|switch|p2a: Gengar|Gengar, M|100\/100\n|move|p1a: Iron Valiant|Encore||[still]\n|-fail|p1a: Iron Valiant\n|\n|upkeep\n|turn|45\n|\n|t:|1700532542\n|switch|p2a: Slowking|Slowking, F, tera:Water|100\/100\n|move|p1a: Iron Valiant|Shadow Ball|p2a: Slowking\n|-damage|p2a: Slowking|84\/100\n|-unboost|p2a: Slowking|spd|1\n|\n|upkeep\n|turn|46\n|\n|t:|1700532552\n|-end|p1a: Iron Valiant|Quark Drive|[silent]\n|switch|p1a: Kingambit|Kingambit, F|88\/100\n|-activate|p1a: Kingambit|ability: Supreme Overlord\n|-start|p1a: Kingambit|fallen4|[silent]\n|-item|p1a: Kingambit|Air Balloon\n|move|p2a: Slowking|Psyshock|p1a: Kingambit\n|-immune|p1a: Kingambit\n|\n|upkeep\n|turn|47\n|inactive|Winterbub has 120 seconds left.\n|\n|t:|1700532588\n|move|p1a: Kingambit|Iron Head|p2a: Slowking\n|-resisted|p2a: Slowking\n|-damage|p2a: Slowking|47\/100\n|move|p2a: Slowking|Surf|p1a: Kingambit\n|-damage|p1a: Kingambit|41\/100\n|-enditem|p1a: Kingambit|Air Balloon\n|\n|upkeep\n|turn|48\n|\n|t:|1700532594\n|move|p1a: Kingambit|Sucker Punch|p2a: Slowking\n|-damage|p2a: Slowking|0 fnt\n|faint|p2a: Slowking\n|\n|upkeep\n|\n|t:|1700532596\n|switch|p2a: Gengar|Gengar, M|100\/100\n|turn|49\n|\n|t:|1700532614\n|move|p1a: Kingambit|Sucker Punch||[still]\n|-fail|p1a: Kingambit\n|move|p2a: Gengar|Trick|p1a: Kingambit\n|-activate|p2a: Gengar|move: Trick|[of] p1a: Kingambit\n|-item|p1a: Kingambit|Choice Scarf|[from] move: Trick\n|-enditem|p2a: Gengar|Choice Scarf|[silent]|[from] move: Trick\n|\n|upkeep\n|turn|50\n|\n|t:|1700532618\n|move|p1a: Kingambit|Sucker Punch||[still]\n|-fail|p1a: Kingambit\n|move|p2a: Gengar|Encore|p1a: Kingambit\n|-start|p1a: Kingambit|Encore\n|\n|upkeep\n|turn|51\n|\n|t:|1700532623\n|move|p1a: Kingambit|Sucker Punch||[still]\n|-fail|p1a: Kingambit\n|move|p2a: Gengar|Will-O-Wisp|p1a: Kingambit\n|-status|p1a: Kingambit|brn\n|\n|-damage|p1a: Kingambit|35\/100 brn|[from] brn\n|upkeep\n|turn|52\n|\n|t:|1700532642\n|-end|p1a: Kingambit|fallen4|[silent]\n|switch|p1a: Iron Valiant|Iron Valiant|88\/100\n|-damage|p1a: Iron Valiant|76\/100|[from] Spikes\n|move|p2a: Gengar|Will-O-Wisp|p1a: Iron Valiant\n|-status|p1a: Iron Valiant|brn\n|\n|-damage|p1a: Iron Valiant|69\/100 brn|[from] brn\n|upkeep\n|turn|53\n|\n|t:|1700532645\n|move|p1a: Iron Valiant|Shadow Ball|p2a: Gengar\n|-supereffective|p2a: Gengar\n|-damage|p2a: Gengar|14\/100\n|-start|p1a: Iron Valiant|Disable|Shadow Ball|[from] ability: Cursed Body|[of] p2a: Gengar\n|move|p2a: Gengar|Shadow Ball|p1a: Iron Valiant\n|-damage|p1a: Iron Valiant|0 fnt\n|faint|p1a: Iron Valiant\n|-end|p1a: Iron Valiant|Quark Drive|[silent]\n|\n|upkeep\n|l| Seleukos\n|\n|t:|1700532652\n|switch|p1a: Kingambit|Kingambit, F|35\/100 brn\n|-damage|p1a: Kingambit|23\/100 brn|[from] Spikes\n|-activate|p1a: Kingambit|ability: Supreme Overlord\n|-start|p1a: Kingambit|fallen5|[silent]\n|turn|54\n|c|\u2606Winterbub|heads or tails\n|inactive|Winterbub has 120 seconds left.\n|\n|t:|1700532693\n|move|p2a: Gengar|Shadow Ball|p1a: Kingambit\n|-resisted|p1a: Kingambit\n|-damage|p1a: Kingambit|0 fnt\n|faint|p1a: Kingambit\n|-end|p1a: Kingambit|fallen5|[silent]\n|\n|win|Daevank5\n|raw|Winterbub's rating: 1654 &rarr; <strong>1647<\/strong><br \/>(-7 for losing)\n|raw|Daevank5's rating: 1919 &rarr; <strong>1926<\/strong><br \/>(+7 for winning)\n|c|\u2606Winterbub|gg\n|c|\u2606Daevank5|Brother\n|c|\u2606Winterbub|what\n|c|\u2606Daevank5|If you just kowtowed on my slowking\n|c|\u2606Winterbub|i dont have it\n|c|\u2606Daevank5|dont you just win ?\n|c|\u2606Daevank5|OHHHH\n|c|\u2606Daevank5|OH\n|c|\u2606Daevank5|OH\n|c|\u2606Daevank5|SHIT\n|c|\u2606Daevank5|my b\n|c|\u2606Winterbub|low kick last\n|c|\u2606Daevank5|Yeah okay makes sense then\n|c|\u2606Winterbub|wp man that was close\n","uploadtime":1700532741,"views":36,"p1id":"winterbub","p2id":"daevank5","formatid":"gen9ou","rating":1647,"private":0,"password":""}