{"id":"gen9ou-2000670412","p1":"sidtherockjohnson","p2":"gonsapruebas","format":"[Gen 9] OU","log":"|j|\u203dsidtherockjohnson\n|j|\u2606gonsapruebas\n|t:|1701216894\n|gametype|singles\n|player|p1|sidtherockjohnson|hilbert|1365\n|player|p2|gonsapruebas|n|1281\n|teamsize|p1|6\n|teamsize|p2|6\n|gen|9\n|tier|[Gen 9] OU\n|rated|\n|rule|Sleep Clause Mod: Limit one foe put to sleep\n|rule|Species Clause: Limit one of each Pok\u00e9mon\n|rule|OHKO Clause: OHKO moves are banned\n|rule|Evasion Items Clause: Evasion items are banned\n|rule|Evasion Moves Clause: Evasion moves are banned\n|rule|Endless Battle Clause: Forcing endless battles is banned\n|rule|HP Percentage Mod: HP is shown in percentages\n|clearpoke\n|poke|p1|Samurott-Hisui, F|\n|poke|p1|Great Tusk|\n|poke|p1|Clefable, F|\n|poke|p1|Arcanine-Hisui, F|\n|poke|p1|Gholdengo|\n|poke|p1|Zapdos|\n|poke|p2|Ditto|\n|poke|p2|Bellibolt, M|\n|poke|p2|Great Tusk|\n|poke|p2|Goodra-Hisui, M|\n|poke|p2|Iron Valiant|\n|poke|p2|Samurott-Hisui, M|\n|teampreview\n|inactive|Battle timer is ON: inactive players will automatically lose when time's up. (requested by sidtherockjohnson)\n|inactive|sidtherockjohnson has 120 seconds left.\n|\n|t:|1701216931\n|start\n|switch|p1a: Zapdos|Zapdos|100\/100\n|switch|p2a: Bellibolt|Bellibolt, M, shiny|100\/100\n|turn|1\n|inactive|gonsapruebas has 120 seconds left.\n|\n|t:|1701216968\n|switch|p1a: Great Tusk|Great Tusk|100\/100\n|move|p2a: Bellibolt|Toxic|p1a: Great Tusk\n|-status|p1a: Great Tusk|tox\n|\n|-damage|p1a: Great Tusk|94\/100 tox|[from] psn\n|upkeep\n|turn|2\n|inactive|gonsapruebas has 120 seconds left.\n|\n|t:|1701216977\n|switch|p2a: Great Tusk|Great Tusk|100\/100\n|move|p1a: Great Tusk|Knock Off|p2a: Great Tusk\n|-resisted|p2a: Great Tusk\n|-crit|p2a: Great Tusk\n|-damage|p2a: Great Tusk|86\/100\n|-enditem|p2a: Great Tusk|Leftovers|[from] move: Knock Off|[of] p1a: Great Tusk\n|\n|-heal|p1a: Great Tusk|100\/100 tox|[from] item: Leftovers\n|-damage|p1a: Great Tusk|88\/100 tox|[from] psn\n|upkeep\n|turn|3\n|\n|t:|1701216989\n|-end|p1a: Great Tusk|Protosynthesis|[silent]\n|switch|p1a: Zapdos|Zapdos|100\/100\n|move|p2a: Great Tusk|Stealth Rock|p1a: Zapdos\n|-sidestart|p1: sidtherockjohnson|move: Stealth Rock\n|\n|upkeep\n|turn|4\n|\n|t:|1701216994\n|-end|p2a: Great Tusk|Protosynthesis|[silent]\n|switch|p2a: Bellibolt|Bellibolt, M, shiny|100\/100\n|move|p1a: Zapdos|Hurricane|p2a: Bellibolt\n|-resisted|p2a: Bellibolt\n|-damage|p2a: Bellibolt|80\/100\n|-start|p2a: Bellibolt|confusion\n|-start|p2a: Bellibolt|Charge|Hurricane|[from] ability: Electromorphosis\n|\n|-heal|p2a: Bellibolt|86\/100|[from] item: Leftovers\n|upkeep\n|turn|5\n|\n|t:|1701217005\n|move|p1a: Zapdos|Volt Switch|p2a: Bellibolt\n|-resisted|p2a: Bellibolt\n|-damage|p2a: Bellibolt|73\/100\n|-start|p2a: Bellibolt|Charge|Volt Switch|[from] ability: Electromorphosis\n|\n|t:|1701217010\n|switch|p1a: Great Tusk|Great Tusk|88\/100 tox|[from] Volt Switch\n|-damage|p1a: Great Tusk|85\/100 tox|[from] Stealth Rock\n|-activate|p2a: Bellibolt|confusion\n|move|p2a: Bellibolt|Parabolic Charge|p1a: Great Tusk\n|-immune|p1a: Great Tusk\n|-end|p2a: Bellibolt|Charge|[silent]\n|\n|-heal|p1a: Great Tusk|91\/100 tox|[from] item: Leftovers\n|-heal|p2a: Bellibolt|79\/100|[from] item: Leftovers\n|-damage|p1a: Great Tusk|85\/100 tox|[from] psn\n|upkeep\n|turn|6\n|\n|t:|1701217021\n|switch|p2a: Great Tusk|Great Tusk|86\/100\n|move|p1a: Great Tusk|Rapid Spin|p2a: Great Tusk\n|-damage|p2a: Great Tusk|75\/100\n|-boost|p1a: Great Tusk|spe|1\n|-sideend|p1: sidtherockjohnson|Stealth Rock|[from] move: Rapid Spin|[of] p1a: Great Tusk\n|\n|-heal|p1a: Great Tusk|91\/100 tox|[from] item: Leftovers\n|-damage|p1a: Great Tusk|79\/100 tox|[from] psn\n|upkeep\n|turn|7\n|\n|t:|1701217030\n|move|p1a: Great Tusk|Earthquake|p2a: Great Tusk\n|-damage|p2a: Great Tusk|43\/100\n|move|p2a: Great Tusk|Stealth Rock|p1a: Great Tusk\n|-sidestart|p1: sidtherockjohnson|move: Stealth Rock\n|\n|-heal|p1a: Great Tusk|85\/100 tox|[from] item: Leftovers\n|-damage|p1a: Great Tusk|66\/100 tox|[from] psn\n|upkeep\n|turn|8\n|\n|t:|1701217037\n|move|p1a: Great Tusk|Rapid Spin|p2a: Great Tusk\n|-damage|p2a: Great Tusk|33\/100\n|-boost|p1a: Great Tusk|spe|1\n|-sideend|p1: sidtherockjohnson|Stealth Rock|[from] move: Rapid Spin|[of] p1a: Great Tusk\n|move|p2a: Great Tusk|Body Press|p1a: Great Tusk\n|-damage|p1a: Great Tusk|36\/100 tox\n|\n|-heal|p1a: Great Tusk|42\/100 tox|[from] item: Leftovers\n|-damage|p1a: Great Tusk|17\/100 tox|[from] psn\n|upkeep\n|turn|9\n|\n|t:|1701217046\n|move|p1a: Great Tusk|Close Combat|p2a: Great Tusk\n|-damage|p2a: Great Tusk|0 fnt\n|-unboost|p1a: Great Tusk|def|1\n|-unboost|p1a: Great Tusk|spd|1\n|faint|p2a: Great Tusk\n|-end|p2a: Great Tusk|Protosynthesis|[silent]\n|\n|-heal|p1a: Great Tusk|24\/100 tox|[from] item: Leftovers\n|-damage|p1a: Great Tusk|0 fnt|[from] psn\n|faint|p1a: Great Tusk\n|-end|p1a: Great Tusk|Protosynthesis|[silent]\n|upkeep\n|\n|t:|1701217057\n|switch|p2a: Bellibolt|Bellibolt, M, shiny|79\/100\n|switch|p1a: Zapdos|Zapdos|100\/100\n|turn|10\n|\n|t:|1701217067\n|switch|p1a: Gholdengo|Gholdengo|100\/100\n|move|p2a: Bellibolt|Parabolic Charge|p1a: Gholdengo\n|-damage|p1a: Gholdengo|75\/100\n|-heal|p2a: Bellibolt|89\/100|[from] drain|[of] p1a: Gholdengo\n|\n|-heal|p2a: Bellibolt|95\/100|[from] item: Leftovers\n|upkeep\n|turn|11\n|\n|t:|1701217076\n|move|p1a: Gholdengo|Trick|p2a: Bellibolt\n|-activate|p1a: Gholdengo|move: Trick|[of] p2a: Bellibolt\n|-item|p2a: Bellibolt|Choice Scarf|[from] move: Trick\n|-item|p1a: Gholdengo|Leftovers|[from] move: Trick\n|move|p2a: Bellibolt|Muddy Water|p1a: Gholdengo\n|-damage|p1a: Gholdengo|52\/100\n|\n|-heal|p1a: Gholdengo|58\/100|[from] item: Leftovers\n|upkeep\n|turn|12\n|\n|t:|1701217084\n|switch|p2a: Goodra|Goodra-Hisui, M|100\/100\n|move|p1a: Gholdengo|Shadow Ball|p2a: Goodra\n|-damage|p2a: Goodra|84\/100\n|-unboost|p2a: Goodra|spd|1\n|\n|-heal|p1a: Gholdengo|64\/100|[from] item: Leftovers\n|upkeep\n|turn|13\n|\n|t:|1701217091\n|move|p1a: Gholdengo|Focus Blast|p2a: Goodra\n|-supereffective|p2a: Goodra\n|-damage|p2a: Goodra|36\/100\n|move|p2a: Goodra|Fire Blast|p1a: Gholdengo\n|-supereffective|p1a: Gholdengo\n|-damage|p1a: Gholdengo|0 fnt\n|faint|p1a: Gholdengo\n|\n|upkeep\n|\n|t:|1701217106\n|switch|p1a: Samurott|Samurott-Hisui, F|100\/100\n|turn|14\n|\n|t:|1701217112\n|switch|p2a: Bellibolt|Bellibolt, M, shiny|95\/100\n|move|p1a: Samurott|Aqua Cutter|p2a: Bellibolt\n|-crit|p2a: Bellibolt\n|-damage|p2a: Bellibolt|41\/100\n|-start|p2a: Bellibolt|Charge|Aqua Cutter|[from] ability: Electromorphosis\n|\n|upkeep\n|turn|15\n|\n|t:|1701217124\n|switch|p1a: Clefable|Clefable, F|100\/100\n|move|p2a: Bellibolt|Parabolic Charge|p1a: Clefable\n|-damage|p1a: Clefable|72\/100\n|-heal|p2a: Bellibolt|56\/100|[from] drain|[of] p1a: Clefable\n|-end|p2a: Bellibolt|Charge|[silent]\n|\n|-heal|p1a: Clefable|78\/100|[from] item: Leftovers\n|upkeep\n|turn|16\n|\n|t:|1701217132\n|switch|p2a: Goodra|Goodra-Hisui, M|36\/100\n|move|p1a: Clefable|Stealth Rock|p2a: Goodra\n|-sidestart|p2: gonsapruebas|move: Stealth Rock\n|\n|-heal|p1a: Clefable|85\/100|[from] item: Leftovers\n|upkeep\n|turn|17\n|\n|t:|1701217143\n|switch|p1a: Samurott|Samurott-Hisui, F|100\/100\n|move|p2a: Goodra|Flash Cannon|p1a: Samurott\n|-resisted|p1a: Samurott\n|-damage|p1a: Samurott|81\/100\n|\n|upkeep\n|turn|18\n|\n|t:|1701217154\n|move|p1a: Samurott|Ceaseless Edge|p2a: Goodra\n|-damage|p2a: Goodra|0 fnt\n|-sidestart|p2: gonsapruebas|Spikes\n|faint|p2a: Goodra\n|\n|upkeep\n|\n|t:|1701217165\n|switch|p2a: Iron Valiant|Iron Valiant, shiny|100\/100\n|-damage|p2a: Iron Valiant|94\/100|[from] Stealth Rock\n|-damage|p2a: Iron Valiant|82\/100|[from] Spikes\n|-enditem|p2a: Iron Valiant|Booster Energy\n|-activate|p2a: Iron Valiant|ability: Quark Drive|[fromitem]\n|-start|p2a: Iron Valiant|quarkdrivespe\n|turn|19\n|\n|t:|1701217175\n|switch|p1a: Clefable|Clefable, F|85\/100\n|move|p2a: Iron Valiant|Moonblast|p1a: Clefable\n|-damage|p1a: Clefable|57\/100\n|\n|-heal|p1a: Clefable|63\/100|[from] item: Leftovers\n|upkeep\n|turn|20\n|\n|t:|1701217185\n|move|p2a: Iron Valiant|Moonblast|p1a: Clefable\n|-damage|p1a: Clefable|37\/100\n|-unboost|p1a: Clefable|spa|1\n|move|p1a: Clefable|Wish|p1a: Clefable\n|\n|-heal|p1a: Clefable|43\/100|[from] item: Leftovers\n|upkeep\n|turn|21\n|\n|t:|1701217195\n|-end|p2a: Iron Valiant|Quark Drive|[silent]\n|switch|p2a: Samurott|Samurott-Hisui, M|100\/100\n|-damage|p2a: Samurott|88\/100|[from] Stealth Rock\n|-damage|p2a: Samurott|76\/100|[from] Spikes\n|move|p1a: Clefable|Thunder Wave|p2a: Samurott\n|-status|p2a: Samurott|par\n|\n|-heal|p1a: Clefable|93\/100|[from] move: Wish|[wisher] Clefable\n|-heal|p1a: Clefable|99\/100|[from] item: Leftovers\n|upkeep\n|turn|22\n|\n|t:|1701217206\n|-terastallize|p2a: Samurott|Water\n|move|p1a: Clefable|Moonblast|p2a: Samurott\n|-damage|p2a: Samurott|46\/100 par\n|-unboost|p2a: Samurott|spa|1\n|move|p2a: Samurott|Razor Shell|p1a: Clefable\n|-damage|p1a: Clefable|0 fnt\n|faint|p1a: Clefable\n|\n|upkeep\n|\n|t:|1701217223\n|switch|p1a: Zapdos|Zapdos|100\/100\n|turn|23\n|\n|t:|1701217228\n|switch|p2a: Bellibolt|Bellibolt, M, shiny|56\/100\n|-damage|p2a: Bellibolt|43\/100|[from] Stealth Rock\n|-damage|p2a: Bellibolt|30\/100|[from] Spikes\n|move|p1a: Zapdos|Thunderbolt|p2a: Bellibolt\n|-resisted|p2a: Bellibolt\n|-damage|p2a: Bellibolt|15\/100\n|-start|p2a: Bellibolt|Charge|Thunderbolt|[from] ability: Electromorphosis\n|\n|upkeep\n|turn|24\n|\n|t:|1701217237\n|move|p1a: Zapdos|Hurricane|p2a: Bellibolt\n|-resisted|p2a: Bellibolt\n|-damage|p2a: Bellibolt|0 fnt\n|faint|p2a: Bellibolt\n|\n|upkeep\n|\n|t:|1701217245\n|switch|p2a: Iron Valiant|Iron Valiant, shiny|82\/100\n|-damage|p2a: Iron Valiant|76\/100|[from] Stealth Rock\n|-damage|p2a: Iron Valiant|64\/100|[from] Spikes\n|turn|25\n|\n|t:|1701217250\n|move|p2a: Iron Valiant|Destiny Bond|p2a: Iron Valiant\n|-singlemove|p2a: Iron Valiant|Destiny Bond\n|move|p1a: Zapdos|Thunderbolt|p2a: Iron Valiant\n|-damage|p2a: Iron Valiant|0 fnt\n|faint|p2a: Iron Valiant\n|-activate|p2a: Iron Valiant|move: Destiny Bond\n|-end|p2a: Iron Valiant|Quark Drive|[silent]\n|faint|p1a: Zapdos\n|\n|upkeep\n|\n|t:|1701217270\n|switch|p2a: Ditto|Ditto, shiny|100\/100\n|switch|p1a: Samurott|Samurott-Hisui, F|81\/100\n|-damage|p2a: Ditto|88\/100|[from] Stealth Rock\n|-damage|p2a: Ditto|76\/100|[from] Spikes\n|-transform|p2a: Ditto|p1a: Samurott|[from] ability: Imposter\n|turn|26\n|\n|t:|1701217278\n|-terastallize|p1a: Samurott|Ghost\n|move|p2a: Ditto|Sacred Sword|p1a: Samurott\n|-immune|p1a: Samurott\n|move|p1a: Samurott|Sacred Sword|p2a: Ditto\n|-supereffective|p2a: Ditto\n|-damage|p2a: Ditto|0 fnt\n|faint|p2a: Ditto\n|\n|upkeep\n|\n|t:|1701217282\n|switch|p2a: Samurott|Samurott-Hisui, M, tera:Water|46\/100 par\n|-damage|p2a: Samurott|33\/100 par|[from] Stealth Rock\n|-damage|p2a: Samurott|21\/100 par|[from] Spikes\n|turn|27\n|\n|t:|1701217291\n|move|p1a: Samurott|Sucker Punch|p2a: Samurott\n|-damage|p2a: Samurott|0 fnt\n|faint|p2a: Samurott\n|\n|win|sidtherockjohnson\n|raw|sidtherockjohnson's rating: 1365 &rarr; <strong>1380<\/strong><br \/>(+15 for winning)\n|raw|gonsapruebas's rating: 1281 &rarr; <strong>1262<\/strong><br \/>(-19 for losing)\n|l|\u2606gonsapruebas\n","uploadtime":1701217297,"views":1,"p1id":"sidtherockjohnson","p2id":"gonsapruebas","formatid":"gen9ou","rating":1262,"private":0,"password":""}