{"id":"gen9ou-1989393702","p1":"grass knot zygarde","p2":"Wobbly_Visor","format":"[Gen 9] OU","log":"|j|\u2606grass knot zygarde\n|j|\u2606Wobbly_Visor\n|t:|1699844600\n|gametype|singles\n|player|p1|grass knot zygarde|dawn|\n|player|p2|Wobbly_Visor|169|\n|teamsize|p1|6\n|teamsize|p2|6\n|gen|9\n|tier|[Gen 9] OU\n|rule|Sleep Clause Mod: Limit one foe put to sleep\n|rule|Species Clause: Limit one of each Pok\u00e9mon\n|rule|OHKO Clause: OHKO moves are banned\n|rule|Evasion Items Clause: Evasion items are banned\n|rule|Evasion Moves Clause: Evasion moves are banned\n|rule|Endless Battle Clause: Forcing endless battles is banned\n|rule|HP Percentage Mod: HP is shown in percentages\n|clearpoke\n|poke|p1|Rillaboom, F|\n|poke|p1|Great Tusk|\n|poke|p1|Kingambit, F|\n|poke|p1|Zapdos|\n|poke|p1|Slowking-Galar, M|\n|poke|p1|Cinderace, M|\n|poke|p2|Meowscarada, M|\n|poke|p2|Corviknight, M|\n|poke|p2|Sinistcha|\n|poke|p2|Zapdos|\n|poke|p2|Heatran, M|\n|poke|p2|Gastrodon, F|\n|teampreview\n|inactive|Battle timer is ON: inactive players will automatically lose when time's up. (requested by grass knot zygarde)\n|inactive|grass knot zygarde has 270 seconds left.\n|\n|t:|1699844645\n|start\n|switch|p1a: PEEP HOLE|Rillaboom, F|100\/100\n|switch|p2a: Zapdos|Zapdos|100\/100\n|-fieldstart|move: Grassy Terrain|[from] ability: Grassy Surge|[of] p1a: PEEP HOLE\n|turn|1\n|\n|t:|1699844658\n|switch|p1a: BLIND|Slowking-Galar, M|100\/100\n|move|p2a: Zapdos|Hurricane|p1a: BLIND\n|-damage|p1a: BLIND|80\/100\n|\n|-heal|p1a: BLIND|86\/100|[from] Grassy Terrain\n|upkeep\n|turn|2\n|\n|t:|1699844668\n|move|p2a: Zapdos|Volt Switch|p1a: BLIND\n|-damage|p1a: BLIND|73\/100\n|\n|t:|1699844675\n|switch|p2a: Heatran|Heatran, M|100\/100|[from] Volt Switch\n|-item|p2a: Heatran|Air Balloon\n|move|p1a: BLIND|Sludge Bomb|p2a: Heatran\n|-immune|p2a: Heatran\n|\n|-heal|p1a: BLIND|79\/100|[from] Grassy Terrain\n|upkeep\n|turn|3\n|\n|t:|1699844685\n|move|p2a: Heatran|Will-O-Wisp|p1a: BLIND|[miss]\n|-miss|p2a: Heatran|p1a: BLIND\n|move|p1a: BLIND|Surf|p2a: Heatran\n|-supereffective|p2a: Heatran\n|-damage|p2a: Heatran|68\/100\n|-enditem|p2a: Heatran|Air Balloon\n|\n|-heal|p2a: Heatran|74\/100|[from] Grassy Terrain\n|-heal|p1a: BLIND|86\/100|[from] Grassy Terrain\n|upkeep\n|turn|4\n|\n|t:|1699844696\n|move|p2a: Heatran|Magma Storm|p1a: BLIND|[miss]\n|-miss|p2a: Heatran|p1a: BLIND\n|move|p1a: BLIND|Surf|p2a: Heatran\n|-supereffective|p2a: Heatran\n|-damage|p2a: Heatran|42\/100\n|\n|-heal|p2a: Heatran|48\/100|[from] Grassy Terrain\n|-heal|p1a: BLIND|92\/100|[from] Grassy Terrain\n|upkeep\n|turn|5\n|\n|t:|1699844704\n|move|p2a: Heatran|Magma Storm|p1a: BLIND\n|-crit|p1a: BLIND\n|-damage|p1a: BLIND|64\/100\n|-activate|p1a: BLIND|move: Magma Storm|[of] p2a: Heatran\n|move|p1a: BLIND|Surf|p2a: Heatran\n|-supereffective|p2a: Heatran\n|-damage|p2a: Heatran|15\/100\n|\n|-heal|p2a: Heatran|21\/100|[from] Grassy Terrain\n|-heal|p1a: BLIND|71\/100|[from] Grassy Terrain\n|-damage|p1a: BLIND|58\/100|[from] move: Magma Storm|[partiallytrapped]\n|-fieldend|move: Grassy Terrain\n|upkeep\n|turn|6\n|c|\u2606grass knot zygarde|lmao switch out son\n|\n|t:|1699844714\n|move|p2a: Heatran|Earth Power|p1a: BLIND\n|-supereffective|p1a: BLIND\n|-damage|p1a: BLIND|35\/100\n|move|p1a: BLIND|Surf|p2a: Heatran\n|-supereffective|p2a: Heatran\n|-damage|p2a: Heatran|0 fnt\n|faint|p2a: Heatran\n|\n|-end|p1a: BLIND|Magma Storm|[partiallytrapped]|[silent]\n|upkeep\n|c|\u2606Wobbly_Visor|erm...\n|inactive|Wobbly_Visor has 270 seconds left.\n|\n|t:|1699844742\n|switch|p2a: Meowscarada|Meowscarada, M|100\/100\n|turn|7\n|\n|t:|1699844751\n|switch|p1a: BLAME IT ON BABY|Zapdos|100\/100\n|move|p2a: Meowscarada|Knock Off|p1a: BLAME IT ON BABY\n|-start|p2a: Meowscarada|typechange|Dark|[from] ability: Protean\n|-damage|p1a: BLAME IT ON BABY|51\/100\n|-enditem|p1a: BLAME IT ON BABY|Heavy-Duty Boots|[from] move: Knock Off|[of] p2a: Meowscarada\n|\n|upkeep\n|turn|8\n|\n|t:|1699844763\n|switch|p2a: Gastrodon|Gastrodon, F|100\/100\n|move|p1a: BLAME IT ON BABY|Roost|p1a: BLAME IT ON BABY\n|-heal|p1a: BLAME IT ON BABY|100\/100\n|-singleturn|p1a: BLAME IT ON BABY|move: Roost\n|\n|upkeep\n|turn|9\n|\n|t:|1699844772\n|switch|p1a: PEEP HOLE|Rillaboom, F|100\/100\n|-fieldstart|move: Grassy Terrain|[from] ability: Grassy Surge|[of] p1a: PEEP HOLE\n|move|p2a: Gastrodon|Stealth Rock|p1a: PEEP HOLE\n|-sidestart|p1: grass knot zygarde|move: Stealth Rock\n|\n|upkeep\n|turn|10\n|\n|t:|1699844781\n|switch|p2a: Corviknight|Corviknight, M, shiny|100\/100\n|-ability|p2a: Corviknight|Pressure\n|move|p1a: PEEP HOLE|U-turn|p2a: Corviknight\n|-resisted|p2a: Corviknight\n|-damage|p2a: Corviknight|94\/100\n|-damage|p1a: PEEP HOLE|84\/100|[from] item: Rocky Helmet|[of] p2a: Corviknight\n|\n|t:|1699844788\n|switch|p1a: GO|Cinderace, M|100\/100|[from] U-turn\n|\n|upkeep\n|turn|11\n|\n|t:|1699844795\n|switch|p2a: Gastrodon|Gastrodon, F|100\/100\n|move|p1a: GO|Court Change|p1a: GO\n|-swapsideconditions\n|-activate|p1a: GO|move: Court Change\n|\n|upkeep\n|turn|12\n|\n|t:|1699844801\n|move|p1a: GO|Will-O-Wisp|p2a: Gastrodon\n|-status|p2a: Gastrodon|brn\n|move|p2a: Gastrodon|Stealth Rock|p1a: GO\n|-sidestart|p1: grass knot zygarde|move: Stealth Rock\n|\n|-damage|p2a: Gastrodon|94\/100 brn|[from] brn\n|upkeep\n|turn|13\n|\n|t:|1699844808\n|move|p1a: GO|U-turn|p2a: Gastrodon\n|-damage|p2a: Gastrodon|73\/100 brn\n|\n|t:|1699844819\n|switch|p1a: BLAME IT ON BABY|Zapdos|100\/100|[from] U-turn\n|-damage|p1a: BLAME IT ON BABY|75\/100|[from] Stealth Rock\n|move|p2a: Gastrodon|Chilling Water|p1a: BLAME IT ON BABY\n|-damage|p1a: BLAME IT ON BABY|60\/100\n|-unboost|p1a: BLAME IT ON BABY|atk|1\n|\n|-heal|p2a: Gastrodon|79\/100 brn|[from] Grassy Terrain\n|-heal|p2a: Gastrodon|85\/100 brn|[from] item: Leftovers\n|-damage|p2a: Gastrodon|79\/100 brn|[from] brn\n|-fieldend|move: Grassy Terrain\n|upkeep\n|turn|14\n|\n|t:|1699844834\n|move|p1a: BLAME IT ON BABY|Roost|p1a: BLAME IT ON BABY\n|-heal|p1a: BLAME IT ON BABY|100\/100\n|-singleturn|p1a: BLAME IT ON BABY|move: Roost\n|move|p2a: Gastrodon|Chilling Water|p1a: BLAME IT ON BABY\n|-damage|p1a: BLAME IT ON BABY|85\/100\n|-unboost|p1a: BLAME IT ON BABY|atk|1\n|\n|-heal|p2a: Gastrodon|85\/100 brn|[from] item: Leftovers\n|-damage|p2a: Gastrodon|79\/100 brn|[from] brn\n|upkeep\n|turn|15\n|\n|t:|1699844847\n|move|p1a: BLAME IT ON BABY|Hurricane|p2a: Gastrodon|[miss]\n|-miss|p1a: BLAME IT ON BABY|p2a: Gastrodon\n|move|p2a: Gastrodon|Chilling Water|p1a: BLAME IT ON BABY\n|-damage|p1a: BLAME IT ON BABY|69\/100\n|-unboost|p1a: BLAME IT ON BABY|atk|1\n|\n|-heal|p2a: Gastrodon|85\/100 brn|[from] item: Leftovers\n|-damage|p2a: Gastrodon|79\/100 brn|[from] brn\n|upkeep\n|turn|16\n|c|\u2606Wobbly_Visor|im leaving this is boring\n|c|\u2606grass knot zygarde|lmao\n|\n|t:|1699844865\n|move|p1a: BLAME IT ON BABY|Hurricane|p2a: Gastrodon\n|-damage|p2a: Gastrodon|47\/100 brn\n|move|p2a: Gastrodon|Chilling Water|p1a: BLAME IT ON BABY\n|-damage|p1a: BLAME IT ON BABY|51\/100\n|-unboost|p1a: BLAME IT ON BABY|atk|1\n|\n|-heal|p2a: Gastrodon|53\/100 brn|[from] item: Leftovers\n|-damage|p2a: Gastrodon|47\/100 brn|[from] brn\n|upkeep\n|turn|17\n|\n|t:|1699844873\n|move|p1a: BLAME IT ON BABY|Hurricane|p2a: Gastrodon\n|-damage|p2a: Gastrodon|16\/100 brn\n|-start|p2a: Gastrodon|confusion\n|-activate|p2a: Gastrodon|confusion\n|move|p2a: Gastrodon|Recover|p2a: Gastrodon\n|-heal|p2a: Gastrodon|66\/100 brn\n|\n|-heal|p2a: Gastrodon|72\/100 brn|[from] item: Leftovers\n|-damage|p2a: Gastrodon|66\/100 brn|[from] brn\n|upkeep\n|turn|18\n|\n|t:|1699844882\n|move|p1a: BLAME IT ON BABY|Roost|p1a: BLAME IT ON BABY\n|-heal|p1a: BLAME IT ON BABY|100\/100\n|-singleturn|p1a: BLAME IT ON BABY|move: Roost\n|-end|p2a: Gastrodon|confusion\n|move|p2a: Gastrodon|Earth Power|p1a: BLAME IT ON BABY\n|-supereffective|p1a: BLAME IT ON BABY\n|-damage|p1a: BLAME IT ON BABY|40\/100\n|\n|-heal|p2a: Gastrodon|72\/100 brn|[from] item: Leftovers\n|-damage|p2a: Gastrodon|66\/100 brn|[from] brn\n|upkeep\n|turn|19\n|\n|t:|1699844893\n|move|p1a: BLAME IT ON BABY|Hurricane|p2a: Gastrodon\n|-damage|p2a: Gastrodon|35\/100 brn\n|-start|p2a: Gastrodon|confusion\n|-activate|p2a: Gastrodon|confusion\n|move|p2a: Gastrodon|Earth Power|p1a: BLAME IT ON BABY\n|-immune|p1a: BLAME IT ON BABY\n|\n|-heal|p2a: Gastrodon|41\/100 brn|[from] item: Leftovers\n|-damage|p2a: Gastrodon|35\/100 brn|[from] brn\n|upkeep\n|turn|20\n|\n|t:|1699844902\n|move|p1a: BLAME IT ON BABY|Roost|p1a: BLAME IT ON BABY\n|-heal|p1a: BLAME IT ON BABY|90\/100\n|-singleturn|p1a: BLAME IT ON BABY|move: Roost\n|-activate|p2a: Gastrodon|confusion\n|move|p2a: Gastrodon|Earth Power|p1a: BLAME IT ON BABY\n|-supereffective|p1a: BLAME IT ON BABY\n|-damage|p1a: BLAME IT ON BABY|34\/100\n|\n|-heal|p2a: Gastrodon|41\/100 brn|[from] item: Leftovers\n|-damage|p2a: Gastrodon|35\/100 brn|[from] brn\n|upkeep\n|turn|21\n|\n|t:|1699844913\n|switch|p1a: PEEP HOLE|Rillaboom, F|84\/100\n|-damage|p1a: PEEP HOLE|72\/100|[from] Stealth Rock\n|-fieldstart|move: Grassy Terrain|[from] ability: Grassy Surge|[of] p1a: PEEP HOLE\n|-activate|p2a: Gastrodon|confusion\n|-damage|p2a: Gastrodon|29\/100 brn|[from] confusion\n|\n|-heal|p1a: PEEP HOLE|78\/100|[from] Grassy Terrain\n|-heal|p2a: Gastrodon|35\/100 brn|[from] Grassy Terrain\n|-heal|p2a: Gastrodon|41\/100 brn|[from] item: Leftovers\n|-damage|p2a: Gastrodon|35\/100 brn|[from] brn\n|upkeep\n|turn|22\n|\n|t:|1699844926\n|switch|p2a: Corviknight|Corviknight, M, shiny|94\/100\n|-damage|p2a: Corviknight|82\/100|[from] Stealth Rock\n|-ability|p2a: Corviknight|Pressure\n|move|p1a: PEEP HOLE|Knock Off|p2a: Corviknight\n|-damage|p2a: Corviknight|48\/100\n|-damage|p1a: PEEP HOLE|61\/100|[from] item: Rocky Helmet|[of] p2a: Corviknight\n|-enditem|p2a: Corviknight|Rocky Helmet|[from] move: Knock Off|[of] p1a: PEEP HOLE\n|\n|-heal|p1a: PEEP HOLE|67\/100|[from] Grassy Terrain\n|upkeep\n|turn|23\n|\n|t:|1699844937\n|switch|p1a: GO|Cinderace, M|100\/100\n|move|p2a: Corviknight|U-turn|p1a: GO\n|-resisted|p1a: GO\n|-crit|p1a: GO\n|-damage|p1a: GO|87\/100\n|l|\u2606Wobbly_Visor\n|inactive|Wobbly_Visor disconnected and has 300 seconds to reconnect!\n|player|p2|\n|c|\u2606grass knot zygarde|there he goes\n|inactive|Wobbly_Visor has 270 seconds to reconnect!\n|inactive|Wobbly_Visor has 240 seconds to reconnect!\n|inactive|Wobbly_Visor has 210 seconds to reconnect!\n|inactive|Wobbly_Visor has 180 seconds to reconnect!\n|inactive|Wobbly_Visor has 150 seconds to reconnect!\n|inactive|Wobbly_Visor has 120 seconds to reconnect!\n|inactive|Wobbly_Visor has 90 seconds to reconnect!\n|inactive|Wobbly_Visor has 60 seconds to reconnect!\n|inactive|Wobbly_Visor has 30 seconds to reconnect!\n|inactive|Wobbly_Visor has 20 seconds to reconnect!\n|inactive|Wobbly_Visor has 15 seconds to reconnect!\n|inactive|Wobbly_Visor has 10 seconds to reconnect!\n|inactive|Wobbly_Visor has 5 seconds to reconnect!\n|-message|Wobbly_Visor lost due to inactivity.\n|\n|win|grass knot zygarde\n","uploadtime":1699845249,"views":37,"p1id":"grassknotzygarde","p2id":"wobblyvisor","formatid":"gen9ou","rating":0,"private":0,"password":""}