{"id":"gen9ou-1995989240","p1":"decoman","p2":"punkmag","format":"[Gen 9] OU","log":"|j|\u2606decoman\n|j|\u2606punkmag\n|t:|1700625985\n|gametype|singles\n|player|p1|decoman|ghetsis|1278\n|player|p2|punkmag|waitress-gen4|1359\n|teamsize|p1|6\n|teamsize|p2|6\n|gen|9\n|tier|[Gen 9] OU\n|rated|\n|rule|Sleep Clause Mod: Limit one foe put to sleep\n|rule|Species Clause: Limit one of each Pok\u00e9mon\n|rule|OHKO Clause: OHKO moves are banned\n|rule|Evasion Items Clause: Evasion items are banned\n|rule|Evasion Moves Clause: Evasion moves are banned\n|rule|Endless Battle Clause: Forcing endless battles is banned\n|rule|HP Percentage Mod: HP is shown in percentages\n|clearpoke\n|poke|p1|Walking Wake|\n|poke|p1|Torkoal, M|\n|poke|p1|Skeledirge, M|\n|poke|p1|Great Tusk|\n|poke|p1|Gholdengo|\n|poke|p1|Kingambit, M|\n|poke|p2|Tinkaton, F|\n|poke|p2|Rillaboom, F|\n|poke|p2|Toxtricity, M|\n|poke|p2|Greninja-*, F|\n|poke|p2|Mandibuzz, F|\n|poke|p2|Iron Moth|\n|teampreview\n|inactive|Battle timer is ON: inactive players will automatically lose when time's up. (requested by punkmag)\n|\n|t:|1700626000\n|start\n|switch|p1a: Walking Wake|Walking Wake|100\/100\n|switch|p2a: Mandibuzz|Mandibuzz, F|100\/100\n|turn|1\n|\n|t:|1700626009\n|move|p1a: Walking Wake|Flip Turn|p2a: Mandibuzz\n|-damage|p2a: Mandibuzz|91\/100\n|\n|t:|1700626013\n|-end|p1a: Walking Wake|Protosynthesis|[silent]\n|switch|p1a: Torkoal|Torkoal, M|100\/100|[from] Flip Turn\n|-weather|SunnyDay|[from] ability: Drought|[of] p1a: Torkoal\n|move|p2a: Mandibuzz|Foul Play|p1a: Torkoal\n|-crit|p1a: Torkoal\n|-damage|p1a: Torkoal|73\/100\n|\n|-weather|SunnyDay|[upkeep]\n|-heal|p2a: Mandibuzz|97\/100|[from] item: Leftovers\n|upkeep\n|turn|2\n|\n|t:|1700626022\n|move|p2a: Mandibuzz|Toxic|p1a: Torkoal\n|-status|p1a: Torkoal|tox\n|move|p1a: Torkoal|Lava Plume|p2a: Mandibuzz\n|-damage|p2a: Mandibuzz|66\/100\n|-status|p2a: Mandibuzz|brn\n|\n|-weather|SunnyDay|[upkeep]\n|-heal|p2a: Mandibuzz|72\/100 brn|[from] item: Leftovers\n|-damage|p1a: Torkoal|67\/100 tox|[from] psn\n|-damage|p2a: Mandibuzz|66\/100 brn|[from] brn\n|upkeep\n|turn|3\n|\n|t:|1700626041\n|switch|p1a: Gholdengo|Gholdengo|100\/100\n|-item|p1a: Gholdengo|Air Balloon\n|move|p2a: Mandibuzz|Roost|p2a: Mandibuzz\n|-heal|p2a: Mandibuzz|100\/100 brn\n|-singleturn|p2a: Mandibuzz|move: Roost\n|\n|-weather|SunnyDay|[upkeep]\n|-damage|p2a: Mandibuzz|94\/100 brn|[from] brn\n|upkeep\n|turn|4\n|\n|t:|1700626050\n|move|p1a: Gholdengo|Thunderbolt|p2a: Mandibuzz\n|-supereffective|p2a: Mandibuzz\n|-damage|p2a: Mandibuzz|43\/100 brn\n|move|p2a: Mandibuzz|Foul Play|p1a: Gholdengo\n|-supereffective|p1a: Gholdengo\n|-damage|p1a: Gholdengo|80\/100\n|-enditem|p1a: Gholdengo|Air Balloon\n|\n|-weather|SunnyDay|[upkeep]\n|-heal|p2a: Mandibuzz|49\/100 brn|[from] item: Leftovers\n|-damage|p2a: Mandibuzz|43\/100 brn|[from] brn\n|upkeep\n|turn|5\n|\n|t:|1700626066\n|switch|p2a: Pinecones|Rillaboom, F|100\/100\n|-fieldstart|move: Grassy Terrain|[from] ability: Grassy Surge|[of] p2a: Pinecones\n|move|p1a: Gholdengo|Thunderbolt|p2a: Pinecones\n|-resisted|p2a: Pinecones\n|-damage|p2a: Pinecones|80\/100\n|-status|p2a: Pinecones|par\n|\n|-weather|SunnyDay|[upkeep]\n|-heal|p1a: Gholdengo|86\/100|[from] Grassy Terrain\n|-heal|p2a: Pinecones|86\/100 par|[from] Grassy Terrain\n|-heal|p2a: Pinecones|92\/100 par|[from] item: Leftovers\n|upkeep\n|turn|6\n|\n|t:|1700626090\n|switch|p1a: Skeledirge|Skeledirge, M|100\/100\n|move|p2a: Pinecones|U-turn|p1a: Skeledirge\n|-resisted|p1a: Skeledirge\n|-damage|p1a: Skeledirge|95\/100\n|\n|t:|1700626101\n|switch|p2a: Shurikens|Greninja, F|100\/100|[from] U-turn\n|\n|-weather|SunnyDay|[upkeep]\n|-heal|p1a: Skeledirge|100\/100|[from] Grassy Terrain\n|upkeep\n|turn|7\n|\n|t:|1700626117\n|-terastallize|p1a: Skeledirge|Fairy\n|move|p2a: Shurikens|Surf|p1a: Skeledirge\n|-start|p2a: Shurikens|typechange|Water|[from] ability: Protean\n|-damage|p1a: Skeledirge|85\/100\n|move|p1a: Skeledirge|Torch Song|p2a: Shurikens\n|-resisted|p2a: Shurikens\n|-damage|p2a: Shurikens|68\/100\n|-boost|p1a: Skeledirge|spa|1\n|\n|-weather|SunnyDay|[upkeep]\n|-heal|p2a: Shurikens|74\/100|[from] Grassy Terrain\n|-heal|p1a: Skeledirge|91\/100|[from] Grassy Terrain\n|upkeep\n|turn|8\n|inactive|punkmag has 120 seconds left.\n|\n|t:|1700626147\n|move|p2a: Shurikens|Surf|p1a: Skeledirge\n|-damage|p1a: Skeledirge|76\/100\n|move|p1a: Skeledirge|Torch Song|p2a: Shurikens\n|-resisted|p2a: Shurikens\n|-damage|p2a: Shurikens|20\/100\n|-boost|p1a: Skeledirge|spa|1\n|\n|-weather|none\n|-heal|p2a: Shurikens|26\/100|[from] Grassy Terrain\n|-heal|p1a: Skeledirge|83\/100|[from] Grassy Terrain\n|upkeep\n|turn|9\n|inactive|punkmag has 120 seconds left.\n|inactive|decoman has 120 seconds left.\n|\n|t:|1700626162\n|move|p2a: Shurikens|Surf|p1a: Skeledirge\n|-damage|p1a: Skeledirge|54\/100\n|move|p1a: Skeledirge|Tera Blast|p2a: Shurikens|[anim] Tera Blast Fairy\n|-damage|p2a: Shurikens|0 fnt\n|faint|p2a: Shurikens\n|\n|-heal|p1a: Skeledirge|60\/100|[from] Grassy Terrain\n|-fieldend|move: Grassy Terrain\n|upkeep\n|\n|t:|1700626179\n|switch|p2a: Iron Moth|Iron Moth|100\/100\n|-enditem|p2a: Iron Moth|Booster Energy\n|-activate|p2a: Iron Moth|ability: Quark Drive|[fromitem]\n|-start|p2a: Iron Moth|quarkdrivespa\n|turn|10\n|\n|t:|1700626187\n|switch|p1a: Gholdengo|Gholdengo|86\/100\n|move|p2a: Iron Moth|Substitute|p2a: Iron Moth\n|-start|p2a: Iron Moth|Substitute\n|-damage|p2a: Iron Moth|76\/100\n|\n|upkeep\n|turn|11\n|\n|t:|1700626196\n|move|p2a: Iron Moth|Fiery Dance|p1a: Gholdengo\n|-supereffective|p1a: Gholdengo\n|-damage|p1a: Gholdengo|0 fnt\n|-boost|p2a: Iron Moth|spa|1\n|faint|p1a: Gholdengo\n|\n|upkeep\n|\n|t:|1700626202\n|switch|p1a: Torkoal|Torkoal, M|67\/100 tox\n|-weather|SunnyDay|[from] ability: Drought|[of] p1a: Torkoal\n|turn|12\n|\n|t:|1700626206\n|move|p2a: Iron Moth|Sludge Wave|p1a: Torkoal\n|-damage|p1a: Torkoal|0 fnt\n|faint|p1a: Torkoal\n|\n|-weather|SunnyDay|[upkeep]\n|upkeep\n|\n|t:|1700626215\n|switch|p1a: Walking Wake|Walking Wake|100\/100\n|-activate|p1a: Walking Wake|ability: Protosynthesis\n|-start|p1a: Walking Wake|protosynthesisspe\n|turn|13\n|\n|t:|1700626222\n|move|p1a: Walking Wake|Hydro Steam|p2a: Iron Moth\n|-supereffective|p2a: Iron Moth\n|-end|p2a: Iron Moth|Substitute\n|move|p2a: Iron Moth|Sludge Wave|p1a: Walking Wake\n|-damage|p1a: Walking Wake|0 fnt\n|faint|p1a: Walking Wake\n|-end|p1a: Walking Wake|Protosynthesis|[silent]\n|\n|-weather|SunnyDay|[upkeep]\n|upkeep\n|\n|t:|1700626231\n|switch|p1a: Great Tusk|Great Tusk|100\/100\n|-activate|p1a: Great Tusk|ability: Protosynthesis\n|-start|p1a: Great Tusk|protosynthesisdef\n|turn|14\n|\n|t:|1700626237\n|move|p2a: Iron Moth|Energy Ball|p1a: Great Tusk\n|-supereffective|p1a: Great Tusk\n|-damage|p1a: Great Tusk|0 fnt\n|faint|p1a: Great Tusk\n|-end|p1a: Great Tusk|Protosynthesis|[silent]\n|\n|-weather|SunnyDay|[upkeep]\n|upkeep\n|\n|t:|1700626241\n|switch|p1a: Justice|Kingambit, M|100\/100\n|-activate|p1a: Justice|ability: Supreme Overlord\n|-start|p1a: Justice|fallen4|[silent]\n|turn|15\n|\n|t:|1700626253\n|-terastallize|p2a: Iron Moth|Dark\n|move|p2a: Iron Moth|Fiery Dance|p1a: Justice\n|-supereffective|p1a: Justice\n|-damage|p1a: Justice|0 fnt\n|-boost|p2a: Iron Moth|spa|1\n|faint|p1a: Justice\n|-end|p1a: Justice|fallen4|[silent]\n|\n|-weather|SunnyDay|[upkeep]\n|upkeep\n|\n|t:|1700626257\n|switch|p1a: Skeledirge|Skeledirge, M, tera:Fairy|60\/100\n|turn|16\n|\n|t:|1700626262\n|move|p2a: Iron Moth|Sludge Wave|p1a: Skeledirge\n|-supereffective|p1a: Skeledirge\n|-damage|p1a: Skeledirge|0 fnt\n|faint|p1a: Skeledirge\n|\n|win|punkmag\n|raw|decoman's rating: 1278 &rarr; <strong>1259<\/strong><br \/>(-19 for losing)\n|raw|punkmag's rating: 1359 &rarr; <strong>1374<\/strong><br \/>(+15 for winning)\n|l|\u2606decoman\n","uploadtime":1700626269,"views":0,"p1id":"decoman","p2id":"punkmag","formatid":"gen9ou","rating":1259,"private":0,"password":""}