{"id":"gen9ou-1993275647","p1":"TheZalmancer","p2":"princeboi12","format":"[Gen 9] OU","log":"|j|\u2606TheZalmancer\n|j|\u2606princeboi12\n|t:|1700288549\n|gametype|singles\n|player|p1|TheZalmancer|skyla|1129\n|player|p2|princeboi12|waitress-gen4|1239\n|teamsize|p1|6\n|teamsize|p2|6\n|gen|9\n|tier|[Gen 9] OU\n|rated|\n|rule|Sleep Clause Mod: Limit one foe put to sleep\n|rule|Species Clause: Limit one of each Pok\u00e9mon\n|rule|OHKO Clause: OHKO moves are banned\n|rule|Evasion Items Clause: Evasion items are banned\n|rule|Evasion Moves Clause: Evasion moves are banned\n|rule|Endless Battle Clause: Forcing endless battles is banned\n|rule|HP Percentage Mod: HP is shown in percentages\n|clearpoke\n|poke|p1|Ogerpon-Wellspring, F|\n|poke|p1|Ninetales-Alola, F|\n|poke|p1|Corviknight, F|\n|poke|p1|Manaphy|\n|poke|p1|Conkeldurr, M|\n|poke|p1|Ditto|\n|poke|p2|Pincurchin, M|\n|poke|p2|Iron Valiant|\n|poke|p2|Cinderace, F|\n|poke|p2|Gholdengo|\n|poke|p2|Garchomp, F|\n|poke|p2|Mienshao, M|\n|teampreview\n|inactive|Battle timer is ON: inactive players will automatically lose when time's up. (requested by princeboi12)\n|\n|t:|1700288560\n|start\n|switch|p1a: Corviknight|Corviknight, F, shiny|100\/100\n|switch|p2a: Gholdengo|Gholdengo|100\/100\n|turn|1\n|\n|t:|1700288588\n|move|p2a: Gholdengo|Trick|p1a: Corviknight\n|-activate|p2a: Gholdengo|move: Trick|[of] p1a: Corviknight\n|-item|p1a: Corviknight|Choice Band|[from] move: Trick\n|-item|p2a: Gholdengo|Leftovers|[from] move: Trick\n|move|p1a: Corviknight|U-turn|p2a: Gholdengo\n|-resisted|p2a: Gholdengo\n|-damage|p2a: Gholdengo|95\/100\n|c|\u2606princeboi12|probbablt trixk\n|inactive|TheZalmancer has 120 seconds left.\n|\n|t:|1700288602\n|switch|p1a: Ninetales|Ninetales-Alola, F, shiny|100\/100|[from] U-turn\n|-weather|Snow|[from] ability: Snow Warning|[of] p1a: Ninetales\n|\n|-weather|Snow|[upkeep]\n|-heal|p2a: Gholdengo|100\/100|[from] item: Leftovers\n|upkeep\n|turn|2\n|inactive|TheZalmancer has 120 seconds left.\n|\n|t:|1700288617\n|-terastallize|p1a: Ninetales|Water\n|move|p1a: Ninetales|Aurora Veil|p1a: Ninetales\n|-sidestart|p1: TheZalmancer|move: Aurora Veil\n|move|p2a: Gholdengo|Thunder Wave|p1a: Ninetales\n|-status|p1a: Ninetales|par\n|\n|-weather|Snow|[upkeep]\n|upkeep\n|turn|3\n|inactive|TheZalmancer has 120 seconds left.\n|\n|t:|1700288637\n|switch|p2a: Cinderace|Cinderace, F|100\/100\n|move|p1a: Ninetales|Hypnosis|p2a: Cinderace|[miss]\n|-miss|p1a: Ninetales|p2a: Cinderace\n|\n|-weather|Snow|[upkeep]\n|upkeep\n|turn|4\n|\n|t:|1700288646\n|switch|p1a: Conkeldurr|Conkeldurr, M|100\/100\n|move|p2a: Cinderace|Court Change|p2a: Cinderace\n|-start|p2a: Cinderace|typechange|Normal|[from] ability: Libero\n|-swapsideconditions\n|-activate|p2a: Cinderace|move: Court Change\n|\n|-weather|Snow|[upkeep]\n|-status|p1a: Conkeldurr|brn|[from] item: Flame Orb\n|upkeep\n|turn|5\n|inactive|TheZalmancer has 120 seconds left.\n|\n|t:|1700288657\n|switch|p2a: Pincurchin|Pincurchin, M|100\/100\n|-fieldstart|move: Electric Terrain|[from] ability: Electric Surge|[of] p2a: Pincurchin\n|move|p1a: Conkeldurr|Drain Punch|p2a: Pincurchin\n|-damage|p2a: Pincurchin|70\/100\n|\n|-weather|none\n|-damage|p1a: Conkeldurr|94\/100 brn|[from] brn\n|upkeep\n|turn|6\n|inactive|TheZalmancer has 120 seconds left.\n|\n|t:|1700288666\n|switch|p1a: Ogerpon|Ogerpon-Wellspring, F|100\/100\n|move|p2a: Pincurchin|Toxic Spikes|p1a: Ogerpon\n|-sidestart|p1: TheZalmancer|move: Toxic Spikes\n|\n|upkeep\n|turn|7\n|\n|t:|1700288672\n|move|p1a: Ogerpon|Swords Dance|p1a: Ogerpon\n|-boost|p1a: Ogerpon|atk|2\n|move|p2a: Pincurchin|Memento|p1a: Ogerpon\n|-unboost|p1a: Ogerpon|atk|2\n|-unboost|p1a: Ogerpon|spa|2\n|faint|p2a: Pincurchin\n|\n|upkeep\n|\n|t:|1700288687\n|switch|p2a: Cinderace|Cinderace, F|100\/100\n|turn|8\n|\n|t:|1700288692\n|move|p2a: Cinderace|U-turn|p1a: Ogerpon\n|-start|p2a: Cinderace|typechange|Bug|[from] ability: Libero\n|-supereffective|p1a: Ogerpon\n|-damage|p1a: Ogerpon|11\/100\n|\n|t:|1700288696\n|switch|p2a: Iron Valiant|Iron Valiant|100\/100|[from] U-turn\n|-activate|p2a: Iron Valiant|ability: Quark Drive\n|-start|p2a: Iron Valiant|quarkdrivespe\n|move|p1a: Ogerpon|Brick Break|p2a: Iron Valiant\n|-sideend|p2: princeboi12|move: Aurora Veil\n|-resisted|p2a: Iron Valiant\n|-damage|p2a: Iron Valiant|83\/100\n|\n|upkeep\n|turn|9\n|\n|t:|1700288705\n|move|p2a: Iron Valiant|Tera Blast|p1a: Ogerpon\n|-damage|p1a: Ogerpon|0 fnt\n|faint|p1a: Ogerpon\n|\n|upkeep\n|\n|t:|1700288716\n|switch|p1a: Corviknight|Corviknight, F, shiny|100\/100\n|turn|10\n|\n|t:|1700288733\n|-end|p2a: Iron Valiant|Quark Drive|[silent]\n|switch|p2a: Cinderace|Cinderace, F|100\/100\n|move|p1a: Corviknight|Iron Head|p2a: Cinderace\n|-resisted|p2a: Cinderace\n|-damage|p2a: Cinderace|73\/100\n|\n|upkeep\n|turn|11\n|\n|t:|1700288742\n|move|p2a: Cinderace|Pyro Ball|p1a: Corviknight\n|-supereffective|p1a: Corviknight\n|-damage|p1a: Corviknight|36\/100\n|-status|p1a: Corviknight|brn\n|move|p1a: Corviknight|Iron Head|p2a: Cinderace\n|-resisted|p2a: Cinderace\n|-damage|p2a: Cinderace|60\/100\n|\n|-damage|p1a: Corviknight|30\/100 brn|[from] brn\n|upkeep\n|turn|12\n|\n|t:|1700288755\n|switch|p2a: Garchomp|Garchomp, F|100\/100\n|move|p1a: Corviknight|Iron Head|p2a: Garchomp\n|-damage|p2a: Garchomp|82\/100\n|-damage|p1a: Corviknight|17\/100 brn|[from] ability: Rough Skin|[of] p2a: Garchomp\n|\n|-damage|p1a: Corviknight|11\/100 brn|[from] brn\n|-fieldend|move: Electric Terrain\n|upkeep\n|turn|13\n|\n|t:|1700288764\n|move|p2a: Garchomp|Swords Dance|p2a: Garchomp\n|-boost|p2a: Garchomp|atk|2\n|move|p1a: Corviknight|Iron Head|p2a: Garchomp\n|-damage|p2a: Garchomp|63\/100\n|-damage|p1a: Corviknight|0 fnt|[from] ability: Rough Skin|[of] p2a: Garchomp\n|faint|p1a: Corviknight\n|\n|upkeep\n|\n|t:|1700288782\n|switch|p1a: Conkeldurr|Conkeldurr, M|94\/100 brn\n|turn|14\n|\n|t:|1700288787\n|-terastallize|p2a: Garchomp|Fairy\n|move|p1a: Conkeldurr|Mach Punch|p2a: Garchomp\n|-resisted|p2a: Garchomp\n|-damage|p2a: Garchomp|45\/100\n|-damage|p1a: Conkeldurr|82\/100 brn|[from] ability: Rough Skin|[of] p2a: Garchomp\n|move|p2a: Garchomp|Scale Shot|p1a: Conkeldurr\n|-damage|p1a: Conkeldurr|62\/100 brn\n|-damage|p1a: Conkeldurr|38\/100 brn\n|-hitcount|p1a: Conkeldurr|2\n|-unboost|p2a: Garchomp|def|1\n|-boost|p2a: Garchomp|spe|1\n|-enditem|p2a: Garchomp|White Herb\n|-clearnegativeboost|p2a: Garchomp|[silent]\n|\n|-damage|p1a: Conkeldurr|32\/100 brn|[from] brn\n|upkeep\n|turn|15\n|\n|t:|1700288804\n|move|p2a: Garchomp|Tera Blast|p1a: Conkeldurr|[anim] Tera Blast Fairy\n|-supereffective|p1a: Conkeldurr\n|-damage|p1a: Conkeldurr|0 fnt\n|faint|p1a: Conkeldurr\n|\n|upkeep\n|\n|t:|1700288815\n|switch|p1a: Ninetales|Ninetales-Alola, F, shiny, tera:Water|100\/100 par\n|-weather|Snow|[from] ability: Snow Warning|[of] p1a: Ninetales\n|turn|16\n|\n|t:|1700288821\n|move|p2a: Garchomp|Earthquake|p1a: Ninetales\n|-damage|p1a: Ninetales|0 fnt\n|faint|p1a: Ninetales\n|\n|-weather|Snow|[upkeep]\n|upkeep\n|\n|t:|1700288826\n|switch|p1a: Ditto|Ditto, shiny|100\/100\n|-status|p1a: Ditto|psn\n|-transform|p1a: Ditto|p2a: Garchomp|[from] ability: Imposter\n|-start|p1a: Ditto|typechange|Dragon\/Ground|[silent]\n|turn|17\n|\n|t:|1700288839\n|move|p1a: Ditto|Earthquake|p2a: Garchomp\n|-damage|p2a: Garchomp|0 fnt\n|faint|p2a: Garchomp\n|\n|-weather|Snow|[upkeep]\n|-damage|p1a: Ditto|88\/100 psn|[from] psn\n|upkeep\n|\n|t:|1700288846\n|switch|p2a: Mienshao|Mienshao, M|100\/100\n|turn|18\n|\n|t:|1700288854\n|move|p2a: Mienshao|Fake Out|p1a: Ditto\n|-crit|p1a: Ditto\n|-damage|p1a: Ditto|65\/100 psn\n|-damage|p2a: Mienshao|88\/100|[from] ability: Rough Skin|[of] p1a: Ditto\n|cant|p1a: Ditto|flinch\n|\n|-weather|Snow|[upkeep]\n|-damage|p1a: Ditto|53\/100 psn|[from] psn\n|upkeep\n|turn|19\n|\n|t:|1700288870\n|switch|p2a: Cinderace|Cinderace, F|60\/100\n|move|p1a: Ditto|Earthquake|p2a: Cinderace\n|-supereffective|p2a: Cinderace\n|-damage|p2a: Cinderace|0 fnt\n|faint|p2a: Cinderace\n|\n|-weather|Snow|[upkeep]\n|-damage|p1a: Ditto|40\/100 psn|[from] psn\n|upkeep\n|\n|t:|1700288883\n|switch|p2a: Mienshao|Mienshao, M|100\/100\n|turn|20\n|\n|t:|1700288887\n|move|p2a: Mienshao|Fake Out|p1a: Ditto\n|-damage|p1a: Ditto|24\/100 psn\n|-damage|p2a: Mienshao|88\/100|[from] ability: Rough Skin|[of] p1a: Ditto\n|cant|p1a: Ditto|flinch\n|\n|-weather|none\n|-damage|p1a: Ditto|12\/100 psn|[from] psn\n|upkeep\n|turn|21\n|\n|t:|1700288905\n|switch|p2a: Iron Valiant|Iron Valiant|83\/100\n|move|p1a: Ditto|Earthquake|p2a: Iron Valiant\n|-damage|p2a: Iron Valiant|0 fnt\n|faint|p2a: Iron Valiant\n|-end|p2a: Iron Valiant|Quark Drive|[silent]\n|\n|-damage|p1a: Ditto|0 fnt|[from] psn\n|faint|p1a: Ditto\n|upkeep\n|\n|t:|1700288913\n|switch|p2a: Gholdengo|Gholdengo|100\/100\n|switch|p1a: Manaphy|Manaphy|100\/100\n|-status|p1a: Manaphy|psn\n|turn|22\n|\n|t:|1700288922\n|move|p1a: Manaphy|Scald|p2a: Gholdengo\n|-damage|p2a: Gholdengo|77\/100\n|move|p2a: Gholdengo|Shadow Ball|p1a: Manaphy\n|-damage|p1a: Manaphy|67\/100 psn\n|\n|-heal|p1a: Manaphy|73\/100 psn|[from] item: Leftovers\n|-heal|p2a: Gholdengo|83\/100|[from] item: Leftovers\n|-damage|p1a: Manaphy|61\/100 psn|[from] psn\n|upkeep\n|turn|23\n|\n|t:|1700288932\n|move|p1a: Manaphy|Scald|p2a: Gholdengo\n|-damage|p2a: Gholdengo|55\/100\n|move|p2a: Gholdengo|Shadow Ball|p1a: Manaphy\n|-damage|p1a: Manaphy|27\/100 psn\n|\n|-heal|p1a: Manaphy|33\/100 psn|[from] item: Leftovers\n|-heal|p2a: Gholdengo|61\/100|[from] item: Leftovers\n|-damage|p1a: Manaphy|21\/100 psn|[from] psn\n|upkeep\n|turn|24\n|\n|t:|1700288941\n|move|p1a: Manaphy|Scald|p2a: Gholdengo\n|-damage|p2a: Gholdengo|38\/100\n|move|p2a: Gholdengo|Shadow Ball|p1a: Manaphy\n|-crit|p1a: Manaphy\n|-damage|p1a: Manaphy|0 fnt\n|faint|p1a: Manaphy\n|\n|win|princeboi12\n|raw|TheZalmancer's rating: 1129 &rarr; <strong>1112<\/strong><br \/>(-17 for losing)\n|raw|princeboi12's rating: 1239 &rarr; <strong>1256<\/strong><br \/>(+17 for winning)\n|c|\u2606TheZalmancer|ggs\n|l|\u2606princeboi12\n","uploadtime":1700288958,"views":13,"p1id":"thezalmancer","p2id":"princeboi12","formatid":"gen9ou","rating":1112,"private":0,"password":""}