{"id":"gen9ou-2000655273","p1":"Dirt Donut","p2":"Overripe","format":"[Gen 9] OU","log":"|j|\u2606Dirt Donut\n|j|\u2606Overripe\n|t:|1701215133\n|gametype|singles\n|player|p1|Dirt Donut|265|1211\n|player|p2|Overripe|iris-gen5bw2|1256\n|teamsize|p1|6\n|teamsize|p2|6\n|gen|9\n|tier|[Gen 9] OU\n|rated|\n|rule|Sleep Clause Mod: Limit one foe put to sleep\n|rule|Species Clause: Limit one of each Pok\u00e9mon\n|rule|OHKO Clause: OHKO moves are banned\n|rule|Evasion Items Clause: Evasion items are banned\n|rule|Evasion Moves Clause: Evasion moves are banned\n|rule|Endless Battle Clause: Forcing endless battles is banned\n|rule|HP Percentage Mod: HP is shown in percentages\n|clearpoke\n|poke|p1|Dragapult, F|\n|poke|p1|Iron Moth|\n|poke|p1|Landorus-Therian, M|\n|poke|p1|Kingambit, M|\n|poke|p1|Toxapex, F|\n|poke|p1|Iron Valiant|\n|poke|p2|Landorus-Therian, M|\n|poke|p2|Iron Valiant|\n|poke|p2|Vikavolt, M|\n|poke|p2|Thundurus-Therian, M|\n|poke|p2|Dragonite, M|\n|poke|p2|Great Tusk|\n|teampreview\n|inactive|Battle timer is ON: inactive players will automatically lose when time's up. (requested by Overripe)\n|\n|t:|1701215146\n|start\n|switch|p1a: Dragapult|Dragapult, F, shiny|100\/100\n|switch|p2a: \u7adc\u9a0e\u58eb|Iron Valiant, shiny|100\/100\n|turn|1\n|\n|t:|1701215156\n|move|p1a: Dragapult|U-turn|p2a: \u7adc\u9a0e\u58eb\n|-resisted|p2a: \u7adc\u9a0e\u58eb\n|-damage|p2a: \u7adc\u9a0e\u58eb|95\/100\n|\n|t:|1701215163\n|switch|p1a: Toxapex|Toxapex, F, shiny|100\/100|[from] U-turn\n|move|p2a: \u7adc\u9a0e\u58eb|Knock Off|p1a: Toxapex\n|-damage|p1a: Toxapex|79\/100\n|-enditem|p1a: Toxapex|Leftovers|[from] move: Knock Off|[of] p2a: \u7adc\u9a0e\u58eb\n|-damage|p2a: \u7adc\u9a0e\u58eb|86\/100|[from] item: Life Orb\n|\n|upkeep\n|turn|2\n|\n|t:|1701215172\n|move|p2a: \u7adc\u9a0e\u58eb|Thunderbolt|p1a: Toxapex\n|-supereffective|p1a: Toxapex\n|-damage|p1a: Toxapex|23\/100\n|-damage|p2a: \u7adc\u9a0e\u58eb|76\/100|[from] item: Life Orb\n|move|p1a: Toxapex|Toxic|p2a: \u7adc\u9a0e\u58eb\n|-status|p2a: \u7adc\u9a0e\u58eb|tox\n|\n|-damage|p2a: \u7adc\u9a0e\u58eb|70\/100 tox|[from] psn\n|upkeep\n|turn|3\n|\n|t:|1701215182\n|move|p1a: Toxapex|Baneful Bunker|p1a: Toxapex\n|-singleturn|p1a: Toxapex|move: Protect\n|move|p2a: \u7adc\u9a0e\u58eb|Knock Off|p1a: Toxapex\n|-activate|p1a: Toxapex|move: Protect\n|\n|-damage|p2a: \u7adc\u9a0e\u58eb|57\/100 tox|[from] psn\n|upkeep\n|turn|4\n|\n|t:|1701215200\n|switch|p1a: Landorus|Landorus-Therian, M, shiny|100\/100\n|-ability|p1a: Landorus|Intimidate|boost\n|-unboost|p2a: \u7adc\u9a0e\u58eb|atk|1\n|move|p2a: \u7adc\u9a0e\u58eb|Knock Off|p1a: Landorus\n|-damage|p1a: Landorus|71\/100\n|-enditem|p1a: Landorus|Life Orb|[from] move: Knock Off|[of] p2a: \u7adc\u9a0e\u58eb\n|-damage|p2a: \u7adc\u9a0e\u58eb|48\/100 tox|[from] item: Life Orb\n|\n|-damage|p2a: \u7adc\u9a0e\u58eb|29\/100 tox|[from] psn\n|upkeep\n|turn|5\n|\n|t:|1701215212\n|-end|p2a: \u7adc\u9a0e\u58eb|Quark Drive|[silent]\n|switch|p2a: \u5929\u5730|Landorus-Therian, M, shiny|100\/100\n|-ability|p2a: \u5929\u5730|Intimidate|boost\n|-unboost|p1a: Landorus|atk|1\n|move|p1a: Landorus|Earthquake|p2a: \u5929\u5730\n|-immune|p2a: \u5929\u5730\n|\n|upkeep\n|turn|6\n|\n|t:|1701215237\n|switch|p1a: Dragapult|Dragapult, F, shiny|100\/100\n|move|p2a: \u5929\u5730|U-turn|p1a: Dragapult\n|-resisted|p1a: Dragapult\n|-damage|p1a: Dragapult|75\/100\n|\n|t:|1701215264\n|switch|p2a: Vikavolt|Vikavolt, M, shiny|100\/100|[from] U-turn\n|\n|upkeep\n|turn|7\n|\n|t:|1701215270\n|move|p1a: Dragapult|Draco Meteor|p2a: Vikavolt\n|-damage|p2a: Vikavolt|15\/100\n|-unboost|p1a: Dragapult|spa|2\n|-enditem|p2a: Vikavolt|Aguav Berry|[eat]\n|-heal|p2a: Vikavolt|48\/100|[from] item: Aguav Berry\n|move|p2a: Vikavolt|Sticky Web|p1a: Dragapult\n|-sidestart|p1: Dirt Donut|move: Sticky Web\n|\n|upkeep\n|turn|8\n|\n|t:|1701215278\n|move|p1a: Dragapult|Draco Meteor|p2a: Vikavolt\n|-damage|p2a: Vikavolt|7\/100\n|-unboost|p1a: Dragapult|spa|2\n|move|p2a: Vikavolt|Air Slash|p1a: Dragapult\n|-damage|p1a: Dragapult|32\/100\n|\n|upkeep\n|turn|9\n|\n|t:|1701215289\n|switch|p2a: \u5929\u5730|Landorus-Therian, M, shiny|100\/100\n|-ability|p2a: \u5929\u5730|Intimidate|boost\n|-unboost|p1a: Dragapult|atk|1\n|move|p1a: Dragapult|Draco Meteor|p2a: \u5929\u5730|[miss]\n|-miss|p1a: Dragapult|p2a: \u5929\u5730\n|\n|upkeep\n|turn|10\n|\n|t:|1701215306\n|switch|p1a: Landorus|Landorus-Therian, M, shiny|71\/100\n|-ability|p1a: Landorus|Intimidate|boost\n|-unboost|p2a: \u5929\u5730|atk|1\n|move|p2a: \u5929\u5730|U-turn|p1a: Landorus\n|-resisted|p1a: Landorus\n|-damage|p1a: Landorus|54\/100\n|\n|t:|1701215334\n|switch|p2a: \u30d9\u30d2\u30fc\u30e2\u30b9|Great Tusk, shiny|100\/100|[from] U-turn\n|-enditem|p2a: \u30d9\u30d2\u30fc\u30e2\u30b9|Booster Energy\n|-activate|p2a: \u30d9\u30d2\u30fc\u30e2\u30b9|ability: Protosynthesis|[fromitem]\n|-start|p2a: \u30d9\u30d2\u30fc\u30e2\u30b9|protosynthesisatk\n|\n|upkeep\n|turn|11\n|inactive|Overripe has 120 seconds left.\n|\n|t:|1701215350\n|move|p1a: Landorus|Earthquake|p2a: \u30d9\u30d2\u30fc\u30e2\u30b9\n|-damage|p2a: \u30d9\u30d2\u30fc\u30e2\u30b9|61\/100\n|move|p2a: \u30d9\u30d2\u30fc\u30e2\u30b9|Bulk Up|p2a: \u30d9\u30d2\u30fc\u30e2\u30b9\n|-boost|p2a: \u30d9\u30d2\u30fc\u30e2\u30b9|atk|1\n|-boost|p2a: \u30d9\u30d2\u30fc\u30e2\u30b9|def|1\n|\n|upkeep\n|turn|12\n|\n|t:|1701215359\n|move|p1a: Landorus|Earthquake|p2a: \u30d9\u30d2\u30fc\u30e2\u30b9\n|-damage|p2a: \u30d9\u30d2\u30fc\u30e2\u30b9|36\/100\n|move|p2a: \u30d9\u30d2\u30fc\u30e2\u30b9|Ice Spinner|p1a: Landorus\n|-supereffective|p1a: Landorus\n|-damage|p1a: Landorus|0 fnt\n|faint|p1a: Landorus\n|\n|upkeep\n|\n|t:|1701215370\n|switch|p1a: Iron Valiant|Iron Valiant, shiny|100\/100\n|-activate|p1a: Iron Valiant|move: Sticky Web\n|-unboost|p1a: Iron Valiant|spe|1\n|-enditem|p1a: Iron Valiant|Booster Energy\n|-activate|p1a: Iron Valiant|ability: Quark Drive|[fromitem]\n|-start|p1a: Iron Valiant|quarkdriveatk\n|turn|13\n|\n|t:|1701215386\n|move|p2a: \u30d9\u30d2\u30fc\u30e2\u30b9|Earthquake|p1a: Iron Valiant\n|-damage|p1a: Iron Valiant|0 fnt\n|faint|p1a: Iron Valiant\n|-end|p1a: Iron Valiant|Quark Drive|[silent]\n|\n|upkeep\n|\n|t:|1701215407\n|switch|p1a: Kingambit|Kingambit, M, shiny|100\/100\n|-activate|p1a: Kingambit|ability: Supreme Overlord\n|-start|p1a: Kingambit|fallen2|[silent]\n|-item|p1a: Kingambit|Air Balloon\n|turn|14\n|\n|t:|1701215415\n|-terastallize|p1a: Kingambit|Dark\n|move|p1a: Kingambit|Sucker Punch|p2a: \u30d9\u30d2\u30fc\u30e2\u30b9\n|-resisted|p2a: \u30d9\u30d2\u30fc\u30e2\u30b9\n|-damage|p2a: \u30d9\u30d2\u30fc\u30e2\u30b9|20\/100\n|move|p2a: \u30d9\u30d2\u30fc\u30e2\u30b9|Ice Spinner|p1a: Kingambit\n|-damage|p1a: Kingambit|69\/100\n|-enditem|p1a: Kingambit|Air Balloon\n|\n|upkeep\n|turn|15\n|\n|t:|1701215423\n|move|p1a: Kingambit|Sucker Punch|p2a: \u30d9\u30d2\u30fc\u30e2\u30b9\n|-resisted|p2a: \u30d9\u30d2\u30fc\u30e2\u30b9\n|-damage|p2a: \u30d9\u30d2\u30fc\u30e2\u30b9|4\/100\n|move|p2a: \u30d9\u30d2\u30fc\u30e2\u30b9|Earthquake|p1a: Kingambit\n|-damage|p1a: Kingambit|2\/100\n|\n|upkeep\n|turn|16\n|\n|t:|1701215428\n|-end|p2a: \u30d9\u30d2\u30fc\u30e2\u30b9|Protosynthesis|[silent]\n|switch|p2a: \u5929\u5730|Landorus-Therian, M, shiny|100\/100\n|-ability|p2a: \u5929\u5730|Intimidate|boost\n|-unboost|p1a: Kingambit|atk|1\n|move|p1a: Kingambit|Sucker Punch||[still]\n|-fail|p1a: Kingambit\n|\n|upkeep\n|turn|17\n|\n|t:|1701215434\n|move|p1a: Kingambit|Sucker Punch|p2a: \u5929\u5730\n|-damage|p2a: \u5929\u5730|46\/100\n|move|p2a: \u5929\u5730|Earthquake|p1a: Kingambit\n|-damage|p1a: Kingambit|0 fnt\n|faint|p1a: Kingambit\n|-end|p1a: Kingambit|fallen2|[silent]\n|\n|upkeep\n|\n|t:|1701215443\n|switch|p1a: Dragapult|Dragapult, F, shiny|32\/100\n|-activate|p1a: Dragapult|move: Sticky Web\n|-unboost|p1a: Dragapult|spe|1\n|turn|18\n|c|\u2606Overripe|Gg\n|\n|t:|1701215449\n|move|p2a: \u5929\u5730|Earthquake|p1a: Dragapult\n|-damage|p1a: Dragapult|0 fnt\n|faint|p1a: Dragapult\n|\n|upkeep\n|-message|Dirt Donut forfeited.\n|\n|win|Overripe\n|raw|Dirt Donut's rating: 1211 &rarr; <strong>1189<\/strong><br \/>(-22 for losing)\n|raw|Overripe's rating: 1256 &rarr; <strong>1278<\/strong><br \/>(+22 for winning)\n|l|\u2606Dirt Donut\n","uploadtime":1701215461,"views":0,"p1id":"dirtdonut","p2id":"overripe","formatid":"gen9ou","rating":1189,"private":0,"password":""}