{"id":"gen9ou-1990915873","p1":"miding br","p2":"Sunshinne","format":"[Gen 9] OU","log":"|j|\u2606miding br\n|j|\u2606Sunshinne\n|t:|1700014747\n|gametype|singles\n|player|p1|miding br|biker-gen4|1395\n|player|p2|Sunshinne|acetrainerf-gen4dp|1367\n|teamsize|p1|6\n|teamsize|p2|6\n|gen|9\n|tier|[Gen 9] OU\n|rated|\n|rule|Sleep Clause Mod: Limit one foe put to sleep\n|rule|Species Clause: Limit one of each Pok\u00e9mon\n|rule|OHKO Clause: OHKO moves are banned\n|rule|Evasion Items Clause: Evasion items are banned\n|rule|Evasion Moves Clause: Evasion moves are banned\n|rule|Endless Battle Clause: Forcing endless battles is banned\n|rule|HP Percentage Mod: HP is shown in percentages\n|clearpoke\n|poke|p1|Dondozo, F|\n|poke|p1|Dragonite, M|\n|poke|p1|Gholdengo|\n|poke|p1|Ting-Lu|\n|poke|p1|Hatterene, F|\n|poke|p1|Dragapult, F|\n|poke|p2|Cinderace, M|\n|poke|p2|Iron Valiant|\n|poke|p2|Ribombee, F|\n|poke|p2|Ogerpon-Wellspring, F|\n|poke|p2|Dragapult, F|\n|poke|p2|Manaphy|\n|teampreview\n|inactive|Battle timer is ON: inactive players will automatically lose when time's up. (requested by Sunshinne)\n|\n|t:|1700014751\n|start\n|switch|p1a: Gholdengo|Gholdengo|100\/100\n|switch|p2a: Ribombee|Ribombee, F|100\/100\n|turn|1\n|\n|t:|1700014761\n|move|p2a: Ribombee|Sticky Web|p1a: Gholdengo\n|-sidestart|p1: miding br|move: Sticky Web\n|move|p1a: Gholdengo|Make It Rain|p2a: Ribombee\n|-supereffective|p2a: Ribombee\n|-damage|p2a: Ribombee|0 fnt\n|-unboost|p1a: Gholdengo|spa|1\n|faint|p2a: Ribombee\n|\n|upkeep\n|\n|t:|1700014768\n|switch|p2a: Manaphy|Manaphy|100\/100\n|turn|2\n|\n|t:|1700014782\n|switch|p1a: Dondozo|Dondozo, F|100\/100\n|-activate|p1a: Dondozo|move: Sticky Web\n|-unboost|p1a: Dondozo|spe|1\n|move|p2a: Manaphy|Tail Glow|p2a: Manaphy\n|-boost|p2a: Manaphy|spa|3\n|\n|upkeep\n|turn|3\n|\n|t:|1700014786\n|move|p2a: Manaphy|Energy Ball|p1a: Dondozo\n|-supereffective|p1a: Dondozo\n|-damage|p1a: Dondozo|47\/100\n|move|p1a: Dondozo|Yawn|p2a: Manaphy\n|-start|p2a: Manaphy|move: Yawn|[of] p1a: Dondozo\n|\n|-heal|p1a: Dondozo|53\/100|[from] item: Leftovers\n|upkeep\n|turn|4\n|\n|t:|1700014795\n|move|p1a: Dondozo|Protect|p1a: Dondozo\n|-singleturn|p1a: Dondozo|Protect\n|move|p2a: Manaphy|Energy Ball|p1a: Dondozo\n|-activate|p1a: Dondozo|move: Protect\n|\n|-heal|p1a: Dondozo|59\/100|[from] item: Leftovers\n|-end|p2a: Manaphy|move: Yawn|[silent]\n|-status|p2a: Manaphy|slp\n|upkeep\n|turn|5\n|\n|t:|1700014803\n|switch|p1a: Gholdengo|Gholdengo|100\/100\n|cant|p2a: Manaphy|slp\n|\n|upkeep\n|turn|6\n|\n|t:|1700014807\n|cant|p2a: Manaphy|slp\n|move|p1a: Gholdengo|Nasty Plot|p1a: Gholdengo\n|-boost|p1a: Gholdengo|spa|2\n|\n|upkeep\n|turn|7\n|\n|t:|1700014809\n|-curestatus|p2a: Manaphy|slp|[msg]\n|move|p2a: Manaphy|Surf|p1a: Gholdengo\n|-damage|p1a: Gholdengo|13\/100\n|move|p1a: Gholdengo|Shadow Ball|p2a: Manaphy\n|-damage|p2a: Manaphy|4\/100\n|\n|-heal|p2a: Manaphy|10\/100|[from] item: Leftovers\n|upkeep\n|turn|8\n|\n|t:|1700014833\n|switch|p1a: Dragonite|Dragonite, M|100\/100\n|move|p2a: Manaphy|Ice Beam|p1a: Dragonite\n|-supereffective|p1a: Dragonite\n|-damage|p1a: Dragonite|0 fnt\n|faint|p1a: Dragonite\n|\n|-heal|p2a: Manaphy|17\/100|[from] item: Leftovers\n|upkeep\n|\n|t:|1700014840\n|switch|p1a: Dragapult|Dragapult, F|100\/100\n|-activate|p1a: Dragapult|move: Sticky Web\n|-unboost|p1a: Dragapult|spe|1\n|turn|9\n|\n|t:|1700014844\n|move|p2a: Manaphy|Ice Beam|p1a: Dragapult\n|-supereffective|p1a: Dragapult\n|-damage|p1a: Dragapult|0 fnt\n|faint|p1a: Dragapult\n|\n|-heal|p2a: Manaphy|23\/100|[from] item: Leftovers\n|upkeep\n|inactive|miding br has 120 seconds left.\n|\n|t:|1700014892\n|switch|p1a: Ting-Lu|Ting-Lu|100\/100\n|-activate|p1a: Ting-Lu|move: Sticky Web\n|-unboost|p1a: Ting-Lu|spe|1\n|-ability|p1a: Ting-Lu|Vessel of Ruin\n|turn|10\n|\n|t:|1700014899\n|-terastallize|p1a: Ting-Lu|Steel\n|move|p2a: Manaphy|Surf|p1a: Ting-Lu\n|-damage|p1a: Ting-Lu|39\/100\n|move|p1a: Ting-Lu|Earthquake|p2a: Manaphy\n|-damage|p2a: Manaphy|0 fnt\n|faint|p2a: Manaphy\n|\n|upkeep\n|\n|t:|1700014906\n|switch|p2a: Cinderace|Cinderace, M|100\/100\n|turn|11\n|inactive|miding br has 90 seconds left.\n|inactive|miding br has 60 seconds left.\n|\n|t:|1700014966\n|switch|p2a: Dragapult|Dragapult, F|100\/100\n|move|p1a: Ting-Lu|Earthquake|p2a: Dragapult\n|-damage|p2a: Dragapult|27\/100\n|\n|upkeep\n|turn|12\n|inactive|miding br has 60 seconds left.\n|\n|t:|1700014995\n|-terastallize|p2a: Dragapult|Ghost\n|move|p2a: Dragapult|Shadow Ball|p1a: Ting-Lu\n|-crit|p1a: Ting-Lu\n|-damage|p1a: Ting-Lu|0 fnt\n|faint|p1a: Ting-Lu\n|\n|upkeep\n|inactive|miding br has 30 seconds left.\n|inactive|miding br has 20 seconds left.\n|c|\u2606miding br|Mi drgplt have more speed\n|inactive|miding br has 15 seconds left.\n|c|\u2606miding br|Its a bug\n|inactive|miding br has 10 seconds left.\n|inactive|miding br has 5 seconds left.\n|-message|miding br lost due to inactivity.\n|\n|win|Sunshinne\n|raw|miding br's rating: 1395 &rarr; <strong>1373<\/strong><br \/>(-22 for losing)\n|raw|Sunshinne's rating: 1367 &rarr; <strong>1389<\/strong><br \/>(+22 for winning)\n","uploadtime":1700015079,"views":14,"p1id":"midingbr","p2id":"sunshinne","formatid":"gen9ou","rating":1373,"private":0,"password":""}