{"id":"gen9ou-1998229205","p1":"Okidoki997","p2":"weigle","format":"[Gen 9] OU","log":"|j|\u2606Okidoki997\n|j|\u2606weigle\n|t:|1700916483\n|gametype|singles\n|player|p1|Okidoki997|gambler|1148\n|player|p2|weigle|youngster-gen1rb|1250\n|teamsize|p1|6\n|teamsize|p2|6\n|gen|9\n|tier|[Gen 9] OU\n|rated|\n|rule|Sleep Clause Mod: Limit one foe put to sleep\n|rule|Species Clause: Limit one of each Pok\u00e9mon\n|rule|OHKO Clause: OHKO moves are banned\n|rule|Evasion Items Clause: Evasion items are banned\n|rule|Evasion Moves Clause: Evasion moves are banned\n|rule|Endless Battle Clause: Forcing endless battles is banned\n|rule|HP Percentage Mod: HP is shown in percentages\n|clearpoke\n|poke|p1|Kommo-o, F|\n|poke|p1|Landorus-Therian, M|\n|poke|p1|Iron Valiant|\n|poke|p1|Ceruledge, M|\n|poke|p1|Iron Moth|\n|poke|p1|Ribombee, M|\n|poke|p2|Iron Valiant|\n|poke|p2|Zamazenta-*|\n|poke|p2|Ting-Lu|\n|poke|p2|Ogerpon-Wellspring, F|\n|poke|p2|Iron Moth|\n|poke|p2|Manaphy|\n|teampreview\n|\n|t:|1700916498\n|start\n|switch|p1a: Ribombee|Ribombee, M|100\/100\n|switch|p2a: Iron Moth|Iron Moth|100\/100\n|-enditem|p2a: Iron Moth|Booster Energy\n|-activate|p2a: Iron Moth|ability: Quark Drive|[fromitem]\n|-start|p2a: Iron Moth|quarkdrivespe\n|turn|1\n|\n|t:|1700916506\n|move|p2a: Iron Moth|Fiery Dance|p1a: Ribombee\n|-supereffective|p1a: Ribombee\n|-enditem|p1a: Ribombee|Focus Sash\n|-damage|p1a: Ribombee|1\/100\n|move|p1a: Ribombee|Sticky Web|p2a: Iron Moth\n|-sidestart|p2: weigle|move: Sticky Web\n|\n|upkeep\n|turn|2\n|\n|t:|1700916514\n|move|p2a: Iron Moth|Fiery Dance|p1a: Ribombee\n|-supereffective|p1a: Ribombee\n|-damage|p1a: Ribombee|0 fnt\n|-boost|p2a: Iron Moth|spa|1\n|faint|p1a: Ribombee\n|\n|upkeep\n|\n|t:|1700916524\n|switch|p1a: Landorus|Landorus-Therian, M|100\/100\n|-ability|p1a: Landorus|Intimidate|boost\n|-unboost|p2a: Iron Moth|atk|1\n|turn|3\n|\n|t:|1700916539\n|-terastallize|p2a: Iron Moth|Grass\n|move|p2a: Iron Moth|Energy Ball|p1a: Landorus\n|-damage|p1a: Landorus|41\/100\n|move|p1a: Landorus|Earthquake|p2a: Iron Moth\n|-resisted|p2a: Iron Moth\n|-damage|p2a: Iron Moth|58\/100\n|\n|upkeep\n|turn|4\n|\n|t:|1700916550\n|move|p2a: Iron Moth|Energy Ball|p1a: Landorus\n|-damage|p1a: Landorus|0 fnt\n|faint|p1a: Landorus\n|\n|upkeep\n|\n|t:|1700916562\n|switch|p1a: Ceruledge|Ceruledge, M|100\/100\n|turn|5\n|\n|t:|1700916571\n|move|p2a: Iron Moth|Sludge Wave|p1a: Ceruledge\n|-resisted|p1a: Ceruledge\n|-damage|p1a: Ceruledge|58\/100\n|-status|p1a: Ceruledge|psn\n|move|p1a: Ceruledge|Bitter Blade|p2a: Iron Moth\n|-supereffective|p2a: Iron Moth\n|-damage|p2a: Iron Moth|0 fnt\n|-heal|p1a: Ceruledge|87\/100 psn|[from] drain|[of] p2a: Iron Moth\n|faint|p2a: Iron Moth\n|-end|p2a: Iron Moth|Quark Drive|[silent]\n|\n|-damage|p1a: Ceruledge|75\/100 psn|[from] psn\n|upkeep\n|\n|t:|1700916617\n|switch|p2a: Lyn0731|Ting-Lu|100\/100\n|-activate|p2a: Lyn0731|move: Sticky Web\n|-unboost|p2a: Lyn0731|spe|1\n|-ability|p2a: Lyn0731|Vessel of Ruin\n|turn|6\n|\n|t:|1700916629\n|-terastallize|p1a: Ceruledge|Grass\n|move|p1a: Ceruledge|Swords Dance|p1a: Ceruledge\n|-boost|p1a: Ceruledge|atk|2\n|move|p2a: Lyn0731|Stealth Rock|p1a: Ceruledge\n|-sidestart|p1: Okidoki997|move: Stealth Rock\n|\n|-damage|p1a: Ceruledge|63\/100 psn|[from] psn\n|upkeep\n|turn|7\n|\n|t:|1700916639\n|move|p1a: Ceruledge|Bitter Blade|p2a: Lyn0731\n|-damage|p2a: Lyn0731|51\/100\n|-heal|p1a: Ceruledge|100\/100 psn|[from] drain|[of] p2a: Lyn0731\n|move|p2a: Lyn0731|Whirlwind|p1a: Ceruledge\n|drag|p1a: Iron Valiant|Iron Valiant|100\/100\n|-damage|p1a: Iron Valiant|94\/100|[from] Stealth Rock\n|-enditem|p1a: Iron Valiant|Booster Energy\n|-activate|p1a: Iron Valiant|ability: Quark Drive|[fromitem]\n|-start|p1a: Iron Valiant|quarkdrivespe\n|\n|-heal|p2a: Lyn0731|58\/100|[from] item: Leftovers\n|upkeep\n|turn|8\n|\n|t:|1700916653\n|move|p1a: Iron Valiant|Spirit Break|p2a: Lyn0731\n|-supereffective|p2a: Lyn0731\n|-damage|p2a: Lyn0731|18\/100\n|-unboost|p2a: Lyn0731|spa|1\n|move|p2a: Lyn0731|Ruination|p1a: Iron Valiant\n|-damage|p1a: Iron Valiant|47\/100\n|\n|-heal|p2a: Lyn0731|24\/100|[from] item: Leftovers\n|upkeep\n|turn|9\n|\n|t:|1700916667\n|move|p1a: Iron Valiant|Spirit Break|p2a: Lyn0731\n|-supereffective|p2a: Lyn0731\n|-damage|p2a: Lyn0731|0 fnt\n|faint|p2a: Lyn0731\n|\n|upkeep\n|\n|t:|1700916683\n|switch|p2a: Manaphy|Manaphy|100\/100\n|-activate|p2a: Manaphy|move: Sticky Web\n|-unboost|p2a: Manaphy|spe|1\n|turn|10\n|\n|t:|1700916688\n|move|p1a: Iron Valiant|Close Combat|p2a: Manaphy\n|-damage|p2a: Manaphy|57\/100\n|-unboost|p1a: Iron Valiant|def|1\n|-unboost|p1a: Iron Valiant|spd|1\n|move|p2a: Manaphy|Take Heart|p2a: Manaphy\n|-boost|p2a: Manaphy|spa|1\n|-boost|p2a: Manaphy|spd|1\n|\n|-heal|p2a: Manaphy|63\/100|[from] item: Leftovers\n|upkeep\n|turn|11\n|\n|t:|1700916702\n|move|p1a: Iron Valiant|Close Combat|p2a: Manaphy\n|-damage|p2a: Manaphy|19\/100\n|-unboost|p1a: Iron Valiant|def|1\n|-unboost|p1a: Iron Valiant|spd|1\n|move|p2a: Manaphy|Take Heart|p2a: Manaphy\n|-boost|p2a: Manaphy|spa|1\n|-boost|p2a: Manaphy|spd|1\n|\n|-heal|p2a: Manaphy|25\/100|[from] item: Leftovers\n|upkeep\n|turn|12\n|\n|t:|1700916714\n|move|p1a: Iron Valiant|Close Combat|p2a: Manaphy\n|-damage|p2a: Manaphy|0 fnt\n|-unboost|p1a: Iron Valiant|def|1\n|-unboost|p1a: Iron Valiant|spd|1\n|faint|p2a: Manaphy\n|\n|upkeep\n|\n|t:|1700916722\n|switch|p2a: BL00BERRY|Iron Valiant, shiny|100\/100\n|-activate|p2a: BL00BERRY|move: Sticky Web\n|-unboost|p2a: BL00BERRY|spe|1\n|-enditem|p2a: BL00BERRY|Booster Energy\n|-activate|p2a: BL00BERRY|ability: Quark Drive|[fromitem]\n|-start|p2a: BL00BERRY|quarkdrivespa\n|turn|13\n|\n|t:|1700916736\n|move|p1a: Iron Valiant|Spirit Break|p2a: BL00BERRY\n|-supereffective|p2a: BL00BERRY\n|-damage|p2a: BL00BERRY|3\/100\n|-unboost|p2a: BL00BERRY|spa|1\n|move|p2a: BL00BERRY|Psyshock|p1a: Iron Valiant\n|-supereffective|p1a: Iron Valiant\n|-damage|p1a: Iron Valiant|0 fnt\n|faint|p1a: Iron Valiant\n|-end|p1a: Iron Valiant|Quark Drive|[silent]\n|\n|upkeep\n|\n|t:|1700916746\n|switch|p1a: Ceruledge|Ceruledge, M, tera:Grass|100\/100 psn\n|-damage|p1a: Ceruledge|88\/100 psn|[from] Stealth Rock\n|turn|14\n|\n|t:|1700916752\n|move|p1a: Ceruledge|Shadow Sneak|p2a: BL00BERRY\n|-damage|p2a: BL00BERRY|0 fnt\n|faint|p2a: BL00BERRY\n|-end|p2a: BL00BERRY|Quark Drive|[silent]\n|\n|-damage|p1a: Ceruledge|76\/100 psn|[from] psn\n|upkeep\n|\n|t:|1700916759\n|switch|p2a: Sword Board|Zamazenta|100\/100\n|-ability|p2a: Sword Board|Dauntless Shield|boost\n|-boost|p2a: Sword Board|def|1\n|turn|15\n|\n|t:|1700916767\n|move|p2a: Sword Board|Heavy Slam|p1a: Ceruledge\n|-damage|p1a: Ceruledge|36\/100 psn\n|-ability|p1a: Ceruledge|Weak Armor|boost\n|-unboost|p1a: Ceruledge|def|1\n|-boost|p1a: Ceruledge|spe|2\n|move|p1a: Ceruledge|Swords Dance|p1a: Ceruledge\n|-boost|p1a: Ceruledge|atk|2\n|\n|-damage|p1a: Ceruledge|24\/100 psn|[from] psn\n|upkeep\n|turn|16\n|\n|t:|1700916778\n|move|p1a: Ceruledge|Bitter Blade|p2a: Sword Board\n|-damage|p2a: Sword Board|45\/100\n|-heal|p1a: Ceruledge|55\/100 psn|[from] drain|[of] p2a: Sword Board\n|move|p2a: Sword Board|Heavy Slam|p1a: Ceruledge\n|-damage|p1a: Ceruledge|0 fnt\n|faint|p1a: Ceruledge\n|\n|upkeep\n|\n|t:|1700916789\n|switch|p1a: Iron Moth|Iron Moth|100\/100\n|-damage|p1a: Iron Moth|76\/100|[from] Stealth Rock\n|-enditem|p1a: Iron Moth|Booster Energy\n|-activate|p1a: Iron Moth|ability: Quark Drive|[fromitem]\n|-start|p1a: Iron Moth|quarkdrivespa\n|turn|17\n|\n|t:|1700916797\n|move|p2a: Sword Board|Stone Edge|p1a: Iron Moth\n|-supereffective|p1a: Iron Moth\n|-crit|p1a: Iron Moth\n|-damage|p1a: Iron Moth|0 fnt\n|faint|p1a: Iron Moth\n|-end|p1a: Iron Moth|Quark Drive|[silent]\n|\n|upkeep\n|\n|t:|1700916803\n|switch|p1a: Kommo-o|Kommo-o, F|100\/100\n|-damage|p1a: Kommo-o|94\/100|[from] Stealth Rock\n|turn|18\n|\n|t:|1700916813\n|move|p2a: Sword Board|Close Combat|p1a: Kommo-o\n|-crit|p1a: Kommo-o\n|-damage|p1a: Kommo-o|11\/100\n|-unboost|p2a: Sword Board|def|1\n|-unboost|p2a: Sword Board|spd|1\n|-enditem|p1a: Kommo-o|Sitrus Berry|[eat]\n|-heal|p1a: Kommo-o|36\/100|[from] item: Sitrus Berry\n|move|p1a: Kommo-o|Clangorous Soul|p1a: Kommo-o\n|-boost|p1a: Kommo-o|atk|1\n|-boost|p1a: Kommo-o|def|1\n|-boost|p1a: Kommo-o|spa|1\n|-boost|p1a: Kommo-o|spd|1\n|-boost|p1a: Kommo-o|spe|1\n|-damage|p1a: Kommo-o|3\/100\n|\n|upkeep\n|turn|19\n|\n|t:|1700916833\n|move|p1a: Kommo-o|Clanging Scales|p2a: Sword Board\n|-damage|p2a: Sword Board|0 fnt\n|faint|p2a: Sword Board\n|-unboost|p1a: Kommo-o|def|1\n|\n|upkeep\n|\n|t:|1700916839\n|switch|p2a: willlyyyy!|Ogerpon-Wellspring, F|100\/100\n|-activate|p2a: willlyyyy!|move: Sticky Web\n|-unboost|p2a: willlyyyy!|spe|1\n|turn|20\n|\n|t:|1700916844\n|move|p1a: Kommo-o|Clanging Scales|p2a: willlyyyy!\n|-damage|p2a: willlyyyy!|15\/100\n|-unboost|p1a: Kommo-o|def|1\n|move|p2a: willlyyyy!|Horn Leech|p1a: Kommo-o\n|-resisted|p1a: Kommo-o\n|-damage|p1a: Kommo-o|0 fnt\n|-heal|p2a: willlyyyy!|16\/100|[from] drain|[of] p1a: Kommo-o\n|faint|p1a: Kommo-o\n|\n|win|weigle\n|raw|Okidoki997's rating: 1148 &rarr; <strong>1130<\/strong><br \/>(-18 for losing)\n|raw|weigle's rating: 1250 &rarr; <strong>1268<\/strong><br \/>(+18 for winning)\n|c|\u2606weigle|gg\n|l|\u2606Okidoki997\n","uploadtime":1700916882,"views":3,"p1id":"okidoki997","p2id":"weigle","formatid":"gen9ou","rating":1130,"private":0,"password":""}