{"id":"gen9ou-1999760276","p1":"maralli","p2":"cerberus sama","format":"[Gen 9] OU","log":"|j|\u2606maralli\n|j|\u2606cerberus sama\n|t:|1701114233\n|gametype|singles\n|player|p1|maralli|1|1637\n|player|p2|cerberus sama|266|1588\n|teamsize|p1|6\n|teamsize|p2|6\n|gen|9\n|tier|[Gen 9] OU\n|rated|\n|rule|Sleep Clause Mod: Limit one foe put to sleep\n|rule|Species Clause: Limit one of each Pok\u00e9mon\n|rule|OHKO Clause: OHKO moves are banned\n|rule|Evasion Items Clause: Evasion items are banned\n|rule|Evasion Moves Clause: Evasion moves are banned\n|rule|Endless Battle Clause: Forcing endless battles is banned\n|rule|HP Percentage Mod: HP is shown in percentages\n|clearpoke\n|poke|p1|Iron Moth|\n|poke|p1|Zapdos|\n|poke|p1|Ribombee, F|\n|poke|p1|Ogerpon, F|\n|poke|p1|Ceruledge, F|\n|poke|p1|Iron Treads|\n|poke|p2|Garganacl, M|\n|poke|p2|Great Tusk|\n|poke|p2|Clodsire, F|\n|poke|p2|Landorus-Therian, M|\n|poke|p2|Iron Valiant|\n|poke|p2|Goodra-Hisui, M|\n|teampreview\n|inactive|Battle timer is ON: inactive players will automatically lose when time's up. (requested by cerberus sama)\n|\n|t:|1701114242\n|start\n|switch|p1a: Ribombee|Ribombee, F|100\/100\n|switch|p2a: Landorus|Landorus-Therian, M|100\/100\n|-ability|p2a: Landorus|Intimidate|boost\n|-unboost|p1a: Ribombee|atk|1\n|turn|1\n|\n|t:|1701114247\n|move|p1a: Ribombee|Sticky Web|p2a: Landorus\n|-sidestart|p2: cerberus sama|move: Sticky Web\n|move|p2a: Landorus|Sludge Bomb|p1a: Ribombee\n|-supereffective|p1a: Ribombee\n|-damage|p1a: Ribombee|9\/100\n|\n|upkeep\n|turn|2\n|\n|t:|1701114268\n|move|p1a: Ribombee|Moonblast|p2a: Landorus\n|-damage|p2a: Landorus|46\/100\n|move|p2a: Landorus|Sludge Bomb|p1a: Ribombee\n|-supereffective|p1a: Ribombee\n|-damage|p1a: Ribombee|0 fnt\n|faint|p1a: Ribombee\n|\n|-heal|p2a: Landorus|52\/100|[from] item: Leftovers\n|upkeep\n|\n|t:|1701114276\n|switch|p1a: Zapdos|Zapdos|100\/100\n|turn|3\n|\n|t:|1701114278\n|switch|p2a: Clodsire|Clodsire, F|100\/100\n|-activate|p2a: Clodsire|move: Sticky Web\n|-unboost|p2a: Clodsire|spe|1\n|move|p1a: Zapdos|Hurricane|p2a: Clodsire\n|-damage|p2a: Clodsire|73\/100\n|\n|-heal|p2a: Clodsire|80\/100|[from] item: Black Sludge\n|upkeep\n|turn|4\n|j| dataqaintern\n|\n|t:|1701114282\n|switch|p1a: Iron Treads|Iron Treads|100\/100\n|move|p2a: Clodsire|Earthquake|p1a: Iron Treads\n|-supereffective|p1a: Iron Treads\n|-damage|p1a: Iron Treads|58\/100\n|\n|-heal|p1a: Iron Treads|64\/100|[from] item: Leftovers\n|-heal|p2a: Clodsire|86\/100|[from] item: Black Sludge\n|upkeep\n|turn|5\n|\n|t:|1701114286\n|switch|p2a: Landorus|Landorus-Therian, M|52\/100\n|-ability|p2a: Landorus|Intimidate|boost\n|-unboost|p1a: Iron Treads|atk|1\n|move|p1a: Iron Treads|Stealth Rock|p2a: Landorus\n|-sidestart|p2: cerberus sama|move: Stealth Rock\n|\n|-heal|p1a: Iron Treads|70\/100|[from] item: Leftovers\n|-heal|p2a: Landorus|58\/100|[from] item: Leftovers\n|upkeep\n|turn|6\n|\n|t:|1701114291\n|-end|p1a: Iron Treads|Quark Drive|[silent]\n|switch|p1a: Zapdos|Zapdos|100\/100\n|move|p2a: Landorus|Sludge Bomb|p1a: Zapdos\n|-damage|p1a: Zapdos|75\/100\n|\n|-heal|p2a: Landorus|64\/100|[from] item: Leftovers\n|upkeep\n|turn|7\n|\n|t:|1701114296\n|switch|p2a: Clodsire|Clodsire, F|86\/100\n|-activate|p2a: Clodsire|move: Sticky Web\n|-unboost|p2a: Clodsire|spe|1\n|-damage|p2a: Clodsire|80\/100|[from] Stealth Rock\n|move|p1a: Zapdos|Hurricane|p2a: Clodsire\n|-damage|p2a: Clodsire|51\/100\n|\n|-heal|p2a: Clodsire|57\/100|[from] item: Black Sludge\n|upkeep\n|turn|8\n|\n|t:|1701114301\n|move|p1a: Zapdos|Hurricane|p2a: Clodsire\n|-damage|p2a: Clodsire|29\/100\n|-start|p2a: Clodsire|confusion\n|-activate|p2a: Clodsire|confusion\n|-damage|p2a: Clodsire|20\/100|[from] confusion\n|\n|-heal|p2a: Clodsire|26\/100|[from] item: Black Sludge\n|upkeep\n|turn|9\n|\n|t:|1701114306\n|move|p1a: Zapdos|Hurricane|p2a: Clodsire\n|-damage|p2a: Clodsire|0 fnt\n|faint|p2a: Clodsire\n|\n|upkeep\n|\n|t:|1701114309\n|switch|p2a: Goodra|Goodra-Hisui, M|100\/100\n|-activate|p2a: Goodra|move: Sticky Web\n|-unboost|p2a: Goodra|spe|1\n|-damage|p2a: Goodra|94\/100|[from] Stealth Rock\n|turn|10\n|\n|t:|1701114316\n|move|p1a: Zapdos|Volt Switch|p2a: Goodra\n|-resisted|p2a: Goodra\n|-damage|p2a: Goodra|84\/100\n|\n|t:|1701114318\n|switch|p1a: Ceruledge|Ceruledge, F|100\/100|[from] Volt Switch\n|move|p2a: Goodra|Acid Armor|p2a: Goodra\n|-boost|p2a: Goodra|def|2\n|\n|-heal|p2a: Goodra|90\/100|[from] item: Leftovers\n|upkeep\n|turn|11\n|\n|t:|1701114322\n|move|p1a: Ceruledge|Taunt|p2a: Goodra\n|-start|p2a: Goodra|move: Taunt\n|cant|p2a: Goodra|move: Taunt|Acid Armor\n|\n|-heal|p2a: Goodra|96\/100|[from] item: Leftovers\n|upkeep\n|turn|12\n|l| dataqaintern\n|\n|t:|1701114328\n|switch|p2a: Landorus|Landorus-Therian, M|64\/100\n|-damage|p2a: Landorus|52\/100|[from] Stealth Rock\n|-ability|p2a: Landorus|Intimidate|boost\n|-unboost|p1a: Ceruledge|atk|1\n|move|p1a: Ceruledge|Poltergeist|p2a: Landorus\n|-activate|p2a: Landorus|move: Poltergeist|Leftovers\n|-damage|p2a: Landorus|11\/100\n|\n|-heal|p2a: Landorus|17\/100|[from] item: Leftovers\n|upkeep\n|turn|13\n|\n|t:|1701114333\n|move|p2a: Landorus|Earth Power|p1a: Ceruledge\n|-supereffective|p1a: Ceruledge\n|-damage|p1a: Ceruledge|6\/100\n|-unboost|p1a: Ceruledge|spd|1\n|move|p1a: Ceruledge|Bitter Blade|p2a: Landorus\n|-damage|p2a: Landorus|0 fnt\n|-heal|p1a: Ceruledge|15\/100|[from] drain|[of] p2a: Landorus\n|faint|p2a: Landorus\n|\n|upkeep\n|\n|t:|1701114336\n|switch|p2a: Goodra|Goodra-Hisui, M|96\/100\n|-activate|p2a: Goodra|move: Sticky Web\n|-unboost|p2a: Goodra|spe|1\n|-damage|p2a: Goodra|90\/100|[from] Stealth Rock\n|turn|14\n|\n|t:|1701114341\n|move|p1a: Ceruledge|Destiny Bond|p1a: Ceruledge\n|-singlemove|p1a: Ceruledge|Destiny Bond\n|move|p2a: Goodra|Ice Beam|p1a: Ceruledge\n|-resisted|p1a: Ceruledge\n|-damage|p1a: Ceruledge|0 fnt\n|faint|p1a: Ceruledge\n|-activate|p1a: Ceruledge|move: Destiny Bond\n|faint|p2a: Goodra\n|\n|upkeep\n|\n|t:|1701114349\n|switch|p1a: Zapdos|Zapdos|75\/100\n|switch|p2a: Great Tusk|Great Tusk|100\/100\n|-activate|p2a: Great Tusk|move: Sticky Web\n|-unboost|p2a: Great Tusk|spe|1\n|-damage|p2a: Great Tusk|98\/100|[from] Stealth Rock\n|turn|15\n|\n|t:|1701114351\n|move|p1a: Zapdos|Hurricane|p2a: Great Tusk\n|-supereffective|p2a: Great Tusk\n|-damage|p2a: Great Tusk|0 fnt\n|faint|p2a: Great Tusk\n|-end|p2a: Great Tusk|Protosynthesis|[silent]\n|\n|upkeep\n|\n|t:|1701114354\n|switch|p2a: Garganacl|Garganacl, M|100\/100\n|-activate|p2a: Garganacl|move: Sticky Web\n|-unboost|p2a: Garganacl|spe|1\n|-damage|p2a: Garganacl|88\/100|[from] Stealth Rock\n|turn|16\n|\n|t:|1701114363\n|move|p1a: Zapdos|Volt Switch|p2a: Garganacl\n|-damage|p2a: Garganacl|59\/100\n|\n|t:|1701114366\n|switch|p1a: Iron Treads|Iron Treads|70\/100|[from] Volt Switch\n|move|p2a: Garganacl|Salt Cure|p1a: Iron Treads\n|-resisted|p1a: Iron Treads\n|-damage|p1a: Iron Treads|68\/100\n|-start|p1a: Iron Treads|Salt Cure\n|\n|-heal|p1a: Iron Treads|74\/100|[from] item: Leftovers\n|-heal|p2a: Garganacl|65\/100|[from] item: Leftovers\n|-damage|p1a: Iron Treads|49\/100|[from] Salt Cure\n|upkeep\n|turn|17\n|\n|t:|1701114369\n|move|p2a: Garganacl|Protect|p2a: Garganacl\n|-singleturn|p2a: Garganacl|Protect\n|move|p1a: Iron Treads|Earthquake|p2a: Garganacl\n|-activate|p2a: Garganacl|move: Protect\n|\n|-heal|p1a: Iron Treads|55\/100|[from] item: Leftovers\n|-heal|p2a: Garganacl|71\/100|[from] item: Leftovers\n|-damage|p1a: Iron Treads|30\/100|[from] Salt Cure\n|upkeep\n|turn|18\n|\n|t:|1701114374\n|-terastallize|p2a: Garganacl|Ghost\n|move|p1a: Iron Treads|Volt Switch|p2a: Garganacl\n|-damage|p2a: Garganacl|60\/100\n|\n|t:|1701114379\n|-end|p1a: Iron Treads|Quark Drive|[silent]\n|switch|p1a: Ogerpon|Ogerpon, F|100\/100|[from] Volt Switch\n|move|p2a: Garganacl|Substitute|p2a: Garganacl\n|-start|p2a: Garganacl|Substitute\n|-damage|p2a: Garganacl|35\/100\n|\n|-heal|p2a: Garganacl|41\/100|[from] item: Leftovers\n|upkeep\n|turn|19\n|\n|t:|1701114382\n|move|p1a: Ogerpon|Encore|p2a: Garganacl\n|-start|p2a: Garganacl|Encore\n|move|p2a: Garganacl|Substitute|p2a: Garganacl\n|-fail|p2a: Garganacl|move: Substitute\n|\n|-heal|p2a: Garganacl|48\/100|[from] item: Leftovers\n|upkeep\n|turn|20\n|c|\u2606cerberus sama|Gg\n|-message|cerberus sama forfeited.\n|\n|win|maralli\n|raw|maralli's rating: 1637 &rarr; <strong>1654<\/strong><br \/>(+17 for winning)\n|raw|cerberus sama's rating: 1588 &rarr; <strong>1571<\/strong><br \/>(-17 for losing)\n|l|\u2606cerberus sama\n","uploadtime":1701114402,"views":7,"p1id":"maralli","p2id":"cerberussama","formatid":"gen9ou","rating":1571,"private":0,"password":""}