{"id":"gen9ou-1989588734","p1":"Mukyaup","p2":"Birboee","format":"[Gen 9] OU","log":"|j|\u2606Mukyaup\n|j|\u2606Birboee\n|t:|1699875566\n|gametype|singles\n|player|p1|Mukyaup|koga|1384\n|player|p2|Birboee|266|1345\n|teamsize|p1|6\n|teamsize|p2|6\n|gen|9\n|tier|[Gen 9] OU\n|rated|\n|rule|Sleep Clause Mod: Limit one foe put to sleep\n|rule|Species Clause: Limit one of each Pok\u00e9mon\n|rule|OHKO Clause: OHKO moves are banned\n|rule|Evasion Items Clause: Evasion items are banned\n|rule|Evasion Moves Clause: Evasion moves are banned\n|rule|Endless Battle Clause: Forcing endless battles is banned\n|rule|HP Percentage Mod: HP is shown in percentages\n|clearpoke\n|poke|p1|Maushold-Four|\n|poke|p1|Weezing-Galar, F|\n|poke|p1|Dragonite, F|\n|poke|p1|Walking Wake|\n|poke|p1|Muk-Alola, F|\n|poke|p1|Great Tusk|\n|poke|p2|Infernape, F|\n|poke|p2|Torkoal, M|\n|poke|p2|Scovillain, M|\n|poke|p2|Walking Wake|\n|poke|p2|Lilligant-Hisui, F|\n|poke|p2|Cinderace, F|\n|teampreview\n|inactive|Battle timer is ON: inactive players will automatically lose when time's up. (requested by Birboee)\n|\n|t:|1699875589\n|start\n|switch|p1a: WalkingMid|Walking Wake|100\/100\n|switch|p2a: Infernape|Infernape, F|100\/100\n|turn|1\n|\n|t:|1699875609\n|switch|p2a: Torkoal|Torkoal, M|100\/100\n|-weather|SunnyDay|[from] ability: Drought|[of] p2a: Torkoal\n|-activate|p1a: WalkingMid|ability: Protosynthesis\n|-start|p1a: WalkingMid|protosynthesisspa\n|move|p1a: WalkingMid|Hydro Steam|p2a: Torkoal\n|-supereffective|p2a: Torkoal\n|-damage|p2a: Torkoal|0 fnt\n|faint|p2a: Torkoal\n|\n|-weather|SunnyDay|[upkeep]\n|upkeep\n|\n|t:|1699875619\n|switch|p2a: Walking Wake|Walking Wake|100\/100\n|-activate|p2a: Walking Wake|ability: Protosynthesis\n|-start|p2a: Walking Wake|protosynthesisspe\n|turn|2\n|\n|t:|1699875625\n|-end|p1a: WalkingMid|Protosynthesis|[silent]\n|switch|p1a: Mr.TopHats|Weezing-Galar, F, shiny|100\/100\n|move|p2a: Walking Wake|Dragon Pulse|p1a: Mr.TopHats\n|-immune|p1a: Mr.TopHats\n|\n|-weather|SunnyDay|[upkeep]\n|upkeep\n|turn|3\n|\n|t:|1699875632\n|move|p2a: Walking Wake|Hydro Steam|p1a: Mr.TopHats\n|-damage|p1a: Mr.TopHats|0 fnt\n|faint|p1a: Mr.TopHats\n|-damage|p2a: Walking Wake|91\/100|[from] item: Life Orb\n|\n|-weather|SunnyDay|[upkeep]\n|upkeep\n|\n|t:|1699875640\n|switch|p1a: Pride \ud83c\udf08|Muk-Alola, F|100\/100\n|turn|4\n|\n|t:|1699875644\n|move|p1a: Pride \ud83c\udf08|Protect|p1a: Pride \ud83c\udf08\n|-singleturn|p1a: Pride \ud83c\udf08|Protect\n|move|p2a: Walking Wake|Hydro Steam|p1a: Pride \ud83c\udf08\n|-activate|p1a: Pride \ud83c\udf08|move: Protect\n|\n|-weather|SunnyDay|[upkeep]\n|upkeep\n|turn|5\n|\n|t:|1699875653\n|move|p2a: Walking Wake|Hydro Steam|p1a: Pride \ud83c\udf08\n|-damage|p1a: Pride \ud83c\udf08|54\/100\n|-damage|p2a: Walking Wake|81\/100|[from] item: Life Orb\n|move|p1a: Pride \ud83c\udf08|Poison Jab|p2a: Walking Wake\n|-damage|p2a: Walking Wake|48\/100\n|\n|-weather|SunnyDay|[upkeep]\n|-heal|p1a: Pride \ud83c\udf08|60\/100|[from] item: Black Sludge\n|upkeep\n|turn|6\n|\n|t:|1699875658\n|move|p1a: Pride \ud83c\udf08|Protect|p1a: Pride \ud83c\udf08\n|-singleturn|p1a: Pride \ud83c\udf08|Protect\n|move|p2a: Walking Wake|Hydro Steam|p1a: Pride \ud83c\udf08\n|-activate|p1a: Pride \ud83c\udf08|move: Protect\n|\n|-weather|SunnyDay|[upkeep]\n|-heal|p1a: Pride \ud83c\udf08|66\/100|[from] item: Black Sludge\n|upkeep\n|turn|7\n|\n|t:|1699875663\n|move|p2a: Walking Wake|Hydro Steam|p1a: Pride \ud83c\udf08\n|-damage|p1a: Pride \ud83c\udf08|17\/100\n|-damage|p2a: Walking Wake|38\/100|[from] item: Life Orb\n|move|p1a: Pride \ud83c\udf08|Poison Jab|p2a: Walking Wake\n|-damage|p2a: Walking Wake|7\/100\n|-status|p2a: Walking Wake|psn|[from] ability: Poison Touch|[of] p1a: Pride \ud83c\udf08\n|\n|-weather|SunnyDay|[upkeep]\n|-heal|p1a: Pride \ud83c\udf08|23\/100|[from] item: Black Sludge\n|-damage|p2a: Walking Wake|0 fnt|[from] psn\n|faint|p2a: Walking Wake\n|-end|p2a: Walking Wake|Protosynthesis|[silent]\n|upkeep\n|\n|t:|1699875669\n|switch|p2a: Infernape|Infernape, F|100\/100\n|turn|8\n|\n|t:|1699875673\n|move|p1a: Pride \ud83c\udf08|Protect|p1a: Pride \ud83c\udf08\n|-singleturn|p1a: Pride \ud83c\udf08|Protect\n|move|p2a: Infernape|Focus Energy|p2a: Infernape\n|-start|p2a: Infernape|move: Focus Energy\n|\n|-weather|none\n|-heal|p1a: Pride \ud83c\udf08|29\/100|[from] item: Black Sludge\n|upkeep\n|turn|9\n|\n|t:|1699875682\n|move|p2a: Infernape|Overheat|p1a: Pride \ud83c\udf08\n|-crit|p1a: Pride \ud83c\udf08\n|-damage|p1a: Pride \ud83c\udf08|0 fnt\n|-unboost|p2a: Infernape|spa|2\n|faint|p1a: Pride \ud83c\udf08\n|\n|upkeep\n|\n|t:|1699875686\n|switch|p1a: WalkingMid|Walking Wake|100\/100\n|turn|10\n|\n|t:|1699875690\n|move|p1a: WalkingMid|Flip Turn|p2a: Infernape\n|-supereffective|p2a: Infernape\n|-damage|p2a: Infernape|53\/100\n|\n|t:|1699875693\n|-end|p1a: WalkingMid|Protosynthesis|[silent]\n|switch|p1a: Beyblade|Great Tusk|100\/100|[from] Flip Turn\n|move|p2a: Infernape|Overheat|p1a: Beyblade\n|-crit|p1a: Beyblade\n|-damage|p1a: Beyblade|0 fnt\n|-unboost|p2a: Infernape|spa|2\n|faint|p1a: Beyblade\n|-end|p1a: Beyblade|Protosynthesis|[silent]\n|\n|upkeep\n|\n|t:|1699875705\n|switch|p1a: Barney|Dragonite, F, shiny|100\/100\n|turn|11\n|\n|t:|1699875717\n|move|p1a: Barney|Extreme Speed|p2a: Infernape\n|-damage|p2a: Infernape|0 fnt\n|faint|p2a: Infernape\n|\n|upkeep\n|\n|t:|1699875724\n|switch|p2a: Lilligant|Lilligant-Hisui, F|100\/100\n|turn|12\n|\n|t:|1699875729\n|-terastallize|p1a: Barney|Normal\n|move|p1a: Barney|Extreme Speed|p2a: Lilligant\n|-damage|p2a: Lilligant|5\/100\n|move|p2a: Lilligant|Ice Spinner|p1a: Barney\n|-damage|p1a: Barney|88\/100\n|\n|upkeep\n|turn|13\n|\n|t:|1699875738\n|move|p1a: Barney|Extreme Speed|p2a: Lilligant\n|-damage|p2a: Lilligant|0 fnt\n|faint|p2a: Lilligant\n|\n|upkeep\n|-message|Birboee forfeited.\n|\n|win|Mukyaup\n|raw|Mukyaup's rating: 1384 &rarr; <strong>1402<\/strong><br \/>(+18 for winning)\n|raw|Birboee's rating: 1345 &rarr; <strong>1327<\/strong><br \/>(-18 for losing)\n|l|\u2606Birboee\n","uploadtime":1699875764,"views":8,"p1id":"mukyaup","p2id":"birboee","formatid":"gen9ou","rating":1327,"private":0,"password":""}