{"id":"gen9ou-1994573243","p1":"DayManvsNightMan","p2":"SkyPrincess420","format":"[Gen 9] OU","log":"|j|\u2606DayManvsNightMan\n|j|\u2606SkyPrincess420\n|t:|1700462227\n|gametype|singles\n|player|p1|DayManvsNightMan|265|1409\n|player|p2|SkyPrincess420|caitlin|1396\n|teamsize|p1|6\n|teamsize|p2|6\n|gen|9\n|tier|[Gen 9] OU\n|rated|\n|rule|Sleep Clause Mod: Limit one foe put to sleep\n|rule|Species Clause: Limit one of each Pok\u00e9mon\n|rule|OHKO Clause: OHKO moves are banned\n|rule|Evasion Items Clause: Evasion items are banned\n|rule|Evasion Moves Clause: Evasion moves are banned\n|rule|Endless Battle Clause: Forcing endless battles is banned\n|rule|HP Percentage Mod: HP is shown in percentages\n|clearpoke\n|poke|p1|Rillaboom, M|\n|poke|p1|Hawlucha, F|\n|poke|p1|Zamazenta-*|\n|poke|p1|Manaphy|\n|poke|p1|Heatran, F|\n|poke|p1|Hatterene, F|\n|poke|p2|Pelipper, M|\n|poke|p2|Zapdos|\n|poke|p2|Basculegion, M|\n|poke|p2|Decidueye-Hisui, M|\n|poke|p2|Ludicolo, M|\n|poke|p2|Ting-Lu|\n|teampreview\n|\n|t:|1700462235\n|start\n|switch|p1a: Heatran|Heatran, F|100\/100\n|switch|p2a: Nigel|Pelipper, M|100\/100\n|-item|p1a: Heatran|Air Balloon\n|-weather|RainDance|[from] ability: Drizzle|[of] p2a: Nigel\n|turn|1\n|\n|t:|1700462240\n|move|p1a: Heatran|Magma Storm|p2a: Nigel\n|-resisted|p2a: Nigel\n|-damage|p2a: Nigel|86\/100\n|-activate|p2a: Nigel|move: Magma Storm|[of] p1a: Heatran\n|move|p2a: Nigel|U-turn|p1a: Heatran\n|-resisted|p1a: Heatran\n|-damage|p1a: Heatran|99\/100\n|-enditem|p1a: Heatran|Air Balloon\n|\n|t:|1700462256\n|switch|p2a: Basculegion|Basculegion, M|100\/100|[from] U-turn\n|\n|-weather|RainDance|[upkeep]\n|upkeep\n|turn|2\n|\n|t:|1700462261\n|switch|p1a: Manaphy|Manaphy|100\/100\n|move|p2a: Basculegion|Flip Turn|p1a: Manaphy\n|-resisted|p1a: Manaphy\n|-damage|p1a: Manaphy|70\/100\n|\n|t:|1700462271\n|switch|p2a: Ludicolo|Ludicolo, M|100\/100|[from] Flip Turn\n|\n|-weather|RainDance|[upkeep]\n|upkeep\n|turn|3\n|\n|t:|1700462281\n|switch|p1a: Rillaboom|Rillaboom, M|100\/100\n|-fieldstart|move: Grassy Terrain|[from] ability: Grassy Surge|[of] p1a: Rillaboom\n|move|p2a: Ludicolo|Giga Drain|p1a: Rillaboom\n|-resisted|p1a: Rillaboom\n|-damage|p1a: Rillaboom|64\/100\n|-damage|p2a: Ludicolo|91\/100|[from] item: Life Orb\n|\n|-weather|RainDance|[upkeep]\n|-heal|p2a: Ludicolo|97\/100|[from] Grassy Terrain\n|-heal|p1a: Rillaboom|70\/100|[from] Grassy Terrain\n|upkeep\n|turn|4\n|\n|t:|1700462291\n|switch|p2a: Decidueye|Decidueye-Hisui, M|100\/100\n|move|p1a: Rillaboom|U-turn|p2a: Decidueye\n|-damage|p2a: Decidueye|70\/100\n|\n|t:|1700462299\n|switch|p1a: Hawlucha|Hawlucha, F|100\/100|[from] U-turn\n|-enditem|p1a: Hawlucha|Grassy Seed\n|-boost|p1a: Hawlucha|def|1|[from] item: Grassy Seed\n|\n|-weather|RainDance|[upkeep]\n|-heal|p2a: Decidueye|76\/100|[from] Grassy Terrain\n|-heal|p2a: Decidueye|82\/100|[from] item: Leftovers\n|upkeep\n|turn|5\n|\n|t:|1700462309\n|move|p1a: Hawlucha|Substitute|p1a: Hawlucha\n|-start|p1a: Hawlucha|Substitute\n|-damage|p1a: Hawlucha|76\/100\n|move|p2a: Decidueye|U-turn|p1a: Hawlucha\n|-resisted|p1a: Hawlucha\n|-activate|p1a: Hawlucha|move: Substitute|[damage]\n|\n|t:|1700462321\n|switch|p2a: Thor|Zapdos|100\/100|[from] U-turn\n|\n|-weather|RainDance|[upkeep]\n|upkeep\n|turn|6\n|\n|t:|1700462329\n|move|p1a: Hawlucha|Swords Dance|p1a: Hawlucha\n|-boost|p1a: Hawlucha|atk|2\n|move|p2a: Thor|Thunder|p1a: Hawlucha\n|-supereffective|p1a: Hawlucha\n|-end|p1a: Hawlucha|Substitute\n|\n|-weather|RainDance|[upkeep]\n|upkeep\n|turn|7\n|\n|t:|1700462336\n|-terastallize|p1a: Hawlucha|Ghost\n|move|p1a: Hawlucha|Close Combat|p2a: Thor\n|-resisted|p2a: Thor\n|-damage|p2a: Thor|31\/100\n|-unboost|p1a: Hawlucha|def|1\n|-unboost|p1a: Hawlucha|spd|1\n|-status|p1a: Hawlucha|par|[from] ability: Static|[of] p2a: Thor\n|move|p2a: Thor|Thunder|p1a: Hawlucha\n|-damage|p1a: Hawlucha|0 fnt\n|faint|p1a: Hawlucha\n|\n|-weather|RainDance|[upkeep]\n|-fieldend|move: Grassy Terrain\n|upkeep\n|\n|t:|1700462347\n|switch|p1a: Hatterene|Hatterene, F|100\/100\n|turn|8\n|\n|t:|1700462352\n|move|p2a: Thor|Volt Switch|p1a: Hatterene\n|-damage|p1a: Hatterene|61\/100\n|\n|t:|1700462364\n|switch|p2a: Basculegion|Basculegion, M|100\/100|[from] Volt Switch\n|move|p1a: Hatterene|Calm Mind|p1a: Hatterene\n|-boost|p1a: Hatterene|spa|1\n|-boost|p1a: Hatterene|spd|1\n|\n|-weather|none\n|upkeep\n|turn|9\n|\n|t:|1700462375\n|move|p2a: Basculegion|Wave Crash|p1a: Hatterene\n|-damage|p1a: Hatterene|0 fnt\n|faint|p1a: Hatterene\n|-damage|p2a: Basculegion|84\/100|[from] Recoil\n|\n|upkeep\n|\n|t:|1700462383\n|switch|p1a: Manaphy|Manaphy|70\/100\n|turn|10\n|\n|t:|1700462399\n|switch|p2a: Nigel|Pelipper, M|86\/100\n|-weather|RainDance|[from] ability: Drizzle|[of] p2a: Nigel\n|move|p1a: Manaphy|Ice Beam|p2a: Nigel\n|-crit|p2a: Nigel\n|-damage|p2a: Nigel|41\/100\n|\n|-weather|RainDance|[upkeep]\n|upkeep\n|turn|11\n|\n|t:|1700462407\n|switch|p2a: Ludicolo|Ludicolo, M|97\/100\n|move|p1a: Manaphy|Tail Glow|p1a: Manaphy\n|-boost|p1a: Manaphy|spa|3\n|\n|-weather|RainDance|[upkeep]\n|upkeep\n|turn|12\n|\n|t:|1700462412\n|move|p2a: Ludicolo|Giga Drain|p1a: Manaphy\n|-supereffective|p1a: Manaphy\n|-damage|p1a: Manaphy|0 fnt\n|-heal|p2a: Ludicolo|100\/100|[from] drain|[of] p1a: Manaphy\n|faint|p1a: Manaphy\n|-damage|p2a: Ludicolo|91\/100|[from] item: Life Orb\n|\n|-weather|RainDance|[upkeep]\n|upkeep\n|\n|t:|1700462416\n|switch|p1a: Rillaboom|Rillaboom, M|70\/100\n|-fieldstart|move: Grassy Terrain|[from] ability: Grassy Surge|[of] p1a: Rillaboom\n|turn|13\n|\n|t:|1700462421\n|move|p2a: Ludicolo|Ice Beam|p1a: Rillaboom\n|-supereffective|p1a: Rillaboom\n|-damage|p1a: Rillaboom|0 fnt\n|faint|p1a: Rillaboom\n|-damage|p2a: Ludicolo|81\/100|[from] item: Life Orb\n|\n|-weather|RainDance|[upkeep]\n|-heal|p2a: Ludicolo|87\/100|[from] Grassy Terrain\n|upkeep\n|\n|t:|1700462423\n|switch|p1a: Heatran|Heatran, F|99\/100\n|turn|14\n|\n|t:|1700462426\n|move|p2a: Ludicolo|Surf|p1a: Heatran\n|-supereffective|p1a: Heatran\n|-damage|p1a: Heatran|5\/100\n|-damage|p2a: Ludicolo|77\/100|[from] item: Life Orb\n|move|p1a: Heatran|Magma Storm|p2a: Ludicolo\n|-damage|p2a: Ludicolo|51\/100\n|-activate|p2a: Ludicolo|move: Magma Storm|[of] p1a: Heatran\n|\n|-weather|RainDance|[upkeep]\n|-heal|p2a: Ludicolo|57\/100|[from] Grassy Terrain\n|-heal|p1a: Heatran|12\/100|[from] Grassy Terrain\n|-damage|p2a: Ludicolo|44\/100|[from] move: Magma Storm|[partiallytrapped]\n|upkeep\n|turn|15\n|\n|t:|1700462432\n|move|p2a: Ludicolo|Surf|p1a: Heatran\n|-supereffective|p1a: Heatran\n|-damage|p1a: Heatran|0 fnt\n|faint|p1a: Heatran\n|-damage|p2a: Ludicolo|34\/100|[from] item: Life Orb\n|\n|-weather|RainDance|[upkeep]\n|-heal|p2a: Ludicolo|40\/100|[from] Grassy Terrain\n|-end|p2a: Ludicolo|Magma Storm|[partiallytrapped]|[silent]\n|upkeep\n|\n|t:|1700462434\n|switch|p1a: Zamazenta|Zamazenta|100\/100\n|-ability|p1a: Zamazenta|Dauntless Shield|boost\n|-boost|p1a: Zamazenta|def|1\n|turn|16\n|\n|t:|1700462438\n|move|p2a: Ludicolo|Surf|p1a: Zamazenta\n|-damage|p1a: Zamazenta|31\/100\n|-damage|p2a: Ludicolo|30\/100|[from] item: Life Orb\n|move|p1a: Zamazenta|Iron Defense|p1a: Zamazenta\n|-boost|p1a: Zamazenta|def|2\n|\n|-weather|RainDance|[upkeep]\n|-heal|p2a: Ludicolo|36\/100|[from] Grassy Terrain\n|-heal|p1a: Zamazenta|37\/100|[from] Grassy Terrain\n|-heal|p1a: Zamazenta|43\/100|[from] item: Leftovers\n|upkeep\n|turn|17\n|\n|t:|1700462443\n|move|p2a: Ludicolo|Surf|p1a: Zamazenta\n|-damage|p1a: Zamazenta|0 fnt\n|faint|p1a: Zamazenta\n|-damage|p2a: Ludicolo|26\/100|[from] item: Life Orb\n|\n|win|SkyPrincess420\n|raw|DayManvsNightMan's rating: 1409 &rarr; <strong>1388<\/strong><br \/>(-21 for losing)\n|raw|SkyPrincess420's rating: 1396 &rarr; <strong>1417<\/strong><br \/>(+21 for winning)\n|c|\u2606SkyPrincess420|Gg\n","uploadtime":1700462467,"views":11,"p1id":"daymanvsnightman","p2id":"skyprincess420","formatid":"gen9ou","rating":1388,"private":0,"password":""}