{"id":"gen9ou-1994146281","p1":"cKarmA","p2":"Army2501","format":"[Gen 9] OU","log":"|j|\u2606cKarmA\n|j|\u2606Army2501\n|t:|1700412285\n|gametype|singles\n|player|p1|cKarmA|youngster-gen4dp|1036\n|player|p2|Army2501|102|1029\n|teamsize|p1|6\n|teamsize|p2|6\n|gen|9\n|tier|[Gen 9] OU\n|rated|\n|rule|Sleep Clause Mod: Limit one foe put to sleep\n|rule|Species Clause: Limit one of each Pok\u00e9mon\n|rule|OHKO Clause: OHKO moves are banned\n|rule|Evasion Items Clause: Evasion items are banned\n|rule|Evasion Moves Clause: Evasion moves are banned\n|rule|Endless Battle Clause: Forcing endless battles is banned\n|rule|HP Percentage Mod: HP is shown in percentages\n|clearpoke\n|poke|p1|Sneasler, F|\n|poke|p1|Rillaboom, F|\n|poke|p1|Goodra-Hisui, M|\n|poke|p1|Toxapex, F|\n|poke|p1|Tyranitar, M|\n|poke|p1|Volcanion|\n|poke|p2|Cinderace, M|\n|poke|p2|Infernape, M|\n|poke|p2|Rotom-Heat|\n|poke|p2|Skeledirge, M|\n|poke|p2|Torkoal, M|\n|poke|p2|Iron Moth|\n|teampreview\n|\n|t:|1700412293\n|start\n|switch|p1a: Toxapex|Toxapex, F|100\/100\n|switch|p2a: Rotom|Rotom-Heat|100\/100\n|turn|1\n|\n|t:|1700412301\n|move|p1a: Toxapex|Baneful Bunker|p1a: Toxapex\n|-singleturn|p1a: Toxapex|move: Protect\n|move|p2a: Rotom|Volt Switch|p1a: Toxapex\n|-activate|p1a: Toxapex|move: Protect\n|\n|upkeep\n|turn|2\n|\n|t:|1700412313\n|move|p2a: Rotom|Volt Switch|p1a: Toxapex\n|-supereffective|p1a: Toxapex\n|-damage|p1a: Toxapex|57\/100\n|\n|t:|1700412317\n|switch|p2a: Torkoal|Torkoal, M|100\/100|[from] Volt Switch\n|-weather|SunnyDay|[from] ability: Drought|[of] p2a: Torkoal\n|move|p1a: Toxapex|Infestation|p2a: Torkoal\n|-resisted|p2a: Torkoal\n|-damage|p2a: Torkoal|99\/100\n|-activate|p2a: Torkoal|move: Infestation|[of] p1a: Toxapex\n|\n|-weather|SunnyDay|[upkeep]\n|-heal|p1a: Toxapex|63\/100|[from] item: Leftovers\n|-damage|p2a: Torkoal|86\/100|[from] move: Infestation|[partiallytrapped]\n|upkeep\n|turn|3\n|\n|t:|1700412330\n|move|p1a: Toxapex|Toxic|p2a: Torkoal\n|-status|p2a: Torkoal|tox\n|move|p2a: Torkoal|Stealth Rock|p1a: Toxapex\n|-sidestart|p1: cKarmA|move: Stealth Rock\n|\n|-weather|SunnyDay|[upkeep]\n|-heal|p1a: Toxapex|70\/100|[from] item: Leftovers\n|-damage|p2a: Torkoal|80\/100 tox|[from] psn\n|-damage|p2a: Torkoal|68\/100 tox|[from] move: Infestation|[partiallytrapped]\n|upkeep\n|turn|4\n|\n|t:|1700412343\n|move|p1a: Toxapex|Recover|p1a: Toxapex\n|-heal|p1a: Toxapex|100\/100\n|move|p2a: Torkoal|Yawn|p1a: Toxapex\n|-start|p1a: Toxapex|move: Yawn|[of] p2a: Torkoal\n|\n|-weather|SunnyDay|[upkeep]\n|-damage|p2a: Torkoal|55\/100 tox|[from] psn\n|-damage|p2a: Torkoal|43\/100 tox|[from] move: Infestation|[partiallytrapped]\n|upkeep\n|turn|5\n|\n|t:|1700412356\n|switch|p1a: Tyranitar|Tyranitar, M|100\/100\n|-damage|p1a: Tyranitar|88\/100|[from] Stealth Rock\n|-weather|Sandstorm|[from] ability: Sand Stream|[of] p1a: Tyranitar\n|move|p2a: Torkoal|Body Press|p1a: Tyranitar\n|-supereffective|p1a: Tyranitar\n|-damage|p1a: Tyranitar|0 fnt\n|faint|p1a: Tyranitar\n|\n|-weather|Sandstorm|[upkeep]\n|-damage|p2a: Torkoal|37\/100 tox|[from] Sandstorm\n|-damage|p2a: Torkoal|19\/100 tox|[from] psn\n|-end|p2a: Torkoal|Infestation|[partiallytrapped]|[silent]\n|upkeep\n|\n|t:|1700412370\n|switch|p1a: Toxapex|Toxapex, F|100\/100\n|-damage|p1a: Toxapex|88\/100|[from] Stealth Rock\n|turn|6\n|\n|t:|1700412376\n|switch|p2a: Rotom|Rotom-Heat|100\/100\n|move|p1a: Toxapex|Infestation|p2a: Rotom\n|-resisted|p2a: Rotom\n|-damage|p2a: Rotom|99\/100\n|-activate|p2a: Rotom|move: Infestation|[of] p1a: Toxapex\n|\n|-weather|Sandstorm|[upkeep]\n|-damage|p2a: Rotom|93\/100|[from] Sandstorm\n|-damage|p1a: Toxapex|82\/100|[from] Sandstorm\n|-heal|p2a: Rotom|99\/100|[from] item: Leftovers\n|-heal|p1a: Toxapex|88\/100|[from] item: Leftovers\n|-damage|p2a: Rotom|87\/100|[from] move: Infestation|[partiallytrapped]\n|upkeep\n|turn|7\n|\n|t:|1700412391\n|move|p2a: Rotom|Volt Switch|p1a: Toxapex\n|-supereffective|p1a: Toxapex\n|-damage|p1a: Toxapex|45\/100\n|\n|t:|1700412394\n|switch|p2a: Infernape|Infernape, M|100\/100|[from] Volt Switch\n|move|p1a: Toxapex|Toxic|p2a: Infernape\n|-status|p2a: Infernape|tox\n|\n|-weather|Sandstorm|[upkeep]\n|-damage|p2a: Infernape|94\/100 tox|[from] Sandstorm\n|-damage|p1a: Toxapex|38\/100|[from] Sandstorm\n|-heal|p1a: Toxapex|45\/100|[from] item: Leftovers\n|-damage|p2a: Infernape|88\/100 tox|[from] psn\n|upkeep\n|turn|8\n|\n|t:|1700412409\n|move|p1a: Toxapex|Baneful Bunker|p1a: Toxapex\n|-singleturn|p1a: Toxapex|move: Protect\n|move|p2a: Infernape|Swords Dance|p2a: Infernape\n|-boost|p2a: Infernape|atk|2\n|\n|-weather|Sandstorm|[upkeep]\n|-damage|p2a: Infernape|82\/100 tox|[from] Sandstorm\n|-damage|p1a: Toxapex|38\/100|[from] Sandstorm\n|-heal|p1a: Toxapex|45\/100|[from] item: Leftovers\n|-damage|p2a: Infernape|70\/100 tox|[from] psn\n|upkeep\n|turn|9\n|\n|t:|1700412420\n|move|p2a: Infernape|Thunder Punch|p1a: Toxapex\n|-supereffective|p1a: Toxapex\n|-damage|p1a: Toxapex|0 fnt\n|faint|p1a: Toxapex\n|\n|-weather|Sandstorm|[upkeep]\n|-damage|p2a: Infernape|64\/100 tox|[from] Sandstorm\n|-damage|p2a: Infernape|45\/100 tox|[from] psn\n|upkeep\n|\n|t:|1700412429\n|switch|p1a: Rillaboom|Rillaboom, F|100\/100\n|-damage|p1a: Rillaboom|88\/100|[from] Stealth Rock\n|-fieldstart|move: Grassy Terrain|[from] ability: Grassy Surge|[of] p1a: Rillaboom\n|turn|10\n|\n|t:|1700412436\n|switch|p2a: Torkoal|Torkoal, M|19\/100 tox\n|-weather|SunnyDay|[from] ability: Drought|[of] p2a: Torkoal\n|move|p1a: Rillaboom|U-turn|p2a: Torkoal\n|-resisted|p2a: Torkoal\n|-damage|p2a: Torkoal|12\/100 tox\n|\n|t:|1700412443\n|switch|p1a: Sneasler|Sneasler, F|100\/100|[from] U-turn\n|-damage|p1a: Sneasler|95\/100|[from] Stealth Rock\n|-enditem|p1a: Sneasler|Grassy Seed\n|-boost|p1a: Sneasler|def|1|[from] item: Grassy Seed\n|\n|-weather|SunnyDay|[upkeep]\n|-heal|p1a: Sneasler|100\/100|[from] Grassy Terrain\n|-heal|p2a: Torkoal|18\/100 tox|[from] Grassy Terrain\n|-damage|p2a: Torkoal|12\/100 tox|[from] psn\n|upkeep\n|turn|11\n|\n|t:|1700412456\n|move|p1a: Sneasler|Swords Dance|p1a: Sneasler\n|-boost|p1a: Sneasler|atk|2\n|move|p2a: Torkoal|Yawn|p1a: Sneasler\n|-start|p1a: Sneasler|move: Yawn|[of] p2a: Torkoal\n|\n|-weather|SunnyDay|[upkeep]\n|-heal|p2a: Torkoal|18\/100 tox|[from] Grassy Terrain\n|-damage|p2a: Torkoal|5\/100 tox|[from] psn\n|upkeep\n|turn|12\n|-message|cKarmA forfeited.\n|\n|win|Army2501\n|raw|cKarmA's rating: 1036 &rarr; <strong>1020<\/strong><br \/>(-16 for losing)\n|raw|Army2501's rating: 1029 &rarr; <strong>1065<\/strong><br \/>(+36 for winning)\n|l|\u2606cKarmA\n","uploadtime":1700412469,"views":17,"p1id":"ckarma","p2id":"army2501","formatid":"gen9ou","rating":1020,"private":0,"password":""}