{"id":"gen9ou-1993166454","p1":"bigkatt96","p2":"gcy9","format":"[Gen 9] OU","log":"|j|\u203dbigkatt96\n|j|\u2606gcy9\n|t:|1700272868\n|gametype|singles\n|player|p1|bigkatt96|giovanni-gen1|1562\n|player|p2|gcy9|2|1449\n|teamsize|p1|6\n|teamsize|p2|6\n|gen|9\n|tier|[Gen 9] OU\n|rated|\n|rule|Sleep Clause Mod: Limit one foe put to sleep\n|rule|Species Clause: Limit one of each Pok\u00e9mon\n|rule|OHKO Clause: OHKO moves are banned\n|rule|Evasion Items Clause: Evasion items are banned\n|rule|Evasion Moves Clause: Evasion moves are banned\n|rule|Endless Battle Clause: Forcing endless battles is banned\n|rule|HP Percentage Mod: HP is shown in percentages\n|clearpoke\n|poke|p1|Kingambit, M|\n|poke|p1|Ceruledge, M|\n|poke|p1|Glimmora, M|\n|poke|p1|Dondozo, M|\n|poke|p1|Ogerpon, F|\n|poke|p1|Iron Valiant|\n|poke|p2|Ogerpon-Cornerstone, F|\n|poke|p2|Heatran, F|\n|poke|p2|Enamorus, F|\n|poke|p2|Kingambit, F|\n|poke|p2|Great Tusk|\n|poke|p2|Toxapex, F|\n|teampreview\n|inactive|Battle timer is ON: inactive players will automatically lose when time's up. (requested by bigkatt96)\n|\n|t:|1700272931\n|start\n|switch|p1a: Ceruledge|Ceruledge, M|100\/100\n|switch|p2a: Great Tusk|Great Tusk|100\/100\n|-enditem|p2a: Great Tusk|Booster Energy\n|-activate|p2a: Great Tusk|ability: Protosynthesis|[fromitem]\n|-start|p2a: Great Tusk|protosynthesisatk\n|turn|1\n|\n|t:|1700272948\n|move|p2a: Great Tusk|Knock Off|p1a: Ceruledge\n|-supereffective|p1a: Ceruledge\n|-damage|p1a: Ceruledge|0 fnt\n|-enditem|p1a: Ceruledge|Weakness Policy|[from] move: Knock Off|[of] p2a: Great Tusk\n|faint|p1a: Ceruledge\n|\n|upkeep\n|\n|t:|1700272958\n|switch|p1a: Iron Valiant|Iron Valiant|100\/100\n|-enditem|p1a: Iron Valiant|Booster Energy\n|-activate|p1a: Iron Valiant|ability: Quark Drive|[fromitem]\n|-start|p1a: Iron Valiant|quarkdrivespe\n|turn|2\n|\n|t:|1700272967\n|-end|p2a: Great Tusk|Protosynthesis|[silent]\n|switch|p2a: Toxapex|Toxapex, F|100\/100\n|move|p1a: Iron Valiant|Spirit Break|p2a: Toxapex\n|-resisted|p2a: Toxapex\n|-damage|p2a: Toxapex|87\/100\n|-unboost|p2a: Toxapex|spa|1\n|\n|-heal|p2a: Toxapex|93\/100|[from] item: Leftovers\n|upkeep\n|turn|3\n|\n|t:|1700272977\n|-terastallize|p1a: Iron Valiant|Steel\n|move|p1a: Iron Valiant|Swords Dance|p1a: Iron Valiant\n|-boost|p1a: Iron Valiant|atk|2\n|move|p2a: Toxapex|Toxic|p1a: Iron Valiant\n|-immune|p1a: Iron Valiant\n|\n|-heal|p2a: Toxapex|99\/100|[from] item: Leftovers\n|upkeep\n|turn|4\n|inactive|gcy9 has 120 seconds left.\n|inactive|gcy9 has 90 seconds left.\n|\n|t:|1700273048\n|move|p1a: Iron Valiant|Swords Dance|p1a: Iron Valiant\n|-boost|p1a: Iron Valiant|atk|2\n|move|p2a: Toxapex|Toxic Spikes|p1a: Iron Valiant\n|-sidestart|p1: bigkatt96|move: Toxic Spikes\n|\n|-heal|p2a: Toxapex|100\/100|[from] item: Leftovers\n|upkeep\n|turn|5\n|\n|t:|1700273065\n|move|p1a: Iron Valiant|Knock Off|p2a: Toxapex\n|-damage|p2a: Toxapex|38\/100\n|-enditem|p2a: Toxapex|Leftovers|[from] move: Knock Off|[of] p1a: Iron Valiant\n|move|p2a: Toxapex|Surf|p1a: Iron Valiant\n|-damage|p1a: Iron Valiant|77\/100\n|\n|upkeep\n|turn|6\n|\n|t:|1700273072\n|move|p1a: Iron Valiant|Swords Dance|p1a: Iron Valiant\n|-boost|p1a: Iron Valiant|atk|2\n|move|p2a: Toxapex|Surf|p1a: Iron Valiant\n|-damage|p1a: Iron Valiant|53\/100\n|\n|upkeep\n|turn|7\n|\n|t:|1700273079\n|move|p1a: Iron Valiant|Knock Off|p2a: Toxapex\n|-crit|p2a: Toxapex\n|-damage|p2a: Toxapex|0 fnt\n|faint|p2a: Toxapex\n|\n|upkeep\n|\n|t:|1700273083\n|switch|p2a: Ogerpon|Ogerpon-Cornerstone, F|100\/100\n|turn|8\n|\n|t:|1700273091\n|move|p1a: Iron Valiant|Spirit Break|p2a: Ogerpon\n|-ability|p2a: Ogerpon|Sturdy\n|-damage|p2a: Ogerpon|1\/100\n|-unboost|p2a: Ogerpon|spa|1\n|move|p2a: Ogerpon|Low Kick|p1a: Iron Valiant\n|-supereffective|p1a: Iron Valiant\n|-damage|p1a: Iron Valiant|0 fnt\n|faint|p1a: Iron Valiant\n|-end|p1a: Iron Valiant|Quark Drive|[silent]\n|\n|upkeep\n|\n|t:|1700273101\n|switch|p1a: Glimmora|Glimmora, M|100\/100\n|-sideend|p1: bigkatt96|move: Toxic Spikes|[of] p1a: Glimmora\n|turn|9\n|\n|t:|1700273113\n|move|p2a: Ogerpon|Power Whip|p1a: Glimmora\n|-damage|p1a: Glimmora|22\/100\n|-activate|p1a: Glimmora|ability: Toxic Debris\n|-sidestart|p2: gcy9|move: Toxic Spikes\n|move|p1a: Glimmora|Mortal Spin|p2a: Ogerpon\n|-damage|p2a: Ogerpon|0 fnt\n|faint|p2a: Ogerpon\n|\n|upkeep\n|inactive|gcy9 has 120 seconds left.\n|\n|t:|1700273129\n|switch|p2a: Great Tusk|Great Tusk|100\/100\n|-status|p2a: Great Tusk|psn\n|turn|10\n|inactive|gcy9 has 120 seconds left.\n|\n|t:|1700273141\n|move|p2a: Great Tusk|Knock Off|p1a: Glimmora\n|-damage|p1a: Glimmora|0 fnt\n|-activate|p1a: Glimmora|ability: Toxic Debris\n|-sidestart|p2: gcy9|move: Toxic Spikes\n|-enditem|p1a: Glimmora|Focus Sash|[from] move: Knock Off|[of] p2a: Great Tusk\n|faint|p1a: Glimmora\n|\n|-damage|p2a: Great Tusk|88\/100 psn|[from] psn\n|upkeep\n|\n|t:|1700273153\n|switch|p1a: Dondozo|Dondozo, M, shiny|100\/100\n|turn|11\n|inactive|gcy9 has 120 seconds left.\n|\n|t:|1700273190\n|-end|p2a: Great Tusk|Protosynthesis|[silent]\n|switch|p2a: Enamorus|Enamorus, F|100\/100\n|move|p1a: Dondozo|Liquidation|p2a: Enamorus\n|-damage|p2a: Enamorus|50\/100\n|\n|upkeep\n|turn|12\n|\n|t:|1700273197\n|move|p2a: Enamorus|Moonblast|p1a: Dondozo\n|-damage|p1a: Dondozo|28\/100\n|move|p1a: Dondozo|Liquidation|p2a: Enamorus\n|-damage|p2a: Enamorus|2\/100\n|\n|-heal|p1a: Dondozo|34\/100|[from] item: Leftovers\n|upkeep\n|turn|13\n|\n|t:|1700273205\n|move|p2a: Enamorus|Moonblast|p1a: Dondozo\n|-damage|p1a: Dondozo|0 fnt\n|faint|p1a: Dondozo\n|\n|upkeep\n|\n|t:|1700273211\n|switch|p1a: Kingambit|Kingambit, M|100\/100\n|-activate|p1a: Kingambit|ability: Supreme Overlord\n|-start|p1a: Kingambit|fallen4|[silent]\n|turn|14\n|inactive|gcy9 has 120 seconds left.\n|\n|t:|1700273230\n|move|p2a: Enamorus|Moonblast|p1a: Kingambit\n|-damage|p1a: Kingambit|21\/100\n|-unboost|p1a: Kingambit|spa|1\n|move|p1a: Kingambit|Kowtow Cleave|p2a: Enamorus\n|-resisted|p2a: Enamorus\n|-damage|p2a: Enamorus|0 fnt\n|faint|p2a: Enamorus\n|\n|-heal|p1a: Kingambit|27\/100|[from] item: Leftovers\n|upkeep\n|inactive|gcy9 has 90 seconds left.\n|\n|t:|1700273258\n|switch|p2a: Great Tusk|Great Tusk|88\/100 psn\n|turn|15\n|\n|t:|1700273261\n|-end|p1a: Kingambit|fallen4|[silent]\n|switch|p1a: Ogerpon|Ogerpon, F|100\/100\n|move|p2a: Great Tusk|Close Combat|p1a: Ogerpon\n|-damage|p1a: Ogerpon|23\/100\n|-unboost|p2a: Great Tusk|def|1\n|-unboost|p2a: Great Tusk|spd|1\n|\n|-damage|p2a: Great Tusk|76\/100 psn|[from] psn\n|upkeep\n|turn|16\n|\n|t:|1700273276\n|-end|p2a: Great Tusk|Protosynthesis|[silent]\n|switch|p2a: Heatran|Heatran, F|100\/100\n|move|p1a: Ogerpon|Horn Leech|p2a: Heatran\n|-resisted|p2a: Heatran\n|-damage|p2a: Heatran|92\/100\n|-heal|p1a: Ogerpon|28\/100|[from] drain|[of] p2a: Heatran\n|\n|-heal|p2a: Heatran|98\/100|[from] item: Leftovers\n|upkeep\n|turn|17\n|\n|t:|1700273285\n|move|p1a: Ogerpon|Knock Off|p2a: Heatran\n|-damage|p2a: Heatran|73\/100\n|-enditem|p2a: Heatran|Leftovers|[from] move: Knock Off|[of] p1a: Ogerpon\n|move|p2a: Heatran|Magma Storm|p1a: Ogerpon\n|-supereffective|p1a: Ogerpon\n|-damage|p1a: Ogerpon|0 fnt\n|faint|p1a: Ogerpon\n|\n|upkeep\n|\n|t:|1700273294\n|switch|p1a: Kingambit|Kingambit, M|27\/100\n|-activate|p1a: Kingambit|ability: Supreme Overlord\n|-start|p1a: Kingambit|fallen5|[silent]\n|turn|18\n|\n|t:|1700273299\n|move|p2a: Heatran|Magma Storm|p1a: Kingambit\n|-supereffective|p1a: Kingambit\n|-damage|p1a: Kingambit|0 fnt\n|faint|p1a: Kingambit\n|-end|p1a: Kingambit|fallen5|[silent]\n|\n|win|gcy9\n|raw|bigkatt96's rating: 1562 &rarr; <strong>1536<\/strong><br \/>(-26 for losing)\n|raw|gcy9's rating: 1449 &rarr; <strong>1475<\/strong><br \/>(+26 for winning)\n","uploadtime":1700273308,"views":17,"p1id":"bigkatt96","p2id":"gcy9","formatid":"gen9ou","rating":1475,"private":0,"password":""}