{"id":"gen9ou-1995093925","p1":"SereneGraceAbuser","p2":"Kiky14","format":"[Gen 9] OU","log":"|j|\u2606SereneGraceAbuser\n|j|\u2606Kiky14\n|t:|1700521856\n|gametype|singles\n|player|p1|SereneGraceAbuser|rosa|1511\n|player|p2|Kiky14|hilda-wonderlauncher|1507\n|teamsize|p1|6\n|teamsize|p2|6\n|gen|9\n|tier|[Gen 9] OU\n|rated|\n|rule|Sleep Clause Mod: Limit one foe put to sleep\n|rule|Species Clause: Limit one of each Pok\u00e9mon\n|rule|OHKO Clause: OHKO moves are banned\n|rule|Evasion Items Clause: Evasion items are banned\n|rule|Evasion Moves Clause: Evasion moves are banned\n|rule|Endless Battle Clause: Forcing endless battles is banned\n|rule|HP Percentage Mod: HP is shown in percentages\n|clearpoke\n|poke|p1|Ribombee, F|\n|poke|p1|Iron Valiant|\n|poke|p1|Ogerpon-Wellspring, F|\n|poke|p1|Iron Moth|\n|poke|p1|Great Tusk|\n|poke|p1|Kingambit, M|\n|poke|p2|Great Tusk|\n|poke|p2|Gholdengo|\n|poke|p2|Ogerpon, F|\n|poke|p2|Iron Moth|\n|poke|p2|Gastrodon-East, F|\n|poke|p2|Enamorus, F|\n|teampreview\n|inactive|Battle timer is ON: inactive players will automatically lose when time's up. (requested by SereneGraceAbuser)\n|\n|t:|1700521872\n|start\n|switch|p1a: Iron Moth|Iron Moth, shiny|100\/100\n|switch|p2a: Gholdengo|Gholdengo|100\/100\n|-enditem|p1a: Iron Moth|Booster Energy\n|-activate|p1a: Iron Moth|ability: Quark Drive|[fromitem]\n|-start|p1a: Iron Moth|quarkdrivespe\n|turn|1\n|\n|t:|1700521883\n|switch|p2a: Gastrodon|Gastrodon-East, F|100\/100\n|move|p1a: Iron Moth|Fiery Dance|p2a: Gastrodon\n|-resisted|p2a: Gastrodon\n|-damage|p2a: Gastrodon|88\/100\n|-boost|p1a: Iron Moth|spa|1\n|\n|-heal|p2a: Gastrodon|94\/100|[from] item: Leftovers\n|upkeep\n|turn|2\n|\n|t:|1700521904\n|-terastallize|p2a: Gastrodon|Fire\n|move|p1a: Iron Moth|Energy Ball|p2a: Gastrodon\n|-resisted|p2a: Gastrodon\n|-damage|p2a: Gastrodon|79\/100\n|move|p2a: Gastrodon|Earth Power|p1a: Iron Moth\n|-supereffective|p1a: Iron Moth\n|-crit|p1a: Iron Moth\n|-damage|p1a: Iron Moth|0 fnt\n|faint|p1a: Iron Moth\n|-end|p1a: Iron Moth|Quark Drive|[silent]\n|\n|-heal|p2a: Gastrodon|85\/100|[from] item: Leftovers\n|upkeep\n|\n|t:|1700521911\n|switch|p1a: Great Tusk|Great Tusk|100\/100\n|-enditem|p1a: Great Tusk|Booster Energy\n|-activate|p1a: Great Tusk|ability: Protosynthesis|[fromitem]\n|-start|p1a: Great Tusk|protosynthesisatk\n|turn|3\n|\n|t:|1700521920\n|switch|p2a: Enamorus|Enamorus, F|100\/100\n|move|p1a: Great Tusk|Rapid Spin|p2a: Enamorus\n|-damage|p2a: Enamorus|59\/100\n|-boost|p1a: Great Tusk|spe|1\n|\n|upkeep\n|turn|4\n|\n|t:|1700521926\n|move|p2a: Enamorus|Moonblast|p1a: Great Tusk\n|-supereffective|p1a: Great Tusk\n|-damage|p1a: Great Tusk|0 fnt\n|faint|p1a: Great Tusk\n|-end|p1a: Great Tusk|Protosynthesis|[silent]\n|\n|upkeep\n|\n|t:|1700521930\n|switch|p1a: Ogerpon|Ogerpon-Wellspring, F|100\/100\n|turn|5\n|\n|t:|1700521936\n|switch|p2a: Gastrodon|Gastrodon-East, F, tera:Fire|85\/100\n|move|p1a: Ogerpon|Trailblaze|p2a: Gastrodon\n|-resisted|p2a: Gastrodon\n|-damage|p2a: Gastrodon|68\/100\n|-boost|p1a: Ogerpon|spe|1\n|\n|-heal|p2a: Gastrodon|74\/100|[from] item: Leftovers\n|upkeep\n|turn|6\n|\n|t:|1700521943\n|move|p1a: Ogerpon|Swords Dance|p1a: Ogerpon\n|-boost|p1a: Ogerpon|atk|2\n|move|p2a: Gastrodon|Yawn|p1a: Ogerpon\n|-start|p1a: Ogerpon|move: Yawn|[of] p2a: Gastrodon\n|\n|-heal|p2a: Gastrodon|80\/100|[from] item: Leftovers\n|upkeep\n|turn|7\n|\n|t:|1700521957\n|move|p1a: Ogerpon|Trailblaze|p2a: Gastrodon\n|-resisted|p2a: Gastrodon\n|-damage|p2a: Gastrodon|50\/100\n|-boost|p1a: Ogerpon|spe|1\n|move|p2a: Gastrodon|Earth Power|p1a: Ogerpon\n|-resisted|p1a: Ogerpon\n|-damage|p1a: Ogerpon|83\/100\n|\n|-heal|p2a: Gastrodon|56\/100|[from] item: Leftovers\n|-end|p1a: Ogerpon|move: Yawn|[silent]\n|-status|p1a: Ogerpon|slp\n|upkeep\n|turn|8\n|\n|t:|1700521966\n|switch|p2a: Ogerpon|Ogerpon, F|100\/100\n|cant|p1a: Ogerpon|slp\n|\n|upkeep\n|turn|9\n|\n|t:|1700521971\n|cant|p1a: Ogerpon|slp\n|move|p2a: Ogerpon|Ivy Cudgel|p1a: Ogerpon\n|-damage|p1a: Ogerpon|0 fnt\n|faint|p1a: Ogerpon\n|\n|upkeep\n|\n|t:|1700521975\n|switch|p1a: Ribombee|Ribombee, F, shiny|100\/100\n|turn|10\n|\n|t:|1700521979\n|switch|p2a: Gastrodon|Gastrodon-East, F, tera:Fire|56\/100\n|move|p1a: Ribombee|Bug Buzz|p2a: Gastrodon\n|-resisted|p2a: Gastrodon\n|-damage|p2a: Gastrodon|45\/100\n|\n|-heal|p2a: Gastrodon|51\/100|[from] item: Leftovers\n|upkeep\n|turn|11\n|\n|t:|1700521988\n|move|p1a: Ribombee|Sticky Web|p2a: Gastrodon\n|-sidestart|p2: Kiky14|move: Sticky Web\n|move|p2a: Gastrodon|Recover|p2a: Gastrodon\n|-heal|p2a: Gastrodon|100\/100\n|\n|upkeep\n|turn|12\n|\n|t:|1700521995\n|move|p1a: Ribombee|Stun Spore|p2a: Gastrodon\n|-status|p2a: Gastrodon|par\n|move|p2a: Gastrodon|Surf|p1a: Ribombee\n|-damage|p1a: Ribombee|47\/100\n|\n|upkeep\n|turn|13\n|\n|t:|1700522002\n|move|p1a: Ribombee|Moonblast|p2a: Gastrodon\n|-resisted|p2a: Gastrodon\n|-damage|p2a: Gastrodon|87\/100 par\n|move|p2a: Gastrodon|Surf|p1a: Ribombee\n|-damage|p1a: Ribombee|0 fnt\n|faint|p1a: Ribombee\n|\n|-heal|p2a: Gastrodon|93\/100 par|[from] item: Leftovers\n|upkeep\n|\n|t:|1700522010\n|switch|p1a: Iron Valiant|Iron Valiant, shiny|100\/100\n|-enditem|p1a: Iron Valiant|Booster Energy\n|-activate|p1a: Iron Valiant|ability: Quark Drive|[fromitem]\n|-start|p1a: Iron Valiant|quarkdrivespe\n|turn|14\n|\n|t:|1700522016\n|move|p1a: Iron Valiant|Close Combat|p2a: Gastrodon\n|-damage|p2a: Gastrodon|29\/100 par\n|-unboost|p1a: Iron Valiant|def|1\n|-unboost|p1a: Iron Valiant|spd|1\n|cant|p2a: Gastrodon|par\n|\n|-heal|p2a: Gastrodon|35\/100 par|[from] item: Leftovers\n|upkeep\n|turn|15\n|\n|t:|1700522029\n|switch|p2a: Gholdengo|Gholdengo|100\/100\n|-activate|p2a: Gholdengo|move: Sticky Web\n|-unboost|p2a: Gholdengo|spe|1\n|move|p1a: Iron Valiant|Moonblast|p2a: Gholdengo\n|-resisted|p2a: Gholdengo\n|-damage|p2a: Gholdengo|85\/100\n|\n|upkeep\n|turn|16\n|\n|t:|1700522044\n|move|p1a: Iron Valiant|Destiny Bond|p1a: Iron Valiant\n|-singlemove|p1a: Iron Valiant|Destiny Bond\n|move|p2a: Gholdengo|Make It Rain|p1a: Iron Valiant\n|-supereffective|p1a: Iron Valiant\n|-damage|p1a: Iron Valiant|0 fnt\n|-unboost|p2a: Gholdengo|spa|1\n|faint|p1a: Iron Valiant\n|-activate|p1a: Iron Valiant|move: Destiny Bond\n|-end|p1a: Iron Valiant|Quark Drive|[silent]\n|faint|p2a: Gholdengo\n|\n|upkeep\n|\n|t:|1700522049\n|switch|p1a: Kingambit|Kingambit, M, shiny|100\/100\n|switch|p2a: Enamorus|Enamorus, F|59\/100\n|-activate|p1a: Kingambit|ability: Supreme Overlord\n|-start|p1a: Kingambit|fallen5|[silent]\n|turn|17\n|\n|t:|1700522059\n|move|p2a: Enamorus|Superpower|p1a: Kingambit\n|-supereffective|p1a: Kingambit\n|-damage|p1a: Kingambit|0 fnt\n|-boost|p2a: Enamorus|atk|1\n|-boost|p2a: Enamorus|def|1\n|faint|p1a: Kingambit\n|-end|p1a: Kingambit|fallen5|[silent]\n|\n|win|Kiky14\n|raw|SereneGraceAbuser's rating: 1511 &rarr; <strong>1491<\/strong><br \/>(-20 for losing)\n|raw|Kiky14's rating: 1507 &rarr; <strong>1527<\/strong><br \/>(+20 for winning)\n|l|\u2606SereneGraceAbuser\n","uploadtime":1700522118,"views":5,"p1id":"serenegraceabuser","p2id":"kiky14","formatid":"gen9ou","rating":1491,"private":0,"password":""}