{"id":"gen9ou-1994757040","p1":"chuggachuggachooo","p2":"Lazarooos","format":"[Gen 9] OU","log":"|j|\u2606chuggachuggachooo\n|j|\u2606Lazarooos\n|t:|1700489685\n|gametype|singles\n|player|p1|chuggachuggachooo|ghetsis-gen5bw|1447\n|player|p2|Lazarooos|unknown|1475\n|teamsize|p1|6\n|teamsize|p2|6\n|gen|9\n|tier|[Gen 9] OU\n|rated|\n|rule|Sleep Clause Mod: Limit one foe put to sleep\n|rule|Species Clause: Limit one of each Pok\u00e9mon\n|rule|OHKO Clause: OHKO moves are banned\n|rule|Evasion Items Clause: Evasion items are banned\n|rule|Evasion Moves Clause: Evasion moves are banned\n|rule|Endless Battle Clause: Forcing endless battles is banned\n|rule|HP Percentage Mod: HP is shown in percentages\n|clearpoke\n|poke|p1|Pelipper, F|\n|poke|p1|Toxicroak, F|\n|poke|p1|Maushold|\n|poke|p1|Ogerpon-Wellspring, F|\n|poke|p1|Barraskewda, M|\n|poke|p1|Thundurus-Therian, M|\n|poke|p2|Cinderace, M|\n|poke|p2|Landorus-Therian, M|\n|poke|p2|Ogerpon-Wellspring, F|\n|poke|p2|Garganacl, M|\n|poke|p2|Kingambit, M|\n|poke|p2|Goodra-Hisui, M|\n|teampreview\n|\n|t:|1700489691\n|start\n|switch|p1a: Pelipper|Pelipper, F|100\/100\n|switch|p2a: Shelter|Goodra-Hisui, M, shiny|100\/100\n|-weather|RainDance|[from] ability: Drizzle|[of] p1a: Pelipper\n|turn|1\n|\n|t:|1700489694\n|move|p2a: Shelter|Draco Meteor|p1a: Pelipper\n|-damage|p1a: Pelipper|16\/100\n|-unboost|p2a: Shelter|spa|2\n|move|p1a: Pelipper|U-turn|p2a: Shelter\n|-resisted|p2a: Shelter\n|-damage|p2a: Shelter|96\/100\n|\n|t:|1700489699\n|switch|p1a: Ogerpon|Ogerpon-Wellspring, F|100\/100|[from] U-turn\n|\n|-weather|RainDance|[upkeep]\n|upkeep\n|turn|2\n|\n|t:|1700489708\n|switch|p2a: Landorus|Landorus-Therian, M|100\/100\n|-ability|p2a: Landorus|Intimidate|boost\n|-unboost|p1a: Ogerpon|atk|1\n|move|p1a: Ogerpon|Swords Dance|p1a: Ogerpon\n|-boost|p1a: Ogerpon|atk|2\n|\n|-weather|RainDance|[upkeep]\n|upkeep\n|turn|3\n|\n|t:|1700489711\n|switch|p2a: Ogerpon|Ogerpon-Wellspring, F|100\/100\n|move|p1a: Ogerpon|Ivy Cudgel|p2a: Ogerpon|[anim] Ivy Cudgel Water\n|-immune|p2a: Ogerpon|[from] ability: Water Absorb\n|\n|-weather|RainDance|[upkeep]\n|upkeep\n|turn|4\n|inactive|Battle timer is ON: inactive players will automatically lose when time's up. (requested by chuggachuggachooo)\n|\n|t:|1700489717\n|move|p1a: Ogerpon|Trailblaze|p2a: Ogerpon\n|-damage|p2a: Ogerpon|42\/100\n|-boost|p1a: Ogerpon|spe|1\n|move|p2a: Ogerpon|Encore|p1a: Ogerpon\n|-start|p1a: Ogerpon|Encore\n|\n|-weather|RainDance|[upkeep]\n|upkeep\n|turn|5\n|\n|t:|1700489726\n|switch|p2a: Shelter|Goodra-Hisui, M, shiny|96\/100\n|move|p1a: Ogerpon|Trailblaze|p2a: Shelter\n|-ability|p2a: Shelter|Sap Sipper|boost\n|-boost|p2a: Shelter|atk|1\n|\n|-weather|RainDance|[upkeep]\n|upkeep\n|turn|6\n|\n|t:|1700489738\n|switch|p1a: Toxicroak|Toxicroak, F|100\/100\n|move|p2a: Shelter|Draco Meteor|p1a: Toxicroak\n|-damage|p1a: Toxicroak|6\/100\n|-unboost|p2a: Shelter|spa|2\n|\n|-weather|RainDance|[upkeep]\n|-heal|p1a: Toxicroak|19\/100|[from] ability: Dry Skin\n|-heal|p1a: Toxicroak|25\/100|[from] item: Black Sludge\n|upkeep\n|turn|7\n|\n|t:|1700489740\n|move|p1a: Toxicroak|Drain Punch|p2a: Shelter\n|-supereffective|p2a: Shelter\n|-damage|p2a: Shelter|40\/100\n|-heal|p1a: Toxicroak|51\/100|[from] drain|[of] p2a: Shelter\n|move|p2a: Shelter|Earthquake|p1a: Toxicroak\n|-supereffective|p1a: Toxicroak\n|-damage|p1a: Toxicroak|0 fnt\n|faint|p1a: Toxicroak\n|\n|-weather|RainDance|[upkeep]\n|upkeep\n|\n|t:|1700489754\n|switch|p1a: Barraskewda|Barraskewda, M|100\/100\n|turn|8\n|\n|t:|1700489773\n|switch|p2a: Landorus|Landorus-Therian, M|100\/100\n|-ability|p2a: Landorus|Intimidate|boost\n|-unboost|p1a: Barraskewda|atk|1\n|move|p1a: Barraskewda|Close Combat|p2a: Landorus\n|-resisted|p2a: Landorus\n|-damage|p2a: Landorus|85\/100\n|-unboost|p1a: Barraskewda|def|1\n|-unboost|p1a: Barraskewda|spd|1\n|-damage|p1a: Barraskewda|84\/100|[from] item: Rocky Helmet|[of] p2a: Landorus\n|\n|-weather|none\n|upkeep\n|turn|9\n|\n|t:|1700489793\n|switch|p1a: Thundurus|Thundurus-Therian, M|100\/100\n|move|p2a: Landorus|Grass Knot|p1a: Thundurus\n|-resisted|p1a: Thundurus\n|-damage|p1a: Thundurus|90\/100\n|\n|upkeep\n|turn|10\n|\n|t:|1700489809\n|switch|p1a: Pelipper|Pelipper, F|16\/100\n|-weather|RainDance|[from] ability: Drizzle|[of] p1a: Pelipper\n|switch|p2a: Garganacl|Garganacl, M|100\/100\n|\n|-weather|RainDance|[upkeep]\n|upkeep\n|turn|11\n|\n|t:|1700489833\n|move|p1a: Pelipper|Weather Ball|p2a: Garganacl\n|-supereffective|p2a: Garganacl\n|-damage|p2a: Garganacl|25\/100\n|move|p2a: Garganacl|Salt Cure|p1a: Pelipper\n|-supereffective|p1a: Pelipper\n|-crit|p1a: Pelipper\n|-damage|p1a: Pelipper|0 fnt\n|faint|p1a: Pelipper\n|\n|-weather|RainDance|[upkeep]\n|-heal|p2a: Garganacl|31\/100|[from] item: Leftovers\n|upkeep\n|\n|t:|1700489840\n|switch|p1a: Thundurus|Thundurus-Therian, M|90\/100\n|turn|12\n|\n|t:|1700489852\n|move|p1a: Thundurus|Thunder|p2a: Garganacl\n|-damage|p2a: Garganacl|0 fnt\n|faint|p2a: Garganacl\n|\n|-weather|RainDance|[upkeep]\n|upkeep\n|\n|t:|1700489860\n|switch|p2a: Shelter|Goodra-Hisui, M, shiny|40\/100\n|turn|13\n|inactive|chuggachuggachooo has 120 seconds left.\n|\n|t:|1700489911\n|move|p1a: Thundurus|Volt Switch|p2a: Shelter\n|-resisted|p2a: Shelter\n|-damage|p2a: Shelter|32\/100\n|\n|t:|1700489915\n|switch|p1a: Ogerpon|Ogerpon-Wellspring, F|100\/100|[from] Volt Switch\n|move|p2a: Shelter|Draco Meteor|p1a: Ogerpon\n|-damage|p1a: Ogerpon|17\/100\n|-unboost|p2a: Shelter|spa|2\n|\n|-weather|RainDance|[upkeep]\n|upkeep\n|turn|14\n|inactive|Lazarooos has 120 seconds left.\n|\n|t:|1700489952\n|move|p1a: Ogerpon|Ivy Cudgel|p2a: Shelter|[anim] Ivy Cudgel Water\n|-resisted|p2a: Shelter\n|-damage|p2a: Shelter|0 fnt\n|faint|p2a: Shelter\n|\n|-weather|RainDance|[upkeep]\n|upkeep\n|\n|t:|1700489958\n|switch|p2a: Cinderace|Cinderace, M|100\/100\n|turn|15\n|inactive|chuggachuggachooo has 120 seconds left.\n|\n|t:|1700489964\n|move|p2a: Cinderace|U-turn|p1a: Ogerpon\n|-supereffective|p1a: Ogerpon\n|-damage|p1a: Ogerpon|0 fnt\n|faint|p1a: Ogerpon\n|\n|t:|1700489968\n|switch|p2a: Ogerpon|Ogerpon-Wellspring, F|42\/100|[from] U-turn\n|\n|-weather|RainDance|[upkeep]\n|upkeep\n|\n|t:|1700489977\n|switch|p1a: Maushold|Maushold|100\/100\n|turn|16\n|\n|t:|1700489985\n|switch|p2a: Cinderace|Cinderace, M|100\/100\n|move|p1a: Maushold|Tidy Up|p1a: Maushold\n|-boost|p1a: Maushold|atk|1\n|-boost|p1a: Maushold|spe|1\n|\n|-weather|RainDance|[upkeep]\n|upkeep\n|turn|17\n|\n|t:|1700489990\n|move|p1a: Maushold|Population Bomb|p2a: Cinderace\n|-damage|p2a: Cinderace|82\/100\n|-damage|p2a: Cinderace|63\/100\n|-damage|p2a: Cinderace|44\/100\n|-damage|p2a: Cinderace|25\/100\n|-damage|p2a: Cinderace|5\/100\n|-damage|p2a: Cinderace|0 fnt\n|faint|p2a: Cinderace\n|-hitcount|p2: Cinderace|6\n|\n|-weather|none\n|upkeep\n|\n|t:|1700489993\n|switch|p2a: Kingambit|Kingambit, M|100\/100\n|-activate|p2a: Kingambit|ability: Supreme Overlord\n|-start|p2a: Kingambit|fallen3|[silent]\n|-item|p2a: Kingambit|Air Balloon\n|turn|18\n|\n|t:|1700490011\n|move|p1a: Maushold|Population Bomb|p2a: Kingambit\n|-resisted|p2a: Kingambit\n|-damage|p2a: Kingambit|93\/100\n|-enditem|p2a: Kingambit|Air Balloon\n|-resisted|p2a: Kingambit\n|-damage|p2a: Kingambit|86\/100\n|-resisted|p2a: Kingambit\n|-damage|p2a: Kingambit|79\/100\n|-resisted|p2a: Kingambit\n|-damage|p2a: Kingambit|73\/100\n|-resisted|p2a: Kingambit\n|-damage|p2a: Kingambit|65\/100\n|-resisted|p2a: Kingambit\n|-damage|p2a: Kingambit|58\/100\n|-resisted|p2a: Kingambit\n|-damage|p2a: Kingambit|52\/100\n|-resisted|p2a: Kingambit\n|-damage|p2a: Kingambit|44\/100\n|-resisted|p2a: Kingambit\n|-damage|p2a: Kingambit|37\/100\n|-resisted|p2a: Kingambit\n|-damage|p2a: Kingambit|30\/100\n|-hitcount|p2a: Kingambit|10\n|move|p2a: Kingambit|Kowtow Cleave|p1a: Maushold\n|-damage|p1a: Maushold|5\/100\n|\n|upkeep\n|turn|19\n|\n|t:|1700490016\n|move|p2a: Kingambit|Sucker Punch|p1a: Maushold\n|-damage|p1a: Maushold|0 fnt\n|faint|p1a: Maushold\n|\n|upkeep\n|\n|t:|1700490021\n|switch|p1a: Barraskewda|Barraskewda, M|84\/100\n|turn|20\n|\n|t:|1700490027\n|move|p2a: Kingambit|Sucker Punch|p1a: Barraskewda\n|-damage|p1a: Barraskewda|0 fnt\n|faint|p1a: Barraskewda\n|\n|upkeep\n|\n|t:|1700490029\n|switch|p1a: Thundurus|Thundurus-Therian, M|90\/100\n|turn|21\n|\n|t:|1700490033\n|move|p2a: Kingambit|Sucker Punch|p1a: Thundurus\n|-damage|p1a: Thundurus|16\/100\n|move|p1a: Thundurus|Thunder|p2a: Kingambit|[miss]\n|-miss|p1a: Thundurus|p2a: Kingambit\n|\n|upkeep\n|turn|22\n|-message|chuggachuggachooo forfeited.\n|\n|win|Lazarooos\n|raw|chuggachuggachooo's rating: 1447 &rarr; <strong>1429<\/strong><br \/>(-18 for losing)\n|raw|Lazarooos's rating: 1475 &rarr; <strong>1493<\/strong><br \/>(+18 for winning)\n|l|\u2606chuggachuggachooo\n","uploadtime":1700490039,"views":5,"p1id":"chuggachuggachooo","p2id":"lazarooos","formatid":"gen9ou","rating":1429,"private":0,"password":""}