{"id":"gen9ou-1990151609","p1":"ChillyChills","p2":"MilkTeaWayGalaxy","format":"[Gen 9] OU","log":"|j|\u2606ChillyChills\n|j|\u2606MilkTeaWayGalaxy\n|t:|1699930223\n|gametype|singles\n|player|p1|ChillyChills|alec-anime|\n|player|p2|MilkTeaWayGalaxy|lady|\n|teamsize|p1|6\n|teamsize|p2|6\n|gen|9\n|tier|[Gen 9] OU\n|rule|Sleep Clause Mod: Limit one foe put to sleep\n|rule|Species Clause: Limit one of each Pok\u00e9mon\n|rule|OHKO Clause: OHKO moves are banned\n|rule|Evasion Items Clause: Evasion items are banned\n|rule|Evasion Moves Clause: Evasion moves are banned\n|rule|Endless Battle Clause: Forcing endless battles is banned\n|rule|HP Percentage Mod: HP is shown in percentages\n|clearpoke\n|poke|p1|Gengar, F|\n|poke|p1|Grimmsnarl, M|\n|poke|p1|Munkidori, M|\n|poke|p1|Dusknoir, F|\n|poke|p1|Slowking-Galar, M|\n|poke|p1|Muk-Alola, F|\n|poke|p2|Munkidori, M|\n|poke|p2|Hatterene, F|\n|poke|p2|Iron Valiant|\n|poke|p2|Dragonite, F|\n|poke|p2|Dusknoir, M|\n|poke|p2|Slowbro-Galar, F|\n|teampreview\n|c|\u2606MilkTeaWayGalaxy|glhf!\n|c|\u2606ChillyChills|glgl!\n|\n|t:|1699930265\n|start\n|switch|p1a: Gengar|Gengar, F|100\/100\n|switch|p2a: Mm... Dwagon.|Dragonite, F|100\/100\n|turn|1\n|\n|t:|1699930271\n|-terastallize|p2a: Mm... Dwagon.|Rock\n|move|p1a: Gengar|Metronome|p1a: Gengar\n|move|p1a: Gengar|Seed Bomb|p2a: Mm... Dwagon.|[from]move: Metronome\n|-supereffective|p2a: Mm... Dwagon.\n|-damage|p2a: Mm... Dwagon.|87\/100\n|-enditem|p2a: Mm... Dwagon.|Weakness Policy\n|-boost|p2a: Mm... Dwagon.|atk|2|[from] item: Weakness Policy\n|-boost|p2a: Mm... Dwagon.|spa|2|[from] item: Weakness Policy\n|move|p2a: Mm... Dwagon.|Metronome|p2a: Mm... Dwagon.\n|move|p2a: Mm... Dwagon.|Defense Curl|p2a: Mm... Dwagon.|[from]move: Metronome\n|-boost|p2a: Mm... Dwagon.|def|1\n|\n|upkeep\n|turn|2\n|c|\u2606ChillyChills|sheesh\n|c|\u2606MilkTeaWayGalaxy|Well that went kinda perfectly-\n|\n|t:|1699930290\n|move|p1a: Gengar|Metronome|p1a: Gengar\n|move|p1a: Gengar|Vise Grip|p2a: Mm... Dwagon.|[from]move: Metronome\n|-resisted|p2a: Mm... Dwagon.\n|-damage|p2a: Mm... Dwagon.|85\/100\n|move|p2a: Mm... Dwagon.|Metronome|p2a: Mm... Dwagon.\n|move|p2a: Mm... Dwagon.|Bullet Punch|p1a: Gengar|[from]move: Metronome\n|-damage|p1a: Gengar|66\/100\n|-start|p2a: Mm... Dwagon.|Disable|Metronome|[from] ability: Cursed Body|[of] p1a: Gengar\n|\n|-heal|p1a: Gengar|72\/100|[from] item: Black Sludge\n|upkeep\n|turn|3\n|c|\u2606ChillyChills|rip\n|c|\u2606MilkTeaWayGalaxy|o h n o\n|\n|t:|1699930303\n|move|p1a: Gengar|Metronome|p1a: Gengar\n|move|p1a: Gengar|Draining Kiss|p2a: Mm... Dwagon.|[from]move: Metronome\n|-damage|p2a: Mm... Dwagon.|71\/100\n|-heal|p1a: Gengar|84\/100|[from] drain|[of] p2a: Mm... Dwagon.\n|-activate|p2a: Mm... Dwagon.|move: Struggle\n|move|p2a: Mm... Dwagon.|Struggle|p1a: Gengar\n|-damage|p1a: Gengar|42\/100\n|-damage|p2a: Mm... Dwagon.|46\/100|[from] recoil\n|\n|-heal|p1a: Gengar|48\/100|[from] item: Black Sludge\n|upkeep\n|turn|4\n|\n|t:|1699930313\n|switch|p1a: Grimmsnarl|Grimmsnarl, M|100\/100\n|-activate|p2a: Mm... Dwagon.|move: Struggle\n|move|p2a: Mm... Dwagon.|Struggle|p1a: Grimmsnarl\n|-damage|p1a: Grimmsnarl|69\/100\n|-enditem|p1a: Grimmsnarl|Jaboca Berry|[eat]\n|-damage|p2a: Mm... Dwagon.|34\/100|[from] item: Jaboca Berry|[of] p1a: Grimmsnarl\n|-damage|p2a: Mm... Dwagon.|9\/100|[from] recoil\n|\n|upkeep\n|turn|5\n|c|\u2606MilkTeaWayGalaxy|evil\n|\n|t:|1699930326\n|switch|p1a: Slowking|Slowking-Galar, M|100\/100\n|-activate|p2a: Mm... Dwagon.|move: Struggle\n|move|p2a: Mm... Dwagon.|Struggle|p1a: Slowking\n|-crit|p1a: Slowking\n|-damage|p1a: Slowking|57\/100\n|-damage|p2a: Mm... Dwagon.|0 fnt|[from] recoil\n|faint|p2a: Mm... Dwagon.\n|\n|upkeep\n|c|\u2606ChillyChills|had to be done oops\n|\n|t:|1699930335\n|switch|p2a: Shhhhhh|Hatterene, F|100\/100\n|turn|6\n|c|\u2606MilkTeaWayGalaxy|:(\\\n|\n|t:|1699930346\n|switch|p1a: Dusknoir|Dusknoir, F|100\/100\n|-ability|p1a: Dusknoir|Pressure\n|move|p2a: Shhhhhh|Metronome|p2a: Shhhhhh\n|move|p2a: Shhhhhh|Esper Wing|p1a: Dusknoir|[from]move: Metronome\n|-damage|p1a: Dusknoir|38\/100\n|-boost|p2a: Shhhhhh|spe|1\n|\n|-heal|p1a: Dusknoir|44\/100|[from] item: Leftovers\n|upkeep\n|turn|7\n|c|\u2606ChillyChills|ohhh\n|\n|t:|1699930357\n|move|p2a: Shhhhhh|Metronome|p2a: Shhhhhh\n|move|p2a: Shhhhhh|Aqua Ring|p2a: Shhhhhh|[from]move: Metronome\n|-start|p2a: Shhhhhh|Aqua Ring\n|move|p1a: Dusknoir|Metronome|p1a: Dusknoir\n|move|p1a: Dusknoir|Forest's Curse|p2a: Shhhhhh|[from]move: Metronome\n|move|p2a: Shhhhhh|Forest's Curse|p1a: Dusknoir|[from]ability: Magic Bounce\n|-start|p1a: Dusknoir|typeadd|Grass|[from] move: Forest's Curse\n|\n|-heal|p1a: Dusknoir|50\/100|[from] item: Leftovers\n|upkeep\n|turn|8\n|c|\u2606MilkTeaWayGalaxy|nou\n|\n|t:|1699930370\n|move|p2a: Shhhhhh|Metronome|p2a: Shhhhhh\n|move|p2a: Shhhhhh|Curse|p2a: Shhhhhh|[from]move: Metronome\n|-unboost|p2a: Shhhhhh|spe|1\n|-boost|p2a: Shhhhhh|atk|1\n|-boost|p2a: Shhhhhh|def|1\n|move|p1a: Dusknoir|Metronome|p1a: Dusknoir\n|move|p1a: Dusknoir|Infernal Parade|p2a: Shhhhhh|[from]move: Metronome\n|-supereffective|p2a: Shhhhhh\n|-damage|p2a: Shhhhhh|68\/100\n|\n|-heal|p1a: Dusknoir|57\/100|[from] item: Leftovers\n|-heal|p2a: Shhhhhh|74\/100|[from] Aqua Ring\n|upkeep\n|turn|9\n|\n|t:|1699930382\n|move|p1a: Dusknoir|Metronome|p1a: Dusknoir\n|move|p1a: Dusknoir|Bitter Blade|p2a: Shhhhhh|[from]move: Metronome\n|-damage|p2a: Shhhhhh|58\/100\n|-heal|p1a: Dusknoir|65\/100|[from] drain|[of] p2a: Shhhhhh\n|move|p2a: Shhhhhh|Metronome|p2a: Shhhhhh\n|move|p2a: Shhhhhh|Last Resort||[from]move: Metronome|[still]\n|-fail|p2a: Shhhhhh\n|\n|-heal|p1a: Dusknoir|71\/100|[from] item: Leftovers\n|-heal|p2a: Shhhhhh|64\/100|[from] Aqua Ring\n|upkeep\n|turn|10\n|c|\u2606ChillyChills|wait but why\n|c|\u2606MilkTeaWayGalaxy|I have no idea\n|c|\u2606ChillyChills|weirdge\n|c|\u2606MilkTeaWayGalaxy|Last Resort just doesn't work\n|c|\u2606MilkTeaWayGalaxy|It's tried a few times\n|\n|t:|1699930416\n|switch|p1a: Munkidori|Munkidori, M|100\/100\n|move|p2a: Shhhhhh|Metronome|p2a: Shhhhhh\n|move|p2a: Shhhhhh|Sludge|p1a: Munkidori|[from]move: Metronome\n|-resisted|p1a: Munkidori\n|-damage|p1a: Munkidori|83\/100\n|\n|-heal|p1a: Munkidori|89\/100|[from] item: Black Sludge\n|-heal|p2a: Shhhhhh|70\/100|[from] Aqua Ring\n|upkeep\n|turn|11\n|\n|t:|1699930426\n|move|p1a: Munkidori|Metronome|p1a: Munkidori\n|move|p1a: Munkidori|Nasty Plot|p1a: Munkidori|[from]move: Metronome\n|-boost|p1a: Munkidori|spa|2\n|move|p2a: Shhhhhh|Metronome|p2a: Shhhhhh\n|move|p2a: Shhhhhh|Shift Gear|p2a: Shhhhhh|[from]move: Metronome\n|-boost|p2a: Shhhhhh|spe|2\n|-boost|p2a: Shhhhhh|atk|1\n|\n|-heal|p1a: Munkidori|95\/100|[from] item: Black Sludge\n|-heal|p2a: Shhhhhh|76\/100|[from] Aqua Ring\n|upkeep\n|turn|12\n|c|\u2606MilkTeaWayGalaxy|ohno\n|c|\u2606ChillyChills|monkey cook\n|\n|t:|1699930439\n|move|p1a: Munkidori|Metronome|p1a: Munkidori\n|move|p1a: Munkidori|Body Slam|p2a: Shhhhhh|[from]move: Metronome\n|-damage|p2a: Shhhhhh|63\/100\n|-status|p2a: Shhhhhh|tox|[from] ability: Toxic Chain|[of] p1a: Munkidori\n|move|p2a: Shhhhhh|Metronome|p2a: Shhhhhh\n|move|p2a: Shhhhhh|Thunder Punch|p1a: Munkidori|[from]move: Metronome\n|-damage|p1a: Munkidori|67\/100\n|\n|-heal|p1a: Munkidori|73\/100|[from] item: Black Sludge\n|-heal|p2a: Shhhhhh|69\/100 tox|[from] Aqua Ring\n|-damage|p2a: Shhhhhh|63\/100 tox|[from] psn\n|upkeep\n|turn|13\n|c|\u2606ChillyChills|well not the cook I thought but sure\n|\n|t:|1699930451\n|move|p1a: Munkidori|Metronome|p1a: Munkidori\n|move|p1a: Munkidori|Screech|p2a: Shhhhhh|[from]move: Metronome\n|move|p2a: Shhhhhh|Screech|p1a: Munkidori|[from]ability: Magic Bounce\n|-unboost|p1a: Munkidori|def|2\n|move|p2a: Shhhhhh|Metronome|p2a: Shhhhhh\n|move|p2a: Shhhhhh|Stockpile|p2a: Shhhhhh|[from]move: Metronome\n|-start|p2a: Shhhhhh|stockpile1\n|-boost|p2a: Shhhhhh|def|1\n|-boost|p2a: Shhhhhh|spd|1\n|\n|-heal|p1a: Munkidori|79\/100|[from] item: Black Sludge\n|-heal|p2a: Shhhhhh|69\/100 tox|[from] Aqua Ring\n|-damage|p2a: Shhhhhh|57\/100 tox|[from] psn\n|upkeep\n|turn|14\n|c|\u2606MilkTeaWayGalaxy|nou\n|c|\u2606ChillyChills|dont u no u me pls\n|\n|t:|1699930466\n|move|p1a: Munkidori|Metronome|p1a: Munkidori\n|move|p1a: Munkidori|Whirlpool|p2a: Shhhhhh|[from]move: Metronome|[miss]\n|-miss|p1a: Munkidori|p2a: Shhhhhh\n|move|p2a: Shhhhhh|Metronome|p2a: Shhhhhh\n|move|p2a: Shhhhhh|Acid Armor|p2a: Shhhhhh|[from]move: Metronome\n|-boost|p2a: Shhhhhh|def|2\n|\n|-heal|p1a: Munkidori|85\/100|[from] item: Black Sludge\n|-heal|p2a: Shhhhhh|63\/100 tox|[from] Aqua Ring\n|-damage|p2a: Shhhhhh|45\/100 tox|[from] psn\n|upkeep\n|turn|15\n|c|\u2606MilkTeaWayGalaxy|hgfhfgjhfgj\n|c|\u2606ChillyChills|gdi\n|c|\u2606MilkTeaWayGalaxy|damn\n|c|\u2606MilkTeaWayGalaxy|It's fine I'm just buffing my stats while poisoned apparently\n|c|\u2606MilkTeaWayGalaxy|but if I get Stored Power it's all over XD\n|c|\u2606ChillyChills|metronome moment\n|\n|t:|1699930501\n|move|p1a: Munkidori|Metronome|p1a: Munkidori\n|move|p1a: Munkidori|Boomburst|p2a: Shhhhhh|[from]move: Metronome\n|-damage|p2a: Shhhhhh|0 fnt\n|faint|p2a: Shhhhhh\n|\n|-heal|p1a: Munkidori|91\/100|[from] item: Black Sludge\n|upkeep\n|c|\u2606MilkTeaWayGalaxy|dam\n|c|\u2606ChillyChills|ouuu\n|\n|t:|1699930519\n|switch|p2a: In Memorium...|Slowbro-Galar, F, shiny|100\/100\n|turn|16\n|\n|t:|1699930522\n|move|p1a: Munkidori|Metronome|p1a: Munkidori\n|move|p1a: Munkidori|Substitute|p1a: Munkidori|[from]move: Metronome\n|-start|p1a: Munkidori|Substitute\n|-damage|p1a: Munkidori|66\/100\n|move|p2a: In Memorium...|Metronome|p2a: In Memorium...\n|move|p2a: In Memorium...|Thrash|p1a: Munkidori|[from]move: Metronome\n|-end|p1a: Munkidori|Substitute\n|\n|-heal|p1a: Munkidori|72\/100|[from] item: Black Sludge\n|upkeep\n|turn|17\n|c|\u2606ChillyChills|lol\n|\n|t:|1699930533\n|switch|p1a: Dusknoir|Dusknoir, F|71\/100\n|-ability|p1a: Dusknoir|Pressure\n|move|p2a: In Memorium...|Thrash|p1a: Dusknoir|[from]lockedmove\n|-immune|p1a: Dusknoir\n|\n|-heal|p1a: Dusknoir|77\/100|[from] item: Leftovers\n|upkeep\n|turn|18\n|\n|t:|1699930547\n|switch|p2a: mmmmmonkeee|Munkidori, M|100\/100\n|move|p1a: Dusknoir|Metronome|p1a: Dusknoir\n|move|p1a: Dusknoir|Wave Crash|p2a: mmmmmonkeee|[from]move: Metronome\n|-damage|p2a: mmmmmonkeee|57\/100\n|-damage|p1a: Dusknoir|62\/100|[from] Recoil\n|\n|-heal|p2a: mmmmmonkeee|63\/100|[from] item: Black Sludge\n|-heal|p1a: Dusknoir|68\/100|[from] item: Leftovers\n|upkeep\n|turn|19\n|\n|t:|1699930554\n|switch|p1a: Gengar|Gengar, F|48\/100\n|move|p2a: mmmmmonkeee|Metronome|p2a: mmmmmonkeee\n|move|p2a: mmmmmonkeee|Overheat|p1a: Gengar|[from]move: Metronome\n|-damage|p1a: Gengar|0 fnt\n|-unboost|p2a: mmmmmonkeee|spa|2\n|faint|p1a: Gengar\n|\n|-heal|p2a: mmmmmonkeee|69\/100|[from] item: Black Sludge\n|upkeep\n|\n|t:|1699930559\n|switch|p1a: Slowking|Slowking-Galar, M|91\/100\n|turn|20\n|\n|t:|1699930573\n|switch|p2a: Big Hug! :D|Dusknoir, M|100\/100\n|-ability|p2a: Big Hug! :D|Pressure\n|move|p1a: Slowking|Metronome|p1a: Slowking\n|move|p1a: Slowking|Poison Sting|p2a: Big Hug! :D|[from]move: Metronome\n|-resisted|p2a: Big Hug! :D\n|-damage|p2a: Big Hug! :D|99\/100\n|-status|p2a: Big Hug! :D|psn\n|\n|-heal|p2a: Big Hug! :D|100\/100 psn|[from] item: Leftovers\n|-damage|p2a: Big Hug! :D|88\/100 psn|[from] psn\n|upkeep\n|turn|21\n|c|\u2606ChillyChills|lol\n|\n|t:|1699930581\n|switch|p1a: Grimmsnarl|Grimmsnarl, M|69\/100\n|move|p2a: Big Hug! :D|Metronome|p2a: Big Hug! :D\n|move|p2a: Big Hug! :D|Draco Meteor|p1a: Grimmsnarl|[from]move: Metronome\n|-immune|p1a: Grimmsnarl\n|\n|-heal|p2a: Big Hug! :D|94\/100 psn|[from] item: Leftovers\n|-damage|p2a: Big Hug! :D|82\/100 psn|[from] psn\n|upkeep\n|turn|22\n|c|\u2606MilkTeaWayGalaxy|unlucky\n|c|\u2606MilkTeaWayGalaxy|gdi\n|c|\u2606ChillyChills|my brain was big brain\n|\n|t:|1699930600\n|move|p1a: Grimmsnarl|Metronome|p1a: Grimmsnarl\n|move|p1a: Grimmsnarl|Take Heart|p1a: Grimmsnarl|[from]move: Metronome\n|-boost|p1a: Grimmsnarl|spa|1\n|-boost|p1a: Grimmsnarl|spd|1\n|move|p2a: Big Hug! :D|Metronome|p2a: Big Hug! :D\n|move|p2a: Big Hug! :D|Charge Beam|p1a: Grimmsnarl|[from]move: Metronome\n|-damage|p1a: Grimmsnarl|63\/100\n|-boost|p2a: Big Hug! :D|spa|1\n|\n|-heal|p2a: Big Hug! :D|88\/100 psn|[from] item: Leftovers\n|-damage|p2a: Big Hug! :D|76\/100 psn|[from] psn\n|upkeep\n|turn|23\n|\n|t:|1699930609\n|move|p1a: Grimmsnarl|Metronome|p1a: Grimmsnarl\n|move|p1a: Grimmsnarl|Heavy Slam|p2a: Big Hug! :D|[from]move: Metronome\n|-damage|p2a: Big Hug! :D|68\/100 psn\n|move|p2a: Big Hug! :D|Metronome|p2a: Big Hug! :D\n|move|p2a: Big Hug! :D|Beat Up|p1a: Grimmsnarl|[from]move: Metronome\n|-resisted|p1a: Grimmsnarl\n|-damage|p1a: Grimmsnarl|63\/100\n|-resisted|p1a: Grimmsnarl\n|-damage|p1a: Grimmsnarl|62\/100\n|-resisted|p1a: Grimmsnarl\n|-damage|p1a: Grimmsnarl|61\/100\n|-resisted|p1a: Grimmsnarl\n|-damage|p1a: Grimmsnarl|60\/100\n|-hitcount|p1a: Grimmsnarl|4\n|\n|-heal|p2a: Big Hug! :D|74\/100 psn|[from] item: Leftovers\n|-damage|p2a: Big Hug! :D|61\/100 psn|[from] psn\n|upkeep\n|turn|24\n|\n|t:|1699930624\n|move|p1a: Grimmsnarl|Metronome|p1a: Grimmsnarl\n|move|p1a: Grimmsnarl|Heart Swap|p2a: Big Hug! :D|[from]move: Metronome\n|-swapboost|p1a: Grimmsnarl|p2a: Big Hug! :D|[from] move: Heart Swap\n|move|p2a: Big Hug! :D|Metronome|p2a: Big Hug! :D\n|move|p2a: Big Hug! :D|Razor Shell|p1a: Grimmsnarl|[from]move: Metronome\n|-damage|p1a: Grimmsnarl|45\/100\n|-enditem|p2a: Big Hug! :D|Leftovers|[silent]|[from] ability: Pickpocket|[of] p2a: Big Hug! :D\n|-item|p1a: Grimmsnarl|Leftovers|[from] ability: Pickpocket|[of] p2a: Big Hug! :D\n|\n|-heal|p1a: Grimmsnarl|51\/100|[from] item: Leftovers\n|-damage|p2a: Big Hug! :D|49\/100 psn|[from] psn\n|upkeep\n|turn|25\n|c|\u2606ChillyChills|omfg\n|c|\u2606MilkTeaWayGalaxy|thanks for the SpD buff xD\n|c|\u2606ChillyChills|oh big\n|\n|t:|1699930642\n|move|p1a: Grimmsnarl|Metronome|p1a: Grimmsnarl\n|move|p1a: Grimmsnarl|Mud-Slap|p2a: Big Hug! :D|[from]move: Metronome\n|-damage|p2a: Big Hug! :D|45\/100 psn\n|-unboost|p2a: Big Hug! :D|accuracy|1\n|move|p2a: Big Hug! :D|Metronome|p2a: Big Hug! :D\n|move|p2a: Big Hug! :D|Scorching Sands|p1a: Grimmsnarl|[from]move: Metronome\n|-damage|p1a: Grimmsnarl|34\/100\n|-status|p1a: Grimmsnarl|brn\n|\n|-heal|p1a: Grimmsnarl|40\/100 brn|[from] item: Leftovers\n|-damage|p2a: Big Hug! :D|33\/100 psn|[from] psn\n|-damage|p1a: Grimmsnarl|34\/100 brn|[from] brn\n|upkeep\n|turn|26\n|c|\u2606ChillyChills|nooooo\n|c|\u2606MilkTeaWayGalaxy|also big\n|\n|t:|1699930660\n|switch|p2a: In Memorium...|Slowbro-Galar, F, shiny|100\/100\n|move|p1a: Grimmsnarl|Metronome|p1a: Grimmsnarl\n|move|p1a: Grimmsnarl|Swords Dance|p1a: Grimmsnarl|[from]move: Metronome\n|-boost|p1a: Grimmsnarl|atk|2\n|\n|-heal|p1a: Grimmsnarl|40\/100 brn|[from] item: Leftovers\n|-damage|p1a: Grimmsnarl|34\/100 brn|[from] brn\n|upkeep\n|turn|27\n|\n|t:|1699930665\n|move|p1a: Grimmsnarl|Metronome|p1a: Grimmsnarl\n|move|p1a: Grimmsnarl|Bulk Up|p1a: Grimmsnarl|[from]move: Metronome\n|-boost|p1a: Grimmsnarl|atk|1\n|-boost|p1a: Grimmsnarl|def|1\n|move|p2a: In Memorium...|Metronome|p2a: In Memorium...\n|move|p2a: In Memorium...|Poison Fang|p1a: Grimmsnarl|[from]move: Metronome\n|-supereffective|p1a: Grimmsnarl\n|-crit|p1a: Grimmsnarl\n|-damage|p1a: Grimmsnarl|0 fnt\n|faint|p1a: Grimmsnarl\n|\n|upkeep\n|c|\u2606ChillyChills|omg\n|c|\u2606MilkTeaWayGalaxy|welp\n|c|\u2606ChillyChills|lmao tbh\n|\n|t:|1699930680\n|switch|p1a: Dusknoir|Dusknoir, F|68\/100\n|-ability|p1a: Dusknoir|Pressure\n|turn|28\n|\n|t:|1699930688\n|switch|p2a: Big Hug! :D|Dusknoir, M|33\/100 psn\n|-ability|p2a: Big Hug! :D|Pressure\n|move|p1a: Dusknoir|Metronome|p1a: Dusknoir\n|move|p1a: Dusknoir|Wing Attack|p2a: Big Hug! :D|[from]move: Metronome\n|-damage|p2a: Big Hug! :D|22\/100 psn\n|\n|-heal|p1a: Dusknoir|74\/100|[from] item: Leftovers\n|-damage|p2a: Big Hug! :D|10\/100 psn|[from] psn\n|upkeep\n|turn|29\n|\n|t:|1699930695\n|switch|p1a: Slowking|Slowking-Galar, M|100\/100\n|move|p2a: Big Hug! :D|Metronome|p2a: Big Hug! :D\n|move|p2a: Big Hug! :D|Infestation|p1a: Slowking|[from]move: Metronome\n|-damage|p1a: Slowking|98\/100\n|-activate|p1a: Slowking|move: Infestation|[of] p2a: Big Hug! :D\n|\n|-damage|p2a: Big Hug! :D|0 fnt|[from] psn\n|faint|p2a: Big Hug! :D\n|-end|p1a: Slowking|Infestation|[partiallytrapped]|[silent]\n|upkeep\n|\n|t:|1699930703\n|switch|p2a: Very Gender|Iron Valiant, shiny|100\/100\n|-enditem|p2a: Very Gender|Booster Energy\n|-activate|p2a: Very Gender|ability: Quark Drive|[fromitem]\n|-start|p2a: Very Gender|quarkdriveatk\n|turn|30\n|\n|t:|1699930708\n|move|p2a: Very Gender|Metronome|p2a: Very Gender\n|move|p2a: Very Gender|Hyper Voice|p1a: Slowking|[from]move: Metronome\n|-damage|p1a: Slowking|80\/100\n|move|p1a: Slowking|Metronome|p1a: Slowking\n|move|p1a: Slowking|Stuff Cheeks|p1a: Slowking|[from]move: Metronome\n|-boost|p1a: Slowking|def|2\n|-enditem|p1a: Slowking|Leppa Berry|[eat]\n|-activate|p1a: Slowking|item: Leppa Berry|Metronome|[consumed]\n|\n|upkeep\n|turn|31\n|c|\u2606ChillyChills|based name\n|c|\u2606MilkTeaWayGalaxy|real lol\n|c|\u2606ChillyChills|WAIT NO LOL\n|c|\u2606MilkTeaWayGalaxy|OMG\n|\n|t:|1699930725\n|move|p2a: Very Gender|Metronome|p2a: Very Gender\n|move|p2a: Very Gender|Razor Leaf|p1a: Slowking|[from]move: Metronome\n|-resisted|p1a: Slowking\n|-damage|p1a: Slowking|75\/100\n|move|p1a: Slowking|Metronome|p1a: Slowking\n|move|p1a: Slowking|Payback|p2a: Very Gender|[from]move: Metronome\n|-resisted|p2a: Very Gender\n|-damage|p2a: Very Gender|95\/100\n|\n|upkeep\n|turn|32\n|\n|t:|1699930732\n|move|p2a: Very Gender|Metronome|p2a: Very Gender\n|move|p2a: Very Gender|Dragon Pulse|p1a: Slowking|[from]move: Metronome\n|-damage|p1a: Slowking|55\/100\n|move|p1a: Slowking|Metronome|p1a: Slowking\n|move|p1a: Slowking|Water Gun|p2a: Very Gender|[from]move: Metronome\n|-damage|p2a: Very Gender|74\/100\n|\n|upkeep\n|turn|33\n|\n|t:|1699930740\n|move|p2a: Very Gender|Metronome|p2a: Very Gender\n|move|p2a: Very Gender|Dive||[from]move: Metronome|[still]\n|-prepare|p2a: Very Gender|Dive\n|move|p1a: Slowking|Metronome|p1a: Slowking\n|move|p1a: Slowking|Splash|p1a: Slowking|[from]move: Metronome\n|-nothing\n|\n|upkeep\n|turn|34\n|c|\u2606MilkTeaWayGalaxy|Splash my Beloved\n|c|\u2606ChillyChills|based splash\n|\n|t:|1699930750\n|move|p2a: Very Gender|Dive|p1a: Slowking|[from]lockedmove\n|-damage|p1a: Slowking|39\/100\n|move|p1a: Slowking|Metronome|p1a: Slowking\n|move|p1a: Slowking|Tar Shot|p2a: Very Gender|[from]move: Metronome\n|-unboost|p2a: Very Gender|spe|1\n|-start|p2a: Very Gender|Tar Shot\n|\n|upkeep\n|turn|35\n|\n|t:|1699930757\n|move|p2a: Very Gender|Metronome|p2a: Very Gender\n|move|p2a: Very Gender|Bubble Beam|p1a: Slowking|[from]move: Metronome\n|-damage|p1a: Slowking|26\/100\n|move|p1a: Slowking|Metronome|p1a: Slowking\n|move|p1a: Slowking|Court Change||[from]move: Metronome|[still]\n|-swapsideconditions\n|-fail|p1a: Slowking\n|\n|upkeep\n|turn|36\n|\n|t:|1699930764\n|switch|p1a: Dusknoir|Dusknoir, F|74\/100\n|-ability|p1a: Dusknoir|Pressure\n|move|p2a: Very Gender|Metronome|p2a: Very Gender\n|move|p2a: Very Gender|Dark Void|p1a: Dusknoir|[from]move: Metronome\n|-fail|p2a: Very Gender|move: Dark Void\n|-hint|Only a Pokemon whose form is Darkrai can use this move.\n|\n|-heal|p1a: Dusknoir|80\/100|[from] item: Leftovers\n|upkeep\n|turn|37\n|c|\u2606MilkTeaWayGalaxy|:T\n|c|\u2606ChillyChills|dark void still in metronome lol\n|\n|t:|1699930778\n|move|p2a: Very Gender|Metronome|p2a: Very Gender\n|move|p2a: Very Gender|Water Spout|p1a: Dusknoir|[from]move: Metronome\n|-damage|p1a: Dusknoir|55\/100\n|move|p1a: Dusknoir|Metronome|p1a: Dusknoir\n|move|p1a: Dusknoir|Hold Back|p2a: Very Gender|[from]move: Metronome\n|-damage|p2a: Very Gender|62\/100\n|\n|-heal|p1a: Dusknoir|61\/100|[from] item: Leftovers\n|upkeep\n|turn|38\n|c|\u2606MilkTeaWayGalaxy|Shouldn't be lol\n|c|\u2606ChillyChills|wait tf\n|c|\u2606ChillyChills|!dt hold back\n|raw|<ul class=\"utilichart\"><li class=\"result\"><span class=\"col movenamecol\"><a href=\"https:\/\/dex.pokemonshowdown.com\/moves\/holdback\">Hold Back<\/a><\/span> <span class=\"col typecol\"><img src=\"\/\/play.pokemonshowdown.com\/sprites\/types\/Normal.png\" alt=\"Normal\" width=\"32\" height=\"14\"><img src=\"\/\/play.pokemonshowdown.com\/sprites\/categories\/Physical.png\" alt=\"Physical\" width=\"32\" height=\"14\"><\/span> <span class=\"col labelcol\"><em>Power<\/em><br>40<\/span> <span class=\"col widelabelcol\"><em>Accuracy<\/em><br>100%<\/span> <span class=\"col pplabelcol\"><em>PP<\/em><br>64<\/span> <span class=\"col movedesccol\">Always leaves the target with at least 1 HP.<\/span> <\/li><li style=\"clear:both\"><\/li><\/ul>\n|raw|<font size=\"1\"><font color=\"#686868\">Priority:<\/font> 0&nbsp;|&ThickSpace;<font color=\"#686868\">Gen:<\/font> 6&nbsp;|&ThickSpace;&#10003; Contact&nbsp;|&ThickSpace;<font color=\"#686868\">Z-Power:<\/font> 100&nbsp;|&ThickSpace;<font color=\"#686868\">Dynamax Power:<\/font> 90&nbsp;|&ThickSpace;<font color=\"#686868\">Target:<\/font> One Adjacent Pok\u00e9mon<\/font>\n\n|c|\u2606ChillyChills|???\n|c|\u2606ChillyChills|what kinda move\n|c|\u2606MilkTeaWayGalaxy|!dt false swipe\n|raw|<ul class=\"utilichart\"><li class=\"result\"><span class=\"col movenamecol\"><a href=\"https:\/\/dex.pokemonshowdown.com\/moves\/falseswipe\">False Swipe<\/a><\/span> <span class=\"col typecol\"><img src=\"\/\/play.pokemonshowdown.com\/sprites\/types\/Normal.png\" alt=\"Normal\" width=\"32\" height=\"14\"><img src=\"\/\/play.pokemonshowdown.com\/sprites\/categories\/Physical.png\" alt=\"Physical\" width=\"32\" height=\"14\"><\/span> <span class=\"col labelcol\"><em>Power<\/em><br>40<\/span> <span class=\"col widelabelcol\"><em>Accuracy<\/em><br>100%<\/span> <span class=\"col pplabelcol\"><em>PP<\/em><br>64<\/span> <span class=\"col movedesccol\">Always leaves the target with at least 1 HP.<\/span> <\/li><li style=\"clear:both\"><\/li><\/ul>\n|raw|<font size=\"1\"><font color=\"#686868\">Priority:<\/font> 0&nbsp;|&ThickSpace;<font color=\"#686868\">Gen:<\/font> 2&nbsp;|&ThickSpace;&#10003; Contact&nbsp;|&ThickSpace;<font color=\"#686868\">Z-Power:<\/font> 100&nbsp;|&ThickSpace;<font color=\"#686868\">Dynamax Power:<\/font> 90&nbsp;|&ThickSpace;<font color=\"#686868\">Target:<\/font> One Adjacent Pok\u00e9mon<\/font>\n\n|c|\u2606ChillyChills|another flase swipe\n|c|\u2606MilkTeaWayGalaxy|literally just\n|c|\u2606MilkTeaWayGalaxy|wild\n|c|\u2606MilkTeaWayGalaxy|It does the exact same thing\n|\n|t:|1699930819\n|switch|p1a: Slowking|Slowking-Galar, M|59\/100\n|move|p2a: Very Gender|Metronome|p2a: Very Gender\n|move|p2a: Very Gender|Dragon Pulse|p1a: Slowking|[from]move: Metronome\n|-damage|p1a: Slowking|41\/100\n|\n|upkeep\n|turn|39\n|c|\u2606MilkTeaWayGalaxy|Why it exist? XD\n|\n|t:|1699930826\n|switch|p1a: Muk|Muk-Alola, F|100\/100\n|move|p2a: Very Gender|Metronome|p2a: Very Gender\n|move|p2a: Very Gender|Reversal|p1a: Muk|[from]move: Metronome\n|-damage|p1a: Muk|77\/100\n|\n|-heal|p1a: Muk|83\/100|[from] item: Black Sludge\n|upkeep\n|turn|40\n|c|\u2606ChillyChills|alternatives ig\n|\n|t:|1699930835\n|move|p2a: Very Gender|Metronome|p2a: Very Gender\n|move|p2a: Very Gender|Hold Back|p1a: Muk|[from]move: Metronome\n|-damage|p1a: Muk|68\/100\n|move|p1a: Muk|Metronome|p1a: Muk\n|move|p1a: Muk|Whirlpool|p2a: Very Gender|[from]move: Metronome\n|-damage|p2a: Very Gender|50\/100\n|-activate|p2a: Very Gender|move: Whirlpool|[of] p1a: Muk\n|\n|-heal|p1a: Muk|74\/100|[from] item: Black Sludge\n|-damage|p2a: Very Gender|38\/100|[from] move: Whirlpool|[partiallytrapped]\n|upkeep\n|turn|41\n|c|\u2606MilkTeaWayGalaxy|I guess lol\n|c|\u2606ChillyChills|omfg\n|c|\u2606MilkTeaWayGalaxy|o hey I got it too XD\n|\n|t:|1699930844\n|move|p2a: Very Gender|Metronome|p2a: Very Gender\n|move|p2a: Very Gender|Sheer Cold|p1a: Muk|[from]move: Metronome|[miss]\n|-miss|p2a: Very Gender|p1a: Muk\n|move|p1a: Muk|Metronome|p1a: Muk\n|move|p1a: Muk|Glaive Rush|p2a: Very Gender|[from]move: Metronome\n|-immune|p2a: Very Gender\n|\n|-heal|p1a: Muk|80\/100|[from] item: Black Sludge\n|-damage|p2a: Very Gender|25\/100|[from] move: Whirlpool|[partiallytrapped]\n|upkeep\n|turn|42\n|c|\u2606MilkTeaWayGalaxy|:(\n|c|\u2606ChillyChills|DSAFDSADFSHKDF\n|\n|t:|1699930855\n|move|p2a: Very Gender|Metronome|p2a: Very Gender\n|move|p2a: Very Gender|Feather Dance|p1a: Muk|[from]move: Metronome\n|-unboost|p1a: Muk|atk|2\n|move|p1a: Muk|Metronome|p1a: Muk\n|move|p1a: Muk|Ice Hammer|p2a: Very Gender|[from]move: Metronome\n|-damage|p2a: Very Gender|11\/100\n|-unboost|p1a: Muk|spe|1\n|-status|p2a: Very Gender|psn|[from] ability: Poison Touch|[of] p1a: Muk\n|\n|-heal|p1a: Muk|86\/100|[from] item: Black Sludge\n|-damage|p2a: Very Gender|0 fnt|[from] psn\n|faint|p2a: Very Gender\n|-end|p2a: Very Gender|Quark Drive|[silent]\n|upkeep\n|c|\u2606MilkTeaWayGalaxy|gg lol\n|c|\u2606ChillyChills|sheesh\n|c|\u2606ChillyChills|gg\n|\n|t:|1699930871\n|switch|p2a: mmmmmonkeee|Munkidori, M|69\/100\n|turn|43\n|\n|t:|1699930880\n|switch|p1a: Slowking|Slowking-Galar, M|74\/100\n|move|p2a: mmmmmonkeee|Metronome|p2a: mmmmmonkeee\n|move|p2a: mmmmmonkeee|Flip Turn|p1a: Slowking|[from]move: Metronome\n|-damage|p1a: Slowking|66\/100\n|c|\u2606MilkTeaWayGalaxy|o ok\n|\n|t:|1699930888\n|switch|p2a: In Memorium...|Slowbro-Galar, F, shiny|100\/100|[from] Flip Turn\n|\n|upkeep\n|turn|44\n|c|\u2606ChillyChills|flip turn moment\n|\n|t:|1699930895\n|move|p1a: Slowking|Metronome|p1a: Slowking\n|move|p1a: Slowking|Charge|p1a: Slowking|[from]move: Metronome\n|-boost|p1a: Slowking|spd|1\n|-start|p1a: Slowking|Charge\n|move|p2a: In Memorium...|Metronome|p2a: In Memorium...\n|move|p2a: In Memorium...|Shadow Ball|p1a: Slowking|[from]move: Metronome\n|-supereffective|p1a: Slowking\n|-damage|p1a: Slowking|41\/100\n|\n|upkeep\n|turn|45\n|c|\u2606ChillyChills|oww\n|\n|t:|1699930904\n|move|p2a: In Memorium...|Metronome|p2a: In Memorium...\n|move|p2a: In Memorium...|Hold Back|p1a: Slowking|[from]move: Metronome\n|-damage|p1a: Slowking|33\/100\n|move|p1a: Slowking|Metronome|p1a: Slowking\n|move|p1a: Slowking|Power Swap|p2a: In Memorium...|[from]move: Metronome\n|-swapboost|p1a: Slowking|p2a: In Memorium...|atk, spa|[from] move: Power Swap\n|\n|upkeep\n|turn|46\n|c|\u2606ChillyChills|brother moment\n|c|\u2606MilkTeaWayGalaxy|Third Hold Back Moment\n|\n|t:|1699930922\n|switch|p1a: Munkidori|Munkidori, M|72\/100\n|move|p2a: In Memorium...|Metronome|p2a: In Memorium...\n|move|p2a: In Memorium...|Flip Turn|p1a: Munkidori|[from]move: Metronome\n|-damage|p1a: Munkidori|58\/100\n|c|\u2606ChillyChills|omg\n|c|\u2606ChillyChills|repeats\n|c|\u2606MilkTeaWayGalaxy|o ok\n|\n|t:|1699930931\n|switch|p2a: mmmmmonkeee|Munkidori, M|69\/100|[from] Flip Turn\n|\n|-heal|p2a: mmmmmonkeee|75\/100|[from] item: Black Sludge\n|-heal|p1a: Munkidori|64\/100|[from] item: Black Sludge\n|upkeep\n|turn|47\n|c|\u2606ChillyChills|monke match\n|\n|t:|1699930939\n|move|p2a: mmmmmonkeee|Metronome|p2a: mmmmmonkeee\n|move|p2a: mmmmmonkeee|Psycho Cut|p1a: Munkidori|[from]move: Metronome\n|-damage|p1a: Munkidori|47\/100\n|move|p1a: Munkidori|Metronome|p1a: Munkidori\n|move|p1a: Munkidori|Dark Pulse|p2a: mmmmmonkeee|[from]move: Metronome\n|-supereffective|p2a: mmmmmonkeee\n|-damage|p2a: mmmmmonkeee|11\/100\n|\n|-heal|p2a: mmmmmonkeee|17\/100|[from] item: Black Sludge\n|-heal|p1a: Munkidori|53\/100|[from] item: Black Sludge\n|upkeep\n|turn|48\n|c|\u2606MilkTeaWayGalaxy|real\n|c|\u2606ChillyChills|oww\n|\n|t:|1699930949\n|move|p2a: mmmmmonkeee|Metronome|p2a: mmmmmonkeee\n|move|p2a: mmmmmonkeee|Parting Shot|p1a: Munkidori|[from]move: Metronome\n|-unboost|p1a: Munkidori|atk|1\n|-unboost|p1a: Munkidori|spa|1\n|c|\u2606MilkTeaWayGalaxy|owie\n|c|\u2606MilkTeaWayGalaxy|o ok\n|\n|t:|1699930955\n|switch|p2a: In Memorium...|Slowbro-Galar, F, shiny|100\/100|[from] Parting Shot\n|move|p1a: Munkidori|Metronome|p1a: Munkidori\n|move|p1a: Munkidori|Slam|p2a: In Memorium...|[from]move: Metronome\n|-damage|p2a: In Memorium...|92\/100\n|\n|-heal|p1a: Munkidori|59\/100|[from] item: Black Sludge\n|upkeep\n|turn|49\n|\n|t:|1699930962\n|switch|p1a: Muk|Muk-Alola, F|86\/100\n|move|p2a: In Memorium...|Metronome|p2a: In Memorium...\n|move|p2a: In Memorium...|Magma Storm|p1a: Muk|[from]move: Metronome|[miss]\n|-miss|p2a: In Memorium...|p1a: Muk\n|\n|-heal|p1a: Muk|92\/100|[from] item: Black Sludge\n|upkeep\n|turn|50\n|c|\u2606MilkTeaWayGalaxy|:(\n|\n|t:|1699930970\n|move|p1a: Muk|Metronome|p1a: Muk\n|move|p1a: Muk|Arm Thrust|p2a: In Memorium...|[from]move: Metronome\n|-resisted|p2a: In Memorium...\n|-damage|p2a: In Memorium...|91\/100\n|-resisted|p2a: In Memorium...\n|-damage|p2a: In Memorium...|90\/100\n|-resisted|p2a: In Memorium...\n|-damage|p2a: In Memorium...|90\/100\n|-hitcount|p2a: In Memorium...|3\n|move|p2a: In Memorium...|Metronome|p2a: In Memorium...\n|move|p2a: In Memorium...|Circle Throw|p1a: Muk|[from]move: Metronome|[miss]\n|-miss|p2a: In Memorium...|p1a: Muk\n|\n|-heal|p1a: Muk|98\/100|[from] item: Black Sludge\n|upkeep\n|turn|51\n|c|\u2606ChillyChills|rip in pasta\n|c|\u2606MilkTeaWayGalaxy|:(\n|\n|t:|1699930981\n|move|p1a: Muk|Metronome|p1a: Muk\n|move|p1a: Muk|Disable|p2a: In Memorium...|[from]move: Metronome\n|-start|p2a: In Memorium...|Disable|Metronome\n|cant|p2a: In Memorium...|Disable|Metronome\n|\n|-heal|p1a: Muk|100\/100|[from] item: Black Sludge\n|upkeep\n|turn|52\n|c|\u2606MilkTeaWayGalaxy|welp\n|c|\u2606MilkTeaWayGalaxy|okay\n|c|\u2606ChillyChills|brother moment\n|\n|t:|1699930989\n|switch|p2a: mmmmmonkeee|Munkidori, M|17\/100\n|move|p1a: Muk|Metronome|p1a: Muk\n|move|p1a: Muk|Sludge|p2a: mmmmmonkeee|[from]move: Metronome\n|-resisted|p2a: mmmmmonkeee\n|-damage|p2a: mmmmmonkeee|7\/100\n|\n|-heal|p2a: mmmmmonkeee|13\/100|[from] item: Black Sludge\n|upkeep\n|turn|53\n|\n|t:|1699930995\n|move|p2a: mmmmmonkeee|Metronome|p2a: mmmmmonkeee\n|move|p2a: mmmmmonkeee|Ice Punch|p1a: Muk|[from]move: Metronome\n|-damage|p1a: Muk|91\/100\n|move|p1a: Muk|Metronome|p1a: Muk\n|move|p1a: Muk|Electroweb|p2a: mmmmmonkeee|[from]move: Metronome\n|-damage|p2a: mmmmmonkeee|1\/100\n|-unboost|p2a: mmmmmonkeee|spe|1\n|\n|-heal|p2a: mmmmmonkeee|7\/100|[from] item: Black Sludge\n|-heal|p1a: Muk|97\/100|[from] item: Black Sludge\n|upkeep\n|turn|54\n|\n|t:|1699931002\n|move|p2a: mmmmmonkeee|Metronome|p2a: mmmmmonkeee\n|move|p2a: mmmmmonkeee|Shock Wave|p1a: Muk|[from]move: Metronome\n|-damage|p1a: Muk|78\/100\n|move|p1a: Muk|Metronome|p1a: Muk\n|move|p1a: Muk|Double Kick|p2a: mmmmmonkeee|[from]move: Metronome\n|-resisted|p2a: mmmmmonkeee\n|-damage|p2a: mmmmmonkeee|4\/100\n|-resisted|p2a: mmmmmonkeee\n|-crit|p2a: mmmmmonkeee\n|-damage|p2a: mmmmmonkeee|0 fnt\n|faint|p2a: mmmmmonkeee\n|-hitcount|p2: mmmmmonkeee|2\n|\n|-heal|p1a: Muk|84\/100|[from] item: Black Sludge\n|upkeep\n|c|\u2606MilkTeaWayGalaxy|THE CRIT\n|c|\u2606ChillyChills|omfg\n|c|\u2606MilkTeaWayGalaxy|COME ON\n|c|\u2606ChillyChills|it mattered\n|\n|t:|1699931016\n|switch|p2a: In Memorium...|Slowbro-Galar, F, shiny|100\/100\n|turn|55\n|c|\u2606MilkTeaWayGalaxy|It really did\n|c|\u2606ChillyChills|Im so sorry but that's also so fkn funny\n|\n|t:|1699931026\n|switch|p1a: Dusknoir|Dusknoir, F|61\/100\n|-ability|p1a: Dusknoir|Pressure\n|move|p2a: In Memorium...|Metronome|p2a: In Memorium...\n|move|p2a: In Memorium...|Poison Tail|p1a: Dusknoir|[from]move: Metronome\n|-resisted|p1a: Dusknoir\n|-damage|p1a: Dusknoir|54\/100\n|\n|-heal|p1a: Dusknoir|60\/100|[from] item: Leftovers\n|upkeep\n|turn|56\n|c|\u2606MilkTeaWayGalaxy|True\n|\n|t:|1699931034\n|move|p1a: Dusknoir|Metronome|p1a: Dusknoir\n|move|p1a: Dusknoir|Focus Blast|p2a: In Memorium...|[from]move: Metronome\n|-resisted|p2a: In Memorium...\n|-damage|p2a: In Memorium...|95\/100\n|move|p2a: In Memorium...|Metronome|p2a: In Memorium...\n|move|p2a: In Memorium...|Aqua Cutter|p1a: Dusknoir|[from]move: Metronome\n|-crit|p1a: Dusknoir\n|-damage|p1a: Dusknoir|40\/100\n|\n|-heal|p1a: Dusknoir|46\/100|[from] item: Leftovers\n|upkeep\n|turn|57\n|\n|t:|1699931043\n|move|p1a: Dusknoir|Metronome|p1a: Dusknoir\n|move|p1a: Dusknoir|Water Spout|p2a: In Memorium...|[from]move: Metronome\n|-damage|p2a: In Memorium...|82\/100\n|move|p2a: In Memorium...|Metronome|p2a: In Memorium...\n|move|p2a: In Memorium...|Dragon Darts|p1a: Dusknoir|[from]move: Metronome\n|-damage|p1a: Dusknoir|37\/100\n|-anim|p2a: In Memorium...|Dragon Darts|p1a: Dusknoir\n|-damage|p1a: Dusknoir|27\/100\n|\n|-heal|p1a: Dusknoir|33\/100|[from] item: Leftovers\n|upkeep\n|turn|58\n|\n|t:|1699931053\n|move|p1a: Dusknoir|Metronome|p1a: Dusknoir\n|move|p1a: Dusknoir|Brave Bird|p2a: In Memorium...|[from]move: Metronome\n|-damage|p2a: In Memorium...|56\/100\n|-damage|p1a: Dusknoir|22\/100|[from] Recoil\n|move|p2a: In Memorium...|Metronome|p2a: In Memorium...\n|move|p2a: In Memorium...|Moonlight|p2a: In Memorium...|[from]move: Metronome\n|-heal|p2a: In Memorium...|100\/100\n|\n|-heal|p1a: Dusknoir|28\/100|[from] item: Leftovers\n|upkeep\n|turn|59\n|c|\u2606ChillyChills|not the moonlight\n|\n|t:|1699931065\n|move|p1a: Dusknoir|Metronome|p1a: Dusknoir\n|move|p1a: Dusknoir|Teeter Dance|p2a: In Memorium...|[from]move: Metronome\n|-start|p2a: In Memorium...|confusion\n|-activate|p2a: In Memorium...|confusion\n|move|p2a: In Memorium...|Metronome|p2a: In Memorium...\n|move|p2a: In Memorium...|Phantom Force||[from]move: Metronome|[still]\n|-prepare|p2a: In Memorium...|Phantom Force\n|-enditem|p2a: In Memorium...|Leppa Berry|[eat]\n|-activate|p2a: In Memorium...|item: Leppa Berry|Metronome|[consumed]\n|\n|-heal|p1a: Dusknoir|35\/100|[from] item: Leftovers\n|upkeep\n|turn|60\n|c|\u2606MilkTeaWayGalaxy|lol\n|\n|t:|1699931074\n|switch|p1a: Muk|Muk-Alola, F|84\/100\n|-end|p2a: In Memorium...|confusion\n|move|p2a: In Memorium...|Phantom Force|p1a: Muk|[from]lockedmove\n|-resisted|p1a: Muk\n|-damage|p1a: Muk|75\/100\n|\n|-heal|p1a: Muk|81\/100|[from] item: Black Sludge\n|upkeep\n|turn|61\n|\n|t:|1699931082\n|switch|p1a: Dusknoir|Dusknoir, F|35\/100\n|-ability|p1a: Dusknoir|Pressure\n|move|p2a: In Memorium...|Metronome|p2a: In Memorium...\n|move|p2a: In Memorium...|Gunk Shot|p1a: Dusknoir|[from]move: Metronome\n|-resisted|p1a: Dusknoir\n|-damage|p1a: Dusknoir|19\/100\n|-status|p1a: Dusknoir|psn\n|\n|-heal|p1a: Dusknoir|25\/100 psn|[from] item: Leftovers\n|-damage|p1a: Dusknoir|13\/100 psn|[from] psn\n|upkeep\n|turn|62\n|c|\u2606MilkTeaWayGalaxy|cringe :P\n|c|\u2606ChillyChills|owww\n|c|\u2606MilkTeaWayGalaxy|poison nice\n|\n|t:|1699931093\n|move|p1a: Dusknoir|Metronome|p1a: Dusknoir\n|move|p1a: Dusknoir|Peck|p2a: In Memorium...|[from]move: Metronome\n|-damage|p2a: In Memorium...|93\/100\n|move|p2a: In Memorium...|Metronome|p2a: In Memorium...\n|move|p2a: In Memorium...|Tar Shot|p1a: Dusknoir|[from]move: Metronome\n|-unboost|p1a: Dusknoir|spe|1\n|-start|p1a: Dusknoir|Tar Shot\n|\n|-heal|p1a: Dusknoir|19\/100 psn|[from] item: Leftovers\n|-damage|p1a: Dusknoir|7\/100 psn|[from] psn\n|upkeep\n|turn|63\n|\n|t:|1699931101\n|move|p2a: In Memorium...|Metronome|p2a: In Memorium...\n|move|p2a: In Memorium...|Dark Void|p1a: Dusknoir|[from]move: Metronome\n|-fail|p2a: In Memorium...|move: Dark Void\n|-hint|Only a Pokemon whose form is Darkrai can use this move.\n|move|p1a: Dusknoir|Metronome|p1a: Dusknoir\n|move|p1a: Dusknoir|Eerie Impulse|p2a: In Memorium...|[from]move: Metronome\n|-unboost|p2a: In Memorium...|spa|2\n|\n|-heal|p1a: Dusknoir|13\/100 psn|[from] item: Leftovers\n|-damage|p1a: Dusknoir|1\/100 psn|[from] psn\n|upkeep\n|turn|64\n|c|\u2606ChillyChills|bruh\n|c|\u2606MilkTeaWayGalaxy|are you kidding me\n|c|\u2606MilkTeaWayGalaxy|I got it twice\n|c|\u2606ChillyChills|something wrong with metronome\n|c|\u2606ChillyChills|Im starting to think so too\n|c|\u2606MilkTeaWayGalaxy|It decided I'm not allowed to play\n|\n|t:|1699931128\n|move|p2a: In Memorium...|Metronome|p2a: In Memorium...\n|move|p2a: In Memorium...|Solar Beam||[from]move: Metronome|[still]\n|-prepare|p2a: In Memorium...|Solar Beam\n|move|p1a: Dusknoir|Metronome|p1a: Dusknoir\n|move|p1a: Dusknoir|Scald|p2a: In Memorium...|[from]move: Metronome\n|-damage|p2a: In Memorium...|77\/100\n|\n|-heal|p1a: Dusknoir|7\/100 psn|[from] item: Leftovers\n|-damage|p1a: Dusknoir|0 fnt|[from] psn\n|faint|p1a: Dusknoir\n|upkeep\n|\n|t:|1699931134\n|switch|p1a: Muk|Muk-Alola, F|81\/100\n|turn|65\n|\n|t:|1699931136\n|move|p1a: Muk|Metronome|p1a: Muk\n|move|p1a: Muk|Weather Ball|p2a: In Memorium...|[from]move: Metronome\n|-damage|p2a: In Memorium...|67\/100\n|move|p2a: In Memorium...|Solar Beam|p1a: Muk|[from]lockedmove\n|-resisted|p1a: Muk\n|-damage|p1a: Muk|74\/100\n|\n|-heal|p1a: Muk|80\/100|[from] item: Black Sludge\n|upkeep\n|turn|66\n|\n|t:|1699931144\n|move|p1a: Muk|Metronome|p1a: Muk\n|move|p1a: Muk|Aromatic Mist|null|[from]move: Metronome|[notarget]\n|-fail|p1a: Muk\n|move|p2a: In Memorium...|Metronome|p2a: In Memorium...\n|move|p2a: In Memorium...|Attack Order|p1a: Muk|[from]move: Metronome\n|-damage|p1a: Muk|61\/100\n|\n|-heal|p1a: Muk|67\/100|[from] item: Black Sludge\n|upkeep\n|turn|67\n|\n|t:|1699931151\n|move|p1a: Muk|Metronome|p1a: Muk\n|move|p1a: Muk|Stomp|p2a: In Memorium...|[from]move: Metronome\n|-damage|p2a: In Memorium...|53\/100\n|move|p2a: In Memorium...|Metronome|p2a: In Memorium...\n|move|p2a: In Memorium...|Thunder Wave|p1a: Muk|[from]move: Metronome\n|-status|p1a: Muk|par\n|\n|-heal|p1a: Muk|73\/100 par|[from] item: Black Sludge\n|upkeep\n|turn|68\n|\n|t:|1699931160\n|-activate|p2a: In Memorium...|move: Struggle\n|move|p2a: In Memorium...|Struggle|p1a: Muk\n|-damage|p1a: Muk|64\/100 par\n|-damage|p2a: In Memorium...|28\/100|[from] recoil\n|cant|p1a: Muk|par\n|\n|-heal|p1a: Muk|70\/100 par|[from] item: Black Sludge\n|upkeep\n|turn|69\n|\n|t:|1699931166\n|-activate|p2a: In Memorium...|move: Struggle\n|move|p2a: In Memorium...|Struggle|p1a: Muk\n|-damage|p1a: Muk|61\/100 par\n|-damage|p2a: In Memorium...|3\/100|[from] recoil\n|move|p1a: Muk|Metronome|p1a: Muk\n|move|p1a: Muk|Dragon Rush|p2a: In Memorium...|[from]move: Metronome|[miss]\n|-miss|p1a: Muk|p2a: In Memorium...\n|\n|-heal|p1a: Muk|67\/100 par|[from] item: Black Sludge\n|upkeep\n|turn|70\n|\n|t:|1699931175\n|-activate|p2a: In Memorium...|move: Struggle\n|move|p2a: In Memorium...|Struggle|p1a: Muk\n|-damage|p1a: Muk|57\/100 par\n|-damage|p2a: In Memorium...|0 fnt|[from] recoil\n|faint|p2a: In Memorium...\n|\n|win|ChillyChills\n|c|\u2606MilkTeaWayGalaxy|gg\n|c|\u2606ChillyChills|gg\n","uploadtime":1699931185,"views":15,"p1id":"chillychills","p2id":"milkteawaygalaxy","formatid":"gen9ou","rating":0,"private":0,"password":""}