{"id":"gen9ou-2000576248","p1":"cash999","p2":"FlorenceIris","format":"[Gen 9] OU","log":"|j|\u2606cash999\n|j|\u2606FlorenceIris\n|t:|1701206873\n|gametype|singles\n|player|p1|cash999|cynthia-masters|\n|player|p2|FlorenceIris|sonia-professor|\n|teamsize|p1|6\n|teamsize|p2|6\n|gen|9\n|tier|[Gen 9] OU\n|rule|Sleep Clause Mod: Limit one foe put to sleep\n|rule|Species Clause: Limit one of each Pok\u00e9mon\n|rule|OHKO Clause: OHKO moves are banned\n|rule|Evasion Items Clause: Evasion items are banned\n|rule|Evasion Moves Clause: Evasion moves are banned\n|rule|Endless Battle Clause: Forcing endless battles is banned\n|rule|HP Percentage Mod: HP is shown in percentages\n|clearpoke\n|poke|p1|Ogerpon-Cornerstone, F|\n|poke|p1|Hatterene, F|\n|poke|p1|Heatran, M|\n|poke|p1|Rillaboom, M|\n|poke|p1|Sneasler, M|\n|poke|p1|Clodsire, F|\n|poke|p2|Rillaboom, F|\n|poke|p2|Sneasler, M|\n|poke|p2|Kingambit, F|\n|poke|p2|Gholdengo|\n|poke|p2|Glimmora, F|\n|poke|p2|Landorus-Therian, M|\n|teampreview\n|c|\u2606cash999|glhf\n|c|\u2606FlorenceIris|gl hf :))\n|j| empoleon9000\n|\n|t:|1701206983\n|start\n|switch|p1a: Heatran|Heatran, M|100\/100\n|switch|p2a: Landorus|Landorus-Therian, M|100\/100\n|-ability|p2a: Landorus|Intimidate|boost\n|-unboost|p1a: Heatran|atk|1\n|turn|1\n|l|\u2606FlorenceIris\n|player|p2|\n|j|\u2606FlorenceIris\n|player|p2|FlorenceIris|sonia-professor\n|c|\u2606FlorenceIris|sorry internet cut out for a second there\n|\n|t:|1701207049\n|switch|p1a: touch grass|Rillaboom, M|100\/100\n|-fieldstart|move: Grassy Terrain|[from] ability: Grassy Surge|[of] p1a: touch grass\n|move|p2a: Landorus|Earthquake|p1a: touch grass\n|-resisted|p1a: touch grass\n|-damage|p1a: touch grass|87\/100\n|\n|-heal|p1a: touch grass|93\/100|[from] Grassy Terrain\n|upkeep\n|turn|2\n|\n|t:|1701207100\n|switch|p2a: Kingambit|Kingambit, F|100\/100\n|move|p1a: touch grass|Grassy Glide|p2a: Kingambit\n|-resisted|p2a: Kingambit\n|-damage|p2a: Kingambit|87\/100\n|\n|-heal|p1a: touch grass|99\/100|[from] Grassy Terrain\n|-heal|p2a: Kingambit|93\/100|[from] Grassy Terrain\n|-heal|p2a: Kingambit|99\/100|[from] item: Leftovers\n|upkeep\n|turn|3\n|\n|t:|1701207142\n|move|p1a: touch grass|U-turn|p2a: Kingambit\n|-damage|p2a: Kingambit|79\/100\n|\n|t:|1701207150\n|switch|p1a: Heatran|Heatran, M|100\/100|[from] U-turn\n|move|p2a: Kingambit|Kowtow Cleave|p1a: Heatran\n|-damage|p1a: Heatran|57\/100\n|\n|-heal|p1a: Heatran|63\/100|[from] Grassy Terrain\n|-heal|p1a: Heatran|69\/100|[from] item: Leftovers\n|-heal|p2a: Kingambit|85\/100|[from] Grassy Terrain\n|-heal|p2a: Kingambit|91\/100|[from] item: Leftovers\n|upkeep\n|turn|4\n|\n|t:|1701207190\n|-end|p2a: Kingambit|fallenundefined|[silent]\n|switch|p2a: Glimmora|Glimmora, F|100\/100\n|move|p1a: Heatran|Magma Storm|p2a: Glimmora\n|-resisted|p2a: Glimmora\n|-damage|p2a: Glimmora|66\/100\n|-activate|p2a: Glimmora|move: Magma Storm|[of] p1a: Heatran\n|\n|-heal|p2a: Glimmora|72\/100|[from] Grassy Terrain\n|-heal|p1a: Heatran|75\/100|[from] Grassy Terrain\n|-heal|p1a: Heatran|82\/100|[from] item: Leftovers\n|-damage|p2a: Glimmora|60\/100|[from] move: Magma Storm|[partiallytrapped]\n|upkeep\n|turn|5\n|\n|t:|1701207243\n|switch|p1a: Ogerpon|Ogerpon-Cornerstone, F|100\/100\n|move|p2a: Glimmora|Earth Power|p1a: Ogerpon\n|-damage|p1a: Ogerpon|65\/100\n|\n|-heal|p2a: Glimmora|66\/100|[from] Grassy Terrain\n|-heal|p1a: Ogerpon|71\/100|[from] Grassy Terrain\n|-end|p2a: Glimmora|Magma Storm|[partiallytrapped]|[silent]\n|upkeep\n|turn|6\n|\n|t:|1701207255\n|switch|p2a: Gholdengo|Gholdengo|100\/100\n|move|p1a: Ogerpon|Ivy Cudgel|p2a: Gholdengo|[anim] Ivy Cudgel Rock\n|-resisted|p2a: Gholdengo\n|-damage|p2a: Gholdengo|82\/100\n|\n|-heal|p1a: Ogerpon|77\/100|[from] Grassy Terrain\n|-heal|p2a: Gholdengo|88\/100|[from] Grassy Terrain\n|-heal|p2a: Gholdengo|94\/100|[from] item: Leftovers\n|upkeep\n|turn|7\n|c|\u2606cash999|nothing is taking any damage lol\n|j| reddo161\n|\n|t:|1701207308\n|switch|p1a: Heatran|Heatran, M|82\/100\n|switch|p2a: Landorus|Landorus-Therian, M|100\/100\n|-ability|p2a: Landorus|Intimidate|boost\n|-unboost|p1a: Heatran|atk|1\n|\n|-heal|p1a: Heatran|88\/100|[from] Grassy Terrain\n|-heal|p1a: Heatran|94\/100|[from] item: Leftovers\n|upkeep\n|turn|8\n|c| reddo161|everyone with the rillaboom + sneasler combo lmao\n|\n|t:|1701207352\n|move|p2a: Landorus|Substitute|p2a: Landorus\n|-start|p2a: Landorus|Substitute\n|-damage|p2a: Landorus|76\/100\n|move|p1a: Heatran|Magma Storm|p2a: Landorus|[miss]\n|-miss|p1a: Heatran|p2a: Landorus\n|\n|-heal|p2a: Landorus|82\/100|[from] item: Leftovers\n|-heal|p1a: Heatran|99\/100|[from] Grassy Terrain\n|-heal|p1a: Heatran|100\/100|[from] item: Leftovers\n|-fieldend|move: Grassy Terrain\n|upkeep\n|turn|9\n|c|\u2606cash999|:(\n|\n|t:|1701207367\n|switch|p1a: touch grass|Rillaboom, M|99\/100\n|-fieldstart|move: Grassy Terrain|[from] ability: Grassy Surge|[of] p1a: touch grass\n|move|p2a: Landorus|Smack Down|p1a: touch grass\n|-damage|p1a: touch grass|83\/100\n|\n|-heal|p2a: Landorus|88\/100|[from] item: Leftovers\n|-heal|p1a: touch grass|89\/100|[from] Grassy Terrain\n|upkeep\n|turn|10\n|\n|t:|1701207382\n|move|p2a: Landorus|Smack Down|p1a: touch grass\n|-damage|p1a: touch grass|72\/100\n|move|p1a: touch grass|Knock Off|p2a: Landorus\n|-end|p2a: Landorus|Substitute\n|\n|-heal|p2a: Landorus|94\/100|[from] item: Leftovers\n|-heal|p1a: touch grass|78\/100|[from] Grassy Terrain\n|upkeep\n|turn|11\n|\n|t:|1701207403\n|switch|p2a: Glimmora|Glimmora, F|66\/100\n|move|p1a: touch grass|U-turn|p2a: Glimmora\n|-resisted|p2a: Glimmora\n|-damage|p2a: Glimmora|51\/100\n|-activate|p2a: Glimmora|ability: Toxic Debris\n|-sidestart|p1: cash999|move: Toxic Spikes\n|\n|t:|1701207415\n|switch|p1a: Clodsire|Clodsire, F|100\/100|[from] U-turn\n|-sideend|p1: cash999|move: Toxic Spikes|[of] p1a: Clodsire\n|\n|-heal|p2a: Glimmora|57\/100|[from] Grassy Terrain\n|upkeep\n|turn|12\n|\n|t:|1701207492\n|switch|p1a: Hatterene|Hatterene, F|100\/100\n|-enditem|p1a: Hatterene|Grassy Seed\n|-boost|p1a: Hatterene|def|1|[from] item: Grassy Seed\n|move|p2a: Glimmora|Spikes|p1a: Hatterene\n|move|p1a: Hatterene|Spikes|p2a: Glimmora|[from]ability: Magic Bounce\n|-sidestart|p2: FlorenceIris|Spikes\n|\n|-heal|p2a: Glimmora|63\/100|[from] Grassy Terrain\n|upkeep\n|turn|13\n|\n|t:|1701207542\n|switch|p2a: Kingambit|Kingambit, F|91\/100\n|-damage|p2a: Kingambit|79\/100|[from] Spikes\n|switch|p1a: Clodsire|Clodsire, F|100\/100\n|\n|-heal|p2a: Kingambit|85\/100|[from] Grassy Terrain\n|-heal|p2a: Kingambit|91\/100|[from] item: Leftovers\n|upkeep\n|turn|14\n|\n|t:|1701207571\n|switch|p1a: Heatran|Heatran, M|100\/100\n|move|p2a: Kingambit|Swords Dance|p2a: Kingambit\n|-boost|p2a: Kingambit|atk|2\n|\n|-heal|p2a: Kingambit|98\/100|[from] Grassy Terrain\n|-heal|p2a: Kingambit|100\/100|[from] item: Leftovers\n|upkeep\n|turn|15\n|l|\u2606FlorenceIris\n|player|p2|\n|j|\u2606FlorenceIris\n|player|p2|FlorenceIris|sonia-professor\n|\n|t:|1701207616\n|-terastallize|p2a: Kingambit|Fairy\n|move|p1a: Heatran|Magma Storm|p2a: Kingambit\n|-damage|p2a: Kingambit|51\/100\n|-activate|p2a: Kingambit|move: Magma Storm|[of] p1a: Heatran\n|move|p2a: Kingambit|Kowtow Cleave|p1a: Heatran\n|-damage|p1a: Heatran|15\/100\n|\n|-heal|p1a: Heatran|21\/100|[from] Grassy Terrain\n|-heal|p1a: Heatran|27\/100|[from] item: Leftovers\n|-heal|p2a: Kingambit|57\/100|[from] Grassy Terrain\n|-heal|p2a: Kingambit|63\/100|[from] item: Leftovers\n|-damage|p2a: Kingambit|51\/100|[from] move: Magma Storm|[partiallytrapped]\n|upkeep\n|turn|16\n|\n|t:|1701207694\n|switch|p1a: Sneasler|Sneasler, M|100\/100\n|-enditem|p1a: Sneasler|Grassy Seed\n|-boost|p1a: Sneasler|def|1|[from] item: Grassy Seed\n|move|p2a: Kingambit|Kowtow Cleave|p1a: Sneasler\n|-resisted|p1a: Sneasler\n|-damage|p1a: Sneasler|47\/100\n|\n|-heal|p1a: Sneasler|53\/100|[from] Grassy Terrain\n|-heal|p2a: Kingambit|57\/100|[from] Grassy Terrain\n|-heal|p2a: Kingambit|63\/100|[from] item: Leftovers\n|-end|p2a: Kingambit|Magma Storm|[partiallytrapped]|[silent]\n|-fieldend|move: Grassy Terrain\n|upkeep\n|turn|17\n|\n|t:|1701207721\n|-end|p2a: Kingambit|fallenundefined|[silent]\n|switch|p2a: Gholdengo|Gholdengo|94\/100\n|-damage|p2a: Gholdengo|82\/100|[from] Spikes\n|move|p1a: Sneasler|Dire Claw|p2a: Gholdengo\n|-immune|p2a: Gholdengo\n|\n|-heal|p2a: Gholdengo|88\/100|[from] item: Leftovers\n|upkeep\n|turn|18\n|\n|t:|1701207757\n|switch|p1a: Clodsire|Clodsire, F|100\/100\n|switch|p2a: Landorus|Landorus-Therian, M|94\/100\n|-ability|p2a: Landorus|Intimidate|boost\n|-unboost|p1a: Clodsire|atk|1\n|\n|-heal|p2a: Landorus|99\/100|[from] item: Leftovers\n|upkeep\n|turn|19\n|\n|t:|1701207772\n|switch|p1a: touch grass|Rillaboom, M|78\/100\n|-fieldstart|move: Grassy Terrain|[from] ability: Grassy Surge|[of] p1a: touch grass\n|move|p2a: Landorus|Earthquake|p1a: touch grass\n|-resisted|p1a: touch grass\n|-damage|p1a: touch grass|64\/100\n|\n|-heal|p2a: Landorus|100\/100|[from] item: Leftovers\n|-heal|p1a: touch grass|70\/100|[from] Grassy Terrain\n|upkeep\n|turn|20\n|\n|t:|1701207832\n|switch|p2a: Glimmora|Glimmora, F|63\/100\n|-damage|p2a: Glimmora|51\/100|[from] Spikes\n|move|p1a: touch grass|Knock Off|p2a: Glimmora\n|-damage|p2a: Glimmora|4\/100\n|-activate|p2a: Glimmora|ability: Toxic Debris\n|-sidestart|p1: cash999|move: Toxic Spikes\n|-enditem|p2a: Glimmora|Choice Scarf|[from] move: Knock Off|[of] p1a: touch grass\n|\n|-heal|p2a: Glimmora|11\/100|[from] Grassy Terrain\n|-heal|p1a: touch grass|76\/100|[from] Grassy Terrain\n|upkeep\n|turn|21\n|\n|t:|1701207861\n|switch|p2a: Rillaboom|Rillaboom, F|100\/100\n|-damage|p2a: Rillaboom|88\/100|[from] Spikes\n|move|p1a: touch grass|Grassy Glide|p2a: Rillaboom\n|-resisted|p2a: Rillaboom\n|-damage|p2a: Rillaboom|67\/100\n|\n|-heal|p2a: Rillaboom|74\/100|[from] Grassy Terrain\n|-heal|p1a: touch grass|82\/100|[from] Grassy Terrain\n|upkeep\n|turn|22\n|\n|t:|1701207917\n|move|p2a: Rillaboom|U-turn|p1a: touch grass\n|-supereffective|p1a: touch grass\n|-damage|p1a: touch grass|12\/100\n|\n|t:|1701207926\n|switch|p2a: Glimmora|Glimmora, F|11\/100|[from] U-turn\n|-damage|p2a: Glimmora|0 fnt|[from] Spikes\n|faint|p2a: Glimmora\n|move|p1a: touch grass|U-turn|p2: Glimmora|[notarget]\n|-fail|p1a: touch grass\n|\n|-heal|p1a: touch grass|18\/100|[from] Grassy Terrain\n|upkeep\n|\n|t:|1701207946\n|switch|p2a: Rillaboom|Rillaboom, F|74\/100\n|-damage|p2a: Rillaboom|61\/100|[from] Spikes\n|turn|23\n|\n|t:|1701207960\n|switch|p1a: Sneasler|Sneasler, M|53\/100\n|-sideend|p1: cash999|move: Toxic Spikes|[of] p1a: Sneasler\n|move|p2a: Rillaboom|Knock Off|p1a: Sneasler\n|-resisted|p1a: Sneasler\n|-damage|p1a: Sneasler|21\/100\n|\n|-heal|p1a: Sneasler|27\/100|[from] Grassy Terrain\n|-heal|p2a: Rillaboom|67\/100|[from] Grassy Terrain\n|upkeep\n|turn|24\n|\n|t:|1701208011\n|switch|p1a: Heatran|Heatran, M|27\/100\n|switch|p2a: Gholdengo|Gholdengo|88\/100\n|-damage|p2a: Gholdengo|75\/100|[from] Spikes\n|\n|-heal|p1a: Heatran|34\/100|[from] Grassy Terrain\n|-heal|p1a: Heatran|40\/100|[from] item: Leftovers\n|-heal|p2a: Gholdengo|81\/100|[from] Grassy Terrain\n|-heal|p2a: Gholdengo|88\/100|[from] item: Leftovers\n|upkeep\n|turn|25\n|\n|t:|1701208054\n|move|p1a: Heatran|Magma Storm|p2a: Gholdengo\n|-supereffective|p2a: Gholdengo\n|-damage|p2a: Gholdengo|0 fnt\n|faint|p2a: Gholdengo\n|\n|-heal|p1a: Heatran|46\/100|[from] Grassy Terrain\n|-heal|p1a: Heatran|52\/100|[from] item: Leftovers\n|upkeep\n|\n|t:|1701208062\n|switch|p2a: Landorus|Landorus-Therian, M|100\/100\n|-ability|p2a: Landorus|Intimidate|boost\n|-unboost|p1a: Heatran|atk|1\n|turn|26\n|\n|t:|1701208088\n|switch|p1a: Sneasler|Sneasler, M|27\/100\n|move|p2a: Landorus|Earthquake|p1a: Sneasler\n|-supereffective|p1a: Sneasler\n|-damage|p1a: Sneasler|0 fnt\n|faint|p1a: Sneasler\n|\n|-fieldend|move: Grassy Terrain\n|upkeep\n|\n|t:|1701208156\n|switch|p1a: Ogerpon|Ogerpon-Cornerstone, F|77\/100\n|turn|27\n|\n|t:|1701208174\n|move|p1a: Ogerpon|Ivy Cudgel|p2a: Landorus|[anim] Ivy Cudgel Rock\n|-damage|p2a: Landorus|37\/100\n|move|p2a: Landorus|Earthquake|p1a: Ogerpon\n|-damage|p1a: Ogerpon|9\/100\n|\n|-heal|p2a: Landorus|43\/100|[from] item: Leftovers\n|upkeep\n|turn|28\n|\n|t:|1701208195\n|switch|p2a: Sneasler|Sneasler, M|100\/100\n|-damage|p2a: Sneasler|88\/100|[from] Spikes\n|move|p1a: Ogerpon|Ivy Cudgel|p2a: Sneasler|[anim] Ivy Cudgel Rock\n|-resisted|p2a: Sneasler\n|-damage|p2a: Sneasler|36\/100\n|\n|upkeep\n|turn|29\n|\n|t:|1701208227\n|switch|p1a: Clodsire|Clodsire, F|100\/100\n|move|p2a: Sneasler|Dire Claw|p1a: Clodsire\n|-resisted|p1a: Clodsire\n|-damage|p1a: Clodsire|88\/100\n|\n|upkeep\n|turn|30\n|\n|t:|1701208249\n|switch|p2a: Landorus|Landorus-Therian, M|43\/100\n|-ability|p2a: Landorus|Intimidate|boost\n|-unboost|p1a: Clodsire|atk|1\n|move|p1a: Clodsire|Toxic|p2a: Landorus\n|-status|p2a: Landorus|tox\n|\n|-heal|p2a: Landorus|48\/100 tox|[from] item: Leftovers\n|-damage|p2a: Landorus|43\/100 tox|[from] psn\n|upkeep\n|turn|31\n|\n|t:|1701208278\n|switch|p1a: touch grass|Rillaboom, M|18\/100\n|-fieldstart|move: Grassy Terrain|[from] ability: Grassy Surge|[of] p1a: touch grass\n|move|p2a: Landorus|Earthquake|p1a: touch grass\n|-resisted|p1a: touch grass\n|-damage|p1a: touch grass|6\/100\n|\n|-heal|p2a: Landorus|48\/100 tox|[from] item: Leftovers\n|-heal|p1a: touch grass|12\/100|[from] Grassy Terrain\n|-damage|p2a: Landorus|37\/100 tox|[from] psn\n|upkeep\n|turn|32\n|\n|t:|1701208288\n|move|p1a: touch grass|Grassy Glide|p2a: Landorus\n|-damage|p2a: Landorus|0 fnt\n|faint|p2a: Landorus\n|\n|-heal|p1a: touch grass|18\/100|[from] Grassy Terrain\n|upkeep\n|\n|t:|1701208292\n|switch|p2a: Rillaboom|Rillaboom, F|67\/100\n|-damage|p2a: Rillaboom|55\/100|[from] Spikes\n|turn|33\n|\n|t:|1701208310\n|switch|p1a: Ogerpon|Ogerpon-Cornerstone, F|9\/100\n|move|p2a: Rillaboom|U-turn|p1a: Ogerpon\n|-supereffective|p1a: Ogerpon\n|-damage|p1a: Ogerpon|0 fnt\n|faint|p1a: Ogerpon\n|\n|t:|1701208330\n|switch|p2a: Kingambit|Kingambit, F, tera:Fairy|63\/100|[from] U-turn\n|-damage|p2a: Kingambit|51\/100|[from] Spikes\n|-activate|p2a: Kingambit|ability: Supreme Overlord\n|-start|p2a: Kingambit|fallen3|[silent]\n|\n|-heal|p2a: Kingambit|57\/100|[from] Grassy Terrain\n|-heal|p2a: Kingambit|63\/100|[from] item: Leftovers\n|upkeep\n|\n|t:|1701208358\n|switch|p1a: Clodsire|Clodsire, F|88\/100\n|turn|34\n|\n|t:|1701208391\n|move|p2a: Kingambit|Iron Head|p1a: Clodsire\n|-damage|p1a: Clodsire|25\/100\n|move|p1a: Clodsire|Toxic|p2a: Kingambit\n|-status|p2a: Kingambit|tox\n|\n|-heal|p2a: Kingambit|70\/100 tox|[from] Grassy Terrain\n|-heal|p2a: Kingambit|76\/100 tox|[from] item: Leftovers\n|-heal|p1a: Clodsire|32\/100|[from] Grassy Terrain\n|-damage|p2a: Kingambit|70\/100 tox|[from] psn\n|upkeep\n|turn|35\n|\n|t:|1701208398\n|move|p2a: Kingambit|Kowtow Cleave|p1a: Clodsire\n|-damage|p1a: Clodsire|0 fnt\n|faint|p1a: Clodsire\n|\n|-heal|p2a: Kingambit|76\/100 tox|[from] Grassy Terrain\n|-heal|p2a: Kingambit|82\/100 tox|[from] item: Leftovers\n|-damage|p2a: Kingambit|70\/100 tox|[from] psn\n|upkeep\n|\n|t:|1701208436\n|switch|p1a: Hatterene|Hatterene, F|100\/100\n|turn|36\n|\n|t:|1701208500\n|-terastallize|p1a: Hatterene|Water\n|move|p2a: Kingambit|Kowtow Cleave|p1a: Hatterene\n|-damage|p1a: Hatterene|47\/100\n|move|p1a: Hatterene|Psyshock|p2a: Kingambit\n|-damage|p2a: Kingambit|43\/100 tox\n|\n|-heal|p2a: Kingambit|49\/100 tox|[from] Grassy Terrain\n|-heal|p2a: Kingambit|56\/100 tox|[from] item: Leftovers\n|-heal|p1a: Hatterene|53\/100|[from] Grassy Terrain\n|-damage|p2a: Kingambit|37\/100 tox|[from] psn\n|upkeep\n|turn|37\n|\n|t:|1701208514\n|move|p2a: Kingambit|Kowtow Cleave|p1a: Hatterene\n|-damage|p1a: Hatterene|0 fnt\n|faint|p1a: Hatterene\n|\n|-heal|p2a: Kingambit|43\/100 tox|[from] Grassy Terrain\n|-heal|p2a: Kingambit|49\/100 tox|[from] item: Leftovers\n|-damage|p2a: Kingambit|24\/100 tox|[from] psn\n|upkeep\n|\n|t:|1701208518\n|switch|p1a: touch grass|Rillaboom, M|18\/100\n|turn|38\n|\n|t:|1701208546\n|move|p1a: touch grass|Grassy Glide|p2a: Kingambit\n|-damage|p2a: Kingambit|0 fnt\n|faint|p2a: Kingambit\n|-end|p2a: Kingambit|fallen3|[silent]\n|\n|-heal|p1a: touch grass|24\/100|[from] Grassy Terrain\n|-fieldend|move: Grassy Terrain\n|upkeep\n|\n|t:|1701208549\n|switch|p2a: Sneasler|Sneasler, M|36\/100\n|-damage|p2a: Sneasler|24\/100|[from] Spikes\n|turn|39\n|\n|t:|1701208567\n|move|p2a: Sneasler|Close Combat|p1a: touch grass\n|-damage|p1a: touch grass|0 fnt\n|-unboost|p2a: Sneasler|def|1\n|-unboost|p2a: Sneasler|spd|1\n|faint|p1a: touch grass\n|\n|upkeep\n|\n|t:|1701208569\n|switch|p1a: Heatran|Heatran, M|52\/100\n|turn|40\n|\n|t:|1701208572\n|move|p1a: Heatran|Protect|p1a: Heatran\n|-singleturn|p1a: Heatran|Protect\n|move|p2a: Sneasler|Close Combat|p1a: Heatran\n|-activate|p1a: Heatran|move: Protect\n|\n|-heal|p1a: Heatran|59\/100|[from] item: Leftovers\n|upkeep\n|turn|41\n|c|\u2606cash999|didnt realise terrain ended lmao\n|c|\u2606cash999|ggs\n|\n|t:|1701208581\n|move|p2a: Sneasler|Close Combat|p1a: Heatran\n|-supereffective|p1a: Heatran\n|-crit|p1a: Heatran\n|-damage|p1a: Heatran|0 fnt\n|-unboost|p2a: Sneasler|def|1\n|-unboost|p2a: Sneasler|spd|1\n|faint|p1a: Heatran\n|\n|win|FlorenceIris\n|c|\u2606FlorenceIris|ggs\n|c|\u2606cash999|well played :)\n|c|\u2606FlorenceIris|yeah i played that endgame off positioning sneas in front of rilla with no terrain\n|c| reddo161|whats the score now? :o\n|c|\u2606cash999|ahh, very nicely executed then\n|c|\u2606FlorenceIris|the kowtow into hatt was a heatran read rather than a tera read btw\n|c|\u2606FlorenceIris|i'm not that gpated lmao\n|c|\u2606FlorenceIris|*goated\n|c|\u2606cash999|i was hoping to grassy glide through everything at the end using tera water hatt to guarantee chip\n|c|\u2606cash999|in retrospect tho probably wasnt the well most thought out\n|c|\u2606FlorenceIris|yeah I think it might've been quite close depending on how much rilla did to heatran with knock\n|c|\u2606cash999|yeah\n|c|\u2606cash999|banded right?\n|c|\u2606FlorenceIris|252+ Atk Choice Band Rillaboom Knock Off (97.5 BP) vs. 252 HP \/ 4 Def Heatran: 160-189 (41.4 - 48.9%) -- guaranteed 3HKO after Grassy Terrain recovery\n|c|\u2606FlorenceIris|yeah\n|c|\u2606cash999|ngl i was considering tera-bug heatran turn 1 on the heatran vs lando\n|c|\u2606FlorenceIris|lmao\n|c| reddo161|tbf tho if kowtow 2hkod anyway then it's always the right paly\n|c|\u2606cash999|it felt decent\n|c|\u2606cash999|yeah\n|c|\u2606cash999|finally, a sneasler game where there was no dire claw hax\n|c|\u2606FlorenceIris|that game would've been 10000x easier if my lando had u-turn though\n|c|\u2606cash999|yeah it took me ages to realise i could go rilla for free on lando\n|c|\u2606FlorenceIris|xD\n|c| reddo161|wait so was it 2-0 to flo?\n|c|\u2606cash999|yeah\n|c|\u2606cash999|first game dnite just went crazy\n|c| reddo161|so whoever wins between me and you goes to playoffs\n|c| reddo161|pressure :o\n|c|\u2606cash999|i had to bank on you tera-ing to actually beat you\n|c|\u2606cash999|:o\n|c|\u2606FlorenceIris|yeah got a little lucky with the 70% no para\n|c|\u2606FlorenceIris|but also needed the tera to ohko zap I think\n|c|\u2606cash999|yeah\n|c|\u2606cash999|it was physdef zap so probs\n|c|\u2606FlorenceIris|yeah\n","uploadtime":1701208590,"views":2,"p1id":"cash999","p2id":"florenceiris","formatid":"gen9ou","rating":0,"private":0,"password":""}