{"id":"gen9ou-1996422909","p1":"Sqqueaks","p2":"levigor","format":"[Gen 9] OU","log":"|j|\u2606Sqqueaks\n|j|\u2606levigor\n|t:|1700680560\n|gametype|singles\n|player|p1|Sqqueaks|alder|1048\n|player|p2|levigor|169|1107\n|teamsize|p1|6\n|teamsize|p2|6\n|gen|9\n|tier|[Gen 9] OU\n|rated|\n|rule|Sleep Clause Mod: Limit one foe put to sleep\n|rule|Species Clause: Limit one of each Pok\u00e9mon\n|rule|OHKO Clause: OHKO moves are banned\n|rule|Evasion Items Clause: Evasion items are banned\n|rule|Evasion Moves Clause: Evasion moves are banned\n|rule|Endless Battle Clause: Forcing endless battles is banned\n|rule|HP Percentage Mod: HP is shown in percentages\n|clearpoke\n|poke|p1|Dragapult, F|\n|poke|p1|Iron Valiant|\n|poke|p1|Great Tusk|\n|poke|p1|Manaphy|\n|poke|p1|Corviknight, F|\n|poke|p1|Slowking-Galar, M|\n|poke|p2|Gengar, M|\n|poke|p2|Salamence, M|\n|poke|p2|Azumarill, F|\n|poke|p2|Gholdengo|\n|poke|p2|Greninja-*, M|\n|poke|p2|Iron Treads|\n|teampreview\n|inactive|Battle timer is ON: inactive players will automatically lose when time's up. (requested by Sqqueaks)\n|\n|t:|1700680579\n|start\n|switch|p1a: Dragapult|Dragapult, F|100\/100\n|switch|p2a: Greninja|Greninja, M|100\/100\n|turn|1\n|\n|t:|1700680600\n|move|p1a: Dragapult|U-turn|p2a: Greninja\n|-supereffective|p2a: Greninja\n|-damage|p2a: Greninja|0 fnt\n|faint|p2a: Greninja\n|\n|t:|1700680615\n|switch|p1a: Great Tusk|Great Tusk|100\/100|[from] U-turn\n|\n|upkeep\n|\n|t:|1700680622\n|switch|p2a: Azumarill|Azumarill, F|100\/100\n|turn|2\n|\n|t:|1700680632\n|move|p1a: Great Tusk|Headlong Rush|p2a: Azumarill\n|-damage|p2a: Azumarill|16\/100\n|-unboost|p1a: Great Tusk|def|1\n|-unboost|p1a: Great Tusk|spd|1\n|-enditem|p2a: Azumarill|Sitrus Berry|[eat]\n|-heal|p2a: Azumarill|41\/100|[from] item: Sitrus Berry\n|move|p2a: Azumarill|Belly Drum||[still]\n|-fail|p2a: Azumarill\n|\n|upkeep\n|turn|3\n|\n|t:|1700680648\n|move|p1a: Great Tusk|Headlong Rush|p2a: Azumarill\n|-damage|p2a: Azumarill|0 fnt\n|-unboost|p1a: Great Tusk|def|1\n|-unboost|p1a: Great Tusk|spd|1\n|faint|p2a: Azumarill\n|\n|upkeep\n|\n|t:|1700680659\n|switch|p2a: Iron Treads|Iron Treads|100\/100\n|turn|4\n|\n|t:|1700680667\n|-end|p1a: Great Tusk|Protosynthesis|[silent]\n|switch|p1a: Slowking|Slowking-Galar, M|100\/100\n|move|p2a: Iron Treads|Ice Spinner|p1a: Slowking\n|-damage|p1a: Slowking|81\/100\n|-damage|p2a: Iron Treads|84\/100|[from] item: Rocky Helmet|[of] p1a: Slowking\n|\n|upkeep\n|turn|5\n|\n|t:|1700680676\n|move|p2a: Iron Treads|Earthquake|p1a: Slowking\n|-supereffective|p1a: Slowking\n|-damage|p1a: Slowking|3\/100\n|move|p1a: Slowking|Yawn|p2a: Iron Treads\n|-start|p2a: Iron Treads|move: Yawn|[of] p1a: Slowking\n|\n|upkeep\n|turn|6\n|\n|t:|1700680683\n|move|p2a: Iron Treads|Earthquake|p1a: Slowking\n|-supereffective|p1a: Slowking\n|-damage|p1a: Slowking|0 fnt\n|faint|p1a: Slowking\n|\n|-end|p2a: Iron Treads|move: Yawn|[silent]\n|-status|p2a: Iron Treads|slp\n|upkeep\n|\n|t:|1700680697\n|switch|p1a: Iron Valiant|Iron Valiant|100\/100\n|-enditem|p1a: Iron Valiant|Booster Energy\n|-activate|p1a: Iron Valiant|ability: Quark Drive|[fromitem]\n|-start|p1a: Iron Valiant|quarkdrivespe\n|turn|7\n|\n|t:|1700680721\n|move|p1a: Iron Valiant|Swords Dance|p1a: Iron Valiant\n|-boost|p1a: Iron Valiant|atk|2\n|cant|p2a: Iron Treads|slp\n|\n|upkeep\n|turn|8\n|\n|t:|1700680726\n|move|p1a: Iron Valiant|Drain Punch|p2a: Iron Treads\n|-supereffective|p2a: Iron Treads\n|-damage|p2a: Iron Treads|0 fnt\n|faint|p2a: Iron Treads\n|-end|p2a: Iron Treads|Quark Drive|[silent]\n|\n|upkeep\n|\n|t:|1700680731\n|switch|p2a: Gholdengo|Gholdengo|100\/100\n|turn|9\n|\n|t:|1700680734\n|move|p1a: Iron Valiant|Knock Off|p2a: Gholdengo\n|-supereffective|p2a: Gholdengo\n|-damage|p2a: Gholdengo|0 fnt\n|-enditem|p2a: Gholdengo|Life Orb|[from] move: Knock Off|[of] p1a: Iron Valiant\n|faint|p2a: Gholdengo\n|\n|upkeep\n|\n|t:|1700680742\n|switch|p2a: Gengar|Gengar, M|100\/100\n|turn|10\n|\n|t:|1700680749\n|move|p1a: Iron Valiant|Knock Off|p2a: Gengar\n|-supereffective|p2a: Gengar\n|-damage|p2a: Gengar|0 fnt\n|-enditem|p2a: Gengar|Choice Scarf|[from] move: Knock Off|[of] p1a: Iron Valiant\n|faint|p2a: Gengar\n|\n|upkeep\n|\n|t:|1700680751\n|switch|p2a: Salamence|Salamence, M|100\/100\n|turn|11\n|\n|t:|1700680761\n|-terastallize|p2a: Salamence|Electric\n|move|p1a: Iron Valiant|Spirit Break|p2a: Salamence\n|-damage|p2a: Salamence|10\/100\n|-unboost|p2a: Salamence|spa|1\n|move|p2a: Salamence|Dragon Dance|p2a: Salamence\n|-boost|p2a: Salamence|atk|1\n|-boost|p2a: Salamence|spe|1\n|\n|upkeep\n|turn|12\n|\n|t:|1700680772\n|move|p1a: Iron Valiant|Knock Off|p2a: Salamence\n|-damage|p2a: Salamence|0 fnt\n|-enditem|p2a: Salamence|Heavy-Duty Boots|[from] move: Knock Off|[of] p1a: Iron Valiant\n|faint|p2a: Salamence\n|\n|win|Sqqueaks\n|raw|Sqqueaks's rating: 1048 &rarr; <strong>1086<\/strong><br \/>(+38 for winning)\n|raw|levigor's rating: 1107 &rarr; <strong>1078<\/strong><br \/>(-29 for losing)\n|l|\u2606levigor\n","uploadtime":1700680827,"views":0,"p1id":"sqqueaks","p2id":"levigor","formatid":"gen9ou","rating":1078,"private":0,"password":""}