{"id":"gen9ou-1994032100","p1":"vileweaver","p2":"FromRussiaWithLove","format":"[Gen 9] OU","log":"|j|\u2606vileweaver\n|j|\u2606FromRussiaWithLove\n|t:|1700396925\n|gametype|singles\n|player|p1|vileweaver|cowgirl|1026\n|player|p2|FromRussiaWithLove|swimmerf|1088\n|teamsize|p1|6\n|teamsize|p2|6\n|gen|9\n|tier|[Gen 9] OU\n|rated|\n|rule|Sleep Clause Mod: Limit one foe put to sleep\n|rule|Species Clause: Limit one of each Pok\u00e9mon\n|rule|OHKO Clause: OHKO moves are banned\n|rule|Evasion Items Clause: Evasion items are banned\n|rule|Evasion Moves Clause: Evasion moves are banned\n|rule|Endless Battle Clause: Forcing endless battles is banned\n|rule|HP Percentage Mod: HP is shown in percentages\n|clearpoke\n|poke|p1|Maushold|\n|poke|p1|Toxapex, F|\n|poke|p1|Great Tusk|\n|poke|p1|Tinkaton, F|\n|poke|p1|Torkoal, M|\n|poke|p1|Gholdengo|\n|poke|p2|Tinkaton, F|\n|poke|p2|Sneasler, M|\n|poke|p2|Grimmsnarl, M|\n|poke|p2|Lilligant-Hisui, F|\n|poke|p2|Vivillon-Pokeball, M|\n|poke|p2|Arcanine-Hisui, M|\n|teampreview\n|inactive|Battle timer is ON: inactive players will automatically lose when time's up. (requested by FromRussiaWithLove)\n|\n|t:|1700396938\n|start\n|switch|p1a: RollingNTrolling|Toxapex, F|100\/100\n|switch|p2a: GNARLY|Grimmsnarl, M, shiny|100\/100\n|turn|1\n|\n|t:|1700396954\n|move|p2a: GNARLY|Taunt|p1a: RollingNTrolling\n|-start|p1a: RollingNTrolling|move: Taunt\n|cant|p1a: RollingNTrolling|move: Taunt|Toxic Spikes\n|\n|upkeep\n|turn|2\n|\n|t:|1700396970\n|switch|p1a: Racism Hater|Gholdengo|100\/100\n|move|p2a: GNARLY|Light Screen|p2a: GNARLY\n|-sidestart|p2: FromRussiaWithLove|move: Light Screen\n|\n|upkeep\n|turn|3\n|\n|t:|1700396985\n|switch|p2a: DOGGY|Arcanine-Hisui, M|100\/100\n|move|p1a: Racism Hater|Make It Rain|p2a: DOGGY\n|-damage|p2a: DOGGY|58\/100\n|-unboost|p1a: Racism Hater|spa|1\n|\n|upkeep\n|turn|4\n|inactive|vileweaver has 120 seconds left.\n|\n|t:|1700397009\n|switch|p1a: DryHeavinOlMan|Torkoal, M|100\/100\n|-weather|SunnyDay|[from] ability: Drought|[of] p1a: DryHeavinOlMan\n|move|p2a: DOGGY|Head Smash|p1a: DryHeavinOlMan|[miss]\n|-miss|p2a: DOGGY|p1a: DryHeavinOlMan\n|\n|-weather|SunnyDay|[upkeep]\n|upkeep\n|turn|5\n|inactive|vileweaver has 120 seconds left.\n|\n|t:|1700397019\n|switch|p1a: Great Musk|Great Tusk|100\/100\n|-activate|p1a: Great Musk|ability: Protosynthesis\n|-start|p1a: Great Musk|protosynthesisdef\n|move|p2a: DOGGY|Head Smash|p1a: Great Musk\n|-resisted|p1a: Great Musk\n|-damage|p1a: Great Musk|90\/100\n|\n|-weather|SunnyDay|[upkeep]\n|upkeep\n|turn|6\n|inactive|vileweaver has 120 seconds left.\n|\n|t:|1700397029\n|switch|p2a: BUTTERFLY|Vivillon-Pokeball, M|100\/100\n|move|p1a: Great Musk|Body Press|p2a: BUTTERFLY\n|-resisted|p2a: BUTTERFLY\n|-damage|p2a: BUTTERFLY|77\/100\n|\n|-weather|SunnyDay|[upkeep]\n|upkeep\n|turn|7\n|inactive|vileweaver has 120 seconds left.\n|\n|t:|1700397039\n|move|p2a: BUTTERFLY|Sleep Powder|p1a: Great Musk\n|-status|p1a: Great Musk|slp|[from] move: Sleep Powder\n|cant|p1a: Great Musk|slp\n|\n|-weather|SunnyDay|[upkeep]\n|upkeep\n|turn|8\n|inactive|vileweaver has 120 seconds left.\n|\n|t:|1700397054\n|-end|p1a: Great Musk|Protosynthesis|[silent]\n|switch|p1a: DryHeavinOlMan|Torkoal, M|100\/100\n|move|p2a: BUTTERFLY|Quiver Dance|p2a: BUTTERFLY\n|-boost|p2a: BUTTERFLY|spa|1\n|-boost|p2a: BUTTERFLY|spd|1\n|-boost|p2a: BUTTERFLY|spe|1\n|\n|-weather|none\n|upkeep\n|turn|9\n|\n|t:|1700397064\n|move|p2a: BUTTERFLY|Hurricane|p1a: DryHeavinOlMan\n|-damage|p1a: DryHeavinOlMan|39\/100\n|move|p1a: DryHeavinOlMan|Ancient Power|p2a: BUTTERFLY\n|-supereffective|p2a: BUTTERFLY\n|-damage|p2a: BUTTERFLY|44\/100\n|\n|-heal|p1a: DryHeavinOlMan|45\/100|[from] item: Leftovers\n|-sideend|p2: FromRussiaWithLove|move: Light Screen\n|upkeep\n|turn|10\n|inactive|vileweaver has 120 seconds left.\n|\n|t:|1700397097\n|switch|p1a: RollingNTrolling|Toxapex, F|100\/100\n|move|p2a: BUTTERFLY|Hurricane|p1a: RollingNTrolling\n|-damage|p1a: RollingNTrolling|45\/100\n|\n|upkeep\n|turn|11\n|\n|t:|1700397110\n|move|p2a: BUTTERFLY|Hurricane|p1a: RollingNTrolling\n|-damage|p1a: RollingNTrolling|0 fnt\n|faint|p1a: RollingNTrolling\n|\n|upkeep\n|\n|t:|1700397128\n|switch|p1a: DryHeavinOlMan|Torkoal, M|45\/100\n|-weather|SunnyDay|[from] ability: Drought|[of] p1a: DryHeavinOlMan\n|turn|12\n|\n|t:|1700397134\n|move|p2a: BUTTERFLY|Hurricane|p1a: DryHeavinOlMan\n|-damage|p1a: DryHeavinOlMan|0 fnt\n|faint|p1a: DryHeavinOlMan\n|\n|-weather|SunnyDay|[upkeep]\n|upkeep\n|\n|t:|1700397141\n|switch|p1a: Great Musk|Great Tusk|90\/100 slp\n|-activate|p1a: Great Musk|ability: Protosynthesis\n|-start|p1a: Great Musk|protosynthesisdef\n|turn|13\n|\n|t:|1700397149\n|-terastallize|p1a: Great Musk|Ice\n|move|p2a: BUTTERFLY|Quiver Dance|p2a: BUTTERFLY\n|-boost|p2a: BUTTERFLY|spa|1\n|-boost|p2a: BUTTERFLY|spd|1\n|-boost|p2a: BUTTERFLY|spe|1\n|cant|p1a: Great Musk|slp\n|\n|-weather|SunnyDay|[upkeep]\n|upkeep\n|turn|14\n|\n|t:|1700397160\n|move|p2a: BUTTERFLY|Hurricane|p1a: Great Musk|[miss]\n|-miss|p2a: BUTTERFLY|p1a: Great Musk\n|-curestatus|p1a: Great Musk|slp|[msg]\n|move|p1a: Great Musk|Ice Spinner|p2a: BUTTERFLY\n|-supereffective|p2a: BUTTERFLY\n|-damage|p2a: BUTTERFLY|0 fnt\n|faint|p2a: BUTTERFLY\n|\n|-weather|SunnyDay|[upkeep]\n|upkeep\n|\n|t:|1700397168\n|switch|p2a: DOGGY|Arcanine-Hisui, M|58\/100\n|turn|15\n|\n|t:|1700397177\n|move|p2a: DOGGY|Flare Blitz|p1a: Great Musk\n|-supereffective|p1a: Great Musk\n|-damage|p1a: Great Musk|0 fnt\n|faint|p1a: Great Musk\n|-end|p1a: Great Musk|Protosynthesis|[silent]\n|\n|-weather|SunnyDay|[upkeep]\n|upkeep\n|\n|t:|1700397188\n|switch|p1a: Divorce Incoming|Maushold|100\/100\n|turn|16\n|\n|t:|1700397212\n|move|p1a: Divorce Incoming|Population Bomb|p2a: DOGGY|[miss]\n|-miss|p1a: Divorce Incoming|p2a: DOGGY\n|move|p2a: DOGGY|Flare Blitz|p1a: Divorce Incoming\n|-damage|p1a: Divorce Incoming|0 fnt\n|faint|p1a: Divorce Incoming\n|\n|-weather|none\n|upkeep\n|inactive|vileweaver has 90 seconds left.\n|\n|t:|1700397234\n|switch|p1a: (>\/\/\/<)|Tinkaton, F|100\/100\n|-ability|p1a: (>\/\/\/<)|Mold Breaker\n|turn|17\n|inactive|vileweaver has 90 seconds left.\n|\n|t:|1700397247\n|move|p1a: (>\/\/\/<)|Foul Play|p2a: DOGGY\n|-damage|p2a: DOGGY|3\/100\n|move|p2a: DOGGY|Flare Blitz|p1a: (>\/\/\/<)\n|-supereffective|p1a: (>\/\/\/<)\n|-damage|p1a: (>\/\/\/<)|0 fnt\n|faint|p1a: (>\/\/\/<)\n|\n|upkeep\n|\n|t:|1700397255\n|switch|p1a: Racism Hater|Gholdengo|100\/100\n|turn|18\n|inactive|vileweaver has 90 seconds left.\n|\n|t:|1700397263\n|move|p2a: DOGGY|Flare Blitz|p1a: Racism Hater\n|-supereffective|p1a: Racism Hater\n|-damage|p1a: Racism Hater|0 fnt\n|faint|p1a: Racism Hater\n|\n|win|FromRussiaWithLove\n|raw|vileweaver's rating: 1026 &rarr; <strong>1015<\/strong><br \/>(-11 for losing)\n|raw|FromRussiaWithLove's rating: 1088 &rarr; <strong>1110<\/strong><br \/>(+22 for winning)\n","uploadtime":1700397269,"views":13,"p1id":"vileweaver","p2id":"fromrussiawithlove","formatid":"gen9ou","rating":1015,"private":0,"password":""}