{"id":"gen9ou-1991275278","p1":"AnOddEncounter","p2":"Ferchoca4","format":"[Gen 9] OU","log":"|j|\u2606AnOddEncounter\n|j|\u2606Ferchoca4\n|t:|1700063440\n|gametype|singles\n|player|p1|AnOddEncounter|pokemaniac|1248\n|player|p2|Ferchoca4|bruno|1232\n|teamsize|p1|6\n|teamsize|p2|6\n|gen|9\n|tier|[Gen 9] OU\n|rated|\n|rule|Sleep Clause Mod: Limit one foe put to sleep\n|rule|Species Clause: Limit one of each Pok\u00e9mon\n|rule|OHKO Clause: OHKO moves are banned\n|rule|Evasion Items Clause: Evasion items are banned\n|rule|Evasion Moves Clause: Evasion moves are banned\n|rule|Endless Battle Clause: Forcing endless battles is banned\n|rule|HP Percentage Mod: HP is shown in percentages\n|clearpoke\n|poke|p1|Kingambit, F|\n|poke|p1|Zamazenta-*|\n|poke|p1|Dragonite, F|\n|poke|p1|Manaphy|\n|poke|p1|Ninetales-Alola, M|\n|poke|p1|Landorus-Therian, M|\n|poke|p2|Dragonite, F|\n|poke|p2|Iron Moth|\n|poke|p2|Great Tusk|\n|poke|p2|Grimmsnarl, M|\n|poke|p2|Kommo-o, F|\n|poke|p2|Kingambit, M|\n|teampreview\n|\n|t:|1700063450\n|start\n|switch|p1a: MyLandorusT|Landorus-Therian, M|100\/100\n|switch|p2a: Kingambit|Kingambit, M, shiny|100\/100\n|-ability|p1a: MyLandorusT|Intimidate|boost\n|-unboost|p2a: Kingambit|atk|1\n|turn|1\n|\n|t:|1700063464\n|-end|p2a: Kingambit|fallenundefined|[silent]\n|switch|p2a: Grimmsnarl|Grimmsnarl, M|100\/100\n|move|p1a: MyLandorusT|Stealth Rock|p2a: Grimmsnarl\n|-sidestart|p2: Ferchoca4|move: Stealth Rock\n|\n|upkeep\n|turn|2\n|\n|t:|1700063475\n|switch|p1a: WhenTheShieldIs|Zamazenta|100\/100\n|-ability|p1a: WhenTheShieldIs|Dauntless Shield|boost\n|-boost|p1a: WhenTheShieldIs|def|1\n|move|p2a: Grimmsnarl|Reflect|p2a: Grimmsnarl\n|-sidestart|p2: Ferchoca4|Reflect\n|\n|upkeep\n|turn|3\n|\n|t:|1700063489\n|move|p1a: WhenTheShieldIs|Heavy Slam|p2a: Grimmsnarl\n|-supereffective|p2a: Grimmsnarl\n|-damage|p2a: Grimmsnarl|60\/100\n|move|p2a: Grimmsnarl|Spirit Break|p1a: WhenTheShieldIs\n|-supereffective|p1a: WhenTheShieldIs\n|-damage|p1a: WhenTheShieldIs|62\/100\n|-unboost|p1a: WhenTheShieldIs|spa|1\n|\n|upkeep\n|turn|4\n|\n|t:|1700063504\n|move|p1a: WhenTheShieldIs|Heavy Slam|p2a: Grimmsnarl\n|-supereffective|p2a: Grimmsnarl\n|-damage|p2a: Grimmsnarl|21\/100\n|move|p2a: Grimmsnarl|Spirit Break|p1a: WhenTheShieldIs\n|-supereffective|p1a: WhenTheShieldIs\n|-damage|p1a: WhenTheShieldIs|21\/100\n|-unboost|p1a: WhenTheShieldIs|spa|1\n|\n|upkeep\n|turn|5\n|\n|t:|1700063514\n|move|p2a: Grimmsnarl|Parting Shot|p1a: WhenTheShieldIs\n|-unboost|p1a: WhenTheShieldIs|atk|1\n|-unboost|p1a: WhenTheShieldIs|spa|1\n|\n|t:|1700063517\n|switch|p2a: Great Tusk|Great Tusk|100\/100|[from] Parting Shot\n|-damage|p2a: Great Tusk|98\/100|[from] Stealth Rock\n|move|p1a: WhenTheShieldIs|Heavy Slam|p2a: Great Tusk\n|-crit|p2a: Great Tusk\n|-damage|p2a: Great Tusk|76\/100\n|\n|upkeep\n|turn|6\n|\n|t:|1700063530\n|move|p1a: WhenTheShieldIs|Heavy Slam|p2a: Great Tusk\n|-damage|p2a: Great Tusk|71\/100\n|move|p2a: Great Tusk|Rapid Spin|p1a: WhenTheShieldIs\n|-damage|p1a: WhenTheShieldIs|10\/100\n|-boost|p2a: Great Tusk|spe|1\n|-sideend|p2: Ferchoca4|Stealth Rock|[from] move: Rapid Spin|[of] p2a: Great Tusk\n|\n|upkeep\n|turn|7\n|\n|t:|1700063544\n|move|p2a: Great Tusk|Rapid Spin|p1a: WhenTheShieldIs\n|-damage|p1a: WhenTheShieldIs|0 fnt\n|-boost|p2a: Great Tusk|spe|1\n|faint|p1a: WhenTheShieldIs\n|\n|upkeep\n|\n|t:|1700063547\n|switch|p1a: MyLandorusT|Landorus-Therian, M|100\/100\n|-ability|p1a: MyLandorusT|Intimidate|boost\n|-unboost|p2a: Great Tusk|atk|1\n|turn|8\n|\n|t:|1700063555\n|move|p2a: Great Tusk|Ice Spinner|p1a: MyLandorusT\n|-supereffective|p1a: MyLandorusT\n|-damage|p1a: MyLandorusT|48\/100\n|-damage|p2a: Great Tusk|54\/100|[from] item: Rocky Helmet|[of] p1a: MyLandorusT\n|move|p1a: MyLandorusT|Grass Knot|p2a: Great Tusk\n|-supereffective|p2a: Great Tusk\n|-damage|p2a: Great Tusk|4\/100\n|\n|upkeep\n|turn|9\n|\n|t:|1700063566\n|switch|p1a: Yuki|Ninetales-Alola, M|100\/100\n|-weather|Snow|[from] ability: Snow Warning|[of] p1a: Yuki\n|move|p2a: Great Tusk|Ice Spinner|p1a: Yuki\n|-resisted|p1a: Yuki\n|-damage|p1a: Yuki|93\/100\n|\n|-weather|Snow|[upkeep]\n|-sideend|p2: Ferchoca4|Reflect\n|upkeep\n|turn|10\n|\n|t:|1700063581\n|move|p2a: Great Tusk|Close Combat|p1a: Yuki\n|-crit|p1a: Yuki\n|-damage|p1a: Yuki|22\/100\n|-unboost|p2a: Great Tusk|def|1\n|-unboost|p2a: Great Tusk|spd|1\n|move|p1a: Yuki|Aurora Veil|p1a: Yuki\n|-sidestart|p1: AnOddEncounter|move: Aurora Veil\n|\n|-weather|Snow|[upkeep]\n|upkeep\n|turn|11\n|\n|t:|1700063589\n|switch|p1a: MyLandorusT|Landorus-Therian, M|48\/100\n|-ability|p1a: MyLandorusT|Intimidate|boost\n|-unboost|p2a: Great Tusk|atk|1\n|move|p2a: Great Tusk|Close Combat|p1a: MyLandorusT\n|-resisted|p1a: MyLandorusT\n|-damage|p1a: MyLandorusT|42\/100\n|-unboost|p2a: Great Tusk|def|1\n|-unboost|p2a: Great Tusk|spd|1\n|-damage|p2a: Great Tusk|0 fnt|[from] item: Rocky Helmet|[of] p1a: MyLandorusT\n|faint|p2a: Great Tusk\n|-end|p2a: Great Tusk|Protosynthesis|[silent]\n|\n|-weather|Snow|[upkeep]\n|upkeep\n|\n|t:|1700063616\n|switch|p2a: Grimmsnarl|Grimmsnarl, M|21\/100\n|turn|12\n|\n|t:|1700063631\n|move|p2a: Grimmsnarl|Reflect|p2a: Grimmsnarl\n|-sidestart|p2: Ferchoca4|Reflect\n|move|p1a: MyLandorusT|Grass Knot|p2a: Grimmsnarl\n|-damage|p2a: Grimmsnarl|6\/100\n|\n|-weather|Snow|[upkeep]\n|upkeep\n|turn|13\n|\n|t:|1700063638\n|move|p2a: Grimmsnarl|Light Screen|p2a: Grimmsnarl\n|-sidestart|p2: Ferchoca4|move: Light Screen\n|move|p1a: MyLandorusT|Earthquake|p2a: Grimmsnarl\n|-damage|p2a: Grimmsnarl|0 fnt\n|faint|p2a: Grimmsnarl\n|\n|-weather|none\n|upkeep\n|\n|t:|1700063648\n|switch|p2a: Kommo-o|Kommo-o, F|100\/100\n|turn|14\n|\n|t:|1700063658\n|move|p2a: Kommo-o|Clangorous Soul|p2a: Kommo-o\n|-boost|p2a: Kommo-o|atk|1\n|-boost|p2a: Kommo-o|def|1\n|-boost|p2a: Kommo-o|spa|1\n|-boost|p2a: Kommo-o|spd|1\n|-boost|p2a: Kommo-o|spe|1\n|-damage|p2a: Kommo-o|68\/100\n|-enditem|p2a: Kommo-o|Throat Spray\n|-boost|p2a: Kommo-o|spa|1|[from] item: Throat Spray\n|move|p1a: MyLandorusT|Stealth Rock|p2a: Kommo-o\n|-sidestart|p2: Ferchoca4|move: Stealth Rock\n|\n|upkeep\n|turn|15\n|\n|t:|1700063672\n|move|p2a: Kommo-o|Clanging Scales|p1a: MyLandorusT\n|-damage|p1a: MyLandorusT|0 fnt\n|faint|p1a: MyLandorusT\n|-unboost|p2a: Kommo-o|def|1\n|\n|upkeep\n|\n|t:|1700063686\n|switch|p1a: Yuki|Ninetales-Alola, M|22\/100\n|-weather|Snow|[from] ability: Snow Warning|[of] p1a: Yuki\n|turn|16\n|\n|t:|1700063691\n|move|p2a: Kommo-o|Flamethrower|p1a: Yuki\n|-supereffective|p1a: Yuki\n|-damage|p1a: Yuki|0 fnt\n|faint|p1a: Yuki\n|\n|-weather|Snow|[upkeep]\n|upkeep\n|\n|t:|1700063704\n|switch|p1a: Gaming|Dragonite, F|100\/100\n|turn|17\n|\n|t:|1700063712\n|-terastallize|p2a: Kommo-o|Dragon\n|move|p2a: Kommo-o|Clanging Scales|p1a: Gaming\n|-supereffective|p1a: Gaming\n|-damage|p1a: Gaming|31\/100\n|-unboost|p2a: Kommo-o|def|1\n|move|p1a: Gaming|Ice Spinner|p2a: Kommo-o\n|-supereffective|p2a: Kommo-o\n|-crit|p2a: Kommo-o\n|-damage|p2a: Kommo-o|0 fnt\n|faint|p2a: Kommo-o\n|\n|-weather|Snow|[upkeep]\n|-sideend|p1: AnOddEncounter|move: Aurora Veil\n|upkeep\n|\n|t:|1700063733\n|switch|p2a: Iron Moth|Iron Moth|100\/100\n|-damage|p2a: Iron Moth|76\/100|[from] Stealth Rock\n|-enditem|p2a: Iron Moth|Booster Energy\n|-activate|p2a: Iron Moth|ability: Quark Drive|[fromitem]\n|-start|p2a: Iron Moth|quarkdrivespa\n|turn|18\n|\n|t:|1700063743\n|switch|p1a: Behemoth|Manaphy|100\/100\n|move|p2a: Iron Moth|Fiery Dance|p1a: Behemoth\n|-resisted|p1a: Behemoth\n|-damage|p1a: Behemoth|67\/100\n|-boost|p2a: Iron Moth|spa|1\n|\n|-weather|Snow|[upkeep]\n|-heal|p1a: Behemoth|74\/100|[from] item: Leftovers\n|upkeep\n|turn|19\n|\n|t:|1700063754\n|move|p1a: Behemoth|Surf|p2a: Iron Moth\n|-supereffective|p2a: Iron Moth\n|-damage|p2a: Iron Moth|37\/100\n|move|p2a: Iron Moth|Energy Ball|p1a: Behemoth\n|-supereffective|p1a: Behemoth\n|-damage|p1a: Behemoth|0 fnt\n|faint|p1a: Behemoth\n|\n|-weather|Snow|[upkeep]\n|-sideend|p2: Ferchoca4|Reflect\n|upkeep\n|\n|t:|1700063761\n|switch|p1a: Cutlass|Kingambit, F|100\/100\n|-activate|p1a: Cutlass|ability: Supreme Overlord\n|-start|p1a: Cutlass|fallen4|[silent]\n|turn|20\n|\n|t:|1700063768\n|move|p1a: Cutlass|Sucker Punch|p2a: Iron Moth\n|-damage|p2a: Iron Moth|0 fnt\n|faint|p2a: Iron Moth\n|-end|p2a: Iron Moth|Quark Drive|[silent]\n|\n|-weather|none\n|-sideend|p2: Ferchoca4|move: Light Screen\n|upkeep\n|\n|t:|1700063777\n|switch|p2a: Dragonite|Dragonite, F|100\/100\n|-damage|p2a: Dragonite|76\/100|[from] Stealth Rock\n|turn|21\n|\n|t:|1700063783\n|move|p2a: Dragonite|Roost|p2a: Dragonite\n|-heal|p2a: Dragonite|100\/100\n|-singleturn|p2a: Dragonite|move: Roost\n|move|p1a: Cutlass|Swords Dance|p1a: Cutlass\n|-boost|p1a: Cutlass|atk|2\n|\n|upkeep\n|turn|22\n|\n|t:|1700063791\n|move|p2a: Dragonite|Dragon Dance|p2a: Dragonite\n|-boost|p2a: Dragonite|atk|1\n|-boost|p2a: Dragonite|spe|1\n|move|p1a: Cutlass|Kowtow Cleave|p2a: Dragonite\n|-damage|p2a: Dragonite|34\/100\n|\n|upkeep\n|turn|23\n|\n|t:|1700063803\n|move|p2a: Dragonite|Fire Punch|p1a: Cutlass\n|-supereffective|p1a: Cutlass\n|-damage|p1a: Cutlass|32\/100\n|move|p1a: Cutlass|Kowtow Cleave|p2a: Dragonite\n|-damage|p2a: Dragonite|0 fnt\n|faint|p2a: Dragonite\n|\n|upkeep\n|\n|t:|1700063812\n|switch|p2a: Kingambit|Kingambit, M, shiny|100\/100\n|-damage|p2a: Kingambit|94\/100|[from] Stealth Rock\n|-activate|p2a: Kingambit|ability: Supreme Overlord\n|-start|p2a: Kingambit|fallen5|[silent]\n|turn|24\n|\n|t:|1700063832\n|move|p2a: Kingambit|Sucker Punch|p1a: Cutlass\n|-resisted|p1a: Cutlass\n|-damage|p1a: Cutlass|4\/100\n|move|p1a: Cutlass|Kowtow Cleave|p2a: Kingambit\n|-resisted|p2a: Kingambit\n|-damage|p2a: Kingambit|45\/100\n|\n|upkeep\n|turn|25\n|\n|t:|1700063845\n|move|p1a: Cutlass|Sucker Punch|p2a: Kingambit\n|-resisted|p2a: Kingambit\n|-damage|p2a: Kingambit|4\/100\n|move|p2a: Kingambit|Sucker Punch||[still]\n|-fail|p2a: Kingambit\n|\n|upkeep\n|turn|26\n|\n|t:|1700063853\n|move|p1a: Cutlass|Sucker Punch|p2a: Kingambit\n|-resisted|p2a: Kingambit\n|-damage|p2a: Kingambit|0 fnt\n|faint|p2a: Kingambit\n|-end|p2a: Kingambit|fallen5|[silent]\n|\n|win|AnOddEncounter\n|raw|AnOddEncounter's rating: 1248 &rarr; <strong>1272<\/strong><br \/>(+24 for winning)\n|raw|Ferchoca4's rating: 1232 &rarr; <strong>1208<\/strong><br \/>(-24 for losing)\n|c|\u2606AnOddEncounter|Gg\n","uploadtime":1700063871,"views":14,"p1id":"anoddencounter","p2id":"ferchoca4","formatid":"gen9ou","rating":1208,"private":0,"password":""}