{"id":"gen9ou-1994794436","p1":"mauricio3173","p2":"Skillager1","format":"[Gen 9] OU","log":"|j|\u2606mauricio3173\n|j|\u2606Skillager1\n|t:|1700493428\n|gametype|singles\n|player|p1|mauricio3173|169|1572\n|player|p2|Skillager1|265|1629\n|teamsize|p1|6\n|teamsize|p2|6\n|gen|9\n|tier|[Gen 9] OU\n|rated|\n|rule|Sleep Clause Mod: Limit one foe put to sleep\n|rule|Species Clause: Limit one of each Pok\u00e9mon\n|rule|OHKO Clause: OHKO moves are banned\n|rule|Evasion Items Clause: Evasion items are banned\n|rule|Evasion Moves Clause: Evasion moves are banned\n|rule|Endless Battle Clause: Forcing endless battles is banned\n|rule|HP Percentage Mod: HP is shown in percentages\n|clearpoke\n|poke|p1|Weezing-Galar, F|\n|poke|p1|Ceruledge, F|\n|poke|p1|Dragapult, M|\n|poke|p1|Ogerpon-Wellspring, F|\n|poke|p1|Rillaboom, F|\n|poke|p1|Kingambit, F|\n|poke|p2|Samurott-Hisui, F|\n|poke|p2|Iron Valiant|\n|poke|p2|Great Tusk|\n|poke|p2|Kingambit, M|\n|poke|p2|Gholdengo|\n|poke|p2|Iron Moth|\n|teampreview\n|inactive|Battle timer is ON: inactive players will automatically lose when time's up. (requested by mauricio3173)\n|\n|t:|1700493453\n|start\n|switch|p1a: Weezing|Weezing-Galar, F, shiny|100\/100\n|switch|p2a: Samurott|Samurott-Hisui, F|100\/100\n|-ability|p1a: Weezing|Neutralizing Gas\n|turn|1\n|\n|t:|1700493480\n|move|p2a: Samurott|Ceaseless Edge|p1a: Weezing\n|-resisted|p1a: Weezing\n|-damage|p1a: Weezing|90\/100\n|-sidestart|p1: mauricio3173|Spikes\n|move|p1a: Weezing|Will-O-Wisp|p2a: Samurott\n|-status|p2a: Samurott|brn\n|\n|-heal|p1a: Weezing|96\/100|[from] item: Leftovers\n|-damage|p2a: Samurott|94\/100 brn|[from] brn\n|upkeep\n|turn|2\n|\n|t:|1700493487\n|switch|p2a: Iron Moth|Iron Moth|100\/100\n|-enditem|p2a: Iron Moth|Booster Energy\n|-activate|p2a: Iron Moth|ability: Quark Drive|[fromitem]\n|-start|p2a: Iron Moth|quarkdrivespa\n|move|p1a: Weezing|Defog|p2a: Iron Moth\n|-unboost|p2a: Iron Moth|evasion|1\n|-sideend|p1: mauricio3173|Spikes|[from] move: Defog|[of] p1a: Weezing\n|\n|-heal|p1a: Weezing|100\/100|[from] item: Leftovers\n|upkeep\n|turn|3\n|\n|t:|1700493506\n|-end|p1a: Weezing|ability: Neutralizing Gas\n|switch|p1a: Ogerpon|Ogerpon-Wellspring, F|100\/100\n|move|p2a: Iron Moth|Sludge Wave|p1a: Ogerpon\n|-supereffective|p1a: Ogerpon\n|-damage|p1a: Ogerpon|0 fnt\n|faint|p1a: Ogerpon\n|\n|upkeep\n|\n|t:|1700493511\n|switch|p1a: Ceruledge|Ceruledge, F|100\/100\n|turn|4\n|\n|t:|1700493518\n|move|p2a: Iron Moth|Sludge Wave|p1a: Ceruledge\n|-resisted|p1a: Ceruledge\n|-damage|p1a: Ceruledge|58\/100\n|-status|p1a: Ceruledge|psn\n|move|p1a: Ceruledge|Swords Dance|p1a: Ceruledge\n|-boost|p1a: Ceruledge|atk|2\n|\n|-damage|p1a: Ceruledge|46\/100 psn|[from] psn\n|upkeep\n|turn|5\n|\n|t:|1700493526\n|-terastallize|p2a: Iron Moth|Water\n|move|p2a: Iron Moth|Tera Blast|p1a: Ceruledge|[anim] Tera Blast Water\n|-supereffective|p1a: Ceruledge\n|-damage|p1a: Ceruledge|0 fnt\n|faint|p1a: Ceruledge\n|\n|upkeep\n|c|\u2606mauricio3173|good haxes bro\n|\n|t:|1700493535\n|switch|p1a: Rillaboom|Rillaboom, F|100\/100\n|-fieldstart|move: Grassy Terrain|[from] ability: Grassy Surge|[of] p1a: Rillaboom\n|turn|6\n|\n|t:|1700493543\n|-end|p2a: Iron Moth|Quark Drive|[silent]\n|switch|p2a: Samurott|Samurott-Hisui, F|94\/100 brn\n|move|p1a: Rillaboom|Grassy Glide|p2a: Samurott\n|-supereffective|p2a: Samurott\n|-damage|p2a: Samurott|0 fnt\n|faint|p2a: Samurott\n|\n|upkeep\n|\n|t:|1700493565\n|switch|p2a: Gholdengo|Gholdengo|100\/100\n|-item|p2a: Gholdengo|Air Balloon\n|turn|7\n|\n|t:|1700493588\n|switch|p1a: Dragapult|Dragapult, M|100\/100\n|move|p2a: Gholdengo|Make It Rain|p1a: Dragapult\n|-damage|p1a: Dragapult|12\/100\n|-unboost|p2a: Gholdengo|spa|1\n|\n|-heal|p1a: Dragapult|18\/100|[from] Grassy Terrain\n|upkeep\n|turn|8\n|\n|t:|1700493599\n|switch|p2a: Kingambit|Kingambit, M|100\/100\n|-activate|p2a: Kingambit|ability: Supreme Overlord\n|-start|p2a: Kingambit|fallen1|[silent]\n|move|p1a: Dragapult|Will-O-Wisp|p2a: Kingambit\n|-status|p2a: Kingambit|brn\n|\n|-heal|p1a: Dragapult|24\/100|[from] Grassy Terrain\n|-damage|p2a: Kingambit|94\/100 brn|[from] brn\n|upkeep\n|turn|9\n|\n|t:|1700493607\n|switch|p1a: Kingambit|Kingambit, F|100\/100\n|-activate|p1a: Kingambit|ability: Supreme Overlord\n|-start|p1a: Kingambit|fallen2|[silent]\n|move|p2a: Kingambit|Kowtow Cleave|p1a: Kingambit\n|-resisted|p1a: Kingambit\n|-damage|p1a: Kingambit|84\/100\n|\n|-heal|p1a: Kingambit|90\/100|[from] Grassy Terrain\n|-heal|p2a: Kingambit|100\/100 brn|[from] Grassy Terrain\n|-damage|p2a: Kingambit|94\/100 brn|[from] brn\n|upkeep\n|turn|10\n|\n|t:|1700493612\n|-end|p2a: Kingambit|fallen1|[silent]\n|switch|p2a: Great Tusk|Great Tusk|100\/100\n|move|p1a: Kingambit|Low Kick|p2a: Great Tusk\n|-crit|p2a: Great Tusk\n|-damage|p2a: Great Tusk|43\/100\n|\n|-heal|p2a: Great Tusk|49\/100|[from] Grassy Terrain\n|-heal|p2a: Great Tusk|55\/100|[from] item: Leftovers\n|-heal|p1a: Kingambit|96\/100|[from] Grassy Terrain\n|-fieldend|move: Grassy Terrain\n|upkeep\n|turn|11\n|\n|t:|1700493624\n|-end|p1a: Kingambit|fallen2|[silent]\n|switch|p1a: Rillaboom|Rillaboom, F|100\/100\n|-fieldstart|move: Grassy Terrain|[from] ability: Grassy Surge|[of] p1a: Rillaboom\n|move|p2a: Great Tusk|Close Combat|p1a: Rillaboom\n|-damage|p1a: Rillaboom|36\/100\n|-unboost|p2a: Great Tusk|def|1\n|-unboost|p2a: Great Tusk|spd|1\n|\n|-heal|p2a: Great Tusk|61\/100|[from] Grassy Terrain\n|-heal|p2a: Great Tusk|68\/100|[from] item: Leftovers\n|-heal|p1a: Rillaboom|42\/100|[from] Grassy Terrain\n|upkeep\n|turn|12\n|\n|t:|1700493632\n|-end|p2a: Great Tusk|Protosynthesis|[silent]\n|switch|p2a: Kingambit|Kingambit, M|94\/100 brn\n|-activate|p2a: Kingambit|ability: Supreme Overlord\n|-start|p2a: Kingambit|fallen1|[silent]\n|move|p1a: Rillaboom|U-turn|p2a: Kingambit\n|-damage|p2a: Kingambit|67\/100 brn\n|\n|t:|1700493639\n|switch|p1a: Kingambit|Kingambit, F|96\/100|[from] U-turn\n|-activate|p1a: Kingambit|ability: Supreme Overlord\n|-start|p1a: Kingambit|fallen2|[silent]\n|\n|-heal|p1a: Kingambit|100\/100|[from] Grassy Terrain\n|-heal|p2a: Kingambit|73\/100 brn|[from] Grassy Terrain\n|-damage|p2a: Kingambit|67\/100 brn|[from] brn\n|upkeep\n|turn|13\n|\n|t:|1700493642\n|move|p1a: Kingambit|Swords Dance|p1a: Kingambit\n|-boost|p1a: Kingambit|atk|2\n|move|p2a: Kingambit|Low Kick|p1a: Kingambit\n|-supereffective|p1a: Kingambit\n|-damage|p1a: Kingambit|0 fnt\n|faint|p1a: Kingambit\n|-end|p1a: Kingambit|fallen2|[silent]\n|\n|-heal|p2a: Kingambit|73\/100 brn|[from] Grassy Terrain\n|-damage|p2a: Kingambit|67\/100 brn|[from] brn\n|upkeep\n|\n|t:|1700493646\n|switch|p1a: Weezing|Weezing-Galar, F, shiny|100\/100\n|-ability|p1a: Weezing|Neutralizing Gas\n|turn|14\n|c|\u2606mauricio3173|hijo de puta\n|c|\u2606Skillager1|Hija <3\n|\n|t:|1700493673\n|-end|p2a: Kingambit|fallen1|[silent]\n|switch|p2a: Iron Moth|Iron Moth, tera:Water|100\/100\n|move|p1a: Weezing|Strange Steam|p2a: Iron Moth\n|-damage|p2a: Iron Moth|75\/100\n|\n|-heal|p2a: Iron Moth|81\/100|[from] Grassy Terrain\n|upkeep\n|turn|15\n|\n|t:|1700493681\n|move|p2a: Iron Moth|Sludge Wave|p1a: Weezing\n|-damage|p1a: Weezing|15\/100\n|move|p1a: Weezing|Strange Steam|p2a: Iron Moth\n|-damage|p2a: Iron Moth|51\/100\n|\n|-heal|p2a: Iron Moth|57\/100|[from] Grassy Terrain\n|-heal|p1a: Weezing|21\/100|[from] Grassy Terrain\n|-heal|p1a: Weezing|27\/100|[from] item: Leftovers\n|-fieldend|move: Grassy Terrain\n|upkeep\n|turn|16\n|\n|t:|1700493685\n|move|p2a: Iron Moth|Fiery Dance|p1a: Weezing\n|-damage|p1a: Weezing|0 fnt\n|faint|p1a: Weezing\n|-end|p1a: Weezing|ability: Neutralizing Gas\n|\n|upkeep\n|\n|t:|1700493687\n|switch|p1a: Rillaboom|Rillaboom, F|42\/100\n|-fieldstart|move: Grassy Terrain|[from] ability: Grassy Surge|[of] p1a: Rillaboom\n|turn|17\n|\n|t:|1700493699\n|-end|p2a: Iron Moth|Quark Drive|[silent]\n|switch|p2a: Gholdengo|Gholdengo|100\/100\n|-item|p2a: Gholdengo|Air Balloon\n|-terastallize|p1a: Rillaboom|Grass\n|move|p1a: Rillaboom|Grassy Glide|p2a: Gholdengo\n|-resisted|p2a: Gholdengo\n|-damage|p2a: Gholdengo|61\/100\n|-enditem|p2a: Gholdengo|Air Balloon\n|\n|-heal|p1a: Rillaboom|49\/100|[from] Grassy Terrain\n|-heal|p2a: Gholdengo|67\/100|[from] Grassy Terrain\n|upkeep\n|turn|18\n|\n|t:|1700493727\n|move|p1a: Rillaboom|Grassy Glide|p2a: Gholdengo\n|-resisted|p2a: Gholdengo\n|-damage|p2a: Gholdengo|27\/100\n|move|p2a: Gholdengo|Make It Rain|p1a: Rillaboom\n|-damage|p1a: Rillaboom|0 fnt\n|-unboost|p2a: Gholdengo|spa|1\n|faint|p1a: Rillaboom\n|\n|-heal|p2a: Gholdengo|34\/100|[from] Grassy Terrain\n|upkeep\n|-message|mauricio3173 forfeited.\n|\n|win|Skillager1\n|raw|mauricio3173's rating: 1572 &rarr; <strong>1555<\/strong><br \/>(-17 for losing)\n|raw|Skillager1's rating: 1629 &rarr; <strong>1646<\/strong><br \/>(+17 for winning)\n|l|\u2606mauricio3173\n","uploadtime":1700493651,"views":5,"p1id":"mauricio3173","p2id":"skillager1","formatid":"gen9ou","rating":1555,"private":0,"password":""}