{"id":"gen9ou-1997945161","p1":"jookl","p2":"mochai hehe","format":"[Gen 9] OU","log":"|j|\u2606jookl\n|j|\u2606mochai hehe\n|t:|1700870545\n|gametype|singles\n|player|p1|jookl|170|1300\n|player|p2|mochai hehe|lass-gen4|1288\n|teamsize|p1|6\n|teamsize|p2|6\n|gen|9\n|tier|[Gen 9] OU\n|rated|\n|rule|Sleep Clause Mod: Limit one foe put to sleep\n|rule|Species Clause: Limit one of each Pok\u00e9mon\n|rule|OHKO Clause: OHKO moves are banned\n|rule|Evasion Items Clause: Evasion items are banned\n|rule|Evasion Moves Clause: Evasion moves are banned\n|rule|Endless Battle Clause: Forcing endless battles is banned\n|rule|HP Percentage Mod: HP is shown in percentages\n|clearpoke\n|poke|p1|Crawdaunt, F|\n|poke|p1|Heatran, F|\n|poke|p1|Kingambit, F|\n|poke|p1|Rillaboom, F|\n|poke|p1|Dragapult, F|\n|poke|p1|Ceruledge, F|\n|poke|p2|Great Tusk|\n|poke|p2|Toxapex, M|\n|poke|p2|Corviknight, M|\n|poke|p2|Clodsire, M|\n|poke|p2|Clefable, F|\n|poke|p2|Jirachi|\n|teampreview\n|inactive|Battle timer is ON: inactive players will automatically lose when time's up. (requested by mochai hehe)\n|\n|t:|1700870566\n|start\n|switch|p1a: Dragapult|Dragapult, F|100\/100\n|switch|p2a: Clodsire|Clodsire, M|100\/100\n|turn|1\n|\n|t:|1700870571\n|move|p1a: Dragapult|Shadow Ball|p2a: Clodsire\n|-damage|p2a: Clodsire|73\/100\n|move|p2a: Clodsire|Stealth Rock|p1a: Dragapult\n|-sidestart|p1: jookl|move: Stealth Rock\n|\n|-heal|p2a: Clodsire|80\/100|[from] item: Leftovers\n|upkeep\n|turn|2\n|\n|t:|1700870581\n|switch|p1a: Rillaboom|Rillaboom, F|100\/100\n|-damage|p1a: Rillaboom|88\/100|[from] Stealth Rock\n|-fieldstart|move: Grassy Terrain|[from] ability: Grassy Surge|[of] p1a: Rillaboom\n|move|p2a: Clodsire|Toxic|p1a: Rillaboom\n|-status|p1a: Rillaboom|tox\n|\n|-heal|p1a: Rillaboom|94\/100 tox|[from] Grassy Terrain\n|-heal|p2a: Clodsire|86\/100|[from] Grassy Terrain\n|-heal|p2a: Clodsire|92\/100|[from] item: Leftovers\n|-damage|p1a: Rillaboom|88\/100 tox|[from] psn\n|upkeep\n|turn|3\n|\n|t:|1700870587\n|switch|p2a: Corviknight|Corviknight, M|100\/100\n|move|p1a: Rillaboom|Knock Off|p2a: Corviknight\n|-damage|p2a: Corviknight|71\/100\n|-damage|p1a: Rillaboom|72\/100 tox|[from] item: Rocky Helmet|[of] p2a: Corviknight\n|-enditem|p2a: Corviknight|Rocky Helmet|[from] move: Knock Off|[of] p1a: Rillaboom\n|\n|-heal|p1a: Rillaboom|78\/100 tox|[from] Grassy Terrain\n|-damage|p1a: Rillaboom|66\/100 tox|[from] psn\n|upkeep\n|turn|4\n|\n|t:|1700870598\n|switch|p1a: Heatran|Heatran, F|100\/100\n|-damage|p1a: Heatran|88\/100|[from] Stealth Rock\n|move|p2a: Corviknight|Body Press|p1a: Heatran\n|-supereffective|p1a: Heatran\n|-damage|p1a: Heatran|34\/100\n|\n|-heal|p1a: Heatran|40\/100|[from] Grassy Terrain\n|-heal|p1a: Heatran|47\/100|[from] item: Leftovers\n|upkeep\n|turn|5\n|\n|t:|1700870605\n|switch|p2a: Clodsire|Clodsire, M|92\/100\n|move|p1a: Heatran|Earth Power|p2a: Clodsire\n|-supereffective|p2a: Clodsire\n|-damage|p2a: Clodsire|59\/100\n|\n|-heal|p1a: Heatran|53\/100|[from] Grassy Terrain\n|-heal|p1a: Heatran|59\/100|[from] item: Leftovers\n|-heal|p2a: Clodsire|66\/100|[from] Grassy Terrain\n|-heal|p2a: Clodsire|72\/100|[from] item: Leftovers\n|upkeep\n|turn|6\n|\n|t:|1700870611\n|move|p1a: Heatran|Stealth Rock|p2a: Clodsire\n|-sidestart|p2: mochai hehe|move: Stealth Rock\n|move|p2a: Clodsire|Toxic|p1a: Heatran\n|-immune|p1a: Heatran\n|\n|-heal|p1a: Heatran|65\/100|[from] Grassy Terrain\n|-heal|p1a: Heatran|71\/100|[from] item: Leftovers\n|-heal|p2a: Clodsire|78\/100|[from] Grassy Terrain\n|-heal|p2a: Clodsire|84\/100|[from] item: Leftovers\n|-fieldend|move: Grassy Terrain\n|upkeep\n|turn|7\n|\n|t:|1700870616\n|move|p1a: Heatran|Earth Power|p2a: Clodsire\n|-supereffective|p2a: Clodsire\n|-damage|p2a: Clodsire|48\/100\n|move|p2a: Clodsire|Earthquake|p1a: Heatran\n|-supereffective|p1a: Heatran\n|-damage|p1a: Heatran|0 fnt\n|faint|p1a: Heatran\n|\n|-heal|p2a: Clodsire|54\/100|[from] item: Leftovers\n|upkeep\n|\n|t:|1700870620\n|switch|p1a: Rillaboom|Rillaboom, F|66\/100 tox\n|-damage|p1a: Rillaboom|53\/100 tox|[from] Stealth Rock\n|-fieldstart|move: Grassy Terrain|[from] ability: Grassy Surge|[of] p1a: Rillaboom\n|turn|8\n|\n|t:|1700870623\n|switch|p2a: Corviknight|Corviknight, M|71\/100\n|-damage|p2a: Corviknight|58\/100|[from] Stealth Rock\n|move|p1a: Rillaboom|Wood Hammer|p2a: Corviknight\n|-resisted|p2a: Corviknight\n|-damage|p2a: Corviknight|39\/100\n|-damage|p1a: Rillaboom|46\/100 tox|[from] Recoil\n|\n|-heal|p1a: Rillaboom|52\/100 tox|[from] Grassy Terrain\n|-damage|p1a: Rillaboom|46\/100 tox|[from] psn\n|upkeep\n|turn|9\n|\n|t:|1700870630\n|switch|p1a: Ceruledge|Ceruledge, F|100\/100\n|-damage|p1a: Ceruledge|76\/100|[from] Stealth Rock\n|move|p2a: Corviknight|Roost|p2a: Corviknight\n|-heal|p2a: Corviknight|89\/100\n|-singleturn|p2a: Corviknight|move: Roost\n|\n|-heal|p1a: Ceruledge|82\/100|[from] Grassy Terrain\n|-heal|p2a: Corviknight|95\/100|[from] Grassy Terrain\n|upkeep\n|turn|10\n|\n|t:|1700870633\n|switch|p2a: Great Tusk|Great Tusk|100\/100\n|-damage|p2a: Great Tusk|98\/100|[from] Stealth Rock\n|move|p1a: Ceruledge|Swords Dance|p1a: Ceruledge\n|-boost|p1a: Ceruledge|atk|2\n|\n|-heal|p2a: Great Tusk|100\/100|[from] Grassy Terrain\n|-heal|p1a: Ceruledge|88\/100|[from] Grassy Terrain\n|upkeep\n|turn|11\n|\n|t:|1700870648\n|move|p2a: Great Tusk|Headlong Rush|p1a: Ceruledge\n|-supereffective|p1a: Ceruledge\n|-damage|p1a: Ceruledge|0 fnt\n|-unboost|p2a: Great Tusk|def|1\n|-unboost|p2a: Great Tusk|spd|1\n|faint|p1a: Ceruledge\n|\n|upkeep\n|\n|t:|1700870653\n|switch|p1a: Rillaboom|Rillaboom, F|46\/100 tox\n|-damage|p1a: Rillaboom|34\/100 tox|[from] Stealth Rock\n|turn|12\n|\n|t:|1700870657\n|-end|p2a: Great Tusk|Protosynthesis|[silent]\n|switch|p2a: Toxapex|Toxapex, M|100\/100\n|-damage|p2a: Toxapex|88\/100|[from] Stealth Rock\n|move|p1a: Rillaboom|Wood Hammer|p2a: Toxapex\n|-damage|p2a: Toxapex|9\/100\n|-damage|p1a: Rillaboom|10\/100 tox|[from] Recoil\n|\n|-heal|p1a: Rillaboom|17\/100 tox|[from] Grassy Terrain\n|-heal|p2a: Toxapex|15\/100|[from] Grassy Terrain\n|-heal|p2a: Toxapex|22\/100|[from] item: Black Sludge\n|-damage|p1a: Rillaboom|10\/100 tox|[from] psn\n|-fieldend|move: Grassy Terrain\n|upkeep\n|turn|13\n|\n|t:|1700870663\n|move|p2a: Toxapex|Baneful Bunker|p2a: Toxapex\n|-singleturn|p2a: Toxapex|move: Protect\n|move|p1a: Rillaboom|Wood Hammer|p2a: Toxapex\n|-activate|p2a: Toxapex|move: Protect\n|\n|-heal|p2a: Toxapex|28\/100|[from] item: Black Sludge\n|-damage|p1a: Rillaboom|0 fnt|[from] psn\n|faint|p1a: Rillaboom\n|upkeep\n|\n|t:|1700870666\n|switch|p1a: Kingambit|Kingambit, F|100\/100\n|-damage|p1a: Kingambit|94\/100|[from] Stealth Rock\n|-activate|p1a: Kingambit|ability: Supreme Overlord\n|-start|p1a: Kingambit|fallen3|[silent]\n|turn|14\n|\n|t:|1700870671\n|move|p1a: Kingambit|Swords Dance|p1a: Kingambit\n|-boost|p1a: Kingambit|atk|2\n|move|p2a: Toxapex|Haze|p2a: Toxapex\n|-clearallboost\n|\n|-heal|p1a: Kingambit|100\/100|[from] item: Leftovers\n|-heal|p2a: Toxapex|34\/100|[from] item: Black Sludge\n|upkeep\n|turn|15\n|\n|t:|1700870675\n|move|p1a: Kingambit|Kowtow Cleave|p2a: Toxapex\n|-damage|p2a: Toxapex|0 fnt\n|faint|p2a: Toxapex\n|\n|upkeep\n|\n|t:|1700870678\n|switch|p2a: Great Tusk|Great Tusk|100\/100\n|-damage|p2a: Great Tusk|98\/100|[from] Stealth Rock\n|turn|16\n|\n|t:|1700870686\n|-end|p1a: Kingambit|fallen3|[silent]\n|switch|p1a: Crawdaunt|Crawdaunt, F|100\/100\n|-damage|p1a: Crawdaunt|88\/100|[from] Stealth Rock\n|move|p2a: Great Tusk|Rapid Spin|p1a: Crawdaunt\n|-crit|p1a: Crawdaunt\n|-damage|p1a: Crawdaunt|57\/100\n|-boost|p2a: Great Tusk|spe|1\n|-sideend|p2: mochai hehe|Stealth Rock|[from] move: Rapid Spin|[of] p2a: Great Tusk\n|\n|-heal|p2a: Great Tusk|100\/100|[from] item: Leftovers\n|upkeep\n|turn|17\n|\n|t:|1700870694\n|move|p2a: Great Tusk|Headlong Rush|p1a: Crawdaunt\n|-damage|p1a: Crawdaunt|0 fnt\n|-unboost|p2a: Great Tusk|def|1\n|-unboost|p2a: Great Tusk|spd|1\n|faint|p1a: Crawdaunt\n|\n|upkeep\n|\n|t:|1700870701\n|switch|p1a: Dragapult|Dragapult, F|100\/100\n|-damage|p1a: Dragapult|88\/100|[from] Stealth Rock\n|turn|18\n|\n|t:|1700870705\n|-end|p2a: Great Tusk|Protosynthesis|[silent]\n|switch|p2a: Clefable|Clefable, F|100\/100\n|move|p1a: Dragapult|Draco Meteor|p2a: Clefable\n|-immune|p2a: Clefable\n|\n|upkeep\n|turn|19\n|\n|t:|1700870714\n|move|p1a: Dragapult|Draco Meteor|p2a: Clefable\n|-immune|p2a: Clefable\n|move|p2a: Clefable|Knock Off|p1a: Dragapult\n|-supereffective|p1a: Dragapult\n|-damage|p1a: Dragapult|41\/100\n|-enditem|p1a: Dragapult|Choice Specs|[from] move: Knock Off|[of] p2a: Clefable\n|\n|upkeep\n|turn|20\n|\n|t:|1700870719\n|move|p1a: Dragapult|Shadow Ball|p2a: Clefable\n|-crit|p2a: Clefable\n|-damage|p2a: Clefable|67\/100\n|move|p2a: Clefable|Wish|p2a: Clefable\n|\n|-heal|p2a: Clefable|73\/100|[from] item: Leftovers\n|upkeep\n|turn|21\n|\n|t:|1700870728\n|switch|p2a: Clodsire|Clodsire, M|54\/100\n|move|p1a: Dragapult|Draco Meteor|p2a: Clodsire\n|-damage|p2a: Clodsire|24\/100\n|-unboost|p1a: Dragapult|spa|2\n|\n|-heal|p2a: Clodsire|66\/100|[from] move: Wish|[wisher] Clefable\n|-heal|p2a: Clodsire|73\/100|[from] item: Leftovers\n|upkeep\n|turn|22\n|\n|t:|1700870734\n|move|p1a: Dragapult|Shadow Ball|p2a: Clodsire\n|-damage|p2a: Clodsire|63\/100\n|-unboost|p2a: Clodsire|spd|1\n|move|p2a: Clodsire|Toxic|p1a: Dragapult\n|-status|p1a: Dragapult|tox\n|\n|-heal|p2a: Clodsire|70\/100|[from] item: Leftovers\n|-damage|p1a: Dragapult|35\/100 tox|[from] psn\n|upkeep\n|turn|23\n|\n|t:|1700870738\n|switch|p2a: Clefable|Clefable, F|73\/100\n|move|p1a: Dragapult|Draco Meteor|p2a: Clefable\n|-immune|p2a: Clefable\n|\n|-heal|p2a: Clefable|79\/100|[from] item: Leftovers\n|-damage|p1a: Dragapult|23\/100 tox|[from] psn\n|upkeep\n|turn|24\n|\n|t:|1700870743\n|switch|p1a: Kingambit|Kingambit, F|100\/100\n|-damage|p1a: Kingambit|94\/100|[from] Stealth Rock\n|-activate|p1a: Kingambit|ability: Supreme Overlord\n|-start|p1a: Kingambit|fallen4|[silent]\n|move|p2a: Clefable|Wish|p2a: Clefable\n|\n|-heal|p1a: Kingambit|100\/100|[from] item: Leftovers\n|-heal|p2a: Clefable|85\/100|[from] item: Leftovers\n|upkeep\n|turn|25\n|\n|t:|1700870745\n|switch|p2a: Great Tusk|Great Tusk|100\/100\n|move|p1a: Kingambit|Swords Dance|p1a: Kingambit\n|-boost|p1a: Kingambit|atk|2\n|\n|upkeep\n|turn|26\n|\n|t:|1700870752\n|-terastallize|p1a: Kingambit|Fairy\n|move|p2a: Great Tusk|Headlong Rush|p1a: Kingambit\n|-damage|p1a: Kingambit|61\/100\n|-unboost|p2a: Great Tusk|def|1\n|-unboost|p2a: Great Tusk|spd|1\n|move|p1a: Kingambit|Swords Dance|p1a: Kingambit\n|-boost|p1a: Kingambit|atk|2\n|\n|-heal|p1a: Kingambit|67\/100|[from] item: Leftovers\n|upkeep\n|turn|27\n|\n|t:|1700870757\n|move|p2a: Great Tusk|Knock Off|p1a: Kingambit\n|-resisted|p1a: Kingambit\n|-damage|p1a: Kingambit|58\/100\n|-enditem|p1a: Kingambit|Leftovers|[from] move: Knock Off|[of] p2a: Great Tusk\n|move|p1a: Kingambit|Swords Dance|p1a: Kingambit\n|-boost|p1a: Kingambit|atk|2\n|\n|upkeep\n|turn|28\n|\n|t:|1700870770\n|move|p2a: Great Tusk|Headlong Rush|p1a: Kingambit\n|-damage|p1a: Kingambit|21\/100\n|-unboost|p2a: Great Tusk|def|1\n|-unboost|p2a: Great Tusk|spd|1\n|move|p1a: Kingambit|Iron Head|p2a: Great Tusk\n|-damage|p2a: Great Tusk|0 fnt\n|faint|p2a: Great Tusk\n|-end|p2a: Great Tusk|Protosynthesis|[silent]\n|\n|upkeep\n|\n|t:|1700870773\n|switch|p2a: Jirachi|Jirachi|100\/100\n|turn|29\n|\n|t:|1700870775\n|move|p1a: Kingambit|Sucker Punch||[still]\n|-fail|p1a: Kingambit\n|move|p2a: Jirachi|Trick|p1a: Kingambit\n|-activate|p2a: Jirachi|move: Trick|[of] p1a: Kingambit\n|-item|p1a: Kingambit|Black Sludge|[from] move: Trick\n|-enditem|p2a: Jirachi|Black Sludge|[silent]|[from] move: Trick\n|\n|-damage|p1a: Kingambit|8\/100|[from] item: Black Sludge\n|upkeep\n|turn|30\n|\n|t:|1700870782\n|move|p1a: Kingambit|Sucker Punch|p2a: Jirachi\n|-supereffective|p2a: Jirachi\n|-damage|p2a: Jirachi|0 fnt\n|faint|p2a: Jirachi\n|\n|-damage|p1a: Kingambit|0 fnt|[from] item: Black Sludge\n|faint|p1a: Kingambit\n|-end|p1a: Kingambit|fallen4|[silent]\n|upkeep\n|\n|t:|1700870786\n|switch|p2a: Clefable|Clefable, F|85\/100\n|switch|p1a: Dragapult|Dragapult, F|23\/100 tox\n|-damage|p1a: Dragapult|11\/100 tox|[from] Stealth Rock\n|turn|31\n|\n|t:|1700870788\n|move|p1a: Dragapult|Shadow Ball|p2a: Clefable\n|-damage|p2a: Clefable|61\/100\n|-unboost|p2a: Clefable|spd|1\n|move|p2a: Clefable|Wish|p2a: Clefable\n|\n|-heal|p2a: Clefable|68\/100|[from] item: Leftovers\n|-damage|p1a: Dragapult|5\/100 tox|[from] psn\n|upkeep\n|turn|32\n|\n|t:|1700870793\n|move|p1a: Dragapult|Shadow Ball|p2a: Clefable\n|-damage|p2a: Clefable|33\/100\n|move|p2a: Clefable|Moonblast|p1a: Dragapult\n|-supereffective|p1a: Dragapult\n|-damage|p1a: Dragapult|0 fnt\n|faint|p1a: Dragapult\n|\n|win|mochai hehe\n|raw|jookl's rating: 1300 &rarr; <strong>1274<\/strong><br \/>(-26 for losing)\n|raw|mochai hehe's rating: 1288 &rarr; <strong>1314<\/strong><br \/>(+26 for winning)\n|l|\u2606jookl\n","uploadtime":1700870801,"views":1,"p1id":"jookl","p2id":"mochaihehe","formatid":"gen9ou","rating":1274,"private":0,"password":""}