{"id":"gen9ou-1990745078","p1":"myferrothorn?","p2":"VDVATSAL","format":"[Gen 9] OU","log":"|j|\u2606myferrothorn?\n|j|\u2606VDVATSAL\n|t:|1699996848\n|gametype|singles\n|player|p1|myferrothorn?|byron|1243\n|player|p2|VDVATSAL|266|1243\n|teamsize|p1|6\n|teamsize|p2|6\n|gen|9\n|tier|[Gen 9] OU\n|rated|\n|rule|Sleep Clause Mod: Limit one foe put to sleep\n|rule|Species Clause: Limit one of each Pok\u00e9mon\n|rule|OHKO Clause: OHKO moves are banned\n|rule|Evasion Items Clause: Evasion items are banned\n|rule|Evasion Moves Clause: Evasion moves are banned\n|rule|Endless Battle Clause: Forcing endless battles is banned\n|rule|HP Percentage Mod: HP is shown in percentages\n|clearpoke\n|poke|p1|Greninja-*, F|\n|poke|p1|Dragonite, M|\n|poke|p1|Heatran, M|\n|poke|p1|Toxapex, M|\n|poke|p1|Landorus-Therian, M|\n|poke|p1|Corviknight, F|\n|poke|p2|Garganacl, F|\n|poke|p2|Grimmsnarl, M|\n|poke|p2|Ogerpon-Wellspring, F|\n|poke|p2|Walking Wake|\n|poke|p2|Heatran, F|\n|poke|p2|Corviknight, F|\n|teampreview\n|inactive|Battle timer is ON: inactive players will automatically lose when time's up. (requested by VDVATSAL)\n|inactive|myferrothorn? has 120 seconds left.\n|\n|t:|1699996887\n|start\n|switch|p1a: Landorus|Landorus-Therian, M|100\/100\n|switch|p2a: Hamilton|Garganacl, F|100\/100\n|-ability|p1a: Landorus|Intimidate|boost\n|-unboost|p2a: Hamilton|atk|1\n|turn|1\n|\n|t:|1699996894\n|move|p1a: Landorus|U-turn|p2a: Hamilton\n|-damage|p2a: Hamilton|83\/100\n|\n|t:|1699996906\n|switch|p1a: Corviknight|Corviknight, F, shiny|100\/100|[from] U-turn\n|move|p2a: Hamilton|Salt Cure|p1a: Corviknight\n|-damage|p1a: Corviknight|95\/100\n|-start|p1a: Corviknight|Salt Cure\n|\n|-heal|p2a: Hamilton|89\/100|[from] item: Leftovers\n|-damage|p1a: Corviknight|70\/100|[from] Salt Cure\n|upkeep\n|turn|2\n|\n|t:|1699996929\n|move|p1a: Corviknight|Body Press|p2a: Hamilton\n|-supereffective|p2a: Hamilton\n|-damage|p2a: Hamilton|53\/100\n|move|p2a: Hamilton|Iron Defense|p2a: Hamilton\n|-boost|p2a: Hamilton|def|2\n|\n|-heal|p2a: Hamilton|60\/100|[from] item: Leftovers\n|-damage|p1a: Corviknight|45\/100|[from] Salt Cure\n|upkeep\n|turn|3\n|\n|t:|1699996940\n|-terastallize|p2a: Hamilton|Water\n|move|p1a: Corviknight|U-turn|p2a: Hamilton\n|-damage|p2a: Hamilton|54\/100\n|inactive|myferrothorn? has 120 seconds left.\n|\n|t:|1699996962\n|switch|p1a: Greninja|Greninja, F, shiny|100\/100|[from] U-turn\n|move|p2a: Hamilton|Recover|p2a: Hamilton\n|-heal|p2a: Hamilton|100\/100\n|\n|upkeep\n|turn|4\n|inactive|myferrothorn? has 120 seconds left.\n|\n|t:|1699996970\n|move|p1a: Greninja|Dark Pulse|p2a: Hamilton\n|-start|p1a: Greninja|typechange|Dark|[from] ability: Protean\n|-damage|p2a: Hamilton|66\/100\n|move|p2a: Hamilton|Salt Cure|p1a: Greninja\n|-damage|p1a: Greninja|85\/100\n|-start|p1a: Greninja|Salt Cure\n|\n|-heal|p2a: Hamilton|73\/100|[from] item: Leftovers\n|-damage|p1a: Greninja|72\/100|[from] Salt Cure\n|upkeep\n|turn|5\n|inactive|myferrothorn? has 120 seconds left.\n|\n|t:|1699996989\n|switch|p1a: Toxapex|Toxapex, M|100\/100\n|move|p2a: Hamilton|Body Press|p1a: Toxapex\n|-resisted|p1a: Toxapex\n|-damage|p1a: Toxapex|86\/100\n|\n|-heal|p2a: Hamilton|79\/100|[from] item: Leftovers\n|-heal|p1a: Toxapex|93\/100|[from] item: Black Sludge\n|upkeep\n|turn|6\n|inactive|myferrothorn? has 120 seconds left.\n|\n|t:|1699997010\n|move|p2a: Hamilton|Salt Cure|p1a: Toxapex\n|-damage|p1a: Toxapex|86\/100\n|-start|p1a: Toxapex|Salt Cure\n|move|p1a: Toxapex|Surf|p2a: Hamilton\n|-resisted|p2a: Hamilton\n|-damage|p2a: Hamilton|73\/100\n|\n|-heal|p2a: Hamilton|79\/100|[from] item: Leftovers\n|-heal|p1a: Toxapex|93\/100|[from] item: Black Sludge\n|-damage|p1a: Toxapex|68\/100|[from] Salt Cure\n|upkeep\n|turn|7\n|\n|t:|1699997022\n|move|p1a: Toxapex|Toxic|p2a: Hamilton\n|-immune|p2a: Hamilton|[from] ability: Purifying Salt\n|move|p2a: Hamilton|Iron Defense|p2a: Hamilton\n|-boost|p2a: Hamilton|def|2\n|\n|-heal|p2a: Hamilton|85\/100|[from] item: Leftovers\n|-heal|p1a: Toxapex|74\/100|[from] item: Black Sludge\n|-damage|p1a: Toxapex|49\/100|[from] Salt Cure\n|upkeep\n|turn|8\n|inactive|myferrothorn? has 120 seconds left.\n|\n|t:|1699997033\n|switch|p1a: Landorus|Landorus-Therian, M|100\/100\n|-ability|p1a: Landorus|Intimidate|boost\n|-unboost|p2a: Hamilton|atk|1\n|move|p2a: Hamilton|Iron Defense|p2a: Hamilton\n|-boost|p2a: Hamilton|def|2\n|\n|-heal|p2a: Hamilton|91\/100|[from] item: Leftovers\n|upkeep\n|turn|9\n|inactive|myferrothorn? has 120 seconds left.\n|\n|t:|1699997054\n|switch|p1a: Toxapex|Toxapex, M|82\/100\n|move|p2a: Hamilton|Salt Cure|p1a: Toxapex\n|-damage|p1a: Toxapex|77\/100\n|-start|p1a: Toxapex|Salt Cure\n|\n|-heal|p2a: Hamilton|98\/100|[from] item: Leftovers\n|-heal|p1a: Toxapex|83\/100|[from] item: Black Sludge\n|-damage|p1a: Toxapex|58\/100|[from] Salt Cure\n|upkeep\n|turn|10\n|\n|t:|1699997065\n|move|p1a: Toxapex|Haze|p1a: Toxapex\n|-clearallboost\n|move|p2a: Hamilton|Body Press|p1a: Toxapex\n|-resisted|p1a: Toxapex\n|-damage|p1a: Toxapex|51\/100\n|\n|-heal|p2a: Hamilton|100\/100|[from] item: Leftovers\n|-heal|p1a: Toxapex|57\/100|[from] item: Black Sludge\n|-damage|p1a: Toxapex|32\/100|[from] Salt Cure\n|upkeep\n|turn|11\n|\n|t:|1699997076\n|switch|p1a: Landorus|Landorus-Therian, M|100\/100\n|-ability|p1a: Landorus|Intimidate|boost\n|-unboost|p2a: Hamilton|atk|1\n|move|p2a: Hamilton|Iron Defense|p2a: Hamilton\n|-boost|p2a: Hamilton|def|2\n|\n|upkeep\n|turn|12\n|\n|t:|1699997086\n|move|p1a: Landorus|U-turn|p2a: Hamilton\n|-damage|p2a: Hamilton|91\/100\n|\n|t:|1699997088\n|switch|p1a: Greninja|Greninja, F, shiny|72\/100|[from] U-turn\n|move|p2a: Hamilton|Salt Cure|p1a: Greninja\n|-damage|p1a: Greninja|53\/100\n|-start|p1a: Greninja|Salt Cure\n|\n|-heal|p2a: Hamilton|97\/100|[from] item: Leftovers\n|-damage|p1a: Greninja|29\/100|[from] Salt Cure\n|upkeep\n|turn|13\n|\n|t:|1699997101\n|move|p1a: Greninja|Dark Pulse|p2a: Hamilton\n|-start|p1a: Greninja|typechange|Dark|[from] ability: Protean\n|-damage|p2a: Hamilton|59\/100\n|move|p2a: Hamilton|Body Press|p1a: Greninja\n|-supereffective|p1a: Greninja\n|-damage|p1a: Greninja|0 fnt\n|faint|p1a: Greninja\n|\n|-heal|p2a: Hamilton|66\/100|[from] item: Leftovers\n|upkeep\n|\n|t:|1699997111\n|switch|p1a: Heatran|Heatran, M, shiny|100\/100\n|-item|p1a: Heatran|Air Balloon\n|turn|14\n|\n|t:|1699997125\n|move|p1a: Heatran|Flash Cannon|p2a: Hamilton\n|-resisted|p2a: Hamilton\n|-damage|p2a: Hamilton|54\/100\n|move|p2a: Hamilton|Salt Cure|p1a: Heatran\n|-damage|p1a: Heatran|92\/100\n|-start|p1a: Heatran|Salt Cure\n|-enditem|p1a: Heatran|Air Balloon\n|\n|-heal|p2a: Hamilton|60\/100|[from] item: Leftovers\n|-damage|p1a: Heatran|68\/100|[from] Salt Cure\n|upkeep\n|turn|15\n|\n|t:|1699997136\n|move|p1a: Heatran|Earth Power|p2a: Hamilton\n|-damage|p2a: Hamilton|42\/100\n|move|p2a: Hamilton|Recover|p2a: Hamilton\n|-heal|p2a: Hamilton|92\/100\n|\n|-heal|p2a: Hamilton|99\/100|[from] item: Leftovers\n|-damage|p1a: Heatran|43\/100|[from] Salt Cure\n|upkeep\n|turn|16\n|\n|t:|1699997151\n|switch|p1a: Toxapex|Toxapex, M|65\/100\n|move|p2a: Hamilton|Iron Defense|p2a: Hamilton\n|-boost|p2a: Hamilton|def|2\n|\n|-heal|p1a: Toxapex|72\/100|[from] item: Black Sludge\n|-heal|p2a: Hamilton|100\/100|[from] item: Leftovers\n|upkeep\n|turn|17\n|inactive|myferrothorn? has 120 seconds left.\n|\n|t:|1699997195\n|switch|p1a: Corviknight|Corviknight, F, shiny|45\/100\n|move|p2a: Hamilton|Salt Cure|p1a: Corviknight\n|-damage|p1a: Corviknight|40\/100\n|-start|p1a: Corviknight|Salt Cure\n|\n|-damage|p1a: Corviknight|15\/100|[from] Salt Cure\n|upkeep\n|turn|18\n|\n|t:|1699997205\n|move|p1a: Corviknight|Roost|p1a: Corviknight\n|-heal|p1a: Corviknight|65\/100\n|-singleturn|p1a: Corviknight|move: Roost\n|move|p2a: Hamilton|Iron Defense|p2a: Hamilton\n|-boost|p2a: Hamilton|def|2\n|\n|-damage|p1a: Corviknight|41\/100|[from] Salt Cure\n|upkeep\n|turn|19\n|\n|t:|1699997214\n|move|p1a: Corviknight|Roost|p1a: Corviknight\n|-heal|p1a: Corviknight|91\/100\n|-singleturn|p1a: Corviknight|move: Roost\n|move|p2a: Hamilton|Body Press|p1a: Corviknight\n|-supereffective|p1a: Corviknight\n|-damage|p1a: Corviknight|0 fnt\n|-damage|p2a: Hamilton|84\/100|[from] item: Rocky Helmet|[of] p1a: Corviknight\n|faint|p1a: Corviknight\n|\n|-heal|p2a: Hamilton|90\/100|[from] item: Leftovers\n|upkeep\n|inactive|myferrothorn? has 90 seconds left.\n|\n|t:|1699997241\n|switch|p1a: Landorus|Landorus-Therian, M|100\/100\n|-ability|p1a: Landorus|Intimidate|boost\n|-unboost|p2a: Hamilton|atk|1\n|turn|20\n|\n|t:|1699997250\n|move|p1a: Landorus|U-turn|p2a: Hamilton\n|-damage|p2a: Hamilton|86\/100\n|\n|t:|1699997252\n|switch|p1a: Toxapex|Toxapex, M|100\/100|[from] U-turn\n|move|p2a: Hamilton|Salt Cure|p1a: Toxapex\n|-damage|p1a: Toxapex|95\/100\n|-start|p1a: Toxapex|Salt Cure\n|\n|-heal|p1a: Toxapex|100\/100|[from] item: Black Sludge\n|-heal|p2a: Hamilton|92\/100|[from] item: Leftovers\n|-damage|p1a: Toxapex|75\/100|[from] Salt Cure\n|upkeep\n|turn|21\n|\n|t:|1699997264\n|move|p1a: Toxapex|Surf|p2a: Hamilton\n|-resisted|p2a: Hamilton\n|-damage|p2a: Hamilton|85\/100\n|move|p2a: Hamilton|Iron Defense|p2a: Hamilton\n|-boost|p2a: Hamilton|def|0\n|\n|-heal|p1a: Toxapex|82\/100|[from] item: Black Sludge\n|-heal|p2a: Hamilton|92\/100|[from] item: Leftovers\n|-damage|p1a: Toxapex|57\/100|[from] Salt Cure\n|upkeep\n|turn|22\n|\n|t:|1699997288\n|switch|p1a: Landorus|Landorus-Therian, M|100\/100\n|-ability|p1a: Landorus|Intimidate|boost\n|-unboost|p2a: Hamilton|atk|1\n|move|p2a: Hamilton|Body Press|p1a: Landorus\n|-resisted|p1a: Landorus\n|-damage|p1a: Landorus|46\/100\n|\n|-heal|p2a: Hamilton|98\/100|[from] item: Leftovers\n|upkeep\n|turn|23\n|\n|t:|1699997297\n|switch|p1a: Toxapex|Toxapex, M|90\/100\n|move|p2a: Hamilton|Body Press|p1a: Toxapex\n|-resisted|p1a: Toxapex\n|-damage|p1a: Toxapex|61\/100\n|\n|-heal|p2a: Hamilton|100\/100|[from] item: Leftovers\n|-heal|p1a: Toxapex|67\/100|[from] item: Black Sludge\n|upkeep\n|turn|24\n|\n|t:|1699997309\n|move|p2a: Hamilton|Salt Cure|p1a: Toxapex\n|-damage|p1a: Toxapex|64\/100\n|-start|p1a: Toxapex|Salt Cure\n|move|p1a: Toxapex|Surf|p2a: Hamilton\n|-resisted|p2a: Hamilton\n|-damage|p2a: Hamilton|94\/100\n|\n|-heal|p1a: Toxapex|70\/100|[from] item: Black Sludge\n|-heal|p2a: Hamilton|99\/100|[from] item: Leftovers\n|-damage|p1a: Toxapex|45\/100|[from] Salt Cure\n|upkeep\n|turn|25\n|\n|t:|1699997321\n|move|p1a: Toxapex|Recover|p1a: Toxapex\n|-heal|p1a: Toxapex|95\/100\n|move|p2a: Hamilton|Body Press|p1a: Toxapex\n|-resisted|p1a: Toxapex\n|-damage|p1a: Toxapex|67\/100\n|\n|-heal|p1a: Toxapex|74\/100|[from] item: Black Sludge\n|-heal|p2a: Hamilton|100\/100|[from] item: Leftovers\n|-damage|p1a: Toxapex|49\/100|[from] Salt Cure\n|upkeep\n|turn|26\n|\n|t:|1699997334\n|move|p1a: Toxapex|Recover|p1a: Toxapex\n|-heal|p1a: Toxapex|99\/100\n|move|p2a: Hamilton|Body Press|p1a: Toxapex\n|-resisted|p1a: Toxapex\n|-damage|p1a: Toxapex|68\/100\n|\n|-heal|p1a: Toxapex|75\/100|[from] item: Black Sludge\n|-damage|p1a: Toxapex|50\/100|[from] Salt Cure\n|upkeep\n|turn|27\n|\n|t:|1699997347\n|move|p2a: Hamilton|Salt Cure|p1a: Toxapex\n|-damage|p1a: Toxapex|46\/100\n|move|p1a: Toxapex|Recover|p1a: Toxapex\n|-heal|p1a: Toxapex|96\/100\n|\n|-heal|p1a: Toxapex|100\/100|[from] item: Black Sludge\n|-damage|p1a: Toxapex|75\/100|[from] Salt Cure\n|upkeep\n|turn|28\n|inactive|myferrothorn? has 120 seconds left.\n|\n|t:|1699997368\n|move|p2a: Hamilton|Iron Defense|p2a: Hamilton\n|-boost|p2a: Hamilton|def|0\n|move|p1a: Toxapex|Surf|p2a: Hamilton\n|-resisted|p2a: Hamilton\n|-damage|p2a: Hamilton|94\/100\n|\n|-heal|p2a: Hamilton|100\/100|[from] item: Leftovers\n|-heal|p1a: Toxapex|82\/100|[from] item: Black Sludge\n|-damage|p1a: Toxapex|57\/100|[from] Salt Cure\n|upkeep\n|turn|29\n|inactive|myferrothorn? has 120 seconds left.\n|\n|t:|1699997380\n|move|p2a: Hamilton|Body Press|p1a: Toxapex\n|-resisted|p1a: Toxapex\n|-damage|p1a: Toxapex|27\/100\n|move|p1a: Toxapex|Recover|p1a: Toxapex\n|-heal|p1a: Toxapex|77\/100\n|\n|-heal|p1a: Toxapex|83\/100|[from] item: Black Sludge\n|-damage|p1a: Toxapex|58\/100|[from] Salt Cure\n|upkeep\n|turn|30\n|inactive|myferrothorn? has 120 seconds left.\n|\n|t:|1699997391\n|move|p2a: Hamilton|Body Press|p1a: Toxapex\n|-resisted|p1a: Toxapex\n|-damage|p1a: Toxapex|27\/100\n|move|p1a: Toxapex|Recover|p1a: Toxapex\n|-heal|p1a: Toxapex|77\/100\n|\n|-heal|p1a: Toxapex|84\/100|[from] item: Black Sludge\n|-damage|p1a: Toxapex|59\/100|[from] Salt Cure\n|upkeep\n|turn|31\n|inactive|myferrothorn? has 120 seconds left.\n|\n|t:|1699997406\n|move|p2a: Hamilton|Body Press|p1a: Toxapex\n|-resisted|p1a: Toxapex\n|-damage|p1a: Toxapex|32\/100\n|move|p1a: Toxapex|Recover|p1a: Toxapex\n|-heal|p1a: Toxapex|82\/100\n|\n|-heal|p1a: Toxapex|88\/100|[from] item: Black Sludge\n|-damage|p1a: Toxapex|63\/100|[from] Salt Cure\n|upkeep\n|turn|32\n|\n|t:|1699997417\n|switch|p1a: Landorus|Landorus-Therian, M|46\/100\n|-ability|p1a: Landorus|Intimidate|boost\n|-unboost|p2a: Hamilton|atk|1\n|move|p2a: Hamilton|Body Press|p1a: Landorus\n|-resisted|p1a: Landorus\n|-damage|p1a: Landorus|0 fnt\n|faint|p1a: Landorus\n|\n|upkeep\n|inactive|myferrothorn? has 120 seconds left.\n|\n|t:|1699997427\n|switch|p1a: Dragonite|Dragonite, M|100\/100\n|turn|33\n|\n|t:|1699997434\n|-terastallize|p1a: Dragonite|Normal\n|move|p1a: Dragonite|Dragon Dance|p1a: Dragonite\n|-boost|p1a: Dragonite|atk|1\n|-boost|p1a: Dragonite|spe|1\n|move|p2a: Hamilton|Salt Cure|p1a: Dragonite\n|-damage|p1a: Dragonite|98\/100\n|-start|p1a: Dragonite|Salt Cure\n|\n|-damage|p1a: Dragonite|86\/100|[from] Salt Cure\n|upkeep\n|turn|34\n|\n|t:|1699997445\n|move|p1a: Dragonite|Dragon Dance|p1a: Dragonite\n|-boost|p1a: Dragonite|atk|1\n|-boost|p1a: Dragonite|spe|1\n|move|p2a: Hamilton|Body Press|p1a: Dragonite\n|-supereffective|p1a: Dragonite\n|-damage|p1a: Dragonite|0 fnt\n|faint|p1a: Dragonite\n|\n|upkeep\n|inactive|myferrothorn? has 120 seconds left.\n|\n|t:|1699997461\n|switch|p1a: Heatran|Heatran, M, shiny|43\/100\n|turn|35\n|inactive|myferrothorn? has 120 seconds left.\n|-message|myferrothorn? forfeited.\n|\n|win|VDVATSAL\n|raw|myferrothorn?'s rating: 1243 &rarr; <strong>1218<\/strong><br \/>(-25 for losing)\n|raw|VDVATSAL's rating: 1243 &rarr; <strong>1268<\/strong><br \/>(+25 for winning)\n|l|\u2606myferrothorn?\n","uploadtime":1699997517,"views":6,"p1id":"myferrothorn","p2id":"vdvatsal","formatid":"gen9ou","rating":1218,"private":0,"password":""}