{"id":"gen9ou-1995137594","p1":"triguntoprun","p2":"Lion33","format":"[Gen 9] OU","log":"|j|\u2606triguntoprun\n|j|\u2606Lion33\n|t:|1700526747\n|gametype|singles\n|player|p1|triguntoprun|dancer|1091\n|player|p2|Lion33|169|1043\n|teamsize|p1|6\n|teamsize|p2|6\n|gen|9\n|tier|[Gen 9] OU\n|rated|\n|rule|Sleep Clause Mod: Limit one foe put to sleep\n|rule|Species Clause: Limit one of each Pok\u00e9mon\n|rule|OHKO Clause: OHKO moves are banned\n|rule|Evasion Items Clause: Evasion items are banned\n|rule|Evasion Moves Clause: Evasion moves are banned\n|rule|Endless Battle Clause: Forcing endless battles is banned\n|rule|HP Percentage Mod: HP is shown in percentages\n|clearpoke\n|poke|p1|Zamazenta-*|\n|poke|p1|Moltres|\n|poke|p1|Ogerpon-Wellspring, F|\n|poke|p1|Great Tusk|\n|poke|p1|Clefable, F|\n|poke|p1|Ting-Lu|\n|poke|p2|Ninetales, F|\n|poke|p2|Lilligant-Hisui, F|\n|poke|p2|Shiftry, M|\n|poke|p2|Garganacl, M|\n|poke|p2|Great Tusk|\n|poke|p2|Ceruledge, F|\n|teampreview\n|\n|t:|1700526795\n|start\n|switch|p1a: Ting-Lu|Ting-Lu|100\/100\n|switch|p2a: Shiftry|Shiftry, M|100\/100\n|-ability|p1a: Ting-Lu|Vessel of Ruin\n|turn|1\n|c|\u2606triguntoprun|glhf\n|\n|t:|1700526808\n|move|p2a: Shiftry|Knock Off|p1a: Ting-Lu\n|-resisted|p1a: Ting-Lu\n|-damage|p1a: Ting-Lu|89\/100\n|-enditem|p1a: Ting-Lu|Leftovers|[from] move: Knock Off|[of] p2a: Shiftry\n|move|p1a: Ting-Lu|Whirlwind|p2a: Shiftry\n|drag|p2a: Lilligant|Lilligant-Hisui, F|100\/100\n|\n|upkeep\n|turn|2\n|\n|t:|1700526827\n|switch|p1a: Moltres|Moltres|100\/100\n|move|p2a: Lilligant|Ice Spinner|p1a: Moltres\n|-damage|p1a: Moltres|64\/100\n|-damage|p2a: Lilligant|91\/100|[from] item: Life Orb\n|\n|upkeep\n|turn|3\n|inactive|Battle timer is ON: inactive players will automatically lose when time's up. (requested by triguntoprun)\n|\n|t:|1700526871\n|switch|p2a: Ceruledge|Ceruledge, F|100\/100\n|move|p1a: Moltres|Will-O-Wisp|p2a: Ceruledge\n|-start|p2a: Ceruledge|ability: Flash Fire\n|\n|upkeep\n|turn|4\n|inactive|triguntoprun has 120 seconds left.\n|\n|t:|1700526902\n|switch|p1a: Ogerpon|Ogerpon-Wellspring, F|100\/100\n|move|p2a: Ceruledge|Bitter Blade|p1a: Ogerpon\n|-damage|p1a: Ogerpon|10\/100\n|\n|upkeep\n|turn|5\n|inactive|triguntoprun has 120 seconds left.\n|\n|t:|1700526913\n|move|p2a: Ceruledge|Shadow Sneak|p1a: Ogerpon\n|-damage|p1a: Ogerpon|0 fnt\n|faint|p1a: Ogerpon\n|\n|upkeep\n|inactive|triguntoprun has 120 seconds left.\n|\n|t:|1700526920\n|switch|p1a: Ting-Lu|Ting-Lu|89\/100\n|-ability|p1a: Ting-Lu|Vessel of Ruin\n|turn|6\n|\n|t:|1700526928\n|move|p2a: Ceruledge|X-Scissor|p1a: Ting-Lu\n|-supereffective|p1a: Ting-Lu\n|-damage|p1a: Ting-Lu|55\/100\n|move|p1a: Ting-Lu|Whirlwind|p2a: Ceruledge\n|-end|p2a: Ceruledge|ability: Flash Fire|[silent]\n|drag|p2a: Shiftry|Shiftry, M|100\/100\n|\n|upkeep\n|turn|7\n|inactive|triguntoprun has 120 seconds left.\n|\n|t:|1700526951\n|move|p2a: Shiftry|Taunt|p1a: Ting-Lu\n|-start|p1a: Ting-Lu|move: Taunt\n|cant|p1a: Ting-Lu|move: Taunt|Spikes\n|\n|upkeep\n|turn|8\n|\n|t:|1700526957\n|switch|p1a: Clefable|Clefable, F|100\/100\n|move|p2a: Shiftry|Will-O-Wisp|p1a: Clefable\n|-status|p1a: Clefable|brn\n|\n|upkeep\n|turn|9\n|inactive|triguntoprun has 120 seconds left.\n|\n|t:|1700526988\n|move|p2a: Shiftry|Knock Off|p1a: Clefable\n|-resisted|p1a: Clefable\n|-damage|p1a: Clefable|85\/100 brn\n|-enditem|p1a: Clefable|Leftovers|[from] move: Knock Off|[of] p2a: Shiftry\n|move|p1a: Clefable|Moonblast|p2a: Shiftry\n|-supereffective|p2a: Shiftry\n|-damage|p2a: Shiftry|2\/100\n|-unboost|p2a: Shiftry|spa|1\n|\n|upkeep\n|turn|10\n|inactive|triguntoprun has 120 seconds left.\n|\n|t:|1700527005\n|switch|p2a: Ceruledge|Ceruledge, F|100\/100\n|move|p1a: Clefable|Wish|p1a: Clefable\n|\n|upkeep\n|turn|11\n|inactive|triguntoprun has 120 seconds left.\n|\n|t:|1700527014\n|switch|p1a: Great Tusk|Great Tusk|100\/100\n|move|p2a: Ceruledge|Bitter Blade|p1a: Great Tusk\n|-damage|p1a: Great Tusk|73\/100\n|-damage|p2a: Ceruledge|84\/100|[from] item: Rocky Helmet|[of] p1a: Great Tusk\n|\n|-heal|p1a: Great Tusk|100\/100|[from] move: Wish|[wisher] Clefable\n|upkeep\n|turn|12\n|inactive|triguntoprun has 120 seconds left.\n|\n|t:|1700527029\n|switch|p2a: Ninetales|Ninetales, F|100\/100\n|-weather|SunnyDay|[from] ability: Drought|[of] p2a: Ninetales\n|-activate|p1a: Great Tusk|ability: Protosynthesis\n|-start|p1a: Great Tusk|protosynthesisdef\n|move|p1a: Great Tusk|Stealth Rock|p2a: Ninetales\n|-sidestart|p2: Lion33|move: Stealth Rock\n|\n|-weather|SunnyDay|[upkeep]\n|upkeep\n|turn|13\n|inactive|triguntoprun has 120 seconds left.\n|\n|t:|1700527052\n|-terastallize|p1a: Great Tusk|Fire\n|move|p2a: Ninetales|Solar Beam||[still]\n|-prepare|p2a: Ninetales|Solar Beam\n|-anim|p2a: Ninetales|Solar Beam|p1a: Great Tusk\n|-resisted|p1a: Great Tusk\n|-damage|p1a: Great Tusk|77\/100\n|move|p1a: Great Tusk|Rapid Spin|p2a: Ninetales\n|-damage|p2a: Ninetales|78\/100\n|-boost|p1a: Great Tusk|spe|1\n|\n|-weather|SunnyDay|[upkeep]\n|upkeep\n|turn|14\n|inactive|Lion33 has 120 seconds left.\n|\n|t:|1700527068\n|move|p1a: Great Tusk|Earthquake|p2a: Ninetales\n|-supereffective|p2a: Ninetales\n|-damage|p2a: Ninetales|0 fnt\n|faint|p2a: Ninetales\n|\n|-weather|SunnyDay|[upkeep]\n|upkeep\n|inactive|Lion33 has 120 seconds left.\n|\n|t:|1700527087\n|switch|p2a: Great Tusk|Great Tusk|100\/100\n|-damage|p2a: Great Tusk|98\/100|[from] Stealth Rock\n|-activate|p2a: Great Tusk|ability: Protosynthesis\n|-start|p2a: Great Tusk|protosynthesisspe\n|turn|15\n|\n|t:|1700527105\n|-end|p1a: Great Tusk|Protosynthesis|[silent]\n|switch|p1a: Ting-Lu|Ting-Lu|55\/100\n|-ability|p1a: Ting-Lu|Vessel of Ruin\n|move|p2a: Great Tusk|Earthquake|p1a: Ting-Lu\n|-damage|p1a: Ting-Lu|30\/100\n|\n|-weather|SunnyDay|[upkeep]\n|-heal|p2a: Great Tusk|100\/100|[from] item: Leftovers\n|upkeep\n|turn|16\n|\n|t:|1700527117\n|move|p2a: Great Tusk|Close Combat|p1a: Ting-Lu\n|-supereffective|p1a: Ting-Lu\n|-damage|p1a: Ting-Lu|0 fnt\n|-unboost|p2a: Great Tusk|def|1\n|-unboost|p2a: Great Tusk|spd|1\n|faint|p1a: Ting-Lu\n|\n|-weather|SunnyDay|[upkeep]\n|upkeep\n|\n|t:|1700527121\n|switch|p1a: Clefable|Clefable, F|85\/100 brn\n|turn|17\n|inactive|Lion33 has 90 seconds left.\n|\n|t:|1700527153\n|-end|p2a: Great Tusk|Protosynthesis|[silent]\n|switch|p2a: Shiftry|Shiftry, M|2\/100\n|-damage|p2a: Shiftry|0 fnt|[from] Stealth Rock\n|faint|p2a: Shiftry\n|move|p1a: Clefable|Moonblast|p2: Shiftry|[notarget]\n|-fail|p1a: Clefable\n|\n|-weather|SunnyDay|[upkeep]\n|upkeep\n|inactive|Lion33 has 90 seconds left.\n|\n|t:|1700527174\n|switch|p2a: Garganacl|Garganacl, M|100\/100\n|-damage|p2a: Garganacl|88\/100|[from] Stealth Rock\n|turn|18\n|\n|t:|1700527196\n|move|p1a: Clefable|Protect|p1a: Clefable\n|-singleturn|p1a: Clefable|Protect\n|move|p2a: Garganacl|Salt Cure|p1a: Clefable\n|-activate|p1a: Clefable|move: Protect\n|\n|-weather|SunnyDay|[upkeep]\n|-heal|p2a: Garganacl|94\/100|[from] item: Leftovers\n|upkeep\n|turn|19\n|\n|t:|1700527210\n|switch|p1a: Great Tusk|Great Tusk, tera:Fire|77\/100\n|-activate|p1a: Great Tusk|ability: Protosynthesis\n|-start|p1a: Great Tusk|protosynthesisdef\n|move|p2a: Garganacl|Iron Defense|p2a: Garganacl\n|-boost|p2a: Garganacl|def|2\n|\n|-weather|none\n|-end|p1a: Great Tusk|Protosynthesis\n|-heal|p2a: Garganacl|100\/100|[from] item: Leftovers\n|upkeep\n|turn|20\n|\n|t:|1700527239\n|-terastallize|p2a: Garganacl|Fairy\n|move|p1a: Great Tusk|Knock Off|p2a: Garganacl\n|-resisted|p2a: Garganacl\n|-damage|p2a: Garganacl|97\/100\n|-enditem|p2a: Garganacl|Leftovers|[from] move: Knock Off|[of] p1a: Great Tusk\n|move|p2a: Garganacl|Salt Cure|p1a: Great Tusk\n|-supereffective|p1a: Great Tusk\n|-damage|p1a: Great Tusk|61\/100\n|-start|p1a: Great Tusk|Salt Cure\n|\n|-damage|p1a: Great Tusk|49\/100|[from] Salt Cure\n|upkeep\n|turn|21\n|inactive|Lion33 has 60 seconds left.\n|inactive|triguntoprun has 120 seconds left.\n|\n|t:|1700527266\n|-end|p1a: Great Tusk|Protosynthesis|[silent]\n|switch|p1a: Zamazenta|Zamazenta|100\/100\n|-ability|p1a: Zamazenta|Dauntless Shield|boost\n|-boost|p1a: Zamazenta|def|1\n|move|p2a: Garganacl|Iron Defense|p2a: Garganacl\n|-boost|p2a: Garganacl|def|2\n|\n|upkeep\n|turn|22\n|\n|t:|1700527273\n|move|p1a: Zamazenta|Iron Head|p2a: Garganacl\n|-supereffective|p2a: Garganacl\n|-damage|p2a: Garganacl|87\/100\n|cant|p2a: Garganacl|flinch\n|\n|upkeep\n|turn|23\n|\n|t:|1700527282\n|move|p1a: Zamazenta|Iron Head|p2a: Garganacl\n|-supereffective|p2a: Garganacl\n|-damage|p2a: Garganacl|77\/100\n|move|p2a: Garganacl|Salt Cure|p1a: Zamazenta\n|-resisted|p1a: Zamazenta\n|-damage|p1a: Zamazenta|96\/100\n|-start|p1a: Zamazenta|Salt Cure\n|\n|-damage|p1a: Zamazenta|84\/100|[from] Salt Cure\n|upkeep\n|turn|24\n|\n|t:|1700527291\n|move|p1a: Zamazenta|Iron Head|p2a: Garganacl\n|-supereffective|p2a: Garganacl\n|-damage|p2a: Garganacl|67\/100\n|cant|p2a: Garganacl|flinch\n|\n|-damage|p1a: Zamazenta|71\/100|[from] Salt Cure\n|upkeep\n|turn|25\n|\n|t:|1700527298\n|move|p1a: Zamazenta|Iron Head|p2a: Garganacl\n|-supereffective|p2a: Garganacl\n|-damage|p2a: Garganacl|57\/100\n|move|p2a: Garganacl|Iron Defense|p2a: Garganacl\n|-boost|p2a: Garganacl|def|2\n|\n|-damage|p1a: Zamazenta|59\/100|[from] Salt Cure\n|upkeep\n|turn|26\n|\n|t:|1700527305\n|move|p1a: Zamazenta|Iron Head|p2a: Garganacl\n|-supereffective|p2a: Garganacl\n|-damage|p2a: Garganacl|50\/100\n|move|p2a: Garganacl|Body Press|p1a: Zamazenta\n|-damage|p1a: Zamazenta|0 fnt\n|faint|p1a: Zamazenta\n|\n|upkeep\n|\n|t:|1700527310\n|switch|p1a: Clefable|Clefable, F|85\/100 brn\n|turn|27\n|\n|t:|1700527316\n|move|p1a: Clefable|Moonblast|p2a: Garganacl\n|-damage|p2a: Garganacl|22\/100\n|move|p2a: Garganacl|Salt Cure|p1a: Clefable\n|-damage|p1a: Clefable|74\/100 brn\n|-start|p1a: Clefable|Salt Cure\n|\n|upkeep\n|turn|28\n|inactive|Lion33 has 90 seconds left.\n|\n|t:|1700527339\n|move|p1a: Clefable|Encore|p2a: Garganacl\n|-start|p2a: Garganacl|Encore\n|move|p2a: Garganacl|Salt Cure|p1a: Clefable\n|-damage|p1a: Clefable|64\/100 brn\n|\n|upkeep\n|turn|29\n|inactive|Lion33 has 90 seconds left.\n|\n|t:|1700527344\n|move|p1a: Clefable|Wish|p1a: Clefable\n|move|p2a: Garganacl|Salt Cure|p1a: Clefable\n|-damage|p1a: Clefable|54\/100 brn\n|\n|upkeep\n|turn|30\n|inactive|Lion33 has 90 seconds left.\n|\n|t:|1700527362\n|move|p1a: Clefable|Moonblast|p2a: Garganacl\n|-damage|p2a: Garganacl|0 fnt\n|faint|p2a: Garganacl\n|\n|-heal|p1a: Clefable|100\/100 brn|[from] move: Wish|[wisher] Clefable\n|upkeep\n|\n|t:|1700527380\n|switch|p2a: Lilligant|Lilligant-Hisui, F|91\/100\n|-damage|p2a: Lilligant|85\/100|[from] Stealth Rock\n|turn|31\n|\n|t:|1700527385\n|move|p2a: Lilligant|Poison Jab|p1a: Clefable\n|-supereffective|p1a: Clefable\n|-damage|p1a: Clefable|49\/100 brn\n|-damage|p2a: Lilligant|75\/100|[from] item: Life Orb\n|move|p1a: Clefable|Moonblast|p2a: Lilligant\n|-supereffective|p2a: Lilligant\n|-damage|p2a: Lilligant|0 fnt\n|faint|p2a: Lilligant\n|\n|upkeep\n|\n|t:|1700527395\n|switch|p2a: Ceruledge|Ceruledge, F|84\/100\n|-damage|p2a: Ceruledge|59\/100|[from] Stealth Rock\n|turn|32\n|\n|t:|1700527403\n|move|p2a: Ceruledge|Bitter Blade|p1a: Clefable\n|-damage|p1a: Clefable|11\/100 brn\n|-heal|p2a: Ceruledge|85\/100|[from] drain|[of] p1a: Clefable\n|move|p1a: Clefable|Wish|p1a: Clefable\n|\n|upkeep\n|turn|33\n|inactive|Lion33 has 90 seconds left.\n|\n|t:|1700527409\n|move|p1a: Clefable|Protect|p1a: Clefable\n|-singleturn|p1a: Clefable|Protect\n|move|p2a: Ceruledge|Bitter Blade|p1a: Clefable\n|-activate|p1a: Clefable|move: Protect\n|\n|-heal|p1a: Clefable|61\/100 brn|[from] move: Wish|[wisher] Clefable\n|upkeep\n|turn|34\n|\n|t:|1700527431\n|move|p2a: Ceruledge|Bitter Blade|p1a: Clefable\n|-damage|p1a: Clefable|24\/100 brn\n|-heal|p2a: Ceruledge|100\/100|[from] drain|[of] p1a: Clefable\n|move|p1a: Clefable|Wish|p1a: Clefable\n|\n|upkeep\n|turn|35\n|inactive|Lion33 has 90 seconds left.\n|\n|t:|1700527448\n|switch|p2a: Great Tusk|Great Tusk|100\/100\n|-damage|p2a: Great Tusk|98\/100|[from] Stealth Rock\n|move|p1a: Clefable|Protect||[still]\n|-fail|p1a: Clefable\n|\n|-heal|p1a: Clefable|74\/100 brn|[from] move: Wish|[wisher] Clefable\n|-heal|p2a: Great Tusk|100\/100|[from] item: Leftovers\n|upkeep\n|turn|36\n|inactive|Lion33 has 90 seconds left.\n|\n|t:|1700527459\n|move|p2a: Great Tusk|Earthquake|p1a: Clefable\n|-crit|p1a: Clefable\n|-damage|p1a: Clefable|20\/100 brn\n|move|p1a: Clefable|Moonblast|p2a: Great Tusk\n|-supereffective|p2a: Great Tusk\n|-damage|p2a: Great Tusk|20\/100\n|\n|-heal|p2a: Great Tusk|26\/100|[from] item: Leftovers\n|upkeep\n|turn|37\n|\n|t:|1700527466\n|switch|p1a: Moltres|Moltres|64\/100\n|move|p2a: Great Tusk|Earthquake|p1a: Moltres\n|-immune|p1a: Moltres\n|\n|-heal|p2a: Great Tusk|32\/100|[from] item: Leftovers\n|upkeep\n|turn|38\n|\n|t:|1700527475\n|move|p2a: Great Tusk|Ice Spinner|p1a: Moltres\n|-damage|p1a: Moltres|42\/100\n|-status|p2a: Great Tusk|brn|[from] ability: Flame Body|[of] p1a: Moltres\n|move|p1a: Moltres|Roost|p1a: Moltres\n|-heal|p1a: Moltres|92\/100\n|-singleturn|p1a: Moltres|move: Roost\n|\n|-heal|p2a: Great Tusk|39\/100 brn|[from] item: Leftovers\n|-damage|p2a: Great Tusk|32\/100 brn|[from] brn\n|upkeep\n|turn|39\n|\n|t:|1700527485\n|move|p2a: Great Tusk|Earthquake|p1a: Moltres\n|-immune|p1a: Moltres\n|move|p1a: Moltres|U-turn|p2a: Great Tusk\n|-resisted|p2a: Great Tusk\n|-damage|p2a: Great Tusk|28\/100 brn\n|\n|t:|1700527495\n|switch|p1a: Great Tusk|Great Tusk, tera:Fire|49\/100|[from] U-turn\n|\n|-heal|p2a: Great Tusk|34\/100 brn|[from] item: Leftovers\n|-damage|p2a: Great Tusk|28\/100 brn|[from] brn\n|upkeep\n|turn|40\n|\n|t:|1700527501\n|-end|p1a: Great Tusk|Protosynthesis|[silent]\n|switch|p1a: Moltres|Moltres|92\/100\n|move|p2a: Great Tusk|Earthquake|p1a: Moltres\n|-immune|p1a: Moltres\n|\n|-heal|p2a: Great Tusk|34\/100 brn|[from] item: Leftovers\n|-damage|p2a: Great Tusk|28\/100 brn|[from] brn\n|upkeep\n|turn|41\n|inactive|Lion33 has 120 seconds left.\n|\n|t:|1700527510\n|move|p2a: Great Tusk|Earthquake|p1a: Moltres\n|-immune|p1a: Moltres\n|move|p1a: Moltres|Roost|p1a: Moltres\n|-heal|p1a: Moltres|100\/100\n|-singleturn|p1a: Moltres|move: Roost\n|\n|-heal|p2a: Great Tusk|34\/100 brn|[from] item: Leftovers\n|-damage|p2a: Great Tusk|28\/100 brn|[from] brn\n|upkeep\n|turn|42\n|\n|t:|1700527520\n|move|p2a: Great Tusk|Ice Spinner|p1a: Moltres\n|-damage|p1a: Moltres|89\/100\n|move|p1a: Moltres|Flamethrower|p2a: Great Tusk\n|-damage|p2a: Great Tusk|0 fnt\n|faint|p2a: Great Tusk\n|-end|p2a: Great Tusk|Protosynthesis|[silent]\n|\n|upkeep\n|\n|t:|1700527526\n|switch|p2a: Ceruledge|Ceruledge, F|100\/100\n|-damage|p2a: Ceruledge|75\/100|[from] Stealth Rock\n|turn|43\n|\n|t:|1700527537\n|switch|p1a: Clefable|Clefable, F|20\/100 brn\n|move|p2a: Ceruledge|Poltergeist||[still]\n|-fail|p2a: Ceruledge\n|\n|upkeep\n|turn|44\n|\n|t:|1700527544\n|move|p2a: Ceruledge|Bitter Blade|p1a: Clefable\n|-damage|p1a: Clefable|0 fnt\n|-heal|p2a: Ceruledge|89\/100|[from] drain|[of] p1a: Clefable\n|faint|p1a: Clefable\n|\n|upkeep\n|\n|t:|1700527547\n|switch|p1a: Great Tusk|Great Tusk, tera:Fire|49\/100\n|turn|45\n|\n|t:|1700527553\n|move|p1a: Great Tusk|Earthquake|p2a: Ceruledge\n|-supereffective|p2a: Ceruledge\n|-damage|p2a: Ceruledge|0 fnt\n|faint|p2a: Ceruledge\n|\n|win|triguntoprun\n|raw|triguntoprun's rating: 1091 &rarr; <strong>1114<\/strong><br \/>(+23 for winning)\n|raw|Lion33's rating: 1043 &rarr; <strong>1029<\/strong><br \/>(-14 for losing)\n|l|\u2606Lion33\n","uploadtime":1700527614,"views":5,"p1id":"triguntoprun","p2id":"lion33","formatid":"gen9ou","rating":1029,"private":0,"password":""}