{"id":"gen9ou-1995475154","p1":"Palkia<salamance","p2":"radiant_reploid","format":"[Gen 9] OU","log":"|j|\u2606Palkia<salamance\n|j|\u2606radiant_reploid\n|t:|1700574927\n|gametype|singles\n|player|p1|Palkia<salamance|1|1228\n|player|p2|radiant_reploid|cheren-gen5bw2|1343\n|teamsize|p1|6\n|teamsize|p2|6\n|gen|9\n|tier|[Gen 9] OU\n|rated|\n|rule|Sleep Clause Mod: Limit one foe put to sleep\n|rule|Species Clause: Limit one of each Pok\u00e9mon\n|rule|OHKO Clause: OHKO moves are banned\n|rule|Evasion Items Clause: Evasion items are banned\n|rule|Evasion Moves Clause: Evasion moves are banned\n|rule|Endless Battle Clause: Forcing endless battles is banned\n|rule|HP Percentage Mod: HP is shown in percentages\n|clearpoke\n|poke|p1|Hawlucha, F|\n|poke|p1|Rillaboom, F|\n|poke|p1|Dondozo, F|\n|poke|p1|Landorus-Therian, M|\n|poke|p1|Dragapult, M|\n|poke|p1|Scizor, M|\n|poke|p2|Samurott-Hisui, F|\n|poke|p2|Iron Valiant|\n|poke|p2|Slowking-Galar, M|\n|poke|p2|Great Tusk|\n|poke|p2|Ceruledge, F|\n|poke|p2|Kingambit, M|\n|teampreview\n|\n|t:|1700574962\n|start\n|switch|p1a: Scizor|Scizor, M|100\/100\n|switch|p2a: Sephirott|Samurott-Hisui, F|100\/100\n|turn|1\n|\n|t:|1700574970\n|switch|p2a: Beyblade|Great Tusk|100\/100\n|move|p1a: Scizor|U-turn|p2a: Beyblade\n|-resisted|p2a: Beyblade\n|-damage|p2a: Beyblade|92\/100\n|\n|t:|1700574973\n|switch|p1a: Rillaboom|Rillaboom, F|100\/100|[from] U-turn\n|-fieldstart|move: Grassy Terrain|[from] ability: Grassy Surge|[of] p1a: Rillaboom\n|\n|-heal|p2a: Beyblade|98\/100|[from] Grassy Terrain\n|upkeep\n|turn|2\n|\n|t:|1700574984\n|-end|p2a: Beyblade|Protosynthesis|[silent]\n|switch|p2a: NyQuil|Slowking-Galar, M|100\/100\n|move|p1a: Rillaboom|Grassy Glide|p2a: NyQuil\n|-resisted|p2a: NyQuil\n|-damage|p2a: NyQuil|78\/100\n|\n|-heal|p2a: NyQuil|84\/100|[from] Grassy Terrain\n|upkeep\n|turn|3\n|inactive|Battle timer is ON: inactive players will automatically lose when time's up. (requested by Palkia<salamance)\n|\n|t:|1700574999\n|move|p1a: Rillaboom|Knock Off|p2a: NyQuil\n|-supereffective|p2a: NyQuil\n|-damage|p2a: NyQuil|12\/100\n|-enditem|p2a: NyQuil|Heavy-Duty Boots|[from] move: Knock Off|[of] p1a: Rillaboom\n|move|p2a: NyQuil|Yawn|p1a: Rillaboom\n|-start|p1a: Rillaboom|move: Yawn|[of] p2a: NyQuil\n|\n|-heal|p2a: NyQuil|18\/100|[from] Grassy Terrain\n|upkeep\n|turn|4\n|\n|t:|1700575020\n|switch|p1a: Landorus|Landorus-Therian, M|100\/100\n|-ability|p1a: Landorus|Intimidate|boost\n|-unboost|p2a: NyQuil|atk|1\n|switch|p2a: Childish Gambito|Kingambit, M|100\/100\n|\n|upkeep\n|turn|5\n|\n|t:|1700575036\n|move|p1a: Landorus|Stealth Rock|p2a: Childish Gambito\n|-sidestart|p2: radiant_reploid|move: Stealth Rock\n|move|p2a: Childish Gambito|Kowtow Cleave|p1a: Landorus\n|-damage|p1a: Landorus|39\/100\n|\n|-fieldend|move: Grassy Terrain\n|upkeep\n|turn|6\n|\n|t:|1700575046\n|switch|p1a: Scizor|Scizor, M|100\/100\n|move|p2a: Childish Gambito|Sucker Punch||[still]\n|-fail|p2a: Childish Gambito\n|\n|upkeep\n|turn|7\n|\n|t:|1700575055\n|switch|p2a: Beyblade|Great Tusk|98\/100\n|move|p1a: Scizor|Close Combat|p2a: Beyblade\n|-crit|p2a: Beyblade\n|-damage|p2a: Beyblade|68\/100\n|-unboost|p1a: Scizor|def|1\n|-unboost|p1a: Scizor|spd|1\n|\n|upkeep\n|turn|8\n|\n|t:|1700575066\n|switch|p1a: Dondozo|Dondozo, F|100\/100\n|move|p2a: Beyblade|Knock Off|p1a: Dondozo\n|-damage|p1a: Dondozo|84\/100\n|-enditem|p1a: Dondozo|Leftovers|[from] move: Knock Off|[of] p2a: Beyblade\n|\n|upkeep\n|turn|9\n|\n|t:|1700575071\n|move|p2a: Beyblade|Rapid Spin|p1a: Dondozo\n|-damage|p1a: Dondozo|76\/100\n|-boost|p2a: Beyblade|spe|1\n|-sideend|p2: radiant_reploid|Stealth Rock|[from] move: Rapid Spin|[of] p2a: Beyblade\n|move|p1a: Dondozo|Curse|p1a: Dondozo\n|-unboost|p1a: Dondozo|spe|1\n|-boost|p1a: Dondozo|atk|1\n|-boost|p1a: Dondozo|def|1\n|\n|upkeep\n|turn|10\n|\n|t:|1700575087\n|-end|p2a: Beyblade|Protosynthesis|[silent]\n|switch|p2a: NyQuil|Slowking-Galar, M|51\/100\n|move|p1a: Dondozo|Curse|p1a: Dondozo\n|-unboost|p1a: Dondozo|spe|1\n|-boost|p1a: Dondozo|atk|1\n|-boost|p1a: Dondozo|def|1\n|\n|upkeep\n|turn|11\n|\n|t:|1700575094\n|move|p2a: NyQuil|Yawn|p1a: Dondozo\n|-start|p1a: Dondozo|move: Yawn|[of] p2a: NyQuil\n|move|p1a: Dondozo|Wave Crash|p2a: NyQuil\n|-damage|p2a: NyQuil|0 fnt\n|faint|p2a: NyQuil\n|-damage|p1a: Dondozo|63\/100|[from] Recoil\n|\n|upkeep\n|\n|t:|1700575103\n|switch|p2a: Gallade Runner|Iron Valiant|100\/100\n|-enditem|p2a: Gallade Runner|Booster Energy\n|-activate|p2a: Gallade Runner|ability: Quark Drive|[fromitem]\n|-start|p2a: Gallade Runner|quarkdrivespe\n|turn|12\n|\n|t:|1700575108\n|move|p2a: Gallade Runner|Moonblast|p1a: Dondozo\n|-damage|p1a: Dondozo|35\/100\n|move|p1a: Dondozo|Wave Crash|p2a: Gallade Runner\n|-damage|p2a: Gallade Runner|0 fnt\n|faint|p2a: Gallade Runner\n|-end|p2a: Gallade Runner|Quark Drive|[silent]\n|-damage|p1a: Dondozo|16\/100|[from] Recoil\n|\n|-end|p1a: Dondozo|move: Yawn|[silent]\n|-status|p1a: Dondozo|slp\n|upkeep\n|\n|t:|1700575122\n|switch|p2a: Childish Gambito|Kingambit, M|100\/100\n|turn|13\n|\n|t:|1700575127\n|move|p2a: Childish Gambito|Kowtow Cleave|p1a: Dondozo\n|-damage|p1a: Dondozo|0 fnt\n|faint|p1a: Dondozo\n|\n|upkeep\n|\n|t:|1700575133\n|switch|p1a: Landorus|Landorus-Therian, M|39\/100\n|-ability|p1a: Landorus|Intimidate|boost\n|-unboost|p2a: Childish Gambito|atk|1\n|-ability|p2a: Childish Gambito|Defiant|boost\n|-boost|p2a: Childish Gambito|atk|2\n|turn|14\n|\n|t:|1700575148\n|move|p2a: Childish Gambito|Sucker Punch|p1a: Landorus\n|-damage|p1a: Landorus|0 fnt\n|faint|p1a: Landorus\n|\n|upkeep\n|\n|t:|1700575152\n|switch|p1a: Scizor|Scizor, M|100\/100\n|turn|15\n|\n|t:|1700575162\n|-terastallize|p2a: Childish Gambito|Fairy\n|move|p1a: Scizor|Close Combat|p2a: Childish Gambito\n|-resisted|p2a: Childish Gambito\n|-damage|p2a: Childish Gambito|83\/100\n|-unboost|p1a: Scizor|def|1\n|-unboost|p1a: Scizor|spd|1\n|move|p2a: Childish Gambito|Kowtow Cleave|p1a: Scizor\n|-damage|p1a: Scizor|0 fnt\n|faint|p1a: Scizor\n|\n|upkeep\n|\n|t:|1700575170\n|switch|p1a: Rillaboom|Rillaboom, F|100\/100\n|-fieldstart|move: Grassy Terrain|[from] ability: Grassy Surge|[of] p1a: Rillaboom\n|turn|16\n|\n|t:|1700575193\n|move|p1a: Rillaboom|Grassy Glide|p2a: Childish Gambito\n|-damage|p2a: Childish Gambito|53\/100\n|move|p2a: Childish Gambito|Tera Blast|p1a: Rillaboom|[anim] Tera Blast Fairy\n|-damage|p1a: Rillaboom|31\/100\n|-enditem|p1a: Rillaboom|Sitrus Berry|[eat]\n|-heal|p1a: Rillaboom|56\/100|[from] item: Sitrus Berry\n|\n|-heal|p1a: Rillaboom|63\/100|[from] Grassy Terrain\n|-heal|p2a: Childish Gambito|60\/100|[from] Grassy Terrain\n|upkeep\n|turn|17\n|\n|t:|1700575206\n|move|p1a: Rillaboom|Grassy Glide|p2a: Childish Gambito\n|-damage|p2a: Childish Gambito|32\/100\n|move|p2a: Childish Gambito|Tera Blast|p1a: Rillaboom|[anim] Tera Blast Fairy\n|-damage|p1a: Rillaboom|0 fnt\n|faint|p1a: Rillaboom\n|\n|-heal|p2a: Childish Gambito|38\/100|[from] Grassy Terrain\n|upkeep\n|\n|t:|1700575212\n|switch|p1a: Dragapult|Dragapult, M|100\/100\n|turn|18\n|\n|t:|1700575226\n|-terastallize|p1a: Dragapult|Dark\n|move|p2a: Childish Gambito|Sucker Punch|p1a: Dragapult\n|-resisted|p1a: Dragapult\n|-damage|p1a: Dragapult|52\/100\n|move|p1a: Dragapult|Flamethrower|p2a: Childish Gambito\n|-damage|p2a: Childish Gambito|1\/100\n|\n|-heal|p1a: Dragapult|58\/100|[from] Grassy Terrain\n|-heal|p2a: Childish Gambito|7\/100|[from] Grassy Terrain\n|upkeep\n|turn|19\n|\n|t:|1700575236\n|move|p2a: Childish Gambito|Sucker Punch|p1a: Dragapult\n|-resisted|p1a: Dragapult\n|-damage|p1a: Dragapult|9\/100\n|move|p1a: Dragapult|Flamethrower|p2a: Childish Gambito\n|-damage|p2a: Childish Gambito|0 fnt\n|faint|p2a: Childish Gambito\n|\n|-heal|p1a: Dragapult|15\/100|[from] Grassy Terrain\n|upkeep\n|\n|t:|1700575252\n|switch|p2a: Sephirott|Samurott-Hisui, F|100\/100\n|turn|20\n|\n|t:|1700575258\n|switch|p1a: Hawlucha|Hawlucha, F|100\/100\n|-enditem|p1a: Hawlucha|Grassy Seed\n|-boost|p1a: Hawlucha|def|1|[from] item: Grassy Seed\n|move|p2a: Sephirott|Razor Shell|p1a: Hawlucha\n|-damage|p1a: Hawlucha|54\/100\n|-unboost|p1a: Hawlucha|def|1\n|\n|-fieldend|move: Grassy Terrain\n|upkeep\n|turn|21\n|\n|t:|1700575267\n|move|p1a: Hawlucha|Close Combat|p2a: Sephirott\n|-supereffective|p2a: Sephirott\n|-damage|p2a: Sephirott|0 fnt\n|-unboost|p1a: Hawlucha|def|1\n|-unboost|p1a: Hawlucha|spd|1\n|faint|p2a: Sephirott\n|\n|upkeep\n|\n|t:|1700575270\n|switch|p2a: Blues.EXE|Ceruledge, F|100\/100\n|turn|22\n|\n|t:|1700575275\n|move|p1a: Hawlucha|Acrobatics|p2a: Blues.EXE\n|-damage|p2a: Blues.EXE|25\/100\n|-ability|p2a: Blues.EXE|Weak Armor|boost\n|-unboost|p2a: Blues.EXE|def|1\n|-boost|p2a: Blues.EXE|spe|2\n|move|p2a: Blues.EXE|Bitter Blade|p1a: Hawlucha\n|-damage|p1a: Hawlucha|0 fnt\n|-heal|p2a: Blues.EXE|52\/100|[from] drain|[of] p1a: Hawlucha\n|faint|p1a: Hawlucha\n|\n|upkeep\n|\n|t:|1700575279\n|switch|p1a: Dragapult|Dragapult, M, tera:Dark|15\/100\n|turn|23\n|\n|t:|1700575283\n|move|p2a: Blues.EXE|Bitter Blade|p1a: Dragapult\n|-damage|p1a: Dragapult|0 fnt\n|-heal|p2a: Blues.EXE|61\/100|[from] drain|[of] p1a: Dragapult\n|faint|p1a: Dragapult\n|\n|win|radiant_reploid\n|raw|Palkia&lt;salamance's rating: 1228 &rarr; <strong>1211<\/strong><br \/>(-17 for losing)\n|raw|radiant_reploid's rating: 1343 &rarr; <strong>1357<\/strong><br \/>(+14 for winning)\n","uploadtime":1700575288,"views":31,"p1id":"palkiasalamance","p2id":"radiantreploid","formatid":"gen9ou","rating":1211,"private":0,"password":""}