{"id":"gen9ou-1991400824","p1":"Sirbelgrave","p2":"Belike","format":"[Gen 9] OU","log":"|j|\u2606Sirbelgrave\n|j|\u2606Belike\n|t:|1700073971\n|gametype|singles\n|player|p1|Sirbelgrave|plasmagrunt-gen5bw|1604\n|player|p2|Belike|richboy-gen4|1530\n|teamsize|p1|6\n|teamsize|p2|6\n|gen|9\n|tier|[Gen 9] OU\n|rated|\n|rule|Sleep Clause Mod: Limit one foe put to sleep\n|rule|Species Clause: Limit one of each Pok\u00e9mon\n|rule|OHKO Clause: OHKO moves are banned\n|rule|Evasion Items Clause: Evasion items are banned\n|rule|Evasion Moves Clause: Evasion moves are banned\n|rule|Endless Battle Clause: Forcing endless battles is banned\n|rule|HP Percentage Mod: HP is shown in percentages\n|clearpoke\n|poke|p1|Ninetales-Alola, M|\n|poke|p1|Great Tusk|\n|poke|p1|Iron Moth|\n|poke|p1|Kingambit, F|\n|poke|p1|Manaphy|\n|poke|p1|Zamazenta-*|\n|poke|p2|Breloom, M|\n|poke|p2|Scizor, M|\n|poke|p2|Greninja-*, M|\n|poke|p2|Zamazenta-*|\n|poke|p2|Hatterene, F|\n|poke|p2|Moltres-Galar|\n|teampreview\n|inactive|Battle timer is ON: inactive players will automatically lose when time's up. (requested by Belike)\n|inactive|Sirbelgrave also wants the timer to be on.\n|\n|t:|1700073982\n|start\n|switch|p1a: Iron Moth|Iron Moth|100\/100\n|switch|p2a: Scizor|Scizor, M|100\/100\n|-enditem|p1a: Iron Moth|Booster Energy\n|-activate|p1a: Iron Moth|ability: Quark Drive|[fromitem]\n|-start|p1a: Iron Moth|quarkdrivespe\n|turn|1\n|\n|t:|1700073990\n|move|p2a: Scizor|Bullet Punch|p1a: Iron Moth\n|-resisted|p1a: Iron Moth\n|-damage|p1a: Iron Moth|64\/100\n|move|p1a: Iron Moth|Substitute|p1a: Iron Moth\n|-start|p1a: Iron Moth|Substitute\n|-damage|p1a: Iron Moth|39\/100\n|\n|upkeep\n|turn|2\n|\n|t:|1700073995\n|switch|p2a: Moltres|Moltres-Galar|100\/100\n|move|p1a: Iron Moth|Fiery Dance|p2a: Moltres\n|-damage|p2a: Moltres|65\/100\n|\n|upkeep\n|turn|3\n|\n|t:|1700074000\n|move|p1a: Iron Moth|Fiery Dance|p2a: Moltres\n|-damage|p2a: Moltres|31\/100\n|-boost|p1a: Iron Moth|spa|1\n|-ability|p2a: Moltres|Berserk|boost\n|-boost|p2a: Moltres|spa|1\n|move|p2a: Moltres|Fiery Wrath|p1a: Iron Moth\n|-end|p1a: Iron Moth|Substitute\n|\n|upkeep\n|turn|4\n|\n|t:|1700074010\n|move|p1a: Iron Moth|Fiery Dance|p2a: Moltres\n|-damage|p2a: Moltres|0 fnt\n|faint|p2a: Moltres\n|\n|upkeep\n|\n|t:|1700074017\n|switch|p2a: Scizor|Scizor, M|100\/100\n|turn|5\n|\n|t:|1700074019\n|-terastallize|p2a: Scizor|Steel\n|move|p2a: Scizor|Bullet Punch|p1a: Iron Moth\n|-resisted|p1a: Iron Moth\n|-damage|p1a: Iron Moth|0 fnt\n|faint|p1a: Iron Moth\n|-end|p1a: Iron Moth|Quark Drive|[silent]\n|\n|upkeep\n|\n|t:|1700074025\n|switch|p1a: Great Tusk|Great Tusk|100\/100\n|turn|6\n|\n|t:|1700074028\n|switch|p2a: Zamazenta|Zamazenta|100\/100\n|-ability|p2a: Zamazenta|Dauntless Shield|boost\n|-boost|p2a: Zamazenta|def|1\n|move|p1a: Great Tusk|Rapid Spin|p2a: Zamazenta\n|-damage|p2a: Zamazenta|94\/100\n|-boost|p1a: Great Tusk|spe|1\n|\n|-heal|p2a: Zamazenta|100\/100|[from] item: Leftovers\n|upkeep\n|turn|7\n|\n|t:|1700074032\n|move|p1a: Great Tusk|Bulk Up|p1a: Great Tusk\n|-boost|p1a: Great Tusk|atk|1\n|-boost|p1a: Great Tusk|def|1\n|move|p2a: Zamazenta|Iron Defense|p2a: Zamazenta\n|-boost|p2a: Zamazenta|def|2\n|\n|upkeep\n|turn|8\n|\n|t:|1700074034\n|move|p1a: Great Tusk|Bulk Up|p1a: Great Tusk\n|-boost|p1a: Great Tusk|atk|1\n|-boost|p1a: Great Tusk|def|1\n|move|p2a: Zamazenta|Iron Defense|p2a: Zamazenta\n|-boost|p2a: Zamazenta|def|2\n|\n|upkeep\n|turn|9\n|\n|t:|1700074037\n|move|p1a: Great Tusk|Bulk Up|p1a: Great Tusk\n|-boost|p1a: Great Tusk|atk|1\n|-boost|p1a: Great Tusk|def|1\n|move|p2a: Zamazenta|Body Press|p1a: Great Tusk\n|-damage|p1a: Great Tusk|65\/100\n|\n|-heal|p1a: Great Tusk|71\/100|[from] item: Leftovers\n|upkeep\n|turn|10\n|\n|t:|1700074039\n|move|p1a: Great Tusk|Bulk Up|p1a: Great Tusk\n|-boost|p1a: Great Tusk|atk|1\n|-boost|p1a: Great Tusk|def|1\n|move|p2a: Zamazenta|Iron Defense|p2a: Zamazenta\n|-boost|p2a: Zamazenta|def|1\n|\n|-heal|p1a: Great Tusk|77\/100|[from] item: Leftovers\n|upkeep\n|turn|11\n|\n|t:|1700074042\n|move|p1a: Great Tusk|Bulk Up|p1a: Great Tusk\n|-boost|p1a: Great Tusk|atk|1\n|-boost|p1a: Great Tusk|def|1\n|move|p2a: Zamazenta|Trailblaze|p1a: Great Tusk\n|-supereffective|p1a: Great Tusk\n|-damage|p1a: Great Tusk|72\/100\n|-boost|p2a: Zamazenta|spe|1\n|\n|-heal|p1a: Great Tusk|79\/100|[from] item: Leftovers\n|upkeep\n|turn|12\n|\n|t:|1700074044\n|move|p2a: Zamazenta|Body Press|p1a: Great Tusk\n|-damage|p1a: Great Tusk|51\/100\n|move|p1a: Great Tusk|Bulk Up|p1a: Great Tusk\n|-boost|p1a: Great Tusk|atk|1\n|-boost|p1a: Great Tusk|def|1\n|\n|-heal|p1a: Great Tusk|58\/100|[from] item: Leftovers\n|upkeep\n|turn|13\n|\n|t:|1700074047\n|move|p2a: Zamazenta|Body Press|p1a: Great Tusk\n|-damage|p1a: Great Tusk|35\/100\n|move|p1a: Great Tusk|Earthquake|p2a: Zamazenta\n|-damage|p2a: Zamazenta|73\/100\n|\n|-heal|p2a: Zamazenta|79\/100|[from] item: Leftovers\n|-heal|p1a: Great Tusk|41\/100|[from] item: Leftovers\n|upkeep\n|turn|14\n|\n|t:|1700074049\n|move|p2a: Zamazenta|Body Press|p1a: Great Tusk\n|-damage|p1a: Great Tusk|19\/100\n|move|p1a: Great Tusk|Earthquake|p2a: Zamazenta\n|-damage|p2a: Zamazenta|49\/100\n|\n|-heal|p2a: Zamazenta|55\/100|[from] item: Leftovers\n|-heal|p1a: Great Tusk|25\/100|[from] item: Leftovers\n|upkeep\n|turn|15\n|\n|t:|1700074052\n|move|p2a: Zamazenta|Body Press|p1a: Great Tusk\n|-damage|p1a: Great Tusk|2\/100\n|move|p1a: Great Tusk|Earthquake|p2a: Zamazenta\n|-damage|p2a: Zamazenta|29\/100\n|\n|-heal|p2a: Zamazenta|35\/100|[from] item: Leftovers\n|-heal|p1a: Great Tusk|8\/100|[from] item: Leftovers\n|upkeep\n|turn|16\n|\n|t:|1700074054\n|move|p2a: Zamazenta|Body Press|p1a: Great Tusk\n|-damage|p1a: Great Tusk|0 fnt\n|faint|p1a: Great Tusk\n|-end|p1a: Great Tusk|Protosynthesis|[silent]\n|\n|-heal|p2a: Zamazenta|41\/100|[from] item: Leftovers\n|upkeep\n|\n|t:|1700074070\n|switch|p1a: Ninetales|Ninetales-Alola, M|100\/100\n|-weather|Snow|[from] ability: Snow Warning|[of] p1a: Ninetales\n|turn|17\n|\n|t:|1700074081\n|move|p2a: Zamazenta|Body Press|p1a: Ninetales\n|-damage|p1a: Ninetales|0 fnt\n|faint|p1a: Ninetales\n|\n|-weather|Snow|[upkeep]\n|-heal|p2a: Zamazenta|48\/100|[from] item: Leftovers\n|upkeep\n|c|\u2606Belike|gg\n|\n|t:|1700074085\n|switch|p1a: Kingambit|Kingambit, F|100\/100\n|-activate|p1a: Kingambit|ability: Supreme Overlord\n|-start|p1a: Kingambit|fallen3|[silent]\n|turn|18\n|\n|t:|1700074088\n|move|p2a: Zamazenta|Body Press|p1a: Kingambit\n|-supereffective|p1a: Kingambit\n|-damage|p1a: Kingambit|0 fnt\n|faint|p1a: Kingambit\n|-end|p1a: Kingambit|fallen3|[silent]\n|\n|-weather|Snow|[upkeep]\n|-heal|p2a: Zamazenta|54\/100|[from] item: Leftovers\n|upkeep\n|-message|Sirbelgrave forfeited.\n|\n|win|Belike\n|raw|Sirbelgrave's rating: 1604 &rarr; <strong>1580<\/strong><br \/>(-24 for losing)\n|raw|Belike's rating: 1530 &rarr; <strong>1554<\/strong><br \/>(+24 for winning)\n|l|\u2606Sirbelgrave\n","uploadtime":1700074096,"views":16,"p1id":"sirbelgrave","p2id":"belike","formatid":"gen9ou","rating":1554,"private":0,"password":""}