{"id":"gen9ou-1996926456","p1":"amongus20202020","p2":"Theomatic","format":"[Gen 9] OU","log":"|j|\u2606amongus20202020\n|j|\u2606Theomatic\n|t:|1700745746\n|gametype|singles\n|player|p1|amongus20202020|ghetsis|1152\n|player|p2|Theomatic|janitor|1082\n|teamsize|p1|6\n|teamsize|p2|6\n|gen|9\n|tier|[Gen 9] OU\n|rated|\n|rule|Sleep Clause Mod: Limit one foe put to sleep\n|rule|Species Clause: Limit one of each Pok\u00e9mon\n|rule|OHKO Clause: OHKO moves are banned\n|rule|Evasion Items Clause: Evasion items are banned\n|rule|Evasion Moves Clause: Evasion moves are banned\n|rule|Endless Battle Clause: Forcing endless battles is banned\n|rule|HP Percentage Mod: HP is shown in percentages\n|clearpoke\n|poke|p1|Great Tusk|\n|poke|p1|Skeledirge, F|\n|poke|p1|Kingambit, F|\n|poke|p1|Dragapult, M|\n|poke|p1|Garganacl, M|\n|poke|p1|Corviknight, M|\n|poke|p2|Samurott-Hisui, M|\n|poke|p2|Diancie|\n|poke|p2|Iron Moth|\n|poke|p2|Alomomola, F|\n|poke|p2|Toedscruel, F|\n|poke|p2|Hawlucha, F|\n|teampreview\n|inactive|Battle timer is ON: inactive players will automatically lose when time's up. (requested by amongus20202020)\n|\n|t:|1700745759\n|start\n|switch|p1a: Sir Big Bird|Corviknight, M, shiny|100\/100\n|switch|p2a: NACHO LIBRE|Hawlucha, F|100\/100\n|-ability|p1a: Sir Big Bird|Pressure\n|turn|1\n|\n|t:|1700745782\n|switch|p2a: Roggenrollin|Diancie|100\/100\n|switch|p1a: Dreep n Dispair|Dragapult, M, shiny|100\/100\n|\n|upkeep\n|turn|2\n|\n|t:|1700745792\n|-terastallize|p1a: Dreep n Dispair|Steel\n|move|p1a: Dreep n Dispair|Dragon Dance|p1a: Dreep n Dispair\n|-boost|p1a: Dreep n Dispair|atk|1\n|-boost|p1a: Dreep n Dispair|spe|1\n|move|p2a: Roggenrollin|Trick Room|p2a: Roggenrollin\n|-fieldstart|move: Trick Room|[of] p2a: Roggenrollin\n|\n|upkeep\n|turn|3\n|\n|t:|1700745798\n|-terastallize|p2a: Roggenrollin|Ground\n|move|p2a: Roggenrollin|Earth Power|p1a: Dreep n Dispair\n|-supereffective|p1a: Dreep n Dispair\n|-damage|p1a: Dreep n Dispair|0 fnt\n|faint|p1a: Dreep n Dispair\n|\n|upkeep\n|c|\u2606amongus20202020|Damm\n|c|\u2606amongus20202020|smort\n|c|\u2606Theomatic|this guy goes hard\n|\n|t:|1700745810\n|switch|p1a: Sir Big Bird|Corviknight, M, shiny|100\/100\n|-ability|p1a: Sir Big Bird|Pressure\n|turn|4\n|\n|t:|1700745816\n|move|p2a: Roggenrollin|Diamond Storm|p1a: Sir Big Bird\n|-damage|p1a: Sir Big Bird|77\/100\n|-boost|p2a: Roggenrollin|def|2\n|move|p1a: Sir Big Bird|Iron Head|p2a: Roggenrollin\n|-damage|p2a: Roggenrollin|90\/100\n|\n|-heal|p2a: Roggenrollin|97\/100|[from] item: Leftovers\n|-heal|p1a: Sir Big Bird|83\/100|[from] item: Leftovers\n|upkeep\n|turn|5\n|\n|t:|1700745826\n|move|p2a: Roggenrollin|Diamond Storm|p1a: Sir Big Bird\n|-crit|p1a: Sir Big Bird\n|-damage|p1a: Sir Big Bird|46\/100\n|-boost|p2a: Roggenrollin|def|2\n|move|p1a: Sir Big Bird|Bulk Up|p1a: Sir Big Bird\n|-boost|p1a: Sir Big Bird|atk|1\n|-boost|p1a: Sir Big Bird|def|1\n|\n|-heal|p2a: Roggenrollin|100\/100|[from] item: Leftovers\n|-heal|p1a: Sir Big Bird|53\/100|[from] item: Leftovers\n|upkeep\n|turn|6\n|\n|t:|1700745844\n|move|p2a: Roggenrollin|Diamond Storm|p1a: Sir Big Bird\n|-damage|p1a: Sir Big Bird|34\/100\n|-boost|p2a: Roggenrollin|def|2\n|move|p1a: Sir Big Bird|Bulk Up|p1a: Sir Big Bird\n|-boost|p1a: Sir Big Bird|atk|1\n|-boost|p1a: Sir Big Bird|def|1\n|\n|-heal|p1a: Sir Big Bird|41\/100|[from] item: Leftovers\n|-fieldend|move: Trick Room\n|upkeep\n|turn|7\n|\n|t:|1700745851\n|move|p1a: Sir Big Bird|Roost|p1a: Sir Big Bird\n|-heal|p1a: Sir Big Bird|91\/100\n|-singleturn|p1a: Sir Big Bird|move: Roost\n|move|p2a: Roggenrollin|Moonblast|p1a: Sir Big Bird\n|-resisted|p1a: Sir Big Bird\n|-damage|p1a: Sir Big Bird|74\/100\n|\n|-heal|p1a: Sir Big Bird|80\/100|[from] item: Leftovers\n|upkeep\n|turn|8\n|\n|t:|1700745860\n|move|p1a: Sir Big Bird|Bulk Up|p1a: Sir Big Bird\n|-boost|p1a: Sir Big Bird|atk|1\n|-boost|p1a: Sir Big Bird|def|1\n|move|p2a: Roggenrollin|Moonblast|p1a: Sir Big Bird\n|-resisted|p1a: Sir Big Bird\n|-damage|p1a: Sir Big Bird|62\/100\n|-unboost|p1a: Sir Big Bird|spa|1\n|\n|-heal|p1a: Sir Big Bird|68\/100|[from] item: Leftovers\n|upkeep\n|turn|9\n|\n|t:|1700745873\n|move|p1a: Sir Big Bird|Bulk Up|p1a: Sir Big Bird\n|-boost|p1a: Sir Big Bird|atk|1\n|-boost|p1a: Sir Big Bird|def|1\n|move|p2a: Roggenrollin|Diamond Storm|p1a: Sir Big Bird\n|-damage|p1a: Sir Big Bird|59\/100\n|\n|-heal|p1a: Sir Big Bird|65\/100|[from] item: Leftovers\n|upkeep\n|turn|10\n|\n|t:|1700745880\n|move|p1a: Sir Big Bird|Roost|p1a: Sir Big Bird\n|-heal|p1a: Sir Big Bird|100\/100\n|-singleturn|p1a: Sir Big Bird|move: Roost\n|move|p2a: Roggenrollin|Earth Power|p1a: Sir Big Bird\n|-supereffective|p1a: Sir Big Bird\n|-damage|p1a: Sir Big Bird|30\/100\n|\n|-heal|p1a: Sir Big Bird|36\/100|[from] item: Leftovers\n|upkeep\n|turn|11\n|c|\u2606Theomatic|nice\n|c|\u2606amongus20202020|nice\n|\n|t:|1700745907\n|switch|p2a: The Sun|Iron Moth|100\/100\n|move|p1a: Sir Big Bird|Power Trip|p2a: The Sun\n|-damage|p2a: The Sun|0 fnt\n|faint|p2a: The Sun\n|-end|p2a: The Sun|Quark Drive|[silent]\n|\n|-heal|p1a: Sir Big Bird|42\/100|[from] item: Leftovers\n|upkeep\n|c|\u2606Theomatic|ow\n|inactive|Theomatic has 120 seconds left.\n|c|\u2606amongus20202020|OU volcarona\n|c|\u2606Theomatic|i wish i could use real volcarona\n|c|\u2606amongus20202020|I remember when Volcarona was OU lol\n|c|\u2606Theomatic|such a cutie\n|c|\u2606amongus20202020|There is no fluffy moth in OU anymore\n|inactive|Theomatic has 90 seconds left.\n|c|\u2606Theomatic|i need to start countering corviknights these guys are so cringe\n|\n|t:|1700745968\n|switch|p2a: NACHO LIBRE|Hawlucha, F|100\/100\n|turn|12\n|c|\u2606amongus20202020|Skeledirge is good for corvs\n|\n|t:|1700745976\n|move|p2a: NACHO LIBRE|High Jump Kick|p1a: Sir Big Bird|[miss]\n|-miss|p2a: NACHO LIBRE|p1a: Sir Big Bird\n|-damage|p2a: NACHO LIBRE|50\/100|[from] highjumpkick\n|move|p1a: Sir Big Bird|Power Trip|p2a: NACHO LIBRE\n|-resisted|p2a: NACHO LIBRE\n|-damage|p2a: NACHO LIBRE|0 fnt\n|faint|p2a: NACHO LIBRE\n|\n|-heal|p1a: Sir Big Bird|49\/100|[from] item: Leftovers\n|upkeep\n|c|\u2606Theomatic|ow\n|c|\u2606amongus20202020|rip\n|c|\u2606amongus20202020|unlucky\n|\n|t:|1700745989\n|switch|p2a: Sbeve|Samurott-Hisui, M|100\/100\n|turn|13\n|\n|t:|1700745994\n|move|p2a: Sbeve|Sacred Sword|p1a: Sir Big Bird\n|-damage|p1a: Sir Big Bird|18\/100\n|move|p1a: Sir Big Bird|Power Trip|p2a: Sbeve\n|-resisted|p2a: Sbeve\n|-damage|p2a: Sbeve|30\/100\n|\n|-heal|p1a: Sir Big Bird|25\/100|[from] item: Leftovers\n|upkeep\n|turn|14\n|\n|t:|1700746011\n|switch|p1a: Manny 2.0|Great Tusk, shiny|100\/100\n|move|p2a: Sbeve|Sacred Sword|p1a: Manny 2.0\n|-damage|p1a: Manny 2.0|75\/100\n|\n|-heal|p1a: Manny 2.0|81\/100|[from] item: Leftovers\n|upkeep\n|turn|15\n|\n|t:|1700746020\n|switch|p2a: Lola|Alomomola, F|100\/100\n|move|p1a: Manny 2.0|Rapid Spin|p2a: Lola\n|-damage|p2a: Lola|89\/100\n|-boost|p1a: Manny 2.0|spe|1\n|\n|-heal|p1a: Manny 2.0|87\/100|[from] item: Leftovers\n|-heal|p2a: Lola|95\/100|[from] item: Leftovers\n|upkeep\n|turn|16\n|\n|t:|1700746026\n|move|p1a: Manny 2.0|Close Combat|p2a: Lola\n|-damage|p2a: Lola|59\/100\n|-unboost|p1a: Manny 2.0|def|1\n|-unboost|p1a: Manny 2.0|spd|1\n|move|p2a: Lola|Play Rough|p1a: Manny 2.0\n|-supereffective|p1a: Manny 2.0\n|-damage|p1a: Manny 2.0|54\/100\n|\n|-heal|p1a: Manny 2.0|60\/100|[from] item: Leftovers\n|-heal|p2a: Lola|65\/100|[from] item: Leftovers\n|upkeep\n|turn|17\n|c|\u2606amongus20202020|ah crap regenerator\n|\n|t:|1700746035\n|move|p1a: Manny 2.0|Knock Off|p2a: Lola\n|-damage|p2a: Lola|45\/100\n|-enditem|p2a: Lola|Leftovers|[from] move: Knock Off|[of] p1a: Manny 2.0\n|move|p2a: Lola|Wish|p2a: Lola\n|\n|-heal|p1a: Manny 2.0|66\/100|[from] item: Leftovers\n|upkeep\n|turn|18\n|c|\u2606Theomatic|this guy regenerates\n|c|\u2606amongus20202020|that girl regenerates\n|\n|t:|1700746056\n|move|p1a: Manny 2.0|Close Combat|p2a: Lola\n|-damage|p2a: Lola|9\/100\n|-unboost|p1a: Manny 2.0|def|1\n|-unboost|p1a: Manny 2.0|spd|1\n|move|p2a: Lola|Play Rough|p1a: Manny 2.0\n|-supereffective|p1a: Manny 2.0\n|-damage|p1a: Manny 2.0|25\/100\n|\n|-heal|p2a: Lola|59\/100|[from] move: Wish|[wisher] Lola\n|-heal|p1a: Manny 2.0|31\/100|[from] item: Leftovers\n|upkeep\n|turn|19\n|inactive|Theomatic has 120 seconds left.\n|c|\u2606Theomatic|every pokemon is my guy\n|\n|t:|1700746071\n|move|p1a: Manny 2.0|Close Combat|p2a: Lola\n|-crit|p2a: Lola\n|-damage|p2a: Lola|0 fnt\n|-unboost|p1a: Manny 2.0|def|1\n|-unboost|p1a: Manny 2.0|spd|1\n|faint|p2a: Lola\n|\n|-heal|p1a: Manny 2.0|37\/100|[from] item: Leftovers\n|upkeep\n|c|\u2606amongus20202020|luckyy\n|inactive|Theomatic has 90 seconds left.\n|\n|t:|1700746118\n|switch|p2a: Roggenrollin|Diancie, tera:Ground|100\/100\n|turn|20\n|\n|t:|1700746134\n|move|p1a: Manny 2.0|Knock Off|p2a: Roggenrollin\n|-damage|p2a: Roggenrollin|79\/100\n|-enditem|p2a: Roggenrollin|Leftovers|[from] move: Knock Off|[of] p1a: Manny 2.0\n|move|p2a: Roggenrollin|Trick Room|p2a: Roggenrollin\n|-fieldstart|move: Trick Room|[of] p2a: Roggenrollin\n|\n|-heal|p1a: Manny 2.0|43\/100|[from] item: Leftovers\n|upkeep\n|turn|21\n|inactive|Theomatic has 90 seconds left.\n|inactive|amongus20202020 has 120 seconds left.\n|\n|t:|1700746164\n|move|p2a: Roggenrollin|Moonblast|p1a: Manny 2.0\n|-supereffective|p1a: Manny 2.0\n|-damage|p1a: Manny 2.0|0 fnt\n|faint|p1a: Manny 2.0\n|-end|p1a: Manny 2.0|Protosynthesis|[silent]\n|\n|upkeep\n|c|\u2606amongus20202020|he got moonblasted to the moon\n|c|\u2606Theomatic|manny...\n|\n|t:|1700746178\n|switch|p1a: Sir Big Bird|Corviknight, M, shiny|25\/100\n|-ability|p1a: Sir Big Bird|Pressure\n|turn|22\n|c|\u2606amongus20202020|Manny extinct\n|inactive|Theomatic has 90 seconds left.\n|\n|t:|1700746196\n|move|p2a: Roggenrollin|Moonblast|p1a: Sir Big Bird\n|-resisted|p1a: Sir Big Bird\n|-damage|p1a: Sir Big Bird|8\/100\n|move|p1a: Sir Big Bird|Roost|p1a: Sir Big Bird\n|-heal|p1a: Sir Big Bird|57\/100\n|-singleturn|p1a: Sir Big Bird|move: Roost\n|\n|-heal|p1a: Sir Big Bird|64\/100|[from] item: Leftovers\n|upkeep\n|turn|23\n|inactive|Theomatic has 90 seconds left.\n|c|\u2606Theomatic|this motherfucker\n|c|\u2606amongus20202020|weird lookin Roggernroller\n|c|\u2606Theomatic|yeah i just like the name diancie is too tame for this lil beast\n|inactive|Theomatic has 60 seconds left.\n|\n|t:|1700746251\n|move|p2a: Roggenrollin|Moonblast|p1a: Sir Big Bird\n|-resisted|p1a: Sir Big Bird\n|-damage|p1a: Sir Big Bird|46\/100\n|move|p1a: Sir Big Bird|Bulk Up|p1a: Sir Big Bird\n|-boost|p1a: Sir Big Bird|atk|1\n|-boost|p1a: Sir Big Bird|def|1\n|\n|-heal|p1a: Sir Big Bird|52\/100|[from] item: Leftovers\n|upkeep\n|turn|24\n|\n|t:|1700746268\n|switch|p2a: Sbeve|Samurott-Hisui, M|30\/100\n|move|p1a: Sir Big Bird|Bulk Up|p1a: Sir Big Bird\n|-boost|p1a: Sir Big Bird|atk|1\n|-boost|p1a: Sir Big Bird|def|1\n|\n|-heal|p1a: Sir Big Bird|59\/100|[from] item: Leftovers\n|-fieldend|move: Trick Room\n|upkeep\n|turn|25\n|inactive|Theomatic has 60 seconds left.\n|c|\u2606amongus20202020|Rogenrolla is just american geodude\n|c|\u2606Theomatic|so true\n|\n|t:|1700746286\n|move|p2a: Sbeve|Night Slash|p1a: Sir Big Bird\n|-crit|p1a: Sir Big Bird\n|-damage|p1a: Sir Big Bird|8\/100\n|move|p1a: Sir Big Bird|Power Trip|p2a: Sbeve\n|-resisted|p2a: Sbeve\n|-damage|p2a: Sbeve|5\/100\n|\n|-heal|p1a: Sir Big Bird|15\/100|[from] item: Leftovers\n|upkeep\n|turn|26\n|c|\u2606amongus20202020|oo 5%\n|c|\u2606Theomatic|phew\n|\n|t:|1700746301\n|switch|p1a: mojang|Garganacl, M|100\/100\n|move|p2a: Sbeve|Night Slash|p1a: mojang\n|-damage|p1a: mojang|66\/100\n|\n|-heal|p1a: mojang|73\/100|[from] item: Leftovers\n|upkeep\n|turn|27\n|\n|t:|1700746309\n|switch|p2a: Roggenrollin|Diancie, tera:Ground|79\/100\n|move|p1a: mojang|Salt Cure|p2a: Roggenrollin\n|-resisted|p2a: Roggenrollin\n|-damage|p2a: Roggenrollin|73\/100\n|-start|p2a: Roggenrollin|Salt Cure\n|\n|-heal|p1a: mojang|79\/100|[from] item: Leftovers\n|-damage|p2a: Roggenrollin|61\/100|[from] Salt Cure\n|upkeep\n|turn|28\n|\n|t:|1700746318\n|switch|p1a: Sir Big Bird|Corviknight, M, shiny|15\/100\n|-ability|p1a: Sir Big Bird|Pressure\n|move|p2a: Roggenrollin|Moonblast|p1a: Sir Big Bird\n|-resisted|p1a: Sir Big Bird\n|-damage|p1a: Sir Big Bird|0 fnt\n|faint|p1a: Sir Big Bird\n|\n|-damage|p2a: Roggenrollin|48\/100|[from] Salt Cure\n|upkeep\n|c|\u2606Theomatic|nice\n|c|\u2606amongus20202020|the bird has served it's purpose\n|c|\u2606Theomatic|yeah by doming half my team\n|\n|t:|1700746344\n|switch|p1a: mojang|Garganacl, M|79\/100\n|turn|29\n|\n|t:|1700746347\n|move|p2a: Roggenrollin|Earth Power|p1a: mojang\n|-supereffective|p1a: mojang\n|-damage|p1a: mojang|21\/100\n|move|p1a: mojang|Iron Defense|p1a: mojang\n|-boost|p1a: mojang|def|2\n|\n|-heal|p1a: mojang|27\/100|[from] item: Leftovers\n|-damage|p2a: Roggenrollin|36\/100|[from] Salt Cure\n|upkeep\n|turn|30\n|\n|t:|1700746360\n|move|p2a: Roggenrollin|Earth Power|p1a: mojang\n|-supereffective|p1a: mojang\n|-damage|p1a: mojang|0 fnt\n|faint|p1a: mojang\n|\n|-damage|p2a: Roggenrollin|23\/100|[from] Salt Cure\n|upkeep\n|c|\u2606amongus20202020|rip\n|\n|t:|1700746380\n|switch|p1a: Netflix|Kingambit, F, shiny|100\/100\n|-activate|p1a: Netflix|ability: Supreme Overlord\n|-start|p1a: Netflix|fallen4|[silent]\n|turn|31\n|\n|t:|1700746384\n|move|p1a: Netflix|Sucker Punch|p2a: Roggenrollin\n|-damage|p2a: Roggenrollin|0 fnt\n|faint|p2a: Roggenrollin\n|\n|upkeep\n|\n|t:|1700746389\n|switch|p2a: Kingambit Krusher|Toedscruel, F|100\/100\n|turn|32\n|c|\u2606amongus20202020|finally\n|c|\u2606Theomatic|its time\n|c|\u2606amongus20202020|OH NO\n|\n|t:|1700746411\n|move|p2a: Kingambit Krusher|Earth Power|p1a: Netflix\n|-supereffective|p1a: Netflix\n|-damage|p1a: Netflix|8\/100\n|move|p1a: Netflix|Kowtow Cleave|p2a: Kingambit Krusher\n|-damage|p2a: Kingambit Krusher|0 fnt\n|faint|p2a: Kingambit Krusher\n|\n|upkeep\n|c|\u2606Theomatic|SO CLOSE to the krush\n|c|\u2606amongus20202020|get crushed\n|c|\u2606Theomatic|gg\n|\n|t:|1700746422\n|switch|p2a: Sbeve|Samurott-Hisui, M|5\/100\n|turn|33\n|c|\u2606amongus20202020|252 HP EVs BABY\n|c|\u2606amongus20202020|gg\n|\n|t:|1700746443\n|move|p1a: Netflix|Sucker Punch|p2a: Sbeve\n|-resisted|p2a: Sbeve\n|-damage|p2a: Sbeve|0 fnt\n|faint|p2a: Sbeve\n|\n|win|amongus20202020\n|raw|amongus20202020's rating: 1152 &rarr; <strong>1174<\/strong><br \/>(+22 for winning)\n|raw|Theomatic's rating: 1113 &rarr; <strong>1091<\/strong><br \/>(-22 for losing)\n","uploadtime":1700746210,"views":1,"p1id":"amongus20202020","p2id":"theomatic","formatid":"gen9ou","rating":1091,"private":0,"password":""}