{"id":"gen9ou-1992670755","p1":"QuartzStoned","p2":"Pikesito","format":"[Gen 9] OU","log":"|j|\u2606QuartzStoned\n|j|\u2606Pikesito\n|inactive|Battle timer is ON: inactive players will automatically lose when time's up.\n|t:|1700223220\n|gametype|singles\n|player|p1|QuartzStoned|sabrina-gen1rb|\n|player|p2|Pikesito|penny|\n|teamsize|p1|4\n|teamsize|p2|4\n|gen|9\n|tier|[Gen 9] OU\n|rated|Tournament battle\n|rule|Sleep Clause Mod: Limit one foe put to sleep\n|rule|Species Clause: Limit one of each Pok\u00e9mon\n|rule|OHKO Clause: OHKO moves are banned\n|rule|Evasion Items Clause: Evasion items are banned\n|rule|Evasion Moves Clause: Evasion moves are banned\n|rule|Endless Battle Clause: Forcing endless battles is banned\n|rule|HP Percentage Mod: HP is shown in percentages\n|clearpoke\n|poke|p1|Toxapex, M|\n|poke|p1|Toxtricity, F|\n|poke|p1|Skeledirge, F|\n|poke|p1|Snorlax, F|\n|poke|p2|Dachsbun, M|\n|poke|p2|Clodsire, F|\n|poke|p2|Abomasnow, M|\n|poke|p2|Froslass, F|\n|teampreview\n|j|*Lady Monita \u2746\n|inactive|QuartzStoned also wants the timer to be on.\n|inactive|Pikesito also wants the timer to be on.\n|c|\u2606QuartzStoned|gl!!\n|\n|t:|1700223244\n|start\n|switch|p1a: Toxtricity|Toxtricity, F|100\/100\n|switch|p2a: Froslass|Froslass, F|100\/100\n|turn|1\n|\n|t:|1700223253\n|move|p2a: Froslass|Taunt|p1a: Toxtricity\n|-start|p1a: Toxtricity|move: Taunt\n|cant|p1a: Toxtricity|move: Taunt|Shift Gear\n|\n|upkeep\n|turn|2\n|\n|t:|1700223264\n|switch|p1a: Toxapex|Toxapex, M|100\/100\n|move|p2a: Froslass|Spikes|p1a: Toxapex\n|-sidestart|p1: QuartzStoned|Spikes\n|\n|upkeep\n|turn|3\n|\n|t:|1700223272\n|move|p2a: Froslass|Taunt|p1a: Toxapex\n|-start|p1a: Toxapex|move: Taunt\n|cant|p1a: Toxapex|move: Taunt|Toxic\n|\n|upkeep\n|turn|4\n|\n|t:|1700223281\n|switch|p1a: Skeledirge|Skeledirge, F|100\/100\n|move|p2a: Froslass|Will-O-Wisp|p1a: Skeledirge\n|-immune|p1a: Skeledirge\n|\n|upkeep\n|turn|5\n|\n|t:|1700223285\n|switch|p2a: Dachsbun|Dachsbun, M|100\/100\n|move|p1a: Skeledirge|Shadow Ball|p2a: Dachsbun\n|-damage|p2a: Dachsbun|63\/100\n|-unboost|p2a: Dachsbun|spd|1\n|\n|-heal|p2a: Dachsbun|69\/100|[from] item: Leftovers\n|upkeep\n|turn|6\n|\n|t:|1700223300\n|switch|p2a: Clodsire|Clodsire, F|100\/100\n|-terastallize|p1a: Skeledirge|Fairy\n|move|p1a: Skeledirge|Substitute|p1a: Skeledirge\n|-start|p1a: Skeledirge|Substitute\n|-damage|p1a: Skeledirge|75\/100\n|\n|upkeep\n|turn|7\n|\n|t:|1700223307\n|move|p1a: Skeledirge|Torch Song|p2a: Clodsire\n|-damage|p2a: Clodsire|84\/100\n|-boost|p1a: Skeledirge|spa|1\n|move|p2a: Clodsire|Curse|p2a: Clodsire\n|-unboost|p2a: Clodsire|spe|1\n|-boost|p2a: Clodsire|atk|1\n|-boost|p2a: Clodsire|def|1\n|\n|-heal|p2a: Clodsire|90\/100|[from] item: Leftovers\n|upkeep\n|turn|8\n|\n|t:|1700223315\n|move|p1a: Skeledirge|Torch Song|p2a: Clodsire\n|-damage|p2a: Clodsire|74\/100\n|-boost|p1a: Skeledirge|spa|1\n|move|p2a: Clodsire|Curse|p2a: Clodsire\n|-unboost|p2a: Clodsire|spe|1\n|-boost|p2a: Clodsire|atk|1\n|-boost|p2a: Clodsire|def|1\n|\n|-heal|p2a: Clodsire|80\/100|[from] item: Leftovers\n|upkeep\n|turn|9\n|\n|t:|1700223320\n|move|p1a: Skeledirge|Torch Song|p2a: Clodsire\n|-damage|p2a: Clodsire|65\/100\n|-boost|p1a: Skeledirge|spa|1\n|move|p2a: Clodsire|Curse|p2a: Clodsire\n|-unboost|p2a: Clodsire|spe|1\n|-boost|p2a: Clodsire|atk|1\n|-boost|p2a: Clodsire|def|1\n|\n|-heal|p2a: Clodsire|71\/100|[from] item: Leftovers\n|upkeep\n|turn|10\n|j| mcltzml\n|\n|t:|1700223326\n|move|p1a: Skeledirge|Torch Song|p2a: Clodsire\n|-damage|p2a: Clodsire|57\/100\n|-boost|p1a: Skeledirge|spa|1\n|move|p2a: Clodsire|Curse|p2a: Clodsire\n|-unboost|p2a: Clodsire|spe|1\n|-boost|p2a: Clodsire|atk|1\n|-boost|p2a: Clodsire|def|1\n|\n|-heal|p2a: Clodsire|63\/100|[from] item: Leftovers\n|upkeep\n|turn|11\n|\n|t:|1700223332\n|move|p1a: Skeledirge|Torch Song|p2a: Clodsire\n|-damage|p2a: Clodsire|46\/100\n|-boost|p1a: Skeledirge|spa|1\n|move|p2a: Clodsire|Recover|p2a: Clodsire\n|-heal|p2a: Clodsire|96\/100\n|\n|-heal|p2a: Clodsire|100\/100|[from] item: Leftovers\n|upkeep\n|turn|12\n|\n|t:|1700223339\n|move|p1a: Skeledirge|Torch Song|p2a: Clodsire\n|-damage|p2a: Clodsire|85\/100\n|-boost|p1a: Skeledirge|spa|1\n|move|p2a: Clodsire|Curse|p2a: Clodsire\n|-unboost|p2a: Clodsire|spe|1\n|-boost|p2a: Clodsire|atk|1\n|-boost|p2a: Clodsire|def|1\n|\n|-heal|p2a: Clodsire|91\/100|[from] item: Leftovers\n|upkeep\n|turn|13\n|\n|t:|1700223345\n|move|p1a: Skeledirge|Shadow Ball|p2a: Clodsire\n|-damage|p2a: Clodsire|75\/100\n|-unboost|p2a: Clodsire|spd|1\n|move|p2a: Clodsire|Curse|p2a: Clodsire\n|-unboost|p2a: Clodsire|spe|1\n|-boost|p2a: Clodsire|atk|1\n|-boost|p2a: Clodsire|def|1\n|\n|-heal|p2a: Clodsire|81\/100|[from] item: Leftovers\n|upkeep\n|turn|14\n|\n|t:|1700223358\n|move|p1a: Skeledirge|Shadow Ball|p2a: Clodsire\n|-damage|p2a: Clodsire|65\/100\n|-unboost|p2a: Clodsire|spd|1\n|move|p2a: Clodsire|Earthquake|p1a: Skeledirge\n|-activate|p1a: Skeledirge|move: Substitute|[damage]\n|\n|-heal|p2a: Clodsire|71\/100|[from] item: Leftovers\n|upkeep\n|turn|15\n|c|\u2606QuartzStoned|i totally forgot about unaware lmao\n|\n|t:|1700223373\n|move|p1a: Skeledirge|Shadow Ball|p2a: Clodsire\n|-damage|p2a: Clodsire|56\/100\n|-unboost|p2a: Clodsire|spd|1\n|move|p2a: Clodsire|Recover|p2a: Clodsire\n|-heal|p2a: Clodsire|100\/100\n|\n|upkeep\n|turn|16\n|\n|t:|1700223382\n|move|p1a: Skeledirge|Shadow Ball|p2a: Clodsire\n|-damage|p2a: Clodsire|84\/100\n|move|p2a: Clodsire|Earthquake|p1a: Skeledirge\n|-end|p1a: Skeledirge|Substitute\n|\n|-heal|p2a: Clodsire|91\/100|[from] item: Leftovers\n|upkeep\n|turn|17\n|\n|t:|1700223390\n|move|p1a: Skeledirge|Substitute|p1a: Skeledirge\n|-start|p1a: Skeledirge|Substitute\n|-damage|p1a: Skeledirge|50\/100\n|move|p2a: Clodsire|Earthquake|p1a: Skeledirge\n|-activate|p1a: Skeledirge|move: Substitute|[damage]\n|\n|-heal|p2a: Clodsire|97\/100|[from] item: Leftovers\n|upkeep\n|turn|18\n|\n|t:|1700223394\n|move|p1a: Skeledirge|Slack Off|p1a: Skeledirge\n|-heal|p1a: Skeledirge|100\/100\n|move|p2a: Clodsire|Earthquake|p1a: Skeledirge\n|-end|p1a: Skeledirge|Substitute\n|\n|-heal|p2a: Clodsire|100\/100|[from] item: Leftovers\n|upkeep\n|turn|19\n|\n|t:|1700223408\n|switch|p1a: Snorlax|Snorlax, F|100\/100\n|-damage|p1a: Snorlax|88\/100|[from] Spikes\n|move|p2a: Clodsire|Body Press|p1a: Snorlax\n|-supereffective|p1a: Snorlax\n|-damage|p1a: Snorlax|0 fnt\n|faint|p1a: Snorlax\n|\n|upkeep\n|\n|t:|1700223419\n|switch|p1a: Toxapex|Toxapex, M|100\/100\n|-damage|p1a: Toxapex|88\/100|[from] Spikes\n|turn|20\n|\n|t:|1700223422\n|move|p1a: Toxapex|Surf|p2a: Clodsire\n|-supereffective|p2a: Clodsire\n|-damage|p2a: Clodsire|47\/100\n|move|p2a: Clodsire|Earthquake|p1a: Toxapex\n|-supereffective|p1a: Toxapex\n|-damage|p1a: Toxapex|0 fnt\n|faint|p1a: Toxapex\n|\n|-heal|p2a: Clodsire|53\/100|[from] item: Leftovers\n|upkeep\n|\n|t:|1700223427\n|switch|p1a: Toxtricity|Toxtricity, F|100\/100\n|-damage|p1a: Toxtricity|88\/100|[from] Spikes\n|turn|21\n|\n|t:|1700223431\n|move|p1a: Toxtricity|Boomburst|p2a: Clodsire\n|-damage|p2a: Clodsire|0 fnt\n|faint|p2a: Clodsire\n|-enditem|p1a: Toxtricity|Throat Spray\n|-boost|p1a: Toxtricity|spa|1|[from] item: Throat Spray\n|\n|upkeep\n|\n|t:|1700223437\n|switch|p2a: Froslass|Froslass, F|100\/100\n|turn|22\n|\n|t:|1700223448\n|move|p2a: Froslass|Taunt|p1a: Toxtricity\n|-start|p1a: Toxtricity|move: Taunt\n|move|p1a: Toxtricity|Overdrive|p2a: Froslass\n|-enditem|p2a: Froslass|Focus Sash\n|-damage|p2a: Froslass|1\/100\n|\n|upkeep\n|turn|23\n|\n|t:|1700223455\n|move|p2a: Froslass|Ice Beam|p1a: Toxtricity\n|-damage|p1a: Toxtricity|32\/100\n|move|p1a: Toxtricity|Overdrive|p2a: Froslass\n|-damage|p2a: Froslass|0 fnt\n|-start|p1a: Toxtricity|Disable|Overdrive|[from] ability: Cursed Body|[of] p2a: Froslass\n|faint|p2a: Froslass\n|\n|upkeep\n|\n|t:|1700223467\n|switch|p2a: Abomasnow|Abomasnow, M|100\/100\n|-weather|Snow|[from] ability: Snow Warning|[of] p2a: Abomasnow\n|turn|24\n|\n|t:|1700223477\n|move|p1a: Toxtricity|Sludge Bomb|p2a: Abomasnow\n|-supereffective|p2a: Abomasnow\n|-crit|p2a: Abomasnow\n|-damage|p2a: Abomasnow|0 fnt\n|faint|p2a: Abomasnow\n|\n|-weather|Snow|[upkeep]\n|-end|p1a: Toxtricity|move: Taunt\n|upkeep\n|\n|t:|1700223481\n|switch|p2a: Dachsbun|Dachsbun, M|69\/100\n|turn|25\n|j| Moonorj\n|l| Moonorj\n|\n|t:|1700223494\n|-terastallize|p2a: Dachsbun|Steel\n|move|p1a: Toxtricity|Boomburst|p2a: Dachsbun\n|-resisted|p2a: Dachsbun\n|-damage|p2a: Dachsbun|4\/100\n|move|p2a: Dachsbun|Body Press|p1a: Toxtricity\n|-resisted|p1a: Toxtricity\n|-damage|p1a: Toxtricity|10\/100\n|\n|-weather|Snow|[upkeep]\n|-heal|p2a: Dachsbun|10\/100|[from] item: Leftovers\n|upkeep\n|turn|26\n|\n|t:|1700223500\n|move|p1a: Toxtricity|Boomburst|p2a: Dachsbun\n|-resisted|p2a: Dachsbun\n|-damage|p2a: Dachsbun|0 fnt\n|faint|p2a: Dachsbun\n|\n|win|QuartzStoned\n|n|\u2606QuartzStoned|quartzstoned\n|n|\u2606Pikesito|pikesito\n|n|*Lady Monita \u2746|ladymonita\n|n| mcltzml|mcltzml\n","uploadtime":1700223501,"views":8,"p1id":"quartzstoned","p2id":"pikesito","formatid":"gen9ou","rating":0,"private":0,"password":""}