{"id":"gen9ou-1988975340","p1":"RedSkyAtNight","p2":"astoriks1","format":"[Gen 9] OU","log":"|j|\u2606RedSkyAtNight\n|j|\u2606astoriks1\n|t:|1699797099\n|gametype|singles\n|player|p1|RedSkyAtNight|101|1320\n|player|p2|astoriks1|2|1303\n|teamsize|p1|6\n|teamsize|p2|6\n|gen|9\n|tier|[Gen 9] OU\n|rated|\n|rule|Sleep Clause Mod: Limit one foe put to sleep\n|rule|Species Clause: Limit one of each Pok\u00e9mon\n|rule|OHKO Clause: OHKO moves are banned\n|rule|Evasion Items Clause: Evasion items are banned\n|rule|Evasion Moves Clause: Evasion moves are banned\n|rule|Endless Battle Clause: Forcing endless battles is banned\n|rule|HP Percentage Mod: HP is shown in percentages\n|clearpoke\n|poke|p1|Ninetales-Alola, M|\n|poke|p1|Ceruledge, F|\n|poke|p1|Garchomp, F|\n|poke|p1|Sneasler, F|\n|poke|p1|Ogerpon-Cornerstone, F|\n|poke|p1|Enamorus, F|\n|poke|p2|Toxapex, F|\n|poke|p2|Manaphy|\n|poke|p2|Garganacl, F|\n|poke|p2|Skeledirge, M|\n|poke|p2|Zoroark-Hisui, F|\n|poke|p2|Ursaluna, F|\n|teampreview\n|\n|t:|1699797119\n|start\n|switch|p1a: Ninetales|Ninetales-Alola, M|100\/100\n|switch|p2a: Toxapex|Toxapex, F|100\/100\n|-weather|Snow|[from] ability: Snow Warning|[of] p1a: Ninetales\n|turn|1\n|\n|t:|1699797130\n|move|p2a: Toxapex|Sludge Bomb|p1a: Ninetales\n|-supereffective|p1a: Ninetales\n|-damage|p1a: Ninetales|21\/100\n|-damage|p2a: Toxapex|91\/100|[from] item: Life Orb\n|move|p1a: Ninetales|Aurora Veil|p1a: Ninetales\n|-sidestart|p1: RedSkyAtNight|move: Aurora Veil\n|\n|-weather|Snow|[upkeep]\n|upkeep\n|turn|2\n|\n|t:|1699797143\n|move|p2a: Toxapex|Sludge Bomb|p1a: Ninetales\n|-supereffective|p1a: Ninetales\n|-damage|p1a: Ninetales|0 fnt\n|faint|p1a: Ninetales\n|-damage|p2a: Toxapex|81\/100|[from] item: Life Orb\n|\n|-weather|Snow|[upkeep]\n|upkeep\n|\n|t:|1699797159\n|switch|p1a: Garchomp|Garchomp, F|100\/100\n|turn|3\n|\n|t:|1699797165\n|move|p2a: Toxapex|Shadow Ball|p1a: Garchomp\n|-damage|p1a: Garchomp|72\/100\n|-damage|p2a: Toxapex|71\/100|[from] item: Life Orb\n|move|p1a: Garchomp|Swords Dance|p1a: Garchomp\n|-boost|p1a: Garchomp|atk|2\n|\n|-weather|Snow|[upkeep]\n|upkeep\n|turn|4\n|\n|t:|1699797177\n|move|p2a: Toxapex|Shadow Ball|p1a: Garchomp\n|-damage|p1a: Garchomp|42\/100\n|-damage|p2a: Toxapex|61\/100|[from] item: Life Orb\n|move|p1a: Garchomp|Scale Shot|p2a: Toxapex\n|-damage|p2a: Toxapex|4\/100\n|replace|p2a: Zoroark|Zoroark-Hisui, F\n|-end|p2a: Zoroark|Illusion\n|-damage|p2a: Zoroark|0 fnt\n|faint|p2a: Zoroark\n|-hitcount|p2: Zoroark|2\n|-unboost|p1a: Garchomp|def|1\n|-boost|p1a: Garchomp|spe|1\n|\n|-weather|Snow|[upkeep]\n|upkeep\n|\n|t:|1699797210\n|switch|p2a: Toxapex|Toxapex, F|100\/100\n|turn|5\n|\n|t:|1699797216\n|-terastallize|p2a: Toxapex|Flying\n|move|p1a: Garchomp|Earthquake|p2a: Toxapex\n|-immune|p2a: Toxapex\n|move|p2a: Toxapex|Toxic|p1a: Garchomp\n|-status|p1a: Garchomp|tox\n|\n|-weather|none\n|-damage|p1a: Garchomp|36\/100 tox|[from] psn\n|upkeep\n|turn|6\n|\n|t:|1699797228\n|move|p2a: Toxapex|Baneful Bunker|p2a: Toxapex\n|-singleturn|p2a: Toxapex|move: Protect\n|move|p1a: Garchomp|Scale Shot|p2a: Toxapex\n|-activate|p2a: Toxapex|move: Protect\n|\n|-damage|p1a: Garchomp|23\/100 tox|[from] psn\n|upkeep\n|turn|7\n|\n|t:|1699797237\n|move|p1a: Garchomp|Scale Shot|p2a: Toxapex\n|-damage|p2a: Toxapex|84\/100\n|-damage|p2a: Toxapex|67\/100\n|-damage|p2a: Toxapex|51\/100\n|-damage|p2a: Toxapex|36\/100\n|-damage|p2a: Toxapex|19\/100\n|-hitcount|p2a: Toxapex|5\n|-unboost|p1a: Garchomp|def|1\n|-boost|p1a: Garchomp|spe|1\n|move|p2a: Toxapex|Recover|p2a: Toxapex\n|-heal|p2a: Toxapex|69\/100\n|\n|-heal|p2a: Toxapex|75\/100|[from] item: Leftovers\n|-damage|p1a: Garchomp|5\/100 tox|[from] psn\n|upkeep\n|turn|8\n|\n|t:|1699797256\n|switch|p1a: Ogerpon|Ogerpon-Cornerstone, F|100\/100\n|move|p2a: Toxapex|Baneful Bunker||[still]\n|-fail|p2a: Toxapex\n|\n|-heal|p2a: Toxapex|81\/100|[from] item: Leftovers\n|-sideend|p1: RedSkyAtNight|move: Aurora Veil\n|upkeep\n|turn|9\n|\n|t:|1699797267\n|move|p1a: Ogerpon|Ivy Cudgel|p2a: Toxapex\n|-supereffective|p2a: Toxapex\n|-damage|p2a: Toxapex|15\/100\n|move|p2a: Toxapex|Toxic|p1a: Ogerpon\n|-status|p1a: Ogerpon|tox\n|\n|-heal|p2a: Toxapex|22\/100|[from] item: Leftovers\n|-damage|p1a: Ogerpon|95\/100 tox|[from] psn\n|upkeep\n|turn|10\n|\n|t:|1699797277\n|move|p2a: Toxapex|Baneful Bunker|p2a: Toxapex\n|-singleturn|p2a: Toxapex|move: Protect\n|move|p1a: Ogerpon|Power Whip|p2a: Toxapex\n|-activate|p2a: Toxapex|move: Protect\n|\n|-heal|p2a: Toxapex|28\/100|[from] item: Leftovers\n|-damage|p1a: Ogerpon|83\/100 tox|[from] psn\n|upkeep\n|turn|11\n|\n|t:|1699797287\n|move|p1a: Ogerpon|Ivy Cudgel|p2a: Toxapex\n|-supereffective|p2a: Toxapex\n|-damage|p2a: Toxapex|0 fnt\n|faint|p2a: Toxapex\n|\n|-damage|p1a: Ogerpon|65\/100 tox|[from] psn\n|upkeep\n|\n|t:|1699797312\n|switch|p2a: Skeledirge|Skeledirge, M|100\/100\n|turn|12\n|\n|t:|1699797324\n|move|p1a: Ogerpon|Ivy Cudgel|p2a: Skeledirge\n|-supereffective|p2a: Skeledirge\n|-damage|p2a: Skeledirge|0 fnt\n|faint|p2a: Skeledirge\n|\n|-damage|p1a: Ogerpon|41\/100 tox|[from] psn\n|upkeep\n|\n|t:|1699797333\n|switch|p2a: Ursaluna|Ursaluna, F|100\/100\n|turn|13\n|\n|t:|1699797341\n|move|p1a: Ogerpon|Power Whip|p2a: Ursaluna|[miss]\n|-miss|p1a: Ogerpon|p2a: Ursaluna\n|move|p2a: Ursaluna|Trailblaze|p1a: Ogerpon\n|-damage|p1a: Ogerpon|14\/100 tox\n|-boost|p2a: Ursaluna|spe|1\n|\n|-damage|p1a: Ogerpon|0 fnt|[from] psn\n|faint|p1a: Ogerpon\n|-status|p2a: Ursaluna|brn|[from] item: Flame Orb\n|upkeep\n|\n|t:|1699797348\n|switch|p1a: Sneasler|Sneasler, F|100\/100\n|turn|14\n|\n|t:|1699797356\n|move|p1a: Sneasler|Close Combat|p2a: Ursaluna\n|-supereffective|p2a: Ursaluna\n|-damage|p2a: Ursaluna|11\/100 brn\n|-unboost|p1a: Sneasler|def|1\n|-unboost|p1a: Sneasler|spd|1\n|move|p2a: Ursaluna|Earthquake|p1a: Sneasler\n|-supereffective|p1a: Sneasler\n|-damage|p1a: Sneasler|0 fnt\n|faint|p1a: Sneasler\n|\n|-damage|p2a: Ursaluna|5\/100 brn|[from] brn\n|upkeep\n|\n|t:|1699797367\n|switch|p1a: Enamorus|Enamorus, F, shiny|100\/100\n|turn|15\n|\n|t:|1699797372\n|move|p1a: Enamorus|Moonblast|p2a: Ursaluna\n|-damage|p2a: Ursaluna|0 fnt\n|faint|p2a: Ursaluna\n|\n|upkeep\n|\n|t:|1699797378\n|switch|p2a: Garganacl|Garganacl, F|100\/100\n|turn|16\n|\n|t:|1699797383\n|switch|p1a: Garchomp|Garchomp, F|5\/100 tox\n|move|p2a: Garganacl|Salt Cure|p1a: Garchomp\n|-resisted|p1a: Garchomp\n|-damage|p1a: Garchomp|0 fnt\n|faint|p1a: Garchomp\n|\n|upkeep\n|\n|t:|1699797391\n|switch|p1a: Ceruledge|Ceruledge, F|100\/100\n|turn|17\n|\n|t:|1699797396\n|move|p1a: Ceruledge|Swords Dance|p1a: Ceruledge\n|-boost|p1a: Ceruledge|atk|2\n|move|p2a: Garganacl|Salt Cure|p1a: Ceruledge\n|-supereffective|p1a: Ceruledge\n|-damage|p1a: Ceruledge|61\/100\n|-start|p1a: Ceruledge|Salt Cure\n|-ability|p1a: Ceruledge|Weak Armor|boost\n|-unboost|p1a: Ceruledge|def|1\n|-boost|p1a: Ceruledge|spe|2\n|-enditem|p1a: Ceruledge|Weakness Policy\n|-boost|p1a: Ceruledge|atk|2|[from] item: Weakness Policy\n|-boost|p1a: Ceruledge|spa|2|[from] item: Weakness Policy\n|\n|-damage|p1a: Ceruledge|48\/100|[from] Salt Cure\n|upkeep\n|turn|18\n|\n|t:|1699797416\n|move|p1a: Ceruledge|Bitter Blade|p2a: Garganacl\n|-resisted|p2a: Garganacl\n|-damage|p2a: Garganacl|56\/100\n|-heal|p1a: Ceruledge|79\/100|[from] drain|[of] p2a: Garganacl\n|move|p2a: Garganacl|Recover|p2a: Garganacl\n|-heal|p2a: Garganacl|100\/100\n|\n|-damage|p1a: Ceruledge|67\/100|[from] Salt Cure\n|upkeep\n|turn|19\n|\n|t:|1699797427\n|move|p2a: Garganacl|Protect|p2a: Garganacl\n|-singleturn|p2a: Garganacl|Protect\n|move|p1a: Ceruledge|Poltergeist|p2a: Garganacl\n|-activate|p2a: Garganacl|move: Protect\n|\n|-damage|p1a: Ceruledge|54\/100|[from] Salt Cure\n|upkeep\n|turn|20\n|\n|t:|1699797437\n|move|p1a: Ceruledge|Poltergeist|p2a: Garganacl\n|-activate|p2a: Garganacl|move: Poltergeist|Heavy-Duty Boots\n|-damage|p2a: Garganacl|41\/100\n|move|p2a: Garganacl|Iron Defense|p2a: Garganacl\n|-boost|p2a: Garganacl|def|2\n|\n|-damage|p1a: Ceruledge|42\/100|[from] Salt Cure\n|upkeep\n|turn|21\n|\n|t:|1699797449\n|move|p2a: Garganacl|Protect|p2a: Garganacl\n|-singleturn|p2a: Garganacl|Protect\n|move|p1a: Ceruledge|Poltergeist|p2a: Garganacl\n|-activate|p2a: Garganacl|move: Protect\n|\n|-damage|p1a: Ceruledge|30\/100|[from] Salt Cure\n|upkeep\n|turn|22\n|\n|t:|1699797459\n|move|p1a: Ceruledge|Poltergeist|p2a: Garganacl\n|-activate|p2a: Garganacl|move: Poltergeist|Heavy-Duty Boots\n|-damage|p2a: Garganacl|12\/100\n|move|p2a: Garganacl|Recover|p2a: Garganacl\n|-heal|p2a: Garganacl|62\/100\n|\n|-damage|p1a: Ceruledge|17\/100|[from] Salt Cure\n|upkeep\n|turn|23\n|\n|t:|1699797468\n|move|p1a: Ceruledge|Swords Dance|p1a: Ceruledge\n|-boost|p1a: Ceruledge|atk|2\n|move|p2a: Garganacl|Recover|p2a: Garganacl\n|-heal|p2a: Garganacl|100\/100\n|\n|-damage|p1a: Ceruledge|5\/100|[from] Salt Cure\n|upkeep\n|turn|24\n|\n|t:|1699797477\n|move|p1a: Ceruledge|Poltergeist|p2a: Garganacl\n|-activate|p2a: Garganacl|move: Poltergeist|Heavy-Duty Boots\n|-damage|p2a: Garganacl|62\/100\n|move|p2a: Garganacl|Salt Cure|p1a: Ceruledge\n|-supereffective|p1a: Ceruledge\n|-damage|p1a: Ceruledge|0 fnt\n|faint|p1a: Ceruledge\n|\n|upkeep\n|\n|t:|1699797480\n|switch|p1a: Enamorus|Enamorus, F, shiny|100\/100\n|turn|25\n|\n|t:|1699797490\n|-terastallize|p1a: Enamorus|Fairy\n|move|p1a: Enamorus|Moonblast|p2a: Garganacl\n|-damage|p2a: Garganacl|16\/100\n|move|p2a: Garganacl|Salt Cure|p1a: Enamorus\n|-damage|p1a: Enamorus|78\/100\n|-start|p1a: Enamorus|Salt Cure\n|\n|-damage|p1a: Enamorus|66\/100|[from] Salt Cure\n|upkeep\n|turn|26\n|\n|t:|1699797501\n|move|p2a: Garganacl|Protect|p2a: Garganacl\n|-singleturn|p2a: Garganacl|Protect\n|move|p1a: Enamorus|Moonblast|p2a: Garganacl\n|-activate|p2a: Garganacl|move: Protect\n|\n|-damage|p1a: Enamorus|53\/100|[from] Salt Cure\n|upkeep\n|turn|27\n|inactive|Battle timer is ON: inactive players will automatically lose when time's up. (requested by RedSkyAtNight)\n|\n|t:|1699797511\n|move|p2a: Garganacl|Protect|p2a: Garganacl\n|-singleturn|p2a: Garganacl|Protect\n|move|p1a: Enamorus|Moonblast|p2a: Garganacl\n|-activate|p2a: Garganacl|move: Protect\n|\n|-damage|p1a: Enamorus|41\/100|[from] Salt Cure\n|upkeep\n|turn|28\n|\n|t:|1699797521\n|move|p1a: Enamorus|Moonblast|p2a: Garganacl\n|-damage|p2a: Garganacl|0 fnt\n|faint|p2a: Garganacl\n|\n|-damage|p1a: Enamorus|29\/100|[from] Salt Cure\n|upkeep\n|\n|t:|1699797528\n|switch|p2a: Manaphy|Manaphy|100\/100\n|turn|29\n|\n|t:|1699797534\n|move|p1a: Enamorus|Moonblast|p2a: Manaphy\n|-crit|p2a: Manaphy\n|-damage|p2a: Manaphy|17\/100\n|-unboost|p2a: Manaphy|spa|1\n|move|p2a: Manaphy|Scald|p1a: Enamorus\n|-damage|p1a: Enamorus|0 fnt\n|faint|p1a: Enamorus\n|\n|win|astoriks1\n|raw|RedSkyAtNight's rating: 1320 &rarr; <strong>1299<\/strong><br \/>(-21 for losing)\n|raw|astoriks1's rating: 1303 &rarr; <strong>1324<\/strong><br \/>(+21 for winning)\n|l|\u2606RedSkyAtNight\n","uploadtime":1699797546,"views":8,"p1id":"redskyatnight","p2id":"astoriks1","formatid":"gen9ou","rating":1299,"private":0,"password":""}