{"id":"gen9ou-1988607052","p1":"Nickthenickthenick","p2":"bruc3wi11is","format":"[Gen 9] OU","log":"|j|\u2606Nickthenickthenick\n|j|\u2606bruc3wi11is\n|t:|1699741315\n|gametype|singles\n|player|p1|Nickthenickthenick|101|1168\n|player|p2|bruc3wi11is|265|1148\n|teamsize|p1|6\n|teamsize|p2|6\n|gen|9\n|tier|[Gen 9] OU\n|rated|\n|rule|Sleep Clause Mod: Limit one foe put to sleep\n|rule|Species Clause: Limit one of each Pok\u00e9mon\n|rule|OHKO Clause: OHKO moves are banned\n|rule|Evasion Items Clause: Evasion items are banned\n|rule|Evasion Moves Clause: Evasion moves are banned\n|rule|Endless Battle Clause: Forcing endless battles is banned\n|rule|HP Percentage Mod: HP is shown in percentages\n|clearpoke\n|poke|p1|Hatterene, F|\n|poke|p1|Ting-Lu|\n|poke|p1|Dragapult, F|\n|poke|p1|Corviknight, M|\n|poke|p1|Ogerpon-Wellspring, F|\n|poke|p1|Toxapex, M|\n|poke|p2|Zapdos|\n|poke|p2|Great Tusk|\n|poke|p2|Lokix, F|\n|poke|p2|Kingambit, F|\n|poke|p2|Dragapult, F|\n|poke|p2|Munkidori, M|\n|teampreview\n|inactive|Battle timer is ON: inactive players will automatically lose when time's up. (requested by bruc3wi11is)\n|\n|t:|1699741332\n|start\n|switch|p1a: Hatterene|Hatterene, F|100\/100\n|switch|p2a: Great Tusk|Great Tusk|100\/100\n|turn|1\n|\n|t:|1699741340\n|move|p2a: Great Tusk|Knock Off|p1a: Hatterene\n|-damage|p1a: Hatterene|73\/100\n|-enditem|p1a: Hatterene|Leftovers|[from] move: Knock Off|[of] p2a: Great Tusk\n|move|p1a: Hatterene|Draining Kiss|p2a: Great Tusk\n|-supereffective|p2a: Great Tusk\n|-damage|p2a: Great Tusk|30\/100\n|-heal|p1a: Hatterene|100\/100|[from] drain|[of] p2a: Great Tusk\n|\n|-heal|p2a: Great Tusk|37\/100|[from] item: Leftovers\n|upkeep\n|turn|2\n|\n|t:|1699741348\n|-end|p2a: Great Tusk|Protosynthesis|[silent]\n|switch|p2a: Munkidori|Munkidori, M|100\/100\n|move|p1a: Hatterene|Draining Kiss|p2a: Munkidori\n|-resisted|p2a: Munkidori\n|-damage|p2a: Munkidori|86\/100\n|\n|upkeep\n|turn|3\n|\n|t:|1699741354\n|move|p2a: Munkidori|U-turn|p1a: Hatterene\n|-damage|p1a: Hatterene|91\/100\n|\n|t:|1699741361\n|switch|p2a: Lokix|Lokix, F|100\/100|[from] U-turn\n|move|p1a: Hatterene|Nuzzle|p2a: Lokix\n|-damage|p2a: Lokix|94\/100\n|-status|p2a: Lokix|par\n|\n|upkeep\n|turn|4\n|\n|t:|1699741378\n|-terastallize|p2a: Lokix|Bug\n|cant|p2a: Lokix|par\n|move|p1a: Hatterene|Draining Kiss|p2a: Lokix\n|-damage|p2a: Lokix|42\/100 par\n|-heal|p1a: Hatterene|100\/100|[from] drain|[of] p2a: Lokix\n|\n|upkeep\n|turn|5\n|\n|t:|1699741385\n|move|p2a: Lokix|Leech Life|p1a: Hatterene\n|-damage|p1a: Hatterene|50\/100\n|-heal|p2a: Lokix|70\/100 par|[from] drain|[of] p1a: Hatterene\n|-damage|p2a: Lokix|60\/100 par|[from] item: Life Orb\n|move|p1a: Hatterene|Draining Kiss|p2a: Lokix\n|-damage|p2a: Lokix|8\/100 par\n|-heal|p1a: Hatterene|85\/100|[from] drain|[of] p2a: Lokix\n|\n|upkeep\n|turn|6\n|\n|t:|1699741395\n|move|p2a: Lokix|Leech Life|p1a: Hatterene\n|-damage|p1a: Hatterene|31\/100\n|-heal|p2a: Lokix|39\/100 par|[from] drain|[of] p1a: Hatterene\n|-damage|p2a: Lokix|29\/100 par|[from] item: Life Orb\n|move|p1a: Hatterene|Draining Kiss|p2a: Lokix\n|-damage|p2a: Lokix|0 fnt\n|-heal|p1a: Hatterene|50\/100|[from] drain|[of] p2a: Lokix\n|faint|p2a: Lokix\n|\n|upkeep\n|\n|t:|1699741399\n|switch|p2a: Dragapult|Dragapult, F|100\/100\n|turn|7\n|inactive|Nickthenickthenick has 120 seconds left.\n|\n|t:|1699741429\n|switch|p1a: Toxapex|Toxapex, M|100\/100\n|move|p2a: Dragapult|Shadow Ball|p1a: Toxapex\n|-damage|p1a: Toxapex|63\/100\n|\n|-heal|p1a: Toxapex|69\/100|[from] item: Leftovers\n|upkeep\n|turn|8\n|inactive|Nickthenickthenick has 120 seconds left.\n|\n|t:|1699741440\n|switch|p2a: Munkidori|Munkidori, M|86\/100\n|move|p1a: Toxapex|Ice Beam|p2a: Munkidori\n|-damage|p2a: Munkidori|71\/100\n|\n|-heal|p1a: Toxapex|75\/100|[from] item: Leftovers\n|upkeep\n|turn|9\n|\n|t:|1699741447\n|move|p2a: Munkidori|Psychic|p1a: Toxapex\n|-supereffective|p1a: Toxapex\n|-damage|p1a: Toxapex|5\/100\n|-unboost|p1a: Toxapex|spd|1\n|move|p1a: Toxapex|Infestation|p2a: Munkidori\n|-damage|p2a: Munkidori|68\/100\n|-activate|p2a: Munkidori|move: Infestation|[of] p1a: Toxapex\n|\n|-heal|p1a: Toxapex|12\/100|[from] item: Leftovers\n|-damage|p2a: Munkidori|56\/100|[from] move: Infestation|[partiallytrapped]\n|upkeep\n|turn|10\n|\n|t:|1699741458\n|switch|p1a: Ting-Lu|Ting-Lu|100\/100\n|-ability|p1a: Ting-Lu|Vessel of Ruin\n|move|p2a: Munkidori|U-turn|p1a: Ting-Lu\n|-supereffective|p1a: Ting-Lu\n|-damage|p1a: Ting-Lu|92\/100\n|\n|t:|1699741469\n|switch|p2a: Great Tusk|Great Tusk|37\/100|[from] U-turn\n|\n|-heal|p2a: Great Tusk|43\/100|[from] item: Leftovers\n|-heal|p1a: Ting-Lu|98\/100|[from] item: Leftovers\n|upkeep\n|turn|11\n|\n|t:|1699741485\n|switch|p1a: Hatterene|Hatterene, F|50\/100\n|move|p2a: Great Tusk|Knock Off|p1a: Hatterene\n|-damage|p1a: Hatterene|29\/100\n|\n|-heal|p2a: Great Tusk|49\/100|[from] item: Leftovers\n|upkeep\n|turn|12\n|\n|t:|1699741491\n|move|p2a: Great Tusk|Headlong Rush|p1a: Hatterene\n|-damage|p1a: Hatterene|0 fnt\n|-unboost|p2a: Great Tusk|def|1\n|-unboost|p2a: Great Tusk|spd|1\n|faint|p1a: Hatterene\n|\n|-heal|p2a: Great Tusk|55\/100|[from] item: Leftovers\n|upkeep\n|\n|t:|1699741498\n|switch|p1a: Dragapult|Dragapult, F|100\/100\n|turn|13\n|\n|t:|1699741504\n|move|p1a: Dragapult|Shadow Ball|p2a: Great Tusk\n|-damage|p2a: Great Tusk|0 fnt\n|faint|p2a: Great Tusk\n|-end|p2a: Great Tusk|Protosynthesis|[silent]\n|\n|upkeep\n|\n|t:|1699741506\n|switch|p2a: Kingambit|Kingambit, F|100\/100\n|-activate|p2a: Kingambit|ability: Supreme Overlord\n|-start|p2a: Kingambit|fallen2|[silent]\n|turn|14\n|\n|t:|1699741528\n|switch|p1a: Ting-Lu|Ting-Lu|98\/100\n|-ability|p1a: Ting-Lu|Vessel of Ruin\n|move|p2a: Kingambit|Swords Dance|p2a: Kingambit\n|-boost|p2a: Kingambit|atk|2\n|\n|-heal|p1a: Ting-Lu|100\/100|[from] item: Leftovers\n|upkeep\n|turn|15\n|\n|t:|1699741536\n|move|p2a: Kingambit|Iron Head|p1a: Ting-Lu\n|-damage|p1a: Ting-Lu|57\/100\n|move|p1a: Ting-Lu|Whirlwind|p2a: Kingambit\n|-end|p2a: Kingambit|fallen2|[silent]\n|drag|p2a: Zapdos|Zapdos|100\/100\n|-ability|p2a: Zapdos|Pressure\n|\n|-heal|p1a: Ting-Lu|63\/100|[from] item: Leftovers\n|upkeep\n|turn|16\n|\n|t:|1699741545\n|switch|p2a: Dragapult|Dragapult, F|100\/100\n|move|p1a: Ting-Lu|Stealth Rock|p2a: Dragapult\n|-sidestart|p2: bruc3wi11is|move: Stealth Rock\n|\n|-heal|p1a: Ting-Lu|70\/100|[from] item: Leftovers\n|upkeep\n|turn|17\n|\n|t:|1699741553\n|move|p2a: Dragapult|Draco Meteor|p1a: Ting-Lu\n|-damage|p1a: Ting-Lu|16\/100\n|-unboost|p2a: Dragapult|spa|2\n|move|p1a: Ting-Lu|Earthquake|p2a: Dragapult\n|-damage|p2a: Dragapult|50\/100\n|\n|-heal|p1a: Ting-Lu|22\/100|[from] item: Leftovers\n|upkeep\n|turn|18\n|\n|t:|1699741564\n|switch|p1a: Toxapex|Toxapex, M|45\/100\n|move|p2a: Dragapult|Draco Meteor|p1a: Toxapex\n|-damage|p1a: Toxapex|13\/100\n|-unboost|p2a: Dragapult|spa|2\n|\n|-heal|p1a: Toxapex|20\/100|[from] item: Leftovers\n|upkeep\n|turn|19\n|\n|t:|1699741573\n|move|p2a: Dragapult|Draco Meteor|p1a: Toxapex\n|-damage|p1a: Toxapex|0 fnt\n|-unboost|p2a: Dragapult|spa|2\n|faint|p1a: Toxapex\n|\n|upkeep\n|\n|t:|1699741579\n|switch|p1a: Ogerpon|Ogerpon-Wellspring, F|100\/100\n|turn|20\n|\n|t:|1699741583\n|switch|p2a: Zapdos|Zapdos|100\/100\n|-ability|p2a: Zapdos|Pressure\n|move|p1a: Ogerpon|Swords Dance|p1a: Ogerpon\n|-boost|p1a: Ogerpon|atk|2\n|\n|upkeep\n|turn|21\n|\n|t:|1699741596\n|move|p1a: Ogerpon|Ivy Cudgel|p2a: Zapdos\n|-damage|p2a: Zapdos|0 fnt\n|faint|p2a: Zapdos\n|\n|upkeep\n|\n|t:|1699741606\n|switch|p2a: Dragapult|Dragapult, F|50\/100\n|-damage|p2a: Dragapult|38\/100|[from] Stealth Rock\n|turn|22\n|\n|t:|1699741628\n|-terastallize|p1a: Ogerpon|Water\n|detailschange|p1a: Ogerpon|Ogerpon-Wellspring-Tera, F, tera:Water\n|-ability|p1a: Ogerpon|Embody Aspect (Wellspring)|boost\n|-boost|p1a: Ogerpon|spd|1\n|move|p2a: Dragapult|Draco Meteor|p1a: Ogerpon\n|-damage|p1a: Ogerpon|29\/100\n|-unboost|p2a: Dragapult|spa|2\n|move|p1a: Ogerpon|Ivy Cudgel|p2a: Dragapult\n|-resisted|p2a: Dragapult\n|-damage|p2a: Dragapult|0 fnt\n|faint|p2a: Dragapult\n|\n|upkeep\n|\n|t:|1699741636\n|switch|p2a: Kingambit|Kingambit, F|100\/100\n|-damage|p2a: Kingambit|94\/100|[from] Stealth Rock\n|-activate|p2a: Kingambit|ability: Supreme Overlord\n|-start|p2a: Kingambit|fallen4|[silent]\n|turn|23\n|\n|t:|1699741647\n|move|p2a: Kingambit|Sucker Punch||[still]\n|-fail|p2a: Kingambit\n|move|p1a: Ogerpon|Swords Dance|p1a: Ogerpon\n|-boost|p1a: Ogerpon|atk|2\n|\n|upkeep\n|turn|24\n|\n|t:|1699741656\n|move|p2a: Kingambit|Sucker Punch|p1a: Ogerpon\n|-damage|p1a: Ogerpon|0 fnt\n|faint|p1a: Ogerpon\n|\n|upkeep\n|\n|t:|1699741666\n|switch|p1a: Corviknight|Corviknight, M|100\/100\n|-ability|p1a: Corviknight|Pressure\n|turn|25\n|\n|t:|1699741670\n|-end|p2a: Kingambit|fallen4|[silent]\n|switch|p2a: Munkidori|Munkidori, M|56\/100\n|move|p1a: Corviknight|Bulk Up|p1a: Corviknight\n|-boost|p1a: Corviknight|atk|1\n|-boost|p1a: Corviknight|def|1\n|\n|upkeep\n|turn|26\n|\n|t:|1699741677\n|move|p2a: Munkidori|Focus Blast|p1a: Corviknight\n|-damage|p1a: Corviknight|73\/100\n|move|p1a: Corviknight|Brave Bird|p2a: Munkidori\n|-damage|p2a: Munkidori|0 fnt\n|faint|p2a: Munkidori\n|-damage|p1a: Corviknight|59\/100|[from] Recoil\n|\n|upkeep\n|\n|t:|1699741687\n|switch|p2a: Kingambit|Kingambit, F|94\/100\n|-damage|p2a: Kingambit|88\/100|[from] Stealth Rock\n|-activate|p2a: Kingambit|ability: Supreme Overlord\n|-start|p2a: Kingambit|fallen5|[silent]\n|turn|27\n|\n|t:|1699741692\n|move|p2a: Kingambit|Kowtow Cleave|p1a: Corviknight\n|-damage|p1a: Corviknight|13\/100\n|-damage|p2a: Kingambit|72\/100|[from] item: Rocky Helmet|[of] p1a: Corviknight\n|move|p1a: Corviknight|Roost|p1a: Corviknight\n|-heal|p1a: Corviknight|63\/100\n|-singleturn|p1a: Corviknight|move: Roost\n|\n|upkeep\n|turn|28\n|\n|t:|1699741707\n|move|p2a: Kingambit|Swords Dance|p2a: Kingambit\n|-boost|p2a: Kingambit|atk|2\n|move|p1a: Corviknight|Roost|p1a: Corviknight\n|-heal|p1a: Corviknight|100\/100\n|-singleturn|p1a: Corviknight|move: Roost\n|\n|upkeep\n|turn|29\n|\n|t:|1699741714\n|move|p2a: Kingambit|Kowtow Cleave|p1a: Corviknight\n|-damage|p1a: Corviknight|7\/100\n|-damage|p2a: Kingambit|55\/100|[from] item: Rocky Helmet|[of] p1a: Corviknight\n|move|p1a: Corviknight|Brave Bird|p2a: Kingambit\n|-resisted|p2a: Kingambit\n|-damage|p2a: Kingambit|32\/100\n|-damage|p1a: Corviknight|0 fnt|[from] Recoil\n|faint|p1a: Corviknight\n|\n|upkeep\n|\n|t:|1699741724\n|switch|p1a: Ting-Lu|Ting-Lu|22\/100\n|-ability|p1a: Ting-Lu|Vessel of Ruin\n|turn|30\n|\n|t:|1699741729\n|move|p2a: Kingambit|Iron Head|p1a: Ting-Lu\n|-damage|p1a: Ting-Lu|0 fnt\n|faint|p1a: Ting-Lu\n|\n|upkeep\n|\n|t:|1699741733\n|switch|p1a: Dragapult|Dragapult, F|100\/100\n|turn|31\n|\n|t:|1699741744\n|move|p2a: Kingambit|Sucker Punch|p1a: Dragapult\n|-supereffective|p1a: Dragapult\n|-damage|p1a: Dragapult|0 fnt\n|faint|p1a: Dragapult\n|\n|win|bruc3wi11is\n|raw|Nickthenickthenick's rating: 1168 &rarr; <strong>1142<\/strong><br \/>(-26 for losing)\n|raw|bruc3wi11is's rating: 1148 &rarr; <strong>1174<\/strong><br \/>(+26 for winning)\n|l|\u2606bruc3wi11is\n|j|\u2606bruc3wi11is\n|player|p2|bruc3wi11is|265\n","uploadtime":1699743005,"views":18,"p1id":"nickthenickthenick","p2id":"bruc3wi11is","formatid":"gen9ou","rating":1142,"private":0,"password":""}