{"id":"gen9ou-1993844720","p1":"Hammertime0864","p2":"mathismathin","format":"[Gen 9] OU","log":"|j|\u2606Hammertime0864\n|j|\u2606mathismathin\n|t:|1700364394\n|gametype|singles\n|player|p1|Hammertime0864|cynthia-masters|1615\n|player|p2|mathismathin|nate|1768\n|teamsize|p1|6\n|teamsize|p2|6\n|gen|9\n|tier|[Gen 9] OU\n|rated|\n|rule|Sleep Clause Mod: Limit one foe put to sleep\n|rule|Species Clause: Limit one of each Pok\u00e9mon\n|rule|OHKO Clause: OHKO moves are banned\n|rule|Evasion Items Clause: Evasion items are banned\n|rule|Evasion Moves Clause: Evasion moves are banned\n|rule|Endless Battle Clause: Forcing endless battles is banned\n|rule|HP Percentage Mod: HP is shown in percentages\n|clearpoke\n|poke|p1|Kingambit, M|\n|poke|p1|Glimmora, M|\n|poke|p1|Zamazenta-*|\n|poke|p1|Iron Valiant|\n|poke|p1|Iron Moth|\n|poke|p1|Ogerpon-Wellspring, F|\n|poke|p2|Wo-Chien|\n|poke|p2|Weezing-Galar, M|\n|poke|p2|Blissey, F|\n|poke|p2|Cyclizar, M|\n|poke|p2|Alomomola, M|\n|poke|p2|Corviknight, F|\n|teampreview\n|inactive|Battle timer is ON: inactive players will automatically lose when time's up. (requested by Hammertime0864)\n|\n|t:|1700364410\n|start\n|switch|p1a: Glimmora|Glimmora, M|100\/100\n|switch|p2a: Corviknight|Corviknight, F|100\/100\n|-ability|p2a: Corviknight|Pressure\n|turn|1\n|j| SwabbyYabby\n|inactive|mathismathin has 120 seconds left.\n|\n|t:|1700364446\n|move|p1a: Glimmora|Power Gem|p2a: Corviknight\n|-damage|p2a: Corviknight|62\/100\n|move|p2a: Corviknight|Iron Head|p1a: Glimmora\n|-supereffective|p1a: Glimmora\n|-damage|p1a: Glimmora|41\/100\n|-activate|p1a: Glimmora|ability: Toxic Debris\n|-sidestart|p2: mathismathin|move: Toxic Spikes\n|\n|-heal|p2a: Corviknight|68\/100|[from] item: Leftovers\n|upkeep\n|turn|2\n|\n|t:|1700364451\n|move|p1a: Glimmora|Power Gem|p2a: Corviknight\n|-damage|p2a: Corviknight|28\/100\n|move|p2a: Corviknight|Roost|p2a: Corviknight\n|-heal|p2a: Corviknight|78\/100\n|-singleturn|p2a: Corviknight|move: Roost\n|\n|-heal|p2a: Corviknight|84\/100|[from] item: Leftovers\n|upkeep\n|turn|3\n|\n|t:|1700364457\n|move|p1a: Glimmora|Power Gem|p2a: Corviknight\n|-damage|p2a: Corviknight|40\/100\n|move|p2a: Corviknight|Roost|p2a: Corviknight\n|-heal|p2a: Corviknight|90\/100\n|-singleturn|p2a: Corviknight|move: Roost\n|\n|-heal|p2a: Corviknight|97\/100|[from] item: Leftovers\n|upkeep\n|turn|4\n|\n|t:|1700364460\n|switch|p2a: Blissey|Blissey, F|100\/100\n|move|p1a: Glimmora|Power Gem|p2a: Blissey\n|-damage|p2a: Blissey|87\/100\n|\n|upkeep\n|turn|5\n|\n|t:|1700364465\n|move|p1a: Glimmora|Stealth Rock|p2a: Blissey\n|-sidestart|p2: mathismathin|move: Stealth Rock\n|move|p2a: Blissey|Calm Mind|p2a: Blissey\n|-boost|p2a: Blissey|spa|1\n|-boost|p2a: Blissey|spd|1\n|\n|upkeep\n|turn|6\n|\n|t:|1700364477\n|switch|p1a: Zamazenta|Zamazenta, shiny|100\/100\n|-ability|p1a: Zamazenta|Dauntless Shield|boost\n|-boost|p1a: Zamazenta|def|1\n|move|p2a: Blissey|Shadow Ball|p1a: Zamazenta\n|-damage|p1a: Zamazenta|79\/100\n|\n|-heal|p1a: Zamazenta|85\/100|[from] item: Leftovers\n|upkeep\n|turn|7\n|\n|t:|1700364480\n|switch|p2a: Weezing|Weezing-Galar, M|100\/100\n|-ability|p2a: Weezing|Neutralizing Gas\n|-sideend|p2: mathismathin|move: Toxic Spikes|[of] p2a: Weezing\n|move|p1a: Zamazenta|Body Press|p2a: Weezing\n|-resisted|p2a: Weezing\n|-damage|p2a: Weezing|92\/100\n|\n|-heal|p1a: Zamazenta|91\/100|[from] item: Leftovers\n|upkeep\n|turn|8\n|\n|t:|1700364487\n|switch|p1a: Glimmora|Glimmora, M|41\/100\n|move|p2a: Weezing|Sludge Bomb|p1a: Glimmora\n|-resisted|p1a: Glimmora\n|-damage|p1a: Glimmora|32\/100\n|\n|upkeep\n|turn|9\n|\n|t:|1700364492\n|-end|p2a: Weezing|ability: Neutralizing Gas\n|switch|p2a: Blissey|Blissey, F|87\/100\n|move|p1a: Glimmora|Power Gem|p2a: Blissey\n|-damage|p2a: Blissey|75\/100\n|\n|upkeep\n|turn|10\n|\n|t:|1700364498\n|move|p1a: Glimmora|Mortal Spin|p2a: Blissey\n|-damage|p2a: Blissey|69\/100\n|-status|p2a: Blissey|psn\n|move|p2a: Blissey|Shadow Ball|p1a: Glimmora\n|-damage|p1a: Glimmora|13\/100\n|\n|-damage|p2a: Blissey|57\/100 psn|[from] psn\n|upkeep\n|turn|11\n|\n|t:|1700364503\n|switch|p1a: Zamazenta|Zamazenta, shiny|91\/100\n|move|p2a: Blissey|Soft-Boiled|p2a: Blissey\n|-heal|p2a: Blissey|100\/100 psn\n|\n|-heal|p1a: Zamazenta|97\/100|[from] item: Leftovers\n|-damage|p2a: Blissey|88\/100 psn|[from] psn\n|upkeep\n|turn|12\n|\n|t:|1700364508\n|-curestatus|p2a: Blissey|psn|[from] ability: Natural Cure\n|switch|p2a: Weezing|Weezing-Galar, M|92\/100\n|-ability|p2a: Weezing|Neutralizing Gas\n|move|p1a: Zamazenta|Stone Edge|p2a: Weezing\n|-damage|p2a: Weezing|69\/100\n|\n|-heal|p1a: Zamazenta|100\/100|[from] item: Leftovers\n|upkeep\n|turn|13\n|\n|t:|1700364512\n|switch|p1a: Glimmora|Glimmora, M|13\/100\n|move|p2a: Weezing|Will-O-Wisp|p1a: Glimmora\n|-status|p1a: Glimmora|brn\n|\n|-damage|p1a: Glimmora|7\/100 brn|[from] brn\n|upkeep\n|turn|14\n|\n|t:|1700364516\n|-end|p2a: Weezing|ability: Neutralizing Gas\n|switch|p2a: Blissey|Blissey, F|88\/100\n|move|p1a: Glimmora|Power Gem|p2a: Blissey\n|-damage|p2a: Blissey|76\/100\n|\n|-damage|p1a: Glimmora|1\/100 brn|[from] brn\n|upkeep\n|turn|15\n|\n|t:|1700364519\n|move|p1a: Glimmora|Mortal Spin|p2a: Blissey\n|-damage|p2a: Blissey|73\/100\n|-status|p2a: Blissey|psn\n|move|p2a: Blissey|Stealth Rock|p1a: Glimmora\n|-sidestart|p1: Hammertime0864|move: Stealth Rock\n|\n|-damage|p2a: Blissey|60\/100 psn|[from] psn\n|-damage|p1a: Glimmora|0 fnt|[from] brn\n|faint|p1a: Glimmora\n|upkeep\n|\n|t:|1700364522\n|switch|p1a: Zamazenta|Zamazenta, shiny|100\/100\n|-damage|p1a: Zamazenta|94\/100|[from] Stealth Rock\n|turn|16\n|\n|t:|1700364525\n|-curestatus|p2a: Blissey|psn|[from] ability: Natural Cure\n|switch|p2a: Weezing|Weezing-Galar, M|69\/100\n|-ability|p2a: Weezing|Neutralizing Gas\n|move|p1a: Zamazenta|Body Press|p2a: Weezing\n|-resisted|p2a: Weezing\n|-damage|p2a: Weezing|63\/100\n|\n|-heal|p1a: Zamazenta|100\/100|[from] item: Leftovers\n|upkeep\n|turn|17\n|\n|t:|1700364535\n|switch|p1a: Kingambit|Kingambit, M|100\/100\n|-damage|p1a: Kingambit|94\/100|[from] Stealth Rock\n|move|p2a: Weezing|Pain Split|p1a: Kingambit\n|-sethp|p1a: Kingambit|78\/100|[from] move: Pain Split|[silent]\n|-sethp|p2a: Weezing|80\/100|[from] move: Pain Split\n|\n|upkeep\n|turn|18\n|\n|t:|1700364539\n|-end|p2a: Weezing|ability: Neutralizing Gas\n|-activate|p1a: Kingambit|ability: Supreme Overlord\n|-start|p1a: Kingambit|fallen1|[silent]\n|switch|p2a: Wo-Chien|Wo-Chien|100\/100\n|-damage|p2a: Wo-Chien|88\/100|[from] Stealth Rock\n|-ability|p2a: Wo-Chien|Tablets of Ruin\n|move|p1a: Kingambit|Iron Head|p2a: Wo-Chien\n|-damage|p2a: Wo-Chien|58\/100\n|\n|-heal|p2a: Wo-Chien|64\/100|[from] item: Leftovers\n|upkeep\n|turn|19\n|\n|t:|1700364545\n|move|p2a: Wo-Chien|Leech Seed|p1a: Kingambit\n|-start|p1a: Kingambit|move: Leech Seed\n|move|p1a: Kingambit|Iron Head|p2a: Wo-Chien\n|-damage|p2a: Wo-Chien|36\/100\n|\n|-heal|p2a: Wo-Chien|42\/100|[from] item: Leftovers\n|-damage|p1a: Kingambit|66\/100|[from] Leech Seed|[of] p2a: Wo-Chien\n|-heal|p2a: Wo-Chien|53\/100|[silent]\n|upkeep\n|turn|20\n|\n|t:|1700364556\n|-end|p1a: Kingambit|fallen1|[silent]\n|switch|p1a: Zamazenta|Zamazenta, shiny|100\/100\n|-damage|p1a: Zamazenta|94\/100|[from] Stealth Rock\n|move|p2a: Wo-Chien|Foul Play|p1a: Zamazenta\n|-resisted|p1a: Zamazenta\n|-damage|p1a: Zamazenta|76\/100\n|\n|-heal|p1a: Zamazenta|82\/100|[from] item: Leftovers\n|-heal|p2a: Wo-Chien|59\/100|[from] item: Leftovers\n|upkeep\n|turn|21\n|\n|t:|1700364561\n|switch|p2a: Weezing|Weezing-Galar, M|80\/100\n|-ability|p2a: Weezing|Neutralizing Gas\n|move|p1a: Zamazenta|Stone Edge|p2a: Weezing\n|-damage|p2a: Weezing|58\/100\n|\n|-heal|p1a: Zamazenta|88\/100|[from] item: Leftovers\n|upkeep\n|turn|22\n|\n|t:|1700364566\n|move|p1a: Zamazenta|Stone Edge|p2a: Weezing\n|-damage|p2a: Weezing|37\/100\n|move|p2a: Weezing|Will-O-Wisp|p1a: Zamazenta\n|-status|p1a: Zamazenta|brn\n|\n|-heal|p1a: Zamazenta|95\/100 brn|[from] item: Leftovers\n|-damage|p1a: Zamazenta|88\/100 brn|[from] brn\n|upkeep\n|turn|23\n|\n|t:|1700364569\n|move|p1a: Zamazenta|Stone Edge|p2a: Weezing\n|-damage|p2a: Weezing|26\/100\n|move|p2a: Weezing|Pain Split|p1a: Zamazenta\n|-sethp|p1a: Zamazenta|58\/100 brn|[from] move: Pain Split|[silent]\n|-sethp|p2a: Weezing|56\/100|[from] move: Pain Split\n|\n|-heal|p1a: Zamazenta|64\/100 brn|[from] item: Leftovers\n|-damage|p1a: Zamazenta|58\/100 brn|[from] brn\n|upkeep\n|turn|24\n|\n|t:|1700364572\n|move|p1a: Zamazenta|Stone Edge|p2a: Weezing\n|-damage|p2a: Weezing|46\/100\n|move|p2a: Weezing|Sludge Bomb|p1a: Zamazenta\n|-damage|p1a: Zamazenta|32\/100 brn\n|\n|-heal|p1a: Zamazenta|38\/100 brn|[from] item: Leftovers\n|-damage|p1a: Zamazenta|32\/100 brn|[from] brn\n|upkeep\n|turn|25\n|\n|t:|1700364575\n|move|p1a: Zamazenta|Stone Edge|p2a: Weezing\n|-damage|p2a: Weezing|35\/100\n|move|p2a: Weezing|Sludge Bomb|p1a: Zamazenta\n|-damage|p1a: Zamazenta|5\/100 brn\n|\n|-heal|p1a: Zamazenta|11\/100 brn|[from] item: Leftovers\n|-damage|p1a: Zamazenta|5\/100 brn|[from] brn\n|upkeep\n|turn|26\n|\n|t:|1700364580\n|-end|p2a: Weezing|ability: Neutralizing Gas\n|switch|p2a: Alomomola|Alomomola, M|100\/100\n|-damage|p2a: Alomomola|88\/100|[from] Stealth Rock\n|move|p1a: Zamazenta|Stone Edge|p2a: Alomomola|[miss]\n|-miss|p1a: Zamazenta|p2a: Alomomola\n|\n|-heal|p1a: Zamazenta|11\/100 brn|[from] item: Leftovers\n|-heal|p2a: Alomomola|94\/100|[from] item: Leftovers\n|-damage|p1a: Zamazenta|5\/100 brn|[from] brn\n|upkeep\n|turn|27\n|\n|t:|1700364584\n|move|p1a: Zamazenta|Body Press|p2a: Alomomola\n|-damage|p2a: Alomomola|85\/100\n|move|p2a: Alomomola|Wish|p2a: Alomomola\n|\n|-heal|p1a: Zamazenta|11\/100 brn|[from] item: Leftovers\n|-heal|p2a: Alomomola|91\/100|[from] item: Leftovers\n|-damage|p1a: Zamazenta|5\/100 brn|[from] brn\n|upkeep\n|turn|28\n|\n|t:|1700364586\n|switch|p2a: Weezing|Weezing-Galar, M|35\/100\n|-ability|p2a: Weezing|Neutralizing Gas\n|move|p1a: Zamazenta|Body Press|p2a: Weezing\n|-resisted|p2a: Weezing\n|-damage|p2a: Weezing|33\/100\n|\n|-heal|p2a: Weezing|100\/100|[from] move: Wish|[wisher] Alomomola\n|-heal|p1a: Zamazenta|11\/100 brn|[from] item: Leftovers\n|-damage|p1a: Zamazenta|5\/100 brn|[from] brn\n|upkeep\n|turn|29\n|-message|Hammertime0864 forfeited.\n|\n|win|mathismathin\n|raw|Hammertime0864's rating: 1615 &rarr; <strong>1602<\/strong><br \/>(-13 for losing)\n|raw|mathismathin's rating: 1750 &rarr; <strong>1763<\/strong><br \/>(+13 for winning)\n|l|\u2606Hammertime0864\n","uploadtime":1700364596,"views":18,"p1id":"hammertime0864","p2id":"mathismathin","formatid":"gen9ou","rating":1602,"private":0,"password":""}