{"id":"gen9ou-1992990304","p1":"AVALUGGENJOYER420","p2":"lolflyers","format":"[Gen 9] OU","log":"|j|\u203dAVALUGGENJOYER420\n|j|\u2606lolflyers\n|t:|1700253285\n|gametype|singles\n|player|p1|AVALUGGENJOYER420|linebacker|1099\n|player|p2|lolflyers|266|1032\n|teamsize|p1|6\n|teamsize|p2|6\n|gen|9\n|tier|[Gen 9] OU\n|rated|\n|rule|Sleep Clause Mod: Limit one foe put to sleep\n|rule|Species Clause: Limit one of each Pok\u00e9mon\n|rule|OHKO Clause: OHKO moves are banned\n|rule|Evasion Items Clause: Evasion items are banned\n|rule|Evasion Moves Clause: Evasion moves are banned\n|rule|Endless Battle Clause: Forcing endless battles is banned\n|rule|HP Percentage Mod: HP is shown in percentages\n|clearpoke\n|poke|p1|Clefable, F|\n|poke|p1|Slowking-Galar, F|\n|poke|p1|Mandibuzz, F|\n|poke|p1|Skeledirge, F|\n|poke|p1|Hatterene, F|\n|poke|p1|Tornadus-Therian, M|\n|poke|p2|Corviknight, M|\n|poke|p2|Zapdos|\n|poke|p2|Dragonite, M|\n|poke|p2|Landorus-Therian, M|\n|poke|p2|Enamorus, F|\n|poke|p2|Cresselia, F|\n|teampreview\n|inactive|Battle timer is ON: inactive players will automatically lose when time's up. (requested by AVALUGGENJOYER420)\n|\n|t:|1700253298\n|start\n|switch|p1a: Slowking|Slowking-Galar, F|100\/100\n|switch|p2a: Landorus|Landorus-Therian, M|100\/100\n|-ability|p2a: Landorus|Intimidate|boost\n|-unboost|p1a: Slowking|atk|1\n|turn|1\n|\n|t:|1700253307\n|switch|p1a: Mandibuzz|Mandibuzz, F, shiny|100\/100\n|move|p2a: Landorus|Earthquake|p1a: Mandibuzz\n|-immune|p1a: Mandibuzz\n|\n|upkeep\n|turn|2\n|\n|t:|1700253313\n|move|p2a: Landorus|Rock Slide|p1a: Mandibuzz\n|-supereffective|p1a: Mandibuzz\n|-damage|p1a: Mandibuzz|50\/100\n|-damage|p2a: Landorus|91\/100|[from] item: Life Orb\n|move|p1a: Mandibuzz|Toxic|p2a: Landorus\n|-status|p2a: Landorus|tox\n|\n|-damage|p2a: Landorus|85\/100 tox|[from] psn\n|upkeep\n|turn|3\n|\n|t:|1700253322\n|switch|p1a: Hatterene|Hatterene, F, shiny|100\/100\n|move|p2a: Landorus|Rock Slide|p1a: Hatterene|[miss]\n|-miss|p2a: Landorus|p1a: Hatterene\n|\n|-damage|p2a: Landorus|73\/100 tox|[from] psn\n|upkeep\n|turn|4\n|\n|t:|1700253330\n|switch|p2a: Corviknight|Corviknight, M|100\/100\n|move|p1a: Hatterene|Draining Kiss|p2a: Corviknight\n|-resisted|p2a: Corviknight\n|-damage|p2a: Corviknight|89\/100\n|-damage|p1a: Hatterene|84\/100|[from] item: Rocky Helmet|[of] p2a: Corviknight\n|\n|upkeep\n|turn|5\n|\n|t:|1700253336\n|-terastallize|p1a: Hatterene|Fire\n|move|p2a: Corviknight|Iron Head|p1a: Hatterene\n|-resisted|p1a: Hatterene\n|-damage|p1a: Hatterene|69\/100\n|move|p1a: Hatterene|Mystical Fire|p2a: Corviknight\n|-supereffective|p2a: Corviknight\n|-damage|p2a: Corviknight|19\/100\n|-ability|p2a: Corviknight|Mirror Armor\n|-unboost|p1a: Hatterene|spa|1\n|\n|upkeep\n|turn|6\n|\n|t:|1700253354\n|move|p2a: Corviknight|Roost|p2a: Corviknight\n|-heal|p2a: Corviknight|69\/100\n|-singleturn|p2a: Corviknight|move: Roost\n|move|p1a: Hatterene|Draining Kiss|p2a: Corviknight\n|-resisted|p2a: Corviknight\n|-damage|p2a: Corviknight|61\/100\n|-heal|p1a: Hatterene|77\/100|[from] drain|[of] p2a: Corviknight\n|-damage|p1a: Hatterene|60\/100|[from] item: Rocky Helmet|[of] p2a: Corviknight\n|\n|upkeep\n|turn|7\n|\n|t:|1700253368\n|-terastallize|p2a: Corviknight|Fighting\n|move|p2a: Corviknight|Roost|p2a: Corviknight\n|-heal|p2a: Corviknight|100\/100\n|move|p1a: Hatterene|Mystical Fire|p2a: Corviknight\n|-damage|p2a: Corviknight|76\/100\n|-ability|p2a: Corviknight|Mirror Armor\n|-unboost|p1a: Hatterene|spa|1\n|\n|upkeep\n|turn|8\n|\n|t:|1700253377\n|switch|p1a: Skeledirge|Skeledirge, F|100\/100\n|move|p2a: Corviknight|Bulk Up|p2a: Corviknight\n|-boost|p2a: Corviknight|atk|1\n|-boost|p2a: Corviknight|def|1\n|\n|upkeep\n|turn|9\n|\n|t:|1700253383\n|move|p2a: Corviknight|Bulk Up|p2a: Corviknight\n|-boost|p2a: Corviknight|atk|1\n|-boost|p2a: Corviknight|def|1\n|move|p1a: Skeledirge|Will-O-Wisp|p2a: Corviknight\n|-status|p2a: Corviknight|brn\n|\n|-damage|p2a: Corviknight|70\/100 brn|[from] brn\n|upkeep\n|turn|10\n|\n|t:|1700253391\n|move|p2a: Corviknight|Iron Head|p1a: Skeledirge\n|-resisted|p1a: Skeledirge\n|-damage|p1a: Skeledirge|94\/100\n|cant|p1a: Skeledirge|flinch\n|\n|-damage|p2a: Corviknight|64\/100 brn|[from] brn\n|upkeep\n|turn|11\n|\n|t:|1700253398\n|switch|p2a: Landorus|Landorus-Therian, M|73\/100 tox\n|-ability|p2a: Landorus|Intimidate|boost\n|-unboost|p1a: Skeledirge|atk|1\n|move|p1a: Skeledirge|Torch Song|p2a: Landorus\n|-damage|p2a: Landorus|32\/100 tox\n|-boost|p1a: Skeledirge|spa|1\n|\n|-damage|p2a: Landorus|26\/100 tox|[from] psn\n|upkeep\n|turn|12\n|\n|t:|1700253415\n|switch|p1a: Tornadus|Tornadus-Therian, M, shiny|100\/100\n|move|p2a: Landorus|Rock Slide|p1a: Tornadus\n|-supereffective|p1a: Tornadus\n|-damage|p1a: Tornadus|0 fnt\n|faint|p1a: Tornadus\n|-damage|p2a: Landorus|16\/100 tox|[from] item: Life Orb\n|\n|-damage|p2a: Landorus|4\/100 tox|[from] psn\n|upkeep\n|\n|t:|1700253422\n|switch|p1a: Mandibuzz|Mandibuzz, F, shiny|50\/100\n|turn|13\n|\n|t:|1700253427\n|switch|p1a: Slowking|Slowking-Galar, F|100\/100\n|move|p2a: Landorus|Rock Slide|p1a: Slowking\n|-damage|p1a: Slowking|69\/100\n|-damage|p2a: Landorus|0 fnt|[from] item: Life Orb\n|faint|p2a: Landorus\n|\n|upkeep\n|\n|t:|1700253438\n|switch|p2a: Dragonite|Dragonite, M|100\/100\n|turn|14\n|\n|t:|1700253445\n|switch|p1a: Skeledirge|Skeledirge, F|94\/100\n|move|p2a: Dragonite|Earthquake|p1a: Skeledirge\n|-supereffective|p1a: Skeledirge\n|-damage|p1a: Skeledirge|6\/100\n|\n|upkeep\n|turn|15\n|\n|t:|1700253455\n|switch|p1a: Mandibuzz|Mandibuzz, F, shiny|50\/100\n|move|p2a: Dragonite|Earthquake|p1a: Mandibuzz\n|-immune|p1a: Mandibuzz\n|\n|upkeep\n|turn|16\n|\n|t:|1700253462\n|switch|p2a: Corviknight|Corviknight, M, tera:Fighting|64\/100 brn\n|move|p1a: Mandibuzz|Toxic||[still]\n|-fail|p1a: Mandibuzz\n|\n|-damage|p2a: Corviknight|58\/100 brn|[from] brn\n|upkeep\n|turn|17\n|\n|t:|1700253468\n|move|p1a: Mandibuzz|Roost|p1a: Mandibuzz\n|-heal|p1a: Mandibuzz|99\/100\n|-singleturn|p1a: Mandibuzz|move: Roost\n|move|p2a: Corviknight|Iron Head|p1a: Mandibuzz\n|-crit|p1a: Mandibuzz\n|-damage|p1a: Mandibuzz|81\/100\n|\n|-damage|p2a: Corviknight|52\/100 brn|[from] brn\n|upkeep\n|turn|18\n|\n|t:|1700253477\n|switch|p1a: Hatterene|Hatterene, F, shiny, tera:Fire|60\/100\n|switch|p2a: Zapdos|Zapdos|100\/100\n|\n|upkeep\n|turn|19\n|\n|t:|1700253486\n|move|p2a: Zapdos|Thunderbolt|p1a: Hatterene\n|-damage|p1a: Hatterene|26\/100\n|move|p1a: Hatterene|Draining Kiss|p2a: Zapdos\n|-damage|p2a: Zapdos|72\/100\n|-heal|p1a: Hatterene|49\/100|[from] drain|[of] p2a: Zapdos\n|-status|p1a: Hatterene|par|[from] ability: Static|[of] p2a: Zapdos\n|\n|upkeep\n|turn|20\n|\n|t:|1700253499\n|switch|p1a: Slowking|Slowking-Galar, F|100\/100\n|move|p2a: Zapdos|Thunderbolt|p1a: Slowking\n|-damage|p1a: Slowking|70\/100\n|\n|upkeep\n|turn|21\n|\n|t:|1700253506\n|move|p2a: Zapdos|U-turn|p1a: Slowking\n|-damage|p1a: Slowking|58\/100\n|\n|t:|1700253511\n|switch|p2a: Dragonite|Dragonite, M|100\/100|[from] U-turn\n|move|p1a: Slowking|Sludge Bomb|p2a: Dragonite\n|-damage|p2a: Dragonite|78\/100\n|-status|p2a: Dragonite|psn\n|\n|-damage|p2a: Dragonite|66\/100 psn|[from] psn\n|upkeep\n|turn|22\n|\n|t:|1700253535\n|switch|p1a: Mandibuzz|Mandibuzz, F, shiny|81\/100\n|move|p2a: Dragonite|Earthquake|p1a: Mandibuzz\n|-immune|p1a: Mandibuzz\n|\n|-damage|p2a: Dragonite|53\/100 psn|[from] psn\n|upkeep\n|turn|23\n|\n|t:|1700253541\n|switch|p2a: Zapdos|Zapdos|72\/100\n|move|p1a: Mandibuzz|Knock Off|p2a: Zapdos\n|-damage|p2a: Zapdos|47\/100\n|-enditem|p2a: Zapdos|Lum Berry|[from] move: Knock Off|[of] p1a: Mandibuzz\n|\n|upkeep\n|turn|24\n|inactive|AVALUGGENJOYER420 has 120 seconds left.\n|\n|t:|1700253587\n|move|p2a: Zapdos|Thunderbolt|p1a: Mandibuzz\n|-supereffective|p1a: Mandibuzz\n|-damage|p1a: Mandibuzz|13\/100\n|-status|p1a: Mandibuzz|par\n|move|p1a: Mandibuzz|Toxic|p2a: Zapdos|[miss]\n|-miss|p1a: Mandibuzz|p2a: Zapdos\n|\n|upkeep\n|turn|25\n|\n|t:|1700253596\n|switch|p1a: Slowking|Slowking-Galar, F|91\/100\n|move|p2a: Zapdos|Volt Switch|p1a: Slowking\n|-damage|p1a: Slowking|70\/100\n|\n|t:|1700253602\n|switch|p2a: Dragonite|Dragonite, M|53\/100 psn|[from] Volt Switch\n|\n|-damage|p2a: Dragonite|41\/100 psn|[from] psn\n|upkeep\n|turn|26\n|inactive|AVALUGGENJOYER420 has 120 seconds left.\n|\n|t:|1700253636\n|switch|p1a: Hatterene|Hatterene, F, shiny, tera:Fire|49\/100 par\n|move|p2a: Dragonite|Ice Spinner|p1a: Hatterene\n|-resisted|p1a: Hatterene\n|-damage|p1a: Hatterene|30\/100 par\n|\n|-damage|p2a: Dragonite|28\/100 psn|[from] psn\n|upkeep\n|turn|27\n|\n|t:|1700253649\n|switch|p2a: Zapdos|Zapdos|47\/100\n|switch|p1a: Mandibuzz|Mandibuzz, F, shiny|13\/100 par\n|\n|upkeep\n|turn|28\n|\n|t:|1700253658\n|switch|p1a: Clefable|Clefable, F, shiny|100\/100\n|move|p2a: Zapdos|Thunderbolt|p1a: Clefable\n|-damage|p1a: Clefable|76\/100\n|\n|upkeep\n|turn|29\n|inactive|AVALUGGENJOYER420 has 90 seconds left.\n|\n|t:|1700253696\n|move|p2a: Zapdos|Volt Switch|p1a: Clefable\n|-damage|p1a: Clefable|54\/100\n|\n|t:|1700253701\n|switch|p2a: Corviknight|Corviknight, M, tera:Fighting|52\/100 brn|[from] Volt Switch\n|move|p1a: Clefable|Draining Kiss|p2a: Corviknight\n|-supereffective|p2a: Corviknight\n|-damage|p2a: Corviknight|4\/100 brn\n|-heal|p1a: Clefable|97\/100|[from] drain|[of] p2a: Corviknight\n|-damage|p1a: Clefable|81\/100|[from] item: Rocky Helmet|[of] p2a: Corviknight\n|\n|-damage|p2a: Corviknight|0 fnt|[from] brn\n|faint|p2a: Corviknight\n|upkeep\n|\n|t:|1700253712\n|switch|p2a: Enamorus|Enamorus, F|100\/100\n|turn|30\n|\n|t:|1700253718\n|move|p2a: Enamorus|Psychic|p1a: Clefable\n|-damage|p1a: Clefable|52\/100\n|move|p1a: Clefable|Ice Beam|p2a: Enamorus\n|-supereffective|p2a: Enamorus\n|-damage|p2a: Enamorus|16\/100\n|-status|p2a: Enamorus|frz\n|\n|upkeep\n|turn|31\n|\n|t:|1700253726\n|cant|p2a: Enamorus|frz\n|move|p1a: Clefable|Draining Kiss|p2a: Enamorus\n|-damage|p2a: Enamorus|0 fnt\n|-heal|p1a: Clefable|62\/100|[from] drain|[of] p2a: Enamorus\n|faint|p2a: Enamorus\n|\n|upkeep\n|\n|t:|1700253738\n|switch|p2a: Zapdos|Zapdos|47\/100\n|turn|32\n|\n|t:|1700253756\n|move|p2a: Zapdos|Heat Wave|p1a: Clefable\n|-damage|p1a: Clefable|44\/100\n|move|p1a: Clefable|Draining Kiss|p2a: Zapdos\n|-damage|p2a: Zapdos|19\/100\n|-heal|p1a: Clefable|64\/100|[from] drain|[of] p2a: Zapdos\n|-status|p1a: Clefable|par|[from] ability: Static|[of] p2a: Zapdos\n|\n|upkeep\n|turn|33\n|-message|lolflyers forfeited.\n|\n|win|AVALUGGENJOYER420\n|raw|AVALUGGENJOYER420's rating: 1099 &rarr; <strong>1119<\/strong><br \/>(+20 for winning)\n|raw|lolflyers's rating: 1032 &rarr; <strong>1020<\/strong><br \/>(-12 for losing)\n|l|\u2606lolflyers\n|l|\u203dAVALUGGENJOYER420\n|j|\u203dAVALUGGENJOYER420\n|player|p1|AVALUGGENJOYER420|linebacker\n","uploadtime":1700253793,"views":10,"p1id":"avaluggenjoyer420","p2id":"lolflyers","formatid":"gen9ou","rating":1020,"private":0,"password":""}