{"id":"gen9ou-1994085176","p1":"Hestartsagain","p2":"levraimandarin","format":"[Gen 9] OU","log":"|j|\u2606Hestartsagain\n|j|\u2606levraimandarin\n|t:|1700404935\n|gametype|singles\n|player|p1|Hestartsagain|169|1359\n|player|p2|levraimandarin|preschoolerf|1505\n|teamsize|p1|6\n|teamsize|p2|6\n|gen|9\n|tier|[Gen 9] OU\n|rated|\n|rule|Sleep Clause Mod: Limit one foe put to sleep\n|rule|Species Clause: Limit one of each Pok\u00e9mon\n|rule|OHKO Clause: OHKO moves are banned\n|rule|Evasion Items Clause: Evasion items are banned\n|rule|Evasion Moves Clause: Evasion moves are banned\n|rule|Endless Battle Clause: Forcing endless battles is banned\n|rule|HP Percentage Mod: HP is shown in percentages\n|clearpoke\n|poke|p1|Gholdengo|\n|poke|p1|Greninja-*, F|\n|poke|p1|Kleavor, M|\n|poke|p1|Sylveon, M|\n|poke|p1|Mudsdale, M|\n|poke|p1|Infernape, F|\n|poke|p2|Samurott-Hisui, M|\n|poke|p2|Gengar, F|\n|poke|p2|Kingambit, M|\n|poke|p2|Hatterene, F|\n|poke|p2|Toxapex, F|\n|poke|p2|Zamazenta-*|\n|teampreview\n|inactive|Battle timer is ON: inactive players will automatically lose when time's up. (requested by Hestartsagain)\n|\n|t:|1700404954\n|start\n|switch|p1a: Greninja|Greninja, F|100\/100\n|switch|p2a: Samurott|Samurott-Hisui, M|100\/100\n|turn|1\n|\n|t:|1700404961\n|switch|p2a: Toxapex|Toxapex, F|100\/100\n|move|p1a: Greninja|U-turn|p2a: Toxapex\n|-start|p1a: Greninja|typechange|Bug|[from] ability: Protean\n|-resisted|p2a: Toxapex\n|-damage|p2a: Toxapex|92\/100\n|\n|t:|1700404968\n|switch|p1a: Gholdengo|Gholdengo|100\/100|[from] U-turn\n|\n|-heal|p2a: Toxapex|98\/100|[from] item: Black Sludge\n|upkeep\n|turn|2\n|\n|t:|1700404974\n|move|p1a: Gholdengo|Nasty Plot|p1a: Gholdengo\n|-boost|p1a: Gholdengo|spa|2\n|move|p2a: Toxapex|Ice Beam|p1a: Gholdengo\n|-resisted|p1a: Gholdengo\n|-damage|p1a: Gholdengo|95\/100\n|\n|-heal|p2a: Toxapex|100\/100|[from] item: Black Sludge\n|upkeep\n|turn|3\n|\n|t:|1700404982\n|move|p1a: Gholdengo|Shadow Ball|p2a: Toxapex\n|-damage|p2a: Toxapex|55\/100\n|-unboost|p2a: Toxapex|spd|1\n|move|p2a: Toxapex|Haze|p2a: Toxapex\n|-clearallboost\n|\n|-heal|p2a: Toxapex|61\/100|[from] item: Black Sludge\n|upkeep\n|turn|4\n|\n|t:|1700404992\n|move|p1a: Gholdengo|Nasty Plot|p1a: Gholdengo\n|-boost|p1a: Gholdengo|spa|2\n|move|p2a: Toxapex|Ice Beam|p1a: Gholdengo\n|-resisted|p1a: Gholdengo\n|-damage|p1a: Gholdengo|89\/100\n|\n|-heal|p2a: Toxapex|67\/100|[from] item: Black Sludge\n|upkeep\n|turn|5\n|\n|t:|1700405000\n|move|p1a: Gholdengo|Shadow Ball|p2a: Toxapex\n|-damage|p2a: Toxapex|19\/100\n|move|p2a: Toxapex|Haze|p2a: Toxapex\n|-clearallboost\n|\n|-heal|p2a: Toxapex|25\/100|[from] item: Black Sludge\n|upkeep\n|turn|6\n|\n|t:|1700405009\n|switch|p2a: Kingambit|Kingambit, M|100\/100\n|move|p1a: Gholdengo|Shadow Ball|p2a: Kingambit\n|-resisted|p2a: Kingambit\n|-damage|p2a: Kingambit|82\/100\n|\n|upkeep\n|turn|7\n|\n|t:|1700405015\n|switch|p1a: Mudsdale|Mudsdale, M|100\/100\n|move|p2a: Kingambit|Kowtow Cleave|p1a: Mudsdale\n|-damage|p1a: Mudsdale|67\/100\n|-ability|p1a: Mudsdale|Stamina|boost\n|-boost|p1a: Mudsdale|def|1\n|\n|upkeep\n|turn|8\n|\n|t:|1700405026\n|-end|p2a: Kingambit|fallenundefined|[silent]\n|switch|p2a: Hatterene|Hatterene, F|100\/100\n|move|p1a: Mudsdale|Earthquake|p2a: Hatterene\n|-damage|p2a: Hatterene|66\/100\n|\n|-heal|p2a: Hatterene|72\/100|[from] item: Leftovers\n|upkeep\n|turn|9\n|\n|t:|1700405036\n|switch|p1a: Sylveon|Sylveon, M|100\/100\n|move|p2a: Hatterene|Calm Mind|p2a: Hatterene\n|-boost|p2a: Hatterene|spa|1\n|-boost|p2a: Hatterene|spd|1\n|\n|-heal|p2a: Hatterene|78\/100|[from] item: Leftovers\n|upkeep\n|turn|10\n|\n|t:|1700405042\n|move|p1a: Sylveon|Hyper Voice|p2a: Hatterene\n|-damage|p2a: Hatterene|51\/100\n|move|p2a: Hatterene|Nuzzle|p1a: Sylveon\n|-damage|p1a: Sylveon|97\/100\n|-status|p1a: Sylveon|par\n|-damage|p2a: Hatterene|35\/100|[from] item: Rocky Helmet|[of] p1a: Sylveon\n|\n|-heal|p2a: Hatterene|41\/100|[from] item: Leftovers\n|upkeep\n|turn|11\n|\n|t:|1700405051\n|move|p2a: Hatterene|Calm Mind|p2a: Hatterene\n|-boost|p2a: Hatterene|spa|1\n|-boost|p2a: Hatterene|spd|1\n|move|p1a: Sylveon|Hyper Voice|p2a: Hatterene\n|-damage|p2a: Hatterene|21\/100\n|\n|-heal|p2a: Hatterene|27\/100|[from] item: Leftovers\n|upkeep\n|turn|12\n|\n|t:|1700405058\n|switch|p1a: Kleavor|Kleavor, M|100\/100\n|move|p2a: Hatterene|Draining Kiss|p1a: Kleavor\n|-damage|p1a: Kleavor|41\/100\n|-heal|p2a: Hatterene|74\/100|[from] drain|[of] p1a: Kleavor\n|\n|-heal|p2a: Hatterene|80\/100|[from] item: Leftovers\n|upkeep\n|turn|13\n|\n|t:|1700405065\n|move|p1a: Kleavor|Stone Axe|p2a: Hatterene\n|-damage|p2a: Hatterene|35\/100\n|-sidestart|p2: levraimandarin|move: Stealth Rock\n|move|p2a: Hatterene|Draining Kiss|p1a: Kleavor\n|-damage|p1a: Kleavor|0 fnt\n|-heal|p2a: Hatterene|67\/100|[from] drain|[of] p1a: Kleavor\n|faint|p1a: Kleavor\n|\n|-heal|p2a: Hatterene|73\/100|[from] item: Leftovers\n|upkeep\n|\n|t:|1700405067\n|switch|p1a: Gholdengo|Gholdengo|89\/100\n|turn|14\n|\n|t:|1700405082\n|move|p1a: Gholdengo|Shadow Ball|p2a: Hatterene\n|-supereffective|p2a: Hatterene\n|-damage|p2a: Hatterene|33\/100\n|move|p2a: Hatterene|Draining Kiss|p1a: Gholdengo\n|-resisted|p1a: Gholdengo\n|-damage|p1a: Gholdengo|65\/100\n|-heal|p2a: Hatterene|54\/100|[from] drain|[of] p1a: Gholdengo\n|\n|-heal|p2a: Hatterene|60\/100|[from] item: Leftovers\n|upkeep\n|turn|15\n|\n|t:|1700405091\n|move|p1a: Gholdengo|Nasty Plot|p1a: Gholdengo\n|-boost|p1a: Gholdengo|spa|2\n|move|p2a: Hatterene|Draining Kiss|p1a: Gholdengo\n|-resisted|p1a: Gholdengo\n|-damage|p1a: Gholdengo|42\/100\n|-heal|p2a: Hatterene|80\/100|[from] drain|[of] p1a: Gholdengo\n|\n|-heal|p2a: Hatterene|86\/100|[from] item: Leftovers\n|upkeep\n|turn|16\n|\n|t:|1700405102\n|switch|p2a: Toxapex|Toxapex, F|58\/100\n|-damage|p2a: Toxapex|46\/100|[from] Stealth Rock\n|move|p1a: Gholdengo|Shadow Ball|p2a: Toxapex\n|-damage|p2a: Toxapex|0 fnt\n|faint|p2a: Toxapex\n|\n|upkeep\n|\n|t:|1700405117\n|switch|p2a: Gengar|Gengar, F|100\/100\n|-damage|p2a: Gengar|88\/100|[from] Stealth Rock\n|turn|17\n|\n|t:|1700405121\n|switch|p1a: Mudsdale|Mudsdale, M|67\/100\n|move|p2a: Gengar|Shadow Ball|p1a: Mudsdale\n|-damage|p1a: Mudsdale|39\/100\n|-unboost|p1a: Mudsdale|spd|1\n|-ability|p1a: Mudsdale|Stamina|boost\n|-boost|p1a: Mudsdale|def|1\n|\n|upkeep\n|turn|18\n|\n|t:|1700405129\n|move|p2a: Gengar|Shadow Ball|p1a: Mudsdale\n|-damage|p1a: Mudsdale|0 fnt\n|faint|p1a: Mudsdale\n|\n|upkeep\n|c|\u2606Hestartsagain|Gg to PURE LUCK\n|\n|t:|1700405140\n|switch|p1a: Greninja|Greninja, F|100\/100\n|turn|19\n|c|\u2606levraimandarin|hehe\n|c|\u2606levraimandarin|squid gaaaaame\n|c|\u2606Hestartsagain|Hehe so bad\n|\n|t:|1700405150\n|switch|p2a: Samurott|Samurott-Hisui, M|100\/100\n|-damage|p2a: Samurott|88\/100|[from] Stealth Rock\n|move|p1a: Greninja|Dark Pulse|p2a: Samurott\n|-start|p1a: Greninja|typechange|Dark|[from] ability: Protean\n|-resisted|p2a: Samurott\n|-damage|p2a: Samurott|57\/100\n|\n|upkeep\n|turn|20\n|c|\u2606levraimandarin|im strong\n|\n|t:|1700405159\n|switch|p1a: Sylveon|Sylveon, M|97\/100 par\n|move|p2a: Samurott|Aqua Cutter|p1a: Sylveon\n|-damage|p1a: Sylveon|52\/100 par\n|\n|upkeep\n|turn|21\n|c|\u2606Hestartsagain|Strong?? Deluded mayve\n|\n|t:|1700405171\n|move|p2a: Samurott|Ceaseless Edge|p1a: Sylveon\n|-resisted|p1a: Sylveon\n|-damage|p1a: Sylveon|30\/100 par\n|-damage|p2a: Samurott|40\/100|[from] item: Rocky Helmet|[of] p1a: Sylveon\n|-sidestart|p1: Hestartsagain|Spikes\n|move|p1a: Sylveon|Hyper Voice|p2a: Samurott\n|-supereffective|p2a: Samurott\n|-damage|p2a: Samurott|0 fnt\n|faint|p2a: Samurott\n|\n|upkeep\n|\n|t:|1700405181\n|switch|p2a: Hatterene|Hatterene, F|86\/100\n|-damage|p2a: Hatterene|74\/100|[from] Stealth Rock\n|turn|22\n|\n|t:|1700405186\n|move|p2a: Hatterene|Calm Mind|p2a: Hatterene\n|-boost|p2a: Hatterene|spa|1\n|-boost|p2a: Hatterene|spd|1\n|move|p1a: Sylveon|Wish|p1a: Sylveon\n|\n|-heal|p2a: Hatterene|80\/100|[from] item: Leftovers\n|upkeep\n|turn|23\n|\n|t:|1700405192\n|switch|p1a: Gholdengo|Gholdengo|42\/100\n|-damage|p1a: Gholdengo|29\/100|[from] Spikes\n|move|p2a: Hatterene|Calm Mind|p2a: Hatterene\n|-boost|p2a: Hatterene|spa|1\n|-boost|p2a: Hatterene|spd|1\n|\n|-heal|p1a: Gholdengo|81\/100|[from] move: Wish|[wisher] Sylveon\n|-heal|p2a: Hatterene|86\/100|[from] item: Leftovers\n|upkeep\n|turn|24\n|\n|t:|1700405202\n|switch|p2a: Gengar|Gengar, F|88\/100\n|-damage|p2a: Gengar|76\/100|[from] Stealth Rock\n|move|p1a: Gholdengo|Nasty Plot|p1a: Gholdengo\n|-boost|p1a: Gholdengo|spa|2\n|\n|upkeep\n|turn|25\n|\n|t:|1700405209\n|switch|p1a: Sylveon|Sylveon, M|30\/100 par\n|-damage|p1a: Sylveon|18\/100 par|[from] Spikes\n|move|p2a: Gengar|Shadow Ball|p1a: Sylveon\n|-damage|p1a: Sylveon|0 fnt\n|faint|p1a: Sylveon\n|\n|upkeep\n|\n|t:|1700405210\n|switch|p1a: Greninja|Greninja, F|100\/100\n|-damage|p1a: Greninja|88\/100|[from] Spikes\n|turn|26\n|inactive|levraimandarin has 120 seconds left.\n|\n|t:|1700405241\n|switch|p2a: Kingambit|Kingambit, M|82\/100\n|-damage|p2a: Kingambit|76\/100|[from] Stealth Rock\n|-activate|p2a: Kingambit|ability: Supreme Overlord\n|-start|p2a: Kingambit|fallen2|[silent]\n|move|p1a: Greninja|U-turn|p2a: Kingambit\n|-start|p1a: Greninja|typechange|Bug|[from] ability: Protean\n|-damage|p2a: Kingambit|59\/100\n|\n|t:|1700405244\n|switch|p1a: Infernape|Infernape, F|100\/100|[from] U-turn\n|-damage|p1a: Infernape|88\/100|[from] Spikes\n|\n|upkeep\n|turn|27\n|\n|t:|1700405254\n|move|p1a: Infernape|Nasty Plot|p1a: Infernape\n|-boost|p1a: Infernape|spa|2\n|move|p2a: Kingambit|Kowtow Cleave|p1a: Infernape\n|-resisted|p1a: Infernape\n|-damage|p1a: Infernape|36\/100\n|\n|upkeep\n|turn|28\n|\n|t:|1700405262\n|-terastallize|p2a: Kingambit|Dark\n|move|p1a: Infernape|Vacuum Wave|p2a: Kingambit\n|-supereffective|p2a: Kingambit\n|-damage|p2a: Kingambit|0 fnt\n|faint|p2a: Kingambit\n|-end|p2a: Kingambit|fallen2|[silent]\n|\n|upkeep\n|\n|t:|1700405267\n|switch|p2a: Gengar|Gengar, F|76\/100\n|-damage|p2a: Gengar|64\/100|[from] Stealth Rock\n|turn|29\n|\n|t:|1700405270\n|move|p2a: Gengar|Shadow Ball|p1a: Infernape\n|-damage|p1a: Infernape|0 fnt\n|faint|p1a: Infernape\n|\n|upkeep\n|\n|t:|1700405273\n|switch|p1a: Greninja|Greninja, F|88\/100\n|-damage|p1a: Greninja|76\/100|[from] Spikes\n|turn|30\n|\n|t:|1700405277\n|move|p2a: Gengar|Shadow Ball|p1a: Greninja\n|-resisted|p1a: Greninja\n|-damage|p1a: Greninja|45\/100\n|move|p1a: Greninja|Extrasensory|p2a: Gengar\n|-start|p1a: Greninja|typechange|Psychic|[from] ability: Protean\n|-supereffective|p2a: Gengar\n|-damage|p2a: Gengar|0 fnt\n|faint|p2a: Gengar\n|\n|upkeep\n|c|\u2606levraimandarin|hm\n|c|\u2606levraimandarin|gg\n|\n|t:|1700405288\n|switch|p2a: Zamazenta|Zamazenta|100\/100\n|-damage|p2a: Zamazenta|94\/100|[from] Stealth Rock\n|-ability|p2a: Zamazenta|Dauntless Shield|boost\n|-boost|p2a: Zamazenta|def|1\n|turn|31\n|\n|t:|1700405293\n|move|p1a: Greninja|Extrasensory|p2a: Zamazenta\n|-supereffective|p2a: Zamazenta\n|-damage|p2a: Zamazenta|27\/100\n|move|p2a: Zamazenta|Crunch|p1a: Greninja\n|-supereffective|p1a: Greninja\n|-damage|p1a: Greninja|0 fnt\n|faint|p1a: Greninja\n|\n|-heal|p2a: Zamazenta|33\/100|[from] item: Leftovers\n|upkeep\n|\n|t:|1700405295\n|switch|p1a: Gholdengo|Gholdengo|81\/100\n|-damage|p1a: Gholdengo|69\/100|[from] Spikes\n|turn|32\n|c|\u2606levraimandarin|EEEEEE\n|c|\u2606levraimandarin|EEEEE\n|c|\u2606levraimandarin|EEEEE\n|c|\u2606levraimandarin|EEEE\n|c|\u2606levraimandarin|EEE\n|\n|t:|1700405305\n|-terastallize|p1a: Gholdengo|Ghost\n|move|p2a: Zamazenta|Crunch|p1a: Gholdengo\n|-supereffective|p1a: Gholdengo\n|-enditem|p1a: Gholdengo|Colbur Berry|[eat]\n|-enditem|p1a: Gholdengo|Colbur Berry|[weaken]\n|-damage|p1a: Gholdengo|52\/100\n|move|p1a: Gholdengo|Shadow Ball|p2a: Zamazenta\n|-damage|p2a: Zamazenta|0 fnt\n|faint|p2a: Zamazenta\n|\n|upkeep\n|\n|t:|1700405313\n|switch|p2a: Hatterene|Hatterene, F|86\/100\n|-damage|p2a: Hatterene|74\/100|[from] Stealth Rock\n|turn|33\n|c|\u2606Hestartsagain|Who needs hax?\n|c|\u2606Hestartsagain|strong? Lol lol lol\n|c|\u2606levraimandarin|UR MOM\n|\n|t:|1700405325\n|move|p1a: Gholdengo|Nasty Plot|p1a: Gholdengo\n|-boost|p1a: Gholdengo|spa|2\n|move|p2a: Hatterene|Calm Mind|p2a: Hatterene\n|-boost|p2a: Hatterene|spa|1\n|-boost|p2a: Hatterene|spd|1\n|\n|-heal|p2a: Hatterene|80\/100|[from] item: Leftovers\n|upkeep\n|turn|34\n|\n|t:|1700405332\n|move|p1a: Gholdengo|Shadow Ball|p2a: Hatterene\n|-supereffective|p2a: Hatterene\n|-damage|p2a: Hatterene|0 fnt\n|faint|p2a: Hatterene\n|\n|win|Hestartsagain\n|raw|Hestartsagain's rating: 1359 &rarr; <strong>1387<\/strong><br \/>(+28 for winning)\n|raw|levraimandarin's rating: 1505 &rarr; <strong>1477<\/strong><br \/>(-28 for losing)\n|l|\u2606levraimandarin\n","uploadtime":1700405508,"views":5,"p1id":"hestartsagain","p2id":"levraimandarin","formatid":"gen9ou","rating":1387,"private":0,"password":""}