{"id":"gen9ou-1994348370","p1":"ImhoPitit","p2":"Myneko","format":"[Gen 9] OU","log":"|j|\u2606ImhoPitit\n|j|\u2606Myneko\n|t:|1700433758\n|gametype|singles\n|player|p1|ImhoPitit|lucas|1399\n|player|p2|Myneko|101|1432\n|teamsize|p1|6\n|teamsize|p2|6\n|gen|9\n|tier|[Gen 9] OU\n|rated|\n|rule|Sleep Clause Mod: Limit one foe put to sleep\n|rule|Species Clause: Limit one of each Pok\u00e9mon\n|rule|OHKO Clause: OHKO moves are banned\n|rule|Evasion Items Clause: Evasion items are banned\n|rule|Evasion Moves Clause: Evasion moves are banned\n|rule|Endless Battle Clause: Forcing endless battles is banned\n|rule|HP Percentage Mod: HP is shown in percentages\n|clearpoke\n|poke|p1|Enamorus, F|\n|poke|p1|Dragapult, M|\n|poke|p1|Iron Valiant|\n|poke|p1|Gholdengo|\n|poke|p1|Dragonite, M|\n|poke|p1|Iron Treads|\n|poke|p2|Torkoal, M|\n|poke|p2|Walking Wake|\n|poke|p2|Lilligant, F|\n|poke|p2|Ceruledge, M|\n|poke|p2|Great Tusk|\n|poke|p2|Hatterene, F|\n|teampreview\n|inactive|Battle timer is ON: inactive players will automatically lose when time's up. (requested by ImhoPitit)\n|\n|t:|1700433765\n|start\n|switch|p1a: Iron Treads|Iron Treads|100\/100\n|switch|p2a: Torkoal|Torkoal, M|100\/100\n|-weather|SunnyDay|[from] ability: Drought|[of] p2a: Torkoal\n|-enditem|p1a: Iron Treads|Booster Energy\n|-activate|p1a: Iron Treads|ability: Quark Drive|[fromitem]\n|-start|p1a: Iron Treads|quarkdrivespe\n|turn|1\n|\n|t:|1700433775\n|switch|p2a: Hatterene|Hatterene, F|100\/100\n|move|p1a: Iron Treads|Knock Off|p2a: Hatterene\n|-damage|p2a: Hatterene|77\/100\n|-enditem|p2a: Hatterene|Eject Button|[from] move: Knock Off|[of] p1a: Iron Treads\n|\n|-weather|SunnyDay|[upkeep]\n|upkeep\n|turn|2\n|\n|t:|1700433787\n|move|p1a: Iron Treads|Rapid Spin|p2a: Hatterene\n|-damage|p2a: Hatterene|65\/100\n|-boost|p1a: Iron Treads|spe|1\n|move|p2a: Hatterene|Psychic|p1a: Iron Treads\n|-resisted|p1a: Iron Treads\n|-damage|p1a: Iron Treads|73\/100\n|\n|-weather|SunnyDay|[upkeep]\n|upkeep\n|turn|3\n|\n|t:|1700433796\n|move|p1a: Iron Treads|Earthquake|p2a: Hatterene\n|-damage|p2a: Hatterene|28\/100\n|move|p2a: Hatterene|Psychic|p1a: Iron Treads\n|-resisted|p1a: Iron Treads\n|-damage|p1a: Iron Treads|45\/100\n|\n|-weather|SunnyDay|[upkeep]\n|upkeep\n|turn|4\n|\n|t:|1700433805\n|move|p1a: Iron Treads|Earthquake|p2a: Hatterene\n|-damage|p2a: Hatterene|0 fnt\n|faint|p2a: Hatterene\n|\n|-weather|SunnyDay|[upkeep]\n|upkeep\n|\n|t:|1700433807\n|switch|p2a: Great Tusk|Great Tusk|100\/100\n|-activate|p2a: Great Tusk|ability: Protosynthesis\n|-start|p2a: Great Tusk|protosynthesisspe\n|turn|5\n|\n|t:|1700433817\n|move|p1a: Iron Treads|Ice Spinner|p2a: Great Tusk\n|-supereffective|p2a: Great Tusk\n|-damage|p2a: Great Tusk|73\/100\n|move|p2a: Great Tusk|Earthquake|p1a: Iron Treads\n|-supereffective|p1a: Iron Treads\n|-damage|p1a: Iron Treads|0 fnt\n|faint|p1a: Iron Treads\n|-end|p1a: Iron Treads|Quark Drive|[silent]\n|\n|-weather|SunnyDay|[upkeep]\n|-heal|p2a: Great Tusk|79\/100|[from] item: Leftovers\n|upkeep\n|\n|t:|1700433831\n|switch|p1a: Gardien|Iron Valiant|100\/100\n|-enditem|p1a: Gardien|Booster Energy\n|-activate|p1a: Gardien|ability: Quark Drive|[fromitem]\n|-start|p1a: Gardien|quarkdrivespe\n|turn|6\n|\n|t:|1700433838\n|-end|p2a: Great Tusk|Protosynthesis|[silent]\n|switch|p2a: Ceruledge|Ceruledge, M|100\/100\n|move|p1a: Gardien|Moonblast|p2a: Ceruledge\n|-resisted|p2a: Ceruledge\n|-damage|p2a: Ceruledge|79\/100\n|\n|-weather|SunnyDay|[upkeep]\n|upkeep\n|turn|7\n|\n|t:|1700433847\n|move|p1a: Gardien|Psyshock|p2a: Ceruledge\n|-damage|p2a: Ceruledge|45\/100\n|move|p2a: Ceruledge|Bitter Blade|p1a: Gardien\n|-damage|p1a: Gardien|0 fnt\n|-heal|p2a: Ceruledge|86\/100|[from] drain|[of] p1a: Gardien\n|faint|p1a: Gardien\n|-end|p1a: Gardien|Quark Drive|[silent]\n|-damage|p2a: Ceruledge|77\/100|[from] item: Life Orb\n|\n|-weather|SunnyDay|[upkeep]\n|upkeep\n|\n|t:|1700433858\n|switch|p1a: Trop mang\u00e9|Dragonite, M|100\/100\n|turn|8\n|\n|t:|1700433865\n|switch|p2a: Great Tusk|Great Tusk|79\/100\n|-activate|p2a: Great Tusk|ability: Protosynthesis\n|-start|p2a: Great Tusk|protosynthesisspe\n|move|p1a: Trop mang\u00e9|Earthquake|p2a: Great Tusk\n|-damage|p2a: Great Tusk|56\/100\n|\n|-weather|none\n|-end|p2a: Great Tusk|Protosynthesis\n|-heal|p2a: Great Tusk|62\/100|[from] item: Leftovers\n|upkeep\n|turn|9\n|\n|t:|1700433877\n|switch|p1a: Lingot|Gholdengo|100\/100\n|-item|p1a: Lingot|Air Balloon\n|move|p2a: Great Tusk|Ice Spinner|p1a: Lingot\n|-resisted|p1a: Lingot\n|-damage|p1a: Lingot|88\/100\n|-enditem|p1a: Lingot|Air Balloon\n|\n|-heal|p2a: Great Tusk|68\/100|[from] item: Leftovers\n|upkeep\n|turn|10\n|\n|t:|1700433889\n|switch|p1a: Boa|Enamorus, F|100\/100\n|move|p2a: Great Tusk|Earthquake|p1a: Boa\n|-immune|p1a: Boa\n|\n|-heal|p2a: Great Tusk|74\/100|[from] item: Leftovers\n|upkeep\n|turn|11\n|\n|t:|1700433899\n|-end|p2a: Great Tusk|Protosynthesis|[silent]\n|switch|p2a: Torkoal|Torkoal, M|100\/100\n|-weather|SunnyDay|[from] ability: Drought|[of] p2a: Torkoal\n|move|p1a: Boa|Earth Power|p2a: Torkoal\n|-supereffective|p2a: Torkoal\n|-damage|p2a: Torkoal|19\/100\n|\n|-weather|SunnyDay|[upkeep]\n|upkeep\n|turn|12\n|\n|t:|1700433909\n|switch|p2a: Walking Wake|Walking Wake|100\/100\n|-activate|p2a: Walking Wake|ability: Protosynthesis\n|-start|p2a: Walking Wake|protosynthesisspa\n|move|p1a: Boa|Earth Power|p2a: Walking Wake\n|-damage|p2a: Walking Wake|61\/100\n|\n|-weather|SunnyDay|[upkeep]\n|upkeep\n|turn|13\n|\n|t:|1700433920\n|switch|p1a: Lingot|Gholdengo|88\/100\n|move|p2a: Walking Wake|Hydro Steam|p1a: Lingot\n|-damage|p1a: Lingot|0 fnt\n|faint|p1a: Lingot\n|\n|-weather|SunnyDay|[upkeep]\n|upkeep\n|\n|t:|1700433929\n|switch|p1a: Vion|Dragapult, M|100\/100\n|turn|14\n|\n|t:|1700433941\n|-end|p2a: Walking Wake|Protosynthesis|[silent]\n|switch|p2a: Ceruledge|Ceruledge, M|77\/100\n|move|p1a: Vion|Dragon Darts|p2a: Ceruledge\n|-damage|p2a: Ceruledge|44\/100\n|-anim|p1a: Vion|Dragon Darts|p2a: Ceruledge\n|-damage|p2a: Ceruledge|11\/100\n|\n|-weather|SunnyDay|[upkeep]\n|upkeep\n|turn|15\n|\n|t:|1700433953\n|switch|p1a: Trop mang\u00e9|Dragonite, M|100\/100\n|move|p2a: Ceruledge|Shadow Sneak|p1a: Trop mang\u00e9\n|-damage|p1a: Trop mang\u00e9|85\/100\n|-damage|p2a: Ceruledge|1\/100|[from] item: Life Orb\n|\n|-weather|SunnyDay|[upkeep]\n|upkeep\n|turn|16\n|\n|t:|1700433966\n|move|p1a: Trop mang\u00e9|Dragon Dance|p1a: Trop mang\u00e9\n|-boost|p1a: Trop mang\u00e9|atk|1\n|-boost|p1a: Trop mang\u00e9|spe|1\n|move|p2a: Ceruledge|Poltergeist|p1a: Trop mang\u00e9\n|-activate|p1a: Trop mang\u00e9|move: Poltergeist|Heavy-Duty Boots\n|-crit|p1a: Trop mang\u00e9\n|-damage|p1a: Trop mang\u00e9|0 fnt\n|faint|p1a: Trop mang\u00e9\n|-damage|p2a: Ceruledge|0 fnt|[from] item: Life Orb\n|faint|p2a: Ceruledge\n|\n|-weather|SunnyDay|[upkeep]\n|upkeep\n|c|\u2606ImhoPitit|F hax\n|\n|t:|1700433987\n|switch|p1a: Vion|Dragapult, M|100\/100\n|switch|p2a: Great Tusk|Great Tusk|74\/100\n|-activate|p2a: Great Tusk|ability: Protosynthesis\n|-start|p2a: Great Tusk|protosynthesisspe\n|turn|17\n|c|\u2606Myneko|nah i would win\n|\n|t:|1700433993\n|switch|p1a: Boa|Enamorus, F|100\/100\n|move|p2a: Great Tusk|Knock Off|p1a: Boa\n|-resisted|p1a: Boa\n|-damage|p1a: Boa|78\/100\n|-enditem|p1a: Boa|Leftovers|[from] move: Knock Off|[of] p2a: Great Tusk\n|\n|-weather|SunnyDay|[upkeep]\n|-heal|p2a: Great Tusk|81\/100|[from] item: Leftovers\n|upkeep\n|turn|18\n|\n|t:|1700434004\n|move|p2a: Great Tusk|Ice Spinner|p1a: Boa\n|-supereffective|p1a: Boa\n|-damage|p1a: Boa|2\/100\n|move|p1a: Boa|Moonblast|p2a: Great Tusk\n|-supereffective|p2a: Great Tusk\n|-damage|p2a: Great Tusk|0 fnt\n|faint|p2a: Great Tusk\n|-end|p2a: Great Tusk|Protosynthesis|[silent]\n|\n|-weather|none\n|upkeep\n|\n|t:|1700434007\n|switch|p2a: Torkoal|Torkoal, M|19\/100\n|-weather|SunnyDay|[from] ability: Drought|[of] p2a: Torkoal\n|turn|19\n|c|\u2606ImhoPitit|Yes with the hax\n|c|\u2606ImhoPitit|the crit killed\n|inactive|ImhoPitit has 120 seconds left.\n|c|\u2606Myneko|you are so bad\n|c|\u2606Myneko|so just forteit\n|\n|t:|1700434048\n|move|p1a: Boa|Earth Power|p2a: Torkoal\n|-supereffective|p2a: Torkoal\n|-damage|p2a: Torkoal|0 fnt\n|faint|p2a: Torkoal\n|\n|-weather|SunnyDay|[upkeep]\n|upkeep\n|c|\u2606Myneko|or let me win stalling the time\n|\n|t:|1700434056\n|switch|p2a: Walking Wake|Walking Wake|61\/100\n|-activate|p2a: Walking Wake|ability: Protosynthesis\n|-start|p2a: Walking Wake|protosynthesisspa\n|turn|20\n|\n|t:|1700434063\n|move|p2a: Walking Wake|Hydro Steam|p1a: Boa\n|-damage|p1a: Boa|0 fnt\n|faint|p1a: Boa\n|\n|-weather|SunnyDay|[upkeep]\n|upkeep\n|\n|t:|1700434069\n|switch|p1a: Vion|Dragapult, M|100\/100\n|turn|21\n|\n|t:|1700434074\n|move|p1a: Vion|Dragon Dance|p1a: Vion\n|-boost|p1a: Vion|atk|1\n|-boost|p1a: Vion|spe|1\n|move|p2a: Walking Wake|Hydro Steam|p1a: Vion\n|-resisted|p1a: Vion\n|-damage|p1a: Vion|13\/100\n|\n|-weather|SunnyDay|[upkeep]\n|upkeep\n|turn|22\n|\n|t:|1700434083\n|move|p1a: Vion|Phantom Force||[still]\n|-prepare|p1a: Vion|Phantom Force\n|move|p2a: Walking Wake|Hydro Steam|p1a: Vion|[miss]\n|-miss|p2a: Walking Wake|p1a: Vion\n|\n|-weather|SunnyDay|[upkeep]\n|upkeep\n|turn|23\n|\n|t:|1700434090\n|move|p1a: Vion|Phantom Force|p2a: Walking Wake|[from]lockedmove\n|-damage|p2a: Walking Wake|0 fnt\n|faint|p2a: Walking Wake\n|-end|p2a: Walking Wake|Protosynthesis|[silent]\n|\n|-weather|SunnyDay|[upkeep]\n|upkeep\n|\n|t:|1700434092\n|switch|p2a: Lilligant|Lilligant, F|100\/100\n|turn|24\n|\n|t:|1700434100\n|-terastallize|p1a: Vion|Fire\n|move|p1a: Vion|Tera Blast|p2a: Lilligant|[anim] Tera Blast Fire\n|-supereffective|p2a: Lilligant\n|-damage|p2a: Lilligant|0 fnt\n|faint|p2a: Lilligant\n|\n|win|ImhoPitit\n|raw|ImhoPitit's rating: 1399 &rarr; <strong>1421<\/strong><br \/>(+22 for winning)\n|raw|Myneko's rating: 1432 &rarr; <strong>1410<\/strong><br \/>(-22 for losing)\n|l|\u2606Myneko\n|c|\u2606ImhoPitit|\ud83d\ude02\ud83d\ude02\ud83d\ude02\n|c|\u2606ImhoPitit|who is bad ?\n","uploadtime":1700434168,"views":22,"p1id":"imhopitit","p2id":"myneko","formatid":"gen9ou","rating":1410,"private":0,"password":""}