{"id":"gen9ou-1993941994","p1":"ayyk_47","p2":"cactusdestroyer","format":"[Gen 9] OU","log":"|j|\u2606ayyk_47\n|j|\u2606cactusdestroyer\n|t:|1700379624\n|gametype|singles\n|player|p1|ayyk_47|medium|1592\n|player|p2|cactusdestroyer|benga|1604\n|teamsize|p1|6\n|teamsize|p2|6\n|gen|9\n|tier|[Gen 9] OU\n|rated|\n|rule|Sleep Clause Mod: Limit one foe put to sleep\n|rule|Species Clause: Limit one of each Pok\u00e9mon\n|rule|OHKO Clause: OHKO moves are banned\n|rule|Evasion Items Clause: Evasion items are banned\n|rule|Evasion Moves Clause: Evasion moves are banned\n|rule|Endless Battle Clause: Forcing endless battles is banned\n|rule|HP Percentage Mod: HP is shown in percentages\n|clearpoke\n|poke|p1|Rillaboom, F|\n|poke|p1|Hawlucha, F|\n|poke|p1|Zamazenta-*|\n|poke|p1|Manaphy|\n|poke|p1|Heatran, M|\n|poke|p1|Hatterene, F|\n|poke|p2|Lokix, F|\n|poke|p2|Dragonite, M|\n|poke|p2|Cresselia, F|\n|poke|p2|Hoopa-Unbound|\n|poke|p2|Kingambit, F|\n|poke|p2|Glimmora, F|\n|teampreview\n|inactive|Battle timer is ON: inactive players will automatically lose when time's up. (requested by ayyk_47)\n|c|\u2606ayyk_47|hf\n|\n|t:|1700379635\n|start\n|switch|p1a: Chrome Dome|Heatran, M, shiny|100\/100\n|switch|p2a: Glimmora|Glimmora, F|100\/100\n|-item|p1a: Chrome Dome|Air Balloon\n|turn|1\n|\n|t:|1700379648\n|switch|p2a: Hoopa|Hoopa-Unbound|100\/100\n|move|p1a: Chrome Dome|Earth Power|p2a: Hoopa\n|-damage|p2a: Hoopa|77\/100\n|\n|upkeep\n|turn|2\n|\n|t:|1700379660\n|move|p2a: Hoopa|Dark Pulse|p1a: Chrome Dome\n|-damage|p1a: Chrome Dome|65\/100\n|-enditem|p1a: Chrome Dome|Air Balloon\n|move|p1a: Chrome Dome|Will-O-Wisp|p2a: Hoopa\n|-status|p2a: Hoopa|brn\n|\n|-damage|p2a: Hoopa|71\/100 brn|[from] brn\n|upkeep\n|turn|3\n|inactive|ayyk_47 has 120 seconds left.\n|inactive|cactusdestroyer has 120 seconds left.\n|\n|t:|1700379697\n|switch|p1a: 50 in the drum|Rillaboom, F, shiny|100\/100\n|-fieldstart|move: Grassy Terrain|[from] ability: Grassy Surge|[of] p1a: 50 in the drum\n|move|p2a: Hoopa|Dark Pulse|p1a: 50 in the drum\n|-damage|p1a: 50 in the drum|35\/100\n|\n|-heal|p2a: Hoopa|77\/100 brn|[from] Grassy Terrain\n|-heal|p1a: 50 in the drum|42\/100|[from] Grassy Terrain\n|-damage|p2a: Hoopa|71\/100 brn|[from] brn\n|upkeep\n|turn|4\n|inactive|cactusdestroyer has 120 seconds left.\n|\n|t:|1700379703\n|switch|p2a: Dragonite|Dragonite, M|100\/100\n|move|p1a: 50 in the drum|Grassy Glide|p2a: Dragonite\n|-resisted|p2a: Dragonite\n|-damage|p2a: Dragonite|94\/100\n|\n|-heal|p1a: 50 in the drum|48\/100|[from] Grassy Terrain\n|upkeep\n|turn|5\n|inactive|cactusdestroyer has 120 seconds left.\n|\n|t:|1700379716\n|switch|p1a: Blue Slime|Manaphy, shiny|100\/100\n|move|p2a: Dragonite|Iron Head|p1a: Blue Slime\n|-resisted|p1a: Blue Slime\n|-damage|p1a: Blue Slime|81\/100\n|\n|-heal|p1a: Blue Slime|87\/100|[from] Grassy Terrain\n|upkeep\n|turn|6\n|inactive|cactusdestroyer has 120 seconds left.\n|\n|t:|1700379743\n|switch|p2a: Lokix|Lokix, F|100\/100\n|move|p1a: Blue Slime|Tail Glow|p1a: Blue Slime\n|-boost|p1a: Blue Slime|spa|3\n|\n|-heal|p1a: Blue Slime|94\/100|[from] Grassy Terrain\n|upkeep\n|turn|7\n|\n|t:|1700379751\n|move|p1a: Blue Slime|Surf|p2a: Lokix\n|-damage|p2a: Lokix|0 fnt\n|faint|p2a: Lokix\n|\n|-heal|p1a: Blue Slime|99\/100|[from] Grassy Terrain\n|-fieldend|move: Grassy Terrain\n|upkeep\n|\n|t:|1700379764\n|switch|p2a: Dragonite|Dragonite, M|94\/100\n|turn|8\n|\n|t:|1700379767\n|move|p1a: Blue Slime|Ice Beam|p2a: Dragonite\n|-supereffective|p2a: Dragonite\n|-damage|p2a: Dragonite|0 fnt\n|faint|p2a: Dragonite\n|\n|upkeep\n|inactive|cactusdestroyer has 120 seconds left.\n|\n|t:|1700379773\n|switch|p2a: Hoopa|Hoopa-Unbound|71\/100 brn\n|turn|9\n|\n|t:|1700379776\n|move|p2a: Hoopa|Thunderbolt|p1a: Blue Slime\n|-supereffective|p1a: Blue Slime\n|-damage|p1a: Blue Slime|34\/100\n|-enditem|p1a: Blue Slime|Sitrus Berry|[eat]\n|-heal|p1a: Blue Slime|59\/100|[from] item: Sitrus Berry\n|move|p1a: Blue Slime|Surf|p2a: Hoopa\n|-damage|p2a: Hoopa|4\/100 brn\n|\n|-damage|p2a: Hoopa|0 fnt|[from] brn\n|faint|p2a: Hoopa\n|upkeep\n|\n|t:|1700379784\n|switch|p2a: Glimmora|Glimmora, F|100\/100\n|turn|10\n|\n|t:|1700379788\n|move|p1a: Blue Slime|Surf|p2a: Glimmora\n|-supereffective|p2a: Glimmora\n|-enditem|p2a: Glimmora|Focus Sash\n|-damage|p2a: Glimmora|1\/100\n|move|p2a: Glimmora|Earth Power|p1a: Blue Slime\n|-damage|p1a: Blue Slime|38\/100\n|\n|upkeep\n|turn|11\n|\n|t:|1700379792\n|move|p1a: Blue Slime|Surf|p2a: Glimmora\n|-supereffective|p2a: Glimmora\n|-damage|p2a: Glimmora|0 fnt\n|faint|p2a: Glimmora\n|\n|upkeep\n|\n|t:|1700379793\n|switch|p2a: Kingambit|Kingambit, F|100\/100\n|-activate|p2a: Kingambit|ability: Supreme Overlord\n|-start|p2a: Kingambit|fallen4|[silent]\n|turn|12\n|\n|t:|1700379797\n|switch|p1a: Pink Lemonade|Zamazenta, shiny|100\/100\n|-ability|p1a: Pink Lemonade|Dauntless Shield|boost\n|-boost|p1a: Pink Lemonade|def|1\n|move|p2a: Kingambit|Sucker Punch||[still]\n|-fail|p2a: Kingambit\n|\n|upkeep\n|turn|13\n|\n|t:|1700379803\n|-end|p2a: Kingambit|fallen4|[silent]\n|switch|p2a: Cresselia|Cresselia, F|100\/100\n|move|p1a: Pink Lemonade|Crunch|p2a: Cresselia\n|-supereffective|p2a: Cresselia\n|-damage|p2a: Cresselia|78\/100\n|-unboost|p2a: Cresselia|def|1\n|\n|-heal|p2a: Cresselia|84\/100|[from] item: Leftovers\n|upkeep\n|turn|14\n|\n|t:|1700379811\n|move|p1a: Pink Lemonade|Crunch|p2a: Cresselia\n|-supereffective|p2a: Cresselia\n|-crit|p2a: Cresselia\n|-damage|p2a: Cresselia|35\/100\n|move|p2a: Cresselia|Calm Mind|p2a: Cresselia\n|-boost|p2a: Cresselia|spa|1\n|-boost|p2a: Cresselia|spd|1\n|\n|-heal|p2a: Cresselia|41\/100|[from] item: Leftovers\n|upkeep\n|turn|15\n|\n|t:|1700379822\n|switch|p1a: Chrome Dome|Heatran, M, shiny|65\/100\n|-terastallize|p2a: Cresselia|Fighting\n|move|p2a: Cresselia|Moonlight|p2a: Cresselia\n|-heal|p2a: Cresselia|91\/100\n|\n|-heal|p2a: Cresselia|97\/100|[from] item: Leftovers\n|upkeep\n|turn|16\n|\n|t:|1700379826\n|move|p2a: Cresselia|Calm Mind|p2a: Cresselia\n|-boost|p2a: Cresselia|spa|1\n|-boost|p2a: Cresselia|spd|1\n|move|p1a: Chrome Dome|Taunt|p2a: Cresselia\n|-start|p2a: Cresselia|move: Taunt\n|\n|-heal|p2a: Cresselia|100\/100|[from] item: Leftovers\n|upkeep\n|turn|17\n|\n|t:|1700379830\n|move|p2a: Cresselia|Tera Blast|p1a: Chrome Dome|[anim] Tera Blast Fighting\n|-supereffective|p1a: Chrome Dome\n|-damage|p1a: Chrome Dome|6\/100\n|move|p1a: Chrome Dome|Will-O-Wisp|p2a: Cresselia\n|-status|p2a: Cresselia|brn\n|\n|-damage|p2a: Cresselia|94\/100 brn|[from] brn\n|upkeep\n|turn|18\n|\n|t:|1700379833\n|move|p2a: Cresselia|Tera Blast|p1a: Chrome Dome|[anim] Tera Blast Fighting\n|-supereffective|p1a: Chrome Dome\n|-crit|p1a: Chrome Dome\n|-damage|p1a: Chrome Dome|0 fnt\n|faint|p1a: Chrome Dome\n|\n|-heal|p2a: Cresselia|100\/100 brn|[from] item: Leftovers\n|-damage|p2a: Cresselia|94\/100 brn|[from] brn\n|upkeep\n|\n|t:|1700379837\n|switch|p1a: 50 in the drum|Rillaboom, F, shiny|48\/100\n|-fieldstart|move: Grassy Terrain|[from] ability: Grassy Surge|[of] p1a: 50 in the drum\n|turn|19\n|\n|t:|1700379846\n|move|p1a: 50 in the drum|Wood Hammer|p2a: Cresselia\n|-damage|p2a: Cresselia|0 fnt\n|faint|p2a: Cresselia\n|-damage|p1a: 50 in the drum|11\/100|[from] Recoil\n|\n|-heal|p1a: 50 in the drum|17\/100|[from] Grassy Terrain\n|upkeep\n|\n|t:|1700379850\n|switch|p2a: Kingambit|Kingambit, F|100\/100\n|-activate|p2a: Kingambit|ability: Supreme Overlord\n|-start|p2a: Kingambit|fallen5|[silent]\n|turn|20\n|\n|t:|1700379853\n|move|p1a: 50 in the drum|Wood Hammer|p2a: Kingambit\n|-resisted|p2a: Kingambit\n|-damage|p2a: Kingambit|45\/100\n|-damage|p1a: 50 in the drum|0 fnt|[from] Recoil\n|faint|p1a: 50 in the drum\n|move|p2a: Kingambit|Swords Dance|p2a: Kingambit\n|-boost|p2a: Kingambit|atk|2\n|\n|-heal|p2a: Kingambit|51\/100|[from] Grassy Terrain\n|-heal|p2a: Kingambit|58\/100|[from] item: Leftovers\n|upkeep\n|\n|t:|1700379856\n|switch|p1a: Rey Mysterio|Hawlucha, F, shiny|100\/100\n|-enditem|p1a: Rey Mysterio|Grassy Seed\n|-boost|p1a: Rey Mysterio|def|1|[from] item: Grassy Seed\n|turn|21\n|\n|t:|1700379866\n|move|p2a: Kingambit|Sucker Punch|p1a: Rey Mysterio\n|-resisted|p1a: Rey Mysterio\n|-damage|p1a: Rey Mysterio|51\/100\n|move|p1a: Rey Mysterio|Close Combat|p2a: Kingambit\n|-supereffective|p2a: Kingambit\n|-damage|p2a: Kingambit|0 fnt\n|-unboost|p1a: Rey Mysterio|def|1\n|-unboost|p1a: Rey Mysterio|spd|1\n|faint|p2a: Kingambit\n|-end|p2a: Kingambit|fallen5|[silent]\n|\n|win|ayyk_47\n|raw|ayyk_47's rating: 1592 &rarr; <strong>1613<\/strong><br \/>(+21 for winning)\n|raw|cactusdestroyer's rating: 1604 &rarr; <strong>1583<\/strong><br \/>(-21 for losing)\n|c|\u2606ayyk_47|gg\n|l|\u2606cactusdestroyer\n","uploadtime":1700379872,"views":22,"p1id":"ayyk47","p2id":"cactusdestroyer","formatid":"gen9ou","rating":1583,"private":0,"password":""}