{"id":"gen9ou-1995069340","p1":"Dragon is Uber","p2":"Voyager02","format":"[Gen 9] OU","log":"|j|\u2606Dragon is Uber\n|j|\u203dVoyager02\n|t:|1700519198\n|gametype|singles\n|player|p1|Dragon is Uber|shadowtriad|1462\n|player|p2|Voyager02|lillie-masters|1456\n|teamsize|p1|6\n|teamsize|p2|6\n|gen|9\n|tier|[Gen 9] OU\n|rated|\n|rule|Sleep Clause Mod: Limit one foe put to sleep\n|rule|Species Clause: Limit one of each Pok\u00e9mon\n|rule|OHKO Clause: OHKO moves are banned\n|rule|Evasion Items Clause: Evasion items are banned\n|rule|Evasion Moves Clause: Evasion moves are banned\n|rule|Endless Battle Clause: Forcing endless battles is banned\n|rule|HP Percentage Mod: HP is shown in percentages\n|clearpoke\n|poke|p1|Alomomola, F|\n|poke|p1|Great Tusk|\n|poke|p1|Slowking-Galar, M|\n|poke|p1|Rillaboom, F|\n|poke|p1|Mimikyu, M|\n|poke|p1|Dragapult, M|\n|poke|p2|Samurott-Hisui, F|\n|poke|p2|Ogerpon, F|\n|poke|p2|Toxapex, F|\n|poke|p2|Zapdos|\n|poke|p2|Dragapult, F|\n|poke|p2|Heatran, M|\n|teampreview\n|inactive|Battle timer is ON: inactive players will automatically lose when time's up. (requested by Voyager02)\n|\n|t:|1700519218\n|start\n|switch|p1a: Rillaboom|Rillaboom, F|100\/100\n|switch|p2a: Toxapex|Toxapex, F|100\/100\n|-fieldstart|move: Grassy Terrain|[from] ability: Grassy Surge|[of] p1a: Rillaboom\n|turn|1\n|\n|t:|1700519233\n|move|p1a: Rillaboom|U-turn|p2a: Toxapex\n|-resisted|p2a: Toxapex\n|-damage|p2a: Toxapex|86\/100\n|\n|t:|1700519235\n|switch|p1a: Slowking|Slowking-Galar, M|100\/100|[from] U-turn\n|move|p2a: Toxapex|Sludge Bomb|p1a: Slowking\n|-resisted|p1a: Slowking\n|-damage|p1a: Slowking|88\/100\n|\n|-heal|p2a: Toxapex|92\/100|[from] Grassy Terrain\n|-heal|p2a: Toxapex|98\/100|[from] item: Leftovers\n|-heal|p1a: Slowking|94\/100|[from] Grassy Terrain\n|upkeep\n|turn|2\n|\n|t:|1700519254\n|switch|p2a: Samurott|Samurott-Hisui, F|100\/100\n|move|p1a: Slowking|Chilly Reception|p1a: Slowking\n|-weather|Snow\n|\n|t:|1700519260\n|switch|p1a: Rillaboom|Rillaboom, F|100\/100|[from] Chilly Reception\n|\n|-weather|Snow|[upkeep]\n|upkeep\n|turn|3\n|\n|t:|1700519269\n|move|p1a: Rillaboom|Grassy Glide|p2a: Samurott\n|-supereffective|p2a: Samurott\n|-enditem|p2a: Samurott|Focus Sash\n|-damage|p2a: Samurott|1\/100\n|move|p2a: Samurott|Ceaseless Edge|p1a: Rillaboom\n|-damage|p1a: Rillaboom|56\/100\n|-sidestart|p1: Dragon is Uber|Spikes\n|\n|-weather|Snow|[upkeep]\n|-heal|p1a: Rillaboom|62\/100|[from] Grassy Terrain\n|-heal|p2a: Samurott|7\/100|[from] Grassy Terrain\n|upkeep\n|turn|4\n|\n|t:|1700519281\n|switch|p2a: Zapdos|Zapdos|100\/100\n|move|p1a: Rillaboom|Grassy Glide|p2a: Zapdos\n|-resisted|p2a: Zapdos\n|-crit|p2a: Zapdos\n|-damage|p2a: Zapdos|66\/100\n|\n|-weather|Snow|[upkeep]\n|-heal|p1a: Rillaboom|68\/100|[from] Grassy Terrain\n|upkeep\n|turn|5\n|\n|t:|1700519292\n|switch|p1a: Slowking|Slowking-Galar, M|100\/100\n|move|p2a: Zapdos|U-turn|p1a: Slowking\n|-damage|p1a: Slowking|91\/100\n|\n|t:|1700519297\n|switch|p2a: Samurott|Samurott-Hisui, F|7\/100|[from] U-turn\n|\n|-weather|Snow|[upkeep]\n|-heal|p2a: Samurott|13\/100|[from] Grassy Terrain\n|-heal|p1a: Slowking|97\/100|[from] Grassy Terrain\n|-fieldend|move: Grassy Terrain\n|upkeep\n|turn|6\n|\n|t:|1700519305\n|switch|p1a: Alomomola|Alomomola, F|100\/100\n|move|p2a: Samurott|Knock Off|p1a: Alomomola\n|-damage|p1a: Alomomola|78\/100\n|-enditem|p1a: Alomomola|Heavy-Duty Boots|[from] move: Knock Off|[of] p2a: Samurott\n|\n|-weather|none\n|upkeep\n|turn|7\n|\n|t:|1700519315\n|move|p2a: Samurott|Ceaseless Edge|p1a: Alomomola\n|-damage|p1a: Alomomola|53\/100\n|-sidestart|p1: Dragon is Uber|Spikes\n|move|p1a: Alomomola|Scald|p2a: Samurott\n|-resisted|p2a: Samurott\n|-damage|p2a: Samurott|3\/100\n|-status|p2a: Samurott|brn\n|\n|-damage|p2a: Samurott|0 fnt|[from] brn\n|faint|p2a: Samurott\n|upkeep\n|\n|t:|1700519326\n|switch|p2a: Ogerpon|Ogerpon, F|100\/100\n|turn|8\n|\n|t:|1700519336\n|-terastallize|p1a: Alomomola|Flying\n|move|p2a: Ogerpon|Ivy Cudgel|p1a: Alomomola\n|-resisted|p1a: Alomomola\n|-crit|p1a: Alomomola\n|-damage|p1a: Alomomola|33\/100\n|move|p1a: Alomomola|Scald|p2a: Ogerpon\n|-resisted|p2a: Ogerpon\n|-damage|p2a: Ogerpon|93\/100\n|-status|p2a: Ogerpon|brn\n|\n|-damage|p2a: Ogerpon|87\/100 brn|[from] brn\n|upkeep\n|turn|9\n|\n|t:|1700519348\n|switch|p2a: Toxapex|Toxapex, F|100\/100\n|move|p1a: Alomomola|Wish|p1a: Alomomola\n|\n|upkeep\n|turn|10\n|\n|t:|1700519357\n|move|p1a: Alomomola|Protect|p1a: Alomomola\n|-singleturn|p1a: Alomomola|Protect\n|move|p2a: Toxapex|Toxic|p1a: Alomomola\n|-activate|p1a: Alomomola|move: Protect\n|\n|-heal|p1a: Alomomola|83\/100|[from] move: Wish|[wisher] Alomomola\n|upkeep\n|turn|11\n|\n|t:|1700519362\n|switch|p2a: Zapdos|Zapdos|66\/100\n|move|p1a: Alomomola|Flip Turn|p2a: Zapdos\n|-damage|p2a: Zapdos|50\/100\n|\n|t:|1700519365\n|switch|p1a: Kids go BRRR|Dragapult, M|100\/100|[from] Flip Turn\n|-damage|p1a: Kids go BRRR|84\/100|[from] Spikes\n|\n|upkeep\n|turn|12\n|\n|t:|1700519377\n|switch|p2a: Toxapex|Toxapex, F|100\/100\n|move|p1a: Kids go BRRR|Shadow Ball|p2a: Toxapex\n|-damage|p2a: Toxapex|60\/100\n|\n|-heal|p2a: Toxapex|66\/100|[from] item: Leftovers\n|upkeep\n|turn|13\n|\n|t:|1700519389\n|switch|p1a: Slowking|Slowking-Galar, M|100\/100\n|switch|p2a: Ogerpon|Ogerpon, F|87\/100 brn\n|\n|-damage|p2a: Ogerpon|81\/100 brn|[from] brn\n|upkeep\n|turn|14\n|\n|t:|1700519397\n|move|p2a: Ogerpon|Stomping Tantrum|p1a: Slowking\n|-supereffective|p1a: Slowking\n|-damage|p1a: Slowking|83\/100\n|move|p1a: Slowking|Future Sight|p2a: Ogerpon\n|-start|p1a: Slowking|move: Future Sight\n|\n|-damage|p2a: Ogerpon|75\/100 brn|[from] brn\n|upkeep\n|turn|15\n|\n|t:|1700519403\n|move|p2a: Ogerpon|Encore|p1a: Slowking\n|-start|p1a: Slowking|Encore\n|move|p1a: Slowking|Future Sight||[still]\n|-fail|p1a: Slowking\n|\n|-damage|p2a: Ogerpon|69\/100 brn|[from] brn\n|upkeep\n|turn|16\n|\n|t:|1700519409\n|switch|p1a: Great Tusk|Great Tusk|100\/100\n|-damage|p1a: Great Tusk|84\/100|[from] Spikes\n|move|p2a: Ogerpon|Swords Dance|p2a: Ogerpon\n|-boost|p2a: Ogerpon|atk|2\n|\n|-end|p2a: Ogerpon|move: Future Sight\n|-damage|p2a: Ogerpon|18\/100 brn\n|-heal|p1a: Great Tusk|90\/100|[from] item: Leftovers\n|-damage|p2a: Ogerpon|12\/100 brn|[from] brn\n|upkeep\n|turn|17\n|\n|t:|1700519421\n|move|p2a: Ogerpon|Ivy Cudgel|p1a: Great Tusk\n|-supereffective|p1a: Great Tusk\n|-damage|p1a: Great Tusk|43\/100\n|move|p1a: Great Tusk|Rapid Spin|p2a: Ogerpon\n|-damage|p2a: Ogerpon|0 fnt\n|-boost|p1a: Great Tusk|spe|1\n|-sideend|p1: Dragon is Uber|Spikes|[from] move: Rapid Spin|[of] p1a: Great Tusk\n|faint|p2a: Ogerpon\n|\n|-heal|p1a: Great Tusk|49\/100|[from] item: Leftovers\n|upkeep\n|\n|t:|1700519430\n|switch|p2a: Heatran|Heatran, M|100\/100\n|-item|p2a: Heatran|Air Balloon\n|turn|18\n|\n|t:|1700519436\n|move|p1a: Great Tusk|Knock Off|p2a: Heatran\n|-damage|p2a: Heatran|73\/100\n|-enditem|p2a: Heatran|Air Balloon\n|move|p2a: Heatran|Flamethrower|p1a: Great Tusk\n|-crit|p1a: Great Tusk\n|-damage|p1a: Great Tusk|0 fnt\n|faint|p1a: Great Tusk\n|-end|p1a: Great Tusk|Protosynthesis|[silent]\n|\n|upkeep\n|\n|t:|1700519447\n|switch|p1a: Rillaboom|Rillaboom, F|68\/100\n|-fieldstart|move: Grassy Terrain|[from] ability: Grassy Surge|[of] p1a: Rillaboom\n|turn|19\n|\n|t:|1700519452\n|switch|p2a: Zapdos|Zapdos|50\/100\n|move|p1a: Rillaboom|Drain Punch|p2a: Zapdos\n|-resisted|p2a: Zapdos\n|-damage|p2a: Zapdos|33\/100\n|-heal|p1a: Rillaboom|78\/100|[from] drain|[of] p2a: Zapdos\n|-status|p1a: Rillaboom|par|[from] ability: Static|[of] p2a: Zapdos\n|\n|-heal|p1a: Rillaboom|84\/100 par|[from] Grassy Terrain\n|upkeep\n|turn|20\n|\n|t:|1700519461\n|switch|p1a: Slowking|Slowking-Galar, M|100\/100\n|move|p2a: Zapdos|Roost|p2a: Zapdos\n|-heal|p2a: Zapdos|83\/100\n|-singleturn|p2a: Zapdos|move: Roost\n|\n|-heal|p2a: Zapdos|90\/100|[from] Grassy Terrain\n|upkeep\n|turn|21\n|\n|t:|1700519469\n|move|p2a: Zapdos|Discharge|p1a: Slowking\n|-damage|p1a: Slowking|75\/100\n|move|p1a: Slowking|Future Sight|p2a: Zapdos\n|-start|p1a: Slowking|move: Future Sight\n|\n|-heal|p1a: Slowking|81\/100|[from] Grassy Terrain\n|upkeep\n|turn|22\n|\n|t:|1700519476\n|move|p2a: Zapdos|Discharge|p1a: Slowking\n|-damage|p1a: Slowking|55\/100\n|move|p1a: Slowking|Chilly Reception|p1a: Slowking\n|-weather|Snow\n|\n|t:|1700519481\n|switch|p1a: Kids go BRRR|Dragapult, M|84\/100|[from] Chilly Reception\n|\n|-weather|Snow|[upkeep]\n|-heal|p1a: Kids go BRRR|90\/100|[from] Grassy Terrain\n|upkeep\n|turn|23\n|\n|t:|1700519492\n|-terastallize|p2a: Zapdos|Steel\n|move|p1a: Kids go BRRR|Shadow Ball|p2a: Zapdos\n|-damage|p2a: Zapdos|41\/100\n|move|p2a: Zapdos|Discharge|p1a: Kids go BRRR\n|-resisted|p1a: Kids go BRRR\n|-damage|p1a: Kids go BRRR|69\/100\n|\n|-weather|Snow|[upkeep]\n|-end|p2a: Zapdos|move: Future Sight\n|-resisted|p2a: Zapdos\n|-damage|p2a: Zapdos|18\/100\n|-heal|p1a: Kids go BRRR|75\/100|[from] Grassy Terrain\n|-heal|p2a: Zapdos|25\/100|[from] Grassy Terrain\n|-fieldend|move: Grassy Terrain\n|upkeep\n|turn|24\n|\n|t:|1700519507\n|switch|p2a: Toxapex|Toxapex, F|99\/100\n|move|p1a: Kids go BRRR|Shadow Ball|p2a: Toxapex\n|-damage|p2a: Toxapex|55\/100\n|\n|-weather|Snow|[upkeep]\n|-heal|p2a: Toxapex|61\/100|[from] item: Leftovers\n|upkeep\n|turn|25\n|\n|t:|1700519519\n|switch|p1a: Slowking|Slowking-Galar, M|89\/100\n|move|p2a: Toxapex|Sludge Bomb|p1a: Slowking\n|-resisted|p1a: Slowking\n|-damage|p1a: Slowking|77\/100\n|\n|-weather|Snow|[upkeep]\n|-heal|p2a: Toxapex|67\/100|[from] item: Leftovers\n|upkeep\n|turn|26\n|\n|t:|1700519525\n|switch|p2a: Zapdos|Zapdos, tera:Steel|25\/100\n|move|p1a: Slowking|Future Sight|p2a: Zapdos\n|-start|p1a: Slowking|move: Future Sight\n|\n|-weather|none\n|upkeep\n|turn|27\n|\n|t:|1700519531\n|move|p2a: Zapdos|Roost|p2a: Zapdos\n|-heal|p2a: Zapdos|75\/100\n|move|p1a: Slowking|Chilly Reception|p1a: Slowking\n|-weather|Snow\n|\n|t:|1700519533\n|switch|p1a: Kids go BRRR|Dragapult, M|75\/100|[from] Chilly Reception\n|\n|-weather|Snow|[upkeep]\n|upkeep\n|turn|28\n|\n|t:|1700519540\n|move|p1a: Kids go BRRR|Flamethrower|p2a: Zapdos\n|-supereffective|p2a: Zapdos\n|-damage|p2a: Zapdos|1\/100\n|-status|p2a: Zapdos|brn\n|move|p2a: Zapdos|Roost|p2a: Zapdos\n|-heal|p2a: Zapdos|51\/100 brn\n|\n|-weather|Snow|[upkeep]\n|-end|p2a: Zapdos|move: Future Sight\n|-resisted|p2a: Zapdos\n|-damage|p2a: Zapdos|27\/100 brn\n|-damage|p2a: Zapdos|21\/100 brn|[from] brn\n|upkeep\n|turn|29\n|\n|t:|1700519552\n|switch|p2a: Heatran|Heatran, M|73\/100\n|move|p1a: Kids go BRRR|Flamethrower|p2a: Heatran\n|-start|p2a: Heatran|ability: Flash Fire\n|\n|-weather|Snow|[upkeep]\n|upkeep\n|turn|30\n|\n|t:|1700519561\n|switch|p1a: Alomomola|Alomomola, F, tera:Flying|100\/100\n|move|p2a: Heatran|Flamethrower|p1a: Alomomola\n|-damage|p1a: Alomomola|22\/100\n|\n|-weather|Snow|[upkeep]\n|upkeep\n|turn|31\n|\n|t:|1700519571\n|switch|p1a: Rillaboom|Rillaboom, F|84\/100 par\n|-fieldstart|move: Grassy Terrain|[from] ability: Grassy Surge|[of] p1a: Rillaboom\n|move|p2a: Heatran|Flash Cannon|p1a: Rillaboom\n|-damage|p1a: Rillaboom|29\/100 par\n|\n|-weather|none\n|-heal|p2a: Heatran|80\/100|[from] Grassy Terrain\n|-heal|p1a: Rillaboom|35\/100 par|[from] Grassy Terrain\n|upkeep\n|turn|32\n|\n|t:|1700519580\n|move|p2a: Heatran|Flamethrower|p1a: Rillaboom\n|-supereffective|p1a: Rillaboom\n|-damage|p1a: Rillaboom|0 fnt\n|faint|p1a: Rillaboom\n|\n|-heal|p2a: Heatran|86\/100|[from] Grassy Terrain\n|upkeep\n|\n|t:|1700519589\n|switch|p1a: Kids go BRRR|Dragapult, M|75\/100\n|turn|33\n|\n|t:|1700519595\n|-end|p2a: Heatran|ability: Flash Fire|[silent]\n|switch|p2a: Toxapex|Toxapex, F|100\/100\n|move|p1a: Kids go BRRR|Shadow Ball|p2a: Toxapex\n|-damage|p2a: Toxapex|61\/100\n|\n|-heal|p1a: Kids go BRRR|81\/100|[from] Grassy Terrain\n|-heal|p2a: Toxapex|67\/100|[from] Grassy Terrain\n|-heal|p2a: Toxapex|72\/100|[from] item: Leftovers\n|upkeep\n|turn|34\n|\n|t:|1700519607\n|switch|p1a: Slowking|Slowking-Galar, M|100\/100\n|move|p2a: Toxapex|Toxic|p1a: Slowking\n|-immune|p1a: Slowking\n|\n|-heal|p2a: Toxapex|78\/100|[from] Grassy Terrain\n|-heal|p2a: Toxapex|84\/100|[from] item: Leftovers\n|upkeep\n|turn|35\n|\n|t:|1700519614\n|switch|p2a: Heatran|Heatran, M|86\/100\n|move|p1a: Slowking|Future Sight|p2a: Heatran\n|-start|p1a: Slowking|move: Future Sight\n|\n|-heal|p2a: Heatran|92\/100|[from] Grassy Terrain\n|-fieldend|move: Grassy Terrain\n|upkeep\n|turn|36\n|\n|t:|1700519624\n|move|p2a: Heatran|Earth Power|p1a: Slowking\n|-supereffective|p1a: Slowking\n|-damage|p1a: Slowking|52\/100\n|move|p1a: Slowking|Thunder Wave|p2a: Heatran\n|-status|p2a: Heatran|par\n|\n|upkeep\n|turn|37\n|\n|t:|1700519632\n|move|p2a: Heatran|Earth Power|p1a: Slowking\n|-supereffective|p1a: Slowking\n|-damage|p1a: Slowking|0 fnt\n|faint|p1a: Slowking\n|\n|-end|p2a: Heatran|move: Future Sight\n|-resisted|p2a: Heatran\n|-damage|p2a: Heatran|71\/100 par\n|upkeep\n|\n|t:|1700519644\n|switch|p1a: Alomomola|Alomomola, F, tera:Flying|55\/100\n|turn|38\n|\n|t:|1700519655\n|switch|p2a: Dragapult|Dragapult, F|100\/100\n|move|p1a: Alomomola|Wish|p1a: Alomomola\n|\n|upkeep\n|turn|39\n|\n|t:|1700519662\n|move|p1a: Alomomola|Protect|p1a: Alomomola\n|-singleturn|p1a: Alomomola|Protect\n|move|p2a: Dragapult|Shadow Ball|p1a: Alomomola\n|-activate|p1a: Alomomola|move: Protect\n|\n|-heal|p1a: Alomomola|100\/100|[from] move: Wish|[wisher] Alomomola\n|upkeep\n|turn|40\n|\n|t:|1700519670\n|move|p2a: Dragapult|Shadow Ball|p1a: Alomomola\n|-damage|p1a: Alomomola|37\/100\n|move|p1a: Alomomola|Flip Turn|p2a: Dragapult\n|-resisted|p2a: Dragapult\n|-damage|p2a: Dragapult|89\/100\n|\n|t:|1700519675\n|switch|p1a: Mimikyu|Mimikyu, M|100\/100|[from] Flip Turn\n|\n|upkeep\n|turn|41\n|\n|t:|1700519681\n|move|p2a: Dragapult|Shadow Ball|p1a: Mimikyu\n|-activate|p1a: Mimikyu|ability: Disguise\n|-damage|p1a: Mimikyu|100\/100\n|-unboost|p1a: Mimikyu|spd|1\n|detailschange|p1a: Mimikyu|Mimikyu-Busted, M\n|-damage|p1a: Mimikyu|88\/100|[from] pokemon: Mimikyu-Busted\n|move|p1a: Mimikyu|Swords Dance|p1a: Mimikyu\n|-boost|p1a: Mimikyu|atk|2\n|\n|upkeep\n|turn|42\n|\n|t:|1700519691\n|move|p1a: Mimikyu|Shadow Sneak|p2a: Dragapult\n|-supereffective|p2a: Dragapult\n|-crit|p2a: Dragapult\n|-damage|p2a: Dragapult|0 fnt\n|faint|p2a: Dragapult\n|-damage|p1a: Mimikyu|78\/100|[from] item: Life Orb\n|\n|upkeep\n|\n|t:|1700519699\n|switch|p2a: Toxapex|Toxapex, F|100\/100\n|turn|43\n|\n|t:|1700519705\n|move|p1a: Mimikyu|Swords Dance|p1a: Mimikyu\n|-boost|p1a: Mimikyu|atk|2\n|move|p2a: Toxapex|Sludge Bomb|p1a: Mimikyu\n|-damage|p1a: Mimikyu|23\/100\n|\n|upkeep\n|turn|44\n|\n|t:|1700519716\n|move|p1a: Mimikyu|Shadow Claw|p2a: Toxapex\n|-damage|p2a: Toxapex|0 fnt\n|faint|p2a: Toxapex\n|-damage|p1a: Mimikyu|13\/100|[from] item: Life Orb\n|\n|upkeep\n|\n|t:|1700519727\n|switch|p2a: Zapdos|Zapdos, tera:Steel|21\/100 brn\n|turn|45\n|\n|t:|1700519730\n|move|p2a: Zapdos|Roost|p2a: Zapdos\n|-heal|p2a: Zapdos|71\/100 brn\n|move|p1a: Mimikyu|Shadow Claw|p2a: Zapdos\n|-damage|p2a: Zapdos|0 fnt\n|faint|p2a: Zapdos\n|-damage|p1a: Mimikyu|3\/100|[from] item: Life Orb\n|\n|upkeep\n|\n|t:|1700519739\n|switch|p2a: Heatran|Heatran, M|71\/100 par\n|turn|46\n|\n|t:|1700519743\n|move|p1a: Mimikyu|Shadow Claw|p2a: Heatran\n|-damage|p2a: Heatran|0 fnt\n|faint|p2a: Heatran\n|-damage|p1a: Mimikyu|0 fnt|[from] item: Life Orb\n|faint|p1a: Mimikyu\n|\n|win|Dragon is Uber\n|raw|Dragon is Uber's rating: 1462 &rarr; <strong>1482<\/strong><br \/>(+20 for winning)\n|raw|Voyager02's rating: 1456 &rarr; <strong>1436<\/strong><br \/>(-20 for losing)\n|l|\u203dVoyager02\n","uploadtime":1700519755,"views":19,"p1id":"dragonisuber","p2id":"voyager02","formatid":"gen9ou","rating":1436,"private":0,"password":""}