{"id":"gen9ou-1993247416","p1":"nba baltoy","p2":"mathismathin","format":"[Gen 9] OU","log":"|j|\u2606nba baltoy\n|j|\u2606mathismathin\n|t:|1700283793\n|gametype|singles\n|player|p1|nba baltoy|shauntal|1639\n|player|p2|mathismathin|nate|1765\n|teamsize|p1|6\n|teamsize|p2|6\n|gen|9\n|tier|[Gen 9] OU\n|rated|\n|rule|Sleep Clause Mod: Limit one foe put to sleep\n|rule|Species Clause: Limit one of each Pok\u00e9mon\n|rule|OHKO Clause: OHKO moves are banned\n|rule|Evasion Items Clause: Evasion items are banned\n|rule|Evasion Moves Clause: Evasion moves are banned\n|rule|Endless Battle Clause: Forcing endless battles is banned\n|rule|HP Percentage Mod: HP is shown in percentages\n|clearpoke\n|poke|p1|Hoopa-Unbound|\n|poke|p1|Skeledirge, F|\n|poke|p1|Enamorus, F|\n|poke|p1|Great Tusk|\n|poke|p1|Wo-Chien|\n|poke|p1|Heatran, F|\n|poke|p2|Cyclizar, F|\n|poke|p2|Talonflame, M|\n|poke|p2|Dipplin, M|\n|poke|p2|Blissey, F|\n|poke|p2|Dondozo, M|\n|poke|p2|Clodsire, F|\n|teampreview\n|inactive|Battle timer is ON: inactive players will automatically lose when time's up. (requested by nba baltoy)\n|\n|t:|1700283810\n|start\n|switch|p1a: Heatran|Heatran, F|100\/100\n|switch|p2a: Cyclizar|Cyclizar, F|100\/100\n|turn|1\n|j| TorterraMain\n|\n|t:|1700283838\n|move|p2a: Cyclizar|Knock Off|p1a: Heatran\n|-crit|p1a: Heatran\n|-damage|p1a: Heatran|70\/100\n|-enditem|p1a: Heatran|Leftovers|[from] move: Knock Off|[of] p2a: Cyclizar\n|move|p1a: Heatran|Stealth Rock|p2a: Cyclizar\n|-sidestart|p2: mathismathin|move: Stealth Rock\n|\n|upkeep\n|turn|2\n|inactive|mathismathin has 120 seconds left.\n|\n|t:|1700283855\n|move|p2a: Cyclizar|Rapid Spin|p1a: Heatran\n|-resisted|p1a: Heatran\n|-damage|p1a: Heatran|62\/100\n|-boost|p2a: Cyclizar|spe|1\n|-sideend|p2: mathismathin|Stealth Rock|[from] move: Rapid Spin|[of] p2a: Cyclizar\n|move|p1a: Heatran|Magma Storm|p2a: Cyclizar|[miss]\n|-miss|p1a: Heatran|p2a: Cyclizar\n|\n|upkeep\n|turn|3\n|\n|t:|1700283868\n|move|p2a: Cyclizar|Knock Off|p1a: Heatran\n|-crit|p1a: Heatran\n|-damage|p1a: Heatran|44\/100\n|move|p1a: Heatran|Magma Storm|p2a: Cyclizar\n|-resisted|p2a: Cyclizar\n|-damage|p2a: Cyclizar|73\/100\n|-activate|p2a: Cyclizar|move: Magma Storm|[of] p1a: Heatran\n|\n|-damage|p2a: Cyclizar|61\/100|[from] move: Magma Storm|[partiallytrapped]\n|upkeep\n|turn|4\n|inactive|mathismathin has 120 seconds left.\n|\n|t:|1700283896\n|move|p2a: Cyclizar|Rapid Spin|p1a: Heatran\n|-resisted|p1a: Heatran\n|-damage|p1a: Heatran|36\/100\n|-boost|p2a: Cyclizar|spe|1\n|-end|p2a: Cyclizar|Magma Storm|[partiallytrapped]\n|move|p1a: Heatran|Flash Cannon|p2a: Cyclizar\n|-damage|p2a: Cyclizar|13\/100\n|\n|upkeep\n|turn|5\n|\n|t:|1700283913\n|move|p2a: Cyclizar|U-turn|p1a: Heatran\n|-resisted|p1a: Heatran\n|-damage|p1a: Heatran|32\/100\n|j| f776\n|inactive|mathismathin has 120 seconds left.\n|\n|t:|1700283951\n|switch|p2a: Dondozo|Dondozo, M|100\/100|[from] U-turn\n|move|p1a: Heatran|Flash Cannon|p2a: Dondozo\n|-resisted|p2a: Dondozo\n|-damage|p2a: Dondozo|79\/100\n|-unboost|p2a: Dondozo|spd|1\n|\n|-heal|p2a: Dondozo|85\/100|[from] item: Leftovers\n|upkeep\n|turn|6\n|\n|t:|1700283958\n|switch|p1a: Wo-Chien|Wo-Chien|100\/100\n|-ability|p1a: Wo-Chien|Tablets of Ruin\n|move|p2a: Dondozo|Waterfall|p1a: Wo-Chien\n|-resisted|p1a: Wo-Chien\n|-damage|p1a: Wo-Chien|91\/100\n|\n|-heal|p1a: Wo-Chien|97\/100|[from] item: Leftovers\n|-heal|p2a: Dondozo|91\/100|[from] item: Leftovers\n|upkeep\n|turn|7\n|\n|t:|1700283972\n|switch|p2a: Talonflame|Talonflame, M|100\/100\n|move|p1a: Wo-Chien|Knock Off|p2a: Talonflame\n|-damage|p2a: Talonflame|73\/100\n|-status|p1a: Wo-Chien|brn|[from] ability: Flame Body|[of] p2a: Talonflame\n|-enditem|p2a: Talonflame|Heavy-Duty Boots|[from] move: Knock Off|[of] p1a: Wo-Chien\n|\n|-heal|p1a: Wo-Chien|100\/100 brn|[from] item: Leftovers\n|-damage|p1a: Wo-Chien|94\/100 brn|[from] brn\n|upkeep\n|turn|8\n|\n|t:|1700283978\n|switch|p2a: Cyclizar|Cyclizar, F|46\/100\n|switch|p1a: Skeledirge|Skeledirge, F|100\/100\n|\n|upkeep\n|turn|9\n|inactive|mathismathin has 120 seconds left.\n|\n|t:|1700283995\n|switch|p1a: Heatran|Heatran, F|32\/100\n|move|p2a: Cyclizar|Knock Off|p1a: Heatran\n|-damage|p1a: Heatran|19\/100\n|\n|upkeep\n|turn|10\n|inactive|mathismathin has 120 seconds left.\n|\n|t:|1700284018\n|move|p2a: Cyclizar|U-turn|p1a: Heatran\n|-resisted|p1a: Heatran\n|-damage|p1a: Heatran|16\/100\n|\n|t:|1700284020\n|switch|p2a: Dondozo|Dondozo, M|91\/100|[from] U-turn\n|move|p1a: Heatran|Stealth Rock|p2a: Dondozo\n|-sidestart|p2: mathismathin|move: Stealth Rock\n|\n|-heal|p2a: Dondozo|98\/100|[from] item: Leftovers\n|upkeep\n|turn|11\n|\n|t:|1700284026\n|switch|p1a: Wo-Chien|Wo-Chien|94\/100 brn\n|-ability|p1a: Wo-Chien|Tablets of Ruin\n|move|p2a: Dondozo|Body Press|p1a: Wo-Chien\n|-supereffective|p1a: Wo-Chien\n|-damage|p1a: Wo-Chien|53\/100 brn\n|\n|-heal|p1a: Wo-Chien|59\/100 brn|[from] item: Leftovers\n|-heal|p2a: Dondozo|100\/100|[from] item: Leftovers\n|-damage|p1a: Wo-Chien|53\/100 brn|[from] brn\n|upkeep\n|turn|12\n|inactive|mathismathin has 120 seconds left.\n|\n|t:|1700284042\n|switch|p2a: Cyclizar|Cyclizar, F|80\/100\n|move|p1a: Wo-Chien|Leech Seed|p2a: Cyclizar\n|-start|p2a: Cyclizar|move: Leech Seed\n|\n|-heal|p1a: Wo-Chien|59\/100 brn|[from] item: Leftovers\n|-damage|p2a: Cyclizar|67\/100|[from] Leech Seed|[of] p1a: Wo-Chien\n|-heal|p1a: Wo-Chien|70\/100 brn|[silent]\n|-damage|p1a: Wo-Chien|64\/100 brn|[from] brn\n|upkeep\n|turn|13\n|\n|t:|1700284046\n|switch|p1a: Skeledirge|Skeledirge, F|100\/100\n|move|p2a: Cyclizar|U-turn|p1a: Skeledirge\n|-resisted|p1a: Skeledirge\n|-damage|p1a: Skeledirge|98\/100\n|\n|t:|1700284050\n|switch|p2a: Clodsire|Clodsire, F|100\/100|[from] U-turn\n|\n|upkeep\n|turn|14\n|\n|t:|1700284056\n|switch|p1a: Wo-Chien|Wo-Chien|64\/100 brn\n|-ability|p1a: Wo-Chien|Tablets of Ruin\n|move|p2a: Clodsire|Toxic||[still]\n|-fail|p2a: Clodsire\n|\n|-heal|p1a: Wo-Chien|70\/100 brn|[from] item: Leftovers\n|-damage|p1a: Wo-Chien|64\/100 brn|[from] brn\n|upkeep\n|turn|15\n|\n|t:|1700284064\n|switch|p2a: Dipplin|Dipplin, M|100\/100\n|-damage|p2a: Dipplin|88\/100|[from] Stealth Rock\n|move|p1a: Wo-Chien|Knock Off|p2a: Dipplin\n|-damage|p2a: Dipplin|82\/100\n|-activate|p2a: Dipplin|ability: Sticky Hold\n|\n|-heal|p1a: Wo-Chien|70\/100 brn|[from] item: Leftovers\n|-damage|p1a: Wo-Chien|64\/100 brn|[from] brn\n|upkeep\n|turn|16\n|\n|t:|1700284071\n|move|p1a: Wo-Chien|Taunt|p2a: Dipplin\n|-start|p2a: Dipplin|move: Taunt\n|cant|p2a: Dipplin|move: Taunt|Reflect\n|\n|-heal|p1a: Wo-Chien|70\/100 brn|[from] item: Leftovers\n|-damage|p1a: Wo-Chien|64\/100 brn|[from] brn\n|upkeep\n|turn|17\n|inactive|mathismathin has 120 seconds left.\n|\n|t:|1700284116\n|move|p1a: Wo-Chien|Knock Off|p2a: Dipplin\n|-damage|p2a: Dipplin|77\/100\n|-activate|p2a: Dipplin|ability: Sticky Hold\n|move|p2a: Dipplin|Dragon Tail|p1a: Wo-Chien\n|-damage|p1a: Wo-Chien|52\/100 brn\n|drag|p1a: Skeledirge|Skeledirge, F|98\/100\n|\n|upkeep\n|turn|18\n|\n|t:|1700284131\n|switch|p2a: Cyclizar|Cyclizar, F|99\/100\n|move|p1a: Skeledirge|Will-O-Wisp|p2a: Cyclizar\n|-status|p2a: Cyclizar|brn\n|\n|-damage|p2a: Cyclizar|94\/100 brn|[from] brn\n|upkeep\n|turn|19\n|inactive|mathismathin has 120 seconds left.\n|\n|t:|1700284141\n|move|p2a: Cyclizar|Knock Off|p1a: Skeledirge\n|-supereffective|p1a: Skeledirge\n|-damage|p1a: Skeledirge|87\/100\n|-enditem|p1a: Skeledirge|Heavy-Duty Boots|[from] move: Knock Off|[of] p2a: Cyclizar\n|move|p1a: Skeledirge|Slack Off|p1a: Skeledirge\n|-heal|p1a: Skeledirge|100\/100\n|\n|-damage|p2a: Cyclizar|88\/100 brn|[from] brn\n|upkeep\n|turn|20\n|\n|t:|1700284144\n|move|p2a: Cyclizar|U-turn|p1a: Skeledirge\n|-resisted|p1a: Skeledirge\n|-damage|p1a: Skeledirge|99\/100\n|\n|t:|1700284148\n|switch|p2a: Blissey|Blissey, F|100\/100|[from] U-turn\n|move|p1a: Skeledirge|Torch Song|p2a: Blissey\n|-damage|p2a: Blissey|92\/100\n|-boost|p1a: Skeledirge|spa|1\n|\n|upkeep\n|turn|21\n|\n|t:|1700284155\n|switch|p1a: Hoopa|Hoopa-Unbound|100\/100\n|move|p2a: Blissey|Stealth Rock|p1a: Hoopa\n|-sidestart|p1: nba baltoy|move: Stealth Rock\n|\n|upkeep\n|turn|22\n|\n|t:|1700284162\n|switch|p2a: Dipplin|Dipplin, M|77\/100\n|-damage|p2a: Dipplin|64\/100|[from] Stealth Rock\n|move|p1a: Hoopa|Knock Off|p2a: Dipplin\n|-damage|p2a: Dipplin|41\/100\n|-activate|p2a: Dipplin|ability: Sticky Hold\n|\n|upkeep\n|turn|23\n|\n|t:|1700284171\n|move|p1a: Hoopa|Ice Punch|p2a: Dipplin\n|-supereffective|p2a: Dipplin\n|-damage|p2a: Dipplin|0 fnt\n|faint|p2a: Dipplin\n|\n|upkeep\n|\n|t:|1700284181\n|switch|p2a: Cyclizar|Cyclizar, F|100\/100 brn\n|turn|24\n|\n|t:|1700284185\n|switch|p1a: Skeledirge|Skeledirge, F|99\/100\n|-damage|p1a: Skeledirge|75\/100|[from] Stealth Rock\n|move|p2a: Cyclizar|U-turn|p1a: Skeledirge\n|-resisted|p1a: Skeledirge\n|-damage|p1a: Skeledirge|74\/100\n|\n|t:|1700284188\n|switch|p2a: Clodsire|Clodsire, F|100\/100|[from] U-turn\n|\n|upkeep\n|turn|25\n|\n|t:|1700284192\n|switch|p1a: Wo-Chien|Wo-Chien|52\/100 brn\n|-damage|p1a: Wo-Chien|40\/100 brn|[from] Stealth Rock\n|-ability|p1a: Wo-Chien|Tablets of Ruin\n|move|p2a: Clodsire|Spikes|p1a: Wo-Chien\n|-sidestart|p1: nba baltoy|Spikes\n|\n|-heal|p1a: Wo-Chien|46\/100 brn|[from] item: Leftovers\n|-damage|p1a: Wo-Chien|40\/100 brn|[from] brn\n|upkeep\n|turn|26\n|\n|t:|1700284204\n|switch|p2a: Talonflame|Talonflame, M|73\/100\n|-damage|p2a: Talonflame|23\/100|[from] Stealth Rock\n|move|p1a: Wo-Chien|Ruination|p2a: Talonflame\n|-damage|p2a: Talonflame|12\/100\n|\n|-heal|p1a: Wo-Chien|46\/100 brn|[from] item: Leftovers\n|-damage|p1a: Wo-Chien|40\/100 brn|[from] brn\n|upkeep\n|turn|27\n|\n|t:|1700284219\n|switch|p1a: Skeledirge|Skeledirge, F|74\/100\n|-damage|p1a: Skeledirge|49\/100|[from] Stealth Rock\n|-damage|p1a: Skeledirge|37\/100|[from] Spikes\n|move|p2a: Talonflame|Roost|p2a: Talonflame\n|-heal|p2a: Talonflame|62\/100\n|-singleturn|p2a: Talonflame|move: Roost\n|\n|upkeep\n|turn|28\n|\n|t:|1700284234\n|move|p2a: Talonflame|Roost|p2a: Talonflame\n|-heal|p2a: Talonflame|100\/100\n|-singleturn|p2a: Talonflame|move: Roost\n|move|p1a: Skeledirge|Slack Off|p1a: Skeledirge\n|-heal|p1a: Skeledirge|87\/100\n|\n|upkeep\n|turn|29\n|\n|t:|1700284243\n|switch|p2a: Clodsire|Clodsire, F|100\/100\n|move|p1a: Skeledirge|Will-O-Wisp|p2a: Clodsire\n|-status|p2a: Clodsire|brn\n|\n|-damage|p2a: Clodsire|94\/100 brn|[from] brn\n|upkeep\n|turn|30\n|\n|t:|1700284258\n|switch|p1a: Wo-Chien|Wo-Chien|40\/100 brn\n|-damage|p1a: Wo-Chien|28\/100 brn|[from] Stealth Rock\n|-damage|p1a: Wo-Chien|15\/100 brn|[from] Spikes\n|-ability|p1a: Wo-Chien|Tablets of Ruin\n|move|p2a: Clodsire|Spikes|p1a: Wo-Chien\n|-sidestart|p1: nba baltoy|Spikes\n|\n|-heal|p1a: Wo-Chien|21\/100 brn|[from] item: Leftovers\n|-damage|p1a: Wo-Chien|15\/100 brn|[from] brn\n|-damage|p2a: Clodsire|88\/100 brn|[from] brn\n|upkeep\n|turn|31\n|\n|t:|1700284269\n|switch|p2a: Talonflame|Talonflame, M|100\/100\n|-damage|p2a: Talonflame|50\/100|[from] Stealth Rock\n|move|p1a: Wo-Chien|Knock Off|p2a: Talonflame\n|-damage|p2a: Talonflame|42\/100\n|\n|-heal|p1a: Wo-Chien|21\/100 brn|[from] item: Leftovers\n|-damage|p1a: Wo-Chien|15\/100 brn|[from] brn\n|upkeep\n|turn|32\n|\n|t:|1700284278\n|move|p2a: Talonflame|Roost|p2a: Talonflame\n|-heal|p2a: Talonflame|92\/100\n|-singleturn|p2a: Talonflame|move: Roost\n|move|p1a: Wo-Chien|Leech Seed|p2a: Talonflame|[miss]\n|-miss|p1a: Wo-Chien|p2a: Talonflame\n|\n|-heal|p1a: Wo-Chien|21\/100 brn|[from] item: Leftovers\n|-damage|p1a: Wo-Chien|15\/100 brn|[from] brn\n|upkeep\n|turn|33\n|\n|t:|1700284290\n|switch|p1a: Skeledirge|Skeledirge, F|87\/100\n|-damage|p1a: Skeledirge|62\/100|[from] Stealth Rock\n|-damage|p1a: Skeledirge|45\/100|[from] Spikes\n|move|p2a: Talonflame|Flamethrower|p1a: Skeledirge\n|-resisted|p1a: Skeledirge\n|-damage|p1a: Skeledirge|32\/100\n|\n|upkeep\n|turn|34\n|\n|t:|1700284299\n|switch|p2a: Cyclizar|Cyclizar, F|100\/100 brn\n|move|p1a: Skeledirge|Slack Off|p1a: Skeledirge\n|-heal|p1a: Skeledirge|82\/100\n|\n|-damage|p2a: Cyclizar|94\/100 brn|[from] brn\n|upkeep\n|turn|35\n|\n|t:|1700284314\n|move|p2a: Cyclizar|Rapid Spin|p1a: Skeledirge\n|-immune|p1a: Skeledirge\n|move|p1a: Skeledirge|Hex|p2a: Cyclizar\n|-immune|p2a: Cyclizar\n|\n|-damage|p2a: Cyclizar|88\/100 brn|[from] brn\n|upkeep\n|turn|36\n|\n|t:|1700284323\n|move|p2a: Cyclizar|Rapid Spin|p1a: Skeledirge\n|-immune|p1a: Skeledirge\n|move|p1a: Skeledirge|Will-O-Wisp|p2a: Cyclizar\n|-fail|p2a: Cyclizar|brn\n|\n|-damage|p2a: Cyclizar|82\/100 brn|[from] brn\n|upkeep\n|turn|37\n|\n|t:|1700284331\n|move|p2a: Cyclizar|Knock Off|p1a: Skeledirge\n|-supereffective|p1a: Skeledirge\n|-damage|p1a: Skeledirge|74\/100\n|move|p1a: Skeledirge|Hex|p2a: Cyclizar\n|-immune|p2a: Cyclizar\n|\n|-damage|p2a: Cyclizar|76\/100 brn|[from] brn\n|upkeep\n|turn|38\n|\n|t:|1700284337\n|move|p2a: Cyclizar|Knock Off|p1a: Skeledirge\n|-supereffective|p1a: Skeledirge\n|-damage|p1a: Skeledirge|67\/100\n|move|p1a: Skeledirge|Torch Song|p2a: Cyclizar\n|-resisted|p2a: Cyclizar\n|-damage|p2a: Cyclizar|60\/100 brn\n|-boost|p1a: Skeledirge|spa|1\n|\n|-damage|p2a: Cyclizar|53\/100 brn|[from] brn\n|upkeep\n|turn|39\n|\n|t:|1700284345\n|move|p2a: Cyclizar|U-turn|p1a: Skeledirge\n|-resisted|p1a: Skeledirge\n|-damage|p1a: Skeledirge|66\/100\n|\n|t:|1700284364\n|switch|p2a: Clodsire|Clodsire, F|88\/100 brn|[from] U-turn\n|move|p1a: Skeledirge|Torch Song|p2a: Clodsire\n|-damage|p2a: Clodsire|71\/100 brn\n|-boost|p1a: Skeledirge|spa|1\n|\n|-damage|p2a: Clodsire|65\/100 brn|[from] brn\n|upkeep\n|turn|40\n|\n|t:|1700284378\n|switch|p1a: Great Tusk|Great Tusk|100\/100\n|-damage|p1a: Great Tusk|98\/100|[from] Stealth Rock\n|-damage|p1a: Great Tusk|81\/100|[from] Spikes\n|move|p2a: Clodsire|Toxic|p1a: Great Tusk\n|-status|p1a: Great Tusk|tox\n|\n|-damage|p1a: Great Tusk|75\/100 tox|[from] psn\n|-damage|p2a: Clodsire|59\/100 brn|[from] brn\n|upkeep\n|turn|41\n|\n|t:|1700284384\n|switch|p2a: Talonflame|Talonflame, M|92\/100\n|-damage|p2a: Talonflame|42\/100|[from] Stealth Rock\n|move|p1a: Great Tusk|Rapid Spin|p2a: Talonflame\n|-damage|p2a: Talonflame|29\/100\n|-boost|p1a: Great Tusk|spe|1\n|-sideend|p1: nba baltoy|Spikes|[from] move: Rapid Spin|[of] p1a: Great Tusk\n|-sideend|p1: nba baltoy|Stealth Rock|[from] move: Rapid Spin|[of] p1a: Great Tusk\n|\n|-damage|p1a: Great Tusk|62\/100 tox|[from] psn\n|upkeep\n|turn|42\n|\n|t:|1700284397\n|move|p1a: Great Tusk|Ice Spinner|p2a: Talonflame\n|-damage|p2a: Talonflame|8\/100\n|move|p2a: Talonflame|Defog|p1a: Great Tusk\n|-unboost|p1a: Great Tusk|evasion|1\n|-sideend|p2: mathismathin|Stealth Rock|[from] move: Defog|[of] p2a: Talonflame\n|\n|-damage|p1a: Great Tusk|44\/100 tox|[from] psn\n|upkeep\n|turn|43\n|\n|t:|1700284408\n|-end|p1a: Great Tusk|Protosynthesis|[silent]\n|switch|p1a: Heatran|Heatran, F|16\/100\n|move|p2a: Talonflame|Roost|p2a: Talonflame\n|-heal|p2a: Talonflame|58\/100\n|-singleturn|p2a: Talonflame|move: Roost\n|\n|upkeep\n|turn|44\n|j| Badnik96\n|l| Badnik96\n|\n|t:|1700284415\n|switch|p2a: Cyclizar|Cyclizar, F|87\/100 brn\n|move|p1a: Heatran|Stealth Rock|p2a: Cyclizar\n|-sidestart|p2: mathismathin|move: Stealth Rock\n|\n|-damage|p2a: Cyclizar|80\/100 brn|[from] brn\n|upkeep\n|turn|45\n|\n|t:|1700284418\n|switch|p1a: Skeledirge|Skeledirge, F|66\/100\n|move|p2a: Cyclizar|Rapid Spin|p1a: Skeledirge\n|-immune|p1a: Skeledirge\n|\n|-damage|p2a: Cyclizar|74\/100 brn|[from] brn\n|upkeep\n|turn|46\n|\n|t:|1700284428\n|move|p2a: Cyclizar|U-turn|p1a: Skeledirge\n|-resisted|p1a: Skeledirge\n|-damage|p1a: Skeledirge|65\/100\n|\n|t:|1700284437\n|switch|p2a: Clodsire|Clodsire, F|59\/100 brn|[from] U-turn\n|move|p1a: Skeledirge|Hex|p2a: Clodsire\n|-damage|p2a: Clodsire|32\/100 brn\n|\n|-damage|p2a: Clodsire|26\/100 brn|[from] brn\n|upkeep\n|turn|47\n|\n|t:|1700284443\n|switch|p2a: Blissey|Blissey, F|92\/100\n|move|p1a: Skeledirge|Hex|p2a: Blissey\n|-immune|p2a: Blissey\n|\n|upkeep\n|turn|48\n|\n|t:|1700284452\n|switch|p1a: Hoopa|Hoopa-Unbound|100\/100\n|move|p2a: Blissey|Stealth Rock|p1a: Hoopa\n|-sidestart|p1: nba baltoy|move: Stealth Rock\n|\n|upkeep\n|turn|49\n|\n|t:|1700284469\n|switch|p2a: Dondozo|Dondozo, M|100\/100\n|-damage|p2a: Dondozo|88\/100|[from] Stealth Rock\n|move|p1a: Hoopa|Hyperspace Fury|p2a: Dondozo\n|-damage|p2a: Dondozo|59\/100\n|-unboost|p1a: Hoopa|def|1\n|\n|-heal|p2a: Dondozo|65\/100|[from] item: Leftovers\n|upkeep\n|turn|50\n|j| encostoo\n|\n|t:|1700284483\n|move|p1a: Hoopa|Knock Off|p2a: Dondozo\n|-damage|p2a: Dondozo|37\/100\n|-enditem|p2a: Dondozo|Leftovers|[from] move: Knock Off|[of] p1a: Hoopa\n|move|p2a: Dondozo|Body Press|p1a: Hoopa\n|-damage|p1a: Hoopa|50\/100\n|\n|upkeep\n|turn|51\n|\n|t:|1700284493\n|switch|p1a: Great Tusk|Great Tusk|44\/100 tox\n|-damage|p1a: Great Tusk|41\/100 tox|[from] Stealth Rock\n|move|p2a: Dondozo|Rest|p2a: Dondozo\n|-status|p2a: Dondozo|slp|[from] move: Rest\n|-heal|p2a: Dondozo|100\/100 slp|[silent]\n|\n|-damage|p1a: Great Tusk|34\/100 tox|[from] psn\n|upkeep\n|turn|52\n|\n|t:|1700284498\n|move|p1a: Great Tusk|Rapid Spin|p2a: Dondozo\n|-damage|p2a: Dondozo|94\/100 slp\n|-boost|p1a: Great Tusk|spe|1\n|-sideend|p1: nba baltoy|Stealth Rock|[from] move: Rapid Spin|[of] p1a: Great Tusk\n|cant|p2a: Dondozo|slp\n|move|p2a: Dondozo|Sleep Talk|p2a: Dondozo\n|move|p2a: Dondozo|Body Press|p1a: Great Tusk|[from]move: Sleep Talk\n|-damage|p1a: Great Tusk|16\/100 tox\n|-damage|p2a: Dondozo|78\/100 slp|[from] item: Rocky Helmet|[of] p1a: Great Tusk\n|\n|-damage|p1a: Great Tusk|3\/100 tox|[from] psn\n|upkeep\n|turn|53\n|\n|t:|1700284515\n|-end|p1a: Great Tusk|Protosynthesis|[silent]\n|switch|p1a: Wo-Chien|Wo-Chien|15\/100 brn\n|-ability|p1a: Wo-Chien|Tablets of Ruin\n|cant|p2a: Dondozo|slp\n|\n|-heal|p1a: Wo-Chien|21\/100 brn|[from] item: Leftovers\n|-damage|p1a: Wo-Chien|15\/100 brn|[from] brn\n|upkeep\n|turn|54\n|\n|t:|1700284524\n|move|p1a: Wo-Chien|Leech Seed|p2a: Dondozo\n|-start|p2a: Dondozo|move: Leech Seed\n|-curestatus|p2a: Dondozo|slp|[msg]\n|move|p2a: Dondozo|Body Press|p1a: Wo-Chien\n|-supereffective|p1a: Wo-Chien\n|-damage|p1a: Wo-Chien|0 fnt\n|faint|p1a: Wo-Chien\n|\n|upkeep\n|inactive|nba baltoy has 120 seconds left.\n|\n|t:|1700284552\n|switch|p1a: Enamorus|Enamorus, F|100\/100\n|turn|55\n|\n|t:|1700284557\n|switch|p2a: Blissey|Blissey, F|92\/100\n|move|p1a: Enamorus|Moonblast|p2a: Blissey\n|-damage|p2a: Blissey|78\/100\n|\n|upkeep\n|turn|56\n|\n|t:|1700284577\n|switch|p1a: Great Tusk|Great Tusk|3\/100 tox\n|move|p2a: Blissey|Stealth Rock|p1a: Great Tusk\n|-sidestart|p1: nba baltoy|move: Stealth Rock\n|\n|-damage|p1a: Great Tusk|0 fnt|[from] psn\n|faint|p1a: Great Tusk\n|-end|p1a: Great Tusk|Protosynthesis|[silent]\n|upkeep\n|\n|t:|1700284585\n|switch|p1a: Hoopa|Hoopa-Unbound|50\/100\n|-damage|p1a: Hoopa|38\/100|[from] Stealth Rock\n|turn|57\n|\n|t:|1700284610\n|switch|p2a: Clodsire|Clodsire, F|26\/100 brn\n|move|p1a: Hoopa|Hyperspace Fury|p2a: Clodsire\n|-damage|p2a: Clodsire|0 fnt\n|-unboost|p1a: Hoopa|def|1\n|faint|p2a: Clodsire\n|\n|upkeep\n|\n|t:|1700284612\n|switch|p2a: Cyclizar|Cyclizar, F|100\/100 brn\n|turn|58\n|\n|t:|1700284628\n|switch|p1a: Skeledirge|Skeledirge, F|65\/100\n|-damage|p1a: Skeledirge|40\/100|[from] Stealth Rock\n|move|p2a: Cyclizar|U-turn|p1a: Skeledirge\n|-resisted|p1a: Skeledirge\n|-damage|p1a: Skeledirge|39\/100\n|\n|t:|1700284632\n|switch|p2a: Dondozo|Dondozo, M|78\/100|[from] U-turn\n|-damage|p2a: Dondozo|65\/100|[from] Stealth Rock\n|\n|upkeep\n|turn|59\n|\n|t:|1700284649\n|move|p1a: Skeledirge|Slack Off|p1a: Skeledirge\n|-heal|p1a: Skeledirge|90\/100\n|move|p2a: Dondozo|Waterfall|p1a: Skeledirge\n|-supereffective|p1a: Skeledirge\n|-damage|p1a: Skeledirge|53\/100\n|\n|upkeep\n|turn|60\n|\n|t:|1700284657\n|move|p1a: Skeledirge|Will-O-Wisp|p2a: Dondozo\n|-status|p2a: Dondozo|brn\n|move|p2a: Dondozo|Waterfall|p1a: Skeledirge\n|-supereffective|p1a: Skeledirge\n|-damage|p1a: Skeledirge|37\/100\n|\n|-damage|p2a: Dondozo|59\/100 brn|[from] brn\n|upkeep\n|turn|61\n|\n|t:|1700284664\n|move|p1a: Skeledirge|Slack Off|p1a: Skeledirge\n|-heal|p1a: Skeledirge|87\/100\n|move|p2a: Dondozo|Rest|p2a: Dondozo\n|-status|p2a: Dondozo|slp|[from] move: Rest\n|-heal|p2a: Dondozo|100\/100 slp|[silent]\n|\n|upkeep\n|turn|62\n|\n|t:|1700284670\n|switch|p2a: Blissey|Blissey, F|78\/100\n|move|p1a: Skeledirge|Hex|p2a: Blissey\n|-immune|p2a: Blissey\n|\n|upkeep\n|turn|63\n|\n|t:|1700284683\n|move|p1a: Skeledirge|Torch Song|p2a: Blissey\n|-damage|p2a: Blissey|70\/100\n|-boost|p1a: Skeledirge|spa|1\n|move|p2a: Blissey|Seismic Toss|p1a: Skeledirge\n|-immune|p1a: Skeledirge\n|\n|upkeep\n|turn|64\n|\n|t:|1700284695\n|move|p2a: Blissey|Protect|p2a: Blissey\n|-singleturn|p2a: Blissey|Protect\n|move|p1a: Skeledirge|Torch Song|p2a: Blissey\n|-activate|p2a: Blissey|move: Protect\n|\n|upkeep\n|turn|65\n|\n|t:|1700284705\n|move|p1a: Skeledirge|Torch Song|p2a: Blissey\n|-damage|p2a: Blissey|58\/100\n|-boost|p1a: Skeledirge|spa|1\n|move|p2a: Blissey|Seismic Toss|p1a: Skeledirge\n|-immune|p1a: Skeledirge\n|\n|upkeep\n|turn|66\n|inactive|mathismathin has 120 seconds left.\n|\n|t:|1700284746\n|move|p1a: Skeledirge|Will-O-Wisp|p2a: Blissey\n|-status|p2a: Blissey|brn\n|move|p2a: Blissey|Soft-Boiled|p2a: Blissey\n|-heal|p2a: Blissey|100\/100 brn\n|\n|-damage|p2a: Blissey|94\/100 brn|[from] brn\n|upkeep\n|turn|67\n|\n|t:|1700284759\n|-curestatus|p2a: Blissey|brn|[from] ability: Natural Cure\n|switch|p2a: Cyclizar|Cyclizar, F|100\/100 brn\n|move|p1a: Skeledirge|Hex|p2a: Cyclizar\n|-immune|p2a: Cyclizar\n|\n|-damage|p2a: Cyclizar|94\/100 brn|[from] brn\n|upkeep\n|turn|68\n|inactive|mathismathin has 120 seconds left.\n|j| finally\n|\n|t:|1700284787\n|move|p2a: Cyclizar|Knock Off|p1a: Skeledirge\n|-supereffective|p1a: Skeledirge\n|-damage|p1a: Skeledirge|80\/100\n|move|p1a: Skeledirge|Torch Song|p2a: Cyclizar\n|-resisted|p2a: Cyclizar\n|-damage|p2a: Cyclizar|63\/100 brn\n|-boost|p1a: Skeledirge|spa|1\n|\n|-damage|p2a: Cyclizar|57\/100 brn|[from] brn\n|upkeep\n|turn|69\n|\n|t:|1700284801\n|move|p2a: Cyclizar|U-turn|p1a: Skeledirge\n|-resisted|p1a: Skeledirge\n|-damage|p1a: Skeledirge|79\/100\n|\n|t:|1700284803\n|switch|p2a: Dondozo|Dondozo, M|100\/100 slp|[from] U-turn\n|-damage|p2a: Dondozo|88\/100 slp|[from] Stealth Rock\n|move|p1a: Skeledirge|Torch Song|p2a: Dondozo\n|-resisted|p2a: Dondozo\n|-damage|p2a: Dondozo|74\/100 slp\n|-boost|p1a: Skeledirge|spa|1\n|\n|upkeep\n|turn|70\n|j| BoWel armageddon\n|\n|t:|1700284817\n|switch|p1a: Hoopa|Hoopa-Unbound|38\/100\n|-damage|p1a: Hoopa|25\/100|[from] Stealth Rock\n|switch|p2a: Cyclizar|Cyclizar, F|90\/100 brn\n|\n|-damage|p2a: Cyclizar|84\/100 brn|[from] brn\n|upkeep\n|turn|71\n|j| SwabbyYabby\n|inactive|mathismathin has 120 seconds left.\n|\n|t:|1700284842\n|switch|p1a: Heatran|Heatran, F|16\/100\n|-damage|p1a: Heatran|3\/100|[from] Stealth Rock\n|move|p2a: Cyclizar|U-turn|p1a: Heatran\n|-resisted|p1a: Heatran\n|-damage|p1a: Heatran|2\/100\n|\n|t:|1700284849\n|switch|p2a: Blissey|Blissey, F|94\/100|[from] U-turn\n|\n|upkeep\n|turn|72\n|c| BoWel armageddon|Nice 1%\n|c|\u2606nba baltoy|i got one more in me\n|\n|t:|1700284875\n|move|p1a: Heatran|Magma Storm|p2a: Blissey\n|-damage|p2a: Blissey|80\/100\n|-activate|p2a: Blissey|move: Magma Storm|[of] p1a: Heatran\n|move|p2a: Blissey|Seismic Toss|p1a: Heatran\n|-damage|p1a: Heatran|0 fnt\n|faint|p1a: Heatran\n|\n|-end|p2a: Blissey|Magma Storm|[partiallytrapped]|[silent]\n|upkeep\n|\n|t:|1700284880\n|switch|p1a: Hoopa|Hoopa-Unbound|25\/100\n|-damage|p1a: Hoopa|13\/100|[from] Stealth Rock\n|turn|73\n|\n|t:|1700284895\n|switch|p2a: Talonflame|Talonflame, M|58\/100\n|-damage|p2a: Talonflame|8\/100|[from] Stealth Rock\n|move|p1a: Hoopa|Drain Punch|p2a: Talonflame\n|-resisted|p2a: Talonflame\n|-damage|p2a: Talonflame|0 fnt\n|-heal|p1a: Hoopa|17\/100|[from] drain|[of] p2a: Talonflame\n|faint|p2a: Talonflame\n|\n|upkeep\n|\n|t:|1700284897\n|switch|p2a: Cyclizar|Cyclizar, F|100\/100 brn\n|turn|74\n|j| SirSpanklez\n|\n|t:|1700284921\n|switch|p1a: Skeledirge|Skeledirge, F|79\/100\n|-damage|p1a: Skeledirge|54\/100|[from] Stealth Rock\n|move|p2a: Cyclizar|Knock Off|p1a: Skeledirge\n|-supereffective|p1a: Skeledirge\n|-damage|p1a: Skeledirge|46\/100\n|\n|-damage|p2a: Cyclizar|94\/100 brn|[from] brn\n|upkeep\n|turn|75\n|\n|t:|1700284928\n|move|p2a: Cyclizar|Knock Off|p1a: Skeledirge\n|-supereffective|p1a: Skeledirge\n|-damage|p1a: Skeledirge|38\/100\n|move|p1a: Skeledirge|Slack Off|p1a: Skeledirge\n|-heal|p1a: Skeledirge|89\/100\n|\n|-damage|p2a: Cyclizar|88\/100 brn|[from] brn\n|upkeep\n|turn|76\n|c| SirSpanklez|oh nah\n|\n|t:|1700284944\n|move|p2a: Cyclizar|Knock Off|p1a: Skeledirge\n|-supereffective|p1a: Skeledirge\n|-damage|p1a: Skeledirge|81\/100\n|move|p1a: Skeledirge|Will-O-Wisp|p2a: Cyclizar\n|-fail|p2a: Cyclizar|brn\n|\n|-damage|p2a: Cyclizar|82\/100 brn|[from] brn\n|upkeep\n|turn|77\n|inactive|nba baltoy has 120 seconds left.\n|l| SirSpanklez\n|inactive|nba baltoy has 90 seconds left.\n|\n|t:|1700285000\n|switch|p1a: Enamorus|Enamorus, F|100\/100\n|-damage|p1a: Enamorus|76\/100|[from] Stealth Rock\n|move|p2a: Cyclizar|Knock Off|p1a: Enamorus\n|-resisted|p1a: Enamorus\n|-damage|p1a: Enamorus|68\/100\n|-enditem|p1a: Enamorus|Choice Scarf|[from] move: Knock Off|[of] p2a: Cyclizar\n|\n|-damage|p2a: Cyclizar|76\/100 brn|[from] brn\n|upkeep\n|turn|78\n|inactive|nba baltoy has 90 seconds left.\n|\n|t:|1700285029\n|switch|p2a: Blissey|Blissey, F|80\/100\n|move|p1a: Enamorus|Moonblast|p2a: Blissey\n|-damage|p2a: Blissey|66\/100\n|\n|upkeep\n|turn|79\n|j|+chemcoop\n|\n|t:|1700285047\n|switch|p1a: Skeledirge|Skeledirge, F|81\/100\n|-damage|p1a: Skeledirge|56\/100|[from] Stealth Rock\n|move|p2a: Blissey|Seismic Toss|p1a: Skeledirge\n|-immune|p1a: Skeledirge\n|\n|upkeep\n|turn|80\n|\n|t:|1700285058\n|move|p1a: Skeledirge|Torch Song|p2a: Blissey\n|-damage|p2a: Blissey|58\/100\n|-boost|p1a: Skeledirge|spa|1\n|move|p2a: Blissey|Soft-Boiled|p2a: Blissey\n|-heal|p2a: Blissey|100\/100\n|\n|upkeep\n|turn|81\n|inactive|mathismathin has 120 seconds left.\n|\n|t:|1700285087\n|move|p2a: Blissey|Protect|p2a: Blissey\n|-singleturn|p2a: Blissey|Protect\n|move|p1a: Skeledirge|Will-O-Wisp|p2a: Blissey\n|-activate|p2a: Blissey|move: Protect\n|\n|upkeep\n|turn|82\n|\n|t:|1700285101\n|switch|p2a: Cyclizar|Cyclizar, F|100\/100 brn\n|move|p1a: Skeledirge|Will-O-Wisp|p2a: Cyclizar\n|-fail|p2a: Cyclizar|brn\n|\n|-damage|p2a: Cyclizar|94\/100 brn|[from] brn\n|upkeep\n|turn|83\n|\n|t:|1700285113\n|move|p2a: Cyclizar|Knock Off|p1a: Skeledirge\n|-supereffective|p1a: Skeledirge\n|-damage|p1a: Skeledirge|48\/100\n|move|p1a: Skeledirge|Slack Off|p1a: Skeledirge\n|-heal|p1a: Skeledirge|98\/100\n|\n|-damage|p2a: Cyclizar|88\/100 brn|[from] brn\n|upkeep\n|turn|84\n|inactive|mathismathin has 120 seconds left.\n|\n|t:|1700285134\n|switch|p1a: Enamorus|Enamorus, F|68\/100\n|-damage|p1a: Enamorus|43\/100|[from] Stealth Rock\n|move|p2a: Cyclizar|Knock Off|p1a: Enamorus\n|-resisted|p1a: Enamorus\n|-damage|p1a: Enamorus|37\/100\n|\n|-damage|p2a: Cyclizar|82\/100 brn|[from] brn\n|upkeep\n|turn|85\n|inactive|mathismathin has 120 seconds left.\n|\n|t:|1700285141\n|switch|p2a: Blissey|Blissey, F|100\/100\n|move|p1a: Enamorus|Moonblast|p2a: Blissey\n|-crit|p2a: Blissey\n|-damage|p2a: Blissey|77\/100\n|\n|upkeep\n|turn|86\n|inactive|nba baltoy has 60 seconds left.\n|\n|t:|1700285153\n|move|p1a: Enamorus|Moonblast|p2a: Blissey\n|-damage|p2a: Blissey|62\/100\n|-unboost|p2a: Blissey|spa|1\n|move|p2a: Blissey|Seismic Toss|p1a: Enamorus\n|-damage|p1a: Enamorus|3\/100\n|\n|upkeep\n|turn|87\n|\n|t:|1700285159\n|move|p1a: Enamorus|Healing Wish|p1a: Enamorus\n|faint|p1a: Enamorus\n|move|p2a: Blissey|Soft-Boiled|p2a: Blissey\n|-heal|p2a: Blissey|100\/100\n|\n|upkeep\n|\n|t:|1700285162\n|switch|p1a: Hoopa|Hoopa-Unbound|17\/100\n|-heal|p1a: Hoopa|100\/100|[from] move: Healing Wish\n|-damage|p1a: Hoopa|88\/100|[from] Stealth Rock\n|turn|88\n|inactive|nba baltoy has 60 seconds left.\n|inactive|mathismathin has 120 seconds left.\n|inactive|mathismathin has 90 seconds left.\n|\n|t:|1700285222\n|switch|p2a: Cyclizar|Cyclizar, F|100\/100 brn\n|move|p1a: Hoopa|Drain Punch|p2a: Cyclizar\n|-supereffective|p2a: Cyclizar\n|-damage|p2a: Cyclizar|7\/100 brn\n|-heal|p1a: Hoopa|100\/100|[from] drain|[of] p2a: Cyclizar\n|\n|-damage|p2a: Cyclizar|1\/100 brn|[from] brn\n|upkeep\n|turn|89\n|inactive|nba baltoy has 30 seconds left.\n|inactive|nba baltoy has 20 seconds left.\n|inactive|nba baltoy has 15 seconds left.\n|inactive|mathismathin has 60 seconds left.\n|\n|t:|1700285254\n|-terastallize|p1a: Hoopa|Ghost\n|move|p2a: Cyclizar|Rapid Spin|p1a: Hoopa\n|-immune|p1a: Hoopa\n|move|p1a: Hoopa|Drain Punch|p2a: Cyclizar\n|-supereffective|p2a: Cyclizar\n|-damage|p2a: Cyclizar|0 fnt\n|faint|p2a: Cyclizar\n|\n|upkeep\n|inactive|nba baltoy has 20 seconds left this turn.\n|\n|t:|1700285257\n|switch|p2a: Dondozo|Dondozo, M|74\/100 slp\n|-damage|p2a: Dondozo|61\/100 slp|[from] Stealth Rock\n|turn|90\n|inactive|nba baltoy has 25 seconds left this turn.\n|\n|t:|1700285260\n|switch|p1a: Skeledirge|Skeledirge, F|98\/100\n|-damage|p1a: Skeledirge|73\/100|[from] Stealth Rock\n|-terastallize|p2a: Dondozo|Fighting\n|cant|p2a: Dondozo|slp\n|move|p2a: Dondozo|Sleep Talk|p2a: Dondozo\n|move|p2a: Dondozo|Body Press|p1a: Skeledirge|[from]move: Sleep Talk\n|-immune|p1a: Skeledirge\n|\n|upkeep\n|turn|91\n|inactive|nba baltoy has 30 seconds left this turn.\n|inactive|mathismathin has 60 seconds left.\n|\n|t:|1700285270\n|switch|p2a: Blissey|Blissey, F|100\/100\n|move|p1a: Skeledirge|Hex|p2a: Blissey\n|-immune|p2a: Blissey\n|\n|upkeep\n|turn|92\n|inactive|nba baltoy has 30 seconds left this turn.\n|\n|t:|1700285277\n|switch|p1a: Hoopa|Hoopa-Unbound, tera:Ghost|100\/100\n|-damage|p1a: Hoopa|88\/100|[from] Stealth Rock\n|switch|p2a: Dondozo|Dondozo, M, tera:Fighting|61\/100 slp\n|-damage|p2a: Dondozo|55\/100 slp|[from] Stealth Rock\n|\n|upkeep\n|turn|93\n|inactive|nba baltoy has 30 seconds left this turn.\n|\n|t:|1700285286\n|move|p1a: Hoopa|Drain Punch|p2a: Dondozo\n|-damage|p2a: Dondozo|43\/100 slp\n|-heal|p1a: Hoopa|99\/100|[from] drain|[of] p2a: Dondozo\n|cant|p2a: Dondozo|slp\n|move|p2a: Dondozo|Sleep Talk|p2a: Dondozo\n|move|p2a: Dondozo|Rest||[from]move: Sleep Talk|[still]\n|-fail|p2a: Dondozo\n|\n|upkeep\n|turn|94\n|inactive|nba baltoy has 30 seconds left this turn.\n|inactive|nba baltoy has 20 seconds left.\n|inactive|nba baltoy has 15 seconds left.\n|inactive|nba baltoy has 10 seconds left.\n|\n|t:|1700285306\n|switch|p1a: Skeledirge|Skeledirge, F|73\/100\n|-damage|p1a: Skeledirge|49\/100|[from] Stealth Rock\n|-curestatus|p2a: Dondozo|slp|[msg]\n|move|p2a: Dondozo|Waterfall|p1a: Skeledirge\n|-supereffective|p1a: Skeledirge\n|-damage|p1a: Skeledirge|14\/100\n|\n|upkeep\n|turn|95\n|inactive|nba baltoy has 15 seconds left this turn.\n|l| finally\n|inactive|mathismathin has 60 seconds left.\n|l| encostoo\n|\n|t:|1700285332\n|move|p1a: Skeledirge|Slack Off|p1a: Skeledirge\n|-heal|p1a: Skeledirge|64\/100\n|move|p2a: Dondozo|Waterfall|p1a: Skeledirge\n|-supereffective|p1a: Skeledirge\n|-damage|p1a: Skeledirge|30\/100\n|\n|upkeep\n|turn|96\n|inactive|nba baltoy has 20 seconds left this turn.\n|inactive|nba baltoy has 15 seconds left.\n|inactive|nba baltoy has 10 seconds left.\n|\n|t:|1700285343\n|move|p1a: Skeledirge|Torch Song|p2a: Dondozo\n|-damage|p2a: Dondozo|16\/100\n|-boost|p1a: Skeledirge|spa|1\n|move|p2a: Dondozo|Rest|p2a: Dondozo\n|-status|p2a: Dondozo|slp|[from] move: Rest\n|-heal|p2a: Dondozo|100\/100 slp|[silent]\n|\n|upkeep\n|turn|97\n|inactive|nba baltoy has 15 seconds left this turn.\n|inactive|nba baltoy has 10 seconds left.\n|\n|t:|1700285350\n|switch|p1a: Hoopa|Hoopa-Unbound, tera:Ghost|99\/100\n|-damage|p1a: Hoopa|87\/100|[from] Stealth Rock\n|switch|p2a: Blissey|Blissey, F|100\/100\n|\n|upkeep\n|turn|98\n|inactive|nba baltoy has 15 seconds left this turn.\n|inactive|nba baltoy has 10 seconds left.\n|\n|t:|1700285363\n|switch|p2a: Dondozo|Dondozo, M, tera:Fighting|100\/100 slp\n|-damage|p2a: Dondozo|94\/100 slp|[from] Stealth Rock\n|move|p1a: Hoopa|Drain Punch|p2a: Dondozo\n|-damage|p2a: Dondozo|80\/100 slp\n|-heal|p1a: Hoopa|99\/100|[from] drain|[of] p2a: Dondozo\n|\n|upkeep\n|turn|99\n|inactive|nba baltoy has 15 seconds left this turn.\n|inactive|nba baltoy has 10 seconds left.\n|inactive|nba baltoy has 5 seconds left.\n|\n|t:|1700285376\n|move|p1a: Hoopa|Drain Punch|p2a: Dondozo\n|-damage|p2a: Dondozo|65\/100 slp\n|-heal|p1a: Hoopa|100\/100|[from] drain|[of] p2a: Dondozo\n|cant|p2a: Dondozo|slp\n|move|p2a: Dondozo|Sleep Talk|p2a: Dondozo\n|move|p2a: Dondozo|Rest||[from]move: Sleep Talk|[still]\n|-fail|p2a: Dondozo\n|\n|upkeep\n|turn|100\n|inactive|nba baltoy has 10 seconds left this turn.\n|inactive|nba baltoy has 5 seconds left.\n|-message|nba baltoy lost due to inactivity.\n|\n|win|mathismathin\n|raw|nba baltoy's rating: 1639 &rarr; <strong>1628<\/strong><br \/>(-11 for losing)\n|raw|mathismathin's rating: 1817 &rarr; <strong>1828<\/strong><br \/>(+11 for winning)\n|c|\u2606nba baltoy|oops\n|c|\u2606nba baltoy|ggs lmaoo\n|c|\u2606mathismathin|gg\n","uploadtime":1700285401,"views":17,"p1id":"nbabaltoy","p2id":"mathismathin","formatid":"gen9ou","rating":1628,"private":0,"password":""}