{"id":"gen9ou-1988279258","p1":"Dadben","p2":"Skaraptor2.1","format":"[Gen 9] OU","log":"|j|\u2606Dadben\n|j|\u2606Skaraptor2.1\n|t:|1699700502\n|gametype|singles\n|player|p1|Dadben|fisherman-gen4|1349\n|player|p2|Skaraptor2.1|bodybuilderf-gen9|1361\n|teamsize|p1|6\n|teamsize|p2|6\n|gen|9\n|tier|[Gen 9] OU\n|rated|\n|rule|Sleep Clause Mod: Limit one foe put to sleep\n|rule|Species Clause: Limit one of each Pok\u00e9mon\n|rule|OHKO Clause: OHKO moves are banned\n|rule|Evasion Items Clause: Evasion items are banned\n|rule|Evasion Moves Clause: Evasion moves are banned\n|rule|Endless Battle Clause: Forcing endless battles is banned\n|rule|HP Percentage Mod: HP is shown in percentages\n|clearpoke\n|poke|p1|Pelipper, F|\n|poke|p1|Tyranitar, M|\n|poke|p1|Corviknight, M|\n|poke|p1|Clodsire, F|\n|poke|p1|Barraskewda, F|\n|poke|p1|Basculegion-F, F|\n|poke|p2|Iron Jugulis|\n|poke|p2|Ogerpon-Wellspring, F|\n|poke|p2|Tinkaton, F|\n|poke|p2|Iron Moth|\n|poke|p2|Great Tusk|\n|poke|p2|Dragapult, M|\n|teampreview\n|inactive|Battle timer is ON: inactive players will automatically lose when time's up. (requested by Skaraptor2.1)\n|inactive|Dadben also wants the timer to be on.\n|\n|t:|1699700525\n|start\n|switch|p1a: Pelipper|Pelipper, F|100\/100\n|switch|p2a: TWINKATON|Tinkaton, F|100\/100\n|-weather|RainDance|[from] ability: Drizzle|[of] p1a: Pelipper\n|-item|p2a: TWINKATON|Air Balloon\n|turn|1\n|\n|t:|1699700534\n|move|p1a: Pelipper|U-turn|p2a: TWINKATON\n|-resisted|p2a: TWINKATON\n|-damage|p2a: TWINKATON|98\/100\n|-enditem|p2a: TWINKATON|Air Balloon\n|-enditem|p1a: Pelipper|Choice Scarf|[silent]|[from] ability: Pickpocket|[of] p1a: Pelipper\n|-item|p2a: TWINKATON|Choice Scarf|[from] ability: Pickpocket|[of] p1a: Pelipper\n|\n|t:|1699700538\n|switch|p1a: Corviknight|Corviknight, M|100\/100|[from] U-turn\n|-ability|p1a: Corviknight|Pressure\n|move|p2a: TWINKATON|Thunder Wave|p1a: Corviknight\n|-status|p1a: Corviknight|par\n|\n|-weather|RainDance|[upkeep]\n|upkeep\n|turn|2\n|inactive|Skaraptor2.1 has 120 seconds left.\n|c|\u2606Dadben|Lol\n|\n|t:|1699700587\n|switch|p2a: Trans... former|Iron Jugulis|100\/100\n|-enditem|p2a: Trans... former|Booster Energy\n|-activate|p2a: Trans... former|ability: Quark Drive|[fromitem]\n|-start|p2a: Trans... former|quarkdrivespe\n|cant|p1a: Corviknight|par\n|\n|-weather|RainDance|[upkeep]\n|upkeep\n|turn|3\n|\n|t:|1699700594\n|move|p2a: Trans... former|Taunt|p1a: Corviknight\n|-start|p1a: Corviknight|move: Taunt\n|move|p1a: Corviknight|U-turn|p2a: Trans... former\n|-damage|p2a: Trans... former|83\/100\n|\n|t:|1699700599\n|switch|p1a: Tyranitar|Tyranitar, M|100\/100|[from] U-turn\n|-weather|Sandstorm|[from] ability: Sand Stream|[of] p1a: Tyranitar\n|\n|-weather|Sandstorm|[upkeep]\n|-damage|p2a: Trans... former|77\/100|[from] Sandstorm\n|upkeep\n|turn|4\n|\n|t:|1699700603\n|move|p2a: Trans... former|Earth Power|p1a: Tyranitar\n|-supereffective|p1a: Tyranitar\n|-damage|p1a: Tyranitar|74\/100\n|move|p1a: Tyranitar|Stealth Rock|p2a: Trans... former\n|-sidestart|p2: Skaraptor2.1|move: Stealth Rock\n|\n|-weather|Sandstorm|[upkeep]\n|-damage|p2a: Trans... former|71\/100|[from] Sandstorm\n|-heal|p1a: Tyranitar|80\/100|[from] item: Leftovers\n|upkeep\n|turn|5\n|\n|t:|1699700610\n|move|p2a: Trans... former|Earth Power|p1a: Tyranitar\n|-supereffective|p1a: Tyranitar\n|-damage|p1a: Tyranitar|56\/100\n|move|p1a: Tyranitar|Ice Beam|p2a: Trans... former\n|-supereffective|p2a: Trans... former\n|-damage|p2a: Trans... former|14\/100\n|\n|-weather|Sandstorm|[upkeep]\n|-damage|p2a: Trans... former|8\/100|[from] Sandstorm\n|-heal|p1a: Tyranitar|62\/100|[from] item: Leftovers\n|upkeep\n|turn|6\n|\n|t:|1699700616\n|switch|p1a: Corviknight|Corviknight, M|100\/100 par\n|-ability|p1a: Corviknight|Pressure\n|move|p2a: Trans... former|Earth Power|p1a: Corviknight\n|-immune|p1a: Corviknight\n|\n|-weather|Sandstorm|[upkeep]\n|-damage|p2a: Trans... former|2\/100|[from] Sandstorm\n|upkeep\n|turn|7\n|\n|t:|1699700624\n|move|p2a: Trans... former|Knock Off|p1a: Corviknight\n|-damage|p1a: Corviknight|77\/100 par\n|-damage|p2a: Trans... former|0 fnt|[from] item: Rocky Helmet|[of] p1a: Corviknight\n|faint|p2a: Trans... former\n|-end|p2a: Trans... former|Quark Drive|[silent]\n|move|p1a: Corviknight|U-turn|p2: Trans... former|[notarget]\n|-fail|p1a: Corviknight\n|\n|-weather|none\n|upkeep\n|\n|t:|1699700649\n|switch|p2a: Be Gay Do Crime|Great Tusk|100\/100\n|-damage|p2a: Be Gay Do Crime|98\/100|[from] Stealth Rock\n|-enditem|p2a: Be Gay Do Crime|Booster Energy\n|-activate|p2a: Be Gay Do Crime|ability: Protosynthesis|[fromitem]\n|-start|p2a: Be Gay Do Crime|protosynthesisspe\n|turn|8\n|\n|t:|1699700657\n|switch|p1a: Basculegion|Basculegion-F, F|100\/100\n|move|p2a: Be Gay Do Crime|Bulk Up|p2a: Be Gay Do Crime\n|-boost|p2a: Be Gay Do Crime|atk|1\n|-boost|p2a: Be Gay Do Crime|def|1\n|\n|upkeep\n|turn|9\n|\n|t:|1699700667\n|move|p2a: Be Gay Do Crime|Earthquake|p1a: Basculegion\n|-damage|p1a: Basculegion|17\/100\n|move|p1a: Basculegion|Surf|p2a: Be Gay Do Crime\n|-supereffective|p2a: Be Gay Do Crime\n|-crit|p2a: Be Gay Do Crime\n|-damage|p2a: Be Gay Do Crime|0 fnt\n|faint|p2a: Be Gay Do Crime\n|-end|p2a: Be Gay Do Crime|Protosynthesis|[silent]\n|\n|-heal|p1a: Basculegion|23\/100|[from] item: Leftovers\n|upkeep\n|\n|t:|1699700672\n|switch|p2a: Transfem|Ogerpon-Wellspring, F|100\/100\n|-damage|p2a: Transfem|88\/100|[from] Stealth Rock\n|turn|10\n|\n|t:|1699700677\n|switch|p1a: Clodsire|Clodsire, F|100\/100\n|move|p2a: Transfem|Spikes|p1a: Clodsire\n|-sidestart|p1: Dadben|Spikes\n|\n|upkeep\n|turn|11\n|\n|t:|1699700683\n|move|p2a: Transfem|U-turn|p1a: Clodsire\n|-resisted|p1a: Clodsire\n|-damage|p1a: Clodsire|91\/100\n|\n|t:|1699700685\n|switch|p2a: Drag Queen|Dragapult, M|100\/100|[from] U-turn\n|-damage|p2a: Drag Queen|88\/100|[from] Stealth Rock\n|move|p1a: Clodsire|Acid Spray|p2a: Drag Queen\n|-resisted|p2a: Drag Queen\n|-damage|p2a: Drag Queen|83\/100\n|\n|-heal|p1a: Clodsire|97\/100|[from] item: Black Sludge\n|upkeep\n|turn|12\n|\n|t:|1699700696\n|switch|p1a: Corviknight|Corviknight, M|77\/100 par\n|-ability|p1a: Corviknight|Pressure\n|move|p2a: Drag Queen|Shadow Ball|p1a: Corviknight\n|-damage|p1a: Corviknight|43\/100 par\n|\n|upkeep\n|turn|13\n|\n|t:|1699700712\n|move|p2a: Drag Queen|Shadow Ball|p1a: Corviknight\n|-damage|p1a: Corviknight|9\/100 par\n|-unboost|p1a: Corviknight|spd|1\n|move|p1a: Corviknight|U-turn|p2a: Drag Queen\n|-resisted|p2a: Drag Queen\n|-damage|p2a: Drag Queen|74\/100\n|\n|t:|1699700720\n|switch|p1a: Tyranitar|Tyranitar, M|62\/100|[from] U-turn\n|-damage|p1a: Tyranitar|50\/100|[from] Spikes\n|-weather|Sandstorm|[from] ability: Sand Stream|[of] p1a: Tyranitar\n|\n|-weather|Sandstorm|[upkeep]\n|-damage|p2a: Drag Queen|68\/100|[from] Sandstorm\n|-heal|p1a: Tyranitar|56\/100|[from] item: Leftovers\n|upkeep\n|turn|14\n|\n|t:|1699700727\n|switch|p2a: TWINKATON|Tinkaton, F|98\/100\n|-damage|p2a: TWINKATON|92\/100|[from] Stealth Rock\n|move|p1a: Tyranitar|Knock Off|p2a: TWINKATON\n|-resisted|p2a: TWINKATON\n|-damage|p2a: TWINKATON|65\/100\n|-enditem|p2a: TWINKATON|Choice Scarf|[from] move: Knock Off|[of] p1a: Tyranitar\n|-enditem|p1a: Tyranitar|Leftovers|[silent]|[from] ability: Pickpocket|[of] p1a: Tyranitar\n|-item|p2a: TWINKATON|Leftovers|[from] ability: Pickpocket|[of] p1a: Tyranitar\n|\n|-weather|Sandstorm|[upkeep]\n|-heal|p2a: TWINKATON|72\/100|[from] item: Leftovers\n|upkeep\n|turn|15\n|\n|t:|1699700738\n|switch|p1a: Clodsire|Clodsire, F|97\/100\n|-damage|p1a: Clodsire|84\/100|[from] Spikes\n|move|p2a: TWINKATON|Stealth Rock|p1a: Clodsire\n|-sidestart|p1: Dadben|move: Stealth Rock\n|\n|-weather|Sandstorm|[upkeep]\n|-heal|p2a: TWINKATON|78\/100|[from] item: Leftovers\n|-heal|p1a: Clodsire|91\/100|[from] item: Black Sludge\n|upkeep\n|turn|16\n|\n|t:|1699700751\n|switch|p2a: Transfem|Ogerpon-Wellspring, F|88\/100\n|-damage|p2a: Transfem|76\/100|[from] Stealth Rock\n|move|p1a: Clodsire|Spikes|p2a: Transfem\n|-sidestart|p2: Skaraptor2.1|Spikes\n|\n|-weather|Sandstorm|[upkeep]\n|-damage|p2a: Transfem|70\/100|[from] Sandstorm\n|-heal|p1a: Clodsire|97\/100|[from] item: Black Sludge\n|upkeep\n|turn|17\n|\n|t:|1699700758\n|move|p2a: Transfem|Horn Leech|p1a: Clodsire\n|-damage|p1a: Clodsire|64\/100\n|-heal|p2a: Transfem|95\/100|[from] drain|[of] p1a: Clodsire\n|move|p1a: Clodsire|Acid Spray|p2a: Transfem\n|-supereffective|p2a: Transfem\n|-damage|p2a: Transfem|77\/100\n|-unboost|p2a: Transfem|spd|2\n|\n|-weather|none\n|-heal|p1a: Clodsire|71\/100|[from] item: Black Sludge\n|upkeep\n|turn|18\n|\n|t:|1699700765\n|move|p2a: Transfem|U-turn|p1a: Clodsire\n|-resisted|p1a: Clodsire\n|-damage|p1a: Clodsire|60\/100\n|\n|t:|1699700769\n|switch|p2a: Drag Queen|Dragapult, M|68\/100|[from] U-turn\n|-damage|p2a: Drag Queen|56\/100|[from] Stealth Rock\n|-damage|p2a: Drag Queen|43\/100|[from] Spikes\n|move|p1a: Clodsire|Spikes|p2a: Drag Queen\n|-sidestart|p2: Skaraptor2.1|Spikes\n|\n|-heal|p1a: Clodsire|66\/100|[from] item: Black Sludge\n|upkeep\n|turn|19\n|\n|t:|1699700777\n|move|p2a: Drag Queen|Shadow Ball|p1a: Clodsire\n|-damage|p1a: Clodsire|28\/100\n|move|p1a: Clodsire|Recover|p1a: Clodsire\n|-heal|p1a: Clodsire|78\/100\n|\n|-heal|p1a: Clodsire|85\/100|[from] item: Black Sludge\n|upkeep\n|turn|20\n|\n|t:|1699700782\n|move|p2a: Drag Queen|Shadow Ball|p1a: Clodsire\n|-damage|p1a: Clodsire|44\/100\n|move|p1a: Clodsire|Earthquake|p2a: Drag Queen\n|-damage|p2a: Drag Queen|5\/100\n|\n|-heal|p1a: Clodsire|50\/100|[from] item: Black Sludge\n|upkeep\n|turn|21\n|\n|t:|1699700787\n|move|p2a: Drag Queen|Shadow Ball|p1a: Clodsire\n|-damage|p1a: Clodsire|10\/100\n|-unboost|p1a: Clodsire|spd|1\n|move|p1a: Clodsire|Recover|p1a: Clodsire\n|-heal|p1a: Clodsire|60\/100\n|\n|-heal|p1a: Clodsire|66\/100|[from] item: Black Sludge\n|upkeep\n|turn|22\n|\n|t:|1699700793\n|switch|p1a: Corviknight|Corviknight, M|9\/100 par\n|-damage|p1a: Corviknight|0 fnt|[from] Stealth Rock\n|faint|p1a: Corviknight\n|move|p2a: Drag Queen|Shadow Ball|p1: Corviknight|[notarget]\n|-fail|p2a: Drag Queen\n|\n|upkeep\n|\n|t:|1699700797\n|switch|p1a: Tyranitar|Tyranitar, M|56\/100\n|-damage|p1a: Tyranitar|43\/100|[from] Spikes\n|-damage|p1a: Tyranitar|31\/100|[from] Stealth Rock\n|-weather|Sandstorm|[from] ability: Sand Stream|[of] p1a: Tyranitar\n|turn|23\n|\n|t:|1699700810\n|move|p2a: Drag Queen|Shadow Ball|p1a: Tyranitar\n|-resisted|p1a: Tyranitar\n|-damage|p1a: Tyranitar|20\/100\n|-unboost|p1a: Tyranitar|spd|1\n|move|p1a: Tyranitar|Knock Off|p2a: Drag Queen\n|-supereffective|p2a: Drag Queen\n|-damage|p2a: Drag Queen|0 fnt\n|-enditem|p2a: Drag Queen|Choice Specs|[from] move: Knock Off|[of] p1a: Tyranitar\n|faint|p2a: Drag Queen\n|\n|-weather|Sandstorm|[upkeep]\n|upkeep\n|\n|t:|1699700819\n|switch|p2a: Transfem|Ogerpon-Wellspring, F|77\/100\n|-damage|p2a: Transfem|65\/100|[from] Stealth Rock\n|-damage|p2a: Transfem|48\/100|[from] Spikes\n|turn|24\n|\n|t:|1699700825\n|move|p2a: Transfem|Horn Leech|p1a: Tyranitar\n|-supereffective|p1a: Tyranitar\n|-damage|p1a: Tyranitar|0 fnt\n|-heal|p2a: Transfem|61\/100|[from] drain|[of] p1a: Tyranitar\n|faint|p1a: Tyranitar\n|\n|-weather|Sandstorm|[upkeep]\n|-damage|p2a: Transfem|55\/100|[from] Sandstorm\n|upkeep\n|\n|t:|1699700835\n|switch|p1a: Pelipper|Pelipper, F|100\/100\n|-damage|p1a: Pelipper|76\/100|[from] Stealth Rock\n|-weather|RainDance|[from] ability: Drizzle|[of] p1a: Pelipper\n|turn|25\n|\n|t:|1699700840\n|-terastallize|p1a: Pelipper|Flying\n|move|p2a: Transfem|Horn Leech|p1a: Pelipper\n|-resisted|p1a: Pelipper\n|-crit|p1a: Pelipper\n|-damage|p1a: Pelipper|35\/100\n|-heal|p2a: Transfem|73\/100|[from] drain|[of] p1a: Pelipper\n|move|p1a: Pelipper|Hurricane|p2a: Transfem\n|-supereffective|p2a: Transfem\n|-damage|p2a: Transfem|0 fnt\n|faint|p2a: Transfem\n|\n|-weather|RainDance|[upkeep]\n|upkeep\n|\n|t:|1699700850\n|switch|p2a: Solar Panels|Iron Moth|100\/100\n|-damage|p2a: Solar Panels|76\/100|[from] Stealth Rock\n|-damage|p2a: Solar Panels|59\/100|[from] Spikes\n|-enditem|p2a: Solar Panels|Booster Energy\n|-activate|p2a: Solar Panels|ability: Quark Drive|[fromitem]\n|-start|p2a: Solar Panels|quarkdrivespe\n|turn|26\n|\n|t:|1699700857\n|-terastallize|p2a: Solar Panels|Grass\n|move|p2a: Solar Panels|Fiery Dance|p1a: Pelipper\n|-damage|p1a: Pelipper|0 fnt\n|faint|p1a: Pelipper\n|\n|-weather|RainDance|[upkeep]\n|upkeep\n|\n|t:|1699700865\n|switch|p1a: Barraskewda|Barraskewda, F|100\/100\n|turn|27\n|\n|t:|1699700868\n|move|p1a: Barraskewda|Flip Turn|p2a: Solar Panels\n|-resisted|p2a: Solar Panels\n|-damage|p2a: Solar Panels|29\/100\n|\n|t:|1699700872\n|switch|p1a: Basculegion|Basculegion-F, F|23\/100|[from] Flip Turn\n|-damage|p1a: Basculegion|11\/100|[from] Spikes\n|-damage|p1a: Basculegion|0 fnt|[from] Stealth Rock\n|faint|p1a: Basculegion\n|move|p2a: Solar Panels|Energy Ball|p1: Basculegion|[notarget]\n|-fail|p2a: Solar Panels\n|\n|-weather|RainDance|[upkeep]\n|upkeep\n|\n|t:|1699700874\n|switch|p1a: Barraskewda|Barraskewda, F|100\/100\n|turn|28\n|\n|t:|1699700877\n|move|p1a: Barraskewda|Liquidation|p2a: Solar Panels\n|-resisted|p2a: Solar Panels\n|-crit|p2a: Solar Panels\n|-damage|p2a: Solar Panels|0 fnt\n|faint|p2a: Solar Panels\n|-end|p2a: Solar Panels|Quark Drive|[silent]\n|\n|-weather|RainDance|[upkeep]\n|upkeep\n|\n|t:|1699700879\n|switch|p2a: TWINKATON|Tinkaton, F|78\/100\n|-damage|p2a: TWINKATON|72\/100|[from] Stealth Rock\n|-damage|p2a: TWINKATON|55\/100|[from] Spikes\n|turn|29\n|\n|t:|1699700881\n|move|p1a: Barraskewda|Liquidation|p2a: TWINKATON\n|-damage|p2a: TWINKATON|0 fnt\n|faint|p2a: TWINKATON\n|\n|win|Dadben\n|raw|Dadben's rating: 1349 &rarr; <strong>1370<\/strong><br \/>(+21 for winning)\n|raw|Skaraptor2.1's rating: 1361 &rarr; <strong>1340<\/strong><br \/>(-21 for losing)\n","uploadtime":1699700884,"views":16,"p1id":"dadben","p2id":"skaraptor21","formatid":"gen9ou","rating":1340,"private":0,"password":""}