{"id":"gen9ou-1991548404","p1":"Winterbub","p2":"Samiaou","format":"[Gen 9] OU","log":"|j|\u2606Winterbub\n|j|\u2606Samiaou\n|t:|1700087230\n|gametype|singles\n|player|p1|Winterbub|cynthia|1500\n|player|p2|Samiaou|volo|1515\n|teamsize|p1|6\n|teamsize|p2|6\n|gen|9\n|tier|[Gen 9] OU\n|rated|\n|rule|Sleep Clause Mod: Limit one foe put to sleep\n|rule|Species Clause: Limit one of each Pok\u00e9mon\n|rule|OHKO Clause: OHKO moves are banned\n|rule|Evasion Items Clause: Evasion items are banned\n|rule|Evasion Moves Clause: Evasion moves are banned\n|rule|Endless Battle Clause: Forcing endless battles is banned\n|rule|HP Percentage Mod: HP is shown in percentages\n|clearpoke\n|poke|p1|Glimmora, F|\n|poke|p1|Greninja-*, M|\n|poke|p1|Iron Valiant|\n|poke|p1|Dragonite, F|\n|poke|p1|Kingambit, F|\n|poke|p1|Iron Moth|\n|poke|p2|Kingambit, F|\n|poke|p2|Great Tusk|\n|poke|p2|Dragapult, F|\n|poke|p2|Ogerpon-Wellspring, F|\n|poke|p2|Blissey, F|\n|poke|p2|Zapdos|\n|teampreview\n|inactive|Battle timer is ON: inactive players will automatically lose when time's up. (requested by Winterbub)\n|j| aquajetted\n|\n|t:|1700087253\n|start\n|switch|p1a: Glimmora|Glimmora, F|100\/100\n|switch|p2a: Ogerpon du Puits|Dragapult, F|100\/100\n|turn|1\n|\n|t:|1700087267\n|move|p2a: Ogerpon du Puits|Shadow Ball|p1a: Glimmora\n|-damage|p1a: Glimmora|24\/100\n|move|p1a: Glimmora|Mortal Spin|p2a: Ogerpon du Puits\n|-resisted|p2a: Ogerpon du Puits\n|-damage|p2a: Ogerpon du Puits|96\/100\n|-status|p2a: Ogerpon du Puits|psn\n|\n|-damage|p2a: Ogerpon du Puits|84\/100 psn|[from] psn\n|upkeep\n|turn|2\n|\n|t:|1700087273\n|switch|p1a: Kingambit|Kingambit, F|100\/100\n|-item|p1a: Kingambit|Air Balloon\n|move|p2a: Ogerpon du Puits|Shadow Ball|p1a: Kingambit\n|-resisted|p1a: Kingambit\n|-damage|p1a: Kingambit|75\/100\n|-enditem|p1a: Kingambit|Air Balloon\n|\n|-damage|p2a: Ogerpon du Puits|71\/100 psn|[from] psn\n|upkeep\n|turn|3\n|\n|t:|1700087283\n|switch|p2a: Scalpereur|Zapdos|100\/100\n|move|p1a: Kingambit|Iron Head|p2a: Scalpereur\n|-resisted|p2a: Scalpereur\n|-damage|p2a: Scalpereur|81\/100\n|\n|upkeep\n|turn|4\n|l| aquajetted\n|\n|t:|1700087301\n|-end|p1a: Kingambit|fallenundefined|[silent]\n|switch|p1a: Glimmora|Glimmora, F|24\/100\n|move|p2a: Scalpereur|Volt Switch|p1a: Glimmora\n|-damage|p1a: Glimmora|0 fnt\n|faint|p1a: Glimmora\n|\n|t:|1700087312\n|switch|p2a: Lanssorien|Ogerpon-Wellspring, F|100\/100|[from] Volt Switch\n|\n|upkeep\n|\n|t:|1700087317\n|switch|p1a: Iron Moth|Iron Moth|100\/100\n|-enditem|p1a: Iron Moth|Booster Energy\n|-activate|p1a: Iron Moth|ability: Quark Drive|[fromitem]\n|-start|p1a: Iron Moth|quarkdrivespa\n|turn|5\n|\n|t:|1700087323\n|move|p1a: Iron Moth|Sludge Wave|p2a: Lanssorien\n|-supereffective|p2a: Lanssorien\n|-damage|p2a: Lanssorien|0 fnt\n|faint|p2a: Lanssorien\n|\n|upkeep\n|\n|t:|1700087326\n|switch|p2a: Fort-Ivoire|Blissey, F|100\/100\n|turn|6\n|\n|t:|1700087329\n|move|p1a: Iron Moth|Fiery Dance|p2a: Fort-Ivoire\n|-damage|p2a: Fort-Ivoire|81\/100\n|move|p2a: Fort-Ivoire|Stealth Rock|p1a: Iron Moth\n|-sidestart|p1: Winterbub|move: Stealth Rock\n|\n|upkeep\n|turn|7\n|\n|t:|1700087333\n|move|p1a: Iron Moth|Fiery Dance|p2a: Fort-Ivoire\n|-damage|p2a: Fort-Ivoire|59\/100\n|-boost|p1a: Iron Moth|spa|1\n|move|p2a: Fort-Ivoire|Seismic Toss|p1a: Iron Moth\n|-damage|p1a: Iron Moth|67\/100\n|\n|upkeep\n|turn|8\n|\n|t:|1700087336\n|move|p1a: Iron Moth|Fiery Dance|p2a: Fort-Ivoire\n|-damage|p2a: Fort-Ivoire|28\/100\n|-boost|p1a: Iron Moth|spa|1\n|move|p2a: Fort-Ivoire|Soft-Boiled|p2a: Fort-Ivoire\n|-heal|p2a: Fort-Ivoire|78\/100\n|\n|upkeep\n|turn|9\n|\n|t:|1700087341\n|move|p1a: Iron Moth|Fiery Dance|p2a: Fort-Ivoire\n|-damage|p2a: Fort-Ivoire|34\/100\n|-boost|p1a: Iron Moth|spa|1\n|move|p2a: Fort-Ivoire|Seismic Toss|p1a: Iron Moth\n|-damage|p1a: Iron Moth|34\/100\n|\n|upkeep\n|turn|10\n|\n|t:|1700087347\n|move|p1a: Iron Moth|Fiery Dance|p2a: Fort-Ivoire\n|-damage|p2a: Fort-Ivoire|0 fnt\n|faint|p2a: Fort-Ivoire\n|\n|upkeep\n|\n|t:|1700087351\n|switch|p2a: Ogerpon du Puits|Dragapult, F|71\/100 psn\n|turn|11\n|\n|t:|1700087367\n|move|p2a: Ogerpon du Puits|Shadow Ball|p1a: Iron Moth\n|-damage|p1a: Iron Moth|0 fnt\n|faint|p1a: Iron Moth\n|-end|p1a: Iron Moth|Quark Drive|[silent]\n|\n|-damage|p2a: Ogerpon du Puits|59\/100 psn|[from] psn\n|upkeep\n|\n|t:|1700087379\n|switch|p1a: Greninja|Greninja, M|100\/100\n|-damage|p1a: Greninja|88\/100|[from] Stealth Rock\n|turn|12\n|\n|t:|1700087384\n|switch|p2a: Scalpereur|Zapdos|81\/100\n|move|p1a: Greninja|Surf|p2a: Scalpereur\n|-damage|p2a: Scalpereur|33\/100\n|-damage|p1a: Greninja|78\/100|[from] item: Life Orb\n|\n|upkeep\n|turn|13\n|\n|t:|1700087388\n|move|p1a: Greninja|Surf|p2a: Scalpereur\n|-damage|p2a: Scalpereur|0 fnt\n|faint|p2a: Scalpereur\n|-ability|p1a: Greninja|Battle Bond|boost\n|-boost|p1a: Greninja|atk|1\n|-boost|p1a: Greninja|spa|1\n|-boost|p1a: Greninja|spe|1\n|-activate|p1a: Greninja|ability: Battle Bond\n|-damage|p1a: Greninja|69\/100|[from] item: Life Orb\n|\n|upkeep\n|\n|t:|1700087393\n|switch|p2a: Electhor|Kingambit, F|100\/100\n|-activate|p2a: Electhor|ability: Supreme Overlord\n|-start|p2a: Electhor|fallen3|[silent]\n|turn|14\n|\n|t:|1700087397\n|-terastallize|p1a: Greninja|Water\n|move|p1a: Greninja|Surf|p2a: Electhor\n|-damage|p2a: Electhor|0 fnt\n|faint|p2a: Electhor\n|-end|p2a: Electhor|fallen3|[silent]\n|-damage|p1a: Greninja|59\/100|[from] item: Life Orb\n|\n|upkeep\n|-message|Samiaou forfeited.\n|\n|win|Winterbub\n|raw|Winterbub's rating: 1500 &rarr; <strong>1521<\/strong><br \/>(+21 for winning)\n|raw|Samiaou's rating: 1515 &rarr; <strong>1494<\/strong><br \/>(-21 for losing)\n|l|\u2606Samiaou\n","uploadtime":1700087405,"views":17,"p1id":"winterbub","p2id":"samiaou","formatid":"gen9ou","rating":1494,"private":0,"password":""}