{"id":"gen9ou-1988465532","p1":"CCQB","p2":"Tiyali=D","format":"[Gen 9] OU","log":"|j|\u2606CCQB\n|j|\u2606Tiyali=D\n|t:|1699725863\n|gametype|singles\n|player|p1|CCQB|youngster-gen4dp|1120\n|player|p2|Tiyali=D|backersf|1199\n|teamsize|p1|6\n|teamsize|p2|6\n|gen|9\n|tier|[Gen 9] OU\n|rated|\n|rule|Sleep Clause Mod: Limit one foe put to sleep\n|rule|Species Clause: Limit one of each Pok\u00e9mon\n|rule|OHKO Clause: OHKO moves are banned\n|rule|Evasion Items Clause: Evasion items are banned\n|rule|Evasion Moves Clause: Evasion moves are banned\n|rule|Endless Battle Clause: Forcing endless battles is banned\n|rule|HP Percentage Mod: HP is shown in percentages\n|clearpoke\n|poke|p1|Spiritomb, M|\n|poke|p1|Amoonguss, M|\n|poke|p1|Heatran, M|\n|poke|p1|Forretress, F|\n|poke|p1|Dragonite, M|\n|poke|p1|Milotic, F|\n|poke|p2|Gliscor, F|\n|poke|p2|Ting-Lu|\n|poke|p2|Gholdengo|\n|poke|p2|Ogerpon-Wellspring, F|\n|poke|p2|Kingambit, F|\n|poke|p2|Great Tusk|\n|teampreview\n|inactive|Battle timer is ON: inactive players will automatically lose when time's up. (requested by CCQB)\n|\n|t:|1699725869\n|start\n|switch|p1a: Amoonguss|Amoonguss, M|100\/100\n|switch|p2a: Gliscor|Gliscor, F|100\/100\n|turn|1\n|\n|t:|1699725881\n|switch|p1a: Forretress|Forretress, F|100\/100\n|move|p2a: Gliscor|Substitute|p2a: Gliscor\n|-start|p2a: Gliscor|Substitute\n|-damage|p2a: Gliscor|76\/100\n|\n|-status|p2a: Gliscor|tox|[from] item: Toxic Orb\n|upkeep\n|turn|2\n|\n|t:|1699725888\n|move|p2a: Gliscor|Earthquake|p1a: Forretress\n|-damage|p1a: Forretress|75\/100\n|move|p1a: Forretress|Stealth Rock|p2a: Gliscor\n|-sidestart|p2: Tiyali=D|move: Stealth Rock\n|\n|-heal|p1a: Forretress|81\/100|[from] item: Leftovers\n|-heal|p2a: Gliscor|88\/100 tox|[from] ability: Poison Heal\n|upkeep\n|turn|3\n|\n|t:|1699725897\n|move|p2a: Gliscor|Earthquake|p1a: Forretress\n|-damage|p1a: Forretress|57\/100\n|move|p1a: Forretress|Ice Spinner|p2a: Gliscor\n|-supereffective|p2a: Gliscor\n|-end|p2a: Gliscor|Substitute\n|\n|-heal|p1a: Forretress|64\/100|[from] item: Leftovers\n|-heal|p2a: Gliscor|100\/100 tox|[from] ability: Poison Heal\n|upkeep\n|turn|4\n|\n|t:|1699725912\n|switch|p2a: Great Tusk|Great Tusk|100\/100\n|-damage|p2a: Great Tusk|97\/100|[from] Stealth Rock\n|-enditem|p2a: Great Tusk|Booster Energy\n|-activate|p2a: Great Tusk|ability: Protosynthesis|[fromitem]\n|-start|p2a: Great Tusk|protosynthesisatk\n|move|p1a: Forretress|Ice Spinner|p2a: Great Tusk\n|-supereffective|p2a: Great Tusk\n|-damage|p2a: Great Tusk|72\/100\n|\n|-heal|p1a: Forretress|70\/100|[from] item: Leftovers\n|upkeep\n|turn|5\n|\n|t:|1699725923\n|switch|p1a: Spiritomb|Spiritomb, M|100\/100\n|move|p2a: Great Tusk|Rapid Spin|p1a: Spiritomb\n|-immune|p1a: Spiritomb\n|\n|upkeep\n|turn|6\n|\n|t:|1699725930\n|move|p2a: Great Tusk|Stealth Rock|p1a: Spiritomb\n|-sidestart|p1: CCQB|move: Stealth Rock\n|move|p1a: Spiritomb|Will-O-Wisp|p2a: Great Tusk\n|-status|p2a: Great Tusk|brn\n|\n|-damage|p2a: Great Tusk|66\/100 brn|[from] brn\n|upkeep\n|turn|7\n|\n|t:|1699725936\n|move|p2a: Great Tusk|Headlong Rush|p1a: Spiritomb\n|-damage|p1a: Spiritomb|70\/100\n|-unboost|p2a: Great Tusk|def|1\n|-unboost|p2a: Great Tusk|spd|1\n|move|p1a: Spiritomb|Night Shade|p2a: Great Tusk\n|-damage|p2a: Great Tusk|41\/100 brn\n|\n|-heal|p1a: Spiritomb|76\/100|[from] item: Leftovers\n|-damage|p2a: Great Tusk|35\/100 brn|[from] brn\n|upkeep\n|turn|8\n|\n|t:|1699725952\n|switch|p1a: Dragonite|Dragonite, M|100\/100\n|move|p2a: Great Tusk|Ice Spinner|p1a: Dragonite\n|-supereffective|p1a: Dragonite\n|-damage|p1a: Dragonite|72\/100\n|\n|-damage|p2a: Great Tusk|29\/100 brn|[from] brn\n|upkeep\n|turn|9\n|\n|t:|1699725960\n|move|p2a: Great Tusk|Ice Spinner|p1a: Dragonite\n|-supereffective|p1a: Dragonite\n|-damage|p1a: Dragonite|11\/100\n|move|p1a: Dragonite|Roost|p1a: Dragonite\n|-heal|p1a: Dragonite|61\/100\n|-singleturn|p1a: Dragonite|move: Roost\n|\n|-damage|p2a: Great Tusk|22\/100 brn|[from] brn\n|upkeep\n|turn|10\n|\n|t:|1699725966\n|switch|p1a: Forretress|Forretress, F|70\/100\n|-damage|p1a: Forretress|57\/100|[from] Stealth Rock\n|move|p2a: Great Tusk|Ice Spinner|p1a: Forretress\n|-resisted|p1a: Forretress\n|-damage|p1a: Forretress|52\/100\n|\n|-heal|p1a: Forretress|59\/100|[from] item: Leftovers\n|-damage|p2a: Great Tusk|16\/100 brn|[from] brn\n|upkeep\n|turn|11\n|\n|t:|1699725972\n|move|p2a: Great Tusk|Rapid Spin|p1a: Forretress\n|-resisted|p1a: Forretress\n|-crit|p1a: Forretress\n|-damage|p1a: Forretress|54\/100\n|-boost|p2a: Great Tusk|spe|1\n|-sideend|p2: Tiyali=D|Stealth Rock|[from] move: Rapid Spin|[of] p2a: Great Tusk\n|move|p1a: Forretress|Rapid Spin|p2a: Great Tusk\n|-damage|p2a: Great Tusk|4\/100 brn\n|-boost|p1a: Forretress|spe|1\n|-sideend|p1: CCQB|Stealth Rock|[from] move: Rapid Spin|[of] p1a: Forretress\n|\n|-heal|p1a: Forretress|60\/100|[from] item: Leftovers\n|-damage|p2a: Great Tusk|0 fnt|[from] brn\n|faint|p2a: Great Tusk\n|-end|p2a: Great Tusk|Protosynthesis|[silent]\n|upkeep\n|\n|t:|1699725992\n|switch|p2a: Kingambit|Kingambit, F|100\/100\n|-activate|p2a: Kingambit|ability: Supreme Overlord\n|-start|p2a: Kingambit|fallen1|[silent]\n|turn|12\n|\n|t:|1699726005\n|move|p1a: Forretress|Body Press|p2a: Kingambit\n|-supereffective|p2a: Kingambit\n|-damage|p2a: Kingambit|7\/100\n|move|p2a: Kingambit|Brick Break|p1a: Forretress\n|-damage|p1a: Forretress|40\/100\n|\n|-heal|p1a: Forretress|47\/100|[from] item: Leftovers\n|-heal|p2a: Kingambit|14\/100|[from] item: Leftovers\n|upkeep\n|turn|13\n|\n|t:|1699726012\n|move|p2a: Kingambit|Sucker Punch|p1a: Forretress\n|-damage|p1a: Forretress|20\/100\n|move|p1a: Forretress|Body Press|p2a: Kingambit\n|-supereffective|p2a: Kingambit\n|-damage|p2a: Kingambit|0 fnt\n|faint|p2a: Kingambit\n|-end|p2a: Kingambit|fallen1|[silent]\n|\n|-heal|p1a: Forretress|27\/100|[from] item: Leftovers\n|upkeep\n|\n|t:|1699726022\n|switch|p2a: Gholdengo|Gholdengo|100\/100\n|turn|14\n|\n|t:|1699726031\n|switch|p1a: Heatran|Heatran, M|100\/100\n|move|p2a: Gholdengo|Shadow Ball|p1a: Heatran\n|-damage|p1a: Heatran|76\/100\n|\n|-heal|p1a: Heatran|82\/100|[from] item: Leftovers\n|upkeep\n|turn|15\n|\n|t:|1699726038\n|switch|p2a: Ogerpon|Ogerpon-Wellspring, F|100\/100\n|move|p1a: Heatran|Magma Storm|p2a: Ogerpon\n|-damage|p2a: Ogerpon|51\/100\n|-activate|p2a: Ogerpon|move: Magma Storm|[of] p1a: Heatran\n|\n|-heal|p1a: Heatran|89\/100|[from] item: Leftovers\n|-damage|p2a: Ogerpon|38\/100|[from] move: Magma Storm|[partiallytrapped]\n|upkeep\n|turn|16\n|\n|t:|1699726045\n|move|p1a: Heatran|Protect|p1a: Heatran\n|-singleturn|p1a: Heatran|Protect\n|move|p2a: Ogerpon|Ivy Cudgel|p1a: Heatran\n|-activate|p1a: Heatran|move: Protect\n|\n|-heal|p1a: Heatran|95\/100|[from] item: Leftovers\n|-damage|p2a: Ogerpon|26\/100|[from] move: Magma Storm|[partiallytrapped]\n|upkeep\n|turn|17\n|\n|t:|1699726052\n|switch|p1a: Dragonite|Dragonite, M|61\/100\n|move|p2a: Ogerpon|Ivy Cudgel|p1a: Dragonite\n|-resisted|p1a: Dragonite\n|-damage|p1a: Dragonite|32\/100\n|\n|-end|p2a: Ogerpon|Magma Storm|[partiallytrapped]|[silent]\n|upkeep\n|turn|18\n|\n|t:|1699726058\n|move|p1a: Dragonite|Extreme Speed|p2a: Ogerpon\n|-damage|p2a: Ogerpon|0 fnt\n|faint|p2a: Ogerpon\n|\n|upkeep\n|\n|t:|1699726062\n|switch|p2a: Ting-Lu|Ting-Lu|100\/100\n|-ability|p2a: Ting-Lu|Vessel of Ruin\n|turn|19\n|\n|t:|1699726065\n|move|p1a: Dragonite|Roost|p1a: Dragonite\n|-heal|p1a: Dragonite|82\/100\n|-singleturn|p1a: Dragonite|move: Roost\n|move|p2a: Ting-Lu|Stealth Rock|p1a: Dragonite\n|-sidestart|p1: CCQB|move: Stealth Rock\n|\n|upkeep\n|turn|20\n|\n|t:|1699726070\n|switch|p1a: Forretress|Forretress, F|27\/100\n|-damage|p1a: Forretress|14\/100|[from] Stealth Rock\n|move|p2a: Ting-Lu|Whirlwind|p1a: Forretress\n|drag|p1a: Spiritomb|Spiritomb, M|76\/100\n|-damage|p1a: Spiritomb|64\/100|[from] Stealth Rock\n|\n|-heal|p1a: Spiritomb|70\/100|[from] item: Leftovers\n|upkeep\n|turn|21\n|\n|t:|1699726080\n|move|p2a: Ting-Lu|Earthquake|p1a: Spiritomb\n|-damage|p1a: Spiritomb|38\/100\n|move|p1a: Spiritomb|Toxic|p2a: Ting-Lu\n|-status|p2a: Ting-Lu|tox\n|\n|-heal|p1a: Spiritomb|45\/100|[from] item: Leftovers\n|-damage|p2a: Ting-Lu|94\/100 tox|[from] psn\n|upkeep\n|turn|22\n|\n|t:|1699726086\n|move|p2a: Ting-Lu|Earthquake|p1a: Spiritomb\n|-damage|p1a: Spiritomb|15\/100\n|move|p1a: Spiritomb|Pain Split|p2a: Ting-Lu\n|-sethp|p2a: Ting-Lu|51\/100 tox|[from] move: Pain Split|[silent]\n|-sethp|p1a: Spiritomb|87\/100|[from] move: Pain Split\n|\n|-heal|p2a: Ting-Lu|58\/100 tox|[from] item: Leftovers\n|-heal|p1a: Spiritomb|93\/100|[from] item: Leftovers\n|-damage|p2a: Ting-Lu|45\/100 tox|[from] psn\n|upkeep\n|turn|23\n|\n|t:|1699726096\n|move|p1a: Spiritomb|Night Shade|p2a: Ting-Lu\n|-damage|p2a: Ting-Lu|26\/100 tox\n|move|p2a: Ting-Lu|Whirlwind|p1a: Spiritomb\n|drag|p1a: Dragonite|Dragonite, M|82\/100\n|\n|-heal|p2a: Ting-Lu|32\/100 tox|[from] item: Leftovers\n|-damage|p2a: Ting-Lu|13\/100 tox|[from] psn\n|upkeep\n|turn|24\n|\n|t:|1699726106\n|move|p1a: Dragonite|Dragon Claw|p2a: Ting-Lu\n|-damage|p2a: Ting-Lu|0 fnt\n|faint|p2a: Ting-Lu\n|\n|upkeep\n|\n|t:|1699726110\n|switch|p2a: Gholdengo|Gholdengo|100\/100\n|turn|25\n|\n|t:|1699726118\n|move|p2a: Gholdengo|Dazzling Gleam|p1a: Dragonite\n|-supereffective|p1a: Dragonite\n|-damage|p1a: Dragonite|35\/100\n|move|p1a: Dragonite|Earthquake|p2a: Gholdengo\n|-supereffective|p2a: Gholdengo\n|-damage|p2a: Gholdengo|8\/100\n|\n|upkeep\n|turn|26\n|\n|t:|1699726127\n|switch|p1a: Heatran|Heatran, M|95\/100\n|-damage|p1a: Heatran|82\/100|[from] Stealth Rock\n|move|p2a: Gholdengo|Dazzling Gleam|p1a: Heatran\n|-resisted|p1a: Heatran\n|-damage|p1a: Heatran|78\/100\n|\n|-heal|p1a: Heatran|84\/100|[from] item: Leftovers\n|upkeep\n|turn|27\n|\n|t:|1699726134\n|move|p2a: Gholdengo|Dazzling Gleam|p1a: Heatran\n|-resisted|p1a: Heatran\n|-damage|p1a: Heatran|80\/100\n|move|p1a: Heatran|Flamethrower|p2a: Gholdengo\n|-supereffective|p2a: Gholdengo\n|-damage|p2a: Gholdengo|0 fnt\n|faint|p2a: Gholdengo\n|\n|-heal|p1a: Heatran|86\/100|[from] item: Leftovers\n|upkeep\n|\n|t:|1699726137\n|switch|p2a: Gliscor|Gliscor, F|100\/100 tox\n|turn|28\n|\n|t:|1699726140\n|-terastallize|p1a: Heatran|Bug\n|move|p2a: Gliscor|Toxic|p1a: Heatran\n|-status|p1a: Heatran|tox\n|move|p1a: Heatran|Magma Storm|p2a: Gliscor|[miss]\n|-miss|p1a: Heatran|p2a: Gliscor\n|\n|-heal|p1a: Heatran|93\/100 tox|[from] item: Leftovers\n|-damage|p1a: Heatran|86\/100 tox|[from] psn\n|upkeep\n|turn|29\n|\n|t:|1699726150\n|move|p2a: Gliscor|Substitute|p2a: Gliscor\n|-start|p2a: Gliscor|Substitute\n|-damage|p2a: Gliscor|76\/100 tox\n|move|p1a: Heatran|Magma Storm|p2a: Gliscor\n|-end|p2a: Gliscor|Substitute\n|\n|-heal|p1a: Heatran|93\/100 tox|[from] item: Leftovers\n|-heal|p2a: Gliscor|88\/100 tox|[from] ability: Poison Heal\n|-damage|p1a: Heatran|80\/100 tox|[from] psn\n|upkeep\n|turn|30\n|\n|t:|1699726160\n|move|p2a: Gliscor|Protect|p2a: Gliscor\n|-singleturn|p2a: Gliscor|Protect\n|move|p1a: Heatran|Flamethrower|p2a: Gliscor\n|-activate|p2a: Gliscor|move: Protect\n|\n|-heal|p1a: Heatran|86\/100 tox|[from] item: Leftovers\n|-heal|p2a: Gliscor|100\/100 tox|[from] ability: Poison Heal\n|-damage|p1a: Heatran|68\/100 tox|[from] psn\n|upkeep\n|turn|31\n|\n|t:|1699726168\n|move|p2a: Gliscor|Substitute|p2a: Gliscor\n|-start|p2a: Gliscor|Substitute\n|-damage|p2a: Gliscor|76\/100 tox\n|move|p1a: Heatran|Flamethrower|p2a: Gliscor\n|-end|p2a: Gliscor|Substitute\n|\n|-heal|p1a: Heatran|74\/100 tox|[from] item: Leftovers\n|-heal|p2a: Gliscor|88\/100 tox|[from] ability: Poison Heal\n|-damage|p1a: Heatran|49\/100 tox|[from] psn\n|upkeep\n|turn|32\n|\n|t:|1699726179\n|move|p2a: Gliscor|Protect|p2a: Gliscor\n|-singleturn|p2a: Gliscor|Protect\n|move|p1a: Heatran|Flamethrower|p2a: Gliscor\n|-activate|p2a: Gliscor|move: Protect\n|\n|-heal|p1a: Heatran|55\/100 tox|[from] item: Leftovers\n|-heal|p2a: Gliscor|100\/100 tox|[from] ability: Poison Heal\n|-damage|p1a: Heatran|24\/100 tox|[from] psn\n|upkeep\n|turn|33\n|\n|t:|1699726188\n|move|p2a: Gliscor|Substitute|p2a: Gliscor\n|-start|p2a: Gliscor|Substitute\n|-damage|p2a: Gliscor|76\/100 tox\n|move|p1a: Heatran|Magma Storm|p2a: Gliscor\n|-crit|p2a: Gliscor\n|-end|p2a: Gliscor|Substitute\n|\n|-heal|p1a: Heatran|30\/100 tox|[from] item: Leftovers\n|-heal|p2a: Gliscor|88\/100 tox|[from] ability: Poison Heal\n|-damage|p1a: Heatran|0 fnt|[from] psn\n|faint|p1a: Heatran\n|upkeep\n|\n|t:|1699726202\n|switch|p1a: Forretress|Forretress, F|14\/100\n|-damage|p1a: Forretress|2\/100|[from] Stealth Rock\n|turn|34\n|\n|t:|1699726209\n|move|p2a: Gliscor|Protect|p2a: Gliscor\n|-singleturn|p2a: Gliscor|Protect\n|move|p1a: Forretress|Rapid Spin|p2a: Gliscor\n|-activate|p2a: Gliscor|move: Protect\n|\n|-heal|p1a: Forretress|8\/100|[from] item: Leftovers\n|-heal|p2a: Gliscor|100\/100 tox|[from] ability: Poison Heal\n|upkeep\n|turn|35\n|\n|t:|1699726214\n|move|p2a: Gliscor|Earthquake|p1a: Forretress\n|-damage|p1a: Forretress|0 fnt\n|faint|p1a: Forretress\n|\n|upkeep\n|\n|t:|1699726220\n|switch|p1a: Milotic|Milotic, F|100\/100\n|-damage|p1a: Milotic|88\/100|[from] Stealth Rock\n|turn|36\n|\n|t:|1699726227\n|move|p2a: Gliscor|Substitute|p2a: Gliscor\n|-start|p2a: Gliscor|Substitute\n|-damage|p2a: Gliscor|76\/100 tox\n|move|p1a: Milotic|Scald|p2a: Gliscor\n|-supereffective|p2a: Gliscor\n|-end|p2a: Gliscor|Substitute\n|\n|-heal|p1a: Milotic|94\/100|[from] item: Leftovers\n|-heal|p2a: Gliscor|88\/100 tox|[from] ability: Poison Heal\n|upkeep\n|turn|37\n|\n|t:|1699726236\n|move|p2a: Gliscor|Protect|p2a: Gliscor\n|-singleturn|p2a: Gliscor|Protect\n|move|p1a: Milotic|Scald|p2a: Gliscor\n|-activate|p2a: Gliscor|move: Protect\n|\n|-heal|p1a: Milotic|100\/100|[from] item: Leftovers\n|-heal|p2a: Gliscor|100\/100 tox|[from] ability: Poison Heal\n|upkeep\n|turn|38\n|\n|t:|1699726247\n|-terastallize|p2a: Gliscor|Steel\n|move|p2a: Gliscor|Toxic|p1a: Milotic\n|-status|p1a: Milotic|tox\n|move|p1a: Milotic|Scald|p2a: Gliscor\n|-damage|p2a: Gliscor|56\/100 tox\n|\n|-heal|p2a: Gliscor|69\/100 tox|[from] ability: Poison Heal\n|-damage|p1a: Milotic|94\/100 tox|[from] psn\n|upkeep\n|turn|39\n|\n|t:|1699726258\n|switch|p1a: Dragonite|Dragonite, M|35\/100\n|move|p2a: Gliscor|Protect||[still]\n|-fail|p2a: Gliscor\n|\n|-heal|p2a: Gliscor|81\/100 tox|[from] ability: Poison Heal\n|upkeep\n|turn|40\n|\n|t:|1699726265\n|move|p2a: Gliscor|Substitute|p2a: Gliscor\n|-start|p2a: Gliscor|Substitute\n|-damage|p2a: Gliscor|56\/100 tox\n|move|p1a: Dragonite|Earthquake|p2a: Gliscor\n|-supereffective|p2a: Gliscor\n|-end|p2a: Gliscor|Substitute\n|\n|-heal|p2a: Gliscor|69\/100 tox|[from] ability: Poison Heal\n|upkeep\n|turn|41\n|\n|t:|1699726277\n|move|p2a: Gliscor|Protect|p2a: Gliscor\n|-singleturn|p2a: Gliscor|Protect\n|move|p1a: Dragonite|Earthquake|p2a: Gliscor\n|-activate|p2a: Gliscor|move: Protect\n|\n|-heal|p2a: Gliscor|81\/100 tox|[from] ability: Poison Heal\n|upkeep\n|turn|42\n|\n|t:|1699726285\n|move|p2a: Gliscor|Substitute|p2a: Gliscor\n|-start|p2a: Gliscor|Substitute\n|-damage|p2a: Gliscor|56\/100 tox\n|move|p1a: Dragonite|Earthquake|p2a: Gliscor\n|-supereffective|p2a: Gliscor\n|-end|p2a: Gliscor|Substitute\n|\n|-heal|p2a: Gliscor|69\/100 tox|[from] ability: Poison Heal\n|upkeep\n|turn|43\n|\n|t:|1699726291\n|move|p2a: Gliscor|Protect|p2a: Gliscor\n|-singleturn|p2a: Gliscor|Protect\n|move|p1a: Dragonite|Earthquake|p2a: Gliscor\n|-activate|p2a: Gliscor|move: Protect\n|\n|-heal|p2a: Gliscor|81\/100 tox|[from] ability: Poison Heal\n|upkeep\n|turn|44\n|\n|t:|1699726298\n|move|p2a: Gliscor|Toxic|p1a: Dragonite\n|-status|p1a: Dragonite|tox\n|move|p1a: Dragonite|Earthquake|p2a: Gliscor\n|-supereffective|p2a: Gliscor\n|-damage|p2a: Gliscor|5\/100 tox\n|\n|-heal|p2a: Gliscor|17\/100 tox|[from] ability: Poison Heal\n|-damage|p1a: Dragonite|29\/100 tox|[from] psn\n|upkeep\n|turn|45\n|\n|t:|1699726307\n|move|p2a: Gliscor|Protect|p2a: Gliscor\n|-singleturn|p2a: Gliscor|Protect\n|move|p1a: Dragonite|Roost|p1a: Dragonite\n|-heal|p1a: Dragonite|79\/100 tox\n|-singleturn|p1a: Dragonite|move: Roost\n|\n|-heal|p2a: Gliscor|29\/100 tox|[from] ability: Poison Heal\n|-damage|p1a: Dragonite|66\/100 tox|[from] psn\n|upkeep\n|turn|46\n|\n|t:|1699726318\n|move|p2a: Gliscor|Substitute|p2a: Gliscor\n|-start|p2a: Gliscor|Substitute\n|-damage|p2a: Gliscor|5\/100 tox\n|move|p1a: Dragonite|Earthquake|p2a: Gliscor\n|-supereffective|p2a: Gliscor\n|-end|p2a: Gliscor|Substitute\n|\n|-heal|p2a: Gliscor|17\/100 tox|[from] ability: Poison Heal\n|-damage|p1a: Dragonite|48\/100 tox|[from] psn\n|upkeep\n|turn|47\n|\n|t:|1699726339\n|move|p2a: Gliscor|Protect|p2a: Gliscor\n|-singleturn|p2a: Gliscor|Protect\n|move|p1a: Dragonite|Earthquake|p2a: Gliscor\n|-activate|p2a: Gliscor|move: Protect\n|\n|-heal|p2a: Gliscor|29\/100 tox|[from] ability: Poison Heal\n|-damage|p1a: Dragonite|23\/100 tox|[from] psn\n|upkeep\n|turn|48\n|\n|t:|1699726348\n|move|p2a: Gliscor|Substitute|p2a: Gliscor\n|-start|p2a: Gliscor|Substitute\n|-damage|p2a: Gliscor|5\/100 tox\n|move|p1a: Dragonite|Earthquake|p2a: Gliscor\n|-supereffective|p2a: Gliscor\n|-end|p2a: Gliscor|Substitute\n|\n|-heal|p2a: Gliscor|17\/100 tox|[from] ability: Poison Heal\n|-damage|p1a: Dragonite|0 fnt|[from] psn\n|faint|p1a: Dragonite\n|upkeep\n|\n|t:|1699726355\n|switch|p1a: Milotic|Milotic, F|94\/100 tox\n|-damage|p1a: Milotic|82\/100 tox|[from] Stealth Rock\n|turn|49\n|\n|t:|1699726363\n|move|p2a: Gliscor|Protect|p2a: Gliscor\n|-singleturn|p2a: Gliscor|Protect\n|move|p1a: Milotic|Scald|p2a: Gliscor\n|-activate|p2a: Gliscor|move: Protect\n|\n|-heal|p1a: Milotic|88\/100 tox|[from] item: Leftovers\n|-heal|p2a: Gliscor|29\/100 tox|[from] ability: Poison Heal\n|-damage|p1a: Milotic|82\/100 tox|[from] psn\n|upkeep\n|turn|50\n|\n|t:|1699726373\n|move|p2a: Gliscor|Substitute|p2a: Gliscor\n|-start|p2a: Gliscor|Substitute\n|-damage|p2a: Gliscor|5\/100 tox\n|move|p1a: Milotic|Scald|p2a: Gliscor\n|-end|p2a: Gliscor|Substitute\n|\n|-heal|p1a: Milotic|88\/100 tox|[from] item: Leftovers\n|-heal|p2a: Gliscor|17\/100 tox|[from] ability: Poison Heal\n|-damage|p1a: Milotic|76\/100 tox|[from] psn\n|upkeep\n|turn|51\n|\n|t:|1699726384\n|move|p2a: Gliscor|Protect|p2a: Gliscor\n|-singleturn|p2a: Gliscor|Protect\n|move|p1a: Milotic|Scald|p2a: Gliscor\n|-activate|p2a: Gliscor|move: Protect\n|\n|-heal|p1a: Milotic|82\/100 tox|[from] item: Leftovers\n|-heal|p2a: Gliscor|29\/100 tox|[from] ability: Poison Heal\n|-damage|p1a: Milotic|63\/100 tox|[from] psn\n|upkeep\n|turn|52\n|\n|t:|1699726395\n|move|p2a: Gliscor|Substitute|p2a: Gliscor\n|-start|p2a: Gliscor|Substitute\n|-damage|p2a: Gliscor|5\/100 tox\n|move|p1a: Milotic|Scald|p2a: Gliscor\n|-end|p2a: Gliscor|Substitute\n|\n|-heal|p1a: Milotic|69\/100 tox|[from] item: Leftovers\n|-heal|p2a: Gliscor|17\/100 tox|[from] ability: Poison Heal\n|-damage|p1a: Milotic|44\/100 tox|[from] psn\n|upkeep\n|turn|53\n|\n|t:|1699726406\n|move|p2a: Gliscor|Protect|p2a: Gliscor\n|-singleturn|p2a: Gliscor|Protect\n|move|p1a: Milotic|Recover|p1a: Milotic\n|-heal|p1a: Milotic|95\/100 tox\n|\n|-heal|p1a: Milotic|100\/100 tox|[from] item: Leftovers\n|-heal|p2a: Gliscor|29\/100 tox|[from] ability: Poison Heal\n|-damage|p1a: Milotic|69\/100 tox|[from] psn\n|upkeep\n|turn|54\n|\n|t:|1699726416\n|switch|p1a: Amoonguss|Amoonguss, M|100\/100\n|-damage|p1a: Amoonguss|88\/100|[from] Stealth Rock\n|move|p2a: Gliscor|Substitute|p2a: Gliscor\n|-start|p2a: Gliscor|Substitute\n|-damage|p2a: Gliscor|5\/100 tox\n|\n|-heal|p2a: Gliscor|17\/100 tox|[from] ability: Poison Heal\n|upkeep\n|turn|55\n|\n|t:|1699726425\n|move|p2a: Gliscor|Earthquake|p1a: Amoonguss\n|-damage|p1a: Amoonguss|42\/100\n|move|p1a: Amoonguss|Foul Play|p2a: Gliscor\n|-end|p2a: Gliscor|Substitute\n|-damage|p1a: Amoonguss|32\/100|[from] item: Life Orb\n|\n|-heal|p2a: Gliscor|29\/100 tox|[from] ability: Poison Heal\n|upkeep\n|turn|56\n|\n|t:|1699726434\n|switch|p1a: Spiritomb|Spiritomb, M|93\/100\n|-damage|p1a: Spiritomb|80\/100|[from] Stealth Rock\n|move|p2a: Gliscor|Earthquake|p1a: Spiritomb\n|-damage|p1a: Spiritomb|49\/100\n|\n|-heal|p1a: Spiritomb|55\/100|[from] item: Leftovers\n|-heal|p2a: Gliscor|42\/100 tox|[from] ability: Poison Heal\n|upkeep\n|turn|57\n|\n|t:|1699726447\n|move|p2a: Gliscor|Protect|p2a: Gliscor\n|-singleturn|p2a: Gliscor|Protect\n|move|p1a: Spiritomb|Night Shade|p2a: Gliscor\n|-activate|p2a: Gliscor|move: Protect\n|\n|-heal|p1a: Spiritomb|61\/100|[from] item: Leftovers\n|-heal|p2a: Gliscor|54\/100 tox|[from] ability: Poison Heal\n|upkeep\n|turn|58\n|\n|t:|1699726456\n|move|p2a: Gliscor|Earthquake|p1a: Spiritomb\n|-damage|p1a: Spiritomb|27\/100\n|move|p1a: Spiritomb|Night Shade|p2a: Gliscor\n|-damage|p2a: Gliscor|20\/100 tox\n|\n|-heal|p1a: Spiritomb|33\/100|[from] item: Leftovers\n|-heal|p2a: Gliscor|32\/100 tox|[from] ability: Poison Heal\n|upkeep\n|turn|59\n|\n|t:|1699726464\n|move|p2a: Gliscor|Protect|p2a: Gliscor\n|-singleturn|p2a: Gliscor|Protect\n|move|p1a: Spiritomb|Pain Split|p2a: Gliscor\n|-activate|p2a: Gliscor|move: Protect\n|\n|-heal|p1a: Spiritomb|39\/100|[from] item: Leftovers\n|-heal|p2a: Gliscor|44\/100 tox|[from] ability: Poison Heal\n|upkeep\n|turn|60\n|\n|t:|1699726475\n|move|p2a: Gliscor|Earthquake|p1a: Spiritomb\n|-damage|p1a: Spiritomb|6\/100\n|move|p1a: Spiritomb|Pain Split|p2a: Gliscor\n|-sethp|p2a: Gliscor|26\/100 tox|[from] move: Pain Split|[silent]\n|-sethp|p1a: Spiritomb|25\/100|[from] move: Pain Split\n|\n|-heal|p1a: Spiritomb|31\/100|[from] item: Leftovers\n|-heal|p2a: Gliscor|38\/100 tox|[from] ability: Poison Heal\n|upkeep\n|turn|61\n|\n|t:|1699726487\n|move|p2a: Gliscor|Earthquake|p1a: Spiritomb\n|-damage|p1a: Spiritomb|0 fnt\n|faint|p1a: Spiritomb\n|\n|-heal|p2a: Gliscor|50\/100 tox|[from] ability: Poison Heal\n|upkeep\n|\n|t:|1699726489\n|switch|p1a: Amoonguss|Amoonguss, M|66\/100\n|-damage|p1a: Amoonguss|53\/100|[from] Stealth Rock\n|turn|62\n|-message|CCQB forfeited.\n|\n|win|Tiyali=D\n|raw|CCQB's rating: 1120 &rarr; <strong>1101<\/strong><br \/>(-19 for losing)\n|raw|Tiyali=D's rating: 1199 &rarr; <strong>1218<\/strong><br \/>(+19 for winning)\n|l|\u2606CCQB\n|c|\u2606Tiyali=D|GGGSSSSSS\n|c|\u2606Tiyali=D|hahahahhaha\n","uploadtime":1699726515,"views":15,"p1id":"ccqb","p2id":"tiyalid","formatid":"gen9ou","rating":1101,"private":0,"password":""}