{"id":"gen9ou-1996195946","p1":"Zulneily","p2":"Axemaster17","format":"[Gen 9] OU","log":"|j|\u2606Zulneily\n|j|\u2606Axemaster17\n|t:|1700657808\n|gametype|singles\n|player|p1|Zulneily|hilda-wonderlauncher|1278\n|player|p2|Axemaster17|102|1393\n|teamsize|p1|6\n|teamsize|p2|6\n|gen|9\n|tier|[Gen 9] OU\n|rated|\n|rule|Sleep Clause Mod: Limit one foe put to sleep\n|rule|Species Clause: Limit one of each Pok\u00e9mon\n|rule|OHKO Clause: OHKO moves are banned\n|rule|Evasion Items Clause: Evasion items are banned\n|rule|Evasion Moves Clause: Evasion moves are banned\n|rule|Endless Battle Clause: Forcing endless battles is banned\n|rule|HP Percentage Mod: HP is shown in percentages\n|clearpoke\n|poke|p1|Great Tusk|\n|poke|p1|Dragapult, F|\n|poke|p1|Ogerpon, F|\n|poke|p1|Iron Moth|\n|poke|p1|Toxapex, M|\n|poke|p1|Enamorus, F|\n|poke|p2|Samurott-Hisui, F|\n|poke|p2|Glimmora, M|\n|poke|p2|Iron Moth|\n|poke|p2|Gholdengo|\n|poke|p2|Kingambit, M|\n|poke|p2|Iron Valiant|\n|teampreview\n|inactive|Battle timer is ON: inactive players will automatically lose when time's up. (requested by Axemaster17)\n|\n|t:|1700657837\n|start\n|switch|p1a: Iron Moth|Iron Moth|100\/100\n|switch|p2a: Samurott|Samurott-Hisui, F|100\/100\n|-enditem|p1a: Iron Moth|Booster Energy\n|-activate|p1a: Iron Moth|ability: Quark Drive|[fromitem]\n|-start|p1a: Iron Moth|quarkdrivespe\n|turn|1\n|\n|t:|1700657863\n|-end|p1a: Iron Moth|Quark Drive|[silent]\n|switch|p1a: Enamorus|Enamorus, F|100\/100\n|move|p2a: Samurott|Aqua Cutter|p1a: Enamorus\n|-damage|p1a: Enamorus|20\/100\n|\n|upkeep\n|turn|2\n|\n|t:|1700657876\n|move|p1a: Enamorus|Earth Power|p2a: Samurott\n|-damage|p2a: Samurott|55\/100\n|-unboost|p2a: Samurott|spd|1\n|move|p2a: Samurott|Ceaseless Edge|p1a: Enamorus\n|-resisted|p1a: Enamorus\n|-damage|p1a: Enamorus|0 fnt\n|-sidestart|p1: Zulneily|Spikes\n|faint|p1a: Enamorus\n|\n|upkeep\n|\n|t:|1700657882\n|switch|p1a: Great Tusk|Great Tusk|100\/100\n|-damage|p1a: Great Tusk|88\/100|[from] Spikes\n|turn|3\n|\n|t:|1700657889\n|move|p2a: Samurott|Aqua Cutter|p1a: Great Tusk\n|-supereffective|p1a: Great Tusk\n|-damage|p1a: Great Tusk|46\/100\n|move|p1a: Great Tusk|Knock Off|p2a: Samurott\n|-resisted|p2a: Samurott\n|-damage|p2a: Samurott|36\/100\n|-enditem|p2a: Samurott|Focus Sash|[from] move: Knock Off|[of] p1a: Great Tusk\n|\n|-heal|p1a: Great Tusk|52\/100|[from] item: Leftovers\n|upkeep\n|turn|4\n|\n|t:|1700657894\n|move|p2a: Samurott|Aqua Cutter|p1a: Great Tusk\n|-supereffective|p1a: Great Tusk\n|-damage|p1a: Great Tusk|11\/100\n|move|p1a: Great Tusk|Rapid Spin|p2a: Samurott\n|-damage|p2a: Samurott|18\/100\n|-boost|p1a: Great Tusk|spe|1\n|-sideend|p1: Zulneily|Spikes|[from] move: Rapid Spin|[of] p1a: Great Tusk\n|\n|-heal|p1a: Great Tusk|17\/100|[from] item: Leftovers\n|upkeep\n|turn|5\n|\n|t:|1700657903\n|move|p2a: Samurott|Sucker Punch|p1a: Great Tusk\n|-resisted|p1a: Great Tusk\n|-damage|p1a: Great Tusk|9\/100\n|move|p1a: Great Tusk|Knock Off|p2a: Samurott\n|-resisted|p2a: Samurott\n|-damage|p2a: Samurott|5\/100\n|\n|-heal|p1a: Great Tusk|15\/100|[from] item: Leftovers\n|upkeep\n|turn|6\n|\n|t:|1700657908\n|move|p2a: Samurott|Sucker Punch||[still]\n|-fail|p2a: Samurott\n|move|p1a: Great Tusk|Stealth Rock|p2a: Samurott\n|-sidestart|p2: Axemaster17|move: Stealth Rock\n|\n|-heal|p1a: Great Tusk|22\/100|[from] item: Leftovers\n|upkeep\n|turn|7\n|\n|t:|1700657916\n|move|p1a: Great Tusk|Rapid Spin|p2a: Samurott\n|-damage|p2a: Samurott|0 fnt\n|-boost|p1a: Great Tusk|spe|1\n|faint|p2a: Samurott\n|\n|-heal|p1a: Great Tusk|28\/100|[from] item: Leftovers\n|upkeep\n|\n|t:|1700657928\n|switch|p2a: Kingambit|Kingambit, M|100\/100\n|-damage|p2a: Kingambit|94\/100|[from] Stealth Rock\n|-activate|p2a: Kingambit|ability: Supreme Overlord\n|-start|p2a: Kingambit|fallen1|[silent]\n|turn|8\n|\n|t:|1700657936\n|move|p2a: Kingambit|Sucker Punch|p1a: Great Tusk\n|-resisted|p1a: Great Tusk\n|-damage|p1a: Great Tusk|15\/100\n|move|p1a: Great Tusk|Body Press|p2a: Kingambit\n|-supereffective|p2a: Kingambit\n|-damage|p2a: Kingambit|0 fnt\n|faint|p2a: Kingambit\n|-end|p2a: Kingambit|fallen1|[silent]\n|\n|-heal|p1a: Great Tusk|21\/100|[from] item: Leftovers\n|upkeep\n|l|\u2606Axemaster17\n|inactive|Axemaster17 disconnected and has a minute to reconnect!\n|player|p2|\n|inactive|Axemaster17 has 30 seconds to reconnect!\n|inactive|Axemaster17 has 20 seconds to reconnect!\n|inactive|Axemaster17 has 15 seconds to reconnect!\n|inactive|Axemaster17 has 10 seconds to reconnect!\n|inactive|Axemaster17 has 5 seconds to reconnect!\n|-message|Axemaster17 lost due to inactivity.\n|\n|win|Zulneily\n|raw|Zulneily's rating: 1278 &rarr; <strong>1311<\/strong><br \/>(+33 for winning)\n|raw|Axemaster17's rating: 1393 &rarr; <strong>1367<\/strong><br \/>(-26 for losing)\n","uploadtime":1700658015,"views":0,"p1id":"zulneily","p2id":"axemaster17","formatid":"gen9ou","rating":1311,"private":0,"password":""}