{"id":"gen9ou-1991227670","p1":"PennPenn6813","p2":"nebulachan","format":"[Gen 9] OU","log":"|j|\u2606PennPenn6813\n|j|\u2606nebulachan\n|t:|1700059179\n|gametype|singles\n|player|p1|PennPenn6813|crasherwake|1185\n|player|p2|nebulachan|acetrainerf-gen1|1232\n|teamsize|p1|6\n|teamsize|p2|6\n|gen|9\n|tier|[Gen 9] OU\n|rated|\n|rule|Sleep Clause Mod: Limit one foe put to sleep\n|rule|Species Clause: Limit one of each Pok\u00e9mon\n|rule|OHKO Clause: OHKO moves are banned\n|rule|Evasion Items Clause: Evasion items are banned\n|rule|Evasion Moves Clause: Evasion moves are banned\n|rule|Endless Battle Clause: Forcing endless battles is banned\n|rule|HP Percentage Mod: HP is shown in percentages\n|clearpoke\n|poke|p1|Zamazenta-*|\n|poke|p1|Chansey, F|\n|poke|p1|Samurott-Hisui, M|\n|poke|p1|Toxapex, F|\n|poke|p1|Enamorus, F|\n|poke|p1|Corviknight, M|\n|poke|p2|Iron Jugulis|\n|poke|p2|Ogerpon-Wellspring, F|\n|poke|p2|Tinkaton, F|\n|poke|p2|Iron Moth|\n|poke|p2|Great Tusk|\n|poke|p2|Dragapult, M|\n|teampreview\n|\n|t:|1700059191\n|start\n|switch|p1a: Enamorus|Enamorus, F, shiny|100\/100\n|switch|p2a: ahh! a ghost!|Dragapult, M|100\/100\n|turn|1\n|\n|t:|1700059199\n|move|p2a: ahh! a ghost!|U-turn|p1a: Enamorus\n|-resisted|p1a: Enamorus\n|-damage|p1a: Enamorus|94\/100\n|\n|t:|1700059202\n|switch|p2a: twinknation|Tinkaton, F|100\/100|[from] U-turn\n|-item|p2a: twinknation|Air Balloon\n|move|p1a: Enamorus|Calm Mind|p1a: Enamorus\n|-boost|p1a: Enamorus|spa|1\n|-boost|p1a: Enamorus|spd|1\n|\n|-heal|p1a: Enamorus|99\/100|[from] item: Leftovers\n|upkeep\n|turn|2\n|\n|t:|1700059214\n|move|p1a: Enamorus|Calm Mind|p1a: Enamorus\n|-boost|p1a: Enamorus|spa|1\n|-boost|p1a: Enamorus|spd|1\n|move|p2a: twinknation|Encore|p1a: Enamorus\n|-start|p1a: Enamorus|Encore\n|\n|-heal|p1a: Enamorus|100\/100|[from] item: Leftovers\n|upkeep\n|turn|3\n|\n|t:|1700059219\n|move|p1a: Enamorus|Calm Mind|p1a: Enamorus\n|-boost|p1a: Enamorus|spa|1\n|-boost|p1a: Enamorus|spd|1\n|move|p2a: twinknation|Thunder Wave|p1a: Enamorus\n|-status|p1a: Enamorus|par\n|\n|upkeep\n|turn|4\n|\n|t:|1700059226\n|move|p2a: twinknation|Play Rough|p1a: Enamorus\n|-damage|p1a: Enamorus|60\/100 par\n|move|p1a: Enamorus|Calm Mind|p1a: Enamorus\n|-boost|p1a: Enamorus|spa|1\n|-boost|p1a: Enamorus|spd|1\n|\n|-heal|p1a: Enamorus|66\/100 par|[from] item: Leftovers\n|upkeep\n|turn|5\n|\n|t:|1700059230\n|move|p2a: twinknation|Play Rough|p1a: Enamorus\n|-damage|p1a: Enamorus|31\/100 par\n|cant|p1a: Enamorus|par\n|\n|-heal|p1a: Enamorus|37\/100 par|[from] item: Leftovers\n|-end|p1a: Enamorus|Encore\n|upkeep\n|turn|6\n|\n|t:|1700059240\n|move|p2a: twinknation|Encore|p1a: Enamorus\n|-start|p1a: Enamorus|Encore\n|cant|p1a: Enamorus|par\n|\n|-heal|p1a: Enamorus|43\/100 par|[from] item: Leftovers\n|upkeep\n|turn|7\n|\n|t:|1700059245\n|move|p2a: twinknation|Play Rough|p1a: Enamorus\n|-damage|p1a: Enamorus|3\/100 par\n|move|p1a: Enamorus|Calm Mind|p1a: Enamorus\n|-boost|p1a: Enamorus|spa|1\n|-boost|p1a: Enamorus|spd|1\n|\n|-heal|p1a: Enamorus|9\/100 par|[from] item: Leftovers\n|upkeep\n|turn|8\n|\n|t:|1700059250\n|move|p2a: twinknation|Play Rough|p1a: Enamorus\n|-damage|p1a: Enamorus|0 fnt\n|faint|p1a: Enamorus\n|\n|upkeep\n|\n|t:|1700059257\n|switch|p1a: Toxapex|Toxapex, F|100\/100\n|turn|9\n|\n|t:|1700059264\n|move|p2a: twinknation|Stealth Rock|p1a: Toxapex\n|-sidestart|p1: PennPenn6813|move: Stealth Rock\n|move|p1a: Toxapex|Infestation|p2a: twinknation\n|-resisted|p2a: twinknation\n|-damage|p2a: twinknation|99\/100\n|-activate|p2a: twinknation|move: Infestation|[of] p1a: Toxapex\n|-enditem|p2a: twinknation|Air Balloon\n|-enditem|p1a: Toxapex|Leftovers|[silent]|[from] ability: Pickpocket|[of] p1a: Toxapex\n|-item|p2a: twinknation|Leftovers|[from] ability: Pickpocket|[of] p1a: Toxapex\n|\n|-heal|p2a: twinknation|100\/100|[from] item: Leftovers\n|-damage|p2a: twinknation|88\/100|[from] move: Infestation|[partiallytrapped]\n|upkeep\n|turn|10\n|\n|t:|1700059274\n|move|p2a: twinknation|Encore|p1a: Toxapex\n|-start|p1a: Toxapex|Encore\n|move|p1a: Toxapex|Infestation|p2a: twinknation\n|-resisted|p2a: twinknation\n|-damage|p2a: twinknation|88\/100\n|\n|-heal|p2a: twinknation|94\/100|[from] item: Leftovers\n|-damage|p2a: twinknation|81\/100|[from] move: Infestation|[partiallytrapped]\n|upkeep\n|turn|11\n|\n|t:|1700059293\n|move|p2a: twinknation|Thunder Wave|p1a: Toxapex\n|-status|p1a: Toxapex|par\n|move|p1a: Toxapex|Infestation|p2a: twinknation\n|-resisted|p2a: twinknation\n|-damage|p2a: twinknation|81\/100\n|\n|-heal|p2a: twinknation|87\/100|[from] item: Leftovers\n|-damage|p2a: twinknation|75\/100|[from] move: Infestation|[partiallytrapped]\n|upkeep\n|turn|12\n|\n|t:|1700059301\n|move|p2a: twinknation|Play Rough|p1a: Toxapex\n|-resisted|p1a: Toxapex\n|-crit|p1a: Toxapex\n|-damage|p1a: Toxapex|87\/100 par\n|move|p1a: Toxapex|Infestation|p2a: twinknation\n|-resisted|p2a: twinknation\n|-damage|p2a: twinknation|74\/100\n|\n|-heal|p2a: twinknation|80\/100|[from] item: Leftovers\n|-damage|p2a: twinknation|68\/100|[from] move: Infestation|[partiallytrapped]\n|-end|p1a: Toxapex|Encore\n|upkeep\n|turn|13\n|\n|t:|1700059306\n|move|p1a: Toxapex|Baneful Bunker|p1a: Toxapex\n|-singleturn|p1a: Toxapex|move: Protect\n|move|p2a: twinknation|Encore|p1a: Toxapex\n|-activate|p1a: Toxapex|move: Protect\n|\n|-heal|p2a: twinknation|74\/100|[from] item: Leftovers\n|-damage|p2a: twinknation|62\/100|[from] move: Infestation|[partiallytrapped]\n|upkeep\n|turn|14\n|\n|t:|1700059314\n|cant|p1a: Toxapex|par\n|move|p2a: twinknation|Encore|p1a: Toxapex\n|-start|p1a: Toxapex|Encore\n|\n|-heal|p2a: twinknation|68\/100|[from] item: Leftovers\n|-end|p2a: twinknation|Infestation|[partiallytrapped]\n|upkeep\n|turn|15\n|\n|t:|1700059328\n|switch|p2a: ahh! a ghost!|Dragapult, M|100\/100\n|move|p1a: Toxapex|Baneful Bunker||[still]\n|-fail|p1a: Toxapex\n|\n|upkeep\n|turn|16\n|\n|t:|1700059334\n|switch|p1a: Samurott|Samurott-Hisui, M, shiny|100\/100\n|-damage|p1a: Samurott|88\/100|[from] Stealth Rock\n|move|p2a: ahh! a ghost!|Thunderbolt|p1a: Samurott\n|-supereffective|p1a: Samurott\n|-damage|p1a: Samurott|0 fnt\n|faint|p1a: Samurott\n|\n|upkeep\n|\n|t:|1700059344\n|switch|p1a: Corviknight|Corviknight, M, shiny|100\/100\n|-damage|p1a: Corviknight|88\/100|[from] Stealth Rock\n|turn|17\n|\n|t:|1700059347\n|move|p2a: ahh! a ghost!|Thunderbolt|p1a: Corviknight\n|-supereffective|p1a: Corviknight\n|-damage|p1a: Corviknight|36\/100\n|move|p1a: Corviknight|Bulk Up|p1a: Corviknight\n|-boost|p1a: Corviknight|atk|1\n|-boost|p1a: Corviknight|def|1\n|\n|-heal|p1a: Corviknight|42\/100|[from] item: Leftovers\n|upkeep\n|turn|18\n|\n|t:|1700059355\n|move|p2a: ahh! a ghost!|Thunderbolt|p1a: Corviknight\n|-supereffective|p1a: Corviknight\n|-damage|p1a: Corviknight|0 fnt\n|faint|p1a: Corviknight\n|\n|upkeep\n|\n|t:|1700059360\n|switch|p1a: Zamazenta|Zamazenta, shiny|100\/100\n|-damage|p1a: Zamazenta|94\/100|[from] Stealth Rock\n|-ability|p1a: Zamazenta|Dauntless Shield|boost\n|-boost|p1a: Zamazenta|def|1\n|turn|19\n|\n|t:|1700059365\n|-terastallize|p1a: Zamazenta|Steel\n|move|p2a: ahh! a ghost!|Thunderbolt|p1a: Zamazenta\n|-damage|p1a: Zamazenta|61\/100\n|move|p1a: Zamazenta|Iron Defense|p1a: Zamazenta\n|-boost|p1a: Zamazenta|def|2\n|\n|-heal|p1a: Zamazenta|67\/100|[from] item: Leftovers\n|upkeep\n|turn|20\n|\n|t:|1700059371\n|move|p2a: ahh! a ghost!|Thunderbolt|p1a: Zamazenta\n|-damage|p1a: Zamazenta|27\/100\n|move|p1a: Zamazenta|Iron Defense|p1a: Zamazenta\n|-boost|p1a: Zamazenta|def|2\n|\n|-heal|p1a: Zamazenta|34\/100|[from] item: Leftovers\n|upkeep\n|turn|21\n|\n|t:|1700059379\n|move|p2a: ahh! a ghost!|Thunderbolt|p1a: Zamazenta\n|-damage|p1a: Zamazenta|0 fnt\n|faint|p1a: Zamazenta\n|\n|upkeep\n|-message|PennPenn6813 forfeited.\n|\n|win|nebulachan\n|raw|PennPenn6813's rating: 1185 &rarr; <strong>1163<\/strong><br \/>(-22 for losing)\n|raw|nebulachan's rating: 1232 &rarr; <strong>1254<\/strong><br \/>(+22 for winning)\n|l|\u2606PennPenn6813\n","uploadtime":1700059393,"views":15,"p1id":"pennpenn6813","p2id":"nebulachan","formatid":"gen9ou","rating":1163,"private":0,"password":""}