{"id":"gen9ou-1995335014","p1":"Houmura","p2":"legendbropp","format":"[Gen 9] OU","log":"|j|\u2606Houmura\n|j|\u2606legendbropp\n|t:|1700555597\n|gametype|singles\n|player|p1|Houmura|169|1042\n|player|p2|legendbropp|170|1038\n|teamsize|p1|6\n|teamsize|p2|6\n|gen|9\n|tier|[Gen 9] OU\n|rated|\n|rule|Sleep Clause Mod: Limit one foe put to sleep\n|rule|Species Clause: Limit one of each Pok\u00e9mon\n|rule|OHKO Clause: OHKO moves are banned\n|rule|Evasion Items Clause: Evasion items are banned\n|rule|Evasion Moves Clause: Evasion moves are banned\n|rule|Endless Battle Clause: Forcing endless battles is banned\n|rule|HP Percentage Mod: HP is shown in percentages\n|clearpoke\n|poke|p1|Maushold|\n|poke|p1|Rillaboom, M|\n|poke|p1|Great Tusk|\n|poke|p1|Heatran, F|\n|poke|p1|Enamorus, F|\n|poke|p1|Kingambit, F|\n|poke|p2|Breloom, F|\n|poke|p2|Garchomp, M|\n|poke|p2|Lycanroc-Dusk, M|\n|poke|p2|Dragonite, M|\n|poke|p2|Greninja-*, M|\n|poke|p2|Toedscool, M|\n|teampreview\n|inactive|Battle timer is ON: inactive players will automatically lose when time's up. (requested by legendbropp)\n|\n|t:|1700555618\n|start\n|switch|p1a: Enamorus|Enamorus, F|100\/100\n|switch|p2a: Lycanroc|Lycanroc-Dusk, M|100\/100\n|turn|1\n|\n|t:|1700555639\n|switch|p1a: Great Tusk|Great Tusk|100\/100\n|move|p2a: Lycanroc|Stealth Rock|p1a: Great Tusk\n|-sidestart|p1: Houmura|move: Stealth Rock\n|\n|upkeep\n|turn|2\n|\n|t:|1700555645\n|move|p2a: Lycanroc|Taunt|p1a: Great Tusk\n|-start|p1a: Great Tusk|move: Taunt\n|move|p1a: Great Tusk|Rapid Spin|p2a: Lycanroc\n|-resisted|p2a: Lycanroc\n|-damage|p2a: Lycanroc|89\/100\n|-boost|p1a: Great Tusk|spe|1\n|-sideend|p1: Houmura|Stealth Rock|[from] move: Rapid Spin|[of] p1a: Great Tusk\n|\n|upkeep\n|turn|3\n|\n|t:|1700555654\n|move|p1a: Great Tusk|Headlong Rush|p2a: Lycanroc\n|-supereffective|p2a: Lycanroc\n|-damage|p2a: Lycanroc|0 fnt\n|-unboost|p1a: Great Tusk|def|1\n|-unboost|p1a: Great Tusk|spd|1\n|faint|p2a: Lycanroc\n|\n|upkeep\n|\n|t:|1700555669\n|switch|p2a: Greninja|Greninja, M|100\/100\n|turn|4\n|\n|t:|1700555684\n|-end|p1a: Great Tusk|Protosynthesis|[silent]\n|switch|p1a: Rillaboom|Rillaboom, M|100\/100\n|-fieldstart|move: Grassy Terrain|[from] ability: Grassy Surge|[of] p1a: Rillaboom\n|move|p2a: Greninja|Dark Pulse|p1a: Rillaboom\n|-damage|p1a: Rillaboom|31\/100\n|\n|-heal|p1a: Rillaboom|37\/100|[from] Grassy Terrain\n|upkeep\n|turn|5\n|\n|t:|1700555694\n|move|p1a: Rillaboom|Grassy Glide|p2a: Greninja\n|-supereffective|p2a: Greninja\n|-damage|p2a: Greninja|0 fnt\n|faint|p2a: Greninja\n|\n|-heal|p1a: Rillaboom|43\/100|[from] Grassy Terrain\n|upkeep\n|c|\u2606legendbropp|dumb hacker\n|c|\u2606legendbropp|my speed 400\n|inactive|legendbropp has 120 seconds left.\n|c|\u2606legendbropp|stupid lille shit\n|\n|t:|1700555735\n|switch|p2a: Garchomp|Garchomp, M|100\/100\n|turn|6\n|c|\u2606legendbropp|children these days man\n|\n|t:|1700555760\n|switch|p1a: Enamorus|Enamorus, F|100\/100\n|move|p2a: Garchomp|Fire Fang|p1a: Enamorus\n|-damage|p1a: Enamorus|65\/100\n|\n|upkeep\n|turn|7\n|c|\u2606legendbropp|no talent what so ever\n|inactive|legendbropp has 120 seconds left.\n|c|\u2606legendbropp|jus hacking lifeless\n|\n|t:|1700555785\n|switch|p2a: Toedscool|Toedscool, M|100\/100\n|move|p1a: Enamorus|Moonblast|p2a: Toedscool\n|-damage|p2a: Toedscool|19\/100\n|\n|-heal|p2a: Toedscool|25\/100|[from] Grassy Terrain\n|upkeep\n|turn|8\n|\n|t:|1700555798\n|move|p1a: Enamorus|Moonblast|p2a: Toedscool\n|-damage|p2a: Toedscool|0 fnt\n|faint|p2a: Toedscool\n|\n|-fieldend|move: Grassy Terrain\n|upkeep\n|\n|t:|1700555808\n|switch|p2a: Breloom|Breloom, F|100\/100\n|turn|9\n|\n|t:|1700555815\n|move|p1a: Enamorus|Moonblast|p2a: Breloom\n|-supereffective|p2a: Breloom\n|-enditem|p2a: Breloom|Focus Sash\n|-damage|p2a: Breloom|1\/100\n|-unboost|p2a: Breloom|spa|1\n|move|p2a: Breloom|Spore|p1a: Enamorus\n|-status|p1a: Enamorus|slp|[from] move: Spore\n|\n|upkeep\n|turn|10\n|inactive|legendbropp has 120 seconds left.\n|\n|t:|1700555825\n|switch|p1a: Rillaboom|Rillaboom, M|43\/100\n|-fieldstart|move: Grassy Terrain|[from] ability: Grassy Surge|[of] p1a: Rillaboom\n|move|p2a: Breloom|Swords Dance|p2a: Breloom\n|-boost|p2a: Breloom|atk|2\n|\n|-heal|p1a: Rillaboom|49\/100|[from] Grassy Terrain\n|-heal|p2a: Breloom|7\/100|[from] Grassy Terrain\n|upkeep\n|turn|11\n|\n|t:|1700555834\n|move|p1a: Rillaboom|Grassy Glide|p2a: Breloom\n|-resisted|p2a: Breloom\n|-damage|p2a: Breloom|0 fnt\n|faint|p2a: Breloom\n|\n|-heal|p1a: Rillaboom|56\/100|[from] Grassy Terrain\n|upkeep\n|inactive|legendbropp has 120 seconds left.\n|c|\u2606legendbropp|HOW THE FK\n|c|\u2606legendbropp|nothing outspeeds bullet punch\n|c|\u2606legendbropp|im reporting u\n|c|\u2606legendbropp|conformed\n|\n|t:|1700555869\n|switch|p2a: Dragonite|Dragonite, M|100\/100\n|turn|12\n|\n|t:|1700555878\n|switch|p1a: Enamorus|Enamorus, F|65\/100 slp\n|move|p2a: Dragonite|Dragon Dance|p2a: Dragonite\n|-boost|p2a: Dragonite|atk|1\n|-boost|p2a: Dragonite|spe|1\n|\n|upkeep\n|turn|13\n|\n|t:|1700555888\n|cant|p1a: Enamorus|slp\n|move|p2a: Dragonite|Dragon Dance|p2a: Dragonite\n|-boost|p2a: Dragonite|atk|1\n|-boost|p2a: Dragonite|spe|1\n|\n|upkeep\n|turn|14\n|\n|t:|1700555897\n|switch|p1a: Maushold|Maushold|100\/100\n|move|p2a: Dragonite|Extreme Speed|p1a: Maushold\n|-damage|p1a: Maushold|18\/100\n|\n|-heal|p1a: Maushold|24\/100|[from] Grassy Terrain\n|-fieldend|move: Grassy Terrain\n|upkeep\n|turn|15\n|\n|t:|1700555909\n|switch|p1a: Heatran|Heatran, F|100\/100\n|move|p2a: Dragonite|Earthquake|p1a: Heatran\n|-supereffective|p1a: Heatran\n|-damage|p1a: Heatran|0 fnt\n|faint|p1a: Heatran\n|\n|upkeep\n|\n|t:|1700555916\n|switch|p1a: devindian|Kingambit, F|100\/100\n|-activate|p1a: devindian|ability: Supreme Overlord\n|-start|p1a: devindian|fallen1|[silent]\n|turn|16\n|inactive|legendbropp has 120 seconds left.\n|\n|t:|1700555925\n|-terastallize|p1a: devindian|Flying\n|move|p1a: devindian|Sucker Punch|p2a: Dragonite\n|-damage|p2a: Dragonite|77\/100\n|move|p2a: Dragonite|Earthquake|p1a: devindian\n|-immune|p1a: devindian\n|\n|-heal|p2a: Dragonite|83\/100|[from] item: Leftovers\n|upkeep\n|turn|17\n|\n|t:|1700555935\n|move|p2a: Dragonite|Extreme Speed|p1a: devindian\n|-damage|p1a: devindian|62\/100\n|move|p1a: devindian|Iron Head|p2a: Dragonite\n|-damage|p2a: Dragonite|28\/100\n|\n|-heal|p2a: Dragonite|34\/100|[from] item: Leftovers\n|-heal|p1a: devindian|68\/100|[from] item: Leftovers\n|upkeep\n|turn|18\n|\n|t:|1700555943\n|move|p2a: Dragonite|Roost|p2a: Dragonite\n|-heal|p2a: Dragonite|84\/100\n|-singleturn|p2a: Dragonite|move: Roost\n|move|p1a: devindian|Iron Head|p2a: Dragonite\n|-damage|p2a: Dragonite|24\/100\n|\n|-heal|p2a: Dragonite|30\/100|[from] item: Leftovers\n|-heal|p1a: devindian|74\/100|[from] item: Leftovers\n|upkeep\n|turn|19\n|\n|t:|1700555952\n|move|p2a: Dragonite|Roost|p2a: Dragonite\n|-heal|p2a: Dragonite|80\/100\n|-singleturn|p2a: Dragonite|move: Roost\n|move|p1a: devindian|Swords Dance|p1a: devindian\n|-boost|p1a: devindian|atk|2\n|\n|-heal|p2a: Dragonite|86\/100|[from] item: Leftovers\n|-heal|p1a: devindian|81\/100|[from] item: Leftovers\n|upkeep\n|turn|20\n|\n|t:|1700555962\n|move|p2a: Dragonite|Extreme Speed|p1a: devindian\n|-damage|p1a: devindian|42\/100\n|move|p1a: devindian|Iron Head|p2a: Dragonite\n|-damage|p2a: Dragonite|0 fnt\n|faint|p2a: Dragonite\n|\n|-heal|p1a: devindian|48\/100|[from] item: Leftovers\n|upkeep\n|\n|t:|1700555970\n|switch|p2a: Garchomp|Garchomp, M|100\/100\n|turn|21\n|\n|t:|1700555980\n|move|p1a: devindian|Sucker Punch|p2a: Garchomp\n|-damage|p2a: Garchomp|12\/100\n|-damage|p1a: devindian|35\/100|[from] ability: Rough Skin|[of] p2a: Garchomp\n|move|p2a: Garchomp|Fire Fang|p1a: devindian\n|-damage|p1a: devindian|20\/100\n|\n|-heal|p2a: Garchomp|18\/100|[from] item: Leftovers\n|-heal|p1a: devindian|26\/100|[from] item: Leftovers\n|upkeep\n|turn|22\n|\n|t:|1700555991\n|move|p1a: devindian|Sucker Punch|p2a: Garchomp\n|-damage|p2a: Garchomp|0 fnt\n|-damage|p1a: devindian|13\/100|[from] ability: Rough Skin|[of] p2a: Garchomp\n|faint|p2a: Garchomp\n|\n|win|Houmura\n|raw|Houmura's rating: 1042 &rarr; <strong>1075<\/strong><br \/>(+33 for winning)\n|raw|legendbropp's rating: 1038 &rarr; <strong>1022<\/strong><br \/>(-16 for losing)\n","uploadtime":1700555728,"views":2,"p1id":"houmura","p2id":"legendbropp","formatid":"gen9ou","rating":1022,"private":0,"password":""}