{"id":"gen9ou-1998309531","p1":"KobraKnight","p2":"ttttiiii","format":"[Gen 9] OU","log":"|j|\u2606KobraKnight\n|j|\u2606ttttiiii\n|t:|1700927755\n|gametype|singles\n|player|p1|KobraKnight|elesa|1072\n|player|p2|ttttiiii|giovanni|1042\n|teamsize|p1|6\n|teamsize|p2|6\n|gen|9\n|tier|[Gen 9] OU\n|rated|\n|rule|Sleep Clause Mod: Limit one foe put to sleep\n|rule|Species Clause: Limit one of each Pok\u00e9mon\n|rule|OHKO Clause: OHKO moves are banned\n|rule|Evasion Items Clause: Evasion items are banned\n|rule|Evasion Moves Clause: Evasion moves are banned\n|rule|Endless Battle Clause: Forcing endless battles is banned\n|rule|HP Percentage Mod: HP is shown in percentages\n|clearpoke\n|poke|p1|Alomomola, M|\n|poke|p1|Ribombee, F|\n|poke|p1|Ninetales-Alola, F|\n|poke|p1|Rillaboom, F|\n|poke|p1|Great Tusk|\n|poke|p1|Typhlosion-Hisui, F|\n|poke|p2|Samurott-Hisui, M|\n|poke|p2|Kleavor, F|\n|poke|p2|Goodra-Hisui, M|\n|poke|p2|Typhlosion-Hisui, M|\n|poke|p2|Decidueye-Hisui, F|\n|poke|p2|Braviary-Hisui, M|\n|teampreview\n|\n|t:|1700927767\n|start\n|switch|p1a: Ribombee|Ribombee, F, shiny|100\/100\n|switch|p2a: Goodra|Goodra-Hisui, M, shiny|100\/100\n|turn|1\n|\n|t:|1700927774\n|move|p1a: Ribombee|Sticky Web|p2a: Goodra\n|-sidestart|p2: ttttiiii|move: Sticky Web\n|move|p2a: Goodra|Iron Head|p1a: Ribombee\n|-supereffective|p1a: Ribombee\n|-enditem|p1a: Ribombee|Focus Sash\n|-damage|p1a: Ribombee|1\/100\n|\n|upkeep\n|turn|2\n|\n|t:|1700927783\n|move|p1a: Ribombee|U-turn|p2a: Goodra\n|-resisted|p2a: Goodra\n|-damage|p2a: Goodra|94\/100\n|\n|t:|1700927791\n|switch|p1a: Rillaboom|Rillaboom, F, shiny|100\/100|[from] U-turn\n|-fieldstart|move: Grassy Terrain|[from] ability: Grassy Surge|[of] p1a: Rillaboom\n|move|p2a: Goodra|Iron Head|p1a: Rillaboom\n|-crit|p1a: Rillaboom\n|-damage|p1a: Rillaboom|62\/100\n|-enditem|p1a: Rillaboom|Eject Button\n|\n|t:|1700927800\n|switch|p1a: Ninetales|Ninetales-Alola, F, shiny|100\/100\n|-weather|Snow|[from] ability: Snow Warning|[of] p1a: Ninetales\n|\n|-weather|Snow|[upkeep]\n|-heal|p2a: Goodra|100\/100|[from] Grassy Terrain\n|upkeep\n|turn|3\n|\n|t:|1700927810\n|move|p1a: Ninetales|Aurora Veil|p1a: Ninetales\n|-sidestart|p1: KobraKnight|move: Aurora Veil\n|move|p2a: Goodra|Iron Head|p1a: Ninetales\n|-supereffective|p1a: Ninetales\n|-damage|p1a: Ninetales|54\/100\n|\n|-weather|Snow|[upkeep]\n|-heal|p1a: Ninetales|60\/100|[from] Grassy Terrain\n|upkeep\n|turn|4\n|\n|t:|1700927819\n|switch|p1a: Typhlosion|Typhlosion-Hisui, F, shiny|100\/100\n|-item|p2a: Goodra|Chesto Berry|[from] ability: Frisk|[of] p1a: Typhlosion|[identify]\n|move|p2a: Goodra|Iron Head|p1a: Typhlosion\n|-resisted|p1a: Typhlosion\n|-damage|p1a: Typhlosion|90\/100\n|\n|-weather|Snow|[upkeep]\n|-heal|p1a: Typhlosion|96\/100|[from] Grassy Terrain\n|upkeep\n|turn|5\n|\n|t:|1700927835\n|switch|p2a: Braviary|Braviary-Hisui, M, shiny|100\/100\n|-terastallize|p1a: Typhlosion|Fire\n|move|p1a: Typhlosion|Eruption|p2a: Braviary\n|-damage|p2a: Braviary|0 fnt\n|faint|p2a: Braviary\n|\n|-weather|Snow|[upkeep]\n|-heal|p1a: Typhlosion|100\/100|[from] Grassy Terrain\n|upkeep\n|\n|t:|1700927841\n|switch|p2a: Samurott|Samurott-Hisui, M, shiny|100\/100\n|-activate|p2a: Samurott|move: Sticky Web\n|-unboost|p2a: Samurott|spe|1\n|turn|6\n|\n|t:|1700927850\n|move|p2a: Samurott|Aqua Jet|p1a: Typhlosion\n|-supereffective|p1a: Typhlosion\n|-damage|p1a: Typhlosion|63\/100\n|move|p1a: Typhlosion|Eruption|p2a: Samurott\n|-resisted|p2a: Samurott\n|-crit|p2a: Samurott\n|-damage|p2a: Samurott|21\/100\n|\n|-weather|none\n|-heal|p1a: Typhlosion|69\/100|[from] Grassy Terrain\n|-heal|p2a: Samurott|27\/100|[from] Grassy Terrain\n|-fieldend|move: Grassy Terrain\n|upkeep\n|turn|7\n|\n|t:|1700927863\n|switch|p1a: Alomomola|Alomomola, M, shiny|100\/100\n|move|p2a: Samurott|Aqua Jet|p1a: Alomomola\n|-resisted|p1a: Alomomola\n|-damage|p1a: Alomomola|96\/100\n|\n|upkeep\n|turn|8\n|\n|t:|1700927873\n|switch|p2a: Decidueye|Decidueye-Hisui, F, shiny|100\/100\n|-activate|p2a: Decidueye|move: Sticky Web\n|-unboost|p2a: Decidueye|spe|1\n|move|p1a: Alomomola|Wish|p1a: Alomomola\n|\n|upkeep\n|turn|9\n|\n|t:|1700927880\n|switch|p1a: Typhlosion|Typhlosion-Hisui, F, shiny, tera:Fire|69\/100\n|-item|p2a: Decidueye|Choice Band|[from] ability: Frisk|[of] p1a: Typhlosion|[identify]\n|move|p2a: Decidueye|Leaf Blade|p1a: Typhlosion\n|-resisted|p1a: Typhlosion\n|-damage|p1a: Typhlosion|45\/100\n|\n|-heal|p1a: Typhlosion|100\/100|[from] move: Wish|[wisher] Alomomola\n|upkeep\n|turn|10\n|\n|t:|1700927892\n|switch|p2a: Samurott|Samurott-Hisui, M, shiny|27\/100\n|-activate|p2a: Samurott|move: Sticky Web\n|-unboost|p2a: Samurott|spe|1\n|move|p1a: Typhlosion|Eruption|p2a: Samurott\n|-resisted|p2a: Samurott\n|-damage|p2a: Samurott|0 fnt\n|faint|p2a: Samurott\n|\n|-sideend|p1: KobraKnight|move: Aurora Veil\n|upkeep\n|\n|t:|1700927905\n|switch|p2a: Kleavor|Kleavor, F|100\/100\n|-activate|p2a: Kleavor|move: Sticky Web\n|-unboost|p2a: Kleavor|spe|1\n|turn|11\n|\n|t:|1700927913\n|move|p1a: Typhlosion|Eruption|p2a: Kleavor\n|-damage|p2a: Kleavor|0 fnt\n|faint|p2a: Kleavor\n|\n|upkeep\n|\n|t:|1700927919\n|switch|p2a: Goodra|Goodra-Hisui, M, shiny|100\/100\n|-activate|p2a: Goodra|move: Sticky Web\n|-unboost|p2a: Goodra|spe|1\n|turn|12\n|\n|t:|1700927923\n|move|p1a: Typhlosion|Eruption|p2a: Goodra\n|-damage|p2a: Goodra|48\/100\n|move|p2a: Goodra|Body Press|p1a: Typhlosion\n|-damage|p1a: Typhlosion|74\/100\n|\n|upkeep\n|turn|13\n|\n|t:|1700927931\n|move|p1a: Typhlosion|Eruption|p2a: Goodra\n|-damage|p2a: Goodra|6\/100\n|move|p2a: Goodra|Body Press|p1a: Typhlosion\n|-damage|p1a: Typhlosion|49\/100\n|\n|upkeep\n|turn|14\n|\n|t:|1700927937\n|move|p1a: Typhlosion|Eruption|p2a: Goodra\n|-damage|p2a: Goodra|0 fnt\n|faint|p2a: Goodra\n|\n|upkeep\n|\n|t:|1700927943\n|switch|p2a: Typhlosion|Typhlosion-Hisui, M, shiny|100\/100\n|-activate|p2a: Typhlosion|move: Sticky Web\n|-unboost|p2a: Typhlosion|spe|1\n|turn|15\n|\n|t:|1700927950\n|switch|p1a: Alomomola|Alomomola, M, shiny|100\/100\n|-terastallize|p2a: Typhlosion|Fire\n|move|p2a: Typhlosion|Eruption|p1a: Alomomola\n|-resisted|p1a: Alomomola\n|-damage|p1a: Alomomola|50\/100\n|\n|upkeep\n|turn|16\n|inactive|Battle timer is ON: inactive players will automatically lose when time's up. (requested by ttttiiii)\n|\n|t:|1700927969\n|move|p2a: Typhlosion|Eruption|p1a: Alomomola\n|-resisted|p1a: Alomomola\n|-damage|p1a: Alomomola|0 fnt\n|faint|p1a: Alomomola\n|\n|upkeep\n|\n|t:|1700927975\n|switch|p1a: Rillaboom|Rillaboom, F, shiny|62\/100\n|-fieldstart|move: Grassy Terrain|[from] ability: Grassy Surge|[of] p1a: Rillaboom\n|turn|17\n|\n|t:|1700927980\n|move|p2a: Typhlosion|Eruption|p1a: Rillaboom\n|-supereffective|p1a: Rillaboom\n|-damage|p1a: Rillaboom|0 fnt\n|faint|p1a: Rillaboom\n|\n|upkeep\n|\n|t:|1700927988\n|switch|p1a: Great Tusk|Great Tusk, shiny|100\/100\n|turn|18\n|\n|t:|1700927994\n|switch|p2a: Decidueye|Decidueye-Hisui, F, shiny|100\/100\n|-activate|p2a: Decidueye|move: Sticky Web\n|-unboost|p2a: Decidueye|spe|1\n|move|p1a: Great Tusk|Earthquake|p2a: Decidueye\n|-resisted|p2a: Decidueye\n|-damage|p2a: Decidueye|85\/100\n|\n|-heal|p2a: Decidueye|92\/100|[from] Grassy Terrain\n|upkeep\n|turn|19\n|\n|t:|1700928005\n|move|p1a: Great Tusk|Knock Off|p2a: Decidueye\n|-resisted|p2a: Decidueye\n|-damage|p2a: Decidueye|70\/100\n|-enditem|p2a: Decidueye|Choice Band|[from] move: Knock Off|[of] p1a: Great Tusk\n|move|p2a: Decidueye|Brave Bird|p1a: Great Tusk\n|-supereffective|p1a: Great Tusk\n|-damage|p1a: Great Tusk|40\/100\n|-damage|p2a: Decidueye|50\/100|[from] Recoil\n|\n|-heal|p1a: Great Tusk|46\/100|[from] Grassy Terrain\n|-heal|p1a: Great Tusk|52\/100|[from] item: Leftovers\n|-heal|p2a: Decidueye|56\/100|[from] Grassy Terrain\n|upkeep\n|turn|20\n|\n|t:|1700928020\n|move|p1a: Great Tusk|Close Combat|p2a: Decidueye\n|-damage|p2a: Decidueye|0 fnt\n|-unboost|p1a: Great Tusk|def|1\n|-unboost|p1a: Great Tusk|spd|1\n|faint|p2a: Decidueye\n|\n|-heal|p1a: Great Tusk|58\/100|[from] Grassy Terrain\n|-heal|p1a: Great Tusk|64\/100|[from] item: Leftovers\n|upkeep\n|\n|t:|1700928023\n|switch|p2a: Typhlosion|Typhlosion-Hisui, M, shiny, tera:Fire|100\/100\n|-activate|p2a: Typhlosion|move: Sticky Web\n|-unboost|p2a: Typhlosion|spe|1\n|turn|21\n|\n|t:|1700928033\n|move|p2a: Typhlosion|Eruption|p1a: Great Tusk\n|-damage|p1a: Great Tusk|0 fnt\n|faint|p1a: Great Tusk\n|-end|p1a: Great Tusk|Protosynthesis|[silent]\n|\n|-fieldend|move: Grassy Terrain\n|upkeep\n|\n|t:|1700928040\n|switch|p1a: Typhlosion|Typhlosion-Hisui, F, shiny, tera:Fire|49\/100\n|-item|p2a: Typhlosion|Choice Scarf|[from] ability: Frisk|[of] p1a: Typhlosion|[identify]\n|turn|22\n|\n|t:|1700928046\n|move|p1a: Typhlosion|Focus Blast|p2a: Typhlosion\n|-damage|p2a: Typhlosion|45\/100\n|move|p2a: Typhlosion|Eruption|p1a: Typhlosion\n|-resisted|p1a: Typhlosion\n|-damage|p1a: Typhlosion|17\/100\n|\n|upkeep\n|turn|23\n|\n|t:|1700928054\n|move|p1a: Typhlosion|Focus Blast|p2a: Typhlosion\n|-damage|p2a: Typhlosion|0 fnt\n|faint|p2a: Typhlosion\n|\n|win|KobraKnight\n|raw|KobraKnight's rating: 1072 &rarr; <strong>1099<\/strong><br \/>(+27 for winning)\n|raw|ttttiiii's rating: 1042 &rarr; <strong>1027<\/strong><br \/>(-15 for losing)\n|l|\u2606ttttiiii\n|l|\u2606KobraKnight\n|j|\u2606KobraKnight\n|player|p1|KobraKnight|elesa\n","uploadtime":1700928064,"views":18,"p1id":"kobraknight","p2id":"ttttiiii","formatid":"gen9ou","rating":1027,"private":0,"password":""}