{"id":"gen9ou-1999596292","p1":"trialteam98","p2":"kyleoutofnowhere","format":"[Gen 9] OU","log":"|j|\u203dtrialteam98\n|j|\u2606kyleoutofnowhere\n|t:|1701099651\n|gametype|singles\n|player|p1|trialteam98|lady-gen4|1113\n|player|p2|kyleoutofnowhere|barry|1066\n|teamsize|p1|6\n|teamsize|p2|6\n|gen|9\n|tier|[Gen 9] OU\n|rated|\n|rule|Sleep Clause Mod: Limit one foe put to sleep\n|rule|Species Clause: Limit one of each Pok\u00e9mon\n|rule|OHKO Clause: OHKO moves are banned\n|rule|Evasion Items Clause: Evasion items are banned\n|rule|Evasion Moves Clause: Evasion moves are banned\n|rule|Endless Battle Clause: Forcing endless battles is banned\n|rule|HP Percentage Mod: HP is shown in percentages\n|clearpoke\n|poke|p1|Iron Jugulis|\n|poke|p1|Ogerpon-Wellspring, F|\n|poke|p1|Tinkaton, F|\n|poke|p1|Iron Moth|\n|poke|p1|Great Tusk|\n|poke|p1|Dragapult, F|\n|poke|p2|Lycanroc-Midnight, F|\n|poke|p2|Hydreigon, F|\n|poke|p2|Lilligant-Hisui, F|\n|poke|p2|Scream Tail|\n|poke|p2|Forretress, F|\n|poke|p2|Glimmora, M|\n|teampreview\n|inactive|Battle timer is ON: inactive players will automatically lose when time's up. (requested by kyleoutofnowhere)\n|\n|t:|1701099663\n|start\n|switch|p1a: Tinkaton|Tinkaton, F|100\/100\n|switch|p2a: Lilligant|Lilligant-Hisui, F|100\/100\n|-item|p1a: Tinkaton|Air Balloon\n|turn|1\n|\n|t:|1701099686\n|move|p2a: Lilligant|Brick Break|p1a: Tinkaton\n|-damage|p1a: Tinkaton|12\/100\n|-enditem|p1a: Tinkaton|Air Balloon\n|-enditem|p2a: Lilligant|Choice Band|[silent]|[from] ability: Pickpocket|[of] p2a: Lilligant\n|-item|p1a: Tinkaton|Choice Band|[from] ability: Pickpocket|[of] p2a: Lilligant\n|move|p1a: Tinkaton|Thunder Wave|p2a: Lilligant\n|-status|p2a: Lilligant|par\n|\n|upkeep\n|turn|2\n|\n|t:|1701099708\n|move|p1a: Tinkaton|Thunder Wave|p2a: Lilligant\n|-fail|p2a: Lilligant|par\n|move|p2a: Lilligant|Brick Break|p1a: Tinkaton|[miss]\n|-miss|p2a: Lilligant|p1a: Tinkaton\n|\n|upkeep\n|turn|3\n|\n|t:|1701099714\n|move|p1a: Tinkaton|Thunder Wave|p2a: Lilligant\n|-fail|p2a: Lilligant|par\n|move|p2a: Lilligant|Brick Break|p1a: Tinkaton\n|-damage|p1a: Tinkaton|0 fnt\n|faint|p1a: Tinkaton\n|\n|upkeep\n|\n|t:|1701099724\n|switch|p1a: Iron Moth|Iron Moth|100\/100\n|-enditem|p1a: Iron Moth|Booster Energy\n|-activate|p1a: Iron Moth|ability: Quark Drive|[fromitem]\n|-start|p1a: Iron Moth|quarkdrivespe\n|turn|4\n|\n|t:|1701099735\n|move|p1a: Iron Moth|Fiery Dance|p2a: Lilligant\n|-supereffective|p2a: Lilligant\n|-damage|p2a: Lilligant|0 fnt\n|faint|p2a: Lilligant\n|\n|upkeep\n|\n|t:|1701099745\n|switch|p2a: Hydreigon|Hydreigon, F|100\/100\n|turn|5\n|\n|t:|1701099755\n|-terastallize|p1a: Iron Moth|Fairy\n|move|p2a: Hydreigon|Protect|p2a: Hydreigon\n|-singleturn|p2a: Hydreigon|Protect\n|move|p1a: Iron Moth|Dazzling Gleam|p2a: Hydreigon\n|-activate|p2a: Hydreigon|move: Protect\n|\n|upkeep\n|turn|6\n|\n|t:|1701099769\n|switch|p2a: Glimmora|Glimmora, M|100\/100\n|move|p1a: Iron Moth|Dazzling Gleam|p2a: Glimmora\n|-resisted|p2a: Glimmora\n|-damage|p2a: Glimmora|72\/100\n|\n|upkeep\n|turn|7\n|\n|t:|1701099777\n|move|p2a: Glimmora|Spiky Shield|p2a: Glimmora\n|-singleturn|p2a: Glimmora|move: Protect\n|move|p1a: Iron Moth|Psychic|p2a: Glimmora\n|-activate|p2a: Glimmora|move: Protect\n|\n|upkeep\n|turn|8\n|\n|t:|1701099791\n|move|p1a: Iron Moth|Psychic|p2a: Glimmora\n|-supereffective|p2a: Glimmora\n|-damage|p2a: Glimmora|0 fnt\n|faint|p2a: Glimmora\n|\n|upkeep\n|\n|t:|1701099795\n|switch|p2a: Lycanroc|Lycanroc-Midnight, F|100\/100\n|turn|9\n|\n|t:|1701099805\n|move|p2a: Lycanroc|Protect|p2a: Lycanroc\n|-singleturn|p2a: Lycanroc|Protect\n|move|p1a: Iron Moth|Psychic|p2a: Lycanroc\n|-activate|p2a: Lycanroc|move: Protect\n|\n|upkeep\n|turn|10\n|inactive|kyleoutofnowhere has 120 seconds left.\n|\n|t:|1701099836\n|move|p1a: Iron Moth|Fiery Dance|p2a: Lycanroc\n|-resisted|p2a: Lycanroc\n|-damage|p2a: Lycanroc|70\/100\n|-boost|p1a: Iron Moth|spa|1\n|move|p2a: Lycanroc|Rock Slide|p1a: Iron Moth\n|-damage|p1a: Iron Moth|30\/100\n|-damage|p2a: Lycanroc|60\/100|[from] item: Life Orb\n|\n|upkeep\n|turn|11\n|\n|t:|1701099846\n|move|p1a: Iron Moth|Psychic|p2a: Lycanroc\n|-damage|p2a: Lycanroc|1\/100\n|move|p2a: Lycanroc|Rock Slide|p1a: Iron Moth\n|-damage|p1a: Iron Moth|0 fnt\n|faint|p1a: Iron Moth\n|-end|p1a: Iron Moth|Quark Drive|[silent]\n|-damage|p2a: Lycanroc|0 fnt|[from] item: Life Orb\n|faint|p2a: Lycanroc\n|\n|upkeep\n|\n|t:|1701099868\n|switch|p1a: Dragapult|Dragapult, F|100\/100\n|switch|p2a: Scream Tail|Scream Tail|100\/100\n|-enditem|p2a: Scream Tail|Booster Energy\n|-activate|p2a: Scream Tail|ability: Protosynthesis|[fromitem]\n|-start|p2a: Scream Tail|protosynthesisspe\n|turn|12\n|\n|t:|1701099876\n|move|p2a: Scream Tail|Crunch|p1a: Dragapult\n|-supereffective|p1a: Dragapult\n|-damage|p1a: Dragapult|64\/100\n|move|p1a: Dragapult|Shadow Ball|p2a: Scream Tail\n|-supereffective|p2a: Scream Tail\n|-damage|p2a: Scream Tail|20\/100\n|\n|upkeep\n|turn|13\n|\n|t:|1701099899\n|move|p2a: Scream Tail|Psychic|p1a: Dragapult\n|-damage|p1a: Dragapult|31\/100\n|move|p1a: Dragapult|Shadow Ball|p2a: Scream Tail\n|-supereffective|p2a: Scream Tail\n|-damage|p2a: Scream Tail|0 fnt\n|faint|p2a: Scream Tail\n|-end|p2a: Scream Tail|Protosynthesis|[silent]\n|\n|upkeep\n|\n|t:|1701099903\n|switch|p2a: Forretress|Forretress, F|100\/100\n|turn|14\n|\n|t:|1701099909\n|move|p1a: Dragapult|Shadow Ball|p2a: Forretress\n|-damage|p2a: Forretress|30\/100\n|move|p2a: Forretress|Ice Spinner|p1a: Dragapult\n|-supereffective|p1a: Dragapult\n|-damage|p1a: Dragapult|0 fnt\n|faint|p1a: Dragapult\n|\n|-heal|p2a: Forretress|36\/100|[from] item: Leftovers\n|upkeep\n|\n|t:|1701099921\n|switch|p1a: Great Tusk|Great Tusk|100\/100\n|-enditem|p1a: Great Tusk|Booster Energy\n|-activate|p1a: Great Tusk|ability: Protosynthesis|[fromitem]\n|-start|p1a: Great Tusk|protosynthesisspe\n|turn|15\n|\n|t:|1701099930\n|move|p1a: Great Tusk|Headlong Rush|p2a: Forretress\n|-damage|p2a: Forretress|6\/100\n|-unboost|p1a: Great Tusk|def|1\n|-unboost|p1a: Great Tusk|spd|1\n|move|p2a: Forretress|Ice Spinner|p1a: Great Tusk\n|-supereffective|p1a: Great Tusk\n|-damage|p1a: Great Tusk|69\/100\n|\n|-heal|p2a: Forretress|13\/100|[from] item: Leftovers\n|upkeep\n|turn|16\n|\n|t:|1701099938\n|move|p1a: Great Tusk|Ice Spinner|p2a: Forretress\n|-resisted|p2a: Forretress\n|-damage|p2a: Forretress|7\/100\n|move|p2a: Forretress|Giga Drain|p1a: Great Tusk\n|-supereffective|p1a: Great Tusk\n|-damage|p1a: Great Tusk|23\/100\n|-heal|p2a: Forretress|35\/100|[from] drain|[of] p1a: Great Tusk\n|\n|-heal|p2a: Forretress|41\/100|[from] item: Leftovers\n|upkeep\n|turn|17\n|\n|t:|1701099944\n|move|p1a: Great Tusk|Headlong Rush|p2a: Forretress\n|-damage|p2a: Forretress|11\/100\n|-unboost|p1a: Great Tusk|def|1\n|-unboost|p1a: Great Tusk|spd|1\n|move|p2a: Forretress|Giga Drain|p1a: Great Tusk\n|-supereffective|p1a: Great Tusk\n|-damage|p1a: Great Tusk|0 fnt\n|-heal|p2a: Forretress|24\/100|[from] drain|[of] p1a: Great Tusk\n|faint|p1a: Great Tusk\n|-end|p1a: Great Tusk|Protosynthesis|[silent]\n|\n|-heal|p2a: Forretress|30\/100|[from] item: Leftovers\n|upkeep\n|\n|t:|1701099950\n|switch|p1a: Ogerpon|Ogerpon-Wellspring, F|100\/100\n|turn|18\n|\n|t:|1701099955\n|move|p1a: Ogerpon|Ivy Cudgel|p2a: Forretress|[anim] Ivy Cudgel Water\n|-damage|p2a: Forretress|0 fnt\n|faint|p2a: Forretress\n|\n|upkeep\n|\n|t:|1701099957\n|switch|p2a: Hydreigon|Hydreigon, F|100\/100\n|turn|19\n|\n|t:|1701099966\n|-terastallize|p2a: Hydreigon|Steel\n|move|p1a: Ogerpon|U-turn|p2a: Hydreigon\n|-resisted|p2a: Hydreigon\n|-damage|p2a: Hydreigon|84\/100\n|\n|t:|1701099971\n|switch|p1a: Iron Jugulis|Iron Jugulis|100\/100|[from] U-turn\n|-enditem|p1a: Iron Jugulis|Booster Energy\n|-activate|p1a: Iron Jugulis|ability: Quark Drive|[fromitem]\n|-start|p1a: Iron Jugulis|quarkdrivespe\n|move|p2a: Hydreigon|Focus Blast|p1a: Iron Jugulis\n|-damage|p1a: Iron Jugulis|46\/100\n|\n|upkeep\n|turn|20\n|\n|t:|1701099985\n|move|p1a: Iron Jugulis|Knock Off|p2a: Hydreigon\n|-damage|p2a: Hydreigon|46\/100\n|-enditem|p2a: Hydreigon|Heavy-Duty Boots|[from] move: Knock Off|[of] p1a: Iron Jugulis\n|move|p2a: Hydreigon|Focus Blast|p1a: Iron Jugulis|[miss]\n|-miss|p2a: Hydreigon|p1a: Iron Jugulis\n|\n|upkeep\n|turn|21\n|\n|t:|1701099993\n|move|p2a: Hydreigon|Protect|p2a: Hydreigon\n|-singleturn|p2a: Hydreigon|Protect\n|move|p1a: Iron Jugulis|Knock Off|p2a: Hydreigon\n|-activate|p2a: Hydreigon|move: Protect\n|\n|upkeep\n|turn|22\n|\n|t:|1701099999\n|move|p1a: Iron Jugulis|Knock Off|p2a: Hydreigon\n|-damage|p2a: Hydreigon|22\/100\n|move|p2a: Hydreigon|Focus Blast|p1a: Iron Jugulis\n|-damage|p1a: Iron Jugulis|0 fnt\n|faint|p1a: Iron Jugulis\n|-end|p1a: Iron Jugulis|Quark Drive|[silent]\n|\n|upkeep\n|\n|t:|1701100004\n|switch|p1a: Ogerpon|Ogerpon-Wellspring, F|100\/100\n|turn|23\n|\n|t:|1701100007\n|move|p2a: Hydreigon|Protect|p2a: Hydreigon\n|-singleturn|p2a: Hydreigon|Protect\n|move|p1a: Ogerpon|Ivy Cudgel|p2a: Hydreigon|[anim] Ivy Cudgel Water\n|-activate|p2a: Hydreigon|move: Protect\n|\n|upkeep\n|turn|24\n|\n|t:|1701100015\n|move|p1a: Ogerpon|Ivy Cudgel|p2a: Hydreigon|[anim] Ivy Cudgel Water\n|-crit|p2a: Hydreigon\n|-damage|p2a: Hydreigon|0 fnt\n|faint|p2a: Hydreigon\n|\n|win|trialteam98\n|raw|trialteam98's rating: 1113 &rarr; <strong>1135<\/strong><br \/>(+22 for winning)\n|raw|kyleoutofnowhere's rating: 1066 &rarr; <strong>1049<\/strong><br \/>(-17 for losing)\n|l|\u2606kyleoutofnowhere\n","uploadtime":1701100024,"views":3,"p1id":"trialteam98","p2id":"kyleoutofnowhere","formatid":"gen9ou","rating":1049,"private":0,"password":""}