{"id":"gen9ou-1996675517","p1":"SamTheSwan","p2":"rottenh20","format":"[Gen 9] OU","log":"|j|\u2606SamTheSwan\n|j|\u2606rottenh20\n|t:|1700708275\n|gametype|singles\n|player|p1|SamTheSwan|101|1354\n|player|p2|rottenh20|musician|1456\n|teamsize|p1|6\n|teamsize|p2|6\n|gen|9\n|tier|[Gen 9] OU\n|rated|\n|rule|Sleep Clause Mod: Limit one foe put to sleep\n|rule|Species Clause: Limit one of each Pok\u00e9mon\n|rule|OHKO Clause: OHKO moves are banned\n|rule|Evasion Items Clause: Evasion items are banned\n|rule|Evasion Moves Clause: Evasion moves are banned\n|rule|Endless Battle Clause: Forcing endless battles is banned\n|rule|HP Percentage Mod: HP is shown in percentages\n|clearpoke\n|poke|p1|Mamoswine, F|\n|poke|p1|Skeledirge, M|\n|poke|p1|Dragonite, F|\n|poke|p1|Iron Valiant|\n|poke|p1|Greninja-*, M|\n|poke|p1|Glimmora, M|\n|poke|p2|Weavile, M|\n|poke|p2|Weezing-Galar, M|\n|poke|p2|Alomomola, F|\n|poke|p2|Ting-Lu|\n|poke|p2|Corviknight, M|\n|poke|p2|Dondozo, F|\n|teampreview\n|inactive|Battle timer is ON: inactive players will automatically lose when time's up. (requested by rottenh20)\n|\n|t:|1700708280\n|start\n|switch|p1a: Manny from Ice Age|Mamoswine, F|100\/100\n|switch|p2a: Weavile|Weavile, M|100\/100\n|-ability|p2a: Weavile|Pressure\n|turn|1\n|c|\u2606SamTheSwan|Why the fuck does every team look like this dogshit\n|\n|t:|1700708296\n|move|p2a: Weavile|Substitute|p2a: Weavile\n|-start|p2a: Weavile|Substitute\n|-damage|p2a: Weavile|76\/100\n|move|p1a: Manny from Ice Age|Earthquake|p2a: Weavile\n|-end|p2a: Weavile|Substitute\n|\n|-heal|p2a: Weavile|82\/100|[from] item: Leftovers\n|upkeep\n|turn|2\n|\n|t:|1700708300\n|move|p2a: Weavile|Protect|p2a: Weavile\n|-singleturn|p2a: Weavile|Protect\n|move|p1a: Manny from Ice Age|Earthquake|p2a: Weavile\n|-activate|p2a: Weavile|move: Protect\n|\n|-heal|p2a: Weavile|88\/100|[from] item: Leftovers\n|upkeep\n|turn|3\n|\n|t:|1700708304\n|switch|p2a: Corviknight|Corviknight, M|100\/100\n|-ability|p2a: Corviknight|Pressure\n|move|p1a: Manny from Ice Age|Stealth Rock|p2a: Corviknight\n|-sidestart|p2: rottenh20|move: Stealth Rock\n|\n|upkeep\n|turn|4\n|\n|t:|1700708312\n|switch|p1a: Skeledirge|Skeledirge, M|100\/100\n|move|p2a: Corviknight|Defog|p1a: Skeledirge\n|-unboost|p1a: Skeledirge|evasion|1\n|-sideend|p2: rottenh20|Stealth Rock|[from] move: Defog|[of] p2a: Corviknight\n|\n|upkeep\n|turn|5\n|\n|t:|1700708318\n|switch|p2a: Dondozo|Dondozo, F|100\/100\n|move|p1a: Skeledirge|Will-O-Wisp|p2a: Dondozo\n|-status|p2a: Dondozo|brn\n|\n|-damage|p2a: Dondozo|94\/100 brn|[from] brn\n|upkeep\n|turn|6\n|c|\u2606SamTheSwan|God forbid someone have fun in this tier\n|c|\u2606rottenh20|its Ou brother\n|\n|t:|1700708334\n|move|p1a: Skeledirge|Hex|p2a: Dondozo\n|-crit|p2a: Dondozo\n|-damage|p2a: Dondozo|46\/100 brn\n|move|p2a: Dondozo|Earthquake|p1a: Skeledirge\n|-supereffective|p1a: Skeledirge\n|-damage|p1a: Skeledirge|82\/100\n|\n|-damage|p2a: Dondozo|40\/100 brn|[from] brn\n|upkeep\n|turn|7\n|\n|t:|1700708340\n|move|p1a: Skeledirge|Hex|p2a: Dondozo\n|-damage|p2a: Dondozo|8\/100 brn\n|move|p2a: Dondozo|Rest|p2a: Dondozo\n|-status|p2a: Dondozo|slp|[from] move: Rest\n|-heal|p2a: Dondozo|100\/100 slp|[silent]\n|\n|upkeep\n|turn|8\n|\n|t:|1700708347\n|switch|p1a: Iron Valiant|Iron Valiant|100\/100\n|-enditem|p1a: Iron Valiant|Booster Energy\n|-activate|p1a: Iron Valiant|ability: Quark Drive|[fromitem]\n|-start|p1a: Iron Valiant|quarkdrivespe\n|cant|p2a: Dondozo|slp\n|\n|upkeep\n|turn|9\n|\n|t:|1700708352\n|switch|p2a: Ting-Lu|Ting-Lu|100\/100\n|-ability|p2a: Ting-Lu|Vessel of Ruin\n|move|p1a: Iron Valiant|Swords Dance|p1a: Iron Valiant\n|-boost|p1a: Iron Valiant|atk|2\n|\n|upkeep\n|turn|10\n|\n|t:|1700708360\n|switch|p2a: Alomomola|Alomomola, F|100\/100\n|move|p1a: Iron Valiant|Close Combat|p2a: Alomomola\n|-damage|p2a: Alomomola|28\/100\n|-unboost|p1a: Iron Valiant|def|1\n|-unboost|p1a: Iron Valiant|spd|1\n|\n|-heal|p2a: Alomomola|34\/100|[from] item: Leftovers\n|upkeep\n|turn|11\n|\n|t:|1700708369\n|switch|p2a: Corviknight|Corviknight, M|100\/100\n|-ability|p2a: Corviknight|Pressure\n|move|p1a: Iron Valiant|Close Combat|p2a: Corviknight\n|-damage|p2a: Corviknight|20\/100\n|-unboost|p1a: Iron Valiant|def|1\n|-unboost|p1a: Iron Valiant|spd|1\n|-damage|p1a: Iron Valiant|84\/100|[from] item: Rocky Helmet|[of] p2a: Corviknight\n|\n|upkeep\n|turn|12\n|\n|t:|1700708382\n|switch|p2a: Weavile|Weavile, M|88\/100\n|-ability|p2a: Weavile|Pressure\n|move|p1a: Iron Valiant|Thunder Punch|p2a: Weavile\n|-damage|p2a: Weavile|19\/100\n|\n|-heal|p2a: Weavile|25\/100|[from] item: Leftovers\n|upkeep\n|turn|13\n|\n|t:|1700708388\n|move|p1a: Iron Valiant|Spirit Break|p2a: Weavile\n|-supereffective|p2a: Weavile\n|-damage|p2a: Weavile|0 fnt\n|faint|p2a: Weavile\n|\n|upkeep\n|\n|t:|1700708392\n|switch|p2a: Dondozo|Dondozo, F|100\/100 slp\n|turn|14\n|\n|t:|1700708399\n|-terastallize|p2a: Dondozo|Dark\n|move|p1a: Iron Valiant|Thunder Punch|p2a: Dondozo\n|-damage|p2a: Dondozo|85\/100 slp\n|cant|p2a: Dondozo|slp\n|\n|upkeep\n|turn|15\n|\n|t:|1700708404\n|move|p1a: Iron Valiant|Close Combat|p2a: Dondozo\n|-supereffective|p2a: Dondozo\n|-damage|p2a: Dondozo|16\/100 slp\n|-unboost|p1a: Iron Valiant|def|1\n|-unboost|p1a: Iron Valiant|spd|1\n|-curestatus|p2a: Dondozo|slp|[msg]\n|move|p2a: Dondozo|Curse|p2a: Dondozo\n|-unboost|p2a: Dondozo|spe|1\n|-boost|p2a: Dondozo|atk|1\n|-boost|p2a: Dondozo|def|1\n|\n|upkeep\n|turn|16\n|\n|t:|1700708408\n|move|p1a: Iron Valiant|Spirit Break|p2a: Dondozo\n|-supereffective|p2a: Dondozo\n|-crit|p2a: Dondozo\n|-damage|p2a: Dondozo|0 fnt\n|faint|p2a: Dondozo\n|\n|upkeep\n|\n|t:|1700708411\n|switch|p2a: Ting-Lu|Ting-Lu|100\/100\n|-ability|p2a: Ting-Lu|Vessel of Ruin\n|turn|17\n|\n|t:|1700708414\n|move|p1a: Iron Valiant|Close Combat|p2a: Ting-Lu\n|-supereffective|p2a: Ting-Lu\n|-damage|p2a: Ting-Lu|0 fnt\n|-unboost|p1a: Iron Valiant|def|1\n|-unboost|p1a: Iron Valiant|spd|1\n|faint|p2a: Ting-Lu\n|\n|upkeep\n|-message|rottenh20 forfeited.\n|\n|win|SamTheSwan\n|raw|SamTheSwan's rating: 1354 &rarr; <strong>1380<\/strong><br \/>(+26 for winning)\n|raw|rottenh20's rating: 1456 &rarr; <strong>1430<\/strong><br \/>(-26 for losing)\n","uploadtime":1700708291,"views":3,"p1id":"samtheswan","p2id":"rottenh20","formatid":"gen9ou","rating":1380,"private":0,"password":""}