{"id":"gen9ou-1992337479","p1":"khote","p2":"McD's Dollar Menu","format":"[Gen 9] OU","log":"|j|\u2606khote\n|j|\u2606McD's Dollar Menu\n|t:|1700176137\n|gametype|singles\n|player|p1|khote|burglar|1675\n|player|p2|McD's Dollar Menu|medium|1619\n|teamsize|p1|6\n|teamsize|p2|6\n|gen|9\n|tier|[Gen 9] OU\n|rated|\n|rule|Sleep Clause Mod: Limit one foe put to sleep\n|rule|Species Clause: Limit one of each Pok\u00e9mon\n|rule|OHKO Clause: OHKO moves are banned\n|rule|Evasion Items Clause: Evasion items are banned\n|rule|Evasion Moves Clause: Evasion moves are banned\n|rule|Endless Battle Clause: Forcing endless battles is banned\n|rule|HP Percentage Mod: HP is shown in percentages\n|clearpoke\n|poke|p1|Great Tusk|\n|poke|p1|Ogerpon-Wellspring, F|\n|poke|p1|Iron Moth|\n|poke|p1|Dragonite, F|\n|poke|p1|Slowking-Galar, F|\n|poke|p1|Zamazenta-*|\n|poke|p2|Dragapult, M|\n|poke|p2|Dondozo, M|\n|poke|p2|Great Tusk|\n|poke|p2|Milotic, M|\n|poke|p2|Mandibuzz, F|\n|poke|p2|Skeledirge, M|\n|teampreview\n|inactive|Battle timer is ON: inactive players will automatically lose when time's up. (requested by McD's Dollar Menu)\n|\n|t:|1700176151\n|start\n|switch|p1a: Great Tusk|Great Tusk|100\/100\n|switch|p2a: Kendrick Lamar|Dragapult, M, shiny|100\/100\n|turn|1\n|\n|t:|1700176158\n|move|p2a: Kendrick Lamar|Draco Meteor|p1a: Great Tusk\n|-enditem|p1a: Great Tusk|Focus Sash\n|-damage|p1a: Great Tusk|1\/100\n|-unboost|p2a: Kendrick Lamar|spa|2\n|move|p1a: Great Tusk|Ice Spinner|p2a: Kendrick Lamar\n|-supereffective|p2a: Kendrick Lamar\n|-damage|p2a: Kendrick Lamar|22\/100\n|\n|upkeep\n|turn|2\n|\n|t:|1700176168\n|-end|p1a: Great Tusk|Protosynthesis|[silent]\n|switch|p1a: Slowking|Slowking-Galar, F|100\/100\n|move|p2a: Kendrick Lamar|Draco Meteor|p1a: Slowking\n|-damage|p1a: Slowking|74\/100\n|-unboost|p2a: Kendrick Lamar|spa|2\n|\n|upkeep\n|turn|3\n|\n|t:|1700176176\n|switch|p2a: Slim Shady|Skeledirge, M, shiny|100\/100\n|move|p1a: Slowking|Sludge Bomb|p2a: Slim Shady\n|-resisted|p2a: Slim Shady\n|-damage|p2a: Slim Shady|88\/100\n|-status|p2a: Slim Shady|psn\n|\n|-damage|p2a: Slim Shady|75\/100 psn|[from] psn\n|upkeep\n|turn|4\n|\n|t:|1700176186\n|move|p2a: Slim Shady|Torch Song|p1a: Slowking\n|-damage|p1a: Slowking|56\/100\n|-boost|p2a: Slim Shady|spa|1\n|move|p1a: Slowking|Chilly Reception|p1a: Slowking\n|-weather|Snow\n|\n|t:|1700176189\n|switch|p1a: Great Tusk|Great Tusk|1\/100|[from] Chilly Reception\n|\n|-weather|Snow|[upkeep]\n|-damage|p2a: Slim Shady|63\/100 psn|[from] psn\n|upkeep\n|turn|5\n|\n|t:|1700176197\n|switch|p2a: 50 Cent|Great Tusk|100\/100\n|move|p1a: Great Tusk|Headlong Rush|p2a: 50 Cent\n|-damage|p2a: 50 Cent|63\/100\n|-unboost|p1a: Great Tusk|def|1\n|-unboost|p1a: Great Tusk|spd|1\n|\n|-weather|Snow|[upkeep]\n|-heal|p2a: 50 Cent|69\/100|[from] item: Leftovers\n|upkeep\n|turn|6\n|\n|t:|1700176205\n|move|p1a: Great Tusk|Ice Spinner|p2a: 50 Cent\n|-supereffective|p2a: 50 Cent\n|-damage|p2a: 50 Cent|32\/100\n|move|p2a: 50 Cent|Ice Spinner|p1a: Great Tusk\n|-supereffective|p1a: Great Tusk\n|-damage|p1a: Great Tusk|0 fnt\n|faint|p1a: Great Tusk\n|-end|p1a: Great Tusk|Protosynthesis|[silent]\n|\n|-weather|Snow|[upkeep]\n|-heal|p2a: 50 Cent|38\/100|[from] item: Leftovers\n|upkeep\n|\n|t:|1700176218\n|switch|p1a: Ogerpon|Ogerpon-Wellspring, F|100\/100\n|turn|7\n|\n|t:|1700176230\n|-end|p2a: 50 Cent|Protosynthesis|[silent]\n|switch|p2a: Nicki Minaj|Mandibuzz, F, shiny|100\/100\n|move|p1a: Ogerpon|Ivy Cudgel|p2a: Nicki Minaj|[anim] Ivy Cudgel Water\n|-crit|p2a: Nicki Minaj\n|-damage|p2a: Nicki Minaj|49\/100\n|\n|-weather|Snow|[upkeep]\n|upkeep\n|turn|8\n|\n|t:|1700176238\n|switch|p1a: Slowking|Slowking-Galar, F|89\/100\n|move|p2a: Nicki Minaj|Roost|p2a: Nicki Minaj\n|-heal|p2a: Nicki Minaj|99\/100\n|-singleturn|p2a: Nicki Minaj|move: Roost\n|\n|-weather|none\n|upkeep\n|turn|9\n|\n|t:|1700176245\n|switch|p2a: 50 Cent|Great Tusk|38\/100\n|move|p1a: Slowking|Sludge Bomb|p2a: 50 Cent\n|-resisted|p2a: 50 Cent\n|-damage|p2a: 50 Cent|23\/100\n|\n|-heal|p2a: 50 Cent|29\/100|[from] item: Leftovers\n|upkeep\n|turn|10\n|\n|t:|1700176253\n|switch|p1a: Zamazenta|Zamazenta|100\/100\n|-ability|p1a: Zamazenta|Dauntless Shield|boost\n|-boost|p1a: Zamazenta|def|1\n|move|p2a: 50 Cent|Earthquake|p1a: Zamazenta\n|-damage|p1a: Zamazenta|79\/100\n|\n|-heal|p1a: Zamazenta|86\/100|[from] item: Leftovers\n|-heal|p2a: 50 Cent|35\/100|[from] item: Leftovers\n|upkeep\n|turn|11\n|\n|t:|1700176260\n|-end|p2a: 50 Cent|Protosynthesis|[silent]\n|switch|p2a: Notorious B.I.G.|Dondozo, M, shiny|100\/100\n|move|p1a: Zamazenta|Crunch|p2a: Notorious B.I.G.\n|-damage|p2a: Notorious B.I.G.|90\/100\n|-unboost|p2a: Notorious B.I.G.|def|1\n|\n|-heal|p1a: Zamazenta|92\/100|[from] item: Leftovers\n|upkeep\n|turn|12\n|\n|t:|1700176267\n|move|p1a: Zamazenta|Body Press|p2a: Notorious B.I.G.\n|-damage|p2a: Notorious B.I.G.|63\/100\n|move|p2a: Notorious B.I.G.|Body Press|p1a: Zamazenta\n|-damage|p1a: Zamazenta|79\/100\n|\n|-heal|p1a: Zamazenta|85\/100|[from] item: Leftovers\n|upkeep\n|turn|13\n|\n|t:|1700176275\n|move|p1a: Zamazenta|Body Press|p2a: Notorious B.I.G.\n|-damage|p2a: Notorious B.I.G.|38\/100\n|move|p2a: Notorious B.I.G.|Body Press|p1a: Zamazenta\n|-damage|p1a: Zamazenta|71\/100\n|\n|-heal|p1a: Zamazenta|77\/100|[from] item: Leftovers\n|upkeep\n|turn|14\n|\n|t:|1700176280\n|move|p1a: Zamazenta|Body Press|p2a: Notorious B.I.G.\n|-damage|p2a: Notorious B.I.G.|12\/100\n|move|p2a: Notorious B.I.G.|Rest|p2a: Notorious B.I.G.\n|-status|p2a: Notorious B.I.G.|slp|[from] move: Rest\n|-heal|p2a: Notorious B.I.G.|100\/100 slp|[silent]\n|\n|-heal|p1a: Zamazenta|84\/100|[from] item: Leftovers\n|upkeep\n|turn|15\n|\n|t:|1700176285\n|switch|p1a: Ogerpon|Ogerpon-Wellspring, F|100\/100\n|cant|p2a: Notorious B.I.G.|slp\n|move|p2a: Notorious B.I.G.|Sleep Talk|p2a: Notorious B.I.G.\n|move|p2a: Notorious B.I.G.|Rest||[from]move: Sleep Talk|[still]\n|-fail|p2a: Notorious B.I.G.\n|\n|upkeep\n|turn|16\n|\n|t:|1700176295\n|switch|p2a: Nicki Minaj|Mandibuzz, F, shiny|99\/100\n|move|p1a: Ogerpon|Horn Leech|p2a: Nicki Minaj\n|-resisted|p2a: Nicki Minaj\n|-damage|p2a: Nicki Minaj|86\/100\n|\n|upkeep\n|turn|17\n|\n|t:|1700176299\n|switch|p1a: Slowking|Slowking-Galar, F|100\/100\n|move|p2a: Nicki Minaj|Foul Play|p1a: Slowking\n|-supereffective|p1a: Slowking\n|-damage|p1a: Slowking|63\/100\n|\n|upkeep\n|turn|18\n|\n|t:|1700176310\n|move|p2a: Nicki Minaj|Foul Play|p1a: Slowking\n|-supereffective|p1a: Slowking\n|-damage|p1a: Slowking|25\/100\n|move|p1a: Slowking|Chilly Reception|p1a: Slowking\n|-weather|Snow\n|\n|t:|1700176314\n|switch|p1a: Iron Moth|Iron Moth|100\/100|[from] Chilly Reception\n|-enditem|p1a: Iron Moth|Booster Energy\n|-activate|p1a: Iron Moth|ability: Quark Drive|[fromitem]\n|-start|p1a: Iron Moth|quarkdrivespe\n|\n|-weather|Snow|[upkeep]\n|upkeep\n|turn|19\n|\n|t:|1700176322\n|switch|p2a: Slim Shady|Skeledirge, M, shiny|63\/100 psn\n|move|p1a: Iron Moth|Sludge Wave|p2a: Slim Shady\n|-resisted|p2a: Slim Shady\n|-damage|p2a: Slim Shady|46\/100 psn\n|\n|-weather|Snow|[upkeep]\n|-damage|p2a: Slim Shady|33\/100 psn|[from] psn\n|upkeep\n|turn|20\n|\n|t:|1700176331\n|-terastallize|p1a: Iron Moth|Ground\n|move|p1a: Iron Moth|Tera Blast|p2a: Slim Shady|[anim] Tera Blast Ground\n|-supereffective|p2a: Slim Shady\n|-damage|p2a: Slim Shady|0 fnt\n|faint|p2a: Slim Shady\n|\n|-weather|Snow|[upkeep]\n|upkeep\n|\n|t:|1700176337\n|switch|p2a: Dr. Dre|Milotic, M, shiny|100\/100\n|turn|21\n|\n|t:|1700176343\n|-end|p1a: Iron Moth|Quark Drive|[silent]\n|switch|p1a: Ogerpon|Ogerpon-Wellspring, F|100\/100\n|switch|p2a: Kendrick Lamar|Dragapult, M, shiny|22\/100\n|\n|-weather|Snow|[upkeep]\n|upkeep\n|turn|22\n|\n|t:|1700176346\n|switch|p1a: Slowking|Slowking-Galar, F|58\/100\n|move|p2a: Kendrick Lamar|U-turn|p1a: Slowking\n|-damage|p1a: Slowking|39\/100\n|\n|t:|1700176349\n|switch|p2a: 50 Cent|Great Tusk|35\/100|[from] U-turn\n|\n|-weather|none\n|-heal|p2a: 50 Cent|42\/100|[from] item: Leftovers\n|upkeep\n|turn|23\n|\n|t:|1700176355\n|switch|p1a: Zamazenta|Zamazenta|84\/100\n|move|p2a: 50 Cent|Ice Spinner|p1a: Zamazenta\n|-damage|p1a: Zamazenta|67\/100\n|\n|-heal|p1a: Zamazenta|73\/100|[from] item: Leftovers\n|-heal|p2a: 50 Cent|48\/100|[from] item: Leftovers\n|upkeep\n|turn|24\n|\n|t:|1700176360\n|move|p1a: Zamazenta|Iron Defense|p1a: Zamazenta\n|-boost|p1a: Zamazenta|def|2\n|move|p2a: 50 Cent|Earthquake|p1a: Zamazenta\n|-damage|p1a: Zamazenta|57\/100\n|\n|-heal|p1a: Zamazenta|63\/100|[from] item: Leftovers\n|-heal|p2a: 50 Cent|54\/100|[from] item: Leftovers\n|upkeep\n|turn|25\n|\n|t:|1700176365\n|-end|p2a: 50 Cent|Protosynthesis|[silent]\n|switch|p2a: Notorious B.I.G.|Dondozo, M, shiny|100\/100 slp\n|move|p1a: Zamazenta|Crunch|p2a: Notorious B.I.G.\n|-damage|p2a: Notorious B.I.G.|90\/100 slp\n|\n|-heal|p1a: Zamazenta|69\/100|[from] item: Leftovers\n|upkeep\n|turn|26\n|\n|t:|1700176368\n|switch|p1a: Ogerpon|Ogerpon-Wellspring, F|100\/100\n|cant|p2a: Notorious B.I.G.|slp\n|move|p2a: Notorious B.I.G.|Sleep Talk|p2a: Notorious B.I.G.\n|move|p2a: Notorious B.I.G.|Body Press|p1a: Ogerpon|[from]move: Sleep Talk\n|-damage|p1a: Ogerpon|64\/100\n|\n|upkeep\n|turn|27\n|\n|t:|1700176378\n|-terastallize|p2a: Notorious B.I.G.|Grass\n|move|p1a: Ogerpon|Horn Leech|p2a: Notorious B.I.G.\n|-resisted|p2a: Notorious B.I.G.\n|-damage|p2a: Notorious B.I.G.|81\/100 slp\n|-heal|p1a: Ogerpon|73\/100|[from] drain|[of] p2a: Notorious B.I.G.\n|-curestatus|p2a: Notorious B.I.G.|slp|[msg]\n|move|p2a: Notorious B.I.G.|Body Press|p1a: Ogerpon\n|-damage|p1a: Ogerpon|37\/100\n|\n|upkeep\n|turn|28\n|\n|t:|1700176390\n|switch|p1a: Slowking|Slowking-Galar, F|73\/100\n|move|p2a: Notorious B.I.G.|Body Press|p1a: Slowking\n|-resisted|p1a: Slowking\n|-damage|p1a: Slowking|65\/100\n|\n|upkeep\n|turn|29\n|\n|t:|1700176396\n|switch|p2a: 50 Cent|Great Tusk|54\/100\n|move|p1a: Slowking|Sludge Bomb|p2a: 50 Cent\n|-resisted|p2a: 50 Cent\n|-crit|p2a: 50 Cent\n|-damage|p2a: 50 Cent|30\/100\n|\n|-heal|p2a: 50 Cent|36\/100|[from] item: Leftovers\n|upkeep\n|turn|30\n|\n|t:|1700176402\n|switch|p1a: Zamazenta|Zamazenta|69\/100\n|move|p2a: 50 Cent|Earthquake|p1a: Zamazenta\n|-damage|p1a: Zamazenta|39\/100\n|\n|-heal|p1a: Zamazenta|45\/100|[from] item: Leftovers\n|-heal|p2a: 50 Cent|42\/100|[from] item: Leftovers\n|upkeep\n|turn|31\n|\n|t:|1700176406\n|move|p1a: Zamazenta|Body Press|p2a: 50 Cent\n|-damage|p2a: 50 Cent|20\/100\n|move|p2a: 50 Cent|Earthquake|p1a: Zamazenta\n|-damage|p1a: Zamazenta|11\/100\n|\n|-heal|p1a: Zamazenta|17\/100|[from] item: Leftovers\n|-heal|p2a: 50 Cent|26\/100|[from] item: Leftovers\n|upkeep\n|turn|32\n|\n|t:|1700176415\n|-end|p2a: 50 Cent|Protosynthesis|[silent]\n|switch|p2a: Notorious B.I.G.|Dondozo, M, shiny, tera:Grass|81\/100\n|move|p1a: Zamazenta|Body Press|p2a: Notorious B.I.G.\n|-damage|p2a: Notorious B.I.G.|65\/100\n|\n|-heal|p1a: Zamazenta|23\/100|[from] item: Leftovers\n|upkeep\n|turn|33\n|\n|t:|1700176421\n|switch|p1a: Slowking|Slowking-Galar, F|98\/100\n|move|p2a: Notorious B.I.G.|Body Press|p1a: Slowking\n|-resisted|p1a: Slowking\n|-damage|p1a: Slowking|91\/100\n|\n|upkeep\n|turn|34\n|\n|t:|1700176428\n|switch|p2a: Dr. Dre|Milotic, M, shiny|100\/100\n|move|p1a: Slowking|Sludge Bomb|p2a: Dr. Dre\n|-damage|p2a: Dr. Dre|80\/100\n|\n|-heal|p2a: Dr. Dre|86\/100|[from] item: Leftovers\n|upkeep\n|turn|35\n|\n|t:|1700176439\n|move|p2a: Dr. Dre|Scald|p1a: Slowking\n|-damage|p1a: Slowking|73\/100\n|-status|p1a: Slowking|brn\n|move|p1a: Slowking|Future Sight|p2a: Dr. Dre\n|-start|p1a: Slowking|move: Future Sight\n|\n|-heal|p2a: Dr. Dre|92\/100|[from] item: Leftovers\n|-damage|p1a: Slowking|67\/100 brn|[from] brn\n|upkeep\n|turn|36\n|\n|t:|1700176446\n|switch|p2a: Kendrick Lamar|Dragapult, M, shiny|22\/100\n|move|p1a: Slowking|Sludge Bomb|p2a: Kendrick Lamar\n|-resisted|p2a: Kendrick Lamar\n|-damage|p2a: Kendrick Lamar|1\/100\n|-status|p2a: Kendrick Lamar|psn\n|\n|-damage|p2a: Kendrick Lamar|0 fnt|[from] psn\n|faint|p2a: Kendrick Lamar\n|-damage|p1a: Slowking|61\/100 brn|[from] brn\n|upkeep\n|\n|t:|1700176452\n|switch|p2a: Dr. Dre|Milotic, M, shiny|92\/100\n|turn|37\n|\n|t:|1700176460\n|move|p1a: Slowking|Sludge Bomb|p2a: Dr. Dre\n|-damage|p2a: Dr. Dre|73\/100\n|-status|p2a: Dr. Dre|psn\n|move|p2a: Dr. Dre|Mirror Coat|p1a: Slowking\n|-damage|p1a: Slowking|22\/100 brn\n|\n|-end|p2a: Dr. Dre|move: Future Sight\n|-damage|p2a: Dr. Dre|47\/100 psn\n|-heal|p2a: Dr. Dre|53\/100 psn|[from] item: Leftovers\n|-damage|p2a: Dr. Dre|41\/100 psn|[from] psn\n|-damage|p1a: Slowking|16\/100 brn|[from] brn\n|upkeep\n|turn|38\n|\n|t:|1700176469\n|switch|p2a: Nicki Minaj|Mandibuzz, F, shiny|86\/100\n|switch|p1a: Ogerpon|Ogerpon-Wellspring, F|37\/100\n|\n|upkeep\n|turn|39\n|\n|t:|1700176475\n|switch|p1a: Zamazenta|Zamazenta|23\/100\n|move|p2a: Nicki Minaj|Foul Play|p1a: Zamazenta\n|-resisted|p1a: Zamazenta\n|-crit|p1a: Zamazenta\n|-damage|p1a: Zamazenta|4\/100\n|\n|-heal|p1a: Zamazenta|11\/100|[from] item: Leftovers\n|upkeep\n|turn|40\n|\n|t:|1700176481\n|switch|p2a: Notorious B.I.G.|Dondozo, M, shiny, tera:Grass|65\/100\n|move|p1a: Zamazenta|Body Press|p2a: Notorious B.I.G.\n|-damage|p2a: Notorious B.I.G.|48\/100\n|\n|-heal|p1a: Zamazenta|17\/100|[from] item: Leftovers\n|upkeep\n|turn|41\n|\n|t:|1700176488\n|move|p1a: Zamazenta|Body Press|p2a: Notorious B.I.G.\n|-damage|p2a: Notorious B.I.G.|31\/100\n|move|p2a: Notorious B.I.G.|Liquidation|p1a: Zamazenta\n|-damage|p1a: Zamazenta|0 fnt\n|faint|p1a: Zamazenta\n|\n|upkeep\n|\n|t:|1700176496\n|switch|p1a: Iron Moth|Iron Moth, tera:Ground|100\/100\n|turn|42\n|\n|t:|1700176502\n|switch|p2a: 50 Cent|Great Tusk|26\/100\n|move|p1a: Iron Moth|Sludge Wave|p2a: 50 Cent\n|-resisted|p2a: 50 Cent\n|-damage|p2a: 50 Cent|4\/100\n|\n|-heal|p2a: 50 Cent|10\/100|[from] item: Leftovers\n|upkeep\n|turn|43\n|\n|t:|1700176511\n|move|p1a: Iron Moth|Fiery Dance|p2a: 50 Cent\n|-damage|p2a: 50 Cent|0 fnt\n|-boost|p1a: Iron Moth|spa|1\n|faint|p2a: 50 Cent\n|-end|p2a: 50 Cent|Protosynthesis|[silent]\n|\n|upkeep\n|\n|t:|1700176515\n|switch|p2a: Dr. Dre|Milotic, M, shiny|41\/100 psn\n|turn|44\n|\n|t:|1700176521\n|-end|p1a: Iron Moth|Quark Drive|[silent]\n|switch|p1a: Ogerpon|Ogerpon-Wellspring, F|37\/100\n|move|p2a: Dr. Dre|Recover|p2a: Dr. Dre\n|-heal|p2a: Dr. Dre|91\/100 psn\n|\n|-heal|p2a: Dr. Dre|97\/100 psn|[from] item: Leftovers\n|-damage|p2a: Dr. Dre|85\/100 psn|[from] psn\n|upkeep\n|turn|45\n|\n|t:|1700176528\n|switch|p2a: Nicki Minaj|Mandibuzz, F, shiny|86\/100\n|move|p1a: Ogerpon|Horn Leech|p2a: Nicki Minaj\n|-resisted|p2a: Nicki Minaj\n|-damage|p2a: Nicki Minaj|72\/100\n|-heal|p1a: Ogerpon|47\/100|[from] drain|[of] p2a: Nicki Minaj\n|\n|upkeep\n|turn|46\n|\n|t:|1700176538\n|move|p1a: Ogerpon|Ivy Cudgel|p2a: Nicki Minaj|[anim] Ivy Cudgel Water\n|-damage|p2a: Nicki Minaj|36\/100\n|move|p2a: Nicki Minaj|Foul Play|p1a: Ogerpon\n|-damage|p1a: Ogerpon|0 fnt\n|faint|p1a: Ogerpon\n|\n|upkeep\n|\n|t:|1700176544\n|switch|p1a: Iron Moth|Iron Moth, tera:Ground|100\/100\n|turn|47\n|\n|t:|1700176549\n|switch|p2a: Dr. Dre|Milotic, M, shiny|85\/100 psn\n|move|p1a: Iron Moth|Fiery Dance|p2a: Dr. Dre\n|-resisted|p2a: Dr. Dre\n|-damage|p2a: Dr. Dre|74\/100 psn\n|\n|-heal|p2a: Dr. Dre|80\/100 psn|[from] item: Leftovers\n|-damage|p2a: Dr. Dre|68\/100 psn|[from] psn\n|upkeep\n|turn|48\n|\n|t:|1700176559\n|move|p1a: Iron Moth|Sludge Wave|p2a: Dr. Dre\n|-damage|p2a: Dr. Dre|39\/100 psn\n|move|p2a: Dr. Dre|Scald|p1a: Iron Moth\n|-supereffective|p1a: Iron Moth\n|-damage|p1a: Iron Moth|39\/100\n|\n|-heal|p2a: Dr. Dre|45\/100 psn|[from] item: Leftovers\n|-damage|p2a: Dr. Dre|32\/100 psn|[from] psn\n|upkeep\n|turn|49\n|\n|t:|1700176565\n|move|p1a: Iron Moth|Sludge Wave|p2a: Dr. Dre\n|-damage|p2a: Dr. Dre|6\/100 psn\n|move|p2a: Dr. Dre|Recover|p2a: Dr. Dre\n|-heal|p2a: Dr. Dre|56\/100 psn\n|\n|-heal|p2a: Dr. Dre|62\/100 psn|[from] item: Leftovers\n|-damage|p2a: Dr. Dre|49\/100 psn|[from] psn\n|upkeep\n|turn|50\n|\n|t:|1700176578\n|-end|p1a: Iron Moth|Quark Drive|[silent]\n|switch|p1a: Slowking|Slowking-Galar, F|50\/100 brn\n|move|p2a: Dr. Dre|Recover|p2a: Dr. Dre\n|-heal|p2a: Dr. Dre|99\/100 psn\n|\n|-heal|p2a: Dr. Dre|100\/100 psn|[from] item: Leftovers\n|-damage|p2a: Dr. Dre|88\/100 psn|[from] psn\n|-damage|p1a: Slowking|44\/100 brn|[from] brn\n|upkeep\n|turn|51\n|\n|t:|1700176582\n|move|p2a: Dr. Dre|Scald|p1a: Slowking\n|-damage|p1a: Slowking|25\/100 brn\n|move|p1a: Slowking|Chilly Reception|p1a: Slowking\n|-weather|Snow\n|\n|t:|1700176585\n|switch|p1a: Iron Moth|Iron Moth, tera:Ground|39\/100|[from] Chilly Reception\n|\n|-weather|Snow|[upkeep]\n|-heal|p2a: Dr. Dre|94\/100 psn|[from] item: Leftovers\n|-damage|p2a: Dr. Dre|82\/100 psn|[from] psn\n|upkeep\n|turn|52\n|\n|t:|1700176591\n|-end|p1a: Iron Moth|Quark Drive|[silent]\n|switch|p1a: Slowking|Slowking-Galar, F|59\/100 brn\n|move|p2a: Dr. Dre|Scald|p1a: Slowking\n|-damage|p1a: Slowking|42\/100 brn\n|\n|-weather|Snow|[upkeep]\n|-heal|p2a: Dr. Dre|88\/100 psn|[from] item: Leftovers\n|-damage|p2a: Dr. Dre|75\/100 psn|[from] psn\n|-damage|p1a: Slowking|36\/100 brn|[from] brn\n|upkeep\n|turn|53\n|\n|t:|1700176595\n|move|p2a: Dr. Dre|Scald|p1a: Slowking\n|-damage|p1a: Slowking|20\/100 brn\n|move|p1a: Slowking|Chilly Reception|p1a: Slowking\n|\n|t:|1700176598\n|switch|p1a: Iron Moth|Iron Moth, tera:Ground|39\/100|[from] Chilly Reception\n|\n|-weather|Snow|[upkeep]\n|-heal|p2a: Dr. Dre|81\/100 psn|[from] item: Leftovers\n|-damage|p2a: Dr. Dre|69\/100 psn|[from] psn\n|upkeep\n|turn|54\n|\n|t:|1700176602\n|move|p1a: Iron Moth|Sludge Wave|p2a: Dr. Dre\n|-damage|p2a: Dr. Dre|43\/100 psn\n|move|p2a: Dr. Dre|Scald|p1a: Iron Moth\n|-supereffective|p1a: Iron Moth\n|-damage|p1a: Iron Moth|0 fnt\n|faint|p1a: Iron Moth\n|-end|p1a: Iron Moth|Quark Drive|[silent]\n|\n|-weather|Snow|[upkeep]\n|-heal|p2a: Dr. Dre|49\/100 psn|[from] item: Leftovers\n|-damage|p2a: Dr. Dre|37\/100 psn|[from] psn\n|upkeep\n|\n|t:|1700176609\n|switch|p1a: Dragonite|Dragonite, F|100\/100\n|turn|55\n|\n|t:|1700176613\n|move|p1a: Dragonite|Earthquake|p2a: Dr. Dre\n|-damage|p2a: Dr. Dre|7\/100 psn\n|move|p2a: Dr. Dre|Scald|p1a: Dragonite\n|-resisted|p1a: Dragonite\n|-damage|p1a: Dragonite|94\/100\n|-status|p1a: Dragonite|brn\n|\n|-weather|none\n|-heal|p2a: Dr. Dre|13\/100 psn|[from] item: Leftovers\n|-damage|p2a: Dr. Dre|1\/100 psn|[from] psn\n|-damage|p1a: Dragonite|88\/100 brn|[from] brn\n|upkeep\n|turn|56\n|\n|t:|1700176626\n|move|p1a: Dragonite|Ice Spinner|p2a: Dr. Dre\n|-resisted|p2a: Dr. Dre\n|-damage|p2a: Dr. Dre|0 fnt\n|faint|p2a: Dr. Dre\n|\n|-damage|p1a: Dragonite|82\/100 brn|[from] brn\n|upkeep\n|\n|t:|1700176629\n|switch|p2a: Nicki Minaj|Mandibuzz, F, shiny|36\/100\n|turn|57\n|\n|t:|1700176635\n|move|p1a: Dragonite|Dragon Dance|p1a: Dragonite\n|-boost|p1a: Dragonite|atk|1\n|-boost|p1a: Dragonite|spe|1\n|move|p2a: Nicki Minaj|Roost|p2a: Nicki Minaj\n|-heal|p2a: Nicki Minaj|86\/100\n|-singleturn|p2a: Nicki Minaj|move: Roost\n|\n|-damage|p1a: Dragonite|76\/100 brn|[from] brn\n|upkeep\n|turn|58\n|\n|t:|1700176644\n|move|p1a: Dragonite|Ice Spinner|p2a: Nicki Minaj\n|-supereffective|p2a: Nicki Minaj\n|-damage|p2a: Nicki Minaj|61\/100\n|move|p2a: Nicki Minaj|Foul Play|p1a: Dragonite\n|-damage|p1a: Dragonite|0 fnt\n|faint|p1a: Dragonite\n|\n|upkeep\n|\n|t:|1700176648\n|switch|p1a: Slowking|Slowking-Galar, F|53\/100 brn\n|turn|59\n|c|\u2606McD's Dollar Menu|gg\n|\n|t:|1700176652\n|move|p2a: Nicki Minaj|Foul Play|p1a: Slowking\n|-supereffective|p1a: Slowking\n|-damage|p1a: Slowking|17\/100 brn\n|move|p1a: Slowking|Sludge Bomb|p2a: Nicki Minaj\n|-damage|p2a: Nicki Minaj|31\/100\n|-status|p2a: Nicki Minaj|psn\n|\n|-damage|p2a: Nicki Minaj|18\/100 psn|[from] psn\n|-damage|p1a: Slowking|10\/100 brn|[from] brn\n|upkeep\n|turn|60\n|\n|t:|1700176656\n|move|p2a: Nicki Minaj|Foul Play|p1a: Slowking\n|-supereffective|p1a: Slowking\n|-damage|p1a: Slowking|0 fnt\n|faint|p1a: Slowking\n|\n|win|McD's Dollar Menu\n|raw|khote's rating: 1675 &rarr; <strong>1652<\/strong><br \/>(-23 for losing)\n|raw|McD&apos;s Dollar Menu's rating: 1619 &rarr; <strong>1642<\/strong><br \/>(+23 for winning)\n|l|\u2606khote\n","uploadtime":1700176671,"views":8,"p1id":"khote","p2id":"mcdsdollarmenu","formatid":"gen9ou","rating":1642,"private":0,"password":""}