{"id":"gen9ou-1989532345","p1":"TheLargestOne","p2":"Savouras","format":"[Gen 9] OU","log":"|j|\u2606TheLargestOne\n|j|\u2606Savouras\n|t:|1699866845\n|gametype|singles\n|player|p1|TheLargestOne|benga|1721\n|player|p2|Savouras|#bdspplempoleonshow|1782\n|teamsize|p1|6\n|teamsize|p2|6\n|gen|9\n|tier|[Gen 9] OU\n|rated|\n|rule|Sleep Clause Mod: Limit one foe put to sleep\n|rule|Species Clause: Limit one of each Pok\u00e9mon\n|rule|OHKO Clause: OHKO moves are banned\n|rule|Evasion Items Clause: Evasion items are banned\n|rule|Evasion Moves Clause: Evasion moves are banned\n|rule|Endless Battle Clause: Forcing endless battles is banned\n|rule|HP Percentage Mod: HP is shown in percentages\n|clearpoke\n|poke|p1|Maushold|\n|poke|p1|Dragonite, F|\n|poke|p1|Walking Wake|\n|poke|p1|Weezing-Galar, F|\n|poke|p1|Muk-Alola, F|\n|poke|p1|Great Tusk|\n|poke|p2|Ting-Lu|\n|poke|p2|Sneasler, F|\n|poke|p2|Zapdos|\n|poke|p2|Heatran, F|\n|poke|p2|Rillaboom, F|\n|poke|p2|Manaphy|\n|teampreview\n|inactive|Battle timer is ON: inactive players will automatically lose when time's up. (requested by TheLargestOne)\n|j| PantyPhantom\n|inactive|TheLargestOne has 120 seconds left.\n|j| cheese miestro\n|\n|t:|1699866898\n|start\n|switch|p1a: Muk|Muk-Alola, F|100\/100\n|switch|p2a: Zapdos|Zapdos|100\/100\n|turn|1\n|\n|t:|1699866903\n|move|p2a: Zapdos|Volt Switch|p1a: Muk\n|-damage|p1a: Muk|82\/100\n|\n|t:|1699866906\n|switch|p2a: Ting-Lu|Ting-Lu|100\/100|[from] Volt Switch\n|-ability|p2a: Ting-Lu|Vessel of Ruin\n|move|p1a: Muk|Knock Off|p2a: Ting-Lu\n|-resisted|p2a: Ting-Lu\n|-damage|p2a: Ting-Lu|93\/100\n|-status|p2a: Ting-Lu|psn|[from] ability: Poison Touch|[of] p1a: Muk\n|-enditem|p2a: Ting-Lu|Leftovers|[from] move: Knock Off|[of] p1a: Muk\n|\n|-heal|p1a: Muk|88\/100|[from] item: Black Sludge\n|-damage|p2a: Ting-Lu|80\/100 psn|[from] psn\n|upkeep\n|turn|2\n|\n|t:|1699866922\n|switch|p1a: Weezing|Weezing-Galar, F|100\/100\n|switch|p2a: Zapdos|Zapdos|100\/100\n|\n|upkeep\n|turn|3\n|\n|t:|1699866935\n|switch|p1a: Muk|Muk-Alola, F|88\/100\n|move|p2a: Zapdos|Thunder Wave|p1a: Muk\n|-status|p1a: Muk|par\n|\n|-heal|p1a: Muk|94\/100 par|[from] item: Black Sludge\n|upkeep\n|turn|4\n|\n|t:|1699866945\n|move|p2a: Zapdos|Volt Switch|p1a: Muk\n|-damage|p1a: Muk|76\/100 par\n|\n|t:|1699866948\n|switch|p2a: Ting-Lu|Ting-Lu|80\/100 psn|[from] Volt Switch\n|-ability|p2a: Ting-Lu|Vessel of Ruin\n|move|p1a: Muk|Drain Punch|p2a: Ting-Lu\n|-supereffective|p2a: Ting-Lu\n|-damage|p2a: Ting-Lu|65\/100 psn\n|-heal|p1a: Muk|85\/100 par|[from] drain|[of] p2a: Ting-Lu\n|\n|-heal|p1a: Muk|91\/100 par|[from] item: Black Sludge\n|-damage|p2a: Ting-Lu|53\/100 psn|[from] psn\n|upkeep\n|turn|5\n|\n|t:|1699866961\n|switch|p1a: Weezing|Weezing-Galar, F|100\/100\n|move|p2a: Ting-Lu|Stealth Rock|p1a: Weezing\n|-sidestart|p1: TheLargestOne|move: Stealth Rock\n|\n|-damage|p2a: Ting-Lu|40\/100 psn|[from] psn\n|upkeep\n|turn|6\n|\n|t:|1699866967\n|move|p1a: Weezing|Strange Steam|p2a: Ting-Lu\n|-supereffective|p2a: Ting-Lu\n|-damage|p2a: Ting-Lu|0 fnt\n|faint|p2a: Ting-Lu\n|\n|upkeep\n|\n|t:|1699866979\n|switch|p2a: Manaphy|Manaphy|100\/100\n|turn|7\n|\n|t:|1699866989\n|switch|p1a: Maushold|Maushold|100\/100\n|-damage|p1a: Maushold|88\/100|[from] Stealth Rock\n|move|p2a: Manaphy|Tail Glow|p2a: Manaphy\n|-boost|p2a: Manaphy|spa|3\n|\n|upkeep\n|turn|8\n|\n|t:|1699867000\n|switch|p2a: Rillaboom|Rillaboom, F|100\/100\n|-fieldstart|move: Grassy Terrain|[from] ability: Grassy Surge|[of] p2a: Rillaboom\n|move|p1a: Maushold|Population Bomb|p2a: Rillaboom\n|-damage|p2a: Rillaboom|90\/100\n|-damage|p2a: Rillaboom|78\/100\n|-damage|p2a: Rillaboom|66\/100\n|-damage|p2a: Rillaboom|54\/100\n|-damage|p2a: Rillaboom|42\/100\n|-damage|p2a: Rillaboom|30\/100\n|-damage|p2a: Rillaboom|19\/100\n|-damage|p2a: Rillaboom|7\/100\n|-damage|p2a: Rillaboom|0 fnt\n|faint|p2a: Rillaboom\n|-hitcount|p2: Rillaboom|9\n|\n|-heal|p1a: Maushold|94\/100|[from] Grassy Terrain\n|upkeep\n|l| cheese miestro\n|\n|t:|1699867017\n|switch|p2a: Sneasler|Sneasler, F, shiny|100\/100\n|-enditem|p2a: Sneasler|Grassy Seed\n|-boost|p2a: Sneasler|def|1|[from] item: Grassy Seed\n|turn|9\n|inactive|TheLargestOne has 120 seconds left.\n|\n|t:|1699867057\n|switch|p1a: Great Tusk|Great Tusk|100\/100\n|-damage|p1a: Great Tusk|98\/100|[from] Stealth Rock\n|move|p2a: Sneasler|Swords Dance|p2a: Sneasler\n|-boost|p2a: Sneasler|atk|2\n|\n|-heal|p1a: Great Tusk|100\/100|[from] Grassy Terrain\n|upkeep\n|turn|10\n|inactive|TheLargestOne has 120 seconds left.\n|j| jellll\n|\n|t:|1699867074\n|move|p2a: Sneasler|Dire Claw|p1a: Great Tusk\n|-resisted|p1a: Great Tusk\n|-damage|p1a: Great Tusk|76\/100\n|-damage|p2a: Sneasler|84\/100|[from] item: Rocky Helmet|[of] p1a: Great Tusk\n|move|p1a: Great Tusk|Ice Spinner|p2a: Sneasler\n|-damage|p2a: Sneasler|61\/100\n|-fieldend|move: Grassy Terrain\n|\n|upkeep\n|turn|11\n|\n|t:|1699867090\n|move|p2a: Sneasler|Dire Claw|p1a: Great Tusk\n|-resisted|p1a: Great Tusk\n|-damage|p1a: Great Tusk|53\/100\n|-damage|p2a: Sneasler|44\/100|[from] item: Rocky Helmet|[of] p1a: Great Tusk\n|move|p1a: Great Tusk|Rapid Spin|p2a: Sneasler\n|-damage|p2a: Sneasler|28\/100\n|-boost|p1a: Great Tusk|spe|1\n|-sideend|p1: TheLargestOne|Stealth Rock|[from] move: Rapid Spin|[of] p1a: Great Tusk\n|\n|upkeep\n|turn|12\n|\n|t:|1699867099\n|move|p2a: Sneasler|Close Combat|p1a: Great Tusk\n|-damage|p1a: Great Tusk|0 fnt\n|-unboost|p2a: Sneasler|def|1\n|-unboost|p2a: Sneasler|spd|1\n|-damage|p2a: Sneasler|12\/100|[from] item: Rocky Helmet|[of] p1a: Great Tusk\n|faint|p1a: Great Tusk\n|-end|p1a: Great Tusk|Protosynthesis|[silent]\n|\n|upkeep\n|\n|t:|1699867102\n|switch|p1a: Dragonite|Dragonite, F|100\/100\n|turn|13\n|\n|t:|1699867107\n|switch|p2a: Zapdos|Zapdos|100\/100\n|move|p1a: Dragonite|Extreme Speed|p2a: Zapdos\n|-damage|p2a: Zapdos|69\/100\n|\n|upkeep\n|turn|14\n|\n|t:|1699867122\n|switch|p1a: Muk|Muk-Alola, F|91\/100 par\n|move|p2a: Zapdos|Volt Switch|p1a: Muk\n|-damage|p1a: Muk|74\/100 par\n|\n|t:|1699867131\n|switch|p2a: Heatran|Heatran, F|100\/100|[from] Volt Switch\n|-item|p2a: Heatran|Air Balloon\n|\n|-heal|p1a: Muk|80\/100 par|[from] item: Black Sludge\n|upkeep\n|turn|15\n|\n|t:|1699867137\n|move|p2a: Heatran|Magma Storm|p1a: Muk\n|-damage|p1a: Muk|54\/100 par\n|-activate|p1a: Muk|move: Magma Storm|[of] p2a: Heatran\n|move|p1a: Muk|Drain Punch|p2a: Heatran\n|-supereffective|p2a: Heatran\n|-damage|p2a: Heatran|71\/100\n|-heal|p1a: Muk|68\/100 par|[from] drain|[of] p2a: Heatran\n|-enditem|p2a: Heatran|Air Balloon\n|\n|-heal|p1a: Muk|74\/100 par|[from] item: Black Sludge\n|-damage|p1a: Muk|62\/100 par|[from] move: Magma Storm|[partiallytrapped]\n|upkeep\n|turn|16\n|j| Too Many Caps\n|\n|t:|1699867150\n|move|p2a: Heatran|Earth Power|p1a: Muk\n|-supereffective|p1a: Muk\n|-crit|p1a: Muk\n|-damage|p1a: Muk|13\/100 par\n|move|p1a: Muk|Drain Punch|p2a: Heatran\n|-supereffective|p2a: Heatran\n|-damage|p2a: Heatran|40\/100\n|-heal|p1a: Muk|27\/100 par|[from] drain|[of] p2a: Heatran\n|\n|-heal|p1a: Muk|33\/100 par|[from] item: Black Sludge\n|-damage|p1a: Muk|21\/100 par|[from] move: Magma Storm|[partiallytrapped]\n|upkeep\n|turn|17\n|\n|t:|1699867161\n|move|p2a: Heatran|Earth Power|p1a: Muk\n|-supereffective|p1a: Muk\n|-damage|p1a: Muk|0 fnt\n|faint|p1a: Muk\n|\n|upkeep\n|\n|t:|1699867175\n|switch|p1a: Walking Wake|Walking Wake|100\/100\n|turn|18\n|\n|t:|1699867188\n|switch|p2a: Manaphy|Manaphy|100\/100\n|move|p1a: Walking Wake|Hydro Steam|p2a: Manaphy\n|-resisted|p2a: Manaphy\n|-damage|p2a: Manaphy|77\/100\n|\n|upkeep\n|turn|19\n|\n|t:|1699867199\n|-end|p1a: Walking Wake|Protosynthesis|[silent]\n|switch|p1a: Weezing|Weezing-Galar, F|100\/100\n|move|p2a: Manaphy|Surf|p1a: Weezing\n|-damage|p1a: Weezing|47\/100\n|\n|upkeep\n|turn|20\n|\n|t:|1699867217\n|switch|p2a: Zapdos|Zapdos|69\/100\n|move|p1a: Weezing|Shadow Ball|p2a: Zapdos\n|-damage|p2a: Zapdos|33\/100\n|\n|upkeep\n|turn|21\n|\n|t:|1699867223\n|move|p2a: Zapdos|Roost|p2a: Zapdos\n|-heal|p2a: Zapdos|83\/100\n|-singleturn|p2a: Zapdos|move: Roost\n|move|p1a: Weezing|Shadow Ball|p2a: Zapdos\n|-damage|p2a: Zapdos|48\/100\n|\n|upkeep\n|turn|22\n|\n|t:|1699867230\n|switch|p1a: Walking Wake|Walking Wake|100\/100\n|move|p2a: Zapdos|Roost|p2a: Zapdos\n|-heal|p2a: Zapdos|98\/100\n|-singleturn|p2a: Zapdos|move: Roost\n|\n|upkeep\n|turn|23\n|\n|t:|1699867237\n|move|p1a: Walking Wake|Draco Meteor|p2a: Zapdos\n|-damage|p2a: Zapdos|24\/100\n|-unboost|p1a: Walking Wake|spa|2\n|move|p2a: Zapdos|Thunder Wave|p1a: Walking Wake\n|-status|p1a: Walking Wake|par\n|\n|upkeep\n|turn|24\n|\n|t:|1699867248\n|move|p2a: Zapdos|Roost|p2a: Zapdos\n|-heal|p2a: Zapdos|74\/100\n|-singleturn|p2a: Zapdos|move: Roost\n|move|p1a: Walking Wake|Draco Meteor|p2a: Zapdos\n|-damage|p2a: Zapdos|36\/100\n|-unboost|p1a: Walking Wake|spa|2\n|\n|upkeep\n|turn|25\n|\n|t:|1699867258\n|-end|p1a: Walking Wake|Protosynthesis|[silent]\n|switch|p1a: Weezing|Weezing-Galar, F|47\/100\n|move|p2a: Zapdos|Roost|p2a: Zapdos\n|-heal|p2a: Zapdos|86\/100\n|-singleturn|p2a: Zapdos|move: Roost\n|\n|upkeep\n|turn|26\n|\n|t:|1699867265\n|move|p2a: Zapdos|Hurricane|p1a: Weezing\n|-damage|p1a: Weezing|0 fnt\n|faint|p1a: Weezing\n|\n|upkeep\n|\n|t:|1699867273\n|switch|p1a: Maushold|Maushold|94\/100\n|turn|27\n|j| imSilverLike\n|\n|t:|1699867300\n|move|p1a: Maushold|Tidy Up|p1a: Maushold\n|-boost|p1a: Maushold|atk|1\n|-boost|p1a: Maushold|spe|1\n|move|p2a: Zapdos|Thunder Wave|p1a: Maushold\n|-status|p1a: Maushold|par\n|\n|upkeep\n|turn|28\n|\n|t:|1699867326\n|move|p1a: Maushold|Population Bomb|p2a: Zapdos\n|-damage|p2a: Zapdos|74\/100\n|-damage|p2a: Zapdos|63\/100\n|-damage|p2a: Zapdos|52\/100\n|-damage|p2a: Zapdos|41\/100\n|-damage|p2a: Zapdos|29\/100\n|-damage|p2a: Zapdos|18\/100\n|-damage|p2a: Zapdos|7\/100\n|-damage|p2a: Zapdos|0 fnt\n|faint|p2a: Zapdos\n|-hitcount|p2: Zapdos|8\n|\n|upkeep\n|inactive|Savouras has 120 seconds left.\n|\n|t:|1699867338\n|switch|p2a: Manaphy|Manaphy|77\/100\n|turn|29\n|\n|t:|1699867342\n|move|p2a: Manaphy|Tail Glow|p2a: Manaphy\n|-boost|p2a: Manaphy|spa|3\n|move|p1a: Maushold|Population Bomb|p2a: Manaphy\n|-damage|p2a: Manaphy|62\/100\n|-damage|p2a: Manaphy|47\/100\n|-damage|p2a: Manaphy|30\/100\n|-crit|p2a: Manaphy\n|-damage|p2a: Manaphy|5\/100\n|-damage|p2a: Manaphy|0 fnt\n|faint|p2a: Manaphy\n|-hitcount|p2: Manaphy|5\n|\n|upkeep\n|-message|Savouras forfeited.\n|\n|win|TheLargestOne\n|raw|TheLargestOne's rating: 1721 &rarr; <strong>1744<\/strong><br \/>(+23 for winning)\n|raw|Savouras's rating: 1782 &rarr; <strong>1759<\/strong><br \/>(-23 for losing)\n|l|\u2606Savouras\n|c|\u2606TheLargestOne|gg sav\n|l| jellll\n","uploadtime":1699867374,"views":54,"p1id":"thelargestone","p2id":"savouras","formatid":"gen9ou","rating":1744,"private":0,"password":""}