{"id":"gen9ou-1993092716","p1":"el_racoon_man","p2":"NewGodOfThisWorld","format":"[Gen 9] OU","log":"|j|\u2606el_racoon_man\n|j|\u2606NewGodOfThisWorld\n|t:|1700263881\n|gametype|singles\n|player|p1|el_racoon_man|red|1306\n|player|p2|NewGodOfThisWorld|ghetsis|1310\n|teamsize|p1|6\n|teamsize|p2|6\n|gen|9\n|tier|[Gen 9] OU\n|rated|\n|rule|Sleep Clause Mod: Limit one foe put to sleep\n|rule|Species Clause: Limit one of each Pok\u00e9mon\n|rule|OHKO Clause: OHKO moves are banned\n|rule|Evasion Items Clause: Evasion items are banned\n|rule|Evasion Moves Clause: Evasion moves are banned\n|rule|Endless Battle Clause: Forcing endless battles is banned\n|rule|HP Percentage Mod: HP is shown in percentages\n|clearpoke\n|poke|p1|Iron Hands|\n|poke|p1|Ogerpon-Wellspring, F|\n|poke|p1|Zapdos|\n|poke|p1|Great Tusk|\n|poke|p1|Gholdengo|\n|poke|p1|Heatran, F|\n|poke|p2|Ribombee, F|\n|poke|p2|Gholdengo|\n|poke|p2|Samurott-Hisui, F|\n|poke|p2|Great Tusk|\n|poke|p2|Zapdos|\n|poke|p2|Dragonite, M|\n|teampreview\n|inactive|Battle timer is ON: inactive players will automatically lose when time's up. (requested by el_racoon_man)\n|\n|t:|1700263894\n|start\n|switch|p1a: Heatran|Heatran, F|100\/100\n|switch|p2a: Beeholder|Ribombee, F|100\/100\n|turn|1\n|\n|t:|1700263906\n|move|p2a: Beeholder|Skill Swap|p1a: Heatran\n|-activate|p2a: Beeholder|move: Skill Swap|Flash Fire|Shield Dust|[of] p1a: Heatran\n|move|p1a: Heatran|Magma Storm|p2a: Beeholder\n|-start|p2a: Beeholder|ability: Flash Fire\n|\n|upkeep\n|turn|2\n|c|\u2606NewGodOfThisWorld|thanks for the boost to fire damage\n|c|\u2606el_racoon_man|wow\n|c|\u2606NewGodOfThisWorld|i'll be doing so much fire damage this game\n|c|\u2606el_racoon_man|so many fire moves on ribombee\n|c|\u2606el_racoon_man|omg\n|inactive|el_racoon_man has 120 seconds left.\n|c|\u2606el_racoon_man|LMAO\n|\n|t:|1700263940\n|move|p2a: Beeholder|Sticky Web|p1a: Heatran\n|-sidestart|p1: el_racoon_man|move: Sticky Web\n|move|p1a: Heatran|Flash Cannon|p2a: Beeholder\n|-supereffective|p2a: Beeholder\n|-damage|p2a: Beeholder|2\/100\n|\n|upkeep\n|turn|3\n|\n|t:|1700263947\n|move|p2a: Beeholder|Stun Spore|p1a: Heatran\n|-status|p1a: Heatran|par\n|cant|p1a: Heatran|par\n|\n|upkeep\n|turn|4\n|\n|t:|1700263962\n|move|p2a: Beeholder|Moonblast|p1a: Heatran\n|-resisted|p1a: Heatran\n|-damage|p1a: Heatran|95\/100 par\n|move|p1a: Heatran|Stealth Rock|p2a: Beeholder\n|-sidestart|p2: NewGodOfThisWorld|move: Stealth Rock\n|\n|-heal|p1a: Heatran|100\/100 par|[from] item: Leftovers\n|upkeep\n|turn|5\n|\n|t:|1700263981\n|move|p2a: Beeholder|Moonblast|p1a: Heatran\n|-resisted|p1a: Heatran\n|-damage|p1a: Heatran|95\/100 par\n|move|p1a: Heatran|Flash Cannon|p2a: Beeholder\n|-supereffective|p2a: Beeholder\n|-damage|p2a: Beeholder|0 fnt\n|faint|p2a: Beeholder\n|\n|-heal|p1a: Heatran|100\/100 par|[from] item: Leftovers\n|upkeep\n|\n|t:|1700263990\n|switch|p2a: The Roommate|Great Tusk|100\/100\n|turn|6\n|\n|t:|1700263997\n|switch|p1a: Iron Hands|Iron Hands|100\/100\n|-activate|p1a: Iron Hands|move: Sticky Web\n|-unboost|p1a: Iron Hands|spe|1\n|move|p2a: The Roommate|Rapid Spin|p1a: Iron Hands\n|-damage|p1a: Iron Hands|93\/100\n|-boost|p2a: The Roommate|spe|1\n|-sideend|p2: NewGodOfThisWorld|Stealth Rock|[from] move: Rapid Spin|[of] p2a: The Roommate\n|\n|upkeep\n|turn|7\n|\n|t:|1700264005\n|move|p2a: The Roommate|Headlong Rush|p1a: Iron Hands\n|-supereffective|p1a: Iron Hands\n|-damage|p1a: Iron Hands|30\/100\n|-unboost|p2a: The Roommate|def|1\n|-unboost|p2a: The Roommate|spd|1\n|move|p1a: Iron Hands|Ice Punch|p2a: The Roommate\n|-supereffective|p2a: The Roommate\n|-damage|p2a: The Roommate|42\/100\n|\n|upkeep\n|turn|8\n|\n|t:|1700264019\n|-end|p1a: Iron Hands|Quark Drive|[silent]\n|switch|p1a: Zapdos|Zapdos|100\/100\n|move|p2a: The Roommate|Headlong Rush|p1a: Zapdos\n|-immune|p1a: Zapdos\n|\n|upkeep\n|turn|9\n|c|\u2606NewGodOfThisWorld|you aren't dusknoir\n|c|\u2606el_racoon_man|shhh bro\n|\n|t:|1700264031\n|move|p2a: The Roommate|Knock Off|p1a: Zapdos\n|-damage|p1a: Zapdos|67\/100\n|-status|p2a: The Roommate|par|[from] ability: Static|[of] p1a: Zapdos\n|-enditem|p1a: Zapdos|Heavy-Duty Boots|[from] move: Knock Off|[of] p2a: The Roommate\n|move|p1a: Zapdos|Heat Wave|p2a: The Roommate\n|-damage|p2a: The Roommate|0 fnt\n|faint|p2a: The Roommate\n|-end|p2a: The Roommate|Protosynthesis|[silent]\n|\n|upkeep\n|c|\u2606el_racoon_man|HA\n|\n|t:|1700264040\n|switch|p2a: Drag Queen Neo|Dragonite, M|100\/100\n|turn|10\n|c|\u2606el_racoon_man|i laughed\n|\n|t:|1700264045\n|move|p1a: Zapdos|Discharge|p2a: Drag Queen Neo\n|-damage|p2a: Drag Queen Neo|84\/100\n|-status|p2a: Drag Queen Neo|par\n|move|p2a: Drag Queen Neo|Dragon Dance|p2a: Drag Queen Neo\n|-boost|p2a: Drag Queen Neo|atk|1\n|-boost|p2a: Drag Queen Neo|spe|1\n|\n|upkeep\n|turn|11\n|c|\u2606el_racoon_man|NO FING WAY\n|\n|t:|1700264058\n|move|p1a: Zapdos|Hurricane|p2a: Drag Queen Neo\n|-damage|p2a: Drag Queen Neo|38\/100 par\n|move|p2a: Drag Queen Neo|Ice Spinner|p1a: Zapdos\n|-supereffective|p1a: Zapdos\n|-damage|p1a: Zapdos|0 fnt\n|faint|p1a: Zapdos\n|\n|upkeep\n|c|\u2606NewGodOfThisWorld|who needs speed hwhen you have speed\n|\n|t:|1700264066\n|switch|p1a: Great Tusk|Great Tusk|100\/100\n|-activate|p1a: Great Tusk|move: Sticky Web\n|-unboost|p1a: Great Tusk|spe|1\n|-enditem|p1a: Great Tusk|Booster Energy\n|-activate|p1a: Great Tusk|ability: Protosynthesis|[fromitem]\n|-start|p1a: Great Tusk|protosynthesisatk\n|turn|12\n|c|\u2606el_racoon_man|bro's onto nothing\n|\n|t:|1700264077\n|move|p1a: Great Tusk|Rapid Spin|p2a: Drag Queen Neo\n|-damage|p2a: Drag Queen Neo|15\/100 par\n|-boost|p1a: Great Tusk|spe|1\n|-sideend|p1: el_racoon_man|Sticky Web|[from] move: Rapid Spin|[of] p1a: Great Tusk\n|cant|p2a: Drag Queen Neo|par\n|\n|upkeep\n|turn|13\n|c|\u2606el_racoon_man|AAAAAAAAAAA\n|\n|t:|1700264097\n|cant|p2a: Drag Queen Neo|par\n|move|p1a: Great Tusk|Rapid Spin|p2a: Drag Queen Neo\n|-crit|p2a: Drag Queen Neo\n|-damage|p2a: Drag Queen Neo|0 fnt\n|-boost|p1a: Great Tusk|spe|1\n|faint|p2a: Drag Queen Neo\n|\n|upkeep\n|\n|t:|1700264111\n|switch|p2a: Blunderbird Neo|Zapdos|100\/100\n|turn|14\n|c|\u2606NewGodOfThisWorld|hilarious\n|c|\u2606el_racoon_man|BOTAFOOOGOOO BOTAFOOOOOGOOOO CAMPE\u00c3O\n|\n|t:|1700264126\n|move|p1a: Great Tusk|Ice Spinner|p2a: Blunderbird Neo\n|-supereffective|p2a: Blunderbird Neo\n|-damage|p2a: Blunderbird Neo|16\/100\n|move|p2a: Blunderbird Neo|Hurricane|p1a: Great Tusk\n|-supereffective|p1a: Great Tusk\n|-damage|p1a: Great Tusk|0 fnt\n|faint|p1a: Great Tusk\n|-end|p1a: Great Tusk|Protosynthesis|[silent]\n|\n|upkeep\n|\n|t:|1700264132\n|switch|p1a: Gholdengo|Gholdengo|100\/100\n|turn|15\n|\n|t:|1700264135\n|move|p1a: Gholdengo|Shadow Ball|p2a: Blunderbird Neo\n|-damage|p2a: Blunderbird Neo|0 fnt\n|faint|p2a: Blunderbird Neo\n|\n|upkeep\n|\n|t:|1700264138\n|switch|p2a: Shellout|Samurott-Hisui, F|100\/100\n|turn|16\n|\n|t:|1700264142\n|switch|p1a: Ogerpon|Ogerpon-Wellspring, F|100\/100\n|move|p2a: Shellout|Ceaseless Edge|p1a: Ogerpon\n|-damage|p1a: Ogerpon|39\/100\n|-sidestart|p1: el_racoon_man|Spikes\n|\n|upkeep\n|turn|17\n|\n|t:|1700264148\n|move|p2a: Shellout|Ceaseless Edge|p1a: Ogerpon\n|-damage|p1a: Ogerpon|0 fnt\n|-sidestart|p1: el_racoon_man|Spikes\n|faint|p1a: Ogerpon\n|\n|upkeep\n|\n|t:|1700264153\n|switch|p1a: Iron Hands|Iron Hands|30\/100\n|-damage|p1a: Iron Hands|14\/100|[from] Spikes\n|turn|18\n|\n|t:|1700264158\n|-terastallize|p2a: Shellout|Water\n|move|p2a: Shellout|Ceaseless Edge|p1a: Iron Hands\n|-resisted|p1a: Iron Hands\n|-damage|p1a: Iron Hands|3\/100\n|-sidestart|p1: el_racoon_man|Spikes\n|move|p1a: Iron Hands|Drain Punch|p2a: Shellout\n|-damage|p2a: Shellout|56\/100\n|-heal|p1a: Iron Hands|17\/100|[from] drain|[of] p2a: Shellout\n|\n|upkeep\n|turn|19\n|\n|t:|1700264169\n|switch|p2a: Bling Cheese|Gholdengo|100\/100\n|move|p1a: Iron Hands|Thunder Punch|p2a: Bling Cheese\n|-damage|p2a: Bling Cheese|64\/100\n|\n|upkeep\n|turn|20\n|\n|t:|1700264187\n|move|p2a: Bling Cheese|Shadow Ball|p1a: Iron Hands\n|-damage|p1a: Iron Hands|0 fnt\n|faint|p1a: Iron Hands\n|-end|p1a: Iron Hands|Quark Drive|[silent]\n|\n|upkeep\n|\n|t:|1700264189\n|switch|p1a: Gholdengo|Gholdengo|100\/100\n|-damage|p1a: Gholdengo|76\/100|[from] Spikes\n|turn|21\n|\n|t:|1700264194\n|move|p1a: Gholdengo|Shadow Ball|p2a: Bling Cheese\n|-supereffective|p2a: Bling Cheese\n|-damage|p2a: Bling Cheese|0 fnt\n|faint|p2a: Bling Cheese\n|\n|upkeep\n|\n|t:|1700264198\n|switch|p2a: Shellout|Samurott-Hisui, F, tera:Water|56\/100\n|turn|22\n|\n|t:|1700264203\n|move|p2a: Shellout|Razor Shell|p1a: Gholdengo\n|-damage|p1a: Gholdengo|0 fnt\n|faint|p1a: Gholdengo\n|\n|upkeep\n|\n|t:|1700264206\n|switch|p1a: Heatran|Heatran, F|100\/100 par\n|-damage|p1a: Heatran|76\/100 par|[from] Spikes\n|turn|23\n|c|\u2606NewGodOfThisWorld|you have a 5% chance\n|c|\u2606NewGodOfThisWorld|of getting one more turn\n|c|\u2606NewGodOfThisWorld|use that one more turn well\n|\n|t:|1700264228\n|-terastallize|p1a: Heatran|Grass\n|move|p2a: Shellout|Razor Shell|p1a: Heatran\n|-resisted|p1a: Heatran\n|-damage|p1a: Heatran|48\/100 par\n|-unboost|p1a: Heatran|def|1\n|move|p1a: Heatran|Earth Power|p2a: Shellout\n|-damage|p2a: Shellout|15\/100\n|\n|-heal|p1a: Heatran|55\/100 par|[from] item: Leftovers\n|upkeep\n|turn|24\n|c|\u2606NewGodOfThisWorld|never mind\n|c|\u2606NewGodOfThisWorld|you had a 100% chance\n|c|\u2606el_racoon_man|LMAOOOOO\n|c|\u2606el_racoon_man|IM DYING\n|c|\u2606NewGodOfThisWorld|i forgot you still had tera\n|\n|t:|1700264243\n|move|p2a: Shellout|Razor Shell|p1a: Heatran\n|-resisted|p1a: Heatran\n|-damage|p1a: Heatran|13\/100 par\n|move|p1a: Heatran|Earth Power|p2a: Shellout\n|-damage|p2a: Shellout|0 fnt\n|faint|p2a: Shellout\n|\n|win|el_racoon_man\n|raw|el_racoon_man's rating: 1306 &rarr; <strong>1326<\/strong><br \/>(+20 for winning)\n|raw|NewGodOfThisWorld's rating: 1310 &rarr; <strong>1290<\/strong><br \/>(-20 for losing)\n|c|\u2606el_racoon_man|GGWP tho\n|l|\u2606NewGodOfThisWorld\n|c|\u2606el_racoon_man|<3\n","uploadtime":1700264257,"views":12,"p1id":"elracoonman","p2id":"newgodofthisworld","formatid":"gen9ou","rating":1290,"private":0,"password":""}