{"id":"gen9ou-1991336144","p1":"thisisjake","p2":"littensalt","format":"[Gen 9] OU","log":"|j|\u2606thisisjake\n|j|\u2606littensalt\n|t:|1700068653\n|gametype|singles\n|player|p1|thisisjake|crasherwake|1366\n|player|p2|littensalt|calem|1338\n|teamsize|p1|6\n|teamsize|p2|6\n|gen|9\n|tier|[Gen 9] OU\n|rated|\n|rule|Sleep Clause Mod: Limit one foe put to sleep\n|rule|Species Clause: Limit one of each Pok\u00e9mon\n|rule|OHKO Clause: OHKO moves are banned\n|rule|Evasion Items Clause: Evasion items are banned\n|rule|Evasion Moves Clause: Evasion moves are banned\n|rule|Endless Battle Clause: Forcing endless battles is banned\n|rule|HP Percentage Mod: HP is shown in percentages\n|clearpoke\n|poke|p1|Walking Wake|\n|poke|p1|Cinderace, F|\n|poke|p1|Ninetales, M|\n|poke|p1|Brute Bonnet|\n|poke|p1|Hatterene, F|\n|poke|p1|Great Tusk|\n|poke|p2|Thundurus-Therian, M|\n|poke|p2|Weezing-Galar, F|\n|poke|p2|Cinderace, F|\n|poke|p2|Dragapult, F|\n|poke|p2|Greninja-*, M|\n|poke|p2|Zamazenta-*|\n|teampreview\n|inactive|Battle timer is ON: inactive players will automatically lose when time's up. (requested by thisisjake)\n|\n|t:|1700068659\n|start\n|switch|p1a: Ninetales|Ninetales, M|100\/100\n|switch|p2a: KIDS SEE GHOST|Dragapult, F, shiny|100\/100\n|-weather|SunnyDay|[from] ability: Drought|[of] p1a: Ninetales\n|turn|1\n|inactive|thisisjake has 120 seconds left.\n|\n|t:|1700068716\n|switch|p1a: Brute Bonnet|Brute Bonnet|100\/100\n|-activate|p1a: Brute Bonnet|ability: Protosynthesis\n|-start|p1a: Brute Bonnet|protosynthesisatk\n|move|p2a: KIDS SEE GHOST|Draco Meteor|p1a: Brute Bonnet\n|-damage|p1a: Brute Bonnet|19\/100\n|-unboost|p2a: KIDS SEE GHOST|spa|2\n|\n|-weather|SunnyDay|[upkeep]\n|upkeep\n|turn|2\n|\n|t:|1700068723\n|switch|p2a: wheezy outta here|Weezing-Galar, F, shiny|100\/100\n|-ability|p2a: wheezy outta here|Neutralizing Gas\n|move|p1a: Brute Bonnet|Sucker Punch||[still]\n|-fail|p1a: Brute Bonnet\n|\n|-weather|SunnyDay|[upkeep]\n|upkeep\n|turn|3\n|\n|t:|1700068728\n|move|p1a: Brute Bonnet|Spore|p2a: wheezy outta here\n|-status|p2a: wheezy outta here|slp|[from] move: Spore\n|cant|p2a: wheezy outta here|slp\n|\n|-weather|SunnyDay|[upkeep]\n|upkeep\n|turn|4\n|\n|t:|1700068734\n|-end|p1a: Brute Bonnet|Protosynthesis|[silent]\n|switch|p1a: Hatterene|Hatterene, F|100\/100\n|-curestatus|p2a: wheezy outta here|slp|[msg]\n|move|p2a: wheezy outta here|Strange Steam|p1a: Hatterene|[miss]\n|-miss|p2a: wheezy outta here|p1a: Hatterene\n|\n|-weather|SunnyDay|[upkeep]\n|upkeep\n|turn|5\n|\n|t:|1700068740\n|move|p2a: wheezy outta here|Will-O-Wisp|p1a: Hatterene\n|-status|p1a: Hatterene|brn\n|move|p1a: Hatterene|Psychic|p2a: wheezy outta here\n|-supereffective|p2a: wheezy outta here\n|-damage|p2a: wheezy outta here|0 fnt\n|faint|p2a: wheezy outta here\n|-end|p2a: wheezy outta here|ability: Neutralizing Gas\n|\n|-weather|SunnyDay|[upkeep]\n|-damage|p1a: Hatterene|95\/100 brn|[from] brn\n|upkeep\n|\n|t:|1700068747\n|switch|p2a: KIDS SEE GHOST|Dragapult, F, shiny|100\/100\n|turn|6\n|\n|t:|1700068751\n|switch|p1a: Brute Bonnet|Brute Bonnet|19\/100\n|-activate|p1a: Brute Bonnet|ability: Protosynthesis\n|-start|p1a: Brute Bonnet|protosynthesisatk\n|move|p2a: KIDS SEE GHOST|Shadow Ball|p1a: Brute Bonnet\n|-resisted|p1a: Brute Bonnet\n|-damage|p1a: Brute Bonnet|0 fnt\n|faint|p1a: Brute Bonnet\n|-end|p1a: Brute Bonnet|Protosynthesis|[silent]\n|\n|-weather|SunnyDay|[upkeep]\n|upkeep\n|\n|t:|1700068753\n|switch|p1a: Cinderace|Cinderace, F|100\/100\n|turn|7\n|inactive|thisisjake has 120 seconds left.\n|\n|t:|1700068785\n|switch|p2a: FRANCHISE|Cinderace, F|100\/100\n|move|p1a: Cinderace|Pyro Ball|p2a: FRANCHISE\n|-resisted|p2a: FRANCHISE\n|-damage|p2a: FRANCHISE|39\/100\n|\n|-weather|SunnyDay|[upkeep]\n|upkeep\n|turn|8\n|\n|t:|1700068790\n|move|p2a: FRANCHISE|Sucker Punch|p1a: Cinderace\n|-start|p2a: FRANCHISE|typechange|Dark|[from] ability: Libero\n|-damage|p1a: Cinderace|51\/100\n|move|p1a: Cinderace|Pyro Ball|p2a: FRANCHISE|[miss]\n|-miss|p1a: Cinderace|p2a: FRANCHISE\n|\n|-weather|none\n|upkeep\n|turn|9\n|\n|t:|1700068801\n|switch|p1a: Hatterene|Hatterene, F|95\/100 brn\n|switch|p2a: KIDS SEE GHOST|Dragapult, F, shiny|100\/100\n|\n|-damage|p1a: Hatterene|89\/100 brn|[from] brn\n|upkeep\n|turn|10\n|\n|t:|1700068807\n|-terastallize|p1a: Hatterene|Water\n|move|p2a: KIDS SEE GHOST|Shadow Ball|p1a: Hatterene\n|-damage|p1a: Hatterene|51\/100 brn\n|-enditem|p1a: Hatterene|Eject Button\n|c|\u2606thisisjake|fuck i forgot\n|c|\u2606thisisjake|i clicked nuzzle\n|\n|t:|1700068822\n|switch|p1a: Ninetales|Ninetales, M|100\/100\n|-weather|SunnyDay|[from] ability: Drought|[of] p1a: Ninetales\n|\n|-weather|SunnyDay|[upkeep]\n|upkeep\n|turn|11\n|\n|t:|1700068836\n|switch|p2a: FRANCHISE|Cinderace, F|39\/100\n|switch|p1a: Great Tusk|Great Tusk|100\/100\n|-activate|p1a: Great Tusk|ability: Protosynthesis\n|-start|p1a: Great Tusk|protosynthesisdef\n|\n|-weather|SunnyDay|[upkeep]\n|upkeep\n|turn|12\n|\n|t:|1700068841\n|move|p2a: FRANCHISE|U-turn|p1a: Great Tusk\n|-start|p2a: FRANCHISE|typechange|Bug|[from] ability: Libero\n|-resisted|p1a: Great Tusk\n|-damage|p1a: Great Tusk|92\/100\n|\n|t:|1700068843\n|switch|p2a: 5g|Thundurus-Therian, M, shiny|100\/100|[from] U-turn\n|move|p1a: Great Tusk|Close Combat|p2a: 5g\n|-resisted|p2a: 5g\n|-damage|p2a: 5g|64\/100\n|-unboost|p1a: Great Tusk|def|1\n|-unboost|p1a: Great Tusk|spd|1\n|-enditem|p1a: Great Tusk|Eject Pack\n|\n|t:|1700068849\n|-end|p1a: Great Tusk|Protosynthesis|[silent]\n|switch|p1a: Cinderace|Cinderace, F|51\/100\n|\n|-weather|SunnyDay|[upkeep]\n|upkeep\n|turn|13\n|\n|t:|1700068853\n|switch|p2a: FRANCHISE|Cinderace, F|39\/100\n|move|p1a: Cinderace|Pyro Ball|p2a: FRANCHISE\n|-resisted|p2a: FRANCHISE\n|-damage|p2a: FRANCHISE|0 fnt\n|faint|p2a: FRANCHISE\n|\n|-weather|SunnyDay|[upkeep]\n|upkeep\n|\n|t:|1700068862\n|switch|p2a: KIDS SEE GHOST|Dragapult, F, shiny|100\/100\n|turn|14\n|\n|t:|1700068866\n|move|p1a: Cinderace|Pyro Ball|p2a: KIDS SEE GHOST\n|-resisted|p2a: KIDS SEE GHOST\n|-damage|p2a: KIDS SEE GHOST|42\/100\n|move|p2a: KIDS SEE GHOST|Draco Meteor|p1a: Cinderace\n|-damage|p1a: Cinderace|0 fnt\n|-unboost|p2a: KIDS SEE GHOST|spa|2\n|faint|p1a: Cinderace\n|\n|-weather|SunnyDay|[upkeep]\n|upkeep\n|\n|t:|1700068873\n|switch|p1a: Great Tusk|Great Tusk|92\/100\n|-activate|p1a: Great Tusk|ability: Protosynthesis\n|-start|p1a: Great Tusk|protosynthesisdef\n|turn|15\n|\n|t:|1700068877\n|switch|p2a: N95|Greninja, M|100\/100\n|move|p1a: Great Tusk|Ice Spinner|p2a: N95\n|-resisted|p2a: N95\n|-damage|p2a: N95|80\/100\n|\n|-weather|SunnyDay|[upkeep]\n|upkeep\n|turn|16\n|\n|t:|1700068881\n|move|p2a: N95|Grass Knot|p1a: Great Tusk\n|-supereffective|p1a: Great Tusk\n|-crit|p1a: Great Tusk\n|-damage|p1a: Great Tusk|0 fnt\n|faint|p1a: Great Tusk\n|-end|p1a: Great Tusk|Protosynthesis|[silent]\n|-ability|p2a: N95|Battle Bond|boost\n|-boost|p2a: N95|atk|1\n|-boost|p2a: N95|spa|1\n|-boost|p2a: N95|spe|1\n|-activate|p2a: N95|ability: Battle Bond\n|-damage|p2a: N95|70\/100|[from] item: Life Orb\n|\n|-weather|SunnyDay|[upkeep]\n|upkeep\n|\n|t:|1700068885\n|switch|p1a: Walking Wake|Walking Wake|100\/100\n|-activate|p1a: Walking Wake|ability: Protosynthesis\n|-start|p1a: Walking Wake|protosynthesisspa\n|turn|17\n|\n|t:|1700068893\n|move|p2a: N95|Dark Pulse|p1a: Walking Wake\n|-damage|p1a: Walking Wake|18\/100\n|-damage|p2a: N95|60\/100|[from] item: Life Orb\n|move|p1a: Walking Wake|Draco Meteor|p2a: N95\n|-damage|p2a: N95|0 fnt\n|-unboost|p1a: Walking Wake|spa|2\n|faint|p2a: N95\n|\n|-weather|none\n|-end|p1a: Walking Wake|Protosynthesis\n|upkeep\n|\n|t:|1700068907\n|switch|p2a: 5g|Thundurus-Therian, M, shiny|64\/100\n|turn|18\n|\n|t:|1700068929\n|-end|p1a: Walking Wake|Protosynthesis|[silent]\n|switch|p1a: Hatterene|Hatterene, F, tera:Water|51\/100 brn\n|move|p2a: 5g|Volt Switch|p1a: Hatterene\n|-supereffective|p1a: Hatterene\n|-damage|p1a: Hatterene|0 fnt\n|faint|p1a: Hatterene\n|\n|t:|1700068937\n|switch|p2a: KIDS SEE GHOST|Dragapult, F, shiny|42\/100|[from] Volt Switch\n|\n|upkeep\n|\n|t:|1700068939\n|switch|p1a: Ninetales|Ninetales, M|100\/100\n|-weather|SunnyDay|[from] ability: Drought|[of] p1a: Ninetales\n|turn|19\n|\n|t:|1700068944\n|move|p2a: KIDS SEE GHOST|Draco Meteor|p1a: Ninetales\n|-damage|p1a: Ninetales|16\/100\n|-unboost|p2a: KIDS SEE GHOST|spa|2\n|move|p1a: Ninetales|Healing Wish|p1a: Ninetales\n|faint|p1a: Ninetales\n|\n|-weather|SunnyDay|[upkeep]\n|upkeep\n|\n|t:|1700068950\n|switch|p1a: Walking Wake|Walking Wake|18\/100\n|-heal|p1a: Walking Wake|100\/100|[from] move: Healing Wish\n|-activate|p1a: Walking Wake|ability: Protosynthesis\n|-start|p1a: Walking Wake|protosynthesisspa\n|turn|20\n|\n|t:|1700068956\n|move|p2a: KIDS SEE GHOST|Draco Meteor|p1a: Walking Wake\n|-supereffective|p1a: Walking Wake\n|-damage|p1a: Walking Wake|1\/100\n|-unboost|p2a: KIDS SEE GHOST|spa|2\n|move|p1a: Walking Wake|Hydro Steam|p2a: KIDS SEE GHOST\n|-resisted|p2a: KIDS SEE GHOST\n|-damage|p2a: KIDS SEE GHOST|0 fnt\n|faint|p2a: KIDS SEE GHOST\n|\n|-weather|SunnyDay|[upkeep]\n|upkeep\n|\n|t:|1700068965\n|switch|p2a: november|Zamazenta|100\/100\n|-ability|p2a: november|Dauntless Shield|boost\n|-boost|p2a: november|def|1\n|turn|21\n|\n|t:|1700068968\n|move|p2a: november|Body Press|p1a: Walking Wake\n|-damage|p1a: Walking Wake|0 fnt\n|faint|p1a: Walking Wake\n|-end|p1a: Walking Wake|Protosynthesis|[silent]\n|\n|win|littensalt\n|raw|thisisjake's rating: 1366 &rarr; <strong>1344<\/strong><br \/>(-22 for losing)\n|raw|littensalt's rating: 1338 &rarr; <strong>1360<\/strong><br \/>(+22 for winning)\n|l|\u2606thisisjake\n|c|\u2606littensalt|ggwp\n","uploadtime":1700068978,"views":7,"p1id":"thisisjake","p2id":"littensalt","formatid":"gen9ou","rating":1344,"private":0,"password":""}