{"id":"gen9ou-1988508354","p1":"atod","p2":"Hoot-hoot Shiny","format":"[Gen 9] OU","log":"|j|\u2606atod\n|j|\u2606Hoot-hoot Shiny\n|t:|1699730447\n|gametype|singles\n|player|p1|atod|norman|1530\n|player|p2|Hoot-hoot Shiny|burglar|1626\n|teamsize|p1|6\n|teamsize|p2|6\n|gen|9\n|tier|[Gen 9] OU\n|rated|\n|rule|Sleep Clause Mod: Limit one foe put to sleep\n|rule|Species Clause: Limit one of each Pok\u00e9mon\n|rule|OHKO Clause: OHKO moves are banned\n|rule|Evasion Items Clause: Evasion items are banned\n|rule|Evasion Moves Clause: Evasion moves are banned\n|rule|Endless Battle Clause: Forcing endless battles is banned\n|rule|HP Percentage Mod: HP is shown in percentages\n|clearpoke\n|poke|p1|Great Tusk|\n|poke|p1|Kingambit, F|\n|poke|p1|Clodsire, F|\n|poke|p1|Dragapult, F|\n|poke|p1|Gholdengo|\n|poke|p1|Maushold-Four|\n|poke|p2|Rotom-Wash|\n|poke|p2|Dragonite, F|\n|poke|p2|Garchomp, F|\n|poke|p2|Tyranitar, F|\n|poke|p2|Kingambit, M|\n|poke|p2|Iron Valiant|\n|teampreview\n|inactive|Battle timer is ON: inactive players will automatically lose when time's up. (requested by atod)\n|\n|t:|1699730453\n|start\n|switch|p1a: I Mafiosi|Maushold-Four|100\/100\n|switch|p2a: Tyranitar|Tyranitar, F|100\/100\n|-weather|Sandstorm|[from] ability: Sand Stream|[of] p2a: Tyranitar\n|turn|1\n|\n|t:|1699730459\n|switch|p1a: Joey \"Bats\"|Great Tusk|100\/100\n|switch|p2a: Garchomp|Garchomp, F|100\/100\n|\n|-weather|Sandstorm|[upkeep]\n|upkeep\n|turn|2\n|\n|t:|1699730464\n|-terastallize|p2a: Garchomp|Dragon\n|move|p2a: Garchomp|Draco Meteor|p1a: Joey \"Bats\"\n|-damage|p1a: Joey \"Bats\"|28\/100\n|-unboost|p2a: Garchomp|spa|2\n|move|p1a: Joey \"Bats\"|Stealth Rock|p2a: Garchomp\n|-sidestart|p2: Hoot-hoot Shiny|move: Stealth Rock\n|\n|-weather|Sandstorm|[upkeep]\n|-damage|p2a: Garchomp|94\/100|[from] Sandstorm\n|-heal|p1a: Joey \"Bats\"|34\/100|[from] item: Leftovers\n|upkeep\n|turn|3\n|\n|t:|1699730470\n|move|p2a: Garchomp|Stealth Rock|p1a: Joey \"Bats\"\n|-sidestart|p1: atod|move: Stealth Rock\n|move|p1a: Joey \"Bats\"|Knock Off|p2a: Garchomp\n|-damage|p2a: Garchomp|77\/100\n|-damage|p1a: Joey \"Bats\"|22\/100|[from] ability: Rough Skin|[of] p2a: Garchomp\n|-damage|p1a: Joey \"Bats\"|5\/100|[from] item: Rocky Helmet|[of] p2a: Garchomp\n|-enditem|p2a: Garchomp|Rocky Helmet|[from] move: Knock Off|[of] p1a: Joey \"Bats\"\n|\n|-weather|Sandstorm|[upkeep]\n|-damage|p2a: Garchomp|71\/100|[from] Sandstorm\n|-heal|p1a: Joey \"Bats\"|12\/100|[from] item: Leftovers\n|upkeep\n|turn|4\n|\n|t:|1699730476\n|move|p2a: Garchomp|Earth Power|p1a: Joey \"Bats\"\n|-damage|p1a: Joey \"Bats\"|0 fnt\n|faint|p1a: Joey \"Bats\"\n|-end|p1a: Joey \"Bats\"|Protosynthesis|[silent]\n|\n|-weather|Sandstorm|[upkeep]\n|-damage|p2a: Garchomp|65\/100|[from] Sandstorm\n|upkeep\n|\n|t:|1699730483\n|switch|p1a: I Mafiosi|Maushold-Four|100\/100\n|-damage|p1a: I Mafiosi|88\/100|[from] Stealth Rock\n|turn|5\n|\n|t:|1699730488\n|move|p1a: I Mafiosi|Tidy Up|p1a: I Mafiosi\n|-sideend|p1: atod|Stealth Rock\n|-sideend|p2: Hoot-hoot Shiny|Stealth Rock\n|-activate|p1a: I Mafiosi|move: Tidy Up\n|-boost|p1a: I Mafiosi|atk|1\n|-boost|p1a: I Mafiosi|spe|1\n|move|p2a: Garchomp|Dragon Tail|p1a: I Mafiosi\n|-damage|p1a: I Mafiosi|40\/100\n|drag|p1a: Carmine \"Cuts\"|Dragapult, F|100\/100\n|\n|-weather|none\n|upkeep\n|turn|6\n|\n|t:|1699730496\n|switch|p2a: Tyranitar|Tyranitar, F|100\/100\n|-weather|Sandstorm|[from] ability: Sand Stream|[of] p2a: Tyranitar\n|move|p1a: Carmine \"Cuts\"|Flamethrower|p2a: Tyranitar\n|-resisted|p2a: Tyranitar\n|-damage|p2a: Tyranitar|91\/100\n|\n|-weather|Sandstorm|[upkeep]\n|-damage|p1a: Carmine \"Cuts\"|95\/100|[from] Sandstorm\n|upkeep\n|turn|7\n|\n|t:|1699730500\n|switch|p1a: Mario \"Money Bags\"|Kingambit, F|100\/100\n|-activate|p1a: Mario \"Money Bags\"|ability: Supreme Overlord\n|-start|p1a: Mario \"Money Bags\"|fallen1|[silent]\n|-item|p1a: Mario \"Money Bags\"|Air Balloon\n|move|p2a: Tyranitar|Knock Off|p1a: Mario \"Money Bags\"\n|-resisted|p1a: Mario \"Money Bags\"\n|-damage|p1a: Mario \"Money Bags\"|83\/100\n|-enditem|p1a: Mario \"Money Bags\"|Air Balloon\n|\n|-weather|Sandstorm|[upkeep]\n|upkeep\n|turn|8\n|\n|t:|1699730504\n|move|p2a: Tyranitar|Low Kick|p1a: Mario \"Money Bags\"\n|-supereffective|p1a: Mario \"Money Bags\"\n|-damage|p1a: Mario \"Money Bags\"|0 fnt\n|faint|p1a: Mario \"Money Bags\"\n|-end|p1a: Mario \"Money Bags\"|fallen1|[silent]\n|\n|-weather|Sandstorm|[upkeep]\n|upkeep\n|\n|t:|1699730510\n|switch|p1a: Frankie \"Eyes\"|Gholdengo|100\/100\n|turn|9\n|\n|t:|1699730512\n|move|p1a: Frankie \"Eyes\"|Make It Rain|p2a: Tyranitar\n|-supereffective|p2a: Tyranitar\n|-damage|p2a: Tyranitar|38\/100\n|-unboost|p1a: Frankie \"Eyes\"|spa|1\n|move|p2a: Tyranitar|Knock Off|p1a: Frankie \"Eyes\"\n|-supereffective|p1a: Frankie \"Eyes\"\n|-damage|p1a: Frankie \"Eyes\"|0 fnt\n|-enditem|p1a: Frankie \"Eyes\"|Choice Scarf|[from] move: Knock Off|[of] p2a: Tyranitar\n|faint|p1a: Frankie \"Eyes\"\n|\n|-weather|Sandstorm|[upkeep]\n|upkeep\n|\n|t:|1699730520\n|switch|p1a: I Mafiosi|Maushold-Four|40\/100\n|turn|10\n|\n|t:|1699730522\n|switch|p2a: Garchomp|Garchomp, F, tera:Dragon|65\/100\n|-terastallize|p1a: I Mafiosi|Normal\n|move|p1a: I Mafiosi|Population Bomb|p2a: Garchomp\n|-damage|p2a: Garchomp|55\/100\n|-damage|p1a: I Mafiosi|27\/100|[from] ability: Rough Skin|[of] p2a: Garchomp\n|-damage|p2a: Garchomp|45\/100\n|-damage|p1a: I Mafiosi|15\/100|[from] ability: Rough Skin|[of] p2a: Garchomp\n|-damage|p2a: Garchomp|35\/100\n|-damage|p1a: I Mafiosi|3\/100|[from] ability: Rough Skin|[of] p2a: Garchomp\n|-damage|p2a: Garchomp|25\/100\n|-damage|p1a: I Mafiosi|0 fnt|[from] ability: Rough Skin|[of] p2a: Garchomp\n|faint|p1a: I Mafiosi\n|-hitcount|p2a: Garchomp|4\n|\n|-weather|none\n|upkeep\n|\n|t:|1699730528\n|switch|p1a: Carmine \"Cuts\"|Dragapult, F|95\/100\n|turn|11\n|\n|t:|1699730531\n|switch|p2a: Kingambit|Kingambit, M|100\/100\n|move|p1a: Carmine \"Cuts\"|Shadow Ball|p2a: Kingambit\n|-resisted|p2a: Kingambit\n|-damage|p2a: Kingambit|78\/100\n|\n|upkeep\n|turn|12\n|-message|atod forfeited.\n|\n|win|Hoot-hoot Shiny\n|raw|atod's rating: 1530 &rarr; <strong>1515<\/strong><br \/>(-15 for losing)\n|raw|Hoot-hoot Shiny's rating: 1626 &rarr; <strong>1641<\/strong><br \/>(+15 for winning)\n|l|\u2606atod\n","uploadtime":1699730557,"views":30,"p1id":"atod","p2id":"hoothootshiny","formatid":"gen9ou","rating":1515,"private":0,"password":""}