{"id":"gen9ou-1994117332","p1":"Shammoo Shaman","p2":"DooT241","format":"[Gen 9] OU","log":"|j|\u2606Shammoo Shaman\n|j|\u2606DooT241\n|t:|1700408920\n|gametype|singles\n|player|p1|Shammoo Shaman|2|\n|player|p2|DooT241|roxie|\n|teamsize|p1|6\n|teamsize|p2|6\n|gen|9\n|tier|[Gen 9] OU\n|rule|Sleep Clause Mod: Limit one foe put to sleep\n|rule|Species Clause: Limit one of each Pok\u00e9mon\n|rule|OHKO Clause: OHKO moves are banned\n|rule|Evasion Items Clause: Evasion items are banned\n|rule|Evasion Moves Clause: Evasion moves are banned\n|rule|Endless Battle Clause: Forcing endless battles is banned\n|rule|HP Percentage Mod: HP is shown in percentages\n|clearpoke\n|poke|p1|Glimmora, F|\n|poke|p1|Iron Moth|\n|poke|p1|Ogerpon-Cornerstone, F|\n|poke|p1|Samurott-Hisui, F|\n|poke|p1|Sinistcha-Masterpiece|\n|poke|p1|Houndstone, F|\n|poke|p2|Tyranitar, F|\n|poke|p2|Rotom-Wash|\n|poke|p2|Arcanine-Hisui, M|\n|poke|p2|Brambleghast, F|\n|poke|p2|Goodra-Hisui, M|\n|poke|p2|Kilowattrel, M|\n|teampreview\n|\n|t:|1700408934\n|start\n|switch|p1a: Samurott|Samurott-Hisui, F|100\/100\n|switch|p2a: Kilowattrel|Kilowattrel, M|100\/100\n|turn|1\n|\n|t:|1700408956\n|switch|p1a: Sinistcha|Sinistcha-Masterpiece|100\/100\n|move|p2a: Kilowattrel|Volt Switch|p1a: Sinistcha\n|-resisted|p1a: Sinistcha\n|-damage|p1a: Sinistcha|83\/100\n|\n|t:|1700408964\n|switch|p2a: Brambleghast|Brambleghast, F|100\/100|[from] Volt Switch\n|\n|-heal|p1a: Sinistcha|89\/100|[from] item: Leftovers\n|upkeep\n|turn|2\n|\n|t:|1700408982\n|switch|p1a: Samurott|Samurott-Hisui, F|100\/100\n|move|p2a: Brambleghast|Poltergeist|p1a: Samurott\n|-activate|p1a: Samurott|move: Poltergeist|Focus Sash\n|-resisted|p1a: Samurott\n|-crit|p1a: Samurott\n|-damage|p1a: Samurott|60\/100\n|\n|upkeep\n|turn|3\n|c|\u2606Shammoo Shaman|Dude wtf\n|c|\u2606Shammoo Shaman|U and ur crits\n|\n|t:|1700408999\n|move|p2a: Brambleghast|Power Whip|p1a: Samurott\n|-supereffective|p1a: Samurott\n|-damage|p1a: Samurott|0 fnt\n|faint|p1a: Samurott\n|\n|upkeep\n|c|\u2606DooT241|luck be on my side ig\n|c|\u2606Shammoo Shaman|No fucking kidding\n|\n|t:|1700409012\n|switch|p1a: Iron Moth|Iron Moth|100\/100\n|turn|4\n|\n|t:|1700409019\n|switch|p2a: Goodra|Goodra-Hisui, M|100\/100\n|move|p1a: Iron Moth|Fiery Dance|p2a: Goodra\n|-damage|p2a: Goodra|76\/100\n|-boost|p1a: Iron Moth|spa|1\n|\n|-heal|p2a: Goodra|82\/100|[from] item: Leftovers\n|upkeep\n|turn|5\n|\n|t:|1700409035\n|-terastallize|p1a: Iron Moth|Grass\n|move|p1a: Iron Moth|Fiery Dance|p2a: Goodra\n|-damage|p2a: Goodra|49\/100\n|move|p2a: Goodra|Surf|p1a: Iron Moth\n|-resisted|p1a: Iron Moth\n|-damage|p1a: Iron Moth|89\/100\n|\n|-heal|p2a: Goodra|55\/100|[from] item: Leftovers\n|upkeep\n|turn|6\n|\n|t:|1700409054\n|move|p1a: Iron Moth|Fiery Dance|p2a: Goodra\n|-damage|p2a: Goodra|21\/100\n|move|p2a: Goodra|Heavy Slam|p1a: Iron Moth\n|-damage|p1a: Iron Moth|21\/100\n|\n|-heal|p2a: Goodra|27\/100|[from] item: Leftovers\n|upkeep\n|turn|7\n|\n|t:|1700409063\n|switch|p2a: Rotom|Rotom-Wash|100\/100\n|move|p1a: Iron Moth|Fiery Dance|p2a: Rotom\n|-resisted|p2a: Rotom\n|-damage|p2a: Rotom|67\/100\n|\n|upkeep\n|turn|8\n|\n|t:|1700409075\n|move|p2a: Rotom|Volt Switch|p1a: Iron Moth\n|-resisted|p1a: Iron Moth\n|-damage|p1a: Iron Moth|8\/100\n|\n|t:|1700409078\n|switch|p2a: Goodra|Goodra-Hisui, M|27\/100|[from] Volt Switch\n|move|p1a: Iron Moth|Energy Ball|p2a: Goodra\n|-ability|p2a: Goodra|Sap Sipper|boost\n|-boost|p2a: Goodra|atk|1\n|\n|-heal|p2a: Goodra|33\/100|[from] item: Leftovers\n|upkeep\n|turn|9\n|\n|t:|1700409101\n|switch|p2a: Arcanine|Arcanine-Hisui, M|100\/100\n|move|p1a: Iron Moth|Fiery Dance|p2a: Arcanine\n|-resisted|p2a: Arcanine\n|-damage|p2a: Arcanine|79\/100\n|\n|upkeep\n|turn|10\n|\n|t:|1700409111\n|move|p2a: Arcanine|Extreme Speed|p1a: Iron Moth\n|-damage|p1a: Iron Moth|0 fnt\n|faint|p1a: Iron Moth\n|-end|p1a: Iron Moth|Quark Drive|[silent]\n|\n|upkeep\n|\n|t:|1700409119\n|switch|p1a: Sinistcha|Sinistcha-Masterpiece|89\/100\n|turn|11\n|\n|t:|1700409124\n|switch|p2a: Goodra|Goodra-Hisui, M|33\/100\n|move|p1a: Sinistcha|Matcha Gotcha|p2a: Goodra\n|-ability|p2a: Goodra|Sap Sipper|boost\n|-boost|p2a: Goodra|atk|1\n|\n|-heal|p1a: Sinistcha|95\/100|[from] item: Leftovers\n|-heal|p2a: Goodra|39\/100|[from] item: Leftovers\n|upkeep\n|turn|12\n|c|\u2606Shammoo Shaman|Its so joever for me dude\n|\n|t:|1700409135\n|switch|p2a: Kilowattrel|Kilowattrel, M|100\/100\n|move|p1a: Sinistcha|Calm Mind|p1a: Sinistcha\n|-boost|p1a: Sinistcha|spa|1\n|-boost|p1a: Sinistcha|spd|1\n|\n|-heal|p1a: Sinistcha|100\/100|[from] item: Leftovers\n|upkeep\n|turn|13\n|\n|t:|1700409146\n|move|p2a: Kilowattrel|Thunder Wave|p1a: Sinistcha\n|-status|p1a: Sinistcha|par\n|move|p1a: Sinistcha|Matcha Gotcha|p2a: Kilowattrel\n|-resisted|p2a: Kilowattrel\n|-damage|p2a: Kilowattrel|53\/100\n|\n|upkeep\n|turn|14\n|\n|t:|1700409153\n|move|p2a: Kilowattrel|Air Slash|p1a: Sinistcha\n|-supereffective|p1a: Sinistcha\n|-damage|p1a: Sinistcha|48\/100 par\n|cant|p1a: Sinistcha|flinch\n|\n|-heal|p1a: Sinistcha|54\/100 par|[from] item: Leftovers\n|upkeep\n|turn|15\n|\n|t:|1700409160\n|move|p2a: Kilowattrel|Air Slash|p1a: Sinistcha\n|-supereffective|p1a: Sinistcha\n|-damage|p1a: Sinistcha|0 fnt\n|faint|p1a: Sinistcha\n|\n|upkeep\n|\n|t:|1700409167\n|switch|p1a: Glimmora|Glimmora, F|100\/100\n|turn|16\n|\n|t:|1700409176\n|switch|p2a: Goodra|Goodra-Hisui, M|39\/100\n|move|p1a: Glimmora|Sludge Wave|p2a: Goodra\n|-immune|p2a: Goodra\n|\n|-heal|p2a: Goodra|45\/100|[from] item: Leftovers\n|upkeep\n|turn|17\n|c|\u2606Shammoo Shaman|Im so done\n|c|\u2606Shammoo Shaman|For\n|c|\u2606DooT241|lol\n|\n|t:|1700409190\n|switch|p1a: Houndstone|Houndstone, F|100\/100\n|move|p2a: Goodra|Surf|p1a: Houndstone\n|-damage|p1a: Houndstone|79\/100\n|\n|-heal|p2a: Goodra|51\/100|[from] item: Leftovers\n|upkeep\n|turn|18\n|\n|t:|1700409198\n|switch|p2a: Arcanine|Arcanine-Hisui, M|79\/100\n|move|p1a: Houndstone|Will-O-Wisp|p2a: Arcanine\n|-immune|p2a: Arcanine\n|\n|upkeep\n|turn|19\n|\n|t:|1700409207\n|-terastallize|p2a: Arcanine|Fire\n|move|p2a: Arcanine|Flare Blitz|p1a: Houndstone\n|-damage|p1a: Houndstone|21\/100\n|-damage|p2a: Arcanine|63\/100|[from] item: Rocky Helmet|[of] p1a: Houndstone\n|move|p1a: Houndstone|Sunny Day|p1a: Houndstone\n|-weather|SunnyDay\n|\n|-weather|SunnyDay|[upkeep]\n|upkeep\n|turn|20\n|\n|t:|1700409216\n|move|p1a: Houndstone|Shadow Sneak|p2a: Arcanine\n|-damage|p2a: Arcanine|44\/100\n|move|p2a: Arcanine|Flare Blitz|p1a: Houndstone\n|-damage|p1a: Houndstone|0 fnt\n|-damage|p2a: Arcanine|28\/100|[from] item: Rocky Helmet|[of] p1a: Houndstone\n|faint|p1a: Houndstone\n|\n|-weather|SunnyDay|[upkeep]\n|upkeep\n|\n|t:|1700409224\n|switch|p1a: Glimmora|Glimmora, F|100\/100\n|turn|21\n|\n|t:|1700409233\n|move|p2a: Arcanine|Flare Blitz|p1a: Glimmora\n|-resisted|p1a: Glimmora\n|-damage|p1a: Glimmora|29\/100\n|move|p1a: Glimmora|Stealth Rock|p2a: Arcanine\n|-sidestart|p2: DooT241|move: Stealth Rock\n|\n|-weather|SunnyDay|[upkeep]\n|upkeep\n|turn|22\n|c|\u2606Shammoo Shaman|Lol\n|\n|t:|1700409240\n|move|p2a: Arcanine|Flare Blitz|p1a: Glimmora\n|-resisted|p1a: Glimmora\n|-damage|p1a: Glimmora|0 fnt\n|faint|p1a: Glimmora\n|\n|-weather|SunnyDay|[upkeep]\n|upkeep\n|c|\u2606DooT241|f\n|\n|t:|1700409245\n|switch|p1a: Ogerpon|Ogerpon-Cornerstone, F|100\/100\n|turn|23\n|\n|t:|1700409252\n|move|p2a: Arcanine|Flare Blitz|p1a: Ogerpon\n|-ability|p1a: Ogerpon|Sturdy\n|-damage|p1a: Ogerpon|1\/100\n|move|p1a: Ogerpon|Ivy Cudgel|p2a: Arcanine|[anim] Ivy Cudgel Rock\n|-supereffective|p2a: Arcanine\n|-damage|p2a: Arcanine|0 fnt\n|faint|p2a: Arcanine\n|\n|-weather|none\n|upkeep\n|\n|t:|1700409261\n|switch|p2a: Rotom|Rotom-Wash|67\/100\n|-damage|p2a: Rotom|55\/100|[from] Stealth Rock\n|turn|24\n|\n|t:|1700409265\n|move|p2a: Rotom|Volt Switch|p1a: Ogerpon\n|-resisted|p1a: Ogerpon\n|-damage|p1a: Ogerpon|0 fnt\n|faint|p1a: Ogerpon\n|\n|win|DooT241\n|c|\u2606DooT241|gg\n|c|\u2606DooT241|wait\n|c|\u2606DooT241|did you get replays\n","uploadtime":1700409279,"views":8,"p1id":"shammooshaman","p2id":"doot241","formatid":"gen9ou","rating":0,"private":0,"password":""}