{"id":"gen9ou-1989700175","p1":"Saimasseuh v10","p2":"Aggron","format":"[Gen 9] OU","log":"|j|\u2606Saimasseuh v10\n|j|\u2606Aggron\n|t:|1699888119\n|gametype|singles\n|player|p1|Saimasseuh v10|102|1928\n|player|p2|Aggron|pokefan-gen4|1808\n|teamsize|p1|6\n|teamsize|p2|6\n|gen|9\n|tier|[Gen 9] OU\n|rated|\n|rule|Sleep Clause Mod: Limit one foe put to sleep\n|rule|Species Clause: Limit one of each Pok\u00e9mon\n|rule|OHKO Clause: OHKO moves are banned\n|rule|Evasion Items Clause: Evasion items are banned\n|rule|Evasion Moves Clause: Evasion moves are banned\n|rule|Endless Battle Clause: Forcing endless battles is banned\n|rule|HP Percentage Mod: HP is shown in percentages\n|clearpoke\n|poke|p1|Ting-Lu|\n|poke|p1|Iron Valiant|\n|poke|p1|Clodsire, F|\n|poke|p1|Dragonite, M|\n|poke|p1|Gholdengo|\n|poke|p1|Great Tusk|\n|poke|p2|Sinistcha-Masterpiece|\n|poke|p2|Tyranitar, F|\n|poke|p2|Heatran, F|\n|poke|p2|Rillaboom, F|\n|poke|p2|Sneasler, F|\n|poke|p2|Samurott-Hisui, F|\n|teampreview\n|inactive|Battle timer is ON: inactive players will automatically lose when time's up. (requested by Aggron)\n|inactive|Saimasseuh v10 also wants the timer to be on.\n|inactive|Aggron has 120 seconds left.\n|\n|t:|1699888159\n|start\n|switch|p1a: Iron Valiant|Iron Valiant|100\/100\n|switch|p2a: Sneasler|Sneasler, F|100\/100\n|turn|1\n|\n|t:|1699888167\n|-end|p1a: Iron Valiant|Quark Drive|[silent]\n|switch|p1a: Gholdengo|Gholdengo|100\/100\n|move|p2a: Sneasler|U-turn|p1a: Gholdengo\n|-resisted|p1a: Gholdengo\n|-damage|p1a: Gholdengo|94\/100\n|j| Sviqma\n|\n|t:|1699888176\n|switch|p2a: Samurott|Samurott-Hisui, F|100\/100|[from] U-turn\n|\n|upkeep\n|turn|2\n|\n|t:|1699888180\n|switch|p1a: Iron Valiant|Iron Valiant|100\/100\n|move|p2a: Samurott|Ceaseless Edge|p1a: Iron Valiant\n|-resisted|p1a: Iron Valiant\n|-damage|p1a: Iron Valiant|86\/100\n|-sidestart|p1: Saimasseuh v10|Spikes\n|\n|upkeep\n|turn|3\n|\n|t:|1699888184\n|switch|p2a: Heatran|Heatran, F|100\/100\n|-item|p2a: Heatran|Air Balloon\n|move|p1a: Iron Valiant|Focus Blast|p2a: Heatran\n|-supereffective|p2a: Heatran\n|-damage|p2a: Heatran|0 fnt\n|-enditem|p2a: Heatran|Air Balloon\n|faint|p2a: Heatran\n|\n|upkeep\n|\n|t:|1699888196\n|switch|p2a: Sneasler|Sneasler, F|100\/100\n|turn|4\n|\n|t:|1699888206\n|-end|p1a: Iron Valiant|Quark Drive|[silent]\n|switch|p1a: Gholdengo|Gholdengo|94\/100\n|-damage|p1a: Gholdengo|82\/100|[from] Spikes\n|move|p2a: Sneasler|U-turn|p1a: Gholdengo\n|-resisted|p1a: Gholdengo\n|-damage|p1a: Gholdengo|77\/100\n|\n|t:|1699888210\n|switch|p2a: Samurott|Samurott-Hisui, F|100\/100|[from] U-turn\n|\n|upkeep\n|turn|5\n|\n|t:|1699888215\n|switch|p1a: Iron Valiant|Iron Valiant|86\/100\n|-damage|p1a: Iron Valiant|73\/100|[from] Spikes\n|move|p2a: Samurott|Razor Shell|p1a: Iron Valiant\n|-damage|p1a: Iron Valiant|12\/100\n|-unboost|p1a: Iron Valiant|def|1\n|\n|upkeep\n|turn|6\n|\n|t:|1699888219\n|-end|p1a: Iron Valiant|Quark Drive|[silent]\n|switch|p1a: Clodsire|Clodsire, F|100\/100\n|-damage|p1a: Clodsire|88\/100|[from] Spikes\n|move|p2a: Samurott|Sucker Punch||[still]\n|-fail|p2a: Samurott\n|\n|-heal|p1a: Clodsire|94\/100|[from] item: Black Sludge\n|upkeep\n|turn|7\n|\n|t:|1699888237\n|move|p2a: Samurott|Ceaseless Edge|p1a: Clodsire|[miss]\n|-miss|p2a: Samurott|p1a: Clodsire\n|move|p1a: Clodsire|Poison Jab|p2a: Samurott\n|-damage|p2a: Samurott|73\/100\n|\n|-heal|p1a: Clodsire|100\/100|[from] item: Black Sludge\n|upkeep\n|turn|8\n|j| Birkenstock\n|\n|t:|1699888251\n|switch|p2a: Tyranitar|Tyranitar, F|100\/100\n|-weather|Sandstorm|[from] ability: Sand Stream|[of] p2a: Tyranitar\n|move|p1a: Clodsire|Earthquake|p2a: Tyranitar\n|-supereffective|p2a: Tyranitar\n|-damage|p2a: Tyranitar|59\/100\n|\n|-weather|Sandstorm|[upkeep]\n|upkeep\n|turn|9\n|j| Guape\n|\n|t:|1699888257\n|move|p2a: Tyranitar|Knock Off|p1a: Clodsire\n|-damage|p1a: Clodsire|63\/100\n|-enditem|p1a: Clodsire|Black Sludge|[from] move: Knock Off|[of] p2a: Tyranitar\n|move|p1a: Clodsire|Toxic Spikes|p2a: Tyranitar\n|-sidestart|p2: Aggron|move: Toxic Spikes\n|\n|-weather|Sandstorm|[upkeep]\n|upkeep\n|turn|10\n|\n|t:|1699888280\n|switch|p2a: Rillaboom|Rillaboom, F|100\/100\n|-status|p2a: Rillaboom|psn\n|-fieldstart|move: Grassy Terrain|[from] ability: Grassy Surge|[of] p2a: Rillaboom\n|move|p1a: Clodsire|Earthquake|p2a: Rillaboom\n|-resisted|p2a: Rillaboom\n|-damage|p2a: Rillaboom|93\/100 psn\n|\n|-weather|Sandstorm|[upkeep]\n|-damage|p2a: Rillaboom|87\/100 psn|[from] Sandstorm\n|-heal|p2a: Rillaboom|93\/100 psn|[from] Grassy Terrain\n|-heal|p1a: Clodsire|70\/100|[from] Grassy Terrain\n|-damage|p2a: Rillaboom|81\/100 psn|[from] psn\n|upkeep\n|turn|11\n|\n|t:|1699888290\n|switch|p1a: Dragonite|Dragonite, M|100\/100\n|move|p2a: Rillaboom|Wood Hammer|p1a: Dragonite\n|-resisted|p1a: Dragonite\n|-damage|p1a: Dragonite|82\/100\n|-damage|p2a: Rillaboom|75\/100 psn|[from] Recoil\n|\n|-weather|Sandstorm|[upkeep]\n|-damage|p2a: Rillaboom|69\/100 psn|[from] Sandstorm\n|-damage|p1a: Dragonite|75\/100|[from] Sandstorm\n|-heal|p2a: Rillaboom|75\/100 psn|[from] Grassy Terrain\n|-damage|p2a: Rillaboom|63\/100 psn|[from] psn\n|upkeep\n|turn|12\n|\n|t:|1699888297\n|switch|p2a: Sneasler|Sneasler, F|100\/100\n|-sideend|p2: Aggron|move: Toxic Spikes|[of] p2a: Sneasler\n|move|p1a: Dragonite|Hurricane|p2a: Sneasler\n|-supereffective|p2a: Sneasler\n|-damage|p2a: Sneasler|2\/100\n|-start|p2a: Sneasler|confusion\n|\n|-weather|none\n|-heal|p2a: Sneasler|8\/100|[from] Grassy Terrain\n|upkeep\n|turn|13\n|\n|t:|1699888304\n|switch|p2a: Tyranitar|Tyranitar, F|59\/100\n|-weather|Sandstorm|[from] ability: Sand Stream|[of] p2a: Tyranitar\n|move|p1a: Dragonite|Extreme Speed|p2a: Tyranitar\n|-resisted|p2a: Tyranitar\n|-damage|p2a: Tyranitar|48\/100\n|\n|-weather|Sandstorm|[upkeep]\n|-damage|p1a: Dragonite|69\/100|[from] Sandstorm\n|-heal|p2a: Tyranitar|54\/100|[from] Grassy Terrain\n|upkeep\n|turn|14\n|\n|t:|1699888308\n|switch|p1a: Great Tusk|Great Tusk|100\/100\n|-damage|p1a: Great Tusk|88\/100|[from] Spikes\n|move|p2a: Tyranitar|Rock Blast|p1a: Great Tusk\n|-resisted|p1a: Great Tusk\n|-damage|p1a: Great Tusk|86\/100\n|-resisted|p1a: Great Tusk\n|-damage|p1a: Great Tusk|85\/100\n|-hitcount|p1a: Great Tusk|2\n|\n|-weather|Sandstorm|[upkeep]\n|-heal|p1a: Great Tusk|91\/100|[from] Grassy Terrain\n|-heal|p1a: Great Tusk|97\/100|[from] item: Leftovers\n|-heal|p2a: Tyranitar|60\/100|[from] Grassy Terrain\n|-fieldend|move: Grassy Terrain\n|upkeep\n|turn|15\n|\n|t:|1699888314\n|switch|p2a: Sinistcha|Sinistcha-Masterpiece|100\/100\n|move|p1a: Great Tusk|Ice Spinner|p2a: Sinistcha\n|-supereffective|p2a: Sinistcha\n|-damage|p2a: Sinistcha|68\/100\n|\n|-weather|Sandstorm|[upkeep]\n|-damage|p2a: Sinistcha|61\/100|[from] Sandstorm\n|-heal|p1a: Great Tusk|100\/100|[from] item: Leftovers\n|upkeep\n|turn|16\n|\n|t:|1699888326\n|-end|p1a: Great Tusk|Protosynthesis|[silent]\n|switch|p1a: Ting-Lu|Ting-Lu|100\/100\n|-damage|p1a: Ting-Lu|88\/100|[from] Spikes\n|-ability|p1a: Ting-Lu|Vessel of Ruin\n|move|p2a: Sinistcha|Shadow Ball|p1a: Ting-Lu\n|-resisted|p1a: Ting-Lu\n|-damage|p1a: Ting-Lu|82\/100\n|\n|-weather|Sandstorm|[upkeep]\n|-damage|p2a: Sinistcha|55\/100|[from] Sandstorm\n|-heal|p1a: Ting-Lu|88\/100|[from] item: Leftovers\n|upkeep\n|turn|17\n|\n|t:|1699888329\n|move|p2a: Sinistcha|Strength Sap|p1a: Ting-Lu\n|-unboost|p1a: Ting-Lu|atk|1\n|-heal|p2a: Sinistcha|100\/100\n|move|p1a: Ting-Lu|Stealth Rock|p2a: Sinistcha\n|-sidestart|p2: Aggron|move: Stealth Rock\n|\n|-weather|none\n|-heal|p1a: Ting-Lu|94\/100|[from] item: Leftovers\n|upkeep\n|turn|18\n|\n|t:|1699888334\n|move|p2a: Sinistcha|Calm Mind|p2a: Sinistcha\n|-boost|p2a: Sinistcha|spa|1\n|-boost|p2a: Sinistcha|spd|1\n|move|p1a: Ting-Lu|Spikes|p2a: Sinistcha\n|-sidestart|p2: Aggron|Spikes\n|\n|-heal|p1a: Ting-Lu|100\/100|[from] item: Leftovers\n|upkeep\n|turn|19\n|\n|t:|1699888337\n|move|p2a: Sinistcha|Matcha Gotcha|p1a: Ting-Lu|[miss]\n|-miss|p2a: Sinistcha|p1a: Ting-Lu\n|move|p1a: Ting-Lu|Whirlwind|p2a: Sinistcha\n|drag|p2a: Tyranitar|Tyranitar, F|60\/100\n|-weather|Sandstorm|[from] ability: Sand Stream|[of] p2a: Tyranitar\n|\n|-weather|Sandstorm|[upkeep]\n|upkeep\n|turn|20\n|\n|t:|1699888343\n|switch|p1a: Great Tusk|Great Tusk|100\/100\n|-damage|p1a: Great Tusk|88\/100|[from] Spikes\n|move|p2a: Tyranitar|Low Kick|p1a: Great Tusk\n|-damage|p1a: Great Tusk|67\/100\n|\n|-weather|Sandstorm|[upkeep]\n|-heal|p1a: Great Tusk|73\/100|[from] item: Leftovers\n|upkeep\n|turn|21\n|\n|t:|1699888349\n|switch|p2a: Sinistcha|Sinistcha-Masterpiece|100\/100\n|move|p1a: Great Tusk|Knock Off|p2a: Sinistcha\n|-supereffective|p2a: Sinistcha\n|-damage|p2a: Sinistcha|61\/100\n|-enditem|p2a: Sinistcha|Heavy-Duty Boots|[from] move: Knock Off|[of] p1a: Great Tusk\n|\n|-weather|Sandstorm|[upkeep]\n|-damage|p2a: Sinistcha|55\/100|[from] Sandstorm\n|-heal|p1a: Great Tusk|79\/100|[from] item: Leftovers\n|upkeep\n|turn|22\n|\n|t:|1699888358\n|-end|p1a: Great Tusk|Protosynthesis|[silent]\n|switch|p1a: Ting-Lu|Ting-Lu|100\/100\n|-damage|p1a: Ting-Lu|88\/100|[from] Spikes\n|-ability|p1a: Ting-Lu|Vessel of Ruin\n|move|p2a: Sinistcha|Matcha Gotcha|p1a: Ting-Lu\n|-supereffective|p1a: Ting-Lu\n|-damage|p1a: Ting-Lu|61\/100\n|-heal|p2a: Sinistcha|75\/100|[from] drain|[of] p1a: Ting-Lu\n|\n|-weather|Sandstorm|[upkeep]\n|-damage|p2a: Sinistcha|69\/100|[from] Sandstorm\n|-heal|p1a: Ting-Lu|67\/100|[from] item: Leftovers\n|upkeep\n|turn|23\n|\n|t:|1699888361\n|move|p2a: Sinistcha|Matcha Gotcha|p1a: Ting-Lu|[miss]\n|-miss|p2a: Sinistcha|p1a: Ting-Lu\n|move|p1a: Ting-Lu|Spikes|p2a: Sinistcha\n|-sidestart|p2: Aggron|Spikes\n|\n|-weather|none\n|-heal|p1a: Ting-Lu|73\/100|[from] item: Leftovers\n|upkeep\n|turn|24\n|\n|t:|1699888364\n|move|p2a: Sinistcha|Matcha Gotcha|p1a: Ting-Lu\n|-supereffective|p1a: Ting-Lu\n|-crit|p1a: Ting-Lu\n|-damage|p1a: Ting-Lu|30\/100\n|-heal|p2a: Sinistcha|100\/100|[from] drain|[of] p1a: Ting-Lu\n|move|p1a: Ting-Lu|Spikes|p2a: Sinistcha\n|-sidestart|p2: Aggron|Spikes\n|\n|-heal|p1a: Ting-Lu|36\/100|[from] item: Leftovers\n|upkeep\n|turn|25\n|\n|t:|1699888368\n|move|p2a: Sinistcha|Matcha Gotcha|p1a: Ting-Lu\n|-supereffective|p1a: Ting-Lu\n|-damage|p1a: Ting-Lu|10\/100\n|move|p1a: Ting-Lu|Whirlwind|p2a: Sinistcha\n|drag|p2a: Sneasler|Sneasler, F|8\/100\n|-damage|p2a: Sneasler|2\/100|[from] Stealth Rock\n|-damage|p2a: Sneasler|0 fnt|[from] Spikes\n|faint|p2a: Sneasler\n|\n|-heal|p1a: Ting-Lu|16\/100|[from] item: Leftovers\n|upkeep\n|\n|t:|1699888382\n|switch|p2a: Samurott|Samurott-Hisui, F|73\/100\n|turn|26\n|\n|t:|1699888387\n|move|p2a: Samurott|Ceaseless Edge|p1a: Ting-Lu\n|-resisted|p1a: Ting-Lu\n|-crit|p1a: Ting-Lu\n|-damage|p1a: Ting-Lu|0 fnt\n|-sidestart|p1: Saimasseuh v10|Spikes\n|faint|p1a: Ting-Lu\n|\n|upkeep\n|\n|t:|1699888392\n|switch|p1a: Great Tusk|Great Tusk|79\/100\n|-damage|p1a: Great Tusk|63\/100|[from] Spikes\n|turn|27\n|j| lenelenn\n|\n|t:|1699888396\n|move|p2a: Samurott|Razor Shell|p1a: Great Tusk\n|-supereffective|p1a: Great Tusk\n|-damage|p1a: Great Tusk|17\/100\n|-unboost|p1a: Great Tusk|def|1\n|move|p1a: Great Tusk|Knock Off|p2a: Samurott\n|-resisted|p2a: Samurott\n|-damage|p2a: Samurott|55\/100\n|-enditem|p2a: Samurott|Heavy-Duty Boots|[from] move: Knock Off|[of] p1a: Great Tusk\n|\n|-heal|p1a: Great Tusk|23\/100|[from] item: Leftovers\n|upkeep\n|turn|28\n|\n|t:|1699888404\n|-end|p1a: Great Tusk|Protosynthesis|[silent]\n|switch|p1a: Clodsire|Clodsire, F|70\/100\n|-damage|p1a: Clodsire|53\/100|[from] Spikes\n|move|p2a: Samurott|Razor Shell|p1a: Clodsire\n|-heal|p1a: Clodsire|78\/100|[from] ability: Water Absorb|[of] p2a: Samurott\n|\n|upkeep\n|turn|29\n|\n|t:|1699888411\n|move|p2a: Samurott|Ceaseless Edge|p1a: Clodsire\n|-damage|p1a: Clodsire|48\/100\n|-sidestart|p1: Saimasseuh v10|Spikes\n|move|p1a: Clodsire|Toxic Spikes|p2a: Samurott\n|-sidestart|p2: Aggron|move: Toxic Spikes\n|\n|upkeep\n|turn|30\n|\n|t:|1699888417\n|move|p2a: Samurott|Encore|p1a: Clodsire\n|-start|p1a: Clodsire|Encore\n|move|p1a: Clodsire|Toxic Spikes|p2a: Samurott\n|-sidestart|p2: Aggron|move: Toxic Spikes\n|\n|upkeep\n|turn|31\n|\n|t:|1699888422\n|switch|p1a: Great Tusk|Great Tusk|23\/100\n|-damage|p1a: Great Tusk|0 fnt|[from] Spikes\n|faint|p1a: Great Tusk\n|-end|p1a: Great Tusk|Protosynthesis|[silent]\n|move|p2a: Samurott|Ceaseless Edge|p1: Great Tusk|[notarget]\n|-fail|p2a: Samurott\n|\n|upkeep\n|\n|t:|1699888428\n|switch|p1a: Dragonite|Dragonite, M|69\/100\n|turn|32\n|\n|t:|1699888439\n|switch|p2a: Rillaboom|Rillaboom, F|63\/100 psn\n|-damage|p2a: Rillaboom|51\/100 psn|[from] Stealth Rock\n|-damage|p2a: Rillaboom|26\/100 psn|[from] Spikes\n|-fieldstart|move: Grassy Terrain|[from] ability: Grassy Surge|[of] p2a: Rillaboom\n|move|p1a: Dragonite|Earthquake|p2a: Rillaboom\n|-resisted|p2a: Rillaboom\n|-damage|p2a: Rillaboom|15\/100 psn\n|\n|-heal|p2a: Rillaboom|22\/100 psn|[from] Grassy Terrain\n|-damage|p2a: Rillaboom|9\/100 psn|[from] psn\n|upkeep\n|turn|33\n|\n|t:|1699888443\n|move|p1a: Dragonite|Extreme Speed|p2a: Rillaboom\n|-damage|p2a: Rillaboom|0 fnt\n|faint|p2a: Rillaboom\n|\n|upkeep\n|\n|t:|1699888445\n|switch|p2a: Tyranitar|Tyranitar, F|60\/100\n|-weather|Sandstorm|[from] ability: Sand Stream|[of] p2a: Tyranitar\n|turn|34\n|\n|t:|1699888460\n|move|p1a: Dragonite|Earthquake|p2a: Tyranitar\n|-supereffective|p2a: Tyranitar\n|-crit|p2a: Tyranitar\n|-damage|p2a: Tyranitar|12\/100\n|move|p2a: Tyranitar|Rock Blast|p1a: Dragonite\n|-supereffective|p1a: Dragonite\n|-damage|p1a: Dragonite|37\/100\n|-supereffective|p1a: Dragonite\n|-damage|p1a: Dragonite|9\/100\n|-supereffective|p1a: Dragonite\n|-damage|p1a: Dragonite|0 fnt\n|faint|p1a: Dragonite\n|-hitcount|p1: Dragonite|3\n|\n|-weather|Sandstorm|[upkeep]\n|-heal|p2a: Tyranitar|18\/100|[from] Grassy Terrain\n|upkeep\n|\n|t:|1699888468\n|switch|p1a: Gholdengo|Gholdengo|77\/100\n|-damage|p1a: Gholdengo|52\/100|[from] Spikes\n|turn|35\n|\n|t:|1699888473\n|move|p1a: Gholdengo|Make It Rain|p2a: Tyranitar\n|-supereffective|p2a: Tyranitar\n|-damage|p2a: Tyranitar|0 fnt\n|-unboost|p1a: Gholdengo|spa|1\n|faint|p2a: Tyranitar\n|\n|-weather|Sandstorm|[upkeep]\n|-heal|p1a: Gholdengo|58\/100|[from] Grassy Terrain\n|upkeep\n|\n|t:|1699888485\n|switch|p2a: Sinistcha|Sinistcha-Masterpiece|100\/100\n|-damage|p2a: Sinistcha|88\/100|[from] Stealth Rock\n|-damage|p2a: Sinistcha|63\/100|[from] Spikes\n|-status|p2a: Sinistcha|tox\n|turn|36\n|\n|t:|1699888512\n|-terastallize|p1a: Gholdengo|Flying\n|move|p1a: Gholdengo|Make It Rain|p2a: Sinistcha\n|-damage|p2a: Sinistcha|23\/100 tox\n|-unboost|p1a: Gholdengo|spa|1\n|move|p2a: Sinistcha|Calm Mind|p2a: Sinistcha\n|-boost|p2a: Sinistcha|spa|1\n|-boost|p2a: Sinistcha|spd|1\n|\n|-weather|Sandstorm|[upkeep]\n|-damage|p1a: Gholdengo|52\/100|[from] Sandstorm\n|-damage|p2a: Sinistcha|17\/100 tox|[from] Sandstorm\n|-heal|p2a: Sinistcha|23\/100 tox|[from] Grassy Terrain\n|-damage|p2a: Sinistcha|17\/100 tox|[from] psn\n|-fieldend|move: Grassy Terrain\n|upkeep\n|turn|37\n|\n|t:|1699888521\n|move|p1a: Gholdengo|Make It Rain|p2a: Sinistcha\n|-damage|p2a: Sinistcha|0 fnt\n|-unboost|p1a: Gholdengo|spa|1\n|faint|p2a: Sinistcha\n|\n|-weather|Sandstorm|[upkeep]\n|-damage|p1a: Gholdengo|46\/100|[from] Sandstorm\n|upkeep\n|\n|t:|1699888523\n|switch|p2a: Samurott|Samurott-Hisui, F|55\/100\n|-damage|p2a: Samurott|43\/100|[from] Stealth Rock\n|-damage|p2a: Samurott|18\/100|[from] Spikes\n|-status|p2a: Samurott|tox\n|turn|38\n|\n|t:|1699888530\n|switch|p1a: Clodsire|Clodsire, F|48\/100\n|-damage|p1a: Clodsire|23\/100|[from] Spikes\n|-terastallize|p2a: Samurott|Dark\n|move|p2a: Samurott|Ceaseless Edge|p1a: Clodsire\n|-damage|p1a: Clodsire|0 fnt\n|faint|p1a: Clodsire\n|\n|-weather|none\n|-damage|p2a: Samurott|11\/100 tox|[from] psn\n|upkeep\n|\n|t:|1699888534\n|switch|p1a: Gholdengo|Gholdengo, tera:Flying|46\/100\n|turn|39\n|\n|t:|1699888537\n|switch|p1a: Iron Valiant|Iron Valiant|12\/100\n|-damage|p1a: Iron Valiant|0 fnt|[from] Spikes\n|faint|p1a: Iron Valiant\n|-end|p1a: Iron Valiant|Quark Drive|[silent]\n|move|p2a: Samurott|Ceaseless Edge|p1: Iron Valiant|[notarget]\n|-fail|p2a: Samurott\n|\n|-damage|p2a: Samurott|0 fnt|[from] psn\n|faint|p2a: Samurott\n|\n|win|Saimasseuh v10\n|upkeep\n|raw|Saimasseuh v10's rating: 1928 &rarr; <strong>1941<\/strong><br \/>(+13 for winning)\n|raw|Aggron's rating: 1808 &rarr; <strong>1795<\/strong><br \/>(-13 for losing)\n|l|\u2606Aggron\n|l| lenelenn\n|l|\u2606Saimasseuh v10\n","uploadtime":1699888578,"views":16,"p1id":"saimasseuhv10","p2id":"aggron","formatid":"gen9ou","rating":1795,"private":0,"password":""}