{"id":"gen9ou-1997525517","p1":"PeeWeePeeWee","p2":"rrgrrgrgytsaasa","format":"[Gen 9] OU","log":"|j|\u2606PeeWeePeeWee\n|j|\u2606rrgrrgrgytsaasa\n|t:|1700820196\n|gametype|singles\n|player|p1|PeeWeePeeWee|102|1055\n|player|p2|rrgrrgrgytsaasa|sada-ai|1000\n|teamsize|p1|6\n|teamsize|p2|6\n|gen|9\n|tier|[Gen 9] OU\n|rated|\n|rule|Sleep Clause Mod: Limit one foe put to sleep\n|rule|Species Clause: Limit one of each Pok\u00e9mon\n|rule|OHKO Clause: OHKO moves are banned\n|rule|Evasion Items Clause: Evasion items are banned\n|rule|Evasion Moves Clause: Evasion moves are banned\n|rule|Endless Battle Clause: Forcing endless battles is banned\n|rule|HP Percentage Mod: HP is shown in percentages\n|clearpoke\n|poke|p1|Torterra, M|\n|poke|p1|Kleavor, F|\n|poke|p1|Ninetales-Alola, M|\n|poke|p1|Ceruledge, F|\n|poke|p1|Gyarados, M|\n|poke|p1|Cinderace, M|\n|poke|p2|Weavile, F|\n|poke|p2|Weezing-Galar, F|\n|poke|p2|Alomomola, M|\n|poke|p2|Ting-Lu|\n|poke|p2|Corviknight, F|\n|poke|p2|Dondozo, M|\n|teampreview\n|inactive|Battle timer is ON: inactive players will automatically lose when time's up. (requested by rrgrrgrgytsaasa)\n|inactive|rrgrrgrgytsaasa has 120 seconds left.\n|\n|t:|1700820236\n|start\n|switch|p1a: Torterra|Torterra, M|100\/100\n|switch|p2a: Ting-Lu|Ting-Lu|100\/100\n|-ability|p2a: Ting-Lu|Vessel of Ruin\n|turn|1\n|\n|t:|1700820260\n|switch|p2a: Corviknight|Corviknight, F|100\/100\n|-ability|p2a: Corviknight|Pressure\n|move|p1a: Torterra|Shell Smash|p1a: Torterra\n|-unboost|p1a: Torterra|def|1\n|-unboost|p1a: Torterra|spd|1\n|-boost|p1a: Torterra|atk|2\n|-boost|p1a: Torterra|spa|2\n|-boost|p1a: Torterra|spe|2\n|\n|upkeep\n|turn|2\n|\n|t:|1700820265\n|-terastallize|p1a: Torterra|Electric\n|move|p1a: Torterra|Earthquake|p2a: Corviknight\n|-immune|p2a: Corviknight\n|move|p2a: Corviknight|Iron Defense|p2a: Corviknight\n|-boost|p2a: Corviknight|def|2\n|\n|upkeep\n|turn|3\n|\n|t:|1700820273\n|move|p1a: Torterra|Tera Blast|p2a: Corviknight|[anim] Tera Blast Electric\n|-supereffective|p2a: Corviknight\n|-damage|p2a: Corviknight|50\/100\n|move|p2a: Corviknight|Body Press|p1a: Torterra\n|-damage|p1a: Torterra|18\/100\n|\n|upkeep\n|turn|4\n|\n|t:|1700820280\n|move|p1a: Torterra|Tera Blast|p2a: Corviknight|[anim] Tera Blast Electric\n|-supereffective|p2a: Corviknight\n|-damage|p2a: Corviknight|0 fnt\n|faint|p2a: Corviknight\n|\n|upkeep\n|\n|t:|1700820288\n|switch|p2a: Dondozo|Dondozo, M|100\/100\n|turn|5\n|\n|t:|1700820291\n|move|p1a: Torterra|Bullet Seed|p2a: Dondozo\n|-supereffective|p2a: Dondozo\n|-damage|p2a: Dondozo|85\/100\n|-supereffective|p2a: Dondozo\n|-damage|p2a: Dondozo|68\/100\n|-supereffective|p2a: Dondozo\n|-damage|p2a: Dondozo|52\/100\n|-supereffective|p2a: Dondozo\n|-damage|p2a: Dondozo|37\/100\n|-hitcount|p2a: Dondozo|4\n|move|p2a: Dondozo|Earthquake|p1a: Torterra\n|-supereffective|p1a: Torterra\n|-damage|p1a: Torterra|0 fnt\n|faint|p1a: Torterra\n|\n|upkeep\n|\n|t:|1700820302\n|switch|p1a: Gyarados|Gyarados, M|100\/100\n|turn|6\n|\n|t:|1700820309\n|move|p1a: Gyarados|Dragon Dance|p1a: Gyarados\n|-boost|p1a: Gyarados|atk|1\n|-boost|p1a: Gyarados|spe|1\n|move|p2a: Dondozo|Rest|p2a: Dondozo\n|-status|p2a: Dondozo|slp|[from] move: Rest\n|-heal|p2a: Dondozo|100\/100 slp|[silent]\n|\n|upkeep\n|turn|7\n|\n|t:|1700820321\n|move|p1a: Gyarados|Dragon Dance|p1a: Gyarados\n|-boost|p1a: Gyarados|atk|1\n|-boost|p1a: Gyarados|spe|1\n|cant|p2a: Dondozo|slp\n|\n|upkeep\n|turn|8\n|\n|t:|1700820323\n|move|p1a: Gyarados|Dragon Dance|p1a: Gyarados\n|-boost|p1a: Gyarados|atk|1\n|-boost|p1a: Gyarados|spe|1\n|cant|p2a: Dondozo|slp\n|\n|upkeep\n|turn|9\n|\n|t:|1700820329\n|move|p1a: Gyarados|Earthquake|p2a: Dondozo\n|-damage|p2a: Dondozo|78\/100 slp\n|-curestatus|p2a: Dondozo|slp|[msg]\n|move|p2a: Dondozo|Curse|p2a: Dondozo\n|-unboost|p2a: Dondozo|spe|1\n|-boost|p2a: Dondozo|atk|1\n|-boost|p2a: Dondozo|def|1\n|\n|upkeep\n|turn|10\n|\n|t:|1700820336\n|move|p1a: Gyarados|Waterfall|p2a: Dondozo\n|-resisted|p2a: Dondozo\n|-damage|p2a: Dondozo|69\/100\n|move|p2a: Dondozo|Avalanche|p1a: Gyarados\n|-damage|p1a: Gyarados|45\/100\n|\n|upkeep\n|turn|11\n|-message|PeeWeePeeWee forfeited.\n|\n|win|rrgrrgrgytsaasa\n|raw|PeeWeePeeWee's rating: 1055 &rarr; <strong>1034<\/strong><br \/>(-21 for losing)\n|raw|rrgrrgrgytsaasa's rating: 1000 &rarr; <strong>1046<\/strong><br \/>(+46 for winning)\n|l|\u2606PeeWeePeeWee\n","uploadtime":1700820348,"views":8,"p1id":"peeweepeewee","p2id":"rrgrrgrgytsaasa","formatid":"gen9ou","rating":1034,"private":0,"password":""}