{"id":"gen9ou-1996665523","p1":"pyr0joe","p2":"twinbayy","format":"[Gen 9] OU","log":"|j|\u2606pyr0joe\n|j|\u2606twinbayy\n|t:|1700707037\n|gametype|singles\n|player|p1|pyr0joe|102|1452\n|player|p2|twinbayy|hilda-wonderlauncher|1394\n|teamsize|p1|6\n|teamsize|p2|6\n|gen|9\n|tier|[Gen 9] OU\n|rated|\n|rule|Sleep Clause Mod: Limit one foe put to sleep\n|rule|Species Clause: Limit one of each Pok\u00e9mon\n|rule|OHKO Clause: OHKO moves are banned\n|rule|Evasion Items Clause: Evasion items are banned\n|rule|Evasion Moves Clause: Evasion moves are banned\n|rule|Endless Battle Clause: Forcing endless battles is banned\n|rule|HP Percentage Mod: HP is shown in percentages\n|clearpoke\n|poke|p1|Dragapult, M|\n|poke|p1|Garganacl, M|\n|poke|p1|Great Tusk|\n|poke|p1|Kingambit, F|\n|poke|p1|Meowscarada, M|\n|poke|p1|Dondozo, M|\n|poke|p2|Ribombee, F|\n|poke|p2|Skeledirge, M|\n|poke|p2|Great Tusk|\n|poke|p2|Munkidori, M|\n|poke|p2|Scizor, M|\n|poke|p2|Weavile, M|\n|teampreview\n|\n|t:|1700707054\n|start\n|switch|p1a: Garganacl|Garganacl, M|100\/100\n|switch|p2a: Ribombee|Ribombee, F|100\/100\n|turn|1\n|\n|t:|1700707067\n|move|p2a: Ribombee|Grass Knot|p1a: Garganacl\n|-supereffective|p1a: Garganacl\n|-damage|p1a: Garganacl|58\/100\n|move|p1a: Garganacl|Curse|p1a: Garganacl\n|-unboost|p1a: Garganacl|spe|1\n|-boost|p1a: Garganacl|atk|1\n|-boost|p1a: Garganacl|def|1\n|\n|-heal|p1a: Garganacl|64\/100|[from] item: Leftovers\n|upkeep\n|turn|2\n|\n|t:|1700707073\n|move|p2a: Ribombee|Stun Spore|p1a: Garganacl|[miss]\n|-miss|p2a: Ribombee|p1a: Garganacl\n|move|p1a: Garganacl|Salt Cure|p2a: Ribombee\n|-supereffective|p2a: Ribombee\n|-damage|p2a: Ribombee|24\/100\n|\n|-heal|p1a: Garganacl|70\/100|[from] item: Leftovers\n|upkeep\n|turn|3\n|\n|t:|1700707078\n|move|p2a: Ribombee|Stun Spore|p1a: Garganacl|[miss]\n|-miss|p2a: Ribombee|p1a: Garganacl\n|move|p1a: Garganacl|Salt Cure|p2a: Ribombee\n|-supereffective|p2a: Ribombee\n|-crit|p2a: Ribombee\n|-damage|p2a: Ribombee|0 fnt\n|faint|p2a: Ribombee\n|\n|-heal|p1a: Garganacl|76\/100|[from] item: Leftovers\n|upkeep\n|c|\u2606twinbayy|killing myself\n|\n|t:|1700707092\n|switch|p2a: Scizor|Scizor, M|100\/100\n|turn|4\n|\n|t:|1700707098\n|move|p1a: Garganacl|Protect|p1a: Garganacl\n|-singleturn|p1a: Garganacl|Protect\n|move|p2a: Scizor|Swords Dance|p2a: Scizor\n|-boost|p2a: Scizor|atk|2\n|\n|-heal|p1a: Garganacl|83\/100|[from] item: Leftovers\n|upkeep\n|turn|5\n|\n|t:|1700707105\n|switch|p1a: Dondozo|Dondozo, M|100\/100\n|move|p2a: Scizor|Bullet Punch|p1a: Dondozo\n|-resisted|p1a: Dondozo\n|-damage|p1a: Dondozo|90\/100\n|-damage|p2a: Scizor|84\/100|[from] item: Rocky Helmet|[of] p1a: Dondozo\n|\n|upkeep\n|turn|6\n|\n|t:|1700707112\n|switch|p2a: Munkidori|Munkidori, M|100\/100\n|move|p1a: Dondozo|Liquidation|p2a: Munkidori\n|-damage|p2a: Munkidori|54\/100\n|\n|upkeep\n|turn|7\n|\n|t:|1700707118\n|switch|p1a: Garganacl|Garganacl, M|83\/100\n|move|p2a: Munkidori|Future Sight|p1a: Garganacl\n|-start|p2a: Munkidori|move: Future Sight\n|\n|-heal|p1a: Garganacl|89\/100|[from] item: Leftovers\n|upkeep\n|turn|8\n|\n|t:|1700707128\n|switch|p2a: Great Tusk|Great Tusk|100\/100\n|move|p1a: Garganacl|Salt Cure|p2a: Great Tusk\n|-resisted|p2a: Great Tusk\n|-damage|p2a: Great Tusk|99\/100\n|-start|p2a: Great Tusk|Salt Cure\n|\n|-heal|p1a: Garganacl|95\/100|[from] item: Leftovers\n|-damage|p2a: Great Tusk|86\/100|[from] Salt Cure\n|upkeep\n|turn|9\n|\n|t:|1700707134\n|move|p1a: Garganacl|Protect|p1a: Garganacl\n|-singleturn|p1a: Garganacl|Protect\n|move|p2a: Great Tusk|Earthquake|p1a: Garganacl\n|-activate|p1a: Garganacl|move: Protect\n|\n|-end|p1a: Garganacl|move: Future Sight\n|-damage|p1a: Garganacl|51\/100\n|-heal|p1a: Garganacl|57\/100|[from] item: Leftovers\n|-damage|p2a: Great Tusk|74\/100|[from] Salt Cure\n|upkeep\n|turn|10\n|\n|t:|1700707149\n|switch|p1a: Great Tusk|Great Tusk|100\/100\n|move|p2a: Great Tusk|Earthquake|p1a: Great Tusk\n|-damage|p1a: Great Tusk|78\/100\n|\n|-heal|p1a: Great Tusk|84\/100|[from] item: Leftovers\n|-damage|p2a: Great Tusk|62\/100|[from] Salt Cure\n|upkeep\n|turn|11\n|\n|t:|1700707156\n|-end|p2a: Great Tusk|Protosynthesis|[silent]\n|switch|p2a: Scizor|Scizor, M|84\/100\n|move|p1a: Great Tusk|Knock Off|p2a: Scizor\n|-crit|p2a: Scizor\n|-damage|p2a: Scizor|43\/100\n|-enditem|p2a: Scizor|Metal Coat|[from] move: Knock Off|[of] p1a: Great Tusk\n|\n|-heal|p1a: Great Tusk|91\/100|[from] item: Leftovers\n|upkeep\n|turn|12\n|\n|t:|1700707165\n|switch|p2a: Munkidori|Munkidori, M|54\/100\n|move|p1a: Great Tusk|Earthquake|p2a: Munkidori\n|-supereffective|p2a: Munkidori\n|-damage|p2a: Munkidori|0 fnt\n|faint|p2a: Munkidori\n|\n|-heal|p1a: Great Tusk|97\/100|[from] item: Leftovers\n|upkeep\n|\n|t:|1700707170\n|switch|p2a: Weavile|Weavile, M|100\/100\n|turn|13\n|\n|t:|1700707175\n|-end|p1a: Great Tusk|Protosynthesis|[silent]\n|switch|p1a: Dondozo|Dondozo, M|90\/100\n|move|p2a: Weavile|Icicle Crash|p1a: Dondozo\n|-resisted|p1a: Dondozo\n|-damage|p1a: Dondozo|76\/100\n|\n|upkeep\n|turn|14\n|\n|t:|1700707179\n|switch|p2a: Scizor|Scizor, M|43\/100\n|move|p1a: Dondozo|Liquidation|p2a: Scizor\n|-damage|p2a: Scizor|11\/100\n|\n|upkeep\n|turn|15\n|\n|t:|1700707186\n|move|p2a: Scizor|Bullet Punch|p1a: Dondozo\n|-resisted|p1a: Dondozo\n|-damage|p1a: Dondozo|69\/100\n|-damage|p2a: Scizor|0 fnt|[from] item: Rocky Helmet|[of] p1a: Dondozo\n|faint|p2a: Scizor\n|move|p1a: Dondozo|Liquidation|p2: Scizor|[notarget]\n|-fail|p1a: Dondozo\n|\n|upkeep\n|\n|t:|1700707192\n|switch|p2a: Weavile|Weavile, M|100\/100\n|turn|16\n|\n|t:|1700707195\n|move|p2a: Weavile|Knock Off|p1a: Dondozo\n|-damage|p1a: Dondozo|39\/100\n|-damage|p2a: Weavile|84\/100|[from] item: Rocky Helmet|[of] p1a: Dondozo\n|-enditem|p1a: Dondozo|Rocky Helmet|[from] move: Knock Off|[of] p2a: Weavile\n|move|p1a: Dondozo|Body Press|p2a: Weavile\n|-supereffective|p2a: Weavile\n|-damage|p2a: Weavile|0 fnt\n|faint|p2a: Weavile\n|\n|upkeep\n|\n|t:|1700707202\n|switch|p2a: Skeledirge|Skeledirge, M|100\/100\n|turn|17\n|\n|t:|1700707205\n|switch|p1a: Garganacl|Garganacl, M|57\/100\n|move|p2a: Skeledirge|Will-O-Wisp|p1a: Garganacl\n|-immune|p1a: Garganacl|[from] ability: Purifying Salt\n|\n|-heal|p1a: Garganacl|63\/100|[from] item: Leftovers\n|upkeep\n|turn|18\n|\n|t:|1700707213\n|-terastallize|p2a: Skeledirge|Fairy\n|move|p2a: Skeledirge|Torch Song|p1a: Garganacl\n|-resisted|p1a: Garganacl\n|-damage|p1a: Garganacl|53\/100\n|-boost|p2a: Skeledirge|spa|1\n|move|p1a: Garganacl|Salt Cure|p2a: Skeledirge\n|-damage|p2a: Skeledirge|88\/100\n|-start|p2a: Skeledirge|Salt Cure\n|\n|-heal|p1a: Garganacl|59\/100|[from] item: Leftovers\n|-damage|p2a: Skeledirge|75\/100|[from] Salt Cure\n|upkeep\n|turn|19\n|\n|t:|1700707219\n|move|p1a: Garganacl|Protect|p1a: Garganacl\n|-singleturn|p1a: Garganacl|Protect\n|move|p2a: Skeledirge|Torch Song|p1a: Garganacl\n|-activate|p1a: Garganacl|move: Protect\n|\n|-heal|p1a: Garganacl|66\/100|[from] item: Leftovers\n|-damage|p2a: Skeledirge|63\/100|[from] Salt Cure\n|upkeep\n|turn|20\n|\n|t:|1700707224\n|switch|p1a: Dragapult|Dragapult, M|100\/100\n|move|p2a: Skeledirge|Slack Off|p2a: Skeledirge\n|-heal|p2a: Skeledirge|100\/100\n|\n|-damage|p2a: Skeledirge|88\/100|[from] Salt Cure\n|upkeep\n|turn|21\n|\n|t:|1700707229\n|move|p1a: Dragapult|Shadow Ball|p2a: Skeledirge\n|-damage|p2a: Skeledirge|49\/100\n|-unboost|p2a: Skeledirge|spd|1\n|move|p2a: Skeledirge|Hex|p1a: Dragapult\n|-supereffective|p1a: Dragapult\n|-damage|p1a: Dragapult|6\/100\n|\n|-damage|p2a: Skeledirge|37\/100|[from] Salt Cure\n|upkeep\n|turn|22\n|\n|t:|1700707233\n|move|p1a: Dragapult|Shadow Ball|p2a: Skeledirge\n|-damage|p2a: Skeledirge|0 fnt\n|faint|p2a: Skeledirge\n|\n|upkeep\n|\n|t:|1700707236\n|switch|p2a: Great Tusk|Great Tusk|62\/100\n|turn|23\n|\n|t:|1700707240\n|move|p1a: Dragapult|Shadow Ball|p2a: Great Tusk\n|-damage|p2a: Great Tusk|0 fnt\n|faint|p2a: Great Tusk\n|-end|p2a: Great Tusk|Protosynthesis|[silent]\n|\n|win|pyr0joe\n|raw|pyr0joe's rating: 1452 &rarr; <strong>1469<\/strong><br \/>(+17 for winning)\n|raw|twinbayy's rating: 1394 &rarr; <strong>1377<\/strong><br \/>(-17 for losing)\n|c|\u2606pyr0joe|gg\n|c|\u2606twinbayy|sdfjlghklskdjfh\n|c|\u2606twinbayy|gg\n","uploadtime":1700707246,"views":3,"p1id":"pyr0joe","p2id":"twinbayy","formatid":"gen9ou","rating":1377,"private":0,"password":""}