{"id":"gen9ou-1988368580","p1":"BOX CRUSHER","p2":"arcmaner80","format":"[Gen 9] OU","log":"|j|\u2606BOX CRUSHER\n|j|\u2606arcmaner80\n|t:|1699714858\n|gametype|singles\n|player|p1|BOX CRUSHER|ruinmaniac|1274\n|player|p2|arcmaner80|larry|1352\n|teamsize|p1|6\n|teamsize|p2|6\n|gen|9\n|tier|[Gen 9] OU\n|rated|\n|rule|Sleep Clause Mod: Limit one foe put to sleep\n|rule|Species Clause: Limit one of each Pok\u00e9mon\n|rule|OHKO Clause: OHKO moves are banned\n|rule|Evasion Items Clause: Evasion items are banned\n|rule|Evasion Moves Clause: Evasion moves are banned\n|rule|Endless Battle Clause: Forcing endless battles is banned\n|rule|HP Percentage Mod: HP is shown in percentages\n|clearpoke\n|poke|p1|Hippowdon, F|\n|poke|p1|Clodsire, M|\n|poke|p1|Heatran, F|\n|poke|p1|Jirachi|\n|poke|p1|Gholdengo|\n|poke|p1|Forretress, M|\n|poke|p2|Vikavolt, F|\n|poke|p2|Enamorus, F|\n|poke|p2|Great Tusk|\n|poke|p2|Gholdengo|\n|poke|p2|Kommo-o, F|\n|poke|p2|Iron Moth|\n|teampreview\n|inactive|Battle timer is ON: inactive players will automatically lose when time's up. (requested by arcmaner80)\n|c|\u2606arcmaner80|gl hf\n|c|\u2606arcmaner80|nice steel and ground mono\n|\n|t:|1699714879\n|start\n|switch|p1a: Jirachi|Jirachi|100\/100\n|switch|p2a: Pink Flyday|Enamorus, F, shiny|100\/100\n|turn|1\n|\n|t:|1699714892\n|move|p1a: Jirachi|Iron Head|p2a: Pink Flyday\n|-supereffective|p2a: Pink Flyday\n|-damage|p2a: Pink Flyday|0 fnt\n|faint|p2a: Pink Flyday\n|\n|upkeep\n|c|\u2606arcmaner80|scarf?\n|\n|t:|1699714911\n|switch|p2a: Both Baby|Iron Moth|100\/100\n|-enditem|p2a: Both Baby|Booster Energy\n|-activate|p2a: Both Baby|ability: Quark Drive|[fromitem]\n|-start|p2a: Both Baby|quarkdrivespe\n|turn|2\n|c|\u2606arcmaner80|interesting\n|\n|t:|1699714932\n|switch|p1a: Heatran|Heatran, F|100\/100\n|-terastallize|p2a: Both Baby|Ground\n|move|p2a: Both Baby|Tera Blast|p1a: Heatran|[anim] Tera Blast Ground\n|-supereffective|p1a: Heatran\n|-damage|p1a: Heatran|0 fnt\n|faint|p1a: Heatran\n|\n|upkeep\n|c|\u2606arcmaner80|nuh uh\n|c|\u2606arcmaner80|no flash fire for you\n|inactive|BOX CRUSHER has 120 seconds left.\n|\n|t:|1699714954\n|switch|p1a: Hippowdon|Hippowdon, F|100\/100\n|-weather|Sandstorm|[from] ability: Sand Stream|[of] p1a: Hippowdon\n|turn|3\n|\n|t:|1699714975\n|move|p2a: Both Baby|Sludge Wave|p1a: Hippowdon\n|-resisted|p1a: Hippowdon\n|-damage|p1a: Hippowdon|83\/100\n|move|p1a: Hippowdon|Yawn|p2a: Both Baby\n|-start|p2a: Both Baby|move: Yawn|[of] p1a: Hippowdon\n|\n|-weather|Sandstorm|[upkeep]\n|upkeep\n|turn|4\n|inactive|BOX CRUSHER has 120 seconds left.\n|\n|t:|1699715007\n|-end|p2a: Both Baby|Quark Drive|[silent]\n|switch|p2a: Djengo Unrained|Gholdengo|100\/100\n|-item|p2a: Djengo Unrained|Air Balloon\n|move|p1a: Hippowdon|Crunch|p2a: Djengo Unrained\n|-supereffective|p2a: Djengo Unrained\n|-damage|p2a: Djengo Unrained|52\/100\n|-enditem|p2a: Djengo Unrained|Air Balloon\n|\n|-weather|Sandstorm|[upkeep]\n|upkeep\n|turn|5\n|inactive|BOX CRUSHER has 120 seconds left.\n|\n|t:|1699715026\n|move|p2a: Djengo Unrained|Make It Rain|p1a: Hippowdon\n|-damage|p1a: Hippowdon|40\/100\n|-unboost|p2a: Djengo Unrained|spa|1\n|move|p1a: Hippowdon|Earthquake|p2a: Djengo Unrained\n|-supereffective|p2a: Djengo Unrained\n|-damage|p2a: Djengo Unrained|0 fnt\n|faint|p2a: Djengo Unrained\n|\n|-weather|Sandstorm|[upkeep]\n|upkeep\n|\n|t:|1699715065\n|switch|p2a: Vicodi\u00f1o|Vikavolt, F|100\/100\n|turn|6\n|inactive|BOX CRUSHER has 120 seconds left.\n|\n|t:|1699715087\n|move|p1a: Hippowdon|Yawn|p2a: Vicodi\u00f1o\n|-start|p2a: Vicodi\u00f1o|move: Yawn|[of] p1a: Hippowdon\n|move|p2a: Vicodi\u00f1o|Sticky Web|p1a: Hippowdon\n|-sidestart|p1: BOX CRUSHER|move: Sticky Web\n|\n|-weather|Sandstorm|[upkeep]\n|-damage|p2a: Vicodi\u00f1o|94\/100|[from] Sandstorm\n|upkeep\n|turn|7\n|\n|t:|1699715113\n|switch|p2a: Dentist G-Ram|Great Tusk|100\/100\n|-enditem|p2a: Dentist G-Ram|Booster Energy\n|-activate|p2a: Dentist G-Ram|ability: Protosynthesis|[fromitem]\n|-start|p2a: Dentist G-Ram|protosynthesisatk\n|move|p1a: Hippowdon|Slack Off|p1a: Hippowdon\n|-heal|p1a: Hippowdon|90\/100\n|\n|-weather|Sandstorm|[upkeep]\n|upkeep\n|turn|8\n|inactive|BOX CRUSHER has 90 seconds left.\n|\n|t:|1699715134\n|move|p2a: Dentist G-Ram|Ice Spinner|p1a: Hippowdon\n|-supereffective|p1a: Hippowdon\n|-damage|p1a: Hippowdon|40\/100\n|move|p1a: Hippowdon|Yawn|p2a: Dentist G-Ram\n|-start|p2a: Dentist G-Ram|move: Yawn|[of] p1a: Hippowdon\n|\n|-weather|Sandstorm|[upkeep]\n|upkeep\n|turn|9\n|inactive|BOX CRUSHER has 90 seconds left.\n|\n|t:|1699715151\n|move|p2a: Dentist G-Ram|Ice Spinner|p1a: Hippowdon\n|-supereffective|p1a: Hippowdon\n|-damage|p1a: Hippowdon|0 fnt\n|faint|p1a: Hippowdon\n|\n|-weather|Sandstorm|[upkeep]\n|-end|p2a: Dentist G-Ram|move: Yawn|[silent]\n|-status|p2a: Dentist G-Ram|slp\n|upkeep\n|\n|t:|1699715156\n|switch|p1a: Forretress|Forretress, M|100\/100\n|-activate|p1a: Forretress|move: Sticky Web\n|-unboost|p1a: Forretress|spe|1\n|turn|10\n|\n|t:|1699715165\n|cant|p2a: Dentist G-Ram|slp\n|move|p1a: Forretress|Rapid Spin|p2a: Dentist G-Ram\n|-damage|p2a: Dentist G-Ram|93\/100 slp\n|-boost|p1a: Forretress|spe|1\n|-sideend|p1: BOX CRUSHER|Sticky Web|[from] move: Rapid Spin|[of] p1a: Forretress\n|\n|-weather|none\n|upkeep\n|turn|11\n|\n|t:|1699715170\n|switch|p1a: Gholdengo|Gholdengo|100\/100\n|cant|p2a: Dentist G-Ram|slp\n|\n|upkeep\n|turn|12\n|c|\u2606arcmaner80|I could get really luckly\n|c|\u2606arcmaner80|oh come on\n|\n|t:|1699715177\n|move|p1a: Gholdengo|Psychic|p2a: Dentist G-Ram\n|-supereffective|p2a: Dentist G-Ram\n|-damage|p2a: Dentist G-Ram|0 fnt\n|faint|p2a: Dentist G-Ram\n|-end|p2a: Dentist G-Ram|Protosynthesis|[silent]\n|\n|upkeep\n|c|\u2606arcmaner80|bruh\n|c|\u2606arcmaner80|sad\n|\n|t:|1699715190\n|switch|p2a: Both Baby|Iron Moth, tera:Ground|100\/100\n|turn|13\n|inactive|BOX CRUSHER has 120 seconds left.\n|\n|t:|1699715200\n|switch|p1a: Clodsire|Clodsire, M|100\/100\n|move|p2a: Both Baby|Tera Blast|p1a: Clodsire|[anim] Tera Blast Ground\n|-supereffective|p1a: Clodsire\n|-crit|p1a: Clodsire\n|-damage|p1a: Clodsire|37\/100\n|\n|-heal|p1a: Clodsire|43\/100|[from] item: Black Sludge\n|upkeep\n|turn|14\n|inactive|BOX CRUSHER has 120 seconds left.\n|c|\u2606arcmaner80|double crit?\n|\n|t:|1699715223\n|move|p2a: Both Baby|Tera Blast|p1a: Clodsire|[anim] Tera Blast Ground\n|-supereffective|p1a: Clodsire\n|-damage|p1a: Clodsire|0 fnt\n|faint|p1a: Clodsire\n|\n|upkeep\n|c|\u2606arcmaner80|don't need it\n|\n|t:|1699715229\n|switch|p1a: Forretress|Forretress, M|100\/100\n|turn|15\n|\n|t:|1699715236\n|move|p2a: Both Baby|Fiery Dance|p1a: Forretress\n|-supereffective|p1a: Forretress\n|-ability|p1a: Forretress|Sturdy\n|-damage|p1a: Forretress|1\/100\n|-boost|p2a: Both Baby|spa|1\n|move|p1a: Forretress|Gyro Ball|p2a: Both Baby\n|-damage|p2a: Both Baby|50\/100\n|\n|-heal|p1a: Forretress|7\/100|[from] item: Leftovers\n|upkeep\n|turn|16\n|c|\u2606arcmaner80|nuh uh uh\n|inactive|BOX CRUSHER has 120 seconds left.\n|\n|t:|1699715244\n|move|p2a: Both Baby|Fiery Dance|p1a: Forretress\n|-supereffective|p1a: Forretress\n|-damage|p1a: Forretress|0 fnt\n|-boost|p2a: Both Baby|spa|1\n|faint|p1a: Forretress\n|\n|upkeep\n|inactive|BOX CRUSHER has 120 seconds left.\n|\n|t:|1699715253\n|switch|p1a: Jirachi|Jirachi|100\/100\n|turn|17\n|c|\u2606arcmaner80|698 special attack\n|\n|t:|1699715259\n|move|p1a: Jirachi|Zen Headbutt|p2a: Both Baby\n|-damage|p2a: Both Baby|1\/100\n|cant|p2a: Both Baby|flinch\n|\n|upkeep\n|turn|18\n|c|\u2606arcmaner80|if I live\n|c|\u2606arcmaner80|oh come on\n|\n|t:|1699715269\n|-end|p2a: Both Baby|Quark Drive|[silent]\n|switch|p2a: Vicodi\u00f1o|Vikavolt, F|94\/100\n|move|p1a: Jirachi|Zen Headbutt|p2a: Vicodi\u00f1o\n|-damage|p2a: Vicodi\u00f1o|57\/100\n|\n|upkeep\n|turn|19\n|\n|t:|1699715273\n|move|p1a: Jirachi|Zen Headbutt|p2a: Vicodi\u00f1o\n|-damage|p2a: Vicodi\u00f1o|19\/100\n|move|p2a: Vicodi\u00f1o|Bug Buzz|p1a: Jirachi\n|-damage|p1a: Jirachi|48\/100\n|\n|upkeep\n|turn|20\n|\n|t:|1699715276\n|move|p1a: Jirachi|Zen Headbutt|p2a: Vicodi\u00f1o\n|-damage|p2a: Vicodi\u00f1o|0 fnt\n|faint|p2a: Vicodi\u00f1o\n|\n|upkeep\n|\n|t:|1699715279\n|switch|p2a: Tony Komo|Kommo-o, F|100\/100\n|turn|21\n|\n|t:|1699715284\n|move|p1a: Jirachi|Zen Headbutt|p2a: Tony Komo|[miss]\n|-miss|p1a: Jirachi|p2a: Tony Komo\n|move|p2a: Tony Komo|Flamethrower|p1a: Jirachi\n|-supereffective|p1a: Jirachi\n|-damage|p1a: Jirachi|0 fnt\n|faint|p1a: Jirachi\n|\n|upkeep\n|\n|t:|1699715287\n|switch|p1a: Gholdengo|Gholdengo|100\/100\n|turn|22\n|c|\u2606arcmaner80|oof\n|\n|t:|1699715291\n|move|p1a: Gholdengo|Dazzling Gleam|p2a: Tony Komo\n|-supereffective|p2a: Tony Komo\n|-damage|p2a: Tony Komo|0 fnt\n|faint|p2a: Tony Komo\n|\n|upkeep\n|\n|t:|1699715293\n|switch|p2a: Both Baby|Iron Moth, tera:Ground|1\/100\n|turn|23\n|c|\u2606arcmaner80|and ggwps\n|\n|t:|1699715305\n|move|p1a: Gholdengo|Dazzling Gleam|p2a: Both Baby\n|-damage|p2a: Both Baby|0 fnt\n|faint|p2a: Both Baby\n|-end|p2a: Both Baby|Quark Drive|[silent]\n|\n|win|BOX CRUSHER\n|raw|BOX CRUSHER's rating: 1274 &rarr; <strong>1305<\/strong><br \/>(+31 for winning)\n|raw|arcmaner80's rating: 1352 &rarr; <strong>1328<\/strong><br \/>(-24 for losing)\n","uploadtime":1699715309,"views":15,"p1id":"boxcrusher","p2id":"arcmaner80","formatid":"gen9ou","rating":1305,"private":0,"password":""}