{"id":"gen9ou-1991564703","p1":"CyberH3","p2":"LaMeteoDeToobo","format":"[Gen 9] OU","log":"|j|\u2606CyberH3\n|j|\u2606LaMeteoDeToobo\n|t:|1700088881\n|gametype|singles\n|player|p1|CyberH3|mars|1300\n|player|p2|LaMeteoDeToobo|pokemaniac|1303\n|teamsize|p1|6\n|teamsize|p2|6\n|gen|9\n|tier|[Gen 9] OU\n|rated|\n|rule|Sleep Clause Mod: Limit one foe put to sleep\n|rule|Species Clause: Limit one of each Pok\u00e9mon\n|rule|OHKO Clause: OHKO moves are banned\n|rule|Evasion Items Clause: Evasion items are banned\n|rule|Evasion Moves Clause: Evasion moves are banned\n|rule|Endless Battle Clause: Forcing endless battles is banned\n|rule|HP Percentage Mod: HP is shown in percentages\n|clearpoke\n|poke|p1|Goodra-Hisui, M|\n|poke|p1|Scizor, F|\n|poke|p1|Mimikyu, F|\n|poke|p1|Iron Valiant|\n|poke|p1|Talonflame, F|\n|poke|p1|Lokix, M|\n|poke|p2|Walking Wake|\n|poke|p2|Lilligant-Hisui, F|\n|poke|p2|Ceruledge, M|\n|poke|p2|Enamorus, F|\n|poke|p2|Torkoal, M|\n|poke|p2|Hatterene, F|\n|teampreview\n|inactive|Battle timer is ON: inactive players will automatically lose when time's up. (requested by LaMeteoDeToobo)\n|\n|t:|1700088894\n|start\n|switch|p1a: The XO|Talonflame, F|100\/100\n|switch|p2a: Char Tord|Torkoal, M, shiny|100\/100\n|-weather|SunnyDay|[from] ability: Drought|[of] p2a: Char Tord\n|turn|1\n|\n|t:|1700088899\n|move|p1a: The XO|Taunt|p2a: Char Tord\n|-start|p2a: Char Tord|move: Taunt\n|cant|p2a: Char Tord|move: Taunt|Stealth Rock\n|\n|-weather|SunnyDay|[upkeep]\n|upkeep\n|turn|2\n|\n|t:|1700088904\n|switch|p2a: Hatterene|Hatterene, F, shiny|100\/100\n|move|p1a: The XO|Brave Bird|p2a: Hatterene\n|-damage|p2a: Hatterene|49\/100\n|-damage|p1a: The XO|82\/100|[from] Recoil\n|-enditem|p2a: Hatterene|Eject Button\n|\n|t:|1700088912\n|switch|p2a: Serres Pend T\u00f4t|Walking Wake|100\/100\n|-activate|p2a: Serres Pend T\u00f4t|ability: Protosynthesis\n|-start|p2a: Serres Pend T\u00f4t|protosynthesisspa\n|\n|-weather|SunnyDay|[upkeep]\n|-heal|p1a: The XO|88\/100|[from] item: Leftovers\n|upkeep\n|turn|3\n|\n|t:|1700088919\n|move|p1a: The XO|Brave Bird|p2a: Serres Pend T\u00f4t\n|-damage|p2a: Serres Pend T\u00f4t|49\/100\n|-damage|p1a: The XO|69\/100|[from] Recoil\n|move|p2a: Serres Pend T\u00f4t|Draco Meteor|p1a: The XO\n|-damage|p1a: The XO|0 fnt\n|-unboost|p2a: Serres Pend T\u00f4t|spa|2\n|faint|p1a: The XO\n|\n|-weather|SunnyDay|[upkeep]\n|upkeep\n|\n|t:|1700088928\n|switch|p1a: R-TRUS|Iron Valiant|100\/100\n|-enditem|p1a: R-TRUS|Booster Energy\n|-activate|p1a: R-TRUS|ability: Quark Drive|[fromitem]\n|-start|p1a: R-TRUS|quarkdrivespe\n|turn|4\n|\n|t:|1700088939\n|-end|p2a: Serres Pend T\u00f4t|Protosynthesis|[silent]\n|switch|p2a: Char Tord|Torkoal, M, shiny|100\/100\n|move|p1a: R-TRUS|Moonblast|p2a: Char Tord\n|-resisted|p2a: Char Tord\n|-damage|p2a: Char Tord|80\/100\n|-unboost|p2a: Char Tord|spa|1\n|\n|-weather|SunnyDay|[upkeep]\n|upkeep\n|turn|5\n|\n|t:|1700088948\n|move|p1a: R-TRUS|Aura Sphere|p2a: Char Tord\n|-damage|p2a: Char Tord|43\/100\n|move|p2a: Char Tord|Yawn|p1a: R-TRUS\n|-start|p1a: R-TRUS|move: Yawn|[of] p2a: Char Tord\n|\n|-weather|SunnyDay|[upkeep]\n|upkeep\n|turn|6\n|\n|t:|1700088955\n|-end|p1a: R-TRUS|Quark Drive|[silent]\n|switch|p1a: Snailtare|Goodra-Hisui, M|100\/100\n|move|p2a: Char Tord|Stealth Rock|p1a: Snailtare\n|-sidestart|p1: CyberH3|move: Stealth Rock\n|\n|-weather|SunnyDay|[upkeep]\n|upkeep\n|turn|7\n|\n|t:|1700088972\n|switch|p2a: Mal Va Lame|Ceruledge, M, shiny|100\/100\n|move|p1a: Snailtare|Flamethrower|p2a: Mal Va Lame\n|-resisted|p2a: Mal Va Lame\n|-damage|p2a: Mal Va Lame|75\/100\n|\n|-weather|SunnyDay|[upkeep]\n|upkeep\n|turn|8\n|\n|t:|1700088980\n|move|p2a: Mal Va Lame|Swords Dance|p2a: Mal Va Lame\n|-boost|p2a: Mal Va Lame|atk|2\n|move|p1a: Snailtare|Draco Meteor|p2a: Mal Va Lame|[miss]\n|-miss|p1a: Snailtare|p2a: Mal Va Lame\n|\n|-weather|none\n|upkeep\n|turn|9\n|\n|t:|1700088987\n|move|p1a: Snailtare|Protect|p1a: Snailtare\n|-singleturn|p1a: Snailtare|Protect\n|move|p2a: Mal Va Lame|Bitter Blade|p1a: Snailtare\n|-activate|p1a: Snailtare|move: Protect\n|\n|upkeep\n|turn|10\n|\n|t:|1700088989\n|move|p2a: Mal Va Lame|Bitter Blade|p1a: Snailtare\n|-damage|p1a: Snailtare|18\/100\n|-heal|p2a: Mal Va Lame|100\/100|[from] drain|[of] p1a: Snailtare\n|move|p1a: Snailtare|Draco Meteor|p2a: Mal Va Lame\n|-damage|p2a: Mal Va Lame|27\/100\n|-unboost|p1a: Snailtare|spa|2\n|\n|-heal|p1a: Snailtare|24\/100|[from] item: Leftovers\n|upkeep\n|turn|11\n|\n|t:|1700088998\n|move|p2a: Mal Va Lame|Bitter Blade|p1a: Snailtare\n|-damage|p1a: Snailtare|0 fnt\n|-heal|p2a: Mal Va Lame|42\/100|[from] drain|[of] p1a: Snailtare\n|faint|p1a: Snailtare\n|\n|upkeep\n|\n|t:|1700089003\n|switch|p1a: Morf LeRosh|Lokix, M|100\/100\n|-damage|p1a: Morf LeRosh|76\/100|[from] Stealth Rock\n|turn|12\n|\n|t:|1700089008\n|move|p1a: Morf LeRosh|First Impression|p2a: Mal Va Lame\n|-resisted|p2a: Mal Va Lame\n|-damage|p2a: Mal Va Lame|7\/100\n|-ability|p2a: Mal Va Lame|Weak Armor|boost\n|-unboost|p2a: Mal Va Lame|def|1\n|-boost|p2a: Mal Va Lame|spe|2\n|-damage|p1a: Morf LeRosh|66\/100|[from] item: Life Orb\n|move|p2a: Mal Va Lame|Shadow Sneak|p1a: Morf LeRosh\n|-resisted|p1a: Morf LeRosh\n|-damage|p1a: Morf LeRosh|38\/100\n|\n|upkeep\n|turn|13\n|\n|t:|1700089017\n|move|p2a: Mal Va Lame|Bitter Blade|p1a: Morf LeRosh\n|-supereffective|p1a: Morf LeRosh\n|-damage|p1a: Morf LeRosh|0 fnt\n|-heal|p2a: Mal Va Lame|25\/100|[from] drain|[of] p1a: Morf LeRosh\n|faint|p1a: Morf LeRosh\n|\n|upkeep\n|\n|t:|1700089020\n|switch|p1a: OHAYOLLIE|Mimikyu, F|100\/100\n|-damage|p1a: OHAYOLLIE|88\/100|[from] Stealth Rock\n|turn|14\n|\n|t:|1700089024\n|move|p2a: Mal Va Lame|Shadow Sneak|p1a: OHAYOLLIE\n|-activate|p1a: OHAYOLLIE|ability: Disguise\n|-damage|p1a: OHAYOLLIE|88\/100\n|detailschange|p1a: OHAYOLLIE|Mimikyu-Busted, F\n|-damage|p1a: OHAYOLLIE|76\/100|[from] pokemon: Mimikyu-Busted\n|move|p1a: OHAYOLLIE|Shadow Sneak|p2a: Mal Va Lame\n|-supereffective|p2a: Mal Va Lame\n|-damage|p2a: Mal Va Lame|0 fnt\n|faint|p2a: Mal Va Lame\n|-damage|p1a: OHAYOLLIE|66\/100|[from] item: Life Orb\n|\n|upkeep\n|\n|t:|1700089032\n|switch|p2a: Char Tord|Torkoal, M, shiny|43\/100\n|-weather|SunnyDay|[from] ability: Drought|[of] p2a: Char Tord\n|turn|15\n|\n|t:|1700089039\n|move|p1a: OHAYOLLIE|Swords Dance|p1a: OHAYOLLIE\n|-boost|p1a: OHAYOLLIE|atk|2\n|move|p2a: Char Tord|Yawn|p1a: OHAYOLLIE\n|-start|p1a: OHAYOLLIE|move: Yawn|[of] p2a: Char Tord\n|\n|-weather|SunnyDay|[upkeep]\n|upkeep\n|turn|16\n|\n|t:|1700089047\n|switch|p2a: Fragile A Dit|Lilligant-Hisui, F, shiny|100\/100\n|move|p1a: OHAYOLLIE|Play Rough|p2a: Fragile A Dit\n|-supereffective|p2a: Fragile A Dit\n|-damage|p2a: Fragile A Dit|0 fnt\n|faint|p2a: Fragile A Dit\n|-damage|p1a: OHAYOLLIE|56\/100|[from] item: Life Orb\n|\n|-weather|SunnyDay|[upkeep]\n|-end|p1a: OHAYOLLIE|move: Yawn|[silent]\n|-status|p1a: OHAYOLLIE|slp\n|upkeep\n|\n|t:|1700089056\n|switch|p2a: Serres Pend T\u00f4t|Walking Wake|49\/100\n|-activate|p2a: Serres Pend T\u00f4t|ability: Protosynthesis\n|-start|p2a: Serres Pend T\u00f4t|protosynthesisspa\n|turn|17\n|\n|t:|1700089060\n|move|p2a: Serres Pend T\u00f4t|Hydro Steam|p1a: OHAYOLLIE\n|-damage|p1a: OHAYOLLIE|0 fnt\n|faint|p1a: OHAYOLLIE\n|\n|-weather|SunnyDay|[upkeep]\n|upkeep\n|\n|t:|1700089066\n|switch|p1a: R-TRUS|Iron Valiant|100\/100\n|-damage|p1a: R-TRUS|94\/100|[from] Stealth Rock\n|turn|18\n|\n|t:|1700089072\n|-end|p2a: Serres Pend T\u00f4t|Protosynthesis|[silent]\n|switch|p2a: Char Tord|Torkoal, M, shiny|43\/100\n|move|p1a: R-TRUS|Moonblast|p2a: Char Tord\n|-resisted|p2a: Char Tord\n|-damage|p2a: Char Tord|23\/100\n|-unboost|p2a: Char Tord|spa|1\n|\n|-weather|SunnyDay|[upkeep]\n|upkeep\n|turn|19\n|\n|t:|1700089077\n|move|p1a: R-TRUS|Aura Sphere|p2a: Char Tord\n|-damage|p2a: Char Tord|0 fnt\n|faint|p2a: Char Tord\n|\n|-weather|SunnyDay|[upkeep]\n|upkeep\n|\n|t:|1700089080\n|switch|p2a: \u00c2me Au V\u00e9nus|Enamorus, F, shiny|100\/100\n|turn|20\n|\n|t:|1700089088\n|-terastallize|p1a: R-TRUS|Steel\n|move|p1a: R-TRUS|Thunderbolt|p2a: \u00c2me Au V\u00e9nus\n|-supereffective|p2a: \u00c2me Au V\u00e9nus\n|-damage|p2a: \u00c2me Au V\u00e9nus|12\/100\n|move|p2a: \u00c2me Au V\u00e9nus|Moonblast|p1a: R-TRUS\n|-resisted|p1a: R-TRUS\n|-damage|p1a: R-TRUS|49\/100\n|-unboost|p1a: R-TRUS|spa|1\n|\n|-weather|SunnyDay|[upkeep]\n|upkeep\n|turn|21\n|\n|t:|1700089094\n|-terastallize|p2a: \u00c2me Au V\u00e9nus|Ground\n|move|p1a: R-TRUS|Moonblast|p2a: \u00c2me Au V\u00e9nus\n|-damage|p2a: \u00c2me Au V\u00e9nus|0 fnt\n|faint|p2a: \u00c2me Au V\u00e9nus\n|\n|-weather|SunnyDay|[upkeep]\n|upkeep\n|-message|LaMeteoDeToobo forfeited.\n|\n|win|CyberH3\n|raw|CyberH3's rating: 1300 &rarr; <strong>1325<\/strong><br \/>(+25 for winning)\n|raw|LaMeteoDeToobo's rating: 1303 &rarr; <strong>1283<\/strong><br \/>(-20 for losing)\n|l|\u2606LaMeteoDeToobo\n","uploadtime":1700089101,"views":24,"p1id":"cyberh3","p2id":"lameteodetoobo","formatid":"gen9ou","rating":1283,"private":0,"password":""}