{"id":"gen9ou-1992921972","p1":"invisible1sh","p2":"navirelampago","format":"[Gen 9] OU","log":"|j|\u2606invisible1sh\n|j|\u2606navirelampago\n|t:|1700247067\n|gametype|singles\n|player|p1|invisible1sh|birdkeeper|1177\n|player|p2|navirelampago|ethan|1127\n|teamsize|p1|6\n|teamsize|p2|6\n|gen|9\n|tier|[Gen 9] OU\n|rated|\n|rule|Sleep Clause Mod: Limit one foe put to sleep\n|rule|Species Clause: Limit one of each Pok\u00e9mon\n|rule|OHKO Clause: OHKO moves are banned\n|rule|Evasion Items Clause: Evasion items are banned\n|rule|Evasion Moves Clause: Evasion moves are banned\n|rule|Endless Battle Clause: Forcing endless battles is banned\n|rule|HP Percentage Mod: HP is shown in percentages\n|clearpoke\n|poke|p1|Cinderace, M|\n|poke|p1|Clefable, M|\n|poke|p1|Ogerpon-Wellspring, F|\n|poke|p1|Rillaboom, F|\n|poke|p1|Corviknight, F|\n|poke|p1|Landorus-Therian, M|\n|poke|p2|Tyranitar, M|\n|poke|p2|Mudsdale, M|\n|poke|p2|Heatran, F|\n|poke|p2|Corviknight, M|\n|poke|p2|Ogerpon-Cornerstone, F|\n|poke|p2|Sandy Shocks|\n|teampreview\n|inactive|Battle timer is ON: inactive players will automatically lose when time's up. (requested by navirelampago)\n|\n|t:|1700247092\n|start\n|switch|p1a: Cinderace|Cinderace, M|100\/100\n|switch|p2a: Heatran|Heatran, F, shiny|100\/100\n|turn|1\n|\n|t:|1700247101\n|move|p1a: Cinderace|Pyro Ball|p2a: Heatran\n|-start|p2a: Heatran|ability: Flash Fire\n|move|p2a: Heatran|Earth Power|p1a: Cinderace\n|-supereffective|p1a: Cinderace\n|-enditem|p1a: Cinderace|Focus Sash\n|-damage|p1a: Cinderace|1\/100\n|\n|upkeep\n|turn|2\n|\n|t:|1700247108\n|move|p1a: Cinderace|Reversal|p2a: Heatran\n|-supereffective|p2a: Heatran\n|-damage|p2a: Heatran|0 fnt\n|faint|p2a: Heatran\n|\n|upkeep\n|\n|t:|1700247119\n|switch|p2a: Ogerpon|Ogerpon-Cornerstone, F|100\/100\n|turn|3\n|\n|t:|1700247127\n|-terastallize|p2a: Ogerpon|Rock\n|detailschange|p2a: Ogerpon|Ogerpon-Cornerstone-Tera, F, tera:Rock\n|-ability|p2a: Ogerpon|Embody Aspect (Cornerstone)|boost\n|-boost|p2a: Ogerpon|def|1\n|move|p1a: Cinderace|Reversal|p2a: Ogerpon\n|-supereffective|p2a: Ogerpon\n|-damage|p2a: Ogerpon|0 fnt\n|faint|p2a: Ogerpon\n|\n|upkeep\n|\n|t:|1700247137\n|switch|p2a: Corviknight|Corviknight, M|100\/100\n|turn|4\n|\n|t:|1700247142\n|move|p1a: Cinderace|Pyro Ball|p2a: Corviknight\n|-supereffective|p2a: Corviknight\n|-damage|p2a: Corviknight|0 fnt\n|faint|p2a: Corviknight\n|\n|upkeep\n|\n|t:|1700247152\n|switch|p2a: Mudsdale|Mudsdale, M, shiny|100\/100\n|turn|5\n|\n|t:|1700247157\n|-terastallize|p1a: Cinderace|Fighting\n|move|p1a: Cinderace|Reversal|p2a: Mudsdale\n|-damage|p2a: Mudsdale|21\/100\n|-ability|p2a: Mudsdale|Stamina|boost\n|-boost|p2a: Mudsdale|def|1\n|move|p2a: Mudsdale|Earthquake|p1a: Cinderace\n|-damage|p1a: Cinderace|0 fnt\n|faint|p1a: Cinderace\n|\n|-heal|p2a: Mudsdale|27\/100|[from] item: Leftovers\n|upkeep\n|\n|t:|1700247164\n|switch|p1a: Ogerpon|Ogerpon-Wellspring, F|100\/100\n|turn|6\n|\n|t:|1700247174\n|move|p1a: Ogerpon|Ivy Cudgel|p2a: Mudsdale|[anim] Ivy Cudgel Water\n|-supereffective|p2a: Mudsdale\n|-damage|p2a: Mudsdale|0 fnt\n|faint|p2a: Mudsdale\n|\n|upkeep\n|\n|t:|1700247182\n|switch|p2a: Sandy Shocks|Sandy Shocks, shiny|100\/100\n|-enditem|p2a: Sandy Shocks|Booster Energy\n|-activate|p2a: Sandy Shocks|ability: Protosynthesis|[fromitem]\n|-start|p2a: Sandy Shocks|protosynthesisspa\n|turn|7\n|\n|t:|1700247190\n|switch|p1a: Landorus|Landorus-Therian, M|100\/100\n|-ability|p1a: Landorus|Intimidate|boost\n|-unboost|p2a: Sandy Shocks|atk|1\n|move|p2a: Sandy Shocks|Thunderbolt|p1a: Landorus\n|-immune|p1a: Landorus\n|\n|upkeep\n|turn|8\n|-message|navirelampago forfeited.\n|\n|win|invisible1sh\n|raw|invisible1sh's rating: 1177 &rarr; <strong>1198<\/strong><br \/>(+21 for winning)\n|raw|navirelampago's rating: 1127 &rarr; <strong>1106<\/strong><br \/>(-21 for losing)\n|l|\u2606navirelampago\n","uploadtime":1700247218,"views":11,"p1id":"invisible1sh","p2id":"navirelampago","formatid":"gen9ou","rating":1106,"private":0,"password":""}