{"id":"gen9ou-1994461297","p1":"JAADragon","p2":"Gimmieyourmoney","format":"[Gen 9] OU","log":"|j|\u2606JAADragon\n|j|\u2606Gimmieyourmoney\n|t:|1700446573\n|gametype|singles\n|player|p1|JAADragon|ethan|1079\n|player|p2|Gimmieyourmoney|infielder|1029\n|teamsize|p1|6\n|teamsize|p2|6\n|gen|9\n|tier|[Gen 9] OU\n|rated|\n|rule|Sleep Clause Mod: Limit one foe put to sleep\n|rule|Species Clause: Limit one of each Pok\u00e9mon\n|rule|OHKO Clause: OHKO moves are banned\n|rule|Evasion Items Clause: Evasion items are banned\n|rule|Evasion Moves Clause: Evasion moves are banned\n|rule|Endless Battle Clause: Forcing endless battles is banned\n|rule|HP Percentage Mod: HP is shown in percentages\n|clearpoke\n|poke|p1|Ampharos, F|\n|poke|p1|Typhlosion, M|\n|poke|p1|Espeon, F|\n|poke|p1|Forretress, M|\n|poke|p1|Quagsire, M|\n|poke|p1|Noctowl, F|\n|poke|p2|Alomomola, F|\n|poke|p2|Cinderace, F|\n|poke|p2|Kingambit, M|\n|poke|p2|Great Tusk|\n|poke|p2|Thundurus-Therian, M|\n|poke|p2|Slowking-Galar, F|\n|teampreview\n|\n|t:|1700446578\n|start\n|switch|p1a: Megumi|Espeon, F|100\/100\n|switch|p2a: Great Tusk|Great Tusk|100\/100\n|turn|1\n|inactive|Battle timer is ON: inactive players will automatically lose when time's up. (requested by JAADragon)\n|\n|t:|1700446585\n|move|p1a: Megumi|Dazzling Gleam|p2a: Great Tusk\n|-supereffective|p2a: Great Tusk\n|-damage|p2a: Great Tusk|0 fnt\n|faint|p2a: Great Tusk\n|-end|p2a: Great Tusk|Protosynthesis|[silent]\n|\n|upkeep\n|\n|t:|1700446603\n|switch|p2a: Cinderace|Cinderace, F|100\/100\n|turn|2\n|\n|t:|1700446631\n|switch|p1a: Spike|Typhlosion, M|100\/100\n|move|p2a: Cinderace|U-turn|p1a: Spike\n|-start|p2a: Cinderace|typechange|Bug|[from] ability: Libero\n|-resisted|p1a: Spike\n|-damage|p1a: Spike|76\/100\n|\n|t:|1700446638\n|switch|p2a: Alomomola|Alomomola, F|100\/100|[from] U-turn\n|\n|upkeep\n|turn|3\n|\n|t:|1700446645\n|switch|p1a: Blast|Quagsire, M|100\/100\n|move|p2a: Alomomola|Scald|p1a: Blast\n|-immune|p1a: Blast|[from] ability: Water Absorb\n|\n|upkeep\n|turn|4\n|\n|t:|1700446666\n|switch|p2a: Thundurus|Thundurus-Therian, M|100\/100\n|move|p1a: Blast|Yawn|p2a: Thundurus\n|-start|p2a: Thundurus|move: Yawn|[of] p1a: Blast\n|\n|upkeep\n|turn|5\n|\n|t:|1700446682\n|move|p2a: Thundurus|Knock Off|p1a: Blast\n|-damage|p1a: Blast|83\/100\n|-enditem|p1a: Blast|Red Card|[from] move: Knock Off|[of] p2a: Thundurus\n|move|p1a: Blast|Icy Wind|p2a: Thundurus\n|-supereffective|p2a: Thundurus\n|-damage|p2a: Thundurus|76\/100\n|-unboost|p2a: Thundurus|spe|1\n|\n|-end|p2a: Thundurus|move: Yawn|[silent]\n|-status|p2a: Thundurus|slp\n|upkeep\n|turn|6\n|inactive|Gimmieyourmoney has 120 seconds left.\n|\n|t:|1700446701\n|switch|p2a: Slowking|Slowking-Galar, F|100\/100\n|move|p1a: Blast|Thief|p2a: Slowking\n|-supereffective|p2a: Slowking\n|-damage|p2a: Slowking|77\/100\n|-enditem|p2a: Slowking|Heavy-Duty Boots|[silent]|[from] move: Thief|[of] p1a: Blast\n|-item|p1a: Blast|Heavy-Duty Boots|[from] move: Thief|[of] p2a: Slowking\n|\n|upkeep\n|turn|7\n|\n|t:|1700446714\n|move|p1a: Blast|Yawn|p2a: Slowking\n|-start|p2a: Slowking|move: Yawn|[of] p1a: Blast\n|move|p2a: Slowking|Psychic|p1a: Blast\n|-crit|p1a: Blast\n|-damage|p1a: Blast|33\/100\n|\n|upkeep\n|turn|8\n|inactive|Gimmieyourmoney has 120 seconds left.\n|\n|t:|1700446734\n|switch|p1a: Megumi|Espeon, F|100\/100\n|move|p2a: Slowking|Sludge Bomb|p1a: Megumi\n|-damage|p1a: Megumi|56\/100\n|\n|-end|p2a: Slowking|move: Yawn|[silent]\n|-message|Sleep Clause Mod activated.\n|-hint|Sleep Clause Mod prevents players from putting more than one of their opponent's Pok\u00e9mon to sleep at a time\n|upkeep\n|turn|9\n|inactive|Gimmieyourmoney has 120 seconds left.\n|\n|t:|1700446758\n|switch|p1a: 40oz|Forretress, M|100\/100\n|move|p2a: Slowking|Chilly Reception|p2a: Slowking\n|-weather|Snow\n|\n|t:|1700446769\n|switch|p2a: Cinderace|Cinderace, F|100\/100|[from] Chilly Reception\n|\n|-weather|Snow|[upkeep]\n|upkeep\n|turn|10\n|\n|t:|1700446776\n|-terastallize|p1a: 40oz|Ground\n|move|p2a: Cinderace|Pyro Ball|p1a: 40oz\n|-damage|p1a: 40oz|54\/100\n|move|p1a: 40oz|Thunder Wave|p2a: Cinderace\n|-status|p2a: Cinderace|par\n|\n|-weather|Snow|[upkeep]\n|-heal|p1a: 40oz|60\/100|[from] item: Leftovers\n|upkeep\n|turn|11\n|\n|t:|1700446796\n|cant|p2a: Cinderace|par\n|move|p1a: 40oz|Rapid Spin|p2a: Cinderace\n|-damage|p2a: Cinderace|80\/100 par\n|-boost|p1a: 40oz|spe|1\n|\n|-weather|Snow|[upkeep]\n|-heal|p1a: 40oz|66\/100|[from] item: Leftovers\n|upkeep\n|turn|12\n|\n|t:|1700446806\n|move|p2a: Cinderace|U-turn|p1a: 40oz\n|-start|p2a: Cinderace|typechange|Bug|[from] ability: Libero\n|-damage|p1a: 40oz|36\/100\n|\n|t:|1700446815\n|switch|p2a: Alomomola|Alomomola, F|100\/100|[from] U-turn\n|move|p1a: 40oz|Lunge|p2a: Alomomola\n|-damage|p2a: Alomomola|79\/100\n|-unboost|p2a: Alomomola|atk|1\n|-enditem|p2a: Alomomola|Red Card|[of] p1a: 40oz\n|drag|p1a: Blast|Quagsire, M|33\/100\n|\n|-weather|Snow|[upkeep]\n|upkeep\n|turn|13\n|\n|t:|1700446835\n|move|p2a: Alomomola|Wish|p2a: Alomomola\n|move|p1a: Blast|Icy Wind|p2a: Alomomola\n|-resisted|p2a: Alomomola\n|-damage|p2a: Alomomola|75\/100\n|-unboost|p2a: Alomomola|spe|1\n|\n|-weather|none\n|upkeep\n|turn|14\n|\n|t:|1700446851\n|switch|p1a: Amp!|Ampharos, F|100\/100\n|move|p2a: Alomomola|Acrobatics|p1a: Amp!\n|-resisted|p1a: Amp!\n|-damage|p1a: Amp!|93\/100\n|\n|-heal|p2a: Alomomola|100\/100|[from] move: Wish|[wisher] Alomomola\n|upkeep\n|turn|15\n|\n|t:|1700446877\n|switch|p2a: Kingambit|Kingambit, M|100\/100\n|-activate|p2a: Kingambit|ability: Supreme Overlord\n|-start|p2a: Kingambit|fallen1|[silent]\n|move|p1a: Amp!|Ice Punch|p2a: Kingambit\n|-resisted|p2a: Kingambit\n|-damage|p2a: Kingambit|90\/100\n|-status|p2a: Kingambit|frz\n|\n|-heal|p2a: Kingambit|96\/100 frz|[from] item: Leftovers\n|upkeep\n|turn|16\n|inactive|Gimmieyourmoney has 90 seconds left.\n|\n|t:|1700446894\n|switch|p1a: Noctowl|Noctowl, F, shiny|100\/100\n|-end|p2a: Kingambit|fallen1|[silent]\n|switch|p2a: Slowking|Slowking-Galar, F|100\/100\n|\n|upkeep\n|turn|17\n|\n|t:|1700446907\n|switch|p1a: 40oz|Forretress, M, tera:Ground|36\/100\n|move|p2a: Slowking|Ice Beam|p1a: 40oz\n|-supereffective|p1a: 40oz\n|-damage|p1a: 40oz|0 fnt\n|faint|p1a: 40oz\n|\n|upkeep\n|inactive|JAADragon has 120 seconds left.\n|\n|t:|1700446933\n|switch|p1a: Amp!|Ampharos, F|93\/100\n|turn|18\n|\n|t:|1700446948\n|move|p1a: Amp!|Bulldoze|p2a: Slowking\n|-supereffective|p2a: Slowking\n|-damage|p2a: Slowking|52\/100\n|-unboost|p2a: Slowking|spe|1\n|move|p2a: Slowking|Psychic|p1a: Amp!\n|-damage|p1a: Amp!|62\/100\n|\n|upkeep\n|turn|19\n|\n|t:|1700446957\n|switch|p1a: Megumi|Espeon, F|56\/100\n|move|p2a: Slowking|Chilly Reception|p2a: Slowking\n|-weather|Snow\n|\n|t:|1700446974\n|switch|p2a: Cinderace|Cinderace, F|80\/100 par|[from] Chilly Reception\n|\n|-weather|Snow|[upkeep]\n|upkeep\n|turn|20\n|\n|t:|1700446982\n|move|p1a: Megumi|Power Gem|p2a: Cinderace\n|-supereffective|p2a: Cinderace\n|-damage|p2a: Cinderace|0 fnt\n|faint|p2a: Cinderace\n|\n|-weather|Snow|[upkeep]\n|upkeep\n|\n|t:|1700446989\n|switch|p2a: Kingambit|Kingambit, M|96\/100 frz\n|-activate|p2a: Kingambit|ability: Supreme Overlord\n|-start|p2a: Kingambit|fallen2|[silent]\n|turn|21\n|\n|t:|1700446995\n|switch|p1a: Noctowl|Noctowl, F, shiny|100\/100\n|cant|p2a: Kingambit|frz\n|\n|-weather|Snow|[upkeep]\n|-heal|p2a: Kingambit|100\/100 frz|[from] item: Leftovers\n|upkeep\n|turn|22\n|\n|t:|1700447003\n|move|p1a: Noctowl|Tailwind|p1a: Noctowl\n|-sidestart|p1: JAADragon|move: Tailwind\n|cant|p2a: Kingambit|frz\n|\n|-weather|Snow|[upkeep]\n|upkeep\n|turn|23\n|-message|Gimmieyourmoney forfeited.\n|\n|win|JAADragon\n|raw|JAADragon's rating: 1079 &rarr; <strong>1103<\/strong><br \/>(+24 for winning)\n|raw|Gimmieyourmoney's rating: 1029 &rarr; <strong>1017<\/strong><br \/>(-12 for losing)\n|l|\u2606Gimmieyourmoney\n","uploadtime":1700447020,"views":10,"p1id":"jaadragon","p2id":"gimmieyourmoney","formatid":"gen9ou","rating":1017,"private":0,"password":""}