{"id":"gen9ou-1989023687","p1":"agency paid actor","p2":"yellow motorola","format":"[Gen 9] OU","log":"|j|\u2606agency paid actor\n|j|\u2606yellow motorola\n|t:|1699803458\n|gametype|singles\n|player|p1|agency paid actor|rocketgruntf|1581\n|player|p2|yellow motorola|will-gen2|1566\n|teamsize|p1|6\n|teamsize|p2|6\n|gen|9\n|tier|[Gen 9] OU\n|rated|\n|rule|Sleep Clause Mod: Limit one foe put to sleep\n|rule|Species Clause: Limit one of each Pok\u00e9mon\n|rule|OHKO Clause: OHKO moves are banned\n|rule|Evasion Items Clause: Evasion items are banned\n|rule|Evasion Moves Clause: Evasion moves are banned\n|rule|Endless Battle Clause: Forcing endless battles is banned\n|rule|HP Percentage Mod: HP is shown in percentages\n|clearpoke\n|poke|p1|Samurott-Hisui, M|\n|poke|p1|Rillaboom, F|\n|poke|p1|Sneasler, M|\n|poke|p1|Iron Moth|\n|poke|p1|Iron Valiant|\n|poke|p1|Ogerpon-Cornerstone, F|\n|poke|p2|Sinistcha|\n|poke|p2|Rillaboom, F|\n|poke|p2|Ursaluna, F|\n|poke|p2|Cinderace, F|\n|poke|p2|Sneasler, M|\n|poke|p2|Manaphy|\n|teampreview\n|inactive|Battle timer is ON: inactive players will automatically lose when time's up. (requested by yellow motorola)\n|inactive|agency paid actor also wants the timer to be on.\n|\n|t:|1699803470\n|start\n|switch|p1a: Rillaboom|Rillaboom, F|100\/100\n|switch|p2a: Portgas D. Ace \ud83d\udd25|Cinderace, F, shiny|100\/100\n|-fieldstart|move: Grassy Terrain|[from] ability: Grassy Surge|[of] p1a: Rillaboom\n|turn|1\n|\n|t:|1699803481\n|switch|p1a: Samurott|Samurott-Hisui, M|100\/100\n|move|p2a: Portgas D. Ace \ud83d\udd25|U-turn|p1a: Samurott\n|-supereffective|p1a: Samurott\n|-damage|p1a: Samurott|56\/100\n|\n|t:|1699803488\n|switch|p2a: Winston \ud83e\udd8d|Rillaboom, F|100\/100|[from] U-turn\n|\n|-heal|p1a: Samurott|62\/100|[from] Grassy Terrain\n|upkeep\n|turn|2\n|\n|t:|1699803499\n|switch|p1a: Iron Moth|Iron Moth|100\/100\n|-enditem|p1a: Iron Moth|Booster Energy\n|-activate|p1a: Iron Moth|ability: Quark Drive|[fromitem]\n|-start|p1a: Iron Moth|quarkdrivespe\n|move|p2a: Winston \ud83e\udd8d|U-turn|p1a: Iron Moth\n|-resisted|p1a: Iron Moth\n|-damage|p1a: Iron Moth|88\/100\n|\n|t:|1699803501\n|switch|p2a: Freddy Fazbear|Ursaluna, F, shiny|100\/100|[from] U-turn\n|\n|-heal|p1a: Iron Moth|94\/100|[from] Grassy Terrain\n|-status|p2a: Freddy Fazbear|brn|[from] item: Flame Orb\n|upkeep\n|turn|3\n|inactive|agency paid actor has 120 seconds left.\n|\n|t:|1699803532\n|-terastallize|p1a: Iron Moth|Grass\n|move|p1a: Iron Moth|Fiery Dance|p2a: Freddy Fazbear\n|-damage|p2a: Freddy Fazbear|61\/100 brn\n|-boost|p1a: Iron Moth|spa|1\n|move|p2a: Freddy Fazbear|Facade|p1a: Iron Moth\n|-damage|p1a: Iron Moth|0 fnt\n|faint|p1a: Iron Moth\n|-end|p1a: Iron Moth|Quark Drive|[silent]\n|\n|-heal|p2a: Freddy Fazbear|67\/100 brn|[from] Grassy Terrain\n|-damage|p2a: Freddy Fazbear|61\/100 brn|[from] brn\n|upkeep\n|\n|t:|1699803534\n|switch|p1a: Rillaboom|Rillaboom, F|100\/100\n|turn|4\n|\n|t:|1699803544\n|switch|p2a: Portgas D. Ace \ud83d\udd25|Cinderace, F, shiny|100\/100\n|move|p1a: Rillaboom|Wood Hammer|p2a: Portgas D. Ace \ud83d\udd25\n|-resisted|p2a: Portgas D. Ace \ud83d\udd25\n|-damage|p2a: Portgas D. Ace \ud83d\udd25|15\/100\n|-damage|p1a: Rillaboom|71\/100|[from] Recoil\n|\n|-heal|p2a: Portgas D. Ace \ud83d\udd25|22\/100|[from] Grassy Terrain\n|-heal|p1a: Rillaboom|77\/100|[from] Grassy Terrain\n|upkeep\n|turn|5\n|\n|t:|1699803561\n|move|p2a: Portgas D. Ace \ud83d\udd25|U-turn|p1a: Rillaboom\n|-supereffective|p1a: Rillaboom\n|-damage|p1a: Rillaboom|37\/100\n|\n|t:|1699803566\n|switch|p2a: Dimple \ud83c\udf75|Sinistcha|100\/100|[from] U-turn\n|-enditem|p2a: Dimple \ud83c\udf75|Grassy Seed\n|-boost|p2a: Dimple \ud83c\udf75|def|1|[from] item: Grassy Seed\n|move|p1a: Rillaboom|Wood Hammer|p2a: Dimple \ud83c\udf75\n|-resisted|p2a: Dimple \ud83c\udf75\n|-damage|p2a: Dimple \ud83c\udf75|68\/100\n|-damage|p1a: Rillaboom|26\/100|[from] Recoil\n|\n|-heal|p1a: Rillaboom|32\/100|[from] Grassy Terrain\n|-heal|p2a: Dimple \ud83c\udf75|74\/100|[from] Grassy Terrain\n|-fieldend|move: Grassy Terrain\n|upkeep\n|turn|6\n|\n|t:|1699803576\n|switch|p1a: Samurott|Samurott-Hisui, M|62\/100\n|move|p2a: Dimple \ud83c\udf75|Matcha Gotcha|p1a: Samurott\n|-supereffective|p1a: Samurott\n|-damage|p1a: Samurott|0 fnt\n|-heal|p2a: Dimple \ud83c\udf75|100\/100|[from] drain|[of] p1a: Samurott\n|faint|p1a: Samurott\n|\n|upkeep\n|\n|t:|1699803580\n|switch|p1a: Sneasler|Sneasler, M|100\/100\n|turn|7\n|\n|t:|1699803586\n|-terastallize|p2a: Dimple \ud83c\udf75|Poison\n|move|p1a: Sneasler|Dire Claw|p2a: Dimple \ud83c\udf75\n|-resisted|p2a: Dimple \ud83c\udf75\n|-damage|p2a: Dimple \ud83c\udf75|89\/100\n|-status|p2a: Dimple \ud83c\udf75|slp\n|cant|p2a: Dimple \ud83c\udf75|slp\n|\n|upkeep\n|turn|8\n|\n|t:|1699803603\n|switch|p1a: Ogerpon|Ogerpon-Cornerstone, F|100\/100\n|cant|p2a: Dimple \ud83c\udf75|slp\n|\n|upkeep\n|turn|9\n|\n|t:|1699803606\n|move|p1a: Ogerpon|Swords Dance|p1a: Ogerpon\n|-boost|p1a: Ogerpon|atk|2\n|-curestatus|p2a: Dimple \ud83c\udf75|slp|[msg]\n|move|p2a: Dimple \ud83c\udf75|Strength Sap|p1a: Ogerpon\n|-unboost|p1a: Ogerpon|atk|1\n|-heal|p2a: Dimple \ud83c\udf75|100\/100\n|\n|upkeep\n|turn|10\n|\n|t:|1699803610\n|move|p1a: Ogerpon|Swords Dance|p1a: Ogerpon\n|-boost|p1a: Ogerpon|atk|2\n|move|p2a: Dimple \ud83c\udf75|Matcha Gotcha|p1a: Ogerpon\n|-damage|p1a: Ogerpon|62\/100\n|-status|p1a: Ogerpon|brn\n|\n|-damage|p1a: Ogerpon|56\/100 brn|[from] brn\n|upkeep\n|turn|11\n|\n|t:|1699803613\n|move|p1a: Ogerpon|Ivy Cudgel|p2a: Dimple \ud83c\udf75\n|-damage|p2a: Dimple \ud83c\udf75|61\/100\n|move|p2a: Dimple \ud83c\udf75|Strength Sap|p1a: Ogerpon\n|-unboost|p1a: Ogerpon|atk|1\n|-heal|p2a: Dimple \ud83c\udf75|100\/100\n|\n|-damage|p1a: Ogerpon|50\/100 brn|[from] brn\n|upkeep\n|turn|12\n|\n|t:|1699803616\n|move|p1a: Ogerpon|Swords Dance|p1a: Ogerpon\n|-boost|p1a: Ogerpon|atk|2\n|move|p2a: Dimple \ud83c\udf75|Matcha Gotcha|p1a: Ogerpon\n|-damage|p1a: Ogerpon|12\/100 brn\n|\n|-damage|p1a: Ogerpon|6\/100 brn|[from] brn\n|upkeep\n|turn|13\n|\n|t:|1699803619\n|move|p1a: Ogerpon|Ivy Cudgel|p2a: Dimple \ud83c\udf75\n|-damage|p2a: Dimple \ud83c\udf75|59\/100\n|move|p2a: Dimple \ud83c\udf75|Strength Sap|p1a: Ogerpon\n|-unboost|p1a: Ogerpon|atk|1\n|-heal|p2a: Dimple \ud83c\udf75|100\/100\n|\n|-damage|p1a: Ogerpon|0 fnt|[from] brn\n|faint|p1a: Ogerpon\n|upkeep\n|\n|t:|1699803623\n|switch|p1a: Iron Valiant|Iron Valiant|100\/100\n|-enditem|p1a: Iron Valiant|Booster Energy\n|-activate|p1a: Iron Valiant|ability: Quark Drive|[fromitem]\n|-start|p1a: Iron Valiant|quarkdrivespe\n|turn|14\n|\n|t:|1699803627\n|move|p1a: Iron Valiant|Encore|p2a: Dimple \ud83c\udf75\n|-start|p2a: Dimple \ud83c\udf75|Encore\n|move|p2a: Dimple \ud83c\udf75|Strength Sap|p1a: Iron Valiant\n|-unboost|p1a: Iron Valiant|atk|1\n|\n|upkeep\n|turn|15\n|\n|t:|1699803639\n|switch|p2a: Winston \ud83e\udd8d|Rillaboom, F|100\/100\n|-fieldstart|move: Grassy Terrain|[from] ability: Grassy Surge|[of] p2a: Winston \ud83e\udd8d\n|move|p1a: Iron Valiant|Shadow Ball|p2a: Winston \ud83e\udd8d\n|-damage|p2a: Winston \ud83e\udd8d|67\/100\n|\n|-heal|p2a: Winston \ud83e\udd8d|73\/100|[from] Grassy Terrain\n|upkeep\n|turn|16\n|\n|t:|1699803652\n|move|p1a: Iron Valiant|Moonblast|p2a: Winston \ud83e\udd8d\n|-damage|p2a: Winston \ud83e\udd8d|10\/100\n|-unboost|p2a: Winston \ud83e\udd8d|spa|1\n|move|p2a: Winston \ud83e\udd8d|Wood Hammer|p1a: Iron Valiant\n|-damage|p1a: Iron Valiant|0 fnt\n|faint|p1a: Iron Valiant\n|-end|p1a: Iron Valiant|Quark Drive|[silent]\n|-damage|p2a: Winston \ud83e\udd8d|0 fnt|[from] Recoil\n|faint|p2a: Winston \ud83e\udd8d\n|\n|upkeep\n|\n|t:|1699803661\n|switch|p1a: Rillaboom|Rillaboom, F|32\/100\n|switch|p2a: Dimple \ud83c\udf75|Sinistcha, tera:Poison|100\/100\n|turn|17\n|\n|t:|1699803669\n|move|p1a: Rillaboom|Wood Hammer|p2a: Dimple \ud83c\udf75\n|-resisted|p2a: Dimple \ud83c\udf75\n|-damage|p2a: Dimple \ud83c\udf75|49\/100\n|-damage|p1a: Rillaboom|15\/100|[from] Recoil\n|move|p2a: Dimple \ud83c\udf75|Strength Sap|p1a: Rillaboom\n|-unboost|p1a: Rillaboom|atk|1\n|-heal|p2a: Dimple \ud83c\udf75|100\/100\n|\n|-heal|p1a: Rillaboom|21\/100|[from] Grassy Terrain\n|upkeep\n|turn|18\n|\n|t:|1699803672\n|move|p1a: Rillaboom|Wood Hammer|p2a: Dimple \ud83c\udf75\n|-resisted|p2a: Dimple \ud83c\udf75\n|-damage|p2a: Dimple \ud83c\udf75|68\/100\n|-damage|p1a: Rillaboom|10\/100|[from] Recoil\n|move|p2a: Dimple \ud83c\udf75|Calm Mind|p2a: Dimple \ud83c\udf75\n|-boost|p2a: Dimple \ud83c\udf75|spa|1\n|-boost|p2a: Dimple \ud83c\udf75|spd|1\n|\n|-heal|p1a: Rillaboom|16\/100|[from] Grassy Terrain\n|-heal|p2a: Dimple \ud83c\udf75|74\/100|[from] Grassy Terrain\n|upkeep\n|turn|19\n|\n|t:|1699803680\n|move|p1a: Rillaboom|Wood Hammer|p2a: Dimple \ud83c\udf75\n|-resisted|p2a: Dimple \ud83c\udf75\n|-damage|p2a: Dimple \ud83c\udf75|44\/100\n|-damage|p1a: Rillaboom|6\/100|[from] Recoil\n|move|p2a: Dimple \ud83c\udf75|Calm Mind|p2a: Dimple \ud83c\udf75\n|-boost|p2a: Dimple \ud83c\udf75|spa|1\n|-boost|p2a: Dimple \ud83c\udf75|spd|1\n|\n|-heal|p1a: Rillaboom|13\/100|[from] Grassy Terrain\n|-heal|p2a: Dimple \ud83c\udf75|50\/100|[from] Grassy Terrain\n|-fieldend|move: Grassy Terrain\n|upkeep\n|turn|20\n|\n|t:|1699803693\n|move|p1a: Rillaboom|Wood Hammer|p2a: Dimple \ud83c\udf75\n|-resisted|p2a: Dimple \ud83c\udf75\n|-damage|p2a: Dimple \ud83c\udf75|24\/100\n|-damage|p1a: Rillaboom|4\/100|[from] Recoil\n|move|p2a: Dimple \ud83c\udf75|Strength Sap|p1a: Rillaboom\n|-unboost|p1a: Rillaboom|atk|1\n|-heal|p2a: Dimple \ud83c\udf75|98\/100\n|\n|upkeep\n|turn|21\n|\n|t:|1699803697\n|switch|p1a: Sneasler|Sneasler, M|100\/100\n|move|p2a: Dimple \ud83c\udf75|Hex|p1a: Sneasler\n|-damage|p1a: Sneasler|25\/100\n|\n|upkeep\n|turn|22\n|\n|t:|1699803700\n|switch|p1a: Rillaboom|Rillaboom, F|4\/100\n|-fieldstart|move: Grassy Terrain|[from] ability: Grassy Surge|[of] p1a: Rillaboom\n|move|p2a: Dimple \ud83c\udf75|Hex|p1a: Rillaboom\n|-damage|p1a: Rillaboom|0 fnt\n|faint|p1a: Rillaboom\n|\n|-heal|p2a: Dimple \ud83c\udf75|100\/100|[from] Grassy Terrain\n|upkeep\n|\n|t:|1699803702\n|switch|p1a: Sneasler|Sneasler, M|25\/100\n|-enditem|p1a: Sneasler|Grassy Seed\n|-boost|p1a: Sneasler|def|1|[from] item: Grassy Seed\n|turn|23\n|\n|t:|1699803704\n|move|p1a: Sneasler|Dire Claw|p2a: Dimple \ud83c\udf75\n|-resisted|p2a: Dimple \ud83c\udf75\n|-damage|p2a: Dimple \ud83c\udf75|82\/100\n|move|p2a: Dimple \ud83c\udf75|Hex|p1a: Sneasler\n|-damage|p1a: Sneasler|0 fnt\n|faint|p1a: Sneasler\n|\n|win|yellow motorola\n|raw|agency paid actor's rating: 1595 &rarr; <strong>1573<\/strong><br \/>(-22 for losing)\n|raw|yellow motorola's rating: 1566 &rarr; <strong>1588<\/strong><br \/>(+22 for winning)\n|l|\u2606agency paid actor\n","uploadtime":1699803711,"views":15,"p1id":"agencypaidactor","p2id":"yellowmotorola","formatid":"gen9ou","rating":1573,"private":0,"password":""}