{"id":"gen9ou-1990909453","p1":"boobydaboobster","p2":"jamsfield","format":"[Gen 9] OU","log":"|j|\u2606boobydaboobster\n|j|\u2606jamsfield\n|t:|1700014018\n|gametype|singles\n|player|p1|boobydaboobster|clair-gen2|\n|player|p2|jamsfield|clown|\n|teamsize|p1|6\n|teamsize|p2|6\n|gen|9\n|tier|[Gen 9] OU\n|rule|Sleep Clause Mod: Limit one foe put to sleep\n|rule|Species Clause: Limit one of each Pok\u00e9mon\n|rule|OHKO Clause: OHKO moves are banned\n|rule|Evasion Items Clause: Evasion items are banned\n|rule|Evasion Moves Clause: Evasion moves are banned\n|rule|Endless Battle Clause: Forcing endless battles is banned\n|rule|HP Percentage Mod: HP is shown in percentages\n|clearpoke\n|poke|p1|Scizor, F|\n|poke|p1|Great Tusk|\n|poke|p1|Slowking-Galar, F|\n|poke|p1|Rotom-Heat|\n|poke|p1|Ditto|\n|poke|p1|Klawf, M|\n|poke|p2|Masquerain, F|\n|poke|p2|Iron Jugulis|\n|poke|p2|Cloyster, F|\n|poke|p2|Zamazenta-*|\n|poke|p2|Mew|\n|poke|p2|Golduck, F|\n|teampreview\n|inactive|Battle timer is ON: inactive players will automatically lose when time's up. (requested by jamsfield)\n|inactiveoff|Battle timer is now OFF.\n|j| Crunning\n|c|\u2606boobydaboobster|RIP my Kingambit techs :(\n|c|\u2606jamsfield|ooh the clair avatar\n|c|\u2606boobydaboobster|I won't send you to the den if you beat me\n|c|\u2606jamsfield|Maybe I am running kingambit disguised as golduck\n|c|\u2606jamsfield|it's a new zoroark tech, where neither pokemon is actually zoroark\n|c|\u2606jamsfield|aw here I was hoping I could go find a dragon tooth\n|c|\u2606jamsfield|alright idk if anyone else is coming, let\n|c|\u2606jamsfield|*let's do this\n|\n|t:|1700014216\n|start\n|switch|p1a: Elle Wong|Rotom-Heat, shiny|100\/100\n|switch|p2a: very badass|Mew|100\/100\n|turn|1\n|\n|t:|1700014235\n|move|p1a: Elle Wong|Volt Switch|p2a: very badass\n|-damage|p2a: very badass|72\/100\n|\n|t:|1700014245\n|switch|p1a: Dolores Umbridge|Slowking-Galar, F|100\/100|[from] Volt Switch\n|move|p2a: very badass|Hydro Pump|p1a: Dolores Umbridge\n|-damage|p1a: Dolores Umbridge|66\/100\n|\n|upkeep\n|turn|2\n|c|\u2606boobydaboobster|love the nickname :)\n|c|\u2606jamsfield|it was supposed to be [very badass] but I guess showdown filtered it out\n|\n|t:|1700014305\n|switch|p2a: Ducks Fly Together|Golduck, F|100\/100\n|move|p1a: Dolores Umbridge|Thunder Wave|p2a: Ducks Fly Together\n|-status|p2a: Ducks Fly Together|par\n|\n|upkeep\n|turn|3\n|\n|t:|1700014321\n|move|p2a: Ducks Fly Together|Psyshock|p1a: Dolores Umbridge\n|-damage|p1a: Dolores Umbridge|40\/100\n|-damage|p2a: Ducks Fly Together|91\/100 par|[from] item: Life Orb\n|move|p1a: Dolores Umbridge|Future Sight|p2a: Ducks Fly Together\n|-start|p1a: Dolores Umbridge|move: Future Sight\n|\n|upkeep\n|turn|4\n|\n|t:|1700014353\n|switch|p2a: very badass|Mew|72\/100\n|switch|p1a: Chesapeake Chad|Klawf, M, shiny|100\/100\n|\n|upkeep\n|turn|5\n|\n|t:|1700014371\n|move|p1a: Chesapeake Chad|Endure|p1a: Chesapeake Chad\n|-singleturn|p1a: Chesapeake Chad|move: Endure\n|move|p2a: very badass|Earth Power|p1a: Chesapeake Chad\n|-supereffective|p1a: Chesapeake Chad\n|-crit|p1a: Chesapeake Chad\n|-activate|p1a: Chesapeake Chad|move: Endure\n|-damage|p1a: Chesapeake Chad|1\/100\n|-enditem|p1a: Chesapeake Chad|Weakness Policy\n|-boost|p1a: Chesapeake Chad|atk|2|[from] item: Weakness Policy\n|-boost|p1a: Chesapeake Chad|spa|2|[from] item: Weakness Policy\n|-ability|p1a: Chesapeake Chad|Anger Shell|boost\n|-boost|p1a: Chesapeake Chad|atk|1\n|-boost|p1a: Chesapeake Chad|spa|1\n|-boost|p1a: Chesapeake Chad|spe|1\n|-unboost|p1a: Chesapeake Chad|def|1\n|-unboost|p1a: Chesapeake Chad|spd|1\n|\n|-end|p2a: very badass|move: Future Sight\n|-resisted|p2a: very badass\n|-damage|p2a: very badass|53\/100\n|upkeep\n|turn|6\n|c|\u2606jamsfield|:D I'm in danger\n|\n|t:|1700014414\n|switch|p2a: Ducks Fly Together|Golduck, F|91\/100 par\n|-terastallize|p1a: Chesapeake Chad|Flying\n|move|p1a: Chesapeake Chad|Tera Blast|p2a: Ducks Fly Together|[anim] Tera Blast Flying\n|-damage|p2a: Ducks Fly Together|0 fnt\n|faint|p2a: Ducks Fly Together\n|\n|upkeep\n|\n|t:|1700014441\n|switch|p2a: Hungry Hands|Iron Jugulis|100\/100\n|turn|7\n|\n|t:|1700014472\n|move|p2a: Hungry Hands|Dark Pulse|p1a: Chesapeake Chad\n|-damage|p1a: Chesapeake Chad|0 fnt\n|faint|p1a: Chesapeake Chad\n|\n|upkeep\n|c|\u2606boobydaboobster|chad moves\n|\n|t:|1700014493\n|switch|p1a: Elle Wong|Rotom-Heat, shiny|100\/100\n|turn|8\n|\n|t:|1700014518\n|-end|p2a: Hungry Hands|Quark Drive|[silent]\n|switch|p2a: very badass|Mew|53\/100\n|move|p1a: Elle Wong|Thunderbolt|p2a: very badass\n|-damage|p2a: very badass|17\/100\n|-status|p2a: very badass|par\n|-activate|p2a: very badass|ability: Synchronize\n|-immune|p1a: Elle Wong\n|\n|upkeep\n|turn|9\n|c|\u2606jamsfield|hmm\n|\n|t:|1700014531\n|move|p1a: Elle Wong|Thunderbolt|p2a: very badass\n|-damage|p2a: very badass|0 fnt\n|faint|p2a: very badass\n|\n|upkeep\n|\n|t:|1700014549\n|switch|p2a: Shaggiest Dog|Zamazenta|100\/100\n|-ability|p2a: Shaggiest Dog|Dauntless Shield|boost\n|-boost|p2a: Shaggiest Dog|def|1\n|turn|10\n|c|\u2606boobydaboobster|man that is one shaggy dog\n|\n|t:|1700014571\n|move|p1a: Elle Wong|Thunderbolt|p2a: Shaggiest Dog\n|-damage|p2a: Shaggiest Dog|65\/100\n|move|p2a: Shaggiest Dog|Substitute|p2a: Shaggiest Dog\n|-start|p2a: Shaggiest Dog|Substitute\n|-damage|p2a: Shaggiest Dog|40\/100\n|\n|-heal|p2a: Shaggiest Dog|46\/100|[from] item: Leftovers\n|upkeep\n|turn|11\n|c|\u2606jamsfield|mfw I read the serebii speed tiers wrong\n|c|\u2606jamsfield|*smogon\n|\n|t:|1700014640\n|move|p1a: Elle Wong|Thunderbolt|p2a: Shaggiest Dog\n|-end|p2a: Shaggiest Dog|Substitute\n|move|p2a: Shaggiest Dog|Body Press|p1a: Elle Wong\n|-damage|p1a: Elle Wong|17\/100\n|\n|-heal|p2a: Shaggiest Dog|52\/100|[from] item: Leftovers\n|upkeep\n|turn|12\n|\n|t:|1700014660\n|switch|p1a: Dolores Umbridge|Slowking-Galar, F|73\/100\n|move|p2a: Shaggiest Dog|Body Press|p1a: Dolores Umbridge\n|-resisted|p1a: Dolores Umbridge\n|-damage|p1a: Dolores Umbridge|62\/100\n|\n|-heal|p2a: Shaggiest Dog|58\/100|[from] item: Leftovers\n|upkeep\n|turn|13\n|\n|t:|1700014729\n|move|p2a: Shaggiest Dog|Crunch|p1a: Dolores Umbridge\n|-supereffective|p1a: Dolores Umbridge\n|-enditem|p1a: Dolores Umbridge|Colbur Berry|[eat]\n|-enditem|p1a: Dolores Umbridge|Colbur Berry|[weaken]\n|-damage|p1a: Dolores Umbridge|46\/100\n|-unboost|p1a: Dolores Umbridge|def|1\n|move|p1a: Dolores Umbridge|Sludge Bomb|p2a: Shaggiest Dog\n|-damage|p2a: Shaggiest Dog|27\/100\n|\n|-heal|p2a: Shaggiest Dog|33\/100|[from] item: Leftovers\n|upkeep\n|turn|14\n|\n|t:|1700014771\n|switch|p1a: Horton|Great Tusk|100\/100\n|move|p2a: Shaggiest Dog|Iron Defense|p2a: Shaggiest Dog\n|-boost|p2a: Shaggiest Dog|def|2\n|\n|-heal|p2a: Shaggiest Dog|39\/100|[from] item: Leftovers\n|upkeep\n|turn|15\n|\n|t:|1700014816\n|move|p2a: Shaggiest Dog|Substitute|p2a: Shaggiest Dog\n|-start|p2a: Shaggiest Dog|Substitute\n|-damage|p2a: Shaggiest Dog|15\/100\n|move|p1a: Horton|Knock Off|p2a: Shaggiest Dog\n|-resisted|p2a: Shaggiest Dog\n|-activate|p2a: Shaggiest Dog|move: Substitute|[damage]\n|\n|-heal|p2a: Shaggiest Dog|21\/100|[from] item: Leftovers\n|upkeep\n|turn|16\n|\n|t:|1700014833\n|move|p2a: Shaggiest Dog|Iron Defense|p2a: Shaggiest Dog\n|-boost|p2a: Shaggiest Dog|def|2\n|move|p1a: Horton|Earthquake|p2a: Shaggiest Dog\n|-activate|p2a: Shaggiest Dog|move: Substitute|[damage]\n|\n|-heal|p2a: Shaggiest Dog|27\/100|[from] item: Leftovers\n|upkeep\n|turn|17\n|c|\u2606jamsfield|the dog is just too shaggy\n|\n|t:|1700014852\n|move|p2a: Shaggiest Dog|Body Press|p1a: Horton\n|-damage|p1a: Horton|36\/100\n|move|p1a: Horton|Earthquake|p2a: Shaggiest Dog\n|-activate|p2a: Shaggiest Dog|move: Substitute|[damage]\n|\n|-heal|p2a: Shaggiest Dog|33\/100|[from] item: Leftovers\n|-heal|p1a: Horton|42\/100|[from] item: Leftovers\n|upkeep\n|turn|18\n|c|\u2606boobydaboobster|I heard he won the regional shaggy dog contest\n|\n|t:|1700014891\n|move|p2a: Shaggiest Dog|Body Press|p1a: Horton\n|-damage|p1a: Horton|0 fnt\n|faint|p1a: Horton\n|-end|p1a: Horton|Protosynthesis|[silent]\n|\n|-heal|p2a: Shaggiest Dog|39\/100|[from] item: Leftovers\n|upkeep\n|c|\u2606jamsfield|well you're not gonna believe this\n|\n|t:|1700014897\n|switch|p1a: Same|Ditto, shiny|100\/100\n|turn|19\n|c|\u2606jamsfield|but he won the national shaggy dog contest too\n|\n|t:|1700014915\n|switch|p1a: Dolores Umbridge|Slowking-Galar, F|79\/100\n|move|p2a: Shaggiest Dog|Body Press|p1a: Dolores Umbridge\n|-resisted|p1a: Dolores Umbridge\n|-damage|p1a: Dolores Umbridge|53\/100\n|\n|-heal|p2a: Shaggiest Dog|45\/100|[from] item: Leftovers\n|upkeep\n|turn|20\n|\n|t:|1700014927\n|move|p2a: Shaggiest Dog|Crunch|p1a: Dolores Umbridge\n|-supereffective|p1a: Dolores Umbridge\n|-damage|p1a: Dolores Umbridge|18\/100\n|move|p1a: Dolores Umbridge|Sludge Bomb|p2a: Shaggiest Dog\n|-end|p2a: Shaggiest Dog|Substitute\n|\n|-heal|p2a: Shaggiest Dog|51\/100|[from] item: Leftovers\n|upkeep\n|turn|21\n|\n|t:|1700014940\n|move|p2a: Shaggiest Dog|Crunch|p1a: Dolores Umbridge\n|-supereffective|p1a: Dolores Umbridge\n|-damage|p1a: Dolores Umbridge|0 fnt\n|faint|p1a: Dolores Umbridge\n|\n|-heal|p2a: Shaggiest Dog|57\/100|[from] item: Leftovers\n|upkeep\n|\n|t:|1700014946\n|switch|p1a: Same|Ditto, shiny|100\/100\n|-transform|p1a: Same|p2a: Shaggiest Dog|[from] ability: Imposter\n|-ability|p1a: Same|Dauntless Shield|boost\n|-boost|p1a: Same|def|1\n|turn|22\n|\n|t:|1700014999\n|switch|p2a: 3 Masquerteers|Masquerain, F|100\/100\n|-ability|p2a: 3 Masquerteers|Intimidate|boost\n|-unboost|p1a: Same|atk|1\n|move|p1a: Same|Body Press|p2a: 3 Masquerteers\n|-resisted|p2a: 3 Masquerteers\n|-damage|p2a: 3 Masquerteers|64\/100\n|-damage|p1a: Same|84\/100|[from] item: Rocky Helmet|[of] p2a: 3 Masquerteers\n|\n|upkeep\n|turn|23\n|\n|t:|1700015027\n|move|p1a: Same|Body Press|p2a: 3 Masquerteers\n|-resisted|p2a: 3 Masquerteers\n|-damage|p2a: 3 Masquerteers|31\/100\n|-damage|p1a: Same|68\/100|[from] item: Rocky Helmet|[of] p2a: 3 Masquerteers\n|move|p2a: 3 Masquerteers|Sticky Web|p1a: Same\n|-sidestart|p1: boobydaboobster|move: Sticky Web\n|\n|upkeep\n|turn|24\n|\n|t:|1700015043\n|-terastallize|p2a: 3 Masquerteers|Ghost\n|move|p1a: Same|Body Press|p2a: 3 Masquerteers\n|-immune|p2a: 3 Masquerteers\n|move|p2a: 3 Masquerteers|Rain Dance|p2a: 3 Masquerteers\n|-weather|RainDance\n|\n|-weather|RainDance|[upkeep]\n|upkeep\n|turn|25\n|\n|t:|1700015060\n|switch|p1a: Paper's Bane|Scizor, F|100\/100\n|-activate|p1a: Paper's Bane|move: Sticky Web\n|-unboost|p1a: Paper's Bane|spe|1\n|move|p2a: 3 Masquerteers|Weather Ball|p1a: Paper's Bane\n|-damage|p1a: Paper's Bane|53\/100\n|\n|-weather|RainDance|[upkeep]\n|upkeep\n|turn|26\n|\n|t:|1700015079\n|switch|p2a: Shaggiest Dog|Zamazenta|57\/100\n|move|p1a: Paper's Bane|Swords Dance|p1a: Paper's Bane\n|-boost|p1a: Paper's Bane|atk|2\n|\n|-weather|RainDance|[upkeep]\n|-heal|p2a: Shaggiest Dog|63\/100|[from] item: Leftovers\n|upkeep\n|turn|27\n|\n|t:|1700015097\n|move|p1a: Paper's Bane|Bullet Punch|p2a: Shaggiest Dog\n|-damage|p2a: Shaggiest Dog|0 fnt\n|faint|p2a: Shaggiest Dog\n|\n|-weather|RainDance|[upkeep]\n|upkeep\n|\n|t:|1700015134\n|switch|p2a: 3 Masquerteers|Masquerain, F, tera:Ghost|31\/100\n|-ability|p2a: 3 Masquerteers|Intimidate|boost\n|-unboost|p1a: Paper's Bane|atk|1\n|turn|28\n|\n|t:|1700015146\n|move|p1a: Paper's Bane|Bullet Punch|p2a: 3 Masquerteers\n|-damage|p2a: 3 Masquerteers|0 fnt\n|-damage|p1a: Paper's Bane|36\/100|[from] item: Rocky Helmet|[of] p2a: 3 Masquerteers\n|faint|p2a: 3 Masquerteers\n|\n|-weather|none\n|upkeep\n|\n|t:|1700015153\n|switch|p2a: ... yknow|Cloyster, F|100\/100\n|turn|29\n|\n|t:|1700015172\n|move|p2a: ... yknow|Liquidation|p1a: Paper's Bane\n|-damage|p1a: Paper's Bane|0 fnt\n|faint|p1a: Paper's Bane\n|\n|upkeep\n|\n|t:|1700015180\n|switch|p1a: Elle Wong|Rotom-Heat, shiny|17\/100\n|turn|30\n|\n|t:|1700015189\n|move|p1a: Elle Wong|Thunderbolt|p2a: ... yknow\n|-supereffective|p2a: ... yknow\n|-damage|p2a: ... yknow|0 fnt\n|faint|p2a: ... yknow\n|\n|upkeep\n|\n|t:|1700015193\n|switch|p2a: Hungry Hands|Iron Jugulis|100\/100\n|turn|31\n|\n|t:|1700015211\n|move|p1a: Elle Wong|Thunderbolt|p2a: Hungry Hands\n|-supereffective|p2a: Hungry Hands\n|-damage|p2a: Hungry Hands|0 fnt\n|faint|p2a: Hungry Hands\n|-end|p2a: Hungry Hands|Quark Drive|[silent]\n|\n|win|boobydaboobster\n|c|\u2606boobydaboobster|GG!!\n|c|\u2606jamsfield|great game\n|c| Crunning|GG!\n|l| Crunning\n|c|\u2606boobydaboobster|im very glad Elle has been my most successful rotom\n|c|\u2606jamsfield|was that steel plate scizor\n|c|\u2606boobydaboobster|indeed, metal coat\n|c|\u2606jamsfield|super nice\n|c|\u2606jamsfield|had me scratchin my noggin\n|c|\u2606boobydaboobster|Ive choice banded a little too hard this league\n|c|\u2606boobydaboobster|had to mix it up\n|c|\u2606jamsfield|also for some reason I read rotom's max speed as 271 (neutral) and not 298 (+spe) which ruined a whole lot of my calcs here\n|c|\u2606jamsfield|my apologies noah\n|c|\u2606boobydaboobster|I was rocking the scarf too with Rotom\n|c|\u2606jamsfield|252+ scarf\n|c|\u2606jamsfield|I know bc jugulis was 297+ scarf lmao\n|c|\u2606boobydaboobster|yeah Elle was rocking a 447\n|c|\u2606jamsfield|jugs was 446 because I'm a FOOL\n","uploadtime":1700015360,"views":38,"p1id":"boobydaboobster","p2id":"jamsfield","formatid":"gen9ou","rating":0,"private":0,"password":""}