{"id":"gen9ou-1992205268","p1":"SokkasmMaximum","p2":"TPNtra","format":"[Gen 9] OU","log":"|j|\u2606SokkasmMaximum\n|j|\u2606TPNtra\n|t:|1700163738\n|gametype|singles\n|player|p1|SokkasmMaximum|bugcatcher-gen4dp|1089\n|player|p2|TPNtra|1|1073\n|teamsize|p1|6\n|teamsize|p2|6\n|gen|9\n|tier|[Gen 9] OU\n|rated|\n|rule|Sleep Clause Mod: Limit one foe put to sleep\n|rule|Species Clause: Limit one of each Pok\u00e9mon\n|rule|OHKO Clause: OHKO moves are banned\n|rule|Evasion Items Clause: Evasion items are banned\n|rule|Evasion Moves Clause: Evasion moves are banned\n|rule|Endless Battle Clause: Forcing endless battles is banned\n|rule|HP Percentage Mod: HP is shown in percentages\n|clearpoke\n|poke|p1|Samurott-Hisui, F|\n|poke|p1|Rillaboom, M|\n|poke|p1|Cinderace, F|\n|poke|p1|Ninetales-Alola, F|\n|poke|p1|Gholdengo|\n|poke|p1|Slowking-Galar, M|\n|poke|p2|Azumarill, F|\n|poke|p2|Dragapult, M|\n|poke|p2|Hatterene, F|\n|poke|p2|Toxapex, F|\n|poke|p2|Gholdengo|\n|poke|p2|Clodsire, F|\n|teampreview\n|inactive|Battle timer is ON: inactive players will automatically lose when time's up. (requested by SokkasmMaximum)\n|\n|t:|1700163765\n|start\n|switch|p1a: Ninetales|Ninetales-Alola, F|100\/100\n|switch|p2a: Clodsire|Clodsire, F|100\/100\n|-weather|Snow|[from] ability: Snow Warning|[of] p1a: Ninetales\n|turn|1\n|\n|t:|1700163773\n|move|p1a: Ninetales|Aurora Veil|p1a: Ninetales\n|-sidestart|p1: SokkasmMaximum|move: Aurora Veil\n|move|p2a: Clodsire|Toxic|p1a: Ninetales\n|-status|p1a: Ninetales|tox\n|\n|-weather|Snow|[upkeep]\n|-damage|p1a: Ninetales|94\/100 tox|[from] psn\n|upkeep\n|turn|2\n|\n|t:|1700163781\n|move|p1a: Ninetales|Hypnosis|p2a: Clodsire\n|-status|p2a: Clodsire|slp|[from] move: Hypnosis\n|cant|p2a: Clodsire|slp\n|\n|-weather|Snow|[upkeep]\n|-damage|p1a: Ninetales|82\/100 tox|[from] psn\n|upkeep\n|turn|3\n|\n|t:|1700163789\n|switch|p1a: Samurott|Samurott-Hisui, F|100\/100\n|cant|p2a: Clodsire|slp\n|\n|-weather|Snow|[upkeep]\n|upkeep\n|turn|4\n|\n|t:|1700163796\n|move|p1a: Samurott|Substitute|p1a: Samurott\n|-start|p1a: Samurott|Substitute\n|-damage|p1a: Samurott|76\/100\n|cant|p2a: Clodsire|slp\n|\n|-weather|Snow|[upkeep]\n|upkeep\n|turn|5\n|\n|t:|1700163823\n|move|p1a: Samurott|Swords Dance|p1a: Samurott\n|-boost|p1a: Samurott|atk|2\n|-curestatus|p2a: Clodsire|slp|[msg]\n|move|p2a: Clodsire|Earthquake|p1a: Samurott\n|-activate|p1a: Samurott|move: Substitute|[damage]\n|\n|-weather|none\n|upkeep\n|turn|6\n|inactive|TPNtra has 120 seconds left.\n|\n|t:|1700163859\n|move|p1a: Samurott|Ceaseless Edge|p2a: Clodsire\n|-damage|p2a: Clodsire|21\/100\n|-damage|p1a: Samurott|59\/100|[from] item: Rocky Helmet|[of] p2a: Clodsire\n|-sidestart|p2: TPNtra|Spikes\n|move|p2a: Clodsire|Earthquake|p1a: Samurott\n|-end|p1a: Samurott|Substitute\n|\n|upkeep\n|turn|7\n|\n|t:|1700163871\n|move|p1a: Samurott|Substitute|p1a: Samurott\n|-start|p1a: Samurott|Substitute\n|-damage|p1a: Samurott|34\/100\n|move|p2a: Clodsire|Toxic||[still]\n|-fail|p2a: Clodsire\n|\n|upkeep\n|turn|8\n|\n|t:|1700163882\n|switch|p2a: Dragapult|Dragapult, M, shiny|100\/100\n|-damage|p2a: Dragapult|88\/100|[from] Spikes\n|move|p1a: Samurott|Ceaseless Edge|p2a: Dragapult\n|-supereffective|p2a: Dragapult\n|-damage|p2a: Dragapult|0 fnt\n|-sidestart|p2: TPNtra|Spikes\n|faint|p2a: Dragapult\n|\n|-sideend|p1: SokkasmMaximum|move: Aurora Veil\n|upkeep\n|inactive|TPNtra has 90 seconds left.\n|\n|t:|1700163918\n|switch|p2a: Azumarill|Azumarill, F, shiny|100\/100\n|-damage|p2a: Azumarill|84\/100|[from] Spikes\n|turn|9\n|\n|t:|1700163927\n|move|p1a: Samurott|Razor Shell|p2a: Azumarill\n|-resisted|p2a: Azumarill\n|-crit|p2a: Azumarill\n|-damage|p2a: Azumarill|4\/100\n|-unboost|p2a: Azumarill|def|1\n|-enditem|p2a: Azumarill|Sitrus Berry|[eat]\n|-heal|p2a: Azumarill|29\/100|[from] item: Sitrus Berry\n|move|p2a: Azumarill|Belly Drum||[still]\n|-fail|p2a: Azumarill\n|\n|upkeep\n|turn|10\n|\n|t:|1700163940\n|-terastallize|p2a: Azumarill|Ice\n|move|p2a: Azumarill|Aqua Jet|p1a: Samurott\n|-resisted|p1a: Samurott\n|-activate|p1a: Samurott|move: Substitute|[damage]\n|move|p1a: Samurott|Ceaseless Edge|p2a: Azumarill|[miss]\n|-miss|p1a: Samurott|p2a: Azumarill\n|\n|upkeep\n|turn|11\n|\n|t:|1700163951\n|move|p2a: Azumarill|Aqua Jet|p1a: Samurott\n|-resisted|p1a: Samurott\n|-end|p1a: Samurott|Substitute\n|move|p1a: Samurott|Ceaseless Edge|p2a: Azumarill\n|-damage|p2a: Azumarill|0 fnt\n|-sidestart|p2: TPNtra|Spikes\n|faint|p2a: Azumarill\n|\n|upkeep\n|-message|TPNtra forfeited.\n|\n|win|SokkasmMaximum\n|raw|SokkasmMaximum's rating: 1089 &rarr; <strong>1114<\/strong><br \/>(+25 for winning)\n|raw|TPNtra's rating: 1073 &rarr; <strong>1053<\/strong><br \/>(-20 for losing)\n|l|\u2606TPNtra\n","uploadtime":1700163965,"views":8,"p1id":"sokkasmmaximum","p2id":"tpntra","formatid":"gen9ou","rating":1053,"private":0,"password":""}