{"id":"gen9ou-1994403069","p1":"THEESEFF","p2":"TheAtlasDomain","format":"[Gen 9] OU","log":"|j|\u2606THEESEFF\n|j|\u2606TheAtlasDomain\n|t:|1700439938\n|gametype|singles\n|player|p1|THEESEFF|pokemonbreeder-gen4|1363\n|player|p2|TheAtlasDomain|bruno|1418\n|teamsize|p1|6\n|teamsize|p2|6\n|gen|9\n|tier|[Gen 9] OU\n|rated|\n|rule|Sleep Clause Mod: Limit one foe put to sleep\n|rule|Species Clause: Limit one of each Pok\u00e9mon\n|rule|OHKO Clause: OHKO moves are banned\n|rule|Evasion Items Clause: Evasion items are banned\n|rule|Evasion Moves Clause: Evasion moves are banned\n|rule|Endless Battle Clause: Forcing endless battles is banned\n|rule|HP Percentage Mod: HP is shown in percentages\n|clearpoke\n|poke|p1|Bellibolt, M|\n|poke|p1|Ogerpon-Wellspring, F|\n|poke|p1|Tinkaton, F|\n|poke|p1|Iron Moth|\n|poke|p1|Great Tusk|\n|poke|p1|Dragapult, F|\n|poke|p2|Hatterene, F|\n|poke|p2|Hoopa-Unbound|\n|poke|p2|Cresselia, F|\n|poke|p2|Torkoal, M|\n|poke|p2|Regidrago|\n|poke|p2|Iron Hands|\n|teampreview\n|inactive|Battle timer is ON: inactive players will automatically lose when time's up. (requested by TheAtlasDomain)\n|\n|t:|1700439946\n|start\n|switch|p1a: Great Tusk|Great Tusk|100\/100\n|switch|p2a: Hatterene|Hatterene, F, shiny|100\/100\n|-enditem|p1a: Great Tusk|Booster Energy\n|-activate|p1a: Great Tusk|ability: Protosynthesis|[fromitem]\n|-start|p1a: Great Tusk|protosynthesisspe\n|turn|1\n|\n|t:|1700439958\n|-end|p1a: Great Tusk|Protosynthesis|[silent]\n|switch|p1a: Tinkaton|Tinkaton, F|100\/100\n|-item|p1a: Tinkaton|Air Balloon\n|move|p2a: Hatterene|Trick Room|p2a: Hatterene\n|-fieldstart|move: Trick Room|[of] p2a: Hatterene\n|\n|upkeep\n|turn|2\n|\n|t:|1700439974\n|switch|p2a: Torkoal|Torkoal, M|100\/100\n|-weather|SunnyDay|[from] ability: Drought|[of] p2a: Torkoal\n|move|p1a: Tinkaton|Gigaton Hammer|p2a: Torkoal\n|-resisted|p2a: Torkoal\n|-damage|p2a: Torkoal|85\/100\n|\n|-weather|SunnyDay|[upkeep]\n|upkeep\n|turn|3\n|\n|t:|1700439993\n|switch|p1a: Bellibolt|Bellibolt, M|100\/100\n|-terastallize|p2a: Torkoal|Fire\n|move|p2a: Torkoal|Eruption|p1a: Bellibolt\n|-damage|p1a: Bellibolt|0 fnt\n|faint|p1a: Bellibolt\n|\n|-weather|SunnyDay|[upkeep]\n|upkeep\n|\n|t:|1700440006\n|switch|p1a: Ogerpon|Ogerpon-Wellspring, F|100\/100\n|turn|4\n|\n|t:|1700440014\n|-terastallize|p1a: Ogerpon|Water\n|detailschange|p1a: Ogerpon|Ogerpon-Wellspring-Tera, F, tera:Water\n|-ability|p1a: Ogerpon|Embody Aspect (Wellspring)|boost\n|-boost|p1a: Ogerpon|spd|1\n|move|p2a: Torkoal|Eruption|p1a: Ogerpon\n|-resisted|p1a: Ogerpon\n|-damage|p1a: Ogerpon|53\/100\n|move|p1a: Ogerpon|Superpower|p2a: Torkoal\n|-damage|p2a: Torkoal|52\/100\n|-unboost|p1a: Ogerpon|atk|1\n|-unboost|p1a: Ogerpon|def|1\n|\n|-weather|SunnyDay|[upkeep]\n|upkeep\n|turn|5\n|inactive|TheAtlasDomain has 120 seconds left.\n|\n|t:|1700440050\n|switch|p2a: Iron Hands|Iron Hands|100\/100\n|-enditem|p2a: Iron Hands|Booster Energy\n|-activate|p2a: Iron Hands|ability: Quark Drive|[fromitem]\n|-start|p2a: Iron Hands|quarkdriveatk\n|switch|p1a: Dragapult|Dragapult, F|100\/100\n|\n|-weather|SunnyDay|[upkeep]\n|-fieldend|move: Trick Room\n|upkeep\n|turn|6\n|inactive|TheAtlasDomain has 120 seconds left.\n|\n|t:|1700440060\n|switch|p1a: Tinkaton|Tinkaton, F|100\/100\n|-item|p1a: Tinkaton|Air Balloon\n|move|p2a: Iron Hands|Swords Dance|p2a: Iron Hands\n|-boost|p2a: Iron Hands|atk|2\n|\n|-weather|none\n|upkeep\n|turn|7\n|inactive|TheAtlasDomain has 120 seconds left.\n|\n|t:|1700440078\n|move|p1a: Tinkaton|Encore|p2a: Iron Hands\n|-start|p2a: Iron Hands|Encore\n|move|p2a: Iron Hands|Swords Dance|p2a: Iron Hands\n|-boost|p2a: Iron Hands|atk|2\n|\n|upkeep\n|turn|8\n|\n|t:|1700440083\n|move|p1a: Tinkaton|Stealth Rock|p2a: Iron Hands\n|-sidestart|p2: TheAtlasDomain|move: Stealth Rock\n|move|p2a: Iron Hands|Swords Dance|p2a: Iron Hands\n|-boost|p2a: Iron Hands|atk|2\n|\n|upkeep\n|turn|9\n|inactive|TheAtlasDomain has 120 seconds left.\n|\n|t:|1700440108\n|move|p1a: Tinkaton|Gigaton Hammer|p2a: Iron Hands\n|-resisted|p2a: Iron Hands\n|-damage|p2a: Iron Hands|87\/100\n|move|p2a: Iron Hands|Swords Dance|p2a: Iron Hands\n|-boost|p2a: Iron Hands|atk|0\n|\n|-end|p2a: Iron Hands|Encore\n|upkeep\n|turn|10\n|\n|t:|1700440120\n|move|p1a: Tinkaton|Encore|p2a: Iron Hands\n|-start|p2a: Iron Hands|Encore\n|move|p2a: Iron Hands|Swords Dance|p2a: Iron Hands\n|-boost|p2a: Iron Hands|atk|0\n|\n|upkeep\n|turn|11\n|\n|t:|1700440125\n|move|p1a: Tinkaton|Gigaton Hammer|p2a: Iron Hands\n|-resisted|p2a: Iron Hands\n|-damage|p2a: Iron Hands|74\/100\n|move|p2a: Iron Hands|Swords Dance|p2a: Iron Hands\n|-boost|p2a: Iron Hands|atk|0\n|\n|upkeep\n|turn|12\n|\n|t:|1700440135\n|move|p1a: Tinkaton|Thunder Wave|p2a: Iron Hands\n|-immune|p2a: Iron Hands\n|move|p2a: Iron Hands|Swords Dance|p2a: Iron Hands\n|-boost|p2a: Iron Hands|atk|0\n|\n|-end|p2a: Iron Hands|Encore\n|upkeep\n|turn|13\n|\n|t:|1700440163\n|move|p1a: Tinkaton|Encore|p2a: Iron Hands\n|-start|p2a: Iron Hands|Encore\n|move|p2a: Iron Hands|Swords Dance|p2a: Iron Hands\n|-boost|p2a: Iron Hands|atk|0\n|\n|upkeep\n|turn|14\n|\n|t:|1700440167\n|move|p1a: Tinkaton|Gigaton Hammer|p2a: Iron Hands\n|-resisted|p2a: Iron Hands\n|-damage|p2a: Iron Hands|61\/100\n|move|p2a: Iron Hands|Swords Dance|p2a: Iron Hands\n|-boost|p2a: Iron Hands|atk|0\n|\n|upkeep\n|turn|15\n|\n|t:|1700440172\n|move|p1a: Tinkaton|Thunder Wave|p2a: Iron Hands\n|-immune|p2a: Iron Hands\n|move|p2a: Iron Hands|Swords Dance|p2a: Iron Hands\n|-boost|p2a: Iron Hands|atk|0\n|\n|-end|p2a: Iron Hands|Encore\n|upkeep\n|turn|16\n|inactive|TheAtlasDomain has 120 seconds left.\n|\n|t:|1700440191\n|move|p1a: Tinkaton|Encore|p2a: Iron Hands\n|-start|p2a: Iron Hands|Encore\n|move|p2a: Iron Hands|Swords Dance|p2a: Iron Hands\n|-boost|p2a: Iron Hands|atk|0\n|\n|upkeep\n|turn|17\n|\n|t:|1700440195\n|move|p1a: Tinkaton|Stealth Rock||[still]\n|-fail|p1a: Tinkaton\n|move|p2a: Iron Hands|Swords Dance|p2a: Iron Hands\n|-boost|p2a: Iron Hands|atk|0\n|\n|upkeep\n|turn|18\n|\n|t:|1700440204\n|move|p1a: Tinkaton|Stealth Rock||[still]\n|-fail|p1a: Tinkaton\n|move|p2a: Iron Hands|Swords Dance|p2a: Iron Hands\n|-boost|p2a: Iron Hands|atk|0\n|\n|-end|p2a: Iron Hands|Encore\n|upkeep\n|turn|19\n|\n|t:|1700440210\n|move|p1a: Tinkaton|Encore|p2a: Iron Hands\n|-start|p2a: Iron Hands|Encore\n|move|p2a: Iron Hands|Swords Dance|p2a: Iron Hands\n|-boost|p2a: Iron Hands|atk|0\n|\n|upkeep\n|turn|20\n|\n|t:|1700440216\n|move|p1a: Tinkaton|Gigaton Hammer|p2a: Iron Hands\n|-resisted|p2a: Iron Hands\n|-damage|p2a: Iron Hands|48\/100\n|move|p2a: Iron Hands|Swords Dance|p2a: Iron Hands\n|-boost|p2a: Iron Hands|atk|0\n|\n|upkeep\n|turn|21\n|\n|t:|1700440224\n|move|p1a: Tinkaton|Stealth Rock||[still]\n|-fail|p1a: Tinkaton\n|move|p2a: Iron Hands|Swords Dance|p2a: Iron Hands\n|-boost|p2a: Iron Hands|atk|0\n|\n|-end|p2a: Iron Hands|Encore\n|upkeep\n|turn|22\n|\n|t:|1700440230\n|move|p1a: Tinkaton|Encore|p2a: Iron Hands\n|-start|p2a: Iron Hands|Encore\n|move|p2a: Iron Hands|Swords Dance|p2a: Iron Hands\n|-boost|p2a: Iron Hands|atk|0\n|\n|upkeep\n|turn|23\n|\n|t:|1700440239\n|move|p1a: Tinkaton|Gigaton Hammer|p2a: Iron Hands\n|-resisted|p2a: Iron Hands\n|-damage|p2a: Iron Hands|33\/100\n|move|p2a: Iron Hands|Swords Dance|p2a: Iron Hands\n|-boost|p2a: Iron Hands|atk|0\n|\n|upkeep\n|turn|24\n|\n|t:|1700440246\n|move|p1a: Tinkaton|Stealth Rock||[still]\n|-fail|p1a: Tinkaton\n|move|p2a: Iron Hands|Swords Dance|p2a: Iron Hands\n|-boost|p2a: Iron Hands|atk|0\n|\n|-end|p2a: Iron Hands|Encore\n|upkeep\n|turn|25\n|\n|t:|1700440254\n|move|p1a: Tinkaton|Encore|p2a: Iron Hands\n|-start|p2a: Iron Hands|Encore\n|move|p2a: Iron Hands|Swords Dance|p2a: Iron Hands\n|-boost|p2a: Iron Hands|atk|0\n|\n|upkeep\n|turn|26\n|\n|t:|1700440258\n|switch|p1a: Dragapult|Dragapult, F|100\/100\n|move|p2a: Iron Hands|Swords Dance|p2a: Iron Hands\n|-boost|p2a: Iron Hands|atk|0\n|\n|upkeep\n|turn|27\n|\n|t:|1700440284\n|-end|p2a: Iron Hands|Quark Drive|[silent]\n|switch|p2a: Hatterene|Hatterene, F, shiny|100\/100\n|-damage|p2a: Hatterene|88\/100|[from] Stealth Rock\n|move|p1a: Dragapult|Shadow Ball|p2a: Hatterene\n|-supereffective|p2a: Hatterene\n|-damage|p2a: Hatterene|0 fnt\n|faint|p2a: Hatterene\n|\n|upkeep\n|inactive|TheAtlasDomain has 120 seconds left.\n|\n|t:|1700440299\n|switch|p2a: Cresselia|Cresselia, F|100\/100\n|-damage|p2a: Cresselia|88\/100|[from] Stealth Rock\n|turn|28\n|\n|t:|1700440303\n|move|p1a: Dragapult|Shadow Ball|p2a: Cresselia\n|-supereffective|p2a: Cresselia\n|-damage|p2a: Cresselia|31\/100\n|move|p2a: Cresselia|Trick Room|p2a: Cresselia\n|-fieldstart|move: Trick Room|[of] p2a: Cresselia\n|\n|-heal|p2a: Cresselia|37\/100|[from] item: Leftovers\n|upkeep\n|turn|29\n|\n|t:|1700440306\n|move|p2a: Cresselia|Lunar Dance|p2a: Cresselia\n|faint|p2a: Cresselia\n|move|p1a: Dragapult|Shadow Ball|p2: Cresselia|[notarget]\n|-fail|p1a: Dragapult\n|\n|upkeep\n|\n|t:|1700440320\n|switch|p2a: Torkoal|Torkoal, M, tera:Fire|52\/100\n|-heal|p2a: Torkoal|100\/100|[from] move: Lunar Dance\n|-damage|p2a: Torkoal|75\/100|[from] Stealth Rock\n|-weather|SunnyDay|[from] ability: Drought|[of] p2a: Torkoal\n|turn|30\n|\n|t:|1700440328\n|move|p2a: Torkoal|Eruption|p1a: Dragapult\n|-resisted|p1a: Dragapult\n|-damage|p1a: Dragapult|29\/100\n|move|p1a: Dragapult|Shadow Ball|p2a: Torkoal\n|-damage|p2a: Torkoal|10\/100\n|-unboost|p2a: Torkoal|spd|1\n|\n|-weather|SunnyDay|[upkeep]\n|upkeep\n|turn|31\n|\n|t:|1700440341\n|switch|p1a: Ogerpon|Ogerpon-Wellspring-Tera, F, tera:Water|53\/100\n|-ability|p1a: Ogerpon|Embody Aspect (Wellspring)|boost\n|-boost|p1a: Ogerpon|spd|1\n|move|p2a: Torkoal|Flamethrower|p1a: Ogerpon\n|-resisted|p1a: Ogerpon\n|-damage|p1a: Ogerpon|17\/100\n|-status|p1a: Ogerpon|brn\n|\n|-weather|SunnyDay|[upkeep]\n|-damage|p1a: Ogerpon|11\/100 brn|[from] brn\n|upkeep\n|turn|32\n|\n|t:|1700440351\n|move|p2a: Torkoal|Flamethrower|p1a: Ogerpon\n|-resisted|p1a: Ogerpon\n|-damage|p1a: Ogerpon|0 fnt\n|faint|p1a: Ogerpon\n|\n|-weather|SunnyDay|[upkeep]\n|-fieldend|move: Trick Room\n|upkeep\n|\n|t:|1700440354\n|switch|p1a: Dragapult|Dragapult, F|29\/100\n|turn|33\n|\n|t:|1700440358\n|move|p1a: Dragapult|Shadow Ball|p2a: Torkoal\n|-damage|p2a: Torkoal|0 fnt\n|faint|p2a: Torkoal\n|\n|-weather|SunnyDay|[upkeep]\n|upkeep\n|\n|t:|1700440376\n|switch|p2a: Regidrago|Regidrago|100\/100\n|-damage|p2a: Regidrago|88\/100|[from] Stealth Rock\n|turn|34\n|\n|t:|1700440388\n|switch|p2a: Hoopa|Hoopa-Unbound|100\/100\n|-damage|p2a: Hoopa|88\/100|[from] Stealth Rock\n|move|p1a: Dragapult|Shadow Ball|p2a: Hoopa\n|-damage|p2a: Hoopa|49\/100\n|\n|-weather|none\n|upkeep\n|turn|35\n|\n|t:|1700440397\n|move|p1a: Dragapult|Shadow Ball|p2a: Hoopa\n|-damage|p2a: Hoopa|7\/100\n|move|p2a: Hoopa|Trick Room|p2a: Hoopa\n|-fieldstart|move: Trick Room|[of] p2a: Hoopa\n|\n|upkeep\n|turn|36\n|\n|t:|1700440405\n|move|p2a: Hoopa|Hyperspace Fury|p1a: Dragapult\n|-supereffective|p1a: Dragapult\n|-damage|p1a: Dragapult|0 fnt\n|-unboost|p2a: Hoopa|def|1\n|-enditem|p2a: Hoopa|Eject Pack\n|faint|p1a: Dragapult\n|\n|t:|1700440411\n|switch|p2a: Regidrago|Regidrago|88\/100\n|-damage|p2a: Regidrago|76\/100|[from] Stealth Rock\n|\n|upkeep\n|\n|t:|1700440415\n|switch|p1a: Tinkaton|Tinkaton, F|100\/100\n|-item|p1a: Tinkaton|Air Balloon\n|turn|37\n|\n|t:|1700440436\n|switch|p2a: Hoopa|Hoopa-Unbound|7\/100\n|-damage|p2a: Hoopa|0 fnt|[from] Stealth Rock\n|faint|p2a: Hoopa\n|move|p1a: Tinkaton|Thunder Wave|p2: Hoopa|[notarget]\n|-fail|p1a: Tinkaton\n|\n|upkeep\n|\n|t:|1700440442\n|switch|p2a: Iron Hands|Iron Hands|33\/100\n|-damage|p2a: Iron Hands|27\/100|[from] Stealth Rock\n|turn|38\n|\n|t:|1700440448\n|move|p2a: Iron Hands|Drain Punch|p1a: Tinkaton\n|-damage|p1a: Tinkaton|53\/100\n|-heal|p2a: Iron Hands|45\/100|[from] drain|[of] p1a: Tinkaton\n|-enditem|p1a: Tinkaton|Air Balloon\n|move|p1a: Tinkaton|Gigaton Hammer|p2a: Iron Hands\n|-resisted|p2a: Iron Hands\n|-damage|p2a: Iron Hands|32\/100\n|\n|upkeep\n|turn|39\n|\n|t:|1700440459\n|switch|p1a: Iron Moth|Iron Moth|100\/100\n|-enditem|p1a: Iron Moth|Booster Energy\n|-activate|p1a: Iron Moth|ability: Quark Drive|[fromitem]\n|-start|p1a: Iron Moth|quarkdrivespe\n|move|p2a: Iron Hands|Drain Punch|p1a: Iron Moth\n|-resisted|p1a: Iron Moth\n|-damage|p1a: Iron Moth|66\/100\n|-heal|p2a: Iron Hands|42\/100|[from] drain|[of] p1a: Iron Moth\n|\n|-fieldend|move: Trick Room\n|upkeep\n|turn|40\n|inactive|TheAtlasDomain has 120 seconds left.\n|\n|t:|1700440490\n|move|p1a: Iron Moth|Dazzling Gleam|p2a: Iron Hands\n|-supereffective|p2a: Iron Hands\n|-damage|p2a: Iron Hands|0 fnt\n|faint|p2a: Iron Hands\n|-end|p2a: Iron Hands|Quark Drive|[silent]\n|\n|upkeep\n|\n|t:|1700440494\n|switch|p2a: Regidrago|Regidrago|76\/100\n|-damage|p2a: Regidrago|63\/100|[from] Stealth Rock\n|turn|41\n|\n|t:|1700440501\n|move|p1a: Iron Moth|Dazzling Gleam|p2a: Regidrago\n|-supereffective|p2a: Regidrago\n|-damage|p2a: Regidrago|9\/100\n|move|p2a: Regidrago|Earth Power|p1a: Iron Moth\n|-supereffective|p1a: Iron Moth\n|-damage|p1a: Iron Moth|0 fnt\n|faint|p1a: Iron Moth\n|-end|p1a: Iron Moth|Quark Drive|[silent]\n|\n|upkeep\n|\n|t:|1700440507\n|switch|p1a: Great Tusk|Great Tusk|100\/100\n|turn|42\n|\n|t:|1700440512\n|move|p1a: Great Tusk|Knock Off|p2a: Regidrago\n|-damage|p2a: Regidrago|0 fnt\n|-enditem|p2a: Regidrago|Choice Specs|[from] move: Knock Off|[of] p1a: Great Tusk\n|faint|p2a: Regidrago\n|\n|win|THEESEFF\n|raw|THEESEFF's rating: 1363 &rarr; <strong>1386<\/strong><br \/>(+23 for winning)\n|raw|TheAtlasDomain's rating: 1418 &rarr; <strong>1395<\/strong><br \/>(-23 for losing)\n|l|\u2606TheAtlasDomain\n","uploadtime":1700440527,"views":8,"p1id":"theeseff","p2id":"theatlasdomain","formatid":"gen9ou","rating":1386,"private":0,"password":""}