{"id":"gen9ou-1989209843","p1":"genesis7","p2":"Monerochan","format":"[Gen 9] OU","log":"|j|\u2606genesis7\n|j|\u2606Monerochan\n|t:|1699823726\n|gametype|singles\n|player|p1|genesis7|#ssdleviathans|1764\n|player|p2|Monerochan|266|1748\n|teamsize|p1|6\n|teamsize|p2|6\n|gen|9\n|tier|[Gen 9] OU\n|rated|\n|rule|Sleep Clause Mod: Limit one foe put to sleep\n|rule|Species Clause: Limit one of each Pok\u00e9mon\n|rule|OHKO Clause: OHKO moves are banned\n|rule|Evasion Items Clause: Evasion items are banned\n|rule|Evasion Moves Clause: Evasion moves are banned\n|rule|Endless Battle Clause: Forcing endless battles is banned\n|rule|HP Percentage Mod: HP is shown in percentages\n|clearpoke\n|poke|p1|Sneasler, M|\n|poke|p1|Landorus-Therian, M|\n|poke|p1|Ribombee, M|\n|poke|p1|Manaphy|\n|poke|p1|Gholdengo|\n|poke|p1|Greninja-*, M|\n|poke|p2|Landorus-Therian, M|\n|poke|p2|Ting-Lu|\n|poke|p2|Dragapult, M|\n|poke|p2|Meowscarada, M|\n|poke|p2|Kingambit, F|\n|poke|p2|Iron Valiant|\n|teampreview\n|j| Shedtailhater\n|inactive|Battle timer is ON: inactive players will automatically lose when time's up. (requested by genesis7)\n|\n|t:|1699823783\n|start\n|switch|p1a: Ribombee|Ribombee, M|100\/100\n|switch|p2a: MoneyGamePt2|Ting-Lu|100\/100\n|-ability|p2a: MoneyGamePt2|Vessel of Ruin\n|turn|1\n|\n|t:|1699823796\n|move|p1a: Ribombee|Moonblast|p2a: MoneyGamePt2\n|-supereffective|p2a: MoneyGamePt2\n|-damage|p2a: MoneyGamePt2|70\/100\n|move|p2a: MoneyGamePt2|Spikes|p1a: Ribombee\n|-sidestart|p1: genesis7|Spikes\n|\n|-heal|p2a: MoneyGamePt2|76\/100|[from] item: Leftovers\n|upkeep\n|turn|2\n|\n|t:|1699823800\n|-terastallize|p2a: MoneyGamePt2|Poison\n|move|p1a: Ribombee|Sticky Web|p2a: MoneyGamePt2\n|-sidestart|p2: Monerochan|move: Sticky Web\n|move|p2a: MoneyGamePt2|Spikes|p1a: Ribombee\n|-sidestart|p1: genesis7|Spikes\n|\n|-heal|p2a: MoneyGamePt2|82\/100|[from] item: Leftovers\n|upkeep\n|turn|3\n|\n|t:|1699823806\n|move|p1a: Ribombee|Stun Spore|p2a: MoneyGamePt2\n|-status|p2a: MoneyGamePt2|par\n|move|p2a: MoneyGamePt2|Spikes|p1a: Ribombee\n|-sidestart|p1: genesis7|Spikes\n|\n|-heal|p2a: MoneyGamePt2|88\/100 par|[from] item: Leftovers\n|upkeep\n|turn|4\n|\n|t:|1699823812\n|switch|p1a: Landorus|Landorus-Therian, M|100\/100\n|-ability|p1a: Landorus|Intimidate|boost\n|-unboost|p2a: MoneyGamePt2|atk|1\n|move|p2a: MoneyGamePt2|Ruination|p1a: Landorus\n|-damage|p1a: Landorus|51\/100\n|\n|-heal|p2a: MoneyGamePt2|95\/100 par|[from] item: Leftovers\n|upkeep\n|turn|5\n|\n|t:|1699823820\n|switch|p2a: 911Mr.Lonely|Landorus-Therian, M|100\/100\n|-ability|p2a: 911Mr.Lonely|Intimidate|boost\n|-unboost|p1a: Landorus|atk|1\n|-terastallize|p1a: Landorus|Flying\n|move|p1a: Landorus|Tera Blast|p2a: 911Mr.Lonely|[anim] Tera Blast Flying\n|-damage|p2a: 911Mr.Lonely|51\/100\n|\n|upkeep\n|turn|6\n|\n|t:|1699823827\n|move|p1a: Landorus|Tera Blast|p2a: 911Mr.Lonely|[anim] Tera Blast Flying\n|-damage|p2a: 911Mr.Lonely|3\/100\n|move|p2a: 911Mr.Lonely|Stealth Rock|p1a: Landorus\n|-sidestart|p1: genesis7|move: Stealth Rock\n|\n|upkeep\n|turn|7\n|\n|t:|1699823835\n|switch|p2a: WOLF|Kingambit, F|100\/100\n|-activate|p2a: WOLF|move: Sticky Web\n|-unboost|p2a: WOLF|spe|1\n|move|p1a: Landorus|Tera Blast|p2a: WOLF|[anim] Tera Blast Flying\n|-resisted|p2a: WOLF\n|-damage|p2a: WOLF|77\/100\n|\n|-heal|p2a: WOLF|83\/100|[from] item: Leftovers\n|upkeep\n|turn|8\n|\n|t:|1699823859\n|switch|p1a: Greninja|Greninja, M|100\/100\n|-damage|p1a: Greninja|76\/100|[from] Spikes\n|-damage|p1a: Greninja|63\/100|[from] Stealth Rock\n|move|p2a: WOLF|Sucker Punch||[still]\n|-fail|p2a: WOLF\n|\n|-heal|p2a: WOLF|90\/100|[from] item: Leftovers\n|upkeep\n|turn|9\n|\n|t:|1699823865\n|-end|p2a: WOLF|fallenundefined|[silent]\n|switch|p2a: MoneyGamePt2|Ting-Lu, tera:Poison|95\/100 par\n|-activate|p2a: MoneyGamePt2|move: Sticky Web\n|-unboost|p2a: MoneyGamePt2|spe|1\n|-ability|p2a: MoneyGamePt2|Vessel of Ruin\n|move|p1a: Greninja|Surf|p2a: MoneyGamePt2\n|-damage|p2a: MoneyGamePt2|70\/100 par\n|-damage|p1a: Greninja|53\/100|[from] item: Life Orb\n|\n|-heal|p2a: MoneyGamePt2|76\/100 par|[from] item: Leftovers\n|upkeep\n|turn|10\n|\n|t:|1699823874\n|move|p1a: Greninja|Dark Pulse|p2a: MoneyGamePt2\n|-damage|p2a: MoneyGamePt2|54\/100 par\n|-damage|p1a: Greninja|44\/100|[from] item: Life Orb\n|move|p2a: MoneyGamePt2|Whirlwind|p1a: Greninja\n|drag|p1a: Manaphy|Manaphy|100\/100\n|-damage|p1a: Manaphy|76\/100|[from] Spikes\n|-damage|p1a: Manaphy|63\/100|[from] Stealth Rock\n|\n|-heal|p2a: MoneyGamePt2|61\/100 par|[from] item: Leftovers\n|upkeep\n|turn|11\n|\n|t:|1699823883\n|move|p1a: Manaphy|Psychic|p2a: MoneyGamePt2\n|-supereffective|p2a: MoneyGamePt2\n|-damage|p2a: MoneyGamePt2|37\/100 par\n|cant|p2a: MoneyGamePt2|par\n|\n|-heal|p2a: MoneyGamePt2|43\/100 par|[from] item: Leftovers\n|upkeep\n|turn|12\n|\n|t:|1699823887\n|switch|p2a: Wing$|Meowscarada, M|100\/100\n|-activate|p2a: Wing$|move: Sticky Web\n|-unboost|p2a: Wing$|spe|1\n|move|p1a: Manaphy|Psychic|p2a: Wing$\n|-immune|p2a: Wing$\n|\n|upkeep\n|turn|13\n|\n|t:|1699823895\n|switch|p1a: Greninja|Greninja, M|44\/100\n|-damage|p1a: Greninja|19\/100|[from] Spikes\n|-damage|p1a: Greninja|6\/100|[from] Stealth Rock\n|move|p2a: Wing$|Flower Trick|p1a: Greninja\n|-start|p2a: Wing$|typechange|Grass|[from] ability: Protean\n|-supereffective|p1a: Greninja\n|-crit|p1a: Greninja\n|-damage|p1a: Greninja|0 fnt\n|faint|p1a: Greninja\n|\n|upkeep\n|\n|t:|1699823907\n|switch|p1a: Sneasler|Sneasler, M|100\/100\n|-damage|p1a: Sneasler|76\/100|[from] Spikes\n|-damage|p1a: Sneasler|70\/100|[from] Stealth Rock\n|turn|14\n|\n|t:|1699823914\n|switch|p2a: MoneyGamePt2|Ting-Lu, tera:Poison|43\/100 par\n|-activate|p2a: MoneyGamePt2|move: Sticky Web\n|-unboost|p2a: MoneyGamePt2|spe|1\n|-ability|p2a: MoneyGamePt2|Vessel of Ruin\n|move|p1a: Sneasler|Dire Claw|p2a: MoneyGamePt2\n|-resisted|p2a: MoneyGamePt2\n|-damage|p2a: MoneyGamePt2|32\/100 par\n|\n|-heal|p2a: MoneyGamePt2|38\/100 par|[from] item: Leftovers\n|upkeep\n|turn|15\n|\n|t:|1699823923\n|move|p1a: Sneasler|U-turn|p2a: MoneyGamePt2\n|-resisted|p2a: MoneyGamePt2\n|-crit|p2a: MoneyGamePt2\n|-damage|p2a: MoneyGamePt2|28\/100 par\n|\n|t:|1699823927\n|switch|p1a: Landorus|Landorus-Therian, M, tera:Flying|51\/100|[from] U-turn\n|-damage|p1a: Landorus|26\/100|[from] Stealth Rock\n|-ability|p1a: Landorus|Intimidate|boost\n|-unboost|p2a: MoneyGamePt2|atk|1\n|cant|p2a: MoneyGamePt2|par\n|\n|-heal|p2a: MoneyGamePt2|34\/100 par|[from] item: Leftovers\n|upkeep\n|turn|16\n|\n|t:|1699823944\n|switch|p2a: 911Mr.Lonely|Landorus-Therian, M|3\/100\n|-ability|p2a: 911Mr.Lonely|Intimidate|boost\n|-unboost|p1a: Landorus|atk|1\n|move|p1a: Landorus|Stealth Rock|p2a: 911Mr.Lonely\n|-sidestart|p2: Monerochan|move: Stealth Rock\n|\n|upkeep\n|turn|17\n|\n|t:|1699823955\n|move|p1a: Landorus|Stealth Rock||[still]\n|-fail|p1a: Landorus\n|move|p2a: 911Mr.Lonely|U-turn|p1a: Landorus\n|-resisted|p1a: Landorus\n|-damage|p1a: Landorus|12\/100\n|j| darkrows\n|\n|t:|1699823971\n|switch|p2a: WOLF|Kingambit, F|90\/100|[from] U-turn\n|-activate|p2a: WOLF|move: Sticky Web\n|-unboost|p2a: WOLF|spe|1\n|-damage|p2a: WOLF|83\/100|[from] Stealth Rock\n|\n|-heal|p2a: WOLF|90\/100|[from] item: Leftovers\n|upkeep\n|turn|18\n|\n|t:|1699823989\n|switch|p1a: Manaphy|Manaphy|63\/100\n|-damage|p1a: Manaphy|38\/100|[from] Spikes\n|-damage|p1a: Manaphy|26\/100|[from] Stealth Rock\n|move|p2a: WOLF|Sucker Punch||[still]\n|-fail|p2a: WOLF\n|\n|-heal|p2a: WOLF|96\/100|[from] item: Leftovers\n|upkeep\n|turn|19\n|\n|t:|1699823997\n|move|p1a: Manaphy|Scald|p2a: WOLF\n|-damage|p2a: WOLF|57\/100\n|move|p2a: WOLF|Kowtow Cleave|p1a: Manaphy\n|-damage|p1a: Manaphy|0 fnt\n|faint|p1a: Manaphy\n|\n|-heal|p2a: WOLF|63\/100|[from] item: Leftovers\n|upkeep\n|j| Daleii\n|\n|t:|1699824008\n|switch|p1a: Sneasler|Sneasler, M|70\/100\n|-damage|p1a: Sneasler|45\/100|[from] Spikes\n|-damage|p1a: Sneasler|39\/100|[from] Stealth Rock\n|turn|20\n|\n|t:|1699824012\n|-end|p2a: WOLF|fallenundefined|[silent]\n|switch|p2a: 911Mr.Lonely|Landorus-Therian, M|3\/100\n|-damage|p2a: 911Mr.Lonely|0 fnt|[from] Stealth Rock\n|faint|p2a: 911Mr.Lonely\n|move|p1a: Sneasler|Close Combat|p2: 911Mr.Lonely|[notarget]\n|-fail|p1a: Sneasler\n|\n|upkeep\n|\n|t:|1699824017\n|switch|p2a: SwimmingPools|Dragapult, M|100\/100\n|-activate|p2a: SwimmingPools|move: Sticky Web\n|-unboost|p2a: SwimmingPools|spe|1\n|-damage|p2a: SwimmingPools|88\/100|[from] Stealth Rock\n|turn|21\n|\n|t:|1699824031\n|move|p1a: Sneasler|Dire Claw|p2a: SwimmingPools\n|-resisted|p2a: SwimmingPools\n|-damage|p2a: SwimmingPools|59\/100\n|-status|p2a: SwimmingPools|psn|[from] ability: Poison Touch|[of] p1a: Sneasler\n|move|p2a: SwimmingPools|Shadow Ball|p1a: Sneasler\n|-damage|p1a: Sneasler|0 fnt\n|faint|p1a: Sneasler\n|\n|-damage|p2a: SwimmingPools|47\/100 psn|[from] psn\n|upkeep\n|j| simplegent\n|j| Tiranito\n|\n|t:|1699824043\n|switch|p1a: Kuzko|Gholdengo|100\/100\n|-damage|p1a: Kuzko|94\/100|[from] Stealth Rock\n|-item|p1a: Kuzko|Air Balloon\n|turn|22\n|\n|t:|1699824046\n|move|p2a: SwimmingPools|Shadow Ball|p1a: Kuzko\n|-supereffective|p1a: Kuzko\n|-damage|p1a: Kuzko|12\/100\n|-enditem|p1a: Kuzko|Air Balloon\n|move|p1a: Kuzko|Shadow Ball|p2a: SwimmingPools\n|-supereffective|p2a: SwimmingPools\n|-damage|p2a: SwimmingPools|0 fnt\n|faint|p2a: SwimmingPools\n|\n|upkeep\n|\n|t:|1699824054\n|switch|p2a: GONEGONETHANKYOU|Iron Valiant|100\/100\n|-activate|p2a: GONEGONETHANKYOU|move: Sticky Web\n|-unboost|p2a: GONEGONETHANKYOU|spe|1\n|-damage|p2a: GONEGONETHANKYOU|94\/100|[from] Stealth Rock\n|-enditem|p2a: GONEGONETHANKYOU|Booster Energy\n|-activate|p2a: GONEGONETHANKYOU|ability: Quark Drive|[fromitem]\n|-start|p2a: GONEGONETHANKYOU|quarkdrivespa\n|turn|23\n|j| RedSkyAtNight\n|\n|t:|1699824061\n|move|p2a: GONEGONETHANKYOU|Thunderbolt|p1a: Kuzko\n|-damage|p1a: Kuzko|0 fnt\n|faint|p1a: Kuzko\n|\n|upkeep\n|\n|t:|1699824066\n|switch|p1a: Ribombee|Ribombee, M|100\/100\n|-damage|p1a: Ribombee|76\/100|[from] Spikes\n|-damage|p1a: Ribombee|51\/100|[from] Stealth Rock\n|turn|24\n|\n|t:|1699824070\n|move|p1a: Ribombee|Moonblast|p2a: GONEGONETHANKYOU\n|-supereffective|p2a: GONEGONETHANKYOU\n|-damage|p2a: GONEGONETHANKYOU|0 fnt\n|faint|p2a: GONEGONETHANKYOU\n|-end|p2a: GONEGONETHANKYOU|Quark Drive|[silent]\n|\n|upkeep\n|\n|t:|1699824074\n|switch|p2a: MoneyGamePt2|Ting-Lu, tera:Poison|34\/100 par\n|-activate|p2a: MoneyGamePt2|move: Sticky Web\n|-unboost|p2a: MoneyGamePt2|spe|1\n|-damage|p2a: MoneyGamePt2|22\/100 par|[from] Stealth Rock\n|-ability|p2a: MoneyGamePt2|Vessel of Ruin\n|turn|25\n|\n|t:|1699824083\n|move|p1a: Ribombee|Moonblast|p2a: MoneyGamePt2\n|-resisted|p2a: MoneyGamePt2\n|-damage|p2a: MoneyGamePt2|14\/100 par\n|move|p2a: MoneyGamePt2|Whirlwind|p1a: Ribombee\n|drag|p1a: Landorus|Landorus-Therian, M, tera:Flying|12\/100\n|-damage|p1a: Landorus|0 fnt|[from] Stealth Rock\n|faint|p1a: Landorus\n|\n|-heal|p2a: MoneyGamePt2|20\/100 par|[from] item: Leftovers\n|upkeep\n|\n|t:|1699824091\n|switch|p1a: Ribombee|Ribombee, M|51\/100\n|-damage|p1a: Ribombee|26\/100|[from] Spikes\n|-damage|p1a: Ribombee|1\/100|[from] Stealth Rock\n|turn|26\n|\n|t:|1699824096\n|move|p1a: Ribombee|Moonblast|p2a: MoneyGamePt2\n|-resisted|p2a: MoneyGamePt2\n|-crit|p2a: MoneyGamePt2\n|-damage|p2a: MoneyGamePt2|8\/100 par\n|-unboost|p2a: MoneyGamePt2|spa|1\n|move|p2a: MoneyGamePt2|Earthquake|p1a: Ribombee\n|-resisted|p1a: Ribombee\n|-damage|p1a: Ribombee|0 fnt\n|faint|p1a: Ribombee\n|\n|win|Monerochan\n|raw|genesis7's rating: 1764 &rarr; <strong>1743<\/strong><br \/>(-21 for losing)\n|raw|Monerochan's rating: 1748 &rarr; <strong>1769<\/strong><br \/>(+21 for winning)\n|l| Shedtailhater\n|c|\u2606Monerochan|Gg\n|l|\u2606genesis7\n|l| Daleii\n|l| RedSkyAtNight\n|l| darkrows\n|l| simplegent\n","uploadtime":1699824278,"views":17,"p1id":"genesis7","p2id":"monerochan","formatid":"gen9ou","rating":1743,"private":0,"password":""}