{"id":"gen9ou-1994332454","p1":"ChefBigDogg69","p2":"Silly Croco","format":"[Gen 9] OU","log":"|j|\u2606ChefBigDogg69\n|j|\u2606Silly Croco\n|t:|1700432053\n|gametype|singles\n|player|p1|ChefBigDogg69|baker|1272\n|player|p2|Silly Croco|alec-anime|1189\n|teamsize|p1|6\n|teamsize|p2|6\n|gen|9\n|tier|[Gen 9] OU\n|rated|\n|rule|Sleep Clause Mod: Limit one foe put to sleep\n|rule|Species Clause: Limit one of each Pok\u00e9mon\n|rule|OHKO Clause: OHKO moves are banned\n|rule|Evasion Items Clause: Evasion items are banned\n|rule|Evasion Moves Clause: Evasion moves are banned\n|rule|Endless Battle Clause: Forcing endless battles is banned\n|rule|HP Percentage Mod: HP is shown in percentages\n|clearpoke\n|poke|p1|Manaphy|\n|poke|p1|Ogerpon-Wellspring, F|\n|poke|p1|Iron Moth|\n|poke|p1|Gholdengo|\n|poke|p1|Ribombee, M|\n|poke|p1|Kingambit, F|\n|poke|p2|Heatran, M|\n|poke|p2|Amoonguss, M|\n|poke|p2|Great Tusk|\n|poke|p2|Zapdos|\n|poke|p2|Maushold-Four|\n|poke|p2|Inteleon, M|\n|teampreview\n|inactive|Battle timer is ON: inactive players will automatically lose when time's up. (requested by ChefBigDogg69)\n|\n|t:|1700432060\n|start\n|switch|p1a: Diabulao|Ribombee, M|100\/100\n|switch|p2a: Maushold|Maushold-Four|100\/100\n|turn|1\n|\n|t:|1700432072\n|move|p1a: Diabulao|Sticky Web|p2a: Maushold\n|-sidestart|p2: Silly Croco|move: Sticky Web\n|move|p2a: Maushold|Tidy Up|p2a: Maushold\n|-sideend|p2: Silly Croco|Sticky Web\n|-activate|p2a: Maushold|move: Tidy Up\n|-boost|p2a: Maushold|atk|1\n|-boost|p2a: Maushold|spe|1\n|\n|upkeep\n|turn|2\n|\n|t:|1700432089\n|move|p2a: Maushold|Encore|p1a: Diabulao\n|-start|p1a: Diabulao|Encore\n|move|p1a: Diabulao|Sticky Web|p2a: Maushold\n|-sidestart|p2: Silly Croco|move: Sticky Web\n|\n|upkeep\n|turn|3\n|\n|t:|1700432114\n|switch|p1a: Aigatas left cousn|Kingambit, F|100\/100\n|move|p2a: Maushold|Tidy Up|p2a: Maushold\n|-sideend|p2: Silly Croco|Sticky Web\n|-activate|p2a: Maushold|move: Tidy Up\n|-boost|p2a: Maushold|atk|1\n|-boost|p2a: Maushold|spe|1\n|\n|upkeep\n|turn|4\n|\n|t:|1700432135\n|-terastallize|p2a: Maushold|Dark\n|move|p2a: Maushold|Population Bomb|p1a: Aigatas left cousn\n|-resisted|p1a: Aigatas left cousn\n|-damage|p1a: Aigatas left cousn|91\/100\n|-resisted|p1a: Aigatas left cousn\n|-damage|p1a: Aigatas left cousn|81\/100\n|-resisted|p1a: Aigatas left cousn\n|-damage|p1a: Aigatas left cousn|72\/100\n|-resisted|p1a: Aigatas left cousn\n|-crit|p1a: Aigatas left cousn\n|-damage|p1a: Aigatas left cousn|59\/100\n|-resisted|p1a: Aigatas left cousn\n|-damage|p1a: Aigatas left cousn|49\/100\n|-resisted|p1a: Aigatas left cousn\n|-damage|p1a: Aigatas left cousn|40\/100\n|-hitcount|p1a: Aigatas left cousn|6\n|move|p1a: Aigatas left cousn|Low Kick|p2a: Maushold\n|-supereffective|p2a: Maushold\n|-damage|p2a: Maushold|76\/100\n|\n|upkeep\n|turn|5\n|\n|t:|1700432154\n|-end|p1a: Aigatas left cousn|fallenundefined|[silent]\n|switch|p1a: Brotha|Gholdengo|100\/100\n|-item|p1a: Brotha|Air Balloon\n|move|p2a: Maushold|Encore|p1a: Brotha\n|-immune|p1a: Brotha|[from] ability: Good as Gold\n|\n|upkeep\n|turn|6\n|\n|t:|1700432169\n|move|p2a: Maushold|Bite|p1a: Brotha\n|-supereffective|p1a: Brotha\n|-damage|p1a: Brotha|0 fnt\n|-enditem|p1a: Brotha|Air Balloon\n|faint|p1a: Brotha\n|\n|upkeep\n|-message|ChefBigDogg69 forfeited.\n|\n|win|Silly Croco\n|raw|ChefBigDogg69's rating: 1272 &rarr; <strong>1241<\/strong><br \/>(-31 for losing)\n|raw|Silly Croco's rating: 1189 &rarr; <strong>1220<\/strong><br \/>(+31 for winning)\n|l|\u2606ChefBigDogg69\n|c|\u2606Silly Croco|ggs\n","uploadtime":1700432195,"views":14,"p1id":"chefbigdogg69","p2id":"sillycroco","formatid":"gen9ou","rating":1220,"private":0,"password":""}