{"id":"gen9ou-1990592326","p1":"PokeFed08","p2":"BlueKnockYT","format":"[Gen 9] OU","log":"|j|\u2606PokeFed08\n|j|\u2606BlueKnockYT\n|t:|1699984077\n|gametype|singles\n|player|p1|PokeFed08|169|1062\n|player|p2|BlueKnockYT|thorton|1064\n|teamsize|p1|5\n|teamsize|p2|6\n|gen|9\n|tier|[Gen 9] OU\n|rated|\n|rule|Sleep Clause Mod: Limit one foe put to sleep\n|rule|Species Clause: Limit one of each Pok\u00e9mon\n|rule|OHKO Clause: OHKO moves are banned\n|rule|Evasion Items Clause: Evasion items are banned\n|rule|Evasion Moves Clause: Evasion moves are banned\n|rule|Endless Battle Clause: Forcing endless battles is banned\n|rule|HP Percentage Mod: HP is shown in percentages\n|clearpoke\n|poke|p1|Armarouge, F|\n|poke|p1|Haxorus, M|\n|poke|p1|Snorlax, M|\n|poke|p1|Lycanroc-Dusk, F|\n|poke|p1|Vikavolt, F|\n|poke|p2|Samurott-Hisui, F|\n|poke|p2|Zoroark-Hisui, M|\n|poke|p2|Enamorus, F|\n|poke|p2|Sneasler, M|\n|poke|p2|Arcanine-Hisui, M|\n|poke|p2|Goodra-Hisui, F|\n|teampreview\n|inactive|Battle timer is ON: inactive players will automatically lose when time's up. (requested by BlueKnockYT)\n|\n|t:|1699984082\n|start\n|switch|p1a: Snorlax|Snorlax, M|100\/100\n|switch|p2a: Samurott|Samurott-Hisui, F|100\/100\n|turn|1\n|\n|t:|1699984091\n|move|p2a: Samurott|Sacred Sword|p1a: Snorlax\n|-supereffective|p1a: Snorlax\n|-damage|p1a: Snorlax|21\/100\n|-enditem|p1a: Snorlax|Aguav Berry|[eat]\n|-heal|p1a: Snorlax|54\/100|[from] item: Aguav Berry\n|move|p1a: Snorlax|Belly Drum|p1a: Snorlax\n|-damage|p1a: Snorlax|4\/100\n|-setboost|p1a: Snorlax|atk|6|[from] move: Belly Drum\n|\n|upkeep\n|turn|2\n|\n|t:|1699984100\n|move|p2a: Samurott|Ceaseless Edge|p1a: Snorlax\n|-crit|p1a: Snorlax\n|-damage|p1a: Snorlax|0 fnt\n|-sidestart|p1: PokeFed08|Spikes\n|faint|p1a: Snorlax\n|\n|upkeep\n|\n|t:|1699984110\n|switch|p1a: Vikavolt|Vikavolt, F|100\/100\n|turn|3\n|\n|t:|1699984117\n|move|p2a: Samurott|Ceaseless Edge|p1a: Vikavolt\n|-damage|p1a: Vikavolt|48\/100\n|-sidestart|p1: PokeFed08|Spikes\n|move|p1a: Vikavolt|Thunderbolt|p2a: Samurott\n|-supereffective|p2a: Samurott\n|-damage|p2a: Samurott|0 fnt\n|faint|p2a: Samurott\n|\n|upkeep\n|\n|t:|1699984125\n|switch|p2a: Arcanine|Arcanine-Hisui, M|100\/100\n|turn|4\n|\n|t:|1699984129\n|move|p2a: Arcanine|Flare Blitz|p1a: Vikavolt\n|-supereffective|p1a: Vikavolt\n|-damage|p1a: Vikavolt|0 fnt\n|faint|p1a: Vikavolt\n|\n|upkeep\n|\n|t:|1699984137\n|switch|p1a: Haxorus|Haxorus, M|100\/100\n|-damage|p1a: Haxorus|84\/100|[from] Spikes\n|-ability|p1a: Haxorus|Mold Breaker\n|turn|5\n|\n|t:|1699984144\n|switch|p2a: Enamorus|Enamorus, F|100\/100\n|move|p1a: Haxorus|Earthquake|p2a: Enamorus\n|-immune|p2a: Enamorus\n|\n|upkeep\n|turn|6\n|\n|t:|1699984151\n|-terastallize|p1a: Haxorus|Fairy\n|move|p2a: Enamorus|Springtide Storm|p1a: Haxorus\n|-damage|p1a: Haxorus|0 fnt\n|faint|p1a: Haxorus\n|\n|upkeep\n|\n|t:|1699984158\n|switch|p1a: Lycanroc|Lycanroc-Dusk, F|100\/100\n|-damage|p1a: Lycanroc|84\/100|[from] Spikes\n|turn|7\n|\n|t:|1699984164\n|switch|p2a: Goodra|Goodra-Hisui, F|100\/100\n|move|p1a: Lycanroc|Accelerock|p2a: Goodra\n|-resisted|p2a: Goodra\n|-damage|p2a: Goodra|85\/100\n|-ability|p2a: Goodra|Gooey\n|-unboost|p1a: Lycanroc|spe|1\n|-damage|p1a: Lycanroc|74\/100|[from] item: Life Orb\n|\n|-heal|p2a: Goodra|91\/100|[from] item: Leftovers\n|upkeep\n|turn|8\n|\n|t:|1699984176\n|move|p1a: Lycanroc|Close Combat|p2a: Goodra\n|-supereffective|p2a: Goodra\n|-damage|p2a: Goodra|0 fnt\n|-unboost|p1a: Lycanroc|def|1\n|-unboost|p1a: Lycanroc|spd|1\n|-ability|p2a: Goodra|Gooey\n|-unboost|p1a: Lycanroc|spe|1\n|faint|p2a: Goodra\n|-damage|p1a: Lycanroc|64\/100|[from] item: Life Orb\n|\n|upkeep\n|\n|t:|1699984180\n|switch|p2a: Enamorus|Enamorus, F|100\/100\n|turn|9\n|\n|t:|1699984188\n|move|p1a: Lycanroc|Accelerock|p2a: Enamorus\n|-supereffective|p2a: Enamorus\n|-damage|p2a: Enamorus|0 fnt\n|faint|p2a: Enamorus\n|-damage|p1a: Lycanroc|54\/100|[from] item: Life Orb\n|\n|upkeep\n|\n|t:|1699984192\n|switch|p2a: Arcanine|Arcanine-Hisui, M|100\/100\n|turn|10\n|\n|t:|1699984197\n|switch|p1a: Armarouge|Armarouge, F|100\/100\n|-damage|p1a: Armarouge|84\/100|[from] Spikes\n|move|p2a: Arcanine|Close Combat|p1a: Armarouge\n|-resisted|p1a: Armarouge\n|-damage|p1a: Armarouge|63\/100\n|-unboost|p2a: Arcanine|def|1\n|-unboost|p2a: Arcanine|spd|1\n|-ability|p1a: Armarouge|Weak Armor|boost\n|-unboost|p1a: Armarouge|def|1\n|-boost|p1a: Armarouge|spe|2\n|\n|upkeep\n|turn|11\n|\n|t:|1699984213\n|move|p1a: Armarouge|Psychic|p2a: Arcanine\n|-damage|p2a: Arcanine|7\/100\n|-unboost|p2a: Arcanine|spd|1\n|move|p2a: Arcanine|Close Combat|p1a: Armarouge\n|-resisted|p1a: Armarouge\n|-damage|p1a: Armarouge|33\/100\n|-unboost|p2a: Arcanine|def|1\n|-unboost|p2a: Arcanine|spd|1\n|-ability|p1a: Armarouge|Weak Armor|boost\n|-unboost|p1a: Armarouge|def|1\n|-boost|p1a: Armarouge|spe|2\n|\n|upkeep\n|turn|12\n|\n|t:|1699984225\n|move|p1a: Armarouge|Psychic|p2a: Arcanine\n|-damage|p2a: Arcanine|0 fnt\n|faint|p2a: Arcanine\n|\n|upkeep\n|\n|t:|1699984228\n|switch|p2a: Sneasler|Sneasler, M|100\/100\n|turn|13\n|\n|t:|1699984234\n|move|p1a: Armarouge|Psychic|p2a: Sneasler\n|-damage|p2a: Sneasler|0 fnt\n|replace|p2a: Zoroark|Zoroark-Hisui, M, shiny\n|-end|p2a: Zoroark|Illusion\n|faint|p2a: Zoroark\n|\n|upkeep\n|\n|t:|1699984236\n|switch|p2a: Sneasler|Sneasler, M|100\/100\n|turn|14\n|\n|t:|1699984245\n|-terastallize|p2a: Sneasler|Dark\n|move|p1a: Armarouge|Armor Cannon|p2a: Sneasler\n|-damage|p2a: Sneasler|7\/100\n|-unboost|p1a: Armarouge|def|1\n|-unboost|p1a: Armarouge|spd|1\n|move|p2a: Sneasler|Swords Dance|p2a: Sneasler\n|-boost|p2a: Sneasler|atk|2\n|\n|upkeep\n|turn|15\n|c|\u2606PokeFed08|I thought so gutso, oldest trick in the book\n|inactive|BlueKnockYT has 120 seconds left.\n|\n|t:|1699984277\n|move|p1a: Armarouge|Armor Cannon|p2a: Sneasler\n|-damage|p2a: Sneasler|0 fnt\n|-unboost|p1a: Armarouge|def|1\n|-unboost|p1a: Armarouge|spd|1\n|faint|p2a: Sneasler\n|\n|win|PokeFed08\n|raw|PokeFed08's rating: 1062 &rarr; <strong>1093<\/strong><br \/>(+31 for winning)\n|raw|BlueKnockYT's rating: 1064 &rarr; <strong>1044<\/strong><br \/>(-20 for losing)\n|c|\u2606PokeFed08|GG\n|l|\u2606BlueKnockYT\n","uploadtime":1699984306,"views":10,"p1id":"pokefed08","p2id":"blueknockyt","formatid":"gen9ou","rating":1044,"private":0,"password":""}