{"id":"gen9ou-1992247997","p1":"freebird88","p2":"DIMU179","format":"[Gen 9] OU","log":"|j|\u2606freebird88\n|j|\u2606DIMU179\n|inactive|Battle timer is ON: inactive players will automatically lose when time's up.\n|t:|1700167494\n|gametype|singles\n|player|p1|freebird88|clown|\n|player|p2|DIMU179|benga|\n|teamsize|p1|3\n|teamsize|p2|3\n|gen|9\n|tier|[Gen 9] OU\n|rated|Tournament battle\n|rule|Sleep Clause Mod: Limit one foe put to sleep\n|rule|Species Clause: Limit one of each Pok\u00e9mon\n|rule|OHKO Clause: OHKO moves are banned\n|rule|Evasion Items Clause: Evasion items are banned\n|rule|Evasion Moves Clause: Evasion moves are banned\n|rule|Endless Battle Clause: Forcing endless battles is banned\n|rule|HP Percentage Mod: HP is shown in percentages\n|clearpoke\n|poke|p1|Electrode-Hisui|\n|poke|p1|Fraxure, M|\n|poke|p1|Zoroark-Hisui, F|\n|poke|p2|Dragonair, M|\n|poke|p2|Milotic, M|\n|poke|p2|Sinistcha-Masterpiece|\n|teampreview\n|j|*Lady Monita \u2746\n|inactive|DIMU179 also wants the timer to be on.\n|j| Mkap\n|\n|t:|1700167506\n|start\n|switch|p1a: Fraxure|Fraxure, M|100\/100\n|switch|p2a: Dragonair|Dragonair, M|100\/100\n|-ability|p1a: Fraxure|Mold Breaker\n|turn|1\n|\n|t:|1700167512\n|move|p2a: Dragonair|Outrage|p1a: Fraxure\n|-supereffective|p1a: Fraxure\n|-damage|p1a: Fraxure|15\/100\n|move|p1a: Fraxure|Dragon Dance|p1a: Fraxure\n|-boost|p1a: Fraxure|atk|1\n|-boost|p1a: Fraxure|spe|1\n|\n|upkeep\n|turn|2\n|\n|t:|1700167517\n|move|p1a: Fraxure|Outrage|p2a: Dragonair\n|-supereffective|p2a: Dragonair\n|-damage|p2a: Dragonair|0 fnt\n|faint|p2a: Dragonair\n|\n|upkeep\n|j| nidhoagie\n|\n|t:|1700167525\n|switch|p2a: Sinistcha|Sinistcha-Masterpiece|100\/100\n|turn|3\n|\n|t:|1700167532\n|-terastallize|p2a: Sinistcha|Steel\n|move|p1a: Fraxure|Outrage|p2a: Sinistcha|[from]lockedmove\n|-resisted|p2a: Sinistcha\n|-damage|p2a: Sinistcha|57\/100\n|-start|p1a: Fraxure|confusion|[fatigue]\n|move|p2a: Sinistcha|Calm Mind|p2a: Sinistcha\n|-boost|p2a: Sinistcha|spa|1\n|-boost|p2a: Sinistcha|spd|1\n|\n|-heal|p2a: Sinistcha|63\/100|[from] item: Leftovers\n|upkeep\n|turn|4\n|\n|t:|1700167541\n|-activate|p1a: Fraxure|confusion\n|move|p1a: Fraxure|Stomping Tantrum|p2a: Sinistcha\n|-supereffective|p2a: Sinistcha\n|-damage|p2a: Sinistcha|0 fnt\n|faint|p2a: Sinistcha\n|\n|upkeep\n|\n|t:|1700167544\n|switch|p2a: Milotic|Milotic, M|100\/100\n|turn|5\n|\n|t:|1700167547\n|-activate|p1a: Fraxure|confusion\n|move|p1a: Fraxure|Outrage|p2a: Milotic\n|-damage|p2a: Milotic|28\/100\n|move|p2a: Milotic|Scald|p1a: Fraxure\n|-resisted|p1a: Fraxure\n|-damage|p1a: Fraxure|0 fnt\n|faint|p1a: Fraxure\n|\n|-heal|p2a: Milotic|34\/100|[from] item: Leftovers\n|upkeep\n|\n|t:|1700167554\n|switch|p1a: Electrode|Electrode-Hisui|100\/100\n|turn|6\n|\n|t:|1700167563\n|move|p1a: Electrode|Leech Seed|p2a: Milotic\n|-start|p2a: Milotic|move: Leech Seed\n|move|p2a: Milotic|Scald|p1a: Electrode\n|-resisted|p1a: Electrode\n|-damage|p1a: Electrode|83\/100\n|\n|-heal|p1a: Electrode|89\/100|[from] item: Leftovers\n|-heal|p2a: Milotic|40\/100|[from] item: Leftovers\n|-damage|p2a: Milotic|28\/100|[from] Leech Seed|[of] p1a: Electrode\n|-heal|p1a: Electrode|100\/100|[silent]\n|upkeep\n|turn|7\n|\n|t:|1700167569\n|move|p1a: Electrode|Substitute|p1a: Electrode\n|-start|p1a: Electrode|Substitute\n|-damage|p1a: Electrode|76\/100\n|move|p2a: Milotic|Tera Blast|p1a: Electrode\n|-activate|p1a: Electrode|move: Substitute|[damage]\n|\n|-heal|p1a: Electrode|82\/100|[from] item: Leftovers\n|-heal|p2a: Milotic|34\/100|[from] item: Leftovers\n|-damage|p2a: Milotic|22\/100|[from] Leech Seed|[of] p1a: Electrode\n|-heal|p1a: Electrode|97\/100|[silent]\n|upkeep\n|turn|8\n|c|\u2606freebird88|gg\n|\n|t:|1700167579\n|move|p1a: Electrode|Giga Drain|p2a: Milotic\n|-supereffective|p2a: Milotic\n|-damage|p2a: Milotic|0 fnt\n|-heal|p1a: Electrode|100\/100|[from] drain|[of] p2a: Milotic\n|faint|p2a: Milotic\n|\n|win|freebird88\n|n|\u2606freebird88|freebird88\n|n|\u2606DIMU179|dimu179\n|n|*Lady Monita \u2746|ladymonita\n|n| Mkap|mkap\n|n| nidhoagie|nidhoagie\n","uploadtime":1700167580,"views":7,"p1id":"freebird88","p2id":"dimu179","formatid":"gen9ou","rating":0,"private":0,"password":""}