{"id":"gen9ou-1993710320","p1":"Winterbub","p2":"talon246","format":"[Gen 9] OU","log":"|j|\u2606Winterbub\n|j|\u2606talon246\n|t:|1700348161\n|gametype|singles\n|player|p1|Winterbub|cynthia|1590\n|player|p2|talon246|marlon|1644\n|teamsize|p1|6\n|teamsize|p2|6\n|gen|9\n|tier|[Gen 9] OU\n|rated|\n|rule|Sleep Clause Mod: Limit one foe put to sleep\n|rule|Species Clause: Limit one of each Pok\u00e9mon\n|rule|OHKO Clause: OHKO moves are banned\n|rule|Evasion Items Clause: Evasion items are banned\n|rule|Evasion Moves Clause: Evasion moves are banned\n|rule|Endless Battle Clause: Forcing endless battles is banned\n|rule|HP Percentage Mod: HP is shown in percentages\n|clearpoke\n|poke|p1|Glimmora, F|\n|poke|p1|Greninja-*, M|\n|poke|p1|Iron Valiant|\n|poke|p1|Dragonite, F|\n|poke|p1|Kingambit, F|\n|poke|p1|Iron Moth|\n|poke|p2|Zapdos|\n|poke|p2|Kingambit, F|\n|poke|p2|Iron Valiant|\n|poke|p2|Alomomola, M|\n|poke|p2|Ogerpon-Wellspring, F|\n|poke|p2|Cinderace, M|\n|teampreview\n|inactive|Battle timer is ON: inactive players will automatically lose when time's up. (requested by Winterbub)\n|\n|t:|1700348170\n|start\n|switch|p1a: Glimmora|Glimmora, F|100\/100\n|switch|p2a: Zapdos|Zapdos|100\/100\n|turn|1\n|\n|t:|1700348173\n|move|p1a: Glimmora|Mortal Spin|p2a: Zapdos\n|-damage|p2a: Zapdos|93\/100\n|-status|p2a: Zapdos|psn\n|move|p2a: Zapdos|Volt Switch|p1a: Glimmora\n|-damage|p1a: Glimmora|47\/100\n|\n|t:|1700348178\n|switch|p2a: Ogerpon|Ogerpon-Wellspring, F|100\/100|[from] Volt Switch\n|\n|upkeep\n|turn|2\n|\n|t:|1700348182\n|move|p2a: Ogerpon|Ivy Cudgel|p1a: Glimmora|[anim] Ivy Cudgel Water\n|-supereffective|p1a: Glimmora\n|-damage|p1a: Glimmora|0 fnt\n|-activate|p1a: Glimmora|ability: Toxic Debris\n|-sidestart|p2: talon246|move: Toxic Spikes\n|faint|p1a: Glimmora\n|\n|upkeep\n|\n|t:|1700348187\n|switch|p1a: Iron Moth|Iron Moth|100\/100\n|-enditem|p1a: Iron Moth|Booster Energy\n|-activate|p1a: Iron Moth|ability: Quark Drive|[fromitem]\n|-start|p1a: Iron Moth|quarkdrivespa\n|turn|3\n|\n|t:|1700348191\n|move|p2a: Ogerpon|Ivy Cudgel|p1a: Iron Moth|[anim] Ivy Cudgel Water\n|-supereffective|p1a: Iron Moth\n|-damage|p1a: Iron Moth|0 fnt\n|faint|p1a: Iron Moth\n|-end|p1a: Iron Moth|Quark Drive|[silent]\n|\n|upkeep\n|\n|t:|1700348193\n|switch|p1a: Dragonite|Dragonite, F|100\/100\n|turn|4\n|\n|t:|1700348197\n|switch|p2a: Iron Valiant|Iron Valiant|100\/100\n|-status|p2a: Iron Valiant|psn\n|-enditem|p2a: Iron Valiant|Booster Energy\n|-activate|p2a: Iron Valiant|ability: Quark Drive|[fromitem]\n|-start|p2a: Iron Valiant|quarkdrivespe\n|move|p1a: Dragonite|Dragon Dance|p1a: Dragonite\n|-boost|p1a: Dragonite|atk|1\n|-boost|p1a: Dragonite|spe|1\n|\n|-damage|p2a: Iron Valiant|88\/100 psn|[from] psn\n|upkeep\n|turn|5\n|\n|t:|1700348201\n|-terastallize|p1a: Dragonite|Normal\n|move|p1a: Dragonite|Extreme Speed|p2a: Iron Valiant\n|-damage|p2a: Iron Valiant|0 fnt\n|faint|p2a: Iron Valiant\n|-end|p2a: Iron Valiant|Quark Drive|[silent]\n|\n|upkeep\n|\n|t:|1700348207\n|switch|p2a: Zapdos|Zapdos|93\/100 psn\n|turn|6\n|\n|t:|1700348211\n|move|p1a: Dragonite|Dragon Dance|p1a: Dragonite\n|-boost|p1a: Dragonite|atk|1\n|-boost|p1a: Dragonite|spe|1\n|move|p2a: Zapdos|Volt Switch|p1a: Dragonite\n|-damage|p1a: Dragonite|80\/100\n|\n|t:|1700348221\n|switch|p2a: Alomomola|Alomomola, M|100\/100|[from] Volt Switch\n|-status|p2a: Alomomola|psn\n|\n|-damage|p2a: Alomomola|88\/100 psn|[from] psn\n|upkeep\n|turn|7\n|\n|t:|1700348224\n|move|p1a: Dragonite|Extreme Speed|p2a: Alomomola\n|-damage|p2a: Alomomola|42\/100 psn\n|-damage|p1a: Dragonite|64\/100|[from] item: Rocky Helmet|[of] p2a: Alomomola\n|move|p2a: Alomomola|Scald|p1a: Dragonite\n|-damage|p1a: Dragonite|51\/100\n|\n|-damage|p2a: Alomomola|30\/100 psn|[from] psn\n|upkeep\n|turn|8\n|\n|t:|1700348231\n|switch|p2a: Zapdos|Zapdos|93\/100 psn\n|move|p1a: Dragonite|Extreme Speed|p2a: Zapdos\n|-damage|p2a: Zapdos|0 fnt\n|-status|p1a: Dragonite|par|[from] ability: Static|[of] p2a: Zapdos\n|faint|p2a: Zapdos\n|\n|upkeep\n|\n|t:|1700348235\n|switch|p2a: Ogerpon|Ogerpon-Wellspring, F|100\/100\n|-status|p2a: Ogerpon|psn\n|turn|9\n|\n|t:|1700348237\n|cant|p1a: Dragonite|par\n|move|p2a: Ogerpon|Horn Leech|p1a: Dragonite\n|-damage|p1a: Dragonite|3\/100 par\n|\n|-damage|p2a: Ogerpon|88\/100 psn|[from] psn\n|upkeep\n|turn|10\n|\n|t:|1700348239\n|switch|p2a: Alomomola|Alomomola, M|63\/100 psn\n|move|p1a: Dragonite|Extreme Speed|p2a: Alomomola\n|-damage|p2a: Alomomola|15\/100 psn\n|-damage|p1a: Dragonite|0 fnt|[from] item: Rocky Helmet|[of] p2a: Alomomola\n|faint|p1a: Dragonite\n|\n|-damage|p2a: Alomomola|3\/100 psn|[from] psn\n|upkeep\n|\n|t:|1700348241\n|switch|p1a: Greninja|Greninja, M|100\/100\n|turn|11\n|\n|t:|1700348244\n|move|p1a: Greninja|Dark Pulse|p2a: Alomomola\n|-damage|p2a: Alomomola|0 fnt\n|faint|p2a: Alomomola\n|-ability|p1a: Greninja|Battle Bond|boost\n|-boost|p1a: Greninja|atk|1\n|-boost|p1a: Greninja|spa|1\n|-boost|p1a: Greninja|spe|1\n|-activate|p1a: Greninja|ability: Battle Bond\n|-damage|p1a: Greninja|91\/100|[from] item: Life Orb\n|\n|upkeep\n|\n|t:|1700348251\n|switch|p2a: Ogerpon|Ogerpon-Wellspring, F|88\/100 psn\n|turn|12\n|\n|t:|1700348254\n|move|p1a: Greninja|Dark Pulse|p2a: Ogerpon\n|-damage|p2a: Ogerpon|6\/100 psn\n|-damage|p1a: Greninja|81\/100|[from] item: Life Orb\n|cant|p2a: Ogerpon|flinch\n|\n|-damage|p2a: Ogerpon|0 fnt|[from] psn\n|faint|p2a: Ogerpon\n|upkeep\n|\n|t:|1700348258\n|switch|p2a: Cinderace|Cinderace, M|100\/100\n|turn|13\n|\n|t:|1700348264\n|move|p1a: Greninja|Surf|p2a: Cinderace\n|-supereffective|p2a: Cinderace\n|-damage|p2a: Cinderace|0 fnt\n|faint|p2a: Cinderace\n|-damage|p1a: Greninja|71\/100|[from] item: Life Orb\n|\n|upkeep\n|\n|t:|1700348265\n|switch|p2a: Kingambit|Kingambit, F|100\/100\n|-activate|p2a: Kingambit|ability: Supreme Overlord\n|-start|p2a: Kingambit|fallen5|[silent]\n|turn|14\n|\n|t:|1700348276\n|-terastallize|p2a: Kingambit|Flying\n|move|p1a: Greninja|Water Shuriken|p2a: Kingambit\n|-damage|p2a: Kingambit|89\/100\n|-damage|p2a: Kingambit|77\/100\n|-damage|p2a: Kingambit|63\/100\n|-hitcount|p2a: Kingambit|3\n|-damage|p1a: Greninja|61\/100|[from] item: Life Orb\n|move|p2a: Kingambit|Sucker Punch||[still]\n|-fail|p2a: Kingambit\n|\n|upkeep\n|turn|15\n|\n|t:|1700348286\n|move|p1a: Greninja|Surf|p2a: Kingambit\n|-damage|p2a: Kingambit|0 fnt\n|faint|p2a: Kingambit\n|-end|p2a: Kingambit|fallen5|[silent]\n|-damage|p1a: Greninja|51\/100|[from] item: Life Orb\n|\n|win|Winterbub\n|raw|Winterbub's rating: 1590 &rarr; <strong>1613<\/strong><br \/>(+23 for winning)\n|raw|talon246's rating: 1644 &rarr; <strong>1621<\/strong><br \/>(-23 for losing)\n|l|\u2606talon246\n","uploadtime":1700348292,"views":13,"p1id":"winterbub","p2id":"talon246","formatid":"gen9ou","rating":1613,"private":0,"password":""}