{"id":"gen9ou-1991730320","p1":"gett guuud","p2":"tekken_is_life","format":"[Gen 9] OU","log":"|j|\u2606gett guuud\n|j|\u2606tekken_is_life\n|t:|1700108034\n|gametype|singles\n|player|p1|gett guuud|cyclist|1469\n|player|p2|tekken_is_life|riley|1629\n|teamsize|p1|6\n|teamsize|p2|6\n|gen|9\n|tier|[Gen 9] OU\n|rated|\n|rule|Sleep Clause Mod: Limit one foe put to sleep\n|rule|Species Clause: Limit one of each Pok\u00e9mon\n|rule|OHKO Clause: OHKO moves are banned\n|rule|Evasion Items Clause: Evasion items are banned\n|rule|Evasion Moves Clause: Evasion moves are banned\n|rule|Endless Battle Clause: Forcing endless battles is banned\n|rule|HP Percentage Mod: HP is shown in percentages\n|clearpoke\n|poke|p1|Hatterene, F|\n|poke|p1|Ursaluna, F|\n|poke|p1|Zamazenta-*|\n|poke|p1|Breloom, M|\n|poke|p1|Slowking-Galar, F|\n|poke|p1|Corviknight, F|\n|poke|p2|Regidrago|\n|poke|p2|Grimmsnarl, M|\n|poke|p2|Enamorus, F|\n|poke|p2|Iron Moth|\n|poke|p2|Great Tusk|\n|poke|p2|Ogerpon-Cornerstone, F|\n|teampreview\n|inactive|Battle timer is ON: inactive players will automatically lose when time's up. (requested by gett guuud)\n|\n|t:|1700108044\n|start\n|switch|p1a: Breloom|Breloom, M|100\/100\n|switch|p2a: Ogerpon|Ogerpon-Cornerstone, F|100\/100\n|turn|1\n|\n|t:|1700108054\n|switch|p2a: Iron Moth|Iron Moth|100\/100\n|-enditem|p2a: Iron Moth|Booster Energy\n|-activate|p2a: Iron Moth|ability: Quark Drive|[fromitem]\n|-start|p2a: Iron Moth|quarkdrivespe\n|switch|p1a: Corviknight|Corviknight, F|100\/100\n|-ability|p1a: Corviknight|Pressure\n|\n|upkeep\n|turn|2\n|\n|t:|1700108057\n|switch|p1a: Slowking|Slowking-Galar, F|100\/100\n|move|p2a: Iron Moth|Fiery Dance|p1a: Slowking\n|-damage|p1a: Slowking|67\/100\n|-boost|p2a: Iron Moth|spa|1\n|\n|upkeep\n|turn|3\n|\n|t:|1700108060\n|move|p2a: Iron Moth|Fiery Dance|p1a: Slowking\n|-damage|p1a: Slowking|16\/100\n|move|p1a: Slowking|Trick Room|p1a: Slowking\n|-fieldstart|move: Trick Room|[of] p1a: Slowking\n|\n|upkeep\n|turn|4\n|\n|t:|1700108064\n|move|p1a: Slowking|Surf|p2a: Iron Moth\n|-supereffective|p2a: Iron Moth\n|-damage|p2a: Iron Moth|28\/100\n|-damage|p1a: Slowking|7\/100|[from] item: Life Orb\n|move|p2a: Iron Moth|Fiery Dance|p1a: Slowking\n|-damage|p1a: Slowking|0 fnt\n|faint|p1a: Slowking\n|\n|upkeep\n|\n|t:|1700108066\n|switch|p1a: Ursaluna|Ursaluna, F|100\/100\n|turn|5\n|\n|t:|1700108071\n|-end|p2a: Iron Moth|Quark Drive|[silent]\n|switch|p2a: Enamorus|Enamorus, F|100\/100\n|move|p1a: Ursaluna|Facade|p2a: Enamorus\n|-damage|p2a: Enamorus|35\/100\n|\n|-status|p1a: Ursaluna|brn|[from] item: Flame Orb\n|upkeep\n|turn|6\n|\n|t:|1700108085\n|switch|p2a: Iron Moth|Iron Moth|28\/100\n|move|p1a: Ursaluna|Facade|p2a: Iron Moth\n|-damage|p2a: Iron Moth|0 fnt\n|faint|p2a: Iron Moth\n|-end|p2a: Iron Moth|Quark Drive|[silent]\n|\n|-damage|p1a: Ursaluna|94\/100 brn|[from] brn\n|upkeep\n|\n|t:|1700108087\n|switch|p2a: Ogerpon|Ogerpon-Cornerstone, F|100\/100\n|turn|7\n|\n|t:|1700108100\n|move|p1a: Ursaluna|Headlong Rush|p2a: Ogerpon\n|-ability|p2a: Ogerpon|Sturdy\n|-damage|p2a: Ogerpon|1\/100\n|-unboost|p1a: Ursaluna|def|1\n|-unboost|p1a: Ursaluna|spd|1\n|move|p2a: Ogerpon|Superpower|p1a: Ursaluna\n|-supereffective|p1a: Ursaluna\n|-damage|p1a: Ursaluna|0 fnt\n|-unboost|p2a: Ogerpon|atk|1\n|-unboost|p2a: Ogerpon|def|1\n|faint|p1a: Ursaluna\n|\n|-fieldend|move: Trick Room\n|upkeep\n|\n|t:|1700108107\n|switch|p1a: Breloom|Breloom, M|100\/100\n|turn|8\n|\n|t:|1700108111\n|switch|p2a: Enamorus|Enamorus, F|35\/100\n|move|p1a: Breloom|Mach Punch|p2a: Enamorus\n|-resisted|p2a: Enamorus\n|-damage|p2a: Enamorus|21\/100\n|\n|upkeep\n|turn|9\n|\n|t:|1700108119\n|move|p2a: Enamorus|Healing Wish|p2a: Enamorus\n|faint|p2a: Enamorus\n|move|p1a: Breloom|Spore|p2: Enamorus|[notarget]\n|-fail|p1a: Breloom\n|\n|upkeep\n|\n|t:|1700108124\n|switch|p2a: Regidrago|Regidrago|100\/100\n|turn|10\n|\n|t:|1700108127\n|move|p2a: Regidrago|Scale Shot|p1a: Breloom\n|-damage|p1a: Breloom|71\/100\n|-damage|p1a: Breloom|40\/100\n|-damage|p1a: Breloom|12\/100\n|-damage|p1a: Breloom|0 fnt\n|faint|p1a: Breloom\n|-hitcount|p1: Breloom|4\n|-unboost|p2a: Regidrago|def|1\n|-boost|p2a: Regidrago|spe|1\n|\n|upkeep\n|\n|t:|1700108134\n|switch|p1a: Hatterene|Hatterene, F|100\/100\n|turn|11\n|\n|t:|1700108140\n|switch|p2a: Grimmsnarl|Grimmsnarl, M|100\/100\n|move|p1a: Hatterene|Trick Room|p1a: Hatterene\n|-fieldstart|move: Trick Room|[of] p1a: Hatterene\n|\n|upkeep\n|turn|12\n|\n|t:|1700108143\n|move|p2a: Grimmsnarl|Light Screen|p2a: Grimmsnarl\n|-sidestart|p2: tekken_is_life|move: Light Screen\n|move|p1a: Hatterene|Calm Mind|p1a: Hatterene\n|-boost|p1a: Hatterene|spa|1\n|-boost|p1a: Hatterene|spd|1\n|\n|upkeep\n|turn|13\n|\n|t:|1700108146\n|move|p1a: Hatterene|Calm Mind|p1a: Hatterene\n|-boost|p1a: Hatterene|spa|1\n|-boost|p1a: Hatterene|spd|1\n|move|p2a: Grimmsnarl|Spirit Break|p1a: Hatterene\n|-damage|p1a: Hatterene|74\/100\n|-unboost|p1a: Hatterene|spa|1\n|\n|-heal|p1a: Hatterene|80\/100|[from] item: Leftovers\n|upkeep\n|turn|14\n|\n|t:|1700108149\n|move|p1a: Hatterene|Calm Mind|p1a: Hatterene\n|-boost|p1a: Hatterene|spa|1\n|-boost|p1a: Hatterene|spd|1\n|move|p2a: Grimmsnarl|Spirit Break|p1a: Hatterene\n|-damage|p1a: Hatterene|56\/100\n|-unboost|p1a: Hatterene|spa|1\n|\n|-heal|p1a: Hatterene|62\/100|[from] item: Leftovers\n|upkeep\n|turn|15\n|\n|t:|1700108159\n|move|p1a: Hatterene|Calm Mind|p1a: Hatterene\n|-boost|p1a: Hatterene|spa|1\n|-boost|p1a: Hatterene|spd|1\n|move|p2a: Grimmsnarl|Spirit Break|p1a: Hatterene\n|-damage|p1a: Hatterene|39\/100\n|-unboost|p1a: Hatterene|spa|1\n|\n|-heal|p1a: Hatterene|45\/100|[from] item: Leftovers\n|-fieldend|move: Trick Room\n|upkeep\n|turn|16\n|\n|t:|1700108162\n|move|p2a: Grimmsnarl|Spirit Break|p1a: Hatterene\n|-damage|p1a: Hatterene|19\/100\n|-unboost|p1a: Hatterene|spa|1\n|move|p1a: Hatterene|Trick Room|p1a: Hatterene\n|-fieldstart|move: Trick Room|[of] p1a: Hatterene\n|\n|-heal|p1a: Hatterene|25\/100|[from] item: Leftovers\n|upkeep\n|turn|17\n|\n|t:|1700108165\n|move|p1a: Hatterene|Draining Kiss|p2a: Grimmsnarl\n|-supereffective|p2a: Grimmsnarl\n|-damage|p2a: Grimmsnarl|85\/100\n|-heal|p1a: Hatterene|40\/100|[from] drain|[of] p2a: Grimmsnarl\n|move|p2a: Grimmsnarl|Spirit Break|p1a: Hatterene\n|-damage|p1a: Hatterene|14\/100\n|-unboost|p1a: Hatterene|spa|1\n|\n|-heal|p1a: Hatterene|20\/100|[from] item: Leftovers\n|upkeep\n|turn|18\n|\n|t:|1700108175\n|move|p1a: Hatterene|Draining Kiss|p2a: Grimmsnarl\n|-supereffective|p2a: Grimmsnarl\n|-damage|p2a: Grimmsnarl|72\/100\n|-heal|p1a: Hatterene|31\/100|[from] drain|[of] p2a: Grimmsnarl\n|move|p2a: Grimmsnarl|Spirit Break|p1a: Hatterene\n|-damage|p1a: Hatterene|7\/100\n|-unboost|p1a: Hatterene|spa|1\n|\n|-heal|p1a: Hatterene|13\/100|[from] item: Leftovers\n|upkeep\n|turn|19\n|\n|t:|1700108180\n|move|p1a: Hatterene|Draining Kiss|p2a: Grimmsnarl\n|-supereffective|p2a: Grimmsnarl\n|-damage|p2a: Grimmsnarl|64\/100\n|-heal|p1a: Hatterene|22\/100|[from] drain|[of] p2a: Grimmsnarl\n|move|p2a: Grimmsnarl|Spirit Break|p1a: Hatterene\n|-damage|p1a: Hatterene|0 fnt\n|faint|p1a: Hatterene\n|\n|-sideend|p2: tekken_is_life|move: Light Screen\n|upkeep\n|\n|t:|1700108187\n|switch|p1a: Corviknight|Corviknight, F|100\/100\n|-ability|p1a: Corviknight|Pressure\n|turn|20\n|\n|t:|1700108190\n|move|p2a: Grimmsnarl|Taunt|p1a: Corviknight\n|-start|p1a: Corviknight|move: Taunt\n|cant|p1a: Corviknight|move: Taunt|Iron Defense\n|\n|-fieldend|move: Trick Room\n|upkeep\n|turn|21\n|\n|t:|1700108192\n|move|p2a: Grimmsnarl|Reflect|p2a: Grimmsnarl\n|-sidestart|p2: tekken_is_life|Reflect\n|move|p1a: Corviknight|Body Press|p2a: Grimmsnarl\n|-damage|p2a: Grimmsnarl|48\/100\n|\n|upkeep\n|turn|22\n|\n|t:|1700108197\n|move|p1a: Corviknight|Body Press|p2a: Grimmsnarl\n|-damage|p2a: Grimmsnarl|33\/100\n|move|p2a: Grimmsnarl|Spirit Break|p1a: Corviknight\n|-resisted|p1a: Corviknight\n|-damage|p1a: Corviknight|91\/100\n|-unboost|p1a: Corviknight|spa|1\n|\n|-heal|p1a: Corviknight|97\/100|[from] item: Leftovers\n|-end|p1a: Corviknight|move: Taunt\n|upkeep\n|turn|23\n|\n|t:|1700108204\n|move|p1a: Corviknight|Body Press|p2a: Grimmsnarl\n|-damage|p2a: Grimmsnarl|18\/100\n|move|p2a: Grimmsnarl|Spirit Break|p1a: Corviknight\n|-resisted|p1a: Corviknight\n|-damage|p1a: Corviknight|88\/100\n|-unboost|p1a: Corviknight|spa|1\n|\n|-heal|p1a: Corviknight|94\/100|[from] item: Leftovers\n|upkeep\n|turn|24\n|\n|t:|1700108209\n|move|p2a: Grimmsnarl|Taunt|p1a: Corviknight\n|-start|p1a: Corviknight|move: Taunt\n|move|p1a: Corviknight|Body Press|p2a: Grimmsnarl\n|-damage|p2a: Grimmsnarl|2\/100\n|\n|-heal|p1a: Corviknight|99\/100|[from] item: Leftovers\n|upkeep\n|turn|25\n|\n|t:|1700108212\n|move|p1a: Corviknight|Body Press|p2a: Grimmsnarl\n|-damage|p2a: Grimmsnarl|0 fnt\n|faint|p2a: Grimmsnarl\n|\n|-heal|p1a: Corviknight|100\/100|[from] item: Leftovers\n|upkeep\n|\n|t:|1700108215\n|switch|p2a: Great Tusk|Great Tusk|100\/100\n|-enditem|p2a: Great Tusk|Booster Energy\n|-activate|p2a: Great Tusk|ability: Protosynthesis|[fromitem]\n|-start|p2a: Great Tusk|protosynthesisatk\n|turn|26\n|\n|t:|1700108220\n|switch|p1a: Zamazenta|Zamazenta|100\/100\n|-ability|p1a: Zamazenta|Dauntless Shield|boost\n|-boost|p1a: Zamazenta|def|1\n|move|p2a: Great Tusk|Bulk Up|p2a: Great Tusk\n|-boost|p2a: Great Tusk|atk|1\n|-boost|p2a: Great Tusk|def|1\n|\n|upkeep\n|turn|27\n|\n|t:|1700108224\n|move|p1a: Zamazenta|Iron Defense|p1a: Zamazenta\n|-boost|p1a: Zamazenta|def|2\n|move|p2a: Great Tusk|Rapid Spin|p1a: Zamazenta\n|-damage|p1a: Zamazenta|90\/100\n|-boost|p2a: Great Tusk|spe|1\n|\n|-heal|p1a: Zamazenta|96\/100|[from] item: Leftovers\n|upkeep\n|turn|28\n|\n|t:|1700108227\n|move|p1a: Zamazenta|Iron Defense|p1a: Zamazenta\n|-boost|p1a: Zamazenta|def|2\n|move|p2a: Great Tusk|Bulk Up|p2a: Great Tusk\n|-boost|p2a: Great Tusk|atk|1\n|-boost|p2a: Great Tusk|def|1\n|\n|-heal|p1a: Zamazenta|100\/100|[from] item: Leftovers\n|-sideend|p2: tekken_is_life|Reflect\n|upkeep\n|turn|29\n|\n|t:|1700108230\n|move|p1a: Zamazenta|Body Press|p2a: Great Tusk\n|-damage|p2a: Great Tusk|58\/100\n|move|p2a: Great Tusk|Rapid Spin|p1a: Zamazenta\n|-damage|p1a: Zamazenta|91\/100\n|-boost|p2a: Great Tusk|spe|1\n|\n|-heal|p1a: Zamazenta|97\/100|[from] item: Leftovers\n|upkeep\n|turn|30\n|\n|t:|1700108235\n|move|p2a: Great Tusk|Earthquake|p1a: Zamazenta\n|-damage|p1a: Zamazenta|67\/100\n|move|p1a: Zamazenta|Body Press|p2a: Great Tusk\n|-damage|p2a: Great Tusk|16\/100\n|\n|-heal|p1a: Zamazenta|73\/100|[from] item: Leftovers\n|upkeep\n|turn|31\n|\n|t:|1700108240\n|move|p2a: Great Tusk|Earthquake|p1a: Zamazenta\n|-damage|p1a: Zamazenta|46\/100\n|move|p1a: Zamazenta|Body Press|p2a: Great Tusk\n|-damage|p2a: Great Tusk|0 fnt\n|faint|p2a: Great Tusk\n|-end|p2a: Great Tusk|Protosynthesis|[silent]\n|\n|-heal|p1a: Zamazenta|52\/100|[from] item: Leftovers\n|upkeep\n|-message|tekken_is_life forfeited.\n|\n|win|gett guuud\n|raw|gett guuud's rating: 1469 &rarr; <strong>1498<\/strong><br \/>(+29 for winning)\n|raw|tekken_is_life's rating: 1629 &rarr; <strong>1600<\/strong><br \/>(-29 for losing)\n|l|\u2606tekken_is_life\n","uploadtime":1700108244,"views":8,"p1id":"gettguuud","p2id":"tekkenislife","formatid":"gen9ou","rating":1498,"private":0,"password":""}