{"id":"gen9ou-1995212691","p1":"Riyad Mahrez","p2":"oijwef","format":"[Gen 9] OU","log":"|j|\u2606Riyad Mahrez\n|j|\u2606oijwef\n|t:|1700535283\n|gametype|singles\n|player|p1|Riyad Mahrez|will-gen2|1570\n|player|p2|oijwef|1|1530\n|teamsize|p1|6\n|teamsize|p2|6\n|gen|9\n|tier|[Gen 9] OU\n|rated|\n|rule|Sleep Clause Mod: Limit one foe put to sleep\n|rule|Species Clause: Limit one of each Pok\u00e9mon\n|rule|OHKO Clause: OHKO moves are banned\n|rule|Evasion Items Clause: Evasion items are banned\n|rule|Evasion Moves Clause: Evasion moves are banned\n|rule|Endless Battle Clause: Forcing endless battles is banned\n|rule|HP Percentage Mod: HP is shown in percentages\n|clearpoke\n|poke|p1|Sinistcha-Masterpiece|\n|poke|p1|Ogerpon-Wellspring, F|\n|poke|p1|Heatran, M|\n|poke|p1|Kingambit, M|\n|poke|p1|Iron Valiant|\n|poke|p1|Great Tusk|\n|poke|p2|Kingambit, F|\n|poke|p2|Glimmora, F|\n|poke|p2|Zamazenta-*|\n|poke|p2|Iron Valiant|\n|poke|p2|Iron Moth|\n|poke|p2|Ogerpon-Wellspring, F|\n|teampreview\n|inactive|Battle timer is ON: inactive players will automatically lose when time's up. (requested by oijwef)\n|inactive|Riyad Mahrez also wants the timer to be on.\n|\n|t:|1700535292\n|start\n|switch|p1a: Treadwrong Crush|Great Tusk|100\/100\n|switch|p2a: Glimmora|Glimmora, F|100\/100\n|turn|1\n|\n|t:|1700535304\n|switch|p2a: Iron Valiant|Iron Valiant|100\/100\n|-enditem|p2a: Iron Valiant|Booster Energy\n|-activate|p2a: Iron Valiant|ability: Quark Drive|[fromitem]\n|-start|p2a: Iron Valiant|quarkdrivespe\n|move|p1a: Treadwrong Crush|Knock Off|p2a: Iron Valiant\n|-resisted|p2a: Iron Valiant\n|-damage|p2a: Iron Valiant|93\/100\n|\n|upkeep\n|turn|2\n|\n|t:|1700535320\n|-end|p1a: Treadwrong Crush|Protosynthesis|[silent]\n|switch|p1a: Akainu \ud83c\udf0b|Heatran, M|100\/100\n|move|p2a: Iron Valiant|Hypnosis|p1a: Akainu \ud83c\udf0b\n|-status|p1a: Akainu \ud83c\udf0b|slp|[from] move: Hypnosis\n|\n|upkeep\n|turn|3\n|\n|t:|1700535327\n|-end|p2a: Iron Valiant|Quark Drive|[silent]\n|switch|p2a: Glimmora|Glimmora, F|100\/100\n|switch|p1a: Treadwrong Crush|Great Tusk|100\/100\n|\n|upkeep\n|turn|4\n|inactive|oijwef has 120 seconds left.\n|\n|t:|1700535363\n|move|p1a: Treadwrong Crush|Headlong Rush|p2a: Glimmora\n|-supereffective|p2a: Glimmora\n|-crit|p2a: Glimmora\n|-enditem|p2a: Glimmora|Focus Sash\n|-damage|p2a: Glimmora|1\/100\n|-unboost|p1a: Treadwrong Crush|def|1\n|-unboost|p1a: Treadwrong Crush|spd|1\n|-activate|p2a: Glimmora|ability: Toxic Debris\n|-sidestart|p1: Riyad Mahrez|move: Toxic Spikes\n|move|p2a: Glimmora|Mortal Spin|p1a: Treadwrong Crush\n|-resisted|p1a: Treadwrong Crush\n|-damage|p1a: Treadwrong Crush|97\/100\n|-status|p1a: Treadwrong Crush|psn\n|\n|-damage|p1a: Treadwrong Crush|85\/100 psn|[from] psn\n|upkeep\n|turn|5\n|inactive|oijwef has 120 seconds left.\n|\n|t:|1700535371\n|move|p1a: Treadwrong Crush|Rapid Spin|p2a: Glimmora\n|-resisted|p2a: Glimmora\n|-damage|p2a: Glimmora|0 fnt\n|-boost|p1a: Treadwrong Crush|spe|1\n|-activate|p2a: Glimmora|ability: Toxic Debris\n|-sidestart|p1: Riyad Mahrez|move: Toxic Spikes\n|-sideend|p1: Riyad Mahrez|Toxic Spikes|[from] move: Rapid Spin|[of] p1a: Treadwrong Crush\n|faint|p2a: Glimmora\n|\n|-damage|p1a: Treadwrong Crush|72\/100 psn|[from] psn\n|upkeep\n|\n|t:|1700535374\n|switch|p2a: Iron Moth|Iron Moth|100\/100\n|-enditem|p2a: Iron Moth|Booster Energy\n|-activate|p2a: Iron Moth|ability: Quark Drive|[fromitem]\n|-start|p2a: Iron Moth|quarkdrivespe\n|turn|6\n|inactive|oijwef has 120 seconds left.\n|\n|t:|1700535409\n|-end|p1a: Treadwrong Crush|Protosynthesis|[silent]\n|switch|p1a: Akainu \ud83c\udf0b|Heatran, M|100\/100 slp\n|move|p2a: Iron Moth|Fiery Dance|p1a: Akainu \ud83c\udf0b\n|-start|p1a: Akainu \ud83c\udf0b|ability: Flash Fire\n|\n|upkeep\n|turn|7\n|\n|t:|1700535420\n|-end|p2a: Iron Moth|Quark Drive|[silent]\n|switch|p2a: Ogerpon|Ogerpon-Wellspring, F|100\/100\n|cant|p1a: Akainu \ud83c\udf0b|slp\n|\n|upkeep\n|turn|8\n|\n|t:|1700535429\n|-end|p1a: Akainu \ud83c\udf0b|ability: Flash Fire|[silent]\n|switch|p1a: Twilight Suzuka\u2694\ufe0f|Ogerpon-Wellspring, F|100\/100\n|move|p2a: Ogerpon|Swords Dance|p2a: Ogerpon\n|-boost|p2a: Ogerpon|atk|2\n|\n|upkeep\n|turn|9\n|inactive|oijwef has 120 seconds left.\n|\n|t:|1700535434\n|move|p1a: Twilight Suzuka\u2694\ufe0f|Encore|p2a: Ogerpon\n|-start|p2a: Ogerpon|Encore\n|move|p2a: Ogerpon|Swords Dance|p2a: Ogerpon\n|-boost|p2a: Ogerpon|atk|2\n|\n|upkeep\n|turn|10\n|inactive|oijwef has 120 seconds left.\n|\n|t:|1700535448\n|move|p2a: Ogerpon|Swords Dance|p2a: Ogerpon\n|-boost|p2a: Ogerpon|atk|2\n|move|p1a: Twilight Suzuka\u2694\ufe0f|Horn Leech|p2a: Ogerpon\n|-damage|p2a: Ogerpon|46\/100\n|\n|upkeep\n|turn|11\n|\n|t:|1700535455\n|switch|p2a: Iron Moth|Iron Moth|100\/100\n|move|p1a: Twilight Suzuka\u2694\ufe0f|Horn Leech|p2a: Iron Moth\n|-resisted|p2a: Iron Moth\n|-damage|p2a: Iron Moth|85\/100\n|\n|upkeep\n|turn|12\n|\n|t:|1700535460\n|move|p2a: Iron Moth|Sludge Wave|p1a: Twilight Suzuka\u2694\ufe0f\n|-supereffective|p1a: Twilight Suzuka\u2694\ufe0f\n|-damage|p1a: Twilight Suzuka\u2694\ufe0f|0 fnt\n|faint|p1a: Twilight Suzuka\u2694\ufe0f\n|\n|upkeep\n|\n|t:|1700535473\n|switch|p1a: Akainu \ud83c\udf0b|Heatran, M|100\/100 slp\n|turn|13\n|\n|t:|1700535479\n|-end|p2a: Iron Moth|Quark Drive|[silent]\n|switch|p2a: Ogerpon|Ogerpon-Wellspring, F|46\/100\n|cant|p1a: Akainu \ud83c\udf0b|slp\n|\n|upkeep\n|turn|14\n|\n|t:|1700535489\n|switch|p1a: Cosmo \ud83c\udf75|Sinistcha-Masterpiece|100\/100\n|move|p2a: Ogerpon|Ivy Cudgel|p1a: Cosmo \ud83c\udf75|[anim] Ivy Cudgel Water\n|-resisted|p1a: Cosmo \ud83c\udf75\n|-crit|p1a: Cosmo \ud83c\udf75\n|-damage|p1a: Cosmo \ud83c\udf75|73\/100\n|\n|-heal|p1a: Cosmo \ud83c\udf75|79\/100|[from] item: Leftovers\n|upkeep\n|turn|15\n|\n|t:|1700535493\n|move|p2a: Ogerpon|Knock Off|p1a: Cosmo \ud83c\udf75\n|-supereffective|p1a: Cosmo \ud83c\udf75\n|-damage|p1a: Cosmo \ud83c\udf75|22\/100\n|-enditem|p1a: Cosmo \ud83c\udf75|Leftovers|[from] move: Knock Off|[of] p2a: Ogerpon\n|move|p1a: Cosmo \ud83c\udf75|Strength Sap|p2a: Ogerpon\n|-unboost|p2a: Ogerpon|atk|1\n|-heal|p1a: Cosmo \ud83c\udf75|100\/100\n|\n|upkeep\n|turn|16\n|\n|t:|1700535501\n|move|p2a: Ogerpon|Swords Dance|p2a: Ogerpon\n|-boost|p2a: Ogerpon|atk|2\n|move|p1a: Cosmo \ud83c\udf75|Matcha Gotcha|p2a: Ogerpon\n|-damage|p2a: Ogerpon|4\/100\n|\n|upkeep\n|turn|17\n|\n|t:|1700535512\n|move|p2a: Ogerpon|Knock Off|p1a: Cosmo \ud83c\udf75\n|-supereffective|p1a: Cosmo \ud83c\udf75\n|-damage|p1a: Cosmo \ud83c\udf75|48\/100\n|move|p1a: Cosmo \ud83c\udf75|Strength Sap|p2a: Ogerpon\n|-unboost|p2a: Ogerpon|atk|1\n|-heal|p1a: Cosmo \ud83c\udf75|100\/100\n|\n|upkeep\n|turn|18\n|\n|t:|1700535519\n|move|p2a: Ogerpon|Knock Off|p1a: Cosmo \ud83c\udf75\n|-supereffective|p1a: Cosmo \ud83c\udf75\n|-damage|p1a: Cosmo \ud83c\udf75|68\/100\n|move|p1a: Cosmo \ud83c\udf75|Shadow Ball|p2a: Ogerpon\n|-damage|p2a: Ogerpon|0 fnt\n|faint|p2a: Ogerpon\n|\n|upkeep\n|inactive|oijwef has 120 seconds left.\n|\n|t:|1700535554\n|switch|p2a: Iron Valiant|Iron Valiant|93\/100\n|turn|19\n|\n|t:|1700535567\n|switch|p1a: Akainu \ud83c\udf0b|Heatran, M|100\/100 slp\n|move|p2a: Iron Valiant|Calm Mind|p2a: Iron Valiant\n|-boost|p2a: Iron Valiant|spa|1\n|-boost|p2a: Iron Valiant|spd|1\n|\n|upkeep\n|turn|20\n|\n|t:|1700535573\n|move|p2a: Iron Valiant|Psyshock|p1a: Akainu \ud83c\udf0b\n|-resisted|p1a: Akainu \ud83c\udf0b\n|-damage|p1a: Akainu \ud83c\udf0b|84\/100 slp\n|-curestatus|p1a: Akainu \ud83c\udf0b|slp|[msg]\n|move|p1a: Akainu \ud83c\udf0b|Earth Power|p2a: Iron Valiant\n|-damage|p2a: Iron Valiant|65\/100\n|\n|-heal|p1a: Akainu \ud83c\udf0b|90\/100|[from] item: Leftovers\n|upkeep\n|turn|21\n|\n|t:|1700535582\n|move|p2a: Iron Valiant|Hypnosis|p1a: Akainu \ud83c\udf0b\n|-status|p1a: Akainu \ud83c\udf0b|slp|[from] move: Hypnosis\n|cant|p1a: Akainu \ud83c\udf0b|slp\n|\n|-heal|p1a: Akainu \ud83c\udf0b|97\/100 slp|[from] item: Leftovers\n|upkeep\n|turn|22\n|\n|t:|1700535587\n|-end|p2a: Iron Valiant|Quark Drive|[silent]\n|switch|p2a: Zamazenta|Zamazenta, shiny|100\/100\n|-ability|p2a: Zamazenta|Dauntless Shield|boost\n|-boost|p2a: Zamazenta|def|1\n|cant|p1a: Akainu \ud83c\udf0b|slp\n|\n|-heal|p1a: Akainu \ud83c\udf0b|100\/100 slp|[from] item: Leftovers\n|upkeep\n|turn|23\n|\n|t:|1700535591\n|switch|p1a: Cosmo \ud83c\udf75|Sinistcha-Masterpiece|68\/100\n|move|p2a: Zamazenta|Iron Defense|p2a: Zamazenta\n|-boost|p2a: Zamazenta|def|2\n|\n|upkeep\n|turn|24\n|\n|t:|1700535596\n|move|p2a: Zamazenta|Crunch|p1a: Cosmo \ud83c\udf75\n|-supereffective|p1a: Cosmo \ud83c\udf75\n|-damage|p1a: Cosmo \ud83c\udf75|29\/100\n|move|p1a: Cosmo \ud83c\udf75|Strength Sap|p2a: Zamazenta\n|-unboost|p2a: Zamazenta|atk|1\n|-heal|p1a: Cosmo \ud83c\udf75|100\/100\n|\n|upkeep\n|turn|25\n|\n|t:|1700535603\n|move|p2a: Zamazenta|Iron Defense|p2a: Zamazenta\n|-boost|p2a: Zamazenta|def|2\n|move|p1a: Cosmo \ud83c\udf75|Matcha Gotcha|p2a: Zamazenta\n|-damage|p2a: Zamazenta|70\/100\n|\n|-heal|p2a: Zamazenta|76\/100|[from] item: Leftovers\n|upkeep\n|turn|26\n|\n|t:|1700535607\n|move|p2a: Zamazenta|Crunch|p1a: Cosmo \ud83c\udf75\n|-supereffective|p1a: Cosmo \ud83c\udf75\n|-damage|p1a: Cosmo \ud83c\udf75|74\/100\n|move|p1a: Cosmo \ud83c\udf75|Matcha Gotcha|p2a: Zamazenta\n|-damage|p2a: Zamazenta|47\/100\n|-heal|p1a: Cosmo \ud83c\udf75|88\/100|[from] drain|[of] p2a: Zamazenta\n|\n|-heal|p2a: Zamazenta|53\/100|[from] item: Leftovers\n|upkeep\n|turn|27\n|\n|t:|1700535611\n|move|p2a: Zamazenta|Crunch|p1a: Cosmo \ud83c\udf75\n|-supereffective|p1a: Cosmo \ud83c\udf75\n|-damage|p1a: Cosmo \ud83c\udf75|64\/100\n|-unboost|p1a: Cosmo \ud83c\udf75|def|1\n|move|p1a: Cosmo \ud83c\udf75|Shadow Ball|p2a: Zamazenta\n|-damage|p2a: Zamazenta|23\/100\n|\n|-heal|p2a: Zamazenta|29\/100|[from] item: Leftovers\n|upkeep\n|turn|28\n|\n|t:|1700535618\n|move|p2a: Zamazenta|Crunch|p1a: Cosmo \ud83c\udf75\n|-supereffective|p1a: Cosmo \ud83c\udf75\n|-damage|p1a: Cosmo \ud83c\udf75|26\/100\n|move|p1a: Cosmo \ud83c\udf75|Strength Sap|p2a: Zamazenta\n|-unboost|p2a: Zamazenta|atk|1\n|-heal|p1a: Cosmo \ud83c\udf75|91\/100\n|\n|-heal|p2a: Zamazenta|35\/100|[from] item: Leftovers\n|upkeep\n|turn|29\n|\n|t:|1700535641\n|switch|p2a: Iron Moth|Iron Moth|85\/100\n|move|p1a: Cosmo \ud83c\udf75|Matcha Gotcha|p2a: Iron Moth\n|-resisted|p2a: Iron Moth\n|-damage|p2a: Iron Moth|77\/100\n|-heal|p1a: Cosmo \ud83c\udf75|95\/100|[from] drain|[of] p2a: Iron Moth\n|\n|upkeep\n|turn|30\n|\n|t:|1700535654\n|-end|p2a: Iron Moth|Quark Drive|[silent]\n|switch|p2a: Zamazenta|Zamazenta, shiny|35\/100\n|switch|p1a: Akainu \ud83c\udf0b|Heatran, M|100\/100 slp\n|\n|-heal|p2a: Zamazenta|41\/100|[from] item: Leftovers\n|upkeep\n|turn|31\n|\n|t:|1700535668\n|switch|p1a: Cosmo \ud83c\udf75|Sinistcha-Masterpiece|95\/100\n|move|p2a: Zamazenta|Body Press|p1a: Cosmo \ud83c\udf75\n|-immune|p1a: Cosmo \ud83c\udf75\n|\n|-heal|p2a: Zamazenta|48\/100|[from] item: Leftovers\n|upkeep\n|turn|32\n|\n|t:|1700535673\n|switch|p2a: Iron Moth|Iron Moth|77\/100\n|move|p1a: Cosmo \ud83c\udf75|Shadow Ball|p2a: Iron Moth\n|-damage|p2a: Iron Moth|45\/100\n|\n|upkeep\n|turn|33\n|\n|t:|1700535680\n|switch|p1a: Akainu \ud83c\udf0b|Heatran, M|100\/100 slp\n|move|p2a: Iron Moth|Fiery Dance|p1a: Akainu \ud83c\udf0b\n|-start|p1a: Akainu \ud83c\udf0b|ability: Flash Fire\n|\n|upkeep\n|turn|34\n|\n|t:|1700535684\n|-end|p2a: Iron Moth|Quark Drive|[silent]\n|switch|p2a: Zamazenta|Zamazenta, shiny|48\/100\n|-curestatus|p1a: Akainu \ud83c\udf0b|slp|[msg]\n|move|p1a: Akainu \ud83c\udf0b|Earth Power|p2a: Zamazenta\n|-damage|p2a: Zamazenta|22\/100\n|\n|-heal|p2a: Zamazenta|28\/100|[from] item: Leftovers\n|upkeep\n|turn|35\n|\n|t:|1700535692\n|-end|p1a: Akainu \ud83c\udf0b|ability: Flash Fire|[silent]\n|switch|p1a: Cosmo \ud83c\udf75|Sinistcha-Masterpiece|95\/100\n|move|p2a: Zamazenta|Body Press|p1a: Cosmo \ud83c\udf75\n|-immune|p1a: Cosmo \ud83c\udf75\n|\n|-heal|p2a: Zamazenta|34\/100|[from] item: Leftovers\n|upkeep\n|turn|36\n|\n|t:|1700535696\n|switch|p2a: Iron Moth|Iron Moth|45\/100\n|move|p1a: Cosmo \ud83c\udf75|Shadow Ball|p2a: Iron Moth\n|-damage|p2a: Iron Moth|9\/100\n|\n|upkeep\n|turn|37\n|\n|t:|1700535702\n|switch|p1a: Akainu \ud83c\udf0b|Heatran, M|100\/100\n|move|p2a: Iron Moth|Fiery Dance|p1a: Akainu \ud83c\udf0b\n|-start|p1a: Akainu \ud83c\udf0b|ability: Flash Fire\n|\n|upkeep\n|turn|38\n|\n|t:|1700535706\n|move|p2a: Iron Moth|Dazzling Gleam|p1a: Akainu \ud83c\udf0b\n|-resisted|p1a: Akainu \ud83c\udf0b\n|-damage|p1a: Akainu \ud83c\udf0b|96\/100\n|move|p1a: Akainu \ud83c\udf0b|Earth Power|p2a: Iron Moth\n|-supereffective|p2a: Iron Moth\n|-damage|p2a: Iron Moth|0 fnt\n|faint|p2a: Iron Moth\n|-end|p2a: Iron Moth|Quark Drive|[silent]\n|\n|-heal|p1a: Akainu \ud83c\udf0b|100\/100|[from] item: Leftovers\n|upkeep\n|\n|t:|1700535709\n|switch|p2a: Zamazenta|Zamazenta, shiny|34\/100\n|turn|39\n|\n|t:|1700535712\n|-end|p1a: Akainu \ud83c\udf0b|ability: Flash Fire|[silent]\n|switch|p1a: Cosmo \ud83c\udf75|Sinistcha-Masterpiece|95\/100\n|move|p2a: Zamazenta|Crunch|p1a: Cosmo \ud83c\udf75\n|-supereffective|p1a: Cosmo \ud83c\udf75\n|-damage|p1a: Cosmo \ud83c\udf75|61\/100\n|\n|-heal|p2a: Zamazenta|40\/100|[from] item: Leftovers\n|upkeep\n|turn|40\n|\n|t:|1700535720\n|switch|p2a: Iron Valiant|Iron Valiant|65\/100\n|move|p1a: Cosmo \ud83c\udf75|Strength Sap|p2a: Iron Valiant\n|-unboost|p2a: Iron Valiant|atk|1\n|-heal|p1a: Cosmo \ud83c\udf75|100\/100\n|\n|upkeep\n|turn|41\n|\n|t:|1700535728\n|switch|p1a: Gene Starwind|Kingambit, M|100\/100\n|-activate|p1a: Gene Starwind|ability: Supreme Overlord\n|-start|p1a: Gene Starwind|fallen1|[silent]\n|move|p2a: Iron Valiant|Hypnosis|p1a: Gene Starwind\n|-status|p1a: Gene Starwind|slp|[from] move: Hypnosis\n|\n|upkeep\n|turn|42\n|\n|t:|1700535732\n|-end|p1a: Gene Starwind|fallen1|[silent]\n|switch|p1a: Akainu \ud83c\udf0b|Heatran, M|100\/100\n|move|p2a: Iron Valiant|Calm Mind|p2a: Iron Valiant\n|-boost|p2a: Iron Valiant|spa|1\n|-boost|p2a: Iron Valiant|spd|1\n|\n|upkeep\n|turn|43\n|\n|t:|1700535738\n|move|p2a: Iron Valiant|Psyshock|p1a: Akainu \ud83c\udf0b\n|-resisted|p1a: Akainu \ud83c\udf0b\n|-damage|p1a: Akainu \ud83c\udf0b|85\/100\n|move|p1a: Akainu \ud83c\udf0b|Taunt|p2a: Iron Valiant\n|-start|p2a: Iron Valiant|move: Taunt\n|\n|-heal|p1a: Akainu \ud83c\udf0b|91\/100|[from] item: Leftovers\n|upkeep\n|turn|44\n|\n|t:|1700535741\n|move|p2a: Iron Valiant|Psyshock|p1a: Akainu \ud83c\udf0b\n|-resisted|p1a: Akainu \ud83c\udf0b\n|-damage|p1a: Akainu \ud83c\udf0b|73\/100\n|move|p1a: Akainu \ud83c\udf0b|Magma Storm|p2a: Iron Valiant\n|-damage|p2a: Iron Valiant|14\/100\n|-activate|p2a: Iron Valiant|move: Magma Storm|[of] p1a: Akainu \ud83c\udf0b\n|\n|-heal|p1a: Akainu \ud83c\udf0b|79\/100|[from] item: Leftovers\n|-damage|p2a: Iron Valiant|2\/100|[from] move: Magma Storm|[partiallytrapped]\n|upkeep\n|turn|45\n|\n|t:|1700535745\n|move|p2a: Iron Valiant|Psyshock|p1a: Akainu \ud83c\udf0b\n|-resisted|p1a: Akainu \ud83c\udf0b\n|-damage|p1a: Akainu \ud83c\udf0b|64\/100\n|move|p1a: Akainu \ud83c\udf0b|Stealth Rock|p2a: Iron Valiant\n|-sidestart|p2: oijwef|move: Stealth Rock\n|\n|-heal|p1a: Akainu \ud83c\udf0b|70\/100|[from] item: Leftovers\n|-damage|p2a: Iron Valiant|0 fnt|[from] move: Magma Storm|[partiallytrapped]\n|faint|p2a: Iron Valiant\n|-end|p2a: Iron Valiant|Quark Drive|[silent]\n|upkeep\n|\n|t:|1700535747\n|switch|p2a: Zamazenta|Zamazenta, shiny|40\/100\n|-damage|p2a: Zamazenta|34\/100|[from] Stealth Rock\n|turn|46\n|\n|t:|1700535754\n|switch|p1a: Cosmo \ud83c\udf75|Sinistcha-Masterpiece|100\/100\n|move|p2a: Zamazenta|Crunch|p1a: Cosmo \ud83c\udf75\n|-supereffective|p1a: Cosmo \ud83c\udf75\n|-damage|p1a: Cosmo \ud83c\udf75|67\/100\n|\n|-heal|p2a: Zamazenta|40\/100|[from] item: Leftovers\n|upkeep\n|turn|47\n|\n|t:|1700535758\n|move|p2a: Zamazenta|Crunch|p1a: Cosmo \ud83c\udf75\n|-supereffective|p1a: Cosmo \ud83c\udf75\n|-damage|p1a: Cosmo \ud83c\udf75|29\/100\n|move|p1a: Cosmo \ud83c\udf75|Matcha Gotcha|p2a: Zamazenta\n|-damage|p2a: Zamazenta|11\/100\n|-heal|p1a: Cosmo \ud83c\udf75|43\/100|[from] drain|[of] p2a: Zamazenta\n|\n|-heal|p2a: Zamazenta|17\/100|[from] item: Leftovers\n|upkeep\n|turn|48\n|\n|t:|1700535762\n|move|p2a: Zamazenta|Crunch|p1a: Cosmo \ud83c\udf75\n|-supereffective|p1a: Cosmo \ud83c\udf75\n|-damage|p1a: Cosmo \ud83c\udf75|7\/100\n|move|p1a: Cosmo \ud83c\udf75|Strength Sap|p2a: Zamazenta\n|-unboost|p2a: Zamazenta|atk|1\n|-heal|p1a: Cosmo \ud83c\udf75|100\/100\n|\n|-heal|p2a: Zamazenta|23\/100|[from] item: Leftovers\n|upkeep\n|turn|49\n|\n|t:|1700535765\n|move|p2a: Zamazenta|Crunch|p1a: Cosmo \ud83c\udf75\n|-supereffective|p1a: Cosmo \ud83c\udf75\n|-damage|p1a: Cosmo \ud83c\udf75|75\/100\n|move|p1a: Cosmo \ud83c\udf75|Matcha Gotcha|p2a: Zamazenta\n|-damage|p2a: Zamazenta|0 fnt\n|-heal|p1a: Cosmo \ud83c\udf75|86\/100|[from] drain|[of] p2a: Zamazenta\n|faint|p2a: Zamazenta\n|\n|upkeep\n|\n|t:|1700535767\n|switch|p2a: Kingambit|Kingambit, F|100\/100\n|-damage|p2a: Kingambit|94\/100|[from] Stealth Rock\n|-activate|p2a: Kingambit|ability: Supreme Overlord\n|-start|p2a: Kingambit|fallen5|[silent]\n|turn|50\n|\n|t:|1700535780\n|switch|p1a: Akainu \ud83c\udf0b|Heatran, M|70\/100\n|move|p2a: Kingambit|Kowtow Cleave|p1a: Akainu \ud83c\udf0b\n|-damage|p1a: Akainu \ud83c\udf0b|0 fnt\n|faint|p1a: Akainu \ud83c\udf0b\n|\n|upkeep\n|\n|t:|1700535788\n|switch|p1a: Treadwrong Crush|Great Tusk|72\/100 psn\n|turn|51\n|inactive|oijwef has 120 seconds left.\n|l|\u2606oijwef\n|inactive|oijwef disconnected and has a minute to reconnect!\n|player|p2|\n|inactive|oijwef has 30 seconds to reconnect!\n|inactive|oijwef has 20 seconds to reconnect!\n|inactive|oijwef has 15 seconds to reconnect!\n|inactive|oijwef has 10 seconds to reconnect!\n|inactive|oijwef has 5 seconds to reconnect!\n|-message|oijwef lost due to inactivity.\n|\n|win|Riyad Mahrez\n|raw|Riyad Mahrez's rating: 1570 &rarr; <strong>1588<\/strong><br \/>(+18 for winning)\n|raw|oijwef's rating: 1530 &rarr; <strong>1512<\/strong><br \/>(-18 for losing)\n","uploadtime":1700535912,"views":9,"p1id":"riyadmahrez","p2id":"oijwef","formatid":"gen9ou","rating":1512,"private":0,"password":""}