{"id":"gen9ou-1998043556","p1":"Ctannn","p2":"d18l","format":"[Gen 9] OU","log":"|j|\u2606Ctannn\n|j|\u2606d18l\n|t:|1700882891\n|gametype|singles\n|player|p1|Ctannn|102|1739\n|player|p2|d18l|backpacker|1665\n|teamsize|p1|6\n|teamsize|p2|6\n|gen|9\n|tier|[Gen 9] OU\n|rated|\n|rule|Sleep Clause Mod: Limit one foe put to sleep\n|rule|Species Clause: Limit one of each Pok\u00e9mon\n|rule|OHKO Clause: OHKO moves are banned\n|rule|Evasion Items Clause: Evasion items are banned\n|rule|Evasion Moves Clause: Evasion moves are banned\n|rule|Endless Battle Clause: Forcing endless battles is banned\n|rule|HP Percentage Mod: HP is shown in percentages\n|clearpoke\n|poke|p1|Slowking-Galar, M|\n|poke|p1|Greninja-*, M|\n|poke|p1|Weavile, M|\n|poke|p1|Hatterene, F|\n|poke|p1|Cinderace, M|\n|poke|p1|Ceruledge, F|\n|poke|p2|Ribombee, F|\n|poke|p2|Gholdengo|\n|poke|p2|Great Tusk|\n|poke|p2|Kingambit, F|\n|poke|p2|Ogerpon-Wellspring, F|\n|poke|p2|Iron Moth|\n|teampreview\n|c|\u2606d18l|oh hi\n|c|\u2606d18l|havent seen you in a while\n|c|\u2606d18l|hf\n|j| VicBossMG\n|inactive|Battle timer is ON: inactive players will automatically lose when time's up. (requested by Ctannn)\n|\n|t:|1700882926\n|start\n|switch|p1a: Weavile|Weavile, M|100\/100\n|switch|p2a: Ribombee|Ribombee, F|100\/100\n|-ability|p1a: Weavile|Pressure\n|turn|1\n|\n|t:|1700882931\n|move|p1a: Weavile|Icicle Spear|p2a: Ribombee\n|-damage|p2a: Ribombee|77\/100\n|-damage|p2a: Ribombee|54\/100\n|-damage|p2a: Ribombee|28\/100\n|-damage|p2a: Ribombee|4\/100\n|-hitcount|p2a: Ribombee|4\n|move|p2a: Ribombee|Moonblast|p1a: Weavile\n|-supereffective|p1a: Weavile\n|-damage|p1a: Weavile|0 fnt\n|faint|p1a: Weavile\n|\n|upkeep\n|l|\u2606Ctannn\n|inactive|Ctannn disconnected and has a minute to reconnect!\n|player|p1|\n|j|\u2606Ctannn\n|inactive|Ctannn reconnected and has 145 seconds left.\n|player|p1|Ctannn|102\n|\n|t:|1700882941\n|switch|p1a: Cinderace|Cinderace, M|100\/100\n|turn|2\n|\n|t:|1700882945\n|switch|p1a: Hatterene|Hatterene, F|100\/100\n|move|p2a: Ribombee|Stun Spore|p1a: Hatterene\n|move|p1a: Hatterene|Stun Spore|p2a: Ribombee|[from]ability: Magic Bounce\n|-status|p2a: Ribombee|par\n|\n|upkeep\n|turn|3\n|\n|t:|1700882949\n|move|p2a: Ribombee|Moonblast|p1a: Hatterene\n|-damage|p1a: Hatterene|59\/100\n|move|p1a: Hatterene|Calm Mind|p1a: Hatterene\n|-boost|p1a: Hatterene|spa|1\n|-boost|p1a: Hatterene|spd|1\n|\n|-heal|p1a: Hatterene|65\/100|[from] item: Leftovers\n|upkeep\n|turn|4\n|\n|t:|1700882959\n|switch|p2a: Gholdengo|Gholdengo|100\/100\n|-item|p2a: Gholdengo|Air Balloon\n|move|p1a: Hatterene|Draining Kiss|p2a: Gholdengo\n|-resisted|p2a: Gholdengo\n|-damage|p2a: Gholdengo|84\/100\n|-heal|p1a: Hatterene|79\/100|[from] drain|[of] p2a: Gholdengo\n|-enditem|p2a: Gholdengo|Air Balloon\n|\n|-heal|p1a: Hatterene|85\/100|[from] item: Leftovers\n|upkeep\n|turn|5\n|\n|t:|1700882980\n|switch|p1a: Slowking|Slowking-Galar, M|100\/100\n|move|p2a: Gholdengo|Nasty Plot|p2a: Gholdengo\n|-boost|p2a: Gholdengo|spa|2\n|\n|upkeep\n|turn|6\n|\n|t:|1700882997\n|move|p2a: Gholdengo|Shadow Ball|p1a: Slowking\n|-supereffective|p1a: Slowking\n|-damage|p1a: Slowking|2\/100\n|move|p1a: Slowking|Chilly Reception|p1a: Slowking\n|-weather|Snow\n|\n|t:|1700883005\n|switch|p1a: Greninja|Greninja, M|100\/100|[from] Chilly Reception\n|\n|-weather|Snow|[upkeep]\n|upkeep\n|turn|7\n|inactive|d18l has 120 seconds left.\n|\n|t:|1700883043\n|-terastallize|p2a: Gholdengo|Fairy\n|move|p1a: Greninja|Dark Pulse|p2a: Gholdengo\n|-resisted|p2a: Gholdengo\n|-damage|p2a: Gholdengo|67\/100\n|cant|p2a: Gholdengo|flinch\n|\n|-weather|Snow|[upkeep]\n|upkeep\n|turn|8\n|inactive|d18l has 120 seconds left.\n|inactive|d18l has 90 seconds left.\n|\n|t:|1700883086\n|move|p1a: Greninja|Surf|p2a: Gholdengo\n|-damage|p2a: Gholdengo|29\/100\n|move|p2a: Gholdengo|Recover|p2a: Gholdengo\n|-heal|p2a: Gholdengo|79\/100\n|\n|-weather|Snow|[upkeep]\n|upkeep\n|turn|9\n|\n|t:|1700883106\n|move|p1a: Greninja|Surf|p2a: Gholdengo\n|-damage|p2a: Gholdengo|43\/100\n|move|p2a: Gholdengo|Recover|p2a: Gholdengo\n|-heal|p2a: Gholdengo|93\/100\n|\n|-weather|Snow|[upkeep]\n|upkeep\n|turn|10\n|\n|t:|1700883109\n|move|p1a: Greninja|Surf|p2a: Gholdengo\n|-damage|p2a: Gholdengo|52\/100\n|move|p2a: Gholdengo|Dazzling Gleam|p1a: Greninja\n|-supereffective|p1a: Greninja\n|-damage|p1a: Greninja|0 fnt\n|faint|p1a: Greninja\n|\n|-weather|none\n|upkeep\n|\n|t:|1700883119\n|switch|p1a: Cinderace|Cinderace, M|100\/100\n|turn|11\n|inactive|d18l has 90 seconds left.\n|\n|t:|1700883152\n|move|p1a: Cinderace|Pyro Ball|p2a: Gholdengo\n|-damage|p2a: Gholdengo|8\/100\n|move|p2a: Gholdengo|Shadow Ball|p1a: Cinderace\n|-damage|p1a: Cinderace|0 fnt\n|faint|p1a: Cinderace\n|\n|upkeep\n|\n|t:|1700883160\n|switch|p1a: Ceruledge|Ceruledge, F|100\/100\n|turn|12\n|\n|t:|1700883166\n|move|p1a: Ceruledge|Bitter Blade|p2a: Gholdengo\n|-damage|p2a: Gholdengo|0 fnt\n|faint|p2a: Gholdengo\n|\n|upkeep\n|\n|t:|1700883181\n|switch|p2a: Ogerpon|Ogerpon-Wellspring, F|100\/100\n|turn|13\n|inactive|d18l has 90 seconds left.\n|inactive|d18l has 60 seconds left.\n|\n|t:|1700883239\n|move|p2a: Ogerpon|Encore|p1a: Ceruledge\n|-start|p1a: Ceruledge|Encore\n|move|p1a: Ceruledge|Bitter Blade|p2a: Ogerpon\n|-damage|p2a: Ogerpon|43\/100\n|\n|upkeep\n|turn|14\n|\n|t:|1700883259\n|move|p2a: Ogerpon|Ivy Cudgel|p1a: Ceruledge|[anim] Ivy Cudgel Water\n|-supereffective|p1a: Ceruledge\n|-crit|p1a: Ceruledge\n|-enditem|p1a: Ceruledge|Focus Sash\n|-damage|p1a: Ceruledge|1\/100\n|-ability|p1a: Ceruledge|Weak Armor|boost\n|-unboost|p1a: Ceruledge|def|1\n|-boost|p1a: Ceruledge|spe|2\n|move|p1a: Ceruledge|Bitter Blade|p2a: Ogerpon\n|-damage|p2a: Ogerpon|0 fnt\n|-heal|p1a: Ceruledge|23\/100|[from] drain|[of] p2a: Ogerpon\n|faint|p2a: Ogerpon\n|\n|upkeep\n|inactive|d18l has 60 seconds left.\n|inactive|d18l has 30 seconds left.\n|\n|t:|1700883300\n|switch|p2a: Kingambit|Kingambit, F|100\/100\n|-activate|p2a: Kingambit|ability: Supreme Overlord\n|-start|p2a: Kingambit|fallen2|[silent]\n|turn|15\n|inactive|d18l has 30 seconds left.\n|inactive|d18l has 20 seconds left.\n|\n|t:|1700883319\n|switch|p1a: Hatterene|Hatterene, F|85\/100\n|move|p2a: Kingambit|Sucker Punch||[still]\n|-fail|p2a: Kingambit\n|\n|-heal|p1a: Hatterene|91\/100|[from] item: Leftovers\n|upkeep\n|turn|16\n|inactive|d18l has 30 seconds left this turn.\n|inactive|d18l has 20 seconds left.\n|\n|t:|1700883334\n|-terastallize|p1a: Hatterene|Water\n|move|p2a: Kingambit|Swords Dance|p2a: Kingambit\n|-boost|p2a: Kingambit|atk|2\n|move|p1a: Hatterene|Mystical Fire|p2a: Kingambit\n|-supereffective|p2a: Kingambit\n|-damage|p2a: Kingambit|48\/100\n|-unboost|p2a: Kingambit|spa|1\n|\n|-heal|p2a: Kingambit|55\/100|[from] item: Leftovers\n|-heal|p1a: Hatterene|97\/100|[from] item: Leftovers\n|upkeep\n|turn|17\n|inactive|d18l has 30 seconds left this turn.\n|\n|t:|1700883338\n|move|p2a: Kingambit|Kowtow Cleave|p1a: Hatterene\n|-damage|p1a: Hatterene|8\/100\n|move|p1a: Hatterene|Mystical Fire|p2a: Kingambit\n|-supereffective|p2a: Kingambit\n|-damage|p2a: Kingambit|4\/100\n|-unboost|p2a: Kingambit|spa|1\n|\n|-heal|p2a: Kingambit|10\/100|[from] item: Leftovers\n|-heal|p1a: Hatterene|14\/100|[from] item: Leftovers\n|upkeep\n|turn|18\n|\n|t:|1700883346\n|move|p2a: Kingambit|Kowtow Cleave|p1a: Hatterene\n|-damage|p1a: Hatterene|0 fnt\n|faint|p1a: Hatterene\n|\n|-heal|p2a: Kingambit|16\/100|[from] item: Leftovers\n|upkeep\n|\n|t:|1700883348\n|switch|p1a: Ceruledge|Ceruledge, F|23\/100\n|turn|19\n|\n|t:|1700883350\n|move|p1a: Ceruledge|Shadow Sneak|p2a: Kingambit\n|-resisted|p2a: Kingambit\n|-damage|p2a: Kingambit|8\/100\n|move|p2a: Kingambit|Kowtow Cleave|p1a: Ceruledge\n|-supereffective|p1a: Ceruledge\n|-damage|p1a: Ceruledge|0 fnt\n|faint|p1a: Ceruledge\n|\n|-heal|p2a: Kingambit|14\/100|[from] item: Leftovers\n|upkeep\n|\n|t:|1700883353\n|switch|p1a: Slowking|Slowking-Galar, M|35\/100\n|turn|20\n|-message|Ctannn forfeited.\n|\n|win|d18l\n|raw|Ctannn's rating: 1739 &rarr; <strong>1715<\/strong><br \/>(-24 for losing)\n|raw|d18l's rating: 1665 &rarr; <strong>1689<\/strong><br \/>(+24 for winning)\n|l|\u2606Ctannn\n","uploadtime":1700883360,"views":2,"p1id":"ctannn","p2id":"d18l","formatid":"gen9ou","rating":1689,"private":0,"password":""}