{"id":"gen9ou-1993572438","p1":"j3zter","p2":"hthowgamer","format":"[Gen 9] OU","log":"|j|\u2606j3zter\n|j|\u2606hthowgamer\n|t:|1700333130\n|gametype|singles\n|player|p1|j3zter|ethan|1286\n|player|p2|hthowgamer|silver|1181\n|teamsize|p1|6\n|teamsize|p2|6\n|gen|9\n|tier|[Gen 9] OU\n|rated|\n|rule|Sleep Clause Mod: Limit one foe put to sleep\n|rule|Species Clause: Limit one of each Pok\u00e9mon\n|rule|OHKO Clause: OHKO moves are banned\n|rule|Evasion Items Clause: Evasion items are banned\n|rule|Evasion Moves Clause: Evasion moves are banned\n|rule|Endless Battle Clause: Forcing endless battles is banned\n|rule|HP Percentage Mod: HP is shown in percentages\n|clearpoke\n|poke|p1|Mamoswine, M|\n|poke|p1|Milotic, M|\n|poke|p1|Meowscarada, F|\n|poke|p1|Iron Moth|\n|poke|p1|Corviknight, M|\n|poke|p1|Garchomp, F|\n|poke|p2|Gholdengo|\n|poke|p2|Iron Moth|\n|poke|p2|Samurott-Hisui, M|\n|poke|p2|Great Tusk|\n|poke|p2|Landorus-Therian, M|\n|poke|p2|Ogerpon-Wellspring, F|\n|teampreview\n|\n|t:|1700333138\n|start\n|switch|p1a: Swine Flu|Mamoswine, M|100\/100\n|switch|p2a: Samurott|Samurott-Hisui, M|100\/100\n|turn|1\n|\n|t:|1700333145\n|switch|p1a: BIRD|Corviknight, M|100\/100\n|-ability|p1a: BIRD|Pressure\n|move|p2a: Samurott|Ceaseless Edge|p1a: BIRD\n|-crit|p1a: BIRD\n|-damage|p1a: BIRD|58\/100\n|-damage|p2a: Samurott|84\/100|[from] item: Rocky Helmet|[of] p1a: BIRD\n|-sidestart|p1: j3zter|Spikes\n|\n|upkeep\n|turn|2\n|\n|t:|1700333155\n|move|p2a: Samurott|Sacred Sword|p1a: BIRD\n|-damage|p1a: BIRD|36\/100\n|-damage|p2a: Samurott|67\/100|[from] item: Rocky Helmet|[of] p1a: BIRD\n|move|p1a: BIRD|Roost|p1a: BIRD\n|-heal|p1a: BIRD|86\/100\n|-singleturn|p1a: BIRD|move: Roost\n|\n|upkeep\n|turn|3\n|\n|t:|1700333166\n|move|p2a: Samurott|Ceaseless Edge|p1a: BIRD\n|-damage|p1a: BIRD|59\/100\n|-damage|p2a: Samurott|51\/100|[from] item: Rocky Helmet|[of] p1a: BIRD\n|-sidestart|p1: j3zter|Spikes\n|move|p1a: BIRD|Defog|p2a: Samurott\n|-unboost|p2a: Samurott|evasion|1\n|-sideend|p1: j3zter|Spikes|[from] move: Defog|[of] p1a: BIRD\n|\n|upkeep\n|turn|4\n|\n|t:|1700333175\n|move|p2a: Samurott|Ceaseless Edge|p1a: BIRD\n|-damage|p1a: BIRD|33\/100\n|-damage|p2a: Samurott|34\/100|[from] item: Rocky Helmet|[of] p1a: BIRD\n|-sidestart|p1: j3zter|Spikes\n|move|p1a: BIRD|Roost|p1a: BIRD\n|-heal|p1a: BIRD|83\/100\n|-singleturn|p1a: BIRD|move: Roost\n|\n|upkeep\n|turn|5\n|\n|t:|1700333187\n|move|p2a: Samurott|Ceaseless Edge|p1a: BIRD\n|-damage|p1a: BIRD|55\/100\n|-damage|p2a: Samurott|18\/100|[from] item: Rocky Helmet|[of] p1a: BIRD\n|-sidestart|p1: j3zter|Spikes\n|move|p1a: BIRD|Brave Bird|p2a: Samurott\n|-damage|p2a: Samurott|0 fnt\n|faint|p2a: Samurott\n|-damage|p1a: BIRD|51\/100|[from] Recoil\n|\n|upkeep\n|\n|t:|1700333195\n|switch|p2a: Gholdengo|Gholdengo|100\/100\n|-item|p2a: Gholdengo|Air Balloon\n|turn|6\n|\n|t:|1700333227\n|move|p2a: Gholdengo|Nasty Plot|p2a: Gholdengo\n|-boost|p2a: Gholdengo|spa|2\n|move|p1a: BIRD|Roost|p1a: BIRD\n|-heal|p1a: BIRD|100\/100\n|-singleturn|p1a: BIRD|move: Roost\n|\n|upkeep\n|turn|7\n|\n|t:|1700333246\n|switch|p1a: Phantom|Meowscarada, F|100\/100\n|-damage|p1a: Phantom|84\/100|[from] Spikes\n|move|p2a: Gholdengo|Shadow Ball|p1a: Phantom\n|-resisted|p1a: Phantom\n|-damage|p1a: Phantom|20\/100\n|\n|upkeep\n|turn|8\n|\n|t:|1700333260\n|move|p1a: Phantom|Knock Off|p2a: Gholdengo\n|-start|p1a: Phantom|typechange|Dark|[from] ability: Protean\n|-supereffective|p2a: Gholdengo\n|-damage|p2a: Gholdengo|0 fnt\n|-enditem|p2a: Gholdengo|Air Balloon\n|faint|p2a: Gholdengo\n|\n|upkeep\n|\n|t:|1700333276\n|switch|p2a: Iron Moth|Iron Moth|100\/100\n|-enditem|p2a: Iron Moth|Booster Energy\n|-activate|p2a: Iron Moth|ability: Quark Drive|[fromitem]\n|-start|p2a: Iron Moth|quarkdrivespe\n|turn|9\n|\n|t:|1700333281\n|switch|p1a: Gorgeous|Milotic, M, shiny|100\/100\n|-damage|p1a: Gorgeous|84\/100|[from] Spikes\n|move|p2a: Iron Moth|Fiery Dance|p1a: Gorgeous\n|-resisted|p1a: Gorgeous\n|-damage|p1a: Gorgeous|70\/100\n|-boost|p2a: Iron Moth|spa|1\n|\n|-heal|p1a: Gorgeous|76\/100|[from] item: Leftovers\n|upkeep\n|turn|10\n|\n|t:|1700333298\n|-terastallize|p2a: Iron Moth|Grass\n|move|p2a: Iron Moth|Energy Ball|p1a: Gorgeous\n|-supereffective|p1a: Gorgeous\n|-damage|p1a: Gorgeous|0 fnt\n|faint|p1a: Gorgeous\n|\n|upkeep\n|\n|t:|1700333302\n|switch|p1a: M.O.T.H.R.A|Iron Moth|100\/100\n|-damage|p1a: M.O.T.H.R.A|84\/100|[from] Spikes\n|-enditem|p1a: M.O.T.H.R.A|Booster Energy\n|-activate|p1a: M.O.T.H.R.A|ability: Quark Drive|[fromitem]\n|-start|p1a: M.O.T.H.R.A|quarkdrivespa\n|turn|11\n|\n|t:|1700333307\n|move|p2a: Iron Moth|Psychic|p1a: M.O.T.H.R.A\n|-supereffective|p1a: M.O.T.H.R.A\n|-damage|p1a: M.O.T.H.R.A|0 fnt\n|faint|p1a: M.O.T.H.R.A\n|-end|p1a: M.O.T.H.R.A|Quark Drive|[silent]\n|\n|upkeep\n|\n|t:|1700333324\n|switch|p1a: BIRD|Corviknight, M|100\/100\n|-ability|p1a: BIRD|Pressure\n|turn|12\n|\n|t:|1700333333\n|move|p2a: Iron Moth|Fiery Dance|p1a: BIRD\n|-supereffective|p1a: BIRD\n|-damage|p1a: BIRD|0 fnt\n|-boost|p2a: Iron Moth|spa|1\n|faint|p1a: BIRD\n|\n|upkeep\n|-message|j3zter forfeited.\n|\n|win|hthowgamer\n|raw|j3zter's rating: 1286 &rarr; <strong>1254<\/strong><br \/>(-32 for losing)\n|raw|hthowgamer's rating: 1181 &rarr; <strong>1213<\/strong><br \/>(+32 for winning)\n|l|\u2606j3zter\n","uploadtime":1700333359,"views":12,"p1id":"j3zter","p2id":"hthowgamer","formatid":"gen9ou","rating":1213,"private":0,"password":""}