{"id":"gen9ou-1990109776","p1":"sageinpurple","p2":"roxandroll","format":"[Gen 9] OU","log":"|j|\u2606sageinpurple\n|j|\u2606roxandroll\n|inactive|Battle timer is ON: inactive players will automatically lose when time's up.\n|t:|1699925567\n|gametype|singles\n|player|p1|sageinpurple|cynthia|\n|player|p2|roxandroll|roxanne-gen6|\n|teamsize|p1|5\n|teamsize|p2|5\n|gen|9\n|tier|[Gen 9] OU\n|rated|Tournament battle\n|rule|Sleep Clause Mod: Limit one foe put to sleep\n|rule|Species Clause: Limit one of each Pok\u00e9mon\n|rule|OHKO Clause: OHKO moves are banned\n|rule|Evasion Items Clause: Evasion items are banned\n|rule|Evasion Moves Clause: Evasion moves are banned\n|rule|Endless Battle Clause: Forcing endless battles is banned\n|rule|HP Percentage Mod: HP is shown in percentages\n|clearpoke\n|poke|p1|Mudsdale, F|\n|poke|p1|Rabsca, F|\n|poke|p1|Ninetales-Alola, F|\n|poke|p1|Pawmot, M|\n|poke|p1|Typhlosion, M|\n|poke|p2|Ceruledge, M|\n|poke|p2|Cloyster, F|\n|poke|p2|Arcanine-Hisui, F|\n|poke|p2|Sinistcha-Masterpiece|\n|poke|p2|Garchomp, F|\n|teampreview\n|j|*Lady Monita \u2746\n|inactive|sageinpurple also wants the timer to be on.\n|c|\u2606sageinpurple|glhf\n|c|\u2606roxandroll|u2\n|j| pogchimp970314\n|\n|t:|1699925586\n|start\n|switch|p1a: Ninetales|Ninetales-Alola, F|100\/100\n|switch|p2a: Cloyster|Cloyster, F|100\/100\n|-weather|Snow|[from] ability: Snow Warning|[of] p1a: Ninetales\n|turn|1\n|c| pogchimp970314|double smash\n|\n|t:|1699925598\n|move|p1a: Ninetales|Aurora Veil|p1a: Ninetales\n|-sidestart|p1: sageinpurple|move: Aurora Veil\n|move|p2a: Cloyster|Shell Smash|p2a: Cloyster\n|-unboost|p2a: Cloyster|def|1\n|-unboost|p2a: Cloyster|spd|1\n|-boost|p2a: Cloyster|atk|2\n|-boost|p2a: Cloyster|spa|2\n|-boost|p2a: Cloyster|spe|2\n|\n|-weather|Snow|[upkeep]\n|upkeep\n|turn|2\n|\n|t:|1699925602\n|move|p2a: Cloyster|Rock Blast|p1a: Ninetales\n|-supereffective|p1a: Ninetales\n|-damage|p1a: Ninetales|86\/100\n|-supereffective|p1a: Ninetales\n|-damage|p1a: Ninetales|71\/100\n|-supereffective|p1a: Ninetales\n|-damage|p1a: Ninetales|55\/100\n|-supereffective|p1a: Ninetales\n|-damage|p1a: Ninetales|40\/100\n|-supereffective|p1a: Ninetales\n|-damage|p1a: Ninetales|25\/100\n|-hitcount|p1a: Ninetales|5\n|move|p1a: Ninetales|Moonblast|p2a: Cloyster\n|-damage|p2a: Cloyster|0 fnt\n|faint|p2a: Cloyster\n|\n|-weather|Snow|[upkeep]\n|upkeep\n|j|^HEAVY-DUTY B0OTY\n|\n|t:|1699925617\n|switch|p2a: Ceruledge|Ceruledge, M|100\/100\n|turn|3\n|\n|t:|1699925624\n|move|p1a: Ninetales|Chilling Water|p2a: Ceruledge\n|-supereffective|p2a: Ceruledge\n|-crit|p2a: Ceruledge\n|-damage|p2a: Ceruledge|52\/100\n|-unboost|p2a: Ceruledge|atk|1\n|move|p2a: Ceruledge|Poltergeist|p1a: Ninetales\n|-activate|p1a: Ninetales|move: Poltergeist|Light Clay\n|-damage|p1a: Ninetales|0 fnt\n|faint|p1a: Ninetales\n|-damage|p2a: Ceruledge|42\/100|[from] item: Life Orb\n|\n|-weather|Snow|[upkeep]\n|upkeep\n|\n|t:|1699925642\n|switch|p1a: Mudsdale|Mudsdale, F|100\/100\n|turn|4\n|\n|t:|1699925646\n|switch|p2a: Sinistcha|Sinistcha-Masterpiece|100\/100\n|move|p1a: Mudsdale|Earthquake|p2a: Sinistcha\n|-resisted|p2a: Sinistcha\n|-damage|p2a: Sinistcha|74\/100\n|\n|-weather|Snow|[upkeep]\n|-heal|p2a: Sinistcha|81\/100|[from] item: Leftovers\n|upkeep\n|turn|5\n|\n|t:|1699925654\n|switch|p1a: Typhlosion|Typhlosion, M|100\/100\n|move|p2a: Sinistcha|Calm Mind|p2a: Sinistcha\n|-boost|p2a: Sinistcha|spa|1\n|-boost|p2a: Sinistcha|spd|1\n|\n|-weather|none\n|-heal|p2a: Sinistcha|87\/100|[from] item: Leftovers\n|upkeep\n|turn|6\n|c| pogchimp970314|sinistcha lives\n|j| Im dumb srly\n|c| pogchimp970314|probably\n|\n|t:|1699925681\n|move|p1a: Typhlosion|Eruption|p2a: Sinistcha\n|-supereffective|p2a: Sinistcha\n|-damage|p2a: Sinistcha|35\/100\n|move|p2a: Sinistcha|Strength Sap|p1a: Typhlosion\n|-unboost|p1a: Typhlosion|atk|1\n|-heal|p2a: Sinistcha|89\/100\n|\n|-heal|p2a: Sinistcha|95\/100|[from] item: Leftovers\n|upkeep\n|turn|7\n|inactive|sageinpurple has 120 seconds left.\n|\n|t:|1699925703\n|switch|p1a: Pawmot|Pawmot, M|100\/100\n|move|p2a: Sinistcha|Calm Mind|p2a: Sinistcha\n|-boost|p2a: Sinistcha|spa|1\n|-boost|p2a: Sinistcha|spd|1\n|\n|-heal|p2a: Sinistcha|100\/100|[from] item: Leftovers\n|upkeep\n|turn|8\n|\n|t:|1699925710\n|move|p1a: Pawmot|Nuzzle|p2a: Sinistcha\n|-resisted|p2a: Sinistcha\n|-damage|p2a: Sinistcha|95\/100\n|-status|p2a: Sinistcha|par\n|-damage|p1a: Pawmot|91\/100|[from] item: Life Orb\n|cant|p2a: Sinistcha|par\n|\n|-heal|p2a: Sinistcha|100\/100 par|[from] item: Leftovers\n|-sideend|p1: sageinpurple|move: Aurora Veil\n|upkeep\n|turn|9\n|\n|t:|1699925719\n|move|p1a: Pawmot|Revival Blessing|p1a: Pawmot\n|\n|t:|1699925721\n|-heal|p1: Ninetales|50\/100|[from] move: Revival Blessing\n|move|p2a: Sinistcha|Matcha Gotcha|p1a: Pawmot\n|-damage|p1a: Pawmot|0 fnt\n|faint|p1a: Pawmot\n|\n|upkeep\n|\n|t:|1699925727\n|switch|p1a: Ninetales|Ninetales-Alola, F|50\/100\n|-weather|Snow|[from] ability: Snow Warning|[of] p1a: Ninetales\n|turn|10\n|\n|t:|1699925738\n|move|p1a: Ninetales|Blizzard|p2a: Sinistcha\n|-supereffective|p2a: Sinistcha\n|-damage|p2a: Sinistcha|53\/100 par\n|move|p2a: Sinistcha|Matcha Gotcha|p1a: Ninetales\n|-damage|p1a: Ninetales|0 fnt\n|-heal|p2a: Sinistcha|77\/100 par|[from] drain|[of] p1a: Ninetales\n|faint|p1a: Ninetales\n|\n|-weather|Snow|[upkeep]\n|-heal|p2a: Sinistcha|83\/100 par|[from] item: Leftovers\n|upkeep\n|\n|t:|1699925751\n|switch|p1a: Mudsdale|Mudsdale, F|100\/100\n|turn|11\n|\n|t:|1699925760\n|-terastallize|p1a: Mudsdale|Fighting\n|move|p1a: Mudsdale|Earthquake|p2a: Sinistcha\n|-resisted|p2a: Sinistcha\n|-damage|p2a: Sinistcha|60\/100 par\n|move|p2a: Sinistcha|Matcha Gotcha|p1a: Mudsdale\n|-damage|p1a: Mudsdale|26\/100\n|-heal|p2a: Sinistcha|100\/100 par|[from] drain|[of] p1a: Mudsdale\n|-status|p1a: Mudsdale|brn\n|-ability|p1a: Mudsdale|Stamina|boost\n|-boost|p1a: Mudsdale|def|1\n|\n|-weather|Snow|[upkeep]\n|-heal|p1a: Mudsdale|32\/100 brn|[from] item: Leftovers\n|-damage|p1a: Mudsdale|26\/100 brn|[from] brn\n|upkeep\n|turn|12\n|c|^HEAVY-DUTY B0OTY|goat\n|c|\u2606sageinpurple|jesus\n|\n|t:|1699925772\n|move|p1a: Mudsdale|Earthquake|p2a: Sinistcha\n|-resisted|p2a: Sinistcha\n|-damage|p2a: Sinistcha|89\/100 par\n|move|p2a: Sinistcha|Matcha Gotcha|p1a: Mudsdale\n|-damage|p1a: Mudsdale|0 fnt\n|-heal|p2a: Sinistcha|100\/100 par|[from] drain|[of] p1a: Mudsdale\n|faint|p1a: Mudsdale\n|\n|-weather|Snow|[upkeep]\n|upkeep\n|\n|t:|1699925777\n|switch|p1a: Typhlosion|Typhlosion, M|100\/100\n|turn|13\n|c| pogchimp970314|sinischas one of my favs\n|\n|t:|1699925785\n|move|p1a: Typhlosion|Eruption|p2a: Sinistcha\n|-supereffective|p2a: Sinistcha\n|-crit|p2a: Sinistcha\n|-damage|p2a: Sinistcha|0 fnt\n|faint|p2a: Sinistcha\n|\n|-weather|Snow|[upkeep]\n|upkeep\n|c|^HEAVY-DUTY B0OTY|lol\n|c|\u2606roxandroll|yikes\n|\n|t:|1699925794\n|switch|p2a: Garchomp|Garchomp, F|100\/100\n|turn|14\n|\n|t:|1699925799\n|switch|p1a: Rabsca|Rabsca, F|100\/100\n|move|p2a: Garchomp|Scale Shot|p1a: Rabsca|[miss]\n|-miss|p2a: Garchomp|p1a: Rabsca\n|\n|-weather|none\n|upkeep\n|turn|15\n|c|\u2606roxandroll|yikes again\n|c|^HEAVY-DUTY B0OTY|lol\n|j| SunnnyDays\n|\n|t:|1699925823\n|switch|p2a: Arcanine|Arcanine-Hisui, F|100\/100\n|move|p1a: Rabsca|Trick Room|p1a: Rabsca\n|-fieldstart|move: Trick Room|[of] p1a: Rabsca\n|\n|upkeep\n|turn|16\n|j| poketough\n|\n|t:|1699925829\n|move|p1a: Rabsca|Earth Power|p2a: Arcanine\n|-supereffective|p2a: Arcanine\n|-damage|p2a: Arcanine|0 fnt\n|faint|p2a: Arcanine\n|\n|upkeep\n|c|^HEAVY-DUTY B0OTY|no way\n|c|^HEAVY-DUTY B0OTY|this dude\n|c|^HEAVY-DUTY B0OTY|\ud83d\udc80\n|\n|t:|1699925844\n|switch|p2a: Garchomp|Garchomp, F|100\/100\n|turn|17\n|c|\u2606sageinpurple|i believe\n|inactive|roxandroll has 120 seconds left.\n|c| pogchimp970314|not sinisctha\n|\n|t:|1699925887\n|move|p1a: Rabsca|Psychic|p2a: Garchomp\n|-damage|p2a: Garchomp|47\/100\n|move|p2a: Garchomp|Scale Shot|p1a: Rabsca\n|-damage|p1a: Rabsca|85\/100\n|-damage|p1a: Rabsca|70\/100\n|-damage|p1a: Rabsca|56\/100\n|-damage|p1a: Rabsca|42\/100\n|-damage|p1a: Rabsca|27\/100\n|-hitcount|p1a: Rabsca|5\n|-unboost|p2a: Garchomp|def|1\n|-boost|p2a: Garchomp|spe|1\n|\n|-heal|p1a: Rabsca|33\/100|[from] item: Leftovers\n|upkeep\n|turn|18\n|c| pogchimp970314|ggs\n|\n|t:|1699925905\n|-terastallize|p2a: Garchomp|Steel\n|move|p1a: Rabsca|Revival Blessing|p1a: Rabsca\n|\n|t:|1699925908\n|-heal|p1: Mudsdale|50\/100|[from] move: Revival Blessing\n|move|p2a: Garchomp|Iron Head|p1a: Rabsca\n|-damage|p1a: Rabsca|0 fnt\n|faint|p1a: Rabsca\n|\n|upkeep\n|\n|t:|1699925913\n|switch|p1a: Mudsdale|Mudsdale, F|50\/100\n|turn|19\n|inactive|roxandroll has 120 seconds left.\n|\n|t:|1699925939\n|switch|p2a: Ceruledge|Ceruledge, M|42\/100\n|move|p1a: Mudsdale|Earthquake|p2a: Ceruledge\n|-supereffective|p2a: Ceruledge\n|-damage|p2a: Ceruledge|0 fnt\n|faint|p2a: Ceruledge\n|\n|-heal|p1a: Mudsdale|57\/100|[from] item: Leftovers\n|-fieldend|move: Trick Room\n|upkeep\n|\n|t:|1699925941\n|switch|p2a: Garchomp|Garchomp, F, tera:Steel|47\/100\n|turn|20\n|n| pogchimp970314|pogchimp970314\n|\n|t:|1699925950\n|move|p2a: Garchomp|Earthquake|p1a: Mudsdale\n|-crit|p1a: Mudsdale\n|-damage|p1a: Mudsdale|0 fnt\n|faint|p1a: Mudsdale\n|\n|upkeep\n|\n|t:|1699925952\n|switch|p1a: Typhlosion|Typhlosion, M|100\/100\n|turn|21\n|\n|t:|1699925954\n|move|p1a: Typhlosion|Eruption|p2a: Garchomp\n|-supereffective|p2a: Garchomp\n|-damage|p2a: Garchomp|0 fnt\n|faint|p2a: Garchomp\n|\n|win|sageinpurple\n|n|\u2606sageinpurple|sageinpurple\n|n|\u2606roxandroll|roxandroll\n|n|*Lady Monita \u2746|ladymonita\n|n| pogchimp970314|pogchimp970314\n|n| HEAVY-DUTY B0OTY|heavydutyb0oty\n|n| Im dumb srly|imdumbsrly\n|n| SunnnyDays|sunnnydays\n|n| poketough|poketough\n","uploadtime":1699925957,"views":16,"p1id":"sageinpurple","p2id":"roxandroll","formatid":"gen9ou","rating":0,"private":0,"password":""}