{"id":"gen9ou-1991087945","p1":"Homeless stan","p2":"stargirlkirin","format":"[Gen 9] OU","log":"|j|\u2606Homeless stan\n|j|\u2606stargirlkirin\n|t:|1700040945\n|gametype|singles\n|player|p1|Homeless stan|byron|1003\n|player|p2|stargirlkirin|hexmaniac-gen6|1071\n|teamsize|p1|6\n|teamsize|p2|6\n|gen|9\n|tier|[Gen 9] OU\n|rated|\n|rule|Sleep Clause Mod: Limit one foe put to sleep\n|rule|Species Clause: Limit one of each Pok\u00e9mon\n|rule|OHKO Clause: OHKO moves are banned\n|rule|Evasion Items Clause: Evasion items are banned\n|rule|Evasion Moves Clause: Evasion moves are banned\n|rule|Endless Battle Clause: Forcing endless battles is banned\n|rule|HP Percentage Mod: HP is shown in percentages\n|clearpoke\n|poke|p1|Weavile, M|\n|poke|p1|Cetitan, F|\n|poke|p1|Cloyster, M|\n|poke|p1|Ninetales-Alola, M|\n|poke|p1|Glimmora, F|\n|poke|p1|Mimikyu, M|\n|poke|p2|Rillaboom, M|\n|poke|p2|Manaphy|\n|poke|p2|Sneasler, F|\n|poke|p2|Ogerpon-Cornerstone, F|\n|poke|p2|Iron Valiant|\n|poke|p2|Hatterene, F|\n|teampreview\n|inactive|Battle timer is ON: inactive players will automatically lose when time's up. (requested by stargirlkirin)\n|\n|t:|1700040951\n|start\n|switch|p1a: Glimmora|Glimmora, F|100\/100\n|switch|p2a: Coco|Rillaboom, M|100\/100\n|-fieldstart|move: Grassy Terrain|[from] ability: Grassy Surge|[of] p2a: Coco\n|turn|1\n|\n|t:|1700040965\n|move|p1a: Glimmora|Mortal Spin|p2a: Coco\n|-supereffective|p2a: Coco\n|-damage|p2a: Coco|89\/100\n|-status|p2a: Coco|psn\n|move|p2a: Coco|Drum Beating|p1a: Glimmora\n|-damage|p1a: Glimmora|36\/100\n|-unboost|p1a: Glimmora|spe|1\n|-activate|p1a: Glimmora|ability: Toxic Debris\n|-sidestart|p2: stargirlkirin|move: Toxic Spikes\n|\n|-heal|p2a: Coco|95\/100 psn|[from] Grassy Terrain\n|-heal|p1a: Glimmora|42\/100|[from] Grassy Terrain\n|-damage|p2a: Coco|83\/100 psn|[from] psn\n|upkeep\n|turn|2\n|\n|t:|1700040982\n|switch|p1a: Ninetales|Ninetales-Alola, M|100\/100\n|-weather|Snow|[from] ability: Snow Warning|[of] p1a: Ninetales\n|move|p2a: Coco|U-turn|p1a: Ninetales\n|-resisted|p1a: Ninetales\n|-damage|p1a: Ninetales|90\/100\n|\n|t:|1700040986\n|switch|p2a: Ivy|Sneasler, F|100\/100|[from] U-turn\n|-sideend|p2: stargirlkirin|move: Toxic Spikes|[of] p2a: Ivy\n|-enditem|p2a: Ivy|Grassy Seed\n|-boost|p2a: Ivy|def|1|[from] item: Grassy Seed\n|\n|-weather|Snow|[upkeep]\n|-heal|p1a: Ninetales|96\/100|[from] Grassy Terrain\n|upkeep\n|turn|3\n|\n|t:|1700041001\n|move|p2a: Ivy|Swords Dance|p2a: Ivy\n|-boost|p2a: Ivy|atk|2\n|move|p1a: Ninetales|Encore|p2a: Ivy\n|-start|p2a: Ivy|Encore\n|\n|-weather|Snow|[upkeep]\n|-heal|p1a: Ninetales|100\/100|[from] Grassy Terrain\n|upkeep\n|turn|4\n|c|\u2606stargirlkirin|FUCKKK YOU\n|c|\u2606stargirlkirin|I FUCKING HATE ENCORE\n|c|\u2606stargirlkirin|HATE HATE HATE\n|c|\u2606stargirlkirin|HATE\n|\n|t:|1700041019\n|switch|p1a: Cetitan|Cetitan, F|100\/100\n|move|p2a: Ivy|Swords Dance|p2a: Ivy\n|-boost|p2a: Ivy|atk|2\n|\n|-weather|Snow|[upkeep]\n|upkeep\n|turn|5\n|c|\u2606stargirlkirin|ARGH\n|c|\u2606stargirlkirin|GREAT YOU HAVE A CETITAN\n|\n|t:|1700041027\n|move|p2a: Ivy|Swords Dance|p2a: Ivy\n|-boost|p2a: Ivy|atk|2\n|move|p1a: Cetitan|Belly Drum|p1a: Cetitan\n|-damage|p1a: Cetitan|50\/100\n|-setboost|p1a: Cetitan|atk|6|[from] move: Belly Drum\n|-enditem|p1a: Cetitan|Sitrus Berry|[eat]\n|-heal|p1a: Cetitan|75\/100|[from] item: Sitrus Berry\n|\n|-weather|Snow|[upkeep]\n|-heal|p1a: Cetitan|82\/100|[from] Grassy Terrain\n|upkeep\n|turn|6\n|\n|t:|1700041041\n|-terastallize|p2a: Ivy|Flying\n|move|p2a: Ivy|Swords Dance|p2a: Ivy\n|-boost|p2a: Ivy|atk|0\n|move|p1a: Cetitan|Earthquake|p2a: Ivy\n|-immune|p2a: Ivy\n|\n|-weather|Snow|[upkeep]\n|-heal|p1a: Cetitan|88\/100|[from] Grassy Terrain\n|-end|p2a: Ivy|Encore\n|upkeep\n|turn|7\n|\n|t:|1700041047\n|move|p1a: Cetitan|Ice Shard|p2a: Ivy\n|-supereffective|p2a: Ivy\n|-damage|p2a: Ivy|0 fnt\n|faint|p2a: Ivy\n|\n|-weather|Snow|[upkeep]\n|-heal|p1a: Cetitan|94\/100|[from] Grassy Terrain\n|upkeep\n|n|!stargirlkirin|stargirlkirin\n|-message|stargirlkirin forfeited.\n|\n|win|Homeless stan\n|raw|Homeless stan's rating: 1003 &rarr; <strong>1050<\/strong><br \/>(+47 for winning)\n|raw|stargirlkirin's rating: 1071 &rarr; <strong>1046<\/strong><br \/>(-25 for losing)\n|l|!stargirlkirin\n","uploadtime":1700041009,"views":7,"p1id":"homelessstan","p2id":"stargirlkirin","formatid":"gen9ou","rating":1046,"private":0,"password":""}