{"id":"gen9ou-1995910550","p1":"teacherba'sfan","p2":"BlackGoomba","format":"[Gen 9] OU","log":"|j|\u2606teacherba'sfan\n|j|\u2606BlackGoomba\n|t:|1700616423\n|gametype|singles\n|player|p1|teacherba'sfan|266|1143\n|player|p2|BlackGoomba|swimmer-gen4|1069\n|teamsize|p1|6\n|teamsize|p2|6\n|gen|9\n|tier|[Gen 9] OU\n|rated|\n|rule|Sleep Clause Mod: Limit one foe put to sleep\n|rule|Species Clause: Limit one of each Pok\u00e9mon\n|rule|OHKO Clause: OHKO moves are banned\n|rule|Evasion Items Clause: Evasion items are banned\n|rule|Evasion Moves Clause: Evasion moves are banned\n|rule|Endless Battle Clause: Forcing endless battles is banned\n|rule|HP Percentage Mod: HP is shown in percentages\n|clearpoke\n|poke|p1|Espeon, M|\n|poke|p1|Magnezone|\n|poke|p1|Milotic, M|\n|poke|p1|Infernape, F|\n|poke|p1|Gengar, M|\n|poke|p1|Dragonite, F|\n|poke|p2|Cloyster, F|\n|poke|p2|Chansey, F|\n|poke|p2|Zapdos|\n|poke|p2|Dunsparce, M|\n|poke|p2|Gengar, M|\n|poke|p2|Garganacl, F|\n|teampreview\n|inactive|Battle timer is ON: inactive players will automatically lose when time's up. (requested by BlackGoomba)\n|\n|t:|1700616430\n|start\n|switch|p1a: Espeon|Espeon, M|100\/100\n|switch|p2a: Cloyster|Cloyster, F|100\/100\n|turn|1\n|\n|t:|1700616446\n|switch|p1a: Magnezone|Magnezone|100\/100\n|-terastallize|p2a: Cloyster|Electric\n|move|p2a: Cloyster|Shell Smash|p2a: Cloyster\n|-unboost|p2a: Cloyster|def|1\n|-unboost|p2a: Cloyster|spd|1\n|-boost|p2a: Cloyster|atk|2\n|-boost|p2a: Cloyster|spa|2\n|-boost|p2a: Cloyster|spe|2\n|-enditem|p2a: Cloyster|White Herb\n|-clearnegativeboost|p2a: Cloyster|[silent]\n|\n|upkeep\n|turn|2\n|\n|t:|1700616467\n|-terastallize|p1a: Magnezone|Fairy\n|move|p2a: Cloyster|Drill Run|p1a: Magnezone\n|-damage|p1a: Magnezone|56\/100\n|move|p1a: Magnezone|Flash Cannon|p2a: Cloyster\n|-resisted|p2a: Cloyster\n|-damage|p2a: Cloyster|15\/100\n|-unboost|p2a: Cloyster|spd|1\n|\n|upkeep\n|turn|3\n|\n|t:|1700616476\n|move|p2a: Cloyster|Icicle Spear|p1a: Magnezone\n|-damage|p1a: Magnezone|36\/100\n|-damage|p1a: Magnezone|13\/100\n|-damage|p1a: Magnezone|0 fnt\n|faint|p1a: Magnezone\n|-hitcount|p1: Magnezone|3\n|\n|upkeep\n|\n|t:|1700616486\n|switch|p1a: Infernape|Infernape, F|100\/100\n|turn|4\n|\n|t:|1700616492\n|move|p2a: Cloyster|Drill Run|p1a: Infernape|[miss]\n|-miss|p2a: Cloyster|p1a: Infernape\n|move|p1a: Infernape|Thunder Punch|p2a: Cloyster\n|-resisted|p2a: Cloyster\n|-damage|p2a: Cloyster|3\/100\n|\n|upkeep\n|turn|5\n|\n|t:|1700616501\n|move|p1a: Infernape|Mach Punch|p2a: Cloyster\n|-crit|p2a: Cloyster\n|-damage|p2a: Cloyster|0 fnt\n|faint|p2a: Cloyster\n|\n|upkeep\n|\n|t:|1700616509\n|switch|p2a: Zapdos|Zapdos|100\/100\n|turn|6\n|\n|t:|1700616516\n|move|p1a: Infernape|U-turn|p2a: Zapdos\n|-resisted|p2a: Zapdos\n|-damage|p2a: Zapdos|87\/100\n|\n|t:|1700616526\n|switch|p1a: Gengar|Gengar, M|100\/100|[from] U-turn\n|move|p2a: Zapdos|Hurricane|p1a: Gengar\n|-damage|p1a: Gengar|13\/100\n|\n|upkeep\n|turn|7\n|\n|t:|1700616535\n|move|p1a: Gengar|Destiny Bond|p1a: Gengar\n|-singlemove|p1a: Gengar|Destiny Bond\n|move|p2a: Zapdos|Volt Switch|p1a: Gengar\n|-damage|p1a: Gengar|0 fnt\n|faint|p1a: Gengar\n|-activate|p1a: Gengar|move: Destiny Bond\n|faint|p2a: Zapdos\n|\n|upkeep\n|\n|t:|1700616546\n|switch|p1a: Espeon|Espeon, M|100\/100\n|switch|p2a: Dunsparce|Dunsparce, M|100\/100\n|turn|8\n|\n|t:|1700616553\n|move|p1a: Espeon|Trick|p2a: Dunsparce\n|-activate|p1a: Espeon|move: Trick|[of] p2a: Dunsparce\n|-item|p2a: Dunsparce|Choice Scarf|[from] move: Trick\n|-item|p1a: Espeon|Eviolite|[from] move: Trick\n|move|p2a: Dunsparce|Glare|p1a: Espeon\n|move|p1a: Espeon|Glare|p2a: Dunsparce|[from]ability: Magic Bounce\n|-status|p2a: Dunsparce|par\n|\n|upkeep\n|turn|9\n|\n|t:|1700616567\n|switch|p2a: Chansey|Chansey, F|100\/100\n|move|p1a: Espeon|Psychic|p2a: Chansey\n|-damage|p2a: Chansey|82\/100\n|\n|-heal|p2a: Chansey|88\/100|[from] item: Leftovers\n|upkeep\n|turn|10\n|\n|t:|1700616589\n|move|p1a: Espeon|Trick|p2a: Chansey\n|-activate|p1a: Espeon|move: Trick|[of] p2a: Chansey\n|-item|p2a: Chansey|Eviolite|[from] move: Trick\n|-item|p1a: Espeon|Leftovers|[from] move: Trick\n|move|p2a: Chansey|Heal Bell|p2a: Chansey\n|-activate|p2a: Chansey|move: Heal Bell\n|-curestatus|p2: Dunsparce|par|[msg]\n|\n|upkeep\n|turn|11\n|\n|t:|1700616601\n|switch|p1a: Infernape|Infernape, F|100\/100\n|switch|p2a: Garganacl|Garganacl, F|100\/100\n|\n|upkeep\n|turn|12\n|\n|t:|1700616613\n|move|p1a: Infernape|Mach Punch|p2a: Garganacl\n|-supereffective|p2a: Garganacl\n|-crit|p2a: Garganacl\n|-damage|p2a: Garganacl|63\/100\n|move|p2a: Garganacl|Salt Cure|p1a: Infernape\n|-damage|p1a: Infernape|80\/100\n|-start|p1a: Infernape|Salt Cure\n|\n|-heal|p2a: Garganacl|69\/100|[from] item: Leftovers\n|-damage|p1a: Infernape|68\/100|[from] Salt Cure\n|upkeep\n|turn|13\n|\n|t:|1700616625\n|move|p1a: Infernape|U-turn|p2a: Garganacl\n|-damage|p2a: Garganacl|57\/100\n|\n|t:|1700616634\n|switch|p1a: Milotic|Milotic, M|100\/100|[from] U-turn\n|move|p2a: Garganacl|Recover|p2a: Garganacl\n|-heal|p2a: Garganacl|100\/100\n|\n|upkeep\n|turn|14\n|\n|t:|1700616644\n|move|p1a: Milotic|Surf|p2a: Garganacl\n|-supereffective|p2a: Garganacl\n|-damage|p2a: Garganacl|51\/100\n|move|p2a: Garganacl|Salt Cure|p1a: Milotic\n|-damage|p1a: Milotic|87\/100\n|-start|p1a: Milotic|Salt Cure\n|\n|-heal|p1a: Milotic|93\/100|[from] item: Leftovers\n|-heal|p2a: Garganacl|58\/100|[from] item: Leftovers\n|-damage|p1a: Milotic|68\/100|[from] Salt Cure\n|upkeep\n|turn|15\n|\n|t:|1700616666\n|move|p1a: Milotic|Surf|p2a: Garganacl\n|-supereffective|p2a: Garganacl\n|-damage|p2a: Garganacl|2\/100\n|move|p2a: Garganacl|Recover|p2a: Garganacl\n|-heal|p2a: Garganacl|52\/100\n|\n|-heal|p1a: Milotic|74\/100|[from] item: Leftovers\n|-heal|p2a: Garganacl|58\/100|[from] item: Leftovers\n|-damage|p1a: Milotic|49\/100|[from] Salt Cure\n|upkeep\n|turn|16\n|\n|t:|1700616679\n|move|p1a: Milotic|Surf|p2a: Garganacl\n|-supereffective|p2a: Garganacl\n|-damage|p2a: Garganacl|2\/100\n|move|p2a: Garganacl|Recover|p2a: Garganacl\n|-heal|p2a: Garganacl|52\/100\n|\n|-heal|p1a: Milotic|55\/100|[from] item: Leftovers\n|-heal|p2a: Garganacl|58\/100|[from] item: Leftovers\n|-damage|p1a: Milotic|30\/100|[from] Salt Cure\n|upkeep\n|turn|17\n|\n|t:|1700616695\n|switch|p1a: Infernape|Infernape, F|68\/100\n|move|p2a: Garganacl|Recover|p2a: Garganacl\n|-heal|p2a: Garganacl|100\/100\n|\n|upkeep\n|turn|18\n|\n|t:|1700616707\n|move|p1a: Infernape|Mach Punch|p2a: Garganacl\n|-supereffective|p2a: Garganacl\n|-damage|p2a: Garganacl|77\/100\n|move|p2a: Garganacl|Salt Cure|p1a: Infernape\n|-damage|p1a: Infernape|45\/100\n|-start|p1a: Infernape|Salt Cure\n|\n|-heal|p2a: Garganacl|83\/100|[from] item: Leftovers\n|-damage|p1a: Infernape|33\/100|[from] Salt Cure\n|upkeep\n|turn|19\n|\n|t:|1700616729\n|move|p1a: Infernape|U-turn|p2a: Garganacl\n|-damage|p2a: Garganacl|71\/100\n|\n|t:|1700616734\n|switch|p1a: Espeon|Espeon, M|100\/100|[from] U-turn\n|move|p2a: Garganacl|Iron Defense|p2a: Garganacl\n|-boost|p2a: Garganacl|def|2\n|\n|-heal|p2a: Garganacl|77\/100|[from] item: Leftovers\n|upkeep\n|turn|20\n|\n|t:|1700616743\n|move|p1a: Espeon|Psychic|p2a: Garganacl\n|-damage|p2a: Garganacl|38\/100\n|-unboost|p2a: Garganacl|spd|1\n|move|p2a: Garganacl|Salt Cure|p1a: Espeon\n|-damage|p1a: Espeon|74\/100\n|-start|p1a: Espeon|Salt Cure\n|\n|-heal|p1a: Espeon|80\/100|[from] item: Leftovers\n|-heal|p2a: Garganacl|45\/100|[from] item: Leftovers\n|-damage|p1a: Espeon|68\/100|[from] Salt Cure\n|upkeep\n|turn|21\n|\n|t:|1700616764\n|move|p1a: Espeon|Psychic|p2a: Garganacl\n|-damage|p2a: Garganacl|0 fnt\n|faint|p2a: Garganacl\n|\n|-heal|p1a: Espeon|74\/100|[from] item: Leftovers\n|-damage|p1a: Espeon|61\/100|[from] Salt Cure\n|upkeep\n|inactive|BlackGoomba has 120 seconds left.\n|\n|t:|1700616775\n|switch|p2a: Dunsparce|Dunsparce, M|100\/100\n|turn|22\n|\n|t:|1700616783\n|switch|p1a: Infernape|Infernape, F|33\/100\n|move|p2a: Dunsparce|Glare|p1a: Infernape\n|-status|p1a: Infernape|par\n|\n|upkeep\n|turn|23\n|\n|t:|1700616794\n|switch|p2a: Chansey|Chansey, F|88\/100\n|move|p1a: Infernape|U-turn|p2a: Chansey\n|-damage|p2a: Chansey|72\/100\n|\n|t:|1700616800\n|switch|p1a: Milotic|Milotic, M|30\/100|[from] U-turn\n|\n|-heal|p1a: Milotic|37\/100|[from] item: Leftovers\n|upkeep\n|turn|24\n|\n|t:|1700616807\n|move|p1a: Milotic|Recover|p1a: Milotic\n|-heal|p1a: Milotic|87\/100\n|move|p2a: Chansey|Thunder Wave|p1a: Milotic\n|-status|p1a: Milotic|par\n|\n|-heal|p1a: Milotic|93\/100 par|[from] item: Leftovers\n|upkeep\n|turn|25\n|\n|t:|1700616817\n|switch|p1a: Espeon|Espeon, M|61\/100\n|move|p2a: Chansey|Dazzling Gleam|p1a: Espeon\n|-damage|p1a: Espeon|50\/100\n|\n|-heal|p1a: Espeon|56\/100|[from] item: Leftovers\n|upkeep\n|turn|26\n|\n|t:|1700616829\n|move|p1a: Espeon|Psychic|p2a: Chansey\n|-damage|p2a: Chansey|58\/100\n|move|p2a: Chansey|Thunder Wave|p1a: Espeon\n|move|p1a: Espeon|Thunder Wave|p2a: Chansey|[from]ability: Magic Bounce\n|-status|p2a: Chansey|par\n|\n|-heal|p1a: Espeon|62\/100|[from] item: Leftovers\n|upkeep\n|turn|27\n|\n|t:|1700616839\n|move|p1a: Espeon|Psychic|p2a: Chansey\n|-damage|p2a: Chansey|46\/100 par\n|cant|p2a: Chansey|par\n|\n|-heal|p1a: Espeon|68\/100|[from] item: Leftovers\n|upkeep\n|turn|28\n|\n|t:|1700616848\n|move|p1a: Espeon|Psychic|p2a: Chansey\n|-damage|p2a: Chansey|33\/100 par\n|move|p2a: Chansey|Soft-Boiled|p2a: Chansey\n|-heal|p2a: Chansey|83\/100 par\n|\n|-heal|p1a: Espeon|74\/100|[from] item: Leftovers\n|upkeep\n|turn|29\n|\n|t:|1700616878\n|move|p1a: Espeon|Psychic|p2a: Chansey\n|-damage|p2a: Chansey|71\/100 par\n|move|p2a: Chansey|Dazzling Gleam|p1a: Espeon\n|-crit|p1a: Espeon\n|-damage|p1a: Espeon|57\/100\n|\n|-heal|p1a: Espeon|63\/100|[from] item: Leftovers\n|upkeep\n|turn|30\n|\n|t:|1700616892\n|move|p1a: Espeon|Psychic|p2a: Chansey\n|-damage|p2a: Chansey|59\/100 par\n|move|p2a: Chansey|Heal Bell|p2a: Chansey\n|-activate|p2a: Chansey|move: Heal Bell\n|-curestatus|p2a: Chansey|par|[msg]\n|\n|-heal|p1a: Espeon|69\/100|[from] item: Leftovers\n|upkeep\n|turn|31\n|\n|t:|1700616902\n|move|p1a: Espeon|Psychic|p2a: Chansey\n|-damage|p2a: Chansey|47\/100\n|move|p2a: Chansey|Soft-Boiled|p2a: Chansey\n|-heal|p2a: Chansey|97\/100\n|\n|-heal|p1a: Espeon|75\/100|[from] item: Leftovers\n|upkeep\n|turn|32\n|\n|t:|1700616911\n|move|p1a: Espeon|Psychic|p2a: Chansey\n|-damage|p2a: Chansey|84\/100\n|move|p2a: Chansey|Dazzling Gleam|p1a: Espeon\n|-damage|p1a: Espeon|64\/100\n|\n|-heal|p1a: Espeon|70\/100|[from] item: Leftovers\n|upkeep\n|turn|33\n|\n|t:|1700616920\n|move|p1a: Espeon|Psychic|p2a: Chansey\n|-damage|p2a: Chansey|72\/100\n|-unboost|p2a: Chansey|spd|1\n|move|p2a: Chansey|Dazzling Gleam|p1a: Espeon\n|-damage|p1a: Espeon|60\/100\n|\n|-heal|p1a: Espeon|65\/100|[from] item: Leftovers\n|upkeep\n|turn|34\n|\n|t:|1700616929\n|move|p1a: Espeon|Psychic|p2a: Chansey\n|-damage|p2a: Chansey|51\/100\n|-unboost|p2a: Chansey|spd|1\n|move|p2a: Chansey|Dazzling Gleam|p1a: Espeon\n|-damage|p1a: Espeon|54\/100\n|\n|-heal|p1a: Espeon|60\/100|[from] item: Leftovers\n|upkeep\n|turn|35\n|\n|t:|1700616938\n|move|p1a: Espeon|Psychic|p2a: Chansey\n|-damage|p2a: Chansey|24\/100\n|move|p2a: Chansey|Soft-Boiled|p2a: Chansey\n|-heal|p2a: Chansey|74\/100\n|\n|-heal|p1a: Espeon|66\/100|[from] item: Leftovers\n|upkeep\n|turn|36\n|\n|t:|1700616946\n|move|p1a: Espeon|Psychic|p2a: Chansey\n|-damage|p2a: Chansey|48\/100\n|move|p2a: Chansey|Soft-Boiled|p2a: Chansey\n|-heal|p2a: Chansey|98\/100\n|\n|-heal|p1a: Espeon|72\/100|[from] item: Leftovers\n|upkeep\n|turn|37\n|\n|t:|1700616958\n|move|p1a: Espeon|Psychic|p2a: Chansey\n|-damage|p2a: Chansey|71\/100\n|move|p2a: Chansey|Dazzling Gleam|p1a: Espeon\n|-damage|p1a: Espeon|61\/100\n|\n|-heal|p1a: Espeon|67\/100|[from] item: Leftovers\n|upkeep\n|turn|38\n|\n|t:|1700616970\n|move|p1a: Espeon|Psychic|p2a: Chansey\n|-damage|p2a: Chansey|46\/100\n|move|p2a: Chansey|Dazzling Gleam|p1a: Espeon\n|-damage|p1a: Espeon|56\/100\n|\n|-heal|p1a: Espeon|62\/100|[from] item: Leftovers\n|upkeep\n|turn|39\n|\n|t:|1700616982\n|move|p1a: Espeon|Dazzling Gleam|p2a: Chansey\n|-damage|p2a: Chansey|32\/100\n|move|p2a: Chansey|Soft-Boiled|p2a: Chansey\n|-heal|p2a: Chansey|82\/100\n|\n|-heal|p1a: Espeon|68\/100|[from] item: Leftovers\n|upkeep\n|turn|40\n|\n|t:|1700616991\n|move|p1a: Espeon|Dazzling Gleam|p2a: Chansey\n|-crit|p2a: Chansey\n|-damage|p2a: Chansey|58\/100\n|move|p2a: Chansey|Dazzling Gleam|p1a: Espeon\n|-crit|p1a: Espeon\n|-damage|p1a: Espeon|53\/100\n|\n|-heal|p1a: Espeon|58\/100|[from] item: Leftovers\n|upkeep\n|turn|41\n|\n|t:|1700617000\n|move|p1a: Espeon|Dazzling Gleam|p2a: Chansey\n|-damage|p2a: Chansey|42\/100\n|move|p2a: Chansey|Soft-Boiled|p2a: Chansey\n|-heal|p2a: Chansey|92\/100\n|\n|-heal|p1a: Espeon|64\/100|[from] item: Leftovers\n|upkeep\n|turn|42\n|\n|t:|1700617009\n|move|p1a: Espeon|Dazzling Gleam|p2a: Chansey\n|-damage|p2a: Chansey|77\/100\n|move|p2a: Chansey|Dazzling Gleam|p1a: Espeon\n|-damage|p1a: Espeon|53\/100\n|\n|-heal|p1a: Espeon|59\/100|[from] item: Leftovers\n|upkeep\n|turn|43\n|\n|t:|1700617021\n|move|p1a: Espeon|Dazzling Gleam|p2a: Chansey\n|-damage|p2a: Chansey|62\/100\n|move|p2a: Chansey|Dazzling Gleam|p1a: Espeon\n|-damage|p1a: Espeon|48\/100\n|\n|-heal|p1a: Espeon|54\/100|[from] item: Leftovers\n|upkeep\n|turn|44\n|\n|t:|1700617029\n|move|p1a: Espeon|Dazzling Gleam|p2a: Chansey\n|-damage|p2a: Chansey|46\/100\n|move|p2a: Chansey|Soft-Boiled|p2a: Chansey\n|-heal|p2a: Chansey|96\/100\n|\n|-heal|p1a: Espeon|60\/100|[from] item: Leftovers\n|upkeep\n|turn|45\n|\n|t:|1700617037\n|move|p1a: Espeon|Dazzling Gleam|p2a: Chansey\n|-damage|p2a: Chansey|82\/100\n|move|p2a: Chansey|Dazzling Gleam|p1a: Espeon\n|-damage|p1a: Espeon|48\/100\n|\n|-heal|p1a: Espeon|54\/100|[from] item: Leftovers\n|upkeep\n|turn|46\n|\n|t:|1700617046\n|move|p1a: Espeon|Dazzling Gleam|p2a: Chansey\n|-damage|p2a: Chansey|68\/100\n|move|p2a: Chansey|Dazzling Gleam|p1a: Espeon\n|-damage|p1a: Espeon|43\/100\n|\n|-heal|p1a: Espeon|48\/100|[from] item: Leftovers\n|upkeep\n|turn|47\n|\n|t:|1700617054\n|move|p1a: Espeon|Dazzling Gleam|p2a: Chansey\n|-damage|p2a: Chansey|53\/100\n|move|p2a: Chansey|Dazzling Gleam|p1a: Espeon\n|-damage|p1a: Espeon|38\/100\n|\n|-heal|p1a: Espeon|44\/100|[from] item: Leftovers\n|upkeep\n|turn|48\n|\n|t:|1700617066\n|move|p1a: Espeon|Dazzling Gleam|p2a: Chansey\n|-damage|p2a: Chansey|37\/100\n|move|p2a: Chansey|Soft-Boiled|p2a: Chansey\n|-heal|p2a: Chansey|87\/100\n|\n|-heal|p1a: Espeon|50\/100|[from] item: Leftovers\n|upkeep\n|turn|49\n|\n|t:|1700617074\n|move|p1a: Espeon|Dazzling Gleam|p2a: Chansey\n|-damage|p2a: Chansey|72\/100\n|move|p2a: Chansey|Dazzling Gleam|p1a: Espeon\n|-damage|p1a: Espeon|40\/100\n|\n|-heal|p1a: Espeon|46\/100|[from] item: Leftovers\n|upkeep\n|turn|50\n|\n|t:|1700617084\n|move|p1a: Espeon|Dazzling Gleam|p2a: Chansey\n|-damage|p2a: Chansey|56\/100\n|move|p2a: Chansey|Dazzling Gleam|p1a: Espeon\n|-damage|p1a: Espeon|35\/100\n|\n|-heal|p1a: Espeon|41\/100|[from] item: Leftovers\n|upkeep\n|turn|51\n|\n|t:|1700617092\n|move|p1a: Espeon|Dazzling Gleam|p2a: Chansey\n|-damage|p2a: Chansey|42\/100\n|move|p2a: Chansey|Dazzling Gleam|p1a: Espeon\n|-damage|p1a: Espeon|30\/100\n|\n|-heal|p1a: Espeon|36\/100|[from] item: Leftovers\n|upkeep\n|turn|52\n|\n|t:|1700617114\n|move|p1a: Espeon|Dazzling Gleam|p2a: Chansey\n|-damage|p2a: Chansey|26\/100\n|move|p2a: Chansey|Heal Bell||[still]\n|-activate|p2a: Chansey|move: Heal Bell\n|-fail|p2a: Chansey\n|\n|-heal|p1a: Espeon|41\/100|[from] item: Leftovers\n|upkeep\n|turn|53\n|\n|t:|1700617123\n|move|p1a: Espeon|Dazzling Gleam|p2a: Chansey\n|-damage|p2a: Chansey|12\/100\n|move|p2a: Chansey|Heal Bell||[still]\n|-activate|p2a: Chansey|move: Heal Bell\n|-fail|p2a: Chansey\n|\n|-heal|p1a: Espeon|47\/100|[from] item: Leftovers\n|upkeep\n|turn|54\n|\n|t:|1700617132\n|move|p1a: Espeon|Dazzling Gleam|p2a: Chansey\n|-damage|p2a: Chansey|0 fnt\n|faint|p2a: Chansey\n|\n|-heal|p1a: Espeon|53\/100|[from] item: Leftovers\n|upkeep\n|\n|t:|1700617141\n|switch|p2a: Gengar|Gengar, M, shiny|100\/100\n|turn|55\n|\n|t:|1700617144\n|move|p2a: Gengar|Will-O-Wisp|p1a: Espeon\n|move|p1a: Espeon|Will-O-Wisp|p2a: Gengar|[from]ability: Magic Bounce\n|-status|p2a: Gengar|brn\n|move|p1a: Espeon|Shadow Ball|p2a: Gengar\n|-supereffective|p2a: Gengar\n|-damage|p2a: Gengar|5\/100 brn\n|-unboost|p2a: Gengar|spd|1\n|-start|p1a: Espeon|Disable|Shadow Ball|[from] ability: Cursed Body|[of] p2a: Gengar\n|\n|-heal|p2a: Gengar|11\/100 brn|[from] item: Leftovers\n|-heal|p1a: Espeon|59\/100|[from] item: Leftovers\n|-damage|p2a: Gengar|5\/100 brn|[from] brn\n|upkeep\n|turn|56\n|\n|t:|1700617164\n|switch|p1a: Infernape|Infernape, F|33\/100 par\n|move|p2a: Gengar|Sludge Bomb|p1a: Infernape\n|-damage|p1a: Infernape|0 fnt\n|faint|p1a: Infernape\n|\n|-heal|p2a: Gengar|11\/100 brn|[from] item: Leftovers\n|-damage|p2a: Gengar|5\/100 brn|[from] brn\n|upkeep\n|\n|t:|1700617173\n|switch|p1a: Milotic|Milotic, M|93\/100 par\n|turn|57\n|\n|t:|1700617178\n|move|p2a: Gengar|Hex|p1a: Milotic\n|-damage|p1a: Milotic|55\/100 par\n|move|p1a: Milotic|Surf|p2a: Gengar\n|-damage|p2a: Gengar|0 fnt\n|faint|p2a: Gengar\n|\n|-heal|p1a: Milotic|61\/100 par|[from] item: Leftovers\n|upkeep\n|\n|t:|1700617190\n|switch|p2a: Dunsparce|Dunsparce, M|100\/100\n|turn|58\n|\n|t:|1700617200\n|move|p2a: Dunsparce|Coil|p2a: Dunsparce\n|-boost|p2a: Dunsparce|atk|1\n|-boost|p2a: Dunsparce|def|1\n|-boost|p2a: Dunsparce|accuracy|1\n|move|p1a: Milotic|Surf|p2a: Dunsparce\n|-damage|p2a: Dunsparce|76\/100\n|\n|-heal|p1a: Milotic|67\/100 par|[from] item: Leftovers\n|upkeep\n|turn|59\n|-message|BlackGoomba forfeited.\n|\n|win|teacherba'sfan\n|raw|teacherba&apos;sfan's rating: 1143 &rarr; <strong>1163<\/strong><br \/>(+20 for winning)\n|raw|BlackGoomba's rating: 1069 &rarr; <strong>1053<\/strong><br \/>(-16 for losing)\n|l|\u2606BlackGoomba\n","uploadtime":1700617228,"views":0,"p1id":"teacherbasfan","p2id":"blackgoomba","formatid":"gen9ou","rating":1053,"private":0,"password":""}