{"id":"gen9ou-1994810026","p1":"ChikenRun67","p2":"Scythe30","format":"[Gen 9] OU","log":"|j|\u2606ChikenRun67\n|j|\u2606Scythe30\n|t:|1700494895\n|gametype|singles\n|player|p1|ChikenRun67|170|1055\n|player|p2|Scythe30|102|1086\n|teamsize|p1|6\n|teamsize|p2|6\n|gen|9\n|tier|[Gen 9] OU\n|rated|\n|rule|Sleep Clause Mod: Limit one foe put to sleep\n|rule|Species Clause: Limit one of each Pok\u00e9mon\n|rule|OHKO Clause: OHKO moves are banned\n|rule|Evasion Items Clause: Evasion items are banned\n|rule|Evasion Moves Clause: Evasion moves are banned\n|rule|Endless Battle Clause: Forcing endless battles is banned\n|rule|HP Percentage Mod: HP is shown in percentages\n|clearpoke\n|poke|p1|Iron Hands|\n|poke|p1|Pincurchin, F|\n|poke|p1|Great Tusk|\n|poke|p1|Ninetales-Alola, M|\n|poke|p1|Slowking, M|\n|poke|p1|Conkeldurr, M|\n|poke|p2|Dragonite, F|\n|poke|p2|Manaphy|\n|poke|p2|Cinderace, M|\n|poke|p2|Kommo-o, M|\n|poke|p2|Hatterene, F|\n|poke|p2|Mamoswine, M|\n|teampreview\n|inactive|Battle timer is ON: inactive players will automatically lose when time's up. (requested by ChikenRun67)\n|\n|t:|1700494910\n|start\n|switch|p1a: Slowking|Slowking, M, shiny|100\/100\n|switch|p2a: Kommo-o|Kommo-o, M|100\/100\n|turn|1\n|\n|t:|1700494918\n|move|p2a: Kommo-o|Clangorous Soul|p2a: Kommo-o\n|-boost|p2a: Kommo-o|atk|1\n|-boost|p2a: Kommo-o|def|1\n|-boost|p2a: Kommo-o|spa|1\n|-boost|p2a: Kommo-o|spd|1\n|-boost|p2a: Kommo-o|spe|1\n|-damage|p2a: Kommo-o|68\/100\n|move|p1a: Slowking|Ice Beam|p2a: Kommo-o\n|-supereffective|p2a: Kommo-o\n|-damage|p2a: Kommo-o|35\/100\n|\n|upkeep\n|turn|2\n|\n|t:|1700494928\n|move|p2a: Kommo-o|Drain Punch|p1a: Slowking\n|-resisted|p1a: Slowking\n|-damage|p1a: Slowking|72\/100\n|-heal|p2a: Kommo-o|55\/100|[from] drain|[of] p1a: Slowking\n|move|p1a: Slowking|Scald|p2a: Kommo-o\n|-resisted|p2a: Kommo-o\n|-damage|p2a: Kommo-o|45\/100\n|\n|-heal|p1a: Slowking|78\/100|[from] item: Leftovers\n|upkeep\n|turn|3\n|\n|t:|1700494940\n|move|p2a: Kommo-o|Thunder Punch|p1a: Slowking\n|-supereffective|p1a: Slowking\n|-damage|p1a: Slowking|10\/100\n|-status|p1a: Slowking|par\n|move|p1a: Slowking|Scald|p2a: Kommo-o\n|-resisted|p2a: Kommo-o\n|-damage|p2a: Kommo-o|33\/100\n|-status|p2a: Kommo-o|brn\n|\n|-heal|p1a: Slowking|16\/100 par|[from] item: Leftovers\n|-damage|p2a: Kommo-o|27\/100 brn|[from] brn\n|upkeep\n|turn|4\n|\n|t:|1700494954\n|switch|p1a: Great Tusk|Great Tusk, shiny|100\/100\n|move|p2a: Kommo-o|Drain Punch|p1a: Great Tusk\n|-damage|p1a: Great Tusk|85\/100\n|-heal|p2a: Kommo-o|39\/100 brn|[from] drain|[of] p1a: Great Tusk\n|\n|-heal|p1a: Great Tusk|91\/100|[from] item: Leftovers\n|-damage|p2a: Kommo-o|33\/100 brn|[from] brn\n|upkeep\n|turn|5\n|\n|t:|1700494967\n|move|p2a: Kommo-o|Draco Meteor|p1a: Great Tusk\n|-damage|p1a: Great Tusk|0 fnt\n|-unboost|p2a: Kommo-o|spa|2\n|faint|p1a: Great Tusk\n|-end|p1a: Great Tusk|Protosynthesis|[silent]\n|\n|-damage|p2a: Kommo-o|27\/100 brn|[from] brn\n|upkeep\n|\n|t:|1700494976\n|switch|p1a: Ninetales|Ninetales-Alola, M, shiny|100\/100\n|-weather|Snow|[from] ability: Snow Warning|[of] p1a: Ninetales\n|turn|6\n|\n|t:|1700494980\n|move|p1a: Ninetales|Aurora Veil|p1a: Ninetales\n|-sidestart|p1: ChikenRun67|move: Aurora Veil\n|move|p2a: Kommo-o|Drain Punch|p1a: Ninetales\n|-damage|p1a: Ninetales|89\/100\n|-heal|p2a: Kommo-o|32\/100 brn|[from] drain|[of] p1a: Ninetales\n|\n|-weather|Snow|[upkeep]\n|-damage|p2a: Kommo-o|26\/100 brn|[from] brn\n|upkeep\n|turn|7\n|\n|t:|1700494993\n|switch|p1a: Pincurchin|Pincurchin, F, shiny|100\/100\n|-fieldstart|move: Electric Terrain|[from] ability: Electric Surge|[of] p1a: Pincurchin\n|move|p2a: Kommo-o|Drain Punch|p1a: Pincurchin\n|-damage|p1a: Pincurchin|85\/100\n|-heal|p2a: Kommo-o|34\/100 brn|[from] drain|[of] p1a: Pincurchin\n|\n|-weather|Snow|[upkeep]\n|-damage|p2a: Kommo-o|28\/100 brn|[from] brn\n|upkeep\n|turn|8\n|\n|t:|1700495008\n|move|p2a: Kommo-o|Drain Punch|p1a: Pincurchin\n|-damage|p1a: Pincurchin|71\/100\n|-heal|p2a: Kommo-o|35\/100 brn|[from] drain|[of] p1a: Pincurchin\n|move|p1a: Pincurchin|Memento|p2a: Kommo-o\n|-unboost|p2a: Kommo-o|atk|2\n|-unboost|p2a: Kommo-o|spa|2\n|faint|p1a: Pincurchin\n|\n|-weather|Snow|[upkeep]\n|-damage|p2a: Kommo-o|29\/100 brn|[from] brn\n|upkeep\n|\n|t:|1700495019\n|switch|p1a: Big Tub Tub|Iron Hands, shiny|100\/100\n|-activate|p1a: Big Tub Tub|ability: Quark Drive\n|-start|p1a: Big Tub Tub|quarkdriveatk\n|turn|9\n|\n|t:|1700495025\n|move|p2a: Kommo-o|Drain Punch|p1a: Big Tub Tub\n|-damage|p1a: Big Tub Tub|97\/100\n|-heal|p2a: Kommo-o|33\/100 brn|[from] drain|[of] p1a: Big Tub Tub\n|move|p1a: Big Tub Tub|Swords Dance|p1a: Big Tub Tub\n|-boost|p1a: Big Tub Tub|atk|2\n|\n|-weather|Snow|[upkeep]\n|-damage|p2a: Kommo-o|27\/100 brn|[from] brn\n|upkeep\n|turn|10\n|\n|t:|1700495036\n|move|p2a: Kommo-o|Drain Punch|p1a: Big Tub Tub\n|-damage|p1a: Big Tub Tub|93\/100\n|-heal|p2a: Kommo-o|30\/100 brn|[from] drain|[of] p1a: Big Tub Tub\n|move|p1a: Big Tub Tub|Drain Punch|p2a: Kommo-o\n|-damage|p2a: Kommo-o|0 fnt\n|-heal|p1a: Big Tub Tub|100\/100|[from] drain|[of] p2a: Kommo-o\n|-damage|p1a: Big Tub Tub|84\/100|[from] item: Rocky Helmet|[of] p2a: Kommo-o\n|faint|p2a: Kommo-o\n|\n|-weather|none\n|upkeep\n|\n|t:|1700495057\n|switch|p2a: Mamoswine|Mamoswine, M|100\/100\n|turn|11\n|\n|t:|1700495062\n|move|p2a: Mamoswine|Curse|p2a: Mamoswine\n|-unboost|p2a: Mamoswine|spe|1\n|-boost|p2a: Mamoswine|atk|1\n|-boost|p2a: Mamoswine|def|1\n|move|p1a: Big Tub Tub|Drain Punch|p2a: Mamoswine\n|-supereffective|p2a: Mamoswine\n|-damage|p2a: Mamoswine|0 fnt\n|-heal|p1a: Big Tub Tub|100\/100|[from] drain|[of] p2a: Mamoswine\n|faint|p2a: Mamoswine\n|\n|upkeep\n|\n|t:|1700495071\n|switch|p2a: Cinderace|Cinderace, M|100\/100\n|turn|12\n|\n|t:|1700495075\n|move|p2a: Cinderace|Pyro Ball|p1a: Big Tub Tub|[miss]\n|-miss|p2a: Cinderace|p1a: Big Tub Tub\n|move|p1a: Big Tub Tub|Drain Punch|p2a: Cinderace\n|-damage|p2a: Cinderace|0 fnt\n|faint|p2a: Cinderace\n|\n|upkeep\n|\n|t:|1700495082\n|switch|p2a: Hatterene|Hatterene, F|100\/100\n|turn|13\n|\n|t:|1700495092\n|-terastallize|p1a: Big Tub Tub|Steel\n|move|p1a: Big Tub Tub|Thunder Punch|p2a: Hatterene\n|-damage|p2a: Hatterene|0 fnt\n|faint|p2a: Hatterene\n|\n|-sideend|p1: ChikenRun67|move: Aurora Veil\n|upkeep\n|\n|t:|1700495096\n|switch|p2a: Dragonite|Dragonite, F|100\/100\n|turn|14\n|\n|t:|1700495102\n|move|p2a: Dragonite|Dragon Dance|p2a: Dragonite\n|-boost|p2a: Dragonite|atk|1\n|-boost|p2a: Dragonite|spe|1\n|move|p1a: Big Tub Tub|Ice Punch|p2a: Dragonite\n|-supereffective|p2a: Dragonite\n|-crit|p2a: Dragonite\n|-damage|p2a: Dragonite|0 fnt\n|faint|p2a: Dragonite\n|\n|-fieldend|move: Electric Terrain\n|-end|p1a: Big Tub Tub|Quark Drive\n|upkeep\n|\n|t:|1700495107\n|switch|p2a: Manaphy|Manaphy|100\/100\n|turn|15\n|\n|t:|1700495114\n|move|p2a: Manaphy|Tail Glow|p2a: Manaphy\n|-boost|p2a: Manaphy|spa|3\n|move|p1a: Big Tub Tub|Thunder Punch|p2a: Manaphy\n|-supereffective|p2a: Manaphy\n|-damage|p2a: Manaphy|0 fnt\n|faint|p2a: Manaphy\n|\n|win|ChikenRun67\n|raw|ChikenRun67's rating: 1055 &rarr; <strong>1090<\/strong><br \/>(+35 for winning)\n|raw|Scythe30's rating: 1086 &rarr; <strong>1061<\/strong><br \/>(-25 for losing)\n|l|\u2606Scythe30\n","uploadtime":1700495147,"views":4,"p1id":"chikenrun67","p2id":"scythe30","formatid":"gen9ou","rating":1061,"private":0,"password":""}