{"id":"gen9ou-1988425728","p1":"Ottawa Senatauros","p2":"EclipseOk","format":"[Gen 9] OU","log":"|j|\u2606Ottawa Senatauros\n|j|\u2606EclipseOk\n|t:|1699721613\n|gametype|singles\n|player|p1|Ottawa Senatauros|ghetsis-gen5bw|1382\n|player|p2|EclipseOk|n|1300\n|teamsize|p1|6\n|teamsize|p2|6\n|gen|9\n|tier|[Gen 9] OU\n|rated|\n|rule|Sleep Clause Mod: Limit one foe put to sleep\n|rule|Species Clause: Limit one of each Pok\u00e9mon\n|rule|OHKO Clause: OHKO moves are banned\n|rule|Evasion Items Clause: Evasion items are banned\n|rule|Evasion Moves Clause: Evasion moves are banned\n|rule|Endless Battle Clause: Forcing endless battles is banned\n|rule|HP Percentage Mod: HP is shown in percentages\n|clearpoke\n|poke|p1|Cinderace, F|\n|poke|p1|Kingambit, M|\n|poke|p1|Great Tusk|\n|poke|p1|Torkoal, F|\n|poke|p1|Walking Wake|\n|poke|p1|Gliscor, F|\n|poke|p2|Corviknight, F|\n|poke|p2|Goodra, F|\n|poke|p2|Pelipper, M|\n|poke|p2|Floatzel, F|\n|poke|p2|Iron Treads|\n|poke|p2|Cinderace, M|\n|teampreview\n|inactive|Battle timer is ON: inactive players will automatically lose when time's up. (requested by Ottawa Senatauros)\n|\n|t:|1699721629\n|start\n|switch|p1a: Walking Wake|Walking Wake|100\/100\n|switch|p2a: Cinderace|Cinderace, M|100\/100\n|turn|1\n|\n|t:|1699721633\n|move|p2a: Cinderace|U-turn|p1a: Walking Wake\n|-start|p2a: Cinderace|typechange|Bug|[from] ability: Libero\n|-damage|p1a: Walking Wake|67\/100\n|\n|t:|1699721648\n|switch|p2a: Corviknight|Corviknight, F|100\/100|[from] U-turn\n|-ability|p2a: Corviknight|Pressure\n|move|p1a: Walking Wake|Hydro Steam|p2a: Corviknight\n|-damage|p2a: Corviknight|47\/100\n|\n|upkeep\n|turn|2\n|\n|t:|1699721655\n|switch|p2a: Goodra|Goodra, F|100\/100\n|move|p1a: Walking Wake|Hydro Steam|p2a: Goodra\n|-resisted|p2a: Goodra\n|-damage|p2a: Goodra|84\/100\n|\n|-heal|p2a: Goodra|90\/100|[from] item: Leftovers\n|upkeep\n|turn|3\n|\n|t:|1699721661\n|-end|p1a: Walking Wake|Protosynthesis|[silent]\n|switch|p1a: Kingambit|Kingambit, M|100\/100\n|move|p2a: Goodra|Dragon Tail|p1a: Kingambit\n|-resisted|p1a: Kingambit\n|-damage|p1a: Kingambit|93\/100\n|-end|p1a: Kingambit|fallenundefined|[silent]\n|drag|p1a: Torkoal|Torkoal, F|100\/100\n|-weather|SunnyDay|[from] ability: Drought|[of] p1a: Torkoal\n|\n|-weather|SunnyDay|[upkeep]\n|-heal|p2a: Goodra|97\/100|[from] item: Leftovers\n|upkeep\n|turn|4\n|\n|t:|1699721665\n|move|p2a: Goodra|Toxic|p1a: Torkoal\n|-status|p1a: Torkoal|tox\n|move|p1a: Torkoal|Stealth Rock|p2a: Goodra\n|-sidestart|p2: EclipseOk|move: Stealth Rock\n|\n|-weather|SunnyDay|[upkeep]\n|-heal|p2a: Goodra|100\/100|[from] item: Leftovers\n|-damage|p1a: Torkoal|94\/100 tox|[from] psn\n|upkeep\n|turn|5\n|\n|t:|1699721676\n|switch|p2a: Cinderace|Cinderace, M|100\/100\n|move|p1a: Torkoal|Will-O-Wisp|p2a: Cinderace\n|-immune|p2a: Cinderace\n|\n|-weather|SunnyDay|[upkeep]\n|-damage|p1a: Torkoal|82\/100 tox|[from] psn\n|upkeep\n|turn|6\n|\n|t:|1699721680\n|move|p2a: Cinderace|Court Change|p2a: Cinderace\n|-start|p2a: Cinderace|typechange|Normal|[from] ability: Libero\n|-swapsideconditions\n|-activate|p2a: Cinderace|move: Court Change\n|move|p1a: Torkoal|Stealth Rock|p2a: Cinderace\n|-sidestart|p2: EclipseOk|move: Stealth Rock\n|\n|-weather|SunnyDay|[upkeep]\n|-damage|p1a: Torkoal|64\/100 tox|[from] psn\n|upkeep\n|turn|7\n|\n|t:|1699721686\n|move|p2a: Cinderace|Pyro Ball|p1a: Torkoal\n|-resisted|p1a: Torkoal\n|-damage|p1a: Torkoal|40\/100 tox\n|move|p1a: Torkoal|Will-O-Wisp|p2a: Cinderace\n|-status|p2a: Cinderace|brn\n|\n|-weather|SunnyDay|[upkeep]\n|-damage|p1a: Torkoal|16\/100 tox|[from] psn\n|-damage|p2a: Cinderace|95\/100 brn|[from] brn\n|upkeep\n|turn|8\n|\n|t:|1699721694\n|move|p2a: Cinderace|U-turn|p1a: Torkoal\n|-resisted|p1a: Torkoal\n|-damage|p1a: Torkoal|12\/100 tox\n|\n|t:|1699721697\n|switch|p2a: Pelipper|Pelipper, M|100\/100|[from] U-turn\n|-weather|RainDance|[from] ability: Drizzle|[of] p2a: Pelipper\n|move|p1a: Torkoal|Rapid Spin|p2a: Pelipper\n|-damage|p2a: Pelipper|93\/100\n|-boost|p1a: Torkoal|spe|1\n|-sideend|p1: Ottawa Senatauros|Stealth Rock|[from] move: Rapid Spin|[of] p1a: Torkoal\n|\n|-weather|RainDance|[upkeep]\n|-damage|p1a: Torkoal|0 fnt|[from] psn\n|faint|p1a: Torkoal\n|upkeep\n|\n|t:|1699721705\n|switch|p1a: Walking Wake|Walking Wake|67\/100\n|turn|9\n|\n|t:|1699721709\n|move|p1a: Walking Wake|Dragon Pulse|p2a: Pelipper\n|-damage|p2a: Pelipper|8\/100\n|move|p2a: Pelipper|Hurricane|p1a: Walking Wake\n|-damage|p1a: Walking Wake|24\/100\n|\n|-weather|RainDance|[upkeep]\n|upkeep\n|turn|10\n|\n|t:|1699721726\n|-end|p1a: Walking Wake|Protosynthesis|[silent]\n|switch|p1a: Cinderace|Cinderace, F|100\/100\n|switch|p2a: Iron Treads|Iron Treads|100\/100\n|-damage|p2a: Iron Treads|97\/100|[from] Stealth Rock\n|\n|-weather|RainDance|[upkeep]\n|-heal|p2a: Iron Treads|100\/100|[from] item: Leftovers\n|upkeep\n|turn|11\n|\n|t:|1699721739\n|move|p1a: Cinderace|U-turn|p2a: Iron Treads\n|-start|p1a: Cinderace|typechange|Bug|[from] ability: Libero\n|-resisted|p2a: Iron Treads\n|-damage|p2a: Iron Treads|88\/100\n|\n|t:|1699721742\n|switch|p1a: Great Tusk|Great Tusk|100\/100|[from] U-turn\n|move|p2a: Iron Treads|Knock Off|p1a: Great Tusk\n|-resisted|p1a: Great Tusk\n|-damage|p1a: Great Tusk|95\/100\n|-enditem|p1a: Great Tusk|Leftovers|[from] move: Knock Off|[of] p2a: Iron Treads\n|\n|-weather|RainDance|[upkeep]\n|-heal|p2a: Iron Treads|94\/100|[from] item: Leftovers\n|upkeep\n|turn|12\n|\n|t:|1699721748\n|move|p2a: Iron Treads|Rapid Spin|p1a: Great Tusk\n|-damage|p1a: Great Tusk|88\/100\n|-boost|p2a: Iron Treads|spe|1\n|-sideend|p2: EclipseOk|Stealth Rock|[from] move: Rapid Spin|[of] p2a: Iron Treads\n|move|p1a: Great Tusk|Knock Off|p2a: Iron Treads\n|-damage|p2a: Iron Treads|73\/100\n|-enditem|p2a: Iron Treads|Leftovers|[from] move: Knock Off|[of] p1a: Great Tusk\n|\n|-weather|none\n|upkeep\n|turn|13\n|\n|t:|1699721757\n|-end|p2a: Iron Treads|Quark Drive|[silent]\n|switch|p2a: Pelipper|Pelipper, M|8\/100\n|-weather|RainDance|[from] ability: Drizzle|[of] p2a: Pelipper\n|move|p1a: Great Tusk|Earthquake|p2a: Pelipper\n|-immune|p2a: Pelipper\n|\n|-weather|RainDance|[upkeep]\n|upkeep\n|turn|14\n|\n|t:|1699721762\n|move|p1a: Great Tusk|Knock Off|p2a: Pelipper\n|-damage|p2a: Pelipper|0 fnt\n|-enditem|p2a: Pelipper|Heavy-Duty Boots|[from] move: Knock Off|[of] p1a: Great Tusk\n|faint|p2a: Pelipper\n|\n|-weather|RainDance|[upkeep]\n|upkeep\n|\n|t:|1699721766\n|switch|p2a: Floatzel|Floatzel, F|100\/100\n|turn|15\n|\n|t:|1699721776\n|move|p2a: Floatzel|Wave Crash|p1a: Great Tusk\n|-supereffective|p1a: Great Tusk\n|-damage|p1a: Great Tusk|0 fnt\n|faint|p1a: Great Tusk\n|-end|p1a: Great Tusk|Protosynthesis|[silent]\n|-damage|p2a: Floatzel|60\/100|[from] Recoil\n|\n|-weather|RainDance|[upkeep]\n|upkeep\n|\n|t:|1699721780\n|switch|p1a: Cinderace|Cinderace, F|100\/100\n|turn|16\n|\n|t:|1699721784\n|move|p1a: Cinderace|Sucker Punch|p2a: Floatzel\n|-start|p1a: Cinderace|typechange|Dark|[from] ability: Libero\n|-damage|p2a: Floatzel|3\/100\n|move|p2a: Floatzel|Wave Crash|p1a: Cinderace\n|-damage|p1a: Cinderace|0 fnt\n|faint|p1a: Cinderace\n|-damage|p2a: Floatzel|0 fnt|[from] Recoil\n|faint|p2a: Floatzel\n|\n|-weather|RainDance|[upkeep]\n|upkeep\n|\n|t:|1699721791\n|switch|p1a: Walking Wake|Walking Wake|24\/100\n|switch|p2a: Goodra|Goodra, F|100\/100\n|turn|17\n|\n|t:|1699721797\n|-terastallize|p2a: Goodra|Steel\n|move|p1a: Walking Wake|Draco Meteor|p2a: Goodra\n|-resisted|p2a: Goodra\n|-damage|p2a: Goodra|71\/100\n|-unboost|p1a: Walking Wake|spa|2\n|move|p2a: Goodra|Dragon Tail|p1a: Walking Wake\n|-supereffective|p1a: Walking Wake\n|-damage|p1a: Walking Wake|0 fnt\n|faint|p1a: Walking Wake\n|-end|p1a: Walking Wake|Protosynthesis|[silent]\n|\n|-weather|none\n|-heal|p2a: Goodra|78\/100|[from] item: Leftovers\n|upkeep\n|\n|t:|1699721809\n|switch|p1a: Gliscor|Gliscor, F|100\/100\n|turn|18\n|\n|t:|1699721812\n|move|p1a: Gliscor|Earthquake|p2a: Goodra\n|-supereffective|p2a: Goodra\n|-damage|p2a: Goodra|15\/100\n|move|p2a: Goodra|Scald|p1a: Gliscor\n|-supereffective|p1a: Gliscor\n|-damage|p1a: Gliscor|69\/100\n|\n|-heal|p2a: Goodra|21\/100|[from] item: Leftovers\n|-status|p1a: Gliscor|tox|[from] item: Toxic Orb\n|upkeep\n|turn|19\n|c|\u2606Ottawa Senatauros|bro this thing is so anti meta\n|\n|t:|1699721833\n|move|p1a: Gliscor|Knock Off|p2a: Goodra\n|-damage|p2a: Goodra|0 fnt\n|-enditem|p2a: Goodra|Leftovers|[from] move: Knock Off|[of] p1a: Gliscor\n|faint|p2a: Goodra\n|\n|-heal|p1a: Gliscor|81\/100 tox|[from] ability: Poison Heal\n|upkeep\n|\n|t:|1699721836\n|switch|p2a: Corviknight|Corviknight, F|47\/100\n|-ability|p2a: Corviknight|Pressure\n|turn|20\n|\n|t:|1699721841\n|switch|p1a: Kingambit|Kingambit, M|93\/100\n|-activate|p1a: Kingambit|ability: Supreme Overlord\n|-start|p1a: Kingambit|fallen4|[silent]\n|move|p2a: Corviknight|Roost|p2a: Corviknight\n|-heal|p2a: Corviknight|97\/100\n|-singleturn|p2a: Corviknight|move: Roost\n|\n|-heal|p1a: Kingambit|99\/100|[from] item: Leftovers\n|upkeep\n|turn|21\n|\n|t:|1699721847\n|switch|p2a: Iron Treads|Iron Treads|73\/100\n|-terastallize|p1a: Kingambit|Fire\n|move|p1a: Kingambit|Swords Dance|p1a: Kingambit\n|-boost|p1a: Kingambit|atk|2\n|\n|-heal|p1a: Kingambit|100\/100|[from] item: Leftovers\n|upkeep\n|turn|22\n|\n|t:|1699721856\n|move|p1a: Kingambit|Sucker Punch|p2a: Iron Treads\n|-damage|p2a: Iron Treads|0 fnt\n|faint|p2a: Iron Treads\n|-end|p2a: Iron Treads|Quark Drive|[silent]\n|\n|upkeep\n|\n|t:|1699721863\n|switch|p2a: Corviknight|Corviknight, F|97\/100\n|-ability|p2a: Corviknight|Pressure\n|turn|23\n|\n|t:|1699721869\n|move|p2a: Corviknight|Bulk Up|p2a: Corviknight\n|-boost|p2a: Corviknight|atk|1\n|-boost|p2a: Corviknight|def|1\n|move|p1a: Kingambit|Kowtow Cleave|p2a: Corviknight\n|-damage|p2a: Corviknight|19\/100\n|\n|upkeep\n|turn|24\n|\n|t:|1699721876\n|move|p1a: Kingambit|Sucker Punch||[still]\n|-fail|p1a: Kingambit\n|move|p2a: Corviknight|Roost|p2a: Corviknight\n|-heal|p2a: Corviknight|69\/100\n|-singleturn|p2a: Corviknight|move: Roost\n|\n|upkeep\n|turn|25\n|\n|t:|1699721889\n|move|p2a: Corviknight|Power Trip|p1a: Kingambit\n|-damage|p1a: Kingambit|84\/100\n|move|p1a: Kingambit|Kowtow Cleave|p2a: Corviknight\n|-damage|p2a: Corviknight|0 fnt\n|faint|p2a: Corviknight\n|\n|-heal|p1a: Kingambit|91\/100|[from] item: Leftovers\n|upkeep\n|\n|t:|1699721893\n|switch|p2a: Cinderace|Cinderace, M|95\/100 brn\n|turn|26\n|\n|t:|1699721897\n|move|p2a: Cinderace|Sucker Punch|p1a: Kingambit\n|-start|p2a: Cinderace|typechange|Dark|[from] ability: Libero\n|-damage|p1a: Kingambit|79\/100\n|move|p1a: Kingambit|Iron Head|p2a: Cinderace\n|-damage|p2a: Cinderace|0 fnt\n|faint|p2a: Cinderace\n|\n|win|Ottawa Senatauros\n|raw|Ottawa Senatauros's rating: 1382 &rarr; <strong>1397<\/strong><br \/>(+15 for winning)\n|raw|EclipseOk's rating: 1300 &rarr; <strong>1281<\/strong><br \/>(-19 for losing)\n|c|\u2606EclipseOk|gg\n|l|\u2606EclipseOk\n","uploadtime":1699721907,"views":23,"p1id":"ottawasenatauros","p2id":"eclipseok","formatid":"gen9ou","rating":1281,"private":0,"password":""}