{"id":"gen9ou-1992611084","p1":"Year1990","p2":"Vlarcheops","format":"[Gen 9] OU","log":"|j|\u2606Year1990\n|j|\u2606Vlarcheops\n|t:|1700214429\n|gametype|singles\n|player|p1|Year1990|2|1699\n|player|p2|Vlarcheops|hilbert-wonderlauncher|1793\n|teamsize|p1|6\n|teamsize|p2|6\n|gen|9\n|tier|[Gen 9] OU\n|rated|\n|rule|Sleep Clause Mod: Limit one foe put to sleep\n|rule|Species Clause: Limit one of each Pok\u00e9mon\n|rule|OHKO Clause: OHKO moves are banned\n|rule|Evasion Items Clause: Evasion items are banned\n|rule|Evasion Moves Clause: Evasion moves are banned\n|rule|Endless Battle Clause: Forcing endless battles is banned\n|rule|HP Percentage Mod: HP is shown in percentages\n|clearpoke\n|poke|p1|Dragonite, M|\n|poke|p1|Ting-Lu|\n|poke|p1|Alomomola, F|\n|poke|p1|Iron Valiant|\n|poke|p1|Gholdengo|\n|poke|p1|Glimmora, F|\n|poke|p2|Cinderace, F|\n|poke|p2|Zamazenta-*|\n|poke|p2|Ursaluna, M|\n|poke|p2|Manaphy|\n|poke|p2|Zapdos|\n|poke|p2|Kingambit, M|\n|teampreview\n|inactive|Battle timer is ON: inactive players will automatically lose when time's up. (requested by Vlarcheops)\n|\n|t:|1700214436\n|start\n|switch|p1a: Glimmora|Glimmora, F|100\/100\n|switch|p2a: \u30b5\u30f3\u30c0\u30fc|Zapdos, shiny|100\/100\n|turn|1\n|\n|t:|1700214439\n|move|p2a: \u30b5\u30f3\u30c0\u30fc|Thunderbolt|p1a: Glimmora\n|-damage|p1a: Glimmora|33\/100\n|move|p1a: Glimmora|Power Gem|p2a: \u30b5\u30f3\u30c0\u30fc\n|-supereffective|p2a: \u30b5\u30f3\u30c0\u30fc\n|-damage|p2a: \u30b5\u30f3\u30c0\u30fc|7\/100\n|\n|upkeep\n|turn|2\n|\n|t:|1700214446\n|switch|p1a: Ting-Lu|Ting-Lu|100\/100\n|-ability|p1a: Ting-Lu|Vessel of Ruin\n|move|p2a: \u30b5\u30f3\u30c0\u30fc|Thunderbolt|p1a: Ting-Lu\n|-immune|p1a: Ting-Lu\n|\n|upkeep\n|turn|3\n|\n|t:|1700214452\n|move|p2a: \u30b5\u30f3\u30c0\u30fc|U-turn|p1a: Ting-Lu\n|-supereffective|p1a: Ting-Lu\n|-damage|p1a: Ting-Lu|89\/100\n|-enditem|p1a: Ting-Lu|Red Card|[of] p2a: \u30b5\u30f3\u30c0\u30fc\n|drag|p2a: \u30de\u30ca\u30d5\u30a3|Manaphy, shiny|100\/100\n|move|p1a: Ting-Lu|Stealth Rock|p2a: \u30de\u30ca\u30d5\u30a3\n|-sidestart|p2: Vlarcheops|move: Stealth Rock\n|\n|upkeep\n|turn|4\n|\n|t:|1700214458\n|switch|p2a: \u30ac\u30c1\u30b0\u30de|Ursaluna, M, shiny|100\/100\n|-damage|p2a: \u30ac\u30c1\u30b0\u30de|94\/100|[from] Stealth Rock\n|move|p1a: Ting-Lu|Spikes|p2a: \u30ac\u30c1\u30b0\u30de\n|-sidestart|p2: Vlarcheops|Spikes\n|\n|-status|p2a: \u30ac\u30c1\u30b0\u30de|brn|[from] item: Flame Orb\n|upkeep\n|turn|5\n|\n|t:|1700214468\n|switch|p1a: Glimmora|Glimmora, F|33\/100\n|move|p2a: \u30ac\u30c1\u30b0\u30de|Facade|p1a: Glimmora\n|-resisted|p1a: Glimmora\n|-damage|p1a: Glimmora|0 fnt\n|-activate|p1a: Glimmora|ability: Toxic Debris\n|-sidestart|p2: Vlarcheops|move: Toxic Spikes\n|faint|p1a: Glimmora\n|\n|-damage|p2a: \u30ac\u30c1\u30b0\u30de|88\/100 brn|[from] brn\n|upkeep\n|\n|t:|1700214482\n|switch|p1a: Gholdengo|Gholdengo|100\/100\n|-item|p1a: Gholdengo|Air Balloon\n|turn|6\n|\n|t:|1700214486\n|move|p1a: Gholdengo|Make It Rain|p2a: \u30ac\u30c1\u30b0\u30de\n|-damage|p2a: \u30ac\u30c1\u30b0\u30de|35\/100 brn\n|-unboost|p1a: Gholdengo|spa|1\n|move|p2a: \u30ac\u30c1\u30b0\u30de|Fire Punch|p1a: Gholdengo\n|-supereffective|p1a: Gholdengo\n|-damage|p1a: Gholdengo|3\/100\n|-enditem|p1a: Gholdengo|Air Balloon\n|\n|-damage|p2a: \u30ac\u30c1\u30b0\u30de|29\/100 brn|[from] brn\n|upkeep\n|turn|7\n|\n|t:|1700214503\n|switch|p2a: \u30b5\u30f3\u30c0\u30fc|Zapdos, shiny|7\/100\n|move|p1a: Gholdengo|Make It Rain|p2a: \u30b5\u30f3\u30c0\u30fc\n|-resisted|p2a: \u30b5\u30f3\u30c0\u30fc\n|-crit|p2a: \u30b5\u30f3\u30c0\u30fc\n|-damage|p2a: \u30b5\u30f3\u30c0\u30fc|0 fnt\n|-unboost|p1a: Gholdengo|spa|1\n|faint|p2a: \u30b5\u30f3\u30c0\u30fc\n|\n|upkeep\n|\n|t:|1700214511\n|switch|p2a: \u30c9\u30c9\u30b2\u30b6\u30f3|Kingambit, M, shiny|100\/100\n|-damage|p2a: \u30c9\u30c9\u30b2\u30b6\u30f3|94\/100|[from] Stealth Rock\n|-damage|p2a: \u30c9\u30c9\u30b2\u30b6\u30f3|82\/100|[from] Spikes\n|-activate|p2a: \u30c9\u30c9\u30b2\u30b6\u30f3|ability: Supreme Overlord\n|-start|p2a: \u30c9\u30c9\u30b2\u30b6\u30f3|fallen1|[silent]\n|turn|8\n|\n|t:|1700214516\n|switch|p1a: Alomomola|Alomomola, F|100\/100\n|move|p2a: \u30c9\u30c9\u30b2\u30b6\u30f3|Iron Head|p1a: Alomomola\n|-resisted|p1a: Alomomola\n|-damage|p1a: Alomomola|87\/100\n|\n|upkeep\n|turn|9\n|\n|t:|1700214521\n|move|p2a: \u30c9\u30c9\u30b2\u30b6\u30f3|Swords Dance|p2a: \u30c9\u30c9\u30b2\u30b6\u30f3\n|-boost|p2a: \u30c9\u30c9\u30b2\u30b6\u30f3|atk|2\n|move|p1a: Alomomola|Flip Turn|p2a: \u30c9\u30c9\u30b2\u30b6\u30f3\n|-damage|p2a: \u30c9\u30c9\u30b2\u30b6\u30f3|68\/100\n|\n|t:|1700214526\n|switch|p1a: Iron Valiant|Iron Valiant|100\/100|[from] Flip Turn\n|-enditem|p1a: Iron Valiant|Booster Energy\n|-activate|p1a: Iron Valiant|ability: Quark Drive|[fromitem]\n|-start|p1a: Iron Valiant|quarkdrivespe\n|\n|upkeep\n|turn|10\n|\n|t:|1700214536\n|move|p1a: Iron Valiant|Close Combat|p2a: \u30c9\u30c9\u30b2\u30b6\u30f3\n|-supereffective|p2a: \u30c9\u30c9\u30b2\u30b6\u30f3\n|-damage|p2a: \u30c9\u30c9\u30b2\u30b6\u30f3|0 fnt\n|-unboost|p1a: Iron Valiant|def|1\n|-unboost|p1a: Iron Valiant|spd|1\n|faint|p2a: \u30c9\u30c9\u30b2\u30b6\u30f3\n|-end|p2a: \u30c9\u30c9\u30b2\u30b6\u30f3|fallen1|[silent]\n|\n|upkeep\n|\n|t:|1700214545\n|switch|p2a: \u30ac\u30c1\u30b0\u30de|Ursaluna, M, shiny|29\/100 brn\n|-damage|p2a: \u30ac\u30c1\u30b0\u30de|23\/100 brn|[from] Stealth Rock\n|-damage|p2a: \u30ac\u30c1\u30b0\u30de|11\/100 brn|[from] Spikes\n|turn|11\n|\n|t:|1700214550\n|move|p1a: Iron Valiant|Moonblast|p2a: \u30ac\u30c1\u30b0\u30de\n|-crit|p2a: \u30ac\u30c1\u30b0\u30de\n|-damage|p2a: \u30ac\u30c1\u30b0\u30de|0 fnt\n|faint|p2a: \u30ac\u30c1\u30b0\u30de\n|\n|upkeep\n|\n|t:|1700214552\n|switch|p2a: \u30de\u30ca\u30d5\u30a3|Manaphy, shiny|100\/100\n|-damage|p2a: \u30de\u30ca\u30d5\u30a3|88\/100|[from] Stealth Rock\n|-damage|p2a: \u30de\u30ca\u30d5\u30a3|76\/100|[from] Spikes\n|-status|p2a: \u30de\u30ca\u30d5\u30a3|psn\n|turn|12\n|\n|t:|1700214557\n|move|p1a: Iron Valiant|Thunderbolt|p2a: \u30de\u30ca\u30d5\u30a3\n|-supereffective|p2a: \u30de\u30ca\u30d5\u30a3\n|-damage|p2a: \u30de\u30ca\u30d5\u30a3|15\/100 psn\n|move|p2a: \u30de\u30ca\u30d5\u30a3|Hydro Pump|p1a: Iron Valiant\n|-damage|p1a: Iron Valiant|0 fnt\n|faint|p1a: Iron Valiant\n|-end|p1a: Iron Valiant|Quark Drive|[silent]\n|\n|-heal|p2a: \u30de\u30ca\u30d5\u30a3|22\/100 psn|[from] item: Leftovers\n|-damage|p2a: \u30de\u30ca\u30d5\u30a3|9\/100 psn|[from] psn\n|upkeep\n|\n|t:|1700214566\n|switch|p1a: Dragonite|Dragonite, M|100\/100\n|turn|13\n|\n|t:|1700214570\n|move|p2a: \u30de\u30ca\u30d5\u30a3|Ice Beam|p1a: Dragonite\n|-supereffective|p1a: Dragonite\n|-damage|p1a: Dragonite|50\/100\n|move|p1a: Dragonite|Dragon Dance|p1a: Dragonite\n|-boost|p1a: Dragonite|atk|1\n|-boost|p1a: Dragonite|spe|1\n|\n|-heal|p2a: \u30de\u30ca\u30d5\u30a3|15\/100 psn|[from] item: Leftovers\n|-damage|p2a: \u30de\u30ca\u30d5\u30a3|3\/100 psn|[from] psn\n|upkeep\n|turn|14\n|\n|t:|1700214580\n|move|p1a: Dragonite|Extreme Speed|p2a: \u30de\u30ca\u30d5\u30a3\n|-damage|p2a: \u30de\u30ca\u30d5\u30a3|0 fnt\n|faint|p2a: \u30de\u30ca\u30d5\u30a3\n|\n|upkeep\n|\n|t:|1700214581\n|switch|p2a: \u30b6\u30de\u30bc\u30f3\u30bf|Zamazenta, shiny|100\/100\n|-damage|p2a: \u30b6\u30de\u30bc\u30f3\u30bf|94\/100|[from] Stealth Rock\n|-damage|p2a: \u30b6\u30de\u30bc\u30f3\u30bf|82\/100|[from] Spikes\n|-status|p2a: \u30b6\u30de\u30bc\u30f3\u30bf|psn\n|-ability|p2a: \u30b6\u30de\u30bc\u30f3\u30bf|Dauntless Shield|boost\n|-boost|p2a: \u30b6\u30de\u30bc\u30f3\u30bf|def|1\n|turn|15\n|\n|t:|1700214595\n|move|p2a: \u30b6\u30de\u30bc\u30f3\u30bf|Stone Edge|p1a: Dragonite\n|-supereffective|p1a: Dragonite\n|-damage|p1a: Dragonite|0 fnt\n|faint|p1a: Dragonite\n|\n|-damage|p2a: \u30b6\u30de\u30bc\u30f3\u30bf|70\/100 psn|[from] psn\n|upkeep\n|\n|t:|1700214602\n|switch|p1a: Alomomola|Alomomola, F|100\/100\n|turn|16\n|\n|t:|1700214604\n|switch|p2a: \u30a8\u30fc\u30b9\u30d0\u30fc\u30f3|Cinderace, F, shiny|100\/100\n|-damage|p2a: \u30a8\u30fc\u30b9\u30d0\u30fc\u30f3|76\/100|[from] Stealth Rock\n|-damage|p2a: \u30a8\u30fc\u30b9\u30d0\u30fc\u30f3|63\/100|[from] Spikes\n|-status|p2a: \u30a8\u30fc\u30b9\u30d0\u30fc\u30f3|psn\n|move|p1a: Alomomola|Scald|p2a: \u30a8\u30fc\u30b9\u30d0\u30fc\u30f3\n|-supereffective|p2a: \u30a8\u30fc\u30b9\u30d0\u30fc\u30f3\n|-damage|p2a: \u30a8\u30fc\u30b9\u30d0\u30fc\u30f3|27\/100 psn\n|\n|-damage|p2a: \u30a8\u30fc\u30b9\u30d0\u30fc\u30f3|14\/100 psn|[from] psn\n|upkeep\n|turn|17\n|\n|t:|1700214616\n|move|p2a: \u30a8\u30fc\u30b9\u30d0\u30fc\u30f3|U-turn|p1a: Alomomola\n|-start|p2a: \u30a8\u30fc\u30b9\u30d0\u30fc\u30f3|typechange|Bug|[from] ability: Libero\n|-damage|p1a: Alomomola|83\/100\n|\n|t:|1700214618\n|switch|p2a: \u30b6\u30de\u30bc\u30f3\u30bf|Zamazenta, shiny|70\/100 psn|[from] U-turn\n|-damage|p2a: \u30b6\u30de\u30bc\u30f3\u30bf|64\/100 psn|[from] Stealth Rock\n|-damage|p2a: \u30b6\u30de\u30bc\u30f3\u30bf|51\/100 psn|[from] Spikes\n|move|p1a: Alomomola|Wish|p1a: Alomomola\n|\n|-damage|p2a: \u30b6\u30de\u30bc\u30f3\u30bf|39\/100 psn|[from] psn\n|upkeep\n|turn|18\n|j| My Occult Deck\n|-message|Vlarcheops forfeited.\n|\n|win|Year1990\n|raw|Year1990's rating: 1699 &rarr; <strong>1724<\/strong><br \/>(+25 for winning)\n|raw|Vlarcheops's rating: 1793 &rarr; <strong>1768<\/strong><br \/>(-25 for losing)\n|l|\u2606Vlarcheops\n","uploadtime":1700214643,"views":9,"p1id":"year1990","p2id":"vlarcheops","formatid":"gen9ou","rating":1724,"private":0,"password":""}