{"id":"gen9ou-1988760936","p1":"Thefatguinea","p2":"ethanofnote","format":"[Gen 9] OU","log":"|j|\u203dThefatguinea\n|j|\u2606ethanofnote\n|t:|1699759699\n|gametype|singles\n|player|p1|Thefatguinea|linebacker|1228\n|player|p2|ethanofnote|1|1295\n|teamsize|p1|6\n|teamsize|p2|6\n|gen|9\n|tier|[Gen 9] OU\n|rated|\n|rule|Sleep Clause Mod: Limit one foe put to sleep\n|rule|Species Clause: Limit one of each Pok\u00e9mon\n|rule|OHKO Clause: OHKO moves are banned\n|rule|Evasion Items Clause: Evasion items are banned\n|rule|Evasion Moves Clause: Evasion moves are banned\n|rule|Endless Battle Clause: Forcing endless battles is banned\n|rule|HP Percentage Mod: HP is shown in percentages\n|clearpoke\n|poke|p1|Zapdos-Galar|\n|poke|p1|Ceruledge, F|\n|poke|p1|Manaphy|\n|poke|p1|Lokix, M|\n|poke|p1|Weezing-Galar, M|\n|poke|p1|Clodsire, F|\n|poke|p2|Dragapult, M|\n|poke|p2|Skeledirge, F|\n|poke|p2|Mandibuzz, F|\n|poke|p2|Milotic, F|\n|poke|p2|Gliscor, M|\n|poke|p2|Clefable, F|\n|teampreview\n|\n|t:|1699759735\n|start\n|switch|p1a: Manaphy|Manaphy|100\/100\n|switch|p2a: Dragapult|Dragapult, M|100\/100\n|turn|1\n|inactive|Battle timer is ON: inactive players will automatically lose when time's up. (requested by ethanofnote)\n|\n|t:|1699759776\n|switch|p1a: Clodsire|Clodsire, F|100\/100\n|move|p2a: Dragapult|U-turn|p1a: Clodsire\n|-resisted|p1a: Clodsire\n|-damage|p1a: Clodsire|91\/100\n|\n|t:|1699759784\n|switch|p2a: Gliscor|Gliscor, M|100\/100|[from] U-turn\n|\n|-heal|p1a: Clodsire|97\/100|[from] item: Leftovers\n|-status|p2a: Gliscor|tox|[from] item: Toxic Orb\n|upkeep\n|turn|2\n|\n|t:|1699759791\n|move|p2a: Gliscor|Knock Off|p1a: Clodsire\n|-damage|p1a: Clodsire|75\/100\n|-enditem|p1a: Clodsire|Leftovers|[from] move: Knock Off|[of] p2a: Gliscor\n|move|p1a: Clodsire|Stealth Rock|p2a: Gliscor\n|-sidestart|p2: ethanofnote|move: Stealth Rock\n|\n|upkeep\n|turn|3\n|\n|t:|1699759799\n|switch|p1a: Manaphy|Manaphy|100\/100\n|move|p2a: Gliscor|Spikes|p1a: Manaphy\n|-sidestart|p1: Thefatguinea|Spikes\n|\n|upkeep\n|turn|4\n|\n|t:|1699759805\n|switch|p2a: Milotic|Milotic, F|100\/100\n|move|p1a: Manaphy|Tail Glow|p1a: Manaphy\n|-boost|p1a: Manaphy|spa|3\n|\n|upkeep\n|turn|5\n|\n|t:|1699759824\n|-terastallize|p2a: Milotic|Dragon\n|move|p1a: Manaphy|Take Heart|p1a: Manaphy\n|-boost|p1a: Manaphy|spa|1\n|-boost|p1a: Manaphy|spd|1\n|move|p2a: Milotic|Mirror Coat||[still]\n|-fail|p2a: Milotic\n|\n|upkeep\n|turn|6\n|\n|t:|1699759829\n|move|p1a: Manaphy|Take Heart|p1a: Manaphy\n|-boost|p1a: Manaphy|spa|1\n|-boost|p1a: Manaphy|spd|1\n|move|p2a: Milotic|Haze|p2a: Milotic\n|-clearallboost\n|\n|upkeep\n|turn|7\n|\n|t:|1699759837\n|switch|p1a: Weezing|Weezing-Galar, M|100\/100\n|move|p2a: Milotic|Scald|p1a: Weezing\n|-damage|p1a: Weezing|65\/100\n|-status|p1a: Weezing|brn\n|\n|-damage|p1a: Weezing|59\/100 brn|[from] brn\n|upkeep\n|turn|8\n|\n|t:|1699759845\n|switch|p2a: Gliscor|Gliscor, M|100\/100 tox\n|-damage|p2a: Gliscor|88\/100 tox|[from] Stealth Rock\n|move|p1a: Weezing|Pain Split|p2a: Gliscor\n|-sethp|p2a: Gliscor|70\/100 tox|[from] move: Pain Split|[silent]\n|-sethp|p1a: Weezing|80\/100 brn|[from] move: Pain Split\n|\n|-heal|p2a: Gliscor|82\/100 tox|[from] ability: Poison Heal\n|-damage|p1a: Weezing|74\/100 brn|[from] brn\n|upkeep\n|turn|9\n|\n|t:|1699759855\n|switch|p1a: Zapdos|Zapdos-Galar|100\/100\n|move|p2a: Gliscor|Spikes|p1a: Zapdos\n|-sidestart|p1: Thefatguinea|Spikes\n|\n|-heal|p2a: Gliscor|95\/100 tox|[from] ability: Poison Heal\n|upkeep\n|turn|10\n|\n|t:|1699759862\n|move|p1a: Zapdos|Bulk Up|p1a: Zapdos\n|-boost|p1a: Zapdos|atk|1\n|-boost|p1a: Zapdos|def|1\n|move|p2a: Gliscor|U-turn|p1a: Zapdos\n|-resisted|p1a: Zapdos\n|-damage|p1a: Zapdos|98\/100\n|\n|t:|1699759867\n|switch|p2a: Skeledirge|Skeledirge, F|100\/100|[from] U-turn\n|\n|-heal|p1a: Zapdos|100\/100|[from] item: Leftovers\n|upkeep\n|turn|11\n|\n|t:|1699759871\n|move|p1a: Zapdos|Drill Peck|p2a: Skeledirge\n|-damage|p2a: Skeledirge|67\/100\n|move|p2a: Skeledirge|Will-O-Wisp|p1a: Zapdos\n|-status|p1a: Zapdos|brn\n|\n|-damage|p1a: Zapdos|94\/100 brn|[from] brn\n|upkeep\n|turn|12\n|\n|t:|1699759876\n|move|p1a: Zapdos|Drill Peck|p2a: Skeledirge\n|-damage|p2a: Skeledirge|52\/100\n|move|p2a: Skeledirge|Slack Off|p2a: Skeledirge\n|-heal|p2a: Skeledirge|100\/100\n|\n|-heal|p1a: Zapdos|100\/100 brn|[from] item: Leftovers\n|-damage|p1a: Zapdos|94\/100 brn|[from] brn\n|upkeep\n|turn|13\n|\n|t:|1699759882\n|move|p1a: Zapdos|Bulk Up|p1a: Zapdos\n|-boost|p1a: Zapdos|atk|1\n|-boost|p1a: Zapdos|def|1\n|move|p2a: Skeledirge|Hex|p1a: Zapdos\n|-damage|p1a: Zapdos|40\/100 brn\n|\n|-heal|p1a: Zapdos|46\/100 brn|[from] item: Leftovers\n|-damage|p1a: Zapdos|40\/100 brn|[from] brn\n|upkeep\n|turn|14\n|\n|t:|1699759887\n|move|p1a: Zapdos|Drill Peck|p2a: Skeledirge\n|-damage|p2a: Skeledirge|83\/100\n|move|p2a: Skeledirge|Hex|p1a: Zapdos\n|-damage|p1a: Zapdos|0 fnt\n|faint|p1a: Zapdos\n|\n|upkeep\n|\n|t:|1699759889\n|switch|p1a: Manaphy|Manaphy|100\/100\n|-damage|p1a: Manaphy|84\/100|[from] Spikes\n|turn|15\n|c|\u2606ethanofnote|do u know what unaware does\n|\n|t:|1699759898\n|switch|p2a: Milotic|Milotic, F, tera:Dragon|100\/100\n|move|p1a: Manaphy|Tail Glow|p1a: Manaphy\n|-boost|p1a: Manaphy|spa|3\n|\n|-heal|p1a: Manaphy|90\/100|[from] item: Leftovers\n|upkeep\n|turn|16\n|\n|t:|1699759910\n|move|p1a: Manaphy|Take Heart|p1a: Manaphy\n|-boost|p1a: Manaphy|spa|1\n|-boost|p1a: Manaphy|spd|1\n|move|p2a: Milotic|Haze|p2a: Milotic\n|-clearallboost\n|\n|-heal|p1a: Manaphy|96\/100|[from] item: Leftovers\n|upkeep\n|turn|17\n|\n|t:|1699759915\n|move|p1a: Manaphy|Tail Glow|p1a: Manaphy\n|-boost|p1a: Manaphy|spa|3\n|move|p2a: Milotic|Scald|p1a: Manaphy\n|-resisted|p1a: Manaphy\n|-damage|p1a: Manaphy|84\/100\n|\n|-heal|p1a: Manaphy|91\/100|[from] item: Leftovers\n|upkeep\n|turn|18\n|\n|t:|1699759920\n|move|p1a: Manaphy|Take Heart|p1a: Manaphy\n|-boost|p1a: Manaphy|spa|1\n|-boost|p1a: Manaphy|spd|1\n|move|p2a: Milotic|Haze|p2a: Milotic\n|-clearallboost\n|\n|-heal|p1a: Manaphy|97\/100|[from] item: Leftovers\n|upkeep\n|turn|19\n|\n|t:|1699759926\n|move|p1a: Manaphy|Tail Glow|p1a: Manaphy\n|-boost|p1a: Manaphy|spa|3\n|move|p2a: Milotic|Scald|p1a: Manaphy\n|-resisted|p1a: Manaphy\n|-damage|p1a: Manaphy|85\/100\n|\n|-heal|p1a: Manaphy|91\/100|[from] item: Leftovers\n|upkeep\n|turn|20\n|\n|t:|1699759930\n|move|p1a: Manaphy|Stored Power|p2a: Milotic\n|-damage|p2a: Milotic|66\/100\n|move|p2a: Milotic|Haze|p2a: Milotic\n|-clearallboost\n|\n|-heal|p1a: Manaphy|98\/100|[from] item: Leftovers\n|upkeep\n|turn|21\n|\n|t:|1699759936\n|move|p1a: Manaphy|Tail Glow|p1a: Manaphy\n|-boost|p1a: Manaphy|spa|3\n|move|p2a: Milotic|Haze|p2a: Milotic\n|-clearallboost\n|\n|-heal|p1a: Manaphy|100\/100|[from] item: Leftovers\n|upkeep\n|turn|22\n|\n|t:|1699759939\n|move|p1a: Manaphy|Tail Glow|p1a: Manaphy\n|-boost|p1a: Manaphy|spa|3\n|move|p2a: Milotic|Recover|p2a: Milotic\n|-heal|p2a: Milotic|100\/100\n|\n|upkeep\n|turn|23\n|\n|t:|1699759943\n|move|p1a: Manaphy|Tail Glow|p1a: Manaphy\n|-boost|p1a: Manaphy|spa|3\n|move|p2a: Milotic|Mirror Coat||[still]\n|-fail|p2a: Milotic\n|\n|upkeep\n|turn|24\n|\n|t:|1699759950\n|move|p1a: Manaphy|Stored Power|p2a: Milotic\n|-damage|p2a: Milotic|6\/100\n|move|p2a: Milotic|Mirror Coat|p1a: Manaphy\n|-damage|p1a: Manaphy|0 fnt\n|faint|p1a: Manaphy\n|\n|upkeep\n|\n|t:|1699759953\n|switch|p1a: Lokix|Lokix, M|100\/100\n|turn|25\n|\n|t:|1699759958\n|move|p1a: Lokix|Leech Life|p2a: Milotic\n|-damage|p2a: Milotic|0 fnt\n|faint|p2a: Milotic\n|\n|upkeep\n|\n|t:|1699759968\n|switch|p2a: Dragapult|Dragapult, M|100\/100\n|-damage|p2a: Dragapult|88\/100|[from] Stealth Rock\n|turn|26\n|inactive|Thefatguinea has 120 seconds left.\n|\n|t:|1699760009\n|move|p1a: Lokix|Sucker Punch|p2a: Dragapult\n|-supereffective|p2a: Dragapult\n|-damage|p2a: Dragapult|8\/100\n|move|p2a: Dragapult|U-turn|p1a: Lokix\n|-supereffective|p1a: Lokix\n|-damage|p1a: Lokix|55\/100\n|\n|t:|1699760017\n|switch|p2a: Clefable|Clefable, F|100\/100|[from] U-turn\n|\n|upkeep\n|turn|27\n|inactive|Thefatguinea has 120 seconds left.\n|\n|t:|1699760025\n|switch|p1a: Clodsire|Clodsire, F|75\/100\n|-damage|p1a: Clodsire|58\/100|[from] Spikes\n|move|p2a: Clefable|Moonblast|p1a: Clodsire\n|-resisted|p1a: Clodsire\n|-damage|p1a: Clodsire|50\/100\n|\n|upkeep\n|turn|28\n|\n|t:|1699760033\n|move|p2a: Clefable|Stealth Rock|p1a: Clodsire\n|-sidestart|p1: Thefatguinea|move: Stealth Rock\n|move|p1a: Clodsire|Recover|p1a: Clodsire\n|-heal|p1a: Clodsire|99\/100\n|\n|upkeep\n|turn|29\n|\n|t:|1699760041\n|switch|p2a: Gliscor|Gliscor, M|95\/100 tox\n|-damage|p2a: Gliscor|82\/100 tox|[from] Stealth Rock\n|move|p1a: Clodsire|Toxic|p2a: Gliscor\n|-fail|p2a: Gliscor|tox\n|\n|-heal|p2a: Gliscor|95\/100 tox|[from] ability: Poison Heal\n|upkeep\n|turn|30\n|\n|t:|1699760047\n|switch|p1a: Weezing|Weezing-Galar, M|74\/100 brn\n|-damage|p1a: Weezing|61\/100 brn|[from] Stealth Rock\n|move|p2a: Gliscor|Knock Off|p1a: Weezing\n|-resisted|p1a: Weezing\n|-damage|p1a: Weezing|52\/100 brn\n|-damage|p2a: Gliscor|78\/100 tox|[from] item: Rocky Helmet|[of] p1a: Weezing\n|-enditem|p1a: Weezing|Rocky Helmet|[from] move: Knock Off|[of] p2a: Gliscor\n|\n|-heal|p2a: Gliscor|91\/100 tox|[from] ability: Poison Heal\n|-damage|p1a: Weezing|46\/100 brn|[from] brn\n|upkeep\n|turn|31\n|\n|t:|1699760050\n|move|p2a: Gliscor|Spikes|p1a: Weezing\n|-sidestart|p1: Thefatguinea|Spikes\n|move|p1a: Weezing|Defog|p2a: Gliscor\n|-unboost|p2a: Gliscor|evasion|1\n|-sideend|p2: ethanofnote|Stealth Rock|[from] move: Defog|[of] p1a: Weezing\n|-sideend|p1: Thefatguinea|Spikes|[from] move: Defog|[of] p1a: Weezing\n|-sideend|p1: Thefatguinea|Stealth Rock|[from] move: Defog|[of] p1a: Weezing\n|\n|-heal|p2a: Gliscor|100\/100 tox|[from] ability: Poison Heal\n|-damage|p1a: Weezing|40\/100 brn|[from] brn\n|upkeep\n|turn|32\n|\n|t:|1699760054\n|move|p2a: Gliscor|Spikes|p1a: Weezing\n|-sidestart|p1: Thefatguinea|Spikes\n|move|p1a: Weezing|Strange Steam|p2a: Gliscor\n|-damage|p2a: Gliscor|76\/100 tox\n|\n|-heal|p2a: Gliscor|88\/100 tox|[from] ability: Poison Heal\n|-damage|p1a: Weezing|34\/100 brn|[from] brn\n|upkeep\n|turn|33\n|\n|t:|1699760059\n|move|p2a: Gliscor|U-turn|p1a: Weezing\n|-resisted|p1a: Weezing\n|-damage|p1a: Weezing|31\/100 brn\n|\n|t:|1699760062\n|switch|p2a: Dragapult|Dragapult, M|8\/100|[from] U-turn\n|move|p1a: Weezing|Pain Split|p2a: Dragapult\n|-sethp|p2a: Dragapult|19\/100|[from] move: Pain Split|[silent]\n|-sethp|p1a: Weezing|19\/100 brn|[from] move: Pain Split\n|\n|-damage|p1a: Weezing|13\/100 brn|[from] brn\n|upkeep\n|turn|34\n|\n|t:|1699760067\n|move|p2a: Dragapult|U-turn|p1a: Weezing\n|-resisted|p1a: Weezing\n|-damage|p1a: Weezing|10\/100 brn\n|\n|t:|1699760069\n|switch|p2a: Gliscor|Gliscor, M|88\/100 tox|[from] U-turn\n|move|p1a: Weezing|Strange Steam|p2a: Gliscor|[miss]\n|-miss|p1a: Weezing|p2a: Gliscor\n|\n|-heal|p2a: Gliscor|100\/100 tox|[from] ability: Poison Heal\n|-damage|p1a: Weezing|4\/100 brn|[from] brn\n|upkeep\n|turn|35\n|\n|t:|1699760078\n|move|p2a: Gliscor|Knock Off|p1a: Weezing\n|-resisted|p1a: Weezing\n|-damage|p1a: Weezing|0 fnt\n|faint|p1a: Weezing\n|\n|upkeep\n|\n|t:|1699760081\n|switch|p1a: Clodsire|Clodsire, F|99\/100\n|-damage|p1a: Clodsire|88\/100|[from] Spikes\n|turn|36\n|\n|t:|1699760086\n|move|p2a: Gliscor|Knock Off|p1a: Clodsire\n|-damage|p1a: Clodsire|72\/100\n|move|p1a: Clodsire|Stealth Rock|p2a: Gliscor\n|-sidestart|p2: ethanofnote|move: Stealth Rock\n|\n|upkeep\n|turn|37\n|\n|t:|1699760093\n|switch|p1a: Lokix|Lokix, M|55\/100\n|move|p2a: Gliscor|Spikes|p1a: Lokix\n|-sidestart|p1: Thefatguinea|Spikes\n|\n|upkeep\n|turn|38\n|\n|t:|1699760099\n|move|p1a: Lokix|Swords Dance|p1a: Lokix\n|-boost|p1a: Lokix|atk|2\n|move|p2a: Gliscor|Knock Off|p1a: Lokix\n|-resisted|p1a: Lokix\n|-damage|p1a: Lokix|39\/100\n|-enditem|p1a: Lokix|Heavy-Duty Boots|[from] move: Knock Off|[of] p2a: Gliscor\n|\n|upkeep\n|turn|39\n|\n|t:|1699760104\n|switch|p2a: Mandibuzz|Mandibuzz, F|100\/100\n|move|p1a: Lokix|Leech Life|p2a: Mandibuzz\n|-damage|p2a: Mandibuzz|58\/100\n|-heal|p1a: Lokix|71\/100|[from] drain|[of] p2a: Mandibuzz\n|\n|upkeep\n|turn|40\n|inactive|ethanofnote has 120 seconds left.\n|inactive|Thefatguinea has 120 seconds left.\n|inactive|Thefatguinea has 90 seconds left.\n|\n|t:|1699760184\n|-terastallize|p1a: Lokix|Bug\n|move|p1a: Lokix|Leech Life|p2a: Mandibuzz\n|-damage|p2a: Mandibuzz|9\/100\n|-heal|p1a: Lokix|100\/100|[from] drain|[of] p2a: Mandibuzz\n|move|p2a: Mandibuzz|Roost|p2a: Mandibuzz\n|-heal|p2a: Mandibuzz|59\/100\n|-singleturn|p2a: Mandibuzz|move: Roost\n|\n|upkeep\n|turn|41\n|inactive|ethanofnote has 90 seconds left.\n|\n|t:|1699760214\n|switch|p2a: Gliscor|Gliscor, M|100\/100 tox\n|-damage|p2a: Gliscor|88\/100 tox|[from] Stealth Rock\n|move|p1a: Lokix|Leech Life|p2a: Gliscor\n|-resisted|p2a: Gliscor\n|-damage|p2a: Gliscor|8\/100 tox\n|\n|-heal|p2a: Gliscor|21\/100 tox|[from] ability: Poison Heal\n|upkeep\n|turn|42\n|\n|t:|1699760219\n|move|p1a: Lokix|Leech Life|p2a: Gliscor\n|-resisted|p2a: Gliscor\n|-damage|p2a: Gliscor|0 fnt\n|faint|p2a: Gliscor\n|\n|upkeep\n|\n|t:|1699760227\n|switch|p2a: Skeledirge|Skeledirge, F|83\/100\n|turn|43\n|\n|t:|1699760231\n|move|p1a: Lokix|Knock Off|p2a: Skeledirge\n|-supereffective|p2a: Skeledirge\n|-damage|p2a: Skeledirge|16\/100\n|-enditem|p2a: Skeledirge|Heavy-Duty Boots|[from] move: Knock Off|[of] p1a: Lokix\n|move|p2a: Skeledirge|Will-O-Wisp|p1a: Lokix\n|-status|p1a: Lokix|brn\n|\n|-damage|p1a: Lokix|94\/100 brn|[from] brn\n|upkeep\n|turn|44\n|\n|t:|1699760238\n|move|p1a: Lokix|Knock Off|p2a: Skeledirge\n|-supereffective|p2a: Skeledirge\n|-damage|p2a: Skeledirge|0 fnt\n|faint|p2a: Skeledirge\n|\n|-damage|p1a: Lokix|88\/100 brn|[from] brn\n|upkeep\n|\n|t:|1699760239\n|switch|p2a: Mandibuzz|Mandibuzz, F|59\/100\n|turn|45\n|\n|t:|1699760247\n|move|p1a: Lokix|Leech Life|p2a: Mandibuzz\n|-damage|p2a: Mandibuzz|32\/100\n|-heal|p1a: Lokix|100\/100 brn|[from] drain|[of] p2a: Mandibuzz\n|move|p2a: Mandibuzz|Iron Defense|p2a: Mandibuzz\n|-boost|p2a: Mandibuzz|def|2\n|\n|-damage|p1a: Lokix|94\/100 brn|[from] brn\n|upkeep\n|turn|46\n|\n|t:|1699760250\n|move|p1a: Lokix|Leech Life|p2a: Mandibuzz\n|-damage|p2a: Mandibuzz|18\/100\n|-heal|p1a: Lokix|100\/100 brn|[from] drain|[of] p2a: Mandibuzz\n|move|p2a: Mandibuzz|Roost|p2a: Mandibuzz\n|-heal|p2a: Mandibuzz|68\/100\n|-singleturn|p2a: Mandibuzz|move: Roost\n|\n|-damage|p1a: Lokix|94\/100 brn|[from] brn\n|upkeep\n|turn|47\n|\n|t:|1699760270\n|move|p1a: Lokix|Leech Life|p2a: Mandibuzz\n|-damage|p2a: Mandibuzz|56\/100\n|-heal|p1a: Lokix|100\/100 brn|[from] drain|[of] p2a: Mandibuzz\n|move|p2a: Mandibuzz|Iron Defense|p2a: Mandibuzz\n|-boost|p2a: Mandibuzz|def|2\n|\n|-damage|p1a: Lokix|94\/100 brn|[from] brn\n|upkeep\n|turn|48\n|\n|t:|1699760276\n|move|p1a: Lokix|Knock Off|p2a: Mandibuzz\n|-resisted|p2a: Mandibuzz\n|-damage|p2a: Mandibuzz|47\/100\n|-enditem|p2a: Mandibuzz|Heavy-Duty Boots|[from] move: Knock Off|[of] p1a: Lokix\n|move|p2a: Mandibuzz|Roost|p2a: Mandibuzz\n|-heal|p2a: Mandibuzz|97\/100\n|-singleturn|p2a: Mandibuzz|move: Roost\n|\n|-damage|p1a: Lokix|88\/100 brn|[from] brn\n|upkeep\n|turn|49\n|\n|t:|1699760279\n|move|p1a: Lokix|Swords Dance|p1a: Lokix\n|-boost|p1a: Lokix|atk|2\n|move|p2a: Mandibuzz|Foul Play|p1a: Lokix\n|-damage|p1a: Lokix|0 fnt\n|faint|p1a: Lokix\n|\n|upkeep\n|\n|t:|1699760285\n|switch|p1a: Ceruledge|Ceruledge, F|100\/100\n|turn|50\n|inactive|ethanofnote has 120 seconds left.\n|inactive|ethanofnote has 90 seconds left.\n|\n|t:|1699760364\n|move|p1a: Ceruledge|Taunt|p2a: Mandibuzz\n|-start|p2a: Mandibuzz|move: Taunt\n|move|p2a: Mandibuzz|Foul Play|p1a: Ceruledge\n|-supereffective|p1a: Ceruledge\n|-damage|p1a: Ceruledge|0 fnt\n|faint|p1a: Ceruledge\n|\n|upkeep\n|\n|t:|1699760369\n|switch|p1a: Clodsire|Clodsire, F|72\/100\n|-damage|p1a: Clodsire|56\/100|[from] Spikes\n|turn|51\n|inactive|ethanofnote has 60 seconds left.\n|inactive|ethanofnote has 30 seconds left.\n|\n|t:|1699760432\n|move|p2a: Mandibuzz|Foul Play|p1a: Clodsire\n|-damage|p1a: Clodsire|25\/100\n|move|p1a: Clodsire|Toxic|p2a: Mandibuzz\n|-status|p2a: Mandibuzz|tox\n|\n|-damage|p2a: Mandibuzz|91\/100 tox|[from] psn\n|upkeep\n|turn|52\n|\n|t:|1699760437\n|move|p2a: Mandibuzz|Foul Play|p1a: Clodsire\n|-damage|p1a: Clodsire|0 fnt\n|faint|p1a: Clodsire\n|\n|win|ethanofnote\n|raw|Thefatguinea's rating: 1228 &rarr; <strong>1208<\/strong><br \/>(-20 for losing)\n|raw|ethanofnote's rating: 1295 &rarr; <strong>1315<\/strong><br \/>(+20 for winning)\n","uploadtime":1699760346,"views":8,"p1id":"thefatguinea","p2id":"ethanofnote","formatid":"gen9ou","rating":1208,"private":0,"password":""}