{"id":"gen9ou-1997729519","p1":"choke sunday","p2":"PLAYB0I R0BBIE B","format":"[Gen 9] OU","log":"|j|\u2606choke sunday\n|j|\u2606PLAYB0I R0BBIE B\n|t:|1700846476\n|gametype|singles\n|player|p1|choke sunday|gardenia|1351\n|player|p2|PLAYB0I R0BBIE B|eusine|1311\n|teamsize|p1|6\n|teamsize|p2|6\n|gen|9\n|tier|[Gen 9] OU\n|rated|\n|rule|Sleep Clause Mod: Limit one foe put to sleep\n|rule|Species Clause: Limit one of each Pok\u00e9mon\n|rule|OHKO Clause: OHKO moves are banned\n|rule|Evasion Items Clause: Evasion items are banned\n|rule|Evasion Moves Clause: Evasion moves are banned\n|rule|Endless Battle Clause: Forcing endless battles is banned\n|rule|HP Percentage Mod: HP is shown in percentages\n|clearpoke\n|poke|p1|Samurott-Hisui, F|\n|poke|p1|Great Tusk|\n|poke|p1|Ogerpon-Wellspring, F|\n|poke|p1|Tornadus-Therian, M|\n|poke|p1|Heatran, M|\n|poke|p1|Typhlosion-Hisui, M|\n|poke|p2|Meowscarada, F|\n|poke|p2|Heatran, F|\n|poke|p2|Thundurus-Therian, M|\n|poke|p2|Dragapult, F|\n|poke|p2|Great Tusk|\n|poke|p2|Azumarill, F|\n|teampreview\n|\n|t:|1700846481\n|start\n|switch|p1a: Tornadus|Tornadus-Therian, M|100\/100\n|switch|p2a: SICKO MODE|Meowscarada, F|100\/100\n|turn|1\n|\n|t:|1700846486\n|move|p2a: SICKO MODE|U-turn|p1a: Tornadus\n|-start|p2a: SICKO MODE|typechange|Bug|[from] ability: Protean\n|-resisted|p1a: Tornadus\n|-damage|p1a: Tornadus|66\/100\n|\n|t:|1700846489\n|switch|p2a: CAN'T SAY|Azumarill, F|100\/100|[from] U-turn\n|move|p1a: Tornadus|Bleakwind Storm|p2a: CAN'T SAY\n|-damage|p2a: CAN'T SAY|70\/100\n|\n|upkeep\n|turn|2\n|inactive|Battle timer is ON: inactive players will automatically lose when time's up. (requested by PLAYB0I R0BBIE B)\n|\n|t:|1700846499\n|move|p1a: Tornadus|Sludge Bomb|p2a: CAN'T SAY\n|-supereffective|p2a: CAN'T SAY\n|-damage|p2a: CAN'T SAY|28\/100\n|move|p2a: CAN'T SAY|Ice Spinner|p1a: Tornadus\n|-supereffective|p1a: Tornadus\n|-damage|p1a: Tornadus|0 fnt\n|faint|p1a: Tornadus\n|\n|upkeep\n|\n|t:|1700846504\n|switch|p1a: Ogerpon|Ogerpon-Wellspring, F|100\/100\n|turn|3\n|\n|t:|1700846513\n|switch|p2a: NO BYSTANDERS|Dragapult, F|100\/100\n|move|p1a: Ogerpon|Leech Seed|p2a: NO BYSTANDERS\n|-start|p2a: NO BYSTANDERS|move: Leech Seed\n|\n|-damage|p2a: NO BYSTANDERS|88\/100|[from] Leech Seed|[of] p1a: Ogerpon\n|upkeep\n|turn|4\n|\n|t:|1700846521\n|switch|p1a: Heatran|Heatran, M|100\/100\n|move|p2a: NO BYSTANDERS|Thunder Wave|p1a: Heatran\n|-status|p1a: Heatran|par\n|\n|-damage|p2a: NO BYSTANDERS|76\/100|[from] Leech Seed|[of] p1a: Heatran\n|upkeep\n|turn|5\n|\n|t:|1700846526\n|move|p2a: NO BYSTANDERS|U-turn|p1a: Heatran\n|-resisted|p1a: Heatran\n|-damage|p1a: Heatran|98\/100 par\n|\n|t:|1700846529\n|switch|p2a: 5% TINT|Heatran, F|100\/100|[from] U-turn\n|-item|p2a: 5% TINT|Air Balloon\n|move|p1a: Heatran|Magma Storm|p2a: 5% TINT\n|-start|p2a: 5% TINT|ability: Flash Fire\n|\n|-heal|p1a: Heatran|100\/100 par|[from] item: Leftovers\n|upkeep\n|turn|6\n|\n|t:|1700846539\n|switch|p1a: Samurott|Samurott-Hisui, F|100\/100\n|move|p2a: 5% TINT|Earth Power|p1a: Samurott\n|-damage|p1a: Samurott|49\/100\n|\n|upkeep\n|turn|7\n|\n|t:|1700846553\n|-end|p2a: 5% TINT|ability: Flash Fire|[silent]\n|switch|p2a: CAN'T SAY|Azumarill, F|28\/100\n|move|p1a: Samurott|Aqua Cutter|p2a: CAN'T SAY\n|-resisted|p2a: CAN'T SAY\n|-damage|p2a: CAN'T SAY|0 fnt\n|faint|p2a: CAN'T SAY\n|\n|upkeep\n|\n|t:|1700846562\n|switch|p2a: SICKO MODE|Meowscarada, F|100\/100\n|turn|8\n|\n|t:|1700846568\n|switch|p1a: Heatran|Heatran, M|100\/100 par\n|move|p2a: SICKO MODE|U-turn|p1a: Heatran\n|-start|p2a: SICKO MODE|typechange|Bug|[from] ability: Protean\n|-resisted|p1a: Heatran\n|-damage|p1a: Heatran|93\/100 par\n|\n|t:|1700846573\n|switch|p2a: 5% TINT|Heatran, F|100\/100|[from] U-turn\n|-item|p2a: 5% TINT|Air Balloon\n|\n|-heal|p1a: Heatran|99\/100 par|[from] item: Leftovers\n|upkeep\n|turn|9\n|\n|t:|1700846581\n|move|p2a: 5% TINT|Earth Power|p1a: Heatran\n|-supereffective|p1a: Heatran\n|-damage|p1a: Heatran|0 fnt\n|faint|p1a: Heatran\n|\n|upkeep\n|\n|t:|1700846586\n|switch|p1a: Ogerpon|Ogerpon-Wellspring, F|100\/100\n|turn|10\n|\n|t:|1700846611\n|switch|p2a: NO BYSTANDERS|Dragapult, F|76\/100\n|move|p1a: Ogerpon|Ivy Cudgel|p2a: NO BYSTANDERS|[anim] Ivy Cudgel Water\n|-resisted|p2a: NO BYSTANDERS\n|-damage|p2a: NO BYSTANDERS|40\/100\n|\n|upkeep\n|turn|11\n|\n|t:|1700846629\n|switch|p1a: Great Tusk|Great Tusk|100\/100\n|move|p2a: NO BYSTANDERS|Thunder Wave|p1a: Great Tusk\n|-immune|p1a: Great Tusk\n|\n|upkeep\n|turn|12\n|\n|t:|1700846633\n|move|p2a: NO BYSTANDERS|U-turn|p1a: Great Tusk\n|-resisted|p1a: Great Tusk\n|-damage|p1a: Great Tusk|94\/100\n|\n|t:|1700846637\n|switch|p2a: YOSEMITE|Great Tusk|100\/100|[from] U-turn\n|move|p1a: Great Tusk|Knock Off|p2a: YOSEMITE\n|-resisted|p2a: YOSEMITE\n|-damage|p2a: YOSEMITE|88\/100\n|-enditem|p2a: YOSEMITE|Heavy-Duty Boots|[from] move: Knock Off|[of] p1a: Great Tusk\n|\n|-heal|p1a: Great Tusk|100\/100|[from] item: Leftovers\n|upkeep\n|turn|13\n|\n|t:|1700846646\n|move|p2a: YOSEMITE|Ice Spinner|p1a: Great Tusk\n|-supereffective|p1a: Great Tusk\n|-damage|p1a: Great Tusk|67\/100\n|move|p1a: Great Tusk|Earthquake|p2a: YOSEMITE\n|-damage|p2a: YOSEMITE|49\/100\n|\n|-heal|p1a: Great Tusk|73\/100|[from] item: Leftovers\n|upkeep\n|turn|14\n|\n|t:|1700846651\n|move|p2a: YOSEMITE|Ice Spinner|p1a: Great Tusk\n|-supereffective|p1a: Great Tusk\n|-damage|p1a: Great Tusk|42\/100\n|move|p1a: Great Tusk|Earthquake|p2a: YOSEMITE\n|-damage|p2a: YOSEMITE|8\/100\n|\n|-heal|p1a: Great Tusk|48\/100|[from] item: Leftovers\n|upkeep\n|turn|15\n|\n|t:|1700846667\n|-end|p2a: YOSEMITE|Protosynthesis|[silent]\n|switch|p2a: NO BYSTANDERS|Dragapult, F|40\/100\n|move|p1a: Great Tusk|Earthquake|p2a: NO BYSTANDERS\n|-damage|p2a: NO BYSTANDERS|0 fnt\n|faint|p2a: NO BYSTANDERS\n|\n|-heal|p1a: Great Tusk|54\/100|[from] item: Leftovers\n|upkeep\n|\n|t:|1700846671\n|switch|p2a: SICKO MODE|Meowscarada, F|100\/100\n|turn|16\n|\n|t:|1700846682\n|-end|p1a: Great Tusk|Protosynthesis|[silent]\n|switch|p1a: Ogerpon|Ogerpon-Wellspring, F|100\/100\n|move|p2a: SICKO MODE|Flower Trick|p1a: Ogerpon\n|-start|p2a: SICKO MODE|typechange|Grass|[from] ability: Protean\n|-crit|p1a: Ogerpon\n|-damage|p1a: Ogerpon|20\/100\n|\n|upkeep\n|turn|17\n|\n|t:|1700846691\n|move|p2a: SICKO MODE|Flower Trick|p1a: Ogerpon\n|-crit|p1a: Ogerpon\n|-damage|p1a: Ogerpon|0 fnt\n|faint|p1a: Ogerpon\n|\n|upkeep\n|\n|t:|1700846695\n|switch|p1a: Typhlosion|Typhlosion-Hisui, M, shiny|100\/100\n|turn|18\n|\n|t:|1700846702\n|switch|p2a: YOSEMITE|Great Tusk|8\/100\n|move|p1a: Typhlosion|Shadow Ball|p2a: YOSEMITE\n|-damage|p2a: YOSEMITE|0 fnt\n|faint|p2a: YOSEMITE\n|-end|p2a: YOSEMITE|Protosynthesis|[silent]\n|\n|upkeep\n|\n|t:|1700846707\n|switch|p2a: SICKO MODE|Meowscarada, F|100\/100\n|turn|19\n|\n|t:|1700846715\n|switch|p1a: Samurott|Samurott-Hisui, F|49\/100\n|move|p2a: SICKO MODE|Knock Off|p1a: Samurott\n|-start|p2a: SICKO MODE|typechange|Dark|[from] ability: Protean\n|-resisted|p1a: Samurott\n|-damage|p1a: Samurott|9\/100\n|-enditem|p1a: Samurott|Choice Band|[from] move: Knock Off|[of] p2a: SICKO MODE\n|\n|upkeep\n|turn|20\n|\n|t:|1700846719\n|move|p1a: Samurott|Aqua Jet|p2a: SICKO MODE\n|-damage|p2a: SICKO MODE|70\/100\n|move|p2a: SICKO MODE|Knock Off|p1a: Samurott\n|-resisted|p1a: Samurott\n|-damage|p1a: Samurott|0 fnt\n|faint|p1a: Samurott\n|\n|upkeep\n|\n|t:|1700846727\n|switch|p1a: Great Tusk|Great Tusk|54\/100\n|turn|21\n|\n|t:|1700846730\n|switch|p2a: ASTROTHUNDER|Thundurus-Therian, M|100\/100\n|move|p1a: Great Tusk|Knock Off|p2a: ASTROTHUNDER\n|-damage|p2a: ASTROTHUNDER|48\/100\n|-enditem|p2a: ASTROTHUNDER|Heavy-Duty Boots|[from] move: Knock Off|[of] p1a: Great Tusk\n|\n|-heal|p1a: Great Tusk|60\/100|[from] item: Leftovers\n|upkeep\n|turn|22\n|\n|t:|1700846737\n|-terastallize|p2a: ASTROTHUNDER|Flying\n|move|p2a: ASTROTHUNDER|Tera Blast|p1a: Great Tusk|[anim] Tera Blast Flying\n|-supereffective|p1a: Great Tusk\n|-damage|p1a: Great Tusk|0 fnt\n|faint|p1a: Great Tusk\n|-end|p1a: Great Tusk|Protosynthesis|[silent]\n|\n|upkeep\n|\n|t:|1700846741\n|switch|p1a: Typhlosion|Typhlosion-Hisui, M, shiny|100\/100\n|turn|23\n|\n|t:|1700846749\n|move|p1a: Typhlosion|Shadow Ball|p2a: ASTROTHUNDER\n|-damage|p2a: ASTROTHUNDER|0 fnt\n|faint|p2a: ASTROTHUNDER\n|\n|upkeep\n|\n|t:|1700846754\n|switch|p2a: SICKO MODE|Meowscarada, F|70\/100\n|turn|24\n|\n|t:|1700846756\n|move|p1a: Typhlosion|Shadow Ball|p2a: SICKO MODE\n|-resisted|p2a: SICKO MODE\n|-damage|p2a: SICKO MODE|42\/100\n|move|p2a: SICKO MODE|Knock Off|p1a: Typhlosion\n|-start|p2a: SICKO MODE|typechange|Dark|[from] ability: Protean\n|-supereffective|p1a: Typhlosion\n|-damage|p1a: Typhlosion|0 fnt\n|-enditem|p1a: Typhlosion|Choice Scarf|[from] move: Knock Off|[of] p2a: SICKO MODE\n|faint|p1a: Typhlosion\n|\n|win|PLAYB0I R0BBIE B\n|raw|choke sunday's rating: 1351 &rarr; <strong>1329<\/strong><br \/>(-22 for losing)\n|raw|PLAYB0I R0BBIE B's rating: 1311 &rarr; <strong>1333<\/strong><br \/>(+22 for winning)\n|l|\u2606choke sunday\n","uploadtime":1700846768,"views":1,"p1id":"chokesunday","p2id":"playb0ir0bbieb","formatid":"gen9ou","rating":1329,"private":0,"password":""}