{"id":"gen9ou-1994748332","p1":"Cranberru22","p2":"Cachxlot","format":"[Gen 9] OU","log":"|j|\u2606Cranberru22\n|j|\u2606Cachxlot\n|t:|1700488748\n|gametype|singles\n|player|p1|Cranberru22|2|1161\n|player|p2|Cachxlot|mars|1211\n|teamsize|p1|6\n|teamsize|p2|6\n|gen|9\n|tier|[Gen 9] OU\n|rated|\n|rule|Sleep Clause Mod: Limit one foe put to sleep\n|rule|Species Clause: Limit one of each Pok\u00e9mon\n|rule|OHKO Clause: OHKO moves are banned\n|rule|Evasion Items Clause: Evasion items are banned\n|rule|Evasion Moves Clause: Evasion moves are banned\n|rule|Endless Battle Clause: Forcing endless battles is banned\n|rule|HP Percentage Mod: HP is shown in percentages\n|clearpoke\n|poke|p1|Torkoal, M|\n|poke|p1|Charizard, F|\n|poke|p1|Volcanion|\n|poke|p1|Pelipper, F|\n|poke|p1|Beartic, M|\n|poke|p1|Walking Wake|\n|poke|p2|Rillaboom, M|\n|poke|p2|Iron Moth|\n|poke|p2|Zamazenta-*|\n|poke|p2|Ogerpon-Wellspring, F|\n|poke|p2|Heatran, F|\n|poke|p2|Hatterene, F|\n|teampreview\n|j| xlr8benten\n|c| xlr8benten|gg\n|c|\u2606Cranberru22|fym gg\n|\n|t:|1700488774\n|start\n|switch|p1a: Pelipper|Pelipper, F|100\/100\n|switch|p2a: Rillaboom|Rillaboom, M|100\/100\n|-fieldstart|move: Grassy Terrain|[from] ability: Grassy Surge|[of] p2a: Rillaboom\n|-weather|RainDance|[from] ability: Drizzle|[of] p1a: Pelipper\n|turn|1\n|c|\u2606Cranberru22|lmao\n|\n|t:|1700488797\n|switch|p2a: Hatterene|Hatterene, F|100\/100\n|-enditem|p2a: Hatterene|Grassy Seed\n|-boost|p2a: Hatterene|def|1|[from] item: Grassy Seed\n|move|p1a: Pelipper|Hurricane|p2a: Hatterene\n|-damage|p2a: Hatterene|60\/100\n|\n|-weather|RainDance|[upkeep]\n|-heal|p2a: Hatterene|66\/100|[from] Grassy Terrain\n|upkeep\n|turn|2\n|c| xlr8benten|i too multitasked\n|\n|t:|1700488804\n|move|p1a: Pelipper|U-turn|p2a: Hatterene\n|-damage|p2a: Hatterene|61\/100\n|c| xlr8benten|but the other one\n|c| xlr8benten|forfeited\n|c| xlr8benten|lol\n|inactive|Battle timer is ON: inactive players will automatically lose when time's up. (requested by Cachxlot)\n|inactive|Cranberru22 has 120 seconds left.\n|c|\u2606Cranberru22|hm\n|\n|t:|1700488851\n|switch|p1a: Beartic|Beartic, M|100\/100|[from] U-turn\n|move|p2a: Hatterene|Draining Kiss|p1a: Beartic\n|-damage|p1a: Beartic|74\/100\n|-heal|p2a: Hatterene|82\/100|[from] drain|[of] p1a: Beartic\n|\n|-weather|RainDance|[upkeep]\n|-heal|p1a: Beartic|80\/100|[from] Grassy Terrain\n|-heal|p2a: Hatterene|88\/100|[from] Grassy Terrain\n|upkeep\n|turn|3\n|\n|t:|1700488866\n|move|p1a: Beartic|Icicle Crash|p2a: Hatterene\n|-damage|p2a: Hatterene|56\/100\n|-damage|p1a: Beartic|70\/100|[from] item: Life Orb\n|move|p2a: Hatterene|Calm Mind|p2a: Hatterene\n|-boost|p2a: Hatterene|spa|1\n|-boost|p2a: Hatterene|spd|1\n|\n|-weather|RainDance|[upkeep]\n|-heal|p1a: Beartic|76\/100|[from] Grassy Terrain\n|-heal|p2a: Hatterene|62\/100|[from] Grassy Terrain\n|upkeep\n|turn|4\n|inactive|Cranberru22 has 120 seconds left.\n|c|\u2606Cranberru22|damn\n|c|\u2606Cranberru22|this gon be tough\n|\n|t:|1700488905\n|move|p1a: Beartic|Icicle Crash|p2a: Hatterene\n|-damage|p2a: Hatterene|32\/100\n|-damage|p1a: Beartic|67\/100|[from] item: Life Orb\n|cant|p2a: Hatterene|flinch\n|\n|-weather|RainDance|[upkeep]\n|-heal|p1a: Beartic|73\/100|[from] Grassy Terrain\n|-heal|p2a: Hatterene|38\/100|[from] Grassy Terrain\n|upkeep\n|turn|5\n|c| xlr8benten|lol\n|\n|t:|1700488917\n|move|p1a: Beartic|Icicle Crash|p2a: Hatterene\n|-damage|p2a: Hatterene|6\/100\n|-damage|p1a: Beartic|63\/100|[from] item: Life Orb\n|move|p2a: Hatterene|Draining Kiss|p1a: Beartic\n|-damage|p1a: Beartic|24\/100\n|-heal|p2a: Hatterene|38\/100|[from] drain|[of] p1a: Beartic\n|\n|-weather|RainDance|[upkeep]\n|-heal|p1a: Beartic|30\/100|[from] Grassy Terrain\n|-heal|p2a: Hatterene|44\/100|[from] Grassy Terrain\n|-fieldend|move: Grassy Terrain\n|upkeep\n|turn|6\n|\n|t:|1700488928\n|move|p1a: Beartic|Icicle Crash|p2a: Hatterene\n|-crit|p2a: Hatterene\n|-damage|p2a: Hatterene|0 fnt\n|faint|p2a: Hatterene\n|-damage|p1a: Beartic|21\/100|[from] item: Life Orb\n|\n|-weather|RainDance|[upkeep]\n|upkeep\n|c|\u2606Cranberru22|nvm we up\n|c|\u2606Cachxlot|lucky chimp\n|c|\u2606Cranberru22|yeah lol\n|c| xlr8benten|lol\n|inactive|Cachxlot has 120 seconds left.\n|\n|t:|1700488959\n|switch|p2a: Iron Moth|Iron Moth|100\/100\n|-enditem|p2a: Iron Moth|Booster Energy\n|-activate|p2a: Iron Moth|ability: Quark Drive|[fromitem]\n|-start|p2a: Iron Moth|quarkdrivespe\n|turn|7\n|c| xlr8benten|chimanzee time\n|c| xlr8benten|go for it\n|c|\u2606Cranberru22|lemme think\n|\n|t:|1700488977\n|switch|p1a: Torkoal|Torkoal, M|100\/100\n|-weather|SunnyDay|[from] ability: Drought|[of] p1a: Torkoal\n|move|p2a: Iron Moth|Fiery Dance|p1a: Torkoal\n|-resisted|p1a: Torkoal\n|-damage|p1a: Torkoal|72\/100\n|-boost|p2a: Iron Moth|spa|1\n|\n|-weather|SunnyDay|[upkeep]\n|upkeep\n|turn|8\n|c| xlr8benten|yes\n|\n|t:|1700488984\n|move|p2a: Iron Moth|Fiery Dance|p1a: Torkoal\n|-resisted|p1a: Torkoal\n|-damage|p1a: Torkoal|33\/100\n|move|p1a: Torkoal|Yawn|p2a: Iron Moth\n|-start|p2a: Iron Moth|move: Yawn|[of] p1a: Torkoal\n|\n|-weather|SunnyDay|[upkeep]\n|upkeep\n|turn|9\n|\n|t:|1700488990\n|move|p2a: Iron Moth|Fiery Dance|p1a: Torkoal\n|-resisted|p1a: Torkoal\n|-damage|p1a: Torkoal|0 fnt\n|-boost|p2a: Iron Moth|spa|1\n|faint|p1a: Torkoal\n|\n|-weather|SunnyDay|[upkeep]\n|-end|p2a: Iron Moth|move: Yawn|[silent]\n|-status|p2a: Iron Moth|slp\n|upkeep\n|c|\u2606Cranberru22|free swap in\n|\n|t:|1700488998\n|switch|p1a: Walking Wake|Walking Wake|100\/100\n|-activate|p1a: Walking Wake|ability: Protosynthesis\n|-start|p1a: Walking Wake|protosynthesisspe\n|turn|10\n|\n|t:|1700489001\n|cant|p2a: Iron Moth|slp\n|move|p1a: Walking Wake|Hydro Steam|p2a: Iron Moth\n|-supereffective|p2a: Iron Moth\n|-damage|p2a: Iron Moth|0 fnt\n|faint|p2a: Iron Moth\n|-end|p2a: Iron Moth|Quark Drive|[silent]\n|\n|-weather|SunnyDay|[upkeep]\n|upkeep\n|c|\u2606Cranberru22|and lock in\n|\n|t:|1700489010\n|switch|p2a: Rillaboom|Rillaboom, M|100\/100\n|-fieldstart|move: Grassy Terrain|[from] ability: Grassy Surge|[of] p2a: Rillaboom\n|turn|11\n|\n|t:|1700489012\n|move|p1a: Walking Wake|Flamethrower|p2a: Rillaboom\n|-supereffective|p2a: Rillaboom\n|-damage|p2a: Rillaboom|0 fnt\n|faint|p2a: Rillaboom\n|\n|-weather|SunnyDay|[upkeep]\n|upkeep\n|c| xlr8benten|lol\n|\n|t:|1700489024\n|switch|p2a: Heatran|Heatran, F|100\/100\n|-item|p2a: Heatran|Air Balloon\n|turn|12\n|-message|Cachxlot forfeited.\n|\n|win|Cranberru22\n|raw|Cranberru22's rating: 1161 &rarr; <strong>1190<\/strong><br \/>(+29 for winning)\n|raw|Cachxlot's rating: 1211 &rarr; <strong>1182<\/strong><br \/>(-29 for losing)\n|l|\u2606Cachxlot\n|c|\u2606Cranberru22|gg wp\n|l| xlr8benten\n|c|\u2606Cranberru22|ill be right back i gotta go to spanish\n","uploadtime":1700489041,"views":4,"p1id":"cranberru22","p2id":"cachxlot","formatid":"gen9ou","rating":1182,"private":0,"password":""}