{"id":"gen9ou-1999977972","p1":"gock glocker","p2":"RggV","format":"[Gen 9] OU","log":"|j|\u2606gock glocker\n|j|\u2606RggV\n|t:|1701136913\n|gametype|singles\n|player|p1|gock glocker|acerola-masters|1629\n|player|p2|RggV|#wcop2023latinamerica|1748\n|teamsize|p1|6\n|teamsize|p2|6\n|gen|9\n|tier|[Gen 9] OU\n|rated|\n|rule|Sleep Clause Mod: Limit one foe put to sleep\n|rule|Species Clause: Limit one of each Pok\u00e9mon\n|rule|OHKO Clause: OHKO moves are banned\n|rule|Evasion Items Clause: Evasion items are banned\n|rule|Evasion Moves Clause: Evasion moves are banned\n|rule|Endless Battle Clause: Forcing endless battles is banned\n|rule|HP Percentage Mod: HP is shown in percentages\n|clearpoke\n|poke|p1|Manaphy|\n|poke|p1|Kingambit, F|\n|poke|p1|Ribombee, F|\n|poke|p1|Gholdengo|\n|poke|p1|Iron Moth|\n|poke|p1|Ogerpon-Wellspring, F|\n|poke|p2|Infernape, M|\n|poke|p2|Ribombee, M|\n|poke|p2|Gholdengo|\n|poke|p2|Manaphy|\n|poke|p2|Landorus-Therian, M|\n|poke|p2|Kommo-o, F|\n|teampreview\n|inactive|Battle timer is ON: inactive players will automatically lose when time's up. (requested by RggV)\n|inactive|gock glocker also wants the timer to be on.\n|\n|t:|1701136919\n|start\n|switch|p1a: wildfiree|Ribombee, F, shiny|100\/100\n|switch|p2a: Ribombee|Ribombee, M|100\/100\n|turn|1\n|\n|t:|1701136923\n|move|p1a: wildfiree|Sticky Web|p2a: Ribombee\n|-sidestart|p2: RggV|move: Sticky Web\n|move|p2a: Ribombee|Sticky Web|p1a: wildfiree\n|-sidestart|p1: gock glocker|move: Sticky Web\n|\n|upkeep\n|turn|2\n|\n|t:|1701136925\n|move|p2a: Ribombee|Moonblast|p1a: wildfiree\n|-damage|p1a: wildfiree|33\/100\n|move|p1a: wildfiree|Psychic|p2a: Ribombee\n|-damage|p2a: Ribombee|60\/100\n|\n|upkeep\n|turn|3\n|\n|t:|1701136927\n|move|p1a: wildfiree|Moonblast|p2a: Ribombee\n|-damage|p2a: Ribombee|0 fnt\n|faint|p2a: Ribombee\n|\n|upkeep\n|\n|t:|1701136936\n|switch|p2a: McFries|Gholdengo|100\/100\n|-item|p2a: McFries|Air Balloon\n|turn|4\n|\n|t:|1701136938\n|move|p1a: wildfiree|Moonblast|p2a: McFries\n|-resisted|p2a: McFries\n|-damage|p2a: McFries|78\/100\n|-unboost|p2a: McFries|spa|1\n|-enditem|p2a: McFries|Air Balloon\n|move|p2a: McFries|Nasty Plot|p2a: McFries\n|-boost|p2a: McFries|spa|2\n|\n|upkeep\n|turn|5\n|\n|t:|1701136941\n|move|p1a: wildfiree|Moonblast|p2a: McFries\n|-resisted|p2a: McFries\n|-damage|p2a: McFries|56\/100\n|move|p2a: McFries|Nasty Plot|p2a: McFries\n|-boost|p2a: McFries|spa|2\n|\n|upkeep\n|turn|6\n|\n|t:|1701136943\n|move|p1a: wildfiree|Moonblast|p2a: McFries\n|-resisted|p2a: McFries\n|-damage|p2a: McFries|34\/100\n|move|p2a: McFries|Recover|p2a: McFries\n|-heal|p2a: McFries|84\/100\n|\n|upkeep\n|turn|7\n|\n|t:|1701136946\n|move|p1a: wildfiree|Moonblast|p2a: McFries\n|-resisted|p2a: McFries\n|-crit|p2a: McFries\n|-damage|p2a: McFries|49\/100\n|-unboost|p2a: McFries|spa|1\n|move|p2a: McFries|Nasty Plot|p2a: McFries\n|-boost|p2a: McFries|spa|2\n|\n|upkeep\n|turn|8\n|\n|t:|1701136948\n|move|p1a: wildfiree|Moonblast|p2a: McFries\n|-resisted|p2a: McFries\n|-damage|p2a: McFries|26\/100\n|-unboost|p2a: McFries|spa|1\n|move|p2a: McFries|Recover|p2a: McFries\n|-heal|p2a: McFries|76\/100\n|\n|upkeep\n|turn|9\n|\n|t:|1701136950\n|move|p1a: wildfiree|Moonblast|p2a: McFries\n|-resisted|p2a: McFries\n|-damage|p2a: McFries|52\/100\n|-unboost|p2a: McFries|spa|1\n|move|p2a: McFries|Recover|p2a: McFries\n|-heal|p2a: McFries|100\/100\n|\n|upkeep\n|turn|10\n|\n|t:|1701136952\n|move|p1a: wildfiree|Moonblast|p2a: McFries\n|-resisted|p2a: McFries\n|-damage|p2a: McFries|76\/100\n|move|p2a: McFries|Nasty Plot|p2a: McFries\n|-boost|p2a: McFries|spa|2\n|\n|upkeep\n|turn|11\n|\n|t:|1701136954\n|move|p1a: wildfiree|Moonblast|p2a: McFries\n|-resisted|p2a: McFries\n|-damage|p2a: McFries|51\/100\n|move|p2a: McFries|Nasty Plot|p2a: McFries\n|-boost|p2a: McFries|spa|2\n|\n|upkeep\n|turn|12\n|\n|t:|1701136956\n|move|p1a: wildfiree|Moonblast|p2a: McFries\n|-resisted|p2a: McFries\n|-damage|p2a: McFries|29\/100\n|move|p2a: McFries|Recover|p2a: McFries\n|-heal|p2a: McFries|79\/100\n|\n|upkeep\n|turn|13\n|\n|t:|1701136958\n|move|p1a: wildfiree|Moonblast|p2a: McFries\n|-resisted|p2a: McFries\n|-crit|p2a: McFries\n|-damage|p2a: McFries|47\/100\n|move|p2a: McFries|Recover|p2a: McFries\n|-heal|p2a: McFries|97\/100\n|\n|upkeep\n|turn|14\n|\n|t:|1701136961\n|move|p1a: wildfiree|Moonblast|p2a: McFries\n|-resisted|p2a: McFries\n|-damage|p2a: McFries|73\/100\n|move|p2a: McFries|Shadow Ball|p1a: wildfiree\n|-damage|p1a: wildfiree|0 fnt\n|faint|p1a: wildfiree\n|\n|upkeep\n|inactive|gock glocker has 120 seconds left.\n|j| xxCOALLAxx\n|\n|t:|1701136999\n|switch|p1a: wessin|Gholdengo|100\/100\n|-item|p1a: wessin|Air Balloon\n|turn|15\n|\n|t:|1701137004\n|-terastallize|p1a: wessin|Dark\n|move|p2a: McFries|Shadow Ball|p1a: wessin\n|-resisted|p1a: wessin\n|-damage|p1a: wessin|4\/100\n|-enditem|p1a: wessin|Air Balloon\n|move|p1a: wessin|Shadow Ball|p2a: McFries\n|-supereffective|p2a: McFries\n|-damage|p2a: McFries|0 fnt\n|faint|p2a: McFries\n|\n|upkeep\n|c|\u2606gock glocker|this fine\n|j| S.S Anne da Conda\n|inactive|RggV has 120 seconds left.\n|\n|t:|1701137037\n|switch|p2a: Son Goku|Infernape, M|100\/100\n|-activate|p2a: Son Goku|move: Sticky Web\n|-unboost|p2a: Son Goku|spe|1\n|turn|16\n|c|\u2606gock glocker|btw where did you get your avatar form?\n|\n|t:|1701137050\n|move|p1a: wessin|Shadow Ball|p2a: Son Goku\n|-damage|p2a: Son Goku|27\/100\n|move|p2a: Son Goku|Swords Dance|p2a: Son Goku\n|-boost|p2a: Son Goku|atk|2\n|\n|upkeep\n|turn|17\n|c|\u2606RggV|wcop\n|\n|t:|1701137056\n|move|p2a: Son Goku|Mach Punch|p1a: wessin\n|-supereffective|p1a: wessin\n|-damage|p1a: wessin|0 fnt\n|faint|p1a: wessin\n|-damage|p2a: Son Goku|18\/100|[from] item: Life Orb\n|\n|upkeep\n|\n|t:|1701137060\n|switch|p1a: scarlet|Iron Moth|100\/100\n|-activate|p1a: scarlet|move: Sticky Web\n|-unboost|p1a: scarlet|spe|1\n|-enditem|p1a: scarlet|Booster Energy\n|-activate|p1a: scarlet|ability: Quark Drive|[fromitem]\n|-start|p1a: scarlet|quarkdrivespa\n|turn|18\n|\n|t:|1701137069\n|move|p2a: Son Goku|Mach Punch|p1a: scarlet\n|-resisted|p1a: scarlet\n|-damage|p1a: scarlet|57\/100\n|-damage|p2a: Son Goku|8\/100|[from] item: Life Orb\n|move|p1a: scarlet|Fiery Dance|p2a: Son Goku\n|-resisted|p2a: Son Goku\n|-damage|p2a: Son Goku|0 fnt\n|-boost|p1a: scarlet|spa|1\n|faint|p2a: Son Goku\n|\n|upkeep\n|\n|t:|1701137072\n|switch|p2a: Landorus|Landorus-Therian, M|100\/100\n|-ability|p2a: Landorus|Intimidate|boost\n|-unboost|p1a: scarlet|atk|1\n|turn|19\n|c|\u2606gock glocker|cool\n|\n|t:|1701137076\n|move|p2a: Landorus|Earthquake|p1a: scarlet\n|-supereffective|p1a: scarlet\n|-damage|p1a: scarlet|0 fnt\n|faint|p1a: scarlet\n|-end|p1a: scarlet|Quark Drive|[silent]\n|\n|upkeep\n|\n|t:|1701137079\n|switch|p1a: HPDARKEAGLE|Manaphy|100\/100\n|-activate|p1a: HPDARKEAGLE|move: Sticky Web\n|-unboost|p1a: HPDARKEAGLE|spe|1\n|turn|20\n|\n|t:|1701137082\n|switch|p2a: Manaphy|Manaphy|100\/100\n|-activate|p2a: Manaphy|move: Sticky Web\n|-unboost|p2a: Manaphy|spe|1\n|move|p1a: HPDARKEAGLE|Acid Armor|p1a: HPDARKEAGLE\n|-boost|p1a: HPDARKEAGLE|def|2\n|\n|upkeep\n|turn|21\n|\n|t:|1701137087\n|move|p2a: Manaphy|Tail Glow|p2a: Manaphy\n|-boost|p2a: Manaphy|spa|3\n|move|p1a: HPDARKEAGLE|Acid Armor|p1a: HPDARKEAGLE\n|-boost|p1a: HPDARKEAGLE|def|2\n|\n|upkeep\n|turn|22\n|\n|t:|1701137088\n|move|p2a: Manaphy|Tail Glow|p2a: Manaphy\n|-boost|p2a: Manaphy|spa|3\n|move|p1a: HPDARKEAGLE|Take Heart|p1a: HPDARKEAGLE\n|-boost|p1a: HPDARKEAGLE|spa|1\n|-boost|p1a: HPDARKEAGLE|spd|1\n|\n|upkeep\n|turn|23\n|\n|t:|1701137090\n|move|p2a: Manaphy|Energy Ball|p1a: HPDARKEAGLE\n|-supereffective|p1a: HPDARKEAGLE\n|-damage|p1a: HPDARKEAGLE|0 fnt\n|faint|p1a: HPDARKEAGLE\n|\n|upkeep\n|\n|t:|1701137095\n|switch|p1a: faya|Ogerpon-Wellspring, F|100\/100\n|-activate|p1a: faya|move: Sticky Web\n|-unboost|p1a: faya|spe|1\n|turn|24\n|\n|t:|1701137097\n|-terastallize|p2a: Manaphy|Grass\n|move|p1a: faya|Power Whip|p2a: Manaphy|[miss]\n|-miss|p1a: faya|p2a: Manaphy\n|move|p2a: Manaphy|Energy Ball|p1a: faya\n|-damage|p1a: faya|0 fnt\n|faint|p1a: faya\n|\n|upkeep\n|\n|t:|1701137100\n|switch|p1a: awyp|Kingambit, F|100\/100\n|-activate|p1a: awyp|move: Sticky Web\n|-unboost|p1a: awyp|spe|1\n|-activate|p1a: awyp|ability: Supreme Overlord\n|-start|p1a: awyp|fallen5|[silent]\n|turn|25\n|c| xxCOALLAxx|RggV the GOAT\n|c|\u2606RggV|gg\n|\n|t:|1701137107\n|move|p2a: Manaphy|Surf|p1a: awyp\n|-damage|p1a: awyp|0 fnt\n|faint|p1a: awyp\n|-end|p1a: awyp|fallen5|[silent]\n|\n|win|RggV\n|raw|gock glocker's rating: 1629 &rarr; <strong>1616<\/strong><br \/>(-13 for losing)\n|raw|RggV's rating: 1748 &rarr; <strong>1761<\/strong><br \/>(+13 for winning)\n|c| xxCOALLAxx|you gonna post that tram in a vid?\n|c| xxCOALLAxx|saw it got your alt high in no time man!\n|l|\u2606RggV\n|l| S.S Anne da Conda\n","uploadtime":1701137982,"views":12,"p1id":"gockglocker","p2id":"rggv","formatid":"gen9ou","rating":1616,"private":0,"password":""}