{"id":"gen9ou-1988499516","p1":"4ess2ssunia0","p2":"Mazkigreen","format":"[Gen 9] OU","log":"|j|\u26064ess2ssunia0\n|j|\u2606Mazkigreen\n|t:|1699729514\n|gametype|singles\n|player|p1|4ess2ssunia0|youngster-gen1|1040\n|player|p2|Mazkigreen|cowgirl|1000\n|teamsize|p1|6\n|teamsize|p2|6\n|gen|9\n|tier|[Gen 9] OU\n|rated|\n|rule|Sleep Clause Mod: Limit one foe put to sleep\n|rule|Species Clause: Limit one of each Pok\u00e9mon\n|rule|OHKO Clause: OHKO moves are banned\n|rule|Evasion Items Clause: Evasion items are banned\n|rule|Evasion Moves Clause: Evasion moves are banned\n|rule|Endless Battle Clause: Forcing endless battles is banned\n|rule|HP Percentage Mod: HP is shown in percentages\n|clearpoke\n|poke|p1|Kingambit, M|\n|poke|p1|Glimmora, M|\n|poke|p1|Zamazenta-*|\n|poke|p1|Iron Valiant|\n|poke|p1|Iron Moth|\n|poke|p1|Ogerpon-Wellspring, F|\n|poke|p2|Gliscor, M|\n|poke|p2|Ribombee, F|\n|poke|p2|Glimmora, M|\n|poke|p2|Salamence, M|\n|poke|p2|Torterra, F|\n|poke|p2|Sandaconda, F|\n|teampreview\n|inactive|Battle timer is ON: inactive players will automatically lose when time's up. (requested by Mazkigreen)\n|\n|t:|1699729537\n|start\n|switch|p1a: Iron Moth|Iron Moth|100\/100\n|switch|p2a: Torterra|Torterra, F|100\/100\n|-enditem|p1a: Iron Moth|Booster Energy\n|-activate|p1a: Iron Moth|ability: Quark Drive|[fromitem]\n|-start|p1a: Iron Moth|quarkdrivespe\n|turn|1\n|\n|t:|1699729544\n|move|p1a: Iron Moth|Substitute|p1a: Iron Moth\n|-start|p1a: Iron Moth|Substitute\n|-damage|p1a: Iron Moth|76\/100\n|move|p2a: Torterra|Shell Smash|p2a: Torterra\n|-unboost|p2a: Torterra|def|1\n|-unboost|p2a: Torterra|spd|1\n|-boost|p2a: Torterra|atk|2\n|-boost|p2a: Torterra|spa|2\n|-boost|p2a: Torterra|spe|2\n|\n|upkeep\n|turn|2\n|\n|t:|1699729563\n|move|p1a: Iron Moth|Fiery Dance|p2a: Torterra\n|-supereffective|p2a: Torterra\n|-damage|p2a: Torterra|0 fnt\n|faint|p2a: Torterra\n|\n|upkeep\n|\n|t:|1699729572\n|switch|p2a: Gliscor|Gliscor, M|100\/100\n|turn|3\n|\n|t:|1699729577\n|move|p1a: Iron Moth|Fiery Dance|p2a: Gliscor\n|-damage|p2a: Gliscor|38\/100\n|-boost|p1a: Iron Moth|spa|1\n|move|p2a: Gliscor|Knock Off|p1a: Iron Moth\n|-end|p1a: Iron Moth|Substitute\n|\n|-status|p2a: Gliscor|tox|[from] item: Toxic Orb\n|upkeep\n|turn|4\n|\n|t:|1699729583\n|move|p1a: Iron Moth|Fiery Dance|p2a: Gliscor\n|-crit|p2a: Gliscor\n|-damage|p2a: Gliscor|0 fnt\n|-boost|p1a: Iron Moth|spa|1\n|faint|p2a: Gliscor\n|\n|upkeep\n|\n|t:|1699729589\n|switch|p2a: Salamence|Salamence, M, shiny|100\/100\n|turn|5\n|\n|t:|1699729593\n|move|p1a: Iron Moth|Dazzling Gleam|p2a: Salamence\n|-supereffective|p2a: Salamence\n|-damage|p2a: Salamence|0 fnt\n|faint|p2a: Salamence\n|\n|upkeep\n|c|\u2606Mazkigreen|This mf\n|\n|t:|1699729601\n|switch|p2a: Sandaconda|Sandaconda, F|100\/100\n|turn|6\n|\n|t:|1699729606\n|-terastallize|p2a: Sandaconda|Poison\n|move|p1a: Iron Moth|Substitute|p1a: Iron Moth\n|-start|p1a: Iron Moth|Substitute\n|-damage|p1a: Iron Moth|51\/100\n|move|p2a: Sandaconda|Coil|p2a: Sandaconda\n|-boost|p2a: Sandaconda|atk|1\n|-boost|p2a: Sandaconda|def|1\n|-boost|p2a: Sandaconda|accuracy|1\n|\n|upkeep\n|turn|7\n|\n|t:|1699729612\n|move|p1a: Iron Moth|Fiery Dance|p2a: Sandaconda\n|-damage|p2a: Sandaconda|0 fnt\n|faint|p2a: Sandaconda\n|\n|upkeep\n|c|\u2606Mazkigreen|Yep am done\n|n|!Mazkigreen|mazkigreen\n|-message|Mazkigreen forfeited.\n|\n|win|4ess2ssunia0\n|raw|4ess2ssunia0's rating: 1040 &rarr; <strong>1070<\/strong><br \/>(+30 for winning)\n|raw|Mazkigreen's rating: 1000 &rarr; <strong>1000<\/strong><br \/>(+0 for losing)\n|l|!Mazkigreen\n","uploadtime":1699729623,"views":13,"p1id":"4ess2ssunia0","p2id":"mazkigreen","formatid":"gen9ou","rating":1000,"private":0,"password":""}