{"id":"gen9ou-1994661345","p1":"sticky one still","p2":"Chabbott918","format":"[Gen 9] OU","log":"|j|\u2606sticky one still\n|j|\u2606Chabbott918\n|t:|1700477233\n|gametype|singles\n|player|p1|sticky one still|marlon|1451\n|player|p2|Chabbott918|raifort|1362\n|teamsize|p1|6\n|teamsize|p2|6\n|gen|9\n|tier|[Gen 9] OU\n|rated|\n|rule|Sleep Clause Mod: Limit one foe put to sleep\n|rule|Species Clause: Limit one of each Pok\u00e9mon\n|rule|OHKO Clause: OHKO moves are banned\n|rule|Evasion Items Clause: Evasion items are banned\n|rule|Evasion Moves Clause: Evasion moves are banned\n|rule|Endless Battle Clause: Forcing endless battles is banned\n|rule|HP Percentage Mod: HP is shown in percentages\n|clearpoke\n|poke|p1|Thundurus-Therian, M|\n|poke|p1|Slowking, M|\n|poke|p1|Weavile, F|\n|poke|p1|Weezing-Galar, F|\n|poke|p1|Iron Moth|\n|poke|p1|Great Tusk|\n|poke|p2|Hatterene, F|\n|poke|p2|Corviknight, M|\n|poke|p2|Garchomp, M|\n|poke|p2|Greninja-*, M|\n|poke|p2|Iron Moth|\n|poke|p2|Breloom, F|\n|teampreview\n|\n|t:|1700477259\n|start\n|switch|p1a: zeus|Thundurus-Therian, M|100\/100\n|switch|p2a: Corviknight|Corviknight, M|100\/100\n|-ability|p2a: Corviknight|Pressure\n|turn|1\n|\n|t:|1700477266\n|switch|p2a: Garchomp|Garchomp, M|100\/100\n|move|p1a: zeus|Thunderbolt|p2a: Garchomp\n|-immune|p2a: Garchomp\n|\n|upkeep\n|turn|2\n|\n|t:|1700477271\n|switch|p1a: lost mary|Weezing-Galar, F|100\/100\n|move|p2a: Garchomp|Swords Dance|p2a: Garchomp\n|-boost|p2a: Garchomp|atk|2\n|\n|upkeep\n|turn|3\n|\n|t:|1700477277\n|switch|p2a: Corviknight|Corviknight, M|100\/100\n|-ability|p2a: Corviknight|Pressure\n|move|p1a: lost mary|Will-O-Wisp|p2a: Corviknight\n|-status|p2a: Corviknight|brn\n|\n|-damage|p2a: Corviknight|94\/100 brn|[from] brn\n|upkeep\n|turn|4\n|\n|t:|1700477281\n|switch|p1a: zeus|Thundurus-Therian, M|100\/100\n|move|p2a: Corviknight|Light Screen|p2a: Corviknight\n|-sidestart|p2: Chabbott918|move: Light Screen\n|\n|-damage|p2a: Corviknight|88\/100 brn|[from] brn\n|upkeep\n|turn|5\n|\n|t:|1700477287\n|move|p1a: zeus|Thunderbolt|p2a: Corviknight\n|-supereffective|p2a: Corviknight\n|-damage|p2a: Corviknight|38\/100 brn\n|move|p2a: Corviknight|U-turn|p1a: zeus\n|-resisted|p1a: zeus\n|-damage|p1a: zeus|95\/100\n|\n|t:|1700477311\n|switch|p2a: Iron Moth|Iron Moth|100\/100|[from] U-turn\n|-enditem|p2a: Iron Moth|Booster Energy\n|-activate|p2a: Iron Moth|ability: Quark Drive|[fromitem]\n|-start|p2a: Iron Moth|quarkdrivespa\n|\n|upkeep\n|turn|6\n|\n|t:|1700477317\n|switch|p1a: red dot|Slowking, M|100\/100\n|move|p2a: Iron Moth|Agility|p2a: Iron Moth\n|-boost|p2a: Iron Moth|spe|2\n|\n|upkeep\n|turn|7\n|\n|t:|1700477321\n|-terastallize|p2a: Iron Moth|Electric\n|move|p2a: Iron Moth|Discharge|p1a: red dot\n|-supereffective|p1a: red dot\n|-damage|p1a: red dot|20\/100\n|move|p1a: red dot|Future Sight|p2a: Iron Moth\n|-start|p1a: red dot|move: Future Sight\n|\n|upkeep\n|turn|8\n|\n|t:|1700477334\n|move|p2a: Iron Moth|Fiery Dance|p1a: red dot\n|-resisted|p1a: red dot\n|-damage|p1a: red dot|0 fnt\n|-boost|p2a: Iron Moth|spa|1\n|faint|p1a: red dot\n|\n|upkeep\n|\n|t:|1700477345\n|switch|p1a: iron froth|Iron Moth|100\/100\n|-enditem|p1a: iron froth|Booster Energy\n|-activate|p1a: iron froth|ability: Quark Drive|[fromitem]\n|-start|p1a: iron froth|quarkdrivespe\n|turn|9\n|\n|t:|1700477352\n|move|p2a: Iron Moth|Discharge|p1a: iron froth\n|-damage|p1a: iron froth|12\/100\n|move|p1a: iron froth|Fiery Dance|p2a: Iron Moth\n|-damage|p2a: Iron Moth|81\/100\n|-boost|p1a: iron froth|spa|1\n|\n|-end|p2a: Iron Moth|move: Future Sight\n|-damage|p2a: Iron Moth|59\/100\n|upkeep\n|turn|10\n|\n|t:|1700477360\n|move|p2a: Iron Moth|Fiery Dance|p1a: iron froth\n|-resisted|p1a: iron froth\n|-damage|p1a: iron froth|0 fnt\n|-boost|p2a: Iron Moth|spa|1\n|faint|p1a: iron froth\n|-end|p1a: iron froth|Quark Drive|[silent]\n|\n|upkeep\n|\n|t:|1700477366\n|switch|p1a: frostbite|Weavile, F|100\/100\n|turn|11\n|\n|t:|1700477371\n|-terastallize|p1a: frostbite|Ice\n|move|p1a: frostbite|Ice Shard|p2a: Iron Moth\n|-damage|p2a: Iron Moth|12\/100\n|move|p2a: Iron Moth|Fiery Dance|p1a: frostbite\n|-supereffective|p1a: frostbite\n|-damage|p1a: frostbite|0 fnt\n|-boost|p2a: Iron Moth|spa|1\n|faint|p1a: frostbite\n|\n|-sideend|p2: Chabbott918|move: Light Screen\n|upkeep\n|-message|sticky one still forfeited.\n|\n|win|Chabbott918\n|raw|sticky one still's rating: 1451 &rarr; <strong>1426<\/strong><br \/>(-25 for losing)\n|raw|Chabbott918's rating: 1362 &rarr; <strong>1387<\/strong><br \/>(+25 for winning)\n|l|\u2606sticky one still\n","uploadtime":1700477388,"views":17,"p1id":"stickyonestill","p2id":"chabbott918","formatid":"gen9ou","rating":1387,"private":0,"password":""}