{"id":"gen9ou-1993544496","p1":"Welcometoearth420","p2":"yerdda","format":"[Gen 9] OU","log":"|j|\u2606Welcometoearth420\n|j|\u2606yerdda\n|t:|1700330086\n|gametype|singles\n|player|p1|Welcometoearth420|102|1400\n|player|p2|yerdda|parasollady|1309\n|teamsize|p1|6\n|teamsize|p2|6\n|gen|9\n|tier|[Gen 9] OU\n|rated|\n|rule|Sleep Clause Mod: Limit one foe put to sleep\n|rule|Species Clause: Limit one of each Pok\u00e9mon\n|rule|OHKO Clause: OHKO moves are banned\n|rule|Evasion Items Clause: Evasion items are banned\n|rule|Evasion Moves Clause: Evasion moves are banned\n|rule|Endless Battle Clause: Forcing endless battles is banned\n|rule|HP Percentage Mod: HP is shown in percentages\n|clearpoke\n|poke|p1|Amoonguss, M|\n|poke|p1|Gholdengo|\n|poke|p1|Zamazenta-*|\n|poke|p1|Ting-Lu|\n|poke|p1|Zapdos|\n|poke|p1|Slowking-Galar, M|\n|poke|p2|Rillaboom, F|\n|poke|p2|Great Tusk|\n|poke|p2|Enamorus, F|\n|poke|p2|Sneasler, M|\n|poke|p2|Heatran, F|\n|poke|p2|Kingambit, F|\n|teampreview\n|\n|t:|1700330110\n|start\n|switch|p1a: Ting-Lu|Ting-Lu|100\/100\n|switch|p2a: Feetran|Heatran, F|100\/100\n|-ability|p1a: Ting-Lu|Vessel of Ruin\n|turn|1\n|inactive|Battle timer is ON: inactive players will automatically lose when time's up. (requested by yerdda)\n|\n|t:|1700330151\n|switch|p2a: Boa|Enamorus, F|100\/100\n|move|p1a: Ting-Lu|Stealth Rock|p2a: Boa\n|-sidestart|p2: yerdda|move: Stealth Rock\n|\n|upkeep\n|turn|2\n|\n|t:|1700330171\n|move|p2a: Boa|Moonblast|p1a: Ting-Lu\n|-supereffective|p1a: Ting-Lu\n|-damage|p1a: Ting-Lu|42\/100\n|move|p1a: Ting-Lu|Whirlwind|p2a: Boa\n|drag|p2a: Hans|Sneasler, M|100\/100\n|-damage|p2a: Hans|95\/100|[from] Stealth Rock\n|\n|-heal|p1a: Ting-Lu|48\/100|[from] item: Leftovers\n|upkeep\n|turn|3\n|\n|t:|1700330184\n|switch|p1a: Zapdos|Zapdos|100\/100\n|move|p2a: Hans|Close Combat|p1a: Zapdos\n|-resisted|p1a: Zapdos\n|-damage|p1a: Zapdos|76\/100\n|-unboost|p2a: Hans|def|1\n|-unboost|p2a: Hans|spd|1\n|\n|upkeep\n|turn|4\n|\n|t:|1700330194\n|switch|p2a: Feetran|Heatran, F|100\/100\n|-damage|p2a: Feetran|88\/100|[from] Stealth Rock\n|move|p1a: Zapdos|Hurricane|p2a: Feetran|[miss]\n|-miss|p1a: Zapdos|p2a: Feetran\n|\n|-heal|p2a: Feetran|94\/100|[from] item: Leftovers\n|upkeep\n|turn|5\n|\n|t:|1700330206\n|switch|p1a: Zamazenta|Zamazenta|100\/100\n|-ability|p1a: Zamazenta|Dauntless Shield|boost\n|-boost|p1a: Zamazenta|def|1\n|move|p2a: Feetran|Taunt|p1a: Zamazenta\n|-start|p1a: Zamazenta|move: Taunt\n|\n|-heal|p2a: Feetran|100\/100|[from] item: Leftovers\n|upkeep\n|turn|6\n|\n|t:|1700330219\n|switch|p2a: Boa|Enamorus, F|100\/100\n|-damage|p2a: Boa|76\/100|[from] Stealth Rock\n|move|p1a: Zamazenta|Close Combat|p2a: Boa\n|-resisted|p2a: Boa\n|-damage|p2a: Boa|54\/100\n|-unboost|p1a: Zamazenta|def|1\n|-unboost|p1a: Zamazenta|spd|1\n|\n|upkeep\n|turn|7\n|\n|t:|1700330234\n|-terastallize|p1a: Zamazenta|Steel\n|move|p1a: Zamazenta|Heavy Slam|p2a: Boa\n|-supereffective|p2a: Boa\n|-damage|p2a: Boa|0 fnt\n|faint|p2a: Boa\n|\n|-end|p1a: Zamazenta|move: Taunt\n|upkeep\n|\n|t:|1700330243\n|switch|p2a: winton overwatch|Rillaboom, F|100\/100\n|-damage|p2a: winton overwatch|88\/100|[from] Stealth Rock\n|-fieldstart|move: Grassy Terrain|[from] ability: Grassy Surge|[of] p2a: winton overwatch\n|turn|8\n|\n|t:|1700330255\n|move|p1a: Zamazenta|Close Combat|p2a: winton overwatch\n|-damage|p2a: winton overwatch|30\/100\n|-unboost|p1a: Zamazenta|def|1\n|-unboost|p1a: Zamazenta|spd|1\n|move|p2a: winton overwatch|U-turn|p1a: Zamazenta\n|-resisted|p1a: Zamazenta\n|-damage|p1a: Zamazenta|78\/100\n|\n|t:|1700330263\n|switch|p2a: Hans|Sneasler, M|95\/100|[from] U-turn\n|-damage|p2a: Hans|89\/100|[from] Stealth Rock\n|-enditem|p2a: Hans|Grassy Seed\n|-boost|p2a: Hans|def|1|[from] item: Grassy Seed\n|\n|-heal|p2a: Hans|95\/100|[from] Grassy Terrain\n|-heal|p1a: Zamazenta|84\/100|[from] Grassy Terrain\n|-heal|p1a: Zamazenta|90\/100|[from] item: Leftovers\n|upkeep\n|turn|9\n|\n|t:|1700330276\n|switch|p1a: Amoonguss|Amoonguss, M|100\/100\n|move|p2a: Hans|Close Combat|p1a: Amoonguss\n|-resisted|p1a: Amoonguss\n|-damage|p1a: Amoonguss|74\/100\n|-unboost|p2a: Hans|def|1\n|-unboost|p2a: Hans|spd|1\n|\n|-heal|p2a: Hans|100\/100|[from] Grassy Terrain\n|-heal|p1a: Amoonguss|80\/100|[from] Grassy Terrain\n|upkeep\n|turn|10\n|\n|t:|1700330288\n|move|p2a: Hans|Acrobatics|p1a: Amoonguss\n|-supereffective|p1a: Amoonguss\n|-damage|p1a: Amoonguss|18\/100\n|move|p1a: Amoonguss|Spore|p2a: Hans\n|-status|p2a: Hans|slp|[from] move: Spore\n|\n|-heal|p1a: Amoonguss|25\/100|[from] Grassy Terrain\n|upkeep\n|turn|11\n|\n|t:|1700330298\n|switch|p1a: Zapdos|Zapdos|76\/100\n|cant|p2a: Hans|slp\n|\n|upkeep\n|turn|12\n|\n|t:|1700330311\n|switch|p2a: Feetran|Heatran, F|100\/100\n|-damage|p2a: Feetran|88\/100|[from] Stealth Rock\n|move|p1a: Zapdos|Hurricane|p2a: Feetran\n|-resisted|p2a: Feetran\n|-damage|p2a: Feetran|64\/100\n|\n|-heal|p2a: Feetran|70\/100|[from] Grassy Terrain\n|-heal|p2a: Feetran|76\/100|[from] item: Leftovers\n|-fieldend|move: Grassy Terrain\n|upkeep\n|turn|13\n|\n|t:|1700330331\n|switch|p1a: Ting-Lu|Ting-Lu|48\/100\n|-ability|p1a: Ting-Lu|Vessel of Ruin\n|move|p2a: Feetran|Magma Storm|p1a: Ting-Lu|[miss]\n|-miss|p2a: Feetran|p1a: Ting-Lu\n|\n|-heal|p2a: Feetran|83\/100|[from] item: Leftovers\n|-heal|p1a: Ting-Lu|55\/100|[from] item: Leftovers\n|upkeep\n|turn|14\n|\n|t:|1700330355\n|switch|p2a: winton overwatch|Rillaboom, F|30\/100\n|-damage|p2a: winton overwatch|18\/100|[from] Stealth Rock\n|-fieldstart|move: Grassy Terrain|[from] ability: Grassy Surge|[of] p2a: winton overwatch\n|move|p1a: Ting-Lu|Earthquake|p2a: winton overwatch\n|-resisted|p2a: winton overwatch\n|-damage|p2a: winton overwatch|8\/100\n|\n|-heal|p2a: winton overwatch|14\/100|[from] Grassy Terrain\n|-heal|p1a: Ting-Lu|61\/100|[from] Grassy Terrain\n|-heal|p1a: Ting-Lu|67\/100|[from] item: Leftovers\n|upkeep\n|turn|15\n|\n|t:|1700330374\n|switch|p1a: Amoonguss|Amoonguss, M|58\/100\n|move|p2a: winton overwatch|Knock Off|p1a: Amoonguss\n|-damage|p1a: Amoonguss|18\/100\n|-enditem|p1a: Amoonguss|Heavy-Duty Boots|[from] move: Knock Off|[of] p2a: winton overwatch\n|\n|-heal|p2a: winton overwatch|20\/100|[from] Grassy Terrain\n|-heal|p1a: Amoonguss|24\/100|[from] Grassy Terrain\n|upkeep\n|turn|16\n|\n|t:|1700330385\n|switch|p1a: Zapdos|Zapdos|76\/100\n|move|p2a: winton overwatch|Knock Off|p1a: Zapdos\n|-damage|p1a: Zapdos|39\/100\n|-enditem|p1a: Zapdos|Heavy-Duty Boots|[from] move: Knock Off|[of] p2a: winton overwatch\n|\n|-heal|p2a: winton overwatch|26\/100|[from] Grassy Terrain\n|upkeep\n|turn|17\n|\n|t:|1700330396\n|switch|p2a: Feetran|Heatran, F|83\/100\n|-damage|p2a: Feetran|70\/100|[from] Stealth Rock\n|move|p1a: Zapdos|Roost|p1a: Zapdos\n|-heal|p1a: Zapdos|89\/100\n|-singleturn|p1a: Zapdos|move: Roost\n|\n|-heal|p2a: Feetran|76\/100|[from] Grassy Terrain\n|-heal|p2a: Feetran|83\/100|[from] item: Leftovers\n|-heal|p1a: Zapdos|95\/100|[from] Grassy Terrain\n|upkeep\n|turn|18\n|\n|t:|1700330413\n|switch|p1a: Slowking|Slowking-Galar, M|100\/100\n|move|p2a: Feetran|Magma Storm|p1a: Slowking\n|-crit|p1a: Slowking\n|-damage|p1a: Slowking|52\/100\n|-activate|p1a: Slowking|move: Magma Storm|[of] p2a: Feetran\n|\n|-heal|p2a: Feetran|89\/100|[from] Grassy Terrain\n|-heal|p2a: Feetran|95\/100|[from] item: Leftovers\n|-heal|p1a: Slowking|58\/100|[from] Grassy Terrain\n|-damage|p1a: Slowking|45\/100|[from] move: Magma Storm|[partiallytrapped]\n|-fieldend|move: Grassy Terrain\n|upkeep\n|turn|19\n|\n|t:|1700330428\n|move|p2a: Feetran|Earth Power|p1a: Slowking\n|-supereffective|p1a: Slowking\n|-damage|p1a: Slowking|8\/100\n|move|p1a: Slowking|Chilly Reception|p1a: Slowking\n|-weather|Snow\n|\n|t:|1700330433\n|switch|p1a: Zamazenta|Zamazenta, tera:Steel|90\/100|[from] Chilly Reception\n|\n|-weather|Snow|[upkeep]\n|-heal|p1a: Zamazenta|96\/100|[from] item: Leftovers\n|-heal|p2a: Feetran|100\/100|[from] item: Leftovers\n|upkeep\n|turn|20\n|\n|t:|1700330446\n|switch|p2a: winton overwatch|Rillaboom, F|26\/100\n|-damage|p2a: winton overwatch|14\/100|[from] Stealth Rock\n|-fieldstart|move: Grassy Terrain|[from] ability: Grassy Surge|[of] p2a: winton overwatch\n|move|p1a: Zamazenta|Close Combat|p2a: winton overwatch\n|-damage|p2a: winton overwatch|0 fnt\n|-unboost|p1a: Zamazenta|def|1\n|-unboost|p1a: Zamazenta|spd|1\n|faint|p2a: winton overwatch\n|\n|-weather|Snow|[upkeep]\n|-heal|p1a: Zamazenta|100\/100|[from] Grassy Terrain\n|upkeep\n|\n|t:|1700330460\n|switch|p2a: Great Tusk|Great Tusk|100\/100\n|-damage|p2a: Great Tusk|98\/100|[from] Stealth Rock\n|turn|21\n|\n|t:|1700330466\n|switch|p1a: Zapdos|Zapdos|95\/100\n|move|p2a: Great Tusk|Stealth Rock|p1a: Zapdos\n|-sidestart|p1: Welcometoearth420|move: Stealth Rock\n|\n|-weather|Snow|[upkeep]\n|-heal|p2a: Great Tusk|100\/100|[from] Grassy Terrain\n|upkeep\n|turn|22\n|\n|t:|1700330477\n|-end|p2a: Great Tusk|Protosynthesis|[silent]\n|switch|p2a: Feetran|Heatran, F|100\/100\n|-damage|p2a: Feetran|88\/100|[from] Stealth Rock\n|move|p1a: Zapdos|Hurricane|p2a: Feetran\n|-resisted|p2a: Feetran\n|-damage|p2a: Feetran|64\/100\n|-start|p2a: Feetran|confusion\n|\n|-weather|Snow|[upkeep]\n|-heal|p2a: Feetran|70\/100|[from] Grassy Terrain\n|-heal|p2a: Feetran|76\/100|[from] item: Leftovers\n|upkeep\n|turn|23\n|\n|t:|1700330491\n|-activate|p2a: Feetran|confusion\n|move|p2a: Feetran|Magma Storm|p1a: Zapdos|[miss]\n|-miss|p2a: Feetran|p1a: Zapdos\n|move|p1a: Zapdos|Volt Switch|p2a: Feetran\n|-damage|p2a: Feetran|46\/100\n|\n|t:|1700330499\n|switch|p1a: Zamazenta|Zamazenta, tera:Steel|100\/100|[from] Volt Switch\n|-damage|p1a: Zamazenta|95\/100|[from] Stealth Rock\n|\n|-weather|none\n|-heal|p1a: Zamazenta|100\/100|[from] Grassy Terrain\n|-heal|p2a: Feetran|53\/100|[from] Grassy Terrain\n|-heal|p2a: Feetran|59\/100|[from] item: Leftovers\n|upkeep\n|turn|24\n|\n|t:|1700330511\n|switch|p2a: Great Tusk|Great Tusk|100\/100\n|-damage|p2a: Great Tusk|98\/100|[from] Stealth Rock\n|move|p1a: Zamazenta|Close Combat|p2a: Great Tusk\n|-damage|p2a: Great Tusk|55\/100\n|-unboost|p1a: Zamazenta|def|1\n|-unboost|p1a: Zamazenta|spd|1\n|-damage|p1a: Zamazenta|84\/100|[from] item: Rocky Helmet|[of] p2a: Great Tusk\n|\n|-heal|p1a: Zamazenta|90\/100|[from] Grassy Terrain\n|-heal|p1a: Zamazenta|96\/100|[from] item: Leftovers\n|-heal|p2a: Great Tusk|61\/100|[from] Grassy Terrain\n|-fieldend|move: Grassy Terrain\n|upkeep\n|turn|25\n|\n|t:|1700330531\n|switch|p1a: Zapdos|Zapdos|95\/100\n|-damage|p1a: Zapdos|70\/100|[from] Stealth Rock\n|move|p2a: Great Tusk|Rapid Spin|p1a: Zapdos\n|-damage|p1a: Zapdos|57\/100\n|-boost|p2a: Great Tusk|spe|1\n|-status|p2a: Great Tusk|par|[from] ability: Static|[of] p1a: Zapdos\n|-sideend|p2: yerdda|Stealth Rock|[from] move: Rapid Spin|[of] p2a: Great Tusk\n|\n|upkeep\n|turn|26\n|\n|t:|1700330543\n|move|p1a: Zapdos|Hurricane|p2a: Great Tusk|[miss]\n|-miss|p1a: Zapdos|p2a: Great Tusk\n|move|p2a: Great Tusk|Ice Spinner|p1a: Zapdos\n|-supereffective|p1a: Zapdos\n|-damage|p1a: Zapdos|20\/100\n|\n|upkeep\n|turn|27\n|\n|t:|1700330551\n|move|p1a: Zapdos|Roost|p1a: Zapdos\n|-heal|p1a: Zapdos|70\/100\n|-singleturn|p1a: Zapdos|move: Roost\n|move|p2a: Great Tusk|Headlong Rush|p1a: Zapdos\n|-supereffective|p1a: Zapdos\n|-damage|p1a: Zapdos|0 fnt\n|-unboost|p2a: Great Tusk|def|1\n|-unboost|p2a: Great Tusk|spd|1\n|faint|p1a: Zapdos\n|\n|upkeep\n|\n|t:|1700330560\n|switch|p1a: Gholdengo|Gholdengo|100\/100\n|-damage|p1a: Gholdengo|94\/100|[from] Stealth Rock\n|turn|28\n|\n|t:|1700330582\n|move|p1a: Gholdengo|Shadow Ball|p2a: Great Tusk\n|-damage|p2a: Great Tusk|0 fnt\n|faint|p2a: Great Tusk\n|-end|p2a: Great Tusk|Protosynthesis|[silent]\n|\n|upkeep\n|\n|t:|1700330587\n|switch|p2a: Feetran|Heatran, F|59\/100\n|turn|29\n|\n|t:|1700330594\n|switch|p1a: Ting-Lu|Ting-Lu|67\/100\n|-damage|p1a: Ting-Lu|61\/100|[from] Stealth Rock\n|-ability|p1a: Ting-Lu|Vessel of Ruin\n|move|p2a: Feetran|Earth Power|p1a: Ting-Lu\n|-damage|p1a: Ting-Lu|49\/100\n|\n|-heal|p2a: Feetran|65\/100|[from] item: Leftovers\n|-heal|p1a: Ting-Lu|55\/100|[from] item: Leftovers\n|upkeep\n|turn|30\n|\n|t:|1700330607\n|switch|p2a: Hans|Sneasler, M|100\/100 slp\n|move|p1a: Ting-Lu|Earthquake|p2a: Hans\n|-supereffective|p2a: Hans\n|-damage|p2a: Hans|0 fnt\n|faint|p2a: Hans\n|\n|-heal|p1a: Ting-Lu|61\/100|[from] item: Leftovers\n|upkeep\n|\n|t:|1700330620\n|switch|p2a: Feetran|Heatran, F|65\/100\n|turn|31\n|\n|t:|1700330625\n|move|p2a: Feetran|Taunt|p1a: Ting-Lu\n|-start|p1a: Ting-Lu|move: Taunt\n|move|p1a: Ting-Lu|Earthquake|p2a: Feetran\n|-supereffective|p2a: Feetran\n|-damage|p2a: Feetran|0 fnt\n|faint|p2a: Feetran\n|\n|-heal|p1a: Ting-Lu|67\/100|[from] item: Leftovers\n|upkeep\n|\n|t:|1700330635\n|switch|p2a: Slay|Kingambit, F|100\/100\n|-activate|p2a: Slay|ability: Supreme Overlord\n|-start|p2a: Slay|fallen5|[silent]\n|turn|32\n|\n|t:|1700330640\n|-terastallize|p2a: Slay|Flying\n|move|p2a: Slay|Swords Dance|p2a: Slay\n|-boost|p2a: Slay|atk|2\n|move|p1a: Ting-Lu|Earthquake|p2a: Slay\n|-immune|p2a: Slay\n|\n|-heal|p1a: Ting-Lu|74\/100|[from] item: Leftovers\n|upkeep\n|turn|33\n|\n|t:|1700330651\n|move|p2a: Slay|Swords Dance|p2a: Slay\n|-boost|p2a: Slay|atk|2\n|move|p1a: Ting-Lu|Ruination|p2a: Slay\n|-damage|p2a: Slay|51\/100\n|\n|-heal|p2a: Slay|57\/100|[from] item: Leftovers\n|-heal|p1a: Ting-Lu|80\/100|[from] item: Leftovers\n|-end|p1a: Ting-Lu|move: Taunt\n|upkeep\n|turn|34\n|\n|t:|1700330670\n|move|p2a: Slay|Kowtow Cleave|p1a: Ting-Lu\n|-resisted|p1a: Ting-Lu\n|-damage|p1a: Ting-Lu|22\/100\n|move|p1a: Ting-Lu|Ruination|p2a: Slay\n|-damage|p2a: Slay|29\/100\n|\n|-heal|p2a: Slay|35\/100|[from] item: Leftovers\n|-heal|p1a: Ting-Lu|28\/100|[from] item: Leftovers\n|upkeep\n|turn|35\n|\n|t:|1700330682\n|move|p2a: Slay|Kowtow Cleave|p1a: Ting-Lu\n|-resisted|p1a: Ting-Lu\n|-damage|p1a: Ting-Lu|0 fnt\n|faint|p1a: Ting-Lu\n|\n|-heal|p2a: Slay|41\/100|[from] item: Leftovers\n|upkeep\n|\n|t:|1700330683\n|switch|p1a: Zamazenta|Zamazenta, tera:Steel|96\/100\n|-damage|p1a: Zamazenta|90\/100|[from] Stealth Rock\n|turn|36\n|\n|t:|1700330695\n|move|p1a: Zamazenta|Stone Edge|p2a: Slay\n|-supereffective|p2a: Slay\n|-damage|p2a: Slay|0 fnt\n|faint|p2a: Slay\n|-end|p2a: Slay|fallen5|[silent]\n|\n|win|Welcometoearth420\n|raw|Welcometoearth420's rating: 1400 &rarr; <strong>1415<\/strong><br \/>(+15 for winning)\n|raw|yerdda's rating: 1309 &rarr; <strong>1294<\/strong><br \/>(-15 for losing)\n","uploadtime":1700330699,"views":10,"p1id":"welcometoearth420","p2id":"yerdda","formatid":"gen9ou","rating":1294,"private":0,"password":""}