{"id":"gen9ou-2000653808","p1":"2(H2O)-Alt","p2":"Flamin_snorlax","format":"[Gen 9] OU","log":"|j|\u26062(H2O)-Alt\n|j|\u2606Flamin_snorlax\n|t:|1701214963\n|gametype|singles\n|player|p1|2(H2O)-Alt|chase|1633\n|player|p2|Flamin_snorlax|colress|1549\n|teamsize|p1|6\n|teamsize|p2|6\n|gen|9\n|tier|[Gen 9] OU\n|rated|\n|rule|Sleep Clause Mod: Limit one foe put to sleep\n|rule|Species Clause: Limit one of each Pok\u00e9mon\n|rule|OHKO Clause: OHKO moves are banned\n|rule|Evasion Items Clause: Evasion items are banned\n|rule|Evasion Moves Clause: Evasion moves are banned\n|rule|Endless Battle Clause: Forcing endless battles is banned\n|rule|HP Percentage Mod: HP is shown in percentages\n|clearpoke\n|poke|p1|Iron Valiant|\n|poke|p1|Greninja-*, M|\n|poke|p1|Glimmora, M|\n|poke|p1|Kingambit, M|\n|poke|p1|Iron Jugulis|\n|poke|p1|Iron Moth|\n|poke|p2|Clefable, F|\n|poke|p2|Alomomola, F|\n|poke|p2|Blissey, F|\n|poke|p2|Clodsire, F|\n|poke|p2|Dondozo, M|\n|poke|p2|Amoonguss, M|\n|teampreview\n|inactive|Battle timer is ON: inactive players will automatically lose when time's up. (requested by 2(H2O)-Alt)\n|\n|t:|1701214978\n|start\n|switch|p1a: Glimmora|Glimmora, M|100\/100\n|switch|p2a: Amoonguss|Amoonguss, M|100\/100\n|turn|1\n|\n|t:|1701214983\n|move|p1a: Glimmora|Stealth Rock|p2a: Amoonguss\n|-sidestart|p2: Flamin_snorlax|move: Stealth Rock\n|move|p2a: Amoonguss|Spore|p1a: Glimmora\n|-status|p1a: Glimmora|slp|[from] move: Spore\n|\n|upkeep\n|turn|2\n|\n|t:|1701214985\n|switch|p1a: Iron Jugulis|Iron Jugulis|100\/100\n|-enditem|p1a: Iron Jugulis|Booster Energy\n|-activate|p1a: Iron Jugulis|ability: Quark Drive|[fromitem]\n|-start|p1a: Iron Jugulis|quarkdrivespe\n|move|p2a: Amoonguss|Giga Drain|p1a: Iron Jugulis\n|-resisted|p1a: Iron Jugulis\n|-damage|p1a: Iron Jugulis|87\/100\n|\n|upkeep\n|turn|3\n|\n|t:|1701214991\n|switch|p2a: Clefable|Clefable, F|100\/100\n|move|p1a: Iron Jugulis|Hurricane|p2a: Clefable\n|-crit|p2a: Clefable\n|-damage|p2a: Clefable|19\/100\n|-start|p2a: Clefable|confusion\n|\n|-heal|p2a: Clefable|25\/100|[from] item: Leftovers\n|upkeep\n|turn|4\n|\n|t:|1701214996\n|switch|p2a: Clodsire|Clodsire, F|100\/100\n|move|p1a: Iron Jugulis|Fire Blast|p2a: Clodsire\n|-damage|p2a: Clodsire|81\/100\n|\n|upkeep\n|turn|5\n|\n|t:|1701215001\n|move|p1a: Iron Jugulis|Taunt|p2a: Clodsire\n|-start|p2a: Clodsire|move: Taunt\n|move|p2a: Clodsire|Poison Jab|p1a: Iron Jugulis\n|-damage|p1a: Iron Jugulis|63\/100\n|\n|upkeep\n|turn|6\n|\n|t:|1701215008\n|switch|p2a: Blissey|Blissey, F|100\/100\n|move|p1a: Iron Jugulis|Knock Off|p2a: Blissey\n|-damage|p2a: Blissey|48\/100\n|-enditem|p2a: Blissey|Heavy-Duty Boots|[from] move: Knock Off|[of] p1a: Iron Jugulis\n|\n|upkeep\n|turn|7\n|\n|t:|1701215014\n|move|p2a: Blissey|Protect|p2a: Blissey\n|-singleturn|p2a: Blissey|Protect\n|move|p1a: Iron Jugulis|Knock Off|p2a: Blissey\n|-activate|p2a: Blissey|move: Protect\n|\n|upkeep\n|turn|8\n|\n|t:|1701215024\n|switch|p2a: Alomomola|Alomomola, F|100\/100\n|move|p1a: Iron Jugulis|Knock Off|p2a: Alomomola\n|-damage|p2a: Alomomola|87\/100\n|-enditem|p2a: Alomomola|Heavy-Duty Boots|[from] move: Knock Off|[of] p1a: Iron Jugulis\n|\n|upkeep\n|turn|9\n|\n|t:|1701215030\n|move|p1a: Iron Jugulis|Hurricane|p2a: Alomomola\n|-damage|p2a: Alomomola|33\/100\n|move|p2a: Alomomola|Mirror Coat|p1a: Iron Jugulis\n|-immune|p1a: Iron Jugulis\n|\n|upkeep\n|turn|10\n|\n|t:|1701215038\n|switch|p2a: Blissey|Blissey, F|48\/100\n|-damage|p2a: Blissey|36\/100|[from] Stealth Rock\n|move|p1a: Iron Jugulis|Hurricane|p2a: Blissey\n|-damage|p2a: Blissey|20\/100\n|\n|upkeep\n|turn|11\n|\n|t:|1701215047\n|switch|p2a: Clodsire|Clodsire, F|81\/100\n|move|p1a: Iron Jugulis|Knock Off|p2a: Clodsire\n|-damage|p2a: Clodsire|52\/100\n|-enditem|p2a: Clodsire|Heavy-Duty Boots|[from] move: Knock Off|[of] p1a: Iron Jugulis\n|\n|upkeep\n|turn|12\n|\n|t:|1701215051\n|move|p1a: Iron Jugulis|Hurricane|p2a: Clodsire\n|-damage|p2a: Clodsire|21\/100\n|move|p2a: Clodsire|Recover|p2a: Clodsire\n|-heal|p2a: Clodsire|71\/100\n|\n|upkeep\n|turn|13\n|\n|t:|1701215055\n|move|p1a: Iron Jugulis|Hurricane|p2a: Clodsire\n|-damage|p2a: Clodsire|39\/100\n|move|p2a: Clodsire|Amnesia|p2a: Clodsire\n|-boost|p2a: Clodsire|spd|2\n|\n|upkeep\n|turn|14\n|\n|t:|1701215059\n|move|p1a: Iron Jugulis|Taunt|p2a: Clodsire\n|-start|p2a: Clodsire|move: Taunt\n|cant|p2a: Clodsire|move: Taunt|Recover\n|\n|upkeep\n|turn|15\n|\n|t:|1701215062\n|move|p1a: Iron Jugulis|Knock Off|p2a: Clodsire\n|-damage|p2a: Clodsire|21\/100\n|move|p2a: Clodsire|Poison Jab|p1a: Iron Jugulis\n|-damage|p1a: Iron Jugulis|40\/100\n|\n|upkeep\n|turn|16\n|\n|t:|1701215066\n|move|p1a: Iron Jugulis|Knock Off|p2a: Clodsire\n|-damage|p2a: Clodsire|2\/100\n|move|p2a: Clodsire|Poison Jab|p1a: Iron Jugulis\n|-crit|p1a: Iron Jugulis\n|-damage|p1a: Iron Jugulis|3\/100\n|-status|p1a: Iron Jugulis|psn\n|\n|-damage|p1a: Iron Jugulis|0 fnt|[from] psn\n|faint|p1a: Iron Jugulis\n|-end|p1a: Iron Jugulis|Quark Drive|[silent]\n|-end|p2a: Clodsire|move: Taunt\n|upkeep\n|\n|t:|1701215072\n|switch|p1a: Greninja|Greninja, M|100\/100\n|turn|17\n|\n|t:|1701215077\n|switch|p2a: Alomomola|Alomomola, F|66\/100\n|-damage|p2a: Alomomola|53\/100|[from] Stealth Rock\n|move|p1a: Greninja|Dark Pulse|p2a: Alomomola\n|-damage|p2a: Alomomola|9\/100\n|-damage|p1a: Greninja|91\/100|[from] item: Life Orb\n|\n|upkeep\n|turn|18\n|\n|t:|1701215081\n|switch|p2a: Clodsire|Clodsire, F|2\/100\n|-damage|p2a: Clodsire|0 fnt|[from] Stealth Rock\n|faint|p2a: Clodsire\n|move|p1a: Greninja|Spikes|p2: Clodsire\n|-sidestart|p2: Flamin_snorlax|Spikes\n|\n|upkeep\n|\n|t:|1701215091\n|switch|p2a: Amoonguss|Amoonguss, M|100\/100\n|turn|19\n|\n|t:|1701215100\n|switch|p1a: Glimmora|Glimmora, M|100\/100 slp\n|move|p2a: Amoonguss|Sludge Bomb|p1a: Glimmora\n|-resisted|p1a: Glimmora\n|-damage|p1a: Glimmora|92\/100 slp\n|\n|upkeep\n|turn|20\n|\n|t:|1701215111\n|switch|p1a: Kingambit|Kingambit, M|100\/100\n|-activate|p1a: Kingambit|ability: Supreme Overlord\n|-start|p1a: Kingambit|fallen1|[silent]\n|switch|p2a: Blissey|Blissey, F|20\/100\n|-damage|p2a: Blissey|7\/100|[from] Stealth Rock\n|-damage|p2a: Blissey|0 fnt|[from] Spikes\n|faint|p2a: Blissey\n|\n|upkeep\n|\n|t:|1701215113\n|switch|p2a: Dondozo|Dondozo, M|100\/100\n|turn|21\n|\n|t:|1701215117\n|-end|p1a: Kingambit|fallen1|[silent]\n|switch|p1a: Glimmora|Glimmora, M|92\/100 slp\n|move|p2a: Dondozo|Body Press|p1a: Glimmora\n|-damage|p1a: Glimmora|61\/100 slp\n|-activate|p1a: Glimmora|ability: Toxic Debris\n|-sidestart|p2: Flamin_snorlax|move: Toxic Spikes\n|\n|upkeep\n|turn|22\n|\n|t:|1701215123\n|switch|p2a: Amoonguss|Amoonguss, M|100\/100\n|-sideend|p2: Flamin_snorlax|move: Toxic Spikes|[of] p2a: Amoonguss\n|cant|p1a: Glimmora|slp\n|\n|upkeep\n|turn|23\n|\n|t:|1701215127\n|-curestatus|p1a: Glimmora|slp|[msg]\n|move|p1a: Glimmora|Earth Power|p2a: Amoonguss\n|-damage|p2a: Amoonguss|76\/100\n|move|p2a: Amoonguss|Giga Drain|p1a: Glimmora\n|-damage|p1a: Glimmora|30\/100\n|-heal|p2a: Amoonguss|88\/100|[from] drain|[of] p1a: Glimmora\n|\n|upkeep\n|turn|24\n|\n|t:|1701215131\n|move|p1a: Glimmora|Earth Power|p2a: Amoonguss\n|-damage|p2a: Amoonguss|61\/100\n|move|p2a: Amoonguss|Giga Drain|p1a: Glimmora\n|-damage|p1a: Glimmora|1\/100\n|-heal|p2a: Amoonguss|71\/100|[from] drain|[of] p1a: Glimmora\n|\n|upkeep\n|turn|25\n|\n|t:|1701215133\n|move|p1a: Glimmora|Earth Power|p2a: Amoonguss\n|-damage|p2a: Amoonguss|47\/100\n|move|p2a: Amoonguss|Giga Drain|p1a: Glimmora\n|-damage|p1a: Glimmora|0 fnt\n|-heal|p2a: Amoonguss|47\/100|[from] drain|[of] p1a: Glimmora\n|faint|p1a: Glimmora\n|\n|upkeep\n|\n|t:|1701215136\n|switch|p1a: Iron Moth|Iron Moth|100\/100\n|-enditem|p1a: Iron Moth|Booster Energy\n|-activate|p1a: Iron Moth|ability: Quark Drive|[fromitem]\n|-start|p1a: Iron Moth|quarkdrivespe\n|turn|26\n|\n|t:|1701215143\n|switch|p2a: Alomomola|Alomomola, F|42\/100\n|-damage|p2a: Alomomola|30\/100|[from] Stealth Rock\n|-damage|p2a: Alomomola|17\/100|[from] Spikes\n|move|p1a: Iron Moth|Substitute|p1a: Iron Moth\n|-start|p1a: Iron Moth|Substitute\n|-damage|p1a: Iron Moth|76\/100\n|\n|upkeep\n|turn|27\n|\n|t:|1701215151\n|switch|p2a: Clefable|Clefable, F|25\/100\n|move|p1a: Iron Moth|Fiery Dance|p2a: Clefable\n|-damage|p2a: Clefable|0 fnt\n|faint|p2a: Clefable\n|\n|upkeep\n|\n|t:|1701215161\n|switch|p2a: Amoonguss|Amoonguss, M|81\/100\n|turn|28\n|\n|t:|1701215172\n|-terastallize|p2a: Amoonguss|Flying\n|move|p1a: Iron Moth|Fiery Dance|p2a: Amoonguss\n|-damage|p2a: Amoonguss|45\/100\n|move|p2a: Amoonguss|Giga Drain|p1a: Iron Moth\n|-resisted|p1a: Iron Moth\n|-activate|p1a: Iron Moth|move: Substitute|[damage]\n|-heal|p2a: Amoonguss|47\/100|[from] drain|[of] p1a: Iron Moth\n|\n|upkeep\n|turn|29\n|-message|Flamin_snorlax forfeited.\n|\n|win|2(H2O)-Alt\n|raw|2(H2O)-Alt's rating: 1633 &rarr; <strong>1648<\/strong><br \/>(+15 for winning)\n|raw|Flamin_snorlax's rating: 1549 &rarr; <strong>1534<\/strong><br \/>(-15 for losing)\n|l|\u2606Flamin_snorlax\n","uploadtime":1701215182,"views":1,"p1id":"2h2oalt","p2id":"flaminsnorlax","formatid":"gen9ou","rating":1534,"private":0,"password":""}