{"id":"gen9ou-1992575375","p1":"Speedrun2Lobby","p2":"etgfrfe4","format":"[Gen 9] OU","log":"|j|\u2606Speedrun2Lobby\n|j|\u2606etgfrfe4\n|t:|1700208556\n|gametype|singles\n|player|p1|Speedrun2Lobby|101|1560\n|player|p2|etgfrfe4|burglar|1489\n|teamsize|p1|6\n|teamsize|p2|6\n|gen|9\n|tier|[Gen 9] OU\n|rated|\n|rule|Sleep Clause Mod: Limit one foe put to sleep\n|rule|Species Clause: Limit one of each Pok\u00e9mon\n|rule|OHKO Clause: OHKO moves are banned\n|rule|Evasion Items Clause: Evasion items are banned\n|rule|Evasion Moves Clause: Evasion moves are banned\n|rule|Endless Battle Clause: Forcing endless battles is banned\n|rule|HP Percentage Mod: HP is shown in percentages\n|clearpoke\n|poke|p1|Iron Valiant|\n|poke|p1|Gholdengo|\n|poke|p1|Great Tusk|\n|poke|p1|Greninja-*, M|\n|poke|p1|Ogerpon-Wellspring, F|\n|poke|p1|Iron Moth|\n|poke|p2|Ceruledge, F|\n|poke|p2|Sinistcha|\n|poke|p2|Mimikyu, M|\n|poke|p2|Mamoswine, M|\n|poke|p2|Garchomp, F|\n|poke|p2|Sandy Shocks|\n|teampreview\n|\n|t:|1700208628\n|start\n|switch|p1a: Ogerpon|Ogerpon-Wellspring, F|100\/100\n|switch|p2a: Mamoswine|Mamoswine, M|100\/100\n|turn|1\n|inactive|Battle timer is ON: inactive players will automatically lose when time's up. (requested by etgfrfe4)\n|\n|t:|1700208645\n|move|p1a: Ogerpon|Swords Dance|p1a: Ogerpon\n|-boost|p1a: Ogerpon|atk|2\n|move|p2a: Mamoswine|Freeze-Dry|p1a: Ogerpon\n|-supereffective|p1a: Ogerpon\n|-damage|p1a: Ogerpon|0 fnt\n|faint|p1a: Ogerpon\n|\n|upkeep\n|\n|t:|1700208653\n|switch|p1a: Great Tusk|Great Tusk|100\/100\n|turn|2\n|\n|t:|1700208660\n|move|p1a: Great Tusk|Knock Off|p2a: Mamoswine\n|-damage|p2a: Mamoswine|63\/100\n|-enditem|p2a: Mamoswine|Focus Sash|[from] move: Knock Off|[of] p1a: Great Tusk\n|move|p2a: Mamoswine|Freeze-Dry|p1a: Great Tusk\n|-supereffective|p1a: Great Tusk\n|-damage|p1a: Great Tusk|38\/100\n|\n|-heal|p1a: Great Tusk|44\/100|[from] item: Leftovers\n|upkeep\n|turn|3\n|\n|t:|1700208668\n|-end|p1a: Great Tusk|Protosynthesis|[silent]\n|switch|p1a: Iron Moth|Iron Moth|100\/100\n|move|p2a: Mamoswine|Ice Shard|p1a: Iron Moth\n|-resisted|p1a: Iron Moth\n|-damage|p1a: Iron Moth|83\/100\n|\n|upkeep\n|turn|4\n|\n|t:|1700208671\n|move|p1a: Iron Moth|Fiery Dance|p2a: Mamoswine\n|-supereffective|p2a: Mamoswine\n|-damage|p2a: Mamoswine|0 fnt\n|faint|p2a: Mamoswine\n|\n|upkeep\n|\n|t:|1700208679\n|switch|p2a: Sandy Shocks|Sandy Shocks|100\/100\n|-enditem|p2a: Sandy Shocks|Booster Energy\n|-activate|p2a: Sandy Shocks|ability: Protosynthesis|[fromitem]\n|-start|p2a: Sandy Shocks|protosynthesisspe\n|turn|5\n|\n|t:|1700208689\n|-end|p1a: Iron Moth|Quark Drive|[silent]\n|switch|p1a: Great Tusk|Great Tusk|44\/100\n|move|p2a: Sandy Shocks|Earth Power|p1a: Great Tusk\n|-damage|p1a: Great Tusk|0 fnt\n|faint|p1a: Great Tusk\n|-end|p1a: Great Tusk|Protosynthesis|[silent]\n|\n|upkeep\n|\n|t:|1700208691\n|switch|p1a: Greninja|Greninja, M|100\/100\n|turn|6\n|\n|t:|1700208701\n|move|p1a: Greninja|Water Shuriken|p2a: Sandy Shocks\n|-supereffective|p2a: Sandy Shocks\n|-damage|p2a: Sandy Shocks|85\/100\n|-supereffective|p2a: Sandy Shocks\n|-damage|p2a: Sandy Shocks|70\/100\n|-supereffective|p2a: Sandy Shocks\n|-crit|p2a: Sandy Shocks\n|-damage|p2a: Sandy Shocks|47\/100\n|-supereffective|p2a: Sandy Shocks\n|-damage|p2a: Sandy Shocks|31\/100\n|-hitcount|p2a: Sandy Shocks|4\n|move|p2a: Sandy Shocks|Thunderbolt|p1a: Greninja\n|-supereffective|p1a: Greninja\n|-crit|p1a: Greninja\n|-damage|p1a: Greninja|0 fnt\n|faint|p1a: Greninja\n|\n|upkeep\n|\n|t:|1700208715\n|switch|p1a: Gholdengo|Gholdengo|100\/100\n|turn|7\n|\n|t:|1700208721\n|-terastallize|p1a: Gholdengo|Fighting\n|move|p2a: Sandy Shocks|Thunderbolt|p1a: Gholdengo\n|-damage|p1a: Gholdengo|61\/100\n|move|p1a: Gholdengo|Shadow Ball|p2a: Sandy Shocks\n|-damage|p2a: Sandy Shocks|0 fnt\n|faint|p2a: Sandy Shocks\n|-end|p2a: Sandy Shocks|Protosynthesis|[silent]\n|\n|-heal|p1a: Gholdengo|67\/100|[from] item: Leftovers\n|upkeep\n|\n|t:|1700208736\n|switch|p2a: Garchomp|Garchomp, F|100\/100\n|turn|8\n|\n|t:|1700208743\n|move|p2a: Garchomp|Earthquake|p1a: Gholdengo\n|-damage|p1a: Gholdengo|39\/100\n|move|p1a: Gholdengo|Shadow Ball|p2a: Garchomp\n|-damage|p2a: Garchomp|70\/100\n|\n|-heal|p1a: Gholdengo|45\/100|[from] item: Leftovers\n|upkeep\n|turn|9\n|\n|t:|1700208748\n|move|p2a: Garchomp|Earthquake|p1a: Gholdengo\n|-damage|p1a: Gholdengo|17\/100\n|move|p1a: Gholdengo|Recover|p1a: Gholdengo\n|-heal|p1a: Gholdengo|67\/100\n|\n|-heal|p1a: Gholdengo|73\/100|[from] item: Leftovers\n|upkeep\n|turn|10\n|\n|t:|1700208755\n|switch|p2a: Ceruledge|Ceruledge, F|100\/100\n|move|p1a: Gholdengo|Shadow Ball|p2a: Ceruledge\n|-supereffective|p2a: Ceruledge\n|-damage|p2a: Ceruledge|63\/100\n|-unboost|p2a: Ceruledge|spd|1\n|\n|-heal|p1a: Gholdengo|79\/100|[from] item: Leftovers\n|upkeep\n|turn|11\n|\n|t:|1700208758\n|move|p2a: Ceruledge|Bitter Blade|p1a: Gholdengo\n|-damage|p1a: Gholdengo|52\/100\n|-heal|p2a: Ceruledge|78\/100|[from] drain|[of] p1a: Gholdengo\n|move|p1a: Gholdengo|Thunder Wave|p2a: Ceruledge\n|-status|p2a: Ceruledge|par\n|\n|-heal|p1a: Gholdengo|58\/100|[from] item: Leftovers\n|upkeep\n|turn|12\n|\n|t:|1700208767\n|move|p1a: Gholdengo|Shadow Ball|p2a: Ceruledge\n|-supereffective|p2a: Ceruledge\n|-damage|p2a: Ceruledge|21\/100 par\n|-unboost|p2a: Ceruledge|spd|1\n|move|p2a: Ceruledge|Poltergeist|p1a: Gholdengo\n|-activate|p1a: Gholdengo|move: Poltergeist|Leftovers\n|-damage|p1a: Gholdengo|21\/100\n|\n|-heal|p1a: Gholdengo|27\/100|[from] item: Leftovers\n|upkeep\n|turn|13\n|\n|t:|1700208776\n|move|p2a: Ceruledge|Shadow Sneak|p1a: Gholdengo\n|-damage|p1a: Gholdengo|14\/100\n|move|p1a: Gholdengo|Recover|p1a: Gholdengo\n|-heal|p1a: Gholdengo|64\/100\n|\n|-heal|p1a: Gholdengo|70\/100|[from] item: Leftovers\n|upkeep\n|turn|14\n|\n|t:|1700208780\n|move|p2a: Ceruledge|Shadow Sneak|p1a: Gholdengo\n|-damage|p1a: Gholdengo|58\/100\n|move|p1a: Gholdengo|Recover|p1a: Gholdengo\n|-heal|p1a: Gholdengo|100\/100\n|\n|upkeep\n|turn|15\n|\n|t:|1700208784\n|move|p2a: Ceruledge|Shadow Sneak|p1a: Gholdengo\n|-damage|p1a: Gholdengo|88\/100\n|move|p1a: Gholdengo|Shadow Ball|p2a: Ceruledge\n|-supereffective|p2a: Ceruledge\n|-damage|p2a: Ceruledge|0 fnt\n|faint|p2a: Ceruledge\n|\n|-heal|p1a: Gholdengo|94\/100|[from] item: Leftovers\n|upkeep\n|\n|t:|1700208789\n|switch|p2a: Mimikyu|Mimikyu, M|100\/100\n|turn|16\n|\n|t:|1700208798\n|move|p2a: Mimikyu|Play Rough|p1a: Gholdengo\n|-supereffective|p1a: Gholdengo\n|-damage|p1a: Gholdengo|19\/100\n|-damage|p2a: Mimikyu|91\/100|[from] item: Life Orb\n|move|p1a: Gholdengo|Thunder Wave|p2a: Mimikyu\n|-status|p2a: Mimikyu|par\n|\n|-heal|p1a: Gholdengo|25\/100|[from] item: Leftovers\n|upkeep\n|turn|17\n|\n|t:|1700208804\n|cant|p2a: Mimikyu|par\n|move|p1a: Gholdengo|Shadow Ball|p2a: Mimikyu\n|-activate|p2a: Mimikyu|ability: Disguise\n|-damage|p2a: Mimikyu|91\/100 par\n|-unboost|p2a: Mimikyu|spd|1\n|detailschange|p2a: Mimikyu|Mimikyu-Busted, M\n|-damage|p2a: Mimikyu|78\/100 par|[from] pokemon: Mimikyu-Busted\n|\n|-heal|p1a: Gholdengo|31\/100|[from] item: Leftovers\n|upkeep\n|turn|18\n|\n|t:|1700208808\n|-terastallize|p2a: Mimikyu|Ghost\n|move|p2a: Mimikyu|Shadow Sneak|p1a: Gholdengo\n|-damage|p1a: Gholdengo|11\/100\n|-damage|p2a: Mimikyu|68\/100 par|[from] item: Life Orb\n|move|p1a: Gholdengo|Recover|p1a: Gholdengo\n|-heal|p1a: Gholdengo|61\/100\n|\n|-heal|p1a: Gholdengo|67\/100|[from] item: Leftovers\n|upkeep\n|turn|19\n|\n|t:|1700208812\n|move|p1a: Gholdengo|Shadow Ball|p2a: Mimikyu\n|-supereffective|p2a: Mimikyu\n|-damage|p2a: Mimikyu|0 fnt\n|faint|p2a: Mimikyu\n|\n|-heal|p1a: Gholdengo|73\/100|[from] item: Leftovers\n|upkeep\n|\n|t:|1700208817\n|switch|p2a: Sinistcha|Sinistcha|100\/100\n|turn|20\n|\n|t:|1700208822\n|move|p1a: Gholdengo|Shadow Ball|p2a: Sinistcha\n|-supereffective|p2a: Sinistcha\n|-damage|p2a: Sinistcha|25\/100\n|move|p2a: Sinistcha|Matcha Gotcha|p1a: Gholdengo\n|-damage|p1a: Gholdengo|38\/100\n|-heal|p2a: Sinistcha|44\/100|[from] drain|[of] p1a: Gholdengo\n|-status|p1a: Gholdengo|brn\n|\n|-heal|p1a: Gholdengo|44\/100 brn|[from] item: Leftovers\n|-damage|p1a: Gholdengo|38\/100 brn|[from] brn\n|upkeep\n|turn|21\n|\n|t:|1700208831\n|move|p1a: Gholdengo|Shadow Ball|p2a: Sinistcha\n|-supereffective|p2a: Sinistcha\n|-damage|p2a: Sinistcha|0 fnt\n|faint|p2a: Sinistcha\n|\n|-heal|p1a: Gholdengo|44\/100 brn|[from] item: Leftovers\n|-damage|p1a: Gholdengo|38\/100 brn|[from] brn\n|upkeep\n|\n|t:|1700208833\n|switch|p2a: Garchomp|Garchomp, F|70\/100\n|turn|22\n|\n|t:|1700208839\n|move|p2a: Garchomp|Earthquake|p1a: Gholdengo\n|-damage|p1a: Gholdengo|9\/100 brn\n|move|p1a: Gholdengo|Recover|p1a: Gholdengo\n|-heal|p1a: Gholdengo|59\/100 brn\n|\n|-heal|p1a: Gholdengo|65\/100 brn|[from] item: Leftovers\n|-damage|p1a: Gholdengo|59\/100 brn|[from] brn\n|upkeep\n|turn|23\n|\n|t:|1700208843\n|move|p2a: Garchomp|Earthquake|p1a: Gholdengo\n|-damage|p1a: Gholdengo|31\/100 brn\n|move|p1a: Gholdengo|Recover|p1a: Gholdengo\n|-heal|p1a: Gholdengo|81\/100 brn\n|\n|-heal|p1a: Gholdengo|87\/100 brn|[from] item: Leftovers\n|-damage|p1a: Gholdengo|81\/100 brn|[from] brn\n|upkeep\n|turn|24\n|\n|t:|1700208849\n|move|p2a: Garchomp|Earthquake|p1a: Gholdengo\n|-damage|p1a: Gholdengo|52\/100 brn\n|move|p1a: Gholdengo|Shadow Ball|p2a: Garchomp\n|-damage|p2a: Garchomp|38\/100\n|-unboost|p2a: Garchomp|spd|1\n|\n|-heal|p1a: Gholdengo|58\/100 brn|[from] item: Leftovers\n|-damage|p1a: Gholdengo|52\/100 brn|[from] brn\n|upkeep\n|turn|25\n|\n|t:|1700208852\n|move|p2a: Garchomp|Earthquake|p1a: Gholdengo\n|-damage|p1a: Gholdengo|24\/100 brn\n|move|p1a: Gholdengo|Shadow Ball|p2a: Garchomp\n|-damage|p2a: Garchomp|0 fnt\n|faint|p2a: Garchomp\n|\n|win|Speedrun2Lobby\n|raw|Speedrun2Lobby's rating: 1560 &rarr; <strong>1576<\/strong><br \/>(+16 for winning)\n|raw|etgfrfe4's rating: 1489 &rarr; <strong>1473<\/strong><br \/>(-16 for losing)\n|l|\u2606etgfrfe4\n|c|\u2606Speedrun2Lobby|gg wp\n","uploadtime":1700208908,"views":12,"p1id":"speedrun2lobby","p2id":"etgfrfe4","formatid":"gen9ou","rating":1473,"private":0,"password":""}