{"id":"gen9ou-1999708181","p1":"Zergut","p2":"alkazoth","format":"[Gen 9] OU","log":"|j|\u2606Zergut\n|j|\u2606alkazoth\n|t:|1701109683\n|gametype|singles\n|player|p1|Zergut|falkner|1281\n|player|p2|alkazoth|ballguy|1417\n|teamsize|p1|6\n|teamsize|p2|6\n|gen|9\n|tier|[Gen 9] OU\n|rated|\n|rule|Sleep Clause Mod: Limit one foe put to sleep\n|rule|Species Clause: Limit one of each Pok\u00e9mon\n|rule|OHKO Clause: OHKO moves are banned\n|rule|Evasion Items Clause: Evasion items are banned\n|rule|Evasion Moves Clause: Evasion moves are banned\n|rule|Endless Battle Clause: Forcing endless battles is banned\n|rule|HP Percentage Mod: HP is shown in percentages\n|clearpoke\n|poke|p1|Corviknight, M|\n|poke|p1|Toxapex, F|\n|poke|p1|Blissey, F|\n|poke|p1|Tornadus-Therian, M|\n|poke|p1|Dondozo, M|\n|poke|p1|Landorus-Therian, M|\n|poke|p2|Great Tusk|\n|poke|p2|Bellibolt, M|\n|poke|p2|Milotic, F|\n|poke|p2|Heatran, F|\n|poke|p2|Sinistcha-Masterpiece|\n|poke|p2|Dragapult, F|\n|teampreview\n|inactive|Battle timer is ON: inactive players will automatically lose when time's up. (requested by Zergut)\n|\n|t:|1701109692\n|start\n|switch|p1a: Landorus|Landorus-Therian, M|100\/100\n|switch|p2a: Dragapult|Dragapult, F|100\/100\n|-ability|p1a: Landorus|Intimidate|boost\n|-unboost|p2a: Dragapult|atk|1\n|turn|1\n|\n|t:|1701109700\n|move|p2a: Dragapult|Will-O-Wisp|p1a: Landorus\n|-status|p1a: Landorus|brn\n|move|p1a: Landorus|Stealth Rock|p2a: Dragapult\n|-sidestart|p2: alkazoth|move: Stealth Rock\n|\n|-damage|p1a: Landorus|94\/100 brn|[from] brn\n|upkeep\n|turn|2\n|\n|t:|1701109709\n|move|p2a: Dragapult|Hex|p1a: Landorus\n|-damage|p1a: Landorus|39\/100 brn\n|move|p1a: Landorus|U-turn|p2a: Dragapult\n|-resisted|p2a: Dragapult\n|-crit|p2a: Dragapult\n|-damage|p2a: Dragapult|89\/100\n|\n|t:|1701109716\n|switch|p1a: Blissey|Blissey, F, shiny|100\/100|[from] U-turn\n|\n|upkeep\n|turn|3\n|\n|t:|1701109736\n|move|p2a: Dragapult|U-turn|p1a: Blissey\n|-damage|p1a: Blissey|73\/100\n|\n|t:|1701109744\n|switch|p2a: Great Tusk|Great Tusk|100\/100|[from] U-turn\n|move|p1a: Blissey|Calm Mind|p1a: Blissey\n|-boost|p1a: Blissey|spa|1\n|-boost|p1a: Blissey|spd|1\n|\n|upkeep\n|turn|4\n|\n|t:|1701109752\n|switch|p1a: Landorus|Landorus-Therian, M|39\/100 brn\n|-ability|p1a: Landorus|Intimidate|boost\n|-unboost|p2a: Great Tusk|atk|1\n|move|p2a: Great Tusk|Rapid Spin|p1a: Landorus\n|-damage|p1a: Landorus|32\/100 brn\n|-boost|p2a: Great Tusk|spe|1\n|-damage|p2a: Great Tusk|84\/100|[from] item: Rocky Helmet|[of] p1a: Landorus\n|-sideend|p2: alkazoth|Stealth Rock|[from] move: Rapid Spin|[of] p2a: Great Tusk\n|\n|-damage|p1a: Landorus|26\/100 brn|[from] brn\n|upkeep\n|turn|5\n|\n|t:|1701109771\n|move|p2a: Great Tusk|Ice Spinner|p1a: Landorus\n|-supereffective|p1a: Landorus\n|-damage|p1a: Landorus|0 fnt\n|-damage|p2a: Great Tusk|68\/100|[from] item: Rocky Helmet|[of] p1a: Landorus\n|faint|p1a: Landorus\n|\n|upkeep\n|\n|t:|1701109780\n|switch|p1a: Dondozo|Dondozo, M|100\/100\n|turn|6\n|\n|t:|1701109786\n|-end|p2a: Great Tusk|Protosynthesis|[silent]\n|switch|p2a: Bellibolt|Bellibolt, M|100\/100\n|move|p1a: Dondozo|Liquidation|p2a: Bellibolt\n|-damage|p2a: Bellibolt|83\/100\n|-unboost|p2a: Bellibolt|def|1\n|-start|p2a: Bellibolt|Charge|Liquidation|[from] ability: Electromorphosis\n|\n|upkeep\n|turn|7\n|\n|t:|1701109796\n|switch|p1a: Blissey|Blissey, F, shiny|73\/100\n|move|p2a: Bellibolt|Toxic|p1a: Blissey\n|-status|p1a: Blissey|tox\n|\n|-damage|p1a: Blissey|67\/100 tox|[from] psn\n|upkeep\n|turn|8\n|\n|t:|1701109813\n|-curestatus|p1a: Blissey|tox|[from] ability: Natural Cure\n|switch|p1a: Toxapex|Toxapex, F|100\/100\n|switch|p2a: Dragapult|Dragapult, F|89\/100\n|\n|upkeep\n|turn|9\n|\n|t:|1701109837\n|move|p2a: Dragapult|Will-O-Wisp|p1a: Toxapex|[miss]\n|-miss|p2a: Dragapult|p1a: Toxapex\n|move|p1a: Toxapex|Toxic|p2a: Dragapult\n|-status|p2a: Dragapult|tox\n|\n|-damage|p2a: Dragapult|83\/100 tox|[from] psn\n|upkeep\n|turn|10\n|\n|t:|1701109851\n|move|p2a: Dragapult|U-turn|p1a: Toxapex\n|-resisted|p1a: Toxapex\n|-damage|p1a: Toxapex|92\/100\n|\n|t:|1701109856\n|switch|p2a: Milotic|Milotic, F|100\/100|[from] U-turn\n|move|p1a: Toxapex|Infestation|p2a: Milotic\n|-damage|p2a: Milotic|99\/100\n|-activate|p2a: Milotic|move: Infestation|[of] p1a: Toxapex\n|\n|-damage|p2a: Milotic|86\/100|[from] move: Infestation|[partiallytrapped]\n|upkeep\n|turn|11\n|\n|t:|1701109865\n|move|p2a: Milotic|Scald|p1a: Toxapex\n|-resisted|p1a: Toxapex\n|-damage|p1a: Toxapex|83\/100\n|move|p1a: Toxapex|Toxic|p2a: Milotic\n|-status|p2a: Milotic|tox\n|\n|-damage|p2a: Milotic|80\/100 tox|[from] psn\n|-damage|p2a: Milotic|68\/100 tox|[from] move: Infestation|[partiallytrapped]\n|upkeep\n|turn|12\n|\n|t:|1701109875\n|move|p2a: Milotic|Scald|p1a: Toxapex\n|-resisted|p1a: Toxapex\n|-damage|p1a: Toxapex|75\/100\n|move|p1a: Toxapex|Infestation|p2a: Milotic\n|-damage|p2a: Milotic|66\/100 tox\n|\n|-damage|p2a: Milotic|54\/100 tox|[from] psn\n|-damage|p2a: Milotic|41\/100 tox|[from] move: Infestation|[partiallytrapped]\n|upkeep\n|turn|13\n|\n|t:|1701109885\n|move|p2a: Milotic|Recover|p2a: Milotic\n|-heal|p2a: Milotic|91\/100 tox\n|move|p1a: Toxapex|Infestation|p2a: Milotic\n|-damage|p2a: Milotic|90\/100 tox\n|\n|-damage|p2a: Milotic|71\/100 tox|[from] psn\n|-damage|p2a: Milotic|59\/100 tox|[from] move: Infestation|[partiallytrapped]\n|upkeep\n|turn|14\n|\n|t:|1701109894\n|move|p2a: Milotic|Recover|p2a: Milotic\n|-heal|p2a: Milotic|100\/100 tox\n|move|p1a: Toxapex|Infestation|p2a: Milotic\n|-damage|p2a: Milotic|99\/100 tox\n|\n|-damage|p2a: Milotic|74\/100 tox|[from] psn\n|-damage|p2a: Milotic|62\/100 tox|[from] move: Infestation|[partiallytrapped]\n|upkeep\n|turn|15\n|\n|t:|1701109902\n|move|p2a: Milotic|Recover|p2a: Milotic\n|-heal|p2a: Milotic|100\/100 tox\n|move|p1a: Toxapex|Infestation|p2a: Milotic\n|-damage|p2a: Milotic|99\/100 tox\n|\n|-damage|p2a: Milotic|68\/100 tox|[from] psn\n|-end|p2a: Milotic|Infestation|[partiallytrapped]\n|upkeep\n|turn|16\n|\n|t:|1701109912\n|switch|p2a: Heatran|Heatran, F|100\/100\n|move|p1a: Toxapex|Infestation|p2a: Heatran\n|-resisted|p2a: Heatran\n|-damage|p2a: Heatran|99\/100\n|-activate|p2a: Heatran|move: Infestation|[of] p1a: Toxapex\n|\n|-heal|p2a: Heatran|100\/100|[from] item: Leftovers\n|-damage|p2a: Heatran|88\/100|[from] move: Infestation|[partiallytrapped]\n|upkeep\n|turn|17\n|\n|t:|1701109925\n|move|p2a: Heatran|Earth Power|p1a: Toxapex\n|-supereffective|p1a: Toxapex\n|-damage|p1a: Toxapex|43\/100\n|move|p1a: Toxapex|Recover|p1a: Toxapex\n|-heal|p1a: Toxapex|93\/100\n|\n|-heal|p2a: Heatran|94\/100|[from] item: Leftovers\n|-damage|p2a: Heatran|82\/100|[from] move: Infestation|[partiallytrapped]\n|upkeep\n|turn|18\n|\n|t:|1701109936\n|switch|p1a: Blissey|Blissey, F, shiny|67\/100\n|move|p2a: Heatran|Magma Storm|p1a: Blissey|[miss]\n|-miss|p2a: Heatran|p1a: Blissey\n|\n|-heal|p2a: Heatran|88\/100|[from] item: Leftovers\n|-end|p2a: Heatran|Infestation|[partiallytrapped]|[silent]\n|upkeep\n|turn|19\n|\n|t:|1701109945\n|move|p2a: Heatran|Taunt|p1a: Blissey\n|-start|p1a: Blissey|move: Taunt\n|cant|p1a: Blissey|move: Taunt|Soft-Boiled\n|\n|-heal|p2a: Heatran|94\/100|[from] item: Leftovers\n|upkeep\n|turn|20\n|\n|t:|1701109955\n|move|p2a: Heatran|Magma Storm|p1a: Blissey|[miss]\n|-miss|p2a: Heatran|p1a: Blissey\n|move|p1a: Blissey|Seismic Toss|p2a: Heatran\n|-damage|p2a: Heatran|68\/100\n|\n|-heal|p2a: Heatran|74\/100|[from] item: Leftovers\n|upkeep\n|turn|21\n|\n|t:|1701109966\n|switch|p2a: Dragapult|Dragapult, F|83\/100 tox\n|switch|p1a: Dondozo|Dondozo, M|100\/100\n|\n|-damage|p2a: Dragapult|77\/100 tox|[from] psn\n|upkeep\n|turn|22\n|\n|t:|1701109974\n|move|p2a: Dragapult|U-turn|p1a: Dondozo\n|-damage|p1a: Dondozo|92\/100\n|\n|t:|1701109993\n|switch|p2a: Bellibolt|Bellibolt, M|83\/100|[from] U-turn\n|move|p1a: Dondozo|Liquidation|p2a: Bellibolt\n|-crit|p2a: Bellibolt\n|-damage|p2a: Bellibolt|56\/100\n|-start|p2a: Bellibolt|Charge|Liquidation|[from] ability: Electromorphosis\n|\n|upkeep\n|turn|23\n|\n|t:|1701110004\n|switch|p1a: Blissey|Blissey, F, shiny|67\/100\n|move|p2a: Bellibolt|Slack Off|p2a: Bellibolt\n|-heal|p2a: Bellibolt|100\/100\n|\n|upkeep\n|turn|24\n|\n|t:|1701110013\n|switch|p2a: Dragapult|Dragapult, F|77\/100 tox\n|move|p1a: Blissey|Soft-Boiled|p1a: Blissey\n|-heal|p1a: Blissey|100\/100\n|\n|-damage|p2a: Dragapult|71\/100 tox|[from] psn\n|upkeep\n|turn|25\n|\n|t:|1701110024\n|switch|p1a: Toxapex|Toxapex, F|100\/100\n|move|p2a: Dragapult|Dragon Darts|p1a: Toxapex\n|-damage|p1a: Toxapex|84\/100\n|-anim|p2a: Dragapult|Dragon Darts|p1a: Toxapex\n|-damage|p1a: Toxapex|69\/100\n|\n|-damage|p2a: Dragapult|59\/100 tox|[from] psn\n|upkeep\n|turn|26\n|\n|t:|1701110036\n|move|p2a: Dragapult|Will-O-Wisp|p1a: Toxapex\n|-status|p1a: Toxapex|brn\n|move|p1a: Toxapex|Recover|p1a: Toxapex\n|-heal|p1a: Toxapex|100\/100 brn\n|\n|-damage|p2a: Dragapult|41\/100 tox|[from] psn\n|-damage|p1a: Toxapex|94\/100 brn|[from] brn\n|upkeep\n|turn|27\n|\n|t:|1701110047\n|switch|p1a: Blissey|Blissey, F, shiny|100\/100\n|move|p2a: Dragapult|U-turn|p1a: Blissey\n|-damage|p1a: Blissey|60\/100\n|\n|t:|1701110050\n|switch|p2a: Great Tusk|Great Tusk|68\/100|[from] U-turn\n|\n|upkeep\n|turn|28\n|\n|t:|1701110055\n|switch|p1a: Dondozo|Dondozo, M|92\/100\n|move|p2a: Great Tusk|Knock Off|p1a: Dondozo\n|-damage|p1a: Dondozo|76\/100\n|-enditem|p1a: Dondozo|Heavy-Duty Boots|[from] move: Knock Off|[of] p2a: Great Tusk\n|\n|upkeep\n|turn|29\n|\n|t:|1701110063\n|-end|p2a: Great Tusk|Protosynthesis|[silent]\n|switch|p2a: Sinistcha|Sinistcha-Masterpiece|100\/100\n|move|p1a: Dondozo|Liquidation|p2a: Sinistcha\n|-resisted|p2a: Sinistcha\n|-damage|p2a: Sinistcha|90\/100\n|-unboost|p2a: Sinistcha|def|1\n|\n|-heal|p2a: Sinistcha|96\/100|[from] item: Leftovers\n|upkeep\n|turn|30\n|\n|t:|1701110073\n|switch|p1a: Tornadus|Tornadus-Therian, M, shiny|100\/100\n|move|p2a: Sinistcha|Matcha Gotcha|p1a: Tornadus\n|-resisted|p1a: Tornadus\n|-damage|p1a: Tornadus|80\/100\n|-heal|p2a: Sinistcha|100\/100|[from] drain|[of] p1a: Tornadus\n|\n|upkeep\n|turn|31\n|\n|t:|1701110082\n|switch|p2a: Bellibolt|Bellibolt, M|100\/100\n|move|p1a: Tornadus|Knock Off|p2a: Bellibolt\n|-damage|p2a: Bellibolt|89\/100\n|-start|p2a: Bellibolt|Charge|Knock Off|[from] ability: Electromorphosis\n|-enditem|p2a: Bellibolt|Heavy-Duty Boots|[from] move: Knock Off|[of] p1a: Tornadus\n|\n|upkeep\n|turn|32\n|\n|t:|1701110091\n|switch|p1a: Blissey|Blissey, F, shiny|60\/100\n|move|p2a: Bellibolt|Parabolic Charge|p1a: Blissey\n|-damage|p1a: Blissey|47\/100\n|-heal|p2a: Bellibolt|99\/100|[from] drain|[of] p1a: Blissey\n|-end|p2a: Bellibolt|Charge|[silent]\n|\n|upkeep\n|turn|33\n|\n|t:|1701110099\n|switch|p2a: Great Tusk|Great Tusk|68\/100\n|move|p1a: Blissey|Soft-Boiled|p1a: Blissey\n|-heal|p1a: Blissey|97\/100\n|\n|upkeep\n|turn|34\n|\n|t:|1701110106\n|switch|p1a: Corviknight|Corviknight, M, shiny|100\/100\n|-ability|p1a: Corviknight|Pressure\n|move|p2a: Great Tusk|Earthquake|p1a: Corviknight\n|-immune|p1a: Corviknight\n|\n|upkeep\n|turn|35\n|\n|t:|1701110114\n|-end|p2a: Great Tusk|Protosynthesis|[silent]\n|switch|p2a: Bellibolt|Bellibolt, M|99\/100\n|move|p1a: Corviknight|Brave Bird|p2a: Bellibolt\n|-resisted|p2a: Bellibolt\n|-damage|p2a: Bellibolt|88\/100\n|-start|p2a: Bellibolt|Charge|Brave Bird|[from] ability: Electromorphosis\n|-damage|p1a: Corviknight|96\/100|[from] Recoil\n|\n|upkeep\n|turn|36\n|\n|t:|1701110122\n|move|p1a: Corviknight|U-turn|p2a: Bellibolt\n|-damage|p2a: Bellibolt|80\/100\n|-start|p2a: Bellibolt|Charge|U-turn|[from] ability: Electromorphosis\n|\n|t:|1701110126\n|switch|p1a: Toxapex|Toxapex, F|100\/100 brn|[from] U-turn\n|move|p2a: Bellibolt|Parabolic Charge|p1a: Toxapex\n|-supereffective|p1a: Toxapex\n|-damage|p1a: Toxapex|45\/100 brn\n|-heal|p2a: Bellibolt|99\/100|[from] drain|[of] p1a: Toxapex\n|-end|p2a: Bellibolt|Charge|[silent]\n|\n|-damage|p1a: Toxapex|38\/100 brn|[from] brn\n|upkeep\n|turn|37\n|\n|t:|1701110145\n|switch|p2a: Heatran|Heatran, F|74\/100\n|switch|p1a: Blissey|Blissey, F, shiny|97\/100\n|\n|-heal|p2a: Heatran|81\/100|[from] item: Leftovers\n|upkeep\n|turn|38\n|\n|t:|1701110161\n|switch|p2a: Great Tusk|Great Tusk|68\/100\n|move|p1a: Blissey|Seismic Toss|p2a: Great Tusk\n|-damage|p2a: Great Tusk|41\/100\n|\n|upkeep\n|turn|39\n|\n|t:|1701110171\n|switch|p1a: Corviknight|Corviknight, M, shiny|96\/100\n|-ability|p1a: Corviknight|Pressure\n|move|p2a: Great Tusk|Knock Off|p1a: Corviknight\n|-damage|p1a: Corviknight|75\/100\n|-damage|p2a: Great Tusk|24\/100|[from] item: Rocky Helmet|[of] p1a: Corviknight\n|-enditem|p1a: Corviknight|Rocky Helmet|[from] move: Knock Off|[of] p2a: Great Tusk\n|\n|upkeep\n|turn|40\n|\n|t:|1701110180\n|-end|p2a: Great Tusk|Protosynthesis|[silent]\n|switch|p2a: Bellibolt|Bellibolt, M|99\/100\n|move|p1a: Corviknight|U-turn|p2a: Bellibolt\n|-damage|p2a: Bellibolt|91\/100\n|-start|p2a: Bellibolt|Charge|U-turn|[from] ability: Electromorphosis\n|\n|t:|1701110189\n|switch|p1a: Blissey|Blissey, F, shiny|97\/100|[from] U-turn\n|\n|upkeep\n|turn|41\n|\n|t:|1701110196\n|move|p1a: Blissey|Seismic Toss|p2a: Bellibolt\n|-damage|p2a: Bellibolt|67\/100\n|-start|p2a: Bellibolt|Charge|Seismic Toss|[from] ability: Electromorphosis\n|move|p2a: Bellibolt|Toxic|p1a: Blissey\n|-status|p1a: Blissey|tox\n|\n|-damage|p1a: Blissey|91\/100 tox|[from] psn\n|upkeep\n|turn|42\n|\n|t:|1701110211\n|-curestatus|p1a: Blissey|tox|[from] ability: Natural Cure\n|switch|p1a: Toxapex|Toxapex, F|72\/100 brn\n|move|p2a: Bellibolt|Parabolic Charge|p1a: Toxapex\n|-supereffective|p1a: Toxapex\n|-damage|p1a: Toxapex|18\/100 brn\n|-heal|p2a: Bellibolt|86\/100|[from] drain|[of] p1a: Toxapex\n|-end|p2a: Bellibolt|Charge|[silent]\n|\n|-damage|p1a: Toxapex|11\/100 brn|[from] brn\n|upkeep\n|turn|43\n|\n|t:|1701110221\n|switch|p1a: Blissey|Blissey, F, shiny|91\/100\n|move|p2a: Bellibolt|Parabolic Charge|p1a: Blissey\n|-damage|p1a: Blissey|84\/100\n|-heal|p2a: Bellibolt|92\/100|[from] drain|[of] p1a: Blissey\n|\n|upkeep\n|turn|44\n|\n|t:|1701110228\n|move|p1a: Blissey|Calm Mind|p1a: Blissey\n|-boost|p1a: Blissey|spa|1\n|-boost|p1a: Blissey|spd|1\n|move|p2a: Bellibolt|Toxic|p1a: Blissey\n|-status|p1a: Blissey|tox\n|\n|-damage|p1a: Blissey|78\/100 tox|[from] psn\n|upkeep\n|turn|45\n|\n|t:|1701110238\n|move|p1a: Blissey|Calm Mind|p1a: Blissey\n|-boost|p1a: Blissey|spa|1\n|-boost|p1a: Blissey|spd|1\n|move|p2a: Bellibolt|Parabolic Charge|p1a: Blissey\n|-damage|p1a: Blissey|74\/100 tox\n|-heal|p2a: Bellibolt|95\/100|[from] drain|[of] p1a: Blissey\n|\n|-damage|p1a: Blissey|62\/100 tox|[from] psn\n|upkeep\n|turn|46\n|\n|t:|1701110248\n|move|p1a: Blissey|Stored Power|p2a: Bellibolt\n|-damage|p2a: Bellibolt|64\/100\n|-start|p2a: Bellibolt|Charge|Stored Power|[from] ability: Electromorphosis\n|move|p2a: Bellibolt|Parabolic Charge|p1a: Blissey\n|-damage|p1a: Blissey|55\/100 tox\n|-heal|p2a: Bellibolt|70\/100|[from] drain|[of] p1a: Blissey\n|-end|p2a: Bellibolt|Charge|[silent]\n|\n|-damage|p1a: Blissey|37\/100 tox|[from] psn\n|upkeep\n|turn|47\n|\n|t:|1701110270\n|move|p1a: Blissey|Soft-Boiled|p1a: Blissey\n|-heal|p1a: Blissey|87\/100 tox\n|move|p2a: Bellibolt|Parabolic Charge|p1a: Blissey\n|-damage|p1a: Blissey|84\/100 tox\n|-heal|p2a: Bellibolt|73\/100|[from] drain|[of] p1a: Blissey\n|\n|-damage|p1a: Blissey|59\/100 tox|[from] psn\n|upkeep\n|turn|48\n|\n|t:|1701110280\n|-curestatus|p1a: Blissey|tox|[from] ability: Natural Cure\n|switch|p1a: Corviknight|Corviknight, M, shiny|75\/100\n|-ability|p1a: Corviknight|Pressure\n|move|p2a: Bellibolt|Parabolic Charge|p1a: Corviknight\n|-supereffective|p1a: Corviknight\n|-damage|p1a: Corviknight|32\/100\n|-heal|p2a: Bellibolt|93\/100|[from] drain|[of] p1a: Corviknight\n|\n|upkeep\n|turn|49\n|\n|t:|1701110292\n|move|p1a: Corviknight|Roost|p1a: Corviknight\n|-heal|p1a: Corviknight|82\/100\n|-singleturn|p1a: Corviknight|move: Roost\n|move|p2a: Bellibolt|Parabolic Charge|p1a: Corviknight\n|-damage|p1a: Corviknight|62\/100\n|-heal|p2a: Bellibolt|100\/100|[from] drain|[of] p1a: Corviknight\n|\n|upkeep\n|turn|50\n|\n|t:|1701110307\n|switch|p1a: Blissey|Blissey, F, shiny|59\/100\n|move|p2a: Bellibolt|Chilling Water|p1a: Blissey\n|-damage|p1a: Blissey|56\/100\n|-unboost|p1a: Blissey|atk|1\n|\n|upkeep\n|turn|51\n|\n|t:|1701110315\n|move|p1a: Blissey|Soft-Boiled|p1a: Blissey\n|-heal|p1a: Blissey|100\/100\n|move|p2a: Bellibolt|Toxic|p1a: Blissey\n|-status|p1a: Blissey|tox\n|\n|-damage|p1a: Blissey|94\/100 tox|[from] psn\n|upkeep\n|turn|52\n|\n|t:|1701110323\n|-curestatus|p1a: Blissey|tox|[from] ability: Natural Cure\n|switch|p1a: Toxapex|Toxapex, F|45\/100 brn\n|move|p2a: Bellibolt|Chilling Water|p1a: Toxapex\n|-resisted|p1a: Toxapex\n|-damage|p1a: Toxapex|41\/100 brn\n|-unboost|p1a: Toxapex|atk|1\n|\n|-damage|p1a: Toxapex|35\/100 brn|[from] brn\n|upkeep\n|turn|53\n|\n|t:|1701110334\n|switch|p2a: Heatran|Heatran, F|81\/100\n|switch|p1a: Blissey|Blissey, F, shiny|94\/100\n|\n|-heal|p2a: Heatran|87\/100|[from] item: Leftovers\n|upkeep\n|turn|54\n|\n|t:|1701110342\n|switch|p2a: Bellibolt|Bellibolt, M|100\/100\n|switch|p1a: Dondozo|Dondozo, M|76\/100\n|\n|upkeep\n|turn|55\n|\n|t:|1701110350\n|switch|p1a: Blissey|Blissey, F, shiny|94\/100\n|move|p2a: Bellibolt|Toxic|p1a: Blissey\n|-status|p1a: Blissey|tox\n|\n|-damage|p1a: Blissey|88\/100 tox|[from] psn\n|upkeep\n|turn|56\n|\n|t:|1701110360\n|-curestatus|p1a: Blissey|tox|[from] ability: Natural Cure\n|switch|p1a: Toxapex|Toxapex, F|68\/100 brn\n|move|p2a: Bellibolt|Parabolic Charge|p1a: Toxapex\n|-supereffective|p1a: Toxapex\n|-damage|p1a: Toxapex|40\/100 brn\n|\n|-damage|p1a: Toxapex|34\/100 brn|[from] brn\n|upkeep\n|turn|57\n|\n|t:|1701110370\n|switch|p2a: Heatran|Heatran, F|87\/100\n|switch|p1a: Blissey|Blissey, F, shiny|88\/100\n|\n|-heal|p2a: Heatran|93\/100|[from] item: Leftovers\n|upkeep\n|turn|58\n|\n|t:|1701110378\n|move|p2a: Heatran|Stealth Rock|p1a: Blissey\n|-sidestart|p1: Zergut|move: Stealth Rock\n|move|p1a: Blissey|Seismic Toss|p2a: Heatran\n|-damage|p2a: Heatran|67\/100\n|\n|-heal|p2a: Heatran|73\/100|[from] item: Leftovers\n|upkeep\n|turn|59\n|\n|t:|1701110385\n|switch|p2a: Bellibolt|Bellibolt, M|100\/100\n|move|p1a: Blissey|Calm Mind|p1a: Blissey\n|-boost|p1a: Blissey|spa|1\n|-boost|p1a: Blissey|spd|1\n|\n|upkeep\n|turn|60\n|\n|t:|1701110392\n|move|p1a: Blissey|Calm Mind|p1a: Blissey\n|-boost|p1a: Blissey|spa|1\n|-boost|p1a: Blissey|spd|1\n|move|p2a: Bellibolt|Toxic|p1a: Blissey\n|-status|p1a: Blissey|tox\n|\n|-damage|p1a: Blissey|82\/100 tox|[from] psn\n|upkeep\n|turn|61\n|\n|t:|1701110402\n|switch|p2a: Milotic|Milotic, F|68\/100 tox\n|move|p1a: Blissey|Calm Mind|p1a: Blissey\n|-boost|p1a: Blissey|spa|1\n|-boost|p1a: Blissey|spd|1\n|\n|-damage|p2a: Milotic|62\/100 tox|[from] psn\n|-damage|p1a: Blissey|70\/100 tox|[from] psn\n|upkeep\n|turn|62\n|\n|t:|1701110413\n|move|p2a: Milotic|Recover|p2a: Milotic\n|-heal|p2a: Milotic|100\/100 tox\n|move|p1a: Blissey|Stored Power|p2a: Milotic\n|-damage|p2a: Milotic|65\/100 tox\n|\n|-damage|p2a: Milotic|53\/100 tox|[from] psn\n|-damage|p1a: Blissey|51\/100 tox|[from] psn\n|upkeep\n|turn|63\n|\n|t:|1701110422\n|-curestatus|p1a: Blissey|tox|[from] ability: Natural Cure\n|switch|p1a: Toxapex|Toxapex, F|67\/100 brn\n|move|p2a: Milotic|Mirror Coat||[still]\n|-fail|p2a: Milotic\n|\n|-damage|p2a: Milotic|35\/100 tox|[from] psn\n|-damage|p1a: Toxapex|61\/100 brn|[from] brn\n|upkeep\n|turn|64\n|\n|t:|1701110432\n|switch|p2a: Heatran|Heatran, F|73\/100\n|move|p1a: Toxapex|Infestation|p2a: Heatran\n|-resisted|p2a: Heatran\n|-damage|p2a: Heatran|73\/100\n|-activate|p2a: Heatran|move: Infestation|[of] p1a: Toxapex\n|\n|-heal|p2a: Heatran|79\/100|[from] item: Leftovers\n|-damage|p1a: Toxapex|55\/100 brn|[from] brn\n|-damage|p2a: Heatran|67\/100|[from] move: Infestation|[partiallytrapped]\n|upkeep\n|turn|65\n|\n|t:|1701110444\n|move|p2a: Heatran|Magma Storm|p1a: Toxapex\n|-resisted|p1a: Toxapex\n|-damage|p1a: Toxapex|40\/100 brn\n|-activate|p1a: Toxapex|move: Magma Storm|[of] p2a: Heatran\n|move|p1a: Toxapex|Recover|p1a: Toxapex\n|-heal|p1a: Toxapex|90\/100 brn\n|\n|-heal|p2a: Heatran|73\/100|[from] item: Leftovers\n|-damage|p1a: Toxapex|84\/100 brn|[from] brn\n|-damage|p2a: Heatran|61\/100|[from] move: Infestation|[partiallytrapped]\n|-damage|p1a: Toxapex|72\/100 brn|[from] move: Magma Storm|[partiallytrapped]\n|upkeep\n|turn|66\n|\n|t:|1701110456\n|move|p2a: Heatran|Taunt|p1a: Toxapex\n|-start|p1a: Toxapex|move: Taunt\n|cant|p1a: Toxapex|move: Taunt|Recover\n|\n|-heal|p2a: Heatran|67\/100|[from] item: Leftovers\n|-damage|p1a: Toxapex|65\/100 brn|[from] brn\n|-damage|p2a: Heatran|54\/100|[from] move: Infestation|[partiallytrapped]\n|-damage|p1a: Toxapex|53\/100 brn|[from] move: Magma Storm|[partiallytrapped]\n|upkeep\n|turn|67\n|\n|t:|1701110466\n|move|p2a: Heatran|Earth Power|p1a: Toxapex\n|-supereffective|p1a: Toxapex\n|-damage|p1a: Toxapex|22\/100 brn\n|move|p1a: Toxapex|Infestation|p2a: Heatran\n|-resisted|p2a: Heatran\n|-damage|p2a: Heatran|54\/100\n|\n|-heal|p2a: Heatran|60\/100|[from] item: Leftovers\n|-damage|p1a: Toxapex|16\/100 brn|[from] brn\n|-damage|p2a: Heatran|48\/100|[from] move: Infestation|[partiallytrapped]\n|-damage|p1a: Toxapex|3\/100 brn|[from] move: Magma Storm|[partiallytrapped]\n|upkeep\n|turn|68\n|\n|t:|1701110481\n|move|p2a: Heatran|Earth Power|p1a: Toxapex\n|-supereffective|p1a: Toxapex\n|-damage|p1a: Toxapex|0 fnt\n|faint|p1a: Toxapex\n|\n|-heal|p2a: Heatran|54\/100|[from] item: Leftovers\n|-end|p2a: Heatran|Infestation|[partiallytrapped]\n|upkeep\n|-message|Zergut forfeited.\n|\n|win|alkazoth\n|raw|Zergut's rating: 1281 &rarr; <strong>1265<\/strong><br \/>(-16 for losing)\n|raw|alkazoth's rating: 1417 &rarr; <strong>1430<\/strong><br \/>(+13 for winning)\n|l|\u2606Zergut\n","uploadtime":1701110499,"views":3,"p1id":"zergut","p2id":"alkazoth","formatid":"gen9ou","rating":1265,"private":0,"password":""}