{"id":"gen9ou-1997823383","p1":"AriadneOnNaxos","p2":"Aggron","format":"[Gen 9] OU","log":"|j|\u2606AriadneOnNaxos\n|j|\u2606Aggron\n|t:|1700856565\n|gametype|singles\n|player|p1|AriadneOnNaxos|swimmer|1629\n|player|p2|Aggron|pokefan-gen4|1857\n|teamsize|p1|6\n|teamsize|p2|6\n|gen|9\n|tier|[Gen 9] OU\n|rated|\n|rule|Sleep Clause Mod: Limit one foe put to sleep\n|rule|Species Clause: Limit one of each Pok\u00e9mon\n|rule|OHKO Clause: OHKO moves are banned\n|rule|Evasion Items Clause: Evasion items are banned\n|rule|Evasion Moves Clause: Evasion moves are banned\n|rule|Endless Battle Clause: Forcing endless battles is banned\n|rule|HP Percentage Mod: HP is shown in percentages\n|clearpoke\n|poke|p1|Cinderace, M|\n|poke|p1|Sinistcha|\n|poke|p1|Dondozo, M|\n|poke|p1|Landorus-Therian, M|\n|poke|p1|Blissey, F|\n|poke|p1|Kingambit, F|\n|poke|p2|Sinistcha-Masterpiece|\n|poke|p2|Heatran, M|\n|poke|p2|Rillaboom, F|\n|poke|p2|Samurott-Hisui, F|\n|poke|p2|Tyranitar, M|\n|poke|p2|Ogerpon-Cornerstone, F|\n|teampreview\n|inactive|Battle timer is ON: inactive players will automatically lose when time's up. (requested by Aggron)\n|\n|t:|1700856584\n|start\n|switch|p1a: Landorus|Landorus-Therian, M|100\/100\n|switch|p2a: Heatran|Heatran, M|100\/100\n|-ability|p1a: Landorus|Intimidate|boost\n|-unboost|p2a: Heatran|atk|1\n|-item|p2a: Heatran|Air Balloon\n|turn|1\n|\n|t:|1700856592\n|move|p1a: Landorus|U-turn|p2a: Heatran\n|-resisted|p2a: Heatran\n|-damage|p2a: Heatran|94\/100\n|-enditem|p2a: Heatran|Air Balloon\n|\n|t:|1700856598\n|switch|p1a: Cinderace|Cinderace, M|100\/100|[from] U-turn\n|move|p2a: Heatran|Stealth Rock|p1a: Cinderace\n|-sidestart|p1: AriadneOnNaxos|move: Stealth Rock\n|\n|upkeep\n|turn|2\n|\n|t:|1700856603\n|move|p1a: Cinderace|Court Change|p1a: Cinderace\n|-start|p1a: Cinderace|typechange|Normal|[from] ability: Libero\n|-swapsideconditions\n|-activate|p1a: Cinderace|move: Court Change\n|move|p2a: Heatran|Magma Storm|p1a: Cinderace\n|-damage|p1a: Cinderace|28\/100\n|-activate|p1a: Cinderace|move: Magma Storm|[of] p2a: Heatran\n|\n|-damage|p1a: Cinderace|16\/100|[from] move: Magma Storm|[partiallytrapped]\n|upkeep\n|turn|3\n|\n|t:|1700856609\n|move|p1a: Cinderace|High Jump Kick|p2a: Heatran\n|-supereffective|p2a: Heatran\n|-damage|p2a: Heatran|5\/100\n|-status|p1a: Cinderace|brn|[from] ability: Flame Body|[of] p2a: Heatran\n|move|p2a: Heatran|Stealth Rock|p1a: Cinderace\n|-sidestart|p1: AriadneOnNaxos|move: Stealth Rock\n|\n|-damage|p1a: Cinderace|10\/100 brn|[from] brn\n|-damage|p1a: Cinderace|0 fnt|[from] move: Magma Storm|[partiallytrapped]\n|faint|p1a: Cinderace\n|upkeep\n|\n|t:|1700856617\n|switch|p1a: Landorus|Landorus-Therian, M|100\/100\n|-damage|p1a: Landorus|88\/100|[from] Stealth Rock\n|-ability|p1a: Landorus|Intimidate|boost\n|-unboost|p2a: Heatran|atk|1\n|turn|4\n|\n|t:|1700856631\n|switch|p2a: Sinistcha|Sinistcha-Masterpiece|100\/100\n|move|p1a: Landorus|U-turn|p2a: Sinistcha\n|-damage|p2a: Sinistcha|83\/100\n|\n|t:|1700856641\n|switch|p1a: Blissey|Blissey, F|100\/100|[from] U-turn\n|-damage|p1a: Blissey|88\/100|[from] Stealth Rock\n|\n|-heal|p1a: Blissey|94\/100|[from] item: Leftovers\n|upkeep\n|turn|5\n|\n|t:|1700856647\n|switch|p2a: Tyranitar|Tyranitar, M|100\/100\n|-weather|Sandstorm|[from] ability: Sand Stream|[of] p2a: Tyranitar\n|move|p1a: Blissey|Thunder Wave|p2a: Tyranitar\n|-status|p2a: Tyranitar|par\n|\n|-weather|Sandstorm|[upkeep]\n|-damage|p1a: Blissey|88\/100|[from] Sandstorm\n|-heal|p1a: Blissey|94\/100|[from] item: Leftovers\n|upkeep\n|turn|6\n|\n|t:|1700856653\n|switch|p1a: Landorus|Landorus-Therian, M|88\/100\n|-damage|p1a: Landorus|76\/100|[from] Stealth Rock\n|-ability|p1a: Landorus|Intimidate|boost\n|-unboost|p2a: Tyranitar|atk|1\n|move|p2a: Tyranitar|Knock Off|p1a: Landorus\n|-damage|p1a: Landorus|38\/100\n|-enditem|p1a: Landorus|Choice Scarf|[from] move: Knock Off|[of] p2a: Tyranitar\n|\n|-weather|Sandstorm|[upkeep]\n|upkeep\n|turn|7\n|\n|t:|1700856661\n|switch|p2a: Sinistcha|Sinistcha-Masterpiece|83\/100\n|move|p1a: Landorus|Earthquake|p2a: Sinistcha\n|-resisted|p2a: Sinistcha\n|-damage|p2a: Sinistcha|65\/100\n|\n|-weather|Sandstorm|[upkeep]\n|-damage|p2a: Sinistcha|59\/100|[from] Sandstorm\n|upkeep\n|turn|8\n|\n|t:|1700856665\n|-terastallize|p1a: Landorus|Flying\n|move|p1a: Landorus|Tera Blast|p2a: Sinistcha|[anim] Tera Blast Flying\n|-supereffective|p2a: Sinistcha\n|-damage|p2a: Sinistcha|0 fnt\n|faint|p2a: Sinistcha\n|\n|-weather|Sandstorm|[upkeep]\n|-damage|p1a: Landorus|32\/100|[from] Sandstorm\n|upkeep\n|\n|t:|1700856674\n|switch|p2a: Ogerpon|Ogerpon-Cornerstone, F|100\/100\n|-damage|p2a: Ogerpon|88\/100|[from] Stealth Rock\n|turn|9\n|\n|t:|1700856690\n|switch|p1a: Sinistcha|Sinistcha, shiny|100\/100\n|-damage|p1a: Sinistcha|88\/100|[from] Stealth Rock\n|-terastallize|p2a: Ogerpon|Rock\n|detailschange|p2a: Ogerpon|Ogerpon-Cornerstone-Tera, F, tera:Rock\n|-ability|p2a: Ogerpon|Embody Aspect (Cornerstone)|boost\n|-boost|p2a: Ogerpon|def|1\n|move|p2a: Ogerpon|Ivy Cudgel|p1a: Sinistcha|[anim] Ivy Cudgel Rock\n|-damage|p1a: Sinistcha|31\/100\n|\n|-weather|none\n|-heal|p1a: Sinistcha|37\/100|[from] item: Leftovers\n|upkeep\n|turn|10\n|\n|t:|1700856699\n|move|p2a: Ogerpon|Ivy Cudgel|p1a: Sinistcha|[anim] Ivy Cudgel Rock\n|-damage|p1a: Sinistcha|0 fnt\n|faint|p1a: Sinistcha\n|\n|upkeep\n|\n|t:|1700856703\n|switch|p1a: Kingambit|Kingambit, F|100\/100\n|-damage|p1a: Kingambit|94\/100|[from] Stealth Rock\n|-activate|p1a: Kingambit|ability: Supreme Overlord\n|-start|p1a: Kingambit|fallen2|[silent]\n|-item|p1a: Kingambit|Air Balloon\n|turn|11\n|\n|t:|1700856710\n|move|p2a: Ogerpon|Low Kick|p1a: Kingambit\n|-supereffective|p1a: Kingambit\n|-damage|p1a: Kingambit|0 fnt\n|-enditem|p1a: Kingambit|Air Balloon\n|faint|p1a: Kingambit\n|-end|p1a: Kingambit|fallen2|[silent]\n|\n|upkeep\n|\n|t:|1700856715\n|switch|p1a: Dondozo|Dondozo, M|100\/100\n|-damage|p1a: Dondozo|88\/100|[from] Stealth Rock\n|turn|12\n|\n|t:|1700856724\n|switch|p2a: Heatran|Heatran, M|5\/100\n|-damage|p2a: Heatran|0 fnt|[from] Stealth Rock\n|faint|p2a: Heatran\n|move|p1a: Dondozo|Body Press|p2: Heatran|[notarget]\n|-fail|p1a: Dondozo\n|\n|-heal|p1a: Dondozo|94\/100|[from] item: Leftovers\n|upkeep\n|\n|t:|1700856726\n|switch|p2a: Rillaboom|Rillaboom, F, shiny|100\/100\n|-damage|p2a: Rillaboom|88\/100|[from] Stealth Rock\n|-fieldstart|move: Grassy Terrain|[from] ability: Grassy Surge|[of] p2a: Rillaboom\n|turn|13\n|\n|t:|1700856733\n|switch|p1a: Blissey|Blissey, F|94\/100\n|-damage|p1a: Blissey|82\/100|[from] Stealth Rock\n|move|p2a: Rillaboom|Wood Hammer|p1a: Blissey\n|-damage|p1a: Blissey|0 fnt\n|faint|p1a: Blissey\n|-damage|p2a: Rillaboom|39\/100|[from] Recoil\n|\n|-heal|p2a: Rillaboom|45\/100|[from] Grassy Terrain\n|upkeep\n|\n|t:|1700856743\n|switch|p1a: Landorus|Landorus-Therian, M, tera:Flying|32\/100\n|-damage|p1a: Landorus|8\/100|[from] Stealth Rock\n|-ability|p1a: Landorus|Intimidate|boost\n|-unboost|p2a: Rillaboom|atk|1\n|turn|14\n|\n|t:|1700856747\n|switch|p2a: Tyranitar|Tyranitar, M|100\/100 par\n|-weather|Sandstorm|[from] ability: Sand Stream|[of] p2a: Tyranitar\n|move|p1a: Landorus|Tera Blast|p2a: Tyranitar|[anim] Tera Blast Flying\n|-resisted|p2a: Tyranitar\n|-damage|p2a: Tyranitar|78\/100 par\n|\n|-weather|Sandstorm|[upkeep]\n|-damage|p1a: Landorus|2\/100|[from] Sandstorm\n|-heal|p2a: Tyranitar|84\/100 par|[from] Grassy Terrain\n|upkeep\n|turn|15\n|\n|t:|1700856758\n|move|p1a: Landorus|Earthquake|p2a: Tyranitar\n|-supereffective|p2a: Tyranitar\n|-damage|p2a: Tyranitar|39\/100 par\n|move|p2a: Tyranitar|Knock Off|p1a: Landorus\n|-crit|p1a: Landorus\n|-damage|p1a: Landorus|0 fnt\n|faint|p1a: Landorus\n|\n|-weather|Sandstorm|[upkeep]\n|-heal|p2a: Tyranitar|46\/100 par|[from] Grassy Terrain\n|upkeep\n|\n|t:|1700856761\n|switch|p1a: Dondozo|Dondozo, M|94\/100\n|-damage|p1a: Dondozo|82\/100|[from] Stealth Rock\n|turn|16\n|\n|t:|1700856765\n|move|p1a: Dondozo|Curse|p1a: Dondozo\n|-unboost|p1a: Dondozo|spe|1\n|-boost|p1a: Dondozo|atk|1\n|-boost|p1a: Dondozo|def|1\n|move|p2a: Tyranitar|Knock Off|p1a: Dondozo\n|-damage|p1a: Dondozo|66\/100\n|-enditem|p1a: Dondozo|Leftovers|[from] move: Knock Off|[of] p2a: Tyranitar\n|\n|-weather|Sandstorm|[upkeep]\n|-damage|p1a: Dondozo|60\/100|[from] Sandstorm\n|-heal|p2a: Tyranitar|52\/100 par|[from] Grassy Terrain\n|-heal|p1a: Dondozo|66\/100|[from] Grassy Terrain\n|upkeep\n|turn|17\n|\n|t:|1700856773\n|switch|p2a: Samurott|Samurott-Hisui, F|100\/100\n|move|p1a: Dondozo|Body Press|p2a: Samurott\n|-supereffective|p2a: Samurott\n|-damage|p2a: Samurott|0 fnt\n|faint|p2a: Samurott\n|\n|-weather|Sandstorm|[upkeep]\n|-damage|p1a: Dondozo|60\/100|[from] Sandstorm\n|-heal|p1a: Dondozo|66\/100|[from] Grassy Terrain\n|-fieldend|move: Grassy Terrain\n|upkeep\n|\n|t:|1700856776\n|switch|p2a: Rillaboom|Rillaboom, F, shiny|45\/100\n|-damage|p2a: Rillaboom|33\/100|[from] Stealth Rock\n|-fieldstart|move: Grassy Terrain|[from] ability: Grassy Surge|[of] p2a: Rillaboom\n|turn|18\n|\n|t:|1700856790\n|move|p2a: Rillaboom|Wood Hammer|p1a: Dondozo\n|-supereffective|p1a: Dondozo\n|-damage|p1a: Dondozo|0 fnt\n|faint|p1a: Dondozo\n|-damage|p2a: Rillaboom|5\/100|[from] Recoil\n|\n|win|Aggron\n|raw|AriadneOnNaxos's rating: 1629 &rarr; <strong>1621<\/strong><br \/>(-8 for losing)\n|raw|Aggron's rating: 1857 &rarr; <strong>1865<\/strong><br \/>(+8 for winning)\n|c|\u2606AriadneOnNaxos|gg\n|c|\u2606Aggron|Gg\n","uploadtime":1700856799,"views":24,"p1id":"ariadneonnaxos","p2id":"aggron","formatid":"gen9ou","rating":1621,"private":0,"password":""}