{"id":"gen9ou-2000081276","p1":"Aggron","p2":"sousnake","format":"[Gen 9] OU","log":"|j|\u2606Aggron\n|j|\u2606sousnake\n|t:|1701151242\n|gametype|singles\n|player|p1|Aggron|pokefan-gen4|1671\n|player|p2|sousnake|170|1757\n|teamsize|p1|6\n|teamsize|p2|6\n|gen|9\n|tier|[Gen 9] OU\n|rated|\n|rule|Sleep Clause Mod: Limit one foe put to sleep\n|rule|Species Clause: Limit one of each Pok\u00e9mon\n|rule|OHKO Clause: OHKO moves are banned\n|rule|Evasion Items Clause: Evasion items are banned\n|rule|Evasion Moves Clause: Evasion moves are banned\n|rule|Endless Battle Clause: Forcing endless battles is banned\n|rule|HP Percentage Mod: HP is shown in percentages\n|clearpoke\n|poke|p1|Eiscue, M|\n|poke|p1|Slowking-Galar, M|\n|poke|p1|Ursaluna, M|\n|poke|p1|Abomasnow, M|\n|poke|p1|Hatterene, F|\n|poke|p1|Hoopa-Unbound|\n|poke|p2|Torkoal, F|\n|poke|p2|Walking Wake|\n|poke|p2|Great Tusk|\n|poke|p2|Iron Moth|\n|poke|p2|Kingambit, F|\n|poke|p2|Ribombee, M|\n|teampreview\n|inactive|Battle timer is ON: inactive players will automatically lose when time's up. (requested by Aggron)\n|j| SwabbyYabby\n|j| gamebooadvanced\n|j| KingDuns\n|inactive|Aggron has 120 seconds left.\n|\n|t:|1701151279\n|start\n|switch|p1a: Slowking|Slowking-Galar, M, shiny|100\/100\n|switch|p2a: Torkoal|Torkoal, F|100\/100\n|-weather|SunnyDay|[from] ability: Drought|[of] p2a: Torkoal\n|turn|1\n|j| xxCOALLAxx\n|\n|t:|1701151288\n|move|p2a: Torkoal|Lava Plume|p1a: Slowking\n|-damage|p1a: Slowking|80\/100\n|move|p1a: Slowking|Trick Room|p1a: Slowking\n|-fieldstart|move: Trick Room|[of] p1a: Slowking\n|\n|-weather|SunnyDay|[upkeep]\n|upkeep\n|turn|2\n|\n|t:|1701151294\n|move|p2a: Torkoal|Stealth Rock|p1a: Slowking\n|-sidestart|p1: Aggron|move: Stealth Rock\n|move|p1a: Slowking|Chilly Reception|p1a: Slowking\n|-weather|Snow\n|j| VicBossMG\n|\n|t:|1701151301\n|switch|p1a: Ursaluna|Ursaluna, M|100\/100|[from] Chilly Reception\n|-damage|p1a: Ursaluna|94\/100|[from] Stealth Rock\n|\n|-weather|Snow|[upkeep]\n|-status|p1a: Ursaluna|brn|[from] item: Flame Orb\n|upkeep\n|turn|3\n|\n|t:|1701151315\n|switch|p2a: Ribombee|Ribombee, M|100\/100\n|move|p1a: Ursaluna|Earthquake|p2a: Ribombee\n|-resisted|p2a: Ribombee\n|-damage|p2a: Ribombee|12\/100\n|\n|-weather|Snow|[upkeep]\n|-damage|p1a: Ursaluna|88\/100 brn|[from] brn\n|upkeep\n|turn|4\n|\n|t:|1701151329\n|move|p1a: Ursaluna|Earthquake|p2a: Ribombee\n|-resisted|p2a: Ribombee\n|-damage|p2a: Ribombee|0 fnt\n|faint|p2a: Ribombee\n|\n|-weather|Snow|[upkeep]\n|-damage|p1a: Ursaluna|82\/100 brn|[from] brn\n|upkeep\n|\n|t:|1701151338\n|switch|p2a: Torkoal|Torkoal, F|100\/100\n|-weather|SunnyDay|[from] ability: Drought|[of] p2a: Torkoal\n|turn|5\n|\n|t:|1701151347\n|switch|p2a: Great Tusk|Great Tusk|100\/100\n|-activate|p2a: Great Tusk|ability: Protosynthesis\n|-start|p2a: Great Tusk|protosynthesisatk\n|move|p1a: Ursaluna|Earthquake|p2a: Great Tusk\n|-damage|p2a: Great Tusk|31\/100\n|\n|-weather|SunnyDay|[upkeep]\n|-damage|p1a: Ursaluna|76\/100 brn|[from] brn\n|-fieldend|move: Trick Room\n|upkeep\n|turn|6\n|\n|t:|1701151359\n|switch|p1a: Eiscue|Eiscue, M, shiny|100\/100\n|-damage|p1a: Eiscue|76\/100|[from] Stealth Rock\n|move|p2a: Great Tusk|Close Combat|p1a: Eiscue\n|-activate|p1a: Eiscue|ability: Ice Face\n|-damage|p1a: Eiscue|76\/100\n|-unboost|p2a: Great Tusk|def|1\n|-unboost|p2a: Great Tusk|spd|1\n|detailschange|p1a: Eiscue|Eiscue-Noice, M, shiny\n|\n|-weather|SunnyDay|[upkeep]\n|upkeep\n|turn|7\n|\n|t:|1701151372\n|-end|p2a: Great Tusk|Protosynthesis|[silent]\n|switch|p2a: Iron Moth|Iron Moth|100\/100\n|-enditem|p2a: Iron Moth|Booster Energy\n|-activate|p2a: Iron Moth|ability: Quark Drive|[fromitem]\n|-start|p2a: Iron Moth|quarkdrivespe\n|move|p1a: Eiscue|Snowscape|p1a: Eiscue\n|-weather|Snow\n|-activate|p1a: Eiscue|ability: Ice Face\n|detailschange|p1a: Eiscue|Eiscue, M, shiny\n|\n|-weather|Snow|[upkeep]\n|upkeep\n|turn|8\n|\n|t:|1701151383\n|switch|p1a: Slowking|Slowking-Galar, M, shiny|100\/100\n|-damage|p1a: Slowking|88\/100|[from] Stealth Rock\n|move|p2a: Iron Moth|Fiery Dance|p1a: Slowking\n|-damage|p1a: Slowking|66\/100\n|\n|-weather|Snow|[upkeep]\n|upkeep\n|turn|9\n|\n|t:|1701151394\n|move|p2a: Iron Moth|Substitute|p2a: Iron Moth\n|-start|p2a: Iron Moth|Substitute\n|-damage|p2a: Iron Moth|76\/100\n|move|p1a: Slowking|Trick Room|p1a: Slowking\n|-fieldstart|move: Trick Room|[of] p1a: Slowking\n|\n|-weather|Snow|[upkeep]\n|upkeep\n|turn|10\n|\n|t:|1701151399\n|move|p2a: Iron Moth|Fiery Dance|p1a: Slowking\n|-damage|p1a: Slowking|43\/100\n|-boost|p2a: Iron Moth|spa|1\n|move|p1a: Slowking|Future Sight|p2a: Iron Moth\n|-start|p1a: Slowking|move: Future Sight\n|\n|-weather|Snow|[upkeep]\n|upkeep\n|turn|11\n|\n|t:|1701151408\n|move|p2a: Iron Moth|Fiery Dance|p1a: Slowking\n|-damage|p1a: Slowking|9\/100\n|-boost|p2a: Iron Moth|spa|1\n|move|p1a: Slowking|Chilly Reception|p1a: Slowking\n|\n|t:|1701151427\n|switch|p1a: Hoopa|Hoopa-Unbound|100\/100|[from] Chilly Reception\n|-damage|p1a: Hoopa|88\/100|[from] Stealth Rock\n|\n|-weather|none\n|upkeep\n|turn|12\n|\n|t:|1701151434\n|move|p1a: Hoopa|Psychic|p2a: Iron Moth\n|-supereffective|p2a: Iron Moth\n|-end|p2a: Iron Moth|Substitute\n|move|p2a: Iron Moth|Substitute|p2a: Iron Moth\n|-start|p2a: Iron Moth|Substitute\n|-damage|p2a: Iron Moth|51\/100\n|\n|-end|p2a: Iron Moth|move: Future Sight\n|-supereffective|p2a: Iron Moth\n|-crit|p2a: Iron Moth\n|-end|p2a: Iron Moth|Substitute\n|upkeep\n|turn|13\n|\n|t:|1701151444\n|-end|p2a: Iron Moth|Quark Drive|[silent]\n|switch|p2a: Kingambit|Kingambit, F|100\/100\n|-activate|p2a: Kingambit|ability: Supreme Overlord\n|-start|p2a: Kingambit|fallen1|[silent]\n|move|p1a: Hoopa|Drain Punch|p2a: Kingambit\n|-supereffective|p2a: Kingambit\n|-damage|p2a: Kingambit|0 fnt\n|-heal|p1a: Hoopa|100\/100|[from] drain|[of] p2a: Kingambit\n|faint|p2a: Kingambit\n|-end|p2a: Kingambit|fallen1|[silent]\n|\n|-fieldend|move: Trick Room\n|upkeep\n|\n|t:|1701151454\n|switch|p2a: Torkoal|Torkoal, F|100\/100\n|-weather|SunnyDay|[from] ability: Drought|[of] p2a: Torkoal\n|turn|14\n|j| ChoirMember#1\n|\n|t:|1701151465\n|switch|p2a: Great Tusk|Great Tusk|31\/100\n|-activate|p2a: Great Tusk|ability: Protosynthesis\n|-start|p2a: Great Tusk|protosynthesisatk\n|move|p1a: Hoopa|Psychic|p2a: Great Tusk\n|-supereffective|p2a: Great Tusk\n|-damage|p2a: Great Tusk|0 fnt\n|faint|p2a: Great Tusk\n|-end|p2a: Great Tusk|Protosynthesis|[silent]\n|\n|-weather|SunnyDay|[upkeep]\n|upkeep\n|\n|t:|1701151473\n|switch|p2a: Walking Wake|Walking Wake|100\/100\n|-activate|p2a: Walking Wake|ability: Protosynthesis\n|-start|p2a: Walking Wake|protosynthesisspa\n|turn|15\n|inactive|sousnake has 120 seconds left.\n|inactive|sousnake has 90 seconds left.\n|\n|t:|1701151556\n|-terastallize|p2a: Walking Wake|Water\n|move|p2a: Walking Wake|Hydro Steam|p1a: Hoopa\n|-enditem|p1a: Hoopa|Focus Sash\n|-damage|p1a: Hoopa|1\/100\n|move|p1a: Hoopa|Trick Room|p1a: Hoopa\n|-fieldstart|move: Trick Room|[of] p1a: Hoopa\n|\n|-weather|SunnyDay|[upkeep]\n|upkeep\n|turn|16\n|\n|t:|1701151564\n|move|p1a: Hoopa|Hyperspace Fury|p2a: Walking Wake\n|-damage|p2a: Walking Wake|32\/100\n|-unboost|p1a: Hoopa|def|1\n|-item|p1a: Hoopa|Choice Specs|[from] ability: Magician|[of] p2a: Walking Wake\n|move|p2a: Walking Wake|Hydro Steam|p1a: Hoopa\n|-damage|p1a: Hoopa|0 fnt\n|faint|p1a: Hoopa\n|\n|-weather|SunnyDay|[upkeep]\n|upkeep\n|\n|t:|1701151572\n|switch|p1a: Ursaluna|Ursaluna, M|76\/100 brn\n|-damage|p1a: Ursaluna|70\/100 brn|[from] Stealth Rock\n|turn|17\n|\n|t:|1701151581\n|-end|p2a: Walking Wake|Protosynthesis|[silent]\n|switch|p2a: Torkoal|Torkoal, F|100\/100\n|move|p1a: Ursaluna|Earthquake|p2a: Torkoal\n|-supereffective|p2a: Torkoal\n|-damage|p2a: Torkoal|0 fnt\n|faint|p2a: Torkoal\n|\n|-weather|SunnyDay|[upkeep]\n|-damage|p1a: Ursaluna|64\/100 brn|[from] brn\n|upkeep\n|-message|sousnake forfeited.\n|\n|win|Aggron\n|raw|Aggron's rating: 1671 &rarr; <strong>1696<\/strong><br \/>(+25 for winning)\n|raw|sousnake's rating: 1757 &rarr; <strong>1732<\/strong><br \/>(-25 for losing)\n|l|\u2606sousnake\n|l|\u2606Aggron\n|l| VicBossMG\n|l| ChoirMember#1\n|l| xxCOALLAxx\n|j| xxCOALLAxx\n|l| xxCOALLAxx\n|j|\u2606Aggron\n|player|p1|Aggron|pokefan-gen4\n","uploadtime":1701151621,"views":21,"p1id":"aggron","p2id":"sousnake","formatid":"gen9ou","rating":1696,"private":0,"password":""}