{"id":"gen9ou-1991372077","p1":"woki mit deim koko","p2":"YOMI Draco","format":"[Gen 9] OU","log":"|j|\u2606woki mit deim koko\n|j|\u2606YOMI Draco\n|t:|1700071623\n|gametype|singles\n|player|p1|woki mit deim koko|bruno|\n|player|p2|YOMI Draco|hanbei-conquest|\n|teamsize|p1|6\n|teamsize|p2|6\n|gen|9\n|tier|[Gen 9] OU\n|rule|Sleep Clause Mod: Limit one foe put to sleep\n|rule|Species Clause: Limit one of each Pok\u00e9mon\n|rule|OHKO Clause: OHKO moves are banned\n|rule|Evasion Items Clause: Evasion items are banned\n|rule|Evasion Moves Clause: Evasion moves are banned\n|rule|Endless Battle Clause: Forcing endless battles is banned\n|rule|HP Percentage Mod: HP is shown in percentages\n|clearpoke\n|poke|p1|Fezandipiti, M|\n|poke|p1|Tropius, M|\n|poke|p1|Landorus-Therian, M|\n|poke|p1|Rotom-Wash|\n|poke|p1|Forretress, F|\n|poke|p1|Veluza, M|\n|poke|p2|Dondozo, F|\n|poke|p2|Lokix, F|\n|poke|p2|Dragalge, M|\n|poke|p2|Klefki, F|\n|poke|p2|Farigiraf, M|\n|poke|p2|Slaking, M|\n|teampreview\n|c|\u2606YOMI Draco|alright\n|c|\u2606YOMI Draco|now glhf\n|c|\u2606woki mit deim koko|glhf\n|\n|t:|1700071688\n|start\n|switch|p1a: o-o|Forretress, F, shiny|100\/100\n|switch|p2a: Lokix|Lokix, F|100\/100\n|turn|1\n|\n|t:|1700071700\n|move|p2a: Lokix|U-turn|p1a: o-o\n|-resisted|p1a: o-o\n|-damage|p1a: o-o|75\/100\n|-enditem|p1a: o-o|Red Card|[of] p2a: Lokix\n|drag|p2a: Klefki|Klefki, F|100\/100\n|move|p1a: o-o|Stealth Rock|p2a: Klefki\n|-sidestart|p2: YOMI Draco|move: Stealth Rock\n|\n|upkeep\n|turn|2\n|\n|t:|1700071713\n|move|p2a: Klefki|Reflect|p2a: Klefki\n|-sidestart|p2: YOMI Draco|Reflect\n|move|p1a: o-o|Volt Switch|p2a: Klefki\n|-damage|p2a: Klefki|91\/100\n|\n|t:|1700071725\n|switch|p1a: milton|Landorus-Therian, M|100\/100|[from] Volt Switch\n|-ability|p1a: milton|Intimidate|boost\n|-unboost|p2a: Klefki|atk|1\n|\n|upkeep\n|turn|3\n|\n|t:|1700071732\n|move|p2a: Klefki|Light Screen|p2a: Klefki\n|-sidestart|p2: YOMI Draco|move: Light Screen\n|move|p1a: milton|Earthquake|p2a: Klefki\n|-supereffective|p2a: Klefki\n|-damage|p2a: Klefki|22\/100\n|\n|upkeep\n|turn|4\n|\n|t:|1700071750\n|move|p2a: Klefki|Spikes|p1a: milton\n|-sidestart|p1: woki mit deim koko|Spikes\n|move|p1a: milton|Earthquake|p2a: Klefki\n|-supereffective|p2a: Klefki\n|-damage|p2a: Klefki|0 fnt\n|faint|p2a: Klefki\n|\n|upkeep\n|j| Mr. Kessler\n|\n|t:|1700071768\n|switch|p2a: Farigiraf|Farigiraf, M|100\/100\n|-damage|p2a: Farigiraf|88\/100|[from] Stealth Rock\n|turn|5\n|\n|t:|1700071799\n|move|p1a: milton|U-turn|p2a: Farigiraf\n|-supereffective|p2a: Farigiraf\n|-damage|p2a: Farigiraf|61\/100\n|\n|t:|1700071806\n|switch|p1a: colonoscopy|Rotom-Wash|100\/100|[from] U-turn\n|move|p2a: Farigiraf|Calm Mind|p2a: Farigiraf\n|-boost|p2a: Farigiraf|spa|1\n|-boost|p2a: Farigiraf|spd|1\n|\n|upkeep\n|turn|6\n|\n|t:|1700071817\n|move|p1a: colonoscopy|Trick|p2a: Farigiraf\n|-activate|p1a: colonoscopy|move: Trick|[of] p2a: Farigiraf\n|-item|p2a: Farigiraf|Choice Scarf|[from] move: Trick\n|-item|p1a: colonoscopy|Sitrus Berry|[from] move: Trick\n|move|p2a: Farigiraf|Trick Room|p2a: Farigiraf\n|-fieldstart|move: Trick Room|[of] p2a: Farigiraf\n|\n|upkeep\n|turn|7\n|\n|t:|1700071829\n|switch|p2a: Dragalge|Dragalge, M, shiny|100\/100\n|-damage|p2a: Dragalge|88\/100|[from] Stealth Rock\n|move|p1a: colonoscopy|Volt Switch|p2a: Dragalge\n|-resisted|p2a: Dragalge\n|-damage|p2a: Dragalge|82\/100\n|\n|t:|1700071862\n|switch|p1a: toilet|Fezandipiti, M|100\/100|[from] Volt Switch\n|-damage|p1a: toilet|88\/100|[from] Spikes\n|\n|upkeep\n|turn|8\n|\n|t:|1700071870\n|move|p2a: Dragalge|Sludge Bomb|p1a: toilet\n|-damage|p1a: toilet|37\/100\n|move|p1a: toilet|Play Rough|p2a: Dragalge\n|-damage|p2a: Dragalge|61\/100\n|\n|upkeep\n|turn|9\n|\n|t:|1700071876\n|switch|p1a: o-o|Forretress, F, shiny|75\/100\n|-damage|p1a: o-o|63\/100|[from] Spikes\n|move|p2a: Dragalge|Sludge Bomb|p1a: o-o\n|-immune|p1a: o-o\n|\n|-sideend|p2: YOMI Draco|Reflect\n|upkeep\n|turn|10\n|\n|t:|1700071884\n|switch|p2a: Slaking|Slaking, M, shiny|100\/100\n|-damage|p2a: Slaking|88\/100|[from] Stealth Rock\n|move|p1a: o-o|Rapid Spin|p2a: Slaking\n|-damage|p2a: Slaking|79\/100\n|-boost|p1a: o-o|spe|1\n|-sideend|p1: woki mit deim koko|Spikes|[from] move: Rapid Spin|[of] p1a: o-o\n|\n|-sideend|p2: YOMI Draco|move: Light Screen\n|-fieldend|move: Trick Room\n|upkeep\n|turn|11\n|\n|t:|1700071897\n|-singleturn|p2a: Slaking|move: Focus Punch\n|move|p1a: o-o|Spikes|p2a: Slaking\n|-sidestart|p2: YOMI Draco|Spikes\n|move|p2a: Slaking|Focus Punch|p1a: o-o\n|-damage|p1a: o-o|27\/100\n|\n|upkeep\n|turn|12\n|\n|t:|1700071904\n|cant|p2a: Slaking|ability: Truant\n|move|p1a: o-o|Spikes|p2a: Slaking\n|-sidestart|p2: YOMI Draco|Spikes\n|\n|upkeep\n|turn|13\n|c| Mr. Kessler|never cook again\n|c|\u2606YOMI Draco|no\n|\n|t:|1700071915\n|-singleturn|p2a: Slaking|move: Focus Punch\n|move|p1a: o-o|Spikes|p2a: Slaking\n|-sidestart|p2: YOMI Draco|Spikes\n|move|p2a: Slaking|Focus Punch|p1a: o-o\n|-damage|p1a: o-o|0 fnt\n|faint|p1a: o-o\n|\n|upkeep\n|\n|t:|1700071919\n|switch|p1a: Veluza|Veluza, M|100\/100\n|turn|14\n|\n|t:|1700071924\n|cant|p2a: Slaking|ability: Truant\n|move|p1a: Veluza|Fillet Away|p1a: Veluza\n|-boost|p1a: Veluza|atk|2\n|-boost|p1a: Veluza|spa|2\n|-boost|p1a: Veluza|spe|2\n|-damage|p1a: Veluza|50\/100\n|-enditem|p1a: Veluza|Sitrus Berry|[eat]\n|-heal|p1a: Veluza|75\/100|[from] item: Sitrus Berry\n|\n|upkeep\n|turn|15\n|\n|t:|1700071928\n|move|p1a: Veluza|Protect|p1a: Veluza\n|-singleturn|p1a: Veluza|Protect\n|move|p2a: Slaking|Seed Bomb|p1a: Veluza\n|-activate|p1a: Veluza|move: Protect\n|\n|upkeep\n|turn|16\n|c| Mr. Kessler|VAULTIN VELUZA\n|c| Mr. Kessler|oh it's joever\n|c| Mr. Kessler|actually\n|c| Mr. Kessler|lets see if it's physical or special\n|c|\u2606YOMI Draco|i love this game\n|\n|t:|1700071965\n|move|p1a: Veluza|Aqua Cutter|p2a: Slaking\n|-damage|p2a: Slaking|0 fnt\n|faint|p2a: Slaking\n|\n|upkeep\n|\n|t:|1700071973\n|switch|p2a: Lokix|Lokix, F|100\/100\n|-damage|p2a: Lokix|76\/100|[from] Stealth Rock\n|-damage|p2a: Lokix|51\/100|[from] Spikes\n|turn|17\n|\n|t:|1700071977\n|move|p1a: Veluza|Protect|p1a: Veluza\n|-singleturn|p1a: Veluza|Protect\n|move|p2a: Lokix|First Impression|p1a: Veluza\n|-activate|p1a: Veluza|move: Protect\n|\n|upkeep\n|turn|18\n|\n|t:|1700071986\n|switch|p2a: Dondozo|Dondozo, F|100\/100\n|-damage|p2a: Dondozo|88\/100|[from] Stealth Rock\n|-damage|p2a: Dondozo|63\/100|[from] Spikes\n|move|p1a: Veluza|Aqua Cutter|p2a: Dondozo\n|-resisted|p2a: Dondozo\n|-damage|p2a: Dondozo|50\/100\n|\n|-heal|p2a: Dondozo|57\/100|[from] item: Leftovers\n|upkeep\n|turn|19\n|c|\u2606YOMI Draco|vaultin veluza sweep\n|\n|t:|1700072038\n|-terastallize|p1a: Veluza|Electric\n|move|p1a: Veluza|Tera Blast|p2a: Dondozo|[anim] Tera Blast Electric\n|-supereffective|p2a: Dondozo\n|-damage|p2a: Dondozo|23\/100\n|move|p2a: Dondozo|Yawn|p1a: Veluza\n|-start|p1a: Veluza|move: Yawn|[of] p2a: Dondozo\n|\n|-heal|p2a: Dondozo|29\/100|[from] item: Leftovers\n|upkeep\n|turn|20\n|\n|t:|1700072048\n|move|p1a: Veluza|Tera Blast|p2a: Dondozo|[anim] Tera Blast Electric\n|-supereffective|p2a: Dondozo\n|-damage|p2a: Dondozo|0 fnt\n|faint|p2a: Dondozo\n|\n|-end|p1a: Veluza|move: Yawn|[silent]\n|-status|p1a: Veluza|slp\n|upkeep\n|\n|t:|1700072055\n|switch|p2a: Dragalge|Dragalge, M, shiny|61\/100\n|-damage|p2a: Dragalge|49\/100|[from] Stealth Rock\n|-damage|p2a: Dragalge|24\/100|[from] Spikes\n|turn|21\n|c| Mr. Kessler|surely stored power was an easier choice\n|c|\u2606YOMI Draco|that was my thought\n|c|\u2606woki mit deim koko|against ttar?\n|c|\u2606YOMI Draco|ehhh fair\n|c| Mr. Kessler|aqua cutter\n|c|\u2606YOMI Draco|that too\n|c|\u2606YOMI Draco|whats a ttar gonna do after switching into a stored power?\n|\n|t:|1700072108\n|cant|p1a: Veluza|slp\n|move|p2a: Dragalge|Sludge Bomb|p1a: Veluza\n|-damage|p1a: Veluza|0 fnt\n|faint|p1a: Veluza\n|\n|upkeep\n|c|\u2606YOMI Draco|get aqua cuttered\n|\n|t:|1700072115\n|switch|p1a: milton|Landorus-Therian, M|100\/100\n|-ability|p1a: milton|Intimidate|boost\n|-unboost|p2a: Dragalge|atk|1\n|turn|22\n|\n|t:|1700072128\n|switch|p2a: Farigiraf|Farigiraf, M|61\/100\n|-damage|p2a: Farigiraf|49\/100|[from] Stealth Rock\n|-damage|p2a: Farigiraf|24\/100|[from] Spikes\n|move|p1a: milton|Earthquake|p2a: Farigiraf\n|-damage|p2a: Farigiraf|0 fnt\n|faint|p2a: Farigiraf\n|\n|upkeep\n|\n|t:|1700072134\n|switch|p2a: Lokix|Lokix, F|51\/100\n|-damage|p2a: Lokix|26\/100|[from] Stealth Rock\n|-damage|p2a: Lokix|2\/100|[from] Spikes\n|turn|23\n|\n|t:|1700072146\n|move|p2a: Lokix|First Impression|p1a: milton\n|-resisted|p1a: milton\n|-damage|p1a: milton|41\/100\n|-damage|p2a: Lokix|0 fnt|[from] item: Rocky Helmet|[of] p1a: milton\n|faint|p2a: Lokix\n|move|p1a: milton|U-turn|p2: Lokix|[notarget]\n|-fail|p1a: milton\n|\n|upkeep\n|\n|t:|1700072148\n|switch|p2a: Dragalge|Dragalge, M, shiny|24\/100\n|-damage|p2a: Dragalge|12\/100|[from] Stealth Rock\n|-damage|p2a: Dragalge|0 fnt|[from] Spikes\n|faint|p2a: Dragalge\n|\n|win|woki mit deim koko\n|c|\u2606YOMI Draco|gg\n|c|\u2606woki mit deim koko|gg\n|c|\u2606woki mit deim koko|vaultin veluza\n|l|\u2606YOMI Draco\n","uploadtime":1700072160,"views":23,"p1id":"wokimitdeimkoko","p2id":"yomidraco","formatid":"gen9ou","rating":0,"private":0,"password":""}