{"id":"gen9ou-1998174813","p1":"Mr.Marvel19200","p2":"trainer dilly","format":"[Gen 9] OU","log":"|j|\u2606Mr.Marvel19200\n|j|\u2606trainer dilly\n|t:|1700906385\n|gametype|singles\n|player|p1|Mr.Marvel19200|juan|1145\n|player|p2|trainer dilly|wallace|1161\n|teamsize|p1|6\n|teamsize|p2|6\n|gen|9\n|tier|[Gen 9] OU\n|rated|\n|rule|Sleep Clause Mod: Limit one foe put to sleep\n|rule|Species Clause: Limit one of each Pok\u00e9mon\n|rule|OHKO Clause: OHKO moves are banned\n|rule|Evasion Items Clause: Evasion items are banned\n|rule|Evasion Moves Clause: Evasion moves are banned\n|rule|Endless Battle Clause: Forcing endless battles is banned\n|rule|HP Percentage Mod: HP is shown in percentages\n|clearpoke\n|poke|p1|Sableye, F|\n|poke|p1|Skeledirge, M|\n|poke|p1|Clodsire, F|\n|poke|p1|Weezing, M|\n|poke|p1|Forretress, M|\n|poke|p1|Samurott-Hisui, F|\n|poke|p2|Enamorus, F|\n|poke|p2|Espeon, F|\n|poke|p2|Drifblim, F|\n|poke|p2|Iron Valiant|\n|poke|p2|Cinderace, F|\n|poke|p2|Zoroark-Hisui, F|\n|teampreview\n|\n|t:|1700906389\n|start\n|switch|p1a: Forretress|Forretress, M|100\/100\n|switch|p2a: Cinderace|Cinderace, F|100\/100\n|turn|1\n|\n|t:|1700906397\n|switch|p2a: Espeon|Espeon, F|100\/100\n|move|p1a: Forretress|Stealth Rock|p2a: Espeon\n|move|p2a: Espeon|Stealth Rock|p1a: Forretress|[from]ability: Magic Bounce\n|-sidestart|p1: Mr.Marvel19200|move: Stealth Rock\n|\n|upkeep\n|turn|2\n|inactive|Battle timer is ON: inactive players will automatically lose when time's up. (requested by Mr.Marvel19200)\n|\n|t:|1700906410\n|move|p2a: Espeon|Psyshock|p1a: Forretress\n|-resisted|p1a: Forretress\n|-damage|p1a: Forretress|76\/100\n|-enditem|p1a: Forretress|Red Card|[of] p2a: Espeon\n|drag|p2a: Enamorus|Enamorus, F|100\/100\n|move|p1a: Forretress|Rapid Spin|p2a: Enamorus\n|-damage|p2a: Enamorus|76\/100\n|-boost|p1a: Forretress|spe|1\n|-sideend|p1: Mr.Marvel19200|Stealth Rock|[from] move: Rapid Spin|[of] p1a: Forretress\n|\n|upkeep\n|turn|3\n|\n|t:|1700906422\n|move|p2a: Enamorus|Mystical Fire|p1a: Forretress\n|-supereffective|p1a: Forretress\n|-damage|p1a: Forretress|0 fnt\n|faint|p1a: Forretress\n|\n|upkeep\n|\n|t:|1700906428\n|switch|p1a: Weezing|Weezing, M|100\/100\n|turn|4\n|\n|t:|1700906434\n|move|p2a: Enamorus|Mystical Fire|p1a: Weezing\n|-damage|p1a: Weezing|44\/100\n|-unboost|p1a: Weezing|spa|1\n|move|p1a: Weezing|Sludge Bomb|p2a: Enamorus\n|-supereffective|p2a: Enamorus\n|-damage|p2a: Enamorus|30\/100\n|\n|-heal|p1a: Weezing|50\/100|[from] item: Leftovers\n|upkeep\n|turn|5\n|\n|t:|1700906447\n|switch|p1a: Clodsire|Clodsire, F|100\/100\n|move|p2a: Enamorus|Mystical Fire|p1a: Clodsire\n|-damage|p1a: Clodsire|78\/100\n|-unboost|p1a: Clodsire|spa|1\n|\n|-heal|p1a: Clodsire|84\/100|[from] item: Black Sludge\n|upkeep\n|turn|6\n|\n|t:|1700906461\n|switch|p2a: Drifblim|Drifblim, F|100\/100\n|move|p1a: Clodsire|Toxic|p2a: Drifblim\n|-status|p2a: Drifblim|tox\n|\n|-heal|p1a: Clodsire|90\/100|[from] item: Black Sludge\n|-damage|p2a: Drifblim|94\/100 tox|[from] psn\n|upkeep\n|turn|7\n|\n|t:|1700906473\n|move|p2a: Drifblim|Will-O-Wisp|p1a: Clodsire\n|-status|p1a: Clodsire|brn\n|move|p1a: Clodsire|Stockpile|p1a: Clodsire\n|-start|p1a: Clodsire|stockpile1\n|-boost|p1a: Clodsire|def|1\n|-boost|p1a: Clodsire|spd|1\n|\n|-heal|p1a: Clodsire|97\/100 brn|[from] item: Black Sludge\n|-damage|p2a: Drifblim|82\/100 tox|[from] psn\n|-damage|p1a: Clodsire|90\/100 brn|[from] brn\n|upkeep\n|turn|8\n|\n|t:|1700906487\n|move|p2a: Drifblim|Hex|p1a: Clodsire\n|-damage|p1a: Clodsire|76\/100 brn\n|move|p1a: Clodsire|Stockpile|p1a: Clodsire\n|-start|p1a: Clodsire|stockpile2\n|-boost|p1a: Clodsire|def|1\n|-boost|p1a: Clodsire|spd|1\n|\n|-heal|p1a: Clodsire|82\/100 brn|[from] item: Black Sludge\n|-damage|p2a: Drifblim|64\/100 tox|[from] psn\n|-damage|p1a: Clodsire|76\/100 brn|[from] brn\n|upkeep\n|turn|9\n|\n|t:|1700906500\n|switch|p2a: Espeon|Espeon, F|100\/100\n|move|p1a: Clodsire|Stockpile|p1a: Clodsire\n|-start|p1a: Clodsire|stockpile3\n|-boost|p1a: Clodsire|def|1\n|-boost|p1a: Clodsire|spd|1\n|\n|-heal|p1a: Clodsire|82\/100 brn|[from] item: Black Sludge\n|-damage|p1a: Clodsire|76\/100 brn|[from] brn\n|upkeep\n|turn|10\n|\n|t:|1700906512\n|switch|p1a: Sableye|Sableye, F|100\/100\n|move|p2a: Espeon|Trick|p1a: Sableye\n|-activate|p2a: Espeon|move: Trick|[of] p1a: Sableye\n|-item|p1a: Sableye|Choice Specs|[from] move: Trick\n|-item|p2a: Espeon|Rocky Helmet|[from] move: Trick\n|\n|upkeep\n|turn|11\n|\n|t:|1700906523\n|move|p1a: Sableye|Skill Swap|p2a: Espeon\n|-activate|p1a: Sableye|move: Skill Swap|Magic Bounce|Prankster|[of] p2a: Espeon\n|move|p2a: Espeon|Shadow Ball|p1a: Sableye\n|-damage|p1a: Sableye|55\/100\n|-unboost|p1a: Sableye|spd|1\n|\n|upkeep\n|turn|12\n|\n|t:|1700906535\n|switch|p1a: Clodsire|Clodsire, F|76\/100 brn\n|move|p2a: Espeon|Shadow Ball|p1a: Clodsire\n|-damage|p1a: Clodsire|61\/100 brn\n|\n|-heal|p1a: Clodsire|67\/100 brn|[from] item: Black Sludge\n|-damage|p1a: Clodsire|61\/100 brn|[from] brn\n|upkeep\n|turn|13\n|\n|t:|1700906550\n|switch|p2a: Iron Valiant|Iron Valiant|100\/100\n|-enditem|p2a: Iron Valiant|Booster Energy\n|-activate|p2a: Iron Valiant|ability: Quark Drive|[fromitem]\n|-start|p2a: Iron Valiant|quarkdrivespe\n|move|p1a: Clodsire|Toxic|p2a: Iron Valiant\n|-status|p2a: Iron Valiant|tox\n|\n|-heal|p1a: Clodsire|67\/100 brn|[from] item: Black Sludge\n|-damage|p2a: Iron Valiant|94\/100 tox|[from] psn\n|-damage|p1a: Clodsire|61\/100 brn|[from] brn\n|upkeep\n|turn|14\n|\n|t:|1700906566\n|move|p2a: Iron Valiant|Swords Dance|p2a: Iron Valiant\n|-boost|p2a: Iron Valiant|atk|2\n|move|p1a: Clodsire|Recover|p1a: Clodsire\n|-heal|p1a: Clodsire|100\/100 brn\n|\n|-damage|p2a: Iron Valiant|82\/100 tox|[from] psn\n|-damage|p1a: Clodsire|94\/100 brn|[from] brn\n|upkeep\n|turn|15\n|\n|t:|1700906580\n|switch|p1a: Weezing|Weezing, M|50\/100\n|move|p2a: Iron Valiant|Encore||[still]\n|-fail|p2a: Iron Valiant\n|\n|-heal|p1a: Weezing|56\/100|[from] item: Leftovers\n|-damage|p2a: Iron Valiant|63\/100 tox|[from] psn\n|upkeep\n|turn|16\n|\n|t:|1700906592\n|move|p2a: Iron Valiant|Close Combat|p1a: Weezing\n|-resisted|p1a: Weezing\n|-damage|p1a: Weezing|15\/100\n|-unboost|p2a: Iron Valiant|def|1\n|-unboost|p2a: Iron Valiant|spd|1\n|move|p1a: Weezing|Sludge Bomb|p2a: Iron Valiant\n|-supereffective|p2a: Iron Valiant\n|-damage|p2a: Iron Valiant|0 fnt\n|faint|p2a: Iron Valiant\n|-end|p2a: Iron Valiant|Quark Drive|[silent]\n|\n|-heal|p1a: Weezing|21\/100|[from] item: Leftovers\n|upkeep\n|c|\u2606trainer dilly|tank lol\n|\n|t:|1700906608\n|switch|p2a: Cinderace|Cinderace, F|100\/100\n|turn|17\n|\n|t:|1700906623\n|switch|p1a: Sableye|Sableye, F|55\/100\n|move|p2a: Cinderace|Shadow Ball|p1a: Sableye\n|-damage|p1a: Sableye|0 fnt\n|faint|p1a: Sableye\n|\n|upkeep\n|\n|t:|1700906632\n|switch|p1a: Samurott|Samurott-Hisui, F|100\/100\n|turn|18\n|\n|t:|1700906647\n|switch|p2a: Drifblim|Drifblim, F|64\/100 tox\n|move|p1a: Samurott|Ceaseless Edge|p2a: Drifblim\n|-supereffective|p2a: Drifblim\n|-damage|p2a: Drifblim|0 fnt\n|-damage|p1a: Samurott|76\/100|[from] ability: Aftermath|[of] p2a: Drifblim\n|-sidestart|p2: trainer dilly|Spikes\n|faint|p2a: Drifblim\n|\n|upkeep\n|\n|t:|1700906658\n|switch|p2a: Enamorus|Enamorus, F|30\/100\n|turn|19\n|\n|t:|1700906666\n|switch|p1a: Weezing|Weezing, M|21\/100\n|move|p2a: Enamorus|Moonblast|p1a: Weezing\n|-resisted|p1a: Weezing\n|-damage|p1a: Weezing|0 fnt\n|faint|p1a: Weezing\n|\n|upkeep\n|\n|t:|1700906674\n|switch|p1a: Samurott|Samurott-Hisui, F|76\/100\n|turn|20\n|\n|t:|1700906677\n|move|p1a: Samurott|Razor Shell|p2a: Enamorus\n|-damage|p2a: Enamorus|0 fnt\n|faint|p2a: Enamorus\n|\n|upkeep\n|\n|t:|1700906689\n|switch|p2a: Espeon|Espeon, F|100\/100\n|-damage|p2a: Espeon|88\/100|[from] Spikes\n|turn|21\n|\n|t:|1700906703\n|switch|p1a: Skeledirge|Skeledirge, M|100\/100\n|move|p2a: Espeon|Trick|p1a: Skeledirge\n|-activate|p2a: Espeon|move: Trick|[of] p1a: Skeledirge\n|-item|p1a: Skeledirge|Rocky Helmet|[from] move: Trick\n|-item|p2a: Espeon|Heavy-Duty Boots|[from] move: Trick\n|\n|upkeep\n|turn|22\n|\n|t:|1700906715\n|-terastallize|p2a: Espeon|Fairy\n|move|p2a: Espeon|Shadow Ball|p1a: Skeledirge\n|-supereffective|p1a: Skeledirge\n|-damage|p1a: Skeledirge|38\/100\n|move|p1a: Skeledirge|Shadow Ball|p2a: Espeon\n|-damage|p2a: Espeon|48\/100\n|\n|upkeep\n|turn|23\n|\n|t:|1700906743\n|move|p2a: Espeon|Dazzling Gleam|p1a: Skeledirge\n|-resisted|p1a: Skeledirge\n|-damage|p1a: Skeledirge|18\/100\n|move|p1a: Skeledirge|Slack Off|p1a: Skeledirge\n|-heal|p1a: Skeledirge|68\/100\n|\n|upkeep\n|turn|24\n|\n|t:|1700906754\n|move|p2a: Espeon|Shadow Ball|p1a: Skeledirge\n|-supereffective|p1a: Skeledirge\n|-damage|p1a: Skeledirge|9\/100\n|move|p1a: Skeledirge|Shadow Ball|p2a: Espeon\n|-damage|p2a: Espeon|8\/100\n|\n|upkeep\n|turn|25\n|\n|t:|1700906763\n|move|p2a: Espeon|Dazzling Gleam|p1a: Skeledirge\n|-resisted|p1a: Skeledirge\n|-damage|p1a: Skeledirge|0 fnt\n|faint|p1a: Skeledirge\n|\n|upkeep\n|\n|t:|1700906769\n|switch|p1a: Samurott|Samurott-Hisui, F|76\/100\n|turn|26\n|\n|t:|1700906776\n|move|p1a: Samurott|Ceaseless Edge|p2a: Espeon\n|-resisted|p2a: Espeon\n|-damage|p2a: Espeon|0 fnt\n|-sidestart|p2: trainer dilly|Spikes\n|faint|p2a: Espeon\n|\n|upkeep\n|\n|t:|1700906784\n|switch|p2a: Cinderace|Cinderace, F|100\/100\n|-damage|p2a: Cinderace|84\/100|[from] Spikes\n|turn|27\n|\n|t:|1700906801\n|move|p1a: Samurott|Ceaseless Edge|p2a: Cinderace\n|-supereffective|p2a: Cinderace\n|-damage|p2a: Cinderace|0 fnt\n|replace|p2a: Zoroark|Zoroark-Hisui, F\n|-end|p2a: Zoroark|Illusion\n|-sidestart|p2: trainer dilly|Spikes\n|faint|p2a: Zoroark\n|\n|upkeep\n|\n|t:|1700906806\n|switch|p2a: Cinderace|Cinderace, F|100\/100\n|turn|28\n|\n|t:|1700906814\n|switch|p1a: Clodsire|Clodsire, F|94\/100 brn\n|move|p2a: Cinderace|Sucker Punch||[still]\n|-fail|p2a: Cinderace\n|\n|-heal|p1a: Clodsire|100\/100 brn|[from] item: Black Sludge\n|-damage|p1a: Clodsire|94\/100 brn|[from] brn\n|upkeep\n|turn|29\n|-message|trainer dilly forfeited.\n|\n|win|Mr.Marvel19200\n|raw|Mr.Marvel19200's rating: 1145 &rarr; <strong>1171<\/strong><br \/>(+26 for winning)\n|raw|trainer dilly's rating: 1161 &rarr; <strong>1135<\/strong><br \/>(-26 for losing)\n|l|\u2606trainer dilly\n","uploadtime":1700906842,"views":15,"p1id":"mrmarvel19200","p2id":"trainerdilly","formatid":"gen9ou","rating":1135,"private":0,"password":""}