{"id":"gen9ou-2000220941","p1":"Majin_Ops","p2":"Gyan99","format":"[Gen 9] OU","log":"|j|\u2606Majin_Ops\n|j|\u2606Gyan99\n|t:|1701173969\n|gametype|singles\n|player|p1|Majin_Ops|shadowtriad|1163\n|player|p2|Gyan99|102|1272\n|teamsize|p1|6\n|teamsize|p2|6\n|gen|9\n|tier|[Gen 9] OU\n|rated|\n|rule|Sleep Clause Mod: Limit one foe put to sleep\n|rule|Species Clause: Limit one of each Pok\u00e9mon\n|rule|OHKO Clause: OHKO moves are banned\n|rule|Evasion Items Clause: Evasion items are banned\n|rule|Evasion Moves Clause: Evasion moves are banned\n|rule|Endless Battle Clause: Forcing endless battles is banned\n|rule|HP Percentage Mod: HP is shown in percentages\n|clearpoke\n|poke|p1|Ogerpon-Wellspring, F|\n|poke|p1|Mimikyu, F|\n|poke|p1|Dragonite, M|\n|poke|p1|Garganacl, M|\n|poke|p1|Iron Hands|\n|poke|p1|Corviknight, M|\n|poke|p2|Ninetales-Alola, F|\n|poke|p2|Torterra, M|\n|poke|p2|Hatterene, F|\n|poke|p2|Empoleon, F|\n|poke|p2|Great Tusk|\n|poke|p2|Infernape, M|\n|teampreview\n|inactive|Battle timer is ON: inactive players will automatically lose when time's up. (requested by Majin_Ops)\n|\n|t:|1701174001\n|start\n|switch|p1a: Ogerpon|Ogerpon-Wellspring, F|100\/100\n|switch|p2a: Snow Angel|Ninetales-Alola, F, shiny|100\/100\n|-weather|Snow|[from] ability: Snow Warning|[of] p2a: Snow Angel\n|turn|1\n|\n|t:|1701174010\n|-terastallize|p1a: Ogerpon|Water\n|detailschange|p1a: Ogerpon|Ogerpon-Wellspring-Tera, F, tera:Water\n|-ability|p1a: Ogerpon|Embody Aspect (Wellspring)|boost\n|-boost|p1a: Ogerpon|spd|1\n|move|p1a: Ogerpon|Taunt|p2a: Snow Angel\n|-start|p2a: Snow Angel|move: Taunt\n|move|p2a: Snow Angel|Freeze-Dry|p1a: Ogerpon\n|-supereffective|p1a: Ogerpon\n|-damage|p1a: Ogerpon|64\/100\n|\n|-weather|Snow|[upkeep]\n|upkeep\n|turn|2\n|\n|t:|1701174029\n|switch|p2a: Happy feet|Empoleon, F, shiny|100\/100\n|move|p1a: Ogerpon|Swords Dance|p1a: Ogerpon\n|-boost|p1a: Ogerpon|atk|2\n|\n|-weather|Snow|[upkeep]\n|upkeep\n|turn|3\n|\n|t:|1701174037\n|move|p1a: Ogerpon|Power Whip|p2a: Happy feet\n|-damage|p2a: Happy feet|0 fnt\n|faint|p2a: Happy feet\n|\n|-weather|Snow|[upkeep]\n|upkeep\n|\n|t:|1701174045\n|switch|p2a: Infernape|Infernape, M|100\/100\n|turn|4\n|\n|t:|1701174061\n|move|p2a: Infernape|Aura Sphere|p1a: Ogerpon\n|-crit|p1a: Ogerpon\n|-damage|p1a: Ogerpon|0 fnt\n|faint|p1a: Ogerpon\n|\n|-weather|Snow|[upkeep]\n|upkeep\n|\n|t:|1701174075\n|switch|p1a: Garganacl|Garganacl, M|100\/100\n|turn|5\n|\n|t:|1701174088\n|move|p2a: Infernape|Aura Sphere|p1a: Garganacl\n|-supereffective|p1a: Garganacl\n|-damage|p1a: Garganacl|39\/100\n|move|p1a: Garganacl|Salt Cure|p2a: Infernape\n|-damage|p2a: Infernape|78\/100\n|-start|p2a: Infernape|Salt Cure\n|\n|-weather|none\n|-heal|p1a: Garganacl|45\/100|[from] item: Leftovers\n|-damage|p2a: Infernape|66\/100|[from] Salt Cure\n|upkeep\n|turn|6\n|\n|t:|1701174102\n|switch|p1a: Corviknight|Corviknight, M|100\/100\n|move|p2a: Infernape|Aura Sphere|p1a: Corviknight\n|-damage|p1a: Corviknight|60\/100\n|\n|-heal|p1a: Corviknight|66\/100|[from] item: Leftovers\n|-damage|p2a: Infernape|53\/100|[from] Salt Cure\n|upkeep\n|turn|7\n|\n|t:|1701174123\n|switch|p2a: Snow Angel|Ninetales-Alola, F, shiny|100\/100\n|-weather|Snow|[from] ability: Snow Warning|[of] p2a: Snow Angel\n|move|p1a: Corviknight|Bulk Up|p1a: Corviknight\n|-boost|p1a: Corviknight|atk|1\n|-boost|p1a: Corviknight|def|1\n|\n|-weather|Snow|[upkeep]\n|-heal|p1a: Corviknight|72\/100|[from] item: Leftovers\n|upkeep\n|turn|8\n|\n|t:|1701174135\n|move|p2a: Snow Angel|Aurora Veil|p2a: Snow Angel\n|-sidestart|p2: Gyan99|move: Aurora Veil\n|move|p1a: Corviknight|Iron Head|p2a: Snow Angel\n|-supereffective|p2a: Snow Angel\n|-damage|p2a: Snow Angel|2\/100\n|\n|-weather|Snow|[upkeep]\n|-heal|p1a: Corviknight|78\/100|[from] item: Leftovers\n|upkeep\n|turn|9\n|\n|t:|1701174144\n|switch|p2a: Infernape|Infernape, M|53\/100\n|move|p1a: Corviknight|Iron Head|p2a: Infernape\n|-resisted|p2a: Infernape\n|-damage|p2a: Infernape|34\/100\n|\n|-weather|Snow|[upkeep]\n|-heal|p1a: Corviknight|84\/100|[from] item: Leftovers\n|upkeep\n|turn|10\n|\n|t:|1701174154\n|move|p2a: Infernape|Flamethrower|p1a: Corviknight\n|-supereffective|p1a: Corviknight\n|-damage|p1a: Corviknight|0 fnt\n|faint|p1a: Corviknight\n|\n|-weather|Snow|[upkeep]\n|upkeep\n|\n|t:|1701174165\n|switch|p1a: Mimikyu|Mimikyu, F|100\/100\n|turn|11\n|\n|t:|1701174177\n|move|p2a: Infernape|Flamethrower|p1a: Mimikyu\n|-activate|p1a: Mimikyu|ability: Disguise\n|-damage|p1a: Mimikyu|100\/100\n|detailschange|p1a: Mimikyu|Mimikyu-Busted, F\n|-damage|p1a: Mimikyu|88\/100|[from] pokemon: Mimikyu-Busted\n|move|p1a: Mimikyu|Swords Dance|p1a: Mimikyu\n|-boost|p1a: Mimikyu|atk|2\n|\n|-weather|none\n|upkeep\n|turn|12\n|\n|t:|1701174189\n|move|p1a: Mimikyu|Shadow Sneak|p2a: Infernape\n|-damage|p2a: Infernape|0 fnt\n|faint|p2a: Infernape\n|-damage|p1a: Mimikyu|78\/100|[from] item: Life Orb\n|\n|upkeep\n|\n|t:|1701174201\n|switch|p2a: ECO|Torterra, M, shiny|100\/100\n|turn|13\n|\n|t:|1701174215\n|move|p1a: Mimikyu|Play Rough|p2a: ECO\n|-damage|p2a: ECO|53\/100\n|-damage|p1a: Mimikyu|69\/100|[from] item: Life Orb\n|move|p2a: ECO|Shell Smash|p2a: ECO\n|-unboost|p2a: ECO|def|1\n|-unboost|p2a: ECO|spd|1\n|-boost|p2a: ECO|atk|2\n|-boost|p2a: ECO|spa|2\n|-boost|p2a: ECO|spe|2\n|-enditem|p2a: ECO|White Herb\n|-clearnegativeboost|p2a: ECO|[silent]\n|\n|upkeep\n|turn|14\n|\n|t:|1701174235\n|move|p1a: Mimikyu|Shadow Sneak|p2a: ECO\n|-damage|p2a: ECO|32\/100\n|-damage|p1a: Mimikyu|59\/100|[from] item: Life Orb\n|move|p2a: ECO|Seed Bomb|p1a: Mimikyu\n|-damage|p1a: Mimikyu|0 fnt\n|faint|p1a: Mimikyu\n|\n|upkeep\n|\n|t:|1701174245\n|switch|p1a: Dragonite|Dragonite, M|100\/100\n|turn|15\n|\n|t:|1701174258\n|-terastallize|p2a: ECO|Rock\n|move|p2a: ECO|Tera Blast|p1a: Dragonite|[anim] Tera Blast Rock\n|-supereffective|p1a: Dragonite\n|-damage|p1a: Dragonite|21\/100\n|-enditem|p1a: Dragonite|Weakness Policy\n|-boost|p1a: Dragonite|atk|2|[from] item: Weakness Policy\n|-boost|p1a: Dragonite|spa|2|[from] item: Weakness Policy\n|move|p1a: Dragonite|Dragon Dance|p1a: Dragonite\n|-boost|p1a: Dragonite|atk|1\n|-boost|p1a: Dragonite|spe|1\n|\n|-sideend|p2: Gyan99|move: Aurora Veil\n|upkeep\n|turn|16\n|\n|t:|1701174277\n|move|p2a: ECO|Tera Blast|p1a: Dragonite|[anim] Tera Blast Rock\n|-supereffective|p1a: Dragonite\n|-damage|p1a: Dragonite|0 fnt\n|faint|p1a: Dragonite\n|\n|upkeep\n|\n|t:|1701174285\n|switch|p1a: Iron Hands|Iron Hands|100\/100\n|-enditem|p1a: Iron Hands|Booster Energy\n|-activate|p1a: Iron Hands|ability: Quark Drive|[fromitem]\n|-start|p1a: Iron Hands|quarkdriveatk\n|turn|17\n|\n|t:|1701174296\n|move|p1a: Iron Hands|Fake Out|p2a: ECO\n|-resisted|p2a: ECO\n|-damage|p2a: ECO|24\/100\n|cant|p2a: ECO|flinch\n|\n|upkeep\n|turn|18\n|\n|t:|1701174303\n|move|p2a: ECO|Headlong Rush|p1a: Iron Hands\n|-supereffective|p1a: Iron Hands\n|-damage|p1a: Iron Hands|0 fnt\n|-unboost|p2a: ECO|def|1\n|-unboost|p2a: ECO|spd|1\n|faint|p1a: Iron Hands\n|-end|p1a: Iron Hands|Quark Drive|[silent]\n|\n|upkeep\n|\n|t:|1701174317\n|switch|p1a: Garganacl|Garganacl, M|45\/100\n|turn|19\n|\n|t:|1701174322\n|move|p2a: ECO|Seed Bomb|p1a: Garganacl\n|-supereffective|p1a: Garganacl\n|-damage|p1a: Garganacl|0 fnt\n|faint|p1a: Garganacl\n|\n|win|Gyan99\n|raw|Majin_Ops's rating: 1163 &rarr; <strong>1146<\/strong><br \/>(-17 for losing)\n|raw|Gyan99's rating: 1272 &rarr; <strong>1289<\/strong><br \/>(+17 for winning)\n|l|\u2606Majin_Ops\n","uploadtime":1701174337,"views":8,"p1id":"majinops","p2id":"gyan99","formatid":"gen9ou","rating":1146,"private":0,"password":""}