{"id":"gen9ou-1996997912","p1":"frantoons","p2":"xSwip","format":"[Gen 9] OU","log":"|j|\u2606frantoons\n|j|\u2606xSwip\n|t:|1700754006\n|gametype|singles\n|player|p1|frantoons|blue-masters|1220\n|player|p2|xSwip|102|1189\n|teamsize|p1|6\n|teamsize|p2|6\n|gen|9\n|tier|[Gen 9] OU\n|rated|\n|rule|Sleep Clause Mod: Limit one foe put to sleep\n|rule|Species Clause: Limit one of each Pok\u00e9mon\n|rule|OHKO Clause: OHKO moves are banned\n|rule|Evasion Items Clause: Evasion items are banned\n|rule|Evasion Moves Clause: Evasion moves are banned\n|rule|Endless Battle Clause: Forcing endless battles is banned\n|rule|HP Percentage Mod: HP is shown in percentages\n|clearpoke\n|poke|p1|Cinderace, M|\n|poke|p1|Great Tusk|\n|poke|p1|Zapdos|\n|poke|p1|Zamazenta-*|\n|poke|p1|Ribombee, F|\n|poke|p1|Clefable, F|\n|poke|p2|Ogerpon-Wellspring, F|\n|poke|p2|Gholdengo|\n|poke|p2|Kingambit, M|\n|poke|p2|Zamazenta-*|\n|poke|p2|Enamorus, F|\n|poke|p2|Glimmora, F|\n|teampreview\n|inactive|Battle timer is ON: inactive players will automatically lose when time's up. (requested by frantoons)\n|\n|t:|1700754014\n|start\n|switch|p1a: kirbi|Clefable, F, shiny|100\/100\n|switch|p2a: Glimmora|Glimmora, F|100\/100\n|turn|1\n|\n|t:|1700754018\n|move|p2a: Glimmora|Spikes|p1a: kirbi\n|-sidestart|p1: frantoons|Spikes\n|move|p1a: kirbi|Stealth Rock|p2a: Glimmora\n|-sidestart|p2: xSwip|move: Stealth Rock\n|\n|upkeep\n|turn|2\n|\n|t:|1700754021\n|switch|p1a: Dumbo|Great Tusk|100\/100\n|move|p2a: Glimmora|Spikes|p1a: Dumbo\n|-sidestart|p1: frantoons|Spikes\n|\n|upkeep\n|turn|3\n|\n|t:|1700754027\n|switch|p2a: Gholdengo|Gholdengo|100\/100\n|-damage|p2a: Gholdengo|94\/100|[from] Stealth Rock\n|-item|p2a: Gholdengo|Air Balloon\n|move|p1a: Dumbo|Rapid Spin|p2a: Gholdengo\n|-immune|p2a: Gholdengo\n|\n|upkeep\n|turn|4\n|\n|t:|1700754039\n|move|p1a: Dumbo|Knock Off|p2a: Gholdengo\n|-supereffective|p2a: Gholdengo\n|-damage|p2a: Gholdengo|11\/100\n|-enditem|p2a: Gholdengo|Air Balloon\n|move|p2a: Gholdengo|Psyshock|p1a: Dumbo\n|-supereffective|p1a: Dumbo\n|-damage|p1a: Dumbo|57\/100\n|\n|upkeep\n|turn|5\n|\n|t:|1700754052\n|switch|p2a: Enamorus|Enamorus, F|100\/100\n|-damage|p2a: Enamorus|76\/100|[from] Stealth Rock\n|move|p1a: Dumbo|Knock Off|p2a: Enamorus\n|-resisted|p2a: Enamorus\n|-damage|p2a: Enamorus|47\/100\n|-enditem|p2a: Enamorus|Choice Scarf|[from] move: Knock Off|[of] p1a: Dumbo\n|\n|upkeep\n|turn|6\n|\n|t:|1700754058\n|move|p2a: Enamorus|Moonblast|p1a: Dumbo\n|-supereffective|p1a: Dumbo\n|-damage|p1a: Dumbo|0 fnt\n|faint|p1a: Dumbo\n|-end|p1a: Dumbo|Protosynthesis|[silent]\n|\n|upkeep\n|\n|t:|1700754066\n|switch|p1a: Chirios|Ribombee, F, shiny|100\/100\n|-damage|p1a: Chirios|84\/100|[from] Spikes\n|turn|7\n|\n|t:|1700754076\n|move|p1a: Chirios|Sticky Web|p2a: Enamorus\n|-sidestart|p2: xSwip|move: Sticky Web\n|move|p2a: Enamorus|Healing Wish|p2a: Enamorus\n|faint|p2a: Enamorus\n|\n|upkeep\n|\n|t:|1700754079\n|switch|p2a: Gholdengo|Gholdengo|11\/100\n|-heal|p2a: Gholdengo|100\/100|[from] move: Healing Wish\n|-damage|p2a: Gholdengo|94\/100|[from] Stealth Rock\n|-activate|p2a: Gholdengo|move: Sticky Web\n|-unboost|p2a: Gholdengo|spe|1\n|turn|8\n|\n|t:|1700754087\n|move|p1a: Chirios|Stun Spore|p2a: Gholdengo\n|-immune|p2a: Gholdengo|[from] ability: Good as Gold\n|move|p2a: Gholdengo|Make It Rain|p1a: Chirios\n|-supereffective|p1a: Chirios\n|-damage|p1a: Chirios|0 fnt\n|-unboost|p2a: Gholdengo|spa|1\n|faint|p1a: Chirios\n|\n|upkeep\n|\n|t:|1700754095\n|switch|p1a: CinderDeidad|Cinderace, M|100\/100\n|turn|9\n|\n|t:|1700754112\n|switch|p2a: Glimmora|Glimmora, F|100\/100\n|-damage|p2a: Glimmora|88\/100|[from] Stealth Rock\n|-activate|p2a: Glimmora|move: Sticky Web\n|-unboost|p2a: Glimmora|spe|1\n|move|p1a: CinderDeidad|Pyro Ball|p2a: Glimmora\n|-resisted|p2a: Glimmora\n|-damage|p2a: Glimmora|51\/100\n|-activate|p2a: Glimmora|ability: Toxic Debris\n|-sidestart|p1: frantoons|move: Toxic Spikes\n|\n|upkeep\n|turn|10\n|\n|t:|1700754120\n|move|p1a: CinderDeidad|Iron Head|p2a: Glimmora\n|-start|p1a: CinderDeidad|typechange|Steel|[from] ability: Libero\n|-supereffective|p2a: Glimmora\n|-damage|p2a: Glimmora|0 fnt\n|-activate|p2a: Glimmora|ability: Toxic Debris\n|-sidestart|p1: frantoons|move: Toxic Spikes\n|faint|p2a: Glimmora\n|\n|upkeep\n|\n|t:|1700754130\n|switch|p2a: Zamazenta|Zamazenta|100\/100\n|-damage|p2a: Zamazenta|94\/100|[from] Stealth Rock\n|-activate|p2a: Zamazenta|move: Sticky Web\n|-unboost|p2a: Zamazenta|spe|1\n|-ability|p2a: Zamazenta|Dauntless Shield|boost\n|-boost|p2a: Zamazenta|def|1\n|turn|11\n|\n|t:|1700754140\n|move|p1a: CinderDeidad|Bounce||[still]\n|-prepare|p1a: CinderDeidad|Bounce\n|move|p2a: Zamazenta|Body Press|p1a: CinderDeidad|[miss]\n|-miss|p2a: Zamazenta|p1a: CinderDeidad\n|\n|-heal|p2a: Zamazenta|100\/100|[from] item: Leftovers\n|upkeep\n|turn|12\n|\n|t:|1700754151\n|move|p1a: CinderDeidad|Bounce|p2a: Zamazenta|[from]lockedmove\n|-supereffective|p2a: Zamazenta\n|-damage|p2a: Zamazenta|75\/100\n|move|p2a: Zamazenta|Substitute|p2a: Zamazenta\n|-start|p2a: Zamazenta|Substitute\n|-damage|p2a: Zamazenta|50\/100\n|\n|-heal|p2a: Zamazenta|56\/100|[from] item: Leftovers\n|upkeep\n|turn|13\n|\n|t:|1700754157\n|move|p1a: CinderDeidad|Pyro Ball|p2a: Zamazenta\n|-activate|p2a: Zamazenta|move: Substitute|[damage]\n|move|p2a: Zamazenta|Iron Defense|p2a: Zamazenta\n|-boost|p2a: Zamazenta|def|2\n|\n|-heal|p2a: Zamazenta|62\/100|[from] item: Leftovers\n|upkeep\n|turn|14\n|\n|t:|1700754162\n|move|p1a: CinderDeidad|Bounce||[still]\n|-prepare|p1a: CinderDeidad|Bounce\n|move|p2a: Zamazenta|Iron Defense|p2a: Zamazenta\n|-boost|p2a: Zamazenta|def|2\n|\n|-heal|p2a: Zamazenta|69\/100|[from] item: Leftovers\n|upkeep\n|turn|15\n|\n|t:|1700754165\n|move|p1a: CinderDeidad|Bounce|p2a: Zamazenta|[from]lockedmove|[miss]\n|-miss|p1a: CinderDeidad|p2a: Zamazenta\n|move|p2a: Zamazenta|Iron Defense|p2a: Zamazenta\n|-boost|p2a: Zamazenta|def|1\n|\n|-heal|p2a: Zamazenta|75\/100|[from] item: Leftovers\n|upkeep\n|turn|16\n|\n|t:|1700754169\n|move|p1a: CinderDeidad|Pyro Ball|p2a: Zamazenta\n|-end|p2a: Zamazenta|Substitute\n|move|p2a: Zamazenta|Body Press|p1a: CinderDeidad\n|-supereffective|p1a: CinderDeidad\n|-damage|p1a: CinderDeidad|0 fnt\n|faint|p1a: CinderDeidad\n|\n|-heal|p2a: Zamazenta|81\/100|[from] item: Leftovers\n|upkeep\n|\n|t:|1700754171\n|switch|p1a: dulce princesa|Zamazenta, shiny|100\/100\n|-damage|p1a: dulce princesa|84\/100|[from] Spikes\n|-status|p1a: dulce princesa|tox\n|-ability|p1a: dulce princesa|Dauntless Shield|boost\n|-boost|p1a: dulce princesa|def|1\n|turn|17\n|\n|t:|1700754179\n|move|p1a: dulce princesa|Close Combat|p2a: Zamazenta\n|-damage|p2a: Zamazenta|66\/100\n|-unboost|p1a: dulce princesa|def|1\n|-unboost|p1a: dulce princesa|spd|1\n|move|p2a: Zamazenta|Body Press|p1a: dulce princesa\n|-damage|p1a: dulce princesa|0 fnt\n|faint|p1a: dulce princesa\n|\n|-heal|p2a: Zamazenta|73\/100|[from] item: Leftovers\n|upkeep\n|\n|t:|1700754183\n|switch|p1a: kirbi|Clefable, F, shiny|100\/100\n|-status|p1a: kirbi|tox\n|turn|18\n|\n|t:|1700754201\n|switch|p2a: Gholdengo|Gholdengo|94\/100\n|-damage|p2a: Gholdengo|88\/100|[from] Stealth Rock\n|-activate|p2a: Gholdengo|move: Sticky Web\n|-unboost|p2a: Gholdengo|spe|1\n|move|p1a: kirbi|Moonblast|p2a: Gholdengo\n|-resisted|p2a: Gholdengo\n|-damage|p2a: Gholdengo|71\/100\n|\n|upkeep\n|turn|19\n|\n|t:|1700754207\n|move|p2a: Gholdengo|Make It Rain|p1a: kirbi\n|-supereffective|p1a: kirbi\n|-damage|p1a: kirbi|0 fnt\n|-unboost|p2a: Gholdengo|spa|1\n|faint|p1a: kirbi\n|\n|upkeep\n|\n|t:|1700754212\n|switch|p1a: piolin|Zapdos, shiny|100\/100\n|turn|20\n|\n|t:|1700754218\n|move|p1a: piolin|Heat Wave|p2a: Gholdengo\n|-supereffective|p2a: Gholdengo\n|-damage|p2a: Gholdengo|0 fnt\n|faint|p2a: Gholdengo\n|\n|upkeep\n|\n|t:|1700754225\n|switch|p2a: Zamazenta|Zamazenta|73\/100\n|-damage|p2a: Zamazenta|66\/100|[from] Stealth Rock\n|-activate|p2a: Zamazenta|move: Sticky Web\n|-unboost|p2a: Zamazenta|spe|1\n|turn|21\n|\n|t:|1700754248\n|-terastallize|p2a: Zamazenta|Electric\n|move|p1a: piolin|Hurricane|p2a: Zamazenta\n|-resisted|p2a: Zamazenta\n|-damage|p2a: Zamazenta|43\/100\n|-start|p2a: Zamazenta|confusion\n|-activate|p2a: Zamazenta|confusion\n|-damage|p2a: Zamazenta|35\/100|[from] confusion\n|\n|-heal|p2a: Zamazenta|41\/100|[from] item: Leftovers\n|upkeep\n|turn|22\n|\n|t:|1700754255\n|move|p1a: piolin|Heat Wave|p2a: Zamazenta\n|-damage|p2a: Zamazenta|12\/100\n|-activate|p2a: Zamazenta|confusion\n|move|p2a: Zamazenta|Body Press|p1a: piolin\n|-resisted|p1a: piolin\n|-damage|p1a: piolin|80\/100\n|\n|-heal|p2a: Zamazenta|18\/100|[from] item: Leftovers\n|upkeep\n|turn|23\n|\n|t:|1700754265\n|move|p1a: piolin|Heat Wave|p2a: Zamazenta\n|-damage|p2a: Zamazenta|0 fnt\n|faint|p2a: Zamazenta\n|\n|upkeep\n|\n|t:|1700754268\n|switch|p2a: Kingambit|Kingambit, M|100\/100\n|-damage|p2a: Kingambit|94\/100|[from] Stealth Rock\n|-activate|p2a: Kingambit|move: Sticky Web\n|-unboost|p2a: Kingambit|spe|1\n|-activate|p2a: Kingambit|ability: Supreme Overlord\n|-start|p2a: Kingambit|fallen4|[silent]\n|turn|24\n|\n|t:|1700754272\n|move|p2a: Kingambit|Sucker Punch|p1a: piolin\n|-damage|p1a: piolin|20\/100\n|move|p1a: piolin|Heat Wave|p2a: Kingambit|[miss]\n|-miss|p1a: piolin|p2a: Kingambit\n|\n|upkeep\n|turn|25\n|\n|t:|1700754276\n|move|p2a: Kingambit|Sucker Punch||[still]\n|-fail|p2a: Kingambit\n|move|p1a: piolin|Roost|p1a: piolin\n|-heal|p1a: piolin|70\/100\n|-singleturn|p1a: piolin|move: Roost\n|\n|upkeep\n|turn|26\n|\n|t:|1700754282\n|move|p2a: Kingambit|Sucker Punch||[still]\n|-fail|p2a: Kingambit\n|move|p1a: piolin|Roost|p1a: piolin\n|-heal|p1a: piolin|100\/100\n|-singleturn|p1a: piolin|move: Roost\n|\n|upkeep\n|turn|27\n|\n|t:|1700754285\n|move|p2a: Kingambit|Sucker Punch|p1a: piolin\n|-damage|p1a: piolin|43\/100\n|move|p1a: piolin|Heat Wave|p2a: Kingambit\n|-supereffective|p2a: Kingambit\n|-damage|p2a: Kingambit|33\/100\n|-status|p2a: Kingambit|brn\n|-enditem|p2a: Kingambit|Lum Berry|[eat]\n|-curestatus|p2a: Kingambit|brn|[msg]\n|\n|upkeep\n|turn|28\n|\n|t:|1700754289\n|move|p1a: piolin|Roost|p1a: piolin\n|-heal|p1a: piolin|93\/100\n|-singleturn|p1a: piolin|move: Roost\n|move|p2a: Kingambit|Kowtow Cleave|p1a: piolin\n|-damage|p1a: piolin|16\/100\n|-status|p2a: Kingambit|par|[from] ability: Static|[of] p1a: piolin\n|\n|upkeep\n|turn|29\n|\n|t:|1700754297\n|cant|p2a: Kingambit|par\n|move|p1a: piolin|Roost|p1a: piolin\n|-heal|p1a: piolin|66\/100\n|-singleturn|p1a: piolin|move: Roost\n|\n|upkeep\n|turn|30\n|\n|t:|1700754302\n|move|p1a: piolin|Roost|p1a: piolin\n|-heal|p1a: piolin|100\/100\n|-singleturn|p1a: piolin|move: Roost\n|cant|p2a: Kingambit|par\n|\n|upkeep\n|turn|31\n|\n|t:|1700754304\n|move|p1a: piolin|Heat Wave|p2a: Kingambit\n|-supereffective|p2a: Kingambit\n|-damage|p2a: Kingambit|0 fnt\n|faint|p2a: Kingambit\n|-end|p2a: Kingambit|fallen4|[silent]\n|\n|upkeep\n|\n|t:|1700754306\n|switch|p2a: Ogerpon|Ogerpon-Wellspring, F|100\/100\n|-damage|p2a: Ogerpon|88\/100|[from] Stealth Rock\n|-activate|p2a: Ogerpon|move: Sticky Web\n|-unboost|p2a: Ogerpon|spe|1\n|turn|32\n|\n|t:|1700754311\n|move|p1a: piolin|Hurricane|p2a: Ogerpon\n|-supereffective|p2a: Ogerpon\n|-damage|p2a: Ogerpon|0 fnt\n|faint|p2a: Ogerpon\n|\n|win|frantoons\n|raw|frantoons's rating: 1220 &rarr; <strong>1243<\/strong><br \/>(+23 for winning)\n|raw|xSwip's rating: 1189 &rarr; <strong>1166<\/strong><br \/>(-23 for losing)\n|l|\u2606xSwip\n","uploadtime":1700754319,"views":10,"p1id":"frantoons","p2id":"xswip","formatid":"gen9ou","rating":1166,"private":0,"password":""}