{"id":"gen9ou-1999875503","p1":"xxxDusk","p2":"bluea88","format":"[Gen 9] OU","log":"|j|\u2606xxxDusk\n|j|\u2606bluea88\n|t:|1701125237\n|gametype|singles\n|player|p1|xxxDusk|silver|1495\n|player|p2|bluea88|265|1614\n|teamsize|p1|6\n|teamsize|p2|6\n|gen|9\n|tier|[Gen 9] OU\n|rated|\n|rule|Sleep Clause Mod: Limit one foe put to sleep\n|rule|Species Clause: Limit one of each Pok\u00e9mon\n|rule|OHKO Clause: OHKO moves are banned\n|rule|Evasion Items Clause: Evasion items are banned\n|rule|Evasion Moves Clause: Evasion moves are banned\n|rule|Endless Battle Clause: Forcing endless battles is banned\n|rule|HP Percentage Mod: HP is shown in percentages\n|clearpoke\n|poke|p1|Greninja-*, M|\n|poke|p1|Ogerpon-Wellspring, F|\n|poke|p1|Great Tusk|\n|poke|p1|Dragapult, M|\n|poke|p1|Heatran, F|\n|poke|p1|Gholdengo|\n|poke|p2|Alomomola, F|\n|poke|p2|Slowking-Galar, F|\n|poke|p2|Kingambit, F|\n|poke|p2|Great Tusk|\n|poke|p2|Cinderace, F|\n|poke|p2|Thundurus-Therian, M|\n|teampreview\n|\n|t:|1701125256\n|start\n|switch|p1a: Dragapult|Dragapult, M|100\/100\n|switch|p2a: Alomomola|Alomomola, F|100\/100\n|turn|1\n|inactive|Battle timer is ON: inactive players will automatically lose when time's up. (requested by bluea88)\n|\n|t:|1701125261\n|switch|p1a: Ogerpon|Ogerpon-Wellspring, F|100\/100\n|move|p2a: Alomomola|Flip Turn|p1a: Ogerpon\n|-immune|p1a: Ogerpon|[from] ability: Water Absorb\n|\n|upkeep\n|turn|2\n|\n|t:|1701125275\n|move|p1a: Ogerpon|Swords Dance|p1a: Ogerpon\n|-boost|p1a: Ogerpon|atk|2\n|move|p2a: Alomomola|Acrobatics|p1a: Ogerpon\n|-supereffective|p1a: Ogerpon\n|-damage|p1a: Ogerpon|75\/100\n|\n|upkeep\n|turn|3\n|\n|t:|1701125282\n|-terastallize|p2a: Alomomola|Flying\n|move|p1a: Ogerpon|Power Whip|p2a: Alomomola\n|-resisted|p2a: Alomomola\n|-damage|p2a: Alomomola|57\/100\n|-enditem|p2a: Alomomola|Red Card|[of] p1a: Ogerpon\n|drag|p1a: Great Tusk|Great Tusk|100\/100\n|move|p2a: Alomomola|Acrobatics|p1a: Great Tusk\n|-supereffective|p1a: Great Tusk\n|-damage|p1a: Great Tusk|74\/100\n|-damage|p2a: Alomomola|40\/100|[from] item: Rocky Helmet|[of] p1a: Great Tusk\n|\n|upkeep\n|turn|4\n|\n|t:|1701125292\n|switch|p2a: Great Tusk|Great Tusk|100\/100\n|move|p1a: Great Tusk|Stealth Rock|p2a: Great Tusk\n|-sidestart|p2: bluea88|move: Stealth Rock\n|\n|upkeep\n|turn|5\n|\n|t:|1701125297\n|move|p2a: Great Tusk|Stealth Rock|p1a: Great Tusk\n|-sidestart|p1: xxxDusk|move: Stealth Rock\n|move|p1a: Great Tusk|Ice Spinner|p2a: Great Tusk\n|-supereffective|p2a: Great Tusk\n|-damage|p2a: Great Tusk|68\/100\n|-damage|p1a: Great Tusk|58\/100|[from] item: Rocky Helmet|[of] p2a: Great Tusk\n|\n|upkeep\n|turn|6\n|\n|t:|1701125302\n|move|p2a: Great Tusk|Rapid Spin|p1a: Great Tusk\n|-damage|p1a: Great Tusk|49\/100\n|-boost|p2a: Great Tusk|spe|1\n|-damage|p2a: Great Tusk|51\/100|[from] item: Rocky Helmet|[of] p1a: Great Tusk\n|-sideend|p2: bluea88|Stealth Rock|[from] move: Rapid Spin|[of] p2a: Great Tusk\n|move|p1a: Great Tusk|Ice Spinner|p2a: Great Tusk\n|-supereffective|p2a: Great Tusk\n|-damage|p2a: Great Tusk|19\/100\n|-damage|p1a: Great Tusk|33\/100|[from] item: Rocky Helmet|[of] p2a: Great Tusk\n|\n|upkeep\n|turn|7\n|inactive|bluea88 has 120 seconds left.\n|\n|t:|1701125348\n|move|p2a: Great Tusk|Headlong Rush|p1a: Great Tusk\n|-damage|p1a: Great Tusk|0 fnt\n|-unboost|p2a: Great Tusk|def|1\n|-unboost|p2a: Great Tusk|spd|1\n|-damage|p2a: Great Tusk|3\/100|[from] item: Rocky Helmet|[of] p1a: Great Tusk\n|faint|p1a: Great Tusk\n|-end|p1a: Great Tusk|Protosynthesis|[silent]\n|\n|upkeep\n|\n|t:|1701125355\n|switch|p1a: Greninja|Greninja, M|100\/100\n|-damage|p1a: Greninja|88\/100|[from] Stealth Rock\n|turn|8\n|\n|t:|1701125368\n|-end|p2a: Great Tusk|Protosynthesis|[silent]\n|switch|p2a: Slowking|Slowking-Galar, F|100\/100\n|move|p1a: Greninja|Dark Pulse|p2a: Slowking\n|-supereffective|p2a: Slowking\n|-damage|p2a: Slowking|50\/100\n|-damage|p1a: Greninja|78\/100|[from] item: Life Orb\n|\n|upkeep\n|turn|9\n|\n|t:|1701125375\n|switch|p2a: Kingambit|Kingambit, F|100\/100\n|move|p1a: Greninja|Dark Pulse|p2a: Kingambit\n|-resisted|p2a: Kingambit\n|-damage|p2a: Kingambit|79\/100\n|-damage|p1a: Greninja|69\/100|[from] item: Life Orb\n|\n|-heal|p2a: Kingambit|85\/100|[from] item: Leftovers\n|upkeep\n|turn|10\n|inactive|bluea88 has 120 seconds left.\n|\n|t:|1701125381\n|move|p1a: Greninja|Hydro Pump|p2a: Kingambit\n|-damage|p2a: Kingambit|21\/100\n|-damage|p1a: Greninja|59\/100|[from] item: Life Orb\n|move|p2a: Kingambit|Kowtow Cleave|p1a: Greninja\n|-resisted|p1a: Greninja\n|-damage|p1a: Greninja|17\/100\n|\n|-heal|p2a: Kingambit|27\/100|[from] item: Leftovers\n|upkeep\n|turn|11\n|\n|t:|1701125389\n|-end|p2a: Kingambit|fallenundefined|[silent]\n|switch|p2a: Slowking|Slowking-Galar, F|83\/100\n|move|p1a: Greninja|Water Shuriken|p2a: Slowking\n|-crit|p2a: Slowking\n|-damage|p2a: Slowking|75\/100\n|-damage|p2a: Slowking|70\/100\n|-damage|p2a: Slowking|66\/100\n|-damage|p2a: Slowking|60\/100\n|-damage|p2a: Slowking|55\/100\n|-hitcount|p2a: Slowking|5\n|-damage|p1a: Greninja|8\/100|[from] item: Life Orb\n|\n|upkeep\n|turn|12\n|\n|t:|1701125401\n|switch|p2a: Great Tusk|Great Tusk|3\/100\n|move|p1a: Greninja|Hydro Pump|p2a: Great Tusk|[miss]\n|-miss|p1a: Greninja|p2a: Great Tusk\n|\n|upkeep\n|turn|13\n|\n|t:|1701125406\n|move|p1a: Greninja|Water Shuriken|p2a: Great Tusk\n|-supereffective|p2a: Great Tusk\n|-damage|p2a: Great Tusk|0 fnt\n|faint|p2a: Great Tusk\n|-end|p2a: Great Tusk|Protosynthesis|[silent]\n|-ability|p1a: Greninja|Battle Bond|boost\n|-boost|p1a: Greninja|atk|1\n|-boost|p1a: Greninja|spa|1\n|-boost|p1a: Greninja|spe|1\n|-activate|p1a: Greninja|ability: Battle Bond\n|-hitcount|p2: Great Tusk|1\n|-damage|p1a: Greninja|0 fnt|[from] item: Life Orb\n|faint|p1a: Greninja\n|\n|upkeep\n|\n|t:|1701125415\n|switch|p1a: Dragapult|Dragapult, M|100\/100\n|switch|p2a: Slowking|Slowking-Galar, F|88\/100\n|-damage|p1a: Dragapult|88\/100|[from] Stealth Rock\n|turn|14\n|\n|t:|1701125418\n|-terastallize|p1a: Dragapult|Ghost\n|move|p1a: Dragapult|Shadow Ball|p2a: Slowking\n|-supereffective|p2a: Slowking\n|-damage|p2a: Slowking|10\/100\n|move|p2a: Slowking|Chilly Reception|p2a: Slowking\n|-weather|Snow\n|\n|t:|1701125424\n|switch|p2a: Kingambit|Kingambit, F|27\/100|[from] Chilly Reception\n|-activate|p2a: Kingambit|ability: Supreme Overlord\n|-start|p2a: Kingambit|fallen1|[silent]\n|\n|-weather|Snow|[upkeep]\n|-heal|p2a: Kingambit|33\/100|[from] item: Leftovers\n|upkeep\n|turn|15\n|\n|t:|1701125429\n|switch|p1a: Heatran|Heatran, F|100\/100\n|-damage|p1a: Heatran|88\/100|[from] Stealth Rock\n|move|p2a: Kingambit|Kowtow Cleave|p1a: Heatran\n|-damage|p1a: Heatran|39\/100\n|\n|-weather|Snow|[upkeep]\n|-heal|p1a: Heatran|45\/100|[from] item: Leftovers\n|-heal|p2a: Kingambit|40\/100|[from] item: Leftovers\n|upkeep\n|turn|16\n|\n|t:|1701125445\n|-end|p2a: Kingambit|fallen1|[silent]\n|switch|p2a: Alomomola|Alomomola, F, tera:Flying|74\/100\n|move|p1a: Heatran|Will-O-Wisp|p2a: Alomomola\n|-status|p2a: Alomomola|brn\n|\n|-weather|Snow|[upkeep]\n|-heal|p1a: Heatran|51\/100|[from] item: Leftovers\n|-damage|p2a: Alomomola|67\/100 brn|[from] brn\n|upkeep\n|turn|17\n|\n|t:|1701125452\n|switch|p1a: Ogerpon|Ogerpon-Wellspring, F|75\/100\n|-damage|p1a: Ogerpon|62\/100|[from] Stealth Rock\n|move|p2a: Alomomola|Flip Turn|p1a: Ogerpon\n|-heal|p1a: Ogerpon|87\/100|[from] ability: Water Absorb|[of] p2a: Alomomola\n|\n|-weather|Snow|[upkeep]\n|-damage|p2a: Alomomola|61\/100 brn|[from] brn\n|upkeep\n|turn|18\n|\n|t:|1701125459\n|move|p1a: Ogerpon|Swords Dance|p1a: Ogerpon\n|-boost|p1a: Ogerpon|atk|2\n|move|p2a: Alomomola|Acrobatics|p1a: Ogerpon\n|-supereffective|p1a: Ogerpon\n|-damage|p1a: Ogerpon|50\/100\n|\n|-weather|none\n|-damage|p2a: Alomomola|55\/100 brn|[from] brn\n|upkeep\n|turn|19\n|\n|t:|1701125462\n|move|p1a: Ogerpon|Ivy Cudgel|p2a: Alomomola|[anim] Ivy Cudgel Water\n|-damage|p2a: Alomomola|0 fnt\n|faint|p2a: Alomomola\n|\n|upkeep\n|\n|t:|1701125465\n|switch|p2a: Cinderace|Cinderace, F|100\/100\n|turn|20\n|\n|t:|1701125469\n|switch|p1a: Heatran|Heatran, F|51\/100\n|-damage|p1a: Heatran|39\/100|[from] Stealth Rock\n|move|p2a: Cinderace|U-turn|p1a: Heatran\n|-start|p2a: Cinderace|typechange|Bug|[from] ability: Libero\n|-resisted|p1a: Heatran\n|-damage|p1a: Heatran|32\/100\n|\n|t:|1701125472\n|switch|p2a: Thundurus|Thundurus-Therian, M|100\/100|[from] U-turn\n|\n|-heal|p1a: Heatran|38\/100|[from] item: Leftovers\n|upkeep\n|turn|21\n|\n|t:|1701125475\n|move|p2a: Thundurus|Volt Switch|p1a: Heatran\n|-damage|p1a: Heatran|3\/100\n|\n|t:|1701125483\n|switch|p2a: Slowking|Slowking-Galar, F|43\/100|[from] Volt Switch\n|move|p1a: Heatran|Magma Storm|p2a: Slowking\n|-damage|p2a: Slowking|18\/100\n|-activate|p2a: Slowking|move: Magma Storm|[of] p1a: Heatran\n|\n|-heal|p1a: Heatran|9\/100|[from] item: Leftovers\n|-damage|p2a: Slowking|5\/100|[from] move: Magma Storm|[partiallytrapped]\n|upkeep\n|turn|22\n|\n|t:|1701125486\n|move|p1a: Heatran|Earth Power|p2a: Slowking\n|-supereffective|p2a: Slowking\n|-damage|p2a: Slowking|0 fnt\n|faint|p2a: Slowking\n|\n|-heal|p1a: Heatran|15\/100|[from] item: Leftovers\n|upkeep\n|\n|t:|1701125488\n|switch|p2a: Thundurus|Thundurus-Therian, M|100\/100\n|turn|23\n|\n|t:|1701125491\n|move|p2a: Thundurus|Volt Switch|p1a: Heatran\n|-damage|p1a: Heatran|0 fnt\n|faint|p1a: Heatran\n|\n|t:|1701125499\n|switch|p2a: Kingambit|Kingambit, F|40\/100|[from] Volt Switch\n|-activate|p2a: Kingambit|ability: Supreme Overlord\n|-start|p2a: Kingambit|fallen3|[silent]\n|\n|-heal|p2a: Kingambit|46\/100|[from] item: Leftovers\n|upkeep\n|\n|t:|1701125505\n|switch|p1a: Ogerpon|Ogerpon-Wellspring, F|50\/100\n|-damage|p1a: Ogerpon|38\/100|[from] Stealth Rock\n|turn|24\n|\n|t:|1701125509\n|move|p2a: Kingambit|Sucker Punch||[still]\n|-fail|p2a: Kingambit\n|move|p1a: Ogerpon|Swords Dance|p1a: Ogerpon\n|-boost|p1a: Ogerpon|atk|2\n|\n|-heal|p2a: Kingambit|52\/100|[from] item: Leftovers\n|upkeep\n|turn|25\n|\n|t:|1701125517\n|-end|p2a: Kingambit|fallen3|[silent]\n|switch|p2a: Cinderace|Cinderace, F|100\/100\n|move|p1a: Ogerpon|Encore||[still]\n|-fail|p1a: Ogerpon\n|\n|upkeep\n|turn|26\n|\n|t:|1701125523\n|switch|p1a: Dragapult|Dragapult, M, tera:Ghost|88\/100\n|-damage|p1a: Dragapult|76\/100|[from] Stealth Rock\n|move|p2a: Cinderace|Pyro Ball|p1a: Dragapult\n|-damage|p1a: Dragapult|0 fnt\n|faint|p1a: Dragapult\n|\n|upkeep\n|-message|xxxDusk forfeited.\n|\n|win|bluea88\n|raw|xxxDusk's rating: 1495 &rarr; <strong>1482<\/strong><br \/>(-13 for losing)\n|raw|bluea88's rating: 1614 &rarr; <strong>1627<\/strong><br \/>(+13 for winning)\n|l|\u2606xxxDusk\n","uploadtime":1701125532,"views":11,"p1id":"xxxdusk","p2id":"bluea88","formatid":"gen9ou","rating":1482,"private":0,"password":""}