{"id":"gen9ou-1996242531","p1":"d18l","p2":"Steez Ibanez","format":"[Gen 9] OU","log":"|j|\u2606d18l\n|j|\u2606Steez Ibanez\n|t:|1700663171\n|gametype|singles\n|player|p1|d18l|backpacker|1679\n|player|p2|Steez Ibanez|lance-gen2|1815\n|teamsize|p1|6\n|teamsize|p2|6\n|gen|9\n|tier|[Gen 9] OU\n|rated|\n|rule|Sleep Clause Mod: Limit one foe put to sleep\n|rule|Species Clause: Limit one of each Pok\u00e9mon\n|rule|OHKO Clause: OHKO moves are banned\n|rule|Evasion Items Clause: Evasion items are banned\n|rule|Evasion Moves Clause: Evasion moves are banned\n|rule|Endless Battle Clause: Forcing endless battles is banned\n|rule|HP Percentage Mod: HP is shown in percentages\n|clearpoke\n|poke|p1|Ribombee, F|\n|poke|p1|Gholdengo|\n|poke|p1|Great Tusk|\n|poke|p1|Kingambit, F|\n|poke|p1|Ogerpon-Wellspring, F|\n|poke|p1|Iron Moth|\n|poke|p2|Samurott-Hisui, M|\n|poke|p2|Ursaluna, M|\n|poke|p2|Weezing-Galar, M|\n|poke|p2|Dragapult, M|\n|poke|p2|Corviknight, M|\n|poke|p2|Ting-Lu|\n|teampreview\n|c|\u2606d18l|oh hi\n|c|\u2606Steez Ibanez|Hey old friend\n|c|\u2606d18l|hf\n|c|\u2606Steez Ibanez|hf\n|c|\u2606d18l|i didnt know you still ladder ou ngl\n|c|\u2606Steez Ibanez|Its the only tier i ladder\n|c|\u2606d18l|i see\n|\n|t:|1700663212\n|start\n|switch|p1a: Ribombee|Ribombee, F|100\/100\n|switch|p2a: Toothless|Dragapult, M|100\/100\n|turn|1\n|\n|t:|1700663227\n|move|p2a: Toothless|U-turn|p1a: Ribombee\n|-resisted|p1a: Ribombee\n|-damage|p1a: Ribombee|82\/100\n|\n|t:|1700663229\n|switch|p2a: Yogi|Ursaluna, M|100\/100|[from] U-turn\n|move|p1a: Ribombee|Stun Spore|p2a: Yogi\n|-status|p2a: Yogi|par\n|\n|upkeep\n|turn|2\n|\n|t:|1700663243\n|move|p1a: Ribombee|Moonblast|p2a: Yogi\n|-damage|p2a: Yogi|64\/100 par\n|cant|p2a: Yogi|par\n|\n|upkeep\n|turn|3\n|\n|t:|1700663247\n|move|p1a: Ribombee|Moonblast|p2a: Yogi\n|-damage|p2a: Yogi|28\/100 par\n|move|p2a: Yogi|Facade|p1a: Ribombee\n|-damage|p1a: Ribombee|0 fnt\n|faint|p1a: Ribombee\n|\n|upkeep\n|\n|t:|1700663257\n|switch|p1a: Ogerpon|Ogerpon-Wellspring, F|100\/100\n|turn|4\n|\n|t:|1700663262\n|move|p1a: Ogerpon|Ivy Cudgel|p2a: Yogi|[anim] Ivy Cudgel Water\n|-supereffective|p2a: Yogi\n|-damage|p2a: Yogi|0 fnt\n|faint|p2a: Yogi\n|\n|upkeep\n|\n|t:|1700663265\n|switch|p2a: Dick Grayson|Corviknight, M|100\/100\n|-ability|p2a: Dick Grayson|Pressure\n|turn|5\n|\n|t:|1700663268\n|switch|p1a: Gholdengo|Gholdengo|100\/100\n|-item|p1a: Gholdengo|Air Balloon\n|move|p2a: Dick Grayson|U-turn|p1a: Gholdengo\n|-resisted|p1a: Gholdengo\n|-damage|p1a: Gholdengo|98\/100\n|-enditem|p1a: Gholdengo|Air Balloon\n|\n|t:|1700663271\n|switch|p2a: Darth Tyranus|Samurott-Hisui, M|100\/100|[from] U-turn\n|\n|upkeep\n|turn|6\n|\n|t:|1700663281\n|-terastallize|p1a: Gholdengo|Fairy\n|move|p2a: Darth Tyranus|Ceaseless Edge|p1a: Gholdengo\n|-resisted|p1a: Gholdengo\n|-damage|p1a: Gholdengo|81\/100\n|-sidestart|p1: d18l|Spikes\n|move|p1a: Gholdengo|Dazzling Gleam|p2a: Darth Tyranus\n|-supereffective|p2a: Darth Tyranus\n|-damage|p2a: Darth Tyranus|0 fnt\n|faint|p2a: Darth Tyranus\n|\n|upkeep\n|\n|t:|1700663296\n|switch|p2a: Clicker|Ting-Lu|100\/100\n|-ability|p2a: Clicker|Vessel of Ruin\n|turn|7\n|\n|t:|1700663340\n|switch|p1a: Great Tusk|Great Tusk|100\/100\n|-damage|p1a: Great Tusk|88\/100|[from] Spikes\n|-enditem|p1a: Great Tusk|Booster Energy\n|-activate|p1a: Great Tusk|ability: Protosynthesis|[fromitem]\n|-start|p1a: Great Tusk|protosynthesisspe\n|move|p2a: Clicker|Stealth Rock|p1a: Great Tusk\n|-sidestart|p1: d18l|move: Stealth Rock\n|\n|upkeep\n|turn|8\n|\n|t:|1700663344\n|move|p1a: Great Tusk|Knock Off|p2a: Clicker\n|-resisted|p2a: Clicker\n|-damage|p2a: Clicker|93\/100\n|-enditem|p2a: Clicker|Leftovers|[from] move: Knock Off|[of] p1a: Great Tusk\n|move|p2a: Clicker|Whirlwind|p1a: Great Tusk\n|-end|p1a: Great Tusk|Protosynthesis|[silent]\n|drag|p1a: Ogerpon|Ogerpon-Wellspring, F|100\/100\n|-damage|p1a: Ogerpon|88\/100|[from] Spikes\n|-damage|p1a: Ogerpon|76\/100|[from] Stealth Rock\n|\n|upkeep\n|turn|9\n|\n|t:|1700663353\n|switch|p2a: Speedwagon|Weezing-Galar, M|100\/100\n|-ability|p2a: Speedwagon|Neutralizing Gas\n|move|p1a: Ogerpon|Ivy Cudgel|p2a: Speedwagon|[anim] Ivy Cudgel Water\n|-damage|p2a: Speedwagon|53\/100\n|\n|upkeep\n|turn|10\n|\n|t:|1700663361\n|move|p1a: Ogerpon|Ivy Cudgel|p2a: Speedwagon|[anim] Ivy Cudgel Water\n|-damage|p2a: Speedwagon|1\/100\n|move|p2a: Speedwagon|Toxic Spikes|p1a: Ogerpon\n|-sidestart|p1: d18l|move: Toxic Spikes\n|\n|upkeep\n|turn|11\n|\n|t:|1700663366\n|move|p1a: Ogerpon|Ivy Cudgel|p2a: Speedwagon|[anim] Ivy Cudgel Water\n|-damage|p2a: Speedwagon|0 fnt\n|faint|p2a: Speedwagon\n|-end|p2a: Speedwagon|ability: Neutralizing Gas\n|\n|upkeep\n|\n|t:|1700663367\n|switch|p2a: Dick Grayson|Corviknight, M|100\/100\n|-ability|p2a: Dick Grayson|Pressure\n|turn|12\n|\n|t:|1700663373\n|move|p1a: Ogerpon|Ivy Cudgel|p2a: Dick Grayson|[anim] Ivy Cudgel Water\n|-damage|p2a: Dick Grayson|66\/100\n|move|p2a: Dick Grayson|U-turn|p1a: Ogerpon\n|-supereffective|p1a: Ogerpon\n|-damage|p1a: Ogerpon|39\/100\n|\n|t:|1700663376\n|switch|p2a: Toothless|Dragapult, M|100\/100|[from] U-turn\n|\n|upkeep\n|turn|13\n|\n|t:|1700663378\n|move|p2a: Toothless|Dragon Darts|p1a: Ogerpon\n|-damage|p1a: Ogerpon|11\/100\n|-anim|p2a: Toothless|Dragon Darts|p1a: Ogerpon\n|-damage|p1a: Ogerpon|0 fnt\n|faint|p1a: Ogerpon\n|\n|upkeep\n|\n|t:|1700663391\n|switch|p1a: Kingambit|Kingambit, F|100\/100\n|-damage|p1a: Kingambit|88\/100|[from] Spikes\n|-damage|p1a: Kingambit|82\/100|[from] Stealth Rock\n|-activate|p1a: Kingambit|ability: Supreme Overlord\n|-start|p1a: Kingambit|fallen2|[silent]\n|turn|14\n|\n|t:|1700663397\n|move|p2a: Toothless|U-turn|p1a: Kingambit\n|-damage|p1a: Kingambit|65\/100\n|\n|t:|1700663413\n|switch|p2a: Clicker|Ting-Lu|93\/100|[from] U-turn\n|-ability|p2a: Clicker|Vessel of Ruin\n|move|p1a: Kingambit|Swords Dance|p1a: Kingambit\n|-boost|p1a: Kingambit|atk|2\n|\n|-heal|p1a: Kingambit|71\/100|[from] item: Leftovers\n|upkeep\n|turn|15\n|j| DukeStarr\n|\n|t:|1700663441\n|-terastallize|p2a: Clicker|Poison\n|move|p1a: Kingambit|Kowtow Cleave|p2a: Clicker\n|-damage|p2a: Clicker|32\/100\n|move|p2a: Clicker|Earthquake|p1a: Kingambit\n|-supereffective|p1a: Kingambit\n|-damage|p1a: Kingambit|15\/100\n|\n|-heal|p1a: Kingambit|21\/100|[from] item: Leftovers\n|upkeep\n|turn|16\n|\n|t:|1700663450\n|move|p1a: Kingambit|Kowtow Cleave|p2a: Clicker\n|-damage|p2a: Clicker|0 fnt\n|faint|p2a: Clicker\n|\n|-heal|p1a: Kingambit|27\/100|[from] item: Leftovers\n|upkeep\n|\n|t:|1700663451\n|switch|p2a: Dick Grayson|Corviknight, M|66\/100\n|-ability|p2a: Dick Grayson|Pressure\n|turn|17\n|\n|t:|1700663453\n|move|p1a: Kingambit|Kowtow Cleave|p2a: Dick Grayson\n|-damage|p2a: Dick Grayson|0 fnt\n|faint|p2a: Dick Grayson\n|\n|-heal|p1a: Kingambit|33\/100|[from] item: Leftovers\n|upkeep\n|j| mew852\n|c|\u2606Steez Ibanez|gg\n|c|\u2606d18l|gg\n|c|\u2606Steez Ibanez|That tera killed me lol\n|-message|Steez Ibanez forfeited.\n|\n|win|d18l\n|raw|d18l's rating: 1679 &rarr; <strong>1706<\/strong><br \/>(+27 for winning)\n|raw|Steez Ibanez's rating: 1815 &rarr; <strong>1788<\/strong><br \/>(-27 for losing)\n|l|\u2606Steez Ibanez\n|l|\u2606d18l\n","uploadtime":1700663480,"views":1,"p1id":"d18l","p2id":"steezibanez","formatid":"gen9ou","rating":1706,"private":0,"password":""}