{"id":"gen9ou-1991193806","p1":"charizard=trash","p2":"Smokey Smog","format":"[Gen 9] OU","log":"|j|\u2606charizard=trash\n|j|\u2606Smokey Smog\n|t:|1700055746\n|gametype|singles\n|player|p1|charizard=trash|carmine-festival|1505\n|player|p2|Smokey Smog|linebacker|1507\n|teamsize|p1|6\n|teamsize|p2|6\n|gen|9\n|tier|[Gen 9] OU\n|rated|\n|rule|Sleep Clause Mod: Limit one foe put to sleep\n|rule|Species Clause: Limit one of each Pok\u00e9mon\n|rule|OHKO Clause: OHKO moves are banned\n|rule|Evasion Items Clause: Evasion items are banned\n|rule|Evasion Moves Clause: Evasion moves are banned\n|rule|Endless Battle Clause: Forcing endless battles is banned\n|rule|HP Percentage Mod: HP is shown in percentages\n|clearpoke\n|poke|p1|Ogerpon-Wellspring, F|\n|poke|p1|Cinderace, M|\n|poke|p1|Gholdengo|\n|poke|p1|Ting-Lu|\n|poke|p1|Rillaboom, M|\n|poke|p1|Slowking-Galar, F|\n|poke|p2|Garganacl, M|\n|poke|p2|Skeledirge, M|\n|poke|p2|Kingambit, F|\n|poke|p2|Grimmsnarl, M|\n|poke|p2|Glimmora, M|\n|poke|p2|Tornadus-Therian, M|\n|teampreview\n|inactive|Battle timer is ON: inactive players will automatically lose when time's up. (requested by Smokey Smog)\n|\n|t:|1700055805\n|start\n|switch|p1a: Slowking|Slowking-Galar, F|100\/100\n|switch|p2a: Ford F-150|Grimmsnarl, M|100\/100\n|turn|1\n|\n|t:|1700055810\n|move|p2a: Ford F-150|Thunder Wave|p1a: Slowking\n|-status|p1a: Slowking|par\n|move|p1a: Slowking|Chilly Reception|p1a: Slowking\n|-weather|Snow\n|\n|t:|1700055817\n|switch|p1a: Gholdengo|Gholdengo|100\/100|[from] Chilly Reception\n|\n|-weather|Snow|[upkeep]\n|upkeep\n|turn|2\n|\n|t:|1700055823\n|move|p1a: Gholdengo|Make It Rain|p2a: Ford F-150\n|-supereffective|p2a: Ford F-150\n|-damage|p2a: Ford F-150|0 fnt\n|-unboost|p1a: Gholdengo|spa|1\n|faint|p2a: Ford F-150\n|\n|-weather|Snow|[upkeep]\n|upkeep\n|\n|t:|1700055832\n|switch|p2a: Nu-uh :3|Skeledirge, M|100\/100\n|turn|3\n|\n|t:|1700055847\n|switch|p1a: Ting-Lu|Ting-Lu|100\/100\n|-ability|p1a: Ting-Lu|Vessel of Ruin\n|move|p2a: Nu-uh :3|Torch Song|p1a: Ting-Lu\n|-damage|p1a: Ting-Lu|87\/100\n|-boost|p2a: Nu-uh :3|spa|1\n|\n|-weather|Snow|[upkeep]\n|-heal|p1a: Ting-Lu|94\/100|[from] item: Leftovers\n|upkeep\n|turn|4\n|\n|t:|1700055866\n|move|p2a: Nu-uh :3|Will-O-Wisp|p1a: Ting-Lu|[miss]\n|-miss|p2a: Nu-uh :3|p1a: Ting-Lu\n|move|p1a: Ting-Lu|Stealth Rock|p2a: Nu-uh :3\n|-sidestart|p2: Smokey Smog|move: Stealth Rock\n|\n|-weather|Snow|[upkeep]\n|-heal|p1a: Ting-Lu|99\/100|[from] item: Leftovers\n|upkeep\n|turn|5\n|\n|t:|1700055874\n|switch|p1a: Slowking|Slowking-Galar, F|100\/100 par\n|move|p2a: Nu-uh :3|Torch Song|p1a: Slowking\n|-damage|p1a: Slowking|73\/100 par\n|-boost|p2a: Nu-uh :3|spa|1\n|\n|-weather|none\n|upkeep\n|turn|6\n|\n|t:|1700055881\n|move|p2a: Nu-uh :3|Hex|p1a: Slowking\n|-supereffective|p1a: Slowking\n|-damage|p1a: Slowking|0 fnt\n|faint|p1a: Slowking\n|\n|upkeep\n|\n|t:|1700055892\n|switch|p1a: Ting-Lu|Ting-Lu|99\/100\n|-ability|p1a: Ting-Lu|Vessel of Ruin\n|turn|7\n|\n|t:|1700055896\n|move|p2a: Nu-uh :3|Will-O-Wisp|p1a: Ting-Lu\n|-status|p1a: Ting-Lu|brn\n|move|p1a: Ting-Lu|Earthquake|p2a: Nu-uh :3\n|-supereffective|p2a: Nu-uh :3\n|-crit|p2a: Nu-uh :3\n|-damage|p2a: Nu-uh :3|64\/100\n|\n|-heal|p1a: Ting-Lu|100\/100 brn|[from] item: Leftovers\n|-damage|p1a: Ting-Lu|94\/100 brn|[from] brn\n|upkeep\n|turn|8\n|inactive|charizard=trash has 120 seconds left.\n|inactive|charizard=trash has 90 seconds left.\n|\n|t:|1700055962\n|move|p2a: Nu-uh :3|Torch Song|p1a: Ting-Lu\n|-damage|p1a: Ting-Lu|69\/100 brn\n|-boost|p2a: Nu-uh :3|spa|1\n|move|p1a: Ting-Lu|Whirlwind|p2a: Nu-uh :3\n|drag|p2a: Commander Cool|Kingambit, F|100\/100\n|-damage|p2a: Commander Cool|94\/100|[from] Stealth Rock\n|-activate|p2a: Commander Cool|ability: Supreme Overlord\n|-start|p2a: Commander Cool|fallen1|[silent]\n|\n|-heal|p1a: Ting-Lu|75\/100 brn|[from] item: Leftovers\n|-damage|p1a: Ting-Lu|69\/100 brn|[from] brn\n|upkeep\n|turn|9\n|inactive|charizard=trash has 90 seconds left.\n|\n|t:|1700055974\n|move|p2a: Commander Cool|Low Kick|p1a: Ting-Lu\n|-supereffective|p1a: Ting-Lu\n|-damage|p1a: Ting-Lu|15\/100 brn\n|move|p1a: Ting-Lu|Spikes|p2a: Commander Cool\n|-sidestart|p2: Smokey Smog|Spikes\n|\n|-heal|p1a: Ting-Lu|21\/100 brn|[from] item: Leftovers\n|-damage|p1a: Ting-Lu|15\/100 brn|[from] brn\n|upkeep\n|turn|10\n|inactive|charizard=trash has 90 seconds left.\n|inactive|charizard=trash has 60 seconds left.\n|inactive|charizard=trash has 30 seconds left.\n|inactive|charizard=trash has 20 seconds left.\n|inactive|charizard=trash has 15 seconds left.\n|\n|t:|1700056062\n|move|p2a: Commander Cool|Iron Head|p1a: Ting-Lu\n|-damage|p1a: Ting-Lu|0 fnt\n|faint|p1a: Ting-Lu\n|\n|upkeep\n|inactive|charizard=trash has 20 seconds left this turn.\n|inactive|charizard=trash has 15 seconds left.\n|\n|t:|1700056070\n|switch|p1a: Cinderace|Cinderace, M|100\/100\n|turn|11\n|inactive|charizard=trash has 25 seconds left this turn.\n|\n|t:|1700056077\n|-end|p2a: Commander Cool|fallen1|[silent]\n|switch|p2a: BIG SALT|Garganacl, M|100\/100\n|-damage|p2a: BIG SALT|88\/100|[from] Stealth Rock\n|-damage|p2a: BIG SALT|76\/100|[from] Spikes\n|move|p1a: Cinderace|Pyro Ball|p2a: BIG SALT\n|-resisted|p2a: BIG SALT\n|-damage|p2a: BIG SALT|61\/100\n|\n|-heal|p2a: BIG SALT|68\/100|[from] item: Leftovers\n|upkeep\n|turn|12\n|\n|t:|1700056086\n|move|p1a: Cinderace|U-turn|p2a: BIG SALT\n|-start|p1a: Cinderace|typechange|Bug|[from] ability: Libero\n|-damage|p2a: BIG SALT|49\/100\n|\n|t:|1700056092\n|switch|p1a: Rillaboom|Rillaboom, M|100\/100|[from] U-turn\n|-fieldstart|move: Grassy Terrain|[from] ability: Grassy Surge|[of] p1a: Rillaboom\n|move|p2a: BIG SALT|Salt Cure|p1a: Rillaboom\n|-damage|p1a: Rillaboom|86\/100\n|-start|p1a: Rillaboom|Salt Cure\n|\n|-heal|p1a: Rillaboom|92\/100|[from] Grassy Terrain\n|-heal|p2a: BIG SALT|55\/100|[from] Grassy Terrain\n|-heal|p2a: BIG SALT|61\/100|[from] item: Leftovers\n|-damage|p1a: Rillaboom|80\/100|[from] Salt Cure\n|upkeep\n|turn|13\n|\n|t:|1700056103\n|move|p2a: BIG SALT|Protect|p2a: BIG SALT\n|-singleturn|p2a: BIG SALT|Protect\n|move|p1a: Rillaboom|Knock Off|p2a: BIG SALT\n|-activate|p2a: BIG SALT|move: Protect\n|\n|-heal|p1a: Rillaboom|86\/100|[from] Grassy Terrain\n|-heal|p2a: BIG SALT|68\/100|[from] Grassy Terrain\n|-heal|p2a: BIG SALT|74\/100|[from] item: Leftovers\n|-damage|p1a: Rillaboom|74\/100|[from] Salt Cure\n|upkeep\n|turn|14\n|-message|charizard=trash forfeited.\n|\n|win|Smokey Smog\n|raw|charizard=trash's rating: 1505 &rarr; <strong>1485<\/strong><br \/>(-20 for losing)\n|raw|Smokey Smog's rating: 1507 &rarr; <strong>1527<\/strong><br \/>(+20 for winning)\n|l|\u2606charizard=trash\n|l|\u2606Smokey Smog\n","uploadtime":1700056118,"views":5,"p1id":"charizardtrash","p2id":"smokeysmog","formatid":"gen9ou","rating":1485,"private":0,"password":""}