{"id":"gen9ou-2000159219","p1":"Laguiacrus","p2":"looooaicici","format":"[Gen 9] OU","log":"|j|\u2606Laguiacrus\n|j|\u2606looooaicici\n|t:|1701164978\n|gametype|singles\n|player|p1|Laguiacrus|hoopster|1184\n|player|p2|looooaicici|dragontamer|1176\n|teamsize|p1|6\n|teamsize|p2|6\n|gen|9\n|tier|[Gen 9] OU\n|rated|\n|rule|Sleep Clause Mod: Limit one foe put to sleep\n|rule|Species Clause: Limit one of each Pok\u00e9mon\n|rule|OHKO Clause: OHKO moves are banned\n|rule|Evasion Items Clause: Evasion items are banned\n|rule|Evasion Moves Clause: Evasion moves are banned\n|rule|Endless Battle Clause: Forcing endless battles is banned\n|rule|HP Percentage Mod: HP is shown in percentages\n|clearpoke\n|poke|p1|Ninetales-Alola, F|\n|poke|p1|Iron Valiant|\n|poke|p1|Manaphy|\n|poke|p1|Dragapult, M|\n|poke|p1|Cinderace, M|\n|poke|p1|Great Tusk|\n|poke|p2|Iron Jugulis|\n|poke|p2|Ogerpon-Wellspring, F|\n|poke|p2|Tinkaton, F|\n|poke|p2|Iron Moth|\n|poke|p2|Great Tusk|\n|poke|p2|Dragapult, F|\n|teampreview\n|inactive|Battle timer is ON: inactive players will automatically lose when time's up. (requested by Laguiacrus)\n|\n|t:|1701164990\n|start\n|switch|p1a: Great Tusk|Great Tusk|100\/100\n|switch|p2a: Dragapult|Dragapult, F|100\/100\n|turn|1\n|\n|t:|1701164998\n|move|p2a: Dragapult|Draco Meteor|p1a: Great Tusk\n|-damage|p1a: Great Tusk|0 fnt\n|-unboost|p2a: Dragapult|spa|2\n|faint|p1a: Great Tusk\n|-end|p1a: Great Tusk|Protosynthesis|[silent]\n|\n|upkeep\n|\n|t:|1701165005\n|switch|p1a: Ninetales|Ninetales-Alola, F|100\/100\n|-weather|Snow|[from] ability: Snow Warning|[of] p1a: Ninetales\n|turn|2\n|\n|t:|1701165010\n|switch|p2a: TWINKATON|Tinkaton, F|100\/100\n|-item|p2a: TWINKATON|Air Balloon\n|move|p1a: Ninetales|Aurora Veil|p1a: Ninetales\n|-sidestart|p1: Laguiacrus|move: Aurora Veil\n|\n|-weather|Snow|[upkeep]\n|upkeep\n|turn|3\n|\n|t:|1701165034\n|switch|p1a: Cinderace|Cinderace, M|100\/100\n|move|p2a: TWINKATON|Thunder Wave|p1a: Cinderace\n|-status|p1a: Cinderace|par\n|\n|-weather|Snow|[upkeep]\n|upkeep\n|turn|4\n|\n|t:|1701165048\n|switch|p1a: Manaphy|Manaphy|100\/100\n|move|p2a: TWINKATON|Stealth Rock|p1a: Manaphy\n|-sidestart|p1: Laguiacrus|move: Stealth Rock\n|\n|-weather|Snow|[upkeep]\n|upkeep\n|turn|5\n|\n|t:|1701165055\n|move|p2a: TWINKATON|Thunder Wave|p1a: Manaphy\n|-status|p1a: Manaphy|par\n|cant|p1a: Manaphy|par\n|\n|-weather|Snow|[upkeep]\n|upkeep\n|turn|6\n|\n|t:|1701165062\n|move|p2a: TWINKATON|Play Rough|p1a: Manaphy\n|-damage|p1a: Manaphy|90\/100 par\n|move|p1a: Manaphy|Take Heart|p1a: Manaphy\n|-boost|p1a: Manaphy|spa|1\n|-boost|p1a: Manaphy|spd|1\n|-curestatus|p1a: Manaphy|par|[msg]\n|\n|-weather|none\n|-heal|p1a: Manaphy|96\/100|[from] item: Leftovers\n|upkeep\n|turn|7\n|\n|t:|1701165073\n|move|p2a: TWINKATON|Encore|p1a: Manaphy\n|-start|p1a: Manaphy|Encore\n|move|p1a: Manaphy|Take Heart|p1a: Manaphy\n|-boost|p1a: Manaphy|spa|1\n|-boost|p1a: Manaphy|spd|1\n|\n|-heal|p1a: Manaphy|100\/100|[from] item: Leftovers\n|upkeep\n|turn|8\n|\n|t:|1701165093\n|switch|p2a: Ogerpon|Ogerpon-Wellspring, F|100\/100\n|switch|p1a: Cinderace|Cinderace, M|100\/100 par\n|\n|upkeep\n|turn|9\n|\n|t:|1701165100\n|move|p2a: Ogerpon|Ivy Cudgel|p1a: Cinderace|[anim] Ivy Cudgel Water\n|-supereffective|p1a: Cinderace\n|-damage|p1a: Cinderace|11\/100 par\n|move|p1a: Cinderace|Court Change|p1a: Cinderace\n|-start|p1a: Cinderace|typechange|Normal|[from] ability: Libero\n|-swapsideconditions\n|-activate|p1a: Cinderace|move: Court Change\n|\n|-sideend|p2: looooaicici|move: Aurora Veil\n|upkeep\n|turn|10\n|\n|t:|1701165110\n|move|p1a: Cinderace|Sucker Punch|p2a: Ogerpon\n|-damage|p2a: Ogerpon|73\/100\n|move|p2a: Ogerpon|Horn Leech|p1a: Cinderace\n|-damage|p1a: Cinderace|0 fnt\n|-heal|p2a: Ogerpon|79\/100|[from] drain|[of] p1a: Cinderace\n|faint|p1a: Cinderace\n|\n|upkeep\n|\n|t:|1701165119\n|switch|p1a: Ninetales|Ninetales-Alola, F|100\/100\n|-weather|Snow|[from] ability: Snow Warning|[of] p1a: Ninetales\n|turn|11\n|\n|t:|1701165128\n|move|p2a: Ogerpon|Spikes|p1a: Ninetales\n|-sidestart|p1: Laguiacrus|Spikes\n|move|p1a: Ninetales|Aurora Veil|p1a: Ninetales\n|-sidestart|p1: Laguiacrus|move: Aurora Veil\n|\n|-weather|Snow|[upkeep]\n|upkeep\n|turn|12\n|\n|t:|1701165134\n|move|p2a: Ogerpon|Spikes|p1a: Ninetales\n|-sidestart|p1: Laguiacrus|Spikes\n|move|p1a: Ninetales|Freeze-Dry|p2a: Ogerpon\n|-supereffective|p2a: Ogerpon\n|-damage|p2a: Ogerpon|0 fnt\n|faint|p2a: Ogerpon\n|\n|-weather|Snow|[upkeep]\n|upkeep\n|\n|t:|1701165141\n|switch|p2a: TWINKATON|Tinkaton, F|100\/100\n|-damage|p2a: TWINKATON|94\/100|[from] Stealth Rock\n|-item|p2a: TWINKATON|Air Balloon\n|turn|13\n|\n|t:|1701165148\n|move|p1a: Ninetales|Freeze-Dry|p2a: TWINKATON\n|-resisted|p2a: TWINKATON\n|-damage|p2a: TWINKATON|85\/100\n|-enditem|p2a: TWINKATON|Air Balloon\n|move|p2a: TWINKATON|Stealth Rock|p1a: Ninetales\n|-sidestart|p1: Laguiacrus|move: Stealth Rock\n|\n|-weather|Snow|[upkeep]\n|upkeep\n|turn|14\n|\n|t:|1701165160\n|switch|p1a: Iron Valiant|Iron Valiant|100\/100\n|-damage|p1a: Iron Valiant|84\/100|[from] Spikes\n|-damage|p1a: Iron Valiant|78\/100|[from] Stealth Rock\n|move|p2a: TWINKATON|Thunder Wave|p1a: Iron Valiant\n|-status|p1a: Iron Valiant|par\n|\n|-weather|Snow|[upkeep]\n|upkeep\n|turn|15\n|-message|Laguiacrus forfeited.\n|\n|win|looooaicici\n|raw|Laguiacrus's rating: 1184 &rarr; <strong>1162<\/strong><br \/>(-22 for losing)\n|raw|looooaicici's rating: 1227 &rarr; <strong>1249<\/strong><br \/>(+22 for winning)\n|l|\u2606Laguiacrus\n","uploadtime":1701165182,"views":3,"p1id":"laguiacrus","p2id":"looooaicici","formatid":"gen9ou","rating":1162,"private":0,"password":""}