{"id":"gen9ou-1989247668","p1":"GrosBatte","p2":"TurnOnTimerL","format":"[Gen 9] OU","log":"|j|\u2606GrosBatte\n|j|\u2606TurnOnTimerL\n|t:|1699827742\n|gametype|singles\n|player|p1|GrosBatte|101|1327\n|player|p2|TurnOnTimerL|266|1257\n|teamsize|p1|6\n|teamsize|p2|6\n|gen|9\n|tier|[Gen 9] OU\n|rated|\n|rule|Sleep Clause Mod: Limit one foe put to sleep\n|rule|Species Clause: Limit one of each Pok\u00e9mon\n|rule|OHKO Clause: OHKO moves are banned\n|rule|Evasion Items Clause: Evasion items are banned\n|rule|Evasion Moves Clause: Evasion moves are banned\n|rule|Endless Battle Clause: Forcing endless battles is banned\n|rule|HP Percentage Mod: HP is shown in percentages\n|clearpoke\n|poke|p1|Ditto|\n|poke|p1|Cinderace, M|\n|poke|p1|Weavile, F|\n|poke|p1|Greninja-*, M|\n|poke|p1|Toxapex, F|\n|poke|p1|Iron Valiant|\n|poke|p2|Hawlucha, F|\n|poke|p2|Great Tusk|\n|poke|p2|Iron Moth|\n|poke|p2|Slowking-Galar, F|\n|poke|p2|Rillaboom, M|\n|poke|p2|Alomomola, M|\n|teampreview\n|inactive|Battle timer is ON: inactive players will automatically lose when time's up. (requested by GrosBatte)\n|\n|t:|1699827759\n|start\n|switch|p1a: Cinderace|Cinderace, M|100\/100\n|switch|p2a: Hawlucha|Hawlucha, F|100\/100\n|-ability|p2a: Hawlucha|Mold Breaker\n|turn|1\n|\n|t:|1699827767\n|switch|p2a: Iron Moth|Iron Moth|100\/100\n|move|p1a: Cinderace|Pyro Ball|p2a: Iron Moth\n|-resisted|p2a: Iron Moth\n|-damage|p2a: Iron Moth|56\/100\n|\n|upkeep\n|turn|2\n|\n|t:|1699827781\n|move|p2a: Iron Moth|Sludge Wave|p1a: Cinderace\n|-damage|p1a: Cinderace|13\/100\n|move|p1a: Cinderace|Pyro Ball|p2a: Iron Moth\n|-resisted|p2a: Iron Moth\n|-damage|p2a: Iron Moth|11\/100\n|\n|upkeep\n|turn|3\n|\n|t:|1699827795\n|switch|p1a: Toxapex|Toxapex, F|100\/100\n|move|p2a: Iron Moth|Sludge Wave|p1a: Toxapex\n|-resisted|p1a: Toxapex\n|-damage|p1a: Toxapex|77\/100\n|\n|-heal|p1a: Toxapex|83\/100|[from] item: Black Sludge\n|upkeep\n|turn|4\n|\n|t:|1699827803\n|-end|p2a: Iron Moth|Quark Drive|[silent]\n|switch|p2a: Rillaboom|Rillaboom, M|100\/100\n|-fieldstart|move: Grassy Terrain|[from] ability: Grassy Surge|[of] p2a: Rillaboom\n|move|p1a: Toxapex|Toxic|p2a: Rillaboom\n|-status|p2a: Rillaboom|tox\n|\n|-heal|p1a: Toxapex|90\/100|[from] Grassy Terrain\n|-heal|p1a: Toxapex|96\/100|[from] item: Black Sludge\n|-damage|p2a: Rillaboom|94\/100 tox|[from] psn\n|upkeep\n|turn|5\n|\n|t:|1699827814\n|move|p2a: Rillaboom|U-turn|p1a: Toxapex\n|-resisted|p1a: Toxapex\n|-damage|p1a: Toxapex|89\/100\n|\n|t:|1699827823\n|switch|p2a: Slowking|Slowking-Galar, F|100\/100|[from] U-turn\n|move|p1a: Toxapex|Recover|p1a: Toxapex\n|-heal|p1a: Toxapex|100\/100\n|\n|upkeep\n|turn|6\n|\n|t:|1699827833\n|switch|p1a: Weavile|Weavile, F|100\/100\n|-ability|p1a: Weavile|Pressure\n|move|p2a: Slowking|Future Sight|p1a: Weavile\n|-start|p2a: Slowking|move: Future Sight\n|\n|upkeep\n|turn|7\n|\n|t:|1699827851\n|switch|p2a: Rillaboom|Rillaboom, M|94\/100 tox\n|-terastallize|p1a: Weavile|Dark\n|move|p1a: Weavile|Knock Off|p2a: Rillaboom\n|-damage|p2a: Rillaboom|30\/100 tox\n|-enditem|p2a: Rillaboom|Leftovers|[from] move: Knock Off|[of] p1a: Weavile\n|-damage|p1a: Weavile|91\/100|[from] item: Life Orb\n|\n|-heal|p1a: Weavile|97\/100|[from] Grassy Terrain\n|-heal|p2a: Rillaboom|36\/100 tox|[from] Grassy Terrain\n|-damage|p2a: Rillaboom|30\/100 tox|[from] psn\n|upkeep\n|turn|8\n|\n|t:|1699827859\n|move|p1a: Weavile|Ice Shard|p2a: Rillaboom\n|-supereffective|p2a: Rillaboom\n|-damage|p2a: Rillaboom|0 fnt\n|faint|p2a: Rillaboom\n|-damage|p1a: Weavile|87\/100|[from] item: Life Orb\n|\n|-end|p1a: Weavile|move: Future Sight\n|-immune|p1a: Weavile\n|-heal|p1a: Weavile|93\/100|[from] Grassy Terrain\n|-fieldend|move: Grassy Terrain\n|upkeep\n|\n|t:|1699827862\n|switch|p2a: Great Tusk|Great Tusk|100\/100\n|turn|9\n|\n|t:|1699827867\n|-terastallize|p2a: Great Tusk|Fire\n|move|p1a: Weavile|Icicle Crash|p2a: Great Tusk\n|-resisted|p2a: Great Tusk\n|-damage|p2a: Great Tusk|80\/100\n|-damage|p1a: Weavile|83\/100|[from] item: Life Orb\n|move|p2a: Great Tusk|Close Combat|p1a: Weavile\n|-supereffective|p1a: Weavile\n|-damage|p1a: Weavile|0 fnt\n|-unboost|p2a: Great Tusk|def|1\n|-unboost|p2a: Great Tusk|spd|1\n|faint|p1a: Weavile\n|\n|upkeep\n|\n|t:|1699827889\n|switch|p1a: Greninja|Greninja, M|100\/100\n|turn|10\n|\n|t:|1699827893\n|-end|p2a: Great Tusk|Protosynthesis|[silent]\n|switch|p2a: Slowking|Slowking-Galar, F|100\/100\n|move|p1a: Greninja|Hydro Pump|p2a: Slowking\n|-start|p1a: Greninja|typechange|Water|[from] ability: Protean\n|-damage|p2a: Slowking|57\/100\n|\n|upkeep\n|turn|11\n|\n|t:|1699827911\n|switch|p2a: Hawlucha|Hawlucha, F|100\/100\n|-ability|p2a: Hawlucha|Mold Breaker\n|move|p1a: Greninja|Hydro Pump|p2a: Hawlucha\n|-damage|p2a: Hawlucha|32\/100\n|\n|upkeep\n|turn|12\n|\n|t:|1699827925\n|switch|p2a: Alomomola|Alomomola, M|100\/100\n|move|p1a: Greninja|Hydro Pump|p2a: Alomomola\n|-resisted|p2a: Alomomola\n|-damage|p2a: Alomomola|59\/100\n|\n|upkeep\n|turn|13\n|\n|t:|1699827932\n|switch|p1a: Iron Valiant|Iron Valiant|100\/100\n|-enditem|p1a: Iron Valiant|Booster Energy\n|-activate|p1a: Iron Valiant|ability: Quark Drive|[fromitem]\n|-start|p1a: Iron Valiant|quarkdrivespe\n|move|p2a: Alomomola|Wish|p2a: Alomomola\n|\n|upkeep\n|turn|14\n|\n|t:|1699827941\n|switch|p2a: Hawlucha|Hawlucha, F|32\/100\n|-ability|p2a: Hawlucha|Mold Breaker\n|move|p1a: Iron Valiant|Swords Dance|p1a: Iron Valiant\n|-boost|p1a: Iron Valiant|atk|2\n|\n|-heal|p2a: Hawlucha|100\/100|[from] move: Wish|[wisher] Alomomola\n|upkeep\n|turn|15\n|\n|t:|1699827960\n|move|p1a: Iron Valiant|Knock Off|p2a: Hawlucha\n|-resisted|p2a: Hawlucha\n|-damage|p2a: Hawlucha|62\/100\n|-enditem|p2a: Hawlucha|Heavy-Duty Boots|[from] move: Knock Off|[of] p1a: Iron Valiant\n|move|p2a: Hawlucha|Encore|p1a: Iron Valiant\n|-start|p1a: Iron Valiant|Encore\n|\n|upkeep\n|turn|16\n|\n|t:|1699827967\n|-end|p1a: Iron Valiant|Quark Drive|[silent]\n|switch|p1a: Toxapex|Toxapex, F|100\/100\n|move|p2a: Hawlucha|Dual Wingbeat|p1a: Toxapex\n|-damage|p1a: Toxapex|91\/100\n|-damage|p1a: Toxapex|81\/100\n|-hitcount|p1a: Toxapex|2\n|\n|-heal|p1a: Toxapex|87\/100|[from] item: Black Sludge\n|upkeep\n|turn|17\n|\n|t:|1699827975\n|move|p2a: Hawlucha|U-turn|p1a: Toxapex\n|-resisted|p1a: Toxapex\n|-damage|p1a: Toxapex|82\/100\n|\n|t:|1699827978\n|switch|p2a: Slowking|Slowking-Galar, F|90\/100|[from] U-turn\n|move|p1a: Toxapex|Surf|p2a: Slowking\n|-damage|p2a: Slowking|78\/100\n|\n|-heal|p1a: Toxapex|88\/100|[from] item: Black Sludge\n|upkeep\n|turn|18\n|\n|t:|1699827987\n|switch|p1a: Greninja|Greninja, M|100\/100\n|move|p2a: Slowking|Future Sight|p1a: Greninja\n|-start|p2a: Slowking|move: Future Sight\n|\n|upkeep\n|turn|19\n|\n|t:|1699828000\n|switch|p2a: Alomomola|Alomomola, M|93\/100\n|move|p1a: Greninja|Dark Pulse|p2a: Alomomola\n|-start|p1a: Greninja|typechange|Dark|[from] ability: Protean\n|-damage|p2a: Alomomola|35\/100\n|\n|upkeep\n|turn|20\n|\n|t:|1699828010\n|switch|p2a: Great Tusk|Great Tusk, tera:Fire|80\/100\n|move|p1a: Greninja|Dark Pulse|p2a: Great Tusk\n|-damage|p2a: Great Tusk|0 fnt\n|faint|p2a: Great Tusk\n|-end|p2a: Great Tusk|Protosynthesis|[silent]\n|\n|-end|p1a: Greninja|move: Future Sight\n|-immune|p1a: Greninja\n|upkeep\n|\n|t:|1699828023\n|switch|p2a: Hawlucha|Hawlucha, F|62\/100\n|-ability|p2a: Hawlucha|Mold Breaker\n|turn|21\n|\n|t:|1699828028\n|switch|p1a: Toxapex|Toxapex, F|100\/100\n|move|p2a: Hawlucha|U-turn|p1a: Toxapex\n|-resisted|p1a: Toxapex\n|-damage|p1a: Toxapex|96\/100\n|\n|t:|1699828036\n|switch|p2a: Iron Moth|Iron Moth|11\/100|[from] U-turn\n|\n|-heal|p1a: Toxapex|100\/100|[from] item: Black Sludge\n|upkeep\n|turn|22\n|\n|t:|1699828040\n|move|p2a: Iron Moth|U-turn|p1a: Toxapex\n|-resisted|p1a: Toxapex\n|-damage|p1a: Toxapex|97\/100\n|\n|t:|1699828042\n|-end|p2a: Iron Moth|Quark Drive|[silent]\n|switch|p2a: Slowking|Slowking-Galar, F|100\/100|[from] U-turn\n|move|p1a: Toxapex|Surf|p2a: Slowking\n|-damage|p2a: Slowking|89\/100\n|\n|-heal|p1a: Toxapex|100\/100|[from] item: Black Sludge\n|upkeep\n|turn|23\n|\n|t:|1699828051\n|switch|p1a: Iron Valiant|Iron Valiant|100\/100\n|move|p2a: Slowking|Future Sight|p1a: Iron Valiant\n|-start|p2a: Slowking|move: Future Sight\n|\n|upkeep\n|turn|24\n|\n|t:|1699828057\n|switch|p2a: Alomomola|Alomomola, M|68\/100\n|move|p1a: Iron Valiant|Knock Off|p2a: Alomomola\n|-damage|p2a: Alomomola|51\/100\n|-damage|p1a: Iron Valiant|84\/100|[from] item: Rocky Helmet|[of] p2a: Alomomola\n|-enditem|p2a: Alomomola|Rocky Helmet|[from] move: Knock Off|[of] p1a: Iron Valiant\n|\n|upkeep\n|turn|25\n|\n|t:|1699828067\n|-end|p1a: Iron Valiant|Quark Drive|[silent]\n|switch|p1a: Greninja|Greninja, M|100\/100\n|move|p2a: Alomomola|Flip Turn|p1a: Greninja\n|-resisted|p1a: Greninja\n|-damage|p1a: Greninja|89\/100\n|\n|t:|1699828074\n|switch|p2a: Iron Moth|Iron Moth|11\/100|[from] Flip Turn\n|\n|-end|p1a: Greninja|move: Future Sight\n|-immune|p1a: Greninja\n|upkeep\n|turn|26\n|\n|t:|1699828089\n|switch|p1a: Ditto|Ditto, shiny|100\/100\n|-transform|p1a: Ditto|p2a: Iron Moth|[from] ability: Imposter\n|move|p2a: Iron Moth|U-turn|p1a: Ditto\n|-resisted|p1a: Ditto\n|-damage|p1a: Ditto|96\/100\n|\n|t:|1699828093\n|-end|p2a: Iron Moth|Quark Drive|[silent]\n|switch|p2a: Slowking|Slowking-Galar, F|100\/100|[from] U-turn\n|\n|upkeep\n|turn|27\n|\n|t:|1699828101\n|move|p1a: Ditto|U-turn|p2a: Slowking\n|-damage|p2a: Slowking|88\/100\n|\n|t:|1699828106\n|-end|p1a: Ditto|Quark Drive|[silent]\n|switch|p1a: Cinderace|Cinderace, M|13\/100|[from] U-turn\n|move|p2a: Slowking|Future Sight|p1a: Cinderace\n|-start|p2a: Slowking|move: Future Sight\n|\n|upkeep\n|turn|28\n|\n|t:|1699828114\n|move|p1a: Cinderace|Pyro Ball|p2a: Slowking\n|-damage|p2a: Slowking|28\/100\n|move|p2a: Slowking|Chilly Reception|p2a: Slowking\n|-weather|Snow\n|\n|t:|1699828119\n|switch|p2a: Iron Moth|Iron Moth|11\/100|[from] Chilly Reception\n|\n|-weather|Snow|[upkeep]\n|upkeep\n|turn|29\n|\n|t:|1699828127\n|switch|p1a: Toxapex|Toxapex, F|100\/100\n|move|p2a: Iron Moth|Sludge Wave|p1a: Toxapex\n|-resisted|p1a: Toxapex\n|-damage|p1a: Toxapex|76\/100\n|\n|-weather|Snow|[upkeep]\n|-end|p1a: Toxapex|move: Future Sight\n|-supereffective|p1a: Toxapex\n|-damage|p1a: Toxapex|9\/100\n|-heal|p1a: Toxapex|16\/100|[from] item: Black Sludge\n|upkeep\n|turn|30\n|\n|t:|1699828137\n|move|p2a: Iron Moth|Sludge Wave|p1a: Toxapex\n|-resisted|p1a: Toxapex\n|-damage|p1a: Toxapex|0 fnt\n|faint|p1a: Toxapex\n|\n|-weather|Snow|[upkeep]\n|upkeep\n|\n|t:|1699828143\n|switch|p1a: Cinderace|Cinderace, M|13\/100\n|turn|31\n|\n|t:|1699828146\n|-end|p2a: Iron Moth|Quark Drive|[silent]\n|switch|p2a: Alomomola|Alomomola, M|85\/100\n|move|p1a: Cinderace|Sucker Punch||[still]\n|-fail|p1a: Cinderace\n|\n|-weather|Snow|[upkeep]\n|upkeep\n|turn|32\n|\n|t:|1699828152\n|move|p1a: Cinderace|U-turn|p2a: Alomomola\n|-start|p1a: Cinderace|typechange|Bug|[from] ability: Libero\n|-crit|p2a: Alomomola\n|-damage|p2a: Alomomola|57\/100\n|\n|t:|1699828158\n|switch|p1a: Iron Valiant|Iron Valiant|84\/100|[from] U-turn\n|move|p2a: Alomomola|Flip Turn|p1a: Iron Valiant\n|-damage|p1a: Iron Valiant|65\/100\n|\n|t:|1699828162\n|switch|p2a: Iron Moth|Iron Moth|11\/100|[from] Flip Turn\n|\n|-weather|none\n|upkeep\n|turn|33\n|\n|t:|1699828169\n|move|p2a: Iron Moth|Sludge Wave|p1a: Iron Valiant\n|-supereffective|p1a: Iron Valiant\n|-damage|p1a: Iron Valiant|0 fnt\n|faint|p1a: Iron Valiant\n|-end|p1a: Iron Valiant|Quark Drive|[silent]\n|\n|upkeep\n|\n|t:|1699828174\n|switch|p1a: Ditto|Ditto, shiny|96\/100\n|-transform|p1a: Ditto|p2a: Iron Moth|[from] ability: Imposter\n|turn|34\n|\n|t:|1699828178\n|-end|p2a: Iron Moth|Quark Drive|[silent]\n|switch|p2a: Slowking|Slowking-Galar, F|61\/100\n|move|p1a: Ditto|Sludge Wave|p2a: Slowking\n|-resisted|p2a: Slowking\n|-damage|p2a: Slowking|45\/100\n|\n|upkeep\n|turn|35\n|\n|t:|1699828187\n|move|p1a: Ditto|Sludge Wave|p2a: Slowking\n|-resisted|p2a: Slowking\n|-damage|p2a: Slowking|29\/100\n|move|p2a: Slowking|Future Sight|p1a: Ditto\n|-start|p2a: Slowking|move: Future Sight\n|\n|upkeep\n|turn|36\n|\n|t:|1699828196\n|-end|p1a: Ditto|Quark Drive|[silent]\n|switch|p1a: Greninja|Greninja, M|89\/100\n|switch|p2a: Hawlucha|Hawlucha, F|62\/100\n|-ability|p2a: Hawlucha|Mold Breaker\n|\n|upkeep\n|turn|37\n|\n|t:|1699828200\n|move|p1a: Greninja|Ice Beam|p2a: Hawlucha\n|-start|p1a: Greninja|typechange|Ice|[from] ability: Protean\n|-supereffective|p2a: Hawlucha\n|-damage|p2a: Hawlucha|0 fnt\n|faint|p2a: Hawlucha\n|\n|-end|p1a: Greninja|move: Future Sight\n|-damage|p1a: Greninja|15\/100\n|upkeep\n|\n|t:|1699828207\n|switch|p2a: Slowking|Slowking-Galar, F|62\/100\n|turn|38\n|\n|t:|1699828210\n|switch|p1a: Ditto|Ditto, shiny|96\/100\n|-transform|p1a: Ditto|p2a: Slowking|[from] ability: Imposter\n|move|p2a: Slowking|Future Sight|p1a: Ditto\n|-start|p2a: Slowking|move: Future Sight\n|\n|upkeep\n|turn|39\n|\n|t:|1699828216\n|move|p1a: Ditto|Future Sight|p2a: Slowking\n|-start|p1a: Ditto|move: Future Sight\n|move|p2a: Slowking|Chilly Reception|p2a: Slowking\n|-weather|Snow\n|\n|t:|1699828223\n|switch|p2a: Iron Moth|Iron Moth|11\/100|[from] Chilly Reception\n|\n|-weather|Snow|[upkeep]\n|upkeep\n|turn|40\n|\n|t:|1699828229\n|move|p2a: Iron Moth|U-turn|p1a: Ditto\n|-damage|p1a: Ditto|81\/100\n|\n|t:|1699828232\n|-end|p2a: Iron Moth|Quark Drive|[silent]\n|switch|p2a: Slowking|Slowking-Galar, F|96\/100|[from] U-turn\n|move|p1a: Ditto|Future Sight||[still]\n|-fail|p1a: Ditto\n|\n|-weather|Snow|[upkeep]\n|-end|p1a: Ditto|move: Future Sight\n|-damage|p1a: Ditto|45\/100\n|upkeep\n|turn|41\n|\n|t:|1699828244\n|move|p1a: Ditto|Future Sight||[still]\n|-fail|p1a: Ditto\n|move|p2a: Slowking|Future Sight|p1a: Ditto\n|-start|p2a: Slowking|move: Future Sight\n|\n|-weather|Snow|[upkeep]\n|-end|p2a: Slowking|move: Future Sight\n|-damage|p2a: Slowking|70\/100\n|upkeep\n|turn|42\n|\n|t:|1699828257\n|move|p1a: Ditto|Future Sight|p2a: Slowking\n|-start|p1a: Ditto|move: Future Sight\n|move|p2a: Slowking|Sludge Bomb|p1a: Ditto\n|-resisted|p1a: Ditto\n|-damage|p1a: Ditto|32\/100\n|\n|-weather|Snow|[upkeep]\n|upkeep\n|turn|43\n|\n|t:|1699828266\n|switch|p1a: Greninja|Greninja, M|15\/100\n|move|p2a: Slowking|Surf|p1a: Greninja\n|-resisted|p1a: Greninja\n|-damage|p1a: Greninja|0 fnt\n|faint|p1a: Greninja\n|\n|-weather|none\n|-hint|Future Sight did not hit because the target is fainted.\n|upkeep\n|\n|t:|1699828267\n|switch|p1a: Cinderace|Cinderace, M|13\/100\n|turn|44\n|\n|t:|1699828284\n|switch|p2a: Alomomola|Alomomola, M|90\/100\n|move|p1a: Cinderace|Sucker Punch||[still]\n|-fail|p1a: Cinderace\n|\n|-end|p2a: Alomomola|move: Future Sight\n|-damage|p2a: Alomomola|73\/100\n|upkeep\n|turn|45\n|\n|t:|1699828289\n|move|p1a: Cinderace|U-turn|p2a: Alomomola\n|-start|p1a: Cinderace|typechange|Bug|[from] ability: Libero\n|-damage|p2a: Alomomola|55\/100\n|\n|t:|1699828291\n|switch|p1a: Ditto|Ditto, shiny|65\/100|[from] U-turn\n|-transform|p1a: Ditto|p2a: Alomomola|[from] ability: Imposter\n|move|p2a: Alomomola|Flip Turn|p1a: Ditto\n|-resisted|p1a: Ditto\n|-damage|p1a: Ditto|58\/100\n|\n|t:|1699828295\n|switch|p2a: Iron Moth|Iron Moth|11\/100|[from] Flip Turn\n|\n|upkeep\n|turn|46\n|\n|t:|1699828300\n|move|p2a: Iron Moth|Sludge Wave|p1a: Ditto\n|-damage|p1a: Ditto|0 fnt\n|faint|p1a: Ditto\n|\n|upkeep\n|\n|t:|1699828303\n|switch|p1a: Cinderace|Cinderace, M|13\/100\n|turn|47\n|\n|t:|1699828304\n|move|p2a: Iron Moth|Sludge Wave|p1a: Cinderace\n|-damage|p1a: Cinderace|0 fnt\n|faint|p1a: Cinderace\n|\n|win|TurnOnTimerL\n|raw|GrosBatte's rating: 1327 &rarr; <strong>1303<\/strong><br \/>(-24 for losing)\n|raw|TurnOnTimerL's rating: 1257 &rarr; <strong>1287<\/strong><br \/>(+30 for winning)\n|l|\u2606GrosBatte\n|c|\u2606TurnOnTimerL|gg\n","uploadtime":1699828312,"views":32,"p1id":"grosbatte","p2id":"turnontimerl","formatid":"gen9ou","rating":1287,"private":0,"password":""}