{"id":"gen9ou-1996452213","p1":"Z-pokemaster2000","p2":"PureVessel00","format":"[Gen 9] OU","log":"|j|\u2606Z-pokemaster2000\n|j|\u2606PureVessel00\n|t:|1700683365\n|gametype|singles\n|player|p1|Z-pokemaster2000|veteran|1672\n|player|p2|PureVessel00|pokemaniac|1730\n|teamsize|p1|6\n|teamsize|p2|6\n|gen|9\n|tier|[Gen 9] OU\n|rated|\n|rule|Sleep Clause Mod: Limit one foe put to sleep\n|rule|Species Clause: Limit one of each Pok\u00e9mon\n|rule|OHKO Clause: OHKO moves are banned\n|rule|Evasion Items Clause: Evasion items are banned\n|rule|Evasion Moves Clause: Evasion moves are banned\n|rule|Endless Battle Clause: Forcing endless battles is banned\n|rule|HP Percentage Mod: HP is shown in percentages\n|clearpoke\n|poke|p1|Okidogi, M|\n|poke|p1|Clefable, F|\n|poke|p1|Great Tusk|\n|poke|p1|Grimmsnarl, M|\n|poke|p1|Sinistcha-Masterpiece|\n|poke|p1|Ogerpon-Wellspring, F|\n|poke|p2|Ceruledge, F|\n|poke|p2|Great Tusk|\n|poke|p2|Clefable, F|\n|poke|p2|Samurott-Hisui, F|\n|poke|p2|Zapdos|\n|poke|p2|Ogerpon-Cornerstone, F|\n|teampreview\n|inactive|Battle timer is ON: inactive players will automatically lose when time's up. (requested by Z-pokemaster2000)\n|\n|t:|1700683376\n|start\n|switch|p1a: Okidogi|Okidogi, M|100\/100\n|switch|p2a: Zapdos|Zapdos|100\/100\n|turn|1\n|\n|t:|1700683383\n|move|p2a: Zapdos|Hurricane|p1a: Okidogi\n|-supereffective|p1a: Okidogi\n|-damage|p1a: Okidogi|33\/100\n|move|p1a: Okidogi|Poison Fang|p2a: Zapdos\n|-damage|p2a: Zapdos|75\/100\n|-status|p2a: Zapdos|tox\n|\n|-damage|p2a: Zapdos|69\/100 tox|[from] psn\n|upkeep\n|turn|2\n|\n|t:|1700683396\n|switch|p1a: Grimmsnarl|Grimmsnarl, M, shiny|100\/100\n|move|p2a: Zapdos|Hurricane|p1a: Grimmsnarl\n|-damage|p1a: Grimmsnarl|57\/100\n|\n|-damage|p2a: Zapdos|57\/100 tox|[from] psn\n|upkeep\n|turn|3\n|\n|t:|1700683403\n|move|p1a: Grimmsnarl|Light Screen|p1a: Grimmsnarl\n|-sidestart|p1: Z-pokemaster2000|move: Light Screen\n|move|p2a: Zapdos|Volt Switch|p1a: Grimmsnarl\n|-damage|p1a: Grimmsnarl|44\/100\n|\n|t:|1700683421\n|switch|p2a: Ogerpon|Ogerpon-Cornerstone, F|100\/100|[from] Volt Switch\n|\n|upkeep\n|turn|4\n|\n|t:|1700683440\n|move|p1a: Grimmsnarl|Parting Shot|p2a: Ogerpon\n|-unboost|p2a: Ogerpon|atk|1\n|-unboost|p2a: Ogerpon|spa|1\n|\n|t:|1700683442\n|switch|p1a: Okidogi|Okidogi, M|33\/100|[from] Parting Shot\n|move|p2a: Ogerpon|Encore||[still]\n|-fail|p2a: Ogerpon\n|\n|upkeep\n|turn|5\n|\n|t:|1700683458\n|switch|p2a: Great Tusk|Great Tusk|100\/100\n|move|p1a: Okidogi|Drain Punch|p2a: Great Tusk\n|-damage|p2a: Great Tusk|67\/100\n|-heal|p1a: Okidogi|49\/100|[from] drain|[of] p2a: Great Tusk\n|-status|p2a: Great Tusk|tox|[from] ability: Toxic Chain|[of] p1a: Okidogi\n|\n|-damage|p2a: Great Tusk|60\/100 tox|[from] psn\n|upkeep\n|turn|6\n|inactive|PureVessel00 has 120 seconds left.\n|\n|t:|1700683484\n|switch|p1a: Ogerpon|Ogerpon-Wellspring, F|100\/100\n|move|p2a: Great Tusk|Knock Off|p1a: Ogerpon\n|-damage|p1a: Ogerpon|78\/100\n|\n|-damage|p2a: Great Tusk|48\/100 tox|[from] psn\n|upkeep\n|turn|7\n|\n|t:|1700683492\n|-end|p2a: Great Tusk|Protosynthesis|[silent]\n|switch|p2a: Zapdos|Zapdos|57\/100 tox\n|move|p1a: Ogerpon|Swords Dance|p1a: Ogerpon\n|-boost|p1a: Ogerpon|atk|2\n|\n|-damage|p2a: Zapdos|50\/100 tox|[from] psn\n|upkeep\n|turn|8\n|\n|t:|1700683500\n|move|p1a: Ogerpon|Ivy Cudgel|p2a: Zapdos|[anim] Ivy Cudgel Water\n|-damage|p2a: Zapdos|0 fnt\n|faint|p2a: Zapdos\n|\n|upkeep\n|inactive|PureVessel00 has 120 seconds left.\n|\n|t:|1700683520\n|switch|p2a: Ceruledge|Ceruledge, F|100\/100\n|turn|9\n|\n|t:|1700683530\n|move|p1a: Ogerpon|Swords Dance|p1a: Ogerpon\n|-boost|p1a: Ogerpon|atk|2\n|move|p2a: Ceruledge|Swords Dance|p2a: Ceruledge\n|-boost|p2a: Ceruledge|atk|2\n|\n|upkeep\n|turn|10\n|j| fghn fghn\n|\n|t:|1700683542\n|move|p1a: Ogerpon|Encore|p2a: Ceruledge\n|-start|p2a: Ceruledge|Encore\n|move|p2a: Ceruledge|Swords Dance|p2a: Ceruledge\n|-boost|p2a: Ceruledge|atk|2\n|\n|-sideend|p1: Z-pokemaster2000|move: Light Screen\n|upkeep\n|turn|11\n|\n|t:|1700683550\n|switch|p2a: Clefable|Clefable, F|100\/100\n|move|p1a: Ogerpon|Ivy Cudgel|p2a: Clefable|[anim] Ivy Cudgel Water\n|-damage|p2a: Clefable|62\/100\n|\n|-heal|p2a: Clefable|69\/100|[from] item: Leftovers\n|upkeep\n|turn|12\n|\n|t:|1700683559\n|move|p1a: Ogerpon|Horn Leech|p2a: Clefable\n|-damage|p2a: Clefable|40\/100\n|-heal|p1a: Ogerpon|97\/100|[from] drain|[of] p2a: Clefable\n|move|p2a: Clefable|Moonlight|p2a: Clefable\n|-heal|p2a: Clefable|90\/100\n|\n|-heal|p2a: Clefable|96\/100|[from] item: Leftovers\n|upkeep\n|turn|13\n|\n|t:|1700683572\n|move|p1a: Ogerpon|Encore|p2a: Clefable\n|-start|p2a: Clefable|Encore\n|move|p2a: Clefable|Moonlight|p2a: Clefable\n|-heal|p2a: Clefable|100\/100\n|\n|upkeep\n|turn|14\n|\n|t:|1700683581\n|switch|p2a: Great Tusk|Great Tusk|48\/100 tox\n|move|p1a: Ogerpon|Ivy Cudgel|p2a: Great Tusk|[anim] Ivy Cudgel Water\n|-supereffective|p2a: Great Tusk\n|-damage|p2a: Great Tusk|0 fnt\n|faint|p2a: Great Tusk\n|-end|p2a: Great Tusk|Protosynthesis|[silent]\n|\n|upkeep\n|\n|t:|1700683588\n|switch|p2a: Clefable|Clefable, F|100\/100\n|turn|15\n|\n|t:|1700683592\n|move|p1a: Ogerpon|Ivy Cudgel|p2a: Clefable|[anim] Ivy Cudgel Water\n|-damage|p2a: Clefable|63\/100\n|move|p2a: Clefable|Moonblast|p1a: Ogerpon\n|-damage|p1a: Ogerpon|60\/100\n|\n|-heal|p2a: Clefable|69\/100|[from] item: Leftovers\n|upkeep\n|turn|16\n|\n|t:|1700683601\n|move|p1a: Ogerpon|Horn Leech|p2a: Clefable\n|-damage|p2a: Clefable|43\/100\n|-heal|p1a: Ogerpon|77\/100|[from] drain|[of] p2a: Clefable\n|move|p2a: Clefable|Moonblast|p1a: Ogerpon\n|-damage|p1a: Ogerpon|37\/100\n|\n|-heal|p2a: Clefable|49\/100|[from] item: Leftovers\n|upkeep\n|turn|17\n|\n|t:|1700683616\n|move|p1a: Ogerpon|Horn Leech|p2a: Clefable\n|-crit|p2a: Clefable\n|-damage|p2a: Clefable|9\/100\n|-heal|p1a: Ogerpon|64\/100|[from] drain|[of] p2a: Clefable\n|move|p2a: Clefable|Moonblast|p1a: Ogerpon\n|-damage|p1a: Ogerpon|24\/100\n|\n|-heal|p2a: Clefable|15\/100|[from] item: Leftovers\n|upkeep\n|turn|18\n|\n|t:|1700683624\n|move|p1a: Ogerpon|Horn Leech|p2a: Clefable\n|-damage|p2a: Clefable|0 fnt\n|-heal|p1a: Ogerpon|33\/100|[from] drain|[of] p2a: Clefable\n|faint|p2a: Clefable\n|\n|upkeep\n|\n|t:|1700683636\n|switch|p2a: Samurott|Samurott-Hisui, F|100\/100\n|turn|19\n|\n|t:|1700683641\n|move|p2a: Samurott|Sucker Punch|p1a: Ogerpon\n|-damage|p1a: Ogerpon|0 fnt\n|faint|p1a: Ogerpon\n|\n|upkeep\n|\n|t:|1700683661\n|switch|p1a: Okidogi|Okidogi, M|49\/100\n|turn|20\n|\n|t:|1700683671\n|switch|p2a: Ceruledge|Ceruledge, F|100\/100\n|move|p1a: Okidogi|Knock Off|p2a: Ceruledge\n|-supereffective|p2a: Ceruledge\n|-enditem|p2a: Ceruledge|Focus Sash\n|-damage|p2a: Ceruledge|1\/100\n|-ability|p2a: Ceruledge|Weak Armor|boost\n|-unboost|p2a: Ceruledge|def|1\n|-boost|p2a: Ceruledge|spe|2\n|-status|p2a: Ceruledge|tox|[from] ability: Toxic Chain|[of] p1a: Okidogi\n|\n|-damage|p2a: Ceruledge|0 fnt|[from] psn\n|faint|p2a: Ceruledge\n|upkeep\n|c|\u2606Z-pokemaster2000|\ud83d\ude02\ud83d\ude02\ud83d\ude02\n|\n|t:|1700683686\n|switch|p2a: Ogerpon|Ogerpon-Cornerstone, F|100\/100\n|turn|21\n|inactive|PureVessel00 has 120 seconds left.\n|c|\u2606PureVessel00|3 procs in a row is crazy\n|\n|t:|1700683727\n|move|p2a: Ogerpon|Ivy Cudgel|p1a: Okidogi|[anim] Ivy Cudgel Rock\n|-resisted|p1a: Okidogi\n|-damage|p1a: Okidogi|26\/100\n|move|p1a: Okidogi|Drain Punch|p2a: Ogerpon\n|-supereffective|p2a: Ogerpon\n|-ability|p2a: Ogerpon|Sturdy\n|-damage|p2a: Ogerpon|1\/100\n|-heal|p1a: Okidogi|66\/100|[from] drain|[of] p2a: Ogerpon\n|\n|upkeep\n|turn|22\n|\n|t:|1700683740\n|move|p2a: Ogerpon|Ivy Cudgel|p1a: Okidogi|[anim] Ivy Cudgel Rock\n|-resisted|p1a: Okidogi\n|-damage|p1a: Okidogi|41\/100\n|move|p1a: Okidogi|Drain Punch|p2a: Ogerpon\n|-supereffective|p2a: Ogerpon\n|-damage|p2a: Ogerpon|0 fnt\n|-heal|p1a: Okidogi|41\/100|[from] drain|[of] p2a: Ogerpon\n|faint|p2a: Ogerpon\n|\n|upkeep\n|\n|t:|1700683749\n|switch|p2a: Samurott|Samurott-Hisui, F|100\/100\n|turn|23\n|c|\u2606Z-pokemaster2000|Tbf the first proc was from poison fang\n|c|\u2606Z-pokemaster2000|2 procs in a row is lucky\n|inactive|Z-pokemaster2000 has 120 seconds left.\n|c|\u2606Z-pokemaster2000|I'm just laughing that I'm pretty sure that's the first time my dogi has actually sash broken with it successfully\n|\n|t:|1700683800\n|-terastallize|p2a: Samurott|Fairy\n|move|p2a: Samurott|Aqua Cutter|p1a: Okidogi\n|-damage|p1a: Okidogi|3\/100\n|move|p1a: Okidogi|Drain Punch|p2a: Samurott\n|-resisted|p2a: Samurott\n|-damage|p2a: Samurott|73\/100\n|-heal|p1a: Okidogi|14\/100|[from] drain|[of] p2a: Samurott\n|-status|p2a: Samurott|tox|[from] ability: Toxic Chain|[of] p1a: Okidogi\n|\n|-damage|p2a: Samurott|67\/100 tox|[from] psn\n|upkeep\n|turn|24\n|c|\u2606Z-pokemaster2000|\ud83d\udc80\n|c|\u2606Z-pokemaster2000|Dogi chose violence this game\n|inactive|PureVessel00 has 90 seconds left.\n|c|\u2606PureVessel00|why cant my dogi be putting in this much work when i use him lmao\n|\n|t:|1700683836\n|move|p2a: Samurott|Sucker Punch|p1a: Okidogi\n|-resisted|p1a: Okidogi\n|-damage|p1a: Okidogi|3\/100\n|move|p1a: Okidogi|Poison Fang|p2a: Samurott\n|-supereffective|p2a: Samurott\n|-damage|p2a: Samurott|0 fnt\n|faint|p2a: Samurott\n|\n|win|Z-pokemaster2000\n|raw|Z-pokemaster2000's rating: 1672 &rarr; <strong>1695<\/strong><br \/>(+23 for winning)\n|raw|PureVessel00's rating: 1730 &rarr; <strong>1707<\/strong><br \/>(-23 for losing)\n|c|\u2606PureVessel00|gg\n","uploadtime":1700683849,"views":6,"p1id":"zpokemaster2000","p2id":"purevessel00","formatid":"gen9ou","rating":1695,"private":0,"password":""}