{"id":"gen9ou-1994602917","p1":"XxN00bM4st3rxX69","p2":"ImSoTiredOfOUrn","format":"[Gen 9] OU","log":"|j|\u2606XxN00bM4st3rxX69\n|j|\u2606ImSoTiredOfOUrn\n|t:|1700467689\n|gametype|singles\n|player|p1|XxN00bM4st3rxX69|266|1060\n|player|p2|ImSoTiredOfOUrn|janitor|1073\n|teamsize|p1|6\n|teamsize|p2|6\n|gen|9\n|tier|[Gen 9] OU\n|rated|\n|rule|Sleep Clause Mod: Limit one foe put to sleep\n|rule|Species Clause: Limit one of each Pok\u00e9mon\n|rule|OHKO Clause: OHKO moves are banned\n|rule|Evasion Items Clause: Evasion items are banned\n|rule|Evasion Moves Clause: Evasion moves are banned\n|rule|Endless Battle Clause: Forcing endless battles is banned\n|rule|HP Percentage Mod: HP is shown in percentages\n|clearpoke\n|poke|p1|Cinderace, F|\n|poke|p1|Kingambit, M|\n|poke|p1|Gholdengo|\n|poke|p1|Samurott-Hisui, F|\n|poke|p1|Arbok, F|\n|poke|p1|Ribombee, M|\n|poke|p2|Mandibuzz, F|\n|poke|p2|Volcanion|\n|poke|p2|Landorus-Therian, M|\n|poke|p2|Gholdengo|\n|poke|p2|Breloom, M|\n|poke|p2|Clefable, M|\n|teampreview\n|c|\u2606ImSoTiredOfOUrn|arbok\n|inactive|Battle timer is ON: inactive players will automatically lose when time's up. (requested by XxN00bM4st3rxX69)\n|\n|t:|1700467709\n|start\n|switch|p1a: Ribombee|Ribombee, M|100\/100\n|switch|p2a: Gholdengo|Gholdengo|100\/100\n|-item|p2a: Gholdengo|Air Balloon\n|turn|1\n|c|\u2606XxN00bM4st3rxX69|kobra\n|c|\u2606ImSoTiredOfOUrn|thats crazy\n|\n|t:|1700467718\n|move|p1a: Ribombee|Sticky Web|p2a: Gholdengo\n|-sidestart|p2: ImSoTiredOfOUrn|move: Sticky Web\n|move|p2a: Gholdengo|Make It Rain|p1a: Ribombee\n|-supereffective|p1a: Ribombee\n|-damage|p1a: Ribombee|0 fnt\n|-unboost|p2a: Gholdengo|spa|1\n|faint|p1a: Ribombee\n|\n|upkeep\n|\n|t:|1700467730\n|switch|p1a: Samurott|Samurott-Hisui, F|100\/100\n|turn|2\n|\n|t:|1700467739\n|switch|p2a: Breloom|Breloom, M|100\/100\n|-activate|p2a: Breloom|move: Sticky Web\n|-unboost|p2a: Breloom|spe|1\n|move|p1a: Samurott|Ceaseless Edge|p2a: Breloom\n|-resisted|p2a: Breloom\n|-damage|p2a: Breloom|68\/100\n|-sidestart|p2: ImSoTiredOfOUrn|Spikes\n|\n|-status|p2a: Breloom|tox|[from] item: Toxic Orb\n|upkeep\n|turn|3\n|\n|t:|1700467752\n|switch|p1a: Gholdengo|Gholdengo|100\/100\n|-item|p1a: Gholdengo|Air Balloon\n|move|p2a: Breloom|Bullet Seed|p1a: Gholdengo\n|-resisted|p1a: Gholdengo\n|-damage|p1a: Gholdengo|93\/100\n|-enditem|p1a: Gholdengo|Air Balloon\n|-resisted|p1a: Gholdengo\n|-damage|p1a: Gholdengo|85\/100\n|-hitcount|p1a: Gholdengo|2\n|\n|-heal|p2a: Breloom|81\/100 tox|[from] ability: Poison Heal\n|upkeep\n|turn|4\n|\n|t:|1700467763\n|switch|p2a: Mandibuzz|Mandibuzz, F|100\/100\n|move|p1a: Gholdengo|Nasty Plot|p1a: Gholdengo\n|-boost|p1a: Gholdengo|spa|2\n|\n|upkeep\n|turn|5\n|\n|t:|1700467769\n|move|p1a: Gholdengo|Thunder Wave|p2a: Mandibuzz\n|-status|p2a: Mandibuzz|par\n|move|p2a: Mandibuzz|Knock Off|p1a: Gholdengo\n|-supereffective|p1a: Gholdengo\n|-damage|p1a: Gholdengo|49\/100\n|\n|upkeep\n|turn|6\n|\n|t:|1700467777\n|move|p1a: Gholdengo|Nasty Plot|p1a: Gholdengo\n|-boost|p1a: Gholdengo|spa|2\n|move|p2a: Mandibuzz|Knock Off|p1a: Gholdengo\n|-supereffective|p1a: Gholdengo\n|-damage|p1a: Gholdengo|13\/100\n|\n|upkeep\n|turn|7\n|\n|t:|1700467783\n|move|p1a: Gholdengo|Make It Rain|p2a: Mandibuzz\n|-damage|p2a: Mandibuzz|0 fnt\n|-unboost|p1a: Gholdengo|spa|1\n|faint|p2a: Mandibuzz\n|\n|upkeep\n|\n|t:|1700467792\n|switch|p2a: Volcanion|Volcanion|100\/100\n|-activate|p2a: Volcanion|move: Sticky Web\n|-unboost|p2a: Volcanion|spe|1\n|-damage|p2a: Volcanion|88\/100|[from] Spikes\n|turn|8\n|\n|t:|1700467798\n|move|p1a: Gholdengo|Shadow Ball|p2a: Volcanion\n|-damage|p2a: Volcanion|0 fnt\n|faint|p2a: Volcanion\n|\n|upkeep\n|\n|t:|1700467805\n|switch|p2a: Landorus|Landorus-Therian, M|100\/100\n|-ability|p2a: Landorus|Intimidate|boost\n|-unboost|p1a: Gholdengo|atk|1\n|turn|9\n|\n|t:|1700467811\n|move|p1a: Gholdengo|Shadow Ball|p2a: Landorus\n|-damage|p2a: Landorus|0 fnt\n|faint|p2a: Landorus\n|\n|upkeep\n|c|\u2606XxN00bM4st3rxX69|my pookie bear shnoockums\n|\n|t:|1700467817\n|switch|p2a: Clefable|Clefable, M|100\/100\n|turn|10\n|\n|t:|1700467836\n|-terastallize|p2a: Clefable|Water\n|move|p1a: Gholdengo|Make It Rain|p2a: Clefable\n|-resisted|p2a: Clefable\n|-damage|p2a: Clefable|70\/100\n|-unboost|p1a: Gholdengo|spa|1\n|move|p2a: Clefable|Moonblast|p1a: Gholdengo\n|-resisted|p1a: Gholdengo\n|-damage|p1a: Gholdengo|0 fnt\n|faint|p1a: Gholdengo\n|\n|upkeep\n|\n|t:|1700467851\n|switch|p1a: Arbok|Arbok, F|100\/100\n|-ability|p1a: Arbok|Intimidate|boost\n|-unboost|p2a: Clefable|atk|1\n|turn|11\n|c|\u2606ImSoTiredOfOUrn|shouldve done that earlier\n|c|\u2606XxN00bM4st3rxX69|arbok action\n|\n|t:|1700467862\n|move|p1a: Arbok|Coil|p1a: Arbok\n|-boost|p1a: Arbok|atk|1\n|-boost|p1a: Arbok|def|1\n|-boost|p1a: Arbok|accuracy|1\n|move|p2a: Clefable|Wish|p2a: Clefable\n|\n|upkeep\n|turn|12\n|\n|t:|1700467867\n|move|p1a: Arbok|Coil|p1a: Arbok\n|-boost|p1a: Arbok|atk|1\n|-boost|p1a: Arbok|def|1\n|-boost|p1a: Arbok|accuracy|1\n|move|p2a: Clefable|Fire Blast|p1a: Arbok\n|-damage|p1a: Arbok|59\/100\n|\n|-heal|p2a: Clefable|100\/100|[from] move: Wish|[wisher] Clefable\n|upkeep\n|turn|13\n|\n|t:|1700467878\n|move|p1a: Arbok|Coil|p1a: Arbok\n|-boost|p1a: Arbok|atk|1\n|-boost|p1a: Arbok|def|1\n|-boost|p1a: Arbok|accuracy|1\n|move|p2a: Clefable|Fire Blast|p1a: Arbok|[miss]\n|-miss|p2a: Clefable|p1a: Arbok\n|\n|upkeep\n|turn|14\n|\n|t:|1700467886\n|-terastallize|p1a: Arbok|Dragon\n|move|p1a: Arbok|Scale Shot|p2a: Clefable|[miss]\n|-miss|p1a: Arbok|p2a: Clefable\n|move|p2a: Clefable|Fire Blast|p1a: Arbok\n|-resisted|p1a: Arbok\n|-damage|p1a: Arbok|40\/100\n|\n|upkeep\n|turn|15\n|c|\u2606ImSoTiredOfOUrn|...\n|\n|t:|1700467894\n|move|p1a: Arbok|Scale Shot|p2a: Clefable\n|-damage|p2a: Clefable|93\/100\n|-damage|p2a: Clefable|84\/100\n|-damage|p2a: Clefable|75\/100\n|-damage|p2a: Clefable|66\/100\n|-hitcount|p2a: Clefable|4\n|-unboost|p1a: Arbok|def|1\n|-boost|p1a: Arbok|spe|1\n|move|p2a: Clefable|Moonblast|p1a: Arbok\n|-supereffective|p1a: Arbok\n|-damage|p1a: Arbok|0 fnt\n|faint|p1a: Arbok\n|\n|upkeep\n|c|\u2606ImSoTiredOfOUrn|okay\n|c|\u2606ImSoTiredOfOUrn|not impressed\n|c|\u2606XxN00bM4st3rxX69|tough\n|c|\u2606ImSoTiredOfOUrn|but i like the idea\n|inactive|XxN00bM4st3rxX69 has 120 seconds left.\n|\n|t:|1700467930\n|switch|p1a: Samurott|Samurott-Hisui, F|100\/100\n|turn|16\n|\n|t:|1700467937\n|move|p1a: Samurott|Ceaseless Edge|p2a: Clefable\n|-damage|p2a: Clefable|33\/100\n|-sidestart|p2: ImSoTiredOfOUrn|Spikes\n|move|p2a: Clefable|Moonblast|p1a: Samurott\n|-supereffective|p1a: Samurott\n|-damage|p1a: Samurott|1\/100\n|\n|upkeep\n|turn|17\n|\n|t:|1700467944\n|move|p1a: Samurott|Ceaseless Edge|p2a: Clefable\n|-damage|p2a: Clefable|0 fnt\n|-sidestart|p2: ImSoTiredOfOUrn|Spikes\n|faint|p2a: Clefable\n|\n|upkeep\n|\n|t:|1700467959\n|switch|p2a: Breloom|Breloom, M|81\/100 tox\n|-activate|p2a: Breloom|move: Sticky Web\n|-unboost|p2a: Breloom|spe|1\n|-damage|p2a: Breloom|56\/100 tox|[from] Spikes\n|turn|18\n|c|\u2606XxN00bM4st3rxX69|was your clefable unaware?\n|\n|t:|1700467976\n|move|p1a: Samurott|Sacred Sword|p2a: Breloom\n|-damage|p2a: Breloom|0 fnt\n|faint|p2a: Breloom\n|\n|upkeep\n|\n|t:|1700467980\n|switch|p2a: Gholdengo|Gholdengo|100\/100\n|-item|p2a: Gholdengo|Air Balloon\n|turn|19\n|c|\u2606ImSoTiredOfOUrn|damn\n|\n|t:|1700467990\n|move|p1a: Samurott|Ceaseless Edge|p2a: Gholdengo\n|-supereffective|p2a: Gholdengo\n|-damage|p2a: Gholdengo|0 fnt\n|-enditem|p2a: Gholdengo|Air Balloon\n|faint|p2a: Gholdengo\n|\n|win|XxN00bM4st3rxX69\n|raw|XxN00bM4st3rxX69's rating: 1060 &rarr; <strong>1092<\/strong><br \/>(+32 for winning)\n|raw|ImSoTiredOfOUrn's rating: 1073 &rarr; <strong>1051<\/strong><br \/>(-22 for losing)\n|l|\u2606ImSoTiredOfOUrn\n|c|\u2606XxN00bM4st3rxX69|otherwise that damage makes no sense\n","uploadtime":1700467999,"views":11,"p1id":"xxn00bm4st3rxx69","p2id":"imsotiredofourn","formatid":"gen9ou","rating":1051,"private":0,"password":""}