{"id":"gen9ou-1999773530","p1":"supersayandraft","p2":"RakzoTR","format":"[Gen 9] OU","log":"|j|\u2606supersayandraft\n|j|\u2606RakzoTR\n|t:|1701115412\n|gametype|singles\n|player|p1|supersayandraft|102|1555\n|player|p2|RakzoTR|gambler|1467\n|teamsize|p1|6\n|teamsize|p2|6\n|gen|9\n|tier|[Gen 9] OU\n|rated|\n|rule|Sleep Clause Mod: Limit one foe put to sleep\n|rule|Species Clause: Limit one of each Pok\u00e9mon\n|rule|OHKO Clause: OHKO moves are banned\n|rule|Evasion Items Clause: Evasion items are banned\n|rule|Evasion Moves Clause: Evasion moves are banned\n|rule|Endless Battle Clause: Forcing endless battles is banned\n|rule|HP Percentage Mod: HP is shown in percentages\n|clearpoke\n|poke|p1|Enamorus, F|\n|poke|p1|Dragapult, F|\n|poke|p1|Iron Valiant|\n|poke|p1|Gholdengo|\n|poke|p1|Iron Treads|\n|poke|p1|Dragonite, F|\n|poke|p2|Goodra-Hisui, F|\n|poke|p2|Ogerpon-Wellspring, F|\n|poke|p2|Donphan, M|\n|poke|p2|Zamazenta-*|\n|poke|p2|Cinderace, M|\n|poke|p2|Zapdos|\n|teampreview\n|\n|t:|1701115429\n|start\n|switch|p1a: Dragapult|Dragapult, F|100\/100\n|switch|p2a: Ogo|Ogerpon-Wellspring, F|100\/100\n|turn|1\n|\n|t:|1701115444\n|switch|p2a: Rhaenyra|Goodra-Hisui, F|100\/100\n|move|p1a: Dragapult|Dragon Dance|p1a: Dragapult\n|-boost|p1a: Dragapult|atk|1\n|-boost|p1a: Dragapult|spe|1\n|\n|upkeep\n|turn|2\n|\n|t:|1701115447\n|-terastallize|p2a: Rhaenyra|Fairy\n|move|p1a: Dragapult|Dragon Darts|p2a: Rhaenyra\n|-immune|p2a: Rhaenyra\n|move|p2a: Rhaenyra|Draco Meteor|p1a: Dragapult\n|-supereffective|p1a: Dragapult\n|-crit|p1a: Dragapult\n|-damage|p1a: Dragapult|0 fnt\n|-unboost|p2a: Rhaenyra|spa|2\n|faint|p1a: Dragapult\n|\n|upkeep\n|\n|t:|1701115460\n|switch|p1a: Gholdengo|Gholdengo|100\/100\n|-item|p1a: Gholdengo|Air Balloon\n|turn|3\n|\n|t:|1701115464\n|switch|p2a: Rammot|Cinderace, M|100\/100\n|move|p1a: Gholdengo|Nasty Plot|p1a: Gholdengo\n|-boost|p1a: Gholdengo|spa|2\n|\n|upkeep\n|turn|4\n|\n|t:|1701115470\n|-terastallize|p1a: Gholdengo|Water\n|move|p2a: Rammot|Pyro Ball|p1a: Gholdengo\n|-resisted|p1a: Gholdengo\n|-damage|p1a: Gholdengo|76\/100\n|-enditem|p1a: Gholdengo|Air Balloon\n|move|p1a: Gholdengo|Shadow Ball|p2a: Rammot\n|-damage|p2a: Rammot|0 fnt\n|faint|p2a: Rammot\n|\n|upkeep\n|\n|t:|1701115475\n|switch|p2a: Zip-Zap-Dos|Zapdos|100\/100\n|turn|5\n|\n|t:|1701115492\n|switch|p1a: Iron Treads|Iron Treads|100\/100\n|-enditem|p1a: Iron Treads|Booster Energy\n|-activate|p1a: Iron Treads|ability: Quark Drive|[fromitem]\n|-start|p1a: Iron Treads|quarkdrivespe\n|move|p2a: Zip-Zap-Dos|Volt Switch|p1a: Iron Treads\n|-immune|p1a: Iron Treads\n|\n|upkeep\n|turn|6\n|\n|t:|1701115501\n|move|p1a: Iron Treads|Stealth Rock|p2a: Zip-Zap-Dos\n|-sidestart|p2: RakzoTR|move: Stealth Rock\n|move|p2a: Zip-Zap-Dos|Hurricane|p1a: Iron Treads\n|-resisted|p1a: Iron Treads\n|-damage|p1a: Iron Treads|67\/100\n|\n|upkeep\n|turn|7\n|\n|t:|1701115506\n|move|p1a: Iron Treads|Ice Spinner|p2a: Zip-Zap-Dos\n|-supereffective|p2a: Zip-Zap-Dos\n|-damage|p2a: Zip-Zap-Dos|52\/100\n|-damage|p1a: Iron Treads|51\/100|[from] item: Rocky Helmet|[of] p2a: Zip-Zap-Dos\n|move|p2a: Zip-Zap-Dos|Substitute|p2a: Zip-Zap-Dos\n|-start|p2a: Zip-Zap-Dos|Substitute\n|-damage|p2a: Zip-Zap-Dos|28\/100\n|\n|upkeep\n|turn|8\n|\n|t:|1701115513\n|move|p1a: Iron Treads|Ice Spinner|p2a: Zip-Zap-Dos\n|-supereffective|p2a: Zip-Zap-Dos\n|-end|p2a: Zip-Zap-Dos|Substitute\n|move|p2a: Zip-Zap-Dos|Roost|p2a: Zip-Zap-Dos\n|-heal|p2a: Zip-Zap-Dos|78\/100\n|-singleturn|p2a: Zip-Zap-Dos|move: Roost\n|\n|upkeep\n|turn|9\n|\n|t:|1701115519\n|move|p1a: Iron Treads|Ice Spinner|p2a: Zip-Zap-Dos\n|-supereffective|p2a: Zip-Zap-Dos\n|-damage|p2a: Zip-Zap-Dos|36\/100\n|-damage|p1a: Iron Treads|34\/100|[from] item: Rocky Helmet|[of] p2a: Zip-Zap-Dos\n|move|p2a: Zip-Zap-Dos|Roost|p2a: Zip-Zap-Dos\n|-heal|p2a: Zip-Zap-Dos|86\/100\n|-singleturn|p2a: Zip-Zap-Dos|move: Roost\n|\n|upkeep\n|turn|10\n|\n|t:|1701115524\n|move|p1a: Iron Treads|Ice Spinner|p2a: Zip-Zap-Dos\n|-supereffective|p2a: Zip-Zap-Dos\n|-damage|p2a: Zip-Zap-Dos|39\/100\n|-damage|p1a: Iron Treads|17\/100|[from] item: Rocky Helmet|[of] p2a: Zip-Zap-Dos\n|move|p2a: Zip-Zap-Dos|Roost|p2a: Zip-Zap-Dos\n|-heal|p2a: Zip-Zap-Dos|89\/100\n|-singleturn|p2a: Zip-Zap-Dos|move: Roost\n|\n|upkeep\n|turn|11\n|\n|t:|1701115528\n|move|p1a: Iron Treads|Ice Spinner|p2a: Zip-Zap-Dos\n|-supereffective|p2a: Zip-Zap-Dos\n|-damage|p2a: Zip-Zap-Dos|43\/100\n|-damage|p1a: Iron Treads|1\/100|[from] item: Rocky Helmet|[of] p2a: Zip-Zap-Dos\n|-status|p1a: Iron Treads|par|[from] ability: Static|[of] p2a: Zip-Zap-Dos\n|move|p2a: Zip-Zap-Dos|Roost|p2a: Zip-Zap-Dos\n|-heal|p2a: Zip-Zap-Dos|93\/100\n|-singleturn|p2a: Zip-Zap-Dos|move: Roost\n|\n|upkeep\n|turn|12\n|\n|t:|1701115534\n|move|p2a: Zip-Zap-Dos|Substitute|p2a: Zip-Zap-Dos\n|-start|p2a: Zip-Zap-Dos|Substitute\n|-damage|p2a: Zip-Zap-Dos|68\/100\n|move|p1a: Iron Treads|Ice Spinner|p2a: Zip-Zap-Dos\n|-supereffective|p2a: Zip-Zap-Dos\n|-end|p2a: Zip-Zap-Dos|Substitute\n|\n|upkeep\n|turn|13\n|\n|t:|1701115540\n|move|p2a: Zip-Zap-Dos|Hurricane|p1a: Iron Treads\n|-resisted|p1a: Iron Treads\n|-damage|p1a: Iron Treads|0 fnt\n|faint|p1a: Iron Treads\n|-end|p1a: Iron Treads|Quark Drive|[silent]\n|\n|upkeep\n|\n|t:|1701115556\n|switch|p1a: Dragonite|Dragonite, F|100\/100\n|turn|14\n|\n|t:|1701115562\n|move|p2a: Zip-Zap-Dos|Hurricane|p1a: Dragonite\n|-damage|p1a: Dragonite|67\/100\n|move|p1a: Dragonite|Dragon Dance|p1a: Dragonite\n|-boost|p1a: Dragonite|atk|1\n|-boost|p1a: Dragonite|spe|1\n|\n|upkeep\n|turn|15\n|\n|t:|1701115567\n|move|p1a: Dragonite|Ice Spinner|p2a: Zip-Zap-Dos\n|-supereffective|p2a: Zip-Zap-Dos\n|-damage|p2a: Zip-Zap-Dos|0 fnt\n|-damage|p1a: Dragonite|50\/100|[from] item: Rocky Helmet|[of] p2a: Zip-Zap-Dos\n|-status|p1a: Dragonite|par|[from] ability: Static|[of] p2a: Zip-Zap-Dos\n|faint|p2a: Zip-Zap-Dos\n|\n|upkeep\n|\n|t:|1701115573\n|switch|p2a: WhatTheDogDoing?|Zamazenta|100\/100\n|-damage|p2a: WhatTheDogDoing?|94\/100|[from] Stealth Rock\n|-ability|p2a: WhatTheDogDoing?|Dauntless Shield|boost\n|-boost|p2a: WhatTheDogDoing?|def|1\n|turn|16\n|\n|t:|1701115583\n|move|p2a: WhatTheDogDoing?|Stone Edge|p1a: Dragonite\n|-supereffective|p1a: Dragonite\n|-crit|p1a: Dragonite\n|-damage|p1a: Dragonite|0 fnt\n|faint|p1a: Dragonite\n|\n|upkeep\n|\n|t:|1701115589\n|switch|p1a: Gholdengo|Gholdengo, tera:Water|76\/100\n|turn|17\n|\n|t:|1701115595\n|switch|p2a: Ogo|Ogerpon-Wellspring, F|100\/100\n|-damage|p2a: Ogo|88\/100|[from] Stealth Rock\n|move|p1a: Gholdengo|Make It Rain|p2a: Ogo\n|-resisted|p2a: Ogo\n|-damage|p2a: Ogo|52\/100\n|-unboost|p1a: Gholdengo|spa|1\n|\n|upkeep\n|turn|18\n|\n|t:|1701115605\n|move|p2a: Ogo|Substitute|p2a: Ogo\n|-start|p2a: Ogo|Substitute\n|-damage|p2a: Ogo|27\/100\n|move|p1a: Gholdengo|Shadow Ball|p2a: Ogo\n|-end|p2a: Ogo|Substitute\n|\n|upkeep\n|turn|19\n|\n|t:|1701115609\n|move|p2a: Ogo|Knock Off|p1a: Gholdengo\n|-damage|p1a: Gholdengo|48\/100\n|move|p1a: Gholdengo|Shadow Ball|p2a: Ogo\n|-damage|p2a: Ogo|0 fnt\n|faint|p2a: Ogo\n|\n|upkeep\n|\n|t:|1701115612\n|switch|p2a: WhatTheDogDoing?|Zamazenta|94\/100\n|-damage|p2a: WhatTheDogDoing?|88\/100|[from] Stealth Rock\n|turn|20\n|\n|t:|1701115618\n|move|p2a: WhatTheDogDoing?|Close Combat|p1a: Gholdengo\n|-damage|p1a: Gholdengo|0 fnt\n|-unboost|p2a: WhatTheDogDoing?|def|1\n|-unboost|p2a: WhatTheDogDoing?|spd|1\n|faint|p1a: Gholdengo\n|\n|upkeep\n|\n|t:|1701115625\n|switch|p1a: Enamorus|Enamorus, F|100\/100\n|turn|21\n|\n|t:|1701115630\n|switch|p2a: Rhaenyra|Goodra-Hisui, F, tera:Fairy|100\/100\n|-damage|p2a: Rhaenyra|88\/100|[from] Stealth Rock\n|move|p1a: Enamorus|Substitute|p1a: Enamorus\n|-start|p1a: Enamorus|Substitute\n|-damage|p1a: Enamorus|76\/100\n|\n|-heal|p1a: Enamorus|82\/100|[from] item: Leftovers\n|upkeep\n|turn|22\n|\n|t:|1701115635\n|move|p1a: Enamorus|Calm Mind|p1a: Enamorus\n|-boost|p1a: Enamorus|spa|1\n|-boost|p1a: Enamorus|spd|1\n|move|p2a: Rhaenyra|Flash Cannon|p1a: Enamorus\n|-supereffective|p1a: Enamorus\n|-end|p1a: Enamorus|Substitute\n|\n|-heal|p1a: Enamorus|88\/100|[from] item: Leftovers\n|upkeep\n|turn|23\n|\n|t:|1701115641\n|move|p1a: Enamorus|Moonblast|p2a: Rhaenyra\n|-damage|p2a: Rhaenyra|56\/100\n|move|p2a: Rhaenyra|Flash Cannon|p1a: Enamorus\n|-supereffective|p1a: Enamorus\n|-damage|p1a: Enamorus|13\/100\n|\n|-heal|p1a: Enamorus|19\/100|[from] item: Leftovers\n|upkeep\n|turn|24\n|\n|t:|1701115649\n|move|p1a: Enamorus|Moonblast|p2a: Rhaenyra\n|-damage|p2a: Rhaenyra|23\/100\n|move|p2a: Rhaenyra|Flash Cannon|p1a: Enamorus\n|-supereffective|p1a: Enamorus\n|-damage|p1a: Enamorus|0 fnt\n|faint|p1a: Enamorus\n|\n|upkeep\n|\n|t:|1701115654\n|switch|p1a: Iron Valiant|Iron Valiant|100\/100\n|-enditem|p1a: Iron Valiant|Booster Energy\n|-activate|p1a: Iron Valiant|ability: Quark Drive|[fromitem]\n|-start|p1a: Iron Valiant|quarkdrivespe\n|turn|25\n|\n|t:|1701115664\n|move|p1a: Iron Valiant|Psyshock|p2a: Rhaenyra\n|-damage|p2a: Rhaenyra|0 fnt\n|faint|p2a: Rhaenyra\n|\n|upkeep\n|\n|t:|1701115667\n|switch|p2a: Kandula|Donphan, M|100\/100\n|turn|26\n|\n|t:|1701115672\n|move|p1a: Iron Valiant|Moonblast|p2a: Kandula\n|-damage|p2a: Kandula|19\/100\n|-unboost|p2a: Kandula|spa|1\n|move|p2a: Kandula|Earthquake|p1a: Iron Valiant\n|-damage|p1a: Iron Valiant|42\/100\n|\n|upkeep\n|turn|27\n|c|\u2606RakzoTR|Damn\n|c|\u2606RakzoTR|Is realy bulk\n|c|\u2606RakzoTR|XD\n|\n|t:|1701115686\n|move|p1a: Iron Valiant|Moonblast|p2a: Kandula\n|-damage|p2a: Kandula|0 fnt\n|faint|p2a: Kandula\n|\n|upkeep\n|\n|t:|1701115687\n|switch|p2a: WhatTheDogDoing?|Zamazenta|88\/100\n|-damage|p2a: WhatTheDogDoing?|82\/100|[from] Stealth Rock\n|turn|28\n|\n|t:|1701115710\n|move|p2a: WhatTheDogDoing?|Heavy Slam|p1a: Iron Valiant\n|-supereffective|p1a: Iron Valiant\n|-crit|p1a: Iron Valiant\n|-damage|p1a: Iron Valiant|0 fnt\n|faint|p1a: Iron Valiant\n|-end|p1a: Iron Valiant|Quark Drive|[silent]\n|\n|win|RakzoTR\n|raw|supersayandraft's rating: 1555 &rarr; <strong>1531<\/strong><br \/>(-24 for losing)\n|raw|RakzoTR's rating: 1482 &rarr; <strong>1506<\/strong><br \/>(+24 for winning)\n|c|\u2606RakzoTR|Gg\n|l|\u2606supersayandraft\n","uploadtime":1701115732,"views":4,"p1id":"supersayandraft","p2id":"rakzotr","formatid":"gen9ou","rating":1506,"private":0,"password":""}