{"id":"gen9ou-1995851679","p1":"DarkSanyo","p2":"Docter_Peng99","format":"[Gen 9] OU","log":"|j|\u2606DarkSanyo\n|j|\u2606Docter_Peng99\n|inactive|Battle timer is ON: inactive players will automatically lose when time's up.\n|t:|1700609668\n|gametype|singles\n|player|p1|DarkSanyo|266|\n|player|p2|Docter_Peng99|larry|\n|teamsize|p1|6\n|teamsize|p2|6\n|gen|9\n|tier|[Gen 9] OU\n|rated|Tournament battle\n|rule|Sleep Clause Mod: Limit one foe put to sleep\n|rule|Species Clause: Limit one of each Pok\u00e9mon\n|rule|OHKO Clause: OHKO moves are banned\n|rule|Evasion Items Clause: Evasion items are banned\n|rule|Evasion Moves Clause: Evasion moves are banned\n|rule|Endless Battle Clause: Forcing endless battles is banned\n|rule|HP Percentage Mod: HP is shown in percentages\n|clearpoke\n|poke|p1|Thundurus-Therian, M|\n|poke|p1|Goodra-Hisui, F|\n|poke|p1|Cinderace, F|\n|poke|p1|Landorus-Therian, M|\n|poke|p1|Iron Valiant|\n|poke|p1|Kingambit, F|\n|poke|p2|Glimmora, F|\n|poke|p2|Great Tusk|\n|poke|p2|Iron Moth|\n|poke|p2|Iron Valiant|\n|poke|p2|Dragapult, M|\n|poke|p2|Kingambit, M|\n|teampreview\n|inactive|DarkSanyo also wants the timer to be on.\n|j|^nooob ninja\n|c|\u2606DarkSanyo|hi glhf\n|c|\u2606Docter_Peng99|U2 U2\n|\n|t:|1700609697\n|start\n|switch|p1a: Thundurus|Thundurus-Therian, M|100\/100\n|switch|p2a: Stealth|Glimmora, F|100\/100\n|turn|1\n|\n|t:|1700609704\n|move|p1a: Thundurus|Volt Switch|p2a: Stealth\n|-damage|p2a: Stealth|12\/100\n|\n|t:|1700609708\n|switch|p1a: Goodra|Goodra-Hisui, F|100\/100|[from] Volt Switch\n|move|p2a: Stealth|Stealth Rock|p1a: Goodra\n|-sidestart|p1: DarkSanyo|move: Stealth Rock\n|\n|upkeep\n|turn|2\n|\n|t:|1700609718\n|move|p2a: Stealth|Earth Power|p1a: Goodra\n|-supereffective|p1a: Goodra\n|-damage|p1a: Goodra|74\/100\n|move|p1a: Goodra|Flash Cannon|p2a: Stealth\n|-supereffective|p2a: Stealth\n|-damage|p2a: Stealth|0 fnt\n|faint|p2a: Stealth\n|\n|upkeep\n|\n|t:|1700609722\n|switch|p2a: Ancient Elephant|Great Tusk|100\/100\n|turn|3\n|j| Chimeling\n|\n|t:|1700609733\n|switch|p1a: Landorus|Landorus-Therian, M|100\/100\n|-damage|p1a: Landorus|88\/100|[from] Stealth Rock\n|-ability|p1a: Landorus|Intimidate|boost\n|-unboost|p2a: Ancient Elephant|atk|1\n|move|p2a: Ancient Elephant|Earthquake|p1a: Landorus\n|-immune|p1a: Landorus\n|\n|upkeep\n|turn|4\n|\n|t:|1700609756\n|move|p1a: Landorus|U-turn|p2a: Ancient Elephant\n|-resisted|p2a: Ancient Elephant\n|-damage|p2a: Ancient Elephant|93\/100\n|inactive|DarkSanyo has 120 seconds left.\n|\n|t:|1700609774\n|switch|p1a: Cinderace|Cinderace, F|100\/100|[from] U-turn\n|move|p2a: Ancient Elephant|Rapid Spin|p1a: Cinderace\n|-damage|p1a: Cinderace|83\/100\n|-boost|p2a: Ancient Elephant|spe|1\n|\n|upkeep\n|turn|5\n|j| ButterLettuce_404\n|\n|t:|1700609783\n|switch|p1a: Landorus|Landorus-Therian, M|88\/100\n|-damage|p1a: Landorus|76\/100|[from] Stealth Rock\n|-ability|p1a: Landorus|Intimidate|boost\n|-unboost|p2a: Ancient Elephant|atk|1\n|move|p2a: Ancient Elephant|Rapid Spin|p1a: Landorus\n|-damage|p1a: Landorus|69\/100\n|-boost|p2a: Ancient Elephant|spe|1\n|-damage|p2a: Ancient Elephant|77\/100|[from] item: Rocky Helmet|[of] p1a: Landorus\n|\n|upkeep\n|turn|6\n|\n|t:|1700609793\n|move|p2a: Ancient Elephant|Ice Spinner|p1a: Landorus\n|-supereffective|p1a: Landorus\n|-damage|p1a: Landorus|22\/100\n|-damage|p2a: Ancient Elephant|60\/100|[from] item: Rocky Helmet|[of] p1a: Landorus\n|move|p1a: Landorus|Grass Knot|p2a: Ancient Elephant\n|-supereffective|p2a: Ancient Elephant\n|-damage|p2a: Ancient Elephant|12\/100\n|\n|upkeep\n|turn|7\n|\n|t:|1700609802\n|move|p2a: Ancient Elephant|Knock Off|p1a: Landorus\n|-damage|p1a: Landorus|8\/100\n|-damage|p2a: Ancient Elephant|0 fnt|[from] item: Rocky Helmet|[of] p1a: Landorus\n|faint|p2a: Ancient Elephant\n|-end|p2a: Ancient Elephant|Protosynthesis|[silent]\n|move|p1a: Landorus|U-turn|p2: Ancient Elephant|[notarget]\n|-fail|p1a: Landorus\n|\n|upkeep\n|\n|t:|1700609805\n|switch|p2a: Solarflare|Iron Moth|100\/100\n|-enditem|p2a: Solarflare|Booster Energy\n|-activate|p2a: Solarflare|ability: Quark Drive|[fromitem]\n|-start|p2a: Solarflare|quarkdrivespe\n|turn|8\n|\n|t:|1700609813\n|switch|p1a: Goodra|Goodra-Hisui, F|74\/100\n|-damage|p1a: Goodra|68\/100|[from] Stealth Rock\n|move|p2a: Solarflare|Fiery Dance|p1a: Goodra\n|-damage|p1a: Goodra|49\/100\n|-boost|p2a: Solarflare|spa|1\n|\n|upkeep\n|turn|9\n|\n|t:|1700609821\n|move|p2a: Solarflare|Fiery Dance|p1a: Goodra\n|-damage|p1a: Goodra|23\/100\n|-boost|p2a: Solarflare|spa|1\n|move|p1a: Goodra|Earthquake|p2a: Solarflare\n|-supereffective|p2a: Solarflare\n|-damage|p2a: Solarflare|0 fnt\n|faint|p2a: Solarflare\n|-end|p2a: Solarflare|Quark Drive|[silent]\n|\n|upkeep\n|\n|t:|1700609826\n|switch|p2a: Gotta Sweep|Dragapult, M, shiny|100\/100\n|turn|10\n|\n|t:|1700609835\n|move|p2a: Gotta Sweep|Flamethrower|p1a: Goodra\n|-damage|p1a: Goodra|3\/100\n|move|p1a: Goodra|Draco Meteor|p2a: Gotta Sweep\n|-supereffective|p2a: Gotta Sweep\n|-damage|p2a: Gotta Sweep|0 fnt\n|-unboost|p1a: Goodra|spa|2\n|faint|p2a: Gotta Sweep\n|\n|upkeep\n|\n|t:|1700609837\n|switch|p2a: Metaslayer|Iron Valiant|100\/100\n|-enditem|p2a: Metaslayer|Booster Energy\n|-activate|p2a: Metaslayer|ability: Quark Drive|[fromitem]\n|-start|p2a: Metaslayer|quarkdrivespe\n|turn|11\n|inactive|DarkSanyo has 120 seconds left.\n|\n|t:|1700609875\n|move|p2a: Metaslayer|Moonblast|p1a: Goodra\n|-crit|p1a: Goodra\n|-damage|p1a: Goodra|0 fnt\n|faint|p1a: Goodra\n|\n|upkeep\n|\n|t:|1700609893\n|switch|p1a: Cinderace|Cinderace, F|83\/100\n|turn|12\n|\n|t:|1700609897\n|move|p2a: Metaslayer|Moonblast|p1a: Cinderace\n|-resisted|p1a: Cinderace\n|-crit|p1a: Cinderace\n|-damage|p1a: Cinderace|30\/100\n|move|p1a: Cinderace|Court Change|p1a: Cinderace\n|-start|p1a: Cinderace|typechange|Normal|[from] ability: Libero\n|-swapsideconditions\n|-activate|p1a: Cinderace|move: Court Change\n|\n|upkeep\n|turn|13\n|inactive|DarkSanyo has 120 seconds left.\n|\n|t:|1700609906\n|move|p2a: Metaslayer|Moonblast|p1a: Cinderace\n|-damage|p1a: Cinderace|0 fnt\n|faint|p1a: Cinderace\n|\n|upkeep\n|inactive|DarkSanyo has 120 seconds left.\n|\n|t:|1700609916\n|switch|p1a: Thundurus|Thundurus-Therian, M|100\/100\n|turn|14\n|inactive|DarkSanyo has 120 seconds left.\n|\n|t:|1700609933\n|move|p2a: Metaslayer|Moonblast|p1a: Thundurus\n|-damage|p1a: Thundurus|36\/100\n|move|p1a: Thundurus|Thunderbolt|p2a: Metaslayer\n|-damage|p2a: Metaslayer|0 fnt\n|faint|p2a: Metaslayer\n|-end|p2a: Metaslayer|Quark Drive|[silent]\n|\n|upkeep\n|\n|t:|1700609935\n|switch|p2a: Checkmate|Kingambit, M, shiny|100\/100\n|-damage|p2a: Checkmate|94\/100|[from] Stealth Rock\n|-activate|p2a: Checkmate|ability: Supreme Overlord\n|-start|p2a: Checkmate|fallen5|[silent]\n|turn|15\n|inactive|DarkSanyo has 120 seconds left.\n|\n|t:|1700609942\n|move|p2a: Checkmate|Sucker Punch|p1a: Thundurus\n|-damage|p1a: Thundurus|0 fnt\n|faint|p1a: Thundurus\n|\n|-heal|p2a: Checkmate|100\/100|[from] item: Leftovers\n|upkeep\n|inactive|DarkSanyo has 120 seconds left.\n|\n|t:|1700609948\n|switch|p1a: Landorus|Landorus-Therian, M|8\/100\n|-ability|p1a: Landorus|Intimidate|boost\n|-unboost|p2a: Checkmate|atk|1\n|turn|16\n|\n|t:|1700609952\n|-terastallize|p2a: Checkmate|Flying\n|move|p1a: Landorus|Earthquake|p2a: Checkmate\n|-immune|p2a: Checkmate\n|move|p2a: Checkmate|Swords Dance|p2a: Checkmate\n|-boost|p2a: Checkmate|atk|2\n|\n|upkeep\n|turn|17\n|j| The Green Moon\n|\n|t:|1700609963\n|move|p1a: Landorus|Stone Edge|p2a: Checkmate\n|-supereffective|p2a: Checkmate\n|-damage|p2a: Checkmate|48\/100\n|move|p2a: Checkmate|Swords Dance|p2a: Checkmate\n|-boost|p2a: Checkmate|atk|2\n|\n|-heal|p2a: Checkmate|55\/100|[from] item: Leftovers\n|upkeep\n|turn|18\n|\n|t:|1700609974\n|move|p2a: Checkmate|Sucker Punch|p1a: Landorus\n|-damage|p1a: Landorus|0 fnt\n|-damage|p2a: Checkmate|38\/100|[from] item: Rocky Helmet|[of] p1a: Landorus\n|faint|p1a: Landorus\n|\n|-heal|p2a: Checkmate|44\/100|[from] item: Leftovers\n|upkeep\n|\n|t:|1700609982\n|switch|p1a: Iron Valiant|Iron Valiant|100\/100\n|-enditem|p1a: Iron Valiant|Booster Energy\n|-activate|p1a: Iron Valiant|ability: Quark Drive|[fromitem]\n|-start|p1a: Iron Valiant|quarkdrivespe\n|turn|19\n|\n|t:|1700609990\n|move|p2a: Checkmate|Sucker Punch||[still]\n|-fail|p2a: Checkmate\n|move|p1a: Iron Valiant|Encore|p2a: Checkmate\n|-start|p2a: Checkmate|Encore\n|\n|-heal|p2a: Checkmate|51\/100|[from] item: Leftovers\n|upkeep\n|turn|20\n|c|\u2606DarkSanyo|gg\n|\n|t:|1700610000\n|move|p2a: Checkmate|Sucker Punch||[still]\n|-fail|p2a: Checkmate\n|move|p1a: Iron Valiant|Swords Dance|p1a: Iron Valiant\n|-boost|p1a: Iron Valiant|atk|2\n|\n|-heal|p2a: Checkmate|57\/100|[from] item: Leftovers\n|upkeep\n|turn|21\n|c|\u2606Docter_Peng99|Welp gg\n|-message|Docter_Peng99 forfeited.\n|\n|win|DarkSanyo\n|n|\u2606DarkSanyo|darksanyo\n|n|\u2606Docter_Peng99|docterpeng99\n|n| nooob ninja|nooobninja\n|n| Chimeling|chimeling\n|n| ButterLettuce_404|butterlettuce404\n|n| The Green Moon|thegreenmoon\n","uploadtime":1700610004,"views":7,"p1id":"darksanyo","p2id":"docterpeng99","formatid":"gen9ou","rating":0,"private":0,"password":""}