{"id":"gen9ou-2000088135","p1":"meghlomaniac","p2":"Lumaaa","format":"[Gen 9] OU","log":"|j|\u2606meghlomaniac\n|j|\u2606Lumaaa\n|t:|1701152516\n|gametype|singles\n|player|p1|meghlomaniac|hoopster|1266\n|player|p2|Lumaaa|elesa|1288\n|teamsize|p1|6\n|teamsize|p2|6\n|gen|9\n|tier|[Gen 9] OU\n|rated|\n|rule|Sleep Clause Mod: Limit one foe put to sleep\n|rule|Species Clause: Limit one of each Pok\u00e9mon\n|rule|OHKO Clause: OHKO moves are banned\n|rule|Evasion Items Clause: Evasion items are banned\n|rule|Evasion Moves Clause: Evasion moves are banned\n|rule|Endless Battle Clause: Forcing endless battles is banned\n|rule|HP Percentage Mod: HP is shown in percentages\n|clearpoke\n|poke|p1|Alomomola, F|\n|poke|p1|Slowking-Galar, F|\n|poke|p1|Kingambit, F|\n|poke|p1|Great Tusk|\n|poke|p1|Cinderace, F|\n|poke|p1|Thundurus-Therian, M|\n|poke|p2|Pelipper, M|\n|poke|p2|Corviknight, F|\n|poke|p2|Zapdos|\n|poke|p2|Floatzel, F|\n|poke|p2|Basculegion, M|\n|poke|p2|Amoonguss, M|\n|teampreview\n|inactive|Battle timer is ON: inactive players will automatically lose when time's up. (requested by meghlomaniac)\n|\n|t:|1701152530\n|start\n|switch|p1a: Thundurus|Thundurus-Therian, M|100\/100\n|switch|p2a: Crying for Rain|Pelipper, M, shiny|100\/100\n|-weather|RainDance|[from] ability: Drizzle|[of] p2a: Crying for Rain\n|turn|1\n|\n|t:|1701152540\n|switch|p2a: Rin|Zapdos, shiny|100\/100\n|move|p1a: Thundurus|Knock Off|p2a: Rin\n|-damage|p2a: Rin|77\/100\n|-enditem|p2a: Rin|Heavy-Duty Boots|[from] move: Knock Off|[of] p1a: Thundurus\n|\n|-weather|RainDance|[upkeep]\n|upkeep\n|turn|2\n|\n|t:|1701152554\n|move|p1a: Thundurus|Volt Switch|p2a: Rin\n|-damage|p2a: Rin|32\/100\n|\n|t:|1701152558\n|switch|p1a: Slowking|Slowking-Galar, F|100\/100|[from] Volt Switch\n|move|p2a: Rin|Thunder|p1a: Slowking\n|-damage|p1a: Slowking|66\/100\n|-status|p1a: Slowking|par\n|\n|-weather|RainDance|[upkeep]\n|-heal|p1a: Slowking|72\/100 par|[from] item: Black Sludge\n|upkeep\n|turn|3\n|\n|t:|1701152565\n|switch|p2a: Shirou|Amoonguss, M, shiny|100\/100\n|move|p1a: Slowking|Future Sight|p2a: Shirou\n|-start|p1a: Slowking|move: Future Sight\n|\n|-weather|RainDance|[upkeep]\n|-heal|p1a: Slowking|78\/100 par|[from] item: Black Sludge\n|upkeep\n|turn|4\n|\n|t:|1701152583\n|switch|p2a: Sakura|Corviknight, F, shiny|100\/100\n|-ability|p2a: Sakura|Pressure\n|cant|p1a: Slowking|par\n|\n|-weather|RainDance|[upkeep]\n|-heal|p1a: Slowking|84\/100 par|[from] item: Black Sludge\n|upkeep\n|turn|5\n|\n|t:|1701152600\n|move|p2a: Sakura|Brave Bird|p1a: Slowking\n|-damage|p1a: Slowking|48\/100 par\n|-damage|p2a: Sakura|89\/100|[from] Recoil\n|cant|p1a: Slowking|par\n|\n|-weather|RainDance|[upkeep]\n|-end|p2a: Sakura|move: Future Sight\n|-resisted|p2a: Sakura\n|-damage|p2a: Sakura|74\/100\n|-heal|p2a: Sakura|81\/100|[from] item: Leftovers\n|-heal|p1a: Slowking|54\/100 par|[from] item: Black Sludge\n|upkeep\n|turn|6\n|\n|t:|1701152608\n|move|p2a: Sakura|Brave Bird|p1a: Slowking\n|-damage|p1a: Slowking|19\/100 par\n|-damage|p2a: Sakura|69\/100|[from] Recoil\n|move|p1a: Slowking|Chilly Reception|p1a: Slowking\n|-weather|Snow\n|\n|t:|1701152614\n|switch|p1a: Thundurus|Thundurus-Therian, M|100\/100|[from] Chilly Reception\n|\n|-weather|Snow|[upkeep]\n|-heal|p2a: Sakura|75\/100|[from] item: Leftovers\n|upkeep\n|turn|7\n|inactive|Lumaaa has 120 seconds left.\n|\n|t:|1701152665\n|switch|p2a: Rin|Zapdos, shiny|32\/100\n|move|p1a: Thundurus|Volt Switch|p2a: Rin\n|-damage|p2a: Rin|0 fnt\n|faint|p2a: Rin\n|\n|t:|1701152681\n|switch|p1a: Alomomola|Alomomola, F|100\/100|[from] Volt Switch\n|\n|-weather|Snow|[upkeep]\n|upkeep\n|\n|t:|1701152687\n|switch|p2a: Crying for Rain|Pelipper, M, shiny|100\/100\n|-weather|RainDance|[from] ability: Drizzle|[of] p2a: Crying for Rain\n|turn|8\n|\n|t:|1701152706\n|move|p2a: Crying for Rain|U-turn|p1a: Alomomola\n|-damage|p1a: Alomomola|96\/100\n|\n|t:|1701152708\n|switch|p2a: Saber|Floatzel, F, shiny|100\/100|[from] U-turn\n|move|p1a: Alomomola|Flip Turn|p2a: Saber\n|-resisted|p2a: Saber\n|-damage|p2a: Saber|78\/100\n|\n|t:|1701152720\n|switch|p1a: Kingambit|Kingambit, F|100\/100|[from] Flip Turn\n|\n|-weather|RainDance|[upkeep]\n|upkeep\n|turn|9\n|\n|t:|1701152731\n|-end|p1a: Kingambit|fallenundefined|[silent]\n|switch|p1a: Alomomola|Alomomola, F|100\/100\n|-terastallize|p2a: Saber|Water\n|move|p2a: Saber|Wave Crash|p1a: Alomomola\n|-resisted|p1a: Alomomola\n|-damage|p1a: Alomomola|53\/100\n|-damage|p2a: Saber|51\/100|[from] Recoil\n|\n|-weather|RainDance|[upkeep]\n|upkeep\n|turn|10\n|\n|t:|1701152751\n|move|p2a: Saber|Wave Crash|p1a: Alomomola\n|-resisted|p1a: Alomomola\n|-damage|p1a: Alomomola|9\/100\n|-damage|p2a: Saber|26\/100|[from] Recoil\n|move|p1a: Alomomola|Flip Turn|p2a: Saber\n|-resisted|p2a: Saber\n|-damage|p2a: Saber|4\/100\n|inactive|meghlomaniac has 120 seconds left.\n|\n|t:|1701152779\n|switch|p1a: Cinderace|Cinderace, F|100\/100|[from] Flip Turn\n|\n|-weather|RainDance|[upkeep]\n|upkeep\n|turn|11\n|\n|t:|1701152782\n|move|p1a: Cinderace|Sucker Punch|p2a: Saber\n|-start|p1a: Cinderace|typechange|Dark|[from] ability: Libero\n|-damage|p2a: Saber|0 fnt\n|faint|p2a: Saber\n|\n|-weather|RainDance|[upkeep]\n|upkeep\n|\n|t:|1701152799\n|switch|p2a: Ilya|Basculegion, M|100\/100\n|turn|12\n|inactive|meghlomaniac has 120 seconds left.\n|\n|t:|1701152815\n|switch|p2a: Sakura|Corviknight, F, shiny|75\/100\n|-ability|p2a: Sakura|Pressure\n|move|p1a: Cinderace|Sucker Punch||[still]\n|-fail|p1a: Cinderace\n|\n|-weather|RainDance|[upkeep]\n|-heal|p2a: Sakura|82\/100|[from] item: Leftovers\n|upkeep\n|turn|13\n|inactive|Lumaaa has 120 seconds left.\n|\n|t:|1701152831\n|switch|p2a: Crying for Rain|Pelipper, M, shiny|100\/100\n|move|p1a: Cinderace|U-turn|p2a: Crying for Rain\n|-resisted|p2a: Crying for Rain\n|-damage|p2a: Crying for Rain|91\/100\n|\n|t:|1701152836\n|switch|p1a: Thundurus|Thundurus-Therian, M|100\/100|[from] U-turn\n|\n|-weather|RainDance|[upkeep]\n|upkeep\n|turn|14\n|\n|t:|1701152845\n|switch|p2a: Shirou|Amoonguss, M, shiny|100\/100\n|move|p1a: Thundurus|Volt Switch|p2a: Shirou\n|-resisted|p2a: Shirou\n|-damage|p2a: Shirou|84\/100\n|-enditem|p2a: Shirou|Red Card|[of] p1a: Thundurus\n|drag|p1a: Kingambit|Kingambit, F|100\/100\n|\n|-weather|RainDance|[upkeep]\n|upkeep\n|turn|15\n|\n|t:|1701152856\n|move|p1a: Kingambit|Kowtow Cleave|p2a: Shirou\n|-damage|p2a: Shirou|42\/100\n|move|p2a: Shirou|Spore|p1a: Kingambit\n|-status|p1a: Kingambit|slp|[from] move: Spore\n|\n|-weather|none\n|upkeep\n|turn|16\n|\n|t:|1701152870\n|-end|p1a: Kingambit|fallenundefined|[silent]\n|switch|p1a: Thundurus|Thundurus-Therian, M|100\/100\n|switch|p2a: Crying for Rain|Pelipper, M, shiny|91\/100\n|-weather|RainDance|[from] ability: Drizzle|[of] p2a: Crying for Rain\n|\n|-weather|RainDance|[upkeep]\n|upkeep\n|turn|17\n|\n|t:|1701152880\n|switch|p2a: Shirou|Amoonguss, M, shiny|75\/100\n|move|p1a: Thundurus|Volt Switch|p2a: Shirou\n|-resisted|p2a: Shirou\n|-damage|p2a: Shirou|60\/100\n|\n|t:|1701152888\n|switch|p1a: Slowking|Slowking-Galar, F|52\/100 par|[from] Volt Switch\n|\n|-weather|RainDance|[upkeep]\n|-heal|p1a: Slowking|59\/100 par|[from] item: Black Sludge\n|upkeep\n|turn|18\n|\n|t:|1701152902\n|switch|p2a: Sakura|Corviknight, F, shiny|82\/100\n|-ability|p2a: Sakura|Pressure\n|move|p1a: Slowking|Sludge Bomb|p2a: Sakura\n|-immune|p2a: Sakura\n|\n|-weather|RainDance|[upkeep]\n|-heal|p2a: Sakura|88\/100|[from] item: Leftovers\n|-heal|p1a: Slowking|65\/100 par|[from] item: Black Sludge\n|upkeep\n|turn|19\n|\n|t:|1701152907\n|move|p2a: Sakura|Brave Bird|p1a: Slowking\n|-damage|p1a: Slowking|26\/100 par\n|-damage|p2a: Sakura|75\/100|[from] Recoil\n|move|p1a: Slowking|Chilly Reception|p1a: Slowking\n|-weather|Snow\n|\n|t:|1701152911\n|switch|p1a: Thundurus|Thundurus-Therian, M|100\/100|[from] Chilly Reception\n|\n|-weather|Snow|[upkeep]\n|-heal|p2a: Sakura|82\/100|[from] item: Leftovers\n|upkeep\n|turn|20\n|\n|t:|1701152918\n|switch|p2a: Shirou|Amoonguss, M, shiny|93\/100\n|move|p1a: Thundurus|Taunt|p2a: Shirou\n|-start|p2a: Shirou|move: Taunt\n|\n|-weather|Snow|[upkeep]\n|upkeep\n|turn|21\n|\n|t:|1701152932\n|move|p1a: Thundurus|Volt Switch|p2a: Shirou\n|-resisted|p2a: Shirou\n|-damage|p2a: Shirou|78\/100\n|\n|t:|1701152936\n|switch|p1a: Cinderace|Cinderace, F|100\/100|[from] Volt Switch\n|move|p2a: Shirou|Sludge Bomb|p1a: Cinderace\n|-damage|p1a: Cinderace|58\/100\n|-status|p1a: Cinderace|psn\n|\n|-weather|Snow|[upkeep]\n|-damage|p1a: Cinderace|46\/100 psn|[from] psn\n|upkeep\n|turn|22\n|\n|t:|1701152945\n|switch|p2a: Crying for Rain|Pelipper, M, shiny|91\/100\n|-weather|RainDance|[from] ability: Drizzle|[of] p2a: Crying for Rain\n|move|p1a: Cinderace|U-turn|p2a: Crying for Rain\n|-start|p1a: Cinderace|typechange|Bug|[from] ability: Libero\n|-resisted|p2a: Crying for Rain\n|-damage|p2a: Crying for Rain|78\/100\n|\n|t:|1701152948\n|switch|p1a: Thundurus|Thundurus-Therian, M|100\/100|[from] U-turn\n|\n|-weather|RainDance|[upkeep]\n|upkeep\n|turn|23\n|\n|t:|1701152951\n|switch|p2a: Shirou|Amoonguss, M, shiny|100\/100\n|move|p1a: Thundurus|Volt Switch|p2a: Shirou\n|-resisted|p2a: Shirou\n|-damage|p2a: Shirou|84\/100\n|\n|t:|1701152956\n|switch|p1a: Kingambit|Kingambit, F|100\/100 slp|[from] Volt Switch\n|\n|-weather|RainDance|[upkeep]\n|upkeep\n|turn|24\n|\n|t:|1701152963\n|switch|p2a: Ilya|Basculegion, M|100\/100\n|cant|p1a: Kingambit|slp\n|\n|-weather|RainDance|[upkeep]\n|upkeep\n|turn|25\n|\n|t:|1701152968\n|cant|p1a: Kingambit|slp\n|move|p2a: Ilya|Wave Crash|p1a: Kingambit\n|-damage|p1a: Kingambit|0 fnt\n|faint|p1a: Kingambit\n|-end|p1a: Kingambit|fallenundefined|[silent]\n|-damage|p2a: Ilya|66\/100|[from] Recoil\n|\n|-weather|RainDance|[upkeep]\n|upkeep\n|\n|t:|1701152977\n|switch|p1a: Cinderace|Cinderace, F|46\/100 psn\n|turn|26\n|\n|t:|1701152983\n|switch|p2a: Crying for Rain|Pelipper, M, shiny|78\/100\n|move|p1a: Cinderace|Sucker Punch||[still]\n|-fail|p1a: Cinderace\n|\n|-weather|RainDance|[upkeep]\n|-damage|p1a: Cinderace|34\/100 psn|[from] psn\n|upkeep\n|turn|27\n|\n|t:|1701152999\n|move|p1a: Cinderace|U-turn|p2a: Crying for Rain\n|-start|p1a: Cinderace|typechange|Bug|[from] ability: Libero\n|-resisted|p2a: Crying for Rain\n|-damage|p2a: Crying for Rain|65\/100\n|\n|t:|1701153006\n|switch|p1a: Slowking|Slowking-Galar, F|60\/100 par|[from] U-turn\n|move|p2a: Crying for Rain|Hurricane|p1a: Slowking\n|-damage|p1a: Slowking|37\/100 par\n|\n|-weather|RainDance|[upkeep]\n|-heal|p1a: Slowking|44\/100 par|[from] item: Black Sludge\n|upkeep\n|turn|28\n|\n|t:|1701153015\n|switch|p2a: Sakura|Corviknight, F, shiny|82\/100\n|-ability|p2a: Sakura|Pressure\n|move|p1a: Slowking|Future Sight|p2a: Sakura\n|-start|p1a: Slowking|move: Future Sight\n|\n|-weather|RainDance|[upkeep]\n|-heal|p2a: Sakura|88\/100|[from] item: Leftovers\n|-heal|p1a: Slowking|50\/100 par|[from] item: Black Sludge\n|upkeep\n|turn|29\n|\n|t:|1701153018\n|move|p2a: Sakura|Brave Bird|p1a: Slowking\n|-damage|p1a: Slowking|11\/100 par\n|-damage|p2a: Sakura|75\/100|[from] Recoil\n|move|p1a: Slowking|Fire Blast|p2a: Sakura|[miss]\n|-miss|p1a: Slowking|p2a: Sakura\n|\n|-weather|none\n|-heal|p2a: Sakura|82\/100|[from] item: Leftovers\n|-heal|p1a: Slowking|17\/100 par|[from] item: Black Sludge\n|upkeep\n|turn|30\n|\n|t:|1701153024\n|move|p2a: Sakura|Brave Bird|p1a: Slowking\n|-crit|p1a: Slowking\n|-damage|p1a: Slowking|0 fnt\n|faint|p1a: Slowking\n|-damage|p2a: Sakura|76\/100|[from] Recoil\n|\n|-end|p2a: Sakura|move: Future Sight\n|-resisted|p2a: Sakura\n|-damage|p2a: Sakura|60\/100\n|-heal|p2a: Sakura|66\/100|[from] item: Leftovers\n|upkeep\n|\n|t:|1701153027\n|switch|p1a: Thundurus|Thundurus-Therian, M|100\/100\n|turn|31\n|\n|t:|1701153033\n|switch|p2a: Shirou|Amoonguss, M, shiny|100\/100\n|move|p1a: Thundurus|Volt Switch|p2a: Shirou\n|-resisted|p2a: Shirou\n|-damage|p2a: Shirou|85\/100\n|\n|t:|1701153036\n|switch|p1a: Cinderace|Cinderace, F|34\/100 psn|[from] Volt Switch\n|\n|-damage|p1a: Cinderace|21\/100 psn|[from] psn\n|upkeep\n|turn|32\n|\n|t:|1701153042\n|switch|p2a: Crying for Rain|Pelipper, M, shiny|65\/100\n|-weather|RainDance|[from] ability: Drizzle|[of] p2a: Crying for Rain\n|move|p1a: Cinderace|Pyro Ball|p2a: Crying for Rain|[miss]\n|-miss|p1a: Cinderace|p2a: Crying for Rain\n|\n|-weather|RainDance|[upkeep]\n|-damage|p1a: Cinderace|9\/100 psn|[from] psn\n|upkeep\n|turn|33\n|-message|meghlomaniac forfeited.\n|\n|win|Lumaaa\n|raw|meghlomaniac's rating: 1266 &rarr; <strong>1243<\/strong><br \/>(-23 for losing)\n|raw|Lumaaa's rating: 1288 &rarr; <strong>1311<\/strong><br \/>(+23 for winning)\n|l|\u2606meghlomaniac\n","uploadtime":1701153122,"views":16,"p1id":"meghlomaniac","p2id":"lumaaa","formatid":"gen9ou","rating":1243,"private":0,"password":""}