{"id":"gen9ou-1999862643","p1":"AkiDes","p2":"Lamenting_Orpheus","format":"[Gen 9] OU","log":"|j|\u2606AkiDes\n|j|\u2606Lamenting_Orpheus\n|t:|1701123902\n|gametype|singles\n|player|p1|AkiDes|volkner|1153\n|player|p2|Lamenting_Orpheus|red|1177\n|teamsize|p1|6\n|teamsize|p2|6\n|gen|9\n|tier|[Gen 9] OU\n|rated|\n|rule|Sleep Clause Mod: Limit one foe put to sleep\n|rule|Species Clause: Limit one of each Pok\u00e9mon\n|rule|OHKO Clause: OHKO moves are banned\n|rule|Evasion Items Clause: Evasion items are banned\n|rule|Evasion Moves Clause: Evasion moves are banned\n|rule|Endless Battle Clause: Forcing endless battles is banned\n|rule|HP Percentage Mod: HP is shown in percentages\n|clearpoke\n|poke|p1|Greninja-*, M|\n|poke|p1|Dragonite, M|\n|poke|p1|Cinderace, M|\n|poke|p1|Mandibuzz, F|\n|poke|p1|Jolteon, M|\n|poke|p1|Landorus-Therian, M|\n|poke|p2|Alomomola, F|\n|poke|p2|Gholdengo|\n|poke|p2|Iron Valiant|\n|poke|p2|Toxapex, M|\n|poke|p2|Landorus-Therian, M|\n|poke|p2|Ceruledge, F|\n|teampreview\n|\n|t:|1701123913\n|start\n|switch|p1a: Babotas|Greninja, M|100\/100\n|switch|p2a: Aqua|Alomomola, F|100\/100\n|turn|1\n|inactive|Battle timer is ON: inactive players will automatically lose when time's up. (requested by Lamenting_Orpheus)\n|\n|t:|1701123926\n|move|p2a: Aqua|Protect|p2a: Aqua\n|-singleturn|p2a: Aqua|Protect\n|move|p1a: Babotas|U-turn|p2a: Aqua\n|-start|p1a: Babotas|typechange|Bug|[from] ability: Protean\n|-activate|p2a: Aqua|move: Protect\n|\n|upkeep\n|turn|2\n|c|\u2606Lamenting_Orpheus|glhf\n|\n|t:|1701123947\n|switch|p1a: Festin celestial|Mandibuzz, F|100\/100\n|move|p2a: Aqua|Flip Turn|p1a: Festin celestial\n|-damage|p1a: Festin celestial|92\/100\n|c|\u2606AkiDes|tnx u2\n|\n|t:|1701123959\n|switch|p2a: Styx|Toxapex, M|100\/100|[from] Flip Turn\n|\n|upkeep\n|turn|3\n|\n|t:|1701123966\n|move|p2a: Styx|Baneful Bunker|p2a: Styx\n|-singleturn|p2a: Styx|move: Protect\n|move|p1a: Festin celestial|Foul Play|p2a: Styx\n|-activate|p2a: Styx|move: Protect\n|-status|p1a: Festin celestial|psn\n|\n|-damage|p1a: Festin celestial|79\/100 psn|[from] psn\n|upkeep\n|turn|4\n|\n|t:|1701123975\n|switch|p1a: Cacahuate|Dragonite, M|100\/100\n|move|p2a: Styx|Surf|p1a: Cacahuate\n|-resisted|p1a: Cacahuate\n|-damage|p1a: Cacahuate|96\/100\n|\n|upkeep\n|turn|5\n|\n|t:|1701123983\n|move|p2a: Styx|Baneful Bunker|p2a: Styx\n|-singleturn|p2a: Styx|move: Protect\n|move|p1a: Cacahuate|Dragon Dance|p1a: Cacahuate\n|-boost|p1a: Cacahuate|atk|1\n|-boost|p1a: Cacahuate|spe|1\n|\n|upkeep\n|turn|6\n|\n|t:|1701123989\n|move|p1a: Cacahuate|Dragon Dance|p1a: Cacahuate\n|-boost|p1a: Cacahuate|atk|1\n|-boost|p1a: Cacahuate|spe|1\n|move|p2a: Styx|Haze|p2a: Styx\n|-clearallboost\n|\n|upkeep\n|turn|7\n|\n|t:|1701123999\n|move|p2a: Styx|Baneful Bunker|p2a: Styx\n|-singleturn|p2a: Styx|move: Protect\n|move|p1a: Cacahuate|Dragon Dance|p1a: Cacahuate\n|-boost|p1a: Cacahuate|atk|1\n|-boost|p1a: Cacahuate|spe|1\n|\n|upkeep\n|turn|8\n|\n|t:|1701124004\n|move|p1a: Cacahuate|Earthquake|p2a: Styx\n|-supereffective|p2a: Styx\n|-damage|p2a: Styx|23\/100\n|move|p2a: Styx|Haze|p2a: Styx\n|-clearallboost\n|\n|-heal|p2a: Styx|29\/100|[from] item: Leftovers\n|upkeep\n|turn|9\n|\n|t:|1701124015\n|move|p2a: Styx|Baneful Bunker|p2a: Styx\n|-singleturn|p2a: Styx|move: Protect\n|move|p1a: Cacahuate|Earthquake|p2a: Styx\n|-activate|p2a: Styx|move: Protect\n|\n|-heal|p2a: Styx|35\/100|[from] item: Leftovers\n|upkeep\n|turn|10\n|\n|t:|1701124033\n|switch|p2a: RAHH|Landorus-Therian, M|100\/100\n|-ability|p2a: RAHH|Intimidate|boost\n|-unboost|p1a: Cacahuate|atk|1\n|move|p1a: Cacahuate|Dragon Dance|p1a: Cacahuate\n|-boost|p1a: Cacahuate|atk|1\n|-boost|p1a: Cacahuate|spe|1\n|\n|upkeep\n|turn|11\n|\n|t:|1701124043\n|switch|p1a: Festin celestial|Mandibuzz, F|79\/100 psn\n|move|p2a: RAHH|Stone Edge|p1a: Festin celestial\n|-supereffective|p1a: Festin celestial\n|-damage|p1a: Festin celestial|38\/100 psn\n|\n|-damage|p1a: Festin celestial|26\/100 psn|[from] psn\n|upkeep\n|turn|12\n|\n|t:|1701124051\n|move|p2a: RAHH|U-turn|p1a: Festin celestial\n|-damage|p1a: Festin celestial|9\/100 psn\n|\n|t:|1701124056\n|switch|p2a: Styx|Toxapex, M|69\/100|[from] U-turn\n|move|p1a: Festin celestial|Toxic|p2a: Styx\n|-immune|p2a: Styx\n|\n|-heal|p2a: Styx|75\/100|[from] item: Leftovers\n|-damage|p1a: Festin celestial|0 fnt|[from] psn\n|faint|p1a: Festin celestial\n|upkeep\n|\n|t:|1701124058\n|switch|p1a: Cacahuate|Dragonite, M|96\/100\n|turn|13\n|\n|t:|1701124070\n|move|p1a: Cacahuate|Dragon Dance|p1a: Cacahuate\n|-boost|p1a: Cacahuate|atk|1\n|-boost|p1a: Cacahuate|spe|1\n|move|p2a: Styx|Recover|p2a: Styx\n|-heal|p2a: Styx|100\/100\n|\n|upkeep\n|turn|14\n|\n|t:|1701124080\n|move|p1a: Cacahuate|Earthquake|p2a: Styx\n|-supereffective|p2a: Styx\n|-damage|p2a: Styx|22\/100\n|move|p2a: Styx|Haze|p2a: Styx\n|-clearallboost\n|\n|-heal|p2a: Styx|28\/100|[from] item: Leftovers\n|upkeep\n|turn|15\n|\n|t:|1701124098\n|switch|p1a: Babotas|Greninja, M|100\/100\n|move|p2a: Styx|Recover|p2a: Styx\n|-heal|p2a: Styx|78\/100\n|\n|-heal|p2a: Styx|85\/100|[from] item: Leftovers\n|upkeep\n|turn|16\n|\n|t:|1701124109\n|switch|p1a: Cacahuate|Dragonite, M|96\/100\n|switch|p2a: Aqua|Alomomola, F|100\/100\n|\n|upkeep\n|turn|17\n|\n|t:|1701124115\n|move|p1a: Cacahuate|Dragon Dance|p1a: Cacahuate\n|-boost|p1a: Cacahuate|atk|1\n|-boost|p1a: Cacahuate|spe|1\n|move|p2a: Aqua|Scald|p1a: Cacahuate\n|-resisted|p1a: Cacahuate\n|-damage|p1a: Cacahuate|89\/100\n|-status|p1a: Cacahuate|brn\n|\n|-damage|p1a: Cacahuate|83\/100 brn|[from] brn\n|upkeep\n|turn|18\n|\n|t:|1701124129\n|move|p1a: Cacahuate|Dragon Dance|p1a: Cacahuate\n|-boost|p1a: Cacahuate|atk|1\n|-boost|p1a: Cacahuate|spe|1\n|move|p2a: Aqua|Flip Turn|p1a: Cacahuate\n|-resisted|p1a: Cacahuate\n|-damage|p1a: Cacahuate|73\/100 brn\n|\n|t:|1701124136\n|switch|p2a: RAHH|Landorus-Therian, M|100\/100|[from] Flip Turn\n|-ability|p2a: RAHH|Intimidate|boost\n|-unboost|p1a: Cacahuate|atk|1\n|\n|-damage|p1a: Cacahuate|67\/100 brn|[from] brn\n|upkeep\n|turn|19\n|\n|t:|1701124152\n|move|p1a: Cacahuate|Extreme Speed|p2a: RAHH\n|-crit|p2a: RAHH\n|-damage|p2a: RAHH|60\/100\n|-damage|p1a: Cacahuate|51\/100 brn|[from] item: Rocky Helmet|[of] p2a: RAHH\n|move|p2a: RAHH|Stone Edge|p1a: Cacahuate\n|-supereffective|p1a: Cacahuate\n|-damage|p1a: Cacahuate|0 fnt\n|faint|p1a: Cacahuate\n|\n|upkeep\n|\n|t:|1701124158\n|switch|p1a: Babotas|Greninja, M|100\/100\n|turn|20\n|\n|t:|1701124175\n|switch|p2a: Styx|Toxapex, M|100\/100\n|move|p1a: Babotas|Ice Beam|p2a: Styx\n|-start|p1a: Babotas|typechange|Ice|[from] ability: Protean\n|-resisted|p2a: Styx\n|-damage|p2a: Styx|85\/100\n|-status|p2a: Styx|frz\n|\n|-heal|p2a: Styx|91\/100 frz|[from] item: Leftovers\n|upkeep\n|turn|21\n|\n|t:|1701124185\n|switch|p1a: Prueba nomas|Landorus-Therian, M|100\/100\n|-ability|p1a: Prueba nomas|Intimidate|boost\n|-unboost|p2a: Styx|atk|1\n|cant|p2a: Styx|frz\n|\n|-heal|p2a: Styx|97\/100 frz|[from] item: Leftovers\n|upkeep\n|turn|22\n|\n|t:|1701124191\n|cant|p2a: Styx|frz\n|move|p1a: Prueba nomas|Earthquake|p2a: Styx\n|-supereffective|p2a: Styx\n|-damage|p2a: Styx|32\/100 frz\n|\n|-heal|p2a: Styx|38\/100 frz|[from] item: Leftovers\n|upkeep\n|turn|23\n|\n|t:|1701124199\n|cant|p2a: Styx|frz\n|move|p1a: Prueba nomas|Earthquake|p2a: Styx\n|-supereffective|p2a: Styx\n|-damage|p2a: Styx|0 fnt\n|faint|p2a: Styx\n|\n|upkeep\n|\n|t:|1701124218\n|switch|p2a: Aqua|Alomomola, F|100\/100\n|turn|24\n|\n|t:|1701124227\n|move|p1a: Prueba nomas|Stealth Rock|p2a: Aqua\n|-sidestart|p2: Lamenting_Orpheus|move: Stealth Rock\n|move|p2a: Aqua|Flip Turn|p1a: Prueba nomas\n|-supereffective|p1a: Prueba nomas\n|-damage|p1a: Prueba nomas|60\/100\n|-damage|p2a: Aqua|84\/100|[from] item: Rocky Helmet|[of] p1a: Prueba nomas\n|\n|t:|1701124244\n|switch|p2a: RAHH|Landorus-Therian, M|60\/100|[from] Flip Turn\n|-damage|p2a: RAHH|48\/100|[from] Stealth Rock\n|-ability|p2a: RAHH|Intimidate|boost\n|-unboost|p1a: Prueba nomas|atk|1\n|\n|upkeep\n|turn|25\n|\n|t:|1701124264\n|move|p1a: Prueba nomas|Stone Edge|p2a: RAHH\n|-damage|p2a: RAHH|16\/100\n|move|p2a: RAHH|Grass Knot|p1a: Prueba nomas\n|-damage|p1a: Prueba nomas|37\/100\n|-damage|p2a: RAHH|0 fnt|[from] item: Rocky Helmet|[of] p1a: Prueba nomas\n|faint|p2a: RAHH\n|\n|upkeep\n|\n|t:|1701124272\n|switch|p2a: Aqua|Alomomola, F|100\/100\n|turn|26\n|\n|t:|1701124281\n|move|p1a: Prueba nomas|Earthquake|p2a: Aqua\n|-damage|p2a: Aqua|80\/100\n|move|p2a: Aqua|Scald|p1a: Prueba nomas\n|-supereffective|p1a: Prueba nomas\n|-damage|p1a: Prueba nomas|3\/100\n|\n|upkeep\n|turn|27\n|\n|t:|1701124294\n|move|p1a: Prueba nomas|Earthquake|p2a: Aqua\n|-damage|p2a: Aqua|60\/100\n|move|p2a: Aqua|Scald|p1a: Prueba nomas\n|-supereffective|p1a: Prueba nomas\n|-damage|p1a: Prueba nomas|0 fnt\n|faint|p1a: Prueba nomas\n|\n|upkeep\n|\n|t:|1701124314\n|switch|p1a: Jarcres|Jolteon, M|100\/100\n|turn|28\n|\n|t:|1701124324\n|move|p2a: Aqua|Protect|p2a: Aqua\n|-singleturn|p2a: Aqua|Protect\n|move|p1a: Jarcres|Volt Switch|p2a: Aqua\n|-activate|p2a: Aqua|move: Protect\n|\n|upkeep\n|turn|29\n|\n|t:|1701124339\n|switch|p2a: Amaterasu|Ceruledge, F|100\/100\n|-damage|p2a: Amaterasu|76\/100|[from] Stealth Rock\n|move|p1a: Jarcres|Volt Switch|p2a: Amaterasu\n|-damage|p2a: Amaterasu|19\/100\n|\n|t:|1701124342\n|switch|p1a: Fuego en la pista|Cinderace, M|100\/100|[from] Volt Switch\n|\n|upkeep\n|turn|30\n|\n|t:|1701124354\n|move|p1a: Fuego en la pista|Sucker Punch|p2a: Amaterasu\n|-start|p1a: Fuego en la pista|typechange|Dark|[from] ability: Libero\n|-supereffective|p2a: Amaterasu\n|-damage|p2a: Amaterasu|0 fnt\n|faint|p2a: Amaterasu\n|\n|upkeep\n|\n|t:|1701124363\n|switch|p2a: Aqua|Alomomola, F|94\/100\n|turn|31\n|\n|t:|1701124368\n|move|p1a: Fuego en la pista|U-turn|p2a: Aqua\n|-damage|p2a: Aqua|81\/100\n|\n|t:|1701124371\n|switch|p1a: Babotas|Greninja, M|100\/100|[from] U-turn\n|move|p2a: Aqua|Flip Turn|p1a: Babotas\n|-resisted|p1a: Babotas\n|-damage|p1a: Babotas|86\/100\n|\n|t:|1701124381\n|switch|p2a: Aigis|Iron Valiant|100\/100|[from] Flip Turn\n|-damage|p2a: Aigis|94\/100|[from] Stealth Rock\n|-enditem|p2a: Aigis|Booster Energy\n|-activate|p2a: Aigis|ability: Quark Drive|[fromitem]\n|-start|p2a: Aigis|quarkdrivespe\n|\n|upkeep\n|turn|32\n|\n|t:|1701124394\n|move|p1a: Babotas|Hydro Pump|p2a: Aigis\n|-start|p1a: Babotas|typechange|Water|[from] ability: Protean\n|-damage|p2a: Aigis|0 fnt\n|faint|p2a: Aigis\n|-end|p2a: Aigis|Quark Drive|[silent]\n|\n|upkeep\n|\n|t:|1701124407\n|switch|p2a: Midas|Gholdengo|100\/100\n|-damage|p2a: Midas|94\/100|[from] Stealth Rock\n|turn|33\n|\n|t:|1701124421\n|-terastallize|p2a: Midas|Fighting\n|move|p1a: Babotas|Hydro Pump|p2a: Midas\n|-damage|p2a: Midas|40\/100\n|move|p2a: Midas|Shadow Ball|p1a: Babotas\n|-damage|p1a: Babotas|17\/100\n|\n|upkeep\n|turn|34\n|\n|t:|1701124429\n|move|p1a: Babotas|Hydro Pump|p2a: Midas\n|-damage|p2a: Midas|0 fnt\n|faint|p2a: Midas\n|\n|upkeep\n|\n|t:|1701124433\n|switch|p2a: Aqua|Alomomola, F|100\/100\n|turn|35\n|c|\u2606Lamenting_Orpheus|gg\n|\n|t:|1701124440\n|move|p1a: Babotas|Hydro Pump|p2a: Aqua\n|-resisted|p2a: Aqua\n|-damage|p2a: Aqua|71\/100\n|move|p2a: Aqua|Scald|p1a: Babotas\n|-resisted|p1a: Babotas\n|-damage|p1a: Babotas|6\/100\n|-status|p1a: Babotas|brn\n|\n|-damage|p1a: Babotas|0 fnt|[from] brn\n|faint|p1a: Babotas\n|upkeep\n|c|\u2606AkiDes|gg\n|\n|t:|1701124443\n|switch|p1a: Jarcres|Jolteon, M|100\/100\n|turn|36\n|\n|t:|1701124453\n|move|p1a: Jarcres|Thunderbolt|p2a: Aqua\n|-supereffective|p2a: Aqua\n|-damage|p2a: Aqua|0 fnt\n|faint|p2a: Aqua\n|\n|win|AkiDes\n|raw|AkiDes's rating: 1153 &rarr; <strong>1180<\/strong><br \/>(+27 for winning)\n|raw|Lamenting_Orpheus's rating: 1177 &rarr; <strong>1150<\/strong><br \/>(-27 for losing)\n","uploadtime":1701124459,"views":3,"p1id":"akides","p2id":"lamentingorpheus","formatid":"gen9ou","rating":1150,"private":0,"password":""}