{"id":"gen9ou-1990145695","p1":"vex is a qt","p2":"PeterGriffinOnline","format":"[Gen 9] OU","log":"|j|\u2606vex is a qt\n|j|\u2606PeterGriffinOnline\n|t:|1699929537\n|gametype|singles\n|player|p1|vex is a qt|n|1059\n|player|p2|PeterGriffinOnline|boarder|1142\n|teamsize|p1|6\n|teamsize|p2|6\n|gen|9\n|tier|[Gen 9] OU\n|rated|\n|rule|Sleep Clause Mod: Limit one foe put to sleep\n|rule|Species Clause: Limit one of each Pok\u00e9mon\n|rule|OHKO Clause: OHKO moves are banned\n|rule|Evasion Items Clause: Evasion items are banned\n|rule|Evasion Moves Clause: Evasion moves are banned\n|rule|Endless Battle Clause: Forcing endless battles is banned\n|rule|HP Percentage Mod: HP is shown in percentages\n|clearpoke\n|poke|p1|Dragapult, M|\n|poke|p1|Corviknight, M|\n|poke|p1|Cinderace, F|\n|poke|p1|Landorus-Therian, M|\n|poke|p1|Ogerpon-Wellspring, F|\n|poke|p1|Glimmora, M|\n|poke|p2|Ribombee, F|\n|poke|p2|Dragapult, M|\n|poke|p2|Gholdengo|\n|poke|p2|Cinderace, F|\n|poke|p2|Pelipper, M|\n|poke|p2|Garchomp, M|\n|teampreview\n|\n|t:|1699929544\n|start\n|switch|p1a: Landorus|Landorus-Therian, M|100\/100\n|switch|p2a: Ribombee|Ribombee, F|100\/100\n|-ability|p1a: Landorus|Intimidate|boost\n|-unboost|p2a: Ribombee|atk|1\n|turn|1\n|\n|t:|1699929549\n|move|p1a: Landorus|U-turn|p2a: Ribombee\n|-resisted|p2a: Ribombee\n|-damage|p2a: Ribombee|73\/100\n|\n|t:|1699929551\n|switch|p1a: Corviknight|Corviknight, M|100\/100|[from] U-turn\n|move|p2a: Ribombee|Stun Spore|p1a: Corviknight\n|-status|p1a: Corviknight|par\n|\n|upkeep\n|turn|2\n|\n|t:|1699929559\n|switch|p2a: Gholdengo|Gholdengo|100\/100\n|-item|p2a: Gholdengo|Air Balloon\n|move|p1a: Corviknight|Iron Head|p2a: Gholdengo\n|-resisted|p2a: Gholdengo\n|-damage|p2a: Gholdengo|92\/100\n|-enditem|p2a: Gholdengo|Air Balloon\n|\n|upkeep\n|turn|3\n|\n|t:|1699929567\n|switch|p2a: Cinderace|Cinderace, F|100\/100\n|switch|p1a: Cinderace|Cinderace, F|100\/100\n|\n|upkeep\n|turn|4\n|\n|t:|1699929574\n|switch|p1a: Landorus|Landorus-Therian, M|100\/100\n|-ability|p1a: Landorus|Intimidate|boost\n|-unboost|p2a: Cinderace|atk|1\n|move|p2a: Cinderace|Pyro Ball|p1a: Landorus\n|-damage|p1a: Landorus|66\/100\n|-status|p1a: Landorus|brn\n|\n|-damage|p1a: Landorus|60\/100 brn|[from] brn\n|upkeep\n|turn|5\n|\n|t:|1699929586\n|switch|p2a: Pelipper|Pelipper, M, shiny|100\/100\n|-weather|RainDance|[from] ability: Drizzle|[of] p2a: Pelipper\n|move|p1a: Landorus|Earthquake|p2a: Pelipper\n|-immune|p2a: Pelipper\n|\n|-weather|RainDance|[upkeep]\n|-damage|p1a: Landorus|53\/100 brn|[from] brn\n|upkeep\n|turn|6\n|\n|t:|1699929591\n|switch|p1a: Dragapult|Dragapult, M|100\/100\n|move|p2a: Pelipper|U-turn|p1a: Dragapult\n|-resisted|p1a: Dragapult\n|-damage|p1a: Dragapult|95\/100\n|\n|t:|1699929599\n|switch|p2a: Dragapult|Dragapult, M|100\/100|[from] U-turn\n|\n|-weather|RainDance|[upkeep]\n|upkeep\n|turn|7\n|\n|t:|1699929604\n|-terastallize|p1a: Dragapult|Steel\n|move|p1a: Dragapult|Shadow Ball|p2a: Dragapult\n|-supereffective|p2a: Dragapult\n|-damage|p2a: Dragapult|0 fnt\n|faint|p2a: Dragapult\n|\n|-weather|RainDance|[upkeep]\n|upkeep\n|\n|t:|1699929614\n|switch|p2a: Cinderace|Cinderace, F|100\/100\n|turn|8\n|\n|t:|1699929621\n|switch|p1a: Landorus|Landorus-Therian, M|53\/100 brn\n|-ability|p1a: Landorus|Intimidate|boost\n|-unboost|p2a: Cinderace|atk|1\n|move|p2a: Cinderace|Pyro Ball|p1a: Landorus\n|-damage|p1a: Landorus|36\/100 brn\n|\n|-weather|RainDance|[upkeep]\n|-damage|p1a: Landorus|30\/100 brn|[from] brn\n|upkeep\n|turn|9\n|\n|t:|1699929631\n|switch|p2a: Garchomp|Garchomp, M|100\/100\n|move|p1a: Landorus|Rock Slide|p2a: Garchomp\n|-resisted|p2a: Garchomp\n|-damage|p2a: Garchomp|94\/100\n|\n|-weather|RainDance|[upkeep]\n|-damage|p1a: Landorus|24\/100 brn|[from] brn\n|upkeep\n|turn|10\n|inactive|Battle timer is ON: inactive players will automatically lose when time's up. (requested by vex is a qt)\n|\n|t:|1699929639\n|-terastallize|p2a: Garchomp|Water\n|move|p1a: Landorus|Rock Slide|p2a: Garchomp\n|-damage|p2a: Garchomp|79\/100\n|move|p2a: Garchomp|Swords Dance|p2a: Garchomp\n|-boost|p2a: Garchomp|atk|2\n|\n|-weather|RainDance|[upkeep]\n|-damage|p1a: Landorus|17\/100 brn|[from] brn\n|upkeep\n|turn|11\n|\n|t:|1699929644\n|switch|p1a: Dragapult|Dragapult, M, tera:Steel|95\/100\n|move|p2a: Garchomp|Scale Shot|p1a: Dragapult\n|-resisted|p1a: Dragapult\n|-damage|p1a: Dragapult|76\/100\n|-resisted|p1a: Dragapult\n|-damage|p1a: Dragapult|58\/100\n|-resisted|p1a: Dragapult\n|-damage|p1a: Dragapult|40\/100\n|-resisted|p1a: Dragapult\n|-damage|p1a: Dragapult|24\/100\n|-hitcount|p1a: Dragapult|4\n|-unboost|p2a: Garchomp|def|1\n|-boost|p2a: Garchomp|spe|1\n|\n|-weather|RainDance|[upkeep]\n|upkeep\n|turn|12\n|\n|t:|1699929655\n|move|p2a: Garchomp|Earthquake|p1a: Dragapult\n|-supereffective|p1a: Dragapult\n|-damage|p1a: Dragapult|0 fnt\n|faint|p1a: Dragapult\n|\n|-weather|none\n|upkeep\n|\n|t:|1699929662\n|switch|p1a: Ogerpon|Ogerpon-Wellspring, F|100\/100\n|turn|13\n|\n|t:|1699929670\n|switch|p1a: Landorus|Landorus-Therian, M|17\/100 brn\n|-ability|p1a: Landorus|Intimidate|boost\n|-unboost|p2a: Garchomp|atk|1\n|move|p2a: Garchomp|Scale Shot|p1a: Landorus\n|-damage|p1a: Landorus|0 fnt\n|faint|p1a: Landorus\n|-hitcount|p1: Landorus|1\n|-unboost|p2a: Garchomp|def|1\n|-boost|p2a: Garchomp|spe|1\n|\n|upkeep\n|\n|t:|1699929672\n|switch|p1a: Glimmora|Glimmora, M|100\/100\n|turn|14\n|\n|t:|1699929677\n|move|p2a: Garchomp|Scale Shot|p1a: Glimmora\n|-damage|p1a: Glimmora|83\/100\n|-activate|p1a: Glimmora|ability: Toxic Debris\n|-sidestart|p2: PeterGriffinOnline|move: Toxic Spikes\n|-damage|p1a: Glimmora|67\/100\n|-activate|p1a: Glimmora|ability: Toxic Debris\n|-sidestart|p2: PeterGriffinOnline|move: Toxic Spikes\n|-crit|p1a: Glimmora\n|-damage|p1a: Glimmora|41\/100\n|-damage|p1a: Glimmora|22\/100\n|-damage|p1a: Glimmora|5\/100\n|-hitcount|p1a: Glimmora|5\n|-unboost|p2a: Garchomp|def|1\n|-boost|p2a: Garchomp|spe|1\n|move|p1a: Glimmora|Toxic|p2a: Garchomp\n|-status|p2a: Garchomp|tox\n|\n|-damage|p2a: Garchomp|73\/100 tox|[from] psn\n|upkeep\n|turn|15\n|\n|t:|1699929689\n|move|p2a: Garchomp|Scale Shot|p1a: Glimmora\n|-damage|p1a: Glimmora|0 fnt\n|faint|p1a: Glimmora\n|-hitcount|p1: Glimmora|1\n|-unboost|p2a: Garchomp|def|1\n|-boost|p2a: Garchomp|spe|1\n|\n|-damage|p2a: Garchomp|60\/100 tox|[from] psn\n|upkeep\n|\n|t:|1699929696\n|switch|p1a: Corviknight|Corviknight, M|100\/100 par\n|turn|16\n|\n|t:|1699929700\n|move|p2a: Garchomp|Liquidation|p1a: Corviknight\n|-damage|p1a: Corviknight|59\/100 par\n|move|p1a: Corviknight|Body Press|p2a: Garchomp\n|-damage|p2a: Garchomp|0 fnt\n|-damage|p1a: Corviknight|47\/100 par|[from] ability: Rough Skin|[of] p2a: Garchomp\n|faint|p2a: Garchomp\n|\n|-heal|p1a: Corviknight|53\/100 par|[from] item: Leftovers\n|upkeep\n|\n|t:|1699929705\n|switch|p2a: Cinderace|Cinderace, F|100\/100\n|turn|17\n|\n|t:|1699929709\n|move|p2a: Cinderace|Court Change|p2a: Cinderace\n|-swapsideconditions\n|-activate|p2a: Cinderace|move: Court Change\n|cant|p1a: Corviknight|par\n|\n|-heal|p1a: Corviknight|59\/100 par|[from] item: Leftovers\n|upkeep\n|turn|18\n|\n|t:|1699929714\n|move|p2a: Cinderace|Pyro Ball|p1a: Corviknight\n|-supereffective|p1a: Corviknight\n|-damage|p1a: Corviknight|0 fnt\n|faint|p1a: Corviknight\n|\n|upkeep\n|\n|t:|1699929717\n|switch|p1a: Ogerpon|Ogerpon-Wellspring, F|100\/100\n|-status|p1a: Ogerpon|tox\n|turn|19\n|\n|t:|1699929721\n|move|p2a: Cinderace|U-turn|p1a: Ogerpon\n|-supereffective|p1a: Ogerpon\n|-damage|p1a: Ogerpon|59\/100 tox\n|\n|t:|1699929727\n|switch|p2a: Ribombee|Ribombee, F|73\/100|[from] U-turn\n|move|p1a: Ogerpon|Ivy Cudgel|p2a: Ribombee\n|-damage|p2a: Ribombee|0 fnt\n|faint|p2a: Ribombee\n|\n|-damage|p1a: Ogerpon|53\/100 tox|[from] psn\n|upkeep\n|\n|t:|1699929733\n|switch|p2a: Pelipper|Pelipper, M, shiny|100\/100\n|-weather|RainDance|[from] ability: Drizzle|[of] p2a: Pelipper\n|turn|20\n|\n|t:|1699929736\n|move|p1a: Ogerpon|Knock Off|p2a: Pelipper\n|-damage|p2a: Pelipper|67\/100\n|-enditem|p2a: Pelipper|Damp Rock|[from] move: Knock Off|[of] p1a: Ogerpon\n|move|p2a: Pelipper|Hurricane|p1a: Ogerpon\n|-supereffective|p1a: Ogerpon\n|-damage|p1a: Ogerpon|0 fnt\n|faint|p1a: Ogerpon\n|\n|-weather|RainDance|[upkeep]\n|upkeep\n|\n|t:|1699929740\n|switch|p1a: Cinderace|Cinderace, F|100\/100\n|-status|p1a: Cinderace|tox\n|turn|21\n|c|\u2606PeterGriffinOnline|gg\n|\n|t:|1699929747\n|move|p1a: Cinderace|Zen Headbutt|p2a: Pelipper\n|-start|p1a: Cinderace|typechange|Psychic|[from] ability: Libero\n|-damage|p2a: Pelipper|25\/100\n|-damage|p1a: Cinderace|91\/100 tox|[from] item: Life Orb\n|move|p2a: Pelipper|Surf|p1a: Cinderace\n|-damage|p1a: Cinderace|29\/100 tox\n|\n|-weather|RainDance|[upkeep]\n|-damage|p1a: Cinderace|23\/100 tox|[from] psn\n|upkeep\n|turn|22\n|\n|t:|1699929756\n|move|p1a: Cinderace|Zen Headbutt|p2a: Pelipper\n|-damage|p2a: Pelipper|0 fnt\n|faint|p2a: Pelipper\n|-damage|p1a: Cinderace|13\/100 tox|[from] item: Life Orb\n|\n|-weather|RainDance|[upkeep]\n|-damage|p1a: Cinderace|1\/100 tox|[from] psn\n|upkeep\n|\n|t:|1699929759\n|switch|p2a: Cinderace|Cinderace, F|100\/100\n|turn|23\n|c|\u2606vex is a qt|gg\n|\n|t:|1699929764\n|move|p2a: Cinderace|Will-O-Wisp||[still]\n|-fail|p2a: Cinderace\n|move|p1a: Cinderace|High Jump Kick|p2a: Cinderace\n|-damage|p2a: Cinderace|29\/100\n|-damage|p1a: Cinderace|0 fnt|[from] item: Life Orb\n|faint|p1a: Cinderace\n|\n|win|PeterGriffinOnline\n|raw|vex is a qt's rating: 1059 &rarr; <strong>1045<\/strong><br \/>(-14 for losing)\n|raw|PeterGriffinOnline's rating: 1142 &rarr; <strong>1161<\/strong><br \/>(+19 for winning)\n","uploadtime":1699929772,"views":16,"p1id":"vexisaqt","p2id":"petergriffinonline","formatid":"gen9ou","rating":1045,"private":0,"password":""}