{"id":"gen9ou-1993576061","p1":"BPLD","p2":"Mr. Cip","format":"[Gen 9] OU","log":"|j|\u2606BPLD\n|j|\u2606Mr. Cip\n|t:|1700333522\n|gametype|singles\n|player|p1|BPLD|266|\n|player|p2|Mr. Cip|roxie|\n|teamsize|p1|6\n|teamsize|p2|6\n|gen|9\n|tier|[Gen 9] OU\n|rule|Sleep Clause Mod: Limit one foe put to sleep\n|rule|Species Clause: Limit one of each Pok\u00e9mon\n|rule|OHKO Clause: OHKO moves are banned\n|rule|Evasion Items Clause: Evasion items are banned\n|rule|Evasion Moves Clause: Evasion moves are banned\n|rule|Endless Battle Clause: Forcing endless battles is banned\n|rule|HP Percentage Mod: HP is shown in percentages\n|clearpoke\n|poke|p1|Lycanroc, M|\n|poke|p1|Zapdos|\n|poke|p1|Great Tusk|\n|poke|p1|Dusclops, F|\n|poke|p1|Ogerpon-Wellspring, F|\n|poke|p1|Articuno-Galar|\n|poke|p2|Garchomp, F|\n|poke|p2|Scizor, F|\n|poke|p2|Samurott-Hisui, F|\n|poke|p2|Brambleghast, M|\n|poke|p2|Oricorio, M|\n|poke|p2|Grimmsnarl, M|\n|teampreview\n|c|\u2606Mr. Cip|glhf!\n|\n|t:|1700333555\n|start\n|switch|p1a: Lycanroc|Lycanroc, M|100\/100\n|switch|p2a: Samurott|Samurott-Hisui, F, shiny|100\/100\n|turn|1\n|\n|t:|1700333565\n|move|p1a: Lycanroc|Close Combat|p2a: Samurott\n|-supereffective|p2a: Samurott\n|-enditem|p2a: Samurott|Focus Sash\n|-damage|p2a: Samurott|1\/100\n|-unboost|p1a: Lycanroc|def|1\n|-unboost|p1a: Lycanroc|spd|1\n|-damage|p1a: Lycanroc|91\/100|[from] item: Life Orb\n|move|p2a: Samurott|Aqua Cutter|p1a: Lycanroc\n|-supereffective|p1a: Lycanroc\n|-damage|p1a: Lycanroc|0 fnt\n|faint|p1a: Lycanroc\n|\n|upkeep\n|\n|t:|1700333588\n|switch|p1a: Ogerpon|Ogerpon-Wellspring, F|100\/100\n|turn|2\n|j| NEdgyman\n|j| Swagadile\n|\n|t:|1700333600\n|move|p1a: Ogerpon|Ivy Cudgel|p2a: Samurott|[anim] Ivy Cudgel Water\n|-resisted|p2a: Samurott\n|-damage|p2a: Samurott|0 fnt\n|faint|p2a: Samurott\n|\n|upkeep\n|\n|t:|1700333609\n|switch|p2a: Grimmsnarl|Grimmsnarl, M|100\/100\n|turn|3\n|\n|t:|1700333622\n|move|p2a: Grimmsnarl|Taunt|p1a: Ogerpon\n|-start|p1a: Ogerpon|move: Taunt\n|cant|p1a: Ogerpon|move: Taunt|Swords Dance\n|\n|upkeep\n|turn|4\n|\n|t:|1700333628\n|move|p2a: Grimmsnarl|Reflect|p2a: Grimmsnarl\n|-sidestart|p2: Mr. Cip|Reflect\n|move|p1a: Ogerpon|Ivy Cudgel|p2a: Grimmsnarl|[anim] Ivy Cudgel Water\n|-damage|p2a: Grimmsnarl|67\/100\n|\n|upkeep\n|turn|5\n|\n|t:|1700333633\n|switch|p2a: Scizor|Scizor, F|100\/100\n|move|p1a: Ogerpon|Ivy Cudgel|p2a: Scizor|[anim] Ivy Cudgel Water\n|-damage|p2a: Scizor|71\/100\n|\n|-end|p1a: Ogerpon|move: Taunt\n|upkeep\n|turn|6\n|j| MonkeyManStan\n|c| MonkeyManStan|YEAHHHH GO RESE GO!\n|\n|t:|1700333650\n|switch|p1a: Zapdos|Zapdos|100\/100\n|move|p2a: Scizor|Swords Dance|p2a: Scizor\n|-boost|p2a: Scizor|atk|2\n|\n|upkeep\n|turn|7\n|c|\u2606BPLD|alr\n|\n|t:|1700333677\n|move|p2a: Scizor|Bullet Punch|p1a: Zapdos\n|-resisted|p1a: Zapdos\n|-damage|p1a: Zapdos|61\/100\n|-damage|p2a: Scizor|61\/100|[from] item: Life Orb\n|move|p1a: Zapdos|Heat Wave|p2a: Scizor\n|-supereffective|p2a: Scizor\n|-damage|p2a: Scizor|0 fnt\n|faint|p2a: Scizor\n|\n|upkeep\n|l| MonkeyManStan\n|\n|t:|1700333696\n|switch|p2a: Garchomp|Garchomp, F|100\/100\n|turn|8\n|\n|t:|1700333717\n|switch|p1a: Dusclops|Dusclops, F|100\/100\n|-item|p2a: Garchomp|Rocky Helmet|[from] ability: Frisk|[of] p1a: Dusclops|[identify]\n|move|p2a: Garchomp|Stealth Rock|p1a: Dusclops\n|-sidestart|p1: BPLD|move: Stealth Rock\n|\n|upkeep\n|turn|9\n|c| Swagadile|Man zapdos is like the best scizor counter ever\n|c| NEdgyman|it always has been\n|\n|t:|1700333752\n|switch|p2a: Oricorio|Oricorio, M, shiny|100\/100\n|move|p1a: Dusclops|Will-O-Wisp|p2a: Oricorio\n|-immune|p2a: Oricorio\n|\n|upkeep\n|turn|10\n|\n|t:|1700333761\n|move|p2a: Oricorio|Quiver Dance|p2a: Oricorio\n|-boost|p2a: Oricorio|spa|1\n|-boost|p2a: Oricorio|spd|1\n|-boost|p2a: Oricorio|spe|1\n|move|p1a: Dusclops|Night Shade|p2a: Oricorio\n|-damage|p2a: Oricorio|72\/100\n|\n|upkeep\n|turn|11\n|\n|t:|1700333767\n|move|p2a: Oricorio|Quiver Dance|p2a: Oricorio\n|-boost|p2a: Oricorio|spa|1\n|-boost|p2a: Oricorio|spd|1\n|-boost|p2a: Oricorio|spe|1\n|move|p1a: Dusclops|Haze|p1a: Dusclops\n|-clearallboost\n|\n|-sideend|p2: Mr. Cip|Reflect\n|upkeep\n|turn|12\n|\n|t:|1700333784\n|move|p2a: Oricorio|Revelation Dance|p1a: Dusclops\n|-crit|p1a: Dusclops\n|-damage|p1a: Dusclops|78\/100\n|move|p1a: Dusclops|Night Shade|p2a: Oricorio\n|-damage|p2a: Oricorio|44\/100\n|\n|upkeep\n|turn|13\n|\n|t:|1700333801\n|move|p2a: Oricorio|Roost|p2a: Oricorio\n|-heal|p2a: Oricorio|94\/100\n|-singleturn|p2a: Oricorio|move: Roost\n|move|p1a: Dusclops|Night Shade|p2a: Oricorio\n|-damage|p2a: Oricorio|66\/100\n|\n|upkeep\n|turn|14\n|\n|t:|1700333812\n|switch|p2a: Brambleghast|Brambleghast, M|100\/100\n|move|p1a: Dusclops|Night Shade|p2a: Brambleghast\n|-damage|p2a: Brambleghast|61\/100\n|\n|-heal|p2a: Brambleghast|67\/100|[from] item: Leftovers\n|upkeep\n|turn|15\n|\n|t:|1700333823\n|move|p2a: Brambleghast|Poltergeist|p1a: Dusclops\n|-activate|p1a: Dusclops|move: Poltergeist|Eviolite\n|-supereffective|p1a: Dusclops\n|-damage|p1a: Dusclops|14\/100\n|move|p1a: Dusclops|Will-O-Wisp|p2a: Brambleghast\n|-status|p2a: Brambleghast|brn\n|\n|-heal|p2a: Brambleghast|73\/100 brn|[from] item: Leftovers\n|-damage|p2a: Brambleghast|67\/100 brn|[from] brn\n|upkeep\n|turn|16\n|l| Swagadile\n|\n|t:|1700333845\n|move|p2a: Brambleghast|Poltergeist|p1a: Dusclops\n|-activate|p1a: Dusclops|move: Poltergeist|Eviolite\n|-supereffective|p1a: Dusclops\n|-damage|p1a: Dusclops|0 fnt\n|faint|p1a: Dusclops\n|\n|-heal|p2a: Brambleghast|73\/100 brn|[from] item: Leftovers\n|-damage|p2a: Brambleghast|67\/100 brn|[from] brn\n|upkeep\n|\n|t:|1700333853\n|switch|p1a: Ogerpon|Ogerpon-Wellspring, F|100\/100\n|-damage|p1a: Ogerpon|88\/100|[from] Stealth Rock\n|turn|17\n|j| TheJuicyJake\n|\n|t:|1700333888\n|move|p1a: Ogerpon|Swords Dance|p1a: Ogerpon\n|-boost|p1a: Ogerpon|atk|2\n|move|p2a: Brambleghast|Power Whip|p1a: Ogerpon\n|-crit|p1a: Ogerpon\n|-damage|p1a: Ogerpon|36\/100\n|\n|-heal|p2a: Brambleghast|73\/100 brn|[from] item: Leftovers\n|-damage|p2a: Brambleghast|67\/100 brn|[from] brn\n|upkeep\n|turn|18\n|j| MonkeyManStan\n|\n|t:|1700333900\n|move|p1a: Ogerpon|Ivy Cudgel|p2a: Brambleghast|[anim] Ivy Cudgel Water\n|-resisted|p2a: Brambleghast\n|-damage|p2a: Brambleghast|0 fnt\n|faint|p2a: Brambleghast\n|\n|upkeep\n|l| MonkeyManStan\n|\n|t:|1700333918\n|switch|p2a: Oricorio|Oricorio, M, shiny|66\/100\n|turn|19\n|\n|t:|1700333923\n|move|p1a: Ogerpon|Ivy Cudgel|p2a: Oricorio|[anim] Ivy Cudgel Water\n|-supereffective|p2a: Oricorio\n|-damage|p2a: Oricorio|0 fnt\n|faint|p2a: Oricorio\n|\n|upkeep\n|c|\u2606Mr. Cip|ok how does that move work?\n|c|\u2606BPLD|changes type depinding on form\n|c|\u2606Mr. Cip|okok\n|c|\u2606BPLD|so its water\n|c|\u2606Mr. Cip|ive played with this goblin so little\n|\n|t:|1700333974\n|switch|p2a: Grimmsnarl|Grimmsnarl, M|67\/100\n|turn|20\n|\n|t:|1700333979\n|move|p2a: Grimmsnarl|Reflect|p2a: Grimmsnarl\n|-sidestart|p2: Mr. Cip|Reflect\n|move|p1a: Ogerpon|Horn Leech|p2a: Grimmsnarl\n|-damage|p2a: Grimmsnarl|9\/100\n|-heal|p1a: Ogerpon|72\/100|[from] drain|[of] p2a: Grimmsnarl\n|\n|upkeep\n|turn|21\n|\n|t:|1700333996\n|move|p1a: Ogerpon|Horn Leech|p2a: Grimmsnarl\n|-damage|p2a: Grimmsnarl|0 fnt\n|-heal|p1a: Ogerpon|77\/100|[from] drain|[of] p2a: Grimmsnarl\n|faint|p2a: Grimmsnarl\n|\n|upkeep\n|\n|t:|1700334002\n|switch|p2a: Garchomp|Garchomp, F|100\/100\n|turn|22\n|\n|t:|1700334007\n|move|p1a: Ogerpon|Horn Leech|p2a: Garchomp\n|-damage|p2a: Garchomp|69\/100\n|-heal|p1a: Ogerpon|98\/100|[from] drain|[of] p2a: Garchomp\n|-damage|p1a: Ogerpon|85\/100|[from] ability: Rough Skin|[of] p2a: Garchomp\n|-damage|p1a: Ogerpon|69\/100|[from] item: Rocky Helmet|[of] p2a: Garchomp\n|move|p2a: Garchomp|Iron Head|p1a: Ogerpon\n|-resisted|p1a: Ogerpon\n|-damage|p1a: Ogerpon|55\/100\n|\n|upkeep\n|turn|23\n|\n|t:|1700334017\n|move|p1a: Ogerpon|Ivy Cudgel|p2a: Garchomp|[anim] Ivy Cudgel Water\n|-damage|p2a: Garchomp|26\/100\n|move|p2a: Garchomp|Swords Dance|p2a: Garchomp\n|-boost|p2a: Garchomp|atk|2\n|\n|upkeep\n|turn|24\n|\n|t:|1700334022\n|move|p1a: Ogerpon|Ivy Cudgel|p2a: Garchomp|[anim] Ivy Cudgel Water\n|-crit|p2a: Garchomp\n|-damage|p2a: Garchomp|0 fnt\n|faint|p2a: Garchomp\n|\n|win|BPLD\n|l| TheJuicyJake\n|c|\u2606Mr. Cip|gg\n|c|\u2606BPLD|gg\n|l|\u2606Mr. Cip\n","uploadtime":1700334057,"views":38,"p1id":"bpld","p2id":"mrcip","formatid":"gen9ou","rating":0,"private":0,"password":""}