{"id":"gen9ou-1993241648","p1":"Katsu6624","p2":"66sc","format":"[Gen 9] OU","log":"|j|\u2606Katsu6624\n|j|\u260666sc\n|t:|1700282921\n|gametype|singles\n|player|p1|Katsu6624|cynthia-gen4|1108\n|player|p2|66sc|artist-gen4|1098\n|teamsize|p1|6\n|teamsize|p2|6\n|gen|9\n|tier|[Gen 9] OU\n|rated|\n|rule|Sleep Clause Mod: Limit one foe put to sleep\n|rule|Species Clause: Limit one of each Pok\u00e9mon\n|rule|OHKO Clause: OHKO moves are banned\n|rule|Evasion Items Clause: Evasion items are banned\n|rule|Evasion Moves Clause: Evasion moves are banned\n|rule|Endless Battle Clause: Forcing endless battles is banned\n|rule|HP Percentage Mod: HP is shown in percentages\n|clearpoke\n|poke|p1|Garchomp, M|\n|poke|p1|Spiritomb, M|\n|poke|p1|Milotic, F|\n|poke|p1|Braviary-Hisui, M|\n|poke|p1|Lucario, M|\n|poke|p1|Glaceon, F|\n|poke|p2|Garganacl, F|\n|poke|p2|Gholdengo|\n|poke|p2|Iron Valiant|\n|poke|p2|Dragonite, F|\n|poke|p2|Zapdos|\n|poke|p2|Great Tusk|\n|teampreview\n|inactive|Battle timer is ON: inactive players will automatically lose when time's up. (requested by Katsu6624)\n|inactive|66sc has 120 seconds left.\n|inactive|66sc has 90 seconds left.\n|\n|t:|1700282989\n|start\n|switch|p1a: Poubelle|Glaceon, F, shiny|100\/100\n|switch|p2a: Great Tusk|Great Tusk|100\/100\n|turn|1\n|\n|t:|1700283003\n|-end|p2a: Great Tusk|Protosynthesis|[silent]\n|switch|p2a: Garganacl|Garganacl, F|100\/100\n|switch|p1a: Bzuuougururu|Spiritomb, M, shiny|100\/100\n|-ability|p1a: Bzuuougururu|Pressure\n|\n|upkeep\n|turn|2\n|\n|t:|1700283016\n|move|p1a: Bzuuougururu|Will-O-Wisp|p2a: Garganacl\n|-immune|p2a: Garganacl|[from] ability: Purifying Salt\n|move|p2a: Garganacl|Curse|p2a: Garganacl\n|-unboost|p2a: Garganacl|spe|1\n|-boost|p2a: Garganacl|atk|1\n|-boost|p2a: Garganacl|def|1\n|\n|upkeep\n|turn|3\n|\n|t:|1700283036\n|move|p1a: Bzuuougururu|Foul Play|p2a: Garganacl\n|-damage|p2a: Garganacl|83\/100\n|move|p2a: Garganacl|Curse|p2a: Garganacl\n|-unboost|p2a: Garganacl|spe|1\n|-boost|p2a: Garganacl|atk|1\n|-boost|p2a: Garganacl|def|1\n|\n|-heal|p2a: Garganacl|89\/100|[from] item: Leftovers\n|upkeep\n|turn|4\n|\n|t:|1700283044\n|switch|p1a: Je stall|Milotic, F|100\/100\n|move|p2a: Garganacl|Curse|p2a: Garganacl\n|-unboost|p2a: Garganacl|spe|1\n|-boost|p2a: Garganacl|atk|1\n|-boost|p2a: Garganacl|def|1\n|\n|-heal|p2a: Garganacl|96\/100|[from] item: Leftovers\n|upkeep\n|turn|5\n|\n|t:|1700283062\n|move|p1a: Je stall|Haze|p1a: Je stall\n|-clearallboost\n|move|p2a: Garganacl|Salt Cure|p1a: Je stall\n|-damage|p1a: Je stall|86\/100\n|-start|p1a: Je stall|Salt Cure\n|\n|-heal|p2a: Garganacl|100\/100|[from] item: Leftovers\n|-damage|p1a: Je stall|61\/100|[from] Salt Cure\n|upkeep\n|turn|6\n|\n|t:|1700283071\n|switch|p1a: AGROU GROU|Lucario, M|100\/100\n|move|p2a: Garganacl|Recover||[still]\n|-fail|p2a: Garganacl|heal\n|\n|upkeep\n|turn|7\n|\n|t:|1700283080\n|move|p1a: AGROU GROU|High Jump Kick|p2a: Garganacl\n|-supereffective|p2a: Garganacl\n|-damage|p2a: Garganacl|10\/100\n|-damage|p1a: AGROU GROU|91\/100|[from] item: Life Orb\n|move|p2a: Garganacl|Earthquake|p1a: AGROU GROU\n|-supereffective|p1a: AGROU GROU\n|-damage|p1a: AGROU GROU|19\/100\n|\n|-heal|p2a: Garganacl|16\/100|[from] item: Leftovers\n|upkeep\n|turn|8\n|inactive|Katsu6624 has 120 seconds left.\n|\n|t:|1700283120\n|switch|p1a: ZEHAHAHAHAHAHA|Garchomp, M|100\/100\n|switch|p2a: Great Tusk|Great Tusk|100\/100\n|\n|upkeep\n|turn|9\n|inactive|Katsu6624 has 120 seconds left.\n|\n|t:|1700283130\n|-terastallize|p1a: ZEHAHAHAHAHAHA|Fire\n|move|p1a: ZEHAHAHAHAHAHA|Draco Meteor|p2a: Great Tusk\n|-damage|p2a: Great Tusk|0 fnt\n|-unboost|p1a: ZEHAHAHAHAHAHA|spa|2\n|faint|p2a: Great Tusk\n|-end|p2a: Great Tusk|Protosynthesis|[silent]\n|-damage|p1a: ZEHAHAHAHAHAHA|91\/100|[from] item: Life Orb\n|\n|upkeep\n|\n|t:|1700283144\n|switch|p2a: Dragonite|Dragonite, F|100\/100\n|turn|10\n|\n|t:|1700283151\n|move|p1a: ZEHAHAHAHAHAHA|Scale Shot|p2a: Dragonite\n|-supereffective|p2a: Dragonite\n|-damage|p2a: Dragonite|83\/100\n|-supereffective|p2a: Dragonite\n|-damage|p2a: Dragonite|52\/100\n|-supereffective|p2a: Dragonite\n|-damage|p2a: Dragonite|21\/100\n|-hitcount|p2a: Dragonite|3\n|-unboost|p1a: ZEHAHAHAHAHAHA|def|1\n|-boost|p1a: ZEHAHAHAHAHAHA|spe|1\n|-damage|p1a: ZEHAHAHAHAHAHA|81\/100|[from] item: Life Orb\n|move|p2a: Dragonite|Earthquake|p1a: ZEHAHAHAHAHAHA\n|-supereffective|p1a: ZEHAHAHAHAHAHA\n|-damage|p1a: ZEHAHAHAHAHAHA|0 fnt\n|faint|p1a: ZEHAHAHAHAHAHA\n|\n|upkeep\n|\n|t:|1700283159\n|switch|p1a: AGROU GROU|Lucario, M|19\/100\n|turn|11\n|\n|t:|1700283169\n|move|p2a: Dragonite|Extreme Speed|p1a: AGROU GROU\n|-resisted|p1a: AGROU GROU\n|-damage|p1a: AGROU GROU|0 fnt\n|faint|p1a: AGROU GROU\n|\n|upkeep\n|\n|t:|1700283175\n|switch|p1a: Bzuuougururu|Spiritomb, M, shiny|100\/100\n|-ability|p1a: Bzuuougururu|Pressure\n|turn|12\n|\n|t:|1700283179\n|switch|p2a: Garganacl|Garganacl, F|16\/100\n|move|p1a: Bzuuougururu|Shadow Sneak|p2a: Garganacl\n|-damage|p2a: Garganacl|11\/100\n|\n|-heal|p2a: Garganacl|17\/100|[from] item: Leftovers\n|upkeep\n|turn|13\n|\n|t:|1700283186\n|move|p1a: Bzuuougururu|Foul Play|p2a: Garganacl\n|-damage|p2a: Garganacl|0 fnt\n|faint|p2a: Garganacl\n|\n|upkeep\n|\n|t:|1700283196\n|switch|p2a: Iron Valiant|Iron Valiant|100\/100\n|turn|14\n|\n|t:|1700283201\n|switch|p1a: Je stall|Milotic, F|61\/100\n|move|p2a: Iron Valiant|Moonblast|p1a: Je stall\n|-damage|p1a: Je stall|35\/100\n|\n|upkeep\n|turn|15\n|\n|t:|1700283215\n|move|p2a: Iron Valiant|Thunderbolt|p1a: Je stall\n|-supereffective|p1a: Je stall\n|-damage|p1a: Je stall|2\/100\n|-status|p1a: Je stall|par\n|move|p1a: Je stall|Recover|p1a: Je stall\n|-heal|p1a: Je stall|52\/100 par\n|\n|upkeep\n|turn|16\n|\n|t:|1700283221\n|move|p2a: Iron Valiant|Thunderbolt|p1a: Je stall\n|-supereffective|p1a: Je stall\n|-damage|p1a: Je stall|20\/100 par\n|move|p1a: Je stall|Mirror Coat|p2a: Iron Valiant\n|-damage|p2a: Iron Valiant|13\/100\n|\n|upkeep\n|turn|17\n|\n|t:|1700283227\n|move|p2a: Iron Valiant|Thunderbolt|p1a: Je stall\n|-supereffective|p1a: Je stall\n|-damage|p1a: Je stall|0 fnt\n|faint|p1a: Je stall\n|\n|upkeep\n|\n|t:|1700283229\n|switch|p1a: Bzuuougururu|Spiritomb, M, shiny|100\/100\n|-ability|p1a: Bzuuougururu|Pressure\n|turn|18\n|\n|t:|1700283235\n|move|p1a: Bzuuougururu|Shadow Sneak|p2a: Iron Valiant\n|-damage|p2a: Iron Valiant|0 fnt\n|faint|p2a: Iron Valiant\n|-end|p2a: Iron Valiant|Quark Drive|[silent]\n|\n|upkeep\n|\n|t:|1700283237\n|switch|p2a: Dragonite|Dragonite, F|21\/100\n|turn|19\n|\n|t:|1700283240\n|move|p2a: Dragonite|Extreme Speed|p1a: Bzuuougururu\n|-immune|p1a: Bzuuougururu\n|move|p1a: Bzuuougururu|Shadow Sneak|p2a: Dragonite\n|-damage|p2a: Dragonite|2\/100\n|\n|upkeep\n|turn|20\n|\n|t:|1700283244\n|move|p1a: Bzuuougururu|Shadow Sneak|p2a: Dragonite\n|-damage|p2a: Dragonite|0 fnt\n|faint|p2a: Dragonite\n|\n|upkeep\n|\n|t:|1700283251\n|switch|p2a: Gholdengo|Gholdengo|100\/100\n|-item|p2a: Gholdengo|Air Balloon\n|turn|21\n|\n|t:|1700283254\n|move|p1a: Bzuuougururu|Shadow Sneak|p2a: Gholdengo\n|-supereffective|p2a: Gholdengo\n|-damage|p2a: Gholdengo|75\/100\n|-enditem|p2a: Gholdengo|Air Balloon\n|move|p2a: Gholdengo|Nasty Plot|p2a: Gholdengo\n|-boost|p2a: Gholdengo|spa|2\n|\n|upkeep\n|turn|22\n|\n|t:|1700283261\n|move|p1a: Bzuuougururu|Shadow Sneak|p2a: Gholdengo\n|-supereffective|p2a: Gholdengo\n|-damage|p2a: Gholdengo|49\/100\n|move|p2a: Gholdengo|Make It Rain|p1a: Bzuuougururu\n|-damage|p1a: Bzuuougururu|0 fnt\n|-unboost|p2a: Gholdengo|spa|1\n|faint|p1a: Bzuuougururu\n|\n|upkeep\n|\n|t:|1700283271\n|switch|p1a: CUI CUI|Braviary-Hisui, M, shiny|100\/100\n|turn|23\n|\n|t:|1700283283\n|move|p1a: CUI CUI|Esper Wing|p2a: Gholdengo\n|-resisted|p2a: Gholdengo\n|-crit|p2a: Gholdengo\n|-damage|p2a: Gholdengo|0 fnt\n|-boost|p1a: CUI CUI|spe|1\n|faint|p2a: Gholdengo\n|\n|upkeep\n|\n|t:|1700283285\n|switch|p2a: Zapdos|Zapdos|100\/100\n|turn|24\n|\n|t:|1700283293\n|move|p1a: CUI CUI|Esper Wing|p2a: Zapdos\n|-damage|p2a: Zapdos|81\/100\n|-boost|p1a: CUI CUI|spe|1\n|move|p2a: Zapdos|Discharge|p1a: CUI CUI\n|-supereffective|p1a: CUI CUI\n|-damage|p1a: CUI CUI|29\/100\n|\n|upkeep\n|turn|25\n|\n|t:|1700283301\n|move|p1a: CUI CUI|Hurricane|p2a: Zapdos|[miss]\n|-miss|p1a: CUI CUI|p2a: Zapdos\n|move|p2a: Zapdos|Discharge|p1a: CUI CUI\n|-supereffective|p1a: CUI CUI\n|-damage|p1a: CUI CUI|0 fnt\n|faint|p1a: CUI CUI\n|\n|upkeep\n|\n|t:|1700283303\n|switch|p1a: Poubelle|Glaceon, F, shiny|100\/100\n|turn|26\n|\n|t:|1700283312\n|-terastallize|p2a: Zapdos|Dragon\n|move|p2a: Zapdos|Hurricane|p1a: Poubelle|[miss]\n|-miss|p2a: Zapdos|p1a: Poubelle\n|move|p1a: Poubelle|Freeze-Dry|p2a: Zapdos\n|-supereffective|p2a: Zapdos\n|-damage|p2a: Zapdos|1\/100\n|\n|upkeep\n|turn|27\n|\n|t:|1700283320\n|move|p2a: Zapdos|Discharge|p1a: Poubelle\n|-damage|p1a: Poubelle|54\/100\n|-status|p1a: Poubelle|par\n|cant|p1a: Poubelle|par\n|\n|upkeep\n|turn|28\n|\n|t:|1700283324\n|move|p2a: Zapdos|Discharge|p1a: Poubelle\n|-crit|p1a: Poubelle\n|-damage|p1a: Poubelle|0 fnt\n|faint|p1a: Poubelle\n|\n|win|66sc\n|raw|Katsu6624's rating: 1108 &rarr; <strong>1082<\/strong><br \/>(-26 for losing)\n|raw|66sc's rating: 1098 &rarr; <strong>1124<\/strong><br \/>(+26 for winning)\n|c|\u2606Katsu6624|dfklmrtjdhifol\n|c|\u260666sc|omg\n|c|\u260666sc|xD\n|c|\u2606Katsu6624|gg\n","uploadtime":1700283338,"views":11,"p1id":"katsu6624","p2id":"66sc","formatid":"gen9ou","rating":1082,"private":0,"password":""}