{"id":"gen9ou-2000087098","p1":"HyperMuteki666","p2":"fuffarin","format":"[Gen 9] OU","log":"|j|\u2606HyperMuteki666\n|j|\u2606fuffarin\n|t:|1701152329\n|gametype|singles\n|player|p1|HyperMuteki666|2|1137\n|player|p2|fuffarin|sisandbro|1100\n|teamsize|p1|6\n|teamsize|p2|6\n|gen|9\n|tier|[Gen 9] OU\n|rated|\n|rule|Sleep Clause Mod: Limit one foe put to sleep\n|rule|Species Clause: Limit one of each Pok\u00e9mon\n|rule|OHKO Clause: OHKO moves are banned\n|rule|Evasion Items Clause: Evasion items are banned\n|rule|Evasion Moves Clause: Evasion moves are banned\n|rule|Endless Battle Clause: Forcing endless battles is banned\n|rule|HP Percentage Mod: HP is shown in percentages\n|clearpoke\n|poke|p1|Meowscarada, F|\n|poke|p1|Samurott-Hisui, F|\n|poke|p1|Typhlosion-Hisui, M|\n|poke|p1|Cinderace, M|\n|poke|p1|Empoleon, F|\n|poke|p1|Rillaboom, F|\n|poke|p2|Great Tusk|\n|poke|p2|Ogerpon-Wellspring, F|\n|poke|p2|Gholdengo|\n|poke|p2|Kingambit, F|\n|poke|p2|Enamorus, F|\n|poke|p2|Ting-Lu|\n|teampreview\n|inactive|Battle timer is ON: inactive players will automatically lose when time's up. (requested by fuffarin)\n|\n|t:|1701152346\n|start\n|switch|p1a: Samurott|Samurott-Hisui, F|100\/100\n|switch|p2a: Enamorus|Enamorus, F|100\/100\n|turn|1\n|\n|t:|1701152357\n|-terastallize|p2a: Enamorus|Fairy\n|move|p2a: Enamorus|Moonblast|p1a: Samurott\n|-supereffective|p1a: Samurott\n|-enditem|p1a: Samurott|Focus Sash\n|-damage|p1a: Samurott|1\/100\n|move|p1a: Samurott|Swords Dance|p1a: Samurott\n|-boost|p1a: Samurott|atk|2\n|\n|upkeep\n|turn|2\n|\n|t:|1701152366\n|move|p2a: Enamorus|Moonblast|p1a: Samurott\n|-supereffective|p1a: Samurott\n|-damage|p1a: Samurott|0 fnt\n|faint|p1a: Samurott\n|\n|upkeep\n|\n|t:|1701152376\n|switch|p1a: Empoleon|Empoleon, F|100\/100\n|turn|3\n|\n|t:|1701152380\n|switch|p2a: Ting-Lu|Ting-Lu|100\/100\n|-ability|p2a: Ting-Lu|Vessel of Ruin\n|move|p1a: Empoleon|Flash Cannon|p2a: Ting-Lu\n|-crit|p2a: Ting-Lu\n|-damage|p2a: Ting-Lu|62\/100\n|\n|-heal|p2a: Ting-Lu|68\/100|[from] item: Leftovers\n|upkeep\n|turn|4\n|\n|t:|1701152389\n|move|p1a: Empoleon|Surf|p2a: Ting-Lu\n|-supereffective|p2a: Ting-Lu\n|-damage|p2a: Ting-Lu|15\/100\n|move|p2a: Ting-Lu|Spikes|p1a: Empoleon\n|-sidestart|p1: HyperMuteki666|Spikes\n|\n|-heal|p2a: Ting-Lu|22\/100|[from] item: Leftovers\n|upkeep\n|turn|5\n|\n|t:|1701152395\n|move|p1a: Empoleon|Surf|p2a: Ting-Lu\n|-supereffective|p2a: Ting-Lu\n|-crit|p2a: Ting-Lu\n|-damage|p2a: Ting-Lu|0 fnt\n|faint|p2a: Ting-Lu\n|\n|upkeep\n|\n|t:|1701152397\n|switch|p2a: Ogerpon|Ogerpon-Wellspring, F|100\/100\n|turn|6\n|\n|t:|1701152404\n|move|p2a: Ogerpon|Trailblaze|p1a: Empoleon\n|-damage|p1a: Empoleon|69\/100\n|-boost|p2a: Ogerpon|spe|1\n|move|p1a: Empoleon|Air Slash|p2a: Ogerpon\n|-supereffective|p2a: Ogerpon\n|-damage|p2a: Ogerpon|37\/100\n|\n|upkeep\n|turn|7\n|\n|t:|1701152414\n|move|p2a: Ogerpon|Wood Hammer|p1a: Empoleon\n|-damage|p1a: Empoleon|2\/100\n|-damage|p2a: Ogerpon|9\/100|[from] Recoil\n|move|p1a: Empoleon|Air Slash|p2a: Ogerpon\n|-supereffective|p2a: Ogerpon\n|-damage|p2a: Ogerpon|0 fnt\n|faint|p2a: Ogerpon\n|\n|upkeep\n|\n|t:|1701152419\n|switch|p2a: Enamorus|Enamorus, F, tera:Fairy|100\/100\n|turn|8\n|\n|t:|1701152423\n|move|p2a: Enamorus|Moonblast|p1a: Empoleon\n|-resisted|p1a: Empoleon\n|-damage|p1a: Empoleon|0 fnt\n|faint|p1a: Empoleon\n|\n|upkeep\n|\n|t:|1701152430\n|switch|p1a: Cinderace|Cinderace, M|100\/100\n|turn|9\n|\n|t:|1701152435\n|move|p1a: Cinderace|Court Change|p1a: Cinderace\n|-start|p1a: Cinderace|typechange|Normal|[from] ability: Libero\n|-swapsideconditions\n|-activate|p1a: Cinderace|move: Court Change\n|move|p2a: Enamorus|Moonblast|p1a: Cinderace\n|-damage|p1a: Cinderace|0 fnt\n|faint|p1a: Cinderace\n|\n|upkeep\n|\n|t:|1701152442\n|switch|p1a: Typhlosion|Typhlosion-Hisui, M|100\/100\n|-item|p2a: Enamorus|Choice Specs|[from] ability: Frisk|[of] p1a: Typhlosion|[identify]\n|turn|10\n|\n|t:|1701152447\n|move|p1a: Typhlosion|Eruption|p2a: Enamorus\n|-damage|p2a: Enamorus|5\/100\n|move|p2a: Enamorus|Moonblast|p1a: Typhlosion\n|-resisted|p1a: Typhlosion\n|-damage|p1a: Typhlosion|27\/100\n|\n|upkeep\n|turn|11\n|\n|t:|1701152454\n|move|p1a: Typhlosion|Eruption|p2a: Enamorus\n|-damage|p2a: Enamorus|0 fnt\n|faint|p2a: Enamorus\n|\n|upkeep\n|\n|t:|1701152457\n|switch|p2a: Great Tusk|Great Tusk|100\/100\n|-damage|p2a: Great Tusk|88\/100|[from] Spikes\n|turn|12\n|\n|t:|1701152465\n|switch|p1a: Rillaboom|Rillaboom, F|100\/100\n|-fieldstart|move: Grassy Terrain|[from] ability: Grassy Surge|[of] p1a: Rillaboom\n|move|p2a: Great Tusk|Headlong Rush|p1a: Rillaboom\n|-resisted|p1a: Rillaboom\n|-damage|p1a: Rillaboom|69\/100\n|-unboost|p2a: Great Tusk|def|1\n|-unboost|p2a: Great Tusk|spd|1\n|\n|-heal|p2a: Great Tusk|94\/100|[from] Grassy Terrain\n|-heal|p1a: Rillaboom|75\/100|[from] Grassy Terrain\n|upkeep\n|turn|13\n|\n|t:|1701152478\n|-end|p2a: Great Tusk|Protosynthesis|[silent]\n|switch|p2a: Gholdengo|Gholdengo|100\/100\n|-damage|p2a: Gholdengo|88\/100|[from] Spikes\n|move|p1a: Rillaboom|Drum Beating|p2a: Gholdengo\n|-resisted|p2a: Gholdengo\n|-damage|p2a: Gholdengo|57\/100\n|-unboost|p2a: Gholdengo|spe|1\n|\n|-heal|p1a: Rillaboom|82\/100|[from] Grassy Terrain\n|-heal|p2a: Gholdengo|63\/100|[from] Grassy Terrain\n|upkeep\n|turn|14\n|\n|t:|1701152493\n|move|p1a: Rillaboom|Knock Off|p2a: Gholdengo\n|-supereffective|p2a: Gholdengo\n|-damage|p2a: Gholdengo|0 fnt\n|-enditem|p2a: Gholdengo|Choice Specs|[from] move: Knock Off|[of] p1a: Rillaboom\n|faint|p2a: Gholdengo\n|\n|-heal|p1a: Rillaboom|88\/100|[from] Grassy Terrain\n|upkeep\n|\n|t:|1701152496\n|switch|p2a: Great Tusk|Great Tusk|94\/100\n|-damage|p2a: Great Tusk|82\/100|[from] Spikes\n|turn|15\n|\n|t:|1701152502\n|move|p2a: Great Tusk|Rapid Spin|p1a: Rillaboom\n|-damage|p1a: Rillaboom|71\/100\n|-boost|p2a: Great Tusk|spe|1\n|-sideend|p2: fuffarin|Spikes|[from] move: Rapid Spin|[of] p2a: Great Tusk\n|move|p1a: Rillaboom|Drum Beating|p2a: Great Tusk\n|-supereffective|p2a: Great Tusk\n|-damage|p2a: Great Tusk|12\/100\n|-unboost|p2a: Great Tusk|spe|1\n|\n|-heal|p2a: Great Tusk|18\/100|[from] Grassy Terrain\n|-heal|p1a: Rillaboom|77\/100|[from] Grassy Terrain\n|upkeep\n|turn|16\n|\n|t:|1701152513\n|move|p2a: Great Tusk|Ice Spinner|p1a: Rillaboom\n|-supereffective|p1a: Rillaboom\n|-damage|p1a: Rillaboom|17\/100\n|-fieldend|move: Grassy Terrain\n|move|p1a: Rillaboom|Drum Beating|p2a: Great Tusk\n|-supereffective|p2a: Great Tusk\n|-damage|p2a: Great Tusk|0 fnt\n|faint|p2a: Great Tusk\n|-end|p2a: Great Tusk|Protosynthesis|[silent]\n|\n|upkeep\n|\n|t:|1701152519\n|switch|p2a: Kingambit|Kingambit, F|100\/100\n|-activate|p2a: Kingambit|ability: Supreme Overlord\n|-start|p2a: Kingambit|fallen5|[silent]\n|turn|17\n|\n|t:|1701152524\n|move|p1a: Rillaboom|Drain Punch|p2a: Kingambit\n|-supereffective|p2a: Kingambit\n|-damage|p2a: Kingambit|2\/100\n|-heal|p1a: Rillaboom|58\/100|[from] drain|[of] p2a: Kingambit\n|move|p2a: Kingambit|Swords Dance|p2a: Kingambit\n|-boost|p2a: Kingambit|atk|2\n|\n|-heal|p2a: Kingambit|8\/100|[from] item: Leftovers\n|upkeep\n|turn|18\n|\n|t:|1701152532\n|move|p2a: Kingambit|Sucker Punch|p1a: Rillaboom\n|-damage|p1a: Rillaboom|0 fnt\n|faint|p1a: Rillaboom\n|\n|-heal|p2a: Kingambit|14\/100|[from] item: Leftovers\n|upkeep\n|\n|t:|1701152538\n|switch|p1a: Typhlosion|Typhlosion-Hisui, M|27\/100\n|-item|p2a: Kingambit|Leftovers|[from] ability: Frisk|[of] p1a: Typhlosion|[identify]\n|turn|19\n|\n|t:|1701152544\n|move|p2a: Kingambit|Sucker Punch|p1a: Typhlosion\n|-supereffective|p1a: Typhlosion\n|-damage|p1a: Typhlosion|0 fnt\n|faint|p1a: Typhlosion\n|\n|-heal|p2a: Kingambit|20\/100|[from] item: Leftovers\n|upkeep\n|\n|t:|1701152550\n|switch|p1a: Meowscarada|Meowscarada, F|100\/100\n|turn|20\n|\n|t:|1701152553\n|move|p1a: Meowscarada|Sucker Punch|p2a: Kingambit\n|-start|p1a: Meowscarada|typechange|Dark|[from] ability: Protean\n|-resisted|p2a: Kingambit\n|-damage|p2a: Kingambit|6\/100\n|move|p2a: Kingambit|Sucker Punch||[still]\n|-fail|p2a: Kingambit\n|\n|-heal|p2a: Kingambit|13\/100|[from] item: Leftovers\n|upkeep\n|turn|21\n|\n|t:|1701152562\n|move|p1a: Meowscarada|U-turn|p2a: Kingambit\n|-damage|p2a: Kingambit|0 fnt\n|faint|p2a: Kingambit\n|-end|p2a: Kingambit|fallen5|[silent]\n|\n|win|HyperMuteki666\n|raw|HyperMuteki666's rating: 1137 &rarr; <strong>1159<\/strong><br \/>(+22 for winning)\n|raw|fuffarin's rating: 1100 &rarr; <strong>1078<\/strong><br \/>(-22 for losing)\n","uploadtime":1701152565,"views":3,"p1id":"hypermuteki666","p2id":"fuffarin","formatid":"gen9ou","rating":1078,"private":0,"password":""}