{"id":"gen9ou-1993370534","p1":"ZyzzDaGame","p2":"SavvyB","format":"[Gen 9] OU","log":"|j|\u2606ZyzzDaGame\n|j|\u2606SavvyB\n|t:|1700307633\n|gametype|singles\n|player|p1|ZyzzDaGame|265|1165\n|player|p2|SavvyB|101|1102\n|teamsize|p1|6\n|teamsize|p2|6\n|gen|9\n|tier|[Gen 9] OU\n|rated|\n|rule|Sleep Clause Mod: Limit one foe put to sleep\n|rule|Species Clause: Limit one of each Pok\u00e9mon\n|rule|OHKO Clause: OHKO moves are banned\n|rule|Evasion Items Clause: Evasion items are banned\n|rule|Evasion Moves Clause: Evasion moves are banned\n|rule|Endless Battle Clause: Forcing endless battles is banned\n|rule|HP Percentage Mod: HP is shown in percentages\n|clearpoke\n|poke|p1|Rillaboom, M|\n|poke|p1|Dragapult, F|\n|poke|p1|Greninja-*, M|\n|poke|p1|Kingambit, F|\n|poke|p1|Cinderace, M|\n|poke|p1|Enamorus, F|\n|poke|p2|Ribombee, M|\n|poke|p2|Ogerpon-Wellspring, F|\n|poke|p2|Iron Moth|\n|poke|p2|Kingambit, F|\n|poke|p2|Gholdengo|\n|poke|p2|Iron Valiant|\n|teampreview\n|\n|t:|1700307651\n|start\n|switch|p1a: Cinderace|Cinderace, M|100\/100\n|switch|p2a: Ribombee|Ribombee, M|100\/100\n|turn|1\n|\n|t:|1700307660\n|move|p2a: Ribombee|Stun Spore|p1a: Cinderace\n|-status|p1a: Cinderace|par\n|move|p1a: Cinderace|Pyro Ball|p2a: Ribombee\n|-supereffective|p2a: Ribombee\n|-enditem|p2a: Ribombee|Focus Sash\n|-damage|p2a: Ribombee|1\/100\n|\n|upkeep\n|turn|2\n|\n|t:|1700307668\n|move|p2a: Ribombee|Sticky Web|p1a: Cinderace\n|-sidestart|p1: ZyzzDaGame|move: Sticky Web\n|cant|p1a: Cinderace|par\n|\n|upkeep\n|turn|3\n|\n|t:|1700307674\n|switch|p2a: Ogerpon|Ogerpon-Wellspring, F|100\/100\n|move|p1a: Cinderace|Court Change|p1a: Cinderace\n|-start|p1a: Cinderace|typechange|Normal|[from] ability: Libero\n|-swapsideconditions\n|-activate|p1a: Cinderace|move: Court Change\n|\n|upkeep\n|turn|4\n|\n|t:|1700307686\n|switch|p1a: Rillaboom|Rillaboom, M|100\/100\n|-fieldstart|move: Grassy Terrain|[from] ability: Grassy Surge|[of] p1a: Rillaboom\n|move|p2a: Ogerpon|Swords Dance|p2a: Ogerpon\n|-boost|p2a: Ogerpon|atk|2\n|\n|upkeep\n|turn|5\n|\n|t:|1700307697\n|move|p2a: Ogerpon|Play Rough|p1a: Rillaboom\n|-damage|p1a: Rillaboom|29\/100\n|move|p1a: Rillaboom|Wood Hammer|p2a: Ogerpon\n|-damage|p2a: Ogerpon|0 fnt\n|faint|p2a: Ogerpon\n|-damage|p1a: Rillaboom|4\/100|[from] Recoil\n|\n|-heal|p1a: Rillaboom|10\/100|[from] Grassy Terrain\n|upkeep\n|\n|t:|1700307713\n|switch|p2a: Iron Moth|Iron Moth|100\/100\n|-activate|p2a: Iron Moth|move: Sticky Web\n|-unboost|p2a: Iron Moth|spe|1\n|-enditem|p2a: Iron Moth|Booster Energy\n|-activate|p2a: Iron Moth|ability: Quark Drive|[fromitem]\n|-start|p2a: Iron Moth|quarkdrivespa\n|turn|6\n|\n|t:|1700307721\n|switch|p1a: Cinderace|Cinderace, M|100\/100 par\n|move|p2a: Iron Moth|Substitute|p2a: Iron Moth\n|-start|p2a: Iron Moth|Substitute\n|-damage|p2a: Iron Moth|76\/100\n|\n|-heal|p2a: Iron Moth|82\/100|[from] Grassy Terrain\n|upkeep\n|turn|7\n|\n|t:|1700307734\n|move|p2a: Iron Moth|Sludge Wave|p1a: Cinderace\n|-damage|p1a: Cinderace|15\/100 par\n|move|p1a: Cinderace|Pyro Ball|p2a: Iron Moth\n|-resisted|p2a: Iron Moth\n|-end|p2a: Iron Moth|Substitute\n|\n|-heal|p2a: Iron Moth|88\/100|[from] Grassy Terrain\n|-heal|p1a: Cinderace|21\/100 par|[from] Grassy Terrain\n|upkeep\n|turn|8\n|\n|t:|1700307742\n|move|p2a: Iron Moth|Substitute|p2a: Iron Moth\n|-start|p2a: Iron Moth|Substitute\n|-damage|p2a: Iron Moth|63\/100\n|move|p1a: Cinderace|Pyro Ball|p2a: Iron Moth|[miss]\n|-miss|p1a: Cinderace|p2a: Iron Moth\n|\n|-heal|p2a: Iron Moth|69\/100|[from] Grassy Terrain\n|-heal|p1a: Cinderace|27\/100 par|[from] Grassy Terrain\n|-fieldend|move: Grassy Terrain\n|upkeep\n|turn|9\n|\n|t:|1700307751\n|move|p2a: Iron Moth|Fiery Dance|p1a: Cinderace\n|-resisted|p1a: Cinderace\n|-damage|p1a: Cinderace|0 fnt\n|-boost|p2a: Iron Moth|spa|1\n|faint|p1a: Cinderace\n|\n|upkeep\n|\n|t:|1700307758\n|switch|p1a: Greninja|Greninja, M|100\/100\n|turn|10\n|\n|t:|1700307762\n|-terastallize|p1a: Greninja|Water\n|move|p1a: Greninja|Water Shuriken|p2a: Iron Moth\n|-supereffective|p2a: Iron Moth\n|-end|p2a: Iron Moth|Substitute\n|-supereffective|p2a: Iron Moth\n|-damage|p2a: Iron Moth|46\/100\n|-hitcount|p2a: Iron Moth|2\n|-damage|p1a: Greninja|91\/100|[from] item: Life Orb\n|move|p2a: Iron Moth|Sludge Wave|p1a: Greninja\n|-damage|p1a: Greninja|0 fnt\n|faint|p1a: Greninja\n|\n|upkeep\n|\n|t:|1700307773\n|switch|p1a: Enamorus|Enamorus, F|100\/100\n|turn|11\n|\n|t:|1700307785\n|-end|p2a: Iron Moth|Quark Drive|[silent]\n|switch|p2a: Ribombee|Ribombee, M|1\/100\n|-activate|p2a: Ribombee|move: Sticky Web\n|-unboost|p2a: Ribombee|spe|1\n|move|p1a: Enamorus|Earth Power|p2a: Ribombee\n|-resisted|p2a: Ribombee\n|-damage|p2a: Ribombee|0 fnt\n|faint|p2a: Ribombee\n|\n|upkeep\n|c|\u2606ZyzzDaGame|Nique \u00e7a m\u00e8re fr\u00e8re\n|\n|t:|1700307804\n|switch|p2a: Gholdengo|Gholdengo|100\/100\n|-item|p2a: Gholdengo|Air Balloon\n|turn|12\n|\n|t:|1700307809\n|switch|p1a: Kingambit|Kingambit, F, shiny|100\/100\n|-activate|p1a: Kingambit|ability: Supreme Overlord\n|-start|p1a: Kingambit|fallen2|[silent]\n|move|p2a: Gholdengo|Nasty Plot|p2a: Gholdengo\n|-boost|p2a: Gholdengo|spa|2\n|\n|upkeep\n|turn|13\n|\n|t:|1700307820\n|move|p2a: Gholdengo|Shadow Ball|p1a: Kingambit\n|-resisted|p1a: Kingambit\n|-damage|p1a: Kingambit|57\/100\n|move|p1a: Kingambit|Kowtow Cleave|p2a: Gholdengo\n|-supereffective|p2a: Gholdengo\n|-damage|p2a: Gholdengo|0 fnt\n|-enditem|p2a: Gholdengo|Air Balloon\n|faint|p2a: Gholdengo\n|\n|upkeep\n|\n|t:|1700307828\n|switch|p2a: Iron Moth|Iron Moth|46\/100\n|-activate|p2a: Iron Moth|move: Sticky Web\n|-unboost|p2a: Iron Moth|spe|1\n|turn|14\n|\n|t:|1700307832\n|move|p2a: Iron Moth|Substitute|p2a: Iron Moth\n|-start|p2a: Iron Moth|Substitute\n|-damage|p2a: Iron Moth|21\/100\n|move|p1a: Kingambit|Kowtow Cleave|p2a: Iron Moth\n|-crit|p2a: Iron Moth\n|-end|p2a: Iron Moth|Substitute\n|\n|upkeep\n|turn|15\n|\n|t:|1700307839\n|move|p2a: Iron Moth|Fiery Dance|p1a: Kingambit\n|-supereffective|p1a: Kingambit\n|-damage|p1a: Kingambit|0 fnt\n|-boost|p2a: Iron Moth|spa|1\n|faint|p1a: Kingambit\n|-end|p1a: Kingambit|fallen2|[silent]\n|\n|upkeep\n|\n|t:|1700307849\n|switch|p1a: Enamorus|Enamorus, F|100\/100\n|turn|16\n|\n|t:|1700307866\n|move|p1a: Enamorus|Earth Power|p2a: Iron Moth\n|-supereffective|p2a: Iron Moth\n|-damage|p2a: Iron Moth|0 fnt\n|faint|p2a: Iron Moth\n|-end|p2a: Iron Moth|Quark Drive|[silent]\n|\n|upkeep\n|\n|t:|1700307874\n|switch|p2a: Iron Valiant|Iron Valiant|100\/100\n|-activate|p2a: Iron Valiant|move: Sticky Web\n|-unboost|p2a: Iron Valiant|spe|1\n|-enditem|p2a: Iron Valiant|Booster Energy\n|-activate|p2a: Iron Valiant|ability: Quark Drive|[fromitem]\n|-start|p2a: Iron Valiant|quarkdriveatk\n|turn|17\n|\n|t:|1700307887\n|switch|p1a: Dragapult|Dragapult, F, shiny|100\/100\n|move|p2a: Iron Valiant|Moonblast|p1a: Dragapult\n|-supereffective|p1a: Dragapult\n|-damage|p1a: Dragapult|0 fnt\n|faint|p1a: Dragapult\n|\n|upkeep\n|\n|t:|1700307895\n|switch|p1a: Enamorus|Enamorus, F|100\/100\n|turn|18\n|\n|t:|1700307901\n|-terastallize|p2a: Iron Valiant|Ghost\n|move|p1a: Enamorus|Moonblast|p2a: Iron Valiant\n|-damage|p2a: Iron Valiant|0 fnt\n|faint|p2a: Iron Valiant\n|-end|p2a: Iron Valiant|Quark Drive|[silent]\n|\n|upkeep\n|\n|t:|1700307907\n|switch|p2a: Kingambit|Kingambit, F|100\/100\n|-activate|p2a: Kingambit|move: Sticky Web\n|-unboost|p2a: Kingambit|spe|1\n|-activate|p2a: Kingambit|ability: Supreme Overlord\n|-start|p2a: Kingambit|fallen5|[silent]\n|turn|19\n|\n|t:|1700307916\n|move|p1a: Enamorus|Moonblast|p2a: Kingambit\n|-damage|p2a: Kingambit|42\/100\n|move|p2a: Kingambit|Iron Head|p1a: Enamorus\n|-supereffective|p1a: Enamorus\n|-damage|p1a: Enamorus|0 fnt\n|faint|p1a: Enamorus\n|\n|upkeep\n|\n|t:|1700307921\n|switch|p1a: Rillaboom|Rillaboom, M|10\/100\n|-fieldstart|move: Grassy Terrain|[from] ability: Grassy Surge|[of] p1a: Rillaboom\n|turn|20\n|\n|t:|1700307926\n|move|p2a: Kingambit|Sucker Punch|p1a: Rillaboom\n|-damage|p1a: Rillaboom|0 fnt\n|faint|p1a: Rillaboom\n|\n|win|SavvyB\n|raw|ZyzzDaGame's rating: 1165 &rarr; <strong>1136<\/strong><br \/>(-29 for losing)\n|raw|SavvyB's rating: 1102 &rarr; <strong>1131<\/strong><br \/>(+29 for winning)\n","uploadtime":1700307788,"views":9,"p1id":"zyzzdagame","p2id":"savvyb","formatid":"gen9ou","rating":1131,"private":0,"password":""}