{"id":"gen9ou-1992904480","p1":"kshuaib734","p2":"Hanchzha","format":"[Gen 9] OU","log":"|j|\u2606kshuaib734\n|j|\u2606Hanchzha\n|t:|1700245528\n|gametype|singles\n|player|p1|kshuaib734|1|1649\n|player|p2|Hanchzha|fisherman-gen4|1682\n|teamsize|p1|6\n|teamsize|p2|6\n|gen|9\n|tier|[Gen 9] OU\n|rated|\n|rule|Sleep Clause Mod: Limit one foe put to sleep\n|rule|Species Clause: Limit one of each Pok\u00e9mon\n|rule|OHKO Clause: OHKO moves are banned\n|rule|Evasion Items Clause: Evasion items are banned\n|rule|Evasion Moves Clause: Evasion moves are banned\n|rule|Endless Battle Clause: Forcing endless battles is banned\n|rule|HP Percentage Mod: HP is shown in percentages\n|clearpoke\n|poke|p1|Tyranitar, F|\n|poke|p1|Quaquaval, M|\n|poke|p1|Pelipper, F|\n|poke|p1|Garchomp, M|\n|poke|p1|Overqwil, M|\n|poke|p1|Jolteon, F|\n|poke|p2|Clefable, M|\n|poke|p2|Alomomola, F|\n|poke|p2|Blissey, F|\n|poke|p2|Clodsire, M|\n|poke|p2|Dondozo, F|\n|poke|p2|Amoonguss, M|\n|teampreview\n|inactive|Battle timer is ON: inactive players will automatically lose when time's up. (requested by Hanchzha)\n|inactive|kshuaib734 also wants the timer to be on.\n|j| UrSheerForce\n|\n|t:|1700245535\n|start\n|switch|p1a: King Tyrant|Tyranitar, F|100\/100\n|switch|p2a: Clefable|Clefable, M|100\/100\n|-weather|Sandstorm|[from] ability: Sand Stream|[of] p1a: King Tyrant\n|turn|1\n|\n|t:|1700245548\n|move|p2a: Clefable|Moonblast|p1a: King Tyrant\n|-supereffective|p1a: King Tyrant\n|-damage|p1a: King Tyrant|62\/100\n|-enditem|p1a: King Tyrant|Weakness Policy\n|-boost|p1a: King Tyrant|atk|2|[from] item: Weakness Policy\n|-boost|p1a: King Tyrant|spa|2|[from] item: Weakness Policy\n|move|p1a: King Tyrant|Knock Off|p2a: Clefable\n|-resisted|p2a: Clefable\n|-damage|p2a: Clefable|66\/100\n|-enditem|p2a: Clefable|Leftovers|[from] move: Knock Off|[of] p1a: King Tyrant\n|\n|-weather|Sandstorm|[upkeep]\n|upkeep\n|turn|2\n|\n|t:|1700245563\n|switch|p2a: Dondozo|Dondozo, F|100\/100\n|-terastallize|p1a: King Tyrant|Flying\n|move|p1a: King Tyrant|Earthquake|p2a: Dondozo\n|-damage|p2a: Dondozo|87\/100\n|\n|-weather|Sandstorm|[upkeep]\n|-damage|p1a: King Tyrant|56\/100|[from] Sandstorm\n|-damage|p2a: Dondozo|80\/100|[from] Sandstorm\n|upkeep\n|turn|3\n|\n|t:|1700245571\n|move|p1a: King Tyrant|Thunderbolt|p2a: Dondozo\n|-supereffective|p2a: Dondozo\n|-damage|p2a: Dondozo|28\/100\n|move|p2a: Dondozo|Waterfall|p1a: King Tyrant\n|-damage|p1a: King Tyrant|34\/100\n|\n|-weather|Sandstorm|[upkeep]\n|-damage|p1a: King Tyrant|28\/100|[from] Sandstorm\n|-damage|p2a: Dondozo|22\/100|[from] Sandstorm\n|upkeep\n|turn|4\n|\n|t:|1700245581\n|-terastallize|p2a: Dondozo|Dragon\n|move|p1a: King Tyrant|Thunderbolt|p2a: Dondozo\n|-resisted|p2a: Dondozo\n|-damage|p2a: Dondozo|10\/100\n|-status|p2a: Dondozo|par\n|move|p2a: Dondozo|Rest|p2a: Dondozo\n|-status|p2a: Dondozo|slp|[from] move: Rest\n|-heal|p2a: Dondozo|100\/100 slp|[silent]\n|\n|-weather|Sandstorm|[upkeep]\n|-damage|p1a: King Tyrant|22\/100|[from] Sandstorm\n|-damage|p2a: Dondozo|94\/100 slp|[from] Sandstorm\n|upkeep\n|turn|5\n|\n|t:|1700245596\n|move|p1a: King Tyrant|Ice Beam|p2a: Dondozo\n|-supereffective|p2a: Dondozo\n|-damage|p2a: Dondozo|45\/100 slp\n|cant|p2a: Dondozo|slp\n|move|p2a: Dondozo|Sleep Talk|p2a: Dondozo\n|move|p2a: Dondozo|Waterfall|p1a: King Tyrant|[from]move: Sleep Talk\n|-damage|p1a: King Tyrant|2\/100\n|\n|-weather|none\n|upkeep\n|turn|6\n|c|\u2606kshuaib734|NO ESCAPE FROM TYRANT\n|inactive|Hanchzha has 120 seconds left.\n|\n|t:|1700245634\n|switch|p2a: Clodsire|Clodsire, M|100\/100\n|move|p1a: King Tyrant|Ice Beam|p2a: Clodsire\n|-supereffective|p2a: Clodsire\n|-damage|p2a: Clodsire|73\/100\n|\n|upkeep\n|turn|7\n|inactive|Hanchzha has 120 seconds left.\n|\n|t:|1700245643\n|switch|p2a: Alomomola|Alomomola, F|100\/100\n|move|p1a: King Tyrant|Earthquake|p2a: Alomomola\n|-damage|p2a: Alomomola|70\/100\n|\n|upkeep\n|turn|8\n|inactive|Hanchzha has 120 seconds left.\n|\n|t:|1700245661\n|move|p1a: King Tyrant|Thunderbolt|p2a: Alomomola\n|-supereffective|p2a: Alomomola\n|-damage|p2a: Alomomola|0 fnt\n|faint|p2a: Alomomola\n|\n|upkeep\n|-message|Hanchzha forfeited.\n|\n|win|kshuaib734\n|raw|kshuaib734's rating: 1649 &rarr; <strong>1671<\/strong><br \/>(+22 for winning)\n|raw|Hanchzha's rating: 1682 &rarr; <strong>1660<\/strong><br \/>(-22 for losing)\n|l|\u2606Hanchzha\n|c|\u2606kshuaib734|TYRANTTTTTT\n","uploadtime":1700245679,"views":17,"p1id":"kshuaib734","p2id":"hanchzha","formatid":"gen9ou","rating":1660,"private":0,"password":""}