{"id":"gen9ou-1988887760","p1":"tranmin001","p2":"Lagme","format":"[Gen 9] OU","log":"|j|\u2606tranmin001\n|j|\u2606Lagme\n|t:|1699781524\n|gametype|singles\n|player|p1|tranmin001|266|1593\n|player|p2|Lagme|266|1625\n|teamsize|p1|6\n|teamsize|p2|6\n|gen|9\n|tier|[Gen 9] OU\n|rated|\n|rule|Sleep Clause Mod: Limit one foe put to sleep\n|rule|Species Clause: Limit one of each Pok\u00e9mon\n|rule|OHKO Clause: OHKO moves are banned\n|rule|Evasion Items Clause: Evasion items are banned\n|rule|Evasion Moves Clause: Evasion moves are banned\n|rule|Endless Battle Clause: Forcing endless battles is banned\n|rule|HP Percentage Mod: HP is shown in percentages\n|clearpoke\n|poke|p1|Great Tusk|\n|poke|p1|Hatterene, F|\n|poke|p1|Dondozo, M|\n|poke|p1|Mandibuzz, F|\n|poke|p1|Heatran, F|\n|poke|p1|Dragapult, F|\n|poke|p2|Enamorus, F|\n|poke|p2|Dragapult, F|\n|poke|p2|Iron Valiant|\n|poke|p2|Gholdengo|\n|poke|p2|Iron Treads|\n|poke|p2|Dragonite, M|\n|teampreview\n|inactive|Battle timer is ON: inactive players will automatically lose when time's up. (requested by tranmin001)\n|\n|t:|1699781535\n|start\n|switch|p1a: Dragapult|Dragapult, F, shiny|100\/100\n|switch|p2a: Enamorus|Enamorus, F|100\/100\n|turn|1\n|\n|t:|1699781541\n|-terastallize|p1a: Dragapult|Ghost\n|move|p1a: Dragapult|Shadow Ball|p2a: Enamorus\n|-damage|p2a: Enamorus|0 fnt\n|faint|p2a: Enamorus\n|\n|upkeep\n|\n|t:|1699781551\n|switch|p2a: Iron Treads|Iron Treads|100\/100\n|-enditem|p2a: Iron Treads|Booster Energy\n|-activate|p2a: Iron Treads|ability: Quark Drive|[fromitem]\n|-start|p2a: Iron Treads|quarkdrivespe\n|turn|2\n|\n|t:|1699781556\n|switch|p1a: Heatran|Heatran, F, shiny|100\/100\n|move|p2a: Iron Treads|Knock Off|p1a: Heatran\n|-crit|p1a: Heatran\n|-damage|p1a: Heatran|70\/100\n|-status|p2a: Iron Treads|brn|[from] ability: Flame Body|[of] p1a: Heatran\n|-enditem|p1a: Heatran|Leftovers|[from] move: Knock Off|[of] p2a: Iron Treads\n|\n|-damage|p2a: Iron Treads|94\/100 brn|[from] brn\n|upkeep\n|turn|3\n|\n|t:|1699781559\n|switch|p1a: Hatterene|Hatterene, F, shiny|100\/100\n|move|p2a: Iron Treads|Stealth Rock|p1a: Hatterene\n|move|p1a: Hatterene|Stealth Rock|p2a: Iron Treads|[from]ability: Magic Bounce\n|-sidestart|p2: Lagme|move: Stealth Rock\n|\n|-damage|p2a: Iron Treads|88\/100 brn|[from] brn\n|upkeep\n|turn|4\n|\n|t:|1699781563\n|move|p2a: Iron Treads|Rapid Spin|p1a: Hatterene\n|-damage|p1a: Hatterene|95\/100\n|-boost|p2a: Iron Treads|spe|1\n|-sideend|p2: Lagme|Stealth Rock|[from] move: Rapid Spin|[of] p2a: Iron Treads\n|move|p1a: Hatterene|Calm Mind|p1a: Hatterene\n|-boost|p1a: Hatterene|spa|1\n|-boost|p1a: Hatterene|spd|1\n|\n|-heal|p1a: Hatterene|100\/100|[from] item: Leftovers\n|-damage|p2a: Iron Treads|82\/100 brn|[from] brn\n|upkeep\n|turn|5\n|\n|t:|1699781566\n|move|p2a: Iron Treads|Knock Off|p1a: Hatterene\n|-damage|p1a: Hatterene|90\/100\n|-enditem|p1a: Hatterene|Leftovers|[from] move: Knock Off|[of] p2a: Iron Treads\n|move|p1a: Hatterene|Calm Mind|p1a: Hatterene\n|-boost|p1a: Hatterene|spa|1\n|-boost|p1a: Hatterene|spd|1\n|\n|-damage|p2a: Iron Treads|75\/100 brn|[from] brn\n|upkeep\n|turn|6\n|\n|t:|1699781573\n|-end|p2a: Iron Treads|Quark Drive|[silent]\n|switch|p2a: Dragapult|Dragapult, F|100\/100\n|move|p1a: Hatterene|Calm Mind|p1a: Hatterene\n|-boost|p1a: Hatterene|spa|1\n|-boost|p1a: Hatterene|spd|1\n|\n|upkeep\n|turn|7\n|\n|t:|1699781577\n|move|p2a: Dragapult|Phantom Force||[still]\n|-prepare|p2a: Dragapult|Phantom Force\n|move|p1a: Hatterene|Draining Kiss|p2a: Dragapult|[miss]\n|-miss|p1a: Hatterene|p2a: Dragapult\n|\n|upkeep\n|turn|8\n|\n|t:|1699781582\n|switch|p1a: Mandibuzz|Mandibuzz, F, shiny|100\/100\n|move|p2a: Dragapult|Phantom Force|p1a: Mandibuzz|[from]lockedmove\n|-resisted|p1a: Mandibuzz\n|-damage|p1a: Mandibuzz|86\/100\n|\n|upkeep\n|turn|9\n|\n|t:|1699781585\n|switch|p2a: Iron Treads|Iron Treads|75\/100 brn\n|move|p1a: Mandibuzz|Foul Play|p2a: Iron Treads\n|-damage|p2a: Iron Treads|46\/100 brn\n|\n|-damage|p2a: Iron Treads|39\/100 brn|[from] brn\n|upkeep\n|turn|10\n|\n|t:|1699781588\n|switch|p1a: Hatterene|Hatterene, F, shiny|90\/100\n|move|p2a: Iron Treads|Knock Off|p1a: Hatterene\n|-damage|p1a: Hatterene|84\/100\n|\n|-damage|p2a: Iron Treads|33\/100 brn|[from] brn\n|upkeep\n|turn|11\n|\n|t:|1699781592\n|move|p2a: Iron Treads|Earthquake|p1a: Hatterene\n|-damage|p1a: Hatterene|68\/100\n|move|p1a: Hatterene|Draining Kiss|p2a: Iron Treads\n|-resisted|p2a: Iron Treads\n|-damage|p2a: Iron Treads|19\/100 brn\n|-heal|p1a: Hatterene|81\/100|[from] drain|[of] p2a: Iron Treads\n|\n|-damage|p2a: Iron Treads|13\/100 brn|[from] brn\n|upkeep\n|turn|12\n|\n|t:|1699781595\n|move|p2a: Iron Treads|Earthquake|p1a: Hatterene\n|-damage|p1a: Hatterene|67\/100\n|move|p1a: Hatterene|Draining Kiss|p2a: Iron Treads\n|-resisted|p2a: Iron Treads\n|-damage|p2a: Iron Treads|0 fnt\n|-heal|p1a: Hatterene|78\/100|[from] drain|[of] p2a: Iron Treads\n|faint|p2a: Iron Treads\n|-end|p2a: Iron Treads|Quark Drive|[silent]\n|\n|upkeep\n|\n|t:|1699781601\n|switch|p2a: Gholdengo|Gholdengo|100\/100\n|-item|p2a: Gholdengo|Air Balloon\n|turn|13\n|\n|t:|1699781604\n|switch|p1a: Mandibuzz|Mandibuzz, F, shiny|86\/100\n|move|p2a: Gholdengo|Make It Rain|p1a: Mandibuzz\n|-damage|p1a: Mandibuzz|35\/100\n|-unboost|p2a: Gholdengo|spa|1\n|\n|upkeep\n|turn|14\n|\n|t:|1699781609\n|switch|p1a: Heatran|Heatran, F, shiny|70\/100\n|move|p2a: Gholdengo|Make It Rain|p1a: Heatran\n|-resisted|p1a: Heatran\n|-damage|p1a: Heatran|63\/100\n|-unboost|p2a: Gholdengo|spa|1\n|\n|upkeep\n|turn|15\n|\n|t:|1699781613\n|switch|p2a: Dragonite|Dragonite, M|100\/100\n|move|p1a: Heatran|Magma Storm|p2a: Dragonite\n|-resisted|p2a: Dragonite\n|-damage|p2a: Dragonite|89\/100\n|-activate|p2a: Dragonite|move: Magma Storm|[of] p1a: Heatran\n|\n|-damage|p2a: Dragonite|77\/100|[from] move: Magma Storm|[partiallytrapped]\n|upkeep\n|turn|16\n|\n|t:|1699781623\n|switch|p1a: Dondozo|Dondozo, M, shiny|100\/100\n|move|p2a: Dragonite|Earthquake|p1a: Dondozo\n|-damage|p1a: Dondozo|75\/100\n|\n|-heal|p1a: Dondozo|82\/100|[from] item: Leftovers\n|-end|p2a: Dragonite|Magma Storm|[partiallytrapped]|[silent]\n|upkeep\n|turn|17\n|\n|t:|1699781628\n|switch|p2a: Iron Valiant|Iron Valiant|100\/100\n|-enditem|p2a: Iron Valiant|Booster Energy\n|-activate|p2a: Iron Valiant|ability: Quark Drive|[fromitem]\n|-start|p2a: Iron Valiant|quarkdrivespe\n|move|p1a: Dondozo|Liquidation|p2a: Iron Valiant\n|-damage|p2a: Iron Valiant|60\/100\n|-unboost|p2a: Iron Valiant|def|1\n|\n|-heal|p1a: Dondozo|88\/100|[from] item: Leftovers\n|upkeep\n|turn|18\n|\n|t:|1699781635\n|-end|p2a: Iron Valiant|Quark Drive|[silent]\n|switch|p2a: Dragapult|Dragapult, F|100\/100\n|move|p1a: Dondozo|Liquidation|p2a: Dragapult\n|-resisted|p2a: Dragapult\n|-damage|p2a: Dragapult|80\/100\n|\n|-heal|p1a: Dondozo|94\/100|[from] item: Leftovers\n|upkeep\n|turn|19\n|\n|t:|1699781638\n|move|p2a: Dragapult|Dragon Darts|p1a: Dondozo\n|-damage|p1a: Dondozo|77\/100\n|-anim|p2a: Dragapult|Dragon Darts|p1a: Dondozo\n|-damage|p1a: Dondozo|60\/100\n|move|p1a: Dondozo|Curse|p1a: Dondozo\n|-unboost|p1a: Dondozo|spe|1\n|-boost|p1a: Dondozo|atk|1\n|-boost|p1a: Dondozo|def|1\n|\n|-heal|p1a: Dondozo|66\/100|[from] item: Leftovers\n|upkeep\n|turn|20\n|\n|t:|1699781642\n|switch|p2a: Iron Valiant|Iron Valiant|60\/100\n|move|p1a: Dondozo|Liquidation|p2a: Iron Valiant\n|-damage|p2a: Iron Valiant|0 fnt\n|faint|p2a: Iron Valiant\n|-end|p2a: Iron Valiant|Quark Drive|[silent]\n|\n|-heal|p1a: Dondozo|72\/100|[from] item: Leftovers\n|upkeep\n|\n|t:|1699781645\n|switch|p2a: Gholdengo|Gholdengo|100\/100\n|-item|p2a: Gholdengo|Air Balloon\n|turn|21\n|\n|t:|1699781651\n|move|p2a: Gholdengo|Shadow Ball|p1a: Dondozo\n|-damage|p1a: Dondozo|45\/100\n|move|p1a: Dondozo|Curse|p1a: Dondozo\n|-unboost|p1a: Dondozo|spe|1\n|-boost|p1a: Dondozo|atk|1\n|-boost|p1a: Dondozo|def|1\n|\n|-heal|p1a: Dondozo|51\/100|[from] item: Leftovers\n|upkeep\n|turn|22\n|\n|t:|1699781658\n|move|p2a: Gholdengo|Shadow Ball|p1a: Dondozo\n|-damage|p1a: Dondozo|26\/100\n|move|p1a: Dondozo|Rest|p1a: Dondozo\n|-status|p1a: Dondozo|slp|[from] move: Rest\n|-heal|p1a: Dondozo|100\/100 slp|[silent]\n|\n|upkeep\n|turn|23\n|\n|t:|1699781661\n|move|p2a: Gholdengo|Shadow Ball|p1a: Dondozo\n|-damage|p1a: Dondozo|74\/100 slp\n|cant|p1a: Dondozo|slp\n|move|p1a: Dondozo|Sleep Talk|p1a: Dondozo\n|move|p1a: Dondozo|Liquidation|p2a: Gholdengo|[from]move: Sleep Talk\n|-damage|p2a: Gholdengo|30\/100\n|-enditem|p2a: Gholdengo|Air Balloon\n|\n|-heal|p1a: Dondozo|80\/100 slp|[from] item: Leftovers\n|upkeep\n|turn|24\n|\n|t:|1699781663\n|move|p2a: Gholdengo|Shadow Ball|p1a: Dondozo\n|-damage|p1a: Dondozo|53\/100 slp\n|-unboost|p1a: Dondozo|spd|1\n|cant|p1a: Dondozo|slp\n|move|p1a: Dondozo|Sleep Talk|p1a: Dondozo\n|move|p1a: Dondozo|Liquidation|p2a: Gholdengo|[from]move: Sleep Talk\n|-damage|p2a: Gholdengo|0 fnt\n|faint|p2a: Gholdengo\n|\n|-heal|p1a: Dondozo|60\/100 slp|[from] item: Leftovers\n|upkeep\n|\n|t:|1699781666\n|switch|p2a: Dragonite|Dragonite, M|77\/100\n|turn|25\n|-message|Lagme forfeited.\n|\n|win|tranmin001\n|raw|tranmin001's rating: 1593 &rarr; <strong>1615<\/strong><br \/>(+22 for winning)\n|raw|Lagme's rating: 1625 &rarr; <strong>1603<\/strong><br \/>(-22 for losing)\n|l|\u2606Lagme\n","uploadtime":1699781675,"views":35,"p1id":"tranmin001","p2id":"lagme","formatid":"gen9ou","rating":1603,"private":0,"password":""}