{"id":"gen9ou-1999883417","p1":"AkiDes","p2":"Watchadoin","format":"[Gen 9] OU","log":"|j|\u2606AkiDes\n|j|\u2606Watchadoin\n|t:|1701126067\n|gametype|singles\n|player|p1|AkiDes|volkner|1168\n|player|p2|Watchadoin|waiter-gen4dp|1131\n|teamsize|p1|6\n|teamsize|p2|6\n|gen|9\n|tier|[Gen 9] OU\n|rated|\n|rule|Sleep Clause Mod: Limit one foe put to sleep\n|rule|Species Clause: Limit one of each Pok\u00e9mon\n|rule|OHKO Clause: OHKO moves are banned\n|rule|Evasion Items Clause: Evasion items are banned\n|rule|Evasion Moves Clause: Evasion moves are banned\n|rule|Endless Battle Clause: Forcing endless battles is banned\n|rule|HP Percentage Mod: HP is shown in percentages\n|clearpoke\n|poke|p1|Greninja-*, M|\n|poke|p1|Dragonite, M|\n|poke|p1|Cinderace, F|\n|poke|p1|Mandibuzz, F|\n|poke|p1|Jolteon, F|\n|poke|p1|Landorus-Therian, M|\n|poke|p2|Overqwil, F|\n|poke|p2|Gholdengo|\n|poke|p2|Great Tusk|\n|poke|p2|Iron Valiant|\n|poke|p2|Dragapult, M|\n|poke|p2|Ogerpon-Wellspring, F|\n|teampreview\n|\n|t:|1701126081\n|start\n|switch|p1a: Fuego en la pista|Cinderace, F|100\/100\n|switch|p2a: Overqwil|Overqwil, F|100\/100\n|-ability|p2a: Overqwil|Intimidate|boost\n|-unboost|p1a: Fuego en la pista|atk|1\n|turn|1\n|\n|t:|1701126087\n|move|p1a: Fuego en la pista|U-turn|p2a: Overqwil\n|-start|p1a: Fuego en la pista|typechange|Bug|[from] ability: Libero\n|-damage|p2a: Overqwil|83\/100\n|\n|t:|1701126094\n|switch|p1a: Prueba nomas|Landorus-Therian, M|100\/100|[from] U-turn\n|-ability|p1a: Prueba nomas|Intimidate|boost\n|-unboost|p2a: Overqwil|atk|1\n|move|p2a: Overqwil|Toxic Spikes|p1a: Prueba nomas\n|-sidestart|p1: AkiDes|move: Toxic Spikes\n|\n|-heal|p2a: Overqwil|90\/100|[from] item: Leftovers\n|upkeep\n|turn|2\n|\n|t:|1701126101\n|switch|p2a: Ogerpon|Ogerpon-Wellspring, F|100\/100\n|move|p1a: Prueba nomas|Stealth Rock|p2a: Ogerpon\n|-sidestart|p2: Watchadoin|move: Stealth Rock\n|\n|upkeep\n|turn|3\n|\n|t:|1701126106\n|switch|p1a: Festin celestial|Mandibuzz, F|100\/100\n|move|p2a: Ogerpon|Swords Dance|p2a: Ogerpon\n|-boost|p2a: Ogerpon|atk|2\n|\n|upkeep\n|turn|4\n|\n|t:|1701126110\n|move|p2a: Ogerpon|Ivy Cudgel|p1a: Festin celestial|[anim] Ivy Cudgel Water\n|-damage|p1a: Festin celestial|32\/100\n|move|p1a: Festin celestial|Toxic|p2a: Ogerpon\n|-status|p2a: Ogerpon|tox\n|\n|-damage|p2a: Ogerpon|95\/100 tox|[from] psn\n|upkeep\n|turn|5\n|\n|t:|1701126115\n|move|p2a: Ogerpon|Ivy Cudgel|p1a: Festin celestial|[anim] Ivy Cudgel Water\n|-damage|p1a: Festin celestial|0 fnt\n|faint|p1a: Festin celestial\n|\n|-damage|p2a: Ogerpon|83\/100 tox|[from] psn\n|upkeep\n|\n|t:|1701126117\n|switch|p1a: Cacahuate|Dragonite, M|100\/100\n|turn|6\n|\n|t:|1701126123\n|switch|p2a: Overqwil|Overqwil, F|90\/100\n|-damage|p2a: Overqwil|77\/100|[from] Stealth Rock\n|-ability|p2a: Overqwil|Intimidate|boost\n|-unboost|p1a: Cacahuate|atk|1\n|move|p1a: Cacahuate|Dragon Dance|p1a: Cacahuate\n|-boost|p1a: Cacahuate|atk|1\n|-boost|p1a: Cacahuate|spe|1\n|\n|-heal|p2a: Overqwil|83\/100|[from] item: Leftovers\n|upkeep\n|turn|7\n|\n|t:|1701126127\n|move|p1a: Cacahuate|Earthquake|p2a: Overqwil\n|-supereffective|p2a: Overqwil\n|-damage|p2a: Overqwil|22\/100\n|move|p2a: Overqwil|Gunk Shot|p1a: Cacahuate\n|-damage|p1a: Cacahuate|72\/100\n|\n|-heal|p2a: Overqwil|29\/100|[from] item: Leftovers\n|upkeep\n|turn|8\n|\n|t:|1701126131\n|switch|p2a: Great Tusk|Great Tusk|100\/100\n|move|p1a: Cacahuate|Earthquake|p2a: Great Tusk\n|-damage|p2a: Great Tusk|75\/100\n|\n|upkeep\n|turn|9\n|\n|t:|1701126136\n|-terastallize|p1a: Cacahuate|Normal\n|move|p1a: Cacahuate|Dragon Dance|p1a: Cacahuate\n|-boost|p1a: Cacahuate|atk|1\n|-boost|p1a: Cacahuate|spe|1\n|move|p2a: Great Tusk|Rapid Spin|p1a: Cacahuate\n|-damage|p1a: Cacahuate|53\/100\n|-boost|p2a: Great Tusk|spe|1\n|-sideend|p2: Watchadoin|Stealth Rock|[from] move: Rapid Spin|[of] p2a: Great Tusk\n|\n|upkeep\n|turn|10\n|\n|t:|1701126151\n|move|p1a: Cacahuate|Extreme Speed|p2a: Great Tusk\n|-damage|p2a: Great Tusk|33\/100\n|move|p2a: Great Tusk|Close Combat|p1a: Cacahuate\n|-supereffective|p1a: Cacahuate\n|-damage|p1a: Cacahuate|0 fnt\n|-unboost|p2a: Great Tusk|def|1\n|-unboost|p2a: Great Tusk|spd|1\n|faint|p1a: Cacahuate\n|\n|upkeep\n|\n|t:|1701126159\n|switch|p1a: Babotas|Greninja, M|100\/100\n|-status|p1a: Babotas|psn\n|turn|11\n|\n|t:|1701126163\n|-end|p2a: Great Tusk|Protosynthesis|[silent]\n|switch|p2a: Ogerpon|Ogerpon-Wellspring, F|83\/100 tox\n|move|p1a: Babotas|Ice Beam|p2a: Ogerpon\n|-start|p1a: Babotas|typechange|Ice|[from] ability: Protean\n|-damage|p2a: Ogerpon|34\/100 tox\n|\n|-damage|p1a: Babotas|88\/100 psn|[from] psn\n|-damage|p2a: Ogerpon|28\/100 tox|[from] psn\n|upkeep\n|turn|12\n|\n|t:|1701126167\n|switch|p2a: Gholdengo|Gholdengo|100\/100\n|move|p1a: Babotas|Ice Beam|p2a: Gholdengo\n|-resisted|p2a: Gholdengo\n|-damage|p2a: Gholdengo|82\/100\n|\n|-heal|p2a: Gholdengo|88\/100|[from] item: Leftovers\n|-damage|p1a: Babotas|76\/100 psn|[from] psn\n|upkeep\n|turn|13\n|\n|t:|1701126171\n|switch|p1a: Prueba nomas|Landorus-Therian, M|100\/100\n|-ability|p1a: Prueba nomas|Intimidate|boost\n|-unboost|p2a: Gholdengo|atk|1\n|move|p2a: Gholdengo|Hex|p1a: Prueba nomas\n|-damage|p1a: Prueba nomas|54\/100\n|\n|-heal|p2a: Gholdengo|94\/100|[from] item: Leftovers\n|upkeep\n|turn|14\n|\n|t:|1701126182\n|switch|p2a: Dragapult|Dragapult, M|100\/100\n|move|p1a: Prueba nomas|Earthquake|p2a: Dragapult\n|-damage|p2a: Dragapult|25\/100\n|\n|upkeep\n|turn|15\n|\n|t:|1701126187\n|move|p2a: Dragapult|Dragon Dance|p2a: Dragapult\n|-boost|p2a: Dragapult|atk|1\n|-boost|p2a: Dragapult|spe|1\n|move|p1a: Prueba nomas|Earthquake|p2a: Dragapult\n|-damage|p2a: Dragapult|0 fnt\n|faint|p2a: Dragapult\n|\n|upkeep\n|\n|t:|1701126191\n|switch|p2a: Iron Valiant|Iron Valiant|100\/100\n|-enditem|p2a: Iron Valiant|Booster Energy\n|-activate|p2a: Iron Valiant|ability: Quark Drive|[fromitem]\n|-start|p2a: Iron Valiant|quarkdrivespe\n|turn|16\n|\n|t:|1701126194\n|move|p2a: Iron Valiant|Moonblast|p1a: Prueba nomas\n|-damage|p1a: Prueba nomas|0 fnt\n|faint|p1a: Prueba nomas\n|\n|upkeep\n|\n|t:|1701126198\n|switch|p1a: Fuego en la pista|Cinderace, F|100\/100\n|-status|p1a: Fuego en la pista|psn\n|turn|17\n|\n|t:|1701126205\n|move|p2a: Iron Valiant|Thunderbolt|p1a: Fuego en la pista\n|-damage|p1a: Fuego en la pista|73\/100 psn\n|move|p1a: Fuego en la pista|Pyro Ball|p2a: Iron Valiant\n|-damage|p2a: Iron Valiant|29\/100\n|-status|p2a: Iron Valiant|brn\n|\n|-damage|p1a: Fuego en la pista|61\/100 psn|[from] psn\n|-damage|p2a: Iron Valiant|23\/100 brn|[from] brn\n|upkeep\n|turn|18\n|\n|t:|1701126214\n|move|p2a: Iron Valiant|Thunderbolt|p1a: Fuego en la pista\n|-damage|p1a: Fuego en la pista|33\/100 psn\n|move|p1a: Fuego en la pista|Pyro Ball|p2a: Iron Valiant\n|-damage|p2a: Iron Valiant|0 fnt\n|faint|p2a: Iron Valiant\n|-end|p2a: Iron Valiant|Quark Drive|[silent]\n|\n|-damage|p1a: Fuego en la pista|20\/100 psn|[from] psn\n|upkeep\n|\n|t:|1701126222\n|switch|p2a: Great Tusk|Great Tusk|33\/100\n|turn|19\n|\n|t:|1701126225\n|move|p1a: Fuego en la pista|Pyro Ball|p2a: Great Tusk\n|-crit|p2a: Great Tusk\n|-damage|p2a: Great Tusk|0 fnt\n|faint|p2a: Great Tusk\n|-end|p2a: Great Tusk|Protosynthesis|[silent]\n|\n|-damage|p1a: Fuego en la pista|8\/100 psn|[from] psn\n|upkeep\n|\n|t:|1701126229\n|switch|p2a: Overqwil|Overqwil, F|29\/100\n|-ability|p2a: Overqwil|Intimidate|boost\n|-unboost|p1a: Fuego en la pista|atk|1\n|turn|20\n|\n|t:|1701126235\n|move|p1a: Fuego en la pista|Pyro Ball|p2a: Overqwil\n|-damage|p2a: Overqwil|0 fnt\n|faint|p2a: Overqwil\n|\n|-damage|p1a: Fuego en la pista|0 fnt|[from] psn\n|faint|p1a: Fuego en la pista\n|upkeep\n|\n|t:|1701126240\n|switch|p1a: Babotas|Greninja, M|76\/100 psn\n|switch|p2a: Gholdengo|Gholdengo|94\/100\n|turn|21\n|\n|t:|1701126245\n|-terastallize|p2a: Gholdengo|Water\n|move|p1a: Babotas|Dark Pulse|p2a: Gholdengo\n|-start|p1a: Babotas|typechange|Dark|[from] ability: Protean\n|-damage|p2a: Gholdengo|61\/100\n|move|p2a: Gholdengo|Hex|p1a: Babotas\n|-resisted|p1a: Babotas\n|-damage|p1a: Babotas|19\/100 psn\n|\n|-heal|p2a: Gholdengo|67\/100|[from] item: Leftovers\n|-damage|p1a: Babotas|7\/100 psn|[from] psn\n|upkeep\n|turn|22\n|\n|t:|1701126250\n|move|p1a: Babotas|Dark Pulse|p2a: Gholdengo\n|-damage|p2a: Gholdengo|30\/100\n|move|p2a: Gholdengo|Recover|p2a: Gholdengo\n|-heal|p2a: Gholdengo|80\/100\n|\n|-heal|p2a: Gholdengo|86\/100|[from] item: Leftovers\n|-damage|p1a: Babotas|0 fnt|[from] psn\n|faint|p1a: Babotas\n|upkeep\n|\n|t:|1701126253\n|switch|p1a: Jarcres|Jolteon, F|100\/100\n|-status|p1a: Jarcres|psn\n|turn|23\n|\n|t:|1701126255\n|move|p1a: Jarcres|Thunderbolt|p2a: Gholdengo\n|-supereffective|p2a: Gholdengo\n|-damage|p2a: Gholdengo|0 fnt\n|faint|p2a: Gholdengo\n|\n|-damage|p1a: Jarcres|88\/100 psn|[from] psn\n|upkeep\n|\n|t:|1701126258\n|switch|p2a: Ogerpon|Ogerpon-Wellspring, F|28\/100 tox\n|turn|24\n|\n|t:|1701126260\n|move|p1a: Jarcres|Thunderbolt|p2a: Ogerpon\n|-damage|p2a: Ogerpon|0 fnt\n|faint|p2a: Ogerpon\n|\n|win|AkiDes\n|raw|AkiDes's rating: 1168 &rarr; <strong>1190<\/strong><br \/>(+22 for winning)\n|raw|Watchadoin's rating: 1131 &rarr; <strong>1109<\/strong><br \/>(-22 for losing)\n","uploadtime":1701126263,"views":3,"p1id":"akides","p2id":"watchadoin","formatid":"gen9ou","rating":1109,"private":0,"password":""}