{"id":"gen9ou-1988428662","p1":"Hose1801","p2":"Geki01","format":"[Gen 9] OU","log":"|j|\u2606Hose1801\n|j|\u2606Geki01\n|t:|1699721935\n|gametype|singles\n|player|p1|Hose1801|170|1195\n|player|p2|Geki01|silver|1245\n|teamsize|p1|6\n|teamsize|p2|6\n|gen|9\n|tier|[Gen 9] OU\n|rated|\n|rule|Sleep Clause Mod: Limit one foe put to sleep\n|rule|Species Clause: Limit one of each Pok\u00e9mon\n|rule|OHKO Clause: OHKO moves are banned\n|rule|Evasion Items Clause: Evasion items are banned\n|rule|Evasion Moves Clause: Evasion moves are banned\n|rule|Endless Battle Clause: Forcing endless battles is banned\n|rule|HP Percentage Mod: HP is shown in percentages\n|clearpoke\n|poke|p1|Clodsire, M|\n|poke|p1|Great Tusk|\n|poke|p1|Torkoal, M|\n|poke|p1|Slowking-Galar, F|\n|poke|p1|Skeledirge, F|\n|poke|p1|Lilligant-Hisui, F|\n|poke|p2|Toxapex, F|\n|poke|p2|Enamorus, F|\n|poke|p2|Great Tusk|\n|poke|p2|Rillaboom, M|\n|poke|p2|Dragapult, M|\n|poke|p2|Volcanion|\n|teampreview\n|inactive|Battle timer is ON: inactive players will automatically lose when time's up. (requested by Hose1801)\n|\n|t:|1699721978\n|start\n|switch|p1a: Torkoal|Torkoal, M|100\/100\n|switch|p2a: Toxapex|Toxapex, F|100\/100\n|-weather|SunnyDay|[from] ability: Drought|[of] p1a: Torkoal\n|turn|1\n|\n|t:|1699721991\n|move|p2a: Toxapex|Toxic|p1a: Torkoal\n|-status|p1a: Torkoal|tox\n|move|p1a: Torkoal|Stealth Rock|p2a: Toxapex\n|-sidestart|p2: Geki01|move: Stealth Rock\n|\n|-weather|SunnyDay|[upkeep]\n|-damage|p1a: Torkoal|94\/100 tox|[from] psn\n|upkeep\n|turn|2\n|\n|t:|1699722003\n|switch|p2a: Great Tusk|Great Tusk|100\/100\n|-activate|p2a: Great Tusk|ability: Protosynthesis\n|-start|p2a: Great Tusk|protosynthesisspe\n|switch|p1a: Clodsire|Clodsire, M|100\/100\n|\n|-weather|SunnyDay|[upkeep]\n|upkeep\n|turn|3\n|\n|t:|1699722019\n|switch|p1a: Skeledirge|Skeledirge, F|100\/100\n|move|p2a: Great Tusk|Bulk Up|p2a: Great Tusk\n|-boost|p2a: Great Tusk|atk|1\n|-boost|p2a: Great Tusk|def|1\n|\n|-weather|SunnyDay|[upkeep]\n|upkeep\n|turn|4\n|\n|t:|1699722031\n|switch|p1a: Great Tusk|Great Tusk|100\/100\n|-activate|p1a: Great Tusk|ability: Protosynthesis\n|-start|p1a: Great Tusk|protosynthesisdef\n|move|p2a: Great Tusk|Headlong Rush|p1a: Great Tusk\n|-damage|p1a: Great Tusk|73\/100\n|-unboost|p2a: Great Tusk|def|1\n|-unboost|p2a: Great Tusk|spd|1\n|\n|-weather|SunnyDay|[upkeep]\n|-heal|p1a: Great Tusk|79\/100|[from] item: Leftovers\n|upkeep\n|turn|5\n|\n|t:|1699722040\n|move|p2a: Great Tusk|Ice Spinner|p1a: Great Tusk\n|-supereffective|p1a: Great Tusk\n|-damage|p1a: Great Tusk|53\/100\n|move|p1a: Great Tusk|Knock Off|p2a: Great Tusk\n|-resisted|p2a: Great Tusk\n|-damage|p2a: Great Tusk|92\/100\n|-enditem|p2a: Great Tusk|Heavy-Duty Boots|[from] move: Knock Off|[of] p1a: Great Tusk\n|\n|-weather|SunnyDay|[upkeep]\n|-heal|p1a: Great Tusk|59\/100|[from] item: Leftovers\n|upkeep\n|turn|6\n|\n|t:|1699722047\n|move|p2a: Great Tusk|Rapid Spin|p1a: Great Tusk\n|-damage|p1a: Great Tusk|51\/100\n|-boost|p2a: Great Tusk|spe|1\n|-sideend|p2: Geki01|Stealth Rock|[from] move: Rapid Spin|[of] p2a: Great Tusk\n|move|p1a: Great Tusk|Bulk Up|p1a: Great Tusk\n|-boost|p1a: Great Tusk|atk|1\n|-boost|p1a: Great Tusk|def|1\n|\n|-weather|SunnyDay|[upkeep]\n|-heal|p1a: Great Tusk|57\/100|[from] item: Leftovers\n|upkeep\n|turn|7\n|\n|t:|1699722054\n|-end|p2a: Great Tusk|Protosynthesis|[silent]\n|switch|p2a: Enamorus|Enamorus, F|100\/100\n|move|p1a: Great Tusk|Earthquake|p2a: Enamorus\n|-immune|p2a: Enamorus\n|\n|-weather|SunnyDay|[upkeep]\n|-heal|p1a: Great Tusk|63\/100|[from] item: Leftovers\n|upkeep\n|turn|8\n|\n|t:|1699722066\n|-end|p1a: Great Tusk|Protosynthesis|[silent]\n|switch|p1a: Clodsire|Clodsire, M|100\/100\n|move|p2a: Enamorus|Mystical Fire|p1a: Clodsire\n|-damage|p1a: Clodsire|77\/100\n|-unboost|p1a: Clodsire|spa|1\n|\n|-weather|none\n|-heal|p1a: Clodsire|84\/100|[from] item: Black Sludge\n|upkeep\n|turn|9\n|\n|t:|1699722087\n|switch|p2a: Dragapult|Dragapult, M|100\/100\n|move|p1a: Clodsire|Poison Jab|p2a: Dragapult\n|-resisted|p2a: Dragapult\n|-damage|p2a: Dragapult|84\/100\n|\n|-heal|p1a: Clodsire|90\/100|[from] item: Black Sludge\n|upkeep\n|turn|10\n|\n|t:|1699722099\n|switch|p1a: Torkoal|Torkoal, M|94\/100 tox\n|-weather|SunnyDay|[from] ability: Drought|[of] p1a: Torkoal\n|move|p2a: Dragapult|Dragon Dance|p2a: Dragapult\n|-boost|p2a: Dragapult|atk|1\n|-boost|p2a: Dragapult|spe|1\n|\n|-weather|SunnyDay|[upkeep]\n|-damage|p1a: Torkoal|88\/100 tox|[from] psn\n|upkeep\n|turn|11\n|\n|t:|1699722104\n|move|p2a: Dragapult|Dragon Dance|p2a: Dragapult\n|-boost|p2a: Dragapult|atk|1\n|-boost|p2a: Dragapult|spe|1\n|move|p1a: Torkoal|Will-O-Wisp|p2a: Dragapult\n|-status|p2a: Dragapult|brn\n|\n|-weather|SunnyDay|[upkeep]\n|-damage|p1a: Torkoal|76\/100 tox|[from] psn\n|-damage|p2a: Dragapult|78\/100 brn|[from] brn\n|upkeep\n|turn|12\n|\n|t:|1699722109\n|switch|p1a: Great Tusk|Great Tusk|63\/100\n|-activate|p1a: Great Tusk|ability: Protosynthesis\n|-start|p1a: Great Tusk|protosynthesisdef\n|move|p2a: Dragapult|Dragon Dance|p2a: Dragapult\n|-boost|p2a: Dragapult|atk|1\n|-boost|p2a: Dragapult|spe|1\n|\n|-weather|SunnyDay|[upkeep]\n|-heal|p1a: Great Tusk|70\/100|[from] item: Leftovers\n|-damage|p2a: Dragapult|72\/100 brn|[from] brn\n|upkeep\n|turn|13\n|\n|t:|1699722117\n|move|p2a: Dragapult|U-turn|p1a: Great Tusk\n|-resisted|p1a: Great Tusk\n|-crit|p1a: Great Tusk\n|-damage|p1a: Great Tusk|61\/100\n|\n|t:|1699722121\n|switch|p2a: Enamorus|Enamorus, F|100\/100|[from] U-turn\n|move|p1a: Great Tusk|Knock Off|p2a: Enamorus\n|-resisted|p2a: Enamorus\n|-damage|p2a: Enamorus|79\/100\n|-enditem|p2a: Enamorus|Choice Scarf|[from] move: Knock Off|[of] p1a: Great Tusk\n|\n|-weather|SunnyDay|[upkeep]\n|-heal|p1a: Great Tusk|67\/100|[from] item: Leftovers\n|upkeep\n|turn|14\n|\n|t:|1699722130\n|-end|p1a: Great Tusk|Protosynthesis|[silent]\n|switch|p1a: Slowking|Slowking-Galar, F|100\/100\n|move|p2a: Enamorus|Moonblast|p1a: Slowking\n|-resisted|p1a: Slowking\n|-damage|p1a: Slowking|87\/100\n|-unboost|p1a: Slowking|spa|1\n|\n|-weather|SunnyDay|[upkeep]\n|upkeep\n|turn|15\n|\n|t:|1699722134\n|move|p2a: Enamorus|Earth Power|p1a: Slowking\n|-supereffective|p1a: Slowking\n|-damage|p1a: Slowking|50\/100\n|move|p1a: Slowking|Future Sight|p2a: Enamorus\n|-start|p1a: Slowking|move: Future Sight\n|\n|-weather|SunnyDay|[upkeep]\n|upkeep\n|turn|16\n|\n|t:|1699722142\n|switch|p1a: Clodsire|Clodsire, M|90\/100\n|move|p2a: Enamorus|Earth Power|p1a: Clodsire\n|-supereffective|p1a: Clodsire\n|-damage|p1a: Clodsire|54\/100\n|\n|-weather|SunnyDay|[upkeep]\n|-heal|p1a: Clodsire|60\/100|[from] item: Black Sludge\n|upkeep\n|turn|17\n|\n|t:|1699722168\n|-terastallize|p2a: Enamorus|Steel\n|move|p2a: Enamorus|Earth Power|p1a: Clodsire\n|-supereffective|p1a: Clodsire\n|-damage|p1a: Clodsire|24\/100\n|move|p1a: Clodsire|Recover|p1a: Clodsire\n|-heal|p1a: Clodsire|74\/100\n|\n|-weather|none\n|-end|p2a: Enamorus|move: Future Sight\n|-resisted|p2a: Enamorus\n|-damage|p2a: Enamorus|38\/100\n|-heal|p1a: Clodsire|80\/100|[from] item: Black Sludge\n|upkeep\n|turn|18\n|inactive|Geki01 has 120 seconds left.\n|\n|t:|1699722189\n|switch|p2a: Rillaboom|Rillaboom, M|100\/100\n|-fieldstart|move: Grassy Terrain|[from] ability: Grassy Surge|[of] p2a: Rillaboom\n|move|p1a: Clodsire|Earthquake|p2a: Rillaboom\n|-resisted|p2a: Rillaboom\n|-damage|p2a: Rillaboom|94\/100\n|\n|-heal|p2a: Rillaboom|99\/100|[from] Grassy Terrain\n|-heal|p1a: Clodsire|87\/100|[from] Grassy Terrain\n|-heal|p1a: Clodsire|93\/100|[from] item: Black Sludge\n|upkeep\n|turn|19\n|inactive|Geki01 has 120 seconds left.\n|\n|t:|1699722197\n|move|p2a: Rillaboom|Knock Off|p1a: Clodsire\n|-damage|p1a: Clodsire|51\/100\n|-enditem|p1a: Clodsire|Black Sludge|[from] move: Knock Off|[of] p2a: Rillaboom\n|move|p1a: Clodsire|Poison Jab|p2a: Rillaboom\n|-supereffective|p2a: Rillaboom\n|-damage|p2a: Rillaboom|60\/100\n|\n|-heal|p2a: Rillaboom|67\/100|[from] Grassy Terrain\n|-heal|p1a: Clodsire|57\/100|[from] Grassy Terrain\n|upkeep\n|turn|20\n|inactive|Geki01 has 120 seconds left.\n|\n|t:|1699722211\n|move|p2a: Rillaboom|Knock Off|p1a: Clodsire\n|-damage|p1a: Clodsire|31\/100\n|move|p1a: Clodsire|Recover|p1a: Clodsire\n|-heal|p1a: Clodsire|81\/100\n|\n|-heal|p2a: Rillaboom|73\/100|[from] Grassy Terrain\n|-heal|p1a: Clodsire|87\/100|[from] Grassy Terrain\n|upkeep\n|turn|21\n|\n|t:|1699722216\n|move|p2a: Rillaboom|Wood Hammer|p1a: Clodsire\n|-damage|p1a: Clodsire|0 fnt\n|faint|p1a: Clodsire\n|-damage|p2a: Rillaboom|40\/100|[from] Recoil\n|\n|-heal|p2a: Rillaboom|46\/100|[from] Grassy Terrain\n|upkeep\n|\n|t:|1699722224\n|switch|p1a: Torkoal|Torkoal, M|76\/100 tox\n|-weather|SunnyDay|[from] ability: Drought|[of] p1a: Torkoal\n|turn|22\n|\n|t:|1699722238\n|switch|p2a: Volcanion|Volcanion|100\/100\n|move|p1a: Torkoal|Lava Plume|p2a: Volcanion\n|-resisted|p2a: Volcanion\n|-damage|p2a: Volcanion|94\/100\n|\n|-weather|SunnyDay|[upkeep]\n|-heal|p2a: Volcanion|99\/100|[from] Grassy Terrain\n|-heal|p2a: Volcanion|100\/100|[from] item: Leftovers\n|-heal|p1a: Torkoal|82\/100 tox|[from] Grassy Terrain\n|-damage|p1a: Torkoal|76\/100 tox|[from] psn\n|-fieldend|move: Grassy Terrain\n|upkeep\n|turn|23\n|\n|t:|1699722250\n|switch|p1a: Slowking|Slowking-Galar, F|83\/100\n|move|p2a: Volcanion|Earth Power|p1a: Slowking\n|-supereffective|p1a: Slowking\n|-damage|p1a: Slowking|53\/100\n|\n|-weather|SunnyDay|[upkeep]\n|upkeep\n|turn|24\n|\n|t:|1699722262\n|move|p2a: Volcanion|Earth Power|p1a: Slowking\n|-supereffective|p1a: Slowking\n|-damage|p1a: Slowking|22\/100\n|-unboost|p1a: Slowking|spd|1\n|move|p1a: Slowking|Sludge Bomb|p2a: Volcanion\n|-damage|p2a: Volcanion|66\/100\n|\n|-weather|SunnyDay|[upkeep]\n|-heal|p2a: Volcanion|72\/100|[from] item: Leftovers\n|upkeep\n|turn|25\n|\n|t:|1699722271\n|switch|p1a: Great Tusk|Great Tusk|67\/100\n|-activate|p1a: Great Tusk|ability: Protosynthesis\n|-start|p1a: Great Tusk|protosynthesisdef\n|move|p2a: Volcanion|Flamethrower|p1a: Great Tusk\n|-damage|p1a: Great Tusk|0 fnt\n|faint|p1a: Great Tusk\n|-end|p1a: Great Tusk|Protosynthesis|[silent]\n|\n|-weather|SunnyDay|[upkeep]\n|-heal|p2a: Volcanion|79\/100|[from] item: Leftovers\n|upkeep\n|\n|t:|1699722273\n|switch|p1a: Lilligant|Lilligant-Hisui, F|100\/100\n|turn|26\n|\n|t:|1699722281\n|move|p1a: Lilligant|Close Combat|p2a: Volcanion\n|-damage|p2a: Volcanion|14\/100\n|-unboost|p1a: Lilligant|def|1\n|-unboost|p1a: Lilligant|spd|1\n|-damage|p1a: Lilligant|91\/100|[from] item: Life Orb\n|move|p2a: Volcanion|Flamethrower|p1a: Lilligant\n|-supereffective|p1a: Lilligant\n|-damage|p1a: Lilligant|0 fnt\n|faint|p1a: Lilligant\n|\n|-weather|SunnyDay|[upkeep]\n|-heal|p2a: Volcanion|20\/100|[from] item: Leftovers\n|upkeep\n|\n|t:|1699722288\n|switch|p1a: Skeledirge|Skeledirge, F|100\/100\n|turn|27\n|\n|t:|1699722302\n|-terastallize|p1a: Skeledirge|Fairy\n|move|p2a: Volcanion|Steam Eruption|p1a: Skeledirge\n|-damage|p1a: Skeledirge|76\/100\n|-status|p1a: Skeledirge|brn\n|move|p1a: Skeledirge|Torch Song|p2a: Volcanion\n|-resisted|p2a: Volcanion\n|-damage|p2a: Volcanion|8\/100\n|-boost|p1a: Skeledirge|spa|1\n|\n|-weather|SunnyDay|[upkeep]\n|-heal|p2a: Volcanion|14\/100|[from] item: Leftovers\n|-heal|p1a: Skeledirge|82\/100 brn|[from] item: Leftovers\n|-damage|p1a: Skeledirge|76\/100 brn|[from] brn\n|upkeep\n|turn|28\n|\n|t:|1699722310\n|move|p2a: Volcanion|Earth Power|p1a: Skeledirge\n|-damage|p1a: Skeledirge|50\/100 brn\n|move|p1a: Skeledirge|Torch Song|p2a: Volcanion\n|-resisted|p2a: Volcanion\n|-damage|p2a: Volcanion|0 fnt\n|-boost|p1a: Skeledirge|spa|1\n|faint|p2a: Volcanion\n|\n|-weather|SunnyDay|[upkeep]\n|-heal|p1a: Skeledirge|56\/100 brn|[from] item: Leftovers\n|-damage|p1a: Skeledirge|50\/100 brn|[from] brn\n|upkeep\n|\n|t:|1699722324\n|switch|p2a: Rillaboom|Rillaboom, M|46\/100\n|-fieldstart|move: Grassy Terrain|[from] ability: Grassy Surge|[of] p2a: Rillaboom\n|turn|29\n|\n|t:|1699722326\n|move|p2a: Rillaboom|Wood Hammer|p1a: Skeledirge\n|-damage|p1a: Skeledirge|0 fnt\n|faint|p1a: Skeledirge\n|-damage|p2a: Rillaboom|30\/100|[from] Recoil\n|\n|-weather|none\n|-heal|p2a: Rillaboom|36\/100|[from] Grassy Terrain\n|upkeep\n|\n|t:|1699722329\n|switch|p1a: Torkoal|Torkoal, M|76\/100 tox\n|-weather|SunnyDay|[from] ability: Drought|[of] p1a: Torkoal\n|turn|30\n|\n|t:|1699722333\n|move|p2a: Rillaboom|Knock Off|p1a: Torkoal\n|-damage|p1a: Torkoal|55\/100 tox\n|-enditem|p1a: Torkoal|Heat Rock|[from] move: Knock Off|[of] p2a: Rillaboom\n|move|p1a: Torkoal|Lava Plume|p2a: Rillaboom\n|-supereffective|p2a: Rillaboom\n|-damage|p2a: Rillaboom|0 fnt\n|faint|p2a: Rillaboom\n|\n|-weather|SunnyDay|[upkeep]\n|-heal|p1a: Torkoal|61\/100 tox|[from] Grassy Terrain\n|-damage|p1a: Torkoal|55\/100 tox|[from] psn\n|upkeep\n|\n|t:|1699722340\n|switch|p2a: Great Tusk|Great Tusk|92\/100\n|-activate|p2a: Great Tusk|ability: Protosynthesis\n|-start|p2a: Great Tusk|protosynthesisspe\n|turn|31\n|\n|t:|1699722345\n|move|p2a: Great Tusk|Headlong Rush|p1a: Torkoal\n|-supereffective|p1a: Torkoal\n|-damage|p1a: Torkoal|0 fnt\n|-unboost|p2a: Great Tusk|def|1\n|-unboost|p2a: Great Tusk|spd|1\n|faint|p1a: Torkoal\n|\n|-weather|SunnyDay|[upkeep]\n|-heal|p2a: Great Tusk|99\/100|[from] Grassy Terrain\n|upkeep\n|\n|t:|1699722347\n|switch|p1a: Slowking|Slowking-Galar, F|55\/100\n|turn|32\n|\n|t:|1699722355\n|move|p2a: Great Tusk|Headlong Rush|p1a: Slowking\n|-supereffective|p1a: Slowking\n|-damage|p1a: Slowking|0 fnt\n|-unboost|p2a: Great Tusk|def|1\n|-unboost|p2a: Great Tusk|spd|1\n|faint|p1a: Slowking\n|\n|win|Geki01\n|raw|Hose1801's rating: 1195 &rarr; <strong>1174<\/strong><br \/>(-21 for losing)\n|raw|Geki01's rating: 1245 &rarr; <strong>1266<\/strong><br \/>(+21 for winning)\n","uploadtime":1699722365,"views":15,"p1id":"hose1801","p2id":"geki01","formatid":"gen9ou","rating":1174,"private":0,"password":""}