{"id":"gen9ou-1999503644","p1":"Yankiken","p2":"justajynx xoxo","format":"[Gen 9] OU","log":"|j|\u2606Yankiken\n|j|\u2606justajynx xoxo\n|t:|1701089949\n|gametype|singles\n|player|p1|Yankiken|lady-gen4|\n|player|p2|justajynx xoxo|170|\n|teamsize|p1|6\n|teamsize|p2|6\n|gen|9\n|tier|[Gen 9] OU\n|rule|Sleep Clause Mod: Limit one foe put to sleep\n|rule|Species Clause: Limit one of each Pok\u00e9mon\n|rule|OHKO Clause: OHKO moves are banned\n|rule|Evasion Items Clause: Evasion items are banned\n|rule|Evasion Moves Clause: Evasion moves are banned\n|rule|Endless Battle Clause: Forcing endless battles is banned\n|rule|HP Percentage Mod: HP is shown in percentages\n|clearpoke\n|poke|p1|Dondozo, F|\n|poke|p1|Hawlucha, F|\n|poke|p1|Zoroark-Hisui, M|\n|poke|p1|Dedenne, F|\n|poke|p1|Sandslash-Alola, F|\n|poke|p1|Muk, M|\n|poke|p2|Pawmot, M|\n|poke|p2|Rotom-Wash|\n|poke|p2|Mightyena, F|\n|poke|p2|Dragonite, F|\n|poke|p2|Ribombee, M|\n|poke|p2|Avalugg, F|\n|teampreview\n|inactive|Battle timer is ON: inactive players will automatically lose when time's up. (requested by Yankiken)\n|\n|t:|1701090001\n|start\n|switch|p1a: Muk|Muk, M|100\/100\n|switch|p2a: Rotom|Rotom-Wash|100\/100\n|turn|1\n|\n|t:|1701090020\n|switch|p2a: Mightyena|Mightyena, F|100\/100\n|-ability|p2a: Mightyena|Intimidate|boost\n|-unboost|p1a: Muk|atk|1\n|move|p1a: Muk|Knock Off|p2a: Mightyena\n|-resisted|p2a: Mightyena\n|-damage|p2a: Mightyena|89\/100\n|-enditem|p2a: Mightyena|Black Glasses|[from] move: Knock Off|[of] p1a: Muk\n|\n|upkeep\n|turn|2\n|\n|t:|1701090041\n|move|p2a: Mightyena|Crunch|p1a: Muk\n|-damage|p1a: Muk|65\/100\n|-unboost|p1a: Muk|def|1\n|move|p1a: Muk|Toxic Spikes|p2a: Mightyena\n|-sidestart|p2: justajynx xoxo|move: Toxic Spikes\n|\n|-heal|p1a: Muk|71\/100|[from] item: Leftovers\n|upkeep\n|turn|3\n|j| Ghoulish champ\n|inactive|justajynx xoxo has 270 seconds left.\n|\n|t:|1701090069\n|move|p1a: Muk|Protect|p1a: Muk\n|-singleturn|p1a: Muk|Protect\n|move|p2a: Mightyena|Crunch|p1a: Muk\n|-activate|p1a: Muk|move: Protect\n|\n|-heal|p1a: Muk|77\/100|[from] item: Leftovers\n|upkeep\n|turn|4\n|inactive|justajynx xoxo has 270 seconds left.\n|\n|t:|1701090081\n|switch|p1a: Sandslash|Sandslash-Alola, F|100\/100\n|move|p2a: Mightyena|Crunch|p1a: Sandslash\n|-damage|p1a: Sandslash|80\/100\n|\n|-heal|p1a: Sandslash|86\/100|[from] item: Leftovers\n|upkeep\n|turn|5\n|inactive|justajynx xoxo has 270 seconds left.\n|\n|t:|1701090098\n|switch|p2a: Rotom|Rotom-Wash|100\/100\n|switch|p1a: Dondozo|Dondozo, F|100\/100\n|\n|upkeep\n|turn|6\n|inactive|justajynx xoxo has 270 seconds left.\n|\n|t:|1701090114\n|switch|p1a: Dedenne|Dedenne, F|100\/100\n|move|p2a: Rotom|Substitute|p2a: Rotom\n|-start|p2a: Rotom|Substitute\n|-damage|p2a: Rotom|76\/100\n|\n|-heal|p2a: Rotom|82\/100|[from] item: Leftovers\n|upkeep\n|turn|7\n|\n|t:|1701090130\n|move|p1a: Dedenne|Thunderbolt|p2a: Rotom\n|-end|p2a: Rotom|Substitute\n|move|p2a: Rotom|Thunderbolt|p1a: Dedenne\n|-resisted|p1a: Dedenne\n|-damage|p1a: Dedenne|69\/100\n|\n|-heal|p2a: Rotom|88\/100|[from] item: Leftovers\n|upkeep\n|turn|8\n|inactive|justajynx xoxo has 270 seconds left.\n|\n|t:|1701090176\n|switch|p2a: Ribombee|Ribombee, M|100\/100\n|-status|p2a: Ribombee|psn\n|move|p1a: Dedenne|Dazzling Gleam|p2a: Ribombee\n|-damage|p2a: Ribombee|39\/100 psn\n|\n|-damage|p2a: Ribombee|27\/100 psn|[from] psn\n|upkeep\n|turn|9\n|\n|t:|1701090183\n|switch|p1a: Sandslash|Sandslash-Alola, F|86\/100\n|move|p2a: Ribombee|Psychic|p1a: Sandslash\n|-resisted|p1a: Sandslash\n|-damage|p1a: Sandslash|69\/100\n|\n|-heal|p1a: Sandslash|75\/100|[from] item: Leftovers\n|-damage|p2a: Ribombee|14\/100 psn|[from] psn\n|upkeep\n|turn|10\n|\n|t:|1701090193\n|switch|p2a: Avalugg|Avalugg, F|100\/100\n|move|p1a: Sandslash|Rapid Spin|p2a: Avalugg\n|-damage|p2a: Avalugg|96\/100\n|-boost|p1a: Sandslash|spe|1\n|\n|-heal|p1a: Sandslash|81\/100|[from] item: Leftovers\n|upkeep\n|turn|11\n|inactive|Yankiken has 270 seconds left.\n|\n|t:|1701090223\n|switch|p1a: Dondozo|Dondozo, F|100\/100\n|move|p2a: Avalugg|Avalanche|p1a: Dondozo\n|-resisted|p1a: Dondozo\n|-damage|p1a: Dondozo|94\/100\n|\n|-heal|p1a: Dondozo|99\/100|[from] item: Leftovers\n|upkeep\n|turn|12\n|\n|t:|1701090231\n|switch|p1a: Hawlucha|Hawlucha, F|100\/100\n|move|p2a: Avalugg|Rapid Spin|p1a: Hawlucha\n|-immune|p1a: Hawlucha\n|\n|upkeep\n|turn|13\n|inactive|justajynx xoxo has 270 seconds left.\n|\n|t:|1701090250\n|switch|p2a: Dragonite|Dragonite, F|100\/100\n|move|p1a: Hawlucha|Trick|p2a: Dragonite\n|-activate|p1a: Hawlucha|move: Trick|[of] p2a: Dragonite\n|-item|p2a: Dragonite|Choice Scarf|[from] move: Trick\n|-item|p1a: Hawlucha|Lum Berry|[from] move: Trick\n|\n|upkeep\n|turn|14\n|inactive|justajynx xoxo has 270 seconds left.\n|\n|t:|1701090278\n|switch|p2a: Rotom|Rotom-Wash|88\/100\n|move|p1a: Hawlucha|Will-O-Wisp|p2a: Rotom\n|-status|p2a: Rotom|brn\n|\n|-heal|p2a: Rotom|94\/100 brn|[from] item: Leftovers\n|-damage|p2a: Rotom|88\/100 brn|[from] brn\n|upkeep\n|turn|15\n|\n|t:|1701090287\n|switch|p1a: Muk|Muk, M|77\/100\n|move|p2a: Rotom|Thunderbolt|p1a: Muk\n|-damage|p1a: Muk|54\/100\n|\n|-heal|p2a: Rotom|94\/100 brn|[from] item: Leftovers\n|-heal|p1a: Muk|60\/100|[from] item: Leftovers\n|-damage|p2a: Rotom|88\/100 brn|[from] brn\n|upkeep\n|turn|16\n|\n|t:|1701090308\n|switch|p2a: Dragonite|Dragonite, F|100\/100\n|move|p1a: Muk|Knock Off|p2a: Dragonite\n|-damage|p2a: Dragonite|87\/100\n|-status|p2a: Dragonite|psn|[from] ability: Poison Touch|[of] p1a: Muk\n|-enditem|p2a: Dragonite|Choice Scarf|[from] move: Knock Off|[of] p1a: Muk\n|\n|-heal|p1a: Muk|66\/100|[from] item: Leftovers\n|-damage|p2a: Dragonite|74\/100 psn|[from] psn\n|upkeep\n|turn|17\n|c|\u2606Yankiken|nice\n|\n|t:|1701090318\n|move|p1a: Muk|Protect|p1a: Muk\n|-singleturn|p1a: Muk|Protect\n|move|p2a: Dragonite|Roost|p2a: Dragonite\n|-heal|p2a: Dragonite|100\/100 psn\n|-singleturn|p2a: Dragonite|move: Roost\n|\n|-heal|p1a: Muk|72\/100|[from] item: Leftovers\n|-damage|p2a: Dragonite|88\/100 psn|[from] psn\n|upkeep\n|turn|18\n|\n|t:|1701090324\n|switch|p1a: Sandslash|Sandslash-Alola, F|81\/100\n|move|p2a: Dragonite|Encore||[still]\n|-fail|p2a: Dragonite\n|\n|-heal|p1a: Sandslash|87\/100|[from] item: Leftovers\n|-damage|p2a: Dragonite|76\/100 psn|[from] psn\n|upkeep\n|turn|19\n|inactive|justajynx xoxo has 270 seconds left.\n|\n|t:|1701090341\n|switch|p2a: Avalugg|Avalugg, F|96\/100\n|switch|p1a: Dondozo|Dondozo, F|99\/100\n|\n|-heal|p1a: Dondozo|100\/100|[from] item: Leftovers\n|upkeep\n|turn|20\n|inactive|justajynx xoxo has 270 seconds left.\n|\n|t:|1701090358\n|move|p1a: Dondozo|Curse|p1a: Dondozo\n|-unboost|p1a: Dondozo|spe|1\n|-boost|p1a: Dondozo|atk|1\n|-boost|p1a: Dondozo|def|1\n|move|p2a: Avalugg|Rapid Spin|p1a: Dondozo\n|-damage|p1a: Dondozo|96\/100\n|-boost|p2a: Avalugg|spe|1\n|-sideend|p2: justajynx xoxo|Toxic Spikes|[from] move: Rapid Spin|[of] p2a: Avalugg\n|\n|-heal|p1a: Dondozo|100\/100|[from] item: Leftovers\n|upkeep\n|turn|21\n|\n|t:|1701090366\n|switch|p2a: Dragonite|Dragonite, F|76\/100 psn\n|move|p1a: Dondozo|Curse|p1a: Dondozo\n|-unboost|p1a: Dondozo|spe|1\n|-boost|p1a: Dondozo|atk|1\n|-boost|p1a: Dondozo|def|1\n|\n|-damage|p2a: Dragonite|63\/100 psn|[from] psn\n|upkeep\n|turn|22\n|\n|t:|1701090373\n|move|p2a: Dragonite|Roost|p2a: Dragonite\n|-heal|p2a: Dragonite|100\/100 psn\n|-singleturn|p2a: Dragonite|move: Roost\n|move|p1a: Dondozo|Liquidation|p2a: Dragonite\n|-resisted|p2a: Dragonite\n|-damage|p2a: Dragonite|83\/100 psn\n|\n|-damage|p2a: Dragonite|71\/100 psn|[from] psn\n|upkeep\n|turn|23\n|\n|t:|1701090393\n|move|p2a: Dragonite|Encore|p1a: Dondozo\n|-start|p1a: Dondozo|Encore\n|move|p1a: Dondozo|Liquidation|p2a: Dragonite\n|-resisted|p2a: Dragonite\n|-damage|p2a: Dragonite|37\/100 psn\n|\n|-damage|p2a: Dragonite|25\/100 psn|[from] psn\n|upkeep\n|turn|24\n|inactive|justajynx xoxo has 270 seconds left.\n|\n|t:|1701090412\n|move|p2a: Dragonite|Roost|p2a: Dragonite\n|-heal|p2a: Dragonite|75\/100 psn\n|-singleturn|p2a: Dragonite|move: Roost\n|move|p1a: Dondozo|Liquidation|p2a: Dragonite\n|-resisted|p2a: Dragonite\n|-damage|p2a: Dragonite|44\/100 psn\n|\n|-damage|p2a: Dragonite|32\/100 psn|[from] psn\n|upkeep\n|turn|25\n|inactive|justajynx xoxo has 270 seconds left.\n|\n|t:|1701090429\n|switch|p2a: Avalugg|Avalugg, F|96\/100\n|move|p1a: Dondozo|Liquidation|p2a: Avalugg\n|-damage|p2a: Avalugg|73\/100\n|\n|-end|p1a: Dondozo|Encore\n|upkeep\n|turn|26\n|inactive|justajynx xoxo has 270 seconds left.\n|\n|t:|1701090439\n|switch|p2a: Ribombee|Ribombee, M|14\/100 psn\n|move|p1a: Dondozo|Curse|p1a: Dondozo\n|-unboost|p1a: Dondozo|spe|1\n|-boost|p1a: Dondozo|atk|1\n|-boost|p1a: Dondozo|def|1\n|\n|-damage|p2a: Ribombee|2\/100 psn|[from] psn\n|upkeep\n|turn|27\n|\n|t:|1701090444\n|switch|p1a: Sandslash|Sandslash-Alola, F|87\/100\n|move|p2a: Ribombee|Switcheroo|p1a: Sandslash\n|-activate|p2a: Ribombee|move: Trick|[of] p1a: Sandslash\n|-item|p1a: Sandslash|Choice Scarf|[from] move: Switcheroo\n|-item|p2a: Ribombee|Leftovers|[from] move: Switcheroo\n|\n|-heal|p2a: Ribombee|8\/100 psn|[from] item: Leftovers\n|-damage|p2a: Ribombee|0 fnt|[from] psn\n|faint|p2a: Ribombee\n|upkeep\n|\n|t:|1701090449\n|switch|p2a: Pawmot|Pawmot, M|100\/100\n|turn|28\n|\n|t:|1701090461\n|switch|p1a: Dedenne|Dedenne, F|69\/100\n|move|p2a: Pawmot|Mach Punch|p1a: Dedenne\n|-resisted|p1a: Dedenne\n|-damage|p1a: Dedenne|48\/100\n|\n|upkeep\n|turn|29\n|\n|t:|1701090471\n|move|p2a: Pawmot|Seed Bomb|p1a: Dedenne\n|-damage|p1a: Dedenne|0 fnt\n|faint|p1a: Dedenne\n|\n|upkeep\n|\n|t:|1701090483\n|switch|p1a: Hawlucha|Hawlucha, F|100\/100\n|turn|30\n|\n|t:|1701090491\n|switch|p2a: Mightyena|Mightyena, F|89\/100\n|-ability|p2a: Mightyena|Intimidate|boost\n|-unboost|p1a: Hawlucha|atk|1\n|move|p1a: Hawlucha|Shadow Ball|p2a: Mightyena\n|-resisted|p2a: Mightyena\n|-damage|p2a: Mightyena|49\/100\n|\n|upkeep\n|turn|31\n|\n|t:|1701090508\n|switch|p1a: Sandslash|Sandslash-Alola, F|87\/100\n|move|p2a: Mightyena|Crunch|p1a: Sandslash\n|-damage|p1a: Sandslash|69\/100\n|-unboost|p1a: Sandslash|def|1\n|\n|upkeep\n|turn|32\n|\n|t:|1701090517\n|switch|p2a: Rotom|Rotom-Wash|88\/100 brn\n|move|p1a: Sandslash|Ice Spinner|p2a: Rotom\n|-resisted|p2a: Rotom\n|-damage|p2a: Rotom|71\/100 brn\n|\n|-heal|p2a: Rotom|77\/100 brn|[from] item: Leftovers\n|-damage|p2a: Rotom|71\/100 brn|[from] brn\n|upkeep\n|turn|33\n|\n|t:|1701090521\n|move|p2a: Rotom|Nasty Plot|p2a: Rotom\n|-boost|p2a: Rotom|spa|2\n|move|p1a: Sandslash|Ice Spinner|p2a: Rotom\n|-resisted|p2a: Rotom\n|-damage|p2a: Rotom|52\/100 brn\n|\n|-heal|p2a: Rotom|58\/100 brn|[from] item: Leftovers\n|-damage|p2a: Rotom|52\/100 brn|[from] brn\n|upkeep\n|turn|34\n|\n|t:|1701090541\n|move|p2a: Rotom|Thunderbolt|p1a: Sandslash\n|-damage|p1a: Sandslash|0 fnt\n|faint|p1a: Sandslash\n|\n|-heal|p2a: Rotom|58\/100 brn|[from] item: Leftovers\n|-damage|p2a: Rotom|52\/100 brn|[from] brn\n|upkeep\n|\n|t:|1701090545\n|switch|p1a: Hawlucha|Hawlucha, F|100\/100\n|turn|35\n|\n|t:|1701090559\n|-terastallize|p2a: Rotom|Ghost\n|move|p1a: Hawlucha|Shadow Ball|p2a: Rotom\n|-supereffective|p2a: Rotom\n|-damage|p2a: Rotom|0 fnt\n|faint|p2a: Rotom\n|\n|upkeep\n|c|\u2606Yankiken|kay\n|inactive|justajynx xoxo has 270 seconds left.\n|\n|t:|1701090598\n|switch|p2a: Mightyena|Mightyena, F|49\/100\n|-ability|p2a: Mightyena|Intimidate|boost\n|-unboost|p1a: Hawlucha|atk|1\n|turn|36\n|inactive|justajynx xoxo has 270 seconds left.\n|\n|t:|1701090609\n|switch|p1a: Dondozo|Dondozo, F|100\/100\n|move|p2a: Mightyena|Sucker Punch||[still]\n|-fail|p2a: Mightyena\n|\n|upkeep\n|turn|37\n|\n|t:|1701090613\n|switch|p2a: Pawmot|Pawmot, M|100\/100\n|move|p1a: Dondozo|Liquidation|p2a: Pawmot\n|-damage|p2a: Pawmot|50\/100\n|\n|-heal|p2a: Pawmot|56\/100|[from] item: Leftovers\n|upkeep\n|turn|38\n|\n|t:|1701090629\n|switch|p1a: Muk|Muk, M|72\/100\n|move|p2a: Pawmot|Double Shock|p1a: Muk\n|-damage|p1a: Muk|7\/100\n|-start|p2a: Pawmot|typechange|???\/Fighting|[from] move: Double Shock\n|\n|-heal|p2a: Pawmot|62\/100|[from] item: Leftovers\n|-heal|p1a: Muk|13\/100|[from] item: Leftovers\n|upkeep\n|turn|39\n|\n|t:|1701090647\n|move|p2a: Pawmot|Seed Bomb|p1a: Muk\n|-resisted|p1a: Muk\n|-damage|p1a: Muk|0 fnt\n|faint|p1a: Muk\n|\n|-heal|p2a: Pawmot|68\/100|[from] item: Leftovers\n|upkeep\n|inactive|Yankiken has 270 seconds left.\n|\n|t:|1701090687\n|switch|p1a: Dondozo|Dondozo, F|100\/100\n|turn|40\n|\n|t:|1701090692\n|switch|p2a: Dragonite|Dragonite, F|32\/100 psn\n|move|p1a: Dondozo|Liquidation|p2a: Dragonite\n|-resisted|p2a: Dragonite\n|-damage|p2a: Dragonite|15\/100 psn\n|\n|-damage|p2a: Dragonite|3\/100 psn|[from] psn\n|upkeep\n|turn|41\n|\n|t:|1701090699\n|switch|p1a: Hawlucha|Hawlucha, F|100\/100\n|move|p2a: Dragonite|Roost|p2a: Dragonite\n|-heal|p2a: Dragonite|53\/100 psn\n|-singleturn|p2a: Dragonite|move: Roost\n|\n|-damage|p2a: Dragonite|41\/100 psn|[from] psn\n|upkeep\n|turn|42\n|inactive|Yankiken has 270 seconds left.\n|\n|t:|1701090709\n|move|p2a: Dragonite|Extreme Speed|p1a: Hawlucha\n|-damage|p1a: Hawlucha|55\/100\n|move|p1a: Hawlucha|Encore|p2a: Dragonite\n|-start|p2a: Dragonite|Encore\n|\n|-damage|p2a: Dragonite|28\/100 psn|[from] psn\n|upkeep\n|turn|43\n|\n|t:|1701090719\n|switch|p1a: Dondozo|Dondozo, F|100\/100\n|move|p2a: Dragonite|Extreme Speed|p1a: Dondozo\n|-immune|p1a: Dondozo\n|\n|-damage|p2a: Dragonite|16\/100 psn|[from] psn\n|upkeep\n|turn|44\n|\n|t:|1701090732\n|move|p2a: Dragonite|Extreme Speed|p1a: Dondozo\n|-immune|p1a: Dondozo\n|move|p1a: Dondozo|Shadow Ball|p2a: Dragonite\n|-damage|p2a: Dragonite|0 fnt\n|faint|p2a: Dragonite\n|\n|upkeep\n|\n|t:|1701090746\n|switch|p2a: Pawmot|Pawmot, M|68\/100\n|turn|45\n|\n|t:|1701090752\n|move|p1a: Dondozo|Shadow Ball|p2a: Pawmot\n|-damage|p2a: Pawmot|0 fnt\n|faint|p2a: Pawmot\n|\n|upkeep\n|c|\u2606justajynx xoxo|ah the odds\n|\n|t:|1701090772\n|switch|p2a: Mightyena|Mightyena, F|49\/100\n|-ability|p2a: Mightyena|Intimidate|boost\n|-unboost|p1a: Dondozo|atk|1\n|turn|46\n|\n|t:|1701090779\n|switch|p1a: Hawlucha|Hawlucha, F|55\/100\n|move|p2a: Mightyena|Crunch|p1a: Hawlucha\n|-resisted|p1a: Hawlucha\n|-damage|p1a: Hawlucha|34\/100\n|\n|upkeep\n|turn|47\n|\n|t:|1701090803\n|move|p2a: Mightyena|Sucker Punch|p1a: Hawlucha\n|-resisted|p1a: Hawlucha\n|-damage|p1a: Hawlucha|15\/100\n|move|p1a: Hawlucha|Drain Punch|p2a: Mightyena\n|-supereffective|p2a: Mightyena\n|-damage|p2a: Mightyena|0 fnt\n|-heal|p1a: Hawlucha|36\/100|[from] drain|[of] p2a: Mightyena\n|faint|p2a: Mightyena\n|\n|upkeep\n|\n|t:|1701090807\n|switch|p2a: Avalugg|Avalugg, F|73\/100\n|turn|48\n|\n|t:|1701090813\n|switch|p1a: Dondozo|Dondozo, F|100\/100\n|move|p2a: Avalugg|Avalanche|p1a: Dondozo\n|-resisted|p1a: Dondozo\n|-damage|p1a: Dondozo|94\/100\n|\n|-heal|p1a: Dondozo|100\/100|[from] item: Leftovers\n|upkeep\n|turn|49\n|-message|justajynx xoxo forfeited.\n|\n|win|Yankiken\n|l|\u2606justajynx xoxo\n|l| Ghoulish champ\n|player|p1|Yankiken|lady-gen4\n","uploadtime":1701090825,"views":25,"p1id":"yankiken","p2id":"justajynxxoxo","formatid":"gen9ou","rating":0,"private":0,"password":""}