{"id":"gen9ou-1995941235","p1":"trentmane6610","p2":"Username momento","format":"[Gen 9] OU","log":"|j|\u2606trentmane6610\n|j|\u2606Username momento\n|t:|1700619967\n|gametype|singles\n|player|p1|trentmane6610|102|1550\n|player|p2|Username momento|ninjaboy|1631\n|teamsize|p1|6\n|teamsize|p2|6\n|gen|9\n|tier|[Gen 9] OU\n|rated|\n|rule|Sleep Clause Mod: Limit one foe put to sleep\n|rule|Species Clause: Limit one of each Pok\u00e9mon\n|rule|OHKO Clause: OHKO moves are banned\n|rule|Evasion Items Clause: Evasion items are banned\n|rule|Evasion Moves Clause: Evasion moves are banned\n|rule|Endless Battle Clause: Forcing endless battles is banned\n|rule|HP Percentage Mod: HP is shown in percentages\n|clearpoke\n|poke|p1|Maushold-Four|\n|poke|p1|Quaquaval, M|\n|poke|p1|Garchomp, M|\n|poke|p1|Ninetales-Alola, F|\n|poke|p1|Tornadus-Therian, M|\n|poke|p1|Gholdengo|\n|poke|p2|Meowscarada, M|\n|poke|p2|Kingambit, F|\n|poke|p2|Zapdos|\n|poke|p2|Zamazenta-*|\n|poke|p2|Great Tusk|\n|poke|p2|Iron Moth|\n|teampreview\n|inactive|Battle timer is ON: inactive players will automatically lose when time's up. (requested by Username momento)\n|\n|t:|1700619983\n|start\n|switch|p1a: Tornadus|Tornadus-Therian, M|100\/100\n|switch|p2a: Meowscarada|Meowscarada, M|100\/100\n|turn|1\n|\n|t:|1700619995\n|move|p1a: Tornadus|Air Slash|p2a: Meowscarada\n|-supereffective|p2a: Meowscarada\n|-damage|p2a: Meowscarada|0 fnt\n|faint|p2a: Meowscarada\n|\n|upkeep\n|\n|t:|1700620001\n|switch|p2a: Zapdos|Zapdos|100\/100\n|turn|2\n|\n|t:|1700620010\n|switch|p1a: Ninetales|Ninetales-Alola, F|100\/100\n|-weather|Snow|[from] ability: Snow Warning|[of] p1a: Ninetales\n|move|p2a: Zapdos|Hurricane|p1a: Ninetales\n|-damage|p1a: Ninetales|53\/100\n|\n|-weather|Snow|[upkeep]\n|-heal|p1a: Ninetales|59\/100|[from] item: Leftovers\n|upkeep\n|turn|3\n|c|\u2606Username momento|Scarf tornadus\n|\n|t:|1700620020\n|move|p1a: Ninetales|Aurora Veil|p1a: Ninetales\n|-sidestart|p1: trentmane6610|move: Aurora Veil\n|move|p2a: Zapdos|Discharge|p1a: Ninetales\n|-damage|p1a: Ninetales|43\/100\n|\n|-weather|Snow|[upkeep]\n|-heal|p1a: Ninetales|48\/100|[from] item: Leftovers\n|upkeep\n|turn|4\n|\n|t:|1700620035\n|switch|p1a: Garchomp|Garchomp, M|100\/100\n|move|p2a: Zapdos|Volt Switch|p1a: Garchomp\n|-immune|p1a: Garchomp\n|\n|-weather|Snow|[upkeep]\n|upkeep\n|turn|5\n|c|\u2606Username momento|That\u2019s a new one on me\n|\n|t:|1700620046\n|switch|p2a: Great Tusk|Great Tusk|100\/100\n|-enditem|p2a: Great Tusk|Booster Energy\n|-activate|p2a: Great Tusk|ability: Protosynthesis|[fromitem]\n|-start|p2a: Great Tusk|protosynthesisatk\n|move|p1a: Garchomp|Swords Dance|p1a: Garchomp\n|-boost|p1a: Garchomp|atk|2\n|\n|-weather|Snow|[upkeep]\n|upkeep\n|turn|6\n|\n|t:|1700620057\n|move|p1a: Garchomp|Scale Shot|p2a: Great Tusk\n|-damage|p2a: Great Tusk|81\/100\n|-damage|p2a: Great Tusk|63\/100\n|-damage|p2a: Great Tusk|46\/100\n|-damage|p2a: Great Tusk|28\/100\n|-damage|p2a: Great Tusk|9\/100\n|-hitcount|p2a: Great Tusk|5\n|-unboost|p1a: Garchomp|def|1\n|-boost|p1a: Garchomp|spe|1\n|move|p2a: Great Tusk|Ice Spinner|p1a: Garchomp\n|-supereffective|p1a: Garchomp\n|-damage|p1a: Garchomp|0 fnt\n|-damage|p2a: Great Tusk|0 fnt|[from] ability: Rough Skin|[of] p1a: Garchomp\n|faint|p1a: Garchomp\n|faint|p2a: Great Tusk\n|-end|p2a: Great Tusk|Protosynthesis|[silent]\n|\n|-weather|none\n|upkeep\n|inactive|trentmane6610 has 120 seconds left.\n|\n|t:|1700620093\n|switch|p1a: Quaquaval|Quaquaval, M|100\/100\n|switch|p2a: Zapdos|Zapdos|100\/100\n|turn|7\n|inactive|trentmane6610 has 120 seconds left.\n|\n|t:|1700620114\n|switch|p1a: Gholdengo|Gholdengo|100\/100\n|move|p2a: Zapdos|Volt Switch|p1a: Gholdengo\n|-damage|p1a: Gholdengo|85\/100\n|\n|t:|1700620119\n|switch|p2a: Iron Moth|Iron Moth|100\/100|[from] Volt Switch\n|-enditem|p2a: Iron Moth|Booster Energy\n|-activate|p2a: Iron Moth|ability: Quark Drive|[fromitem]\n|-start|p2a: Iron Moth|quarkdrivespe\n|\n|-heal|p1a: Gholdengo|91\/100|[from] item: Leftovers\n|-sideend|p1: trentmane6610|move: Aurora Veil\n|upkeep\n|turn|8\n|inactive|trentmane6610 has 120 seconds left.\n|\n|t:|1700620146\n|switch|p1a: Tornadus|Tornadus-Therian, M|100\/100\n|move|p2a: Iron Moth|Fiery Dance|p1a: Tornadus\n|-damage|p1a: Tornadus|53\/100\n|-boost|p2a: Iron Moth|spa|1\n|\n|upkeep\n|turn|9\n|\n|t:|1700620160\n|move|p1a: Tornadus|Air Slash|p2a: Iron Moth\n|-damage|p2a: Iron Moth|64\/100\n|move|p2a: Iron Moth|Fiery Dance|p1a: Tornadus\n|-damage|p1a: Tornadus|0 fnt\n|faint|p1a: Tornadus\n|\n|upkeep\n|\n|t:|1700620175\n|switch|p1a: Quaquaval|Quaquaval, M|100\/100\n|turn|10\n|\n|t:|1700620190\n|-terastallize|p1a: Quaquaval|Water\n|move|p1a: Quaquaval|Aqua Jet|p2a: Iron Moth\n|-supereffective|p2a: Iron Moth\n|-damage|p2a: Iron Moth|0 fnt\n|faint|p2a: Iron Moth\n|-end|p2a: Iron Moth|Quark Drive|[silent]\n|-ability|p1a: Quaquaval|Moxie|boost\n|-boost|p1a: Quaquaval|atk|1\n|\n|upkeep\n|\n|t:|1700620198\n|switch|p2a: Zapdos|Zapdos|100\/100\n|turn|11\n|\n|t:|1700620205\n|switch|p1a: Gholdengo|Gholdengo|91\/100\n|move|p2a: Zapdos|Discharge|p1a: Gholdengo\n|-damage|p1a: Gholdengo|59\/100\n|\n|-heal|p1a: Gholdengo|65\/100|[from] item: Leftovers\n|upkeep\n|turn|12\n|\n|t:|1700620219\n|move|p2a: Zapdos|Discharge|p1a: Gholdengo\n|-damage|p1a: Gholdengo|34\/100\n|-status|p1a: Gholdengo|par\n|move|p1a: Gholdengo|Shadow Ball|p2a: Zapdos\n|-damage|p2a: Zapdos|60\/100\n|-unboost|p2a: Zapdos|spd|1\n|\n|-heal|p2a: Zapdos|66\/100|[from] item: Leftovers\n|-heal|p1a: Gholdengo|40\/100 par|[from] item: Leftovers\n|upkeep\n|turn|13\n|\n|t:|1700620232\n|move|p2a: Zapdos|Volt Switch|p1a: Gholdengo\n|-damage|p1a: Gholdengo|12\/100 par\n|\n|t:|1700620240\n|switch|p2a: Zamazenta|Zamazenta|100\/100|[from] Volt Switch\n|-ability|p2a: Zamazenta|Dauntless Shield|boost\n|-boost|p2a: Zamazenta|def|1\n|move|p1a: Gholdengo|Shadow Ball|p2a: Zamazenta\n|-crit|p2a: Zamazenta\n|-damage|p2a: Zamazenta|42\/100\n|-unboost|p2a: Zamazenta|spd|1\n|\n|-heal|p2a: Zamazenta|48\/100|[from] item: Leftovers\n|-heal|p1a: Gholdengo|18\/100 par|[from] item: Leftovers\n|upkeep\n|turn|14\n|inactive|trentmane6610 has 120 seconds left.\n|\n|t:|1700620262\n|move|p2a: Zamazenta|Crunch|p1a: Gholdengo\n|-supereffective|p1a: Gholdengo\n|-damage|p1a: Gholdengo|0 fnt\n|faint|p1a: Gholdengo\n|\n|-heal|p2a: Zamazenta|54\/100|[from] item: Leftovers\n|upkeep\n|\n|t:|1700620280\n|switch|p1a: Ninetales|Ninetales-Alola, F|48\/100\n|-weather|Snow|[from] ability: Snow Warning|[of] p1a: Ninetales\n|turn|15\n|\n|t:|1700620285\n|move|p2a: Zamazenta|Body Press|p1a: Ninetales\n|-damage|p1a: Ninetales|0 fnt\n|faint|p1a: Ninetales\n|\n|-weather|Snow|[upkeep]\n|-heal|p2a: Zamazenta|60\/100|[from] item: Leftovers\n|upkeep\n|\n|t:|1700620296\n|switch|p1a: Quaquaval|Quaquaval, M, tera:Water|100\/100\n|turn|16\n|\n|t:|1700620302\n|move|p2a: Zamazenta|Body Press|p1a: Quaquaval\n|-damage|p1a: Quaquaval|26\/100\n|move|p1a: Quaquaval|Aqua Step|p2a: Zamazenta\n|-damage|p2a: Zamazenta|29\/100\n|-boost|p1a: Quaquaval|spe|1\n|\n|-weather|Snow|[upkeep]\n|-heal|p2a: Zamazenta|35\/100|[from] item: Leftovers\n|upkeep\n|turn|17\n|\n|t:|1700620312\n|move|p1a: Quaquaval|Aqua Step|p2a: Zamazenta\n|-damage|p2a: Zamazenta|5\/100\n|-boost|p1a: Quaquaval|spe|1\n|move|p2a: Zamazenta|Body Press|p1a: Quaquaval\n|-damage|p1a: Quaquaval|0 fnt\n|faint|p1a: Quaquaval\n|\n|-weather|Snow|[upkeep]\n|-heal|p2a: Zamazenta|11\/100|[from] item: Leftovers\n|upkeep\n|\n|t:|1700620329\n|switch|p1a: Maushold|Maushold-Four|100\/100\n|turn|18\n|\n|t:|1700620336\n|move|p2a: Zamazenta|Body Press|p1a: Maushold\n|-supereffective|p1a: Maushold\n|-damage|p1a: Maushold|0 fnt\n|faint|p1a: Maushold\n|\n|win|Username momento\n|raw|trentmane6610's rating: 1550 &rarr; <strong>1535<\/strong><br \/>(-15 for losing)\n|raw|Username momento's rating: 1631 &rarr; <strong>1646<\/strong><br \/>(+15 for winning)\n","uploadtime":1700620343,"views":6,"p1id":"trentmane6610","p2id":"usernamemomento","formatid":"gen9ou","rating":1535,"private":0,"password":""}